company_name,company_ticker,company_lei,company_cik,year,quarter,start_date,end_date,filing_date,amortizationexpense,basicdilutedeps,basiceps,cashdividendspershare,dilutedeps,extraordinaryincome,incometaxexpense,investmentbankingincome,investmentsecuritiesinterestincome,longtermdebtinterestexpense,marketingexpense,netincome,netincomecontinuing,netincometocommon,netinterestincome,netoccupancyequipmentexpense,netrealizedcapitalgains,otheradjustmentstonetincometocommon,othernoninterestincome,otheroperatingexpenses,otherservicechargeincome,provisionforcreditlosses,restructuringcharge,salariesandemployeebenefitsexpense,servicechargesondepositsincome,totalinterestexpense,totalinterestincome,totalnoninterestexpense,totalnoninterestincome,totalpretaxincome,totalrevenue,trustfeeincome,weightedavebasicdilutedsharesos,weightedavebasicsharesos,weightedavedilutedsharesos
JPMorgan Chase & Co,JPM,8I5DZWZKVSZI1NUHU748,19617,2007.0,FY,2007-01-01,2007-12-31,2010-02-24 06:19:22+00:00,1394000000.0,4.38,4.38,1.48,4.33,0.0,7440000000.0,6635000000.0,71387000000.0,44981000000.0,2070000000.0,15365000000.0,15365000000.0,14927000000.0,26406000000.0,6387000000.0,164000000.0,438000000.0,9015000000.0,8954000000.0,14796000000.0,6864000000.0,209000000.0,22689000000.0,,44981000000.0,71387000000.0,41703000000.0,44966000000.0,22805000000.0,71372000000.0,14356000000.0,3408000000.0,3404000000.0,3445000000.0
JPMorgan Chase & Co,JPM,8I5DZWZKVSZI1NUHU748,19617,2008.0,FY,2008-01-01,2008-12-31,2011-02-28 16:27:50+00:00,1263000000.0,1.35,1.35,1.52,1.35,1906000000.0,-926000000.0,5526000000.0,73018000000.0,34239000000.0,1913000000.0,5605000000.0,3699000000.0,4742000000.0,38779000000.0,7353000000.0,1560000000.0,863000000.0,-10699000000.0,9793000000.0,18143000000.0,20979000000.0,432000000.0,22746000000.0,,34239000000.0,73018000000.0,43500000000.0,28473000000.0,2773000000.0,67252000000.0,13943000000.0,3512600000.0,3501100000.0,3521800000.0
JPMorgan Chase & Co,JPM,8I5DZWZKVSZI1NUHU748,19617,2008.0,Q3,2008-07-01,2008-09-30,2009-11-09 15:36:03+00:00,305000000.0,0.09,0.09,0.38,0.09,581000000.0,-2133000000.0,1316000000.0,17326000000.0,8332000000.0,453000000.0,527000000.0,-54000000.0,318000000.0,8994000000.0,1878000000.0,424000000.0,209000000.0,-2763000000.0,2547000000.0,3281000000.0,5787000000.0,96000000.0,5858000000.0,,8332000000.0,17326000000.0,11137000000.0,5743000000.0,-2187000000.0,14737000000.0,3485000000.0,3533300000.0,3444600000.0,3444600000.0
JPMorgan Chase & Co,JPM,8I5DZWZKVSZI1NUHU748,19617,2008.0,Q2,2008-04-01,2008-06-30,2009-08-10 15:46:09+00:00,316000000.0,0.54,0.54,0.38,0.53,,764000000.0,1612000000.0,16529000000.0,8235000000.0,413000000.0,2003000000.0,2003000000.0,1843000000.0,8294000000.0,1697000000.0,647000000.0,160000000.0,752000000.0,2683000000.0,3466000000.0,3455000000.0,155000000.0,6913000000.0,,8235000000.0,16529000000.0,12177000000.0,10105000000.0,2767000000.0,18399000000.0,3628000000.0,3413000000.0,3426200000.0,3453100000.0
JPMorgan Chase & Co,JPM,8I5DZWZKVSZI1NUHU748,19617,2009.0,FY,2009-01-01,2009-12-31,2012-02-29 10:29:19+00:00,1050000000.0,2.27,2.27,0.2,2.26,76000000.0,4415000000.0,7087000000.0,66350000000.0,15198000000.0,1777000000.0,11728000000.0,11652000000.0,8774000000.0,51152000000.0,8290000000.0,1110000000.0,2954000000.0,9796000000.0,13826000000.0,18749000000.0,32015000000.0,481000000.0,26928000000.0,,15198000000.0,66350000000.0,52352000000.0,49282000000.0,16067000000.0,100434000000.0,12540000000.0,3865200000.0,3862800000.0,3879700000.0
JPMorgan Chase & Co,JPM,8I5DZWZKVSZI1NUHU748,19617,2009.0,Q4,2009-10-01,2009-12-31,,256000000.0,0.77,0.77,0.05,0.76,,598000000.0,1916000000.0,15615000000.0,3237000000.0,536000000.0,3278000000.0,3278000000.0,2943000000.0,12378000000.0,2126000000.0,381000000.0,335000000.0,838000000.0,3944000000.0,4290000000.0,7284000000.0,30000000.0,5112000000.0,,3237000000.0,15615000000.0,12004000000.0,10786000000.0,3876000000.0,23164000000.0,3361000000.0,3865200000.0,3862800000.0,3879700000.0
JPMorgan Chase & Co,JPM,8I5DZWZKVSZI1NUHU748,19617,2009.0,Q3YTD,2009-01-01,2009-09-30,,794000000.0,1.5,1.5,0.15,1.5,76000000.0,3817000000.0,5171000000.0,50735000000.0,11961000000.0,1241000000.0,8450000000.0,8374000000.0,5831000000.0,38774000000.0,6164000000.0,729000000.0,2619000000.0,8958000000.0,9882000000.0,14459000000.0,24731000000.0,451000000.0,21816000000.0,,11961000000.0,50735000000.0,40348000000.0,38496000000.0,12191000000.0,77270000000.0,9179000000.0,3951200000.0,3937900000.0,3962000000.0
JPMorgan Chase & Co,JPM,8I5DZWZKVSZI1NUHU748,19617,2009.0,Q3,2009-07-01,2009-09-30,2010-11-08 19:45:15+00:00,254000000.0,0.82,0.82,0.05,0.82,76000000.0,1551000000.0,1679000000.0,16260000000.0,3523000000.0,440000000.0,3588000000.0,3512000000.0,3240000000.0,12737000000.0,2063000000.0,184000000.0,348000000.0,3860000000.0,3284000000.0,5004000000.0,8104000000.0,103000000.0,7311000000.0,,3523000000.0,16260000000.0,13455000000.0,13885000000.0,5063000000.0,26622000000.0,3158000000.0,3951200000.0,3937900000.0,3962000000.0
JPMorgan Chase & Co,JPM,8I5DZWZKVSZI1NUHU748,19617,2009.0,Q2YTD,2009-01-01,2009-06-30,,540000000.0,0.68,0.68,0.1,0.68,,2266000000.0,3492000000.0,34475000000.0,8438000000.0,801000000.0,4862000000.0,4862000000.0,2591000000.0,26037000000.0,4101000000.0,545000000.0,2271000000.0,5098000000.0,6598000000.0,9455000000.0,16627000000.0,348000000.0,14505000000.0,,8438000000.0,34475000000.0,26893000000.0,24611000000.0,7128000000.0,50648000000.0,6021000000.0,3828600000.0,3811500000.0,3824100000.0
JPMorgan Chase & Co,JPM,8I5DZWZKVSZI1NUHU748,19617,2009.0,Q2,2009-04-01,2009-06-30,2010-08-06 15:39:00+00:00,265000000.0,0.28,0.28,0.05,0.28,,1351000000.0,2106000000.0,16549000000.0,3879000000.0,417000000.0,2721000000.0,2721000000.0,1072000000.0,12670000000.0,2070000000.0,347000000.0,1649000000.0,3097000000.0,3708000000.0,4279000000.0,8031000000.0,143000000.0,6917000000.0,,3879000000.0,16549000000.0,13520000000.0,12953000000.0,4072000000.0,25623000000.0,3124000000.0,3828600000.0,3811500000.0,3824100000.0
JPMorgan Chase & Co,JPM,8I5DZWZKVSZI1NUHU748,19617,2009.0,Q1,2009-01-01,2009-03-31,2010-05-10 16:00:02+00:00,275000000.0,0.4,0.4,0.05,0.4,,915000000.0,1386000000.0,17926000000.0,4559000000.0,384000000.0,2141000000.0,2141000000.0,1519000000.0,13367000000.0,2031000000.0,198000000.0,622000000.0,2001000000.0,2890000000.0,5176000000.0,8596000000.0,205000000.0,7588000000.0,,4559000000.0,17926000000.0,13373000000.0,11658000000.0,3056000000.0,25025000000.0,2897000000.0,3797500000.0,3755700000.0,3758700000.0
JPMorgan Chase & Co,JPM,8I5DZWZKVSZI1NUHU748,19617,2010.0,FY,2010-01-01,2010-12-31,2013-02-28 16:06:59+00:00,936000000.0,3.98,3.98,0.2,3.96,,7489000000.0,6190000000.0,63782000000.0,12781000000.0,2446000000.0,17370000000.0,17370000000.0,15764000000.0,51001000000.0,8365000000.0,2965000000.0,1606000000.0,10894000000.0,21325000000.0,18145000000.0,16639000000.0,,28124000000.0,,12781000000.0,63782000000.0,61196000000.0,51693000000.0,24859000000.0,102694000000.0,13499000000.0,3960800000.0,3956300000.0,3976900000.0
JPMorgan Chase & Co,JPM,8I5DZWZKVSZI1NUHU748,19617,2010.0,Q4,2010-10-01,2010-12-31,,240000000.0,1.11,1.11,0.05,1.12,,2181000000.0,1832000000.0,15612000000.0,3510000000.0,584000000.0,4831000000.0,4831000000.0,4408000000.0,12102000000.0,2243000000.0,1253000000.0,423000000.0,1915000000.0,6405000000.0,5299000000.0,3043000000.0,,6571000000.0,,3510000000.0,15612000000.0,16043000000.0,13996000000.0,7012000000.0,26098000000.0,3697000000.0,3960800000.0,3956300000.0,3976900000.0
JPMorgan Chase & Co,JPM,8I5DZWZKVSZI1NUHU748,19617,2010.0,Q3YTD,2010-01-01,2010-09-30,,696000000.0,2.87,2.87,0.15,2.84,,5308000000.0,4358000000.0,48170000000.0,9271000000.0,1862000000.0,12539000000.0,12539000000.0,11356000000.0,38899000000.0,6122000000.0,1712000000.0,1183000000.0,8979000000.0,14920000000.0,12846000000.0,13596000000.0,,21553000000.0,,9271000000.0,48170000000.0,45153000000.0,37697000000.0,17847000000.0,76596000000.0,9802000000.0,3940200000.0,3954300000.0,3971900000.0
JPMorgan Chase & Co,JPM,8I5DZWZKVSZI1NUHU748,19617,2010.0,Q3TTM,2009-10-01,2010-09-30,,952000000.0,3.64,3.64,0.2,3.6,,5906000000.0,6274000000.0,63785000000.0,12508000000.0,2398000000.0,15817000000.0,15817000000.0,14299000000.0,51277000000.0,8248000000.0,2093000000.0,1518000000.0,9817000000.0,18864000000.0,17136000000.0,20880000000.0,30000000.0,26665000000.0,,12508000000.0,63785000000.0,57157000000.0,48483000000.0,21723000000.0,99760000000.0,13163000000.0,3940200000.0,3954300000.0,3971900000.0
JPMorgan Chase & Co,JPM,8I5DZWZKVSZI1NUHU748,19617,2010.0,Q3,2010-07-01,2010-09-30,2011-11-04 15:18:09+00:00,218000000.0,1.02,1.02,0.05,1.01,,1785000000.0,1476000000.0,15606000000.0,3104000000.0,651000000.0,4418000000.0,4418000000.0,4019000000.0,12502000000.0,2068000000.0,102000000.0,399000000.0,2341000000.0,4800000000.0,4215000000.0,3223000000.0,,6661000000.0,,3104000000.0,15606000000.0,14398000000.0,11322000000.0,6203000000.0,23824000000.0,3188000000.0,3940200000.0,3954300000.0,3971900000.0
JPMorgan Chase & Co,JPM,8I5DZWZKVSZI1NUHU748,19617,2010.0,Q2YTD,2010-01-01,2010-06-30,,478000000.0,1.85,1.85,0.1,1.83,,3523000000.0,2882000000.0,32564000000.0,6167000000.0,1211000000.0,8121000000.0,8121000000.0,7337000000.0,26397000000.0,4054000000.0,1610000000.0,784000000.0,6638000000.0,10120000000.0,8631000000.0,10373000000.0,,14892000000.0,,6167000000.0,32564000000.0,30755000000.0,26375000000.0,11644000000.0,52772000000.0,6614000000.0,3966400000.0,3983500000.0,4005600000.0
JPMorgan Chase & Co,JPM,8I5DZWZKVSZI1NUHU748,19617,2010.0,Q2TTM,2009-07-01,2010-06-30,,988000000.0,3.44,3.44,0.2,3.41,76000000.0,5672000000.0,6477000000.0,64439000000.0,12927000000.0,2187000000.0,14987000000.0,14911000000.0,13520000000.0,51512000000.0,8243000000.0,2175000000.0,1467000000.0,11336000000.0,17348000000.0,17925000000.0,25761000000.0,133000000.0,27315000000.0,,12927000000.0,64439000000.0,56214000000.0,51046000000.0,20583000000.0,102558000000.0,13133000000.0,3966400000.0,3983500000.0,4005600000.0
JPMorgan Chase & Co,JPM,8I5DZWZKVSZI1NUHU748,19617,2010.0,Q2,2010-04-01,2010-06-30,2011-08-05 14:30:36+00:00,235000000.0,1.1,1.1,0.05,1.09,,2312000000.0,1421000000.0,15719000000.0,3032000000.0,628000000.0,4795000000.0,4795000000.0,4363000000.0,12687000000.0,2048000000.0,1000000000.0,432000000.0,2090000000.0,4104000000.0,4554000000.0,3363000000.0,,7616000000.0,,3032000000.0,15719000000.0,14631000000.0,12414000000.0,7107000000.0,25101000000.0,3349000000.0,3966400000.0,3983500000.0,4005600000.0
JPMorgan Chase & Co,JPM,8I5DZWZKVSZI1NUHU748,19617,2010.0,Q1TTM,2009-04-01,2010-03-31,,1018000000.0,2.62,2.62,0.2,2.6,76000000.0,4711000000.0,7162000000.0,65269000000.0,13774000000.0,1976000000.0,12913000000.0,12837000000.0,10229000000.0,51495000000.0,8265000000.0,1522000000.0,2684000000.0,12343000000.0,16952000000.0,17650000000.0,30429000000.0,276000000.0,26616000000.0,,13774000000.0,65269000000.0,55103000000.0,51585000000.0,17548000000.0,103080000000.0,12908000000.0,3965300000.0,3970500000.0,3994700000.0
JPMorgan Chase & Co,JPM,8I5DZWZKVSZI1NUHU748,19617,2010.0,Q1,2010-01-01,2010-03-31,2011-05-05 21:27:44+00:00,243000000.0,0.75,0.75,0.05,0.74,,1211000000.0,1461000000.0,16845000000.0,3135000000.0,583000000.0,3326000000.0,3326000000.0,2974000000.0,13710000000.0,2006000000.0,610000000.0,352000000.0,4548000000.0,6016000000.0,4077000000.0,7010000000.0,,7276000000.0,,3135000000.0,16845000000.0,16124000000.0,13961000000.0,4537000000.0,27671000000.0,3265000000.0,3965300000.0,3970500000.0,3994700000.0
JPMorgan Chase & Co,JPM,8I5DZWZKVSZI1NUHU748,19617,2011.0,FY,2011-01-01,2011-12-31,2014-02-19 20:02:20+00:00,848000000.0,4.5,4.5,1.0,4.48,,7773000000.0,5911000000.0,61293000000.0,13604000000.0,3143000000.0,18976000000.0,18976000000.0,17568000000.0,47689000000.0,8842000000.0,1593000000.0,1408000000.0,10005000000.0,21041000000.0,17942000000.0,7574000000.0,,29037000000.0,,13604000000.0,61293000000.0,62911000000.0,49545000000.0,26749000000.0,97234000000.0,14094000000.0,3904000000.0,3900400000.0,3920300000.0
JPMorgan Chase & Co,JPM,8I5DZWZKVSZI1NUHU748,19617,2011.0,Q4,2011-10-01,2011-12-31,,207000000.0,0.91,0.91,0.25,0.91,,1019000000.0,1133000000.0,15054000000.0,2923000000.0,814000000.0,3728000000.0,3728000000.0,3429000000.0,12131000000.0,2329000000.0,47000000.0,299000000.0,750000000.0,4893000000.0,4073000000.0,2184000000.0,,6297000000.0,,2923000000.0,15054000000.0,14540000000.0,9340000000.0,4747000000.0,21471000000.0,3337000000.0,3904000000.0,3900400000.0,3920300000.0
JPMorgan Chase & Co,JPM,8I5DZWZKVSZI1NUHU748,19617,2011.0,Q3YTD,2011-01-01,2011-09-30,,641000000.0,3.59,3.59,0.75,3.57,,6754000000.0,4778000000.0,46239000000.0,10681000000.0,2329000000.0,15248000000.0,15248000000.0,14139000000.0,35558000000.0,6513000000.0,1546000000.0,1109000000.0,9255000000.0,16148000000.0,13869000000.0,5390000000.0,,22740000000.0,,10681000000.0,46239000000.0,48371000000.0,40205000000.0,22002000000.0,75763000000.0,10757000000.0,3858800000.0,3859600000.0,3872200000.0
JPMorgan Chase & Co,JPM,8I5DZWZKVSZI1NUHU748,19617,2011.0,Q3TTM,2010-10-01,2011-09-30,,881000000.0,4.7,4.7,0.8,4.69,,8935000000.0,6610000000.0,61851000000.0,14191000000.0,2913000000.0,20079000000.0,20079000000.0,18547000000.0,47660000000.0,8756000000.0,2799000000.0,1532000000.0,11170000000.0,22553000000.0,19168000000.0,8433000000.0,,29311000000.0,,14191000000.0,61851000000.0,64414000000.0,54201000000.0,29014000000.0,101861000000.0,14454000000.0,3858800000.0,3859600000.0,3872200000.0
JPMorgan Chase & Co,JPM,8I5DZWZKVSZI1NUHU748,19617,2011.0,Q3,2011-07-01,2011-09-30,2012-11-08 07:14:44+00:00,212000000.0,1.02,1.02,0.25,1.02,,1556000000.0,1052000000.0,15160000000.0,3343000000.0,926000000.0,4262000000.0,4262000000.0,3936000000.0,11817000000.0,2183000000.0,607000000.0,326000000.0,1370000000.0,5305000000.0,5469000000.0,2411000000.0,,6908000000.0,,3343000000.0,15160000000.0,15534000000.0,11946000000.0,5818000000.0,23763000000.0,3448000000.0,3858800000.0,3859600000.0,3872200000.0
JPMorgan Chase & Co,JPM,8I5DZWZKVSZI1NUHU748,19617,2011.0,Q2YTD,2011-01-01,2011-06-30,,429000000.0,2.57,2.57,0.5,2.55,,5198000000.0,3726000000.0,31079000000.0,7338000000.0,1403000000.0,10986000000.0,10986000000.0,10203000000.0,23741000000.0,4330000000.0,939000000.0,783000000.0,7885000000.0,10843000000.0,8400000000.0,2979000000.0,,15832000000.0,,7338000000.0,31079000000.0,32837000000.0,28259000000.0,16184000000.0,52000000000.0,7309000000.0,3958600000.0,3958400000.0,3983200000.0
JPMorgan Chase & Co,JPM,8I5DZWZKVSZI1NUHU748,19617,2011.0,Q2TTM,2010-07-01,2011-06-30,,887000000.0,4.7,4.7,0.6,4.68,,9164000000.0,7034000000.0,62297000000.0,13952000000.0,2638000000.0,20235000000.0,20235000000.0,18630000000.0,48345000000.0,8641000000.0,2294000000.0,1605000000.0,12141000000.0,22048000000.0,17914000000.0,9245000000.0,,29064000000.0,,13952000000.0,62297000000.0,63278000000.0,53577000000.0,29399000000.0,101922000000.0,14194000000.0,3958600000.0,3958400000.0,3983200000.0
JPMorgan Chase & Co,JPM,8I5DZWZKVSZI1NUHU748,19617,2011.0,Q2,2011-04-01,2011-06-30,2012-08-09 08:17:55+00:00,212000000.0,1.28,1.28,0.25,1.27,,2696000000.0,1933000000.0,15632000000.0,3796000000.0,744000000.0,5431000000.0,5431000000.0,5067000000.0,11836000000.0,2152000000.0,837000000.0,364000000.0,3140000000.0,6165000000.0,5330000000.0,1810000000.0,,7569000000.0,,3796000000.0,15632000000.0,16842000000.0,14943000000.0,8127000000.0,26779000000.0,3703000000.0,3958600000.0,3958400000.0,3983200000.0
JPMorgan Chase & Co,JPM,8I5DZWZKVSZI1NUHU748,19617,2011.0,Q1TTM,2010-04-01,2011-03-31,,910000000.0,4.52,4.52,0.4,4.5,,8780000000.0,6522000000.0,62384000000.0,13188000000.0,2522000000.0,19599000000.0,19599000000.0,17926000000.0,49196000000.0,8537000000.0,2457000000.0,1673000000.0,11091000000.0,19987000000.0,17138000000.0,10798000000.0,,29111000000.0,,13188000000.0,62384000000.0,61067000000.0,51048000000.0,28379000000.0,100244000000.0,13840000000.0,3981400000.0,3981600000.0,4014100000.0
JPMorgan Chase & Co,JPM,8I5DZWZKVSZI1NUHU748,19617,2011.0,Q1,2011-01-01,2011-03-31,2012-08-09 07:44:21+00:00,217000000.0,1.29,1.29,0.25,1.28,,2502000000.0,1793000000.0,15447000000.0,3542000000.0,659000000.0,5555000000.0,5555000000.0,5136000000.0,11905000000.0,2178000000.0,102000000.0,419000000.0,4745000000.0,4678000000.0,3070000000.0,1169000000.0,,8263000000.0,,3542000000.0,15447000000.0,15995000000.0,13316000000.0,8057000000.0,25221000000.0,3606000000.0,3981400000.0,3981600000.0,4014100000.0
JPMorgan Chase & Co,JPM,8I5DZWZKVSZI1NUHU748,19617,2012.0,Q4,2012-10-01,2012-12-31,,-566000000.0,1.39,1.39,0.3,1.4,,1258000000.0,1727000000.0,13524000000.0,2402000000.0,648000000.0,5692000000.0,5692000000.0,5320000000.0,11122000000.0,2270000000.0,102000000.0,372000000.0,1194000000.0,6653000000.0,5829000000.0,656000000.0,,7042000000.0,,2402000000.0,13524000000.0,16047000000.0,12531000000.0,6950000000.0,23653000000.0,3679000000.0,3807900000.0,3809400000.0,3822200000.0
JPMorgan Chase & Co,JPM,8I5DZWZKVSZI1NUHU748,19617,2012.0,FY,2012-01-01,2012-12-31,2015-02-24 16:04:18+00:00,,5.22,5.22,1.2,5.2,,7633000000.0,5808000000.0,55953000000.0,11043000000.0,2577000000.0,21284000000.0,21284000000.0,19877000000.0,44910000000.0,9149000000.0,2110000000.0,1407000000.0,5536000000.0,22418000000.0,24799000000.0,3385000000.0,,30585000000.0,,11043000000.0,55953000000.0,64729000000.0,52121000000.0,28917000000.0,97031000000.0,13868000000.0,3807900000.0,3809400000.0,3822200000.0
JPMorgan Chase & Co,JPM,8I5DZWZKVSZI1NUHU748,19617,2012.0,Q3YTD,2012-01-01,2012-09-30,,566000000.0,3.83,3.83,0.9,3.8,,6375000000.0,4081000000.0,42429000000.0,8641000000.0,1929000000.0,15592000000.0,15592000000.0,14557000000.0,33788000000.0,6879000000.0,2008000000.0,1035000000.0,4342000000.0,15765000000.0,18970000000.0,2729000000.0,,23543000000.0,,8641000000.0,42429000000.0,48682000000.0,39590000000.0,21967000000.0,73378000000.0,10189000000.0,3791500000.0,3803300000.0,3813900000.0
JPMorgan Chase & Co,JPM,8I5DZWZKVSZI1NUHU748,19617,2012.0,Q3TTM,2011-10-01,2012-09-30,,773000000.0,4.74,4.74,1.15,4.71,,7394000000.0,5214000000.0,57483000000.0,11564000000.0,2743000000.0,19320000000.0,19320000000.0,17986000000.0,45919000000.0,9208000000.0,2055000000.0,1334000000.0,5092000000.0,20658000000.0,23043000000.0,4913000000.0,,29840000000.0,,11564000000.0,57483000000.0,63222000000.0,48930000000.0,26714000000.0,94849000000.0,13526000000.0,3791500000.0,3803300000.0,3813900000.0
JPMorgan Chase & Co,JPM,8I5DZWZKVSZI1NUHU748,19617,2012.0,Q3,2012-07-01,2012-09-30,2013-11-01 07:09:50+00:00,182000000.0,1.41,1.41,0.3,1.4,,2278000000.0,1443000000.0,13629000000.0,2653000000.0,607000000.0,5708000000.0,5708000000.0,5346000000.0,10976000000.0,2285000000.0,458000000.0,362000000.0,2047000000.0,4794000000.0,6886000000.0,1789000000.0,,7503000000.0,,2653000000.0,13629000000.0,15371000000.0,14170000000.0,7986000000.0,25146000000.0,3336000000.0,3791500000.0,3803300000.0,3813900000.0
JPMorgan Chase & Co,JPM,8I5DZWZKVSZI1NUHU748,19617,2012.0,Q2YTD,2012-01-01,2012-06-30,,384000000.0,2.42,2.42,0.6,2.4,,4097000000.0,2638000000.0,28800000000.0,5988000000.0,1322000000.0,9884000000.0,9884000000.0,9211000000.0,22812000000.0,4594000000.0,1550000000.0,673000000.0,2295000000.0,10971000000.0,12084000000.0,940000000.0,,16040000000.0,,5988000000.0,28800000000.0,33311000000.0,25420000000.0,13981000000.0,48232000000.0,6853000000.0,3798400000.0,3808900000.0,3820500000.0
JPMorgan Chase & Co,JPM,8I5DZWZKVSZI1NUHU748,19617,2012.0,Q2TTM,2011-07-01,2012-06-30,,803000000.0,4.35,4.35,1.1,4.33,,6672000000.0,4823000000.0,59014000000.0,12254000000.0,3062000000.0,17874000000.0,17874000000.0,16576000000.0,46760000000.0,9106000000.0,2204000000.0,1298000000.0,4415000000.0,21169000000.0,21626000000.0,5535000000.0,,29245000000.0,,12254000000.0,59014000000.0,63385000000.0,46706000000.0,24546000000.0,93466000000.0,13638000000.0,3798400000.0,3808900000.0,3820500000.0
JPMorgan Chase & Co,JPM,8I5DZWZKVSZI1NUHU748,19617,2012.0,Q2,2012-04-01,2012-06-30,2013-08-07 16:25:03+00:00,191000000.0,1.22,1.22,0.3,1.21,,2040000000.0,1257000000.0,14099000000.0,2953000000.0,642000000.0,4960000000.0,4960000000.0,4634000000.0,11146000000.0,2362000000.0,1014000000.0,326000000.0,-427000000.0,4344000000.0,5729000000.0,214000000.0,,7427000000.0,,2953000000.0,14099000000.0,14966000000.0,11034000000.0,7000000000.0,22180000000.0,3461000000.0,3798400000.0,3808900000.0,3820500000.0
JPMorgan Chase & Co,JPM,8I5DZWZKVSZI1NUHU748,19617,2012.0,Q1TTM,2011-04-01,2012-03-31,,824000000.0,4.41,4.41,1.05,4.39,,7328000000.0,5499000000.0,60547000000.0,13097000000.0,3164000000.0,18345000000.0,18345000000.0,17009000000.0,47450000000.0,8896000000.0,2027000000.0,1336000000.0,7982000000.0,22990000000.0,21227000000.0,7131000000.0,,29387000000.0,,13097000000.0,60547000000.0,65261000000.0,50615000000.0,25673000000.0,98065000000.0,13880000000.0,3814200000.0,3818800000.0,3833400000.0
JPMorgan Chase & Co,JPM,8I5DZWZKVSZI1NUHU748,19617,2012.0,Q1,2012-01-01,2012-03-31,2013-05-08 16:09:43+00:00,193000000.0,1.2,1.2,0.3,1.19,,2057000000.0,1381000000.0,14701000000.0,3035000000.0,680000000.0,4924000000.0,4924000000.0,4577000000.0,11666000000.0,2232000000.0,536000000.0,347000000.0,2722000000.0,6627000000.0,6355000000.0,726000000.0,,8613000000.0,,3035000000.0,14701000000.0,18345000000.0,14386000000.0,6981000000.0,26052000000.0,3392000000.0,3814200000.0,3818800000.0,3833400000.0
JPMorgan Chase & Co,JPM,8I5DZWZKVSZI1NUHU748,19617,2013.0,FY,2013-01-01,2013-12-31,2016-02-23 16:17:46+00:00,,4.38,4.38,1.44,4.34,,8789000000.0,6354000000.0,52669000000.0,9350000000.0,2500000000.0,17886000000.0,17886000000.0,16557000000.0,43319000000.0,9118000000.0,667000000.0,1329000000.0,10141000000.0,28039000000.0,21780000000.0,225000000.0,,30810000000.0,,9350000000.0,52669000000.0,70467000000.0,54048000000.0,26675000000.0,97367000000.0,15106000000.0,3780100000.0,3782400000.0,3814900000.0
JPMorgan Chase & Co,JPM,8I5DZWZKVSZI1NUHU748,19617,2013.0,Q4,2013-10-01,2013-12-31,,-444000000.0,1.33,1.33,1.14,1.32,,3020000000.0,1685000000.0,13166000000.0,2259000000.0,745000000.0,5241000000.0,5241000000.0,4705000000.0,10907000000.0,2317000000.0,8000000.0,536000000.0,-42000000.0,5882000000.0,7384000000.0,104000000.0,,7052000000.0,,2259000000.0,13166000000.0,15552000000.0,13010000000.0,8261000000.0,23917000000.0,3975000000.0,3780100000.0,3782400000.0,3814900000.0
JPMorgan Chase & Co,JPM,8I5DZWZKVSZI1NUHU748,19617,2013.0,Q3YTD,2013-01-01,2013-09-30,,444000000.0,3.05,3.05,0.3,3.02,,5769000000.0,4669000000.0,39503000000.0,7091000000.0,1755000000.0,12645000000.0,12645000000.0,11852000000.0,32412000000.0,6801000000.0,659000000.0,793000000.0,10183000000.0,22157000000.0,14396000000.0,121000000.0,,23758000000.0,,7091000000.0,39503000000.0,54915000000.0,41038000000.0,18414000000.0,73450000000.0,11131000000.0,2235300000.0,3767000000.0,3767000000.0
JPMorgan Chase & Co,JPM,8I5DZWZKVSZI1NUHU748,19617,2013.0,Q3TTM,2012-10-01,2013-09-30,,-122000000.0,4.44,4.44,0.6,4.42,,7027000000.0,6396000000.0,53027000000.0,9493000000.0,2403000000.0,18337000000.0,18337000000.0,17172000000.0,43534000000.0,9071000000.0,761000000.0,1165000000.0,11377000000.0,28810000000.0,20225000000.0,777000000.0,,30800000000.0,,9493000000.0,53027000000.0,70962000000.0,53569000000.0,25364000000.0,97103000000.0,14810000000.0,2235300000.0,3767000000.0,3767000000.0
JPMorgan Chase & Co,JPM,8I5DZWZKVSZI1NUHU748,19617,2013.0,Q3,2013-07-01,2013-09-30,2014-11-03 17:23:42+00:00,140000000.0,-0.17,-0.17,-0.38,-0.17,,414000000.0,1507000000.0,13066000000.0,2291000000.0,588000000.0,-380000000.0,-380000000.0,-380000000.0,10775000000.0,2303000000.0,26000000.0,,2662000000.0,13270000000.0,4480000000.0,-543000000.0,,7325000000.0,,2291000000.0,13066000000.0,23626000000.0,12342000000.0,34000000.0,23117000000.0,3667000000.0,2235300000.0,3767000000.0,3767000000.0
JPMorgan Chase & Co,JPM,8I5DZWZKVSZI1NUHU748,19617,2013.0,Q2YTD,2013-01-01,2013-06-30,,304000000.0,3.22,3.22,0.68,3.19,,5355000000.0,3162000000.0,26437000000.0,4800000000.0,1167000000.0,13025000000.0,13025000000.0,12232000000.0,21637000000.0,4498000000.0,633000000.0,793000000.0,7521000000.0,8887000000.0,9916000000.0,664000000.0,,16433000000.0,,4800000000.0,26437000000.0,31289000000.0,28696000000.0,18380000000.0,50333000000.0,7464000000.0,3789400000.0,3782400000.0,3814300000.0
JPMorgan Chase & Co,JPM,8I5DZWZKVSZI1NUHU748,19617,2013.0,Q2TTM,2012-07-01,2013-06-30,,-80000000.0,6.02,6.02,1.28,5.99,,8891000000.0,6332000000.0,53590000000.0,9855000000.0,2422000000.0,24425000000.0,24425000000.0,22898000000.0,43735000000.0,9053000000.0,1193000000.0,1527000000.0,10762000000.0,20334000000.0,22631000000.0,3109000000.0,,30978000000.0,,9855000000.0,53590000000.0,62707000000.0,55397000000.0,33316000000.0,99132000000.0,14479000000.0,3789400000.0,3782400000.0,3814300000.0
JPMorgan Chase & Co,JPM,8I5DZWZKVSZI1NUHU748,19617,2013.0,Q2,2013-04-01,2013-06-30,2014-08-04 16:27:32+00:00,152000000.0,1.61,1.61,0.38,1.6,,2802000000.0,1717000000.0,13072000000.0,2368000000.0,578000000.0,6496000000.0,6496000000.0,6101000000.0,10704000000.0,2265000000.0,124000000.0,395000000.0,3760000000.0,4852000000.0,5041000000.0,47000000.0,,8019000000.0,,2368000000.0,13072000000.0,15866000000.0,14507000000.0,9298000000.0,25211000000.0,3865000000.0,3789400000.0,3782400000.0,3814300000.0
JPMorgan Chase & Co,JPM,8I5DZWZKVSZI1NUHU748,19617,2013.0,Q1TTM,2012-04-01,2013-03-31,,-41000000.0,5.63,5.63,1.2,5.6,,8129000000.0,5872000000.0,54617000000.0,10440000000.0,2486000000.0,22889000000.0,22889000000.0,21431000000.0,44177000000.0,9150000000.0,2083000000.0,1458000000.0,6575000000.0,19826000000.0,23319000000.0,3276000000.0,,30386000000.0,,10440000000.0,54617000000.0,61807000000.0,51924000000.0,31018000000.0,96101000000.0,14075000000.0,3808100000.0,3818200000.0,3847000000.0
JPMorgan Chase & Co,JPM,8I5DZWZKVSZI1NUHU748,19617,2013.0,Q1,2013-01-01,2013-03-31,2014-05-02 16:02:43+00:00,152000000.0,1.61,1.61,0.3,1.59,,2553000000.0,1445000000.0,13365000000.0,2432000000.0,589000000.0,6529000000.0,6529000000.0,6131000000.0,10933000000.0,2233000000.0,509000000.0,398000000.0,3761000000.0,4035000000.0,4875000000.0,617000000.0,,8414000000.0,,2432000000.0,13365000000.0,15423000000.0,14189000000.0,9082000000.0,25122000000.0,3599000000.0,3808100000.0,3818200000.0,3847000000.0
JPMorgan Chase & Co,JPM,8I5DZWZKVSZI1NUHU748,19617,2014.0,FY,2014-01-01,2014-12-31,2017-02-28 16:23:41+00:00,,5.33,5.33,1.58,5.29,,8954000000.0,6542000000.0,51531000000.0,7897000000.0,2550000000.0,21745000000.0,21745000000.0,20077000000.0,43634000000.0,9713000000.0,77000000.0,1668000000.0,10531000000.0,18851000000.0,18397000000.0,3139000000.0,,30160000000.0,,7897000000.0,51531000000.0,61274000000.0,51478000000.0,30699000000.0,95112000000.0,15931000000.0,3766800000.0,3763500000.0,3797500000.0
JPMorgan Chase & Co,JPM,8I5DZWZKVSZI1NUHU748,19617,2014.0,Q4,2014-10-01,2014-12-31,,,1.2,1.2,0.4,1.2,,1570000000.0,1833000000.0,12951000000.0,1889000000.0,726000000.0,4931000000.0,4931000000.0,4488000000.0,11062000000.0,2501000000.0,29000000.0,443000000.0,1335000000.0,5322000000.0,4381000000.0,840000000.0,,6860000000.0,,1889000000.0,12951000000.0,15409000000.0,11688000000.0,6501000000.0,22750000000.0,4110000000.0,3766800000.0,3763500000.0,3797500000.0
JPMorgan Chase & Co,JPM,8I5DZWZKVSZI1NUHU748,19617,2014.0,Q3YTD,2014-01-01,2014-09-30,,,4.13,4.13,1.18,4.09,,7384000000.0,4709000000.0,38580000000.0,6008000000.0,1824000000.0,16814000000.0,16814000000.0,15589000000.0,32572000000.0,7212000000.0,48000000.0,1225000000.0,9196000000.0,13529000000.0,14016000000.0,2299000000.0,,23300000000.0,,6008000000.0,38580000000.0,45865000000.0,39790000000.0,24198000000.0,72362000000.0,11821000000.0,3743100000.0,3755400000.0,3788700000.0
JPMorgan Chase & Co,JPM,8I5DZWZKVSZI1NUHU748,19617,2014.0,Q3TTM,2013-10-01,2014-09-30,,-444000000.0,5.46,5.46,2.32,5.41,,10404000000.0,6394000000.0,51746000000.0,8267000000.0,2569000000.0,22055000000.0,22055000000.0,20294000000.0,43479000000.0,9529000000.0,56000000.0,1761000000.0,9154000000.0,19411000000.0,21400000000.0,2403000000.0,,30352000000.0,,8267000000.0,51746000000.0,61417000000.0,52800000000.0,32459000000.0,96279000000.0,15796000000.0,3743100000.0,3755400000.0,3788700000.0
JPMorgan Chase & Co,JPM,8I5DZWZKVSZI1NUHU748,19617,2014.0,Q3,2014-07-01,2014-09-30,2015-11-02 16:21:11+00:00,,1.37,1.37,0.4,1.35,,2349000000.0,1538000000.0,12926000000.0,1819000000.0,610000000.0,5565000000.0,5565000000.0,5128000000.0,11107000000.0,2443000000.0,6000000.0,437000000.0,2966000000.0,4914000000.0,4874000000.0,757000000.0,,7831000000.0,,1819000000.0,12926000000.0,15798000000.0,13362000000.0,7914000000.0,24469000000.0,3978000000.0,3743100000.0,3755400000.0,3788700000.0
JPMorgan Chase & Co,JPM,8I5DZWZKVSZI1NUHU748,19617,2014.0,Q2YTD,2014-01-01,2014-06-30,,,2.76,2.76,0.78,2.74,,5035000000.0,3171000000.0,25654000000.0,4189000000.0,1214000000.0,11249000000.0,11249000000.0,10461000000.0,21465000000.0,4769000000.0,42000000.0,788000000.0,6230000000.0,8615000000.0,9142000000.0,1542000000.0,,15469000000.0,,4189000000.0,25654000000.0,30067000000.0,26428000000.0,16284000000.0,47893000000.0,7843000000.0,3787800000.0,3780600000.0,3812500000.0
JPMorgan Chase & Co,JPM,8I5DZWZKVSZI1NUHU748,19617,2014.0,Q2TTM,2013-07-01,2014-06-30,,-304000000.0,3.92,3.92,1.54,3.89,,8469000000.0,6363000000.0,51886000000.0,8739000000.0,2547000000.0,16110000000.0,16110000000.0,14786000000.0,43147000000.0,9389000000.0,76000000.0,1324000000.0,8850000000.0,27767000000.0,21006000000.0,1103000000.0,,29846000000.0,,8739000000.0,51886000000.0,69245000000.0,51780000000.0,24579000000.0,94927000000.0,15485000000.0,3787800000.0,3780600000.0,3812500000.0
JPMorgan Chase & Co,JPM,8I5DZWZKVSZI1NUHU748,19617,2014.0,Q2,2014-04-01,2014-06-30,2015-08-03 16:03:18+00:00,,1.47,1.47,0.4,1.46,,2575000000.0,1751000000.0,12861000000.0,2063000000.0,650000000.0,5980000000.0,5980000000.0,5568000000.0,10798000000.0,2406000000.0,12000000.0,412000000.0,2908000000.0,4765000000.0,5202000000.0,692000000.0,,7610000000.0,,2063000000.0,12861000000.0,15431000000.0,13880000000.0,8555000000.0,24678000000.0,4007000000.0,3787800000.0,3780600000.0,3812500000.0
JPMorgan Chase & Co,JPM,8I5DZWZKVSZI1NUHU748,19617,2014.0,Q1TTM,2013-04-01,2014-03-31,,-152000000.0,4.06,4.06,1.52,4.03,,8696000000.0,6329000000.0,52097000000.0,9044000000.0,2475000000.0,16626000000.0,16626000000.0,15319000000.0,43053000000.0,9248000000.0,188000000.0,1307000000.0,9702000000.0,27854000000.0,20845000000.0,458000000.0,,30255000000.0,,9044000000.0,52097000000.0,69680000000.0,52407000000.0,25322000000.0,95460000000.0,15343000000.0,3793000000.0,3787200000.0,3823600000.0
JPMorgan Chase & Co,JPM,8I5DZWZKVSZI1NUHU748,19617,2014.0,Q1,2014-01-01,2014-03-31,2015-05-05 16:08:04+00:00,,1.29,1.29,0.38,1.28,,2460000000.0,1420000000.0,12793000000.0,2126000000.0,564000000.0,5269000000.0,5269000000.0,4893000000.0,10667000000.0,2363000000.0,30000000.0,376000000.0,3322000000.0,3850000000.0,3940000000.0,850000000.0,,7859000000.0,,2126000000.0,12793000000.0,14636000000.0,12548000000.0,7729000000.0,23215000000.0,3836000000.0,3793000000.0,3787200000.0,3823600000.0
JPMorgan Chase & Co,JPM,8I5DZWZKVSZI1NUHU748,19617,2015.0,FY,2015-01-01,2015-12-31,2018-02-27 16:23:03+00:00,,6.05,6.05,1.72,6.0,,6260000000.0,6751000000.0,50973000000.0,7463000000.0,2708000000.0,24442000000.0,24442000000.0,22651000000.0,43510000000.0,9961000000.0,202000000.0,1791000000.0,10408000000.0,16595000000.0,17163000000.0,3827000000.0,,29750000000.0,,7463000000.0,50973000000.0,59014000000.0,50033000000.0,30702000000.0,93543000000.0,15509000000.0,3744000000.0,3741200000.0,3773600000.0
JPMorgan Chase & Co,JPM,8I5DZWZKVSZI1NUHU748,19617,2015.0,Q4,2015-10-01,2015-12-31,,,1.33,1.33,0.44,1.33,,1937000000.0,1520000000.0,13155000000.0,1930000000.0,771000000.0,5434000000.0,5434000000.0,5153000000.0,11225000000.0,2604000000.0,73000000.0,281000000.0,1552000000.0,4195000000.0,4673000000.0,1251000000.0,,6693000000.0,,1930000000.0,13155000000.0,14263000000.0,11660000000.0,7371000000.0,22885000000.0,3842000000.0,3744000000.0,3741200000.0,3773600000.0
JPMorgan Chase & Co,JPM,8I5DZWZKVSZI1NUHU748,19617,2015.0,Q3,2015-07-01,2015-09-30,2016-11-01 16:19:05+00:00,,1.7,1.7,0.44,1.68,,-74000000.0,1604000000.0,12739000000.0,1815000000.0,704000000.0,6804000000.0,6804000000.0,6270000000.0,10924000000.0,2511000000.0,33000000.0,534000000.0,2367000000.0,4833000000.0,4007000000.0,682000000.0,,7320000000.0,,1815000000.0,12739000000.0,15368000000.0,11856000000.0,6730000000.0,22780000000.0,3845000000.0,3688200000.0,3694400000.0,3725600000.0
JPMorgan Chase & Co,JPM,8I5DZWZKVSZI1NUHU748,19617,2015.0,Q3YTD,2015-01-01,2015-09-30,,,4.72,4.72,1.28,4.67,,4323000000.0,5231000000.0,37818000000.0,5533000000.0,1937000000.0,19008000000.0,19008000000.0,17498000000.0,32285000000.0,7357000000.0,129000000.0,1510000000.0,8856000000.0,12400000000.0,12490000000.0,2576000000.0,,23057000000.0,,5533000000.0,37818000000.0,44751000000.0,38373000000.0,23331000000.0,70658000000.0,11667000000.0,3688200000.0,3694400000.0,3725600000.0
JPMorgan Chase & Co,JPM,8I5DZWZKVSZI1NUHU748,19617,2015.0,Q3TTM,2014-10-01,2015-09-30,,,5.92,5.92,1.68,5.87,,5893000000.0,7064000000.0,50769000000.0,7422000000.0,2663000000.0,23939000000.0,23939000000.0,21986000000.0,43347000000.0,9858000000.0,158000000.0,1953000000.0,10191000000.0,17722000000.0,16871000000.0,3416000000.0,,29917000000.0,,7422000000.0,50769000000.0,60160000000.0,50061000000.0,29832000000.0,93408000000.0,15777000000.0,3688200000.0,3694400000.0,3725600000.0
JPMorgan Chase & Co,JPM,8I5DZWZKVSZI1NUHU748,19617,2015.0,Q2,2015-04-01,2015-06-30,2016-08-03 16:15:34+00:00,,1.56,1.56,0.44,1.54,,2087000000.0,1833000000.0,12514000000.0,1830000000.0,642000000.0,6290000000.0,6290000000.0,5776000000.0,10684000000.0,2422000000.0,44000000.0,514000000.0,2834000000.0,3742000000.0,4402000000.0,935000000.0,,7694000000.0,,1830000000.0,12514000000.0,14500000000.0,13128000000.0,8377000000.0,23812000000.0,4015000000.0,3702600000.0,3707800000.0,3743600000.0
JPMorgan Chase & Co,JPM,8I5DZWZKVSZI1NUHU748,19617,2015.0,Q2YTD,2015-01-01,2015-06-30,,,3.02,3.02,0.84,2.99,,4397000000.0,3627000000.0,25079000000.0,3718000000.0,1233000000.0,12204000000.0,12204000000.0,11228000000.0,21361000000.0,4846000000.0,96000000.0,976000000.0,6489000000.0,7567000000.0,8483000000.0,1894000000.0,,15737000000.0,,3718000000.0,25079000000.0,29383000000.0,26517000000.0,16601000000.0,47878000000.0,7822000000.0,3702600000.0,3707800000.0,3743600000.0
JPMorgan Chase & Co,JPM,8I5DZWZKVSZI1NUHU748,19617,2015.0,Q2TTM,2014-07-01,2015-06-30,,,5.59,5.59,1.64,5.54,,8316000000.0,6998000000.0,50956000000.0,7426000000.0,2569000000.0,22700000000.0,22700000000.0,20844000000.0,43530000000.0,9790000000.0,131000000.0,1856000000.0,10790000000.0,17803000000.0,17738000000.0,3491000000.0,,30428000000.0,,7426000000.0,50956000000.0,60590000000.0,51567000000.0,31016000000.0,95097000000.0,15910000000.0,3702600000.0,3707800000.0,3743600000.0
JPMorgan Chase & Co,JPM,8I5DZWZKVSZI1NUHU748,19617,2015.0,Q1,2015-01-01,2015-03-31,2016-04-29 16:18:25+00:00,,1.46,1.46,0.4,1.45,,2310000000.0,1794000000.0,12565000000.0,1888000000.0,591000000.0,5914000000.0,5914000000.0,5452000000.0,10677000000.0,2424000000.0,52000000.0,462000000.0,3655000000.0,3825000000.0,4081000000.0,959000000.0,,8043000000.0,,1888000000.0,12565000000.0,14883000000.0,13389000000.0,8224000000.0,24066000000.0,3807000000.0,3734200000.0,3725300000.0,3757500000.0
JPMorgan Chase & Co,JPM,8I5DZWZKVSZI1NUHU748,19617,2015.0,Q1TTM,2014-04-01,2015-03-31,,,5.5,5.5,1.6,5.46,,8804000000.0,6916000000.0,51303000000.0,7659000000.0,2577000000.0,22390000000.0,22390000000.0,20636000000.0,43644000000.0,9774000000.0,99000000.0,1754000000.0,10864000000.0,18826000000.0,18538000000.0,3248000000.0,,30344000000.0,,7659000000.0,51303000000.0,61521000000.0,52319000000.0,31194000000.0,95963000000.0,15902000000.0,3734200000.0,3725300000.0,3757500000.0
JPMorgan Chase & Co,JPM,8I5DZWZKVSZI1NUHU748,19617,2016.0,FY,2016-01-01,2016-12-31,2019-02-26 16:57:25+00:00,,6.24,6.24,1.88,6.19,,9803000000.0,6572000000.0,55901000000.0,9818000000.0,2897000000.0,24733000000.0,24733000000.0,22834000000.0,46083000000.0,10491000000.0,141000000.0,1899000000.0,11566000000.0,13081000000.0,16843000000.0,5361000000.0,,30203000000.0,,9818000000.0,55901000000.0,56672000000.0,50486000000.0,34536000000.0,96569000000.0,15364000000.0,3659300000.0,3658800000.0,3690000000.0
JPMorgan Chase & Co,JPM,8I5DZWZKVSZI1NUHU748,19617,2016.0,Q4,2016-10-01,2016-12-31,,,1.72,1.72,-1.4,1.71,,1952000000.0,1729000000.0,14466000000.0,2713000000.0,697000000.0,6727000000.0,6727000000.0,6248000000.0,11753000000.0,2786000000.0,5000000.0,479000000.0,2460000000.0,4155000000.0,3868000000.0,864000000.0,,7096000000.0,,2713000000.0,14466000000.0,14734000000.0,12524000000.0,8679000000.0,24277000000.0,4462000000.0,3659300000.0,3658800000.0,3690000000.0
JPMorgan Chase & Co,JPM,8I5DZWZKVSZI1NUHU748,19617,2016.0,Q3,2016-07-01,2016-09-30,2017-11-01 16:36:54+00:00,,1.6,1.6,0.48,1.58,,2653000000.0,1866000000.0,14070000000.0,2467000000.0,825000000.0,6286000000.0,6286000000.0,5812000000.0,11603000000.0,2640000000.0,64000000.0,474000000.0,3451000000.0,3329000000.0,4092000000.0,1271000000.0,,7669000000.0,,2467000000.0,14070000000.0,14463000000.0,13070000000.0,8939000000.0,24673000000.0,3597000000.0,3632500000.0,3637700000.0,3669800000.0
JPMorgan Chase & Co,JPM,8I5DZWZKVSZI1NUHU748,19617,2016.0,Q3YTD,2016-01-01,2016-09-30,,,4.52,4.52,1.4,4.48,,7851000000.0,4843000000.0,41435000000.0,7105000000.0,2200000000.0,18006000000.0,18006000000.0,16586000000.0,34330000000.0,7705000000.0,136000000.0,1420000000.0,9106000000.0,8926000000.0,12975000000.0,4497000000.0,,23107000000.0,,7105000000.0,41435000000.0,41938000000.0,37962000000.0,25857000000.0,72292000000.0,10902000000.0,3632500000.0,3637700000.0,3669800000.0
JPMorgan Chase & Co,JPM,8I5DZWZKVSZI1NUHU748,19617,2016.0,Q3TTM,2015-10-01,2016-09-30,,,5.85,5.85,1.84,5.81,,9788000000.0,6363000000.0,54590000000.0,9035000000.0,2971000000.0,23440000000.0,23440000000.0,21739000000.0,45555000000.0,10309000000.0,209000000.0,1701000000.0,10658000000.0,13121000000.0,17648000000.0,5748000000.0,,29800000000.0,,9035000000.0,54590000000.0,56201000000.0,49622000000.0,33228000000.0,95177000000.0,14744000000.0,3632500000.0,3637700000.0,3669800000.0
JPMorgan Chase & Co,JPM,8I5DZWZKVSZI1NUHU748,19617,2016.0,Q2,2016-04-01,2016-06-30,2017-08-02 16:22:16+00:00,,1.56,1.56,0.48,1.55,,3140000000.0,1644000000.0,13813000000.0,2466000000.0,672000000.0,6200000000.0,6200000000.0,5728000000.0,11347000000.0,2564000000.0,21000000.0,472000000.0,2976000000.0,2624000000.0,4711000000.0,1402000000.0,,7778000000.0,,2466000000.0,13813000000.0,13638000000.0,13033000000.0,9340000000.0,24380000000.0,3681000000.0,3671800000.0,3675500000.0,3706200000.0
JPMorgan Chase & Co,JPM,8I5DZWZKVSZI1NUHU748,19617,2016.0,Q2YTD,2016-01-01,2016-06-30,,,2.92,2.92,0.92,2.9,,5198000000.0,2977000000.0,27365000000.0,4638000000.0,1375000000.0,11720000000.0,11720000000.0,10774000000.0,22727000000.0,5065000000.0,72000000.0,946000000.0,5655000000.0,5597000000.0,8883000000.0,3226000000.0,,15438000000.0,,4638000000.0,27365000000.0,27475000000.0,24892000000.0,16918000000.0,47619000000.0,7305000000.0,3671800000.0,3675500000.0,3706200000.0
JPMorgan Chase & Co,JPM,8I5DZWZKVSZI1NUHU748,19617,2016.0,Q2TTM,2015-07-01,2016-06-30,,,5.95,5.95,1.8,5.91,,7061000000.0,6101000000.0,53259000000.0,8383000000.0,2850000000.0,23958000000.0,23958000000.0,22197000000.0,44876000000.0,10180000000.0,178000000.0,1761000000.0,9574000000.0,14625000000.0,17563000000.0,5159000000.0,,29451000000.0,,8383000000.0,53259000000.0,57106000000.0,48408000000.0,31019000000.0,93284000000.0,14992000000.0,3671800000.0,3675500000.0,3706200000.0
JPMorgan Chase & Co,JPM,8I5DZWZKVSZI1NUHU748,19617,2016.0,Q1,2016-01-01,2016-03-31,2017-05-02 16:15:49+00:00,,1.36,1.36,0.44,1.35,,2058000000.0,1333000000.0,13552000000.0,2172000000.0,703000000.0,5520000000.0,5520000000.0,5046000000.0,11380000000.0,2501000000.0,51000000.0,474000000.0,2679000000.0,2973000000.0,4172000000.0,1824000000.0,,7660000000.0,,2172000000.0,13552000000.0,13837000000.0,11859000000.0,7578000000.0,23239000000.0,3624000000.0,3710300000.0,3710600000.0,3737600000.0
JPMorgan Chase & Co,JPM,8I5DZWZKVSZI1NUHU748,19617,2016.0,Q1TTM,2015-04-01,2016-03-31,,,5.95,5.95,1.76,5.9,,6008000000.0,6290000000.0,51960000000.0,7747000000.0,2820000000.0,24048000000.0,24048000000.0,22245000000.0,44213000000.0,10038000000.0,201000000.0,1803000000.0,9432000000.0,15743000000.0,17254000000.0,4692000000.0,,29367000000.0,,7747000000.0,51960000000.0,57968000000.0,48503000000.0,30056000000.0,92716000000.0,15326000000.0,3710300000.0,3710600000.0,3737600000.0
JPMorgan Chase & Co,JPM,8I5DZWZKVSZI1NUHU748,19617,2017.0,FY,2017-01-01,2017-12-31,2020-02-25 16:31:02+00:00,,6.35,6.35,2.12,6.31,,11459000000.0,7412000000.0,63971000000.0,13874000000.0,2900000000.0,24441000000.0,24441000000.0,22567000000.0,50097000000.0,11438000000.0,-66000000.0,1874000000.0,11347000000.0,13969000000.0,14012000000.0,5290000000.0,,31208000000.0,1616000000.0,13874000000.0,63971000000.0,59515000000.0,50608000000.0,35900000000.0,100705000000.0,16287000000.0,3553900000.0,3551600000.0,3576800000.0
JPMorgan Chase & Co,JPM,8I5DZWZKVSZI1NUHU748,19617,2017.0,Q4,2017-10-01,2017-12-31,,,1.09,1.09,-1.56,1.08,,4022000000.0,1818000000.0,16592000000.0,3565000000.0,721000000.0,4232000000.0,4232000000.0,3775000000.0,13027000000.0,2958000000.0,-28000000.0,457000000.0,1907000000.0,3718000000.0,1826000000.0,1308000000.0,,7498000000.0,1616000000.0,3565000000.0,16592000000.0,14895000000.0,11430000000.0,8254000000.0,24457000000.0,4291000000.0,3553900000.0,3551600000.0,3576800000.0
JPMorgan Chase & Co,JPM,8I5DZWZKVSZI1NUHU748,19617,2017.0,Q3,2017-07-01,2017-09-30,2018-10-31 16:35:41+00:00,,1.77,1.77,0.56,1.76,,2824000000.0,1868000000.0,16687000000.0,3889000000.0,710000000.0,6732000000.0,6732000000.0,6262000000.0,12798000000.0,2902000000.0,-1000000.0,470000000.0,2721000000.0,3261000000.0,4120000000.0,1452000000.0,,7697000000.0,,3889000000.0,16687000000.0,14570000000.0,12780000000.0,9556000000.0,25578000000.0,4072000000.0,3537900000.0,3534700000.0,3559600000.0
JPMorgan Chase & Co,JPM,8I5DZWZKVSZI1NUHU748,19617,2017.0,Q3YTD,2017-01-01,2017-09-30,,,5.26,5.26,1.56,5.23,,7437000000.0,5594000000.0,47379000000.0,10309000000.0,2179000000.0,20209000000.0,20209000000.0,18792000000.0,37070000000.0,8480000000.0,-38000000.0,1417000000.0,9440000000.0,10251000000.0,12186000000.0,3982000000.0,,23710000000.0,,10309000000.0,47379000000.0,44620000000.0,39178000000.0,27646000000.0,76248000000.0,11996000000.0,3537900000.0,3534700000.0,3559600000.0
JPMorgan Chase & Co,JPM,8I5DZWZKVSZI1NUHU748,19617,2017.0,Q3TTM,2016-10-01,2017-09-30,,,6.98,6.98,0.16,6.94,,9389000000.0,7323000000.0,61845000000.0,13022000000.0,2876000000.0,26936000000.0,26936000000.0,25040000000.0,48823000000.0,11266000000.0,-33000000.0,1896000000.0,11900000000.0,14406000000.0,16054000000.0,4846000000.0,,30806000000.0,,13022000000.0,61845000000.0,59354000000.0,51702000000.0,36325000000.0,100525000000.0,16458000000.0,3537900000.0,3534700000.0,3559600000.0
JPMorgan Chase & Co,JPM,8I5DZWZKVSZI1NUHU748,19617,2017.0,Q2,2017-04-01,2017-06-30,2018-08-01 16:49:36+00:00,,1.83,1.83,0.5,1.82,,2720000000.0,1846000000.0,15650000000.0,3442000000.0,756000000.0,7029000000.0,7029000000.0,6555000000.0,12208000000.0,2783000000.0,-34000000.0,474000000.0,3137000000.0,3471000000.0,4527000000.0,1215000000.0,,7757000000.0,,3442000000.0,15650000000.0,14767000000.0,13523000000.0,9749000000.0,25731000000.0,4047000000.0,3582000000.0,3574100000.0,3599000000.0
JPMorgan Chase & Co,JPM,8I5DZWZKVSZI1NUHU748,19617,2017.0,Q2YTD,2017-01-01,2017-06-30,,,3.49,3.49,1.0,3.47,,4613000000.0,3726000000.0,30692000000.0,6420000000.0,1469000000.0,13477000000.0,13477000000.0,12530000000.0,24272000000.0,5578000000.0,-37000000.0,947000000.0,6719000000.0,6990000000.0,8066000000.0,2530000000.0,,16013000000.0,,6420000000.0,30692000000.0,30050000000.0,26398000000.0,18090000000.0,50670000000.0,7924000000.0,3582000000.0,3574100000.0,3599000000.0
JPMorgan Chase & Co,JPM,8I5DZWZKVSZI1NUHU748,19617,2017.0,Q2TTM,2016-07-01,2017-06-30,,,6.81,6.81,0.08,6.76,,9218000000.0,7321000000.0,59228000000.0,11600000000.0,2991000000.0,26490000000.0,26490000000.0,24590000000.0,47628000000.0,11004000000.0,32000000.0,1900000000.0,12630000000.0,14474000000.0,16026000000.0,4665000000.0,,30778000000.0,,11600000000.0,59228000000.0,59247000000.0,51992000000.0,35708000000.0,99620000000.0,15983000000.0,3582000000.0,3574100000.0,3599000000.0
JPMorgan Chase & Co,JPM,8I5DZWZKVSZI1NUHU748,19617,2017.0,Q1,2017-01-01,2017-03-31,2018-05-02 16:20:20+00:00,,1.66,1.66,0.5,1.65,,1893000000.0,1880000000.0,15042000000.0,2978000000.0,713000000.0,6448000000.0,6448000000.0,5975000000.0,12064000000.0,2795000000.0,-3000000.0,473000000.0,3582000000.0,3519000000.0,3539000000.0,1315000000.0,,8256000000.0,,2978000000.0,15042000000.0,15283000000.0,12875000000.0,8341000000.0,24939000000.0,3877000000.0,3599400000.0,3601700000.0,3630400000.0
JPMorgan Chase & Co,JPM,8I5DZWZKVSZI1NUHU748,19617,2017.0,Q1TTM,2016-04-01,2017-03-31,,,6.54,6.54,0.06,6.49,,9638000000.0,7119000000.0,57391000000.0,10624000000.0,2907000000.0,25661000000.0,25661000000.0,23763000000.0,46767000000.0,10785000000.0,87000000.0,1898000000.0,12469000000.0,13627000000.0,16210000000.0,4852000000.0,,30799000000.0,,10624000000.0,57391000000.0,58118000000.0,51502000000.0,35299000000.0,98269000000.0,15617000000.0,3599400000.0,3601700000.0,3630400000.0
JPMorgan Chase & Co,JPM,8I5DZWZKVSZI1NUHU748,19617,2018.0,FY,2018-01-01,2018-12-31,2020-02-25 16:31:02+00:00,,9.04,9.04,2.72,9.0,,8290000000.0,7550000000.0,76100000000.0,21041000000.0,3290000000.0,32474000000.0,32474000000.0,30709000000.0,55059000000.0,12754000000.0,-395000000.0,1765000000.0,12059000000.0,14233000000.0,16384000000.0,4871000000.0,,33117000000.0,1254000000.0,21041000000.0,76100000000.0,63394000000.0,53970000000.0,40764000000.0,109029000000.0,17118000000.0,3397000000.0,3396400000.0,3414000000.0
JPMorgan Chase & Co,JPM,8I5DZWZKVSZI1NUHU748,19617,2018.0,Q4,2018-10-01,2018-12-31,,,2.0,2.0,,2.0,,1775000000.0,1814000000.0,20400000000.0,6046000000.0,894000000.0,7066000000.0,7066000000.0,6643000000.0,14354000000.0,3430000000.0,-24000000.0,423000000.0,1361000000.0,3587000000.0,3155000000.0,1548000000.0,,7809000000.0,1254000000.0,6046000000.0,20400000000.0,15720000000.0,11755000000.0,8841000000.0,26109000000.0,4195000000.0,3397000000.0,3396400000.0,3414000000.0
JPMorgan Chase & Co,JPM,8I5DZWZKVSZI1NUHU748,19617,2018.0,Q3,2018-07-01,2018-09-30,2019-11-04 16:24:10+00:00,,2.35,2.35,,2.34,,2309000000.0,1832000000.0,19439000000.0,5531000000.0,798000000.0,8380000000.0,8380000000.0,7948000000.0,13908000000.0,3233000000.0,-46000000.0,432000000.0,2964000000.0,3484000000.0,4292000000.0,948000000.0,,8108000000.0,,5531000000.0,19439000000.0,15623000000.0,13352000000.0,10689000000.0,27260000000.0,4310000000.0,3382100000.0,3376100000.0,3394300000.0
JPMorgan Chase & Co,JPM,8I5DZWZKVSZI1NUHU748,19617,2018.0,Q3YTD,2018-01-01,2018-09-30,,,7.04,7.04,,7.0,,6515000000.0,5736000000.0,55700000000.0,14995000000.0,2396000000.0,25408000000.0,25408000000.0,24066000000.0,40705000000.0,9324000000.0,-371000000.0,1342000000.0,10698000000.0,10646000000.0,13229000000.0,3323000000.0,,25308000000.0,,14995000000.0,55700000000.0,47674000000.0,42215000000.0,31923000000.0,82920000000.0,12923000000.0,3382100000.0,3376100000.0,3394300000.0
JPMorgan Chase & Co,JPM,8I5DZWZKVSZI1NUHU748,19617,2018.0,Q3TTM,2017-10-01,2018-09-30,,,8.13,8.13,-1.56,8.08,,10537000000.0,7554000000.0,72292000000.0,18560000000.0,3117000000.0,29640000000.0,29640000000.0,27841000000.0,53732000000.0,12282000000.0,-399000000.0,1799000000.0,12605000000.0,14364000000.0,15055000000.0,4631000000.0,,32806000000.0,1616000000.0,18560000000.0,72292000000.0,62569000000.0,53645000000.0,40177000000.0,107377000000.0,17214000000.0,3382100000.0,3376100000.0,3394300000.0
JPMorgan Chase & Co,JPM,8I5DZWZKVSZI1NUHU748,19617,2018.0,Q2,2018-04-01,2018-06-30,2019-08-05 18:19:56+00:00,,2.31,2.31,,2.29,,2256000000.0,2168000000.0,18566000000.0,5081000000.0,798000000.0,8316000000.0,8316000000.0,7880000000.0,13485000000.0,3149000000.0,-80000000.0,436000000.0,3782000000.0,3686000000.0,4094000000.0,1210000000.0,,8338000000.0,,5081000000.0,18566000000.0,15971000000.0,14268000000.0,10572000000.0,27753000000.0,4304000000.0,3411300000.0,3415200000.0,3434700000.0
JPMorgan Chase & Co,JPM,8I5DZWZKVSZI1NUHU748,19617,2018.0,Q2YTD,2018-01-01,2018-06-30,,,4.69,4.69,,4.66,,4206000000.0,3904000000.0,36261000000.0,9464000000.0,1598000000.0,17028000000.0,17028000000.0,16118000000.0,26797000000.0,6091000000.0,-325000000.0,910000000.0,7734000000.0,7162000000.0,8937000000.0,2375000000.0,,17200000000.0,,9464000000.0,36261000000.0,32051000000.0,28863000000.0,21234000000.0,55660000000.0,8613000000.0,3411300000.0,3415200000.0,3434700000.0
JPMorgan Chase & Co,JPM,8I5DZWZKVSZI1NUHU748,19617,2018.0,Q2TTM,2017-07-01,2018-06-30,,,7.55,7.55,-1.0,7.5,,11052000000.0,7590000000.0,69540000000.0,16918000000.0,3029000000.0,27992000000.0,27992000000.0,26155000000.0,52622000000.0,11951000000.0,-354000000.0,1837000000.0,12362000000.0,14141000000.0,14883000000.0,5135000000.0,,32395000000.0,1616000000.0,16918000000.0,69540000000.0,61516000000.0,53073000000.0,39044000000.0,105695000000.0,16976000000.0,3411300000.0,3415200000.0,3434700000.0
JPMorgan Chase & Co,JPM,8I5DZWZKVSZI1NUHU748,19617,2018.0,Q1,2018-01-01,2018-03-31,2019-05-02 16:35:55+00:00,,2.38,2.38,0.56,2.37,,1950000000.0,1736000000.0,17695000000.0,4383000000.0,800000000.0,8712000000.0,8712000000.0,8238000000.0,13312000000.0,2942000000.0,-245000000.0,474000000.0,3952000000.0,3476000000.0,4843000000.0,1165000000.0,,8862000000.0,,4383000000.0,17695000000.0,16080000000.0,14595000000.0,10662000000.0,27907000000.0,4309000000.0,3461300000.0,3458300000.0,3479500000.0
JPMorgan Chase & Co,JPM,8I5DZWZKVSZI1NUHU748,19617,2018.0,Q1TTM,2017-04-01,2018-03-31,,,7.07,7.07,-0.5,7.03,,11516000000.0,7268000000.0,66624000000.0,15279000000.0,2987000000.0,26705000000.0,26705000000.0,24830000000.0,51345000000.0,11585000000.0,-308000000.0,1875000000.0,11717000000.0,13926000000.0,15316000000.0,5140000000.0,,31814000000.0,1616000000.0,15279000000.0,66624000000.0,60312000000.0,52328000000.0,38221000000.0,103673000000.0,16719000000.0,3461300000.0,3458300000.0,3479500000.0
JPMorgan Chase & Co,JPM,8I5DZWZKVSZI1NUHU748,19617,2019.0,Q4,2019-10-01,2019-12-31,,,2.58,2.58,,2.57,,2045000000.0,1843000000.0,19927000000.0,5761000000.0,893000000.0,8520000000.0,8520000000.0,8091000000.0,14166000000.0,3669000000.0,123000000.0,429000000.0,2779000000.0,3689000000.0,2960000000.0,1427000000.0,,8088000000.0,2036000000.0,5761000000.0,19927000000.0,16339000000.0,14165000000.0,10565000000.0,28331000000.0,4424000000.0,3222500000.0,3221500000.0,3230400000.0
JPMorgan Chase & Co,JPM,8I5DZWZKVSZI1NUHU748,19617,2019.0,FY,2019-01-01,2019-12-31,2020-02-25 16:31:02+00:00,,10.75,10.75,3.4,10.72,,8114000000.0,7501000000.0,84040000000.0,26795000000.0,3579000000.0,36431000000.0,36431000000.0,34642000000.0,57245000000.0,14143000000.0,258000000.0,1789000000.0,14018000000.0,13620000000.0,17404000000.0,5585000000.0,,34155000000.0,2036000000.0,26795000000.0,84040000000.0,65497000000.0,58382000000.0,44545000000.0,115627000000.0,17165000000.0,3222500000.0,3221500000.0,3230400000.0
JPMorgan Chase & Co,JPM,8I5DZWZKVSZI1NUHU748,19617,2019.0,Q3YTD,2019-01-01,2019-09-30,,,8.17,8.17,,8.15,,6069000000.0,5658000000.0,64113000000.0,21034000000.0,2686000000.0,27911000000.0,27911000000.0,26551000000.0,43079000000.0,10474000000.0,135000000.0,1360000000.0,11239000000.0,9931000000.0,14444000000.0,4158000000.0,,26067000000.0,,21034000000.0,64113000000.0,49158000000.0,44217000000.0,33980000000.0,87296000000.0,12741000000.0,3199300000.0,3198500000.0,3207200000.0
JPMorgan Chase & Co,JPM,8I5DZWZKVSZI1NUHU748,19617,2019.0,Q3TTM,2018-10-01,2019-09-30,,,10.17,10.17,,10.15,,7844000000.0,7472000000.0,84513000000.0,27080000000.0,3580000000.0,34977000000.0,34977000000.0,33194000000.0,57433000000.0,13904000000.0,111000000.0,1783000000.0,12600000000.0,13518000000.0,17599000000.0,5706000000.0,,33876000000.0,1254000000.0,27080000000.0,84513000000.0,64878000000.0,55972000000.0,42821000000.0,113405000000.0,16936000000.0,3199300000.0,3198500000.0,3207200000.0
JPMorgan Chase & Co,JPM,8I5DZWZKVSZI1NUHU748,19617,2019.0,Q3,2019-07-01,2019-09-30,2019-11-04 16:24:10+00:00,,2.69,2.69,,2.68,,2325000000.0,1967000000.0,21121000000.0,6893000000.0,945000000.0,9080000000.0,9080000000.0,8606000000.0,14228000000.0,3604000000.0,78000000.0,474000000.0,3449000000.0,3290000000.0,5268000000.0,1514000000.0,,8583000000.0,,6893000000.0,21121000000.0,16422000000.0,15113000000.0,11405000000.0,29341000000.0,4351000000.0,3199300000.0,3198500000.0,3207200000.0
JPMorgan Chase & Co,JPM,8I5DZWZKVSZI1NUHU748,19617,2019.0,Q2YTD,2019-01-01,2019-06-30,,,5.48,5.48,,5.47,,3744000000.0,3691000000.0,42992000000.0,14141000000.0,1741000000.0,18831000000.0,18831000000.0,17945000000.0,28851000000.0,6870000000.0,57000000.0,886000000.0,7790000000.0,6641000000.0,9176000000.0,2644000000.0,,17484000000.0,,14141000000.0,42992000000.0,32736000000.0,29104000000.0,22575000000.0,57955000000.0,8390000000.0,3248100000.0,3250600000.0,3259700000.0
JPMorgan Chase & Co,JPM,8I5DZWZKVSZI1NUHU748,19617,2019.0,Q2TTM,2018-07-01,2019-06-30,,,9.83,9.83,,9.81,,7828000000.0,7337000000.0,82831000000.0,25718000000.0,3433000000.0,34277000000.0,34277000000.0,32536000000.0,57113000000.0,13533000000.0,-13000000.0,1741000000.0,12115000000.0,13712000000.0,16623000000.0,5140000000.0,,33401000000.0,1254000000.0,25718000000.0,82831000000.0,64079000000.0,54211000000.0,42105000000.0,111324000000.0,16895000000.0,3248100000.0,3250600000.0,3259700000.0
JPMorgan Chase & Co,JPM,8I5DZWZKVSZI1NUHU748,19617,2019.0,Q2,2019-04-01,2019-06-30,2019-08-05 18:19:56+00:00,,2.83,2.83,,2.82,,1690000000.0,1851000000.0,21603000000.0,7205000000.0,862000000.0,9652000000.0,9652000000.0,9192000000.0,14398000000.0,3438000000.0,44000000.0,460000000.0,3714000000.0,3494000000.0,4472000000.0,1149000000.0,,8547000000.0,,7205000000.0,21603000000.0,16341000000.0,14434000000.0,11342000000.0,28832000000.0,4353000000.0,3248100000.0,3250600000.0,3259700000.0
JPMorgan Chase & Co,JPM,8I5DZWZKVSZI1NUHU748,19617,2019.0,Q1,2019-01-01,2019-03-31,2020-05-07 16:37:43+00:00,,2.65,2.65,0.8,2.65,,2054000000.0,1840000000.0,21389000000.0,6936000000.0,879000000.0,9179000000.0,9179000000.0,8753000000.0,14453000000.0,3432000000.0,13000000.0,426000000.0,4076000000.0,3147000000.0,4704000000.0,1495000000.0,,8937000000.0,,6936000000.0,21389000000.0,16395000000.0,14670000000.0,11233000000.0,29123000000.0,4037000000.0,3303000000.0,3298000000.0,3308200000.0
JPMorgan Chase & Co,JPM,8I5DZWZKVSZI1NUHU748,19617,2019.0,Q1TTM,2018-04-01,2019-03-31,,,9.31,9.31,,9.28,,8394000000.0,7654000000.0,79794000000.0,23594000000.0,3369000000.0,32941000000.0,32941000000.0,31224000000.0,56200000000.0,13244000000.0,-137000000.0,1717000000.0,12183000000.0,13904000000.0,16245000000.0,5201000000.0,,33192000000.0,1254000000.0,23594000000.0,79794000000.0,63709000000.0,54045000000.0,41335000000.0,110245000000.0,16846000000.0,3303000000.0,3298000000.0,3308200000.0
JPMorgan Chase & Co,JPM,8I5DZWZKVSZI1NUHU748,19617,2020.0,Q1TTM,2019-04-01,2020-03-31,,,8.89,8.89,,8.85,,6311000000.0,7527000000.0,81812000000.0,24581000000.0,3559000000.0,30117000000.0,30117000000.0,28320000000.0,57231000000.0,14355000000.0,478000000.0,1797000000.0,12879000000.0,13925000000.0,16936000000.0,12375000000.0,,34113000000.0,2036000000.0,24581000000.0,81812000000.0,65952000000.0,57524000000.0,36428000000.0,114755000000.0,17668000000.0,3077200000.0,3095800000.0,3100700000.0
JPMorgan Chase & Co,JPM,8I5DZWZKVSZI1NUHU748,19617,2020.0,Q1,2020-01-01,2020-03-31,2020-05-07 16:37:43+00:00,,0.79,0.79,0.9,0.78,,251000000.0,1866000000.0,19161000000.0,4722000000.0,859000000.0,2865000000.0,2865000000.0,2431000000.0,14439000000.0,3644000000.0,233000000.0,434000000.0,2937000000.0,3452000000.0,4236000000.0,8285000000.0,,8895000000.0,,4722000000.0,19161000000.0,16850000000.0,13812000000.0,3116000000.0,28251000000.0,4540000000.0,3077200000.0,3095800000.0,3100700000.0
