company_name,company_ticker,company_lei,company_cik,year,quarter,start_date,end_date,filing_date,basicdilutedeps,basiceps,cashdividendspershare,dilutedeps,incometaxexpense,investmentbankingincome,investmentsecuritiesinterestincome,longtermdebtinterestexpense,marketingexpense,netincome,netincomecontinuing,netincometocommon,netincometononcontrollinginterest,netinterestincome,netoccupancyequipmentexpense,netrealizedcapitalgains,otherinterestexpense,otherinterestincome,othernoninterestincome,otheroperatingexpenses,otherservicechargeincome,otherspecialcharges,restructuringcharge,salariesandemployeebenefitsexpense,totalinterestexpense,totalinterestincome,totalnoninterestexpense,totalnoninterestincome,totalpretaxincome,totalrevenue,weightedavebasicdilutedsharesos,weightedavebasicsharesos,weightedavedilutedsharesos
Raymond James Financial Inc,RJF,RGUZHJ05YTITL6D76949,720005,2008.0,FY,2007-10-01,2008-09-30,2010-11-24 14:21:48+00:00,1.95,1.95,,1.93,151776000.0,336540000.0,724063000.0,392229000.0,95750000.0,230772000.0,230772000.0,235078000.0,-4306000.0,331834000.0,221191000.0,-1691000.0,,,,152099000.0,2146020000.0,54749000.0,,1906366000.0,392229000.0,724063000.0,2430155000.0,2480869000.0,382548000.0,2812703000.0,120600000.0,116110000.0,117140000.0
Raymond James Financial Inc,RJF,RGUZHJ05YTITL6D76949,720005,2009.0,FY,2008-10-01,2009-09-30,2011-11-23 16:41:06+00:00,1.25,1.25,,1.25,96024000.0,242922000.0,443584000.0,56953000.0,78627000.0,140377000.0,140377000.0,152750000.0,-12373000.0,386631000.0,225831000.0,48004000.0,,,,162252000.0,1868009000.0,169341000.0,,1673114000.0,56953000.0,443584000.0,2309165000.0,2158935000.0,236401000.0,2545566000.0,122200000.0,117188000.0,117288000.0
Raymond James Financial Inc,RJF,RGUZHJ05YTITL6D76949,720005,2009.0,Q3,2009-04-01,2009-06-30,2010-08-06 13:21:41+00:00,0.35,0.35,,0.35,29714000.0,52815000.0,98037000.0,7453000.0,18652000.0,46976000.0,46976000.0,42595000.0,4381000.0,90584000.0,52989000.0,13272000.0,,,,44540000.0,472799000.0,29790000.0,,406809000.0,7453000.0,98037000.0,552780000.0,538886000.0,76690000.0,629470000.0,121700000.0,117930000.0,117951000.0
Raymond James Financial Inc,RJF,RGUZHJ05YTITL6D76949,720005,2010.0,Q4,2010-07-01,2010-09-30,,0.54,0.54,,0.55,36288000.0,95720000.0,93465000.0,15362000.0,20840000.0,63188000.0,63188000.0,69065000.0,-5877000.0,78103000.0,57102000.0,13402000.0,,,,38538000.0,560661000.0,20543000.0,,511387000.0,15362000.0,93465000.0,648410000.0,669783000.0,99476000.0,747886000.0,124700000.0,119335000.0,119592000.0
Raymond James Financial Inc,RJF,RGUZHJ05YTITL6D76949,720005,2010.0,FY,2009-10-01,2010-09-30,2012-11-21 15:37:43+00:00,1.83,1.83,,1.83,133625000.0,338896000.0,370892000.0,62851000.0,80213000.0,222519000.0,222519000.0,228283000.0,-5764000.0,308041000.0,226902000.0,38256000.0,,,,179432000.0,2231472000.0,80413000.0,0.0,1993561000.0,62851000.0,370892000.0,2560521000.0,2608624000.0,356144000.0,2916665000.0,124700000.0,119335000.0,119592000.0
Raymond James Financial Inc,RJF,RGUZHJ05YTITL6D76949,720005,2010.0,Q3YTD,2009-10-01,2010-06-30,,1.29,1.29,,1.28,97337000.0,243176000.0,277427000.0,47489000.0,59373000.0,159331000.0,159331000.0,159218000.0,113000.0,229938000.0,169800000.0,24854000.0,,,,140894000.0,1670811000.0,59870000.0,,1482174000.0,47489000.0,277427000.0,1912111000.0,1938841000.0,256668000.0,2168779000.0,123900000.0,119622000.0,120019000.0
Raymond James Financial Inc,RJF,RGUZHJ05YTITL6D76949,720005,2010.0,Q3,2010-04-01,2010-06-30,2011-08-09 17:09:53+00:00,0.49,0.49,,0.48,36824000.0,86426000.0,92780000.0,16239000.0,18878000.0,58523000.0,58523000.0,60687000.0,-2164000.0,76541000.0,56674000.0,3047000.0,,,,45700000.0,581359000.0,17098000.0,,513676000.0,16239000.0,92780000.0,652026000.0,670832000.0,95347000.0,747373000.0,123900000.0,119622000.0,120019000.0
Raymond James Financial Inc,RJF,RGUZHJ05YTITL6D76949,720005,2010.0,Q2YTD,2009-10-01,2010-03-31,,0.8,0.8,,0.8,60513000.0,156750000.0,184647000.0,31250000.0,40495000.0,100808000.0,100808000.0,98531000.0,2277000.0,153397000.0,113126000.0,21807000.0,,,,95194000.0,1089452000.0,42772000.0,,968498000.0,31250000.0,184647000.0,1260085000.0,1268009000.0,161321000.0,1421406000.0,123600000.0,119288000.0,119580000.0
Raymond James Financial Inc,RJF,RGUZHJ05YTITL6D76949,720005,2010.0,Q2,2010-01-01,2010-03-31,2011-05-10 19:16:52+00:00,0.45,0.45,,0.45,34028000.0,87057000.0,93275000.0,15548000.0,20614000.0,60180000.0,60180000.0,55628000.0,4552000.0,77727000.0,58337000.0,10170000.0,,,,43924000.0,559485000.0,19937000.0,,497419000.0,15548000.0,93275000.0,640231000.0,656712000.0,94208000.0,734439000.0,123600000.0,119288000.0,119580000.0
Raymond James Financial Inc,RJF,RGUZHJ05YTITL6D76949,720005,2010.0,Q1,2009-10-01,2009-12-31,2011-02-08 17:05:26+00:00,0.35,0.35,,0.35,26485000.0,69693000.0,91372000.0,15702000.0,19881000.0,40628000.0,40628000.0,42903000.0,-2275000.0,75670000.0,54789000.0,11637000.0,,,,51270000.0,529967000.0,22835000.0,,471079000.0,15702000.0,91372000.0,619854000.0,611297000.0,67113000.0,686967000.0,122600000.0,118763000.0,118983000.0
Raymond James Financial Inc,RJF,RGUZHJ05YTITL6D76949,720005,2011.0,Q4,2011-07-01,2011-09-30,,0.54,0.54,,0.53,56902000.0,121245000.0,95289000.0,16814000.0,23310000.0,61780000.0,61780000.0,68927000.0,-7147000.0,78475000.0,62382000.0,-1591000.0,,,,44448000.0,619654000.0,5423000.0,,563538000.0,16814000.0,95289000.0,699101000.0,739308000.0,118682000.0,817783000.0,126500000.0,122448000.0,122836000.0
Raymond James Financial Inc,RJF,RGUZHJ05YTITL6D76949,720005,2011.0,FY,2010-10-01,2011-09-30,2013-11-26 15:37:08+00:00,2.2,2.2,,2.19,182894000.0,467933000.0,392318000.0,65830000.0,94875000.0,267851000.0,267851000.0,278353000.0,-10502000.0,326488000.0,246205000.0,27506000.0,,,,237841000.0,2512129000.0,33655000.0,0.0,2270735000.0,65830000.0,392318000.0,2883311000.0,3007568000.0,450745000.0,3334056000.0,126500000.0,122448000.0,122836000.0
Raymond James Financial Inc,RJF,RGUZHJ05YTITL6D76949,720005,2011.0,Q3YTD,2010-10-01,2011-06-30,,1.66,1.66,,1.66,125992000.0,346688000.0,297029000.0,49016000.0,71565000.0,206071000.0,206071000.0,209426000.0,-3355000.0,248013000.0,183823000.0,29097000.0,,,,193393000.0,1892475000.0,28232000.0,,1707197000.0,49016000.0,297029000.0,2184210000.0,2268260000.0,332063000.0,2516273000.0,126400000.0,123238000.0,123958000.0
Raymond James Financial Inc,RJF,RGUZHJ05YTITL6D76949,720005,2011.0,Q3TTM,2010-07-01,2011-06-30,,2.2,2.2,,2.21,162280000.0,442408000.0,390494000.0,64378000.0,92405000.0,269259000.0,269259000.0,278491000.0,-9232000.0,326116000.0,240925000.0,42499000.0,,,,231931000.0,2453136000.0,48775000.0,,2218584000.0,64378000.0,390494000.0,2832620000.0,2938043000.0,431539000.0,3264159000.0,126400000.0,123238000.0,123958000.0
Raymond James Financial Inc,RJF,RGUZHJ05YTITL6D76949,720005,2011.0,Q3,2011-04-01,2011-06-30,2012-08-08 15:45:43+00:00,0.37,0.37,,0.37,31881000.0,119534000.0,95832000.0,17825000.0,24800000.0,49198000.0,49198000.0,46786000.0,2412000.0,78007000.0,63296000.0,7529000.0,,,,97123000.0,645317000.0,8363000.0,0.0,575726000.0,17825000.0,95832000.0,769308000.0,772380000.0,81079000.0,850387000.0,126400000.0,123238000.0,123958000.0
Raymond James Financial Inc,RJF,RGUZHJ05YTITL6D76949,720005,2011.0,Q2YTD,2010-10-01,2011-03-31,,1.29,1.29,,1.29,94111000.0,227154000.0,201197000.0,31191000.0,46765000.0,156873000.0,156873000.0,162640000.0,-5767000.0,170006000.0,120527000.0,21568000.0,,,,96270000.0,1247158000.0,19869000.0,,1131471000.0,31191000.0,201197000.0,1414902000.0,1495880000.0,250984000.0,1665886000.0,126400000.0,122396000.0,123265000.0
Raymond James Financial Inc,RJF,RGUZHJ05YTITL6D76949,720005,2011.0,Q2TTM,2010-04-01,2011-03-31,,2.32,2.32,,2.32,167223000.0,409300000.0,387442000.0,62792000.0,86483000.0,278584000.0,278584000.0,292392000.0,-13808000.0,324650000.0,234303000.0,38017000.0,,,,180508000.0,2389178000.0,57510000.0,,2156534000.0,62792000.0,387442000.0,2715338000.0,2836495000.0,445807000.0,3161145000.0,126400000.0,122396000.0,123265000.0
Raymond James Financial Inc,RJF,RGUZHJ05YTITL6D76949,720005,2011.0,Q2,2011-01-01,2011-03-31,2012-05-09 11:56:24+00:00,0.64,0.64,,0.64,45320000.0,115774000.0,96811000.0,14687000.0,22820000.0,78918000.0,78918000.0,80917000.0,-1999000.0,82124000.0,63153000.0,15246000.0,,,,53622000.0,638913000.0,8637000.0,0.0,579587000.0,14687000.0,96811000.0,727819000.0,769933000.0,124238000.0,852057000.0,126400000.0,122396000.0,123265000.0
Raymond James Financial Inc,RJF,RGUZHJ05YTITL6D76949,720005,2011.0,Q1TTM,2010-01-01,2010-12-31,,2.13,2.13,,2.13,155931000.0,380583000.0,383906000.0,63653000.0,84277000.0,259846000.0,259846000.0,267103000.0,-7257000.0,320253000.0,229487000.0,32941000.0,,,,170810000.0,2309750000.0,68810000.0,,2074366000.0,63653000.0,383906000.0,2627750000.0,2723274000.0,415777000.0,3043527000.0,125700000.0,121155000.0,121534000.0
Raymond James Financial Inc,RJF,RGUZHJ05YTITL6D76949,720005,2011.0,Q1,2010-10-01,2010-12-31,2012-02-08 15:45:46+00:00,0.65,0.65,,0.65,48791000.0,111380000.0,104386000.0,16504000.0,23945000.0,77955000.0,77955000.0,81723000.0,-3768000.0,87882000.0,57374000.0,6322000.0,,,,42648000.0,608245000.0,11232000.0,,551884000.0,16504000.0,104386000.0,687083000.0,725947000.0,126746000.0,813829000.0,125700000.0,121155000.0,121534000.0
Raymond James Financial Inc,RJF,RGUZHJ05YTITL6D76949,720005,2012.0,Q4,2012-07-01,2012-09-30,,0.62,0.62,,0.6,40982000.0,112212000.0,121124000.0,27859000.0,30393000.0,76398000.0,76398000.0,83325000.0,-6927000.0,93265000.0,99249000.0,18672000.0,,,,50398000.0,841460000.0,3969000.0,18725000.0,745495000.0,27859000.0,121124000.0,948229000.0,972344000.0,117380000.0,1065609000.0,133300000.0,130806000.0,131791000.0
Raymond James Financial Inc,RJF,RGUZHJ05YTITL6D76949,720005,2012.0,FY,2011-10-01,2012-09-30,2014-11-25 15:25:33+00:00,2.22,2.22,,2.2,175656000.0,447429000.0,453258000.0,91369000.0,118712000.0,292265000.0,292265000.0,295869000.0,-3604000.0,361889000.0,330094000.0,55538000.0,,,,184568000.0,2941675000.0,25894000.0,59284000.0,2620058000.0,91369000.0,453258000.0,3338610000.0,3444642000.0,467921000.0,3806531000.0,133300000.0,130806000.0,131791000.0
Raymond James Financial Inc,RJF,RGUZHJ05YTITL6D76949,720005,2012.0,Q3YTD,2011-10-01,2012-06-30,,1.6,1.6,,1.6,134674000.0,335217000.0,332134000.0,63510000.0,88319000.0,215867000.0,215867000.0,212544000.0,3323000.0,268624000.0,230845000.0,36866000.0,,,,134170000.0,2100215000.0,21925000.0,40559000.0,1874563000.0,63510000.0,332134000.0,2390381000.0,2472298000.0,350541000.0,2740922000.0,138800000.0,135256000.0,136657000.0
Raymond James Financial Inc,RJF,RGUZHJ05YTITL6D76949,720005,2012.0,Q3TTM,2011-07-01,2012-06-30,,2.14,2.14,,2.13,191576000.0,456462000.0,427423000.0,80324000.0,111629000.0,277647000.0,277647000.0,281471000.0,-3824000.0,347099000.0,293227000.0,35275000.0,,,,178618000.0,2719869000.0,27348000.0,40559000.0,2438101000.0,80324000.0,427423000.0,3089482000.0,3211606000.0,469223000.0,3558705000.0,138800000.0,135256000.0,136657000.0
Raymond James Financial Inc,RJF,RGUZHJ05YTITL6D76949,720005,2012.0,Q3,2012-04-01,2012-06-30,2013-08-08 14:52:00+00:00,0.55,0.55,,0.55,48520000.0,130153000.0,121186000.0,29554000.0,33098000.0,89471000.0,89471000.0,76350000.0,13121000.0,91632000.0,96369000.0,14544000.0,,,,52430000.0,849879000.0,9315000.0,20955000.0,736050000.0,29554000.0,121186000.0,948217000.0,994576000.0,137991000.0,1086208000.0,138800000.0,135256000.0,136657000.0
Raymond James Financial Inc,RJF,RGUZHJ05YTITL6D76949,720005,2012.0,Q2YTD,2011-10-01,2012-03-31,,1.05,1.05,,1.05,86154000.0,205064000.0,210948000.0,33956000.0,55221000.0,126396000.0,126396000.0,136194000.0,-9798000.0,176992000.0,134476000.0,22322000.0,,,,81740000.0,1250336000.0,12610000.0,19604000.0,1138513000.0,33956000.0,210948000.0,1442164000.0,1477722000.0,212550000.0,1654714000.0,132400000.0,129353000.0,130644000.0
Raymond James Financial Inc,RJF,RGUZHJ05YTITL6D76949,720005,2012.0,Q2TTM,2011-04-01,2012-03-31,,1.96,1.96,,1.95,174937000.0,445843000.0,402069000.0,68595000.0,103331000.0,237374000.0,237374000.0,251907000.0,-14533000.0,333474000.0,260154000.0,28260000.0,,,,223311000.0,2515307000.0,26396000.0,19604000.0,2277777000.0,68595000.0,402069000.0,2910573000.0,2989410000.0,412311000.0,3322884000.0,132400000.0,129353000.0,130644000.0
Raymond James Financial Inc,RJF,RGUZHJ05YTITL6D76949,720005,2012.0,Q2,2012-01-01,2012-03-31,2013-05-09 14:34:29+00:00,0.52,0.52,,0.52,42628000.0,112223000.0,108852000.0,17916000.0,27382000.0,65274000.0,65274000.0,68869000.0,-3595000.0,90936000.0,70972000.0,12979000.0,,,,44032000.0,655799000.0,5154000.0,19604000.0,596891000.0,17916000.0,108852000.0,764035000.0,781001000.0,107902000.0,871937000.0,132400000.0,129353000.0,130644000.0
Raymond James Financial Inc,RJF,RGUZHJ05YTITL6D76949,720005,2012.0,Q1TTM,2011-01-01,2011-12-31,,2.08,2.08,,2.07,177629000.0,449394000.0,390028000.0,65366000.0,98769000.0,251018000.0,251018000.0,263955000.0,-12937000.0,324662000.0,252335000.0,30527000.0,,,,232901000.0,2498421000.0,29879000.0,,2260473000.0,65366000.0,390028000.0,2874357000.0,2978342000.0,428647000.0,3303004000.0,127000000.0,123225000.0,123712000.0
Raymond James Financial Inc,RJF,RGUZHJ05YTITL6D76949,720005,2012.0,Q1,2011-10-01,2011-12-31,2013-02-08 12:20:48+00:00,0.53,0.53,,0.53,43526000.0,92841000.0,102096000.0,16040000.0,27839000.0,61122000.0,61122000.0,67325000.0,-6203000.0,86056000.0,63504000.0,9343000.0,,,,37708000.0,594537000.0,7456000.0,0.0,541622000.0,16040000.0,102096000.0,678129000.0,696721000.0,104648000.0,782777000.0,127000000.0,123225000.0,123712000.0
Raymond James Financial Inc,RJF,RGUZHJ05YTITL6D76949,720005,2013.0,Q4,2013-07-01,2013-09-30,,0.85,0.85,,0.82,44511000.0,165650000.0,115065000.0,26955000.0,30533000.0,114032000.0,114032000.0,117458000.0,-3426000.0,88110000.0,104798000.0,18058000.0,,,,53578000.0,851490000.0,-1953000.0,21701000.0,756108000.0,26955000.0,115065000.0,964765000.0,1035198000.0,158543000.0,1123308000.0,139100000.0,137732000.0,140541000.0
Raymond James Financial Inc,RJF,RGUZHJ05YTITL6D76949,720005,2013.0,FY,2012-10-01,2013-09-30,2014-11-25 15:25:33+00:00,2.64,2.64,,2.58,197033000.0,571006000.0,473599000.0,110371000.0,124387000.0,396877000.0,396877000.0,367154000.0,29723000.0,363228000.0,414815000.0,34069000.0,,,,222269000.0,3517124000.0,2565000.0,73454000.0,3054027000.0,110371000.0,473599000.0,3891517000.0,4122199000.0,593910000.0,4485427000.0,139100000.0,137732000.0,140541000.0
Raymond James Financial Inc,RJF,RGUZHJ05YTITL6D76949,720005,2013.0,Q3,2013-04-01,2013-06-30,2014-08-08 15:38:42+00:00,0.6,0.6,,0.59,48192000.0,142658000.0,117376000.0,28192000.0,31737000.0,80705000.0,80705000.0,83862000.0,-3157000.0,89184000.0,106461000.0,-1456000.0,,,,58810000.0,879150000.0,-2142000.0,13449000.0,772324000.0,28192000.0,117376000.0,980639000.0,1020352000.0,128897000.0,1109536000.0,139800000.0,138185000.0,141231000.0
Raymond James Financial Inc,RJF,RGUZHJ05YTITL6D76949,720005,2013.0,Q3YTD,2012-10-01,2013-06-30,,1.79,1.79,,1.76,152522000.0,405356000.0,358534000.0,83416000.0,93854000.0,282845000.0,282845000.0,249696000.0,33149000.0,275118000.0,310017000.0,16011000.0,,,,168691000.0,2665634000.0,4518000.0,51753000.0,2297919000.0,83416000.0,358534000.0,2926752000.0,3087001000.0,435367000.0,3362119000.0,139800000.0,138185000.0,141231000.0
Raymond James Financial Inc,RJF,RGUZHJ05YTITL6D76949,720005,2013.0,Q3TTM,2012-07-01,2013-06-30,,2.41,2.41,,2.36,193504000.0,517568000.0,479658000.0,111275000.0,124247000.0,359243000.0,359243000.0,333021000.0,26222000.0,368383000.0,409266000.0,34683000.0,,,,219089000.0,3507094000.0,8487000.0,70478000.0,3043414000.0,111275000.0,479658000.0,3874981000.0,4059345000.0,552747000.0,4427728000.0,139800000.0,138185000.0,141231000.0
Raymond James Financial Inc,RJF,RGUZHJ05YTITL6D76949,720005,2013.0,Q2YTD,2012-10-01,2013-03-31,,1.19,1.19,,1.17,104330000.0,262698000.0,241158000.0,55224000.0,62117000.0,202140000.0,202140000.0,165834000.0,36306000.0,185934000.0,203556000.0,17467000.0,,,,109881000.0,1786484000.0,6660000.0,38304000.0,1525595000.0,55224000.0,241158000.0,1946113000.0,2066649000.0,306470000.0,2252583000.0,140300000.0,137817000.0,140722000.0
Raymond James Financial Inc,RJF,RGUZHJ05YTITL6D76949,720005,2013.0,Q2TTM,2012-04-01,2013-03-31,,2.36,2.36,,2.32,193832000.0,505063000.0,483468000.0,112637000.0,125608000.0,368009000.0,368009000.0,325509000.0,42500000.0,370831000.0,399174000.0,50683000.0,,,,212709000.0,3477823000.0,19944000.0,77984000.0,3007140000.0,112637000.0,483468000.0,3842559000.0,4033569000.0,561841000.0,4404400000.0,140300000.0,137817000.0,140722000.0
Raymond James Financial Inc,RJF,RGUZHJ05YTITL6D76949,720005,2013.0,Q2,2013-01-01,2013-03-31,2014-05-09 15:21:47+00:00,0.57,0.57,,0.56,51057000.0,115758000.0,118032000.0,27203000.0,31488000.0,108246000.0,108246000.0,79960000.0,28286000.0,90829000.0,103712000.0,8128000.0,,,,60886000.0,928380000.0,3737000.0,20922000.0,763047000.0,27203000.0,118032000.0,983792000.0,1052266000.0,159303000.0,1143095000.0,140300000.0,137817000.0,140722000.0
Raymond James Financial Inc,RJF,RGUZHJ05YTITL6D76949,720005,2013.0,Q1TTM,2012-01-01,2012-12-31,,2.31,2.31,,2.28,185403000.0,501528000.0,474288000.0,103350000.0,121502000.0,325037000.0,325037000.0,314418000.0,10619000.0,370938000.0,366434000.0,55534000.0,,,,195855000.0,3205242000.0,21361000.0,76666000.0,2840984000.0,103350000.0,474288000.0,3622802000.0,3762304000.0,510440000.0,4133242000.0,138500000.0,136524000.0,138694000.0
Raymond James Financial Inc,RJF,RGUZHJ05YTITL6D76949,720005,2013.0,Q1,2012-10-01,2012-12-31,2014-02-07 16:19:13+00:00,0.62,0.62,,0.61,53273000.0,146940000.0,123126000.0,28021000.0,30629000.0,93894000.0,93894000.0,85874000.0,8020000.0,95105000.0,99844000.0,9339000.0,,,,48995000.0,858104000.0,2923000.0,17382000.0,762548000.0,28021000.0,123126000.0,962321000.0,1014383000.0,147167000.0,1109488000.0,138500000.0,136524000.0,138694000.0
Raymond James Financial Inc,RJF,RGUZHJ05YTITL6D76949,720005,2014.0,FY,2013-10-01,2014-09-30,2016-11-22 16:18:21+00:00,3.41,3.41,,3.32,267797000.0,703183000.0,480886000.0,104091000.0,139672000.0,448151000.0,448151000.0,480248000.0,-32097000.0,376795000.0,414377000.0,64643000.0,,,,265172000.0,3716748000.0,13565000.0,0.0,3312635000.0,104091000.0,480886000.0,4145421000.0,4484574000.0,715948000.0,4861369000.0,140800000.0,139935000.0,143589000.0
Raymond James Financial Inc,RJF,RGUZHJ05YTITL6D76949,720005,2014.0,Q4,2014-07-01,2014-09-30,,0.97,0.97,,0.94,76048000.0,206791000.0,126009000.0,25687000.0,35682000.0,129156000.0,129156000.0,136366000.0,-7210000.0,100322000.0,99340000.0,14374000.0,,,,69489000.0,963604000.0,5483000.0,,869893000.0,25687000.0,126009000.0,1079887000.0,1184769000.0,205204000.0,1285091000.0,140800000.0,139935000.0,143589000.0
Raymond James Financial Inc,RJF,RGUZHJ05YTITL6D76949,720005,2014.0,Q3,2014-04-01,2014-06-30,2014-08-08 15:38:42+00:00,0.87,0.87,,0.85,68554000.0,167774000.0,119391000.0,27052000.0,35079000.0,110379000.0,110379000.0,122689000.0,-12310000.0,92339000.0,104098000.0,17276000.0,,,,66148000.0,936842000.0,4467000.0,0.0,825506000.0,27052000.0,119391000.0,1035298000.0,1121892000.0,178933000.0,1214231000.0,141000000.0,140270000.0,143985000.0
Raymond James Financial Inc,RJF,RGUZHJ05YTITL6D76949,720005,2014.0,Q3YTD,2013-10-01,2014-06-30,,2.44,2.44,,2.38,191749000.0,496392000.0,354877000.0,78404000.0,103990000.0,318995000.0,318995000.0,343882000.0,-24887000.0,276473000.0,315037000.0,50269000.0,,,,195683000.0,2753144000.0,8082000.0,,2442742000.0,78404000.0,354877000.0,3065534000.0,3299805000.0,510744000.0,3576278000.0,141000000.0,140270000.0,143985000.0
Raymond James Financial Inc,RJF,RGUZHJ05YTITL6D76949,720005,2014.0,Q3TTM,2013-07-01,2014-06-30,,3.29,3.29,,3.2,236260000.0,662042000.0,469942000.0,105359000.0,134523000.0,433027000.0,433027000.0,461340000.0,-28313000.0,364583000.0,419835000.0,68327000.0,,,,249261000.0,3604634000.0,6129000.0,21701000.0,3198850000.0,105359000.0,469942000.0,4030299000.0,4335003000.0,669287000.0,4699586000.0,141000000.0,140270000.0,143985000.0
Raymond James Financial Inc,RJF,RGUZHJ05YTITL6D76949,720005,2014.0,Q2YTD,2013-10-01,2014-03-31,,1.57,1.57,,1.53,123195000.0,328618000.0,235486000.0,51352000.0,68911000.0,208616000.0,208616000.0,221193000.0,-12577000.0,184134000.0,210939000.0,32993000.0,,,,129535000.0,1816302000.0,3615000.0,,1617236000.0,51352000.0,235486000.0,2030236000.0,2177913000.0,331811000.0,2362047000.0,141300000.0,139888000.0,143636000.0
Raymond James Financial Inc,RJF,RGUZHJ05YTITL6D76949,720005,2014.0,Q2TTM,2013-04-01,2014-03-31,,3.02,3.02,,2.94,215898000.0,636926000.0,467927000.0,106499000.0,131181000.0,403353000.0,403353000.0,422513000.0,-19160000.0,361428000.0,422198000.0,49595000.0,,,,241923000.0,3546942000.0,-480000.0,35150000.0,3145668000.0,106499000.0,467927000.0,3975640000.0,4233463000.0,619251000.0,4594891000.0,141300000.0,139888000.0,143636000.0
Raymond James Financial Inc,RJF,RGUZHJ05YTITL6D76949,720005,2014.0,Q2,2014-01-01,2014-03-31,2015-05-08 14:41:03+00:00,0.74,0.74,,0.72,60904000.0,155407000.0,118393000.0,25980000.0,36667000.0,92095000.0,92095000.0,104560000.0,-12465000.0,92413000.0,109400000.0,14842000.0,,,,65309000.0,915983000.0,1979000.0,,812291000.0,25980000.0,118393000.0,1025646000.0,1086232000.0,152999000.0,1178645000.0,141300000.0,139888000.0,143636000.0
Raymond James Financial Inc,RJF,RGUZHJ05YTITL6D76949,720005,2014.0,Q1TTM,2013-01-01,2013-12-31,,2.85,2.85,,2.78,206051000.0,597277000.0,467566000.0,107722000.0,126002000.0,419504000.0,419504000.0,397913000.0,21591000.0,359844000.0,416510000.0,42881000.0,,,,237500000.0,3559339000.0,1278000.0,56072000.0,3096424000.0,107722000.0,467566000.0,3933786000.0,4199497000.0,625555000.0,4559341000.0,140500000.0,139089000.0,142597000.0
Raymond James Financial Inc,RJF,RGUZHJ05YTITL6D76949,720005,2014.0,Q1,2013-10-01,2013-12-31,2015-02-06 16:26:46+00:00,0.83,0.83,,0.81,62291000.0,173211000.0,117093000.0,25372000.0,32244000.0,116521000.0,116521000.0,116633000.0,-112000.0,91721000.0,101539000.0,18151000.0,,,,64226000.0,900319000.0,1636000.0,,804945000.0,25372000.0,117093000.0,1004590000.0,1091681000.0,178812000.0,1183402000.0,140500000.0,139089000.0,142597000.0
Raymond James Financial Inc,RJF,RGUZHJ05YTITL6D76949,720005,2015.0,FY,2014-10-01,2015-09-30,2017-11-21 17:36:18+00:00,3.51,3.51,,3.43,296034000.0,710030000.0,543282000.0,106074000.0,158966000.0,518578000.0,518578000.0,502140000.0,16438000.0,437208000.0,429625000.0,58512000.0,,,,251583000.0,3997856000.0,23570000.0,0.0,3525250000.0,106074000.0,543282000.0,4388994000.0,4766398000.0,814612000.0,5203606000.0,143100000.0,142548000.0,145939000.0
Raymond James Financial Inc,RJF,RGUZHJ05YTITL6D76949,720005,2015.0,Q4,2015-07-01,2015-09-30,,0.9,0.9,,0.88,77630000.0,195252000.0,543282000.0,106074000.0,39359000.0,161405000.0,161405000.0,129186000.0,32219000.0,115493000.0,112511000.0,16355000.0,-81954000.0,-403669000.0,,36777000.0,1017279000.0,14205000.0,,903420000.0,24120000.0,139613000.0,1105344000.0,1228886000.0,239035000.0,1344379000.0,143100000.0,142548000.0,145939000.0
Raymond James Financial Inc,RJF,RGUZHJ05YTITL6D76949,720005,2015.0,Q3,2015-04-01,2015-06-30,2016-08-08 17:16:53+00:00,0.93,0.93,,0.91,74935000.0,173223000.0,,,40127000.0,126360000.0,126360000.0,133195000.0,-6835000.0,109423000.0,109536000.0,16216000.0,27724000.0,137147000.0,,71698000.0,1022127000.0,,0.0,901342000.0,27724000.0,137147000.0,1119694000.0,1211566000.0,201295000.0,1320989000.0,143200000.0,143252000.0,146493000.0
Raymond James Financial Inc,RJF,RGUZHJ05YTITL6D76949,720005,2015.0,Q3YTD,2014-10-01,2015-06-30,,2.61,2.61,,2.55,218404000.0,514778000.0,,,119607000.0,357173000.0,357173000.0,372954000.0,-15781000.0,321715000.0,317114000.0,42157000.0,81954000.0,403669000.0,,214806000.0,2980577000.0,9365000.0,,2621830000.0,81954000.0,403669000.0,3283650000.0,3537512000.0,575577000.0,3859227000.0,143200000.0,143252000.0,146493000.0
Raymond James Financial Inc,RJF,RGUZHJ05YTITL6D76949,720005,2015.0,Q3TTM,2014-07-01,2015-06-30,,3.58,3.58,,3.49,294452000.0,721569000.0,126009000.0,25687000.0,155289000.0,486329000.0,486329000.0,509320000.0,-22991000.0,422037000.0,416454000.0,56531000.0,81954000.0,403669000.0,,284295000.0,3944181000.0,14848000.0,,3491723000.0,107641000.0,529678000.0,4363537000.0,4722281000.0,780781000.0,5144318000.0,143200000.0,143252000.0,146493000.0
Raymond James Financial Inc,RJF,RGUZHJ05YTITL6D76949,720005,2015.0,Q2,2015-01-01,2015-03-31,2016-05-06 16:53:27+00:00,0.79,0.79,,0.77,66857000.0,165256000.0,,,42490000.0,108776000.0,108776000.0,113463000.0,-4687000.0,107567000.0,109239000.0,17060000.0,26846000.0,134413000.0,,72245000.0,995895000.0,,0.0,882234000.0,26846000.0,134413000.0,1110145000.0,1178211000.0,175633000.0,1285778000.0,143600000.0,142320000.0,146050000.0
Raymond James Financial Inc,RJF,RGUZHJ05YTITL6D76949,720005,2015.0,Q2YTD,2014-10-01,2015-03-31,,1.68,1.68,,1.64,143469000.0,341555000.0,,,79480000.0,230813000.0,230813000.0,239759000.0,-8946000.0,212292000.0,207578000.0,25941000.0,54230000.0,266522000.0,,143108000.0,1958450000.0,9365000.0,,1720488000.0,54230000.0,266522000.0,2163956000.0,2325946000.0,374282000.0,2538238000.0,143600000.0,142320000.0,146050000.0
Raymond James Financial Inc,RJF,RGUZHJ05YTITL6D76949,720005,2015.0,Q2TTM,2014-04-01,2015-03-31,,3.52,3.52,,3.43,288071000.0,716120000.0,245400000.0,52739000.0,150241000.0,470348000.0,470348000.0,498814000.0,-28466000.0,404953000.0,411016000.0,57591000.0,54230000.0,266522000.0,,278745000.0,3858896000.0,19315000.0,,3415887000.0,106969000.0,511922000.0,4279141000.0,4632607000.0,758419000.0,5037560000.0,143600000.0,142320000.0,146050000.0
Raymond James Financial Inc,RJF,RGUZHJ05YTITL6D76949,720005,2015.0,Q1,2014-10-01,2014-12-31,2016-02-08 15:43:22+00:00,0.89,0.89,,0.87,76612000.0,176299000.0,,,36990000.0,122037000.0,122037000.0,126296000.0,-4259000.0,104725000.0,98339000.0,8881000.0,27384000.0,132109000.0,,70863000.0,962555000.0,9365000.0,0.0,838254000.0,27384000.0,132109000.0,1053811000.0,1147735000.0,198649000.0,1252460000.0,141900000.0,141246000.0,145282000.0
Raymond James Financial Inc,RJF,RGUZHJ05YTITL6D76949,720005,2015.0,Q1TTM,2014-01-01,2014-12-31,,3.47,3.47,,3.38,282118000.0,706271000.0,363793000.0,78719000.0,144418000.0,453667000.0,453667000.0,489911000.0,-36244000.0,389799000.0,411177000.0,55373000.0,27384000.0,132109000.0,,271809000.0,3778984000.0,21294000.0,,3345944000.0,106103000.0,495902000.0,4194642000.0,4540628000.0,735785000.0,4930427000.0,141900000.0,141246000.0,145282000.0
Raymond James Financial Inc,RJF,RGUZHJ05YTITL6D76949,720005,2016.0,Q3,2016-04-01,2016-06-30,2017-08-08 16:50:32+00:00,0.89,0.89,,0.87,72261000.0,169057000.0,163810000.0,28033000.0,36488000.0,132593000.0,132593000.0,125504000.0,7089000.0,135777000.0,112542000.0,29795000.0,,,,79299000.0,1024335000.0,3452000.0,13445000.0,908884000.0,28033000.0,163810000.0,1154110000.0,1223187000.0,204854000.0,1358964000.0,141000000.0,141165000.0,143952000.0
Raymond James Financial Inc,RJF,RGUZHJ05YTITL6D76949,720005,2016.0,Q3YTD,2015-10-01,2016-06-30,,2.52,2.52,,2.47,206541000.0,487787000.0,467920000.0,83841000.0,112529000.0,362494000.0,362494000.0,357680000.0,4814000.0,384079000.0,335842000.0,66379000.0,,,,216175000.0,3006878000.0,26991000.0,21332000.0,2663219000.0,83841000.0,467920000.0,3376088000.0,3561044000.0,569035000.0,3945123000.0,141000000.0,141165000.0,143952000.0
Raymond James Financial Inc,RJF,RGUZHJ05YTITL6D76949,720005,2016.0,Q3TTM,2015-07-01,2016-06-30,,3.42,3.42,,3.35,284171000.0,683039000.0,1011202000.0,189915000.0,151888000.0,523899000.0,523899000.0,486866000.0,37033000.0,499572000.0,448353000.0,82734000.0,-81954000.0,-403669000.0,,252952000.0,4024157000.0,41196000.0,21332000.0,3566639000.0,107961000.0,607533000.0,4481432000.0,4789930000.0,808070000.0,5289502000.0,141000000.0,141165000.0,143952000.0
Raymond James Financial Inc,RJF,RGUZHJ05YTITL6D76949,720005,2016.0,Q2,2016-01-01,2016-03-31,2017-05-10 16:47:00+00:00,0.89,0.89,,0.87,72271000.0,162575000.0,161638000.0,29109000.0,35417000.0,121837000.0,121837000.0,125847000.0,-4010000.0,132529000.0,109373000.0,14415000.0,,,,69522000.0,1002482000.0,9629000.0,6015000.0,887937000.0,29109000.0,161638000.0,1117893000.0,1179472000.0,194108000.0,1312001000.0,141400000.0,141472000.0,144012000.0
Raymond James Financial Inc,RJF,RGUZHJ05YTITL6D76949,720005,2016.0,Q2YTD,2015-10-01,2016-03-31,,1.63,1.63,,1.6,134280000.0,318730000.0,304110000.0,55808000.0,76041000.0,229901000.0,229901000.0,232176000.0,-2275000.0,248302000.0,223300000.0,36584000.0,,,,136876000.0,1982543000.0,23539000.0,7887000.0,1754335000.0,55808000.0,304110000.0,2221978000.0,2337857000.0,364181000.0,2586159000.0,141400000.0,141472000.0,144012000.0
Raymond James Financial Inc,RJF,RGUZHJ05YTITL6D76949,720005,2016.0,Q2TTM,2015-04-01,2016-03-31,,3.46,3.46,,3.39,286845000.0,687205000.0,847392000.0,161882000.0,155527000.0,517666000.0,517666000.0,494557000.0,23109000.0,473218000.0,445347000.0,69155000.0,-54230000.0,-266522000.0,,245351000.0,4021949000.0,37744000.0,7887000.0,3559097000.0,107652000.0,580870000.0,4447016000.0,4778309000.0,804511000.0,5251527000.0,141400000.0,141472000.0,144012000.0
Raymond James Financial Inc,RJF,RGUZHJ05YTITL6D76949,720005,2016.0,Q1,2015-10-01,2015-12-31,2017-02-08 11:12:54+00:00,0.74,0.74,,0.73,62009000.0,156155000.0,142472000.0,26699000.0,40624000.0,108064000.0,108064000.0,106329000.0,1735000.0,115773000.0,113927000.0,22169000.0,,,,67354000.0,980061000.0,13910000.0,1872000.0,866398000.0,26699000.0,142472000.0,1104085000.0,1158385000.0,170073000.0,1274158000.0,143700000.0,143058000.0,146141000.0
Raymond James Financial Inc,RJF,RGUZHJ05YTITL6D76949,720005,2016.0,Q1TTM,2015-01-01,2015-12-31,,3.36,3.36,,3.29,281431000.0,689886000.0,685754000.0,132773000.0,162600000.0,504605000.0,504605000.0,482173000.0,22432000.0,448256000.0,445213000.0,71800000.0,-27384000.0,-132109000.0,,248074000.0,4015362000.0,28115000.0,1872000.0,3553394000.0,105389000.0,553645000.0,4439268000.0,4777048000.0,786036000.0,5225304000.0,143700000.0,143058000.0,146141000.0
Raymond James Financial Inc,RJF,RGUZHJ05YTITL6D76949,720005,2017.0,FY,2016-10-01,2017-09-30,2019-11-26 16:37:08+00:00,4.43,4.43,0.86,4.33,289000000.0,,802000000.0,154000000.0,155000000.0,636000000.0,636000000.0,636000000.0,,648000000.0,488000000.0,,,,0.0,498000000.0,5723000000.0,59000000.0,18000000.0,4228000000.0,154000000.0,802000000.0,5446000000.0,5723000000.0,925000000.0,6371000000.0,143600000.0,143300000.0,146600000.0
Raymond James Financial Inc,RJF,RGUZHJ05YTITL6D76949,720005,2017.0,Q4,2017-07-01,2017-09-30,,1.35,1.35,,1.32,84840000.0,-603894000.0,222450000.0,42797000.0,38814000.0,194401000.0,194401000.0,193254000.0,1147000.0,179653000.0,121896000.0,-59770000.0,,,,108123000.0,2174025000.0,37621000.0,882000.0,1103437000.0,42797000.0,222450000.0,1410773000.0,1510361000.0,279241000.0,1690014000.0,143600000.0,143300000.0,146600000.0
Raymond James Financial Inc,RJF,RGUZHJ05YTITL6D76949,720005,2017.0,Q3,2017-04-01,2017-06-30,2018-08-07 15:58:37+00:00,1.27,1.27,,1.24,91590000.0,221569000.0,204224000.0,38560000.0,39305000.0,185351000.0,185351000.0,183424000.0,1927000.0,165664000.0,124326000.0,23404000.0,,,,92018000.0,1213910000.0,6209000.0,3366000.0,1082382000.0,38560000.0,204224000.0,1347606000.0,1458883000.0,276941000.0,1624547000.0,144400000.0,143712000.0,147103000.0
Raymond James Financial Inc,RJF,RGUZHJ05YTITL6D76949,720005,2017.0,Q3YTD,2016-10-01,2017-06-30,,3.08,3.08,,3.01,204160000.0,603894000.0,579550000.0,111203000.0,116186000.0,441599000.0,441599000.0,442746000.0,-1147000.0,468347000.0,366104000.0,59770000.0,,,,389877000.0,3548975000.0,21379000.0,17118000.0,3124563000.0,111203000.0,579550000.0,4035227000.0,4212639000.0,645759000.0,4680986000.0,144400000.0,143712000.0,147103000.0
Raymond James Financial Inc,RJF,RGUZHJ05YTITL6D76949,720005,2017.0,Q2,2017-01-01,2017-03-31,2018-05-08 19:30:19+00:00,0.78,0.78,,0.77,52758000.0,212657000.0,192544000.0,36677000.0,41519000.0,108545000.0,108545000.0,112755000.0,-4210000.0,155867000.0,123565000.0,15811000.0,,,,184240000.0,1179302000.0,16210000.0,1086000.0,1035714000.0,36677000.0,192544000.0,1402334000.0,1407770000.0,161303000.0,1563637000.0,144600000.0,143367000.0,146779000.0
Raymond James Financial Inc,RJF,RGUZHJ05YTITL6D76949,720005,2017.0,Q2YTD,2016-10-01,2017-03-31,,1.81,1.81,,1.77,112570000.0,382325000.0,375326000.0,72643000.0,76881000.0,256248000.0,256248000.0,259322000.0,-3074000.0,302683000.0,241778000.0,36366000.0,,,,297859000.0,2335065000.0,15170000.0,13752000.0,2042181000.0,72643000.0,375326000.0,2687621000.0,2753756000.0,368818000.0,3056439000.0,144600000.0,143367000.0,146779000.0
Raymond James Financial Inc,RJF,RGUZHJ05YTITL6D76949,720005,2017.0,Q1,2016-10-01,2016-12-31,2018-02-08 17:15:27+00:00,1.03,1.03,,1.0,59812000.0,169668000.0,182782000.0,35966000.0,35362000.0,147703000.0,147703000.0,146567000.0,1136000.0,146816000.0,118213000.0,20555000.0,,,,113619000.0,1155763000.0,-1040000.0,12666000.0,1006467000.0,35966000.0,182782000.0,1285287000.0,1345986000.0,207515000.0,1492802000.0,142300000.0,142110000.0,145675000.0
Raymond James Financial Inc,RJF,RGUZHJ05YTITL6D76949,720005,2018.0,FY,2017-10-01,2018-09-30,2019-11-26 16:37:08+00:00,5.89,5.89,1.02,5.75,454000000.0,,1044000000.0,202000000.0,181000000.0,857000000.0,857000000.0,857000000.0,,842000000.0,554000000.0,,,,0.0,409000000.0,6432000000.0,20000000.0,4000000.0,4795000000.0,202000000.0,1044000000.0,5963000000.0,6432000000.0,1311000000.0,7274000000.0,145500000.0,145300000.0,148800000.0
Raymond James Financial Inc,RJF,RGUZHJ05YTITL6D76949,720005,2018.0,Q3,2018-04-01,2018-06-30,2019-08-08 09:18:35+00:00,1.59,1.59,,1.55,86000000.0,,271000000.0,54000000.0,57000000.0,232000000.0,232000000.0,232000000.0,0.0,217000000.0,138000000.0,,,,,111000000.0,1620000000.0,5000000.0,0.0,1208000000.0,54000000.0,271000000.0,1519000000.0,1620000000.0,318000000.0,1837000000.0,145900000.0,145600000.0,149400000.0
Raymond James Financial Inc,RJF,RGUZHJ05YTITL6D76949,720005,2018.0,Q2,2018-01-01,2018-03-31,2019-05-09 16:28:31+00:00,1.67,1.67,,1.63,89000000.0,,249000000.0,45000000.0,43000000.0,243000000.0,243000000.0,243000000.0,0.0,204000000.0,143000000.0,,,,,90000000.0,1608000000.0,8000000.0,0.0,1196000000.0,45000000.0,249000000.0,1480000000.0,1608000000.0,332000000.0,1812000000.0,145500000.0,145400000.0,149000000.0
Raymond James Financial Inc,RJF,RGUZHJ05YTITL6D76949,720005,2019.0,FY,2018-10-01,2019-09-30,2019-11-26 16:37:08+00:00,7.32,7.32,1.32,7.17,341000000.0,,1281000000.0,283000000.0,194000000.0,1034000000.0,1034000000.0,1034000000.0,,998000000.0,591000000.0,,,,0.0,456000000.0,6742000000.0,22000000.0,15000000.0,5087000000.0,283000000.0,1281000000.0,6365000000.0,6742000000.0,1375000000.0,7740000000.0,141300000.0,141000000.0,144000000.0
Raymond James Financial Inc,RJF,RGUZHJ05YTITL6D76949,720005,2019.0,Q4,2019-07-01,2019-09-30,,1.9,1.9,,1.87,89000000.0,,320000000.0,62000000.0,53000000.0,3565000000.0,3565000000.0,3563000000.0,2000000.0,258000000.0,154000000.0,,,,,134000000.0,5063000000.0,6000000.0,,1320000000.0,62000000.0,320000000.0,1667000000.0,5063000000.0,3654000000.0,5321000000.0,141300000.0,141000000.0,144000000.0
Raymond James Financial Inc,RJF,RGUZHJ05YTITL6D76949,720005,2019.0,Q3YTD,2018-10-01,2019-06-30,,5.42,5.42,,5.3,252000000.0,,961000000.0,221000000.0,141000000.0,-2531000000.0,-2531000000.0,-2529000000.0,-2000000.0,740000000.0,437000000.0,,,,,322000000.0,1679000000.0,16000000.0,15000000.0,3767000000.0,221000000.0,961000000.0,4698000000.0,1679000000.0,-2279000000.0,2419000000.0,140800000.0,140400000.0,143600000.0
Raymond James Financial Inc,RJF,RGUZHJ05YTITL6D76949,720005,2019.0,Q3,2019-04-01,2019-06-30,2019-08-08 09:18:35+00:00,1.84,1.84,,1.8,83000000.0,,321000000.0,73000000.0,57000000.0,257000000.0,257000000.0,259000000.0,-2000000.0,248000000.0,147000000.0,,,,,111000000.0,1679000000.0,-5000000.0,0.0,1277000000.0,73000000.0,321000000.0,1587000000.0,1679000000.0,340000000.0,1927000000.0,140800000.0,140400000.0,143600000.0
Raymond James Financial Inc,RJF,RGUZHJ05YTITL6D76949,720005,2019.0,Q2,2019-01-01,2019-03-31,2020-05-08 14:09:49+00:00,1.85,1.85,,1.81,86000000.0,,324000000.0,75000000.0,41000000.0,-1349000000.0,-1349000000.0,-1349000000.0,,249000000.0,147000000.0,,,,,94000000.0,,5000000.0,0.0,1225000000.0,75000000.0,324000000.0,1512000000.0,,-1263000000.0,249000000.0,-729200000.0,140800000.0,143900000.0
Raymond James Financial Inc,RJF,RGUZHJ05YTITL6D76949,720005,2019.0,Q2YTD,2018-10-01,2019-03-31,,3.58,3.58,,3.5,169000000.0,,640000000.0,148000000.0,84000000.0,-2788000000.0,-2788000000.0,-2788000000.0,,492000000.0,290000000.0,,,,,211000000.0,,21000000.0,15000000.0,2490000000.0,148000000.0,640000000.0,3111000000.0,,-2619000000.0,492000000.0,-729200000.0,140800000.0,143900000.0
Raymond James Financial Inc,RJF,RGUZHJ05YTITL6D76949,720005,2019.0,Q1,2018-10-01,2018-12-31,2020-02-07 11:05:44+00:00,1.73,1.73,0.3,1.69,83000000.0,,316000000.0,73000000.0,43000000.0,-1439000000.0,-1439000000.0,-1439000000.0,,243000000.0,143000000.0,,,,,117000000.0,,16000000.0,15000000.0,1265000000.0,73000000.0,316000000.0,1599000000.0,,-1356000000.0,243000000.0,-831800000.0,144200000.0,147300000.0
Raymond James Financial Inc,RJF,RGUZHJ05YTITL6D76949,720005,2020.0,Q2YTD,2019-10-01,2020-03-31,,3.15,3.15,,3.09,161000000.0,,582000000.0,94000000.0,85000000.0,-3152000000.0,-3152000000.0,-3152000000.0,,488000000.0,306000000.0,,,,,208000000.0,,107000000.0,,2773000000.0,94000000.0,582000000.0,3479000000.0,,-2991000000.0,488000000.0,-1358200000.0,138400000.0,141100000.0
Raymond James Financial Inc,RJF,RGUZHJ05YTITL6D76949,720005,2020.0,Q2TTM,2019-04-01,2020-03-31,,6.89,6.89,,6.76,333000000.0,,1223000000.0,229000000.0,195000000.0,670000000.0,670000000.0,670000000.0,,994000000.0,607000000.0,,,,,453000000.0,6742000000.0,108000000.0,,5370000000.0,229000000.0,1223000000.0,6733000000.0,6742000000.0,1003000000.0,7736000000.0,-1358200000.0,138400000.0,141100000.0
Raymond James Financial Inc,RJF,RGUZHJ05YTITL6D76949,720005,2020.0,Q2,2020-01-01,2020-03-31,2020-05-08 14:09:49+00:00,1.22,1.22,,1.2,70000000.0,,285000000.0,43000000.0,41000000.0,-1657000000.0,-1657000000.0,-1657000000.0,,242000000.0,155000000.0,,,,,102000000.0,,109000000.0,0.0,1422000000.0,43000000.0,285000000.0,1829000000.0,,-1587000000.0,242000000.0,-1358200000.0,138400000.0,141100000.0
Raymond James Financial Inc,RJF,RGUZHJ05YTITL6D76949,720005,2020.0,Q1TTM,2019-01-01,2019-12-31,,7.52,7.52,,7.37,349000000.0,,1262000000.0,261000000.0,195000000.0,978000000.0,978000000.0,978000000.0,,1001000000.0,599000000.0,,,,,445000000.0,6742000000.0,4000000.0,,5173000000.0,261000000.0,1262000000.0,6416000000.0,6742000000.0,1327000000.0,7743000000.0,-774600000.0,138300000.0,141500000.0
Raymond James Financial Inc,RJF,RGUZHJ05YTITL6D76949,720005,2020.0,Q1,2019-10-01,2019-12-31,2020-02-07 11:05:44+00:00,1.93,1.93,0.34,1.89,91000000.0,,297000000.0,51000000.0,44000000.0,-1495000000.0,-1495000000.0,-1495000000.0,,246000000.0,151000000.0,,,,,106000000.0,,-2000000.0,0.0,1351000000.0,51000000.0,297000000.0,1650000000.0,,-1404000000.0,246000000.0,-774600000.0,138300000.0,141500000.0
