company_name,company_ticker,company_lei,company_cik,year,quarter,start_date,end_date,filing_date,amortizationexpense,basicdilutedeps,basiceps,cashdividendspershare,depositsinterestexpense,depositsinterestincome,dilutedeps,incometaxexpense,investmentbankingincome,investmentsecuritiesinterestincome,loansandleaseinterestincome,longtermdebtinterestexpense,netincome,netincomecontinuing,netincomediscontinued,netincometocommon,netincometononcontrollinginterest,netinterestincome,netoccupancyequipmentexpense,netrealizedcapitalgains,otheradjustmentstonetincometocommon,otherinterestincome,othernoninterestincome,otheroperatingexpenses,otherservicechargeincome,preferreddividends,propertyliabilityinsuranceclaims,provisionforcreditlosses,restructuringcharge,salariesandemployeebenefitsexpense,totalinterestexpense,totalinterestincome,totalnoninterestexpense,totalnoninterestincome,totalpretaxincome,totalrevenue,trustfeeincome,weightedavebasicdilutedsharesos,weightedavebasicsharesos,weightedavedilutedsharesos
People's United Financial Inc,PBCT,ROPY7PEPIPIDJNF0BO69,1378946,2007.0,FY,2007-01-01,2007-12-31,2010-03-01 15:28:14+00:00,,0.52,0.52,,213600000.0,,0.52,75500000.0,,52200000.0,568100000.0,6800000.0,150700000.0,149200000.0,1500000.0,150700000.0,,486600000.0,67100000.0,8500000.0,,86700000.0,10500000.0,156600000.0,152800000.0,,,8000000.0,0.0,215600000.0,220400000.0,707000000.0,439300000.0,185400000.0,224700000.0,672000000.0,13600000.0,289800000.0,289800000.0,289800000.0
People's United Financial Inc,PBCT,ROPY7PEPIPIDJNF0BO69,1378946,2008.0,FY,2008-01-01,2008-12-31,2011-03-01 16:03:36+00:00,,0.41,0.41,,262100000.0,,0.41,67000000.0,,38300000.0,832000000.0,18700000.0,137800000.0,137800000.0,,137800000.0,,636400000.0,110300000.0,14800000.0,,46900000.0,8300000.0,230200000.0,264500000.0,,,26200000.0,23900000.0,344600000.0,280800000.0,917200000.0,709000000.0,303600000.0,204800000.0,940000000.0,16000000.0,336100000.0,336100000.0,336100000.0
People's United Financial Inc,PBCT,ROPY7PEPIPIDJNF0BO69,1378946,2008.0,Q3,2008-07-01,2008-09-30,2009-11-09 13:45:13+00:00,,0.14,0.14,,58000000.0,,0.14,22500000.0,,5300000.0,204600000.0,4600000.0,46000000.0,46000000.0,,46000000.0,,159800000.0,26100000.0,1300000.0,,12500000.0,2100000.0,47000000.0,66700000.0,,,6800000.0,0.0,85600000.0,62600000.0,222400000.0,158700000.0,74200000.0,68500000.0,234000000.0,4100000.0,328600000.0,328600000.0,328600000.0
People's United Financial Inc,PBCT,ROPY7PEPIPIDJNF0BO69,1378946,2008.0,Q2,2008-04-01,2008-06-30,2009-08-10 14:21:18+00:00,,0.13,0.13,,65800000.0,,0.13,22100000.0,,11300000.0,206800000.0,4700000.0,43000000.0,43000000.0,,43000000.0,,157000000.0,26100000.0,2000000.0,,9400000.0,1700000.0,50100000.0,65500000.0,,,2400000.0,0.0,86700000.0,70500000.0,227500000.0,162900000.0,73400000.0,65100000.0,230400000.0,4200000.0,330800000.0,330800000.0,330800000.0
People's United Financial Inc,PBCT,ROPY7PEPIPIDJNF0BO69,1378946,2009.0,FY,2009-01-01,2009-12-31,2012-02-29 17:09:42+00:00,,0.3,0.3,,173400000.0,,0.3,43100000.0,,33200000.0,727100000.0,16600000.0,101200000.0,101200000.0,,101200000.0,,576800000.0,109800000.0,35900000.0,,6500000.0,8400000.0,197500000.0,227800000.0,,,57000000.0,2000000.0,350500000.0,190000000.0,766800000.0,659800000.0,284300000.0,144300000.0,861100000.0,12200000.0,337300000.0,337300000.0,337300000.0
People's United Financial Inc,PBCT,ROPY7PEPIPIDJNF0BO69,1378946,2009.0,Q4,2009-10-01,2009-12-31,,,0.07,0.07,,35900000.0,,0.07,8500000.0,,8600000.0,177100000.0,4100000.0,24900000.0,24900000.0,,24900000.0,,147500000.0,28000000.0,2900000.0,,1800000.0,1900000.0,28200000.0,39200000.0,,,13600000.0,2000000.0,89200000.0,40000000.0,187500000.0,147400000.0,46900000.0,33400000.0,194400000.0,2900000.0,337300000.0,337300000.0,337300000.0
People's United Financial Inc,PBCT,ROPY7PEPIPIDJNF0BO69,1378946,2009.0,Q3,2009-07-01,2009-09-30,2010-11-09 13:42:10+00:00,,0.08,0.08,,42500000.0,,0.08,12100000.0,,7900000.0,182600000.0,4100000.0,26800000.0,26800000.0,,26800000.0,,145300000.0,27500000.0,9900000.0,,1400000.0,2200000.0,51600000.0,65300000.0,,,21500000.0,0.0,86000000.0,46600000.0,191900000.0,165100000.0,80200000.0,38900000.0,225500000.0,2800000.0,335000000.0,335000000.0,335000000.0
People's United Financial Inc,PBCT,ROPY7PEPIPIDJNF0BO69,1378946,2009.0,Q3YTD,2009-01-01,2009-09-30,,,0.23,0.23,0.46,137500000.0,,0.23,34600000.0,,24600000.0,550000000.0,12500000.0,76300000.0,76300000.0,,76300000.0,,429300000.0,81800000.0,33000000.0,,4700000.0,6500000.0,169300000.0,188600000.0,,,43400000.0,,261300000.0,150000000.0,579300000.0,512400000.0,237400000.0,110900000.0,666700000.0,9300000.0,335000000.0,335000000.0,335000000.0
People's United Financial Inc,PBCT,ROPY7PEPIPIDJNF0BO69,1378946,2009.0,Q2YTD,2009-01-01,2009-06-30,,,0.16,0.16,0.32,95000000.0,,0.16,22500000.0,,16700000.0,367400000.0,8400000.0,49500000.0,49500000.0,,49500000.0,,284000000.0,54300000.0,23100000.0,,3300000.0,4300000.0,117700000.0,123300000.0,,,21900000.0,,175300000.0,103400000.0,387400000.0,347300000.0,157200000.0,72000000.0,441200000.0,6500000.0,316300000.0,316300000.0,316300000.0
People's United Financial Inc,PBCT,ROPY7PEPIPIDJNF0BO69,1378946,2009.0,Q2,2009-04-01,2009-06-30,2010-08-09 13:56:09+00:00,,0.08,0.08,,46800000.0,,0.08,10700000.0,,7400000.0,183200000.0,4200000.0,25300000.0,25300000.0,,25300000.0,,141200000.0,26300000.0,15800000.0,,1600000.0,2700000.0,63300000.0,63300000.0,,,14000000.0,0.0,86600000.0,51000000.0,192200000.0,176200000.0,85000000.0,36000000.0,226200000.0,3200000.0,316300000.0,316300000.0,316300000.0
People's United Financial Inc,PBCT,ROPY7PEPIPIDJNF0BO69,1378946,2009.0,Q1,2009-01-01,2009-03-31,2010-05-10 15:10:06+00:00,,0.07,0.07,,48200000.0,,0.07,11800000.0,,9300000.0,184200000.0,4200000.0,24200000.0,24200000.0,,24200000.0,,142800000.0,28000000.0,7300000.0,,1700000.0,1600000.0,54400000.0,60000000.0,,,7900000.0,0.0,88700000.0,52400000.0,195200000.0,171100000.0,72200000.0,36000000.0,215000000.0,3300000.0,345700000.0,345700000.0,345700000.0
People's United Financial Inc,PBCT,ROPY7PEPIPIDJNF0BO69,1378946,2010.0,Q4,2010-10-01,2010-12-31,,37800000.0,0.08,0.08,,26500000.0,,0.08,14100000.0,,13000000.0,201300000.0,4500000.0,28800000.0,28800000.0,,28800000.0,,184800000.0,28100000.0,3200000.0,,1500000.0,13600000.0,30100000.0,48400000.0,,,10900000.0,4800000.0,98300000.0,31000000.0,215800000.0,199100000.0,68100000.0,42900000.0,252900000.0,2900000.0,358700000.0,358700000.0,358700000.0
People's United Financial Inc,PBCT,ROPY7PEPIPIDJNF0BO69,1378946,2010.0,FY,2010-01-01,2010-12-31,2013-03-01 15:04:34+00:00,37800000.0,0.23,0.23,,112800000.0,,0.23,39500000.0,,43500000.0,774800000.0,17000000.0,82500000.0,82500000.0,,82500000.0,,694000000.0,114400000.0,11100000.0,,5500000.0,19400000.0,226100000.0,228200000.0,,,60000000.0,23300000.0,380400000.0,129800000.0,823800000.0,782000000.0,270000000.0,122000000.0,964000000.0,11300000.0,358700000.0,358700000.0,358700000.0
People's United Financial Inc,PBCT,ROPY7PEPIPIDJNF0BO69,1378946,2010.0,Q3,2010-07-01,2010-09-30,2011-11-09 16:32:31+00:00,,0.07,0.07,,27600000.0,,0.07,11600000.0,,13000000.0,193700000.0,4100000.0,24100000.0,24100000.0,,24100000.0,,175800000.0,28000000.0,2400000.0,,800000.0,1400000.0,64100000.0,61400000.0,,,21800000.0,1000000.0,93200000.0,31700000.0,207500000.0,186300000.0,68000000.0,35700000.0,243800000.0,2800000.0,344300000.0,344300000.0,344300000.0
People's United Financial Inc,PBCT,ROPY7PEPIPIDJNF0BO69,1378946,2010.0,Q3YTD,2010-01-01,2010-09-30,,,0.15,0.15,,86300000.0,,0.15,25400000.0,,30500000.0,573500000.0,12500000.0,53700000.0,53700000.0,,53700000.0,,509200000.0,86300000.0,7900000.0,,4000000.0,5800000.0,196000000.0,179800000.0,,,49100000.0,18500000.0,282100000.0,98800000.0,608000000.0,582900000.0,201900000.0,79100000.0,711100000.0,8400000.0,344300000.0,344300000.0,344300000.0
People's United Financial Inc,PBCT,ROPY7PEPIPIDJNF0BO69,1378946,2010.0,Q3TTM,2009-10-01,2010-09-30,,,0.22,0.22,,122200000.0,,0.22,33900000.0,,39100000.0,750600000.0,16600000.0,78600000.0,78600000.0,,78600000.0,,656700000.0,114300000.0,10800000.0,,5800000.0,7700000.0,224200000.0,219000000.0,,,62700000.0,20500000.0,371300000.0,138800000.0,795500000.0,730300000.0,248800000.0,112500000.0,905500000.0,11300000.0,344300000.0,344300000.0,344300000.0
People's United Financial Inc,PBCT,ROPY7PEPIPIDJNF0BO69,1378946,2010.0,Q2,2010-04-01,2010-06-30,2011-08-09 15:38:22+00:00,,0.04,0.04,,29000000.0,,0.04,7000000.0,,9300000.0,196100000.0,4100000.0,16000000.0,16000000.0,,16000000.0,,173800000.0,28500000.0,2700000.0,,1500000.0,2600000.0,78800000.0,61600000.0,,,17800000.0,2800000.0,92600000.0,33100000.0,206900000.0,202700000.0,69700000.0,23000000.0,243500000.0,2800000.0,400000000.0,400000000.0,400000000.0
People's United Financial Inc,PBCT,ROPY7PEPIPIDJNF0BO69,1378946,2010.0,Q2YTD,2010-01-01,2010-06-30,,,0.08,0.08,,58700000.0,,0.08,13800000.0,,17500000.0,379800000.0,8400000.0,29600000.0,29600000.0,,29600000.0,,333400000.0,58300000.0,5500000.0,,3200000.0,4400000.0,131900000.0,118400000.0,,,27300000.0,17500000.0,188900000.0,67100000.0,400500000.0,396600000.0,133900000.0,43400000.0,467300000.0,5600000.0,400000000.0,400000000.0,400000000.0
People's United Financial Inc,PBCT,ROPY7PEPIPIDJNF0BO69,1378946,2010.0,Q2TTM,2009-07-01,2010-06-30,,,0.23,0.23,,137100000.0,,0.23,34400000.0,,34000000.0,739500000.0,16600000.0,81300000.0,81300000.0,,81300000.0,,626200000.0,113800000.0,18300000.0,,6400000.0,8500000.0,211700000.0,222900000.0,,,62400000.0,19500000.0,364100000.0,153700000.0,779900000.0,709100000.0,261000000.0,115700000.0,887200000.0,11300000.0,400000000.0,400000000.0,400000000.0
People's United Financial Inc,PBCT,ROPY7PEPIPIDJNF0BO69,1378946,2010.0,Q1,2010-01-01,2010-03-31,2011-05-10 16:17:21+00:00,,0.04,0.04,,29700000.0,,0.04,6800000.0,,8200000.0,183700000.0,4300000.0,13600000.0,13600000.0,,13600000.0,,159600000.0,29800000.0,2800000.0,,1700000.0,1800000.0,53100000.0,56800000.0,,,9500000.0,14700000.0,96300000.0,34000000.0,193600000.0,193900000.0,64200000.0,20400000.0,223800000.0,2800000.0,340000000.0,340000000.0,340000000.0
People's United Financial Inc,PBCT,ROPY7PEPIPIDJNF0BO69,1378946,2010.0,Q1TTM,2009-04-01,2010-03-31,,,0.27,0.27,0.6,154900000.0,,0.27,38100000.0,,32100000.0,726600000.0,16700000.0,90600000.0,90600000.0,,90600000.0,,593600000.0,111600000.0,31400000.0,,6500000.0,8600000.0,196200000.0,224600000.0,,,58600000.0,16700000.0,358100000.0,171600000.0,765200000.0,682600000.0,276300000.0,128700000.0,869900000.0,11700000.0,340000000.0,340000000.0,340000000.0
People's United Financial Inc,PBCT,ROPY7PEPIPIDJNF0BO69,1378946,2011.0,Q3,2011-07-01,2011-09-30,2012-11-02 12:42:27+00:00,,0.14,0.14,,28500000.0,,0.14,24600000.0,,21700000.0,249500000.0,5500000.0,51500000.0,51500000.0,,51500000.0,,237700000.0,34900000.0,5100000.0,,500000.0,,66800000.0,76800000.0,,,14400000.0,20100000.0,110100000.0,34000000.0,271700000.0,231900000.0,84700000.0,76100000.0,322400000.0,2800000.0,367900000.0,367900000.0,367900000.0
People's United Financial Inc,PBCT,ROPY7PEPIPIDJNF0BO69,1378946,2011.0,Q3YTD,2011-01-01,2011-09-30,,,0.59,0.44,,81500000.0,,0.44,76000000.0,,66100000.0,709600000.0,16600000.0,154400000.0,154400000.0,,154400000.0,,679200000.0,98900000.0,22200000.0,,1600000.0,,195200000.0,204400000.0,,,43000000.0,29600000.0,318000000.0,98100000.0,777300000.0,641700000.0,235900000.0,230400000.0,915100000.0,9300000.0,367900000.0,367900000.0,367900000.0
People's United Financial Inc,PBCT,ROPY7PEPIPIDJNF0BO69,1378946,2011.0,Q3TTM,2010-10-01,2011-09-30,,37800000.0,0.67,0.52,,108000000.0,,0.52,90100000.0,,79100000.0,910900000.0,21100000.0,183200000.0,183200000.0,,183200000.0,,864000000.0,127000000.0,25400000.0,,3100000.0,13600000.0,225300000.0,252800000.0,,,53900000.0,34400000.0,416300000.0,129100000.0,993100000.0,840800000.0,304000000.0,273300000.0,1168000000.0,12200000.0,367900000.0,367900000.0,367900000.0
People's United Financial Inc,PBCT,ROPY7PEPIPIDJNF0BO69,1378946,2011.0,Q2,2011-04-01,2011-06-30,2012-08-09 13:33:26+00:00,,0.15,0.15,,26400000.0,,0.15,25600000.0,,23400000.0,229000000.0,5200000.0,51200000.0,51200000.0,,51200000.0,,221200000.0,30900000.0,8400000.0,,400000.0,,67200000.0,64900000.0,,,14000000.0,6400000.0,102500000.0,31600000.0,252800000.0,207000000.0,76600000.0,76800000.0,297800000.0,3300000.0,341300000.0,341300000.0,341300000.0
People's United Financial Inc,PBCT,ROPY7PEPIPIDJNF0BO69,1378946,2011.0,Q2YTD,2011-01-01,2011-06-30,,,0.45,0.3,,53000000.0,,0.3,51400000.0,,44400000.0,460100000.0,11100000.0,102900000.0,102900000.0,,102900000.0,,441500000.0,64000000.0,17100000.0,,1100000.0,,128400000.0,127600000.0,,,28600000.0,9500000.0,207900000.0,64100000.0,505600000.0,409800000.0,151200000.0,154300000.0,592700000.0,6500000.0,341300000.0,341300000.0,341300000.0
People's United Financial Inc,PBCT,ROPY7PEPIPIDJNF0BO69,1378946,2011.0,Q2TTM,2010-07-01,2011-06-30,,37800000.0,0.6,0.45,,107100000.0,,0.45,77100000.0,,70400000.0,855100000.0,19700000.0,155800000.0,155800000.0,,155800000.0,,802100000.0,120100000.0,22700000.0,,3400000.0,15000000.0,222600000.0,237400000.0,,,61300000.0,15300000.0,399400000.0,126800000.0,928900000.0,795200000.0,287300000.0,232900000.0,1089400000.0,12200000.0,341300000.0,341300000.0,341300000.0
People's United Financial Inc,PBCT,ROPY7PEPIPIDJNF0BO69,1378946,2011.0,Q1,2011-01-01,2011-03-31,2012-05-10 16:48:11+00:00,,0.3,0.15,,26600000.0,,0.15,25800000.0,,21000000.0,231100000.0,5900000.0,51700000.0,51700000.0,,51700000.0,,220300000.0,33100000.0,8700000.0,,700000.0,,61200000.0,62700000.0,,,14600000.0,3100000.0,105400000.0,32500000.0,252800000.0,202800000.0,74600000.0,77500000.0,294900000.0,3200000.0,172300000.0,344700000.0,344700000.0
People's United Financial Inc,PBCT,ROPY7PEPIPIDJNF0BO69,1378946,2011.0,Q1TTM,2010-04-01,2011-03-31,,37800000.0,0.49,0.34,,109700000.0,,0.34,58500000.0,,56300000.0,822200000.0,18600000.0,120600000.0,120600000.0,,120600000.0,,754700000.0,117700000.0,17000000.0,,4500000.0,17600000.0,234200000.0,234100000.0,,,65100000.0,11700000.0,389500000.0,128300000.0,883000000.0,790900000.0,280400000.0,179100000.0,1035100000.0,11700000.0,172300000.0,344700000.0,344700000.0
People's United Financial Inc,PBCT,ROPY7PEPIPIDJNF0BO69,1378946,2012.0,Q4,2012-10-01,2012-12-31,,26800000.0,0.18,0.18,,90800000.0,,0.18,124000000.0,34900000.0,77300000.0,956800000.0,15400000.0,245300000.0,245300000.0,,62100000.0,,928700000.0,168200000.0,17100000.0,183200000.0,800000.0,31200000.0,185900000.0,225000000.0,,30800000.0,49200000.0,,418900000.0,106200000.0,1034900000.0,830600000.0,320400000.0,369300000.0,1249100000.0,12200000.0,340700000.0,340700000.0,340700000.0
People's United Financial Inc,PBCT,ROPY7PEPIPIDJNF0BO69,1378946,2012.0,FY,2012-01-01,2012-12-31,2015-03-02 16:02:53+00:00,26800000.0,0.72,0.72,,90800000.0,,0.72,124000000.0,34900000.0,77300000.0,956800000.0,15400000.0,245300000.0,245300000.0,,245300000.0,,928700000.0,168200000.0,17100000.0,,800000.0,31200000.0,185900000.0,225000000.0,,30800000.0,49200000.0,,418900000.0,106200000.0,1034900000.0,830600000.0,320400000.0,369300000.0,1249100000.0,12200000.0,340700000.0,340700000.0,340700000.0
People's United Financial Inc,PBCT,ROPY7PEPIPIDJNF0BO69,1378946,2012.0,Q3,2012-07-01,2012-09-30,2013-11-12 13:20:20+00:00,,0.18,0.18,,,,0.18,,,,,,,,,61900000.0,,,,,-61900000.0,,,,,,,,,,,,,,,,,343900000.0,336400000.0,336500000.0
People's United Financial Inc,PBCT,ROPY7PEPIPIDJNF0BO69,1378946,2012.0,Q3YTD,2012-01-01,2012-09-30,,,0.54,0.54,,,,0.54,,,,,,,,,183200000.0,,,,,-183200000.0,,,,,,,,,,,,,,,,,343900000.0,336400000.0,336500000.0
People's United Financial Inc,PBCT,ROPY7PEPIPIDJNF0BO69,1378946,2012.0,Q2,2012-04-01,2012-06-30,2013-08-09 13:40:28+00:00,,0.19,0.19,,,,0.19,,,,,,,,,64300000.0,,,,,-64300000.0,,,,,,,,,,,,,,,,,338400000.0,340600000.0,340700000.0
People's United Financial Inc,PBCT,ROPY7PEPIPIDJNF0BO69,1378946,2012.0,Q2YTD,2012-01-01,2012-06-30,,,0.36,0.36,,,,0.36,,,,,,,,,121300000.0,,,,,-121300000.0,,,,,,,,,,,,,,,,,338400000.0,340600000.0,340700000.0
People's United Financial Inc,PBCT,ROPY7PEPIPIDJNF0BO69,1378946,2012.0,Q1,2012-01-01,2012-03-31,2013-05-10 11:47:22+00:00,,0.17,0.17,,,,0.17,,,,,,,,,57000000.0,,,,,-57000000.0,,,,,,,,,,,,,,,,,335300000.0,344900000.0,345000000.0
People's United Financial Inc,PBCT,ROPY7PEPIPIDJNF0BO69,1378946,2013.0,FY,2013-01-01,2013-12-31,2016-02-29 15:14:13+00:00,26200000.0,0.74,0.74,,81100000.0,300000.0,0.74,115200000.0,37200000.0,89700000.0,914400000.0,34700000.0,232400000.0,232400000.0,,232400000.0,,888600000.0,179300000.0,20500000.0,,,34500000.0,172600000.0,235800000.0,,33800000.0,43700000.0,,427100000.0,115800000.0,1004400000.0,839000000.0,341700000.0,347600000.0,1230300000.0,13700000.0,314100000.0,314100000.0,314100000.0
People's United Financial Inc,PBCT,ROPY7PEPIPIDJNF0BO69,1378946,2013.0,Q4,2013-10-01,2013-12-31,,19700000.0,0.19,0.19,,61000000.0,300000.0,0.19,88700000.0,28000000.0,67700000.0,684200000.0,26100000.0,173900000.0,173900000.0,,59900000.0,-600000.0,665100000.0,134800000.0,16600000.0,114600000.0,,25800000.0,126600000.0,174800000.0,,25200000.0,31600000.0,,320200000.0,87100000.0,752200000.0,626500000.0,255600000.0,262600000.0,920700000.0,10400000.0,314100000.0,314100000.0,314100000.0
People's United Financial Inc,PBCT,ROPY7PEPIPIDJNF0BO69,1378946,2013.0,Q3YTD,2013-01-01,2013-09-30,,6500000.0,0.55,0.55,,20100000.0,,0.55,26500000.0,9200000.0,22000000.0,230200000.0,8600000.0,58500000.0,58500000.0,,172500000.0,600000.0,223500000.0,44500000.0,3900000.0,-114600000.0,,8700000.0,46000000.0,61000000.0,,8600000.0,12100000.0,,106900000.0,28700000.0,252200000.0,212500000.0,86100000.0,85000000.0,309600000.0,3300000.0,307900000.0,307900000.0,307900000.0
People's United Financial Inc,PBCT,ROPY7PEPIPIDJNF0BO69,1378946,2013.0,Q3TTM,2012-10-01,2013-09-30,,33300000.0,0.73,0.73,,110900000.0,,0.73,150500000.0,44100000.0,99300000.0,1187000000.0,24000000.0,303800000.0,303800000.0,,234600000.0,600000.0,1152200000.0,212700000.0,21000000.0,68600000.0,800000.0,39900000.0,231900000.0,286000000.0,,39400000.0,61300000.0,,525800000.0,134900000.0,1287100000.0,1043100000.0,406500000.0,454300000.0,1558700000.0,15500000.0,307900000.0,307900000.0,307900000.0
People's United Financial Inc,PBCT,ROPY7PEPIPIDJNF0BO69,1378946,2013.0,Q3,2013-07-01,2013-09-30,2014-11-10 14:54:54+00:00,6500000.0,0.19,0.19,,20100000.0,,0.19,26500000.0,9200000.0,22000000.0,230200000.0,8600000.0,58500000.0,58500000.0,,58500000.0,,223500000.0,44500000.0,3900000.0,,,8700000.0,46000000.0,61000000.0,,8600000.0,12100000.0,,106900000.0,28700000.0,252200000.0,212500000.0,86100000.0,85000000.0,309600000.0,3300000.0,307900000.0,307900000.0,307900000.0
People's United Financial Inc,PBCT,ROPY7PEPIPIDJNF0BO69,1378946,2013.0,Q2,2013-04-01,2013-06-30,2014-08-11 14:18:29+00:00,,0.2,0.2,,,,0.2,,,,,,,,,61800000.0,300000.0,,,,-62100000.0,,,,,,,,,,,,,,,,,309000000.0,313400000.0,313500000.0
People's United Financial Inc,PBCT,ROPY7PEPIPIDJNF0BO69,1378946,2013.0,Q2YTD,2013-01-01,2013-06-30,,,0.36,0.36,,,,0.36,,,,,,,,,114000000.0,600000.0,,,,-114600000.0,,,,,,,,,,,,,,,,,309000000.0,313400000.0,313500000.0
People's United Financial Inc,PBCT,ROPY7PEPIPIDJNF0BO69,1378946,2013.0,Q2TTM,2012-07-01,2013-06-30,,26800000.0,0.72,0.72,,90800000.0,,0.72,124000000.0,34900000.0,77300000.0,956800000.0,15400000.0,245300000.0,245300000.0,,238000000.0,600000.0,928700000.0,168200000.0,17100000.0,6700000.0,800000.0,31200000.0,185900000.0,225000000.0,,30800000.0,49200000.0,,418900000.0,106200000.0,1034900000.0,830600000.0,320400000.0,369300000.0,1249100000.0,12200000.0,309000000.0,313400000.0,313500000.0
People's United Financial Inc,PBCT,ROPY7PEPIPIDJNF0BO69,1378946,2013.0,Q1,2013-01-01,2013-03-31,2014-05-12 15:32:55+00:00,,0.16,0.16,,,,0.16,,,,,,,,,52200000.0,300000.0,,,,-52500000.0,,,,,,,,,,,,,,,,,326300000.0,325100000.0,325200000.0
People's United Financial Inc,PBCT,ROPY7PEPIPIDJNF0BO69,1378946,2013.0,Q1TTM,2012-04-01,2013-03-31,,26800000.0,0.71,0.71,,90800000.0,,0.71,124000000.0,34900000.0,77300000.0,956800000.0,15400000.0,245300000.0,245300000.0,,240500000.0,300000.0,928700000.0,168200000.0,17100000.0,4500000.0,800000.0,31200000.0,185900000.0,225000000.0,,30800000.0,49200000.0,,418900000.0,106200000.0,1034900000.0,830600000.0,320400000.0,369300000.0,1249100000.0,12200000.0,326300000.0,325100000.0,325200000.0
People's United Financial Inc,PBCT,ROPY7PEPIPIDJNF0BO69,1378946,2014.0,FY,2014-01-01,2014-12-31,2017-03-01 14:38:37+00:00,24800000.0,0.84,0.84,,80900000.0,400000.0,0.84,128900000.0,41600000.0,96800000.0,933400000.0,37800000.0,251700000.0,251700000.0,,251700000.0,,911900000.0,184700000.0,26500000.0,,,41600000.0,160400000.0,204600000.0,,35600000.0,40600000.0,,436000000.0,118700000.0,1030600000.0,841500000.0,350800000.0,380600000.0,1262700000.0,36500000.0,299600000.0,299600000.0,299600000.0
People's United Financial Inc,PBCT,ROPY7PEPIPIDJNF0BO69,1378946,2014.0,Q4,2014-10-01,2014-12-31,,6200000.0,0.21,0.21,,21700000.0,200000.0,0.21,32600000.0,10500000.0,24000000.0,235500000.0,9800000.0,64700000.0,64700000.0,,64700000.0,,228100000.0,45200000.0,4400000.0,,-100000.0,10200000.0,38700000.0,35400000.0,,9400000.0,9900000.0,,108200000.0,31500000.0,259600000.0,207700000.0,86800000.0,97300000.0,314900000.0,26300000.0,299600000.0,299600000.0,299600000.0
People's United Financial Inc,PBCT,ROPY7PEPIPIDJNF0BO69,1378946,2014.0,Q3YTD,2014-01-01,2014-09-30,,18600000.0,0.63,0.63,,59200000.0,200000.0,0.63,96300000.0,31100000.0,72800000.0,697900000.0,28000000.0,187000000.0,187000000.0,,187000000.0,,683800000.0,139500000.0,22100000.0,,100000.0,31400000.0,121700000.0,169200000.0,,26200000.0,30700000.0,,327800000.0,87200000.0,771000000.0,633800000.0,264000000.0,283300000.0,947800000.0,10200000.0,293300000.0,293300000.0,293300000.0
People's United Financial Inc,PBCT,ROPY7PEPIPIDJNF0BO69,1378946,2014.0,Q3TTM,2013-10-01,2014-09-30,,38300000.0,0.82,0.82,,120200000.0,500000.0,0.82,185000000.0,59100000.0,140500000.0,1382100000.0,54100000.0,360900000.0,360900000.0,,246900000.0,-600000.0,1348900000.0,274300000.0,38700000.0,114600000.0,100000.0,57200000.0,248300000.0,344000000.0,,51400000.0,62300000.0,,648000000.0,174300000.0,1523200000.0,1260300000.0,519600000.0,545900000.0,1868500000.0,20600000.0,293300000.0,293300000.0,293300000.0
People's United Financial Inc,PBCT,ROPY7PEPIPIDJNF0BO69,1378946,2014.0,Q3,2014-07-01,2014-09-30,2015-11-09 15:14:00+00:00,6200000.0,0.21,0.21,,20200000.0,100000.0,0.21,29700000.0,10700000.0,23600000.0,235200000.0,10200000.0,61600000.0,61600000.0,,61600000.0,,228500000.0,45100000.0,1100000.0,,,10200000.0,40900000.0,58600000.0,,8500000.0,12400000.0,,108100000.0,30400000.0,258900000.0,208800000.0,84000000.0,91300000.0,312500000.0,3400000.0,293300000.0,293300000.0,293300000.0
People's United Financial Inc,PBCT,ROPY7PEPIPIDJNF0BO69,1378946,2014.0,Q2YTD,2014-01-01,2014-06-30,,12400000.0,0.42,0.42,,39000000.0,100000.0,0.42,66600000.0,20400000.0,49200000.0,462700000.0,17800000.0,125400000.0,125400000.0,,125400000.0,,455300000.0,94400000.0,21000000.0,,100000.0,21200000.0,80800000.0,110600000.0,,17700000.0,18300000.0,,219700000.0,56800000.0,512100000.0,425000000.0,180000000.0,192000000.0,635300000.0,6800000.0,301300000.0,301300000.0,301300000.0
People's United Financial Inc,PBCT,ROPY7PEPIPIDJNF0BO69,1378946,2014.0,Q2TTM,2013-07-01,2014-06-30,,38600000.0,0.8,0.8,,120100000.0,400000.0,0.8,181800000.0,57600000.0,138900000.0,1377100000.0,52500000.0,357800000.0,357800000.0,,243800000.0,-600000.0,1343900000.0,273700000.0,41500000.0,114600000.0,100000.0,55700000.0,253400000.0,346400000.0,,51500000.0,62000000.0,,646800000.0,172600000.0,1516500000.0,1264000000.0,521700000.0,539600000.0,1865600000.0,20500000.0,301300000.0,301300000.0,301300000.0
People's United Financial Inc,PBCT,ROPY7PEPIPIDJNF0BO69,1378946,2014.0,Q2,2014-04-01,2014-06-30,2015-08-10 14:07:24+00:00,6200000.0,0.24,0.24,,19700000.0,100000.0,0.24,38900000.0,10600000.0,24100000.0,232500000.0,8800000.0,72300000.0,72300000.0,,72300000.0,,228200000.0,45300000.0,20200000.0,,,9900000.0,38500000.0,55800000.0,,9000000.0,8800000.0,,109300000.0,28500000.0,256700000.0,208300000.0,100100000.0,111200000.0,328300000.0,3600000.0,301300000.0,301300000.0,301300000.0
People's United Financial Inc,PBCT,ROPY7PEPIPIDJNF0BO69,1378946,2014.0,Q1TTM,2013-04-01,2014-03-31,,32400000.0,0.76,0.76,,100400000.0,300000.0,0.76,142900000.0,47000000.0,114800000.0,1144600000.0,43700000.0,285500000.0,285500000.0,,233300000.0,-300000.0,1115700000.0,228400000.0,21300000.0,52500000.0,100000.0,45800000.0,214900000.0,290600000.0,,42500000.0,53200000.0,,537500000.0,144100000.0,1259800000.0,1055700000.0,421600000.0,428400000.0,1537300000.0,16900000.0,295000000.0,295000000.0,295000000.0
People's United Financial Inc,PBCT,ROPY7PEPIPIDJNF0BO69,1378946,2014.0,Q1,2014-01-01,2014-03-31,2015-05-11 15:12:21+00:00,6200000.0,0.18,0.18,,19300000.0,,0.18,27700000.0,9800000.0,25100000.0,230200000.0,9000000.0,53100000.0,53100000.0,,53100000.0,,227100000.0,49100000.0,800000.0,,100000.0,11300000.0,42300000.0,54800000.0,,8700000.0,9500000.0,,110400000.0,28300000.0,255400000.0,216700000.0,79900000.0,80800000.0,307000000.0,3200000.0,295000000.0,295000000.0,295000000.0
People's United Financial Inc,PBCT,ROPY7PEPIPIDJNF0BO69,1378946,2015.0,FY,2015-01-01,2015-12-31,2018-03-01 17:01:54+00:00,23900000.0,0.86,0.86,,95500000.0,500000.0,0.86,130400000.0,43700000.0,121500000.0,946900000.0,41300000.0,260100000.0,260100000.0,,260100000.0,,932100000.0,186600000.0,5500000.0,,,42300000.0,165500000.0,223800000.0,,35100000.0,33400000.0,,449500000.0,136800000.0,1068900000.0,860600000.0,352400000.0,390500000.0,1284500000.0,37100000.0,302400000.0,302400000.0,302400000.0
People's United Financial Inc,PBCT,ROPY7PEPIPIDJNF0BO69,1378946,2015.0,Q4,2015-10-01,2015-12-31,,6100000.0,0.23,0.23,,24600000.0,200000.0,0.23,34600000.0,10800000.0,33800000.0,240200000.0,10800000.0,70800000.0,70800000.0,,70800000.0,,238800000.0,46400000.0,1500000.0,,,10500000.0,45400000.0,61300000.0,,7100000.0,9700000.0,,112000000.0,35400000.0,274200000.0,217000000.0,93300000.0,105400000.0,332100000.0,9200000.0,302400000.0,302400000.0,302400000.0
People's United Financial Inc,PBCT,ROPY7PEPIPIDJNF0BO69,1378946,2015.0,Q3,2015-07-01,2015-09-30,2016-11-09 13:32:13+00:00,5900000.0,0.23,0.23,,24800000.0,100000.0,0.23,33100000.0,10800000.0,31200000.0,238600000.0,10300000.0,68400000.0,68400000.0,,68400000.0,,234800000.0,46200000.0,1500000.0,,,10500000.0,39200000.0,54800000.0,,9500000.0,6200000.0,,113400000.0,35100000.0,269900000.0,214200000.0,87100000.0,101500000.0,321900000.0,9500000.0,297400000.0,297400000.0,297400000.0
People's United Financial Inc,PBCT,ROPY7PEPIPIDJNF0BO69,1378946,2015.0,Q3YTD,2015-01-01,2015-09-30,,17800000.0,0.63,0.63,,70900000.0,300000.0,0.63,95800000.0,32900000.0,87700000.0,706700000.0,30500000.0,189300000.0,189300000.0,,189300000.0,,693300000.0,140200000.0,4000000.0,,,31800000.0,120100000.0,162500000.0,,28000000.0,23700000.0,,337500000.0,101400000.0,794700000.0,643600000.0,259100000.0,285100000.0,952400000.0,27900000.0,297400000.0,297400000.0,297400000.0
People's United Financial Inc,PBCT,ROPY7PEPIPIDJNF0BO69,1378946,2015.0,Q3TTM,2014-10-01,2015-09-30,,24000000.0,0.84,0.84,,92600000.0,500000.0,0.84,128400000.0,43400000.0,111700000.0,942200000.0,40300000.0,254000000.0,254000000.0,,254000000.0,,921400000.0,185400000.0,8400000.0,,-100000.0,42000000.0,158800000.0,197900000.0,,37400000.0,33600000.0,,445700000.0,132900000.0,1054300000.0,851300000.0,345900000.0,382400000.0,1267300000.0,54200000.0,297400000.0,297400000.0,297400000.0
People's United Financial Inc,PBCT,ROPY7PEPIPIDJNF0BO69,1378946,2015.0,Q2,2015-04-01,2015-06-30,2016-08-09 15:05:42+00:00,6000000.0,0.2,0.2,,23900000.0,100000.0,0.2,32200000.0,11300000.0,29000000.0,235400000.0,10200000.0,61700000.0,61700000.0,,61700000.0,,230400000.0,46000000.0,1800000.0,,,10500000.0,41300000.0,50100000.0,,9200000.0,7700000.0,,109300000.0,34100000.0,264500000.0,211800000.0,83000000.0,93900000.0,313400000.0,9300000.0,308500000.0,308500000.0,308500000.0
People's United Financial Inc,PBCT,ROPY7PEPIPIDJNF0BO69,1378946,2015.0,Q2YTD,2015-01-01,2015-06-30,,11900000.0,0.4,0.4,,46100000.0,200000.0,0.4,62700000.0,22100000.0,56500000.0,468100000.0,20200000.0,120900000.0,120900000.0,,120900000.0,,458500000.0,94000000.0,2500000.0,,,21300000.0,80900000.0,107700000.0,,18500000.0,17500000.0,,224100000.0,66300000.0,524800000.0,429400000.0,172000000.0,183600000.0,630500000.0,18400000.0,308500000.0,308500000.0,308500000.0
People's United Financial Inc,PBCT,ROPY7PEPIPIDJNF0BO69,1378946,2015.0,Q2TTM,2014-07-01,2015-06-30,,24300000.0,0.82,0.82,,88000000.0,500000.0,0.82,125000000.0,43300000.0,104100000.0,938800000.0,40200000.0,247200000.0,247200000.0,,247200000.0,,915100000.0,184300000.0,8000000.0,,-100000.0,41700000.0,160500000.0,201700000.0,,36400000.0,39800000.0,,440400000.0,128200000.0,1043300000.0,845900000.0,342800000.0,372200000.0,1257900000.0,48100000.0,308500000.0,308500000.0,308500000.0
People's United Financial Inc,PBCT,ROPY7PEPIPIDJNF0BO69,1378946,2015.0,Q1,2015-01-01,2015-03-31,2016-05-10 15:46:25+00:00,5900000.0,0.2,0.2,,22200000.0,100000.0,0.2,30500000.0,10800000.0,27500000.0,232700000.0,10000000.0,59200000.0,59200000.0,,59200000.0,,228100000.0,48000000.0,700000.0,,,10800000.0,39600000.0,57600000.0,,9300000.0,9800000.0,,114800000.0,32200000.0,260300000.0,217600000.0,89000000.0,89700000.0,317100000.0,9100000.0,296000000.0,296000000.0,296000000.0
People's United Financial Inc,PBCT,ROPY7PEPIPIDJNF0BO69,1378946,2015.0,Q1TTM,2014-04-01,2015-03-31,,24500000.0,0.86,0.86,,83800000.0,500000.0,0.86,131700000.0,42600000.0,99200000.0,935900000.0,38800000.0,257800000.0,257800000.0,,257800000.0,,912900000.0,183600000.0,26400000.0,,-100000.0,41100000.0,157700000.0,207400000.0,,36200000.0,40900000.0,,440400000.0,122600000.0,1035500000.0,842400000.0,359900000.0,389500000.0,1272800000.0,42400000.0,296000000.0,296000000.0,296000000.0
People's United Financial Inc,PBCT,ROPY7PEPIPIDJNF0BO69,1378946,2016.0,Q3,2016-07-01,2016-09-30,2017-11-09 10:52:31+00:00,5800000.0,0.24,0.24,,25200000.0,400000.0,0.24,32600000.0,11600000.0,34200000.0,249900000.0,14000000.0,73700000.0,73700000.0,,73700000.0,,245300000.0,47400000.0,1900000.0,,,11200000.0,42200000.0,56400000.0,,9900000.0,8400000.0,,116100000.0,39200000.0,284500000.0,221400000.0,90800000.0,106300000.0,336100000.0,9700000.0,307100000.0,307100000.0,307100000.0
People's United Financial Inc,PBCT,ROPY7PEPIPIDJNF0BO69,1378946,2016.0,Q3YTD,2016-01-01,2016-09-30,,17400000.0,0.68,0.68,,75800000.0,1100000.0,0.68,98300000.0,34100000.0,103400000.0,736500000.0,39800000.0,205100000.0,205100000.0,,205100000.0,,725400000.0,140600000.0,3900000.0,,,31700000.0,124900000.0,160600000.0,,27100000.0,28900000.0,,341600000.0,115600000.0,841000000.0,651600000.0,258500000.0,303400000.0,983900000.0,28200000.0,307100000.0,307100000.0,307100000.0
People's United Financial Inc,PBCT,ROPY7PEPIPIDJNF0BO69,1378946,2016.0,Q3TTM,2015-10-01,2016-09-30,,23500000.0,0.91,0.91,,100400000.0,1300000.0,0.91,132900000.0,44900000.0,137200000.0,976700000.0,50600000.0,275900000.0,275900000.0,,275900000.0,,964200000.0,187000000.0,5400000.0,,,42200000.0,170300000.0,221900000.0,,34200000.0,38600000.0,,453600000.0,151000000.0,1115200000.0,868600000.0,351800000.0,408800000.0,1316000000.0,37400000.0,307100000.0,307100000.0,307100000.0
People's United Financial Inc,PBCT,ROPY7PEPIPIDJNF0BO69,1378946,2016.0,Q2,2016-04-01,2016-06-30,2017-08-09 13:59:12+00:00,5800000.0,0.23,0.23,,25400000.0,300000.0,0.23,34000000.0,11400000.0,34700000.0,243500000.0,13100000.0,68500000.0,68500000.0,,68500000.0,,240000000.0,46500000.0,1000000.0,,,10100000.0,40000000.0,53400000.0,,9200000.0,10000000.0,,111400000.0,38500000.0,278500000.0,212900000.0,85400000.0,102500000.0,325400000.0,9500000.0,297800000.0,297800000.0,297800000.0
People's United Financial Inc,PBCT,ROPY7PEPIPIDJNF0BO69,1378946,2016.0,Q2YTD,2016-01-01,2016-06-30,,11600000.0,0.44,0.44,,50600000.0,700000.0,0.44,65700000.0,22500000.0,69200000.0,486600000.0,25800000.0,131400000.0,131400000.0,,131400000.0,,480100000.0,93200000.0,2000000.0,,,20500000.0,82700000.0,104200000.0,,17200000.0,20500000.0,,225500000.0,76400000.0,556500000.0,430200000.0,167700000.0,197100000.0,647800000.0,18500000.0,297800000.0,297800000.0,297800000.0
People's United Financial Inc,PBCT,ROPY7PEPIPIDJNF0BO69,1378946,2016.0,Q2TTM,2015-07-01,2016-06-30,,23600000.0,0.9,0.9,,100000000.0,1000000.0,0.9,133400000.0,44100000.0,134200000.0,965400000.0,46900000.0,270600000.0,270600000.0,,270600000.0,,953700000.0,185800000.0,5000000.0,,,41500000.0,167300000.0,220300000.0,,33800000.0,36400000.0,,450900000.0,146900000.0,1100600000.0,861400000.0,348100000.0,404000000.0,1301800000.0,37200000.0,297800000.0,297800000.0,297800000.0
People's United Financial Inc,PBCT,ROPY7PEPIPIDJNF0BO69,1378946,2016.0,Q1,2016-01-01,2016-03-31,2017-05-10 15:55:12+00:00,5800000.0,0.21,0.21,,25200000.0,400000.0,0.21,31700000.0,11100000.0,34500000.0,243100000.0,12700000.0,62900000.0,62900000.0,,62900000.0,,240100000.0,46700000.0,1000000.0,,,10400000.0,42700000.0,50800000.0,,8000000.0,10500000.0,,114100000.0,37900000.0,278000000.0,217300000.0,82300000.0,94600000.0,322400000.0,9000000.0,299500000.0,299500000.0,299500000.0
People's United Financial Inc,PBCT,ROPY7PEPIPIDJNF0BO69,1378946,2016.0,Q1TTM,2015-04-01,2016-03-31,,23800000.0,0.87,0.87,,98500000.0,800000.0,0.87,131600000.0,44000000.0,128500000.0,957300000.0,44000000.0,263800000.0,263800000.0,,263800000.0,,944100000.0,185300000.0,5800000.0,,,41900000.0,168600000.0,217000000.0,,33800000.0,34100000.0,,448800000.0,142500000.0,1086600000.0,860300000.0,345700000.0,395400000.0,1289800000.0,37000000.0,299500000.0,299500000.0,299500000.0
People's United Financial Inc,PBCT,ROPY7PEPIPIDJNF0BO69,1378946,2017.0,FY,2017-01-01,2017-12-31,2020-03-02 16:16:33+00:00,30000000.0,0.98,0.98,0.6875,130700000.0,3700000.0,0.97,129900000.0,,153700000.0,1145000000.0,71200000.0,337200000.0,337200000.0,,323100000.0,,1100500000.0,194800000.0,-25400000.0,,,43800000.0,171100000.0,334500000.0,14100000.0,41700000.0,26000000.0,,522700000.0,201900000.0,1302400000.0,960300000.0,352900000.0,467100000.0,1453400000.0,,329700000.0,329700000.0,333100000.0
People's United Financial Inc,PBCT,ROPY7PEPIPIDJNF0BO69,1378946,2017.0,Q1,2017-01-01,2017-03-31,2018-05-10 14:24:29+00:00,6300000.0,0.22,0.22,,27100000.0,700000.0,0.22,32000000.0,16000000.0,37000000.0,252800000.0,14800000.0,70800000.0,70800000.0,,67300000.0,,248600000.0,47400000.0,-15700000.0,,,10200000.0,34900000.0,64900000.0,3500000.0,9600000.0,4400000.0,,127900000.0,41900000.0,290500000.0,226100000.0,84700000.0,102800000.0,333300000.0,9300000.0,305900000.0,305900000.0,305900000.0
People's United Financial Inc,PBCT,ROPY7PEPIPIDJNF0BO69,1378946,2018.0,FY,2018-01-01,2018-12-31,2020-03-02 16:16:33+00:00,21800000.0,1.3,1.3,0.6975,216100000.0,5000000.0,1.29,108200000.0,,184200000.0,1367100000.0,104200000.0,468100000.0,468100000.0,,454000000.0,,1236000000.0,204600000.0,-9800000.0,,,44900000.0,168900000.0,331300000.0,14100000.0,37900000.0,30000000.0,,562900000.0,320300000.0,1556300000.0,996100000.0,366400000.0,576300000.0,1602400000.0,,349200000.0,349200000.0,351900000.0
People's United Financial Inc,PBCT,ROPY7PEPIPIDJNF0BO69,1378946,2018.0,Q4,2018-10-01,2018-12-31,,6900000.0,0.35,0.35,,70600000.0,1400000.0,0.35,15800000.0,,48500000.0,381900000.0,28600000.0,133000000.0,133000000.0,,129400000.0,,332600000.0,81000000.0,-9800000.0,,,12000000.0,15900000.0,96200000.0,3600000.0,7400000.0,9900000.0,,151500000.0,99200000.0,431800000.0,262700000.0,88800000.0,148800000.0,421400000.0,-9500000.0,349200000.0,349200000.0,351900000.0
People's United Financial Inc,PBCT,ROPY7PEPIPIDJNF0BO69,1378946,2018.0,Q3,2018-07-01,2018-09-30,2019-11-12 13:37:12+00:00,4900000.0,0.33,0.33,,56900000.0,1100000.0,0.33,32200000.0,,46600000.0,342300000.0,26700000.0,117000000.0,117000000.0,,113500000.0,,306400000.0,41600000.0,,,,11000000.0,49100000.0,78100000.0,3500000.0,10000000.0,8200000.0,,135700000.0,83600000.0,390000000.0,241300000.0,92300000.0,149200000.0,398700000.0,3200000.0,343900000.0,343900000.0,343900000.0
People's United Financial Inc,PBCT,ROPY7PEPIPIDJNF0BO69,1378946,2018.0,Q3YTD,2018-01-01,2018-09-30,,14900000.0,0.95,0.95,,145500000.0,3600000.0,0.94,92400000.0,,135700000.0,985200000.0,75600000.0,335100000.0,335100000.0,,324600000.0,,903400000.0,123600000.0,,,,32900000.0,153000000.0,235100000.0,10500000.0,30500000.0,20100000.0,,411400000.0,221100000.0,1124500000.0,733400000.0,277600000.0,427500000.0,1181000000.0,9500000.0,343900000.0,343900000.0,343900000.0
People's United Financial Inc,PBCT,ROPY7PEPIPIDJNF0BO69,1378946,2018.0,Q2,2018-04-01,2018-06-30,2019-08-09 12:24:43+00:00,4900000.0,0.31,0.31,,47300000.0,1300000.0,0.31,30800000.0,,45100000.0,329000000.0,26900000.0,110200000.0,110200000.0,,106700000.0,,301200000.0,40800000.0,,,,11200000.0,58000000.0,80500000.0,3500000.0,9900000.0,6500000.0,,135000000.0,74200000.0,375400000.0,248600000.0,94900000.0,141000000.0,396100000.0,3200000.0,344200000.0,344200000.0,344200000.0
People's United Financial Inc,PBCT,ROPY7PEPIPIDJNF0BO69,1378946,2018.0,Q2YTD,2018-01-01,2018-06-30,,10000000.0,0.62,0.62,,88600000.0,2500000.0,0.61,60200000.0,,89100000.0,642900000.0,48900000.0,218100000.0,218100000.0,,211100000.0,,597000000.0,82000000.0,,,,21900000.0,103900000.0,157000000.0,7000000.0,20500000.0,11900000.0,,275700000.0,137500000.0,734500000.0,492100000.0,185300000.0,278300000.0,782300000.0,6300000.0,344200000.0,344200000.0,344200000.0
People's United Financial Inc,PBCT,ROPY7PEPIPIDJNF0BO69,1378946,2018.0,Q1,2018-01-01,2018-03-31,2019-05-10 12:37:24+00:00,5100000.0,0.31,0.31,,41300000.0,1200000.0,0.3,29400000.0,,44000000.0,313900000.0,22000000.0,107900000.0,107900000.0,,104400000.0,,295800000.0,41200000.0,,,,10700000.0,45900000.0,76500000.0,3500000.0,10600000.0,5400000.0,,140700000.0,63300000.0,359100000.0,243500000.0,90400000.0,137300000.0,386200000.0,3100000.0,336800000.0,336800000.0,348000000.0
People's United Financial Inc,PBCT,ROPY7PEPIPIDJNF0BO69,1378946,2018.0,Q1TTM,2017-04-01,2018-03-31,,28800000.0,1.07,1.07,,144900000.0,4200000.0,1.05,127300000.0,-16000000.0,160700000.0,1206100000.0,78400000.0,374300000.0,374300000.0,,360200000.0,,1147700000.0,188600000.0,-9700000.0,,,44300000.0,182100000.0,346100000.0,14100000.0,42700000.0,27000000.0,,535500000.0,223300000.0,1371000000.0,977700000.0,358600000.0,501600000.0,1506300000.0,-6200000.0,336800000.0,336800000.0,348000000.0
People's United Financial Inc,PBCT,ROPY7PEPIPIDJNF0BO69,1378946,2019.0,FY,2019-01-01,2019-12-31,2020-03-02 16:16:33+00:00,32500000.0,1.28,1.28,0.7075,356900000.0,4800000.0,1.27,132000000.0,,186500000.0,1689800000.0,111900000.0,520400000.0,520400000.0,,506300000.0,,1412300000.0,224700000.0,200000.0,,,51200000.0,233200000.0,379700000.0,14100000.0,26100000.0,28300000.0,,646200000.0,468800000.0,1881100000.0,1162700000.0,431100000.0,652400000.0,1843400000.0,,395500000.0,395500000.0,398700000.0
People's United Financial Inc,PBCT,ROPY7PEPIPIDJNF0BO69,1378946,2019.0,Q4,2019-10-01,2019-12-31,,9800000.0,0.31,0.31,,86900000.0,1000000.0,0.31,36400000.0,,47800000.0,611200000.0,27300000.0,137500000.0,137500000.0,,133900000.0,,382700000.0,81600000.0,200000.0,,-163100000.0,12800000.0,55600000.0,116400000.0,3600000.0,7300000.0,7300000.0,,171400000.0,114200000.0,496900000.0,325700000.0,124200000.0,173900000.0,506900000.0,-5200000.0,395500000.0,395500000.0,398700000.0
People's United Financial Inc,PBCT,ROPY7PEPIPIDJNF0BO69,1378946,2019.0,Q3,2019-07-01,2019-09-30,2019-11-12 13:37:12+00:00,8000000.0,0.34,0.34,,92200000.0,1300000.0,0.33,30400000.0,,44700000.0,424900000.0,30000000.0,135100000.0,135100000.0,,131600000.0,,348700000.0,45000000.0,,,,13000000.0,65000000.0,90400000.0,3500000.0,5300000.0,7800000.0,,158100000.0,122200000.0,470900000.0,281400000.0,106000000.0,165500000.0,454700000.0,2600000.0,387100000.0,387100000.0,398800000.0
People's United Financial Inc,PBCT,ROPY7PEPIPIDJNF0BO69,1378946,2019.0,Q3YTD,2019-01-01,2019-09-30,,22700000.0,0.97,0.97,,270000000.0,3800000.0,0.96,95600000.0,,138700000.0,1078600000.0,84600000.0,382900000.0,382900000.0,,372400000.0,,1029600000.0,143100000.0,,,163100000.0,38400000.0,177600000.0,263300000.0,10500000.0,18800000.0,21000000.0,,474800000.0,354600000.0,1384200000.0,837000000.0,306900000.0,478500000.0,1336500000.0,5200000.0,387100000.0,387100000.0,398800000.0
People's United Financial Inc,PBCT,ROPY7PEPIPIDJNF0BO69,1378946,2019.0,Q3TTM,2018-10-01,2019-09-30,,29600000.0,1.32,1.32,,340600000.0,5200000.0,1.31,111400000.0,,187200000.0,1460500000.0,113200000.0,515900000.0,515900000.0,,501800000.0,,1362200000.0,224100000.0,-9800000.0,,163100000.0,50400000.0,193500000.0,359500000.0,14100000.0,26200000.0,30900000.0,,626300000.0,453800000.0,1816000000.0,1099700000.0,395700000.0,627300000.0,1757900000.0,-4300000.0,387100000.0,387100000.0,398800000.0
People's United Financial Inc,PBCT,ROPY7PEPIPIDJNF0BO69,1378946,2019.0,Q2,2019-04-01,2019-06-30,2019-08-09 12:24:43+00:00,8000000.0,0.33,0.33,,96600000.0,1200000.0,0.33,35200000.0,,46200000.0,425400000.0,28100000.0,133200000.0,133200000.0,,129700000.0,,348100000.0,44400000.0,,,,12700000.0,58200000.0,91000000.0,3500000.0,6500000.0,7600000.0,,161300000.0,124700000.0,472800000.0,278400000.0,106300000.0,168400000.0,454400000.0,2600000.0,393000000.0,393000000.0,393000000.0
People's United Financial Inc,PBCT,ROPY7PEPIPIDJNF0BO69,1378946,2019.0,Q2YTD,2019-01-01,2019-06-30,,14700000.0,0.63,0.63,,177800000.0,2500000.0,0.63,65200000.0,,94000000.0,653700000.0,54600000.0,247800000.0,247800000.0,,240800000.0,,680900000.0,98100000.0,,,163100000.0,25400000.0,112600000.0,172900000.0,7000000.0,13500000.0,13200000.0,,316700000.0,232400000.0,913300000.0,555600000.0,200900000.0,313000000.0,881800000.0,2600000.0,393000000.0,393000000.0,393000000.0
People's United Financial Inc,PBCT,ROPY7PEPIPIDJNF0BO69,1378946,2019.0,Q2TTM,2018-07-01,2019-06-30,,26500000.0,1.31,1.31,,305300000.0,5000000.0,1.31,113200000.0,,189100000.0,1377900000.0,109900000.0,497800000.0,497800000.0,,483700000.0,,1319900000.0,220700000.0,-9800000.0,,163100000.0,48400000.0,177600000.0,347200000.0,14100000.0,30900000.0,31300000.0,,603900000.0,415200000.0,1735100000.0,1059600000.0,382000000.0,611000000.0,1701900000.0,-3700000.0,393000000.0,393000000.0,393000000.0
People's United Financial Inc,PBCT,ROPY7PEPIPIDJNF0BO69,1378946,2019.0,Q1TTM,2018-04-01,2019-03-31,,23400000.0,1.29,1.29,,256000000.0,5100000.0,1.29,108800000.0,,188000000.0,1281500000.0,108700000.0,474800000.0,474800000.0,,460700000.0,,1273000000.0,217100000.0,-9800000.0,,163100000.0,46900000.0,177400000.0,336700000.0,14100000.0,34300000.0,30200000.0,,577600000.0,364700000.0,1637700000.0,1029800000.0,370600000.0,583600000.0,1643600000.0,-3100000.0,370300000.0,370300000.0,370300000.0
People's United Financial Inc,PBCT,ROPY7PEPIPIDJNF0BO69,1378946,2020.0,Q1,2020-01-01,2020-03-31,2020-05-11 15:50:23+00:00,10700000.0,0.3,0.3,,78900000.0,2000000.0,0.3,35800000.0,,51200000.0,445900000.0,24200000.0,130400000.0,130400000.0,,126900000.0,,396000000.0,60800000.0,,,,12600000.0,66000000.0,111200000.0,3500000.0,8700000.0,33500000.0,,173900000.0,103100000.0,499100000.0,320100000.0,123800000.0,166200000.0,519800000.0,,423000000.0,423000000.0,423000000.0
