company_name,company_ticker,company_lei,company_cik,year,quarter,start_date,end_date,filing_date,basicdilutedeps,basiceps,cashdividendspershare,depreciationexpense,dilutedeps,impairmentexpense,incometaxexpense,longtermdebtinterestexpense,netincome,netincomecontinuing,netincomediscontinued,netincometocommon,netincometononcontrollinginterest,netinterestincome,netoccupancyequipmentexpense,netrealizedcapitalgains,nonoperatingincome,othergains,otherinterestexpense,othernoninterestincome,otheroperatingexpenses,otherservicechargeincome,otherspecialcharges,preferreddividends,restructuringcharge,totalinterestexpense,totalnoninterestexpense,totalnoninterestincome,totalpretaxincome,totalrevenue,weightedavebasicdilutedsharesos,weightedavebasicsharesos,weightedavedilutedsharesos
AvalonBay Communities Inc,AVB,K9G90K85RBWD2LAGQX17,915912,2007.0,FY,2007-01-01,2007-12-31,2010-03-01 12:03:23+00:00,4.43,4.43,3.4,157895000.0,4.38,0.0,,,359745000.0,219364000.0,140381000.0,349460000.0,1585000.0,,222332000.0,,,59714000.0,,,187909000.0,727786000.0,,8700000.0,,,568136000.0,727786000.0,159650000.0,727786000.0,78900000.0,78900000.0,79800000.0
AvalonBay Communities Inc,AVB,K9G90K85RBWD2LAGQX17,915912,2008.0,Q3,2008-07-01,2008-09-30,2009-11-06 18:04:06+00:00,3.0,3.0,0.8925,48698000.0,2.98,0.0,,,232886000.0,45999000.0,186887000.0,235756000.0,-695000.0,,64751000.0,,,495000.0,,,56437000.0,215390000.0,,-2175000.0,,,169886000.0,215390000.0,45504000.0,215390000.0,78600000.0,78600000.0,79100000.0
AvalonBay Communities Inc,AVB,K9G90K85RBWD2LAGQX17,915912,2009.0,Q4,2009-10-01,2009-12-31,,0.4,0.4,-2.68,50247000.0,0.4,850000.0,,,32349000.0,-1243000.0,33592000.0,32394000.0,-45000.0,,50777000.0,,,1891000.0,,,68239000.0,192889000.0,25910000.0,,,,196023000.0,192889000.0,-3134000.0,192889000.0,80200000.0,80200000.0,80600000.0
AvalonBay Communities Inc,AVB,K9G90K85RBWD2LAGQX17,915912,2009.0,FY,2009-01-01,2009-12-31,2012-02-27 12:18:18+00:00,1.94,1.94,,204481000.0,1.93,21152000.0,,,154274000.0,82698000.0,71576000.0,155647000.0,-1373000.0,,246251000.0,,,6271000.0,,,255703000.0,829924000.0,25910000.0,,,,753497000.0,829924000.0,76427000.0,829924000.0,80200000.0,80200000.0,80600000.0
AvalonBay Communities Inc,AVB,K9G90K85RBWD2LAGQX17,915912,2009.0,Q3YTD,2009-01-01,2009-09-30,,1.54,1.54,2.68,154234000.0,1.53,20302000.0,,,121925000.0,83941000.0,37984000.0,123253000.0,-1328000.0,,195474000.0,,,4380000.0,,,187464000.0,637035000.0,,,,,557474000.0,637035000.0,79561000.0,637035000.0,80800000.0,80800000.0,80800000.0
AvalonBay Communities Inc,AVB,K9G90K85RBWD2LAGQX17,915912,2009.0,Q3,2009-07-01,2009-09-30,2010-11-04 16:30:18+00:00,0.72,0.72,0.8925,52987000.0,0.72,,,,58101000.0,27746000.0,30355000.0,58154000.0,-53000.0,,66693000.0,,,431000.0,,,68048000.0,215043000.0,,,,,187728000.0,215043000.0,27315000.0,215043000.0,80800000.0,80800000.0,80800000.0
AvalonBay Communities Inc,AVB,K9G90K85RBWD2LAGQX17,915912,2009.0,Q2YTD,2009-01-01,2009-06-30,,0.82,0.82,1.79,101247000.0,0.81,20302000.0,,,63824000.0,56195000.0,7629000.0,65099000.0,-1275000.0,,128781000.0,,,3949000.0,,,119416000.0,421992000.0,,,,,369746000.0,421992000.0,52246000.0,421992000.0,80300000.0,80300000.0,80300000.0
AvalonBay Communities Inc,AVB,K9G90K85RBWD2LAGQX17,915912,2009.0,Q2,2009-04-01,2009-06-30,2010-08-06 15:39:59+00:00,0.22,0.22,0.8925,51174000.0,0.22,20302000.0,,,16723000.0,13059000.0,3664000.0,17674000.0,-951000.0,,66001000.0,,,492000.0,,,62215000.0,212259000.0,,,,,199692000.0,212259000.0,12567000.0,212259000.0,80300000.0,80300000.0,80300000.0
AvalonBay Communities Inc,AVB,K9G90K85RBWD2LAGQX17,915912,2009.0,Q1,2009-01-01,2009-03-31,2010-05-05 17:25:52+00:00,0.6,0.6,0.8925,50073000.0,0.59,,,,47101000.0,43136000.0,3965000.0,47425000.0,-324000.0,,62780000.0,,,3457000.0,,,57201000.0,209733000.0,,,,,170054000.0,209733000.0,39679000.0,209733000.0,79000000.0,79000000.0,80400000.0
AvalonBay Communities Inc,AVB,K9G90K85RBWD2LAGQX17,915912,2010.0,FY,2010-01-01,2010-12-31,2013-02-22 17:26:26+00:00,2.08,2.08,,220563000.0,2.07,,,,174079000.0,92055000.0,82024000.0,175331000.0,-1252000.0,,246257000.0,,,762000.0,,,284707000.0,842820000.0,,,,,751527000.0,842820000.0,91293000.0,842820000.0,84300000.0,84300000.0,84700000.0
AvalonBay Communities Inc,AVB,K9G90K85RBWD2LAGQX17,915912,2010.0,Q4,2010-10-01,2010-12-31,,0.29,0.29,-2.68,49348000.0,0.29,,,,26667000.0,16541000.0,10126000.0,27029000.0,-362000.0,,48962000.0,,,397000.0,,,67017000.0,181471000.0,,,,,165327000.0,181471000.0,16144000.0,181471000.0,84300000.0,84300000.0,84700000.0
AvalonBay Communities Inc,AVB,K9G90K85RBWD2LAGQX17,915912,2010.0,Q3YTD,2010-01-01,2010-09-30,,1.79,1.79,2.68,171215000.0,1.78,,,,147412000.0,75514000.0,71898000.0,148302000.0,-890000.0,,197295000.0,,,365000.0,,,217690000.0,661349000.0,,,,,586200000.0,661349000.0,75149000.0,661349000.0,85000000.0,85000000.0,85000000.0
AvalonBay Communities Inc,AVB,K9G90K85RBWD2LAGQX17,915912,2010.0,Q3TTM,2009-10-01,2010-09-30,,2.19,2.19,,221462000.0,2.18,850000.0,,,179761000.0,74271000.0,105490000.0,180696000.0,-935000.0,,248072000.0,,,2256000.0,,,285929000.0,854238000.0,25910000.0,,,,782223000.0,854238000.0,72015000.0,854238000.0,85000000.0,85000000.0,85000000.0
AvalonBay Communities Inc,AVB,K9G90K85RBWD2LAGQX17,915912,2010.0,Q3,2010-07-01,2010-09-30,2011-11-07 13:54:08+00:00,0.29,0.29,0.8925,57926000.0,0.29,,,,23980000.0,26212000.0,-2232000.0,24654000.0,-674000.0,,66569000.0,,,-325000.0,,,74526000.0,225558000.0,,,,,199021000.0,225558000.0,26537000.0,225558000.0,85000000.0,85000000.0,85000000.0
AvalonBay Communities Inc,AVB,K9G90K85RBWD2LAGQX17,915912,2010.0,Q2YTD,2010-01-01,2010-06-30,,1.5,1.5,1.79,113289000.0,1.49,,,,123432000.0,49302000.0,74130000.0,123648000.0,-216000.0,,130726000.0,,,690000.0,,,143164000.0,435791000.0,,,,,387179000.0,435791000.0,48612000.0,435791000.0,83800000.0,83800000.0,83800000.0
AvalonBay Communities Inc,AVB,K9G90K85RBWD2LAGQX17,915912,2010.0,Q2TTM,2009-07-01,2010-06-30,,2.62,2.62,,216523000.0,2.61,850000.0,,,213882000.0,75805000.0,138077000.0,214196000.0,-314000.0,,248196000.0,,,3012000.0,,,279451000.0,843723000.0,25910000.0,,,,770930000.0,843723000.0,72793000.0,843723000.0,83800000.0,83800000.0,83800000.0
AvalonBay Communities Inc,AVB,K9G90K85RBWD2LAGQX17,915912,2010.0,Q2,2010-04-01,2010-06-30,2011-08-01 10:09:49+00:00,0.61,0.61,0.8925,57317000.0,0.61,,,,51066000.0,29102000.0,21964000.0,51125000.0,-59000.0,,65804000.0,,,463000.0,,,68582000.0,220342000.0,,,,,191703000.0,220342000.0,28639000.0,220342000.0,83800000.0,83800000.0,83800000.0
AvalonBay Communities Inc,AVB,K9G90K85RBWD2LAGQX17,915912,2010.0,Q1TTM,2009-04-01,2010-03-31,,2.23,2.23,,210380000.0,2.22,21152000.0,,,179539000.0,59762000.0,119777000.0,180745000.0,-1206000.0,,248393000.0,,,3041000.0,,,273084000.0,835640000.0,25910000.0,,,,778919000.0,835640000.0,56721000.0,835640000.0,81500000.0,81500000.0,82400000.0
AvalonBay Communities Inc,AVB,K9G90K85RBWD2LAGQX17,915912,2010.0,Q1,2010-01-01,2010-03-31,2011-05-06 16:34:12+00:00,0.89,0.89,0.8925,55972000.0,0.88,,,,72366000.0,20200000.0,52166000.0,72523000.0,-157000.0,,64922000.0,,,227000.0,,,74582000.0,215449000.0,,,,,195476000.0,215449000.0,19973000.0,215449000.0,81500000.0,81500000.0,82400000.0
AvalonBay Communities Inc,AVB,K9G90K85RBWD2LAGQX17,915912,2011.0,Q4,2011-10-01,2011-12-31,,3.55,3.55,-2.68,45349000.0,3.54,,,167814000.0,322964000.0,29418000.0,293546000.0,323084000.0,-120000.0,-167814000.0,50886000.0,,,1607000.0,,,-104510000.0,192257000.0,1940000.0,,2967000.0,167814000.0,-3368000.0,192257000.0,27811000.0,24443000.0,90300000.0,90300000.0,90700000.0
AvalonBay Communities Inc,AVB,K9G90K85RBWD2LAGQX17,915912,2011.0,FY,2011-01-01,2011-12-31,2014-02-28 21:00:58+00:00,4.89,4.89,,226728000.0,4.87,14052000.0,,167814000.0,441370000.0,140215000.0,301155000.0,441622000.0,-252000.0,-167814000.0,246872000.0,,,18836000.0,,,118335000.0,900087000.0,1940000.0,,2967000.0,167814000.0,610894000.0,900087000.0,121379000.0,732273000.0,90300000.0,90300000.0,90700000.0
AvalonBay Communities Inc,AVB,K9G90K85RBWD2LAGQX17,915912,2011.0,Q3YTD,2011-01-01,2011-09-30,,1.34,1.34,2.68,181379000.0,1.33,14052000.0,,,118406000.0,110797000.0,7609000.0,118538000.0,-132000.0,,195986000.0,,,17229000.0,,,222845000.0,707830000.0,,,,,614262000.0,707830000.0,93568000.0,707830000.0,91500000.0,91500000.0,91500000.0
AvalonBay Communities Inc,AVB,K9G90K85RBWD2LAGQX17,915912,2011.0,Q3TTM,2010-10-01,2011-09-30,,1.63,1.63,,230727000.0,1.62,14052000.0,,,145073000.0,127338000.0,17735000.0,145567000.0,-494000.0,,244948000.0,,,17626000.0,,,289862000.0,889301000.0,,,,,779589000.0,889301000.0,109712000.0,889301000.0,91500000.0,91500000.0,91500000.0
AvalonBay Communities Inc,AVB,K9G90K85RBWD2LAGQX17,915912,2011.0,Q3,2011-07-01,2011-09-30,2012-11-02 13:31:57+00:00,0.49,0.49,0.8925,60893000.0,0.49,14052000.0,,,44677000.0,44350000.0,327000.0,44824000.0,-147000.0,,68268000.0,,,16331000.0,,,72487000.0,243719000.0,,,,,215700000.0,243719000.0,28019000.0,243719000.0,91500000.0,91500000.0,91500000.0
AvalonBay Communities Inc,AVB,K9G90K85RBWD2LAGQX17,915912,2011.0,Q2YTD,2011-01-01,2011-06-30,,0.85,0.85,1.79,120486000.0,0.84,,,,73729000.0,66447000.0,7282000.0,73714000.0,15000.0,,127718000.0,,,898000.0,,,150358000.0,464111000.0,,,,,398562000.0,464111000.0,65549000.0,464111000.0,86700000.0,86700000.0,88500000.0
AvalonBay Communities Inc,AVB,K9G90K85RBWD2LAGQX17,915912,2011.0,Q2TTM,2010-07-01,2011-06-30,,1.43,1.43,,227760000.0,1.42,,,,124376000.0,109200000.0,15176000.0,125397000.0,-1021000.0,,243249000.0,,,970000.0,,,291901000.0,871140000.0,,,,,762910000.0,871140000.0,108230000.0,871140000.0,86700000.0,86700000.0,88500000.0
AvalonBay Communities Inc,AVB,K9G90K85RBWD2LAGQX17,915912,2011.0,Q2,2011-04-01,2011-06-30,2012-08-03 10:12:20+00:00,0.5,0.5,0.8925,60836000.0,0.49,,,,43192000.0,35234000.0,7958000.0,43373000.0,-181000.0,,63951000.0,,,395000.0,,,75955000.0,235581000.0,,,,,200742000.0,235581000.0,34839000.0,235581000.0,86700000.0,86700000.0,88500000.0
AvalonBay Communities Inc,AVB,K9G90K85RBWD2LAGQX17,915912,2011.0,Q1TTM,2010-04-01,2011-03-31,,1.54,1.54,,224241000.0,1.54,,,,132250000.0,103068000.0,29182000.0,133149000.0,-899000.0,,245102000.0,,,1038000.0,,,284528000.0,855901000.0,,,,,753871000.0,855901000.0,102030000.0,855901000.0,86700000.0,86700000.0,86700000.0
AvalonBay Communities Inc,AVB,K9G90K85RBWD2LAGQX17,915912,2011.0,Q1,2011-01-01,2011-03-31,2012-05-04 12:32:26+00:00,0.35,0.35,0.8925,59650000.0,0.35,,,,30537000.0,31213000.0,-676000.0,30341000.0,196000.0,,63767000.0,,,503000.0,,,74403000.0,228530000.0,,,,,197820000.0,228530000.0,30710000.0,228530000.0,86700000.0,86700000.0,86700000.0
AvalonBay Communities Inc,AVB,K9G90K85RBWD2LAGQX17,915912,2012.0,Q4,2012-10-01,2012-12-31,,1.2,1.2,-2.91,56135000.0,1.2,1449000.0,,-33985000.0,122385000.0,56463000.0,65922000.0,122358000.0,27000.0,-102935000.0,60807000.0,280000.0,20914000.0,-24275000.0,136920000.0,990370000.0,-49643000.0,-749541000.0,,,9602000.0,102935000.0,78350000.0,241109000.0,80738000.0,138174000.0,97700000.0,97700000.0,98100000.0
AvalonBay Communities Inc,AVB,K9G90K85RBWD2LAGQX17,915912,2012.0,FY,2012-01-01,2012-12-31,2015-02-19 16:40:02+00:00,4.34,4.34,,243680000.0,4.32,1449000.0,0.0,,423562000.0,250431000.0,173131000.0,423869000.0,-307000.0,-136920000.0,259350000.0,280000.0,20914000.0,,136920000.0,990370000.0,117462000.0,10257000.0,1179000.0,,11350000.0,136920000.0,634470000.0,1000907000.0,250431000.0,863987000.0,97700000.0,97700000.0,98100000.0
AvalonBay Communities Inc,AVB,K9G90K85RBWD2LAGQX17,915912,2012.0,Q3YTD,2012-01-01,2012-09-30,,3.14,3.14,2.91,187545000.0,3.12,,,33985000.0,301177000.0,193968000.0,107209000.0,301511000.0,-334000.0,-33985000.0,198543000.0,,,24275000.0,,,167105000.0,759798000.0,1179000.0,,1748000.0,33985000.0,556120000.0,759798000.0,169693000.0,725813000.0,97600000.0,97600000.0,97600000.0
AvalonBay Communities Inc,AVB,K9G90K85RBWD2LAGQX17,915912,2012.0,Q3TTM,2011-10-01,2012-09-30,,6.69,6.69,0.23,232894000.0,6.66,,,201799000.0,624141000.0,223386000.0,400755000.0,624595000.0,-454000.0,-201799000.0,249429000.0,,,25882000.0,,,62595000.0,952055000.0,3119000.0,,4715000.0,201799000.0,552752000.0,952055000.0,197504000.0,750256000.0,97600000.0,97600000.0,97600000.0
AvalonBay Communities Inc,AVB,K9G90K85RBWD2LAGQX17,915912,2012.0,Q3,2012-07-01,2012-09-30,2013-11-05 17:01:36+00:00,0.89,0.89,0.97,62750000.0,0.89,,,33985000.0,86747000.0,82407000.0,4340000.0,86844000.0,-97000.0,-33985000.0,67471000.0,,,19747000.0,,,33847000.0,261321000.0,,,608000.0,33985000.0,164676000.0,261321000.0,62660000.0,227336000.0,97600000.0,97600000.0,97600000.0
AvalonBay Communities Inc,AVB,K9G90K85RBWD2LAGQX17,915912,2012.0,Q2YTD,2012-01-01,2012-06-30,,2.25,2.25,1.94,124795000.0,2.23,,,,214430000.0,111561000.0,102869000.0,214667000.0,-237000.0,,131072000.0,,,4528000.0,,,133258000.0,498477000.0,1179000.0,,1140000.0,,391444000.0,498477000.0,107033000.0,498477000.0,95700000.0,95700000.0,96300000.0
AvalonBay Communities Inc,AVB,K9G90K85RBWD2LAGQX17,915912,2012.0,Q2TTM,2011-07-01,2012-06-30,,6.29,6.29,0.15,231037000.0,6.26,14052000.0,,167814000.0,582071000.0,185329000.0,396742000.0,582575000.0,-504000.0,-167814000.0,250226000.0,,,22466000.0,,,101235000.0,934453000.0,3119000.0,,4107000.0,167814000.0,603776000.0,934453000.0,162863000.0,766639000.0,95700000.0,95700000.0,96300000.0
AvalonBay Communities Inc,AVB,K9G90K85RBWD2LAGQX17,915912,2012.0,Q2,2012-04-01,2012-06-30,2013-08-02 14:03:36+00:00,1.64,1.64,0.97,63224000.0,1.63,,,,156821000.0,57887000.0,98934000.0,156909000.0,-88000.0,,66751000.0,,,2353000.0,,,66035000.0,252445000.0,,,901000.0,,196911000.0,252445000.0,55534000.0,252445000.0,95700000.0,95700000.0,96300000.0
AvalonBay Communities Inc,AVB,K9G90K85RBWD2LAGQX17,915912,2012.0,Q1TTM,2011-04-01,2012-03-31,,5.15,5.15,0.08,228649000.0,5.12,14052000.0,,167814000.0,468442000.0,162676000.0,305766000.0,469039000.0,-597000.0,-167814000.0,247426000.0,,,20508000.0,,,111155000.0,917589000.0,3119000.0,,3206000.0,167814000.0,607607000.0,917589000.0,142168000.0,749775000.0,94700000.0,94700000.0,96300000.0
AvalonBay Communities Inc,AVB,K9G90K85RBWD2LAGQX17,915912,2012.0,Q1,2012-01-01,2012-03-31,2013-05-10 13:07:53+00:00,0.61,0.61,0.97,61571000.0,0.6,,,,57609000.0,53674000.0,3935000.0,57758000.0,-149000.0,,64321000.0,,,2175000.0,,,67223000.0,246032000.0,1179000.0,,239000.0,,194533000.0,246032000.0,51499000.0,246032000.0,94700000.0,94700000.0,96300000.0
AvalonBay Communities Inc,AVB,K9G90K85RBWD2LAGQX17,915912,2013.0,FY,2013-01-01,2013-12-31,2016-02-25 17:48:46+00:00,2.78,2.78,,560215000.0,2.78,0.0,0.0,,352771000.0,57827000.0,294944000.0,353141000.0,-370000.0,-172402000.0,352245000.0,240000.0,-11154000.0,,172402000.0,1451419000.0,249347000.0,11502000.0,14921000.0,,45050000.0,172402000.0,1221778000.0,1463161000.0,57827000.0,1290759000.0,127000000.0,127000000.0,127000000.0
AvalonBay Communities Inc,AVB,K9G90K85RBWD2LAGQX17,915912,2013.0,Q4,2013-10-01,2013-12-31,,1.95,1.95,-3.21,104806000.0,1.95,,,-125288000.0,252090000.0,88209000.0,163881000.0,252211000.0,-121000.0,-47114000.0,95695000.0,240000.0,-11154000.0,16004000.0,172402000.0,689950000.0,47328000.0,-295782000.0,14921000.0,,1185000.0,47114000.0,263935000.0,394408000.0,72205000.0,347294000.0,127000000.0,127000000.0,127000000.0
AvalonBay Communities Inc,AVB,K9G90K85RBWD2LAGQX17,915912,2013.0,Q3YTD,2013-01-01,2013-09-30,,0.83,0.83,3.21,455409000.0,0.83,,,125288000.0,100681000.0,-30382000.0,131063000.0,100930000.0,-249000.0,-125288000.0,256550000.0,,,-16004000.0,,761469000.0,202019000.0,307284000.0,,,43865000.0,125288000.0,957843000.0,1068753000.0,-14378000.0,943465000.0,133900000.0,133900000.0,133900000.0
AvalonBay Communities Inc,AVB,K9G90K85RBWD2LAGQX17,915912,2013.0,Q3TTM,2012-10-01,2013-09-30,,2.03,2.03,0.3,511544000.0,2.03,1449000.0,,91303000.0,223066000.0,26081000.0,196985000.0,223288000.0,-222000.0,-228223000.0,317357000.0,280000.0,20914000.0,-40279000.0,136920000.0,1751839000.0,152376000.0,-442257000.0,,,53467000.0,228223000.0,1036193000.0,1309862000.0,66360000.0,1081639000.0,133900000.0,133900000.0,133900000.0
AvalonBay Communities Inc,AVB,K9G90K85RBWD2LAGQX17,915912,2013.0,Q3,2013-07-01,2013-09-30,2014-11-04 17:30:27+00:00,-0.08,-0.08,1.07,159873000.0,-0.08,,,43945000.0,-10885000.0,-15948000.0,5063000.0,-10715000.0,-170000.0,-43945000.0,96857000.0,,,3260000.0,,386175000.0,107722000.0,3014000.0,0.0,,,43945000.0,364452000.0,389189000.0,-19208000.0,345244000.0,133900000.0,133900000.0,133900000.0
AvalonBay Communities Inc,AVB,K9G90K85RBWD2LAGQX17,915912,2013.0,Q2YTD,2013-01-01,2013-06-30,,0.91,0.91,2.14,295536000.0,0.91,,,81343000.0,111566000.0,-14434000.0,126000000.0,111645000.0,-79000.0,-81343000.0,159693000.0,,,-19264000.0,,375294000.0,94297000.0,304270000.0,,,43865000.0,81343000.0,593391000.0,679564000.0,4830000.0,598221000.0,129400000.0,129400000.0,129400000.0
AvalonBay Communities Inc,AVB,K9G90K85RBWD2LAGQX17,915912,2013.0,Q2TTM,2012-07-01,2013-06-30,,3.0,3.0,0.2,414421000.0,3.0,1449000.0,,81343000.0,320698000.0,124436000.0,196262000.0,320847000.0,-149000.0,-218263000.0,287971000.0,280000.0,20914000.0,-23792000.0,136920000.0,1365664000.0,78501000.0,-183950000.0,,,54075000.0,218263000.0,836417000.0,1181994000.0,148228000.0,963731000.0,129400000.0,129400000.0,129400000.0
AvalonBay Communities Inc,AVB,K9G90K85RBWD2LAGQX17,915912,2013.0,Q2,2013-04-01,2013-06-30,2014-08-08 16:42:37+00:00,0.28,0.28,1.07,189977000.0,0.28,,,43169000.0,36097000.0,334000.0,35763000.0,36218000.0,-121000.0,-43169000.0,87865000.0,,,-700000.0,,375294000.0,52356000.0,2913000.0,0.0,,3806000.0,43169000.0,334004000.0,378207000.0,1034000.0,335038000.0,129400000.0,129400000.0,129400000.0
AvalonBay Communities Inc,AVB,K9G90K85RBWD2LAGQX17,915912,2013.0,Q1TTM,2012-04-01,2013-03-31,,4.36,4.36,0.1,287668000.0,4.35,1449000.0,,38174000.0,441422000.0,181989000.0,259433000.0,441538000.0,-116000.0,-175094000.0,266857000.0,280000.0,20914000.0,-20739000.0,136920000.0,990370000.0,92180000.0,65582000.0,,,51170000.0,175094000.0,699324000.0,1056232000.0,202728000.0,881138000.0,119700000.0,119700000.0,119700000.0
AvalonBay Communities Inc,AVB,K9G90K85RBWD2LAGQX17,915912,2013.0,Q1,2013-01-01,2013-03-31,2014-05-02 14:35:10+00:00,0.63,0.63,1.07,105559000.0,0.63,,,38174000.0,75469000.0,-14768000.0,90237000.0,75427000.0,42000.0,-38174000.0,71828000.0,,,-18564000.0,,,41941000.0,301357000.0,,,40059000.0,38174000.0,259387000.0,301357000.0,3796000.0,263183000.0,119700000.0,119700000.0,119700000.0
AvalonBay Communities Inc,AVB,K9G90K85RBWD2LAGQX17,915912,2014.0,FY,2014-01-01,2014-12-31,2017-02-24 13:54:58+00:00,5.22,5.22,,442682000.0,5.21,0.0,9368000.0,,697327000.0,659148000.0,38179000.0,683567000.0,13760000.0,-180618000.0,410672000.0,490000.0,233691000.0,,180618000.0,1674011000.0,220059000.0,11050000.0,412000.0,,-3717000.0,180618000.0,1070108000.0,1685551000.0,668516000.0,1504933000.0,131000000.0,131000000.0,131200000.0
AvalonBay Communities Inc,AVB,K9G90K85RBWD2LAGQX17,915912,2014.0,Q4,2014-10-01,2014-12-31,,1.08,1.08,-3.48,114084000.0,1.08,,9368000.0,-86255000.0,142530000.0,142530000.0,,142642000.0,-112000.0,-94363000.0,105859000.0,490000.0,233691000.0,-204470000.0,180618000.0,437857000.0,10611000.0,2798000.0,,,-6449000.0,94363000.0,224105000.0,441145000.0,356368000.0,346782000.0,131000000.0,131000000.0,131200000.0
AvalonBay Communities Inc,AVB,K9G90K85RBWD2LAGQX17,915912,2014.0,Q3YTD,2014-01-01,2014-09-30,,4.14,4.14,3.48,328598000.0,4.13,,,86255000.0,554797000.0,516618000.0,38179000.0,540925000.0,13872000.0,-86255000.0,304813000.0,,,204470000.0,,1236154000.0,209448000.0,8252000.0,412000.0,,2732000.0,86255000.0,846003000.0,1244406000.0,312148000.0,1158151000.0,131700000.0,131700000.0,131700000.0
AvalonBay Communities Inc,AVB,K9G90K85RBWD2LAGQX17,915912,2014.0,Q3TTM,2013-10-01,2014-09-30,,6.09,6.09,0.27,433404000.0,6.08,,,-39033000.0,806887000.0,604827000.0,202060000.0,793136000.0,13751000.0,-133369000.0,400508000.0,240000.0,-11154000.0,220474000.0,172402000.0,1926104000.0,256776000.0,-287530000.0,15333000.0,,3917000.0,133369000.0,1109938000.0,1638814000.0,384353000.0,1505445000.0,131700000.0,131700000.0,131700000.0
AvalonBay Communities Inc,AVB,K9G90K85RBWD2LAGQX17,915912,2014.0,Q3,2014-07-01,2014-09-30,2015-11-03 13:36:54+00:00,1.83,1.83,1.16,111836000.0,1.83,0.0,,,241001000.0,241001000.0,0.0,241100000.0,-99000.0,,105212000.0,,,130592000.0,,428022000.0,103068000.0,2503000.0,0.0,,,,320116000.0,430525000.0,110409000.0,430525000.0,131700000.0,131700000.0,131700000.0
AvalonBay Communities Inc,AVB,K9G90K85RBWD2LAGQX17,915912,2014.0,Q2YTD,2014-01-01,2014-06-30,,2.31,2.31,2.32,216762000.0,2.3,,,86255000.0,313796000.0,275617000.0,38179000.0,299825000.0,13971000.0,-86255000.0,199601000.0,,,73878000.0,,808132000.0,106380000.0,5749000.0,412000.0,,2732000.0,86255000.0,525887000.0,813881000.0,201739000.0,727626000.0,129600000.0,129600000.0,130600000.0
AvalonBay Communities Inc,AVB,K9G90K85RBWD2LAGQX17,915912,2014.0,Q2TTM,2013-07-01,2014-06-30,,4.18,4.18,0.18,481441000.0,4.17,,,4912000.0,555001000.0,347878000.0,207123000.0,541321000.0,13680000.0,-177314000.0,392153000.0,240000.0,-11154000.0,93142000.0,172402000.0,1884257000.0,261430000.0,-287019000.0,15333000.0,,3917000.0,177314000.0,1154274000.0,1597478000.0,254736000.0,1420164000.0,129600000.0,129600000.0,130600000.0
AvalonBay Communities Inc,AVB,K9G90K85RBWD2LAGQX17,915912,2014.0,Q2,2014-04-01,2014-06-30,2015-08-06 12:58:32+00:00,1.22,1.22,1.16,110395000.0,1.21,0.0,,43722000.0,172197000.0,172197000.0,0.0,158086000.0,14111000.0,-43722000.0,101059000.0,,,68655000.0,,411134000.0,52659000.0,2672000.0,412000.0,,2017000.0,43722000.0,266542000.0,413806000.0,103542000.0,370084000.0,129600000.0,129600000.0,130600000.0
AvalonBay Communities Inc,AVB,K9G90K85RBWD2LAGQX17,915912,2014.0,Q1TTM,2013-04-01,2014-03-31,,3.24,3.24,0.09,561023000.0,3.24,,,4359000.0,418901000.0,176015000.0,242886000.0,419453000.0,-552000.0,-176761000.0,378959000.0,240000.0,-11154000.0,23787000.0,172402000.0,1848417000.0,261127000.0,-286778000.0,14921000.0,,5706000.0,176761000.0,1221736000.0,1561879000.0,152228000.0,1385118000.0,130000000.0,130000000.0,130000000.0
AvalonBay Communities Inc,AVB,K9G90K85RBWD2LAGQX17,915912,2014.0,Q1,2014-01-01,2014-03-31,2015-05-04 09:03:16+00:00,1.09,1.09,1.16,106367000.0,1.09,0.0,,42533000.0,141599000.0,103420000.0,38179000.0,141739000.0,-140000.0,-42533000.0,98542000.0,,,5223000.0,,396998000.0,53721000.0,3077000.0,,,715000.0,42533000.0,259345000.0,400075000.0,98197000.0,357542000.0,130000000.0,130000000.0,130000000.0
AvalonBay Communities Inc,AVB,K9G90K85RBWD2LAGQX17,915912,2015.0,FY,2015-01-01,2015-12-31,2018-02-23 13:55:16+00:00,5.54,5.54,,477923000.0,5.51,-10542000.0,1483000.0,,741733000.0,741733000.0,,742038000.0,-305000.0,-175615000.0,448747000.0,9647000.0,185643000.0,,175615000.0,1846081000.0,236273000.0,9947000.0,-26736000.0,,6822000.0,175615000.0,1132487000.0,1865675000.0,743216000.0,1690060000.0,133900000.0,133900000.0,134700000.0
AvalonBay Communities Inc,AVB,K9G90K85RBWD2LAGQX17,915912,2015.0,Q4,2015-10-01,2015-12-31,,2.7,2.7,-3.75,122259000.0,2.69,126000.0,136000.0,,155351000.0,155351000.0,,155428000.0,-77000.0,-175615000.0,108246000.0,9647000.0,106442000.0,-105524000.0,175615000.0,478609000.0,-71897000.0,2233000.0,,,1571000.0,175615000.0,160305000.0,490489000.0,261011000.0,314874000.0,133900000.0,133900000.0,134700000.0
AvalonBay Communities Inc,AVB,K9G90K85RBWD2LAGQX17,915912,2015.0,Q3,2015-07-01,2015-09-30,2016-11-04 10:09:24+00:00,1.54,1.54,1.25,120184000.0,1.53,658000.0,39000.0,,206076000.0,206076000.0,,206142000.0,-66000.0,,115655000.0,,55770000.0,,,473199000.0,104114000.0,2161000.0,-18987000.0,,3391000.0,,325015000.0,475360000.0,206115000.0,475360000.0,133900000.0,133900000.0,134700000.0
AvalonBay Communities Inc,AVB,K9G90K85RBWD2LAGQX17,915912,2015.0,Q3YTD,2015-01-01,2015-09-30,,2.84,2.84,3.75,355664000.0,2.82,-10668000.0,1347000.0,,586382000.0,586382000.0,,586610000.0,-228000.0,,340501000.0,,79201000.0,105524000.0,,1367472000.0,308170000.0,7714000.0,-26736000.0,,5251000.0,,972182000.0,1375186000.0,482205000.0,1375186000.0,133900000.0,133900000.0,134700000.0
AvalonBay Communities Inc,AVB,K9G90K85RBWD2LAGQX17,915912,2015.0,Q3TTM,2014-10-01,2015-09-30,,3.92,3.92,0.27,469748000.0,3.9,-10668000.0,10715000.0,-86255000.0,728912000.0,728912000.0,,729252000.0,-340000.0,-94363000.0,446360000.0,490000.0,312892000.0,-98946000.0,180618000.0,1805329000.0,318781000.0,10512000.0,-26736000.0,,-1198000.0,94363000.0,1196287000.0,1816331000.0,838573000.0,1721968000.0,133900000.0,133900000.0,134700000.0
AvalonBay Communities Inc,AVB,K9G90K85RBWD2LAGQX17,915912,2015.0,Q2,2015-04-01,2015-06-30,2016-08-05 11:42:32+00:00,1.3,1.3,1.25,118627000.0,1.29,-17114000.0,1293000.0,,172253000.0,172253000.0,,172324000.0,-71000.0,,112069000.0,,23431000.0,,,454517000.0,100838000.0,2942000.0,-7749000.0,,673000.0,,307344000.0,457459000.0,173546000.0,457459000.0,132600000.0,132600000.0,133600000.0
AvalonBay Communities Inc,AVB,K9G90K85RBWD2LAGQX17,915912,2015.0,Q2YTD,2015-01-01,2015-06-30,,1.3,1.3,2.5,235480000.0,1.29,-11326000.0,1308000.0,,380306000.0,380306000.0,,380468000.0,-162000.0,,224846000.0,,23431000.0,105524000.0,,894273000.0,204056000.0,5553000.0,-7749000.0,,1860000.0,,647167000.0,899826000.0,276090000.0,899826000.0,132600000.0,132600000.0,133600000.0
AvalonBay Communities Inc,AVB,K9G90K85RBWD2LAGQX17,915912,2015.0,Q2TTM,2014-07-01,2015-06-30,,4.21,4.21,0.18,461400000.0,4.2,-11326000.0,10676000.0,-86255000.0,763837000.0,763837000.0,,764210000.0,-373000.0,-94363000.0,435917000.0,490000.0,257122000.0,31646000.0,180618000.0,1760152000.0,317735000.0,10854000.0,-7749000.0,,-4589000.0,94363000.0,1191388000.0,1771496000.0,742867000.0,1677133000.0,132600000.0,132600000.0,133600000.0
AvalonBay Communities Inc,AVB,K9G90K85RBWD2LAGQX17,915912,2015.0,Q1,2015-01-01,2015-03-31,2016-05-03 14:15:17+00:00,,,1.25,116853000.0,,5788000.0,15000.0,,208053000.0,208053000.0,,208144000.0,-91000.0,,112777000.0,,,105524000.0,,439756000.0,103218000.0,2611000.0,,,1187000.0,,339823000.0,442367000.0,102544000.0,442367000.0,,,
AvalonBay Communities Inc,AVB,K9G90K85RBWD2LAGQX17,915912,2015.0,Q1TTM,2014-04-01,2015-03-31,,4.13,4.13,0.09,453168000.0,4.12,5788000.0,9383000.0,-42533000.0,763781000.0,763781000.0,,749972000.0,13809000.0,-138085000.0,424907000.0,490000.0,233691000.0,100301000.0,180618000.0,1716769000.0,269556000.0,10584000.0,412000.0,,-3245000.0,138085000.0,1150586000.0,1727843000.0,672863000.0,1589758000.0,,,
AvalonBay Communities Inc,AVB,K9G90K85RBWD2LAGQX17,915912,2016.0,FY,2016-01-01,2016-12-31,2019-02-22 13:19:53+00:00,7.53,7.53,5.4,531434000.0,7.52,-3935000.0,305000.0,,1033708000.0,1033708000.0,,1034002000.0,-294000.0,,478437000.0,,449809000.0,,,2039656000.0,438118000.0,5599000.0,7075000.0,,9922000.0,,1461051000.0,2045255000.0,1034013000.0,2045255000.0,137300000.0,137300000.0,137500000.0
AvalonBay Communities Inc,AVB,K9G90K85RBWD2LAGQX17,915912,2016.0,Q4,2016-10-01,2016-12-31,,1.76,1.76,-4.05,140020000.0,1.76,-1000.0,210000.0,,242183000.0,242183000.0,,242235000.0,-52000.0,,118119000.0,-10921000.0,189847000.0,-79399000.0,,516951000.0,111401000.0,1288000.0,4614000.0,,1220000.0,,375373000.0,507318000.0,321792000.0,507318000.0,137300000.0,137300000.0,137500000.0
AvalonBay Communities Inc,AVB,K9G90K85RBWD2LAGQX17,915912,2016.0,Q3,2016-07-01,2016-09-30,2017-11-03 14:22:28+00:00,2.6,2.6,1.35,131729000.0,2.59,0.0,22000.0,,356329000.0,356329000.0,,356392000.0,-63000.0,,124789000.0,10778000.0,201821000.0,,,514891000.0,112137000.0,1320000.0,0.0,,3804000.0,,372459000.0,526989000.0,356351000.0,526989000.0,137100000.0,137100000.0,137600000.0
AvalonBay Communities Inc,AVB,K9G90K85RBWD2LAGQX17,915912,2016.0,Q3YTD,2016-01-01,2016-09-30,,5.77,5.77,4.05,391414000.0,5.76,-3934000.0,95000.0,,791525000.0,791525000.0,,791767000.0,-242000.0,,360318000.0,10921000.0,259962000.0,79399000.0,,1522705000.0,326717000.0,4311000.0,2461000.0,,8702000.0,,1085678000.0,1537937000.0,712221000.0,1537937000.0,137100000.0,137100000.0,137600000.0
AvalonBay Communities Inc,AVB,K9G90K85RBWD2LAGQX17,915912,2016.0,Q3TTM,2015-10-01,2016-09-30,,8.47,8.47,0.3,513673000.0,8.45,-3808000.0,231000.0,,946876000.0,946876000.0,,947195000.0,-319000.0,-175615000.0,468564000.0,20568000.0,366404000.0,-26125000.0,175615000.0,2001314000.0,254820000.0,6544000.0,2461000.0,,10273000.0,175615000.0,1245983000.0,2028426000.0,973232000.0,1852811000.0,137100000.0,137100000.0,137600000.0
AvalonBay Communities Inc,AVB,K9G90K85RBWD2LAGQX17,915912,2016.0,Q2,2016-04-01,2016-06-30,2017-08-04 15:01:56+00:00,1.44,1.44,1.35,132469000.0,1.44,-1732000.0,36000.0,,197319000.0,197319000.0,,197444000.0,-125000.0,,118903000.0,143000.0,58141000.0,,,500840000.0,109699000.0,1467000.0,2461000.0,,1436000.0,,363236000.0,502450000.0,197355000.0,502450000.0,137100000.0,137100000.0,137100000.0
AvalonBay Communities Inc,AVB,K9G90K85RBWD2LAGQX17,915912,2016.0,Q2YTD,2016-01-01,2016-06-30,,3.17,3.17,2.7,259685000.0,3.17,-3934000.0,73000.0,,435196000.0,435196000.0,,435375000.0,-179000.0,,235529000.0,143000.0,58141000.0,79399000.0,,1007814000.0,214580000.0,2991000.0,2461000.0,,4898000.0,,713219000.0,1010948000.0,355870000.0,1010948000.0,137100000.0,137100000.0,137100000.0
AvalonBay Communities Inc,AVB,K9G90K85RBWD2LAGQX17,915912,2016.0,Q2TTM,2015-07-01,2016-06-30,,7.41,7.41,0.2,502128000.0,7.39,-3150000.0,248000.0,,796623000.0,796623000.0,,796945000.0,-322000.0,-175615000.0,459430000.0,9790000.0,220353000.0,-26125000.0,175615000.0,1959622000.0,246797000.0,7385000.0,-16526000.0,,9860000.0,175615000.0,1198539000.0,1976797000.0,822996000.0,1801182000.0,137100000.0,137100000.0,137100000.0
AvalonBay Communities Inc,AVB,K9G90K85RBWD2LAGQX17,915912,2016.0,Q1,2016-01-01,2016-03-31,2017-05-02 11:24:21+00:00,1.73,1.73,1.35,127216000.0,1.73,-2202000.0,37000.0,,237877000.0,237877000.0,,237931000.0,-54000.0,,116626000.0,,,79399000.0,,506974000.0,104881000.0,1524000.0,,,3462000.0,,349983000.0,508498000.0,158515000.0,508498000.0,137500000.0,137500000.0,137500000.0
AvalonBay Communities Inc,AVB,K9G90K85RBWD2LAGQX17,915912,2016.0,Q1TTM,2015-04-01,2016-03-31,,7.27,7.27,0.1,488286000.0,7.24,-18532000.0,1505000.0,,771557000.0,771557000.0,,771825000.0,-268000.0,-175615000.0,452596000.0,9647000.0,185643000.0,-26125000.0,175615000.0,1913299000.0,237936000.0,8860000.0,-26736000.0,,9097000.0,175615000.0,1142647000.0,1931806000.0,799187000.0,1756191000.0,137500000.0,137500000.0,137500000.0
AvalonBay Communities Inc,AVB,K9G90K85RBWD2LAGQX17,915912,2017.0,FY,2017-01-01,2017-12-31,2020-02-21 15:41:19+00:00,6.36,6.36,5.68,584150000.0,6.35,6250000.0,141000.0,,876660000.0,876660000.0,,876921000.0,-261000.0,-199661000.0,500924000.0,-6760000.0,323343000.0,,199661000.0,2154481000.0,277806000.0,,25472000.0,,,199661000.0,1394602000.0,2147721000.0,876801000.0,1948060000.0,137900000.0,137900000.0,138100000.0
AvalonBay Communities Inc,AVB,K9G90K85RBWD2LAGQX17,915912,2017.0,Q4,2017-10-01,2017-12-31,,1.71,1.71,-4.26,157100000.0,1.71,-5438000.0,39000.0,,237486000.0,237486000.0,,237573000.0,-87000.0,-199661000.0,121603000.0,-7126000.0,92330000.0,,199661000.0,553336000.0,-72334000.0,-1200000.0,1310000.0,,-2087000.0,199661000.0,200154000.0,545010000.0,237525000.0,345349000.0,137900000.0,137900000.0,138100000.0
AvalonBay Communities Inc,AVB,K9G90K85RBWD2LAGQX17,915912,2017.0,Q3,2017-07-01,2017-09-30,2018-11-02 14:12:37+00:00,1.73,1.73,1.42,144990000.0,1.72,0.0,24000.0,,238199000.0,238199000.0,,238248000.0,-49000.0,,129590000.0,,81179000.0,,,549507000.0,117094000.0,,0.0,,789000.0,,392463000.0,549507000.0,238223000.0,549507000.0,137700000.0,137700000.0,138500000.0
AvalonBay Communities Inc,AVB,K9G90K85RBWD2LAGQX17,915912,2017.0,Q3YTD,2017-01-01,2017-09-30,,4.65,4.65,4.26,427050000.0,4.64,11688000.0,102000.0,,639174000.0,639174000.0,,639348000.0,-174000.0,,379321000.0,366000.0,231013000.0,,,1601145000.0,350140000.0,1200000.0,24162000.0,,2087000.0,,1194448000.0,1602711000.0,639276000.0,1602711000.0,137700000.0,137700000.0,138500000.0
AvalonBay Communities Inc,AVB,K9G90K85RBWD2LAGQX17,915912,2017.0,Q3TTM,2016-10-01,2017-09-30,,6.41,6.41,0.21,567070000.0,6.4,11687000.0,312000.0,,881357000.0,881357000.0,,881583000.0,-226000.0,,497440000.0,-10555000.0,420860000.0,-79399000.0,,2118096000.0,461541000.0,2488000.0,28776000.0,,3307000.0,,1569821000.0,2110029000.0,961068000.0,2110029000.0,137700000.0,137700000.0,138500000.0
AvalonBay Communities Inc,AVB,K9G90K85RBWD2LAGQX17,915912,2017.0,Q2,2017-04-01,2017-06-30,2018-08-03 14:10:17+00:00,1.2,1.2,1.42,141439000.0,1.2,0.0,58000.0,,165194000.0,165194000.0,,165225000.0,-31000.0,,126687000.0,,45213000.0,,,530512000.0,117615000.0,,24162000.0,,570000.0,,410473000.0,530512000.0,165252000.0,530512000.0,137700000.0,137700000.0,137700000.0
AvalonBay Communities Inc,AVB,K9G90K85RBWD2LAGQX17,915912,2017.0,Q2YTD,2017-01-01,2017-06-30,,2.92,2.92,2.84,282060000.0,2.92,11688000.0,78000.0,,400975000.0,400975000.0,,401100000.0,-125000.0,,249731000.0,366000.0,149834000.0,,,1051638000.0,233046000.0,1200000.0,24162000.0,,1298000.0,,801985000.0,1053204000.0,401053000.0,1053204000.0,137700000.0,137700000.0,137700000.0
AvalonBay Communities Inc,AVB,K9G90K85RBWD2LAGQX17,915912,2017.0,Q2TTM,2016-07-01,2017-06-30,,7.28,7.28,0.14,553809000.0,7.27,11687000.0,310000.0,,999487000.0,999487000.0,,999727000.0,-240000.0,,492639000.0,223000.0,541502000.0,-79399000.0,,2083480000.0,456584000.0,3808000.0,28776000.0,,6322000.0,,1549817000.0,2087511000.0,1079196000.0,2087511000.0,137700000.0,137700000.0,137700000.0
AvalonBay Communities Inc,AVB,K9G90K85RBWD2LAGQX17,915912,2017.0,Q1,2017-01-01,2017-03-31,2018-05-04 14:27:26+00:00,1.72,1.72,1.42,140621000.0,1.72,11688000.0,20000.0,,235781000.0,235781000.0,,235875000.0,-94000.0,,123044000.0,366000.0,104621000.0,,,521126000.0,115431000.0,1200000.0,0.0,,728000.0,,391512000.0,522692000.0,235801000.0,522692000.0,137100000.0,137100000.0,137100000.0
AvalonBay Communities Inc,AVB,K9G90K85RBWD2LAGQX17,915912,2017.0,Q1TTM,2016-04-01,2017-03-31,,7.52,7.52,0.07,544839000.0,7.51,9955000.0,288000.0,,1031612000.0,1031612000.0,,1031946000.0,-334000.0,,484855000.0,366000.0,554430000.0,-79399000.0,,2053808000.0,448668000.0,5275000.0,7075000.0,,7188000.0,,1502580000.0,2059449000.0,1111299000.0,2059449000.0,137100000.0,137100000.0,137100000.0
AvalonBay Communities Inc,AVB,K9G90K85RBWD2LAGQX17,915912,2018.0,FY,2018-01-01,2018-12-31,2020-02-21 15:41:19+00:00,7.05,7.05,5.88,631196000.0,7.05,215000.0,-160000.0,,974175000.0,974175000.0,,974525000.0,-350000.0,-220974000.0,524993000.0,3227000.0,390246000.0,,220974000.0,2280963000.0,306241000.0,,17492000.0,,,220974000.0,1480137000.0,2284190000.0,974015000.0,2063216000.0,138200000.0,138200000.0,138200000.0
AvalonBay Communities Inc,AVB,K9G90K85RBWD2LAGQX17,915912,2018.0,Q4,2018-10-01,2018-12-31,,2.79,2.79,,158914000.0,2.79,827000.0,-247000.0,,385635000.0,385635000.0,,385734000.0,-99000.0,-220974000.0,130663000.0,3227000.0,244907000.0,,220974000.0,577702000.0,-86967000.0,-2752000.0,14775000.0,,-800000.0,220974000.0,217412000.0,578177000.0,385388000.0,357203000.0,138200000.0,138200000.0,138200000.0
AvalonBay Communities Inc,AVB,K9G90K85RBWD2LAGQX17,915912,2018.0,Q3,2018-07-01,2018-09-30,2019-11-05 15:08:42+00:00,1.39,1.39,,156538000.0,1.39,-554000.0,29000.0,,192407000.0,192407000.0,,192486000.0,-79000.0,,132237000.0,,37286000.0,,,575070000.0,130933000.0,912000.0,1678000.0,,,,420832000.0,575982000.0,192436000.0,575982000.0,138500000.0,138500000.0,138500000.0
AvalonBay Communities Inc,AVB,K9G90K85RBWD2LAGQX17,915912,2018.0,Q3YTD,2018-01-01,2018-09-30,,4.26,4.26,,472282000.0,4.26,-612000.0,87000.0,,588540000.0,588540000.0,,588791000.0,-251000.0,,394330000.0,,145339000.0,,,1703261000.0,393208000.0,2752000.0,2717000.0,,800000.0,,1262725000.0,1706013000.0,588627000.0,1706013000.0,138500000.0,138500000.0,138500000.0
AvalonBay Communities Inc,AVB,K9G90K85RBWD2LAGQX17,915912,2018.0,Q3TTM,2017-10-01,2018-09-30,,5.97,5.97,-4.26,629382000.0,5.97,-6050000.0,126000.0,,826026000.0,826026000.0,,826364000.0,-338000.0,-199661000.0,515933000.0,-7126000.0,237669000.0,,199661000.0,2256597000.0,320874000.0,1552000.0,4027000.0,,-1287000.0,199661000.0,1462879000.0,2251023000.0,826152000.0,2051362000.0,138500000.0,138500000.0,138500000.0
AvalonBay Communities Inc,AVB,K9G90K85RBWD2LAGQX17,915912,2018.0,Q2,2018-04-01,2018-06-30,2019-08-06 15:54:17+00:00,1.84,1.84,,156685000.0,1.84,0.0,58000.0,,254543000.0,254543000.0,,254662000.0,-119000.0,,130836000.0,,106360000.0,,,568285000.0,132835000.0,954000.0,642000.0,,,,420998000.0,569239000.0,254601000.0,569239000.0,138400000.0,138400000.0,138400000.0
AvalonBay Communities Inc,AVB,K9G90K85RBWD2LAGQX17,915912,2018.0,Q2YTD,2018-01-01,2018-06-30,,2.87,2.87,,315744000.0,2.87,-58000.0,58000.0,,396133000.0,396133000.0,,396305000.0,-172000.0,,262093000.0,,108053000.0,,,1128191000.0,262275000.0,1840000.0,1039000.0,,800000.0,,841893000.0,1130031000.0,396191000.0,1130031000.0,138400000.0,138400000.0,138400000.0
AvalonBay Communities Inc,AVB,K9G90K85RBWD2LAGQX17,915912,2018.0,Q2TTM,2017-07-01,2018-06-30,,6.31,6.31,-2.84,617834000.0,6.3,-5496000.0,121000.0,,871818000.0,871818000.0,,872126000.0,-308000.0,-199661000.0,513286000.0,-7126000.0,281562000.0,,199661000.0,2231034000.0,307035000.0,640000.0,2349000.0,,-498000.0,199661000.0,1434510000.0,2224548000.0,871939000.0,2024887000.0,138400000.0,138400000.0,138400000.0
AvalonBay Communities Inc,AVB,K9G90K85RBWD2LAGQX17,915912,2018.0,Q1,2018-01-01,2018-03-31,2019-05-03 11:02:06+00:00,1.03,1.03,1.47,159059000.0,1.03,-58000.0,0.0,,141590000.0,141590000.0,,141643000.0,-53000.0,,131257000.0,,1693000.0,,,559906000.0,129440000.0,886000.0,397000.0,,800000.0,,420895000.0,560792000.0,141590000.0,560792000.0,137500000.0,137500000.0,137500000.0
AvalonBay Communities Inc,AVB,K9G90K85RBWD2LAGQX17,915912,2018.0,Q1TTM,2017-04-01,2018-03-31,,5.67,5.67,-1.42,602588000.0,5.66,-5496000.0,121000.0,,782469000.0,782469000.0,,782689000.0,-220000.0,-199661000.0,509137000.0,-7126000.0,220415000.0,,199661000.0,2193261000.0,291815000.0,-314000.0,25869000.0,,72000.0,199661000.0,1423985000.0,2185821000.0,782590000.0,1986160000.0,137500000.0,137500000.0,137500000.0
AvalonBay Communities Inc,AVB,K9G90K85RBWD2LAGQX17,915912,2019.0,Q4,2019-10-01,2019-12-31,,1.2,1.2,,171365000.0,1.19,,1825000.0,,167671000.0,168144000.0,,167650000.0,21000.0,-203585000.0,125321000.0,4521000.0,7754000.0,473000.0,203585000.0,592090000.0,-66184000.0,-3484000.0,,,,203585000.0,229151000.0,593127000.0,169496000.0,389542000.0,139400000.0,139400000.0,139600000.0
AvalonBay Communities Inc,AVB,K9G90K85RBWD2LAGQX17,915912,2019.0,FY,2019-01-01,2019-12-31,2020-02-21 15:41:19+00:00,5.64,5.64,6.08,661578000.0,5.63,0.0,13003000.0,,786103000.0,786103000.0,,785974000.0,129000.0,-203585000.0,515145000.0,4521000.0,174757000.0,,203585000.0,2319666000.0,319806000.0,,602000.0,,,203585000.0,1497131000.0,2324187000.0,799106000.0,2120602000.0,139400000.0,139400000.0,139600000.0
AvalonBay Communities Inc,AVB,K9G90K85RBWD2LAGQX17,915912,2019.0,Q3YTD,2019-01-01,2019-09-30,,4.44,4.44,,490213000.0,4.44,,11178000.0,,618432000.0,617959000.0,,618324000.0,108000.0,,389824000.0,,167003000.0,-473000.0,,1727576000.0,387341000.0,3484000.0,602000.0,,,,1267980000.0,1731060000.0,629610000.0,1731060000.0,139800000.0,139800000.0,139800000.0
AvalonBay Communities Inc,AVB,K9G90K85RBWD2LAGQX17,915912,2019.0,Q3TTM,2018-10-01,2019-09-30,,7.23,7.23,,649127000.0,7.23,827000.0,10931000.0,,1004067000.0,1003594000.0,,1004058000.0,9000.0,-220974000.0,520487000.0,3227000.0,411910000.0,-473000.0,220974000.0,2305278000.0,300374000.0,732000.0,15377000.0,,-800000.0,220974000.0,1485392000.0,2309237000.0,1014998000.0,2088263000.0,139800000.0,139800000.0,139800000.0
AvalonBay Communities Inc,AVB,K9G90K85RBWD2LAGQX17,915912,2019.0,Q3,2019-07-01,2019-09-30,2019-11-05 15:08:42+00:00,2.0,2.0,,165463000.0,2.0,0.0,11184000.0,,279709000.0,279709000.0,,279677000.0,32000.0,,133445000.0,,132200000.0,,,586382000.0,129919000.0,1231000.0,93000.0,,,,428920000.0,587613000.0,290893000.0,587613000.0,139800000.0,139800000.0,139800000.0
AvalonBay Communities Inc,AVB,K9G90K85RBWD2LAGQX17,915912,2019.0,Q2YTD,2019-01-01,2019-06-30,,2.44,2.44,,324750000.0,2.44,,-6000.0,,338723000.0,338250000.0,,338647000.0,76000.0,,256379000.0,,34803000.0,-473000.0,,1141194000.0,257422000.0,2253000.0,509000.0,,,,839060000.0,1143447000.0,338717000.0,1143447000.0,139100000.0,139100000.0,139100000.0
AvalonBay Communities Inc,AVB,K9G90K85RBWD2LAGQX17,915912,2019.0,Q2TTM,2018-07-01,2019-06-30,,6.62,6.62,,640202000.0,6.62,273000.0,-224000.0,,916765000.0,916292000.0,,916867000.0,-102000.0,-220974000.0,519279000.0,3227000.0,316996000.0,-473000.0,220974000.0,2293966000.0,301388000.0,413000.0,16962000.0,,-800000.0,220974000.0,1477304000.0,2297606000.0,916541000.0,2076632000.0,139100000.0,139100000.0,139100000.0
AvalonBay Communities Inc,AVB,K9G90K85RBWD2LAGQX17,915912,2019.0,Q2,2019-04-01,2019-06-30,2019-08-06 15:54:17+00:00,1.21,1.21,,162693000.0,1.21,0.0,0.0,,168305000.0,168305000.0,,168281000.0,24000.0,,132924000.0,,20761000.0,,,576149000.0,133873000.0,1114000.0,229000.0,,,,429719000.0,577263000.0,168305000.0,577263000.0,139100000.0,139100000.0,139100000.0
AvalonBay Communities Inc,AVB,K9G90K85RBWD2LAGQX17,915912,2019.0,Q1,2019-01-01,2019-03-31,2020-05-08 08:08:17+00:00,1.23,1.23,1.52,162057000.0,1.23,,-6000.0,,170418000.0,169945000.0,,170366000.0,52000.0,,123455000.0,,14042000.0,-473000.0,,565045000.0,123549000.0,1139000.0,280000.0,,,,409341000.0,566184000.0,170412000.0,566184000.0,138500000.0,138500000.0,138500000.0
AvalonBay Communities Inc,AVB,K9G90K85RBWD2LAGQX17,915912,2019.0,Q1TTM,2018-04-01,2019-03-31,,7.25,7.25,,634194000.0,7.25,273000.0,-166000.0,,1003003000.0,1002530000.0,,1003248000.0,-245000.0,-220974000.0,517191000.0,3227000.0,402595000.0,-473000.0,220974000.0,2286102000.0,300350000.0,253000.0,17375000.0,,-800000.0,220974000.0,1468583000.0,2289582000.0,1002837000.0,2068608000.0,138500000.0,138500000.0,138500000.0
AvalonBay Communities Inc,AVB,K9G90K85RBWD2LAGQX17,915912,2020.0,Q1TTM,2019-04-01,2020-03-31,,5.6,5.6,,677432000.0,5.59,,13100000.0,,783691000.0,784164000.0,,783579000.0,112000.0,-203585000.0,523683000.0,4521000.0,186369000.0,473000.0,203585000.0,2355265000.0,336391000.0,-132000.0,9492000.0,,,203585000.0,1546998000.0,2359654000.0,796791000.0,2156069000.0,141200000.0,141200000.0,141200000.0
AvalonBay Communities Inc,AVB,K9G90K85RBWD2LAGQX17,915912,2020.0,Q1,2020-01-01,2020-03-31,2020-05-08 08:08:17+00:00,1.19,1.19,1.59,177911000.0,1.19,,91000.0,,168006000.0,168006000.0,,167971000.0,35000.0,,131993000.0,,25654000.0,,,600644000.0,140134000.0,1007000.0,9170000.0,,,,459208000.0,601651000.0,168097000.0,601651000.0,141200000.0,141200000.0,141200000.0
