company_name,company_ticker,company_lei,company_cik,year,quarter,start_date,end_date,filing_date,amortizationexpense,amortizationofdeferredpolicyacquisitioncosts,basicdilutedeps,basiceps,cashdividendspershare,currentandfuturebenefits,dilutedeps,impairmentexpense,incometaxexpense,longtermdebtinterestexpense,marketingexpense,netincome,netincomecontinuing,netincomediscontinued,netincometocommon,netincometononcontrollinginterest,netinterestincome,netrealizedcapitalgains,nonoperatingincome,otheradjustmentstonetincometocommon,othergains,othernoninterestincome,otheroperatingexpenses,otherservicechargeincome,otherspecialcharges,policyacquisitioncosts,preferreddividends,premiumsearned,propertyliabilityinsuranceclaims,salariesandemployeebenefitsexpense,totalinterestexpense,totalnoninterestexpense,totalnoninterestincome,totalpretaxincome,totalrevenue,weightedavebasicdilutedsharesos,weightedavebasicsharesos,weightedavedilutedsharesos
Hartford Financial Services Group Inc,HIG,IU7C3FTM7Y3BQM112U94,874766,2007.0,FY,2007-01-01,2007-12-31,2010-02-23 16:14:57+00:00,,2989000000.0,9.32,9.32,2.03,14064000000.0,9.24,0.0,1056000000.0,263000000.0,,2949000000.0,2949000000.0,,2949000000.0,,-263000000.0,4365000000.0,,,,,701000000.0,5932000000.0,,3894000000.0,,15619000000.0,,,263000000.0,21648000000.0,25916000000.0,4005000000.0,25653000000.0,316400000.0,316300000.0,319100000.0
Hartford Financial Services Group Inc,HIG,IU7C3FTM7Y3BQM112U94,874766,2008.0,FY,2008-01-01,2008-12-31,2011-03-11 16:22:31+00:00,,4271000000.0,-8.99,-8.99,1.91,3748000000.0,-8.99,745000000.0,-1842000000.0,343000000.0,,-2749000000.0,-2749000000.0,,-2757000000.0,,-343000000.0,-11923000000.0,,,,,,5639000000.0,,4703000000.0,,15503000000.0,,,343000000.0,13467000000.0,9219000000.0,-4591000000.0,8876000000.0,306700000.0,306700000.0,306700000.0
Hartford Financial Services Group Inc,HIG,IU7C3FTM7Y3BQM112U94,874766,2008.0,Q3,2008-07-01,2008-09-30,2009-11-03 16:36:18+00:00,,1927000000.0,-8.74,-8.74,0.53,579000000.0,-8.74,0.0,-1552000000.0,84000000.0,,-2631000000.0,-2631000000.0,,-2631000000.0,,-84000000.0,-5761000000.0,,,,,171000000.0,1465000000.0,,1029000000.0,0.0,3903000000.0,,,84000000.0,3706000000.0,-393000000.0,-4183000000.0,-477000000.0,301000000.0,301100000.0,301100000.0
Hartford Financial Services Group Inc,HIG,IU7C3FTM7Y3BQM112U94,874766,2009.0,FY,2009-01-01,2009-12-31,2011-03-11 16:22:31+00:00,,4267000000.0,-2.93,-2.93,0.2,17019000000.0,-2.93,32000000.0,-841000000.0,476000000.0,,-887000000.0,-887000000.0,,-1014000000.0,,-476000000.0,5209000000.0,,127000000.0,,,,5068000000.0,,4635000000.0,,14424000000.0,,,476000000.0,25953000000.0,24701000000.0,-1728000000.0,24225000000.0,346300000.0,346300000.0,346300000.0
Hartford Financial Services Group Inc,HIG,IU7C3FTM7Y3BQM112U94,874766,2009.0,Q4,2009-10-01,2009-12-31,,,647000000.0,1.69,1.69,0.05,3783000000.0,1.69,,171000000.0,119000000.0,,557000000.0,557000000.0,,495000000.0,,-119000000.0,1598000000.0,,62000000.0,,,-441000000.0,1338000000.0,,1604000000.0,,3504000000.0,,,119000000.0,5593000000.0,6440000000.0,728000000.0,6321000000.0,346300000.0,346300000.0,346300000.0
Hartford Financial Services Group Inc,HIG,IU7C3FTM7Y3BQM112U94,874766,2009.0,Q3,2009-07-01,2009-09-30,2010-11-02 16:59:26+00:00,,687000000.0,-0.79,-0.79,0.05,3708000000.0,-0.79,,-237000000.0,118000000.0,,-220000000.0,-220000000.0,,-282000000.0,,-118000000.0,468000000.0,,62000000.0,,,,1263000000.0,,1174000000.0,,3499000000.0,,,118000000.0,5569000000.0,5230000000.0,-457000000.0,5112000000.0,357000000.0,357000000.0,357000000.0
Hartford Financial Services Group Inc,HIG,IU7C3FTM7Y3BQM112U94,874766,2009.0,Q3YTD,2009-01-01,2009-09-30,,,3620000000.0,-4.62,-4.62,0.15,13236000000.0,-4.62,32000000.0,-1012000000.0,357000000.0,,-1444000000.0,-1444000000.0,,-1509000000.0,,-357000000.0,3611000000.0,,65000000.0,,,441000000.0,3730000000.0,,3031000000.0,,10920000000.0,,,357000000.0,20360000000.0,18261000000.0,-2456000000.0,17904000000.0,357000000.0,357000000.0,357000000.0
Hartford Financial Services Group Inc,HIG,IU7C3FTM7Y3BQM112U94,874766,2009.0,Q2YTD,2009-01-01,2009-06-30,,,2933000000.0,-3.83,-3.83,0.1,9528000000.0,-3.83,32000000.0,-775000000.0,239000000.0,,-1224000000.0,-1224000000.0,,-1227000000.0,,-239000000.0,3143000000.0,,3000000.0,,,441000000.0,2467000000.0,,1857000000.0,,7421000000.0,,,239000000.0,14791000000.0,13031000000.0,-1999000000.0,12792000000.0,300000000.0,300000000.0,300000000.0
Hartford Financial Services Group Inc,HIG,IU7C3FTM7Y3BQM112U94,874766,2009.0,Q2,2009-04-01,2009-06-30,2010-08-04 16:36:17+00:00,,674000000.0,-0.06,-0.06,0.05,5615000000.0,-0.06,0.0,33000000.0,119000000.0,,-15000000.0,-15000000.0,,-18000000.0,,-119000000.0,2863000000.0,,3000000.0,,,252000000.0,1182000000.0,,959000000.0,,3592000000.0,,,119000000.0,7500000000.0,7637000000.0,18000000.0,7518000000.0,300000000.0,300000000.0,300000000.0
Hartford Financial Services Group Inc,HIG,IU7C3FTM7Y3BQM112U94,874766,2009.0,Q1,2009-01-01,2009-03-31,2010-04-29 16:42:10+00:00,,2259000000.0,-3.77,-3.77,0.05,3913000000.0,-3.77,32000000.0,-808000000.0,120000000.0,,-1209000000.0,-1209000000.0,,-1209000000.0,,-120000000.0,280000000.0,,,,,189000000.0,1285000000.0,,898000000.0,,3829000000.0,,,120000000.0,7291000000.0,5394000000.0,-2017000000.0,5274000000.0,320700000.0,320800000.0,320800000.0
Hartford Financial Services Group Inc,HIG,IU7C3FTM7Y3BQM112U94,874766,2010.0,FY,2010-01-01,2010-12-31,2012-02-24 16:34:45+00:00,,2527000000.0,2.7,2.7,0.2,12251000000.0,2.49,,612000000.0,508000000.0,,1680000000.0,1744000000.0,-64000000.0,1165000000.0,,-508000000.0,2979000000.0,,515000000.0,,,4407000000.0,5015000000.0,,,,14055000000.0,,,508000000.0,19185000000.0,22049000000.0,2356000000.0,21541000000.0,431500000.0,431500000.0,467900000.0
Hartford Financial Services Group Inc,HIG,IU7C3FTM7Y3BQM112U94,874766,2010.0,Q4,2010-10-01,2010-12-31,,-431000000.0,945000000.0,1.49,1.49,0.05,3394000000.0,1.43,,175000000.0,128000000.0,,619000000.0,585000000.0,34000000.0,608000000.0,,-128000000.0,1126000000.0,,505000000.0,,,3361000000.0,1290000000.0,,-2232000000.0,-494000000.0,3509000000.0,,,128000000.0,5037000000.0,5925000000.0,760000000.0,5797000000.0,431500000.0,431500000.0,467900000.0
Hartford Financial Services Group Inc,HIG,IU7C3FTM7Y3BQM112U94,874766,2010.0,Q3YTD,2010-01-01,2010-09-30,,431000000.0,1582000000.0,1.21,1.21,0.15,8857000000.0,1.06,,437000000.0,380000000.0,,1061000000.0,1159000000.0,-98000000.0,557000000.0,,-380000000.0,1853000000.0,,10000000.0,,,1046000000.0,3725000000.0,,2232000000.0,494000000.0,10546000000.0,,,380000000.0,14148000000.0,16124000000.0,1596000000.0,15744000000.0,444100000.0,444100000.0,489600000.0
Hartford Financial Services Group Inc,HIG,IU7C3FTM7Y3BQM112U94,874766,2010.0,Q3TTM,2009-10-01,2010-09-30,,431000000.0,2229000000.0,2.9,2.9,0.2,12640000000.0,2.75,,608000000.0,499000000.0,,1618000000.0,1716000000.0,-98000000.0,1052000000.0,,-499000000.0,3451000000.0,,72000000.0,,,605000000.0,5063000000.0,,3836000000.0,494000000.0,14050000000.0,,,499000000.0,19741000000.0,22564000000.0,2324000000.0,22065000000.0,444100000.0,444100000.0,489600000.0
Hartford Financial Services Group Inc,HIG,IU7C3FTM7Y3BQM112U94,874766,2010.0,Q3,2010-07-01,2010-09-30,2011-11-02 16:44:47+00:00,431000000.0,,1.48,1.48,0.05,4080000000.0,1.34,,252000000.0,128000000.0,,666000000.0,665000000.0,1000000.0,656000000.0,,-128000000.0,1859000000.0,,10000000.0,,,1046000000.0,1230000000.0,,,,3513000000.0,,,128000000.0,5557000000.0,6602000000.0,917000000.0,6474000000.0,444100000.0,444100000.0,489600000.0
Hartford Financial Services Group Inc,HIG,IU7C3FTM7Y3BQM112U94,874766,2010.0,Q2YTD,2010-01-01,2010-06-30,,,1582000000.0,-0.27,-0.27,0.1,4777000000.0,-0.28,,185000000.0,252000000.0,,395000000.0,494000000.0,-99000000.0,-99000000.0,,-252000000.0,-6000000.0,,,,,,2495000000.0,,2232000000.0,494000000.0,7033000000.0,,,252000000.0,8591000000.0,9522000000.0,679000000.0,9270000000.0,443900000.0,443900000.0,443900000.0
Hartford Financial Services Group Inc,HIG,IU7C3FTM7Y3BQM112U94,874766,2010.0,Q2TTM,2009-07-01,2010-06-30,,,2916000000.0,0.63,0.63,0.2,12268000000.0,0.62,,119000000.0,489000000.0,,732000000.0,831000000.0,-99000000.0,114000000.0,,-489000000.0,2060000000.0,,124000000.0,,,-441000000.0,5096000000.0,,5010000000.0,494000000.0,14036000000.0,,,489000000.0,19753000000.0,21192000000.0,950000000.0,20703000000.0,443900000.0,443900000.0,443900000.0
Hartford Financial Services Group Inc,HIG,IU7C3FTM7Y3BQM112U94,874766,2010.0,Q2,2010-04-01,2010-06-30,2011-08-03 16:53:19+00:00,,935000000.0,0.15,0.15,0.05,943000000.0,0.14,,-31000000.0,132000000.0,,76000000.0,175000000.0,-99000000.0,65000000.0,,-132000000.0,-1492000000.0,,,,,,1251000000.0,,1111000000.0,11000000.0,3506000000.0,,,132000000.0,2989000000.0,3265000000.0,144000000.0,3133000000.0,443900000.0,443900000.0,443900000.0
Hartford Financial Services Group Inc,HIG,IU7C3FTM7Y3BQM112U94,874766,2010.0,Q1TTM,2009-04-01,2010-03-31,,,2655000000.0,0.42,0.42,0.2,16940000000.0,0.42,,183000000.0,476000000.0,,641000000.0,641000000.0,,31000000.0,,-476000000.0,6415000000.0,,127000000.0,,,-189000000.0,5027000000.0,,4858000000.0,483000000.0,14122000000.0,,,476000000.0,24264000000.0,25564000000.0,824000000.0,25088000000.0,393700000.0,393700000.0,393700000.0
Hartford Financial Services Group Inc,HIG,IU7C3FTM7Y3BQM112U94,874766,2010.0,Q1,2010-01-01,2010-03-31,2011-05-02 16:44:22+00:00,,647000000.0,-0.42,-0.42,0.05,3834000000.0,-0.42,,216000000.0,120000000.0,,319000000.0,319000000.0,,-164000000.0,,-120000000.0,1486000000.0,,,,,,1244000000.0,,1121000000.0,483000000.0,3527000000.0,,,120000000.0,5602000000.0,6257000000.0,535000000.0,6137000000.0,393700000.0,393700000.0,393700000.0
Hartford Financial Services Group Inc,HIG,IU7C3FTM7Y3BQM112U94,874766,2011.0,FY,2011-01-01,2011-12-31,2013-03-01 16:26:44+00:00,,2444000000.0,1.39,1.51,0.4,13266000000.0,1.4,30000000.0,-325000000.0,508000000.0,,712000000.0,626000000.0,86000000.0,670000000.0,,-508000000.0,2768000000.0,0.0,,,,5310000000.0,5003000000.0,,,42000000.0,14088000000.0,,,508000000.0,21050000000.0,21859000000.0,301000000.0,21351000000.0,482000000.0,445000000.0,478600000.0
Hartford Financial Services Group Inc,HIG,IU7C3FTM7Y3BQM112U94,874766,2011.0,Q4,2011-10-01,2011-12-31,,-2047000000.0,2444000000.0,0.11,0.25,0.1,3789000000.0,0.25,30000000.0,-36000000.0,124000000.0,,118000000.0,117000000.0,1000000.0,107000000.0,,-124000000.0,937000000.0,,-10000000.0,,,1217000000.0,1195000000.0,,,21000000.0,3506000000.0,,,124000000.0,5433000000.0,5638000000.0,81000000.0,5514000000.0,482000000.0,445000000.0,478600000.0
Hartford Financial Services Group Inc,HIG,IU7C3FTM7Y3BQM112U94,874766,2011.0,Q3,2011-07-01,2011-09-30,2012-11-01 16:25:59+00:00,1005000000.0,,0.13,0.11,0.1,2117000000.0,0.11,,-74000000.0,128000000.0,,60000000.0,57000000.0,3000000.0,50000000.0,,-128000000.0,-253000000.0,0.0,,,,1287000000.0,1255000000.0,,,10000000.0,3518000000.0,,,128000000.0,4409000000.0,4520000000.0,-17000000.0,4392000000.0,384600000.0,445300000.0,445300000.0
Hartford Financial Services Group Inc,HIG,IU7C3FTM7Y3BQM112U94,874766,2011.0,Q3YTD,2011-01-01,2011-09-30,,2047000000.0,,1.28,1.26,0.3,9477000000.0,1.15,,-289000000.0,384000000.0,,594000000.0,509000000.0,85000000.0,563000000.0,,-384000000.0,1831000000.0,,10000000.0,,,4093000000.0,3808000000.0,,,21000000.0,10582000000.0,,,384000000.0,15617000000.0,16221000000.0,220000000.0,15837000000.0,384600000.0,445300000.0,445300000.0
Hartford Financial Services Group Inc,HIG,IU7C3FTM7Y3BQM112U94,874766,2011.0,Q3TTM,2010-10-01,2011-09-30,,1616000000.0,945000000.0,2.77,2.75,0.35,12871000000.0,2.58,,-114000000.0,512000000.0,,1213000000.0,1094000000.0,119000000.0,1171000000.0,,-512000000.0,2957000000.0,,515000000.0,,,7454000000.0,5098000000.0,,-2232000000.0,-473000000.0,14091000000.0,,,512000000.0,20654000000.0,22146000000.0,980000000.0,21634000000.0,384600000.0,445300000.0,445300000.0
Hartford Financial Services Group Inc,HIG,IU7C3FTM7Y3BQM112U94,874766,2011.0,Q2YTD,2011-01-01,2011-06-30,,1042000000.0,,1.15,1.15,0.2,7360000000.0,1.04,,-215000000.0,256000000.0,,534000000.0,452000000.0,82000000.0,513000000.0,,-256000000.0,2084000000.0,,10000000.0,,,2806000000.0,2553000000.0,,,11000000.0,7064000000.0,,,256000000.0,11208000000.0,11701000000.0,237000000.0,11445000000.0,1100000000.0,445100000.0,445100000.0
Hartford Financial Services Group Inc,HIG,IU7C3FTM7Y3BQM112U94,874766,2011.0,Q2TTM,2010-07-01,2011-06-30,,1042000000.0,945000000.0,4.12,4.12,0.3,14834000000.0,3.81,,212000000.0,512000000.0,,1819000000.0,1702000000.0,117000000.0,1777000000.0,,-512000000.0,5069000000.0,,525000000.0,,,7213000000.0,5073000000.0,,-2232000000.0,-483000000.0,14086000000.0,,,512000000.0,21802000000.0,24228000000.0,1914000000.0,23716000000.0,1100000000.0,445100000.0,445100000.0
Hartford Financial Services Group Inc,HIG,IU7C3FTM7Y3BQM112U94,874766,2011.0,Q2,2011-04-01,2011-06-30,2012-08-01 16:47:31+00:00,592000000.0,,0.02,0.05,0.1,3379000000.0,0.05,,-263000000.0,128000000.0,,33000000.0,113000000.0,-80000000.0,22000000.0,,-128000000.0,576000000.0,,,,,1452000000.0,1280000000.0,,,11000000.0,3545000000.0,,,128000000.0,5423000000.0,5401000000.0,-150000000.0,5273000000.0,1100000000.0,445100000.0,445100000.0
Hartford Financial Services Group Inc,HIG,IU7C3FTM7Y3BQM112U94,874766,2011.0,Q1TTM,2010-04-01,2011-03-31,,450000000.0,1880000000.0,4.25,4.22,0.25,12398000000.0,3.9,,444000000.0,516000000.0,,1862000000.0,1764000000.0,98000000.0,1820000000.0,,-516000000.0,3001000000.0,,525000000.0,,,5761000000.0,5044000000.0,,-1121000000.0,-483000000.0,14047000000.0,,,516000000.0,19368000000.0,22092000000.0,2208000000.0,21576000000.0,444600000.0,444600000.0,496000000.0
Hartford Financial Services Group Inc,HIG,IU7C3FTM7Y3BQM112U94,874766,2011.0,Q1,2011-01-01,2011-03-31,2012-05-02 16:46:22+00:00,450000000.0,,1.13,1.1,0.1,3981000000.0,0.99,,48000000.0,128000000.0,,501000000.0,339000000.0,162000000.0,491000000.0,,-128000000.0,1508000000.0,,10000000.0,,,1354000000.0,1273000000.0,,,,3519000000.0,,,128000000.0,5785000000.0,6300000000.0,387000000.0,6172000000.0,444600000.0,444600000.0,496000000.0
Hartford Financial Services Group Inc,HIG,IU7C3FTM7Y3BQM112U94,874766,2012.0,Q4,2012-10-01,2012-12-31,,-1441000000.0,3978000000.0,0.77,-0.13,0.1,-11842000000.0,-0.1,,-11000000.0,109000000.0,,-46000000.0,216000000.0,-262000000.0,-57000000.0,,-109000000.0,650000000.0,-910000000.0,-21000000.0,,,7166000000.0,284000000.0,,,32000000.0,3394000000.0,13195000000.0,,109000000.0,7080000000.0,4328000000.0,205000000.0,4219000000.0,437700000.0,437700000.0,470600000.0
Hartford Financial Services Group Inc,HIG,IU7C3FTM7Y3BQM112U94,874766,2012.0,Q3YTD,2012-01-01,2012-09-30,,1441000000.0,,-0.95,-0.05,0.3,11842000000.0,-0.07,,-298000000.0,348000000.0,,8000000.0,4000000.0,4000000.0,-23000000.0,,-348000000.0,3974000000.0,,21000000.0,,,2289000000.0,3541000000.0,,,10000000.0,10243000000.0,,,348000000.0,16638000000.0,17758000000.0,-294000000.0,17410000000.0,-3400000.0,300000000.0,300000000.0
Hartford Financial Services Group Inc,HIG,IU7C3FTM7Y3BQM112U94,874766,2012.0,Q3TTM,2011-10-01,2012-09-30,,-606000000.0,2444000000.0,-0.84,0.2,0.4,15631000000.0,0.18,30000000.0,-334000000.0,472000000.0,,126000000.0,121000000.0,5000000.0,84000000.0,,-472000000.0,4911000000.0,,11000000.0,,,3506000000.0,4736000000.0,,,31000000.0,13749000000.0,,,472000000.0,22071000000.0,23396000000.0,-213000000.0,22924000000.0,-3400000.0,300000000.0,300000000.0
Hartford Financial Services Group Inc,HIG,IU7C3FTM7Y3BQM112U94,874766,2012.0,Q2YTD,2012-01-01,2012-06-30,,875000000.0,,-0.06,-0.06,0.2,7861000000.0,-0.08,,-261000000.0,239000000.0,,-5000000.0,-11000000.0,6000000.0,-26000000.0,,-239000000.0,2115000000.0,,21000000.0,,,2613000000.0,2359000000.0,,,,6842000000.0,,,239000000.0,11349000000.0,11316000000.0,-272000000.0,11077000000.0,438200000.0,438200000.0,438200000.0
Hartford Financial Services Group Inc,HIG,IU7C3FTM7Y3BQM112U94,874766,2012.0,Q2TTM,2011-07-01,2012-06-30,,-167000000.0,2444000000.0,0.18,0.3,0.4,13767000000.0,0.28,30000000.0,-371000000.0,491000000.0,,173000000.0,163000000.0,10000000.0,131000000.0,,-491000000.0,2799000000.0,,11000000.0,,,5117000000.0,4809000000.0,,,31000000.0,13866000000.0,,,491000000.0,21191000000.0,21474000000.0,-208000000.0,20983000000.0,438200000.0,438200000.0,438200000.0
Hartford Financial Services Group Inc,HIG,IU7C3FTM7Y3BQM112U94,874766,2012.0,Q2,2012-04-01,2012-06-30,2013-07-29 16:25:03+00:00,554000000.0,,-0.26,-0.26,0.1,1959000000.0,-0.26,,-166000000.0,115000000.0,,-101000000.0,-108000000.0,7000000.0,-112000000.0,,-115000000.0,-911000000.0,,11000000.0,,,1301000000.0,1166000000.0,0.0,,,3400000000.0,,,115000000.0,3814000000.0,3655000000.0,-274000000.0,3540000000.0,438200000.0,438200000.0,438200000.0
Hartford Financial Services Group Inc,HIG,IU7C3FTM7Y3BQM112U94,874766,2012.0,Q1TTM,2011-04-01,2012-03-31,,-129000000.0,2444000000.0,0.46,0.61,0.4,15187000000.0,0.59,30000000.0,-468000000.0,504000000.0,,307000000.0,384000000.0,-77000000.0,265000000.0,,-504000000.0,4286000000.0,,,,,5268000000.0,4923000000.0,,,42000000.0,14011000000.0,,,504000000.0,22800000000.0,23220000000.0,-84000000.0,22716000000.0,440700000.0,440700000.0,477800000.0
Hartford Financial Services Group Inc,HIG,IU7C3FTM7Y3BQM112U94,874766,2012.0,Q1,2012-01-01,2012-03-31,2013-04-29 16:36:39+00:00,321000000.0,,0.2,0.2,0.1,5902000000.0,0.18,,-95000000.0,124000000.0,,96000000.0,97000000.0,-1000000.0,86000000.0,,-124000000.0,3026000000.0,,10000000.0,,,1312000000.0,1193000000.0,,,,3442000000.0,,,124000000.0,7535000000.0,7661000000.0,2000000.0,7537000000.0,440700000.0,440700000.0,477800000.0
Hartford Financial Services Group Inc,HIG,IU7C3FTM7Y3BQM112U94,874766,2013.0,Q3,2013-07-01,2013-09-30,2014-10-27 16:31:10+00:00,,594000000.0,0.65,0.65,0.15,,0.6,,81000000.0,94000000.0,,293000000.0,365000000.0,-72000000.0,293000000.0,,-94000000.0,918000000.0,0.0,,,,964000000.0,606000000.0,,,0.0,3338000000.0,2764000000.0,,94000000.0,4322000000.0,4862000000.0,446000000.0,4768000000.0,452100000.0,452100000.0,488300000.0
Hartford Financial Services Group Inc,HIG,IU7C3FTM7Y3BQM112U94,874766,2013.0,Q3YTD,2013-01-01,2013-09-30,,1727000000.0,594000000.0,-0.35,-0.35,0.35,8148000000.0,-0.37,,-112000000.0,301000000.0,,-138000000.0,358000000.0,-496000000.0,-148000000.0,,-301000000.0,6591000000.0,,,,,3053000000.0,1932000000.0,1574000000.0,,10000000.0,9884000000.0,2764000000.0,,301000000.0,17860000000.0,18407000000.0,246000000.0,18106000000.0,452100000.0,452100000.0,488300000.0
Hartford Financial Services Group Inc,HIG,IU7C3FTM7Y3BQM112U94,874766,2013.0,Q2,2013-04-01,2013-06-30,2014-07-30 16:42:48+00:00,391000000.0,,-0.42,-0.42,0.1,2922000000.0,-0.39,,4000000.0,100000000.0,,-190000000.0,233000000.0,-423000000.0,-190000000.0,,-100000000.0,862000000.0,0.0,,,,1084000000.0,578000000.0,0.0,,0.0,3294000000.0,,,100000000.0,4397000000.0,4734000000.0,237000000.0,4634000000.0,452400000.0,452400000.0,487200000.0
Hartford Financial Services Group Inc,HIG,IU7C3FTM7Y3BQM112U94,874766,2013.0,Q2YTD,2013-01-01,2013-06-30,,1727000000.0,,-1.0,-1.0,0.2,8148000000.0,-0.97,,-193000000.0,207000000.0,,-431000000.0,-7000000.0,-424000000.0,-441000000.0,,-207000000.0,5673000000.0,,,,,2089000000.0,1326000000.0,1574000000.0,,10000000.0,6546000000.0,,,207000000.0,13538000000.0,13545000000.0,-200000000.0,13338000000.0,452400000.0,452400000.0,487200000.0
Hartford Financial Services Group Inc,HIG,IU7C3FTM7Y3BQM112U94,874766,2013.0,Q2TTM,2012-07-01,2013-06-30,,852000000.0,3978000000.0,-1.12,-1.12,0.4,287000000.0,-1.06,,-241000000.0,425000000.0,,-464000000.0,224000000.0,-688000000.0,-495000000.0,,-425000000.0,8182000000.0,-910000000.0,-21000000.0,,,8931000000.0,2792000000.0,1574000000.0,,52000000.0,13341000000.0,13195000000.0,,425000000.0,25907000000.0,24315000000.0,-17000000.0,23890000000.0,452400000.0,452400000.0,487200000.0
Hartford Financial Services Group Inc,HIG,IU7C3FTM7Y3BQM112U94,874766,2013.0,Q1TTM,2012-04-01,2013-03-31,,1015000000.0,3978000000.0,-0.96,-0.96,0.4,-676000000.0,-0.93,,-411000000.0,440000000.0,,-375000000.0,-117000000.0,-258000000.0,-417000000.0,,-440000000.0,6409000000.0,-910000000.0,-10000000.0,,,9148000000.0,3380000000.0,1574000000.0,,52000000.0,13447000000.0,13195000000.0,,440000000.0,25324000000.0,23236000000.0,-528000000.0,22796000000.0,436300000.0,436300000.0,436300000.0
Hartford Financial Services Group Inc,HIG,IU7C3FTM7Y3BQM112U94,874766,2013.0,Q1,2013-01-01,2013-03-31,2014-04-30 17:18:03+00:00,1336000000.0,,-0.58,-0.58,0.1,5226000000.0,-0.58,,-197000000.0,107000000.0,,-241000000.0,-240000000.0,-1000000.0,-251000000.0,,-107000000.0,4811000000.0,,,,,1005000000.0,748000000.0,1574000000.0,,10000000.0,3252000000.0,,,107000000.0,9141000000.0,8811000000.0,-437000000.0,8704000000.0,436300000.0,436300000.0,436300000.0
Hartford Financial Services Group Inc,HIG,IU7C3FTM7Y3BQM112U94,874766,2014.0,Q3,2014-07-01,2014-09-30,2015-10-26 16:36:02+00:00,,580000000.0,0.89,0.89,0.18,,0.86,,108000000.0,93000000.0,,388000000.0,388000000.0,0.0,388000000.0,,-93000000.0,879000000.0,,,,,976000000.0,553000000.0,,,,3337000000.0,2624000000.0,,93000000.0,4180000000.0,4769000000.0,496000000.0,4676000000.0,436000000.0,436000000.0,451200000.0
Hartford Financial Services Group Inc,HIG,IU7C3FTM7Y3BQM112U94,874766,2014.0,Q3YTD,2014-01-01,2014-09-30,,,1348000000.0,0.95,0.95,0.48,,0.89,,251000000.0,282000000.0,,416000000.0,1004000000.0,-588000000.0,416000000.0,,-282000000.0,2432000000.0,,,,,2889000000.0,1607000000.0,,,,9958000000.0,8223000000.0,,282000000.0,12460000000.0,13997000000.0,1255000000.0,13715000000.0,436000000.0,436000000.0,451200000.0
Hartford Financial Services Group Inc,HIG,IU7C3FTM7Y3BQM112U94,874766,2014.0,Q2,2014-04-01,2014-06-30,2015-07-27 16:14:51+00:00,,372000000.0,-1.04,-1.04,0.15,,-1.0,,0.0,94000000.0,,-467000000.0,150000000.0,-617000000.0,-467000000.0,,-94000000.0,764000000.0,,,,,977000000.0,533000000.0,,,,3319000000.0,3023000000.0,,94000000.0,4372000000.0,4616000000.0,150000000.0,4522000000.0,449000000.0,449000000.0,467000000.0
Hartford Financial Services Group Inc,HIG,IU7C3FTM7Y3BQM112U94,874766,2014.0,Q2YTD,2014-01-01,2014-06-30,,,768000000.0,0.06,0.06,0.3,,0.03,,143000000.0,189000000.0,,28000000.0,616000000.0,-588000000.0,28000000.0,,-189000000.0,1553000000.0,,,,,1913000000.0,1054000000.0,,,,6621000000.0,5599000000.0,,189000000.0,8280000000.0,9228000000.0,759000000.0,9039000000.0,449000000.0,449000000.0,467000000.0
Hartford Financial Services Group Inc,HIG,IU7C3FTM7Y3BQM112U94,874766,2014.0,Q1,2014-01-01,2014-03-31,2015-04-27 16:27:08+00:00,,396000000.0,1.1,1.1,0.15,,1.03,,143000000.0,95000000.0,,495000000.0,466000000.0,29000000.0,495000000.0,,-95000000.0,789000000.0,,,,,936000000.0,521000000.0,,,,3302000000.0,2576000000.0,,95000000.0,3908000000.0,4612000000.0,609000000.0,4517000000.0,450000000.0,450000000.0,480600000.0
Hartford Financial Services Group Inc,HIG,IU7C3FTM7Y3BQM112U94,874766,2015.0,FY,2015-01-01,2015-12-31,2018-02-23 16:27:29+00:00,4000000.0,1364000000.0,4.05,4.05,0.78,,3.96,,289000000.0,346000000.0,,1682000000.0,1189000000.0,493000000.0,1682000000.0,,-346000000.0,1549000000.0,-21000000.0,,,,3459000000.0,963000000.0,,,,13485000000.0,9325000000.0,,346000000.0,14152000000.0,15997000000.0,1478000000.0,15651000000.0,415500000.0,415500000.0,415500000.0
Hartford Financial Services Group Inc,HIG,IU7C3FTM7Y3BQM112U94,874766,2015.0,Q3YTD,2015-01-01,2015-09-30,,,825000000.0,2.17,2.17,0.39,,2.11,,65576000.0,177000000.0,169106000.0,801925000.0,792925000.0,9000000.0,802611000.0,-686000.0,-177000000.0,1478000000.0,8291000.0,,,339901000.0,2110585000.0,961000000.0,,,,6795000000.0,5522000000.0,,177000000.0,8586691000.0,9573901000.0,858501000.0,9396901000.0,414100000.0,414100000.0,423300000.0
Hartford Financial Services Group Inc,HIG,IU7C3FTM7Y3BQM112U94,874766,2015.0,Q2,2015-04-01,2015-06-30,2016-07-28 16:24:56+00:00,,391000000.0,0.99,0.99,0.18,,0.96,,57000000.0,89000000.0,,413000000.0,413000000.0,,413000000.0,,-89000000.0,792000000.0,,,,,910000000.0,489000000.0,,,,3391000000.0,2812000000.0,,89000000.0,4113000000.0,4672000000.0,470000000.0,4583000000.0,417200000.0,417200000.0,430200000.0
Hartford Financial Services Group Inc,HIG,IU7C3FTM7Y3BQM112U94,874766,2015.0,Q2YTD,2015-01-01,2015-06-30,,,391000000.0,1.25,1.25,0.18,,1.21,,58576000.0,89000000.0,169106000.0,420925000.0,420925000.0,,421611000.0,-686000.0,-89000000.0,792000000.0,8291000.0,,,339901000.0,1079585000.0,489000000.0,,,,3391000000.0,2812000000.0,,89000000.0,4451691000.0,5011901000.0,479501000.0,4922901000.0,417200000.0,417200000.0,430200000.0
Hartford Financial Services Group Inc,HIG,IU7C3FTM7Y3BQM112U94,874766,2015.0,Q1,2015-01-01,2015-03-31,2016-04-28 16:19:55+00:00,,,0.26,0.26,,,0.25,0.0,1576000.0,,169106000.0,7925000.0,7925000.0,,8611000.0,-686000.0,,,8291000.0,,,339901000.0,169585000.0,,,,,,,0.0,,338691000.0,339901000.0,9501000.0,339901000.0,33100000.0,32694354.0,34180563.0
Hartford Financial Services Group Inc,HIG,IU7C3FTM7Y3BQM112U94,874766,2016.0,FY,2016-01-01,2016-12-31,2019-02-22 16:09:46+00:00,4000000.0,1377000000.0,2.31,2.31,0.86,,2.27,,-166000000.0,327000000.0,,896000000.0,613000000.0,283000000.0,896000000.0,,-327000000.0,1467000000.0,0.0,,,,4175000000.0,1127000000.0,,,0.0,13697000000.0,9961000000.0,,327000000.0,15517000000.0,16291000000.0,447000000.0,15964000000.0,387700000.0,387700000.0,387700000.0
Hartford Financial Services Group Inc,HIG,IU7C3FTM7Y3BQM112U94,874766,2016.0,Q4,2016-10-01,2016-12-31,,-399000000.0,635000000.0,-0.19,-0.19,0.23,,-0.18,,-268000000.0,70000000.0,,-81000000.0,-364000000.0,283000000.0,-81000000.0,,-70000000.0,-617000000.0,,,,,1398000000.0,-278000000.0,,,,3365000000.0,1398000000.0,,70000000.0,3032000000.0,2470000000.0,-632000000.0,2400000000.0,387700000.0,387700000.0,387700000.0
Hartford Financial Services Group Inc,HIG,IU7C3FTM7Y3BQM112U94,874766,2016.0,Q3,2016-07-01,2016-09-30,2017-10-26 16:06:59+00:00,403000000.0,,1.14,1.14,0.21,,1.12,,90000000.0,86000000.0,,438000000.0,438000000.0,,438000000.0,,-86000000.0,755000000.0,,,,,918000000.0,476000000.0,,,,3484000000.0,2780000000.0,,86000000.0,4101000000.0,4715000000.0,528000000.0,4629000000.0,383800000.0,383800000.0,383800000.0
Hartford Financial Services Group Inc,HIG,IU7C3FTM7Y3BQM112U94,874766,2016.0,Q3YTD,2016-01-01,2016-09-30,,403000000.0,742000000.0,2.5,2.5,0.63,,2.45,,102000000.0,257000000.0,,977000000.0,977000000.0,,977000000.0,,-257000000.0,2084000000.0,,,,,2777000000.0,1405000000.0,,,,10332000000.0,8563000000.0,,257000000.0,12485000000.0,13821000000.0,1079000000.0,13564000000.0,383800000.0,383800000.0,383800000.0
Hartford Financial Services Group Inc,HIG,IU7C3FTM7Y3BQM112U94,874766,2016.0,Q2,2016-04-01,2016-06-30,2017-07-27 16:38:37+00:00,,368000000.0,0.55,0.55,0.21,,0.54,,-46000000.0,85000000.0,,216000000.0,216000000.0,,216000000.0,,-85000000.0,788000000.0,,,,,931000000.0,464000000.0,,,,3444000000.0,3142000000.0,,85000000.0,4441000000.0,4696000000.0,170000000.0,4611000000.0,391800000.0,391800000.0,391800000.0
Hartford Financial Services Group Inc,HIG,IU7C3FTM7Y3BQM112U94,874766,2016.0,Q2YTD,2016-01-01,2016-06-30,,,742000000.0,1.36,1.36,0.42,,1.33,,12000000.0,171000000.0,,539000000.0,539000000.0,,539000000.0,,-171000000.0,1329000000.0,,,,,1859000000.0,929000000.0,,,,6848000000.0,5783000000.0,,171000000.0,8384000000.0,9106000000.0,551000000.0,8935000000.0,391800000.0,391800000.0,391800000.0
Hartford Financial Services Group Inc,HIG,IU7C3FTM7Y3BQM112U94,874766,2016.0,Q2TTM,2015-07-01,2016-06-30,,4000000.0,1715000000.0,4.16,4.16,1.02,,4.08,,242424000.0,428000000.0,-169106000.0,1800075000.0,1307075000.0,493000000.0,1799389000.0,686000.0,-428000000.0,2086000000.0,-29291000.0,,,-339901000.0,4238415000.0,1403000000.0,,,,16942000000.0,12296000000.0,,428000000.0,18084309000.0,20091099000.0,1549499000.0,19663099000.0,391800000.0,391800000.0,391800000.0
Hartford Financial Services Group Inc,HIG,IU7C3FTM7Y3BQM112U94,874766,2016.0,Q1,2016-01-01,2016-03-31,2017-04-27 16:29:53+00:00,,374000000.0,0.81,0.81,0.21,,0.79,,58000000.0,86000000.0,,323000000.0,323000000.0,,323000000.0,,-86000000.0,541000000.0,,,,,928000000.0,465000000.0,,,,3404000000.0,2641000000.0,,86000000.0,3943000000.0,4410000000.0,381000000.0,4324000000.0,398500000.0,398500000.0,398500000.0
Hartford Financial Services Group Inc,HIG,IU7C3FTM7Y3BQM112U94,874766,2016.0,Q1TTM,2015-04-01,2016-03-31,,4000000.0,1738000000.0,4.6,4.6,0.99,,4.5,,345424000.0,432000000.0,-169106000.0,1997075000.0,1504075000.0,493000000.0,1996389000.0,686000.0,-432000000.0,2090000000.0,-29291000.0,,,-339901000.0,4217415000.0,1428000000.0,,,,16889000000.0,11966000000.0,,432000000.0,17756309000.0,20067099000.0,1849499000.0,19635099000.0,398500000.0,398500000.0,398500000.0
Hartford Financial Services Group Inc,HIG,IU7C3FTM7Y3BQM112U94,874766,2017.0,FY,2017-01-01,2017-12-31,2020-02-21 16:18:28+00:00,,,-8.61,-8.61,0.94,,-8.61,,,,,-3131000000.0,-262000000.0,-2869000000.0,-3131000000.0,,,,,,-262000000.0,,,,,,0.0,,,,,,,,,363600000.0,363700000.0,363700000.0
Hartford Financial Services Group Inc,HIG,IU7C3FTM7Y3BQM112U94,874766,2017.0,Q4,2017-10-01,2017-12-31,,-1033000000.0,,-10.17,-10.17,-0.69,,-10.14,,-5000000.0,-238000000.0,,-3703000000.0,-558000000.0,-3145000000.0,-3703000000.0,,238000000.0,-1314000000.0,,,-262000000.0,,-3521000000.0,-921000000.0,,,,-10340000000.0,-7482000000.0,,-238000000.0,-12036000000.0,-12575000000.0,-301000000.0,-12337000000.0,363600000.0,363700000.0,363700000.0
Hartford Financial Services Group Inc,HIG,IU7C3FTM7Y3BQM112U94,874766,2017.0,Q3,2017-07-01,2017-09-30,2018-10-25 16:23:26+00:00,342000000.0,,0.65,0.65,0.23,,0.64,,36000000.0,79000000.0,,234000000.0,145000000.0,89000000.0,234000000.0,,-79000000.0,430000000.0,,,,,952000000.0,315000000.0,,,,3447000000.0,2638000000.0,,79000000.0,3932000000.0,4192000000.0,181000000.0,4113000000.0,360200000.0,360200000.0,360200000.0
Hartford Financial Services Group Inc,HIG,IU7C3FTM7Y3BQM112U94,874766,2017.0,Q3YTD,2017-01-01,2017-09-30,,1033000000.0,,1.56,1.56,0.69,,1.53,,5000000.0,238000000.0,,572000000.0,296000000.0,276000000.0,572000000.0,,-238000000.0,1314000000.0,,,,,3521000000.0,921000000.0,,,,10340000000.0,7482000000.0,,238000000.0,12036000000.0,12575000000.0,301000000.0,12337000000.0,360200000.0,360200000.0,360200000.0
Hartford Financial Services Group Inc,HIG,IU7C3FTM7Y3BQM112U94,874766,2017.0,Q3TTM,2016-10-01,2017-09-30,,634000000.0,635000000.0,1.37,1.37,0.92,,1.35,,-263000000.0,308000000.0,,491000000.0,-68000000.0,559000000.0,491000000.0,,-308000000.0,697000000.0,,,,,4919000000.0,643000000.0,,,,13705000000.0,8880000000.0,,308000000.0,15068000000.0,15045000000.0,-331000000.0,14737000000.0,360200000.0,360200000.0,360200000.0
Hartford Financial Services Group Inc,HIG,IU7C3FTM7Y3BQM112U94,874766,2017.0,Q2,2017-04-01,2017-06-30,2018-07-26 16:24:06+00:00,346000000.0,,-0.11,-0.11,0.23,,-0.11,,-129000000.0,79000000.0,,-40000000.0,-152000000.0,112000000.0,-40000000.0,,-79000000.0,450000000.0,,,,,1650000000.0,309000000.0,,,,3455000000.0,2420000000.0,,79000000.0,4416000000.0,4214000000.0,-281000000.0,4135000000.0,366000000.0,366000000.0,366000000.0
Hartford Financial Services Group Inc,HIG,IU7C3FTM7Y3BQM112U94,874766,2017.0,Q2YTD,2017-01-01,2017-06-30,,691000000.0,,0.91,0.91,0.46,,0.89,,-31000000.0,159000000.0,,338000000.0,151000000.0,187000000.0,338000000.0,,-159000000.0,884000000.0,,,,,2569000000.0,606000000.0,,,,6893000000.0,4844000000.0,,159000000.0,8104000000.0,8383000000.0,120000000.0,8224000000.0,366000000.0,366000000.0,366000000.0
Hartford Financial Services Group Inc,HIG,IU7C3FTM7Y3BQM112U94,874766,2017.0,Q2TTM,2016-07-01,2017-06-30,,695000000.0,635000000.0,1.86,1.86,0.9,,1.83,,-209000000.0,315000000.0,,695000000.0,225000000.0,470000000.0,695000000.0,,-315000000.0,1022000000.0,,,,,4885000000.0,804000000.0,,,,13742000000.0,9022000000.0,,315000000.0,15237000000.0,15568000000.0,16000000.0,15253000000.0,366000000.0,366000000.0,366000000.0
Hartford Financial Services Group Inc,HIG,IU7C3FTM7Y3BQM112U94,874766,2017.0,Q1,2017-01-01,2017-03-31,2018-04-26 16:39:42+00:00,345000000.0,,1.02,1.02,0.23,,1.0,,98000000.0,80000000.0,,378000000.0,303000000.0,75000000.0,378000000.0,,-80000000.0,434000000.0,,,,,919000000.0,297000000.0,,,,3438000000.0,2424000000.0,,80000000.0,3688000000.0,4169000000.0,401000000.0,4089000000.0,371400000.0,371400000.0,371400000.0
Hartford Financial Services Group Inc,HIG,IU7C3FTM7Y3BQM112U94,874766,2017.0,Q1TTM,2016-04-01,2017-03-31,,349000000.0,1003000000.0,2.52,2.52,0.88,,2.48,,-126000000.0,321000000.0,,951000000.0,593000000.0,358000000.0,951000000.0,,-321000000.0,1360000000.0,,,,,4166000000.0,959000000.0,,,,13731000000.0,9744000000.0,,321000000.0,15262000000.0,16050000000.0,467000000.0,15729000000.0,371400000.0,371400000.0,371400000.0
Hartford Financial Services Group Inc,HIG,IU7C3FTM7Y3BQM112U94,874766,2018.0,FY,2018-01-01,2018-12-31,2020-02-21 16:18:28+00:00,,,5.03,5.03,1.1,,4.95,,,,,322000000.0,,322000000.0,1801000000.0,,,,,-1485000000.0,,,,,,,6000000.0,,,,,,,,,358100000.0,358400000.0,364100000.0
Hartford Financial Services Group Inc,HIG,IU7C3FTM7Y3BQM112U94,874766,2018.0,Q4,2018-10-01,2018-12-31,,-728000000.0,,0.54,0.54,-0.25,,0.52,,-206000000.0,-148000000.0,,-1289000000.0,-1289000000.0,,190000000.0,,148000000.0,-962000000.0,6000000.0,-1485000000.0,-428000000.0,,-2158000000.0,-724000000.0,,,6000000.0,-7945000000.0,-5524000000.0,,-148000000.0,-8410000000.0,-9631000000.0,-1067000000.0,-9483000000.0,358100000.0,358400000.0,364100000.0
Hartford Financial Services Group Inc,HIG,IU7C3FTM7Y3BQM112U94,874766,2018.0,Q3,2018-07-01,2018-09-30,2019-11-04 16:27:45+00:00,366000000.0,,1.2,1.2,,,1.19,,103000000.0,69000000.0,,432000000.0,427000000.0,5000000.0,432000000.0,,-69000000.0,482000000.0,0.0,,,,1091000000.0,373000000.0,,,0.0,3987000000.0,2786000000.0,,69000000.0,4243000000.0,4842000000.0,530000000.0,4773000000.0,360000000.0,360000000.0,363000000.0
Hartford Financial Services Group Inc,HIG,IU7C3FTM7Y3BQM112U94,874766,2018.0,Q3YTD,2018-01-01,2018-09-30,,728000000.0,,4.49,4.49,0.25,,4.43,,206000000.0,148000000.0,,1611000000.0,1289000000.0,322000000.0,1611000000.0,,-148000000.0,962000000.0,-6000000.0,,428000000.0,,2158000000.0,724000000.0,,,,7945000000.0,5524000000.0,,148000000.0,8410000000.0,9631000000.0,1067000000.0,9483000000.0,360000000.0,360000000.0,363000000.0
Hartford Financial Services Group Inc,HIG,IU7C3FTM7Y3BQM112U94,874766,2018.0,Q3TTM,2017-10-01,2018-09-30,,-305000000.0,,-5.68,-5.68,-0.44,,-5.71,,201000000.0,-90000000.0,,-2092000000.0,731000000.0,-2823000000.0,-2092000000.0,,90000000.0,-352000000.0,-6000000.0,,166000000.0,,-1363000000.0,-197000000.0,,,,-2395000000.0,-1958000000.0,,-90000000.0,-3626000000.0,-2944000000.0,766000000.0,-2854000000.0,360000000.0,360000000.0,363000000.0
Hartford Financial Services Group Inc,HIG,IU7C3FTM7Y3BQM112U94,874766,2018.0,Q2,2018-04-01,2018-06-30,2019-08-01 16:23:06+00:00,362000000.0,,1.62,1.62,0.25,,1.6,,103000000.0,79000000.0,,582000000.0,434000000.0,148000000.0,582000000.0,,-79000000.0,480000000.0,-6000000.0,,,,1067000000.0,351000000.0,,,0.0,3958000000.0,2738000000.0,,79000000.0,4167000000.0,4789000000.0,537000000.0,4710000000.0,358300000.0,358300000.0,358300000.0
Hartford Financial Services Group Inc,HIG,IU7C3FTM7Y3BQM112U94,874766,2018.0,Q2YTD,2018-01-01,2018-06-30,,362000000.0,,3.29,3.29,0.25,,3.24,,103000000.0,79000000.0,,1179000000.0,862000000.0,317000000.0,1179000000.0,,-79000000.0,480000000.0,-6000000.0,,428000000.0,,1067000000.0,351000000.0,,,,3958000000.0,2738000000.0,,79000000.0,4167000000.0,4789000000.0,537000000.0,4710000000.0,358300000.0,358300000.0,358300000.0
Hartford Financial Services Group Inc,HIG,IU7C3FTM7Y3BQM112U94,874766,2018.0,Q2TTM,2017-07-01,2018-06-30,,-329000000.0,,-6.23,-6.23,-0.21,,-6.26,,134000000.0,-80000000.0,,-2290000000.0,449000000.0,-2739000000.0,-2290000000.0,,80000000.0,-404000000.0,-6000000.0,,166000000.0,,-1502000000.0,-255000000.0,,,,-2935000000.0,-2106000000.0,,-80000000.0,-3937000000.0,-3594000000.0,417000000.0,-3514000000.0,358300000.0,358300000.0,358300000.0
Hartford Financial Services Group Inc,HIG,IU7C3FTM7Y3BQM112U94,874766,2018.0,Q1,2018-01-01,2018-03-31,2019-05-01 16:21:32+00:00,,,1.67,1.67,0.25,,1.64,,,,,597000000.0,428000000.0,169000000.0,597000000.0,,,,,,428000000.0,,,,,,0.0,,,,,,,,,357500000.0,357500000.0,363900000.0
Hartford Financial Services Group Inc,HIG,IU7C3FTM7Y3BQM112U94,874766,2018.0,Q1TTM,2017-04-01,2018-03-31,,-345000000.0,,-7.96,-7.96,-0.23,,-7.97,,-98000000.0,-80000000.0,,-2912000000.0,-137000000.0,-2775000000.0,-2912000000.0,,80000000.0,-434000000.0,,,166000000.0,,-919000000.0,-297000000.0,,,,-3438000000.0,-2424000000.0,,-80000000.0,-3688000000.0,-4169000000.0,-401000000.0,-4089000000.0,357500000.0,357500000.0,363900000.0
Hartford Financial Services Group Inc,HIG,IU7C3FTM7Y3BQM112U94,874766,2019.0,Q4,2019-10-01,2019-12-31,,-1231000000.0,,1.5,1.5,-0.3,,1.5,,-347000000.0,-194000000.0,,-1537000000.0,-1537000000.0,,543000000.0,,194000000.0,-1780000000.0,90000000.0,-2085000000.0,,,-3447000000.0,-1099000000.0,,,5000000.0,-12500000000.0,-8533000000.0,,-194000000.0,-13211000000.0,-15379000000.0,-1884000000.0,-15185000000.0,360800000.0,360900000.0,364900000.0
Hartford Financial Services Group Inc,HIG,IU7C3FTM7Y3BQM112U94,874766,2019.0,FY,2019-01-01,2019-12-31,2020-02-21 16:18:28+00:00,,,5.72,5.72,1.2,,5.66,,,,,,,0.0,2064000000.0,,,,,-2085000000.0,,,,,,,21000000.0,,,,,,,,,360800000.0,360900000.0,364900000.0
Hartford Financial Services Group Inc,HIG,IU7C3FTM7Y3BQM112U94,874766,2019.0,Q3YTD,2019-01-01,2019-09-30,,1231000000.0,,4.22,4.22,0.3,,4.16,,347000000.0,194000000.0,,1537000000.0,1537000000.0,,1521000000.0,,-194000000.0,1780000000.0,-90000000.0,,,,3447000000.0,1099000000.0,,,16000000.0,12500000000.0,8533000000.0,,194000000.0,13211000000.0,15379000000.0,1884000000.0,15185000000.0,361400000.0,361400000.0,366400000.0
Hartford Financial Services Group Inc,HIG,IU7C3FTM7Y3BQM112U94,874766,2019.0,Q3TTM,2018-10-01,2019-09-30,,503000000.0,,4.76,4.76,0.05,,4.68,,141000000.0,46000000.0,,248000000.0,248000000.0,,1711000000.0,,-46000000.0,818000000.0,-84000000.0,-1485000000.0,-428000000.0,,1289000000.0,375000000.0,,,22000000.0,4555000000.0,3009000000.0,,46000000.0,4801000000.0,5748000000.0,817000000.0,5702000000.0,361400000.0,361400000.0,366400000.0
Hartford Financial Services Group Inc,HIG,IU7C3FTM7Y3BQM112U94,874766,2019.0,Q3,2019-07-01,2019-09-30,2019-11-04 16:27:45+00:00,456000000.0,,1.45,1.45,,,1.43,,118000000.0,67000000.0,,535000000.0,535000000.0,0.0,524000000.0,,-67000000.0,579000000.0,-90000000.0,,,,1167000000.0,374000000.0,,,11000000.0,4394000000.0,2914000000.0,,67000000.0,4537000000.0,5347000000.0,653000000.0,5280000000.0,361400000.0,361400000.0,366400000.0
Hartford Financial Services Group Inc,HIG,IU7C3FTM7Y3BQM112U94,874766,2019.0,Q2YTD,2019-01-01,2019-06-30,,775000000.0,,2.77,2.77,0.3,,2.73,,229000000.0,127000000.0,,1002000000.0,1002000000.0,,997000000.0,,-127000000.0,1201000000.0,,,,,2280000000.0,725000000.0,,,5000000.0,8106000000.0,5619000000.0,,127000000.0,8674000000.0,10032000000.0,1231000000.0,9905000000.0,361400000.0,361400000.0,361400000.0
Hartford Financial Services Group Inc,HIG,IU7C3FTM7Y3BQM112U94,874766,2019.0,Q2TTM,2018-07-01,2019-06-30,,413000000.0,,4.51,4.51,0.05,,4.44,,126000000.0,48000000.0,,145000000.0,140000000.0,5000000.0,1619000000.0,,-48000000.0,721000000.0,6000000.0,-1485000000.0,-428000000.0,,1213000000.0,374000000.0,,,11000000.0,4148000000.0,2881000000.0,,48000000.0,4507000000.0,5243000000.0,694000000.0,5195000000.0,361400000.0,361400000.0,361400000.0
Hartford Financial Services Group Inc,HIG,IU7C3FTM7Y3BQM112U94,874766,2019.0,Q1,2019-01-01,2019-03-31,2020-04-29 16:22:50+00:00,368000000.0,,1.74,1.74,0.3,,1.71,,145000000.0,64000000.0,,630000000.0,630000000.0,,625000000.0,,-64000000.0,633000000.0,,,,,1048000000.0,367000000.0,,,5000000.0,3940000000.0,2685000000.0,,64000000.0,4101000000.0,4940000000.0,775000000.0,4876000000.0,359200000.0,359200000.0,365500000.0
Hartford Financial Services Group Inc,HIG,IU7C3FTM7Y3BQM112U94,874766,2019.0,Q1TTM,2018-04-01,2019-03-31,,368000000.0,,5.1,5.1,,,5.02,,145000000.0,64000000.0,,355000000.0,202000000.0,153000000.0,1829000000.0,,-64000000.0,633000000.0,,-1485000000.0,-428000000.0,,1048000000.0,367000000.0,,,11000000.0,3940000000.0,2685000000.0,,64000000.0,4101000000.0,4940000000.0,775000000.0,4876000000.0,359200000.0,359200000.0,365500000.0
Hartford Financial Services Group Inc,HIG,IU7C3FTM7Y3BQM112U94,874766,2020.0,Q1TTM,2019-04-01,2020-03-31,,88000000.0,,4.73,4.73,,,4.69,,-74000000.0,,,-357000000.0,-357000000.0,,1707000000.0,,,-405000000.0,,-2085000000.0,,,128000000.0,-30000000.0,,,21000000.0,451000000.0,231000000.0,,,447000000.0,16000000.0,-431000000.0,16000000.0,357300000.0,357300000.0,362200000.0
Hartford Financial Services Group Inc,HIG,IU7C3FTM7Y3BQM112U94,874766,2020.0,Q1,2020-01-01,2020-03-31,2020-04-29 16:22:50+00:00,456000000.0,,0.75,0.75,0.325,,0.74,,71000000.0,64000000.0,,273000000.0,273000000.0,,268000000.0,,-64000000.0,228000000.0,,,,,1176000000.0,337000000.0,,,5000000.0,4391000000.0,2916000000.0,,64000000.0,4548000000.0,4956000000.0,344000000.0,4892000000.0,357300000.0,357300000.0,362200000.0
