company_name,company_ticker,company_lei,company_cik,year,quarter,start_date,end_date,filing_date,basicdilutedeps,basiceps,cashdividendspershare,depreciationexpense,dilutedeps,impairmentexpense,incometaxexpense,investmentsecuritiesinterestincome,longtermdebtinterestexpense,netincome,netincomecontinuing,netincomediscontinued,netincometocommon,netincometononcontrollinginterest,netinterestincome,netoccupancyequipmentexpense,netrealizedcapitalgains,nonoperatingincome,otheradjustmentstoconsolidatednetincome,otheradjustmentstonetincometocommon,othergains,othernoninterestincome,otheroperatingexpenses,otherservicechargeincome,otherspecialcharges,preferreddividends,restructuringcharge,totalinterestexpense,totalinterestincome,totalnoninterestexpense,totalnoninterestincome,totalpretaxincome,totalrevenue,weightedavebasicdilutedsharesos,weightedavebasicsharesos,weightedavedilutedsharesos
Boston Properties Inc,BXP,549300OF70FSEUQBT254,1037540,2007.0,FY,2007-01-01,2007-12-31,2010-02-25 16:57:24+00:00,10.98,10.98,,286030000.0,10.8,,,,302980000.0,1553381000.0,1286588000.0,266793000.0,1310106000.0,243275000.0,-302980000.0,483605000.0,17011000.0,,,,929785000.0,1482289000.0,69882000.0,,0.0,,,302980000.0,,839517000.0,1499300000.0,356803000.0,1196320000.0,119300000.0,118839000.0,120780000.0
Boston Properties Inc,BXP,549300OF70FSEUQBT254,1037540,2008.0,FY,2008-01-01,2008-12-31,2011-02-25 16:39:20+00:00,0.88,0.88,,304147000.0,0.87,,,18958000.0,295322000.0,130723000.0,97383000.0,,107267000.0,23456000.0,-276364000.0,515540000.0,-203643000.0,,33340000.0,,,1469442000.0,72365000.0,,0.0,,0.0,295322000.0,18958000.0,892052000.0,1265799000.0,97383000.0,989435000.0,121900000.0,119980000.0,121299000.0
Boston Properties Inc,BXP,549300OF70FSEUQBT254,1037540,2008.0,Q3,2008-07-01,2008-09-30,2009-11-05 15:54:08+00:00,0.36,0.36,,75321000.0,0.35,,,1152000.0,74662000.0,52353000.0,50600000.0,,43079000.0,9274000.0,-73510000.0,134033000.0,1704000.0,,1753000.0,,,356836000.0,25076000.0,,0.0,,,74662000.0,1152000.0,234430000.0,358540000.0,50600000.0,285030000.0,119700000.0,119832000.0,121369000.0
Boston Properties Inc,BXP,549300OF70FSEUQBT254,1037540,2008.0,Q2,2008-04-01,2008-06-30,2009-08-06 16:39:25+00:00,0.63,0.63,,74389000.0,0.62,,,4275000.0,69302000.0,90125000.0,83922000.0,,75483000.0,14642000.0,-65027000.0,125552000.0,1695000.0,,6203000.0,,,364405000.0,17210000.0,,0.0,,,69302000.0,4275000.0,217151000.0,366100000.0,83922000.0,301073000.0,119800000.0,119753000.0,121315000.0
Boston Properties Inc,BXP,549300OF70FSEUQBT254,1037540,2009.0,FY,2009-01-01,2009-12-31,2012-02-28 17:15:09+00:00,1.76,1.76,,321681000.0,1.76,,,,,274499000.0,262739000.0,,231014000.0,43485000.0,,525765000.0,,,11760000.0,,-304792000.0,1518190000.0,75447000.0,,27766000.0,,,,,950659000.0,1518190000.0,567531000.0,1518190000.0,131300000.0,131050000.0,131512000.0
Boston Properties Inc,BXP,549300OF70FSEUQBT254,1037540,2009.0,Q4,2009-10-01,2009-12-31,,-0.7,0.38,,79125000.0,0.39,,,-2275000.0,-234653000.0,62746000.0,60668000.0,,53469000.0,9277000.0,232378000.0,131905000.0,-12510000.0,,2078000.0,,-304792000.0,376128000.0,19506000.0,,,,,-234653000.0,-2275000.0,230536000.0,363618000.0,365460000.0,595996000.0,131300000.0,131050000.0,131512000.0
Boston Properties Inc,BXP,549300OF70FSEUQBT254,1037540,2009.0,Q3,2009-07-01,2009-09-30,2010-11-05 17:07:32+00:00,0.47,0.47,,78181000.0,0.47,,,1513000.0,77090000.0,77650000.0,75256000.0,,65795000.0,11855000.0,-75577000.0,134438000.0,7651000.0,,2394000.0,,,375790000.0,19989000.0,,0.0,,0.0,77090000.0,1513000.0,232608000.0,383441000.0,75256000.0,307864000.0,140000000.0,138641000.0,139225000.0
Boston Properties Inc,BXP,549300OF70FSEUQBT254,1037540,2009.0,Q3YTD,2009-01-01,2009-09-30,,2.46,1.38,,242556000.0,1.37,,,2275000.0,234653000.0,211753000.0,202071000.0,,177545000.0,34208000.0,-232378000.0,393860000.0,12510000.0,,9682000.0,,,1142062000.0,55941000.0,,27766000.0,,,234653000.0,2275000.0,720123000.0,1154572000.0,202071000.0,922194000.0,140000000.0,138641000.0,139225000.0
Boston Properties Inc,BXP,549300OF70FSEUQBT254,1037540,2009.0,Q2,2009-04-01,2009-06-30,2010-08-06 12:16:46+00:00,1.62,0.54,,87005000.0,0.53,,,442000.0,78633000.0,80073000.0,75580000.0,,67152000.0,12921000.0,-78191000.0,130089000.0,349000.0,,4493000.0,,,389048000.0,18532000.0,,0.0,,,78633000.0,442000.0,235626000.0,389397000.0,75580000.0,311206000.0,41500000.0,125267000.0,125620000.0
Boston Properties Inc,BXP,549300OF70FSEUQBT254,1037540,2009.0,Q2YTD,2009-01-01,2009-06-30,,1.99,0.91,,164375000.0,0.9,,,762000.0,157563000.0,134103000.0,126815000.0,,111750000.0,22353000.0,-156801000.0,259422000.0,4859000.0,,7288000.0,,,766272000.0,35952000.0,,27766000.0,,,157563000.0,762000.0,487515000.0,771131000.0,126815000.0,614330000.0,41500000.0,125267000.0,125620000.0
Boston Properties Inc,BXP,549300OF70FSEUQBT254,1037540,2009.0,Q1,2009-01-01,2009-03-31,2010-05-06 16:51:23+00:00,0.37,0.37,,77370000.0,0.37,,,320000.0,78930000.0,54030000.0,51235000.0,,44598000.0,9432000.0,-78610000.0,129333000.0,4510000.0,,2795000.0,,,377224000.0,17420000.0,,27766000.0,,,78930000.0,320000.0,251889000.0,381734000.0,51235000.0,303124000.0,120500000.0,121256000.0,121468000.0
Boston Properties Inc,BXP,549300OF70FSEUQBT254,1037540,2010.0,Q4,2010-10-01,2010-12-31,,-0.09,-0.09,,90251000.0,-0.09,,,1691000.0,92192000.0,-12756000.0,-11464000.0,1442000.0,-12722000.0,-34000.0,-90501000.0,129446000.0,-71146000.0,,-2734000.0,,2734000.0,384988000.0,19735000.0,,,,-1893000.0,92192000.0,1691000.0,237539000.0,313842000.0,-14198000.0,223341000.0,139500000.0,139440000.0,140057000.0
Boston Properties Inc,BXP,549300OF70FSEUQBT254,1037540,2010.0,FY,2010-01-01,2010-12-31,2013-02-28 17:13:01+00:00,1.14,1.14,,335859000.0,1.14,,,7332000.0,378079000.0,190327000.0,188885000.0,1442000.0,159072000.0,31255000.0,-370747000.0,523307000.0,-52174000.0,,,,2734000.0,1543310000.0,82272000.0,,-7200000.0,,,378079000.0,7332000.0,934238000.0,1491136000.0,186151000.0,1120389000.0,139500000.0,139440000.0,140057000.0
Boston Properties Inc,BXP,549300OF70FSEUQBT254,1037540,2010.0,Q3,2010-07-01,2010-09-30,2011-11-08 17:23:50+00:00,0.41,0.41,,81133000.0,0.41,,,1814000.0,97103000.0,68089000.0,68089000.0,,57668000.0,10421000.0,-95289000.0,134235000.0,12296000.0,,0.0,,,386410000.0,18067000.0,,0.0,,1893000.0,97103000.0,1814000.0,235328000.0,398706000.0,68089000.0,303417000.0,140700000.0,139595000.0,140193000.0
Boston Properties Inc,BXP,549300OF70FSEUQBT254,1037540,2010.0,Q3YTD,2010-01-01,2010-09-30,,1.23,1.23,,245608000.0,1.23,,,5641000.0,285887000.0,203083000.0,200349000.0,,171794000.0,31289000.0,-280246000.0,393861000.0,18972000.0,,2734000.0,,,1158322000.0,62537000.0,,-7200000.0,,1893000.0,285887000.0,5641000.0,696699000.0,1177294000.0,200349000.0,897048000.0,140700000.0,139595000.0,140193000.0
Boston Properties Inc,BXP,549300OF70FSEUQBT254,1037540,2010.0,Q3TTM,2009-10-01,2010-09-30,,0.53,1.61,,324733000.0,1.62,,,3366000.0,51234000.0,265829000.0,261017000.0,,225263000.0,40566000.0,-47868000.0,525766000.0,6462000.0,,4812000.0,,-304792000.0,1534450000.0,82043000.0,,-7200000.0,,1893000.0,51234000.0,3366000.0,927235000.0,1540912000.0,565809000.0,1493044000.0,140700000.0,139595000.0,140193000.0
Boston Properties Inc,BXP,549300OF70FSEUQBT254,1037540,2010.0,Q2,2010-04-01,2010-06-30,2011-08-08 16:49:54+00:00,0.44,0.44,,81400000.0,0.44,,,2117000.0,96755000.0,72487000.0,71518000.0,,61412000.0,11075000.0,-94638000.0,129373000.0,736000.0,,969000.0,,,393841000.0,17648000.0,,0.0,,0.0,96755000.0,2117000.0,228421000.0,394577000.0,71518000.0,299939000.0,139600000.0,139113000.0,139826000.0
Boston Properties Inc,BXP,549300OF70FSEUQBT254,1037540,2010.0,Q2YTD,2010-01-01,2010-06-30,,0.82,0.82,,164475000.0,0.82,,,3827000.0,188784000.0,134994000.0,132260000.0,,114126000.0,20868000.0,-184957000.0,259626000.0,6676000.0,,2734000.0,,,771912000.0,44470000.0,,-7200000.0,,,188784000.0,3827000.0,461371000.0,778588000.0,132260000.0,593631000.0,139600000.0,139113000.0,139826000.0
Boston Properties Inc,BXP,549300OF70FSEUQBT254,1037540,2010.0,Q2TTM,2009-07-01,2010-06-30,,0.59,1.67,,321781000.0,1.68,,,3065000.0,31221000.0,275390000.0,268184000.0,,233390000.0,42000000.0,-28156000.0,525969000.0,1817000.0,,7206000.0,,-304792000.0,1523830000.0,83965000.0,,-7200000.0,,,31221000.0,3065000.0,924515000.0,1525647000.0,572976000.0,1497491000.0,139600000.0,139113000.0,139826000.0
Boston Properties Inc,BXP,549300OF70FSEUQBT254,1037540,2010.0,Q1,2010-01-01,2010-03-31,2011-05-09 17:21:15+00:00,0.38,0.38,,83075000.0,0.38,,,1710000.0,92029000.0,62507000.0,60742000.0,,52714000.0,9793000.0,-90319000.0,130253000.0,5940000.0,,1765000.0,,,378071000.0,26822000.0,,-7200000.0,,0.0,92029000.0,1710000.0,232950000.0,384011000.0,60742000.0,293692000.0,138700000.0,138931000.0,139597000.0
Boston Properties Inc,BXP,549300OF70FSEUQBT254,1037540,2010.0,Q1TTM,2009-04-01,2010-03-31,,1.77,1.77,,327386000.0,1.77,,,1390000.0,13099000.0,282976000.0,272246000.0,,239130000.0,43846000.0,-11709000.0,526685000.0,1430000.0,,10730000.0,,-304792000.0,1519037000.0,84849000.0,,-7200000.0,,,13099000.0,1390000.0,931720000.0,1520467000.0,577038000.0,1508758000.0,138700000.0,138931000.0,139597000.0
Boston Properties Inc,BXP,549300OF70FSEUQBT254,1037540,2011.0,Q4,2011-10-01,2011-12-31,,0.69,0.69,,101572000.0,0.68,,,1179000.0,103308000.0,115443000.0,103958000.0,11485000.0,91571000.0,23872000.0,-102129000.0,143705000.0,56256000.0,,,,,422008000.0,26972000.0,,,,-72000.0,103308000.0,1179000.0,272177000.0,478264000.0,103958000.0,376135000.0,145800000.0,145693000.0,146218000.0
Boston Properties Inc,BXP,549300OF70FSEUQBT254,1037540,2011.0,FY,2011-01-01,2011-12-31,2014-02-28 17:22:48+00:00,1.87,1.87,,429742000.0,1.86,0.0,,5358000.0,391533000.0,313826000.0,302950000.0,10876000.0,272679000.0,41147000.0,-386175000.0,598796000.0,83959000.0,,,,,1722792000.0,89088000.0,,,0.0,,391533000.0,5358000.0,1117626000.0,1806751000.0,302950000.0,1420576000.0,145800000.0,145693000.0,146218000.0
Boston Properties Inc,BXP,549300OF70FSEUQBT254,1037540,2011.0,Q3,2011-07-01,2011-09-30,2012-11-08 16:45:01+00:00,0.48,0.48,,108674000.0,0.48,,,1252000.0,95117000.0,80451000.0,80431000.0,20000.0,70542000.0,9909000.0,-93865000.0,159808000.0,10466000.0,,0.0,,,449703000.0,17391000.0,,,,,95117000.0,1252000.0,285873000.0,460169000.0,80431000.0,366304000.0,147000000.0,147006000.0,147622000.0
Boston Properties Inc,BXP,549300OF70FSEUQBT254,1037540,2011.0,Q3YTD,2011-01-01,2011-09-30,,1.18,1.18,,328170000.0,1.18,,,4179000.0,288225000.0,198383000.0,198992000.0,-609000.0,181108000.0,17275000.0,-284046000.0,455091000.0,27703000.0,,,,,1300784000.0,62116000.0,,,,72000.0,288225000.0,4179000.0,845449000.0,1328487000.0,198992000.0,1044441000.0,147000000.0,147006000.0,147622000.0
Boston Properties Inc,BXP,549300OF70FSEUQBT254,1037540,2011.0,Q3TTM,2010-10-01,2011-09-30,,1.09,1.09,,418421000.0,1.09,,,5870000.0,380417000.0,185627000.0,187528000.0,833000.0,168386000.0,17241000.0,-374547000.0,584537000.0,-43443000.0,,-2734000.0,,2734000.0,1685772000.0,81851000.0,,,,-1821000.0,380417000.0,5870000.0,1082988000.0,1642329000.0,184794000.0,1267782000.0,147000000.0,147006000.0,147622000.0
Boston Properties Inc,BXP,549300OF70FSEUQBT254,1037540,2011.0,Q2YTD,2011-01-01,2011-06-30,,0.7,0.7,,219496000.0,0.7,,,2927000.0,193108000.0,117932000.0,118561000.0,-629000.0,110566000.0,7366000.0,-190181000.0,295283000.0,17237000.0,,,,,851081000.0,44725000.0,,,,72000.0,193108000.0,2927000.0,559576000.0,868318000.0,118561000.0,678137000.0,170100000.0,145864000.0,146695000.0
Boston Properties Inc,BXP,549300OF70FSEUQBT254,1037540,2011.0,Q2TTM,2010-07-01,2011-06-30,,1.02,1.02,,390880000.0,1.02,,,6432000.0,382403000.0,173265000.0,175186000.0,813000.0,155512000.0,17753000.0,-375971000.0,558964000.0,-41613000.0,,-2734000.0,,2734000.0,1622479000.0,82527000.0,,,,72000.0,382403000.0,6432000.0,1032443000.0,1580866000.0,172452000.0,1204895000.0,170100000.0,145864000.0,146695000.0
Boston Properties Inc,BXP,549300OF70FSEUQBT254,1037540,2011.0,Q2,2011-04-01,2011-06-30,2012-08-08 16:04:56+00:00,0.41,0.41,,110259000.0,0.41,,,1953000.0,94583000.0,69738000.0,69870000.0,-132000.0,69753000.0,-15000.0,-92630000.0,149914000.0,8888000.0,,,,,433867000.0,20082000.0,,,,,94583000.0,1953000.0,280255000.0,442755000.0,69870000.0,350125000.0,170100000.0,145864000.0,146695000.0
Boston Properties Inc,BXP,549300OF70FSEUQBT254,1037540,2011.0,Q1,2011-01-01,2011-03-31,2012-05-08 17:10:15+00:00,0.29,0.29,,109237000.0,0.29,,,974000.0,98525000.0,48194000.0,48691000.0,-497000.0,40813000.0,7381000.0,-97551000.0,145369000.0,8349000.0,,,,,417214000.0,24643000.0,,,,72000.0,98525000.0,974000.0,279321000.0,425563000.0,48691000.0,328012000.0,140700000.0,142095000.0,142504000.0
Boston Properties Inc,BXP,549300OF70FSEUQBT254,1037540,2011.0,Q1TTM,2010-04-01,2011-03-31,,1.05,1.05,,362021000.0,1.05,,,6596000.0,384575000.0,176014000.0,176834000.0,945000.0,147171000.0,28843000.0,-377979000.0,538423000.0,-49765000.0,,-1765000.0,,2734000.0,1582453000.0,80093000.0,,,,72000.0,384575000.0,6596000.0,980609000.0,1532688000.0,174100000.0,1154709000.0,140700000.0,142095000.0,142504000.0
Boston Properties Inc,BXP,549300OF70FSEUQBT254,1037540,2012.0,Q4,2012-10-01,2012-12-31,,0.43,0.43,,115592000.0,0.43,,,2062000.0,102802000.0,76608000.0,69140000.0,44345000.0,65388000.0,11220000.0,-100740000.0,164900000.0,7136000.0,,-36877000.0,,,465464000.0,22228000.0,,,,,102802000.0,2062000.0,302720000.0,472600000.0,69140000.0,371860000.0,150100000.0,150120000.0,150711000.0
Boston Properties Inc,BXP,549300OF70FSEUQBT254,1037540,2012.0,FY,2012-01-01,2012-12-31,2015-03-02 15:38:04+00:00,1.93,1.93,,445875000.0,1.92,0.0,,10091000.0,410970000.0,332139000.0,285456000.0,46683000.0,289650000.0,42489000.0,-400879000.0,667208000.0,46014000.0,,0.0,,,1847186000.0,93782000.0,,,0.0,,410970000.0,10091000.0,1206865000.0,1893200000.0,285456000.0,1492321000.0,150100000.0,150120000.0,150711000.0
Boston Properties Inc,BXP,549300OF70FSEUQBT254,1037540,2012.0,Q3,2012-07-01,2012-09-30,2013-11-12 14:41:48+00:00,0.38,0.38,,110653000.0,0.38,0.0,,4001000.0,105030000.0,65522000.0,63972000.0,1550000.0,57249000.0,8273000.0,-101029000.0,172579000.0,4310000.0,,0.0,,,466680000.0,22757000.0,,,0.0,,105030000.0,4001000.0,305989000.0,470990000.0,63972000.0,369961000.0,150700000.0,150801000.0,151983000.0
Boston Properties Inc,BXP,549300OF70FSEUQBT254,1037540,2012.0,Q3YTD,2012-01-01,2012-09-30,,1.5,1.5,,330283000.0,1.49,,,8029000.0,308168000.0,255531000.0,216316000.0,2338000.0,224262000.0,31269000.0,-300139000.0,502308000.0,38878000.0,,36877000.0,,,1381722000.0,71554000.0,,,,,308168000.0,8029000.0,904145000.0,1420600000.0,216316000.0,1120461000.0,150700000.0,150801000.0,151983000.0
Boston Properties Inc,BXP,549300OF70FSEUQBT254,1037540,2012.0,Q3TTM,2011-10-01,2012-09-30,,2.19,2.19,,431855000.0,2.17,,,9208000.0,411476000.0,370974000.0,320274000.0,13823000.0,315833000.0,55141000.0,-402268000.0,646013000.0,95134000.0,,36877000.0,,,1803730000.0,98526000.0,,,,-72000.0,411476000.0,9208000.0,1176322000.0,1898864000.0,320274000.0,1496596000.0,150700000.0,150801000.0,151983000.0
Boston Properties Inc,BXP,549300OF70FSEUQBT254,1037540,2012.0,Q2YTD,2012-01-01,2012-06-30,,1.12,1.12,,219630000.0,1.11,,,4028000.0,203138000.0,190009000.0,152344000.0,788000.0,167013000.0,22996000.0,-199110000.0,329729000.0,34568000.0,,36877000.0,,,915042000.0,48797000.0,,,,,203138000.0,4028000.0,598156000.0,949610000.0,152344000.0,750500000.0,150100000.0,150312000.0,150694000.0
Boston Properties Inc,BXP,549300OF70FSEUQBT254,1037540,2012.0,Q2TTM,2011-07-01,2012-06-30,,2.29,2.29,,429876000.0,2.27,,,6459000.0,401563000.0,385903000.0,336733000.0,12293000.0,329126000.0,56777000.0,-395104000.0,633242000.0,101290000.0,,36877000.0,,,1786753000.0,93160000.0,,,,-72000.0,401563000.0,6459000.0,1156206000.0,1888043000.0,336733000.0,1492939000.0,150100000.0,150312000.0,150694000.0
Boston Properties Inc,BXP,549300OF70FSEUQBT254,1037540,2012.0,Q2,2012-04-01,2012-06-30,2013-11-08 16:33:17+00:00,0.79,0.79,,111168000.0,0.78,0.0,,2382000.0,99901000.0,134174000.0,97079000.0,218000.0,118559000.0,15615000.0,-97519000.0,167788000.0,21279000.0,,36877000.0,,,471349000.0,19074000.0,,,0.0,,99901000.0,2382000.0,298030000.0,492628000.0,97079000.0,395109000.0,150100000.0,150312000.0,150694000.0
Boston Properties Inc,BXP,549300OF70FSEUQBT254,1037540,2012.0,Q1,2012-01-01,2012-03-31,2013-05-10 15:21:41+00:00,0.33,0.33,,108462000.0,0.33,0.0,,1646000.0,103237000.0,55835000.0,55265000.0,570000.0,48454000.0,7381000.0,-101591000.0,161941000.0,13289000.0,,,,,443693000.0,29723000.0,,,0.0,,103237000.0,1646000.0,300126000.0,456982000.0,55265000.0,355391000.0,146800000.0,148343000.0,148746000.0
Boston Properties Inc,BXP,549300OF70FSEUQBT254,1037540,2012.0,Q1TTM,2011-04-01,2012-03-31,,1.91,1.91,,428967000.0,1.9,,,6030000.0,396245000.0,321467000.0,309524000.0,11943000.0,280320000.0,41147000.0,-390215000.0,615368000.0,88899000.0,,,,,1749271000.0,94168000.0,,,,-72000.0,396245000.0,6030000.0,1138431000.0,1838170000.0,309524000.0,1447955000.0,146800000.0,148343000.0,148746000.0
Boston Properties Inc,BXP,549300OF70FSEUQBT254,1037540,2013.0,Q4,2013-10-01,2013-12-31,,0.6,5.57,,1264413000.0,5.58,8802000.0,,18284000.0,1015254000.0,963278000.0,794996000.0,536000.0,2621411000.0,35692000.0,-996970000.0,977479000.0,932069000.0,,167746000.0,-1712585000.0,-1441554000.0,4806947000.0,254802000.0,,,18760000.0,,1015254000.0,18284000.0,2505496000.0,5739016000.0,2236550000.0,4742046000.0,672400000.0,321327000.0,321967000.0
Boston Properties Inc,BXP,549300OF70FSEUQBT254,1037540,2013.0,Q3YTD,2013-01-01,2013-09-30,,4.27,4.27,,406162000.0,4.25,8306000.0,,6646000.0,325746000.0,735128000.0,624253000.0,7486000.0,652948000.0,76769000.0,-319100000.0,565327000.0,460225000.0,,103389000.0,,,1559340000.0,96417000.0,,,5411000.0,,325746000.0,6646000.0,1076212000.0,2019565000.0,624253000.0,1700465000.0,152700000.0,152407000.0,152692000.0
Boston Properties Inc,BXP,549300OF70FSEUQBT254,1037540,2013.0,Q3TTM,2012-10-01,2013-09-30,,4.7,4.7,,521754000.0,4.68,8306000.0,,8708000.0,428548000.0,811736000.0,693393000.0,51831000.0,718336000.0,87989000.0,-419840000.0,730227000.0,467361000.0,,66512000.0,,,2024804000.0,118645000.0,,,5411000.0,,428548000.0,8708000.0,1378932000.0,2492165000.0,693393000.0,2072325000.0,152700000.0,152407000.0,152692000.0
Boston Properties Inc,BXP,549300OF70FSEUQBT254,1037540,2013.0,Q3,2013-07-01,2013-09-30,2014-11-07 17:28:39+00:00,1.0,1.0,,153253000.0,1.0,0.0,,3879000.0,122173000.0,170436000.0,82311000.0,1677000.0,152677000.0,15112000.0,-118294000.0,205868000.0,13852000.0,,86448000.0,,,571481000.0,25607000.0,,,2647000.0,,122173000.0,3879000.0,384728000.0,585333000.0,82311000.0,467039000.0,152700000.0,152407000.0,152692000.0
Boston Properties Inc,BXP,549300OF70FSEUQBT254,1037540,2013.0,Q2,2013-04-01,2013-06-30,2014-08-08 13:59:39+00:00,2.95,2.95,,133456000.0,2.94,0.0,,1296000.0,103140000.0,506761000.0,503446000.0,3315000.0,452417000.0,51726000.0,-101844000.0,183353000.0,436917000.0,,0.0,,,510033000.0,24851000.0,,,2618000.0,,103140000.0,1296000.0,341660000.0,946950000.0,503446000.0,845106000.0,153400000.0,151938000.0,152490000.0
Boston Properties Inc,BXP,549300OF70FSEUQBT254,1037540,2013.0,Q2YTD,2013-01-01,2013-06-30,,3.27,3.27,,252909000.0,3.25,8306000.0,,2767000.0,203573000.0,564692000.0,541942000.0,5809000.0,500271000.0,61657000.0,-200806000.0,359459000.0,446373000.0,,16941000.0,,,987859000.0,70810000.0,,,2764000.0,,203573000.0,2767000.0,691484000.0,1434232000.0,541942000.0,1233426000.0,153400000.0,151938000.0,152490000.0
Boston Properties Inc,BXP,549300OF70FSEUQBT254,1037540,2013.0,Q2TTM,2012-07-01,2013-06-30,,4.08,4.08,,479154000.0,4.06,8306000.0,,8830000.0,411405000.0,706822000.0,675054000.0,51704000.0,622908000.0,81150000.0,-402575000.0,696938000.0,457819000.0,,-19936000.0,,,1920003000.0,115795000.0,,,2764000.0,,411405000.0,8830000.0,1300193000.0,2377822000.0,675054000.0,1975247000.0,153400000.0,151938000.0,152490000.0
Boston Properties Inc,BXP,549300OF70FSEUQBT254,1037540,2013.0,Q1TTM,2012-04-01,2013-03-31,,1.92,1.92,,456866000.0,1.9,8306000.0,,9916000.0,408166000.0,334235000.0,268687000.0,48607000.0,289050000.0,45039000.0,-398250000.0,681373000.0,42181000.0,,16941000.0,,,1881319000.0,110018000.0,,,146000.0,,408166000.0,9916000.0,1256563000.0,1923500000.0,268687000.0,1525250000.0,149500000.0,151646000.0,151952000.0
Boston Properties Inc,BXP,549300OF70FSEUQBT254,1037540,2014.0,FY,2014-01-01,2014-12-31,2017-02-28 15:06:12+00:00,2.83,2.83,7.1,628573000.0,2.83,0.0,,8765000.0,455743000.0,526057000.0,526057000.0,,433111000.0,82446000.0,-446978000.0,864526000.0,171213000.0,,,,,2396998000.0,102077000.0,,,10500000.0,,455743000.0,8765000.0,1595176000.0,2568211000.0,526057000.0,2121233000.0,153000000.0,153089000.0,153308000.0
Boston Properties Inc,BXP,549300OF70FSEUQBT254,1037540,2014.0,Q4,2014-10-01,2014-12-31,,1.15,1.15,7.1,162430000.0,1.15,,,1924000.0,117904000.0,211425000.0,253362000.0,,174826000.0,33953000.0,-115980000.0,218616000.0,164615000.0,,-41937000.0,,-4122000.0,613707000.0,23812000.0,,,2646000.0,,117904000.0,1924000.0,404858000.0,778322000.0,257484000.0,662342000.0,153000000.0,153089000.0,153308000.0
Boston Properties Inc,BXP,549300OF70FSEUQBT254,1037540,2014.0,Q3YTD,2014-01-01,2014-09-30,,1.68,1.68,,466143000.0,1.68,,,6841000.0,337839000.0,314632000.0,272695000.0,,258285000.0,48493000.0,-330998000.0,645910000.0,6598000.0,,41937000.0,,4122000.0,1783291000.0,78265000.0,,,7854000.0,,337839000.0,6841000.0,1190318000.0,1789889000.0,268573000.0,1458891000.0,153900000.0,153120000.0,153273000.0
Boston Properties Inc,BXP,549300OF70FSEUQBT254,1037540,2014.0,Q3,2014-07-01,2014-09-30,2015-11-06 15:18:29+00:00,0.83,0.83,,157245000.0,0.83,,,3421000.0,113308000.0,150975000.0,109038000.0,,127724000.0,20604000.0,-109887000.0,222764000.0,,,41937000.0,,4122000.0,618803000.0,23991000.0,,,2647000.0,,113308000.0,3421000.0,404000000.0,618803000.0,104916000.0,508916000.0,153900000.0,153120000.0,153273000.0
Boston Properties Inc,BXP,549300OF70FSEUQBT254,1037540,2014.0,Q2YTD,2014-01-01,2014-06-30,,0.85,0.85,,308898000.0,0.85,,,3420000.0,224531000.0,163657000.0,163657000.0,,130561000.0,27889000.0,-221111000.0,423146000.0,6598000.0,,,,,1164488000.0,54274000.0,,,5207000.0,,224531000.0,3420000.0,786318000.0,1171086000.0,163657000.0,949975000.0,153100000.0,153078000.0,153238000.0
Boston Properties Inc,BXP,549300OF70FSEUQBT254,1037540,2014.0,Q2TTM,2013-07-01,2014-06-30,,2.45,7.42,,1726564000.0,7.43,8802000.0,,25583000.0,1361958000.0,1297371000.0,1040964000.0,2213000.0,2904649000.0,78693000.0,-1336375000.0,1606493000.0,952519000.0,,254194000.0,-1712585000.0,-1441554000.0,6542916000.0,334683000.0,,,26614000.0,,1361958000.0,25583000.0,3676542000.0,7495435000.0,2482518000.0,6159060000.0,153100000.0,153078000.0,153238000.0
Boston Properties Inc,BXP,549300OF70FSEUQBT254,1037540,2014.0,Q2,2014-04-01,2014-06-30,2015-08-07 15:33:13+00:00,0.5,0.5,,154628000.0,0.5,,0.0,2109000.0,110977000.0,95901000.0,95901000.0,,76527000.0,16756000.0,-108868000.0,209961000.0,3496000.0,,,,,589794000.0,23932000.0,,,2618000.0,,110977000.0,2109000.0,388521000.0,593290000.0,95901000.0,484422000.0,153100000.0,153078000.0,153238000.0
Boston Properties Inc,BXP,549300OF70FSEUQBT254,1037540,2014.0,Q1,2014-01-01,2014-03-31,2015-05-08 17:45:47+00:00,0.35,0.35,,154270000.0,0.35,,0.0,1311000.0,113554000.0,67756000.0,67756000.0,,54034000.0,11133000.0,-112243000.0,213185000.0,3102000.0,,,,,574694000.0,30342000.0,,,2589000.0,,113554000.0,1311000.0,397797000.0,577796000.0,67756000.0,465553000.0,154400000.0,153030000.0,153169000.0
Boston Properties Inc,BXP,549300OF70FSEUQBT254,1037540,2014.0,Q1TTM,2013-04-01,2014-03-31,,4.9,9.87,,1705392000.0,9.87,8802000.0,,24770000.0,1354121000.0,1708231000.0,1448509000.0,5528000.0,3280539000.0,113663000.0,-1329351000.0,1579885000.0,1385940000.0,,254194000.0,-1712585000.0,-1441554000.0,6463155000.0,335602000.0,,,26614000.0,,1354121000.0,24770000.0,3629681000.0,7849095000.0,2890063000.0,6519744000.0,154400000.0,153030000.0,153169000.0
Boston Properties Inc,BXP,549300OF70FSEUQBT254,1037540,2015.0,FY,2015-01-01,2015-12-31,2018-02-28 16:06:22+00:00,3.73,3.73,3.85,639542000.0,3.72,0.0,,,,799918000.0,424023000.0,,572606000.0,216812000.0,,904336000.0,0.0,,375895000.0,,-425342000.0,2490821000.0,97578000.0,,,10500000.0,,,,1641456000.0,2490821000.0,849365000.0,2490821000.0,153500000.0,153471000.0,153844000.0
Boston Properties Inc,BXP,549300OF70FSEUQBT254,1037540,2015.0,Q4,2015-10-01,2015-12-31,,0.89,0.89,2.55,317475000.0,0.89,,199479000.0,-6337000.0,-326018000.0,-7221000.0,-288032000.0,,-36077000.0,26210000.0,319681000.0,224530000.0,-1132000.0,,280811000.0,,-443623000.0,624240000.0,45714000.0,,,2646000.0,,-326018000.0,-6337000.0,587719000.0,623108000.0,355070000.0,942789000.0,153500000.0,153471000.0,153844000.0
Boston Properties Inc,BXP,549300OF70FSEUQBT254,1037540,2015.0,Q3,2015-07-01,2015-09-30,2016-11-07 16:32:50+00:00,1.2,1.2,0.65,,1.2,0.0,-199479000.0,3637000.0,108727000.0,497230000.0,497230000.0,,358041000.0,136542000.0,-105090000.0,227921000.0,1132000.0,,,,,629884000.0,254000.0,,,2647000.0,,108727000.0,3637000.0,228175000.0,631016000.0,297751000.0,525926000.0,298400000.0,153595000.0,153786000.0
Boston Properties Inc,BXP,549300OF70FSEUQBT254,1037540,2015.0,Q3YTD,2015-01-01,2015-09-30,,2.84,2.84,1.3,322067000.0,2.83,,-199479000.0,6337000.0,326018000.0,807139000.0,712055000.0,,608683000.0,190602000.0,-319681000.0,679806000.0,1132000.0,,95084000.0,,18281000.0,1866581000.0,51864000.0,,,7854000.0,,326018000.0,6337000.0,1053737000.0,1867713000.0,494295000.0,1548032000.0,298400000.0,153595000.0,153786000.0
Boston Properties Inc,BXP,549300OF70FSEUQBT254,1037540,2015.0,Q3TTM,2014-10-01,2015-09-30,,3.99,3.99,8.4,484497000.0,3.98,,-199479000.0,8261000.0,443922000.0,1018564000.0,965417000.0,,783509000.0,224555000.0,-435661000.0,898422000.0,165747000.0,,53147000.0,,14159000.0,2480288000.0,75676000.0,,,10500000.0,,443922000.0,8261000.0,1458595000.0,2646035000.0,751779000.0,2210374000.0,298400000.0,153595000.0,153786000.0
Boston Properties Inc,BXP,549300OF70FSEUQBT254,1037540,2015.0,Q2,2015-04-01,2015-06-30,2016-08-04 17:25:29+00:00,0.52,0.52,0.65,167844000.0,0.52,,,1293000.0,108534000.0,100739000.0,100739000.0,,79460000.0,18661000.0,-107241000.0,222959000.0,,,0.0,,3054000.0,618221000.0,22492000.0,,,2618000.0,,108534000.0,1293000.0,413295000.0,618221000.0,97685000.0,510980000.0,152800000.0,153450000.0,153815000.0
Boston Properties Inc,BXP,549300OF70FSEUQBT254,1037540,2015.0,Q2YTD,2015-01-01,2015-06-30,,1.64,1.64,0.65,322067000.0,1.63,,,2700000.0,217291000.0,309909000.0,214825000.0,,250642000.0,54060000.0,-214591000.0,451885000.0,,,95084000.0,,18281000.0,1236697000.0,51610000.0,,,5207000.0,,217291000.0,2700000.0,825562000.0,1236697000.0,196544000.0,1022106000.0,152800000.0,153450000.0,153815000.0
Boston Properties Inc,BXP,549300OF70FSEUQBT254,1037540,2015.0,Q2TTM,2014-07-01,2015-06-30,,3.62,3.62,7.75,641742000.0,3.61,,,8045000.0,448503000.0,672309000.0,577225000.0,,553192000.0,108617000.0,-440458000.0,893265000.0,164615000.0,,95084000.0,,18281000.0,2469207000.0,99413000.0,,,10500000.0,,448503000.0,8045000.0,1634420000.0,2633822000.0,558944000.0,2193364000.0,152800000.0,153450000.0,153815000.0
Boston Properties Inc,BXP,549300OF70FSEUQBT254,1037540,2015.0,Q1,2015-01-01,2015-03-31,2016-05-06 17:08:08+00:00,1.12,1.12,,154223000.0,1.11,,,1407000.0,108757000.0,209170000.0,114086000.0,,171182000.0,35399000.0,-107350000.0,228926000.0,,,95084000.0,,15227000.0,618476000.0,29118000.0,,,2589000.0,,108757000.0,1407000.0,412267000.0,618476000.0,98859000.0,511126000.0,152800000.0,153230000.0,153873000.0
Boston Properties Inc,BXP,549300OF70FSEUQBT254,1037540,2015.0,Q1TTM,2014-04-01,2015-03-31,,3.6,3.6,7.1,628526000.0,3.59,,,8861000.0,450946000.0,667471000.0,572387000.0,,550259000.0,106712000.0,-442085000.0,880267000.0,168111000.0,,95084000.0,,15227000.0,2440780000.0,100853000.0,,,10500000.0,,450946000.0,8861000.0,1609646000.0,2608891000.0,557160000.0,2166806000.0,152800000.0,153230000.0,153873000.0
Boston Properties Inc,BXP,549300OF70FSEUQBT254,1037540,2016.0,FY,2016-01-01,2016-12-31,2019-02-28 17:00:35+00:00,3.27,3.27,,694403000.0,3.26,1783000.0,,,,569977000.0,489371000.0,,502285000.0,57192000.0,,921234000.0,59370000.0,,80606000.0,,-395643000.0,2550820000.0,107756000.0,,,10500000.0,,,,1725176000.0,2610190000.0,885014000.0,2610190000.0,153600000.0,153715000.0,153977000.0
Boston Properties Inc,BXP,549300OF70FSEUQBT254,1037540,2016.0,Q4,2016-10-01,2016-12-31,,0.96,0.96,-1.95,337480000.0,0.95,,80606000.0,-6657000.0,-314953000.0,-23907000.0,-104513000.0,,-41613000.0,15002000.0,308296000.0,231834000.0,52539000.0,,80606000.0,,-395643000.0,636061000.0,55846000.0,,,2704000.0,,-314953000.0,-6657000.0,625160000.0,688600000.0,371736000.0,996896000.0,153600000.0,153715000.0,153977000.0
Boston Properties Inc,BXP,549300OF70FSEUQBT254,1037540,2016.0,Q3,2016-07-01,2016-09-30,2017-11-06 18:52:15+00:00,0.5,0.5,0.65,203748000.0,0.5,1783000.0,-12983000.0,3628000.0,104641000.0,71504000.0,71504000.0,,76753000.0,-7838000.0,-101013000.0,236678000.0,2069000.0,,,,,625228000.0,25554000.0,,,2589000.0,,104641000.0,3628000.0,467763000.0,627297000.0,58521000.0,526284000.0,153500000.0,153754000.0,154136000.0
Boston Properties Inc,BXP,549300OF70FSEUQBT254,1037540,2016.0,Q3YTD,2016-01-01,2016-09-30,,2.31,2.31,1.95,356923000.0,2.31,1783000.0,-80606000.0,6657000.0,314953000.0,593884000.0,593884000.0,,543898000.0,42190000.0,-308296000.0,689400000.0,6831000.0,,,,,1914759000.0,51910000.0,,,7796000.0,,314953000.0,6657000.0,1100016000.0,1921590000.0,513278000.0,1613294000.0,153500000.0,153754000.0,154136000.0
Boston Properties Inc,BXP,549300OF70FSEUQBT254,1037540,2016.0,Q3TTM,2015-10-01,2016-09-30,,3.2,3.2,4.5,674398000.0,3.2,1783000.0,118873000.0,320000.0,-11065000.0,586663000.0,305852000.0,,507821000.0,68400000.0,11385000.0,913930000.0,5699000.0,,280811000.0,,-443623000.0,2538999000.0,97624000.0,,,10442000.0,,-11065000.0,320000.0,1687735000.0,2544698000.0,868348000.0,2556083000.0,153500000.0,153754000.0,154136000.0
Boston Properties Inc,BXP,549300OF70FSEUQBT254,1037540,2016.0,Q2,2016-04-01,2016-06-30,2017-08-08 14:43:24+00:00,0.63,0.63,0.65,153175000.0,0.63,,0.0,1524000.0,105003000.0,117357000.0,117357000.0,,96597000.0,18171000.0,-103479000.0,225916000.0,2712000.0,,,,,623546000.0,26331000.0,,,2589000.0,,105003000.0,1524000.0,405422000.0,626258000.0,117357000.0,522779000.0,153300000.0,153662000.0,153860000.0
Boston Properties Inc,BXP,549300OF70FSEUQBT254,1037540,2016.0,Q2YTD,2016-01-01,2016-06-30,,1.81,1.81,1.3,153175000.0,1.81,,-67623000.0,3029000.0,210312000.0,522380000.0,522380000.0,,467145000.0,50028000.0,-207283000.0,452722000.0,4762000.0,,,,,1289531000.0,26356000.0,,,5207000.0,,210312000.0,3029000.0,632253000.0,1294293000.0,454757000.0,1087010000.0,153300000.0,153662000.0,153860000.0
Boston Properties Inc,BXP,549300OF70FSEUQBT254,1037540,2016.0,Q2TTM,2015-07-01,2016-06-30,,3.9,3.9,4.5,470650000.0,3.9,,-67623000.0,329000.0,-6979000.0,1012389000.0,731578000.0,,789109000.0,212780000.0,7308000.0,905173000.0,4762000.0,,280811000.0,,-443623000.0,2543655000.0,72324000.0,,,10500000.0,,-6979000.0,329000.0,1448147000.0,2548417000.0,1107578000.0,2555725000.0,153300000.0,153662000.0,153860000.0
Boston Properties Inc,BXP,549300OF70FSEUQBT254,1037540,2016.0,Q1,2016-01-01,2016-03-31,2017-05-08 16:52:06+00:00,1.18,1.18,0.65,,1.18,,-67623000.0,1505000.0,105309000.0,405023000.0,405023000.0,,370548000.0,31857000.0,-103804000.0,226806000.0,2050000.0,,,,,665985000.0,25000.0,,,2618000.0,,105309000.0,1505000.0,226831000.0,668035000.0,337400000.0,564231000.0,314000000.0,153626000.0,153917000.0
Boston Properties Inc,BXP,549300OF70FSEUQBT254,1037540,2016.0,Q1TTM,2015-04-01,2016-03-31,,3.79,3.79,4.5,485319000.0,3.79,,-67623000.0,98000.0,-3448000.0,995771000.0,714960000.0,,771972000.0,213270000.0,3546000.0,902216000.0,2050000.0,,280811000.0,,-440569000.0,2538330000.0,68485000.0,,,10529000.0,,-3448000.0,98000.0,1456020000.0,2540380000.0,1087906000.0,2543926000.0,314000000.0,153626000.0,153917000.0
Boston Properties Inc,BXP,549300OF70FSEUQBT254,1037540,2017.0,FY,2017-01-01,2017-12-31,2020-03-02 10:14:37+00:00,2.93,2.93,,617547000.0,2.93,0.0,,5783000.0,374481000.0,562481000.0,562481000.0,,451939000.0,100042000.0,-368698000.0,929977000.0,23069000.0,,,,,2234576000.0,146442000.0,367500000.0,,10500000.0,,374481000.0,5783000.0,1693966000.0,2625145000.0,562481000.0,2256447000.0,154200000.0,154190000.0,154390000.0
Boston Properties Inc,BXP,549300OF70FSEUQBT254,1037540,2017.0,Q4,2017-10-01,2017-12-31,,0.67,0.67,-1.5,154259000.0,0.67,,6791000.0,2336000.0,91772000.0,132203000.0,132203000.0,,103810000.0,25768000.0,-89436000.0,209953000.0,-1036000.0,,,,,287729000.0,61551000.0,367500000.0,,2625000.0,,91772000.0,2336000.0,425763000.0,654193000.0,138994000.0,564757000.0,154200000.0,154190000.0,154390000.0
Boston Properties Inc,BXP,549300OF70FSEUQBT254,1037540,2017.0,Q3,2017-07-01,2017-09-30,2018-11-07 17:23:15+00:00,0.76,0.76,,152164000.0,0.76,,-2891000.0,1329000.0,92032000.0,147704000.0,147704000.0,,117337000.0,27742000.0,-90703000.0,245788000.0,1787000.0,,,,,657712000.0,26031000.0,,,2625000.0,,92032000.0,1329000.0,423983000.0,659499000.0,144813000.0,568796000.0,154400000.0,154355000.0,154483000.0
Boston Properties Inc,BXP,549300OF70FSEUQBT254,1037540,2017.0,Q3YTD,2017-01-01,2017-09-30,,2.26,2.26,1.5,463288000.0,2.26,,-6791000.0,3447000.0,282709000.0,430278000.0,430278000.0,,348129000.0,74274000.0,-279262000.0,720024000.0,24105000.0,,,,,1946847000.0,84891000.0,,,7875000.0,,282709000.0,3447000.0,1268203000.0,1970952000.0,423487000.0,1691690000.0,154400000.0,154355000.0,154483000.0
Boston Properties Inc,BXP,549300OF70FSEUQBT254,1037540,2017.0,Q3TTM,2016-10-01,2017-09-30,,3.22,3.22,-0.45,800768000.0,3.21,,73815000.0,-3210000.0,-32244000.0,406371000.0,325765000.0,,306516000.0,89276000.0,29034000.0,951858000.0,76644000.0,,80606000.0,,-395643000.0,2582908000.0,140737000.0,,,10579000.0,,-32244000.0,-3210000.0,1893363000.0,2659552000.0,795223000.0,2688586000.0,154400000.0,154355000.0,154483000.0
Boston Properties Inc,BXP,549300OF70FSEUQBT254,1037540,2017.0,Q2,2017-04-01,2017-06-30,2018-08-07 17:28:13+00:00,0.87,0.87,0.75,151919000.0,0.87,,-3767000.0,1504000.0,95143000.0,167010000.0,167010000.0,,133709000.0,30676000.0,-93639000.0,238858000.0,18192000.0,,,,,656907000.0,27440000.0,,,2625000.0,,95143000.0,1504000.0,418217000.0,675099000.0,163243000.0,581460000.0,153700000.0,154177000.0,154331000.0
Boston Properties Inc,BXP,549300OF70FSEUQBT254,1037540,2017.0,Q2YTD,2017-01-01,2017-06-30,,1.5,1.5,1.5,311124000.0,1.5,,-3900000.0,2118000.0,190677000.0,282574000.0,282574000.0,,230792000.0,46532000.0,-188559000.0,474236000.0,22318000.0,,,,,1289135000.0,58860000.0,,,5250000.0,,190677000.0,2118000.0,844220000.0,1311453000.0,278674000.0,1122894000.0,153700000.0,154177000.0,154331000.0
Boston Properties Inc,BXP,549300OF70FSEUQBT254,1037540,2017.0,Q2TTM,2016-07-01,2017-06-30,,2.96,2.96,0.2,852352000.0,2.95,1783000.0,63723000.0,-911000.0,-19635000.0,330171000.0,249565000.0,,265932000.0,53696000.0,18724000.0,942748000.0,76926000.0,,80606000.0,,-395643000.0,2550424000.0,140260000.0,,,10543000.0,,-19635000.0,-911000.0,1937143000.0,2627350000.0,708931000.0,2646074000.0,153700000.0,154177000.0,154331000.0
Boston Properties Inc,BXP,549300OF70FSEUQBT254,1037540,2017.0,Q1,2017-01-01,2017-03-31,2018-05-08 17:28:13+00:00,0.63,0.63,0.75,159205000.0,0.63,,-133000.0,614000.0,95534000.0,115564000.0,115564000.0,,97083000.0,15856000.0,-94920000.0,235378000.0,4126000.0,,,,,632228000.0,31420000.0,,,2625000.0,,95534000.0,614000.0,426003000.0,636354000.0,115431000.0,541434000.0,154100000.0,153860000.0,154214000.0
Boston Properties Inc,BXP,549300OF70FSEUQBT254,1037540,2017.0,Q1TTM,2016-04-01,2017-03-31,,2.72,2.72,0.1,853608000.0,2.71,1783000.0,67490000.0,-891000.0,-9775000.0,280518000.0,199912000.0,,228820000.0,41191000.0,8884000.0,929806000.0,61446000.0,,80606000.0,,-395643000.0,2517063000.0,139151000.0,,,10507000.0,,-9775000.0,-891000.0,1924348000.0,2578509000.0,663045000.0,2587393000.0,154100000.0,153860000.0,154214000.0
Boston Properties Inc,BXP,549300OF70FSEUQBT254,1037540,2018.0,FY,2018-01-01,2018-12-31,2020-03-02 10:14:37+00:00,3.71,3.71,,645649000.0,3.7,11812000.0,,10823000.0,378168000.0,712563000.0,712563000.0,,572347000.0,129716000.0,-367345000.0,979151000.0,175813000.0,,,,,2305420000.0,166779000.0,402066000.0,,10500000.0,,378168000.0,10823000.0,1803391000.0,2883299000.0,712563000.0,2515954000.0,154300000.0,154427000.0,154682000.0
Boston Properties Inc,BXP,549300OF70FSEUQBT254,1037540,2018.0,Q3,2018-07-01,2018-09-30,2019-11-08 15:47:11+00:00,0.77,0.77,,157996000.0,0.77,0.0,,2822000.0,95366000.0,119012000.0,111149000.0,,119118000.0,28702000.0,-92544000.0,247989000.0,0.0,0.0,7863000.0,-31433000.0,-3238000.0,583860000.0,41935000.0,102424000.0,,2625000.0,,95366000.0,2822000.0,447920000.0,654851000.0,114387000.0,562307000.0,154700000.0,154440000.0,154678000.0
Boston Properties Inc,BXP,549300OF70FSEUQBT254,1037540,2018.0,Q3YTD,2018-01-01,2018-09-30,,2.74,2.74,,480210000.0,2.74,,-114689000.0,7049000.0,277790000.0,469755000.0,461892000.0,,423820000.0,95627000.0,-270741000.0,726108000.0,63497000.0,,7863000.0,-57567000.0,-3238000.0,1596778000.0,125576000.0,292801000.0,,7875000.0,,277790000.0,7049000.0,1331894000.0,1953076000.0,350441000.0,1682335000.0,154700000.0,154440000.0,154678000.0
Boston Properties Inc,BXP,549300OF70FSEUQBT254,1037540,2018.0,Q2,2018-04-01,2018-06-30,2019-08-07 16:08:34+00:00,0.83,0.83,,156417000.0,0.83,0.0,-18292000.0,2579000.0,92204000.0,160565000.0,160565000.0,,128681000.0,29259000.0,-89625000.0,237790000.0,54060000.0,,,,,516439000.0,39653000.0,95259000.0,,2625000.0,,92204000.0,2579000.0,433860000.0,665758000.0,142273000.0,576133000.0,155000000.0,154415000.0,154571000.0
Boston Properties Inc,BXP,549300OF70FSEUQBT254,1037540,2018.0,Q2YTD,2018-01-01,2018-06-30,,1.97,1.97,,322214000.0,1.97,,-114689000.0,4227000.0,182424000.0,350743000.0,350743000.0,,304702000.0,66925000.0,-178197000.0,478119000.0,63497000.0,,,-26134000.0,,1044351000.0,83641000.0,190377000.0,,5250000.0,,182424000.0,4227000.0,883974000.0,1298225000.0,236054000.0,1120028000.0,155000000.0,154415000.0,154571000.0
Boston Properties Inc,BXP,549300OF70FSEUQBT254,1037540,2018.0,Q2TTM,2017-07-01,2018-06-30,,3.4,3.4,-1.5,628637000.0,3.4,,-110789000.0,7892000.0,366228000.0,630650000.0,630650000.0,,525849000.0,120435000.0,-358336000.0,933860000.0,64248000.0,,,-26134000.0,,1989792000.0,171223000.0,557877000.0,,10500000.0,,366228000.0,7892000.0,1733720000.0,2611917000.0,519861000.0,2253581000.0,155000000.0,154415000.0,154571000.0
Boston Properties Inc,BXP,549300OF70FSEUQBT254,1037540,2018.0,Q1,2018-01-01,2018-03-31,2019-05-08 16:53:00+00:00,1.14,1.14,0.0,165797000.0,1.14,0.0,-96397000.0,1648000.0,90220000.0,190178000.0,190178000.0,,176021000.0,37666000.0,-88572000.0,240329000.0,9437000.0,,,-26134000.0,,527912000.0,43988000.0,95118000.0,,2625000.0,,90220000.0,1648000.0,450114000.0,632467000.0,93781000.0,543895000.0,154400000.0,154385000.0,154705000.0
Boston Properties Inc,BXP,549300OF70FSEUQBT254,1037540,2018.0,Q1TTM,2017-04-01,2018-03-31,,3.44,3.44,-0.75,624139000.0,3.44,,-96264000.0,6817000.0,369167000.0,637095000.0,637095000.0,,530877000.0,121852000.0,-362350000.0,934928000.0,28380000.0,,,-26134000.0,,2130260000.0,159010000.0,462618000.0,,10500000.0,,369167000.0,6817000.0,1718077000.0,2621258000.0,540831000.0,2258908000.0,154400000.0,154385000.0,154705000.0
Boston Properties Inc,BXP,549300OF70FSEUQBT254,1037540,2019.0,FY,2019-01-01,2019-12-31,2020-03-02 10:14:37+00:00,3.31,3.31,,677764000.0,3.3,24038000.0,,18939000.0,412717000.0,651999000.0,651999000.0,,511034000.0,130465000.0,-393778000.0,1050010000.0,34564000.0,,,,,2950176000.0,187151000.0,0.0,,10500000.0,,412717000.0,18939000.0,1938963000.0,2984740000.0,651999000.0,2590962000.0,154400000.0,154582000.0,154883000.0
Boston Properties Inc,BXP,549300OF70FSEUQBT254,1037540,2019.0,Q3,2019-07-01,2019-09-30,2019-11-08 15:47:11+00:00,0.7,0.7,,165862000.0,0.7,0.0,,7178000.0,106471000.0,115624000.0,115639000.0,,107771000.0,30974000.0,-99293000.0,265603000.0,0.0,-28010000.0,-15000.0,-25746000.0,-543000.0,743553000.0,42857000.0,0.0,,2625000.0,,106471000.0,7178000.0,474322000.0,717807000.0,116182000.0,618514000.0,154000000.0,154577000.0,154820000.0
Boston Properties Inc,BXP,549300OF70FSEUQBT254,1037540,2019.0,Q3YTD,2019-01-01,2019-09-30,,2.39,2.39,,507867000.0,2.39,24038000.0,-1686000.0,14546000.0,309837000.0,450244000.0,451164000.0,,370194000.0,97921000.0,-295291000.0,781091000.0,102681000.0,-28010000.0,-920000.0,-25746000.0,2639000.0,2123763000.0,143308000.0,,,7875000.0,,309837000.0,14546000.0,1456304000.0,2226444000.0,446839000.0,1931153000.0,154000000.0,154577000.0,154820000.0
Boston Properties Inc,BXP,549300OF70FSEUQBT254,1037540,2019.0,Q3TTM,2018-10-01,2019-09-30,,3.36,3.36,,673306000.0,3.35,35850000.0,113003000.0,18320000.0,410215000.0,693052000.0,701835000.0,,518721000.0,132010000.0,-391895000.0,1034134000.0,214997000.0,-28010000.0,-8783000.0,31821000.0,5877000.0,2826718000.0,184511000.0,109265000.0,,10500000.0,,410215000.0,18320000.0,1927801000.0,3156667000.0,808961000.0,2764772000.0,154000000.0,154577000.0,154820000.0
Boston Properties Inc,BXP,549300OF70FSEUQBT254,1037540,2019.0,Q2,2019-04-01,2019-06-30,2019-08-07 16:08:34+00:00,1.06,1.06,,177411000.0,1.06,0.0,-1686000.0,3615000.0,102357000.0,203461000.0,203461000.0,,164318000.0,36518000.0,-98742000.0,257971000.0,102681000.0,,,,,680189000.0,46971000.0,0.0,,2625000.0,,102357000.0,3615000.0,482353000.0,782870000.0,201775000.0,684128000.0,155000000.0,154555000.0,154874000.0
Boston Properties Inc,BXP,549300OF70FSEUQBT254,1037540,2019.0,Q2YTD,2019-01-01,2019-06-30,,1.69,1.69,,342005000.0,1.69,24038000.0,-1686000.0,7368000.0,203366000.0,334620000.0,335525000.0,,262423000.0,66947000.0,-195998000.0,515488000.0,102681000.0,,-905000.0,,3182000.0,1405956000.0,100451000.0,,,5250000.0,,203366000.0,7368000.0,981982000.0,1508637000.0,330657000.0,1312639000.0,155000000.0,154555000.0,154874000.0
Boston Properties Inc,BXP,549300OF70FSEUQBT254,1037540,2019.0,Q2TTM,2018-07-01,2019-06-30,,3.43,3.43,,665440000.0,3.42,35850000.0,113003000.0,13964000.0,399110000.0,696440000.0,697345000.0,,530068000.0,129738000.0,-385146000.0,1016520000.0,214997000.0,,-905000.0,26134000.0,3182000.0,2667025000.0,183589000.0,211689000.0,,10500000.0,,399110000.0,13964000.0,1901399000.0,3093711000.0,807166000.0,2708565000.0,155000000.0,154555000.0,154874000.0
Boston Properties Inc,BXP,549300OF70FSEUQBT254,1037540,2019.0,Q1,2019-01-01,2019-03-31,2020-05-08 17:34:17+00:00,0.63,0.63,,164594000.0,0.63,24038000.0,,3753000.0,101009000.0,131159000.0,132064000.0,,98105000.0,30429000.0,-97256000.0,257517000.0,0.0,0.0,-905000.0,,3182000.0,725767000.0,53480000.0,0.0,,2625000.0,,101009000.0,3753000.0,499629000.0,725767000.0,128882000.0,628511000.0,155700000.0,154525000.0,154844000.0
Boston Properties Inc,BXP,549300OF70FSEUQBT254,1037540,2019.0,Q1TTM,2018-04-01,2019-03-31,,3.2,3.2,,644446000.0,3.19,35850000.0,96397000.0,12928000.0,388957000.0,653544000.0,654449000.0,,494431000.0,122479000.0,-376029000.0,996339000.0,166376000.0,,-905000.0,26134000.0,3182000.0,2503275000.0,176271000.0,306948000.0,,10500000.0,,388957000.0,12928000.0,1852906000.0,2976599000.0,747664000.0,2600570000.0,155700000.0,154525000.0,154844000.0
Boston Properties Inc,BXP,549300OF70FSEUQBT254,1037540,2020.0,Q1,2020-01-01,2020-03-31,2020-05-08 17:34:17+00:00,3.21,3.21,,171094000.0,3.2,0.0,,3017000.0,101591000.0,577146000.0,166981000.0,,497496000.0,77025000.0,-98574000.0,262966000.0,0.0,0.0,410165000.0,,-5814000.0,752556000.0,47127000.0,0.0,,2625000.0,,101591000.0,3017000.0,481187000.0,752556000.0,172795000.0,653982000.0,155000000.0,155011000.0,155258000.0
Boston Properties Inc,BXP,549300OF70FSEUQBT254,1037540,2020.0,Q1TTM,2019-04-01,2020-03-31,,5.89,5.89,,684264000.0,5.87,,,18203000.0,413299000.0,1097986000.0,686916000.0,,910425000.0,177061000.0,-395096000.0,1055459000.0,34564000.0,,411070000.0,,-8996000.0,2976965000.0,180798000.0,,,10500000.0,,413299000.0,18203000.0,1920521000.0,3011529000.0,695912000.0,2616433000.0,155000000.0,155011000.0,155258000.0
