company_name,company_ticker,company_lei,company_cik,year,quarter,start_date,end_date,filing_date,amortizationexpense,basicdilutedeps,basiceps,cashdividendspershare,dilutedeps,incometaxexpense,investmentbankingincome,longtermdebtinterestexpense,marketingexpense,netincome,netincomecontinuing,netincomediscontinued,netincometocommon,netincometononcontrollinginterest,netinterestincome,netoccupancyequipmentexpense,nonoperatingincome,othernoninterestincome,otheroperatingexpenses,otherservicechargeincome,salariesandemployeebenefitsexpense,servicechargesondepositsincome,totalinterestexpense,totalnoninterestexpense,totalnoninterestincome,totalpretaxincome,totalrevenue,weightedavebasicdilutedsharesos,weightedavebasicsharesos,weightedavedilutedsharesos
Federated Investors Inc,FII,R05X5UQ874RGFF7HHD84,1056288,2008.0,FY,2008-01-01,2008-12-31,2011-02-22 16:49:47+00:00,49764000.0,2.2,2.2,3.69,2.18,128168000.0,775381000.0,2750000.0,28867000.0,231433000.0,228625000.0,2808000.0,224317000.0,7116000.0,-2750000.0,46079000.0,-1632000.0,,500609000.0,448299000.0,237186000.0,,2750000.0,862505000.0,1223680000.0,356793000.0,1220930000.0,102000000.0,102000000.0,102900000.0
Federated Investors Inc,FII,R05X5UQ874RGFF7HHD84,1056288,2009.0,FY,2009-01-01,2009-12-31,2012-02-24 13:46:01+00:00,,1.93,1.93,0.96,1.92,118278000.0,749823000.0,,22459000.0,208540000.0,208540000.0,,197292000.0,11248000.0,,47979000.0,-2409000.0,,521857000.0,426127000.0,254428000.0,,,846723000.0,1175950000.0,326818000.0,1175950000.0,99923000.0,99923000.0,99923000.0
Federated Investors Inc,FII,R05X5UQ874RGFF7HHD84,1056288,2009.0,Q3,2009-07-01,2009-09-30,2010-11-01 11:54:57+00:00,9057000.0,0.56,0.56,0.24,0.56,34604000.0,190012000.0,,4845000.0,60287000.0,60287000.0,,56986000.0,3301000.0,,12059000.0,158000.0,,110677000.0,38324000.0,62232000.0,65267000.0,,198870000.0,293603000.0,94891000.0,293603000.0,101800000.0,101800000.0,101800000.0
Federated Investors Inc,FII,R05X5UQ874RGFF7HHD84,1056288,2009.0,Q2,2009-04-01,2009-06-30,2010-07-28 11:43:44+00:00,8941000.0,0.52,0.52,0.24,0.52,31712000.0,193757000.0,,5931000.0,56083000.0,56083000.0,,53274000.0,2809000.0,,11498000.0,-270000.0,,128850000.0,45623000.0,63609000.0,67514000.0,,218829000.0,306894000.0,87795000.0,306894000.0,102500000.0,102500000.0,102500000.0
Federated Investors Inc,FII,R05X5UQ874RGFF7HHD84,1056288,2010.0,FY,2010-01-01,2010-12-31,2013-02-22 17:23:53+00:00,,1.73,1.73,2.22,1.73,111957000.0,639404000.0,,21571000.0,189163000.0,189163000.0,,179114000.0,10049000.0,,45786000.0,-8671000.0,,331942000.0,312539000.0,242853000.0,,,642152000.0,951943000.0,301120000.0,951943000.0,99925000.0,99925000.0,99925000.0
Federated Investors Inc,FII,R05X5UQ874RGFF7HHD84,1056288,2010.0,Q4,2010-10-01,2010-12-31,,-9273000.0,0.47,0.47,0.24,0.47,29345000.0,165174000.0,,6086000.0,48630000.0,48630000.0,,46401000.0,2229000.0,,11799000.0,-1057000.0,,101288000.0,80142000.0,56384000.0,,,166284000.0,245316000.0,77975000.0,245316000.0,99925000.0,99925000.0,99925000.0
Federated Investors Inc,FII,R05X5UQ874RGFF7HHD84,1056288,2010.0,Q3,2010-07-01,2010-09-30,2011-10-31 16:45:26+00:00,2987000.0,0.42,0.42,0.24,0.42,26477000.0,163783000.0,,5416000.0,48063000.0,48063000.0,,43056000.0,5007000.0,,11203000.0,-548000.0,,86092000.0,78390000.0,61387000.0,,,167085000.0,242173000.0,74540000.0,242173000.0,99916000.0,99916000.0,99916000.0
Federated Investors Inc,FII,R05X5UQ874RGFF7HHD84,1056288,2010.0,Q3YTD,2010-01-01,2010-09-30,,9273000.0,1.26,1.26,1.98,1.26,82612000.0,474230000.0,,15485000.0,140533000.0,140533000.0,,132713000.0,7820000.0,,33987000.0,-7614000.0,,230654000.0,232397000.0,186469000.0,,,475868000.0,706627000.0,223145000.0,706627000.0,99916000.0,99916000.0,99916000.0
Federated Investors Inc,FII,R05X5UQ874RGFF7HHD84,1056288,2010.0,Q2YTD,2010-01-01,2010-06-30,,6286000.0,0.84,0.84,1.74,0.84,56135000.0,310447000.0,,10069000.0,92470000.0,92470000.0,,89657000.0,2813000.0,,22784000.0,-7066000.0,,144562000.0,154007000.0,125082000.0,,,308783000.0,464454000.0,148605000.0,464454000.0,99943000.0,99943000.0,99943000.0
Federated Investors Inc,FII,R05X5UQ874RGFF7HHD84,1056288,2010.0,Q2,2010-04-01,2010-06-30,2011-08-03 15:54:03+00:00,3114000.0,0.46,0.46,0.24,0.46,29293000.0,155954000.0,,5484000.0,48275000.0,48275000.0,,47650000.0,625000.0,,10730000.0,-6293000.0,,67609000.0,75530000.0,60686000.0,,,147623000.0,231484000.0,77568000.0,231484000.0,99943000.0,99943000.0,99943000.0
Federated Investors Inc,FII,R05X5UQ874RGFF7HHD84,1056288,2010.0,Q1,2010-01-01,2010-03-31,2011-05-02 16:31:54+00:00,3172000.0,0.38,0.38,1.5,0.38,26842000.0,154493000.0,,4585000.0,44195000.0,44195000.0,,42007000.0,2188000.0,,12054000.0,-773000.0,,76953000.0,78477000.0,64396000.0,,,161160000.0,232970000.0,71037000.0,232970000.0,110500000.0,110500000.0,110500000.0
Federated Investors Inc,FII,R05X5UQ874RGFF7HHD84,1056288,2011.0,Q4,2011-10-01,2011-12-31,,,0.35,0.35,0.24,0.35,21811000.0,138225000.0,,7197000.0,38624000.0,38624000.0,,36942000.0,1682000.0,,12094000.0,-1426000.0,,74635000.0,-142174000.0,60620000.0,220356000.0,,154546000.0,216407000.0,60435000.0,216407000.0,100609000.0,100609000.0,100609000.0
Federated Investors Inc,FII,R05X5UQ874RGFF7HHD84,1056288,2011.0,FY,2011-01-01,2011-12-31,2014-02-21 16:06:54+00:00,,1.45,1.45,0.96,1.45,91288000.0,586340000.0,,25587000.0,155083000.0,155083000.0,,150906000.0,4177000.0,,47660000.0,-11084000.0,,318973000.0,88418000.0,245439000.0,220356000.0,,637659000.0,895114000.0,246371000.0,895114000.0,100609000.0,100609000.0,100609000.0
Federated Investors Inc,FII,R05X5UQ874RGFF7HHD84,1056288,2011.0,Q3YTD,2011-01-01,2011-09-30,,,1.1,1.1,0.72,1.1,69477000.0,448115000.0,,18390000.0,116459000.0,116459000.0,,113964000.0,2495000.0,,35566000.0,-9658000.0,,244338000.0,230592000.0,184819000.0,,,483113000.0,678707000.0,185936000.0,678707000.0,100684000.0,100684000.0,100684000.0
Federated Investors Inc,FII,R05X5UQ874RGFF7HHD84,1056288,2011.0,Q3TTM,2010-10-01,2011-09-30,,-9273000.0,1.57,1.57,0.96,1.57,98822000.0,613289000.0,,24476000.0,165089000.0,165089000.0,,160365000.0,4724000.0,,47365000.0,-10715000.0,,345626000.0,310734000.0,241203000.0,,,649397000.0,924023000.0,263911000.0,924023000.0,100684000.0,100684000.0,100684000.0
Federated Investors Inc,FII,R05X5UQ874RGFF7HHD84,1056288,2011.0,Q3,2011-07-01,2011-09-30,2012-10-26 16:52:01+00:00,,0.37,0.37,0.24,0.37,23165000.0,139399000.0,,6696000.0,38520000.0,38520000.0,,38320000.0,200000.0,,12027000.0,-5326000.0,,70384000.0,74649000.0,57930000.0,,,147037000.0,214048000.0,61685000.0,214048000.0,100684000.0,100684000.0,100684000.0
Federated Investors Inc,FII,R05X5UQ874RGFF7HHD84,1056288,2011.0,Q2YTD,2011-01-01,2011-06-30,,,0.73,0.73,0.48,0.73,46312000.0,308716000.0,,11694000.0,77939000.0,77939000.0,,75644000.0,2295000.0,,23539000.0,-4332000.0,,173954000.0,155943000.0,126889000.0,,,336076000.0,464659000.0,124251000.0,464659000.0,100907000.0,100907000.0,100907000.0
Federated Investors Inc,FII,R05X5UQ874RGFF7HHD84,1056288,2011.0,Q2TTM,2010-07-01,2011-06-30,,-6286000.0,1.62,1.62,0.96,1.62,102134000.0,637673000.0,,23196000.0,174632000.0,174632000.0,,165101000.0,9531000.0,,46541000.0,-5937000.0,,361334000.0,314475000.0,244660000.0,,,669445000.0,952148000.0,276766000.0,952148000.0,100907000.0,100907000.0,100907000.0
Federated Investors Inc,FII,R05X5UQ874RGFF7HHD84,1056288,2011.0,Q2,2011-04-01,2011-06-30,2012-07-27 17:21:13+00:00,,0.41,0.41,0.24,0.41,25714000.0,149127000.0,,6094000.0,42885000.0,42885000.0,,42413000.0,472000.0,,11759000.0,-3484000.0,,73348000.0,76650000.0,62493000.0,,,153694000.0,225777000.0,68599000.0,225777000.0,100907000.0,100907000.0,100907000.0
Federated Investors Inc,FII,R05X5UQ874RGFF7HHD84,1056288,2011.0,Q1TTM,2010-04-01,2011-03-31,,-3172000.0,1.67,1.67,0.96,1.67,105713000.0,644500000.0,,22586000.0,180022000.0,180022000.0,,170338000.0,9684000.0,,45512000.0,-8746000.0,,355595000.0,313355000.0,242853000.0,,,663374000.0,957855000.0,285735000.0,957855000.0,100586000.0,100586000.0,100586000.0
Federated Investors Inc,FII,R05X5UQ874RGFF7HHD84,1056288,2011.0,Q1,2011-01-01,2011-03-31,2012-04-27 17:08:36+00:00,,0.32,0.32,0.24,0.32,20598000.0,159589000.0,,5600000.0,35054000.0,35054000.0,,33231000.0,1823000.0,,11780000.0,-848000.0,,100606000.0,79293000.0,64396000.0,,,182382000.0,238882000.0,55652000.0,238882000.0,100586000.0,100586000.0,100586000.0
Federated Investors Inc,FII,R05X5UQ874RGFF7HHD84,1056288,2012.0,Q4,2012-10-01,2012-12-31,,,0.45,0.45,1.75,0.45,28961000.0,166813000.0,,7448000.0,51955000.0,51955000.0,,49580000.0,2375000.0,,12449000.0,-2277000.0,,78524000.0,-36652000.0,63211000.0,114664000.0,,161632000.0,244825000.0,80916000.0,244825000.0,100313000.0,100313000.0,100313000.0
Federated Investors Inc,FII,R05X5UQ874RGFF7HHD84,1056288,2012.0,FY,2012-01-01,2012-12-31,2015-02-20 16:06:09+00:00,,1.79,1.79,2.47,1.79,110883000.0,630834000.0,,26251000.0,197628000.0,197628000.0,,188088000.0,9540000.0,,50544000.0,-4082000.0,,298696000.0,89343000.0,257622000.0,225529000.0,,633113000.0,945706000.0,308511000.0,945706000.0,100313000.0,100313000.0,100313000.0
Federated Investors Inc,FII,R05X5UQ874RGFF7HHD84,1056288,2012.0,Q3YTD,2012-01-01,2012-09-30,,,1.34,1.34,0.72,1.34,81922000.0,464021000.0,,18803000.0,145673000.0,145673000.0,,138508000.0,7165000.0,,38095000.0,-1805000.0,,220172000.0,125995000.0,194411000.0,110865000.0,,471481000.0,700881000.0,227595000.0,700881000.0,100417000.0,100417000.0,100417000.0
Federated Investors Inc,FII,R05X5UQ874RGFF7HHD84,1056288,2012.0,Q3TTM,2011-10-01,2012-09-30,,,1.69,1.69,0.96,1.69,103733000.0,602246000.0,,26000000.0,184297000.0,184297000.0,,175450000.0,8847000.0,,50189000.0,-3231000.0,,294807000.0,-16179000.0,255031000.0,331221000.0,,626027000.0,917288000.0,288030000.0,917288000.0,100417000.0,100417000.0,100417000.0
Federated Investors Inc,FII,R05X5UQ874RGFF7HHD84,1056288,2012.0,Q3,2012-07-01,2012-09-30,2013-10-25 17:26:34+00:00,,0.54,0.54,0.24,0.54,31983000.0,160306000.0,,6472000.0,58193000.0,58193000.0,,55773000.0,2420000.0,,12640000.0,143000.0,,64192000.0,22283000.0,65131000.0,55879000.0,,148435000.0,238468000.0,90176000.0,238468000.0,100417000.0,100417000.0,100417000.0
Federated Investors Inc,FII,R05X5UQ874RGFF7HHD84,1056288,2012.0,Q2YTD,2012-01-01,2012-06-30,,,0.8,0.8,0.48,0.8,49939000.0,303715000.0,,12331000.0,87480000.0,87480000.0,,82735000.0,4745000.0,,25455000.0,-1948000.0,,155980000.0,103712000.0,129280000.0,54986000.0,,323046000.0,462413000.0,137419000.0,462413000.0,100347000.0,100347000.0,100347000.0
Federated Investors Inc,FII,R05X5UQ874RGFF7HHD84,1056288,2012.0,Q2TTM,2011-07-01,2012-06-30,,,1.52,1.52,0.96,1.52,94915000.0,581339000.0,,26224000.0,164624000.0,164624000.0,,157997000.0,6627000.0,,49576000.0,-8700000.0,,300999000.0,36187000.0,247830000.0,275342000.0,,624629000.0,892868000.0,259539000.0,892868000.0,100347000.0,100347000.0,100347000.0
Federated Investors Inc,FII,R05X5UQ874RGFF7HHD84,1056288,2012.0,Q2,2012-04-01,2012-06-30,2013-07-26 17:03:33+00:00,,0.39,0.39,0.24,0.39,24401000.0,154367000.0,,6652000.0,43073000.0,43073000.0,,40410000.0,2663000.0,,12892000.0,-1546000.0,,78353000.0,22779000.0,65215000.0,54986000.0,,163112000.0,232132000.0,67474000.0,232132000.0,100347000.0,100347000.0,100347000.0
Federated Investors Inc,FII,R05X5UQ874RGFF7HHD84,1056288,2012.0,Q1TTM,2011-04-01,2012-03-31,,,1.54,1.54,0.96,1.54,96228000.0,576099000.0,,25666000.0,164436000.0,164436000.0,,160000000.0,4436000.0,,48443000.0,-10638000.0,,295994000.0,90058000.0,245108000.0,220356000.0,,615211000.0,886513000.0,260664000.0,886513000.0,100112000.0,103200000.0,100112000.0
Federated Investors Inc,FII,R05X5UQ874RGFF7HHD84,1056288,2012.0,Q1,2012-01-01,2012-03-31,2013-04-26 17:30:43+00:00,,0.41,0.41,0.24,0.41,25538000.0,149348000.0,,5679000.0,44407000.0,44407000.0,,42325000.0,2082000.0,,12563000.0,-402000.0,,77627000.0,80933000.0,64065000.0,,,159934000.0,230281000.0,69945000.0,230281000.0,100112000.0,103200000.0,100112000.0
Federated Investors Inc,FII,R05X5UQ874RGFF7HHD84,1056288,2013.0,FY,2013-01-01,2013-12-31,2016-02-19 18:29:44+00:00,,1.55,1.55,0.98,1.55,92660000.0,570952000.0,,28765000.0,166355000.0,166355000.0,,162177000.0,4178000.0,,52102000.0,7272000.0,,276617000.0,84926000.0,269138000.0,222487000.0,,626622000.0,878365000.0,259015000.0,878365000.0,100668000.0,100668000.0,100668000.0
Federated Investors Inc,FII,R05X5UQ874RGFF7HHD84,1056288,2013.0,Q4,2013-10-01,2013-12-31,,,0.39,0.39,0.25,0.39,22038000.0,138051000.0,,7869000.0,42177000.0,42177000.0,,41071000.0,1106000.0,,13465000.0,4457000.0,,64903000.0,21316000.0,68726000.0,55354000.0,,154963000.0,214721000.0,64215000.0,214721000.0,100668000.0,100668000.0,100668000.0
Federated Investors Inc,FII,R05X5UQ874RGFF7HHD84,1056288,2013.0,Q3YTD,2013-01-01,2013-09-30,,,1.16,1.16,0.73,1.16,70622000.0,432901000.0,,20896000.0,124178000.0,124178000.0,,121106000.0,3072000.0,,38637000.0,2815000.0,,211714000.0,63610000.0,200412000.0,167133000.0,,471659000.0,663644000.0,194800000.0,663644000.0,100677000.0,100677000.0,100677000.0
Federated Investors Inc,FII,R05X5UQ874RGFF7HHD84,1056288,2013.0,Q3TTM,2012-10-01,2013-09-30,,,1.61,1.61,2.48,1.61,99583000.0,599714000.0,,28344000.0,176133000.0,176133000.0,,170686000.0,5447000.0,,51086000.0,538000.0,,290238000.0,26958000.0,263623000.0,281797000.0,,633291000.0,908469000.0,275716000.0,908469000.0,100677000.0,100677000.0,100677000.0
Federated Investors Inc,FII,R05X5UQ874RGFF7HHD84,1056288,2013.0,Q3,2013-07-01,2013-09-30,2014-10-24 16:30:40+00:00,,0.36,0.36,0.25,0.36,20917000.0,134623000.0,,7319000.0,37629000.0,37629000.0,,37704000.0,-75000.0,,12952000.0,788000.0,,68217000.0,22191000.0,65620000.0,55052000.0,,154108000.0,211866000.0,58546000.0,211866000.0,100677000.0,100677000.0,100677000.0
Federated Investors Inc,FII,R05X5UQ874RGFF7HHD84,1056288,2013.0,Q2YTD,2013-01-01,2013-06-30,,,0.8,0.8,0.48,0.8,49705000.0,298278000.0,,13577000.0,86549000.0,86549000.0,,83402000.0,3147000.0,,25685000.0,2027000.0,,143497000.0,41419000.0,134792000.0,112081000.0,,317551000.0,451778000.0,136254000.0,451778000.0,100716000.0,100716000.0,100716000.0
Federated Investors Inc,FII,R05X5UQ874RGFF7HHD84,1056288,2013.0,Q2TTM,2012-07-01,2013-06-30,,,1.79,1.79,2.47,1.79,110649000.0,625397000.0,,27497000.0,196697000.0,196697000.0,,188755000.0,7942000.0,,50774000.0,-107000.0,,286213000.0,27050000.0,263134000.0,282624000.0,,627618000.0,935071000.0,307346000.0,935071000.0,100716000.0,100716000.0,100716000.0
Federated Investors Inc,FII,R05X5UQ874RGFF7HHD84,1056288,2013.0,Q2,2013-04-01,2013-06-30,2014-07-25 16:02:32+00:00,,0.39,0.39,0.24,0.39,25059000.0,147515000.0,,7469000.0,41861000.0,41861000.0,,40408000.0,1453000.0,,12630000.0,892000.0,,69824000.0,21038000.0,67855000.0,55253000.0,,157778000.0,223806000.0,66920000.0,223806000.0,100716000.0,100716000.0,100716000.0
Federated Investors Inc,FII,R05X5UQ874RGFF7HHD84,1056288,2013.0,Q1TTM,2012-04-01,2013-03-31,,,1.79,1.79,2.47,1.79,109991000.0,632249000.0,,26680000.0,197909000.0,197909000.0,,188757000.0,9152000.0,,51036000.0,-2545000.0,,294742000.0,28791000.0,260494000.0,282357000.0,,632952000.0,943397000.0,307900000.0,943397000.0,100518000.0,100518000.0,100518000.0
Federated Investors Inc,FII,R05X5UQ874RGFF7HHD84,1056288,2013.0,Q1,2013-01-01,2013-03-31,2014-04-25 16:02:20+00:00,,0.41,0.41,0.24,0.41,24646000.0,150763000.0,,6108000.0,44688000.0,44688000.0,,42994000.0,1694000.0,,13055000.0,1135000.0,,73673000.0,20381000.0,66937000.0,56828000.0,,159773000.0,227972000.0,69334000.0,227972000.0,100518000.0,100518000.0,100518000.0
Federated Investors Inc,FII,R05X5UQ874RGFF7HHD84,1056288,2014.0,FY,2014-01-01,2014-12-31,2017-02-24 16:18:40+00:00,,1.42,1.42,1.0,1.42,89530000.0,557318000.0,,26549000.0,149822000.0,149822000.0,,149236000.0,586000.0,,55762000.0,1403000.0,,253653000.0,88796000.0,285337000.0,213136000.0,,621301000.0,859250000.0,239352000.0,859250000.0,100721000.0,100721000.0,100721000.0
Federated Investors Inc,FII,R05X5UQ874RGFF7HHD84,1056288,2014.0,Q4,2014-10-01,2014-12-31,,,0.37,0.37,0.25,0.37,22552000.0,143586000.0,,7453000.0,39604000.0,39604000.0,,39613000.0,-9000.0,,14299000.0,522000.0,,62311000.0,20845000.0,72161000.0,53427000.0,,156224000.0,217858000.0,62156000.0,217858000.0,100721000.0,100721000.0,100721000.0
Federated Investors Inc,FII,R05X5UQ874RGFF7HHD84,1056288,2014.0,Q3YTD,2014-01-01,2014-09-30,,,1.05,1.05,0.75,1.05,66978000.0,413732000.0,,19096000.0,110218000.0,110218000.0,,109623000.0,595000.0,,41463000.0,881000.0,,191342000.0,67951000.0,213176000.0,159709000.0,,465077000.0,641392000.0,177196000.0,641392000.0,100729000.0,100729000.0,100729000.0
Federated Investors Inc,FII,R05X5UQ874RGFF7HHD84,1056288,2014.0,Q3TTM,2013-10-01,2014-09-30,,,1.44,1.44,1.0,1.44,89016000.0,551783000.0,,26965000.0,152395000.0,152395000.0,,150694000.0,1701000.0,,54928000.0,5338000.0,,256245000.0,89267000.0,281902000.0,215063000.0,,620040000.0,856113000.0,241411000.0,856113000.0,100729000.0,100729000.0,100729000.0
Federated Investors Inc,FII,R05X5UQ874RGFF7HHD84,1056288,2014.0,Q3,2014-07-01,2014-09-30,2015-10-23 16:02:35+00:00,,0.36,0.36,0.25,0.36,22197000.0,141086000.0,,6299000.0,37259000.0,37259000.0,,37560000.0,-301000.0,,14633000.0,-1372000.0,,64431000.0,23585000.0,70724000.0,52244000.0,,156087000.0,216915000.0,59456000.0,216915000.0,100729000.0,100729000.0,100729000.0
Federated Investors Inc,FII,R05X5UQ874RGFF7HHD84,1056288,2014.0,Q2YTD,2014-01-01,2014-06-30,,,0.69,0.69,0.5,0.69,44781000.0,272646000.0,,12797000.0,72959000.0,72959000.0,,72063000.0,896000.0,,26830000.0,2253000.0,,126911000.0,44366000.0,142452000.0,107465000.0,,308990000.0,424477000.0,117740000.0,424477000.0,100789000.0,100789000.0,100789000.0
Federated Investors Inc,FII,R05X5UQ874RGFF7HHD84,1056288,2014.0,Q2TTM,2013-07-01,2014-06-30,,,1.44,1.44,1.0,1.44,87736000.0,545320000.0,,27985000.0,152765000.0,152765000.0,,150838000.0,1927000.0,,53247000.0,7498000.0,,260031000.0,87873000.0,276798000.0,217871000.0,,618061000.0,851064000.0,240501000.0,851064000.0,100789000.0,100789000.0,100789000.0
Federated Investors Inc,FII,R05X5UQ874RGFF7HHD84,1056288,2014.0,Q2,2014-04-01,2014-06-30,2015-07-24 16:01:52+00:00,,0.35,0.35,0.25,0.35,22985000.0,137553000.0,,6497000.0,37314000.0,37314000.0,,36869000.0,445000.0,,13511000.0,1457000.0,,63438000.0,22690000.0,70693000.0,52738000.0,,154139000.0,212981000.0,60299000.0,212981000.0,100789000.0,100789000.0,100789000.0
Federated Investors Inc,FII,R05X5UQ874RGFF7HHD84,1056288,2014.0,Q1TTM,2013-04-01,2014-03-31,,,1.48,1.48,0.99,1.48,89810000.0,555282000.0,,28957000.0,157312000.0,157312000.0,,154377000.0,2935000.0,,52366000.0,6933000.0,,266417000.0,86221000.0,273960000.0,220386000.0,,621700000.0,861889000.0,247122000.0,861889000.0,100725000.0,100725000.0,100725000.0
Federated Investors Inc,FII,R05X5UQ874RGFF7HHD84,1056288,2014.0,Q1,2014-01-01,2014-03-31,2015-04-24 16:01:39+00:00,,0.34,0.34,0.25,0.34,21796000.0,135093000.0,,6300000.0,35645000.0,35645000.0,,35194000.0,451000.0,,13319000.0,796000.0,,63473000.0,21676000.0,71759000.0,54727000.0,,154851000.0,211496000.0,57441000.0,211496000.0,100725000.0,100725000.0,100725000.0
Federated Investors Inc,FII,R05X5UQ874RGFF7HHD84,1056288,2015.0,FY,2015-01-01,2015-12-31,2018-02-23 16:21:06+00:00,,1.62,1.62,1.0,1.62,102920000.0,626325000.0,,27339000.0,171986000.0,171986000.0,,169807000.0,2179000.0,,54335000.0,-4540000.0,,278557000.0,88826000.0,286932000.0,211458000.0,,647163000.0,926609000.0,274906000.0,926609000.0,100475000.0,100475000.0,100475000.0
Federated Investors Inc,FII,R05X5UQ874RGFF7HHD84,1056288,2015.0,Q4,2015-10-01,2015-12-31,,,0.45,0.45,0.25,0.45,28287000.0,166439000.0,,7579000.0,49169000.0,49169000.0,,47610000.0,1559000.0,,13687000.0,571000.0,,76618000.0,23639000.0,68870000.0,53561000.0,,166754000.0,243639000.0,77456000.0,243639000.0,100475000.0,100475000.0,100475000.0
Federated Investors Inc,FII,R05X5UQ874RGFF7HHD84,1056288,2015.0,Q3,2015-07-01,2015-09-30,2016-10-28 16:33:15+00:00,,0.42,0.42,0.25,0.42,26072000.0,158898000.0,,6493000.0,44136000.0,44136000.0,,44131000.0,5000.0,,13236000.0,-4036000.0,,69724000.0,22148000.0,70624000.0,53275000.0,,160077000.0,234321000.0,70208000.0,234321000.0,100449000.0,100449000.0,100449000.0
Federated Investors Inc,FII,R05X5UQ874RGFF7HHD84,1056288,2015.0,Q3YTD,2015-01-01,2015-09-30,,,1.17,1.17,0.75,1.17,74633000.0,459886000.0,,19760000.0,122817000.0,122817000.0,,122197000.0,620000.0,,40648000.0,-5111000.0,,201939000.0,65187000.0,218062000.0,157897000.0,,480409000.0,682970000.0,197450000.0,682970000.0,100449000.0,100449000.0,100449000.0
Federated Investors Inc,FII,R05X5UQ874RGFF7HHD84,1056288,2015.0,Q3TTM,2014-10-01,2015-09-30,,,1.54,1.54,1.0,1.54,97185000.0,603472000.0,,27213000.0,162421000.0,162421000.0,,161810000.0,611000.0,,54947000.0,-4589000.0,,264250000.0,86032000.0,290223000.0,211324000.0,,636633000.0,900828000.0,259606000.0,900828000.0,100449000.0,100449000.0,100449000.0
Federated Investors Inc,FII,R05X5UQ874RGFF7HHD84,1056288,2015.0,Q2,2015-04-01,2015-06-30,2016-07-29 16:05:34+00:00,,0.4,0.4,0.25,0.4,26437000.0,154429000.0,,7037000.0,42263000.0,42263000.0,,41759000.0,504000.0,,13689000.0,-579000.0,,67182000.0,22093000.0,70940000.0,51605000.0,,158848000.0,228127000.0,68700000.0,228127000.0,100732000.0,100732000.0,100732000.0
Federated Investors Inc,FII,R05X5UQ874RGFF7HHD84,1056288,2015.0,Q2YTD,2015-01-01,2015-06-30,,,0.75,0.75,0.5,0.75,48561000.0,300988000.0,,13267000.0,78681000.0,78681000.0,,78066000.0,615000.0,,27412000.0,-1075000.0,,132215000.0,43039000.0,147438000.0,104622000.0,,320332000.0,448649000.0,127242000.0,448649000.0,100732000.0,100732000.0,100732000.0
Federated Investors Inc,FII,R05X5UQ874RGFF7HHD84,1056288,2015.0,Q2TTM,2014-07-01,2015-06-30,,,1.48,1.48,1.0,1.48,93310000.0,585660000.0,,27019000.0,155544000.0,155544000.0,,155239000.0,305000.0,,56344000.0,-1925000.0,,258957000.0,87469000.0,290323000.0,210293000.0,,632643000.0,883422000.0,248854000.0,883422000.0,100732000.0,100732000.0,100732000.0
Federated Investors Inc,FII,R05X5UQ874RGFF7HHD84,1056288,2015.0,Q1,2015-01-01,2015-03-31,2016-04-29 16:33:13+00:00,,0.35,0.35,0.25,0.35,22124000.0,146559000.0,,6230000.0,36418000.0,36418000.0,,36307000.0,111000.0,,13723000.0,-496000.0,,65033000.0,20946000.0,76498000.0,53017000.0,,161484000.0,220522000.0,58542000.0,220522000.0,100641000.0,100641000.0,100641000.0
Federated Investors Inc,FII,R05X5UQ874RGFF7HHD84,1056288,2015.0,Q1TTM,2014-04-01,2015-03-31,,,1.43,1.43,1.0,1.43,89858000.0,568784000.0,,26479000.0,150595000.0,150595000.0,,150349000.0,246000.0,,56166000.0,111000.0,,255213000.0,88066000.0,290076000.0,211426000.0,,627934000.0,868276000.0,240453000.0,868276000.0,100641000.0,100641000.0,100641000.0
Federated Investors Inc,FII,R05X5UQ874RGFF7HHD84,1056288,2016.0,FY,2016-01-01,2016-12-31,2019-02-22 16:44:02+00:00,,2.03,2.03,2.0,2.03,119420000.0,,,27750000.0,221514000.0,221514000.0,,208919000.0,12595000.0,,58650000.0,5251000.0,1143371000.0,424822000.0,,296466000.0,,,807688000.0,1143371000.0,340934000.0,1143371000.0,99116000.0,99116000.0,99116000.0
Federated Investors Inc,FII,R05X5UQ874RGFF7HHD84,1056288,2016.0,Q4,2016-10-01,2016-12-31,,,0.54,0.54,1.25,0.54,28292000.0,-571763000.0,,7272000.0,57229000.0,57229000.0,,55842000.0,1387000.0,,15032000.0,699000.0,1143371000.0,114038000.0,-121523000.0,68740000.0,-160181000.0,,205082000.0,289904000.0,85521000.0,289904000.0,99116000.0,99116000.0,99116000.0
Federated Investors Inc,FII,R05X5UQ874RGFF7HHD84,1056288,2016.0,Q3,2016-07-01,2016-09-30,2017-10-27 16:19:57+00:00,,0.54,0.54,0.25,0.54,32597000.0,197253000.0,,6536000.0,58908000.0,58908000.0,,54925000.0,3983000.0,,14423000.0,2869000.0,,109294000.0,43790000.0,75731000.0,53577000.0,,205984000.0,294620000.0,91505000.0,294620000.0,98805000.0,98805000.0,98805000.0
Federated Investors Inc,FII,R05X5UQ874RGFF7HHD84,1056288,2016.0,Q3YTD,2016-01-01,2016-09-30,,,1.49,1.49,0.75,1.49,91128000.0,571763000.0,,20478000.0,164285000.0,164285000.0,,153077000.0,11208000.0,,43618000.0,4552000.0,,310784000.0,121523000.0,227726000.0,160181000.0,,602606000.0,853467000.0,255413000.0,853467000.0,98805000.0,98805000.0,98805000.0
Federated Investors Inc,FII,R05X5UQ874RGFF7HHD84,1056288,2016.0,Q3TTM,2015-10-01,2016-09-30,,,1.94,1.94,1.0,1.94,119415000.0,738202000.0,,28057000.0,213454000.0,213454000.0,,200687000.0,12767000.0,,57305000.0,5123000.0,,387402000.0,145162000.0,296596000.0,213742000.0,,769360000.0,1097106000.0,332869000.0,1097106000.0,98805000.0,98805000.0,98805000.0
Federated Investors Inc,FII,R05X5UQ874RGFF7HHD84,1056288,2016.0,Q2,2016-04-01,2016-06-30,2017-07-28 16:23:35+00:00,,0.51,0.51,0.25,0.51,31335000.0,192663000.0,,7594000.0,56418000.0,56418000.0,,52709000.0,3709000.0,,14442000.0,83000.0,,101807000.0,40944000.0,75225000.0,53131000.0,,199068000.0,286738000.0,87753000.0,286738000.0,99592000.0,99592000.0,99592000.0
Federated Investors Inc,FII,R05X5UQ874RGFF7HHD84,1056288,2016.0,Q2YTD,2016-01-01,2016-06-30,,,0.95,0.95,0.5,0.95,58531000.0,374510000.0,,13942000.0,105377000.0,105377000.0,,98152000.0,7225000.0,,29195000.0,1683000.0,,201490000.0,77733000.0,151995000.0,106604000.0,,396622000.0,558847000.0,163908000.0,558847000.0,99592000.0,99592000.0,99592000.0
Federated Investors Inc,FII,R05X5UQ874RGFF7HHD84,1056288,2016.0,Q2TTM,2015-07-01,2016-06-30,,,1.82,1.82,1.0,1.82,112890000.0,699847000.0,,28014000.0,198682000.0,198682000.0,,189893000.0,8789000.0,,56118000.0,-1782000.0,,347832000.0,123520000.0,291489000.0,213440000.0,,723453000.0,1036807000.0,311572000.0,1036807000.0,99592000.0,99592000.0,99592000.0
Federated Investors Inc,FII,R05X5UQ874RGFF7HHD84,1056288,2016.0,Q1,2016-01-01,2016-03-31,2017-04-28 16:20:19+00:00,,0.44,0.44,0.25,0.44,27196000.0,181847000.0,,6348000.0,48959000.0,48959000.0,,45443000.0,3516000.0,,14753000.0,1600000.0,,99683000.0,36789000.0,76770000.0,53473000.0,,197554000.0,272109000.0,76155000.0,272109000.0,99802000.0,99802000.0,99802000.0
Federated Investors Inc,FII,R05X5UQ874RGFF7HHD84,1056288,2016.0,Q1TTM,2015-04-01,2016-03-31,,,1.71,1.71,1.0,1.71,107992000.0,661613000.0,,27457000.0,184527000.0,184527000.0,,178943000.0,5584000.0,,55365000.0,-2444000.0,,313207000.0,104669000.0,287204000.0,211914000.0,,683233000.0,978196000.0,292519000.0,978196000.0,99802000.0,99802000.0,99802000.0
Federated Investors Inc,FII,R05X5UQ874RGFF7HHD84,1056288,2017.0,FY,2017-01-01,2017-12-31,2020-02-21 16:07:15+00:00,,2.87,2.87,1.0,2.87,57101000.0,,,23812000.0,294901000.0,294901000.0,,291341000.0,3560000.0,,61229000.0,10494000.0,1102924000.0,387160000.0,,289215000.0,,,761416000.0,1102924000.0,352002000.0,1102924000.0,97411000.0,97411000.0,97411000.0
Federated Investors Inc,FII,R05X5UQ874RGFF7HHD84,1056288,2017.0,Q4,2017-10-01,2017-12-31,,,1.29,1.29,0.25,1.29,-38787000.0,-181318000.0,,6267000.0,131974000.0,131974000.0,,131810000.0,164000.0,,15165000.0,2353000.0,551813000.0,94057000.0,-45482000.0,71989000.0,-46701000.0,,187478000.0,278312000.0,93187000.0,278312000.0,97411000.0,97411000.0,97411000.0
Federated Investors Inc,FII,R05X5UQ874RGFF7HHD84,1056288,2017.0,Q3,2017-07-01,2017-09-30,2018-10-30 16:18:16+00:00,,0.56,0.56,0.25,0.56,33756000.0,,,5603000.0,57241000.0,57241000.0,,56439000.0,802000.0,,15285000.0,2307000.0,278315000.0,96283000.0,,72454000.0,,,189625000.0,278315000.0,90997000.0,278315000.0,97128000.0,97128000.0,97128000.0
Federated Investors Inc,FII,R05X5UQ874RGFF7HHD84,1056288,2017.0,Q3YTD,2017-01-01,2017-09-30,,,1.58,1.58,0.75,1.58,95888000.0,181318000.0,,17545000.0,162927000.0,162927000.0,,159531000.0,3396000.0,,46064000.0,8141000.0,551111000.0,293103000.0,45482000.0,217226000.0,46701000.0,,573938000.0,824612000.0,258815000.0,824612000.0,97128000.0,97128000.0,97128000.0
Federated Investors Inc,FII,R05X5UQ874RGFF7HHD84,1056288,2017.0,Q3TTM,2016-10-01,2017-09-30,,,2.12,2.12,2.0,2.12,124180000.0,-390445000.0,,24817000.0,220156000.0,220156000.0,,215373000.0,4783000.0,,61096000.0,8840000.0,1694482000.0,407141000.0,-76041000.0,285966000.0,-113480000.0,,779020000.0,1114516000.0,344336000.0,1114516000.0,97128000.0,97128000.0,97128000.0
Federated Investors Inc,FII,R05X5UQ874RGFF7HHD84,1056288,2017.0,Q2,2017-04-01,2017-06-30,2018-07-27 16:22:58+00:00,,0.53,0.53,0.25,0.53,32274000.0,,,6053000.0,54659000.0,54659000.0,,53451000.0,1208000.0,,15202000.0,2722000.0,272796000.0,95960000.0,,71370000.0,,,188585000.0,272796000.0,86933000.0,272796000.0,97581000.0,97581000.0,97581000.0
Federated Investors Inc,FII,R05X5UQ874RGFF7HHD84,1056288,2017.0,Q2YTD,2017-01-01,2017-06-30,,,1.02,1.02,0.5,1.02,62132000.0,181318000.0,,11942000.0,105686000.0,105686000.0,,103092000.0,2594000.0,,30779000.0,5834000.0,272796000.0,196820000.0,45482000.0,144772000.0,46701000.0,,384313000.0,546297000.0,167818000.0,546297000.0,97581000.0,97581000.0,97581000.0
Federated Investors Inc,FII,R05X5UQ874RGFF7HHD84,1056288,2017.0,Q2TTM,2016-07-01,2017-06-30,,,2.1,2.1,2.0,2.1,123021000.0,-193192000.0,,25750000.0,221823000.0,221823000.0,,213859000.0,7964000.0,,60234000.0,9402000.0,1416167000.0,420152000.0,-32251000.0,289243000.0,-59903000.0,,795379000.0,1130821000.0,344844000.0,1130821000.0,97581000.0,97581000.0,97581000.0
Federated Investors Inc,FII,R05X5UQ874RGFF7HHD84,1056288,2017.0,Q1,2017-01-01,2017-03-31,2018-04-27 16:28:55+00:00,,0.49,0.49,0.25,0.49,29858000.0,181318000.0,,5889000.0,51027000.0,51027000.0,,49641000.0,1386000.0,,15577000.0,3112000.0,,100860000.0,45482000.0,73402000.0,46701000.0,,195728000.0,273501000.0,80885000.0,273501000.0,97863000.0,97863000.0,97863000.0
Federated Investors Inc,FII,R05X5UQ874RGFF7HHD84,1056288,2017.0,Q1TTM,2016-04-01,2017-03-31,,,2.08,2.08,2.0,2.08,122082000.0,-529000.0,,27291000.0,223582000.0,223582000.0,,213117000.0,10465000.0,,59474000.0,6763000.0,1143371000.0,425999000.0,8693000.0,293098000.0,-6772000.0,,805862000.0,1144763000.0,345664000.0,1144763000.0,97863000.0,97863000.0,97863000.0
Federated Investors Inc,FII,R05X5UQ874RGFF7HHD84,1056288,2018.0,FY,2018-01-01,2018-12-31,2020-02-21 16:07:15+00:00,,2.18,2.18,1.06,2.18,73875000.0,,,31735000.0,222299000.0,222299000.0,,220297000.0,2002000.0,,74547000.0,-34106000.0,1135677000.0,344350000.0,,354765000.0,,,805397000.0,1135677000.0,296174000.0,1135677000.0,96949000.0,96949000.0,96949000.0
Federated Investors Inc,FII,R05X5UQ874RGFF7HHD84,1056288,2018.0,Q4,2018-10-01,2018-12-31,,,0.61,0.61,0.27,0.61,20162000.0,,,9802000.0,61632000.0,61632000.0,,61536000.0,96000.0,,21912000.0,-6160000.0,307216000.0,88396000.0,,99152000.0,,,219262000.0,307216000.0,81794000.0,307216000.0,96949000.0,96949000.0,96949000.0
Federated Investors Inc,FII,R05X5UQ874RGFF7HHD84,1056288,2018.0,Q3,2018-07-01,2018-09-30,2019-11-01 16:04:16+00:00,,0.59,0.59,0.27,0.59,21741000.0,,,9124000.0,61994000.0,61994000.0,,59608000.0,2386000.0,,21545000.0,1837000.0,308616000.0,92957000.0,,103092000.0,,,226718000.0,308616000.0,83735000.0,308616000.0,96664000.0,96664000.0,96664000.0
Federated Investors Inc,FII,R05X5UQ874RGFF7HHD84,1056288,2018.0,Q3YTD,2018-01-01,2018-09-30,,,1.57,1.57,0.79,1.57,53713000.0,,,21933000.0,160667000.0,160667000.0,,158761000.0,1906000.0,,52635000.0,-27946000.0,828461000.0,255954000.0,,255613000.0,,,586135000.0,828461000.0,214380000.0,828461000.0,96664000.0,96664000.0,96664000.0
Federated Investors Inc,FII,R05X5UQ874RGFF7HHD84,1056288,2018.0,Q3TTM,2017-10-01,2018-09-30,,,2.86,2.86,1.04,2.86,14926000.0,-181318000.0,,28200000.0,292641000.0,292641000.0,,290571000.0,2070000.0,,67800000.0,-25593000.0,1380274000.0,350011000.0,-45482000.0,327602000.0,-46701000.0,,773613000.0,1106773000.0,307567000.0,1106773000.0,96664000.0,96664000.0,96664000.0
Federated Investors Inc,FII,R05X5UQ874RGFF7HHD84,1056288,2018.0,Q2,2018-04-01,2018-06-30,2019-07-31 16:27:57+00:00,,0.38,0.38,0.27,0.38,13062000.0,,,6760000.0,38667000.0,38667000.0,,38822000.0,-155000.0,,15116000.0,-29028000.0,255993000.0,79213000.0,,74147000.0,,,175236000.0,255993000.0,51729000.0,255993000.0,97193000.0,97193000.0,97193000.0
Federated Investors Inc,FII,R05X5UQ874RGFF7HHD84,1056288,2018.0,Q2YTD,2018-01-01,2018-06-30,,,0.98,0.98,0.52,0.98,31972000.0,,,12809000.0,98673000.0,98673000.0,,99153000.0,-480000.0,,31090000.0,-29783000.0,519845000.0,162997000.0,,152521000.0,,,359417000.0,519845000.0,130645000.0,519845000.0,97193000.0,97193000.0,97193000.0
Federated Investors Inc,FII,R05X5UQ874RGFF7HHD84,1056288,2018.0,Q2TTM,2017-07-01,2018-06-30,,,2.83,2.83,1.02,2.83,26941000.0,-181318000.0,,24679000.0,287888000.0,287888000.0,,287402000.0,486000.0,,61540000.0,-25123000.0,1349973000.0,353337000.0,-45482000.0,296964000.0,-46701000.0,,736520000.0,1076472000.0,314829000.0,1076472000.0,97193000.0,97193000.0,97193000.0
Federated Investors Inc,FII,R05X5UQ874RGFF7HHD84,1056288,2018.0,Q1,2018-01-01,2018-03-31,2019-05-01 16:24:05+00:00,,0.6,0.6,0.25,0.6,18910000.0,,,6049000.0,60006000.0,60006000.0,,60331000.0,-325000.0,,15974000.0,-755000.0,263852000.0,83784000.0,,78374000.0,,,184181000.0,263852000.0,78916000.0,263852000.0,97187000.0,97187000.0,97187000.0
Federated Investors Inc,FII,R05X5UQ874RGFF7HHD84,1056288,2018.0,Q1TTM,2017-04-01,2018-03-31,,,2.98,2.98,1.0,2.98,46153000.0,-181318000.0,,23972000.0,303880000.0,303880000.0,,302031000.0,1849000.0,,61626000.0,6627000.0,1366776000.0,370084000.0,-45482000.0,294187000.0,-46701000.0,,749869000.0,1093275000.0,350033000.0,1093275000.0,97187000.0,97187000.0,97187000.0
Federated Investors Inc,FII,R05X5UQ874RGFF7HHD84,1056288,2019.0,Q4,2019-10-01,2019-12-31,,,0.81,0.81,0.27,0.81,26582000.0,,,8965000.0,85089000.0,85089000.0,,82107000.0,2982000.0,,26373000.0,8880000.0,358025000.0,108460000.0,,111436000.0,,,255234000.0,358025000.0,111671000.0,358025000.0,97259000.0,97259000.0,97259000.0
Federated Investors Inc,FII,R05X5UQ874RGFF7HHD84,1056288,2019.0,FY,2019-01-01,2019-12-31,2020-02-21 16:07:15+00:00,,2.69,2.69,1.08,2.69,88146000.0,,,34419000.0,277125000.0,277125000.0,,272339000.0,4786000.0,,97914000.0,17344000.0,1326894000.0,404487000.0,,442147000.0,,,978967000.0,1326894000.0,365271000.0,1326894000.0,97259000.0,97259000.0,97259000.0
Federated Investors Inc,FII,R05X5UQ874RGFF7HHD84,1056288,2019.0,Q3YTD,2019-01-01,2019-09-30,,,1.88,1.88,0.81,1.88,61564000.0,,,25454000.0,192036000.0,192036000.0,,190232000.0,1804000.0,,71541000.0,8464000.0,968869000.0,296027000.0,,330711000.0,,,723733000.0,968869000.0,253600000.0,968869000.0,97306000.0,97306000.0,97306000.0
Federated Investors Inc,FII,R05X5UQ874RGFF7HHD84,1056288,2019.0,Q3TTM,2018-10-01,2019-09-30,,,2.49,2.49,1.08,2.49,81726000.0,,,35256000.0,253668000.0,253668000.0,,251768000.0,1900000.0,,93453000.0,2304000.0,1276085000.0,384423000.0,,429863000.0,,,942995000.0,1276085000.0,335394000.0,1276085000.0,97306000.0,97306000.0,97306000.0
Federated Investors Inc,FII,R05X5UQ874RGFF7HHD84,1056288,2019.0,Q3,2019-07-01,2019-09-30,2019-11-01 16:04:16+00:00,,0.72,0.72,0.27,0.72,23191000.0,,,8260000.0,73585000.0,73585000.0,,72962000.0,623000.0,,24208000.0,7469000.0,340340000.0,106318000.0,,112247000.0,,,251033000.0,340340000.0,96776000.0,340340000.0,97306000.0,97306000.0,97306000.0
Federated Investors Inc,FII,R05X5UQ874RGFF7HHD84,1056288,2019.0,Q2YTD,2019-01-01,2019-06-30,,,1.16,1.16,0.54,1.16,38373000.0,,,17194000.0,118451000.0,118451000.0,,117270000.0,1181000.0,,47333000.0,995000.0,628529000.0,189709000.0,,218464000.0,,,472700000.0,628529000.0,156824000.0,628529000.0,97330000.0,97330000.0,97330000.0
Federated Investors Inc,FII,R05X5UQ874RGFF7HHD84,1056288,2019.0,Q2TTM,2018-07-01,2019-06-30,,,2.36,2.36,1.08,2.36,80276000.0,,,36120000.0,242077000.0,242077000.0,,238414000.0,3663000.0,,90790000.0,-3328000.0,1244361000.0,371062000.0,,420708000.0,,,918680000.0,1244361000.0,322353000.0,1244361000.0,97330000.0,97330000.0,97330000.0
Federated Investors Inc,FII,R05X5UQ874RGFF7HHD84,1056288,2019.0,Q2,2019-04-01,2019-06-30,2019-07-31 16:27:57+00:00,,0.62,0.62,0.27,0.62,20462000.0,,,9156000.0,63840000.0,63840000.0,,62724000.0,1116000.0,,23177000.0,-638000.0,321479000.0,96958000.0,,107248000.0,,,236539000.0,321479000.0,84302000.0,321479000.0,97330000.0,97330000.0,97330000.0
Federated Investors Inc,FII,R05X5UQ874RGFF7HHD84,1056288,2019.0,Q1,2019-01-01,2019-03-31,2020-05-06 16:17:43+00:00,,0.54,0.54,0.27,0.54,17911000.0,,,8038000.0,54611000.0,54611000.0,,54546000.0,65000.0,,24156000.0,1633000.0,307050000.0,92751000.0,,111216000.0,,,236161000.0,307050000.0,72522000.0,307050000.0,96994000.0,96994000.0,96994000.0
Federated Investors Inc,FII,R05X5UQ874RGFF7HHD84,1056288,2019.0,Q1TTM,2018-04-01,2019-03-31,,,2.12,2.12,1.08,2.12,72876000.0,,,33724000.0,216904000.0,216904000.0,,214512000.0,2392000.0,,82729000.0,-31718000.0,1178875000.0,353317000.0,,387607000.0,,,857377000.0,1178875000.0,289780000.0,1178875000.0,96994000.0,96994000.0,96994000.0
Federated Investors Inc,FII,R05X5UQ874RGFF7HHD84,1056288,2020.0,Q1TTM,2019-04-01,2020-03-31,,,2.78,2.78,1.08,2.78,92677000.0,,,34535000.0,285779000.0,285779000.0,,281971000.0,3808000.0,,100425000.0,8674000.0,1379027000.0,428019000.0,,446266000.0,,,1009245000.0,1379027000.0,378456000.0,1379027000.0,97345000.0,97345000.0,97345000.0
Federated Investors Inc,FII,R05X5UQ874RGFF7HHD84,1056288,2020.0,Q1,2020-01-01,2020-03-31,2020-05-06 16:17:43+00:00,,0.63,0.63,0.27,0.63,22442000.0,,,8154000.0,63265000.0,63265000.0,,64178000.0,-913000.0,,26667000.0,-7037000.0,359183000.0,116283000.0,,115335000.0,,,266439000.0,359183000.0,85707000.0,359183000.0,97345000.0,97345000.0,97345000.0
