company_name,company_ticker,company_lei,company_cik,year,quarter,start_date,end_date,filing_date,amortizationexpense,basicdilutedeps,basiceps,cashdividendspershare,depositsinterestexpense,dilutedeps,incometaxexpense,investmentsecuritiesinterestincome,loansandleaseinterestincome,longtermdebtinterestexpense,marketingexpense,netincome,netincomecontinuing,netincomediscontinued,netincometocommon,netincometononcontrollinginterest,netinterestincome,netoccupancyequipmentexpense,netrealizedcapitalgains,otherinterestincome,othernoninterestincome,otheroperatingexpenses,otherservicechargeincome,preferreddividends,propertyliabilityinsuranceclaims,provisionforcreditlosses,salariesandemployeebenefitsexpense,shorttermborrowinginterestexpense,totalinterestexpense,totalinterestincome,totalnoninterestexpense,totalnoninterestincome,totalpretaxincome,totalrevenue,tradingaccountinterestincome,trustfeeincome,weightedavebasicdilutedsharesos,weightedavebasicsharesos,weightedavedilutedsharesos
First Horizon National Corp,FHN,TF3RXI1ZB1TQ30H9JV10,36966,2008.0,FY,2008-01-01,2008-12-31,2011-02-25 17:24:28+00:00,8229000.0,-0.96,-0.96,,271302000.0,-0.96,-154405000.0,162306000.0,1305100000.0,250773000.0,,-177971000.0,-174437000.0,-3534000.0,-199400000.0,14016000.0,895082000.0,232919000.0,47091000.0,24694000.0,1001560000.0,427520000.0,206884000.0,7413000.0,14664000.0,1080000000.0,928982000.0,189568000.0,711643000.0,1606725000.0,1612314000.0,1468390000.0,-328842000.0,2363472000.0,114625000.0,212855000.0,207700000.0,206681000.0,206681000.0
First Horizon National Corp,FHN,TF3RXI1ZB1TQ30H9JV10,36966,2009.0,Q4,2009-10-01,2009-12-31,,-238000.0,-0.27,-0.27,,25634000.0,-0.27,-33882000.0,31796000.0,187093000.0,12955000.0,,-52844000.0,-40797000.0,-12047000.0,-70580000.0,2839000.0,189894000.0,37485000.0,-2615000.0,442000.0,162973000.0,191693000.0,44040000.0,14897000.0,8495000.0,135000000.0,140866000.0,2508000.0,41097000.0,230991000.0,378301000.0,248728000.0,-74679000.0,438622000.0,11660000.0,44330000.0,233600000.0,234431000.0,234431000.0
First Horizon National Corp,FHN,TF3RXI1ZB1TQ30H9JV10,36966,2009.0,FY,2009-01-01,2009-12-31,2012-02-28 16:17:50+00:00,4352000.0,-1.41,-1.41,,132464000.0,-1.41,-170716000.0,141853000.0,795559000.0,71052000.0,,-258435000.0,-235232000.0,-23203000.0,-329422000.0,11402000.0,776468000.0,157951000.0,-2882000.0,2365000.0,867543000.0,573071000.0,181003000.0,59585000.0,46272000.0,880000000.0,755167000.0,12955000.0,216471000.0,992939000.0,1536813000.0,1234397000.0,-405948000.0,2010865000.0,53162000.0,188733000.0,233600000.0,234431000.0,234431000.0
First Horizon National Corp,FHN,TF3RXI1ZB1TQ30H9JV10,36966,2009.0,Q3YTD,2009-01-01,2009-09-30,,4590000.0,-1.14,-1.14,,106830000.0,-1.14,-136834000.0,110057000.0,608466000.0,58097000.0,,-205591000.0,-194435000.0,-11156000.0,-258842000.0,8563000.0,586574000.0,120466000.0,-267000.0,1923000.0,704570000.0,381378000.0,136963000.0,44688000.0,37777000.0,745000000.0,614301000.0,10447000.0,175374000.0,761948000.0,1158512000.0,985669000.0,-331269000.0,1572243000.0,41502000.0,144403000.0,229800000.0,230285000.0,230285000.0
First Horizon National Corp,FHN,TF3RXI1ZB1TQ30H9JV10,36966,2009.0,Q3,2009-07-01,2009-09-30,2010-11-01 12:49:09+00:00,1445000.0,-0.23,-0.23,,28658000.0,-0.23,-15368000.0,33495000.0,190730000.0,14152000.0,,-35014000.0,-24814000.0,-10200000.0,-52859000.0,2969000.0,190901000.0,40295000.0,65000.0,355000.0,188254000.0,118953000.0,64736000.0,14876000.0,8796000.0,185000000.0,178734000.0,2649000.0,45459000.0,236360000.0,348223000.0,302140000.0,-40182000.0,493041000.0,11780000.0,49085000.0,229800000.0,230285000.0,230285000.0
First Horizon National Corp,FHN,TF3RXI1ZB1TQ30H9JV10,36966,2009.0,Q2YTD,2009-01-01,2009-06-30,,3145000.0,-0.91,-0.91,,78172000.0,-0.91,-121466000.0,76562000.0,417736000.0,43945000.0,,-170577000.0,-169621000.0,-956000.0,-205983000.0,5594000.0,395673000.0,80171000.0,-332000.0,1568000.0,516316000.0,262425000.0,72227000.0,29812000.0,28981000.0,560000000.0,435567000.0,7798000.0,129915000.0,525588000.0,810289000.0,683529000.0,-291087000.0,1079202000.0,29722000.0,95318000.0,228100000.0,226476000.0,226476000.0
First Horizon National Corp,FHN,TF3RXI1ZB1TQ30H9JV10,36966,2009.0,Q2,2009-04-01,2009-06-30,2010-08-05 14:18:32+00:00,1509000.0,-0.54,-0.54,,33997000.0,-0.54,-74043000.0,36460000.0,204265000.0,18877000.0,,-105482000.0,-105174000.0,-308000.0,-123182000.0,2844000.0,199086000.0,40482000.0,-330000.0,703000.0,194867000.0,145750000.0,40180000.0,14856000.0,21353000.0,260000000.0,193392000.0,3535000.0,56409000.0,255495000.0,402486000.0,284183000.0,-179217000.0,483269000.0,14067000.0,49466000.0,228100000.0,226476000.0,226476000.0
First Horizon National Corp,FHN,TF3RXI1ZB1TQ30H9JV10,36966,2009.0,Q1,2009-01-01,2009-03-31,2010-06-04 15:45:35+00:00,1636000.0,-0.37,-0.37,,44175000.0,-0.37,-47423000.0,40102000.0,213471000.0,25068000.0,,-65095000.0,-64447000.0,-648000.0,-82801000.0,2750000.0,196587000.0,39689000.0,-2000.0,865000.0,321449000.0,116675000.0,32047000.0,14956000.0,7628000.0,300000000.0,242175000.0,4263000.0,73506000.0,270093000.0,407803000.0,399346000.0,-111870000.0,595933000.0,15655000.0,45852000.0,223800000.0,223594000.0,223594000.0
First Horizon National Corp,FHN,TF3RXI1ZB1TQ30H9JV10,36966,2010.0,Q4,2010-10-01,2010-12-31,,956000.0,-0.21,-0.21,,21187000.0,-0.21,-6295000.0,27240000.0,178215000.0,11898000.0,,17308000.0,21334000.0,-4026000.0,-48685000.0,2839000.0,182236000.0,35901000.0,15681000.0,934000.0,110630000.0,116001000.0,36325000.0,63154000.0,9326000.0,45000000.0,162847000.0,1939000.0,35024000.0,217260000.0,325031000.0,202834000.0,15039000.0,385070000.0,10871000.0,40198000.0,231100000.0,235699000.0,235699000.0
First Horizon National Corp,FHN,TF3RXI1ZB1TQ30H9JV10,36966,2010.0,FY,2010-01-01,2010-12-31,2013-02-27 17:33:07+00:00,4149000.0,-0.25,-0.25,,91760000.0,-0.25,-21182000.0,114325000.0,716701000.0,50253000.0,,61603000.0,72935000.0,-11332000.0,-57769000.0,11402000.0,730838000.0,145260000.0,10922000.0,2876000.0,591398000.0,483256000.0,161555000.0,107970000.0,37138000.0,270000000.0,672007000.0,7435000.0,149448000.0,880286000.0,1341810000.0,932725000.0,51753000.0,1663563000.0,46384000.0,168850000.0,231100000.0,235699000.0,235699000.0
First Horizon National Corp,FHN,TF3RXI1ZB1TQ30H9JV10,36966,2010.0,Q3,2010-07-01,2010-09-30,2011-11-08 06:03:35+00:00,1037000.0,0.07,0.07,,22612000.0,0.07,3290000.0,26838000.0,181139000.0,12583000.0,,33710000.0,34068000.0,-358000.0,15875000.0,2875000.0,186143000.0,36089000.0,-2928000.0,839000.0,167136000.0,123455000.0,37803000.0,14960000.0,10123000.0,50000000.0,170786000.0,1827000.0,37022000.0,223165000.0,341490000.0,242705000.0,37358000.0,428848000.0,14349000.0,40694000.0,226800000.0,234638000.0,238867000.0
First Horizon National Corp,FHN,TF3RXI1ZB1TQ30H9JV10,36966,2010.0,Q3YTD,2010-01-01,2010-09-30,,3193000.0,-0.04,-0.04,,70573000.0,-0.04,-14887000.0,87085000.0,538486000.0,38355000.0,,44295000.0,51601000.0,-7306000.0,-9084000.0,8563000.0,548602000.0,109359000.0,-4759000.0,1942000.0,480768000.0,367255000.0,125230000.0,44816000.0,27812000.0,225000000.0,509160000.0,5496000.0,114424000.0,663026000.0,1016779000.0,729891000.0,36714000.0,1278493000.0,35513000.0,128652000.0,226800000.0,234638000.0,238867000.0
First Horizon National Corp,FHN,TF3RXI1ZB1TQ30H9JV10,36966,2010.0,Q3TTM,2009-10-01,2010-09-30,,2955000.0,-0.31,-0.31,,96207000.0,-0.31,-48769000.0,118881000.0,725579000.0,51310000.0,,-8549000.0,10804000.0,-19353000.0,-79664000.0,11402000.0,738496000.0,146844000.0,-7374000.0,2384000.0,643741000.0,558948000.0,169270000.0,59713000.0,36307000.0,360000000.0,650026000.0,8004000.0,155521000.0,894017000.0,1395080000.0,978619000.0,-37965000.0,1717115000.0,47173000.0,172982000.0,226800000.0,234638000.0,238867000.0
First Horizon National Corp,FHN,TF3RXI1ZB1TQ30H9JV10,36966,2010.0,Q2,2010-04-01,2010-06-30,2011-08-31 17:00:42+00:00,1078000.0,0.01,0.01,,24057000.0,0.01,-1659000.0,29092000.0,179037000.0,12497000.0,,20478000.0,20349000.0,129000.0,2696000.0,2844000.0,182064000.0,38249000.0,75000.0,786000.0,164177000.0,127407000.0,33817000.0,14938000.0,9196000.0,70000000.0,161381000.0,1747000.0,38301000.0,220365000.0,337311000.0,243937000.0,18690000.0,426001000.0,11450000.0,45868000.0,269600000.0,234556000.0,240968000.0
First Horizon National Corp,FHN,TF3RXI1ZB1TQ30H9JV10,36966,2010.0,Q2YTD,2010-01-01,2010-06-30,,2156000.0,-0.11,-0.11,,47961000.0,-0.11,-18177000.0,60247000.0,357347000.0,25772000.0,,10585000.0,17533000.0,-6948000.0,-24959000.0,5688000.0,362459000.0,73270000.0,-1831000.0,1103000.0,313632000.0,243800000.0,87427000.0,29856000.0,17689000.0,175000000.0,338374000.0,3669000.0,77402000.0,439861000.0,675289000.0,487186000.0,-644000.0,849645000.0,21164000.0,87958000.0,269600000.0,234556000.0,240968000.0
First Horizon National Corp,FHN,TF3RXI1ZB1TQ30H9JV10,36966,2010.0,Q2TTM,2009-07-01,2010-06-30,,3363000.0,-0.61,-0.61,,102253000.0,-0.61,-67427000.0,125538000.0,735170000.0,52879000.0,,-77273000.0,-48078000.0,-29195000.0,-148398000.0,11496000.0,743254000.0,151050000.0,-4381000.0,1900000.0,664859000.0,554446000.0,196203000.0,59629000.0,34980000.0,495000000.0,657974000.0,8826000.0,163958000.0,907212000.0,1401813000.0,1038054000.0,-115505000.0,1781308000.0,44604000.0,181373000.0,269600000.0,234556000.0,240968000.0
First Horizon National Corp,FHN,TF3RXI1ZB1TQ30H9JV10,36966,2010.0,Q1TTM,2009-04-01,2010-03-31,,3794000.0,-1.16,-1.16,,112193000.0,-1.16,-139811000.0,132906000.0,760398000.0,59259000.0,,-203233000.0,-173601000.0,-29632000.0,-274276000.0,11496000.0,760276000.0,153283000.0,-4786000.0,1817000.0,695549000.0,572789000.0,202566000.0,59547000.0,47137000.0,685000000.0,689985000.0,10614000.0,182066000.0,942342000.0,1466988000.0,1078300000.0,-313412000.0,1838576000.0,47221000.0,184971000.0,230500000.0,234469000.0,234469000.0
First Horizon National Corp,FHN,TF3RXI1ZB1TQ30H9JV10,36966,2010.0,Q1,2010-01-01,2010-03-31,2011-05-06 16:18:38+00:00,1078000.0,-0.12,-0.12,,23904000.0,-0.12,-16518000.0,31155000.0,178310000.0,13275000.0,,-9893000.0,-2816000.0,-7077000.0,-27655000.0,2844000.0,180395000.0,35021000.0,-1906000.0,317000.0,149455000.0,116393000.0,53610000.0,14918000.0,8493000.0,105000000.0,176993000.0,1922000.0,39101000.0,219496000.0,337978000.0,243249000.0,-19334000.0,423644000.0,9714000.0,42090000.0,230500000.0,234469000.0,234469000.0
First Horizon National Corp,FHN,TF3RXI1ZB1TQ30H9JV10,36966,2011.0,Q4,2011-10-01,2011-12-31,,1000000.0,0.13,0.13,,15857000.0,0.13,-526000.0,27657000.0,171519000.0,13541000.0,16884000.0,37811000.0,38563000.0,-752000.0,34940000.0,2871000.0,178877000.0,30517000.0,203000.0,181000.0,125379000.0,109118000.0,18443000.0,,5504000.0,10000000.0,149013000.0,1440000.0,30838000.0,209715000.0,312036000.0,181196000.0,38037000.0,360073000.0,10358000.0,37171000.0,262400000.0,260574000.0,262861000.0
First Horizon National Corp,FHN,TF3RXI1ZB1TQ30H9JV10,36966,2011.0,FY,2011-01-01,2011-12-31,2014-02-27 16:55:48+00:00,4016000.0,0.5,0.5,,72301000.0,0.5,15836000.0,118106000.0,670340000.0,53466000.0,16884000.0,142630000.0,134012000.0,8618000.0,131196000.0,11434000.0,700832000.0,136874000.0,36164000.0,800000.0,465492000.0,496694000.0,125348000.0,0.0,28302000.0,44000000.0,610225000.0,5838000.0,131605000.0,832437000.0,1292995000.0,786011000.0,149848000.0,1486843000.0,43191000.0,159007000.0,262400000.0,260574000.0,262861000.0
First Horizon National Corp,FHN,TF3RXI1ZB1TQ30H9JV10,36966,2011.0,Q3YTD,2011-01-01,2011-09-30,,3016000.0,0.37,0.37,,56444000.0,0.37,16362000.0,90449000.0,498821000.0,39925000.0,,104819000.0,95449000.0,9370000.0,96256000.0,8563000.0,521955000.0,106357000.0,35961000.0,619000.0,340113000.0,387576000.0,106905000.0,,22798000.0,34000000.0,461212000.0,4398000.0,100767000.0,622722000.0,980959000.0,604815000.0,111811000.0,1126770000.0,32833000.0,121836000.0,257900000.0,261284000.0,262803000.0
First Horizon National Corp,FHN,TF3RXI1ZB1TQ30H9JV10,36966,2011.0,Q3TTM,2010-10-01,2011-09-30,,3972000.0,0.16,0.16,,77631000.0,0.16,10067000.0,117689000.0,677036000.0,51823000.0,,122127000.0,116783000.0,5344000.0,47571000.0,11402000.0,704191000.0,142258000.0,51642000.0,1553000.0,450743000.0,503577000.0,143230000.0,63154000.0,32124000.0,79000000.0,624059000.0,6337000.0,135791000.0,839982000.0,1305990000.0,807649000.0,126850000.0,1511840000.0,43704000.0,162034000.0,257900000.0,261284000.0,262803000.0
First Horizon National Corp,FHN,TF3RXI1ZB1TQ30H9JV10,36966,2011.0,Q3,2011-07-01,2011-09-30,2012-11-08 16:07:57+00:00,1004000.0,0.14,0.14,,17847000.0,0.14,8367000.0,30007000.0,167466000.0,12784000.0,,38980000.0,34152000.0,4828000.0,36105000.0,2875000.0,176340000.0,34296000.0,35162000.0,122000.0,112308000.0,127964000.0,31630000.0,,5904000.0,32000000.0,153540000.0,1389000.0,32020000.0,208360000.0,322708000.0,220887000.0,42519000.0,397227000.0,10765000.0,41787000.0,257900000.0,261284000.0,262803000.0
First Horizon National Corp,FHN,TF3RXI1ZB1TQ30H9JV10,36966,2011.0,Q2,2011-04-01,2011-06-30,2012-08-08 16:21:09+00:00,1006000.0,0.08,0.08,,19053000.0,0.08,-4167000.0,31250000.0,164195000.0,13376000.0,,22836000.0,19165000.0,3671000.0,19992000.0,2844000.0,172860000.0,35449000.0,1000.0,88000.0,110022000.0,148001000.0,36160000.0,,8839000.0,1000000.0,151160000.0,1468000.0,33897000.0,206757000.0,344455000.0,187593000.0,14998000.0,360453000.0,11224000.0,41410000.0,249900000.0,261289000.0,262756000.0
First Horizon National Corp,FHN,TF3RXI1ZB1TQ30H9JV10,36966,2011.0,Q2YTD,2011-01-01,2011-06-30,,2012000.0,0.23,0.23,,38597000.0,0.23,7995000.0,60442000.0,331355000.0,27141000.0,,65839000.0,61297000.0,4542000.0,60151000.0,5688000.0,345615000.0,72061000.0,799000.0,497000.0,227805000.0,259612000.0,75275000.0,,16894000.0,2000000.0,307672000.0,3009000.0,68747000.0,414362000.0,658251000.0,383928000.0,69292000.0,729543000.0,22068000.0,80049000.0,249900000.0,261289000.0,262756000.0
First Horizon National Corp,FHN,TF3RXI1ZB1TQ30H9JV10,36966,2011.0,Q2TTM,2010-07-01,2011-06-30,,4005000.0,0.09,0.09,,82396000.0,0.09,4990000.0,114520000.0,690709000.0,51622000.0,,116857000.0,116699000.0,158000.0,27341000.0,11402000.0,713994000.0,144051000.0,13552000.0,2270000.0,505571000.0,499068000.0,149403000.0,78114000.0,36343000.0,97000000.0,641305000.0,6775000.0,140793000.0,854787000.0,1324772000.0,829467000.0,121689000.0,1543461000.0,47288000.0,160941000.0,249900000.0,261289000.0,262756000.0
First Horizon National Corp,FHN,TF3RXI1ZB1TQ30H9JV10,36966,2011.0,Q1TTM,2010-04-01,2011-03-31,,4077000.0,0.02,0.02,,87400000.0,0.02,7498000.0,112362000.0,705551000.0,50743000.0,,114499000.0,117883000.0,-3384000.0,10045000.0,11402000.0,723198000.0,146851000.0,13626000.0,2968000.0,559726000.0,478474000.0,147060000.0,93052000.0,36700000.0,166000000.0,651526000.0,7054000.0,145197000.0,868395000.0,1317628000.0,885811000.0,125381000.0,1609009000.0,47514000.0,165399000.0,267700000.0,261174000.0,265556000.0
First Horizon National Corp,FHN,TF3RXI1ZB1TQ30H9JV10,36966,2011.0,Q1,2011-01-01,2011-03-31,2012-05-08 16:24:31+00:00,1006000.0,0.15,0.15,,19544000.0,0.15,12162000.0,29192000.0,167160000.0,13765000.0,,43003000.0,42132000.0,871000.0,40159000.0,2844000.0,172755000.0,36612000.0,798000.0,409000.0,117783000.0,111611000.0,39115000.0,,8055000.0,1000000.0,156512000.0,1541000.0,34850000.0,207605000.0,313796000.0,196335000.0,54294000.0,369090000.0,10844000.0,38639000.0,267700000.0,261174000.0,265556000.0
First Horizon National Corp,FHN,TF3RXI1ZB1TQ30H9JV10,36966,2012.0,Q4,2012-10-01,2012-12-31,,979000.0,0.17,0.17,,12249000.0,0.17,-12914000.0,22037000.0,165780000.0,12024000.0,17439000.0,43582000.0,43594000.0,-12000.0,40681000.0,2901000.0,170598000.0,28396000.0,-4700000.0,469000.0,99575000.0,55435000.0,14637000.0,,7299000.0,15000000.0,161813000.0,1328000.0,25601000.0,196199000.0,271361000.0,146443000.0,30680000.0,317041000.0,7913000.0,36931000.0,252400000.0,248349000.0,248349000.0
First Horizon National Corp,FHN,TF3RXI1ZB1TQ30H9JV10,36966,2012.0,FY,2012-01-01,2012-12-31,2015-02-24 17:32:49+00:00,3910000.0,-0.11,-0.11,,55216000.0,-0.11,-85262000.0,98450000.0,663461000.0,49784000.0,17439000.0,-16295000.0,-16443000.0,148000.0,-27759000.0,11464000.0,688667000.0,115702000.0,893000.0,1679000.0,405607000.0,577825000.0,120342000.0,0.0,27968000.0,78000000.0,640857000.0,5286000.0,110286000.0,798953000.0,1383701000.0,671329000.0,-101705000.0,1359996000.0,35363000.0,144487000.0,252400000.0,248349000.0,248349000.0
First Horizon National Corp,FHN,TF3RXI1ZB1TQ30H9JV10,36966,2012.0,Q3YTD,2012-01-01,2012-09-30,,2931000.0,-0.28,-0.28,,42967000.0,-0.28,-72348000.0,76413000.0,497681000.0,37760000.0,,-59877000.0,-60037000.0,160000.0,-68440000.0,8563000.0,518069000.0,87306000.0,5593000.0,1210000.0,306032000.0,522390000.0,105705000.0,,20669000.0,63000000.0,479044000.0,3958000.0,84685000.0,602754000.0,1112340000.0,524886000.0,-132385000.0,1042955000.0,27450000.0,107556000.0,258100000.0,246628000.0,248306000.0
First Horizon National Corp,FHN,TF3RXI1ZB1TQ30H9JV10,36966,2012.0,Q3TTM,2011-10-01,2012-09-30,,3931000.0,-0.15,-0.15,,58824000.0,-0.15,-72874000.0,104070000.0,669200000.0,51301000.0,16884000.0,-22066000.0,-21474000.0,-592000.0,-33500000.0,11434000.0,696946000.0,117823000.0,5796000.0,1391000.0,431411000.0,631508000.0,124148000.0,,26173000.0,73000000.0,628057000.0,5398000.0,115523000.0,812469000.0,1424376000.0,706082000.0,-94348000.0,1403028000.0,37808000.0,144727000.0,258100000.0,246628000.0,248306000.0
First Horizon National Corp,FHN,TF3RXI1ZB1TQ30H9JV10,36966,2012.0,Q3,2012-07-01,2012-09-30,2013-11-07 16:03:27+00:00,979000.0,0.1,0.1,,13363000.0,0.1,5260000.0,24136000.0,167621000.0,12245000.0,,28682000.0,28574000.0,108000.0,25807000.0,2875000.0,173465000.0,29692000.0,0.0,367000.0,91146000.0,70996000.0,35985000.0,0.0,7532000.0,40000000.0,153970000.0,1443000.0,27051000.0,200516000.0,263169000.0,163538000.0,33834000.0,337003000.0,8392000.0,36407000.0,258100000.0,246628000.0,248306000.0
First Horizon National Corp,FHN,TF3RXI1ZB1TQ30H9JV10,36966,2012.0,Q2YTD,2012-01-01,2012-06-30,,1952000.0,-0.38,-0.38,,29604000.0,-0.38,-77608000.0,52277000.0,330060000.0,25515000.0,,-88559000.0,-88611000.0,52000.0,-94247000.0,5688000.0,344604000.0,57614000.0,5593000.0,843000.0,214886000.0,451394000.0,69720000.0,,13137000.0,23000000.0,325074000.0,2515000.0,57634000.0,402238000.0,849171000.0,361348000.0,-166219000.0,705952000.0,19058000.0,71149000.0,249500000.0,249104000.0,249104000.0
First Horizon National Corp,FHN,TF3RXI1ZB1TQ30H9JV10,36966,2012.0,Q2TTM,2011-07-01,2012-06-30,,3956000.0,-0.11,-0.11,,63308000.0,-0.11,-69767000.0,109941000.0,669045000.0,51840000.0,16884000.0,-11768000.0,-15896000.0,4128000.0,-23202000.0,11434000.0,699821000.0,122427000.0,40958000.0,1146000.0,452573000.0,688476000.0,119793000.0,,24545000.0,65000000.0,627627000.0,5344000.0,120492000.0,820313000.0,1483915000.0,763431000.0,-85663000.0,1463252000.0,40181000.0,150107000.0,249500000.0,249104000.0,249104000.0
First Horizon National Corp,FHN,TF3RXI1ZB1TQ30H9JV10,36966,2012.0,Q2,2012-04-01,2012-06-30,2013-08-07 17:11:27+00:00,979000.0,-0.5,-0.5,,14245000.0,-0.5,-88178000.0,25971000.0,164745000.0,12665000.0,,-121930000.0,-122417000.0,487000.0,-124774000.0,2844000.0,172675000.0,28752000.0,5065000.0,397000.0,84802000.0,341029000.0,32440000.0,0.0,6801000.0,15000000.0,149616000.0,1150000.0,28060000.0,200735000.0,527177000.0,158907000.0,-210595000.0,331582000.0,9622000.0,36600000.0,249500000.0,249104000.0,249104000.0
First Horizon National Corp,FHN,TF3RXI1ZB1TQ30H9JV10,36966,2012.0,Q1TTM,2011-04-01,2012-03-31,,3983000.0,0.47,0.47,,68116000.0,0.47,14244000.0,115220000.0,668495000.0,52551000.0,16884000.0,132998000.0,125686000.0,7312000.0,121564000.0,11434000.0,700006000.0,129124000.0,35894000.0,837000.0,477793000.0,495448000.0,123513000.0,,26583000.0,51000000.0,629171000.0,5662000.0,126329000.0,826335000.0,1301193000.0,792117000.0,139930000.0,1492123000.0,41783000.0,154917000.0,254400000.0,253527000.0,255369000.0
First Horizon National Corp,FHN,TF3RXI1ZB1TQ30H9JV10,36966,2012.0,Q1,2012-01-01,2012-03-31,2013-05-08 17:24:03+00:00,973000.0,0.12,0.12,,15359000.0,0.12,10570000.0,26306000.0,165315000.0,12850000.0,,33371000.0,33806000.0,-435000.0,30527000.0,2844000.0,171929000.0,28862000.0,528000.0,446000.0,130084000.0,110365000.0,37280000.0,0.0,6336000.0,8000000.0,175458000.0,1365000.0,29574000.0,201503000.0,321994000.0,202441000.0,44376000.0,374370000.0,9436000.0,34549000.0,254400000.0,253527000.0,255369000.0
First Horizon National Corp,FHN,TF3RXI1ZB1TQ30H9JV10,36966,2013.0,Q4,2013-10-01,2013-12-31,,1128000.0,0.21,0.21,,8435000.0,0.21,-33813000.0,21345000.0,148666000.0,12344000.0,4685000.0,53888000.0,53894000.0,-6000.0,49404000.0,2934000.0,157135000.0,30346000.0,2179000.0,292000.0,67142000.0,89317000.0,29932000.0,1550000.0,4477000.0,15000000.0,127144000.0,1139000.0,21918000.0,179053000.0,257097000.0,135043000.0,20081000.0,292178000.0,8750000.0,35790000.0,237600000.0,237972000.0,239794000.0
First Horizon National Corp,FHN,TF3RXI1ZB1TQ30H9JV10,36966,2013.0,FY,2013-01-01,2013-12-31,2015-02-24 17:32:49+00:00,3912000.0,0.1,0.1,,40030000.0,0.1,-32169000.0,83787000.0,612692000.0,49945000.0,18239000.0,41067000.0,40519000.0,548000.0,23764000.0,11465000.0,637374000.0,117518000.0,1871000.0,1026000.0,322253000.0,469735000.0,119547000.0,5838000.0,20156000.0,55000000.0,529041000.0,4704000.0,94679000.0,732053000.0,1158601000.0,584577000.0,8350000.0,1221951000.0,34548000.0,140906000.0,237600000.0,237972000.0,239794000.0
First Horizon National Corp,FHN,TF3RXI1ZB1TQ30H9JV10,36966,2013.0,Q3YTD,2013-01-01,2013-09-30,,2784000.0,-0.11,-0.11,,31595000.0,-0.11,1644000.0,62442000.0,464026000.0,37601000.0,13554000.0,-12821000.0,-13375000.0,554000.0,-25640000.0,8531000.0,480239000.0,87172000.0,-308000.0,734000.0,255111000.0,380418000.0,89615000.0,4288000.0,15679000.0,40000000.0,401897000.0,3565000.0,72761000.0,553000000.0,901504000.0,449534000.0,-11731000.0,929773000.0,25798000.0,105116000.0,238800000.0,236895000.0,236895000.0
First Horizon National Corp,FHN,TF3RXI1ZB1TQ30H9JV10,36966,2013.0,Q3TTM,2012-10-01,2013-09-30,,3763000.0,0.06,0.06,,43844000.0,0.06,-11270000.0,84479000.0,629806000.0,49625000.0,30993000.0,30761000.0,30219000.0,542000.0,15041000.0,11432000.0,650837000.0,115568000.0,-5008000.0,1203000.0,354686000.0,435853000.0,104252000.0,4288000.0,22978000.0,55000000.0,563710000.0,4893000.0,98362000.0,749199000.0,1172865000.0,595977000.0,18949000.0,1246814000.0,33711000.0,142047000.0,238800000.0,236895000.0,236895000.0
First Horizon National Corp,FHN,TF3RXI1ZB1TQ30H9JV10,36966,2013.0,Q3,2013-07-01,2013-09-30,2014-11-06 16:03:28+00:00,928000.0,-0.45,-0.45,,9959000.0,-0.45,-31094000.0,20916000.0,152756000.0,12710000.0,5486000.0,-103026000.0,-103149000.0,123000.0,-107451000.0,2875000.0,158838000.0,30236000.0,19000.0,191000.0,82303000.0,260062000.0,32225000.0,1550000.0,4631000.0,10000000.0,132213000.0,1103000.0,23772000.0,182610000.0,433556000.0,150475000.0,-134243000.0,309313000.0,8747000.0,35928000.0,238800000.0,236895000.0,236895000.0
First Horizon National Corp,FHN,TF3RXI1ZB1TQ30H9JV10,36966,2013.0,Q2,2013-04-01,2013-06-30,2014-08-07 16:15:30+00:00,928000.0,0.17,0.17,,10316000.0,0.17,15008000.0,20664000.0,154483000.0,12500000.0,4121000.0,45236000.0,45235000.0,1000.0,40843000.0,2843000.0,160019000.0,28224000.0,-351000.0,74000.0,78800000.0,58598000.0,28979000.0,1550000.0,5037000.0,15000000.0,130500000.0,1156000.0,23972000.0,183991000.0,227408000.0,142632000.0,60243000.0,302651000.0,8770000.0,35204000.0,240300000.0,239248000.0,240891000.0
First Horizon National Corp,FHN,TF3RXI1ZB1TQ30H9JV10,36966,2013.0,Q2YTD,2013-01-01,2013-06-30,,1856000.0,0.34,0.34,,21636000.0,0.34,32738000.0,41526000.0,311270000.0,24891000.0,8068000.0,90205000.0,89774000.0,431000.0,81811000.0,5656000.0,321401000.0,56936000.0,-327000.0,543000.0,172808000.0,120356000.0,57390000.0,2738000.0,11048000.0,30000000.0,269684000.0,2462000.0,48989000.0,370390000.0,467948000.0,299059000.0,122512000.0,620460000.0,17051000.0,69188000.0,240300000.0,239248000.0,240891000.0
First Horizon National Corp,FHN,TF3RXI1ZB1TQ30H9JV10,36966,2013.0,Q2TTM,2012-07-01,2013-06-30,,3814000.0,0.61,0.61,,47248000.0,0.61,25084000.0,87699000.0,644671000.0,49160000.0,25507000.0,162469000.0,161942000.0,527000.0,148299000.0,11432000.0,665464000.0,115024000.0,-5027000.0,1379000.0,363529000.0,246787000.0,108012000.0,2738000.0,25879000.0,85000000.0,585467000.0,5233000.0,101641000.0,767105000.0,1002478000.0,609040000.0,187026000.0,1274504000.0,33356000.0,142526000.0,240300000.0,239248000.0,240891000.0
First Horizon National Corp,FHN,TF3RXI1ZB1TQ30H9JV10,36966,2013.0,Q1TTM,2012-04-01,2013-03-31,,3865000.0,-0.06,-0.06,,51177000.0,-0.06,-78102000.0,93006000.0,654933000.0,49325000.0,21386000.0,-4697000.0,-5710000.0,1013000.0,-17318000.0,11433000.0,678120000.0,115552000.0,389000.0,1702000.0,369531000.0,529218000.0,111473000.0,1188000.0,27643000.0,85000000.0,604583000.0,5227000.0,105729000.0,783849000.0,1302247000.0,625315000.0,-83812000.0,1303435000.0,34208000.0,143922000.0,241000000.0,240870000.0,242799000.0
First Horizon National Corp,FHN,TF3RXI1ZB1TQ30H9JV10,36966,2013.0,Q1,2013-01-01,2013-03-31,2014-05-08 16:07:54+00:00,928000.0,0.17,0.17,,11320000.0,0.17,17730000.0,20862000.0,156787000.0,12391000.0,3947000.0,44969000.0,44539000.0,430000.0,40968000.0,2813000.0,161382000.0,28712000.0,24000.0,469000.0,94008000.0,61758000.0,28411000.0,1188000.0,6011000.0,15000000.0,139184000.0,1306000.0,25017000.0,186399000.0,240540000.0,156427000.0,62269000.0,317809000.0,8281000.0,33984000.0,241000000.0,240870000.0,242799000.0
First Horizon National Corp,FHN,TF3RXI1ZB1TQ30H9JV10,36966,2014.0,FY,2014-01-01,2014-12-31,2017-02-27 17:18:09+00:00,4170000.0,0.92,0.92,0.2,26806000.0,0.91,84185000.0,93520000.0,582968000.0,49960000.0,18683000.0,234046000.0,234046000.0,,216319000.0,11527000.0,627718000.0,119229000.0,2872000.0,770000.0,216989000.0,179919000.0,190455000.0,6200000.0,32371000.0,27000000.0,478159000.0,4765000.0,81531000.0,709249000.0,832531000.0,550044000.0,318231000.0,1177762000.0,31991000.0,139728000.0,235100000.0,234997000.0,236735000.0
First Horizon National Corp,FHN,TF3RXI1ZB1TQ30H9JV10,36966,2014.0,Q4,2014-10-01,2014-12-31,,1225000.0,0.2,0.2,0.1,6102000.0,0.2,13699000.0,23284000.0,147239000.0,13096000.0,4077000.0,51640000.0,51640000.0,,47110000.0,2980000.0,159050000.0,28017000.0,,463000.0,-17460000.0,37482000.0,101075000.0,1550000.0,17979000.0,6000000.0,118529000.0,1200000.0,20398000.0,179448000.0,207309000.0,119598000.0,65339000.0,278648000.0,8462000.0,35983000.0,235100000.0,234997000.0,236735000.0
First Horizon National Corp,FHN,TF3RXI1ZB1TQ30H9JV10,36966,2014.0,Q3YTD,2014-01-01,2014-09-30,,2945000.0,0.72,0.72,0.1,20704000.0,0.71,70486000.0,70236000.0,435729000.0,36864000.0,14606000.0,182406000.0,182406000.0,,169209000.0,8547000.0,468668000.0,91212000.0,2872000.0,307000.0,234449000.0,142437000.0,89380000.0,4650000.0,14392000.0,21000000.0,359630000.0,3565000.0,61133000.0,529801000.0,625222000.0,430446000.0,252892000.0,899114000.0,23529000.0,103745000.0,230400000.0,235329000.0,236862000.0
First Horizon National Corp,FHN,TF3RXI1ZB1TQ30H9JV10,36966,2014.0,Q3TTM,2013-10-01,2014-09-30,,4073000.0,0.93,0.93,0.1,29139000.0,0.92,36673000.0,91581000.0,584395000.0,49208000.0,19291000.0,236294000.0,236300000.0,-6000.0,218613000.0,11481000.0,625803000.0,121558000.0,5051000.0,599000.0,301591000.0,231754000.0,119312000.0,6200000.0,18869000.0,36000000.0,486774000.0,4704000.0,83051000.0,708854000.0,882319000.0,565489000.0,272973000.0,1191292000.0,32279000.0,139535000.0,230400000.0,235329000.0,236862000.0
First Horizon National Corp,FHN,TF3RXI1ZB1TQ30H9JV10,36966,2014.0,Q3,2014-07-01,2014-09-30,2015-11-05 16:08:14+00:00,982000.0,0.2,0.2,0.05,5825000.0,0.19,16842000.0,23320000.0,147938000.0,12227000.0,4386000.0,50498000.0,50498000.0,,46073000.0,2875000.0,159541000.0,28599000.0,-862000.0,-137000.0,92695000.0,81575000.0,30657000.0,1550000.0,7732000.0,6000000.0,120742000.0,1265000.0,19317000.0,178858000.0,244016000.0,157815000.0,67340000.0,317356000.0,7737000.0,35325000.0,230400000.0,235329000.0,236862000.0
First Horizon National Corp,FHN,TF3RXI1ZB1TQ30H9JV10,36966,2014.0,Q2YTD,2014-01-01,2014-06-30,,1963000.0,0.52,0.52,0.05,14879000.0,0.52,53644000.0,46916000.0,287791000.0,24637000.0,10220000.0,131908000.0,131908000.0,,123136000.0,5672000.0,309127000.0,62613000.0,3734000.0,444000.0,141754000.0,60862000.0,58723000.0,3100000.0,6660000.0,15000000.0,238888000.0,2300000.0,41816000.0,350943000.0,381206000.0,272631000.0,185552000.0,581758000.0,15792000.0,68420000.0,234900000.0,235797000.0,237250000.0
First Horizon National Corp,FHN,TF3RXI1ZB1TQ30H9JV10,36966,2014.0,Q2TTM,2013-07-01,2014-06-30,,4019000.0,0.28,0.28,0.05,33273000.0,0.28,-11263000.0,89177000.0,589213000.0,49691000.0,20391000.0,82770000.0,82653000.0,117000.0,65089000.0,11481000.0,625100000.0,123195000.0,5932000.0,927000.0,291199000.0,410241000.0,120880000.0,6200000.0,15768000.0,40000000.0,498245000.0,4542000.0,87506000.0,712606000.0,1071859000.0,558149000.0,71390000.0,1183249000.0,33289000.0,140138000.0,234900000.0,235797000.0,237250000.0
First Horizon National Corp,FHN,TF3RXI1ZB1TQ30H9JV10,36966,2014.0,Q2,2014-04-01,2014-06-30,2015-08-05 16:08:16+00:00,981000.0,0.33,0.33,0.05,6893000.0,0.33,33578000.0,23716000.0,145919000.0,12503000.0,4312000.0,81929000.0,81929000.0,,77520000.0,2859000.0,156768000.0,28190000.0,-1923000.0,37000.0,59853000.0,7351000.0,33751000.0,1550000.0,2669000.0,5000000.0,119659000.0,1195000.0,20591000.0,177359000.0,163162000.0,126901000.0,115507000.0,283669000.0,7687000.0,35220000.0,234900000.0,235797000.0,237250000.0
First Horizon National Corp,FHN,TF3RXI1ZB1TQ30H9JV10,36966,2014.0,Q1TTM,2013-04-01,2014-03-31,,3966000.0,0.12,0.12,,36696000.0,0.12,-29833000.0,86125000.0,597777000.0,49688000.0,20200000.0,46077000.0,45959000.0,118000.0,28412000.0,11465000.0,628351000.0,123229000.0,7504000.0,964000.0,310146000.0,461488000.0,116108000.0,6200000.0,18136000.0,50000000.0,509086000.0,4503000.0,90887000.0,719238000.0,1136105000.0,573880000.0,16126000.0,1202231000.0,34372000.0,140122000.0,240100000.0,235183000.0,237401000.0
First Horizon National Corp,FHN,TF3RXI1ZB1TQ30H9JV10,36966,2014.0,Q1,2014-01-01,2014-03-31,2015-05-07 16:44:04+00:00,982000.0,0.19,0.19,,7986000.0,0.19,20066000.0,23200000.0,141872000.0,12134000.0,5908000.0,49979000.0,49979000.0,,45616000.0,2813000.0,152359000.0,34423000.0,5657000.0,407000.0,81901000.0,53511000.0,24972000.0,1550000.0,3991000.0,10000000.0,119229000.0,1105000.0,21225000.0,173584000.0,218044000.0,145730000.0,70045000.0,298089000.0,8105000.0,33200000.0,240100000.0,235183000.0,237401000.0
First Horizon National Corp,FHN,TF3RXI1ZB1TQ30H9JV10,36966,2015.0,FY,2015-01-01,2015-12-31,2018-02-28 17:29:27+00:00,5253000.0,0.34,0.34,0.24,25150000.0,0.34,10941000.0,93909000.0,605770000.0,54363000.0,19187000.0,97313000.0,97313000.0,,79679000.0,11434000.0,653720000.0,121242000.0,1378000.0,1652000.0,246063000.0,362162000.0,129464000.0,6200000.0,34314000.0,9000000.0,511633000.0,3172000.0,82685000.0,736405000.0,1053791000.0,517325000.0,108254000.0,1171045000.0,35074000.0,140420000.0,234400000.0,234189000.0,236266000.0
First Horizon National Corp,FHN,TF3RXI1ZB1TQ30H9JV10,36966,2015.0,Q4,2015-10-01,2015-12-31,,1359000.0,0.2,0.2,0.06,6455000.0,0.2,2715000.0,24356000.0,153883000.0,13777000.0,5273000.0,51429000.0,51429000.0,,47031000.0,2848000.0,166652000.0,32182000.0,1439000.0,415000.0,65411000.0,59227000.0,29558000.0,1550000.0,9699000.0,1000000.0,136000000.0,736000.0,20968000.0,187620000.0,243740000.0,132232000.0,54144000.0,298884000.0,8966000.0,35824000.0,234400000.0,234189000.0,236266000.0
First Horizon National Corp,FHN,TF3RXI1ZB1TQ30H9JV10,36966,2015.0,Q3,2015-07-01,2015-09-30,2016-11-07 16:08:37+00:00,1298000.0,0.25,0.25,0.06,5889000.0,0.25,8897000.0,23299000.0,151866000.0,13572000.0,4832000.0,63332000.0,63332000.0,,58805000.0,2977000.0,163562000.0,30505000.0,-345000.0,466000.0,55939000.0,54427000.0,34008000.0,1550000.0,8155000.0,1000000.0,116219000.0,664000.0,20125000.0,183687000.0,215436000.0,125103000.0,72229000.0,288665000.0,8056000.0,35501000.0,235200000.0,233111000.0,235058000.0
First Horizon National Corp,FHN,TF3RXI1ZB1TQ30H9JV10,36966,2015.0,Q3YTD,2015-01-01,2015-09-30,,3894000.0,0.14,0.14,0.18,18695000.0,0.14,8226000.0,69553000.0,451887000.0,40586000.0,13914000.0,45884000.0,45884000.0,,32648000.0,8586000.0,487068000.0,89060000.0,-61000.0,1237000.0,180652000.0,302935000.0,99906000.0,4650000.0,24615000.0,8000000.0,375633000.0,2436000.0,61717000.0,548785000.0,810051000.0,385093000.0,54110000.0,872161000.0,26108000.0,104596000.0,235200000.0,233111000.0,235058000.0
First Horizon National Corp,FHN,TF3RXI1ZB1TQ30H9JV10,36966,2015.0,Q3TTM,2014-10-01,2015-09-30,,5119000.0,0.34,0.34,0.28,24797000.0,0.34,21925000.0,92837000.0,599126000.0,53682000.0,17991000.0,97524000.0,97524000.0,,79758000.0,11566000.0,646118000.0,117077000.0,-61000.0,1700000.0,163192000.0,340417000.0,200981000.0,6200000.0,42594000.0,14000000.0,494162000.0,3636000.0,82115000.0,728233000.0,1017360000.0,504691000.0,119449000.0,1150809000.0,34570000.0,140579000.0,235200000.0,233111000.0,235058000.0
First Horizon National Corp,FHN,TF3RXI1ZB1TQ30H9JV10,36966,2015.0,Q2,2015-04-01,2015-06-30,2016-08-08 16:08:40+00:00,1298000.0,0.22,0.22,0.06,6228000.0,0.22,21590000.0,23354000.0,154633000.0,13436000.0,4349000.0,54957000.0,54957000.0,,50556000.0,2851000.0,166640000.0,29780000.0,8000.0,92000.0,59632000.0,45536000.0,34815000.0,1550000.0,9461000.0,2000000.0,127970000.0,726000.0,20390000.0,187030000.0,218394000.0,130301000.0,76547000.0,296941000.0,8951000.0,35846000.0,229800000.0,232800000.0,234669000.0
First Horizon National Corp,FHN,TF3RXI1ZB1TQ30H9JV10,36966,2015.0,Q2YTD,2015-01-01,2015-06-30,,2596000.0,-0.11,-0.11,0.12,12806000.0,-0.11,-671000.0,46254000.0,300021000.0,27014000.0,9082000.0,-17448000.0,-17448000.0,,-26157000.0,5609000.0,323506000.0,58555000.0,284000.0,771000.0,124713000.0,248508000.0,65898000.0,3100000.0,16460000.0,7000000.0,259414000.0,1772000.0,41592000.0,365098000.0,594615000.0,259990000.0,-18119000.0,583496000.0,18052000.0,69095000.0,229800000.0,232800000.0,234669000.0
First Horizon National Corp,FHN,TF3RXI1ZB1TQ30H9JV10,36966,2015.0,Q2TTM,2014-07-01,2015-06-30,,4803000.0,0.29,0.29,0.27,24733000.0,0.28,29870000.0,92858000.0,595198000.0,52337000.0,17545000.0,84690000.0,84690000.0,,67026000.0,11464000.0,642097000.0,115171000.0,-578000.0,1097000.0,199948000.0,367565000.0,197630000.0,6200000.0,42171000.0,19000000.0,498685000.0,4237000.0,81307000.0,723404000.0,1045940000.0,537403000.0,114560000.0,1179500000.0,34251000.0,140403000.0,229800000.0,232800000.0,234669000.0
First Horizon National Corp,FHN,TF3RXI1ZB1TQ30H9JV10,36966,2015.0,Q1,2015-01-01,2015-03-31,2016-05-06 16:09:02+00:00,1298000.0,-0.33,-0.33,0.06,6578000.0,-0.33,-22261000.0,22900000.0,145388000.0,13578000.0,4733000.0,-72405000.0,-72405000.0,,-76713000.0,2758000.0,156866000.0,28775000.0,276000.0,679000.0,65081000.0,202972000.0,31083000.0,1550000.0,6999000.0,5000000.0,131444000.0,1046000.0,21202000.0,178068000.0,376221000.0,129689000.0,-94666000.0,286555000.0,9101000.0,33249000.0,232500000.0,232816000.0,232816000.0
First Horizon National Corp,FHN,TF3RXI1ZB1TQ30H9JV10,36966,2015.0,Q1TTM,2014-04-01,2015-03-31,,4486000.0,0.4,0.4,0.26,25398000.0,0.39,41858000.0,93220000.0,586484000.0,51404000.0,17508000.0,111662000.0,111662000.0,,93990000.0,11472000.0,632225000.0,113581000.0,-2509000.0,1042000.0,200169000.0,329380000.0,196566000.0,6200000.0,35379000.0,22000000.0,490374000.0,4706000.0,81508000.0,713733000.0,990708000.0,534003000.0,153520000.0,1166228000.0,32987000.0,139777000.0,232500000.0,232816000.0,232816000.0
First Horizon National Corp,FHN,TF3RXI1ZB1TQ30H9JV10,36966,2016.0,FY,2016-01-01,2016-12-31,2019-02-27 18:24:51+00:00,5198000.0,0.95,0.95,0.28,39986000.0,0.94,106810000.0,128239000.0,685423000.0,44103000.0,21612000.0,238511000.0,238511000.0,,220846000.0,11465000.0,729084000.0,120117000.0,1341000.0,4247000.0,283248000.0,171343000.0,131572000.0,6200000.0,43143000.0,11000000.0,563791000.0,4736000.0,88825000.0,817909000.0,925204000.0,552441000.0,345321000.0,1281525000.0,,136280000.0,232500000.0,232700000.0,235292000.0
First Horizon National Corp,FHN,TF3RXI1ZB1TQ30H9JV10,36966,2016.0,Q4,2016-10-01,2016-12-31,,1300000.0,0.24,0.24,0.07,11996000.0,0.23,24008000.0,55565000.0,186003000.0,11199000.0,6093000.0,57723000.0,57723000.0,,53294000.0,2879000.0,195551000.0,31690000.0,-132000.0,893000.0,55481000.0,48514000.0,34171000.0,1550000.0,12133000.0,,138167000.0,1151000.0,24346000.0,219897000.0,237897000.0,124077000.0,81731000.0,319628000.0,-22564000.0,34557000.0,232500000.0,232700000.0,235292000.0
First Horizon National Corp,FHN,TF3RXI1ZB1TQ30H9JV10,36966,2016.0,Q3,2016-07-01,2016-09-30,2017-11-07 16:08:33+00:00,1299000.0,0.27,0.27,0.07,10027000.0,0.27,28547000.0,23852000.0,175484000.0,10496000.0,6065000.0,67635000.0,67635000.0,,63202000.0,2883000.0,185195000.0,29325000.0,-200000.0,843000.0,75745000.0,41295000.0,38894000.0,1550000.0,10471000.0,4000000.0,145103000.0,1254000.0,21777000.0,206972000.0,233558000.0,148545000.0,96182000.0,333740000.0,6793000.0,34106000.0,234100000.0,231856000.0,234092000.0
First Horizon National Corp,FHN,TF3RXI1ZB1TQ30H9JV10,36966,2016.0,Q3YTD,2016-01-01,2016-09-30,,3898000.0,0.71,0.71,0.21,27990000.0,0.71,82802000.0,72674000.0,499420000.0,32904000.0,15519000.0,180788000.0,180788000.0,,167552000.0,8586000.0,533533000.0,88427000.0,1473000.0,3354000.0,227767000.0,122829000.0,97401000.0,4650000.0,31010000.0,11000000.0,425624000.0,3585000.0,64479000.0,598012000.0,687307000.0,428364000.0,263590000.0,961897000.0,22564000.0,101723000.0,234100000.0,231856000.0,234092000.0
First Horizon National Corp,FHN,TF3RXI1ZB1TQ30H9JV10,36966,2016.0,Q3TTM,2015-10-01,2016-09-30,,5257000.0,0.91,0.91,0.27,34445000.0,0.91,85517000.0,97030000.0,653303000.0,46681000.0,20792000.0,232217000.0,232217000.0,,214583000.0,11434000.0,700185000.0,120609000.0,2912000.0,3769000.0,293178000.0,182056000.0,126959000.0,6200000.0,40709000.0,12000000.0,561624000.0,4321000.0,85447000.0,785632000.0,931047000.0,560596000.0,317734000.0,1260781000.0,31530000.0,137547000.0,234100000.0,231856000.0,234092000.0
First Horizon National Corp,FHN,TF3RXI1ZB1TQ30H9JV10,36966,2016.0,Q2,2016-04-01,2016-06-30,2017-08-08 16:04:30+00:00,1299000.0,0.24,0.24,0.07,9146000.0,0.24,30016000.0,24151000.0,164252000.0,10763000.0,4481000.0,60940000.0,60940000.0,,56538000.0,2852000.0,176264000.0,30439000.0,99000.0,953000.0,81656000.0,36494000.0,29544000.0,1550000.0,10739000.0,4000000.0,143370000.0,1203000.0,21112000.0,197376000.0,226822000.0,145514000.0,90956000.0,321778000.0,8020000.0,34215000.0,235600000.0,231573000.0,233576000.0
First Horizon National Corp,FHN,TF3RXI1ZB1TQ30H9JV10,36966,2016.0,Q2YTD,2016-01-01,2016-06-30,,2599000.0,0.44,0.44,0.14,17963000.0,0.44,54255000.0,48822000.0,323936000.0,22408000.0,9454000.0,113153000.0,113153000.0,,104350000.0,5703000.0,348338000.0,59102000.0,1673000.0,2511000.0,152022000.0,81534000.0,58507000.0,3100000.0,20539000.0,7000000.0,280521000.0,2331000.0,42702000.0,391040000.0,453749000.0,279819000.0,167408000.0,628157000.0,15771000.0,67617000.0,235600000.0,231573000.0,233576000.0
First Horizon National Corp,FHN,TF3RXI1ZB1TQ30H9JV10,36966,2016.0,Q2TTM,2015-07-01,2016-06-30,,5256000.0,0.89,0.89,0.26,30307000.0,0.89,65867000.0,96477000.0,629685000.0,49757000.0,19559000.0,227914000.0,227914000.0,,210186000.0,11528000.0,678552000.0,121789000.0,2767000.0,3392000.0,273372000.0,195188000.0,122073000.0,6200000.0,38393000.0,9000000.0,532740000.0,3731000.0,83795000.0,762347000.0,912925000.0,537154000.0,293781000.0,1215706000.0,32793000.0,138942000.0,235600000.0,231573000.0,233576000.0
First Horizon National Corp,FHN,TF3RXI1ZB1TQ30H9JV10,36966,2016.0,Q1,2016-01-01,2016-03-31,2017-05-08 17:03:15+00:00,1300000.0,0.2,0.2,0.07,8817000.0,0.2,24239000.0,24671000.0,159684000.0,11645000.0,4973000.0,52213000.0,52213000.0,,47812000.0,2851000.0,172074000.0,28663000.0,1574000.0,1558000.0,70366000.0,45040000.0,28963000.0,1550000.0,9800000.0,3000000.0,137151000.0,1128000.0,21590000.0,193664000.0,226927000.0,134305000.0,76452000.0,306379000.0,7751000.0,33402000.0,239100000.0,234651000.0,236666000.0
First Horizon National Corp,FHN,TF3RXI1ZB1TQ30H9JV10,36966,2016.0,Q1TTM,2015-04-01,2016-03-31,,5255000.0,0.87,0.87,0.25,27389000.0,0.87,57441000.0,95680000.0,620066000.0,52430000.0,19427000.0,221931000.0,221931000.0,,204204000.0,11527000.0,668928000.0,121130000.0,2676000.0,2531000.0,251348000.0,204230000.0,127344000.0,6200000.0,37115000.0,7000000.0,517340000.0,3254000.0,83073000.0,752001000.0,904497000.0,521941000.0,279372000.0,1190869000.0,33724000.0,140573000.0,239100000.0,234651000.0,236666000.0
First Horizon National Corp,FHN,TF3RXI1ZB1TQ30H9JV10,36966,2017.0,FY,2017-01-01,2017-12-31,2020-02-27 19:42:21+00:00,8728000.0,0.66,0.66,0.36,80111000.0,0.65,131892000.0,140601000.0,834323000.0,51505000.0,19214000.0,176980000.0,176980000.0,,159315000.0,11465000.0,842314000.0,128012000.0,592000.0,15006000.0,231749000.0,241348000.0,118866000.0,6200000.0,38894000.0,0.0,587465000.0,16000000.0,147616000.0,989930000.0,1023661000.0,490219000.0,308872000.0,1332533000.0,,139012000.0,241400000.0,241436000.0,244453000.0
First Horizon National Corp,FHN,TF3RXI1ZB1TQ30H9JV10,36966,2017.0,Q4,2017-10-01,2017-12-31,,3568000.0,-0.25,-0.25,0.09,24469000.0,-0.24,73989000.0,63274000.0,245143000.0,14369000.0,5313000.0,-48381000.0,-48381000.0,,-52841000.0,2910000.0,242088000.0,36036000.0,137000.0,3249000.0,59066000.0,114106000.0,36713000.0,1550000.0,10335000.0,3000000.0,177312000.0,6707000.0,45545000.0,287633000.0,346670000.0,133190000.0,25608000.0,375278000.0,-24033000.0,37274000.0,241400000.0,241436000.0,244453000.0
First Horizon National Corp,FHN,TF3RXI1ZB1TQ30H9JV10,36966,2017.0,Q3,2017-07-01,2017-09-30,2018-11-07 16:45:45+00:00,1964000.0,0.29,0.29,0.09,20270000.0,0.28,13596000.0,25706000.0,211343000.0,13060000.0,5205000.0,71769000.0,71769000.0,,67336000.0,2883000.0,209817000.0,31050000.0,6000.0,2834000.0,59297000.0,53153000.0,18150000.0,1550000.0,8114000.0,0.0,137383000.0,4998000.0,38328000.0,248145000.0,236869000.0,112417000.0,85365000.0,322234000.0,8262000.0,34964000.0,232200000.0,233749000.0,236340000.0
First Horizon National Corp,FHN,TF3RXI1ZB1TQ30H9JV10,36966,2017.0,Q3YTD,2017-01-01,2017-09-30,,5160000.0,0.91,0.91,0.27,55642000.0,0.89,57903000.0,77327000.0,589180000.0,37136000.0,13901000.0,225361000.0,225361000.0,,212156000.0,8555000.0,600226000.0,91976000.0,455000.0,11757000.0,172683000.0,127242000.0,82153000.0,4650000.0,28559000.0,-3000000.0,410153000.0,9293000.0,102071000.0,702297000.0,676991000.0,357029000.0,283264000.0,957255000.0,24033000.0,101738000.0,232200000.0,233749000.0,236340000.0
First Horizon National Corp,FHN,TF3RXI1ZB1TQ30H9JV10,36966,2017.0,Q3TTM,2016-10-01,2017-09-30,,6460000.0,1.15,1.15,0.34,67638000.0,1.12,81911000.0,132892000.0,775183000.0,48335000.0,19994000.0,283084000.0,283084000.0,,265450000.0,11434000.0,795777000.0,123666000.0,323000.0,12650000.0,228164000.0,175756000.0,116324000.0,6200000.0,40692000.0,-3000000.0,548320000.0,10444000.0,126417000.0,922194000.0,914888000.0,481106000.0,364995000.0,1276883000.0,1469000.0,136295000.0,232200000.0,233749000.0,236340000.0
First Horizon National Corp,FHN,TF3RXI1ZB1TQ30H9JV10,36966,2017.0,Q2,2017-04-01,2017-06-30,2018-08-07 16:10:58+00:00,1964000.0,0.39,0.39,0.09,19186000.0,0.38,17253000.0,25789000.0,196090000.0,12551000.0,4095000.0,95204000.0,95204000.0,,90802000.0,2852000.0,200701000.0,31360000.0,405000.0,4044000.0,59461000.0,32799000.0,32251000.0,1550000.0,9423000.0,-2000000.0,138276000.0,2903000.0,34640000.0,235341000.0,217917000.0,127673000.0,112457000.0,328374000.0,9418000.0,35556000.0,232800000.0,233482000.0,236263000.0
First Horizon National Corp,FHN,TF3RXI1ZB1TQ30H9JV10,36966,2017.0,Q2YTD,2017-01-01,2017-06-30,,3196000.0,0.62,0.62,0.18,35372000.0,0.61,44307000.0,51621000.0,377837000.0,24076000.0,8696000.0,153592000.0,153592000.0,,144820000.0,5672000.0,390409000.0,60926000.0,449000.0,8923000.0,113386000.0,74089000.0,64003000.0,3100000.0,20445000.0,-3000000.0,272770000.0,4295000.0,63743000.0,454152000.0,440122000.0,244612000.0,197899000.0,635021000.0,15771000.0,66774000.0,232800000.0,233482000.0,236263000.0
First Horizon National Corp,FHN,TF3RXI1ZB1TQ30H9JV10,36966,2017.0,Q2TTM,2016-07-01,2017-06-30,,5795000.0,1.13,1.13,0.32,57395000.0,1.11,96862000.0,131038000.0,739324000.0,45771000.0,20854000.0,278950000.0,278950000.0,,261316000.0,11434000.0,771155000.0,121941000.0,117000.0,10659000.0,244612000.0,163898000.0,137068000.0,6200000.0,43049000.0,1000000.0,556040000.0,6700000.0,109866000.0,881021000.0,911577000.0,517234000.0,375812000.0,1288389000.0,,135437000.0,232800000.0,233482000.0,236263000.0
First Horizon National Corp,FHN,TF3RXI1ZB1TQ30H9JV10,36966,2017.0,Q1,2017-01-01,2017-03-31,2018-05-08 16:09:43+00:00,1232000.0,0.23,0.23,0.09,16186000.0,0.23,27054000.0,25832000.0,181747000.0,11525000.0,4601000.0,58388000.0,58388000.0,,54018000.0,2820000.0,189708000.0,29566000.0,44000.0,4879000.0,53925000.0,41290000.0,31752000.0,1550000.0,11022000.0,-1000000.0,134494000.0,1392000.0,29103000.0,218811000.0,222205000.0,116939000.0,85442000.0,306647000.0,6353000.0,31218000.0,234900000.0,233076000.0,236855000.0
First Horizon National Corp,FHN,TF3RXI1ZB1TQ30H9JV10,36966,2017.0,Q1TTM,2016-04-01,2017-03-31,,5130000.0,0.98,0.98,0.3,47355000.0,0.97,109625000.0,129400000.0,707486000.0,43983000.0,21240000.0,244686000.0,244686000.0,,227052000.0,11434000.0,746718000.0,121020000.0,-189000.0,7568000.0,266807000.0,167593000.0,134361000.0,6200000.0,44365000.0,7000000.0,561134000.0,5000000.0,96338000.0,843056000.0,920482000.0,535075000.0,354311000.0,1281793000.0,-1398000.0,134096000.0,234900000.0,233076000.0,236855000.0
First Horizon National Corp,FHN,TF3RXI1ZB1TQ30H9JV10,36966,2018.0,FY,2018-01-01,2018-12-31,2020-02-27 19:42:21+00:00,25855000.0,1.66,1.66,0.48,216551000.0,1.65,157602000.0,189585000.0,1331578000.0,72406000.0,24752000.0,556507000.0,556507000.0,,538842000.0,11465000.0,1220317000.0,180421000.0,212948000.0,24858000.0,186837000.0,289954000.0,159916000.0,6200000.0,42791000.0,7000000.0,658223000.0,36747000.0,325704000.0,1546021000.0,1221996000.0,722788000.0,714109000.0,1943105000.0,,163087000.0,324600000.0,324375000.0,327445000.0
First Horizon National Corp,FHN,TF3RXI1ZB1TQ30H9JV10,36966,2018.0,Q4,2018-10-01,2018-12-31,,6461000.0,0.3,0.3,0.12,73679000.0,0.3,24049000.0,62447000.0,343762000.0,18162000.0,7718000.0,100805000.0,100805000.0,,96345000.0,2910000.0,302512000.0,43981000.0,-28000.0,9385000.0,44718000.0,58853000.0,33203000.0,1550000.0,8679000.0,6000000.0,156240000.0,6833000.0,98674000.0,401186000.0,281932000.0,110274000.0,124854000.0,412786000.0,-14408000.0,32381000.0,324600000.0,324375000.0,327445000.0
First Horizon National Corp,FHN,TF3RXI1ZB1TQ30H9JV10,36966,2018.0,Q3,2018-07-01,2018-09-30,2019-11-08 16:27:29+00:00,6460000.0,0.83,0.83,0.12,59090000.0,0.83,83925000.0,46652000.0,340977000.0,19117000.0,8365000.0,274716000.0,274716000.0,,270283000.0,2883000.0,305700000.0,42546000.0,212859000.0,6040000.0,49150000.0,61430000.0,43733000.0,1550000.0,10391000.0,2000000.0,164839000.0,9762000.0,87969000.0,393669000.0,294031000.0,348972000.0,358641000.0,654672000.0,,43230000.0,325600000.0,324406000.0,327252000.0
First Horizon National Corp,FHN,TF3RXI1ZB1TQ30H9JV10,36966,2018.0,Q3YTD,2018-01-01,2018-09-30,,19394000.0,1.36,1.36,0.36,142872000.0,1.35,133553000.0,127138000.0,987816000.0,54244000.0,17034000.0,455702000.0,455702000.0,,442497000.0,8555000.0,917805000.0,136440000.0,212976000.0,15473000.0,142119000.0,231101000.0,126713000.0,4650000.0,34112000.0,1000000.0,501983000.0,29914000.0,227030000.0,1144835000.0,940064000.0,612514000.0,589255000.0,1530319000.0,14408000.0,130706000.0,325600000.0,324406000.0,327252000.0
First Horizon National Corp,FHN,TF3RXI1ZB1TQ30H9JV10,36966,2018.0,Q3TTM,2017-10-01,2018-09-30,,22962000.0,1.11,1.11,0.45,167341000.0,1.11,207542000.0,190412000.0,1232959000.0,68613000.0,22347000.0,407321000.0,407321000.0,,389656000.0,11465000.0,1159893000.0,172476000.0,213113000.0,18722000.0,201185000.0,345207000.0,163426000.0,6200000.0,44447000.0,4000000.0,679295000.0,36621000.0,272575000.0,1432468000.0,1286734000.0,745704000.0,614863000.0,1905597000.0,-9625000.0,167980000.0,325600000.0,324406000.0,327252000.0
First Horizon National Corp,FHN,TF3RXI1ZB1TQ30H9JV10,36966,2018.0,Q2,2018-04-01,2018-06-30,2019-08-07 16:16:13+00:00,6460000.0,0.25,0.25,0.12,48749000.0,0.25,19697000.0,47508000.0,335202000.0,18020000.0,5070000.0,85992000.0,85992000.0,,81590000.0,2852000.0,310932000.0,47864000.0,31000.0,5101000.0,43470000.0,94722000.0,39809000.0,1550000.0,12762000.0,0.0,165890000.0,10110000.0,76879000.0,387811000.0,332768000.0,127525000.0,105689000.0,438457000.0,,44215000.0,326400000.0,325153000.0,328426000.0
First Horizon National Corp,FHN,TF3RXI1ZB1TQ30H9JV10,36966,2018.0,Q2YTD,2018-01-01,2018-06-30,,12934000.0,0.53,0.53,0.24,83782000.0,0.52,49628000.0,80486000.0,646839000.0,35127000.0,8669000.0,180986000.0,180986000.0,,172214000.0,5672000.0,612105000.0,93894000.0,117000.0,9433000.0,92969000.0,169671000.0,82980000.0,3100000.0,23721000.0,-1000000.0,337144000.0,20152000.0,139061000.0,751166000.0,646033000.0,263542000.0,230614000.0,875647000.0,14408000.0,87476000.0,326400000.0,325153000.0,328426000.0
First Horizon National Corp,FHN,TF3RXI1ZB1TQ30H9JV10,36966,2018.0,Q2TTM,2017-07-01,2018-06-30,,18466000.0,0.57,0.57,0.42,128521000.0,0.56,137213000.0,169466000.0,1103325000.0,62556000.0,19187000.0,204374000.0,204374000.0,,186709000.0,11465000.0,1064010000.0,160980000.0,260000.0,15516000.0,211332000.0,336930000.0,137843000.0,6200000.0,42170000.0,2000000.0,651839000.0,31857000.0,222934000.0,1286944000.0,1229572000.0,509149000.0,341587000.0,1573159000.0,-1363000.0,159714000.0,326400000.0,325153000.0,328426000.0
First Horizon National Corp,FHN,TF3RXI1ZB1TQ30H9JV10,36966,2018.0,Q1,2018-01-01,2018-03-31,2019-05-08 16:08:11+00:00,6474000.0,0.28,0.28,0.12,35033000.0,0.27,29931000.0,32978000.0,311637000.0,17107000.0,3599000.0,94994000.0,94994000.0,,90624000.0,2820000.0,301173000.0,46030000.0,86000.0,4332000.0,49499000.0,74949000.0,43171000.0,1550000.0,10959000.0,-1000000.0,171254000.0,10042000.0,62182000.0,363355000.0,313265000.0,136017000.0,124925000.0,437190000.0,14408000.0,43261000.0,323700000.0,326489000.0,330344000.0
First Horizon National Corp,FHN,TF3RXI1ZB1TQ30H9JV10,36966,2018.0,Q1TTM,2017-04-01,2018-03-31,,13970000.0,0.71,0.71,0.39,98958000.0,0.69,134769000.0,147747000.0,964213000.0,57087000.0,18212000.0,213586000.0,213586000.0,,195921000.0,11465000.0,953779000.0,144476000.0,634000.0,14459000.0,227323000.0,275007000.0,130285000.0,6200000.0,38831000.0,,624225000.0,24650000.0,180695000.0,1134474000.0,1114721000.0,509297000.0,348355000.0,1463076000.0,8055000.0,151055000.0,323700000.0,326489000.0,330344000.0
First Horizon National Corp,FHN,TF3RXI1ZB1TQ30H9JV10,36966,2019.0,Q4,2019-10-01,2019-12-31,,6206000.0,0.38,0.38,0.14,67413000.0,0.37,35970000.0,51739000.0,361074000.0,13478000.0,14897000.0,121283000.0,121283000.0,,116823000.0,2910000.0,311393000.0,39740000.0,-3000.0,4877000.0,86236000.0,79328000.0,56351000.0,1550000.0,8515000.0,10000000.0,178761000.0,11858000.0,92749000.0,404142000.0,327447000.0,183307000.0,157253000.0,494700000.0,-13548000.0,40723000.0,312700000.0,313637000.0,315657000.0
First Horizon National Corp,FHN,TF3RXI1ZB1TQ30H9JV10,36966,2019.0,FY,2019-01-01,2019-12-31,2020-02-27 19:42:21+00:00,24834000.0,1.39,1.39,0.56,307216000.0,1.38,133291000.0,167659000.0,1425569000.0,65765000.0,34359000.0,452373000.0,452373000.0,,434708000.0,11465000.0,1210187000.0,160275000.0,174000.0,31112000.0,297999000.0,280014000.0,194733000.0,6200000.0,36770000.0,47000000.0,695351000.0,41172000.0,414153000.0,1624340000.0,1231603000.0,654080000.0,585664000.0,1864267000.0,,161174000.0,312700000.0,313637000.0,315657000.0
First Horizon National Corp,FHN,TF3RXI1ZB1TQ30H9JV10,36966,2019.0,Q3YTD,2019-01-01,2019-09-30,,18628000.0,1.01,1.01,0.42,239803000.0,1.01,97321000.0,115920000.0,1064495000.0,52287000.0,19462000.0,331090000.0,331090000.0,,317885000.0,8555000.0,898794000.0,120535000.0,177000.0,26235000.0,211763000.0,200686000.0,138382000.0,4650000.0,28255000.0,37000000.0,516590000.0,29314000.0,321404000.0,1220198000.0,904156000.0,470773000.0,428411000.0,1369567000.0,13548000.0,120451000.0,312900000.0,311888000.0,313805000.0
First Horizon National Corp,FHN,TF3RXI1ZB1TQ30H9JV10,36966,2019.0,Q3TTM,2018-10-01,2019-09-30,,25089000.0,1.31,1.31,0.54,313482000.0,1.31,121370000.0,178367000.0,1408257000.0,70449000.0,27180000.0,431895000.0,431895000.0,,414230000.0,11465000.0,1201306000.0,164516000.0,149000.0,35620000.0,256481000.0,259539000.0,171585000.0,6200000.0,36934000.0,43000000.0,672830000.0,36147000.0,420078000.0,1621384000.0,1186088000.0,581047000.0,553265000.0,1782353000.0,-860000.0,152832000.0,312900000.0,311888000.0,313805000.0
First Horizon National Corp,FHN,TF3RXI1ZB1TQ30H9JV10,36966,2019.0,Q3,2019-07-01,2019-09-30,2019-11-08 16:27:29+00:00,6206000.0,0.35,0.35,0.14,78591000.0,0.35,35796000.0,39413000.0,362440000.0,16695000.0,6646000.0,113943000.0,113943000.0,,109510000.0,2883000.0,300676000.0,38718000.0,97000.0,5641000.0,82072000.0,78662000.0,48024000.0,1550000.0,10418000.0,15000000.0,167022000.0,11532000.0,106818000.0,407494000.0,307672000.0,171735000.0,149739000.0,472411000.0,,41542000.0,312900000.0,311888000.0,313805000.0
First Horizon National Corp,FHN,TF3RXI1ZB1TQ30H9JV10,36966,2019.0,Q2YTD,2019-01-01,2019-06-30,,12422000.0,0.66,0.66,0.28,161212000.0,0.66,61525000.0,76507000.0,702055000.0,35592000.0,12816000.0,217147000.0,217147000.0,,208375000.0,5672000.0,598118000.0,81817000.0,80000.0,20594000.0,129691000.0,122024000.0,90358000.0,3100000.0,17837000.0,22000000.0,349568000.0,17782000.0,214586000.0,812704000.0,596484000.0,299038000.0,278672000.0,897156000.0,13548000.0,78909000.0,312400000.0,314063000.0,315786000.0
First Horizon National Corp,FHN,TF3RXI1ZB1TQ30H9JV10,36966,2019.0,Q2TTM,2018-07-01,2019-06-30,,25343000.0,1.79,1.79,0.52,293981000.0,1.79,169499000.0,185606000.0,1386794000.0,72871000.0,28899000.0,592668000.0,592668000.0,,575003000.0,11465000.0,1206330000.0,168344000.0,212911000.0,36019000.0,223559000.0,242307000.0,167294000.0,6200000.0,36907000.0,30000000.0,670647000.0,34377000.0,401229000.0,1607559000.0,1172447000.0,758284000.0,762167000.0,1964614000.0,-860000.0,154520000.0,312400000.0,314063000.0,315786000.0
First Horizon National Corp,FHN,TF3RXI1ZB1TQ30H9JV10,36966,2019.0,Q2,2019-04-01,2019-06-30,2019-08-07 16:16:13+00:00,6206000.0,0.35,0.35,0.14,79002000.0,0.35,34467000.0,44533000.0,360240000.0,18439000.0,5574000.0,113742000.0,113742000.0,,109340000.0,2852000.0,303610000.0,40807000.0,49000.0,7316000.0,71540000.0,65431000.0,46142000.0,1550000.0,10733000.0,13000000.0,171643000.0,11038000.0,108479000.0,412089000.0,300394000.0,157993000.0,148209000.0,461603000.0,,40262000.0,312400000.0,314063000.0,315786000.0
First Horizon National Corp,FHN,TF3RXI1ZB1TQ30H9JV10,36966,2019.0,Q1,2019-01-01,2019-03-31,2019-05-08 16:08:11+00:00,6216000.0,0.31,0.31,0.14,82210000.0,0.31,27058000.0,31974000.0,341815000.0,17153000.0,7242000.0,103405000.0,103405000.0,,99035000.0,2820000.0,294508000.0,41010000.0,31000.0,13278000.0,58151000.0,56593000.0,44216000.0,1550000.0,7104000.0,9000000.0,177925000.0,6744000.0,106107000.0,400615000.0,296090000.0,141045000.0,130463000.0,435553000.0,13548000.0,38647000.0,319500000.0,317435000.0,319581000.0
First Horizon National Corp,FHN,TF3RXI1ZB1TQ30H9JV10,36966,2019.0,Q1TTM,2018-04-01,2019-03-31,,25597000.0,1.69,1.69,0.5,263728000.0,1.69,154729000.0,188581000.0,1361756000.0,72452000.0,28395000.0,564918000.0,564918000.0,,547253000.0,11465000.0,1213652000.0,175401000.0,212893000.0,33804000.0,195489000.0,271598000.0,160961000.0,6200000.0,38936000.0,17000000.0,664894000.0,33449000.0,369629000.0,1583281000.0,1204821000.0,727816000.0,719647000.0,1941468000.0,-860000.0,158473000.0,319500000.0,317435000.0,319581000.0
