company_name,company_ticker,company_lei,company_cik,year,quarter,start_date,end_date,filing_date,basicdilutedeps,basiceps,cashdividendspershare,dilutedeps,incometaxexpense,netincome,netincomecontinuing,netincomediscontinued,netincometocommon,netincometononcontrollinginterest,netrealizedcapitalgains,otherservicechargeincome,policyacquisitioncosts,preferreddividends,premiumsearned,propertyliabilityinsuranceclaims,totalnoninterestexpense,totalnoninterestincome,totalpretaxincome,totalrevenue,weightedavebasicdilutedsharesos,weightedavebasicsharesos,weightedavedilutedsharesos
Principal Financial Group Inc,PFG,CUMYEZJOAF02RYZ1JJ85,1126328,2007.0,FY,2007-01-01,2007-12-31,2010-02-17 14:28:25+00:00,3.12,3.12,,3.09,208100000.0,884500000.0,864300000.0,20200000.0,827300000.0,24200000.0,3637700000.0,2634700000.0,3398800000.0,33000000.0,4634100000.0,6435300000.0,9834100000.0,10906500000.0,1072400000.0,10906500000.0,265200000.0,265200000.0,267700000.0
Principal Financial Group Inc,PFG,CUMYEZJOAF02RYZ1JJ85,1126328,2008.0,FY,2008-01-01,2008-12-31,2011-02-16 12:48:23+00:00,1.64,1.64,,1.63,-4500000.0,465800000.0,465800000.0,,425100000.0,7700000.0,3300200000.0,2426500000.0,3254700000.0,33000000.0,4209200000.0,6219900000.0,9474600000.0,9935900000.0,461300000.0,9935900000.0,259300000.0,259300000.0,259300000.0
Principal Financial Group Inc,PFG,CUMYEZJOAF02RYZ1JJ85,1126328,2008.0,Q3,2008-07-01,2008-09-30,2009-11-04 12:01:41+00:00,0.35,0.35,,0.35,-2200000.0,108700000.0,108700000.0,,90100000.0,10400000.0,849100000.0,599000000.0,794100000.0,8200000.0,1049700000.0,1597200000.0,2391300000.0,2497800000.0,106500000.0,2497800000.0,257400000.0,257400000.0,257400000.0
Principal Financial Group Inc,PFG,CUMYEZJOAF02RYZ1JJ85,1126328,2008.0,Q2,2008-04-01,2008-06-30,2009-08-05 17:04:12+00:00,0.65,0.65,,0.64,29400000.0,183100000.0,183100000.0,,168300000.0,6500000.0,879400000.0,622500000.0,811600000.0,8300000.0,1156200000.0,1634000000.0,2445600000.0,2658100000.0,212500000.0,2658100000.0,258900000.0,258900000.0,263000000.0
Principal Financial Group Inc,PFG,CUMYEZJOAF02RYZ1JJ85,1126328,2009.0,FY,2009-01-01,2009-12-31,2012-02-15 11:19:22+00:00,1.98,1.98,,1.97,100100000.0,645700000.0,645700000.0,,589700000.0,23000000.0,3002500000.0,2096000000.0,2768800000.0,33000000.0,3750600000.0,5334500000.0,8103300000.0,8849100000.0,745800000.0,8849100000.0,297300000.0,297300000.0,297300000.0
Principal Financial Group Inc,PFG,CUMYEZJOAF02RYZ1JJ85,1126328,2009.0,Q4,2009-10-01,2009-12-31,,0.45,0.45,,0.45,14600000.0,154900000.0,154900000.0,,141900000.0,4700000.0,745700000.0,556600000.0,686400000.0,8300000.0,930100000.0,1376500000.0,2062900000.0,2232400000.0,169500000.0,2232400000.0,297300000.0,297300000.0,297300000.0
Principal Financial Group Inc,PFG,CUMYEZJOAF02RYZ1JJ85,1126328,2009.0,Q3YTD,2009-01-01,2009-09-30,,1.53,1.53,,1.52,85500000.0,490800000.0,490800000.0,,447800000.0,18300000.0,2256800000.0,1539400000.0,2082400000.0,24700000.0,2820500000.0,3958000000.0,6040400000.0,6616700000.0,576300000.0,6616700000.0,319100000.0,319100000.0,319100000.0
Principal Financial Group Inc,PFG,CUMYEZJOAF02RYZ1JJ85,1126328,2009.0,Q3,2009-07-01,2009-09-30,2010-11-03 16:22:00+00:00,0.58,0.58,,0.57,44100000.0,204200000.0,204200000.0,,184700000.0,11300000.0,786700000.0,550700000.0,704900000.0,8200000.0,932900000.0,1317100000.0,2022000000.0,2270300000.0,248300000.0,2270300000.0,319100000.0,319100000.0,319100000.0
Principal Financial Group Inc,PFG,CUMYEZJOAF02RYZ1JJ85,1126328,2009.0,Q2YTD,2009-01-01,2009-06-30,,0.95,0.95,,0.95,41400000.0,286600000.0,286600000.0,,263100000.0,7000000.0,1470100000.0,988700000.0,1377500000.0,16500000.0,1887600000.0,2640900000.0,4018400000.0,4346400000.0,328000000.0,4346400000.0,289900000.0,289900000.0,289900000.0
Principal Financial Group Inc,PFG,CUMYEZJOAF02RYZ1JJ85,1126328,2009.0,Q2,2009-04-01,2009-06-30,2010-08-04 14:32:42+00:00,0.52,0.52,,0.52,33900000.0,164000000.0,164000000.0,,150300000.0,5400000.0,704900000.0,515200000.0,625600000.0,8300000.0,937700000.0,1334300000.0,1959900000.0,2157800000.0,197900000.0,2157800000.0,289900000.0,289900000.0,289900000.0
Principal Financial Group Inc,PFG,CUMYEZJOAF02RYZ1JJ85,1126328,2009.0,Q1,2009-01-01,2009-03-31,2010-05-05 09:20:21+00:00,0.43,0.43,,0.43,7500000.0,122600000.0,122600000.0,,112800000.0,1600000.0,765200000.0,473500000.0,751900000.0,8200000.0,949900000.0,1306600000.0,2058500000.0,2188600000.0,130100000.0,2188600000.0,262300000.0,262300000.0,262300000.0
Principal Financial Group Inc,PFG,CUMYEZJOAF02RYZ1JJ85,1126328,2010.0,Q4,2010-10-01,2010-12-31,,-1.33,0.51,,0.5,26400000.0,181700000.0,181700000.0,,162900000.0,10500000.0,817900000.0,651200000.0,932300000.0,8300000.0,943000000.0,1271700000.0,2204000000.0,2412100000.0,208100000.0,2412100000.0,4845400000.0,320300000.0,320300000.0
Principal Financial Group Inc,PFG,CUMYEZJOAF02RYZ1JJ85,1126328,2010.0,FY,2010-01-01,2010-12-31,2013-02-13 09:53:04+00:00,0.13,1.97,,1.95,104900000.0,680800000.0,680800000.0,,629900000.0,17900000.0,3305600000.0,2337100000.0,3208200000.0,33000000.0,3555500000.0,5204300000.0,8412500000.0,9198200000.0,785700000.0,9198200000.0,4845400000.0,320300000.0,320300000.0
Principal Financial Group Inc,PFG,CUMYEZJOAF02RYZ1JJ85,1126328,2010.0,Q3YTD,2010-01-01,2010-09-30,,1.46,1.46,,1.45,78500000.0,499100000.0,499100000.0,,467000000.0,7400000.0,2487700000.0,1685900000.0,2275900000.0,24700000.0,2612500000.0,3932600000.0,6208500000.0,6786100000.0,577600000.0,6786100000.0,320700000.0,320700000.0,320700000.0
Principal Financial Group Inc,PFG,CUMYEZJOAF02RYZ1JJ85,1126328,2010.0,Q3TTM,2009-10-01,2010-09-30,,1.91,1.91,,1.9,93100000.0,654000000.0,654000000.0,,608900000.0,12100000.0,3233400000.0,2242500000.0,2962300000.0,33000000.0,3542600000.0,5309100000.0,8271400000.0,9018500000.0,747100000.0,9018500000.0,320700000.0,320700000.0,320700000.0
Principal Financial Group Inc,PFG,CUMYEZJOAF02RYZ1JJ85,1126328,2010.0,Q3,2010-07-01,2010-09-30,2011-11-02 09:57:03+00:00,0.44,0.44,,0.44,12200000.0,151300000.0,151300000.0,,142200000.0,900000.0,859600000.0,563500000.0,804700000.0,8200000.0,865400000.0,1320300000.0,2125000000.0,2288500000.0,163500000.0,2288500000.0,320700000.0,320700000.0,320700000.0
Principal Financial Group Inc,PFG,CUMYEZJOAF02RYZ1JJ85,1126328,2010.0,Q2YTD,2010-01-01,2010-06-30,,1.02,1.02,,1.01,66300000.0,347800000.0,347800000.0,,324800000.0,6500000.0,1628100000.0,1122400000.0,1471200000.0,16500000.0,1747100000.0,2612300000.0,4083500000.0,4497600000.0,414100000.0,4497600000.0,320100000.0,320100000.0,320100000.0
Principal Financial Group Inc,PFG,CUMYEZJOAF02RYZ1JJ85,1126328,2010.0,Q2TTM,2009-07-01,2010-06-30,,2.05,2.05,,2.03,125000000.0,706900000.0,706900000.0,,651400000.0,22500000.0,3160500000.0,2229700000.0,2862500000.0,33000000.0,3610100000.0,5305900000.0,8168400000.0,9000300000.0,831900000.0,9000300000.0,320100000.0,320100000.0,320100000.0
Principal Financial Group Inc,PFG,CUMYEZJOAF02RYZ1JJ85,1126328,2010.0,Q2,2010-04-01,2010-06-30,2011-08-03 11:23:18+00:00,0.42,0.42,,0.42,13600000.0,144200000.0,144200000.0,,134000000.0,1900000.0,810600000.0,554800000.0,738800000.0,8300000.0,868200000.0,1337000000.0,2075800000.0,2233600000.0,157800000.0,2233600000.0,320100000.0,320100000.0,320100000.0
Principal Financial Group Inc,PFG,CUMYEZJOAF02RYZ1JJ85,1126328,2010.0,Q1TTM,2009-04-01,2010-03-31,,2.15,2.15,,2.13,145300000.0,726700000.0,726700000.0,,667700000.0,26000000.0,3054800000.0,2190100000.0,2749300000.0,33000000.0,3679600000.0,5303200000.0,8052500000.0,8924500000.0,872000000.0,8924500000.0,319800000.0,319800000.0,319800000.0
Principal Financial Group Inc,PFG,CUMYEZJOAF02RYZ1JJ85,1126328,2010.0,Q1,2010-01-01,2010-03-31,2011-05-04 12:01:15+00:00,0.6,0.6,,0.59,52700000.0,203600000.0,203600000.0,,190800000.0,4600000.0,817500000.0,567600000.0,732400000.0,8200000.0,878900000.0,1275300000.0,2007700000.0,2264000000.0,256300000.0,2264000000.0,319800000.0,319800000.0,319800000.0
Principal Financial Group Inc,PFG,CUMYEZJOAF02RYZ1JJ85,1126328,2011.0,Q4,2011-10-01,2011-12-31,,1.95,0.44,0.7,0.45,8000000.0,142000000.0,142000000.0,,134100000.0,-400000.0,755400000.0,634100000.0,789900000.0,8300000.0,669300000.0,1118900000.0,1908800000.0,2058800000.0,150000000.0,2058800000.0,314500000.0,314500000.0,314500000.0
Principal Financial Group Inc,PFG,CUMYEZJOAF02RYZ1JJ85,1126328,2011.0,FY,2011-01-01,2011-12-31,2014-02-12 12:08:26+00:00,1.97,1.92,0.7,1.91,198300000.0,674500000.0,674500000.0,,605300000.0,36200000.0,3253000000.0,2526700000.0,3181300000.0,33000000.0,2891000000.0,4616600000.0,7797900000.0,8670700000.0,872800000.0,8670700000.0,314500000.0,314500000.0,314500000.0
Principal Financial Group Inc,PFG,CUMYEZJOAF02RYZ1JJ85,1126328,2011.0,Q3YTD,2011-01-01,2011-09-30,,0.02,1.48,,1.46,190300000.0,532500000.0,532500000.0,,471200000.0,36600000.0,2497600000.0,1892600000.0,2391400000.0,24700000.0,2221700000.0,3497700000.0,5889100000.0,6611900000.0,722800000.0,6611900000.0,3595000000.0,311900000.0,311900000.0
Principal Financial Group Inc,PFG,CUMYEZJOAF02RYZ1JJ85,1126328,2011.0,Q3TTM,2010-10-01,2011-09-30,,-1.31,1.99,,1.96,216700000.0,714200000.0,714200000.0,,634100000.0,47100000.0,3315500000.0,2543800000.0,3323700000.0,33000000.0,3164700000.0,4769400000.0,8093100000.0,9024000000.0,930900000.0,9024000000.0,3595000000.0,311900000.0,311900000.0
Principal Financial Group Inc,PFG,CUMYEZJOAF02RYZ1JJ85,1126328,2011.0,Q3,2011-07-01,2011-09-30,2012-10-31 11:36:34+00:00,0.02,0.23,,0.23,76600000.0,74500000.0,74500000.0,,71900000.0,-5600000.0,784500000.0,636400000.0,827600000.0,8200000.0,672700000.0,1114900000.0,1942500000.0,2093600000.0,151100000.0,2093600000.0,3595000000.0,311900000.0,311900000.0
Principal Financial Group Inc,PFG,CUMYEZJOAF02RYZ1JJ85,1126328,2011.0,Q2YTD,2011-01-01,2011-06-30,,,1.25,,1.23,113700000.0,458000000.0,458000000.0,,399300000.0,42200000.0,1713100000.0,1256200000.0,1563800000.0,16500000.0,1549000000.0,2382800000.0,3946600000.0,4518300000.0,571700000.0,4518300000.0,5432500000.0,320000000.0,320000000.0
Principal Financial Group Inc,PFG,CUMYEZJOAF02RYZ1JJ85,1126328,2011.0,Q2TTM,2010-07-01,2011-06-30,,-0.89,2.2,,2.17,152300000.0,791000000.0,791000000.0,,704400000.0,53600000.0,3390600000.0,2470900000.0,3300800000.0,33000000.0,3357400000.0,4974800000.0,8275600000.0,9218900000.0,943300000.0,9218900000.0,5432500000.0,320000000.0,320000000.0
Principal Financial Group Inc,PFG,CUMYEZJOAF02RYZ1JJ85,1126328,2011.0,Q2,2011-04-01,2011-06-30,2012-08-01 11:24:52+00:00,0.04,0.68,,0.67,61000000.0,249200000.0,249200000.0,,217300000.0,23600000.0,911300000.0,633200000.0,792300000.0,8300000.0,751900000.0,1193900000.0,1986200000.0,2296400000.0,310200000.0,2296400000.0,5432500000.0,320000000.0,320000000.0
Principal Financial Group Inc,PFG,CUMYEZJOAF02RYZ1JJ85,1126328,2011.0,Q1TTM,2010-04-01,2011-03-31,,-0.51,1.94,,1.92,104900000.0,686000000.0,686000000.0,,621100000.0,31900000.0,3289900000.0,2392500000.0,3247300000.0,33000000.0,3473700000.0,5117900000.0,8365200000.0,9156100000.0,790900000.0,9156100000.0,-4550000000.0,321300000.0,321300000.0
Principal Financial Group Inc,PFG,CUMYEZJOAF02RYZ1JJ85,1126328,2011.0,Q1,2011-01-01,2011-03-31,2012-05-02 13:23:33+00:00,-0.04,0.57,,0.56,52700000.0,208800000.0,208800000.0,,182000000.0,18600000.0,801800000.0,623000000.0,771500000.0,8200000.0,797100000.0,1188900000.0,1960400000.0,2221900000.0,261500000.0,2221900000.0,-4550000000.0,321300000.0,321300000.0
Principal Financial Group Inc,PFG,CUMYEZJOAF02RYZ1JJ85,1126328,2012.0,Q4,2012-10-01,2012-12-31,,0.72,0.72,0.78,0.71,34200000.0,226700000.0,226700000.0,,214900000.0,3500000.0,878200000.0,717600000.0,880600000.0,8300000.0,700100000.0,1154400000.0,2035000000.0,2295900000.0,260900000.0,2295900000.0,297500000.0,297500000.0,297500000.0
Principal Financial Group Inc,PFG,CUMYEZJOAF02RYZ1JJ85,1126328,2012.0,FY,2012-01-01,2012-12-31,2015-02-11 12:58:06+00:00,2.6,2.6,0.78,2.58,134600000.0,825400000.0,825400000.0,,773600000.0,18800000.0,3369000000.0,2626700000.0,3131200000.0,33000000.0,3219400000.0,5123900000.0,8255100000.0,9215100000.0,960000000.0,9215100000.0,297500000.0,297500000.0,297500000.0
Principal Financial Group Inc,PFG,CUMYEZJOAF02RYZ1JJ85,1126328,2012.0,Q3YTD,2012-01-01,2012-09-30,,1.88,1.88,,1.87,100400000.0,598700000.0,598700000.0,,558700000.0,15300000.0,2490800000.0,1909100000.0,2250600000.0,24700000.0,2519300000.0,3969500000.0,6220100000.0,6919200000.0,699100000.0,6919200000.0,294700000.0,294700000.0,294700000.0
Principal Financial Group Inc,PFG,CUMYEZJOAF02RYZ1JJ85,1126328,2012.0,Q3TTM,2011-10-01,2012-09-30,,3.83,2.32,0.7,2.32,108400000.0,740700000.0,740700000.0,,692800000.0,14900000.0,3246200000.0,2543200000.0,3040500000.0,33000000.0,3188600000.0,5088400000.0,8128900000.0,8978000000.0,849100000.0,8978000000.0,294700000.0,294700000.0,294700000.0
Principal Financial Group Inc,PFG,CUMYEZJOAF02RYZ1JJ85,1126328,2012.0,Q3,2012-07-01,2012-09-30,2013-10-30 10:45:57+00:00,0.64,0.64,,0.63,-7200000.0,198800000.0,198800000.0,,187200000.0,3400000.0,871500000.0,675000000.0,866100000.0,8200000.0,1158200000.0,1647000000.0,2513100000.0,2704700000.0,191600000.0,2704700000.0,294700000.0,294700000.0,294700000.0
Principal Financial Group Inc,PFG,CUMYEZJOAF02RYZ1JJ85,1126328,2012.0,Q2YTD,2012-01-01,2012-06-30,,1.24,1.24,,1.24,107600000.0,399900000.0,399900000.0,,371500000.0,11900000.0,1619300000.0,1234100000.0,1384500000.0,16500000.0,1361100000.0,2322500000.0,3707000000.0,4214500000.0,507500000.0,4214500000.0,299400000.0,299400000.0,299400000.0
Principal Financial Group Inc,PFG,CUMYEZJOAF02RYZ1JJ85,1126328,2012.0,Q2TTM,2011-07-01,2012-06-30,,3.21,1.91,0.7,1.92,192200000.0,616400000.0,616400000.0,,577500000.0,5900000.0,3159200000.0,2504600000.0,3002000000.0,33000000.0,2703100000.0,4556300000.0,7558300000.0,8366900000.0,808600000.0,8366900000.0,299400000.0,299400000.0,299400000.0
Principal Financial Group Inc,PFG,CUMYEZJOAF02RYZ1JJ85,1126328,2012.0,Q2,2012-04-01,2012-06-30,2013-07-31 10:17:12+00:00,0.56,0.56,,0.56,50900000.0,178600000.0,178600000.0,,167600000.0,2700000.0,801200000.0,636100000.0,779100000.0,8300000.0,681300000.0,1110000000.0,1889100000.0,2118600000.0,229500000.0,2118600000.0,299400000.0,299400000.0,299400000.0
Principal Financial Group Inc,PFG,CUMYEZJOAF02RYZ1JJ85,1126328,2012.0,Q1TTM,2011-04-01,2012-03-31,,2.69,2.03,0.7,2.03,202300000.0,687000000.0,687000000.0,,627200000.0,26800000.0,3269300000.0,2501700000.0,3015200000.0,33000000.0,2773700000.0,4640200000.0,7655400000.0,8544700000.0,889300000.0,8544700000.0,301800000.0,301800000.0,301800000.0
Principal Financial Group Inc,PFG,CUMYEZJOAF02RYZ1JJ85,1126328,2012.0,Q1,2012-01-01,2012-03-31,2013-05-01 09:28:41+00:00,0.68,0.68,,0.68,56700000.0,221300000.0,221300000.0,,203900000.0,9200000.0,818100000.0,598000000.0,605400000.0,8200000.0,679800000.0,1212500000.0,1817900000.0,2095900000.0,278000000.0,2095900000.0,301800000.0,301800000.0,301800000.0
Principal Financial Group Inc,PFG,CUMYEZJOAF02RYZ1JJ85,1126328,2013.0,FY,2013-01-01,2013-12-31,2016-02-10 12:20:48+00:00,2.99,2.99,0.98,2.95,187900000.0,936100000.0,936100000.0,,879700000.0,23400000.0,2913200000.0,3222200000.0,3481900000.0,33000000.0,3154100000.0,4683600000.0,8165500000.0,9289500000.0,1124000000.0,9289500000.0,294600000.0,294600000.0,294600000.0
Principal Financial Group Inc,PFG,CUMYEZJOAF02RYZ1JJ85,1126328,2013.0,Q4,2013-10-01,2013-12-31,,0.79,0.79,0.49,0.77,59500000.0,250400000.0,250400000.0,,233400000.0,8700000.0,771600000.0,881800000.0,965500000.0,8300000.0,1019200000.0,1397200000.0,2362700000.0,2672600000.0,309900000.0,2672600000.0,294600000.0,294600000.0,294600000.0
Principal Financial Group Inc,PFG,CUMYEZJOAF02RYZ1JJ85,1126328,2013.0,Q3YTD,2013-01-01,2013-09-30,,2.2,2.2,0.49,2.18,128400000.0,685700000.0,685700000.0,,646300000.0,14700000.0,2141600000.0,2340400000.0,2516400000.0,24700000.0,2134900000.0,3286400000.0,5802800000.0,6616900000.0,814100000.0,6616900000.0,294900000.0,294900000.0,294900000.0
Principal Financial Group Inc,PFG,CUMYEZJOAF02RYZ1JJ85,1126328,2013.0,Q3TTM,2012-10-01,2013-09-30,,2.92,2.92,1.27,2.89,162600000.0,912400000.0,912400000.0,,861200000.0,18200000.0,3019800000.0,3058000000.0,3397000000.0,33000000.0,2835000000.0,4440800000.0,7837800000.0,8912800000.0,1075000000.0,8912800000.0,294900000.0,294900000.0,294900000.0
Principal Financial Group Inc,PFG,CUMYEZJOAF02RYZ1JJ85,1126328,2013.0,Q3,2013-07-01,2013-09-30,2014-10-29 11:12:11+00:00,0.83,0.83,0.26,0.82,61200000.0,259100000.0,259100000.0,,245700000.0,5200000.0,733600000.0,803000000.0,823100000.0,8200000.0,703000000.0,1096200000.0,1919300000.0,2239600000.0,320300000.0,2239600000.0,294900000.0,294900000.0,294900000.0
Principal Financial Group Inc,PFG,CUMYEZJOAF02RYZ1JJ85,1126328,2013.0,Q2YTD,2013-01-01,2013-06-30,,1.37,1.37,0.23,1.36,67200000.0,426600000.0,426600000.0,,400600000.0,9500000.0,1408000000.0,1537400000.0,1693300000.0,16500000.0,1431900000.0,2190200000.0,3883500000.0,4377300000.0,493800000.0,4377300000.0,294100000.0,294100000.0,294100000.0
Principal Financial Group Inc,PFG,CUMYEZJOAF02RYZ1JJ85,1126328,2013.0,Q2TTM,2012-07-01,2013-06-30,,2.73,2.73,1.01,2.7,94200000.0,852100000.0,852100000.0,,802700000.0,16400000.0,3157700000.0,2930000000.0,3440000000.0,33000000.0,3290200000.0,4991600000.0,8431600000.0,9377900000.0,946300000.0,9377900000.0,294100000.0,294100000.0,294100000.0
Principal Financial Group Inc,PFG,CUMYEZJOAF02RYZ1JJ85,1126328,2013.0,Q2,2013-04-01,2013-06-30,2014-07-30 12:21:40+00:00,0.76,0.76,0.23,0.75,29000000.0,236600000.0,236600000.0,,222300000.0,6000000.0,669600000.0,803800000.0,849300000.0,8300000.0,737200000.0,1095700000.0,1945000000.0,2210600000.0,265600000.0,2210600000.0,294100000.0,294100000.0,294100000.0
Principal Financial Group Inc,PFG,CUMYEZJOAF02RYZ1JJ85,1126328,2013.0,Q1TTM,2012-04-01,2013-03-31,,2.53,2.53,0.78,2.51,116100000.0,794100000.0,794100000.0,,748000000.0,13100000.0,3289300000.0,2762300000.0,3369800000.0,33000000.0,3234300000.0,5005900000.0,8375700000.0,9285900000.0,910200000.0,9285900000.0,294100000.0,294100000.0,294100000.0
Principal Financial Group Inc,PFG,CUMYEZJOAF02RYZ1JJ85,1126328,2013.0,Q1,2013-01-01,2013-03-31,2014-04-30 10:24:51+00:00,0.61,0.61,,0.61,38200000.0,190000000.0,190000000.0,,178300000.0,3500000.0,738400000.0,733600000.0,844000000.0,8200000.0,694700000.0,1094500000.0,1938500000.0,2166700000.0,228200000.0,2166700000.0,294100000.0,294100000.0,294100000.0
Principal Financial Group Inc,PFG,CUMYEZJOAF02RYZ1JJ85,1126328,2014.0,FY,2014-01-01,2014-12-31,2017-02-08 11:57:30+00:00,3.7,3.7,1.28,3.65,318500000.0,1176400000.0,1176400000.0,,1111100000.0,32300000.0,3272600000.0,3482100000.0,3751700000.0,33000000.0,3722900000.0,5231000000.0,8982700000.0,10477600000.0,1494900000.0,10477600000.0,294700000.0,294700000.0,294700000.0
Principal Financial Group Inc,PFG,CUMYEZJOAF02RYZ1JJ85,1126328,2014.0,Q4,2014-10-01,2014-12-31,,0.92,0.92,0.34,0.9,36900000.0,280300000.0,280300000.0,,270400000.0,1600000.0,787500000.0,912400000.0,969500000.0,8300000.0,1208100000.0,1621300000.0,2590800000.0,2908000000.0,317200000.0,2908000000.0,294700000.0,294700000.0,294700000.0
Principal Financial Group Inc,PFG,CUMYEZJOAF02RYZ1JJ85,1126328,2014.0,Q3YTD,2014-01-01,2014-09-30,,2.78,2.78,0.94,2.75,281600000.0,896100000.0,896100000.0,,840700000.0,30700000.0,2485100000.0,2569700000.0,2782200000.0,24700000.0,2514800000.0,3609700000.0,6391900000.0,7569600000.0,1177700000.0,7569600000.0,294200000.0,294200000.0,312600000.0
Principal Financial Group Inc,PFG,CUMYEZJOAF02RYZ1JJ85,1126328,2014.0,Q3TTM,2013-10-01,2014-09-30,,3.57,3.57,1.43,3.52,341100000.0,1146500000.0,1146500000.0,,1074100000.0,39400000.0,3256700000.0,3451500000.0,3747700000.0,33000000.0,3534000000.0,5006900000.0,8754600000.0,10242200000.0,1487600000.0,10242200000.0,294200000.0,294200000.0,312600000.0
Principal Financial Group Inc,PFG,CUMYEZJOAF02RYZ1JJ85,1126328,2014.0,Q3,2014-07-01,2014-09-30,2015-10-28 10:18:30+00:00,0.78,0.78,0.34,0.77,141000000.0,252800000.0,252800000.0,,240700000.0,3900000.0,724000000.0,884500000.0,976700000.0,8200000.0,875800000.0,1113800000.0,2090500000.0,2484300000.0,393800000.0,2484300000.0,294200000.0,294200000.0,312600000.0
Principal Financial Group Inc,PFG,CUMYEZJOAF02RYZ1JJ85,1126328,2014.0,Q2YTD,2014-01-01,2014-06-30,,2.0,2.0,0.6,1.98,140600000.0,643300000.0,643300000.0,,600000000.0,26800000.0,1761100000.0,1685200000.0,1805500000.0,16500000.0,1639000000.0,2495900000.0,4301400000.0,5085300000.0,783900000.0,5085300000.0,294700000.0,294700000.0,294700000.0
Principal Financial Group Inc,PFG,CUMYEZJOAF02RYZ1JJ85,1126328,2014.0,Q2TTM,2013-07-01,2014-06-30,,3.62,3.62,1.35,3.57,261300000.0,1152800000.0,1152800000.0,,1079100000.0,40700000.0,3266300000.0,3370000000.0,3594100000.0,33000000.0,3361200000.0,4989300000.0,8583400000.0,9997500000.0,1414100000.0,9997500000.0,294700000.0,294700000.0,294700000.0
Principal Financial Group Inc,PFG,CUMYEZJOAF02RYZ1JJ85,1126328,2014.0,Q2,2014-04-01,2014-06-30,2015-07-29 12:22:05+00:00,1.04,1.04,0.32,1.03,88300000.0,319200000.0,319200000.0,,306300000.0,4600000.0,915800000.0,855500000.0,930800000.0,8300000.0,835400000.0,1268400000.0,2199200000.0,2606700000.0,407500000.0,2606700000.0,294700000.0,294700000.0,294700000.0
Principal Financial Group Inc,PFG,CUMYEZJOAF02RYZ1JJ85,1126328,2014.0,Q1TTM,2013-04-01,2014-03-31,,3.34,3.34,1.26,3.29,202000000.0,1070200000.0,1070200000.0,,995100000.0,42100000.0,3020100000.0,3318300000.0,3512600000.0,33000000.0,3263000000.0,4816600000.0,8329200000.0,9601400000.0,1272200000.0,9601400000.0,295800000.0,295800000.0,295800000.0
Principal Financial Group Inc,PFG,CUMYEZJOAF02RYZ1JJ85,1126328,2014.0,Q1,2014-01-01,2014-03-31,2015-04-29 09:35:51+00:00,0.96,0.96,0.28,0.95,52300000.0,324100000.0,324100000.0,,293700000.0,22200000.0,845300000.0,829700000.0,874700000.0,8200000.0,803600000.0,1227500000.0,2102200000.0,2478600000.0,376400000.0,2478600000.0,295800000.0,295800000.0,295800000.0
Principal Financial Group Inc,PFG,CUMYEZJOAF02RYZ1JJ85,1126328,2015.0,FY,2015-01-01,2015-12-31,2018-02-09 10:48:53+00:00,4.11,4.11,1.5,4.06,177600000.0,1253200000.0,1253200000.0,,1209300000.0,19200000.0,3001000000.0,3653100000.0,3835900000.0,24700000.0,5310300000.0,6697700000.0,10533600000.0,11964400000.0,1430800000.0,11964400000.0,294400000.0,294400000.0,294400000.0
Principal Financial Group Inc,PFG,CUMYEZJOAF02RYZ1JJ85,1126328,2015.0,Q4,2015-10-01,2015-12-31,,0.86,0.86,0.38,0.85,50700000.0,258300000.0,258300000.0,,253600000.0,4700000.0,743700000.0,908900000.0,960800000.0,,1154400000.0,1537200000.0,2498000000.0,2807000000.0,309000000.0,2807000000.0,294400000.0,294400000.0,294400000.0
Principal Financial Group Inc,PFG,CUMYEZJOAF02RYZ1JJ85,1126328,2015.0,Q3,2015-07-01,2015-09-30,2016-11-02 09:46:40+00:00,1.02,1.02,0.38,1.01,68300000.0,300900000.0,300900000.0,,300400000.0,500000.0,791900000.0,891900000.0,1002100000.0,,1557100000.0,1869600000.0,2871700000.0,3240900000.0,369200000.0,3240900000.0,295000000.0,295000000.0,295000000.0
Principal Financial Group Inc,PFG,CUMYEZJOAF02RYZ1JJ85,1126328,2015.0,Q3YTD,2015-01-01,2015-09-30,,3.25,3.25,1.12,3.21,126900000.0,994900000.0,994900000.0,,955700000.0,14500000.0,2257300000.0,2744200000.0,2875100000.0,24700000.0,4155900000.0,5160500000.0,8035600000.0,9157400000.0,1121800000.0,9157400000.0,295000000.0,295000000.0,295000000.0
Principal Financial Group Inc,PFG,CUMYEZJOAF02RYZ1JJ85,1126328,2015.0,Q3TTM,2014-10-01,2015-09-30,,4.17,4.17,1.46,4.11,163800000.0,1275200000.0,1275200000.0,,1226100000.0,16100000.0,3044800000.0,3656600000.0,3844600000.0,33000000.0,5364000000.0,6781800000.0,10626400000.0,12065400000.0,1439000000.0,12065400000.0,295000000.0,295000000.0,295000000.0
Principal Financial Group Inc,PFG,CUMYEZJOAF02RYZ1JJ85,1126328,2015.0,Q2,2015-04-01,2015-06-30,2016-08-03 11:01:18+00:00,0.82,0.82,0.38,0.81,29600000.0,264900000.0,264900000.0,,241100000.0,7300000.0,675300000.0,901500000.0,910100000.0,16500000.0,1682400000.0,2054600000.0,2964700000.0,3259200000.0,294500000.0,3259200000.0,295000000.0,295000000.0,295000000.0
Principal Financial Group Inc,PFG,CUMYEZJOAF02RYZ1JJ85,1126328,2015.0,Q2YTD,2015-01-01,2015-06-30,,2.23,2.23,0.74,2.2,58600000.0,694000000.0,694000000.0,,655300000.0,14000000.0,1465400000.0,1852300000.0,1873000000.0,24700000.0,2598800000.0,3290900000.0,5163900000.0,5916500000.0,752600000.0,5916500000.0,295000000.0,295000000.0,295000000.0
Principal Financial Group Inc,PFG,CUMYEZJOAF02RYZ1JJ85,1126328,2015.0,Q2TTM,2014-07-01,2015-06-30,,3.93,3.93,1.42,3.87,236500000.0,1227100000.0,1227100000.0,,1166400000.0,19500000.0,2976900000.0,3649200000.0,3819200000.0,41200000.0,4682700000.0,6026000000.0,9845200000.0,11308800000.0,1463600000.0,11308800000.0,295000000.0,295000000.0,295000000.0
Principal Financial Group Inc,PFG,CUMYEZJOAF02RYZ1JJ85,1126328,2015.0,Q1,2015-01-01,2015-03-31,2016-05-04 09:39:40+00:00,1.41,1.41,0.36,1.39,29000000.0,429100000.0,429100000.0,,414200000.0,6700000.0,790100000.0,950800000.0,962900000.0,8200000.0,916400000.0,1236300000.0,2199200000.0,2657300000.0,458100000.0,2657300000.0,294800000.0,294800000.0,294800000.0
Principal Financial Group Inc,PFG,CUMYEZJOAF02RYZ1JJ85,1126328,2015.0,Q1TTM,2014-04-01,2015-03-31,,4.15,4.15,1.36,4.09,295200000.0,1281400000.0,1281400000.0,,1231600000.0,16800000.0,3217400000.0,3603200000.0,3839900000.0,33000000.0,3835700000.0,5239800000.0,9079700000.0,10656300000.0,1576600000.0,10656300000.0,294800000.0,294800000.0,294800000.0
Principal Financial Group Inc,PFG,CUMYEZJOAF02RYZ1JJ85,1126328,2016.0,FY,2016-01-01,2016-12-31,2019-02-13 13:11:31+00:00,4.55,4.55,1.61,4.5,229900000.0,1361800000.0,1361800000.0,,1316500000.0,45300000.0,3467600000.0,3627400000.0,3889200000.0,,5299100000.0,6913200000.0,10802400000.0,12394100000.0,1591700000.0,12394100000.0,289400000.0,289400000.0,289400000.0
Principal Financial Group Inc,PFG,CUMYEZJOAF02RYZ1JJ85,1126328,2016.0,Q4,2016-10-01,2016-12-31,,1.11,1.11,0.43,1.09,43100000.0,338200000.0,338200000.0,,318000000.0,20200000.0,836100000.0,939700000.0,1019900000.0,,1738000000.0,2112600000.0,3132500000.0,3513800000.0,381300000.0,3513800000.0,289400000.0,289400000.0,289400000.0
Principal Financial Group Inc,PFG,CUMYEZJOAF02RYZ1JJ85,1126328,2016.0,Q3,2016-07-01,2016-09-30,2017-11-01 11:53:28+00:00,1.07,1.07,0.41,1.06,43300000.0,327400000.0,327400000.0,,308200000.0,19200000.0,900300000.0,915000000.0,965100000.0,,1002700000.0,1482200000.0,2447300000.0,2818000000.0,370700000.0,2818000000.0,288100000.0,288100000.0,288100000.0
Principal Financial Group Inc,PFG,CUMYEZJOAF02RYZ1JJ85,1126328,2016.0,Q3YTD,2016-01-01,2016-09-30,,3.44,3.44,1.18,3.41,186800000.0,1023600000.0,1023600000.0,,998500000.0,25100000.0,2631500000.0,2687700000.0,2869300000.0,,3561100000.0,4800600000.0,7669900000.0,8880300000.0,1210400000.0,8880300000.0,288100000.0,288100000.0,288100000.0
Principal Financial Group Inc,PFG,CUMYEZJOAF02RYZ1JJ85,1126328,2016.0,Q3TTM,2015-10-01,2016-09-30,,4.3,4.3,1.56,4.26,237500000.0,1281900000.0,1281900000.0,,1252100000.0,29800000.0,3375200000.0,3596600000.0,3830100000.0,,4715500000.0,6337800000.0,10167900000.0,11687300000.0,1519400000.0,11687300000.0,288100000.0,288100000.0,288100000.0
Principal Financial Group Inc,PFG,CUMYEZJOAF02RYZ1JJ85,1126328,2016.0,Q2,2016-04-01,2016-06-30,2017-08-02 10:21:36+00:00,1.11,1.11,0.39,1.1,72900000.0,327000000.0,327000000.0,,322300000.0,4700000.0,832900000.0,916800000.0,965900000.0,,1276000000.0,1659900000.0,2625800000.0,3025700000.0,399900000.0,3025700000.0,289900000.0,289900000.0,289900000.0
Principal Financial Group Inc,PFG,CUMYEZJOAF02RYZ1JJ85,1126328,2016.0,Q2YTD,2016-01-01,2016-06-30,,2.37,2.37,0.77,2.35,143500000.0,696200000.0,696200000.0,,690300000.0,5900000.0,1731200000.0,1772700000.0,1904200000.0,,2558400000.0,3318400000.0,5222600000.0,6062300000.0,839700000.0,6062300000.0,289900000.0,289900000.0,289900000.0
Principal Financial Group Inc,PFG,CUMYEZJOAF02RYZ1JJ85,1126328,2016.0,Q2TTM,2015-07-01,2016-06-30,,4.25,4.25,1.53,4.21,262500000.0,1255400000.0,1255400000.0,,1244300000.0,11100000.0,3266800000.0,3573500000.0,3867100000.0,,5269900000.0,6725200000.0,10592300000.0,12110200000.0,1517900000.0,12110200000.0,289900000.0,289900000.0,289900000.0
Principal Financial Group Inc,PFG,CUMYEZJOAF02RYZ1JJ85,1126328,2016.0,Q1,2016-01-01,2016-03-31,2017-05-03 11:39:12+00:00,1.26,1.26,0.38,1.25,70600000.0,369200000.0,369200000.0,,368000000.0,1200000.0,898300000.0,855900000.0,938300000.0,,1282400000.0,1658500000.0,2596800000.0,3036600000.0,439800000.0,3036600000.0,291500000.0,291500000.0,291500000.0
Principal Financial Group Inc,PFG,CUMYEZJOAF02RYZ1JJ85,1126328,2016.0,Q1TTM,2015-04-01,2016-03-31,,3.96,3.96,1.52,3.92,219200000.0,1193300000.0,1193300000.0,,1163100000.0,13700000.0,3109200000.0,3558200000.0,3811300000.0,16500000.0,5676300000.0,7119900000.0,10931200000.0,12343700000.0,1412500000.0,12343700000.0,291500000.0,291500000.0,291500000.0
Principal Financial Group Inc,PFG,CUMYEZJOAF02RYZ1JJ85,1126328,2017.0,FY,2017-01-01,2017-12-31,2020-02-14 12:01:06+00:00,8.0,8.0,1.87,7.88,-72300000.0,2324500000.0,2324500000.0,,2310400000.0,14100000.0,3983500000.0,3892300000.0,4018400000.0,,6217400000.0,7822600000.0,11841000000.0,14093200000.0,2252200000.0,14093200000.0,288900000.0,288900000.0,288900000.0
Principal Financial Group Inc,PFG,CUMYEZJOAF02RYZ1JJ85,1126328,2017.0,Q4,2017-10-01,2017-12-31,,2.92,2.92,0.49,2.87,-528100000.0,842900000.0,842900000.0,,841800000.0,1100000.0,837600000.0,1009500000.0,1121000000.0,,1390600000.0,1801900000.0,2922900000.0,3237700000.0,314800000.0,3237700000.0,288900000.0,288900000.0,288900000.0
Principal Financial Group Inc,PFG,CUMYEZJOAF02RYZ1JJ85,1126328,2017.0,Q3,2017-07-01,2017-09-30,2018-10-31 12:11:42+00:00,2.8,2.8,0.47,2.76,344600000.0,813200000.0,813200000.0,,810200000.0,3000000.0,1514600000.0,987100000.0,965400000.0,,2126100000.0,2504600000.0,3470000000.0,4627800000.0,1157800000.0,4627800000.0,289300000.0,289300000.0,289300000.0
Principal Financial Group Inc,PFG,CUMYEZJOAF02RYZ1JJ85,1126328,2017.0,Q3YTD,2017-01-01,2017-09-30,,5.08,5.08,1.38,5.01,455800000.0,1481600000.0,1481600000.0,,1468600000.0,13000000.0,3145900000.0,2882800000.0,2897400000.0,,4826800000.0,6020700000.0,8918100000.0,10855500000.0,1937400000.0,10855500000.0,289300000.0,289300000.0,289300000.0
Principal Financial Group Inc,PFG,CUMYEZJOAF02RYZ1JJ85,1126328,2017.0,Q3TTM,2016-10-01,2017-09-30,,6.19,6.19,1.81,6.1,498900000.0,1819800000.0,1819800000.0,,1786600000.0,33200000.0,3982000000.0,3822500000.0,3917300000.0,,6564800000.0,8133300000.0,12050600000.0,14369300000.0,2318700000.0,14369300000.0,289300000.0,289300000.0,289300000.0
Principal Financial Group Inc,PFG,CUMYEZJOAF02RYZ1JJ85,1126328,2017.0,Q2,2017-04-01,2017-06-30,2018-08-01 09:46:04+00:00,1.07,1.07,0.46,1.06,50800000.0,314800000.0,314800000.0,,309500000.0,5300000.0,770500000.0,955100000.0,953900000.0,,1452700000.0,1858800000.0,2812700000.0,3178300000.0,365600000.0,3178300000.0,288900000.0,288900000.0,288900000.0
Principal Financial Group Inc,PFG,CUMYEZJOAF02RYZ1JJ85,1126328,2017.0,Q2YTD,2017-01-01,2017-06-30,,2.28,2.28,0.91,2.25,111200000.0,668400000.0,668400000.0,,658400000.0,10000000.0,1631300000.0,1895700000.0,1932000000.0,,2700700000.0,3516100000.0,5448100000.0,6227700000.0,779600000.0,6227700000.0,288900000.0,288900000.0,288900000.0
Principal Financial Group Inc,PFG,CUMYEZJOAF02RYZ1JJ85,1126328,2017.0,Q2TTM,2016-07-01,2017-06-30,,4.46,4.46,1.75,4.4,197600000.0,1334000000.0,1334000000.0,,1284600000.0,49400000.0,3367700000.0,3750400000.0,3917000000.0,,5441400000.0,7110900000.0,11027900000.0,12559500000.0,1531600000.0,12559500000.0,288900000.0,288900000.0,288900000.0
Principal Financial Group Inc,PFG,CUMYEZJOAF02RYZ1JJ85,1126328,2017.0,Q1,2017-01-01,2017-03-31,2018-05-02 10:48:15+00:00,1.21,1.21,0.45,1.19,60400000.0,353600000.0,353600000.0,,348900000.0,4700000.0,860800000.0,940600000.0,978100000.0,,1248000000.0,1657300000.0,2635400000.0,3049400000.0,414000000.0,3049400000.0,288300000.0,288300000.0,288300000.0
Principal Financial Group Inc,PFG,CUMYEZJOAF02RYZ1JJ85,1126328,2017.0,Q1TTM,2016-04-01,2017-03-31,,4.5,4.5,1.68,4.44,219700000.0,1346200000.0,1346200000.0,,1297400000.0,48800000.0,3430100000.0,3712100000.0,3929000000.0,,5264700000.0,6912000000.0,10841000000.0,12406900000.0,1565900000.0,12406900000.0,288300000.0,288300000.0,288300000.0
Principal Financial Group Inc,PFG,CUMYEZJOAF02RYZ1JJ85,1126328,2018.0,FY,2018-01-01,2018-12-31,2020-02-14 12:01:06+00:00,5.41,5.41,2.1,5.36,230700000.0,1553700000.0,1553700000.0,,1546500000.0,7200000.0,3553800000.0,4273800000.0,4260300000.0,,6409600000.0,8192500000.0,12452800000.0,14237200000.0,1784400000.0,14237200000.0,285800000.0,285800000.0,285800000.0
Principal Financial Group Inc,PFG,CUMYEZJOAF02RYZ1JJ85,1126328,2018.0,Q4,2018-10-01,2018-12-31,,0.85,0.85,0.54,0.83,11200000.0,231700000.0,231700000.0,,236500000.0,-4800000.0,806300000.0,988100000.0,1087600000.0,,1976200000.0,2440100000.0,3527700000.0,3770600000.0,242900000.0,3770600000.0,285800000.0,285800000.0,285800000.0
Principal Financial Group Inc,PFG,CUMYEZJOAF02RYZ1JJ85,1126328,2018.0,Q3,2018-07-01,2018-09-30,2019-10-30 13:10:00+00:00,1.6,1.6,0.53,1.59,109100000.0,460000000.0,460000000.0,,456300000.0,3700000.0,913900000.0,1261800000.0,1136900000.0,,2172400000.0,2642100000.0,3779000000.0,4348100000.0,569100000.0,4348100000.0,284900000.0,284900000.0,284900000.0
Principal Financial Group Inc,PFG,CUMYEZJOAF02RYZ1JJ85,1126328,2018.0,Q3YTD,2018-01-01,2018-09-30,,4.56,4.56,1.56,4.53,219500000.0,1322000000.0,1322000000.0,,1310000000.0,12000000.0,2747500000.0,3285700000.0,3172700000.0,,4433400000.0,5752400000.0,8925100000.0,10466600000.0,1541500000.0,10466600000.0,284900000.0,284900000.0,284900000.0
Principal Financial Group Inc,PFG,CUMYEZJOAF02RYZ1JJ85,1126328,2018.0,Q3TTM,2017-10-01,2018-09-30,,7.48,7.48,2.05,7.4,-308600000.0,2164900000.0,2164900000.0,,2151800000.0,13100000.0,3585100000.0,4295200000.0,4293700000.0,,5824000000.0,7554300000.0,11848000000.0,13704300000.0,1856300000.0,13704300000.0,284900000.0,284900000.0,284900000.0
Principal Financial Group Inc,PFG,CUMYEZJOAF02RYZ1JJ85,1126328,2018.0,Q2,2018-04-01,2018-06-30,2019-07-31 13:38:11+00:00,1.59,1.59,0.52,1.58,55900000.0,459500000.0,459500000.0,,456600000.0,2900000.0,956500000.0,1012600000.0,1020300000.0,,1265800000.0,1699200000.0,2719500000.0,3234900000.0,515400000.0,3234900000.0,286400000.0,286400000.0,286400000.0
Principal Financial Group Inc,PFG,CUMYEZJOAF02RYZ1JJ85,1126328,2018.0,Q2YTD,2018-01-01,2018-06-30,,2.96,2.96,1.03,2.94,110400000.0,862000000.0,862000000.0,,853700000.0,8300000.0,1833600000.0,2023900000.0,2035800000.0,,2261000000.0,3110300000.0,5146100000.0,6118500000.0,972400000.0,6118500000.0,286400000.0,286400000.0,286400000.0
Principal Financial Group Inc,PFG,CUMYEZJOAF02RYZ1JJ85,1126328,2018.0,Q2TTM,2017-07-01,2018-06-30,,8.68,8.68,1.99,8.57,-73100000.0,2518100000.0,2518100000.0,,2505700000.0,12400000.0,4185800000.0,4020500000.0,4122200000.0,,5777700000.0,7416800000.0,11539000000.0,13984000000.0,2445000000.0,13984000000.0,286400000.0,286400000.0,286400000.0
Principal Financial Group Inc,PFG,CUMYEZJOAF02RYZ1JJ85,1126328,2018.0,Q1,2018-01-01,2018-03-31,2019-05-02 11:47:47+00:00,1.37,1.37,0.51,1.36,54500000.0,402500000.0,402500000.0,,397100000.0,5400000.0,877100000.0,1011300000.0,1015500000.0,,995200000.0,1411100000.0,2426600000.0,2883600000.0,457000000.0,2883600000.0,289400000.0,289400000.0,289400000.0
Principal Financial Group Inc,PFG,CUMYEZJOAF02RYZ1JJ85,1126328,2018.0,Q1TTM,2017-04-01,2018-03-31,,8.16,8.16,1.93,8.05,-78200000.0,2373400000.0,2373400000.0,,2358600000.0,14800000.0,3999800000.0,3963000000.0,4055800000.0,,5964600000.0,7576400000.0,11632200000.0,13927400000.0,2295200000.0,13927400000.0,289400000.0,289400000.0,289400000.0
Principal Financial Group Inc,PFG,CUMYEZJOAF02RYZ1JJ85,1126328,2019.0,Q4,2019-10-01,2019-12-31,,1.09,1.09,0.55,1.08,56000000.0,315300000.0,315300000.0,,300900000.0,14400000.0,912800000.0,1199800000.0,1251400000.0,,1934600000.0,2424500000.0,3675900000.0,4047200000.0,371300000.0,4047200000.0,278600000.0,278600000.0,278600000.0
Principal Financial Group Inc,PFG,CUMYEZJOAF02RYZ1JJ85,1126328,2019.0,FY,2019-01-01,2019-12-31,2020-02-14 12:01:06+00:00,5.0,5.0,2.18,4.96,249200000.0,1444100000.0,1444100000.0,,1394200000.0,49900000.0,3945600000.0,4409900000.0,4623000000.0,,7866600000.0,9905800000.0,14528800000.0,16222100000.0,1693300000.0,16222100000.0,278600000.0,278600000.0,278600000.0
Principal Financial Group Inc,PFG,CUMYEZJOAF02RYZ1JJ85,1126328,2019.0,Q3YTD,2019-01-01,2019-09-30,,3.91,3.91,1.63,3.88,193200000.0,1128800000.0,1128800000.0,,1093300000.0,35500000.0,3032800000.0,3210100000.0,3371600000.0,,5932000000.0,7481300000.0,10852900000.0,12174900000.0,1322000000.0,12174900000.0,279000000.0,279000000.0,279000000.0
Principal Financial Group Inc,PFG,CUMYEZJOAF02RYZ1JJ85,1126328,2019.0,Q3TTM,2018-10-01,2019-09-30,,4.76,4.76,2.17,4.71,204400000.0,1360500000.0,1360500000.0,,1329800000.0,30700000.0,3839100000.0,4198200000.0,4459200000.0,,7908200000.0,9921400000.0,14380600000.0,15945500000.0,1564900000.0,15945500000.0,279000000.0,279000000.0,279000000.0
Principal Financial Group Inc,PFG,CUMYEZJOAF02RYZ1JJ85,1126328,2019.0,Q3,2019-07-01,2019-09-30,2019-10-30 13:10:00+00:00,0.99,0.99,0.55,0.98,61100000.0,284600000.0,284600000.0,,277100000.0,7500000.0,954200000.0,1230000000.0,1272600000.0,,2274200000.0,2840100000.0,4112700000.0,4458400000.0,345700000.0,4458400000.0,279000000.0,279000000.0,279000000.0
Principal Financial Group Inc,PFG,CUMYEZJOAF02RYZ1JJ85,1126328,2019.0,Q2YTD,2019-01-01,2019-06-30,,2.92,2.92,1.08,2.9,132100000.0,844200000.0,844200000.0,,816200000.0,28000000.0,2078600000.0,1980100000.0,2099000000.0,,3657800000.0,4641200000.0,6740200000.0,7716500000.0,976300000.0,7716500000.0,279000000.0,279000000.0,279000000.0
Principal Financial Group Inc,PFG,CUMYEZJOAF02RYZ1JJ85,1126328,2019.0,Q2TTM,2018-07-01,2019-06-30,,5.37,5.37,2.15,5.32,252400000.0,1535900000.0,1535900000.0,,1509000000.0,26900000.0,3798800000.0,4230000000.0,4323500000.0,,7806400000.0,9723400000.0,14046900000.0,15835200000.0,1788300000.0,15835200000.0,279000000.0,279000000.0,279000000.0
Principal Financial Group Inc,PFG,CUMYEZJOAF02RYZ1JJ85,1126328,2019.0,Q2,2019-04-01,2019-06-30,2019-07-31 13:38:11+00:00,1.38,1.38,0.54,1.37,58200000.0,392100000.0,392100000.0,,386300000.0,5800000.0,1033100000.0,1006600000.0,1076200000.0,,1932900000.0,2446100000.0,3522300000.0,3972600000.0,450300000.0,3972600000.0,279000000.0,279000000.0,279000000.0
Principal Financial Group Inc,PFG,CUMYEZJOAF02RYZ1JJ85,1126328,2019.0,Q1,2019-01-01,2019-03-31,2020-04-29 14:55:37+00:00,1.54,1.54,0.54,1.53,73900000.0,452100000.0,452100000.0,,429900000.0,22200000.0,1045500000.0,973500000.0,1022800000.0,,1724900000.0,2195100000.0,3217900000.0,3743900000.0,526000000.0,3743900000.0,278700000.0,278700000.0,278700000.0
Principal Financial Group Inc,PFG,CUMYEZJOAF02RYZ1JJ85,1126328,2019.0,Q1TTM,2018-04-01,2019-03-31,,5.58,5.58,2.13,5.53,250100000.0,1603300000.0,1603300000.0,,1579300000.0,24000000.0,3722200000.0,4236000000.0,4267600000.0,,7139300000.0,8976500000.0,13244100000.0,15097500000.0,1853400000.0,15097500000.0,278700000.0,278700000.0,278700000.0
Principal Financial Group Inc,PFG,CUMYEZJOAF02RYZ1JJ85,1126328,2020.0,Q1TTM,2019-04-01,2020-03-31,,4.51,4.51,2.2,4.47,218500000.0,1277000000.0,1277000000.0,,1253200000.0,23800000.0,4015100000.0,4581700000.0,4964600000.0,,8432700000.0,10569400000.0,15534000000.0,17029500000.0,1495500000.0,17029500000.0,275000000.0,275000000.0,275000000.0
Principal Financial Group Inc,PFG,CUMYEZJOAF02RYZ1JJ85,1126328,2020.0,Q1,2020-01-01,2020-03-31,2020-04-29 14:55:37+00:00,1.05,1.05,0.56,1.04,43200000.0,285000000.0,285000000.0,,288900000.0,-3900000.0,1115000000.0,1145300000.0,1364400000.0,,2291000000.0,2858700000.0,4223100000.0,4551300000.0,328200000.0,4551300000.0,275000000.0,275000000.0,275000000.0
