company_name,company_ticker,company_lei,company_cik,year,quarter,start_date,end_date,filing_date,basicdilutedeps,basiceps,depositsinterestexpense,dilutedeps,fedfundsandrepointerestincome,impairmentexpense,incometaxexpense,investmentbankingincome,investmentsecuritiesinterestincome,loansandleaseinterestincome,longtermdebtinterestexpense,marketingexpense,netincome,netincomecontinuing,netincometocommon,netincometononcontrollinginterest,netinterestincome,netoccupancyequipmentexpense,netrealizedcapitalgains,otheradjustmentstonetincometocommon,othernoninterestincome,otheroperatingexpenses,otherservicechargeincome,preferreddividends,propertyliabilityinsuranceclaims,provisionforcreditlosses,salariesandemployeebenefitsexpense,servicechargesondepositsincome,totalinterestexpense,totalinterestincome,totalnoninterestexpense,totalnoninterestincome,totalpretaxincome,totalrevenue,trustfeeincome,weightedavebasicdilutedsharesos,weightedavebasicsharesos,weightedavedilutedsharesos
SVB Financial Group,SIVB,549300D2KJ20JMXE7542,719739,2008.0,FY,2008-01-01,2008-12-31,2011-02-25 17:14:34+00:00,2.27,2.27,23929000.0,2.16,12572000.0,0.0,52213000.0,3640000.0,62727000.0,364192000.0,46967000.0,15406000.0,55147000.0,55147000.0,73579000.0,-19139000.0,368595000.0,39490000.0,3728000.0,,12006000.0,73367000.0,132991000.0,707000.0,7309000.0,100713000.0,177315000.0,,70896000.0,439491000.0,312887000.0,152365000.0,107360000.0,520960000.0,,32400000.0,32400000.0,34100000.0
SVB Financial Group,SIVB,549300D2KJ20JMXE7542,719739,2009.0,FY,2009-01-01,2009-12-31,2012-02-28 17:21:28+00:00,0.67,0.67,21346000.0,0.66,9790000.0,4092000.0,35207000.0,,85630000.0,335806000.0,27730000.0,14014000.0,10640000.0,10640000.0,22674000.0,-37370000.0,382150000.0,41158000.0,-31962000.0,,10333000.0,77936000.0,119372000.0,25336000.0,17035000.0,90180000.0,189631000.0,,49076000.0,431226000.0,343866000.0,97743000.0,45847000.0,479893000.0,,33901000.0,33901000.0,33901000.0
SVB Financial Group,SIVB,549300D2KJ20JMXE7542,719739,2009.0,Q3,2009-07-01,2009-09-30,2010-11-05 16:29:22+00:00,0.62,0.62,4801000.0,0.61,2367000.0,0.0,16879000.0,,22570000.0,83049000.0,6367000.0,2902000.0,26409000.0,26409000.0,20608000.0,2246000.0,96818000.0,10090000.0,2815000.0,,3019000.0,18411000.0,28473000.0,3555000.0,2589000.0,8030000.0,45815000.0,,11168000.0,107986000.0,79807000.0,34307000.0,43288000.0,131125000.0,,33200000.0,33200000.0,33800000.0
SVB Financial Group,SIVB,549300D2KJ20JMXE7542,719739,2009.0,Q2,2009-04-01,2009-06-30,2010-08-06 17:05:01+00:00,0.24,0.24,5605000.0,0.24,2485000.0,,7174000.0,,17823000.0,84248000.0,7270000.0,3403000.0,2377000.0,2377000.0,7793000.0,-8961000.0,91681000.0,10537000.0,-9597000.0,,2329000.0,19536000.0,35543000.0,3545000.0,8589000.0,21393000.0,46947000.0,,12875000.0,104556000.0,89012000.0,28275000.0,9551000.0,119956000.0,,32500000.0,32500000.0,32500000.0
SVB Financial Group,SIVB,549300D2KJ20JMXE7542,719739,2010.0,Q4,2010-10-01,2010-12-31,,0.41,0.41,3463000.0,0.41,2516000.0,,11005000.0,,26869000.0,89324000.0,10728000.0,5695000.0,33982000.0,33982000.0,17487000.0,16495000.0,104518000.0,11282000.0,30897000.0,,2613000.0,29076000.0,38354000.0,,3225000.0,15504000.0,66613000.0,,14191000.0,118709000.0,115891000.0,71864000.0,44987000.0,176382000.0,,41774000.0,41774000.0,41774000.0
SVB Financial Group,SIVB,549300D2KJ20JMXE7542,719739,2010.0,FY,2010-01-01,2010-12-31,2013-02-27 16:47:01+00:00,2.27,2.27,14778000.0,2.24,10960000.0,,61402000.0,,131231000.0,319540000.0,28818000.0,20237000.0,136817000.0,136817000.0,94951000.0,41866000.0,418135000.0,42401000.0,102882000.0,,10482000.0,95076000.0,134166000.0,,16498000.0,44628000.0,248606000.0,,43596000.0,461731000.0,422818000.0,247530000.0,198219000.0,665665000.0,,41774000.0,41774000.0,41774000.0
SVB Financial Group,SIVB,549300D2KJ20JMXE7542,719739,2010.0,Q3,2010-07-01,2010-09-30,2011-11-04 16:10:55+00:00,0.9,0.9,3783000.0,0.89,2719000.0,,24996000.0,,33323000.0,80716000.0,6634000.0,5153000.0,52439000.0,52439000.0,37787000.0,14652000.0,106341000.0,10679000.0,47868000.0,,2752000.0,23532000.0,35616000.0,,2637000.0,10971000.0,62170000.0,,10417000.0,116758000.0,104171000.0,86236000.0,77435000.0,192577000.0,,42000000.0,42000000.0,42500000.0
SVB Financial Group,SIVB,549300D2KJ20JMXE7542,719739,2010.0,Q3YTD,2010-01-01,2010-09-30,,1.86,1.86,11315000.0,1.83,8444000.0,,50397000.0,,104362000.0,230216000.0,18090000.0,14542000.0,102835000.0,102835000.0,77464000.0,25371000.0,313617000.0,31119000.0,71985000.0,,7869000.0,66000000.0,95812000.0,,13273000.0,29124000.0,181993000.0,,29405000.0,343022000.0,306927000.0,175666000.0,153232000.0,489283000.0,,42000000.0,42000000.0,42500000.0
SVB Financial Group,SIVB,549300D2KJ20JMXE7542,719739,2010.0,Q2,2010-04-01,2010-06-30,2011-08-05 16:39:01+00:00,0.51,0.51,3867000.0,0.5,2885000.0,,13819000.0,,37802000.0,75558000.0,5942000.0,5103000.0,21186000.0,21186000.0,21120000.0,66000.0,106436000.0,9968000.0,6131000.0,,2606000.0,23529000.0,31420000.0,,5587000.0,7408000.0,59993000.0,,9809000.0,116245000.0,104180000.0,40157000.0,35005000.0,146593000.0,,41400000.0,41400000.0,42200000.0
SVB Financial Group,SIVB,549300D2KJ20JMXE7542,719739,2010.0,Q2YTD,2010-01-01,2010-06-30,,0.96,0.96,7532000.0,0.94,5725000.0,,25401000.0,,71039000.0,149500000.0,11456000.0,9389000.0,50396000.0,50396000.0,39677000.0,10719000.0,207276000.0,20440000.0,24117000.0,,5117000.0,42468000.0,60196000.0,,10636000.0,18153000.0,119823000.0,,18988000.0,226264000.0,202756000.0,89430000.0,75797000.0,296706000.0,,41400000.0,41400000.0,42200000.0
SVB Financial Group,SIVB,549300D2KJ20JMXE7542,719739,2010.0,Q1,2010-01-01,2010-03-31,2011-05-06 16:13:31+00:00,0.45,0.45,3665000.0,0.44,2840000.0,,11582000.0,,33237000.0,73942000.0,5514000.0,4286000.0,29210000.0,29210000.0,18557000.0,10653000.0,100840000.0,10472000.0,17986000.0,,2511000.0,18939000.0,28776000.0,,5049000.0,10745000.0,59830000.0,,9179000.0,110019000.0,98576000.0,49273000.0,40792000.0,150113000.0,,41200000.0,41200000.0,42200000.0
SVB Financial Group,SIVB,549300D2KJ20JMXE7542,719739,2011.0,FY,2011-01-01,2011-12-31,2014-02-27 17:30:34+00:00,4.0,4.0,8862000.0,3.94,6486000.0,,119087000.0,,169072000.0,389830000.0,30249000.0,24250000.0,282793000.0,282793000.0,171902000.0,110891000.0,526277000.0,47959000.0,231832000.0,,12201000.0,105078000.0,138299000.0,,10298000.0,6101000.0,313043000.0,,39111000.0,565388000.0,500628000.0,382332000.0,401880000.0,908609000.0,,43000000.0,43000000.0,43600000.0
SVB Financial Group,SIVB,549300D2KJ20JMXE7542,719739,2011.0,Q4,2011-10-01,2011-12-31,,0.82,0.82,1483000.0,0.82,1514000.0,,26284000.0,,41393000.0,104895000.0,6249000.0,6821000.0,43890000.0,43890000.0,35574000.0,8316000.0,140070000.0,14224000.0,32400000.0,,3749000.0,30793000.0,36910000.0,,2358000.0,8245000.0,80514000.0,,7732000.0,147802000.0,134710000.0,73059000.0,70174000.0,213129000.0,,43000000.0,43000000.0,43600000.0
SVB Financial Group,SIVB,549300D2KJ20JMXE7542,719739,2011.0,Q3,2011-07-01,2011-09-30,2012-11-08 19:04:03+00:00,0.87,0.87,1715000.0,0.86,1375000.0,,26770000.0,,40256000.0,101693000.0,6154000.0,5886000.0,76076000.0,76076000.0,37571000.0,38505000.0,135455000.0,12187000.0,62213000.0,,3040000.0,30067000.0,30358000.0,,2302000.0,769000.0,77009000.0,,7869000.0,143324000.0,127451000.0,95611000.0,102846000.0,231066000.0,,43200000.0,43200000.0,43700000.0
SVB Financial Group,SIVB,549300D2KJ20JMXE7542,719739,2011.0,Q3YTD,2011-01-01,2011-09-30,,3.18,3.18,7379000.0,3.12,4972000.0,,92803000.0,,127679000.0,284935000.0,24000000.0,17429000.0,238903000.0,238903000.0,136328000.0,102575000.0,386207000.0,33735000.0,199432000.0,,8452000.0,74285000.0,101389000.0,,7940000.0,-2144000.0,232529000.0,,31379000.0,417586000.0,365918000.0,309273000.0,331706000.0,695480000.0,,43200000.0,43200000.0,43700000.0
SVB Financial Group,SIVB,549300D2KJ20JMXE7542,719739,2011.0,Q3TTM,2010-10-01,2011-09-30,,3.59,3.59,10842000.0,3.53,7488000.0,,103808000.0,,154548000.0,374259000.0,34728000.0,23124000.0,272885000.0,272885000.0,153815000.0,119070000.0,490725000.0,45017000.0,230329000.0,,11065000.0,103361000.0,139743000.0,,11165000.0,13360000.0,299142000.0,,45570000.0,536295000.0,481809000.0,381137000.0,376693000.0,871862000.0,,43200000.0,43200000.0,43700000.0
SVB Financial Group,SIVB,549300D2KJ20JMXE7542,719739,2011.0,Q2,2011-04-01,2011-06-30,2012-08-08 16:07:42+00:00,1.53,1.53,2559000.0,1.5,1595000.0,,43263000.0,,45100000.0,93466000.0,7149000.0,5890000.0,89732000.0,89732000.0,65750000.0,23982000.0,130453000.0,10986000.0,85331000.0,,2702000.0,22105000.0,35675000.0,,2163000.0,134000.0,79888000.0,,9708000.0,140161000.0,121032000.0,123708000.0,132995000.0,254161000.0,,43000000.0,43000000.0,43800000.0
SVB Financial Group,SIVB,549300D2KJ20JMXE7542,719739,2011.0,Q2YTD,2011-01-01,2011-06-30,,2.31,2.31,5664000.0,2.26,3597000.0,,66033000.0,,87423000.0,183242000.0,17846000.0,11543000.0,162827000.0,162827000.0,98757000.0,64070000.0,250752000.0,21548000.0,137219000.0,,5412000.0,44218000.0,71031000.0,,5638000.0,-2913000.0,155520000.0,,23510000.0,274262000.0,238467000.0,213662000.0,228860000.0,464414000.0,,43000000.0,43000000.0,43800000.0
SVB Financial Group,SIVB,549300D2KJ20JMXE7542,719739,2011.0,Q2TTM,2010-07-01,2011-06-30,,3.62,3.62,12910000.0,3.56,8832000.0,,102034000.0,,147615000.0,353282000.0,35208000.0,22391000.0,249248000.0,249248000.0,154031000.0,95217000.0,461611000.0,43509000.0,215984000.0,,10777000.0,96826000.0,145001000.0,,11500000.0,23562000.0,284303000.0,,48118000.0,509729000.0,458529000.0,371762000.0,351282000.0,833373000.0,,43000000.0,43000000.0,43800000.0
SVB Financial Group,SIVB,549300D2KJ20JMXE7542,719739,2011.0,Q1,2011-01-01,2011-03-31,2012-05-10 15:25:22+00:00,0.78,0.78,3105000.0,0.76,2002000.0,,22770000.0,,42323000.0,89776000.0,10697000.0,5653000.0,73095000.0,73095000.0,33007000.0,40088000.0,120299000.0,10562000.0,51888000.0,,2710000.0,22113000.0,35356000.0,,3475000.0,-3047000.0,75632000.0,,13802000.0,134101000.0,117435000.0,89954000.0,95865000.0,210253000.0,,42300000.0,42300000.0,43400000.0
SVB Financial Group,SIVB,549300D2KJ20JMXE7542,719739,2011.0,Q1TTM,2010-04-01,2011-03-31,,2.6,2.6,14218000.0,2.56,10122000.0,,72590000.0,,140317000.0,335374000.0,34001000.0,21604000.0,180702000.0,180702000.0,109401000.0,71301000.0,437594000.0,42491000.0,136784000.0,,10681000.0,98250000.0,140746000.0,,14924000.0,30836000.0,264408000.0,,48219000.0,485813000.0,441677000.0,288211000.0,253292000.0,725805000.0,,42300000.0,42300000.0,43400000.0
SVB Financial Group,SIVB,549300D2KJ20JMXE7542,719739,2012.0,FY,2012-01-01,2012-12-31,2014-02-27 17:30:34+00:00,3.96,3.96,6660000.0,3.91,4145000.0,,113269000.0,,175427000.0,469146000.0,24194000.0,29409000.0,249813000.0,249813000.0,175103000.0,74710000.0,617864000.0,63225000.0,140793000.0,,15150000.0,115463000.0,179603000.0,,10959000.0,44330000.0,326942000.0,,30854000.0,648718000.0,545998000.0,335546000.0,363082000.0,953410000.0,,44200000.0,44200000.0,44800000.0
SVB Financial Group,SIVB,549300D2KJ20JMXE7542,719739,2012.0,Q4,2012-10-01,2012-12-31,,1.14,1.14,5179000.0,1.13,3107000.0,,89513000.0,,127152000.0,359685000.0,17838000.0,21663000.0,209880000.0,209880000.0,50421000.0,69567000.0,466927000.0,50038000.0,126978000.0,89892000.0,11514000.0,105148000.0,137761000.0,,8461000.0,44330000.0,243205000.0,,23017000.0,489944000.0,413986000.0,276253000.0,299393000.0,743180000.0,,44200000.0,44200000.0,44800000.0
SVB Financial Group,SIVB,549300D2KJ20JMXE7542,719739,2012.0,Q3,2012-07-01,2012-09-30,2013-11-08 17:09:31+00:00,0.95,0.95,,0.94,,,,,,,,,,,42289000.0,,,,,-42289000.0,,,,,,,,,,,,,,,,44500000.0,44449000.0,44915000.0
SVB Financial Group,SIVB,549300D2KJ20JMXE7542,719739,2012.0,Q3YTD,2012-01-01,2012-09-30,,2.82,2.82,1481000.0,2.78,1038000.0,,23756000.0,,48275000.0,109461000.0,6356000.0,7746000.0,39933000.0,39933000.0,124682000.0,5143000.0,150937000.0,13187000.0,13815000.0,-89892000.0,3636000.0,10315000.0,41842000.0,,2498000.0,,83737000.0,,7837000.0,158774000.0,132012000.0,59293000.0,63689000.0,210230000.0,,44500000.0,44449000.0,44915000.0
SVB Financial Group,SIVB,549300D2KJ20JMXE7542,719739,2012.0,Q3TTM,2011-10-01,2012-09-30,,3.64,3.64,2964000.0,3.6,2552000.0,,50040000.0,,89668000.0,214356000.0,12605000.0,14567000.0,83823000.0,83823000.0,160256000.0,13459000.0,291007000.0,27411000.0,46215000.0,-89892000.0,7385000.0,41108000.0,78752000.0,,4856000.0,8245000.0,164251000.0,,15569000.0,306576000.0,266722000.0,132352000.0,133863000.0,423359000.0,,44500000.0,44449000.0,44915000.0
SVB Financial Group,SIVB,549300D2KJ20JMXE7542,719739,2012.0,Q2,2012-04-01,2012-06-30,2013-08-08 16:47:59+00:00,1.08,1.08,,1.06,,,,,,,,,,,47603000.0,,,,,-47603000.0,,,,,,,,,,,,,,,,44100000.0,44207000.0,44712000.0
SVB Financial Group,SIVB,549300D2KJ20JMXE7542,719739,2012.0,Q2YTD,2012-01-01,2012-06-30,,1.87,1.87,1481000.0,1.84,1038000.0,,23756000.0,,48275000.0,109461000.0,6356000.0,7746000.0,39933000.0,39933000.0,82393000.0,5143000.0,150937000.0,13187000.0,13815000.0,-47603000.0,3636000.0,10315000.0,41842000.0,,2498000.0,,83737000.0,,7837000.0,158774000.0,132012000.0,59293000.0,63689000.0,210230000.0,,44100000.0,44207000.0,44712000.0
SVB Financial Group,SIVB,549300D2KJ20JMXE7542,719739,2012.0,Q2TTM,2011-07-01,2012-06-30,,3.56,3.56,4679000.0,3.52,3927000.0,,76810000.0,,129924000.0,316049000.0,18759000.0,20453000.0,159899000.0,159899000.0,155538000.0,51964000.0,426462000.0,39598000.0,108428000.0,-47603000.0,10425000.0,71175000.0,109110000.0,,7158000.0,9014000.0,241260000.0,,23438000.0,449900000.0,394173000.0,227963000.0,236709000.0,654425000.0,,44100000.0,44207000.0,44712000.0
SVB Financial Group,SIVB,549300D2KJ20JMXE7542,719739,2012.0,Q1TTM,2011-04-01,2012-03-31,,4.01,4.01,7238000.0,3.96,5522000.0,,120073000.0,,175024000.0,409515000.0,25908000.0,26343000.0,249631000.0,249631000.0,173685000.0,75946000.0,556915000.0,50584000.0,193759000.0,,13127000.0,93280000.0,144785000.0,,9321000.0,9148000.0,321148000.0,,33146000.0,590061000.0,515205000.0,351671000.0,369704000.0,908586000.0,,44000000.0,44000000.0,44600000.0
SVB Financial Group,SIVB,549300D2KJ20JMXE7542,719739,2013.0,FY,2013-01-01,2013-12-31,2016-02-26 17:34:35+00:00,4.73,4.73,9128000.0,4.67,4054000.0,,146830000.0,,183363000.0,542204000.0,23149000.0,33334000.0,544783000.0,544783000.0,214517000.0,330266000.0,697344000.0,70872000.0,461592000.0,,14716000.0,131453000.0,196898000.0,,12784000.0,63693000.0,366801000.0,,32277000.0,729621000.0,615244000.0,673206000.0,691613000.0,1370550000.0,,45309000.0,45309000.0,45309000.0
SVB Financial Group,SIVB,549300D2KJ20JMXE7542,719739,2013.0,Q4,2013-10-01,2013-12-31,,1.26,1.26,6731000.0,1.25,2902000.0,,99426000.0,,138962000.0,402517000.0,17402000.0,25956000.0,328603000.0,328603000.0,57421000.0,181707000.0,520248000.0,52803000.0,264308000.0,89475000.0,10926000.0,96158000.0,140322000.0,,9871000.0,53055000.0,269932000.0,,24133000.0,544381000.0,454720000.0,415556000.0,428029000.0,935804000.0,,45309000.0,45309000.0,45309000.0
SVB Financial Group,SIVB,549300D2KJ20JMXE7542,719739,2013.0,Q3YTD,2013-01-01,2013-09-30,,3.47,3.47,2397000.0,3.42,1152000.0,,47404000.0,,44401000.0,139687000.0,5747000.0,7378000.0,216180000.0,216180000.0,157096000.0,148559000.0,177096000.0,18069000.0,197284000.0,-89475000.0,3790000.0,35295000.0,56576000.0,,2913000.0,10638000.0,96869000.0,,8144000.0,185240000.0,160524000.0,257650000.0,263584000.0,434746000.0,,45580000.0,45580000.0,45580000.0
SVB Financial Group,SIVB,549300D2KJ20JMXE7542,719739,2013.0,Q3TTM,2012-10-01,2013-09-30,,4.61,4.61,7576000.0,4.55,4259000.0,,136917000.0,,171553000.0,499372000.0,23585000.0,29041000.0,426060000.0,426060000.0,207517000.0,218126000.0,644023000.0,68107000.0,324262000.0,417000.0,15304000.0,140443000.0,194337000.0,,11374000.0,54968000.0,340074000.0,,31161000.0,675184000.0,574510000.0,533903000.0,562977000.0,1177926000.0,,45580000.0,45580000.0,45580000.0
SVB Financial Group,SIVB,549300D2KJ20JMXE7542,719739,2013.0,Q3,2013-07-01,2013-09-30,2014-11-07 16:36:03+00:00,1.48,1.48,2397000.0,1.46,1152000.0,,47404000.0,,44401000.0,139687000.0,5747000.0,7378000.0,216180000.0,216180000.0,67621000.0,148559000.0,177096000.0,18069000.0,197284000.0,,3790000.0,35295000.0,56576000.0,,2913000.0,10638000.0,96869000.0,,8144000.0,185240000.0,160524000.0,257650000.0,263584000.0,434746000.0,,45580000.0,45580000.0,45580000.0
SVB Financial Group,SIVB,549300D2KJ20JMXE7542,719739,2013.0,Q2,2013-04-01,2013-06-30,2014-08-08 16:19:09+00:00,1.08,1.08,,1.06,,,,,,,,,,,48584000.0,,,,,-48584000.0,,,,,,,,,,,,,,,,45000000.0,45164000.0,45684000.0
SVB Financial Group,SIVB,549300D2KJ20JMXE7542,719739,2013.0,Q2YTD,2013-01-01,2013-06-30,,1.99,1.99,,1.96,,,,,,,,,,,89475000.0,,,,,-89475000.0,,,,,,,,,,,,,,,,45000000.0,45164000.0,45684000.0
SVB Financial Group,SIVB,549300D2KJ20JMXE7542,719739,2013.0,Q2TTM,2012-07-01,2013-06-30,,4.08,4.08,5179000.0,4.03,3107000.0,,89513000.0,,127152000.0,359685000.0,17838000.0,21663000.0,209880000.0,209880000.0,182185000.0,69567000.0,466927000.0,50038000.0,126978000.0,-41872000.0,11514000.0,105148000.0,137761000.0,,8461000.0,44330000.0,243205000.0,,23017000.0,489944000.0,413986000.0,276253000.0,299393000.0,743180000.0,,45000000.0,45164000.0,45684000.0
SVB Financial Group,SIVB,549300D2KJ20JMXE7542,719739,2013.0,Q1,2013-01-01,2013-03-31,2014-05-09 16:48:07+00:00,0.91,0.91,,0.9,,,,,,,,,,,40891000.0,,,,,-40891000.0,,,,,,,,,,,,,,,,44900000.0,44802000.0,45393000.0
SVB Financial Group,SIVB,549300D2KJ20JMXE7542,719739,2013.0,Q1TTM,2012-04-01,2013-03-31,,4.08,4.08,5179000.0,4.03,3107000.0,,89513000.0,,127152000.0,359685000.0,17838000.0,21663000.0,209880000.0,209880000.0,181204000.0,69567000.0,466927000.0,50038000.0,126978000.0,-40891000.0,11514000.0,105148000.0,137761000.0,,8461000.0,44330000.0,243205000.0,,23017000.0,489944000.0,413986000.0,276253000.0,299393000.0,743180000.0,,44900000.0,44802000.0,45393000.0
SVB Financial Group,SIVB,549300D2KJ20JMXE7542,719739,2014.0,FY,2014-01-01,2014-12-31,2017-02-28 16:06:27+00:00,5.39,5.39,12114000.0,5.31,6464000.0,,183508000.0,,274507000.0,610945000.0,23207000.0,40057000.0,478660000.0,478660000.0,263870000.0,214790000.0,856595000.0,79720000.0,363868000.0,,15649000.0,158711000.0,192722000.0,,19206000.0,59486000.0,409486000.0,,35321000.0,891916000.0,707180000.0,572239000.0,662168000.0,1428834000.0,,48931000.0,48931000.0,48931000.0
SVB Financial Group,SIVB,549300D2KJ20JMXE7542,719739,2014.0,Q4,2014-10-01,2014-12-31,,1.09,1.09,3181000.0,1.08,1163000.0,,46077000.0,,80761000.0,161801000.0,5807000.0,10592000.0,129795000.0,129795000.0,57990000.0,71805000.0,234737000.0,21017000.0,128152000.0,,4142000.0,41685000.0,35343000.0,,5546000.0,40435000.0,107227000.0,,8988000.0,243725000.0,186067000.0,167637000.0,175872000.0,402374000.0,,48931000.0,48931000.0,48931000.0
SVB Financial Group,SIVB,549300D2KJ20JMXE7542,719739,2014.0,Q3YTD,2014-01-01,2014-09-30,,4.3,4.3,8933000.0,4.23,5301000.0,,137431000.0,,193746000.0,449144000.0,17400000.0,29465000.0,348865000.0,348865000.0,205880000.0,142985000.0,621858000.0,58703000.0,235716000.0,,11507000.0,117026000.0,157379000.0,,13660000.0,19051000.0,302259000.0,,26333000.0,648191000.0,521113000.0,404602000.0,486296000.0,1026460000.0,,50752000.0,50752000.0,50752000.0
SVB Financial Group,SIVB,549300D2KJ20JMXE7542,719739,2014.0,Q3TTM,2013-10-01,2014-09-30,,5.56,5.56,13613000.0,5.48,7484000.0,,210456000.0,,286157000.0,727917000.0,29008000.0,47149000.0,616923000.0,616923000.0,263301000.0,305038000.0,978937000.0,95014000.0,461546000.0,48584000.0,18998000.0,186833000.0,261010000.0,,20149000.0,72106000.0,483487000.0,,42621000.0,1021558000.0,826819000.0,741554000.0,827379000.0,1720491000.0,,50752000.0,50752000.0,50752000.0
SVB Financial Group,SIVB,549300D2KJ20JMXE7542,719739,2014.0,Q3,2014-07-01,2014-09-30,2015-11-06 16:04:13+00:00,1.26,1.26,2961000.0,1.24,1722000.0,,40207000.0,,74312000.0,153292000.0,5800000.0,10022000.0,64154000.0,64154000.0,63977000.0,177000.0,220565000.0,20068000.0,32182000.0,,4557000.0,45152000.0,43428000.0,,4587000.0,16610000.0,99932000.0,,8761000.0,229326000.0,179761000.0,80167000.0,104361000.0,300732000.0,,50752000.0,50752000.0,50752000.0
SVB Financial Group,SIVB,549300D2KJ20JMXE7542,719739,2014.0,Q2YTD,2014-01-01,2014-06-30,,3.04,3.04,5972000.0,2.99,3579000.0,,97224000.0,,119434000.0,295852000.0,11600000.0,19443000.0,284711000.0,284711000.0,141903000.0,142808000.0,401293000.0,38635000.0,203534000.0,,6950000.0,71874000.0,113951000.0,,9073000.0,2441000.0,202327000.0,,17572000.0,418865000.0,341352000.0,324435000.0,381935000.0,725728000.0,,48168000.0,48168000.0,48168000.0
SVB Financial Group,SIVB,549300D2KJ20JMXE7542,719739,2014.0,Q2TTM,2013-07-01,2014-06-30,,5.78,5.78,13049000.0,5.7,6914000.0,,217653000.0,,256246000.0,714312000.0,28955000.0,44505000.0,768949000.0,768949000.0,266945000.0,453420000.0,935468000.0,93015000.0,626648000.0,48584000.0,18231000.0,176976000.0,274158000.0,,18475000.0,66134000.0,480424000.0,,42004000.0,977472000.0,807582000.0,919037000.0,986602000.0,1854505000.0,,48168000.0,48168000.0,48168000.0
SVB Financial Group,SIVB,549300D2KJ20JMXE7542,719739,2014.0,Q2,2014-04-01,2014-06-30,2015-08-07 17:12:57+00:00,1.06,1.06,3068000.0,1.04,1943000.0,,35928000.0,,64218000.0,147680000.0,5808000.0,9249000.0,10356000.0,10356000.0,50953000.0,-40597000.0,204965000.0,19733000.0,-44545000.0,,2810000.0,37197000.0,55945000.0,,4945000.0,1947000.0,99820000.0,,8876000.0,213841000.0,170944000.0,14210000.0,46284000.0,219175000.0,,48168000.0,48168000.0,48168000.0
SVB Financial Group,SIVB,549300D2KJ20JMXE7542,719739,2014.0,Q1TTM,2013-04-01,2014-03-31,,5.8,5.8,9981000.0,5.72,4971000.0,,181725000.0,,192028000.0,566632000.0,23147000.0,35256000.0,758593000.0,758593000.0,264576000.0,494017000.0,730503000.0,73282000.0,671193000.0,,15421000.0,139779000.0,218213000.0,,13530000.0,64187000.0,380604000.0,,33128000.0,763631000.0,636638000.0,904827000.0,940318000.0,1635330000.0,,45866000.0,45866000.0,45866000.0
SVB Financial Group,SIVB,549300D2KJ20JMXE7542,719739,2014.0,Q1,2014-01-01,2014-03-31,2015-05-11 17:19:03+00:00,1.98,1.98,2904000.0,1.95,1636000.0,,61296000.0,,55216000.0,148172000.0,5792000.0,10194000.0,274355000.0,274355000.0,90950000.0,183405000.0,196328000.0,18902000.0,248079000.0,,4140000.0,34677000.0,58006000.0,,4128000.0,494000.0,102507000.0,,8696000.0,205024000.0,170408000.0,310225000.0,335651000.0,506553000.0,,45866000.0,45866000.0,45866000.0
SVB Financial Group,SIVB,549300D2KJ20JMXE7542,719739,2015.0,FY,2015-01-01,2015-12-31,2018-02-28 16:54:38+00:00,6.7,6.7,5447000.0,6.62,6067000.0,,228754000.0,,347551000.0,693147000.0,34893000.0,39524000.0,374820000.0,374820000.0,343904000.0,30916000.0,1006425000.0,86601000.0,160408000.0,,20889000.0,154541000.0,291497000.0,,25455000.0,95683000.0,473841000.0,,40340000.0,1046765000.0,779962000.0,472794000.0,603574000.0,1479219000.0,,51318000.0,51318000.0,51318000.0
SVB Financial Group,SIVB,549300D2KJ20JMXE7542,719739,2015.0,Q4,2015-10-01,2015-12-31,,1.69,1.69,1164000.0,1.68,1996000.0,,53697000.0,,91835000.0,185401000.0,8999000.0,10620000.0,90009000.0,90009000.0,87512000.0,2497000.0,269069000.0,25791000.0,17112000.0,,5574000.0,43582000.0,91820000.0,,6750000.0,29315000.0,123811000.0,,10163000.0,279232000.0,210554000.0,114506000.0,143706000.0,383575000.0,,51318000.0,51318000.0,51318000.0
SVB Financial Group,SIVB,549300D2KJ20JMXE7542,719739,2015.0,Q3,2015-07-01,2015-09-30,2016-11-08 16:07:42+00:00,1.59,1.59,1158000.0,1.57,1482000.0,,57017000.0,,88316000.0,174993000.0,8973000.0,8028000.0,87962000.0,87962000.0,81733000.0,6229000.0,254660000.0,20904000.0,29012000.0,,5341000.0,39524000.0,74124000.0,,6954000.0,33403000.0,109345000.0,,10131000.0,264791000.0,184755000.0,108477000.0,144979000.0,363137000.0,,51479000.0,51479000.0,51479000.0
SVB Financial Group,SIVB,549300D2KJ20JMXE7542,719739,2015.0,Q3YTD,2015-01-01,2015-09-30,,5.01,5.01,4283000.0,4.94,4071000.0,,175057000.0,,255716000.0,507746000.0,25894000.0,28904000.0,284811000.0,284811000.0,256392000.0,28419000.0,737356000.0,60810000.0,143296000.0,,15315000.0,110959000.0,199677000.0,,18705000.0,66368000.0,350030000.0,,30177000.0,767533000.0,569408000.0,358288000.0,459868000.0,1095644000.0,,51479000.0,51479000.0,51479000.0
SVB Financial Group,SIVB,549300D2KJ20JMXE7542,719739,2015.0,Q3TTM,2014-10-01,2015-09-30,,6.1,6.1,7464000.0,6.02,5234000.0,,221134000.0,,336477000.0,669547000.0,31701000.0,39496000.0,414606000.0,414606000.0,314382000.0,100224000.0,972093000.0,81827000.0,271448000.0,,19457000.0,152644000.0,235020000.0,,24251000.0,106803000.0,457257000.0,,39165000.0,1011258000.0,755475000.0,525925000.0,635740000.0,1498018000.0,,102958000.0,102958000.0,102958000.0
SVB Financial Group,SIVB,549300D2KJ20JMXE7542,719739,2015.0,Q2,2015-04-01,2015-06-30,2016-08-08 17:21:56+00:00,1.68,1.68,1182000.0,1.66,1320000.0,,54974000.0,,85354000.0,167252000.0,8973000.0,9764000.0,94459000.0,94459000.0,86143000.0,8316000.0,243771000.0,19936000.0,41292000.0,,4772000.0,33535000.0,80223000.0,,5962000.0,26513000.0,124915000.0,,10155000.0,253926000.0,194112000.0,126287000.0,149433000.0,370058000.0,,51268000.0,51268000.0,51268000.0
SVB Financial Group,SIVB,549300D2KJ20JMXE7542,719739,2015.0,Q2YTD,2015-01-01,2015-06-30,,3.42,3.42,3125000.0,3.37,2589000.0,,118040000.0,,167400000.0,332753000.0,16921000.0,20876000.0,196849000.0,196849000.0,174659000.0,22190000.0,482696000.0,39906000.0,114284000.0,,9974000.0,71435000.0,125553000.0,,11751000.0,32965000.0,240685000.0,,20046000.0,502742000.0,384653000.0,249811000.0,314889000.0,732507000.0,,51268000.0,51268000.0,51268000.0
SVB Financial Group,SIVB,549300D2KJ20JMXE7542,719739,2015.0,Q2TTM,2014-07-01,2015-06-30,,5.77,5.77,9267000.0,5.69,5474000.0,,204324000.0,,322473000.0,647846000.0,28528000.0,41490000.0,390798000.0,390798000.0,296626000.0,94172000.0,937998000.0,80991000.0,274618000.0,,18673000.0,158272000.0,204324000.0,,21884000.0,90010000.0,447844000.0,,37795000.0,975793000.0,750481000.0,497615000.0,595122000.0,1435613000.0,,51268000.0,51268000.0,51268000.0
SVB Financial Group,SIVB,549300D2KJ20JMXE7542,719739,2015.0,Q1,2015-01-01,2015-03-31,2016-05-09 19:14:52+00:00,1.74,1.74,1943000.0,1.71,1269000.0,,63066000.0,,82046000.0,165501000.0,7948000.0,11112000.0,102390000.0,102390000.0,88516000.0,13874000.0,238925000.0,19970000.0,72992000.0,,5202000.0,37900000.0,45330000.0,,5789000.0,6452000.0,115770000.0,,9891000.0,248816000.0,190541000.0,123524000.0,165456000.0,362449000.0,,51009000.0,51009000.0,51009000.0
SVB Financial Group,SIVB,549300D2KJ20JMXE7542,719739,2015.0,Q1TTM,2014-04-01,2015-03-31,,5.15,5.15,11153000.0,5.07,6097000.0,,185278000.0,,301337000.0,628274000.0,25363000.0,40975000.0,306695000.0,306695000.0,261436000.0,45259000.0,899192000.0,80788000.0,188781000.0,,16711000.0,161934000.0,180046000.0,,20867000.0,65444000.0,422749000.0,,36516000.0,935708000.0,727313000.0,385538000.0,491973000.0,1284730000.0,,51009000.0,51009000.0,51009000.0
SVB Financial Group,SIVB,549300D2KJ20JMXE7542,719739,2016.0,FY,2016-01-01,2016-12-31,2019-02-28 17:09:01+00:00,7.37,7.37,5611000.0,7.31,10070000.0,,250333000.0,,349171000.0,834155000.0,37262000.0,40130000.0,390266000.0,390266000.0,382685000.0,7581000.0,1150523000.0,105430000.0,89632000.0,,25644000.0,169682000.0,288752000.0,,30285000.0,106679000.0,514270000.0,52524000.0,42873000.0,1193396000.0,859797000.0,456552000.0,640599000.0,1607075000.0,,51915000.0,51915000.0,51915000.0
SVB Financial Group,SIVB,549300D2KJ20JMXE7542,719739,2016.0,Q4,2016-10-01,2016-12-31,,1.92,1.92,1627000.0,1.89,4277000.0,,54825000.0,,86357000.0,216699000.0,9101000.0,10053000.0,103642000.0,103642000.0,99466000.0,4176000.0,296605000.0,28650000.0,14615000.0,,7230000.0,47962000.0,39133000.0,,8661000.0,16454000.0,139860000.0,52524000.0,10728000.0,307333000.0,235186000.0,113502000.0,158467000.0,410107000.0,,51915000.0,51915000.0,51915000.0
SVB Financial Group,SIVB,549300D2KJ20JMXE7542,719739,2016.0,Q3,2016-07-01,2016-09-30,2017-11-08 16:28:01+00:00,2.13,2.13,1535000.0,2.12,2196000.0,,76877000.0,,83990000.0,214227000.0,9717000.0,8504000.0,115647000.0,115647000.0,111081000.0,4566000.0,289161000.0,25816000.0,44736000.0,,6811000.0,42080000.0,92593000.0,,7805000.0,20004000.0,136568000.0,,11252000.0,300413000.0,220773000.0,144140000.0,192524000.0,433301000.0,,52046000.0,52046000.0,52046000.0
SVB Financial Group,SIVB,549300D2KJ20JMXE7542,719739,2016.0,Q3YTD,2016-01-01,2016-09-30,,5.45,5.45,3984000.0,5.42,5793000.0,,195508000.0,,262814000.0,617456000.0,28161000.0,30077000.0,286624000.0,286624000.0,283219000.0,3405000.0,853918000.0,76780000.0,75017000.0,,18414000.0,121720000.0,249619000.0,,21624000.0,90225000.0,374410000.0,,32145000.0,886063000.0,624611000.0,343050000.0,482132000.0,1196968000.0,,52046000.0,52046000.0,52046000.0
SVB Financial Group,SIVB,549300D2KJ20JMXE7542,719739,2016.0,Q3TTM,2015-10-01,2016-09-30,,7.14,7.14,5148000.0,7.1,7789000.0,,249205000.0,,354649000.0,802857000.0,37160000.0,40697000.0,376633000.0,376633000.0,370731000.0,5902000.0,1122987000.0,102571000.0,92129000.0,,23988000.0,165302000.0,341439000.0,,28374000.0,119540000.0,498221000.0,,42308000.0,1165295000.0,835165000.0,457556000.0,625838000.0,1580543000.0,,52046000.0,52046000.0,52046000.0
SVB Financial Group,SIVB,549300D2KJ20JMXE7542,719739,2016.0,Q2,2016-04-01,2016-06-30,2017-08-07 16:26:05+00:00,1.79,1.79,1261000.0,1.78,1527000.0,,65047000.0,,87178000.0,205287000.0,9395000.0,9327000.0,94380000.0,94380000.0,92964000.0,1416000.0,283336000.0,25945000.0,28359000.0,,6014000.0,42195000.0,78403000.0,,6892000.0,36746000.0,115580000.0,,10656000.0,293992000.0,199939000.0,112776000.0,159427000.0,396112000.0,,51831000.0,51831000.0,51831000.0
SVB Financial Group,SIVB,549300D2KJ20JMXE7542,719739,2016.0,Q2YTD,2016-01-01,2016-06-30,,3.32,3.32,2449000.0,3.3,3597000.0,,118631000.0,,178824000.0,403229000.0,18444000.0,21573000.0,170977000.0,170977000.0,172138000.0,-1161000.0,564757000.0,50964000.0,30281000.0,,11603000.0,79640000.0,157026000.0,,13819000.0,70221000.0,237842000.0,,20893000.0,585650000.0,403838000.0,198910000.0,289608000.0,763667000.0,,51831000.0,51831000.0,51831000.0
SVB Financial Group,SIVB,549300D2KJ20JMXE7542,719739,2016.0,Q2TTM,2015-07-01,2016-06-30,,6.6,6.6,4771000.0,6.55,7075000.0,,229345000.0,,358975000.0,763623000.0,36416000.0,40221000.0,348948000.0,348948000.0,341383000.0,7565000.0,1088486000.0,97659000.0,76405000.0,,22518000.0,162746000.0,322970000.0,,27523000.0,132939000.0,470998000.0,,41187000.0,1129673000.0,799147000.0,421893000.0,578293000.0,1510379000.0,,51831000.0,51831000.0,51831000.0
SVB Financial Group,SIVB,549300D2KJ20JMXE7542,719739,2016.0,Q1,2016-01-01,2016-03-31,2017-05-09 18:17:48+00:00,1.53,1.53,1188000.0,1.52,2070000.0,,53584000.0,,91646000.0,197942000.0,9049000.0,12246000.0,76597000.0,76597000.0,79174000.0,-2577000.0,281421000.0,25019000.0,1922000.0,,5589000.0,37445000.0,78623000.0,,6927000.0,33475000.0,122262000.0,,10237000.0,291658000.0,203899000.0,86134000.0,130181000.0,367555000.0,,51646000.0,51646000.0,51646000.0
SVB Financial Group,SIVB,549300D2KJ20JMXE7542,719739,2016.0,Q1TTM,2015-04-01,2016-03-31,,6.49,6.49,4692000.0,6.43,6868000.0,,219272000.0,,357151000.0,725588000.0,35994000.0,40658000.0,349027000.0,349027000.0,334562000.0,14465000.0,1048921000.0,91650000.0,89338000.0,,21276000.0,154086000.0,324790000.0,,26593000.0,122706000.0,480333000.0,,40686000.0,1089607000.0,793320000.0,435404000.0,568299000.0,1484325000.0,,51646000.0,51646000.0,51646000.0
SVB Financial Group,SIVB,549300D2KJ20JMXE7542,719739,2017.0,FY,2017-01-01,2017-12-31,2020-02-28 16:20:25+00:00,9.33,9.33,8676000.0,9.2,21505000.0,,355463000.0,0.0,417847000.0,1025788000.0,36095000.0,41978000.0,519178000.0,519178000.0,490506000.0,28672000.0,1420369000.0,120150000.0,119158000.0,,28544000.0,207056000.0,350814000.0,,35069000.0,92304000.0,606402000.0,58715000.0,44771000.0,1465140000.0,1010655000.0,557231000.0,874641000.0,1977600000.0,0.0,52588000.0,52588000.0,52588000.0
SVB Financial Group,SIVB,549300D2KJ20JMXE7542,719739,2017.0,Q4,2017-10-01,2017-12-31,,2.23,2.23,2458000.0,2.18,4835000.0,,135051000.0,-12982000.0,120376000.0,279805000.0,8852000.0,11065000.0,124664000.0,124664000.0,117210000.0,7454000.0,393706000.0,30960000.0,27888000.0,,7593000.0,56285000.0,85560000.0,,8715000.0,22242000.0,156990000.0,44207000.0,11310000.0,405016000.0,264015000.0,152266000.0,259715000.0,545972000.0,,52588000.0,52588000.0,52588000.0
SVB Financial Group,SIVB,549300D2KJ20JMXE7542,719739,2017.0,Q3,2017-07-01,2017-09-30,2018-11-09 09:08:36+00:00,2.82,2.82,2304000.0,2.79,6211000.0,,97351000.0,,110615000.0,268445000.0,8993000.0,10329000.0,154118000.0,154118000.0,148620000.0,5498000.0,373974000.0,31597000.0,40160000.0,,7306000.0,54213000.0,96804000.0,,8359000.0,23522000.0,153263000.0,14508000.0,11297000.0,385271000.0,257761000.0,158778000.0,251469000.0,532752000.0,,52705000.0,52705000.0,52705000.0
SVB Financial Group,SIVB,549300D2KJ20JMXE7542,719739,2017.0,Q3YTD,2017-01-01,2017-09-30,,7.1,7.1,6218000.0,7.02,16670000.0,,220412000.0,12982000.0,297471000.0,745983000.0,27243000.0,30913000.0,394514000.0,394514000.0,373296000.0,21218000.0,1026663000.0,89190000.0,91270000.0,,20951000.0,150771000.0,265254000.0,,26354000.0,70062000.0,449412000.0,14508000.0,33461000.0,1060124000.0,746640000.0,404965000.0,614926000.0,1431628000.0,,52705000.0,52705000.0,52705000.0
SVB Financial Group,SIVB,549300D2KJ20JMXE7542,719739,2017.0,Q3TTM,2016-10-01,2017-09-30,,9.02,9.02,7845000.0,8.91,20947000.0,,275237000.0,12982000.0,383828000.0,962682000.0,36344000.0,40966000.0,498156000.0,498156000.0,472762000.0,25394000.0,1323268000.0,117840000.0,105885000.0,,28181000.0,198733000.0,304387000.0,,35015000.0,86516000.0,589272000.0,67032000.0,44189000.0,1367457000.0,981826000.0,518467000.0,773393000.0,1841735000.0,,52705000.0,52705000.0,52705000.0
SVB Financial Group,SIVB,549300D2KJ20JMXE7542,719739,2017.0,Q2,2017-04-01,2017-06-30,2018-08-07 16:06:39+00:00,2.34,2.34,2197000.0,2.32,7323000.0,,71656000.0,12982000.0,96407000.0,250197000.0,9034000.0,11389000.0,132516000.0,132516000.0,123193000.0,9323000.0,342696000.0,30084000.0,28450000.0,,7006000.0,51487000.0,80090000.0,,9313000.0,15806000.0,148973000.0,,11231000.0,353927000.0,251246000.0,128528000.0,204172000.0,471224000.0,,52537000.0,52537000.0,52537000.0
SVB Financial Group,SIVB,549300D2KJ20JMXE7542,719739,2017.0,Q2YTD,2017-01-01,2017-06-30,,4.28,4.28,3914000.0,4.23,10459000.0,,123061000.0,12982000.0,186856000.0,477538000.0,18250000.0,20584000.0,240396000.0,240396000.0,224676000.0,15720000.0,652689000.0,57593000.0,51110000.0,,13645000.0,96558000.0,168450000.0,,17995000.0,46540000.0,296149000.0,,22164000.0,674853000.0,488879000.0,246187000.0,363457000.0,898876000.0,,52537000.0,52537000.0,52537000.0
SVB Financial Group,SIVB,549300D2KJ20JMXE7542,719739,2017.0,Q2TTM,2016-07-01,2017-06-30,,8.33,8.33,7076000.0,8.24,16932000.0,,254763000.0,12982000.0,357203000.0,908464000.0,37068000.0,39141000.0,459685000.0,459685000.0,435223000.0,24462000.0,1238455000.0,112059000.0,110461000.0,,27686000.0,186600000.0,300176000.0,,34461000.0,82998000.0,572577000.0,52524000.0,44144000.0,1282599000.0,944838000.0,503829000.0,714448000.0,1742284000.0,,52537000.0,52537000.0,52537000.0
SVB Financial Group,SIVB,549300D2KJ20JMXE7542,719739,2017.0,Q1,2017-01-01,2017-03-31,2018-05-08 16:15:25+00:00,1.94,1.94,1717000.0,1.91,3136000.0,,51405000.0,,90449000.0,227341000.0,9216000.0,9195000.0,107880000.0,107880000.0,101483000.0,6397000.0,309993000.0,27509000.0,22660000.0,,6639000.0,45071000.0,88360000.0,,8682000.0,30734000.0,147176000.0,,10933000.0,320926000.0,237633000.0,117659000.0,159285000.0,427652000.0,,52344000.0,52344000.0,52344000.0
SVB Financial Group,SIVB,549300D2KJ20JMXE7542,719739,2017.0,Q1TTM,2016-04-01,2017-03-31,,7.78,7.78,6140000.0,7.7,11136000.0,,248154000.0,,347974000.0,863554000.0,37429000.0,37079000.0,421549000.0,421549000.0,404994000.0,16555000.0,1179095000.0,107920000.0,110370000.0,,26694000.0,177308000.0,298489000.0,,32040000.0,103938000.0,539184000.0,52524000.0,43569000.0,1222664000.0,893531000.0,488077000.0,669703000.0,1667172000.0,,52344000.0,52344000.0,52344000.0
SVB Financial Group,SIVB,549300D2KJ20JMXE7542,719739,2018.0,FY,2018-01-01,2018-12-31,2020-02-28 16:20:25+00:00,18.35,18.35,29306000.0,18.11,35208000.0,,351561000.0,0.0,576221000.0,1358480000.0,46615000.0,48180000.0,1011348000.0,1011348000.0,973840000.0,37508000.0,1893988000.0,132671000.0,177236000.0,,34600000.0,246086000.0,457051000.0,,34276000.0,87870000.0,726980000.0,76097000.0,75921000.0,1969909000.0,1188193000.0,744984000.0,1362909000.0,2638972000.0,0.0,53078000.0,53078000.0,53078000.0
SVB Financial Group,SIVB,549300D2KJ20JMXE7542,719739,2018.0,Q4,2018-10-01,2018-12-31,,5.02,5.02,10897000.0,4.96,15128000.0,,105000000.0,,149013000.0,378756000.0,17540000.0,12182000.0,274931000.0,274931000.0,266264000.0,8667000.0,514460000.0,34497000.0,27478000.0,,9662000.0,72161000.0,129551000.0,,4970000.0,13644000.0,183782000.0,20016000.0,28437000.0,542897000.0,307592000.0,186707000.0,379931000.0,701167000.0,,53078000.0,53078000.0,53078000.0
SVB Financial Group,SIVB,549300D2KJ20JMXE7542,719739,2018.0,Q3,2018-07-01,2018-09-30,2019-11-12 06:28:04+00:00,5.16,5.16,8042000.0,5.1,8137000.0,,95308000.0,0.0,152823000.0,352353000.0,12049000.0,12712000.0,281365000.0,281365000.0,274817000.0,6548000.0,493222000.0,33552000.0,66334000.0,,8409000.0,58194000.0,115739000.0,,9550000.0,17174000.0,195437000.0,19588000.0,20091000.0,513313000.0,309445000.0,210070000.0,376673000.0,703292000.0,0.0,53300000.0,53300000.0,53900000.0
SVB Financial Group,SIVB,549300D2KJ20JMXE7542,719739,2018.0,Q3YTD,2018-01-01,2018-09-30,,13.33,13.33,18409000.0,13.15,20080000.0,,246561000.0,,427208000.0,979724000.0,29075000.0,35998000.0,736417000.0,736417000.0,707576000.0,28841000.0,1379528000.0,98174000.0,149758000.0,,24938000.0,173925000.0,327500000.0,,29306000.0,74226000.0,543198000.0,56081000.0,47484000.0,1427012000.0,880601000.0,558277000.0,982978000.0,1937805000.0,,53300000.0,53300000.0,53900000.0
SVB Financial Group,SIVB,549300D2KJ20JMXE7542,719739,2018.0,Q3TTM,2017-10-01,2018-09-30,,15.56,15.56,20867000.0,15.33,24915000.0,,381612000.0,-12982000.0,547584000.0,1259529000.0,37927000.0,47063000.0,861081000.0,861081000.0,824786000.0,36295000.0,1773234000.0,129134000.0,177646000.0,,32531000.0,230210000.0,413060000.0,,38021000.0,96468000.0,700188000.0,100288000.0,58794000.0,1832028000.0,1144616000.0,710543000.0,1242693000.0,2483777000.0,,53300000.0,53300000.0,53900000.0
SVB Financial Group,SIVB,549300D2KJ20JMXE7542,719739,2018.0,Q2,2018-04-01,2018-06-30,2019-08-09 13:46:09+00:00,4.48,4.48,6270000.0,4.42,6187000.0,,77287000.0,0.0,144816000.0,330298000.0,8588000.0,12095000.0,247026000.0,247026000.0,237798000.0,9228000.0,466443000.0,32461000.0,55175000.0,,8347000.0,68902000.0,110373000.0,,10326000.0,29080000.0,181955000.0,18794000.0,14858000.0,481301000.0,305739000.0,192689000.0,324313000.0,659132000.0,0.0,53100000.0,53100000.0,53800000.0
SVB Financial Group,SIVB,549300D2KJ20JMXE7542,719739,2018.0,Q2YTD,2018-01-01,2018-06-30,,8.17,8.17,10367000.0,8.05,11943000.0,,151253000.0,,274385000.0,627371000.0,17026000.0,23286000.0,455052000.0,455052000.0,432759000.0,22293000.0,886306000.0,64622000.0,83424000.0,,16529000.0,115731000.0,211761000.0,,19756000.0,57052000.0,347761000.0,36493000.0,27393000.0,913699000.0,571156000.0,348207000.0,606305000.0,1234513000.0,,53100000.0,53100000.0,53800000.0
SVB Financial Group,SIVB,549300D2KJ20JMXE7542,719739,2018.0,Q2TTM,2017-07-01,2018-06-30,,13.22,13.22,15129000.0,13.02,22989000.0,,383655000.0,-12982000.0,505376000.0,1175621000.0,34871000.0,44680000.0,733834000.0,733834000.0,698589000.0,35245000.0,1653986000.0,127179000.0,151472000.0,,31428000.0,226229000.0,394125000.0,,36830000.0,102816000.0,658014000.0,95208000.0,50000000.0,1703986000.0,1092932000.0,659251000.0,1117489000.0,2313237000.0,,53100000.0,53100000.0,53800000.0
SVB Financial Group,SIVB,549300D2KJ20JMXE7542,719739,2018.0,Q1,2018-01-01,2018-03-31,2019-05-09 16:09:37+00:00,3.69,3.69,4097000.0,3.63,5756000.0,,73966000.0,0.0,129569000.0,297073000.0,8438000.0,11191000.0,208026000.0,208026000.0,194961000.0,13065000.0,419863000.0,32161000.0,28249000.0,,8182000.0,46829000.0,101388000.0,,9430000.0,27972000.0,165806000.0,17699000.0,12535000.0,432398000.0,265417000.0,155518000.0,281992000.0,575381000.0,0.0,52800000.0,52800000.0,53700000.0
SVB Financial Group,SIVB,549300D2KJ20JMXE7542,719739,2018.0,Q1TTM,2017-04-01,2018-03-31,,11.08,11.08,11056000.0,10.92,24125000.0,,378024000.0,,456967000.0,1095520000.0,35317000.0,43974000.0,619324000.0,619324000.0,583984000.0,35340000.0,1530239000.0,124802000.0,124747000.0,,30087000.0,208814000.0,363842000.0,,35817000.0,89542000.0,625032000.0,76414000.0,46373000.0,1576612000.0,1038439000.0,595090000.0,997348000.0,2125329000.0,,52800000.0,52800000.0,53700000.0
SVB Financial Group,SIVB,549300D2KJ20JMXE7542,719739,2019.0,Q4,2019-10-01,2019-12-31,,5.1,5.1,47509000.0,5.06,21993000.0,,94061000.0,58172000.0,170044000.0,396698000.0,7558000.0,16997000.0,274816000.0,274816000.0,262856000.0,11960000.0,533668000.0,43947000.0,58960000.0,,11464000.0,119981000.0,145510000.0,,5166000.0,17383000.0,274661000.0,23704000.0,55067000.0,588735000.0,460752000.0,313344000.0,368877000.0,847012000.0,15534000.0,51915000.0,51915000.0,51915000.0
SVB Financial Group,SIVB,549300D2KJ20JMXE7542,719739,2019.0,FY,2019-01-01,2019-12-31,2020-02-28 16:20:25+00:00,21.9,21.9,177672000.0,21.73,96440000.0,,425685000.0,195177000.0,613803000.0,1599165000.0,35135000.0,68912000.0,1184717000.0,1184717000.0,1136856000.0,47861000.0,2096601000.0,166049000.0,272748000.0,,42669000.0,358058000.0,565339000.0,,18509000.0,106416000.0,989734000.0,89200000.0,212807000.0,2309408000.0,1601262000.0,1221479000.0,1610402000.0,3318080000.0,56346000.0,51915000.0,51915000.0,51915000.0
SVB Financial Group,SIVB,549300D2KJ20JMXE7542,719739,2019.0,Q3,2019-07-01,2019-09-30,2019-11-12 06:28:04+00:00,5.19,5.19,55106000.0,5.15,28867000.0,,105075000.0,38516000.0,160779000.0,394246000.0,8142000.0,19539000.0,281718000.0,281718000.0,267281000.0,14437000.0,520644000.0,43756000.0,67410000.0,,10842000.0,89308000.0,142484000.0,,4881000.0,36536000.0,233840000.0,22482000.0,63248000.0,583892000.0,391324000.0,294009000.0,386793000.0,814653000.0,12275000.0,51500000.0,51500000.0,51900000.0
SVB Financial Group,SIVB,549300D2KJ20JMXE7542,719739,2019.0,Q3YTD,2019-01-01,2019-09-30,,16.8,16.8,130163000.0,16.67,74447000.0,,331624000.0,137005000.0,443759000.0,1202467000.0,27577000.0,51915000.0,909901000.0,909901000.0,874000000.0,35901000.0,1562933000.0,122102000.0,213788000.0,,31205000.0,238077000.0,419829000.0,,13343000.0,89033000.0,715073000.0,65496000.0,157740000.0,1720673000.0,1140510000.0,908135000.0,1241525000.0,2471068000.0,40812000.0,51500000.0,51500000.0,51900000.0
SVB Financial Group,SIVB,549300D2KJ20JMXE7542,719739,2019.0,Q3TTM,2018-10-01,2019-09-30,,21.82,21.82,141060000.0,21.63,89575000.0,,436624000.0,137005000.0,592772000.0,1581223000.0,45117000.0,64097000.0,1184832000.0,1184832000.0,1140264000.0,44568000.0,2077393000.0,156599000.0,241266000.0,,40867000.0,310238000.0,549380000.0,,18313000.0,102677000.0,898855000.0,85512000.0,186177000.0,2263570000.0,1448102000.0,1094842000.0,1621456000.0,3172235000.0,40812000.0,51500000.0,51500000.0,51900000.0
SVB Financial Group,SIVB,549300D2KJ20JMXE7542,719739,2019.0,Q2,2019-04-01,2019-06-30,2019-08-09 13:46:09+00:00,6.12,6.12,47150000.0,6.08,26364000.0,,119114000.0,48694000.0,145326000.0,414077000.0,9214000.0,17022000.0,336571000.0,336571000.0,317987000.0,18584000.0,529403000.0,40598000.0,96045000.0,,11009000.0,78247000.0,141498000.0,,4483000.0,23946000.0,243172000.0,22075000.0,56364000.0,585767000.0,383522000.0,333750000.0,455685000.0,863153000.0,14429000.0,52000000.0,52000000.0,52300000.0
SVB Financial Group,SIVB,549300D2KJ20JMXE7542,719739,2019.0,Q2YTD,2019-01-01,2019-06-30,,11.61,11.61,75057000.0,11.52,45580000.0,,226549000.0,98489000.0,282980000.0,808221000.0,19435000.0,32376000.0,628183000.0,628183000.0,606719000.0,21464000.0,1042289000.0,78346000.0,146378000.0,,20363000.0,148769000.0,277345000.0,,8462000.0,52497000.0,481233000.0,43014000.0,94492000.0,1136781000.0,749186000.0,614126000.0,854732000.0,1656415000.0,28537000.0,52000000.0,52000000.0,52300000.0
SVB Financial Group,SIVB,549300D2KJ20JMXE7542,719739,2019.0,Q2TTM,2018-07-01,2019-06-30,,21.79,21.79,93996000.0,21.58,68845000.0,,426857000.0,98489000.0,584816000.0,1539330000.0,49024000.0,57270000.0,1184479000.0,1184479000.0,1147800000.0,36679000.0,2049971000.0,146395000.0,240190000.0,,38434000.0,279124000.0,522635000.0,,22982000.0,83315000.0,860452000.0,82618000.0,143020000.0,2192991000.0,1366223000.0,1010903000.0,1611336000.0,3060874000.0,28537000.0,52000000.0,52000000.0,52300000.0
SVB Financial Group,SIVB,549300D2KJ20JMXE7542,719739,2019.0,Q1,2019-01-01,2019-03-31,2020-05-11 09:26:52+00:00,5.49,5.49,27907000.0,5.44,19216000.0,,107435000.0,49795000.0,137654000.0,394144000.0,10221000.0,15354000.0,291612000.0,291612000.0,288732000.0,2880000.0,512886000.0,37748000.0,50333000.0,,9354000.0,70522000.0,135847000.0,0.0,3979000.0,28551000.0,238061000.0,20939000.0,38128000.0,551014000.0,365664000.0,280376000.0,399047000.0,793262000.0,14108000.0,52587000.0,52587000.0,52587000.0
SVB Financial Group,SIVB,549300D2KJ20JMXE7542,719739,2019.0,Q1TTM,2018-04-01,2019-03-31,,20.15,20.15,53116000.0,19.92,48668000.0,,385030000.0,49795000.0,584306000.0,1455551000.0,48398000.0,52343000.0,1094934000.0,1094934000.0,1067611000.0,27323000.0,1987011000.0,138258000.0,199320000.0,,35772000.0,269779000.0,491510000.0,,28825000.0,88449000.0,799235000.0,79337000.0,101514000.0,2088525000.0,1288440000.0,869842000.0,1479964000.0,2856853000.0,14108000.0,52587000.0,52587000.0,52587000.0
SVB Financial Group,SIVB,549300D2KJ20JMXE7542,719739,2020.0,Q1TTM,2019-04-01,2020-03-31,,18.97,18.97,187163000.0,18.84,94848000.0,,367607000.0,192249000.0,643358000.0,1587590000.0,30781000.0,67629000.0,1026754000.0,1026754000.0,980377000.0,43008000.0,2107852000.0,173587000.0,281865000.0,,44857000.0,366944000.0,572956000.0,3369000.0,19764000.0,321345000.0,1007259000.0,92850000.0,217944000.0,2325796000.0,1635183000.0,1243037000.0,1394361000.0,3350889000.0,58260000.0,51565000.0,51565000.0,51565000.0
SVB Financial Group,SIVB,549300D2KJ20JMXE7542,719739,2020.0,Q1,2020-01-01,2020-03-31,2020-05-11 09:26:52+00:00,2.56,2.56,37398000.0,2.55,17624000.0,,49357000.0,46867000.0,167209000.0,382569000.0,5867000.0,14071000.0,133649000.0,133649000.0,132253000.0,-1973000.0,524137000.0,45286000.0,59450000.0,,11542000.0,79408000.0,143464000.0,3369000.0,5234000.0,243480000.0,255586000.0,24589000.0,43265000.0,567402000.0,399585000.0,301934000.0,183006000.0,826071000.0,16022000.0,51565000.0,51565000.0,51565000.0
