company_name,company_ticker,company_lei,company_cik,year,quarter,start_date,end_date,filing_date,basicdilutedeps,basiceps,cashdividendspershare,depreciationexpense,dilutedeps,impairmentexpense,incometaxexpense,investmentsecuritiesinterestincome,longtermdebtinterestexpense,netincome,netincomecontinuing,netincomediscontinued,netincometocommon,netincometononcontrollinginterest,netinterestincome,netrealizedcapitalgains,nonoperatingincome,otheradjustmentstoconsolidatednetincome,otheradjustmentstonetincometocommon,othergains,othernoninterestincome,otheroperatingexpenses,otherservicechargeincome,otherspecialcharges,preferreddividends,restructuringcharge,servicechargesondepositsincome,totalinterestexpense,totalinterestincome,totalnoninterestexpense,totalnoninterestincome,totalpretaxincome,totalrevenue,weightedavebasicdilutedsharesos,weightedavebasicsharesos,weightedavedilutedsharesos
Healthpeak Properties Inc,PEAK,PZ9HF5U52KPF0MH0QN75,765880,2007.0,FY,2007-01-01,2007-12-31,2010-02-12 08:42:40+00:00,2.72,2.72,1.78,258264000.0,2.7,,1444000.0,51565000.0,355197000.0,614115000.0,135793000.0,478322000.0,565080000.0,27905000.0,-303632000.0,,34536000.0,,,5645000.0,888597000.0,243226000.0,13581000.0,,21130000.0,,,355197000.0,51565000.0,501490000.0,902178000.0,131592000.0,598546000.0,207800000.0,207924000.0,208920000.0
Healthpeak Properties Inc,PEAK,PZ9HF5U52KPF0MH0QN75,765880,2008.0,FY,2008-01-01,2008-12-31,2011-02-15 08:40:59+00:00,1.79,1.79,,312009000.0,1.79,18276000.0,4224000.0,130869000.0,348343000.0,470983000.0,224506000.0,246477000.0,425368000.0,22488000.0,-217474000.0,,25672000.0,,,3326000.0,1008204000.0,266636000.0,5923000.0,,23127000.0,,,348343000.0,130869000.0,596921000.0,1014127000.0,225404000.0,796653000.0,237600000.0,237301000.0,237972000.0
Healthpeak Properties Inc,PEAK,PZ9HF5U52KPF0MH0QN75,765880,2008.0,Q3,2008-07-01,2008-09-30,2009-11-03 08:33:03+00:00,0.49,0.49,0.455,77292000.0,0.49,3710000.0,853000.0,,82813000.0,131556000.0,100513000.0,31043000.0,119615000.0,6659000.0,-82813000.0,,62283000.0,,,1227000.0,266329000.0,66181000.0,1523000.0,,5282000.0,,,82813000.0,,147183000.0,267852000.0,100139000.0,185039000.0,244100000.0,244572000.0,245482000.0
Healthpeak Properties Inc,PEAK,PZ9HF5U52KPF0MH0QN75,765880,2008.0,Q2,2008-04-01,2008-06-30,2009-08-04 08:08:44+00:00,0.96,0.96,0.455,77861000.0,0.96,1574000.0,1274000.0,,85446000.0,238080000.0,49396000.0,188684000.0,225890000.0,6907000.0,-85446000.0,,30739000.0,,,1221000.0,247318000.0,65184000.0,1457000.0,,5283000.0,,,85446000.0,,144619000.0,248775000.0,49449000.0,163329000.0,235300000.0,235117000.0,236099000.0
Healthpeak Properties Inc,PEAK,PZ9HF5U52KPF0MH0QN75,765880,2009.0,Q4,2009-10-01,2009-12-31,,0.06,0.06,-1.38,75254000.0,0.06,54485000.0,507000.0,36355000.0,72816000.0,35484000.0,31334000.0,4150000.0,26397000.0,4941000.0,-36461000.0,,2575000.0,,,1518000.0,252648000.0,59879000.0,1179000.0,,4146000.0,,,72816000.0,36355000.0,189618000.0,253827000.0,30323000.0,217366000.0,272700000.0,274216000.0,274631000.0
Healthpeak Properties Inc,PEAK,PZ9HF5U52KPF0MH0QN75,765880,2009.0,FY,2009-01-01,2009-12-31,2012-02-14 08:41:07+00:00,0.4,0.4,,315947000.0,0.4,75389000.0,1910000.0,124146000.0,298869000.0,146151000.0,102645000.0,43506000.0,109069000.0,15952000.0,-174723000.0,,7768000.0,,,3511000.0,1017291000.0,363268000.0,5312000.0,,21130000.0,,,298869000.0,124146000.0,754604000.0,1022603000.0,101044000.0,847880000.0,272700000.0,274216000.0,274631000.0
Healthpeak Properties Inc,PEAK,PZ9HF5U52KPF0MH0QN75,765880,2009.0,Q3YTD,2009-01-01,2009-09-30,,0.34,0.34,1.38,240693000.0,0.34,20904000.0,1403000.0,87791000.0,226053000.0,110667000.0,71311000.0,39356000.0,82672000.0,11011000.0,-138262000.0,,5193000.0,,,1993000.0,764643000.0,303389000.0,4133000.0,,16984000.0,,,226053000.0,87791000.0,564986000.0,768776000.0,70721000.0,630514000.0,291100000.0,284812000.0,284812000.0
Healthpeak Properties Inc,PEAK,PZ9HF5U52KPF0MH0QN75,765880,2009.0,Q3,2009-07-01,2009-09-30,2010-11-02 08:36:06+00:00,-0.18,-0.18,0.46,81177000.0,-0.18,15123000.0,-325000.0,33936000.0,74039000.0,-43220000.0,-46623000.0,3403000.0,-52397000.0,3466000.0,-40103000.0,,5983000.0,,,1328000.0,251806000.0,170988000.0,1326000.0,,5711000.0,,,74039000.0,33936000.0,267288000.0,253132000.0,-48276000.0,213029000.0,291100000.0,284812000.0,284812000.0
Healthpeak Properties Inc,PEAK,PZ9HF5U52KPF0MH0QN75,765880,2009.0,Q2YTD,2009-01-01,2009-06-30,,0.52,0.52,0.92,159516000.0,0.52,5781000.0,1728000.0,53855000.0,152014000.0,153887000.0,117934000.0,35953000.0,135069000.0,7545000.0,-98159000.0,,-790000.0,,,665000.0,512837000.0,132401000.0,2807000.0,,11273000.0,,,152014000.0,53855000.0,297698000.0,515644000.0,118997000.0,417485000.0,262200000.0,265422000.0,265542000.0
Healthpeak Properties Inc,PEAK,PZ9HF5U52KPF0MH0QN75,765880,2009.0,Q2,2009-04-01,2009-06-30,2010-08-03 08:37:00+00:00,0.35,0.35,0.46,79293000.0,0.35,5781000.0,840000.0,27084000.0,75340000.0,101178000.0,68093000.0,33085000.0,91784000.0,3719000.0,-48256000.0,,1648000.0,,,1127000.0,264036000.0,65917000.0,1369000.0,,5675000.0,,,75340000.0,27084000.0,150991000.0,265405000.0,67806000.0,217149000.0,262200000.0,265422000.0,265542000.0
Healthpeak Properties Inc,PEAK,PZ9HF5U52KPF0MH0QN75,765880,2009.0,Q1,2009-01-01,2009-03-31,2010-04-27 08:35:54+00:00,0.17,0.17,0.46,80223000.0,0.17,,888000.0,26771000.0,76674000.0,52709000.0,49841000.0,2868000.0,43285000.0,3826000.0,-49903000.0,,-2438000.0,,,-462000.0,248801000.0,66484000.0,1438000.0,,5598000.0,,,76674000.0,26771000.0,146707000.0,250239000.0,51191000.0,200336000.0,254600000.0,253335000.0,253423000.0
Healthpeak Properties Inc,PEAK,PZ9HF5U52KPF0MH0QN75,765880,2010.0,Q4,2010-10-01,2010-12-31,,0.43,0.43,-1.4,72987000.0,0.43,,-1398000.0,52159000.0,65213000.0,145526000.0,123184000.0,22342000.0,136202000.0,5312000.0,-13054000.0,,9043000.0,,,692000.0,256071000.0,76209000.0,911000.0,,4012000.0,,17319000.0,65213000.0,52159000.0,149196000.0,274301000.0,121094000.0,261247000.0,304500000.0,305574000.0,306900000.0
Healthpeak Properties Inc,PEAK,PZ9HF5U52KPF0MH0QN75,765880,2010.0,FY,2010-01-01,2010-12-31,2013-02-12 08:39:53+00:00,1.01,1.01,,306934000.0,1.0,-11900000.0,412000.0,160163000.0,285508000.0,344395000.0,315346000.0,29049000.0,307498000.0,15767000.0,-125345000.0,,16194000.0,,,-66923000.0,1042781000.0,293177000.0,4666000.0,,21130000.0,,32596000.0,285508000.0,160163000.0,588211000.0,1080043000.0,382681000.0,954698000.0,304500000.0,305574000.0,306900000.0
Healthpeak Properties Inc,PEAK,PZ9HF5U52KPF0MH0QN75,765880,2010.0,Q3YTD,2010-01-01,2010-09-30,,0.58,0.58,1.4,233947000.0,0.57,-11900000.0,1810000.0,108004000.0,220295000.0,198869000.0,192162000.0,6707000.0,171296000.0,10455000.0,-112291000.0,,7151000.0,,,-67615000.0,786710000.0,216968000.0,3755000.0,,17118000.0,,15277000.0,220295000.0,108004000.0,439015000.0,805742000.0,261587000.0,693451000.0,339900000.0,309448000.0,311092000.0
Healthpeak Properties Inc,PEAK,PZ9HF5U52KPF0MH0QN75,765880,2010.0,Q3TTM,2009-10-01,2010-09-30,,0.64,0.64,0.02,309201000.0,0.63,42585000.0,2317000.0,144359000.0,293111000.0,234353000.0,223496000.0,10857000.0,197693000.0,15396000.0,-148752000.0,,9726000.0,,,-66097000.0,1039358000.0,276847000.0,4934000.0,,21264000.0,,15277000.0,293111000.0,144359000.0,628633000.0,1059569000.0,291910000.0,910817000.0,339900000.0,309448000.0,311092000.0
Healthpeak Properties Inc,PEAK,PZ9HF5U52KPF0MH0QN75,765880,2010.0,Q3,2010-07-01,2010-09-30,2011-10-31 08:20:18+00:00,0.05,0.05,0.465,78313000.0,0.05,,867000.0,36582000.0,71598000.0,26173000.0,21428000.0,4745000.0,16995000.0,3896000.0,-35016000.0,,6657000.0,,,-71484000.0,264033000.0,80016000.0,1157000.0,,5282000.0,,15277000.0,71598000.0,36582000.0,158329000.0,280467000.0,93779000.0,245451000.0,339900000.0,309448000.0,311092000.0
Healthpeak Properties Inc,PEAK,PZ9HF5U52KPF0MH0QN75,765880,2010.0,Q2YTD,2010-01-01,2010-06-30,,0.53,0.53,0.93,155634000.0,0.52,-11900000.0,943000.0,71422000.0,148697000.0,172696000.0,170734000.0,1962000.0,154301000.0,6559000.0,-77275000.0,,494000.0,,,3869000.0,522677000.0,136952000.0,2598000.0,,11836000.0,,,148697000.0,71422000.0,280686000.0,525275000.0,167808000.0,448000000.0,294300000.0,294880000.0,296037000.0
Healthpeak Properties Inc,PEAK,PZ9HF5U52KPF0MH0QN75,765880,2010.0,Q2TTM,2009-07-01,2010-06-30,,0.41,0.41,0.01,312065000.0,0.4,57708000.0,1125000.0,141713000.0,295552000.0,164960000.0,155445000.0,9515000.0,128301000.0,14966000.0,-153839000.0,,9052000.0,,,6715000.0,1027131000.0,367819000.0,5103000.0,,21693000.0,,,295552000.0,141713000.0,737592000.0,1032234000.0,149855000.0,878395000.0,294300000.0,294880000.0,296037000.0
Healthpeak Properties Inc,PEAK,PZ9HF5U52KPF0MH0QN75,765880,2010.0,Q2,2010-04-01,2010-06-30,2011-08-02 08:34:31+00:00,0.27,0.27,0.465,77700000.0,0.27,,571000.0,36156000.0,72745000.0,88595000.0,87587000.0,1008000.0,79465000.0,3494000.0,-36589000.0,,181000.0,,,2486000.0,264431000.0,65941000.0,1290000.0,,5636000.0,,,72745000.0,36156000.0,143641000.0,265721000.0,85672000.0,229132000.0,294300000.0,294880000.0,296037000.0
Healthpeak Properties Inc,PEAK,PZ9HF5U52KPF0MH0QN75,765880,2010.0,Q1TTM,2009-04-01,2010-03-31,,0.49,0.49,0.01,313658000.0,0.48,63489000.0,1394000.0,132641000.0,298147000.0,177543000.0,135951000.0,41592000.0,140620000.0,15191000.0,-165506000.0,,10519000.0,,,5356000.0,1026736000.0,367795000.0,5182000.0,,21732000.0,,,298147000.0,132641000.0,744942000.0,1031918000.0,131989000.0,866412000.0,287800000.0,293223000.0,294087000.0
Healthpeak Properties Inc,PEAK,PZ9HF5U52KPF0MH0QN75,765880,2010.0,Q1,2010-01-01,2010-03-31,2011-05-03 08:33:49+00:00,0.26,0.26,0.465,77934000.0,0.25,-11900000.0,372000.0,35266000.0,75952000.0,84101000.0,83147000.0,954000.0,74836000.0,3065000.0,-40686000.0,,313000.0,,,1383000.0,258246000.0,71011000.0,1308000.0,,6200000.0,,,75952000.0,35266000.0,137045000.0,259554000.0,82136000.0,218868000.0,287800000.0,293223000.0,294087000.0
Healthpeak Properties Inc,PEAK,PZ9HF5U52KPF0MH0QN75,765880,2011.0,Q4,2011-10-01,2011-12-31,,0.16,0.16,-1.44,78387000.0,0.16,,1011000.0,665000.0,98291000.0,70787000.0,53910000.0,16877000.0,62067000.0,3438000.0,-97626000.0,,-4122000.0,,,13952000.0,399026000.0,212167000.0,468000.0,,5282000.0,,33777000.0,98291000.0,665000.0,290554000.0,433271000.0,40969000.0,335645000.0,399500000.0,398446000.0,400218000.0
Healthpeak Properties Inc,PEAK,PZ9HF5U52KPF0MH0QN75,765880,2011.0,FY,2011-01-01,2011-12-31,2014-02-11 08:39:43+00:00,1.29,1.29,,346055000.0,1.29,15400000.0,1301000.0,99864000.0,415455000.0,554494000.0,536130000.0,18364000.0,515302000.0,18062000.0,-315591000.0,,12933000.0,,,46750000.0,1543390000.0,439760000.0,2073000.0,,21130000.0,,49091000.0,415455000.0,99864000.0,801215000.0,1594554000.0,490681000.0,1278963000.0,399500000.0,398446000.0,400218000.0
Healthpeak Properties Inc,PEAK,PZ9HF5U52KPF0MH0QN75,765880,2011.0,Q3YTD,2011-01-01,2011-09-30,,1.13,1.13,1.44,267668000.0,1.13,15400000.0,290000.0,99199000.0,317164000.0,483707000.0,482220000.0,1487000.0,453235000.0,14624000.0,-217965000.0,,17055000.0,,,32798000.0,1144364000.0,227593000.0,1605000.0,,15848000.0,,15314000.0,317164000.0,99199000.0,510661000.0,1161283000.0,449712000.0,943318000.0,405800000.0,407081000.0,408646000.0
Healthpeak Properties Inc,PEAK,PZ9HF5U52KPF0MH0QN75,765880,2011.0,Q3TTM,2010-10-01,2011-09-30,,1.56,1.56,0.04,340655000.0,1.56,15400000.0,-1108000.0,151358000.0,382377000.0,629233000.0,605404000.0,23829000.0,589437000.0,19936000.0,-231019000.0,,26098000.0,,,33490000.0,1400435000.0,303802000.0,2516000.0,,19860000.0,,32633000.0,382377000.0,151358000.0,659857000.0,1435584000.0,570806000.0,1204565000.0,405800000.0,407081000.0,408646000.0
Healthpeak Properties Inc,PEAK,PZ9HF5U52KPF0MH0QN75,765880,2011.0,Q3,2011-07-01,2011-09-30,2012-10-30 08:36:04+00:00,0.41,0.41,0.48,86672000.0,0.41,15400000.0,5000.0,577000.0,103459000.0,175471000.0,174662000.0,809000.0,166367000.0,3822000.0,-102882000.0,,-772000.0,,,17050000.0,428184000.0,77309000.0,494000.0,,5282000.0,,11974000.0,103459000.0,577000.0,179381000.0,440652000.0,157617000.0,337770000.0,405800000.0,407081000.0,408646000.0
Healthpeak Properties Inc,PEAK,PZ9HF5U52KPF0MH0QN75,765880,2011.0,Q2YTD,2011-01-01,2011-06-30,,0.72,0.72,0.96,180996000.0,0.72,,285000.0,98622000.0,213705000.0,308236000.0,307558000.0,678000.0,286868000.0,10802000.0,-115083000.0,,17827000.0,,,15748000.0,716180000.0,150284000.0,1111000.0,,10566000.0,,3340000.0,213705000.0,98622000.0,331280000.0,720631000.0,292095000.0,605548000.0,405400000.0,406193000.0,411710000.0
Healthpeak Properties Inc,PEAK,PZ9HF5U52KPF0MH0QN75,765880,2011.0,Q2TTM,2010-07-01,2011-06-30,,1.2,1.2,0.03,332296000.0,1.2,,-246000.0,187363000.0,350516000.0,479935000.0,452170000.0,27765000.0,440065000.0,20010000.0,-163153000.0,,33527000.0,,,-55044000.0,1236284000.0,306509000.0,3179000.0,,19860000.0,,35936000.0,350516000.0,187363000.0,638805000.0,1275399000.0,506968000.0,1112246000.0,405400000.0,406193000.0,411710000.0
Healthpeak Properties Inc,PEAK,PZ9HF5U52KPF0MH0QN75,765880,2011.0,Q2,2011-04-01,2011-06-30,2012-07-31 08:34:19+00:00,0.55,0.55,0.48,89814000.0,0.55,,248000.0,60526000.0,105129000.0,234252000.0,233915000.0,337000.0,222993000.0,5976000.0,-44603000.0,,7518000.0,,,14950000.0,426260000.0,81487000.0,504000.0,,5283000.0,,835000.0,105129000.0,60526000.0,171301000.0,427599000.0,219213000.0,382996000.0,405400000.0,406193000.0,411710000.0
Healthpeak Properties Inc,PEAK,PZ9HF5U52KPF0MH0QN75,765880,2011.0,Q1TTM,2010-04-01,2011-03-31,,0.92,0.92,0.01,320182000.0,0.92,,77000.0,162993000.0,318132000.0,334278000.0,305842000.0,28436000.0,296537000.0,17528000.0,-155139000.0,,26190000.0,,,-67508000.0,1074455000.0,290963000.0,3965000.0,,20213000.0,,35101000.0,318132000.0,162993000.0,611145000.0,1113521000.0,373427000.0,958382000.0,375700000.0,372116000.0,373960000.0
Healthpeak Properties Inc,PEAK,PZ9HF5U52KPF0MH0QN75,765880,2011.0,Q1,2011-01-01,2011-03-31,2012-05-01 08:33:09+00:00,0.17,0.17,0.48,91182000.0,0.17,,37000.0,38096000.0,108576000.0,73984000.0,73643000.0,341000.0,63875000.0,4826000.0,-70480000.0,,10309000.0,,,798000.0,289920000.0,68797000.0,607000.0,,5283000.0,,2505000.0,108576000.0,38096000.0,159979000.0,293032000.0,72882000.0,222552000.0,375700000.0,372116000.0,373960000.0
Healthpeak Properties Inc,PEAK,PZ9HF5U52KPF0MH0QN75,765880,2012.0,FY,2012-01-01,2012-12-31,2015-02-10 08:38:40+00:00,1.9,1.9,,353704000.0,1.9,7878000.0,-1654000.0,24536000.0,416172000.0,846842000.0,801190000.0,45652000.0,812289000.0,14302000.0,-391636000.0,,2976000.0,-3245000.0,,54455000.0,1714466000.0,349130000.0,1895000.0,,17006000.0,10981000.0,139073000.0,416172000.0,24536000.0,721693000.0,1855434000.0,745081000.0,1463798000.0,427500000.0,427047000.0,428316000.0
Healthpeak Properties Inc,PEAK,PZ9HF5U52KPF0MH0QN75,765880,2012.0,Q3YTD,2012-01-01,2012-09-30,,1.37,1.37,-1.5,257323000.0,1.36,7878000.0,-1140000.0,12313000.0,309461000.0,600582000.0,591456000.0,9126000.0,572353000.0,11223000.0,-297148000.0,,2234000.0,,,42803000.0,1262748000.0,264367000.0,1423000.0,,17006000.0,,107824000.0,309461000.0,12313000.0,529568000.0,1371995000.0,547513000.0,1074847000.0,425300000.0,429557000.0,430778000.0
Healthpeak Properties Inc,PEAK,PZ9HF5U52KPF0MH0QN75,765880,2012.0,Q3TTM,2011-10-01,2012-09-30,,1.53,1.53,-2.94,335710000.0,1.52,7878000.0,-129000.0,12978000.0,407752000.0,671369000.0,645366000.0,26003000.0,634420000.0,14661000.0,-394774000.0,,-1888000.0,,,56755000.0,1661774000.0,476534000.0,1891000.0,,22288000.0,,141601000.0,407752000.0,12978000.0,820122000.0,1805266000.0,588482000.0,1410492000.0,425300000.0,429557000.0,430778000.0
Healthpeak Properties Inc,PEAK,PZ9HF5U52KPF0MH0QN75,765880,2012.0,Q3,2012-07-01,2012-09-30,2013-11-04 07:01:34+00:00,0.46,0.46,-0.5,87170000.0,0.45,7878000.0,-602000.0,10278000.0,103355000.0,199043000.0,192363000.0,6680000.0,195629000.0,3414000.0,-93077000.0,,770000.0,,,13396000.0,421252000.0,92068000.0,460000.0,,,,36076000.0,103355000.0,10278000.0,187116000.0,457788000.0,178365000.0,364711000.0,425300000.0,429557000.0,430778000.0
Healthpeak Properties Inc,PEAK,PZ9HF5U52KPF0MH0QN75,765880,2012.0,Q2YTD,2012-01-01,2012-06-30,,0.91,0.91,-1.0,170153000.0,0.91,,-538000.0,2035000.0,206106000.0,401539000.0,399093000.0,2446000.0,376724000.0,7809000.0,-204071000.0,,1464000.0,,,29407000.0,841496000.0,172299000.0,963000.0,,17006000.0,,71748000.0,206106000.0,2035000.0,342452000.0,914207000.0,369148000.0,710136000.0,419700000.0,420468000.0,421671000.0
Healthpeak Properties Inc,PEAK,PZ9HF5U52KPF0MH0QN75,765880,2012.0,Q2TTM,2011-07-01,2012-06-30,,1.48,1.48,-1.96,335212000.0,1.48,15400000.0,478000.0,3277000.0,407856000.0,647797000.0,627665000.0,20132000.0,605158000.0,15069000.0,-404579000.0,,-3430000.0,,,60409000.0,1668706000.0,461775000.0,1925000.0,,27570000.0,,117499000.0,407856000.0,3277000.0,812387000.0,1788130000.0,567734000.0,1383551000.0,419700000.0,420468000.0,421671000.0
Healthpeak Properties Inc,PEAK,PZ9HF5U52KPF0MH0QN75,765880,2012.0,Q2,2012-04-01,2012-06-30,2013-08-02 08:31:42+00:00,0.48,0.48,-0.5,84873000.0,0.48,,171000.0,1216000.0,102354000.0,204975000.0,204900000.0,75000.0,201467000.0,3508000.0,-101138000.0,,1028000.0,,,15732000.0,423160000.0,84877000.0,470000.0,,,,35569000.0,102354000.0,1216000.0,169750000.0,459199000.0,189339000.0,358061000.0,419700000.0,420468000.0,421671000.0
Healthpeak Properties Inc,PEAK,PZ9HF5U52KPF0MH0QN75,765880,2012.0,Q1TTM,2011-04-01,2012-03-31,,1.55,1.55,-0.98,340153000.0,1.55,15400000.0,555000.0,62587000.0,410631000.0,677074000.0,656680000.0,20394000.0,626684000.0,17537000.0,-348044000.0,,3060000.0,,,59627000.0,1671806000.0,458385000.0,1959000.0,,32853000.0,,82765000.0,410631000.0,62587000.0,813938000.0,1756530000.0,597608000.0,1408486000.0,407600000.0,410018000.0,411661000.0
Healthpeak Properties Inc,PEAK,PZ9HF5U52KPF0MH0QN75,765880,2012.0,Q1,2012-01-01,2012-03-31,2013-05-02 09:01:42+00:00,0.43,0.43,-0.5,85280000.0,0.43,,-709000.0,819000.0,103752000.0,196564000.0,194193000.0,2371000.0,175257000.0,4301000.0,-102933000.0,,436000.0,,,13675000.0,418336000.0,87422000.0,493000.0,,17006000.0,,36179000.0,103752000.0,819000.0,172702000.0,455008000.0,179809000.0,352075000.0,407600000.0,410018000.0,411661000.0
Healthpeak Properties Inc,PEAK,PZ9HF5U52KPF0MH0QN75,765880,2013.0,FY,2013-01-01,2013-12-31,2016-02-09 09:32:28+00:00,2.13,2.13,,423312000.0,2.13,,5815000.0,,,985006000.0,910633000.0,74373000.0,969103000.0,14169000.0,,,18216000.0,-1734000.0,,64433000.0,1951743000.0,836576000.0,1847000.0,,,6191000.0,146288000.0,,,1266079000.0,2099878000.0,852015000.0,2099878000.0,455000000.0,455002000.0,455702000.0
Healthpeak Properties Inc,PEAK,PZ9HF5U52KPF0MH0QN75,765880,2013.0,Q4,2013-10-01,2013-12-31,,0.64,0.64,0.53,106140000.0,0.64,,2261000.0,-68611000.0,-325650000.0,297639000.0,238151000.0,59488000.0,292691000.0,3688000.0,257039000.0,,1184000.0,-1260000.0,,20155000.0,560688000.0,524542000.0,441000.0,,,6191000.0,37778000.0,-325650000.0,-68611000.0,636873000.0,598907000.0,220257000.0,855946000.0,455000000.0,455002000.0,455702000.0
Healthpeak Properties Inc,PEAK,PZ9HF5U52KPF0MH0QN75,765880,2013.0,Q3YTD,2013-01-01,2013-09-30,,1.49,1.49,-0.53,317172000.0,1.49,,3554000.0,68611000.0,325650000.0,687367000.0,672482000.0,14885000.0,676412000.0,10481000.0,-257039000.0,,17032000.0,-474000.0,,44278000.0,1391055000.0,312034000.0,1406000.0,,,,108510000.0,325650000.0,68611000.0,629206000.0,1500971000.0,631758000.0,1243932000.0,457400000.0,455345000.0,456078000.0
Healthpeak Properties Inc,PEAK,PZ9HF5U52KPF0MH0QN75,765880,2013.0,Q3TTM,2012-10-01,2013-09-30,,2.02,2.02,0.98,413553000.0,2.03,,3040000.0,80834000.0,432361000.0,933627000.0,882216000.0,51411000.0,916348000.0,13560000.0,-351527000.0,,17774000.0,-3719000.0,,55930000.0,1842773000.0,396797000.0,1878000.0,,,10981000.0,139759000.0,432361000.0,80834000.0,821331000.0,1984410000.0,829326000.0,1632883000.0,457400000.0,455345000.0,456078000.0
Healthpeak Properties Inc,PEAK,PZ9HF5U52KPF0MH0QN75,765880,2013.0,Q3,2013-07-01,2013-09-30,2014-11-04 08:34:06+00:00,0.51,0.51,0.525,104783000.0,0.51,,1034000.0,42078000.0,108088000.0,236858000.0,227033000.0,9825000.0,233282000.0,3102000.0,-66010000.0,,1632000.0,-474000.0,,13892000.0,467245000.0,120743000.0,464000.0,,,,36370000.0,108088000.0,42078000.0,225526000.0,504079000.0,214175000.0,438069000.0,457400000.0,455345000.0,456078000.0
Healthpeak Properties Inc,PEAK,PZ9HF5U52KPF0MH0QN75,765880,2013.0,Q2YTD,2013-01-01,2013-06-30,,0.98,0.98,-1.05,212389000.0,0.98,,2520000.0,26533000.0,217562000.0,450509000.0,445449000.0,5060000.0,443130000.0,7379000.0,-191029000.0,,15400000.0,,,30386000.0,923810000.0,191291000.0,942000.0,,,,72140000.0,217562000.0,26533000.0,403680000.0,996892000.0,417583000.0,805863000.0,453200000.0,454618000.0,455431000.0
Healthpeak Properties Inc,PEAK,PZ9HF5U52KPF0MH0QN75,765880,2013.0,Q2TTM,2012-07-01,2013-06-30,,1.97,1.97,-0.05,395940000.0,1.97,7878000.0,1404000.0,49034000.0,427628000.0,895812000.0,847546000.0,48266000.0,878695000.0,13872000.0,-378594000.0,,16912000.0,-3245000.0,,55434000.0,1796780000.0,368122000.0,1874000.0,,,10981000.0,139465000.0,427628000.0,49034000.0,782921000.0,1938119000.0,793516000.0,1559525000.0,453200000.0,454618000.0,455431000.0
Healthpeak Properties Inc,PEAK,PZ9HF5U52KPF0MH0QN75,765880,2013.0,Q2,2013-04-01,2013-06-30,2014-08-05 08:34:32+00:00,0.47,0.47,-0.525,109210000.0,0.47,,1604000.0,14147000.0,108452000.0,216725000.0,213897000.0,2828000.0,213023000.0,3702000.0,-94305000.0,,3288000.0,,,15585000.0,461199000.0,97949000.0,499000.0,,,,36394000.0,108452000.0,14147000.0,207159000.0,498092000.0,199916000.0,403787000.0,453200000.0,454618000.0,455431000.0
Healthpeak Properties Inc,PEAK,PZ9HF5U52KPF0MH0QN75,765880,2013.0,Q1TTM,2012-04-01,2013-03-31,,1.98,1.98,-0.03,371603000.0,1.98,7878000.0,-29000.0,36103000.0,421530000.0,884062000.0,838549000.0,45513000.0,867139000.0,13678000.0,-385427000.0,,14652000.0,-3245000.0,,55581000.0,1758741000.0,355050000.0,1845000.0,,,10981000.0,138640000.0,421530000.0,36103000.0,745512000.0,1899226000.0,782939000.0,1513799000.0,451200000.0,453651000.0,454613000.0
Healthpeak Properties Inc,PEAK,PZ9HF5U52KPF0MH0QN75,765880,2013.0,Q1,2013-01-01,2013-03-31,2014-05-06 08:34:02+00:00,0.51,0.51,-0.525,103179000.0,0.51,,916000.0,12386000.0,109110000.0,233784000.0,231552000.0,2232000.0,230107000.0,3677000.0,-96724000.0,,12112000.0,,,14801000.0,462611000.0,93342000.0,443000.0,,,,35746000.0,109110000.0,12386000.0,196521000.0,498800000.0,217667000.0,402076000.0,451200000.0,453651000.0,454613000.0
Healthpeak Properties Inc,PEAK,PZ9HF5U52KPF0MH0QN75,765880,2014.0,FY,2014-01-01,2014-12-31,2017-02-13 08:39:36+00:00,2.01,2.01,,455016000.0,2.0,,3099000.0,,,936591000.0,271315000.0,665276000.0,919796000.0,14358000.0,,,12540000.0,-2437000.0,,,1394868000.0,902801000.0,,,,17142000.0,241965000.0,,,1374959000.0,1636833000.0,274414000.0,1636833000.0,457600000.0,458425000.0,458796000.0
Healthpeak Properties Inc,PEAK,PZ9HF5U52KPF0MH0QN75,765880,2014.0,Q4,2014-10-01,2014-12-31,,0.43,0.43,,111520000.0,0.42,,259000.0,-51150000.0,-324755000.0,199630000.0,-435900000.0,635530000.0,196145000.0,3047000.0,273605000.0,,8720000.0,-927000.0,-489000.0,-39388000.0,-77188000.0,586594000.0,-1340000.0,1930000.0,,3766000.0,103760000.0,-324755000.0,-51150000.0,703810000.0,25232000.0,-396253000.0,298837000.0,457600000.0,458425000.0,458796000.0
Healthpeak Properties Inc,PEAK,PZ9HF5U52KPF0MH0QN75,765880,2014.0,Q3YTD,2014-01-01,2014-09-30,,1.58,1.58,,343496000.0,1.58,,2840000.0,51150000.0,324755000.0,736961000.0,707215000.0,29746000.0,723651000.0,11311000.0,-273605000.0,,3820000.0,-1510000.0,489000.0,39388000.0,1472056000.0,316207000.0,1340000.0,-1930000.0,,13376000.0,138205000.0,324755000.0,51150000.0,671149000.0,1611601000.0,670667000.0,1337996000.0,457800000.0,458799000.0,459141000.0
Healthpeak Properties Inc,PEAK,PZ9HF5U52KPF0MH0QN75,765880,2014.0,Q3TTM,2013-10-01,2014-09-30,,2.22,2.22,0.53,449636000.0,2.22,,5101000.0,-17461000.0,-895000.0,1034600000.0,945366000.0,89234000.0,1016342000.0,14999000.0,-16566000.0,,5004000.0,-2770000.0,489000.0,59543000.0,2032744000.0,840749000.0,1781000.0,-1930000.0,,19567000.0,175983000.0,-895000.0,-17461000.0,1308022000.0,2210508000.0,890924000.0,2193942000.0,457800000.0,458799000.0,459141000.0
Healthpeak Properties Inc,PEAK,PZ9HF5U52KPF0MH0QN75,765880,2014.0,Q3,2014-07-01,2014-09-30,2015-11-03 08:41:22+00:00,0.54,0.54,,122975000.0,0.54,,55000.0,17517000.0,111275000.0,251059000.0,251059000.0,,247208000.0,3405000.0,-93758000.0,,3111000.0,-446000.0,,10168000.0,516461000.0,119078000.0,447000.0,,,5475000.0,62213000.0,111275000.0,17517000.0,247528000.0,579121000.0,240946000.0,485363000.0,457800000.0,458799000.0,459141000.0
Healthpeak Properties Inc,PEAK,PZ9HF5U52KPF0MH0QN75,765880,2014.0,Q2YTD,2014-01-01,2014-06-30,,1.04,1.04,,220521000.0,1.04,,2785000.0,33633000.0,213480000.0,485902000.0,456156000.0,29746000.0,476443000.0,7906000.0,-179847000.0,,709000.0,-1064000.0,489000.0,29220000.0,955595000.0,197129000.0,893000.0,-1930000.0,,7901000.0,75992000.0,213480000.0,33633000.0,423621000.0,1032480000.0,429721000.0,852633000.0,455000000.0,458247000.0,458588000.0
Healthpeak Properties Inc,PEAK,PZ9HF5U52KPF0MH0QN75,765880,2014.0,Q2TTM,2013-07-01,2014-06-30,,2.19,2.19,1.05,431444000.0,2.19,,6080000.0,7100000.0,-4082000.0,1020399000.0,921340000.0,99059000.0,1002416000.0,14696000.0,11182000.0,,3525000.0,-2798000.0,489000.0,63267000.0,1983528000.0,842414000.0,1798000.0,-1930000.0,,14092000.0,150140000.0,-4082000.0,7100000.0,1286020000.0,2135466000.0,864153000.0,2146648000.0,455000000.0,458247000.0,458588000.0
Healthpeak Properties Inc,PEAK,PZ9HF5U52KPF0MH0QN75,765880,2014.0,Q2,2014-04-01,2014-06-30,2015-08-04 08:33:49+00:00,0.48,0.48,,113133000.0,0.48,,1339000.0,16937000.0,106842000.0,222279000.0,222279000.0,,218396000.0,3394000.0,-89905000.0,,709000.0,,489000.0,14692000.0,480801000.0,100523000.0,444000.0,,,7406000.0,37939000.0,106842000.0,16937000.0,221062000.0,519184000.0,208926000.0,429279000.0,455000000.0,458247000.0,458588000.0
Healthpeak Properties Inc,PEAK,PZ9HF5U52KPF0MH0QN75,765880,2014.0,Q1TTM,2013-04-01,2014-03-31,,2.18,2.18,0.53,427521000.0,2.18,,6345000.0,4310000.0,-2472000.0,1014845000.0,912958000.0,101887000.0,997043000.0,15004000.0,6782000.0,,6104000.0,-2798000.0,,64160000.0,1963926000.0,839840000.0,1853000.0,-1930000.0,,6686000.0,148595000.0,-2472000.0,4310000.0,1272117000.0,2114374000.0,855143000.0,2121156000.0,460800000.0,457294000.0,457674000.0
Healthpeak Properties Inc,PEAK,PZ9HF5U52KPF0MH0QN75,765880,2014.0,Q1,2014-01-01,2014-03-31,2015-05-05 08:42:00+00:00,0.56,0.56,,107388000.0,0.56,,1446000.0,16696000.0,106638000.0,263623000.0,233877000.0,29746000.0,258047000.0,4512000.0,-89942000.0,,,-1064000.0,,14528000.0,474794000.0,96606000.0,449000.0,-1930000.0,,495000.0,38053000.0,106638000.0,16696000.0,202559000.0,513296000.0,220795000.0,423354000.0,460800000.0,457294000.0,457674000.0
Healthpeak Properties Inc,PEAK,PZ9HF5U52KPF0MH0QN75,765880,2015.0,FY,2015-01-01,2015-12-31,2018-02-13 16:45:05+00:00,-1.21,-1.21,,504905000.0,-1.21,108349000.0,-9807000.0,,,-546418000.0,152668000.0,-699086000.0,-560552000.0,12817000.0,,0.0,22585000.0,-1317000.0,,6590000.0,1415036000.0,1186240000.0,,,,27309000.0,525453000.0,,,1826803000.0,1940489000.0,136271000.0,1940489000.0,463300000.0,462795000.0,462795000.0
Healthpeak Properties Inc,PEAK,PZ9HF5U52KPF0MH0QN75,765880,2015.0,Q4,2015-10-01,2015-12-31,,-1.21,-1.21,-1.69,135276000.0,-1.21,-484572000.0,-3187000.0,,,-594617000.0,104469000.0,-699086000.0,-599164000.0,4251000.0,,,4001000.0,-296000.0,,-92000.0,-92727000.0,312631000.0,-918000.0,,,3959000.0,158312000.0,,,-32706000.0,64667000.0,101374000.0,64667000.0,463300000.0,462795000.0,462795000.0
Healthpeak Properties Inc,PEAK,PZ9HF5U52KPF0MH0QN75,765880,2015.0,Q3,2015-07-01,2015-09-30,2016-11-01 08:47:18+00:00,,,0.565,134704000.0,,69622000.0,-1980000.0,,,117954000.0,117954000.0,,115046000.0,2592000.0,,,-520000.0,-316000.0,,-18920000.0,502209000.0,316206000.0,,,,1553000.0,155290000.0,,,522085000.0,657499000.0,134894000.0,657499000.0,,463337000.0,463586000.0
Healthpeak Properties Inc,PEAK,PZ9HF5U52KPF0MH0QN75,765880,2015.0,Q2,2015-04-01,2015-06-30,2016-08-09 08:34:01+00:00,,,0.565,120403000.0,,44835000.0,-4563000.0,,,167748000.0,167748000.0,,164515000.0,2863000.0,,,11116000.0,-370000.0,,12001000.0,500236000.0,283819000.0,458000.0,,,18407000.0,106838000.0,,,467464000.0,607532000.0,151184000.0,607532000.0,,461874000.0,462106000.0
Healthpeak Properties Inc,PEAK,PZ9HF5U52KPF0MH0QN75,765880,2015.0,Q1,2015-01-01,2015-03-31,2016-05-09 06:16:18+00:00,,,0.565,114522000.0,,478464000.0,-77000.0,,,-237503000.0,-237503000.0,,-240949000.0,3111000.0,,,7988000.0,-335000.0,,13601000.0,505318000.0,273584000.0,460000.0,,,3390000.0,105013000.0,,,869960000.0,610791000.0,-251181000.0,610791000.0,,460880000.0,460880000.0
Healthpeak Properties Inc,PEAK,PZ9HF5U52KPF0MH0QN75,765880,2015.0,Q1TTM,2014-04-01,2015-03-31,,1.45,1.45,0.57,462150000.0,1.44,478464000.0,1576000.0,-16696000.0,-106638000.0,435465000.0,-200065000.0,635530000.0,420800000.0,12957000.0,89942000.0,,20528000.0,-1708000.0,,-927000.0,1425392000.0,1079779000.0,11000.0,1930000.0,,20037000.0,308925000.0,-106638000.0,-16696000.0,2042360000.0,1734328000.0,-197562000.0,1824270000.0,,460880000.0,460880000.0
Healthpeak Properties Inc,PEAK,PZ9HF5U52KPF0MH0QN75,765880,2016.0,FY,2016-01-01,2016-12-31,2019-02-14 16:24:36+00:00,1.34,1.34,2.095,568108000.0,1.34,0.0,4473000.0,,,639926000.0,374171000.0,265755000.0,626549000.0,12179000.0,,,122332000.0,,-1198000.0,11360000.0,2129294000.0,1306413000.0,,,,9821000.0,,,,1884342000.0,2129294000.0,367284000.0,2129294000.0,467600000.0,467195000.0,467403000.0
Healthpeak Properties Inc,PEAK,PZ9HF5U52KPF0MH0QN75,765880,2016.0,Q3,2016-07-01,2016-09-30,2017-11-02 07:19:02+00:00,0.32,0.32,0.575,141407000.0,0.32,0.0,1629000.0,,,154039000.0,45826000.0,108213000.0,150924000.0,2789000.0,,0.0,1423000.0,-326000.0,,,359805000.0,340355000.0,,,,2763000.0,170752000.0,,,484525000.0,530557000.0,47455000.0,530557000.0,471600000.0,467628000.0,467835000.0
Healthpeak Properties Inc,PEAK,PZ9HF5U52KPF0MH0QN75,765880,2016.0,Q3YTD,2016-01-01,2016-09-30,,1.22,1.22,1.73,421181000.0,1.21,,5129000.0,,,578626000.0,294630000.0,283996000.0,568061000.0,9540000.0,,,124669000.0,-1025000.0,,,1088632000.0,987017000.0,,,,6061000.0,500717000.0,,,1414259000.0,1589349000.0,299759000.0,1589349000.0,471600000.0,467628000.0,467835000.0
Healthpeak Properties Inc,PEAK,PZ9HF5U52KPF0MH0QN75,765880,2016.0,Q2,2016-04-01,2016-06-30,2017-08-01 08:13:54+00:00,0.65,0.65,0.575,139919000.0,0.64,0.0,-1112000.0,,,304842000.0,197467000.0,107375000.0,301375000.0,3125000.0,,,121954000.0,-342000.0,,,374133000.0,323192000.0,,,,823000.0,164202000.0,,,463934000.0,538335000.0,196355000.0,538335000.0,463700000.0,467084000.0,471425000.0
Healthpeak Properties Inc,PEAK,PZ9HF5U52KPF0MH0QN75,765880,2016.0,Q2YTD,2016-01-01,2016-06-30,,0.9,0.9,1.15,279774000.0,0.89,,3500000.0,,,424587000.0,248804000.0,175783000.0,417137000.0,6751000.0,,,123246000.0,-699000.0,,,728827000.0,646662000.0,,,,3298000.0,329965000.0,,,929734000.0,1058792000.0,252304000.0,1058792000.0,463700000.0,467084000.0,471425000.0
Healthpeak Properties Inc,PEAK,PZ9HF5U52KPF0MH0QN75,765880,2016.0,Q1,2016-01-01,2016-03-31,2017-05-02 08:33:22+00:00,0.25,0.25,0.575,139855000.0,0.25,,4612000.0,,,119745000.0,51337000.0,68408000.0,115762000.0,3626000.0,,,1292000.0,-357000.0,,,354694000.0,323470000.0,,,,2475000.0,165763000.0,,,465800000.0,520457000.0,55949000.0,520457000.0,463000000.0,466074000.0,466262000.0
Healthpeak Properties Inc,PEAK,PZ9HF5U52KPF0MH0QN75,765880,2017.0,FY,2017-01-01,2017-12-31,2020-02-12 19:02:04+00:00,0.88,0.88,1.48,534726000.0,0.88,166384000.0,-1333000.0,56237000.0,307716000.0,422634000.0,422634000.0,,413013000.0,8465000.0,-251479000.0,,333834000.0,,1156000.0,10901000.0,1267866000.0,755023000.0,,,,7963000.0,524275000.0,307716000.0,56237000.0,1464096000.0,1792141000.0,410400000.0,1540662000.0,469300000.0,468759000.0,468935000.0
Healthpeak Properties Inc,PEAK,PZ9HF5U52KPF0MH0QN75,765880,2017.0,Q3,2017-07-01,2017-09-30,2018-10-31 16:19:12+00:00,-0.02,-0.02,0.37,130588000.0,-0.02,25328000.0,-6543000.0,,,-5720000.0,-5720000.0,,-7788000.0,1937000.0,,,-59601000.0,,131000.0,,454023000.0,250189000.0,,,,580000.0,,,,406685000.0,454023000.0,-12263000.0,454023000.0,389400000.0,468975000.0,468975000.0
Healthpeak Properties Inc,PEAK,PZ9HF5U52KPF0MH0QN75,765880,2017.0,Q3YTD,2017-01-01,2017-09-30,,1.0,1.0,1.11,397893000.0,0.99,82010000.0,-18961000.0,20869000.0,77788000.0,480558000.0,480558000.0,,471870000.0,7687000.0,-56919000.0,,309348000.0,-770000.0,231000.0,240000.0,1244018000.0,692915000.0,,,,2504000.0,140232000.0,77788000.0,20869000.0,1175322000.0,1384250000.0,461357000.0,1327331000.0,389400000.0,468975000.0,468975000.0
Healthpeak Properties Inc,PEAK,PZ9HF5U52KPF0MH0QN75,765880,2017.0,Q3TTM,2016-10-01,2017-09-30,,1.12,1.12,-0.62,544820000.0,1.12,82010000.0,-19617000.0,20869000.0,77788000.0,541858000.0,560099000.0,-18241000.0,530358000.0,10326000.0,-56919000.0,,307011000.0,255000.0,-967000.0,11600000.0,2284680000.0,1012311000.0,,,,6264000.0,-360485000.0,77788000.0,20869000.0,1645405000.0,1924195000.0,528882000.0,1867276000.0,389400000.0,468975000.0,468975000.0
Healthpeak Properties Inc,PEAK,PZ9HF5U52KPF0MH0QN75,765880,2017.0,Q2,2017-04-01,2017-06-30,2018-08-02 16:19:42+00:00,0.04,0.04,0.37,130751000.0,0.04,56682000.0,-2987000.0,20869000.0,77788000.0,22101000.0,22101000.0,,19283000.0,2718000.0,-56919000.0,,483000.0,,100000.0,240000.0,438059000.0,174449000.0,,,,867000.0,,77788000.0,20869000.0,362749000.0,438059000.0,18874000.0,381140000.0,482100000.0,468646000.0,468839000.0
Healthpeak Properties Inc,PEAK,PZ9HF5U52KPF0MH0QN75,765880,2017.0,Q2YTD,2017-01-01,2017-06-30,,1.02,1.02,0.74,267305000.0,1.01,56682000.0,-12418000.0,20869000.0,77788000.0,486278000.0,486278000.0,,479658000.0,5750000.0,-56919000.0,,368949000.0,-770000.0,100000.0,240000.0,789995000.0,442726000.0,,,,1924000.0,140232000.0,77788000.0,20869000.0,768637000.0,930227000.0,473620000.0,873308000.0,482100000.0,468646000.0,468839000.0
Healthpeak Properties Inc,PEAK,PZ9HF5U52KPF0MH0QN75,765880,2017.0,Q2TTM,2016-07-01,2017-06-30,,1.46,1.46,-0.41,555639000.0,1.46,56682000.0,-11445000.0,20869000.0,77788000.0,701617000.0,611645000.0,89972000.0,689070000.0,11178000.0,-56919000.0,,368035000.0,-71000.0,-1098000.0,11600000.0,2190462000.0,1102477000.0,,,,8447000.0,-189733000.0,77788000.0,20869000.0,1723245000.0,2000729000.0,588600000.0,1943810000.0,482100000.0,468646000.0,468839000.0
Healthpeak Properties Inc,PEAK,PZ9HF5U52KPF0MH0QN75,765880,2017.0,Q1,2017-01-01,2017-03-31,2018-05-03 16:17:50+00:00,0.98,0.98,0.37,136554000.0,0.97,,-9431000.0,,,464177000.0,464177000.0,,460375000.0,3032000.0,,,368466000.0,-770000.0,,,351936000.0,268277000.0,,,,1057000.0,140232000.0,,,405888000.0,492168000.0,454746000.0,492168000.0,469800000.0,468299000.0,475173000.0
Healthpeak Properties Inc,PEAK,PZ9HF5U52KPF0MH0QN75,765880,2017.0,Q1TTM,2016-04-01,2017-03-31,,2.07,2.07,-0.2,564807000.0,2.06,,-9570000.0,,,984358000.0,787011000.0,197347000.0,971162000.0,11585000.0,,,489506000.0,-413000.0,-1198000.0,11360000.0,2126536000.0,1251220000.0,,,,8403000.0,-25531000.0,,,1824430000.0,2101005000.0,766081000.0,2101005000.0,469800000.0,468299000.0,475173000.0
Healthpeak Properties Inc,PEAK,PZ9HF5U52KPF0MH0QN75,765880,2018.0,FY,2018-01-01,2018-12-31,2020-02-12 19:02:04+00:00,2.25,2.25,1.48,549499000.0,2.24,55260000.0,-17854000.0,10406000.0,266343000.0,1073474000.0,1073474000.0,,1058424000.0,12381000.0,-255937000.0,,895139000.0,,2669000.0,-2594000.0,1291510000.0,801740000.0,,,,10772000.0,544773000.0,266343000.0,10406000.0,1417271000.0,1836283000.0,1058214000.0,1580346000.0,470400000.0,470551000.0,475387000.0
Healthpeak Properties Inc,PEAK,PZ9HF5U52KPF0MH0QN75,765880,2018.0,Q4,2018-10-01,2018-12-31,,1.77,1.77,,130759000.0,1.76,36080000.0,-2365000.0,7723000.0,129819000.0,924325000.0,834383000.0,,919637000.0,2835000.0,-122096000.0,,813844000.0,90367000.0,2278000.0,-1582000.0,163556000.0,123821000.0,,,,1684000.0,270640000.0,129819000.0,7723000.0,292344000.0,434196000.0,833600000.0,312100000.0,470400000.0,470551000.0,475387000.0
Healthpeak Properties Inc,PEAK,PZ9HF5U52KPF0MH0QN75,765880,2018.0,Q3,2018-07-01,2018-09-30,2019-10-31 16:22:44+00:00,0.21,0.21,,132198000.0,0.21,5268000.0,-4929000.0,1236000.0,63486000.0,102926000.0,102926000.0,,98946000.0,3555000.0,-62250000.0,,53037000.0,-425000.0,,-911000.0,317427000.0,204710000.0,,,,4489000.0,137359000.0,63486000.0,1236000.0,346665000.0,454786000.0,98908000.0,392536000.0,471200000.0,469867000.0,470118000.0
Healthpeak Properties Inc,PEAK,PZ9HF5U52KPF0MH0QN75,765880,2018.0,Q3YTD,2018-01-01,2018-09-30,,0.48,0.48,,418740000.0,0.48,19180000.0,-15489000.0,2683000.0,136524000.0,149149000.0,239091000.0,,138787000.0,9546000.0,-133841000.0,,81295000.0,-90367000.0,391000.0,-1012000.0,1127954000.0,677919000.0,,,,9088000.0,274133000.0,136524000.0,2683000.0,1124927000.0,1402087000.0,224614000.0,1268246000.0,471200000.0,469867000.0,470118000.0
Healthpeak Properties Inc,PEAK,PZ9HF5U52KPF0MH0QN75,765880,2018.0,Q3TTM,2017-10-01,2018-09-30,,0.36,0.36,-1.11,555573000.0,0.37,103554000.0,2139000.0,38051000.0,366452000.0,91225000.0,181167000.0,,79930000.0,10324000.0,-328401000.0,,105781000.0,-89597000.0,1316000.0,9649000.0,1151802000.0,740027000.0,,,,14547000.0,658176000.0,366452000.0,38051000.0,1413701000.0,1809978000.0,173657000.0,1481577000.0,471200000.0,469867000.0,470118000.0
Healthpeak Properties Inc,PEAK,PZ9HF5U52KPF0MH0QN75,765880,2018.0,Q2,2018-04-01,2018-06-30,2019-08-01 16:21:32+00:00,0.19,0.19,,143292000.0,0.19,13912000.0,-4654000.0,1447000.0,73038000.0,2986000.0,92928000.0,,,2986000.0,-71591000.0,,47850000.0,-89942000.0,,-101000.0,331330000.0,196380000.0,,,,2404000.0,136774000.0,73038000.0,1447000.0,355988000.0,468104000.0,88375000.0,396513000.0,,469769000.0,469941000.0
Healthpeak Properties Inc,PEAK,PZ9HF5U52KPF0MH0QN75,765880,2018.0,Q2YTD,2018-01-01,2018-06-30,,0.27,0.27,,286542000.0,0.27,13912000.0,-10560000.0,1447000.0,73038000.0,46223000.0,136165000.0,,39841000.0,5991000.0,-71591000.0,,28258000.0,-89942000.0,391000.0,-101000.0,810527000.0,473209000.0,,,,4599000.0,136774000.0,73038000.0,1447000.0,778262000.0,947301000.0,125706000.0,875710000.0,,469769000.0,469941000.0
Healthpeak Properties Inc,PEAK,PZ9HF5U52KPF0MH0QN75,765880,2018.0,Q1,2018-01-01,2018-03-31,2019-05-02 16:22:09+00:00,0.08,0.08,0.37,143250000.0,0.08,0.0,-5906000.0,,,43237000.0,43237000.0,,39841000.0,3005000.0,,,-19592000.0,,391000.0,,479197000.0,276829000.0,,,,2195000.0,,,,422274000.0,479197000.0,37331000.0,479197000.0,498000000.0,469557000.0,469695000.0
Healthpeak Properties Inc,PEAK,PZ9HF5U52KPF0MH0QN75,765880,2019.0,Q4,2019-10-01,2019-12-31,,0.08,0.08,,190798000.0,0.08,110284000.0,-5679000.0,2976000.0,58120000.0,33762000.0,47359000.0,,29207000.0,3839000.0,-55144000.0,,139275000.0,-13597000.0,716000.0,1387000.0,318236000.0,269902000.0,,,,1569000.0,210479000.0,58120000.0,2976000.0,572553000.0,528715000.0,40293000.0,473571000.0,488700000.0,486255000.0,489335000.0
Healthpeak Properties Inc,PEAK,PZ9HF5U52KPF0MH0QN75,765880,2019.0,FY,2019-01-01,2019-12-31,2020-02-12 19:02:04+00:00,0.09,0.09,1.48,659989000.0,0.09,225937000.0,-17262000.0,9844000.0,225619000.0,60061000.0,60061000.0,,43987000.0,14531000.0,-215775000.0,,146665000.0,,1543000.0,-8625000.0,1259559000.0,972336000.0,,,,8743000.0,727980000.0,225619000.0,9844000.0,1867005000.0,1987539000.0,51424000.0,1771764000.0,488700000.0,486255000.0,489335000.0
Healthpeak Properties Inc,PEAK,PZ9HF5U52KPF0MH0QN75,765880,2019.0,Q3,2019-07-01,2019-09-30,2019-10-31 16:22:44+00:00,-0.09,-0.09,,171944000.0,-0.09,38257000.0,-6261000.0,2741000.0,61230000.0,-42308000.0,-42308000.0,,-46249000.0,3555000.0,-58489000.0,,-35108000.0,,386000.0,-7643000.0,322190000.0,271039000.0,,,,1319000.0,213040000.0,61230000.0,2741000.0,482559000.0,535230000.0,-40926000.0,476741000.0,513900000.0,491203000.0,491203000.0
Healthpeak Properties Inc,PEAK,PZ9HF5U52KPF0MH0QN75,765880,2019.0,Q3YTD,2019-01-01,2019-09-30,,0.01,0.01,,469191000.0,0.01,115653000.0,-11583000.0,6868000.0,167499000.0,26299000.0,12702000.0,,14780000.0,10692000.0,-160631000.0,,7390000.0,13597000.0,827000.0,-10012000.0,941323000.0,702434000.0,,,,7174000.0,517501000.0,167499000.0,6868000.0,1294452000.0,1458824000.0,11131000.0,1298193000.0,513900000.0,491203000.0,491203000.0
Healthpeak Properties Inc,PEAK,PZ9HF5U52KPF0MH0QN75,765880,2019.0,Q3TTM,2018-10-01,2019-09-30,,1.78,1.78,,599950000.0,1.77,151733000.0,-13948000.0,14591000.0,297318000.0,950624000.0,847085000.0,,934417000.0,13527000.0,-282727000.0,,821234000.0,103964000.0,3105000.0,-11594000.0,1104879000.0,826255000.0,,,,8858000.0,788141000.0,297318000.0,14591000.0,1586796000.0,1893020000.0,844731000.0,1610293000.0,513900000.0,491203000.0,491203000.0
Healthpeak Properties Inc,PEAK,PZ9HF5U52KPF0MH0QN75,765880,2019.0,Q2,2019-04-01,2019-06-30,2019-08-01 16:21:32+00:00,-0.03,-0.03,,165296000.0,-0.03,68538000.0,-1864000.0,2414000.0,56942000.0,3617000.0,-9980000.0,,,3617000.0,-54528000.0,,31321000.0,13597000.0,,-1506000.0,311387000.0,241113000.0,,,,1337000.0,177766000.0,56942000.0,2414000.0,476284000.0,489153000.0,-10338000.0,434625000.0,,478739000.0,478739000.0
Healthpeak Properties Inc,PEAK,PZ9HF5U52KPF0MH0QN75,765880,2019.0,Q2YTD,2019-01-01,2019-06-30,,0.1,0.1,,297247000.0,0.1,77396000.0,-5322000.0,4127000.0,106269000.0,68607000.0,55010000.0,,61029000.0,7137000.0,-102142000.0,,42498000.0,13597000.0,441000.0,-2369000.0,619133000.0,431395000.0,,,,5855000.0,304461000.0,106269000.0,4127000.0,811893000.0,923594000.0,52057000.0,821452000.0,,478739000.0,478739000.0
Healthpeak Properties Inc,PEAK,PZ9HF5U52KPF0MH0QN75,765880,2019.0,Q2TTM,2018-07-01,2019-06-30,,2.08,2.08,,560204000.0,2.07,118744000.0,-12616000.0,13086000.0,299574000.0,1095858000.0,992319000.0,,1079612000.0,13527000.0,-286488000.0,,909379000.0,103539000.0,2719000.0,-4862000.0,1100116000.0,759926000.0,,,,12028000.0,712460000.0,299574000.0,13086000.0,1450902000.0,1812576000.0,984565000.0,1526088000.0,,478739000.0,478739000.0
Healthpeak Properties Inc,PEAK,PZ9HF5U52KPF0MH0QN75,765880,2019.0,Q1,2019-01-01,2019-03-31,2020-05-06 16:20:23+00:00,0.13,0.13,0.37,131951000.0,0.13,8858000.0,-3458000.0,1713000.0,49327000.0,64990000.0,64990000.0,,61029000.0,3520000.0,-47614000.0,,11177000.0,,441000.0,-863000.0,307746000.0,190282000.0,,,,4518000.0,126695000.0,49327000.0,1713000.0,335609000.0,434441000.0,62395000.0,386827000.0,469500000.0,477766000.0,479131000.0
Healthpeak Properties Inc,PEAK,PZ9HF5U52KPF0MH0QN75,765880,2019.0,Q1TTM,2018-04-01,2019-03-31,,2.3,2.3,,538200000.0,2.29,64118000.0,-15406000.0,12119000.0,315670000.0,1095227000.0,1095227000.0,,1079612000.0,12896000.0,-303551000.0,,925908000.0,,2719000.0,-3457000.0,1120059000.0,715193000.0,,,,13095000.0,671468000.0,315670000.0,12119000.0,1330606000.0,1791527000.0,1083278000.0,1487976000.0,469500000.0,477766000.0,479131000.0
Healthpeak Properties Inc,PEAK,PZ9HF5U52KPF0MH0QN75,765880,2020.0,Q1TTM,2019-04-01,2020-03-31,,0.51,0.51,,717314000.0,0.5,256202000.0,-46848000.0,11819000.0,234668000.0,277611000.0,277611000.0,,260422000.0,14471000.0,-222849000.0,,511798000.0,,2718000.0,-19741000.0,1269770000.0,1180416000.0,,,,19073000.0,864790000.0,234668000.0,11819000.0,2173005000.0,2134560000.0,250504000.0,1911711000.0,504500000.0,506476000.0,515045000.0
Healthpeak Properties Inc,PEAK,PZ9HF5U52KPF0MH0QN75,765880,2020.0,Q1,2020-01-01,2020-03-31,2020-05-06 16:20:23+00:00,0.55,0.55,0.37,189276000.0,0.54,39123000.0,-33044000.0,3688000.0,58376000.0,282540000.0,282540000.0,,277464000.0,3460000.0,-54688000.0,,376310000.0,,1616000.0,-11979000.0,317957000.0,398362000.0,,,,14848000.0,263505000.0,58376000.0,3688000.0,641609000.0,581462000.0,261475000.0,526774000.0,504500000.0,506476000.0,515045000.0
