company_name,company_ticker,company_lei,company_cik,year,quarter,start_date,end_date,filing_date,amortizationexpense,basicdilutedeps,basiceps,cashdividendspershare,depreciationexpense,dilutedeps,impairmentexpense,incometaxexpense,investmentsecuritiesinterestincome,longtermdebtinterestexpense,marketingexpense,netincome,netincomecontinuing,netincomediscontinued,netincometocommon,netinterestincome,netoccupancyequipmentexpense,netrealizedcapitalgains,nonoperatingincome,otheradjustmentstoconsolidatednetincome,othergains,otherinterestexpense,othernoninterestincome,otheroperatingexpenses,otherservicechargeincome,otherspecialcharges,preferreddividends,propertyliabilityinsuranceclaims,provisionforcreditlosses,restructuringcharge,salariesandemployeebenefitsexpense,totalinterestexpense,totalinterestincome,totalnoninterestexpense,totalnoninterestincome,totalpretaxincome,totalrevenue,trustfeeincome,weightedavebasicdilutedsharesos,weightedavebasicsharesos,weightedavedilutedsharesos
E*TRADE Financial Corp,ETFC,549300LYE2HSVYJFJD24,1015780,2008.0,FY,2008-01-01,2008-12-31,2011-02-22 16:15:15+00:00,35746000.0,-10.04,-10.04,,82483000.0,-10.04,,-469535000.0,2469940000.0,1201934000.0,175250000.0,-511790000.0,-809384000.0,297594000.0,-511790000.0,1268006000.0,85766000.0,-195483000.0,-330634000.0,,,,84882000.0,466825000.0,252640000.0,,,31258000.0,1583666000.0,29502000.0,383385000.0,1201934000.0,2469940000.0,1290215000.0,657590000.0,-1278919000.0,1925596000.0,515551000.0,51000000.0,50986000.0,50986000.0
E*TRADE Financial Corp,ETFC,549300LYE2HSVYJFJD24,1015780,2009.0,FY,2009-01-01,2009-12-31,2012-02-23 17:15:44+00:00,29737000.0,-11.85,-11.85,,83337000.0,-11.85,,-537669000.0,1832558000.0,571956000.0,114399000.0,-1297762000.0,-1297762000.0,,-1297762000.0,1260602000.0,78360000.0,80011000.0,-1311006000.0,,,,88053000.0,456354000.0,240357000.0,,,94258000.0,1498112000.0,20652000.0,366232000.0,571956000.0,1832558000.0,1243329000.0,956414000.0,-1835431000.0,2217016000.0,547993000.0,109500000.0,109544000.0,109544000.0
E*TRADE Financial Corp,ETFC,549300LYE2HSVYJFJD24,1015780,2009.0,Q3,2009-07-01,2009-09-30,2010-11-03 16:05:26+00:00,7433000.0,-6.74,-6.74,,21149000.0,-6.74,,-296658000.0,440038000.0,118660000.0,19438000.0,-854691000.0,-854691000.0,,-854691000.0,321378000.0,19569000.0,22750000.0,-1077740000.0,,,,24888000.0,113651000.0,61778000.0,,,19993000.0,347222000.0,2497000.0,97984000.0,118660000.0,440038000.0,301714000.0,253949000.0,-1151349000.0,575327000.0,144533000.0,126800000.0,126849000.0,126849000.0
E*TRADE Financial Corp,ETFC,549300LYE2HSVYJFJD24,1015780,2010.0,FY,2010-01-01,2010-12-31,2013-02-26 17:09:59+00:00,28475000.0,-0.13,-0.13,,87931000.0,-0.13,,25331000.0,1546713000.0,320430000.0,132150000.0,-28472000.0,-28472000.0,,-28472000.0,1226283000.0,70915000.0,128542000.0,-159027000.0,,,,103346000.0,405988000.0,188704000.0,,,77728000.0,779412000.0,14346000.0,325044000.0,320430000.0,1546713000.0,1142577000.0,851592000.0,-3141000.0,2077875000.0,431000000.0,219000000.0,211302000.0,211302000.0
E*TRADE Financial Corp,ETFC,549300LYE2HSVYJFJD24,1015780,2010.0,Q4,2010-10-01,2010-12-31,,14217000.0,0.05,0.05,,44089000.0,0.05,,16283000.0,763681000.0,156730000.0,68425000.0,10961000.0,-36876000.0,,10961000.0,606951000.0,34852000.0,52592000.0,-84047000.0,47837000.0,-47837000.0,,55623000.0,225144000.0,92600000.0,,,38642000.0,359450000.0,8019000.0,162050000.0,156730000.0,763681000.0,580347000.0,429046000.0,27244000.0,1035997000.0,228231000.0,219000000.0,211302000.0,211302000.0
E*TRADE Financial Corp,ETFC,549300LYE2HSVYJFJD24,1015780,2010.0,Q3YTD,2010-01-01,2010-09-30,,14258000.0,-0.18,-0.18,,43842000.0,-0.18,,9048000.0,783032000.0,163700000.0,63725000.0,-39433000.0,8404000.0,,-39433000.0,619332000.0,36063000.0,75950000.0,-74980000.0,-47837000.0,47837000.0,,47723000.0,180844000.0,96104000.0,,,39086000.0,419962000.0,6327000.0,162994000.0,163700000.0,783032000.0,562230000.0,422546000.0,-30385000.0,1041878000.0,202769000.0,210100000.0,220415000.0,289271000.0
E*TRADE Financial Corp,ETFC,549300LYE2HSVYJFJD24,1015780,2010.0,Q2YTD,2010-01-01,2010-06-30,,14283000.0,-0.06,-0.06,,42647000.0,-0.06,,-909000.0,788746000.0,166322000.0,67912000.0,-12761000.0,35076000.0,,-12761000.0,622424000.0,35821000.0,77954000.0,-82059000.0,-47837000.0,47837000.0,,54917000.0,202089000.0,103213000.0,,,38575000.0,433645000.0,1520000.0,168150000.0,166322000.0,788746000.0,570997000.0,468890000.0,-13670000.0,1091314000.0,232806000.0,206300000.0,211642000.0,289150000.0
E*TRADE Financial Corp,ETFC,549300LYE2HSVYJFJD24,1015780,2011.0,Q4,2011-10-01,2011-12-31,,6538000.0,-0.02,-0.02,,21939000.0,-0.02,,7164000.0,366519000.0,77261000.0,36530000.0,-6346000.0,-6346000.0,,-6346000.0,289258000.0,17842000.0,20524000.0,-47894000.0,,,,24682000.0,116190000.0,36735000.0,,,25154000.0,123036000.0,1650000.0,88673000.0,77261000.0,366519000.0,304260000.0,176494000.0,818000.0,465752000.0,94553000.0,265600000.0,267291000.0,289822000.0
E*TRADE Financial Corp,ETFC,549300LYE2HSVYJFJD24,1015780,2011.0,FY,2011-01-01,2011-12-31,2014-02-25 17:13:07+00:00,26151000.0,0.59,0.59,,89583000.0,0.54,0.0,28629000.0,1532339000.0,312380000.0,145172000.0,156701000.0,156701000.0,,156701000.0,1219959000.0,68840000.0,105326000.0,-175751000.0,,,,105359000.0,458364000.0,169712000.0,,,105442000.0,440614000.0,7706000.0,333646000.0,312380000.0,1532339000.0,1234904000.0,816640000.0,185330000.0,2036599000.0,436243000.0,265600000.0,267291000.0,289822000.0
E*TRADE Financial Corp,ETFC,549300LYE2HSVYJFJD24,1015780,2011.0,Q3YTD,2011-01-01,2011-09-30,,19613000.0,0.57,0.57,,67644000.0,0.57,,21465000.0,1165820000.0,235119000.0,108642000.0,163047000.0,163047000.0,,163047000.0,930701000.0,50998000.0,84802000.0,-127857000.0,,,,80677000.0,342174000.0,132977000.0,,,80288000.0,317578000.0,6056000.0,244973000.0,235119000.0,1165820000.0,930644000.0,640146000.0,184512000.0,1570847000.0,341690000.0,282800000.0,283807000.0,289706000.0
E*TRADE Financial Corp,ETFC,549300LYE2HSVYJFJD24,1015780,2011.0,Q3TTM,2010-10-01,2011-09-30,,33830000.0,0.61,0.61,,111733000.0,0.61,,37748000.0,1929501000.0,391849000.0,177067000.0,174008000.0,126171000.0,,174008000.0,1537652000.0,85850000.0,137394000.0,-211904000.0,47837000.0,-47837000.0,,136300000.0,572153000.0,225577000.0,,,118930000.0,677028000.0,14075000.0,407023000.0,391849000.0,1929501000.0,1510991000.0,1069192000.0,211756000.0,2606844000.0,569921000.0,282800000.0,283807000.0,289706000.0
E*TRADE Financial Corp,ETFC,549300LYE2HSVYJFJD24,1015780,2011.0,Q2,2011-04-01,2011-06-30,2012-08-03 16:06:18+00:00,6537000.0,0.18,0.18,,22724000.0,0.16,,35490000.0,394653000.0,79232000.0,37019000.0,47118000.0,47118000.0,,47118000.0,315421000.0,17163000.0,28127000.0,-40957000.0,,,,23756000.0,100880000.0,46465000.0,,,24031000.0,103136000.0,2046000.0,80518000.0,79232000.0,394653000.0,290918000.0,202198000.0,82608000.0,517619000.0,103850000.0,261800000.0,269119000.0,289643000.0
E*TRADE Financial Corp,ETFC,549300LYE2HSVYJFJD24,1015780,2011.0,Q2YTD,2011-01-01,2011-06-30,,13075000.0,0.34,0.34,,44771000.0,0.34,,69221000.0,782119000.0,156996000.0,81384000.0,92351000.0,92351000.0,,92351000.0,625123000.0,33977000.0,60461000.0,-83618000.0,,,,53332000.0,193948000.0,93177000.0,,,44598000.0,219194000.0,5598000.0,164521000.0,156996000.0,782119000.0,588932000.0,435253000.0,161572000.0,1060376000.0,228283000.0,261800000.0,269119000.0,289643000.0
E*TRADE Financial Corp,ETFC,549300LYE2HSVYJFJD24,1015780,2011.0,Q2TTM,2010-07-01,2011-06-30,,34408000.0,0.42,0.42,,112056000.0,0.42,,112644000.0,1921866000.0,390857000.0,175399000.0,111716000.0,63879000.0,,111716000.0,1531009000.0,86685000.0,159957000.0,-201734000.0,47837000.0,-47837000.0,,130467000.0,505486000.0,225632000.0,,,103011000.0,730627000.0,16571000.0,402355000.0,390857000.0,1921866000.0,1436173000.0,1062087000.0,224360000.0,2593096000.0,546031000.0,261800000.0,269119000.0,289643000.0
E*TRADE Financial Corp,ETFC,549300LYE2HSVYJFJD24,1015780,2011.0,Q1TTM,2010-04-01,2011-03-31,,27871000.0,0.28,0.28,,89332000.0,0.28,,77154000.0,1527213000.0,311625000.0,138380000.0,64598000.0,16761000.0,,64598000.0,1215588000.0,69522000.0,131830000.0,-160777000.0,47837000.0,-47837000.0,,106711000.0,404606000.0,179167000.0,,,78980000.0,627491000.0,14525000.0,321837000.0,311625000.0,1527213000.0,1145255000.0,859889000.0,141752000.0,2075477000.0,442181000.0,226200000.0,230301000.0,289677000.0
E*TRADE Financial Corp,ETFC,549300LYE2HSVYJFJD24,1015780,2012.0,FY,2012-01-01,2012-12-31,2015-02-24 17:30:14+00:00,25000000.0,-0.39,-0.39,,91000000.0,-0.39,0.0,-18000000.0,1371000000.0,286000000.0,139000000.0,-113000000.0,-113000000.0,,-113000000.0,1085000000.0,74000000.0,184000000.0,-514000000.0,,,,93000000.0,355000000.0,160000000.0,,,117000000.0,355000000.0,8000000.0,353000000.0,286000000.0,1371000000.0,1162000000.0,815000000.0,-131000000.0,1900000000.0,378000000.0,289700000.0,285748000.0,285748000.0
E*TRADE Financial Corp,ETFC,549300LYE2HSVYJFJD24,1015780,2012.0,Q4,2012-10-01,2012-12-31,,6113000.0,-0.65,-0.65,,22613000.0,-0.65,,-34755000.0,320242000.0,60076000.0,28844000.0,-186476000.0,-186476000.0,,-186476000.0,260166000.0,18479000.0,47827000.0,-329345000.0,,,,25438000.0,103056000.0,39096000.0,,,30101000.0,74773000.0,4485000.0,80383000.0,60076000.0,320242000.0,285273000.0,199193000.0,-221231000.0,459359000.0,86832000.0,289700000.0,285748000.0,285748000.0
E*TRADE Financial Corp,ETFC,549300LYE2HSVYJFJD24,1015780,2012.0,Q3,2012-07-01,2012-09-30,2013-11-07 16:06:30+00:00,6296000.0,-0.1,-0.1,,23044000.0,-0.1,0.0,-7678000.0,333977000.0,73100000.0,26001000.0,-28625000.0,-28625000.0,,-28625000.0,260877000.0,19423000.0,76582000.0,-96286000.0,,,,22177000.0,85787000.0,39975000.0,,,31342000.0,141019000.0,2350000.0,94790000.0,73100000.0,333977000.0,289033000.0,229158000.0,-36303000.0,490035000.0,90424000.0,286300000.0,285850000.0,285850000.0
E*TRADE Financial Corp,ETFC,549300LYE2HSVYJFJD24,1015780,2012.0,Q3YTD,2012-01-01,2012-09-30,,18887000.0,0.26,0.26,,68387000.0,0.26,,16755000.0,1050758000.0,225924000.0,110156000.0,73476000.0,73476000.0,,73476000.0,824834000.0,55521000.0,136173000.0,-184655000.0,,,,67562000.0,248412000.0,120904000.0,,,86899000.0,280227000.0,3515000.0,272617000.0,225924000.0,1050758000.0,876727000.0,615807000.0,90231000.0,1440641000.0,291168000.0,286300000.0,285850000.0,285850000.0
E*TRADE Financial Corp,ETFC,549300LYE2HSVYJFJD24,1015780,2012.0,Q3TTM,2011-10-01,2012-09-30,,25425000.0,0.23,0.23,,90326000.0,0.23,,23919000.0,1417277000.0,303185000.0,146686000.0,67130000.0,67130000.0,,67130000.0,1114092000.0,73363000.0,156697000.0,-232549000.0,,,,92244000.0,368134000.0,157639000.0,,,112053000.0,403263000.0,5165000.0,361290000.0,303185000.0,1417277000.0,1180987000.0,792301000.0,91049000.0,1906393000.0,385721000.0,286300000.0,285850000.0,285850000.0
E*TRADE Financial Corp,ETFC,549300LYE2HSVYJFJD24,1015780,2012.0,Q2YTD,2012-01-01,2012-06-30,,12591000.0,0.36,0.36,,45343000.0,0.36,,24433000.0,716781000.0,152824000.0,84155000.0,102101000.0,102101000.0,,102101000.0,563957000.0,36098000.0,59591000.0,-88369000.0,,,,45385000.0,166157000.0,80929000.0,,,55557000.0,139208000.0,1165000.0,177827000.0,152824000.0,716781000.0,587694000.0,386649000.0,126534000.0,950606000.0,200744000.0,282200000.0,285645000.0,290044000.0
E*TRADE Financial Corp,ETFC,549300LYE2HSVYJFJD24,1015780,2012.0,Q2TTM,2011-07-01,2012-06-30,,25667000.0,0.58,0.58,,90155000.0,0.58,,-16159000.0,1467001000.0,308208000.0,147943000.0,166451000.0,166451000.0,,166451000.0,1158793000.0,70961000.0,104456000.0,-180502000.0,,,,97412000.0,434101000.0,157464000.0,,,116401000.0,360628000.0,3273000.0,346952000.0,308208000.0,1467001000.0,1233666000.0,768036000.0,150292000.0,1926829000.0,408704000.0,282200000.0,285645000.0,290044000.0
E*TRADE Financial Corp,ETFC,549300LYE2HSVYJFJD24,1015780,2012.0,Q1TTM,2011-04-01,2012-03-31,,25909000.0,0.61,0.61,,89775000.0,0.61,,-1699000.0,1507134000.0,312025000.0,148395000.0,174059000.0,174059000.0,,174059000.0,1195109000.0,69880000.0,107898000.0,-178307000.0,,,,99929000.0,457338000.0,164594000.0,,,113237000.0,396503000.0,3730000.0,341921000.0,312025000.0,1507134000.0,1243129000.0,791662000.0,172360000.0,1986771000.0,419241000.0,284500000.0,285478000.0,290017000.0
E*TRADE Financial Corp,ETFC,549300LYE2HSVYJFJD24,1015780,2013.0,FY,2013-01-01,2013-12-31,2015-02-24 17:30:14+00:00,24000000.0,0.3,0.3,,89000000.0,0.29,142000000.0,109000000.0,1220000000.0,238000000.0,108000000.0,86000000.0,86000000.0,,86000000.0,982000000.0,73000000.0,58000000.0,-110000000.0,,,,73000000.0,344000000.0,190000000.0,0.0,,104000000.0,143000000.0,28000000.0,363000000.0,238000000.0,1220000000.0,1275000000.0,741000000.0,195000000.0,1723000000.0,420000000.0,286700000.0,286991000.0,292589000.0
E*TRADE Financial Corp,ETFC,549300LYE2HSVYJFJD24,1015780,2013.0,Q4,2013-10-01,2013-12-31,,6000000.0,0.2,0.2,,21000000.0,0.2,,47000000.0,317000000.0,60000000.0,27000000.0,57000000.0,59000000.0,,57000000.0,257000000.0,20000000.0,10000000.0,-28000000.0,-2000000.0,1000000.0,,17000000.0,100000000.0,50000000.0,,,25000000.0,17000000.0,5000000.0,93000000.0,60000000.0,317000000.0,295000000.0,187000000.0,105000000.0,444000000.0,110000000.0,286700000.0,286991000.0,292589000.0
E*TRADE Financial Corp,ETFC,549300LYE2HSVYJFJD24,1015780,2013.0,Q3YTD,2013-01-01,2013-09-30,,18000000.0,0.1,0.1,,68000000.0,0.09,142000000.0,62000000.0,903000000.0,178000000.0,81000000.0,29000000.0,27000000.0,,29000000.0,725000000.0,53000000.0,48000000.0,-82000000.0,2000000.0,-1000000.0,,56000000.0,244000000.0,140000000.0,,,79000000.0,126000000.0,23000000.0,270000000.0,178000000.0,903000000.0,980000000.0,554000000.0,90000000.0,1279000000.0,310000000.0,282400000.0,287111000.0,292630000.0
E*TRADE Financial Corp,ETFC,549300LYE2HSVYJFJD24,1015780,2013.0,Q3TTM,2012-10-01,2013-09-30,,24113000.0,-0.55,-0.55,,90613000.0,-0.56,142000000.0,27245000.0,1223242000.0,238076000.0,109844000.0,-157476000.0,-159476000.0,,-157476000.0,985166000.0,71479000.0,95827000.0,-411345000.0,2000000.0,-1000000.0,,81438000.0,350588000.0,179096000.0,,,109101000.0,200773000.0,27485000.0,350383000.0,238076000.0,1223242000.0,1265273000.0,753193000.0,-131231000.0,1738359000.0,396832000.0,282400000.0,287111000.0,292630000.0
E*TRADE Financial Corp,ETFC,549300LYE2HSVYJFJD24,1015780,2013.0,Q3,2013-07-01,2013-09-30,2014-11-04 16:12:34+00:00,6000000.0,0.17,0.17,,22000000.0,0.16,0.0,33000000.0,301000000.0,60000000.0,21000000.0,48000000.0,47000000.0,,48000000.0,241000000.0,17000000.0,12000000.0,-29000000.0,1000000.0,,,13000000.0,85000000.0,49000000.0,0.0,,25000000.0,37000000.0,6000000.0,88000000.0,60000000.0,301000000.0,271000000.0,177000000.0,80000000.0,418000000.0,103000000.0,282400000.0,287111000.0,292630000.0
E*TRADE Financial Corp,ETFC,549300LYE2HSVYJFJD24,1015780,2013.0,Q2,2013-04-01,2013-06-30,2014-08-05 16:21:15+00:00,6000000.0,-0.19,-0.19,,23000000.0,-0.19,142000000.0,7000000.0,302000000.0,59000000.0,23000000.0,-54000000.0,-55000000.0,,-54000000.0,243000000.0,18000000.0,21000000.0,-28000000.0,1000000.0,-1000000.0,,21000000.0,81000000.0,50000000.0,,,25000000.0,46000000.0,10000000.0,86000000.0,59000000.0,302000000.0,414000000.0,198000000.0,-47000000.0,441000000.0,106000000.0,284200000.0,286903000.0,286903000.0
E*TRADE Financial Corp,ETFC,549300LYE2HSVYJFJD24,1015780,2013.0,Q2YTD,2013-01-01,2013-06-30,,12000000.0,-0.07,-0.07,,46000000.0,-0.07,142000000.0,29000000.0,602000000.0,118000000.0,60000000.0,-19000000.0,-20000000.0,,-19000000.0,484000000.0,36000000.0,36000000.0,-53000000.0,1000000.0,-1000000.0,,43000000.0,160000000.0,91000000.0,,,54000000.0,89000000.0,17000000.0,182000000.0,118000000.0,602000000.0,709000000.0,377000000.0,10000000.0,861000000.0,207000000.0,284200000.0,286903000.0,286903000.0
E*TRADE Financial Corp,ETFC,549300LYE2HSVYJFJD24,1015780,2013.0,Q2TTM,2012-07-01,2013-06-30,,24409000.0,-0.82,-0.82,,91657000.0,-0.82,142000000.0,-13433000.0,1256219000.0,251176000.0,114845000.0,-234101000.0,-235101000.0,,-234101000.0,1005043000.0,73902000.0,160409000.0,-478631000.0,1000000.0,-1000000.0,,90615000.0,352375000.0,170071000.0,,,115443000.0,304792000.0,23835000.0,357173000.0,251176000.0,1256219000.0,1283306000.0,805351000.0,-247534000.0,1810394000.0,384256000.0,284200000.0,286903000.0,286903000.0
E*TRADE Financial Corp,ETFC,549300LYE2HSVYJFJD24,1015780,2013.0,Q1,2013-01-01,2013-03-31,2014-05-06 16:24:34+00:00,6000000.0,0.12,0.12,,23000000.0,0.12,0.0,22000000.0,300000000.0,59000000.0,37000000.0,35000000.0,35000000.0,,35000000.0,241000000.0,18000000.0,15000000.0,-25000000.0,,,,22000000.0,79000000.0,41000000.0,,,29000000.0,43000000.0,7000000.0,96000000.0,59000000.0,300000000.0,295000000.0,179000000.0,57000000.0,420000000.0,101000000.0,291700000.0,286626000.0,291696000.0
E*TRADE Financial Corp,ETFC,549300LYE2HSVYJFJD24,1015780,2013.0,Q1TTM,2012-04-01,2013-03-31,,24704000.0,-0.49,-0.49,,91761000.0,-0.49,,597000.0,1308739000.0,267591000.0,128412000.0,-140591000.0,-140591000.0,,-140591000.0,1041148000.0,74146000.0,164094000.0,-493783000.0,,,,90854000.0,349018000.0,159406000.0,,,117638000.0,326053000.0,15424000.0,356722000.0,267591000.0,1308739000.0,1150761000.0,785923000.0,-139994000.0,1827071000.0,371569000.0,291700000.0,286626000.0,291696000.0
E*TRADE Financial Corp,ETFC,549300LYE2HSVYJFJD24,1015780,2014.0,FY,2014-01-01,2014-12-31,2017-02-22 17:12:36+00:00,22000000.0,1.02,1.02,,78000000.0,1.0,,159000000.0,1279000000.0,,120000000.0,293000000.0,293000000.0,,293000000.0,961000000.0,79000000.0,39000000.0,,,,318000000.0,10000000.0,347000000.0,238000000.0,71000000.0,,79000000.0,36000000.0,8000000.0,412000000.0,318000000.0,1279000000.0,1216000000.0,743000000.0,452000000.0,1704000000.0,456000000.0,287300000.0,288705000.0,294103000.0
E*TRADE Financial Corp,ETFC,549300LYE2HSVYJFJD24,1015780,2014.0,Q4,2014-10-01,2014-12-31,,6000000.0,0.14,0.14,,18000000.0,0.14,,30000000.0,326000000.0,-158000000.0,32000000.0,41000000.0,41000000.0,,41000000.0,166000000.0,20000000.0,17000000.0,95000000.0,,,318000000.0,-8000000.0,91000000.0,61000000.0,71000000.0,,18000000.0,10000000.0,2000000.0,107000000.0,160000000.0,326000000.0,365000000.0,185000000.0,71000000.0,351000000.0,115000000.0,287300000.0,288705000.0,294103000.0
E*TRADE Financial Corp,ETFC,549300LYE2HSVYJFJD24,1015780,2014.0,Q3YTD,2014-01-01,2014-09-30,,16000000.0,0.88,0.88,,60000000.0,0.86,,129000000.0,953000000.0,158000000.0,88000000.0,252000000.0,252000000.0,,252000000.0,795000000.0,59000000.0,22000000.0,-95000000.0,,,,18000000.0,256000000.0,177000000.0,,,61000000.0,26000000.0,6000000.0,305000000.0,158000000.0,953000000.0,851000000.0,558000000.0,381000000.0,1353000000.0,341000000.0,286700000.0,288843000.0,294119000.0
E*TRADE Financial Corp,ETFC,549300LYE2HSVYJFJD24,1015780,2014.0,Q3TTM,2013-10-01,2014-09-30,,22000000.0,1.08,1.08,,81000000.0,1.06,,176000000.0,1270000000.0,218000000.0,115000000.0,309000000.0,311000000.0,,309000000.0,1052000000.0,79000000.0,32000000.0,-123000000.0,-2000000.0,1000000.0,,35000000.0,355000000.0,227000000.0,,,86000000.0,43000000.0,11000000.0,398000000.0,218000000.0,1270000000.0,1146000000.0,745000000.0,486000000.0,1797000000.0,451000000.0,286700000.0,288843000.0,294119000.0
E*TRADE Financial Corp,ETFC,549300LYE2HSVYJFJD24,1015780,2014.0,Q3,2014-07-01,2014-09-30,2015-11-04 16:11:17+00:00,5000000.0,0.3,0.3,,19000000.0,0.29,,39000000.0,315000000.0,50000000.0,21000000.0,86000000.0,86000000.0,,86000000.0,265000000.0,22000000.0,,-28000000.0,,,,8000000.0,82000000.0,59000000.0,,,18000000.0,10000000.0,2000000.0,108000000.0,50000000.0,315000000.0,277000000.0,175000000.0,125000000.0,440000000.0,108000000.0,286700000.0,288843000.0,294119000.0
E*TRADE Financial Corp,ETFC,549300LYE2HSVYJFJD24,1015780,2014.0,Q2YTD,2014-01-01,2014-06-30,,11000000.0,0.58,0.58,,41000000.0,0.57,,90000000.0,638000000.0,108000000.0,67000000.0,166000000.0,166000000.0,,166000000.0,530000000.0,37000000.0,22000000.0,-67000000.0,,,,10000000.0,174000000.0,118000000.0,,,43000000.0,16000000.0,4000000.0,197000000.0,108000000.0,638000000.0,574000000.0,383000000.0,256000000.0,913000000.0,233000000.0,287500000.0,288705000.0,293826000.0
E*TRADE Financial Corp,ETFC,549300LYE2HSVYJFJD24,1015780,2014.0,Q2TTM,2013-07-01,2014-06-30,,23000000.0,0.95,0.95,,84000000.0,0.93,,170000000.0,1256000000.0,228000000.0,115000000.0,271000000.0,272000000.0,,271000000.0,1028000000.0,74000000.0,44000000.0,-124000000.0,-1000000.0,1000000.0,,40000000.0,358000000.0,217000000.0,,,93000000.0,70000000.0,15000000.0,378000000.0,228000000.0,1256000000.0,1140000000.0,747000000.0,441000000.0,1775000000.0,446000000.0,287500000.0,288705000.0,293826000.0
E*TRADE Financial Corp,ETFC,549300LYE2HSVYJFJD24,1015780,2014.0,Q2,2014-04-01,2014-06-30,2015-08-05 12:34:09+00:00,6000000.0,0.24,0.24,,20000000.0,0.24,,43000000.0,319000000.0,52000000.0,33000000.0,69000000.0,69000000.0,,69000000.0,267000000.0,19000000.0,7000000.0,-30000000.0,,,,0.0,87000000.0,59000000.0,,,19000000.0,12000000.0,1000000.0,99000000.0,52000000.0,319000000.0,284000000.0,171000000.0,112000000.0,438000000.0,105000000.0,287500000.0,288705000.0,293826000.0
E*TRADE Financial Corp,ETFC,549300LYE2HSVYJFJD24,1015780,2014.0,Q1TTM,2013-04-01,2014-03-31,,23000000.0,0.52,0.52,,87000000.0,0.5,142000000.0,134000000.0,1239000000.0,235000000.0,105000000.0,148000000.0,148000000.0,,148000000.0,1004000000.0,73000000.0,58000000.0,-122000000.0,,,,61000000.0,352000000.0,208000000.0,,,99000000.0,104000000.0,24000000.0,365000000.0,235000000.0,1239000000.0,1270000000.0,774000000.0,282000000.0,1778000000.0,447000000.0,285300000.0,288051000.0,293819000.0
E*TRADE Financial Corp,ETFC,549300LYE2HSVYJFJD24,1015780,2014.0,Q1,2014-01-01,2014-03-31,2015-05-06 16:22:01+00:00,5000000.0,0.34,0.34,,21000000.0,0.33,,47000000.0,319000000.0,56000000.0,34000000.0,97000000.0,97000000.0,,97000000.0,263000000.0,18000000.0,15000000.0,-37000000.0,,,,10000000.0,87000000.0,59000000.0,,,24000000.0,4000000.0,3000000.0,98000000.0,56000000.0,319000000.0,290000000.0,212000000.0,144000000.0,475000000.0,128000000.0,285300000.0,288051000.0,293819000.0
E*TRADE Financial Corp,ETFC,549300LYE2HSVYJFJD24,1015780,2015.0,FY,2015-01-01,2015-12-31,2018-02-21 17:24:00+00:00,20000000.0,0.92,0.92,,81000000.0,0.91,,-177000000.0,1215000000.0,,124000000.0,268000000.0,268000000.0,,268000000.0,1021000000.0,88000000.0,-324000000.0,,,,194000000.0,,370000000.0,249000000.0,112000000.0,0.0,41000000.0,-40000000.0,17000000.0,466000000.0,194000000.0,1215000000.0,1319000000.0,349000000.0,91000000.0,1370000000.0,424000000.0,291300000.0,290762000.0,295011000.0
E*TRADE Financial Corp,ETFC,549300LYE2HSVYJFJD24,1015780,2015.0,Q4,2015-10-01,2015-12-31,,5000000.0,0.3,0.3,,20000000.0,0.31,,68000000.0,292000000.0,,35000000.0,89000000.0,89000000.0,,89000000.0,270000000.0,24000000.0,9000000.0,,,,22000000.0,,-17000000.0,61000000.0,112000000.0,,5000000.0,-23000000.0,9000000.0,112000000.0,22000000.0,292000000.0,305000000.0,169000000.0,157000000.0,439000000.0,99000000.0,291300000.0,290762000.0,295011000.0
E*TRADE Financial Corp,ETFC,549300LYE2HSVYJFJD24,1015780,2015.0,Q3,2015-07-01,2015-09-30,2016-11-03 16:54:46+00:00,5000000.0,-0.53,-0.53,,21000000.0,-0.53,,-93000000.0,297000000.0,,23000000.0,-153000000.0,-153000000.0,,-153000000.0,249000000.0,21000000.0,-358000000.0,,,,48000000.0,,130000000.0,62000000.0,,,7000000.0,-25000000.0,2000000.0,123000000.0,48000000.0,297000000.0,332000000.0,-188000000.0,-246000000.0,61000000.0,108000000.0,288700000.0,290480000.0,290480000.0
E*TRADE Financial Corp,ETFC,549300LYE2HSVYJFJD24,1015780,2015.0,Q3YTD,2015-01-01,2015-09-30,,15000000.0,0.62,0.62,,61000000.0,0.6,,-245000000.0,923000000.0,,89000000.0,179000000.0,179000000.0,,179000000.0,751000000.0,64000000.0,-333000000.0,,,,172000000.0,,387000000.0,188000000.0,,,36000000.0,-17000000.0,8000000.0,354000000.0,172000000.0,923000000.0,1014000000.0,180000000.0,-66000000.0,931000000.0,325000000.0,288700000.0,290480000.0,290480000.0
E*TRADE Financial Corp,ETFC,549300LYE2HSVYJFJD24,1015780,2015.0,Q3TTM,2014-10-01,2015-09-30,,21000000.0,0.76,0.76,,79000000.0,0.74,,-215000000.0,1249000000.0,-158000000.0,121000000.0,220000000.0,220000000.0,,220000000.0,917000000.0,84000000.0,-316000000.0,95000000.0,,,490000000.0,-8000000.0,478000000.0,249000000.0,71000000.0,,54000000.0,-7000000.0,10000000.0,461000000.0,332000000.0,1249000000.0,1379000000.0,365000000.0,5000000.0,1282000000.0,440000000.0,288700000.0,290480000.0,290480000.0
E*TRADE Financial Corp,ETFC,549300LYE2HSVYJFJD24,1015780,2015.0,Q2,2015-04-01,2015-06-30,2016-08-04 16:10:50+00:00,5000000.0,1.01,1.01,,20000000.0,0.99,,-175000000.0,310000000.0,,32000000.0,292000000.0,292000000.0,,292000000.0,252000000.0,22000000.0,10000000.0,,,,58000000.0,,99000000.0,64000000.0,,,11000000.0,3000000.0,2000000.0,118000000.0,58000000.0,310000000.0,309000000.0,177000000.0,117000000.0,429000000.0,103000000.0,289100000.0,290086000.0,294936000.0
E*TRADE Financial Corp,ETFC,549300LYE2HSVYJFJD24,1015780,2015.0,Q2YTD,2015-01-01,2015-06-30,,10000000.0,1.15,1.15,,40000000.0,1.13,,-152000000.0,626000000.0,,66000000.0,332000000.0,332000000.0,,332000000.0,502000000.0,43000000.0,25000000.0,,,,124000000.0,,257000000.0,126000000.0,,,29000000.0,8000000.0,6000000.0,231000000.0,124000000.0,626000000.0,682000000.0,368000000.0,180000000.0,870000000.0,217000000.0,289100000.0,290086000.0,294936000.0
E*TRADE Financial Corp,ETFC,549300LYE2HSVYJFJD24,1015780,2015.0,Q2TTM,2014-07-01,2015-06-30,,21000000.0,1.59,1.59,,77000000.0,1.56,,-83000000.0,1267000000.0,-108000000.0,119000000.0,459000000.0,459000000.0,,459000000.0,933000000.0,85000000.0,42000000.0,67000000.0,,,442000000.0,,430000000.0,246000000.0,71000000.0,,65000000.0,28000000.0,10000000.0,446000000.0,334000000.0,1267000000.0,1324000000.0,728000000.0,376000000.0,1661000000.0,440000000.0,289100000.0,290086000.0,294936000.0
E*TRADE Financial Corp,ETFC,549300LYE2HSVYJFJD24,1015780,2015.0,Q1,2015-01-01,2015-03-31,2016-05-04 16:14:11+00:00,5000000.0,0.14,0.14,,20000000.0,0.14,,23000000.0,316000000.0,,34000000.0,40000000.0,40000000.0,,40000000.0,250000000.0,21000000.0,15000000.0,,,,66000000.0,,158000000.0,62000000.0,,,18000000.0,5000000.0,4000000.0,113000000.0,66000000.0,316000000.0,373000000.0,191000000.0,63000000.0,441000000.0,114000000.0,285700000.0,289741000.0,294722000.0
E*TRADE Financial Corp,ETFC,549300LYE2HSVYJFJD24,1015780,2015.0,Q1TTM,2014-04-01,2015-03-31,,22000000.0,0.82,0.82,,77000000.0,0.81,,135000000.0,1276000000.0,-56000000.0,120000000.0,236000000.0,236000000.0,,236000000.0,948000000.0,82000000.0,39000000.0,37000000.0,,,384000000.0,,418000000.0,241000000.0,71000000.0,,73000000.0,37000000.0,9000000.0,427000000.0,328000000.0,1276000000.0,1299000000.0,722000000.0,371000000.0,1670000000.0,442000000.0,285700000.0,289741000.0,294722000.0
E*TRADE Financial Corp,ETFC,549300LYE2HSVYJFJD24,1015780,2016.0,FY,2016-01-01,2016-12-31,2019-02-21 16:22:29+00:00,23000000.0,1.99,1.99,0.0,79000000.0,1.98,,286000000.0,1233000000.0,,131000000.0,552000000.0,552000000.0,,552000000.0,1148000000.0,98000000.0,42000000.0,,,,85000000.0,,1070000000.0,41000000.0,0.0,0.0,25000000.0,-149000000.0,35000000.0,501000000.0,85000000.0,1233000000.0,1252000000.0,83000000.0,838000000.0,1231000000.0,,277400000.0,277789000.0,279048000.0
E*TRADE Financial Corp,ETFC,549300LYE2HSVYJFJD24,1015780,2016.0,Q4,2016-10-01,2016-12-31,,8000000.0,0.46,0.46,,19000000.0,0.46,,78000000.0,310000000.0,,31000000.0,127000000.0,127000000.0,,127000000.0,288000000.0,27000000.0,8000000.0,,,,22000000.0,,806000000.0,-177000000.0,,,7000000.0,-18000000.0,7000000.0,127000000.0,22000000.0,310000000.0,322000000.0,-489000000.0,205000000.0,-201000000.0,-320000000.0,277400000.0,277789000.0,279048000.0
E*TRADE Financial Corp,ETFC,549300LYE2HSVYJFJD24,1015780,2016.0,Q3,2016-07-01,2016-09-30,2017-11-02 16:06:47+00:00,5000000.0,0.51,0.51,,20000000.0,0.51,,86000000.0,309000000.0,,27000000.0,139000000.0,139000000.0,,139000000.0,287000000.0,24000000.0,14000000.0,,,,22000000.0,,93000000.0,78000000.0,,0.0,6000000.0,-62000000.0,25000000.0,123000000.0,22000000.0,309000000.0,323000000.0,199000000.0,225000000.0,486000000.0,107000000.0,272500000.0,274362000.0,275472000.0
E*TRADE Financial Corp,ETFC,549300LYE2HSVYJFJD24,1015780,2016.0,Q3YTD,2016-01-01,2016-09-30,,15000000.0,1.53,1.53,,60000000.0,1.52,,208000000.0,923000000.0,,100000000.0,425000000.0,425000000.0,,425000000.0,860000000.0,71000000.0,34000000.0,,,,63000000.0,,264000000.0,218000000.0,,,18000000.0,-131000000.0,28000000.0,374000000.0,63000000.0,923000000.0,930000000.0,572000000.0,633000000.0,1432000000.0,320000000.0,272500000.0,274362000.0,275472000.0
E*TRADE Financial Corp,ETFC,549300LYE2HSVYJFJD24,1015780,2016.0,Q3TTM,2015-10-01,2016-09-30,,20000000.0,1.83,1.83,,80000000.0,1.83,,276000000.0,1215000000.0,,135000000.0,514000000.0,514000000.0,,514000000.0,1130000000.0,95000000.0,43000000.0,,,,85000000.0,,247000000.0,279000000.0,112000000.0,,23000000.0,-154000000.0,37000000.0,486000000.0,85000000.0,1215000000.0,1235000000.0,741000000.0,790000000.0,1871000000.0,419000000.0,272500000.0,274362000.0,275472000.0
E*TRADE Financial Corp,ETFC,549300LYE2HSVYJFJD24,1015780,2016.0,Q2,2016-04-01,2016-06-30,2017-08-03 16:03:25+00:00,5000000.0,0.48,0.48,,20000000.0,0.48,,81000000.0,306000000.0,,30000000.0,133000000.0,133000000.0,,133000000.0,286000000.0,24000000.0,10000000.0,,,,20000000.0,,84000000.0,72000000.0,,0.0,6000000.0,-35000000.0,1000000.0,125000000.0,20000000.0,306000000.0,295000000.0,188000000.0,214000000.0,474000000.0,106000000.0,277100000.0,277013000.0,277978000.0
E*TRADE Financial Corp,ETFC,549300LYE2HSVYJFJD24,1015780,2016.0,Q2YTD,2016-01-01,2016-06-30,,10000000.0,1.02,1.02,,40000000.0,1.01,,122000000.0,614000000.0,,73000000.0,286000000.0,286000000.0,,286000000.0,573000000.0,47000000.0,20000000.0,,,,41000000.0,,171000000.0,140000000.0,,,12000000.0,-69000000.0,3000000.0,251000000.0,41000000.0,614000000.0,607000000.0,373000000.0,408000000.0,946000000.0,213000000.0,277100000.0,277013000.0,277978000.0
E*TRADE Financial Corp,ETFC,549300LYE2HSVYJFJD24,1015780,2016.0,Q2TTM,2015-07-01,2016-06-30,,20000000.0,0.79,0.79,,81000000.0,0.79,,97000000.0,1203000000.0,,131000000.0,222000000.0,222000000.0,,222000000.0,1092000000.0,92000000.0,-329000000.0,,,,111000000.0,,284000000.0,263000000.0,112000000.0,,24000000.0,-117000000.0,14000000.0,486000000.0,111000000.0,1203000000.0,1244000000.0,354000000.0,319000000.0,1446000000.0,420000000.0,277100000.0,277013000.0,277978000.0
E*TRADE Financial Corp,ETFC,549300LYE2HSVYJFJD24,1015780,2016.0,Q1,2016-01-01,2016-03-31,2017-05-04 16:38:51+00:00,5000000.0,0.54,0.54,,20000000.0,0.53,,41000000.0,308000000.0,,43000000.0,153000000.0,153000000.0,,153000000.0,287000000.0,23000000.0,10000000.0,,,,21000000.0,,87000000.0,68000000.0,,0.0,6000000.0,-34000000.0,2000000.0,126000000.0,21000000.0,308000000.0,312000000.0,185000000.0,194000000.0,472000000.0,107000000.0,283300000.0,285274000.0,286680000.0
E*TRADE Financial Corp,ETFC,549300LYE2HSVYJFJD24,1015780,2016.0,Q1TTM,2015-04-01,2016-03-31,,20000000.0,1.32,1.32,,81000000.0,1.3,,-159000000.0,1207000000.0,,133000000.0,381000000.0,381000000.0,,381000000.0,1058000000.0,90000000.0,-329000000.0,,,,149000000.0,,299000000.0,255000000.0,112000000.0,,29000000.0,-79000000.0,15000000.0,479000000.0,149000000.0,1207000000.0,1258000000.0,343000000.0,222000000.0,1401000000.0,417000000.0,283300000.0,285274000.0,286680000.0
E*TRADE Financial Corp,ETFC,549300LYE2HSVYJFJD24,1015780,2017.0,FY,2017-01-01,2017-12-31,2020-02-19 17:23:53+00:00,36000000.0,2.16,2.16,0.0,82000000.0,2.15,,450000000.0,1571000000.0,,166000000.0,614000000.0,614000000.0,,589000000.0,1485000000.0,116000000.0,28000000.0,,,,86000000.0,810000000.0,420000000.0,43000000.0,58000000.0,25000000.0,31000000.0,-168000000.0,15000000.0,546000000.0,86000000.0,1571000000.0,1470000000.0,881000000.0,1064000000.0,2366000000.0,,272700000.0,273190000.0,274352000.0
E*TRADE Financial Corp,ETFC,549300LYE2HSVYJFJD24,1015780,2017.0,Q4,2017-10-01,2017-12-31,,9000000.0,0.49,0.49,,22000000.0,0.48,,170000000.0,439000000.0,,43000000.0,129000000.0,129000000.0,,129000000.0,419000000.0,32000000.0,5000000.0,,,,20000000.0,810000000.0,52000000.0,-265000000.0,58000000.0,,7000000.0,-26000000.0,3000000.0,138000000.0,20000000.0,439000000.0,364000000.0,218000000.0,299000000.0,637000000.0,-332000000.0,272700000.0,273190000.0,274352000.0
E*TRADE Financial Corp,ETFC,549300LYE2HSVYJFJD24,1015780,2017.0,Q3,2017-07-01,2017-09-30,2018-11-01 16:34:48+00:00,9000000.0,0.49,0.49,,20000000.0,0.49,,76000000.0,413000000.0,,38000000.0,147000000.0,147000000.0,,135000000.0,391000000.0,28000000.0,6000000.0,,,,22000000.0,,159000000.0,102000000.0,,12000000.0,8000000.0,-29000000.0,4000000.0,139000000.0,22000000.0,413000000.0,405000000.0,208000000.0,223000000.0,599000000.0,100000000.0,275500000.0,273441000.0,274594000.0
E*TRADE Financial Corp,ETFC,549300LYE2HSVYJFJD24,1015780,2017.0,Q3YTD,2017-01-01,2017-09-30,,27000000.0,1.67,1.67,,60000000.0,1.67,,280000000.0,1132000000.0,,123000000.0,485000000.0,485000000.0,,460000000.0,1066000000.0,84000000.0,23000000.0,,,,66000000.0,,368000000.0,308000000.0,,25000000.0,24000000.0,-142000000.0,12000000.0,408000000.0,66000000.0,1132000000.0,1106000000.0,663000000.0,765000000.0,1729000000.0,332000000.0,275500000.0,273441000.0,274594000.0
E*TRADE Financial Corp,ETFC,549300LYE2HSVYJFJD24,1015780,2017.0,Q3TTM,2016-10-01,2017-09-30,,35000000.0,2.13,2.13,,79000000.0,2.13,,358000000.0,1442000000.0,,154000000.0,612000000.0,612000000.0,,587000000.0,1354000000.0,111000000.0,31000000.0,,,,88000000.0,,1174000000.0,131000000.0,,25000000.0,31000000.0,-160000000.0,19000000.0,535000000.0,88000000.0,1442000000.0,1428000000.0,174000000.0,970000000.0,1528000000.0,12000000.0,275500000.0,273441000.0,274594000.0
E*TRADE Financial Corp,ETFC,549300LYE2HSVYJFJD24,1015780,2017.0,Q2,2017-04-01,2017-06-30,2018-08-06 16:06:39+00:00,9000000.0,0.7,0.7,,20000000.0,0.7,,124000000.0,378000000.0,,42000000.0,193000000.0,193000000.0,,193000000.0,356000000.0,29000000.0,7000000.0,,,,22000000.0,,114000000.0,109000000.0,,0.0,8000000.0,-99000000.0,4000000.0,133000000.0,22000000.0,378000000.0,359000000.0,221000000.0,317000000.0,577000000.0,105000000.0,275700000.0,275410000.0,276272000.0
E*TRADE Financial Corp,ETFC,549300LYE2HSVYJFJD24,1015780,2017.0,Q2YTD,2017-01-01,2017-06-30,,18000000.0,1.18,1.18,,40000000.0,1.18,,204000000.0,719000000.0,,85000000.0,338000000.0,338000000.0,,325000000.0,675000000.0,56000000.0,17000000.0,,,,44000000.0,,209000000.0,206000000.0,,13000000.0,16000000.0,-113000000.0,8000000.0,269000000.0,44000000.0,719000000.0,701000000.0,455000000.0,542000000.0,1130000000.0,232000000.0,275700000.0,275410000.0,276272000.0
E*TRADE Financial Corp,ETFC,549300LYE2HSVYJFJD24,1015780,2017.0,Q2TTM,2016-07-01,2017-06-30,,31000000.0,2.15,2.15,,79000000.0,2.15,,368000000.0,1338000000.0,,143000000.0,604000000.0,604000000.0,,591000000.0,1250000000.0,107000000.0,39000000.0,,,,88000000.0,,1108000000.0,107000000.0,,13000000.0,29000000.0,-193000000.0,40000000.0,519000000.0,88000000.0,1338000000.0,1346000000.0,165000000.0,972000000.0,1415000000.0,19000000.0,275700000.0,275410000.0,276272000.0
E*TRADE Financial Corp,ETFC,549300LYE2HSVYJFJD24,1015780,2017.0,Q1,2017-01-01,2017-03-31,2018-05-03 16:09:13+00:00,9000000.0,0.48,0.48,,20000000.0,0.48,,80000000.0,341000000.0,,43000000.0,145000000.0,145000000.0,,132000000.0,319000000.0,27000000.0,10000000.0,,,,22000000.0,,95000000.0,97000000.0,,13000000.0,8000000.0,-14000000.0,4000000.0,136000000.0,22000000.0,341000000.0,342000000.0,234000000.0,225000000.0,553000000.0,127000000.0,275000000.0,274876000.0,276277000.0
E*TRADE Financial Corp,ETFC,549300LYE2HSVYJFJD24,1015780,2017.0,Q1TTM,2016-04-01,2017-03-31,,27000000.0,1.93,1.93,,79000000.0,1.93,,325000000.0,1266000000.0,,131000000.0,544000000.0,544000000.0,,531000000.0,1180000000.0,102000000.0,42000000.0,,,,86000000.0,,1078000000.0,70000000.0,,13000000.0,27000000.0,-129000000.0,37000000.0,511000000.0,86000000.0,1266000000.0,1282000000.0,132000000.0,869000000.0,1312000000.0,20000000.0,275000000.0,274876000.0,276277000.0
E*TRADE Financial Corp,ETFC,549300LYE2HSVYJFJD24,1015780,2018.0,FY,2018-01-01,2018-12-31,2020-02-19 17:23:53+00:00,48000000.0,3.9,3.9,0.14,92000000.0,3.88,,366000000.0,2009000000.0,,200000000.0,1052000000.0,1052000000.0,,1016000000.0,1846000000.0,124000000.0,53000000.0,,,,163000000.0,929000000.0,415000000.0,45000000.0,4000000.0,36000000.0,30000000.0,-86000000.0,7000000.0,621000000.0,163000000.0,2009000000.0,1541000000.0,1027000000.0,1418000000.0,2873000000.0,,260500000.0,260600000.0,261669000.0
E*TRADE Financial Corp,ETFC,549300LYE2HSVYJFJD24,1015780,2018.0,Q4,2018-10-01,2018-12-31,,14000000.0,1.06,1.06,,22000000.0,1.05,,95000000.0,538000000.0,-48000000.0,48000000.0,270000000.0,270000000.0,,270000000.0,482000000.0,35000000.0,11000000.0,,,,104000000.0,231000000.0,106000000.0,11000000.0,,,4000000.0,-12000000.0,1000000.0,152000000.0,56000000.0,538000000.0,382000000.0,253000000.0,365000000.0,735000000.0,,260500000.0,260600000.0,261669000.0
E*TRADE Financial Corp,ETFC,549300LYE2HSVYJFJD24,1015780,2018.0,Q3,2018-07-01,2018-09-30,2019-10-31 16:38:21+00:00,12000000.0,1.01,1.01,,25000000.0,1.0,,89000000.0,514000000.0,48000000.0,45000000.0,285000000.0,285000000.0,,261000000.0,466000000.0,29000000.0,17000000.0,,,,,225000000.0,96000000.0,12000000.0,4000000.0,24000000.0,8000000.0,-34000000.0,4000000.0,157000000.0,48000000.0,514000000.0,380000000.0,254000000.0,374000000.0,720000000.0,,258400000.0,259498000.0,260661000.0
E*TRADE Financial Corp,ETFC,549300LYE2HSVYJFJD24,1015780,2018.0,Q3YTD,2018-01-01,2018-09-30,,34000000.0,2.84,2.84,,70000000.0,2.83,,271000000.0,1471000000.0,48000000.0,152000000.0,782000000.0,782000000.0,,746000000.0,1364000000.0,89000000.0,42000000.0,,,,59000000.0,698000000.0,309000000.0,34000000.0,4000000.0,36000000.0,26000000.0,-74000000.0,6000000.0,469000000.0,107000000.0,1471000000.0,1159000000.0,774000000.0,1053000000.0,2138000000.0,,258400000.0,259498000.0,260661000.0
E*TRADE Financial Corp,ETFC,549300LYE2HSVYJFJD24,1015780,2018.0,Q3TTM,2017-10-01,2018-09-30,,43000000.0,3.33,3.33,,92000000.0,3.31,,441000000.0,1910000000.0,48000000.0,195000000.0,911000000.0,911000000.0,,875000000.0,1783000000.0,121000000.0,47000000.0,,,,79000000.0,1508000000.0,361000000.0,-231000000.0,62000000.0,36000000.0,33000000.0,-100000000.0,9000000.0,607000000.0,127000000.0,1910000000.0,1523000000.0,992000000.0,1352000000.0,2775000000.0,-332000000.0,258400000.0,259498000.0,260661000.0
E*TRADE Financial Corp,ETFC,549300LYE2HSVYJFJD24,1015780,2018.0,Q2,2018-04-01,2018-06-30,2019-08-01 16:27:42+00:00,12000000.0,0.95,0.95,,23000000.0,0.95,,95000000.0,489000000.0,,47000000.0,250000000.0,250000000.0,,250000000.0,453000000.0,30000000.0,15000000.0,,,,36000000.0,231000000.0,101000000.0,11000000.0,,0.0,9000000.0,-19000000.0,2000000.0,160000000.0,36000000.0,489000000.0,384000000.0,257000000.0,345000000.0,710000000.0,,263200000.0,263809000.0,264929000.0
E*TRADE Financial Corp,ETFC,549300LYE2HSVYJFJD24,1015780,2018.0,Q2YTD,2018-01-01,2018-06-30,,22000000.0,1.83,1.83,,45000000.0,1.83,,182000000.0,957000000.0,,107000000.0,497000000.0,497000000.0,,485000000.0,898000000.0,60000000.0,25000000.0,,,,59000000.0,473000000.0,213000000.0,22000000.0,,12000000.0,18000000.0,-40000000.0,2000000.0,312000000.0,59000000.0,957000000.0,779000000.0,520000000.0,679000000.0,1418000000.0,,263200000.0,263809000.0,264929000.0
E*TRADE Financial Corp,ETFC,549300LYE2HSVYJFJD24,1015780,2018.0,Q2TTM,2017-07-01,2018-06-30,,40000000.0,2.81,2.81,,87000000.0,2.8,,428000000.0,1809000000.0,,188000000.0,773000000.0,773000000.0,,749000000.0,1708000000.0,120000000.0,36000000.0,,,,101000000.0,1283000000.0,424000000.0,-141000000.0,58000000.0,24000000.0,33000000.0,-95000000.0,9000000.0,589000000.0,101000000.0,1809000000.0,1548000000.0,946000000.0,1201000000.0,2654000000.0,-232000000.0,263200000.0,263809000.0,264929000.0
E*TRADE Financial Corp,ETFC,549300LYE2HSVYJFJD24,1015780,2018.0,Q1,2018-01-01,2018-03-31,2019-05-02 16:32:05+00:00,10000000.0,0.88,0.88,,22000000.0,0.88,,87000000.0,468000000.0,,60000000.0,247000000.0,247000000.0,,235000000.0,445000000.0,30000000.0,10000000.0,,,,23000000.0,242000000.0,112000000.0,11000000.0,,12000000.0,9000000.0,-21000000.0,,152000000.0,23000000.0,468000000.0,395000000.0,263000000.0,334000000.0,708000000.0,,267000000.0,266558000.0,267699000.0
E*TRADE Financial Corp,ETFC,549300LYE2HSVYJFJD24,1015780,2018.0,Q1TTM,2017-04-01,2018-03-31,,37000000.0,2.56,2.56,,84000000.0,2.55,,457000000.0,1698000000.0,,183000000.0,716000000.0,716000000.0,,692000000.0,1611000000.0,119000000.0,28000000.0,,,,87000000.0,1052000000.0,437000000.0,-43000000.0,58000000.0,24000000.0,32000000.0,-175000000.0,11000000.0,562000000.0,87000000.0,1698000000.0,1523000000.0,910000000.0,1173000000.0,2521000000.0,-127000000.0,267000000.0,266558000.0,267699000.0
E*TRADE Financial Corp,ETFC,549300LYE2HSVYJFJD24,1015780,2019.0,Q4,2019-10-01,2019-12-31,,15000000.0,0.78,0.78,,23000000.0,0.78,,80000000.0,475000000.0,-199000000.0,53000000.0,172000000.0,172000000.0,,172000000.0,415000000.0,37000000.0,14000000.0,,,,259000000.0,237000000.0,123000000.0,13000000.0,,,3000000.0,-19000000.0,21000000.0,171000000.0,60000000.0,475000000.0,446000000.0,264000000.0,252000000.0,679000000.0,,237000000.0,237396000.0,237931000.0
E*TRADE Financial Corp,ETFC,549300LYE2HSVYJFJD24,1015780,2019.0,FY,2019-01-01,2019-12-31,2020-02-19 17:23:53+00:00,61000000.0,3.86,3.86,0.56,88000000.0,3.85,,364000000.0,2111000000.0,,196000000.0,955000000.0,955000000.0,,915000000.0,1852000000.0,135000000.0,-23000000.0,,,,259000000.0,1009000000.0,431000000.0,48000000.0,0.0,40000000.0,14000000.0,-51000000.0,23000000.0,670000000.0,259000000.0,2111000000.0,1618000000.0,1034000000.0,1319000000.0,2886000000.0,,237000000.0,237396000.0,237931000.0
E*TRADE Financial Corp,ETFC,549300LYE2HSVYJFJD24,1015780,2019.0,Q3,2019-07-01,2019-09-30,2019-10-31 16:38:21+00:00,16000000.0,1.08,1.08,,23000000.0,1.08,,106000000.0,521000000.0,66000000.0,41000000.0,274000000.0,274000000.0,,254000000.0,455000000.0,34000000.0,16000000.0,,,,,285000000.0,113000000.0,11000000.0,0.0,20000000.0,3000000.0,-12000000.0,2000000.0,167000000.0,66000000.0,521000000.0,399000000.0,312000000.0,380000000.0,767000000.0,,235200000.0,235829000.0,236313000.0
E*TRADE Financial Corp,ETFC,549300LYE2HSVYJFJD24,1015780,2019.0,Q3YTD,2019-01-01,2019-09-30,,46000000.0,3.08,3.08,,65000000.0,3.07,,284000000.0,1636000000.0,199000000.0,143000000.0,783000000.0,783000000.0,,743000000.0,1437000000.0,98000000.0,-37000000.0,,,,,772000000.0,308000000.0,35000000.0,,40000000.0,11000000.0,-32000000.0,2000000.0,499000000.0,199000000.0,1636000000.0,1172000000.0,770000000.0,1067000000.0,2207000000.0,,235200000.0,235829000.0,236313000.0
E*TRADE Financial Corp,ETFC,549300LYE2HSVYJFJD24,1015780,2019.0,Q3TTM,2018-10-01,2019-09-30,,60000000.0,4.14,4.14,,87000000.0,4.12,,379000000.0,2174000000.0,151000000.0,191000000.0,1053000000.0,1053000000.0,,1013000000.0,1919000000.0,133000000.0,-26000000.0,,,,104000000.0,1003000000.0,414000000.0,46000000.0,,40000000.0,15000000.0,-44000000.0,3000000.0,651000000.0,255000000.0,2174000000.0,1554000000.0,1023000000.0,1432000000.0,2942000000.0,,235200000.0,235829000.0,236313000.0
E*TRADE Financial Corp,ETFC,549300LYE2HSVYJFJD24,1015780,2019.0,Q2,2019-04-01,2019-06-30,2019-08-01 16:27:42+00:00,15000000.0,0.9,0.9,,21000000.0,0.9,,76000000.0,560000000.0,70000000.0,48000000.0,219000000.0,219000000.0,,219000000.0,490000000.0,32000000.0,-64000000.0,,,,,247000000.0,110000000.0,12000000.0,,0.0,4000000.0,-8000000.0,0.0,168000000.0,70000000.0,560000000.0,398000000.0,195000000.0,295000000.0,685000000.0,,243300000.0,243007000.0,243465000.0
E*TRADE Financial Corp,ETFC,549300LYE2HSVYJFJD24,1015780,2019.0,Q2YTD,2019-01-01,2019-06-30,,30000000.0,2.0,2.0,,42000000.0,1.99,,178000000.0,1115000000.0,133000000.0,102000000.0,509000000.0,509000000.0,,489000000.0,982000000.0,64000000.0,-53000000.0,,,,,487000000.0,195000000.0,24000000.0,,20000000.0,8000000.0,-20000000.0,,332000000.0,133000000.0,1115000000.0,773000000.0,458000000.0,687000000.0,1440000000.0,,243300000.0,243007000.0,243465000.0
E*TRADE Financial Corp,ETFC,549300LYE2HSVYJFJD24,1015780,2019.0,Q2TTM,2018-07-01,2019-06-30,,56000000.0,4.07,4.07,,89000000.0,4.04,,362000000.0,2167000000.0,133000000.0,195000000.0,1064000000.0,1064000000.0,,1020000000.0,1930000000.0,128000000.0,-25000000.0,,,,104000000.0,943000000.0,397000000.0,47000000.0,4000000.0,44000000.0,20000000.0,-66000000.0,5000000.0,641000000.0,237000000.0,2167000000.0,1535000000.0,965000000.0,1426000000.0,2895000000.0,,243300000.0,243007000.0,243465000.0
E*TRADE Financial Corp,ETFC,549300LYE2HSVYJFJD24,1015780,2019.0,Q1,2019-01-01,2019-03-31,2020-05-06 17:30:42+00:00,15000000.0,1.1,1.1,0.14,21000000.0,1.09,,102000000.0,555000000.0,63000000.0,54000000.0,290000000.0,290000000.0,,270000000.0,492000000.0,32000000.0,11000000.0,,,,,240000000.0,85000000.0,12000000.0,,20000000.0,4000000.0,-12000000.0,0.0,164000000.0,63000000.0,555000000.0,375000000.0,263000000.0,392000000.0,755000000.0,,245500000.0,246252000.0,246934000.0
E*TRADE Financial Corp,ETFC,549300LYE2HSVYJFJD24,1015780,2019.0,Q1TTM,2018-04-01,2019-03-31,,53000000.0,4.12,4.12,,91000000.0,4.09,,381000000.0,2096000000.0,63000000.0,194000000.0,1095000000.0,1095000000.0,,1051000000.0,1893000000.0,126000000.0,54000000.0,,,,140000000.0,927000000.0,388000000.0,46000000.0,4000000.0,44000000.0,25000000.0,-77000000.0,7000000.0,633000000.0,203000000.0,2096000000.0,1521000000.0,1027000000.0,1476000000.0,2920000000.0,,245500000.0,246252000.0,246934000.0
E*TRADE Financial Corp,ETFC,549300LYE2HSVYJFJD24,1015780,2020.0,Q1TTM,2019-04-01,2020-03-31,,61000000.0,3.49,3.49,,90000000.0,3.48,,337000000.0,1999000000.0,-20000000.0,198000000.0,846000000.0,846000000.0,,806000000.0,1760000000.0,139000000.0,-14000000.0,,,,259000000.0,1043000000.0,473000000.0,49000000.0,,40000000.0,14000000.0,-33000000.0,39000000.0,674000000.0,239000000.0,1999000000.0,1688000000.0,1078000000.0,1183000000.0,2838000000.0,,220500000.0,222295000.0,222742000.0
E*TRADE Financial Corp,ETFC,549300LYE2HSVYJFJD24,1015780,2020.0,Q1,2020-01-01,2020-03-31,2020-05-06 17:30:42+00:00,15000000.0,0.73,0.73,0.14,23000000.0,0.72,,75000000.0,443000000.0,43000000.0,56000000.0,181000000.0,181000000.0,,161000000.0,400000000.0,36000000.0,20000000.0,,,,,274000000.0,127000000.0,13000000.0,,20000000.0,4000000.0,6000000.0,16000000.0,168000000.0,43000000.0,443000000.0,445000000.0,307000000.0,256000000.0,707000000.0,,220500000.0,222295000.0,222742000.0
