company_name,company_ticker,company_lei,company_cik,year,quarter,start_date,end_date,filing_date,amortizationexpense,amortizationofdeferredpolicyacquisitioncosts,basicdilutedeps,basiceps,capitalizedleaseobligationinterestexpense,cashdividendspershare,currentandfuturebenefits,depositsinterestexpense,depreciationexpense,dilutedeps,extraordinaryincome,impairmentexpense,incometaxexpense,investmentsecuritiesinterestincome,longtermdebtinterestexpense,marketingexpense,netincome,netincomecontinuing,netincomediscontinued,netincometocommon,netincometononcontrollinginterest,netinterestincome,netoccupancyequipmentexpense,netrealizedcapitalgains,nonoperatingincome,otheradjustmentstoconsolidatednetincome,othergains,otherinterestexpense,othernoninterestincome,otheroperatingexpenses,otherservicechargeincome,policyacquisitioncosts,preferreddividends,premiumsearned,propertyliabilityinsuranceclaims,provisionforcreditlosses,restructuringcharge,salariesandemployeebenefitsexpense,totalinterestexpense,totalnoninterestexpense,totalnoninterestincome,totalpretaxincome,totalrevenue,trustfeeincome,weightedavebasicdilutedsharesos,weightedavebasicsharesos,weightedavedilutedsharesos
Assurant Inc,AIZ,H3F39CAXWQRVWURFXL38,1267238,2008.0,FY,2008-01-01,2008-12-31,2011-02-25 17:41:05+00:00,,1671680000.0,3.79,3.79,,0.54,,,,3.76,,340153000.0,115482000.0,,60953000.0,,447796000.0,447796000.0,,447796000.0,,-60953000.0,,715233000.0,,,,,,2286170000.0,300800000.0,,,7925348000.0,4019147000.0,,,,60953000.0,8317150000.0,8941381000.0,563278000.0,8880428000.0,,118200000.0,118005967.0,118974679.0
Assurant Inc,AIZ,H3F39CAXWQRVWURFXL38,1267238,2008.0,Q3,2008-07-01,2008-09-30,2009-11-04 16:55:26+00:00,0.0,422767000.0,-0.94,-0.94,0.0,0.14,0.0,0.0,0.0,-0.94,0.0,0.0,-52091000.0,0.0,15190000.0,0.0,0.0,0.0,0.0,0.0,0.0,-15190000.0,0.0,-99512000.0,0.0,0.0,111429000.0,0.0,0.0,585050000.0,69911000.0,0.0,0.0,1984136000.0,1095048000.0,0.0,0.0,0.0,15190000.0,2102865000.0,1954535000.0,-163520000.0,1939345000.0,0.0,0.0,117985882.0,117985882.0
Assurant Inc,AIZ,H3F39CAXWQRVWURFXL38,1267238,2008.0,Q2,2008-04-01,2008-06-30,2009-08-05 17:55:57+00:00,,425088000.0,1.61,1.61,,0.14,,,,1.59,,,59460000.0,,15287000.0,,189954000.0,189954000.0,,189954000.0,,-15287000.0,,173964000.0,,,,,,560763000.0,79280000.0,,,1995516000.0,998208000.0,,,,15287000.0,1984059000.0,2248760000.0,249414000.0,2233473000.0,,118000000.0,118309388.0,119640883.0
Assurant Inc,AIZ,H3F39CAXWQRVWURFXL38,1267238,2009.0,FY,2009-01-01,2009-12-31,2012-02-23 16:25:39+00:00,,1601880000.0,3.65,3.65,,0.59,,,,3.63,,121660000.0,279032000.0,,60669000.0,,430574000.0,430574000.0,,430574000.0,,-60669000.0,,706362000.0,,,,,,2377364000.0,482464000.0,,,7550335000.0,3867982000.0,,,,60669000.0,7968886000.0,8739161000.0,709606000.0,8678492000.0,,118000000.0,118036632.0,118495640.0
Assurant Inc,AIZ,H3F39CAXWQRVWURFXL38,1267238,2009.0,Q3,2009-07-01,2009-09-30,2010-11-03 16:45:37+00:00,,390382000.0,1.22,1.22,,0.15,,,,1.22,,,64336000.0,,15160000.0,,144730000.0,144730000.0,,144730000.0,,-15160000.0,,199592000.0,,,,,,601120000.0,82883000.0,,,1874398000.0,941145000.0,,,,15160000.0,1932647000.0,2156873000.0,209066000.0,2141713000.0,,118600000.0,118184367.0,118291841.0
Assurant Inc,AIZ,H3F39CAXWQRVWURFXL38,1267238,2009.0,Q2,2009-04-01,2009-06-30,2009-08-05 17:55:57+00:00,,398493000.0,1.63,1.63,,0.15,,,,1.63,,,88196000.0,,15160000.0,,193322000.0,193322000.0,,193322000.0,,-15160000.0,,175540000.0,,,,,,589036000.0,222203000.0,,,1875866000.0,989402000.0,,,,15160000.0,1976931000.0,2273609000.0,281518000.0,2258449000.0,,118600000.0,118482958.0,118728304.0
Assurant Inc,AIZ,H3F39CAXWQRVWURFXL38,1267238,2010.0,Q4,2010-10-01,2010-12-31,,,257418000.0,-1.61,-1.61,,0.16,,,,-1.6,,317548000.0,62912000.0,,15162000.0,,-184961000.0,-184961000.0,,-184961000.0,,-15162000.0,,199989000.0,,,,,,759255000.0,102792000.0,,,1813987000.0,889434000.0,,,,15162000.0,2223655000.0,2116768000.0,-122049000.0,2101606000.0,,110600000.0,110632551.0,111473214.0
Assurant Inc,AIZ,H3F39CAXWQRVWURFXL38,1267238,2010.0,FY,2010-01-01,2010-12-31,2013-02-20 17:11:44+00:00,,1401569000.0,2.52,2.52,,0.63,,,,2.5,,317548000.0,327898000.0,,60646000.0,,278607000.0,278607000.0,,278607000.0,,-60646000.0,,773166000.0,,,,,,2516622000.0,362684000.0,,,7403039000.0,3635999000.0,,,,60646000.0,7871738000.0,8538889000.0,606505000.0,8478243000.0,,110600000.0,110632551.0,111473214.0
Assurant Inc,AIZ,H3F39CAXWQRVWURFXL38,1267238,2010.0,Q3,2010-07-01,2010-09-30,2011-11-02 17:28:58+00:00,,376850000.0,1.31,1.31,,0.16,,,,1.3,,,85062000.0,,15162000.0,,141670000.0,141670000.0,,141670000.0,,-15162000.0,,188237000.0,,,,,,581974000.0,93220000.0,,,1832514000.0,913253000.0,,,,15162000.0,1872077000.0,2113971000.0,226732000.0,2098809000.0,,108100000.0,107806207.0,108584282.0
Assurant Inc,AIZ,H3F39CAXWQRVWURFXL38,1267238,2010.0,Q3YTD,2010-01-01,2010-09-30,,,1144151000.0,4.13,4.13,,0.47,,,,4.1,,,264986000.0,,45484000.0,,463568000.0,463568000.0,,463568000.0,,-45484000.0,,573177000.0,,,,,,1757367000.0,259892000.0,,,5589052000.0,2746565000.0,,,,45484000.0,5648083000.0,6422121000.0,728554000.0,6376637000.0,,108100000.0,107806207.0,108584282.0
Assurant Inc,AIZ,H3F39CAXWQRVWURFXL38,1267238,2010.0,Q2YTD,2010-01-01,2010-06-30,,,767301000.0,2.82,2.82,,0.31,,,,2.8,,,179924000.0,,30322000.0,,321898000.0,321898000.0,,321898000.0,,-30322000.0,,384940000.0,,,,,,1175393000.0,166672000.0,,,3756538000.0,1833312000.0,,,,30322000.0,3776006000.0,4308150000.0,501822000.0,4277828000.0,,112000000.0,111893858.0,112715117.0
Assurant Inc,AIZ,H3F39CAXWQRVWURFXL38,1267238,2010.0,Q2,2010-04-01,2010-06-30,2011-08-03 16:43:58+00:00,,362117000.0,1.47,1.47,,0.16,,,,1.46,,,88781000.0,,15161000.0,,164675000.0,164675000.0,,164675000.0,,-15161000.0,,200372000.0,,,,,,604244000.0,90027000.0,,,1849895000.0,905316000.0,,,,15161000.0,1871677000.0,2140294000.0,253456000.0,2125133000.0,,112000000.0,111893858.0,112715117.0
Assurant Inc,AIZ,H3F39CAXWQRVWURFXL38,1267238,2010.0,Q1,2010-01-01,2010-03-31,2011-05-04 16:38:12+00:00,,405184000.0,1.35,1.35,,0.15,,,,1.34,,,91143000.0,,15161000.0,,157223000.0,157223000.0,,157223000.0,,-15161000.0,,184568000.0,,,,,,571149000.0,76645000.0,,,1906643000.0,927996000.0,,,,15161000.0,1904329000.0,2167856000.0,248366000.0,2152695000.0,,116500000.0,116817005.0,117194873.0
Assurant Inc,AIZ,H3F39CAXWQRVWURFXL38,1267238,2011.0,Q4,2011-10-01,2011-12-31,,,329977000.0,1.72,1.72,,0.18,,,,1.69,,,89484000.0,,15076000.0,,159152000.0,159152000.0,,159152000.0,,-15076000.0,,188972000.0,,,,,,645411000.0,104826000.0,,,1817733000.0,872431000.0,,,,15076000.0,1847819000.0,2111531000.0,248636000.0,2096455000.0,,96600000.0,96626306.0,97795309.0
Assurant Inc,AIZ,H3F39CAXWQRVWURFXL38,1267238,2011.0,FY,2011-01-01,2011-12-31,2014-02-18 18:00:08+00:00,,1327788000.0,5.58,5.58,,0.7,,,,5.51,,,167171000.0,,60360000.0,,538956000.0,538956000.0,,538956000.0,,-60360000.0,,742573000.0,,,,,,2428795000.0,404863000.0,,,7125368000.0,3749734000.0,,,,60360000.0,7506317000.0,8272804000.0,706127000.0,8212444000.0,,96600000.0,96626306.0,97795309.0
Assurant Inc,AIZ,H3F39CAXWQRVWURFXL38,1267238,2011.0,Q3YTD,2011-01-01,2011-09-30,,,997811000.0,3.86,3.86,,0.52,,,,3.82,,,77687000.0,,45284000.0,,379804000.0,379804000.0,,379804000.0,,-45284000.0,,553601000.0,,,,,,1783384000.0,300037000.0,,,5307635000.0,2877303000.0,,,,45284000.0,5658498000.0,6161273000.0,457491000.0,6115989000.0,,94900000.0,95351601.0,96303012.0
Assurant Inc,AIZ,H3F39CAXWQRVWURFXL38,1267238,2011.0,Q3TTM,2010-10-01,2011-09-30,,,1255229000.0,2.25,2.25,,0.68,,,,2.22,,317548000.0,140599000.0,,60446000.0,,194843000.0,194843000.0,,194843000.0,,-60446000.0,,753590000.0,,,,,,2542639000.0,402829000.0,,,7121622000.0,3766737000.0,,,,60446000.0,7882153000.0,8278041000.0,335442000.0,8217595000.0,,94900000.0,95351601.0,96303012.0
Assurant Inc,AIZ,H3F39CAXWQRVWURFXL38,1267238,2011.0,Q3,2011-07-01,2011-09-30,2012-10-29 16:33:13+00:00,,340673000.0,0.78,0.78,,0.18,,,,0.77,,,38386000.0,,15078000.0,,74037000.0,74037000.0,,74037000.0,,-15078000.0,,177822000.0,,,,,,596110000.0,106578000.0,,,1777315000.0,997431000.0,,,,15078000.0,1934214000.0,2061715000.0,112423000.0,2046637000.0,,94900000.0,95351601.0,96303012.0
Assurant Inc,AIZ,H3F39CAXWQRVWURFXL38,1267238,2011.0,Q2YTD,2011-01-01,2011-06-30,,,657138000.0,3.08,3.08,,0.34,,,,3.05,,,39301000.0,,30206000.0,,305767000.0,305767000.0,,305767000.0,,-30206000.0,,375779000.0,,,,,,1187274000.0,193459000.0,,,3530320000.0,1879872000.0,,,,30206000.0,3724284000.0,4099558000.0,345068000.0,4069352000.0,,97600000.0,97713045.0,98690114.0
Assurant Inc,AIZ,H3F39CAXWQRVWURFXL38,1267238,2011.0,Q2TTM,2010-07-01,2011-06-30,,,1291406000.0,2.78,2.78,,0.66,,,,2.75,,317548000.0,187275000.0,,60530000.0,,262476000.0,262476000.0,,262476000.0,,-60530000.0,,764005000.0,,,,,,2528503000.0,389471000.0,,,7176821000.0,3682559000.0,,,,60530000.0,7820016000.0,8330297000.0,449751000.0,8269767000.0,,97600000.0,97713045.0,98690114.0
Assurant Inc,AIZ,H3F39CAXWQRVWURFXL38,1267238,2011.0,Q2,2011-04-01,2011-06-30,2012-08-01 17:08:21+00:00,,331598000.0,1.69,1.69,,0.18,,,,1.67,,,-34374000.0,,15075000.0,,165016000.0,165016000.0,,165016000.0,,-15075000.0,,194995000.0,,,,,,598728000.0,99584000.0,,,1768308000.0,986844000.0,,,,15075000.0,1917170000.0,2062887000.0,130642000.0,2047812000.0,,97600000.0,97713045.0,98690114.0
Assurant Inc,AIZ,H3F39CAXWQRVWURFXL38,1267238,2011.0,Q1TTM,2010-04-01,2011-03-31,,,1321925000.0,2.56,2.56,,0.64,,,,2.54,,317548000.0,310430000.0,,60616000.0,,262135000.0,262135000.0,,262135000.0,,-60616000.0,,769382000.0,,,,,,2534019000.0,379914000.0,,,7258408000.0,3601031000.0,,,,60616000.0,7774523000.0,8407704000.0,572565000.0,8347088000.0,,101300000.0,101194814.0,101974815.0
Assurant Inc,AIZ,H3F39CAXWQRVWURFXL38,1267238,2011.0,Q1,2011-01-01,2011-03-31,2012-05-02 16:43:51+00:00,,325540000.0,1.39,1.39,,0.16,,,,1.38,,,73675000.0,,15131000.0,,140751000.0,140751000.0,,140751000.0,,-15131000.0,,180784000.0,,,,,,588546000.0,93875000.0,,,1762012000.0,893028000.0,,,,15131000.0,1807114000.0,2036671000.0,214426000.0,2021540000.0,,101300000.0,101194814.0,101974815.0
Assurant Inc,AIZ,H3F39CAXWQRVWURFXL38,1267238,2012.0,Q4,2012-10-01,2012-12-31,,,362600000.0,0.4,0.4,,0.21,,,,0.4,,,9836000.0,,15078000.0,,24987000.0,24987000.0,,24987000.0,,-15078000.0,,206856000.0,,,,,,716936000.0,124914000.0,,,1829206000.0,1031539000.0,,,,15078000.0,2111075000.0,2160976000.0,34823000.0,2145898000.0,,84300000.0,84276427.0,85307065.0
Assurant Inc,AIZ,H3F39CAXWQRVWURFXL38,1267238,2012.0,FY,2012-01-01,2012-12-31,2015-02-19 16:36:35+00:00,,1403215000.0,5.74,5.74,,0.81,,,,5.67,,,274046000.0,,60306000.0,,483705000.0,483705000.0,,483705000.0,,-60306000.0,,795894000.0,,,,,,2631594000.0,475392000.0,,,7236984000.0,3655404000.0,,,,60306000.0,7690213000.0,8508270000.0,757751000.0,8447964000.0,,84300000.0,84276427.0,85307065.0
Assurant Inc,AIZ,H3F39CAXWQRVWURFXL38,1267238,2012.0,Q3YTD,2012-01-01,2012-09-30,,,1040615000.0,5.34,5.34,,0.6,,,,5.27,,,264210000.0,,45228000.0,,458718000.0,458718000.0,,458718000.0,,-45228000.0,,589038000.0,,,,,,1914658000.0,350478000.0,,,5407778000.0,2623865000.0,,,,45228000.0,5579138000.0,6347294000.0,722928000.0,6302066000.0,,82000000.0,82156838.0,82959453.0
Assurant Inc,AIZ,H3F39CAXWQRVWURFXL38,1267238,2012.0,Q3TTM,2011-10-01,2012-09-30,,,1370592000.0,7.06,7.06,,0.78,,,,6.96,,,353694000.0,,60304000.0,,617870000.0,617870000.0,,617870000.0,,-60304000.0,,778010000.0,,,,,,2560069000.0,455304000.0,,,7225511000.0,3496296000.0,,,,60304000.0,7426957000.0,8458825000.0,971564000.0,8398521000.0,,82000000.0,82156838.0,82959453.0
Assurant Inc,AIZ,H3F39CAXWQRVWURFXL38,1267238,2012.0,Q3,2012-07-01,2012-09-30,2013-10-30 16:15:39+00:00,,363996000.0,1.54,1.54,,0.21,,,,1.52,,,82331000.0,,15078000.0,,126288000.0,126288000.0,,126288000.0,,-15078000.0,,182493000.0,,,,,,661907000.0,124106000.0,,,1838481000.0,895480000.0,,,,15078000.0,1921383000.0,2145080000.0,208619000.0,2130002000.0,,82000000.0,82156838.0,82959453.0
Assurant Inc,AIZ,H3F39CAXWQRVWURFXL38,1267238,2012.0,Q2YTD,2012-01-01,2012-06-30,,,676619000.0,3.8,3.8,,0.39,,,,3.75,,,181879000.0,,30150000.0,,332430000.0,332430000.0,,332430000.0,,-30150000.0,,406545000.0,,,,,,1252751000.0,226372000.0,,,3569297000.0,1728385000.0,,,,30150000.0,3657755000.0,4202214000.0,514309000.0,4172064000.0,,86300000.0,86279670.0,87044581.0
Assurant Inc,AIZ,H3F39CAXWQRVWURFXL38,1267238,2012.0,Q2TTM,2011-07-01,2012-06-30,,,1347269000.0,6.3,6.3,,0.75,,,,6.21,,,309749000.0,,60304000.0,,565619000.0,565619000.0,,565619000.0,,-60304000.0,,773339000.0,,,,,,2494272000.0,437776000.0,,,7164345000.0,3598247000.0,,,,60304000.0,7439788000.0,8375460000.0,875368000.0,8315156000.0,,86300000.0,86279670.0,87044581.0
Assurant Inc,AIZ,H3F39CAXWQRVWURFXL38,1267238,2012.0,Q2,2012-04-01,2012-06-30,2013-07-31 16:26:17+00:00,,334861000.0,1.96,1.96,,0.21,,,,1.94,,,95491000.0,,15074000.0,,169170000.0,169170000.0,,169170000.0,,-15074000.0,,222085000.0,,,,,,642667000.0,114969000.0,,,1792236000.0,872027000.0,,,,15074000.0,1849555000.0,2129290000.0,264661000.0,2114216000.0,,86300000.0,86279670.0,87044581.0
Assurant Inc,AIZ,H3F39CAXWQRVWURFXL38,1267238,2012.0,Q1TTM,2011-04-01,2012-03-31,,,1344006000.0,6.03,6.03,,0.72,,,,5.94,,,179884000.0,,60305000.0,,561465000.0,561465000.0,,561465000.0,,-60305000.0,,746249000.0,,,,,,2450333000.0,422391000.0,,,7140417000.0,3713064000.0,,,,60305000.0,7507403000.0,8309057000.0,741349000.0,8248752000.0,,88700000.0,88772845.0,90069097.0
Assurant Inc,AIZ,H3F39CAXWQRVWURFXL38,1267238,2012.0,Q1,2012-01-01,2012-03-31,2013-05-01 17:20:27+00:00,,341758000.0,1.84,1.84,,0.18,,,,1.81,,,86388000.0,,15076000.0,,163260000.0,163260000.0,,163260000.0,,-15076000.0,,184460000.0,,,,,,610084000.0,111403000.0,,,1777061000.0,856358000.0,,,,15076000.0,1808200000.0,2072924000.0,249648000.0,2057848000.0,,88700000.0,88772845.0,90069097.0
Assurant Inc,AIZ,H3F39CAXWQRVWURFXL38,1267238,2013.0,FY,2013-01-01,2013-12-31,2016-02-16 15:59:05+00:00,,1470287000.0,6.38,6.38,,0.96,,,,6.3,,4387000.0,300792000.0,,77735000.0,,488907000.0,488907000.0,,488907000.0,,-77735000.0,,689208000.0,,,,,16310000.0,3034404000.0,586730000.0,,,7759796000.0,3675532000.0,,,,77735000.0,8184610000.0,9052044000.0,789699000.0,8974309000.0,,76600000.0,76648688.0,77654764.0
Assurant Inc,AIZ,H3F39CAXWQRVWURFXL38,1267238,2013.0,Q4,2013-10-01,2013-12-31,,,368289000.0,1.49,1.49,,0.25,,,,1.46,,4280000.0,69721000.0,,20366000.0,,108816000.0,108816000.0,,108816000.0,,-20366000.0,,157481000.0,,,,,16310000.0,866037000.0,185604000.0,,,2045503000.0,967389000.0,,,,20366000.0,2205995000.0,2404898000.0,178537000.0,2384532000.0,,76600000.0,76648688.0,77654764.0
Assurant Inc,AIZ,H3F39CAXWQRVWURFXL38,1267238,2013.0,Q3YTD,2013-01-01,2013-09-30,,,1101998000.0,4.89,4.89,,0.71,,,,4.84,,107000.0,231071000.0,,57369000.0,,380091000.0,380091000.0,,380091000.0,,-57369000.0,,531727000.0,,,,,,2168367000.0,401126000.0,,,5714293000.0,2708143000.0,,,,57369000.0,5978615000.0,6647146000.0,611162000.0,6589777000.0,,75800000.0,75544542.0,76459791.0
Assurant Inc,AIZ,H3F39CAXWQRVWURFXL38,1267238,2013.0,Q3TTM,2012-10-01,2013-09-30,,,1464598000.0,5.29,5.29,,0.92,,,,5.24,,107000.0,240907000.0,,72447000.0,,405078000.0,405078000.0,,405078000.0,,-72447000.0,,738583000.0,,,,,,2885303000.0,526040000.0,,,7543499000.0,3739682000.0,,,,72447000.0,8089690000.0,8808122000.0,645985000.0,8735675000.0,,75800000.0,75544542.0,76459791.0
Assurant Inc,AIZ,H3F39CAXWQRVWURFXL38,1267238,2013.0,Q3,2013-07-01,2013-09-30,2014-11-04 16:17:37+00:00,,372750000.0,1.7,1.7,,0.25,,,,1.68,,,65183000.0,,20771000.0,,128788000.0,128788000.0,,128788000.0,,-20771000.0,,159652000.0,,,,,,737326000.0,151567000.0,,,1947431000.0,933832000.0,,,,20771000.0,2043908000.0,2258650000.0,193971000.0,2237879000.0,,75800000.0,75544542.0,76459791.0
Assurant Inc,AIZ,H3F39CAXWQRVWURFXL38,1267238,2013.0,Q2,2013-04-01,2013-06-30,2014-07-29 16:12:40+00:00,,346459000.0,1.72,1.72,,0.25,,,,1.7,,107000.0,77244000.0,,21520000.0,,133523000.0,133523000.0,,133523000.0,,-21520000.0,,188960000.0,,,,,,742070000.0,132499000.0,,,1916414000.0,916950000.0,,,,21520000.0,2005586000.0,2237873000.0,210767000.0,2216353000.0,,77600000.0,77508062.0,78366115.0
Assurant Inc,AIZ,H3F39CAXWQRVWURFXL38,1267238,2013.0,Q2YTD,2013-01-01,2013-06-30,,,729248000.0,3.19,3.19,,0.46,,,,3.16,,107000.0,165888000.0,,36598000.0,,251303000.0,251303000.0,,251303000.0,,-36598000.0,,372075000.0,,,,,,1431041000.0,249559000.0,,,3766862000.0,1774311000.0,,,,36598000.0,3934707000.0,4388496000.0,417191000.0,4351898000.0,,77600000.0,77508062.0,78366115.0
Assurant Inc,AIZ,H3F39CAXWQRVWURFXL38,1267238,2013.0,Q2TTM,2012-07-01,2013-06-30,,,1455844000.0,5.13,5.13,,0.88,,,,5.08,,107000.0,258055000.0,,66754000.0,,402578000.0,402578000.0,,402578000.0,,-66754000.0,,761424000.0,,,,,,2809884000.0,498579000.0,,,7434549000.0,3701330000.0,,,,66754000.0,7967165000.0,8694552000.0,660633000.0,8627798000.0,,77600000.0,77508062.0,78366115.0
Assurant Inc,AIZ,H3F39CAXWQRVWURFXL38,1267238,2013.0,Q1TTM,2012-04-01,2013-03-31,,,1444246000.0,5.37,5.37,,0.84,,,,5.32,,,276302000.0,,60308000.0,,438225000.0,438225000.0,,438225000.0,,-60308000.0,,794549000.0,,,,,,2710481000.0,481049000.0,,,7310371000.0,3656407000.0,,,,60308000.0,7811134000.0,8585969000.0,714527000.0,8525661000.0,,80100000.0,79984576.0,80946649.0
Assurant Inc,AIZ,H3F39CAXWQRVWURFXL38,1267238,2013.0,Q1,2013-01-01,2013-03-31,2014-04-29 16:31:06+00:00,,382789000.0,1.47,1.47,,0.21,,,,1.46,,,88644000.0,,15078000.0,,117780000.0,117780000.0,,117780000.0,,-15078000.0,,183115000.0,,,,,,688971000.0,117060000.0,,,1850448000.0,857361000.0,,,,15078000.0,1929121000.0,2150623000.0,206424000.0,2135545000.0,,80100000.0,79984576.0,80946649.0
Assurant Inc,AIZ,H3F39CAXWQRVWURFXL38,1267238,2014.0,FY,2014-01-01,2014-12-31,2017-02-14 16:22:16+00:00,,1485558000.0,6.52,6.52,,1.06,,,,6.44,,,273230000.0,,58395000.0,,470907000.0,470907000.0,,470907000.0,,-58395000.0,,717212000.0,,,,,-1506000.0,3688230000.0,1033805000.0,,,8632142000.0,4405333000.0,,,,58395000.0,9579121000.0,10381653000.0,744137000.0,10323258000.0,,72200000.0,72181447.0,73152010.0
Assurant Inc,AIZ,H3F39CAXWQRVWURFXL38,1267238,2014.0,Q4,2014-10-01,2014-12-31,,,387478000.0,0.72,0.72,,0.27,,,,0.71,,,40591000.0,,13778000.0,,49755000.0,49755000.0,,49755000.0,,-13778000.0,,165106000.0,,,,,-1506000.0,1007095000.0,316955000.0,,,2142137000.0,1123995000.0,,,,13778000.0,2518568000.0,2622692000.0,90346000.0,2608914000.0,,72200000.0,72181447.0,73152010.0
Assurant Inc,AIZ,H3F39CAXWQRVWURFXL38,1267238,2014.0,Q3YTD,2014-01-01,2014-09-30,,,1098080000.0,5.8,5.8,,0.79,,,,5.73,,,232639000.0,,44617000.0,,421152000.0,421152000.0,,421152000.0,,-44617000.0,,552106000.0,,,,,,2681135000.0,716850000.0,,,6490005000.0,3281338000.0,,,,44617000.0,7060553000.0,7758961000.0,653791000.0,7714344000.0,,72300000.0,72182547.0,73046704.0
Assurant Inc,AIZ,H3F39CAXWQRVWURFXL38,1267238,2014.0,Q3TTM,2013-10-01,2014-09-30,,,1466369000.0,7.29,7.29,,1.04,,,,7.19,,4280000.0,302360000.0,,64983000.0,,529968000.0,529968000.0,,529968000.0,,-64983000.0,,709587000.0,,,,,16310000.0,3547172000.0,902454000.0,,,8535508000.0,4248727000.0,,,,64983000.0,9266548000.0,10163859000.0,832328000.0,10098876000.0,,72300000.0,72182547.0,73046704.0
Assurant Inc,AIZ,H3F39CAXWQRVWURFXL38,1267238,2014.0,Q3,2014-07-01,2014-09-30,2015-11-03 16:17:16+00:00,,386709000.0,1.94,1.94,,0.27,,,,1.92,,,84454000.0,,13776000.0,,140297000.0,140297000.0,,140297000.0,,-13776000.0,,183398000.0,,,,,,953559000.0,261281000.0,,,2257809000.0,1123693000.0,,,,13776000.0,2463961000.0,2702488000.0,224751000.0,2688712000.0,,72300000.0,72182547.0,73046704.0
Assurant Inc,AIZ,H3F39CAXWQRVWURFXL38,1267238,2014.0,Q2YTD,2014-01-01,2014-06-30,,,711371000.0,3.86,3.86,,0.52,,,,3.81,,,148185000.0,,30841000.0,,280855000.0,280855000.0,,280855000.0,,-30841000.0,,368708000.0,,,,,,1727576000.0,455569000.0,,,4232196000.0,2157645000.0,,,,30841000.0,4596592000.0,5056473000.0,429040000.0,5025632000.0,,72500000.0,72659590.0,73544191.0
Assurant Inc,AIZ,H3F39CAXWQRVWURFXL38,1267238,2014.0,Q2TTM,2013-07-01,2014-06-30,,,1452410000.0,7.05,7.05,,1.02,,,,6.95,,4280000.0,283089000.0,,71978000.0,,518459000.0,518459000.0,,518459000.0,,-71978000.0,,685841000.0,,,,,16310000.0,3330939000.0,792740000.0,,,8225130000.0,4058866000.0,,,,71978000.0,8846495000.0,9720021000.0,801548000.0,9648043000.0,,72500000.0,72659590.0,73544191.0
Assurant Inc,AIZ,H3F39CAXWQRVWURFXL38,1267238,2014.0,Q2,2014-04-01,2014-06-30,2015-08-04 16:13:01+00:00,,366589000.0,1.98,1.98,,0.27,,,,1.95,,,50177000.0,,13776000.0,,143610000.0,143610000.0,,143610000.0,,-13776000.0,,177239000.0,,,,,,884336000.0,259128000.0,,,2171734000.0,1149613000.0,,,,13776000.0,2400538000.0,2608101000.0,193787000.0,2594325000.0,,72500000.0,72659590.0,73544191.0
Assurant Inc,AIZ,H3F39CAXWQRVWURFXL38,1267238,2014.0,Q1TTM,2013-04-01,2014-03-31,,,1432280000.0,6.79,6.79,,1.0,,,,6.7,,4387000.0,310156000.0,,79722000.0,,508372000.0,508372000.0,,508372000.0,,-79722000.0,,697562000.0,,,,,16310000.0,3188673000.0,666111000.0,,,7969810000.0,3826203000.0,,,,79722000.0,8451543000.0,9349793000.0,818528000.0,9270071000.0,,73000000.0,72848756.0,73873952.0
Assurant Inc,AIZ,H3F39CAXWQRVWURFXL38,1267238,2014.0,Q1,2014-01-01,2014-03-31,2015-05-06 16:10:15+00:00,,344782000.0,1.88,1.88,,0.25,,,,1.86,,0.0,98008000.0,,17065000.0,,137245000.0,137245000.0,,137245000.0,,-17065000.0,,191469000.0,,,,,,843240000.0,196441000.0,,,2060462000.0,1008032000.0,,,,17065000.0,2196054000.0,2448372000.0,235253000.0,2431307000.0,,73000000.0,72848756.0,73873952.0
Assurant Inc,AIZ,H3F39CAXWQRVWURFXL38,1267238,2015.0,FY,2015-01-01,2015-12-31,2018-02-14 17:31:25+00:00,,1402600000.0,2.08,2.08,,1.37,,,,2.05,,,59600000.0,,55100000.0,,141600000.0,141600000.0,,141600000.0,,-55100000.0,,658000000.0,,,,,13000000.0,3924100000.0,1303500000.0,,,8351000000.0,4742500000.0,,,,55100000.0,10069200000.0,10325500000.0,201200000.0,10270400000.0,,68100000.0,68163825.0,69017209.0
Assurant Inc,AIZ,H3F39CAXWQRVWURFXL38,1267238,2015.0,Q4,2015-10-01,2015-12-31,,,338275000.0,0.98,0.98,,0.5,,,,0.97,,-3277000.0,44444000.0,,13765000.0,,65789000.0,65789000.0,,65789000.0,,-13765000.0,,160498000.0,,,,,6500000.0,1075713000.0,382806000.0,,,1994759000.0,1009854000.0,,,,13765000.0,2420565000.0,2544563000.0,110233000.0,2530798000.0,,68100000.0,68163825.0,69017209.0
Assurant Inc,AIZ,H3F39CAXWQRVWURFXL38,1267238,2015.0,Q3,2015-07-01,2015-09-30,2016-11-01 16:25:27+00:00,,341439000.0,-0.1,-0.1,,0.3,,,,-0.1,,707000.0,-25229000.0,,13779000.0,,-7022000.0,-7022000.0,,-7022000.0,,-13779000.0,,158919000.0,,,,,,956984000.0,317523000.0,,,2058421000.0,1254205000.0,,,,13779000.0,2553335000.0,2534863000.0,-32251000.0,2521084000.0,,70200000.0,67632920.0,67632920.0
Assurant Inc,AIZ,H3F39CAXWQRVWURFXL38,1267238,2015.0,Q3YTD,2015-01-01,2015-09-30,,,1064325000.0,1.1,1.1,,0.87,,,,1.08,,3277000.0,15156000.0,,41335000.0,,75811000.0,75811000.0,,75811000.0,,-41335000.0,,497502000.0,,,,,6500000.0,2848387000.0,920694000.0,,,6356241000.0,3732646000.0,,,,41335000.0,7648635000.0,7780937000.0,90967000.0,7739602000.0,,70200000.0,67632920.0,67632920.0
Assurant Inc,AIZ,H3F39CAXWQRVWURFXL38,1267238,2015.0,Q3TTM,2014-10-01,2015-09-30,,,1451803000.0,1.82,1.82,,1.14,,,,1.79,,3277000.0,55747000.0,,55113000.0,,125566000.0,125566000.0,,125566000.0,,-55113000.0,,662608000.0,,,,,4994000.0,3855482000.0,1237649000.0,,,8498378000.0,4856641000.0,,,,55113000.0,10167203000.0,10403629000.0,181313000.0,10348516000.0,,70200000.0,67632920.0,67632920.0
Assurant Inc,AIZ,H3F39CAXWQRVWURFXL38,1267238,2015.0,Q2,2015-04-01,2015-06-30,2016-08-02 16:10:58+00:00,,353883000.0,0.48,0.48,,0.3,,,,0.47,,,7236000.0,,13778000.0,,32789000.0,32789000.0,,32789000.0,,-13778000.0,,179785000.0,,,,,3242000.0,969494000.0,323609000.0,,,2138258000.0,1267714000.0,,,,13778000.0,2591091000.0,2644894000.0,40025000.0,2631116000.0,,68300000.0,68558472.0,69244399.0
Assurant Inc,AIZ,H3F39CAXWQRVWURFXL38,1267238,2015.0,Q2YTD,2015-01-01,2015-06-30,,,722886000.0,1.2,1.2,,0.57,,,,1.18,,2570000.0,40385000.0,,27556000.0,,82833000.0,82833000.0,,82833000.0,,-27556000.0,,338583000.0,,,,,6500000.0,1891403000.0,603171000.0,,,4297820000.0,2478441000.0,,,,27556000.0,5095300000.0,5246074000.0,123218000.0,5218518000.0,,68300000.0,68558472.0,69244399.0
Assurant Inc,AIZ,H3F39CAXWQRVWURFXL38,1267238,2015.0,Q2TTM,2014-07-01,2015-06-30,,,1497073000.0,3.86,3.86,,1.11,,,,3.81,,2570000.0,165430000.0,,55110000.0,,272885000.0,272885000.0,,272885000.0,,-55110000.0,,687087000.0,,,,,4994000.0,3852057000.0,1181407000.0,,,8697766000.0,4726129000.0,,,,55110000.0,10077829000.0,10571254000.0,438315000.0,10516144000.0,,68300000.0,68558472.0,69244399.0
Assurant Inc,AIZ,H3F39CAXWQRVWURFXL38,1267238,2015.0,Q1,2015-01-01,2015-03-31,2016-05-03 16:09:36+00:00,,369003000.0,0.72,0.72,,0.27,,,,0.71,,2570000.0,33149000.0,,13778000.0,,50044000.0,50044000.0,,50044000.0,,-13778000.0,,158798000.0,,,,,3258000.0,921909000.0,279562000.0,,,2159562000.0,1210727000.0,,,,13778000.0,2504209000.0,2601180000.0,83193000.0,2587402000.0,,69500000.0,69770224.0,70757549.0
Assurant Inc,AIZ,H3F39CAXWQRVWURFXL38,1267238,2015.0,Q1TTM,2014-04-01,2015-03-31,,,1509779000.0,5.36,5.36,,1.08,,,,5.29,,2570000.0,208371000.0,,55108000.0,,383706000.0,383706000.0,,383706000.0,,-55108000.0,,684541000.0,,,,,1752000.0,3766899000.0,1116926000.0,,,8731242000.0,4608028000.0,,,,55108000.0,9887276000.0,10534461000.0,592077000.0,10479353000.0,,69500000.0,69770224.0,70757549.0
Assurant Inc,AIZ,H3F39CAXWQRVWURFXL38,1267238,2016.0,FY,2016-01-01,2016-12-31,2019-02-22 16:48:45+00:00,,1351300000.0,9.23,9.23,,2.03,,,,9.13,,6900000.0,283200000.0,,57600000.0,,565400000.0,565400000.0,,565400000.0,0.0,-57600000.0,,691400000.0,,,,,394500000.0,3442800000.0,1422500000.0,,0.0,5007300000.0,1808500000.0,,,,57600000.0,6609500000.0,7515700000.0,848600000.0,7458100000.0,,61300000.0,61261288.0,61934774.0
Assurant Inc,AIZ,H3F39CAXWQRVWURFXL38,1267238,2016.0,Q4,2016-10-01,2016-12-31,,,344000000.0,0.73,0.73,,-1.5,,,,0.72,,6200000.0,23300000.0,,13900000.0,,31300000.0,31300000.0,,31300000.0,,-13900000.0,,-222400000.0,,,,,394500000.0,888200000.0,388800000.0,,,1174700000.0,428700000.0,,,,13900000.0,1667100000.0,1735600000.0,54600000.0,1721700000.0,,61300000.0,61261288.0,61934774.0
Assurant Inc,AIZ,H3F39CAXWQRVWURFXL38,1267238,2016.0,Q3,2016-07-01,2016-09-30,2017-11-03 16:38:07+00:00,,330300000.0,2.4,2.4,,0.5,,,,2.37,,0.0,76500000.0,,14000000.0,,144400000.0,144400000.0,,144400000.0,,-14000000.0,,271300000.0,,,,,,833700000.0,347700000.0,,,1215100000.0,435200000.0,,,,14000000.0,1599200000.0,1834100000.0,220900000.0,1820100000.0,,60200000.0,60262073.0,60828341.0
Assurant Inc,AIZ,H3F39CAXWQRVWURFXL38,1267238,2016.0,Q3YTD,2016-01-01,2016-09-30,,,1007300000.0,8.5,8.5,,1.5,,,,8.41,,700000.0,259900000.0,,43700000.0,,534100000.0,534100000.0,,534100000.0,,-43700000.0,,913800000.0,,,,,,2554600000.0,1033700000.0,,,3832600000.0,1379800000.0,,,,43700000.0,4942400000.0,5780100000.0,794000000.0,5736400000.0,,60200000.0,60262073.0,60828341.0
Assurant Inc,AIZ,H3F39CAXWQRVWURFXL38,1267238,2016.0,Q3TTM,2015-10-01,2016-09-30,,,1345575000.0,9.48,9.48,,2.0,,,,9.38,,-2577000.0,304344000.0,,57465000.0,,599889000.0,599889000.0,,599889000.0,,-57465000.0,,1074298000.0,,,,,6500000.0,3630313000.0,1416506000.0,,,5827359000.0,2389654000.0,,,,57465000.0,7362965000.0,8324663000.0,904233000.0,8267198000.0,,60200000.0,60262073.0,60828341.0
Assurant Inc,AIZ,H3F39CAXWQRVWURFXL38,1267238,2016.0,Q2,2016-04-01,2016-06-30,2017-08-03 16:07:00+00:00,,342700000.0,2.72,2.72,,0.5,,,,2.7,,0.0,66200000.0,,15200000.0,,169300000.0,169300000.0,,169300000.0,,-15200000.0,,267200000.0,,,,,,803600000.0,328300000.0,,,1202300000.0,400800000.0,,,,15200000.0,1547100000.0,1797800000.0,235500000.0,1782600000.0,,62200000.0,62244778.0,62723292.0
Assurant Inc,AIZ,H3F39CAXWQRVWURFXL38,1267238,2016.0,Q2YTD,2016-01-01,2016-06-30,,,677000000.0,6.1,6.1,,1.0,,,,6.04,,700000.0,183400000.0,,29700000.0,,389700000.0,389700000.0,,389700000.0,,-29700000.0,,642500000.0,,,,,,1720900000.0,686000000.0,,,2617500000.0,944600000.0,,,,29700000.0,3343200000.0,3946000000.0,573100000.0,3916300000.0,,62200000.0,62244778.0,62723292.0
Assurant Inc,AIZ,H3F39CAXWQRVWURFXL38,1267238,2016.0,Q2TTM,2015-07-01,2016-06-30,,,1356714000.0,6.98,6.98,,1.8,,,,6.91,,-1870000.0,202615000.0,,57244000.0,,448467000.0,448467000.0,,448467000.0,,-57244000.0,,961917000.0,,,,,6500000.0,3753597000.0,1386329000.0,,,6670680000.0,3208659000.0,,,,57244000.0,8317100000.0,9025426000.0,651082000.0,8968182000.0,,62200000.0,62244778.0,62723292.0
Assurant Inc,AIZ,H3F39CAXWQRVWURFXL38,1267238,2016.0,Q1,2016-01-01,2016-03-31,2017-05-04 16:04:31+00:00,,334300000.0,3.38,3.38,,0.5,,,,3.34,,700000.0,117200000.0,,14500000.0,,220400000.0,220400000.0,,220400000.0,,-14500000.0,,375300000.0,,,,,,917300000.0,357700000.0,,,1415200000.0,543800000.0,,,,14500000.0,1796100000.0,2148200000.0,337600000.0,2133700000.0,,65200000.0,65086935.0,65920546.0
Assurant Inc,AIZ,H3F39CAXWQRVWURFXL38,1267238,2016.0,Q1TTM,2015-04-01,2016-03-31,,,1367897000.0,4.74,4.74,,1.6,,,,4.68,,-1870000.0,143651000.0,,55822000.0,,311956000.0,311956000.0,,311956000.0,,-55822000.0,,874502000.0,,,,,9742000.0,3919491000.0,1381638000.0,,,7606638000.0,4075573000.0,,,,55822000.0,9361091000.0,9872520000.0,455607000.0,9816698000.0,,65200000.0,65086935.0,65920546.0
Assurant Inc,AIZ,H3F39CAXWQRVWURFXL38,1267238,2017.0,FY,2017-01-01,2017-12-31,2020-02-19 17:13:43+00:00,,1340000000.0,9.45,9.45,,2.15,,,,9.39,,900000.0,-75100000.0,,49500000.0,,519600000.0,519600000.0,,519600000.0,0.0,-49500000.0,,524800000.0,,,,,103900000.0,2710400000.0,1383100000.0,,0.0,4404100000.0,1870600000.0,,,,49500000.0,5921900000.0,6415900000.0,444500000.0,6366400000.0,,55000000.0,54986654.0,55311032.0
Assurant Inc,AIZ,H3F39CAXWQRVWURFXL38,1267238,2017.0,Q4,2017-10-01,2017-12-31,,,346300000.0,5.76,5.76,,-1.06,,,,5.75,,500000.0,-154600000.0,,12300000.0,,312900000.0,312900000.0,,312900000.0,,-12300000.0,,40900000.0,,,,,103900000.0,745700000.0,366900000.0,,,1165400000.0,414000000.0,,,,12300000.0,1506500000.0,1677100000.0,158300000.0,1664800000.0,,55000000.0,54986654.0,55311032.0
Assurant Inc,AIZ,H3F39CAXWQRVWURFXL38,1267238,2017.0,Q3,2017-07-01,2017-09-30,2018-11-08 16:38:23+00:00,,332500000.0,-1.05,-1.05,,,,,,-1.05,,,-50300000.0,,12200000.0,,-57300000.0,-57300000.0,,-57300000.0,,-12200000.0,,164200000.0,,,,,,667100000.0,349100000.0,,0.0,1073100000.0,682200000.0,,,,12200000.0,1681800000.0,1586400000.0,-107600000.0,1574200000.0,,54600000.0,54524874.0,54524874.0
Assurant Inc,AIZ,H3F39CAXWQRVWURFXL38,1267238,2017.0,Q3YTD,2017-01-01,2017-09-30,,,993700000.0,3.69,3.69,,1.06,,,,3.64,,400000.0,79500000.0,,37200000.0,,206700000.0,206700000.0,,206700000.0,,-37200000.0,,483900000.0,,,,,,1964700000.0,1016200000.0,,,3238700000.0,1456600000.0,,,,37200000.0,4415400000.0,4738800000.0,286200000.0,4701600000.0,,54600000.0,54524874.0,54524874.0
Assurant Inc,AIZ,H3F39CAXWQRVWURFXL38,1267238,2017.0,Q3TTM,2016-10-01,2017-09-30,,,1337700000.0,4.42,4.42,,-0.44,,,,4.36,,6600000.0,102800000.0,,51100000.0,,238000000.0,238000000.0,,238000000.0,,-51100000.0,,261500000.0,,,,,394500000.0,2852900000.0,1405000000.0,,,4413400000.0,1885300000.0,,,,51100000.0,6082500000.0,6474400000.0,340800000.0,6423300000.0,,54600000.0,54524874.0,54524874.0
Assurant Inc,AIZ,H3F39CAXWQRVWURFXL38,1267238,2017.0,Q2,2017-04-01,2017-06-30,2018-08-09 16:04:11+00:00,,346700000.0,2.18,2.18,,0.53,,,,2.16,,,58500000.0,,12400000.0,,120200000.0,120200000.0,,120200000.0,,-12400000.0,,158300000.0,,,,,,646300000.0,326900000.0,,0.0,1115300000.0,416400000.0,,,,12400000.0,1409400000.0,1600500000.0,178700000.0,1588100000.0,,55100000.0,55230367.0,55509898.0
Assurant Inc,AIZ,H3F39CAXWQRVWURFXL38,1267238,2017.0,Q2YTD,2017-01-01,2017-06-30,,,661200000.0,4.74,4.74,,1.06,,,,4.69,,400000.0,129800000.0,,25000000.0,,264000000.0,264000000.0,,264000000.0,,-25000000.0,,319700000.0,,,,,,1297600000.0,667100000.0,,,2165600000.0,774400000.0,,,,25000000.0,2733600000.0,3152400000.0,393800000.0,3127400000.0,,55100000.0,55230367.0,55509898.0
Assurant Inc,AIZ,H3F39CAXWQRVWURFXL38,1267238,2017.0,Q2TTM,2016-07-01,2017-06-30,,,1335500000.0,7.87,7.87,,0.06,,,,7.78,,6600000.0,229600000.0,,52900000.0,,439700000.0,439700000.0,,439700000.0,,-52900000.0,,368600000.0,,,,,394500000.0,3019500000.0,1403600000.0,,,4555400000.0,1638300000.0,,,,52900000.0,5999900000.0,6722100000.0,669300000.0,6669200000.0,,55100000.0,55230367.0,55509898.0
Assurant Inc,AIZ,H3F39CAXWQRVWURFXL38,1267238,2017.0,Q1,2017-01-01,2017-03-31,2018-05-07 17:17:01+00:00,,314500000.0,2.56,2.56,,0.53,,,,2.53,,400000.0,71300000.0,,12600000.0,,143800000.0,143800000.0,,143800000.0,,-12600000.0,,161400000.0,,,,,,651300000.0,340200000.0,,,1050300000.0,358000000.0,,,,12600000.0,1324200000.0,1551900000.0,215100000.0,1539300000.0,,56200000.0,56201342.0,56756641.0
Assurant Inc,AIZ,H3F39CAXWQRVWURFXL38,1267238,2017.0,Q1TTM,2016-04-01,2017-03-31,,,1331500000.0,8.41,8.41,,0.03,,,,8.32,,6600000.0,237300000.0,,55700000.0,,488800000.0,488800000.0,,488800000.0,,-55700000.0,,477500000.0,,,,,394500000.0,3176800000.0,1405000000.0,,,4642400000.0,1622700000.0,,,,55700000.0,6137600000.0,6919400000.0,726100000.0,6863700000.0,,56200000.0,56201342.0,56756641.0
Assurant Inc,AIZ,H3F39CAXWQRVWURFXL38,1267238,2018.0,FY,2018-01-01,2018-12-31,2020-02-19 17:13:43+00:00,,2300800000.0,4.0,4.0,,2.28,,,,3.98,,,80900000.0,,100300000.0,,252600000.0,252600000.0,,236800000.0,1600000.0,-100300000.0,,536300000.0,,,,,56300000.0,2980400000.0,1308100000.0,,14200000.0,6156900000.0,2342600000.0,,,,100300000.0,7623800000.0,8057600000.0,333500000.0,7957300000.0,,59200000.0,59239608.0,59545524.0
Assurant Inc,AIZ,H3F39CAXWQRVWURFXL38,1267238,2018.0,Q4,2018-10-01,2018-12-31,,,740600000.0,0.16,0.16,,,,,,0.17,,,16300000.0,,26300000.0,,26600000.0,26600000.0,,20300000.0,1600000.0,-26300000.0,,88600000.0,,,,,56800000.0,750700000.0,331500000.0,,4700000.0,1840100000.0,756500000.0,,,,26300000.0,2247800000.0,2317000000.0,42900000.0,2290700000.0,,59200000.0,59239608.0,59545524.0
Assurant Inc,AIZ,H3F39CAXWQRVWURFXL38,1267238,2018.0,Q3,2018-07-01,2018-09-30,2019-11-07 16:05:26+00:00,,750600000.0,0.76,0.76,,,,,,0.76,,,22800000.0,,26500000.0,,53000000.0,53000000.0,,48300000.0,0.0,-26500000.0,,159300000.0,,,,,-500000.0,736500000.0,257900000.0,,4700000.0,1853600000.0,680900000.0,,,,26500000.0,2168000000.0,2270300000.0,75800000.0,2243800000.0,,63600000.0,63621184.0,63800347.0
Assurant Inc,AIZ,H3F39CAXWQRVWURFXL38,1267238,2018.0,Q3YTD,2018-01-01,2018-09-30,,,1560200000.0,3.84,3.84,,,,,,3.81,,,64600000.0,,74000000.0,,226000000.0,226000000.0,,216500000.0,,-74000000.0,,447700000.0,,,,,-500000.0,2229700000.0,976600000.0,,9500000.0,4316800000.0,1586100000.0,,,,74000000.0,5376000000.0,5740600000.0,290600000.0,5666600000.0,,63600000.0,63621184.0,63800347.0
Assurant Inc,AIZ,H3F39CAXWQRVWURFXL38,1267238,2018.0,Q3TTM,2017-10-01,2018-09-30,,,1906500000.0,9.6,9.6,,-1.06,,,,9.56,,500000.0,-90000000.0,,86300000.0,,538900000.0,538900000.0,,529400000.0,,-86300000.0,,488600000.0,,,,,103400000.0,2975400000.0,1343500000.0,,9500000.0,5482200000.0,2000100000.0,,,,86300000.0,6882500000.0,7417700000.0,448900000.0,7331400000.0,,63600000.0,63621184.0,63800347.0
Assurant Inc,AIZ,H3F39CAXWQRVWURFXL38,1267238,2018.0,Q2,2018-04-01,2018-06-30,2019-08-08 16:08:33+00:00,,463200000.0,1.09,1.09,,,,,,1.09,,,11300000.0,,26000000.0,,67000000.0,67000000.0,,62200000.0,0.0,-26000000.0,,139200000.0,,,,,0.0,773600000.0,354200000.0,,4800000.0,1338300000.0,490600000.0,,,,26000000.0,1727400000.0,1831700000.0,78300000.0,1805700000.0,,57100000.0,57060313.0,57264408.0
Assurant Inc,AIZ,H3F39CAXWQRVWURFXL38,1267238,2018.0,Q2YTD,2018-01-01,2018-06-30,,,809600000.0,3.08,3.08,,,,,,3.05,,,41800000.0,,47500000.0,,173000000.0,173000000.0,,168200000.0,,-47500000.0,,288400000.0,,,,,,1493200000.0,718700000.0,,4800000.0,2463200000.0,905200000.0,,,,47500000.0,3208000000.0,3470300000.0,214800000.0,3422800000.0,,57100000.0,57060313.0,57264408.0
Assurant Inc,AIZ,H3F39CAXWQRVWURFXL38,1267238,2018.0,Q2TTM,2017-07-01,2018-06-30,,,1488400000.0,7.79,7.79,,-1.06,,,,7.75,,500000.0,-163100000.0,,72000000.0,,428600000.0,428600000.0,,423800000.0,,-72000000.0,,493500000.0,,,,,103900000.0,2906000000.0,1434700000.0,,4800000.0,4701700000.0,2001400000.0,,,,72000000.0,6396300000.0,6733800000.0,265500000.0,6661800000.0,,57100000.0,57060313.0,57264408.0
Assurant Inc,AIZ,H3F39CAXWQRVWURFXL38,1267238,2018.0,Q1,2018-01-01,2018-03-31,2019-05-08 16:29:00+00:00,,346400000.0,1.99,1.99,,0.56,,,,1.96,,,30500000.0,,21500000.0,,106000000.0,106000000.0,,106000000.0,0.0,-21500000.0,,149200000.0,,,,,,719600000.0,364500000.0,,0.0,1124900000.0,414600000.0,,,,21500000.0,1480600000.0,1638600000.0,136500000.0,1617100000.0,,53300000.0,53169358.0,54189498.0
Assurant Inc,AIZ,H3F39CAXWQRVWURFXL38,1267238,2018.0,Q1TTM,2017-04-01,2018-03-31,,,1371900000.0,8.88,8.88,,-0.53,,,,8.82,,500000.0,-115900000.0,,58400000.0,,481800000.0,481800000.0,,481800000.0,,-58400000.0,,512600000.0,,,,,103900000.0,2778700000.0,1407400000.0,,,4478700000.0,1927200000.0,,,,58400000.0,6078300000.0,6502600000.0,365900000.0,6444200000.0,,53300000.0,53169358.0,54189498.0
Assurant Inc,AIZ,H3F39CAXWQRVWURFXL38,1267238,2019.0,Q4,2019-10-01,2019-12-31,,,859500000.0,2.02,2.02,,,,,,2.07,,-200000.0,50000000.0,,25400000.0,,128800000.0,128800000.0,,122900000.0,1200000.0,-25400000.0,,182500000.0,,,,,4700000.0,895100000.0,351700000.0,,4700000.0,2067500000.0,647800000.0,,,,25400000.0,2402200000.0,2606400000.0,178800000.0,2581000000.0,,62000000.0,61942969.0,62313468.0
Assurant Inc,AIZ,H3F39CAXWQRVWURFXL38,1267238,2019.0,FY,2019-01-01,2019-12-31,2020-02-19 17:13:43+00:00,,3322100000.0,5.87,5.87,,2.43,,,,5.84,,,167700000.0,,110600000.0,,386800000.0,386800000.0,,363900000.0,4200000.0,-110600000.0,,712500000.0,,,,,11700000.0,3413500000.0,1311200000.0,,18700000.0,8020000000.0,2654700000.0,,,,110600000.0,9390300000.0,10055400000.0,554500000.0,9944800000.0,,62000000.0,61942969.0,62313468.0
Assurant Inc,AIZ,H3F39CAXWQRVWURFXL38,1267238,2019.0,Q3,2019-07-01,2019-09-30,2019-11-07 16:05:26+00:00,,869500000.0,-0.96,-0.96,,,,,,-0.96,,,28600000.0,,32200000.0,,-53200000.0,-53200000.0,,-59500000.0,1600000.0,-32200000.0,,157600000.0,,,,,-200000.0,885600000.0,295100000.0,,4700000.0,2015400000.0,705200000.0,,,,32200000.0,2460300000.0,2467900000.0,-24600000.0,2435700000.0,,62000000.0,61804492.0,61804492.0
Assurant Inc,AIZ,H3F39CAXWQRVWURFXL38,1267238,2019.0,Q3YTD,2019-01-01,2019-09-30,,,2462600000.0,3.85,3.85,,,,,,3.77,,200000.0,117700000.0,,85200000.0,,258000000.0,258000000.0,,241000000.0,3000000.0,-85200000.0,,530000000.0,,,,,7000000.0,2518400000.0,959500000.0,,14000000.0,5952500000.0,2006900000.0,,,,85200000.0,6988100000.0,7449000000.0,375700000.0,7363800000.0,,62000000.0,61804492.0,61804492.0
Assurant Inc,AIZ,H3F39CAXWQRVWURFXL38,1267238,2019.0,Q3TTM,2018-10-01,2019-09-30,,,3203200000.0,4.01,4.01,,,,,,3.94,,200000.0,134000000.0,,111500000.0,,284600000.0,284600000.0,,261300000.0,4600000.0,-111500000.0,,618600000.0,,,,,63800000.0,3269100000.0,1291000000.0,,18700000.0,7792600000.0,2763400000.0,,,,111500000.0,9235900000.0,9766000000.0,418600000.0,9654500000.0,,62000000.0,61804492.0,61804492.0
Assurant Inc,AIZ,H3F39CAXWQRVWURFXL38,1267238,2019.0,Q2,2019-04-01,2019-06-30,2019-08-08 16:08:33+00:00,,815800000.0,2.24,2.24,,,,,,2.21,,,40700000.0,,26500000.0,,142600000.0,142600000.0,,139500000.0,-1500000.0,-26500000.0,,177300000.0,,,,,-600000.0,832900000.0,336100000.0,,4600000.0,2032700000.0,687000000.0,,,,26500000.0,2335700000.0,2545500000.0,183300000.0,2519000000.0,,62300000.0,62222090.0,65288447.0
Assurant Inc,AIZ,H3F39CAXWQRVWURFXL38,1267238,2019.0,Q2YTD,2019-01-01,2019-06-30,,,1593100000.0,4.81,4.81,,,,,,4.73,,200000.0,89100000.0,,53000000.0,,311200000.0,311200000.0,,300500000.0,1400000.0,-53000000.0,,372400000.0,,,,,7200000.0,1632800000.0,664400000.0,,9300000.0,3937100000.0,1301700000.0,,,,53000000.0,4527800000.0,4981100000.0,400300000.0,4928100000.0,,62300000.0,62222090.0,65288447.0
Assurant Inc,AIZ,H3F39CAXWQRVWURFXL38,1267238,2019.0,Q2TTM,2018-07-01,2019-06-30,,,3084300000.0,5.73,5.73,,,,,,5.66,,200000.0,128200000.0,,105800000.0,,390800000.0,390800000.0,,369100000.0,3000000.0,-105800000.0,,620300000.0,,,,,63500000.0,3120000000.0,1253800000.0,,18700000.0,7630800000.0,2739100000.0,,,,105800000.0,8943600000.0,9568400000.0,519000000.0,9462600000.0,,62300000.0,62222090.0,65288447.0
Assurant Inc,AIZ,H3F39CAXWQRVWURFXL38,1267238,2019.0,Q1,2019-01-01,2019-03-31,2020-05-08 16:06:36+00:00,,777300000.0,2.57,2.57,,0.6,,,,2.52,,200000.0,48400000.0,,26500000.0,,168600000.0,168600000.0,,161000000.0,2900000.0,-26500000.0,,195100000.0,,,,,7800000.0,799900000.0,328300000.0,,4700000.0,1904400000.0,614700000.0,,,,26500000.0,2192100000.0,2435600000.0,217000000.0,2409100000.0,,62600000.0,62594828.0,65777945.0
Assurant Inc,AIZ,H3F39CAXWQRVWURFXL38,1267238,2019.0,Q1TTM,2018-04-01,2019-03-31,,,2731700000.0,4.58,4.58,,,,,,4.54,,200000.0,98800000.0,,105300000.0,,315200000.0,315200000.0,,291800000.0,4500000.0,-105300000.0,,582200000.0,,,,,64100000.0,3060700000.0,1271900000.0,,18900000.0,6936400000.0,2542700000.0,,,,105300000.0,8335300000.0,8854600000.0,414000000.0,8749300000.0,,62600000.0,62594828.0,65777945.0
Assurant Inc,AIZ,H3F39CAXWQRVWURFXL38,1267238,2020.0,Q1TTM,2019-04-01,2020-03-31,,,3459000000.0,5.78,5.78,,,,,,5.75,,1200000.0,72700000.0,,109600000.0,,374000000.0,374000000.0,,352900000.0,2400000.0,-109600000.0,,578100000.0,,,,,8100000.0,3521700000.0,1399800000.0,,18700000.0,8199400000.0,2647200000.0,,,,109600000.0,9629100000.0,10185400000.0,446700000.0,10075800000.0,,60500000.0,60602911.0,63626926.0
Assurant Inc,AIZ,H3F39CAXWQRVWURFXL38,1267238,2020.0,Q1,2020-01-01,2020-03-31,2020-05-08 16:06:36+00:00,,914200000.0,2.48,2.48,,0.63,,,,2.43,,1400000.0,-46600000.0,,25500000.0,,155800000.0,155800000.0,,150000000.0,1100000.0,-25500000.0,,60700000.0,,,,,4200000.0,908100000.0,416900000.0,,4700000.0,2083800000.0,607200000.0,,,,25500000.0,2430900000.0,2565600000.0,109200000.0,2540100000.0,,60500000.0,60602911.0,63626926.0
