company_name,company_ticker,company_lei,company_cik,year,quarter,start_date,end_date,filing_date,basicdilutedeps,basiceps,cashdividendspershare,depreciationexpense,dilutedeps,incometaxexpense,investmentbankingincome,marketingexpense,netincome,netincomecontinuing,netincometocommon,netincometononcontrollinginterest,netinterestincome,netrealizedcapitalgains,nonoperatingincome,otherinterestexpense,othernoninterestincome,otheroperatingexpenses,totalinterestexpense,totalnoninterestexpense,totalnoninterestincome,totalpretaxincome,totalrevenue,weightedavebasicdilutedsharesos,weightedavebasicsharesos,weightedavedilutedsharesos
MasterCard Inc,MA,AR5L2ODV9HN37376R084,1141391,2007.0,FY,2007-01-01,2007-12-31,2010-02-18 13:20:56+00:00,7.98,7.98,0.6,97642000.0,7.96,585546000.0,,1001525000.0,1085886000.0,1085886000.0,1085886000.0,0.0,-57277000.0,530400000.0,90197000.0,57277000.0,4067599000.0,1856920000.0,57277000.0,2956087000.0,4597999000.0,1671432000.0,4540722000.0,136100000.0,134887000.0,135153000.0
MasterCard Inc,MA,AR5L2ODV9HN37376R084,1141391,2008.0,FY,2008-01-01,2008-12-31,2010-02-18 13:20:56+00:00,-1.94,-1.94,0.6,112006000.0,-1.94,-129298000.0,,934742000.0,-253915000.0,-253915000.0,-253915000.0,0.0,-103600000.0,182907000.0,71985000.0,103600000.0,4991600000.0,4479357000.0,103600000.0,5526105000.0,5174507000.0,-383213000.0,5070907000.0,130900000.0,130148000.0,130148000.0
MasterCard Inc,MA,AR5L2ODV9HN37376R084,1141391,2008.0,Q3,2008-07-01,2008-09-30,2009-11-03 15:59:24+00:00,-1.48,-1.48,,28742000.0,-1.48,-100090000.0,,246154000.0,-193582000.0,-193582000.0,-193582000.0,0.0,-36319000.0,22626000.0,-715000.0,36319000.0,1338178000.0,1342546000.0,36319000.0,1617442000.0,1360804000.0,-293672000.0,1324485000.0,130800000.0,129536000.0,129536000.0
MasterCard Inc,MA,AR5L2ODV9HN37376R084,1141391,2008.0,Q2,2008-04-01,2008-06-30,2009-07-30 17:59:46+00:00,-5.7,-5.7,,27950000.0,-5.7,-476529000.0,,281056000.0,-746653000.0,-746653000.0,-746653000.0,0.0,-15438000.0,25685000.0,-225000.0,15438000.0,1246504000.0,2170702000.0,15438000.0,2479708000.0,1272189000.0,-1223182000.0,1256751000.0,131000000.0,130073000.0,130073000.0
MasterCard Inc,MA,AR5L2ODV9HN37376R084,1141391,2009.0,Q4,2009-10-01,2009-12-31,,2.25,2.25,0.6,38037000.0,2.24,163179000.0,-24295000.0,285694000.0,294981000.0,294981000.0,294727000.0,254000.0,-23131000.0,41000000.0,-3725000.0,23131000.0,1298836000.0,506794000.0,23131000.0,830525000.0,1315541000.0,458160000.0,1292410000.0,130700000.0,130000000.0,130000000.0
MasterCard Inc,MA,AR5L2ODV9HN37376R084,1141391,2009.0,FY,2009-01-01,2009-12-31,2012-02-16 12:23:37+00:00,11.19,11.19,0.6,141000000.0,11.16,755000000.0,,756000000.0,1463000000.0,1463000000.0,1463000000.0,0.0,-115000000.0,58000000.0,15000000.0,115000000.0,5099000000.0,1942000000.0,115000000.0,2839000000.0,5157000000.0,2218000000.0,5042000000.0,130700000.0,130000000.0,130000000.0
MasterCard Inc,MA,AR5L2ODV9HN37376R084,1141391,2009.0,Q3,2009-07-01,2009-09-30,2009-11-03 15:59:24+00:00,3.46,3.46,,36242000.0,3.45,221254000.0,10665000.0,173828000.0,452140000.0,452140000.0,452199000.0,-59000.0,-24098000.0,,13324000.0,24098000.0,1364275000.0,480702000.0,24098000.0,690772000.0,1374940000.0,673394000.0,1350842000.0,130700000.0,129936000.0,130359000.0
MasterCard Inc,MA,AR5L2ODV9HN37376R084,1141391,2009.0,Q3YTD,2009-01-01,2009-09-30,,8.94,8.94,,102963000.0,8.92,591821000.0,24295000.0,470306000.0,1168019000.0,1168019000.0,1168273000.0,-254000.0,-91869000.0,17000000.0,18725000.0,91869000.0,3800164000.0,1435206000.0,91869000.0,2008475000.0,3841459000.0,1759840000.0,3749590000.0,130700000.0,129936000.0,130359000.0
MasterCard Inc,MA,AR5L2ODV9HN37376R084,1141391,2009.0,Q2,2009-04-01,2009-06-30,2009-07-30 17:59:46+00:00,2.67,2.67,,35721000.0,2.67,187567000.0,13630000.0,180478000.0,348879000.0,348879000.0,349074000.0,-195000.0,-31771000.0,,-2599000.0,31771000.0,1279889000.0,506504000.0,31771000.0,722703000.0,1293519000.0,536446000.0,1261748000.0,130700000.0,129743000.0,130118000.0
MasterCard Inc,MA,AR5L2ODV9HN37376R084,1141391,2009.0,Q2YTD,2009-01-01,2009-06-30,,5.48,5.48,,66721000.0,5.47,370567000.0,13630000.0,296478000.0,715879000.0,715879000.0,716074000.0,-195000.0,-67771000.0,17000000.0,5401000.0,67771000.0,2435889000.0,954504000.0,67771000.0,1317703000.0,2466519000.0,1086446000.0,2398748000.0,130700000.0,129743000.0,130118000.0
MasterCard Inc,MA,AR5L2ODV9HN37376R084,1141391,2009.0,Q1,2009-01-01,2009-03-31,2010-05-04 14:50:06+00:00,2.81,2.81,,31000000.0,2.8,183000000.0,,116000000.0,367000000.0,367000000.0,367000000.0,0.0,-36000000.0,17000000.0,8000000.0,36000000.0,1156000000.0,448000000.0,36000000.0,595000000.0,1173000000.0,550000000.0,1137000000.0,130600000.0,130000000.0,130000000.0
MasterCard Inc,MA,AR5L2ODV9HN37376R084,1141391,2010.0,Q4,2010-10-01,2010-12-31,,3.17,3.17,0.45,42000000.0,3.16,167000000.0,-11000000.0,305000000.0,415000000.0,415000000.0,414000000.0,1000000.0,-9000000.0,57000000.0,-24000000.0,9000000.0,1438000000.0,522000000.0,9000000.0,869000000.0,1484000000.0,582000000.0,1475000000.0,130900000.0,131000000.0,131000000.0
MasterCard Inc,MA,AR5L2ODV9HN37376R084,1141391,2010.0,FY,2010-01-01,2010-12-31,2013-02-14 17:02:29+00:00,14.1,14.1,0.6,148000000.0,14.05,910000000.0,,782000000.0,1847000000.0,1847000000.0,1846000000.0,1000000.0,-52000000.0,57000000.0,0.0,52000000.0,5539000000.0,1857000000.0,52000000.0,2787000000.0,5596000000.0,2757000000.0,5544000000.0,130900000.0,131000000.0,131000000.0
MasterCard Inc,MA,AR5L2ODV9HN37376R084,1141391,2010.0,Q3,2010-07-01,2010-09-30,2010-11-02 12:19:52+00:00,3.96,3.96,,36000000.0,3.94,248000000.0,11000000.0,182000000.0,519000000.0,519000000.0,519000000.0,,-11000000.0,,1000000.0,11000000.0,1428000000.0,444000000.0,11000000.0,662000000.0,1439000000.0,767000000.0,1428000000.0,131100000.0,131000000.0,131000000.0
MasterCard Inc,MA,AR5L2ODV9HN37376R084,1141391,2010.0,Q3YTD,2010-01-01,2010-09-30,,10.93,10.93,0.15,106000000.0,10.89,743000000.0,11000000.0,477000000.0,1432000000.0,1432000000.0,1432000000.0,,-43000000.0,,24000000.0,43000000.0,4101000000.0,1335000000.0,43000000.0,1918000000.0,4112000000.0,2175000000.0,4069000000.0,131100000.0,131000000.0,131000000.0
MasterCard Inc,MA,AR5L2ODV9HN37376R084,1141391,2010.0,Q3TTM,2009-10-01,2010-09-30,,13.18,13.18,0.75,144037000.0,13.13,906179000.0,-13295000.0,762694000.0,1726981000.0,1726981000.0,1726727000.0,254000.0,-66131000.0,41000000.0,20275000.0,66131000.0,5399836000.0,1841794000.0,66131000.0,2748525000.0,5427541000.0,2633160000.0,5361410000.0,131100000.0,131000000.0,131000000.0
MasterCard Inc,MA,AR5L2ODV9HN37376R084,1141391,2010.0,Q2,2010-04-01,2010-06-30,2010-08-03 11:00:59+00:00,3.5,3.5,,35000000.0,3.49,255000000.0,,180000000.0,458000000.0,458000000.0,458000000.0,0.0,-17000000.0,,13000000.0,17000000.0,1365000000.0,433000000.0,17000000.0,648000000.0,1365000000.0,713000000.0,1348000000.0,130900000.0,131000000.0,131000000.0
MasterCard Inc,MA,AR5L2ODV9HN37376R084,1141391,2010.0,Q2YTD,2010-01-01,2010-06-30,,6.97,6.97,0.15,70000000.0,6.95,495000000.0,,295000000.0,913000000.0,913000000.0,913000000.0,,-32000000.0,,23000000.0,32000000.0,2673000000.0,891000000.0,32000000.0,1256000000.0,2673000000.0,1408000000.0,2641000000.0,130900000.0,131000000.0,131000000.0
MasterCard Inc,MA,AR5L2ODV9HN37376R084,1141391,2010.0,Q2TTM,2009-07-01,2010-06-30,,12.68,12.68,0.75,144279000.0,12.64,879433000.0,-13630000.0,754522000.0,1660121000.0,1660121000.0,1659926000.0,195000.0,-79229000.0,41000000.0,32599000.0,79229000.0,5336111000.0,1878496000.0,79229000.0,2777297000.0,5363481000.0,2539554000.0,5284252000.0,130900000.0,131000000.0,131000000.0
MasterCard Inc,MA,AR5L2ODV9HN37376R084,1141391,2010.0,Q1,2010-01-01,2010-03-31,2010-05-04 14:50:06+00:00,3.47,3.47,0.15,35000000.0,3.46,240000000.0,,115000000.0,455000000.0,455000000.0,455000000.0,0.0,-15000000.0,,10000000.0,15000000.0,1308000000.0,458000000.0,15000000.0,608000000.0,1308000000.0,695000000.0,1293000000.0,131100000.0,130000000.0,131000000.0
MasterCard Inc,MA,AR5L2ODV9HN37376R084,1141391,2010.0,Q1TTM,2009-04-01,2010-03-31,,11.85,11.85,0.75,145000000.0,11.82,812000000.0,,755000000.0,1551000000.0,1551000000.0,1551000000.0,,-94000000.0,41000000.0,17000000.0,94000000.0,5251000000.0,1952000000.0,94000000.0,2852000000.0,5292000000.0,2363000000.0,5198000000.0,131100000.0,130000000.0,131000000.0
MasterCard Inc,MA,AR5L2ODV9HN37376R084,1141391,2011.0,Q4,2011-10-01,2011-12-31,,0.01,0.01,0.01,52000000.0,0.01,-30000000.0,,319000000.0,20000000.0,20000000.0,19000000.0,1000000.0,-7000000.0,52000000.0,-49000000.0,7000000.0,1728000000.0,1371000000.0,7000000.0,1738000000.0,1780000000.0,-10000000.0,1773000000.0,1279200000.0,1279000000.0,1284000000.0
MasterCard Inc,MA,AR5L2ODV9HN37376R084,1141391,2011.0,FY,2011-01-01,2011-12-31,2014-02-14 11:26:02+00:00,1.49,1.49,0.06,194000000.0,1.48,842000000.0,,841000000.0,1906000000.0,1906000000.0,1906000000.0,,-25000000.0,52000000.0,8000000.0,25000000.0,6714000000.0,2966000000.0,25000000.0,4001000000.0,6766000000.0,2748000000.0,6741000000.0,1279200000.0,1279000000.0,1284000000.0
MasterCard Inc,MA,AR5L2ODV9HN37376R084,1141391,2011.0,Q3,2011-07-01,2011-09-30,2011-11-02 11:28:29+00:00,5.65,5.65,,51000000.0,5.63,314000000.0,,200000000.0,716000000.0,716000000.0,717000000.0,-1000000.0,-6000000.0,,34000000.0,6000000.0,1818000000.0,565000000.0,6000000.0,816000000.0,1818000000.0,1030000000.0,1812000000.0,126900000.0,127000000.0,127000000.0
MasterCard Inc,MA,AR5L2ODV9HN37376R084,1141391,2011.0,Q3YTD,2011-01-01,2011-09-30,,14.86,14.86,0.46,142000000.0,14.86,872000000.0,,522000000.0,1886000000.0,1886000000.0,1887000000.0,-1000000.0,-18000000.0,,57000000.0,18000000.0,4986000000.0,1599000000.0,18000000.0,2263000000.0,4986000000.0,2758000000.0,4968000000.0,126900000.0,127000000.0,127000000.0
MasterCard Inc,MA,AR5L2ODV9HN37376R084,1141391,2011.0,Q3TTM,2010-10-01,2011-09-30,,18.12,18.12,0.61,184000000.0,18.12,1039000000.0,-11000000.0,827000000.0,2301000000.0,2301000000.0,2301000000.0,,-27000000.0,57000000.0,33000000.0,27000000.0,6424000000.0,2121000000.0,27000000.0,3132000000.0,6470000000.0,3340000000.0,6443000000.0,126900000.0,127000000.0,127000000.0
MasterCard Inc,MA,AR5L2ODV9HN37376R084,1141391,2011.0,Q2,2011-04-01,2011-06-30,2011-08-03 13:25:57+00:00,4.77,4.77,,49000000.0,4.76,284000000.0,,193000000.0,608000000.0,608000000.0,608000000.0,0.0,-2000000.0,,11000000.0,2000000.0,1667000000.0,540000000.0,2000000.0,782000000.0,1667000000.0,892000000.0,1665000000.0,127500000.0,127000000.0,128000000.0
MasterCard Inc,MA,AR5L2ODV9HN37376R084,1141391,2011.0,Q2YTD,2011-01-01,2011-06-30,,9.21,9.21,0.31,91000000.0,9.21,558000000.0,,322000000.0,1170000000.0,1170000000.0,1170000000.0,,-12000000.0,,23000000.0,12000000.0,3168000000.0,1034000000.0,12000000.0,1447000000.0,3168000000.0,1728000000.0,3156000000.0,127500000.0,127000000.0,128000000.0
MasterCard Inc,MA,AR5L2ODV9HN37376R084,1141391,2011.0,Q2TTM,2010-07-01,2011-06-30,,16.56,16.56,0.62,169000000.0,16.56,973000000.0,,809000000.0,2104000000.0,2104000000.0,2103000000.0,1000000.0,-32000000.0,57000000.0,,32000000.0,6034000000.0,2000000000.0,32000000.0,2978000000.0,6091000000.0,3077000000.0,6059000000.0,127500000.0,127000000.0,128000000.0
MasterCard Inc,MA,AR5L2ODV9HN37376R084,1141391,2011.0,Q1,2011-01-01,2011-03-31,2011-05-03 10:45:41+00:00,4.31,4.31,0.15,42000000.0,4.29,274000000.0,,129000000.0,562000000.0,562000000.0,562000000.0,0.0,-10000000.0,,12000000.0,10000000.0,1501000000.0,494000000.0,10000000.0,665000000.0,1501000000.0,836000000.0,1491000000.0,130400000.0,130000000.0,131000000.0
MasterCard Inc,MA,AR5L2ODV9HN37376R084,1141391,2011.0,Q1TTM,2010-04-01,2011-03-31,,15.02,15.02,0.61,155000000.0,15.02,944000000.0,,796000000.0,1954000000.0,1954000000.0,1953000000.0,1000000.0,-47000000.0,57000000.0,2000000.0,47000000.0,5732000000.0,1893000000.0,47000000.0,2844000000.0,5789000000.0,2898000000.0,5742000000.0,130400000.0,130000000.0,131000000.0
MasterCard Inc,MA,AR5L2ODV9HN37376R084,1141391,2012.0,Q4,2012-10-01,2012-12-31,,0.48,0.48,0.03,62000000.0,0.48,289000000.0,-9000000.0,295000000.0,605000000.0,605000000.0,605000000.0,,-7000000.0,37000000.0,-26000000.0,7000000.0,1895000000.0,639000000.0,7000000.0,996000000.0,1923000000.0,894000000.0,1916000000.0,1254100000.0,1253000000.0,1258000000.0
MasterCard Inc,MA,AR5L2ODV9HN37376R084,1141391,2012.0,FY,2012-01-01,2012-12-31,2015-02-13 10:23:56+00:00,2.2,2.2,0.12,230000000.0,2.19,1174000000.0,,775000000.0,2759000000.0,2759000000.0,2759000000.0,,-20000000.0,37000000.0,-21000000.0,20000000.0,7391000000.0,2449000000.0,20000000.0,3454000000.0,7428000000.0,3933000000.0,7408000000.0,1254100000.0,1253000000.0,1258000000.0
MasterCard Inc,MA,AR5L2ODV9HN37376R084,1141391,2012.0,Q3,2012-07-01,2012-09-30,2012-10-31 11:55:59+00:00,6.19,6.19,,58000000.0,6.17,294000000.0,,176000000.0,772000000.0,772000000.0,772000000.0,0.0,-4000000.0,,6000000.0,4000000.0,1918000000.0,620000000.0,4000000.0,854000000.0,1918000000.0,1066000000.0,1914000000.0,124700000.0,125000000.0,125000000.0
MasterCard Inc,MA,AR5L2ODV9HN37376R084,1141391,2012.0,Q3YTD,2012-01-01,2012-09-30,,17.23,17.23,0.75,168000000.0,17.23,885000000.0,9000000.0,480000000.0,2154000000.0,2154000000.0,2154000000.0,,-13000000.0,,5000000.0,13000000.0,5496000000.0,1810000000.0,13000000.0,2458000000.0,5505000000.0,3039000000.0,5492000000.0,124700000.0,125000000.0,125000000.0
MasterCard Inc,MA,AR5L2ODV9HN37376R084,1141391,2012.0,Q3TTM,2011-10-01,2012-09-30,,17.38,17.38,0.9,220000000.0,17.38,855000000.0,9000000.0,799000000.0,2174000000.0,2174000000.0,2173000000.0,1000000.0,-20000000.0,52000000.0,-44000000.0,20000000.0,7224000000.0,3177000000.0,20000000.0,4196000000.0,7285000000.0,3029000000.0,7265000000.0,124700000.0,125000000.0,125000000.0
MasterCard Inc,MA,AR5L2ODV9HN37376R084,1141391,2012.0,Q2,2012-04-01,2012-06-30,2012-08-01 10:42:40+00:00,5.56,5.56,,56000000.0,5.55,273000000.0,,179000000.0,700000000.0,700000000.0,700000000.0,0.0,-3000000.0,,2000000.0,3000000.0,1820000000.0,611000000.0,3000000.0,846000000.0,1820000000.0,973000000.0,1817000000.0,125900000.0,126000000.0,126000000.0
MasterCard Inc,MA,AR5L2ODV9HN37376R084,1141391,2012.0,Q2YTD,2012-01-01,2012-06-30,,10.97,10.97,0.45,110000000.0,10.97,591000000.0,9000000.0,304000000.0,1382000000.0,1382000000.0,1382000000.0,,-9000000.0,,-1000000.0,9000000.0,3578000000.0,1190000000.0,9000000.0,1604000000.0,3587000000.0,1973000000.0,3578000000.0,125900000.0,126000000.0,126000000.0
MasterCard Inc,MA,AR5L2ODV9HN37376R084,1141391,2012.0,Q2TTM,2011-07-01,2012-06-30,,16.81,16.81,0.75,213000000.0,16.81,875000000.0,9000000.0,823000000.0,2118000000.0,2118000000.0,2118000000.0,,-22000000.0,52000000.0,-16000000.0,22000000.0,7124000000.0,3122000000.0,22000000.0,4158000000.0,7185000000.0,2993000000.0,7163000000.0,125900000.0,126000000.0,126000000.0
MasterCard Inc,MA,AR5L2ODV9HN37376R084,1141391,2012.0,Q1,2012-01-01,2012-03-31,2013-05-01 10:43:22+00:00,5.38,5.38,,54000000.0,5.36,318000000.0,9000000.0,125000000.0,682000000.0,682000000.0,682000000.0,,-6000000.0,,-3000000.0,6000000.0,1758000000.0,579000000.0,6000000.0,758000000.0,1767000000.0,1000000000.0,1761000000.0,126800000.0,127000000.0,127000000.0
MasterCard Inc,MA,AR5L2ODV9HN37376R084,1141391,2012.0,Q1TTM,2011-04-01,2012-03-31,,15.95,15.95,0.3,206000000.0,15.95,886000000.0,9000000.0,837000000.0,2026000000.0,2026000000.0,2026000000.0,,-21000000.0,52000000.0,-7000000.0,21000000.0,6971000000.0,3051000000.0,21000000.0,4094000000.0,7032000000.0,2912000000.0,7011000000.0,126800000.0,127000000.0,127000000.0
MasterCard Inc,MA,AR5L2ODV9HN37376R084,1141391,2013.0,Q4,2013-10-01,2013-12-31,,0.51,0.51,0.06,71000000.0,0.51,288000000.0,-8000000.0,321000000.0,623000000.0,623000000.0,623000000.0,,-7000000.0,16000000.0,-10000000.0,7000000.0,2126000000.0,814000000.0,7000000.0,1206000000.0,2134000000.0,911000000.0,2127000000.0,1212500000.0,1211000000.0,1215000000.0
MasterCard Inc,MA,AR5L2ODV9HN37376R084,1141391,2013.0,FY,2013-01-01,2013-12-31,2015-02-13 10:23:56+00:00,2.57,2.57,0.29,258000000.0,2.56,1384000000.0,,841000000.0,3116000000.0,3116000000.0,3116000000.0,,-14000000.0,38000000.0,-27000000.0,14000000.0,8346000000.0,2744000000.0,14000000.0,3843000000.0,8384000000.0,4500000000.0,8370000000.0,1212500000.0,1211000000.0,1215000000.0
MasterCard Inc,MA,AR5L2ODV9HN37376R084,1141391,2013.0,Q3,2013-07-01,2013-09-30,2013-10-31 10:37:31+00:00,7.3,7.3,,64000000.0,7.27,375000000.0,,205000000.0,879000000.0,879000000.0,879000000.0,,3000000.0,11000000.0,-8000000.0,-3000000.0,2218000000.0,701000000.0,-3000000.0,970000000.0,2229000000.0,1254000000.0,2232000000.0,120400000.0,121000000.0,121000000.0
MasterCard Inc,MA,AR5L2ODV9HN37376R084,1141391,2013.0,Q3YTD,2013-01-01,2013-09-30,,20.6,20.6,1.5,187000000.0,20.6,1096000000.0,8000000.0,520000000.0,2493000000.0,2493000000.0,2493000000.0,,-7000000.0,22000000.0,-17000000.0,7000000.0,6220000000.0,1930000000.0,7000000.0,2637000000.0,6250000000.0,3589000000.0,6243000000.0,120400000.0,121000000.0,121000000.0
MasterCard Inc,MA,AR5L2ODV9HN37376R084,1141391,2013.0,Q3TTM,2012-10-01,2013-09-30,,25.6,25.6,1.82,249000000.0,25.6,1385000000.0,-1000000.0,815000000.0,3098000000.0,3098000000.0,3098000000.0,,-14000000.0,59000000.0,-43000000.0,14000000.0,8115000000.0,2569000000.0,14000000.0,3633000000.0,8173000000.0,4483000000.0,8159000000.0,120400000.0,121000000.0,121000000.0
MasterCard Inc,MA,AR5L2ODV9HN37376R084,1141391,2013.0,Q2,2013-04-01,2013-06-30,2013-07-31 10:49:51+00:00,6.98,6.98,,61000000.0,6.96,385000000.0,,186000000.0,848000000.0,848000000.0,848000000.0,,-5000000.0,11000000.0,-1000000.0,5000000.0,2096000000.0,621000000.0,5000000.0,868000000.0,2107000000.0,1233000000.0,2102000000.0,121500000.0,121000000.0,122000000.0
MasterCard Inc,MA,AR5L2ODV9HN37376R084,1141391,2013.0,Q2YTD,2013-01-01,2013-06-30,,13.34,13.34,0.91,123000000.0,13.34,721000000.0,8000000.0,315000000.0,1614000000.0,1614000000.0,1614000000.0,,-10000000.0,11000000.0,-9000000.0,10000000.0,4002000000.0,1229000000.0,10000000.0,1667000000.0,4021000000.0,2335000000.0,4011000000.0,121500000.0,121000000.0,122000000.0
MasterCard Inc,MA,AR5L2ODV9HN37376R084,1141391,2013.0,Q2TTM,2012-07-01,2013-06-30,,24.72,24.72,1.53,243000000.0,24.72,1304000000.0,-1000000.0,786000000.0,2991000000.0,2991000000.0,2991000000.0,,-21000000.0,48000000.0,-29000000.0,21000000.0,7815000000.0,2488000000.0,21000000.0,3517000000.0,7862000000.0,4295000000.0,7841000000.0,121500000.0,121000000.0,122000000.0
MasterCard Inc,MA,AR5L2ODV9HN37376R084,1141391,2013.0,Q1,2013-01-01,2013-03-31,2013-05-01 10:43:22+00:00,6.25,6.25,0.6,62000000.0,6.23,336000000.0,8000000.0,129000000.0,766000000.0,766000000.0,766000000.0,,-5000000.0,,-8000000.0,5000000.0,1906000000.0,608000000.0,5000000.0,799000000.0,1914000000.0,1102000000.0,1909000000.0,122600000.0,123000000.0,123000000.0
MasterCard Inc,MA,AR5L2ODV9HN37376R084,1141391,2013.0,Q1TTM,2012-04-01,2013-03-31,,23.11,23.11,1.53,238000000.0,23.11,1192000000.0,-1000000.0,779000000.0,2843000000.0,2843000000.0,2843000000.0,,-19000000.0,37000000.0,-26000000.0,19000000.0,7539000000.0,2478000000.0,19000000.0,3495000000.0,7575000000.0,4035000000.0,7556000000.0,122600000.0,123000000.0,123000000.0
MasterCard Inc,MA,AR5L2ODV9HN37376R084,1141391,2014.0,FY,2014-01-01,2014-12-31,2017-02-15 10:22:25+00:00,3.11,3.11,0.49,321000000.0,3.1,1462000000.0,,862000000.0,3617000000.0,3617000000.0,3617000000.0,,-48000000.0,28000000.0,-7000000.0,48000000.0,9441000000.0,3152000000.0,48000000.0,4335000000.0,9469000000.0,5079000000.0,9421000000.0,1163000000.0,1165000000.0,1169000000.0
MasterCard Inc,MA,AR5L2ODV9HN37376R084,1141391,2014.0,Q4,2014-10-01,2014-12-31,,0.69,0.69,0.11,84000000.0,0.69,206000000.0,,337000000.0,801000000.0,801000000.0,801000000.0,,-16000000.0,7000000.0,-2000000.0,16000000.0,2397000000.0,958000000.0,16000000.0,1379000000.0,2404000000.0,1007000000.0,2388000000.0,1163000000.0,1165000000.0,1169000000.0
MasterCard Inc,MA,AR5L2ODV9HN37376R084,1141391,2014.0,Q3YTD,2014-01-01,2014-09-30,,2.43,2.43,0.34,237000000.0,2.43,1256000000.0,,525000000.0,2816000000.0,2816000000.0,2816000000.0,,-32000000.0,21000000.0,-5000000.0,32000000.0,7044000000.0,2194000000.0,32000000.0,2956000000.0,7065000000.0,4072000000.0,7033000000.0,1153400000.0,1157000000.0,1160000000.0
MasterCard Inc,MA,AR5L2ODV9HN37376R084,1141391,2014.0,Q3TTM,2013-10-01,2014-09-30,,2.97,2.97,0.4,308000000.0,2.97,1544000000.0,-8000000.0,846000000.0,3439000000.0,3439000000.0,3439000000.0,,-39000000.0,37000000.0,-15000000.0,39000000.0,9170000000.0,3008000000.0,39000000.0,4162000000.0,9199000000.0,4983000000.0,9160000000.0,1153400000.0,1157000000.0,1160000000.0
MasterCard Inc,MA,AR5L2ODV9HN37376R084,1141391,2014.0,Q3,2014-07-01,2014-09-30,2015-10-29 10:29:56+00:00,0.88,0.88,,83000000.0,0.87,403000000.0,,203000000.0,1015000000.0,1015000000.0,1015000000.0,,-11000000.0,8000000.0,1000000.0,11000000.0,2490000000.0,784000000.0,11000000.0,1070000000.0,2498000000.0,1418000000.0,2487000000.0,1153400000.0,1157000000.0,1160000000.0
MasterCard Inc,MA,AR5L2ODV9HN37376R084,1141391,2014.0,Q2YTD,2014-01-01,2014-06-30,,1.55,1.55,0.22,154000000.0,1.55,853000000.0,,322000000.0,1801000000.0,1801000000.0,1801000000.0,,-21000000.0,13000000.0,-6000000.0,21000000.0,4554000000.0,1410000000.0,21000000.0,1886000000.0,4567000000.0,2654000000.0,4546000000.0,1163800000.0,1165000000.0,1169000000.0
MasterCard Inc,MA,AR5L2ODV9HN37376R084,1141391,2014.0,Q2TTM,2013-07-01,2014-06-30,,2.84,2.84,0.35,289000000.0,2.84,1516000000.0,-8000000.0,848000000.0,3303000000.0,3303000000.0,3303000000.0,,-25000000.0,40000000.0,-24000000.0,25000000.0,8898000000.0,2925000000.0,25000000.0,4062000000.0,8930000000.0,4819000000.0,8905000000.0,1163800000.0,1165000000.0,1169000000.0
MasterCard Inc,MA,AR5L2ODV9HN37376R084,1141391,2014.0,Q2,2014-04-01,2014-06-30,2014-07-31 10:38:28+00:00,0.8,0.8,,81000000.0,0.8,442000000.0,,173000000.0,931000000.0,931000000.0,931000000.0,,-15000000.0,6000000.0,-1000000.0,15000000.0,2377000000.0,740000000.0,15000000.0,994000000.0,2383000000.0,1373000000.0,2368000000.0,1163800000.0,1165000000.0,1169000000.0
MasterCard Inc,MA,AR5L2ODV9HN37376R084,1141391,2014.0,Q1,2014-01-01,2014-03-31,2014-05-01 10:57:09+00:00,0.73,0.73,0.11,73000000.0,0.73,411000000.0,,149000000.0,870000000.0,870000000.0,870000000.0,,-6000000.0,7000000.0,-5000000.0,6000000.0,2177000000.0,670000000.0,6000000.0,892000000.0,2184000000.0,1281000000.0,2178000000.0,1191800000.0,1185000000.0,1189000000.0
MasterCard Inc,MA,AR5L2ODV9HN37376R084,1141391,2014.0,Q1TTM,2013-04-01,2014-03-31,,2.72,2.72,0.29,269000000.0,2.72,1459000000.0,-8000000.0,861000000.0,3220000000.0,3220000000.0,3220000000.0,,-15000000.0,45000000.0,-24000000.0,15000000.0,8617000000.0,2806000000.0,15000000.0,3936000000.0,8654000000.0,4679000000.0,8639000000.0,1191800000.0,1185000000.0,1189000000.0
MasterCard Inc,MA,AR5L2ODV9HN37376R084,1141391,2015.0,FY,2015-01-01,2015-12-31,2018-02-14 12:37:09+00:00,3.36,3.36,0.67,366000000.0,3.35,1150000000.0,,821000000.0,3808000000.0,3808000000.0,3808000000.0,,-61000000.0,25000000.0,-84000000.0,61000000.0,9667000000.0,3402000000.0,61000000.0,4589000000.0,9692000000.0,4958000000.0,9631000000.0,1133300000.0,1134000000.0,1137000000.0
MasterCard Inc,MA,AR5L2ODV9HN37376R084,1141391,2015.0,Q4,2015-10-01,2015-12-31,,0.78,0.78,0.16,93000000.0,0.78,135000000.0,,319000000.0,890000000.0,890000000.0,890000000.0,,-12000000.0,5000000.0,-75000000.0,12000000.0,2517000000.0,998000000.0,12000000.0,1410000000.0,2522000000.0,1025000000.0,2510000000.0,1133300000.0,1134000000.0,1137000000.0
MasterCard Inc,MA,AR5L2ODV9HN37376R084,1141391,2015.0,Q3,2015-07-01,2015-09-30,2016-10-28 10:27:22+00:00,0.86,0.86,,94000000.0,0.86,375000000.0,,184000000.0,977000000.0,977000000.0,977000000.0,,-15000000.0,5000000.0,-7000000.0,15000000.0,2530000000.0,883000000.0,15000000.0,1161000000.0,2535000000.0,1352000000.0,2520000000.0,1136000000.0,1130000000.0,1133000000.0
MasterCard Inc,MA,AR5L2ODV9HN37376R084,1141391,2015.0,Q3YTD,2015-01-01,2015-09-30,,2.58,2.58,0.48,273000000.0,2.58,1015000000.0,,502000000.0,2918000000.0,2918000000.0,2918000000.0,,-49000000.0,20000000.0,-9000000.0,49000000.0,7150000000.0,2404000000.0,49000000.0,3179000000.0,7170000000.0,3933000000.0,7121000000.0,1136000000.0,1130000000.0,1133000000.0
MasterCard Inc,MA,AR5L2ODV9HN37376R084,1141391,2015.0,Q3TTM,2014-10-01,2015-09-30,,3.29,3.29,0.6,357000000.0,3.29,1221000000.0,,839000000.0,3719000000.0,3719000000.0,3719000000.0,,-65000000.0,27000000.0,-11000000.0,65000000.0,9547000000.0,3362000000.0,65000000.0,4558000000.0,9574000000.0,4940000000.0,9509000000.0,1136000000.0,1130000000.0,1133000000.0
MasterCard Inc,MA,AR5L2ODV9HN37376R084,1141391,2015.0,Q2,2015-04-01,2015-06-30,2016-07-28 10:32:59+00:00,0.81,0.81,,92000000.0,0.81,320000000.0,,176000000.0,921000000.0,921000000.0,921000000.0,,-17000000.0,6000000.0,1000000.0,17000000.0,2390000000.0,871000000.0,17000000.0,1139000000.0,2396000000.0,1241000000.0,2379000000.0,1137000000.0,1138000000.0,1141000000.0
MasterCard Inc,MA,AR5L2ODV9HN37376R084,1141391,2015.0,Q2YTD,2015-01-01,2015-06-30,,1.71,1.71,0.32,179000000.0,1.71,640000000.0,,318000000.0,1941000000.0,1941000000.0,1941000000.0,,-34000000.0,15000000.0,-2000000.0,34000000.0,4620000000.0,1521000000.0,34000000.0,2018000000.0,4635000000.0,2581000000.0,4601000000.0,1137000000.0,1138000000.0,1141000000.0
MasterCard Inc,MA,AR5L2ODV9HN37376R084,1141391,2015.0,Q2TTM,2014-07-01,2015-06-30,,3.3,3.3,0.55,346000000.0,3.3,1249000000.0,,858000000.0,3757000000.0,3757000000.0,3757000000.0,,-61000000.0,30000000.0,-3000000.0,61000000.0,9507000000.0,3263000000.0,61000000.0,4467000000.0,9537000000.0,5006000000.0,9476000000.0,1137000000.0,1138000000.0,1141000000.0
MasterCard Inc,MA,AR5L2ODV9HN37376R084,1141391,2015.0,Q1,2015-01-01,2015-03-31,2016-04-28 10:23:33+00:00,0.89,0.89,,87000000.0,0.89,320000000.0,,142000000.0,1020000000.0,1020000000.0,1020000000.0,,-17000000.0,9000000.0,-3000000.0,17000000.0,2230000000.0,650000000.0,17000000.0,879000000.0,2239000000.0,1340000000.0,2222000000.0,1146100000.0,1148000000.0,1152000000.0
MasterCard Inc,MA,AR5L2ODV9HN37376R084,1141391,2015.0,Q1TTM,2014-04-01,2015-03-31,,3.28,3.28,0.49,335000000.0,3.28,1371000000.0,,855000000.0,3767000000.0,3767000000.0,3767000000.0,,-59000000.0,30000000.0,-5000000.0,59000000.0,9494000000.0,3132000000.0,59000000.0,4322000000.0,9524000000.0,5138000000.0,9465000000.0,1146100000.0,1148000000.0,1152000000.0
MasterCard Inc,MA,AR5L2ODV9HN37376R084,1141391,2016.0,FY,2016-01-01,2016-12-31,2019-02-13 10:03:54+00:00,3.7,3.7,0.79,373000000.0,3.69,1587000000.0,,698000000.0,4059000000.0,4059000000.0,4059000000.0,,-95000000.0,43000000.0,-63000000.0,95000000.0,10776000000.0,3944000000.0,95000000.0,5015000000.0,10819000000.0,5646000000.0,10724000000.0,1097000000.0,1098000000.0,1101000000.0
MasterCard Inc,MA,AR5L2ODV9HN37376R084,1141391,2016.0,Q4,2016-10-01,2016-12-31,,0.87,0.87,,92000000.0,0.86,378000000.0,,195000000.0,933000000.0,933000000.0,933000000.0,,-30000000.0,11000000.0,-33000000.0,30000000.0,2756000000.0,1106000000.0,30000000.0,1393000000.0,2767000000.0,1311000000.0,2737000000.0,1097000000.0,1098000000.0,1101000000.0
MasterCard Inc,MA,AR5L2ODV9HN37376R084,1141391,2016.0,Q3,2016-07-01,2016-09-30,2017-10-31 10:23:17+00:00,1.08,1.08,,93000000.0,1.08,449000000.0,,184000000.0,1184000000.0,1184000000.0,1184000000.0,,-23000000.0,12000000.0,-26000000.0,23000000.0,2880000000.0,933000000.0,23000000.0,1210000000.0,2892000000.0,1633000000.0,2869000000.0,1096300000.0,1096000000.0,1099000000.0
MasterCard Inc,MA,AR5L2ODV9HN37376R084,1141391,2016.0,Q3YTD,2016-01-01,2016-09-30,,2.85,2.85,0.57,281000000.0,2.85,1209000000.0,,503000000.0,3126000000.0,3126000000.0,3126000000.0,,-65000000.0,32000000.0,-30000000.0,65000000.0,8020000000.0,2838000000.0,65000000.0,3622000000.0,8052000000.0,4335000000.0,7987000000.0,1096300000.0,1096000000.0,1099000000.0
MasterCard Inc,MA,AR5L2ODV9HN37376R084,1141391,2016.0,Q3TTM,2015-10-01,2016-09-30,,3.66,3.66,0.74,374000000.0,3.66,1344000000.0,,822000000.0,4016000000.0,4016000000.0,4016000000.0,,-77000000.0,37000000.0,-105000000.0,77000000.0,10537000000.0,3836000000.0,77000000.0,5032000000.0,10574000000.0,5360000000.0,10497000000.0,1096300000.0,1096000000.0,1099000000.0
MasterCard Inc,MA,AR5L2ODV9HN37376R084,1141391,2016.0,Q2,2016-04-01,2016-06-30,2017-07-27 10:23:14+00:00,0.89,0.89,,93000000.0,0.89,382000000.0,,184000000.0,983000000.0,983000000.0,983000000.0,,-22000000.0,10000000.0,-3000000.0,22000000.0,2694000000.0,1037000000.0,22000000.0,1314000000.0,2704000000.0,1365000000.0,2682000000.0,1104500000.0,1098000000.0,1101000000.0
MasterCard Inc,MA,AR5L2ODV9HN37376R084,1141391,2016.0,Q2YTD,2016-01-01,2016-06-30,,1.77,1.77,0.38,188000000.0,1.77,760000000.0,,319000000.0,1942000000.0,1942000000.0,1942000000.0,,-42000000.0,20000000.0,-4000000.0,42000000.0,5140000000.0,1905000000.0,42000000.0,2412000000.0,5160000000.0,2702000000.0,5118000000.0,1104500000.0,1098000000.0,1101000000.0
MasterCard Inc,MA,AR5L2ODV9HN37376R084,1141391,2016.0,Q2TTM,2015-07-01,2016-06-30,,3.47,3.47,0.71,375000000.0,3.47,1270000000.0,,822000000.0,3809000000.0,3809000000.0,3809000000.0,,-69000000.0,30000000.0,-86000000.0,69000000.0,10187000000.0,3786000000.0,69000000.0,4983000000.0,10217000000.0,5079000000.0,10148000000.0,1104500000.0,1098000000.0,1101000000.0
MasterCard Inc,MA,AR5L2ODV9HN37376R084,1141391,2016.0,Q1,2016-01-01,2016-03-31,2017-05-02 10:22:18+00:00,0.86,0.86,,95000000.0,0.86,378000000.0,,135000000.0,959000000.0,959000000.0,959000000.0,,-20000000.0,10000000.0,-1000000.0,20000000.0,2446000000.0,868000000.0,20000000.0,1098000000.0,2456000000.0,1337000000.0,2436000000.0,1115100000.0,1109000000.0,1112000000.0
MasterCard Inc,MA,AR5L2ODV9HN37376R084,1141391,2016.0,Q1TTM,2015-04-01,2016-03-31,,3.38,3.38,0.68,374000000.0,3.38,1208000000.0,,814000000.0,3747000000.0,3747000000.0,3747000000.0,,-64000000.0,26000000.0,-82000000.0,64000000.0,9883000000.0,3620000000.0,64000000.0,4808000000.0,9909000000.0,4955000000.0,9845000000.0,1115100000.0,1109000000.0,1112000000.0
MasterCard Inc,MA,AR5L2ODV9HN37376R084,1141391,2017.0,FY,2017-01-01,2017-12-31,2020-02-14 09:29:40+00:00,3.67,3.67,0.91,436000000.0,3.65,2607000000.0,,771000000.0,3915000000.0,3915000000.0,3915000000.0,,-154000000.0,56000000.0,-2000000.0,154000000.0,12497000000.0,4668000000.0,154000000.0,5875000000.0,12553000000.0,6522000000.0,12399000000.0,1066800000.0,1067000000.0,1072000000.0
MasterCard Inc,MA,AR5L2ODV9HN37376R084,1141391,2017.0,Q4,2017-10-01,2017-12-31,,0.23,0.23,,115000000.0,0.21,1257000000.0,,184000000.0,227000000.0,227000000.0,227000000.0,,-41000000.0,12000000.0,-9000000.0,41000000.0,3312000000.0,1491000000.0,41000000.0,1790000000.0,3324000000.0,1484000000.0,3283000000.0,1066800000.0,1067000000.0,1072000000.0
MasterCard Inc,MA,AR5L2ODV9HN37376R084,1141391,2017.0,Q3,2017-07-01,2017-09-30,2018-10-30 10:20:31+00:00,1.34,1.34,,118000000.0,1.34,502000000.0,,203000000.0,1430000000.0,1430000000.0,1430000000.0,,-35000000.0,15000000.0,11000000.0,35000000.0,3398000000.0,1136000000.0,35000000.0,1457000000.0,3413000000.0,1932000000.0,3378000000.0,1067200000.0,1063000000.0,1068000000.0
MasterCard Inc,MA,AR5L2ODV9HN37376R084,1141391,2017.0,Q3YTD,2017-01-01,2017-09-30,,3.44,3.44,,321000000.0,3.44,1350000000.0,,587000000.0,3688000000.0,3688000000.0,3688000000.0,,-113000000.0,44000000.0,7000000.0,113000000.0,9185000000.0,3177000000.0,113000000.0,4085000000.0,9229000000.0,5038000000.0,9116000000.0,1067200000.0,1063000000.0,1068000000.0
MasterCard Inc,MA,AR5L2ODV9HN37376R084,1141391,2017.0,Q3TTM,2016-10-01,2017-09-30,,4.31,4.31,,413000000.0,4.3,1728000000.0,,782000000.0,4621000000.0,4621000000.0,4621000000.0,,-143000000.0,55000000.0,-26000000.0,143000000.0,11941000000.0,4283000000.0,143000000.0,5478000000.0,11996000000.0,6349000000.0,11853000000.0,1067200000.0,1063000000.0,1068000000.0
MasterCard Inc,MA,AR5L2ODV9HN37376R084,1141391,2017.0,Q2,2017-04-01,2017-06-30,2018-07-26 10:13:22+00:00,1.1,1.1,,111000000.0,1.1,451000000.0,,214000000.0,1177000000.0,1177000000.0,1177000000.0,,-39000000.0,14000000.0,0.0,39000000.0,3053000000.0,1075000000.0,39000000.0,1400000000.0,3067000000.0,1628000000.0,3028000000.0,1070000000.0,1070000000.0,1075000000.0
MasterCard Inc,MA,AR5L2ODV9HN37376R084,1141391,2017.0,Q2YTD,2017-01-01,2017-06-30,,2.1,2.1,,203000000.0,2.1,848000000.0,,384000000.0,2258000000.0,2258000000.0,2258000000.0,,-78000000.0,29000000.0,-4000000.0,78000000.0,5787000000.0,2041000000.0,78000000.0,2628000000.0,5816000000.0,3106000000.0,5738000000.0,1070000000.0,1070000000.0,1075000000.0
MasterCard Inc,MA,AR5L2ODV9HN37376R084,1141391,2017.0,Q2TTM,2016-07-01,2017-06-30,,4.05,4.05,,388000000.0,4.04,1675000000.0,,763000000.0,4375000000.0,4375000000.0,4375000000.0,,-131000000.0,52000000.0,-63000000.0,131000000.0,11423000000.0,4080000000.0,131000000.0,5231000000.0,11475000000.0,6050000000.0,11344000000.0,1070000000.0,1070000000.0,1075000000.0
MasterCard Inc,MA,AR5L2ODV9HN37376R084,1141391,2017.0,Q1,2017-01-01,2017-03-31,2018-05-02 10:38:44+00:00,1.0,1.0,,92000000.0,1.0,397000000.0,,170000000.0,1081000000.0,1081000000.0,1081000000.0,,-39000000.0,15000000.0,-4000000.0,39000000.0,2734000000.0,966000000.0,39000000.0,1228000000.0,2749000000.0,1478000000.0,2710000000.0,1081000000.0,1078000000.0,1082000000.0
MasterCard Inc,MA,AR5L2ODV9HN37376R084,1141391,2017.0,Q1TTM,2016-04-01,2017-03-31,,3.84,3.84,,370000000.0,3.83,1606000000.0,,733000000.0,4181000000.0,4181000000.0,4181000000.0,,-114000000.0,48000000.0,-66000000.0,114000000.0,11064000000.0,4042000000.0,114000000.0,5145000000.0,11112000000.0,5787000000.0,10998000000.0,1081000000.0,1078000000.0,1082000000.0
MasterCard Inc,MA,AR5L2ODV9HN37376R084,1141391,2018.0,FY,2018-01-01,2018-12-31,2020-02-14 09:29:40+00:00,5.63,5.63,1.08,459000000.0,5.6,1345000000.0,,907000000.0,5859000000.0,5859000000.0,5859000000.0,,-186000000.0,122000000.0,-14000000.0,186000000.0,14950000000.0,6302000000.0,186000000.0,7668000000.0,15072000000.0,7204000000.0,14886000000.0,1040700000.0,1041000000.0,1047000000.0
MasterCard Inc,MA,AR5L2ODV9HN37376R084,1141391,2018.0,Q4,2018-10-01,2018-12-31,,0.88,0.88,-0.25,113000000.0,0.87,316000000.0,,245000000.0,899000000.0,899000000.0,899000000.0,,-47000000.0,43000000.0,-15000000.0,47000000.0,3807000000.0,2215000000.0,47000000.0,2573000000.0,3850000000.0,1215000000.0,3803000000.0,1040700000.0,1041000000.0,1047000000.0
MasterCard Inc,MA,AR5L2ODV9HN37376R084,1141391,2018.0,Q3,2018-07-01,2018-09-30,2019-10-29 10:17:11+00:00,1.83,1.83,0.25,111000000.0,1.82,365000000.0,,203000000.0,1899000000.0,1899000000.0,1899000000.0,,-48000000.0,31000000.0,-6000000.0,48000000.0,3898000000.0,1297000000.0,48000000.0,1611000000.0,3929000000.0,2264000000.0,3881000000.0,1037700000.0,1037000000.0,1043000000.0
MasterCard Inc,MA,AR5L2ODV9HN37376R084,1141391,2018.0,Q3YTD,2018-01-01,2018-09-30,,4.75,4.75,0.25,346000000.0,4.73,1029000000.0,,662000000.0,4960000000.0,4960000000.0,4960000000.0,,-139000000.0,79000000.0,1000000.0,139000000.0,11143000000.0,4087000000.0,139000000.0,5095000000.0,11222000000.0,5989000000.0,11083000000.0,1037700000.0,1037000000.0,1043000000.0
MasterCard Inc,MA,AR5L2ODV9HN37376R084,1141391,2018.0,Q3TTM,2017-10-01,2018-09-30,,4.98,4.98,0.25,461000000.0,4.94,2286000000.0,,846000000.0,5187000000.0,5187000000.0,5187000000.0,,-180000000.0,91000000.0,-8000000.0,180000000.0,14455000000.0,5578000000.0,180000000.0,6885000000.0,14546000000.0,7473000000.0,14366000000.0,1037700000.0,1037000000.0,1043000000.0
MasterCard Inc,MA,AR5L2ODV9HN37376R084,1141391,2018.0,Q2,2018-04-01,2018-06-30,2018-07-26 10:13:22+00:00,1.5,1.5,,115000000.0,1.5,353000000.0,,235000000.0,1569000000.0,1569000000.0,1569000000.0,,-48000000.0,31000000.0,3000000.0,48000000.0,3665000000.0,1379000000.0,48000000.0,1729000000.0,3696000000.0,1922000000.0,3648000000.0,1046000000.0,1043000000.0,1049000000.0
MasterCard Inc,MA,AR5L2ODV9HN37376R084,1141391,2018.0,Q2YTD,2018-01-01,2018-06-30,,2.92,2.92,,235000000.0,2.91,664000000.0,,459000000.0,3061000000.0,3061000000.0,3061000000.0,,-91000000.0,48000000.0,7000000.0,91000000.0,7245000000.0,2790000000.0,91000000.0,3484000000.0,7293000000.0,3725000000.0,7202000000.0,1046000000.0,1043000000.0,1049000000.0
MasterCard Inc,MA,AR5L2ODV9HN37376R084,1141391,2018.0,Q2TTM,2017-07-01,2018-06-30,,4.49,4.49,,468000000.0,4.46,2423000000.0,,846000000.0,4718000000.0,4718000000.0,4718000000.0,,-167000000.0,75000000.0,9000000.0,167000000.0,13955000000.0,5417000000.0,167000000.0,6731000000.0,14030000000.0,7141000000.0,13863000000.0,1046000000.0,1043000000.0,1049000000.0
MasterCard Inc,MA,AR5L2ODV9HN37376R084,1141391,2018.0,Q1,2018-01-01,2018-03-31,2018-05-02 10:38:44+00:00,1.42,1.42,,120000000.0,1.41,311000000.0,,224000000.0,1492000000.0,1492000000.0,1492000000.0,,-43000000.0,17000000.0,4000000.0,43000000.0,3580000000.0,1411000000.0,43000000.0,1755000000.0,3597000000.0,1803000000.0,3554000000.0,1050700000.0,1051000000.0,1057000000.0
MasterCard Inc,MA,AR5L2ODV9HN37376R084,1141391,2018.0,Q1TTM,2017-04-01,2018-03-31,,4.09,4.09,,464000000.0,4.06,2521000000.0,,825000000.0,4326000000.0,4326000000.0,4326000000.0,,-158000000.0,58000000.0,6000000.0,158000000.0,13343000000.0,5113000000.0,158000000.0,6402000000.0,13401000000.0,6847000000.0,13243000000.0,1050700000.0,1051000000.0,1057000000.0
MasterCard Inc,MA,AR5L2ODV9HN37376R084,1141391,2019.0,Q4,2019-10-01,2019-12-31,,2.08,2.08,-0.99,146000000.0,2.07,375000000.0,,290000000.0,2100000000.0,2100000000.0,2100000000.0,,-64000000.0,20000000.0,120000000.0,64000000.0,4414000000.0,1579000000.0,64000000.0,2015000000.0,4434000000.0,2475000000.0,4370000000.0,1017300000.0,1017000000.0,1022000000.0
MasterCard Inc,MA,AR5L2ODV9HN37376R084,1141391,2019.0,FY,2019-01-01,2019-12-31,2020-02-14 09:29:40+00:00,7.98,7.98,1.39,522000000.0,7.94,1613000000.0,,934000000.0,8118000000.0,8118000000.0,8118000000.0,,-224000000.0,97000000.0,194000000.0,224000000.0,16883000000.0,5763000000.0,224000000.0,7219000000.0,16980000000.0,9731000000.0,16756000000.0,1017300000.0,1017000000.0,1022000000.0
MasterCard Inc,MA,AR5L2ODV9HN37376R084,1141391,2019.0,Q3YTD,2019-01-01,2019-09-30,,5.9,5.9,0.99,376000000.0,5.87,1238000000.0,,644000000.0,6018000000.0,6018000000.0,6018000000.0,,-160000000.0,77000000.0,74000000.0,160000000.0,12469000000.0,4184000000.0,160000000.0,5204000000.0,12546000000.0,7256000000.0,12386000000.0,1013500000.0,1013000000.0,1019000000.0
MasterCard Inc,MA,AR5L2ODV9HN37376R084,1141391,2019.0,Q3TTM,2018-10-01,2019-09-30,,6.78,6.78,0.74,489000000.0,6.74,1554000000.0,,889000000.0,6917000000.0,6917000000.0,6917000000.0,,-207000000.0,120000000.0,59000000.0,207000000.0,16276000000.0,6399000000.0,207000000.0,7777000000.0,16396000000.0,8471000000.0,16189000000.0,1013500000.0,1013000000.0,1019000000.0
MasterCard Inc,MA,AR5L2ODV9HN37376R084,1141391,2019.0,Q3,2019-07-01,2019-09-30,2019-10-29 10:17:11+00:00,2.08,2.08,0.33,137000000.0,2.07,426000000.0,,227000000.0,2108000000.0,2108000000.0,2108000000.0,,-63000000.0,26000000.0,-84000000.0,63000000.0,4467000000.0,1448000000.0,63000000.0,1812000000.0,4493000000.0,2534000000.0,4430000000.0,1013500000.0,1013000000.0,1019000000.0
MasterCard Inc,MA,AR5L2ODV9HN37376R084,1141391,2019.0,Q2YTD,2019-01-01,2019-06-30,,3.82,3.82,0.66,239000000.0,3.8,812000000.0,,417000000.0,3910000000.0,3910000000.0,3910000000.0,,-97000000.0,51000000.0,158000000.0,97000000.0,8002000000.0,2736000000.0,97000000.0,3392000000.0,8053000000.0,4722000000.0,7956000000.0,1018900000.0,1020000000.0,1025000000.0
MasterCard Inc,MA,AR5L2ODV9HN37376R084,1141391,2019.0,Q2TTM,2018-07-01,2019-06-30,,6.53,6.53,0.66,463000000.0,6.49,1493000000.0,,865000000.0,6708000000.0,6708000000.0,6708000000.0,,-192000000.0,125000000.0,137000000.0,192000000.0,15707000000.0,6248000000.0,192000000.0,7576000000.0,15832000000.0,8201000000.0,15640000000.0,1018900000.0,1020000000.0,1025000000.0
MasterCard Inc,MA,AR5L2ODV9HN37376R084,1141391,2019.0,Q2,2019-04-01,2019-06-30,2019-07-30 10:26:01+00:00,2.01,2.01,0.33,122000000.0,2.0,471000000.0,,225000000.0,2048000000.0,2048000000.0,2048000000.0,,-51000000.0,24000000.0,149000000.0,51000000.0,4113000000.0,1369000000.0,51000000.0,1716000000.0,4137000000.0,2519000000.0,4086000000.0,1018900000.0,1020000000.0,1025000000.0
MasterCard Inc,MA,AR5L2ODV9HN37376R084,1141391,2019.0,Q1,2019-01-01,2019-03-31,2020-04-29 11:13:34+00:00,1.81,1.81,0.33,117000000.0,1.8,341000000.0,,192000000.0,1862000000.0,1862000000.0,1862000000.0,,-46000000.0,27000000.0,9000000.0,46000000.0,3889000000.0,1367000000.0,46000000.0,1676000000.0,3916000000.0,2203000000.0,3870000000.0,1028700000.0,1026000000.0,1032000000.0
MasterCard Inc,MA,AR5L2ODV9HN37376R084,1141391,2019.0,Q1TTM,2018-04-01,2019-03-31,,6.02,6.02,0.33,456000000.0,5.99,1375000000.0,,875000000.0,6229000000.0,6229000000.0,6229000000.0,,-189000000.0,132000000.0,-9000000.0,189000000.0,15259000000.0,6258000000.0,189000000.0,7589000000.0,15391000000.0,7604000000.0,15202000000.0,1028700000.0,1026000000.0,1032000000.0
MasterCard Inc,MA,AR5L2ODV9HN37376R084,1141391,2020.0,Q1TTM,2019-04-01,2020-03-31,,7.85,7.85,0.07,549000000.0,7.82,1566000000.0,,896000000.0,7949000000.0,7949000000.0,7949000000.0,,-247000000.0,86000000.0,14000000.0,247000000.0,17003000000.0,5896000000.0,247000000.0,7341000000.0,17089000000.0,9515000000.0,16842000000.0,1007700000.0,1005000000.0,1010000000.0
MasterCard Inc,MA,AR5L2ODV9HN37376R084,1141391,2020.0,Q1,2020-01-01,2020-03-31,2020-04-29 11:13:34+00:00,1.68,1.68,0.4,144000000.0,1.68,294000000.0,,154000000.0,1693000000.0,1693000000.0,1693000000.0,,-69000000.0,16000000.0,-171000000.0,69000000.0,4009000000.0,1500000000.0,69000000.0,1798000000.0,4025000000.0,1987000000.0,3956000000.0,1007700000.0,1005000000.0,1010000000.0
