company_name,company_ticker,company_lei,company_cik,year,quarter,start_date,end_date,filing_date,amortizationexpense,basicdilutedeps,basiceps,cashdividendspershare,depositsinterestexpense,dilutedeps,incometaxexpense,investmentbankingincome,longtermdebtinterestexpense,netincome,netincomecontinuing,netincomediscontinued,netincometocommon,netincometononcontrollinginterest,netinterestincome,netrealizedcapitalgains,othernoninterestincome,otheroperatingexpenses,otherservicechargeincome,policyacquisitioncosts,premiumsearned,propertyliabilityinsuranceclaims,servicechargesondepositsincome,totalinterestexpense,totalnoninterestexpense,totalnoninterestincome,totalpretaxincome,totalrevenue,weightedavebasicdilutedsharesos,weightedavebasicsharesos,weightedavedilutedsharesos
Ameriprise Financial Inc,AMP,6ZLKQF7QB6JAEKQS5388,820027,2008.0,FY,2008-01-01,2008-12-31,2011-02-28 16:15:58+00:00,,-0.16,-0.16,0.64,,-0.16,-333000000.0,2899000000.0,,-90000000.0,-90000000.0,,-36000000.0,-54000000.0,,817000000.0,,4493000000.0,2333000000.0,933000000.0,1048000000.0,1915000000.0,-179000000.0,,7341000000.0,6918000000.0,-423000000.0,6918000000.0,225000000.0,222300000.0,224900000.0
Ameriprise Financial Inc,AMP,6ZLKQF7QB6JAEKQS5388,820027,2008.0,Q3,2008-07-01,2008-09-30,2009-11-02 17:52:01+00:00,,-0.32,-0.32,0.17,,-0.32,-92000000.0,721000000.0,,-84000000.0,-84000000.0,,-70000000.0,-14000000.0,,62000000.0,,1169000000.0,625000000.0,240000000.0,264000000.0,396000000.0,-43000000.0,,1805000000.0,1629000000.0,-176000000.0,1629000000.0,218800000.0,219100000.0,221700000.0
Ameriprise Financial Inc,AMP,6ZLKQF7QB6JAEKQS5388,820027,2008.0,Q2,2008-04-01,2008-06-30,2009-08-04 17:40:52+00:00,,0.94,0.94,0.15,,0.93,27000000.0,780000000.0,,205000000.0,205000000.0,,210000000.0,-5000000.0,,393000000.0,,1106000000.0,580000000.0,144000000.0,257000000.0,486000000.0,-42000000.0,,1736000000.0,1968000000.0,232000000.0,1968000000.0,223400000.0,223200000.0,226000000.0
Ameriprise Financial Inc,AMP,6ZLKQF7QB6JAEKQS5388,820027,2009.0,Q4,2009-10-01,2009-12-31,,,0.99,0.99,0.17,,0.96,58000000.0,709000000.0,,274000000.0,273000000.0,1000000.0,237000000.0,37000000.0,,531000000.0,,840000000.0,362000000.0,120000000.0,287000000.0,570000000.0,-28000000.0,,1530000000.0,1861000000.0,331000000.0,1861000000.0,242300000.0,242300000.0,244700000.0
Ameriprise Financial Inc,AMP,6ZLKQF7QB6JAEKQS5388,820027,2009.0,FY,2009-01-01,2009-12-31,2012-02-24 16:30:54+00:00,,2.98,2.98,0.68,,2.95,184000000.0,2558000000.0,,737000000.0,736000000.0,1000000.0,722000000.0,15000000.0,,1998000000.0,,4023000000.0,1884000000.0,217000000.0,1098000000.0,2237000000.0,-141000000.0,,6477000000.0,7397000000.0,920000000.0,7397000000.0,242300000.0,242300000.0,244700000.0
Ameriprise Financial Inc,AMP,6ZLKQF7QB6JAEKQS5388,820027,2009.0,Q3,2009-07-01,2009-09-30,2010-11-05 10:46:07+00:00,,1.0,1.0,0.17,,1.0,80000000.0,689000000.0,,260000000.0,260000000.0,,260000000.0,0.0,,538000000.0,,1132000000.0,476000000.0,-64000000.0,276000000.0,538000000.0,-33000000.0,,1606000000.0,1946000000.0,340000000.0,1946000000.0,260000000.0,258700000.0,260700000.0
Ameriprise Financial Inc,AMP,6ZLKQF7QB6JAEKQS5388,820027,2009.0,Q3YTD,2009-01-01,2009-09-30,,,1.99,1.99,0.51,,1.99,126000000.0,1849000000.0,,463000000.0,463000000.0,,485000000.0,-22000000.0,,1467000000.0,,3183000000.0,1522000000.0,97000000.0,811000000.0,1667000000.0,-113000000.0,,4947000000.0,5536000000.0,589000000.0,5536000000.0,260000000.0,258700000.0,260700000.0
Ameriprise Financial Inc,AMP,6ZLKQF7QB6JAEKQS5388,820027,2009.0,Q2,2009-04-01,2009-06-30,2010-08-04 16:19:30+00:00,,0.41,0.41,0.17,,0.41,28000000.0,606000000.0,,87000000.0,87000000.0,,95000000.0,-8000000.0,,511000000.0,,1060000000.0,526000000.0,-125000000.0,269000000.0,824000000.0,-38000000.0,,1759000000.0,1874000000.0,115000000.0,1874000000.0,231700000.0,228800000.0,230000000.0
Ameriprise Financial Inc,AMP,6ZLKQF7QB6JAEKQS5388,820027,2009.0,Q2YTD,2009-01-01,2009-06-30,,,0.99,0.99,0.34,,0.99,46000000.0,1160000000.0,,203000000.0,203000000.0,,225000000.0,-22000000.0,,929000000.0,,2051000000.0,1046000000.0,161000000.0,535000000.0,1129000000.0,-80000000.0,,3341000000.0,3590000000.0,249000000.0,3590000000.0,231700000.0,228800000.0,230000000.0
Ameriprise Financial Inc,AMP,6ZLKQF7QB6JAEKQS5388,820027,2009.0,Q1,2009-01-01,2009-03-31,2010-05-04 17:21:42+00:00,,0.58,0.58,0.17,,0.58,18000000.0,554000000.0,,116000000.0,116000000.0,,130000000.0,-14000000.0,,418000000.0,,991000000.0,520000000.0,286000000.0,266000000.0,305000000.0,-42000000.0,,1582000000.0,1716000000.0,134000000.0,1716000000.0,224100000.0,222300000.0,223500000.0
Ameriprise Financial Inc,AMP,6ZLKQF7QB6JAEKQS5388,820027,2010.0,Q4,2010-10-01,2010-12-31,,,0.68,0.68,0.18,,0.66,30000000.0,1104000000.0,,146000000.0,170000000.0,-24000000.0,172000000.0,-26000000.0,,539000000.0,,1488000000.0,521000000.0,71000000.0,295000000.0,686000000.0,-14000000.0,,2245000000.0,2445000000.0,200000000.0,2445000000.0,257600000.0,257600000.0,262300000.0
Ameriprise Financial Inc,AMP,6ZLKQF7QB6JAEKQS5388,820027,2010.0,FY,2010-01-01,2010-12-31,2013-02-26 17:35:15+00:00,,3.84,3.84,0.71,,3.77,293000000.0,3784000000.0,,1152000000.0,1176000000.0,-24000000.0,989000000.0,163000000.0,,2309000000.0,,5270000000.0,2310000000.0,114000000.0,1179000000.0,2659000000.0,-70000000.0,,8043000000.0,9512000000.0,1469000000.0,9512000000.0,257600000.0,257600000.0,262300000.0
Ameriprise Financial Inc,AMP,6ZLKQF7QB6JAEKQS5388,820027,2010.0,Q3,2010-07-01,2010-09-30,2011-11-07 14:20:41+00:00,,1.35,1.35,0.18,,1.32,132000000.0,996000000.0,,312000000.0,314000000.0,-2000000.0,344000000.0,-32000000.0,,525000000.0,,1271000000.0,525000000.0,-246000000.0,303000000.0,863000000.0,-15000000.0,,1888000000.0,2334000000.0,446000000.0,2334000000.0,254800000.0,254800000.0,260600000.0
Ameriprise Financial Inc,AMP,6ZLKQF7QB6JAEKQS5388,820027,2010.0,Q3YTD,2010-01-01,2010-09-30,,,3.16,3.16,0.53,,3.11,263000000.0,2680000000.0,,1006000000.0,1006000000.0,,817000000.0,189000000.0,,1770000000.0,,3782000000.0,1789000000.0,43000000.0,884000000.0,1973000000.0,-56000000.0,,5798000000.0,7067000000.0,1269000000.0,7067000000.0,254800000.0,254800000.0,260600000.0
Ameriprise Financial Inc,AMP,6ZLKQF7QB6JAEKQS5388,820027,2010.0,Q3TTM,2009-10-01,2010-09-30,,,4.15,4.15,0.7,,4.07,321000000.0,3389000000.0,,1280000000.0,1279000000.0,1000000.0,1054000000.0,226000000.0,,2301000000.0,,4622000000.0,2151000000.0,163000000.0,1171000000.0,2543000000.0,-84000000.0,,7328000000.0,8928000000.0,1600000000.0,8928000000.0,254800000.0,254800000.0,260600000.0
Ameriprise Financial Inc,AMP,6ZLKQF7QB6JAEKQS5388,820027,2010.0,Q2,2010-04-01,2010-06-30,2011-08-09 17:07:49+00:00,,0.99,0.99,0.18,,0.98,66000000.0,910000000.0,,398000000.0,396000000.0,2000000.0,259000000.0,139000000.0,,655000000.0,,1301000000.0,618000000.0,171000000.0,299000000.0,528000000.0,-20000000.0,,2000000000.0,2462000000.0,462000000.0,2462000000.0,261600000.0,261100000.0,265300000.0
Ameriprise Financial Inc,AMP,6ZLKQF7QB6JAEKQS5388,820027,2010.0,Q2YTD,2010-01-01,2010-06-30,,,1.81,1.81,0.35,,1.79,131000000.0,1684000000.0,,694000000.0,692000000.0,2000000.0,473000000.0,221000000.0,,1245000000.0,,2511000000.0,1264000000.0,289000000.0,581000000.0,1110000000.0,-41000000.0,,3910000000.0,4733000000.0,823000000.0,4733000000.0,261600000.0,261100000.0,265300000.0
Ameriprise Financial Inc,AMP,6ZLKQF7QB6JAEKQS5388,820027,2010.0,Q2TTM,2009-07-01,2010-06-30,,,3.8,3.8,0.69,,3.75,269000000.0,3082000000.0,,1228000000.0,1225000000.0,3000000.0,970000000.0,258000000.0,,2314000000.0,,4483000000.0,2102000000.0,345000000.0,1144000000.0,2218000000.0,-102000000.0,,7046000000.0,8540000000.0,1494000000.0,8540000000.0,261600000.0,261100000.0,265300000.0
Ameriprise Financial Inc,AMP,6ZLKQF7QB6JAEKQS5388,820027,2010.0,Q1,2010-01-01,2010-03-31,2011-05-02 17:06:27+00:00,,0.82,0.82,0.17,,0.81,65000000.0,774000000.0,,296000000.0,296000000.0,,214000000.0,82000000.0,,590000000.0,,1210000000.0,646000000.0,118000000.0,282000000.0,582000000.0,-21000000.0,,1910000000.0,2271000000.0,361000000.0,2271000000.0,261000000.0,260800000.0,265000000.0
Ameriprise Financial Inc,AMP,6ZLKQF7QB6JAEKQS5388,820027,2010.0,Q1TTM,2009-04-01,2010-03-31,,,3.22,3.22,0.68,,3.18,231000000.0,2778000000.0,,917000000.0,916000000.0,1000000.0,806000000.0,111000000.0,,2170000000.0,,4242000000.0,2010000000.0,49000000.0,1114000000.0,2514000000.0,-120000000.0,,6805000000.0,7952000000.0,1147000000.0,7952000000.0,261000000.0,260800000.0,265000000.0
Ameriprise Financial Inc,AMP,6ZLKQF7QB6JAEKQS5388,820027,2011.0,Q4,2011-10-01,2011-12-31,,,1.02,1.02,0.51,,1.0,58000000.0,1101000000.0,,281000000.0,268000000.0,13000000.0,236000000.0,45000000.0,,588000000.0,,1443000000.0,599000000.0,31000000.0,305000000.0,782000000.0,-11000000.0,,2256000000.0,2582000000.0,326000000.0,2582000000.0,241600000.0,241600000.0,246400000.0
Ameriprise Financial Inc,AMP,6ZLKQF7QB6JAEKQS5388,820027,2011.0,FY,2011-01-01,2011-12-31,2014-02-27 12:19:15+00:00,,4.62,4.62,1.15,,4.53,377000000.0,4537000000.0,,1010000000.0,1070000000.0,-60000000.0,1116000000.0,-106000000.0,,2046000000.0,,5886000000.0,2436000000.0,397000000.0,1220000000.0,2462000000.0,-47000000.0,,8745000000.0,10192000000.0,1447000000.0,10192000000.0,241600000.0,241600000.0,246400000.0
Ameriprise Financial Inc,AMP,6ZLKQF7QB6JAEKQS5388,820027,2011.0,Q3,2011-07-01,2011-09-30,2012-11-05 15:37:20+00:00,,1.36,1.36,0.23,,1.34,109000000.0,1127000000.0,,219000000.0,217000000.0,2000000.0,324000000.0,-105000000.0,,445000000.0,,1455000000.0,584000000.0,202000000.0,311000000.0,472000000.0,-12000000.0,,2129000000.0,2455000000.0,326000000.0,2455000000.0,238200000.0,238200000.0,241800000.0
Ameriprise Financial Inc,AMP,6ZLKQF7QB6JAEKQS5388,820027,2011.0,Q3YTD,2011-01-01,2011-09-30,,,3.6,3.6,0.64,,3.53,319000000.0,3436000000.0,,729000000.0,802000000.0,-73000000.0,880000000.0,-151000000.0,,1458000000.0,,4443000000.0,1837000000.0,366000000.0,915000000.0,1680000000.0,-36000000.0,,6489000000.0,7610000000.0,1121000000.0,7610000000.0,238200000.0,238200000.0,241800000.0
Ameriprise Financial Inc,AMP,6ZLKQF7QB6JAEKQS5388,820027,2011.0,Q3TTM,2010-10-01,2011-09-30,,,4.28,4.28,0.82,,4.19,349000000.0,4540000000.0,,875000000.0,972000000.0,-97000000.0,1052000000.0,-177000000.0,,1997000000.0,,5931000000.0,2358000000.0,437000000.0,1210000000.0,2366000000.0,-50000000.0,,8734000000.0,10055000000.0,1321000000.0,10055000000.0,238200000.0,238200000.0,241800000.0
Ameriprise Financial Inc,AMP,6ZLKQF7QB6JAEKQS5388,820027,2011.0,Q2,2011-04-01,2011-06-30,2012-08-08 17:06:58+00:00,,1.28,1.28,0.23,,1.25,118000000.0,1172000000.0,,287000000.0,291000000.0,-4000000.0,315000000.0,-28000000.0,,498000000.0,,1508000000.0,652000000.0,89000000.0,312000000.0,617000000.0,-11000000.0,,2214000000.0,2623000000.0,409000000.0,2623000000.0,246100000.0,246100000.0,252000000.0
Ameriprise Financial Inc,AMP,6ZLKQF7QB6JAEKQS5388,820027,2011.0,Q2YTD,2011-01-01,2011-06-30,,,2.24,2.24,0.41,,2.19,210000000.0,2309000000.0,,510000000.0,585000000.0,-75000000.0,556000000.0,-46000000.0,,1013000000.0,,2988000000.0,1253000000.0,164000000.0,604000000.0,1208000000.0,-24000000.0,,4360000000.0,5155000000.0,795000000.0,5155000000.0,246100000.0,246100000.0,252000000.0
Ameriprise Financial Inc,AMP,6ZLKQF7QB6JAEKQS5388,820027,2011.0,Q2TTM,2010-07-01,2011-06-30,,,4.27,4.27,0.77,,4.17,372000000.0,4409000000.0,,968000000.0,1069000000.0,-101000000.0,1072000000.0,-104000000.0,,2077000000.0,,5747000000.0,2299000000.0,-11000000.0,1202000000.0,2757000000.0,-53000000.0,,8493000000.0,9934000000.0,1441000000.0,9934000000.0,246100000.0,246100000.0,252000000.0
Ameriprise Financial Inc,AMP,6ZLKQF7QB6JAEKQS5388,820027,2011.0,Q1,2011-01-01,2011-03-31,2012-05-10 15:15:41+00:00,,0.96,0.96,0.18,,0.94,92000000.0,1137000000.0,,223000000.0,294000000.0,-71000000.0,241000000.0,-18000000.0,,515000000.0,,1480000000.0,601000000.0,75000000.0,292000000.0,591000000.0,-13000000.0,,2146000000.0,2532000000.0,386000000.0,2532000000.0,251000000.0,251000000.0,256400000.0
Ameriprise Financial Inc,AMP,6ZLKQF7QB6JAEKQS5388,820027,2011.0,Q1TTM,2010-04-01,2011-03-31,,,3.98,3.98,0.72,,3.9,320000000.0,4147000000.0,,1079000000.0,1174000000.0,-95000000.0,1016000000.0,63000000.0,,2234000000.0,,5540000000.0,2265000000.0,71000000.0,1189000000.0,2668000000.0,-62000000.0,,8279000000.0,9773000000.0,1494000000.0,9773000000.0,251000000.0,251000000.0,256400000.0
Ameriprise Financial Inc,AMP,6ZLKQF7QB6JAEKQS5388,820027,2012.0,Q4,2012-10-01,2012-12-31,,,1.82,1.82,0.45,,1.79,87000000.0,1217000000.0,,332000000.0,331000000.0,1000000.0,389000000.0,-57000000.0,,503000000.0,,1515000000.0,653000000.0,89000000.0,311000000.0,652000000.0,-10000000.0,,2256000000.0,2674000000.0,418000000.0,2674000000.0,218900000.0,218900000.0,222700000.0
Ameriprise Financial Inc,AMP,6ZLKQF7QB6JAEKQS5388,820027,2012.0,FY,2012-01-01,2012-12-31,2015-02-24 17:31:20+00:00,,4.7,4.7,1.15,,4.62,335000000.0,4692000000.0,,901000000.0,903000000.0,-2000000.0,1029000000.0,-128000000.0,,1933000000.0,,5963000000.0,2411000000.0,286000000.0,1223000000.0,2730000000.0,-42000000.0,,8979000000.0,10217000000.0,1238000000.0,10217000000.0,218900000.0,218900000.0,222700000.0
Ameriprise Financial Inc,AMP,6ZLKQF7QB6JAEKQS5388,820027,2012.0,Q3,2012-07-01,2012-09-30,2013-11-04 19:06:52+00:00,,0.8,0.8,0.35,,0.79,47000000.0,1191000000.0,,151000000.0,152000000.0,-1000000.0,173000000.0,-22000000.0,,427000000.0,,1453000000.0,552000000.0,67000000.0,309000000.0,749000000.0,-11000000.0,,2269000000.0,2468000000.0,199000000.0,2468000000.0,216300000.0,216300000.0,219000000.0
Ameriprise Financial Inc,AMP,6ZLKQF7QB6JAEKQS5388,820027,2012.0,Q3YTD,2012-01-01,2012-09-30,,,2.88,2.88,0.7,,2.83,248000000.0,3475000000.0,,569000000.0,572000000.0,-3000000.0,640000000.0,-71000000.0,,1430000000.0,,4448000000.0,1758000000.0,197000000.0,912000000.0,2078000000.0,-32000000.0,,6723000000.0,7543000000.0,820000000.0,7543000000.0,216300000.0,216300000.0,219000000.0
Ameriprise Financial Inc,AMP,6ZLKQF7QB6JAEKQS5388,820027,2012.0,Q3TTM,2011-10-01,2012-09-30,,,3.9,3.9,1.21,,3.83,306000000.0,4576000000.0,,850000000.0,840000000.0,10000000.0,876000000.0,-26000000.0,,2018000000.0,,5891000000.0,2357000000.0,228000000.0,1217000000.0,2860000000.0,-43000000.0,,8979000000.0,10125000000.0,1146000000.0,10125000000.0,216300000.0,216300000.0,219000000.0
Ameriprise Financial Inc,AMP,6ZLKQF7QB6JAEKQS5388,820027,2012.0,Q2,2012-04-01,2012-06-30,2013-07-31 16:15:34+00:00,,1.01,1.01,0.35,,0.99,128000000.0,1152000000.0,,170000000.0,171000000.0,-1000000.0,223000000.0,-53000000.0,,472000000.0,,1498000000.0,598000000.0,99000000.0,302000000.0,618000000.0,-10000000.0,,2215000000.0,2514000000.0,299000000.0,2514000000.0,220800000.0,220800000.0,225300000.0
Ameriprise Financial Inc,AMP,6ZLKQF7QB6JAEKQS5388,820027,2012.0,Q2YTD,2012-01-01,2012-06-30,,,2.08,2.08,0.35,,2.04,201000000.0,2284000000.0,,418000000.0,420000000.0,-2000000.0,467000000.0,-49000000.0,,1003000000.0,,2995000000.0,1206000000.0,130000000.0,603000000.0,1329000000.0,-21000000.0,,4454000000.0,5075000000.0,621000000.0,5075000000.0,220800000.0,220800000.0,225300000.0
Ameriprise Financial Inc,AMP,6ZLKQF7QB6JAEKQS5388,820027,2012.0,Q2TTM,2011-07-01,2012-06-30,,,4.46,4.46,1.09,,4.38,368000000.0,4512000000.0,,918000000.0,905000000.0,13000000.0,1027000000.0,-109000000.0,,2036000000.0,,5893000000.0,2389000000.0,363000000.0,1219000000.0,2583000000.0,-44000000.0,,8839000000.0,10112000000.0,1273000000.0,10112000000.0,220800000.0,220800000.0,225300000.0
Ameriprise Financial Inc,AMP,6ZLKQF7QB6JAEKQS5388,820027,2012.0,Q1,2012-01-01,2012-03-31,2013-05-01 14:48:26+00:00,,1.07,1.07,0.0,,1.05,73000000.0,1132000000.0,,248000000.0,249000000.0,-1000000.0,244000000.0,4000000.0,,531000000.0,,1497000000.0,608000000.0,31000000.0,301000000.0,711000000.0,-11000000.0,,2239000000.0,2561000000.0,322000000.0,2561000000.0,228000000.0,228000000.0,232400000.0
Ameriprise Financial Inc,AMP,6ZLKQF7QB6JAEKQS5388,820027,2012.0,Q1TTM,2011-04-01,2012-03-31,,,4.73,4.73,0.97,,4.64,358000000.0,4532000000.0,,1035000000.0,1025000000.0,10000000.0,1119000000.0,-84000000.0,,2062000000.0,,5903000000.0,2443000000.0,353000000.0,1229000000.0,2582000000.0,-45000000.0,,8838000000.0,10221000000.0,1383000000.0,10221000000.0,228000000.0,228000000.0,232400000.0
Ameriprise Financial Inc,AMP,6ZLKQF7QB6JAEKQS5388,820027,2013.0,FY,2013-01-01,2013-12-31,2016-02-25 15:01:36+00:00,,6.56,6.56,2.01,,6.44,492000000.0,5253000000.0,,1475000000.0,1478000000.0,-3000000.0,1334000000.0,141000000.0,,1889000000.0,,6262000000.0,2806000000.0,207000000.0,1282000000.0,2760000000.0,-31000000.0,,9229000000.0,11199000000.0,1970000000.0,11199000000.0,203400000.0,203400000.0,207100000.0
Ameriprise Financial Inc,AMP,6ZLKQF7QB6JAEKQS5388,820027,2013.0,Q4,2013-10-01,2013-12-31,,,1.48,1.48,0.52,,1.46,97000000.0,1397000000.0,,380000000.0,382000000.0,-2000000.0,296000000.0,84000000.0,,458000000.0,,1644000000.0,765000000.0,54000000.0,333000000.0,769000000.0,-7000000.0,,2467000000.0,2946000000.0,479000000.0,2946000000.0,203400000.0,203400000.0,207100000.0
Ameriprise Financial Inc,AMP,6ZLKQF7QB6JAEKQS5388,820027,2013.0,Q3YTD,2013-01-01,2013-09-30,,,5.08,5.08,1.49,,4.98,395000000.0,3856000000.0,,1095000000.0,1096000000.0,-1000000.0,1038000000.0,57000000.0,,1431000000.0,,4618000000.0,2041000000.0,153000000.0,949000000.0,1991000000.0,-24000000.0,,6762000000.0,8253000000.0,1491000000.0,8253000000.0,201100000.0,201100000.0,205400000.0
Ameriprise Financial Inc,AMP,6ZLKQF7QB6JAEKQS5388,820027,2013.0,Q3TTM,2012-10-01,2013-09-30,,,6.9,6.9,1.94,,6.77,482000000.0,5073000000.0,,1427000000.0,1427000000.0,,1427000000.0,,,1934000000.0,,6133000000.0,2694000000.0,242000000.0,1260000000.0,2643000000.0,-34000000.0,,9018000000.0,10927000000.0,1909000000.0,10927000000.0,201100000.0,201100000.0,205400000.0
Ameriprise Financial Inc,AMP,6ZLKQF7QB6JAEKQS5388,820027,2013.0,Q3,2013-07-01,2013-09-30,2014-11-03 15:43:28+00:00,,1.9,1.9,0.52,,1.86,154000000.0,1318000000.0,,449000000.0,448000000.0,1000000.0,382000000.0,67000000.0,,491000000.0,,1529000000.0,688000000.0,-14000000.0,324000000.0,696000000.0,-8000000.0,,2211000000.0,2813000000.0,602000000.0,2813000000.0,201100000.0,201100000.0,205400000.0
Ameriprise Financial Inc,AMP,6ZLKQF7QB6JAEKQS5388,820027,2013.0,Q2,2013-04-01,2013-06-30,2014-08-04 17:24:00+00:00,,1.57,1.57,0.52,,1.54,120000000.0,1294000000.0,,281000000.0,282000000.0,-1000000.0,321000000.0,-40000000.0,,451000000.0,,1567000000.0,697000000.0,92000000.0,315000000.0,688000000.0,-8000000.0,,2347000000.0,2749000000.0,402000000.0,2749000000.0,204500000.0,204500000.0,208400000.0
Ameriprise Financial Inc,AMP,6ZLKQF7QB6JAEKQS5388,820027,2013.0,Q2YTD,2013-01-01,2013-06-30,,,3.18,3.18,0.97,,3.12,241000000.0,2538000000.0,,646000000.0,648000000.0,-2000000.0,656000000.0,-10000000.0,,940000000.0,,3089000000.0,1353000000.0,167000000.0,625000000.0,1295000000.0,-16000000.0,,4551000000.0,5440000000.0,889000000.0,5440000000.0,204500000.0,204500000.0,208400000.0
Ameriprise Financial Inc,AMP,6ZLKQF7QB6JAEKQS5388,820027,2013.0,Q2TTM,2012-07-01,2013-06-30,,,5.8,5.8,1.77,,5.7,375000000.0,4946000000.0,,1129000000.0,1131000000.0,-2000000.0,1218000000.0,-89000000.0,,1870000000.0,,6057000000.0,2558000000.0,323000000.0,1245000000.0,2696000000.0,-37000000.0,,9076000000.0,10582000000.0,1506000000.0,10582000000.0,204500000.0,204500000.0,208400000.0
Ameriprise Financial Inc,AMP,6ZLKQF7QB6JAEKQS5388,820027,2013.0,Q1,2013-01-01,2013-03-31,2014-05-05 14:59:03+00:00,,1.61,1.61,0.45,,1.58,121000000.0,1244000000.0,,365000000.0,366000000.0,-1000000.0,335000000.0,30000000.0,,489000000.0,,1522000000.0,656000000.0,75000000.0,310000000.0,607000000.0,-8000000.0,,2204000000.0,2691000000.0,487000000.0,2691000000.0,208100000.0,208100000.0,212000000.0
Ameriprise Financial Inc,AMP,6ZLKQF7QB6JAEKQS5388,820027,2013.0,Q1TTM,2012-04-01,2013-03-31,,,5.24,5.24,1.6,,5.15,383000000.0,4804000000.0,,1018000000.0,1020000000.0,-2000000.0,1120000000.0,-102000000.0,,1891000000.0,,5988000000.0,2459000000.0,330000000.0,1232000000.0,2626000000.0,-39000000.0,,8944000000.0,10347000000.0,1403000000.0,10347000000.0,208100000.0,208100000.0,212000000.0
Ameriprise Financial Inc,AMP,6ZLKQF7QB6JAEKQS5388,820027,2014.0,FY,2014-01-01,2014-12-31,2017-02-23 16:57:59+00:00,,8.45,8.45,2.26,,8.3,545000000.0,5810000000.0,,2000000000.0,2002000000.0,-2000000.0,1619000000.0,381000000.0,,1741000000.0,,6659000000.0,3360000000.0,367000000.0,1385000000.0,2695000000.0,-28000000.0,,9721000000.0,12268000000.0,2547000000.0,12268000000.0,191600000.0,191600000.0,195100000.0
Ameriprise Financial Inc,AMP,6ZLKQF7QB6JAEKQS5388,820027,2014.0,Q4,2014-10-01,2014-12-31,,,2.25,2.25,0.58,,2.21,104000000.0,1489000000.0,,453000000.0,454000000.0,-1000000.0,425000000.0,28000000.0,,409000000.0,,1693000000.0,839000000.0,86000000.0,359000000.0,752000000.0,-7000000.0,,2531000000.0,3089000000.0,558000000.0,3089000000.0,191600000.0,191600000.0,195100000.0
Ameriprise Financial Inc,AMP,6ZLKQF7QB6JAEKQS5388,820027,2014.0,Q3YTD,2014-01-01,2014-09-30,,,6.2,6.2,1.68,,6.09,441000000.0,4321000000.0,,1547000000.0,1548000000.0,-1000000.0,1194000000.0,353000000.0,,1332000000.0,,4966000000.0,2521000000.0,281000000.0,1026000000.0,1943000000.0,-21000000.0,,7190000000.0,9179000000.0,1989000000.0,9179000000.0,190000000.0,190000000.0,193500000.0
Ameriprise Financial Inc,AMP,6ZLKQF7QB6JAEKQS5388,820027,2014.0,Q3TTM,2013-10-01,2014-09-30,,,7.68,7.68,2.2,,7.55,538000000.0,5718000000.0,,1927000000.0,1930000000.0,-3000000.0,1490000000.0,437000000.0,,1790000000.0,,6610000000.0,3286000000.0,335000000.0,1359000000.0,2712000000.0,-28000000.0,,9657000000.0,12125000000.0,2468000000.0,12125000000.0,190000000.0,190000000.0,193500000.0
Ameriprise Financial Inc,AMP,6ZLKQF7QB6JAEKQS5388,820027,2014.0,Q3,2014-07-01,2014-09-30,2015-11-02 16:12:23+00:00,,2.21,2.21,0.58,,2.17,155000000.0,1483000000.0,,565000000.0,565000000.0,0.0,420000000.0,145000000.0,,428000000.0,,1649000000.0,856000000.0,116000000.0,351000000.0,626000000.0,-7000000.0,,2391000000.0,3111000000.0,720000000.0,3111000000.0,190000000.0,190000000.0,193500000.0
Ameriprise Financial Inc,AMP,6ZLKQF7QB6JAEKQS5388,820027,2014.0,Q2YTD,2014-01-01,2014-06-30,,,3.99,3.99,1.1,,3.92,286000000.0,2838000000.0,,982000000.0,983000000.0,-1000000.0,774000000.0,208000000.0,,904000000.0,,3317000000.0,1665000000.0,165000000.0,675000000.0,1317000000.0,-14000000.0,,4799000000.0,6068000000.0,1269000000.0,6068000000.0,192800000.0,192800000.0,195800000.0
Ameriprise Financial Inc,AMP,6ZLKQF7QB6JAEKQS5388,820027,2014.0,Q2TTM,2013-07-01,2014-06-30,,,7.37,7.37,2.14,,7.24,537000000.0,5553000000.0,,1811000000.0,1813000000.0,-2000000.0,1452000000.0,359000000.0,,1853000000.0,,6490000000.0,3118000000.0,205000000.0,1332000000.0,2782000000.0,-29000000.0,,9477000000.0,11827000000.0,2350000000.0,11827000000.0,192800000.0,192800000.0,195800000.0
Ameriprise Financial Inc,AMP,6ZLKQF7QB6JAEKQS5388,820027,2014.0,Q2,2014-04-01,2014-06-30,2015-08-03 15:50:11+00:00,,1.94,1.94,0.58,,1.91,152000000.0,1452000000.0,,467000000.0,467000000.0,,374000000.0,93000000.0,,433000000.0,,1694000000.0,849000000.0,78000000.0,345000000.0,681000000.0,-7000000.0,,2453000000.0,3072000000.0,619000000.0,3072000000.0,192800000.0,192800000.0,195800000.0
Ameriprise Financial Inc,AMP,6ZLKQF7QB6JAEKQS5388,820027,2014.0,Q1TTM,2013-04-01,2014-03-31,,,7.0,7.0,2.08,,6.87,505000000.0,5395000000.0,,1625000000.0,1628000000.0,-3000000.0,1399000000.0,226000000.0,,1871000000.0,,6363000000.0,2966000000.0,219000000.0,1302000000.0,2789000000.0,-30000000.0,,9371000000.0,11504000000.0,2133000000.0,11504000000.0,195100000.0,195100000.0,199000000.0
Ameriprise Financial Inc,AMP,6ZLKQF7QB6JAEKQS5388,820027,2014.0,Q1,2014-01-01,2014-03-31,2015-05-04 16:20:42+00:00,,2.05,2.05,0.52,,2.01,134000000.0,1386000000.0,,515000000.0,516000000.0,-1000000.0,400000000.0,115000000.0,,471000000.0,,1623000000.0,816000000.0,87000000.0,330000000.0,636000000.0,-7000000.0,,2346000000.0,2996000000.0,650000000.0,2996000000.0,195100000.0,195100000.0,199000000.0
Ameriprise Financial Inc,AMP,6ZLKQF7QB6JAEKQS5388,820027,2015.0,FY,2015-01-01,2015-12-31,2018-02-22 20:33:10+00:00,,8.6,8.6,2.59,,8.48,455000000.0,5950000000.0,,1687000000.0,1687000000.0,,1562000000.0,125000000.0,,1688000000.0,,6745000000.0,3107000000.0,354000000.0,1455000000.0,2929000000.0,-30000000.0,,10028000000.0,12170000000.0,2142000000.0,12170000000.0,181600000.0,181600000.0,184200000.0
Ameriprise Financial Inc,AMP,6ZLKQF7QB6JAEKQS5388,820027,2015.0,Q4,2015-10-01,2015-12-31,,,2.03,2.03,0.67,,2.0,66000000.0,1499000000.0,,380000000.0,380000000.0,,357000000.0,23000000.0,,460000000.0,,1726000000.0,779000000.0,52000000.0,374000000.0,879000000.0,-9000000.0,,2657000000.0,3103000000.0,446000000.0,3103000000.0,181600000.0,181600000.0,184200000.0
Ameriprise Financial Inc,AMP,6ZLKQF7QB6JAEKQS5388,820027,2015.0,Q3,2015-07-01,2015-09-30,2016-11-02 17:02:59+00:00,,2.2,2.2,0.67,,2.17,111000000.0,1465000000.0,,352000000.0,352000000.0,,397000000.0,-45000000.0,,321000000.0,,1648000000.0,747000000.0,133000000.0,360000000.0,642000000.0,-7000000.0,,2423000000.0,2886000000.0,463000000.0,2886000000.0,180500000.0,180500000.0,182900000.0
Ameriprise Financial Inc,AMP,6ZLKQF7QB6JAEKQS5388,820027,2015.0,Q3YTD,2015-01-01,2015-09-30,,,6.57,6.57,1.92,,6.48,389000000.0,4451000000.0,,1307000000.0,1307000000.0,,1205000000.0,102000000.0,,1228000000.0,,5019000000.0,2328000000.0,302000000.0,1081000000.0,2050000000.0,-21000000.0,,7371000000.0,9067000000.0,1696000000.0,9067000000.0,180500000.0,180500000.0,182900000.0
Ameriprise Financial Inc,AMP,6ZLKQF7QB6JAEKQS5388,820027,2015.0,Q3TTM,2014-10-01,2015-09-30,,,8.82,8.82,2.5,,8.69,493000000.0,5940000000.0,,1760000000.0,1761000000.0,-1000000.0,1630000000.0,130000000.0,,1637000000.0,,6712000000.0,3167000000.0,388000000.0,1440000000.0,2802000000.0,-28000000.0,,9902000000.0,12156000000.0,2254000000.0,12156000000.0,180500000.0,180500000.0,182900000.0
Ameriprise Financial Inc,AMP,6ZLKQF7QB6JAEKQS5388,820027,2015.0,Q2,2015-04-01,2015-06-30,2016-08-01 15:25:39+00:00,,2.26,2.26,0.67,,2.23,139000000.0,1518000000.0,,476000000.0,476000000.0,,415000000.0,61000000.0,,423000000.0,,1716000000.0,826000000.0,94000000.0,368000000.0,703000000.0,-7000000.0,,2513000000.0,3128000000.0,615000000.0,3128000000.0,183600000.0,183600000.0,186100000.0
Ameriprise Financial Inc,AMP,6ZLKQF7QB6JAEKQS5388,820027,2015.0,Q2YTD,2015-01-01,2015-06-30,,,4.37,4.37,1.25,,4.31,278000000.0,2986000000.0,,955000000.0,955000000.0,,808000000.0,147000000.0,,907000000.0,,3371000000.0,1581000000.0,169000000.0,721000000.0,1408000000.0,-14000000.0,,4948000000.0,6181000000.0,1233000000.0,6181000000.0,183600000.0,183600000.0,186100000.0
Ameriprise Financial Inc,AMP,6ZLKQF7QB6JAEKQS5388,820027,2015.0,Q2TTM,2014-07-01,2015-06-30,,,8.83,8.83,2.41,,8.69,537000000.0,5958000000.0,,1973000000.0,1974000000.0,-1000000.0,1653000000.0,320000000.0,,1744000000.0,,6713000000.0,3276000000.0,371000000.0,1431000000.0,2786000000.0,-28000000.0,,9870000000.0,12381000000.0,2511000000.0,12381000000.0,183600000.0,183600000.0,186100000.0
Ameriprise Financial Inc,AMP,6ZLKQF7QB6JAEKQS5388,820027,2015.0,Q1,2015-01-01,2015-03-31,2016-05-05 15:39:51+00:00,,2.11,2.11,0.58,,2.08,139000000.0,1468000000.0,,479000000.0,479000000.0,,393000000.0,86000000.0,,484000000.0,,1655000000.0,755000000.0,75000000.0,353000000.0,705000000.0,-7000000.0,,2435000000.0,3053000000.0,618000000.0,3053000000.0,186300000.0,186300000.0,188900000.0
Ameriprise Financial Inc,AMP,6ZLKQF7QB6JAEKQS5388,820027,2015.0,Q1TTM,2014-04-01,2015-03-31,,,8.51,8.51,2.32,,8.37,550000000.0,5892000000.0,,1964000000.0,1965000000.0,-1000000.0,1612000000.0,352000000.0,,1754000000.0,,6691000000.0,3299000000.0,355000000.0,1408000000.0,2764000000.0,-28000000.0,,9810000000.0,12325000000.0,2515000000.0,12325000000.0,186300000.0,186300000.0,188900000.0
Ameriprise Financial Inc,AMP,6ZLKQF7QB6JAEKQS5388,820027,2016.0,FY,2016-01-01,2016-12-31,2019-02-26 17:58:54+00:00,,7.9,7.9,,,7.81,278000000.0,,,1313000000.0,1313000000.0,,1313000000.0,,,1576000000.0,,-1058000000.0,1189000000.0,415000000.0,1491000000.0,3269000000.0,-39000000.0,,2626000000.0,4217000000.0,1591000000.0,4217000000.0,166200000.0,166200000.0,168100000.0
Ameriprise Financial Inc,AMP,6ZLKQF7QB6JAEKQS5388,820027,2016.0,Q4,2016-10-01,2016-12-31,,,2.49,2.49,-2.17,,2.45,69000000.0,-4289000000.0,,399000000.0,399000000.0,,399000000.0,,,486000000.0,,-5810000000.0,-981000000.0,55000000.0,377000000.0,870000000.0,-10000000.0,,-4885000000.0,-4417000000.0,468000000.0,-4417000000.0,166200000.0,166200000.0,168100000.0
Ameriprise Financial Inc,AMP,6ZLKQF7QB6JAEKQS5388,820027,2016.0,Q3,2016-07-01,2016-09-30,2017-11-01 17:16:55+00:00,,1.31,1.31,0.75,,1.3,23000000.0,1464000000.0,,215000000.0,215000000.0,,215000000.0,,,387000000.0,,1581000000.0,785000000.0,163000000.0,374000000.0,1016000000.0,-12000000.0,,2760000000.0,2998000000.0,238000000.0,2998000000.0,164100000.0,164100000.0,165400000.0
Ameriprise Financial Inc,AMP,6ZLKQF7QB6JAEKQS5388,820027,2016.0,Q3YTD,2016-01-01,2016-09-30,,,5.41,5.41,2.17,,5.36,209000000.0,4289000000.0,,914000000.0,914000000.0,,914000000.0,,,1090000000.0,,4752000000.0,2170000000.0,360000000.0,1114000000.0,2399000000.0,-29000000.0,,7511000000.0,8634000000.0,1123000000.0,8634000000.0,164100000.0,164100000.0,165400000.0
Ameriprise Financial Inc,AMP,6ZLKQF7QB6JAEKQS5388,820027,2016.0,Q3TTM,2015-10-01,2016-09-30,,,7.44,7.44,2.84,,7.36,275000000.0,5788000000.0,,1294000000.0,1294000000.0,,1271000000.0,23000000.0,,1550000000.0,,6478000000.0,2949000000.0,412000000.0,1488000000.0,3278000000.0,-38000000.0,,10168000000.0,11737000000.0,1569000000.0,11737000000.0,164100000.0,164100000.0,165400000.0
Ameriprise Financial Inc,AMP,6ZLKQF7QB6JAEKQS5388,820027,2016.0,Q2,2016-04-01,2016-06-30,2017-08-02 16:53:37+00:00,,1.99,1.99,0.75,,1.97,75000000.0,1439000000.0,,335000000.0,335000000.0,,335000000.0,,,372000000.0,,1619000000.0,696000000.0,87000000.0,372000000.0,755000000.0,-8000000.0,,2461000000.0,2871000000.0,410000000.0,2871000000.0,168300000.0,168300000.0,170100000.0
Ameriprise Financial Inc,AMP,6ZLKQF7QB6JAEKQS5388,820027,2016.0,Q2YTD,2016-01-01,2016-06-30,,,4.1,4.1,1.42,,4.06,186000000.0,2825000000.0,,699000000.0,699000000.0,,699000000.0,,,703000000.0,,3171000000.0,1385000000.0,197000000.0,740000000.0,1383000000.0,-17000000.0,,4751000000.0,5636000000.0,885000000.0,5636000000.0,168300000.0,168300000.0,170100000.0
Ameriprise Financial Inc,AMP,6ZLKQF7QB6JAEKQS5388,820027,2016.0,Q2TTM,2015-07-01,2016-06-30,,,8.33,8.33,2.76,,8.23,363000000.0,5789000000.0,,1431000000.0,1431000000.0,,1453000000.0,-22000000.0,,1484000000.0,,6545000000.0,2911000000.0,382000000.0,1474000000.0,2904000000.0,-33000000.0,,9831000000.0,11625000000.0,1794000000.0,11625000000.0,168300000.0,168300000.0,170100000.0
Ameriprise Financial Inc,AMP,6ZLKQF7QB6JAEKQS5388,820027,2016.0,Q1,2016-01-01,2016-03-31,2017-05-03 15:59:46+00:00,,2.11,2.11,0.67,,2.09,111000000.0,1386000000.0,,364000000.0,364000000.0,,364000000.0,,,331000000.0,,1552000000.0,689000000.0,110000000.0,368000000.0,628000000.0,-9000000.0,,2290000000.0,2765000000.0,475000000.0,2765000000.0,172500000.0,172500000.0,174200000.0
Ameriprise Financial Inc,AMP,6ZLKQF7QB6JAEKQS5388,820027,2016.0,Q1TTM,2015-04-01,2016-03-31,,,8.6,8.6,2.68,,8.49,427000000.0,5868000000.0,,1572000000.0,1572000000.0,,1533000000.0,39000000.0,,1535000000.0,,6642000000.0,3041000000.0,389000000.0,1470000000.0,2852000000.0,-32000000.0,,9883000000.0,11882000000.0,1999000000.0,11882000000.0,172500000.0,172500000.0,174200000.0
Ameriprise Financial Inc,AMP,6ZLKQF7QB6JAEKQS5388,820027,2017.0,Q3,2017-07-01,2017-09-30,2018-11-05 15:02:29+00:00,,3.31,3.31,,,3.26,126000000.0,,,507000000.0,507000000.0,,507000000.0,,,372000000.0,,1683000000.0,2306000000.0,48000000.0,348000000.0,650000000.0,-12000000.0,,2381000000.0,3014000000.0,633000000.0,3014000000.0,153200000.0,153200000.0,155500000.0
Ameriprise Financial Inc,AMP,6ZLKQF7QB6JAEKQS5388,820027,2017.0,Q3YTD,2017-01-01,2017-09-30,,,8.4,8.4,1.58,,8.28,316000000.0,3055000000.0,,1303000000.0,1303000000.0,,1303000000.0,,,1154000000.0,,4983000000.0,3742000000.0,189000000.0,1035000000.0,2161000000.0,-34000000.0,,7333000000.0,8952000000.0,1619000000.0,8952000000.0,153200000.0,153200000.0,155500000.0
Ameriprise Financial Inc,AMP,6ZLKQF7QB6JAEKQS5388,820027,2017.0,Q3TTM,2016-10-01,2017-09-30,,,10.89,10.89,-0.59,,10.73,385000000.0,-1234000000.0,,1702000000.0,1702000000.0,,1702000000.0,,,1640000000.0,,-827000000.0,2761000000.0,244000000.0,1412000000.0,3031000000.0,-44000000.0,,2448000000.0,4535000000.0,2087000000.0,4535000000.0,153200000.0,153200000.0,155500000.0
Ameriprise Financial Inc,AMP,6ZLKQF7QB6JAEKQS5388,820027,2017.0,Q2,2017-04-01,2017-06-30,2018-08-06 16:22:43+00:00,,2.53,2.53,0.83,,2.5,118000000.0,1568000000.0,,393000000.0,393000000.0,,393000000.0,,,391000000.0,,1650000000.0,717000000.0,69000000.0,348000000.0,782000000.0,-12000000.0,,2501000000.0,3012000000.0,511000000.0,3012000000.0,155300000.0,155300000.0,157200000.0
Ameriprise Financial Inc,AMP,6ZLKQF7QB6JAEKQS5388,820027,2017.0,Q2YTD,2017-01-01,2017-06-30,,,5.09,5.09,1.58,,5.02,190000000.0,3055000000.0,,796000000.0,796000000.0,,796000000.0,,,782000000.0,,3300000000.0,1436000000.0,141000000.0,687000000.0,1511000000.0,-22000000.0,,4952000000.0,5938000000.0,986000000.0,5938000000.0,155300000.0,155300000.0,157200000.0
Ameriprise Financial Inc,AMP,6ZLKQF7QB6JAEKQS5388,820027,2017.0,Q2TTM,2016-07-01,2017-06-30,,,8.89,8.89,0.16,,8.77,282000000.0,230000000.0,,1410000000.0,1410000000.0,,1410000000.0,,,1655000000.0,,-929000000.0,1240000000.0,359000000.0,1438000000.0,3397000000.0,-44000000.0,,2827000000.0,4519000000.0,1692000000.0,4519000000.0,155300000.0,155300000.0,157200000.0
Ameriprise Financial Inc,AMP,6ZLKQF7QB6JAEKQS5388,820027,2017.0,Q1,2017-01-01,2017-03-31,2018-05-02 17:28:13+00:00,,2.56,2.56,0.75,,2.52,72000000.0,1487000000.0,,403000000.0,403000000.0,,403000000.0,,,391000000.0,,1650000000.0,719000000.0,72000000.0,339000000.0,729000000.0,-10000000.0,,2451000000.0,2926000000.0,475000000.0,2926000000.0,157400000.0,157400000.0,159900000.0
Ameriprise Financial Inc,AMP,6ZLKQF7QB6JAEKQS5388,820027,2017.0,Q1TTM,2016-04-01,2017-03-31,,,8.35,8.35,0.08,,8.24,239000000.0,101000000.0,,1352000000.0,1352000000.0,,1352000000.0,,,1636000000.0,,-960000000.0,1219000000.0,377000000.0,1462000000.0,3370000000.0,-40000000.0,,2787000000.0,4378000000.0,1591000000.0,4378000000.0,157400000.0,157400000.0,159900000.0
Ameriprise Financial Inc,AMP,6ZLKQF7QB6JAEKQS5388,820027,2018.0,Q3,2018-07-01,2018-09-30,2019-11-12 12:27:30+00:00,,3.48,3.48,,,3.43,85000000.0,,,503000000.0,503000000.0,,503000000.0,,,386000000.0,,-437000000.0,358000000.0,25000000.0,363000000.0,907000000.0,-24000000.0,,495000000.0,1083000000.0,588000000.0,1083000000.0,144500000.0,144500000.0,146600000.0
Ameriprise Financial Inc,AMP,6ZLKQF7QB6JAEKQS5388,820027,2018.0,Q3YTD,2018-01-01,2018-09-30,,,10.59,10.59,,,10.44,273000000.0,,,1559000000.0,1559000000.0,,1559000000.0,,,1201000000.0,,-1215000000.0,950000000.0,180000000.0,1063000000.0,2357000000.0,-60000000.0,,1322000000.0,3154000000.0,1832000000.0,3154000000.0,144500000.0,144500000.0,146600000.0
Ameriprise Financial Inc,AMP,6ZLKQF7QB6JAEKQS5388,820027,2018.0,Q2,2018-04-01,2018-06-30,2019-08-05 12:45:45+00:00,,3.14,3.14,,,3.1,86000000.0,,,462000000.0,462000000.0,,462000000.0,,,419000000.0,,-386000000.0,284000000.0,63000000.0,357000000.0,815000000.0,-20000000.0,,492000000.0,1040000000.0,548000000.0,1040000000.0,147100000.0,147100000.0,149000000.0
Ameriprise Financial Inc,AMP,6ZLKQF7QB6JAEKQS5388,820027,2018.0,Q2YTD,2018-01-01,2018-06-30,,,7.11,7.11,,,7.01,188000000.0,,,1056000000.0,1056000000.0,,1056000000.0,,,815000000.0,,-778000000.0,592000000.0,155000000.0,700000000.0,1450000000.0,-36000000.0,,827000000.0,2071000000.0,1244000000.0,2071000000.0,147100000.0,147100000.0,149000000.0
Ameriprise Financial Inc,AMP,6ZLKQF7QB6JAEKQS5388,820027,2018.0,Q1,2018-01-01,2018-03-31,2019-05-01 16:17:57+00:00,,3.97,3.97,,,3.91,102000000.0,,,594000000.0,594000000.0,,594000000.0,,,396000000.0,,-392000000.0,308000000.0,92000000.0,343000000.0,635000000.0,-16000000.0,,335000000.0,1031000000.0,696000000.0,1031000000.0,149600000.0,149600000.0,151900000.0
Ameriprise Financial Inc,AMP,6ZLKQF7QB6JAEKQS5388,820027,2019.0,Q4,2019-10-01,2019-12-31,,179000000.0,3.57,3.57,,136000000.0,3.49,71000000.0,,214000000.0,463000000.0,463000000.0,,463000000.0,,-350000000.0,555000000.0,8934000000.0,8269000000.0,338000000.0,-186000000.0,93000000.0,880000000.0,106000000.0,350000000.0,9142000000.0,10026000000.0,534000000.0,9676000000.0,134100000.0,134100000.0,136000000.0
Ameriprise Financial Inc,AMP,6ZLKQF7QB6JAEKQS5388,820027,2019.0,FY,2019-01-01,2019-12-31,2020-02-26 16:25:43+00:00,179000000.0,14.12,14.12,3.81,136000000.0,13.92,339000000.0,,214000000.0,1893000000.0,1893000000.0,,1893000000.0,,-350000000.0,1676000000.0,8934000000.0,7097000000.0,1279000000.0,,1214000000.0,3245000000.0,,350000000.0,10521000000.0,13103000000.0,2232000000.0,12753000000.0,134100000.0,134100000.0,136000000.0
Ameriprise Financial Inc,AMP,6ZLKQF7QB6JAEKQS5388,820027,2019.0,Q3,2019-07-01,2019-09-30,2019-11-12 12:27:30+00:00,,4.09,4.09,,,4.04,98000000.0,,,543000000.0,543000000.0,,543000000.0,,,356000000.0,,-431000000.0,347000000.0,112000000.0,374000000.0,721000000.0,-34000000.0,,402000000.0,1043000000.0,641000000.0,1043000000.0,132800000.0,132800000.0,134400000.0
Ameriprise Financial Inc,AMP,6ZLKQF7QB6JAEKQS5388,820027,2019.0,Q3YTD,2019-01-01,2019-09-30,,,10.55,10.55,,,10.43,268000000.0,,,1430000000.0,1430000000.0,,1430000000.0,,,1121000000.0,,-1172000000.0,941000000.0,186000000.0,1121000000.0,2365000000.0,-106000000.0,,1379000000.0,3077000000.0,1698000000.0,3077000000.0,132800000.0,132800000.0,134400000.0
Ameriprise Financial Inc,AMP,6ZLKQF7QB6JAEKQS5388,820027,2019.0,Q2,2019-04-01,2019-06-30,2019-08-05 12:45:45+00:00,,3.61,3.61,,,3.57,95000000.0,,,492000000.0,492000000.0,,492000000.0,,,368000000.0,,-392000000.0,316000000.0,58000000.0,376000000.0,770000000.0,-37000000.0,,436000000.0,1023000000.0,587000000.0,1023000000.0,136300000.0,136300000.0,137800000.0
Ameriprise Financial Inc,AMP,6ZLKQF7QB6JAEKQS5388,820027,2019.0,Q2YTD,2019-01-01,2019-06-30,,,6.46,6.46,,,6.39,170000000.0,,,887000000.0,887000000.0,,887000000.0,,,765000000.0,,-741000000.0,594000000.0,74000000.0,747000000.0,1644000000.0,-72000000.0,,977000000.0,2034000000.0,1057000000.0,2034000000.0,136300000.0,136300000.0,137800000.0
Ameriprise Financial Inc,AMP,6ZLKQF7QB6JAEKQS5388,820027,2019.0,Q1,2019-01-01,2019-03-31,2020-05-11 15:58:40+00:00,,2.85,2.85,,,2.82,75000000.0,,,395000000.0,395000000.0,,395000000.0,,,397000000.0,,-349000000.0,278000000.0,16000000.0,371000000.0,874000000.0,-35000000.0,,541000000.0,1011000000.0,470000000.0,1011000000.0,138600000.0,138600000.0,140100000.0
Ameriprise Financial Inc,AMP,6ZLKQF7QB6JAEKQS5388,820027,2020.0,Q1TTM,2019-04-01,2020-03-31,,179000000.0,27.38,27.38,,136000000.0,26.98,579000000.0,,214000000.0,3534000000.0,3534000000.0,,3534000000.0,,-350000000.0,1607000000.0,8934000000.0,7006000000.0,1374000000.0,496000000.0,934000000.0,715000000.0,10000000.0,350000000.0,8396000000.0,12859000000.0,4113000000.0,12509000000.0,126400000.0,126400000.0,128200000.0
Ameriprise Financial Inc,AMP,6ZLKQF7QB6JAEKQS5388,820027,2020.0,Q1,2020-01-01,2020-03-31,2020-05-11 15:58:40+00:00,,16.11,16.11,,,15.88,315000000.0,,,2036000000.0,2036000000.0,,2036000000.0,,,328000000.0,,-440000000.0,373000000.0,512000000.0,91000000.0,-1656000000.0,-25000000.0,,-1584000000.0,767000000.0,2351000000.0,767000000.0,126400000.0,126400000.0,128200000.0
