company_name,company_ticker,company_lei,company_cik,year,quarter,start_date,end_date,filing_date,basicdilutedeps,basiceps,cashdividendspershare,depositsinterestexpense,dilutedeps,fedfundsandrepointerestexpense,impairmentexpense,incometaxexpense,investmentbankingincome,investmentsecuritiesinterestincome,loansandleaseinterestincome,longtermdebtinterestexpense,marketingexpense,netincome,netincomecontinuing,netincometocommon,netincometononcontrollinginterest,netinterestincome,netoccupancyequipmentexpense,netrealizedcapitalgains,otheradjustmentstonetincometocommon,otherinterestincome,othernoninterestincome,otheroperatingexpenses,otherservicechargeincome,preferreddividends,provisionforcreditlosses,salariesandemployeebenefitsexpense,shorttermborrowinginterestexpense,totalinterestexpense,totalinterestincome,totalnoninterestexpense,totalnoninterestincome,totalpretaxincome,totalrevenue,trustfeeincome,weightedavebasicdilutedsharesos,weightedavebasicsharesos,weightedavedilutedsharesos
Fifth Third Bancorp,FITB,THRNG6BD57P9QWTQLG42,35527,2007.0,FY,2007-01-01,2007-12-31,2010-02-26 13:15:04+00:00,1.99,1.99,,2007000000.0,1.98,,0.0,461000000.0,382000000.0,590000000.0,5418000000.0,687000000.0,,1076000000.0,1076000000.0,1075000000.0,,3009000000.0,561000000.0,27000000.0,,19000000.0,367000000.0,1511000000.0,1691000000.0,1000000.0,628000000.0,1239000000.0,324000000.0,3018000000.0,6027000000.0,3311000000.0,2467000000.0,1537000000.0,5476000000.0,,540200000.0,540200000.0,542900000.0
Fifth Third Bancorp,FITB,THRNG6BD57P9QWTQLG42,35527,2008.0,FY,2008-01-01,2008-12-31,2010-02-26 13:15:04+00:00,-3.91,-3.91,,1289000000.0,-3.91,,965000000.0,-551000000.0,353000000.0,660000000.0,4935000000.0,557000000.0,,-2113000000.0,-2113000000.0,-2180000000.0,,3514000000.0,621000000.0,34000000.0,,13000000.0,444000000.0,1641000000.0,2115000000.0,67000000.0,4560000000.0,1337000000.0,248000000.0,2094000000.0,5608000000.0,4564000000.0,2946000000.0,-2664000000.0,6460000000.0,,557500000.0,557500000.0,557500000.0
Fifth Third Bancorp,FITB,THRNG6BD57P9QWTQLG42,35527,2008.0,Q3,2008-07-01,2008-09-30,2009-11-06 17:09:11+00:00,-0.14,-0.14,,291000000.0,-0.14,,,-72000000.0,90000000.0,165000000.0,1378000000.0,130000000.0,,-56000000.0,-56000000.0,-81000000.0,,1063000000.0,158000000.0,-41000000.0,,5000000.0,104000000.0,488000000.0,564000000.0,25000000.0,941000000.0,321000000.0,64000000.0,485000000.0,1548000000.0,967000000.0,717000000.0,-128000000.0,1780000000.0,,578600000.0,578600000.0,578600000.0
Fifth Third Bancorp,FITB,THRNG6BD57P9QWTQLG42,35527,2008.0,Q2,2008-04-01,2008-06-30,2009-08-10 16:28:29+00:00,-0.37,-0.37,,278000000.0,-0.37,,,85000000.0,92000000.0,155000000.0,1050000000.0,142000000.0,,-202000000.0,-202000000.0,-202000000.0,,738000000.0,153000000.0,-10000000.0,,2000000.0,111000000.0,374000000.0,529000000.0,0.0,719000000.0,331000000.0,49000000.0,469000000.0,1207000000.0,858000000.0,722000000.0,-117000000.0,1460000000.0,,545900000.0,545900000.0,545900000.0
Fifth Third Bancorp,FITB,THRNG6BD57P9QWTQLG42,35527,2009.0,Q4,2009-10-01,2009-12-31,,-1.11,-1.11,,-760000000.0,-0.91,,,-147000000.0,-226000000.0,-547000000.0,-2978000000.0,-250000000.0,,-835000000.0,-835000000.0,-671000000.0,,-2476000000.0,-458000000.0,-1804000000.0,,-1000000.0,-298000000.0,-1393000000.0,-1803000000.0,-164000000.0,-2766000000.0,-1008000000.0,-40000000.0,-1050000000.0,-3526000000.0,-2859000000.0,-4131000000.0,-982000000.0,-6607000000.0,,,,
Fifth Third Bancorp,FITB,THRNG6BD57P9QWTQLG42,35527,2009.0,Q3,2009-07-01,2009-09-30,2009-11-06 17:09:11+00:00,-0.2,-0.2,,228000000.0,-0.2,,,-11000000.0,74000000.0,183000000.0,986000000.0,68000000.0,,-97000000.0,-97000000.0,-159000000.0,,869000000.0,148000000.0,2000000.0,,0.0,86000000.0,393000000.0,689000000.0,62000000.0,952000000.0,335000000.0,4000000.0,300000000.0,1169000000.0,876000000.0,851000000.0,-108000000.0,1720000000.0,,795000000.0,795000000.0,795000000.0
Fifth Third Bancorp,FITB,THRNG6BD57P9QWTQLG42,35527,2009.0,Q3YTD,2009-01-01,2009-09-30,,1.11,1.11,,760000000.0,0.91,,,147000000.0,226000000.0,547000000.0,2978000000.0,250000000.0,,835000000.0,835000000.0,671000000.0,,2476000000.0,458000000.0,1804000000.0,,1000000.0,298000000.0,1393000000.0,1803000000.0,164000000.0,2766000000.0,1008000000.0,40000000.0,1050000000.0,3526000000.0,2859000000.0,4131000000.0,982000000.0,6607000000.0,,795000000.0,795000000.0,795000000.0
Fifth Third Bancorp,FITB,THRNG6BD57P9QWTQLG42,35527,2009.0,Q2,2009-04-01,2009-06-30,2009-08-10 16:28:29+00:00,1.35,1.35,,258000000.0,1.15,,,470000000.0,73000000.0,184000000.0,995000000.0,78000000.0,,882000000.0,882000000.0,856000000.0,,831000000.0,155000000.0,1810000000.0,,0.0,99000000.0,520000000.0,601000000.0,26000000.0,1041000000.0,346000000.0,12000000.0,348000000.0,1179000000.0,1021000000.0,2583000000.0,1352000000.0,3414000000.0,,634100000.0,634100000.0,744300000.0
Fifth Third Bancorp,FITB,THRNG6BD57P9QWTQLG42,35527,2009.0,Q2YTD,2009-01-01,2009-06-30,,1.31,1.31,,532000000.0,1.11,,,158000000.0,152000000.0,364000000.0,1992000000.0,182000000.0,,932000000.0,932000000.0,830000000.0,,1607000000.0,310000000.0,1802000000.0,,1000000.0,212000000.0,1000000000.0,1114000000.0,102000000.0,1814000000.0,673000000.0,36000000.0,750000000.0,2357000000.0,1983000000.0,3280000000.0,1090000000.0,4887000000.0,,634100000.0,634100000.0,744300000.0
Fifth Third Bancorp,FITB,THRNG6BD57P9QWTQLG42,35527,2009.0,Q1,2009-01-01,2009-03-31,2010-05-07 16:00:31+00:00,-0.04,-0.04,,274000000.0,-0.04,,,-312000000.0,79000000.0,180000000.0,997000000.0,104000000.0,,50000000.0,50000000.0,-26000000.0,,776000000.0,155000000.0,-8000000.0,,1000000.0,113000000.0,480000000.0,513000000.0,76000000.0,773000000.0,327000000.0,24000000.0,402000000.0,1178000000.0,962000000.0,697000000.0,-262000000.0,1473000000.0,,650000000.0,650000000.0,650000000.0
Fifth Third Bancorp,FITB,THRNG6BD57P9QWTQLG42,35527,2010.0,Q4,2010-10-01,2010-12-31,,0.34,0.34,-0.04,118000000.0,0.34,,,84000000.0,93000000.0,152000000.0,950000000.0,72000000.0,,333000000.0,333000000.0,270000000.0,,913000000.0,159000000.0,35000000.0,,7000000.0,104000000.0,441000000.0,423000000.0,63000000.0,166000000.0,385000000.0,1000000.0,191000000.0,1104000000.0,985000000.0,655000000.0,417000000.0,1568000000.0,,798400000.0,790852185.0,799381153.0
Fifth Third Bancorp,FITB,THRNG6BD57P9QWTQLG42,35527,2010.0,FY,2010-01-01,2010-12-31,2013-02-22 17:24:10+00:00,0.63,0.63,-0.04,591000000.0,0.63,,,187000000.0,361000000.0,658000000.0,3823000000.0,290000000.0,,753000000.0,753000000.0,503000000.0,,3604000000.0,609000000.0,61000000.0,,8000000.0,364000000.0,1816000000.0,1943000000.0,250000000.0,1538000000.0,1430000000.0,4000000.0,885000000.0,4489000000.0,3855000000.0,2729000000.0,940000000.0,6333000000.0,,798400000.0,790852185.0,799381153.0
Fifth Third Bancorp,FITB,THRNG6BD57P9QWTQLG42,35527,2010.0,Q3,2010-07-01,2010-09-30,2010-11-08 16:09:47+00:00,0.22,0.22,,141000000.0,0.22,,,65000000.0,90000000.0,161000000.0,962000000.0,72000000.0,,238000000.0,238000000.0,175000000.0,0.0,912000000.0,150000000.0,4000000.0,,,86000000.0,469000000.0,647000000.0,63000000.0,457000000.0,360000000.0,1000000.0,214000000.0,1126000000.0,979000000.0,827000000.0,303000000.0,1739000000.0,,795500000.0,795500000.0,795500000.0
Fifth Third Bancorp,FITB,THRNG6BD57P9QWTQLG42,35527,2010.0,Q3YTD,2010-01-01,2010-09-30,,0.29,0.29,,473000000.0,0.29,,,103000000.0,268000000.0,506000000.0,2873000000.0,218000000.0,,420000000.0,420000000.0,233000000.0,,2691000000.0,450000000.0,26000000.0,,1000000.0,260000000.0,1375000000.0,1520000000.0,187000000.0,1372000000.0,1045000000.0,3000000.0,694000000.0,3385000000.0,2870000000.0,2074000000.0,523000000.0,4765000000.0,,795500000.0,795500000.0,795500000.0
Fifth Third Bancorp,FITB,THRNG6BD57P9QWTQLG42,35527,2010.0,Q3TTM,2009-10-01,2010-09-30,,-0.82,-0.82,,-287000000.0,-0.62,,,-44000000.0,42000000.0,-41000000.0,-105000000.0,-32000000.0,,-415000000.0,-415000000.0,-438000000.0,,215000000.0,-8000000.0,-1778000000.0,,5000000.0,-38000000.0,-18000000.0,-283000000.0,23000000.0,-1394000000.0,37000000.0,-37000000.0,-356000000.0,-141000000.0,11000000.0,-2057000000.0,-459000000.0,-1842000000.0,,795500000.0,795500000.0,795500000.0
Fifth Third Bancorp,FITB,THRNG6BD57P9QWTQLG42,35527,2010.0,Q2,2010-04-01,2010-06-30,2010-08-09 10:49:35+00:00,0.16,0.16,,161000000.0,0.16,,,50000000.0,87000000.0,163000000.0,951000000.0,72000000.0,,192000000.0,192000000.0,130000000.0,,882000000.0,149000000.0,8000000.0,,,93000000.0,430000000.0,432000000.0,62000000.0,325000000.0,356000000.0,1000000.0,234000000.0,1116000000.0,935000000.0,620000000.0,242000000.0,1502000000.0,,812500000.0,812500000.0,812500000.0
Fifth Third Bancorp,FITB,THRNG6BD57P9QWTQLG42,35527,2010.0,Q2YTD,2010-01-01,2010-06-30,,0.07,0.07,,332000000.0,0.07,,,38000000.0,178000000.0,345000000.0,1911000000.0,146000000.0,,182000000.0,182000000.0,58000000.0,,1779000000.0,300000000.0,22000000.0,,1000000.0,174000000.0,906000000.0,873000000.0,124000000.0,915000000.0,685000000.0,2000000.0,480000000.0,2259000000.0,1891000000.0,1247000000.0,220000000.0,3026000000.0,,812500000.0,812500000.0,812500000.0
Fifth Third Bancorp,FITB,THRNG6BD57P9QWTQLG42,35527,2010.0,Q2TTM,2009-07-01,2010-06-30,,-1.24,-1.24,,-200000000.0,-1.04,,,-120000000.0,26000000.0,-19000000.0,-81000000.0,-36000000.0,,-750000000.0,-750000000.0,-772000000.0,,172000000.0,-10000000.0,-1780000000.0,,2000000.0,-38000000.0,-94000000.0,-241000000.0,22000000.0,-899000000.0,12000000.0,-34000000.0,-270000000.0,-98000000.0,-92000000.0,-2033000000.0,-870000000.0,-1861000000.0,,812500000.0,812500000.0,812500000.0
Fifth Third Bancorp,FITB,THRNG6BD57P9QWTQLG42,35527,2010.0,Q1,2010-01-01,2010-03-31,2010-05-07 16:00:31+00:00,-0.09,-0.09,,171000000.0,-0.09,,,-12000000.0,91000000.0,182000000.0,960000000.0,74000000.0,,-10000000.0,-10000000.0,-72000000.0,,897000000.0,151000000.0,14000000.0,,1000000.0,81000000.0,476000000.0,441000000.0,62000000.0,590000000.0,329000000.0,1000000.0,246000000.0,1143000000.0,956000000.0,627000000.0,-22000000.0,1524000000.0,,800000000.0,800000000.0,800000000.0
Fifth Third Bancorp,FITB,THRNG6BD57P9QWTQLG42,35527,2010.0,Q1TTM,2009-04-01,2010-03-31,,-0.05,-0.05,,-103000000.0,-0.05,,,300000000.0,12000000.0,2000000.0,-37000000.0,-30000000.0,,-60000000.0,-60000000.0,-46000000.0,,121000000.0,-4000000.0,22000000.0,,,-32000000.0,-4000000.0,-72000000.0,-14000000.0,-183000000.0,2000000.0,-23000000.0,-156000000.0,-35000000.0,-6000000.0,-70000000.0,240000000.0,51000000.0,,800000000.0,800000000.0,800000000.0
Fifth Third Bancorp,FITB,THRNG6BD57P9QWTQLG42,35527,2011.0,Q4,2011-10-01,2011-12-31,,0.74,0.74,-0.28,149000000.0,0.73,,,252000000.0,182000000.0,300000000.0,1810000000.0,148000000.0,,696000000.0,696000000.0,678000000.0,1000000.0,1814000000.0,304000000.0,41000000.0,,3000000.0,62000000.0,873000000.0,930000000.0,17000000.0,142000000.0,762000000.0,2000000.0,299000000.0,2113000000.0,1939000000.0,1215000000.0,948000000.0,3029000000.0,,911700000.0,906460550.0,949545420.0
Fifth Third Bancorp,FITB,THRNG6BD57P9QWTQLG42,35527,2011.0,FY,2011-01-01,2011-12-31,2014-02-24 07:03:14+00:00,1.2,1.2,-0.28,352000000.0,1.18,,,533000000.0,375000000.0,600000000.0,3613000000.0,305000000.0,,1298000000.0,1298000000.0,1094000000.0,1000000.0,3557000000.0,606000000.0,55000000.0,,5000000.0,350000000.0,1674000000.0,1675000000.0,203000000.0,423000000.0,1478000000.0,4000000.0,661000000.0,4218000000.0,3758000000.0,2455000000.0,1831000000.0,6012000000.0,,911700000.0,906460550.0,949545420.0
Fifth Third Bancorp,FITB,THRNG6BD57P9QWTQLG42,35527,2011.0,Q3YTD,2011-01-01,2011-09-30,,,0.87,-0.2,287000000.0,0.85,,,430000000.0,285000000.0,455000000.0,2702000000.0,229000000.0,,983000000.0,983000000.0,789000000.0,,2641000000.0,453000000.0,51000000.0,,3000000.0,268000000.0,1227000000.0,1301000000.0,194000000.0,368000000.0,1085000000.0,3000000.0,519000000.0,3160000000.0,2765000000.0,1905000000.0,1413000000.0,4546000000.0,,,914946545.0,955490439.0
Fifth Third Bancorp,FITB,THRNG6BD57P9QWTQLG42,35527,2011.0,Q3TTM,2010-10-01,2011-09-30,,0.56,1.21,-0.25,405000000.0,1.19,,,514000000.0,378000000.0,607000000.0,3652000000.0,301000000.0,,1316000000.0,1316000000.0,1059000000.0,,3554000000.0,612000000.0,86000000.0,,5000000.0,372000000.0,1668000000.0,1724000000.0,257000000.0,534000000.0,1470000000.0,4000000.0,710000000.0,4264000000.0,3750000000.0,2560000000.0,1830000000.0,6114000000.0,,,914946545.0,955490439.0
Fifth Third Bancorp,FITB,THRNG6BD57P9QWTQLG42,35527,2011.0,Q2,2011-04-01,2011-06-30,2011-08-05 17:02:31+00:00,0.36,0.36,,97000000.0,0.35,,,169000000.0,95000000.0,151000000.0,893000000.0,83000000.0,,337000000.0,337000000.0,328000000.0,0.0,864000000.0,151000000.0,6000000.0,,1000000.0,95000000.0,385000000.0,460000000.0,9000000.0,113000000.0,365000000.0,1000000.0,181000000.0,1045000000.0,901000000.0,656000000.0,506000000.0,1520000000.0,,911100000.0,911100000.0,937100000.0
Fifth Third Bancorp,FITB,THRNG6BD57P9QWTQLG42,35527,2011.0,Q2YTD,2011-01-01,2011-06-30,,0.46,0.46,,203000000.0,0.45,,,281000000.0,193000000.0,300000000.0,1803000000.0,157000000.0,,602000000.0,602000000.0,416000000.0,,1743000000.0,302000000.0,14000000.0,,2000000.0,288000000.0,801000000.0,745000000.0,186000000.0,281000000.0,716000000.0,2000000.0,362000000.0,2105000000.0,1819000000.0,1240000000.0,883000000.0,2983000000.0,,911100000.0,911100000.0,937100000.0
Fifth Third Bancorp,FITB,THRNG6BD57P9QWTQLG42,35527,2011.0,Q2TTM,2010-07-01,2011-06-30,,1.02,1.02,-0.04,462000000.0,1.01,,,430000000.0,376000000.0,613000000.0,3715000000.0,301000000.0,,1173000000.0,1173000000.0,861000000.0,,3568000000.0,611000000.0,53000000.0,,9000000.0,478000000.0,1711000000.0,1815000000.0,312000000.0,904000000.0,1461000000.0,4000000.0,767000000.0,4335000000.0,3783000000.0,2722000000.0,1603000000.0,6290000000.0,,911100000.0,911100000.0,937100000.0
Fifth Third Bancorp,FITB,THRNG6BD57P9QWTQLG42,35527,2011.0,Q1,2011-01-01,2011-03-31,2011-05-09 16:52:44+00:00,0.1,0.1,,106000000.0,0.1,,,112000000.0,98000000.0,149000000.0,910000000.0,74000000.0,,265000000.0,265000000.0,88000000.0,0.0,879000000.0,151000000.0,8000000.0,,1000000.0,193000000.0,416000000.0,285000000.0,177000000.0,168000000.0,351000000.0,1000000.0,181000000.0,1060000000.0,918000000.0,584000000.0,377000000.0,1463000000.0,,880000000.0,880000000.0,880000000.0
Fifth Third Bancorp,FITB,THRNG6BD57P9QWTQLG42,35527,2011.0,Q1TTM,2010-04-01,2011-03-31,,0.82,0.82,-0.04,526000000.0,0.82,,,311000000.0,368000000.0,625000000.0,3773000000.0,290000000.0,,1028000000.0,1028000000.0,663000000.0,,3586000000.0,609000000.0,55000000.0,,8000000.0,476000000.0,1756000000.0,1787000000.0,365000000.0,1116000000.0,1452000000.0,4000000.0,820000000.0,4406000000.0,3817000000.0,2686000000.0,1339000000.0,6272000000.0,,880000000.0,880000000.0,880000000.0
Fifth Third Bancorp,FITB,THRNG6BD57P9QWTQLG42,35527,2012.0,Q4,2012-10-01,2012-12-31,,1.69,1.69,-0.36,216000000.0,1.66,,,636000000.0,374000000.0,529000000.0,3574000000.0,288000000.0,,1574000000.0,1574000000.0,1541000000.0,-2000000.0,3595000000.0,608000000.0,18000000.0,,4000000.0,413000000.0,1866000000.0,2194000000.0,35000000.0,303000000.0,1607000000.0,8000000.0,512000000.0,4107000000.0,4081000000.0,2999000000.0,2210000000.0,6594000000.0,,911800000.0,904425226.0,945554102.0
Fifth Third Bancorp,FITB,THRNG6BD57P9QWTQLG42,35527,2012.0,FY,2012-01-01,2012-12-31,2015-02-25 17:22:13+00:00,1.69,1.69,-0.36,216000000.0,1.66,,,636000000.0,374000000.0,529000000.0,3574000000.0,288000000.0,,1574000000.0,1574000000.0,1541000000.0,-2000000.0,3595000000.0,608000000.0,18000000.0,,4000000.0,413000000.0,1866000000.0,2194000000.0,35000000.0,303000000.0,1607000000.0,8000000.0,512000000.0,4107000000.0,4081000000.0,2999000000.0,2210000000.0,6594000000.0,,911800000.0,904425226.0,945554102.0
Fifth Third Bancorp,FITB,THRNG6BD57P9QWTQLG42,35527,2012.0,Q3YTD,2012-01-01,2012-09-30,,1.26,1.26,-0.26,165000000.0,1.23,,,492000000.0,281000000.0,405000000.0,2682000000.0,223000000.0,,1179000000.0,1179000000.0,1151000000.0,1000000.0,2696000000.0,453000000.0,19000000.0,,3000000.0,300000000.0,1272000000.0,1518000000.0,27000000.0,227000000.0,1191000000.0,6000000.0,394000000.0,3090000000.0,2916000000.0,2118000000.0,1671000000.0,4814000000.0,,907700000.0,904474989.0,944820608.0
Fifth Third Bancorp,FITB,THRNG6BD57P9QWTQLG42,35527,2012.0,Q3TTM,2011-10-01,2012-09-30,,2.46,1.59,-0.34,230000000.0,1.56,,,595000000.0,371000000.0,550000000.0,3593000000.0,299000000.0,,1494000000.0,1494000000.0,1456000000.0,2000000.0,3612000000.0,606000000.0,23000000.0,,5000000.0,382000000.0,1719000000.0,1892000000.0,36000000.0,282000000.0,1584000000.0,7000000.0,536000000.0,4148000000.0,3909000000.0,2668000000.0,2089000000.0,6280000000.0,,907700000.0,904474989.0,944820608.0
Fifth Third Bancorp,FITB,THRNG6BD57P9QWTQLG42,35527,2012.0,Q2YTD,2012-01-01,2012-06-30,,0.87,0.87,-0.16,113000000.0,0.85,,,353000000.0,189000000.0,276000000.0,1789000000.0,158000000.0,,815000000.0,815000000.0,797000000.0,,1793000000.0,300000000.0,12000000.0,,2000000.0,199000000.0,818000000.0,1047000000.0,18000000.0,162000000.0,792000000.0,3000000.0,274000000.0,2067000000.0,1910000000.0,1447000000.0,1168000000.0,3240000000.0,,917100000.0,913540510.0,954622463.0
Fifth Third Bancorp,FITB,THRNG6BD57P9QWTQLG42,35527,2012.0,Q2TTM,2011-07-01,2012-06-30,,2.07,1.61,-0.32,262000000.0,1.58,,,605000000.0,371000000.0,576000000.0,3599000000.0,306000000.0,,1511000000.0,1511000000.0,1475000000.0,1000000.0,3607000000.0,604000000.0,48000000.0,,5000000.0,368000000.0,1691000000.0,1875000000.0,35000000.0,304000000.0,1554000000.0,5000000.0,573000000.0,4180000000.0,3849000000.0,2662000000.0,2116000000.0,6269000000.0,,917100000.0,913540510.0,954622463.0
Fifth Third Bancorp,FITB,THRNG6BD57P9QWTQLG42,35527,2012.0,Q1TTM,2011-04-01,2012-03-31,,1.66,1.56,-0.3,304000000.0,1.53,,,594000000.0,373000000.0,592000000.0,3601000000.0,314000000.0,,1463000000.0,1463000000.0,1427000000.0,1000000.0,3576000000.0,606000000.0,51000000.0,,5000000.0,361000000.0,1681000000.0,1855000000.0,35000000.0,346000000.0,1526000000.0,4000000.0,622000000.0,4198000000.0,3813000000.0,2640000000.0,2057000000.0,6216000000.0,,915200000.0,915225816.0,957415527.0
Fifth Third Bancorp,FITB,THRNG6BD57P9QWTQLG42,35527,2013.0,Q4,2013-10-01,2013-12-31,,0.44,0.44,-0.82,48000000.0,0.44,,,160000000.0,98000000.0,155000000.0,844000000.0,53000000.0,,402000000.0,402000000.0,383000000.0,-10000000.0,900000000.0,159000000.0,10000000.0,10000000.0,3000000.0,87000000.0,441000000.0,510000000.0,19000000.0,52000000.0,389000000.0,1000000.0,102000000.0,1002000000.0,989000000.0,703000000.0,562000000.0,1603000000.0,,877600000.0,869462977.0,894736445.0
Fifth Third Bancorp,FITB,THRNG6BD57P9QWTQLG42,35527,2013.0,FY,2013-01-01,2013-12-31,2015-02-25 17:22:13+00:00,2.05,2.05,-0.47,202000000.0,2.02,,,772000000.0,393000000.0,520000000.0,3447000000.0,204000000.0,,1826000000.0,1826000000.0,1799000000.0,-10000000.0,3561000000.0,625000000.0,34000000.0,,6000000.0,400000000.0,1755000000.0,2400000000.0,37000000.0,229000000.0,1581000000.0,6000000.0,412000000.0,3973000000.0,3961000000.0,3227000000.0,2598000000.0,6788000000.0,,877600000.0,869462977.0,894736445.0
Fifth Third Bancorp,FITB,THRNG6BD57P9QWTQLG42,35527,2013.0,Q3,2013-07-01,2013-09-30,2013-11-06 16:39:06+00:00,0.47,0.47,0.12,51000000.0,0.47,,,183000000.0,97000000.0,134000000.0,857000000.0,47000000.0,,421000000.0,421000000.0,421000000.0,,893000000.0,156000000.0,7000000.0,,1000000.0,102000000.0,414000000.0,515000000.0,,51000000.0,389000000.0,1000000.0,99000000.0,992000000.0,959000000.0,721000000.0,604000000.0,1614000000.0,,895700000.0,880182513.0,888111269.0
Fifth Third Bancorp,FITB,THRNG6BD57P9QWTQLG42,35527,2013.0,Q3YTD,2013-01-01,2013-09-30,,1.61,1.61,0.35,154000000.0,1.58,,,612000000.0,295000000.0,365000000.0,2603000000.0,151000000.0,,1424000000.0,1424000000.0,1416000000.0,,2661000000.0,466000000.0,24000000.0,-10000000.0,3000000.0,313000000.0,1314000000.0,1890000000.0,18000000.0,177000000.0,1192000000.0,5000000.0,310000000.0,2971000000.0,2972000000.0,2524000000.0,2036000000.0,5185000000.0,,895700000.0,880182513.0,888111269.0
Fifth Third Bancorp,FITB,THRNG6BD57P9QWTQLG42,35527,2013.0,Q3TTM,2012-10-01,2013-09-30,,3.3,3.3,-0.01,370000000.0,3.24,,,1248000000.0,669000000.0,894000000.0,6177000000.0,439000000.0,,2998000000.0,2998000000.0,2957000000.0,-2000000.0,6256000000.0,1074000000.0,42000000.0,-10000000.0,7000000.0,726000000.0,3180000000.0,4084000000.0,53000000.0,480000000.0,2799000000.0,13000000.0,822000000.0,7078000000.0,7053000000.0,5523000000.0,4246000000.0,11779000000.0,,895700000.0,880182513.0,888111269.0
Fifth Third Bancorp,FITB,THRNG6BD57P9QWTQLG42,35527,2013.0,Q2,2013-04-01,2013-06-30,2013-08-07 16:55:52+00:00,0.67,0.67,0.12,53000000.0,0.65,,,250000000.0,98000000.0,119000000.0,864000000.0,50000000.0,,591000000.0,591000000.0,582000000.0,,880000000.0,154000000.0,,,1000000.0,112000000.0,477000000.0,850000000.0,9000000.0,64000000.0,404000000.0,1000000.0,104000000.0,984000000.0,1035000000.0,1060000000.0,841000000.0,1940000000.0,,868700000.0,858582710.0,900625454.0
Fifth Third Bancorp,FITB,THRNG6BD57P9QWTQLG42,35527,2013.0,Q2YTD,2013-01-01,2013-06-30,,1.14,1.14,0.23,103000000.0,1.11,,,429000000.0,198000000.0,231000000.0,1746000000.0,104000000.0,,1003000000.0,1003000000.0,995000000.0,,1768000000.0,310000000.0,17000000.0,-10000000.0,2000000.0,211000000.0,900000000.0,1375000000.0,18000000.0,126000000.0,803000000.0,4000000.0,211000000.0,1979000000.0,2013000000.0,1803000000.0,1432000000.0,3571000000.0,,868700000.0,858582710.0,900625454.0
Fifth Third Bancorp,FITB,THRNG6BD57P9QWTQLG42,35527,2013.0,Q2TTM,2012-07-01,2013-06-30,,2.83,2.83,-0.13,319000000.0,2.77,,,1065000000.0,572000000.0,760000000.0,5320000000.0,392000000.0,,2577000000.0,2577000000.0,2536000000.0,-2000000.0,5363000000.0,918000000.0,35000000.0,-10000000.0,6000000.0,624000000.0,2766000000.0,3569000000.0,53000000.0,429000000.0,2410000000.0,12000000.0,723000000.0,6086000000.0,6094000000.0,4802000000.0,3642000000.0,10165000000.0,,868700000.0,858582710.0,900625454.0
Fifth Third Bancorp,FITB,THRNG6BD57P9QWTQLG42,35527,2013.0,Q1,2013-01-01,2013-03-31,2013-05-09 16:42:03+00:00,0.47,0.47,0.11,50000000.0,0.46,,,179000000.0,100000000.0,112000000.0,882000000.0,54000000.0,,412000000.0,412000000.0,413000000.0,,888000000.0,156000000.0,17000000.0,-10000000.0,1000000.0,99000000.0,423000000.0,525000000.0,9000000.0,62000000.0,399000000.0,3000000.0,107000000.0,995000000.0,978000000.0,743000000.0,591000000.0,1631000000.0,,878700000.0,870923074.0,913163262.0
Fifth Third Bancorp,FITB,THRNG6BD57P9QWTQLG42,35527,2013.0,Q1TTM,2012-04-01,2013-03-31,,2.16,2.16,-0.25,266000000.0,2.12,,,815000000.0,474000000.0,641000000.0,4456000000.0,342000000.0,,1986000000.0,1986000000.0,1954000000.0,-2000000.0,4483000000.0,764000000.0,35000000.0,-10000000.0,5000000.0,512000000.0,2289000000.0,2719000000.0,44000000.0,365000000.0,2006000000.0,11000000.0,619000000.0,5102000000.0,5059000000.0,3742000000.0,2801000000.0,8225000000.0,,878700000.0,870923074.0,913163262.0
Fifth Third Bancorp,FITB,THRNG6BD57P9QWTQLG42,35527,2014.0,FY,2014-01-01,2014-12-31,2017-02-24 16:13:01+00:00,1.68,1.68,0.51,202000000.0,1.66,0.0,,545000000.0,407000000.0,724000000.0,3298000000.0,247000000.0,,1483000000.0,1483000000.0,1414000000.0,2000000.0,3579000000.0,646000000.0,21000000.0,,8000000.0,430000000.0,1614000000.0,1615000000.0,67000000.0,315000000.0,1449000000.0,2000000.0,451000000.0,4030000000.0,3709000000.0,2473000000.0,2028000000.0,6052000000.0,,841700000.0,833116349.0,842967356.0
Fifth Third Bancorp,FITB,THRNG6BD57P9QWTQLG42,35527,2014.0,Q4,2014-10-01,2014-12-31,,0.44,0.44,0.13,54000000.0,0.42,,,135000000.0,100000000.0,186000000.0,822000000.0,75000000.0,,385000000.0,385000000.0,361000000.0,1000000.0,883000000.0,161000000.0,3000000.0,,3000000.0,119000000.0,391000000.0,431000000.0,23000000.0,99000000.0,365000000.0,-1000000.0,128000000.0,1011000000.0,917000000.0,653000000.0,520000000.0,1536000000.0,,841700000.0,833116349.0,842967356.0
Fifth Third Bancorp,FITB,THRNG6BD57P9QWTQLG42,35527,2014.0,Q3YTD,2014-01-01,2014-09-30,,1.24,1.24,0.38,148000000.0,1.24,,,410000000.0,307000000.0,538000000.0,2476000000.0,172000000.0,,1098000000.0,1098000000.0,1053000000.0,1000000.0,2696000000.0,485000000.0,18000000.0,,5000000.0,311000000.0,1223000000.0,1184000000.0,44000000.0,216000000.0,1084000000.0,3000000.0,323000000.0,3019000000.0,2792000000.0,1820000000.0,1508000000.0,4516000000.0,,841000000.0,829391505.0,838324420.0
Fifth Third Bancorp,FITB,THRNG6BD57P9QWTQLG42,35527,2014.0,Q3TTM,2013-10-01,2014-09-30,,1.68,1.68,-0.44,196000000.0,1.68,,,570000000.0,405000000.0,693000000.0,3320000000.0,225000000.0,,1500000000.0,1500000000.0,1436000000.0,-9000000.0,3596000000.0,644000000.0,28000000.0,10000000.0,8000000.0,398000000.0,1664000000.0,1694000000.0,63000000.0,268000000.0,1473000000.0,4000000.0,425000000.0,4021000000.0,3781000000.0,2523000000.0,2070000000.0,6119000000.0,,841000000.0,829391505.0,838324420.0
Fifth Third Bancorp,FITB,THRNG6BD57P9QWTQLG42,35527,2014.0,Q3,2014-07-01,2014-09-30,2015-11-05 16:52:39+00:00,0.39,0.39,0.13,51000000.0,0.39,,,124000000.0,103000000.0,189000000.0,827000000.0,63000000.0,,340000000.0,340000000.0,328000000.0,,903000000.0,161000000.0,3000000.0,,2000000.0,100000000.0,370000000.0,314000000.0,12000000.0,71000000.0,357000000.0,1000000.0,115000000.0,1018000000.0,888000000.0,520000000.0,464000000.0,1423000000.0,,841000000.0,829391505.0,838324420.0
Fifth Third Bancorp,FITB,THRNG6BD57P9QWTQLG42,35527,2014.0,Q2YTD,2014-01-01,2014-06-30,,0.85,0.85,0.25,97000000.0,0.85,,,286000000.0,204000000.0,349000000.0,1649000000.0,109000000.0,,758000000.0,758000000.0,725000000.0,1000000.0,1793000000.0,324000000.0,15000000.0,,3000000.0,211000000.0,853000000.0,870000000.0,32000000.0,145000000.0,727000000.0,2000000.0,208000000.0,2001000000.0,1904000000.0,1300000000.0,1044000000.0,3093000000.0,,849000000.0,838492046.0,848245111.0
Fifth Third Bancorp,FITB,THRNG6BD57P9QWTQLG42,35527,2014.0,Q2TTM,2013-07-01,2014-06-30,,1.76,1.76,-0.45,196000000.0,1.76,,,629000000.0,399000000.0,638000000.0,3350000000.0,209000000.0,,1581000000.0,1581000000.0,1529000000.0,-9000000.0,3586000000.0,639000000.0,32000000.0,10000000.0,7000000.0,400000000.0,1708000000.0,1895000000.0,51000000.0,248000000.0,1505000000.0,4000000.0,409000000.0,3995000000.0,3852000000.0,2724000000.0,2210000000.0,6310000000.0,,849000000.0,838492046.0,848245111.0
Fifth Third Bancorp,FITB,THRNG6BD57P9QWTQLG42,35527,2014.0,Q2,2014-04-01,2014-06-30,2015-08-05 17:08:24+00:00,0.49,0.49,0.13,49000000.0,0.49,,,167000000.0,102000000.0,181000000.0,826000000.0,58000000.0,,439000000.0,439000000.0,416000000.0,,900000000.0,161000000.0,8000000.0,,1000000.0,107000000.0,425000000.0,519000000.0,23000000.0,76000000.0,368000000.0,1000000.0,108000000.0,1008000000.0,954000000.0,736000000.0,606000000.0,1636000000.0,,849000000.0,838492046.0,848245111.0
Fifth Third Bancorp,FITB,THRNG6BD57P9QWTQLG42,35527,2014.0,Q1,2014-01-01,2014-03-31,2014-05-08 16:40:48+00:00,0.36,0.36,0.12,48000000.0,0.36,,,119000000.0,102000000.0,168000000.0,823000000.0,51000000.0,,319000000.0,319000000.0,309000000.0,1000000.0,893000000.0,163000000.0,7000000.0,,2000000.0,104000000.0,428000000.0,351000000.0,9000000.0,69000000.0,359000000.0,1000000.0,100000000.0,993000000.0,950000000.0,564000000.0,438000000.0,1457000000.0,,858300000.0,845860065.0,857923596.0
Fifth Third Bancorp,FITB,THRNG6BD57P9QWTQLG42,35527,2014.0,Q1TTM,2013-04-01,2014-03-31,,1.94,1.94,-0.46,200000000.0,1.92,,,712000000.0,395000000.0,576000000.0,3388000000.0,201000000.0,,1733000000.0,1733000000.0,1695000000.0,-9000000.0,3566000000.0,632000000.0,24000000.0,10000000.0,7000000.0,405000000.0,1760000000.0,2226000000.0,37000000.0,236000000.0,1541000000.0,4000000.0,405000000.0,3971000000.0,3933000000.0,3048000000.0,2445000000.0,6614000000.0,,858300000.0,845860065.0,857923596.0
Fifth Third Bancorp,FITB,THRNG6BD57P9QWTQLG42,35527,2015.0,FY,2015-01-01,2015-12-31,2018-02-28 08:59:15+00:00,2.03,2.03,0.52,186000000.0,2.01,1000000.0,,659000000.0,418000000.0,869000000.0,3151000000.0,306000000.0,,1706000000.0,1706000000.0,1637000000.0,-6000000.0,3533000000.0,669000000.0,9000000.0,,8000000.0,384000000.0,1581000000.0,2192000000.0,75000000.0,396000000.0,1525000000.0,2000000.0,495000000.0,4028000000.0,3775000000.0,3003000000.0,2365000000.0,6536000000.0,,806400000.0,798628173.0,807658669.0
Fifth Third Bancorp,FITB,THRNG6BD57P9QWTQLG42,35527,2015.0,Q4,2015-10-01,2015-12-31,,0.79,0.79,0.13,46000000.0,0.78,1000000.0,,293000000.0,102000000.0,232000000.0,796000000.0,84000000.0,,655000000.0,655000000.0,633000000.0,,898000000.0,172000000.0,1000000.0,,1000000.0,104000000.0,404000000.0,897000000.0,22000000.0,92000000.0,386000000.0,,131000000.0,1029000000.0,962000000.0,1104000000.0,948000000.0,2002000000.0,,806400000.0,798628173.0,807658669.0
Fifth Third Bancorp,FITB,THRNG6BD57P9QWTQLG42,35527,2015.0,Q3,2015-07-01,2015-09-30,2016-11-09 07:03:30+00:00,0.46,0.46,0.13,44000000.0,0.45,0.0,,134000000.0,103000000.0,230000000.0,795000000.0,80000000.0,,381000000.0,381000000.0,366000000.0,0.0,901000000.0,164000000.0,0.0,,1000000.0,104000000.0,392000000.0,506000000.0,15000000.0,156000000.0,387000000.0,1000000.0,125000000.0,1026000000.0,943000000.0,713000000.0,515000000.0,1614000000.0,,795700000.0,795792825.0,805022588.0
Fifth Third Bancorp,FITB,THRNG6BD57P9QWTQLG42,35527,2015.0,Q3YTD,2015-01-01,2015-09-30,,1.24,1.24,0.39,140000000.0,1.23,,,366000000.0,316000000.0,637000000.0,2355000000.0,222000000.0,,1051000000.0,1051000000.0,1004000000.0,-6000000.0,2635000000.0,497000000.0,8000000.0,,7000000.0,280000000.0,1177000000.0,1295000000.0,53000000.0,304000000.0,1139000000.0,2000000.0,364000000.0,2999000000.0,2813000000.0,1899000000.0,1417000000.0,4534000000.0,,795700000.0,795792825.0,805022588.0
Fifth Third Bancorp,FITB,THRNG6BD57P9QWTQLG42,35527,2015.0,Q3TTM,2014-10-01,2015-09-30,,1.68,1.68,0.52,194000000.0,1.65,,,501000000.0,416000000.0,823000000.0,3177000000.0,297000000.0,,1436000000.0,1436000000.0,1365000000.0,-5000000.0,3518000000.0,658000000.0,11000000.0,,10000000.0,399000000.0,1568000000.0,1726000000.0,76000000.0,403000000.0,1504000000.0,1000000.0,492000000.0,4010000000.0,3730000000.0,2552000000.0,1937000000.0,6070000000.0,,795700000.0,795792825.0,805022588.0
Fifth Third Bancorp,FITB,THRNG6BD57P9QWTQLG42,35527,2015.0,Q2,2015-04-01,2015-06-30,2016-08-05 08:57:30+00:00,0.36,0.36,0.13,46000000.0,0.36,,,108000000.0,105000000.0,219000000.0,782000000.0,69000000.0,,309000000.0,309000000.0,292000000.0,-6000000.0,887000000.0,168000000.0,4000000.0,,2000000.0,113000000.0,396000000.0,334000000.0,23000000.0,79000000.0,383000000.0,1000000.0,116000000.0,1003000000.0,947000000.0,556000000.0,417000000.0,1443000000.0,,811100000.0,803965057.0,812842540.0
Fifth Third Bancorp,FITB,THRNG6BD57P9QWTQLG42,35527,2015.0,Q2YTD,2015-01-01,2015-06-30,,0.78,0.78,0.26,96000000.0,0.78,,,232000000.0,213000000.0,407000000.0,1560000000.0,142000000.0,,670000000.0,670000000.0,638000000.0,-6000000.0,1734000000.0,333000000.0,8000000.0,,6000000.0,176000000.0,785000000.0,789000000.0,38000000.0,148000000.0,752000000.0,1000000.0,239000000.0,1973000000.0,1870000000.0,1186000000.0,902000000.0,2920000000.0,,811100000.0,803965057.0,812842540.0
Fifth Third Bancorp,FITB,THRNG6BD57P9QWTQLG42,35527,2015.0,Q2TTM,2014-07-01,2015-06-30,,1.61,1.61,0.52,201000000.0,1.59,,,491000000.0,416000000.0,782000000.0,3209000000.0,280000000.0,,1395000000.0,1395000000.0,1327000000.0,-5000000.0,3520000000.0,655000000.0,14000000.0,,11000000.0,395000000.0,1546000000.0,1534000000.0,73000000.0,318000000.0,1474000000.0,1000000.0,482000000.0,4002000000.0,3675000000.0,2359000000.0,1886000000.0,5879000000.0,,811100000.0,803965057.0,812842540.0
Fifth Third Bancorp,FITB,THRNG6BD57P9QWTQLG42,35527,2015.0,Q1,2015-01-01,2015-03-31,2016-05-06 15:13:46+00:00,0.42,0.42,0.13,50000000.0,0.42,,,124000000.0,108000000.0,188000000.0,778000000.0,73000000.0,,361000000.0,361000000.0,346000000.0,,847000000.0,165000000.0,4000000.0,,4000000.0,63000000.0,389000000.0,455000000.0,15000000.0,69000000.0,369000000.0,,123000000.0,970000000.0,923000000.0,630000000.0,485000000.0,1477000000.0,,823800000.0,810209585.0,818672259.0
Fifth Third Bancorp,FITB,THRNG6BD57P9QWTQLG42,35527,2015.0,Q1TTM,2014-04-01,2015-03-31,,1.74,1.74,0.52,204000000.0,1.72,,,550000000.0,413000000.0,744000000.0,3253000000.0,269000000.0,,1525000000.0,1525000000.0,1451000000.0,1000000.0,3533000000.0,648000000.0,18000000.0,,10000000.0,389000000.0,1575000000.0,1719000000.0,73000000.0,315000000.0,1459000000.0,1000000.0,474000000.0,4007000000.0,3682000000.0,2539000000.0,2075000000.0,6072000000.0,,823800000.0,810209585.0,818672259.0
Fifth Third Bancorp,FITB,THRNG6BD57P9QWTQLG42,35527,2016.0,FY,2016-01-01,2016-12-31,2019-03-01 09:04:05+00:00,1.92,1.92,0.53,205000000.0,1.91,2000000.0,,665000000.0,,952000000.0,3233000000.0,361000000.0,,1543000000.0,1543000000.0,1472000000.0,-4000000.0,3615000000.0,651000000.0,10000000.0,,8000000.0,432000000.0,1497000000.0,1850000000.0,75000000.0,343000000.0,1612000000.0,10000000.0,578000000.0,4193000000.0,3760000000.0,2696000000.0,2208000000.0,6311000000.0,404000000.0,766700000.0,757432291.0,764495353.0
Fifth Third Bancorp,FITB,THRNG6BD57P9QWTQLG42,35527,2016.0,Q4,2016-10-01,2016-12-31,,0.46,0.46,-0.39,55000000.0,0.47,,,275000000.0,-304000000.0,245000000.0,805000000.0,92000000.0,,377000000.0,377000000.0,355000000.0,,903000000.0,159000000.0,-3000000.0,,2000000.0,102000000.0,257000000.0,421000000.0,22000000.0,53000000.0,402000000.0,2000000.0,149000000.0,1052000000.0,818000000.0,620000000.0,652000000.0,1523000000.0,404000000.0,766700000.0,757432291.0,764495353.0
Fifth Third Bancorp,FITB,THRNG6BD57P9QWTQLG42,35527,2016.0,Q3,2016-07-01,2016-09-30,2017-11-06 16:33:35+00:00,0.66,0.66,0.13,51000000.0,0.65,0.0,,178000000.0,101000000.0,239000000.0,816000000.0,97000000.0,,516000000.0,516000000.0,501000000.0,0.0,907000000.0,164000000.0,4000000.0,,2000000.0,111000000.0,409000000.0,624000000.0,15000000.0,80000000.0,400000000.0,2000000.0,150000000.0,1057000000.0,973000000.0,840000000.0,694000000.0,1747000000.0,,759100000.0,750885834.0,757855877.0
Fifth Third Bancorp,FITB,THRNG6BD57P9QWTQLG42,35527,2016.0,Q3YTD,2016-01-01,2016-09-30,,1.46,1.46,0.39,150000000.0,1.44,2000000.0,,390000000.0,304000000.0,707000000.0,2428000000.0,269000000.0,,1166000000.0,1166000000.0,1117000000.0,-4000000.0,2712000000.0,492000000.0,13000000.0,,6000000.0,330000000.0,1240000000.0,1429000000.0,53000000.0,290000000.0,1210000000.0,8000000.0,429000000.0,3141000000.0,2942000000.0,2076000000.0,1556000000.0,4788000000.0,,759100000.0,750885834.0,757855877.0
Fifth Third Bancorp,FITB,THRNG6BD57P9QWTQLG42,35527,2016.0,Q3TTM,2015-10-01,2016-09-30,,2.25,2.25,0.52,196000000.0,2.22,3000000.0,,683000000.0,406000000.0,939000000.0,3224000000.0,353000000.0,,1821000000.0,1821000000.0,1750000000.0,-4000000.0,3610000000.0,664000000.0,14000000.0,,7000000.0,434000000.0,1644000000.0,2326000000.0,75000000.0,382000000.0,1596000000.0,8000000.0,560000000.0,4170000000.0,3904000000.0,3180000000.0,2504000000.0,6790000000.0,,759100000.0,750885834.0,757855877.0
Fifth Third Bancorp,FITB,THRNG6BD57P9QWTQLG42,35527,2016.0,Q2,2016-04-01,2016-06-30,2017-08-08 16:54:57+00:00,0.4,0.4,0.13,50000000.0,0.39,1000000.0,,103000000.0,101000000.0,236000000.0,808000000.0,90000000.0,,324000000.0,324000000.0,305000000.0,-4000000.0,902000000.0,165000000.0,6000000.0,,2000000.0,117000000.0,411000000.0,375000000.0,23000000.0,91000000.0,407000000.0,3000000.0,144000000.0,1046000000.0,983000000.0,599000000.0,427000000.0,1501000000.0,,762500000.0,759105385.0,764811003.0
Fifth Third Bancorp,FITB,THRNG6BD57P9QWTQLG42,35527,2016.0,Q2YTD,2016-01-01,2016-06-30,,0.8,0.8,0.26,99000000.0,0.79,2000000.0,,212000000.0,203000000.0,468000000.0,1612000000.0,172000000.0,,650000000.0,650000000.0,616000000.0,-4000000.0,1805000000.0,328000000.0,9000000.0,,4000000.0,219000000.0,831000000.0,805000000.0,38000000.0,210000000.0,810000000.0,6000000.0,279000000.0,2084000000.0,1969000000.0,1236000000.0,862000000.0,3041000000.0,,762500000.0,759105385.0,764811003.0
Fifth Third Bancorp,FITB,THRNG6BD57P9QWTQLG42,35527,2016.0,Q2TTM,2015-07-01,2016-06-30,,2.05,2.05,0.52,189000000.0,2.02,3000000.0,,639000000.0,408000000.0,930000000.0,3203000000.0,336000000.0,,1686000000.0,1686000000.0,1615000000.0,-4000000.0,3604000000.0,664000000.0,10000000.0,,6000000.0,427000000.0,1627000000.0,2208000000.0,75000000.0,458000000.0,1583000000.0,7000000.0,535000000.0,4139000000.0,3874000000.0,3053000000.0,2325000000.0,6657000000.0,,762500000.0,759105385.0,764811003.0
Fifth Third Bancorp,FITB,THRNG6BD57P9QWTQLG42,35527,2016.0,Q1,2016-01-01,2016-03-31,2017-05-05 16:04:23+00:00,0.4,0.4,0.13,49000000.0,0.4,1000000.0,,109000000.0,102000000.0,232000000.0,804000000.0,82000000.0,,326000000.0,326000000.0,311000000.0,0.0,903000000.0,163000000.0,3000000.0,,2000000.0,102000000.0,420000000.0,430000000.0,15000000.0,119000000.0,403000000.0,3000000.0,135000000.0,1038000000.0,986000000.0,637000000.0,435000000.0,1540000000.0,,777500000.0,773564178.0,777757934.0
Fifth Third Bancorp,FITB,THRNG6BD57P9QWTQLG42,35527,2016.0,Q1TTM,2015-04-01,2016-03-31,,2.01,2.01,0.52,185000000.0,1.99,2000000.0,,644000000.0,412000000.0,913000000.0,3177000000.0,315000000.0,,1671000000.0,1671000000.0,1602000000.0,-6000000.0,3589000000.0,667000000.0,8000000.0,,6000000.0,423000000.0,1612000000.0,2167000000.0,75000000.0,446000000.0,1559000000.0,5000000.0,507000000.0,4096000000.0,3838000000.0,3010000000.0,2315000000.0,6599000000.0,,777500000.0,773564178.0,777757934.0
Fifth Third Bancorp,FITB,THRNG6BD57P9QWTQLG42,35527,2017.0,FY,2017-01-01,2017-12-31,2019-03-01 09:04:05+00:00,2.86,2.86,0.6,277000000.0,2.81,6000000.0,,799000000.0,,996000000.0,3478000000.0,378000000.0,,2180000000.0,2180000000.0,2105000000.0,0.0,3798000000.0,657000000.0,4000000.0,,15000000.0,353000000.0,1492000000.0,2448000000.0,75000000.0,261000000.0,1633000000.0,30000000.0,691000000.0,4489000000.0,3782000000.0,3224000000.0,2979000000.0,7022000000.0,419000000.0,736000000.0,728289200.0,740691433.0
Fifth Third Bancorp,FITB,THRNG6BD57P9QWTQLG42,35527,2017.0,Q4,2017-10-01,2017-12-31,,0.65,0.65,-0.28,80000000.0,0.63,2000000.0,,106000000.0,-211000000.0,257000000.0,882000000.0,102000000.0,,494000000.0,494000000.0,472000000.0,,956000000.0,171000000.0,,,6000000.0,77000000.0,275000000.0,393000000.0,22000000.0,68000000.0,418000000.0,5000000.0,189000000.0,1145000000.0,864000000.0,576000000.0,600000000.0,1532000000.0,317000000.0,736000000.0,728289200.0,740691433.0
Fifth Third Bancorp,FITB,THRNG6BD57P9QWTQLG42,35527,2017.0,Q3,2017-07-01,2017-09-30,2018-11-06 16:48:44+00:00,1.37,1.37,,73000000.0,1.35,2000000.0,,475000000.0,,249000000.0,899000000.0,95000000.0,,1014000000.0,1014000000.0,999000000.0,0.0,970000000.0,166000000.0,2000000.0,,4000000.0,101000000.0,402000000.0,1356000000.0,15000000.0,67000000.0,407000000.0,12000000.0,182000000.0,1152000000.0,975000000.0,1561000000.0,1489000000.0,2531000000.0,102000000.0,729200000.0,721280389.0,733284502.0
Fifth Third Bancorp,FITB,THRNG6BD57P9QWTQLG42,35527,2017.0,Q3YTD,2017-01-01,2017-09-30,,2.21,2.21,0.28,197000000.0,2.18,4000000.0,,693000000.0,211000000.0,739000000.0,2596000000.0,276000000.0,,1686000000.0,1686000000.0,1633000000.0,,2842000000.0,486000000.0,4000000.0,,9000000.0,276000000.0,1217000000.0,2055000000.0,53000000.0,193000000.0,1215000000.0,25000000.0,502000000.0,3344000000.0,2918000000.0,2648000000.0,2379000000.0,5490000000.0,102000000.0,729200000.0,721280389.0,733284502.0
Fifth Third Bancorp,FITB,THRNG6BD57P9QWTQLG42,35527,2017.0,Q3TTM,2016-10-01,2017-09-30,,2.67,2.67,-0.11,252000000.0,2.65,4000000.0,,968000000.0,-93000000.0,984000000.0,3401000000.0,368000000.0,,2063000000.0,2063000000.0,1988000000.0,,3745000000.0,645000000.0,1000000.0,,11000000.0,378000000.0,1474000000.0,2476000000.0,75000000.0,246000000.0,1617000000.0,27000000.0,651000000.0,4396000000.0,3736000000.0,3268000000.0,3031000000.0,7013000000.0,506000000.0,729200000.0,721280389.0,733284502.0
Fifth Third Bancorp,FITB,THRNG6BD57P9QWTQLG42,35527,2017.0,Q2,2017-04-01,2017-06-30,2018-08-08 16:27:45+00:00,0.46,0.46,0.14,65000000.0,0.45,1000000.0,,127000000.0,103000000.0,245000000.0,858000000.0,91000000.0,,367000000.0,367000000.0,344000000.0,0.0,939000000.0,156000000.0,2000000.0,,3000000.0,101000000.0,404000000.0,358000000.0,23000000.0,52000000.0,397000000.0,10000000.0,167000000.0,1106000000.0,957000000.0,564000000.0,494000000.0,1503000000.0,,747800000.0,741400700.0,752328298.0
Fifth Third Bancorp,FITB,THRNG6BD57P9QWTQLG42,35527,2017.0,Q2YTD,2017-01-01,2017-06-30,,0.84,0.84,0.28,124000000.0,0.83,2000000.0,,218000000.0,211000000.0,490000000.0,1697000000.0,181000000.0,,672000000.0,672000000.0,634000000.0,,1872000000.0,320000000.0,2000000.0,,5000000.0,175000000.0,815000000.0,699000000.0,38000000.0,126000000.0,808000000.0,13000000.0,320000000.0,2192000000.0,1943000000.0,1087000000.0,890000000.0,2959000000.0,,747800000.0,741400700.0,752328298.0
Fifth Third Bancorp,FITB,THRNG6BD57P9QWTQLG42,35527,2017.0,Q2TTM,2016-07-01,2017-06-30,,1.96,1.96,0.02,230000000.0,1.95,2000000.0,,671000000.0,8000000.0,974000000.0,3318000000.0,370000000.0,,1565000000.0,1565000000.0,1490000000.0,,3682000000.0,643000000.0,3000000.0,,9000000.0,388000000.0,1481000000.0,1744000000.0,75000000.0,259000000.0,1610000000.0,17000000.0,619000000.0,4301000000.0,3734000000.0,2547000000.0,2236000000.0,6229000000.0,404000000.0,747800000.0,741400700.0,752328298.0
Fifth Third Bancorp,FITB,THRNG6BD57P9QWTQLG42,35527,2017.0,Q1,2017-01-01,2017-03-31,2018-05-04 16:21:05+00:00,0.38,0.38,0.14,59000000.0,0.38,1000000.0,,91000000.0,108000000.0,245000000.0,839000000.0,90000000.0,,305000000.0,305000000.0,290000000.0,0.0,933000000.0,164000000.0,0.0,,2000000.0,74000000.0,411000000.0,341000000.0,15000000.0,74000000.0,411000000.0,3000000.0,153000000.0,1086000000.0,986000000.0,523000000.0,396000000.0,1456000000.0,,763200000.0,747667521.0,760809239.0
Fifth Third Bancorp,FITB,THRNG6BD57P9QWTQLG42,35527,2017.0,Q1TTM,2016-04-01,2017-03-31,,1.9,1.9,0.01,215000000.0,1.89,2000000.0,,647000000.0,6000000.0,965000000.0,3268000000.0,369000000.0,,1522000000.0,1522000000.0,1451000000.0,-4000000.0,3645000000.0,652000000.0,7000000.0,,8000000.0,404000000.0,1488000000.0,1761000000.0,75000000.0,298000000.0,1620000000.0,10000000.0,596000000.0,4241000000.0,3760000000.0,2582000000.0,2169000000.0,6227000000.0,404000000.0,763200000.0,747667521.0,760809239.0
Fifth Third Bancorp,FITB,THRNG6BD57P9QWTQLG42,35527,2018.0,FY,2018-01-01,2018-12-31,2019-03-01 09:04:05+00:00,3.11,3.11,0.74,538000000.0,3.06,30000000.0,,572000000.0,,1080000000.0,4078000000.0,446000000.0,,2193000000.0,2193000000.0,2118000000.0,0.0,4140000000.0,700000000.0,-69000000.0,,25000000.0,438000000.0,1445000000.0,1977000000.0,75000000.0,237000000.0,1783000000.0,29000000.0,1043000000.0,5183000000.0,3928000000.0,2790000000.0,2765000000.0,6930000000.0,444000000.0,681000000.0,673346168.0,685488498.0
Fifth Third Bancorp,FITB,THRNG6BD57P9QWTQLG42,35527,2018.0,Q4,2018-10-01,2018-12-31,,0.67,0.67,,180000000.0,0.67,13000000.0,,131000000.0,,281000000.0,1104000000.0,115000000.0,,454000000.0,454000000.0,432000000.0,,1081000000.0,183000000.0,-29000000.0,,8000000.0,130000000.0,318000000.0,365000000.0,22000000.0,126000000.0,444000000.0,4000000.0,312000000.0,1393000000.0,945000000.0,575000000.0,585000000.0,1656000000.0,109000000.0,681000000.0,673346168.0,685488498.0
Fifth Third Bancorp,FITB,THRNG6BD57P9QWTQLG42,35527,2018.0,Q3,2018-07-01,2018-09-30,2019-11-08 15:49:17+00:00,0.62,0.62,,144000000.0,0.61,10000000.0,,114000000.0,,269000000.0,1040000000.0,112000000.0,,436000000.0,436000000.0,421000000.0,0.0,1043000000.0,172000000.0,-7000000.0,,6000000.0,100000000.0,379000000.0,356000000.0,15000000.0,84000000.0,421000000.0,6000000.0,272000000.0,1315000000.0,972000000.0,563000000.0,550000000.0,1606000000.0,114000000.0,679000000.0,667624132.0,679198715.0
Fifth Third Bancorp,FITB,THRNG6BD57P9QWTQLG42,35527,2018.0,Q3YTD,2018-01-01,2018-09-30,,2.44,2.44,,358000000.0,2.39,17000000.0,,441000000.0,,799000000.0,2974000000.0,331000000.0,,1739000000.0,1739000000.0,1686000000.0,,3059000000.0,517000000.0,-40000000.0,,17000000.0,308000000.0,1127000000.0,1612000000.0,53000000.0,111000000.0,1339000000.0,25000000.0,731000000.0,3790000000.0,2983000000.0,2215000000.0,2180000000.0,5274000000.0,335000000.0,679000000.0,667624132.0,679198715.0
Fifth Third Bancorp,FITB,THRNG6BD57P9QWTQLG42,35527,2018.0,Q3TTM,2017-10-01,2018-09-30,,3.09,3.09,-0.28,438000000.0,3.02,19000000.0,,547000000.0,-211000000.0,1056000000.0,3856000000.0,433000000.0,,2233000000.0,2233000000.0,2158000000.0,,4015000000.0,688000000.0,-40000000.0,,23000000.0,385000000.0,1402000000.0,2005000000.0,75000000.0,179000000.0,1757000000.0,30000000.0,920000000.0,4935000000.0,3847000000.0,2791000000.0,2780000000.0,6806000000.0,652000000.0,679000000.0,667624132.0,679198715.0
Fifth Third Bancorp,FITB,THRNG6BD57P9QWTQLG42,35527,2018.0,Q2,2018-04-01,2018-06-30,2019-08-08 12:28:03+00:00,0.84,0.84,,119000000.0,0.82,5000000.0,,146000000.0,,267000000.0,996000000.0,114000000.0,,602000000.0,602000000.0,579000000.0,0.0,1020000000.0,171000000.0,-9000000.0,,6000000.0,120000000.0,359000000.0,524000000.0,23000000.0,14000000.0,471000000.0,11000000.0,249000000.0,1269000000.0,1001000000.0,743000000.0,748000000.0,1763000000.0,108000000.0,689300000.0,683000000.0,696000000.0
Fifth Third Bancorp,FITB,THRNG6BD57P9QWTQLG42,35527,2018.0,Q2YTD,2018-01-01,2018-06-30,,1.82,1.82,,214000000.0,1.78,7000000.0,,327000000.0,,530000000.0,1934000000.0,219000000.0,,1303000000.0,1303000000.0,1265000000.0,,2016000000.0,345000000.0,-33000000.0,,11000000.0,208000000.0,748000000.0,1256000000.0,38000000.0,27000000.0,918000000.0,19000000.0,459000000.0,2475000000.0,2011000000.0,1652000000.0,1630000000.0,3668000000.0,221000000.0,689300000.0,683000000.0,696000000.0
Fifth Third Bancorp,FITB,THRNG6BD57P9QWTQLG42,35527,2018.0,Q2TTM,2017-07-01,2018-06-30,,3.84,3.84,-0.28,367000000.0,3.76,11000000.0,,908000000.0,-211000000.0,1036000000.0,3715000000.0,416000000.0,,2811000000.0,2811000000.0,2736000000.0,,3942000000.0,682000000.0,-31000000.0,,21000000.0,386000000.0,1425000000.0,3005000000.0,75000000.0,162000000.0,1743000000.0,36000000.0,830000000.0,4772000000.0,3850000000.0,3789000000.0,3719000000.0,7731000000.0,640000000.0,689300000.0,683000000.0,696000000.0
Fifth Third Bancorp,FITB,THRNG6BD57P9QWTQLG42,35527,2018.0,Q1,2018-01-01,2018-03-31,2019-05-10 16:00:36+00:00,0.98,0.98,0.16,95000000.0,0.96,2000000.0,,181000000.0,,263000000.0,938000000.0,105000000.0,,701000000.0,701000000.0,686000000.0,0.0,996000000.0,174000000.0,-24000000.0,,5000000.0,88000000.0,389000000.0,732000000.0,15000000.0,13000000.0,447000000.0,8000000.0,210000000.0,1206000000.0,1010000000.0,909000000.0,882000000.0,1905000000.0,113000000.0,700000000.0,689820295.0,704100936.0
Fifth Third Bancorp,FITB,THRNG6BD57P9QWTQLG42,35527,2018.0,Q1TTM,2017-04-01,2018-03-31,,3.46,3.46,-0.14,313000000.0,3.39,7000000.0,,889000000.0,-108000000.0,1014000000.0,3577000000.0,393000000.0,,2576000000.0,2576000000.0,2501000000.0,,3861000000.0,667000000.0,-20000000.0,,18000000.0,367000000.0,1470000000.0,2839000000.0,75000000.0,200000000.0,1669000000.0,35000000.0,748000000.0,4609000000.0,3806000000.0,3610000000.0,3465000000.0,7471000000.0,532000000.0,700000000.0,689820295.0,704100936.0
Fifth Third Bancorp,FITB,THRNG6BD57P9QWTQLG42,35527,2019.0,Q4,2019-10-01,2019-12-31,,0.95,0.95,,201000000.0,0.93,5000000.0,,205000000.0,-112000000.0,300000000.0,1252000000.0,121000000.0,-36000000.0,735000000.0,735000000.0,702000000.0,,1228000000.0,221000000.0,-23000000.0,,8000000.0,162000000.0,626000000.0,1254000000.0,33000000.0,162000000.0,350000000.0,5000000.0,332000000.0,1560000000.0,1161000000.0,1035000000.0,940000000.0,2263000000.0,-246000000.0,715700000.0,710433611.0,720065498.0
Fifth Third Bancorp,FITB,THRNG6BD57P9QWTQLG42,35527,2019.0,FY,2019-01-01,2019-12-31,2020-03-02 06:17:47+00:00,3.38,3.38,0.94,892000000.0,3.33,29000000.0,,690000000.0,,1162000000.0,5051000000.0,508000000.0,,2512000000.0,2512000000.0,2419000000.0,0.0,4797000000.0,883000000.0,43000000.0,,41000000.0,570000000.0,1776000000.0,2923000000.0,93000000.0,471000000.0,2001000000.0,28000000.0,1457000000.0,6254000000.0,4660000000.0,3536000000.0,3202000000.0,8333000000.0,,715700000.0,710433611.0,720065498.0
Fifth Third Bancorp,FITB,THRNG6BD57P9QWTQLG42,35527,2019.0,Q3YTD,2019-01-01,2019-09-30,,2.43,2.43,,691000000.0,2.4,24000000.0,,485000000.0,112000000.0,862000000.0,3799000000.0,387000000.0,36000000.0,1777000000.0,1777000000.0,1717000000.0,,3569000000.0,662000000.0,66000000.0,,33000000.0,408000000.0,1150000000.0,1669000000.0,60000000.0,309000000.0,1651000000.0,23000000.0,1125000000.0,4694000000.0,3499000000.0,2501000000.0,2262000000.0,6070000000.0,246000000.0,736100000.0,726715542.0,736086399.0
Fifth Third Bancorp,FITB,THRNG6BD57P9QWTQLG42,35527,2019.0,Q3TTM,2018-10-01,2019-09-30,,3.1,3.1,,871000000.0,3.07,37000000.0,,616000000.0,112000000.0,1143000000.0,4903000000.0,502000000.0,36000000.0,2231000000.0,2231000000.0,2149000000.0,,4650000000.0,845000000.0,37000000.0,,41000000.0,538000000.0,1468000000.0,2034000000.0,82000000.0,435000000.0,2095000000.0,27000000.0,1437000000.0,6087000000.0,4444000000.0,3076000000.0,2847000000.0,7726000000.0,355000000.0,736100000.0,726715542.0,736086399.0
Fifth Third Bancorp,FITB,THRNG6BD57P9QWTQLG42,35527,2019.0,Q3,2019-07-01,2019-09-30,2019-11-08 15:49:17+00:00,0.72,0.72,,243000000.0,0.71,4000000.0,,140000000.0,,291000000.0,1320000000.0,128000000.0,,549000000.0,549000000.0,530000000.0,0.0,1242000000.0,217000000.0,5000000.0,,14000000.0,168000000.0,445000000.0,443000000.0,19000000.0,134000000.0,497000000.0,8000000.0,383000000.0,1625000000.0,1159000000.0,740000000.0,689000000.0,1982000000.0,124000000.0,736100000.0,726715542.0,736086399.0
Fifth Third Bancorp,FITB,THRNG6BD57P9QWTQLG42,35527,2019.0,Q2YTD,2019-01-01,2019-06-30,,1.71,1.71,,448000000.0,1.69,20000000.0,,345000000.0,112000000.0,571000000.0,2479000000.0,259000000.0,36000000.0,1228000000.0,1228000000.0,1187000000.0,,2327000000.0,445000000.0,61000000.0,,19000000.0,240000000.0,705000000.0,1226000000.0,41000000.0,175000000.0,1154000000.0,15000000.0,742000000.0,3069000000.0,2340000000.0,1761000000.0,1573000000.0,4088000000.0,122000000.0,749100000.0,738051421.0,747749591.0
Fifth Third Bancorp,FITB,THRNG6BD57P9QWTQLG42,35527,2019.0,Q2TTM,2018-07-01,2019-06-30,,3.0,3.0,,772000000.0,2.97,43000000.0,,590000000.0,112000000.0,1121000000.0,4623000000.0,486000000.0,36000000.0,2118000000.0,2118000000.0,2040000000.0,,4451000000.0,800000000.0,25000000.0,,33000000.0,470000000.0,1402000000.0,1947000000.0,78000000.0,385000000.0,2019000000.0,25000000.0,1326000000.0,5777000000.0,4257000000.0,2899000000.0,2708000000.0,7350000000.0,345000000.0,749100000.0,738051421.0,747749591.0
Fifth Third Bancorp,FITB,THRNG6BD57P9QWTQLG42,35527,2019.0,Q2,2019-04-01,2019-06-30,2019-08-08 12:28:03+00:00,0.57,0.57,,243000000.0,0.57,8000000.0,,124000000.0,,290000000.0,1336000000.0,131000000.0,,453000000.0,453000000.0,427000000.0,0.0,1245000000.0,257000000.0,10000000.0,,10000000.0,137000000.0,442000000.0,391000000.0,26000000.0,85000000.0,544000000.0,9000000.0,391000000.0,1636000000.0,1243000000.0,660000000.0,577000000.0,1905000000.0,122000000.0,749100000.0,738051421.0,747749591.0
Fifth Third Bancorp,FITB,THRNG6BD57P9QWTQLG42,35527,2019.0,Q1,2019-01-01,2019-03-31,2020-05-08 16:31:09+00:00,1.14,1.14,0.22,205000000.0,1.12,12000000.0,,221000000.0,112000000.0,281000000.0,1143000000.0,128000000.0,36000000.0,775000000.0,775000000.0,760000000.0,,1082000000.0,188000000.0,51000000.0,,9000000.0,103000000.0,263000000.0,835000000.0,15000000.0,90000000.0,610000000.0,6000000.0,351000000.0,1433000000.0,1097000000.0,1101000000.0,996000000.0,2183000000.0,,666700000.0,661057120.0,670685025.0
Fifth Third Bancorp,FITB,THRNG6BD57P9QWTQLG42,35527,2019.0,Q1TTM,2018-04-01,2019-03-31,,3.27,3.27,,648000000.0,3.22,40000000.0,,612000000.0,112000000.0,1098000000.0,4283000000.0,469000000.0,36000000.0,2267000000.0,2267000000.0,2192000000.0,,4226000000.0,714000000.0,6000000.0,,29000000.0,453000000.0,1319000000.0,2080000000.0,75000000.0,314000000.0,1946000000.0,27000000.0,1184000000.0,5410000000.0,4015000000.0,2982000000.0,2879000000.0,7208000000.0,331000000.0,666700000.0,661057120.0,670685025.0
Fifth Third Bancorp,FITB,THRNG6BD57P9QWTQLG42,35527,2020.0,Q1,2020-01-01,2020-03-31,2020-05-08 16:31:09+00:00,0.04,0.04,0.27,166000000.0,0.04,2000000.0,,14000000.0,134000000.0,283000000.0,1235000000.0,122000000.0,31000000.0,46000000.0,46000000.0,29000000.0,,1229000000.0,207000000.0,52000000.0,,7000000.0,124000000.0,315000000.0,361000000.0,17000000.0,640000000.0,647000000.0,6000000.0,296000000.0,1525000000.0,1200000000.0,671000000.0,60000000.0,1900000000.0,,725000000.0,713555693.0,720362697.0
