company_name,company_ticker,company_lei,company_cik,year,quarter,start_date,end_date,filing_date,basicdilutedeps,basiceps,cashdividendspershare,depositsinterestexpense,depreciationexpense,dilutedeps,fedfundsandrepointerestincome,impairmentexpense,incometaxexpense,investmentbankingincome,investmentsecuritiesinterestincome,loansandleaseinterestincome,longtermdebtinterestexpense,netincome,netincomecontinuing,netincomediscontinued,netincometocommon,netinterestincome,netoccupancyequipmentexpense,netrealizedcapitalgains,otheradjustmentstonetincometocommon,othergains,otherinterestexpense,otherinterestincome,othernoninterestincome,otheroperatingexpenses,otherservicechargeincome,provisionforcreditlosses,salariesandemployeebenefitsexpense,shorttermborrowinginterestexpense,totalinterestexpense,totalinterestincome,totalnoninterestexpense,totalnoninterestincome,totalpretaxincome,totalrevenue,tradingaccountinterestincome,trustfeeincome,weightedavebasicdilutedsharesos,weightedavebasicsharesos,weightedavedilutedsharesos
Regions Financial Corp,RF,CW05CS5KW59QTC0DG824,1281761,2007.0,FY,2007-01-01,2007-12-31,2010-02-22 16:51:17+00:00,1.77,1.77,-1.46,2664000000.0,,1.76,51000000.0,7000000.0,646000000.0,895000000.0,897000000.0,7017000000.0,553000000.0,1251000000.0,1393000000.0,-142000000.0,1251000000.0,4398000000.0,715000000.0,-9000000.0,,,,38000000.0,,1466000000.0,1719000000.0,555000000.0,2472000000.0,459000000.0,3676000000.0,8074000000.0,4660000000.0,2856000000.0,2039000000.0,7254000000.0,71000000.0,251000000.0,706800000.0,708000000.0,713000000.0
Regions Financial Corp,RF,CW05CS5KW59QTC0DG824,1281761,2008.0,FY,2008-01-01,2008-12-31,2010-02-22 16:51:17+00:00,-8.09,-8.09,0.96,1724000000.0,,-8.09,18000000.0,6023000000.0,-348000000.0,1027000000.0,868000000.0,5585000000.0,627000000.0,-5596000000.0,-5585000000.0,-11000000.0,-5622000000.0,3843000000.0,777000000.0,92000000.0,,,,29000000.0,,1636000000.0,1720000000.0,2057000000.0,2356000000.0,369000000.0,2720000000.0,6563000000.0,10792000000.0,3073000000.0,-5933000000.0,6916000000.0,63000000.0,234000000.0,694900000.0,695000000.0,695000000.0
Regions Financial Corp,RF,CW05CS5KW59QTC0DG824,1281761,2008.0,Q3,2008-07-01,2008-09-30,2009-11-04 10:00:36+00:00,0.11,0.11,0.1,391000000.0,,0.11,5000000.0,20000000.0,6000000.0,241000000.0,219000000.0,1327000000.0,154000000.0,79000000.0,90000000.0,-11000000.0,79000000.0,922000000.0,198000000.0,0.0,,,,5000000.0,,358000000.0,412000000.0,417000000.0,552000000.0,102000000.0,647000000.0,1569000000.0,1128000000.0,719000000.0,96000000.0,1641000000.0,13000000.0,66000000.0,718200000.0,696000000.0,696000000.0
Regions Financial Corp,RF,CW05CS5KW59QTC0DG824,1281761,2008.0,Q2,2008-04-01,2008-06-30,2009-08-05 16:44:09+00:00,0.3,0.3,-0.38,422000000.0,,0.3,4000000.0,-66000000.0,67000000.0,272000000.0,218000000.0,1384000000.0,144000000.0,206000000.0,206000000.0,,206000000.0,979000000.0,198000000.0,1000000.0,,,,6000000.0,,410000000.0,412000000.0,309000000.0,599000000.0,85000000.0,651000000.0,1630000000.0,1141000000.0,744000000.0,273000000.0,1723000000.0,18000000.0,59000000.0,686700000.0,696000000.0,696000000.0
Regions Financial Corp,RF,CW05CS5KW59QTC0DG824,1281761,2009.0,Q4,2009-10-01,2009-12-31,,-0.66,-0.66,0.01,280000000.0,,-0.66,-2000000.0,3000000.0,-310000000.0,-732000000.0,257000000.0,993000000.0,146000000.0,-543000000.0,-586000000.0,43000000.0,-606000000.0,808000000.0,126000000.0,203000000.0,63000000.0,,,-5000000.0,,192000000.0,209000000.0,1179000000.0,-68000000.0,-1000000.0,425000000.0,1233000000.0,253000000.0,-272000000.0,-896000000.0,536000000.0,-10000000.0,48000000.0,989000000.0,989000000.0,989000000.0
Regions Financial Corp,RF,CW05CS5KW59QTC0DG824,1281761,2009.0,FY,2009-01-01,2009-12-31,2012-02-24 16:26:17+00:00,-1.27,-1.27,0.13,1277000000.0,,-1.27,,75000000.0,-194000000.0,,985000000.0,4254000000.0,663000000.0,-1031000000.0,-1074000000.0,43000000.0,-1261000000.0,3293000000.0,703000000.0,695000000.0,230000000.0,,,16000000.0,,1372000000.0,1879000000.0,3541000000.0,1635000000.0,44000000.0,1984000000.0,5277000000.0,3785000000.0,2765000000.0,-1268000000.0,6058000000.0,22000000.0,191000000.0,989000000.0,989000000.0,989000000.0
Regions Financial Corp,RF,CW05CS5KW59QTC0DG824,1281761,2009.0,Q3,2009-07-01,2009-09-30,2010-11-03 16:41:15+00:00,-0.37,-0.37,0.01,301000000.0,,-0.37,0.0,3000000.0,-274000000.0,252000000.0,238000000.0,1059000000.0,159000000.0,-377000000.0,-377000000.0,,-437000000.0,845000000.0,204000000.0,8000000.0,60000000.0,,,7000000.0,,458000000.0,463000000.0,1025000000.0,578000000.0,9000000.0,469000000.0,1314000000.0,1243000000.0,772000000.0,-651000000.0,1617000000.0,10000000.0,49000000.0,1181100000.0,1189000000.0,1189000000.0
Regions Financial Corp,RF,CW05CS5KW59QTC0DG824,1281761,2009.0,Q3YTD,2009-01-01,2009-09-30,,-0.61,-0.61,0.12,997000000.0,,-0.61,2000000.0,72000000.0,116000000.0,732000000.0,728000000.0,3261000000.0,517000000.0,-488000000.0,-488000000.0,,-655000000.0,2485000000.0,577000000.0,492000000.0,167000000.0,,,21000000.0,,1180000000.0,1670000000.0,2362000000.0,1703000000.0,45000000.0,1559000000.0,4044000000.0,3532000000.0,3037000000.0,-372000000.0,5522000000.0,32000000.0,143000000.0,1181100000.0,1189000000.0,1189000000.0
Regions Financial Corp,RF,CW05CS5KW59QTC0DG824,1281761,2009.0,Q2,2009-04-01,2009-06-30,2009-08-05 16:44:09+00:00,-0.28,-0.28,0.01,330000000.0,,-0.28,1000000.0,69000000.0,75000000.0,263000000.0,244000000.0,1088000000.0,174000000.0,-188000000.0,-188000000.0,,-244000000.0,831000000.0,190000000.0,108000000.0,56000000.0,,,8000000.0,,386000000.0,780000000.0,912000000.0,586000000.0,16000000.0,520000000.0,1351000000.0,1231000000.0,1199000000.0,-113000000.0,2030000000.0,10000000.0,48000000.0,871400000.0,876000000.0,876000000.0
Regions Financial Corp,RF,CW05CS5KW59QTC0DG824,1281761,2009.0,Q2YTD,2009-01-01,2009-06-30,,-0.24,-0.24,0.11,696000000.0,,-0.24,2000000.0,69000000.0,390000000.0,480000000.0,490000000.0,2202000000.0,358000000.0,-111000000.0,-111000000.0,,-218000000.0,1640000000.0,373000000.0,484000000.0,107000000.0,,,14000000.0,,722000000.0,1207000000.0,1337000000.0,1125000000.0,36000000.0,1090000000.0,2730000000.0,2289000000.0,2265000000.0,279000000.0,3905000000.0,22000000.0,94000000.0,871400000.0,876000000.0,876000000.0
Regions Financial Corp,RF,CW05CS5KW59QTC0DG824,1281761,2009.0,Q1,2009-01-01,2009-03-31,2010-05-05 17:16:41+00:00,0.04,0.04,0.1,366000000.0,,0.04,1000000.0,,315000000.0,217000000.0,246000000.0,1114000000.0,184000000.0,77000000.0,77000000.0,,26000000.0,809000000.0,183000000.0,376000000.0,51000000.0,,,6000000.0,,336000000.0,427000000.0,425000000.0,539000000.0,20000000.0,570000000.0,1379000000.0,1058000000.0,1066000000.0,392000000.0,1875000000.0,12000000.0,46000000.0,650000000.0,693000000.0,694000000.0
Regions Financial Corp,RF,CW05CS5KW59QTC0DG824,1281761,2010.0,Q4,2010-10-01,2010-12-31,,0.04,0.04,0.01,152000000.0,,0.04,,,23000000.0,-747000000.0,193000000.0,923000000.0,102000000.0,89000000.0,160000000.0,-71000000.0,36000000.0,834000000.0,120000000.0,392000000.0,53000000.0,,,-7000000.0,,97000000.0,476000000.0,682000000.0,-77000000.0,-4000000.0,250000000.0,1084000000.0,140000000.0,171000000.0,183000000.0,1005000000.0,-25000000.0,50000000.0,1230600000.0,1227000000.0,1227000000.0
Regions Financial Corp,RF,CW05CS5KW59QTC0DG824,1281761,2010.0,FY,2010-01-01,2010-12-31,2013-02-21 15:39:37+00:00,-0.62,-0.62,0.04,755000000.0,,-0.62,,,-376000000.0,,874000000.0,3744000000.0,489000000.0,-539000000.0,-468000000.0,-71000000.0,-763000000.0,3389000000.0,688000000.0,472000000.0,224000000.0,,,15000000.0,,1531000000.0,1821000000.0,2863000000.0,1640000000.0,4000000.0,1248000000.0,4637000000.0,3859000000.0,2489000000.0,-844000000.0,5878000000.0,4000000.0,196000000.0,1230600000.0,1227000000.0,1227000000.0
Regions Financial Corp,RF,CW05CS5KW59QTC0DG824,1281761,2010.0,Q3,2010-07-01,2010-09-30,2011-11-02 19:04:56+00:00,-0.17,-0.17,0.01,167000000.0,,-0.17,,,-150000000.0,257000000.0,214000000.0,929000000.0,120000000.0,-155000000.0,-155000000.0,,-209000000.0,868000000.0,185000000.0,2000000.0,54000000.0,,,7000000.0,,396000000.0,442000000.0,760000000.0,582000000.0,3000000.0,290000000.0,1158000000.0,1163000000.0,750000000.0,-305000000.0,1618000000.0,8000000.0,49000000.0,1229400000.0,1257000000.0,1257000000.0
Regions Financial Corp,RF,CW05CS5KW59QTC0DG824,1281761,2010.0,Q3YTD,2010-01-01,2010-09-30,,-0.66,-0.66,0.03,603000000.0,,-0.66,,,-399000000.0,747000000.0,681000000.0,2821000000.0,387000000.0,-628000000.0,-628000000.0,,-799000000.0,2555000000.0,568000000.0,80000000.0,171000000.0,,,22000000.0,,1434000000.0,1345000000.0,2181000000.0,1717000000.0,8000000.0,998000000.0,3553000000.0,3719000000.0,2318000000.0,-1027000000.0,4873000000.0,29000000.0,146000000.0,1229400000.0,1257000000.0,1257000000.0
Regions Financial Corp,RF,CW05CS5KW59QTC0DG824,1281761,2010.0,Q3TTM,2009-10-01,2010-09-30,,-1.32,-1.32,0.04,883000000.0,,-1.32,-2000000.0,3000000.0,-709000000.0,15000000.0,938000000.0,3814000000.0,533000000.0,-1171000000.0,-1214000000.0,43000000.0,-1405000000.0,3363000000.0,694000000.0,283000000.0,234000000.0,,,17000000.0,,1626000000.0,1554000000.0,3360000000.0,1649000000.0,7000000.0,1423000000.0,4786000000.0,3972000000.0,2046000000.0,-1923000000.0,5409000000.0,19000000.0,194000000.0,1229400000.0,1257000000.0,1257000000.0
Regions Financial Corp,RF,CW05CS5KW59QTC0DG824,1281761,2010.0,Q2,2010-04-01,2010-06-30,2011-08-04 13:46:55+00:00,-0.28,-0.28,0.01,194000000.0,,-0.28,,,-88000000.0,254000000.0,224000000.0,939000000.0,128000000.0,-277000000.0,-277000000.0,,-335000000.0,856000000.0,189000000.0,,58000000.0,,,8000000.0,,577000000.0,453000000.0,651000000.0,560000000.0,2000000.0,324000000.0,1180000000.0,1326000000.0,756000000.0,-365000000.0,1612000000.0,9000000.0,49000000.0,1196400000.0,1200000000.0,1200000000.0
Regions Financial Corp,RF,CW05CS5KW59QTC0DG824,1281761,2010.0,Q2YTD,2010-01-01,2010-06-30,,-0.49,-0.49,0.02,436000000.0,,-0.49,,,-249000000.0,490000000.0,467000000.0,1892000000.0,267000000.0,-473000000.0,-473000000.0,,-590000000.0,1687000000.0,383000000.0,78000000.0,117000000.0,,,15000000.0,,1038000000.0,903000000.0,1421000000.0,1135000000.0,5000000.0,708000000.0,2395000000.0,2556000000.0,1568000000.0,-722000000.0,3255000000.0,21000000.0,97000000.0,1196400000.0,1200000000.0,1200000000.0
Regions Financial Corp,RF,CW05CS5KW59QTC0DG824,1281761,2010.0,Q2TTM,2009-07-01,2010-06-30,,-1.52,-1.52,0.04,1017000000.0,,-1.52,-2000000.0,6000000.0,-833000000.0,10000000.0,962000000.0,3944000000.0,572000000.0,-1393000000.0,-1436000000.0,43000000.0,-1633000000.0,3340000000.0,713000000.0,289000000.0,240000000.0,,,17000000.0,,1688000000.0,1575000000.0,3625000000.0,1645000000.0,13000000.0,1602000000.0,4942000000.0,4052000000.0,2068000000.0,-2269000000.0,5408000000.0,21000000.0,194000000.0,1196400000.0,1200000000.0,1200000000.0
Regions Financial Corp,RF,CW05CS5KW59QTC0DG824,1281761,2010.0,Q1,2010-01-01,2010-03-31,2010-05-05 17:16:41+00:00,-0.21,-0.21,0.01,242000000.0,,-0.21,,,-161000000.0,236000000.0,243000000.0,953000000.0,139000000.0,-196000000.0,-196000000.0,,-255000000.0,831000000.0,194000000.0,78000000.0,59000000.0,,,7000000.0,,461000000.0,450000000.0,770000000.0,575000000.0,3000000.0,384000000.0,1215000000.0,1230000000.0,812000000.0,-357000000.0,1643000000.0,12000000.0,48000000.0,1214300000.0,1194000000.0,1194000000.0
Regions Financial Corp,RF,CW05CS5KW59QTC0DG824,1281761,2010.0,Q1TTM,2009-04-01,2010-03-31,,-1.52,-1.52,0.04,1153000000.0,,-1.52,-1000000.0,75000000.0,-670000000.0,19000000.0,982000000.0,4093000000.0,618000000.0,-1304000000.0,-1347000000.0,43000000.0,-1542000000.0,3315000000.0,714000000.0,397000000.0,238000000.0,,,17000000.0,,1497000000.0,1902000000.0,3886000000.0,1671000000.0,27000000.0,1798000000.0,5113000000.0,3957000000.0,2511000000.0,-2017000000.0,5826000000.0,22000000.0,193000000.0,1214300000.0,1194000000.0,1194000000.0
Regions Financial Corp,RF,CW05CS5KW59QTC0DG824,1281761,2011.0,Q4,2011-10-01,2011-12-31,,-0.47,-0.47,0.01,95000000.0,,-0.47,,,17000000.0,-732000000.0,166000000.0,861000000.0,89000000.0,-548000000.0,-144000000.0,-404000000.0,-602000000.0,825000000.0,110000000.0,9000000.0,54000000.0,,,-7000000.0,,401000000.0,448000000.0,295000000.0,-80000000.0,-7000000.0,177000000.0,1002000000.0,431000000.0,-226000000.0,-127000000.0,599000000.0,-18000000.0,49000000.0,1261800000.0,1258000000.0,1258000000.0
Regions Financial Corp,RF,CW05CS5KW59QTC0DG824,1281761,2011.0,FY,2011-01-01,2011-12-31,2014-02-21 10:41:27+00:00,-0.34,-0.34,0.04,472000000.0,,-0.34,,,-28000000.0,,758000000.0,3480000000.0,371000000.0,-215000000.0,189000000.0,-404000000.0,-429000000.0,3410000000.0,663000000.0,112000000.0,214000000.0,,,13000000.0,,1595000000.0,1832000000.0,1530000000.0,1604000000.0,-1000000.0,842000000.0,4252000000.0,3862000000.0,2143000000.0,161000000.0,5553000000.0,1000000.0,199000000.0,1261800000.0,1258000000.0,1258000000.0
Regions Financial Corp,RF,CW05CS5KW59QTC0DG824,1281761,2011.0,Q3,2011-07-01,2011-09-30,2011-11-02 19:04:56+00:00,0.08,0.08,0.01,112000000.0,,0.08,,,27000000.0,217000000.0,177000000.0,874000000.0,93000000.0,155000000.0,155000000.0,,101000000.0,858000000.0,181000000.0,-3000000.0,54000000.0,,,7000000.0,,356000000.0,482000000.0,355000000.0,529000000.0,1000000.0,206000000.0,1064000000.0,1066000000.0,745000000.0,182000000.0,1603000000.0,6000000.0,49000000.0,1262500000.0,1259000000.0,1261000000.0
Regions Financial Corp,RF,CW05CS5KW59QTC0DG824,1281761,2011.0,Q3YTD,2011-01-01,2011-09-30,,0.13,0.13,0.03,377000000.0,,0.13,,,-45000000.0,732000000.0,592000000.0,2619000000.0,282000000.0,333000000.0,333000000.0,,173000000.0,2585000000.0,553000000.0,103000000.0,160000000.0,,,20000000.0,,1194000000.0,1384000000.0,1235000000.0,1684000000.0,6000000.0,665000000.0,3250000000.0,3431000000.0,2369000000.0,288000000.0,4954000000.0,19000000.0,150000000.0,1262500000.0,1259000000.0,1261000000.0
Regions Financial Corp,RF,CW05CS5KW59QTC0DG824,1281761,2011.0,Q3TTM,2010-10-01,2011-09-30,,0.17,0.17,0.04,529000000.0,,0.17,,,-22000000.0,-15000000.0,785000000.0,3542000000.0,384000000.0,422000000.0,493000000.0,-71000000.0,209000000.0,3419000000.0,673000000.0,495000000.0,213000000.0,,,13000000.0,,1291000000.0,1860000000.0,1917000000.0,1607000000.0,2000000.0,915000000.0,4334000000.0,3571000000.0,2540000000.0,471000000.0,5959000000.0,-6000000.0,200000000.0,1262500000.0,1259000000.0,1261000000.0
Regions Financial Corp,RF,CW05CS5KW59QTC0DG824,1281761,2011.0,Q2,2011-04-01,2011-06-30,2011-08-04 13:46:55+00:00,0.04,0.04,0.01,126000000.0,,0.04,,,-60000000.0,248000000.0,208000000.0,865000000.0,94000000.0,109000000.0,109000000.0,,55000000.0,864000000.0,186000000.0,24000000.0,54000000.0,,,7000000.0,,451000000.0,458000000.0,398000000.0,561000000.0,2000000.0,222000000.0,1086000000.0,1198000000.0,781000000.0,49000000.0,1645000000.0,6000000.0,51000000.0,1375000000.0,1258000000.0,1260000000.0
Regions Financial Corp,RF,CW05CS5KW59QTC0DG824,1281761,2011.0,Q2YTD,2011-01-01,2011-06-30,,0.05,0.05,0.02,265000000.0,,0.05,,,-72000000.0,515000000.0,415000000.0,1745000000.0,189000000.0,178000000.0,178000000.0,,72000000.0,1727000000.0,372000000.0,106000000.0,106000000.0,,,13000000.0,,838000000.0,902000000.0,880000000.0,1155000000.0,5000000.0,459000000.0,2186000000.0,2365000000.0,1624000000.0,106000000.0,3351000000.0,13000000.0,101000000.0,1375000000.0,1258000000.0,1260000000.0
Regions Financial Corp,RF,CW05CS5KW59QTC0DG824,1281761,2011.0,Q2TTM,2010-07-01,2011-06-30,,-0.08,-0.08,0.04,584000000.0,,-0.08,,,-199000000.0,25000000.0,822000000.0,3597000000.0,411000000.0,112000000.0,183000000.0,-71000000.0,-101000000.0,3429000000.0,677000000.0,500000000.0,213000000.0,,,13000000.0,,1331000000.0,1820000000.0,2322000000.0,1660000000.0,4000000.0,999000000.0,4428000000.0,3668000000.0,2545000000.0,-16000000.0,5974000000.0,-4000000.0,200000000.0,1375000000.0,1258000000.0,1260000000.0
Regions Financial Corp,RF,CW05CS5KW59QTC0DG824,1281761,2011.0,Q1,2011-01-01,2011-03-31,2011-05-05 12:56:29+00:00,0.01,0.01,0.01,139000000.0,,0.01,,,-12000000.0,267000000.0,207000000.0,880000000.0,95000000.0,69000000.0,69000000.0,,17000000.0,863000000.0,186000000.0,82000000.0,52000000.0,,,6000000.0,,387000000.0,444000000.0,482000000.0,594000000.0,3000000.0,237000000.0,1100000000.0,1167000000.0,843000000.0,57000000.0,1706000000.0,7000000.0,50000000.0,1700000000.0,1257000000.0,1259000000.0
Regions Financial Corp,RF,CW05CS5KW59QTC0DG824,1281761,2011.0,Q1TTM,2010-04-01,2011-03-31,,-0.4,-0.4,0.04,652000000.0,,-0.4,,,-227000000.0,31000000.0,838000000.0,3671000000.0,445000000.0,-274000000.0,-203000000.0,-71000000.0,-491000000.0,3421000000.0,680000000.0,476000000.0,217000000.0,,,14000000.0,,1457000000.0,1815000000.0,2575000000.0,1659000000.0,4000000.0,1101000000.0,4522000000.0,3796000000.0,2520000000.0,-430000000.0,5941000000.0,-1000000.0,198000000.0,1700000000.0,1257000000.0,1259000000.0
Regions Financial Corp,RF,CW05CS5KW59QTC0DG824,1281761,2012.0,Q4,2012-10-01,2012-12-31,,0.2,0.2,0.01,53000000.0,,0.19,,,138000000.0,,-980000000.0,787000000.0,-71000000.0,265000000.0,277000000.0,-12000000.0,207000000.0,818000000.0,162000000.0,-5000000.0,58000000.0,,,993000000.0,,-3304000000.0,750000000.0,37000000.0,438000000.0,2000000.0,-16000000.0,802000000.0,-870000000.0,598000000.0,415000000.0,1416000000.0,2000000.0,-147000000.0,1376400000.0,1381000000.0,1387000000.0
Regions Financial Corp,RF,CW05CS5KW59QTC0DG824,1281761,2012.0,FY,2012-01-01,2012-12-31,2015-02-17 08:41:19+00:00,0.72,0.72,0.04,284000000.0,,0.71,,,482000000.0,,681000000.0,3211000000.0,317000000.0,1120000000.0,1179000000.0,-59000000.0,991000000.0,3300000000.0,643000000.0,48000000.0,129000000.0,,,9000000.0,,1120000000.0,2052000000.0,213000000.0,1763000000.0,2000000.0,603000000.0,3903000000.0,3526000000.0,2100000000.0,1661000000.0,5400000000.0,2000000.0,,1376400000.0,1381000000.0,1387000000.0
Regions Financial Corp,RF,CW05CS5KW59QTC0DG824,1281761,2012.0,Q3,2012-07-01,2012-09-30,2012-11-05 17:06:37+00:00,0.21,0.21,0.01,67000000.0,,0.21,,,136000000.0,,1134000000.0,792000000.0,226000000.0,301000000.0,312000000.0,-11000000.0,301000000.0,817000000.0,164000000.0,12000000.0,,,,-816000000.0,,2028000000.0,439000000.0,33000000.0,449000000.0,,293000000.0,1110000000.0,2641000000.0,499000000.0,448000000.0,1316000000.0,,48000000.0,1433300000.0,1414000000.0,1423000000.0
Regions Financial Corp,RF,CW05CS5KW59QTC0DG824,1281761,2012.0,Q3YTD,2012-01-01,2012-09-30,,0.52,0.52,0.03,231000000.0,,0.52,,,344000000.0,,1661000000.0,2424000000.0,388000000.0,855000000.0,902000000.0,-47000000.0,784000000.0,2482000000.0,481000000.0,53000000.0,71000000.0,,,-984000000.0,,4424000000.0,1302000000.0,176000000.0,1325000000.0,,619000000.0,3101000000.0,4396000000.0,1502000000.0,1246000000.0,3984000000.0,,147000000.0,1433300000.0,1414000000.0,1423000000.0
Regions Financial Corp,RF,CW05CS5KW59QTC0DG824,1281761,2012.0,Q3TTM,2011-10-01,2012-09-30,,0.05,0.05,0.04,326000000.0,,0.05,,,361000000.0,-732000000.0,1827000000.0,3285000000.0,477000000.0,307000000.0,758000000.0,-451000000.0,182000000.0,3307000000.0,591000000.0,62000000.0,125000000.0,,,-991000000.0,,4825000000.0,1750000000.0,471000000.0,1245000000.0,-7000000.0,796000000.0,4103000000.0,4827000000.0,1276000000.0,1119000000.0,4583000000.0,-18000000.0,196000000.0,1433300000.0,1414000000.0,1423000000.0
Regions Financial Corp,RF,CW05CS5KW59QTC0DG824,1281761,2012.0,Q2,2012-04-01,2012-06-30,2012-08-06 11:18:11+00:00,0.2,0.2,0.01,76000000.0,,0.2,,,126000000.0,,179000000.0,813000000.0,80000000.0,355000000.0,351000000.0,4000000.0,284000000.0,838000000.0,159000000.0,29000000.0,71000000.0,,,2000000.0,,249000000.0,428000000.0,26000000.0,434000000.0,,156000000.0,994000000.0,842000000.0,507000000.0,477000000.0,1345000000.0,,50000000.0,1420000000.0,1414000000.0,1418000000.0
Regions Financial Corp,RF,CW05CS5KW59QTC0DG824,1281761,2012.0,Q2YTD,2012-01-01,2012-06-30,,0.31,0.31,0.02,164000000.0,,0.31,,,208000000.0,,527000000.0,1632000000.0,162000000.0,554000000.0,590000000.0,-36000000.0,483000000.0,1665000000.0,317000000.0,41000000.0,71000000.0,,,-168000000.0,,590000000.0,863000000.0,143000000.0,876000000.0,,326000000.0,1991000000.0,1755000000.0,1003000000.0,798000000.0,2668000000.0,,99000000.0,1420000000.0,1414000000.0,1418000000.0
Regions Financial Corp,RF,CW05CS5KW59QTC0DG824,1281761,2012.0,Q2TTM,2011-07-01,2012-06-30,,-0.08,-0.08,0.04,371000000.0,,-0.08,,,252000000.0,-515000000.0,870000000.0,3367000000.0,344000000.0,161000000.0,601000000.0,-440000000.0,-18000000.0,3348000000.0,608000000.0,47000000.0,179000000.0,,,-168000000.0,,1347000000.0,1793000000.0,793000000.0,1325000000.0,-6000000.0,709000000.0,4057000000.0,3252000000.0,1522000000.0,853000000.0,4870000000.0,-12000000.0,197000000.0,1420000000.0,1414000000.0,1418000000.0
Regions Financial Corp,RF,CW05CS5KW59QTC0DG824,1281761,2012.0,Q1,2012-01-01,2012-03-31,2012-05-03 15:54:38+00:00,0.11,0.11,0.01,88000000.0,,0.11,,,82000000.0,,348000000.0,819000000.0,82000000.0,199000000.0,239000000.0,-40000000.0,199000000.0,827000000.0,158000000.0,12000000.0,,,,-170000000.0,,341000000.0,435000000.0,117000000.0,442000000.0,,170000000.0,997000000.0,913000000.0,496000000.0,321000000.0,1323000000.0,,49000000.0,1809100000.0,1282000000.0,1283000000.0
Regions Financial Corp,RF,CW05CS5KW59QTC0DG824,1281761,2012.0,Q1TTM,2011-04-01,2012-03-31,,-0.24,-0.24,0.04,421000000.0,,-0.24,,,66000000.0,-267000000.0,899000000.0,3419000000.0,358000000.0,-85000000.0,359000000.0,-444000000.0,-247000000.0,3374000000.0,635000000.0,42000000.0,162000000.0,,,-163000000.0,,1549000000.0,1823000000.0,1165000000.0,1452000000.0,-4000000.0,775000000.0,4149000000.0,3608000000.0,1796000000.0,425000000.0,5170000000.0,-6000000.0,198000000.0,1809100000.0,1282000000.0,1283000000.0
Regions Financial Corp,RF,CW05CS5KW59QTC0DG824,1281761,2013.0,Q4,2013-10-01,2013-12-31,,0.16,0.16,-0.17,29000000.0,,0.16,,,92000000.0,,151000000.0,764000000.0,56000000.0,227000000.0,241000000.0,-14000000.0,219000000.0,832000000.0,162000000.0,,8000000.0,,,1000000.0,,320000000.0,674000000.0,79000000.0,464000000.0,,85000000.0,917000000.0,946000000.0,526000000.0,333000000.0,1358000000.0,1000000.0,-148000000.0,1397400000.0,1395000000.0,1410000000.0
Regions Financial Corp,RF,CW05CS5KW59QTC0DG824,1281761,2013.0,FY,2013-01-01,2013-12-31,2015-02-17 08:41:19+00:00,0.78,0.78,-0.1,135000000.0,,0.77,,,452000000.0,,603000000.0,3034000000.0,247000000.0,1122000000.0,1135000000.0,-13000000.0,1090000000.0,3262000000.0,645000000.0,26000000.0,32000000.0,,,6000000.0,,1093000000.0,1993000000.0,138000000.0,1818000000.0,2000000.0,384000000.0,3646000000.0,3556000000.0,2019000000.0,1587000000.0,5281000000.0,3000000.0,,1397400000.0,1395000000.0,1410000000.0
Regions Financial Corp,RF,CW05CS5KW59QTC0DG824,1281761,2013.0,Q3,2013-07-01,2013-09-30,2013-11-05 20:01:53+00:00,0.21,0.21,0.03,31000000.0,,0.2,,,124000000.0,,144000000.0,764000000.0,55000000.0,293000000.0,293000000.0,0.0,285000000.0,824000000.0,163000000.0,3000000.0,8000000.0,,,2000000.0,,266000000.0,442000000.0,18000000.0,455000000.0,1000000.0,87000000.0,911000000.0,884000000.0,495000000.0,417000000.0,1319000000.0,1000000.0,50000000.0,1357100000.0,1388000000.0,1405000000.0
Regions Financial Corp,RF,CW05CS5KW59QTC0DG824,1281761,2013.0,Q3YTD,2013-01-01,2013-09-30,,0.62,0.62,0.07,106000000.0,,0.61,,,360000000.0,,452000000.0,2270000000.0,191000000.0,895000000.0,894000000.0,1000000.0,871000000.0,2430000000.0,483000000.0,26000000.0,24000000.0,,,5000000.0,,773000000.0,1319000000.0,59000000.0,1354000000.0,2000000.0,299000000.0,2729000000.0,2610000000.0,1493000000.0,1254000000.0,3923000000.0,2000000.0,148000000.0,1357100000.0,1388000000.0,1405000000.0
Regions Financial Corp,RF,CW05CS5KW59QTC0DG824,1281761,2013.0,Q3TTM,2012-10-01,2013-09-30,,0.82,0.82,0.08,159000000.0,,0.8,,,498000000.0,,-528000000.0,3057000000.0,120000000.0,1160000000.0,1171000000.0,-11000000.0,1078000000.0,3248000000.0,645000000.0,21000000.0,82000000.0,,,998000000.0,,-2531000000.0,2069000000.0,96000000.0,1792000000.0,4000000.0,283000000.0,3531000000.0,1740000000.0,2091000000.0,1669000000.0,5339000000.0,4000000.0,1000000.0,1357100000.0,1388000000.0,1405000000.0
Regions Financial Corp,RF,CW05CS5KW59QTC0DG824,1281761,2013.0,Q2,2013-04-01,2013-06-30,2013-08-08 17:30:54+00:00,0.18,0.18,0.03,33000000.0,,0.18,,,122000000.0,,152000000.0,754000000.0,65000000.0,267000000.0,268000000.0,-1000000.0,259000000.0,808000000.0,161000000.0,8000000.0,8000000.0,,,1000000.0,,271000000.0,440000000.0,31000000.0,452000000.0,1000000.0,99000000.0,907000000.0,884000000.0,497000000.0,390000000.0,1305000000.0,0.0,49000000.0,1438900000.0,1401000000.0,1418000000.0
Regions Financial Corp,RF,CW05CS5KW59QTC0DG824,1281761,2013.0,Q2YTD,2013-01-01,2013-06-30,,0.41,0.41,0.04,75000000.0,,0.41,,,236000000.0,,308000000.0,1506000000.0,136000000.0,602000000.0,601000000.0,1000000.0,586000000.0,1606000000.0,320000000.0,23000000.0,16000000.0,,,3000000.0,,507000000.0,877000000.0,41000000.0,899000000.0,1000000.0,212000000.0,1818000000.0,1726000000.0,998000000.0,837000000.0,2604000000.0,1000000.0,98000000.0,1438900000.0,1401000000.0,1418000000.0
Regions Financial Corp,RF,CW05CS5KW59QTC0DG824,1281761,2013.0,Q2TTM,2012-07-01,2013-06-30,,0.82,0.82,0.06,195000000.0,,0.81,,,510000000.0,,462000000.0,3085000000.0,291000000.0,1168000000.0,1190000000.0,-22000000.0,1094000000.0,3241000000.0,646000000.0,30000000.0,74000000.0,,,180000000.0,,1037000000.0,2066000000.0,111000000.0,1786000000.0,3000000.0,489000000.0,3730000000.0,3497000000.0,2095000000.0,1700000000.0,5336000000.0,3000000.0,-1000000.0,1438900000.0,1401000000.0,1418000000.0
Regions Financial Corp,RF,CW05CS5KW59QTC0DG824,1281761,2013.0,Q1,2013-01-01,2013-03-31,2013-05-08 17:04:52+00:00,0.23,0.23,0.01,42000000.0,,0.23,,,114000000.0,,156000000.0,752000000.0,71000000.0,335000000.0,333000000.0,2000000.0,327000000.0,798000000.0,159000000.0,15000000.0,8000000.0,,,2000000.0,,236000000.0,437000000.0,10000000.0,447000000.0,,113000000.0,911000000.0,842000000.0,501000000.0,447000000.0,1299000000.0,1000000.0,49000000.0,1421700000.0,1413000000.0,1423000000.0
Regions Financial Corp,RF,CW05CS5KW59QTC0DG824,1281761,2013.0,Q1TTM,2012-04-01,2013-03-31,,0.84,0.84,0.04,238000000.0,,0.83,,,514000000.0,,489000000.0,3144000000.0,306000000.0,1256000000.0,1273000000.0,-17000000.0,1119000000.0,3271000000.0,644000000.0,51000000.0,137000000.0,,,181000000.0,,1015000000.0,2054000000.0,106000000.0,1768000000.0,2000000.0,546000000.0,3817000000.0,3455000000.0,2105000000.0,1787000000.0,5376000000.0,3000000.0,,1421700000.0,1413000000.0,1423000000.0
Regions Financial Corp,RF,CW05CS5KW59QTC0DG824,1281761,2014.0,FY,2014-01-01,2014-12-31,2017-02-24 14:01:09+00:00,0.8,0.8,0.18,105000000.0,,0.79,,,548000000.0,,584000000.0,2963000000.0,202000000.0,1147000000.0,1134000000.0,13000000.0,1095000000.0,3280000000.0,655000000.0,27000000.0,52000000.0,,0.0,39000000.0,,967000000.0,1683000000.0,69000000.0,1810000000.0,2000000.0,309000000.0,3589000000.0,3432000000.0,1903000000.0,1682000000.0,5183000000.0,3000000.0,193000000.0,1368800000.0,1375000000.0,1387000000.0
Regions Financial Corp,RF,CW05CS5KW59QTC0DG824,1281761,2014.0,Q4,2014-10-01,2014-12-31,,0.14,0.14,0.15,27000000.0,,0.14,,,144000000.0,,120000000.0,741000000.0,46000000.0,208000000.0,211000000.0,-3000000.0,192000000.0,821000000.0,167000000.0,12000000.0,16000000.0,,,33000000.0,,346000000.0,306000000.0,8000000.0,456000000.0,1000000.0,74000000.0,895000000.0,969000000.0,511000000.0,355000000.0,1332000000.0,1000000.0,193000000.0,1368800000.0,1375000000.0,1387000000.0
Regions Financial Corp,RF,CW05CS5KW59QTC0DG824,1281761,2014.0,Q3YTD,2014-01-01,2014-09-30,,0.66,0.66,0.03,78000000.0,,0.65,,,404000000.0,,464000000.0,2222000000.0,156000000.0,939000000.0,923000000.0,16000000.0,903000000.0,2459000000.0,488000000.0,15000000.0,36000000.0,,,6000000.0,,621000000.0,1377000000.0,61000000.0,1354000000.0,1000000.0,235000000.0,2694000000.0,2463000000.0,1392000000.0,1327000000.0,3851000000.0,2000000.0,,1363600000.0,1378000000.0,1389000000.0
Regions Financial Corp,RF,CW05CS5KW59QTC0DG824,1281761,2014.0,Q3TTM,2013-10-01,2014-09-30,,0.82,0.82,-0.14,107000000.0,,0.81,,,496000000.0,,615000000.0,2986000000.0,212000000.0,1166000000.0,1164000000.0,2000000.0,1122000000.0,3291000000.0,650000000.0,15000000.0,44000000.0,,,7000000.0,,941000000.0,2051000000.0,140000000.0,1818000000.0,1000000.0,320000000.0,3611000000.0,3409000000.0,1918000000.0,1660000000.0,5209000000.0,3000000.0,-148000000.0,1363600000.0,1378000000.0,1389000000.0
Regions Financial Corp,RF,CW05CS5KW59QTC0DG824,1281761,2014.0,Q3,2014-07-01,2014-09-30,2015-11-04 18:23:47+00:00,0.22,0.22,0.05,26000000.0,,0.22,,,151000000.0,,154000000.0,741000000.0,50000000.0,320000000.0,317000000.0,3000000.0,300000000.0,821000000.0,165000000.0,7000000.0,20000000.0,,,2000000.0,,205000000.0,490000000.0,24000000.0,456000000.0,0.0,76000000.0,897000000.0,826000000.0,497000000.0,468000000.0,1318000000.0,0.0,,1363600000.0,1378000000.0,1389000000.0
Regions Financial Corp,RF,CW05CS5KW59QTC0DG824,1281761,2014.0,Q2YTD,2014-01-01,2014-06-30,,0.44,0.44,-0.02,52000000.0,,0.43,,,253000000.0,,310000000.0,1481000000.0,106000000.0,619000000.0,606000000.0,13000000.0,603000000.0,1638000000.0,323000000.0,8000000.0,16000000.0,,,4000000.0,,416000000.0,887000000.0,37000000.0,898000000.0,1000000.0,159000000.0,1797000000.0,1637000000.0,895000000.0,859000000.0,2533000000.0,2000000.0,,1390500000.0,1378000000.0,1390000000.0
Regions Financial Corp,RF,CW05CS5KW59QTC0DG824,1281761,2014.0,Q2TTM,2013-07-01,2014-06-30,,0.81,0.81,-0.16,112000000.0,,0.79,,,469000000.0,,605000000.0,3009000000.0,217000000.0,1139000000.0,1140000000.0,-1000000.0,1107000000.0,3294000000.0,648000000.0,11000000.0,32000000.0,,,7000000.0,,1002000000.0,2003000000.0,134000000.0,1817000000.0,2000000.0,331000000.0,3625000000.0,3467000000.0,1916000000.0,1609000000.0,5210000000.0,4000000.0,-98000000.0,1390500000.0,1378000000.0,1390000000.0
Regions Financial Corp,RF,CW05CS5KW59QTC0DG824,1281761,2014.0,Q2,2014-04-01,2014-06-30,2014-08-06 10:31:46+00:00,0.21,0.21,-0.05,25000000.0,,0.21,,,125000000.0,,156000000.0,741000000.0,51000000.0,300000000.0,299000000.0,1000000.0,292000000.0,822000000.0,160000000.0,6000000.0,8000000.0,,,2000000.0,,217000000.0,451000000.0,35000000.0,443000000.0,1000000.0,77000000.0,899000000.0,820000000.0,457000000.0,424000000.0,1279000000.0,0.0,,1390500000.0,1378000000.0,1390000000.0
Regions Financial Corp,RF,CW05CS5KW59QTC0DG824,1281761,2014.0,Q1,2014-01-01,2014-03-31,2014-05-07 16:32:49+00:00,0.23,0.23,0.03,27000000.0,,0.22,,,128000000.0,,154000000.0,740000000.0,55000000.0,319000000.0,307000000.0,12000000.0,311000000.0,816000000.0,163000000.0,2000000.0,8000000.0,,,2000000.0,,199000000.0,436000000.0,2000000.0,455000000.0,,82000000.0,898000000.0,817000000.0,438000000.0,435000000.0,1254000000.0,2000000.0,,1352200000.0,1378000000.0,1390000000.0
Regions Financial Corp,RF,CW05CS5KW59QTC0DG824,1281761,2014.0,Q1TTM,2013-04-01,2014-03-31,,0.78,0.78,-0.08,120000000.0,,0.76,,,466000000.0,,601000000.0,3022000000.0,231000000.0,1106000000.0,1109000000.0,-3000000.0,1074000000.0,3280000000.0,649000000.0,13000000.0,32000000.0,,,6000000.0,,1056000000.0,1992000000.0,130000000.0,1826000000.0,2000000.0,353000000.0,3633000000.0,3531000000.0,1956000000.0,1575000000.0,5236000000.0,4000000.0,-49000000.0,1352200000.0,1378000000.0,1390000000.0
Regions Financial Corp,RF,CW05CS5KW59QTC0DG824,1281761,2015.0,FY,2015-01-01,2015-12-31,2018-02-26 14:54:06+00:00,0.75,0.75,0.23,109000000.0,,0.75,,,455000000.0,,564000000.0,2991000000.0,158000000.0,1062000000.0,1075000000.0,-13000000.0,998000000.0,3307000000.0,664000000.0,29000000.0,64000000.0,,28000000.0,43000000.0,,1060000000.0,1840000000.0,241000000.0,1883000000.0,1000000.0,296000000.0,3603000000.0,3607000000.0,2071000000.0,1530000000.0,5378000000.0,5000000.0,202000000.0,1330700000.0,1325000000.0,1334000000.0
Regions Financial Corp,RF,CW05CS5KW59QTC0DG824,1281761,2015.0,Q3,2015-07-01,2015-09-30,2016-11-03 20:45:28+00:00,0.18,0.18,0.06,27000000.0,,0.18,,,116000000.0,,137000000.0,753000000.0,38000000.0,258000000.0,262000000.0,-4000000.0,242000000.0,836000000.0,167000000.0,7000000.0,16000000.0,,0.0,11000000.0,,258000000.0,490000000.0,60000000.0,470000000.0,0.0,65000000.0,901000000.0,895000000.0,497000000.0,378000000.0,1333000000.0,0.0,,1344400000.0,1319000000.0,1326000000.0
Regions Financial Corp,RF,CW05CS5KW59QTC0DG824,1281761,2015.0,Q1,2015-01-01,2015-03-31,2016-05-06 12:05:52+00:00,0.16,0.16,0.05,28000000.0,,0.16,,,95000000.0,,145000000.0,728000000.0,43000000.0,234000000.0,236000000.0,-2000000.0,218000000.0,815000000.0,162000000.0,5000000.0,16000000.0,,0.0,10000000.0,,285000000.0,465000000.0,49000000.0,458000000.0,,71000000.0,886000000.0,905000000.0,470000000.0,331000000.0,1285000000.0,3000000.0,,1362500000.0,1346000000.0,1358000000.0
Regions Financial Corp,RF,CW05CS5KW59QTC0DG824,1281761,2015.0,Q1TTM,2014-04-01,2015-03-31,,0.73,0.73,0.2,106000000.0,,0.73,,,515000000.0,,575000000.0,2951000000.0,190000000.0,1062000000.0,1063000000.0,-1000000.0,1002000000.0,3279000000.0,654000000.0,30000000.0,60000000.0,,,47000000.0,,1053000000.0,1712000000.0,116000000.0,1813000000.0,2000000.0,298000000.0,3577000000.0,3520000000.0,1935000000.0,1578000000.0,5214000000.0,4000000.0,193000000.0,1362500000.0,1346000000.0,1358000000.0
Regions Financial Corp,RF,CW05CS5KW59QTC0DG824,1281761,2016.0,FY,2016-01-01,2016-12-31,2019-02-21 19:56:24+00:00,0.87,0.87,0.255,117000000.0,,0.87,,,510000000.0,,563000000.0,3207000000.0,196000000.0,-848000000.0,-857000000.0,9000000.0,-848000000.0,3398000000.0,654000000.0,,,,103000000.0,44000000.0,,987000000.0,,262000000.0,1842000000.0,0.0,416000000.0,3814000000.0,3483000000.0,,-347000000.0,3398000000.0,,,-974700000.0,1255000000.0,1261000000.0
Regions Financial Corp,RF,CW05CS5KW59QTC0DG824,1281761,2017.0,FY,2017-01-01,2017-12-31,2020-02-21 10:49:22+00:00,1.01,1.01,0.315,156000000.0,,1.0,,,619000000.0,,596000000.0,3338000000.0,212000000.0,-699000000.0,-721000000.0,22000000.0,-699000000.0,3539000000.0,665000000.0,,,,75000000.0,53000000.0,,952000000.0,,150000000.0,1874000000.0,5000000.0,448000000.0,3987000000.0,3491000000.0,,-102000000.0,3539000000.0,,,-692100000.0,1186000000.0,1198000000.0
Regions Financial Corp,RF,CW05CS5KW59QTC0DG824,1281761,2017.0,Q3,2017-07-01,2017-09-30,2018-11-07 11:05:18+00:00,0.25,0.25,0.09,42000000.0,,0.25,,,138000000.0,,148000000.0,851000000.0,53000000.0,311000000.0,312000000.0,-1000000.0,295000000.0,915000000.0,172000000.0,,16000000.0,464000000.0,,13000000.0,,217000000.0,,76000000.0,464000000.0,2000000.0,97000000.0,1012000000.0,853000000.0,,-14000000.0,915000000.0,,,1180000000.0,1182000000.0,1193000000.0
Regions Financial Corp,RF,CW05CS5KW59QTC0DG824,1281761,2018.0,FY,2018-01-01,2018-12-31,2020-02-21 10:49:22+00:00,1.55,1.55,0.46,250000000.0,,1.54,,,387000000.0,,625000000.0,3698000000.0,322000000.0,-260000000.0,-451000000.0,191000000.0,-260000000.0,3735000000.0,660000000.0,,,,56000000.0,70000000.0,,963000000.0,,229000000.0,1947000000.0,30000000.0,658000000.0,4393000000.0,3570000000.0,,-64000000.0,3735000000.0,,,-167700000.0,1092000000.0,1102000000.0
Regions Financial Corp,RF,CW05CS5KW59QTC0DG824,1281761,2018.0,Q4,2018-10-01,2018-12-31,,0.38,0.38,,80000000.0,,0.37,,,85000000.0,,160000000.0,981000000.0,93000000.0,72000000.0,-119000000.0,191000000.0,72000000.0,914000000.0,168000000.0,,,,56000000.0,17000000.0,,217000000.0,,95000000.0,468000000.0,15000000.0,244000000.0,1158000000.0,853000000.0,,-34000000.0,914000000.0,,,-167700000.0,1092000000.0,1102000000.0
Regions Financial Corp,RF,CW05CS5KW59QTC0DG824,1281761,2018.0,Q3,2018-07-01,2018-09-30,2019-11-06 09:24:40+00:00,0.5,0.5,,64000000.0,14000000.0,0.5,,,85000000.0,,155000000.0,940000000.0,84000000.0,-149000000.0,-149000000.0,,-149000000.0,956000000.0,163000000.0,,,,,17000000.0,,286000000.0,,84000000.0,473000000.0,8000000.0,156000000.0,1112000000.0,936000000.0,,-64000000.0,956000000.0,,,-298000000.0,1086000000.0,1095000000.0
Regions Financial Corp,RF,CW05CS5KW59QTC0DG824,1281761,2018.0,Q3YTD,2018-01-01,2018-09-30,,1.17,1.17,,170000000.0,,1.17,,,302000000.0,,465000000.0,2717000000.0,229000000.0,-332000000.0,-332000000.0,,-332000000.0,2821000000.0,492000000.0,,,,,53000000.0,,746000000.0,,134000000.0,1479000000.0,15000000.0,414000000.0,3235000000.0,2717000000.0,,-30000000.0,2821000000.0,,,-298000000.0,1086000000.0,1095000000.0
Regions Financial Corp,RF,CW05CS5KW59QTC0DG824,1281761,2018.0,Q2,2018-04-01,2018-06-30,2019-08-07 17:06:44+00:00,0.32,0.32,,57000000.0,-14000000.0,0.32,,,89000000.0,,156000000.0,903000000.0,73000000.0,-106000000.0,-106000000.0,,-106000000.0,940000000.0,165000000.0,,,,,17000000.0,,235000000.0,,60000000.0,511000000.0,6000000.0,136000000.0,1076000000.0,897000000.0,,-17000000.0,940000000.0,,,-331300000.0,1119000000.0,1128000000.0
Regions Financial Corp,RF,CW05CS5KW59QTC0DG824,1281761,2018.0,Q2YTD,2018-01-01,2018-06-30,,0.67,0.67,,106000000.0,-14000000.0,0.67,,,217000000.0,,310000000.0,1777000000.0,145000000.0,-183000000.0,-183000000.0,,-183000000.0,1865000000.0,329000000.0,,,,,36000000.0,,460000000.0,,50000000.0,1006000000.0,7000000.0,258000000.0,2123000000.0,1781000000.0,,34000000.0,1865000000.0,,,-331300000.0,1119000000.0,1128000000.0
Regions Financial Corp,RF,CW05CS5KW59QTC0DG824,1281761,2018.0,Q1,2018-01-01,2018-03-31,2019-05-08 13:12:50+00:00,0.35,0.35,0.09,49000000.0,,0.35,,,128000000.0,,154000000.0,874000000.0,72000000.0,-77000000.0,-77000000.0,,-77000000.0,925000000.0,164000000.0,,,,,19000000.0,,225000000.0,,-10000000.0,495000000.0,1000000.0,122000000.0,1047000000.0,884000000.0,,51000000.0,925000000.0,,,-220000000.0,1127000000.0,1141000000.0
Regions Financial Corp,RF,CW05CS5KW59QTC0DG824,1281761,2019.0,Q4,2019-10-01,2019-12-31,,0.38,0.38,,98000000.0,1000000.0,0.37,,,98000000.0,,155000000.0,955000000.0,70000000.0,-697000000.0,-697000000.0,,-697000000.0,897000000.0,161000000.0,,,,43000000.0,10000000.0,-502000000.0,248000000.0,,96000000.0,488000000.0,12000000.0,223000000.0,1120000000.0,898000000.0,-502000000.0,-599000000.0,395000000.0,,,-353600000.0,995000000.0,999000000.0
Regions Financial Corp,RF,CW05CS5KW59QTC0DG824,1281761,2019.0,FY,2019-01-01,2019-12-31,2020-02-21 10:49:22+00:00,1.51,1.51,0.59,447000000.0,,1.5,,,403000000.0,,643000000.0,3937000000.0,351000000.0,-534000000.0,-534000000.0,0.0,-534000000.0,3745000000.0,646000000.0,,,,43000000.0,59000000.0,,927000000.0,,387000000.0,1916000000.0,53000000.0,894000000.0,4639000000.0,3489000000.0,,-131000000.0,3745000000.0,,,-353600000.0,995000000.0,999000000.0
Regions Financial Corp,RF,CW05CS5KW59QTC0DG824,1281761,2019.0,Q3YTD,2019-01-01,2019-09-30,,1.13,1.13,,349000000.0,-1000000.0,1.13,,,305000000.0,,488000000.0,2982000000.0,281000000.0,163000000.0,163000000.0,,163000000.0,2848000000.0,485000000.0,,,,,49000000.0,502000000.0,679000000.0,,291000000.0,1428000000.0,41000000.0,671000000.0,3519000000.0,2591000000.0,502000000.0,468000000.0,3350000000.0,,,-382100000.0,988000000.0,991000000.0
Regions Financial Corp,RF,CW05CS5KW59QTC0DG824,1281761,2019.0,Q3TTM,2018-10-01,2019-09-30,,1.51,1.51,,429000000.0,-1000000.0,1.5,,,390000000.0,,648000000.0,3963000000.0,374000000.0,235000000.0,44000000.0,191000000.0,235000000.0,3762000000.0,653000000.0,,,,56000000.0,66000000.0,502000000.0,896000000.0,,386000000.0,1896000000.0,56000000.0,915000000.0,4677000000.0,3444000000.0,502000000.0,434000000.0,4264000000.0,,,-382100000.0,988000000.0,991000000.0
Regions Financial Corp,RF,CW05CS5KW59QTC0DG824,1281761,2019.0,Q3,2019-07-01,2019-09-30,2019-11-06 09:24:40+00:00,0.39,0.39,,116000000.0,10000000.0,0.39,,,107000000.0,,160000000.0,988000000.0,83000000.0,-149000000.0,-149000000.0,,-149000000.0,947000000.0,163000000.0,,,,,12000000.0,,227000000.0,,108000000.0,481000000.0,14000000.0,213000000.0,1160000000.0,881000000.0,,-42000000.0,947000000.0,,,-382100000.0,988000000.0,991000000.0
Regions Financial Corp,RF,CW05CS5KW59QTC0DG824,1281761,2019.0,Q2YTD,2019-01-01,2019-06-30,,0.74,0.74,,233000000.0,-11000000.0,0.74,,,198000000.0,,328000000.0,1994000000.0,198000000.0,312000000.0,312000000.0,,312000000.0,1901000000.0,322000000.0,,,,,37000000.0,502000000.0,452000000.0,,183000000.0,947000000.0,27000000.0,458000000.0,2359000000.0,1710000000.0,502000000.0,510000000.0,2403000000.0,,,-221600000.0,1010000000.0,1012000000.0
Regions Financial Corp,RF,CW05CS5KW59QTC0DG824,1281761,2019.0,Q2TTM,2018-07-01,2019-06-30,,1.62,1.62,,377000000.0,3000000.0,1.61,,,368000000.0,,643000000.0,3915000000.0,375000000.0,235000000.0,44000000.0,191000000.0,235000000.0,3771000000.0,653000000.0,,,,56000000.0,71000000.0,502000000.0,955000000.0,,362000000.0,1888000000.0,50000000.0,858000000.0,4629000000.0,3499000000.0,502000000.0,412000000.0,4273000000.0,,,-221600000.0,1010000000.0,1012000000.0
Regions Financial Corp,RF,CW05CS5KW59QTC0DG824,1281761,2019.0,Q2,2019-04-01,2019-06-30,2019-08-07 17:06:44+00:00,0.37,0.37,,125000000.0,-11000000.0,0.37,,,93000000.0,,163000000.0,1010000000.0,96000000.0,-82000000.0,-82000000.0,,-82000000.0,953000000.0,164000000.0,,,,,15000000.0,,228000000.0,,92000000.0,469000000.0,14000000.0,235000000.0,1188000000.0,850000000.0,,11000000.0,953000000.0,,,-221600000.0,1010000000.0,1012000000.0
Regions Financial Corp,RF,CW05CS5KW59QTC0DG824,1281761,2019.0,Q1,2019-01-01,2019-03-31,2020-05-06 08:41:19+00:00,0.37,0.37,0.14,108000000.0,,0.37,,,105000000.0,,165000000.0,984000000.0,102000000.0,394000000.0,394000000.0,,394000000.0,948000000.0,158000000.0,,,,,22000000.0,502000000.0,224000000.0,,91000000.0,478000000.0,13000000.0,223000000.0,1171000000.0,860000000.0,502000000.0,499000000.0,1450000000.0,,,1064900000.0,1019000000.0,1028000000.0
Regions Financial Corp,RF,CW05CS5KW59QTC0DG824,1281761,2019.0,Q1TTM,2018-04-01,2019-03-31,,1.57,1.57,,309000000.0,,1.56,,,364000000.0,,636000000.0,3808000000.0,352000000.0,211000000.0,20000000.0,191000000.0,211000000.0,3758000000.0,654000000.0,,,,56000000.0,73000000.0,502000000.0,962000000.0,,330000000.0,1930000000.0,42000000.0,759000000.0,4517000000.0,3546000000.0,502000000.0,384000000.0,4260000000.0,,,1064900000.0,1019000000.0,1028000000.0
Regions Financial Corp,RF,CW05CS5KW59QTC0DG824,1281761,2020.0,Q1,2020-01-01,2020-03-31,2020-05-06 08:41:19+00:00,0.15,0.15,0.155,84000000.0,,0.14,,,42000000.0,,158000000.0,908000000.0,59000000.0,162000000.0,162000000.0,,162000000.0,928000000.0,162000000.0,,,,,13000000.0,485000000.0,207000000.0,,373000000.0,467000000.0,8000000.0,151000000.0,1079000000.0,836000000.0,485000000.0,204000000.0,1413000000.0,,,1080000000.0,957000000.0,961000000.0
Regions Financial Corp,RF,CW05CS5KW59QTC0DG824,1281761,2020.0,Q1TTM,2019-04-01,2020-03-31,,1.29,1.29,,423000000.0,,1.27,,,340000000.0,,636000000.0,3861000000.0,308000000.0,-766000000.0,-766000000.0,,-766000000.0,3725000000.0,650000000.0,,,,43000000.0,50000000.0,-17000000.0,910000000.0,,669000000.0,1905000000.0,48000000.0,822000000.0,4547000000.0,3465000000.0,-17000000.0,-426000000.0,3708000000.0,,,1080000000.0,957000000.0,961000000.0
