company_name,company_ticker,company_lei,company_cik,year,quarter,start_date,end_date,filing_date,basicdilutedeps,basiceps,cashdividendspershare,depreciationexpense,dilutedeps,incometaxexpense,marketingexpense,netincome,netincomecontinuing,netincomediscontinued,netincometocommon,netoccupancyequipmentexpense,netrealizedcapitalgains,nonoperatingincome,othernoninterestincome,otheroperatingexpenses,otherservicechargeincome,salariesandemployeebenefitsexpense,servicechargesondepositsincome,totalnoninterestexpense,totalnoninterestincome,totalpretaxincome,totalrevenue,trustfeeincome,weightedavebasicdilutedsharesos,weightedavebasicsharesos,weightedavedilutedsharesos
Marketaxess Holdings Inc,MKTX,5493002U1CA1XJOVID83,1278021,2009.0,FY,2009-01-01,2009-12-31,2012-07-06 15:50:13+00:00,0.44,0.44,0.07,6790000.0,0.42,13947000.0,2882000.0,16102000.0,16102000.0,,16102000.0,11565000.0,1222000.0,,,12879000.0,7307000.0,50274000.0,9778000.0,84390000.0,114439000.0,30049000.0,114439000.0,96132000.0,36600000.0,33264000.0,38082000.0
Marketaxess Holdings Inc,MKTX,5493002U1CA1XJOVID83,1278021,2010.0,FY,2010-01-01,2010-12-31,2013-02-21 17:23:01+00:00,0.86,0.86,0.28,6350000.0,0.8,19482000.0,3075000.0,31428000.0,31428000.0,,31428000.0,12979000.0,1192000.0,,,16468000.0,131388000.0,56446000.0,13648000.0,95318000.0,146228000.0,50910000.0,146228000.0,,36500000.0,33159000.0,39051000.0
Marketaxess Holdings Inc,MKTX,5493002U1CA1XJOVID83,1278021,2010.0,Q3,2010-07-01,2010-09-30,2011-10-26 16:00:22+00:00,0.24,0.24,0.07,1560000.0,0.22,4913000.0,679000.0,8611000.0,8611000.0,,8611000.0,3249000.0,301000.0,,,4075000.0,2505000.0,14326000.0,3455000.0,23889000.0,37413000.0,13524000.0,37413000.0,31152000.0,35900000.0,32945000.0,38744000.0
Marketaxess Holdings Inc,MKTX,5493002U1CA1XJOVID83,1278021,2010.0,Q2,2010-04-01,2010-06-30,2011-07-27 17:20:59+00:00,0.19,0.19,0.07,1622000.0,0.18,4687000.0,759000.0,7169000.0,7169000.0,,7169000.0,3060000.0,315000.0,,,3840000.0,2300000.0,14189000.0,3251000.0,23470000.0,35326000.0,11856000.0,35326000.0,29460000.0,37700000.0,33733000.0,39514000.0
Marketaxess Holdings Inc,MKTX,5493002U1CA1XJOVID83,1278021,2011.0,Q4,2011-10-01,2011-12-31,,0.31,0.31,0.09,218000.0,0.29,8297000.0,989000.0,11543000.0,13286000.0,-1743000.0,11543000.0,2765000.0,316000.0,,,2991000.0,41380000.0,7364000.0,-5786000.0,14327000.0,35910000.0,21583000.0,35910000.0,,37000000.0,37006000.0,39608000.0
Marketaxess Holdings Inc,MKTX,5493002U1CA1XJOVID83,1278021,2011.0,FY,2011-01-01,2011-12-31,2014-02-24 16:56:26+00:00,1.29,1.29,0.36,5206000.0,1.2,32003000.0,4491000.0,47704000.0,49447000.0,-1743000.0,47704000.0,12956000.0,1228000.0,,,15328000.0,165561000.0,52443000.0,5085000.0,90424000.0,171874000.0,81450000.0,171874000.0,,37000000.0,37006000.0,39608000.0
Marketaxess Holdings Inc,MKTX,5493002U1CA1XJOVID83,1278021,2011.0,Q3,2011-07-01,2011-09-30,2012-11-02 14:56:04+00:00,0.36,0.36,0.09,1799000.0,0.34,8852000.0,1280000.0,13444000.0,13444000.0,,13444000.0,3493000.0,303000.0,,,3989000.0,42482000.0,13707000.0,3779000.0,24268000.0,46564000.0,22296000.0,46564000.0,,37300000.0,37126000.0,39828000.0
Marketaxess Holdings Inc,MKTX,5493002U1CA1XJOVID83,1278021,2011.0,Q3YTD,2011-01-01,2011-09-30,,0.98,0.98,0.27,4988000.0,0.91,23706000.0,3502000.0,36161000.0,36161000.0,,36161000.0,10191000.0,912000.0,,,12337000.0,124181000.0,45079000.0,10871000.0,76097000.0,135964000.0,59867000.0,135964000.0,,37300000.0,37126000.0,39828000.0
Marketaxess Holdings Inc,MKTX,5493002U1CA1XJOVID83,1278021,2011.0,Q2,2011-04-01,2011-06-30,2012-07-26 14:01:19+00:00,0.32,0.32,0.09,1627000.0,0.3,7968000.0,1248000.0,11937000.0,11937000.0,,11937000.0,3432000.0,310000.0,,,4475000.0,41497000.0,15104000.0,3984000.0,25886000.0,45791000.0,19905000.0,45791000.0,,37300000.0,36762000.0,39490000.0
Marketaxess Holdings Inc,MKTX,5493002U1CA1XJOVID83,1278021,2011.0,Q2YTD,2011-01-01,2011-06-30,,0.62,0.62,0.18,3189000.0,0.57,14854000.0,2222000.0,22717000.0,22717000.0,,22717000.0,6698000.0,609000.0,,,8348000.0,81699000.0,31372000.0,7092000.0,51829000.0,89400000.0,37571000.0,89400000.0,,37300000.0,36762000.0,39490000.0
Marketaxess Holdings Inc,MKTX,5493002U1CA1XJOVID83,1278021,2011.0,Q1,2011-01-01,2011-03-31,2012-07-06 15:58:09+00:00,0.3,0.3,0.09,1562000.0,0.27,6886000.0,974000.0,10780000.0,10780000.0,,10780000.0,3266000.0,299000.0,,,3873000.0,40202000.0,16268000.0,3108000.0,25943000.0,43609000.0,17666000.0,43609000.0,,35900000.0,36507000.0,39301000.0
Marketaxess Holdings Inc,MKTX,5493002U1CA1XJOVID83,1278021,2012.0,Q4,2012-10-01,2012-12-31,,0.56,0.56,1.41,1228000.0,0.54,1968000.0,1001000.0,20465000.0,21954000.0,-1489000.0,20465000.0,3682000.0,235000.0,,,4893000.0,46907000.0,10152000.0,-2264000.0,20956000.0,44878000.0,23922000.0,44878000.0,,36400000.0,36516000.0,37816000.0
Marketaxess Holdings Inc,MKTX,5493002U1CA1XJOVID83,1278021,2012.0,FY,2012-01-01,2012-12-31,2015-02-25 16:30:41+00:00,1.65,1.65,1.74,6758000.0,1.59,27586000.0,5169000.0,60069000.0,61784000.0,-1715000.0,60069000.0,14969000.0,1057000.0,,,19896000.0,184795000.0,54678000.0,4988000.0,101470000.0,190840000.0,89370000.0,190840000.0,,36400000.0,36516000.0,37816000.0
Marketaxess Holdings Inc,MKTX,5493002U1CA1XJOVID83,1278021,2012.0,Q3YTD,2012-01-01,2012-09-30,,1.09,1.09,0.33,5530000.0,1.05,25618000.0,4168000.0,39604000.0,39830000.0,-226000.0,39604000.0,11287000.0,822000.0,,,15003000.0,137888000.0,44526000.0,7252000.0,80514000.0,145962000.0,65448000.0,145962000.0,,36400000.0,36500000.0,37541000.0
Marketaxess Holdings Inc,MKTX,5493002U1CA1XJOVID83,1278021,2012.0,Q3TTM,2011-10-01,2012-09-30,,1.4,1.4,0.42,5748000.0,1.34,33915000.0,5157000.0,51147000.0,53116000.0,-1969000.0,51147000.0,14052000.0,1138000.0,,,17994000.0,179268000.0,51890000.0,1466000.0,94841000.0,181872000.0,87031000.0,181872000.0,,36400000.0,36500000.0,37541000.0
Marketaxess Holdings Inc,MKTX,5493002U1CA1XJOVID83,1278021,2012.0,Q3,2012-07-01,2012-09-30,2013-10-25 16:26:22+00:00,0.37,0.37,0.11,1715000.0,0.36,7792000.0,989000.0,13482000.0,13708000.0,-226000.0,13482000.0,3801000.0,251000.0,,,5017000.0,45027000.0,13380000.0,1124000.0,24902000.0,46402000.0,21500000.0,46402000.0,,36400000.0,36500000.0,37541000.0
Marketaxess Holdings Inc,MKTX,5493002U1CA1XJOVID83,1278021,2012.0,Q2YTD,2012-01-01,2012-06-30,,0.72,0.72,0.22,3815000.0,0.69,17826000.0,3179000.0,26122000.0,26122000.0,,26122000.0,7486000.0,571000.0,,,9986000.0,92861000.0,31146000.0,6128000.0,55612000.0,99560000.0,43948000.0,99560000.0,,36100000.0,36128000.0,37440000.0
Marketaxess Holdings Inc,MKTX,5493002U1CA1XJOVID83,1278021,2012.0,Q2TTM,2011-07-01,2012-06-30,,1.39,1.39,0.4,5832000.0,1.32,34975000.0,5448000.0,51109000.0,52852000.0,-1743000.0,51109000.0,13744000.0,1190000.0,,,16966000.0,176723000.0,52217000.0,4121000.0,94207000.0,182034000.0,87827000.0,182034000.0,,36100000.0,36128000.0,37440000.0
Marketaxess Holdings Inc,MKTX,5493002U1CA1XJOVID83,1278021,2012.0,Q2,2012-04-01,2012-06-30,2013-07-26 12:13:16+00:00,0.35,0.35,0.11,1961000.0,0.34,8571000.0,1732000.0,12629000.0,12629000.0,,12629000.0,3772000.0,268000.0,,,4855000.0,45337000.0,15305000.0,3220000.0,27625000.0,48825000.0,21200000.0,48825000.0,,36100000.0,36128000.0,37440000.0
Marketaxess Holdings Inc,MKTX,5493002U1CA1XJOVID83,1278021,2012.0,Q1TTM,2011-04-01,2012-03-31,,1.36,1.36,0.38,5498000.0,1.28,34372000.0,4964000.0,50417000.0,52160000.0,-1743000.0,50417000.0,13404000.0,1232000.0,,,16586000.0,172883000.0,52016000.0,4885000.0,92468000.0,179000000.0,86532000.0,179000000.0,,36500000.0,36934000.0,38695000.0
Marketaxess Holdings Inc,MKTX,5493002U1CA1XJOVID83,1278021,2012.0,Q1,2012-01-01,2012-03-31,2013-04-26 15:26:32+00:00,0.37,0.37,0.11,1854000.0,0.35,9255000.0,1447000.0,13493000.0,13493000.0,,13493000.0,3714000.0,303000.0,,,5131000.0,47524000.0,15841000.0,2908000.0,27987000.0,50735000.0,22748000.0,50735000.0,,36500000.0,36934000.0,38695000.0
Marketaxess Holdings Inc,MKTX,5493002U1CA1XJOVID83,1278021,2013.0,FY,2013-01-01,2013-12-31,2016-02-25 17:14:56+00:00,2.06,2.06,0.52,14123000.0,2.01,38717000.0,4632000.0,76016000.0,68563000.0,7453000.0,76016000.0,21210000.0,420000.0,,,27082000.0,231982000.0,64406000.0,6331000.0,131453000.0,238733000.0,107280000.0,238733000.0,,36900000.0,36886000.0,37888000.0
Marketaxess Holdings Inc,MKTX,5493002U1CA1XJOVID83,1278021,2013.0,Q4,2013-10-01,2013-12-31,,0.63,0.63,0.13,3972000.0,0.61,9329000.0,1131000.0,23134000.0,15470000.0,7664000.0,23134000.0,6338000.0,132000.0,,,7434000.0,58258000.0,16768000.0,2052000.0,35643000.0,60442000.0,24799000.0,60442000.0,,36900000.0,36886000.0,37888000.0
Marketaxess Holdings Inc,MKTX,5493002U1CA1XJOVID83,1278021,2013.0,Q3YTD,2013-01-01,2013-09-30,,1.43,1.43,0.39,10151000.0,1.4,29388000.0,3501000.0,52882000.0,53093000.0,-211000.0,52882000.0,14872000.0,288000.0,,,19648000.0,173724000.0,47638000.0,4279000.0,95810000.0,178291000.0,82481000.0,178291000.0,,37200000.0,36919000.0,37965000.0
Marketaxess Holdings Inc,MKTX,5493002U1CA1XJOVID83,1278021,2013.0,Q3TTM,2012-10-01,2013-09-30,,1.99,1.99,1.8,11379000.0,1.94,31356000.0,4502000.0,73347000.0,75047000.0,-1700000.0,73347000.0,18554000.0,523000.0,,,24541000.0,220631000.0,57790000.0,2015000.0,116766000.0,223169000.0,106403000.0,223169000.0,,37200000.0,36919000.0,37965000.0
Marketaxess Holdings Inc,MKTX,5493002U1CA1XJOVID83,1278021,2013.0,Q3,2013-07-01,2013-09-30,2014-10-24 16:48:00+00:00,0.49,0.49,0.13,3460000.0,0.48,8129000.0,1195000.0,18213000.0,18259000.0,-46000.0,18213000.0,5714000.0,112000.0,,,6466000.0,59460000.0,17910000.0,1561000.0,34745000.0,61133000.0,26388000.0,61133000.0,,37200000.0,36919000.0,37965000.0
Marketaxess Holdings Inc,MKTX,5493002U1CA1XJOVID83,1278021,2013.0,Q2YTD,2013-01-01,2013-06-30,,0.94,0.94,0.26,6691000.0,0.92,21259000.0,2306000.0,34669000.0,34834000.0,-165000.0,34669000.0,9158000.0,176000.0,,,13182000.0,114264000.0,29728000.0,2718000.0,61065000.0,117158000.0,56093000.0,117158000.0,,37200000.0,36868000.0,37819000.0
Marketaxess Holdings Inc,MKTX,5493002U1CA1XJOVID83,1278021,2013.0,Q2TTM,2012-07-01,2013-06-30,,1.87,1.87,1.78,9634000.0,1.82,31019000.0,4296000.0,68616000.0,70496000.0,-1880000.0,68616000.0,16641000.0,662000.0,,,23092000.0,206198000.0,53260000.0,1578000.0,106923000.0,208438000.0,101515000.0,208438000.0,,37200000.0,36868000.0,37819000.0
Marketaxess Holdings Inc,MKTX,5493002U1CA1XJOVID83,1278021,2013.0,Q2,2013-04-01,2013-06-30,2014-07-25 13:00:52+00:00,0.52,0.52,0.13,4405000.0,0.51,12133000.0,1371000.0,19343000.0,19289000.0,54000.0,19343000.0,5215000.0,44000.0,,,6382000.0,61978000.0,14712000.0,1485000.0,32085000.0,63507000.0,31422000.0,63507000.0,,37200000.0,36868000.0,37819000.0
Marketaxess Holdings Inc,MKTX,5493002U1CA1XJOVID83,1278021,2013.0,Q1TTM,2012-04-01,2013-03-31,,1.7,1.7,1.76,7190000.0,1.65,27457000.0,4657000.0,61902000.0,63836000.0,-1934000.0,61902000.0,15198000.0,886000.0,,,21565000.0,189557000.0,53853000.0,3313000.0,102463000.0,193756000.0,91293000.0,193756000.0,,36500000.0,36774000.0,37673000.0
Marketaxess Holdings Inc,MKTX,5493002U1CA1XJOVID83,1278021,2013.0,Q1,2013-01-01,2013-03-31,2014-04-25 12:51:21+00:00,0.42,0.42,0.13,2286000.0,0.41,9126000.0,935000.0,15326000.0,15545000.0,-219000.0,15326000.0,3943000.0,132000.0,,,6800000.0,52286000.0,15016000.0,1233000.0,28980000.0,53651000.0,24671000.0,53651000.0,,36500000.0,36774000.0,37673000.0
Marketaxess Holdings Inc,MKTX,5493002U1CA1XJOVID83,1278021,2014.0,FY,2014-01-01,2014-12-31,2017-02-21 17:17:01+00:00,2.03,2.03,0.64,17379000.0,1.97,43730000.0,5769000.0,74806000.0,74806000.0,,74806000.0,22066000.0,543000.0,,,24029000.0,262231000.0,74995000.0,,144238000.0,262774000.0,118536000.0,262774000.0,,36900000.0,36930000.0,37889000.0
Marketaxess Holdings Inc,MKTX,5493002U1CA1XJOVID83,1278021,2014.0,Q4,2014-10-01,2014-12-31,,0.6,0.6,0.16,4425000.0,0.57,11853000.0,1429000.0,21636000.0,21636000.0,,21636000.0,5448000.0,127000.0,,,6000000.0,75625000.0,19376000.0,-5585000.0,36678000.0,70167000.0,33489000.0,70167000.0,,36900000.0,36930000.0,37889000.0
Marketaxess Holdings Inc,MKTX,5493002U1CA1XJOVID83,1278021,2014.0,Q3YTD,2014-01-01,2014-09-30,,1.43,1.43,0.48,12954000.0,1.4,31877000.0,4340000.0,53170000.0,53170000.0,,53170000.0,16618000.0,416000.0,,,18029000.0,186606000.0,55619000.0,5585000.0,107560000.0,192607000.0,85047000.0,192607000.0,,37200000.0,36856000.0,37805000.0
Marketaxess Holdings Inc,MKTX,5493002U1CA1XJOVID83,1278021,2014.0,Q3TTM,2013-10-01,2014-09-30,,2.06,2.06,0.61,16926000.0,2.01,41206000.0,5471000.0,76304000.0,68640000.0,7664000.0,76304000.0,22956000.0,548000.0,,,25463000.0,244864000.0,72387000.0,7637000.0,143203000.0,253049000.0,109846000.0,253049000.0,,37200000.0,36856000.0,37805000.0
Marketaxess Holdings Inc,MKTX,5493002U1CA1XJOVID83,1278021,2014.0,Q3,2014-07-01,2014-09-30,2015-10-23 16:01:28+00:00,0.47,0.47,0.16,4482000.0,0.46,10764000.0,1331000.0,17504000.0,17504000.0,,17504000.0,5486000.0,132000.0,,,6089000.0,62551000.0,18589000.0,1562000.0,35977000.0,64245000.0,28268000.0,64245000.0,,37200000.0,36856000.0,37805000.0
Marketaxess Holdings Inc,MKTX,5493002U1CA1XJOVID83,1278021,2014.0,Q2YTD,2014-01-01,2014-06-30,,0.96,0.96,0.32,8472000.0,0.94,21113000.0,3009000.0,35666000.0,35666000.0,,35666000.0,11132000.0,284000.0,,,11940000.0,124055000.0,37030000.0,4023000.0,71583000.0,128362000.0,56779000.0,128362000.0,,37100000.0,37015000.0,37942000.0
Marketaxess Holdings Inc,MKTX,5493002U1CA1XJOVID83,1278021,2014.0,Q2TTM,2013-07-01,2014-06-30,,2.08,2.08,0.58,15904000.0,2.03,38571000.0,5335000.0,77013000.0,69395000.0,7618000.0,77013000.0,23184000.0,528000.0,,,25840000.0,241773000.0,71708000.0,7636000.0,141971000.0,249937000.0,107966000.0,249937000.0,,37100000.0,37015000.0,37942000.0
Marketaxess Holdings Inc,MKTX,5493002U1CA1XJOVID83,1278021,2014.0,Q2,2014-04-01,2014-06-30,2015-07-24 16:01:03+00:00,0.49,0.49,0.16,4351000.0,0.48,10880000.0,1800000.0,18191000.0,18191000.0,,18191000.0,5551000.0,138000.0,,,5770000.0,62839000.0,18421000.0,1987000.0,35893000.0,64964000.0,29071000.0,64964000.0,,37100000.0,37015000.0,37942000.0
Marketaxess Holdings Inc,MKTX,5493002U1CA1XJOVID83,1278021,2014.0,Q1,2014-01-01,2014-03-31,2015-04-24 14:41:44+00:00,0.47,0.47,0.16,4121000.0,0.46,10233000.0,1209000.0,17475000.0,17475000.0,,17475000.0,5581000.0,146000.0,,,6170000.0,61216000.0,18609000.0,2036000.0,35690000.0,63398000.0,27708000.0,63398000.0,,37200000.0,37121000.0,38096000.0
Marketaxess Holdings Inc,MKTX,5493002U1CA1XJOVID83,1278021,2014.0,Q1TTM,2013-04-01,2014-03-31,,2.11,2.11,0.55,15958000.0,2.06,39824000.0,4906000.0,78165000.0,70493000.0,7672000.0,78165000.0,22848000.0,434000.0,,,26452000.0,240912000.0,67999000.0,7134000.0,138163000.0,248480000.0,110317000.0,248480000.0,,37200000.0,37121000.0,38096000.0
Marketaxess Holdings Inc,MKTX,5493002U1CA1XJOVID83,1278021,2015.0,FY,2015-01-01,2015-12-31,2018-02-21 17:20:24+00:00,2.62,2.62,0.8,18542000.0,2.55,51863000.0,6148000.0,96037000.0,96037000.0,,96037000.0,20601000.0,905000.0,,,26051000.0,302193000.0,83856000.0,,155198000.0,303098000.0,147900000.0,303098000.0,,36700000.0,36690000.0,37637000.0
Marketaxess Holdings Inc,MKTX,5493002U1CA1XJOVID83,1278021,2015.0,Q4,2015-10-01,2015-12-31,,0.67,0.67,0.2,4685000.0,0.66,12495000.0,1888000.0,24491000.0,24491000.0,,24491000.0,4935000.0,284000.0,,,7063000.0,76360000.0,21087000.0,,39658000.0,76644000.0,36986000.0,76644000.0,,36700000.0,36690000.0,37637000.0
Marketaxess Holdings Inc,MKTX,5493002U1CA1XJOVID83,1278021,2015.0,Q3,2015-07-01,2015-09-30,2016-10-28 08:25:34+00:00,0.62,0.62,0.2,4642000.0,0.6,12638000.0,1304000.0,22715000.0,22715000.0,,22715000.0,5137000.0,248000.0,,,6754000.0,73944000.0,21002000.0,,38839000.0,74192000.0,35353000.0,74192000.0,,36600000.0,36681000.0,37643000.0
Marketaxess Holdings Inc,MKTX,5493002U1CA1XJOVID83,1278021,2015.0,Q3YTD,2015-01-01,2015-09-30,,1.95,1.95,0.6,13857000.0,1.89,39368000.0,4260000.0,71546000.0,71546000.0,,71546000.0,15666000.0,621000.0,,,18988000.0,225833000.0,62769000.0,,115540000.0,226454000.0,110914000.0,226454000.0,,36600000.0,36681000.0,37643000.0
Marketaxess Holdings Inc,MKTX,5493002U1CA1XJOVID83,1278021,2015.0,Q3TTM,2014-10-01,2015-09-30,,2.55,2.55,0.76,18282000.0,2.46,51221000.0,5689000.0,93182000.0,93182000.0,,93182000.0,21114000.0,748000.0,,,24988000.0,301458000.0,82145000.0,-5585000.0,152218000.0,296621000.0,144403000.0,296621000.0,,36600000.0,36681000.0,37643000.0
Marketaxess Holdings Inc,MKTX,5493002U1CA1XJOVID83,1278021,2015.0,Q2,2015-04-01,2015-06-30,2016-07-29 16:57:38+00:00,0.66,0.66,0.2,4603000.0,0.64,12821000.0,1764000.0,24238000.0,24238000.0,,24238000.0,5199000.0,190000.0,,,6273000.0,75301000.0,20593000.0,,38432000.0,75491000.0,37059000.0,75491000.0,,36700000.0,36699000.0,37642000.0
Marketaxess Holdings Inc,MKTX,5493002U1CA1XJOVID83,1278021,2015.0,Q2YTD,2015-01-01,2015-06-30,,1.33,1.33,0.4,9215000.0,1.29,26730000.0,2956000.0,48831000.0,48831000.0,,48831000.0,10529000.0,373000.0,,,12234000.0,151889000.0,41767000.0,,76701000.0,152262000.0,75561000.0,152262000.0,,36700000.0,36699000.0,37642000.0
Marketaxess Holdings Inc,MKTX,5493002U1CA1XJOVID83,1278021,2015.0,Q2TTM,2014-07-01,2015-06-30,,2.4,2.4,0.72,18122000.0,2.32,49347000.0,5716000.0,87971000.0,87971000.0,,87971000.0,21463000.0,632000.0,,,24323000.0,290065000.0,79732000.0,-4023000.0,149356000.0,286674000.0,137318000.0,286674000.0,,36700000.0,36699000.0,37642000.0
Marketaxess Holdings Inc,MKTX,5493002U1CA1XJOVID83,1278021,2015.0,Q1,2015-01-01,2015-03-31,2016-04-28 16:02:16+00:00,0.67,0.67,0.2,4612000.0,0.65,13909000.0,1192000.0,24593000.0,24593000.0,,24593000.0,5330000.0,183000.0,,,5961000.0,76588000.0,21174000.0,,38269000.0,76771000.0,38502000.0,76771000.0,,36700000.0,36706000.0,37626000.0
Marketaxess Holdings Inc,MKTX,5493002U1CA1XJOVID83,1278021,2015.0,Q1TTM,2014-04-01,2015-03-31,,2.23,2.23,0.68,17870000.0,2.16,47406000.0,5752000.0,81924000.0,81924000.0,,81924000.0,21815000.0,580000.0,,,23820000.0,277603000.0,77560000.0,-2036000.0,146817000.0,276147000.0,129330000.0,276147000.0,,36700000.0,36706000.0,37626000.0
Marketaxess Holdings Inc,MKTX,5493002U1CA1XJOVID83,1278021,2016.0,FY,2016-01-01,2016-12-31,2019-02-20 17:29:00+00:00,3.42,3.42,1.04,17838000.0,3.34,65430000.0,8934000.0,126172000.0,126172000.0,,126172000.0,21956000.0,,1617000.0,367730000.0,32392000.0,,96625000.0,,177745000.0,367730000.0,191602000.0,367730000.0,,36900000.0,36844000.0,37738000.0
Marketaxess Holdings Inc,MKTX,5493002U1CA1XJOVID83,1278021,2016.0,Q4,2016-10-01,2016-12-31,,0.89,0.89,0.26,4292000.0,0.87,17162000.0,3192000.0,33165000.0,33165000.0,,33165000.0,5524000.0,-1469000.0,1617000.0,367730000.0,8160000.0,-274014000.0,22369000.0,,43537000.0,92247000.0,50327000.0,92247000.0,,36900000.0,36844000.0,37738000.0
Marketaxess Holdings Inc,MKTX,5493002U1CA1XJOVID83,1278021,2016.0,Q3,2016-07-01,2016-09-30,2017-10-27 16:27:56+00:00,0.84,0.84,0.26,4325000.0,0.82,15436000.0,2140000.0,30918000.0,30918000.0,,30918000.0,5465000.0,534000.0,,,8073000.0,89737000.0,23914000.0,,43917000.0,90271000.0,46354000.0,90271000.0,,36800000.0,36889000.0,37792000.0
Marketaxess Holdings Inc,MKTX,5493002U1CA1XJOVID83,1278021,2016.0,Q3YTD,2016-01-01,2016-09-30,,2.53,2.53,0.78,13546000.0,2.47,48268000.0,5742000.0,93007000.0,93007000.0,,93007000.0,16432000.0,1469000.0,,,24232000.0,274014000.0,74256000.0,,134208000.0,275483000.0,141275000.0,275483000.0,,36800000.0,36889000.0,37792000.0
Marketaxess Holdings Inc,MKTX,5493002U1CA1XJOVID83,1278021,2016.0,Q3TTM,2015-10-01,2016-09-30,,3.2,3.2,0.98,18231000.0,3.13,60763000.0,7630000.0,117498000.0,117498000.0,,117498000.0,21367000.0,1753000.0,,,31295000.0,350374000.0,95343000.0,,173866000.0,352127000.0,178261000.0,352127000.0,,36800000.0,36889000.0,37792000.0
Marketaxess Holdings Inc,MKTX,5493002U1CA1XJOVID83,1278021,2016.0,Q2,2016-04-01,2016-06-30,2017-07-27 16:18:12+00:00,0.9,0.9,0.26,4540000.0,0.88,17425000.0,1824000.0,33126000.0,33126000.0,,33126000.0,5502000.0,517000.0,,,8407000.0,96122000.0,25815000.0,,46088000.0,96639000.0,50551000.0,96639000.0,,36800000.0,36876000.0,37748000.0
Marketaxess Holdings Inc,MKTX,5493002U1CA1XJOVID83,1278021,2016.0,Q2YTD,2016-01-01,2016-06-30,,1.69,1.69,0.52,9221000.0,1.65,32832000.0,3602000.0,62089000.0,62089000.0,,62089000.0,10967000.0,935000.0,,,16159000.0,184277000.0,50342000.0,,90291000.0,185212000.0,94921000.0,185212000.0,,36800000.0,36876000.0,37748000.0
Marketaxess Holdings Inc,MKTX,5493002U1CA1XJOVID83,1278021,2016.0,Q2TTM,2015-07-01,2016-06-30,,2.98,2.98,0.92,18548000.0,2.91,57965000.0,6794000.0,109295000.0,109295000.0,,109295000.0,21039000.0,1467000.0,,,29976000.0,334581000.0,92431000.0,,168788000.0,336048000.0,167260000.0,336048000.0,,36800000.0,36876000.0,37748000.0
Marketaxess Holdings Inc,MKTX,5493002U1CA1XJOVID83,1278021,2016.0,Q1,2016-01-01,2016-03-31,2017-04-27 17:10:35+00:00,0.79,0.79,0.26,4681000.0,0.77,15407000.0,1778000.0,28963000.0,28963000.0,,28963000.0,5465000.0,418000.0,,,7752000.0,88155000.0,24527000.0,,44203000.0,88573000.0,44370000.0,88573000.0,,36700000.0,36775000.0,37671000.0
Marketaxess Holdings Inc,MKTX,5493002U1CA1XJOVID83,1278021,2016.0,Q1TTM,2015-04-01,2016-03-31,,2.74,2.74,0.86,18611000.0,2.67,53361000.0,6734000.0,100407000.0,100407000.0,,100407000.0,20736000.0,1140000.0,,,27842000.0,313760000.0,87209000.0,,161132000.0,314900000.0,153768000.0,314900000.0,,36700000.0,36775000.0,37671000.0
Marketaxess Holdings Inc,MKTX,5493002U1CA1XJOVID83,1278021,2017.0,FY,2017-01-01,2017-12-31,2020-02-18 09:40:30+00:00,4.02,4.02,1.32,19274000.0,3.89,53679000.0,9762000.0,148089000.0,148089000.0,,148089000.0,26173000.0,,2153000.0,393422000.0,36285000.0,,102313000.0,,193807000.0,393422000.0,201768000.0,393422000.0,,36800000.0,36864000.0,38038000.0
Marketaxess Holdings Inc,MKTX,5493002U1CA1XJOVID83,1278021,2017.0,Q4,2017-10-01,2017-12-31,,0.91,0.91,0.33,5208000.0,0.88,15898000.0,3005000.0,33473000.0,33473000.0,,33473000.0,7110000.0,,534000.0,393422000.0,10175000.0,-294862000.0,24225000.0,,49723000.0,98560000.0,49371000.0,98560000.0,,36800000.0,36864000.0,38038000.0
Marketaxess Holdings Inc,MKTX,5493002U1CA1XJOVID83,1278021,2017.0,Q3,2017-07-01,2017-09-30,2018-10-25 16:10:28+00:00,0.93,0.93,0.33,4583000.0,0.9,13087000.0,2089000.0,34130000.0,34130000.0,,34130000.0,6830000.0,,582000.0,,9962000.0,95584000.0,25485000.0,,48949000.0,95584000.0,47217000.0,95584000.0,,36700000.0,36865000.0,38019000.0
Marketaxess Holdings Inc,MKTX,5493002U1CA1XJOVID83,1278021,2017.0,Q3YTD,2017-01-01,2017-09-30,,3.11,3.11,0.99,14066000.0,3.01,37781000.0,6757000.0,114616000.0,114616000.0,,114616000.0,19063000.0,,1619000.0,,26110000.0,294862000.0,78088000.0,,144084000.0,294862000.0,152397000.0,294862000.0,,36700000.0,36865000.0,38019000.0
Marketaxess Holdings Inc,MKTX,5493002U1CA1XJOVID83,1278021,2017.0,Q3TTM,2016-10-01,2017-09-30,,4.0,4.0,1.25,18358000.0,3.88,54943000.0,9949000.0,147781000.0,147781000.0,,147781000.0,24587000.0,-1469000.0,3236000.0,367730000.0,34270000.0,20848000.0,100457000.0,,187621000.0,387109000.0,202724000.0,387109000.0,,36700000.0,36865000.0,38019000.0
Marketaxess Holdings Inc,MKTX,5493002U1CA1XJOVID83,1278021,2017.0,Q2,2017-04-01,2017-06-30,2018-07-26 16:11:36+00:00,1.03,1.03,0.33,4790000.0,1.0,11550000.0,2782000.0,38023000.0,38023000.0,,38023000.0,6244000.0,,588000.0,,8194000.0,96314000.0,25319000.0,,47329000.0,96314000.0,49573000.0,96314000.0,,36900000.0,36853000.0,38077000.0
Marketaxess Holdings Inc,MKTX,5493002U1CA1XJOVID83,1278021,2017.0,Q2YTD,2017-01-01,2017-06-30,,2.18,2.18,0.66,9483000.0,2.11,24694000.0,4668000.0,80486000.0,80486000.0,,80486000.0,12233000.0,,1037000.0,,16148000.0,199278000.0,52603000.0,,95135000.0,199278000.0,105180000.0,199278000.0,,36900000.0,36853000.0,38077000.0
Marketaxess Holdings Inc,MKTX,5493002U1CA1XJOVID83,1278021,2017.0,Q2TTM,2016-07-01,2017-06-30,,3.91,3.91,1.18,18100000.0,3.8,57292000.0,10000000.0,144569000.0,144569000.0,,144569000.0,23222000.0,-935000.0,2654000.0,367730000.0,32381000.0,15001000.0,98886000.0,,182589000.0,381796000.0,201861000.0,381796000.0,,36900000.0,36853000.0,38077000.0
Marketaxess Holdings Inc,MKTX,5493002U1CA1XJOVID83,1278021,2017.0,Q1,2017-01-01,2017-03-31,2018-04-26 16:21:21+00:00,1.15,1.15,0.33,4693000.0,1.11,13144000.0,1886000.0,42463000.0,42463000.0,,42463000.0,5989000.0,,449000.0,,7954000.0,102964000.0,27284000.0,,47806000.0,102964000.0,55607000.0,102964000.0,,36900000.0,36850000.0,38112000.0
Marketaxess Holdings Inc,MKTX,5493002U1CA1XJOVID83,1278021,2017.0,Q1TTM,2016-04-01,2017-03-31,,3.78,3.78,1.11,17850000.0,3.68,63167000.0,9042000.0,139672000.0,139672000.0,,139672000.0,22480000.0,-418000.0,2066000.0,367730000.0,32594000.0,14809000.0,99382000.0,,181348000.0,382121000.0,202839000.0,382121000.0,,36900000.0,36850000.0,38112000.0
Marketaxess Holdings Inc,MKTX,5493002U1CA1XJOVID83,1278021,2018.0,FY,2018-01-01,2018-12-31,2020-02-18 09:40:30+00:00,4.68,4.68,1.68,23080000.0,4.57,45234000.0,12114000.0,172852000.0,172852000.0,,172852000.0,38042000.0,,5502000.0,435565000.0,40628000.0,,109117000.0,,222981000.0,435565000.0,218086000.0,435565000.0,,36900000.0,36958000.0,37855000.0
Marketaxess Holdings Inc,MKTX,5493002U1CA1XJOVID83,1278021,2018.0,Q4,2018-10-01,2018-12-31,,1.24,1.24,0.42,5848000.0,1.21,10235000.0,3534000.0,45831000.0,45831000.0,,45831000.0,10259000.0,,2101000.0,112444000.0,11036000.0,,27802000.0,,58479000.0,112444000.0,56066000.0,112444000.0,,36900000.0,36958000.0,37855000.0
Marketaxess Holdings Inc,MKTX,5493002U1CA1XJOVID83,1278021,2018.0,Q3,2018-07-01,2018-09-30,2019-10-25 09:12:11+00:00,1.04,1.04,0.42,6173000.0,1.02,9203000.0,2980000.0,38594000.0,38594000.0,,38594000.0,9407000.0,,1385000.0,101443000.0,10189000.0,,26282000.0,,55031000.0,101443000.0,47797000.0,101443000.0,,37100000.0,36951000.0,37828000.0
Marketaxess Holdings Inc,MKTX,5493002U1CA1XJOVID83,1278021,2018.0,Q3YTD,2018-01-01,2018-09-30,,3.44,3.44,1.26,17232000.0,3.36,34999000.0,8580000.0,127021000.0,127021000.0,,127021000.0,27783000.0,,3401000.0,323121000.0,29592000.0,,81315000.0,,164502000.0,323121000.0,162020000.0,323121000.0,,37100000.0,36951000.0,37828000.0
Marketaxess Holdings Inc,MKTX,5493002U1CA1XJOVID83,1278021,2018.0,Q3TTM,2017-10-01,2018-09-30,,4.35,4.35,1.59,22440000.0,4.24,50897000.0,11585000.0,160494000.0,160494000.0,,160494000.0,34893000.0,,3935000.0,716543000.0,39767000.0,-294862000.0,105540000.0,,214225000.0,421681000.0,211391000.0,421681000.0,,37100000.0,36951000.0,37828000.0
Marketaxess Holdings Inc,MKTX,5493002U1CA1XJOVID83,1278021,2018.0,Q2,2018-04-01,2018-06-30,2019-07-25 16:28:38+00:00,1.1,1.1,0.42,5790000.0,1.07,12723000.0,3535000.0,40487000.0,40487000.0,,40487000.0,9260000.0,,1176000.0,106964000.0,10146000.0,,26199000.0,,54930000.0,106964000.0,53210000.0,106964000.0,,36800000.0,36950000.0,37862000.0
Marketaxess Holdings Inc,MKTX,5493002U1CA1XJOVID83,1278021,2018.0,Q2YTD,2018-01-01,2018-06-30,,2.4,2.4,0.84,11059000.0,2.34,25796000.0,5600000.0,88427000.0,88427000.0,,88427000.0,18376000.0,,2016000.0,221678000.0,19403000.0,,55033000.0,,109471000.0,221678000.0,114223000.0,221678000.0,,36800000.0,36950000.0,37862000.0
Marketaxess Holdings Inc,MKTX,5493002U1CA1XJOVID83,1278021,2018.0,Q2TTM,2017-07-01,2018-06-30,,4.24,4.24,1.5,20850000.0,4.12,54781000.0,10694000.0,156030000.0,156030000.0,,156030000.0,32316000.0,,3132000.0,615100000.0,39540000.0,-199278000.0,104743000.0,,208143000.0,415822000.0,210811000.0,415822000.0,,36800000.0,36950000.0,37862000.0
Marketaxess Holdings Inc,MKTX,5493002U1CA1XJOVID83,1278021,2018.0,Q1,2018-01-01,2018-03-31,2019-04-25 16:22:21+00:00,1.3,1.3,0.42,5269000.0,1.27,13073000.0,2065000.0,47940000.0,47940000.0,,47940000.0,9116000.0,,840000.0,114714000.0,9257000.0,,28834000.0,,54541000.0,114714000.0,61013000.0,114714000.0,,36900000.0,36954000.0,37886000.0
Marketaxess Holdings Inc,MKTX,5493002U1CA1XJOVID83,1278021,2018.0,Q1TTM,2017-04-01,2018-03-31,,4.17,4.17,1.41,19850000.0,4.05,53608000.0,9941000.0,153566000.0,153566000.0,,153566000.0,29300000.0,,2544000.0,508136000.0,37588000.0,-102964000.0,103863000.0,,200542000.0,405172000.0,207174000.0,405172000.0,,36900000.0,36954000.0,37886000.0
Marketaxess Holdings Inc,MKTX,5493002U1CA1XJOVID83,1278021,2019.0,Q4,2019-10-01,2019-12-31,,1.35,1.35,0.51,7730000.0,1.32,11684000.0,3087000.0,50273000.0,50273000.0,,50273000.0,10245000.0,,1106000.0,129774000.0,14744000.0,,33117000.0,,68923000.0,129774000.0,61957000.0,129774000.0,,37100000.0,37083000.0,37956000.0
Marketaxess Holdings Inc,MKTX,5493002U1CA1XJOVID83,1278021,2019.0,FY,2019-01-01,2019-12-31,2020-02-18 09:40:30+00:00,5.53,5.53,2.04,26857000.0,5.4,52522000.0,11559000.0,204902000.0,204902000.0,,204902000.0,38431000.0,,6542000.0,511352000.0,52544000.0,,131079000.0,,260470000.0,511352000.0,257424000.0,511352000.0,,37100000.0,37083000.0,37956000.0
Marketaxess Holdings Inc,MKTX,5493002U1CA1XJOVID83,1278021,2019.0,Q3YTD,2019-01-01,2019-09-30,,4.18,4.18,1.53,19127000.0,4.08,40838000.0,8472000.0,154629000.0,154629000.0,,154629000.0,28186000.0,,5436000.0,381578000.0,37800000.0,,97962000.0,,191547000.0,381578000.0,195467000.0,381578000.0,,37000000.0,37066000.0,37995000.0
Marketaxess Holdings Inc,MKTX,5493002U1CA1XJOVID83,1278021,2019.0,Q3TTM,2018-10-01,2019-09-30,,5.42,5.42,1.95,24975000.0,5.29,51073000.0,12006000.0,200460000.0,200460000.0,,200460000.0,38445000.0,,7537000.0,494022000.0,48836000.0,,125764000.0,,250026000.0,494022000.0,251533000.0,494022000.0,,37000000.0,37066000.0,37995000.0
Marketaxess Holdings Inc,MKTX,5493002U1CA1XJOVID83,1278021,2019.0,Q3,2019-07-01,2019-09-30,2019-10-25 09:12:11+00:00,1.46,1.46,0.51,6700000.0,1.42,13336000.0,2506000.0,54002000.0,54002000.0,,54002000.0,10183000.0,,1373000.0,131597000.0,13562000.0,,32681000.0,,65632000.0,131597000.0,67338000.0,131597000.0,,37000000.0,37066000.0,37995000.0
Marketaxess Holdings Inc,MKTX,5493002U1CA1XJOVID83,1278021,2019.0,Q2YTD,2019-01-01,2019-06-30,,2.72,2.72,1.02,12427000.0,2.66,27502000.0,5966000.0,100627000.0,100627000.0,,100627000.0,18003000.0,,4063000.0,249981000.0,24238000.0,,65281000.0,,125915000.0,249981000.0,128129000.0,249981000.0,,37000000.0,37049000.0,37910000.0
Marketaxess Holdings Inc,MKTX,5493002U1CA1XJOVID83,1278021,2019.0,Q2TTM,2018-07-01,2019-06-30,,5.0,5.0,1.86,24448000.0,4.89,46940000.0,12480000.0,185052000.0,185052000.0,,185052000.0,37669000.0,,7549000.0,463868000.0,45463000.0,,119365000.0,,239425000.0,463868000.0,231992000.0,463868000.0,,37000000.0,37049000.0,37910000.0
Marketaxess Holdings Inc,MKTX,5493002U1CA1XJOVID83,1278021,2019.0,Q2,2019-04-01,2019-06-30,2019-07-25 16:28:38+00:00,1.3,1.3,0.51,6345000.0,1.27,14804000.0,3667000.0,48105000.0,48105000.0,,48105000.0,9272000.0,,2032000.0,125490000.0,12706000.0,,32623000.0,,64613000.0,125490000.0,62909000.0,125490000.0,,37000000.0,37049000.0,37910000.0
Marketaxess Holdings Inc,MKTX,5493002U1CA1XJOVID83,1278021,2019.0,Q1,2019-01-01,2019-03-31,2020-05-01 16:21:49+00:00,1.42,1.42,0.51,6082000.0,1.39,12698000.0,2299000.0,52522000.0,52522000.0,,52522000.0,8731000.0,,2031000.0,124491000.0,11532000.0,,32658000.0,,61302000.0,124491000.0,65220000.0,124491000.0,,37000000.0,37043000.0,37832000.0
Marketaxess Holdings Inc,MKTX,5493002U1CA1XJOVID83,1278021,2019.0,Q1TTM,2018-04-01,2019-03-31,,4.8,4.8,1.77,23893000.0,4.69,44859000.0,12348000.0,177434000.0,177434000.0,,177434000.0,37657000.0,,6693000.0,445342000.0,42903000.0,,112941000.0,,229742000.0,445342000.0,222293000.0,445342000.0,,37000000.0,37043000.0,37832000.0
Marketaxess Holdings Inc,MKTX,5493002U1CA1XJOVID83,1278021,2020.0,Q1TTM,2019-04-01,2020-03-31,,6.12,6.12,2.13,28842000.0,5.97,56710000.0,11935000.0,227196000.0,227196000.0,,227196000.0,41335000.0,,5124000.0,555839000.0,55330000.0,,139615000.0,,277057000.0,555839000.0,283906000.0,555839000.0,,37200000.0,37303000.0,38075000.0
Marketaxess Holdings Inc,MKTX,5493002U1CA1XJOVID83,1278021,2020.0,Q1,2020-01-01,2020-03-31,2020-05-01 16:21:49+00:00,2.01,2.01,0.6,8067000.0,1.96,16886000.0,2675000.0,74816000.0,74816000.0,,74816000.0,11635000.0,,613000.0,168978000.0,14318000.0,,41194000.0,,77889000.0,168978000.0,91702000.0,168978000.0,,37200000.0,37303000.0,38075000.0
