company_name,company_ticker,company_lei,company_cik,year,quarter,start_date,end_date,filing_date,amortizationexpense,basicdilutedeps,basiceps,cashdividendspershare,depreciationexpense,dilutedeps,incometaxexpense,investmentsecuritiesinterestincome,longtermdebtinterestexpense,netincome,netincomecontinuing,netincometocommon,netincometononcontrollinginterest,netinterestincome,netoccupancyequipmentexpense,netrealizedcapitalgains,nonoperatingincome,otherinterestexpense,othernoninterestincome,otheroperatingexpenses,otherservicechargeincome,otherspecialcharges,salariesandemployeebenefitsexpense,totalinterestexpense,totalinterestincome,totalnoninterestexpense,totalnoninterestincome,totalpretaxincome,totalrevenue,weightedavebasicdilutedsharesos,weightedavebasicsharesos,weightedavedilutedsharesos
Affiliated Managers Group Inc,AMG,2JE75BUE3T1BLCYYGK54,1004434,2008.0,FY,2008-01-01,2008-12-31,2011-03-01 16:13:11+00:00,33854000.0,-0.03,-0.03,,12767000.0,-0.03,19744000.0,,,131899000.0,131899000.0,-1325000.0,133224000.0,,,-97142000.0,-117935000.0,,,227981000.0,1158217000.0,,516895000.0,,,791497000.0,1061075000.0,151643000.0,1061075000.0,44200000.0,38211326.0,38211326.0
Affiliated Managers Group Inc,AMG,2JE75BUE3T1BLCYYGK54,1004434,2009.0,FY,2009-01-01,2009-12-31,2012-02-23 16:19:12+00:00,32900000.0,1.44,1.44,,12700000.0,1.38,32800000.0,,,212900000.0,212900000.0,59500000.0,153400000.0,,,31600000.0,-25800000.0,,,153700000.0,841800000.0,,402600000.0,,,601900000.0,873400000.0,245700000.0,873400000.0,41300000.0,41400000.0,43300000.0
Affiliated Managers Group Inc,AMG,2JE75BUE3T1BLCYYGK54,1004434,2009.0,Q3,2009-07-01,2009-09-30,2010-11-09 15:40:54+00:00,8293000.0,0.42,0.42,,3167000.0,0.4,5366000.0,,,67860000.0,67860000.0,17769000.0,50091000.0,,,8203000.0,1988000.0,,,37729000.0,217461000.0,,105237000.0,,,154426000.0,225664000.0,73226000.0,225664000.0,42300000.0,41854249.0,44267107.0
Affiliated Managers Group Inc,AMG,2JE75BUE3T1BLCYYGK54,1004434,2009.0,Q2,2009-04-01,2009-06-30,2010-08-09 17:12:26+00:00,8044000.0,0.26,0.26,,3243000.0,0.26,4944000.0,,,56249000.0,56249000.0,10979000.0,45270000.0,,,7351000.0,2945000.0,,,35689000.0,201246000.0,,103373000.0,,,150349000.0,208597000.0,61193000.0,208597000.0,42200000.0,41450659.0,43159140.0
Affiliated Managers Group Inc,AMG,2JE75BUE3T1BLCYYGK54,1004434,2010.0,FY,2010-01-01,2010-12-31,2013-02-22 17:22:23+00:00,60000000.0,2.92,2.92,,14100000.0,2.81,91500000.0,,,287300000.0,287300000.0,138600000.0,148700000.0,,,77500000.0,-72700000.0,,,315600000.0,1358200000.0,,594500000.0,,,984200000.0,1435700000.0,378800000.0,1435700000.0,47500000.0,47400000.0,49400000.0
Affiliated Managers Group Inc,AMG,2JE75BUE3T1BLCYYGK54,1004434,2010.0,Q4,2010-10-01,2010-12-31,,21000000.0,1.29,1.29,,4000000.0,1.25,38700000.0,,,107300000.0,107300000.0,61900000.0,45400000.0,,,49000000.0,-17100000.0,,,100500000.0,420700000.0,,181100000.0,,,306600000.0,469700000.0,146000000.0,469700000.0,47500000.0,47400000.0,49400000.0
Affiliated Managers Group Inc,AMG,2JE75BUE3T1BLCYYGK54,1004434,2010.0,Q3YTD,2010-01-01,2010-09-30,,39000000.0,1.63,1.63,,10100000.0,1.56,52800000.0,,,180000000.0,180000000.0,76700000.0,103300000.0,,,28500000.0,-55600000.0,,,215100000.0,937500000.0,,413400000.0,,,677600000.0,966000000.0,232800000.0,966000000.0,51500000.0,51200000.0,51900000.0
Affiliated Managers Group Inc,AMG,2JE75BUE3T1BLCYYGK54,1004434,2010.0,Q3,2010-07-01,2010-09-30,2011-11-04 14:00:21+00:00,20500000.0,0.66,0.66,,3700000.0,0.65,24000000.0,,,69000000.0,69000000.0,34000000.0,35000000.0,,,9500000.0,-12100000.0,,,83100000.0,354400000.0,,151500000.0,,,258800000.0,363900000.0,93000000.0,363900000.0,51500000.0,51200000.0,51900000.0
Affiliated Managers Group Inc,AMG,2JE75BUE3T1BLCYYGK54,1004434,2010.0,Q2YTD,2010-01-01,2010-06-30,,18500000.0,0.97,0.97,,6400000.0,0.91,28800000.0,,,111000000.0,111000000.0,42700000.0,68300000.0,,,19000000.0,-43500000.0,,,132000000.0,583100000.0,,261900000.0,,,418800000.0,602100000.0,139800000.0,602100000.0,45000000.0,44600000.0,47600000.0
Affiliated Managers Group Inc,AMG,2JE75BUE3T1BLCYYGK54,1004434,2010.0,Q2,2010-04-01,2010-06-30,2011-08-09 16:51:56+00:00,9600000.0,0.56,0.56,,3400000.0,0.53,16900000.0,,,58200000.0,58200000.0,25200000.0,33000000.0,,,9900000.0,-30600000.0,,,80600000.0,332100000.0,,142700000.0,,,236300000.0,342000000.0,75100000.0,342000000.0,45000000.0,44600000.0,47600000.0
Affiliated Managers Group Inc,AMG,2JE75BUE3T1BLCYYGK54,1004434,2010.0,Q1,2010-01-01,2010-03-31,2011-05-10 16:51:27+00:00,8900000.0,0.41,0.41,,3000000.0,0.38,11900000.0,,,52800000.0,52800000.0,17500000.0,35300000.0,,,9100000.0,-12900000.0,,,51400000.0,251000000.0,,119200000.0,,,182500000.0,260100000.0,64700000.0,260100000.0,42700000.0,42400000.0,45400000.0
Affiliated Managers Group Inc,AMG,2JE75BUE3T1BLCYYGK54,1004434,2011.0,Q4,2011-10-01,2011-12-31,,31400000.0,0.78,0.78,,3400000.0,0.76,20000000.0,,,89100000.0,89100000.0,40200000.0,48900000.0,24900000.0,,32600000.0,-43600000.0,-24900000.0,,98500000.0,402400000.0,,173900000.0,-24900000.0,,307200000.0,435000000.0,109100000.0,459900000.0,51900000.0,51800000.0,53000000.0
Affiliated Managers Group Inc,AMG,2JE75BUE3T1BLCYYGK54,1004434,2011.0,FY,2011-01-01,2011-12-31,2014-02-27 12:27:41+00:00,97700000.0,3.18,3.18,,15000000.0,3.11,93100000.0,,,359600000.0,359600000.0,164900000.0,194700000.0,,,72700000.0,-106100000.0,,,387200000.0,1704800000.0,,718800000.0,,,1218700000.0,1777500000.0,452700000.0,1777500000.0,51900000.0,51800000.0,53000000.0
Affiliated Managers Group Inc,AMG,2JE75BUE3T1BLCYYGK54,1004434,2011.0,Q3,2011-07-01,2011-09-30,2012-11-06 16:47:33+00:00,22100000.0,0.77,0.77,,4000000.0,0.76,19800000.0,,,80100000.0,80100000.0,40100000.0,40000000.0,-8300000.0,,9800000.0,-27600000.0,8300000.0,,92800000.0,413800000.0,,168900000.0,8300000.0,,287800000.0,423600000.0,99900000.0,415300000.0,52100000.0,51900000.0,53000000.0
Affiliated Managers Group Inc,AMG,2JE75BUE3T1BLCYYGK54,1004434,2011.0,Q3YTD,2011-01-01,2011-09-30,,66300000.0,2.4,2.4,,11600000.0,2.35,73100000.0,,,270500000.0,270500000.0,124700000.0,145800000.0,-24900000.0,,40100000.0,-62500000.0,24900000.0,,288700000.0,1302400000.0,,544900000.0,24900000.0,,911500000.0,1342500000.0,343600000.0,1317600000.0,52100000.0,51900000.0,53000000.0
Affiliated Managers Group Inc,AMG,2JE75BUE3T1BLCYYGK54,1004434,2011.0,Q3TTM,2010-10-01,2011-09-30,,87300000.0,3.69,3.69,,15600000.0,3.6,111800000.0,,,377800000.0,377800000.0,186600000.0,191200000.0,-24900000.0,,89100000.0,-79600000.0,24900000.0,,389200000.0,1723100000.0,,726000000.0,24900000.0,,1218100000.0,1812200000.0,489600000.0,1787300000.0,52100000.0,51900000.0,53000000.0
Affiliated Managers Group Inc,AMG,2JE75BUE3T1BLCYYGK54,1004434,2011.0,Q2,2011-04-01,2011-06-30,2012-08-08 11:09:54+00:00,22100000.0,0.87,0.87,,3800000.0,0.85,26600000.0,,,101000000.0,101000000.0,45500000.0,55500000.0,-8300000.0,,20100000.0,-24200000.0,8300000.0,,99900000.0,462300000.0,,196500000.0,8300000.0,,322300000.0,482400000.0,127600000.0,474100000.0,52300000.0,52100000.0,53400000.0
Affiliated Managers Group Inc,AMG,2JE75BUE3T1BLCYYGK54,1004434,2011.0,Q2YTD,2011-01-01,2011-06-30,,44200000.0,1.63,1.63,,7600000.0,1.59,53300000.0,,,190400000.0,190400000.0,84600000.0,105800000.0,-16600000.0,,30300000.0,-34900000.0,16600000.0,,195900000.0,888600000.0,,376000000.0,16600000.0,,623700000.0,918900000.0,243700000.0,902300000.0,52300000.0,52100000.0,53400000.0
Affiliated Managers Group Inc,AMG,2JE75BUE3T1BLCYYGK54,1004434,2011.0,Q2TTM,2010-07-01,2011-06-30,,85700000.0,3.58,3.58,,15300000.0,3.49,116000000.0,,,366700000.0,366700000.0,180500000.0,186200000.0,-16600000.0,,88800000.0,-64100000.0,16600000.0,,379500000.0,1663700000.0,,708600000.0,16600000.0,,1189100000.0,1752500000.0,482700000.0,1735900000.0,52300000.0,52100000.0,53400000.0
Affiliated Managers Group Inc,AMG,2JE75BUE3T1BLCYYGK54,1004434,2011.0,Q1,2011-01-01,2011-03-31,2012-05-08 16:14:11+00:00,22100000.0,0.76,0.76,,3800000.0,0.74,26700000.0,,,89400000.0,89400000.0,39100000.0,50300000.0,-8300000.0,,10200000.0,-10700000.0,8300000.0,,96000000.0,426300000.0,,179500000.0,8300000.0,,301400000.0,436500000.0,116100000.0,428200000.0,51400000.0,51800000.0,53100000.0
Affiliated Managers Group Inc,AMG,2JE75BUE3T1BLCYYGK54,1004434,2011.0,Q1TTM,2010-04-01,2011-03-31,,73200000.0,3.27,3.27,,14900000.0,3.17,106300000.0,,,323900000.0,323900000.0,160200000.0,163700000.0,-8300000.0,,78600000.0,-70500000.0,8300000.0,,360200000.0,1533500000.0,,654800000.0,8300000.0,,1103100000.0,1612100000.0,430200000.0,1603800000.0,51400000.0,51800000.0,53100000.0
Affiliated Managers Group Inc,AMG,2JE75BUE3T1BLCYYGK54,1004434,2012.0,Q4,2012-10-01,2012-12-31,,30900000.0,1.45,1.45,,3600000.0,1.41,37800000.0,,,139400000.0,139400000.0,75100000.0,64300000.0,,,82400000.0,-32100000.0,,,110800000.0,490900000.0,,218700000.0,,,364000000.0,573300000.0,177200000.0,573300000.0,51800000.0,51700000.0,53000000.0
Affiliated Managers Group Inc,AMG,2JE75BUE3T1BLCYYGK54,1004434,2012.0,FY,2012-01-01,2012-12-31,2015-02-23 17:19:50+00:00,200000000.0,3.36,3.36,,14100000.0,3.28,83800000.0,,,411400000.0,411400000.0,174000000.0,237400000.0,,,129700000.0,-34900000.0,,,406300000.0,1805500000.0,,784700000.0,,,1405100000.0,1935200000.0,495200000.0,1935200000.0,51800000.0,51700000.0,53000000.0
Affiliated Managers Group Inc,AMG,2JE75BUE3T1BLCYYGK54,1004434,2012.0,Q3YTD,2012-01-01,2012-09-30,,169100000.0,1.91,1.91,,10500000.0,1.87,46000000.0,,,272000000.0,272000000.0,98900000.0,173100000.0,,,47300000.0,-2800000.0,,,295500000.0,1314600000.0,,566000000.0,,,1041100000.0,1361900000.0,318000000.0,1361900000.0,51800000.0,51700000.0,53000000.0
Affiliated Managers Group Inc,AMG,2JE75BUE3T1BLCYYGK54,1004434,2012.0,Q3TTM,2011-10-01,2012-09-30,,200500000.0,2.69,2.69,,13900000.0,2.63,66000000.0,,,361100000.0,361100000.0,139100000.0,222000000.0,24900000.0,,79900000.0,-46400000.0,-24900000.0,,394000000.0,1717000000.0,,739900000.0,-24900000.0,,1348300000.0,1796900000.0,427100000.0,1821800000.0,51800000.0,51700000.0,53000000.0
Affiliated Managers Group Inc,AMG,2JE75BUE3T1BLCYYGK54,1004434,2012.0,Q3,2012-07-01,2012-09-30,2013-11-12 12:07:05+00:00,24000000.0,1.06,1.06,,3500000.0,1.04,19400000.0,,,118100000.0,118100000.0,54900000.0,63200000.0,,,19400000.0,-21600000.0,,,103300000.0,467300000.0,,196800000.0,,,327600000.0,486700000.0,137500000.0,486700000.0,51800000.0,51700000.0,53000000.0
Affiliated Managers Group Inc,AMG,2JE75BUE3T1BLCYYGK54,1004434,2012.0,Q2YTD,2012-01-01,2012-06-30,,145100000.0,0.85,0.85,,7000000.0,0.83,26600000.0,,,153900000.0,153900000.0,44000000.0,109900000.0,,,27900000.0,18800000.0,,,192200000.0,847300000.0,,369200000.0,,,713500000.0,875200000.0,180500000.0,875200000.0,50800000.0,51400000.0,52700000.0
Affiliated Managers Group Inc,AMG,2JE75BUE3T1BLCYYGK54,1004434,2012.0,Q2TTM,2011-07-01,2012-06-30,,198600000.0,2.4,2.4,,14400000.0,2.35,66400000.0,,,323100000.0,323100000.0,124300000.0,198800000.0,16600000.0,,70300000.0,-52400000.0,-16600000.0,,383500000.0,1663500000.0,,712000000.0,-16600000.0,,1308500000.0,1733800000.0,389500000.0,1750400000.0,50800000.0,51400000.0,52700000.0
Affiliated Managers Group Inc,AMG,2JE75BUE3T1BLCYYGK54,1004434,2012.0,Q2,2012-04-01,2012-06-30,2013-08-06 14:45:11+00:00,114700000.0,0.13,0.13,,3600000.0,0.12,2000000.0,,,60900000.0,60900000.0,6600000.0,54300000.0,,,13400000.0,24500000.0,,,98200000.0,429600000.0,,188100000.0,,,404600000.0,443000000.0,62900000.0,443000000.0,50800000.0,51400000.0,52700000.0
Affiliated Managers Group Inc,AMG,2JE75BUE3T1BLCYYGK54,1004434,2012.0,Q1TTM,2011-04-01,2012-03-31,,106000000.0,3.14,3.14,,14600000.0,3.08,91000000.0,,,363200000.0,363200000.0,163200000.0,200000000.0,8300000.0,,77000000.0,-101100000.0,-8300000.0,,385200000.0,1696200000.0,,720400000.0,-8300000.0,,1226200000.0,1773200000.0,454200000.0,1781500000.0,51900000.0,51600000.0,52900000.0
Affiliated Managers Group Inc,AMG,2JE75BUE3T1BLCYYGK54,1004434,2012.0,Q1,2012-01-01,2012-03-31,2013-05-07 17:27:16+00:00,30400000.0,0.72,0.72,,3400000.0,0.71,24600000.0,,,93000000.0,93000000.0,37400000.0,55600000.0,,,14500000.0,-5700000.0,,,94000000.0,417700000.0,,181100000.0,,,308900000.0,432200000.0,117600000.0,432200000.0,51900000.0,51600000.0,52900000.0
Affiliated Managers Group Inc,AMG,2JE75BUE3T1BLCYYGK54,1004434,2013.0,FY,2013-01-01,2013-12-31,2016-02-24 19:34:17+00:00,128200000.0,6.79,6.79,,14000000.0,6.55,194100000.0,,,669600000.0,669600000.0,360500000.0,309100000.0,,,307800000.0,-78200000.0,,,465000000.0,2188800000.0,,947500000.0,,,1554700000.0,2496600000.0,863700000.0,2496600000.0,53100000.0,53100000.0,56700000.0
Affiliated Managers Group Inc,AMG,2JE75BUE3T1BLCYYGK54,1004434,2013.0,Q4,2013-10-01,2013-12-31,,30000000.0,2.98,2.98,,3800000.0,2.85,87400000.0,,,249300000.0,249300000.0,158200000.0,91100000.0,,,186900000.0,-3300000.0,,,139300000.0,594000000.0,,267800000.0,,,440900000.0,780900000.0,336700000.0,780900000.0,53100000.0,53100000.0,56700000.0
Affiliated Managers Group Inc,AMG,2JE75BUE3T1BLCYYGK54,1004434,2013.0,Q3YTD,2013-01-01,2013-09-30,,98200000.0,3.81,3.81,,10200000.0,3.7,106700000.0,,,420300000.0,420300000.0,202300000.0,218000000.0,,,120900000.0,-74900000.0,,,325700000.0,1594800000.0,,679700000.0,,,1113800000.0,1715700000.0,527000000.0,1715700000.0,53300000.0,53200000.0,56900000.0
Affiliated Managers Group Inc,AMG,2JE75BUE3T1BLCYYGK54,1004434,2013.0,Q3TTM,2012-10-01,2013-09-30,,129100000.0,5.26,5.26,,13800000.0,5.11,144500000.0,,,559700000.0,559700000.0,277400000.0,282300000.0,,,203300000.0,-107000000.0,,,436500000.0,2085700000.0,,898400000.0,,,1477800000.0,2289000000.0,704200000.0,2289000000.0,53300000.0,53200000.0,56900000.0
Affiliated Managers Group Inc,AMG,2JE75BUE3T1BLCYYGK54,1004434,2013.0,Q3,2013-07-01,2013-09-30,2014-11-06 09:19:12+00:00,32700000.0,1.41,1.41,,3400000.0,1.37,31000000.0,,,156400000.0,156400000.0,75200000.0,81200000.0,,,34100000.0,-15800000.0,,,116600000.0,551600000.0,,229800000.0,,,382500000.0,585700000.0,187400000.0,585700000.0,53300000.0,53200000.0,56900000.0
Affiliated Managers Group Inc,AMG,2JE75BUE3T1BLCYYGK54,1004434,2013.0,Q2YTD,2013-01-01,2013-06-30,,65500000.0,2.4,2.4,,6800000.0,2.33,75700000.0,,,263900000.0,263900000.0,127100000.0,136800000.0,,,86800000.0,-59100000.0,,,209100000.0,1043200000.0,,449900000.0,,,731300000.0,1130000000.0,339600000.0,1130000000.0,53000000.0,53100000.0,54600000.0
Affiliated Managers Group Inc,AMG,2JE75BUE3T1BLCYYGK54,1004434,2013.0,Q2TTM,2012-07-01,2013-06-30,,120400000.0,4.91,4.91,,13900000.0,4.78,132900000.0,,,521400000.0,521400000.0,257100000.0,264300000.0,,,188600000.0,-112800000.0,,,423200000.0,2001400000.0,,865400000.0,,,1422900000.0,2190000000.0,654300000.0,2190000000.0,53000000.0,53100000.0,54600000.0
Affiliated Managers Group Inc,AMG,2JE75BUE3T1BLCYYGK54,1004434,2013.0,Q2,2013-04-01,2013-06-30,2014-08-06 16:11:39+00:00,32600000.0,1.22,1.22,,3300000.0,1.18,38200000.0,,,134200000.0,134200000.0,64700000.0,69500000.0,,,36200000.0,-25200000.0,,,108300000.0,541000000.0,,235400000.0,,,379600000.0,577200000.0,172400000.0,577200000.0,53000000.0,53100000.0,54600000.0
Affiliated Managers Group Inc,AMG,2JE75BUE3T1BLCYYGK54,1004434,2013.0,Q1TTM,2012-04-01,2013-03-31,,202500000.0,3.82,3.82,,14200000.0,3.72,96700000.0,,,448100000.0,448100000.0,199000000.0,249100000.0,,,165800000.0,-63100000.0,,,413100000.0,1890000000.0,,818100000.0,,,1447900000.0,2055800000.0,544800000.0,2055800000.0,52900000.0,52700000.0,54200000.0
Affiliated Managers Group Inc,AMG,2JE75BUE3T1BLCYYGK54,1004434,2013.0,Q1,2013-01-01,2013-03-31,2014-05-06 17:09:49+00:00,32900000.0,1.18,1.18,,3500000.0,1.15,37500000.0,,,129700000.0,129700000.0,62400000.0,67300000.0,,,50600000.0,-33900000.0,,,100800000.0,502200000.0,,214500000.0,,,351700000.0,552800000.0,167200000.0,552800000.0,52900000.0,52700000.0,54200000.0
Affiliated Managers Group Inc,AMG,2JE75BUE3T1BLCYYGK54,1004434,2014.0,FY,2014-01-01,2014-12-31,2017-02-24 16:20:10+00:00,122200000.0,7.89,7.89,,16900000.0,7.7,246100000.0,,,767400000.0,767400000.0,433900000.0,333500000.0,,,281700000.0,-83400000.0,,,526100000.0,2510900000.0,,1030500000.0,,,1695700000.0,2792600000.0,1013500000.0,2792600000.0,55000000.0,55000000.0,58400000.0
Affiliated Managers Group Inc,AMG,2JE75BUE3T1BLCYYGK54,1004434,2014.0,Q4,2014-10-01,2014-12-31,,38000000.0,2.8,2.8,,4500000.0,2.73,72600000.0,,,240100000.0,240100000.0,154400000.0,85700000.0,,,132400000.0,-18300000.0,,,136000000.0,641200000.0,,264100000.0,,,442600000.0,773600000.0,312700000.0,773600000.0,55000000.0,55000000.0,58400000.0
Affiliated Managers Group Inc,AMG,2JE75BUE3T1BLCYYGK54,1004434,2014.0,Q3YTD,2014-01-01,2014-09-30,,84200000.0,5.09,5.09,,12400000.0,4.97,173500000.0,,,527300000.0,527300000.0,279500000.0,247800000.0,,,149300000.0,-65100000.0,,,390100000.0,1869700000.0,,766400000.0,,,1253100000.0,2019000000.0,700800000.0,2019000000.0,55500000.0,55600000.0,58800000.0
Affiliated Managers Group Inc,AMG,2JE75BUE3T1BLCYYGK54,1004434,2014.0,Q3TTM,2013-10-01,2014-09-30,,114200000.0,8.07,8.07,,16200000.0,7.82,260900000.0,,,776600000.0,776600000.0,437700000.0,338900000.0,,,336200000.0,-68400000.0,,,529400000.0,2463700000.0,,1034200000.0,,,1694000000.0,2799900000.0,1037500000.0,2799900000.0,55500000.0,55600000.0,58800000.0
Affiliated Managers Group Inc,AMG,2JE75BUE3T1BLCYYGK54,1004434,2014.0,Q3,2014-07-01,2014-09-30,2015-11-09 16:30:32+00:00,28700000.0,1.86,1.86,,4500000.0,1.82,63500000.0,,,189900000.0,189900000.0,103200000.0,86700000.0,,,48400000.0,-19200000.0,,,124800000.0,640300000.0,,258100000.0,,,416100000.0,688700000.0,253400000.0,688700000.0,55500000.0,55600000.0,58800000.0
Affiliated Managers Group Inc,AMG,2JE75BUE3T1BLCYYGK54,1004434,2014.0,Q2YTD,2014-01-01,2014-06-30,,55500000.0,3.23,3.23,,7900000.0,3.15,110000000.0,,,337400000.0,337400000.0,176300000.0,161100000.0,,,100900000.0,-45900000.0,,,265300000.0,1229400000.0,,508300000.0,,,837000000.0,1330300000.0,447400000.0,1330300000.0,55400000.0,55400000.0,56600000.0
Affiliated Managers Group Inc,AMG,2JE75BUE3T1BLCYYGK54,1004434,2014.0,Q2TTM,2013-07-01,2014-06-30,,118200000.0,7.62,7.62,,15100000.0,7.37,228400000.0,,,743100000.0,743100000.0,409700000.0,333400000.0,,,321900000.0,-65000000.0,,,521200000.0,2375000000.0,,1005900000.0,,,1660400000.0,2696900000.0,971500000.0,2696900000.0,55400000.0,55400000.0,56600000.0
Affiliated Managers Group Inc,AMG,2JE75BUE3T1BLCYYGK54,1004434,2014.0,Q2,2014-04-01,2014-06-30,2015-08-04 16:56:44+00:00,28100000.0,1.79,1.79,,4100000.0,1.75,61100000.0,,,178000000.0,178000000.0,99100000.0,78900000.0,,,54700000.0,-14000000.0,,,133100000.0,636300000.0,,272600000.0,,,437900000.0,691000000.0,239100000.0,691000000.0,55400000.0,55400000.0,56600000.0
Affiliated Managers Group Inc,AMG,2JE75BUE3T1BLCYYGK54,1004434,2014.0,Q1TTM,2013-04-01,2014-03-31,,122700000.0,7.05,7.05,,14300000.0,6.8,205500000.0,,,699300000.0,699300000.0,375300000.0,324000000.0,,,303400000.0,-76200000.0,,,496400000.0,2279700000.0,,968700000.0,,,1602100000.0,2583100000.0,904800000.0,2583100000.0,53600000.0,53700000.0,55200000.0
Affiliated Managers Group Inc,AMG,2JE75BUE3T1BLCYYGK54,1004434,2014.0,Q1,2014-01-01,2014-03-31,2015-05-05 17:01:45+00:00,27400000.0,1.44,1.44,,3800000.0,1.4,48900000.0,,,159400000.0,159400000.0,77200000.0,82200000.0,,,46200000.0,-31900000.0,,,132200000.0,593100000.0,,235700000.0,,,399100000.0,639300000.0,208300000.0,639300000.0,53600000.0,53700000.0,55200000.0
Affiliated Managers Group Inc,AMG,2JE75BUE3T1BLCYYGK54,1004434,2015.0,FY,2015-01-01,2015-12-31,2018-02-23 16:32:39+00:00,115400000.0,9.37,9.37,0.0,18800000.0,9.17,263400000.0,,,827200000.0,827200000.0,509500000.0,317700000.0,,,288900000.0,-33300000.0,,,487600000.0,2484500000.0,,1027700000.0,,,1649500000.0,2773400000.0,1090600000.0,2773400000.0,54400000.0,54300000.0,57200000.0
Affiliated Managers Group Inc,AMG,2JE75BUE3T1BLCYYGK54,1004434,2015.0,Q4,2015-10-01,2015-12-31,,29000000.0,2.68,2.68,,5300000.0,2.62,63600000.0,,,225600000.0,225600000.0,145100000.0,80500000.0,,,117800000.0,-21800000.0,,,123300000.0,589800000.0,,239000000.0,,,396600000.0,707600000.0,289200000.0,707600000.0,54400000.0,54300000.0,57200000.0
Affiliated Managers Group Inc,AMG,2JE75BUE3T1BLCYYGK54,1004434,2015.0,Q3,2015-07-01,2015-09-30,2016-11-07 16:46:30+00:00,30500000.0,1.99,1.99,,4500000.0,1.96,58100000.0,,,191000000.0,191000000.0,107700000.0,83300000.0,,,57900000.0,-24000000.0,,,119200000.0,613100000.0,,243700000.0,,,397900000.0,671000000.0,249100000.0,671000000.0,54100000.0,54200000.0,57000000.0
Affiliated Managers Group Inc,AMG,2JE75BUE3T1BLCYYGK54,1004434,2015.0,Q3YTD,2015-01-01,2015-09-30,,86400000.0,6.69,6.69,,13500000.0,6.55,199800000.0,,,601600000.0,601600000.0,364400000.0,237200000.0,,,171100000.0,-11500000.0,,,364300000.0,1894700000.0,,788700000.0,,,1252900000.0,2065800000.0,801400000.0,2065800000.0,54100000.0,54200000.0,57000000.0
Affiliated Managers Group Inc,AMG,2JE75BUE3T1BLCYYGK54,1004434,2015.0,Q3TTM,2014-10-01,2015-09-30,,124400000.0,9.49,9.49,,18000000.0,9.28,272400000.0,,,841700000.0,841700000.0,518800000.0,322900000.0,,,303500000.0,-29800000.0,,,500300000.0,2535900000.0,,1052800000.0,,,1695500000.0,2839400000.0,1114100000.0,2839400000.0,54100000.0,54200000.0,57000000.0
Affiliated Managers Group Inc,AMG,2JE75BUE3T1BLCYYGK54,1004434,2015.0,Q2,2015-04-01,2015-06-30,2016-08-05 16:20:34+00:00,28100000.0,2.36,2.36,,4600000.0,2.31,72100000.0,,,189900000.0,189900000.0,128700000.0,61200000.0,,,60100000.0,6700000.0,,,126500000.0,646600000.0,,292200000.0,,,451400000.0,706700000.0,262000000.0,706700000.0,54500000.0,54600000.0,57500000.0
Affiliated Managers Group Inc,AMG,2JE75BUE3T1BLCYYGK54,1004434,2015.0,Q2YTD,2015-01-01,2015-06-30,,55900000.0,4.7,4.7,,9000000.0,4.59,141700000.0,,,410600000.0,410600000.0,256700000.0,153900000.0,,,113200000.0,12500000.0,,,245100000.0,1281600000.0,,545000000.0,,,855000000.0,1394800000.0,552300000.0,1394800000.0,54500000.0,54600000.0,57500000.0
Affiliated Managers Group Inc,AMG,2JE75BUE3T1BLCYYGK54,1004434,2015.0,Q2TTM,2014-07-01,2015-06-30,,122600000.0,9.36,9.36,,18000000.0,9.14,277800000.0,,,840600000.0,840600000.0,514300000.0,326300000.0,,,294000000.0,-25000000.0,,,505900000.0,2563100000.0,,1067200000.0,,,1713700000.0,2857100000.0,1118400000.0,2857100000.0,54500000.0,54600000.0,57500000.0
Affiliated Managers Group Inc,AMG,2JE75BUE3T1BLCYYGK54,1004434,2015.0,Q1,2015-01-01,2015-03-31,2016-05-09 19:26:43+00:00,27800000.0,2.34,2.34,,4400000.0,2.28,69600000.0,,,220700000.0,220700000.0,128000000.0,92700000.0,,,53100000.0,5800000.0,,,118600000.0,635000000.0,,252800000.0,,,403600000.0,688100000.0,290300000.0,688100000.0,54700000.0,54800000.0,57800000.0
Affiliated Managers Group Inc,AMG,2JE75BUE3T1BLCYYGK54,1004434,2015.0,Q1TTM,2014-04-01,2015-03-31,,122600000.0,8.79,8.79,,17500000.0,8.58,266800000.0,,,828700000.0,828700000.0,484700000.0,344000000.0,,,288600000.0,-45700000.0,,,512500000.0,2552800000.0,,1047600000.0,,,1700200000.0,2841400000.0,1095500000.0,2841400000.0,54700000.0,54800000.0,57800000.0
Affiliated Managers Group Inc,AMG,2JE75BUE3T1BLCYYGK54,1004434,2016.0,FY,2016-01-01,2016-12-31,2019-02-22 16:21:24+00:00,110200000.0,8.73,8.73,,19500000.0,8.57,235600000.0,,91700000.0,739000000.0,739000000.0,472800000.0,266200000.0,-91700000.0,,2523400000.0,46400000.0,,,441400000.0,,,932400000.0,91700000.0,,1503500000.0,2523400000.0,974600000.0,2431700000.0,54200000.0,54200000.0,57000000.0
Affiliated Managers Group Inc,AMG,2JE75BUE3T1BLCYYGK54,1004434,2016.0,Q4,2016-10-01,2016-12-31,,28100000.0,2.75,2.75,,4500000.0,2.67,76000000.0,,91700000.0,206000000.0,206000000.0,150300000.0,55700000.0,-91700000.0,,2322700000.0,86100000.0,,,128900000.0,-1644200000.0,,229400000.0,91700000.0,,390900000.0,678500000.0,282000000.0,586800000.0,54200000.0,54200000.0,57000000.0
Affiliated Managers Group Inc,AMG,2JE75BUE3T1BLCYYGK54,1004434,2016.0,Q3,2016-07-01,2016-09-30,2017-11-02 16:52:58+00:00,26900000.0,2.04,2.04,0.0,5000000.0,2.02,50300000.0,,,175900000.0,175900000.0,110200000.0,65700000.0,,,67500000.0,-12300000.0,,,97600000.0,544700000.0,,244200000.0,,,373700000.0,612200000.0,226200000.0,612200000.0,54000000.0,53900000.0,56600000.0
Affiliated Managers Group Inc,AMG,2JE75BUE3T1BLCYYGK54,1004434,2016.0,Q3YTD,2016-01-01,2016-09-30,,82100000.0,5.98,5.98,,15000000.0,5.9,159600000.0,,,533000000.0,533000000.0,322500000.0,210500000.0,,,200700000.0,-39700000.0,,,312500000.0,1644200000.0,,703000000.0,,,1112600000.0,1844900000.0,692600000.0,1844900000.0,54000000.0,53900000.0,56600000.0
Affiliated Managers Group Inc,AMG,2JE75BUE3T1BLCYYGK54,1004434,2016.0,Q3TTM,2015-10-01,2016-09-30,,111100000.0,8.66,8.66,,20300000.0,8.52,223200000.0,,,758600000.0,758600000.0,467600000.0,291000000.0,,,318500000.0,-61500000.0,,,435800000.0,2234000000.0,,942000000.0,,,1509200000.0,2552500000.0,981800000.0,2552500000.0,54000000.0,53900000.0,56600000.0
Affiliated Managers Group Inc,AMG,2JE75BUE3T1BLCYYGK54,1004434,2016.0,Q2,2016-04-01,2016-06-30,2017-08-03 16:33:55+00:00,28600000.0,2.01,2.01,0.0,5000000.0,1.98,52300000.0,,,183600000.0,183600000.0,108300000.0,75300000.0,,,65200000.0,-11100000.0,,,106600000.0,554100000.0,,232100000.0,,,372300000.0,619300000.0,235900000.0,619300000.0,53900000.0,53800000.0,56700000.0
Affiliated Managers Group Inc,AMG,2JE75BUE3T1BLCYYGK54,1004434,2016.0,Q2YTD,2016-01-01,2016-06-30,,55200000.0,3.94,3.94,,10000000.0,3.88,109300000.0,,,357100000.0,357100000.0,212300000.0,144800000.0,,,133200000.0,-27400000.0,,,214900000.0,1099500000.0,,458800000.0,,,738900000.0,1232700000.0,466400000.0,1232700000.0,53900000.0,53800000.0,56700000.0
Affiliated Managers Group Inc,AMG,2JE75BUE3T1BLCYYGK54,1004434,2016.0,Q2TTM,2015-07-01,2016-06-30,,114700000.0,8.61,8.61,,19800000.0,8.46,231000000.0,,,773700000.0,773700000.0,465100000.0,308600000.0,,,308900000.0,-73200000.0,,,457400000.0,2302400000.0,,941500000.0,,,1533400000.0,2611300000.0,1004700000.0,2611300000.0,53900000.0,53800000.0,56700000.0
Affiliated Managers Group Inc,AMG,2JE75BUE3T1BLCYYGK54,1004434,2016.0,Q1,2016-01-01,2016-03-31,2017-05-05 16:18:40+00:00,26600000.0,1.93,1.93,0.0,5000000.0,1.9,57000000.0,,,173500000.0,173500000.0,104000000.0,69500000.0,,,68000000.0,-16300000.0,,,108300000.0,545400000.0,,226700000.0,,,366600000.0,613400000.0,230500000.0,613400000.0,53900000.0,54000000.0,56600000.0
Affiliated Managers Group Inc,AMG,2JE75BUE3T1BLCYYGK54,1004434,2016.0,Q1TTM,2015-04-01,2016-03-31,,114200000.0,8.96,8.96,,19400000.0,8.79,250800000.0,,,780000000.0,780000000.0,485500000.0,294500000.0,,,303800000.0,-55400000.0,,,477300000.0,2394900000.0,,1001600000.0,,,1612500000.0,2698700000.0,1030800000.0,2698700000.0,53900000.0,54000000.0,56600000.0
Affiliated Managers Group Inc,AMG,2JE75BUE3T1BLCYYGK54,1004434,2017.0,FY,2017-01-01,2017-12-31,2020-02-28 16:14:23+00:00,86400000.0,12.3,12.3,0.8,,12.03,58400000.0,,,1008700000.0,1008700000.0,689500000.0,319200000.0,,,302200000.0,64500000.0,,2305000000.0,518900000.0,,20300000.0,979000000.0,,,1604600000.0,2607200000.0,1067100000.0,2607200000.0,56100000.0,56000000.0,58600000.0
Affiliated Managers Group Inc,AMG,2JE75BUE3T1BLCYYGK54,1004434,2017.0,Q4,2017-10-01,2017-12-31,,21300000.0,5.65,5.65,-0.6,-14900000.0,5.46,-129900000.0,,-67700000.0,393900000.0,393900000.0,315300000.0,78600000.0,67700000.0,,-515100000.0,17700000.0,,2305000000.0,213300000.0,-1115200000.0,20300000.0,256100000.0,-67700000.0,,496100000.0,674700000.0,264000000.0,742400000.0,56100000.0,56000000.0,58600000.0
Affiliated Managers Group Inc,AMG,2JE75BUE3T1BLCYYGK54,1004434,2017.0,Q3,2017-07-01,2017-09-30,2018-11-01 16:50:03+00:00,21200000.0,2.25,2.25,0.2,4800000.0,2.22,66100000.0,,22100000.0,216800000.0,216800000.0,125400000.0,91400000.0,-22100000.0,,656400000.0,16100000.0,,,102800000.0,,,238700000.0,22100000.0,,367500000.0,656400000.0,282900000.0,634300000.0,55700000.0,55800000.0,58300000.0
Affiliated Managers Group Inc,AMG,2JE75BUE3T1BLCYYGK54,1004434,2017.0,Q3YTD,2017-01-01,2017-09-30,,65100000.0,6.65,6.65,0.6,14900000.0,6.57,188300000.0,,67700000.0,614800000.0,614800000.0,374200000.0,240600000.0,-67700000.0,,817300000.0,46800000.0,,,305600000.0,1115200000.0,,722900000.0,67700000.0,,1108500000.0,1932500000.0,803100000.0,1864800000.0,55700000.0,55800000.0,58300000.0
Affiliated Managers Group Inc,AMG,2JE75BUE3T1BLCYYGK54,1004434,2017.0,Q3TTM,2016-10-01,2017-09-30,,93200000.0,9.4,9.4,0.6,19400000.0,9.24,264300000.0,,159400000.0,820800000.0,820800000.0,524500000.0,296300000.0,-159400000.0,,3140000000.0,132900000.0,,,434500000.0,-529000000.0,,952300000.0,159400000.0,,1499400000.0,2611000000.0,1085100000.0,2451600000.0,55700000.0,55800000.0,58300000.0
Affiliated Managers Group Inc,AMG,2JE75BUE3T1BLCYYGK54,1004434,2017.0,Q2,2017-04-01,2017-06-30,2018-08-02 16:21:11+00:00,22000000.0,2.24,2.24,0.2,4900000.0,2.22,62500000.0,,23100000.0,204400000.0,204400000.0,126300000.0,78100000.0,-23100000.0,,75000000.0,15900000.0,,,102700000.0,570900000.0,,242200000.0,23100000.0,,371800000.0,645900000.0,266900000.0,622800000.0,56400000.0,56300000.0,58700000.0
Affiliated Managers Group Inc,AMG,2JE75BUE3T1BLCYYGK54,1004434,2017.0,Q2YTD,2017-01-01,2017-06-30,,43900000.0,4.4,4.4,0.4,10100000.0,4.35,122200000.0,,45600000.0,398000000.0,398000000.0,248800000.0,149200000.0,-45600000.0,,160900000.0,30700000.0,,,202800000.0,1115200000.0,,484200000.0,45600000.0,,741000000.0,1276100000.0,520200000.0,1230500000.0,56400000.0,56300000.0,58700000.0
Affiliated Managers Group Inc,AMG,2JE75BUE3T1BLCYYGK54,1004434,2017.0,Q2TTM,2016-07-01,2017-06-30,,98900000.0,9.19,9.19,0.4,19600000.0,9.04,248500000.0,,137300000.0,779900000.0,779900000.0,509300000.0,270600000.0,-137300000.0,,2551100000.0,104500000.0,,,429300000.0,15700000.0,,957800000.0,137300000.0,,1505600000.0,2566800000.0,1028400000.0,2429500000.0,56400000.0,56300000.0,58700000.0
Affiliated Managers Group Inc,AMG,2JE75BUE3T1BLCYYGK54,1004434,2017.0,Q1,2017-01-01,2017-03-31,2018-05-04 16:18:23+00:00,21900000.0,2.16,2.16,0.2,5200000.0,2.13,59700000.0,,22500000.0,193600000.0,193600000.0,122500000.0,71100000.0,-22500000.0,,85900000.0,14800000.0,,,100100000.0,544300000.0,,242000000.0,22500000.0,,369200000.0,630200000.0,253300000.0,607700000.0,56700000.0,56700000.0,59200000.0
Affiliated Managers Group Inc,AMG,2JE75BUE3T1BLCYYGK54,1004434,2017.0,Q1TTM,2016-04-01,2017-03-31,,105500000.0,8.96,8.96,0.2,19700000.0,8.8,238300000.0,,114200000.0,759100000.0,759100000.0,491300000.0,267800000.0,-114200000.0,,2541300000.0,77500000.0,,,433200000.0,-1100000.0,,947700000.0,114200000.0,,1506100000.0,2540200000.0,997400000.0,2426000000.0,56700000.0,56700000.0,59200000.0
Affiliated Managers Group Inc,AMG,2JE75BUE3T1BLCYYGK54,1004434,2018.0,FY,2018-01-01,2018-12-31,2020-02-28 16:14:23+00:00,114800000.0,4.55,4.55,1.2,,4.52,181300000.0,,,532300000.0,532300000.0,243600000.0,288700000.0,,,-200000.0,27400000.0,,2378400000.0,568000000.0,,22000000.0,987200000.0,,,1692000000.0,2378200000.0,713600000.0,2378200000.0,53500000.0,53600000.0,53800000.0
Affiliated Managers Group Inc,AMG,2JE75BUE3T1BLCYYGK54,1004434,2018.0,Q4,2018-10-01,2018-12-31,,38300000.0,-2.77,-2.77,,-16500000.0,-2.75,35200000.0,,-62600000.0,-98800000.0,-98800000.0,-151300000.0,52500000.0,62600000.0,,-2005300000.0,-9300000.0,,2378400000.0,220300000.0,,22000000.0,225900000.0,-62600000.0,,490000000.0,373100000.0,-63600000.0,435700000.0,53500000.0,53600000.0,53800000.0
Affiliated Managers Group Inc,AMG,2JE75BUE3T1BLCYYGK54,1004434,2018.0,Q3,2018-07-01,2018-09-30,2019-11-01 16:30:52+00:00,30100000.0,2.35,2.35,,5300000.0,2.34,48500000.0,,19600000.0,201900000.0,201900000.0,124900000.0,77000000.0,-19600000.0,,661000000.0,11000000.0,,,113000000.0,,,253600000.0,19600000.0,,402000000.0,661000000.0,250400000.0,641400000.0,53100000.0,53100000.0,55400000.0
Affiliated Managers Group Inc,AMG,2JE75BUE3T1BLCYYGK54,1004434,2018.0,Q3YTD,2018-01-01,2018-09-30,,76500000.0,7.32,7.32,,16500000.0,7.27,146100000.0,,62600000.0,631100000.0,631100000.0,394900000.0,236200000.0,-62600000.0,,2005100000.0,36700000.0,,,347700000.0,,,761300000.0,62600000.0,,1202000000.0,2005100000.0,777200000.0,1942500000.0,53100000.0,53100000.0,55400000.0
Affiliated Managers Group Inc,AMG,2JE75BUE3T1BLCYYGK54,1004434,2018.0,Q3TTM,2017-10-01,2018-09-30,,97800000.0,12.97,12.97,-0.6,1600000.0,12.73,16200000.0,,-5100000.0,1025000000.0,1025000000.0,710200000.0,314800000.0,5100000.0,,1490000000.0,54400000.0,,2305000000.0,561000000.0,-1115200000.0,20300000.0,1017400000.0,-5100000.0,,1698100000.0,2679800000.0,1041200000.0,2684900000.0,53100000.0,53100000.0,55400000.0
Affiliated Managers Group Inc,AMG,2JE75BUE3T1BLCYYGK54,1004434,2018.0,Q2,2018-04-01,2018-06-30,2019-08-01 16:21:28+00:00,23200000.0,2.17,2.17,,5700000.0,2.16,34100000.0,,21400000.0,205200000.0,205200000.0,117000000.0,88200000.0,-21400000.0,,635400000.0,11500000.0,,,116300000.0,,,241000000.0,21400000.0,,386200000.0,635400000.0,239300000.0,614000000.0,53900000.0,54000000.0,54200000.0
Affiliated Managers Group Inc,AMG,2JE75BUE3T1BLCYYGK54,1004434,2018.0,Q2YTD,2018-01-01,2018-06-30,,46400000.0,4.97,4.97,,11200000.0,4.93,97600000.0,,43000000.0,429200000.0,429200000.0,270000000.0,159200000.0,-43000000.0,,1344100000.0,25700000.0,,,234700000.0,,,507700000.0,43000000.0,,800000000.0,1344100000.0,526800000.0,1301100000.0,53900000.0,54000000.0,54200000.0
Affiliated Managers Group Inc,AMG,2JE75BUE3T1BLCYYGK54,1004434,2018.0,Q2TTM,2017-07-01,2018-06-30,,88900000.0,12.87,12.87,-0.4,1100000.0,12.61,33800000.0,,-2600000.0,1039900000.0,1039900000.0,710700000.0,329200000.0,2600000.0,,1485400000.0,59500000.0,,2305000000.0,550800000.0,-1115200000.0,20300000.0,1002500000.0,-2600000.0,,1663600000.0,2675200000.0,1073700000.0,2677800000.0,53900000.0,54000000.0,54200000.0
Affiliated Managers Group Inc,AMG,2JE75BUE3T1BLCYYGK54,1004434,2018.0,Q1,2018-01-01,2018-03-31,2019-05-09 16:39:30+00:00,23200000.0,2.8,2.8,0.3,5500000.0,2.77,63500000.0,,21600000.0,224000000.0,224000000.0,153000000.0,71000000.0,-21600000.0,,708700000.0,14200000.0,,,118400000.0,,,266700000.0,21600000.0,,413800000.0,708700000.0,287500000.0,687100000.0,54600000.0,54600000.0,57000000.0
Affiliated Managers Group Inc,AMG,2JE75BUE3T1BLCYYGK54,1004434,2018.0,Q1TTM,2017-04-01,2018-03-31,,87700000.0,12.94,12.94,-0.2,300000.0,12.67,62200000.0,,-900000.0,1039100000.0,1039100000.0,720000000.0,319100000.0,900000.0,,925000000.0,63900000.0,,2305000000.0,537200000.0,-544300000.0,20300000.0,1003700000.0,-900000.0,,1649200000.0,2685700000.0,1101300000.0,2686600000.0,54600000.0,54600000.0,57000000.0
Affiliated Managers Group Inc,AMG,2JE75BUE3T1BLCYYGK54,1004434,2019.0,Q4,2019-10-01,2019-12-31,,72600000.0,2.47,0.36,,-16700000.0,0.36,-1500000.0,-591900000.0,-57400000.0,95800000.0,95800000.0,22500000.0,73300000.0,-534500000.0,29400000.0,9800000.0,10500000.0,,1147500000.0,190400000.0,,28500000.0,234800000.0,-57400000.0,-591900000.0,539000000.0,1157300000.0,94300000.0,622800000.0,50600000.0,50500000.0,50600000.0
Affiliated Managers Group Inc,AMG,2JE75BUE3T1BLCYYGK54,1004434,2019.0,FY,2019-01-01,2019-12-31,2020-02-28 16:14:23+00:00,144500000.0,0.31,0.31,1.28,,0.31,2900000.0,,,305100000.0,305100000.0,15700000.0,289400000.0,,,-338000000.0,25200000.0,,2239600000.0,510000000.0,,21300000.0,943000000.0,,,1618800000.0,1901600000.0,308000000.0,1901600000.0,50600000.0,50500000.0,50600000.0
Affiliated Managers Group Inc,AMG,2JE75BUE3T1BLCYYGK54,1004434,2019.0,Q3YTD,2019-01-01,2019-09-30,,71900000.0,-2.16,-0.05,,16700000.0,-0.05,4400000.0,591900000.0,57400000.0,209300000.0,209300000.0,-6800000.0,216100000.0,534500000.0,-29400000.0,-347800000.0,14700000.0,,1092100000.0,319600000.0,,-7200000.0,708200000.0,57400000.0,591900000.0,1079800000.0,744300000.0,213700000.0,1278800000.0,50500000.0,50400000.0,50400000.0
Affiliated Managers Group Inc,AMG,2JE75BUE3T1BLCYYGK54,1004434,2019.0,Q3TTM,2018-10-01,2019-09-30,,110200000.0,-4.93,-2.82,,200000.0,-2.8,39600000.0,591900000.0,-5200000.0,110500000.0,110500000.0,-158100000.0,268600000.0,597100000.0,-29400000.0,-2353100000.0,5400000.0,,3470500000.0,539900000.0,,14800000.0,934100000.0,-5200000.0,591900000.0,1569800000.0,1117400000.0,150100000.0,1714500000.0,50500000.0,50400000.0,50400000.0
Affiliated Managers Group Inc,AMG,2JE75BUE3T1BLCYYGK54,1004434,2019.0,Q3,2019-07-01,2019-09-30,2019-11-01 16:30:52+00:00,21100000.0,1.71,1.71,,6200000.0,1.71,30500000.0,,19500000.0,162100000.0,162100000.0,86300000.0,75800000.0,-19500000.0,,10300000.0,6700000.0,,549000000.0,104600000.0,,,222000000.0,19500000.0,,353900000.0,559300000.0,192600000.0,539800000.0,50500000.0,50400000.0,50400000.0
Affiliated Managers Group Inc,AMG,2JE75BUE3T1BLCYYGK54,1004434,2019.0,Q2,2019-04-01,2019-06-30,2020-07-31 16:27:13+00:00,21200000.0,,2.11,,5300000.0,2.11,35700000.0,591900000.0,19700000.0,180200000.0,180200000.0,107700000.0,72500000.0,572200000.0,-29400000.0,,,,,108400000.0,,-7200000.0,258000000.0,19700000.0,591900000.0,356300000.0,,215900000.0,572200000.0,,51000000.0,51000000.0
Affiliated Managers Group Inc,AMG,2JE75BUE3T1BLCYYGK54,1004434,2019.0,Q2YTD,2019-01-01,2019-06-30,,50800000.0,-3.87,-1.76,,10500000.0,-1.76,-26100000.0,591900000.0,37900000.0,47200000.0,47200000.0,-93100000.0,140300000.0,554000000.0,-29400000.0,-358100000.0,8000000.0,,543100000.0,215000000.0,,-7200000.0,486200000.0,37900000.0,591900000.0,725900000.0,185000000.0,21100000.0,739000000.0,,51000000.0,51000000.0
Affiliated Managers Group Inc,AMG,2JE75BUE3T1BLCYYGK54,1004434,2019.0,Q2TTM,2018-07-01,2019-06-30,,119200000.0,-4.29,-2.18,,-700000.0,-2.17,57600000.0,591900000.0,-5100000.0,150300000.0,150300000.0,-119500000.0,269800000.0,597000000.0,-29400000.0,-1702400000.0,9700000.0,,2921500000.0,548300000.0,,14800000.0,965700000.0,-5100000.0,591900000.0,1617900000.0,1219100000.0,207900000.0,1816100000.0,,51000000.0,51000000.0
Affiliated Managers Group Inc,AMG,2JE75BUE3T1BLCYYGK54,1004434,2019.0,Q1,2019-01-01,2019-03-31,2020-05-04 16:24:45+00:00,29600000.0,-3.87,-3.87,0.32,5200000.0,-3.87,-61800000.0,,18200000.0,-133000000.0,-133000000.0,-200800000.0,67800000.0,-18200000.0,,-358100000.0,8000000.0,,543100000.0,106600000.0,,,228200000.0,18200000.0,,369600000.0,185000000.0,-194800000.0,166800000.0,51900000.0,51900000.0,51900000.0
Affiliated Managers Group Inc,AMG,2JE75BUE3T1BLCYYGK54,1004434,2019.0,Q1TTM,2018-04-01,2019-03-31,,121200000.0,-2.12,-2.12,,-300000.0,-2.12,56000000.0,,-3400000.0,175300000.0,175300000.0,-110200000.0,285500000.0,3400000.0,,-1067000000.0,21200000.0,,2921500000.0,556200000.0,,22000000.0,948700000.0,-3400000.0,,1647800000.0,1854500000.0,231300000.0,1857900000.0,51900000.0,51900000.0,51900000.0
Affiliated Managers Group Inc,AMG,2JE75BUE3T1BLCYYGK54,1004434,2020.0,Q2YTD,2020-01-01,2020-06-30,,101500000.0,-0.33,0.32,,10100000.0,0.32,5500000.0,471100000.0,41800000.0,103500000.0,103500000.0,15100000.0,88400000.0,429300000.0,-17400000.0,-113200000.0,2400000.0,,507300000.0,186200000.0,,12100000.0,424300000.0,41800000.0,471100000.0,716800000.0,394100000.0,109000000.0,823400000.0,,47200000.0,47300000.0
Affiliated Managers Group Inc,AMG,2JE75BUE3T1BLCYYGK54,1004434,2020.0,Q2TTM,2019-07-01,2020-06-30,,195200000.0,3.85,2.39,,-400000.0,2.39,34500000.0,-120800000.0,3900000.0,361400000.0,361400000.0,123900000.0,237500000.0,-124700000.0,12000000.0,-93100000.0,19600000.0,,2203800000.0,481200000.0,,40600000.0,881100000.0,3900000.0,-120800000.0,1609700000.0,2110700000.0,395900000.0,1986000000.0,,47200000.0,47300000.0
Affiliated Managers Group Inc,AMG,2JE75BUE3T1BLCYYGK54,1004434,2020.0,Q2,2020-04-01,2020-06-30,2020-07-31 16:27:13+00:00,80900000.0,,0.65,,5000000.0,0.65,3300000.0,471100000.0,22300000.0,63500000.0,63500000.0,30700000.0,32800000.0,448800000.0,-17400000.0,,,,,84900000.0,,12100000.0,216500000.0,22300000.0,471100000.0,382000000.0,,66800000.0,448800000.0,,47200000.0,47300000.0
Affiliated Managers Group Inc,AMG,2JE75BUE3T1BLCYYGK54,1004434,2020.0,Q1TTM,2019-04-01,2020-03-31,,135500000.0,3.85,3.85,,-100000.0,3.85,66900000.0,,1300000.0,478100000.0,478100000.0,200900000.0,277200000.0,-1300000.0,,-93100000.0,19600000.0,,2203800000.0,504700000.0,,21300000.0,922600000.0,1300000.0,,1584000000.0,2110700000.0,545000000.0,2109400000.0,47300000.0,47800000.0,47800000.0
Affiliated Managers Group Inc,AMG,2JE75BUE3T1BLCYYGK54,1004434,2020.0,Q1,2020-01-01,2020-03-31,2020-05-04 16:24:45+00:00,20600000.0,-0.33,-0.33,0.32,5100000.0,-0.33,2200000.0,,19500000.0,40000000.0,40000000.0,-15600000.0,55600000.0,-19500000.0,,-113200000.0,2400000.0,,507300000.0,101300000.0,,,207800000.0,19500000.0,,334800000.0,394100000.0,42200000.0,374600000.0,47300000.0,47800000.0,47800000.0
