company_name,company_ticker,company_lei,company_cik,year,quarter,start_date,end_date,filing_date,basicdilutedeps,basiceps,cashdividendspershare,depreciationexpense,dilutedeps,impairmentexpense,investmentsecuritiesinterestincome,netincome,netincomecontinuing,netincomediscontinued,netincometocommon,netincometononcontrollinginterest,netinterestincome,netoccupancyequipmentexpense,netrealizedcapitalgains,otheradjustmentstoconsolidatednetincome,othergains,otherinterestexpense,othernoninterestincome,otheroperatingexpenses,otherservicechargeincome,otherspecialcharges,propertyliabilityinsuranceclaims,restructuringcharge,totalinterestexpense,totalinterestincome,totalnoninterestexpense,totalnoninterestincome,totalpretaxincome,totalrevenue,weightedavebasicdilutedsharesos,weightedavebasicsharesos,weightedavedilutedsharesos
Life Storage Inc,LSI,W9EE01AFDDF9DQCQZC68,944314,2008.0,FY,2008-01-01,2008-12-31,2011-02-25 16:07:31+00:00,1.72,1.72,2.54,33252000.0,1.72,,322000.0,39683000.0,-114730000.0,3689000.0,37399000.0,2284000.0,322000.0,53605000.0,,150724000.0,,,,35764000.0,7569000.0,,,,,322000.0,122621000.0,7569000.0,-114730000.0,7891000.0,21700000.0,21700000.0,21700000.0
Life Storage Inc,LSI,W9EE01AFDDF9DQCQZC68,944314,2009.0,FY,2009-01-01,2009-12-31,2012-02-28 17:29:02+00:00,0.84,0.84,-1.54,32736000.0,0.84,,,21654000.0,20581000.0,1073000.0,19916000.0,1738000.0,,50726000.0,,,-48993000.0,,183074000.0,38004000.0,7966000.0,,,,,,121466000.0,191040000.0,69574000.0,191040000.0,23700000.0,23700000.0,23700000.0
Life Storage Inc,LSI,W9EE01AFDDF9DQCQZC68,944314,2009.0,Q3,2009-07-01,2009-09-30,2010-11-05 16:08:42+00:00,0.32,0.32,0.45,8138000.0,0.32,,,7970000.0,-27369000.0,-228000.0,7496000.0,474000.0,,12888000.0,,35567000.0,82000.0,,2074000.0,9626000.0,,-1127000.0,,,,,29525000.0,2074000.0,-27451000.0,2074000.0,23400000.0,23335957.0,23349479.0
Life Storage Inc,LSI,W9EE01AFDDF9DQCQZC68,944314,2009.0,Q2,2009-04-01,2009-06-30,2010-08-06 08:36:21+00:00,0.28,0.28,0.0,8216000.0,0.28,,,6742000.0,-27418000.0,765000.0,6286000.0,456000.0,,11976000.0,,33395000.0,83000.0,,2033000.0,9342000.0,,,,,,,29534000.0,2033000.0,-27501000.0,2033000.0,22500000.0,22613518.0,22616553.0
Life Storage Inc,LSI,W9EE01AFDDF9DQCQZC68,944314,2010.0,Q4,2010-10-01,2010-12-31,,0.32,0.32,-0.45,6929000.0,0.32,,,8975000.0,43014000.0,3432000.0,8531000.0,444000.0,,10664000.0,,-37471000.0,-15724000.0,,81583000.0,8740000.0,4251000.0,,,763000.0,,,27096000.0,85834000.0,58738000.0,85834000.0,27500000.0,27500000.0,27500000.0
Life Storage Inc,LSI,W9EE01AFDDF9DQCQZC68,944314,2010.0,FY,2010-01-01,2010-12-31,2013-02-27 09:18:01+00:00,1.48,1.48,,31546000.0,1.48,0.0,,42541000.0,31547000.0,10994000.0,40642000.0,1899000.0,,49338000.0,,,-31387000.0,,174775000.0,39097000.0,8926000.0,,,786000.0,,,120767000.0,183701000.0,62934000.0,183701000.0,27500000.0,27500000.0,27500000.0
Life Storage Inc,LSI,W9EE01AFDDF9DQCQZC68,944314,2010.0,Q3,2010-07-01,2010-09-30,2011-11-04 16:01:49+00:00,0.32,0.32,0.45,8215000.0,0.32,,,9374000.0,9374000.0,,8923000.0,451000.0,,13197000.0,,,-7914000.0,,46196000.0,9900000.0,2427000.0,,,23000.0,,,31335000.0,48623000.0,17288000.0,48623000.0,27900000.0,27485416.0,27525279.0
Life Storage Inc,LSI,W9EE01AFDDF9DQCQZC68,944314,2010.0,Q3YTD,2010-01-01,2010-09-30,,1.16,1.16,0.45,24617000.0,1.16,,,33566000.0,-11467000.0,7562000.0,32111000.0,1455000.0,,38674000.0,,37471000.0,-15663000.0,,93192000.0,30357000.0,4675000.0,,,23000.0,,,93671000.0,97867000.0,4196000.0,97867000.0,27900000.0,27485416.0,27525279.0
Life Storage Inc,LSI,W9EE01AFDDF9DQCQZC68,944314,2010.0,Q2YTD,2010-01-01,2010-06-30,,0.84,0.84,,16402000.0,0.84,,,24192000.0,-20841000.0,7562000.0,23188000.0,1004000.0,,25477000.0,,37471000.0,-7749000.0,,46996000.0,20457000.0,2248000.0,,,,,,62336000.0,49244000.0,-13092000.0,49244000.0,27700000.0,27463500.0,27508097.0
Life Storage Inc,LSI,W9EE01AFDDF9DQCQZC68,944314,2010.0,Q2,2010-04-01,2010-06-30,2011-08-08 16:11:55+00:00,0.57,0.57,-0.45,8202000.0,0.57,,,16304000.0,8618000.0,7686000.0,15761000.0,543000.0,,12543000.0,,,-7839000.0,,45061000.0,10107000.0,2248000.0,,,,,,30852000.0,47309000.0,16457000.0,47309000.0,27700000.0,27463500.0,27508097.0
Life Storage Inc,LSI,W9EE01AFDDF9DQCQZC68,944314,2010.0,Q1,2010-01-01,2010-03-31,2011-05-06 08:31:09+00:00,0.27,0.27,0.45,8200000.0,0.27,,,7888000.0,-29459000.0,-124000.0,7427000.0,461000.0,,12934000.0,,37471000.0,90000.0,,1935000.0,10350000.0,,,,,,,31484000.0,1935000.0,-29549000.0,1935000.0,27500000.0,27445101.0,27479148.0
Life Storage Inc,LSI,W9EE01AFDDF9DQCQZC68,944314,2011.0,Q4,2011-10-01,2011-12-31,,0.38,0.38,0.45,9065000.0,0.37,1047000.0,,10383000.0,7350000.0,3033000.0,10256000.0,127000.0,,12289000.0,,,-7305000.0,,45523000.0,11824000.0,3587000.0,,,230000.0,,,34455000.0,49110000.0,14655000.0,49110000.0,27600000.0,27600000.0,27800000.0
Life Storage Inc,LSI,W9EE01AFDDF9DQCQZC68,944314,2011.0,FY,2011-01-01,2011-12-31,2014-02-27 16:07:42+00:00,1.11,1.11,,34836000.0,1.1,1047000.0,,31529000.0,27314000.0,4215000.0,30592000.0,937000.0,,51793000.0,,,-37421000.0,,188371000.0,45171000.0,12489000.0,,,3278000.0,,,136125000.0,200860000.0,64735000.0,200860000.0,27600000.0,27600000.0,27800000.0
Life Storage Inc,LSI,W9EE01AFDDF9DQCQZC68,944314,2011.0,Q3YTD,2011-01-01,2011-09-30,,0.73,0.73,-0.45,25771000.0,0.73,,,21146000.0,19964000.0,1182000.0,20336000.0,810000.0,,39504000.0,,,-30116000.0,,142848000.0,33347000.0,8902000.0,,,3048000.0,,,101670000.0,151750000.0,50080000.0,151750000.0,29200000.0,27593338.0,27634029.0
Life Storage Inc,LSI,W9EE01AFDDF9DQCQZC68,944314,2011.0,Q3TTM,2010-10-01,2011-09-30,,1.05,1.05,-0.9,32700000.0,1.05,,,30121000.0,62978000.0,4614000.0,28867000.0,1254000.0,,50168000.0,,-37471000.0,-45840000.0,,224431000.0,42087000.0,13153000.0,,,3811000.0,,,128766000.0,237584000.0,108818000.0,237584000.0,29200000.0,27593338.0,27634029.0
Life Storage Inc,LSI,W9EE01AFDDF9DQCQZC68,944314,2011.0,Q3,2011-07-01,2011-09-30,2012-11-06 06:09:55+00:00,0.08,0.08,-0.45,8585000.0,0.08,,,2366000.0,1444000.0,922000.0,2339000.0,27000.0,,13275000.0,,,-14267000.0,,48273000.0,11613000.0,3824000.0,,,2913000.0,,,36386000.0,52097000.0,15711000.0,52097000.0,29200000.0,27593338.0,27634029.0
Life Storage Inc,LSI,W9EE01AFDDF9DQCQZC68,944314,2011.0,Q2YTD,2011-01-01,2011-06-30,,0.65,0.65,,17186000.0,0.65,,,18780000.0,18520000.0,260000.0,17997000.0,783000.0,,26229000.0,,,-15849000.0,,94575000.0,21734000.0,5078000.0,,,135000.0,,,65284000.0,99653000.0,34369000.0,99653000.0,27800000.0,27559992.0,27611237.0
Life Storage Inc,LSI,W9EE01AFDDF9DQCQZC68,944314,2011.0,Q2TTM,2010-07-01,2011-06-30,,1.29,1.29,,32330000.0,1.29,,,37129000.0,70908000.0,3692000.0,35451000.0,1678000.0,,50090000.0,,-37471000.0,-39487000.0,,222354000.0,40374000.0,11756000.0,,,921000.0,,,123715000.0,234110000.0,110395000.0,234110000.0,27800000.0,27559992.0,27611237.0
Life Storage Inc,LSI,W9EE01AFDDF9DQCQZC68,944314,2011.0,Q2,2011-04-01,2011-06-30,2012-08-07 08:06:16+00:00,0.35,0.35,-0.45,8561000.0,0.35,,,10080000.0,9820000.0,260000.0,9737000.0,343000.0,,12716000.0,,,-8010000.0,,47449000.0,10918000.0,2669000.0,,,93000.0,,,32288000.0,50118000.0,17830000.0,50118000.0,27800000.0,27559992.0,27611237.0
Life Storage Inc,LSI,W9EE01AFDDF9DQCQZC68,944314,2011.0,Q1,2011-01-01,2011-03-31,2012-05-08 08:07:19+00:00,0.3,0.3,0.45,8625000.0,0.3,,,8700000.0,8700000.0,,8260000.0,440000.0,,13513000.0,,,-7839000.0,,47126000.0,10816000.0,2409000.0,,,42000.0,,,32996000.0,49535000.0,16539000.0,49535000.0,27500000.0,27537278.0,27577435.0
Life Storage Inc,LSI,W9EE01AFDDF9DQCQZC68,944314,2011.0,Q1TTM,2010-04-01,2011-03-31,,1.51,1.51,,31971000.0,1.51,,,43353000.0,69706000.0,11118000.0,41475000.0,1878000.0,,49917000.0,,-37471000.0,-39316000.0,,219966000.0,39563000.0,11335000.0,,,828000.0,,,122279000.0,231301000.0,109022000.0,231301000.0,27500000.0,27537278.0,27577435.0
Life Storage Inc,LSI,W9EE01AFDDF9DQCQZC68,944314,2012.0,Q4,2012-10-01,2012-12-31,,0.44,0.44,1.35,10082000.0,0.45,,,13554000.0,12728000.0,826000.0,13462000.0,92000.0,,14169000.0,,,-7236000.0,,56049000.0,14046000.0,4158000.0,,,1946000.0,,,40243000.0,60207000.0,19964000.0,60207000.0,29300000.0,29300000.0,29500000.0
Life Storage Inc,LSI,W9EE01AFDDF9DQCQZC68,944314,2012.0,FY,2012-01-01,2012-12-31,2015-02-24 16:18:39+00:00,1.88,1.88,,40542000.0,1.87,,,55641000.0,48121000.0,7520000.0,55128000.0,513000.0,,55163000.0,,,-31539000.0,,217906000.0,54389000.0,16176000.0,,,4328000.0,,,154422000.0,234082000.0,79660000.0,234082000.0,29300000.0,29300000.0,29500000.0
Life Storage Inc,LSI,W9EE01AFDDF9DQCQZC68,944314,2012.0,Q3YTD,2012-01-01,2012-09-30,,1.44,1.44,-1.35,30460000.0,1.42,,,42087000.0,35393000.0,6694000.0,41666000.0,421000.0,,40994000.0,,,-24303000.0,,161857000.0,40343000.0,12018000.0,,,2382000.0,,,114179000.0,173875000.0,59696000.0,173875000.0,29400000.0,29474866.0,29624311.0
Life Storage Inc,LSI,W9EE01AFDDF9DQCQZC68,944314,2012.0,Q3TTM,2011-10-01,2012-09-30,,1.82,1.82,-0.9,39525000.0,1.79,1047000.0,,52470000.0,42743000.0,9727000.0,51922000.0,548000.0,,53283000.0,,,-31608000.0,,207380000.0,52167000.0,15605000.0,,,2612000.0,,,148634000.0,222985000.0,74351000.0,222985000.0,29400000.0,29474866.0,29624311.0
Life Storage Inc,LSI,W9EE01AFDDF9DQCQZC68,944314,2012.0,Q3,2012-07-01,2012-09-30,2013-11-06 16:06:53+00:00,0.64,0.64,-0.45,10427000.0,0.63,,,18958000.0,14137000.0,4821000.0,18807000.0,151000.0,,14319000.0,,,-8015000.0,,57574000.0,13801000.0,4200000.0,,,1075000.0,,,39622000.0,61774000.0,22152000.0,61774000.0,29400000.0,29474866.0,29624311.0
Life Storage Inc,LSI,W9EE01AFDDF9DQCQZC68,944314,2012.0,Q2YTD,2012-01-01,2012-06-30,,0.8,0.8,-0.9,20033000.0,0.79,,,23129000.0,21256000.0,1873000.0,22859000.0,270000.0,,26675000.0,,,-16288000.0,,104283000.0,26542000.0,7818000.0,,,1307000.0,,,74557000.0,112101000.0,37544000.0,112101000.0,28600000.0,28883464.0,29000996.0
Life Storage Inc,LSI,W9EE01AFDDF9DQCQZC68,944314,2012.0,Q2TTM,2011-07-01,2012-06-30,,1.26,1.26,-0.9,37683000.0,1.24,1047000.0,,35878000.0,30050000.0,5828000.0,35454000.0,424000.0,,52239000.0,,,-37860000.0,,198079000.0,49979000.0,15229000.0,,,4450000.0,,,145398000.0,213308000.0,67910000.0,213308000.0,28600000.0,28883464.0,29000996.0
Life Storage Inc,LSI,W9EE01AFDDF9DQCQZC68,944314,2012.0,Q2,2012-04-01,2012-06-30,2013-08-07 07:00:57+00:00,0.41,0.41,-0.45,10139000.0,0.4,,,11860000.0,10850000.0,1010000.0,11721000.0,139000.0,,13240000.0,,,-8106000.0,,53070000.0,13493000.0,4058000.0,,,1300000.0,,,38172000.0,57128000.0,18956000.0,57128000.0,28600000.0,28883464.0,29000996.0
Life Storage Inc,LSI,W9EE01AFDDF9DQCQZC68,944314,2012.0,Q1TTM,2011-04-01,2012-03-31,,1.2,1.2,-0.9,36105000.0,1.19,1047000.0,,34098000.0,29020000.0,5078000.0,33470000.0,628000.0,,51715000.0,,,-37764000.0,,192458000.0,47404000.0,13840000.0,,,3243000.0,,,139514000.0,206298000.0,66784000.0,206298000.0,28600000.0,28785663.0,28877736.0
Life Storage Inc,LSI,W9EE01AFDDF9DQCQZC68,944314,2012.0,Q1,2012-01-01,2012-03-31,2013-05-08 06:02:16+00:00,0.39,0.39,-0.45,9894000.0,0.39,,,11269000.0,10406000.0,863000.0,11138000.0,131000.0,,13435000.0,,,-8182000.0,,51213000.0,13049000.0,3760000.0,,,7000.0,,,36385000.0,54973000.0,18588000.0,54973000.0,28600000.0,28785663.0,28877736.0
Life Storage Inc,LSI,W9EE01AFDDF9DQCQZC68,944314,2013.0,Q4,2013-10-01,2013-12-31,,0.7,0.7,1.49,11380000.0,0.7,,,22372000.0,19899000.0,2473000.0,22234000.0,138000.0,,17360000.0,,,-6604000.0,,66386000.0,14954000.0,5678000.0,,,1867000.0,,,45561000.0,72064000.0,26503000.0,72064000.0,31300000.0,31300000.0,31400000.0
Life Storage Inc,LSI,W9EE01AFDDF9DQCQZC68,944314,2013.0,FY,2013-01-01,2013-12-31,2015-02-24 16:18:39+00:00,2.37,2.37,,45233000.0,2.36,,,74595000.0,71472000.0,3123000.0,74126000.0,469000.0,,62647000.0,,,-29591000.0,,253384000.0,61435000.0,20123000.0,,,3129000.0,,,172444000.0,273507000.0,101063000.0,273507000.0,31300000.0,31300000.0,31400000.0
Life Storage Inc,LSI,W9EE01AFDDF9DQCQZC68,944314,2013.0,Q3YTD,2013-01-01,2013-09-30,,1.67,1.67,-1.49,33853000.0,1.66,,,52223000.0,51573000.0,650000.0,51892000.0,331000.0,,45287000.0,,,-22987000.0,,186998000.0,46481000.0,14445000.0,,,1262000.0,,,126883000.0,201443000.0,74560000.0,201443000.0,31200000.0,31469026.0,31625635.0
Life Storage Inc,LSI,W9EE01AFDDF9DQCQZC68,944314,2013.0,Q3TTM,2012-10-01,2013-09-30,,2.11,2.11,-0.14,43935000.0,2.11,,,65777000.0,64301000.0,1476000.0,65354000.0,423000.0,,59456000.0,,,-30223000.0,,243047000.0,60527000.0,18603000.0,,,3208000.0,,,167126000.0,261650000.0,94524000.0,261650000.0,31200000.0,31469026.0,31625635.0
Life Storage Inc,LSI,W9EE01AFDDF9DQCQZC68,944314,2013.0,Q3,2013-07-01,2013-09-30,2014-11-04 16:06:08+00:00,0.63,0.63,-0.53,11293000.0,0.62,,,19799000.0,19553000.0,246000.0,19675000.0,124000.0,,15568000.0,,,-7347000.0,,65309000.0,15918000.0,5146000.0,,,776000.0,,,43555000.0,70455000.0,26900000.0,70455000.0,31200000.0,31469026.0,31625635.0
Life Storage Inc,LSI,W9EE01AFDDF9DQCQZC68,944314,2013.0,Q2YTD,2013-01-01,2013-06-30,,1.04,1.04,-0.96,22560000.0,1.04,,,32424000.0,32020000.0,404000.0,32217000.0,207000.0,,29719000.0,,,-15640000.0,,121689000.0,30563000.0,9299000.0,,,486000.0,,,83328000.0,130988000.0,47660000.0,130988000.0,31500000.0,31275850.0,31425016.0
Life Storage Inc,LSI,W9EE01AFDDF9DQCQZC68,944314,2013.0,Q2TTM,2012-07-01,2013-06-30,,2.12,2.12,-0.06,43069000.0,2.12,,,64936000.0,58885000.0,6051000.0,64486000.0,450000.0,,58207000.0,,,-30891000.0,,235312000.0,58410000.0,17657000.0,,,3507000.0,,,163193000.0,252969000.0,89776000.0,252969000.0,31500000.0,31275850.0,31425016.0
Life Storage Inc,LSI,W9EE01AFDDF9DQCQZC68,944314,2013.0,Q2,2013-04-01,2013-06-30,2014-08-05 08:55:54+00:00,0.57,0.57,-0.48,11358000.0,0.57,,,18052000.0,17816000.0,236000.0,17937000.0,115000.0,,14594000.0,,,-7990000.0,,62127000.0,15351000.0,4982000.0,,,,,,41303000.0,67109000.0,25806000.0,67109000.0,31500000.0,31275850.0,31425016.0
Life Storage Inc,LSI,W9EE01AFDDF9DQCQZC68,944314,2013.0,Q1TTM,2012-04-01,2013-03-31,,1.96,1.96,-0.03,41850000.0,1.95,,,58744000.0,51919000.0,6825000.0,58270000.0,474000.0,,56853000.0,,,-31007000.0,,226255000.0,56552000.0,16733000.0,,,4807000.0,,,160062000.0,242988000.0,82926000.0,242988000.0,30400000.0,30488853.0,30654495.0
Life Storage Inc,LSI,W9EE01AFDDF9DQCQZC68,944314,2013.0,Q1,2013-01-01,2013-03-31,2014-05-06 16:05:59+00:00,0.47,0.47,-0.48,11202000.0,0.47,,,14372000.0,14204000.0,168000.0,14280000.0,92000.0,,15125000.0,,,-7650000.0,,59562000.0,15212000.0,4317000.0,,,486000.0,,,42025000.0,63879000.0,21854000.0,63879000.0,30400000.0,30488853.0,30654495.0
Life Storage Inc,LSI,W9EE01AFDDF9DQCQZC68,944314,2014.0,FY,2014-01-01,2014-12-31,2017-02-27 16:53:37+00:00,2.68,2.68,,51749000.0,2.67,,,89057000.0,89057000.0,,88531000.0,526000.0,,83320000.0,,,-27276000.0,,302044000.0,67319000.0,24036000.0,,0.0,7359000.0,,,209747000.0,326080000.0,116333000.0,326080000.0,33000000.0,33000000.0,33200000.0
Life Storage Inc,LSI,W9EE01AFDDF9DQCQZC68,944314,2014.0,Q4,2014-10-01,2014-12-31,,0.77,0.77,-0.68,13969000.0,0.77,,,25838000.0,27615000.0,,25693000.0,145000.0,,21609000.0,,-1777000.0,-3529000.0,,78605000.0,16775000.0,6325000.0,,,1433000.0,,,53786000.0,84930000.0,31144000.0,84930000.0,33000000.0,33000000.0,33200000.0
Life Storage Inc,LSI,W9EE01AFDDF9DQCQZC68,944314,2014.0,Q3YTD,2014-01-01,2014-09-30,,1.91,1.91,0.68,37780000.0,1.9,,,63219000.0,61442000.0,,62838000.0,381000.0,,61711000.0,,1777000.0,-23747000.0,,223439000.0,50544000.0,17711000.0,,,5926000.0,,,155961000.0,241150000.0,85189000.0,241150000.0,33200000.0,33234660.0,33398648.0
Life Storage Inc,LSI,W9EE01AFDDF9DQCQZC68,944314,2014.0,Q3TTM,2013-10-01,2014-09-30,,2.61,2.61,2.17,49160000.0,2.6,,,85591000.0,81341000.0,2473000.0,85072000.0,519000.0,,79071000.0,,1777000.0,-30351000.0,,289825000.0,65498000.0,23389000.0,,,7793000.0,,,201522000.0,313214000.0,111692000.0,313214000.0,33200000.0,33234660.0,33398648.0
Life Storage Inc,LSI,W9EE01AFDDF9DQCQZC68,944314,2014.0,Q3,2014-07-01,2014-09-30,2015-11-04 09:05:46+00:00,0.77,0.77,0.68,13357000.0,0.77,,,25743000.0,23966000.0,,25589000.0,154000.0,,21240000.0,,1777000.0,-8453000.0,,79092000.0,17023000.0,6157000.0,,,1210000.0,,,52830000.0,85249000.0,32419000.0,85249000.0,33200000.0,33234660.0,33398648.0
Life Storage Inc,LSI,W9EE01AFDDF9DQCQZC68,944314,2014.0,Q2YTD,2014-01-01,2014-06-30,,1.14,1.14,,24423000.0,1.13,,,37476000.0,37476000.0,,37249000.0,227000.0,,40471000.0,,,-15294000.0,,144347000.0,33521000.0,11554000.0,,,4716000.0,,,103131000.0,155901000.0,52770000.0,155901000.0,32700000.0,32799837.0,32979708.0
Life Storage Inc,LSI,W9EE01AFDDF9DQCQZC68,944314,2014.0,Q2TTM,2013-07-01,2014-06-30,,2.47,2.47,0.96,47096000.0,2.45,,,79647000.0,76928000.0,2719000.0,79158000.0,489000.0,,73399000.0,,,-29245000.0,,276042000.0,64393000.0,22378000.0,,,7359000.0,,,192247000.0,298420000.0,106173000.0,298420000.0,32700000.0,32799837.0,32979708.0
Life Storage Inc,LSI,W9EE01AFDDF9DQCQZC68,944314,2014.0,Q2,2014-04-01,2014-06-30,2015-08-04 16:06:01+00:00,0.63,0.63,-0.68,12481000.0,0.62,,,20701000.0,20701000.0,,20576000.0,125000.0,,19990000.0,,,-8415000.0,,74394000.0,16919000.0,6050000.0,,,1938000.0,,,51328000.0,80444000.0,29116000.0,80444000.0,32700000.0,32799837.0,32979708.0
Life Storage Inc,LSI,W9EE01AFDDF9DQCQZC68,944314,2014.0,Q1,2014-01-01,2014-03-31,2015-05-04 16:06:59+00:00,0.51,0.51,0.68,11942000.0,0.51,,,16775000.0,16775000.0,,16673000.0,102000.0,,20481000.0,,,-6879000.0,,69953000.0,16602000.0,5504000.0,,,2778000.0,,,51803000.0,75457000.0,23654000.0,75457000.0,32700000.0,32383996.0,32538429.0
Life Storage Inc,LSI,W9EE01AFDDF9DQCQZC68,944314,2014.0,Q1TTM,2013-04-01,2014-03-31,,2.41,2.41,1.16,45973000.0,2.4,,,76998000.0,74043000.0,2955000.0,76519000.0,479000.0,,68003000.0,,,-28820000.0,,263775000.0,62825000.0,21310000.0,,,5421000.0,,,182222000.0,285085000.0,102863000.0,285085000.0,32700000.0,32383996.0,32538429.0
Life Storage Inc,LSI,W9EE01AFDDF9DQCQZC68,944314,2015.0,FY,2015-01-01,2015-12-31,2018-02-27 16:22:19+00:00,3.18,3.18,,58506000.0,3.16,,,113077000.0,113077000.0,,112524000.0,553000.0,,82598000.0,,,-34208000.0,,338435000.0,75222000.0,28167000.0,,0.0,2991000.0,,,219317000.0,366602000.0,147285000.0,366602000.0,35400000.0,35400000.0,35600000.0
Life Storage Inc,LSI,W9EE01AFDDF9DQCQZC68,944314,2015.0,Q4,2015-10-01,2015-12-31,,0.84,0.84,-2.35,29741000.0,0.83,,,6145000.0,6138000.0,,5999000.0,146000.0,,20916000.0,7000.0,,-8852000.0,,87996000.0,28818000.0,7044000.0,,,575000.0,,,80050000.0,95047000.0,14990000.0,95047000.0,35400000.0,35400000.0,35600000.0
Life Storage Inc,LSI,W9EE01AFDDF9DQCQZC68,944314,2015.0,Q3,2015-07-01,2015-09-30,2016-11-04 16:17:20+00:00,0.88,0.88,0.85,,0.88,,,55699000.0,55699000.0,,55542000.0,157000.0,,20954000.0,,,-8482000.0,,88066000.0,9247000.0,7362000.0,,,1046000.0,,,31247000.0,95428000.0,64181000.0,95428000.0,63100000.0,35700375.0,35917105.0
Life Storage Inc,LSI,W9EE01AFDDF9DQCQZC68,944314,2015.0,Q3YTD,2015-01-01,2015-09-30,,2.34,2.34,2.35,28765000.0,2.33,,,106932000.0,106939000.0,,106525000.0,407000.0,,61682000.0,-7000.0,,-25356000.0,,250439000.0,46404000.0,21123000.0,,,2416000.0,,,139267000.0,271555000.0,132295000.0,271555000.0,63100000.0,35700375.0,35917105.0
Life Storage Inc,LSI,W9EE01AFDDF9DQCQZC68,944314,2015.0,Q3TTM,2014-10-01,2015-09-30,,3.11,3.11,1.67,42734000.0,3.1,,,132770000.0,134554000.0,,132218000.0,552000.0,,83291000.0,-7000.0,-1777000.0,-28885000.0,,329044000.0,63179000.0,27448000.0,,,3849000.0,,,193053000.0,356485000.0,163439000.0,356485000.0,63100000.0,35700375.0,35917105.0
Life Storage Inc,LSI,W9EE01AFDDF9DQCQZC68,944314,2015.0,Q2,2015-04-01,2015-06-30,2016-08-05 16:19:18+00:00,0.81,0.81,0.75,14584000.0,0.8,,,28676000.0,28676000.0,,28532000.0,144000.0,,19486000.0,,,-8361000.0,,83487000.0,18831000.0,7239000.0,,,788000.0,,,53689000.0,90726000.0,37037000.0,90726000.0,35200000.0,35377694.0,35603020.0
Life Storage Inc,LSI,W9EE01AFDDF9DQCQZC68,944314,2015.0,Q2YTD,2015-01-01,2015-06-30,,1.46,1.46,1.5,28765000.0,1.45,,,51233000.0,51240000.0,,50983000.0,250000.0,,40728000.0,-7000.0,,-16874000.0,,162373000.0,37157000.0,13761000.0,,,1370000.0,,,108020000.0,176127000.0,68114000.0,176127000.0,35200000.0,35377694.0,35603020.0
Life Storage Inc,LSI,W9EE01AFDDF9DQCQZC68,944314,2015.0,Q2TTM,2014-07-01,2015-06-30,,3.0,3.0,1.5,56091000.0,2.99,,,102814000.0,102821000.0,,102265000.0,549000.0,,83577000.0,-7000.0,,-28856000.0,,320070000.0,70955000.0,26243000.0,,,4013000.0,,,214636000.0,346306000.0,131677000.0,346306000.0,35200000.0,35377694.0,35603020.0
Life Storage Inc,LSI,W9EE01AFDDF9DQCQZC68,944314,2015.0,Q1,2015-01-01,2015-03-31,2016-05-04 16:16:42+00:00,0.65,0.65,0.75,14181000.0,0.65,,,22557000.0,22564000.0,,22451000.0,106000.0,,21242000.0,-7000.0,,-8513000.0,,78886000.0,18326000.0,6522000.0,,,582000.0,,,54331000.0,85401000.0,31077000.0,85401000.0,34500000.0,34329768.0,34554871.0
Life Storage Inc,LSI,W9EE01AFDDF9DQCQZC68,944314,2015.0,Q1TTM,2014-04-01,2015-03-31,,2.82,2.82,0.07,53988000.0,2.81,,,94839000.0,94846000.0,,94309000.0,530000.0,,84081000.0,-7000.0,,-28910000.0,,310977000.0,69043000.0,25054000.0,,,5163000.0,,,212275000.0,336024000.0,123756000.0,336024000.0,34500000.0,34329768.0,34554871.0
Life Storage Inc,LSI,W9EE01AFDDF9DQCQZC68,944314,2016.0,FY,2016-01-01,2016-12-31,2019-02-26 16:19:48+00:00,1.97,1.97,,117081000.0,1.96,,,84956000.0,84956000.0,,85225000.0,-269000.0,,105171000.0,15270000.0,,-50772000.0,,428121000.0,90979000.0,34487000.0,-623000.0,,29542000.0,,,342150000.0,477878000.0,135728000.0,477878000.0,43300000.0,43300000.0,43500000.0
Life Storage Inc,LSI,W9EE01AFDDF9DQCQZC68,944314,2016.0,Q4,2016-10-01,2016-12-31,,0.29,0.29,-2.75,57425000.0,0.3,,,-8698000.0,6572000.0,,-8721000.0,23000.0,,30775000.0,15270000.0,-15270000.0,-14269000.0,,119466000.0,35286000.0,9212000.0,-623000.0,,244000.0,,,123107000.0,143948000.0,20841000.0,143948000.0,43300000.0,43300000.0,43500000.0
Life Storage Inc,LSI,W9EE01AFDDF9DQCQZC68,944314,2016.0,Q3,2016-07-01,2016-09-30,2017-11-03 16:24:11+00:00,-0.1,-0.1,0.95,41405000.0,-0.1,,,-4969000.0,-4969000.0,,-4738000.0,-231000.0,,28382000.0,,,-13752000.0,,118319000.0,24011000.0,9482000.0,,,25220000.0,,,119018000.0,127801000.0,8783000.0,127801000.0,47400000.0,46139079.0,46139079.0
Life Storage Inc,LSI,W9EE01AFDDF9DQCQZC68,944314,2016.0,Q3YTD,2016-01-01,2016-09-30,,1.68,1.68,2.75,59656000.0,1.66,,,93654000.0,78384000.0,,93946000.0,-292000.0,,74396000.0,,15270000.0,-36503000.0,,308655000.0,55693000.0,25275000.0,,,29298000.0,,,219043000.0,333930000.0,114887000.0,333930000.0,47400000.0,46139079.0,46139079.0
Life Storage Inc,LSI,W9EE01AFDDF9DQCQZC68,944314,2016.0,Q3TTM,2015-10-01,2016-09-30,,2.52,2.52,0.4,89397000.0,2.49,,,99799000.0,84522000.0,,99945000.0,-146000.0,,95312000.0,7000.0,15270000.0,-45355000.0,,396651000.0,84511000.0,32319000.0,,,29873000.0,,,299093000.0,428977000.0,129877000.0,428977000.0,47400000.0,46139079.0,46139079.0
Life Storage Inc,LSI,W9EE01AFDDF9DQCQZC68,944314,2016.0,Q2,2016-04-01,2016-06-30,2017-08-04 16:07:42+00:00,1.04,1.04,0.95,18251000.0,1.03,,,43504000.0,28234000.0,,43456000.0,48000.0,,23153000.0,,15270000.0,-14538000.0,,98795000.0,21135000.0,8210000.0,,,1694000.0,,,64233000.0,107005000.0,42772000.0,107005000.0,41800000.0,41980389.0,42227388.0
Life Storage Inc,LSI,W9EE01AFDDF9DQCQZC68,944314,2016.0,Q2YTD,2016-01-01,2016-06-30,,1.78,1.78,1.8,18251000.0,1.76,,,98623000.0,83353000.0,,98684000.0,-61000.0,,46014000.0,,15270000.0,-22751000.0,,190336000.0,31682000.0,15793000.0,,,4078000.0,,,100025000.0,206129000.0,106104000.0,206129000.0,41800000.0,41980389.0,42227388.0
Life Storage Inc,LSI,W9EE01AFDDF9DQCQZC68,944314,2016.0,Q2TTM,2015-07-01,2016-06-30,,3.5,3.5,0.3,47992000.0,3.47,,,160467000.0,145190000.0,,160225000.0,242000.0,,87884000.0,7000.0,15270000.0,-40085000.0,,366398000.0,69747000.0,30199000.0,,,5699000.0,,,211322000.0,396604000.0,185275000.0,396604000.0,41800000.0,41980389.0,42227388.0
Life Storage Inc,LSI,W9EE01AFDDF9DQCQZC68,944314,2016.0,Q1,2016-01-01,2016-03-31,2017-05-04 16:18:05+00:00,0.74,0.74,0.85,,0.73,,,55119000.0,55119000.0,,55228000.0,-109000.0,,22861000.0,,,-8213000.0,,91541000.0,10547000.0,7583000.0,,,2384000.0,,,35792000.0,99124000.0,63332000.0,99124000.0,74600000.0,38410817.0,38663138.0
Life Storage Inc,LSI,W9EE01AFDDF9DQCQZC68,944314,2016.0,Q1TTM,2015-04-01,2016-03-31,,3.27,3.27,0.1,44325000.0,3.24,,,145639000.0,145632000.0,,145301000.0,338000.0,,84217000.0,7000.0,,-33908000.0,,351090000.0,67443000.0,29228000.0,,,4793000.0,,,200778000.0,380325000.0,179540000.0,380325000.0,74600000.0,38410817.0,38663138.0
Life Storage Inc,LSI,W9EE01AFDDF9DQCQZC68,944314,2017.0,FY,2017-01-01,2017-12-31,2020-02-25 17:31:00+00:00,2.08,2.08,,127485000.0,2.07,,,96809000.0,96809000.0,,96365000.0,444000.0,-74362000.0,122794000.0,,,-182000.0,74362000.0,529750000.0,108118000.0,,,,,74362000.0,,358397000.0,529750000.0,96991000.0,455388000.0,46300000.0,46300000.0,46600000.0
Life Storage Inc,LSI,W9EE01AFDDF9DQCQZC68,944314,2017.0,Q4,2017-10-01,2017-12-31,,0.46,0.46,-2.95,25589000.0,0.45,,,21185000.0,21185000.0,,21085000.0,100000.0,-74362000.0,30335000.0,,,44771000.0,74362000.0,166466000.0,26378000.0,-33388000.0,,,,74362000.0,,82302000.0,133078000.0,-23586000.0,58716000.0,46300000.0,46300000.0,46600000.0
Life Storage Inc,LSI,W9EE01AFDDF9DQCQZC68,944314,2017.0,Q3,2017-07-01,2017-09-30,2018-11-01 16:16:54+00:00,0.76,0.76,1.0,26149000.0,0.76,,,35667000.0,35667000.0,,35496000.0,171000.0,,32803000.0,,,-15537000.0,,124044000.0,25412000.0,11524000.0,,,,,,84364000.0,135568000.0,51204000.0,135568000.0,46700000.0,46415782.0,46520311.0
Life Storage Inc,LSI,W9EE01AFDDF9DQCQZC68,944314,2017.0,Q3YTD,2017-01-01,2017-09-30,,1.62,1.62,2.95,101896000.0,1.62,,,75624000.0,75624000.0,,75280000.0,344000.0,,92459000.0,,,-44953000.0,,363284000.0,81740000.0,33388000.0,,,,,,276095000.0,396672000.0,120577000.0,396672000.0,46700000.0,46415782.0,46520311.0
Life Storage Inc,LSI,W9EE01AFDDF9DQCQZC68,944314,2017.0,Q3TTM,2016-10-01,2017-09-30,,1.91,1.91,0.2,159321000.0,1.92,,,66926000.0,82196000.0,,66559000.0,367000.0,,123234000.0,15270000.0,-15270000.0,-59222000.0,,482750000.0,117026000.0,42600000.0,-623000.0,,244000.0,,,399202000.0,540620000.0,141418000.0,540620000.0,46700000.0,46415782.0,46520311.0
Life Storage Inc,LSI,W9EE01AFDDF9DQCQZC68,944314,2017.0,Q2,2017-04-01,2017-06-30,2018-08-02 16:16:49+00:00,0.42,0.42,1.0,38105000.0,0.42,,,19432000.0,19432000.0,,19355000.0,77000.0,,29860000.0,,,-14930000.0,,120646000.0,30457000.0,12138000.0,,,,,,98422000.0,132784000.0,34362000.0,132784000.0,46100000.0,46364890.0,46477680.0
Life Storage Inc,LSI,W9EE01AFDDF9DQCQZC68,944314,2017.0,Q2YTD,2017-01-01,2017-06-30,,0.86,0.86,1.95,75747000.0,0.86,,,39957000.0,39957000.0,,39784000.0,173000.0,,59656000.0,,,-29416000.0,,239240000.0,56328000.0,21864000.0,,,,,,191731000.0,261104000.0,69373000.0,261104000.0,46100000.0,46364890.0,46477680.0
Life Storage Inc,LSI,W9EE01AFDDF9DQCQZC68,944314,2017.0,Q2TTM,2016-07-01,2017-06-30,,1.05,1.05,0.15,174577000.0,1.06,,,26290000.0,41560000.0,,26325000.0,-35000.0,,118813000.0,15270000.0,-15270000.0,-57437000.0,,477025000.0,115625000.0,40558000.0,-623000.0,,25464000.0,,,433856000.0,532853000.0,98997000.0,532853000.0,46100000.0,46364890.0,46477680.0
Life Storage Inc,LSI,W9EE01AFDDF9DQCQZC68,944314,2017.0,Q1,2017-01-01,2017-03-31,2018-05-03 16:16:32+00:00,0.44,0.44,0.95,37642000.0,0.44,,,20525000.0,20525000.0,,20429000.0,96000.0,,29796000.0,,,-14486000.0,,118594000.0,25871000.0,9726000.0,,,,,,93309000.0,128320000.0,35011000.0,128320000.0,46400000.0,46304568.0,46418891.0
Life Storage Inc,LSI,W9EE01AFDDF9DQCQZC68,944314,2017.0,Q1TTM,2016-04-01,2017-03-31,,1.67,1.67,0.1,154723000.0,1.67,,,50362000.0,50362000.0,,50426000.0,-64000.0,,112106000.0,15270000.0,,-57045000.0,,455174000.0,106303000.0,36630000.0,-623000.0,,27158000.0,,,399667000.0,507074000.0,107407000.0,507074000.0,46400000.0,46304568.0,46418891.0
Life Storage Inc,LSI,W9EE01AFDDF9DQCQZC68,944314,2018.0,FY,2018-01-01,2018-12-31,2020-02-25 17:31:00+00:00,4.44,4.44,,102530000.0,4.43,,,207558000.0,207558000.0,,206590000.0,968000.0,-70672000.0,121098000.0,,,61251000.0,70672000.0,550850000.0,110243000.0,,,,,70672000.0,,333871000.0,550850000.0,146307000.0,480178000.0,46500000.0,46500000.0,46600000.0
Life Storage Inc,LSI,W9EE01AFDDF9DQCQZC68,944314,2018.0,Q4,2018-10-01,2018-12-31,,1.99,1.99,-3.0,25691000.0,1.98,,,92741000.0,92741000.0,,92307000.0,434000.0,-18027000.0,30123000.0,-23586000.0,,56534000.0,18027000.0,161851000.0,28217000.0,,,,,18027000.0,,84031000.0,138265000.0,36207000.0,120238000.0,46500000.0,46500000.0,46600000.0
Life Storage Inc,LSI,W9EE01AFDDF9DQCQZC68,944314,2018.0,Q3,2018-07-01,2018-09-30,2019-10-31 16:17:16+00:00,0.88,0.88,1.0,27291000.0,0.88,,,41311000.0,41311000.0,,41120000.0,191000.0,-17923000.0,30457000.0,,,2691000.0,17923000.0,141483000.0,27192000.0,,,,,17923000.0,,84940000.0,141483000.0,38620000.0,123560000.0,46700000.0,46526362.0,46627968.0
Life Storage Inc,LSI,W9EE01AFDDF9DQCQZC68,944314,2018.0,Q3YTD,2018-01-01,2018-09-30,,2.45,2.45,3.0,76839000.0,2.45,,,114817000.0,114817000.0,,114283000.0,534000.0,-52645000.0,90975000.0,23586000.0,,4717000.0,52645000.0,388999000.0,82026000.0,,,,,52645000.0,,249840000.0,412585000.0,110100000.0,359940000.0,46700000.0,46526362.0,46627968.0
Life Storage Inc,LSI,W9EE01AFDDF9DQCQZC68,944314,2018.0,Q3TTM,2017-10-01,2018-09-30,,2.91,2.91,0.05,102428000.0,2.9,,,136002000.0,136002000.0,,135368000.0,634000.0,-127007000.0,121310000.0,23586000.0,,49488000.0,127007000.0,555465000.0,108404000.0,-33388000.0,,,,127007000.0,,332142000.0,545663000.0,86514000.0,418656000.0,46700000.0,46526362.0,46627968.0
Life Storage Inc,LSI,W9EE01AFDDF9DQCQZC68,944314,2018.0,Q2,2018-04-01,2018-06-30,2019-08-01 16:45:30+00:00,0.84,0.84,1.0,24784000.0,0.84,,,39457000.0,39457000.0,,39274000.0,183000.0,-17518000.0,29928000.0,12116000.0,,1050000.0,17518000.0,125892000.0,27371000.0,,,,,17518000.0,,82083000.0,138008000.0,38407000.0,120490000.0,46800000.0,46481000.0,46576000.0
Life Storage Inc,LSI,W9EE01AFDDF9DQCQZC68,944314,2018.0,Q2YTD,2018-01-01,2018-06-30,,1.57,1.57,2.0,49548000.0,1.57,,,73506000.0,73506000.0,,73163000.0,343000.0,-34722000.0,60518000.0,23586000.0,,2026000.0,34722000.0,247516000.0,54834000.0,,,,,34722000.0,,164900000.0,271102000.0,71480000.0,236380000.0,46800000.0,46481000.0,46576000.0
Life Storage Inc,LSI,W9EE01AFDDF9DQCQZC68,944314,2018.0,Q2TTM,2017-07-01,2018-06-30,,2.79,2.79,0.05,101286000.0,2.78,,,130358000.0,130358000.0,,129744000.0,614000.0,-109084000.0,123656000.0,23586000.0,,31260000.0,109084000.0,538026000.0,106624000.0,-21864000.0,,,,109084000.0,,331566000.0,539748000.0,99098000.0,430664000.0,46800000.0,46481000.0,46576000.0
Life Storage Inc,LSI,W9EE01AFDDF9DQCQZC68,944314,2018.0,Q1,2018-01-01,2018-03-31,2019-05-02 16:17:06+00:00,0.73,0.73,1.0,24764000.0,0.73,,,34049000.0,34049000.0,,33889000.0,160000.0,-17204000.0,30590000.0,11470000.0,,976000.0,17204000.0,121624000.0,27463000.0,,,,,17204000.0,,82817000.0,133094000.0,33073000.0,115890000.0,46400000.0,46452000.0,46537000.0
Life Storage Inc,LSI,W9EE01AFDDF9DQCQZC68,944314,2018.0,Q1TTM,2017-04-01,2018-03-31,,2.37,2.37,0.05,114607000.0,2.36,,,110333000.0,110333000.0,,109825000.0,508000.0,-91566000.0,123588000.0,11470000.0,,15280000.0,91566000.0,532780000.0,109710000.0,-9726000.0,,,,91566000.0,,347905000.0,534524000.0,95053000.0,442958000.0,46400000.0,46452000.0,46537000.0
Life Storage Inc,LSI,W9EE01AFDDF9DQCQZC68,944314,2019.0,FY,2019-01-01,2019-12-31,2020-02-25 17:31:00+00:00,5.55,5.55,,107130000.0,5.55,,,260077000.0,260077000.0,,258699000.0,1378000.0,-76430000.0,130103000.0,,,111042000.0,76430000.0,574739000.0,112041000.0,,,,,76430000.0,,349274000.0,574739000.0,149035000.0,498309000.0,46600000.0,46600000.0,46600000.0
Life Storage Inc,LSI,W9EE01AFDDF9DQCQZC68,944314,2019.0,Q4,2019-10-01,2019-12-31,,0.94,0.94,-3.0,27891000.0,0.95,,,43730000.0,43730000.0,,43501000.0,229000.0,-20092000.0,32937000.0,-16115000.0,,6308000.0,20092000.0,163670000.0,29213000.0,,,,,20092000.0,,90041000.0,147555000.0,37422000.0,127463000.0,46600000.0,46600000.0,46600000.0
Life Storage Inc,LSI,W9EE01AFDDF9DQCQZC68,944314,2019.0,Q3,2019-07-01,2019-09-30,2019-10-31 16:17:16+00:00,3.0,3.0,1.0,26854000.0,2.99,,,140746000.0,140746000.0,,140002000.0,744000.0,-19760000.0,32290000.0,,,101686000.0,19760000.0,145634000.0,27670000.0,,,,,19760000.0,,86814000.0,145634000.0,39060000.0,125874000.0,46700000.0,46586030.0,46657105.0
Life Storage Inc,LSI,W9EE01AFDDF9DQCQZC68,944314,2019.0,Q3YTD,2019-01-01,2019-09-30,,4.61,4.61,3.0,79239000.0,4.6,,,216347000.0,216347000.0,,215198000.0,1149000.0,-56338000.0,97166000.0,16115000.0,,104734000.0,56338000.0,411069000.0,82828000.0,,,,,56338000.0,,259233000.0,427184000.0,111613000.0,370846000.0,46700000.0,46586030.0,46657105.0
Life Storage Inc,LSI,W9EE01AFDDF9DQCQZC68,944314,2019.0,Q3TTM,2018-10-01,2019-09-30,,6.6,6.6,,104930000.0,6.58,,,309088000.0,309088000.0,,307505000.0,1583000.0,-74365000.0,127289000.0,-7471000.0,,161268000.0,74365000.0,572920000.0,111045000.0,,,,,74365000.0,,343264000.0,565449000.0,147820000.0,491084000.0,46700000.0,46586030.0,46657105.0
Life Storage Inc,LSI,W9EE01AFDDF9DQCQZC68,944314,2019.0,Q2YTD,2019-01-01,2019-06-30,,1.61,1.61,2.0,52385000.0,1.61,,,75601000.0,75601000.0,,75196000.0,405000.0,-36578000.0,64876000.0,16115000.0,,3048000.0,36578000.0,265435000.0,55158000.0,,,,,36578000.0,,172419000.0,281550000.0,72553000.0,244972000.0,46800000.0,46582000.0,46631000.0
Life Storage Inc,LSI,W9EE01AFDDF9DQCQZC68,944314,2019.0,Q2TTM,2018-07-01,2019-06-30,,4.48,4.48,,105367000.0,4.47,,,209653000.0,209653000.0,,208623000.0,1030000.0,-72528000.0,125456000.0,-7471000.0,,62273000.0,72528000.0,568769000.0,110567000.0,,,,,72528000.0,,341390000.0,561298000.0,147380000.0,488770000.0,46800000.0,46582000.0,46631000.0
Life Storage Inc,LSI,W9EE01AFDDF9DQCQZC68,944314,2019.0,Q2,2019-04-01,2019-06-30,2019-08-01 16:45:30+00:00,0.87,0.87,1.0,26158000.0,0.87,,,40964000.0,40964000.0,,40742000.0,222000.0,-18759000.0,33574000.0,16115000.0,,1156000.0,18759000.0,128913000.0,26729000.0,,,,,18759000.0,,86461000.0,145028000.0,39808000.0,126269000.0,46800000.0,46582000.0,46631000.0
Life Storage Inc,LSI,W9EE01AFDDF9DQCQZC68,944314,2019.0,Q1,2019-01-01,2019-03-31,2020-05-08 16:17:14+00:00,0.74,0.74,1.0,26227000.0,0.74,,,34637000.0,34637000.0,,34454000.0,183000.0,-17819000.0,31302000.0,,,1892000.0,17819000.0,136522000.0,28429000.0,,,,,17819000.0,,85958000.0,136522000.0,32745000.0,118703000.0,46600000.0,46564846.0,46636700.0
Life Storage Inc,LSI,W9EE01AFDDF9DQCQZC68,944314,2019.0,Q1TTM,2018-04-01,2019-03-31,,4.45,4.45,,103993000.0,4.44,,,208146000.0,208146000.0,,207155000.0,991000.0,-71287000.0,121810000.0,-11470000.0,,62167000.0,71287000.0,565748000.0,111209000.0,,,,,71287000.0,,337012000.0,554278000.0,145979000.0,482991000.0,46600000.0,46564846.0,46636700.0
Life Storage Inc,LSI,W9EE01AFDDF9DQCQZC68,944314,2020.0,Q1TTM,2019-04-01,2020-03-31,,5.59,5.59,0.07,109233000.0,5.59,,,262065000.0,262065000.0,,260678000.0,1387000.0,-78857000.0,131651000.0,,,110572000.0,78857000.0,585160000.0,113926000.0,,,,,78857000.0,,354810000.0,585160000.0,151493000.0,506303000.0,46700000.0,46677237.0,46750896.0
Life Storage Inc,LSI,W9EE01AFDDF9DQCQZC68,944314,2020.0,Q1,2020-01-01,2020-03-31,2020-05-08 16:17:14+00:00,0.78,0.78,1.07,28330000.0,0.78,,,36625000.0,36625000.0,,36433000.0,192000.0,-20246000.0,32850000.0,,,1422000.0,20246000.0,146943000.0,30314000.0,,,,,20246000.0,,91494000.0,146943000.0,35203000.0,126697000.0,46700000.0,46677237.0,46750896.0
