company_name,company_ticker,company_lei,company_cik,year,quarter,start_date,end_date,filing_date,basicdilutedeps,basiceps,cashdividendspershare,dilutedeps,incometaxexpense,longtermdebtinterestexpense,netincome,netincomecontinuing,netincometocommon,netincometononcontrollinginterest,netinterestincome,netrealizedcapitalgains,othernoninterestincome,otheroperatingexpenses,otherservicechargeincome,premiumsearned,propertyliabilityinsuranceclaims,totalinterestexpense,totalnoninterestexpense,totalnoninterestincome,totalpretaxincome,totalrevenue,weightedavebasicdilutedsharesos,weightedavebasicsharesos,weightedavedilutedsharesos
W. R. Berkley Corp,WRB,SQOAGCLKBDWNVYV1OV80,11544,2008.0,FY,2008-01-01,2008-12-31,2011-02-28 15:37:05+00:00,1.68,1.68,,1.62,44919000.0,84623000.0,281403000.0,281403000.0,281141000.0,262000.0,-84623000.0,176549000.0,137280000.0,1609202000.0,105399000.0,4289580000.0,2688661000.0,84623000.0,4297863000.0,4708808000.0,326322000.0,4624185000.0,167300000.0,167300000.0,173500000.0
W. R. Berkley Corp,WRB,SQOAGCLKBDWNVYV1OV80,11544,2009.0,FY,2009-01-01,2009-12-31,2012-02-28 14:57:21+00:00,1.93,1.93,,1.86,73150000.0,87989000.0,309080000.0,309080000.0,309057000.0,23000.0,-87989000.0,340600000.0,189347000.0,1624252000.0,95382000.0,3805849000.0,2336707000.0,87989000.0,3960959000.0,4431178000.0,382230000.0,4343189000.0,160357000.0,160357000.0,160357000.0
W. R. Berkley Corp,WRB,SQOAGCLKBDWNVYV1OV80,11544,2009.0,Q3,2009-07-01,2009-09-30,2010-11-08 09:56:47+00:00,0.61,0.61,,0.59,27987000.0,21599000.0,97788000.0,97788000.0,97722000.0,66000.0,-21599000.0,119455000.0,51201000.0,402971000.0,22513000.0,943140000.0,585964000.0,21599000.0,988935000.0,1136309000.0,125775000.0,1114710000.0,160200000.0,160200000.0,165600000.0
W. R. Berkley Corp,WRB,SQOAGCLKBDWNVYV1OV80,11544,2009.0,Q2,2009-04-01,2009-06-30,2010-08-06 11:50:02+00:00,0.61,0.61,,0.59,27881000.0,20213000.0,97432000.0,97432000.0,97387000.0,45000.0,-20213000.0,128210000.0,49942000.0,412305000.0,25774000.0,951172000.0,597267000.0,20213000.0,1009572000.0,1155098000.0,125313000.0,1134885000.0,159700000.0,159700000.0,165100000.0
W. R. Berkley Corp,WRB,SQOAGCLKBDWNVYV1OV80,11544,2010.0,Q4,2010-10-01,2010-12-31,,0.86,0.86,,0.83,47186000.0,54203000.0,124010000.0,124010000.0,123969000.0,41000.0,-54203000.0,172021000.0,47966000.0,414431000.0,21759000.0,989596000.0,591512000.0,54203000.0,1005943000.0,1231342000.0,171196000.0,1177139000.0,148752000.0,148752000.0,148752000.0
W. R. Berkley Corp,WRB,SQOAGCLKBDWNVYV1OV80,11544,2010.0,FY,2010-01-01,2010-12-31,2013-02-28 14:27:25+00:00,3.0,3.0,,2.88,152226000.0,106969000.0,446684000.0,446684000.0,446405000.0,279000.0,-106969000.0,587106000.0,214454000.0,1708323000.0,86927000.0,3835582000.0,2309867000.0,106969000.0,4018190000.0,4724069000.0,598910000.0,4617100000.0,148752000.0,148752000.0,148752000.0
W. R. Berkley Corp,WRB,SQOAGCLKBDWNVYV1OV80,11544,2010.0,Q3YTD,2010-01-01,2010-09-30,,2.14,2.14,,2.05,105040000.0,52766000.0,322674000.0,322674000.0,322436000.0,238000.0,-52766000.0,415085000.0,166488000.0,1293892000.0,65168000.0,2845986000.0,1718355000.0,52766000.0,3012247000.0,3492727000.0,427714000.0,3439961000.0,147079000.0,147079000.0,147079000.0
W. R. Berkley Corp,WRB,SQOAGCLKBDWNVYV1OV80,11544,2010.0,Q3,2010-07-01,2010-09-30,2011-11-07 10:55:13+00:00,0.64,0.64,,0.61,27631000.0,26725000.0,93669000.0,93669000.0,93619000.0,50000.0,-26725000.0,124347000.0,61983000.0,430180000.0,22485000.0,967297000.0,597907000.0,26725000.0,1028087000.0,1176112000.0,121300000.0,1149387000.0,147079000.0,147079000.0,147079000.0
W. R. Berkley Corp,WRB,SQOAGCLKBDWNVYV1OV80,11544,2010.0,Q2,2010-04-01,2010-06-30,2011-08-05 10:53:52+00:00,0.73,0.73,,0.7,35598000.0,,110224000.0,110224000.0,110207000.0,17000.0,,141265000.0,52929000.0,446771000.0,20746000.0,948128000.0,570475000.0,,1017246000.0,1163068000.0,145822000.0,1163068000.0,151215000.0,151215000.0,151215000.0
W. R. Berkley Corp,WRB,SQOAGCLKBDWNVYV1OV80,11544,2010.0,Q2YTD,2010-01-01,2010-06-30,,1.5,1.5,,1.44,77409000.0,26041000.0,229005000.0,229005000.0,228817000.0,188000.0,-26041000.0,290738000.0,104505000.0,863712000.0,42683000.0,1878689000.0,1120448000.0,26041000.0,1984160000.0,2316615000.0,306414000.0,2290574000.0,151215000.0,151215000.0,151215000.0
W. R. Berkley Corp,WRB,SQOAGCLKBDWNVYV1OV80,11544,2010.0,Q1,2010-01-01,2010-03-31,2011-05-06 11:14:00+00:00,0.77,0.77,,0.74,41811000.0,26041000.0,118781000.0,118781000.0,118610000.0,171000.0,-26041000.0,149473000.0,51576000.0,416941000.0,21937000.0,930561000.0,549973000.0,26041000.0,966914000.0,1153547000.0,160592000.0,1127506000.0,154000000.0,154000000.0,160300000.0
W. R. Berkley Corp,WRB,SQOAGCLKBDWNVYV1OV80,11544,2011.0,Q4,2011-10-01,2011-12-31,,0.27,0.27,,0.26,4755000.0,63000.0,34935000.0,34935000.0,34843000.0,92000.0,-63000.0,-2803000.0,16601000.0,41513000.0,-1853000.0,88059000.0,18738000.0,63000.0,60251000.0,100004000.0,39690000.0,99941000.0,139687546.0,139687546.0,139687546.0
W. R. Berkley Corp,WRB,SQOAGCLKBDWNVYV1OV80,11544,2011.0,FY,2011-01-01,2011-12-31,2014-02-28 16:51:18+00:00,2.8,2.8,,2.69,121945000.0,112512000.0,391141000.0,391141000.0,391211000.0,-70000.0,-112512000.0,651832000.0,248678000.0,1872021000.0,94607000.0,4160867000.0,2658365000.0,112512000.0,4530386000.0,5155984000.0,513086000.0,5043472000.0,139687546.0,139687546.0,139687546.0
W. R. Berkley Corp,WRB,SQOAGCLKBDWNVYV1OV80,11544,2011.0,Q3YTD,2011-01-01,2011-09-30,,2.53,2.53,,2.43,117190000.0,112449000.0,356206000.0,356206000.0,356368000.0,-162000.0,-112449000.0,654635000.0,232077000.0,1830508000.0,96460000.0,4072808000.0,2639627000.0,112449000.0,4470135000.0,5055980000.0,473396000.0,4943531000.0,138816000.0,138816000.0,138816000.0
W. R. Berkley Corp,WRB,SQOAGCLKBDWNVYV1OV80,11544,2011.0,Q3TTM,2010-10-01,2011-09-30,,3.39,3.39,,3.26,164376000.0,166652000.0,480216000.0,480216000.0,480337000.0,-121000.0,-166652000.0,826656000.0,280043000.0,2244939000.0,118219000.0,5062404000.0,3231139000.0,166652000.0,5476078000.0,6287322000.0,644592000.0,6120670000.0,138816000.0,138816000.0,138816000.0
W. R. Berkley Corp,WRB,SQOAGCLKBDWNVYV1OV80,11544,2011.0,Q3,2011-07-01,2011-09-30,2012-11-08 16:24:22+00:00,0.55,0.55,,0.53,19775000.0,28068000.0,76371000.0,76371000.0,76410000.0,-39000.0,-28068000.0,135301000.0,65922000.0,471537000.0,22685000.0,1055823000.0,683980000.0,28068000.0,1155517000.0,1279731000.0,96146000.0,1251663000.0,138816000.0,138816000.0,138816000.0
W. R. Berkley Corp,WRB,SQOAGCLKBDWNVYV1OV80,11544,2011.0,Q2YTD,2011-01-01,2011-06-30,,1.98,1.98,,1.9,97415000.0,84381000.0,279835000.0,279835000.0,279958000.0,-123000.0,-84381000.0,519334000.0,166155000.0,1358971000.0,73775000.0,3016985000.0,1955647000.0,84381000.0,3314618000.0,3776249000.0,377250000.0,3691868000.0,141637000.0,141637000.0,141637000.0
W. R. Berkley Corp,WRB,SQOAGCLKBDWNVYV1OV80,11544,2011.0,Q2TTM,2010-07-01,2011-06-30,,3.48,3.48,,3.34,172232000.0,165309000.0,497514000.0,497514000.0,497546000.0,-32000.0,-165309000.0,815702000.0,276104000.0,2203582000.0,118019000.0,4973878000.0,3145066000.0,165309000.0,5348648000.0,6183703000.0,669746000.0,6018394000.0,141637000.0,141637000.0,141637000.0
W. R. Berkley Corp,WRB,SQOAGCLKBDWNVYV1OV80,11544,2011.0,Q2,2011-04-01,2011-06-30,2012-08-08 17:07:50+00:00,0.58,0.58,,0.56,26908000.0,28132000.0,82120000.0,82120000.0,82184000.0,-64000.0,-28132000.0,171962000.0,56134000.0,459513000.0,25609000.0,1017244000.0,674276000.0,28132000.0,1133789000.0,1270949000.0,109028000.0,1242817000.0,141637000.0,141637000.0,141637000.0
W. R. Berkley Corp,WRB,SQOAGCLKBDWNVYV1OV80,11544,2011.0,Q1TTM,2010-04-01,2011-03-31,,3.63,3.63,,3.48,180922000.0,137177000.0,525618000.0,525618000.0,525569000.0,49000.0,-137177000.0,785005000.0,272899000.0,2190840000.0,113156000.0,4904762000.0,3041265000.0,137177000.0,5232105000.0,6075822000.0,706540000.0,5938645000.0,141408000.0,141408000.0,141408000.0
W. R. Berkley Corp,WRB,SQOAGCLKBDWNVYV1OV80,11544,2011.0,Q1,2011-01-01,2011-03-31,2012-08-08 17:07:50+00:00,1.4,1.4,,1.34,70507000.0,56249000.0,197715000.0,197715000.0,197774000.0,-59000.0,-56249000.0,347372000.0,110021000.0,899458000.0,48166000.0,1999741000.0,1281371000.0,56249000.0,2180829000.0,2505300000.0,268222000.0,2449051000.0,141408000.0,141408000.0,141408000.0
W. R. Berkley Corp,WRB,SQOAGCLKBDWNVYV1OV80,11544,2012.0,Q4,2012-10-01,2012-12-31,,1.44,1.26,,1.2,73844000.0,32457000.0,173395000.0,173395000.0,173380000.0,15000.0,-32457000.0,320628000.0,56264000.0,528408000.0,26156000.0,1200799000.0,795743000.0,32457000.0,1324151000.0,1603847000.0,247239000.0,1571390000.0,137097162.0,137097162.0,137097162.0
W. R. Berkley Corp,WRB,SQOAGCLKBDWNVYV1OV80,11544,2012.0,FY,2012-01-01,2012-12-31,2015-02-27 16:09:48+00:00,3.72,3.72,,3.56,191285000.0,126302000.0,510643000.0,510643000.0,510592000.0,51000.0,-126302000.0,797228000.0,247113000.0,2046845000.0,105697000.0,4673516000.0,2948479000.0,126302000.0,4995324000.0,5823554000.0,701928000.0,5697252000.0,137097162.0,137097162.0,137097162.0
W. R. Berkley Corp,WRB,SQOAGCLKBDWNVYV1OV80,11544,2012.0,Q3YTD,2012-01-01,2012-09-30,,2.28,2.46,,2.36,117441000.0,93845000.0,337248000.0,337248000.0,337212000.0,36000.0,-93845000.0,476600000.0,190849000.0,1518437000.0,79541000.0,3472717000.0,2152736000.0,93845000.0,3671173000.0,4219707000.0,454689000.0,4125862000.0,180300000.0,136553000.0,136553000.0
W. R. Berkley Corp,WRB,SQOAGCLKBDWNVYV1OV80,11544,2012.0,Q3TTM,2011-10-01,2012-09-30,,2.55,2.73,,2.62,122196000.0,93908000.0,372183000.0,372183000.0,372055000.0,128000.0,-93908000.0,473797000.0,207450000.0,1559950000.0,77688000.0,3560776000.0,2171474000.0,93908000.0,3731424000.0,4319711000.0,494379000.0,4225803000.0,180300000.0,136553000.0,136553000.0
W. R. Berkley Corp,WRB,SQOAGCLKBDWNVYV1OV80,11544,2012.0,Q3,2012-07-01,2012-09-30,2012-11-08 16:24:22+00:00,0.56,0.74,,0.71,32685000.0,32512000.0,101008000.0,101008000.0,100947000.0,61000.0,-32512000.0,138245000.0,68087000.0,517664000.0,27636000.0,1186533000.0,736632000.0,32512000.0,1254296000.0,1420501000.0,133693000.0,1387989000.0,180300000.0,136553000.0,136553000.0
W. R. Berkley Corp,WRB,SQOAGCLKBDWNVYV1OV80,11544,2012.0,Q2YTD,2012-01-01,2012-06-30,,1.72,1.72,,1.65,84756000.0,61333000.0,236240000.0,236240000.0,236265000.0,-25000.0,-61333000.0,338355000.0,122762000.0,1000773000.0,51905000.0,2286184000.0,1416104000.0,61333000.0,2416877000.0,2799206000.0,320996000.0,2737873000.0,136553000.0,136553000.0,136553000.0
W. R. Berkley Corp,WRB,SQOAGCLKBDWNVYV1OV80,11544,2012.0,Q2TTM,2011-07-01,2012-06-30,,2.54,2.54,,2.44,109286000.0,89464000.0,347546000.0,347546000.0,347518000.0,28000.0,-89464000.0,470853000.0,205285000.0,1513823000.0,72737000.0,3430066000.0,2118822000.0,89464000.0,3632645000.0,4178941000.0,456832000.0,4089477000.0,136553000.0,136553000.0,136553000.0
W. R. Berkley Corp,WRB,SQOAGCLKBDWNVYV1OV80,11544,2012.0,Q2,2012-04-01,2012-06-30,2013-11-08 17:06:32+00:00,0.74,0.74,,0.71,32685000.0,32512000.0,101008000.0,101008000.0,100947000.0,61000.0,-32512000.0,133245000.0,73087000.0,517664000.0,27636000.0,1186533000.0,736632000.0,32512000.0,1254296000.0,1420501000.0,133693000.0,1387989000.0,136553000.0,136553000.0,136553000.0
W. R. Berkley Corp,WRB,SQOAGCLKBDWNVYV1OV80,11544,2012.0,Q1TTM,2011-04-01,2012-03-31,,2.38,2.38,,2.29,103509000.0,85084000.0,328658000.0,328658000.0,328755000.0,-97000.0,-85084000.0,509570000.0,188332000.0,1455672000.0,70710000.0,3260777000.0,2056466000.0,85084000.0,3512138000.0,4029389000.0,432167000.0,3944305000.0,137814000.0,137814000.0,137814000.0
W. R. Berkley Corp,WRB,SQOAGCLKBDWNVYV1OV80,11544,2012.0,Q1,2012-01-01,2012-03-31,2013-05-06 14:31:35+00:00,0.98,0.98,,0.94,52071000.0,28821000.0,135232000.0,135232000.0,135318000.0,-86000.0,-28821000.0,205110000.0,49675000.0,483109000.0,24269000.0,1099651000.0,679472000.0,28821000.0,1162581000.0,1378705000.0,187303000.0,1349884000.0,137814000.0,137814000.0,137814000.0
W. R. Berkley Corp,WRB,SQOAGCLKBDWNVYV1OV80,11544,2013.0,FY,2013-01-01,2013-12-31,2016-02-22 17:25:35+00:00,3.69,3.69,,3.55,193587000.0,,505301000.0,505301000.0,499925000.0,5376000.0,,665835000.0,407623000.0,2512622000.0,108539000.0,5226537000.0,3197024000.0,,5709646000.0,6408534000.0,698888000.0,6408534000.0,135304752.0,135304752.0,135304752.0
W. R. Berkley Corp,WRB,SQOAGCLKBDWNVYV1OV80,11544,2013.0,Q4,2013-10-01,2013-12-31,,0.97,0.97,,0.93,46338000.0,-92667000.0,135388000.0,135388000.0,130379000.0,5009000.0,92667000.0,163639000.0,122723000.0,759021000.0,27276000.0,1383041000.0,848599000.0,-92667000.0,1607620000.0,1696679000.0,181726000.0,1789346000.0,135304752.0,135304752.0,135304752.0
W. R. Berkley Corp,WRB,SQOAGCLKBDWNVYV1OV80,11544,2013.0,Q3YTD,2013-01-01,2013-09-30,,2.72,2.72,,2.62,147249000.0,92667000.0,369913000.0,369913000.0,369546000.0,367000.0,-92667000.0,502196000.0,284900000.0,1753601000.0,81263000.0,3843496000.0,2348425000.0,92667000.0,4102026000.0,4711855000.0,517162000.0,4619188000.0,135268000.0,135268000.0,135268000.0
W. R. Berkley Corp,WRB,SQOAGCLKBDWNVYV1OV80,11544,2013.0,Q3TTM,2012-10-01,2013-09-30,,4.16,3.98,,3.82,221093000.0,125124000.0,543308000.0,543308000.0,542926000.0,382000.0,-125124000.0,822824000.0,341164000.0,2282009000.0,107419000.0,5044295000.0,3144168000.0,125124000.0,5426177000.0,6315702000.0,764401000.0,6190578000.0,135268000.0,135268000.0,135268000.0
W. R. Berkley Corp,WRB,SQOAGCLKBDWNVYV1OV80,11544,2013.0,Q3,2013-07-01,2013-09-30,2014-11-07 09:30:02+00:00,1.01,1.01,,0.97,60045000.0,30349000.0,138188000.0,138188000.0,136974000.0,1214000.0,-30349000.0,169503000.0,109390000.0,607266000.0,26369000.0,1328862000.0,798276000.0,30349000.0,1405542000.0,1634124000.0,198233000.0,1603775000.0,135268000.0,135268000.0,135268000.0
W. R. Berkley Corp,WRB,SQOAGCLKBDWNVYV1OV80,11544,2013.0,Q2YTD,2013-01-01,2013-06-30,,1.71,1.71,,1.65,87204000.0,62318000.0,231725000.0,231725000.0,232572000.0,-847000.0,-62318000.0,332693000.0,175510000.0,1146335000.0,54894000.0,2514634000.0,1550149000.0,62318000.0,2696484000.0,3077731000.0,318929000.0,3015413000.0,135894000.0,135894000.0,135894000.0
W. R. Berkley Corp,WRB,SQOAGCLKBDWNVYV1OV80,11544,2013.0,Q2TTM,2012-07-01,2013-06-30,,3.71,3.71,,3.56,193733000.0,127287000.0,506128000.0,506128000.0,506899000.0,-771000.0,-127287000.0,791566000.0,299861000.0,2192407000.0,108686000.0,4901966000.0,3082524000.0,127287000.0,5274931000.0,6102079000.0,699861000.0,5974792000.0,135894000.0,135894000.0,135894000.0
W. R. Berkley Corp,WRB,SQOAGCLKBDWNVYV1OV80,11544,2013.0,Q2,2013-04-01,2013-06-30,2014-08-07 11:41:36+00:00,0.85,0.85,,0.82,43579000.0,31207000.0,115127000.0,115127000.0,115957000.0,-830000.0,-31207000.0,176795000.0,83775000.0,575579000.0,27877000.0,1282515000.0,805470000.0,31207000.0,1381049000.0,1570962000.0,158706000.0,1539755000.0,135894000.0,135894000.0,135894000.0
W. R. Berkley Corp,WRB,SQOAGCLKBDWNVYV1OV80,11544,2013.0,Q1TTM,2012-04-01,2013-03-31,,3.6,3.6,,3.45,182839000.0,128592000.0,492009000.0,492009000.0,491889000.0,120000.0,-128592000.0,748016000.0,289173000.0,2134492000.0,108445000.0,4805984000.0,3013686000.0,128592000.0,5148178000.0,5951618000.0,674848000.0,5823026000.0,136025000.0,136025000.0,136025000.0
W. R. Berkley Corp,WRB,SQOAGCLKBDWNVYV1OV80,11544,2013.0,Q1,2013-01-01,2013-03-31,2014-05-12 12:37:25+00:00,0.86,0.86,,0.83,43625000.0,31111000.0,116598000.0,116598000.0,116615000.0,-17000.0,-31111000.0,155898000.0,91735000.0,570756000.0,27017000.0,1232119000.0,744679000.0,31111000.0,1315435000.0,1506769000.0,160223000.0,1475658000.0,136025000.0,136025000.0,136025000.0
W. R. Berkley Corp,WRB,SQOAGCLKBDWNVYV1OV80,11544,2014.0,FY,2014-01-01,2014-12-31,2017-02-27 17:34:39+00:00,5.07,5.07,,4.86,302593000.0,,649603000.0,649603000.0,648884000.0,719000.0,,855737000.0,410022000.0,2686165000.0,118751000.0,5744418000.0,3490567000.0,,6176732000.0,7128928000.0,952196000.0,7128928000.0,127873708.0,127873708.0,127873708.0
W. R. Berkley Corp,WRB,SQOAGCLKBDWNVYV1OV80,11544,2014.0,Q4,2014-10-01,2014-12-31,,0.87,0.87,,0.84,51753000.0,-93570000.0,110951000.0,110951000.0,110711000.0,240000.0,93570000.0,134892000.0,111329000.0,801723000.0,35850000.0,1502357000.0,913571000.0,-93570000.0,1715294000.0,1784428000.0,162704000.0,1877998000.0,127873708.0,127873708.0,127873708.0
W. R. Berkley Corp,WRB,SQOAGCLKBDWNVYV1OV80,11544,2014.0,Q3YTD,2014-01-01,2014-09-30,,4.2,4.2,,4.02,250840000.0,93570000.0,538652000.0,538652000.0,538173000.0,479000.0,-93570000.0,720845000.0,298693000.0,1884442000.0,82901000.0,4242061000.0,2576996000.0,93570000.0,4461438000.0,5344500000.0,789492000.0,5250930000.0,127165000.0,127165000.0,127165000.0
W. R. Berkley Corp,WRB,SQOAGCLKBDWNVYV1OV80,11544,2014.0,Q3TTM,2013-10-01,2014-09-30,,5.17,5.17,,4.95,297178000.0,903000.0,674040000.0,674040000.0,668552000.0,5488000.0,-903000.0,884484000.0,421416000.0,2643463000.0,110177000.0,5625102000.0,3425595000.0,903000.0,6069058000.0,7041179000.0,971218000.0,7040276000.0,127165000.0,127165000.0,127165000.0
W. R. Berkley Corp,WRB,SQOAGCLKBDWNVYV1OV80,11544,2014.0,Q3,2014-07-01,2014-09-30,2015-11-09 16:20:42+00:00,1.48,1.48,,1.42,89662000.0,32929000.0,188791000.0,188791000.0,188539000.0,252000.0,-32929000.0,251483000.0,101568000.0,642100000.0,26750000.0,1460804000.0,887123000.0,32929000.0,1529223000.0,1840605000.0,278453000.0,1807676000.0,127165000.0,127165000.0,127165000.0
W. R. Berkley Corp,WRB,SQOAGCLKBDWNVYV1OV80,11544,2014.0,Q2YTD,2014-01-01,2014-06-30,,2.72,2.72,,2.6,161178000.0,60641000.0,349861000.0,349861000.0,349634000.0,227000.0,-60641000.0,469362000.0,197125000.0,1242342000.0,56151000.0,2781257000.0,1689873000.0,60641000.0,2932215000.0,3503895000.0,511039000.0,3443254000.0,127668000.0,127668000.0,127668000.0
W. R. Berkley Corp,WRB,SQOAGCLKBDWNVYV1OV80,11544,2014.0,Q2TTM,2013-07-01,2014-06-30,,4.7,4.7,,4.5,267561000.0,-1677000.0,623437000.0,623437000.0,616987000.0,6450000.0,1677000.0,802504000.0,429238000.0,2608629000.0,109796000.0,5493160000.0,3336748000.0,-1677000.0,5945377000.0,6834698000.0,890998000.0,6836375000.0,127668000.0,127668000.0,127668000.0
W. R. Berkley Corp,WRB,SQOAGCLKBDWNVYV1OV80,11544,2014.0,Q2,2014-04-01,2014-06-30,2015-08-06 17:52:41+00:00,1.41,1.41,,1.35,83277000.0,30311000.0,180177000.0,180177000.0,179961000.0,216000.0,-30311000.0,247897000.0,104285000.0,635446000.0,27162000.0,1417645000.0,867778000.0,30311000.0,1503224000.0,1796989000.0,263454000.0,1766678000.0,127668000.0,127668000.0,127668000.0
W. R. Berkley Corp,WRB,SQOAGCLKBDWNVYV1OV80,11544,2014.0,Q1TTM,2013-04-01,2014-03-31,,4.14,4.14,,3.97,227863000.0,-781000.0,558387000.0,558387000.0,552983000.0,5404000.0,781000.0,731402000.0,408728000.0,2548762000.0,110511000.0,5358030000.0,3274440000.0,-781000.0,5823202000.0,6608671000.0,786250000.0,6609452000.0,129873000.0,129873000.0,129873000.0
W. R. Berkley Corp,WRB,SQOAGCLKBDWNVYV1OV80,11544,2014.0,Q1,2014-01-01,2014-03-31,2015-05-04 11:29:46+00:00,1.31,1.31,,1.25,77901000.0,30330000.0,169684000.0,169684000.0,169673000.0,11000.0,-30330000.0,221465000.0,92840000.0,606896000.0,28989000.0,1363612000.0,822095000.0,30330000.0,1428991000.0,1706906000.0,247585000.0,1676576000.0,129873000.0,129873000.0,129873000.0
W. R. Berkley Corp,WRB,SQOAGCLKBDWNVYV1OV80,11544,2015.0,FY,2015-01-01,2015-12-31,2018-02-23 16:41:12+00:00,4.06,4.06,,3.87,227923000.0,,504107000.0,504107000.0,503694000.0,413000.0,,604969000.0,421102000.0,2818157000.0,139777000.0,6040609000.0,3656270000.0,,6474427000.0,7206457000.0,732030000.0,7206457000.0,124040313.0,124040313.0,124040313.0
W. R. Berkley Corp,WRB,SQOAGCLKBDWNVYV1OV80,11544,2015.0,Q2,2015-04-01,2015-06-30,2016-08-05 17:27:27+00:00,0.99,0.99,,0.95,55138000.0,,123049000.0,123049000.0,123035000.0,14000.0,,155140000.0,105596000.0,705343000.0,35988000.0,1493041000.0,906235000.0,,1611578000.0,1789765000.0,178187000.0,1789765000.0,123781000.0,123781000.0,123781000.0
W. R. Berkley Corp,WRB,SQOAGCLKBDWNVYV1OV80,11544,2015.0,Q2YTD,2015-01-01,2015-06-30,,1.93,1.93,,1.84,105411000.0,,241493000.0,241493000.0,241342000.0,151000.0,,298423000.0,198202000.0,1380597000.0,72765000.0,2965054000.0,1806943000.0,,3187540000.0,3534444000.0,346904000.0,3534444000.0,123781000.0,123781000.0,123781000.0
W. R. Berkley Corp,WRB,SQOAGCLKBDWNVYV1OV80,11544,2015.0,Q2TTM,2014-07-01,2015-06-30,,4.28,4.28,,4.1,246826000.0,-60641000.0,541235000.0,541235000.0,540592000.0,643000.0,60641000.0,684798000.0,411099000.0,2824420000.0,135365000.0,5928215000.0,3607637000.0,-60641000.0,6432057000.0,7159477000.0,788061000.0,7220118000.0,123781000.0,123781000.0,123781000.0
W. R. Berkley Corp,WRB,SQOAGCLKBDWNVYV1OV80,11544,2015.0,Q1,2015-01-01,2015-03-31,2016-05-10 14:58:33+00:00,0.94,0.94,,0.89,50273000.0,,118444000.0,118444000.0,118307000.0,137000.0,,143283000.0,92606000.0,675254000.0,36777000.0,1472013000.0,900708000.0,,1575962000.0,1744679000.0,168717000.0,1744679000.0,125969000.0,125969000.0,132900000.0
W. R. Berkley Corp,WRB,SQOAGCLKBDWNVYV1OV80,11544,2015.0,Q1TTM,2014-04-01,2015-03-31,,4.7,4.7,,4.5,274965000.0,-30330000.0,598363000.0,598363000.0,597518000.0,845000.0,30330000.0,777555000.0,409788000.0,2754523000.0,126539000.0,5852819000.0,3569180000.0,-30330000.0,6323703000.0,7166701000.0,873328000.0,7197031000.0,125969000.0,125969000.0,132900000.0
W. R. Berkley Corp,WRB,SQOAGCLKBDWNVYV1OV80,11544,2016.0,FY,2016-01-01,2016-12-31,2019-02-22 16:13:46+00:00,4.91,4.91,,4.68,292953000.0,,603485000.0,603485000.0,601916000.0,1569000.0,,831168000.0,390348000.0,2911946000.0,139320000.0,6293348000.0,3845800000.0,,6757746000.0,7654184000.0,896438000.0,7654184000.0,122650997.0,122650997.0,122650997.0
W. R. Berkley Corp,WRB,SQOAGCLKBDWNVYV1OV80,11544,2016.0,Q3,2016-07-01,2016-09-30,2017-11-08 16:09:56+00:00,1.8,1.8,,1.72,110952000.0,,220663000.0,220663000.0,220650000.0,13000.0,,321406000.0,80242000.0,722256000.0,32135000.0,1585944000.0,965856000.0,,1688112000.0,2019727000.0,331615000.0,2019727000.0,122562000.0,122562000.0,122562000.0
W. R. Berkley Corp,WRB,SQOAGCLKBDWNVYV1OV80,11544,2016.0,Q2,2016-04-01,2016-06-30,2017-08-07 16:33:11+00:00,0.89,0.89,,0.85,49408000.0,,108906000.0,108906000.0,108967000.0,-61000.0,,135364000.0,123764000.0,733438000.0,36993000.0,1559793000.0,964162000.0,,1697600000.0,1855914000.0,158314000.0,1855914000.0,122616000.0,122616000.0,122616000.0
W. R. Berkley Corp,WRB,SQOAGCLKBDWNVYV1OV80,11544,2017.0,FY,2017-01-01,2017-12-31,2020-02-20 16:20:08+00:00,2.93,2.93,1.03,2.84,219433000.0,,553337000.0,553337000.0,549094000.0,4243000.0,,911646000.0,326165000.0,2909646000.0,135534000.0,6311419000.0,4002348000.0,,6911994000.0,7684764000.0,772770000.0,7684764000.0,187400000.0,187400000.0,193300000.0
W. R. Berkley Corp,WRB,SQOAGCLKBDWNVYV1OV80,11544,2017.0,Q4,2017-10-01,2017-12-31,,0.82,0.82,0.51,0.82,45127000.0,,156272000.0,156272000.0,154589000.0,1683000.0,,208285000.0,101132000.0,756683000.0,34364000.0,1591174000.0,976873000.0,,1733556000.0,1934955000.0,201399000.0,1934955000.0,187400000.0,187400000.0,193300000.0
W. R. Berkley Corp,WRB,SQOAGCLKBDWNVYV1OV80,11544,2017.0,Q3,2017-07-01,2017-09-30,2018-11-08 16:10:09+00:00,1.29,1.29,,1.26,63295000.0,,162818000.0,162818000.0,162054000.0,764000.0,,326438000.0,89786000.0,724055000.0,33618000.0,1581500000.0,1081174000.0,,1805229000.0,2031342000.0,226113000.0,2031342000.0,125818000.0,125818000.0,125818000.0
W. R. Berkley Corp,WRB,SQOAGCLKBDWNVYV1OV80,11544,2017.0,Q3YTD,2017-01-01,2017-09-30,,3.14,3.14,0.74,3.14,174306000.0,,397065000.0,397065000.0,394505000.0,2560000.0,,703361000.0,225033000.0,2152963000.0,101170000.0,4720245000.0,3025475000.0,,5178438000.0,5749809000.0,571371000.0,5749809000.0,125818000.0,125818000.0,125818000.0
W. R. Berkley Corp,WRB,SQOAGCLKBDWNVYV1OV80,11544,2017.0,Q2,2017-04-01,2017-06-30,2018-08-06 16:17:54+00:00,0.87,0.87,,0.85,51388000.0,,109573000.0,109573000.0,109004000.0,569000.0,,175717000.0,69857000.0,722390000.0,33772000.0,1568703000.0,964698000.0,,1687088000.0,1848049000.0,160961000.0,1848049000.0,125334000.0,125334000.0,125334000.0
W. R. Berkley Corp,WRB,SQOAGCLKBDWNVYV1OV80,11544,2017.0,Q2YTD,2017-01-01,2017-06-30,,1.85,1.85,0.13,1.85,111011000.0,,234247000.0,234247000.0,232451000.0,1796000.0,,376923000.0,135247000.0,1428908000.0,67552000.0,3138745000.0,1944301000.0,,3373209000.0,3718467000.0,345258000.0,3718467000.0,125334000.0,125334000.0,125334000.0
W. R. Berkley Corp,WRB,SQOAGCLKBDWNVYV1OV80,11544,2017.0,Q1,2017-01-01,2017-03-31,2018-05-07 16:11:00+00:00,1.01,1.01,,0.96,59623000.0,,124674000.0,124674000.0,123447000.0,1227000.0,,201206000.0,65390000.0,706518000.0,33780000.0,1570042000.0,979603000.0,,1686121000.0,1870418000.0,184297000.0,1870418000.0,121893000.0,121893000.0,128600000.0
W. R. Berkley Corp,WRB,SQOAGCLKBDWNVYV1OV80,11544,2018.0,FY,2018-01-01,2018-12-31,2020-02-20 16:20:08+00:00,3.37,3.37,1.39,3.33,163028000.0,157185000.0,649066000.0,649066000.0,640749000.0,8317000.0,-157185000.0,828723000.0,372985000.0,2747670000.0,118438000.0,6371505000.0,3974702000.0,157185000.0,6722372000.0,7691651000.0,812094000.0,7534466000.0,190100000.0,190100000.0,192400000.0
W. R. Berkley Corp,WRB,SQOAGCLKBDWNVYV1OV80,11544,2018.0,Q4,2018-10-01,2018-12-31,,0.7,0.7,0.84,0.7,26367000.0,157185000.0,136272000.0,136272000.0,132358000.0,3914000.0,-157185000.0,173875000.0,130948000.0,611635000.0,27204000.0,1619559000.0,1020127000.0,157185000.0,1631762000.0,1951586000.0,162639000.0,1794401000.0,190100000.0,190100000.0,192400000.0
W. R. Berkley Corp,WRB,SQOAGCLKBDWNVYV1OV80,11544,2018.0,Q3,2018-07-01,2018-09-30,2019-11-07 16:32:56+00:00,0.85,0.85,0.43,0.84,44780000.0,,164443000.0,164443000.0,161920000.0,2523000.0,,208458000.0,95168000.0,710959000.0,30791000.0,1603485000.0,1017720000.0,,1728679000.0,1937902000.0,209223000.0,1937902000.0,190241000.0,190241000.0,190241000.0
W. R. Berkley Corp,WRB,SQOAGCLKBDWNVYV1OV80,11544,2018.0,Q3YTD,2018-01-01,2018-09-30,,2.67,2.67,0.51,2.67,136661000.0,,512794000.0,512794000.0,508391000.0,4403000.0,,654848000.0,242037000.0,2136035000.0,91234000.0,4751946000.0,2954575000.0,,5090610000.0,5740065000.0,649455000.0,5740065000.0,190241000.0,190241000.0,190241000.0
W. R. Berkley Corp,WRB,SQOAGCLKBDWNVYV1OV80,11544,2018.0,Q3TTM,2017-10-01,2018-09-30,,3.48,3.48,1.0,3.48,181788000.0,,669066000.0,669066000.0,662980000.0,6086000.0,,863133000.0,343169000.0,2892718000.0,125598000.0,6343120000.0,3931448000.0,,6824166000.0,7675020000.0,850854000.0,7675020000.0,190241000.0,190241000.0,190241000.0
W. R. Berkley Corp,WRB,SQOAGCLKBDWNVYV1OV80,11544,2018.0,Q2,2018-04-01,2018-06-30,2019-08-05 16:11:10+00:00,0.95,0.95,0.43,0.93,48464000.0,,180778000.0,180778000.0,180075000.0,703000.0,,223408000.0,76698000.0,708038000.0,29757000.0,1581053000.0,973636000.0,,1681674000.0,1910916000.0,229242000.0,1910916000.0,189776000.0,189776000.0,189776000.0
W. R. Berkley Corp,WRB,SQOAGCLKBDWNVYV1OV80,11544,2018.0,Q2YTD,2018-01-01,2018-06-30,,1.83,1.83,0.41,1.83,91881000.0,,348351000.0,348351000.0,346471000.0,1880000.0,,446390000.0,146869000.0,1425076000.0,60443000.0,3148461000.0,1936855000.0,,3361931000.0,3802163000.0,440232000.0,3802163000.0,189776000.0,189776000.0,189776000.0
W. R. Berkley Corp,WRB,SQOAGCLKBDWNVYV1OV80,11544,2018.0,Q2TTM,2017-07-01,2018-06-30,,3.49,3.49,1.32,3.49,200303000.0,,667441000.0,667441000.0,663114000.0,4327000.0,,981113000.0,337787000.0,2905814000.0,128425000.0,6321135000.0,3994902000.0,,6900716000.0,7768460000.0,867744000.0,7768460000.0,189776000.0,189776000.0,189776000.0
W. R. Berkley Corp,WRB,SQOAGCLKBDWNVYV1OV80,11544,2018.0,Q1,2018-01-01,2018-03-31,2019-05-08 16:14:38+00:00,0.88,0.88,0.09,0.87,43417000.0,,167573000.0,167573000.0,166396000.0,1177000.0,,222982000.0,70171000.0,717038000.0,30686000.0,1567408000.0,963219000.0,,1680257000.0,1891247000.0,210990000.0,1891247000.0,189563000.0,189563000.0,189563000.0
W. R. Berkley Corp,WRB,SQOAGCLKBDWNVYV1OV80,11544,2018.0,Q1TTM,2017-04-01,2018-03-31,,3.12,3.12,1.08,3.12,203227000.0,,596236000.0,596236000.0,592043000.0,4193000.0,,933422000.0,330946000.0,2920166000.0,132440000.0,6308785000.0,3985964000.0,,6906130000.0,7705593000.0,799463000.0,7705593000.0,189563000.0,189563000.0,189563000.0
W. R. Berkley Corp,WRB,SQOAGCLKBDWNVYV1OV80,11544,2019.0,Q4,2019-10-01,2019-12-31,,0.63,0.63,0.94,0.63,26970000.0,-40721000.0,119793000.0,119793000.0,119305000.0,488000.0,40721000.0,114346000.0,123537000.0,797867000.0,21410000.0,1716781000.0,1072165000.0,-40721000.0,1870032000.0,1976074000.0,146763000.0,2016795000.0,190500000.0,190500000.0,193700000.0
W. R. Berkley Corp,WRB,SQOAGCLKBDWNVYV1OV80,11544,2019.0,FY,2019-01-01,2019-12-31,2020-02-20 16:20:08+00:00,3.58,3.58,1.68,3.52,168935000.0,,683985000.0,683985000.0,681944000.0,2041000.0,,766317000.0,406541000.0,2918160000.0,96050000.0,6633288000.0,4131116000.0,,7049276000.0,7902196000.0,852920000.0,7902196000.0,190500000.0,190500000.0,193700000.0
W. R. Berkley Corp,WRB,SQOAGCLKBDWNVYV1OV80,11544,2019.0,Q3YTD,2019-01-01,2019-09-30,,2.95,2.95,0.68,2.95,141965000.0,40721000.0,564192000.0,564192000.0,562639000.0,1553000.0,-40721000.0,651971000.0,283004000.0,2120293000.0,74640000.0,4916507000.0,3058951000.0,40721000.0,5179244000.0,5926122000.0,706157000.0,5885401000.0,190862000.0,190862000.0,190862000.0
W. R. Berkley Corp,WRB,SQOAGCLKBDWNVYV1OV80,11544,2019.0,Q3TTM,2018-10-01,2019-09-30,,3.64,3.64,1.51,3.64,168332000.0,197906000.0,700464000.0,700464000.0,694997000.0,5467000.0,-197906000.0,825846000.0,413952000.0,2731928000.0,101844000.0,6536066000.0,4079078000.0,197906000.0,6811006000.0,7877708000.0,868796000.0,7679802000.0,190862000.0,190862000.0,190862000.0
W. R. Berkley Corp,WRB,SQOAGCLKBDWNVYV1OV80,11544,2019.0,Q3,2019-07-01,2019-09-30,2019-11-07 16:32:56+00:00,0.87,0.87,0.11,0.85,37831000.0,,165151000.0,165151000.0,165208000.0,-57000.0,,163157000.0,101880000.0,721263000.0,23869000.0,1676810000.0,1041471000.0,,1762734000.0,1965716000.0,202982000.0,1965716000.0,190862000.0,190862000.0,190862000.0
W. R. Berkley Corp,WRB,SQOAGCLKBDWNVYV1OV80,11544,2019.0,Q2YTD,2019-01-01,2019-06-30,,2.09,2.09,0.1,2.09,104134000.0,40721000.0,399041000.0,399041000.0,397431000.0,1610000.0,-40721000.0,488814000.0,181124000.0,1399030000.0,50771000.0,3239697000.0,2017480000.0,40721000.0,3416510000.0,3960406000.0,503175000.0,3919685000.0,190512000.0,190512000.0,190512000.0
W. R. Berkley Corp,WRB,SQOAGCLKBDWNVYV1OV80,11544,2019.0,Q2TTM,2018-07-01,2019-06-30,,3.63,3.63,1.03,3.63,175281000.0,197906000.0,699756000.0,699756000.0,691709000.0,8047000.0,-197906000.0,871147000.0,407240000.0,2721624000.0,108766000.0,6462741000.0,4055327000.0,197906000.0,6776951000.0,7849894000.0,875037000.0,7651988000.0,190512000.0,190512000.0,190512000.0
W. R. Berkley Corp,WRB,SQOAGCLKBDWNVYV1OV80,11544,2019.0,Q2,2019-04-01,2019-06-30,2019-08-05 16:11:10+00:00,1.14,1.14,0.61,1.12,56309000.0,,217427000.0,217427000.0,216709000.0,718000.0,,261907000.0,89297000.0,720818000.0,25339000.0,1646841000.0,1028830000.0,,1749648000.0,2023384000.0,273736000.0,2023384000.0,190512000.0,190512000.0,190512000.0
W. R. Berkley Corp,WRB,SQOAGCLKBDWNVYV1OV80,11544,2019.0,Q1,2019-01-01,2019-03-31,2020-05-04 16:13:30+00:00,0.95,0.95,0.1,0.94,47825000.0,40721000.0,181614000.0,181614000.0,180722000.0,892000.0,-40721000.0,226907000.0,91827000.0,678212000.0,25432000.0,1592856000.0,988650000.0,40721000.0,1666862000.0,1937022000.0,229439000.0,1896301000.0,190400000.0,190400000.0,190400000.0
W. R. Berkley Corp,WRB,SQOAGCLKBDWNVYV1OV80,11544,2019.0,Q1TTM,2018-04-01,2019-03-31,,3.44,3.44,1.25,3.44,167436000.0,197906000.0,663107000.0,663107000.0,655075000.0,8032000.0,-197906000.0,832648000.0,394641000.0,2708844000.0,113184000.0,6396953000.0,4000133000.0,197906000.0,6708977000.0,7737426000.0,830543000.0,7539520000.0,190400000.0,190400000.0,190400000.0
W. R. Berkley Corp,WRB,SQOAGCLKBDWNVYV1OV80,11544,2020.0,Q1TTM,2019-04-01,2020-03-31,,2.25,2.25,1.49,2.25,118168000.0,-3987000.0,498845000.0,498845000.0,496804000.0,2041000.0,3987000.0,536999000.0,408443000.0,2913039000.0,98492000.0,6731850000.0,4249719000.0,-3987000.0,7162758000.0,7775784000.0,617013000.0,7779771000.0,220900000.0,220900000.0,220900000.0
W. R. Berkley Corp,WRB,SQOAGCLKBDWNVYV1OV80,11544,2020.0,Q1,2020-01-01,2020-03-31,2020-05-04 16:13:30+00:00,-0.02,-0.02,0.11,-0.02,-2942000.0,36734000.0,-3526000.0,-3526000.0,-4418000.0,892000.0,-36734000.0,-2411000.0,93729000.0,673091000.0,27874000.0,1691418000.0,1107253000.0,36734000.0,1780344000.0,1810610000.0,-6468000.0,1773876000.0,220900000.0,220900000.0,220900000.0
