company_name,company_ticker,company_lei,company_cik,year,quarter,start_date,end_date,filing_date,amortizationofdeferredpolicyacquisitioncosts,basicdilutedeps,basiceps,cashdividendspershare,currentandfuturebenefits,dilutedeps,incometaxexpense,longtermdebtinterestexpense,netincome,netincomecontinuing,netincomediscontinued,netincometocommon,netinterestincome,netrealizedcapitalgains,othernoninterestincome,otheroperatingexpenses,otherservicechargeincome,policyacquisitioncosts,premiumsearned,salariesandemployeebenefitsexpense,totalinterestexpense,totalnoninterestexpense,totalnoninterestincome,totalpretaxincome,totalrevenue,weightedavebasicdilutedsharesos,weightedavebasicsharesos,weightedavedilutedsharesos
Globe Life Inc,GL,,320335,2007.0,FY,2007-01-01,2007-12-31,2010-02-26 15:47:11+00:00,391011000.0,5.59,5.59,0.52,1902428000.0,5.5,269270000.0,67564000.0,527535000.0,527535000.0,,527535000.0,-67564000.0,662787000.0,-11227000.0,173406000.0,7906000.0,,2827231000.0,155483000.0,67564000.0,2622328000.0,3486697000.0,796805000.0,3419133000.0,94400000.0,94400000.0,95900000.0
Globe Life Inc,GL,,320335,2008.0,FY,2008-01-01,2008-12-31,2011-02-28 15:32:30+00:00,378388000.0,5.14,5.14,0.56,1802540000.0,5.11,198700000.0,63229000.0,452259000.0,429700000.0,22559000.0,452259000.0,-63229000.0,626780000.0,-107115000.0,182093000.0,4671000.0,,2671900000.0,141586000.0,63229000.0,2504607000.0,3196236000.0,628400000.0,3133007000.0,88000000.0,88000000.0,88500000.0
Globe Life Inc,GL,,320335,2008.0,Q3,2008-07-01,2008-09-30,2009-11-06 13:03:13+00:00,101429000.0,0.73,0.73,0.14,451236000.0,0.72,42480000.0,15507000.0,63151000.0,63151000.0,,63151000.0,-15507000.0,166988000.0,-93175000.0,45035000.0,942000.0,,678597000.0,34514000.0,15507000.0,632214000.0,753352000.0,105631000.0,737845000.0,86500000.0,86500000.0,87700000.0
Globe Life Inc,GL,,320335,2008.0,Q2,2008-04-01,2008-06-30,2009-08-07 10:34:36+00:00,97634000.0,1.49,1.49,0.14,481398000.0,1.47,50880000.0,14818000.0,133726000.0,133726000.0,,133726000.0,-14818000.0,168633000.0,-8505000.0,43967000.0,960000.0,,699404000.0,38069000.0,14818000.0,661068000.0,860492000.0,184606000.0,845674000.0,89700000.0,89700000.0,91000000.0
Globe Life Inc,GL,,320335,2009.0,FY,2009-01-01,2009-12-31,2012-02-28 15:43:56+00:00,415986000.0,3.25,3.25,0.38,1753329000.0,3.25,191024000.0,69932000.0,404953000.0,386052000.0,18901000.0,404953000.0,-69932000.0,667185000.0,-164137000.0,170130000.0,1920000.0,,2610105000.0,128620000.0,69932000.0,2468065000.0,3115073000.0,577076000.0,3045141000.0,124550384.0,124550384.0,124550384.0
Globe Life Inc,GL,,320335,2009.0,Q3,2009-07-01,2009-09-30,2010-11-08 14:44:17+00:00,101986000.0,,1.22,0.14,420786000.0,1.22,45202000.0,20343000.0,100800000.0,98558000.0,2242000.0,100800000.0,-20343000.0,187076000.0,-63745000.0,41665000.0,451000.0,,638539000.0,33781000.0,20343000.0,598218000.0,762321000.0,143760000.0,741978000.0,,82600000.0,82600000.0
Globe Life Inc,GL,,320335,2009.0,Q2,2009-04-01,2009-06-30,2010-08-06 15:18:47+00:00,104205000.0,1.38,1.38,0.14,464335000.0,1.38,46289000.0,14916000.0,114118000.0,114118000.0,,114118000.0,-14916000.0,172390000.0,-34665000.0,45236000.0,468000.0,,681541000.0,30635000.0,14916000.0,644411000.0,819734000.0,160407000.0,804818000.0,82700000.0,82700000.0,82700000.0
Globe Life Inc,GL,,320335,2010.0,Q4,2010-10-01,2010-12-31,,43892000.0,1.12,1.12,0.11,436419000.0,1.12,56726000.0,18990000.0,136610000.0,130757000.0,5853000.0,136610000.0,-18990000.0,196478000.0,-3138000.0,45152000.0,413000.0,209827000.0,653418000.0,-94592000.0,18990000.0,640698000.0,847171000.0,187483000.0,828181000.0,122009228.0,122009228.0,122009228.0
Globe Life Inc,GL,,320335,2010.0,FY,2010-01-01,2010-12-31,2013-02-28 16:22:20+00:00,362390000.0,4.09,4.09,0.41,1793044000.0,4.05,246475000.0,75529000.0,498866000.0,504095000.0,-5229000.0,498866000.0,-75529000.0,718554000.0,-4850000.0,176272000.0,2170000.0,209827000.0,2651758000.0,,75529000.0,2541533000.0,3367632000.0,750570000.0,3292103000.0,122009228.0,122009228.0,122009228.0
Globe Life Inc,GL,,320335,2010.0,Q3YTD,2010-01-01,2010-09-30,,318498000.0,2.99,2.99,0.31,1356625000.0,2.99,189749000.0,56539000.0,362256000.0,373338000.0,-11082000.0,362256000.0,-56539000.0,522076000.0,-1712000.0,131120000.0,1757000.0,,1998340000.0,94592000.0,56539000.0,1900835000.0,2520461000.0,563087000.0,2463922000.0,121163567.0,121163567.0,121163567.0
Globe Life Inc,GL,,320335,2010.0,Q3,2010-07-01,2010-09-30,2011-11-08 11:40:31+00:00,104045000.0,0.95,0.95,0.11,433514000.0,0.94,70216000.0,18790000.0,114531000.0,138097000.0,-23566000.0,114531000.0,-18790000.0,180382000.0,0.0,43154000.0,679000.0,,657827000.0,31072000.0,18790000.0,611785000.0,838888000.0,208313000.0,820098000.0,121163567.0,121163567.0,121163567.0
Globe Life Inc,GL,,320335,2010.0,Q2YTD,2010-01-01,2010-06-30,,214453000.0,2.01,2.01,0.2,923111000.0,2.01,119533000.0,37749000.0,247725000.0,235241000.0,12484000.0,247725000.0,-37749000.0,341694000.0,-1712000.0,87966000.0,1078000.0,,1340513000.0,63520000.0,37749000.0,1289050000.0,1681573000.0,354774000.0,1643824000.0,123025733.0,123025733.0,123025733.0
Globe Life Inc,GL,,320335,2010.0,Q2,2010-04-01,2010-06-30,2011-08-08 10:52:11+00:00,104851000.0,1.02,1.02,0.1,454177000.0,1.02,60872000.0,18812000.0,126049000.0,119848000.0,6201000.0,126049000.0,-18812000.0,165610000.0,0.0,45294000.0,716000.0,,669569000.0,32041000.0,18812000.0,636363000.0,835895000.0,180720000.0,817083000.0,123025733.0,123025733.0,123025733.0
Globe Life Inc,GL,,320335,2010.0,Q1,2010-01-01,2010-03-31,2011-05-09 11:17:53+00:00,109602000.0,1.47,1.47,0.15,468934000.0,1.46,58661000.0,18937000.0,121676000.0,115393000.0,6283000.0,121676000.0,-18937000.0,176084000.0,-1712000.0,42672000.0,362000.0,,670944000.0,31479000.0,18937000.0,652687000.0,845678000.0,174054000.0,826741000.0,82800000.0,82800000.0,83300000.0
Globe Life Inc,GL,,320335,2011.0,Q4,2011-10-01,2011-12-31,,90557000.0,1.13,1.13,0.11,435681000.0,1.13,54251000.0,19527000.0,122839000.0,122839000.0,,122839000.0,-19527000.0,179561000.0,-20000.0,59667000.0,471000.0,51032000.0,653542000.0,,19527000.0,636937000.0,833554000.0,177090000.0,814027000.0,108278113.0,108278113.0,108278113.0
Globe Life Inc,GL,,320335,2011.0,FY,2011-01-01,2011-12-31,2014-02-28 15:01:35+00:00,364583000.0,4.59,4.59,0.46,1793276000.0,4.53,226166000.0,77908000.0,497161000.0,497616000.0,-455000.0,497161000.0,-77908000.0,718952000.0,-20000.0,201636000.0,2151000.0,216216000.0,2656318000.0,,77908000.0,2575711000.0,3377401000.0,723782000.0,3299493000.0,108278113.0,108278113.0,108278113.0
Globe Life Inc,GL,,320335,2011.0,Q3YTD,2011-01-01,2011-09-30,,274026000.0,3.57,3.57,0.35,1357595000.0,3.57,171915000.0,58381000.0,374322000.0,374777000.0,-455000.0,374322000.0,-58381000.0,539391000.0,,141969000.0,1680000.0,165184000.0,2002776000.0,,58381000.0,1938774000.0,2543847000.0,546692000.0,2485466000.0,104779422.0,104779422.0,104779422.0
Globe Life Inc,GL,,320335,2011.0,Q3TTM,2010-10-01,2011-09-30,,317918000.0,4.88,4.88,0.48,1794014000.0,4.88,228641000.0,77371000.0,510932000.0,505534000.0,5398000.0,510932000.0,-77371000.0,735869000.0,-3138000.0,187121000.0,2093000.0,375011000.0,2656194000.0,-94592000.0,77371000.0,2579472000.0,3391018000.0,734175000.0,3313647000.0,104779422.0,104779422.0,104779422.0
Globe Life Inc,GL,,320335,2011.0,Q3,2011-07-01,2011-09-30,2012-11-08 14:36:50+00:00,89899000.0,1.25,1.25,0.12,438774000.0,1.25,58867000.0,19510000.0,131400000.0,131256000.0,144000.0,131400000.0,-19510000.0,186091000.0,,45268000.0,625000.0,53667000.0,650525000.0,,19510000.0,627608000.0,837241000.0,190123000.0,817731000.0,104779422.0,104779422.0,104779422.0
Globe Life Inc,GL,,320335,2011.0,Q2YTD,2011-01-01,2011-06-30,,184127000.0,2.19,2.19,0.22,918821000.0,2.19,113048000.0,38871000.0,242922000.0,243521000.0,-599000.0,242922000.0,-38871000.0,353300000.0,,96701000.0,1055000.0,111517000.0,1352251000.0,,38871000.0,1311166000.0,1706606000.0,356569000.0,1667735000.0,111010134.0,111010134.0,111010134.0
Globe Life Inc,GL,,320335,2011.0,Q2TTM,2010-07-01,2011-06-30,,332064000.0,4.45,4.45,0.45,1788754000.0,4.45,239990000.0,76651000.0,494063000.0,512375000.0,-18312000.0,494063000.0,-76651000.0,730160000.0,-3138000.0,185007000.0,2147000.0,321344000.0,2663496000.0,-63520000.0,76651000.0,2563649000.0,3392665000.0,752365000.0,3316014000.0,111010134.0,111010134.0,111010134.0
Globe Life Inc,GL,,320335,2011.0,Q2,2011-04-01,2011-06-30,2012-08-08 10:22:43+00:00,91664000.0,1.29,1.29,0.11,454694000.0,1.27,66271000.0,19411000.0,142781000.0,142781000.0,0.0,142781000.0,-19411000.0,204376000.0,,46514000.0,608000.0,55999000.0,672350000.0,,19411000.0,648871000.0,877334000.0,209052000.0,857923000.0,111010134.0,111010134.0,111010134.0
Globe Life Inc,GL,,320335,2011.0,Q1TTM,2010-04-01,2011-03-31,,345251000.0,4.09,4.09,0.43,1788237000.0,4.09,234591000.0,76052000.0,477331000.0,489442000.0,-12111000.0,477331000.0,-76052000.0,691394000.0,-3138000.0,183787000.0,2255000.0,265345000.0,2660715000.0,-31479000.0,76052000.0,2551141000.0,3351226000.0,724033000.0,3275174000.0,116817327.0,116817327.0,116817327.0
Globe Life Inc,GL,,320335,2011.0,Q1,2011-01-01,2011-03-31,2012-05-09 15:53:16+00:00,92463000.0,0.86,0.86,0.11,464127000.0,0.84,46777000.0,19460000.0,100141000.0,100740000.0,-599000.0,100141000.0,-19460000.0,148924000.0,,50187000.0,447000.0,55518000.0,679901000.0,,19460000.0,662295000.0,829272000.0,147517000.0,809812000.0,116817327.0,116817327.0,116817327.0
Globe Life Inc,GL,,320335,2012.0,FY,2012-01-01,2012-12-31,2015-02-27 15:32:32+00:00,385167000.0,3.65,3.65,0.4,1955682000.0,3.6,236669000.0,80512000.0,529324000.0,529324000.0,,529324000.0,-80512000.0,737077000.0,-5600000.0,198176000.0,1577000.0,203986000.0,2856462000.0,,80512000.0,2743011000.0,3589516000.0,765993000.0,3509004000.0,144921299.0,144921299.0,144921299.0
Globe Life Inc,GL,,320335,2012.0,Q4,2012-10-01,2012-12-31,,98052000.0,1.04,1.04,0.1,479109000.0,1.04,69600000.0,21349000.0,150987000.0,150987000.0,,150987000.0,-21349000.0,201430000.0,-5600000.0,53869000.0,323000.0,55732000.0,732545000.0,,21349000.0,686762000.0,928698000.0,220587000.0,907349000.0,144921299.0,144921299.0,144921299.0
Globe Life Inc,GL,,320335,2012.0,Q3,2012-07-01,2012-09-30,2013-11-08 08:45:28+00:00,94016000.0,1.37,1.37,0.15,479119000.0,1.36,58119000.0,19843000.0,130672000.0,130672000.0,,130672000.0,-19843000.0,176683000.0,0.0,48433000.0,557000.0,46898000.0,699860000.0,,19843000.0,668466000.0,877100000.0,188791000.0,857257000.0,95125843.0,95125843.0,95125843.0
Globe Life Inc,GL,,320335,2012.0,Q3YTD,2012-01-01,2012-09-30,,287115000.0,3.98,3.98,0.43,1476573000.0,3.98,167069000.0,59163000.0,378337000.0,378337000.0,,378337000.0,-59163000.0,535647000.0,,144307000.0,1254000.0,148254000.0,2123917000.0,,59163000.0,2056249000.0,2660818000.0,545406000.0,2601655000.0,95125843.0,95125843.0,95125843.0
Globe Life Inc,GL,,320335,2012.0,Q3TTM,2011-10-01,2012-09-30,,377672000.0,5.27,5.27,0.56,1912254000.0,5.27,221320000.0,78690000.0,501176000.0,501176000.0,,501176000.0,-78690000.0,715208000.0,-20000.0,203974000.0,1725000.0,199286000.0,2777459000.0,,78690000.0,2693186000.0,3494372000.0,722496000.0,3415682000.0,95125843.0,95125843.0,95125843.0
Globe Life Inc,GL,,320335,2012.0,Q2,2012-04-01,2012-06-30,2013-08-08 11:39:59+00:00,96601000.0,1.33,1.33,0.15,484807000.0,1.32,57392000.0,19649000.0,128988000.0,128988000.0,,128988000.0,-19649000.0,179837000.0,0.0,47758000.0,376000.0,50600000.0,705582000.0,,19649000.0,679766000.0,885795000.0,186380000.0,866146000.0,96896301.0,96896301.0,96896301.0
Globe Life Inc,GL,,320335,2012.0,Q2YTD,2012-01-01,2012-06-30,,193099000.0,2.56,2.56,0.28,997454000.0,2.56,108950000.0,39320000.0,247665000.0,247665000.0,,247665000.0,-39320000.0,358964000.0,,95874000.0,697000.0,101356000.0,1424057000.0,,39320000.0,1387783000.0,1783718000.0,356615000.0,1744398000.0,96896301.0,96896301.0,96896301.0
Globe Life Inc,GL,,320335,2012.0,Q2TTM,2011-07-01,2012-06-30,,373555000.0,5.18,5.18,0.53,1871909000.0,5.18,222068000.0,78357000.0,501904000.0,501760000.0,144000.0,501904000.0,-78357000.0,724616000.0,-20000.0,200809000.0,1793000.0,206055000.0,2728124000.0,,78357000.0,2652328000.0,3454513000.0,723828000.0,3376156000.0,96896301.0,96896301.0,96896301.0
Globe Life Inc,GL,,320335,2012.0,Q1,2012-01-01,2012-03-31,2013-05-09 14:21:09+00:00,96498000.0,1.19,1.19,0.15,512647000.0,1.17,51558000.0,19671000.0,118677000.0,118677000.0,,118677000.0,-19671000.0,179127000.0,0.0,48116000.0,321000.0,50756000.0,718475000.0,,19671000.0,708017000.0,897923000.0,170235000.0,878252000.0,100068360.0,100068360.0,100068360.0
Globe Life Inc,GL,,320335,2012.0,Q1TTM,2011-04-01,2012-03-31,,368618000.0,5.15,5.15,0.49,1841796000.0,5.15,230947000.0,78119000.0,515697000.0,515553000.0,144000.0,515697000.0,-78119000.0,749155000.0,-20000.0,199565000.0,2025000.0,211454000.0,2694892000.0,,78119000.0,2621433000.0,3446052000.0,746500000.0,3367933000.0,100068360.0,100068360.0,100068360.0
Globe Life Inc,GL,,320335,2013.0,FY,2013-01-01,2013-12-31,2016-02-26 16:43:01+00:00,400869000.0,3.84,3.84,0.45,1838766000.0,3.79,248110000.0,80461000.0,528472000.0,507205000.0,21267000.0,528472000.0,-80461000.0,745318000.0,-2678000.0,211443000.0,1931000.0,207399000.0,2749682000.0,,80461000.0,2658477000.0,3494253000.0,755315000.0,3413792000.0,137646885.0,137646885.0,137646885.0
Globe Life Inc,GL,,320335,2013.0,Q4,2013-10-01,2013-12-31,,98223000.0,1.04,1.04,0.11,245481000.0,1.04,77068000.0,19080000.0,142817000.0,121550000.0,21267000.0,142817000.0,-19080000.0,204716000.0,,50598000.0,174000.0,40909000.0,448019000.0,,19080000.0,435211000.0,652909000.0,198618000.0,633829000.0,137646885.0,137646885.0,137646885.0
Globe Life Inc,GL,,320335,2013.0,Q3YTD,2013-01-01,2013-09-30,,302646000.0,2.82,2.82,0.33,1593285000.0,2.82,171042000.0,61381000.0,385655000.0,385655000.0,,385655000.0,-61381000.0,540602000.0,-2678000.0,160845000.0,1757000.0,166490000.0,2301663000.0,,61381000.0,2223266000.0,2841344000.0,556697000.0,2779963000.0,136903754.0,136903754.0,136903754.0
Globe Life Inc,GL,,320335,2013.0,Q3TTM,2012-10-01,2013-09-30,,400698000.0,3.92,3.92,0.44,2072394000.0,3.92,240642000.0,82730000.0,536642000.0,536642000.0,,536642000.0,-82730000.0,742032000.0,-8278000.0,214714000.0,2080000.0,222222000.0,3034208000.0,,82730000.0,2910028000.0,3770042000.0,777284000.0,3687312000.0,136903754.0,136903754.0,136903754.0
Globe Life Inc,GL,,320335,2013.0,Q3,2013-07-01,2013-09-30,2014-11-07 12:24:07+00:00,98444000.0,0.97,0.97,0.11,516783000.0,0.95,58728000.0,19676000.0,132122000.0,132122000.0,,132122000.0,-19676000.0,181115000.0,0.0,53245000.0,676000.0,53791000.0,750998000.0,,19676000.0,722263000.0,932789000.0,190850000.0,913113000.0,136903754.0,136903754.0,136903754.0
Globe Life Inc,GL,,320335,2013.0,Q2YTD,2013-01-01,2013-06-30,,204202000.0,1.83,1.83,0.22,1076502000.0,1.83,112314000.0,41705000.0,253533000.0,253533000.0,,253533000.0,-41705000.0,359487000.0,-2678000.0,107600000.0,1081000.0,112699000.0,1550665000.0,,41705000.0,1501003000.0,1908555000.0,365847000.0,1866850000.0,138293052.0,138293052.0,138293052.0
Globe Life Inc,GL,,320335,2013.0,Q2TTM,2012-07-01,2013-06-30,,396270000.0,3.87,3.87,0.42,2034730000.0,3.87,240033000.0,82897000.0,535192000.0,535192000.0,,535192000.0,-82897000.0,737600000.0,-8278000.0,209902000.0,1961000.0,215329000.0,2983070000.0,,82897000.0,2856231000.0,3714353000.0,775225000.0,3631456000.0,138293052.0,138293052.0,138293052.0
Globe Life Inc,GL,,320335,2013.0,Q2,2013-04-01,2013-06-30,2014-08-08 11:58:06+00:00,102488000.0,0.97,0.97,0.11,524499000.0,0.96,58883000.0,20828000.0,133901000.0,133901000.0,,133901000.0,-20828000.0,183877000.0,0.0,55292000.0,611000.0,54448000.0,765851000.0,,20828000.0,736727000.0,950339000.0,192784000.0,929511000.0,138293052.0,138293052.0,138293052.0
Globe Life Inc,GL,,320335,2013.0,Q1TTM,2012-04-01,2013-03-31,,390383000.0,5.67,5.67,0.62,1995038000.0,5.67,238542000.0,81718000.0,530279000.0,530279000.0,,530279000.0,-81718000.0,733560000.0,-8278000.0,202368000.0,1726000.0,211481000.0,2922801000.0,,81718000.0,2799270000.0,3649809000.0,768821000.0,3568091000.0,93580778.0,93580778.0,93580778.0
Globe Life Inc,GL,,320335,2013.0,Q1,2013-01-01,2013-03-31,2014-05-09 10:18:00+00:00,101714000.0,1.28,1.28,0.17,552003000.0,1.27,53431000.0,20877000.0,119632000.0,119632000.0,,119632000.0,-20877000.0,175610000.0,-2678000.0,52308000.0,470000.0,58251000.0,784814000.0,,20877000.0,764276000.0,958216000.0,173063000.0,937339000.0,93580778.0,93580778.0,93580778.0
Globe Life Inc,GL,,320335,2014.0,FY,2014-01-01,2014-12-31,2017-02-27 16:27:05+00:00,415914000.0,4.15,4.15,0.51,1903384000.0,4.09,256603000.0,76126000.0,542939000.0,528074000.0,14865000.0,542939000.0,-76126000.0,781834000.0,,217531000.0,2121000.0,222463000.0,2836140000.0,,76126000.0,2759292000.0,3620095000.0,784677000.0,3543969000.0,130721738.0,130721738.0,130721738.0
Globe Life Inc,GL,,320335,2014.0,Q4,2014-10-01,2014-12-31,,102786000.0,1.12,1.12,0.13,226128000.0,1.12,64394000.0,19007000.0,146748000.0,131883000.0,14865000.0,146748000.0,-19007000.0,198552000.0,,48773000.0,309000.0,37429000.0,431539000.0,,19007000.0,415116000.0,630400000.0,196277000.0,611393000.0,130721738.0,130721738.0,130721738.0
Globe Life Inc,GL,,320335,2014.0,Q3YTD,2014-01-01,2014-09-30,,313128000.0,3.05,3.05,0.37,1677256000.0,3.05,192209000.0,57119000.0,396191000.0,396191000.0,,396191000.0,-57119000.0,583282000.0,,168758000.0,1812000.0,185034000.0,2404601000.0,,57119000.0,2344176000.0,2989695000.0,588400000.0,2932576000.0,129969902.0,129969902.0,129969902.0
Globe Life Inc,GL,,320335,2014.0,Q3TTM,2013-10-01,2014-09-30,,411351000.0,4.15,4.15,0.49,1922737000.0,4.15,269277000.0,76199000.0,539008000.0,517741000.0,21267000.0,539008000.0,-76199000.0,787998000.0,,219356000.0,1986000.0,225943000.0,2852620000.0,,76199000.0,2779387000.0,3642604000.0,787018000.0,3566405000.0,129969902.0,129969902.0,129969902.0
Globe Life Inc,GL,,320335,2014.0,Q3,2014-07-01,2014-09-30,2015-11-06 12:29:23+00:00,103834000.0,1.02,1.02,0.13,535532000.0,1.0,64639000.0,19033000.0,132412000.0,132412000.0,,132412000.0,-19033000.0,188105000.0,,55402000.0,668000.0,63636000.0,785715000.0,,19033000.0,758404000.0,974488000.0,197051000.0,955455000.0,129969902.0,129969902.0,129969902.0
Globe Life Inc,GL,,320335,2014.0,Q2YTD,2014-01-01,2014-06-30,,209294000.0,2.01,2.01,0.24,1141724000.0,2.01,127570000.0,38086000.0,263779000.0,263779000.0,,263779000.0,-38086000.0,395177000.0,,113356000.0,1144000.0,121398000.0,1618886000.0,,38086000.0,1585772000.0,2015207000.0,391349000.0,1977121000.0,131491182.0,131491182.0,131491182.0
Globe Life Inc,GL,,320335,2014.0,Q2TTM,2013-07-01,2014-06-30,,405961000.0,4.1,4.1,0.48,1903988000.0,4.1,263366000.0,76842000.0,538718000.0,517451000.0,21267000.0,538718000.0,-76842000.0,781008000.0,,217199000.0,1994000.0,216098000.0,2817903000.0,,76842000.0,2743246000.0,3600905000.0,780817000.0,3524063000.0,131491182.0,131491182.0,131491182.0
Globe Life Inc,GL,,320335,2014.0,Q2,2014-04-01,2014-06-30,2015-08-07 12:15:30+00:00,104561000.0,1.0,1.0,0.13,555207000.0,0.98,62888000.0,19037000.0,130923000.0,130923000.0,,130923000.0,-19037000.0,190507000.0,,56400000.0,663000.0,62020000.0,799866000.0,,19037000.0,778188000.0,991036000.0,193811000.0,971999000.0,131491182.0,131491182.0,131491182.0
Globe Life Inc,GL,,320335,2014.0,Q1TTM,2013-04-01,2014-03-31,,403888000.0,4.07,4.07,0.47,1873280000.0,4.07,259361000.0,78633000.0,541696000.0,520429000.0,21267000.0,541696000.0,-78633000.0,774378000.0,,216091000.0,1942000.0,208526000.0,2783888000.0,,78633000.0,2701785000.0,3560208000.0,779790000.0,3481575000.0,133163464.0,133163464.0,133163464.0
Globe Life Inc,GL,,320335,2014.0,Q1,2014-01-01,2014-03-31,2015-05-08 12:50:35+00:00,104733000.0,1.0,1.0,0.13,586517000.0,0.98,64682000.0,19049000.0,132856000.0,132856000.0,,132856000.0,-19049000.0,204670000.0,,56956000.0,481000.0,59378000.0,819020000.0,,19049000.0,807584000.0,1024171000.0,197538000.0,1005122000.0,133163464.0,133163464.0,133163464.0
Globe Life Inc,GL,,320335,2015.0,FY,2015-01-01,2015-12-31,2018-02-27 17:01:35+00:00,445625000.0,4.21,4.21,0.54,2016212000.0,4.16,249894000.0,76642000.0,527100000.0,516293000.0,10807000.0,527100000.0,-76642000.0,765160000.0,,223858000.0,2185000.0,237541000.0,2998720000.0,,76642000.0,2923236000.0,3766065000.0,766187000.0,3689423000.0,125094628.0,125094628.0,125094628.0
Globe Life Inc,GL,,320335,2015.0,Q4,2015-10-01,2015-12-31,,111584000.0,1.06,1.06,0.13,508965000.0,1.06,56848000.0,19222000.0,132956000.0,119130000.0,13826000.0,132956000.0,-19222000.0,177656000.0,,56725000.0,133000.0,61386000.0,756071000.0,,19222000.0,738660000.0,933860000.0,175978000.0,914638000.0,125094628.0,125094628.0,125094628.0
Globe Life Inc,GL,,320335,2015.0,Q3,2015-07-01,2015-09-30,2016-11-04 12:25:34+00:00,111643000.0,1.17,1.17,0.14,501156000.0,1.15,65151000.0,19246000.0,145386000.0,133858000.0,11528000.0,145386000.0,-19246000.0,198353000.0,,56182000.0,692000.0,59918000.0,748109000.0,,19246000.0,728899000.0,947154000.0,199009000.0,927908000.0,124457996.0,124457996.0,124457996.0
Globe Life Inc,GL,,320335,2015.0,Q3YTD,2015-01-01,2015-09-30,,334041000.0,3.17,3.17,0.4,1507247000.0,3.17,193046000.0,57420000.0,394144000.0,397163000.0,-3019000.0,394144000.0,-57420000.0,587504000.0,,167133000.0,2052000.0,176155000.0,2242649000.0,,57420000.0,2184576000.0,2832205000.0,590209000.0,2774785000.0,124457996.0,124457996.0,124457996.0
Globe Life Inc,GL,,320335,2015.0,Q3TTM,2014-10-01,2015-09-30,,436827000.0,4.35,4.35,0.54,1733375000.0,4.35,257440000.0,76427000.0,540892000.0,529046000.0,11846000.0,540892000.0,-76427000.0,786056000.0,,215906000.0,2361000.0,213584000.0,2674188000.0,,76427000.0,2599692000.0,3462605000.0,786486000.0,3386178000.0,124457996.0,124457996.0,124457996.0
Globe Life Inc,GL,,320335,2015.0,Q2,2015-04-01,2015-06-30,2016-08-05 15:17:46+00:00,111738000.0,1.01,1.01,0.14,508316000.0,1.0,64196000.0,19114000.0,127110000.0,132527000.0,-5417000.0,127110000.0,-19114000.0,197436000.0,,55588000.0,691000.0,59132000.0,752484000.0,,19114000.0,734774000.0,950611000.0,196723000.0,931497000.0,125816943.0,125816943.0,125816943.0
Globe Life Inc,GL,,320335,2015.0,Q2YTD,2015-01-01,2015-06-30,,222398000.0,1.98,1.98,0.26,1006091000.0,1.98,127895000.0,38174000.0,248758000.0,263305000.0,-14547000.0,248758000.0,-38174000.0,389151000.0,,110951000.0,1360000.0,116237000.0,1494540000.0,,38174000.0,1455677000.0,1885051000.0,391200000.0,1846877000.0,125816943.0,125816943.0,125816943.0
Globe Life Inc,GL,,320335,2015.0,Q2TTM,2014-07-01,2015-06-30,,429018000.0,4.2,4.2,0.53,1767751000.0,4.2,256928000.0,76214000.0,527918000.0,527600000.0,318000.0,527918000.0,-76214000.0,775808000.0,,215126000.0,2337000.0,217302000.0,2711794000.0,,76214000.0,2629197000.0,3489939000.0,784528000.0,3413725000.0,125816943.0,125816943.0,125816943.0
Globe Life Inc,GL,,320335,2015.0,Q1,2015-01-01,2015-03-31,2016-05-06 15:26:58+00:00,110660000.0,0.96,0.96,0.14,497775000.0,0.95,63699000.0,19060000.0,121648000.0,130778000.0,-9130000.0,121648000.0,-19060000.0,191715000.0,,55363000.0,669000.0,57105000.0,742056000.0,,19060000.0,720903000.0,934440000.0,194477000.0,915380000.0,127121101.0,127121101.0,127121101.0
Globe Life Inc,GL,,320335,2015.0,Q1TTM,2014-04-01,2015-03-31,,421841000.0,4.18,4.18,0.52,1814642000.0,4.18,255620000.0,76137000.0,531731000.0,525996000.0,5735000.0,531731000.0,-76137000.0,768879000.0,,215938000.0,2309000.0,220190000.0,2759176000.0,,76137000.0,2672611000.0,3530364000.0,781616000.0,3454227000.0,127121101.0,127121101.0,127121101.0
Globe Life Inc,GL,,320335,2016.0,FY,2016-01-01,2016-12-31,2019-02-28 18:04:51+00:00,469063000.0,4.58,4.58,0.56,2128748000.0,4.49,232645000.0,83345000.0,549779000.0,539590000.0,10189000.0,549779000.0,-83345000.0,796220000.0,,232064000.0,1375000.0,249174000.0,3137034000.0,,83345000.0,3079049000.0,3934629000.0,772235000.0,3851284000.0,120001191.0,120001191.0,120001191.0
Globe Life Inc,GL,,320335,2016.0,Q4,2016-10-01,2016-12-31,,116191000.0,1.14,1.14,0.14,540138000.0,1.1,51170000.0,20485000.0,135448000.0,124812000.0,10636000.0,135448000.0,-20485000.0,187025000.0,,58984000.0,412000.0,63565000.0,787908000.0,,20485000.0,778878000.0,975345000.0,175982000.0,954860000.0,120001191.0,120001191.0,120001191.0
Globe Life Inc,GL,,320335,2016.0,Q3,2016-07-01,2016-09-30,2017-11-07 17:26:36+00:00,116821000.0,1.27,1.27,0.14,532152000.0,1.25,59551000.0,20381000.0,151869000.0,141910000.0,9959000.0,151869000.0,-20381000.0,206202000.0,,57805000.0,160000.0,61153000.0,783411000.0,,20381000.0,767931000.0,989773000.0,201461000.0,969392000.0,119480642.0,119480642.0,119480642.0
Globe Life Inc,GL,,320335,2016.0,Q3YTD,2016-01-01,2016-09-30,,352872000.0,3.47,3.47,0.42,1588610000.0,3.47,181475000.0,62860000.0,414331000.0,414778000.0,-447000.0,414331000.0,-62860000.0,609195000.0,,173080000.0,963000.0,185609000.0,2349126000.0,,62860000.0,2300171000.0,2959284000.0,596253000.0,2896424000.0,119480642.0,119480642.0,119480642.0
Globe Life Inc,GL,,320335,2016.0,Q3TTM,2015-10-01,2016-09-30,,464456000.0,4.58,4.58,0.56,2097575000.0,4.58,238323000.0,82082000.0,547287000.0,533908000.0,13379000.0,547287000.0,-82082000.0,786851000.0,,229805000.0,1096000.0,246995000.0,3105197000.0,,82082000.0,3038831000.0,3893144000.0,772231000.0,3811062000.0,119480642.0,119480642.0,119480642.0
Globe Life Inc,GL,,320335,2016.0,Q2,2016-04-01,2016-06-30,2017-08-08 14:43:35+00:00,117245000.0,1.15,1.15,0.14,531485000.0,1.13,60050000.0,23110000.0,138429000.0,139294000.0,-865000.0,138429000.0,-23110000.0,205647000.0,,57846000.0,382000.0,62854000.0,785855000.0,,23110000.0,769430000.0,991884000.0,199344000.0,968774000.0,120479938.0,120479938.0,120479938.0
Globe Life Inc,GL,,320335,2016.0,Q2YTD,2016-01-01,2016-06-30,,236051000.0,2.18,2.18,0.28,1056458000.0,2.18,121924000.0,42479000.0,262462000.0,272868000.0,-10406000.0,262462000.0,-42479000.0,402993000.0,,115275000.0,803000.0,124456000.0,1565715000.0,,42479000.0,1532240000.0,1969511000.0,394792000.0,1927032000.0,120479938.0,120479938.0,120479938.0
Globe Life Inc,GL,,320335,2016.0,Q2TTM,2015-07-01,2016-06-30,,459278000.0,4.49,4.49,0.56,2066579000.0,4.49,243923000.0,80947000.0,540804000.0,525856000.0,14948000.0,540804000.0,-80947000.0,779002000.0,,228182000.0,1628000.0,245760000.0,3069895000.0,,80947000.0,2999799000.0,3850525000.0,769779000.0,3769578000.0,120479938.0,120479938.0,120479938.0
Globe Life Inc,GL,,320335,2016.0,Q1,2016-01-01,2016-03-31,2017-05-08 12:10:22+00:00,118806000.0,1.02,1.02,0.14,524973000.0,1.01,61874000.0,19369000.0,124033000.0,133574000.0,-9541000.0,124033000.0,-19369000.0,197346000.0,,57429000.0,421000.0,61602000.0,779860000.0,,19369000.0,762810000.0,977627000.0,195448000.0,958258000.0,121480805.0,121480805.0,121480805.0
Globe Life Inc,GL,,320335,2016.0,Q1TTM,2015-04-01,2016-03-31,,453771000.0,4.36,4.36,0.55,2043410000.0,4.36,248069000.0,76951000.0,529485000.0,519089000.0,10396000.0,529485000.0,-76951000.0,770791000.0,,225924000.0,1937000.0,242038000.0,3036524000.0,,76951000.0,2965143000.0,3809252000.0,767158000.0,3732301000.0,121480805.0,121480805.0,121480805.0
Globe Life Inc,GL,,320335,2017.0,FY,2017-01-01,2017-12-31,2020-02-27 16:12:53+00:00,490403000.0,12.5,12.5,0.6,2227875000.0,12.22,-627615000.0,84532000.0,1454494000.0,1458263000.0,-3769000.0,1454494000.0,-84532000.0,871496000.0,,257255000.0,1142000.0,264860000.0,3282935000.0,,84532000.0,3240393000.0,4155573000.0,830648000.0,4071041000.0,116342529.0,116342529.0,116342529.0
Globe Life Inc,GL,,320335,2017.0,Q4,2017-10-01,2017-12-31,,120040000.0,8.85,8.85,0.15,562465000.0,8.64,-811005000.0,21707000.0,1027346000.0,1027376000.0,-30000.0,1027346000.0,-21707000.0,230424000.0,,69467000.0,2000.0,66849000.0,826473000.0,,21707000.0,818821000.0,1056899000.0,216371000.0,1035192000.0,116342529.0,116342529.0,116342529.0
Globe Life Inc,GL,,320335,2017.0,Q3,2017-07-01,2017-09-30,2018-11-06 18:23:39+00:00,122334000.0,1.32,1.32,0.15,551219000.0,1.29,67264000.0,20970000.0,153334000.0,153346000.0,-12000.0,153334000.0,-20970000.0,226467000.0,,63019000.0,331000.0,67863000.0,819217000.0,,20970000.0,804435000.0,1046015000.0,220610000.0,1025045000.0,115921134.0,115921134.0,115921134.0
Globe Life Inc,GL,,320335,2017.0,Q3YTD,2017-01-01,2017-09-30,,370363000.0,3.65,3.65,0.45,1665410000.0,3.58,183390000.0,62825000.0,427148000.0,430887000.0,-3739000.0,427148000.0,-62825000.0,641072000.0,,187788000.0,1140000.0,198011000.0,2456462000.0,,62825000.0,2421572000.0,3098674000.0,614277000.0,3035849000.0,115921134.0,115921134.0,115921134.0
Globe Life Inc,GL,,320335,2017.0,Q3TTM,2016-10-01,2017-09-30,,486554000.0,4.79,4.79,0.59,2205548000.0,4.68,234560000.0,83310000.0,562596000.0,555699000.0,6897000.0,562596000.0,-83310000.0,828097000.0,,246772000.0,1552000.0,261576000.0,3244370000.0,,83310000.0,3200450000.0,4074019000.0,790259000.0,3990709000.0,115921134.0,115921134.0,115921134.0
Globe Life Inc,GL,,320335,2017.0,Q2,2017-04-01,2017-06-30,2018-08-08 16:38:08+00:00,122121000.0,1.2,1.2,0.15,556415000.0,1.18,61563000.0,21156000.0,140273000.0,140363000.0,-90000.0,140273000.0,-21156000.0,212071000.0,,62428000.0,393000.0,65032000.0,816614000.0,,21156000.0,805996000.0,1029078000.0,201926000.0,1007922000.0,116646669.0,116646669.0,116646669.0
Globe Life Inc,GL,,320335,2017.0,Q2YTD,2017-01-01,2017-06-30,,248029000.0,2.33,2.33,0.3,1114191000.0,2.29,116126000.0,41855000.0,273814000.0,277541000.0,-3727000.0,273814000.0,-41855000.0,414605000.0,,124769000.0,809000.0,130148000.0,1637245000.0,,41855000.0,1617137000.0,2052659000.0,393667000.0,2010804000.0,116646669.0,116646669.0,116646669.0
Globe Life Inc,GL,,320335,2017.0,Q2TTM,2016-07-01,2017-06-30,,481041000.0,4.74,4.74,0.58,2186481000.0,4.64,226847000.0,82721000.0,561131000.0,544263000.0,16868000.0,561131000.0,-82721000.0,807832000.0,,241558000.0,1381000.0,254866000.0,3208564000.0,,82721000.0,3163946000.0,4017777000.0,771110000.0,3935056000.0,116646669.0,116646669.0,116646669.0
Globe Life Inc,GL,,320335,2017.0,Q1,2017-01-01,2017-03-31,2018-05-07 16:43:35+00:00,125908000.0,1.13,1.13,0.15,557776000.0,1.11,54563000.0,20699000.0,133541000.0,137178000.0,-3637000.0,133541000.0,-20699000.0,202534000.0,,62341000.0,416000.0,65116000.0,820631000.0,,20699000.0,811141000.0,1023581000.0,191741000.0,1002882000.0,117770474.0,117770474.0,117770474.0
Globe Life Inc,GL,,320335,2017.0,Q1TTM,2016-04-01,2017-03-31,,476165000.0,4.69,4.69,0.57,2161551000.0,4.59,225334000.0,84675000.0,559287000.0,543194000.0,16093000.0,559287000.0,-84675000.0,801408000.0,,236976000.0,1370000.0,252688000.0,3177805000.0,,84675000.0,3127380000.0,3980583000.0,768528000.0,3895908000.0,117770474.0,117770474.0,117770474.0
Globe Life Inc,GL,,320335,2018.0,FY,2018-01-01,2018-12-31,2020-02-27 16:12:53+00:00,516690000.0,6.22,6.22,0.64,2275242000.0,6.09,162161000.0,90076000.0,701466000.0,701510000.0,-44000.0,701466000.0,-90076000.0,880708000.0,,279585000.0,1137000.0,278487000.0,3421906000.0,,90076000.0,3350004000.0,4303751000.0,863671000.0,4213675000.0,112872581.0,112872581.0,112872581.0
Globe Life Inc,GL,,320335,2018.0,Q4,2018-10-01,2018-12-31,,128501000.0,1.48,1.48,0.16,569120000.0,1.46,38929000.0,23610000.0,164717000.0,164706000.0,11000.0,164717000.0,-23610000.0,207633000.0,,70082000.0,33000.0,69789000.0,857071000.0,,23610000.0,837492000.0,1064737000.0,203635000.0,1041127000.0,112872581.0,112872581.0,112872581.0
Globe Life Inc,GL,,320335,2018.0,Q3,2018-07-01,2018-09-30,2019-11-12 08:33:05+00:00,129492000.0,1.59,1.59,0.16,567856000.0,1.55,41630000.0,22433000.0,178724000.0,178700000.0,24000.0,178724000.0,-22433000.0,222659000.0,,74059000.0,393000.0,69632000.0,860750000.0,,22433000.0,841039000.0,1083802000.0,220330000.0,1061369000.0,112587623.0,112587623.0,112587623.0
Globe Life Inc,GL,,320335,2018.0,Q3YTD,2018-01-01,2018-09-30,,388189000.0,4.74,4.74,0.48,1706122000.0,4.63,123232000.0,66466000.0,536749000.0,536804000.0,-55000.0,536749000.0,-66466000.0,673075000.0,,209503000.0,1104000.0,208698000.0,2564835000.0,,66466000.0,2512512000.0,3239014000.0,660036000.0,3172548000.0,112587623.0,112587623.0,112587623.0
Globe Life Inc,GL,,320335,2018.0,Q3TTM,2017-10-01,2018-09-30,,508229000.0,13.59,13.59,0.63,2268587000.0,13.27,-687773000.0,88173000.0,1564095000.0,1564180000.0,-85000.0,1564095000.0,-88173000.0,903499000.0,,278970000.0,1106000.0,275547000.0,3391308000.0,,88173000.0,3331333000.0,4295913000.0,876407000.0,4207740000.0,112587623.0,112587623.0,112587623.0
Globe Life Inc,GL,,320335,2018.0,Q2,2018-04-01,2018-06-30,2019-08-08 17:19:33+00:00,129077000.0,1.63,1.63,0.16,568377000.0,1.59,42471000.0,22411000.0,184425000.0,184393000.0,32000.0,184425000.0,-22411000.0,230381000.0,,68620000.0,416000.0,69427000.0,853979000.0,,22411000.0,835501000.0,1084776000.0,226864000.0,1062365000.0,113350175.0,113350175.0,113350175.0
Globe Life Inc,GL,,320335,2018.0,Q2YTD,2018-01-01,2018-06-30,,258697000.0,3.15,3.15,0.32,1138266000.0,3.08,81602000.0,44033000.0,358025000.0,358104000.0,-79000.0,358025000.0,-44033000.0,450416000.0,,135444000.0,711000.0,139066000.0,1704085000.0,,44033000.0,1671473000.0,2155212000.0,439706000.0,2111179000.0,113350175.0,113350175.0,113350175.0
Globe Life Inc,GL,,320335,2018.0,Q2TTM,2017-07-01,2018-06-30,,501071000.0,13.32,13.32,0.62,2251950000.0,13.01,-662139000.0,86710000.0,1538705000.0,1538826000.0,-121000.0,1538705000.0,-86710000.0,907307000.0,,267930000.0,1044000.0,273778000.0,3349775000.0,,86710000.0,3294729000.0,4258126000.0,876687000.0,4171416000.0,113350175.0,113350175.0,113350175.0
Globe Life Inc,GL,,320335,2018.0,Q1,2018-01-01,2018-03-31,2019-05-07 16:41:15+00:00,129620000.0,1.52,1.52,0.16,569889000.0,1.49,39131000.0,21622000.0,173600000.0,173711000.0,-111000.0,173600000.0,-21622000.0,220035000.0,,66824000.0,295000.0,69639000.0,850106000.0,,21622000.0,835972000.0,1070436000.0,212842000.0,1048814000.0,114179084.0,114179084.0,114179084.0
Globe Life Inc,GL,,320335,2018.0,Q1TTM,2017-04-01,2018-03-31,,494115000.0,12.89,12.89,0.61,2239988000.0,12.6,-643047000.0,85455000.0,1494553000.0,1494796000.0,-243000.0,1494553000.0,-85455000.0,888997000.0,,261738000.0,1021000.0,269383000.0,3312410000.0,,85455000.0,3265224000.0,4202428000.0,851749000.0,4116973000.0,114179084.0,114179084.0,114179084.0
Globe Life Inc,GL,,320335,2019.0,Q4,2019-10-01,2019-12-31,,139290000.0,1.74,1.74,0.17,594538000.0,1.69,40027000.0,20502000.0,187061000.0,187061000.0,,187061000.0,-20502000.0,229651000.0,,78413000.0,241000.0,76745000.0,906684000.0,,20502000.0,888986000.0,1136576000.0,227088000.0,1116074000.0,109213524.0,109213524.0,109213524.0
Globe Life Inc,GL,,320335,2019.0,FY,2019-01-01,2019-12-31,2020-02-27 16:12:53+00:00,551726000.0,6.97,6.97,0.69,2357349000.0,6.83,170397000.0,84306000.0,760790000.0,760882000.0,-92000.0,760790000.0,-84306000.0,931080000.0,,304825000.0,1318000.0,298047000.0,3595134000.0,,84306000.0,3511947000.0,4527532000.0,931279000.0,4443226000.0,109213524.0,109213524.0,109213524.0
Globe Life Inc,GL,,320335,2019.0,Q3YTD,2019-01-01,2019-09-30,,412436000.0,5.23,5.23,0.52,1762811000.0,5.14,130370000.0,63804000.0,573729000.0,573821000.0,-92000.0,573729000.0,-63804000.0,701429000.0,,226412000.0,1077000.0,221302000.0,2688450000.0,,63804000.0,2622961000.0,3390956000.0,704191000.0,3327152000.0,108813355.0,108813355.0,108813355.0
Globe Life Inc,GL,,320335,2019.0,Q3TTM,2018-10-01,2019-09-30,,540937000.0,6.71,6.71,0.68,2331931000.0,6.6,169299000.0,87414000.0,738446000.0,738527000.0,-81000.0,738446000.0,-87414000.0,909062000.0,,296494000.0,1110000.0,291091000.0,3545521000.0,,87414000.0,3460453000.0,4455693000.0,907826000.0,4368279000.0,108813355.0,108813355.0,108813355.0
Globe Life Inc,GL,,320335,2019.0,Q3,2019-07-01,2019-09-30,2019-11-12 08:33:05+00:00,138449000.0,1.85,1.85,0.1725,585692000.0,1.82,45512000.0,21094000.0,201818000.0,201818000.0,0.0,201818000.0,-21094000.0,240848000.0,,74575000.0,438000.0,74139000.0,899993000.0,,21094000.0,872855000.0,1141279000.0,247330000.0,1120185000.0,108813355.0,108813355.0,108813355.0
Globe Life Inc,GL,,320335,2019.0,Q2YTD,2019-01-01,2019-06-30,,273987000.0,3.38,3.38,0.35,1177119000.0,3.32,84858000.0,42710000.0,371911000.0,372003000.0,-92000.0,371911000.0,-42710000.0,460581000.0,,151837000.0,639000.0,147163000.0,1788457000.0,,42710000.0,1750106000.0,2249677000.0,456861000.0,2206967000.0,109649714.0,109649714.0,109649714.0
Globe Life Inc,GL,,320335,2019.0,Q2TTM,2018-07-01,2019-06-30,,531980000.0,6.45,6.45,0.66,2314095000.0,6.33,165417000.0,88753000.0,715352000.0,715409000.0,-57000.0,715352000.0,-88753000.0,890873000.0,,295978000.0,1065000.0,286584000.0,3506278000.0,,88753000.0,3428637000.0,4398216000.0,880826000.0,4309463000.0,109649714.0,109649714.0,109649714.0
Globe Life Inc,GL,,320335,2019.0,Q2,2019-04-01,2019-06-30,2019-08-08 17:19:33+00:00,138165000.0,1.7,1.7,0.1725,589362000.0,1.67,42151000.0,21432000.0,186566000.0,186609000.0,-43000.0,186566000.0,-21432000.0,232579000.0,,79044000.0,398000.0,73698000.0,897484000.0,,21432000.0,880269000.0,1130461000.0,228760000.0,1109029000.0,109649714.0,109649714.0,109649714.0
Globe Life Inc,GL,,320335,2019.0,Q1,2019-01-01,2019-03-31,2020-05-06 18:11:47+00:00,135822000.0,1.68,1.68,0.1725,587757000.0,1.65,42707000.0,21278000.0,185345000.0,185394000.0,-49000.0,185345000.0,-21278000.0,228002000.0,,72793000.0,241000.0,73465000.0,890973000.0,,21278000.0,869837000.0,1119216000.0,228101000.0,1097938000.0,110301527.0,110301527.0,110301527.0
Globe Life Inc,GL,,320335,2019.0,Q1TTM,2018-04-01,2019-03-31,,522892000.0,6.38,6.38,0.65,2293110000.0,6.25,165737000.0,89732000.0,713211000.0,713193000.0,18000.0,713211000.0,-89732000.0,888675000.0,,285554000.0,1083000.0,282313000.0,3462773000.0,,89732000.0,3383869000.0,4352531000.0,878930000.0,4262799000.0,110301527.0,110301527.0,110301527.0
Globe Life Inc,GL,,320335,2020.0,Q1TTM,2019-04-01,2020-03-31,,559741000.0,6.83,6.83,0.71,2377561000.0,6.7,165071000.0,83836000.0,740985000.0,741028000.0,-43000.0,740985000.0,-83836000.0,905972000.0,,310614000.0,1402000.0,303519000.0,3633996000.0,,83836000.0,3551435000.0,4541370000.0,906099000.0,4457534000.0,107285223.0,107285223.0,107285223.0
Globe Life Inc,GL,,320335,2020.0,Q1,2020-01-01,2020-03-31,2020-05-06 18:11:47+00:00,143837000.0,1.54,1.54,0.1875,607969000.0,1.52,37381000.0,20808000.0,165540000.0,165540000.0,0.0,165540000.0,-20808000.0,202894000.0,,78582000.0,325000.0,78937000.0,929835000.0,,20808000.0,909325000.0,1133054000.0,202921000.0,1112246000.0,107285223.0,107285223.0,107285223.0
