company_name,company_ticker,company_lei,company_cik,year,quarter,start_date,end_date,filing_date,amortizationexpense,basicdilutedeps,basiceps,cashdividendspershare,dilutedeps,impairmentexpense,incometaxexpense,longtermdebtinterestexpense,netincome,netincomecontinuing,netincomediscontinued,netincometocommon,netincometononcontrollinginterest,netinterestincome,netrealizedcapitalgains,othernoninterestincome,otheroperatingexpenses,otherservicechargeincome,premiumsearned,propertyliabilityinsuranceclaims,restructuringcharge,servicechargesondepositsincome,totalinterestexpense,totalnoninterestexpense,totalnoninterestincome,totalpretaxincome,totalrevenue,weightedavebasicdilutedsharesos,weightedavebasicsharesos,weightedavedilutedsharesos
Loews Corp,L,R8V1FN4M5ITGZOG7BS19,60086,2007.0,FY,2007-01-01,2007-12-31,2010-02-24 14:21:07+00:00,1520000000.0,3.66,3.66,,3.65,0.0,995000000.0,319000000.0,3100000000.0,2199000000.0,901000000.0,2488000000.0,612000000.0,-319000000.0,2650000000.0,2506000000.0,3260000000.0,1664000000.0,7482000000.0,6009000000.0,,,319000000.0,10789000000.0,14302000000.0,3194000000.0,13983000000.0,679800000.0,679800000.0,681600000.0
Loews Corp,L,R8V1FN4M5ITGZOG7BS19,60086,2008.0,FY,2008-01-01,2008-12-31,2011-02-23 13:45:57+00:00,1467000000.0,9.05,9.05,0.25,9.05,1173000000.0,7000000.0,345000000.0,5293000000.0,580000000.0,4713000000.0,4530000000.0,763000000.0,-345000000.0,287000000.0,3476000000.0,3952000000.0,2334000000.0,7150000000.0,5723000000.0,,,345000000.0,12315000000.0,13247000000.0,587000000.0,12902000000.0,477230000.0,477230000.0,477230000.0
Loews Corp,L,R8V1FN4M5ITGZOG7BS19,60086,2008.0,Q3,2008-07-01,2008-09-30,2009-11-02 12:32:28+00:00,355000000.0,-0.31,-0.31,,-0.31,0.0,-56000000.0,82000000.0,22000000.0,15000000.0,7000000.0,-137000000.0,159000000.0,-82000000.0,-295000000.0,882000000.0,1055000000.0,584000000.0,1799000000.0,1519000000.0,,,82000000.0,2929000000.0,2970000000.0,-41000000.0,2888000000.0,441900000.0,441900000.0,441900000.0
Loews Corp,L,R8V1FN4M5ITGZOG7BS19,60086,2008.0,Q2,2008-04-01,2008-06-30,2009-08-06 15:36:39+00:00,360000000.0,9.56,9.56,,9.54,0.0,340000000.0,88000000.0,5219000000.0,767000000.0,4452000000.0,4963000000.0,256000000.0,-88000000.0,588000000.0,937000000.0,895000000.0,623000000.0,1774000000.0,1472000000.0,0.0,,88000000.0,2727000000.0,3922000000.0,1107000000.0,3834000000.0,519100000.0,508160000.0,509430000.0
Loews Corp,L,R8V1FN4M5ITGZOG7BS19,60086,2009.0,Q4,2009-10-01,2009-12-31,,354000000.0,0.92,0.92,0.19,0.93,,277000000.0,127000000.0,606000000.0,606000000.0,,403000000.0,203000000.0,-127000000.0,666000000.0,873000000.0,1087000000.0,597000000.0,1686000000.0,1371000000.0,,,127000000.0,2812000000.0,3822000000.0,883000000.0,3695000000.0,433800000.0,432810000.0,433450000.0
Loews Corp,L,R8V1FN4M5ITGZOG7BS19,60086,2009.0,FY,2009-01-01,2009-12-31,2012-02-22 16:47:11+00:00,1417000000.0,1.3,1.3,0.25,1.3,1036000000.0,345000000.0,448000000.0,1383000000.0,1385000000.0,-2000000.0,564000000.0,819000000.0,-448000000.0,1646000000.0,3537000000.0,4196000000.0,2213000000.0,6721000000.0,5290000000.0,,,448000000.0,11939000000.0,14117000000.0,1730000000.0,13669000000.0,433800000.0,432810000.0,433450000.0
Loews Corp,L,R8V1FN4M5ITGZOG7BS19,60086,2009.0,Q3YTD,2009-01-01,2009-09-30,,1063000000.0,0.38,0.38,0.06,0.37,1036000000.0,68000000.0,321000000.0,777000000.0,779000000.0,-2000000.0,161000000.0,616000000.0,-321000000.0,980000000.0,2664000000.0,3109000000.0,1616000000.0,5035000000.0,3919000000.0,,,321000000.0,9127000000.0,10295000000.0,847000000.0,9974000000.0,433300000.0,433300000.0,433300000.0
Loews Corp,L,R8V1FN4M5ITGZOG7BS19,60086,2009.0,Q3,2009-07-01,2009-09-30,2010-11-03 09:36:42+00:00,365000000.0,1.08,1.08,0.0625,1.08,,266000000.0,117000000.0,691000000.0,692000000.0,1000000.0,468000000.0,223000000.0,-117000000.0,626000000.0,885000000.0,1016000000.0,520000000.0,1707000000.0,1282000000.0,,,117000000.0,2663000000.0,3738000000.0,958000000.0,3621000000.0,433300000.0,432750000.0,433480000.0
Loews Corp,L,R8V1FN4M5ITGZOG7BS19,60086,2009.0,Q2YTD,2009-01-01,2009-06-30,,698000000.0,-0.7,-0.7,0.06,-0.71,1036000000.0,-198000000.0,204000000.0,86000000.0,87000000.0,-1000000.0,-307000000.0,393000000.0,-204000000.0,354000000.0,1779000000.0,2093000000.0,1096000000.0,3328000000.0,2637000000.0,,,204000000.0,6464000000.0,6557000000.0,-111000000.0,6353000000.0,430400000.0,435070000.0,435630000.0
Loews Corp,L,R8V1FN4M5ITGZOG7BS19,60086,2009.0,Q2,2009-04-01,2009-06-30,2010-08-27 11:15:07+00:00,349000000.0,,,0.0625,,,197000000.0,110000000.0,559000000.0,559000000.0,,340000000.0,219000000.0,-110000000.0,438000000.0,923000000.0,1024000000.0,517000000.0,1656000000.0,1295000000.0,,,110000000.0,2668000000.0,3534000000.0,756000000.0,3424000000.0,,435070000.0,435630000.0
Loews Corp,L,R8V1FN4M5ITGZOG7BS19,60086,2009.0,Q1,2009-01-01,2009-03-31,2010-05-04 10:17:06+00:00,349000000.0,-1.49,-1.49,0.0625,-1.49,1036000000.0,-395000000.0,94000000.0,-473000000.0,-473000000.0,,-647000000.0,174000000.0,-94000000.0,-84000000.0,856000000.0,1070000000.0,579000000.0,1672000000.0,1342000000.0,,,94000000.0,3797000000.0,3023000000.0,-868000000.0,2929000000.0,434200000.0,435120000.0,435120000.0
Loews Corp,L,R8V1FN4M5ITGZOG7BS19,60086,2010.0,Q4,2010-10-01,2010-12-31,,130000000.0,2.0,2.0,0.06,1.99,,275000000.0,133000000.0,672000000.0,670000000.0,2000000.0,467000000.0,205000000.0,-133000000.0,673000000.0,825000000.0,1320000000.0,570000000.0,1647000000.0,1187000000.0,,,133000000.0,2637000000.0,3715000000.0,945000000.0,3582000000.0,418500000.0,418720000.0,419520000.0
Loews Corp,L,R8V1FN4M5ITGZOG7BS19,60086,2010.0,FY,2010-01-01,2010-12-31,2013-02-22 10:00:53+00:00,1168000000.0,3.08,3.08,0.25,3.07,,894000000.0,517000000.0,1988000000.0,2008000000.0,-20000000.0,1289000000.0,699000000.0,-517000000.0,2564000000.0,3230000000.0,5043000000.0,2306000000.0,6515000000.0,4985000000.0,,,517000000.0,11196000000.0,14615000000.0,2902000000.0,14098000000.0,418500000.0,418720000.0,419520000.0
Loews Corp,L,R8V1FN4M5ITGZOG7BS19,60086,2010.0,Q3YTD,2010-01-01,2010-09-30,,1038000000.0,1.08,1.08,0.19,1.08,,619000000.0,384000000.0,1316000000.0,1338000000.0,-22000000.0,822000000.0,494000000.0,-384000000.0,1891000000.0,2405000000.0,3723000000.0,1736000000.0,4868000000.0,3798000000.0,,,384000000.0,8559000000.0,10900000000.0,1957000000.0,10516000000.0,400000000.0,417670000.0,418470000.0
Loews Corp,L,R8V1FN4M5ITGZOG7BS19,60086,2010.0,Q3TTM,2009-10-01,2010-09-30,,1392000000.0,2.0,2.0,0.38,2.01,,896000000.0,511000000.0,1922000000.0,1944000000.0,-22000000.0,1225000000.0,697000000.0,-511000000.0,2557000000.0,3278000000.0,4810000000.0,2333000000.0,6554000000.0,5169000000.0,,,511000000.0,11371000000.0,14722000000.0,2840000000.0,14211000000.0,400000000.0,417670000.0,418470000.0
Loews Corp,L,R8V1FN4M5ITGZOG7BS19,60086,2010.0,Q3,2010-07-01,2010-09-30,2011-11-01 16:00:14+00:00,351000000.0,0.09,0.09,0.0625,0.09,,84000000.0,127000000.0,152000000.0,174000000.0,-22000000.0,36000000.0,116000000.0,-127000000.0,716000000.0,749000000.0,1622000000.0,591000000.0,1645000000.0,1343000000.0,,,127000000.0,3316000000.0,3701000000.0,258000000.0,3574000000.0,400000000.0,417670000.0,418470000.0
Loews Corp,L,R8V1FN4M5ITGZOG7BS19,60086,2010.0,Q2YTD,2010-01-01,2010-06-30,,687000000.0,0.99,0.99,0.13,0.99,,535000000.0,257000000.0,1164000000.0,1164000000.0,,786000000.0,378000000.0,-257000000.0,1175000000.0,1656000000.0,2101000000.0,1145000000.0,3223000000.0,2455000000.0,,,257000000.0,5243000000.0,7199000000.0,1699000000.0,6942000000.0,,418640000.0,419380000.0
Loews Corp,L,R8V1FN4M5ITGZOG7BS19,60086,2010.0,Q2TTM,2009-07-01,2010-06-30,,1406000000.0,2.99,2.99,0.31,3.0,,1078000000.0,501000000.0,2461000000.0,2462000000.0,-1000000.0,1657000000.0,804000000.0,-501000000.0,2467000000.0,3414000000.0,4204000000.0,2262000000.0,6616000000.0,5108000000.0,,,501000000.0,10718000000.0,14759000000.0,3540000000.0,14258000000.0,,418640000.0,419380000.0
Loews Corp,L,R8V1FN4M5ITGZOG7BS19,60086,2010.0,Q2,2010-04-01,2010-06-30,2011-08-03 10:13:36+00:00,345000000.0,0.88,0.88,0.0625,0.87,,262000000.0,127000000.0,541000000.0,541000000.0,,366000000.0,175000000.0,-127000000.0,537000000.0,812000000.0,1064000000.0,529000000.0,1608000000.0,1147000000.0,,,127000000.0,2556000000.0,3486000000.0,803000000.0,3359000000.0,415900000.0,418640000.0,419380000.0
Loews Corp,L,R8V1FN4M5ITGZOG7BS19,60086,2010.0,Q1TTM,2009-04-01,2010-03-31,,1410000000.0,3.78,3.78,0.25,3.78,,1013000000.0,484000000.0,2479000000.0,2481000000.0,-2000000.0,1631000000.0,848000000.0,-484000000.0,2368000000.0,3525000000.0,4163000000.0,2250000000.0,6664000000.0,5256000000.0,,,484000000.0,10829000000.0,14807000000.0,3494000000.0,14323000000.0,424200000.0,422770000.0,423640000.0
Loews Corp,L,R8V1FN4M5ITGZOG7BS19,60086,2010.0,Q1,2010-01-01,2010-03-31,2011-05-03 16:34:41+00:00,342000000.0,0.99,0.99,0.0625,0.99,,273000000.0,130000000.0,623000000.0,623000000.0,,420000000.0,203000000.0,-130000000.0,638000000.0,844000000.0,1037000000.0,616000000.0,1615000000.0,1308000000.0,,,130000000.0,2687000000.0,3713000000.0,896000000.0,3583000000.0,424200000.0,422770000.0,423640000.0
Loews Corp,L,R8V1FN4M5ITGZOG7BS19,60086,2011.0,Q4,2011-10-01,2011-12-31,,184000000.0,0.67,0.67,0.06,0.68,,69000000.0,116000000.0,406000000.0,406000000.0,,266000000.0,140000000.0,-116000000.0,483000000.0,734000000.0,1348000000.0,603000000.0,1661000000.0,1358000000.0,,,116000000.0,2890000000.0,3481000000.0,475000000.0,3365000000.0,405300000.0,404530000.0,405320000.0
Loews Corp,L,R8V1FN4M5ITGZOG7BS19,60086,2011.0,FY,2011-01-01,2011-12-31,2013-02-22 10:00:53+00:00,1176000000.0,2.62,2.62,0.25,2.62,,532000000.0,522000000.0,1694000000.0,1694000000.0,,1062000000.0,632000000.0,-522000000.0,2011000000.0,3254000000.0,4716000000.0,2261000000.0,6603000000.0,5489000000.0,,,522000000.0,11381000000.0,14129000000.0,2226000000.0,13607000000.0,405300000.0,404530000.0,405320000.0
Loews Corp,L,R8V1FN4M5ITGZOG7BS19,60086,2011.0,Q3,2011-07-01,2011-09-30,2012-10-30 13:38:55+00:00,297000000.0,0.41,0.41,0.0625,0.4,,123000000.0,126000000.0,316000000.0,316000000.0,,162000000.0,154000000.0,-126000000.0,306000000.0,861000000.0,1176000000.0,539000000.0,1732000000.0,1400000000.0,,,126000000.0,2873000000.0,3438000000.0,439000000.0,3312000000.0,395100000.0,401010000.0,401730000.0
Loews Corp,L,R8V1FN4M5ITGZOG7BS19,60086,2011.0,Q3YTD,2011-01-01,2011-09-30,,992000000.0,1.95,1.95,0.19,1.94,,463000000.0,406000000.0,1288000000.0,1288000000.0,,796000000.0,492000000.0,-406000000.0,1528000000.0,2520000000.0,3368000000.0,1658000000.0,4942000000.0,4131000000.0,,,406000000.0,8491000000.0,10648000000.0,1751000000.0,10242000000.0,395100000.0,401010000.0,401730000.0
Loews Corp,L,R8V1FN4M5ITGZOG7BS19,60086,2011.0,Q3TTM,2010-10-01,2011-09-30,,1122000000.0,3.95,3.95,0.25,3.93,,738000000.0,539000000.0,1960000000.0,1958000000.0,2000000.0,1263000000.0,697000000.0,-539000000.0,2201000000.0,3345000000.0,4688000000.0,2228000000.0,6589000000.0,5318000000.0,,,539000000.0,11128000000.0,14363000000.0,2696000000.0,13824000000.0,395100000.0,401010000.0,401730000.0
Loews Corp,L,R8V1FN4M5ITGZOG7BS19,60086,2011.0,Q2YTD,2011-01-01,2011-06-30,,695000000.0,1.54,1.54,0.13,1.54,,340000000.0,280000000.0,972000000.0,972000000.0,,634000000.0,338000000.0,-280000000.0,1222000000.0,1659000000.0,2192000000.0,1119000000.0,3210000000.0,2731000000.0,,,280000000.0,5618000000.0,7210000000.0,1312000000.0,6930000000.0,406500000.0,407820000.0,408740000.0
Loews Corp,L,R8V1FN4M5ITGZOG7BS19,60086,2011.0,Q2TTM,2010-07-01,2011-06-30,,1176000000.0,3.63,3.63,0.25,3.62,,699000000.0,540000000.0,1796000000.0,1816000000.0,-20000000.0,1137000000.0,659000000.0,-540000000.0,2611000000.0,3233000000.0,5134000000.0,2280000000.0,6502000000.0,5261000000.0,,,540000000.0,11571000000.0,14626000000.0,2515000000.0,14086000000.0,406500000.0,407820000.0,408740000.0
Loews Corp,L,R8V1FN4M5ITGZOG7BS19,60086,2011.0,Q2,2011-04-01,2011-06-30,2012-07-31 16:21:54+00:00,286000000.0,0.61,0.61,0.0625,0.61,,144000000.0,129000000.0,404000000.0,404000000.0,,250000000.0,154000000.0,-129000000.0,538000000.0,870000000.0,1212000000.0,539000000.0,1595000000.0,1367000000.0,,,129000000.0,2865000000.0,3542000000.0,548000000.0,3413000000.0,409800000.0,407820000.0,408740000.0
Loews Corp,L,R8V1FN4M5ITGZOG7BS19,60086,2011.0,Q1TTM,2010-04-01,2011-03-31,,1171000000.0,3.01,3.01,0.25,3.0,,817000000.0,538000000.0,1930000000.0,1950000000.0,-20000000.0,1251000000.0,679000000.0,-538000000.0,2610000000.0,3175000000.0,5053000000.0,2270000000.0,6515000000.0,5041000000.0,,,538000000.0,11265000000.0,14570000000.0,2767000000.0,14032000000.0,415200000.0,412900000.0,413830000.0
Loews Corp,L,R8V1FN4M5ITGZOG7BS19,60086,2011.0,Q1,2011-01-01,2011-03-31,2012-05-01 16:26:44+00:00,297000000.0,0.92,0.92,0.0625,0.92,,195000000.0,151000000.0,562000000.0,562000000.0,,379000000.0,183000000.0,-151000000.0,684000000.0,789000000.0,1099000000.0,580000000.0,1615000000.0,1364000000.0,,,151000000.0,2760000000.0,3668000000.0,757000000.0,3517000000.0,412000000.0,412900000.0,413830000.0
Loews Corp,L,R8V1FN4M5ITGZOG7BS19,60086,2012.0,Q4,2012-10-01,2012-12-31,,337000000.0,-0.08,-0.08,0.06,-0.08,,176000000.0,95000000.0,83000000.0,482000000.0,-399000000.0,-32000000.0,115000000.0,-95000000.0,372000000.0,-2195000000.0,570000000.0,329000000.0,1783000000.0,1565000000.0,,2936000000.0,95000000.0,2472000000.0,3225000000.0,658000000.0,3130000000.0,394400000.0,395120000.0,397200000.0
Loews Corp,L,R8V1FN4M5ITGZOG7BS19,60086,2012.0,FY,2012-01-01,2012-12-31,2015-02-23 21:36:03+00:00,1274000000.0,1.44,1.44,0.25,1.43,,513000000.0,426000000.0,1110000000.0,1509000000.0,-399000000.0,568000000.0,542000000.0,-426000000.0,2225000000.0,,4621000000.0,2030000000.0,6881000000.0,5729000000.0,,2936000000.0,426000000.0,11624000000.0,14072000000.0,2022000000.0,13646000000.0,394400000.0,395120000.0,397200000.0
Loews Corp,L,R8V1FN4M5ITGZOG7BS19,60086,2012.0,Q3YTD,2012-01-01,2012-09-30,,937000000.0,1.52,1.52,0.19,1.51,,337000000.0,331000000.0,1027000000.0,1027000000.0,,600000000.0,427000000.0,-331000000.0,1853000000.0,2195000000.0,4051000000.0,1701000000.0,5098000000.0,4164000000.0,,,331000000.0,9152000000.0,10847000000.0,1364000000.0,10516000000.0,393300000.0,394480000.0,395290000.0
Loews Corp,L,R8V1FN4M5ITGZOG7BS19,60086,2012.0,Q3TTM,2011-10-01,2012-09-30,,1121000000.0,2.19,2.19,0.25,2.19,,406000000.0,447000000.0,1433000000.0,1433000000.0,,866000000.0,567000000.0,-447000000.0,2336000000.0,2929000000.0,5399000000.0,2304000000.0,6759000000.0,5522000000.0,,,447000000.0,12042000000.0,14328000000.0,1839000000.0,13881000000.0,393300000.0,394480000.0,395290000.0
Loews Corp,L,R8V1FN4M5ITGZOG7BS19,60086,2012.0,Q3,2012-07-01,2012-09-30,2013-10-29 16:06:24+00:00,333000000.0,0.45,0.45,0.0625,0.45,,99000000.0,109000000.0,310000000.0,310000000.0,,177000000.0,133000000.0,-109000000.0,689000000.0,,1429000000.0,531000000.0,1781000000.0,1435000000.0,,714000000.0,109000000.0,3197000000.0,3715000000.0,409000000.0,3606000000.0,393300000.0,394480000.0,395290000.0
Loews Corp,L,R8V1FN4M5ITGZOG7BS19,60086,2012.0,Q2YTD,2012-01-01,2012-06-30,,604000000.0,1.07,1.07,0.13,1.06,,238000000.0,222000000.0,717000000.0,717000000.0,,423000000.0,294000000.0,-222000000.0,1164000000.0,1481000000.0,2622000000.0,1170000000.0,3317000000.0,2729000000.0,,,222000000.0,5955000000.0,7132000000.0,955000000.0,6910000000.0,400000000.0,396400000.0,397130000.0
Loews Corp,L,R8V1FN4M5ITGZOG7BS19,60086,2012.0,Q2TTM,2011-07-01,2012-06-30,,1085000000.0,2.15,2.15,0.25,2.14,,430000000.0,464000000.0,1439000000.0,1439000000.0,,851000000.0,588000000.0,-464000000.0,1953000000.0,3076000000.0,5146000000.0,2312000000.0,6710000000.0,5487000000.0,,,464000000.0,11718000000.0,14051000000.0,1869000000.0,13587000000.0,400000000.0,396400000.0,397130000.0
Loews Corp,L,R8V1FN4M5ITGZOG7BS19,60086,2012.0,Q2,2012-04-01,2012-06-30,2013-07-30 16:18:04+00:00,309000000.0,0.14,0.14,0.0625,0.14,,16000000.0,111000000.0,198000000.0,198000000.0,,56000000.0,142000000.0,-111000000.0,406000000.0,,1406000000.0,588000000.0,1668000000.0,1348000000.0,,726000000.0,111000000.0,3063000000.0,3388000000.0,214000000.0,3277000000.0,400000000.0,396400000.0,397130000.0
Loews Corp,L,R8V1FN4M5ITGZOG7BS19,60086,2012.0,Q1TTM,2011-04-01,2012-03-31,,1126000000.0,2.63,2.63,0.25,2.62,,558000000.0,482000000.0,1648000000.0,1648000000.0,,1047000000.0,601000000.0,-482000000.0,2085000000.0,3220000000.0,4885000000.0,2263000000.0,6637000000.0,5506000000.0,,,482000000.0,11517000000.0,14205000000.0,2206000000.0,13723000000.0,394600000.0,396770000.0,397440000.0
Loews Corp,L,R8V1FN4M5ITGZOG7BS19,60086,2012.0,Q1,2012-01-01,2012-03-31,2013-04-30 10:48:58+00:00,295000000.0,0.93,0.93,0.0625,0.92,,222000000.0,111000000.0,519000000.0,519000000.0,,367000000.0,152000000.0,-111000000.0,758000000.0,,1216000000.0,582000000.0,1649000000.0,1381000000.0,,755000000.0,111000000.0,2892000000.0,3744000000.0,741000000.0,3633000000.0,394600000.0,396770000.0,397440000.0
Loews Corp,L,R8V1FN4M5ITGZOG7BS19,60086,2013.0,Q4,2013-10-01,2013-12-31,,358000000.0,-0.51,-0.51,0.06,-0.51,,229000000.0,104000000.0,-125000000.0,408000000.0,-533000000.0,-198000000.0,73000000.0,-104000000.0,695000000.0,,1068000000.0,429000000.0,1882000000.0,1547000000.0,,708000000.0,104000000.0,2973000000.0,3714000000.0,637000000.0,3610000000.0,388900000.0,388640000.0,388900000.0
Loews Corp,L,R8V1FN4M5ITGZOG7BS19,60086,2013.0,FY,2013-01-01,2013-12-31,2015-02-23 21:36:03+00:00,1362000000.0,1.53,1.53,0.25,1.53,,656000000.0,425000000.0,1069000000.0,1621000000.0,-552000000.0,595000000.0,474000000.0,-425000000.0,2441000000.0,,4743000000.0,2057000000.0,7271000000.0,5806000000.0,,2844000000.0,425000000.0,11911000000.0,14613000000.0,2277000000.0,14188000000.0,388900000.0,388640000.0,388900000.0
Loews Corp,L,R8V1FN4M5ITGZOG7BS19,60086,2013.0,Q3YTD,2013-01-01,2013-09-30,,1004000000.0,2.04,2.04,0.19,2.04,,427000000.0,321000000.0,1194000000.0,1213000000.0,-19000000.0,793000000.0,401000000.0,-321000000.0,1746000000.0,,3675000000.0,1628000000.0,5389000000.0,4259000000.0,,2136000000.0,321000000.0,8938000000.0,10899000000.0,1640000000.0,10578000000.0,386300000.0,387260000.0,388140000.0
Loews Corp,L,R8V1FN4M5ITGZOG7BS19,60086,2013.0,Q3TTM,2012-10-01,2013-09-30,,1341000000.0,1.96,1.96,0.25,1.96,,603000000.0,416000000.0,1277000000.0,1695000000.0,-418000000.0,761000000.0,516000000.0,-416000000.0,2118000000.0,,4245000000.0,1957000000.0,7172000000.0,5824000000.0,,2877000000.0,416000000.0,11410000000.0,14124000000.0,2298000000.0,13708000000.0,386300000.0,387260000.0,388140000.0
Loews Corp,L,R8V1FN4M5ITGZOG7BS19,60086,2013.0,Q3,2013-07-01,2013-09-30,2014-11-04 13:54:16+00:00,341000000.0,0.73,0.73,0.0625,0.73,,155000000.0,105000000.0,384000000.0,421000000.0,-37000000.0,282000000.0,102000000.0,-105000000.0,607000000.0,,1197000000.0,474000000.0,1825000000.0,1378000000.0,,691000000.0,105000000.0,2916000000.0,3597000000.0,576000000.0,3492000000.0,386300000.0,387260000.0,388140000.0
Loews Corp,L,R8V1FN4M5ITGZOG7BS19,60086,2013.0,Q2,2013-04-01,2013-06-30,2014-08-04 17:21:42+00:00,335000000.0,0.69,0.69,0.0625,0.69,,163000000.0,108000000.0,412000000.0,403000000.0,9000000.0,269000000.0,143000000.0,-108000000.0,521000000.0,,1122000000.0,550000000.0,1800000000.0,1485000000.0,,745000000.0,108000000.0,2942000000.0,3616000000.0,566000000.0,3508000000.0,389900000.0,388790000.0,389620000.0
Loews Corp,L,R8V1FN4M5ITGZOG7BS19,60086,2013.0,Q2YTD,2013-01-01,2013-06-30,,663000000.0,1.31,1.31,0.13,1.31,,272000000.0,216000000.0,810000000.0,792000000.0,18000000.0,511000000.0,299000000.0,-216000000.0,1139000000.0,,2478000000.0,1154000000.0,3564000000.0,2881000000.0,,1445000000.0,216000000.0,6022000000.0,7302000000.0,1064000000.0,7086000000.0,389900000.0,388790000.0,389620000.0
Loews Corp,L,R8V1FN4M5ITGZOG7BS19,60086,2013.0,Q2TTM,2012-07-01,2013-06-30,,1333000000.0,1.68,1.68,0.25,1.68,,547000000.0,420000000.0,1203000000.0,1584000000.0,-381000000.0,656000000.0,547000000.0,-420000000.0,2200000000.0,,4477000000.0,2014000000.0,7128000000.0,5881000000.0,,2900000000.0,420000000.0,11691000000.0,14242000000.0,2131000000.0,13822000000.0,389900000.0,388790000.0,389620000.0
Loews Corp,L,R8V1FN4M5ITGZOG7BS19,60086,2013.0,Q1TTM,2012-04-01,2013-03-31,,1307000000.0,1.13,1.13,0.25,1.13,,400000000.0,423000000.0,989000000.0,1379000000.0,-390000000.0,443000000.0,546000000.0,-423000000.0,2085000000.0,,4761000000.0,2052000000.0,6996000000.0,5744000000.0,,2881000000.0,423000000.0,11812000000.0,14014000000.0,1779000000.0,13591000000.0,390300000.0,391390000.0,392160000.0
Loews Corp,L,R8V1FN4M5ITGZOG7BS19,60086,2013.0,Q1,2013-01-01,2013-03-31,2014-04-29 15:29:04+00:00,328000000.0,0.62,0.62,0.0625,0.62,,109000000.0,108000000.0,398000000.0,389000000.0,9000000.0,242000000.0,156000000.0,-108000000.0,618000000.0,,1356000000.0,604000000.0,1764000000.0,1396000000.0,,700000000.0,108000000.0,3080000000.0,3686000000.0,498000000.0,3578000000.0,390300000.0,391390000.0,392160000.0
Loews Corp,L,R8V1FN4M5ITGZOG7BS19,60086,2014.0,FY,2014-01-01,2014-12-31,2017-02-16 14:38:36+00:00,1317000000.0,1.55,1.55,0.25,1.55,,457000000.0,498000000.0,962000000.0,1353000000.0,-391000000.0,591000000.0,371000000.0,-498000000.0,2217000000.0,,5109000000.0,2159000000.0,7212000000.0,5591000000.0,,2737000000.0,498000000.0,12017000000.0,14325000000.0,1810000000.0,13827000000.0,381300000.0,381920000.0,382550000.0
Loews Corp,L,R8V1FN4M5ITGZOG7BS19,60086,2014.0,Q4,2014-10-01,2014-12-31,,321000000.0,0.55,0.55,0.06,0.55,,110000000.0,129000000.0,294000000.0,301000000.0,-7000000.0,208000000.0,86000000.0,-129000000.0,527000000.0,,1310000000.0,535000000.0,1785000000.0,1350000000.0,,674000000.0,129000000.0,2981000000.0,3521000000.0,411000000.0,3392000000.0,381300000.0,381920000.0,382550000.0
Loews Corp,L,R8V1FN4M5ITGZOG7BS19,60086,2014.0,Q3YTD,2014-01-01,2014-09-30,,996000000.0,1.0,1.0,0.19,1.0,,347000000.0,369000000.0,668000000.0,1052000000.0,-384000000.0,383000000.0,285000000.0,-369000000.0,1690000000.0,,3799000000.0,1624000000.0,5427000000.0,4241000000.0,,2063000000.0,369000000.0,9036000000.0,10804000000.0,1399000000.0,10435000000.0,378200000.0,380590000.0,381190000.0
Loews Corp,L,R8V1FN4M5ITGZOG7BS19,60086,2014.0,Q3TTM,2013-10-01,2014-09-30,,1354000000.0,0.49,0.49,0.25,0.49,,576000000.0,473000000.0,543000000.0,1460000000.0,-917000000.0,185000000.0,358000000.0,-473000000.0,2385000000.0,,4867000000.0,2053000000.0,7309000000.0,5788000000.0,,2771000000.0,473000000.0,12009000000.0,14518000000.0,2036000000.0,14045000000.0,378200000.0,380590000.0,381190000.0
Loews Corp,L,R8V1FN4M5ITGZOG7BS19,60086,2014.0,Q3,2014-07-01,2014-09-30,2015-11-03 11:56:37+00:00,332000000.0,0.55,0.55,0.0625,0.55,,99000000.0,121000000.0,269000000.0,240000000.0,29000000.0,208000000.0,61000000.0,-121000000.0,488000000.0,,1377000000.0,497000000.0,1810000000.0,1354000000.0,,728000000.0,121000000.0,3063000000.0,3523000000.0,339000000.0,3402000000.0,378200000.0,380590000.0,381190000.0
Loews Corp,L,R8V1FN4M5ITGZOG7BS19,60086,2014.0,Q2,2014-04-01,2014-06-30,2014-08-04 17:21:42+00:00,335000000.0,0.3,0.3,0.0625,0.3,,145000000.0,126000000.0,215000000.0,401000000.0,-186000000.0,116000000.0,99000000.0,-126000000.0,583000000.0,,1145000000.0,549000000.0,1811000000.0,1441000000.0,,650000000.0,126000000.0,2921000000.0,3593000000.0,546000000.0,3467000000.0,386700000.0,385720000.0,386370000.0
Loews Corp,L,R8V1FN4M5ITGZOG7BS19,60086,2014.0,Q2YTD,2014-01-01,2014-06-30,,664000000.0,0.45,0.45,0.13,0.45,,248000000.0,248000000.0,399000000.0,812000000.0,-413000000.0,175000000.0,224000000.0,-248000000.0,1202000000.0,,2422000000.0,1127000000.0,3617000000.0,2887000000.0,,1335000000.0,248000000.0,5973000000.0,7281000000.0,1060000000.0,7033000000.0,386700000.0,385720000.0,386370000.0
Loews Corp,L,R8V1FN4M5ITGZOG7BS19,60086,2014.0,Q2TTM,2013-07-01,2014-06-30,,1363000000.0,0.67,0.67,0.25,0.67,,632000000.0,457000000.0,658000000.0,1641000000.0,-983000000.0,259000000.0,399000000.0,-457000000.0,2504000000.0,,4687000000.0,2030000000.0,7324000000.0,5812000000.0,,2734000000.0,457000000.0,11862000000.0,14592000000.0,2273000000.0,14135000000.0,386700000.0,385720000.0,386370000.0
Loews Corp,L,R8V1FN4M5ITGZOG7BS19,60086,2014.0,Q1TTM,2013-04-01,2014-03-31,,1363000000.0,1.06,1.06,0.25,1.06,,650000000.0,439000000.0,855000000.0,1643000000.0,-788000000.0,412000000.0,443000000.0,-439000000.0,2442000000.0,,4664000000.0,2031000000.0,7313000000.0,5856000000.0,,2829000000.0,439000000.0,11883000000.0,14615000000.0,2293000000.0,14176000000.0,393300000.0,387340000.0,388070000.0
Loews Corp,L,R8V1FN4M5ITGZOG7BS19,60086,2014.0,Q1,2014-01-01,2014-03-31,2015-05-05 17:01:09+00:00,329000000.0,0.15,0.15,0.0625,0.15,,103000000.0,122000000.0,184000000.0,411000000.0,-227000000.0,59000000.0,125000000.0,-122000000.0,619000000.0,,1277000000.0,578000000.0,1806000000.0,1446000000.0,,685000000.0,122000000.0,3052000000.0,3688000000.0,514000000.0,3566000000.0,393300000.0,387340000.0,388070000.0
Loews Corp,L,R8V1FN4M5ITGZOG7BS19,60086,2015.0,FY,2015-01-01,2015-12-31,2018-02-15 10:26:25+00:00,1540000000.0,0.72,0.72,0.25,0.72,,-43000000.0,520000000.0,287000000.0,287000000.0,,260000000.0,27000000.0,-520000000.0,1795000000.0,,5727000000.0,2339000000.0,6921000000.0,5384000000.0,,2360000000.0,520000000.0,12651000000.0,13415000000.0,244000000.0,12895000000.0,361100000.0,362430000.0,362690000.0
Loews Corp,L,R8V1FN4M5ITGZOG7BS19,60086,2015.0,Q4,2015-10-01,2015-12-31,,604000000.0,-0.53,-0.53,0.06,-0.53,,-213000000.0,127000000.0,-291000000.0,-291000000.0,,-201000000.0,-90000000.0,-127000000.0,418000000.0,,1730000000.0,623000000.0,1748000000.0,1376000000.0,,544000000.0,127000000.0,3710000000.0,3333000000.0,-504000000.0,3206000000.0,361100000.0,362430000.0,362690000.0
Loews Corp,L,R8V1FN4M5ITGZOG7BS19,60086,2015.0,Q3,2015-07-01,2015-09-30,2016-10-31 14:01:29+00:00,319000000.0,0.5,0.5,0.0625,0.5,,66000000.0,128000000.0,282000000.0,282000000.0,,182000000.0,100000000.0,-128000000.0,271000000.0,,1174000000.0,548000000.0,1751000000.0,1200000000.0,,599000000.0,128000000.0,2693000000.0,3169000000.0,348000000.0,3041000000.0,364000000.0,360910000.0,361100000.0
Loews Corp,L,R8V1FN4M5ITGZOG7BS19,60086,2015.0,Q3YTD,2015-01-01,2015-09-30,,936000000.0,1.25,1.25,0.19,1.25,,170000000.0,393000000.0,578000000.0,578000000.0,,461000000.0,117000000.0,-393000000.0,1377000000.0,,3997000000.0,1716000000.0,5173000000.0,4008000000.0,,1816000000.0,393000000.0,8941000000.0,10082000000.0,748000000.0,9689000000.0,364000000.0,360910000.0,361100000.0
Loews Corp,L,R8V1FN4M5ITGZOG7BS19,60086,2015.0,Q3TTM,2014-10-01,2015-09-30,,1257000000.0,1.8,1.8,0.25,1.8,,280000000.0,522000000.0,872000000.0,879000000.0,-7000000.0,669000000.0,203000000.0,-522000000.0,1904000000.0,,5307000000.0,2251000000.0,6958000000.0,5358000000.0,,2490000000.0,522000000.0,11922000000.0,13603000000.0,1159000000.0,13081000000.0,364000000.0,360910000.0,361100000.0
Loews Corp,L,R8V1FN4M5ITGZOG7BS19,60086,2015.0,Q2,2015-04-01,2015-06-30,2016-08-01 11:09:26+00:00,314000000.0,0.46,0.46,0.0625,0.46,,48000000.0,134000000.0,247000000.0,247000000.0,,170000000.0,77000000.0,-134000000.0,508000000.0,,1223000000.0,575000000.0,1735000000.0,1469000000.0,,617000000.0,134000000.0,3006000000.0,3435000000.0,295000000.0,3301000000.0,369600000.0,369610000.0,369970000.0
Loews Corp,L,R8V1FN4M5ITGZOG7BS19,60086,2015.0,Q2YTD,2015-01-01,2015-06-30,,617000000.0,0.75,0.75,0.13,0.75,,104000000.0,265000000.0,296000000.0,296000000.0,,279000000.0,17000000.0,-265000000.0,1106000000.0,,2823000000.0,1168000000.0,3422000000.0,2808000000.0,,1217000000.0,265000000.0,6248000000.0,6913000000.0,400000000.0,6648000000.0,369600000.0,369610000.0,369970000.0
Loews Corp,L,R8V1FN4M5ITGZOG7BS19,60086,2015.0,Q2TTM,2014-07-01,2015-06-30,,1270000000.0,1.85,1.85,0.25,1.85,,313000000.0,515000000.0,859000000.0,837000000.0,22000000.0,695000000.0,164000000.0,-515000000.0,2121000000.0,,5510000000.0,2200000000.0,7017000000.0,5512000000.0,,2619000000.0,515000000.0,12292000000.0,13957000000.0,1150000000.0,13442000000.0,369600000.0,369610000.0,369970000.0
Loews Corp,L,R8V1FN4M5ITGZOG7BS19,60086,2015.0,Q1,2015-01-01,2015-03-31,2016-05-03 14:07:52+00:00,303000000.0,0.29,0.29,0.0625,0.29,,56000000.0,131000000.0,49000000.0,49000000.0,,109000000.0,-60000000.0,-131000000.0,598000000.0,,1600000000.0,593000000.0,1687000000.0,1339000000.0,,600000000.0,131000000.0,3242000000.0,3478000000.0,105000000.0,3347000000.0,375900000.0,372830000.0,373190000.0
Loews Corp,L,R8V1FN4M5ITGZOG7BS19,60086,2015.0,Q1TTM,2014-04-01,2015-03-31,,1291000000.0,1.69,1.69,0.25,1.69,,410000000.0,507000000.0,827000000.0,991000000.0,-164000000.0,641000000.0,186000000.0,-507000000.0,2196000000.0,,5432000000.0,2174000000.0,7093000000.0,5484000000.0,,2652000000.0,507000000.0,12207000000.0,14115000000.0,1401000000.0,13608000000.0,375900000.0,372830000.0,373190000.0
Loews Corp,L,R8V1FN4M5ITGZOG7BS19,60086,2016.0,FY,2016-01-01,2016-12-31,2019-02-13 15:42:38+00:00,1235000000.0,1.93,1.93,0.25,1.93,,220000000.0,536000000.0,716000000.0,716000000.0,,654000000.0,62000000.0,-536000000.0,2185000000.0,,5115000000.0,3635000000.0,6924000000.0,5283000000.0,,361000000.0,536000000.0,11633000000.0,13105000000.0,936000000.0,12569000000.0,338900000.0,337950000.0,338310000.0
Loews Corp,L,R8V1FN4M5ITGZOG7BS19,60086,2016.0,Q4,2016-10-01,2016-12-31,,309000000.0,0.85,0.85,0.06,0.85,,49000000.0,133000000.0,412000000.0,412000000.0,,290000000.0,122000000.0,-133000000.0,597000000.0,,1101000000.0,1793000000.0,1728000000.0,1334000000.0,,-780000000.0,133000000.0,2744000000.0,3338000000.0,461000000.0,3205000000.0,338900000.0,337950000.0,338310000.0
Loews Corp,L,R8V1FN4M5ITGZOG7BS19,60086,2016.0,Q3,2016-07-01,2016-09-30,2017-10-30 13:24:18+00:00,314000000.0,0.97,0.97,0.0625,0.97,,163000000.0,130000000.0,393000000.0,393000000.0,,327000000.0,66000000.0,-130000000.0,606000000.0,,1085000000.0,574000000.0,1767000000.0,1202000000.0,,340000000.0,130000000.0,2601000000.0,3287000000.0,556000000.0,3157000000.0,337100000.0,337180000.0,337620000.0
Loews Corp,L,R8V1FN4M5ITGZOG7BS19,60086,2016.0,Q3YTD,2016-01-01,2016-09-30,,926000000.0,1.08,1.08,0.19,1.08,,171000000.0,403000000.0,304000000.0,304000000.0,,364000000.0,-60000000.0,-403000000.0,1588000000.0,,4014000000.0,1842000000.0,5196000000.0,3949000000.0,,1141000000.0,403000000.0,8889000000.0,9767000000.0,475000000.0,9364000000.0,337100000.0,337180000.0,337620000.0
Loews Corp,L,R8V1FN4M5ITGZOG7BS19,60086,2016.0,Q3TTM,2015-10-01,2016-09-30,,1530000000.0,0.55,0.55,0.25,0.55,,-42000000.0,530000000.0,13000000.0,13000000.0,,163000000.0,-150000000.0,-530000000.0,2006000000.0,,5744000000.0,2465000000.0,6944000000.0,5325000000.0,,1685000000.0,530000000.0,12599000000.0,13100000000.0,-29000000.0,12570000000.0,337100000.0,337180000.0,337620000.0
Loews Corp,L,R8V1FN4M5ITGZOG7BS19,60086,2016.0,Q2,2016-04-01,2016-06-30,2017-07-31 11:58:21+00:00,305000000.0,-0.19,-0.19,0.0625,-0.19,,12000000.0,130000000.0,-288000000.0,-288000000.0,,-65000000.0,-223000000.0,-130000000.0,588000000.0,,1809000000.0,632000000.0,1730000000.0,1339000000.0,,357000000.0,130000000.0,3453000000.0,3307000000.0,-276000000.0,3177000000.0,342100000.0,338720000.0,338720000.0
Loews Corp,L,R8V1FN4M5ITGZOG7BS19,60086,2016.0,Q2YTD,2016-01-01,2016-06-30,,612000000.0,0.11,0.11,0.13,0.11,,8000000.0,273000000.0,-89000000.0,-89000000.0,,37000000.0,-126000000.0,-273000000.0,982000000.0,,2929000000.0,1268000000.0,3429000000.0,2747000000.0,,801000000.0,273000000.0,6288000000.0,6480000000.0,-81000000.0,6207000000.0,342100000.0,338720000.0,338720000.0
Loews Corp,L,R8V1FN4M5ITGZOG7BS19,60086,2016.0,Q2TTM,2015-07-01,2016-06-30,,1535000000.0,0.08,0.08,0.25,0.08,,-139000000.0,528000000.0,-98000000.0,-98000000.0,,18000000.0,-116000000.0,-528000000.0,1671000000.0,,5833000000.0,2439000000.0,6928000000.0,5323000000.0,,1944000000.0,528000000.0,12691000000.0,12982000000.0,-237000000.0,12454000000.0,342100000.0,338720000.0,338720000.0
Loews Corp,L,R8V1FN4M5ITGZOG7BS19,60086,2016.0,Q1,2016-01-01,2016-03-31,2017-05-01 12:23:06+00:00,307000000.0,0.3,0.3,0.0625,0.3,,-4000000.0,143000000.0,199000000.0,199000000.0,,102000000.0,97000000.0,-143000000.0,394000000.0,,1120000000.0,636000000.0,1699000000.0,1408000000.0,,444000000.0,143000000.0,2835000000.0,3173000000.0,195000000.0,3030000000.0,340000000.0,339100000.0,339250000.0
Loews Corp,L,R8V1FN4M5ITGZOG7BS19,60086,2016.0,Q1TTM,2015-04-01,2016-03-31,,1544000000.0,0.73,0.73,0.25,0.73,,-103000000.0,532000000.0,437000000.0,437000000.0,,253000000.0,184000000.0,-532000000.0,1591000000.0,,5247000000.0,2382000000.0,6933000000.0,5453000000.0,,2204000000.0,532000000.0,12244000000.0,13110000000.0,334000000.0,12578000000.0,340000000.0,339100000.0,339250000.0
Loews Corp,L,R8V1FN4M5ITGZOG7BS19,60086,2017.0,FY,2017-01-01,2017-12-31,2020-02-11 18:44:28+00:00,1233000000.0,3.46,3.46,0.25,3.45,,170000000.0,646000000.0,1412000000.0,1412000000.0,,1164000000.0,248000000.0,-646000000.0,2304000000.0,,4964000000.0,4053000000.0,6988000000.0,5310000000.0,,390000000.0,646000000.0,11507000000.0,13735000000.0,1582000000.0,13089000000.0,336400000.0,336610000.0,337500000.0
Loews Corp,L,R8V1FN4M5ITGZOG7BS19,60086,2017.0,Q4,2017-10-01,2017-12-31,,307000000.0,1.43,1.43,0.06,1.43,,-70000000.0,142000000.0,531000000.0,531000000.0,,481000000.0,50000000.0,-142000000.0,572000000.0,,1388000000.0,790000000.0,1803000000.0,1257000000.0,,390000000.0,142000000.0,2952000000.0,3555000000.0,461000000.0,3413000000.0,336400000.0,336610000.0,337500000.0
Loews Corp,L,R8V1FN4M5ITGZOG7BS19,60086,2017.0,Q3,2017-07-01,2017-09-30,2018-11-05 12:32:24+00:00,309000000.0,0.46,0.46,0.0625,0.46,,52000000.0,223000000.0,212000000.0,212000000.0,,157000000.0,55000000.0,-223000000.0,573000000.0,,1245000000.0,1142000000.0,1806000000.0,1480000000.0,,,223000000.0,3034000000.0,3521000000.0,264000000.0,3298000000.0,341300000.0,336910000.0,337790000.0
Loews Corp,L,R8V1FN4M5ITGZOG7BS19,60086,2017.0,Q3YTD,2017-01-01,2017-09-30,,926000000.0,2.03,2.03,0.19,2.02,,240000000.0,504000000.0,881000000.0,881000000.0,,683000000.0,198000000.0,-504000000.0,1732000000.0,,3576000000.0,3263000000.0,5185000000.0,4053000000.0,,,504000000.0,8555000000.0,10180000000.0,1121000000.0,9676000000.0,341300000.0,336910000.0,337790000.0
Loews Corp,L,R8V1FN4M5ITGZOG7BS19,60086,2017.0,Q3TTM,2016-10-01,2017-09-30,,1235000000.0,2.88,2.88,0.25,2.87,,289000000.0,637000000.0,1293000000.0,1293000000.0,,973000000.0,320000000.0,-637000000.0,2329000000.0,,4677000000.0,5056000000.0,6913000000.0,5387000000.0,,-780000000.0,637000000.0,11299000000.0,13518000000.0,1582000000.0,12881000000.0,341300000.0,336910000.0,337790000.0
Loews Corp,L,R8V1FN4M5ITGZOG7BS19,60086,2017.0,Q2,2017-04-01,2017-06-30,2018-07-30 11:54:24+00:00,312000000.0,0.69,0.69,0.0625,0.69,,69000000.0,139000000.0,278000000.0,278000000.0,,231000000.0,47000000.0,-139000000.0,521000000.0,,1281000000.0,1104000000.0,1734000000.0,1280000000.0,,,139000000.0,2873000000.0,3359000000.0,347000000.0,3220000000.0,334800000.0,336910000.0,337720000.0
Loews Corp,L,R8V1FN4M5ITGZOG7BS19,60086,2017.0,Q2YTD,2017-01-01,2017-06-30,,617000000.0,1.57,1.57,0.13,1.56,,188000000.0,281000000.0,669000000.0,669000000.0,,526000000.0,143000000.0,-281000000.0,1159000000.0,,2331000000.0,2121000000.0,3379000000.0,2573000000.0,,,281000000.0,5521000000.0,6659000000.0,857000000.0,6378000000.0,334800000.0,336910000.0,337720000.0
Loews Corp,L,R8V1FN4M5ITGZOG7BS19,60086,2017.0,Q2TTM,2016-07-01,2017-06-30,,1240000000.0,3.39,3.39,0.25,3.38,,400000000.0,544000000.0,1474000000.0,1474000000.0,,1143000000.0,331000000.0,-544000000.0,2362000000.0,,4517000000.0,4488000000.0,6874000000.0,5109000000.0,,-440000000.0,544000000.0,10866000000.0,13284000000.0,1874000000.0,12740000000.0,334800000.0,336910000.0,337720000.0
Loews Corp,L,R8V1FN4M5ITGZOG7BS19,60086,2017.0,Q1,2017-01-01,2017-03-31,2018-04-30 11:48:10+00:00,305000000.0,0.88,0.88,0.0625,0.87,,119000000.0,142000000.0,391000000.0,391000000.0,,295000000.0,96000000.0,-142000000.0,638000000.0,,1050000000.0,1017000000.0,1645000000.0,1293000000.0,,,142000000.0,2648000000.0,3300000000.0,510000000.0,3158000000.0,335200000.0,336880000.0,337680000.0
Loews Corp,L,R8V1FN4M5ITGZOG7BS19,60086,2017.0,Q1TTM,2016-04-01,2017-03-31,,1233000000.0,2.51,2.51,0.25,2.5,,343000000.0,535000000.0,908000000.0,908000000.0,,847000000.0,61000000.0,-535000000.0,2429000000.0,,5045000000.0,4016000000.0,6870000000.0,5168000000.0,,-83000000.0,535000000.0,11446000000.0,13232000000.0,1251000000.0,12697000000.0,335200000.0,336880000.0,337680000.0
Loews Corp,L,R8V1FN4M5ITGZOG7BS19,60086,2018.0,FY,2018-01-01,2018-12-31,2020-02-11 18:44:28+00:00,1335000000.0,1.99,1.99,0.25,1.99,,128000000.0,574000000.0,706000000.0,706000000.0,,636000000.0,70000000.0,-574000000.0,1760000000.0,,5751000000.0,3987000000.0,7312000000.0,5572000000.0,,1007000000.0,574000000.0,12658000000.0,14066000000.0,834000000.0,13492000000.0,319600000.0,319060000.0,319930000.0
Loews Corp,L,R8V1FN4M5ITGZOG7BS19,60086,2018.0,Q4,2018-10-01,2018-12-31,,343000000.0,-0.5,-0.5,0.19,-0.5,,-21000000.0,144000000.0,-211000000.0,-211000000.0,,-165000000.0,-46000000.0,-144000000.0,188000000.0,,1438000000.0,977000000.0,1859000000.0,1594000000.0,,263000000.0,144000000.0,3375000000.0,3287000000.0,-232000000.0,3143000000.0,319600000.0,319060000.0,319930000.0
Loews Corp,L,R8V1FN4M5ITGZOG7BS19,60086,2018.0,Q3,2018-07-01,2018-09-30,2019-10-28 13:34:29+00:00,337000000.0,0.88,0.88,0.0625,0.88,,65000000.0,146000000.0,289000000.0,289000000.0,,278000000.0,11000000.0,-146000000.0,509000000.0,,1459000000.0,988000000.0,1853000000.0,1312000000.0,,258000000.0,146000000.0,3108000000.0,3608000000.0,354000000.0,3462000000.0,315900000.0,315900000.0,316810000.0
Loews Corp,L,R8V1FN4M5ITGZOG7BS19,60086,2018.0,Q3YTD,2018-01-01,2018-09-30,,992000000.0,2.49,2.49,0.06,2.49,,149000000.0,430000000.0,917000000.0,917000000.0,,801000000.0,116000000.0,-430000000.0,1572000000.0,,4313000000.0,3010000000.0,5453000000.0,3978000000.0,,744000000.0,430000000.0,9283000000.0,10779000000.0,1066000000.0,10349000000.0,315900000.0,315900000.0,316810000.0
Loews Corp,L,R8V1FN4M5ITGZOG7BS19,60086,2018.0,Q3TTM,2017-10-01,2018-09-30,,1299000000.0,3.92,3.92,0.13,3.92,,79000000.0,572000000.0,1448000000.0,1448000000.0,,1282000000.0,166000000.0,-572000000.0,2144000000.0,,5701000000.0,3800000000.0,7256000000.0,5235000000.0,,1134000000.0,572000000.0,12235000000.0,14334000000.0,1527000000.0,13762000000.0,315900000.0,315900000.0,316810000.0
Loews Corp,L,R8V1FN4M5ITGZOG7BS19,60086,2018.0,Q2,2018-04-01,2018-06-30,2019-08-05 12:46:11+00:00,359000000.0,0.72,0.72,,0.72,,59000000.0,143000000.0,248000000.0,248000000.0,,230000000.0,18000000.0,-143000000.0,548000000.0,,1454000000.0,979000000.0,1815000000.0,1327000000.0,,248000000.0,143000000.0,3140000000.0,3590000000.0,307000000.0,3447000000.0,319400000.0,318870000.0,319780000.0
Loews Corp,L,R8V1FN4M5ITGZOG7BS19,60086,2018.0,Q2YTD,2018-01-01,2018-06-30,,655000000.0,1.61,1.61,,1.61,,84000000.0,284000000.0,628000000.0,628000000.0,,523000000.0,105000000.0,-284000000.0,1063000000.0,,2854000000.0,2022000000.0,3600000000.0,2666000000.0,,486000000.0,284000000.0,6175000000.0,7171000000.0,712000000.0,6887000000.0,319400000.0,318870000.0,319780000.0
Loews Corp,L,R8V1FN4M5ITGZOG7BS19,60086,2018.0,Q2TTM,2017-07-01,2018-06-30,,1271000000.0,3.5,3.5,0.13,3.5,,66000000.0,649000000.0,1371000000.0,1371000000.0,,1161000000.0,210000000.0,-649000000.0,2208000000.0,,5487000000.0,3954000000.0,7209000000.0,5403000000.0,,876000000.0,649000000.0,12161000000.0,14247000000.0,1437000000.0,13598000000.0,319400000.0,318870000.0,319780000.0
Loews Corp,L,R8V1FN4M5ITGZOG7BS19,60086,2018.0,Q1,2018-01-01,2018-03-31,2019-04-29 12:11:20+00:00,296000000.0,0.89,0.89,0.0625,0.89,,25000000.0,141000000.0,380000000.0,380000000.0,,293000000.0,87000000.0,-141000000.0,515000000.0,,1400000000.0,1043000000.0,1785000000.0,1339000000.0,,238000000.0,141000000.0,3035000000.0,3581000000.0,405000000.0,3440000000.0,329200000.0,327780000.0,328720000.0
Loews Corp,L,R8V1FN4M5ITGZOG7BS19,60086,2018.0,Q1TTM,2017-04-01,2018-03-31,,1224000000.0,3.47,3.47,0.19,3.47,,76000000.0,645000000.0,1401000000.0,1401000000.0,,1162000000.0,239000000.0,-645000000.0,2181000000.0,,5314000000.0,4079000000.0,7128000000.0,5356000000.0,,628000000.0,645000000.0,11894000000.0,14016000000.0,1477000000.0,13371000000.0,329200000.0,327780000.0,328720000.0
Loews Corp,L,R8V1FN4M5ITGZOG7BS19,60086,2019.0,Q4,2019-10-01,2019-12-31,,358000000.0,0.75,0.75,0.13,0.74,,65000000.0,142000000.0,211000000.0,211000000.0,,217000000.0,-6000000.0,-142000000.0,630000000.0,,1617000000.0,1032000000.0,1911000000.0,1483000000.0,,303000000.0,142000000.0,3458000000.0,3876000000.0,276000000.0,3734000000.0,302600000.0,302700000.0,303350000.0
Loews Corp,L,R8V1FN4M5ITGZOG7BS19,60086,2019.0,FY,2019-01-01,2019-12-31,2020-02-11 18:44:28+00:00,1383000000.0,3.08,3.08,0.25,3.07,,248000000.0,591000000.0,871000000.0,871000000.0,,932000000.0,-61000000.0,-591000000.0,2404000000.0,,6032000000.0,3938000000.0,7428000000.0,5806000000.0,,1161000000.0,591000000.0,13221000000.0,14931000000.0,1119000000.0,14340000000.0,302600000.0,302700000.0,303350000.0
Loews Corp,L,R8V1FN4M5ITGZOG7BS19,60086,2019.0,Q3YTD,2019-01-01,2019-09-30,,1025000000.0,2.33,2.33,0.13,2.33,,183000000.0,449000000.0,660000000.0,660000000.0,,715000000.0,-55000000.0,-449000000.0,1774000000.0,,4415000000.0,2906000000.0,5517000000.0,4323000000.0,,858000000.0,449000000.0,9763000000.0,11055000000.0,843000000.0,10606000000.0,300000000.0,301650000.0,302350000.0
Loews Corp,L,R8V1FN4M5ITGZOG7BS19,60086,2019.0,Q3TTM,2018-10-01,2019-09-30,,1368000000.0,1.83,1.83,0.31,1.83,,162000000.0,593000000.0,449000000.0,449000000.0,,550000000.0,-101000000.0,-593000000.0,1962000000.0,,5853000000.0,3883000000.0,7376000000.0,5917000000.0,,1121000000.0,593000000.0,13138000000.0,14342000000.0,611000000.0,13749000000.0,300000000.0,301650000.0,302350000.0
Loews Corp,L,R8V1FN4M5ITGZOG7BS19,60086,2019.0,Q3,2019-07-01,2019-09-30,2019-10-28 13:34:29+00:00,345000000.0,0.24,0.24,0.0625,0.24,,21000000.0,144000000.0,39000000.0,39000000.0,,72000000.0,-33000000.0,-144000000.0,533000000.0,,1512000000.0,960000000.0,1890000000.0,1614000000.0,,292000000.0,144000000.0,3471000000.0,3675000000.0,60000000.0,3531000000.0,300000000.0,301650000.0,302350000.0
Loews Corp,L,R8V1FN4M5ITGZOG7BS19,60086,2019.0,Q2YTD,2019-01-01,2019-06-30,,680000000.0,2.09,2.09,0.06,2.09,,162000000.0,305000000.0,621000000.0,621000000.0,,643000000.0,-22000000.0,-305000000.0,1241000000.0,,2903000000.0,1946000000.0,3627000000.0,2709000000.0,,566000000.0,305000000.0,6292000000.0,7380000000.0,783000000.0,7075000000.0,303700000.0,303840000.0,304540000.0
Loews Corp,L,R8V1FN4M5ITGZOG7BS19,60086,2019.0,Q2TTM,2018-07-01,2019-06-30,,1360000000.0,2.47,2.47,0.31,2.47,,206000000.0,595000000.0,699000000.0,699000000.0,,756000000.0,-57000000.0,-595000000.0,1938000000.0,,5800000000.0,3911000000.0,7339000000.0,5615000000.0,,1087000000.0,595000000.0,12775000000.0,14275000000.0,905000000.0,13680000000.0,303700000.0,303840000.0,304540000.0
Loews Corp,L,R8V1FN4M5ITGZOG7BS19,60086,2019.0,Q2,2019-04-01,2019-06-30,2019-08-05 12:46:11+00:00,338000000.0,0.82,0.82,,0.82,,50000000.0,164000000.0,225000000.0,225000000.0,,249000000.0,-24000000.0,-164000000.0,553000000.0,,1494000000.0,961000000.0,1824000000.0,1352000000.0,,285000000.0,164000000.0,3184000000.0,3623000000.0,275000000.0,3459000000.0,303700000.0,303840000.0,304540000.0
Loews Corp,L,R8V1FN4M5ITGZOG7BS19,60086,2019.0,Q1,2019-01-01,2019-03-31,2020-05-04 14:44:21+00:00,342000000.0,1.27,1.27,0.0625,1.27,,112000000.0,141000000.0,396000000.0,396000000.0,,394000000.0,2000000.0,-141000000.0,688000000.0,,1409000000.0,985000000.0,1803000000.0,1357000000.0,,281000000.0,141000000.0,3108000000.0,3757000000.0,508000000.0,3616000000.0,310200000.0,309830000.0,310360000.0
Loews Corp,L,R8V1FN4M5ITGZOG7BS19,60086,2019.0,Q1TTM,2018-04-01,2019-03-31,,1381000000.0,2.37,2.37,0.31,2.37,,215000000.0,574000000.0,722000000.0,722000000.0,,737000000.0,-15000000.0,-574000000.0,1933000000.0,,5760000000.0,3929000000.0,7330000000.0,5590000000.0,,1050000000.0,574000000.0,12731000000.0,14242000000.0,937000000.0,13668000000.0,310200000.0,309830000.0,310360000.0
Loews Corp,L,R8V1FN4M5ITGZOG7BS19,60086,2020.0,Q1TTM,2019-04-01,2020-03-31,,1385000000.0,-0.39,-0.39,0.25,-0.4,,59000000.0,594000000.0,-569000000.0,-569000000.0,,-94000000.0,-475000000.0,-594000000.0,1663000000.0,,6930000000.0,3935000000.0,7494000000.0,5874000000.0,,1181000000.0,594000000.0,14189000000.0,14273000000.0,-510000000.0,13679000000.0,287300000.0,287040000.0,287040000.0
Loews Corp,L,R8V1FN4M5ITGZOG7BS19,60086,2020.0,Q1,2020-01-01,2020-03-31,2020-05-04 14:44:21+00:00,344000000.0,-2.2,-2.2,0.0625,-2.2,,-77000000.0,144000000.0,-1044000000.0,-1044000000.0,,-632000000.0,-412000000.0,-144000000.0,-53000000.0,,2307000000.0,982000000.0,1869000000.0,1425000000.0,,301000000.0,144000000.0,4076000000.0,3099000000.0,-1121000000.0,2955000000.0,287300000.0,287040000.0,287040000.0
