company_name,company_ticker,company_lei,company_cik,year,quarter,start_date,end_date,filing_date,amortizationexpense,basicdilutedeps,basiceps,cashdividendspershare,depositsinterestexpense,dilutedeps,fedfundsandrepointerestincome,impairmentexpense,incometaxexpense,investmentbankingincome,investmentsecuritiesinterestincome,loansandleaseinterestincome,longtermdebtinterestexpense,marketingexpense,netincome,netincomecontinuing,netincometocommon,netinterestincome,netoccupancyequipmentexpense,netrealizedcapitalgains,otherinterestexpense,otherinterestincome,othernoninterestincome,otheroperatingexpenses,otherservicechargeincome,preferreddividends,provisionforcreditlosses,restructuringcharge,salariesandemployeebenefitsexpense,shorttermborrowinginterestexpense,totalinterestexpense,totalinterestincome,totalnoninterestexpense,totalnoninterestincome,totalpretaxincome,totalrevenue,tradingaccountinterestincome,trustfeeincome,weightedavebasicdilutedsharesos,weightedavebasicsharesos,weightedavedilutedsharesos
Bank of America Corp,BAC,9DJT3UXIJIZJI4WXO774,70858,2007.0,FY,2007-01-01,2007-12-31,2010-02-26 07:51:04+00:00,1676000000.0,3.32,3.32,2.4,18093000000.0,3.29,7722000000.0,,5942000000.0,2345000000.0,9784000000.0,55681000000.0,12803000000.0,2356000000.0,14982000000.0,14982000000.0,14800000000.0,34441000000.0,6391000000.0,-1043000000.0,,4700000000.0,902000000.0,7938000000.0,30188000000.0,182000000.0,8385000000.0,410000000.0,18753000000.0,21967000000.0,52863000000.0,87304000000.0,37524000000.0,32392000000.0,20924000000.0,66833000000.0,9417000000.0,,4457800000.0,4423579000.0,4463213000.0
Bank of America Corp,BAC,9DJT3UXIJIZJI4WXO774,70858,2008.0,FY,2008-01-01,2008-12-31,2011-02-25 16:27:28+00:00,1834000000.0,0.54,0.54,2.24,15250000000.0,0.54,3313000000.0,,420000000.0,2263000000.0,13146000000.0,56017000000.0,12712000000.0,2368000000.0,4008000000.0,4008000000.0,2556000000.0,45360000000.0,7827000000.0,-7709000000.0,,4151000000.0,4087000000.0,10194000000.0,28781000000.0,1452000000.0,26825000000.0,935000000.0,18371000000.0,12362000000.0,40324000000.0,85684000000.0,41529000000.0,27422000000.0,4428000000.0,72782000000.0,9057000000.0,,4733300000.0,4592085000.0,4596428000.0
Bank of America Corp,BAC,9DJT3UXIJIZJI4WXO774,70858,2008.0,Q3,2008-07-01,2008-09-30,2009-11-06 17:07:00+00:00,464000000.0,0.15,0.15,0.64,3846000000.0,0.15,912000000.0,,334000000.0,474000000.0,3621000000.0,14261000000.0,3485000000.0,605000000.0,1177000000.0,1177000000.0,704000000.0,11642000000.0,2121000000.0,-1612000000.0,,1058000000.0,1674000000.0,3025000000.0,7443000000.0,473000000.0,6450000000.0,247000000.0,5198000000.0,3223000000.0,10554000000.0,22196000000.0,11660000000.0,7979000000.0,1511000000.0,19621000000.0,2344000000.0,,4693300000.0,4543963000.0,4547578000.0
Bank of America Corp,BAC,9DJT3UXIJIZJI4WXO774,70858,2008.0,Q2,2008-04-01,2008-06-30,2009-08-07 14:56:02+00:00,447000000.0,0.72,0.72,0.64,3520000000.0,0.72,800000000.0,,1511000000.0,695000000.0,2900000000.0,13121000000.0,2799000000.0,571000000.0,3410000000.0,3410000000.0,3224000000.0,10621000000.0,1807000000.0,1076000000.0,,977000000.0,439000000.0,2202000000.0,7579000000.0,186000000.0,5830000000.0,212000000.0,4420000000.0,3087000000.0,9406000000.0,20027000000.0,9659000000.0,9789000000.0,4921000000.0,20410000000.0,2229000000.0,,4477800000.0,4435719000.0,4444098000.0
Bank of America Corp,BAC,9DJT3UXIJIZJI4WXO774,70858,2009.0,Q4,2009-10-01,2009-12-31,,432000000.0,-0.8,-0.8,0.01,1472000000.0,-0.8,327000000.0,,-1225000000.0,1596000000.0,2859000000.0,11405000000.0,3956000000.0,443000000.0,-194000000.0,-194000000.0,-5196000000.0,11559000000.0,2578000000.0,3898000000.0,,1333000000.0,-7139000000.0,5042000000.0,15162000000.0,5002000000.0,10110000000.0,533000000.0,7357000000.0,658000000.0,6086000000.0,17645000000.0,16385000000.0,13517000000.0,-1419000000.0,25076000000.0,1721000000.0,,7600000000.0,7728570000.0,7728570000.0
Bank of America Corp,BAC,9DJT3UXIJIZJI4WXO774,70858,2009.0,FY,2009-01-01,2009-12-31,2012-02-23 16:13:53+00:00,1978000000.0,-0.29,-0.29,0.04,7807000000.0,-0.29,2894000000.0,0.0,-1916000000.0,5551000000.0,12947000000.0,48703000000.0,17488000000.0,1933000000.0,6276000000.0,6276000000.0,-2204000000.0,47109000000.0,9861000000.0,24136000000.0,,5428000000.0,,18692000000.0,42847000000.0,8480000000.0,48570000000.0,2721000000.0,31528000000.0,5512000000.0,30807000000.0,77916000000.0,66713000000.0,72534000000.0,4360000000.0,119643000000.0,7944000000.0,,7600000000.0,7728570000.0,7728570000.0
Bank of America Corp,BAC,9DJT3UXIJIZJI4WXO774,70858,2009.0,Q3,2009-07-01,2009-09-30,2010-11-05 13:44:37+00:00,510000000.0,-0.26,-0.26,0.01,1710000000.0,-0.26,722000000.0,0.0,-975000000.0,1254000000.0,2975000000.0,11620000000.0,4153000000.0,470000000.0,-1001000000.0,-1001000000.0,-2241000000.0,11423000000.0,2429000000.0,4995000000.0,,1363000000.0,1298000000.0,4690000000.0,7065000000.0,1240000000.0,11705000000.0,594000000.0,7613000000.0,1237000000.0,7100000000.0,18523000000.0,16306000000.0,14612000000.0,-1976000000.0,26035000000.0,1843000000.0,,8619200000.0,8633834000.0,8633834000.0
Bank of America Corp,BAC,9DJT3UXIJIZJI4WXO774,70858,2009.0,Q3YTD,2009-01-01,2009-09-30,,1546000000.0,0.51,0.51,0.03,6335000000.0,0.51,2567000000.0,,-691000000.0,3955000000.0,10088000000.0,37298000000.0,13532000000.0,1490000000.0,6470000000.0,6470000000.0,2992000000.0,35550000000.0,7283000000.0,20238000000.0,,4095000000.0,7139000000.0,13650000000.0,27685000000.0,3478000000.0,38460000000.0,2188000000.0,24171000000.0,4854000000.0,24721000000.0,60271000000.0,50328000000.0,59017000000.0,5779000000.0,94567000000.0,6223000000.0,,8619200000.0,8633834000.0,8633834000.0
Bank of America Corp,BAC,9DJT3UXIJIZJI4WXO774,70858,2009.0,Q2,2009-04-01,2009-06-30,2010-08-06 14:56:54+00:00,516000000.0,0.33,0.33,0.01,2082000000.0,0.33,690000000.0,,-845000000.0,1646000000.0,3283000000.0,12329000000.0,4484000000.0,499000000.0,3224000000.0,3224000000.0,2419000000.0,11630000000.0,2456000000.0,7713000000.0,,1338000000.0,2527000000.0,4930000000.0,9258000000.0,805000000.0,13375000000.0,829000000.0,7790000000.0,1396000000.0,7962000000.0,19592000000.0,17020000000.0,21144000000.0,2379000000.0,32774000000.0,1952000000.0,,7330300000.0,7241515000.0,7269518000.0
Bank of America Corp,BAC,9DJT3UXIJIZJI4WXO774,70858,2009.0,Q2YTD,2009-01-01,2009-06-30,,1036000000.0,0.77,0.77,0.02,4625000000.0,0.77,1845000000.0,,284000000.0,2701000000.0,7113000000.0,25678000000.0,9379000000.0,1020000000.0,7471000000.0,7471000000.0,5233000000.0,24127000000.0,4854000000.0,15243000000.0,,2732000000.0,5841000000.0,8960000000.0,20620000000.0,2238000000.0,26755000000.0,1594000000.0,16558000000.0,3617000000.0,17621000000.0,41748000000.0,34022000000.0,44405000000.0,7755000000.0,68532000000.0,4380000000.0,,7330300000.0,7241515000.0,7269518000.0
Bank of America Corp,BAC,9DJT3UXIJIZJI4WXO774,70858,2009.0,Q1,2009-01-01,2009-03-31,2010-05-07 07:49:12+00:00,520000000.0,0.44,0.44,0.01,2543000000.0,0.44,1155000000.0,,1129000000.0,1055000000.0,3830000000.0,13349000000.0,4895000000.0,521000000.0,4247000000.0,4247000000.0,2814000000.0,12497000000.0,2398000000.0,7530000000.0,,1394000000.0,3314000000.0,4030000000.0,11362000000.0,1433000000.0,13380000000.0,765000000.0,8768000000.0,2221000000.0,9659000000.0,22156000000.0,17002000000.0,23261000000.0,5376000000.0,35758000000.0,2428000000.0,,6395500000.0,6370815000.0,6393407000.0
Bank of America Corp,BAC,9DJT3UXIJIZJI4WXO774,70858,2010.0,Q4,2010-10-01,2010-12-31,,420000000.0,-0.16,-0.16,0.01,894000000.0,-0.15,486000000.0,2000000000.0,-2351000000.0,1590000000.0,3029000000.0,12149000000.0,3815000000.0,484000000.0,-1244000000.0,-1244000000.0,-1565000000.0,12439000000.0,2481000000.0,3262000000.0,,965000000.0,-1500000000.0,6309000000.0,6607000000.0,321000000.0,5129000000.0,370000000.0,8800000000.0,1142000000.0,5851000000.0,18290000000.0,20864000000.0,9959000000.0,-3595000000.0,22398000000.0,1661000000.0,,9716200000.0,9790472000.0,9790472000.0
Bank of America Corp,BAC,9DJT3UXIJIZJI4WXO774,70858,2010.0,FY,2010-01-01,2010-12-31,2013-02-28 16:03:27+00:00,1731000000.0,-0.37,-0.37,0.04,3997000000.0,-0.37,1832000000.0,12400000000.0,915000000.0,5520000000.0,11667000000.0,50996000000.0,16278000000.0,1963000000.0,-2238000000.0,-2238000000.0,-3595000000.0,51523000000.0,9712000000.0,16873000000.0,,4161000000.0,,20333000000.0,36304000000.0,1357000000.0,28435000000.0,1820000000.0,35149000000.0,3699000000.0,23974000000.0,75497000000.0,83108000000.0,58697000000.0,-1323000000.0,110220000000.0,6841000000.0,,9716200000.0,9790472000.0,9790472000.0
Bank of America Corp,BAC,9DJT3UXIJIZJI4WXO774,70858,2010.0,Q3,2010-07-01,2010-09-30,2011-11-03 16:07:19+00:00,426000000.0,-0.77,-0.77,0.01,950000000.0,-0.77,441000000.0,10400000000.0,1387000000.0,1371000000.0,2605000000.0,12485000000.0,3976000000.0,497000000.0,-7299000000.0,-7299000000.0,-7647000000.0,12435000000.0,2371000000.0,3713000000.0,,1037000000.0,,4699000000.0,9181000000.0,348000000.0,5396000000.0,421000000.0,8402000000.0,848000000.0,5774000000.0,18209000000.0,27216000000.0,14265000000.0,-5912000000.0,26700000000.0,1641000000.0,,9931200000.0,9976351000.0,9976351000.0
Bank of America Corp,BAC,9DJT3UXIJIZJI4WXO774,70858,2010.0,Q3YTD,2010-01-01,2010-09-30,,1311000000.0,-0.21,-0.21,0.03,3103000000.0,-0.22,1346000000.0,10400000000.0,3266000000.0,3930000000.0,8638000000.0,38847000000.0,12463000000.0,1479000000.0,-994000000.0,-994000000.0,-2030000000.0,39084000000.0,7231000000.0,13611000000.0,,3196000000.0,1500000000.0,14024000000.0,29697000000.0,1036000000.0,23306000000.0,1450000000.0,26349000000.0,2557000000.0,18123000000.0,57207000000.0,62244000000.0,48738000000.0,2272000000.0,87822000000.0,5180000000.0,,9931200000.0,9976351000.0,9976351000.0
Bank of America Corp,BAC,9DJT3UXIJIZJI4WXO774,70858,2010.0,Q3TTM,2009-10-01,2010-09-30,,1743000000.0,-1.01,-1.01,0.04,4575000000.0,-1.02,1673000000.0,10400000000.0,2041000000.0,5526000000.0,11497000000.0,50252000000.0,16419000000.0,1922000000.0,-1188000000.0,-1188000000.0,-7226000000.0,50643000000.0,9809000000.0,17509000000.0,,4529000000.0,-5639000000.0,19066000000.0,44859000000.0,6038000000.0,33416000000.0,1983000000.0,33706000000.0,3215000000.0,24209000000.0,74852000000.0,78629000000.0,62255000000.0,853000000.0,112898000000.0,6901000000.0,,9931200000.0,9976351000.0,9976351000.0
Bank of America Corp,BAC,9DJT3UXIJIZJI4WXO774,70858,2010.0,Q2,2010-04-01,2010-06-30,2011-08-04 16:29:52+00:00,439000000.0,0.28,0.28,0.01,1031000000.0,0.27,457000000.0,0.0,672000000.0,1319000000.0,2917000000.0,12887000000.0,4297000000.0,495000000.0,3123000000.0,3123000000.0,2783000000.0,12900000000.0,2427000000.0,3904000000.0,,1062000000.0,,4595000000.0,11030000000.0,340000000.0,8105000000.0,508000000.0,8789000000.0,891000000.0,6219000000.0,19119000000.0,17253000000.0,16253000000.0,3795000000.0,29153000000.0,1796000000.0,,9939300000.0,9956773000.0,10029776000.0
Bank of America Corp,BAC,9DJT3UXIJIZJI4WXO774,70858,2010.0,Q2YTD,2010-01-01,2010-06-30,,885000000.0,0.56,0.56,0.02,2153000000.0,0.55,905000000.0,,1879000000.0,2559000000.0,6033000000.0,26362000000.0,8487000000.0,982000000.0,6305000000.0,6305000000.0,5617000000.0,26649000000.0,4860000000.0,9898000000.0,,2159000000.0,1500000000.0,9325000000.0,20516000000.0,688000000.0,17910000000.0,1029000000.0,17947000000.0,1709000000.0,12349000000.0,38998000000.0,35028000000.0,34473000000.0,8184000000.0,61122000000.0,3539000000.0,,9939300000.0,9956773000.0,10029776000.0
Bank of America Corp,BAC,9DJT3UXIJIZJI4WXO774,70858,2010.0,Q2TTM,2009-07-01,2010-06-30,,1827000000.0,-0.5,-0.5,0.04,5335000000.0,-0.51,1954000000.0,,-321000000.0,5409000000.0,11867000000.0,49387000000.0,16596000000.0,1895000000.0,5110000000.0,5110000000.0,-1820000000.0,49631000000.0,9867000000.0,18791000000.0,,4855000000.0,-4341000000.0,19057000000.0,42743000000.0,6930000000.0,39725000000.0,2156000000.0,32917000000.0,3604000000.0,25535000000.0,75166000000.0,67719000000.0,62602000000.0,4789000000.0,112233000000.0,7103000000.0,,9939300000.0,9956773000.0,10029776000.0
Bank of America Corp,BAC,9DJT3UXIJIZJI4WXO774,70858,2010.0,Q1,2010-01-01,2010-03-31,2011-05-05 15:53:07+00:00,446000000.0,0.28,0.28,0.01,1122000000.0,0.28,448000000.0,0.0,1207000000.0,1240000000.0,3116000000.0,13475000000.0,4190000000.0,487000000.0,3182000000.0,3182000000.0,2834000000.0,13749000000.0,2433000000.0,5994000000.0,,1097000000.0,1500000000.0,4730000000.0,9486000000.0,348000000.0,9805000000.0,521000000.0,9158000000.0,818000000.0,6130000000.0,19879000000.0,17775000000.0,18220000000.0,4389000000.0,31969000000.0,1743000000.0,,10121400000.0,9177468000.0,10005254000.0
Bank of America Corp,BAC,9DJT3UXIJIZJI4WXO774,70858,2010.0,Q1TTM,2009-04-01,2010-03-31,,1904000000.0,-0.45,-0.45,0.04,6386000000.0,-0.45,2187000000.0,,-1838000000.0,5736000000.0,12233000000.0,48829000000.0,16783000000.0,1899000000.0,5211000000.0,5211000000.0,-2184000000.0,48361000000.0,9896000000.0,22600000000.0,,5131000000.0,-1814000000.0,19392000000.0,40971000000.0,7395000000.0,44995000000.0,2477000000.0,31918000000.0,4109000000.0,27278000000.0,75639000000.0,67486000000.0,67493000000.0,3373000000.0,115854000000.0,7259000000.0,,10121400000.0,9177468000.0,10005254000.0
Bank of America Corp,BAC,9DJT3UXIJIZJI4WXO774,70858,2011.0,Q4,2011-10-01,2011-12-31,,365000000.0,-0.01,0.16,0.01,616000000.0,0.18,449000000.0,581000000.0,441000000.0,1013000000.0,2239000000.0,10512000000.0,3175000000.0,523000000.0,1991000000.0,1991000000.0,1584000000.0,10701000000.0,2344000000.0,4618000000.0,,916000000.0,-630000000.0,6847000000.0,9186000000.0,407000000.0,2934000000.0,101000000.0,8761000000.0,921000000.0,4712000000.0,15413000000.0,19522000000.0,14187000000.0,2432000000.0,24888000000.0,1297000000.0,,8500000000.0,10142625000.0,10254824000.0
Bank of America Corp,BAC,9DJT3UXIJIZJI4WXO774,70858,2011.0,FY,2011-01-01,2011-12-31,2014-02-25 16:07:46+00:00,1509000000.0,0.01,0.01,0.04,3002000000.0,0.01,2147000000.0,3184000000.0,-1676000000.0,5217000000.0,9525000000.0,44966000000.0,14019000000.0,2203000000.0,1446000000.0,1446000000.0,85000000.0,44616000000.0,9740000000.0,17132000000.0,,3637000000.0,,26035000000.0,26489000000.0,1361000000.0,13410000000.0,638000000.0,36965000000.0,4599000000.0,21620000000.0,66236000000.0,80274000000.0,48838000000.0,-230000000.0,93454000000.0,5961000000.0,,8500000000.0,10142625000.0,10254824000.0
Bank of America Corp,BAC,9DJT3UXIJIZJI4WXO774,70858,2011.0,Q3,2011-07-01,2011-09-30,2011-11-03 16:07:19+00:00,377000000.0,0.58,0.58,0.01,704000000.0,0.56,584000000.0,0.0,1201000000.0,942000000.0,1729000000.0,11205000000.0,3506000000.0,556000000.0,6232000000.0,6232000000.0,5889000000.0,10490000000.0,2425000000.0,3702000000.0,,835000000.0,,5214000000.0,13319000000.0,343000000.0,3407000000.0,176000000.0,8865000000.0,1153000000.0,5363000000.0,15853000000.0,17613000000.0,17963000000.0,7433000000.0,28453000000.0,1500000000.0,,10153400000.0,10116284000.0,10464395000.0
Bank of America Corp,BAC,9DJT3UXIJIZJI4WXO774,70858,2011.0,Q3YTD,2011-01-01,2011-09-30,,1144000000.0,0.02,-0.15,0.03,2386000000.0,-0.17,1698000000.0,2603000000.0,-2117000000.0,4204000000.0,7286000000.0,34454000000.0,10844000000.0,1680000000.0,-545000000.0,-545000000.0,-1499000000.0,33915000000.0,7396000000.0,12514000000.0,,2721000000.0,630000000.0,19188000000.0,17303000000.0,954000000.0,10476000000.0,537000000.0,28204000000.0,3678000000.0,16908000000.0,50823000000.0,60752000000.0,34651000000.0,-2662000000.0,68566000000.0,4664000000.0,,10153400000.0,10116284000.0,10464395000.0
Bank of America Corp,BAC,9DJT3UXIJIZJI4WXO774,70858,2011.0,Q3TTM,2010-10-01,2011-09-30,,1564000000.0,-0.14,-0.31,0.04,3280000000.0,-0.32,2184000000.0,4603000000.0,-4468000000.0,5794000000.0,10315000000.0,46603000000.0,14659000000.0,2164000000.0,-1789000000.0,-1789000000.0,-3064000000.0,46354000000.0,9877000000.0,15776000000.0,,3686000000.0,-870000000.0,25497000000.0,23910000000.0,1275000000.0,15605000000.0,907000000.0,37004000000.0,4820000000.0,22759000000.0,69113000000.0,81616000000.0,44610000000.0,-6257000000.0,90964000000.0,6325000000.0,,10153400000.0,10116284000.0,10464395000.0
Bank of America Corp,BAC,9DJT3UXIJIZJI4WXO774,70858,2011.0,Q2,2011-04-01,2011-06-30,2012-08-02 16:15:42+00:00,382000000.0,-0.9,-0.9,0.01,843000000.0,-0.9,597000000.0,2603000000.0,-4049000000.0,1684000000.0,2675000000.0,11320000000.0,3618000000.0,560000000.0,-8826000000.0,-8826000000.0,-9127000000.0,11246000000.0,2481000000.0,4157000000.0,,918000000.0,,7500000000.0,-3851000000.0,301000000.0,3255000000.0,159000000.0,9171000000.0,1341000000.0,5802000000.0,17048000000.0,22856000000.0,1990000000.0,-12875000000.0,13236000000.0,1538000000.0,,10141100000.0,10094928000.0,10094928000.0
Bank of America Corp,BAC,9DJT3UXIJIZJI4WXO774,70858,2011.0,Q2YTD,2011-01-01,2011-06-30,,767000000.0,-0.56,-0.73,0.02,1682000000.0,-0.73,1114000000.0,2603000000.0,-3318000000.0,3262000000.0,5557000000.0,23249000000.0,7338000000.0,1124000000.0,-6777000000.0,-6777000000.0,-7388000000.0,23425000000.0,4971000000.0,8812000000.0,,1886000000.0,630000000.0,13974000000.0,3984000000.0,611000000.0,7069000000.0,361000000.0,19339000000.0,2525000000.0,11545000000.0,34970000000.0,43139000000.0,16688000000.0,-10095000000.0,40113000000.0,3164000000.0,,10141100000.0,10094928000.0,10094928000.0
Bank of America Corp,BAC,9DJT3UXIJIZJI4WXO774,70858,2011.0,Q2TTM,2010-07-01,2011-06-30,,1613000000.0,-1.49,-1.66,0.04,3526000000.0,-1.65,2041000000.0,15003000000.0,-4282000000.0,6223000000.0,11191000000.0,47883000000.0,15129000000.0,2105000000.0,-15320000000.0,-15320000000.0,-16600000000.0,48299000000.0,9823000000.0,15787000000.0,,3888000000.0,-870000000.0,24982000000.0,19772000000.0,1280000000.0,17594000000.0,1152000000.0,36541000000.0,4515000000.0,23170000000.0,71469000000.0,91219000000.0,40912000000.0,-19602000000.0,89211000000.0,6466000000.0,,10141100000.0,10094928000.0,10094928000.0
Bank of America Corp,BAC,9DJT3UXIJIZJI4WXO774,70858,2011.0,Q1,2011-01-01,2011-03-31,2011-05-05 15:53:07+00:00,385000000.0,0.34,0.17,0.01,839000000.0,0.17,517000000.0,0.0,731000000.0,1578000000.0,2882000000.0,11929000000.0,3720000000.0,564000000.0,2049000000.0,2049000000.0,1739000000.0,12179000000.0,2490000000.0,4655000000.0,,968000000.0,630000000.0,6474000000.0,7835000000.0,310000000.0,3814000000.0,202000000.0,10168000000.0,1184000000.0,5743000000.0,17922000000.0,20283000000.0,14698000000.0,2780000000.0,26877000000.0,1626000000.0,,5114700000.0,10075875000.0,10181351000.0
Bank of America Corp,BAC,9DJT3UXIJIZJI4WXO774,70858,2011.0,Q1TTM,2010-04-01,2011-03-31,,1670000000.0,-0.31,-0.48,0.04,3714000000.0,-0.48,1901000000.0,12400000000.0,439000000.0,5858000000.0,11433000000.0,49450000000.0,15808000000.0,2040000000.0,-3371000000.0,-3371000000.0,-4690000000.0,49953000000.0,9769000000.0,15534000000.0,,4032000000.0,-870000000.0,22077000000.0,34653000000.0,1319000000.0,22444000000.0,1501000000.0,36159000000.0,4065000000.0,23587000000.0,73540000000.0,85616000000.0,55175000000.0,-2932000000.0,105128000000.0,6724000000.0,,5114700000.0,10075875000.0,10181351000.0
Bank of America Corp,BAC,9DJT3UXIJIZJI4WXO774,70858,2012.0,FY,2012-01-01,2012-12-31,2015-02-25 16:06:24+00:00,1264000000.0,0.26,0.26,0.04,1990000000.0,0.25,1502000000.0,,-1116000000.0,5299000000.0,8908000000.0,38880000000.0,11182000000.0,1873000000.0,4188000000.0,4188000000.0,2760000000.0,40656000000.0,9800000000.0,9602000000.0,,3016000000.0,,23508000000.0,16384000000.0,1428000000.0,8169000000.0,,35648000000.0,3572000000.0,16744000000.0,57400000000.0,72093000000.0,42678000000.0,3072000000.0,83334000000.0,5094000000.0,11393000000.0,10615400000.0,10746028000.0,10840854000.0
Bank of America Corp,BAC,9DJT3UXIJIZJI4WXO774,70858,2012.0,Q4,2012-10-01,2012-12-31,,309000000.0,0.04,0.04,0.01,438000000.0,0.03,329000000.0,,-2636000000.0,1600000000.0,2250000000.0,9366000000.0,2354000000.0,480000000.0,732000000.0,732000000.0,367000000.0,10324000000.0,2475000000.0,1714000000.0,,719000000.0,,6796000000.0,-6371000000.0,365000000.0,2204000000.0,,8300000000.0,855000000.0,3647000000.0,13971000000.0,18360000000.0,8336000000.0,-1904000000.0,18660000000.0,1307000000.0,11393000000.0,10615400000.0,10746028000.0,10840854000.0
Bank of America Corp,BAC,9DJT3UXIJIZJI4WXO774,70858,2012.0,Q3,2012-07-01,2012-09-30,2012-11-02 16:07:38+00:00,315000000.0,0.0,0.0,0.01,484000000.0,0.0,353000000.0,0.0,770000000.0,1336000000.0,2031000000.0,9597000000.0,2661000000.0,479000000.0,340000000.0,340000000.0,-33000000.0,9938000000.0,2361000000.0,1810000000.0,,806000000.0,,5958000000.0,7344000000.0,373000000.0,1774000000.0,0.0,8431000000.0,893000000.0,4038000000.0,13976000000.0,17544000000.0,10490000000.0,1110000000.0,20428000000.0,1189000000.0,,,10776173000.0,10776173000.0
Bank of America Corp,BAC,9DJT3UXIJIZJI4WXO774,70858,2012.0,Q3YTD,2012-01-01,2012-09-30,,955000000.0,0.22,0.22,0.03,1552000000.0,0.22,1173000000.0,,1520000000.0,3699000000.0,6658000000.0,29514000000.0,8828000000.0,1393000000.0,3456000000.0,3456000000.0,2393000000.0,30332000000.0,7325000000.0,7888000000.0,,2297000000.0,,16712000000.0,22755000000.0,1063000000.0,5965000000.0,,27348000000.0,2717000000.0,13097000000.0,43429000000.0,53733000000.0,34342000000.0,4976000000.0,64674000000.0,3787000000.0,,,10776173000.0,10776173000.0
Bank of America Corp,BAC,9DJT3UXIJIZJI4WXO774,70858,2012.0,Q3TTM,2011-10-01,2012-09-30,,1320000000.0,0.21,0.38,0.04,2168000000.0,0.4,1622000000.0,581000000.0,1961000000.0,4712000000.0,8897000000.0,40026000000.0,12003000000.0,1916000000.0,5447000000.0,5447000000.0,3977000000.0,41033000000.0,9669000000.0,12506000000.0,,3213000000.0,-630000000.0,23559000000.0,31941000000.0,1470000000.0,8899000000.0,101000000.0,36109000000.0,3638000000.0,17809000000.0,58842000000.0,73255000000.0,48529000000.0,7408000000.0,89562000000.0,5084000000.0,,,10776173000.0,10776173000.0
Bank of America Corp,BAC,9DJT3UXIJIZJI4WXO774,70858,2012.0,Q2,2012-04-01,2012-06-30,2012-08-02 16:15:42+00:00,321000000.0,0.19,0.19,0.01,519000000.0,0.19,360000000.0,0.0,684000000.0,1146000000.0,1902000000.0,9744000000.0,2982000000.0,449000000.0,2463000000.0,2463000000.0,2098000000.0,9548000000.0,2355000000.0,2526000000.0,,740000000.0,,5194000000.0,8748000000.0,365000000.0,1773000000.0,0.0,8729000000.0,943000000.0,4444000000.0,13992000000.0,17048000000.0,12420000000.0,3147000000.0,21968000000.0,1246000000.0,,11042100000.0,10775695000.0,11556011000.0
Bank of America Corp,BAC,9DJT3UXIJIZJI4WXO774,70858,2012.0,Q2YTD,2012-01-01,2012-06-30,,640000000.0,0.22,0.22,0.02,1068000000.0,0.22,820000000.0,,750000000.0,2363000000.0,4627000000.0,19917000000.0,6167000000.0,914000000.0,3116000000.0,3116000000.0,2426000000.0,20394000000.0,4964000000.0,6078000000.0,,1491000000.0,,10754000000.0,15411000000.0,690000000.0,4191000000.0,,18917000000.0,1824000000.0,9059000000.0,29453000000.0,36189000000.0,23852000000.0,3866000000.0,44246000000.0,2598000000.0,,11042100000.0,10775695000.0,11556011000.0
Bank of America Corp,BAC,9DJT3UXIJIZJI4WXO774,70858,2012.0,Q2TTM,2011-07-01,2012-06-30,,1382000000.0,0.79,0.96,0.04,2388000000.0,0.96,1853000000.0,581000000.0,2392000000.0,4318000000.0,8595000000.0,41634000000.0,12848000000.0,1993000000.0,11339000000.0,11339000000.0,9899000000.0,41585000000.0,9733000000.0,14398000000.0,,3242000000.0,-630000000.0,22815000000.0,37916000000.0,1440000000.0,10532000000.0,277000000.0,36543000000.0,3898000000.0,19134000000.0,60719000000.0,73324000000.0,56002000000.0,13731000000.0,97587000000.0,5395000000.0,,11042100000.0,10775695000.0,11556011000.0
Bank of America Corp,BAC,9DJT3UXIJIZJI4WXO774,70858,2012.0,Q1,2012-01-01,2012-03-31,2012-05-03 16:07:38+00:00,319000000.0,0.03,0.03,0.01,549000000.0,0.03,460000000.0,,66000000.0,1217000000.0,2725000000.0,10173000000.0,3185000000.0,465000000.0,653000000.0,653000000.0,328000000.0,10846000000.0,2609000000.0,3552000000.0,,751000000.0,,5560000000.0,6663000000.0,325000000.0,2418000000.0,0.0,10188000000.0,881000000.0,4615000000.0,15461000000.0,19141000000.0,11432000000.0,719000000.0,22278000000.0,1352000000.0,,10933300000.0,10651367000.0,10761917000.0
Bank of America Corp,BAC,9DJT3UXIJIZJI4WXO774,70858,2012.0,Q1TTM,2011-04-01,2012-03-31,,1443000000.0,-0.3,-0.13,0.04,2712000000.0,-0.13,2090000000.0,3184000000.0,-2341000000.0,4856000000.0,9368000000.0,43210000000.0,13484000000.0,2104000000.0,50000000.0,50000000.0,-1326000000.0,43283000000.0,9859000000.0,16029000000.0,,3420000000.0,-630000000.0,25121000000.0,25317000000.0,1376000000.0,12014000000.0,436000000.0,36985000000.0,4296000000.0,20492000000.0,63775000000.0,79132000000.0,45572000000.0,-2291000000.0,88855000000.0,5687000000.0,,10933300000.0,10651367000.0,10761917000.0
Bank of America Corp,BAC,9DJT3UXIJIZJI4WXO774,70858,2013.0,FY,2013-01-01,2013-12-31,2016-02-24 16:47:44+00:00,1086000000.0,0.94,0.94,0.04,1396000000.0,0.9,1229000000.0,,4741000000.0,6126000000.0,9749000000.0,36470000000.0,8436000000.0,1834000000.0,11431000000.0,11431000000.0,10082000000.0,42265000000.0,9791000000.0,11228000000.0,,2866000000.0,,21784000000.0,17041000000.0,1349000000.0,3556000000.0,,34719000000.0,2923000000.0,12755000000.0,55020000000.0,69214000000.0,46677000000.0,16172000000.0,88942000000.0,4706000000.0,12282000000.0,10725500000.0,10731165000.0,11491418000.0
Bank of America Corp,BAC,9DJT3UXIJIZJI4WXO774,70858,2013.0,Q4,2013-10-01,2013-12-31,,266000000.0,0.3,0.3,0.01,314000000.0,0.28,304000000.0,,406000000.0,1738000000.0,2447000000.0,9086000000.0,1930000000.0,457000000.0,3439000000.0,3439000000.0,3183000000.0,10786000000.0,2442000000.0,1736000000.0,,736000000.0,,6155000000.0,-2059000000.0,256000000.0,336000000.0,,7987000000.0,682000000.0,2926000000.0,13712000000.0,17307000000.0,10702000000.0,3845000000.0,21488000000.0,1139000000.0,9287000000.0,10725500000.0,10731165000.0,11491418000.0
Bank of America Corp,BAC,9DJT3UXIJIZJI4WXO774,70858,2013.0,Q3YTD,2013-01-01,2013-09-30,,820000000.0,0.64,0.64,0.03,1082000000.0,0.62,925000000.0,,4335000000.0,4388000000.0,7302000000.0,27384000000.0,6506000000.0,1377000000.0,7992000000.0,7992000000.0,6899000000.0,31479000000.0,7349000000.0,9492000000.0,,2130000000.0,,15629000000.0,19100000000.0,1093000000.0,3220000000.0,,26732000000.0,2241000000.0,9829000000.0,41308000000.0,51907000000.0,35975000000.0,12327000000.0,67454000000.0,3567000000.0,2995000000.0,10561900000.0,10718918000.0,11482226000.0
Bank of America Corp,BAC,9DJT3UXIJIZJI4WXO774,70858,2013.0,Q3TTM,2012-10-01,2013-09-30,,1129000000.0,0.68,0.68,0.04,1520000000.0,0.65,1254000000.0,,1699000000.0,5988000000.0,9552000000.0,36750000000.0,8860000000.0,1857000000.0,8724000000.0,8724000000.0,7266000000.0,41803000000.0,9824000000.0,11206000000.0,,2849000000.0,,22425000000.0,12729000000.0,1458000000.0,5424000000.0,,35032000000.0,3096000000.0,13476000000.0,55279000000.0,70267000000.0,44311000000.0,10423000000.0,86114000000.0,4874000000.0,14388000000.0,10561900000.0,10718918000.0,11482226000.0
Bank of America Corp,BAC,9DJT3UXIJIZJI4WXO774,70858,2013.0,Q3,2013-07-01,2013-09-30,2014-11-06 16:39:42+00:00,270000000.0,0.21,0.21,0.01,334000000.0,0.2,291000000.0,,2348000000.0,1297000000.0,2205000000.0,9146000000.0,2099000000.0,511000000.0,2497000000.0,2497000000.0,2218000000.0,10266000000.0,2413000000.0,2806000000.0,,691000000.0,,4885000000.0,4166000000.0,279000000.0,296000000.0,,8310000000.0,683000000.0,3116000000.0,13382000000.0,16389000000.0,11264000000.0,4845000000.0,21530000000.0,1049000000.0,2995000000.0,10561900000.0,10718918000.0,11482226000.0
Bank of America Corp,BAC,9DJT3UXIJIZJI4WXO774,70858,2013.0,Q2YTD,2013-01-01,2013-06-30,,550000000.0,0.43,0.43,0.02,748000000.0,0.42,634000000.0,,1987000000.0,3091000000.0,5097000000.0,18238000000.0,4407000000.0,866000000.0,5495000000.0,5495000000.0,4681000000.0,21213000000.0,4936000000.0,6686000000.0,,1439000000.0,,10744000000.0,14934000000.0,814000000.0,2924000000.0,,18422000000.0,1558000000.0,6713000000.0,27926000000.0,35518000000.0,24711000000.0,7482000000.0,45924000000.0,2518000000.0,,10821200000.0,10775867000.0,11524510000.0
Bank of America Corp,BAC,9DJT3UXIJIZJI4WXO774,70858,2013.0,Q2TTM,2012-07-01,2013-06-30,,1174000000.0,0.47,0.47,0.04,1670000000.0,0.45,1316000000.0,,121000000.0,6027000000.0,9378000000.0,37201000000.0,9422000000.0,1825000000.0,6567000000.0,6567000000.0,5015000000.0,41475000000.0,9772000000.0,10210000000.0,,2964000000.0,,23498000000.0,15907000000.0,1552000000.0,6902000000.0,,35153000000.0,3306000000.0,14398000000.0,55873000000.0,71422000000.0,43537000000.0,6688000000.0,85012000000.0,5014000000.0,11393000000.0,10821200000.0,10775867000.0,11524510000.0
Bank of America Corp,BAC,9DJT3UXIJIZJI4WXO774,70858,2013.0,Q2,2013-04-01,2013-06-30,2014-07-29 16:34:39+00:00,274000000.0,0.33,0.33,0.01,366000000.0,0.32,319000000.0,,1486000000.0,1556000000.0,2548000000.0,9060000000.0,2101000000.0,437000000.0,4012000000.0,4012000000.0,3571000000.0,10549000000.0,2420000000.0,3075000000.0,,717000000.0,,4356000000.0,7547000000.0,441000000.0,1211000000.0,,8531000000.0,809000000.0,3276000000.0,13825000000.0,16018000000.0,12178000000.0,5498000000.0,22727000000.0,1181000000.0,,10821200000.0,10775867000.0,11524510000.0
Bank of America Corp,BAC,9DJT3UXIJIZJI4WXO774,70858,2013.0,Q1,2013-01-01,2013-03-31,2013-05-07 17:12:00+00:00,276000000.0,0.1,0.1,0.01,382000000.0,0.1,315000000.0,,501000000.0,1535000000.0,2549000000.0,9178000000.0,2306000000.0,429000000.0,1483000000.0,1483000000.0,1110000000.0,10664000000.0,2516000000.0,3611000000.0,,722000000.0,,6388000000.0,7387000000.0,373000000.0,1713000000.0,,9891000000.0,749000000.0,3437000000.0,14101000000.0,19500000000.0,12533000000.0,1984000000.0,23197000000.0,1337000000.0,,11100000000.0,10798975000.0,11154778000.0
Bank of America Corp,BAC,9DJT3UXIJIZJI4WXO774,70858,2013.0,Q1TTM,2012-04-01,2013-03-31,,1221000000.0,0.33,0.33,0.04,1823000000.0,0.32,1357000000.0,,-681000000.0,5617000000.0,8732000000.0,37885000000.0,10303000000.0,1837000000.0,5018000000.0,5018000000.0,3542000000.0,40474000000.0,9707000000.0,9661000000.0,,2987000000.0,,24336000000.0,17108000000.0,1476000000.0,7464000000.0,,35351000000.0,3440000000.0,15566000000.0,56040000000.0,72452000000.0,43779000000.0,4337000000.0,84253000000.0,5079000000.0,11393000000.0,11100000000.0,10798975000.0,11154778000.0
Bank of America Corp,BAC,9DJT3UXIJIZJI4WXO774,70858,2014.0,FY,2014-01-01,2014-12-31,2017-02-23 16:11:19+00:00,936000000.0,0.43,0.43,0.12,1080000000.0,0.42,1039000000.0,,2443000000.0,6065000000.0,9010000000.0,34145000000.0,7276000000.0,1829000000.0,5520000000.0,5520000000.0,4476000000.0,40779000000.0,9529000000.0,7790000000.0,,2959000000.0,,29575000000.0,17976000000.0,1044000000.0,2275000000.0,,33787000000.0,2579000000.0,10935000000.0,51714000000.0,75656000000.0,45115000000.0,7963000000.0,85894000000.0,4561000000.0,13284000000.0,10409300000.0,10527818000.0,10584535000.0
Bank of America Corp,BAC,9DJT3UXIJIZJI4WXO774,70858,2014.0,Q4,2014-10-01,2014-12-31,,228000000.0,0.33,0.33,0.05,237000000.0,0.32,238000000.0,,1681000000.0,1541000000.0,2664000000.0,8215000000.0,1665000000.0,491000000.0,3737000000.0,3737000000.0,3425000000.0,10462000000.0,2323000000.0,-749000000.0,,765000000.0,,4000000000.0,5721000000.0,312000000.0,219000000.0,,7693000000.0,616000000.0,2518000000.0,12980000000.0,14735000000.0,9910000000.0,5418000000.0,20372000000.0,1098000000.0,3397000000.0,10409300000.0,10527818000.0,10584535000.0
Bank of America Corp,BAC,9DJT3UXIJIZJI4WXO774,70858,2014.0,Q3YTD,2014-01-01,2014-09-30,,708000000.0,0.1,0.1,0.07,843000000.0,0.1,801000000.0,,762000000.0,4524000000.0,6346000000.0,25930000000.0,5611000000.0,1338000000.0,1783000000.0,1783000000.0,1051000000.0,30317000000.0,7206000000.0,8539000000.0,,2194000000.0,,25575000000.0,12255000000.0,732000000.0,2056000000.0,,26094000000.0,1963000000.0,8417000000.0,38734000000.0,60921000000.0,35205000000.0,2545000000.0,65522000000.0,3463000000.0,9887000000.0,11750000000.0,10515790000.0,10515790000.0
Bank of America Corp,BAC,9DJT3UXIJIZJI4WXO774,70858,2014.0,Q3TTM,2013-10-01,2014-09-30,,974000000.0,0.4,0.4,0.08,1157000000.0,0.38,1105000000.0,,1168000000.0,6262000000.0,8793000000.0,35016000000.0,7541000000.0,1795000000.0,5222000000.0,5222000000.0,4234000000.0,41103000000.0,9648000000.0,10275000000.0,,2930000000.0,,31730000000.0,10196000000.0,988000000.0,2392000000.0,,34081000000.0,2645000000.0,11343000000.0,52446000000.0,78228000000.0,45907000000.0,6390000000.0,87010000000.0,4602000000.0,19174000000.0,11750000000.0,10515790000.0,10515790000.0
Bank of America Corp,BAC,9DJT3UXIJIZJI4WXO774,70858,2014.0,Q3,2014-07-01,2014-09-30,2015-10-30 16:57:30+00:00,234000000.0,-0.04,-0.04,0.05,270000000.0,-0.04,239000000.0,,663000000.0,1351000000.0,2225000000.0,8535000000.0,1778000000.0,446000000.0,-232000000.0,-232000000.0,-470000000.0,10219000000.0,2338000000.0,2340000000.0,,748000000.0,,9085000000.0,3972000000.0,238000000.0,636000000.0,,8039000000.0,591000000.0,2639000000.0,12858000000.0,20142000000.0,10990000000.0,431000000.0,21209000000.0,1111000000.0,3327000000.0,11750000000.0,10515790000.0,10515790000.0
Bank of America Corp,BAC,9DJT3UXIJIZJI4WXO774,70858,2014.0,Q2YTD,2014-01-01,2014-06-30,,474000000.0,0.14,0.14,0.02,573000000.0,0.14,562000000.0,,99000000.0,3173000000.0,4121000000.0,17395000000.0,3833000000.0,892000000.0,2015000000.0,2015000000.0,1521000000.0,20098000000.0,4868000000.0,6199000000.0,,1446000000.0,,16490000000.0,8283000000.0,494000000.0,1420000000.0,,18055000000.0,1372000000.0,5778000000.0,25876000000.0,40779000000.0,24215000000.0,2114000000.0,44313000000.0,2352000000.0,6560000000.0,10710500000.0,10519359000.0,11265123000.0
Bank of America Corp,BAC,9DJT3UXIJIZJI4WXO774,70858,2014.0,Q2TTM,2013-07-01,2014-06-30,,1010000000.0,0.65,0.65,0.04,1221000000.0,0.62,1157000000.0,,2853000000.0,6208000000.0,8773000000.0,35627000000.0,7862000000.0,1860000000.0,7951000000.0,7951000000.0,6922000000.0,41150000000.0,9723000000.0,10741000000.0,,2873000000.0,,27530000000.0,10390000000.0,1029000000.0,2052000000.0,,34352000000.0,2737000000.0,11820000000.0,52970000000.0,74475000000.0,46181000000.0,10804000000.0,87331000000.0,4540000000.0,18842000000.0,10710500000.0,10519359000.0,11265123000.0
Bank of America Corp,BAC,9DJT3UXIJIZJI4WXO774,70858,2014.0,Q2,2014-04-01,2014-06-30,2015-07-29 16:09:58+00:00,235000000.0,0.19,0.19,0.01,282000000.0,0.19,297000000.0,,504000000.0,1631000000.0,2124000000.0,8635000000.0,1883000000.0,450000000.0,2291000000.0,2291000000.0,2035000000.0,10013000000.0,2374000000.0,2571000000.0,,710000000.0,,7176000000.0,4241000000.0,256000000.0,411000000.0,,8306000000.0,763000000.0,2928000000.0,12941000000.0,18541000000.0,11734000000.0,2795000000.0,21747000000.0,1175000000.0,3291000000.0,10710500000.0,10519359000.0,11265123000.0
Bank of America Corp,BAC,9DJT3UXIJIZJI4WXO774,70858,2014.0,Q1TTM,2013-04-01,2014-03-31,,1049000000.0,0.79,0.79,0.04,1305000000.0,0.75,1179000000.0,,3835000000.0,6133000000.0,9197000000.0,36052000000.0,8080000000.0,1847000000.0,9672000000.0,9672000000.0,8458000000.0,41686000000.0,9769000000.0,11245000000.0,,2880000000.0,,24710000000.0,13696000000.0,1214000000.0,2852000000.0,,34577000000.0,2783000000.0,12168000000.0,53854000000.0,71952000000.0,46625000000.0,13507000000.0,88311000000.0,4546000000.0,15551000000.0,10280000000.0,10560518000.0,10560518000.0
Bank of America Corp,BAC,9DJT3UXIJIZJI4WXO774,70858,2014.0,Q1,2014-01-01,2014-03-31,2015-04-29 16:14:38+00:00,239000000.0,-0.05,-0.05,0.01,291000000.0,-0.05,265000000.0,,-405000000.0,1542000000.0,1997000000.0,8760000000.0,1950000000.0,442000000.0,-276000000.0,-276000000.0,-514000000.0,10085000000.0,2494000000.0,3628000000.0,,736000000.0,,9314000000.0,4042000000.0,238000000.0,1009000000.0,,9749000000.0,609000000.0,2850000000.0,12935000000.0,22238000000.0,12481000000.0,-681000000.0,22566000000.0,1177000000.0,3269000000.0,10280000000.0,10560518000.0,10560518000.0
Bank of America Corp,BAC,9DJT3UXIJIZJI4WXO774,70858,2015.0,FY,2015-01-01,2015-12-31,2018-02-22 16:10:05+00:00,,1.38,1.38,0.2,861000000.0,1.31,988000000.0,,6277000000.0,5572000000.0,9178000000.0,31918000000.0,7301000000.0,1811000000.0,15910000000.0,15910000000.0,14427000000.0,38958000000.0,9247000000.0,7611000000.0,,3026000000.0,,13808000000.0,17487000000.0,1483000000.0,3161000000.0,,32751000000.0,2387000000.0,10549000000.0,49507000000.0,57617000000.0,44007000000.0,22187000000.0,82965000000.0,4397000000.0,13337000000.0,10454300000.0,10462282000.0,11236230000.0
Bank of America Corp,BAC,9DJT3UXIJIZJI4WXO774,70858,2015.0,Q4,2015-10-01,2015-12-31,,-632000000.0,0.26,0.26,0.05,211000000.0,0.25,214000000.0,,1340000000.0,1272000000.0,1953000000.0,8006000000.0,2167000000.0,481000000.0,3060000000.0,3060000000.0,2730000000.0,9186000000.0,2356000000.0,1228000000.0,,804000000.0,,4270000000.0,4181000000.0,330000000.0,810000000.0,,7418000000.0,519000000.0,2897000000.0,12083000000.0,13893000000.0,9917000000.0,4400000000.0,19103000000.0,1106000000.0,3236000000.0,10454300000.0,10462282000.0,11236230000.0
Bank of America Corp,BAC,9DJT3UXIJIZJI4WXO774,70858,2015.0,Q3,2015-07-01,2015-09-30,2016-11-01 16:08:05+00:00,207000000.0,0.4,0.4,0.05,214000000.0,0.38,275000000.0,,1628000000.0,1287000000.0,2268000000.0,7965000000.0,1685000000.0,445000000.0,4619000000.0,4619000000.0,4178000000.0,9900000000.0,2258000000.0,2053000000.0,,754000000.0,,3200000000.0,4416000000.0,441000000.0,806000000.0,,7829000000.0,597000000.0,2496000000.0,12396000000.0,13939000000.0,11092000000.0,6247000000.0,20992000000.0,1134000000.0,3336000000.0,10445000000.0,10444291000.0,11197203000.0
Bank of America Corp,BAC,9DJT3UXIJIZJI4WXO774,70858,2015.0,Q3YTD,2015-01-01,2015-09-30,,632000000.0,1.12,1.12,0.15,650000000.0,1.06,774000000.0,,4937000000.0,4300000000.0,7225000000.0,23912000000.0,5134000000.0,1330000000.0,12850000000.0,12850000000.0,11697000000.0,29772000000.0,6891000000.0,6383000000.0,,2222000000.0,,9538000000.0,13306000000.0,1153000000.0,2351000000.0,,25333000000.0,1868000000.0,7652000000.0,37424000000.0,43724000000.0,34090000000.0,17787000000.0,63862000000.0,3291000000.0,10101000000.0,10445000000.0,10444291000.0,11197203000.0
Bank of America Corp,BAC,9DJT3UXIJIZJI4WXO774,70858,2015.0,Q3TTM,2014-10-01,2015-09-30,,860000000.0,1.45,1.45,0.2,887000000.0,1.38,1012000000.0,,6618000000.0,5841000000.0,9889000000.0,32127000000.0,6799000000.0,1821000000.0,16587000000.0,16587000000.0,15122000000.0,40234000000.0,9214000000.0,5634000000.0,,2987000000.0,,13538000000.0,19027000000.0,1465000000.0,2570000000.0,,33026000000.0,2484000000.0,10170000000.0,50404000000.0,58459000000.0,44000000000.0,23205000000.0,84234000000.0,4389000000.0,13498000000.0,10445000000.0,10444291000.0,11197203000.0
Bank of America Corp,BAC,9DJT3UXIJIZJI4WXO774,70858,2015.0,Q2,2015-04-01,2015-06-30,2016-08-01 16:49:01+00:00,212000000.0,0.46,0.46,0.05,216000000.0,0.43,268000000.0,,2084000000.0,1526000000.0,3070000000.0,7951000000.0,1742000000.0,445000000.0,5134000000.0,5134000000.0,4804000000.0,10461000000.0,2242000000.0,1815000000.0,,742000000.0,,3169000000.0,4767000000.0,330000000.0,780000000.0,,7890000000.0,686000000.0,2644000000.0,13105000000.0,13958000000.0,11495000000.0,7218000000.0,21956000000.0,1074000000.0,3387000000.0,10443500000.0,10488137000.0,11238060000.0
Bank of America Corp,BAC,9DJT3UXIJIZJI4WXO774,70858,2015.0,Q2YTD,2015-01-01,2015-06-30,,425000000.0,0.72,0.72,0.1,436000000.0,0.68,499000000.0,,3309000000.0,3013000000.0,4957000000.0,15947000000.0,3449000000.0,885000000.0,8231000000.0,8231000000.0,7519000000.0,19872000000.0,4633000000.0,4330000000.0,,1468000000.0,,6338000000.0,8890000000.0,712000000.0,1545000000.0,,17504000000.0,1271000000.0,5156000000.0,25028000000.0,29785000000.0,22998000000.0,11540000000.0,42870000000.0,2157000000.0,6765000000.0,10443500000.0,10488137000.0,11238060000.0
Bank of America Corp,BAC,9DJT3UXIJIZJI4WXO774,70858,2015.0,Q2TTM,2014-07-01,2015-06-30,,887000000.0,1.01,1.01,0.2,943000000.0,0.96,976000000.0,,5653000000.0,5905000000.0,9846000000.0,32697000000.0,6892000000.0,1822000000.0,11736000000.0,11736000000.0,10474000000.0,40553000000.0,9294000000.0,5921000000.0,,2981000000.0,,19423000000.0,18583000000.0,1262000000.0,2400000000.0,,33236000000.0,2478000000.0,10313000000.0,50866000000.0,64662000000.0,43898000000.0,17389000000.0,84451000000.0,4366000000.0,13489000000.0,10443500000.0,10488137000.0,11238060000.0
Bank of America Corp,BAC,9DJT3UXIJIZJI4WXO774,70858,2015.0,Q1,2015-01-01,2015-03-31,2016-05-02 16:10:57+00:00,213000000.0,0.26,0.26,0.05,220000000.0,0.25,231000000.0,,1225000000.0,1487000000.0,1887000000.0,7996000000.0,1707000000.0,440000000.0,3097000000.0,3097000000.0,2715000000.0,9411000000.0,2391000000.0,2515000000.0,,726000000.0,,3169000000.0,4123000000.0,382000000.0,765000000.0,,9614000000.0,585000000.0,2512000000.0,11923000000.0,15827000000.0,11503000000.0,4322000000.0,20914000000.0,1083000000.0,3378000000.0,10442300000.0,10518790000.0,11266511000.0
Bank of America Corp,BAC,9DJT3UXIJIZJI4WXO774,70858,2015.0,Q1TTM,2014-04-01,2015-03-31,,910000000.0,0.74,0.74,0.16,1009000000.0,0.72,1005000000.0,,4073000000.0,6010000000.0,8900000000.0,33381000000.0,7033000000.0,1827000000.0,8893000000.0,8893000000.0,7705000000.0,40105000000.0,9426000000.0,6677000000.0,,2949000000.0,,23430000000.0,18057000000.0,1188000000.0,2031000000.0,,33652000000.0,2555000000.0,10597000000.0,50702000000.0,69245000000.0,44137000000.0,12966000000.0,84242000000.0,4467000000.0,13393000000.0,10442300000.0,10518790000.0,11266511000.0
Bank of America Corp,BAC,9DJT3UXIJIZJI4WXO774,70858,2016.0,FY,2016-01-01,2016-12-31,2019-02-26 16:38:01+00:00,,1.57,1.57,0.25,1015000000.0,1.49,1118000000.0,,7199000000.0,5241000000.0,9167000000.0,33228000000.0,6596000000.0,1703000000.0,17822000000.0,17822000000.0,16140000000.0,41096000000.0,8849000000.0,6902000000.0,,3121000000.0,,12513000000.0,17113000000.0,1682000000.0,3597000000.0,,32018000000.0,2350000000.0,9961000000.0,51057000000.0,55083000000.0,42605000000.0,25021000000.0,83701000000.0,4423000000.0,13349000000.0,10280300000.0,10284100000.0,11046800000.0
Bank of America Corp,BAC,9DJT3UXIJIZJI4WXO774,70858,2016.0,Q4,2016-10-01,2016-12-31,,-554000000.0,0.42,0.42,-0.18,279000000.0,0.39,315000000.0,,1311000000.0,1222000000.0,2245000000.0,8391000000.0,1752000000.0,460000000.0,4612000000.0,4612000000.0,4251000000.0,10292000000.0,2183000000.0,591000000.0,,821000000.0,,3464000000.0,4079000000.0,361000000.0,774000000.0,,7740000000.0,542000000.0,2573000000.0,12865000000.0,13293000000.0,9698000000.0,5923000000.0,19990000000.0,1093000000.0,3806000000.0,10280300000.0,10284100000.0,11046800000.0
Bank of America Corp,BAC,9DJT3UXIJIZJI4WXO774,70858,2016.0,Q3,2016-07-01,2016-09-30,2017-10-30 16:05:41+00:00,181000000.0,0.43,0.43,0.075,266000000.0,0.41,267000000.0,,2349000000.0,1458000000.0,2144000000.0,8358000000.0,1574000000.0,410000000.0,4955000000.0,4955000000.0,4452000000.0,10201000000.0,2133000000.0,2192000000.0,,765000000.0,,3053000000.0,4624000000.0,503000000.0,850000000.0,,7704000000.0,569000000.0,2409000000.0,12610000000.0,13481000000.0,11434000000.0,7304000000.0,21635000000.0,1076000000.0,3160000000.0,10353500000.0,10250124000.0,11000473000.0
Bank of America Corp,BAC,9DJT3UXIJIZJI4WXO774,70858,2016.0,Q3YTD,2016-01-01,2016-09-30,,554000000.0,1.15,1.15,0.18,736000000.0,1.1,803000000.0,,5888000000.0,4019000000.0,6922000000.0,24837000000.0,4844000000.0,1243000000.0,13210000000.0,13210000000.0,11889000000.0,30804000000.0,6666000000.0,6311000000.0,,2300000000.0,,9049000000.0,13034000000.0,1321000000.0,2823000000.0,,24278000000.0,1808000000.0,7388000000.0,38192000000.0,41790000000.0,32907000000.0,19098000000.0,63711000000.0,3330000000.0,9543000000.0,10353500000.0,10250124000.0,11000473000.0
Bank of America Corp,BAC,9DJT3UXIJIZJI4WXO774,70858,2016.0,Q3TTM,2015-10-01,2016-09-30,,-78000000.0,1.41,1.41,0.23,947000000.0,1.35,1017000000.0,,7228000000.0,5291000000.0,8875000000.0,32843000000.0,7011000000.0,1724000000.0,16270000000.0,16270000000.0,14619000000.0,39990000000.0,9022000000.0,7539000000.0,,3104000000.0,,13319000000.0,17215000000.0,1651000000.0,3633000000.0,,31696000000.0,2327000000.0,10285000000.0,50275000000.0,55683000000.0,42824000000.0,23498000000.0,82814000000.0,4436000000.0,12779000000.0,10353500000.0,10250124000.0,11000473000.0
Bank of America Corp,BAC,9DJT3UXIJIZJI4WXO774,70858,2016.0,Q2,2016-04-01,2016-06-30,2017-07-31 16:04:22+00:00,186000000.0,0.43,0.43,0.05,245000000.0,0.41,260000000.0,,2034000000.0,1408000000.0,2261000000.0,8219000000.0,1585000000.0,414000000.0,4783000000.0,4783000000.0,4422000000.0,10118000000.0,2204000000.0,2267000000.0,,759000000.0,,2967000000.0,4292000000.0,361000000.0,976000000.0,,7722000000.0,626000000.0,2456000000.0,12574000000.0,13493000000.0,11168000000.0,6817000000.0,21286000000.0,1075000000.0,3201000000.0,10283700000.0,10328424000.0,11059167000.0
Bank of America Corp,BAC,9DJT3UXIJIZJI4WXO774,70858,2016.0,Q2YTD,2016-01-01,2016-06-30,,373000000.0,0.72,0.72,0.1,470000000.0,0.69,536000000.0,,3539000000.0,2561000000.0,4778000000.0,16479000000.0,3270000000.0,833000000.0,8255000000.0,8255000000.0,7437000000.0,20603000000.0,4533000000.0,4119000000.0,,1535000000.0,,5996000000.0,8410000000.0,818000000.0,1973000000.0,,16574000000.0,1239000000.0,4979000000.0,25582000000.0,28309000000.0,21473000000.0,11794000000.0,42076000000.0,2254000000.0,6383000000.0,10283700000.0,10328424000.0,11059167000.0
Bank of America Corp,BAC,9DJT3UXIJIZJI4WXO774,70858,2016.0,Q2TTM,2015-07-01,2016-06-30,,-52000000.0,1.38,1.38,0.2,895000000.0,1.32,1025000000.0,,6507000000.0,5120000000.0,8999000000.0,32450000000.0,7122000000.0,1759000000.0,15934000000.0,15934000000.0,14345000000.0,39689000000.0,9147000000.0,7400000000.0,,3093000000.0,,13466000000.0,17007000000.0,1589000000.0,3589000000.0,,31821000000.0,2355000000.0,10372000000.0,50061000000.0,56141000000.0,42482000000.0,22441000000.0,82171000000.0,4494000000.0,12955000000.0,10283700000.0,10328424000.0,11059167000.0
Bank of America Corp,BAC,9DJT3UXIJIZJI4WXO774,70858,2016.0,Q1,2016-01-01,2016-03-31,2017-05-02 16:06:33+00:00,187000000.0,0.29,0.29,0.05,225000000.0,0.28,276000000.0,,1505000000.0,1153000000.0,2517000000.0,8260000000.0,1685000000.0,419000000.0,3472000000.0,3472000000.0,3015000000.0,10485000000.0,2329000000.0,1852000000.0,,776000000.0,,3029000000.0,4118000000.0,457000000.0,997000000.0,,8852000000.0,613000000.0,2523000000.0,13008000000.0,14816000000.0,10305000000.0,4977000000.0,20790000000.0,1179000000.0,3182000000.0,10396600000.0,10370094000.0,11100067000.0
Bank of America Corp,BAC,9DJT3UXIJIZJI4WXO774,70858,2016.0,Q1TTM,2015-04-01,2016-03-31,,-26000000.0,1.41,1.41,0.2,866000000.0,1.34,1033000000.0,,6557000000.0,5238000000.0,9808000000.0,32182000000.0,7279000000.0,1790000000.0,16285000000.0,16285000000.0,14727000000.0,40032000000.0,9185000000.0,6948000000.0,,3076000000.0,,13668000000.0,17482000000.0,1558000000.0,3393000000.0,,31989000000.0,2415000000.0,10560000000.0,50592000000.0,56606000000.0,42809000000.0,22842000000.0,82841000000.0,4493000000.0,13141000000.0,10396600000.0,10370094000.0,11100067000.0
Bank of America Corp,BAC,9DJT3UXIJIZJI4WXO774,70858,2017.0,FY,2017-01-01,2017-12-31,2020-02-19 16:18:13+00:00,,1.63,1.63,0.39,,1.56,,,10981000000.0,,,,,1746000000.0,18232000000.0,18232000000.0,16618000000.0,45239000000.0,10794000000.0,7102000000.0,,45239000000.0,,10046000000.0,34785000000.0,1614000000.0,3396000000.0,,31931000000.0,,,45239000000.0,54517000000.0,41887000000.0,29213000000.0,87126000000.0,,,10195100000.0,10195600000.0,10778400000.0
Bank of America Corp,BAC,9DJT3UXIJIZJI4WXO774,70858,2017.0,Q4,2017-10-01,2017-12-31,,,0.19,0.19,-0.27,-1252000000.0,0.21,-1658000000.0,,3796000000.0,-4593000000.0,-7764000000.0,-26877000000.0,-5548000000.0,511000000.0,2365000000.0,2365000000.0,2079000000.0,12034000000.0,4169000000.0,978000000.0,,42355000000.0,,763000000.0,22105000000.0,286000000.0,1001000000.0,,7605000000.0,-2508000000.0,-9308000000.0,2726000000.0,13048000000.0,8176000000.0,6161000000.0,20210000000.0,-3330000000.0,-10314000000.0,10195100000.0,10195600000.0,10778400000.0
Bank of America Corp,BAC,9DJT3UXIJIZJI4WXO774,70858,2017.0,Q3,2017-07-01,2017-09-30,2018-10-29 16:14:17+00:00,,0.49,0.49,0.12,624000000.0,0.46,659000000.0,,2187000000.0,1477000000.0,2629000000.0,9203000000.0,1928000000.0,461000000.0,5424000000.0,5424000000.0,4959000000.0,11161000000.0,2192000000.0,1837000000.0,,1075000000.0,,2930000000.0,3927000000.0,465000000.0,834000000.0,,7811000000.0,944000000.0,3496000000.0,14657000000.0,13394000000.0,10678000000.0,7611000000.0,21839000000.0,1091000000.0,3437000000.0,10120400000.0,10197900000.0,10746700000.0
Bank of America Corp,BAC,9DJT3UXIJIZJI4WXO774,70858,2017.0,Q3YTD,2017-01-01,2017-09-30,,,1.44,1.44,0.27,1252000000.0,1.35,1658000000.0,,7185000000.0,4593000000.0,7764000000.0,26877000000.0,5548000000.0,1235000000.0,15867000000.0,15867000000.0,14539000000.0,33205000000.0,6625000000.0,6124000000.0,,2884000000.0,,9283000000.0,12680000000.0,1328000000.0,2395000000.0,,24326000000.0,2508000000.0,9308000000.0,42513000000.0,41469000000.0,33711000000.0,23052000000.0,66916000000.0,3330000000.0,10314000000.0,10120400000.0,10197900000.0,10746700000.0
Bank of America Corp,BAC,9DJT3UXIJIZJI4WXO774,70858,2017.0,Q3TTM,2016-10-01,2017-09-30,,-554000000.0,1.86,1.86,0.1,1531000000.0,1.74,1973000000.0,,8496000000.0,5815000000.0,10009000000.0,35268000000.0,7300000000.0,1695000000.0,20479000000.0,20479000000.0,18790000000.0,43497000000.0,8808000000.0,6715000000.0,,3705000000.0,,12747000000.0,16759000000.0,1689000000.0,3169000000.0,,32066000000.0,3050000000.0,11881000000.0,55378000000.0,54762000000.0,43409000000.0,28975000000.0,86906000000.0,4423000000.0,14120000000.0,10120400000.0,10197900000.0,10746700000.0
Bank of America Corp,BAC,9DJT3UXIJIZJI4WXO774,70858,2017.0,Q2,2017-04-01,2017-06-30,2018-07-30 16:31:01+00:00,,0.47,0.47,0.075,346000000.0,0.44,560000000.0,,3015000000.0,1532000000.0,2594000000.0,8920000000.0,1897000000.0,442000000.0,5106000000.0,5106000000.0,4745000000.0,10986000000.0,2201000000.0,1956000000.0,,909000000.0,,3299000000.0,4895000000.0,361000000.0,726000000.0,,8040000000.0,917000000.0,3160000000.0,14146000000.0,13982000000.0,11843000000.0,8121000000.0,22829000000.0,1163000000.0,3460000000.0,10095700000.0,10013500000.0,10834800000.0
Bank of America Corp,BAC,9DJT3UXIJIZJI4WXO774,70858,2017.0,Q2YTD,2017-01-01,2017-06-30,,,0.95,0.95,0.15,628000000.0,0.89,999000000.0,,4998000000.0,3116000000.0,5135000000.0,17674000000.0,3620000000.0,774000000.0,10443000000.0,10443000000.0,9580000000.0,22044000000.0,4433000000.0,4287000000.0,,1809000000.0,,6353000000.0,8753000000.0,863000000.0,1561000000.0,,16515000000.0,1564000000.0,5812000000.0,27856000000.0,28075000000.0,23033000000.0,15441000000.0,45077000000.0,2239000000.0,6877000000.0,10095700000.0,10013500000.0,10834800000.0
Bank of America Corp,BAC,9DJT3UXIJIZJI4WXO774,70858,2017.0,Q2TTM,2016-07-01,2017-06-30,,-373000000.0,1.8,1.8,0.05,1173000000.0,1.69,1581000000.0,,8658000000.0,5796000000.0,9524000000.0,34423000000.0,6946000000.0,1644000000.0,20010000000.0,20010000000.0,18283000000.0,42537000000.0,8749000000.0,7070000000.0,,3395000000.0,,12870000000.0,17456000000.0,1727000000.0,3185000000.0,,31959000000.0,2675000000.0,10794000000.0,53331000000.0,54849000000.0,44165000000.0,28668000000.0,86702000000.0,4408000000.0,13843000000.0,10095700000.0,10013500000.0,10834800000.0
Bank of America Corp,BAC,9DJT3UXIJIZJI4WXO774,70858,2017.0,Q1,2017-01-01,2017-03-31,2018-04-30 16:44:02+00:00,,0.48,0.48,0.075,282000000.0,0.45,439000000.0,,1983000000.0,1584000000.0,2541000000.0,8754000000.0,1723000000.0,332000000.0,5337000000.0,5337000000.0,4835000000.0,11058000000.0,2232000000.0,2331000000.0,,900000000.0,,3054000000.0,3858000000.0,502000000.0,835000000.0,,8475000000.0,647000000.0,2652000000.0,13710000000.0,14093000000.0,11190000000.0,7320000000.0,22248000000.0,1076000000.0,3417000000.0,10072900000.0,10099600000.0,10919700000.0
Bank of America Corp,BAC,9DJT3UXIJIZJI4WXO774,70858,2017.0,Q1TTM,2016-04-01,2017-03-31,,-187000000.0,1.76,1.76,0.02,1072000000.0,1.66,1281000000.0,,7677000000.0,5672000000.0,9191000000.0,33722000000.0,6634000000.0,1616000000.0,19687000000.0,19687000000.0,17960000000.0,41669000000.0,8752000000.0,7381000000.0,,3245000000.0,,12538000000.0,16853000000.0,1727000000.0,3435000000.0,,31641000000.0,2384000000.0,10090000000.0,51759000000.0,54360000000.0,43490000000.0,27364000000.0,85159000000.0,4320000000.0,13584000000.0,10072900000.0,10099600000.0,10919700000.0
Bank of America Corp,BAC,9DJT3UXIJIZJI4WXO774,70858,2018.0,FY,2018-01-01,2018-12-31,2020-02-19 16:18:13+00:00,,2.64,2.64,0.54,,2.61,,,6437000000.0,,,,,1674000000.0,28147000000.0,28147000000.0,26696000000.0,48162000000.0,10935000000.0,9008000000.0,,48162000000.0,,8665000000.0,33850000000.0,1451000000.0,3282000000.0,,31880000000.0,,,48162000000.0,53154000000.0,42858000000.0,34584000000.0,91020000000.0,,,10112100000.0,10096500000.0,10236900000.0
Bank of America Corp,BAC,9DJT3UXIJIZJI4WXO774,70858,2018.0,Q4,2018-10-01,2018-12-31,,,0.7,0.7,,,0.7,,,1420000000.0,,,,,513000000.0,7278000000.0,7278000000.0,7039000000.0,12504000000.0,2749000000.0,2587000000.0,-8371000000.0,4133000000.0,,2077000000.0,7586000000.0,239000000.0,905000000.0,,7735000000.0,,-8371000000.0,4133000000.0,13074000000.0,10173000000.0,8698000000.0,22677000000.0,,,10112100000.0,10096500000.0,10236900000.0
Bank of America Corp,BAC,9DJT3UXIJIZJI4WXO774,70858,2018.0,Q3,2018-07-01,2018-09-30,2019-10-28 16:37:44+00:00,,0.67,0.67,,,0.66,,,1827000000.0,,,,,421000000.0,7167000000.0,7167000000.0,6701000000.0,12061000000.0,2702000000.0,1717000000.0,,12061000000.0,,2170000000.0,8946000000.0,466000000.0,716000000.0,,7721000000.0,,,12061000000.0,13014000000.0,10663000000.0,8994000000.0,22724000000.0,,,10001500000.0,10031600000.0,10170800000.0
Bank of America Corp,BAC,9DJT3UXIJIZJI4WXO774,70858,2018.0,Q3YTD,2018-01-01,2018-09-30,,,1.94,1.94,,,1.91,,,5017000000.0,,,,,1161000000.0,20869000000.0,20869000000.0,19657000000.0,35658000000.0,8186000000.0,6421000000.0,8371000000.0,44029000000.0,,6588000000.0,26264000000.0,1212000000.0,2377000000.0,,24145000000.0,,8371000000.0,44029000000.0,40080000000.0,32685000000.0,25886000000.0,68343000000.0,,,10001500000.0,10031600000.0,10170800000.0
Bank of America Corp,BAC,9DJT3UXIJIZJI4WXO774,70858,2018.0,Q3TTM,2017-10-01,2018-09-30,,,2.13,2.13,-0.27,-1252000000.0,2.12,-1658000000.0,,8813000000.0,-4593000000.0,-7764000000.0,-26877000000.0,-5548000000.0,1672000000.0,23234000000.0,23234000000.0,21736000000.0,47692000000.0,12355000000.0,7399000000.0,8371000000.0,86384000000.0,,7351000000.0,48369000000.0,1498000000.0,3378000000.0,,31750000000.0,-2508000000.0,-937000000.0,46755000000.0,53128000000.0,40861000000.0,32047000000.0,88553000000.0,-3330000000.0,-10314000000.0,10001500000.0,10031600000.0,10170800000.0
Bank of America Corp,BAC,9DJT3UXIJIZJI4WXO774,70858,2018.0,Q2,2018-04-01,2018-06-30,2019-07-29 17:06:39+00:00,,0.64,0.64,,,0.63,,,1714000000.0,,,,,395000000.0,6784000000.0,6784000000.0,6466000000.0,11828000000.0,2712000000.0,2151000000.0,4541000000.0,16369000000.0,,2173000000.0,8570000000.0,318000000.0,827000000.0,,7944000000.0,,4541000000.0,16369000000.0,13224000000.0,10721000000.0,8498000000.0,22549000000.0,,,10103100000.0,10181700000.0,10309400000.0
Bank of America Corp,BAC,9DJT3UXIJIZJI4WXO774,70858,2018.0,Q2YTD,2018-01-01,2018-06-30,,,1.27,1.27,,,1.25,,,3190000000.0,,,,,740000000.0,13702000000.0,13702000000.0,12956000000.0,23597000000.0,5484000000.0,4704000000.0,8371000000.0,31968000000.0,,4418000000.0,17318000000.0,746000000.0,1661000000.0,,16424000000.0,,8371000000.0,31968000000.0,27066000000.0,22022000000.0,16892000000.0,45619000000.0,,,10103100000.0,10181700000.0,10309400000.0
Bank of America Corp,BAC,9DJT3UXIJIZJI4WXO774,70858,2018.0,Q2TTM,2017-07-01,2018-06-30,,,1.95,1.95,-0.15,-628000000.0,1.92,-999000000.0,,9173000000.0,-3116000000.0,-5135000000.0,-17674000000.0,-3620000000.0,1712000000.0,21491000000.0,21491000000.0,19994000000.0,46792000000.0,11845000000.0,7519000000.0,8371000000.0,75398000000.0,,8111000000.0,43350000000.0,1497000000.0,3496000000.0,,31840000000.0,-1564000000.0,2559000000.0,49351000000.0,53508000000.0,40876000000.0,30664000000.0,87668000000.0,-2239000000.0,-6877000000.0,10103100000.0,10181700000.0,10309400000.0
Bank of America Corp,BAC,9DJT3UXIJIZJI4WXO774,70858,2018.0,Q1TTM,2017-04-01,2018-03-31,,,1.78,1.78,-0.08,-282000000.0,1.73,-439000000.0,,10474000000.0,-1584000000.0,-2541000000.0,-8754000000.0,-1723000000.0,1759000000.0,19813000000.0,19813000000.0,18273000000.0,45950000000.0,11334000000.0,7324000000.0,3830000000.0,59938000000.0,,9237000000.0,39675000000.0,1540000000.0,3395000000.0,,31936000000.0,-647000000.0,1178000000.0,47128000000.0,54266000000.0,41998000000.0,30287000000.0,87948000000.0,-1076000000.0,-3417000000.0,10301600000.0,10322400000.0,10472700000.0
Bank of America Corp,BAC,9DJT3UXIJIZJI4WXO774,70858,2018.0,Q1,2018-01-01,2018-03-31,2019-04-26 16:06:36+00:00,,0.63,0.63,,,0.62,,,1476000000.0,,,,,345000000.0,6918000000.0,6918000000.0,6490000000.0,11769000000.0,2772000000.0,2553000000.0,3830000000.0,15599000000.0,,2245000000.0,8748000000.0,428000000.0,834000000.0,,8480000000.0,,3830000000.0,15599000000.0,13842000000.0,11301000000.0,8394000000.0,23070000000.0,,,10301600000.0,10322400000.0,10472700000.0
Bank of America Corp,BAC,9DJT3UXIJIZJI4WXO774,70858,2019.0,Q4,2019-10-01,2019-12-31,,,0.74,0.74,,,0.75,,,1175000000.0,,-18170000000.0,,-5795000000.0,524000000.0,6994000000.0,6994000000.0,6748000000.0,12140000000.0,2842000000.0,2214000000.0,-6035000000.0,18480000000.0,,1896000000.0,7995000000.0,246000000.0,941000000.0,,7977000000.0,,-11830000000.0,310000000.0,13239000000.0,10209000000.0,8169000000.0,22349000000.0,,,9385600000.0,9390500000.0,9442900000.0
Bank of America Corp,BAC,9DJT3UXIJIZJI4WXO774,70858,2019.0,FY,2019-01-01,2019-12-31,2020-02-19 16:18:13+00:00,,2.77,2.77,0.66,,2.75,,,5324000000.0,,,,,1934000000.0,27430000000.0,27430000000.0,25998000000.0,48891000000.0,11234000000.0,9034000000.0,,48891000000.0,,9755000000.0,33319000000.0,1432000000.0,3590000000.0,,31977000000.0,,,48891000000.0,54900000000.0,42353000000.0,32754000000.0,91244000000.0,,,9385600000.0,9390500000.0,9442900000.0
Bank of America Corp,BAC,9DJT3UXIJIZJI4WXO774,70858,2019.0,Q3,2019-07-01,2019-09-30,2019-10-28 16:37:44+00:00,,0.57,0.57,,,0.56,,,1082000000.0,,,,,440000000.0,5777000000.0,5777000000.0,5272000000.0,12187000000.0,2826000000.0,1707000000.0,,12187000000.0,,4124000000.0,8913000000.0,505000000.0,779000000.0,,7779000000.0,,,12187000000.0,15169000000.0,10620000000.0,6859000000.0,22807000000.0,,,9249100000.0,9303600000.0,9353000000.0
Bank of America Corp,BAC,9DJT3UXIJIZJI4WXO774,70858,2019.0,Q3YTD,2019-01-01,2019-09-30,,,2.03,2.03,,,2.0,,,4149000000.0,,18170000000.0,,5795000000.0,1410000000.0,20436000000.0,20436000000.0,19250000000.0,36751000000.0,8392000000.0,6820000000.0,6035000000.0,30411000000.0,,7859000000.0,25324000000.0,1186000000.0,2649000000.0,,24000000000.0,,11830000000.0,48581000000.0,41661000000.0,32144000000.0,24585000000.0,68895000000.0,,,9249100000.0,9303600000.0,9353000000.0
Bank of America Corp,BAC,9DJT3UXIJIZJI4WXO774,70858,2019.0,Q3TTM,2018-10-01,2019-09-30,,,2.73,2.73,,,2.7,,,5569000000.0,,18170000000.0,,5795000000.0,1923000000.0,27714000000.0,27714000000.0,26289000000.0,49255000000.0,11141000000.0,9407000000.0,-2336000000.0,34544000000.0,,9936000000.0,32910000000.0,1425000000.0,3554000000.0,,31735000000.0,,3459000000.0,52714000000.0,54735000000.0,42317000000.0,33283000000.0,91572000000.0,,,9249100000.0,9303600000.0,9353000000.0
Bank of America Corp,BAC,9DJT3UXIJIZJI4WXO774,70858,2019.0,Q2YTD,2019-01-01,2019-06-30,,,1.46,1.46,,,1.44,,,3067000000.0,,18170000000.0,,5795000000.0,970000000.0,14659000000.0,14659000000.0,13978000000.0,24564000000.0,5566000000.0,5113000000.0,6035000000.0,18224000000.0,,3735000000.0,16411000000.0,681000000.0,1870000000.0,,16221000000.0,,11830000000.0,36394000000.0,26492000000.0,21524000000.0,17726000000.0,46088000000.0,,,9478700000.0,9523200000.0,9559600000.0
Bank of America Corp,BAC,9DJT3UXIJIZJI4WXO774,70858,2019.0,Q2TTM,2018-07-01,2019-06-30,,,2.83,2.83,,,2.8,,,6314000000.0,,18170000000.0,,5795000000.0,1904000000.0,29104000000.0,29104000000.0,27718000000.0,49129000000.0,11017000000.0,9417000000.0,-2336000000.0,34418000000.0,,7982000000.0,32943000000.0,1386000000.0,3491000000.0,,31677000000.0,,3459000000.0,52588000000.0,52580000000.0,42360000000.0,35418000000.0,91489000000.0,,,9478700000.0,9523200000.0,9559600000.0
Bank of America Corp,BAC,9DJT3UXIJIZJI4WXO774,70858,2019.0,Q2,2019-04-01,2019-06-30,2019-07-29 17:06:39+00:00,,0.75,0.75,,,0.74,,,1611000000.0,,,,,528000000.0,7348000000.0,7348000000.0,7109000000.0,12189000000.0,2797000000.0,2345000000.0,6035000000.0,18224000000.0,,1971000000.0,8550000000.0,239000000.0,857000000.0,,7972000000.0,,6035000000.0,18224000000.0,13268000000.0,10895000000.0,8959000000.0,23084000000.0,,,9478700000.0,9523200000.0,9559600000.0
Bank of America Corp,BAC,9DJT3UXIJIZJI4WXO774,70858,2019.0,Q1,2019-01-01,2019-03-31,2020-05-01 16:56:46+00:00,,0.71,0.71,,,0.7,,,1456000000.0,,18170000000.0,,5795000000.0,442000000.0,7311000000.0,7311000000.0,6869000000.0,12375000000.0,2769000000.0,2768000000.0,,,,1764000000.0,7861000000.0,442000000.0,1013000000.0,,8249000000.0,,5795000000.0,18170000000.0,13224000000.0,10629000000.0,8767000000.0,23004000000.0,,,9674600000.0,9725900000.0,9787300000.0
Bank of America Corp,BAC,9DJT3UXIJIZJI4WXO774,70858,2019.0,Q1TTM,2018-04-01,2019-03-31,,,2.72,2.72,,,2.69,,,6417000000.0,,18170000000.0,,5795000000.0,1771000000.0,28540000000.0,28540000000.0,27075000000.0,48768000000.0,10932000000.0,9223000000.0,-3830000000.0,32563000000.0,,8184000000.0,32963000000.0,1465000000.0,3461000000.0,,31649000000.0,,1965000000.0,50733000000.0,52536000000.0,42186000000.0,34957000000.0,90954000000.0,,,9674600000.0,9725900000.0,9787300000.0
Bank of America Corp,BAC,9DJT3UXIJIZJI4WXO774,70858,2020.0,Q1TTM,2019-04-01,2020-03-31,,,2.46,2.46,,,2.45,,,4389000000.0,,-2072000000.0,,-1827000000.0,1930000000.0,24129000000.0,24129000000.0,22670000000.0,48646000000.0,11376000000.0,9073000000.0,,48891000000.0,,9776000000.0,33288000000.0,1459000000.0,7338000000.0,,32069000000.0,,-1827000000.0,46819000000.0,55151000000.0,42361000000.0,28518000000.0,91007000000.0,,,8852500000.0,8815600000.0,8862700000.0
Bank of America Corp,BAC,9DJT3UXIJIZJI4WXO774,70858,2020.0,Q1,2020-01-01,2020-03-31,2020-05-01 16:56:46+00:00,,0.4,0.4,,,0.4,,,521000000.0,,16098000000.0,,3968000000.0,438000000.0,4010000000.0,4010000000.0,3541000000.0,12130000000.0,2911000000.0,2807000000.0,,,,1785000000.0,7830000000.0,469000000.0,4761000000.0,,8341000000.0,,3968000000.0,16098000000.0,13475000000.0,10637000000.0,4531000000.0,22767000000.0,,,8852500000.0,8815600000.0,8862700000.0
