company_name,company_ticker,company_lei,company_cik,year,quarter,start_date,end_date,filing_date,amortizationexpense,basicdilutedeps,basiceps,cashdividendspershare,currentandfuturebenefits,dilutedeps,incometaxexpense,longtermdebtinterestexpense,netincome,netincomecontinuing,netincometocommon,netinterestincome,netrealizedcapitalgains,nonoperatingincome,otheradjustmentstoconsolidatednetincome,othernoninterestincome,otheroperatingexpenses,otherservicechargeincome,policyacquisitioncosts,premiumsearned,propertyliabilityinsuranceclaims,restructuringcharge,totalinterestexpense,totalnoninterestexpense,totalnoninterestincome,totalpretaxincome,totalrevenue,weightedavebasicdilutedsharesos,weightedavebasicsharesos,weightedavedilutedsharesos
Chubb Ltd,CB,,896159,2007.0,FY,2007-01-01,2007-12-31,2010-02-26 16:15:15+00:00,3092000000.0,7.13,7.13,,,7.01,1130000000.0,,2807000000.0,2807000000.0,2807000000.0,,374000000.0,,,1738000000.0,335000000.0,49000000.0,444000000.0,11946000000.0,6299000000.0,,,10170000000.0,14107000000.0,3937000000.0,14107000000.0,393700000.0,393700000.0,400400000.0
Chubb Ltd,CB,,896159,2008.0,FY,2008-01-01,2008-12-31,2011-02-25 17:41:30+00:00,3123000000.0,5.0,5.0,,,4.92,603000000.0,,1804000000.0,1804000000.0,1804000000.0,,-371000000.0,,,1732000000.0,352000000.0,32000000.0,441000000.0,11828000000.0,6898000000.0,,,10814000000.0,13221000000.0,2407000000.0,13221000000.0,360800000.0,360800000.0,366700000.0
Chubb Ltd,CB,,896159,2008.0,Q3,2008-07-01,2008-09-30,2009-11-06 18:00:39+00:00,581000000.0,0.16,0.16,,91000000.0,0.16,-7000000.0,68000000.0,54000000.0,54000000.0,54000000.0,-68000000.0,10000000.0,-6000000.0,,,457000000.0,,,3609000000.0,2369000000.0,,68000000.0,3498000000.0,3619000000.0,47000000.0,3551000000.0,337500000.0,337500000.0,337500000.0
Chubb Ltd,CB,,896159,2008.0,Q2,2008-04-01,2008-06-30,2009-08-10 12:29:47+00:00,781000000.0,1.29,1.29,0.33,,1.27,160000000.0,,469000000.0,469000000.0,469000000.0,,-76000000.0,,,438000000.0,85000000.0,6000000.0,110000000.0,2986000000.0,1749000000.0,,,2725000000.0,3354000000.0,629000000.0,3354000000.0,363600000.0,363600000.0,369300000.0
Chubb Ltd,CB,,896159,2009.0,FY,2009-01-01,2009-12-31,2012-02-27 16:27:57+00:00,3021000000.0,6.24,6.24,,,6.18,779000000.0,,2183000000.0,2183000000.0,2183000000.0,,23000000.0,,,1649000000.0,349000000.0,13000000.0,416000000.0,11331000000.0,6268000000.0,,,10054000000.0,13016000000.0,2962000000.0,13016000000.0,349800000.0,349800000.0,353200000.0
Chubb Ltd,CB,,896159,2009.0,Q4,2009-10-01,2009-12-31,,969000000.0,2.27,2.27,0.39,-79000000.0,2.23,394000000.0,-60000000.0,797000000.0,797000000.0,797000000.0,60000000.0,-26000000.0,51000000.0,,839000000.0,-273000000.0,7000000.0,211000000.0,2284000000.0,1196000000.0,,-60000000.0,2024000000.0,3104000000.0,1191000000.0,3164000000.0,350100000.0,350100000.0,350100000.0
Chubb Ltd,CB,,896159,2009.0,Q3YTD,2009-01-01,2009-09-30,,2052000000.0,3.97,3.97,1.01,79000000.0,3.95,385000000.0,60000000.0,1386000000.0,1386000000.0,1386000000.0,-60000000.0,49000000.0,-51000000.0,,810000000.0,622000000.0,6000000.0,205000000.0,9047000000.0,5072000000.0,,60000000.0,8030000000.0,9912000000.0,1771000000.0,9852000000.0,337190828.0,337190828.0,337190828.0
Chubb Ltd,CB,,896159,2009.0,Q3,2009-07-01,2009-09-30,2010-11-08 13:56:09+00:00,567000000.0,1.46,1.46,,79000000.0,1.46,94000000.0,60000000.0,494000000.0,494000000.0,494000000.0,-60000000.0,288000000.0,-51000000.0,,,451000000.0,,,3393000000.0,1885000000.0,,60000000.0,2982000000.0,3681000000.0,588000000.0,3621000000.0,338400000.0,338400000.0,338400000.0
Chubb Ltd,CB,,896159,2009.0,Q2,2009-04-01,2009-06-30,2010-08-06 15:04:51+00:00,757000000.0,1.55,1.55,0.35,,1.54,202000000.0,,551000000.0,551000000.0,551000000.0,,27000000.0,,,408000000.0,82000000.0,3000000.0,102000000.0,2828000000.0,1572000000.0,,,2513000000.0,3266000000.0,753000000.0,3266000000.0,355500000.0,355500000.0,357800000.0
Chubb Ltd,CB,,896159,2009.0,Q2YTD,2009-01-01,2009-06-30,,1485000000.0,2.51,2.51,0.7,,2.49,291000000.0,,892000000.0,892000000.0,892000000.0,,-239000000.0,,,810000000.0,171000000.0,6000000.0,205000000.0,5654000000.0,3187000000.0,,,5048000000.0,6231000000.0,1183000000.0,6231000000.0,354800000.0,354800000.0,354800000.0
Chubb Ltd,CB,,896159,2009.0,Q1,2009-01-01,2009-03-31,2010-05-07 14:31:13+00:00,728000000.0,0.96,0.96,0.35,,0.95,89000000.0,,341000000.0,341000000.0,341000000.0,,-266000000.0,,,402000000.0,89000000.0,3000000.0,103000000.0,2826000000.0,1615000000.0,,,2535000000.0,2965000000.0,430000000.0,2965000000.0,355200000.0,355200000.0,358900000.0
Chubb Ltd,CB,,896159,2010.0,FY,2010-01-01,2010-12-31,2013-02-28 16:04:22+00:00,2183000000.0,6.81,6.81,,,6.76,814000000.0,,2174000000.0,2174000000.0,2174000000.0,,421000000.0,,,1665000000.0,340000000.0,13000000.0,1309000000.0,11215000000.0,6499000000.0,,,10331000000.0,13314000000.0,2988000000.0,13314000000.0,319200000.0,319200000.0,321600000.0
Chubb Ltd,CB,,896159,2010.0,Q4,2010-10-01,2010-12-31,,648000000.0,2.88,2.88,0.32,90000000.0,2.87,-266000000.0,62000000.0,978000000.0,1371000000.0,978000000.0,-62000000.0,837000000.0,-16000000.0,-393000000.0,,517000000.0,,,3572000000.0,1971000000.0,,62000000.0,3226000000.0,4409000000.0,1105000000.0,4347000000.0,339685143.0,339685143.0,339685143.0
Chubb Ltd,CB,,896159,2010.0,Q3,2010-07-01,2010-09-30,2011-11-07 16:18:11+00:00,774000000.0,1.82,1.82,0.37,,1.8,212000000.0,,572000000.0,572000000.0,572000000.0,,54000000.0,,,412000000.0,82000000.0,3000000.0,105000000.0,2798000000.0,1522000000.0,,,2483000000.0,3267000000.0,784000000.0,3267000000.0,314300000.0,314300000.0,317800000.0
Chubb Ltd,CB,,896159,2010.0,Q3YTD,2010-01-01,2010-09-30,,1697000000.0,6.2,6.2,0.99,267000000.0,6.17,266000000.0,162000000.0,2107000000.0,2267000000.0,2107000000.0,-162000000.0,1665000000.0,26000000.0,-160000000.0,,1356000000.0,,,9932000000.0,5608000000.0,,162000000.0,8928000000.0,11597000000.0,2533000000.0,11435000000.0,340218717.0,340218717.0,340218717.0
Chubb Ltd,CB,,896159,2010.0,Q3TTM,2009-10-01,2010-09-30,,2256000000.0,9.04,9.04,1.33,336000000.0,8.99,-54000000.0,218000000.0,3060000000.0,3748000000.0,3060000000.0,-218000000.0,2550000000.0,-15000000.0,-688000000.0,,1842000000.0,,,13319000000.0,7508000000.0,,218000000.0,11942000000.0,15869000000.0,3694000000.0,15651000000.0,340218717.0,340218717.0,340218717.0
Chubb Ltd,CB,,896159,2010.0,Q2,2010-04-01,2010-06-30,2011-08-05 15:16:33+00:00,765000000.0,1.6,1.6,0.37,,1.59,184000000.0,,518000000.0,518000000.0,518000000.0,,90000000.0,,,426000000.0,84000000.0,3000000.0,107000000.0,2799000000.0,1660000000.0,,,2616000000.0,3318000000.0,702000000.0,3318000000.0,323800000.0,323800000.0,325800000.0
Chubb Ltd,CB,,896159,2010.0,Q2YTD,2010-01-01,2010-06-30,,1090000000.0,4.22,4.22,0.67,174000000.0,4.2,266000000.0,104000000.0,1432000000.0,1432000000.0,1432000000.0,-104000000.0,1199000000.0,1000000.0,,,923000000.0,,,6510000000.0,3721000000.0,,104000000.0,5908000000.0,7709000000.0,1698000000.0,7605000000.0,339975261.0,339975261.0,339975261.0
Chubb Ltd,CB,,896159,2010.0,Q2TTM,2009-07-01,2010-06-30,,2216000000.0,8.52,8.52,1.32,322000000.0,8.48,40000000.0,220000000.0,2879000000.0,3407000000.0,2879000000.0,-220000000.0,2372000000.0,-91000000.0,-528000000.0,,1860000000.0,,,13290000000.0,7506000000.0,,220000000.0,11904000000.0,15662000000.0,3447000000.0,15442000000.0,339975261.0,339975261.0,339975261.0
Chubb Ltd,CB,,896159,2010.0,Q1,2010-01-01,2010-03-31,2011-05-09 15:43:25+00:00,740000000.0,1.39,1.39,0.37,,1.39,184000000.0,,464000000.0,464000000.0,464000000.0,,127000000.0,,,410000000.0,90000000.0,4000000.0,115000000.0,2782000000.0,1730000000.0,,,2675000000.0,3323000000.0,648000000.0,3323000000.0,333800000.0,333800000.0,333800000.0
Chubb Ltd,CB,,896159,2010.0,Q1TTM,2009-04-01,2010-03-31,,2203000000.0,8.11,8.11,1.29,313000000.0,8.08,-1000000.0,224000000.0,2737000000.0,3265000000.0,2737000000.0,-224000000.0,2126000000.0,-67000000.0,-528000000.0,,1851000000.0,,,13323000000.0,7527000000.0,,224000000.0,11894000000.0,15449000000.0,3264000000.0,15225000000.0,338478484.0,338478484.0,338478484.0
Chubb Ltd,CB,,896159,2011.0,FY,2011-01-01,2011-12-31,2014-02-28 16:08:18+00:00,2330000000.0,5.8,5.8,,,5.76,521000000.0,,1678000000.0,1678000000.0,1678000000.0,,287000000.0,,,1644000000.0,337000000.0,9000000.0,1312000000.0,11644000000.0,7407000000.0,,,11386000000.0,13584000000.0,2199000000.0,13584000000.0,289300000.0,289300000.0,291300000.0
Chubb Ltd,CB,,896159,2011.0,Q4,2011-10-01,2011-12-31,,632000000.0,2.17,2.17,0.23,119000000.0,2.16,,63000000.0,735000000.0,855000000.0,735000000.0,-63000000.0,648000000.0,7000000.0,-120000000.0,,531000000.0,,,3831000000.0,2286000000.0,,63000000.0,3568000000.0,4479000000.0,855000000.0,4416000000.0,338159409.0,338159409.0,338159409.0
Chubb Ltd,CB,,896159,2011.0,Q3,2011-07-01,2011-09-30,2012-11-08 16:19:05+00:00,602000000.0,1.04,1.04,0.39,,1.04,68000000.0,,298000000.0,298000000.0,298000000.0,,70000000.0,,,415000000.0,83000000.0,2000000.0,315000000.0,2932000000.0,2054000000.0,,,3054000000.0,3419000000.0,366000000.0,3419000000.0,286500000.0,286500000.0,286500000.0
Chubb Ltd,CB,,896159,2011.0,Q3YTD,2011-01-01,2011-09-30,,1840000000.0,2.38,2.38,0.99,282000000.0,2.36,,187000000.0,805000000.0,1187000000.0,805000000.0,-187000000.0,799000000.0,-88000000.0,-382000000.0,,1537000000.0,,,11556000000.0,7234000000.0,,187000000.0,10893000000.0,12355000000.0,1187000000.0,12168000000.0,338385734.0,338385734.0,338385734.0
Chubb Ltd,CB,,896159,2011.0,Q3TTM,2010-10-01,2011-09-30,,2488000000.0,5.26,5.26,1.31,372000000.0,5.23,-266000000.0,249000000.0,1783000000.0,2558000000.0,1783000000.0,-249000000.0,1636000000.0,-104000000.0,-775000000.0,,2054000000.0,,,15128000000.0,9205000000.0,,249000000.0,14119000000.0,16764000000.0,2292000000.0,16515000000.0,338385734.0,338385734.0,338385734.0
Chubb Ltd,CB,,896159,2011.0,Q2,2011-04-01,2011-06-30,2012-08-08 15:21:37+00:00,583000000.0,1.43,1.43,0.39,,1.42,127000000.0,,419000000.0,419000000.0,419000000.0,,69000000.0,,,416000000.0,87000000.0,2000000.0,337000000.0,2913000000.0,1847000000.0,,,2854000000.0,3400000000.0,546000000.0,3400000000.0,293000000.0,293000000.0,295100000.0
Chubb Ltd,CB,,896159,2011.0,Q2YTD,2011-01-01,2011-06-30,,1171000000.0,2.49,2.49,0.68,199000000.0,2.47,,125000000.0,844000000.0,1061000000.0,844000000.0,-125000000.0,995000000.0,1000000.0,-217000000.0,,1017000000.0,,,7066000000.0,4489000000.0,,125000000.0,6876000000.0,8061000000.0,1061000000.0,7936000000.0,338920580.0,338920580.0,338920580.0
Chubb Ltd,CB,,896159,2011.0,Q2TTM,2010-07-01,2011-06-30,,2426000000.0,7.35,7.35,1.32,382000000.0,7.31,-266000000.0,245000000.0,2497000000.0,3267000000.0,2497000000.0,-245000000.0,2298000000.0,10000000.0,-770000000.0,,1967000000.0,,,14060000000.0,8347000000.0,,245000000.0,13122000000.0,16358000000.0,3001000000.0,16113000000.0,338920580.0,338920580.0,338920580.0
Chubb Ltd,CB,,896159,2011.0,Q1,2011-01-01,2011-03-31,2012-05-07 16:08:36+00:00,540000000.0,1.71,1.71,0.39,,1.7,176000000.0,,509000000.0,509000000.0,509000000.0,,160000000.0,,,404000000.0,88000000.0,2000000.0,342000000.0,2854000000.0,1765000000.0,,,2735000000.0,3420000000.0,685000000.0,3420000000.0,297700000.0,297700000.0,299400000.0
Chubb Ltd,CB,,896159,2011.0,Q1TTM,2010-04-01,2011-03-31,,2350000000.0,7.59,7.59,1.31,361000000.0,7.55,-124000000.0,235000000.0,2580000000.0,3229000000.0,2580000000.0,-235000000.0,2329000000.0,19000000.0,-649000000.0,,1912000000.0,,,13536000000.0,7921000000.0,,235000000.0,12544000000.0,15865000000.0,3105000000.0,15630000000.0,337088217.0,337088217.0,337088217.0
Chubb Ltd,CB,,896159,2012.0,Q4,2012-10-01,2012-12-31,,636000000.0,2.25,2.25,0.49,142000000.0,2.23,,63000000.0,765000000.0,630000000.0,765000000.0,-63000000.0,839000000.0,20000000.0,135000000.0,,553000000.0,,,3848000000.0,2683000000.0,,63000000.0,4014000000.0,4687000000.0,630000000.0,4624000000.0,339843438.0,339843438.0,339843438.0
Chubb Ltd,CB,,896159,2012.0,FY,2012-01-01,2012-12-31,2015-02-27 15:45:00+00:00,2446000000.0,7.96,7.96,,521000000.0,7.89,,250000000.0,2706000000.0,2976000000.0,2706000000.0,-250000000.0,2259000000.0,6000000.0,-270000000.0,,2096000000.0,,,15677000000.0,9653000000.0,,250000000.0,14716000000.0,17936000000.0,2976000000.0,17686000000.0,339900000.0,339900000.0,343000000.0
Chubb Ltd,CB,,896159,2012.0,Q3,2012-07-01,2012-09-30,2013-11-07 16:03:51+00:00,620000000.0,1.99,1.99,0.41,,1.98,194000000.0,,533000000.0,533000000.0,533000000.0,,-2000000.0,,,383000000.0,77000000.0,2000000.0,341000000.0,2977000000.0,1597000000.0,,,2635000000.0,3360000000.0,727000000.0,3360000000.0,267800000.0,267800000.0,269200000.0
Chubb Ltd,CB,,896159,2012.0,Q3YTD,2012-01-01,2012-09-30,,1810000000.0,5.71,5.71,1.57,379000000.0,5.66,,187000000.0,1941000000.0,2346000000.0,1941000000.0,-187000000.0,1420000000.0,-14000000.0,-405000000.0,,1543000000.0,,,11829000000.0,6970000000.0,,187000000.0,10702000000.0,13249000000.0,2346000000.0,13062000000.0,340207037.0,340207037.0,340207037.0
Chubb Ltd,CB,,896159,2012.0,Q3TTM,2011-10-01,2012-09-30,,2442000000.0,7.88,7.88,1.8,498000000.0,7.82,,250000000.0,2676000000.0,3201000000.0,2676000000.0,-250000000.0,2068000000.0,-7000000.0,-525000000.0,,2074000000.0,,,15660000000.0,9256000000.0,,250000000.0,14270000000.0,17728000000.0,3201000000.0,17478000000.0,340207037.0,340207037.0,340207037.0
Chubb Ltd,CB,,896159,2012.0,Q2,2012-04-01,2012-06-30,2013-08-07 14:43:46+00:00,607000000.0,1.49,1.49,0.41,,1.48,123000000.0,,404000000.0,404000000.0,404000000.0,,46000000.0,,,390000000.0,78000000.0,3000000.0,351000000.0,2983000000.0,1860000000.0,,,2896000000.0,3422000000.0,527000000.0,3422000000.0,271100000.0,271100000.0,273000000.0
Chubb Ltd,CB,,896159,2012.0,Q2YTD,2012-01-01,2012-06-30,,1201000000.0,3.83,3.83,1.08,249000000.0,3.8,,124000000.0,1301000000.0,1559000000.0,1301000000.0,-124000000.0,947000000.0,-31000000.0,-258000000.0,,1024000000.0,,,7164000000.0,3923000000.0,,124000000.0,6397000000.0,8111000000.0,1559000000.0,7987000000.0,339766067.0,339766067.0,339766067.0
Chubb Ltd,CB,,896159,2012.0,Q2TTM,2011-07-01,2012-06-30,,2502000000.0,5.89,5.89,1.62,451000000.0,5.85,,249000000.0,1997000000.0,2540000000.0,1997000000.0,-249000000.0,1399000000.0,-113000000.0,-543000000.0,,2075000000.0,,,15485000000.0,8954000000.0,,249000000.0,13982000000.0,16884000000.0,2540000000.0,16635000000.0,339766067.0,339766067.0,339766067.0
Chubb Ltd,CB,,896159,2012.0,Q1,2012-01-01,2012-03-31,2013-05-08 16:22:02+00:00,576000000.0,1.85,1.85,0.41,,1.83,173000000.0,,506000000.0,506000000.0,506000000.0,,55000000.0,,,401000000.0,82000000.0,2000000.0,366000000.0,2951000000.0,1707000000.0,,,2731000000.0,3409000000.0,679000000.0,3409000000.0,273500000.0,273500000.0,276500000.0
Chubb Ltd,CB,,896159,2012.0,Q1TTM,2011-04-01,2012-03-31,,2495000000.0,6.68,6.68,1.48,457000000.0,6.63,,249000000.0,2263000000.0,2779000000.0,2263000000.0,-249000000.0,1752000000.0,-91000000.0,-516000000.0,,2079000000.0,,,15459000000.0,9061000000.0,,249000000.0,14092000000.0,17211000000.0,2779000000.0,16962000000.0,338567341.0,338567341.0,338567341.0
Chubb Ltd,CB,,896159,2013.0,Q4,2013-10-01,2013-12-31,,797000000.0,2.93,2.93,1.34,136000000.0,2.9,,275000000.0,998000000.0,1086000000.0,998000000.0,-275000000.0,711000000.0,102000000.0,-88000000.0,,365000000.0,,,4363000000.0,2517000000.0,,275000000.0,3815000000.0,5074000000.0,1086000000.0,4799000000.0,340906490.0,340906490.0,340906490.0
Chubb Ltd,CB,,896159,2013.0,FY,2013-01-01,2013-12-31,2016-02-26 17:40:22+00:00,2754000000.0,11.02,11.02,,515000000.0,10.92,,275000000.0,3758000000.0,4238000000.0,3758000000.0,-275000000.0,2648000000.0,80000000.0,-480000000.0,,2211000000.0,,,16613000000.0,9348000000.0,0.0,275000000.0,14828000000.0,19261000000.0,4238000000.0,18986000000.0,341000000.0,341000000.0,344100000.0
Chubb Ltd,CB,,896159,2013.0,Q3,2013-07-01,2013-09-30,2014-11-06 16:50:25+00:00,619000000.0,2.11,2.11,0.44,,2.1,198000000.0,,541000000.0,541000000.0,541000000.0,,18000000.0,,,358000000.0,77000000.0,,368000000.0,3027000000.0,1600000000.0,,,2664000000.0,3403000000.0,739000000.0,3403000000.0,256400000.0,256400000.0,257600000.0
Chubb Ltd,CB,,896159,2013.0,Q3YTD,2013-01-01,2013-09-30,,1957000000.0,8.09,8.09,0.51,379000000.0,8.02,,,2760000000.0,3152000000.0,2760000000.0,,1937000000.0,-22000000.0,-392000000.0,,1846000000.0,,,12250000000.0,6831000000.0,,,11013000000.0,14187000000.0,3152000000.0,14187000000.0,340888648.0,340888648.0,340888648.0
Chubb Ltd,CB,,896159,2013.0,Q3TTM,2012-10-01,2013-09-30,,2593000000.0,10.34,10.34,1.0,521000000.0,10.25,,63000000.0,3525000000.0,3782000000.0,3525000000.0,-63000000.0,2776000000.0,-2000000.0,-257000000.0,,2399000000.0,,,16098000000.0,9514000000.0,,63000000.0,15027000000.0,18874000000.0,3782000000.0,18811000000.0,340888648.0,340888648.0,340888648.0
Chubb Ltd,CB,,896159,2013.0,Q2,2013-04-01,2013-06-30,2014-08-07 16:30:19+00:00,617000000.0,2.22,2.22,0.44,,2.21,217000000.0,,579000000.0,579000000.0,579000000.0,,179000000.0,,,368000000.0,86000000.0,9000000.0,358000000.0,2995000000.0,1694000000.0,,,2755000000.0,3551000000.0,796000000.0,3551000000.0,260800000.0,260800000.0,262000000.0
Chubb Ltd,CB,,896159,2013.0,Q2YTD,2013-01-01,2013-06-30,,1279000000.0,5.41,5.41,0.51,241000000.0,5.36,,,1844000000.0,2081000000.0,1844000000.0,,1375000000.0,-27000000.0,-237000000.0,,1211000000.0,,,7640000000.0,4176000000.0,,,6907000000.0,9015000000.0,2081000000.0,9015000000.0,341047290.0,341047290.0,341047290.0
Chubb Ltd,CB,,896159,2013.0,Q2TTM,2012-07-01,2013-06-30,,2524000000.0,9.54,9.54,1.49,513000000.0,9.45,,126000000.0,3249000000.0,3498000000.0,3249000000.0,-126000000.0,2687000000.0,10000000.0,-249000000.0,,2283000000.0,,,16153000000.0,9906000000.0,,126000000.0,15226000000.0,18840000000.0,3498000000.0,18714000000.0,341047290.0,341047290.0,341047290.0
Chubb Ltd,CB,,896159,2013.0,Q1,2013-01-01,2013-03-31,2014-05-08 16:24:54+00:00,587000000.0,2.49,2.49,0.44,,2.48,260000000.0,,656000000.0,656000000.0,656000000.0,,138000000.0,,,372000000.0,87000000.0,3000000.0,359000000.0,3004000000.0,1568000000.0,,,2601000000.0,3517000000.0,916000000.0,3517000000.0,263500000.0,263500000.0,264500000.0
Chubb Ltd,CB,,896159,2013.0,Q1TTM,2012-04-01,2013-03-31,,2478000000.0,7.89,7.89,1.47,505000000.0,7.82,,188000000.0,2686000000.0,2968000000.0,2686000000.0,-188000000.0,2192000000.0,13000000.0,-282000000.0,,2160000000.0,,,15869000000.0,9775000000.0,,188000000.0,14918000000.0,18061000000.0,2968000000.0,17873000000.0,340778142.0,340778142.0,340778142.0
Chubb Ltd,CB,,896159,2014.0,Q4,2014-10-01,2014-12-31,,845000000.0,1.69,1.69,0.65,134000000.0,1.68,,280000000.0,555000000.0,787000000.0,555000000.0,-280000000.0,367000000.0,-88000000.0,-232000000.0,,377000000.0,190000000.0,,4370000000.0,2416000000.0,,280000000.0,3772000000.0,4927000000.0,787000000.0,4647000000.0,335609899.0,335609899.0,335609899.0
Chubb Ltd,CB,,896159,2014.0,FY,2014-01-01,2014-12-31,2016-02-26 17:40:22+00:00,3183000000.0,8.5,8.5,,517000000.0,8.42,,280000000.0,2853000000.0,3487000000.0,2853000000.0,-280000000.0,1745000000.0,190000000.0,-634000000.0,,2245000000.0,,,17426000000.0,9649000000.0,0.0,280000000.0,15594000000.0,19171000000.0,3487000000.0,18891000000.0,335600000.0,335600000.0,338800000.0
Chubb Ltd,CB,,896159,2014.0,Q3,2014-07-01,2014-09-30,2015-11-06 16:08:22+00:00,644000000.0,2.47,2.47,0.5,,2.47,224000000.0,,594000000.0,594000000.0,594000000.0,,110000000.0,,,344000000.0,76000000.0,1000000.0,357000000.0,3119000000.0,1679000000.0,,,2756000000.0,3574000000.0,818000000.0,3574000000.0,240500000.0,240500000.0,240500000.0
Chubb Ltd,CB,,896159,2014.0,Q3YTD,2014-01-01,2014-09-30,,2338000000.0,6.81,6.81,2.05,383000000.0,6.74,,,2298000000.0,2700000000.0,2298000000.0,,1378000000.0,88000000.0,-402000000.0,,1868000000.0,,,13056000000.0,7233000000.0,,,11822000000.0,14434000000.0,2700000000.0,14434000000.0,334472324.0,334472324.0,334472324.0
Chubb Ltd,CB,,896159,2014.0,Q3TTM,2013-10-01,2014-09-30,,3135000000.0,9.74,9.74,3.39,519000000.0,9.64,,275000000.0,3296000000.0,3786000000.0,3296000000.0,-275000000.0,2089000000.0,190000000.0,-490000000.0,,2233000000.0,,,17419000000.0,9750000000.0,,275000000.0,15637000000.0,19508000000.0,3786000000.0,19233000000.0,334472324.0,334472324.0,334472324.0
Chubb Ltd,CB,,896159,2014.0,Q2,2014-04-01,2014-06-30,2015-08-06 17:03:54+00:00,630000000.0,2.03,2.03,0.5,,2.03,179000000.0,,499000000.0,499000000.0,499000000.0,,125000000.0,,,351000000.0,76000000.0,2000000.0,366000000.0,3064000000.0,1792000000.0,,,2864000000.0,3542000000.0,678000000.0,3542000000.0,245800000.0,245800000.0,245800000.0
Chubb Ltd,CB,,896159,2014.0,Q2YTD,2014-01-01,2014-06-30,,1486000000.0,4.46,4.46,1.4,258000000.0,4.42,,,1513000000.0,1739000000.0,1513000000.0,,932000000.0,42000000.0,-226000000.0,,1244000000.0,,,8302000000.0,4549000000.0,,,7537000000.0,9234000000.0,1739000000.0,9234000000.0,337846228.0,337846228.0,337846228.0
Chubb Ltd,CB,,896159,2014.0,Q2TTM,2013-07-01,2014-06-30,,2961000000.0,10.07,10.07,2.74,532000000.0,9.98,,275000000.0,3427000000.0,3896000000.0,3427000000.0,-275000000.0,2205000000.0,149000000.0,-469000000.0,,2244000000.0,,,17275000000.0,9721000000.0,,275000000.0,15458000000.0,19480000000.0,3896000000.0,19205000000.0,337846228.0,337846228.0,337846228.0
Chubb Ltd,CB,,896159,2014.0,Q1,2014-01-01,2014-03-31,2015-05-06 16:50:23+00:00,622000000.0,1.81,1.81,0.5,,1.8,154000000.0,,449000000.0,449000000.0,449000000.0,,116000000.0,,,358000000.0,80000000.0,3000000.0,356000000.0,3029000000.0,1845000000.0,,,2903000000.0,3506000000.0,603000000.0,3506000000.0,248100000.0,248100000.0,249400000.0
Chubb Ltd,CB,,896159,2014.0,Q1TTM,2013-04-01,2014-03-31,,2868000000.0,10.38,10.38,2.6,498000000.0,10.29,,275000000.0,3539000000.0,3990000000.0,3539000000.0,-275000000.0,2360000000.0,87000000.0,-451000000.0,,2243000000.0,,,17010000000.0,9583000000.0,,275000000.0,15192000000.0,19370000000.0,3990000000.0,19095000000.0,338869562.0,338869562.0,338869562.0
Chubb Ltd,CB,,896159,2015.0,FY,2015-01-01,2015-12-31,2018-02-23 15:38:08+00:00,3112000000.0,8.71,8.71,,543000000.0,8.62,,300000000.0,2834000000.0,3296000000.0,2834000000.0,-300000000.0,1774000000.0,,-462000000.0,,2270000000.0,51000000.0,,17213000000.0,9484000000.0,33000000.0,300000000.0,15442000000.0,19038000000.0,3296000000.0,18738000000.0,325400000.0,325400000.0,328800000.0
Chubb Ltd,CB,,896159,2015.0,Q4,2015-10-01,2015-12-31,,1171000000.0,2.34,2.34,-1.71,543000000.0,2.28,-537000000.0,300000000.0,1364000000.0,1826000000.0,1364000000.0,-300000000.0,1661000000.0,,-462000000.0,-1001000000.0,2003000000.0,45000000.0,-1049000000.0,7809000000.0,4224000000.0,33000000.0,300000000.0,6925000000.0,8514000000.0,1289000000.0,8214000000.0,325400000.0,325400000.0,328800000.0
Chubb Ltd,CB,,896159,2015.0,Q3,2015-07-01,2015-09-30,2015-11-06 16:08:22+00:00,663000000.0,2.62,2.62,0.57,,2.6,246000000.0,,601000000.0,601000000.0,601000000.0,,82000000.0,,,328000000.0,86000000.0,2000000.0,349000000.0,3166000000.0,1633000000.0,,,2731000000.0,3578000000.0,847000000.0,3578000000.0,229400000.0,229400000.0,231200000.0
Chubb Ltd,CB,,896159,2015.0,Q3YTD,2015-01-01,2015-09-30,,2341000000.0,6.6,6.6,0.65,384000000.0,6.53,395000000.0,,2151000000.0,2151000000.0,2151000000.0,,1302000000.0,35000000.0,,,1907000000.0,26000000.0,,13006000000.0,7182000000.0,9000000.0,,11823000000.0,14334000000.0,2546000000.0,14334000000.0,324210936.0,324210936.0,324210936.0
Chubb Ltd,CB,,896159,2015.0,Q3TTM,2014-10-01,2015-09-30,,3186000000.0,8.29,8.29,1.3,518000000.0,8.21,395000000.0,280000000.0,2706000000.0,2938000000.0,2706000000.0,-280000000.0,1669000000.0,-53000000.0,-232000000.0,,2284000000.0,216000000.0,,17376000000.0,9598000000.0,9000000.0,280000000.0,15595000000.0,19261000000.0,3333000000.0,18981000000.0,324210936.0,324210936.0,324210936.0
Chubb Ltd,CB,,896159,2015.0,Q2,2015-04-01,2015-06-30,2015-08-06 17:03:54+00:00,652000000.0,2.14,2.14,0.57,,2.14,184000000.0,,494000000.0,494000000.0,494000000.0,,20000000.0,,,334000000.0,99000000.0,2000000.0,353000000.0,3133000000.0,1707000000.0,,,2811000000.0,3489000000.0,678000000.0,3489000000.0,230800000.0,230800000.0,230800000.0
Chubb Ltd,CB,,896159,2015.0,Q2YTD,2015-01-01,2015-06-30,,1519000000.0,4.97,4.97,0.65,295000000.0,4.91,263000000.0,,1623000000.0,1623000000.0,1623000000.0,,1150000000.0,35000000.0,,,1271000000.0,38000000.0,,8287000000.0,4539000000.0,,,7624000000.0,9475000000.0,1886000000.0,9475000000.0,325463196.0,325463196.0,325463196.0
Chubb Ltd,CB,,896159,2015.0,Q2TTM,2014-07-01,2015-06-30,,3216000000.0,9.01,9.01,1.95,554000000.0,8.91,263000000.0,280000000.0,2963000000.0,3371000000.0,2963000000.0,-280000000.0,1963000000.0,-7000000.0,-408000000.0,,2272000000.0,228000000.0,,17411000000.0,9639000000.0,,280000000.0,15681000000.0,19602000000.0,3634000000.0,19322000000.0,325463196.0,325463196.0,325463196.0
Chubb Ltd,CB,,896159,2015.0,Q1,2015-01-01,2015-03-31,2015-05-06 16:50:23+00:00,626000000.0,1.61,1.61,0.57,,1.6,107000000.0,,375000000.0,375000000.0,375000000.0,,11000000.0,,,339000000.0,82000000.0,2000000.0,347000000.0,3105000000.0,1920000000.0,,,2975000000.0,3457000000.0,482000000.0,3457000000.0,232900000.0,232900000.0,234400000.0
Chubb Ltd,CB,,896159,2015.0,Q1TTM,2014-04-01,2015-03-31,,3192000000.0,8.42,8.42,2.6,545000000.0,8.33,120000000.0,280000000.0,2800000000.0,3341000000.0,2800000000.0,-280000000.0,1758000000.0,18000000.0,-541000000.0,,2261000000.0,190000000.0,,17383000000.0,9610000000.0,,280000000.0,15608000000.0,19331000000.0,3461000000.0,19051000000.0,328212376.0,328212376.0,328212376.0
Chubb Ltd,CB,,896159,2016.0,FY,2016-01-01,2016-12-31,2019-02-28 17:28:33+00:00,5923000000.0,8.94,8.94,,588000000.0,8.87,,605000000.0,4135000000.0,4950000000.0,4135000000.0,-605000000.0,2720000000.0,,-815000000.0,,3081000000.0,222000000.0,,28749000000.0,16052000000.0,492000000.0,605000000.0,26136000000.0,31691000000.0,4950000000.0,31086000000.0,462500000.0,462500000.0,466200000.0
Chubb Ltd,CB,,896159,2016.0,Q4,2016-10-01,2016-12-31,,1420000000.0,3.51,3.51,,161000000.0,3.48,-556000000.0,605000000.0,1610000000.0,2425000000.0,1610000000.0,-605000000.0,1109000000.0,,-815000000.0,,257000000.0,130000000.0,,7059000000.0,3855000000.0,131000000.0,605000000.0,5824000000.0,8298000000.0,1869000000.0,7693000000.0,462500000.0,462500000.0,466200000.0
Chubb Ltd,CB,,896159,2016.0,Q3,2016-07-01,2016-09-30,2017-11-01 17:01:25+00:00,1518000000.0,2.9,2.9,,155000000.0,2.88,277000000.0,,1360000000.0,1360000000.0,1360000000.0,,839000000.0,,,,924000000.0,91000000.0,,7688000000.0,4269000000.0,115000000.0,,6981000000.0,8618000000.0,1637000000.0,8618000000.0,469000000.0,469000000.0,472200000.0
Chubb Ltd,CB,,896159,2016.0,Q3YTD,2016-01-01,2016-09-30,,4503000000.0,5.43,5.43,,427000000.0,5.39,556000000.0,,2525000000.0,2525000000.0,2525000000.0,,1611000000.0,,,,2824000000.0,92000000.0,,21690000000.0,12197000000.0,361000000.0,,20312000000.0,23393000000.0,3081000000.0,23393000000.0,469000000.0,469000000.0,472200000.0
Chubb Ltd,CB,,896159,2016.0,Q3TTM,2015-10-01,2016-09-30,,5674000000.0,7.77,7.77,-1.71,970000000.0,7.67,19000000.0,300000000.0,3889000000.0,4351000000.0,3889000000.0,-300000000.0,3272000000.0,,-462000000.0,-1001000000.0,4827000000.0,137000000.0,-1049000000.0,29499000000.0,16421000000.0,394000000.0,300000000.0,27237000000.0,31907000000.0,4370000000.0,31607000000.0,469000000.0,469000000.0,472200000.0
Chubb Ltd,CB,,896159,2016.0,Q2,2016-04-01,2016-06-30,2017-08-03 14:59:49+00:00,1565000000.0,1.55,1.55,,146000000.0,1.54,155000000.0,,726000000.0,726000000.0,726000000.0,,492000000.0,,,,982000000.0,29000000.0,,7405000000.0,4254000000.0,98000000.0,,7045000000.0,7926000000.0,881000000.0,7926000000.0,468400000.0,468400000.0,471400000.0
Chubb Ltd,CB,,896159,2016.0,Q2YTD,2016-01-01,2016-06-30,,2985000000.0,2.53,2.53,,272000000.0,2.51,279000000.0,,1165000000.0,1165000000.0,1165000000.0,,772000000.0,,,,1900000000.0,1000000.0,,14002000000.0,7928000000.0,246000000.0,,13331000000.0,14775000000.0,1444000000.0,14775000000.0,468400000.0,468400000.0,471400000.0
Chubb Ltd,CB,,896159,2016.0,Q2TTM,2015-07-01,2016-06-30,,4819000000.0,7.49,7.49,-1.14,815000000.0,7.39,-12000000.0,300000000.0,3130000000.0,3592000000.0,3130000000.0,-300000000.0,2515000000.0,,-462000000.0,-673000000.0,3989000000.0,48000000.0,-700000000.0,24977000000.0,13785000000.0,279000000.0,300000000.0,22987000000.0,26867000000.0,3580000000.0,26567000000.0,468400000.0,468400000.0,471400000.0
Chubb Ltd,CB,,896159,2016.0,Q1,2016-01-01,2016-03-31,2017-05-04 15:19:44+00:00,1420000000.0,0.98,0.98,,126000000.0,0.97,124000000.0,,439000000.0,439000000.0,439000000.0,,280000000.0,,,,918000000.0,-28000000.0,,6597000000.0,3674000000.0,148000000.0,,6286000000.0,6849000000.0,563000000.0,6849000000.0,448000000.0,448000000.0,452600000.0
Chubb Ltd,CB,,896159,2016.0,Q1TTM,2015-04-01,2016-03-31,,3906000000.0,8.08,8.08,-0.57,669000000.0,7.99,17000000.0,300000000.0,2898000000.0,3360000000.0,2898000000.0,-300000000.0,2043000000.0,,-462000000.0,-339000000.0,3106000000.0,21000000.0,-347000000.0,20705000000.0,11238000000.0,181000000.0,300000000.0,18753000000.0,22430000000.0,3377000000.0,22130000000.0,448000000.0,448000000.0,452600000.0
Chubb Ltd,CB,,896159,2017.0,FY,2017-01-01,2017-12-31,2020-02-27 14:44:51+00:00,6041000000.0,8.26,8.26,,676000000.0,8.19,-139000000.0,607000000.0,3861000000.0,3861000000.0,3861000000.0,-607000000.0,3209000000.0,,,,2833000000.0,400000000.0,,29034000000.0,18454000000.0,310000000.0,607000000.0,28314000000.0,32643000000.0,3722000000.0,32036000000.0,467400000.0,467400000.0,471400000.0
Chubb Ltd,CB,,896159,2017.0,Q4,2017-10-01,2017-12-31,,1513000000.0,3.29,3.29,,176000000.0,3.26,-382000000.0,607000000.0,1533000000.0,1533000000.0,1533000000.0,-607000000.0,797000000.0,,,,286000000.0,67000000.0,,7218000000.0,4272000000.0,77000000.0,607000000.0,6324000000.0,8082000000.0,1151000000.0,7475000000.0,467400000.0,467400000.0,471400000.0
Chubb Ltd,CB,,896159,2017.0,Q3,2017-07-01,2017-09-30,2018-10-30 15:43:15+00:00,1553000000.0,-0.15,-0.15,,169000000.0,-0.15,-85000000.0,,-70000000.0,-70000000.0,-70000000.0,,803000000.0,,,,864000000.0,118000000.0,,7807000000.0,6247000000.0,50000000.0,,8883000000.0,8728000000.0,-155000000.0,8728000000.0,466700000.0,466700000.0,466700000.0
Chubb Ltd,CB,,896159,2017.0,Q3YTD,2017-01-01,2017-09-30,,4528000000.0,4.97,4.97,,500000000.0,4.93,243000000.0,,2328000000.0,2328000000.0,2328000000.0,,2412000000.0,,,,2547000000.0,333000000.0,,21816000000.0,14182000000.0,233000000.0,,21990000000.0,24561000000.0,2571000000.0,24561000000.0,466700000.0,466700000.0,466700000.0
Chubb Ltd,CB,,896159,2017.0,Q3TTM,2016-10-01,2017-09-30,,5948000000.0,8.48,8.48,,661000000.0,8.41,-313000000.0,605000000.0,3938000000.0,4753000000.0,3938000000.0,-605000000.0,3521000000.0,,-815000000.0,,2804000000.0,463000000.0,,28875000000.0,18037000000.0,364000000.0,605000000.0,27814000000.0,32859000000.0,4440000000.0,32254000000.0,466700000.0,466700000.0,466700000.0
Chubb Ltd,CB,,896159,2017.0,Q2,2017-04-01,2017-06-30,2018-08-01 15:38:04+00:00,1514000000.0,2.79,2.79,,163000000.0,2.77,200000000.0,,1305000000.0,1305000000.0,1305000000.0,,871000000.0,,,,853000000.0,145000000.0,,7237000000.0,4146000000.0,72000000.0,,6748000000.0,8253000000.0,1505000000.0,8253000000.0,467700000.0,467700000.0,471100000.0
Chubb Ltd,CB,,896159,2017.0,Q2YTD,2017-01-01,2017-06-30,,2975000000.0,5.12,5.12,,331000000.0,5.08,328000000.0,,2398000000.0,2398000000.0,2398000000.0,,1609000000.0,,,,1683000000.0,215000000.0,,14009000000.0,7935000000.0,183000000.0,,13107000000.0,15833000000.0,2726000000.0,15833000000.0,467700000.0,467700000.0,471100000.0
Chubb Ltd,CB,,896159,2017.0,Q2TTM,2016-07-01,2017-06-30,,5913000000.0,11.53,11.53,,647000000.0,11.44,49000000.0,605000000.0,5368000000.0,6183000000.0,5368000000.0,-605000000.0,3557000000.0,,-815000000.0,,2864000000.0,436000000.0,,28756000000.0,16059000000.0,429000000.0,605000000.0,25912000000.0,32749000000.0,6232000000.0,32144000000.0,467700000.0,467700000.0,471100000.0
Chubb Ltd,CB,,896159,2017.0,Q1,2017-01-01,2017-03-31,2018-05-02 16:39:23+00:00,1461000000.0,2.33,2.33,,168000000.0,2.31,128000000.0,,1093000000.0,1093000000.0,1093000000.0,,738000000.0,,,,830000000.0,70000000.0,,6772000000.0,3789000000.0,111000000.0,,6359000000.0,7580000000.0,1221000000.0,7580000000.0,469100000.0,469100000.0,473200000.0
Chubb Ltd,CB,,896159,2017.0,Q1TTM,2016-04-01,2017-03-31,,5964000000.0,10.29,10.29,,630000000.0,10.21,4000000.0,605000000.0,4789000000.0,5604000000.0,4789000000.0,-605000000.0,3178000000.0,,-815000000.0,,2993000000.0,320000000.0,,28924000000.0,16167000000.0,455000000.0,605000000.0,26209000000.0,32422000000.0,5608000000.0,31817000000.0,469100000.0,469100000.0,473200000.0
Chubb Ltd,CB,,896159,2018.0,FY,2018-01-01,2018-12-31,2020-02-27 14:44:51+00:00,6251000000.0,8.55,8.55,,590000000.0,8.49,695000000.0,641000000.0,3962000000.0,3962000000.0,3962000000.0,-641000000.0,2653000000.0,,,,2886000000.0,434000000.0,,30064000000.0,18067000000.0,59000000.0,641000000.0,27853000000.0,33151000000.0,4657000000.0,32510000000.0,463400000.0,463400000.0,466700000.0
Chubb Ltd,CB,,896159,2018.0,Q4,2018-10-01,2018-12-31,,1566000000.0,0.79,0.79,,162000000.0,0.79,159000000.0,641000000.0,355000000.0,355000000.0,355000000.0,-641000000.0,161000000.0,,,,240000000.0,127000000.0,,7465000000.0,4610000000.0,20000000.0,641000000.0,6598000000.0,7753000000.0,514000000.0,7112000000.0,463400000.0,463400000.0,466700000.0
Chubb Ltd,CB,,896159,2018.0,Q3,2018-07-01,2018-09-30,2019-10-31 12:37:31+00:00,1587000000.0,2.66,2.66,,127000000.0,2.64,183000000.0,,1231000000.0,1231000000.0,1231000000.0,,842000000.0,,,,883000000.0,145000000.0,,7908000000.0,4868000000.0,16000000.0,,7481000000.0,8895000000.0,1414000000.0,8895000000.0,462800000.0,462800000.0,466300000.0
Chubb Ltd,CB,,896159,2018.0,Q3YTD,2018-01-01,2018-09-30,,4685000000.0,7.76,7.76,,428000000.0,7.7,536000000.0,,3607000000.0,3607000000.0,3607000000.0,,2492000000.0,,,,2646000000.0,307000000.0,,22599000000.0,13457000000.0,39000000.0,,21255000000.0,25398000000.0,4143000000.0,25398000000.0,462800000.0,462800000.0,466300000.0
Chubb Ltd,CB,,896159,2018.0,Q3TTM,2017-10-01,2018-09-30,,6198000000.0,11.05,11.05,,604000000.0,10.96,154000000.0,607000000.0,5140000000.0,5140000000.0,5140000000.0,-607000000.0,3289000000.0,,,,2932000000.0,374000000.0,,29817000000.0,17729000000.0,116000000.0,607000000.0,27579000000.0,33480000000.0,5294000000.0,32873000000.0,462800000.0,462800000.0,466300000.0
Chubb Ltd,CB,,896159,2018.0,Q2,2018-04-01,2018-06-30,2019-07-31 15:46:22+00:00,1549000000.0,2.78,2.78,,150000000.0,2.76,218000000.0,,1294000000.0,1294000000.0,1294000000.0,,846000000.0,,,,914000000.0,115000000.0,,7664000000.0,4487000000.0,13000000.0,,7113000000.0,8625000000.0,1512000000.0,8625000000.0,465500000.0,465500000.0,468800000.0
Chubb Ltd,CB,,896159,2018.0,Q2YTD,2018-01-01,2018-06-30,,3098000000.0,5.1,5.1,,301000000.0,5.06,353000000.0,,2376000000.0,2376000000.0,2376000000.0,,1650000000.0,,,,1763000000.0,162000000.0,,14691000000.0,8589000000.0,23000000.0,,13774000000.0,16503000000.0,2729000000.0,16503000000.0,465500000.0,465500000.0,468800000.0
Chubb Ltd,CB,,896159,2018.0,Q2TTM,2017-07-01,2018-06-30,,6164000000.0,8.24,8.24,,646000000.0,8.17,-114000000.0,607000000.0,3839000000.0,3839000000.0,3839000000.0,-607000000.0,3250000000.0,,,,2913000000.0,347000000.0,,29716000000.0,19108000000.0,150000000.0,607000000.0,28981000000.0,33313000000.0,3725000000.0,32706000000.0,465500000.0,465500000.0,468800000.0
Chubb Ltd,CB,,896159,2018.0,Q1,2018-01-01,2018-03-31,2019-05-02 15:28:29+00:00,1549000000.0,2.32,2.32,,151000000.0,2.3,135000000.0,,1082000000.0,1082000000.0,1082000000.0,,804000000.0,,,,849000000.0,47000000.0,,7027000000.0,4102000000.0,10000000.0,,6661000000.0,7878000000.0,1217000000.0,7878000000.0,466400000.0,466400000.0,470400000.0
Chubb Ltd,CB,,896159,2018.0,Q1TTM,2017-04-01,2018-03-31,,6129000000.0,8.25,8.25,,659000000.0,8.18,-132000000.0,607000000.0,3850000000.0,3850000000.0,3850000000.0,-607000000.0,3275000000.0,,,,2852000000.0,377000000.0,,29289000000.0,18767000000.0,209000000.0,607000000.0,28616000000.0,32941000000.0,3718000000.0,32334000000.0,466400000.0,466400000.0,470400000.0
Chubb Ltd,CB,,896159,2019.0,Q4,2019-10-01,2019-12-31,,1618000000.0,2.58,2.58,,225000000.0,2.58,169000000.0,552000000.0,1173000000.0,1173000000.0,1173000000.0,-552000000.0,803000000.0,,,,392000000.0,270000000.0,,7935000000.0,4865000000.0,14000000.0,552000000.0,7114000000.0,9008000000.0,1342000000.0,8456000000.0,455900000.0,455900000.0,458700000.0
Chubb Ltd,CB,,896159,2019.0,FY,2019-01-01,2019-12-31,2020-02-27 14:44:51+00:00,6458000000.0,9.77,9.77,,740000000.0,9.71,795000000.0,552000000.0,4454000000.0,4454000000.0,4454000000.0,-552000000.0,2896000000.0,,,,3030000000.0,596000000.0,,31290000000.0,18730000000.0,23000000.0,552000000.0,28981000000.0,34782000000.0,5249000000.0,34230000000.0,455900000.0,455900000.0,458700000.0
Chubb Ltd,CB,,896159,2019.0,Q3YTD,2019-01-01,2019-09-30,,4840000000.0,7.19,7.19,,515000000.0,7.13,626000000.0,,3281000000.0,3281000000.0,3281000000.0,,2093000000.0,,,,2638000000.0,326000000.0,,23355000000.0,13865000000.0,9000000.0,,21867000000.0,25774000000.0,3907000000.0,25774000000.0,454600000.0,454600000.0,458400000.0
Chubb Ltd,CB,,896159,2019.0,Q3TTM,2018-10-01,2019-09-30,,6406000000.0,7.98,7.98,,677000000.0,7.92,785000000.0,641000000.0,3636000000.0,3636000000.0,3636000000.0,-641000000.0,2254000000.0,,,,2878000000.0,453000000.0,,30820000000.0,18475000000.0,29000000.0,641000000.0,28465000000.0,33527000000.0,4421000000.0,32886000000.0,454600000.0,454600000.0,458400000.0
Chubb Ltd,CB,,896159,2019.0,Q3,2019-07-01,2019-09-30,2019-10-31 12:37:31+00:00,1679000000.0,2.4,2.4,,158000000.0,2.38,230000000.0,,1091000000.0,1091000000.0,1091000000.0,,718000000.0,,,,890000000.0,57000000.0,,8327000000.0,5052000000.0,2000000.0,,7781000000.0,9102000000.0,1321000000.0,9102000000.0,454600000.0,454600000.0,458400000.0
Chubb Ltd,CB,,896159,2019.0,Q2YTD,2019-01-01,2019-06-30,,3161000000.0,4.79,4.79,,357000000.0,4.75,396000000.0,,2190000000.0,2190000000.0,2190000000.0,,1375000000.0,,,,1748000000.0,269000000.0,,15028000000.0,8813000000.0,7000000.0,,14086000000.0,16672000000.0,2586000000.0,16672000000.0,456300000.0,456300000.0,460000000.0
Chubb Ltd,CB,,896159,2019.0,Q2TTM,2018-07-01,2019-06-30,,6314000000.0,8.24,8.24,,646000000.0,8.18,738000000.0,641000000.0,3776000000.0,3776000000.0,3776000000.0,-641000000.0,2378000000.0,,,,2871000000.0,541000000.0,,30401000000.0,18291000000.0,43000000.0,641000000.0,28165000000.0,33320000000.0,4514000000.0,32679000000.0,456300000.0,456300000.0,460000000.0
Chubb Ltd,CB,,896159,2019.0,Q2,2019-04-01,2019-06-30,2019-07-31 15:46:22+00:00,1621000000.0,2.52,2.52,,161000000.0,2.5,208000000.0,,1150000000.0,1150000000.0,1150000000.0,,636000000.0,,,,898000000.0,230000000.0,,7891000000.0,4715000000.0,4000000.0,,7399000000.0,8757000000.0,1358000000.0,8757000000.0,456300000.0,456300000.0,460000000.0
Chubb Ltd,CB,,896159,2019.0,Q1,2019-01-01,2019-03-31,2020-04-29 16:54:19+00:00,1540000000.0,2.27,2.27,,196000000.0,2.25,188000000.0,,1040000000.0,1040000000.0,1040000000.0,,739000000.0,,,,850000000.0,39000000.0,,7137000000.0,4098000000.0,3000000.0,,6687000000.0,7915000000.0,1228000000.0,7915000000.0,458100000.0,458100000.0,462200000.0
Chubb Ltd,CB,,896159,2019.0,Q1TTM,2018-04-01,2019-03-31,,6242000000.0,8.5,8.5,,635000000.0,8.44,748000000.0,641000000.0,3920000000.0,3920000000.0,3920000000.0,-641000000.0,2588000000.0,,,,2887000000.0,426000000.0,,30174000000.0,18063000000.0,52000000.0,641000000.0,27879000000.0,33188000000.0,4668000000.0,32547000000.0,458100000.0,458100000.0,462200000.0
Chubb Ltd,CB,,896159,2020.0,Q1,2020-01-01,2020-03-31,2020-04-29 16:54:19+00:00,1688000000.0,0.56,0.56,,129000000.0,0.55,215000000.0,,252000000.0,252000000.0,252000000.0,,-97000000.0,,,,873000000.0,-55000000.0,,7794000000.0,4485000000.0,0.0,,7175000000.0,7642000000.0,467000000.0,7642000000.0,450000000.0,450000000.0,458200000.0
Chubb Ltd,CB,,896159,2020.0,Q1TTM,2019-04-01,2020-03-31,,6606000000.0,8.06,8.06,,673000000.0,8.01,822000000.0,552000000.0,3666000000.0,3666000000.0,3666000000.0,-552000000.0,2060000000.0,,,,3053000000.0,502000000.0,,31947000000.0,19117000000.0,20000000.0,552000000.0,29469000000.0,34509000000.0,4488000000.0,33957000000.0,450000000.0,450000000.0,458200000.0
