company_name,company_ticker,company_lei,company_cik,year,quarter,start_date,end_date,filing_date,basicdilutedeps,basiceps,cashdividendspershare,depreciationexpense,dilutedeps,impairmentexpense,incometaxexpense,longtermdebtinterestexpense,netincome,netincomecontinuing,netincomediscontinued,netincometocommon,netincometononcontrollinginterest,netinterestincome,netoccupancyequipmentexpense,netrealizedcapitalgains,nonoperatingincome,otheradjustmentstoconsolidatednetincome,otheradjustmentstonetincometocommon,othergains,othernoninterestincome,otheroperatingexpenses,otherservicechargeincome,otherspecialcharges,preferreddividends,provisionforcreditlosses,servicechargesondepositsincome,totalinterestexpense,totalnoninterestexpense,totalnoninterestincome,totalpretaxincome,totalrevenue,weightedavebasicdilutedsharesos,weightedavebasicsharesos,weightedavedilutedsharesos
Regency Centers Corp,REG,,910606,2009.0,FY,2009-01-01,2009-12-31,2012-02-29 13:25:02+00:00,-0.7,-2.22,,114058000.0,-1.52,201419000.0,,109239000.0,-490227000.0,-470968000.0,19554000.0,-513627000.0,,-109239000.0,128060000.0,44214000.0,-32451000.0,-38813000.0,,-217102000.0,341101000.0,113836000.0,76578000.0,,23400000.0,16696000.0,,109239000.0,557373000.0,461893000.0,-253866000.0,352654000.0,733800000.0,231400000.0,337900000.0
Regency Centers Corp,REG,,910606,2010.0,FY,2010-01-01,2010-12-31,2013-03-01 14:41:51+00:00,-0.14,-0.53,,118398000.0,-0.39,19886000.0,-2666000.0,125287000.0,-130987000.0,-142995000.0,8902000.0,-130987000.0,,-125287000.0,67514000.0,,-15145000.0,3106000.0,,-147434000.0,438791000.0,120188000.0,29400000.0,,,,,125287000.0,325986000.0,468191000.0,1773000.0,342904000.0,935600000.0,247100000.0,335900000.0
Regency Centers Corp,REG,,910606,2010.0,Q3,2010-07-01,2010-09-30,2011-11-09 14:28:01+00:00,0.0,0.29,,60362000.0,0.18,0.0,,64418000.0,27746000.0,26798000.0,948000.0,20741000.0,1155000.0,-64418000.0,34294000.0,958000.0,3739000.0,,,62709000.0,173772000.0,67858000.0,13048000.0,496000.0,5850000.0,,,64418000.0,163010000.0,187778000.0,-35911000.0,123360000.0,,71500000.0,115200000.0
Regency Centers Corp,REG,,910606,2010.0,Q2,2010-04-01,2010-06-30,2011-08-29 16:27:32+00:00,0.0,0.27,,31395000.0,0.18,,,30635000.0,13596000.0,0.0,-216000.0,7746000.0,0.0,-30635000.0,34442000.0,0.0,1203000.0,13812000.0,,0.0,111733000.0,39890000.0,0.0,126000.0,5850000.0,,,30635000.0,105853000.0,111733000.0,0.0,81098000.0,,28700000.0,43000000.0
Regency Centers Corp,REG,,910606,2011.0,FY,2011-01-01,2011-12-31,2014-02-19 16:51:14+00:00,0.35,0.86,,120803000.0,0.51,-12466000.0,2994000.0,123645000.0,87074000.0,70495000.0,16579000.0,59256000.0,4418000.0,-123645000.0,68501000.0,206000.0,9643000.0,,,8346000.0,436469000.0,114672000.0,33980000.0,,23400000.0,,,123645000.0,291510000.0,470655000.0,65143000.0,347010000.0,169300000.0,68900000.0,116200000.0
Regency Centers Corp,REG,,910606,2011.0,Q4,2011-10-01,2011-12-31,,0.12,0.18,,22588000.0,0.08,-18828000.0,2994000.0,31350000.0,80408000.0,101870000.0,6951000.0,93344000.0,3392000.0,-31350000.0,-3101000.0,3884000.0,4855000.0,-28413000.0,-23109000.0,48158000.0,91469000.0,18482000.0,6989000.0,,6781000.0,,,31350000.0,19141000.0,102342000.0,56706000.0,70992000.0,169300000.0,68900000.0,116200000.0
Regency Centers Corp,REG,,910606,2011.0,Q3,2011-07-01,2011-09-30,2012-11-09 12:17:52+00:00,0.09,0.23,,32497000.0,0.14,6362000.0,,30867000.0,-30406000.0,-48391000.0,6888000.0,-36256000.0,,-30867000.0,35386000.0,-4566000.0,4825000.0,11097000.0,,-39512000.0,116080000.0,27046000.0,6940000.0,,5850000.0,,,30867000.0,101291000.0,118454000.0,-8879000.0,87587000.0,-402800000.0,-157600000.0,-259000000.0
Regency Centers Corp,REG,,910606,2011.0,Q3YTD,2011-01-01,2011-09-30,,0.23,0.68,,98215000.0,0.43,6362000.0,,92295000.0,6666000.0,-31375000.0,9628000.0,-34088000.0,1026000.0,-92295000.0,71602000.0,-3678000.0,4788000.0,28413000.0,23109000.0,-39812000.0,345000000.0,96190000.0,26991000.0,,16619000.0,,,92295000.0,272369000.0,368313000.0,8437000.0,276018000.0,-402800000.0,-157600000.0,-259000000.0
Regency Centers Corp,REG,,910606,2011.0,Q2,2011-04-01,2011-06-30,2012-08-09 15:17:18+00:00,0.14,0.4,,31219000.0,0.26,0.0,,30563000.0,5833000.0,-13104000.0,1621000.0,-17000.0,,-30563000.0,17232000.0,143000.0,2688000.0,17316000.0,,-30420000.0,112450000.0,31144000.0,12193000.0,,5850000.0,,,30563000.0,79595000.0,124786000.0,17316000.0,94223000.0,-100000.0,0.0,-100000.0
Regency Centers Corp,REG,,910606,2011.0,Q2YTD,2011-01-01,2011-06-30,,0.14,0.45,,65718000.0,0.29,,,61428000.0,37072000.0,17016000.0,2740000.0,2168000.0,1026000.0,-61428000.0,36216000.0,888000.0,-37000.0,17316000.0,23109000.0,-300000.0,228920000.0,69144000.0,20051000.0,,10769000.0,,,61428000.0,171078000.0,249859000.0,17316000.0,188431000.0,-100000.0,0.0,-100000.0
Regency Centers Corp,REG,,910606,2012.0,FY,2012-01-01,2012-12-31,2015-02-20 14:02:14+00:00,-0.08,0.0,,119008000.0,0.08,95132000.0,13224000.0,112129000.0,-105818000.0,-108141000.0,-43456000.0,-6664000.0,,-112129000.0,,28329000.0,25012000.0,45779000.0,-99154000.0,-107433000.0,447418000.0,188485000.0,26511000.0,,,,,112129000.0,402625000.0,502258000.0,12516000.0,390129000.0,83300000.0,83300000.0,-83300000.0
Regency Centers Corp,REG,,910606,2012.0,Q4,2012-10-01,2012-12-31,,-0.27,-0.91,,25901000.0,-0.5,74977000.0,13574000.0,27332000.0,-163721000.0,-158945000.0,-50555000.0,-37179000.0,-123000.0,-27332000.0,-51823000.0,26493000.0,6691000.0,45779000.0,-99154000.0,-109474000.0,97735000.0,96880000.0,6451000.0,,-27265000.0,,,27332000.0,145935000.0,130679000.0,-35897000.0,103347000.0,83300000.0,83300000.0,-83300000.0
Regency Centers Corp,REG,,910606,2012.0,Q3,2012-07-01,2012-09-30,2013-11-01 13:00:12+00:00,0.13,0.37,,28529000.0,0.24,1147000.0,490000.0,27462000.0,19820000.0,18009000.0,1811000.0,11637000.0,251000.0,-27462000.0,15808000.0,752000.0,4551000.0,,,228000.0,109148000.0,29675000.0,6441000.0,,7932000.0,,,27462000.0,75159000.0,116341000.0,18271000.0,88879000.0,89500000.0,31500000.0,48500000.0
Regency Centers Corp,REG,,910606,2012.0,Q3YTD,2012-01-01,2012-09-30,,0.19,0.91,,93107000.0,0.58,20155000.0,-350000.0,84797000.0,57903000.0,50804000.0,7099000.0,30515000.0,123000.0,-84797000.0,51823000.0,1836000.0,18321000.0,,,2041000.0,349683000.0,91605000.0,20060000.0,,27265000.0,,,84797000.0,256690000.0,371579000.0,48413000.0,286782000.0,89500000.0,31500000.0,48500000.0
Regency Centers Corp,REG,,910606,2012.0,Q3TTM,2011-10-01,2012-09-30,,0.31,1.09,,115695000.0,0.66,1327000.0,2644000.0,116147000.0,138311000.0,152674000.0,14050000.0,123859000.0,3515000.0,-116147000.0,48722000.0,5720000.0,23176000.0,-28413000.0,-23109000.0,50199000.0,441152000.0,110087000.0,27049000.0,,34046000.0,,,116147000.0,275831000.0,473921000.0,105119000.0,357774000.0,89500000.0,31500000.0,48500000.0
Regency Centers Corp,REG,,910606,2012.0,Q2,2012-04-01,2012-06-30,2013-08-02 10:05:21+00:00,0.06,0.19,,31737000.0,0.13,19008000.0,-840000.0,28377000.0,11348000.0,12471000.0,-1123000.0,5697000.0,255000.0,-28377000.0,17421000.0,-444000.0,10804000.0,,,-21000.0,120296000.0,28930000.0,6469000.0,,5396000.0,,,28377000.0,97096000.0,126321000.0,11652000.0,97944000.0,95000000.0,30000000.0,43800000.0
Regency Centers Corp,REG,,910606,2012.0,Q2YTD,2012-01-01,2012-06-30,,0.06,0.54,,64578000.0,0.34,19008000.0,-840000.0,57335000.0,38083000.0,32795000.0,5288000.0,18878000.0,-128000.0,-57335000.0,36015000.0,1084000.0,13770000.0,,,1813000.0,240535000.0,61930000.0,13619000.0,,19333000.0,,,57335000.0,181531000.0,255238000.0,30142000.0,197903000.0,95000000.0,30000000.0,43800000.0
Regency Centers Corp,REG,,910606,2012.0,Q2TTM,2011-07-01,2012-06-30,,0.27,0.95,,119663000.0,0.56,6542000.0,2154000.0,119552000.0,88085000.0,86274000.0,19127000.0,75966000.0,3264000.0,-119552000.0,68300000.0,402000.0,23450000.0,-17316000.0,-23109000.0,10459000.0,448084000.0,107458000.0,27548000.0,,31964000.0,,,119552000.0,301963000.0,476034000.0,77969000.0,356482000.0,95000000.0,30000000.0,43800000.0
Regency Centers Corp,REG,,910606,2012.0,Q1,2012-01-01,2012-03-31,2012-05-08 17:00:27+00:00,0.0,0.35,,32841000.0,0.21,,,28958000.0,26735000.0,20324000.0,6411000.0,13181000.0,-383000.0,-28958000.0,18594000.0,1528000.0,2966000.0,,,1834000.0,120239000.0,33000000.0,7150000.0,,13937000.0,,,28958000.0,84435000.0,128917000.0,18490000.0,99959000.0,,37700000.0,62800000.0
Regency Centers Corp,REG,,910606,2012.0,Q1TTM,2011-04-01,2012-03-31,,0.35,1.16,,119145000.0,0.69,-12466000.0,2994000.0,121738000.0,82570000.0,60699000.0,21871000.0,70252000.0,3009000.0,-121738000.0,68111000.0,989000.0,15334000.0,,-23109000.0,-19940000.0,440238000.0,109672000.0,33272000.0,,32418000.0,,,121738000.0,284462000.0,474499000.0,83633000.0,352761000.0,,37700000.0,62800000.0
Regency Centers Corp,REG,,910606,2013.0,FY,2013-01-01,2013-12-31,2016-02-18 13:50:32+00:00,1.4,2.09,,130630000.0,2.09,6000000.0,0.0,108966000.0,-17062000.0,132520000.0,-65285000.0,-39605000.0,1481000.0,-108966000.0,,3257000.0,143491000.0,-84297000.0,,-63582000.0,463910000.0,194057000.0,25097000.0,,21062000.0,,,108966000.0,330687000.0,492264000.0,196102000.0,383298000.0,-28300000.0,-18900000.0,-18900000.0
Regency Centers Corp,REG,,910606,2013.0,Q4,2013-10-01,2013-12-31,,0.5,-0.23,,35690000.0,0.67,,,26603000.0,-143791000.0,40116000.0,-99610000.0,-122021000.0,427000.0,-26603000.0,-51400000.0,1261000.0,118341000.0,-84297000.0,-27462000.0,-92817000.0,120103000.0,101780000.0,5901000.0,,5265000.0,,,26603000.0,86070000.0,127265000.0,132933000.0,100662000.0,-28300000.0,-18900000.0,-18900000.0
Regency Centers Corp,REG,,910606,2013.0,Q3,2013-07-01,2013-09-30,2014-11-04 12:22:42+00:00,0.38,0.95,,32740000.0,0.57,6000000.0,0.0,26750000.0,56716000.0,39124000.0,17592000.0,34998000.0,400000.0,-26750000.0,16778000.0,963000.0,13262000.0,,16052000.0,16108000.0,114624000.0,29259000.0,5694000.0,,5266000.0,,,26750000.0,84777000.0,121281000.0,23016000.0,94531000.0,92100000.0,36800000.0,61400000.0
Regency Centers Corp,REG,,910606,2013.0,Q3YTD,2013-01-01,2013-09-30,,0.9,2.32,,94940000.0,1.42,6000000.0,,82363000.0,126729000.0,92404000.0,34325000.0,82416000.0,1054000.0,-82363000.0,51400000.0,1996000.0,25150000.0,,27462000.0,29235000.0,343807000.0,92277000.0,19196000.0,,15797000.0,,,82363000.0,244617000.0,364999000.0,63169000.0,282636000.0,92100000.0,36800000.0,61400000.0
Regency Centers Corp,REG,,910606,2013.0,Q3TTM,2012-10-01,2013-09-30,,0.63,1.41,,120841000.0,0.92,80977000.0,13574000.0,109695000.0,-36992000.0,-66541000.0,-16230000.0,45237000.0,931000.0,-109695000.0,-423000.0,28489000.0,31841000.0,45779000.0,-71692000.0,-80239000.0,441542000.0,189157000.0,25647000.0,,-11468000.0,,,109695000.0,390552000.0,495678000.0,27272000.0,385983000.0,92100000.0,36800000.0,61400000.0
Regency Centers Corp,REG,,910606,2013.0,Q2,2013-04-01,2013-06-30,2014-08-08 14:33:29+00:00,0.35,0.89,,31082000.0,0.54,0.0,,27781000.0,48879000.0,34769000.0,14110000.0,31864000.0,340000.0,-27781000.0,17481000.0,-38000.0,6012000.0,,11410000.0,13127000.0,115566000.0,30295000.0,6741000.0,,5265000.0,,,27781000.0,78858000.0,122269000.0,21642000.0,94488000.0,91000000.0,35800000.0,59000000.0
Regency Centers Corp,REG,,910606,2013.0,Q2YTD,2013-01-01,2013-06-30,,0.52,1.37,,62200000.0,0.85,,,55613000.0,70013000.0,53280000.0,16733000.0,47418000.0,654000.0,-55613000.0,34622000.0,1033000.0,11888000.0,,11410000.0,13127000.0,229183000.0,63018000.0,13502000.0,,10531000.0,,,55613000.0,159840000.0,243718000.0,40153000.0,188105000.0,91000000.0,35800000.0,59000000.0
Regency Centers Corp,REG,,910606,2013.0,Q2TTM,2012-07-01,2013-06-30,,0.38,0.83,,116630000.0,0.59,76124000.0,14064000.0,110407000.0,-73888000.0,-87656000.0,-32011000.0,21876000.0,782000.0,-110407000.0,-1393000.0,28278000.0,23130000.0,45779000.0,-87744000.0,-96119000.0,436066000.0,189573000.0,26394000.0,,-8802000.0,,,110407000.0,380934000.0,490738000.0,22527000.0,380331000.0,91000000.0,35800000.0,59000000.0
Regency Centers Corp,REG,,910606,2013.0,Q1,2013-01-01,2013-03-31,2014-05-08 14:25:34+00:00,0.17,0.48,,31118000.0,0.31,0.0,,27832000.0,21134000.0,18511000.0,2623000.0,15554000.0,314000.0,-27832000.0,17141000.0,1071000.0,5876000.0,,,0.0,113617000.0,32723000.0,6761000.0,,5266000.0,,,27832000.0,80982000.0,121449000.0,18511000.0,93617000.0,91500000.0,32400000.0,50200000.0
Regency Centers Corp,REG,,910606,2013.0,Q1TTM,2012-04-01,2013-03-31,,0.09,0.13,,117285000.0,0.18,95132000.0,13224000.0,111003000.0,-111419000.0,-109954000.0,-47244000.0,-4291000.0,697000.0,-111003000.0,-1453000.0,27872000.0,27922000.0,45779000.0,-99154000.0,-109267000.0,440796000.0,188208000.0,26122000.0,,-8671000.0,,,111003000.0,399172000.0,494790000.0,12537000.0,383787000.0,91500000.0,32400000.0,50200000.0
Regency Centers Corp,REG,,910606,2014.0,FY,2014-01-01,2014-12-31,2017-02-27 15:41:52+00:00,,1.8,,147791000.0,1.8,1257000.0,-996000.0,109491000.0,188847000.0,188847000.0,,166328000.0,1457000.0,-109491000.0,,9449000.0,31252000.0,,,73348000.0,513803000.0,205557000.0,24095000.0,,21062000.0,,,109491000.0,354605000.0,547347000.0,114503000.0,437856000.0,,92400000.0,92400000.0
Regency Centers Corp,REG,,910606,2014.0,Q4,2014-10-01,2014-12-31,,,0.79,,37446000.0,0.79,1032000.0,-996000.0,27351000.0,79190000.0,79190000.0,,73515000.0,411000.0,-27351000.0,-58152000.0,8535000.0,14612000.0,,,37671000.0,130425000.0,111114000.0,5742000.0,,5264000.0,,,27351000.0,91440000.0,144702000.0,40523000.0,117351000.0,,92400000.0,92400000.0
Regency Centers Corp,REG,,910606,2014.0,Q3,2014-07-01,2014-09-30,2015-11-05 13:47:34+00:00,,0.52,,36417000.0,0.52,0.0,,27561000.0,53440000.0,53440000.0,,47942000.0,232000.0,-27561000.0,18149000.0,94000.0,0.0,,,33271000.0,127778000.0,31357000.0,5781000.0,,5266000.0,,,27561000.0,85923000.0,133653000.0,20169000.0,106092000.0,,92200000.0,92200000.0
Regency Centers Corp,REG,,910606,2014.0,Q3YTD,2014-01-01,2014-09-30,,,1.01,,110345000.0,1.01,225000.0,,82140000.0,109657000.0,109657000.0,,92813000.0,1046000.0,-82140000.0,58152000.0,914000.0,16640000.0,,,35677000.0,383378000.0,94443000.0,18353000.0,,15798000.0,,,82140000.0,263165000.0,402645000.0,73980000.0,320505000.0,,92200000.0,92200000.0
Regency Centers Corp,REG,,910606,2014.0,Q3TTM,2013-10-01,2014-09-30,,0.5,0.78,,146035000.0,1.68,225000.0,,108743000.0,-34134000.0,149773000.0,-99610000.0,-29208000.0,1473000.0,-108743000.0,6752000.0,2175000.0,134981000.0,-84297000.0,-27462000.0,-57140000.0,503481000.0,196223000.0,24254000.0,,21063000.0,,,108743000.0,349235000.0,529910000.0,206913000.0,421167000.0,,92200000.0,92200000.0
Regency Centers Corp,REG,,910606,2014.0,Q2,2014-04-01,2014-06-30,2015-08-06 14:01:00+00:00,,0.28,,36023000.0,0.28,0.0,,27445000.0,31161000.0,31161000.0,,25482000.0,413000.0,-27445000.0,19498000.0,628000.0,8832000.0,,,1691000.0,128639000.0,31916000.0,6253000.0,,5266000.0,,,27445000.0,87437000.0,135520000.0,29470000.0,108075000.0,,91000000.0,91000000.0
Regency Centers Corp,REG,,910606,2014.0,Q2YTD,2014-01-01,2014-06-30,,,0.49,,73928000.0,0.49,225000.0,,54579000.0,56217000.0,56217000.0,,44871000.0,814000.0,-54579000.0,40003000.0,820000.0,16640000.0,,,2406000.0,255600000.0,63086000.0,12572000.0,,10532000.0,,,54579000.0,177242000.0,268992000.0,53811000.0,214413000.0,,91000000.0,91000000.0
Regency Centers Corp,REG,,910606,2014.0,Q2TTM,2013-07-01,2014-06-30,,0.88,1.21,,142358000.0,1.73,6225000.0,,107932000.0,-30858000.0,135457000.0,-82018000.0,-42152000.0,1641000.0,-107932000.0,5381000.0,3044000.0,148243000.0,-84297000.0,-11410000.0,-74303000.0,490327000.0,194125000.0,24167000.0,,21063000.0,,,107932000.0,348089000.0,517538000.0,209760000.0,409606000.0,,91000000.0,91000000.0
Regency Centers Corp,REG,,910606,2014.0,Q1,2014-01-01,2014-03-31,2015-05-07 13:53:45+00:00,,0.21,,37905000.0,0.21,225000.0,,27134000.0,25056000.0,25056000.0,,19389000.0,401000.0,-27134000.0,20505000.0,192000.0,7808000.0,,,715000.0,126961000.0,31170000.0,6319000.0,,5266000.0,,,27134000.0,89805000.0,133472000.0,24341000.0,106338000.0,,92300000.0,92300000.0
Regency Centers Corp,REG,,910606,2014.0,Q1TTM,2013-04-01,2014-03-31,,1.23,1.82,,137417000.0,1.99,6225000.0,,108268000.0,-13140000.0,139065000.0,-67908000.0,-35770000.0,1568000.0,-108268000.0,3364000.0,2378000.0,145423000.0,-84297000.0,,-62867000.0,477254000.0,192504000.0,24655000.0,,21062000.0,,,108268000.0,339510000.0,504287000.0,201932000.0,396019000.0,,92300000.0,92300000.0
Regency Centers Corp,REG,,910606,2015.0,FY,2015-01-01,2015-12-31,2018-02-27 12:21:36+00:00,,1.37,,146829000.0,1.36,0.0,0.0,102622000.0,152543000.0,152543000.0,,128994000.0,2487000.0,-102622000.0,,625000.0,-8239000.0,,,58114000.0,544200000.0,218269000.0,25563000.0,,21062000.0,,,102622000.0,365098000.0,570388000.0,94429000.0,467766000.0,,94200000.0,94800000.0
Regency Centers Corp,REG,,910606,2015.0,Q4,2015-10-01,2015-12-31,,,0.18,,37580000.0,0.18,,,24215000.0,39260000.0,102072000.0,,32798000.0,1198000.0,-24215000.0,,-376000.0,1188000.0,-62812000.0,,76145000.0,138636000.0,59257000.0,7531000.0,,5264000.0,,,24215000.0,96837000.0,145791000.0,25927000.0,121576000.0,,94200000.0,94800000.0
Regency Centers Corp,REG,,910606,2015.0,Q3,2015-07-01,2015-09-30,2016-11-04 12:20:49+00:00,,0.57,,37032000.0,0.57,0.0,,25099000.0,33445000.0,33445000.0,,27442000.0,737000.0,-25099000.0,,0.0,-21812000.0,,,27755000.0,136282000.0,52435000.0,5786000.0,,5266000.0,,,25099000.0,89467000.0,142068000.0,5690000.0,116969000.0,,48100000.0,48100000.0
Regency Centers Corp,REG,,910606,2015.0,Q3YTD,2015-01-01,2015-09-30,,,1.19,,109249000.0,1.18,,,78407000.0,113283000.0,50471000.0,,96196000.0,1289000.0,-78407000.0,,1001000.0,-9427000.0,62812000.0,,-18031000.0,405564000.0,159012000.0,18032000.0,,15798000.0,,,78407000.0,268261000.0,424597000.0,68502000.0,346190000.0,,48100000.0,48100000.0
Regency Centers Corp,REG,,910606,2015.0,Q3TTM,2014-10-01,2015-09-30,,,1.98,,146695000.0,1.97,1032000.0,-996000.0,105758000.0,192473000.0,129661000.0,,169711000.0,1700000.0,-105758000.0,-58152000.0,9536000.0,5185000.0,62812000.0,,19640000.0,535989000.0,270126000.0,23774000.0,,21062000.0,,,105758000.0,359701000.0,569299000.0,109025000.0,463541000.0,,48100000.0,48100000.0
Regency Centers Corp,REG,,910606,2015.0,Q2,2015-04-01,2015-06-30,2016-08-05 10:51:37+00:00,,0.35,,36225000.0,0.34,0.0,,26675000.0,44595000.0,11972000.0,,39329000.0,,-26675000.0,,367000.0,6757000.0,32623000.0,,-20651000.0,135121000.0,52730000.0,6008000.0,,5266000.0,,,26675000.0,88955000.0,141496000.0,32623000.0,114821000.0,,112400000.0,115700000.0
Regency Centers Corp,REG,,910606,2015.0,Q2YTD,2015-01-01,2015-06-30,,,0.62,,72217000.0,0.61,,,53308000.0,79838000.0,17026000.0,,68754000.0,552000.0,-53308000.0,,1001000.0,12385000.0,62812000.0,,-45786000.0,269282000.0,106577000.0,12246000.0,,10532000.0,,,53308000.0,178794000.0,282529000.0,62812000.0,229221000.0,,112400000.0,115700000.0
Regency Centers Corp,REG,,910606,2015.0,Q2TTM,2014-07-01,2015-06-30,,,1.93,,146080000.0,1.92,1032000.0,-996000.0,108220000.0,212468000.0,149656000.0,,190211000.0,1195000.0,-108220000.0,-40003000.0,9630000.0,26997000.0,62812000.0,,25156000.0,527485000.0,249048000.0,23769000.0,,21062000.0,,,108220000.0,356157000.0,560884000.0,123504000.0,452664000.0,,112400000.0,115700000.0
Regency Centers Corp,REG,,910606,2015.0,Q1,2015-01-01,2015-03-31,2016-05-06 11:33:25+00:00,,0.27,,35992000.0,0.27,0.0,,26633000.0,35243000.0,5054000.0,,29425000.0,552000.0,-26633000.0,,634000.0,5628000.0,30189000.0,,-25135000.0,134161000.0,53847000.0,6238000.0,,5266000.0,,,26633000.0,89839000.0,141033000.0,30189000.0,114400000.0,,109000000.0,109000000.0
Regency Centers Corp,REG,,910606,2015.0,Q1TTM,2014-04-01,2015-03-31,,,1.86,,145878000.0,1.86,1032000.0,-996000.0,108990000.0,199034000.0,168845000.0,,176364000.0,1608000.0,-108990000.0,-20505000.0,9891000.0,29072000.0,30189000.0,,47498000.0,521003000.0,228234000.0,24014000.0,,21062000.0,,,108990000.0,354639000.0,554908000.0,120351000.0,445918000.0,,109000000.0,109000000.0
Regency Centers Corp,REG,,910606,2016.0,FY,2016-01-01,2016-12-31,2019-02-21 17:28:17+00:00,,1.43,2.0,162327000.0,1.42,4200000.0,,90712000.0,166992000.0,166992000.0,,164922000.0,2070000.0,-90712000.0,95022000.0,,-54826000.0,,,103839000.0,589044000.0,144131000.0,25327000.0,,,,,90712000.0,405680000.0,614371000.0,63153000.0,523659000.0,,115300000.0,116100000.0
Regency Centers Corp,REG,,910606,2016.0,Q4,2016-10-01,2016-12-31,,,0.53,,42607000.0,0.53,2534000.0,,20224000.0,45360000.0,98324000.0,,60633000.0,525000.0,-20224000.0,95022000.0,40741000.0,-52204000.0,-52964000.0,,80791000.0,152995000.0,-29820000.0,6568000.0,,-15798000.0,,,20224000.0,110343000.0,200304000.0,17533000.0,180080000.0,,115300000.0,116100000.0
Regency Centers Corp,REG,,910606,2016.0,Q3,2016-07-01,2016-09-30,2017-11-06 13:49:19+00:00,,0.05,,40705000.0,0.05,0.0,,21945000.0,11114000.0,11114000.0,,5305000.0,543000.0,-21945000.0,,-40586000.0,9525000.0,,,9580000.0,146913000.0,57523000.0,5855000.0,,5266000.0,,,21945000.0,98228000.0,112182000.0,1534000.0,90237000.0,,106100000.0,106100000.0
Regency Centers Corp,REG,,910606,2016.0,Q3YTD,2016-01-01,2016-09-30,,,0.9,,119720000.0,0.89,1666000.0,,70488000.0,121632000.0,68668000.0,,104289000.0,1545000.0,-70488000.0,,-40741000.0,-2622000.0,52964000.0,,23048000.0,436049000.0,173951000.0,18759000.0,,15798000.0,,,70488000.0,295337000.0,414067000.0,45620000.0,343579000.0,,106100000.0,106100000.0
Regency Centers Corp,REG,,910606,2016.0,Q3TTM,2015-10-01,2016-09-30,,,1.08,,157300000.0,1.07,1666000.0,,94703000.0,160892000.0,170740000.0,,137087000.0,2743000.0,-94703000.0,,-41117000.0,-1434000.0,-9848000.0,,99193000.0,574685000.0,233208000.0,26290000.0,,21062000.0,,,94703000.0,392174000.0,559858000.0,71547000.0,465155000.0,,106100000.0,106100000.0
Regency Centers Corp,REG,,910606,2016.0,Q2,2016-04-01,2016-06-30,2017-08-08 15:37:40+00:00,,0.36,,40299000.0,0.35,0.0,,24401000.0,56941000.0,16845000.0,,51107000.0,568000.0,-24401000.0,,,-12147000.0,40096000.0,,548000.0,146272000.0,59268000.0,6140000.0,,5266000.0,,,24401000.0,99567000.0,152412000.0,16297000.0,128011000.0,,142000000.0,146000000.0
Regency Centers Corp,REG,,910606,2016.0,Q2YTD,2016-01-01,2016-06-30,,,0.85,,79015000.0,0.84,1666000.0,,48543000.0,110518000.0,57554000.0,,98984000.0,1002000.0,-48543000.0,,-155000.0,-12147000.0,52964000.0,,13468000.0,289136000.0,116428000.0,12904000.0,,10532000.0,,,48543000.0,197109000.0,301885000.0,44086000.0,253342000.0,,142000000.0,146000000.0
Regency Centers Corp,REG,,910606,2016.0,Q2TTM,2015-07-01,2016-06-30,,,1.6,,153627000.0,1.59,1666000.0,,97857000.0,183223000.0,193071000.0,,159224000.0,2937000.0,-97857000.0,,-531000.0,-32771000.0,-9848000.0,,117368000.0,564054000.0,228120000.0,26221000.0,,21062000.0,,,97857000.0,383413000.0,589744000.0,75703000.0,491887000.0,,142000000.0,146000000.0
Regency Centers Corp,REG,,910606,2016.0,Q1,2016-01-01,2016-03-31,2017-05-10 15:58:06+00:00,,0.49,,38716000.0,0.49,1666000.0,0.0,24142000.0,53577000.0,40709000.0,,47877000.0,434000.0,-24142000.0,,-155000.0,,12868000.0,,12920000.0,142864000.0,57160000.0,6764000.0,,5266000.0,,,24142000.0,97542000.0,149473000.0,27789000.0,125331000.0,,97700000.0,97700000.0
Regency Centers Corp,REG,,910606,2016.0,Q1TTM,2015-04-01,2016-03-31,,,1.59,,149553000.0,1.58,1666000.0,,100131000.0,170877000.0,188198000.0,,147446000.0,2369000.0,-100131000.0,,-164000.0,-13867000.0,-17321000.0,,96169000.0,552903000.0,221582000.0,26089000.0,,21062000.0,,,100131000.0,372801000.0,578828000.0,92029000.0,478697000.0,,97700000.0,97700000.0
Regency Centers Corp,REG,,910606,2017.0,FY,2017-01-01,2017-12-31,2020-02-14 19:43:33+00:00,,,2.1,334201000.0,1.0,0.0,,132629000.0,178980000.0,169243000.0,,159949000.0,2903000.0,-132629000.0,,,-12449000.0,9737000.0,16128000.0,43341000.0,950186000.0,235155000.0,34140000.0,143990000.0,,,,132629000.0,713346000.0,984326000.0,125902000.0,851697000.0,,,159900000.0
Regency Centers Corp,REG,,910606,2017.0,Q4,2017-10-01,2017-12-31,,,-0.37,,90444000.0,0.63,,-50000.0,35344000.0,87057000.0,123673000.0,,86255000.0,802000.0,-35344000.0,,-971000.0,33752000.0,-36616000.0,16128000.0,17412000.0,249963000.0,-78459000.0,14786000.0,143990000.0,-16128000.0,,,35344000.0,155975000.0,263778000.0,106211000.0,228434000.0,,,159900000.0
Regency Centers Corp,REG,,910606,2017.0,Q3,2017-07-01,2017-09-30,2018-11-05 16:18:42+00:00,,0.35,,91474000.0,0.35,0.0,,34679000.0,63582000.0,63451000.0,,59666000.0,769000.0,-34679000.0,,971000.0,,131000.0,,12221000.0,256094000.0,85729000.0,6047000.0,,3147000.0,,,34679000.0,177203000.0,263112000.0,51230000.0,228433000.0,,170500000.0,170500000.0
Regency Centers Corp,REG,,910606,2017.0,Q3TTM,2016-10-01,2017-09-30,,,0.9,,286364000.0,0.9,2534000.0,50000.0,117509000.0,137283000.0,143894000.0,,134327000.0,2626000.0,-117509000.0,95022000.0,41712000.0,-98405000.0,-6611000.0,,106720000.0,853218000.0,283794000.0,25922000.0,,330000.0,,,117509000.0,667714000.0,920852000.0,37224000.0,803343000.0,,170500000.0,170500000.0
Regency Centers Corp,REG,,910606,2017.0,Q3YTD,2017-01-01,2017-09-30,,,0.37,,243757000.0,0.37,,50000.0,97285000.0,91923000.0,45570000.0,,73694000.0,2101000.0,-97285000.0,,971000.0,-46201000.0,46353000.0,,25929000.0,700223000.0,313614000.0,19354000.0,,16128000.0,,,97285000.0,557371000.0,720548000.0,19691000.0,623263000.0,,170500000.0,170500000.0
Regency Centers Corp,REG,,910606,2017.0,Q2,2017-04-01,2017-06-30,2018-08-03 16:12:25+00:00,,0.28,,92230000.0,0.28,0.0,,35407000.0,49056000.0,3249000.0,,47251000.0,680000.0,-35407000.0,,,-46201000.0,45807000.0,,4366000.0,254704000.0,88584000.0,6601000.0,,1125000.0,,,35407000.0,180814000.0,261305000.0,-1117000.0,225898000.0,,168800000.0,168800000.0
Regency Centers Corp,REG,,910606,2017.0,Q2YTD,2017-01-01,2017-06-30,,,0.02,,152283000.0,0.02,,50000.0,62606000.0,28341000.0,-17881000.0,,14028000.0,1332000.0,-62606000.0,,,-46201000.0,46222000.0,,13708000.0,444129000.0,227885000.0,13307000.0,,12981000.0,,,62606000.0,380168000.0,457436000.0,-31539000.0,394830000.0,,168800000.0,168800000.0
Regency Centers Corp,REG,,910606,2017.0,Q2TTM,2016-07-01,2017-06-30,,,0.6,,235595000.0,0.6,2534000.0,50000.0,104775000.0,84815000.0,91557000.0,,79966000.0,2400000.0,-104775000.0,95022000.0,155000.0,-88880000.0,-6742000.0,,104079000.0,744037000.0,255588000.0,25730000.0,,2449000.0,,,104775000.0,588739000.0,769922000.0,-12472000.0,665147000.0,,168800000.0,168800000.0
Regency Centers Corp,REG,,910606,2017.0,Q1,2017-01-01,2017-03-31,2018-05-07 12:06:47+00:00,,-0.26,,60053000.0,-0.26,0.0,50000.0,27199000.0,-20715000.0,-21130000.0,,-33223000.0,652000.0,-27199000.0,,,0.0,415000.0,,9342000.0,189425000.0,139301000.0,6706000.0,,11856000.0,,,27199000.0,199354000.0,196131000.0,-30422000.0,168932000.0,,127800000.0,127800000.0
Regency Centers Corp,REG,,910606,2017.0,Q1TTM,2016-04-01,2017-03-31,,,0.68,,183664000.0,0.67,2534000.0,50000.0,93769000.0,92700000.0,105153000.0,,83822000.0,2288000.0,-93769000.0,95022000.0,155000.0,-54826000.0,-12453000.0,,100261000.0,635605000.0,226272000.0,25269000.0,,6590000.0,,,93769000.0,507492000.0,661029000.0,4942000.0,567260000.0,,127800000.0,127800000.0
Regency Centers Corp,REG,,910606,2018.0,FY,2018-01-01,2018-12-31,2020-02-14 19:43:33+00:00,,,2.22,359688000.0,1.46,38437000.0,,148456000.0,252325000.0,252325000.0,,249127000.0,3198000.0,-148456000.0,,,-11172000.0,0.0,,42974000.0,1083770000.0,185837000.0,37205000.0,168034000.0,,,,148456000.0,751996000.0,1120975000.0,209351000.0,972519000.0,,,170600000.0
Regency Centers Corp,REG,,910606,2018.0,Q4,2018-10-01,2018-12-31,,,-1.0,,92875000.0,0.46,8995000.0,,36979000.0,79737000.0,79737000.0,,77294000.0,2443000.0,-36979000.0,,,-569000.0,,,13331000.0,268354000.0,-89298000.0,30047000.0,168034000.0,,,-13841000.0,36979000.0,180606000.0,284560000.0,66406000.0,247581000.0,,,170600000.0
Regency Centers Corp,REG,,910606,2018.0,Q3,2018-07-01,2018-09-30,2019-11-04 16:40:05+00:00,,0.41,,89183000.0,0.41,855000.0,,36618000.0,70534000.0,70534000.0,,69722000.0,812000.0,-36618000.0,,,,,,10024000.0,271356000.0,91144000.0,,,,,6954000.0,36618000.0,181182000.0,278310000.0,60510000.0,241692000.0,,170100000.0,170100000.0
Regency Centers Corp,REG,,910606,2018.0,Q3YTD,2018-01-01,2018-09-30,,,1.0,,266813000.0,1.0,29442000.0,,111477000.0,172588000.0,172588000.0,,171833000.0,755000.0,-111477000.0,,,-10603000.0,,,29643000.0,815416000.0,275135000.0,7158000.0,,,,13841000.0,111477000.0,571390000.0,836415000.0,142945000.0,724938000.0,,170100000.0,170100000.0
Regency Centers Corp,REG,,910606,2018.0,Q3TTM,2017-10-01,2018-09-30,,,0.63,,357257000.0,1.63,29442000.0,-50000.0,146821000.0,259645000.0,296261000.0,,258088000.0,1557000.0,-146821000.0,,-971000.0,23149000.0,-36616000.0,16128000.0,47055000.0,1065379000.0,196676000.0,21944000.0,143990000.0,-16128000.0,,13841000.0,146821000.0,727365000.0,1100193000.0,249156000.0,953372000.0,,170100000.0,170100000.0
Regency Centers Corp,REG,,910606,2018.0,Q2,2018-04-01,2018-06-30,2019-08-06 17:05:25+00:00,,0.28,,89105000.0,0.28,12533000.0,,38074000.0,48589000.0,48589000.0,,47841000.0,748000.0,-38074000.0,,,-10441000.0,,,9174000.0,274525000.0,91844000.0,,,,,6887000.0,38074000.0,193482000.0,281412000.0,39415000.0,243338000.0,,170900000.0,170900000.0
Regency Centers Corp,REG,,910606,2018.0,Q2YTD,2018-01-01,2018-06-30,,,0.59,,177630000.0,0.59,28587000.0,,74859000.0,102054000.0,102054000.0,,102111000.0,-57000.0,-74859000.0,,,-10603000.0,,,19619000.0,544060000.0,183991000.0,7158000.0,,,,6887000.0,74859000.0,390208000.0,558105000.0,82435000.0,483246000.0,,170900000.0,170900000.0
Regency Centers Corp,REG,,910606,2018.0,Q2TTM,2017-07-01,2018-06-30,,,0.57,,359548000.0,1.57,28587000.0,-50000.0,144882000.0,252693000.0,289178000.0,,248032000.0,1514000.0,-144882000.0,,,23149000.0,-36485000.0,16128000.0,49252000.0,1050117000.0,191261000.0,27991000.0,143990000.0,-12981000.0,,6887000.0,144882000.0,723386000.0,1084995000.0,239876000.0,940113000.0,,170900000.0,170900000.0
Regency Centers Corp,REG,,910606,2018.0,Q1,2018-01-01,2018-03-31,2019-05-10 12:03:07+00:00,,0.31,0.555,88525000.0,0.31,16054000.0,,36785000.0,53465000.0,53465000.0,,54270000.0,-805000.0,-36785000.0,,,-162000.0,,,10445000.0,269535000.0,92147000.0,7158000.0,,,,,36785000.0,196726000.0,276693000.0,43020000.0,239908000.0,,175100000.0,175100000.0
Regency Centers Corp,REG,,910606,2018.0,Q1TTM,2017-04-01,2018-03-31,,,0.57,,362673000.0,1.57,16054000.0,-50000.0,142215000.0,253160000.0,243838000.0,,247442000.0,1446000.0,-142215000.0,,,-12611000.0,9322000.0,16128000.0,44444000.0,1030296000.0,188001000.0,34592000.0,143990000.0,-11856000.0,,,142215000.0,710718000.0,1064888000.0,199344000.0,922673000.0,,175100000.0,175100000.0
Regency Centers Corp,REG,,910606,2019.0,FY,2019-01-01,2019-12-31,2020-02-14 19:43:33+00:00,,,2.34,374283000.0,1.43,54174000.0,,151264000.0,243258000.0,243258000.0,,239430000.0,3828000.0,-151264000.0,,,-11982000.0,0.0,,60956000.0,1094301000.0,189224000.0,38837000.0,169909000.0,,,,151264000.0,787590000.0,1133138000.0,182302000.0,981874000.0,,,167400000.0
Regency Centers Corp,REG,,910606,2019.0,Q4,2019-10-01,2019-12-31,,,-0.65,,91644000.0,0.78,42075000.0,,38086000.0,41131000.0,41131000.0,,40291000.0,840000.0,-38086000.0,,-2354000.0,-18847000.0,,,17283000.0,273645000.0,-57392000.0,29883000.0,129271000.0,,,-14795000.0,38086000.0,205598000.0,286379000.0,23848000.0,248293000.0,,,167400000.0
Regency Centers Corp,REG,,910606,2019.0,Q3,2019-07-01,2019-09-30,2019-11-04 16:40:05+00:00,,0.34,,91856000.0,0.34,-14000.0,,38253000.0,57944000.0,57944000.0,,56965000.0,979000.0,-38253000.0,,,,,,-283000.0,274923000.0,93954000.0,,,,,7353000.0,38253000.0,185796000.0,282276000.0,58227000.0,244023000.0,,167500000.0,167500000.0
Regency Centers Corp,REG,,910606,2019.0,Q3YTD,2019-01-01,2019-09-30,,,0.65,,282639000.0,0.65,12099000.0,,113178000.0,202127000.0,202127000.0,,199139000.0,2988000.0,-113178000.0,,2354000.0,6865000.0,,,43673000.0,820656000.0,246616000.0,8954000.0,40638000.0,,,14795000.0,113178000.0,581992000.0,846759000.0,158454000.0,733581000.0,,167500000.0,167500000.0
Regency Centers Corp,REG,,910606,2019.0,Q3TTM,2018-10-01,2019-09-30,,,-0.35,,375514000.0,1.11,21094000.0,,150157000.0,281864000.0,281864000.0,,276433000.0,5431000.0,-150157000.0,,2354000.0,6296000.0,,,57004000.0,1089010000.0,157318000.0,39001000.0,208672000.0,,,954000.0,150157000.0,762598000.0,1131319000.0,224860000.0,981162000.0,,167500000.0,167500000.0
Regency Centers Corp,REG,,910606,2019.0,Q2,2019-04-01,2019-06-30,2019-08-06 17:05:25+00:00,,0.31,,93589000.0,0.31,10441000.0,,37173000.0,52690000.0,52690000.0,,51728000.0,962000.0,-37173000.0,,,966000.0,,,13128000.0,268430000.0,96073000.0,,,,,7442000.0,37173000.0,200103000.0,275872000.0,39562000.0,238699000.0,,166900000.0,166900000.0
Regency Centers Corp,REG,,910606,2019.0,Q2YTD,2019-01-01,2019-06-30,,,0.31,,190783000.0,0.31,12113000.0,,74925000.0,144183000.0,144183000.0,,142174000.0,2009000.0,-74925000.0,,2354000.0,6865000.0,,,43956000.0,545733000.0,152662000.0,8954000.0,40638000.0,,,7442000.0,74925000.0,396196000.0,564483000.0,100227000.0,489558000.0,,166900000.0,166900000.0
Regency Centers Corp,REG,,910606,2019.0,Q2TTM,2018-07-01,2019-06-30,,,-0.28,,372841000.0,1.18,21963000.0,,148522000.0,294454000.0,294454000.0,,289190000.0,5264000.0,-148522000.0,,2354000.0,6296000.0,,,67311000.0,1085443000.0,154508000.0,39001000.0,208672000.0,,,555000.0,148522000.0,757984000.0,1127353000.0,227143000.0,978831000.0,,166900000.0,166900000.0
Regency Centers Corp,REG,,910606,2019.0,Q1,2019-01-01,2019-03-31,2020-05-08 12:48:31+00:00,,,0.585,97194000.0,,1672000.0,,37752000.0,91493000.0,91493000.0,,90446000.0,1047000.0,-37752000.0,,2354000.0,5899000.0,,,30828000.0,277303000.0,56589000.0,8954000.0,40638000.0,,,,37752000.0,196093000.0,288611000.0,60665000.0,250859000.0,,,
Regency Centers Corp,REG,,910606,2019.0,Q1TTM,2018-04-01,2019-03-31,,,-0.31,,368357000.0,1.15,24055000.0,,149423000.0,290353000.0,290353000.0,,285303000.0,5050000.0,-149423000.0,,2354000.0,-5111000.0,,,63357000.0,1091538000.0,150279000.0,39001000.0,208672000.0,,,,149423000.0,751363000.0,1132893000.0,226996000.0,983470000.0,,,
Regency Centers Corp,REG,,910606,2020.0,Q1TTM,2019-04-01,2020-03-31,,,,,366384000.0,1.43,185414000.0,,150948000.0,126982000.0,126982000.0,,123652000.0,3330000.0,-150948000.0,,-7277000.0,20124000.0,,,41546000.0,1091535000.0,183564000.0,39004000.0,171640000.0,,,,150948000.0,907002000.0,1123262000.0,85436000.0,972314000.0,,,
Regency Centers Corp,REG,,910606,2020.0,Q1,2020-01-01,2020-03-31,2020-05-08 12:48:31+00:00,,,0.595,89295000.0,,132912000.0,,37436000.0,-24783000.0,-24783000.0,,-25332000.0,549000.0,-37436000.0,,-4923000.0,38005000.0,,,11418000.0,274537000.0,50929000.0,9121000.0,42369000.0,,,,37436000.0,315505000.0,278735000.0,-36201000.0,241299000.0,,,
