company_name,company_ticker,company_lei,company_cik,year,quarter,start_date,end_date,filing_date,basicdilutedeps,basiceps,cashdividendspershare,dilutedeps,extraordinaryincome,impairmentexpense,incometaxexpense,investmentbankingincome,investmentsecuritiesinterestincome,longtermdebtinterestexpense,marketingexpense,netincome,netincomecontinuing,netincomediscontinued,netincometocommon,netincometononcontrollinginterest,netinterestincome,netoccupancyequipmentexpense,netrealizedcapitalgains,nonoperatingincome,otheradjustmentstoconsolidatednetincome,othergains,otherinterestexpense,otherinterestincome,othernoninterestincome,otheroperatingexpenses,otherservicechargeincome,otherspecialcharges,preferreddividends,premiumsearned,provisionforcreditlosses,restructuringcharge,salariesandemployeebenefitsexpense,totalinterestexpense,totalinterestincome,totalnoninterestexpense,totalnoninterestincome,totalpretaxincome,totalrevenue,weightedavebasicdilutedsharesos,weightedavebasicsharesos,weightedavedilutedsharesos
Invesco Ltd,IVZ,ECPGFXU8A2SHKVVGJI15,914208,2007.0,FY,2007-01-01,2007-12-31,2010-02-26 14:16:44+00:00,1.68,1.68,0.37200000000000005,1.64,,,357300000.0,3080100000.0,48500000.0,71300000.0,157600000.0,886500000.0,886500000.0,,673600000.0,212900000.0,-22800000.0,242500000.0,262400000.0,,,,,,,1346900000.0,808700000.0,,,,,0.0,1137600000.0,71300000.0,48500000.0,2884600000.0,4151200000.0,1243800000.0,4128400000.0,401000000.0,401000000.0,410700000.0
Invesco Ltd,IVZ,ECPGFXU8A2SHKVVGJI15,914208,2008.0,FY,2008-01-01,2008-12-31,2011-02-25 16:03:08+00:00,1.24,1.24,0.52,1.21,,,236000000.0,2617800000.0,37200000.0,76900000.0,148200000.0,421000000.0,421000000.0,,481700000.0,-60700000.0,-39700000.0,214300000.0,-11200000.0,,,,0.0,,,1141500000.0,649900000.0,,,,,,1055800000.0,76900000.0,37200000.0,2559800000.0,3256500000.0,657000000.0,3216800000.0,388500000.0,388500000.0,398100000.0
Invesco Ltd,IVZ,ECPGFXU8A2SHKVVGJI15,914208,2008.0,Q3,2008-07-01,2008-09-30,2009-10-30 13:00:19+00:00,0.34,0.34,0.1,0.33,,,49200000.0,664900000.0,8000000.0,18300000.0,34800000.0,136100000.0,136100000.0,,131800000.0,4300000.0,-10300000.0,50500000.0,10800000.0,,,,,,,282600000.0,151900000.0,,,,,,264100000.0,18300000.0,8000000.0,632000000.0,827600000.0,185300000.0,817300000.0,387600000.0,387600000.0,399400000.0
Invesco Ltd,IVZ,ECPGFXU8A2SHKVVGJI15,914208,2008.0,Q2,2008-04-01,2008-06-30,2009-07-31 10:23:48+00:00,0.42,0.42,0.1,0.41,,,77200000.0,736800000.0,10500000.0,19300000.0,38200000.0,202800000.0,202800000.0,,162800000.0,40000000.0,-8800000.0,55700000.0,49900000.0,,,,,,,318800000.0,197700000.0,,,,,,282900000.0,19300000.0,10500000.0,695600000.0,984400000.0,280000000.0,975600000.0,387600000.0,387600000.0,397100000.0
Invesco Ltd,IVZ,ECPGFXU8A2SHKVVGJI15,914208,2009.0,Q4,2009-10-01,2009-12-31,,0.27,0.27,0.1,0.26,,,48200000.0,611800000.0,2100000.0,15200000.0,-13200000.0,134200000.0,134200000.0,,110900000.0,23300000.0,-13100000.0,54800000.0,35000000.0,,,,,,,288800000.0,136000000.0,,,,,9800000.0,247100000.0,15200000.0,2100000.0,587300000.0,782800000.0,182400000.0,769700000.0,418800000.0,418800000.0,424300000.0
Invesco Ltd,IVZ,ECPGFXU8A2SHKVVGJI15,914208,2009.0,FY,2009-01-01,2009-12-31,2012-10-30 16:42:56+00:00,0.77,0.77,0.4075,0.76,,,148200000.0,2120200000.0,9800000.0,64500000.0,65300000.0,209300000.0,209300000.0,,322500000.0,-113200000.0,-54700000.0,212300000.0,-79900000.0,,,,0.0,,,903800000.0,514900000.0,,,,,10800000.0,950800000.0,64500000.0,9800000.0,2143000000.0,2555200000.0,357500000.0,2500500000.0,418800000.0,418800000.0,424300000.0
Invesco Ltd,IVZ,ECPGFXU8A2SHKVVGJI15,914208,2009.0,Q3YTD,2009-01-01,2009-09-30,,0.5,0.5,0.31,0.5,,,100000000.0,1508400000.0,7700000.0,49300000.0,78500000.0,75100000.0,75100000.0,,211600000.0,-136500000.0,-41600000.0,157500000.0,-114900000.0,,,,,,,615000000.0,378900000.0,,,,,1000000.0,703700000.0,49300000.0,7700000.0,1555700000.0,1772400000.0,175100000.0,1730800000.0,438300000.0,438300000.0,438300000.0
Invesco Ltd,IVZ,ECPGFXU8A2SHKVVGJI15,914208,2009.0,Q3,2009-07-01,2009-09-30,2010-11-02 15:03:19+00:00,0.24,0.24,0.1025,0.24,,,43700000.0,570300000.0,1700000.0,16900000.0,27700000.0,104700000.0,104700000.0,,105200000.0,-500000.0,-15200000.0,63000000.0,10000000.0,,,,,,,223600000.0,137500000.0,,,,,1000000.0,238900000.0,16900000.0,1700000.0,554200000.0,717800000.0,148400000.0,702600000.0,438300000.0,438300000.0,438300000.0
Invesco Ltd,IVZ,ECPGFXU8A2SHKVVGJI15,914208,2009.0,Q2YTD,2009-01-01,2009-06-30,,0.26,0.26,0.2,0.26,,,56300000.0,938100000.0,6000000.0,32400000.0,50800000.0,-29600000.0,-29600000.0,,106400000.0,-136000000.0,-26400000.0,94500000.0,-124900000.0,,,,,,,391400000.0,241400000.0,,,,,,464800000.0,32400000.0,6000000.0,1001500000.0,1054600000.0,26700000.0,1028200000.0,420600000.0,420600000.0,420600000.0
Invesco Ltd,IVZ,ECPGFXU8A2SHKVVGJI15,914208,2009.0,Q2,2009-04-01,2009-06-30,2010-08-02 17:23:19+00:00,0.18,0.18,0.1025,0.18,,,36000000.0,501600000.0,1200000.0,16500000.0,23900000.0,28200000.0,28200000.0,,75700000.0,-47500000.0,-15300000.0,48600000.0,-40900000.0,,,,0.0,,,213200000.0,133500000.0,,,,,0.0,229000000.0,16500000.0,1200000.0,514700000.0,594200000.0,64200000.0,578900000.0,420600000.0,420600000.0,420600000.0
Invesco Ltd,IVZ,ECPGFXU8A2SHKVVGJI15,914208,2009.0,Q1,2009-01-01,2009-03-31,2010-05-04 14:38:32+00:00,0.08,0.08,0.1,0.08,,,20300000.0,436500000.0,4800000.0,15900000.0,26900000.0,-57800000.0,-57800000.0,,30700000.0,-88500000.0,-11100000.0,45900000.0,-84000000.0,,,,,,,178200000.0,107900000.0,,,,,,235800000.0,15900000.0,4800000.0,486800000.0,460400000.0,-37500000.0,449300000.0,383800000.0,383800000.0,383800000.0
Invesco Ltd,IVZ,ECPGFXU8A2SHKVVGJI15,914208,2010.0,Q4,2010-10-01,2010-12-31,,0.38,0.38,0.11,0.39,,,55700000.0,773700000.0,68600000.0,16000000.0,13000000.0,156700000.0,156700000.0,,175200000.0,-18500000.0,16000000.0,65600000.0,-14700000.0,,,,36600000.0,,,411800000.0,267200000.0,,,,,26700000.0,312700000.0,52600000.0,68600000.0,829800000.0,1026200000.0,212400000.0,1042200000.0,461100000.0,461100000.0,461100000.0
Invesco Ltd,IVZ,ECPGFXU8A2SHKVVGJI15,914208,2010.0,FY,2010-01-01,2010-12-31,2013-02-22 13:22:43+00:00,1.01,1.01,0.4325,1.01,,,197000000.0,2720900000.0,251300000.0,58600000.0,78500000.0,636800000.0,636800000.0,,465700000.0,171100000.0,74100000.0,238400000.0,154200000.0,,,,118600000.0,,,1316000000.0,782400000.0,,,,,150000000.0,1114900000.0,177200000.0,251300000.0,2897800000.0,3657500000.0,833800000.0,3731600000.0,461100000.0,461100000.0,461100000.0
Invesco Ltd,IVZ,ECPGFXU8A2SHKVVGJI15,914208,2010.0,Q3YTD,2010-01-01,2010-09-30,,0.63,0.63,0.32,0.62,,,141300000.0,1947200000.0,182700000.0,42600000.0,65500000.0,480100000.0,480100000.0,,290500000.0,189600000.0,58100000.0,172800000.0,168900000.0,,,,82000000.0,,,904200000.0,515200000.0,,,,,123300000.0,802200000.0,124600000.0,182700000.0,2068000000.0,2631300000.0,621400000.0,2689400000.0,483400000.0,483400000.0,483400000.0
Invesco Ltd,IVZ,ECPGFXU8A2SHKVVGJI15,914208,2010.0,Q3TTM,2009-10-01,2010-09-30,,0.9,0.9,0.43,0.88,,,189500000.0,2559000000.0,184800000.0,57800000.0,52300000.0,614300000.0,614300000.0,,401400000.0,212900000.0,45000000.0,227600000.0,203900000.0,,,,82000000.0,,,1193000000.0,651200000.0,,,,,133100000.0,1049300000.0,139800000.0,184800000.0,2655300000.0,3414100000.0,803800000.0,3459100000.0,483400000.0,483400000.0,483400000.0
Invesco Ltd,IVZ,ECPGFXU8A2SHKVVGJI15,914208,2010.0,Q3,2010-07-01,2010-09-30,2011-10-28 11:53:07+00:00,0.32,0.32,0.11,0.32,,,54500000.0,725800000.0,73700000.0,16100000.0,19600000.0,27400000.0,27400000.0,,154700000.0,-127300000.0,22000000.0,63500000.0,-137600000.0,,,,35600000.0,,,356200000.0,241900000.0,,,,,26800000.0,304100000.0,51700000.0,73700000.0,770200000.0,830100000.0,81900000.0,852100000.0,483400000.0,483400000.0,483400000.0
Invesco Ltd,IVZ,ECPGFXU8A2SHKVVGJI15,914208,2010.0,Q2YTD,2010-01-01,2010-06-30,,0.31,0.31,0.21,0.3,,,86800000.0,1221400000.0,109000000.0,26500000.0,45900000.0,452700000.0,452700000.0,,135800000.0,316900000.0,36100000.0,109300000.0,306500000.0,,,,46400000.0,,,548000000.0,273300000.0,,,,,96500000.0,498100000.0,72900000.0,109000000.0,1297800000.0,1801200000.0,539500000.0,1837300000.0,453300000.0,453300000.0,453300000.0
Invesco Ltd,IVZ,ECPGFXU8A2SHKVVGJI15,914208,2010.0,Q2TTM,2009-07-01,2010-06-30,,0.82,0.82,0.42,0.8,,,178700000.0,2403500000.0,112800000.0,58600000.0,60400000.0,691600000.0,691600000.0,,351900000.0,339700000.0,7800000.0,227100000.0,351500000.0,,,,46400000.0,,,1060400000.0,546800000.0,,,,,107300000.0,984100000.0,105000000.0,112800000.0,2439300000.0,3301800000.0,870300000.0,3309600000.0,453300000.0,453300000.0,453300000.0
Invesco Ltd,IVZ,ECPGFXU8A2SHKVVGJI15,914208,2010.0,Q2,2010-04-01,2010-06-30,2011-07-29 13:39:35+00:00,0.09,0.09,0.11,0.09,,,36700000.0,627900000.0,54900000.0,14100000.0,17600000.0,238200000.0,238200000.0,,40800000.0,197400000.0,15200000.0,55800000.0,197600000.0,,,,25600000.0,,,302400000.0,149800000.0,,,,,79300000.0,260500000.0,39700000.0,54900000.0,715600000.0,975300000.0,274900000.0,990500000.0,453300000.0,453300000.0,453300000.0
Invesco Ltd,IVZ,ECPGFXU8A2SHKVVGJI15,914208,2010.0,Q1TTM,2009-04-01,2010-03-31,,0.91,0.91,0.41,0.89,,,178000000.0,2277200000.0,59100000.0,61000000.0,66700000.0,481600000.0,481600000.0,,386800000.0,94800000.0,-22700000.0,219900000.0,113000000.0,,,,20800000.0,,,971200000.0,530500000.0,,,,,28000000.0,952600000.0,81800000.0,59100000.0,2238400000.0,2920700000.0,659600000.0,2898000000.0,431800000.0,431800000.0,452400000.0
Invesco Ltd,IVZ,ECPGFXU8A2SHKVVGJI15,914208,2010.0,Q1,2010-01-01,2010-03-31,2011-04-29 10:39:25+00:00,0.22,0.22,0.1025,0.21,,,50100000.0,593500000.0,54100000.0,12400000.0,28300000.0,214500000.0,214500000.0,,95000000.0,119500000.0,20900000.0,53500000.0,108900000.0,,,,20800000.0,,,245600000.0,123500000.0,,,,,17200000.0,237600000.0,33200000.0,54100000.0,582200000.0,825900000.0,264600000.0,846800000.0,431800000.0,431800000.0,452400000.0
Invesco Ltd,IVZ,ECPGFXU8A2SHKVVGJI15,914208,2011.0,FY,2011-01-01,2011-12-31,2014-02-21 11:52:12+00:00,1.58,1.58,0.4775,1.57,,,280000000.0,3040700000.0,318200000.0,61800000.0,85300000.0,622000000.0,612100000.0,9900000.0,729700000.0,-107700000.0,69400000.0,242900000.0,-108400000.0,,,,187000000.0,,,1561900000.0,990600000.0,29400000.0,,,,,1180700000.0,248800000.0,318200000.0,3100200000.0,3922900000.0,892100000.0,3992300000.0,461800000.0,461800000.0,464800000.0
Invesco Ltd,IVZ,ECPGFXU8A2SHKVVGJI15,914208,2011.0,Q4,2011-10-01,2011-12-31,,0.45,0.45,0.12,0.44,,,69900000.0,649800000.0,76300000.0,14300000.0,20400000.0,309900000.0,300000000.0,9900000.0,202300000.0,107600000.0,10200000.0,54300000.0,109300000.0,,,,51800000.0,,,360400000.0,292200000.0,29400000.0,,,,-23900000.0,251000000.0,66100000.0,76300000.0,691600000.0,1051300000.0,369900000.0,1061500000.0,461800000.0,461800000.0,464800000.0
Invesco Ltd,IVZ,ECPGFXU8A2SHKVVGJI15,914208,2011.0,Q3YTD,2011-01-01,2011-09-30,,1.13,1.13,0.36,1.13,,,210100000.0,2390900000.0,241900000.0,47500000.0,64900000.0,312100000.0,312100000.0,,527400000.0,-215300000.0,59200000.0,188600000.0,-217700000.0,,,,135200000.0,,,1201500000.0,698400000.0,,,,,23900000.0,929700000.0,182700000.0,241900000.0,2408600000.0,2871600000.0,522200000.0,2930800000.0,463600000.0,463600000.0,463600000.0
Invesco Ltd,IVZ,ECPGFXU8A2SHKVVGJI15,914208,2011.0,Q3TTM,2010-10-01,2011-09-30,,1.51,1.51,0.47,1.52,,,265800000.0,3164600000.0,310500000.0,63500000.0,77900000.0,468800000.0,468800000.0,,702600000.0,-233800000.0,75200000.0,254200000.0,-232400000.0,,,,171800000.0,,,1613300000.0,965600000.0,,,,,50600000.0,1242400000.0,235300000.0,310500000.0,3238400000.0,3897800000.0,734600000.0,3973000000.0,463600000.0,463600000.0,463600000.0
Invesco Ltd,IVZ,ECPGFXU8A2SHKVVGJI15,914208,2011.0,Q3,2011-07-01,2011-09-30,2012-11-01 16:54:33+00:00,0.36,0.36,0.1225,0.36,,,59100000.0,779500000.0,83400000.0,15300000.0,13100000.0,83400000.0,83400000.0,,166900000.0,-83500000.0,19400000.0,62700000.0,-85000000.0,,,,48700000.0,,,384000000.0,198600000.0,,,,,4700000.0,305500000.0,64000000.0,83400000.0,770000000.0,893100000.0,142500000.0,912500000.0,463600000.0,463600000.0,463600000.0
Invesco Ltd,IVZ,ECPGFXU8A2SHKVVGJI15,914208,2011.0,Q2YTD,2011-01-01,2011-06-30,,0.77,0.77,0.23,0.77,,,151000000.0,1611400000.0,158500000.0,32200000.0,51800000.0,228700000.0,228700000.0,,360500000.0,-131800000.0,39800000.0,125900000.0,-132700000.0,,,,86500000.0,,,817500000.0,499800000.0,,,,,19200000.0,624200000.0,118700000.0,158500000.0,1638600000.0,1978500000.0,379700000.0,2018300000.0,469200000.0,469200000.0,469200000.0
Invesco Ltd,IVZ,ECPGFXU8A2SHKVVGJI15,914208,2011.0,Q2TTM,2010-07-01,2011-06-30,,1.47,1.47,0.45,1.48,,,261200000.0,3110900000.0,300800000.0,64300000.0,84400000.0,412800000.0,412800000.0,,690400000.0,-277600000.0,77800000.0,255000000.0,-285000000.0,,,,158700000.0,,,1585500000.0,1008900000.0,,,,,72700000.0,1241000000.0,223000000.0,300800000.0,3238600000.0,3834800000.0,674000000.0,3912600000.0,469200000.0,469200000.0,469200000.0
Invesco Ltd,IVZ,ECPGFXU8A2SHKVVGJI15,914208,2011.0,Q2,2011-04-01,2011-06-30,2012-10-30 18:41:59+00:00,0.39,0.39,0.1225,0.39,,,75400000.0,819100000.0,82200000.0,16000000.0,26100000.0,129400000.0,129400000.0,,183000000.0,-53600000.0,19700000.0,61900000.0,-53900000.0,,,,46500000.0,,,419400000.0,256900000.0,,,,,11300000.0,318300000.0,62500000.0,82200000.0,837000000.0,1022100000.0,204800000.0,1041800000.0,469200000.0,469200000.0,469200000.0
Invesco Ltd,IVZ,ECPGFXU8A2SHKVVGJI15,914208,2011.0,Q1TTM,2010-04-01,2011-03-31,,1.17,1.17,0.44,1.18,,,222500000.0,2919700000.0,273500000.0,62400000.0,75900000.0,521600000.0,521600000.0,,548200000.0,-26600000.0,73300000.0,248900000.0,-33500000.0,,,,137800000.0,,,1468500000.0,901800000.0,,,,,140700000.0,1183200000.0,200200000.0,273500000.0,3117200000.0,3788000000.0,744100000.0,3861300000.0,467100000.0,467100000.0,467100000.0
Invesco Ltd,IVZ,ECPGFXU8A2SHKVVGJI15,914208,2011.0,Q1,2011-01-01,2011-03-31,2012-05-02 14:10:29+00:00,0.38,0.38,0.11,0.38,,,75600000.0,792300000.0,76300000.0,16200000.0,25700000.0,99300000.0,99300000.0,,177500000.0,-78200000.0,20100000.0,64000000.0,-78800000.0,,,,40000000.0,,,398100000.0,242900000.0,,,,,7900000.0,305900000.0,56200000.0,76300000.0,801600000.0,956400000.0,174900000.0,976500000.0,467100000.0,467100000.0,467100000.0
Invesco Ltd,IVZ,ECPGFXU8A2SHKVVGJI15,914208,2012.0,FY,2012-01-01,2012-12-31,2015-02-20 12:00:39+00:00,1.5,1.5,0.64,1.49,,,261400000.0,3127800000.0,268300000.0,52300000.0,102200000.0,587300000.0,569200000.0,18100000.0,677100000.0,-89800000.0,47700000.0,265100000.0,-68000000.0,,,,168300000.0,,,1604300000.0,930900000.0,8200000.0,,,,,1228000000.0,220600000.0,268300000.0,3207800000.0,3990700000.0,830600000.0,4038400000.0,451400000.0,451400000.0,454400000.0
Invesco Ltd,IVZ,ECPGFXU8A2SHKVVGJI15,914208,2012.0,Q4,2012-10-01,2012-12-31,,0.35,0.35,0.17,0.34,,,115500000.0,792600000.0,125700000.0,26100000.0,22800000.0,146900000.0,134000000.0,12900000.0,177600000.0,-30700000.0,18800000.0,66900000.0,64200000.0,,,,80800000.0,,,420600000.0,199700000.0,8200000.0,,,6900000.0,-5600000.0,306000000.0,106900000.0,125700000.0,818900000.0,1056500000.0,249500000.0,1075300000.0,451400000.0,451400000.0,454400000.0
Invesco Ltd,IVZ,ECPGFXU8A2SHKVVGJI15,914208,2012.0,Q3YTD,2012-01-01,2012-09-30,,1.15,1.15,0.47,1.15,,,145900000.0,2335200000.0,142600000.0,26200000.0,79400000.0,440400000.0,435200000.0,5200000.0,499500000.0,-59100000.0,28900000.0,198200000.0,-132200000.0,,,,87500000.0,,,1183700000.0,731200000.0,,,,-6900000.0,5600000.0,922000000.0,113700000.0,142600000.0,2388900000.0,2934200000.0,581100000.0,2963100000.0,448900000.0,448900000.0,448900000.0
Invesco Ltd,IVZ,ECPGFXU8A2SHKVVGJI15,914208,2012.0,Q3TTM,2011-10-01,2012-09-30,,1.6,1.6,0.59,1.59,,,215800000.0,2985000000.0,218900000.0,40500000.0,99800000.0,750300000.0,735200000.0,15100000.0,701800000.0,48500000.0,39100000.0,252500000.0,-22900000.0,,,,139300000.0,,,1544100000.0,1023400000.0,29400000.0,,,-6900000.0,-18300000.0,1173000000.0,179800000.0,218900000.0,3080500000.0,3985500000.0,951000000.0,4024600000.0,448900000.0,448900000.0,448900000.0
Invesco Ltd,IVZ,ECPGFXU8A2SHKVVGJI15,914208,2012.0,Q3,2012-07-01,2012-09-30,2013-11-06 07:12:18+00:00,0.38,0.38,0.1725,0.38,,,72300000.0,790600000.0,71200000.0,12600000.0,26300000.0,156900000.0,153700000.0,3200000.0,170600000.0,-13700000.0,16700000.0,66100000.0,-20000000.0,,,,41900000.0,,,392400000.0,241700000.0,,,,,3000000.0,315200000.0,54500000.0,71200000.0,803000000.0,1012300000.0,226000000.0,1029000000.0,448900000.0,448900000.0,448900000.0
Invesco Ltd,IVZ,ECPGFXU8A2SHKVVGJI15,914208,2012.0,Q2YTD,2012-01-01,2012-06-30,,0.77,0.77,0.3,0.77,,,73600000.0,1544600000.0,71400000.0,13600000.0,53100000.0,283500000.0,281500000.0,2000000.0,328900000.0,-45400000.0,12200000.0,132100000.0,-112200000.0,,,,45600000.0,,,791300000.0,489500000.0,,,,-6900000.0,2600000.0,606800000.0,59200000.0,71400000.0,1585900000.0,1921900000.0,355100000.0,1934100000.0,397100000.0,397100000.0,397100000.0
Invesco Ltd,IVZ,ECPGFXU8A2SHKVVGJI15,914208,2012.0,Q2TTM,2011-07-01,2012-06-30,,1.58,1.58,0.54,1.57,,,202600000.0,2973900000.0,231100000.0,43200000.0,86600000.0,676800000.0,664900000.0,11900000.0,698100000.0,-21300000.0,41800000.0,249100000.0,-87900000.0,,,,146100000.0,,,1535700000.0,980300000.0,29400000.0,,,-6900000.0,-16600000.0,1163300000.0,189300000.0,231100000.0,3047500000.0,3866300000.0,867500000.0,3908100000.0,397100000.0,397100000.0,397100000.0
Invesco Ltd,IVZ,ECPGFXU8A2SHKVVGJI15,914208,2012.0,Q2,2012-04-01,2012-06-30,2013-07-31 11:59:44+00:00,0.34,0.34,0.1725,0.34,,,,753200000.0,,,26400000.0,208700000.0,206700000.0,2000000.0,135000000.0,73700000.0,,65300000.0,,,,,,,,400900000.0,228600000.0,,,,-6900000.0,1100000.0,288300000.0,,,782000000.0,981800000.0,206700000.0,981800000.0,397100000.0,397100000.0,397100000.0
Invesco Ltd,IVZ,ECPGFXU8A2SHKVVGJI15,914208,2012.0,Q1TTM,2011-04-01,2012-03-31,,1.63,1.63,0.49,1.62,,,278000000.0,3039800000.0,313300000.0,59200000.0,86300000.0,597500000.0,587600000.0,9900000.0,746100000.0,-148600000.0,61500000.0,245700000.0,-141800000.0,,,,192600000.0,,,1554200000.0,1008600000.0,29400000.0,,,,-6400000.0,1193300000.0,251800000.0,313300000.0,3102500000.0,3906600000.0,865600000.0,3968100000.0,450900000.0,450900000.0,450900000.0
Invesco Ltd,IVZ,ECPGFXU8A2SHKVVGJI15,914208,2012.0,Q1,2012-01-01,2012-03-31,2013-04-30 14:36:41+00:00,0.43,0.43,0.1225,0.43,,,73600000.0,791400000.0,71400000.0,13600000.0,26700000.0,74800000.0,74800000.0,,193900000.0,-119100000.0,12200000.0,66800000.0,-112200000.0,,,,45600000.0,,,390400000.0,260900000.0,,,,,1500000.0,318500000.0,59200000.0,71400000.0,803900000.0,940100000.0,148400000.0,952300000.0,450900000.0,450900000.0,450900000.0
Invesco Ltd,IVZ,ECPGFXU8A2SHKVVGJI15,914208,2013.0,FY,2013-01-01,2013-12-31,2016-02-19 11:33:01+00:00,2.1,2.1,0.8475,2.1,,,336900000.0,3599600000.0,200000000.0,44600000.0,98600000.0,982800000.0,918300000.0,64500000.0,940300000.0,42500000.0,32100000.0,292800000.0,97400000.0,,,,123300000.0,,,1800500000.0,1050500000.0,3200000.0,,,,,1329300000.0,167900000.0,200000000.0,3524400000.0,4747500000.0,1255200000.0,4779600000.0,447800000.0,447800000.0,447800000.0
Invesco Ltd,IVZ,ECPGFXU8A2SHKVVGJI15,914208,2013.0,Q4,2013-10-01,2013-12-31,,0.64,0.64,0.23,0.65,,-1800000.0,74200000.0,955100000.0,45700000.0,15200000.0,30000000.0,330800000.0,264400000.0,66400000.0,287400000.0,43400000.0,4000000.0,85800000.0,35500000.0,,,,26500000.0,,21100000.0,482600000.0,254700000.0,1800000.0,,,,,333400000.0,41700000.0,45700000.0,931800000.0,1266400000.0,338600000.0,1270400000.0,447800000.0,447800000.0,447800000.0
Invesco Ltd,IVZ,ECPGFXU8A2SHKVVGJI15,914208,2013.0,Q3YTD,2013-01-01,2013-09-30,,1.46,1.46,0.62,1.45,,1800000.0,262700000.0,2644500000.0,154300000.0,29400000.0,68600000.0,652000000.0,653900000.0,-1900000.0,652900000.0,-900000.0,28100000.0,207000000.0,61900000.0,,,,96800000.0,,-21100000.0,1317900000.0,795800000.0,1400000.0,,,,,995900000.0,126200000.0,154300000.0,2592600000.0,3481100000.0,916600000.0,3509200000.0,447300000.0,447300000.0,447300000.0
Invesco Ltd,IVZ,ECPGFXU8A2SHKVVGJI15,914208,2013.0,Q3TTM,2012-10-01,2013-09-30,,1.81,1.81,0.8,1.79,,1800000.0,378200000.0,3437100000.0,280000000.0,55500000.0,91400000.0,798900000.0,787900000.0,11000000.0,830500000.0,-31600000.0,46900000.0,273900000.0,126100000.0,,,,177600000.0,,-21100000.0,1738500000.0,995500000.0,9600000.0,,,6900000.0,-5600000.0,1301900000.0,233100000.0,280000000.0,3411500000.0,4537600000.0,1166100000.0,4584500000.0,447300000.0,447300000.0,447300000.0
Invesco Ltd,IVZ,ECPGFXU8A2SHKVVGJI15,914208,2013.0,Q3,2013-07-01,2013-09-30,2014-10-30 13:39:03+00:00,0.51,0.51,0.225,0.51,,,92900000.0,914400000.0,49000000.0,9700000.0,22600000.0,248700000.0,250100000.0,-1400000.0,228100000.0,20600000.0,5800000.0,71900000.0,48500000.0,,,,33500000.0,,,461000000.0,260100000.0,0.0,,,,,330300000.0,43200000.0,49000000.0,885800000.0,1223000000.0,343000000.0,1228800000.0,447300000.0,447300000.0,447300000.0
Invesco Ltd,IVZ,ECPGFXU8A2SHKVVGJI15,914208,2013.0,Q2YTD,2013-01-01,2013-06-30,,0.95,0.95,0.4,0.94,,1800000.0,169800000.0,1730100000.0,105300000.0,19700000.0,46000000.0,403300000.0,403800000.0,-500000.0,424800000.0,-21500000.0,22300000.0,135100000.0,13400000.0,,,,63300000.0,,-21100000.0,856900000.0,535700000.0,1400000.0,,,,,665600000.0,83000000.0,105300000.0,1706800000.0,2258100000.0,573600000.0,2280400000.0,450200000.0,450200000.0,450200000.0
Invesco Ltd,IVZ,ECPGFXU8A2SHKVVGJI15,914208,2013.0,Q2TTM,2012-07-01,2013-06-30,,1.68,1.68,0.74,1.66,,1800000.0,357600000.0,3313300000.0,302200000.0,58400000.0,95100000.0,707100000.0,691500000.0,15600000.0,773000000.0,-65900000.0,57800000.0,268100000.0,57600000.0,,,,186000000.0,,-21100000.0,1669900000.0,977100000.0,9600000.0,,,6900000.0,-2600000.0,1286800000.0,244400000.0,302200000.0,3328700000.0,4326900000.0,1049100000.0,4384700000.0,450200000.0,450200000.0,450200000.0
Invesco Ltd,IVZ,ECPGFXU8A2SHKVVGJI15,914208,2013.0,Q2,2013-04-01,2013-06-30,2014-07-31 08:48:44+00:00,0.45,0.45,0.225,0.45,,1800000.0,83500000.0,885500000.0,52800000.0,10000000.0,23800000.0,203700000.0,208300000.0,-4600000.0,202600000.0,1100000.0,12200000.0,68600000.0,5300000.0,,,,30600000.0,,,443300000.0,250400000.0,,,,,,324100000.0,40600000.0,52800000.0,861600000.0,1141200000.0,291800000.0,1153400000.0,450200000.0,450200000.0,450200000.0
Invesco Ltd,IVZ,ECPGFXU8A2SHKVVGJI15,914208,2013.0,Q1TTM,2012-04-01,2013-03-31,,1.57,1.57,0.69,1.55,,,274100000.0,3181000000.0,249400000.0,48400000.0,97700000.0,712100000.0,689900000.0,22200000.0,705400000.0,6700000.0,45600000.0,264800000.0,52300000.0,,,,155400000.0,,-21100000.0,1627500000.0,955300000.0,9600000.0,,,,-1500000.0,1251000000.0,203800000.0,249400000.0,3249100000.0,4167500000.0,964000000.0,4213100000.0,444400000.0,444400000.0,453500000.0
Invesco Ltd,IVZ,ECPGFXU8A2SHKVVGJI15,914208,2013.0,Q1,2013-01-01,2013-03-31,2014-05-01 15:50:27+00:00,0.5,0.5,0.1725,0.49,,,86300000.0,844600000.0,52500000.0,9700000.0,22200000.0,199600000.0,195500000.0,4100000.0,222200000.0,-22600000.0,10100000.0,66500000.0,8100000.0,,,,32700000.0,,-21100000.0,413600000.0,285300000.0,1400000.0,,,,,341500000.0,42400000.0,52500000.0,845200000.0,1116900000.0,281800000.0,1127000000.0,444400000.0,444400000.0,453500000.0
Invesco Ltd,IVZ,ECPGFXU8A2SHKVVGJI15,914208,2014.0,FY,2014-01-01,2014-12-31,2017-02-23 12:11:17+00:00,2.27,2.27,0.975,2.27,,,390600000.0,4054100000.0,13100000.0,73100000.0,112100000.0,1001100000.0,1004500000.0,-3400000.0,988100000.0,13000000.0,-60000000.0,336400000.0,32800000.0,,,,,,,2027200000.0,1145400000.0,-93000000.0,,,,,1394500000.0,73100000.0,13100000.0,3777200000.0,5232300000.0,1395100000.0,5172300000.0,435300000.0,435300000.0,435300000.0
Invesco Ltd,IVZ,ECPGFXU8A2SHKVVGJI15,914208,2014.0,Q4,2014-10-01,2014-12-31,,0.62,0.62,0.25,0.62,,,99700000.0,1009500000.0,-145200000.0,18100000.0,31900000.0,225900000.0,226900000.0,-1000000.0,269800000.0,-43900000.0,-65200000.0,72000000.0,-57000000.0,,,,-98100000.0,,,478900000.0,274800000.0,-93000000.0,,,,,345700000.0,-80000000.0,-145200000.0,835500000.0,1227300000.0,326600000.0,1162100000.0,435300000.0,435300000.0,435300000.0
Invesco Ltd,IVZ,ECPGFXU8A2SHKVVGJI15,914208,2014.0,Q3YTD,2014-01-01,2014-09-30,,1.65,1.65,0.73,1.65,,,290900000.0,3044600000.0,158300000.0,55000000.0,80200000.0,775200000.0,777600000.0,-2400000.0,718300000.0,56900000.0,5200000.0,264400000.0,89800000.0,,,,98100000.0,,,1548300000.0,870600000.0,,,,,,1048800000.0,153100000.0,158300000.0,2941700000.0,4005000000.0,1068500000.0,4010200000.0,433900000.0,433900000.0,433900000.0
Invesco Ltd,IVZ,ECPGFXU8A2SHKVVGJI15,914208,2014.0,Q3TTM,2013-10-01,2014-09-30,,2.29,2.29,0.95,2.3,,-1800000.0,365100000.0,3999700000.0,204000000.0,70200000.0,110200000.0,1106000000.0,1042000000.0,64000000.0,1005700000.0,100300000.0,9200000.0,350200000.0,125300000.0,,,,124600000.0,,21100000.0,2030900000.0,1125300000.0,1800000.0,,,,,1382200000.0,194800000.0,204000000.0,3873500000.0,5271400000.0,1407100000.0,5280600000.0,433900000.0,433900000.0,433900000.0
Invesco Ltd,IVZ,ECPGFXU8A2SHKVVGJI15,914208,2014.0,Q3,2014-07-01,2014-09-30,2015-10-29 16:17:03+00:00,0.59,0.59,0.25,0.59,,,94900000.0,1047300000.0,56000000.0,18100000.0,26600000.0,251600000.0,252200000.0,-600000.0,256000000.0,-4400000.0,400000.0,76400000.0,11000000.0,,,,37500000.0,,,534600000.0,269800000.0,,,,,,343800000.0,55600000.0,56000000.0,981400000.0,1328100000.0,347100000.0,1328500000.0,433900000.0,433900000.0,433900000.0
Invesco Ltd,IVZ,ECPGFXU8A2SHKVVGJI15,914208,2014.0,Q2YTD,2014-01-01,2014-06-30,,1.06,1.06,0.48,1.06,,,196000000.0,1997300000.0,102300000.0,36900000.0,53600000.0,523600000.0,525400000.0,-1800000.0,462300000.0,61300000.0,4800000.0,188000000.0,78800000.0,,,,60600000.0,,,1013700000.0,600800000.0,,,,,,705000000.0,97500000.0,102300000.0,1960300000.0,2676900000.0,721400000.0,2681700000.0,435700000.0,435700000.0,435700000.0
Invesco Ltd,IVZ,ECPGFXU8A2SHKVVGJI15,914208,2014.0,Q2TTM,2013-07-01,2014-06-30,,2.21,2.21,0.93,2.22,,-1800000.0,363100000.0,3866800000.0,197000000.0,61800000.0,106200000.0,1103100000.0,1039900000.0,63200000.0,977800000.0,125300000.0,14600000.0,345700000.0,162800000.0,,,,120600000.0,,21100000.0,1957300000.0,1115600000.0,1800000.0,,,,,1368700000.0,182400000.0,197000000.0,3777900000.0,5166300000.0,1403000000.0,5180900000.0,435700000.0,435700000.0,435700000.0
Invesco Ltd,IVZ,ECPGFXU8A2SHKVVGJI15,914208,2014.0,Q2,2014-04-01,2014-06-30,2015-07-30 14:05:37+00:00,0.63,0.63,0.25,0.63,,,107000000.0,1031900000.0,51100000.0,18200000.0,30200000.0,316800000.0,316600000.0,200000.0,274500000.0,42300000.0,2600000.0,75300000.0,42300000.0,,,,30300000.0,,,486700000.0,281900000.0,,,,,,342900000.0,48500000.0,51100000.0,935100000.0,1356100000.0,423600000.0,1358700000.0,435700000.0,435700000.0,435700000.0
Invesco Ltd,IVZ,ECPGFXU8A2SHKVVGJI15,914208,2014.0,Q1TTM,2013-04-01,2014-03-31,,2.03,2.03,0.9,2.04,,,339600000.0,3720400000.0,198700000.0,53600000.0,99800000.0,990000000.0,931600000.0,58400000.0,905900000.0,84100000.0,24200000.0,339000000.0,125800000.0,,,,120900000.0,,21100000.0,1913900000.0,1084100000.0,1800000.0,,,,,1349900000.0,174500000.0,198700000.0,3704400000.0,4951400000.0,1271200000.0,4975600000.0,436700000.0,436700000.0,436700000.0
Invesco Ltd,IVZ,ECPGFXU8A2SHKVVGJI15,914208,2014.0,Q1,2014-01-01,2014-03-31,2015-04-30 15:27:47+00:00,0.43,0.43,0.225,0.43,,,89000000.0,965400000.0,51200000.0,18700000.0,23400000.0,206800000.0,208800000.0,-2000000.0,187800000.0,19000000.0,2200000.0,112700000.0,36500000.0,,,,30300000.0,,,527000000.0,318900000.0,,,,,,362100000.0,49000000.0,51200000.0,1025200000.0,1320800000.0,297800000.0,1323000000.0,436700000.0,436700000.0,436700000.0
Invesco Ltd,IVZ,ECPGFXU8A2SHKVVGJI15,914208,2015.0,FY,2015-01-01,2015-12-31,2018-02-23 12:10:39+00:00,2.26,2.26,1.06,2.26,,,398000000.0,4061100000.0,13000000.0,81700000.0,115400000.0,964100000.0,964100000.0,,968100000.0,-4000000.0,-68700000.0,312000000.0,35100000.0,,,,,,,1941600000.0,1072000000.0,-27100000.0,,,,,1395500000.0,81700000.0,13000000.0,3737400000.0,5168200000.0,1362100000.0,5099500000.0,428400000.0,428400000.0,428400000.0
Invesco Ltd,IVZ,ECPGFXU8A2SHKVVGJI15,914208,2015.0,Q4,2015-10-01,2015-12-31,,0.48,0.48,0.27,0.48,,,86900000.0,987100000.0,5500000.0,23000000.0,34100000.0,194800000.0,194800000.0,,201900000.0,-7100000.0,-17500000.0,81300000.0,3100000.0,,,,,,,470900000.0,257100000.0,12000000.0,,,,,349800000.0,23000000.0,5500000.0,948100000.0,1247300000.0,281700000.0,1229800000.0,428400000.0,428400000.0,428400000.0
Invesco Ltd,IVZ,ECPGFXU8A2SHKVVGJI15,914208,2015.0,Q3,2015-07-01,2015-09-30,2016-10-27 14:21:09+00:00,0.58,0.58,0.27,0.58,,,100400000.0,1016900000.0,2400000.0,20400000.0,24900000.0,241300000.0,241300000.0,,249300000.0,-8000000.0,-18000000.0,79000000.0,8200000.0,,,,,,,479300000.0,253900000.0,-1500000.0,,,,,337600000.0,20400000.0,2400000.0,919300000.0,1279000000.0,341700000.0,1261000000.0,429800000.0,429800000.0,429800000.0
Invesco Ltd,IVZ,ECPGFXU8A2SHKVVGJI15,914208,2015.0,Q3YTD,2015-01-01,2015-09-30,,1.78,1.78,0.79,1.78,,,311100000.0,3074000000.0,7500000.0,58700000.0,81300000.0,769300000.0,769300000.0,,766200000.0,3100000.0,-51200000.0,230700000.0,32000000.0,,,,,,,1470700000.0,814900000.0,-39100000.0,,,,,1045700000.0,58700000.0,7500000.0,2789300000.0,3920900000.0,1080400000.0,3869700000.0,429800000.0,429800000.0,429800000.0
Invesco Ltd,IVZ,ECPGFXU8A2SHKVVGJI15,914208,2015.0,Q3TTM,2014-10-01,2015-09-30,,2.4,2.4,1.04,2.4,,,410800000.0,4083500000.0,-137700000.0,76800000.0,113200000.0,995200000.0,996200000.0,-1000000.0,1036000000.0,-40800000.0,-116400000.0,302700000.0,-25000000.0,,,,-98100000.0,,,1949600000.0,1089700000.0,-132100000.0,,,,,1391400000.0,-21300000.0,-137700000.0,3624800000.0,5148200000.0,1407000000.0,5031800000.0,429800000.0,429800000.0,429800000.0
Invesco Ltd,IVZ,ECPGFXU8A2SHKVVGJI15,914208,2015.0,Q2,2015-04-01,2015-06-30,2016-07-28 15:34:08+00:00,0.6,0.6,0.27,0.6,,,109400000.0,1055700000.0,2600000.0,19600000.0,29700000.0,244000000.0,244000000.0,,257300000.0,-13300000.0,-17000000.0,74800000.0,12000000.0,,,,,,,502400000.0,258700000.0,1900000.0,,,,,347200000.0,19600000.0,2600000.0,956000000.0,1326400000.0,353400000.0,1309400000.0,428800000.0,428800000.0,428800000.0
Invesco Ltd,IVZ,ECPGFXU8A2SHKVVGJI15,914208,2015.0,Q2YTD,2015-01-01,2015-06-30,,1.2,1.2,0.52,1.2,,,210700000.0,2057100000.0,5100000.0,38300000.0,56400000.0,528000000.0,528000000.0,,516900000.0,11100000.0,-33200000.0,151700000.0,23800000.0,,,,,,,991400000.0,561000000.0,-37600000.0,,,,,708100000.0,38300000.0,5100000.0,1870000000.0,2641900000.0,738700000.0,2608700000.0,428800000.0,428800000.0,428800000.0
Invesco Ltd,IVZ,ECPGFXU8A2SHKVVGJI15,914208,2015.0,Q2TTM,2014-07-01,2015-06-30,,2.41,2.41,1.02,2.41,,,405300000.0,4113900000.0,-84100000.0,74500000.0,114900000.0,1005500000.0,1007100000.0,-1600000.0,1042700000.0,-37200000.0,-98000000.0,300100000.0,-22200000.0,,,,-60600000.0,,,2004900000.0,1105600000.0,-130600000.0,,,,,1397600000.0,13900000.0,-84100000.0,3686900000.0,5197300000.0,1412400000.0,5099300000.0,428800000.0,428800000.0,428800000.0
Invesco Ltd,IVZ,ECPGFXU8A2SHKVVGJI15,914208,2015.0,Q1,2015-01-01,2015-03-31,2016-04-28 13:23:07+00:00,0.6,0.6,0.25,0.6,,,101300000.0,1001400000.0,2500000.0,18700000.0,26700000.0,284000000.0,284000000.0,,259600000.0,24400000.0,-16200000.0,76900000.0,11800000.0,,,,,,,489000000.0,302300000.0,-39500000.0,,,,,360900000.0,18700000.0,2500000.0,914000000.0,1315500000.0,385300000.0,1299300000.0,432700000.0,432700000.0,432700000.0
Invesco Ltd,IVZ,ECPGFXU8A2SHKVVGJI15,914208,2015.0,Q1TTM,2014-04-01,2015-03-31,,2.44,2.44,1.0,2.44,,,402900000.0,4090100000.0,-35600000.0,73100000.0,115400000.0,1078300000.0,1079700000.0,-1400000.0,1059900000.0,18400000.0,-78400000.0,300600000.0,8100000.0,,,,-30300000.0,,,1989200000.0,1128800000.0,-132500000.0,,,,,1393300000.0,42800000.0,-35600000.0,3666000000.0,5227000000.0,1482600000.0,5148600000.0,432700000.0,432700000.0,432700000.0
Invesco Ltd,IVZ,ECPGFXU8A2SHKVVGJI15,914208,2016.0,FY,2016-01-01,2016-12-31,2019-02-21 21:51:55+00:00,2.06,2.06,1.11,2.06,,,338300000.0,,,,114800000.0,868300000.0,868300000.0,,854200000.0,14100000.0,,327200000.0,,12200000.0,,,,,4734400000.0,1701600000.0,,83200000.0,,,-9300000.0,-46900000.0,1369400000.0,,,3549300000.0,4734400000.0,1206600000.0,4734400000.0,414700000.0,414700000.0,414700000.0
Invesco Ltd,IVZ,ECPGFXU8A2SHKVVGJI15,914208,2016.0,Q4,2016-10-01,2016-12-31,,0.56,0.56,-0.83,0.56,,,92900000.0,-2826200000.0,-8700000.0,-69900000.0,35200000.0,218100000.0,218100000.0,,226500000.0,-8400000.0,61200000.0,86800000.0,2100000.0,12200000.0,,,,,4734400000.0,403900000.0,-720800000.0,152600000.0,,,-9300000.0,-46900000.0,329600000.0,-69900000.0,-8700000.0,961200000.0,1189500000.0,311000000.0,1250700000.0,414700000.0,414700000.0,414700000.0
Invesco Ltd,IVZ,ECPGFXU8A2SHKVVGJI15,914208,2016.0,Q3,2016-07-01,2016-09-30,2017-10-26 14:41:53+00:00,0.58,0.58,0.28,0.58,,,89800000.0,965900000.0,2600000.0,23900000.0,26400000.0,255900000.0,255900000.0,,241200000.0,14700000.0,-21300000.0,78200000.0,5500000.0,,,,,,,445600000.0,251900000.0,-39000000.0,,,,,345100000.0,23900000.0,2600000.0,856300000.0,1223300000.0,345700000.0,1202000000.0,415900000.0,415900000.0,415900000.0
Invesco Ltd,IVZ,ECPGFXU8A2SHKVVGJI15,914208,2016.0,Q3YTD,2016-01-01,2016-09-30,,1.5,1.5,0.83,1.5,,,245400000.0,2826200000.0,8700000.0,69900000.0,79600000.0,650200000.0,650200000.0,,627700000.0,22500000.0,-61200000.0,240400000.0,-2100000.0,,,,,,,1297700000.0,720800000.0,-69400000.0,,,,,1039800000.0,69900000.0,8700000.0,2588100000.0,3544900000.0,895600000.0,3483700000.0,415900000.0,415900000.0,415900000.0
Invesco Ltd,IVZ,ECPGFXU8A2SHKVVGJI15,914208,2016.0,Q3TTM,2015-10-01,2016-09-30,,1.98,1.98,1.1,1.98,,,332300000.0,3813300000.0,14200000.0,92900000.0,113700000.0,845000000.0,845000000.0,,829600000.0,15400000.0,-78700000.0,321700000.0,1000000.0,,,,,,,1768600000.0,977900000.0,-57400000.0,,,,,1389600000.0,92900000.0,14200000.0,3536200000.0,4792200000.0,1177300000.0,4713500000.0,415900000.0,415900000.0,415900000.0
Invesco Ltd,IVZ,ECPGFXU8A2SHKVVGJI15,914208,2016.0,Q2,2016-04-01,2016-06-30,2017-07-27 14:50:12+00:00,0.54,0.54,0.28,0.54,,,83700000.0,946700000.0,2500000.0,22100000.0,28300000.0,236500000.0,236500000.0,,225500000.0,11000000.0,-19600000.0,82300000.0,4600000.0,,,,,,,427000000.0,238500000.0,-37900000.0,,,,,350300000.0,22100000.0,2500000.0,850000000.0,1189800000.0,320200000.0,1170200000.0,417600000.0,417600000.0,417600000.0
Invesco Ltd,IVZ,ECPGFXU8A2SHKVVGJI15,914208,2016.0,Q2YTD,2016-01-01,2016-06-30,,0.92,0.92,0.55,0.92,,,155600000.0,1860300000.0,6100000.0,46000000.0,53200000.0,394300000.0,394300000.0,,386500000.0,7800000.0,-39900000.0,162200000.0,-7600000.0,,,,,,,852100000.0,468900000.0,-30400000.0,,,,,694700000.0,46000000.0,6100000.0,1731800000.0,2321600000.0,549900000.0,2281700000.0,417600000.0,417600000.0,417600000.0
Invesco Ltd,IVZ,ECPGFXU8A2SHKVVGJI15,914208,2016.0,Q2TTM,2015-07-01,2016-06-30,,1.98,1.98,1.09,1.98,,,342900000.0,3864300000.0,14000000.0,89400000.0,112200000.0,830400000.0,830400000.0,,837700000.0,-7300000.0,-75400000.0,322500000.0,3700000.0,,,,,,,1802300000.0,979900000.0,-19900000.0,,,,,1382100000.0,89400000.0,14000000.0,3599200000.0,4847900000.0,1173300000.0,4772500000.0,417600000.0,417600000.0,417600000.0
Invesco Ltd,IVZ,ECPGFXU8A2SHKVVGJI15,914208,2016.0,Q1,2016-01-01,2016-03-31,2017-04-27 15:58:22+00:00,0.38,0.38,0.27,0.38,,,71900000.0,913600000.0,3600000.0,23900000.0,24900000.0,157800000.0,157800000.0,,161000000.0,-3200000.0,-20300000.0,79900000.0,-12200000.0,,,,,,,425100000.0,230400000.0,7500000.0,,,,,344400000.0,23900000.0,3600000.0,881800000.0,1131800000.0,229700000.0,1111500000.0,423700000.0,423700000.0,423700000.0
Invesco Ltd,IVZ,ECPGFXU8A2SHKVVGJI15,914208,2016.0,Q1TTM,2015-04-01,2016-03-31,,2.04,2.04,1.08,2.04,,,368600000.0,3973300000.0,14100000.0,86900000.0,113600000.0,837900000.0,837900000.0,,869500000.0,-31600000.0,-72800000.0,315000000.0,11100000.0,,,,,,,1877700000.0,1000100000.0,19900000.0,,,,,1379000000.0,86900000.0,14100000.0,3705200000.0,4984500000.0,1206500000.0,4911700000.0,423700000.0,423700000.0,423700000.0
Invesco Ltd,IVZ,ECPGFXU8A2SHKVVGJI15,914208,2017.0,FY,2017-01-01,2017-12-31,2020-03-02 06:06:35+00:00,2.75,2.75,1.15,2.75,,,268200000.0,,13400000.0,94800000.0,121800000.0,1161000000.0,1161000000.0,,1127300000.0,33700000.0,-81400000.0,364600000.0,,,,,,,,-3366900000.0,49500000.0,-35500000.0,0.0,,-44700000.0,,1499600000.0,94800000.0,13400000.0,-1416400000.0,49500000.0,1429200000.0,-31900000.0,409900000.0,409900000.0,409900000.0
Invesco Ltd,IVZ,ECPGFXU8A2SHKVVGJI15,914208,2017.0,Q4,2017-10-01,2017-12-31,,1.0,1.0,-0.86,1.0,47600000.0,,-23200000.0,-955200000.0,13400000.0,94800000.0,38800000.0,406200000.0,419400000.0,,391800000.0,14400000.0,-81400000.0,97300000.0,,-45600000.0,-60800000.0,-50900000.0,,,-31000000.0,-4713000000.0,-1494600000.0,-35500000.0,,-1254400000.0,-44700000.0,,347800000.0,94800000.0,13400000.0,-4264600000.0,-3735200000.0,447100000.0,-3816600000.0,409900000.0,409900000.0,409900000.0
Invesco Ltd,IVZ,ECPGFXU8A2SHKVVGJI15,914208,2017.0,Q3,2017-07-01,2017-09-30,2018-10-24 14:53:00+00:00,0.65,0.65,0.29,0.65,,,123100000.0,,,,29500000.0,291000000.0,291000000.0,,283900000.0,7100000.0,,92800000.0,,45600000.0,,8200000.0,,,,467000000.0,1337700000.0,,,,,,388100000.0,,,977400000.0,1337700000.0,405900000.0,1337700000.0,436800000.0,436800000.0,436800000.0
Invesco Ltd,IVZ,ECPGFXU8A2SHKVVGJI15,914208,2017.0,Q3YTD,2017-01-01,2017-09-30,,1.75,1.75,0.86,1.75,-47600000.0,,291400000.0,955200000.0,,,83000000.0,754800000.0,741600000.0,,735500000.0,19300000.0,,267300000.0,,45600000.0,60800000.0,50900000.0,,,31000000.0,1346100000.0,1544100000.0,,,1254400000.0,,,1151800000.0,,,2848200000.0,3784700000.0,982100000.0,3784700000.0,436800000.0,436800000.0,436800000.0
Invesco Ltd,IVZ,ECPGFXU8A2SHKVVGJI15,914208,2017.0,Q3TTM,2016-10-01,2017-09-30,,2.31,2.31,0.03,2.31,-47600000.0,,384300000.0,-1871000000.0,-8700000.0,-69900000.0,118200000.0,972900000.0,959700000.0,,962000000.0,10900000.0,61200000.0,354100000.0,2100000.0,57800000.0,60800000.0,50900000.0,,,4765400000.0,1750000000.0,823300000.0,152600000.0,,1254400000.0,-9300000.0,-46900000.0,1481400000.0,-69900000.0,-8700000.0,3809400000.0,4974200000.0,1293100000.0,5035400000.0,436800000.0,436800000.0,436800000.0
Invesco Ltd,IVZ,ECPGFXU8A2SHKVVGJI15,914208,2017.0,Q2,2017-04-01,2017-06-30,2018-07-26 15:18:50+00:00,0.58,0.58,0.29,0.58,-23600000.0,,92600000.0,,,,29100000.0,249600000.0,240900000.0,,239600000.0,10000000.0,,89000000.0,,,32300000.0,15200000.0,,,,451800000.0,,,,1254400000.0,,,366200000.0,,,936100000.0,1254400000.0,318300000.0,1254400000.0,413100000.0,413100000.0,413100000.0
Invesco Ltd,IVZ,ECPGFXU8A2SHKVVGJI15,914208,2017.0,Q2YTD,2017-01-01,2017-06-30,,1.1,1.1,0.57,1.1,-47600000.0,,168300000.0,955200000.0,,,53500000.0,463800000.0,450600000.0,,451600000.0,12200000.0,,174500000.0,,,60800000.0,42700000.0,,,31000000.0,879100000.0,206400000.0,,,1254400000.0,,,763700000.0,,,1870800000.0,2447000000.0,576200000.0,2447000000.0,413100000.0,413100000.0,413100000.0
Invesco Ltd,IVZ,ECPGFXU8A2SHKVVGJI15,914208,2017.0,Q2TTM,2016-07-01,2017-06-30,,2.24,2.24,0.02,2.24,-47600000.0,,351000000.0,-905100000.0,-6100000.0,-46000000.0,115100000.0,937800000.0,924600000.0,,919300000.0,18500000.0,39900000.0,339500000.0,7600000.0,12200000.0,60800000.0,42700000.0,,,4765400000.0,1728600000.0,-262500000.0,113600000.0,,1254400000.0,-9300000.0,-46900000.0,1438400000.0,-46000000.0,-6100000.0,3688300000.0,4859800000.0,1232900000.0,4899700000.0,413100000.0,413100000.0,413100000.0
Invesco Ltd,IVZ,ECPGFXU8A2SHKVVGJI15,914208,2017.0,Q1,2017-01-01,2017-03-31,2018-04-26 14:16:55+00:00,0.52,0.52,0.28,0.52,-24000000.0,,75700000.0,955200000.0,,,24400000.0,214200000.0,209700000.0,,212000000.0,2200000.0,,85500000.0,,,28500000.0,27500000.0,,,31000000.0,427300000.0,206400000.0,,,,,,397500000.0,,,934700000.0,1192600000.0,257900000.0,1192600000.0,407700000.0,407700000.0,407700000.0
Invesco Ltd,IVZ,ECPGFXU8A2SHKVVGJI15,914208,2017.0,Q1TTM,2016-04-01,2017-03-31,,2.2,2.2,0.01,2.2,-24000000.0,,342100000.0,41600000.0,-3600000.0,-23900000.0,114300000.0,924700000.0,920200000.0,,905200000.0,19500000.0,20300000.0,332800000.0,12200000.0,12200000.0,28500000.0,27500000.0,,,4765400000.0,1703800000.0,-24000000.0,75700000.0,,,-9300000.0,-46900000.0,1422500000.0,-23900000.0,-3600000.0,3602200000.0,4795200000.0,1234800000.0,4815500000.0,407700000.0,407700000.0,407700000.0
Invesco Ltd,IVZ,ECPGFXU8A2SHKVVGJI15,914208,2018.0,Q4,2018-10-01,2018-12-31,,0.28,0.28,,0.28,,,53200000.0,,10300000.0,134600000.0,41300000.0,94800000.0,65400000.0,,114200000.0,-19400000.0,-110300000.0,108000000.0,-2100000.0,1400000.0,29400000.0,-27200000.0,,14000000.0,3958300000.0,573100000.0,-2753700000.0,61200000.0,,,-41100000.0,,349300000.0,134600000.0,24300000.0,1060900000.0,1202500000.0,145800000.0,1092200000.0,412500000.0,412500000.0,412500000.0
Invesco Ltd,IVZ,ECPGFXU8A2SHKVVGJI15,914208,2018.0,Q3,2018-07-01,2018-09-30,2019-10-23 16:08:08+00:00,0.65,0.65,,0.65,,,61100000.0,,4000000.0,29600000.0,33400000.0,281200000.0,281200000.0,,269600000.0,11600000.0,-25600000.0,103700000.0,11800000.0,,,,,,,468800000.0,1347700000.0,5000000.0,0.0,,,,380700000.0,29600000.0,4000000.0,991600000.0,1359500000.0,342300000.0,1333900000.0,414800000.0,414800000.0,414800000.0
Invesco Ltd,IVZ,ECPGFXU8A2SHKVVGJI15,914208,2018.0,Q3YTD,2018-01-01,2018-09-30,,1.86,1.86,,1.86,,,201800000.0,,11000000.0,-23100000.0,93500000.0,788300000.0,817700000.0,,768600000.0,19700000.0,20100000.0,302500000.0,2100000.0,-1400000.0,-29400000.0,27200000.0,,-14000000.0,1355800000.0,1359500000.0,2713700000.0,46100000.0,,,7300000.0,,1145100000.0,-23100000.0,-3000000.0,3018700000.0,4071600000.0,992300000.0,4091700000.0,414800000.0,414800000.0,414800000.0
Invesco Ltd,IVZ,ECPGFXU8A2SHKVVGJI15,914208,2018.0,Q3TTM,2017-10-01,2018-09-30,,2.86,2.86,-0.86,2.86,47600000.0,,178600000.0,-955200000.0,24400000.0,71700000.0,132300000.0,1194500000.0,1237100000.0,,1160400000.0,34100000.0,-61300000.0,399800000.0,2100000.0,-47000000.0,-90200000.0,-23700000.0,,-14000000.0,1324800000.0,-3353500000.0,1219100000.0,10600000.0,,-1254400000.0,-37400000.0,,1492900000.0,71700000.0,10400000.0,-1245900000.0,336400000.0,1439400000.0,275100000.0,414800000.0,414800000.0,414800000.0
Invesco Ltd,IVZ,ECPGFXU8A2SHKVVGJI15,914208,2018.0,Q2,2018-04-01,2018-06-30,2019-07-25 16:28:20+00:00,0.59,0.59,,0.59,,,72300000.0,,2800000.0,-29500000.0,32100000.0,241900000.0,241900000.0,,245100000.0,-3200000.0,26700000.0,98600000.0,,-1400000.0,,,,,,459900000.0,1360600000.0,22600000.0,,,7300000.0,,379200000.0,-29500000.0,-2800000.0,992400000.0,1360600000.0,314200000.0,1387300000.0,415400000.0,415400000.0,415400000.0
Invesco Ltd,IVZ,ECPGFXU8A2SHKVVGJI15,914208,2018.0,Q2YTD,2018-01-01,2018-06-30,,1.21,1.21,,1.21,,,140700000.0,,-7000000.0,-52700000.0,60100000.0,507100000.0,536500000.0,,499000000.0,8100000.0,45700000.0,198800000.0,-9700000.0,-1400000.0,-29400000.0,27200000.0,,,1355800000.0,890700000.0,1366000000.0,41100000.0,,,7300000.0,,764400000.0,-52700000.0,-7000000.0,2027100000.0,2712100000.0,650000000.0,2757800000.0,415400000.0,415400000.0,415400000.0
Invesco Ltd,IVZ,ECPGFXU8A2SHKVVGJI15,914208,2018.0,Q2TTM,2017-07-01,2018-06-30,,2.86,2.86,-0.57,2.86,47600000.0,,240600000.0,-955200000.0,20400000.0,42100000.0,128400000.0,1204300000.0,1246900000.0,,1174700000.0,29600000.0,-35700000.0,388900000.0,-9700000.0,-1400000.0,-90200000.0,-15500000.0,,-14000000.0,1324800000.0,-3355300000.0,1209100000.0,5600000.0,,-1254400000.0,-37400000.0,,1500300000.0,42100000.0,6400000.0,-1260100000.0,314600000.0,1503000000.0,278900000.0,415400000.0,415400000.0,415400000.0
Invesco Ltd,IVZ,ECPGFXU8A2SHKVVGJI15,914208,2018.0,Q1,2018-01-01,2018-03-31,2019-04-25 16:25:51+00:00,0.62,0.62,0.29,0.62,,,68400000.0,,4200000.0,-23200000.0,28000000.0,265200000.0,294600000.0,,253900000.0,11300000.0,19000000.0,100200000.0,-9700000.0,,-29400000.0,27200000.0,,,1355800000.0,502800000.0,5400000.0,18500000.0,,,,,385200000.0,-23200000.0,-4200000.0,1034700000.0,1351500000.0,335800000.0,1370500000.0,409500000.0,409500000.0,409500000.0
Invesco Ltd,IVZ,ECPGFXU8A2SHKVVGJI15,914208,2018.0,Q1TTM,2017-04-01,2018-03-31,,2.85,2.85,-0.28,2.85,24000000.0,,260900000.0,-955200000.0,17600000.0,71600000.0,125400000.0,1212000000.0,1245900000.0,,1169200000.0,42800000.0,-62400000.0,379300000.0,-9700000.0,,-57900000.0,-300000.0,,-8400000.0,1324800000.0,-3291400000.0,-151500000.0,-17000000.0,,,-44700000.0,,1487300000.0,71600000.0,9200000.0,-1316400000.0,208400000.0,1507100000.0,146000000.0,409500000.0,409500000.0,409500000.0
Invesco Ltd,IVZ,ECPGFXU8A2SHKVVGJI15,914208,2019.0,FY,2019-01-01,2019-12-31,2020-03-02 06:06:35+00:00,1.29,1.29,1.23,1.28,,,235100000.0,,28500000.0,135700000.0,135600000.0,737800000.0,737800000.0,,564700000.0,49500000.0,-107200000.0,494100000.0,,,,,,,,-3820200000.0,65700000.0,523200000.0,123600000.0,,-56400000.0,,1709300000.0,135700000.0,28500000.0,-958000000.0,65700000.0,972900000.0,-41500000.0,437800000.0,437800000.0,441200000.0
Invesco Ltd,IVZ,ECPGFXU8A2SHKVVGJI15,914208,2019.0,Q3YTD,2019-01-01,2019-09-30,,0.89,0.89,,0.89,,,154700000.0,,14500000.0,35100000.0,94600000.0,495200000.0,495200000.0,,384900000.0,45900000.0,-28400000.0,353300000.0,34800000.0,-24100000.0,,,,-7800000.0,1214600000.0,1690000000.0,3204900000.0,409500000.0,64400000.0,,12100000.0,,1249200000.0,35100000.0,6700000.0,3768200000.0,4454300000.0,649900000.0,4425900000.0,464200000.0,464200000.0,464200000.0
Invesco Ltd,IVZ,ECPGFXU8A2SHKVVGJI15,914208,2019.0,Q3TTM,2018-10-01,2019-09-30,,1.17,1.17,,1.17,,,207900000.0,,24800000.0,169700000.0,135900000.0,590000000.0,560600000.0,,499100000.0,26500000.0,-138700000.0,461300000.0,32700000.0,-22700000.0,29400000.0,-27200000.0,,6200000.0,5172900000.0,2263100000.0,451200000.0,470700000.0,64400000.0,,-29000000.0,,1598500000.0,169700000.0,31000000.0,4829100000.0,5656800000.0,795700000.0,5518100000.0,464200000.0,464200000.0,464200000.0
Invesco Ltd,IVZ,ECPGFXU8A2SHKVVGJI15,914208,2019.0,Q3,2019-07-01,2019-09-30,2019-10-23 16:08:08+00:00,0.36,0.36,,0.36,,,74000000.0,,5900000.0,35000000.0,33200000.0,242600000.0,242600000.0,,167100000.0,11100000.0,-29100000.0,131200000.0,19800000.0,,,,,,,649600000.0,1734400000.0,148500000.0,64400000.0,,,,446000000.0,35000000.0,5900000.0,1408500000.0,1754200000.0,316600000.0,1725100000.0,464200000.0,464200000.0,464200000.0
Invesco Ltd,IVZ,ECPGFXU8A2SHKVVGJI15,914208,2019.0,Q2,2019-04-01,2019-06-30,2019-07-25 16:28:20+00:00,0.09,0.09,,0.09,,,14500000.0,,3900000.0,-33000000.0,33400000.0,62000000.0,62000000.0,,40100000.0,21900000.0,29100000.0,114900000.0,,-24100000.0,,,,,,560200000.0,1439400000.0,253800000.0,,,12100000.0,,421900000.0,-33000000.0,-3900000.0,1384200000.0,1439400000.0,76500000.0,1468500000.0,445600000.0,445600000.0,445600000.0
Invesco Ltd,IVZ,ECPGFXU8A2SHKVVGJI15,914208,2019.0,Q2YTD,2019-01-01,2019-06-30,,0.53,0.53,,0.53,,,80700000.0,,8600000.0,100000.0,61400000.0,252600000.0,252600000.0,,217800000.0,34800000.0,700000.0,222100000.0,15000000.0,-24100000.0,,,,-7800000.0,1214600000.0,1040400000.0,1470500000.0,261000000.0,,,12100000.0,,803200000.0,100000.0,800000.0,2359700000.0,2700100000.0,333300000.0,2700800000.0,445600000.0,445600000.0,445600000.0
Invesco Ltd,IVZ,ECPGFXU8A2SHKVVGJI15,914208,2019.0,Q2TTM,2018-07-01,2019-06-30,,1.46,1.46,,1.46,,,195000000.0,,22900000.0,164300000.0,136100000.0,628600000.0,599200000.0,,601600000.0,27000000.0,-135200000.0,433800000.0,24700000.0,-22700000.0,29400000.0,-27200000.0,,6200000.0,5172900000.0,2082300000.0,64500000.0,327200000.0,,,-29000000.0,,1533200000.0,164300000.0,29100000.0,4412200000.0,5262100000.0,821400000.0,5126900000.0,445600000.0,445600000.0,445600000.0
Invesco Ltd,IVZ,ECPGFXU8A2SHKVVGJI15,914208,2019.0,Q1,2019-01-01,2019-03-31,2020-04-23 16:23:25+00:00,0.44,0.44,0.3,0.44,,,66200000.0,,4700000.0,33100000.0,28000000.0,190600000.0,190600000.0,,177700000.0,12900000.0,-28400000.0,107200000.0,15000000.0,,,,,,1214600000.0,451800000.0,31100000.0,7200000.0,0.0,,,,381300000.0,33100000.0,4700000.0,975500000.0,1260700000.0,256800000.0,1232300000.0,403900000.0,403900000.0,403900000.0
Invesco Ltd,IVZ,ECPGFXU8A2SHKVVGJI15,914208,2019.0,Q1TTM,2018-04-01,2019-03-31,,1.96,1.96,,1.96,,,252800000.0,,21800000.0,167800000.0,134800000.0,808500000.0,779100000.0,,806600000.0,1900000.0,-137600000.0,417500000.0,24700000.0,,29400000.0,-27200000.0,,8400000.0,5172900000.0,1881600000.0,-14300000.0,96000000.0,,,-33800000.0,,1490500000.0,167800000.0,30200000.0,4020400000.0,5183300000.0,1059100000.0,5045700000.0,403900000.0,403900000.0,403900000.0
Invesco Ltd,IVZ,ECPGFXU8A2SHKVVGJI15,914208,2020.0,Q1TTM,2019-04-01,2020-03-31,,1.03,1.03,,1.02,,,226300000.0,,30200000.0,138900000.0,140300000.0,667200000.0,667200000.0,,468500000.0,15900000.0,-108700000.0,517300000.0,1900000.0,,,,,,-1214600000.0,-3650600000.0,1527000000.0,611600000.0,182800000.0,,-56400000.0,,1749900000.0,138900000.0,30200000.0,-631500000.0,314300000.0,893500000.0,205600000.0,452800000.0,452800000.0,452800000.0
Invesco Ltd,IVZ,ECPGFXU8A2SHKVVGJI15,914208,2020.0,Q1,2020-01-01,2020-03-31,2020-04-23 16:23:25+00:00,0.18,0.18,0.31,0.18,,,57400000.0,,6400000.0,36300000.0,32700000.0,120000000.0,120000000.0,,81500000.0,-20700000.0,-29900000.0,130400000.0,16900000.0,,,,,,,621400000.0,1492400000.0,95600000.0,59200000.0,,,,421900000.0,36300000.0,6400000.0,1302000000.0,1509300000.0,177400000.0,1479400000.0,452800000.0,452800000.0,452800000.0
