company_name,company_ticker,company_lei,company_cik,year,quarter,start_date,end_date,filing_date,basicdilutedeps,basiceps,cashdividendspershare,depreciationexpense,dilutedeps,incometaxexpense,marketingexpense,netincome,netincomecontinuing,netincometocommon,netincometononcontrollinginterest,netoccupancyequipmentexpense,netrealizedcapitalgains,nonoperatingincome,otheradjustmentstonetincometocommon,othernoninterestincome,otheroperatingexpenses,otherservicechargeincome,otherspecialcharges,salariesandemployeebenefitsexpense,totalnoninterestexpense,totalnoninterestincome,totalpretaxincome,totalrevenue,weightedavebasicdilutedsharesos,weightedavebasicsharesos,weightedavedilutedsharesos
Visa Inc,V,549300JZ4OKEHW3DPJ59,1403161,2007.0,FY,2006-10-01,2007-09-30,2009-11-20 16:07:00+00:00,0.0,0.0,,126000000.0,0.0,-316000000.0,581000000.0,-1071000000.0,-1071000000.0,-1076000000.0,5000000.0,249000000.0,,62000000.0,,1365000000.0,709000000.0,2225000000.0,2653000000.0,721000000.0,5039000000.0,3590000000.0,-1387000000.0,3590000000.0,,0.0,0.0
Visa Inc,V,549300JZ4OKEHW3DPJ59,1403161,2008.0,FY,2007-10-01,2008-09-30,2010-11-19 16:10:39+00:00,0.79,0.96,0.21,237000000.0,0.96,532000000.0,1016000000.0,804000000.0,804000000.0,1092000000.0,,339000000.0,,104000000.0,-288000000.0,2633000000.0,655000000.0,3630000000.0,1470000000.0,1314000000.0,5031000000.0,6263000000.0,1336000000.0,6263000000.0,2764600000.0,258000000.0,789000000.0
Visa Inc,V,549300JZ4OKEHW3DPJ59,1403161,2008.0,Q3,2008-04-01,2008-06-30,2009-07-30 17:05:49+00:00,0.12,2.01,,57000000.0,2.01,292000000.0,271000000.0,422000000.0,422000000.0,422000000.0,0.0,84000000.0,,66000000.0,,714000000.0,193000000.0,899000000.0,50000000.0,310000000.0,965000000.0,1613000000.0,714000000.0,1613000000.0,3516700000.0,925000000.0,1254000000.0
Visa Inc,V,549300JZ4OKEHW3DPJ59,1403161,2009.0,FY,2008-10-01,2009-09-30,2011-11-17 19:39:34+00:00,3.1,3.1,0.105,226000000.0,3.1,1648000000.0,918000000.0,2352000000.0,2352000000.0,2364000000.0,-1000000.0,393000000.0,,462000000.0,,3112000000.0,606000000.0,3799000000.0,2000000.0,1228000000.0,3373000000.0,6911000000.0,4000000000.0,6911000000.0,762600000.0,451000000.0,759000000.0
Visa Inc,V,549300JZ4OKEHW3DPJ59,1403161,2009.0,Q3YTD,2008-10-01,2009-06-30,,1.68,1.68,,165000000.0,1.67,1299000000.0,635000000.0,1838000000.0,1838000000.0,2568000000.0,-1000000.0,282000000.0,,468000000.0,-729000000.0,2204000000.0,407000000.0,2828000000.0,1000000.0,873000000.0,2363000000.0,5032000000.0,3137000000.0,5032000000.0,1503100000.0,448000000.0,757000000.0
Visa Inc,V,549300JZ4OKEHW3DPJ59,1403161,2009.0,Q3,2009-04-01,2009-06-30,2010-07-30 19:14:09+00:00,0.97,0.97,,57000000.0,0.96,568000000.0,229000000.0,729000000.0,729000000.0,1458000000.0,,97000000.0,,475000000.0,-729000000.0,719000000.0,158000000.0,927000000.0,1000000.0,282000000.0,824000000.0,1646000000.0,1297000000.0,1646000000.0,1503100000.0,448000000.0,757000000.0
Visa Inc,V,549300JZ4OKEHW3DPJ59,1403161,2009.0,Q2YTD,2008-10-01,2009-03-31,,0.71,0.71,,108000000.0,0.71,731000000.0,406000000.0,1109000000.0,1109000000.0,1110000000.0,-1000000.0,185000000.0,,-7000000.0,,1485000000.0,249000000.0,1901000000.0,,591000000.0,1539000000.0,3386000000.0,1840000000.0,3386000000.0,754900000.0,447000000.0,756000000.0
Visa Inc,V,549300JZ4OKEHW3DPJ59,1403161,2009.0,Q2,2009-01-01,2009-03-31,2010-04-30 21:17:07+00:00,0.71,0.71,,56000000.0,0.71,352000000.0,196000000.0,535000000.0,535000000.0,536000000.0,-1000000.0,92000000.0,,6000000.0,,695000000.0,130000000.0,952000000.0,,292000000.0,766000000.0,1647000000.0,887000000.0,1647000000.0,754900000.0,447000000.0,756000000.0
Visa Inc,V,549300JZ4OKEHW3DPJ59,1403161,2009.0,Q1,2008-10-01,2008-12-31,2010-02-03 16:32:45+00:00,,,,52000000.0,,379000000.0,210000000.0,574000000.0,574000000.0,574000000.0,0.0,93000000.0,,-13000000.0,,790000000.0,119000000.0,949000000.0,0.0,299000000.0,773000000.0,1739000000.0,953000000.0,1739000000.0,,,
Visa Inc,V,549300JZ4OKEHW3DPJ59,1403161,2010.0,FY,2009-10-01,2010-09-30,2012-11-15 20:15:57+00:00,2.31,4.03,0.125,265000000.0,4.01,1674000000.0,964000000.0,2964000000.0,2964000000.0,2975000000.0,-2000000.0,425000000.0,,49000000.0,,3855000000.0,600000000.0,4210000000.0,,1222000000.0,3476000000.0,8065000000.0,4638000000.0,8065000000.0,1287900000.0,482000000.0,739000000.0
Visa Inc,V,549300JZ4OKEHW3DPJ59,1403161,2010.0,Q3YTD,2009-10-01,2010-06-30,,1.94,1.94,,187000000.0,1.93,1252000000.0,731000000.0,2191000000.0,2191000000.0,2194000000.0,-1000000.0,306000000.0,,-33000000.0,,2817000000.0,420000000.0,3131000000.0,-41000000.0,869000000.0,2472000000.0,5948000000.0,3443000000.0,5948000000.0,738100000.0,738100000.0,738100000.0
Visa Inc,V,549300JZ4OKEHW3DPJ59,1403161,2010.0,Q3,2010-04-01,2010-06-30,2011-07-29 11:46:15+00:00,0.97,0.97,,63000000.0,0.97,406000000.0,277000000.0,716000000.0,716000000.0,716000000.0,,103000000.0,,-15000000.0,,973000000.0,164000000.0,1056000000.0,,285000000.0,892000000.0,2029000000.0,1122000000.0,2029000000.0,738100000.0,738100000.0,738100000.0
Visa Inc,V,549300JZ4OKEHW3DPJ59,1403161,2010.0,Q2YTD,2009-10-01,2010-03-31,,0.97,0.97,,124000000.0,0.96,846000000.0,454000000.0,1475000000.0,1475000000.0,1478000000.0,-1000000.0,203000000.0,,-18000000.0,,1844000000.0,256000000.0,2075000000.0,-41000000.0,584000000.0,1580000000.0,3919000000.0,2321000000.0,3919000000.0,737100000.0,472000000.0,742000000.0
Visa Inc,V,549300JZ4OKEHW3DPJ59,1403161,2010.0,Q2TTM,2009-04-01,2010-03-31,,3.36,3.36,0.11,242000000.0,3.35,1763000000.0,966000000.0,2718000000.0,2718000000.0,2732000000.0,-1000000.0,411000000.0,,451000000.0,,3471000000.0,613000000.0,3973000000.0,-39000000.0,1221000000.0,3414000000.0,7444000000.0,4481000000.0,7444000000.0,737100000.0,472000000.0,742000000.0
Visa Inc,V,549300JZ4OKEHW3DPJ59,1403161,2010.0,Q2,2010-01-01,2010-03-31,2011-05-05 16:31:33+00:00,0.97,0.97,,62000000.0,0.96,401000000.0,238000000.0,712000000.0,712000000.0,715000000.0,-1000000.0,98000000.0,,-9000000.0,,901000000.0,127000000.0,1058000000.0,2000000.0,310000000.0,837000000.0,1959000000.0,1113000000.0,1959000000.0,737100000.0,472000000.0,742000000.0
Visa Inc,V,549300JZ4OKEHW3DPJ59,1403161,2010.0,Q1,2009-10-01,2009-12-31,2011-02-02 16:18:08+00:00,,,,62000000.0,,445000000.0,216000000.0,763000000.0,763000000.0,763000000.0,,105000000.0,,-9000000.0,,943000000.0,129000000.0,1017000000.0,-43000000.0,274000000.0,743000000.0,1960000000.0,1208000000.0,1960000000.0,,,
Visa Inc,V,549300JZ4OKEHW3DPJ59,1403161,2010.0,Q1TTM,2009-01-01,2009-12-31,,3.1,3.1,0.11,236000000.0,3.1,1714000000.0,924000000.0,2541000000.0,2541000000.0,2553000000.0,-1000000.0,405000000.0,,466000000.0,,3265000000.0,616000000.0,3867000000.0,-41000000.0,1203000000.0,3343000000.0,7132000000.0,4255000000.0,7132000000.0,,,
Visa Inc,V,549300JZ4OKEHW3DPJ59,1403161,2011.0,FY,2010-10-01,2011-09-30,2013-11-21 19:53:37+00:00,2.59,5.18,0.15,288000000.0,5.16,2010000000.0,870000000.0,3646000000.0,3646000000.0,3662000000.0,-4000000.0,357000000.0,,200000000.0,,4272000000.0,758000000.0,4916000000.0,,1459000000.0,3732000000.0,9188000000.0,5656000000.0,9188000000.0,1413900000.0,509000000.0,707000000.0
Visa Inc,V,549300JZ4OKEHW3DPJ59,1403161,2011.0,Q4,2011-07-01,2011-09-30,,-0.08,2.51,0.15,77000000.0,2.5,476000000.0,239000000.0,878000000.0,878000000.0,886000000.0,-2000000.0,106000000.0,-10000000.0,2000000.0,-6000000.0,-501000000.0,5041000000.0,1276000000.0,-6000000.0,388000000.0,2629000000.0,765000000.0,1354000000.0,765000000.0,1413900000.0,509000000.0,707000000.0
Visa Inc,V,549300JZ4OKEHW3DPJ59,1403161,2011.0,Q3YTD,2010-10-01,2011-06-30,,2.67,2.67,,211000000.0,2.66,1534000000.0,631000000.0,2768000000.0,2768000000.0,2776000000.0,-2000000.0,251000000.0,10000000.0,198000000.0,,4773000000.0,-4283000000.0,3640000000.0,6000000.0,1071000000.0,1103000000.0,8423000000.0,4302000000.0,8423000000.0,704900000.0,521000000.0,704000000.0
Visa Inc,V,549300JZ4OKEHW3DPJ59,1403161,2011.0,Q3TTM,2010-07-01,2011-06-30,,3.04,4.76,0.13,289000000.0,4.74,1956000000.0,864000000.0,3541000000.0,3541000000.0,3557000000.0,-3000000.0,370000000.0,10000000.0,280000000.0,,5811000000.0,-4103000000.0,4719000000.0,47000000.0,1424000000.0,2107000000.0,10540000000.0,5497000000.0,10540000000.0,704900000.0,521000000.0,704000000.0
Visa Inc,V,549300JZ4OKEHW3DPJ59,1403161,2011.0,Q3,2011-04-01,2011-06-30,2012-07-27 16:09:17+00:00,1.43,1.43,,74000000.0,1.43,539000000.0,251000000.0,1004000000.0,1004000000.0,1008000000.0,-1000000.0,91000000.0,,198000000.0,,1100000000.0,198000000.0,1222000000.0,,363000000.0,977000000.0,2322000000.0,1543000000.0,2322000000.0,704900000.0,521000000.0,704000000.0
Visa Inc,V,549300JZ4OKEHW3DPJ59,1403161,2011.0,Q2YTD,2010-10-01,2011-03-31,,1.24,1.24,,137000000.0,1.23,995000000.0,380000000.0,1764000000.0,1764000000.0,1768000000.0,-1000000.0,160000000.0,10000000.0,,,3673000000.0,-4481000000.0,2418000000.0,6000000.0,708000000.0,126000000.0,6101000000.0,2759000000.0,6101000000.0,712900000.0,505000000.0,714000000.0
Visa Inc,V,549300JZ4OKEHW3DPJ59,1403161,2011.0,Q2TTM,2010-04-01,2011-03-31,,2.58,4.3,0.13,278000000.0,4.28,1823000000.0,890000000.0,3253000000.0,3253000000.0,3265000000.0,-2000000.0,382000000.0,10000000.0,67000000.0,,5684000000.0,-4137000000.0,4553000000.0,47000000.0,1346000000.0,2022000000.0,10247000000.0,5076000000.0,10247000000.0,712900000.0,505000000.0,714000000.0
Visa Inc,V,549300JZ4OKEHW3DPJ59,1403161,2011.0,Q2,2011-01-01,2011-03-31,2012-05-02 16:44:29+00:00,1.24,1.24,,70000000.0,1.23,497000000.0,183000000.0,880000000.0,880000000.0,884000000.0,-1000000.0,80000000.0,,-6000000.0,,996000000.0,172000000.0,1249000000.0,6000000.0,351000000.0,862000000.0,2245000000.0,1377000000.0,2245000000.0,712900000.0,505000000.0,714000000.0
Visa Inc,V,549300JZ4OKEHW3DPJ59,1403161,2011.0,Q1,2010-10-01,2010-12-31,2011-02-02 16:18:08+00:00,,,,67000000.0,,498000000.0,197000000.0,884000000.0,884000000.0,884000000.0,,80000000.0,10000000.0,6000000.0,,2677000000.0,-1437000000.0,1169000000.0,,357000000.0,-736000000.0,3856000000.0,1382000000.0,3856000000.0,,,
Visa Inc,V,549300JZ4OKEHW3DPJ59,1403161,2011.0,Q1TTM,2010-01-01,2010-12-31,,2.31,4.03,0.13,270000000.0,4.01,1727000000.0,945000000.0,3085000000.0,3085000000.0,3096000000.0,-2000000.0,400000000.0,10000000.0,64000000.0,,5589000000.0,-4182000000.0,4362000000.0,43000000.0,1305000000.0,1997000000.0,9961000000.0,4812000000.0,9961000000.0,,,
Visa Inc,V,549300JZ4OKEHW3DPJ59,1403161,2012.0,FY,2011-10-01,2012-09-30,2014-11-20 18:57:50+00:00,1.4,3.17,0.22,333000000.0,3.16,65000000.0,873000000.0,2142000000.0,2142000000.0,2151000000.0,-2000000.0,414000000.0,,68000000.0,,4845000000.0,4936000000.0,5576000000.0,,1726000000.0,8282000000.0,10421000000.0,2207000000.0,10421000000.0,1536400000.0,524000000.0,678000000.0
Visa Inc,V,549300JZ4OKEHW3DPJ59,1403161,2012.0,Q4,2012-07-01,2012-09-30,,3.19,3.19,0.28,89000000.0,3.19,-74000000.0,271000000.0,1662000000.0,1662000000.0,1669000000.0,,111000000.0,,66000000.0,,1295000000.0,267000000.0,1436000000.0,,471000000.0,1209000000.0,2731000000.0,1588000000.0,2731000000.0,1536400000.0,524000000.0,678000000.0
Visa Inc,V,549300JZ4OKEHW3DPJ59,1403161,2012.0,Q3,2012-04-01,2012-06-30,2013-07-24 16:25:21+00:00,-1.16,-2.74,,84000000.0,-2.74,-768000000.0,242000000.0,-1839000000.0,-1839000000.0,-1839000000.0,0.0,102000000.0,,0.0,,1174000000.0,4309000000.0,1391000000.0,,435000000.0,5172000000.0,2565000000.0,-2607000000.0,2565000000.0,1585300000.0,525000000.0,672000000.0
Visa Inc,V,549300JZ4OKEHW3DPJ59,1403161,2012.0,Q3YTD,2011-10-01,2012-06-30,,0.92,0.92,0.85,244000000.0,0.92,139000000.0,602000000.0,480000000.0,480000000.0,482000000.0,-2000000.0,303000000.0,,2000000.0,,3550000000.0,4669000000.0,4140000000.0,,1255000000.0,7073000000.0,7690000000.0,619000000.0,7690000000.0,1585300000.0,525000000.0,672000000.0
Visa Inc,V,549300JZ4OKEHW3DPJ59,1403161,2012.0,Q3TTM,2011-07-01,2012-06-30,,2.61,2.61,1.05,321000000.0,2.61,615000000.0,841000000.0,1358000000.0,1358000000.0,1368000000.0,-4000000.0,409000000.0,-10000000.0,4000000.0,,3049000000.0,9710000000.0,5416000000.0,-6000000.0,1643000000.0,9702000000.0,8455000000.0,1973000000.0,8455000000.0,1585300000.0,525000000.0,672000000.0
Visa Inc,V,549300JZ4OKEHW3DPJ59,1403161,2012.0,Q2,2012-01-01,2012-03-31,2013-05-01 16:24:48+00:00,0.82,1.92,,80000000.0,1.91,317000000.0,170000000.0,1292000000.0,1292000000.0,1292000000.0,0.0,103000000.0,,3000000.0,,1158000000.0,188000000.0,1420000000.0,,431000000.0,972000000.0,2578000000.0,1609000000.0,2578000000.0,1575600000.0,524000000.0,676000000.0
Visa Inc,V,549300JZ4OKEHW3DPJ59,1403161,2012.0,Q2YTD,2011-10-01,2012-03-31,,4.43,4.43,0.57,160000000.0,4.43,907000000.0,360000000.0,2319000000.0,2319000000.0,2321000000.0,-2000000.0,201000000.0,,2000000.0,,2376000000.0,360000000.0,2749000000.0,,820000000.0,1901000000.0,5125000000.0,3226000000.0,5125000000.0,1575600000.0,524000000.0,676000000.0
Visa Inc,V,549300JZ4OKEHW3DPJ59,1403161,2012.0,Q2TTM,2011-04-01,2012-03-31,,8.04,8.04,0.97,311000000.0,8.04,1922000000.0,850000000.0,4201000000.0,4201000000.0,4215000000.0,-5000000.0,398000000.0,-10000000.0,202000000.0,,2975000000.0,5599000000.0,5247000000.0,-6000000.0,1571000000.0,5507000000.0,8212000000.0,6123000000.0,8212000000.0,1575600000.0,524000000.0,676000000.0
Visa Inc,V,549300JZ4OKEHW3DPJ59,1403161,2012.0,Q1TTM,2011-01-01,2011-12-31,,3.32,6.68,0.15,301000000.0,6.65,2102000000.0,863000000.0,3789000000.0,3789000000.0,3807000000.0,-6000000.0,375000000.0,-10000000.0,193000000.0,,2813000000.0,5583000000.0,5076000000.0,,1491000000.0,5397000000.0,7879000000.0,5891000000.0,7879000000.0,1409600000.0,520000000.0,690000000.0
Visa Inc,V,549300JZ4OKEHW3DPJ59,1403161,2012.0,Q1,2011-10-01,2011-12-31,2013-02-06 16:17:56+00:00,0.73,1.5,,80000000.0,1.49,590000000.0,190000000.0,1027000000.0,1027000000.0,1029000000.0,-2000000.0,98000000.0,,-1000000.0,,1218000000.0,172000000.0,1329000000.0,,389000000.0,929000000.0,2547000000.0,1617000000.0,2547000000.0,1409600000.0,520000000.0,690000000.0
Visa Inc,V,549300JZ4OKEHW3DPJ59,1403161,2013.0,FY,2012-10-01,2013-09-30,2015-11-19 18:24:51+00:00,1.9,1.9,,397000000.0,1.9,2277000000.0,876000000.0,4980000000.0,4980000000.0,4980000000.0,,468000000.0,,,,5710000000.0,866000000.0,6068000000.0,,1932000000.0,4539000000.0,11778000000.0,7257000000.0,11778000000.0,2621100000.0,2080000000.0,2624000000.0
Visa Inc,V,549300JZ4OKEHW3DPJ59,1403161,2013.0,Q3YTD,2012-10-01,2013-06-30,,7.36,7.36,1.27,291000000.0,7.36,1703000000.0,640000000.0,3788000000.0,3788000000.0,3788000000.0,,346000000.0,,3000000.0,,4305000000.0,607000000.0,4500000000.0,,1433000000.0,3317000000.0,8805000000.0,5491000000.0,8805000000.0,1550600000.0,515000000.0,651000000.0
Visa Inc,V,549300JZ4OKEHW3DPJ59,1403161,2013.0,Q3TTM,2012-07-01,2013-06-30,,10.6,10.6,1.55,380000000.0,10.6,1629000000.0,911000000.0,5450000000.0,5450000000.0,5457000000.0,,457000000.0,,69000000.0,,5600000000.0,874000000.0,5936000000.0,,1904000000.0,4526000000.0,11536000000.0,7079000000.0,11536000000.0,1550600000.0,515000000.0,651000000.0
Visa Inc,V,549300JZ4OKEHW3DPJ59,1403161,2013.0,Q3,2013-04-01,2013-06-30,2014-07-24 16:22:20+00:00,0.79,1.89,,101000000.0,1.88,608000000.0,252000000.0,1225000000.0,1225000000.0,1225000000.0,,117000000.0,,5000000.0,,1524000000.0,210000000.0,1477000000.0,,493000000.0,1173000000.0,3001000000.0,1833000000.0,3001000000.0,1550600000.0,515000000.0,651000000.0
Visa Inc,V,549300JZ4OKEHW3DPJ59,1403161,2013.0,Q2YTD,2012-10-01,2013-03-31,,4.89,4.89,0.83,190000000.0,4.89,1095000000.0,388000000.0,2563000000.0,2563000000.0,2563000000.0,,229000000.0,,-2000000.0,,2781000000.0,397000000.0,3023000000.0,,940000000.0,2144000000.0,5804000000.0,3658000000.0,5804000000.0,1567900000.0,524000000.0,660000000.0
Visa Inc,V,549300JZ4OKEHW3DPJ59,1403161,2013.0,Q2TTM,2012-04-01,2013-03-31,,4.57,4.57,1.4,363000000.0,4.57,253000000.0,901000000.0,2386000000.0,2386000000.0,2393000000.0,,442000000.0,,64000000.0,,5250000000.0,4973000000.0,5850000000.0,,1846000000.0,8525000000.0,11100000000.0,2639000000.0,11100000000.0,1567900000.0,524000000.0,660000000.0
Visa Inc,V,549300JZ4OKEHW3DPJ59,1403161,2013.0,Q2,2013-01-01,2013-03-31,2014-04-24 16:20:41+00:00,0.81,1.93,,98000000.0,1.92,587000000.0,195000000.0,1270000000.0,1270000000.0,1270000000.0,,119000000.0,,-3000000.0,,1414000000.0,200000000.0,1544000000.0,,486000000.0,1098000000.0,2958000000.0,1857000000.0,2958000000.0,1567900000.0,524000000.0,660000000.0
Visa Inc,V,549300JZ4OKEHW3DPJ59,1403161,2013.0,Q1TTM,2012-01-01,2012-12-31,,3.0,3.0,0.82,345000000.0,3.0,-17000000.0,876000000.0,2408000000.0,2408000000.0,2415000000.0,,426000000.0,,70000000.0,,4994000000.0,4961000000.0,5726000000.0,,1791000000.0,8399000000.0,10720000000.0,2391000000.0,10720000000.0,1576800000.0,806000000.0,944000000.0
Visa Inc,V,549300JZ4OKEHW3DPJ59,1403161,2013.0,Q1,2012-10-01,2012-12-31,2014-01-30 07:21:45+00:00,0.82,4.7,,92000000.0,4.67,508000000.0,193000000.0,1293000000.0,1293000000.0,1293000000.0,,110000000.0,,1000000.0,,1367000000.0,197000000.0,1479000000.0,,454000000.0,1046000000.0,2846000000.0,1801000000.0,2846000000.0,1576800000.0,806000000.0,944000000.0
Visa Inc,V,549300JZ4OKEHW3DPJ59,1403161,2014.0,FY,2013-10-01,2014-09-30,2015-11-19 18:24:51+00:00,,14.44,,435000000.0,14.4,2286000000.0,900000000.0,5438000000.0,5438000000.0,5438000000.0,,507000000.0,,,,18837000000.0,-11387000000.0,6567000000.0,,1875000000.0,-7670000000.0,25404000000.0,7724000000.0,25404000000.0,,376600000.0,377600000.0
Visa Inc,V,549300JZ4OKEHW3DPJ59,1403161,2014.0,Q3YTD,2013-10-01,2014-06-30,,2.2,2.2,0.38,323000000.0,2.2,1809000000.0,659000000.0,4365000000.0,4365000000.0,4365000000.0,,379000000.0,,29000000.0,,4617000000.0,588000000.0,4856000000.0,,1379000000.0,3328000000.0,9473000000.0,6174000000.0,9473000000.0,626700000.0,1982000000.0,2511000000.0
Visa Inc,V,549300JZ4OKEHW3DPJ59,1403161,2014.0,Q3TTM,2013-07-01,2014-06-30,,2.8,2.8,0.49,429000000.0,2.8,2383000000.0,895000000.0,5557000000.0,5557000000.0,5557000000.0,,501000000.0,,26000000.0,,6022000000.0,847000000.0,6424000000.0,,1878000000.0,4550000000.0,12446000000.0,7940000000.0,12446000000.0,626700000.0,1982000000.0,2511000000.0
Visa Inc,V,549300JZ4OKEHW3DPJ59,1403161,2014.0,Q3,2014-04-01,2014-06-30,2015-07-23 16:21:36+00:00,2.17,0.54,,109000000.0,0.54,670000000.0,228000000.0,1360000000.0,1360000000.0,1360000000.0,,127000000.0,,10000000.0,,1543000000.0,208000000.0,1612000000.0,,463000000.0,1135000000.0,3155000000.0,2030000000.0,3155000000.0,626700000.0,1982000000.0,2511000000.0
Visa Inc,V,549300JZ4OKEHW3DPJ59,1403161,2014.0,Q2YTD,2013-10-01,2014-03-31,,1.5,1.5,0.25,214000000.0,1.5,1139000000.0,431000000.0,3005000000.0,3005000000.0,3005000000.0,,252000000.0,,19000000.0,,3074000000.0,380000000.0,3244000000.0,,916000000.0,2193000000.0,6318000000.0,4144000000.0,6318000000.0,631600000.0,2003000000.0,2534000000.0
Visa Inc,V,549300JZ4OKEHW3DPJ59,1403161,2014.0,Q2TTM,2013-04-01,2014-03-31,,2.71,2.71,0.47,421000000.0,2.71,2321000000.0,919000000.0,5422000000.0,5422000000.0,5422000000.0,,491000000.0,,21000000.0,,6003000000.0,849000000.0,6289000000.0,,1908000000.0,4588000000.0,12292000000.0,7743000000.0,12292000000.0,631600000.0,2003000000.0,2534000000.0
Visa Inc,V,549300JZ4OKEHW3DPJ59,1403161,2014.0,Q2,2014-01-01,2014-03-31,2015-04-30 16:25:20+00:00,2.53,0.63,,107000000.0,0.63,463000000.0,245000000.0,1598000000.0,1598000000.0,1598000000.0,,120000000.0,,13000000.0,,1518000000.0,197000000.0,1645000000.0,,446000000.0,1115000000.0,3163000000.0,2061000000.0,3163000000.0,631600000.0,2003000000.0,2534000000.0
Visa Inc,V,549300JZ4OKEHW3DPJ59,1403161,2014.0,Q1,2013-10-01,2013-12-31,2015-01-29 16:17:49+00:00,2.21,2.21,,107000000.0,2.2,676000000.0,186000000.0,1407000000.0,1407000000.0,1407000000.0,,132000000.0,,6000000.0,,1556000000.0,183000000.0,1599000000.0,,470000000.0,1078000000.0,3155000000.0,2083000000.0,3155000000.0,636700000.0,505000000.0,639000000.0
Visa Inc,V,549300JZ4OKEHW3DPJ59,1403161,2014.0,Q1TTM,2013-01-01,2013-12-31,,10.09,10.09,1.78,412000000.0,10.09,2445000000.0,869000000.0,5094000000.0,5094000000.0,5094000000.0,,490000000.0,,5000000.0,,5899000000.0,852000000.0,6188000000.0,,1948000000.0,4571000000.0,12087000000.0,7539000000.0,12087000000.0,636700000.0,505000000.0,639000000.0
Visa Inc,V,549300JZ4OKEHW3DPJ59,1403161,2015.0,FY,2014-10-01,2015-09-30,2016-11-15 16:44:02+00:00,,2.58,,494000000.0,2.58,2667000000.0,872000000.0,6328000000.0,6328000000.0,6328000000.0,,474000000.0,,-69000000.0,,6755000000.0,897000000.0,7125000000.0,,2079000000.0,4816000000.0,13880000000.0,8995000000.0,13880000000.0,,1954000000.0,2457000000.0
Visa Inc,V,549300JZ4OKEHW3DPJ59,1403161,2015.0,Q4,2015-07-01,2015-09-30,,0.77,0.77,0.15,119000000.0,0.77,771000000.0,253000000.0,1512000000.0,1512000000.0,1512000000.0,,134000000.0,,24000000.0,,-1664000000.0,10335000000.0,1853000000.0,,521000000.0,4646000000.0,189000000.0,2283000000.0,189000000.0,,1954000000.0,2457000000.0
Visa Inc,V,549300JZ4OKEHW3DPJ59,1403161,2015.0,Q3,2015-04-01,2015-06-30,2016-07-25 16:14:07+00:00,,0.69,,130000000.0,0.69,471000000.0,224000000.0,1697000000.0,1697000000.0,1697000000.0,,117000000.0,,-94000000.0,,1769000000.0,219000000.0,1749000000.0,,566000000.0,1256000000.0,3518000000.0,2168000000.0,3518000000.0,,1955000000.0,2448000000.0
Visa Inc,V,549300JZ4OKEHW3DPJ59,1403161,2015.0,Q3YTD,2014-10-01,2015-06-30,,2.46,2.46,0.45,375000000.0,2.46,1896000000.0,619000000.0,4816000000.0,4816000000.0,4816000000.0,,340000000.0,,-93000000.0,,8419000000.0,-9438000000.0,5272000000.0,,1558000000.0,170000000.0,13691000000.0,6712000000.0,13691000000.0,,1955000000.0,2448000000.0
Visa Inc,V,549300JZ4OKEHW3DPJ59,1403161,2015.0,Q3TTM,2014-07-01,2015-06-30,,3.01,3.01,0.58,487000000.0,3.01,2373000000.0,860000000.0,5889000000.0,5889000000.0,5889000000.0,,468000000.0,,-122000000.0,,22639000000.0,-46763000000.0,6983000000.0,,2054000000.0,-10828000000.0,29622000000.0,8262000000.0,29622000000.0,,1955000000.0,2448000000.0
Visa Inc,V,549300JZ4OKEHW3DPJ59,1403161,2015.0,Q2,2015-01-01,2015-03-31,2016-04-25 16:19:11+00:00,,0.63,,125000000.0,0.63,732000000.0,190000000.0,1550000000.0,1550000000.0,1550000000.0,,109000000.0,,1000000.0,,1628000000.0,221000000.0,1781000000.0,,483000000.0,1128000000.0,3409000000.0,2282000000.0,3409000000.0,,1963000000.0,2460000000.0
Visa Inc,V,549300JZ4OKEHW3DPJ59,1403161,2015.0,Q2YTD,2014-10-01,2015-03-31,,1.59,1.59,0.3,245000000.0,1.59,1425000000.0,395000000.0,3119000000.0,3119000000.0,3119000000.0,,223000000.0,,1000000.0,,6650000000.0,-9657000000.0,3523000000.0,,992000000.0,-1086000000.0,10173000000.0,4544000000.0,10173000000.0,,1963000000.0,2460000000.0
Visa Inc,V,549300JZ4OKEHW3DPJ59,1403161,2015.0,Q2TTM,2014-04-01,2015-03-31,,2.83,2.83,0.56,466000000.0,2.83,2572000000.0,864000000.0,5552000000.0,5552000000.0,5552000000.0,,478000000.0,,-18000000.0,,22413000000.0,-46774000000.0,6846000000.0,,1951000000.0,-10949000000.0,29259000000.0,8124000000.0,29259000000.0,,1963000000.0,2460000000.0
Visa Inc,V,549300JZ4OKEHW3DPJ59,1403161,2015.0,Q1,2014-10-01,2014-12-31,2015-01-29 16:17:49+00:00,,2.54,,120000000.0,2.53,693000000.0,205000000.0,1569000000.0,1569000000.0,1569000000.0,,114000000.0,,,,5022000000.0,-3162000000.0,1742000000.0,,509000000.0,-2214000000.0,6764000000.0,2262000000.0,6764000000.0,,494000000.0,619000000.0
Visa Inc,V,549300JZ4OKEHW3DPJ59,1403161,2015.0,Q1TTM,2014-01-01,2014-12-31,,11.34,11.34,2.12,448000000.0,11.34,2303000000.0,919000000.0,5600000000.0,5600000000.0,5600000000.0,,489000000.0,,-6000000.0,,22303000000.0,-46798000000.0,6710000000.0,,1914000000.0,-10962000000.0,29013000000.0,7903000000.0,29013000000.0,,494000000.0,619000000.0
Visa Inc,V,549300JZ4OKEHW3DPJ59,1403161,2016.0,FY,2015-10-01,2016-09-30,2018-11-16 16:10:27+00:00,,2.49,,502000000.0,2.48,2021000000.0,869000000.0,5991000000.0,5991000000.0,5991000000.0,,538000000.0,,129000000.0,,8335000000.0,3064000000.0,6747000000.0,,2226000000.0,7199000000.0,15082000000.0,8012000000.0,15082000000.0,,1906000000.0,2414000000.0
Visa Inc,V,549300JZ4OKEHW3DPJ59,1403161,2016.0,Q4,2016-07-01,2016-09-30,,1.01,1.01,0.18,141000000.0,1.01,579000000.0,300000000.0,1931000000.0,1931000000.0,1931000000.0,,161000000.0,,-115000000.0,,3098000000.0,344000000.0,1163000000.0,,690000000.0,1636000000.0,4261000000.0,2510000000.0,4261000000.0,,1906000000.0,2414000000.0
Visa Inc,V,549300JZ4OKEHW3DPJ59,1403161,2016.0,Q3,2016-04-01,2016-06-30,2017-07-20 16:12:42+00:00,0.17,0.17,,120000000.0,0.17,10000000.0,189000000.0,412000000.0,412000000.0,412000000.0,,123000000.0,,-6000000.0,,1786000000.0,2261000000.0,1844000000.0,,509000000.0,3202000000.0,3630000000.0,422000000.0,3630000000.0,2423500000.0,1899000000.0,2386000000.0
Visa Inc,V,549300JZ4OKEHW3DPJ59,1403161,2016.0,Q3YTD,2015-10-01,2016-06-30,,2.14,2.14,0.53,361000000.0,2.14,1442000000.0,569000000.0,4060000000.0,4060000000.0,4060000000.0,,377000000.0,,244000000.0,,5237000000.0,2720000000.0,5584000000.0,,1536000000.0,5563000000.0,10821000000.0,5502000000.0,10821000000.0,2423500000.0,1899000000.0,2386000000.0
Visa Inc,V,549300JZ4OKEHW3DPJ59,1403161,2016.0,Q3TTM,2015-07-01,2016-06-30,,2.93,2.93,0.69,480000000.0,2.93,2213000000.0,822000000.0,5572000000.0,5572000000.0,5572000000.0,,511000000.0,,268000000.0,,3573000000.0,13055000000.0,7437000000.0,,2057000000.0,10209000000.0,11010000000.0,7785000000.0,11010000000.0,2423500000.0,1899000000.0,2386000000.0
Visa Inc,V,549300JZ4OKEHW3DPJ59,1403161,2016.0,Q2,2016-01-01,2016-03-31,2017-04-21 08:25:29+00:00,,0.71,,121000000.0,0.71,734000000.0,186000000.0,1707000000.0,1707000000.0,1707000000.0,,126000000.0,,7000000.0,,1729000000.0,231000000.0,1897000000.0,,528000000.0,1192000000.0,3626000000.0,2441000000.0,3626000000.0,,1909000000.0,2401000000.0
Visa Inc,V,549300JZ4OKEHW3DPJ59,1403161,2016.0,Q2YTD,2015-10-01,2016-03-31,,1.91,1.91,0.35,241000000.0,1.91,1432000000.0,380000000.0,3648000000.0,3648000000.0,3648000000.0,,254000000.0,,250000000.0,,3451000000.0,459000000.0,3740000000.0,,1027000000.0,2361000000.0,7191000000.0,5080000000.0,7191000000.0,,1909000000.0,2401000000.0
Visa Inc,V,549300JZ4OKEHW3DPJ59,1403161,2016.0,Q2TTM,2015-04-01,2016-03-31,,3.59,3.59,0.66,490000000.0,3.59,2674000000.0,857000000.0,6857000000.0,6857000000.0,6857000000.0,,505000000.0,,180000000.0,,3556000000.0,11013000000.0,7342000000.0,,2114000000.0,8263000000.0,10898000000.0,9531000000.0,10898000000.0,,1909000000.0,2401000000.0
Visa Inc,V,549300JZ4OKEHW3DPJ59,1403161,2016.0,Q1,2015-10-01,2015-12-31,2016-01-28 16:17:17+00:00,,0.8,,120000000.0,0.8,698000000.0,194000000.0,1941000000.0,1941000000.0,1941000000.0,,128000000.0,,243000000.0,,1722000000.0,228000000.0,1843000000.0,,499000000.0,1169000000.0,3565000000.0,2639000000.0,3565000000.0,,1937000000.0,2430000000.0
Visa Inc,V,549300JZ4OKEHW3DPJ59,1403161,2016.0,Q1TTM,2015-01-01,2015-12-31,,3.46,3.46,0.63,494000000.0,3.46,2672000000.0,861000000.0,6700000000.0,6700000000.0,6700000000.0,,488000000.0,,174000000.0,,3455000000.0,11003000000.0,7226000000.0,,2069000000.0,8199000000.0,10681000000.0,9372000000.0,10681000000.0,,1937000000.0,2430000000.0
Visa Inc,V,549300JZ4OKEHW3DPJ59,1403161,2017.0,FY,2016-10-01,2017-09-30,2019-11-14 15:35:00+00:00,0.0,2.8,,556000000.0,2.8,4995000000.0,922000000.0,6699000000.0,6699000000.0,6699000000.0,,620000000.0,,-450000000.0,,18358000000.0,1488000000.0,,,2628000000.0,6214000000.0,18358000000.0,11694000000.0,18358000000.0,,1845000000.0,2395000000.0
Visa Inc,V,549300JZ4OKEHW3DPJ59,1403161,2017.0,Q4,2017-07-01,2017-09-30,,,0.89,,147000000.0,0.9,959000000.0,290000000.0,2140000000.0,2140000000.0,2140000000.0,,167000000.0,,-113000000.0,,11329000000.0,384000000.0,-6474000000.0,,655000000.0,1643000000.0,4855000000.0,3099000000.0,4855000000.0,,1845000000.0,2395000000.0
Visa Inc,V,549300JZ4OKEHW3DPJ59,1403161,2017.0,Q3,2017-04-01,2017-06-30,2017-07-20 16:12:42+00:00,,0.87,,132000000.0,0.86,855000000.0,221000000.0,2059000000.0,2059000000.0,2059000000.0,,158000000.0,,-110000000.0,,2408000000.0,332000000.0,2157000000.0,,698000000.0,1541000000.0,4565000000.0,2914000000.0,4565000000.0,,1840000000.0,2385000000.0
Visa Inc,V,549300JZ4OKEHW3DPJ59,1403161,2017.0,Q3YTD,2016-10-01,2017-06-30,,2.48,2.48,0.65,409000000.0,2.48,4036000000.0,632000000.0,4559000000.0,4559000000.0,4559000000.0,,453000000.0,,-337000000.0,,7029000000.0,1104000000.0,6474000000.0,,1973000000.0,4571000000.0,13503000000.0,8595000000.0,13503000000.0,,1840000000.0,2385000000.0
Visa Inc,V,549300JZ4OKEHW3DPJ59,1403161,2017.0,Q3TTM,2016-07-01,2017-06-30,,3.53,3.53,0.83,550000000.0,3.53,4615000000.0,932000000.0,6490000000.0,6490000000.0,6490000000.0,,614000000.0,,-452000000.0,,10127000000.0,1448000000.0,7637000000.0,,2663000000.0,6207000000.0,17764000000.0,11105000000.0,17764000000.0,,1840000000.0,2385000000.0
Visa Inc,V,549300JZ4OKEHW3DPJ59,1403161,2017.0,Q2,2017-01-01,2017-03-31,2018-04-27 16:06:38+00:00,,0.18,,131000000.0,0.18,2272000000.0,193000000.0,430000000.0,430000000.0,430000000.0,,150000000.0,,-106000000.0,,2281000000.0,491000000.0,2196000000.0,,704000000.0,1669000000.0,4477000000.0,2702000000.0,4477000000.0,,1854000000.0,2406000000.0
Visa Inc,V,549300JZ4OKEHW3DPJ59,1403161,2017.0,Q2YTD,2016-10-01,2017-03-31,,1.35,1.35,0.43,277000000.0,1.35,3181000000.0,411000000.0,2500000000.0,2500000000.0,2500000000.0,,295000000.0,,-227000000.0,,4621000000.0,772000000.0,4317000000.0,,1275000000.0,3030000000.0,8938000000.0,5681000000.0,8938000000.0,,1854000000.0,2406000000.0
Visa Inc,V,549300JZ4OKEHW3DPJ59,1403161,2017.0,Q2TTM,2016-04-01,2017-03-31,,2.61,2.61,0.79,538000000.0,2.61,3770000000.0,900000000.0,4843000000.0,4843000000.0,4843000000.0,,579000000.0,,-348000000.0,,9505000000.0,3377000000.0,7324000000.0,,2474000000.0,7868000000.0,16829000000.0,8613000000.0,16829000000.0,,1854000000.0,2406000000.0
Visa Inc,V,549300JZ4OKEHW3DPJ59,1403161,2017.0,Q1,2016-10-01,2016-12-31,2018-02-01 16:15:13+00:00,,0.86,,146000000.0,0.86,909000000.0,218000000.0,2070000000.0,2070000000.0,2070000000.0,,145000000.0,,-121000000.0,,2340000000.0,281000000.0,2121000000.0,,571000000.0,1361000000.0,4461000000.0,2979000000.0,4461000000.0,,1860000000.0,2421000000.0
Visa Inc,V,549300JZ4OKEHW3DPJ59,1403161,2017.0,Q1TTM,2016-01-01,2016-12-31,,3.29,3.29,0.76,528000000.0,3.29,2232000000.0,893000000.0,6120000000.0,6120000000.0,6120000000.0,,555000000.0,,-235000000.0,,8953000000.0,3117000000.0,7025000000.0,,2298000000.0,7391000000.0,15978000000.0,8352000000.0,15978000000.0,,1860000000.0,2421000000.0
Visa Inc,V,549300JZ4OKEHW3DPJ59,1403161,2018.0,FY,2017-10-01,2018-09-30,2019-11-14 15:35:00+00:00,0.0,4.43,0.405,613000000.0,4.42,2505000000.0,988000000.0,10301000000.0,10301000000.0,10301000000.0,,686000000.0,,-148000000.0,,20609000000.0,2198000000.0,,,3170000000.0,7655000000.0,20609000000.0,12806000000.0,20609000000.0,,1792000000.0,2329000000.0
Visa Inc,V,549300JZ4OKEHW3DPJ59,1403161,2018.0,Q4,2018-07-01,2018-09-30,,,1.24,,163000000.0,1.24,693000000.0,264000000.0,2845000000.0,2845000000.0,2845000000.0,,188000000.0,,132000000.0,,5434000000.0,598000000.0,,,815000000.0,2028000000.0,5434000000.0,3538000000.0,5434000000.0,,1792000000.0,2329000000.0
Visa Inc,V,549300JZ4OKEHW3DPJ59,1403161,2018.0,Q3,2018-04-01,2018-06-30,2019-07-26 16:07:11+00:00,,1.0,,152000000.0,1.0,483000000.0,240000000.0,2329000000.0,2329000000.0,2329000000.0,,169000000.0,,-73000000.0,,5240000000.0,942000000.0,,,852000000.0,2355000000.0,5240000000.0,2812000000.0,5240000000.0,,1784000000.0,2321000000.0
Visa Inc,V,549300JZ4OKEHW3DPJ59,1403161,2018.0,Q3YTD,2017-10-01,2018-06-30,,,3.19,,450000000.0,3.18,1812000000.0,724000000.0,7456000000.0,7456000000.0,7456000000.0,,498000000.0,,-280000000.0,,15175000000.0,1600000000.0,,,2355000000.0,5627000000.0,15175000000.0,9268000000.0,15175000000.0,,1784000000.0,2321000000.0
Visa Inc,V,549300JZ4OKEHW3DPJ59,1403161,2018.0,Q3TTM,2017-07-01,2018-06-30,,,4.08,,597000000.0,4.08,2771000000.0,1014000000.0,9596000000.0,9596000000.0,9596000000.0,,665000000.0,,-393000000.0,,26504000000.0,1984000000.0,-6474000000.0,,3010000000.0,7270000000.0,20030000000.0,12367000000.0,20030000000.0,,1784000000.0,2321000000.0
Visa Inc,V,549300JZ4OKEHW3DPJ59,1403161,2018.0,Q2,2018-01-01,2018-03-31,2019-04-26 16:06:57+00:00,,1.12,,153000000.0,1.11,612000000.0,261000000.0,2605000000.0,2605000000.0,2605000000.0,,169000000.0,,-119000000.0,,5073000000.0,330000000.0,,,824000000.0,1737000000.0,5073000000.0,3217000000.0,5073000000.0,,1798000000.0,2337000000.0
Visa Inc,V,549300JZ4OKEHW3DPJ59,1403161,2018.0,Q2YTD,2017-10-01,2018-03-31,,,2.19,,298000000.0,2.18,1329000000.0,484000000.0,5127000000.0,5127000000.0,5127000000.0,,329000000.0,,-207000000.0,,9935000000.0,658000000.0,,,1503000000.0,3272000000.0,9935000000.0,6456000000.0,9935000000.0,,1798000000.0,2337000000.0
Visa Inc,V,549300JZ4OKEHW3DPJ59,1403161,2018.0,Q2TTM,2017-04-01,2018-03-31,,,3.95,,577000000.0,3.94,3143000000.0,995000000.0,9326000000.0,9326000000.0,9326000000.0,,654000000.0,,-430000000.0,,23672000000.0,1374000000.0,-4317000000.0,,2856000000.0,6456000000.0,19355000000.0,12469000000.0,19355000000.0,,1798000000.0,2337000000.0
Visa Inc,V,549300JZ4OKEHW3DPJ59,1403161,2018.0,Q1,2017-10-01,2017-12-31,2019-01-31 16:16:27+00:00,,1.07,,145000000.0,1.07,717000000.0,223000000.0,2522000000.0,2522000000.0,2522000000.0,,160000000.0,,-88000000.0,,4862000000.0,328000000.0,,,679000000.0,1535000000.0,4862000000.0,3239000000.0,4862000000.0,,1811000000.0,2353000000.0
Visa Inc,V,549300JZ4OKEHW3DPJ59,1403161,2018.0,Q1TTM,2017-01-01,2017-12-31,,3.95,3.95,0.9,555000000.0,3.95,4803000000.0,927000000.0,7151000000.0,7151000000.0,7151000000.0,,635000000.0,,-417000000.0,,20880000000.0,1535000000.0,-2121000000.0,,2736000000.0,6388000000.0,18759000000.0,11954000000.0,18759000000.0,,1811000000.0,2353000000.0
Visa Inc,V,549300JZ4OKEHW3DPJ59,1403161,2019.0,FY,2018-10-01,2019-09-30,2019-11-14 15:35:00+00:00,0.0,5.32,0.25,656000000.0,5.32,2804000000.0,1105000000.0,12080000000.0,12080000000.0,12080000000.0,,721000000.0,,-117000000.0,,22977000000.0,2050000000.0,,,3444000000.0,7976000000.0,22977000000.0,14884000000.0,22977000000.0,,1742000000.0,2272000000.0
Visa Inc,V,549300JZ4OKEHW3DPJ59,1403161,2019.0,Q4,2019-07-01,2019-09-30,,,1.34,,172000000.0,1.34,686000000.0,306000000.0,3025000000.0,3025000000.0,3025000000.0,,193000000.0,,-24000000.0,,6137000000.0,860000000.0,,,871000000.0,2402000000.0,6137000000.0,3711000000.0,6137000000.0,,1742000000.0,2272000000.0
Visa Inc,V,549300JZ4OKEHW3DPJ59,1403161,2019.0,Q3YTD,2018-10-01,2019-06-30,,,3.98,,484000000.0,3.98,2118000000.0,799000000.0,9055000000.0,9055000000.0,9055000000.0,,528000000.0,,-93000000.0,,16840000000.0,1190000000.0,,,2573000000.0,5574000000.0,16840000000.0,11173000000.0,16840000000.0,,1735000000.0,2265000000.0
Visa Inc,V,549300JZ4OKEHW3DPJ59,1403161,2019.0,Q3TTM,2018-07-01,2019-06-30,,,5.22,,647000000.0,5.22,2811000000.0,1063000000.0,11900000000.0,11900000000.0,11900000000.0,,716000000.0,,39000000.0,,22274000000.0,1788000000.0,,,3388000000.0,7602000000.0,22274000000.0,14711000000.0,22274000000.0,,1735000000.0,2265000000.0
Visa Inc,V,549300JZ4OKEHW3DPJ59,1403161,2019.0,Q3,2019-04-01,2019-06-30,2019-07-26 16:07:11+00:00,,1.37,,165000000.0,1.37,765000000.0,282000000.0,3101000000.0,3101000000.0,3101000000.0,,184000000.0,,-42000000.0,,5840000000.0,429000000.0,,,872000000.0,1932000000.0,5840000000.0,3866000000.0,5840000000.0,,1735000000.0,2265000000.0
Visa Inc,V,549300JZ4OKEHW3DPJ59,1403161,2019.0,Q2,2019-01-01,2019-03-31,2020-05-04 09:04:51+00:00,,1.31,,160000000.0,1.31,700000000.0,241000000.0,2977000000.0,2977000000.0,2977000000.0,,171000000.0,,36000000.0,,5494000000.0,387000000.0,,,894000000.0,1853000000.0,5494000000.0,3677000000.0,5494000000.0,,1748000000.0,2279000000.0
Visa Inc,V,549300JZ4OKEHW3DPJ59,1403161,2019.0,Q2YTD,2018-10-01,2019-03-31,,,2.61,,319000000.0,2.61,1353000000.0,517000000.0,5954000000.0,5954000000.0,5954000000.0,,344000000.0,,-51000000.0,,11000000000.0,761000000.0,,,1701000000.0,3642000000.0,11000000000.0,7307000000.0,11000000000.0,,1748000000.0,2279000000.0
Visa Inc,V,549300JZ4OKEHW3DPJ59,1403161,2019.0,Q2TTM,2018-04-01,2019-03-31,,,4.85,,634000000.0,4.85,2529000000.0,1021000000.0,11128000000.0,11128000000.0,11128000000.0,,701000000.0,,8000000.0,,21674000000.0,2301000000.0,,,3368000000.0,8025000000.0,21674000000.0,13657000000.0,21674000000.0,,1748000000.0,2279000000.0
Visa Inc,V,549300JZ4OKEHW3DPJ59,1403161,2019.0,Q1,2018-10-01,2018-12-31,2020-01-31 16:06:01+00:00,,1.3,,159000000.0,1.3,653000000.0,276000000.0,2977000000.0,2977000000.0,2977000000.0,,173000000.0,,-87000000.0,,5506000000.0,374000000.0,,,807000000.0,1789000000.0,5506000000.0,3630000000.0,5506000000.0,,1760000000.0,2291000000.0
Visa Inc,V,549300JZ4OKEHW3DPJ59,1403161,2019.0,Q1TTM,2018-01-01,2018-12-31,,,4.66,,627000000.0,4.65,2441000000.0,1041000000.0,10756000000.0,10756000000.0,10756000000.0,,699000000.0,,-147000000.0,,21253000000.0,2244000000.0,,,3298000000.0,7909000000.0,21253000000.0,13197000000.0,21253000000.0,,1760000000.0,2291000000.0
Visa Inc,V,549300JZ4OKEHW3DPJ59,1403161,2020.0,Q2YTD,2019-10-01,2020-03-31,,,2.85,,374000000.0,2.84,1447000000.0,509000000.0,6356000000.0,6356000000.0,6356000000.0,,364000000.0,,-137000000.0,,11908000000.0,799000000.0,,,1922000000.0,3968000000.0,11908000000.0,7803000000.0,11908000000.0,,1703000000.0,2228000000.0
Visa Inc,V,549300JZ4OKEHW3DPJ59,1403161,2020.0,Q2TTM,2019-04-01,2020-03-31,,,5.56,,711000000.0,5.55,2898000000.0,1097000000.0,12482000000.0,12482000000.0,12482000000.0,,741000000.0,,-203000000.0,,23885000000.0,2088000000.0,,,3665000000.0,8302000000.0,23885000000.0,15380000000.0,23885000000.0,,1703000000.0,2228000000.0
Visa Inc,V,549300JZ4OKEHW3DPJ59,1403161,2020.0,Q2,2020-01-01,2020-03-31,2020-05-04 09:04:51+00:00,,1.39,,192000000.0,1.38,745000000.0,235000000.0,3084000000.0,3084000000.0,3084000000.0,,183000000.0,,-95000000.0,,5854000000.0,380000000.0,,,940000000.0,1930000000.0,5854000000.0,3829000000.0,5854000000.0,,1703000000.0,2228000000.0
Visa Inc,V,549300JZ4OKEHW3DPJ59,1403161,2020.0,Q1TTM,2019-01-01,2019-12-31,,,5.48,,679000000.0,5.48,2853000000.0,1103000000.0,12375000000.0,12375000000.0,12375000000.0,,729000000.0,,-72000000.0,,23525000000.0,2095000000.0,,,3619000000.0,8225000000.0,23525000000.0,15228000000.0,23525000000.0,,1713000000.0,2240000000.0
Visa Inc,V,549300JZ4OKEHW3DPJ59,1403161,2020.0,Q1,2019-10-01,2019-12-31,2020-01-31 16:06:01+00:00,,1.46,,182000000.0,1.46,702000000.0,274000000.0,3272000000.0,3272000000.0,3272000000.0,,181000000.0,,-42000000.0,,6054000000.0,419000000.0,,,982000000.0,2038000000.0,6054000000.0,3974000000.0,6054000000.0,,1713000000.0,2240000000.0
