company_name,company_ticker,company_lei,company_cik,year,quarter,start_date,end_date,filing_date,amortizationexpense,basicdilutedeps,basiceps,cashdividendspershare,depositsinterestexpense,depreciationexpense,dilutedeps,incometaxexpense,investmentbankingincome,investmentsecuritiesinterestincome,loansandleaseinterestincome,longtermdebtinterestexpense,marketingexpense,netincome,netincomecontinuing,netincometocommon,netincometononcontrollinginterest,netinterestincome,netoccupancyequipmentexpense,netrealizedcapitalgains,otherinterestincome,othernoninterestincome,otheroperatingexpenses,otherservicechargeincome,otherspecialcharges,preferreddividends,premiumsearned,propertyliabilityinsuranceclaims,provisionforcreditlosses,restructuringcharge,salariesandemployeebenefitsexpense,shorttermborrowinginterestexpense,totalinterestexpense,totalinterestincome,totalnoninterestexpense,totalnoninterestincome,totalpretaxincome,totalrevenue,trustfeeincome,weightedavebasicdilutedsharesos,weightedavebasicsharesos,weightedavedilutedsharesos
Truist Financial Corp,TFC,549300DRQQI75D2JP341,92230,2007.0,FY,2007-01-01,2007-12-31,2010-02-26 16:28:00+00:00,104000000.0,3.17,3.17,1.8,2620000000.0,,3.14,836000000.0,343000000.0,1130000000.0,6713000000.0,985000000.0,,1746000000.0,1746000000.0,1734000000.0,12000000.0,3880000000.0,477000000.0,-3000000.0,51000000.0,216000000.0,928000000.0,2056000000.0,,0.0,,,448000000.0,21000000.0,2094000000.0,409000000.0,4014000000.0,7894000000.0,3624000000.0,2774000000.0,2582000000.0,6654000000.0,162000000.0,547000000.0,547184000.0,551755000.0
Truist Financial Corp,TFC,549300DRQQI75D2JP341,92230,2008.0,FY,2008-01-01,2008-12-31,2011-02-25 16:11:32+00:00,100000000.0,2.73,2.73,1.87,1891000000.0,,2.71,550000000.0,354000000.0,1135000000.0,6003000000.0,843000000.0,,1529000000.0,1529000000.0,1498000000.0,10000000.0,4238000000.0,509000000.0,107000000.0,69000000.0,359000000.0,1086000000.0,2230000000.0,,21000000.0,,,1445000000.0,15000000.0,2201000000.0,235000000.0,2969000000.0,7207000000.0,3911000000.0,3197000000.0,2079000000.0,7435000000.0,147000000.0,548700000.0,548847000.0,552498000.0
Truist Financial Corp,TFC,549300DRQQI75D2JP341,92230,2008.0,Q3,2008-07-01,2008-09-30,2009-11-09 13:37:19+00:00,25000000.0,0.65,0.65,0.47,449000000.0,,0.65,149000000.0,84000000.0,287000000.0,1499000000.0,208000000.0,,362000000.0,362000000.0,358000000.0,4000000.0,1088000000.0,127000000.0,13000000.0,7000000.0,107000000.0,296000000.0,551000000.0,,0.0,,,364000000.0,5000000.0,552000000.0,48000000.0,705000000.0,1793000000.0,1005000000.0,792000000.0,511000000.0,1880000000.0,37000000.0,550800000.0,549761000.0,553544000.0
Truist Financial Corp,TFC,549300DRQQI75D2JP341,92230,2008.0,Q2,2008-04-01,2008-06-30,2009-08-13 10:16:59+00:00,25000000.0,0.78,0.78,0.46,455000000.0,,0.78,175000000.0,88000000.0,283000000.0,1501000000.0,208000000.0,,431000000.0,431000000.0,428000000.0,3000000.0,1068000000.0,124000000.0,10000000.0,6000000.0,82000000.0,240000000.0,609000000.0,4000000.0,0.0,,,330000000.0,1000000.0,565000000.0,59000000.0,722000000.0,1790000000.0,959000000.0,827000000.0,606000000.0,1895000000.0,38000000.0,548700000.0,546628000.0,549758000.0
Truist Financial Corp,TFC,549300DRQQI75D2JP341,92230,2009.0,Q4,2009-10-01,2009-12-31,,-78000000.0,-0.91,-0.91,0.47,-977000000.0,,-0.91,-146000000.0,-263000000.0,-978000000.0,-4072000000.0,-515000000.0,,-683000000.0,-683000000.0,-544000000.0,-15000000.0,-3521000000.0,-406000000.0,-203000000.0,-14000000.0,-588000000.0,-1190000000.0,-1809000000.0,,-124000000.0,,,-2086000000.0,-29000000.0,-1867000000.0,-51000000.0,-1543000000.0,-5064000000.0,-3570000000.0,-2964000000.0,-829000000.0,-6485000000.0,-101000000.0,,,
Truist Financial Corp,TFC,549300DRQQI75D2JP341,92230,2009.0,Q3YTD,2009-01-01,2009-09-30,,78000000.0,0.91,0.91,-0.47,977000000.0,,0.91,146000000.0,263000000.0,978000000.0,4072000000.0,515000000.0,,683000000.0,683000000.0,544000000.0,15000000.0,3521000000.0,406000000.0,203000000.0,14000000.0,588000000.0,1190000000.0,1809000000.0,,124000000.0,,,2086000000.0,29000000.0,1867000000.0,51000000.0,1543000000.0,5064000000.0,3570000000.0,2964000000.0,829000000.0,6485000000.0,101000000.0,660900000.0,665408000.0,672457000.0
Truist Financial Corp,TFC,549300DRQQI75D2JP341,92230,2009.0,Q3,2009-07-01,2009-09-30,2010-11-09 14:44:12+00:00,29000000.0,0.23,0.23,-0.15,311000000.0,,0.23,-9000000.0,89000000.0,327000000.0,1414000000.0,186000000.0,,157000000.0,157000000.0,152000000.0,5000000.0,1237000000.0,149000000.0,34000000.0,4000000.0,168000000.0,480000000.0,613000000.0,,,,,709000000.0,18000000.0,644000000.0,11000000.0,508000000.0,1745000000.0,1320000000.0,940000000.0,148000000.0,2177000000.0,36000000.0,660900000.0,665408000.0,672457000.0
Truist Financial Corp,TFC,549300DRQQI75D2JP341,92230,2009.0,Q2YTD,2009-01-01,2009-06-30,,49000000.0,0.68,0.68,-0.32,666000000.0,,0.68,155000000.0,174000000.0,651000000.0,2658000000.0,329000000.0,,526000000.0,526000000.0,392000000.0,10000000.0,2284000000.0,257000000.0,169000000.0,10000000.0,420000000.0,710000000.0,1196000000.0,,124000000.0,,,1377000000.0,11000000.0,1223000000.0,40000000.0,1035000000.0,3319000000.0,2250000000.0,2024000000.0,681000000.0,4308000000.0,65000000.0,605000000.0,602726000.0,608797000.0
Truist Financial Corp,TFC,549300DRQQI75D2JP341,92230,2009.0,Q2,2009-04-01,2009-06-30,2010-09-02 16:05:18+00:00,24000000.0,0.2,0.2,0.15,320000000.0,,0.2,41000000.0,92000000.0,299000000.0,1336000000.0,165000000.0,,208000000.0,208000000.0,121000000.0,4000000.0,1138000000.0,128000000.0,19000000.0,5000000.0,209000000.0,407000000.0,640000000.0,,83000000.0,,,701000000.0,-1000000.0,623000000.0,17000000.0,502000000.0,1640000000.0,1181000000.0,993000000.0,249000000.0,2131000000.0,33000000.0,605000000.0,602726000.0,608797000.0
Truist Financial Corp,TFC,549300DRQQI75D2JP341,92230,2009.0,Q1,2009-01-01,2009-03-31,2010-05-07 16:08:33+00:00,25000000.0,0.48,0.48,-0.47,346000000.0,,0.48,114000000.0,82000000.0,352000000.0,1322000000.0,164000000.0,,318000000.0,318000000.0,271000000.0,6000000.0,1146000000.0,129000000.0,150000000.0,5000000.0,211000000.0,303000000.0,556000000.0,,41000000.0,,,676000000.0,12000000.0,600000000.0,23000000.0,533000000.0,1679000000.0,1069000000.0,1031000000.0,432000000.0,2177000000.0,32000000.0,564600000.0,559801000.0,563566000.0
Truist Financial Corp,TFC,549300DRQQI75D2JP341,92230,2010.0,Q4,2010-10-01,2010-12-31,,-64000000.0,-0.57,-0.57,,-500000000.0,,-0.57,-73000000.0,-170000000.0,-627000000.0,-2965000000.0,-413000000.0,,-418000000.0,-418000000.0,-398000000.0,-20000000.0,-2674000000.0,-296000000.0,-146000000.0,-6000000.0,-151000000.0,-1131000000.0,-1342000000.0,,,,,-1225000000.0,-55000000.0,-1295000000.0,-11000000.0,-924000000.0,-3598000000.0,-2841000000.0,-1883000000.0,-491000000.0,-4557000000.0,-77000000.0,,,
Truist Financial Corp,TFC,549300DRQQI75D2JP341,92230,2010.0,Q3YTD,2010-01-01,2010-09-30,,64000000.0,0.57,0.57,,500000000.0,,0.57,73000000.0,170000000.0,627000000.0,2965000000.0,413000000.0,,418000000.0,418000000.0,398000000.0,20000000.0,2674000000.0,296000000.0,146000000.0,6000000.0,151000000.0,1131000000.0,1342000000.0,,,,,1225000000.0,55000000.0,1295000000.0,11000000.0,924000000.0,3598000000.0,2841000000.0,1883000000.0,491000000.0,4557000000.0,77000000.0,,,
Truist Financial Corp,TFC,549300DRQQI75D2JP341,92230,2010.0,Q3TTM,2009-10-01,2010-09-30,,-14000000.0,-0.34,-0.34,0.47,-477000000.0,,-0.34,-73000000.0,-93000000.0,-351000000.0,-1107000000.0,-102000000.0,,-265000000.0,-265000000.0,-146000000.0,5000000.0,-847000000.0,-110000000.0,-57000000.0,-8000000.0,-437000000.0,-59000000.0,-467000000.0,,-124000000.0,,,-861000000.0,26000000.0,-572000000.0,-40000000.0,-619000000.0,-1466000000.0,-729000000.0,-1081000000.0,-338000000.0,-1928000000.0,-24000000.0,,,
Truist Financial Corp,TFC,549300DRQQI75D2JP341,92230,2010.0,Q2YTD,2010-01-01,2010-06-30,,64000000.0,0.57,0.57,,500000000.0,,0.57,73000000.0,170000000.0,627000000.0,2965000000.0,413000000.0,,418000000.0,418000000.0,398000000.0,20000000.0,2674000000.0,296000000.0,146000000.0,6000000.0,151000000.0,1131000000.0,1342000000.0,,,,,1225000000.0,55000000.0,1295000000.0,11000000.0,924000000.0,3598000000.0,2841000000.0,1883000000.0,491000000.0,4557000000.0,77000000.0,700000000.0,692113000.0,701322000.0
Truist Financial Corp,TFC,549300DRQQI75D2JP341,92230,2010.0,Q2,2010-04-01,2010-06-30,2011-08-08 16:07:12+00:00,32000000.0,0.3,0.3,-0.15,241000000.0,,0.3,25000000.0,91000000.0,291000000.0,1525000000.0,212000000.0,,224000000.0,224000000.0,210000000.0,14000000.0,1360000000.0,158000000.0,141000000.0,3000000.0,31000000.0,623000000.0,737000000.0,,,,,650000000.0,38000000.0,649000000.0,6000000.0,459000000.0,1819000000.0,1500000000.0,1039000000.0,249000000.0,2399000000.0,39000000.0,700000000.0,692113000.0,701322000.0
Truist Financial Corp,TFC,549300DRQQI75D2JP341,92230,2010.0,Q1,2010-01-01,2010-03-31,2011-05-06 16:12:50+00:00,32000000.0,0.27,0.27,0.15,259000000.0,,0.27,48000000.0,79000000.0,336000000.0,1440000000.0,201000000.0,,194000000.0,194000000.0,188000000.0,6000000.0,1314000000.0,138000000.0,5000000.0,3000000.0,120000000.0,508000000.0,605000000.0,,,,,575000000.0,17000000.0,646000000.0,5000000.0,465000000.0,1779000000.0,1341000000.0,844000000.0,242000000.0,2158000000.0,38000000.0,696300000.0,690792000.0,698675000.0
Truist Financial Corp,TFC,549300DRQQI75D2JP341,92230,2011.0,Q4,2011-10-01,2011-12-31,,99000000.0,1.85,1.85,-0.65,610000000.0,,1.83,296000000.0,333000000.0,747000000.0,6119000000.0,757000000.0,,1332000000.0,1332000000.0,1289000000.0,43000000.0,5507000000.0,616000000.0,-227000000.0,19000000.0,122000000.0,2344000000.0,2712000000.0,,,,,1190000000.0,16000000.0,2727000000.0,11000000.0,1378000000.0,6885000000.0,5802000000.0,3113000000.0,1628000000.0,8620000000.0,173000000.0,696800000.0,696532000.0,705168000.0
Truist Financial Corp,TFC,549300DRQQI75D2JP341,92230,2011.0,FY,2011-01-01,2011-12-31,2014-02-26 16:21:44+00:00,99000000.0,1.85,1.85,-0.65,610000000.0,,1.83,296000000.0,333000000.0,747000000.0,6119000000.0,757000000.0,,1332000000.0,1332000000.0,1289000000.0,43000000.0,5507000000.0,616000000.0,-227000000.0,19000000.0,122000000.0,2344000000.0,2712000000.0,,,,,1190000000.0,16000000.0,2727000000.0,11000000.0,1378000000.0,6885000000.0,5802000000.0,3113000000.0,1628000000.0,8620000000.0,173000000.0,696800000.0,696532000.0,705168000.0
Truist Financial Corp,TFC,549300DRQQI75D2JP341,92230,2011.0,Q3TTM,2010-10-01,2011-09-30,,-64000000.0,-0.57,-0.57,,-500000000.0,,-0.57,-73000000.0,-170000000.0,-627000000.0,-2965000000.0,-413000000.0,,-418000000.0,-418000000.0,-398000000.0,-20000000.0,-2674000000.0,-296000000.0,-146000000.0,-6000000.0,-151000000.0,-1131000000.0,-1342000000.0,,,,,-1225000000.0,-55000000.0,-1295000000.0,-11000000.0,-924000000.0,-3598000000.0,-2841000000.0,-1883000000.0,-491000000.0,-4557000000.0,-77000000.0,,,
Truist Financial Corp,TFC,549300DRQQI75D2JP341,92230,2011.0,Q2TTM,2010-07-01,2011-06-30,,-64000000.0,-0.57,-0.57,,-500000000.0,,-0.57,-73000000.0,-170000000.0,-627000000.0,-2965000000.0,-413000000.0,,-418000000.0,-418000000.0,-398000000.0,-20000000.0,-2674000000.0,-296000000.0,-146000000.0,-6000000.0,-151000000.0,-1131000000.0,-1342000000.0,,,,,-1225000000.0,-55000000.0,-1295000000.0,-11000000.0,-924000000.0,-3598000000.0,-2841000000.0,-1883000000.0,-491000000.0,-4557000000.0,-77000000.0,,,
Truist Financial Corp,TFC,549300DRQQI75D2JP341,92230,2011.0,Q1TTM,2010-04-01,2011-03-31,,-32000000.0,-0.27,-0.27,-0.15,-259000000.0,,-0.27,-48000000.0,-79000000.0,-336000000.0,-1440000000.0,-201000000.0,,-194000000.0,-194000000.0,-188000000.0,-6000000.0,-1314000000.0,-138000000.0,-5000000.0,-3000000.0,-120000000.0,-508000000.0,-605000000.0,,,,,-575000000.0,-17000000.0,-646000000.0,-5000000.0,-465000000.0,-1779000000.0,-1341000000.0,-844000000.0,-242000000.0,-2158000000.0,-38000000.0,,,
Truist Financial Corp,TFC,549300DRQQI75D2JP341,92230,2012.0,Q4,2012-10-01,2012-12-31,,28000000.0,0.72,0.72,-0.2,96000000.0,,0.71,207000000.0,98000000.0,222000000.0,1494000000.0,152000000.0,,549000000.0,549000000.0,506000000.0,13000000.0,1476000000.0,172000000.0,-93000000.0,10000000.0,29000000.0,456000000.0,943000000.0,2000000.0,30000000.0,,,252000000.0,11000000.0,823000000.0,2000000.0,250000000.0,1726000000.0,1488000000.0,1020000000.0,756000000.0,2496000000.0,47000000.0,699300000.0,698739000.0,708877000.0
Truist Financial Corp,TFC,549300DRQQI75D2JP341,92230,2012.0,FY,2012-01-01,2012-12-31,2015-02-25 15:57:09+00:00,110000000.0,2.74,2.74,-0.8,429000000.0,,2.7,764000000.0,365000000.0,907000000.0,5980000000.0,624000000.0,,2028000000.0,2028000000.0,1916000000.0,49000000.0,5857000000.0,650000000.0,-329000000.0,30000000.0,116000000.0,1877000000.0,3485000000.0,2000000.0,63000000.0,,,1057000000.0,68000000.0,3125000000.0,7000000.0,1060000000.0,6917000000.0,5828000000.0,3820000000.0,2792000000.0,9677000000.0,184000000.0,699300000.0,698739000.0,708877000.0
Truist Financial Corp,TFC,549300DRQQI75D2JP341,92230,2012.0,Q3YTD,2012-01-01,2012-09-30,,82000000.0,2.02,2.02,-0.6,333000000.0,,1.99,557000000.0,267000000.0,685000000.0,4486000000.0,472000000.0,,1479000000.0,1479000000.0,1410000000.0,36000000.0,4381000000.0,478000000.0,-236000000.0,20000000.0,87000000.0,1421000000.0,2542000000.0,,33000000.0,,,805000000.0,57000000.0,2302000000.0,5000000.0,810000000.0,5191000000.0,4340000000.0,2800000000.0,2036000000.0,7181000000.0,137000000.0,700000000.0,699091000.0,709875000.0
Truist Financial Corp,TFC,549300DRQQI75D2JP341,92230,2012.0,Q3TTM,2011-10-01,2012-09-30,,181000000.0,3.87,3.87,-1.25,943000000.0,,3.82,853000000.0,600000000.0,1432000000.0,10605000000.0,1229000000.0,,2811000000.0,2811000000.0,2699000000.0,79000000.0,9888000000.0,1094000000.0,-463000000.0,39000000.0,209000000.0,3765000000.0,5254000000.0,,33000000.0,,,1995000000.0,73000000.0,5029000000.0,16000000.0,2188000000.0,12076000000.0,10142000000.0,5913000000.0,3664000000.0,15801000000.0,310000000.0,700000000.0,699091000.0,709875000.0
Truist Financial Corp,TFC,549300DRQQI75D2JP341,92230,2012.0,Q3,2012-07-01,2012-09-30,2013-10-31 10:33:21+00:00,31000000.0,0.67,0.67,-0.2,105000000.0,,0.66,177000000.0,90000000.0,221000000.0,1492000000.0,130000000.0,,496000000.0,496000000.0,469000000.0,2000000.0,1483000000.0,166000000.0,-90000000.0,7000000.0,30000000.0,492000000.0,888000000.0,,25000000.0,,,244000000.0,43000000.0,797000000.0,2000000.0,237000000.0,1720000000.0,1529000000.0,963000000.0,673000000.0,2446000000.0,46000000.0,700000000.0,699091000.0,709875000.0
Truist Financial Corp,TFC,549300DRQQI75D2JP341,92230,2012.0,Q2YTD,2012-01-01,2012-06-30,,51000000.0,1.35,1.35,-0.4,228000000.0,,1.33,380000000.0,177000000.0,464000000.0,2994000000.0,342000000.0,,983000000.0,983000000.0,941000000.0,34000000.0,2898000000.0,312000000.0,-146000000.0,13000000.0,57000000.0,929000000.0,1654000000.0,,8000000.0,,,561000000.0,14000000.0,1505000000.0,3000000.0,573000000.0,3471000000.0,2811000000.0,1837000000.0,1363000000.0,4735000000.0,91000000.0,698600000.0,698579000.0,708454000.0
Truist Financial Corp,TFC,549300DRQQI75D2JP341,92230,2012.0,Q2TTM,2011-07-01,2012-06-30,,150000000.0,3.2,3.2,-1.05,838000000.0,,3.16,676000000.0,510000000.0,1211000000.0,9113000000.0,1099000000.0,,2315000000.0,2315000000.0,2230000000.0,77000000.0,8405000000.0,928000000.0,-373000000.0,32000000.0,179000000.0,3273000000.0,4366000000.0,,8000000.0,,,1751000000.0,30000000.0,4232000000.0,14000000.0,1951000000.0,10356000000.0,8613000000.0,4950000000.0,2991000000.0,13355000000.0,264000000.0,698600000.0,698579000.0,708454000.0
Truist Financial Corp,TFC,549300DRQQI75D2JP341,92230,2012.0,Q2,2012-04-01,2012-06-30,2013-08-08 17:01:41+00:00,29000000.0,0.73,0.73,-0.2,107000000.0,,0.72,191000000.0,88000000.0,230000000.0,1492000000.0,157000000.0,,538000000.0,538000000.0,510000000.0,20000000.0,1462000000.0,159000000.0,-76000000.0,6000000.0,27000000.0,461000000.0,881000000.0,,8000000.0,,,273000000.0,2000000.0,775000000.0,2000000.0,266000000.0,1728000000.0,1426000000.0,966000000.0,729000000.0,2428000000.0,46000000.0,698600000.0,698579000.0,708454000.0
Truist Financial Corp,TFC,549300DRQQI75D2JP341,92230,2012.0,Q1TTM,2011-04-01,2012-03-31,,121000000.0,2.47,2.47,-0.85,731000000.0,,2.44,485000000.0,422000000.0,981000000.0,7621000000.0,942000000.0,,1777000000.0,1777000000.0,1720000000.0,57000000.0,6943000000.0,769000000.0,-297000000.0,26000000.0,152000000.0,2812000000.0,3485000000.0,,,,,1478000000.0,28000000.0,3457000000.0,12000000.0,1685000000.0,8628000000.0,7187000000.0,3984000000.0,2262000000.0,10927000000.0,218000000.0,695200000.0,697685000.0,707369000.0
Truist Financial Corp,TFC,549300DRQQI75D2JP341,92230,2012.0,Q1,2012-01-01,2012-03-31,2013-05-02 16:57:50+00:00,22000000.0,0.62,0.62,-0.2,121000000.0,,0.61,189000000.0,89000000.0,234000000.0,1502000000.0,185000000.0,,445000000.0,445000000.0,431000000.0,14000000.0,1436000000.0,153000000.0,-70000000.0,7000000.0,30000000.0,468000000.0,773000000.0,,0.0,,,288000000.0,12000000.0,730000000.0,1000000.0,307000000.0,1743000000.0,1385000000.0,871000000.0,634000000.0,2307000000.0,45000000.0,695200000.0,697685000.0,707369000.0
Truist Financial Corp,TFC,549300DRQQI75D2JP341,92230,2013.0,FY,2013-01-01,2013-12-31,2016-02-25 17:25:57+00:00,264000000.0,2.22,2.22,0.92,301000000.0,,2.19,1553000000.0,383000000.0,871000000.0,5603000000.0,584000000.0,,1730000000.0,1730000000.0,1563000000.0,50000000.0,5616000000.0,781000000.0,51000000.0,33000000.0,-103000000.0,1393000000.0,3505000000.0,0.0,117000000.0,,,592000000.0,46000000.0,3293000000.0,6000000.0,891000000.0,6507000000.0,5777000000.0,4036000000.0,3283000000.0,9652000000.0,200000000.0,704100000.0,703042000.0,714363000.0
Truist Financial Corp,TFC,549300DRQQI75D2JP341,92230,2013.0,Q4,2013-10-01,2013-12-31,,184000000.0,0.76,0.76,1.61,65000000.0,,0.76,401000000.0,101000000.0,220000000.0,1341000000.0,138000000.0,,589000000.0,589000000.0,538000000.0,14000000.0,1362000000.0,263000000.0,223000000.0,5000000.0,-184000000.0,112000000.0,892000000.0,,37000000.0,,,60000000.0,10000000.0,827000000.0,1000000.0,204000000.0,1566000000.0,1396000000.0,1084000000.0,990000000.0,2446000000.0,52000000.0,704100000.0,703042000.0,714363000.0
Truist Financial Corp,TFC,549300DRQQI75D2JP341,92230,2013.0,Q3YTD,2013-01-01,2013-09-30,,80000000.0,1.46,1.46,-0.69,236000000.0,,1.43,1152000000.0,282000000.0,651000000.0,4262000000.0,446000000.0,,1141000000.0,1141000000.0,1025000000.0,36000000.0,4254000000.0,518000000.0,-172000000.0,28000000.0,81000000.0,1281000000.0,2613000000.0,,80000000.0,,,532000000.0,36000000.0,2466000000.0,5000000.0,687000000.0,4941000000.0,4381000000.0,2952000000.0,2293000000.0,7206000000.0,148000000.0,705300000.0,704134000.0,716101000.0
Truist Financial Corp,TFC,549300DRQQI75D2JP341,92230,2013.0,Q3TTM,2012-10-01,2013-09-30,,108000000.0,2.18,2.18,-0.89,332000000.0,,2.14,1359000000.0,380000000.0,873000000.0,5756000000.0,598000000.0,,1690000000.0,1690000000.0,1531000000.0,49000000.0,5730000000.0,690000000.0,-265000000.0,38000000.0,110000000.0,1737000000.0,3556000000.0,2000000.0,110000000.0,,,784000000.0,47000000.0,3289000000.0,7000000.0,937000000.0,6667000000.0,5869000000.0,3972000000.0,3049000000.0,9702000000.0,195000000.0,705300000.0,704134000.0,716101000.0
Truist Financial Corp,TFC,549300DRQQI75D2JP341,92230,2013.0,Q3,2013-07-01,2013-09-30,2014-10-27 17:12:57+00:00,26000000.0,0.38,0.38,-0.23,72000000.0,,0.37,450000000.0,89000000.0,221000000.0,1411000000.0,149000000.0,,309000000.0,309000000.0,268000000.0,4000000.0,1417000000.0,177000000.0,-74000000.0,7000000.0,27000000.0,459000000.0,812000000.0,0.0,37000000.0,,,92000000.0,4000000.0,805000000.0,1000000.0,222000000.0,1639000000.0,1471000000.0,905000000.0,759000000.0,2322000000.0,51000000.0,705300000.0,704134000.0,716101000.0
Truist Financial Corp,TFC,549300DRQQI75D2JP341,92230,2013.0,Q2YTD,2013-01-01,2013-06-30,,54000000.0,1.08,1.08,-0.46,164000000.0,,1.06,702000000.0,193000000.0,430000000.0,2851000000.0,297000000.0,,832000000.0,832000000.0,757000000.0,32000000.0,2837000000.0,341000000.0,-98000000.0,21000000.0,54000000.0,822000000.0,1801000000.0,,43000000.0,,,440000000.0,32000000.0,1661000000.0,4000000.0,465000000.0,3302000000.0,2910000000.0,2047000000.0,1534000000.0,4884000000.0,97000000.0,701300000.0,702082000.0,712861000.0
Truist Financial Corp,TFC,549300DRQQI75D2JP341,92230,2013.0,Q2TTM,2012-07-01,2013-06-30,,113000000.0,2.47,2.47,-0.86,365000000.0,,2.43,1086000000.0,381000000.0,873000000.0,5837000000.0,579000000.0,,1877000000.0,1877000000.0,1732000000.0,47000000.0,5796000000.0,679000000.0,-281000000.0,38000000.0,113000000.0,1770000000.0,3632000000.0,2000000.0,98000000.0,,,936000000.0,86000000.0,3281000000.0,8000000.0,952000000.0,6748000000.0,5927000000.0,4030000000.0,2963000000.0,9826000000.0,190000000.0,701300000.0,702082000.0,712861000.0
Truist Financial Corp,TFC,549300DRQQI75D2JP341,92230,2013.0,Q2,2013-04-01,2013-06-30,2014-07-28 14:05:15+00:00,27000000.0,0.78,0.78,-0.23,78000000.0,,0.77,221000000.0,99000000.0,215000000.0,1418000000.0,147000000.0,,576000000.0,576000000.0,547000000.0,16000000.0,1415000000.0,170000000.0,-62000000.0,10000000.0,26000000.0,428000000.0,934000000.0,,13000000.0,,,168000000.0,27000000.0,844000000.0,3000000.0,228000000.0,1643000000.0,1496000000.0,1046000000.0,797000000.0,2461000000.0,49000000.0,701300000.0,702082000.0,712861000.0
Truist Financial Corp,TFC,549300DRQQI75D2JP341,92230,2013.0,Q1TTM,2012-04-01,2013-03-31,,115000000.0,2.42,2.42,-0.83,394000000.0,,2.38,1056000000.0,370000000.0,888000000.0,5911000000.0,589000000.0,,1839000000.0,1839000000.0,1695000000.0,51000000.0,5843000000.0,668000000.0,-295000000.0,34000000.0,114000000.0,1803000000.0,3579000000.0,2000000.0,93000000.0,,,1041000000.0,61000000.0,3212000000.0,7000000.0,990000000.0,6833000000.0,5857000000.0,3950000000.0,2895000000.0,9793000000.0,187000000.0,700000000.0,700275000.0,711020000.0
Truist Financial Corp,TFC,549300DRQQI75D2JP341,92230,2013.0,Q1,2013-01-01,2013-03-31,2014-04-30 17:26:18+00:00,27000000.0,0.3,0.3,-0.23,86000000.0,,0.29,481000000.0,94000000.0,215000000.0,1433000000.0,150000000.0,,256000000.0,256000000.0,210000000.0,16000000.0,1422000000.0,171000000.0,-36000000.0,11000000.0,28000000.0,394000000.0,867000000.0,,30000000.0,,,272000000.0,5000000.0,817000000.0,1000000.0,237000000.0,1659000000.0,1414000000.0,1001000000.0,737000000.0,2423000000.0,48000000.0,700000000.0,700275000.0,711020000.0
Truist Financial Corp,TFC,549300DRQQI75D2JP341,92230,2014.0,FY,2014-01-01,2014-12-31,2017-02-21 16:18:46+00:00,91000000.0,2.76,2.76,0.95,239000000.0,,2.72,921000000.0,387000000.0,939000000.0,5163000000.0,525000000.0,,2206000000.0,2206000000.0,1983000000.0,75000000.0,5374000000.0,971000000.0,4000000.0,40000000.0,-138000000.0,1446000000.0,3389000000.0,122000000.0,148000000.0,,,251000000.0,46000000.0,3180000000.0,4000000.0,768000000.0,6142000000.0,5852000000.0,3856000000.0,3127000000.0,9230000000.0,221000000.0,718500000.0,718140000.0,728372000.0
Truist Financial Corp,TFC,549300DRQQI75D2JP341,92230,2014.0,Q3YTD,2014-01-01,2014-09-30,,113000000.0,2.0,2.0,-0.23,181000000.0,,1.96,644000000.0,275000000.0,702000000.0,3891000000.0,401000000.0,,1603000000.0,1603000000.0,1432000000.0,60000000.0,4039000000.0,544000000.0,-175000000.0,31000000.0,37000000.0,1268000000.0,2532000000.0,122000000.0,111000000.0,,,168000000.0,28000000.0,2386000000.0,3000000.0,585000000.0,4624000000.0,4458000000.0,2834000000.0,2247000000.0,6873000000.0,165000000.0,721100000.0,720117000.0,729989000.0
Truist Financial Corp,TFC,549300DRQQI75D2JP341,92230,2014.0,Q3TTM,2013-10-01,2014-09-30,,297000000.0,2.76,2.76,1.38,246000000.0,,2.72,1045000000.0,376000000.0,922000000.0,5232000000.0,539000000.0,,2192000000.0,2192000000.0,1970000000.0,74000000.0,5401000000.0,807000000.0,48000000.0,36000000.0,-147000000.0,1380000000.0,3424000000.0,122000000.0,148000000.0,,,228000000.0,38000000.0,3213000000.0,4000000.0,789000000.0,6190000000.0,5854000000.0,3918000000.0,3237000000.0,9319000000.0,217000000.0,721100000.0,720117000.0,729989000.0
Truist Financial Corp,TFC,549300DRQQI75D2JP341,92230,2014.0,Q3,2014-07-01,2014-09-30,2015-10-30 16:21:56+00:00,67000000.0,0.71,0.71,0.24,61000000.0,,0.7,172000000.0,95000000.0,232000000.0,1301000000.0,130000000.0,,553000000.0,553000000.0,512000000.0,4000000.0,1349000000.0,200000000.0,-5000000.0,8000000.0,-35000000.0,348000000.0,838000000.0,122000000.0,37000000.0,,,34000000.0,7000000.0,795000000.0,1000000.0,192000000.0,1541000000.0,1539000000.0,949000000.0,725000000.0,2298000000.0,56000000.0,721100000.0,720117000.0,729989000.0
Truist Financial Corp,TFC,549300DRQQI75D2JP341,92230,2014.0,Q2YTD,2014-01-01,2014-06-30,,46000000.0,1.29,1.29,-0.47,120000000.0,,1.26,472000000.0,180000000.0,470000000.0,2590000000.0,271000000.0,,1050000000.0,1050000000.0,920000000.0,56000000.0,2690000000.0,344000000.0,-170000000.0,23000000.0,72000000.0,920000000.0,1694000000.0,,74000000.0,,,134000000.0,21000000.0,1591000000.0,2000000.0,393000000.0,3083000000.0,2919000000.0,1885000000.0,1522000000.0,4575000000.0,109000000.0,718600000.0,719080000.0,728452000.0
Truist Financial Corp,TFC,549300DRQQI75D2JP341,92230,2014.0,Q2TTM,2013-07-01,2014-06-30,,256000000.0,2.43,2.43,0.91,257000000.0,,2.39,1323000000.0,370000000.0,911000000.0,5342000000.0,558000000.0,,1948000000.0,1948000000.0,1726000000.0,74000000.0,5469000000.0,784000000.0,-21000000.0,35000000.0,-85000000.0,1491000000.0,3398000000.0,,148000000.0,,,286000000.0,35000000.0,3223000000.0,4000000.0,819000000.0,6288000000.0,5786000000.0,3874000000.0,3271000000.0,9343000000.0,212000000.0,718600000.0,719080000.0,728452000.0
Truist Financial Corp,TFC,549300DRQQI75D2JP341,92230,2014.0,Q2,2014-04-01,2014-06-30,2015-07-30 16:04:18+00:00,23000000.0,0.59,0.59,-0.24,60000000.0,,0.58,216000000.0,92000000.0,234000000.0,1295000000.0,133000000.0,,477000000.0,477000000.0,424000000.0,16000000.0,1343000000.0,168000000.0,-88000000.0,8000000.0,45000000.0,521000000.0,854000000.0,0.0,37000000.0,,,74000000.0,13000000.0,809000000.0,1000000.0,194000000.0,1537000000.0,1534000000.0,958000000.0,693000000.0,2301000000.0,55000000.0,718600000.0,719080000.0,728452000.0
Truist Financial Corp,TFC,549300DRQQI75D2JP341,92230,2014.0,Q1TTM,2013-04-01,2014-03-31,,260000000.0,2.62,2.62,0.92,275000000.0,,2.58,1328000000.0,377000000.0,892000000.0,5465000000.0,572000000.0,,2047000000.0,2047000000.0,1849000000.0,74000000.0,5541000000.0,786000000.0,5000000.0,37000000.0,-104000000.0,1398000000.0,3478000000.0,,124000000.0,,,380000000.0,49000000.0,3258000000.0,6000000.0,853000000.0,6394000000.0,5748000000.0,3962000000.0,3375000000.0,9503000000.0,206000000.0,708600000.0,712842000.0,724283000.0
Truist Financial Corp,TFC,549300DRQQI75D2JP341,92230,2014.0,Q1,2014-01-01,2014-03-31,2015-04-27 16:13:04+00:00,23000000.0,0.7,0.7,-0.23,60000000.0,,0.68,256000000.0,88000000.0,236000000.0,1295000000.0,138000000.0,,573000000.0,573000000.0,496000000.0,40000000.0,1347000000.0,176000000.0,-82000000.0,15000000.0,27000000.0,399000000.0,840000000.0,,37000000.0,,,60000000.0,8000000.0,782000000.0,1000000.0,199000000.0,1546000000.0,1385000000.0,927000000.0,829000000.0,2274000000.0,54000000.0,708600000.0,712842000.0,724283000.0
Truist Financial Corp,TFC,549300DRQQI75D2JP341,92230,2015.0,FY,2015-01-01,2015-12-31,2018-02-20 18:34:45+00:00,105000000.0,2.59,2.59,1.05,233000000.0,,2.56,794000000.0,398000000.0,941000000.0,5347000000.0,498000000.0,,2123000000.0,2123000000.0,1936000000.0,39000000.0,5592000000.0,1035000000.0,-3000000.0,39000000.0,-16000000.0,1219000000.0,3400000000.0,172000000.0,148000000.0,,101000000.0,428000000.0,165000000.0,3469000000.0,4000000.0,735000000.0,6327000000.0,6266000000.0,4019000000.0,2917000000.0,9611000000.0,240000000.0,747500000.0,748010000.0,757765000.0
Truist Financial Corp,TFC,549300DRQQI75D2JP341,92230,2015.0,Q4,2015-10-01,2015-12-31,,32000000.0,0.64,0.64,0.27,62000000.0,,0.63,251000000.0,91000000.0,237000000.0,1449000000.0,128000000.0,,542000000.0,542000000.0,502000000.0,3000000.0,1504000000.0,285000000.0,-2000000.0,9000000.0,8000000.0,236000000.0,852000000.0,,37000000.0,,101000000.0,129000000.0,50000000.0,893000000.0,1000000.0,191000000.0,1695000000.0,1597000000.0,1015000000.0,793000000.0,2519000000.0,64000000.0,747500000.0,748010000.0,757765000.0
Truist Financial Corp,TFC,549300DRQQI75D2JP341,92230,2015.0,Q3,2015-07-01,2015-09-30,2016-10-24 17:27:44+00:00,29000000.0,0.64,0.64,0.27,61000000.0,,0.64,222000000.0,105000000.0,232000000.0,1412000000.0,124000000.0,,533000000.0,533000000.0,492000000.0,4000000.0,1464000000.0,268000000.0,-2000000.0,6000000.0,3000000.0,338000000.0,819000000.0,0.0,37000000.0,,,103000000.0,77000000.0,882000000.0,1000000.0,186000000.0,1650000000.0,1594000000.0,988000000.0,755000000.0,2452000000.0,63000000.0,768800000.0,764435000.0,774023000.0
Truist Financial Corp,TFC,549300DRQQI75D2JP341,92230,2015.0,Q3YTD,2015-01-01,2015-09-30,,73000000.0,1.95,1.95,0.78,171000000.0,,1.93,543000000.0,307000000.0,704000000.0,3898000000.0,370000000.0,,1581000000.0,1581000000.0,1434000000.0,36000000.0,4088000000.0,750000000.0,-1000000.0,30000000.0,-24000000.0,983000000.0,2548000000.0,172000000.0,111000000.0,,,299000000.0,115000000.0,2576000000.0,3000000.0,544000000.0,4632000000.0,4669000000.0,3004000000.0,2124000000.0,7092000000.0,176000000.0,768800000.0,764435000.0,774023000.0
Truist Financial Corp,TFC,549300DRQQI75D2JP341,92230,2015.0,Q3TTM,2014-10-01,2015-09-30,,51000000.0,2.71,2.71,1.96,229000000.0,,2.69,820000000.0,419000000.0,941000000.0,5170000000.0,494000000.0,,2184000000.0,2184000000.0,1985000000.0,51000000.0,5423000000.0,1177000000.0,178000000.0,39000000.0,-199000000.0,1161000000.0,3405000000.0,172000000.0,148000000.0,,,382000000.0,133000000.0,3370000000.0,4000000.0,727000000.0,6150000000.0,6063000000.0,4026000000.0,3004000000.0,9449000000.0,232000000.0,768800000.0,764435000.0,774023000.0
Truist Financial Corp,TFC,549300DRQQI75D2JP341,92230,2015.0,Q2,2015-04-01,2015-06-30,2016-07-27 16:53:59+00:00,23000000.0,0.63,0.63,0.27,55000000.0,,0.62,80000000.0,108000000.0,232000000.0,1249000000.0,121000000.0,,501000000.0,501000000.0,454000000.0,10000000.0,1312000000.0,241000000.0,1000000.0,8000000.0,-7000000.0,328000000.0,862000000.0,172000000.0,37000000.0,,,97000000.0,25000000.0,864000000.0,1000000.0,177000000.0,1489000000.0,1653000000.0,1019000000.0,581000000.0,2331000000.0,57000000.0,720600000.0,724880000.0,734527000.0
Truist Financial Corp,TFC,549300DRQQI75D2JP341,92230,2015.0,Q2YTD,2015-01-01,2015-06-30,,44000000.0,1.31,1.31,0.51,110000000.0,,1.29,321000000.0,202000000.0,472000000.0,2486000000.0,246000000.0,,1048000000.0,1048000000.0,942000000.0,32000000.0,2624000000.0,482000000.0,1000000.0,24000000.0,-27000000.0,645000000.0,1729000000.0,172000000.0,74000000.0,,,196000000.0,38000000.0,1694000000.0,2000000.0,358000000.0,2982000000.0,3075000000.0,2016000000.0,1369000000.0,4640000000.0,113000000.0,720600000.0,724880000.0,734527000.0
Truist Financial Corp,TFC,549300DRQQI75D2JP341,92230,2015.0,Q2TTM,2014-07-01,2015-06-30,,89000000.0,2.78,2.78,1.93,229000000.0,,2.75,770000000.0,409000000.0,941000000.0,5059000000.0,500000000.0,,2204000000.0,2204000000.0,2005000000.0,51000000.0,5308000000.0,1109000000.0,175000000.0,41000000.0,-237000000.0,1171000000.0,3424000000.0,294000000.0,148000000.0,,,313000000.0,63000000.0,3283000000.0,4000000.0,733000000.0,6041000000.0,6008000000.0,3987000000.0,2974000000.0,9295000000.0,225000000.0,720600000.0,724880000.0,734527000.0
Truist Financial Corp,TFC,549300DRQQI75D2JP341,92230,2015.0,Q1,2015-01-01,2015-03-31,2016-04-29 16:27:42+00:00,21000000.0,0.68,0.68,0.24,55000000.0,,0.67,241000000.0,94000000.0,240000000.0,1237000000.0,125000000.0,,547000000.0,547000000.0,488000000.0,22000000.0,1312000000.0,241000000.0,0.0,16000000.0,-20000000.0,317000000.0,867000000.0,0.0,37000000.0,,,99000000.0,13000000.0,830000000.0,1000000.0,181000000.0,1493000000.0,1422000000.0,997000000.0,788000000.0,2309000000.0,56000000.0,717600000.0,721639000.0,731511000.0
Truist Financial Corp,TFC,549300DRQQI75D2JP341,92230,2015.0,Q1TTM,2014-04-01,2015-03-31,,89000000.0,2.74,2.74,1.42,234000000.0,,2.71,906000000.0,393000000.0,943000000.0,5105000000.0,512000000.0,,2180000000.0,2180000000.0,1975000000.0,57000000.0,5339000000.0,1036000000.0,86000000.0,41000000.0,-185000000.0,1364000000.0,3416000000.0,122000000.0,148000000.0,,,290000000.0,51000000.0,3228000000.0,4000000.0,750000000.0,6089000000.0,5889000000.0,3926000000.0,3086000000.0,9265000000.0,223000000.0,717600000.0,721639000.0,731511000.0
Truist Financial Corp,TFC,549300DRQQI75D2JP341,92230,2016.0,FY,2016-01-01,2016-12-31,2019-02-26 17:11:54+00:00,150000000.0,2.81,2.81,1.15,251000000.0,,2.77,1058000000.0,871000000.0,1029000000.0,5985000000.0,485000000.0,,2442000000.0,2442000000.0,2259000000.0,16000000.0,6321000000.0,972000000.0,,52000000.0,1896000000.0,1255000000.0,1582000000.0,-1000000.0,167000000.0,123000000.0,145000000.0,572000000.0,171000000.0,4029000000.0,9000000.0,745000000.0,7066000000.0,6721000000.0,4472000000.0,3500000000.0,10793000000.0,,803900000.0,804680000.0,814916000.0
Truist Financial Corp,TFC,549300DRQQI75D2JP341,92230,2016.0,Q4,2016-10-01,2016-12-31,,38000000.0,0.73,0.73,-0.85,61000000.0,,0.71,287000000.0,571000000.0,226000000.0,1510000000.0,117000000.0,,643000000.0,643000000.0,592000000.0,7000000.0,1565000000.0,81000000.0,-45000000.0,9000000.0,1838000000.0,322000000.0,-1128000000.0,,44000000.0,123000000.0,145000000.0,129000000.0,13000000.0,1069000000.0,2000000.0,180000000.0,1745000000.0,1668000000.0,1162000000.0,930000000.0,2727000000.0,-197000000.0,803900000.0,804680000.0,814916000.0
Truist Financial Corp,TFC,549300DRQQI75D2JP341,92230,2016.0,Q3,2016-07-01,2016-09-30,2017-10-27 16:17:50+00:00,38000000.0,0.74,0.74,0.3,62000000.0,,0.73,273000000.0,101000000.0,262000000.0,1524000000.0,121000000.0,,642000000.0,642000000.0,599000000.0,0.0,1610000000.0,317000000.0,0.0,9000000.0,51000000.0,307000000.0,944000000.0,0.0,43000000.0,,,148000000.0,43000000.0,1006000000.0,2000000.0,185000000.0,1795000000.0,1711000000.0,1164000000.0,915000000.0,2774000000.0,68000000.0,809500000.0,812521000.0,823106000.0
Truist Financial Corp,TFC,549300DRQQI75D2JP341,92230,2016.0,Q3YTD,2016-01-01,2016-09-30,,112000000.0,2.08,2.08,0.85,190000000.0,,2.06,771000000.0,300000000.0,803000000.0,4475000000.0,368000000.0,,1799000000.0,1799000000.0,1667000000.0,9000000.0,4756000000.0,891000000.0,45000000.0,43000000.0,58000000.0,933000000.0,2710000000.0,-1000000.0,123000000.0,,,443000000.0,158000000.0,2960000000.0,7000000.0,565000000.0,5321000000.0,5053000000.0,3310000000.0,2570000000.0,8066000000.0,197000000.0,809500000.0,812521000.0,823106000.0
Truist Financial Corp,TFC,549300DRQQI75D2JP341,92230,2016.0,Q3TTM,2015-10-01,2016-09-30,,144000000.0,2.72,2.72,1.12,252000000.0,,2.69,1022000000.0,391000000.0,1040000000.0,5924000000.0,496000000.0,,2341000000.0,2341000000.0,2169000000.0,12000000.0,6260000000.0,1176000000.0,43000000.0,52000000.0,66000000.0,1169000000.0,3562000000.0,-1000000.0,160000000.0,,101000000.0,572000000.0,208000000.0,3853000000.0,8000000.0,756000000.0,7016000000.0,6650000000.0,4325000000.0,3363000000.0,10585000000.0,261000000.0,809500000.0,812521000.0,823106000.0
Truist Financial Corp,TFC,549300DRQQI75D2JP341,92230,2016.0,Q2,2016-04-01,2016-06-30,2017-07-28 08:26:35+00:00,42000000.0,0.67,0.67,0.28,64000000.0,,0.66,252000000.0,102000000.0,286000000.0,1509000000.0,121000000.0,,587000000.0,587000000.0,541000000.0,3000000.0,1617000000.0,291000000.0,0.0,10000000.0,2000000.0,333000000.0,959000000.0,0.0,43000000.0,,,111000000.0,92000000.0,1039000000.0,3000000.0,188000000.0,1805000000.0,1797000000.0,1130000000.0,839000000.0,2747000000.0,67000000.0,807500000.0,814261000.0,823682000.0
Truist Financial Corp,TFC,549300DRQQI75D2JP341,92230,2016.0,Q2YTD,2016-01-01,2016-06-30,,74000000.0,1.34,1.34,0.55,128000000.0,,1.33,498000000.0,199000000.0,541000000.0,2951000000.0,247000000.0,,1157000000.0,1157000000.0,1068000000.0,9000000.0,3146000000.0,574000000.0,45000000.0,34000000.0,7000000.0,626000000.0,1766000000.0,-1000000.0,80000000.0,,,295000000.0,115000000.0,1954000000.0,5000000.0,380000000.0,3526000000.0,3342000000.0,2146000000.0,1655000000.0,5292000000.0,129000000.0,807500000.0,814261000.0,823682000.0
Truist Financial Corp,TFC,549300DRQQI75D2JP341,92230,2016.0,Q2TTM,2015-07-01,2016-06-30,,135000000.0,2.62,2.62,1.09,251000000.0,,2.6,971000000.0,395000000.0,1010000000.0,5812000000.0,499000000.0,,2232000000.0,2232000000.0,2062000000.0,16000000.0,6114000000.0,1127000000.0,41000000.0,49000000.0,18000000.0,1200000000.0,3437000000.0,-1000000.0,154000000.0,,101000000.0,527000000.0,242000000.0,3729000000.0,7000000.0,757000000.0,6871000000.0,6533000000.0,4149000000.0,3203000000.0,10263000000.0,256000000.0,807500000.0,814261000.0,823682000.0
Truist Financial Corp,TFC,549300DRQQI75D2JP341,92230,2016.0,Q1,2016-01-01,2016-03-31,2017-04-24 16:52:49+00:00,32000000.0,0.67,0.67,0.27,64000000.0,,0.67,246000000.0,97000000.0,255000000.0,1442000000.0,126000000.0,,570000000.0,570000000.0,527000000.0,6000000.0,1529000000.0,283000000.0,45000000.0,24000000.0,5000000.0,293000000.0,807000000.0,-1000000.0,37000000.0,,,184000000.0,23000000.0,915000000.0,2000000.0,192000000.0,1721000000.0,1545000000.0,1016000000.0,816000000.0,2545000000.0,62000000.0,786600000.0,781193000.0,790176000.0
Truist Financial Corp,TFC,549300DRQQI75D2JP341,92230,2016.0,Q1TTM,2015-04-01,2016-03-31,,116000000.0,2.58,2.58,1.08,242000000.0,,2.56,799000000.0,401000000.0,956000000.0,5552000000.0,499000000.0,,2146000000.0,2146000000.0,1975000000.0,23000000.0,5809000000.0,1077000000.0,42000000.0,47000000.0,9000000.0,1195000000.0,3340000000.0,171000000.0,148000000.0,,101000000.0,513000000.0,175000000.0,3554000000.0,5000000.0,746000000.0,6555000000.0,6389000000.0,4038000000.0,2945000000.0,9847000000.0,246000000.0,786600000.0,781193000.0,790176000.0
Truist Financial Corp,TFC,549300DRQQI75D2JP341,92230,2017.0,Q4,2017-10-01,2017-12-31,,34000000.0,0.78,0.78,-0.93,104000000.0,120000000.0,0.77,209000000.0,5000000.0,286000000.0,1598000000.0,131000000.0,94000000.0,667000000.0,667000000.0,614000000.0,9000000.0,1644000000.0,15000000.0,,14000000.0,1297000000.0,253000000.0,136000000.0,,44000000.0,62000000.0,38000000.0,138000000.0,22000000.0,1072000000.0,19000000.0,254000000.0,1898000000.0,1855000000.0,1432000000.0,876000000.0,3076000000.0,-68000000.0,798600000.0,799217000.0,810977000.0
Truist Financial Corp,TFC,549300DRQQI75D2JP341,92230,2017.0,Q3,2017-07-01,2017-09-30,2018-10-26 08:24:41+00:00,34000000.0,0.75,0.75,0.33,91000000.0,,0.74,294000000.0,217000000.0,276000000.0,1591000000.0,124000000.0,,648000000.0,648000000.0,597000000.0,8000000.0,1647000000.0,232000000.0,,10000000.0,433000000.0,341000000.0,488000000.0,0.0,43000000.0,28000000.0,40000000.0,126000000.0,47000000.0,1051000000.0,15000000.0,230000000.0,1877000000.0,1745000000.0,1166000000.0,942000000.0,2813000000.0,,796000000.0,794558000.0,806124000.0
Truist Financial Corp,TFC,549300DRQQI75D2JP341,92230,2017.0,Q3YTD,2017-01-01,2017-09-30,,108000000.0,2.0,2.0,0.93,240000000.0,,1.97,702000000.0,507000000.0,806000000.0,4632000000.0,323000000.0,,1748000000.0,1748000000.0,1606000000.0,12000000.0,4891000000.0,769000000.0,,38000000.0,1016000000.0,958000000.0,1906000000.0,392000000.0,130000000.0,60000000.0,115000000.0,409000000.0,93000000.0,3154000000.0,22000000.0,585000000.0,5476000000.0,5589000000.0,3557000000.0,2450000000.0,8448000000.0,68000000.0,796000000.0,794558000.0,806124000.0
Truist Financial Corp,TFC,549300DRQQI75D2JP341,92230,2017.0,Q3TTM,2016-10-01,2017-09-30,,146000000.0,2.73,2.73,0.08,301000000.0,,2.68,989000000.0,1078000000.0,1032000000.0,6142000000.0,440000000.0,,2391000000.0,2391000000.0,2198000000.0,19000000.0,6456000000.0,850000000.0,-45000000.0,47000000.0,2854000000.0,1280000000.0,778000000.0,392000000.0,174000000.0,183000000.0,260000000.0,538000000.0,106000000.0,4223000000.0,24000000.0,765000000.0,7221000000.0,7257000000.0,4719000000.0,3380000000.0,11175000000.0,-129000000.0,796000000.0,794558000.0,806124000.0
Truist Financial Corp,TFC,549300DRQQI75D2JP341,92230,2017.0,Q2,2017-04-01,2017-06-30,2018-07-27 16:18:58+00:00,36000000.0,0.78,0.78,0.3,80000000.0,,0.77,304000000.0,199000000.0,272000000.0,1540000000.0,104000000.0,,674000000.0,674000000.0,631000000.0,-1000000.0,1635000000.0,237000000.0,,12000000.0,518000000.0,355000000.0,471000000.0,0.0,44000000.0,32000000.0,36000000.0,135000000.0,10000000.0,1068000000.0,5000000.0,189000000.0,1824000000.0,1742000000.0,1220000000.0,978000000.0,2855000000.0,,809000000.0,808980000.0,819389000.0
Truist Financial Corp,TFC,549300DRQQI75D2JP341,92230,2017.0,Q2YTD,2017-01-01,2017-06-30,,74000000.0,1.25,1.25,0.6,149000000.0,,1.23,408000000.0,290000000.0,530000000.0,3041000000.0,199000000.0,,1100000000.0,1100000000.0,1009000000.0,4000000.0,3244000000.0,537000000.0,,28000000.0,583000000.0,617000000.0,1418000000.0,392000000.0,87000000.0,32000000.0,75000000.0,283000000.0,46000000.0,2103000000.0,7000000.0,355000000.0,3599000000.0,3844000000.0,2391000000.0,1508000000.0,5635000000.0,68000000.0,809000000.0,808980000.0,819389000.0
Truist Financial Corp,TFC,549300DRQQI75D2JP341,92230,2017.0,Q2TTM,2016-07-01,2017-06-30,,150000000.0,2.72,2.72,0.05,272000000.0,,2.67,968000000.0,962000000.0,1018000000.0,6075000000.0,437000000.0,,2385000000.0,2385000000.0,2200000000.0,11000000.0,6419000000.0,935000000.0,-45000000.0,46000000.0,2472000000.0,1246000000.0,1234000000.0,392000000.0,174000000.0,155000000.0,220000000.0,560000000.0,102000000.0,4178000000.0,11000000.0,720000000.0,7139000000.0,7223000000.0,4717000000.0,3353000000.0,11136000000.0,-61000000.0,809000000.0,808980000.0,819389000.0
Truist Financial Corp,TFC,549300DRQQI75D2JP341,92230,2017.0,Q1,2017-01-01,2017-03-31,2018-04-30 16:18:26+00:00,38000000.0,0.47,0.47,0.3,69000000.0,,0.46,104000000.0,91000000.0,258000000.0,1501000000.0,95000000.0,,426000000.0,426000000.0,378000000.0,5000000.0,1609000000.0,300000000.0,0.0,16000000.0,65000000.0,262000000.0,947000000.0,392000000.0,43000000.0,,39000000.0,148000000.0,36000000.0,1035000000.0,2000000.0,166000000.0,1775000000.0,2102000000.0,1171000000.0,530000000.0,2780000000.0,68000000.0,804300000.0,809903000.0,822719000.0
Truist Financial Corp,TFC,549300DRQQI75D2JP341,92230,2017.0,Q1TTM,2016-04-01,2017-03-31,,156000000.0,2.61,2.61,0.03,256000000.0,,2.56,916000000.0,865000000.0,1032000000.0,6044000000.0,454000000.0,,2298000000.0,2298000000.0,2110000000.0,15000000.0,6401000000.0,989000000.0,-45000000.0,44000000.0,1956000000.0,1224000000.0,1722000000.0,392000000.0,173000000.0,123000000.0,184000000.0,536000000.0,184000000.0,4149000000.0,9000000.0,719000000.0,7120000000.0,7278000000.0,4627000000.0,3214000000.0,11028000000.0,6000000.0,804300000.0,809903000.0,822719000.0
Truist Financial Corp,TFC,549300DRQQI75D2JP341,92230,2018.0,Q4,2018-10-01,2018-12-31,,34000000.0,0.98,0.98,,206000000.0,120000000.0,0.97,205000000.0,-198000000.0,292000000.0,1830000000.0,186000000.0,102000000.0,805000000.0,805000000.0,754000000.0,7000000.0,1705000000.0,91000000.0,,14000000.0,-3953000000.0,4924000000.0,682000000.0,,44000000.0,28000000.0,18000000.0,146000000.0,76000000.0,1096000000.0,39000000.0,431000000.0,2136000000.0,1784000000.0,-3442000000.0,1010000000.0,-1737000000.0,,773500000.0,772963000.0,783484000.0
Truist Financial Corp,TFC,549300DRQQI75D2JP341,92230,2018.0,Q3,2018-07-01,2018-09-30,2019-10-25 16:39:58+00:00,33000000.0,1.02,1.02,,172000000.0,,1.01,210000000.0,195000000.0,283000000.0,1772000000.0,181000000.0,,839000000.0,839000000.0,789000000.0,7000000.0,1687000000.0,222000000.0,,14000000.0,485000000.0,328000000.0,532000000.0,,43000000.0,27000000.0,37000000.0,135000000.0,18000000.0,1104000000.0,29000000.0,382000000.0,2069000000.0,1742000000.0,1239000000.0,1049000000.0,2926000000.0,,773500000.0,771562000.0,781867000.0
Truist Financial Corp,TFC,549300DRQQI75D2JP341,92230,2018.0,Q3YTD,2018-01-01,2018-09-30,,97000000.0,2.98,2.98,,438000000.0,,2.94,598000000.0,610000000.0,868000000.0,5064000000.0,497000000.0,,2452000000.0,2452000000.0,2309000000.0,13000000.0,4977000000.0,667000000.0,,52000000.0,1475000000.0,981000000.0,1467000000.0,,130000000.0,88000000.0,116000000.0,420000000.0,70000000.0,3217000000.0,72000000.0,1007000000.0,5984000000.0,5148000000.0,3641000000.0,3050000000.0,8618000000.0,,773500000.0,771562000.0,781867000.0
Truist Financial Corp,TFC,549300DRQQI75D2JP341,92230,2018.0,Q3TTM,2017-10-01,2018-09-30,,131000000.0,3.76,3.76,-0.93,542000000.0,120000000.0,3.71,807000000.0,615000000.0,1154000000.0,6662000000.0,628000000.0,94000000.0,3119000000.0,3119000000.0,2923000000.0,22000000.0,6621000000.0,682000000.0,,66000000.0,2772000000.0,1234000000.0,1603000000.0,,174000000.0,150000000.0,154000000.0,558000000.0,92000000.0,4289000000.0,91000000.0,1261000000.0,7882000000.0,7003000000.0,5073000000.0,3926000000.0,11694000000.0,-68000000.0,773500000.0,771562000.0,781867000.0
Truist Financial Corp,TFC,549300DRQQI75D2JP341,92230,2018.0,Q2,2018-04-01,2018-06-30,2019-07-30 18:16:41+00:00,31000000.0,1.0,1.0,,148000000.0,,0.99,202000000.0,203000000.0,294000000.0,1687000000.0,166000000.0,,822000000.0,822000000.0,775000000.0,3000000.0,1657000000.0,219000000.0,,13000000.0,517000000.0,333000000.0,471000000.0,,44000000.0,30000000.0,39000000.0,135000000.0,24000000.0,1074000000.0,23000000.0,337000000.0,1994000000.0,1720000000.0,1222000000.0,1024000000.0,2879000000.0,,775000000.0,775836000.0,785750000.0
Truist Financial Corp,TFC,549300DRQQI75D2JP341,92230,2018.0,Q2YTD,2018-01-01,2018-06-30,,64000000.0,1.96,1.96,,266000000.0,,1.93,388000000.0,415000000.0,585000000.0,3292000000.0,316000000.0,,1613000000.0,1613000000.0,1520000000.0,6000000.0,3290000000.0,445000000.0,,38000000.0,990000000.0,653000000.0,935000000.0,,87000000.0,61000000.0,79000000.0,285000000.0,52000000.0,2113000000.0,43000000.0,625000000.0,3915000000.0,3406000000.0,2402000000.0,2001000000.0,5692000000.0,,775000000.0,775836000.0,785750000.0
Truist Financial Corp,TFC,549300DRQQI75D2JP341,92230,2018.0,Q2TTM,2017-07-01,2018-06-30,,132000000.0,3.49,3.49,-0.6,461000000.0,120000000.0,3.44,891000000.0,637000000.0,1147000000.0,6481000000.0,571000000.0,94000000.0,2928000000.0,2928000000.0,2731000000.0,23000000.0,6581000000.0,692000000.0,,62000000.0,2720000000.0,1247000000.0,1559000000.0,,174000000.0,151000000.0,157000000.0,549000000.0,121000000.0,4236000000.0,77000000.0,1109000000.0,7690000000.0,7006000000.0,5000000000.0,3819000000.0,11581000000.0,-68000000.0,775000000.0,775836000.0,785750000.0
Truist Financial Corp,TFC,549300DRQQI75D2JP341,92230,2018.0,Q1,2018-01-01,2018-03-31,2019-04-29 18:39:46+00:00,33000000.0,0.96,0.96,0.375,118000000.0,,0.94,186000000.0,212000000.0,291000000.0,1605000000.0,150000000.0,,791000000.0,791000000.0,745000000.0,3000000.0,1633000000.0,226000000.0,,25000000.0,473000000.0,320000000.0,464000000.0,,43000000.0,31000000.0,40000000.0,150000000.0,28000000.0,1039000000.0,20000000.0,288000000.0,1921000000.0,1686000000.0,1180000000.0,977000000.0,2813000000.0,,776000000.0,779617000.0,791005000.0
Truist Financial Corp,TFC,549300DRQQI75D2JP341,92230,2018.0,Q1TTM,2017-04-01,2018-03-31,,137000000.0,3.27,3.27,-0.3,393000000.0,120000000.0,3.22,993000000.0,633000000.0,1125000000.0,6334000000.0,509000000.0,94000000.0,2780000000.0,2780000000.0,2587000000.0,19000000.0,6559000000.0,710000000.0,,61000000.0,2721000000.0,1269000000.0,1559000000.0,,174000000.0,153000000.0,154000000.0,549000000.0,107000000.0,4230000000.0,59000000.0,961000000.0,7520000000.0,7028000000.0,4998000000.0,3773000000.0,11557000000.0,-68000000.0,776000000.0,779617000.0,791005000.0
Truist Financial Corp,TFC,549300DRQQI75D2JP341,92230,2019.0,FY,2019-01-01,2019-12-31,2020-03-02 19:20:56+00:00,164000000.0,3.76,3.76,1.71,1101000000.0,136000000.0,3.71,782000000.0,,1319000000.0,7982000000.0,797000000.0,137000000.0,3237000000.0,3237000000.0,3028000000.0,13000000.0,7313000000.0,787000000.0,,108000000.0,5255000000.0,1436000000.0,,0.0,196000000.0,,81000000.0,615000000.0,360000000.0,4833000000.0,198000000.0,2096000000.0,9409000000.0,7934000000.0,5255000000.0,4019000000.0,12568000000.0,,805300000.0,805104000.0,815204000.0
Truist Financial Corp,TFC,549300DRQQI75D2JP341,92230,2019.0,Q3YTD,2019-01-01,2019-09-30,,93000000.0,3.04,3.04,,797000000.0,29000000.0,3.01,629000000.0,562000000.0,917000000.0,5611000000.0,578000000.0,27000000.0,2511000000.0,2511000000.0,2326000000.0,8000000.0,5086000000.0,614000000.0,,69000000.0,1747000000.0,995000000.0,1496000000.0,,177000000.0,91000000.0,57000000.0,444000000.0,137000000.0,3368000000.0,136000000.0,1511000000.0,6597000000.0,5359000000.0,3896000000.0,3140000000.0,8982000000.0,,765600000.0,766167000.0,775791000.0
Truist Financial Corp,TFC,549300DRQQI75D2JP341,92230,2019.0,Q3TTM,2018-10-01,2019-09-30,,127000000.0,4.02,4.02,,1003000000.0,149000000.0,3.98,834000000.0,364000000.0,1209000000.0,7441000000.0,764000000.0,129000000.0,3316000000.0,3316000000.0,3080000000.0,15000000.0,6791000000.0,705000000.0,,83000000.0,-2206000000.0,5919000000.0,2178000000.0,,221000000.0,119000000.0,75000000.0,590000000.0,213000000.0,4464000000.0,175000000.0,1942000000.0,8733000000.0,7143000000.0,454000000.0,4150000000.0,7245000000.0,,765600000.0,766167000.0,775791000.0
Truist Financial Corp,TFC,549300DRQQI75D2JP341,92230,2019.0,Q3,2019-07-01,2019-09-30,2019-10-25 16:39:58+00:00,29000000.0,0.96,0.96,,271000000.0,,0.95,218000000.0,242000000.0,315000000.0,1886000000.0,193000000.0,,828000000.0,828000000.0,735000000.0,3000000.0,1700000000.0,214000000.0,,17000000.0,523000000.0,382000000.0,509000000.0,,90000000.0,29000000.0,20000000.0,117000000.0,34000000.0,1161000000.0,54000000.0,518000000.0,2218000000.0,1840000000.0,1303000000.0,1046000000.0,3003000000.0,,765600000.0,766167000.0,775791000.0
Truist Financial Corp,TFC,549300DRQQI75D2JP341,92230,2019.0,Q2YTD,2019-01-01,2019-06-30,,64000000.0,2.08,2.08,,526000000.0,29000000.0,2.06,411000000.0,320000000.0,602000000.0,3725000000.0,385000000.0,27000000.0,1683000000.0,1683000000.0,1591000000.0,5000000.0,3386000000.0,400000000.0,,52000000.0,1224000000.0,613000000.0,987000000.0,,87000000.0,62000000.0,37000000.0,327000000.0,103000000.0,2207000000.0,82000000.0,993000000.0,4379000000.0,3519000000.0,2593000000.0,2094000000.0,5979000000.0,,765500000.0,765958000.0,774603000.0
Truist Financial Corp,TFC,549300DRQQI75D2JP341,92230,2019.0,Q2TTM,2018-07-01,2019-06-30,,131000000.0,4.08,4.08,,904000000.0,149000000.0,4.04,826000000.0,317000000.0,1177000000.0,7327000000.0,752000000.0,129000000.0,3327000000.0,3327000000.0,3134000000.0,19000000.0,6778000000.0,713000000.0,,80000000.0,-2244000000.0,5865000000.0,2201000000.0,,174000000.0,117000000.0,92000000.0,608000000.0,197000000.0,4407000000.0,150000000.0,1806000000.0,8584000000.0,7045000000.0,390000000.0,4153000000.0,7168000000.0,,765500000.0,765958000.0,774603000.0
Truist Financial Corp,TFC,549300DRQQI75D2JP341,92230,2019.0,Q2,2019-04-01,2019-06-30,2019-07-30 18:16:41+00:00,32000000.0,1.1,1.1,,273000000.0,,1.09,234000000.0,244000000.0,300000000.0,1886000000.0,193000000.0,,885000000.0,885000000.0,842000000.0,-1000000.0,1690000000.0,213000000.0,,20000000.0,601000000.0,344000000.0,473000000.0,,44000000.0,34000000.0,19000000.0,172000000.0,23000000.0,1120000000.0,50000000.0,516000000.0,2206000000.0,1751000000.0,1352000000.0,1119000000.0,3042000000.0,,765500000.0,765958000.0,774603000.0
Truist Financial Corp,TFC,549300DRQQI75D2JP341,92230,2019.0,Q1TTM,2018-04-01,2019-03-31,,130000000.0,3.98,3.98,,779000000.0,149000000.0,3.94,794000000.0,276000000.0,1171000000.0,7128000000.0,725000000.0,129000000.0,3264000000.0,3264000000.0,3067000000.0,23000000.0,6745000000.0,719000000.0,,73000000.0,-2328000000.0,5854000000.0,2199000000.0,,174000000.0,113000000.0,112000000.0,571000000.0,198000000.0,4361000000.0,123000000.0,1627000000.0,8372000000.0,7014000000.0,260000000.0,4058000000.0,7005000000.0,,764300000.0,764135000.0,774071000.0
Truist Financial Corp,TFC,549300DRQQI75D2JP341,92230,2020.0,Q1,2020-01-01,2020-03-31,2020-05-08 17:08:36+00:00,165000000.0,0.73,0.73,0.45,421000000.0,71000000.0,0.73,224000000.0,,494000000.0,3776000000.0,272000000.0,84000000.0,1063000000.0,1063000000.0,986000000.0,3000000.0,3650000000.0,337000000.0,,156000000.0,,666000000.0,1961000000.0,,74000000.0,,29000000.0,893000000.0,107000000.0,1972000000.0,83000000.0,776000000.0,4426000000.0,3431000000.0,1961000000.0,1287000000.0,5611000000.0,,1350700000.0,1344372000.0,1357545000.0
