company_name,company_ticker,company_lei,company_cik,year,quarter,start_date,end_date,filing_date,amortizationexpense,basicdilutedeps,basiceps,cashdividendspershare,dilutedeps,incometaxexpense,longtermdebtinterestexpense,netincome,netincomecontinuing,netincometocommon,netinterestincome,netrealizedcapitalgains,otherinterestexpense,othernoninterestincome,otheroperatingexpenses,otherservicechargeincome,premiumsearned,propertyliabilityinsuranceclaims,totalinterestexpense,totalnoninterestexpense,totalnoninterestincome,totalpretaxincome,totalrevenue,weightedavebasicdilutedsharesos,weightedavebasicsharesos,weightedavedilutedsharesos
Travelers Companies Inc,TRV,549300Y650407RU8B149,86312,2007.0,FY,2007-01-01,2007-12-31,2010-02-18 06:26:00+00:00,3706000000.0,7.0,7.0,,6.85,1615000000.0,346000000.0,4601000000.0,4601000000.0,4601000000.0,-346000000.0,3915000000.0,,,3352000000.0,632000000.0,21470000000.0,12397000000.0,346000000.0,19455000000.0,26017000000.0,6216000000.0,25671000000.0,657300000.0,652000000.0,668600000.0
Travelers Companies Inc,TRV,549300Y650407RU8B149,86312,2008.0,FY,2008-01-01,2008-12-31,2010-02-18 06:26:00+00:00,3880000000.0,4.87,4.87,,4.81,792000000.0,370000000.0,2924000000.0,2924000000.0,2924000000.0,-370000000.0,2377000000.0,,,3518000000.0,521000000.0,21579000000.0,12993000000.0,370000000.0,20391000000.0,24477000000.0,3716000000.0,24107000000.0,600400000.0,595900000.0,604300000.0
Travelers Companies Inc,TRV,549300Y650407RU8B149,86312,2008.0,Q3,2008-07-01,2008-09-30,2009-10-22 06:54:53+00:00,990000000.0,0.36,0.36,,0.36,-26000000.0,95000000.0,214000000.0,214000000.0,214000000.0,-95000000.0,546000000.0,,,1001000000.0,151000000.0,5448000000.0,3871000000.0,95000000.0,5862000000.0,6145000000.0,188000000.0,6050000000.0,594400000.0,586700000.0,594700000.0
Travelers Companies Inc,TRV,549300Y650407RU8B149,86312,2009.0,Q4,2009-10-01,2009-12-31,,949000000.0,2.33,2.33,,2.3,508000000.0,98000000.0,1285000000.0,1285000000.0,1285000000.0,-98000000.0,1002000000.0,,,856000000.0,111000000.0,5343000000.0,2760000000.0,98000000.0,4565000000.0,6456000000.0,1793000000.0,6358000000.0,567700000.0,563200000.0,568600000.0
Travelers Companies Inc,TRV,549300Y650407RU8B149,86312,2009.0,FY,2009-01-01,2009-12-31,2012-02-16 06:20:24+00:00,3813000000.0,6.38,6.38,,6.33,1089000000.0,382000000.0,3622000000.0,3622000000.0,3622000000.0,-382000000.0,2793000000.0,,,3366000000.0,469000000.0,21418000000.0,12408000000.0,382000000.0,19587000000.0,24680000000.0,4711000000.0,24298000000.0,567700000.0,563200000.0,568600000.0
Travelers Companies Inc,TRV,549300Y650407RU8B149,86312,2009.0,Q3,2009-07-01,2009-09-30,2009-10-22 06:54:53+00:00,967000000.0,1.66,1.66,,1.65,315000000.0,98000000.0,935000000.0,935000000.0,935000000.0,-98000000.0,792000000.0,,,889000000.0,114000000.0,5421000000.0,3123000000.0,98000000.0,4979000000.0,6327000000.0,1250000000.0,6229000000.0,563300000.0,558400000.0,564100000.0
Travelers Companies Inc,TRV,549300Y650407RU8B149,86312,2009.0,Q3YTD,2009-01-01,2009-09-30,,2864000000.0,4.05,4.05,,4.03,581000000.0,284000000.0,2337000000.0,2337000000.0,2337000000.0,-284000000.0,1791000000.0,,,2510000000.0,358000000.0,16075000000.0,9648000000.0,284000000.0,15022000000.0,18224000000.0,2918000000.0,17940000000.0,563300000.0,558400000.0,564100000.0
Travelers Companies Inc,TRV,549300Y650407RU8B149,86312,2009.0,Q2YTD,2009-01-01,2009-06-30,,1897000000.0,2.39,2.39,,2.38,266000000.0,186000000.0,1402000000.0,1402000000.0,1402000000.0,-186000000.0,999000000.0,,,1621000000.0,244000000.0,10654000000.0,6525000000.0,186000000.0,10043000000.0,11897000000.0,1668000000.0,11711000000.0,582700000.0,575800000.0,579800000.0
Travelers Companies Inc,TRV,549300Y650407RU8B149,86312,2009.0,Q2,2009-04-01,2009-06-30,2010-07-22 06:55:56+00:00,953000000.0,1.27,1.27,,1.27,201000000.0,94000000.0,740000000.0,740000000.0,740000000.0,-94000000.0,671000000.0,,,839000000.0,138000000.0,5353000000.0,3335000000.0,94000000.0,5127000000.0,6162000000.0,941000000.0,6068000000.0,582700000.0,575800000.0,579800000.0
Travelers Companies Inc,TRV,549300Y650407RU8B149,86312,2009.0,Q1,2009-01-01,2009-03-31,2010-04-23 15:21:46+00:00,944000000.0,1.12,1.12,,1.11,65000000.0,92000000.0,662000000.0,662000000.0,662000000.0,-92000000.0,328000000.0,,,782000000.0,106000000.0,5301000000.0,3190000000.0,92000000.0,4916000000.0,5735000000.0,727000000.0,5643000000.0,591100000.0,584600000.0,590400000.0
Travelers Companies Inc,TRV,549300Y650407RU8B149,86312,2010.0,Q4,2010-10-01,2010-12-31,,957000000.0,1.92,1.92,,1.91,303000000.0,98000000.0,894000000.0,894000000.0,894000000.0,-98000000.0,853000000.0,,7000000.0,883000000.0,39000000.0,5440000000.0,3190000000.0,98000000.0,5037000000.0,6339000000.0,1197000000.0,6241000000.0,480700000.0,476500000.0,482500000.0
Travelers Companies Inc,TRV,549300Y650407RU8B149,86312,2010.0,FY,2010-01-01,2010-12-31,2012-02-16 06:20:24+00:00,3802000000.0,6.69,6.69,,6.62,1090000000.0,388000000.0,3216000000.0,3216000000.0,3216000000.0,-388000000.0,3323000000.0,,7000000.0,3406000000.0,357000000.0,21432000000.0,13210000000.0,388000000.0,20418000000.0,25119000000.0,4306000000.0,24731000000.0,480700000.0,476500000.0,482500000.0
Travelers Companies Inc,TRV,549300Y650407RU8B149,86312,2010.0,Q3,2010-07-01,2010-09-30,2010-10-21 06:33:02+00:00,966000000.0,2.14,2.14,,2.11,366000000.0,95000000.0,1005000000.0,1005000000.0,1005000000.0,-95000000.0,961000000.0,,,837000000.0,99000000.0,5422000000.0,3213000000.0,95000000.0,5016000000.0,6482000000.0,1371000000.0,6387000000.0,469600000.0,465900000.0,472000000.0
Travelers Companies Inc,TRV,549300Y650407RU8B149,86312,2010.0,Q3YTD,2010-01-01,2010-09-30,,2845000000.0,4.77,4.77,,4.71,787000000.0,290000000.0,2322000000.0,2322000000.0,2322000000.0,-290000000.0,2470000000.0,,,2516000000.0,318000000.0,15992000000.0,10020000000.0,290000000.0,15381000000.0,18780000000.0,3109000000.0,18490000000.0,469600000.0,465900000.0,472000000.0
Travelers Companies Inc,TRV,549300Y650407RU8B149,86312,2010.0,Q3TTM,2009-10-01,2010-09-30,,3794000000.0,7.1,7.1,,7.01,1295000000.0,388000000.0,3607000000.0,3607000000.0,3607000000.0,-388000000.0,3472000000.0,,,3372000000.0,429000000.0,21335000000.0,12780000000.0,388000000.0,19946000000.0,25236000000.0,4902000000.0,24848000000.0,469600000.0,465900000.0,472000000.0
Travelers Companies Inc,TRV,549300Y650407RU8B149,86312,2010.0,Q2,2010-04-01,2010-06-30,2010-07-22 06:55:56+00:00,950000000.0,1.37,1.37,,1.35,211000000.0,97000000.0,670000000.0,670000000.0,670000000.0,-97000000.0,731000000.0,,,832000000.0,108000000.0,5340000000.0,3419000000.0,97000000.0,5201000000.0,6179000000.0,881000000.0,6082000000.0,489100000.0,484500000.0,490800000.0
Travelers Companies Inc,TRV,549300Y650407RU8B149,86312,2010.0,Q2YTD,2010-01-01,2010-06-30,,1879000000.0,2.63,2.63,,2.6,421000000.0,195000000.0,1317000000.0,1317000000.0,1317000000.0,-195000000.0,1509000000.0,,,1679000000.0,219000000.0,10570000000.0,6807000000.0,195000000.0,10365000000.0,12298000000.0,1738000000.0,12103000000.0,489100000.0,484500000.0,490800000.0
Travelers Companies Inc,TRV,549300Y650407RU8B149,86312,2010.0,Q2TTM,2009-07-01,2010-06-30,,3795000000.0,6.62,6.62,,6.55,1244000000.0,391000000.0,3537000000.0,3537000000.0,3537000000.0,-391000000.0,3303000000.0,,,3424000000.0,444000000.0,21334000000.0,12690000000.0,391000000.0,19909000000.0,25081000000.0,4781000000.0,24690000000.0,489100000.0,484500000.0,490800000.0
Travelers Companies Inc,TRV,549300Y650407RU8B149,86312,2010.0,Q1,2010-01-01,2010-03-31,2010-04-23 15:21:46+00:00,929000000.0,1.26,1.26,,1.25,210000000.0,98000000.0,647000000.0,647000000.0,647000000.0,-98000000.0,778000000.0,,,847000000.0,111000000.0,5230000000.0,3388000000.0,98000000.0,5164000000.0,6119000000.0,857000000.0,6021000000.0,513500000.0,508400000.0,515100000.0
Travelers Companies Inc,TRV,549300Y650407RU8B149,86312,2010.0,Q1TTM,2009-04-01,2010-03-31,,3798000000.0,6.52,6.52,,6.47,1234000000.0,388000000.0,3607000000.0,3607000000.0,3607000000.0,-388000000.0,3243000000.0,,,3431000000.0,474000000.0,21347000000.0,12606000000.0,388000000.0,19835000000.0,25064000000.0,4841000000.0,24676000000.0,513500000.0,508400000.0,515100000.0
Travelers Companies Inc,TRV,549300Y650407RU8B149,86312,2011.0,FY,2011-01-01,2011-12-31,2013-02-19 07:08:46+00:00,3876000000.0,3.4,3.4,,3.36,-74000000.0,386000000.0,1426000000.0,1426000000.0,1426000000.0,-386000000.0,2934000000.0,,,3556000000.0,422000000.0,22090000000.0,16276000000.0,386000000.0,23708000000.0,25446000000.0,1352000000.0,25060000000.0,419400000.0,415800000.0,420500000.0
Travelers Companies Inc,TRV,549300Y650407RU8B149,86312,2011.0,Q4,2011-10-01,2011-12-31,,976000000.0,1.54,1.54,,1.53,160000000.0,96000000.0,618000000.0,618000000.0,618000000.0,-96000000.0,666000000.0,,,906000000.0,96000000.0,5611000000.0,3617000000.0,96000000.0,5499000000.0,6373000000.0,778000000.0,6277000000.0,419400000.0,415800000.0,420500000.0
Travelers Companies Inc,TRV,549300Y650407RU8B149,86312,2011.0,Q3,2011-07-01,2011-09-30,2011-10-19 07:12:29+00:00,982000000.0,0.8,0.8,,0.79,-1000000.0,97000000.0,333000000.0,333000000.0,333000000.0,-97000000.0,692000000.0,,,860000000.0,110000000.0,5605000000.0,4136000000.0,97000000.0,5978000000.0,6407000000.0,332000000.0,6310000000.0,416300000.0,415000000.0,418500000.0
Travelers Companies Inc,TRV,549300Y650407RU8B149,86312,2011.0,Q3YTD,2011-01-01,2011-09-30,,2900000000.0,1.86,1.86,,1.83,-234000000.0,290000000.0,808000000.0,808000000.0,808000000.0,-290000000.0,2268000000.0,,,2650000000.0,326000000.0,16479000000.0,12659000000.0,290000000.0,18209000000.0,19073000000.0,574000000.0,18783000000.0,416300000.0,415000000.0,418500000.0
Travelers Companies Inc,TRV,549300Y650407RU8B149,86312,2011.0,Q3TTM,2010-10-01,2011-09-30,,3857000000.0,3.78,3.78,,3.74,69000000.0,388000000.0,1702000000.0,1702000000.0,1702000000.0,-388000000.0,3121000000.0,,7000000.0,3540000000.0,365000000.0,21919000000.0,15849000000.0,388000000.0,23246000000.0,25412000000.0,1771000000.0,25024000000.0,416300000.0,415000000.0,418500000.0
Travelers Companies Inc,TRV,549300Y650407RU8B149,86312,2011.0,Q2,2011-04-01,2011-06-30,2011-07-21 06:50:53+00:00,970000000.0,-0.88,-0.88,,-0.88,-363000000.0,97000000.0,-364000000.0,-364000000.0,-364000000.0,-97000000.0,777000000.0,,,907000000.0,108000000.0,5503000000.0,5141000000.0,97000000.0,7018000000.0,6388000000.0,-727000000.0,6291000000.0,413600000.0,418600000.0,418600000.0
Travelers Companies Inc,TRV,549300Y650407RU8B149,86312,2011.0,Q2YTD,2011-01-01,2011-06-30,,1918000000.0,1.06,1.06,,1.04,-233000000.0,193000000.0,475000000.0,475000000.0,475000000.0,-193000000.0,1576000000.0,,,1790000000.0,216000000.0,10874000000.0,8523000000.0,193000000.0,12231000000.0,12666000000.0,242000000.0,12473000000.0,413600000.0,418600000.0,418600000.0
Travelers Companies Inc,TRV,549300Y650407RU8B149,86312,2011.0,Q2TTM,2010-07-01,2011-06-30,,3841000000.0,5.12,5.12,,5.06,436000000.0,386000000.0,2374000000.0,2374000000.0,2374000000.0,-386000000.0,3390000000.0,,7000000.0,3517000000.0,354000000.0,21736000000.0,14926000000.0,386000000.0,22284000000.0,25487000000.0,2810000000.0,25101000000.0,413600000.0,418600000.0,418600000.0
Travelers Companies Inc,TRV,549300Y650407RU8B149,86312,2011.0,Q1,2011-01-01,2011-03-31,2011-04-21 06:45:28+00:00,948000000.0,1.94,1.94,,1.92,130000000.0,96000000.0,839000000.0,839000000.0,839000000.0,-96000000.0,799000000.0,,,883000000.0,108000000.0,5371000000.0,3382000000.0,96000000.0,5213000000.0,6278000000.0,969000000.0,6182000000.0,432500000.0,428200000.0,434400000.0
Travelers Companies Inc,TRV,549300Y650407RU8B149,86312,2011.0,Q1TTM,2010-04-01,2011-03-31,,3821000000.0,7.37,7.37,,7.29,1010000000.0,386000000.0,3408000000.0,3408000000.0,3408000000.0,-386000000.0,3344000000.0,,7000000.0,3442000000.0,354000000.0,21573000000.0,13204000000.0,386000000.0,20467000000.0,25278000000.0,4418000000.0,24892000000.0,432500000.0,428200000.0,434400000.0
Travelers Companies Inc,TRV,549300Y650407RU8B149,86312,2012.0,Q4,2012-10-01,2012-12-31,,977000000.0,0.81,0.81,1.79,0.81,7000000.0,93000000.0,304000000.0,304000000.0,304000000.0,-93000000.0,728000000.0,,,929000000.0,110000000.0,5639000000.0,4167000000.0,93000000.0,6073000000.0,6477000000.0,311000000.0,6384000000.0,389400000.0,386200000.0,389800000.0
Travelers Companies Inc,TRV,549300Y650407RU8B149,86312,2012.0,FY,2012-01-01,2012-12-31,2015-02-12 07:04:17+00:00,3910000000.0,6.35,6.35,1.79,6.3,693000000.0,378000000.0,2473000000.0,2473000000.0,2473000000.0,-378000000.0,2940000000.0,,,3610000000.0,443000000.0,22357000000.0,14676000000.0,378000000.0,22196000000.0,25740000000.0,3166000000.0,25362000000.0,389400000.0,386200000.0,389800000.0
Travelers Companies Inc,TRV,549300Y650407RU8B149,86312,2012.0,Q3,2012-07-01,2012-09-30,2013-10-22 07:05:51+00:00,986000000.0,2.23,2.23,,2.21,306000000.0,93000000.0,864000000.0,864000000.0,864000000.0,-93000000.0,720000000.0,,,904000000.0,126000000.0,5666000000.0,3359000000.0,93000000.0,5249000000.0,6512000000.0,1170000000.0,6419000000.0,387400000.0,384000000.0,387900000.0
Travelers Companies Inc,TRV,549300Y650407RU8B149,86312,2012.0,Q3YTD,2012-01-01,2012-09-30,,2933000000.0,5.54,5.54,,5.49,686000000.0,285000000.0,2169000000.0,2169000000.0,2169000000.0,-285000000.0,2212000000.0,,,2681000000.0,333000000.0,16718000000.0,10509000000.0,285000000.0,16123000000.0,19263000000.0,2855000000.0,18978000000.0,387400000.0,384000000.0,387900000.0
Travelers Companies Inc,TRV,549300Y650407RU8B149,86312,2012.0,Q3TTM,2011-10-01,2012-09-30,,3909000000.0,7.08,7.08,,7.02,846000000.0,381000000.0,2787000000.0,2787000000.0,2787000000.0,-381000000.0,2878000000.0,,,3587000000.0,429000000.0,22329000000.0,14126000000.0,381000000.0,21622000000.0,25636000000.0,3633000000.0,25255000000.0,387400000.0,384000000.0,387900000.0
Travelers Companies Inc,TRV,549300Y650407RU8B149,86312,2012.0,Q2,2012-04-01,2012-06-30,2013-07-23 07:07:47+00:00,976000000.0,1.27,1.27,,1.26,109000000.0,96000000.0,499000000.0,499000000.0,499000000.0,-96000000.0,742000000.0,,,893000000.0,88000000.0,5529000000.0,3786000000.0,96000000.0,5655000000.0,6359000000.0,608000000.0,6263000000.0,392900000.0,388000000.0,391600000.0
Travelers Companies Inc,TRV,549300Y650407RU8B149,86312,2012.0,Q2YTD,2012-01-01,2012-06-30,,1947000000.0,3.31,3.31,,3.28,380000000.0,192000000.0,1305000000.0,1305000000.0,1305000000.0,-192000000.0,1492000000.0,,,1777000000.0,207000000.0,11052000000.0,7150000000.0,192000000.0,10874000000.0,12751000000.0,1685000000.0,12559000000.0,392900000.0,388000000.0,391600000.0
Travelers Companies Inc,TRV,549300Y650407RU8B149,86312,2012.0,Q2TTM,2011-07-01,2012-06-30,,3905000000.0,5.65,5.65,,5.6,539000000.0,385000000.0,2256000000.0,2256000000.0,2256000000.0,-385000000.0,2850000000.0,,,3543000000.0,413000000.0,22268000000.0,14903000000.0,385000000.0,22351000000.0,25531000000.0,2795000000.0,25146000000.0,392900000.0,388000000.0,391600000.0
Travelers Companies Inc,TRV,549300Y650407RU8B149,86312,2012.0,Q1,2012-01-01,2012-03-31,2013-04-23 07:08:20+00:00,971000000.0,2.04,2.04,,2.02,271000000.0,96000000.0,806000000.0,806000000.0,806000000.0,-96000000.0,750000000.0,,,884000000.0,119000000.0,5523000000.0,3364000000.0,96000000.0,5219000000.0,6392000000.0,1077000000.0,6296000000.0,395100000.0,392000000.0,395800000.0
Travelers Companies Inc,TRV,549300Y650407RU8B149,86312,2012.0,Q1TTM,2011-04-01,2012-03-31,,3899000000.0,3.5,3.5,,3.46,67000000.0,386000000.0,1393000000.0,1393000000.0,1393000000.0,-386000000.0,2885000000.0,,,3557000000.0,433000000.0,22242000000.0,16258000000.0,386000000.0,23714000000.0,25560000000.0,1460000000.0,25174000000.0,395100000.0,392000000.0,395800000.0
Travelers Companies Inc,TRV,549300Y650407RU8B149,86312,2013.0,Q4,2013-10-01,2013-12-31,,970000000.0,2.71,2.71,1.96,2.7,383000000.0,92000000.0,988000000.0,988000000.0,988000000.0,-92000000.0,713000000.0,,,977000000.0,173000000.0,5851000000.0,3327000000.0,92000000.0,5274000000.0,6737000000.0,1371000000.0,6645000000.0,373300000.0,370300000.0,374300000.0
Travelers Companies Inc,TRV,549300Y650407RU8B149,86312,2013.0,FY,2013-01-01,2013-12-31,2015-02-12 07:04:17+00:00,3821000000.0,9.84,9.84,1.96,9.74,1272000000.0,361000000.0,3673000000.0,3673000000.0,3673000000.0,-361000000.0,2882000000.0,,,3757000000.0,672000000.0,22637000000.0,13307000000.0,361000000.0,20885000000.0,26191000000.0,4945000000.0,25830000000.0,373300000.0,370300000.0,374300000.0
Travelers Companies Inc,TRV,549300Y650407RU8B149,86312,2013.0,Q3,2013-07-01,2013-09-30,2013-10-22 07:05:51+00:00,953000000.0,2.33,2.33,,2.3,313000000.0,91000000.0,864000000.0,864000000.0,864000000.0,-91000000.0,635000000.0,,,934000000.0,151000000.0,5666000000.0,3297000000.0,91000000.0,5184000000.0,6452000000.0,1177000000.0,6361000000.0,370800000.0,368900000.0,372900000.0
Travelers Companies Inc,TRV,549300Y650407RU8B149,86312,2013.0,Q3YTD,2013-01-01,2013-09-30,,2851000000.0,7.13,7.13,,7.04,889000000.0,269000000.0,2685000000.0,2685000000.0,2685000000.0,-269000000.0,2169000000.0,,,2780000000.0,499000000.0,16786000000.0,9980000000.0,269000000.0,15611000000.0,19454000000.0,3574000000.0,19185000000.0,370800000.0,368900000.0,372900000.0
Travelers Companies Inc,TRV,549300Y650407RU8B149,86312,2013.0,Q3TTM,2012-10-01,2013-09-30,,3828000000.0,7.94,7.94,1.79,7.85,896000000.0,362000000.0,2989000000.0,2989000000.0,2989000000.0,-362000000.0,2897000000.0,,,3709000000.0,609000000.0,22425000000.0,14147000000.0,362000000.0,21684000000.0,25931000000.0,3885000000.0,25569000000.0,370800000.0,368900000.0,372900000.0
Travelers Companies Inc,TRV,549300Y650407RU8B149,86312,2013.0,Q2,2013-04-01,2013-06-30,2013-07-23 07:07:47+00:00,950000000.0,2.44,2.44,,2.41,252000000.0,86000000.0,925000000.0,925000000.0,925000000.0,-86000000.0,854000000.0,,,931000000.0,217000000.0,5603000000.0,3530000000.0,86000000.0,5411000000.0,6674000000.0,1177000000.0,6588000000.0,379100000.0,375900000.0,379900000.0
Travelers Companies Inc,TRV,549300Y650407RU8B149,86312,2013.0,Q2YTD,2013-01-01,2013-06-30,,1898000000.0,4.8,4.8,,4.74,576000000.0,178000000.0,1821000000.0,1821000000.0,1821000000.0,-178000000.0,1534000000.0,,,1846000000.0,348000000.0,11120000000.0,6683000000.0,178000000.0,10427000000.0,13002000000.0,2397000000.0,12824000000.0,379100000.0,375900000.0,379900000.0
Travelers Companies Inc,TRV,549300Y650407RU8B149,86312,2013.0,Q2TTM,2012-07-01,2013-06-30,,3861000000.0,7.84,7.84,1.79,7.76,889000000.0,364000000.0,2989000000.0,2989000000.0,2989000000.0,-364000000.0,2982000000.0,,,3679000000.0,584000000.0,22425000000.0,14209000000.0,364000000.0,21749000000.0,25991000000.0,3878000000.0,25627000000.0,379100000.0,375900000.0,379900000.0
Travelers Companies Inc,TRV,549300Y650407RU8B149,86312,2013.0,Q1,2013-01-01,2013-03-31,2013-04-23 07:08:20+00:00,948000000.0,2.36,2.36,,2.33,324000000.0,92000000.0,896000000.0,896000000.0,896000000.0,-92000000.0,680000000.0,,,915000000.0,131000000.0,5517000000.0,3153000000.0,92000000.0,5016000000.0,6328000000.0,1220000000.0,6236000000.0,379700000.0,377700000.0,381900000.0
Travelers Companies Inc,TRV,549300Y650407RU8B149,86312,2013.0,Q1TTM,2012-04-01,2013-03-31,,3887000000.0,6.67,6.67,1.79,6.61,746000000.0,374000000.0,2563000000.0,2563000000.0,2563000000.0,-374000000.0,2870000000.0,,,3641000000.0,455000000.0,22351000000.0,14465000000.0,374000000.0,21993000000.0,25676000000.0,3309000000.0,25302000000.0,379700000.0,377700000.0,381900000.0
Travelers Companies Inc,TRV,549300Y650407RU8B149,86312,2014.0,FY,2014-01-01,2014-12-31,2017-02-16 07:07:39+00:00,3882000000.0,10.82,10.82,2.15,10.7,1397000000.0,,3692000000.0,3692000000.0,3692000000.0,-369000000.0,2866000000.0,369000000.0,,3964000000.0,595000000.0,23713000000.0,13870000000.0,369000000.0,21716000000.0,27174000000.0,5089000000.0,26805000000.0,341200000.0,338800000.0,342500000.0
Travelers Companies Inc,TRV,549300Y650407RU8B149,86312,2014.0,Q4,2014-10-01,2014-12-31,,983000000.0,3.14,3.14,1.6,3.11,422000000.0,-277000000.0,1038000000.0,1038000000.0,1038000000.0,-92000000.0,659000000.0,369000000.0,,1051000000.0,157000000.0,5979000000.0,3209000000.0,92000000.0,5243000000.0,6795000000.0,1460000000.0,6703000000.0,341200000.0,338800000.0,342500000.0
Travelers Companies Inc,TRV,549300Y650407RU8B149,86312,2014.0,Q3YTD,2014-01-01,2014-09-30,,2899000000.0,7.68,7.68,0.55,7.59,975000000.0,277000000.0,2654000000.0,2654000000.0,2654000000.0,-277000000.0,2207000000.0,,,2913000000.0,438000000.0,17734000000.0,10661000000.0,277000000.0,16473000000.0,20379000000.0,3629000000.0,20102000000.0,337900000.0,335100000.0,338900000.0
Travelers Companies Inc,TRV,549300Y650407RU8B149,86312,2014.0,Q3TTM,2013-10-01,2014-09-30,,3869000000.0,10.39,10.39,2.51,10.29,1358000000.0,369000000.0,3642000000.0,3642000000.0,3642000000.0,-369000000.0,2920000000.0,,,3890000000.0,611000000.0,23585000000.0,13988000000.0,369000000.0,21747000000.0,27116000000.0,5000000000.0,26747000000.0,337900000.0,335100000.0,338900000.0
Travelers Companies Inc,TRV,549300Y650407RU8B149,86312,2014.0,Q3,2014-07-01,2014-09-30,2015-10-20 07:08:53+00:00,984000000.0,2.72,2.72,0.55,2.69,339000000.0,93000000.0,919000000.0,919000000.0,919000000.0,-93000000.0,759000000.0,,,1031000000.0,144000000.0,5983000000.0,3520000000.0,93000000.0,5535000000.0,6886000000.0,1258000000.0,6793000000.0,337900000.0,335100000.0,338900000.0
Travelers Companies Inc,TRV,549300Y650407RU8B149,86312,2014.0,Q2YTD,2014-01-01,2014-06-30,,1915000000.0,4.96,4.96,,4.9,636000000.0,184000000.0,1735000000.0,1735000000.0,1735000000.0,-184000000.0,1448000000.0,,,1882000000.0,294000000.0,11751000000.0,7141000000.0,184000000.0,10938000000.0,13493000000.0,2371000000.0,13309000000.0,344900000.0,343000000.0,346700000.0
Travelers Companies Inc,TRV,549300Y650407RU8B149,86312,2014.0,Q2TTM,2013-07-01,2014-06-30,,3838000000.0,10.0,10.0,1.96,9.9,1332000000.0,367000000.0,3587000000.0,3587000000.0,3587000000.0,-367000000.0,2796000000.0,,,3793000000.0,618000000.0,23268000000.0,13765000000.0,367000000.0,21396000000.0,26682000000.0,4919000000.0,26315000000.0,344900000.0,343000000.0,346700000.0
Travelers Companies Inc,TRV,549300Y650407RU8B149,86312,2014.0,Q2,2014-04-01,2014-06-30,2014-07-22 07:12:27+00:00,965000000.0,1.98,1.98,,1.95,218000000.0,92000000.0,683000000.0,683000000.0,683000000.0,-92000000.0,711000000.0,,,1001000000.0,146000000.0,5928000000.0,3826000000.0,92000000.0,5792000000.0,6785000000.0,901000000.0,6693000000.0,344900000.0,343000000.0,346700000.0
Travelers Companies Inc,TRV,549300Y650407RU8B149,86312,2014.0,Q1,2014-01-01,2014-03-31,2014-04-22 07:21:23+00:00,950000000.0,2.98,2.98,,2.95,418000000.0,92000000.0,1052000000.0,1052000000.0,1052000000.0,-92000000.0,737000000.0,,,881000000.0,148000000.0,5823000000.0,3315000000.0,92000000.0,5146000000.0,6708000000.0,1470000000.0,6616000000.0,353000000.0,350900000.0,354600000.0
Travelers Companies Inc,TRV,549300Y650407RU8B149,86312,2014.0,Q1TTM,2013-04-01,2014-03-31,,3823000000.0,10.46,10.46,1.96,10.36,1366000000.0,361000000.0,3829000000.0,3829000000.0,3829000000.0,-361000000.0,2939000000.0,,,3723000000.0,689000000.0,22943000000.0,13469000000.0,361000000.0,21015000000.0,26571000000.0,5195000000.0,26210000000.0,353000000.0,350900000.0,354600000.0
Travelers Companies Inc,TRV,549300Y650407RU8B149,86312,2015.0,FY,2015-01-01,2015-12-31,2018-02-15 07:04:51+00:00,3885000000.0,10.99,10.99,2.38,10.88,1301000000.0,,3439000000.0,3439000000.0,3439000000.0,-373000000.0,2382000000.0,373000000.0,,4094000000.0,559000000.0,23874000000.0,13723000000.0,373000000.0,21702000000.0,26815000000.0,4740000000.0,26442000000.0,312900000.0,310600000.0,313900000.0
Travelers Companies Inc,TRV,549300Y650407RU8B149,86312,2015.0,Q4,2015-10-01,2015-12-31,,972000000.0,2.85,2.85,0.61,2.83,343000000.0,,866000000.0,866000000.0,866000000.0,-95000000.0,509000000.0,95000000.0,,1039000000.0,146000000.0,6023000000.0,3363000000.0,95000000.0,5374000000.0,6678000000.0,1209000000.0,6583000000.0,312900000.0,310600000.0,313900000.0
Travelers Companies Inc,TRV,549300Y650407RU8B149,86312,2015.0,Q3,2015-07-01,2015-09-30,2016-10-20 07:10:33+00:00,987000000.0,3.0,3.0,0.61,2.97,379000000.0,,928000000.0,928000000.0,928000000.0,-94000000.0,629000000.0,94000000.0,,1028000000.0,137000000.0,6032000000.0,3382000000.0,94000000.0,5397000000.0,6798000000.0,1307000000.0,6704000000.0,309300000.0,307600000.0,311000000.0
Travelers Companies Inc,TRV,549300Y650407RU8B149,86312,2015.0,Q3YTD,2015-01-01,2015-09-30,,2913000000.0,8.14,8.14,1.77,8.05,958000000.0,,2573000000.0,2573000000.0,2573000000.0,-278000000.0,1873000000.0,278000000.0,,3055000000.0,413000000.0,17851000000.0,10360000000.0,278000000.0,16328000000.0,20137000000.0,3531000000.0,19859000000.0,309300000.0,307600000.0,311000000.0
Travelers Companies Inc,TRV,549300Y650407RU8B149,86312,2015.0,Q3TTM,2014-10-01,2015-09-30,,3896000000.0,11.28,11.28,3.37,11.16,1380000000.0,-277000000.0,3611000000.0,3611000000.0,3611000000.0,-370000000.0,2532000000.0,647000000.0,,4106000000.0,570000000.0,23830000000.0,13569000000.0,370000000.0,21571000000.0,26932000000.0,4991000000.0,26562000000.0,309300000.0,307600000.0,311000000.0
Travelers Companies Inc,TRV,549300Y650407RU8B149,86312,2015.0,Q2,2015-04-01,2015-06-30,2016-07-21 07:08:37+00:00,963000000.0,2.56,2.56,0.61,2.53,264000000.0,,812000000.0,812000000.0,812000000.0,-92000000.0,642000000.0,92000000.0,,1032000000.0,137000000.0,5931000000.0,3547000000.0,92000000.0,5542000000.0,6710000000.0,1076000000.0,6618000000.0,317200000.0,314800000.0,318000000.0
Travelers Companies Inc,TRV,549300Y650407RU8B149,86312,2015.0,Q2YTD,2015-01-01,2015-06-30,,1926000000.0,5.14,5.14,1.16,5.08,579000000.0,,1645000000.0,1645000000.0,1645000000.0,-184000000.0,1244000000.0,184000000.0,,2027000000.0,276000000.0,11819000000.0,6978000000.0,184000000.0,10931000000.0,13339000000.0,2224000000.0,13155000000.0,317200000.0,314800000.0,318000000.0
Travelers Companies Inc,TRV,549300Y650407RU8B149,86312,2015.0,Q2TTM,2014-07-01,2015-06-30,,3893000000.0,11.0,11.0,3.31,10.88,1340000000.0,-184000000.0,3602000000.0,3602000000.0,3602000000.0,-369000000.0,2662000000.0,553000000.0,,4109000000.0,577000000.0,23781000000.0,13707000000.0,369000000.0,21709000000.0,27020000000.0,4942000000.0,26651000000.0,317200000.0,314800000.0,318000000.0
Travelers Companies Inc,TRV,549300Y650407RU8B149,86312,2015.0,Q1,2015-01-01,2015-03-31,2016-04-21 07:09:19+00:00,963000000.0,2.58,2.58,0.55,2.55,315000000.0,,833000000.0,833000000.0,833000000.0,-92000000.0,602000000.0,92000000.0,,995000000.0,139000000.0,5888000000.0,3431000000.0,92000000.0,5389000000.0,6629000000.0,1148000000.0,6537000000.0,322900000.0,320800000.0,324500000.0
Travelers Companies Inc,TRV,549300Y650407RU8B149,86312,2015.0,Q1TTM,2014-04-01,2015-03-31,,3895000000.0,10.42,10.42,2.7,10.3,1294000000.0,-92000000.0,3473000000.0,3473000000.0,3473000000.0,-369000000.0,2731000000.0,461000000.0,,4078000000.0,586000000.0,23778000000.0,13986000000.0,369000000.0,21959000000.0,27095000000.0,4767000000.0,26726000000.0,322900000.0,320800000.0,324500000.0
Travelers Companies Inc,TRV,549300Y650407RU8B149,86312,2016.0,FY,2016-01-01,2016-12-31,2019-02-14 08:46:39+00:00,3985000000.0,10.39,10.39,2.62,10.28,1039000000.0,,3014000000.0,3014000000.0,3014000000.0,-363000000.0,2370000000.0,363000000.0,,4154000000.0,721000000.0,24534000000.0,15070000000.0,363000000.0,23209000000.0,27625000000.0,4053000000.0,27262000000.0,290100000.0,288100000.0,291000000.0
Travelers Companies Inc,TRV,549300Y650407RU8B149,86312,2016.0,Q4,2016-10-01,2016-12-31,,1013000000.0,3.31,3.31,0.67,3.29,359000000.0,,943000000.0,943000000.0,943000000.0,-90000000.0,662000000.0,90000000.0,,1048000000.0,254000000.0,6277000000.0,3740000000.0,90000000.0,5801000000.0,7193000000.0,1302000000.0,7103000000.0,290100000.0,288100000.0,291000000.0
Travelers Companies Inc,TRV,549300Y650407RU8B149,86312,2016.0,Q3,2016-07-01,2016-09-30,2017-10-19 07:09:28+00:00,1012000000.0,2.48,2.48,0.67,2.45,231000000.0,,716000000.0,716000000.0,716000000.0,-89000000.0,605000000.0,89000000.0,,1057000000.0,147000000.0,6209000000.0,3856000000.0,89000000.0,5925000000.0,6961000000.0,947000000.0,6872000000.0,288700000.0,286000000.0,289800000.0
Travelers Companies Inc,TRV,549300Y650407RU8B149,86312,2016.0,Q3YTD,2016-01-01,2016-09-30,,2972000000.0,7.08,7.08,1.95,6.99,680000000.0,,2071000000.0,2071000000.0,2071000000.0,-273000000.0,1708000000.0,273000000.0,,3106000000.0,467000000.0,18257000000.0,11330000000.0,273000000.0,17408000000.0,20432000000.0,2751000000.0,20159000000.0,288700000.0,286000000.0,289800000.0
Travelers Companies Inc,TRV,549300Y650407RU8B149,86312,2016.0,Q3TTM,2015-10-01,2016-09-30,,3944000000.0,9.93,9.93,2.56,9.82,1023000000.0,,2937000000.0,2937000000.0,2937000000.0,-368000000.0,2217000000.0,368000000.0,,4145000000.0,613000000.0,24280000000.0,14693000000.0,368000000.0,22782000000.0,27110000000.0,3960000000.0,26742000000.0,288700000.0,286000000.0,289800000.0
Travelers Companies Inc,TRV,549300Y650407RU8B149,86312,2016.0,Q2,2016-04-01,2016-06-30,2017-07-20 07:06:44+00:00,989000000.0,2.27,2.27,0.67,2.24,223000000.0,,664000000.0,664000000.0,664000000.0,-93000000.0,568000000.0,93000000.0,,1054000000.0,150000000.0,6067000000.0,3762000000.0,93000000.0,5805000000.0,6785000000.0,887000000.0,6692000000.0,292500000.0,290100000.0,293600000.0
Travelers Companies Inc,TRV,549300Y650407RU8B149,86312,2016.0,Q2YTD,2016-01-01,2016-06-30,,1960000000.0,4.6,4.6,1.28,4.54,449000000.0,,1355000000.0,1355000000.0,1355000000.0,-184000000.0,1103000000.0,184000000.0,,2049000000.0,320000000.0,12048000000.0,7474000000.0,184000000.0,11483000000.0,13471000000.0,1804000000.0,13287000000.0,292500000.0,290100000.0,293600000.0
Travelers Companies Inc,TRV,549300Y650407RU8B149,86312,2016.0,Q2TTM,2015-07-01,2016-06-30,,3919000000.0,10.45,10.45,2.5,10.34,1171000000.0,,3149000000.0,3149000000.0,3149000000.0,-373000000.0,2241000000.0,373000000.0,,4116000000.0,603000000.0,24103000000.0,14219000000.0,373000000.0,22254000000.0,26947000000.0,4320000000.0,26574000000.0,292500000.0,290100000.0,293600000.0
Travelers Companies Inc,TRV,549300Y650407RU8B149,86312,2016.0,Q1,2016-01-01,2016-03-31,2017-04-20 07:08:20+00:00,971000000.0,2.33,2.33,0.61,2.3,226000000.0,,691000000.0,691000000.0,691000000.0,-91000000.0,535000000.0,91000000.0,,995000000.0,170000000.0,5981000000.0,3712000000.0,91000000.0,5678000000.0,6686000000.0,917000000.0,6595000000.0,296600000.0,294200000.0,297900000.0
Travelers Companies Inc,TRV,549300Y650407RU8B149,86312,2016.0,Q1TTM,2015-04-01,2016-03-31,,3893000000.0,10.74,10.74,2.44,10.63,1212000000.0,,3297000000.0,3297000000.0,3297000000.0,-372000000.0,2315000000.0,372000000.0,,4094000000.0,590000000.0,23967000000.0,14004000000.0,372000000.0,21991000000.0,26872000000.0,4509000000.0,26500000000.0,296600000.0,294200000.0,297900000.0
Travelers Companies Inc,TRV,549300Y650407RU8B149,86312,2017.0,FY,2017-01-01,2017-12-31,2020-02-13 06:52:02+00:00,4166000000.0,7.39,7.39,2.83,7.33,674000000.0,,2056000000.0,2056000000.0,2056000000.0,-369000000.0,2613000000.0,369000000.0,,4170000000.0,606000000.0,25683000000.0,17467000000.0,369000000.0,25803000000.0,28902000000.0,2730000000.0,28533000000.0,278200000.0,276000000.0,278600000.0
Travelers Companies Inc,TRV,549300Y650407RU8B149,86312,2017.0,Q4,2017-10-01,2017-12-31,,1072000000.0,2.01,2.01,0.72,2.0,309000000.0,,551000000.0,551000000.0,551000000.0,-93000000.0,671000000.0,93000000.0,,1084000000.0,154000000.0,6626000000.0,4342000000.0,93000000.0,6498000000.0,7451000000.0,860000000.0,7358000000.0,278200000.0,276000000.0,278600000.0
Travelers Companies Inc,TRV,549300Y650407RU8B149,86312,2017.0,Q3,2017-07-01,2017-09-30,2018-10-18 07:08:11+00:00,1059000000.0,1.06,1.06,0.72,1.05,27000000.0,,293000000.0,293000000.0,293000000.0,-95000000.0,649000000.0,95000000.0,,1045000000.0,153000000.0,6523000000.0,4806000000.0,95000000.0,6910000000.0,7325000000.0,320000000.0,7230000000.0,276400000.0,274100000.0,276600000.0
Travelers Companies Inc,TRV,549300Y650407RU8B149,86312,2017.0,Q3YTD,2017-01-01,2017-09-30,,3094000000.0,5.38,5.38,2.11,5.33,365000000.0,,1505000000.0,1505000000.0,1505000000.0,-276000000.0,1942000000.0,276000000.0,,3086000000.0,452000000.0,19057000000.0,13125000000.0,276000000.0,19305000000.0,21451000000.0,1870000000.0,21175000000.0,276400000.0,274100000.0,276600000.0
Travelers Companies Inc,TRV,549300Y650407RU8B149,86312,2017.0,Q3TTM,2016-10-01,2017-09-30,,4107000000.0,8.69,8.69,2.78,8.62,724000000.0,,2448000000.0,2448000000.0,2448000000.0,-366000000.0,2604000000.0,366000000.0,,4134000000.0,706000000.0,25334000000.0,16865000000.0,366000000.0,25106000000.0,28644000000.0,3172000000.0,28278000000.0,276400000.0,274100000.0,276600000.0
Travelers Companies Inc,TRV,549300Y650407RU8B149,86312,2017.0,Q2,2017-04-01,2017-06-30,2018-07-19 07:07:07+00:00,1032000000.0,2.13,2.13,0.72,2.11,195000000.0,,595000000.0,595000000.0,595000000.0,-92000000.0,678000000.0,92000000.0,,1045000000.0,155000000.0,6351000000.0,4225000000.0,92000000.0,6302000000.0,7184000000.0,790000000.0,7092000000.0,279300000.0,277500000.0,280000000.0
Travelers Companies Inc,TRV,549300Y650407RU8B149,86312,2017.0,Q2YTD,2017-01-01,2017-06-30,,2035000000.0,4.32,4.32,1.39,4.28,338000000.0,,1212000000.0,1212000000.0,1212000000.0,-181000000.0,1293000000.0,181000000.0,,2041000000.0,299000000.0,12534000000.0,8319000000.0,181000000.0,12395000000.0,14126000000.0,1550000000.0,13945000000.0,279300000.0,277500000.0,280000000.0
Travelers Companies Inc,TRV,549300Y650407RU8B149,86312,2017.0,Q2TTM,2016-07-01,2017-06-30,,4060000000.0,10.11,10.11,2.73,10.02,928000000.0,,2871000000.0,2871000000.0,2871000000.0,-360000000.0,2560000000.0,360000000.0,,4146000000.0,700000000.0,25020000000.0,15915000000.0,360000000.0,24121000000.0,28280000000.0,3799000000.0,27920000000.0,279300000.0,277500000.0,280000000.0
Travelers Companies Inc,TRV,549300Y650407RU8B149,86312,2017.0,Q1,2017-01-01,2017-03-31,2018-04-24 07:11:47+00:00,1003000000.0,2.19,2.19,0.67,2.17,143000000.0,,617000000.0,617000000.0,617000000.0,-89000000.0,615000000.0,89000000.0,,996000000.0,144000000.0,6183000000.0,4094000000.0,89000000.0,6093000000.0,6942000000.0,760000000.0,6853000000.0,281700000.0,279700000.0,282400000.0
Travelers Companies Inc,TRV,549300Y650407RU8B149,86312,2017.0,Q1TTM,2016-04-01,2017-03-31,,4017000000.0,10.25,10.25,2.68,10.15,956000000.0,,2940000000.0,2940000000.0,2940000000.0,-361000000.0,2450000000.0,361000000.0,,4155000000.0,695000000.0,24736000000.0,15452000000.0,361000000.0,23624000000.0,27881000000.0,3896000000.0,27520000000.0,281700000.0,279700000.0,282400000.0
Travelers Companies Inc,TRV,549300Y650407RU8B149,86312,2018.0,FY,2018-01-01,2018-12-31,2020-02-13 06:52:02+00:00,4381000000.0,9.37,9.37,3.03,9.28,438000000.0,,2523000000.0,2523000000.0,2523000000.0,-352000000.0,2588000000.0,352000000.0,,4297000000.0,635000000.0,27059000000.0,18291000000.0,352000000.0,26969000000.0,30282000000.0,2961000000.0,29930000000.0,269300000.0,267400000.0,269800000.0
Travelers Companies Inc,TRV,549300Y650407RU8B149,86312,2018.0,Q4,2018-10-01,2018-12-31,,1122000000.0,2.34,2.34,0.77,2.32,125000000.0,,621000000.0,621000000.0,621000000.0,-87000000.0,690000000.0,87000000.0,,1063000000.0,161000000.0,6945000000.0,4778000000.0,87000000.0,6963000000.0,7796000000.0,746000000.0,7709000000.0,269300000.0,267400000.0,269800000.0
Travelers Companies Inc,TRV,549300Y650407RU8B149,86312,2018.0,Q3,2018-07-01,2018-09-30,2019-10-22 07:09:31+00:00,1117000000.0,2.65,2.65,0.77,2.62,97000000.0,,709000000.0,709000000.0,709000000.0,-86000000.0,675000000.0,86000000.0,,1059000000.0,166000000.0,6882000000.0,4655000000.0,86000000.0,6831000000.0,7723000000.0,806000000.0,7637000000.0,267500000.0,266100000.0,268400000.0
Travelers Companies Inc,TRV,549300Y650407RU8B149,86312,2018.0,Q3YTD,2018-01-01,2018-09-30,,3259000000.0,7.03,7.03,2.26,6.96,313000000.0,,1902000000.0,1902000000.0,1902000000.0,-265000000.0,1898000000.0,265000000.0,,3234000000.0,474000000.0,20114000000.0,13513000000.0,265000000.0,20006000000.0,22486000000.0,2215000000.0,22221000000.0,267500000.0,266100000.0,268400000.0
Travelers Companies Inc,TRV,549300Y650407RU8B149,86312,2018.0,Q3TTM,2017-10-01,2018-09-30,,4331000000.0,9.04,9.04,2.98,8.96,622000000.0,,2453000000.0,2453000000.0,2453000000.0,-358000000.0,2569000000.0,358000000.0,,4318000000.0,628000000.0,26740000000.0,17855000000.0,358000000.0,26504000000.0,29937000000.0,3075000000.0,29579000000.0,267500000.0,266100000.0,268400000.0
Travelers Companies Inc,TRV,549300Y650407RU8B149,86312,2018.0,Q2,2018-04-01,2018-06-30,2019-07-23 07:09:56+00:00,1081000000.0,1.93,1.93,0.77,1.92,107000000.0,,524000000.0,524000000.0,524000000.0,-90000000.0,631000000.0,90000000.0,,1113000000.0,151000000.0,6695000000.0,4562000000.0,90000000.0,6756000000.0,7477000000.0,631000000.0,7387000000.0,271500000.0,268700000.0,271100000.0
Travelers Companies Inc,TRV,549300Y650407RU8B149,86312,2018.0,Q2YTD,2018-01-01,2018-06-30,,2142000000.0,4.38,4.38,1.49,4.34,216000000.0,,1193000000.0,1193000000.0,1193000000.0,-179000000.0,1223000000.0,179000000.0,,2175000000.0,308000000.0,13232000000.0,8858000000.0,179000000.0,13175000000.0,14763000000.0,1409000000.0,14584000000.0,271500000.0,268700000.0,271100000.0
Travelers Companies Inc,TRV,549300Y650407RU8B149,86312,2018.0,Q2TTM,2017-07-01,2018-06-30,,4273000000.0,7.45,7.45,2.93,7.39,552000000.0,,2037000000.0,2037000000.0,2037000000.0,-367000000.0,2543000000.0,367000000.0,,4304000000.0,615000000.0,26381000000.0,18006000000.0,367000000.0,26583000000.0,29539000000.0,2589000000.0,29172000000.0,271500000.0,268700000.0,271100000.0
Travelers Companies Inc,TRV,549300Y650407RU8B149,86312,2018.0,Q1,2018-01-01,2018-03-31,2019-04-18 07:07:52+00:00,1061000000.0,2.45,2.45,0.72,2.42,109000000.0,,669000000.0,669000000.0,669000000.0,-89000000.0,592000000.0,89000000.0,,1062000000.0,157000000.0,6537000000.0,4296000000.0,89000000.0,6419000000.0,7286000000.0,778000000.0,7197000000.0,273100000.0,271000000.0,273900000.0
Travelers Companies Inc,TRV,549300Y650407RU8B149,86312,2018.0,Q1TTM,2017-04-01,2018-03-31,,4224000000.0,7.65,7.65,2.88,7.58,640000000.0,,2108000000.0,2108000000.0,2108000000.0,-369000000.0,2590000000.0,369000000.0,,4236000000.0,619000000.0,26037000000.0,17669000000.0,369000000.0,26129000000.0,29246000000.0,2748000000.0,28877000000.0,273100000.0,271000000.0,273900000.0
Travelers Companies Inc,TRV,549300Y650407RU8B149,86312,2019.0,Q4,2019-10-01,2019-12-31,,1181000000.0,3.37,3.37,0.82,3.33,201000000.0,,873000000.0,873000000.0,873000000.0,-83000000.0,628000000.0,83000000.0,,1085000000.0,185000000.0,7250000000.0,4640000000.0,83000000.0,6906000000.0,8063000000.0,1074000000.0,7980000000.0,261900000.0,260000000.0,262300000.0
Travelers Companies Inc,TRV,549300Y650407RU8B149,86312,2019.0,FY,2019-01-01,2019-12-31,2020-02-13 06:52:02+00:00,4601000000.0,10.01,10.01,3.23,9.92,516000000.0,,2622000000.0,2622000000.0,2622000000.0,-344000000.0,2581000000.0,344000000.0,,4365000000.0,728000000.0,28272000000.0,19133000000.0,344000000.0,28099000000.0,31581000000.0,3138000000.0,31237000000.0,261900000.0,260000000.0,262300000.0
Travelers Companies Inc,TRV,549300Y650407RU8B149,86312,2019.0,Q3YTD,2019-01-01,2019-09-30,,3420000000.0,6.64,6.64,2.41,6.59,315000000.0,,1749000000.0,1749000000.0,1749000000.0,-261000000.0,1953000000.0,261000000.0,,3280000000.0,543000000.0,21022000000.0,14493000000.0,261000000.0,21193000000.0,23518000000.0,2064000000.0,23257000000.0,260500000.0,259200000.0,261800000.0
Travelers Companies Inc,TRV,549300Y650407RU8B149,86312,2019.0,Q3TTM,2018-10-01,2019-09-30,,4542000000.0,8.98,8.98,3.18,8.91,440000000.0,,2370000000.0,2370000000.0,2370000000.0,-348000000.0,2643000000.0,348000000.0,,4343000000.0,704000000.0,27967000000.0,19271000000.0,348000000.0,28156000000.0,31314000000.0,2810000000.0,30966000000.0,260500000.0,259200000.0,261800000.0
Travelers Companies Inc,TRV,549300Y650407RU8B149,86312,2019.0,Q3,2019-07-01,2019-09-30,2019-10-22 07:09:31+00:00,1169000000.0,1.52,1.52,0.82,1.5,36000000.0,,396000000.0,396000000.0,396000000.0,-84000000.0,645000000.0,84000000.0,,1098000000.0,189000000.0,7179000000.0,5230000000.0,84000000.0,7497000000.0,8013000000.0,432000000.0,7929000000.0,260500000.0,259200000.0,261800000.0
Travelers Companies Inc,TRV,549300Y650407RU8B149,86312,2019.0,Q2,2019-04-01,2019-06-30,2019-07-23 07:09:56+00:00,1134000000.0,2.11,2.11,0.82,2.1,108000000.0,,557000000.0,557000000.0,557000000.0,-89000000.0,673000000.0,89000000.0,,1125000000.0,173000000.0,6988000000.0,4821000000.0,89000000.0,7080000000.0,7834000000.0,665000000.0,7745000000.0,264000000.0,261300000.0,263700000.0
Travelers Companies Inc,TRV,549300Y650407RU8B149,86312,2019.0,Q2YTD,2019-01-01,2019-06-30,,2251000000.0,5.12,5.12,1.59,5.09,279000000.0,,1353000000.0,1353000000.0,1353000000.0,-177000000.0,1308000000.0,177000000.0,,2182000000.0,354000000.0,13843000000.0,9263000000.0,177000000.0,13696000000.0,15505000000.0,1632000000.0,15328000000.0,264000000.0,261300000.0,263700000.0
Travelers Companies Inc,TRV,549300Y650407RU8B149,86312,2019.0,Q2TTM,2018-07-01,2019-06-30,,4490000000.0,10.11,10.11,3.13,10.03,501000000.0,,2683000000.0,2683000000.0,2683000000.0,-350000000.0,2673000000.0,350000000.0,,4304000000.0,681000000.0,27670000000.0,18696000000.0,350000000.0,27490000000.0,31024000000.0,3184000000.0,30674000000.0,264000000.0,261300000.0,263700000.0
Travelers Companies Inc,TRV,549300Y650407RU8B149,86312,2019.0,Q1,2019-01-01,2019-03-31,2020-04-21 07:04:56+00:00,1117000000.0,3.01,3.01,0.77,2.99,171000000.0,,796000000.0,796000000.0,796000000.0,-88000000.0,635000000.0,88000000.0,,1057000000.0,181000000.0,6855000000.0,4442000000.0,88000000.0,6616000000.0,7671000000.0,967000000.0,7583000000.0,264500000.0,262900000.0,264800000.0
Travelers Companies Inc,TRV,549300Y650407RU8B149,86312,2019.0,Q1TTM,2018-04-01,2019-03-31,,4437000000.0,9.93,9.93,3.08,9.85,500000000.0,,2650000000.0,2650000000.0,2650000000.0,-351000000.0,2631000000.0,351000000.0,,4292000000.0,659000000.0,27377000000.0,18437000000.0,351000000.0,27166000000.0,30667000000.0,3150000000.0,30316000000.0,264500000.0,262900000.0,264800000.0
Travelers Companies Inc,TRV,549300Y650407RU8B149,86312,2020.0,Q1TTM,2019-04-01,2020-03-31,,4662000000.0,9.34,9.34,3.28,9.26,465000000.0,,2426000000.0,2426000000.0,2426000000.0,-340000000.0,2459000000.0,340000000.0,,4445000000.0,713000000.0,28646000000.0,19480000000.0,340000000.0,28587000000.0,31818000000.0,2891000000.0,31478000000.0,256400000.0,254400000.0,255900000.0
Travelers Companies Inc,TRV,549300Y650407RU8B149,86312,2020.0,Q1,2020-01-01,2020-03-31,2020-04-21 07:04:56+00:00,1178000000.0,2.34,2.34,0.82,2.33,120000000.0,,600000000.0,600000000.0,600000000.0,-84000000.0,513000000.0,84000000.0,,1137000000.0,166000000.0,7229000000.0,4789000000.0,84000000.0,7104000000.0,7908000000.0,720000000.0,7824000000.0,256400000.0,254400000.0,255900000.0
