company_name,company_ticker,company_lei,company_cik,year,quarter,start_date,end_date,filing_date,amortizationexpense,basicdilutedeps,basiceps,capitalizedleaseobligationinterestexpense,cashdividendspershare,depositsinterestexpense,depreciationexpense,dilutedeps,extraordinaryincome,impairmentexpense,incometaxexpense,investmentbankingincome,investmentsecuritiesinterestincome,longtermdebtinterestexpense,marketingexpense,netincome,netincomecontinuing,netincomediscontinued,netincometocommon,netincometononcontrollinginterest,netinterestincome,netoccupancyequipmentexpense,netrealizedcapitalgains,nonoperatingincome,otheradjustmentstoconsolidatednetincome,otheradjustmentstonetincometocommon,othergains,otherinterestexpense,othernoninterestincome,otheroperatingexpenses,otherservicechargeincome,otherspecialcharges,preferreddividends,premiumsearned,propertyliabilityinsuranceclaims,provisionforcreditlosses,restructuringcharge,salariesandemployeebenefitsexpense,servicechargesondepositsincome,totalinterestexpense,totalnoninterestexpense,totalnoninterestincome,totalpretaxincome,totalrevenue,weightedavebasicdilutedsharesos,weightedavebasicsharesos,weightedavedilutedsharesos
T. Rowe Price Group Inc,TROW,,1113169,2007.0,FY,2007-01-01,2007-12-31,2010-02-05 07:27:34+00:00,,2.53,2.53,,,4800000.0,53400000.0,2.4,,,406200000.0,,,,107900000.0,670600000.0,670600000.0,,670600000.0,,-4800000.0,92100000.0,,80400000.0,,,,,,181300000.0,2227200000.0,,,,,,,797200000.0,5900000.0,4800000.0,1231900000.0,2233100000.0,1076800000.0,2228300000.0,265100000.0,265100000.0,279400000.0
T. Rowe Price Group Inc,TROW,,1113169,2008.0,FY,2008-01-01,2008-12-31,2010-02-05 07:27:34+00:00,,1.89,1.89,,,5000000.0,61700000.0,1.81,,,305400000.0,,,,104100000.0,490800000.0,490800000.0,,490800000.0,,-5000000.0,101800000.0,,,,,,,,236900000.0,2114900000.0,,,,,,,815600000.0,6400000.0,5000000.0,1320100000.0,2121300000.0,796200000.0,2116300000.0,259700000.0,259700000.0,271200000.0
T. Rowe Price Group Inc,TROW,,1113169,2008.0,Q3,2008-07-01,2008-09-30,2009-10-23 07:41:28+00:00,,0.59,0.59,,-0.24,1100000.0,15300000.0,0.56,,,91700000.0,,,,16700000.0,152800000.0,152800000.0,,152800000.0,,-1100000.0,25700000.0,,5700000.0,,,,,,47400000.0,554400000.0,,,,,,,210900000.0,1500000.0,1100000.0,316000000.0,555900000.0,244500000.0,554800000.0,259000000.0,259000000.0,272900000.0
T. Rowe Price Group Inc,TROW,,1113169,2008.0,Q2,2008-04-01,2008-06-30,2009-07-24 12:35:30+00:00,0.0,0.62,0.62,0.0,0.24,0.0,15600000.0,0.59,0.0,0.0,104200000.0,7800000.0,0.0,0.0,20200000.0,,0.0,0.0,0.0,0.0,,24900000.0,0.0,0.0,0.0,0.0,-162200000.0,0.0,0.0,49200000.0,586200000.0,0.0,0.0,0.0,0.0,0.0,0.0,218000000.0,1500000.0,0.0,327900000.0,595500000.0,266400000.0,595500000.0,0.0,0.0,0.0
T. Rowe Price Group Inc,TROW,,1113169,2009.0,Q4,2009-10-01,2009-12-31,,,0.59,0.59,,-0.25,-2200000.0,15500000.0,0.58,,,87500000.0,-20600000.0,,,23800000.0,252500000.0,252500000.0,,252500000.0,,2200000.0,26600000.0,,36000000.0,,,100000000.0,,,48800000.0,544300000.0,,,,,,,202000000.0,-5200000.0,-2200000.0,316700000.0,518500000.0,240000000.0,520700000.0,256600000.0,256600000.0,262800000.0
T. Rowe Price Group Inc,TROW,,1113169,2009.0,FY,2009-01-01,2009-12-31,2012-02-03 15:45:45+00:00,,1.69,1.69,,,,65200000.0,1.65,,,255300000.0,-12700000.0,,,73200000.0,433600000.0,433600000.0,,433600000.0,,,102400000.0,,,,,,,,151600000.0,1867400000.0,,,,,,,773400000.0,,,1165800000.0,1854700000.0,688900000.0,1854700000.0,256600000.0,256600000.0,262800000.0
T. Rowe Price Group Inc,TROW,,1113169,2009.0,Q3,2009-07-01,2009-09-30,2009-10-23 07:41:28+00:00,,0.52,0.52,,0.25,1000000.0,16400000.0,0.5,,,79600000.0,,,,13000000.0,132900000.0,132900000.0,,132900000.0,,-1000000.0,26000000.0,,,,,,,,33900000.0,497300000.0,,,,,,,196300000.0,1800000.0,1000000.0,285600000.0,499100000.0,212500000.0,498100000.0,255600000.0,255600000.0,265800000.0
T. Rowe Price Group Inc,TROW,,1113169,2009.0,Q3YTD,2009-01-01,2009-09-30,,,1.1,1.1,,0.25,2200000.0,49700000.0,1.07,,,167800000.0,7900000.0,,,49400000.0,181100000.0,181100000.0,,181100000.0,,-2200000.0,75800000.0,,-36000000.0,,,-100000000.0,,,102800000.0,1323100000.0,,,,,,,571400000.0,5200000.0,2200000.0,849100000.0,1336200000.0,448900000.0,1334000000.0,255600000.0,255600000.0,265800000.0
T. Rowe Price Group Inc,TROW,,1113169,2009.0,Q2,2009-04-01,2009-06-30,2009-07-24 12:35:30+00:00,0.0,0.39,0.39,0.0,0.25,0.0,16600000.0,0.38,0.0,0.0,61800000.0,7900000.0,0.0,0.0,13700000.0,,0.0,0.0,0.0,0.0,,24400000.0,0.0,0.0,0.0,0.0,-100000000.0,0.0,0.0,35200000.0,441600000.0,0.0,0.0,0.0,0.0,0.0,0.0,199700000.0,1900000.0,0.0,289600000.0,451400000.0,161800000.0,451400000.0,0.0,0.0,0.0
T. Rowe Price Group Inc,TROW,,1113169,2009.0,Q2YTD,2009-01-01,2009-06-30,,,0.58,0.58,,,1200000.0,33300000.0,0.57,,,88200000.0,7900000.0,,,36400000.0,48200000.0,48200000.0,,48200000.0,,-1200000.0,49800000.0,,-36000000.0,,,-100000000.0,,,68900000.0,825800000.0,,,,,,,375100000.0,3400000.0,1200000.0,563500000.0,837100000.0,236400000.0,835900000.0,0.0,0.0,0.0
T. Rowe Price Group Inc,TROW,,1113169,2009.0,Q1,2009-01-01,2009-03-31,2010-04-23 12:54:39+00:00,,0.19,0.19,,-0.25,1200000.0,16700000.0,0.19,,,26400000.0,,,,22700000.0,48200000.0,48200000.0,,48200000.0,,-1200000.0,25400000.0,,-36000000.0,,,,,,33700000.0,384200000.0,,,,,,,175400000.0,1500000.0,1200000.0,273900000.0,385700000.0,74600000.0,384500000.0,253700000.0,253700000.0,253700000.0
T. Rowe Price Group Inc,TROW,,1113169,2010.0,Q4,2010-10-01,2010-12-31,,,0.74,0.74,,-0.81,-2700000.0,15800000.0,0.73,,,106600000.0,2060300000.0,,,24700000.0,191600000.0,191600000.0,,191600000.0,,2700000.0,29300000.0,,,,,,,,89600000.0,-1377100000.0,,,,,,,223400000.0,-4900000.0,-2700000.0,382800000.0,678300000.0,298200000.0,681000000.0,258500000.0,258500000.0,265700000.0
T. Rowe Price Group Inc,TROW,,1113169,2010.0,FY,2010-01-01,2010-12-31,2013-02-05 13:03:18+00:00,,2.6,2.6,,,,62600000.0,2.53,,,397800000.0,2060300000.0,,,86900000.0,672200000.0,672200000.0,,672200000.0,,,109100000.0,,,,,,,,211700000.0,340400000.0,,,,,,,860400000.0,,,1330700000.0,2400700000.0,1070000000.0,2400700000.0,258500000.0,258500000.0,265700000.0
T. Rowe Price Group Inc,TROW,,1113169,2010.0,Q3,2010-07-01,2010-09-30,2010-10-22 11:51:22+00:00,,0.66,0.66,,0.27,900000.0,15900000.0,0.64,,,101700000.0,,,,18600000.0,169100000.0,169100000.0,,169100000.0,,-900000.0,28300000.0,,,,,,,,38300000.0,585400000.0,,,,,,,214200000.0,1600000.0,900000.0,315300000.0,587000000.0,270800000.0,586100000.0,256200000.0,256200000.0,264200000.0
T. Rowe Price Group Inc,TROW,,1113169,2010.0,Q3YTD,2010-01-01,2010-09-30,,,1.86,1.86,,0.81,2700000.0,46800000.0,1.8,,,291200000.0,,,,62200000.0,480600000.0,480600000.0,,480600000.0,,-2700000.0,79800000.0,,,,,,,,122100000.0,1717500000.0,,,,,,,637000000.0,4900000.0,2700000.0,947900000.0,1722400000.0,771800000.0,1719700000.0,256200000.0,256200000.0,264200000.0
T. Rowe Price Group Inc,TROW,,1113169,2010.0,Q3TTM,2009-10-01,2010-09-30,,,2.45,2.45,,0.56,500000.0,62300000.0,2.38,,,378700000.0,-20600000.0,,,86000000.0,733100000.0,733100000.0,,733100000.0,,-500000.0,106400000.0,,36000000.0,,,100000000.0,,,170900000.0,2261800000.0,,,,,,,839000000.0,-300000.0,500000.0,1264600000.0,2240900000.0,1011800000.0,2240400000.0,256200000.0,256200000.0,264200000.0
T. Rowe Price Group Inc,TROW,,1113169,2010.0,Q2,2010-04-01,2010-06-30,2010-07-23 13:02:06+00:00,,0.61,0.61,,0.27,900000.0,15500000.0,0.59,,,98500000.0,,,,20100000.0,158500000.0,158500000.0,,158500000.0,,-900000.0,25800000.0,,,,,,,,43900000.0,576700000.0,,,,,,,215100000.0,1600000.0,900000.0,320400000.0,578300000.0,257000000.0,577400000.0,259800000.0,259800000.0,268600000.0
T. Rowe Price Group Inc,TROW,,1113169,2010.0,Q2YTD,2010-01-01,2010-06-30,,,1.2,1.2,,0.54,1800000.0,30900000.0,1.16,,,189500000.0,,,,43600000.0,311500000.0,311500000.0,,311500000.0,,-1800000.0,51500000.0,,,,,,,,83800000.0,1132100000.0,,,,,,,422800000.0,3300000.0,1800000.0,632600000.0,1135400000.0,501000000.0,1133600000.0,259800000.0,259800000.0,268600000.0
T. Rowe Price Group Inc,TROW,,1113169,2010.0,Q2TTM,2009-07-01,2010-06-30,,,2.31,2.31,,0.54,600000.0,62800000.0,2.24,,,356600000.0,-20600000.0,,,80400000.0,696900000.0,696900000.0,,696900000.0,,-600000.0,104100000.0,,36000000.0,,,100000000.0,,,166500000.0,2173700000.0,,,,,,,821100000.0,-100000.0,600000.0,1234900000.0,2153000000.0,953500000.0,2152400000.0,259800000.0,259800000.0,268600000.0
T. Rowe Price Group Inc,TROW,,1113169,2010.0,Q1,2010-01-01,2010-03-31,2010-04-23 12:54:39+00:00,,0.59,0.59,,0.27,900000.0,15400000.0,0.57,,,91000000.0,,,,23500000.0,153000000.0,153000000.0,,153000000.0,,-900000.0,25700000.0,,,,,,,,39900000.0,555400000.0,,,,,,,207700000.0,1700000.0,900000.0,312200000.0,557100000.0,244000000.0,556200000.0,259300000.0,259300000.0,268400000.0
T. Rowe Price Group Inc,TROW,,1113169,2010.0,Q1TTM,2009-04-01,2010-03-31,,,2.09,2.09,,0.52,-300000.0,63900000.0,2.03,,,319900000.0,-12700000.0,,,74000000.0,538400000.0,538400000.0,,538400000.0,,300000.0,102700000.0,,36000000.0,,,,,,157800000.0,2038600000.0,,,,,,,805700000.0,200000.0,-300000.0,1204100000.0,2026100000.0,858300000.0,2026400000.0,259300000.0,259300000.0,268400000.0
T. Rowe Price Group Inc,TROW,,1113169,2011.0,Q4,2011-10-01,2011-12-31,,,0.74,0.74,,-0.93,-2400000.0,19000000.0,0.73,,,118100000.0,2365800000.0,,,25800000.0,188400000.0,188400000.0,,188400000.0,,2400000.0,29200000.0,,,,,,,,81400000.0,-1996900000.0,,,,,,,226500000.0,317100000.0,-2400000.0,381900000.0,686000000.0,306500000.0,688400000.0,256900000.0,256900000.0,264800000.0
T. Rowe Price Group Inc,TROW,,1113169,2011.0,FY,2011-01-01,2011-12-31,2014-02-04 13:27:03+00:00,,3.01,3.01,,,,72000000.0,2.92,,,477400000.0,2372700000.0,,,90800000.0,773200000.0,773200000.0,,773200000.0,,,115000000.0,,,,,,,,272600000.0,76900000.0,,,,,,,969800000.0,321200000.0,,1520200000.0,2770800000.0,1250600000.0,2770800000.0,256900000.0,256900000.0,264800000.0
T. Rowe Price Group Inc,TROW,,1113169,2011.0,Q3,2011-07-01,2011-09-30,2011-10-25 16:24:41+00:00,,0.73,0.73,,0.31,800000.0,18500000.0,0.71,,,111000000.0,1300000.0,,,19000000.0,185500000.0,185500000.0,,185500000.0,,-800000.0,29200000.0,,,,,,,,65900000.0,678800000.0,,,,,,,251600000.0,1400000.0,800000.0,384200000.0,681500000.0,296500000.0,680700000.0,254100000.0,254100000.0,261300000.0
T. Rowe Price Group Inc,TROW,,1113169,2011.0,Q3YTD,2011-01-01,2011-09-30,,,2.27,2.27,,0.93,2400000.0,53000000.0,2.19,,,359300000.0,6900000.0,,,65000000.0,584800000.0,584800000.0,,584800000.0,,-2400000.0,85800000.0,,,,,,,,191200000.0,2073800000.0,,,,,,,743300000.0,4100000.0,2400000.0,1138300000.0,2084800000.0,944100000.0,2082400000.0,254100000.0,254100000.0,261300000.0
T. Rowe Price Group Inc,TROW,,1113169,2011.0,Q3TTM,2010-10-01,2011-09-30,,,3.01,3.01,,0.12,-300000.0,68800000.0,2.92,,,465900000.0,2067200000.0,,,89700000.0,776400000.0,776400000.0,,776400000.0,,300000.0,115100000.0,,,,,,,,280800000.0,696700000.0,,,,,,,966700000.0,-800000.0,-300000.0,1521100000.0,2763100000.0,1242300000.0,2763400000.0,254100000.0,254100000.0,261300000.0
T. Rowe Price Group Inc,TROW,,1113169,2011.0,Q2,2011-04-01,2011-06-30,2011-07-26 15:00:50+00:00,,0.79,0.79,,0.31,800000.0,17900000.0,0.76,,,127500000.0,5600000.0,,,20600000.0,204700000.0,204700000.0,,204700000.0,,-800000.0,28900000.0,,,,,,,,70900000.0,713100000.0,,,,,,,248800000.0,1400000.0,800000.0,387100000.0,720100000.0,332200000.0,719300000.0,259100000.0,259100000.0,269300000.0
T. Rowe Price Group Inc,TROW,,1113169,2011.0,Q2YTD,2011-01-01,2011-06-30,,,1.54,1.54,,0.62,1600000.0,34500000.0,1.48,,,248300000.0,5600000.0,,,46000000.0,399300000.0,399300000.0,,399300000.0,,-1600000.0,56600000.0,,,,,,,,125300000.0,1395000000.0,,,,,,,491700000.0,2700000.0,1600000.0,754100000.0,1403300000.0,647600000.0,1401700000.0,259100000.0,259100000.0,269300000.0
T. Rowe Price Group Inc,TROW,,1113169,2011.0,Q2TTM,2010-07-01,2011-06-30,,,2.94,2.94,,0.08,-200000.0,66200000.0,2.85,,,456600000.0,2065900000.0,,,89300000.0,760000000.0,760000000.0,,760000000.0,,200000.0,114200000.0,,,,,,,,253200000.0,603300000.0,,,,,,,929300000.0,-600000.0,-200000.0,1452200000.0,2668600000.0,1216600000.0,2668800000.0,259100000.0,259100000.0,269300000.0
T. Rowe Price Group Inc,TROW,,1113169,2011.0,Q1,2011-01-01,2011-03-31,2011-04-21 13:13:10+00:00,,0.75,0.75,,0.31,800000.0,16600000.0,0.72,,,120800000.0,,,,25400000.0,194600000.0,194600000.0,,194600000.0,,-800000.0,27700000.0,,,,,,,,54400000.0,681900000.0,,,,,,,242900000.0,1300000.0,800000.0,367000000.0,683200000.0,315400000.0,682400000.0,259500000.0,259500000.0,270300000.0
T. Rowe Price Group Inc,TROW,,1113169,2011.0,Q1TTM,2010-04-01,2011-03-31,,,2.76,2.76,,0.04,-100000.0,63800000.0,2.68,,,427600000.0,2060300000.0,,,88800000.0,713800000.0,713800000.0,,713800000.0,,100000.0,111100000.0,,,,,,,,226200000.0,466900000.0,,,,,,,895600000.0,-400000.0,-100000.0,1385500000.0,2526800000.0,1141400000.0,2526900000.0,259500000.0,259500000.0,270300000.0
T. Rowe Price Group Inc,TROW,,1113169,2012.0,Q4,2012-10-01,2012-12-31,,,0.91,0.91,,-1.02,,21300000.0,0.88,,,146100000.0,1317500000.0,,,25400000.0,232000000.0,232000000.0,,232000000.0,,,-92500000.0,,,,,,,,210300000.0,-845900000.0,,,,,,,261600000.0,332600000.0,,426100000.0,804200000.0,378100000.0,804200000.0,254600000.0,254600000.0,263000000.0
T. Rowe Price Group Inc,TROW,,1113169,2012.0,FY,2012-01-01,2012-12-31,2015-02-05 16:22:07+00:00,,3.47,3.47,,,,80900000.0,3.36,,,551500000.0,2662800000.0,,,88500000.0,883600000.0,883600000.0,,883600000.0,,,,,,,,,,,441200000.0,97900000.0,,,,,,,1047600000.0,332600000.0,,1658200000.0,3093300000.0,1435100000.0,3093300000.0,254600000.0,254600000.0,263000000.0
T. Rowe Price Group Inc,TROW,,1113169,2012.0,Q3,2012-07-01,2012-09-30,2012-10-24 12:45:45+00:00,,0.97,0.97,,0.34,,20600000.0,0.94,,,153000000.0,702800000.0,,,17500000.0,247300000.0,247300000.0,,247300000.0,,,31000000.0,,,,,,,,77900000.0,108300000.0,,,,,,,263800000.0,,,410800000.0,811100000.0,400300000.0,811100000.0,254900000.0,254900000.0,263100000.0
T. Rowe Price Group Inc,TROW,,1113169,2012.0,Q3YTD,2012-01-01,2012-09-30,,,2.56,2.56,,1.02,,59600000.0,2.48,,,405400000.0,1345300000.0,,,63100000.0,651600000.0,651600000.0,,651600000.0,,,92500000.0,,,,,,,,230900000.0,943800000.0,,,,,,,786000000.0,,,1232100000.0,2289100000.0,1057000000.0,2289100000.0,254900000.0,254900000.0,263100000.0
T. Rowe Price Group Inc,TROW,,1113169,2012.0,Q3TTM,2011-10-01,2012-09-30,,,3.3,3.3,,0.09,-2400000.0,78600000.0,3.21,,,523500000.0,3711100000.0,,,88900000.0,840000000.0,840000000.0,,840000000.0,,2400000.0,121700000.0,,,,,,,,312300000.0,-1053100000.0,,,,,,,1012500000.0,317100000.0,-2400000.0,1614000000.0,2975100000.0,1363500000.0,2977500000.0,254900000.0,254900000.0,263100000.0
T. Rowe Price Group Inc,TROW,,1113169,2012.0,Q2,2012-04-01,2012-06-30,2012-07-25 16:23:55+00:00,,0.81,0.81,,0.34,,19900000.0,0.79,,,128600000.0,637400000.0,,,19800000.0,206800000.0,206800000.0,,206800000.0,,,31400000.0,,,,,,,,76200000.0,106800000.0,,,,,,,261500000.0,,,408800000.0,744200000.0,335400000.0,744200000.0,255300000.0,255300000.0,261800000.0
T. Rowe Price Group Inc,TROW,,1113169,2012.0,Q2YTD,2012-01-01,2012-06-30,,,1.59,1.59,,0.68,,39000000.0,1.54,,,252400000.0,642500000.0,,,45600000.0,404300000.0,404300000.0,,404300000.0,,,61500000.0,,,,,,,,153000000.0,835500000.0,,,,,,,522200000.0,,,821300000.0,1478000000.0,656700000.0,1478000000.0,255300000.0,255300000.0,261800000.0
T. Rowe Price Group Inc,TROW,,1113169,2012.0,Q2TTM,2011-07-01,2012-06-30,,,3.06,3.06,,0.06,-1600000.0,76500000.0,2.98,,,481500000.0,3009600000.0,,,90400000.0,778200000.0,778200000.0,,778200000.0,,1600000.0,119900000.0,,,,,,,,300300000.0,-482600000.0,,,,,,,1000300000.0,318500000.0,-1600000.0,1587400000.0,2845500000.0,1259700000.0,2847100000.0,255300000.0,255300000.0,261800000.0
T. Rowe Price Group Inc,TROW,,1113169,2012.0,Q1,2012-01-01,2012-03-31,2012-04-24 15:55:02+00:00,,0.78,0.78,,0.34,,19100000.0,0.75,,,123800000.0,5100000.0,,,25800000.0,197500000.0,197500000.0,,197500000.0,,,30100000.0,,,,,,,,76800000.0,728700000.0,,,,,,,260700000.0,,,412500000.0,733800000.0,321300000.0,733800000.0,253200000.0,253200000.0,263300000.0
T. Rowe Price Group Inc,TROW,,1113169,2012.0,Q1TTM,2011-04-01,2012-03-31,,,3.04,3.04,,0.03,-800000.0,74500000.0,2.95,,,480400000.0,2377800000.0,,,91200000.0,776100000.0,776100000.0,,776100000.0,,800000.0,117400000.0,,,,,,,,295000000.0,123700000.0,,,,,,,987600000.0,319900000.0,-800000.0,1565700000.0,2821400000.0,1256500000.0,2822200000.0,253200000.0,253200000.0,263300000.0
T. Rowe Price Group Inc,TROW,,1113169,2013.0,Q4,2013-10-01,2013-12-31,,,1.11,1.11,,-1.14,,25100000.0,1.07,,,184100000.0,843400000.0,,,27100000.0,287700000.0,287700000.0,,287700000.0,,,-101000000.0,,,,,,,,240300000.0,-140200000.0,,,,,,,298200000.0,258300000.0,,489700000.0,961500000.0,471800000.0,961500000.0,260600000.0,260600000.0,268600000.0
T. Rowe Price Group Inc,TROW,,1113169,2013.0,FY,2013-01-01,2013-12-31,2015-02-05 16:22:07+00:00,,4.02,4.02,,,,90600000.0,3.9,,,652700000.0,3085600000.0,,,87000000.0,1047700000.0,1047700000.0,,1047700000.0,,,,,,,,,,,512300000.0,117900000.0,,,,,,,1156900000.0,343700000.0,,1846800000.0,3547200000.0,1700400000.0,3547200000.0,260600000.0,260600000.0,268600000.0
T. Rowe Price Group Inc,TROW,,1113169,2013.0,Q3,2013-07-01,2013-09-30,2013-10-24 10:42:28+00:00,,1.03,1.03,,0.38,,22100000.0,1.0,,,167200000.0,779900000.0,,,15400000.0,270300000.0,270300000.0,,270300000.0,,,32900000.0,,,,,,,,96800000.0,30700000.0,,,,,,,291300000.0,85400000.0,,458500000.0,896000000.0,437500000.0,896000000.0,262400000.0,262400000.0,270300000.0
T. Rowe Price Group Inc,TROW,,1113169,2013.0,Q3YTD,2013-01-01,2013-09-30,,,2.91,2.91,,1.14,,65500000.0,2.83,,,468600000.0,2242200000.0,,,59900000.0,760000000.0,760000000.0,,760000000.0,,,101000000.0,,,,,,,,272000000.0,258100000.0,,,,,,,858700000.0,85400000.0,,1357100000.0,2585700000.0,1228600000.0,2585700000.0,262400000.0,262400000.0,270300000.0
T. Rowe Price Group Inc,TROW,,1113169,2013.0,Q3TTM,2012-10-01,2013-09-30,,,3.82,3.82,,0.12,,86800000.0,3.71,,,614700000.0,3559700000.0,,,85300000.0,992000000.0,992000000.0,,992000000.0,,,8500000.0,,,,,,,,482300000.0,-587800000.0,,,,,,,1120300000.0,418000000.0,,1783200000.0,3389900000.0,1606700000.0,3389900000.0,262400000.0,262400000.0,270300000.0
T. Rowe Price Group Inc,TROW,,1113169,2013.0,Q2,2013-04-01,2013-06-30,2013-07-24 10:01:22+00:00,,0.95,0.95,,0.38,,21900000.0,0.92,,,152400000.0,741100000.0,,,19200000.0,247800000.0,247800000.0,,247800000.0,,,35100000.0,,,,,,,,91000000.0,114600000.0,,,,,,,288300000.0,,,455500000.0,855700000.0,400200000.0,855700000.0,260800000.0,260800000.0,269300000.0
T. Rowe Price Group Inc,TROW,,1113169,2013.0,Q2YTD,2013-01-01,2013-06-30,,,1.88,1.88,,0.76,,43400000.0,1.83,,,301400000.0,1462300000.0,,,44500000.0,489700000.0,489700000.0,,489700000.0,,,68100000.0,,,,,,,,175200000.0,227400000.0,,,,,,,567400000.0,,,898600000.0,1689700000.0,791100000.0,1689700000.0,260800000.0,260800000.0,269300000.0
T. Rowe Price Group Inc,TROW,,1113169,2013.0,Q2TTM,2012-07-01,2013-06-30,,,3.76,3.76,,0.08,,85300000.0,3.65,,,600500000.0,3482600000.0,,,87400000.0,969000000.0,969000000.0,,969000000.0,,,6600000.0,,,,,,,,463400000.0,-510200000.0,,,,,,,1092800000.0,332600000.0,,1735500000.0,3305000000.0,1569500000.0,3305000000.0,260800000.0,260800000.0,269300000.0
T. Rowe Price Group Inc,TROW,,1113169,2013.0,Q1,2013-01-01,2013-03-31,2013-04-24 13:02:14+00:00,,0.93,0.93,,0.38,,21500000.0,0.91,,,149000000.0,721200000.0,,,25300000.0,241900000.0,241900000.0,,241900000.0,,,33000000.0,,,,,,,,84200000.0,112800000.0,,,,,,,279100000.0,,,443100000.0,834000000.0,390900000.0,834000000.0,260100000.0,260100000.0,265800000.0
T. Rowe Price Group Inc,TROW,,1113169,2013.0,Q1TTM,2012-04-01,2013-03-31,,,3.62,3.62,,0.04,,83300000.0,3.52,,,576700000.0,3378900000.0,,,88000000.0,928000000.0,928000000.0,,928000000.0,,,2900000.0,,,,,,,,448600000.0,-518000000.0,,,,,,,1066000000.0,332600000.0,,1688800000.0,3193500000.0,1504700000.0,3193500000.0,260100000.0,260100000.0,265800000.0
T. Rowe Price Group Inc,TROW,,1113169,2014.0,FY,2014-01-01,2014-12-31,2017-02-07 17:12:27+00:00,,4.68,4.68,,,,111700000.0,4.55,,,773500000.0,3464500000.0,,,76000000.0,1229600000.0,1229600000.0,,1229600000.0,0.0,,143900000.0,,112200000.0,,,,,,430000000.0,143600000.0,,,,,,,1329600000.0,374000000.0,,2091200000.0,3982100000.0,2003100000.0,3982100000.0,262700000.0,262700000.0,270200000.0
T. Rowe Price Group Inc,TROW,,1113169,2014.0,Q4,2014-10-01,2014-12-31,,,1.21,1.21,,-1.32,,28300000.0,1.18,,,202900000.0,818700000.0,,,26100000.0,315900000.0,315900000.0,,315900000.0,,,72500000.0,,112200000.0,,,,,,77600000.0,37100000.0,,,,,,,337900000.0,93200000.0,,542400000.0,949000000.0,518800000.0,949000000.0,262700000.0,262700000.0,270200000.0
T. Rowe Price Group Inc,TROW,,1113169,2014.0,Q3YTD,2014-01-01,2014-09-30,,,3.47,3.47,,1.32,,83400000.0,3.37,,,570600000.0,2645800000.0,,,49900000.0,913700000.0,913700000.0,,913700000.0,,,71400000.0,,,,,,,,352400000.0,106500000.0,,,,,,,991700000.0,280800000.0,,1548800000.0,3033100000.0,1484300000.0,3033100000.0,264000000.0,264000000.0,271100000.0
T. Rowe Price Group Inc,TROW,,1113169,2014.0,Q3TTM,2013-10-01,2014-09-30,,,4.58,4.58,,0.18,,108500000.0,4.44,,,754700000.0,3489200000.0,,,77000000.0,1201400000.0,1201400000.0,,1201400000.0,,,-29600000.0,,,,,,,,592700000.0,-33700000.0,,,,,,,1289900000.0,539100000.0,,2038500000.0,3994600000.0,1956100000.0,3994600000.0,264000000.0,264000000.0,271100000.0
T. Rowe Price Group Inc,TROW,,1113169,2014.0,Q3,2014-07-01,2014-09-30,2015-10-22 12:42:52+00:00,,1.15,1.15,,0.44,,28300000.0,1.12,,,190300000.0,895900000.0,,,12700000.0,303600000.0,303600000.0,,303600000.0,,,,,,,,,,,144700000.0,37400000.0,,,,,,,346400000.0,92700000.0,,532100000.0,1026000000.0,493900000.0,1026000000.0,264000000.0,264000000.0,271100000.0
T. Rowe Price Group Inc,TROW,,1113169,2014.0,Q2YTD,2014-01-01,2014-06-30,,,2.32,2.32,,0.88,,55100000.0,2.25,,,380300000.0,1749900000.0,,,37200000.0,610100000.0,610100000.0,,610100000.0,,,71400000.0,,,,,,,,207700000.0,69100000.0,,,,,,,645300000.0,188100000.0,,1016700000.0,2007100000.0,990400000.0,2007100000.0,263600000.0,263600000.0,270600000.0
T. Rowe Price Group Inc,TROW,,1113169,2014.0,Q2TTM,2013-07-01,2014-06-30,,,4.46,4.46,,0.12,,102300000.0,4.32,,,731600000.0,3373200000.0,,,79700000.0,1168100000.0,1168100000.0,,1168100000.0,,,3300000.0,,,,,,,,544800000.0,-40400000.0,,,,,,,1234800000.0,531800000.0,,1964900000.0,3864600000.0,1899700000.0,3864600000.0,263600000.0,263600000.0,270600000.0
T. Rowe Price Group Inc,TROW,,1113169,2014.0,Q2,2014-04-01,2014-06-30,2014-07-24 07:37:59+00:00,,1.16,1.16,,0.44,,28000000.0,1.13,,,193400000.0,881400000.0,,,14600000.0,305800000.0,305800000.0,,305800000.0,,,36000000.0,,,,,,,,106200000.0,35400000.0,,,,,,,326400000.0,93600000.0,,511200000.0,1010400000.0,499200000.0,1010400000.0,263600000.0,263600000.0,270600000.0
T. Rowe Price Group Inc,TROW,,1113169,2014.0,Q1,2014-01-01,2014-03-31,2014-04-24 08:01:15+00:00,,1.16,1.16,,0.44,,27100000.0,1.12,,,186900000.0,868500000.0,,,22600000.0,304300000.0,304300000.0,,304300000.0,,,35400000.0,,,,,,,,101500000.0,33700000.0,,,,,,,318900000.0,94500000.0,,505500000.0,996700000.0,491200000.0,996700000.0,262300000.0,262300000.0,271700000.0
T. Rowe Price Group Inc,TROW,,1113169,2014.0,Q1TTM,2013-04-01,2014-03-31,,,4.25,4.25,,0.06,,96200000.0,4.11,,,690600000.0,3232900000.0,,,84300000.0,1110100000.0,1110100000.0,,1110100000.0,,,2400000.0,,,,,,,,529600000.0,38800000.0,,,,,,,1196700000.0,438200000.0,,1909200000.0,3709900000.0,1800700000.0,3709900000.0,262300000.0,262300000.0,271700000.0
T. Rowe Price Group Inc,TROW,,1113169,2015.0,FY,2015-01-01,2015-12-31,2018-02-16 16:47:10+00:00,,4.74,4.74,,,,126300000.0,4.63,,,779400000.0,3687300000.0,,,79700000.0,1223000000.0,1223000000.0,,1223000000.0,0.0,,159200000.0,,103500000.0,,,,,,492900000.0,151500000.0,,,,,,,1443600000.0,361800000.0,,2301700000.0,4200600000.0,2002400000.0,4200600000.0,258000000.0,258000000.0,264100000.0
T. Rowe Price Group Inc,TROW,,1113169,2015.0,Q4,2015-10-01,2015-12-31,,,1.22,1.22,,-3.56,,31900000.0,1.2,,,195200000.0,926000000.0,,,27000000.0,303200000.0,303200000.0,,303200000.0,,,118900000.0,,70000000.0,,,,,,89400000.0,37300000.0,,,,,,,356800000.0,88900000.0,,624000000.0,1052200000.0,498400000.0,1052200000.0,258000000.0,258000000.0,264100000.0
T. Rowe Price Group Inc,TROW,,1113169,2015.0,Q3,2015-07-01,2015-09-30,2016-10-27 11:54:37+00:00,,1.08,1.08,,0.52,,33100000.0,1.06,,,181500000.0,922600000.0,,,13200000.0,277100000.0,277100000.0,,277100000.0,0.0,,40300000.0,,300000.0,,,,,,124700000.0,38100000.0,,,,,,,379400000.0,88300000.0,,590700000.0,1049000000.0,458600000.0,1049000000.0,256600000.0,256600000.0,261400000.0
T. Rowe Price Group Inc,TROW,,1113169,2015.0,Q3YTD,2015-01-01,2015-09-30,,,3.52,3.52,,3.56,,94400000.0,3.43,,,584200000.0,2761300000.0,,,52700000.0,919800000.0,919800000.0,,919800000.0,,,40300000.0,,33500000.0,,,,,,403500000.0,114200000.0,,,,,,,1086800000.0,272900000.0,,1677700000.0,3148400000.0,1504000000.0,3148400000.0,256600000.0,256600000.0,261400000.0
T. Rowe Price Group Inc,TROW,,1113169,2015.0,Q3TTM,2014-10-01,2015-09-30,,,4.73,4.73,,2.24,,122700000.0,4.61,,,787100000.0,3580000000.0,,,78800000.0,1235700000.0,1235700000.0,,1235700000.0,,,112800000.0,,145700000.0,,,,,,481100000.0,151300000.0,,,,,,,1424700000.0,366100000.0,,2220100000.0,4097400000.0,2022800000.0,4097400000.0,256600000.0,256600000.0,261400000.0
T. Rowe Price Group Inc,TROW,,1113169,2015.0,Q2,2015-04-01,2015-06-30,2016-07-26 12:20:55+00:00,,1.28,1.28,,0.52,,32200000.0,1.24,,,207600000.0,942200000.0,,,14200000.0,333200000.0,333200000.0,,333200000.0,0.0,,,,33200000.0,,,,,,157300000.0,38600000.0,,,,,,,360900000.0,91600000.0,,564600000.0,1072400000.0,540800000.0,1072400000.0,260300000.0,260300000.0,268700000.0
T. Rowe Price Group Inc,TROW,,1113169,2015.0,Q2YTD,2015-01-01,2015-06-30,,,2.44,2.44,,3.04,,61300000.0,2.37,,,402700000.0,1838700000.0,,,39500000.0,642700000.0,642700000.0,,642700000.0,,,,,33200000.0,,,,,,278800000.0,76100000.0,,,,,,,707400000.0,184600000.0,,1087000000.0,2099400000.0,1045400000.0,2099400000.0,260300000.0,260300000.0,268700000.0
T. Rowe Price Group Inc,TROW,,1113169,2015.0,Q2TTM,2014-07-01,2015-06-30,,,4.8,4.8,,2.16,,117900000.0,4.67,,,795900000.0,3553300000.0,,,78300000.0,1262200000.0,1262200000.0,,1262200000.0,,,72500000.0,,145400000.0,,,,,,501100000.0,150600000.0,,,,,,,1391700000.0,370500000.0,,2161500000.0,4074400000.0,2058100000.0,4074400000.0,260300000.0,260300000.0,268700000.0
T. Rowe Price Group Inc,TROW,,1113169,2015.0,Q1,2015-01-01,2015-03-31,2016-04-26 16:30:34+00:00,,1.16,1.16,,2.52,,29100000.0,1.13,,,195100000.0,896500000.0,,,25300000.0,309500000.0,309500000.0,,309500000.0,0.0,,,,,,,,,,121500000.0,37500000.0,,,,,,,346500000.0,93000000.0,,522400000.0,1027000000.0,504600000.0,1027000000.0,266800000.0,266800000.0,273900000.0
T. Rowe Price Group Inc,TROW,,1113169,2015.0,Q1TTM,2014-04-01,2015-03-31,,,4.68,4.68,,2.08,,113700000.0,4.56,,,781700000.0,3492500000.0,,,78700000.0,1234800000.0,1234800000.0,,1234800000.0,,,108500000.0,,112200000.0,,,,,,450000000.0,147400000.0,,,,,,,1357200000.0,372500000.0,,2108100000.0,4012400000.0,2016500000.0,4012400000.0,266800000.0,266800000.0,273900000.0
T. Rowe Price Group Inc,TROW,,1113169,2016.0,FY,2016-01-01,2016-12-31,2019-02-13 14:48:37+00:00,,4.85,4.85,,2.16,,,4.75,,,706500000.0,,,,80200000.0,1254000000.0,1254000000.0,,1215000000.0,39000000.0,,,,227100000.0,,,,,,977200000.0,4284800000.0,,,,,,,1494000000.0,,,2551400000.0,4284800000.0,1960500000.0,4284800000.0,250500000.0,250500000.0,255800000.0
T. Rowe Price Group Inc,TROW,,1113169,2016.0,Q4,2016-10-01,2016-12-31,,,1.53,1.53,,-1.62,,-100000000.0,1.5,,,208700000.0,-2761900000.0,,,27500000.0,366800000.0,366800000.0,,379800000.0,-13000000.0,,-127500000.0,,12200000.0,,,,,,408200000.0,4178600000.0,,,,,,,381600000.0,-263600000.0,,589800000.0,1153100000.0,575500000.0,1153100000.0,250500000.0,250500000.0,255800000.0
T. Rowe Price Group Inc,TROW,,1113169,2016.0,Q3,2016-07-01,2016-09-30,2017-10-26 11:06:39+00:00,,1.3,1.3,,0.54,,34000000.0,1.28,,,201300000.0,970500000.0,,,14700000.0,362700000.0,362700000.0,,327800000.0,34900000.0,,45300000.0,,88300000.0,,,,,,137000000.0,36700000.0,,,,,,,386200000.0,85700000.0,,617200000.0,1092900000.0,564000000.0,1092900000.0,252200000.0,252200000.0,256100000.0
T. Rowe Price Group Inc,TROW,,1113169,2016.0,Q3YTD,2016-01-01,2016-09-30,,,3.32,3.32,,1.62,,100000000.0,3.25,,,497800000.0,2761900000.0,,,52700000.0,887200000.0,887200000.0,,835200000.0,52000000.0,,127500000.0,,214900000.0,,,,,,569000000.0,106200000.0,,,,,,,1112400000.0,263600000.0,,1961600000.0,3131700000.0,1385000000.0,3131700000.0,252200000.0,252200000.0,256100000.0
T. Rowe Price Group Inc,TROW,,1113169,2016.0,Q3TTM,2015-10-01,2016-09-30,,,4.54,4.54,,-1.94,,131900000.0,4.45,,,693000000.0,3687900000.0,,,79700000.0,1190400000.0,1190400000.0,,1138400000.0,52000000.0,,246400000.0,,284900000.0,,,,,,658400000.0,143500000.0,,,,,,,1469200000.0,352500000.0,,2585600000.0,4183900000.0,1883400000.0,4183900000.0,252200000.0,252200000.0,256100000.0
T. Rowe Price Group Inc,TROW,,1113169,2016.0,Q2,2016-04-01,2016-06-30,2017-07-25 11:09:31+00:00,,0.81,0.81,,0.54,,33800000.0,0.79,,,113800000.0,920600000.0,,,14900000.0,211200000.0,211200000.0,,203300000.0,7900000.0,,40800000.0,,41500000.0,,,,,,300700000.0,35600000.0,,,,,,,371000000.0,88500000.0,,761200000.0,1044700000.0,325000000.0,1044700000.0,251000000.0,251000000.0,257300000.0
T. Rowe Price Group Inc,TROW,,1113169,2016.0,Q2YTD,2016-01-01,2016-06-30,,,2.02,2.02,,1.08,,66000000.0,1.97,,,296500000.0,1791400000.0,,,38000000.0,524500000.0,524500000.0,,507400000.0,17100000.0,,82200000.0,,126600000.0,,,,,,432000000.0,69500000.0,,,,,,,726200000.0,177900000.0,,1344400000.0,2038800000.0,821000000.0,2038800000.0,251000000.0,251000000.0,257300000.0
T. Rowe Price Group Inc,TROW,,1113169,2016.0,Q2TTM,2015-07-01,2016-06-30,,,4.32,4.32,,-1.96,,131000000.0,4.23,,,673200000.0,3640000000.0,,,78200000.0,1104800000.0,1104800000.0,,1087700000.0,17100000.0,,241400000.0,,196900000.0,,,,,,646100000.0,144900000.0,,,,,,,1462400000.0,355100000.0,,2559100000.0,4140000000.0,1778000000.0,4140000000.0,251000000.0,251000000.0,257300000.0
T. Rowe Price Group Inc,TROW,,1113169,2016.0,Q1,2016-01-01,2016-03-31,2017-04-25 12:46:12+00:00,,1.21,1.21,,0.54,,32200000.0,1.18,,,182700000.0,870800000.0,,,23100000.0,313300000.0,313300000.0,,304100000.0,9200000.0,,41400000.0,,85100000.0,,,,,,131300000.0,33900000.0,,,,,,,355200000.0,89400000.0,,583200000.0,994100000.0,496000000.0,994100000.0,251300000.0,251300000.0,257700000.0
T. Rowe Price Group Inc,TROW,,1113169,2016.0,Q1TTM,2015-04-01,2016-03-31,,,4.79,4.79,,-1.98,,129400000.0,4.68,,,767000000.0,3661600000.0,,,77500000.0,1226800000.0,1226800000.0,,1217600000.0,9200000.0,,200600000.0,,188600000.0,,,,,,502700000.0,147900000.0,,,,,,,1452300000.0,358200000.0,,2362500000.0,4167700000.0,1993800000.0,4167700000.0,251300000.0,251300000.0,257700000.0
T. Rowe Price Group Inc,TROW,,1113169,2017.0,FY,2017-01-01,2017-12-31,2020-02-13 14:02:52+00:00,,6.07,6.07,,2.28,,,5.97,,,923900000.0,,,,92400000.0,1581200000.0,1581200000.0,,1497800000.0,83400000.0,,,,396300000.0,,,,,,988800000.0,4854900000.0,,,,,,,1664900000.0,,,2746100000.0,4854900000.0,2505100000.0,4854900000.0,246800000.0,246800000.0,250900000.0
T. Rowe Price Group Inc,TROW,,1113169,2017.0,Q4,2017-10-01,2017-12-31,,,2.92,2.92,,-1.14,,-35000000.0,2.87,,,476000000.0,-2089400000.0,,,34000000.0,269000000.0,269000000.0,,213400000.0,55600000.0,,-49000000.0,,214000000.0,,,,,,387300000.0,3491600000.0,,,,,,,446300000.0,-87600000.0,,783600000.0,1314600000.0,745000000.0,1314600000.0,246800000.0,246800000.0,250900000.0
T. Rowe Price Group Inc,TROW,,1113169,2017.0,Q3YTD,2017-01-01,2017-09-30,,,3.15,3.15,,1.14,,35000000.0,3.1,,,447900000.0,2089400000.0,,,58400000.0,1312200000.0,1312200000.0,,1284400000.0,27800000.0,,49000000.0,,182300000.0,,,,,,601500000.0,1363300000.0,,,,,,,1218600000.0,87600000.0,,1962500000.0,3540300000.0,1760100000.0,3540300000.0,245800000.0,245800000.0,250600000.0
T. Rowe Price Group Inc,TROW,,1113169,2017.0,Q3TTM,2016-10-01,2017-09-30,,,4.68,4.68,,-0.48,,-65000000.0,4.6,,,656600000.0,-672500000.0,,,85900000.0,1679000000.0,1679000000.0,,1664200000.0,14800000.0,,-78500000.0,,194500000.0,,,,,,1009700000.0,5541900000.0,,,,,,,1600200000.0,-176000000.0,,2552300000.0,4693400000.0,2335600000.0,4693400000.0,245800000.0,245800000.0,250600000.0
T. Rowe Price Group Inc,TROW,,1113169,2017.0,Q3,2017-07-01,2017-09-30,2017-10-26 11:06:39+00:00,,1.59,1.59,,0.57,,35000000.0,1.56,,,211600000.0,1096700000.0,,,14000000.0,404200000.0,404200000.0,,390900000.0,13300000.0,,49000000.0,,67300000.0,,,,,,157800000.0,37400000.0,,,,,,,417400000.0,87600000.0,,673200000.0,1221700000.0,615800000.0,1221700000.0,245800000.0,245800000.0,250600000.0
T. Rowe Price Group Inc,TROW,,1113169,2017.0,Q2,2017-04-01,2017-06-30,2018-10-25 13:06:58+00:00,,,,,,,,,,,,,,,18700000.0,507600000.0,507600000.0,,507600000.0,,,,,,,,,,,255900000.0,1186000000.0,,,,,,,403800000.0,,,678400000.0,1186000000.0,507600000.0,1186000000.0,,,
T. Rowe Price Group Inc,TROW,,1113169,2017.0,Q2YTD,2017-01-01,2017-06-30,,,1.56,1.56,,0.57,,,1.54,,,236300000.0,992700000.0,,,44400000.0,908000000.0,908000000.0,,893500000.0,14500000.0,,,,115000000.0,,,,,,443700000.0,1325900000.0,,,,,,,801200000.0,,,1289300000.0,2318600000.0,1144300000.0,2318600000.0,,,
T. Rowe Price Group Inc,TROW,,1113169,2017.0,Q2TTM,2016-07-01,2017-06-30,,,4.39,4.39,,-0.51,,-66000000.0,4.32,,,646300000.0,-798700000.0,,,86600000.0,1637500000.0,1637500000.0,,1601100000.0,36400000.0,,-82200000.0,,215500000.0,,,,,,988900000.0,5541200000.0,,,,,,,1569000000.0,-177900000.0,,2496300000.0,4564600000.0,2283800000.0,4564600000.0,,,
T. Rowe Price Group Inc,TROW,,1113169,2017.0,Q1,2017-01-01,2017-03-31,2018-04-25 15:23:11+00:00,,1.56,1.56,,0.57,,,1.54,,,236300000.0,992700000.0,,,25700000.0,400400000.0,400400000.0,,385900000.0,14500000.0,,,,115000000.0,,,,,,187800000.0,139900000.0,,,,,,,397400000.0,,,610900000.0,1132600000.0,636700000.0,1132600000.0,247400000.0,247400000.0,250600000.0
T. Rowe Price Group Inc,TROW,,1113169,2017.0,Q1TTM,2016-04-01,2017-03-31,,,5.2,5.2,,0.03,,-32200000.0,5.11,,,760100000.0,121900000.0,,,82800000.0,1341100000.0,1341100000.0,,1296800000.0,44300000.0,,-41400000.0,,257000000.0,,,,,,1033700000.0,4390800000.0,,,,,,,1536200000.0,-89400000.0,,2579100000.0,4423300000.0,2101200000.0,4423300000.0,247400000.0,247400000.0,250600000.0
T. Rowe Price Group Inc,TROW,,1113169,2018.0,FY,2018-01-01,2018-12-31,2020-02-13 14:02:52+00:00,,7.41,7.41,,2.8,,,7.27,,,615900000.0,,,,99600000.0,1768700000.0,1768700000.0,,1837500000.0,-68800000.0,,,,23200000.0,,,,,5372600000.0,1103000000.0,,,,,,,,1808600000.0,,,3011200000.0,5372600000.0,2384600000.0,5372600000.0,248000000.0,248000000.0,252800000.0
T. Rowe Price Group Inc,TROW,,1113169,2018.0,Q4,2018-10-01,2018-12-31,,,1.45,1.45,,,,,1.43,,,118400000.0,,,,35800000.0,272000000.0,272000000.0,,351900000.0,-79900000.0,,,,-151900000.0,,,,,5372600000.0,270000000.0,-4067600000.0,,,,,,,456900000.0,,,762700000.0,1305000000.0,390400000.0,1305000000.0,248000000.0,248000000.0,252800000.0
T. Rowe Price Group Inc,TROW,,1113169,2018.0,Q3,2018-07-01,2018-09-30,2019-10-24 12:14:31+00:00,,2.34,2.34,,,,,2.3,,,183900000.0,,,,20200000.0,581600000.0,581600000.0,,583000000.0,-1400000.0,,,,124900000.0,,,,,,279500000.0,1394600000.0,,,,,,,454300000.0,,,754000000.0,1394600000.0,765500000.0,1394600000.0,249100000.0,249100000.0,253500000.0
T. Rowe Price Group Inc,TROW,,1113169,2018.0,Q3YTD,2018-01-01,2018-09-30,,,5.96,5.96,,,,,5.84,,,497500000.0,,,,63800000.0,1496700000.0,1496700000.0,,1485600000.0,11100000.0,,,,175100000.0,,,,,,833000000.0,4067600000.0,,,,,,,1351700000.0,,,2248500000.0,4067600000.0,1994200000.0,4067600000.0,249100000.0,249100000.0,253500000.0
T. Rowe Price Group Inc,TROW,,1113169,2018.0,Q3TTM,2017-10-01,2018-09-30,,,8.88,8.88,,-1.14,,-35000000.0,8.71,,,973500000.0,-2089400000.0,,,97800000.0,1765700000.0,1765700000.0,,1699000000.0,66700000.0,,-49000000.0,,389100000.0,,,,,,1220300000.0,7559200000.0,,,,,,,1798000000.0,-87600000.0,,3032100000.0,5382200000.0,2739200000.0,5382200000.0,249100000.0,249100000.0,253500000.0
T. Rowe Price Group Inc,TROW,,1113169,2018.0,Q2,2018-04-01,2018-06-30,2019-07-24 12:21:49+00:00,,1.81,1.81,,,,,1.77,,,169200000.0,,,,19000000.0,459600000.0,459600000.0,,448900000.0,10700000.0,,,,34100000.0,,,,,,275300000.0,1345000000.0,,,,,,,456000000.0,,,750300000.0,1345000000.0,628800000.0,1345000000.0,248000000.0,248000000.0,253600000.0
T. Rowe Price Group Inc,TROW,,1113169,2018.0,Q2YTD,2018-01-01,2018-06-30,,,3.62,3.62,,,,,3.54,,,313600000.0,,,,43600000.0,915100000.0,915100000.0,,902600000.0,12500000.0,,,,50200000.0,,,,,,553500000.0,2673000000.0,,,,,,,897400000.0,,,1494500000.0,2673000000.0,1228700000.0,2673000000.0,248000000.0,248000000.0,253600000.0
T. Rowe Price Group Inc,TROW,,1113169,2018.0,Q2TTM,2017-07-01,2018-06-30,,,8.13,8.13,,-0.57,,,7.97,,,1001200000.0,-992700000.0,,,91600000.0,1588300000.0,1588300000.0,,1506900000.0,81400000.0,,,,331500000.0,,,,,,1098600000.0,6202000000.0,,,,,,,1761100000.0,,,2951300000.0,5209300000.0,2589500000.0,5209300000.0,248000000.0,248000000.0,253600000.0
T. Rowe Price Group Inc,TROW,,1113169,2018.0,Q1,2018-01-01,2018-03-31,2019-04-24 12:10:11+00:00,,1.81,1.81,,0.7,,,1.77,,,144400000.0,,,,24600000.0,455500000.0,455500000.0,,453700000.0,1800000.0,,,,16100000.0,,,,,,278200000.0,1328000000.0,,,,,,,441400000.0,,,744200000.0,1328000000.0,599900000.0,1328000000.0,250700000.0,250700000.0,256300000.0
T. Rowe Price Group Inc,TROW,,1113169,2018.0,Q1TTM,2017-04-01,2018-03-31,,,6.32,6.32,,-0.57,,,6.2,,,832000000.0,-992700000.0,,,91300000.0,1636300000.0,1636300000.0,,1565600000.0,70700000.0,,,,297400000.0,,,,,,1079200000.0,6043000000.0,,,,,,,1708900000.0,,,2879400000.0,5050300000.0,2468300000.0,5050300000.0,250700000.0,250700000.0,256300000.0
T. Rowe Price Group Inc,TROW,,1113169,2019.0,Q4,2019-10-01,2019-12-31,,,2.27,2.27,,,,,2.23,,,156400000.0,,,,38300000.0,593900000.0,593900000.0,,545300000.0,48600000.0,,,,170000000.0,,,,,2796000000.0,321900000.0,-1327300000.0,,,,,,,528200000.0,,,888400000.0,1468700000.0,750300000.0,1468700000.0,241600000.0,241600000.0,245000000.0
T. Rowe Price Group Inc,TROW,,1113169,2019.0,FY,2019-01-01,2019-12-31,2020-02-13 14:02:52+00:00,,8.82,8.82,,3.04,,,8.7,,,678400000.0,,,,96800000.0,2248900000.0,2248900000.0,,2131300000.0,117600000.0,,,,540300000.0,,,,,5617900000.0,1164900000.0,,,,,,,,1969200000.0,,,3230900000.0,5617900000.0,2927300000.0,5617900000.0,241600000.0,241600000.0,245000000.0
T. Rowe Price Group Inc,TROW,,1113169,2019.0,Q3YTD,2019-01-01,2019-09-30,,,6.55,6.55,,,,,6.47,,,522000000.0,,,,58500000.0,1655000000.0,1655000000.0,,1586000000.0,69000000.0,,,,370300000.0,,,,,2821900000.0,843000000.0,1327300000.0,,,,,,,1441000000.0,,,2342500000.0,4149200000.0,2177000000.0,4149200000.0,241500000.0,241500000.0,244800000.0
T. Rowe Price Group Inc,TROW,,1113169,2019.0,Q3TTM,2018-10-01,2019-09-30,,,8.0,8.0,,,,,7.9,,,640400000.0,,,,94300000.0,1927000000.0,1927000000.0,,1937900000.0,-10900000.0,,,,218400000.0,,,,,8194500000.0,1113000000.0,-2740300000.0,,,,,,,1897900000.0,,,3105200000.0,5454200000.0,2567400000.0,5454200000.0,241500000.0,241500000.0,244800000.0
T. Rowe Price Group Inc,TROW,,1113169,2019.0,Q3,2019-07-01,2019-09-30,2019-10-24 12:14:31+00:00,,2.26,2.26,,,,,2.23,,,157000000.0,,,,17100000.0,545100000.0,545100000.0,,545900000.0,-800000.0,,,,43000000.0,,,,,1426700000.0,284200000.0,,,,,,,,466300000.0,,,767600000.0,1426700000.0,702100000.0,1426700000.0,241500000.0,241500000.0,244800000.0
T. Rowe Price Group Inc,TROW,,1113169,2019.0,Q2,2019-04-01,2019-06-30,2019-07-24 12:21:49+00:00,,2.18,2.18,,,,,2.15,,,183700000.0,,,,19800000.0,555900000.0,555900000.0,,527500000.0,28400000.0,,,,124500000.0,,,,,1395200000.0,277100000.0,,,,,,,,483200000.0,,,780100000.0,1395200000.0,739600000.0,1395200000.0,242000000.0,242000000.0,245300000.0
T. Rowe Price Group Inc,TROW,,1113169,2019.0,Q2YTD,2019-01-01,2019-06-30,,,4.29,4.29,,,,,4.24,,,365000000.0,,,,41400000.0,1109900000.0,1109900000.0,,1040100000.0,69800000.0,,,,327300000.0,,,,,1395200000.0,558800000.0,1327300000.0,,,,,,,974700000.0,,,1574900000.0,2722500000.0,1474900000.0,2722500000.0,242000000.0,242000000.0,245300000.0
T. Rowe Price Group Inc,TROW,,1113169,2019.0,Q2TTM,2018-07-01,2019-06-30,,,8.08,8.08,,,,,7.97,,,667300000.0,,,,97400000.0,1963500000.0,1963500000.0,,1975000000.0,-11500000.0,,,,300300000.0,,,,,6767800000.0,1108300000.0,-1345700000.0,,,,,,,1885900000.0,,,3091600000.0,5422100000.0,2630800000.0,5422100000.0,242000000.0,242000000.0,245300000.0
T. Rowe Price Group Inc,TROW,,1113169,2019.0,Q1,2019-01-01,2019-03-31,2020-04-28 16:24:02+00:00,,2.11,2.11,,0.76,,,2.09,,,181300000.0,,,,21600000.0,554000000.0,554000000.0,,512600000.0,41400000.0,,,,202800000.0,,,,,,281700000.0,1327300000.0,,,,,,,491500000.0,,,794800000.0,1327300000.0,735300000.0,1327300000.0,242900000.0,242900000.0,245300000.0
T. Rowe Price Group Inc,TROW,,1113169,2019.0,Q1TTM,2018-04-01,2019-03-31,,,7.71,7.71,,,,,7.59,,,652800000.0,,,,96600000.0,1867200000.0,1867200000.0,,1896400000.0,-29200000.0,,,,209900000.0,,,,,5372600000.0,1106500000.0,-700000.0,,,,,,,1858700000.0,,,3061800000.0,5371900000.0,2520000000.0,5371900000.0,242900000.0,242900000.0,245300000.0
T. Rowe Price Group Inc,TROW,,1113169,2020.0,Q1TTM,2019-04-01,2020-03-31,,,8.14,8.14,,,,,8.02,,,537400000.0,,,,100100000.0,1861500000.0,1861500000.0,,1961800000.0,-100300000.0,,,,-162800000.0,,,,,7080500000.0,1173000000.0,-1327300000.0,,,,,,,1918400000.0,,,3191500000.0,5753200000.0,2398900000.0,5753200000.0,239900000.0,239900000.0,243300000.0
T. Rowe Price Group Inc,TROW,,1113169,2020.0,Q1,2020-01-01,2020-03-31,2020-04-28 16:24:02+00:00,,1.43,1.43,,0.9,,,1.41,,,40300000.0,,,,24900000.0,166600000.0,166600000.0,,343100000.0,-176500000.0,,,,-500300000.0,,,,,1462600000.0,289800000.0,,,,,,,,440700000.0,,,755400000.0,1462600000.0,206900000.0,1462600000.0,239900000.0,239900000.0,243300000.0
