company_name,company_ticker,company_lei,company_cik,year,quarter,start_date,end_date,filing_date,amortizationexpense,basicdilutedeps,basiceps,cashdividendspershare,depositsinterestexpense,dilutedeps,impairmentexpense,incometaxexpense,investmentsecuritiesinterestincome,loansandleaseinterestincome,longtermdebtinterestexpense,marketingexpense,netincome,netincomecontinuing,netincomediscontinued,netincometocommon,netincometononcontrollinginterest,netinterestincome,netoccupancyequipmentexpense,netrealizedcapitalgains,otheradjustmentstonetincometocommon,otherinterestincome,othernoninterestincome,otheroperatingexpenses,otherservicechargeincome,preferreddividends,provisionforcreditlosses,restructuringcharge,salariesandemployeebenefitsexpense,servicechargesondepositsincome,totalinterestexpense,totalinterestincome,totalnoninterestexpense,totalnoninterestincome,totalpretaxincome,totalrevenue,weightedavebasicdilutedsharesos,weightedavebasicsharesos,weightedavedilutedsharesos
Capital One Financial Corp,COF,ZUE8T73ROZOF6FLBAR73,927628,2007.0,FY,2007-01-01,2007-12-31,2010-02-26 17:19:27+00:00,,4.02,4.02,0.11,2906351000.0,3.97,0.0,1277837000.0,950972000.0,9500128000.0,1641960000.0,1347836000.0,1570332000.0,2591719000.0,-1021387000.0,1570332000.0,,6529845000.0,1612568000.0,0.0,,627056000.0,500484000.0,2386835000.0,2713062000.0,,2636502000.0,138237000.0,2592534000.0,4840677000.0,4548311000.0,11078156000.0,8078010000.0,8054223000.0,3869556000.0,14584068000.0,390600000.0,390600000.0,395500000.0
Capital One Financial Corp,COF,ZUE8T73ROZOF6FLBAR73,927628,2008.0,FY,2008-01-01,2008-12-31,2011-03-07 16:13:08+00:00,,-0.21,-0.21,1.5,2512000000.0,-0.21,,497000000.0,1224000000.0,9460000000.0,1451000000.0,1118000000.0,-46000000.0,85000000.0,-131000000.0,-79000000.0,,7149000000.0,1653000000.0,0.0,,428000000.0,562000000.0,2969000000.0,2808000000.0,33000000.0,5101000000.0,134000000.0,2336000000.0,3385000000.0,3963000000.0,11112000000.0,8210000000.0,6744000000.0,582000000.0,13893000000.0,376000000.0,376000000.0,376000000.0
Capital One Financial Corp,COF,ZUE8T73ROZOF6FLBAR73,927628,2008.0,Q3,2008-07-01,2008-09-30,2009-11-06 19:03:35+00:00,,1.0,1.0,0.375,624319000.0,1.0,,213624000.0,317268000.0,2347480000.0,340832000.0,267372000.0,374139000.0,385789000.0,-11650000.0,374139000.0,,1806645000.0,399984000.0,0.0,,107048000.0,148076000.0,555858000.0,673097000.0,,1093917000.0,15306000.0,571686000.0,875718000.0,965151000.0,2771796000.0,1810206000.0,1696891000.0,599413000.0,3503536000.0,374100000.0,374100000.0,374100000.0
Capital One Financial Corp,COF,ZUE8T73ROZOF6FLBAR73,927628,2008.0,Q2,2008-04-01,2008-06-30,2009-08-10 16:51:31+00:00,,1.21,1.21,0.375,592576000.0,1.21,,238843000.0,281084000.0,2297709000.0,371525000.0,288100000.0,452905000.0,462498000.0,-9593000.0,452905000.0,,1727756000.0,407176000.0,0.0,,113064000.0,132730000.0,532193000.0,654846000.0,,829130000.0,13560000.0,578572000.0,834740000.0,964101000.0,2691857000.0,1819601000.0,1622316000.0,701341000.0,3350072000.0,374300000.0,374300000.0,374300000.0
Capital One Financial Corp,COF,ZUE8T73ROZOF6FLBAR73,927628,2009.0,Q4,2009-10-01,2009-12-31,,,0.97,0.97,0.05,426608000.0,0.97,,169490000.0,403726000.0,2108382000.0,214371000.0,187288000.0,375062000.0,404104000.0,-29042000.0,375252000.0,,1954012000.0,421811000.0,-265637000.0,-564190000.0,82883000.0,112910000.0,664670000.0,821027000.0,564000000.0,843863000.0,32373000.0,641569000.0,742856000.0,640979000.0,2594991000.0,1947711000.0,1411156000.0,573594000.0,3365168000.0,428000000.0,428000000.0,428000000.0
Capital One Financial Corp,COF,ZUE8T73ROZOF6FLBAR73,927628,2009.0,FY,2009-01-01,2009-12-31,2012-02-28 18:55:20+00:00,,0.75,0.75,0.53,2093000000.0,0.74,,349000000.0,1610000000.0,8757000000.0,874000000.0,588000000.0,884000000.0,987000000.0,-103000000.0,320000000.0,,7697000000.0,1691000000.0,-287000000.0,,297000000.0,502000000.0,2541000000.0,2791000000.0,564000000.0,4230000000.0,119000000.0,2478000000.0,2280000000.0,2967000000.0,10664000000.0,7417000000.0,5286000000.0,1336000000.0,12983000000.0,428000000.0,428000000.0,428000000.0
Capital One Financial Corp,COF,ZUE8T73ROZOF6FLBAR73,927628,2009.0,Q3YTD,2009-01-01,2009-09-30,,,-0.22,-0.22,0.48,1666392000.0,-0.23,,179510000.0,1206274000.0,6648618000.0,659629000.0,400712000.0,508938000.0,582896000.0,-73958000.0,-55252000.0,,5742988000.0,1269189000.0,-21363000.0,564190000.0,214117000.0,389090000.0,1876330000.0,1969973000.0,,3386137000.0,86627000.0,1836431000.0,1537144000.0,2326021000.0,8069009000.0,5469289000.0,3874844000.0,762406000.0,9617832000.0,449000000.0,449000000.0,449000000.0
Capital One Financial Corp,COF,ZUE8T73ROZOF6FLBAR73,927628,2009.0,Q3,2009-07-01,2009-09-30,2010-11-08 15:10:31+00:00,,0.88,0.88,0.05,479000000.0,0.87,,146000000.0,399000000.0,2220000000.0,218000000.0,104000000.0,394000000.0,437000000.0,-43000000.0,394000000.0,,2005000000.0,413000000.0,-11000000.0,,83000000.0,123000000.0,611000000.0,720000000.0,,1173000000.0,26000000.0,648000000.0,721000000.0,697000000.0,2702000000.0,1802000000.0,1553000000.0,583000000.0,3558000000.0,449000000.0,449000000.0,449000000.0
Capital One Financial Corp,COF,ZUE8T73ROZOF6FLBAR73,927628,2009.0,Q2YTD,2009-01-01,2009-06-30,,,-1.1,-1.1,0.43,1187392000.0,-1.1,,33510000.0,807274000.0,4428618000.0,441629000.0,296712000.0,114938000.0,145896000.0,-30958000.0,-449252000.0,,3737988000.0,856189000.0,-10363000.0,564190000.0,131117000.0,266090000.0,1265330000.0,1249973000.0,,2213137000.0,60627000.0,1188431000.0,816144000.0,1629021000.0,5367009000.0,3667289000.0,2321844000.0,179406000.0,6059832000.0,422000000.0,422000000.0,422000000.0
Capital One Financial Corp,COF,ZUE8T73ROZOF6FLBAR73,927628,2009.0,Q2,2009-04-01,2009-06-30,2010-08-09 13:14:36+00:00,,-0.66,-0.66,0.05,560000000.0,-0.66,,92000000.0,412000000.0,2237000000.0,212000000.0,134000000.0,223000000.0,229000000.0,-6000000.0,-277000000.0,,1945000000.0,438000000.0,-10000000.0,500000000.0,68000000.0,126000000.0,673000000.0,753000000.0,,934000000.0,43000000.0,634000000.0,363000000.0,772000000.0,2717000000.0,1922000000.0,1232000000.0,321000000.0,3177000000.0,422000000.0,422000000.0,422000000.0
Capital One Financial Corp,COF,ZUE8T73ROZOF6FLBAR73,927628,2009.0,Q1,2009-01-01,2009-03-31,2010-05-07 15:26:57+00:00,,-0.44,-0.44,0.38,627392000.0,-0.44,,-58490000.0,395274000.0,2191618000.0,229629000.0,162712000.0,-108062000.0,-83104000.0,-24958000.0,-172252000.0,,1792988000.0,418189000.0,-363000.0,64190000.0,63117000.0,140090000.0,592330000.0,496973000.0,,1279137000.0,17627000.0,554431000.0,453144000.0,857021000.0,2650009000.0,1745289000.0,1089844000.0,-141594000.0,2882832000.0,391500000.0,391500000.0,391500000.0
Capital One Financial Corp,COF,ZUE8T73ROZOF6FLBAR73,927628,2010.0,Q4,2010-10-01,2010-12-31,,220000000.0,1.54,1.54,0.05,340000000.0,1.52,,332000000.0,304000000.0,3353000000.0,310000000.0,309000000.0,696000000.0,700000000.0,-4000000.0,696000000.0,,3023000000.0,429000000.0,-12000000.0,,16000000.0,350000000.0,395000000.0,599000000.0,,839000000.0,81000000.0,657000000.0,2000000.0,650000000.0,3673000000.0,2091000000.0,939000000.0,1032000000.0,3962000000.0,452000000.0,452000000.0,452000000.0
Capital One Financial Corp,COF,ZUE8T73ROZOF6FLBAR73,927628,2010.0,FY,2010-01-01,2010-12-31,2013-02-28 16:19:23+00:00,220000000.0,6.07,6.07,0.2,1465000000.0,6.01,,1280000000.0,1342000000.0,13934000000.0,1431000000.0,958000000.0,2743000000.0,3050000000.0,-307000000.0,2743000000.0,0.0,12457000000.0,1694000000.0,-128000000.0,,77000000.0,1340000000.0,2387000000.0,2502000000.0,0.0,3907000000.0,81000000.0,2594000000.0,,2896000000.0,15353000000.0,7934000000.0,3714000000.0,4330000000.0,16171000000.0,452000000.0,452000000.0,452000000.0
Capital One Financial Corp,COF,ZUE8T73ROZOF6FLBAR73,927628,2010.0,Q3YTD,2010-01-01,2010-09-30,,,4.53,4.53,0.15,1125000000.0,4.49,,948000000.0,1038000000.0,10581000000.0,1121000000.0,649000000.0,2047000000.0,2350000000.0,-303000000.0,2047000000.0,,9434000000.0,1265000000.0,-116000000.0,,61000000.0,990000000.0,1992000000.0,1903000000.0,,3068000000.0,,1937000000.0,-2000000.0,2246000000.0,11680000000.0,5843000000.0,2775000000.0,3298000000.0,12209000000.0,453000000.0,453000000.0,453000000.0
Capital One Financial Corp,COF,ZUE8T73ROZOF6FLBAR73,927628,2010.0,Q3TTM,2009-10-01,2010-09-30,,,5.5,5.5,0.2,1551608000.0,5.46,,1117490000.0,1441726000.0,12689382000.0,1335371000.0,836288000.0,2422062000.0,2754104000.0,-332042000.0,2422252000.0,,11388012000.0,1686811000.0,-381637000.0,-564190000.0,143883000.0,1102910000.0,2656670000.0,2724027000.0,564000000.0,3911863000.0,32373000.0,2578569000.0,740856000.0,2886979000.0,14274991000.0,7790711000.0,4186156000.0,3871594000.0,15574168000.0,453000000.0,453000000.0,453000000.0
Capital One Financial Corp,COF,ZUE8T73ROZOF6FLBAR73,927628,2010.0,Q3,2010-07-01,2010-09-30,2011-11-07 17:24:51+00:00,,1.78,1.78,0.05,358000000.0,1.76,,335000000.0,347000000.0,3447000000.0,348000000.0,250000000.0,803000000.0,818000000.0,-15000000.0,803000000.0,,3109000000.0,442000000.0,-39000000.0,,21000000.0,346000000.0,663000000.0,587000000.0,,867000000.0,,641000000.0,13000000.0,706000000.0,3815000000.0,1996000000.0,907000000.0,1153000000.0,4016000000.0,453000000.0,453000000.0,453000000.0
Capital One Financial Corp,COF,ZUE8T73ROZOF6FLBAR73,927628,2010.0,Q2YTD,2010-01-01,2010-06-30,,,2.75,2.75,0.1,767000000.0,2.73,,613000000.0,691000000.0,7134000000.0,773000000.0,399000000.0,1244000000.0,1532000000.0,-288000000.0,1244000000.0,,6325000000.0,823000000.0,-77000000.0,,40000000.0,644000000.0,1329000000.0,1316000000.0,,2201000000.0,,1296000000.0,-15000000.0,1540000000.0,7865000000.0,3847000000.0,1868000000.0,2145000000.0,8193000000.0,452000000.0,452000000.0,452000000.0
Capital One Financial Corp,COF,ZUE8T73ROZOF6FLBAR73,927628,2010.0,Q2TTM,2009-07-01,2010-06-30,,,4.6,4.6,0.2,1672608000.0,4.57,,928490000.0,1493726000.0,11462382000.0,1205371000.0,690288000.0,2013062000.0,2373104000.0,-360042000.0,2013252000.0,,10284012000.0,1657811000.0,-353637000.0,-564190000.0,205883000.0,879910000.0,2604670000.0,2857027000.0,564000000.0,4217863000.0,58373000.0,2585569000.0,1448856000.0,2877979000.0,13161991000.0,7596711000.0,4832156000.0,3301594000.0,15116168000.0,452000000.0,452000000.0,452000000.0
Capital One Financial Corp,COF,ZUE8T73ROZOF6FLBAR73,927628,2010.0,Q1TTM,2009-04-01,2010-03-31,,,2.6,2.6,0.2,1864608000.0,2.58,,651490000.0,1563726000.0,10223382000.0,1047371000.0,605288000.0,1628062000.0,1790104000.0,-162042000.0,1128252000.0,,9132012000.0,1685811000.0,-336637000.0,-64190000.0,256883000.0,672910000.0,2556670000.0,3130027000.0,564000000.0,4428863000.0,101373000.0,2569569000.0,1790856000.0,2911979000.0,12043991000.0,7518711000.0,5257156000.0,2441594000.0,14389168000.0,451000000.0,451000000.0,451000000.0
Capital One Financial Corp,COF,ZUE8T73ROZOF6FLBAR73,927628,2010.0,Q1,2010-01-01,2010-03-31,2011-05-10 10:43:36+00:00,,1.41,1.41,0.05,399000000.0,1.4,,244000000.0,349000000.0,3658000000.0,403000000.0,180000000.0,636000000.0,720000000.0,-84000000.0,636000000.0,,3228000000.0,413000000.0,-50000000.0,,23000000.0,311000000.0,608000000.0,836000000.0,,1478000000.0,,646000000.0,-36000000.0,802000000.0,4030000000.0,1847000000.0,1061000000.0,964000000.0,4289000000.0,451000000.0,451000000.0,451000000.0
Capital One Financial Corp,COF,ZUE8T73ROZOF6FLBAR73,927628,2011.0,Q4,2011-10-01,2011-12-31,,222000000.0,0.83,0.83,0.05,264000000.0,0.85,,160000000.0,244000000.0,3445000000.0,255000000.0,420000000.0,407000000.0,411000000.0,-4000000.0,381000000.0,26000000.0,3182000000.0,441000000.0,65000000.0,,12000000.0,346000000.0,691000000.0,460000000.0,,861000000.0,27000000.0,817000000.0,,519000000.0,3701000000.0,2618000000.0,868000000.0,571000000.0,4050000000.0,455500000.0,455500000.0,455500000.0
Capital One Financial Corp,COF,ZUE8T73ROZOF6FLBAR73,927628,2011.0,FY,2011-01-01,2011-12-31,2014-02-27 17:30:41+00:00,222000000.0,6.85,6.85,0.2,1187000000.0,6.8,,1334000000.0,1137000000.0,13779000000.0,1059000000.0,1337000000.0,3147000000.0,3253000000.0,-106000000.0,3121000000.0,26000000.0,12741000000.0,1706000000.0,-21000000.0,,71000000.0,1318000000.0,2999000000.0,2241000000.0,0.0,2360000000.0,45000000.0,3023000000.0,,2246000000.0,14987000000.0,9332000000.0,3538000000.0,4587000000.0,16279000000.0,455500000.0,455500000.0,455500000.0
Capital One Financial Corp,COF,ZUE8T73ROZOF6FLBAR73,927628,2011.0,Q3YTD,2011-01-01,2011-09-30,,,6.02,6.02,0.15,923000000.0,5.95,,1174000000.0,893000000.0,10334000000.0,804000000.0,917000000.0,2740000000.0,2842000000.0,-102000000.0,2740000000.0,,9559000000.0,1265000000.0,-86000000.0,,59000000.0,972000000.0,2308000000.0,1781000000.0,,1499000000.0,18000000.0,2206000000.0,,1727000000.0,11286000000.0,6714000000.0,2670000000.0,4016000000.0,12229000000.0,456000000.0,456000000.0,456000000.0
Capital One Financial Corp,COF,ZUE8T73ROZOF6FLBAR73,927628,2011.0,Q3TTM,2010-10-01,2011-09-30,,220000000.0,7.56,7.56,0.2,1263000000.0,7.47,,1506000000.0,1197000000.0,13687000000.0,1114000000.0,1226000000.0,3436000000.0,3542000000.0,-106000000.0,3436000000.0,,12582000000.0,1694000000.0,-98000000.0,,75000000.0,1322000000.0,2703000000.0,2380000000.0,,2338000000.0,99000000.0,2863000000.0,2000000.0,2377000000.0,14959000000.0,8805000000.0,3609000000.0,5048000000.0,16191000000.0,456000000.0,456000000.0,456000000.0
Capital One Financial Corp,COF,ZUE8T73ROZOF6FLBAR73,927628,2011.0,Q3,2011-07-01,2011-09-30,2012-11-08 12:23:25+00:00,,1.78,1.78,0.05,294000000.0,1.77,,370000000.0,264000000.0,3550000000.0,258000000.0,312000000.0,813000000.0,865000000.0,-52000000.0,813000000.0,0.0,3283000000.0,443000000.0,-33000000.0,,21000000.0,321000000.0,774000000.0,583000000.0,,622000000.0,18000000.0,750000000.0,,552000000.0,3835000000.0,2297000000.0,871000000.0,1235000000.0,4154000000.0,456000000.0,456000000.0,456000000.0
Capital One Financial Corp,COF,ZUE8T73ROZOF6FLBAR73,927628,2011.0,Q2YTD,2011-01-01,2011-06-30,,,4.24,4.24,0.1,629000000.0,4.18,,804000000.0,629000000.0,6784000000.0,546000000.0,605000000.0,1927000000.0,1977000000.0,-50000000.0,1927000000.0,,6276000000.0,822000000.0,-53000000.0,,38000000.0,651000000.0,1534000000.0,1198000000.0,,877000000.0,,1456000000.0,,1175000000.0,7451000000.0,4417000000.0,1799000000.0,2781000000.0,8075000000.0,456000000.0,456000000.0,456000000.0
Capital One Financial Corp,COF,ZUE8T73ROZOF6FLBAR73,927628,2011.0,Q2TTM,2010-07-01,2011-06-30,,220000000.0,7.56,7.56,0.2,1327000000.0,7.46,,1471000000.0,1280000000.0,13584000000.0,1204000000.0,1164000000.0,3426000000.0,3495000000.0,-69000000.0,3426000000.0,,12408000000.0,1693000000.0,-104000000.0,,75000000.0,1347000000.0,2592000000.0,2384000000.0,,2583000000.0,81000000.0,2754000000.0,15000000.0,2531000000.0,14939000000.0,8504000000.0,3645000000.0,4966000000.0,16053000000.0,456000000.0,456000000.0,456000000.0
Capital One Financial Corp,COF,ZUE8T73ROZOF6FLBAR73,927628,2011.0,Q2,2011-04-01,2011-06-30,2012-08-09 13:24:21+00:00,,2.0,2.0,0.05,307000000.0,1.97,,450000000.0,313000000.0,3367000000.0,256000000.0,329000000.0,911000000.0,945000000.0,-34000000.0,911000000.0,0.0,3136000000.0,404000000.0,-27000000.0,,19000000.0,331000000.0,807000000.0,553000000.0,,343000000.0,0.0,715000000.0,,563000000.0,3699000000.0,2255000000.0,857000000.0,1395000000.0,3993000000.0,456000000.0,456000000.0,456000000.0
Capital One Financial Corp,COF,ZUE8T73ROZOF6FLBAR73,927628,2011.0,Q1TTM,2010-04-01,2011-03-31,,220000000.0,6.9,6.9,0.2,1388000000.0,6.82,,1390000000.0,1309000000.0,13693000000.0,1318000000.0,1054000000.0,3123000000.0,3362000000.0,-239000000.0,3123000000.0,,12369000000.0,1699000000.0,-104000000.0,,73000000.0,1349000000.0,2506000000.0,2311000000.0,,2963000000.0,81000000.0,2689000000.0,36000000.0,2706000000.0,15075000000.0,8249000000.0,3595000000.0,4752000000.0,15964000000.0,454000000.0,454000000.0,454000000.0
Capital One Financial Corp,COF,ZUE8T73ROZOF6FLBAR73,927628,2011.0,Q1,2011-01-01,2011-03-31,2012-05-08 08:30:43+00:00,,2.24,2.24,0.05,322000000.0,2.21,,354000000.0,316000000.0,3417000000.0,290000000.0,276000000.0,1016000000.0,1032000000.0,-16000000.0,1016000000.0,0.0,3140000000.0,418000000.0,-26000000.0,,19000000.0,320000000.0,727000000.0,645000000.0,,534000000.0,,741000000.0,,612000000.0,3752000000.0,2162000000.0,942000000.0,1386000000.0,4082000000.0,454000000.0,454000000.0,454000000.0
Capital One Financial Corp,COF,ZUE8T73ROZOF6FLBAR73,927628,2012.0,Q4,2012-10-01,2012-12-31,,191000000.0,1.28,1.24,0.05,348000000.0,1.22,,544000000.0,361000000.0,4727000000.0,239000000.0,395000000.0,818000000.0,823000000.0,-5000000.0,801000000.0,2000000.0,4528000000.0,645000000.0,-14000000.0,,27000000.0,-1188000000.0,988000000.0,2298000000.0,15000000.0,1151000000.0,-267000000.0,1154000000.0,,587000000.0,5115000000.0,3106000000.0,1096000000.0,1367000000.0,5624000000.0,561100000.0,561100000.0,561100000.0
Capital One Financial Corp,COF,ZUE8T73ROZOF6FLBAR73,927628,2012.0,FY,2012-01-01,2012-12-31,2015-02-24 17:18:28+00:00,609000000.0,6.21,6.17,0.2,1403000000.0,6.11,,1475000000.0,1329000000.0,17544000000.0,972000000.0,1366000000.0,3492000000.0,3709000000.0,-217000000.0,3462000000.0,15000000.0,16589000000.0,2165000000.0,542000000.0,,91000000.0,,3666000000.0,4265000000.0,15000000.0,4415000000.0,,3991000000.0,,2375000000.0,18964000000.0,11797000000.0,4807000000.0,5184000000.0,21396000000.0,561100000.0,561100000.0,561100000.0
Capital One Financial Corp,COF,ZUE8T73ROZOF6FLBAR73,927628,2012.0,Q3YTD,2012-01-01,2012-09-30,,418000000.0,4.93,4.93,0.15,1055000000.0,4.89,,931000000.0,968000000.0,12817000000.0,733000000.0,971000000.0,2674000000.0,2886000000.0,-212000000.0,2661000000.0,13000000.0,12061000000.0,1520000000.0,556000000.0,,64000000.0,1188000000.0,2678000000.0,1967000000.0,,3264000000.0,267000000.0,2837000000.0,,1788000000.0,13849000000.0,8691000000.0,3711000000.0,3817000000.0,15772000000.0,578300000.0,578300000.0,578300000.0
Capital One Financial Corp,COF,ZUE8T73ROZOF6FLBAR73,927628,2012.0,Q3TTM,2011-10-01,2012-09-30,,640000000.0,5.76,5.76,0.2,1319000000.0,5.74,,1091000000.0,1212000000.0,16262000000.0,988000000.0,1391000000.0,3081000000.0,3297000000.0,-216000000.0,3042000000.0,39000000.0,15243000000.0,1961000000.0,621000000.0,,76000000.0,1534000000.0,3369000000.0,2427000000.0,,4125000000.0,294000000.0,3654000000.0,,2307000000.0,17550000000.0,11309000000.0,4579000000.0,4388000000.0,19822000000.0,578300000.0,578300000.0,578300000.0
Capital One Financial Corp,COF,ZUE8T73ROZOF6FLBAR73,927628,2012.0,Q3,2012-07-01,2012-09-30,2013-11-06 17:30:02+00:00,199000000.0,2.03,2.03,0.05,371000000.0,2.01,,535000000.0,335000000.0,4903000000.0,237000000.0,316000000.0,1178000000.0,1188000000.0,-10000000.0,1173000000.0,5000000.0,4646000000.0,552000000.0,-13000000.0,,16000000.0,452000000.0,928000000.0,697000000.0,0.0,1014000000.0,48000000.0,1002000000.0,,608000000.0,5254000000.0,3045000000.0,1136000000.0,1723000000.0,5782000000.0,578300000.0,578300000.0,578300000.0
Capital One Financial Corp,COF,ZUE8T73ROZOF6FLBAR73,927628,2012.0,Q2YTD,2012-01-01,2012-06-30,,219000000.0,2.9,2.9,0.1,684000000.0,2.88,,396000000.0,633000000.0,7914000000.0,496000000.0,655000000.0,1496000000.0,1698000000.0,-202000000.0,1488000000.0,8000000.0,7415000000.0,968000000.0,569000000.0,,48000000.0,736000000.0,1750000000.0,1270000000.0,,2250000000.0,219000000.0,1835000000.0,,1180000000.0,8595000000.0,5646000000.0,2575000000.0,2094000000.0,9990000000.0,578000000.0,578000000.0,578000000.0
Capital One Financial Corp,COF,ZUE8T73ROZOF6FLBAR73,927628,2012.0,Q2TTM,2011-07-01,2012-06-30,,441000000.0,5.51,5.51,0.2,1242000000.0,5.5,,926000000.0,1141000000.0,14909000000.0,1009000000.0,1387000000.0,2716000000.0,2974000000.0,-258000000.0,2682000000.0,34000000.0,13880000000.0,1852000000.0,601000000.0,,81000000.0,1403000000.0,3215000000.0,2313000000.0,,3733000000.0,264000000.0,3402000000.0,,2251000000.0,16131000000.0,10561000000.0,4314000000.0,3900000000.0,18194000000.0,578000000.0,578000000.0,578000000.0
Capital One Financial Corp,COF,ZUE8T73ROZOF6FLBAR73,927628,2012.0,Q2,2012-04-01,2012-06-30,2013-08-08 15:19:55+00:00,157000000.0,0.16,0.16,0.05,373000000.0,0.16,,43000000.0,335000000.0,4257000000.0,242000000.0,334000000.0,93000000.0,193000000.0,-100000000.0,92000000.0,1000000.0,4001000000.0,526000000.0,-21000000.0,,24000000.0,408000000.0,1021000000.0,667000000.0,0.0,1677000000.0,133000000.0,971000000.0,,615000000.0,4616000000.0,3142000000.0,1054000000.0,236000000.0,5055000000.0,578000000.0,578000000.0,578000000.0
Capital One Financial Corp,COF,ZUE8T73ROZOF6FLBAR73,927628,2012.0,Q1TTM,2011-04-01,2012-03-31,,284000000.0,7.35,7.35,0.2,1176000000.0,7.31,,1333000000.0,1119000000.0,14019000000.0,1023000000.0,1382000000.0,3534000000.0,3726000000.0,-192000000.0,3501000000.0,33000000.0,13015000000.0,1730000000.0,595000000.0,,76000000.0,1326000000.0,3001000000.0,2199000000.0,,2399000000.0,131000000.0,3146000000.0,,2199000000.0,15214000000.0,9674000000.0,4117000000.0,5059000000.0,17132000000.0,509000000.0,509000000.0,509000000.0
Capital One Financial Corp,COF,ZUE8T73ROZOF6FLBAR73,927628,2012.0,Q1,2012-01-01,2012-03-31,2013-05-09 14:59:12+00:00,62000000.0,2.74,2.74,0.05,311000000.0,2.72,,353000000.0,298000000.0,3657000000.0,254000000.0,321000000.0,1403000000.0,1505000000.0,-102000000.0,1396000000.0,7000000.0,3414000000.0,442000000.0,590000000.0,,24000000.0,328000000.0,729000000.0,603000000.0,0.0,573000000.0,86000000.0,864000000.0,,565000000.0,3979000000.0,2504000000.0,1521000000.0,1858000000.0,4935000000.0,509000000.0,509000000.0,509000000.0
Capital One Financial Corp,COF,ZUE8T73ROZOF6FLBAR73,927628,2013.0,FY,2013-01-01,2013-12-31,2016-02-25 16:59:23+00:00,671000000.0,6.99,6.99,0.95,1241000000.0,6.89,,2224000000.0,1575000000.0,18222000000.0,551000000.0,1373000000.0,4121000000.0,4354000000.0,-233000000.0,4051000000.0,17000000.0,18106000000.0,2438000000.0,-41000000.0,,101000000.0,,3391000000.0,4319000000.0,53000000.0,3453000000.0,,4480000000.0,,1792000000.0,19898000000.0,12353000000.0,4278000000.0,6578000000.0,22384000000.0,579700000.0,579700000.0,579700000.0
Capital One Financial Corp,COF,ZUE8T73ROZOF6FLBAR73,927628,2013.0,Q4,2013-10-01,2013-12-31,,166000000.0,1.43,1.45,1.0,288000000.0,1.43,,477000000.0,414000000.0,4398000000.0,128000000.0,427000000.0,852000000.0,875000000.0,-23000000.0,835000000.0,3000000.0,4423000000.0,657000000.0,-1000000.0,,27000000.0,-931000000.0,870000000.0,2053000000.0,14000000.0,957000000.0,,1115000000.0,,416000000.0,4839000000.0,3235000000.0,1121000000.0,1352000000.0,5544000000.0,579700000.0,579700000.0,579700000.0
Capital One Financial Corp,COF,ZUE8T73ROZOF6FLBAR73,927628,2013.0,Q3YTD,2013-01-01,2013-09-30,,505000000.0,5.56,5.54,-0.05,953000000.0,5.46,,1747000000.0,1161000000.0,13824000000.0,423000000.0,946000000.0,3269000000.0,3479000000.0,-210000000.0,3216000000.0,14000000.0,13683000000.0,1781000000.0,-40000000.0,,74000000.0,931000000.0,2521000000.0,2266000000.0,39000000.0,2496000000.0,,3365000000.0,,1376000000.0,15059000000.0,9118000000.0,3157000000.0,5226000000.0,16840000000.0,582300000.0,582300000.0,582300000.0
Capital One Financial Corp,COF,ZUE8T73ROZOF6FLBAR73,927628,2013.0,Q3TTM,2012-10-01,2013-09-30,,696000000.0,6.84,6.78,,1301000000.0,6.68,,2291000000.0,1522000000.0,18551000000.0,662000000.0,1341000000.0,4087000000.0,4302000000.0,-215000000.0,4017000000.0,16000000.0,18211000000.0,2426000000.0,-54000000.0,,101000000.0,-257000000.0,3509000000.0,4564000000.0,54000000.0,3647000000.0,-267000000.0,4519000000.0,,1963000000.0,20174000000.0,12224000000.0,4253000000.0,6593000000.0,22464000000.0,582300000.0,582300000.0,582300000.0
Capital One Financial Corp,COF,ZUE8T73ROZOF6FLBAR73,927628,2013.0,Q3,2013-07-01,2013-09-30,2014-11-03 17:21:48+00:00,161000000.0,1.87,1.87,0.3,309000000.0,1.84,,575000000.0,396000000.0,4579000000.0,129000000.0,299000000.0,1105000000.0,1118000000.0,-13000000.0,1087000000.0,5000000.0,4560000000.0,601000000.0,-11000000.0,,23000000.0,,896000000.0,1102000000.0,13000000.0,849000000.0,,1152000000.0,,438000000.0,4998000000.0,3109000000.0,1091000000.0,1693000000.0,5651000000.0,582300000.0,582300000.0,582300000.0
Capital One Financial Corp,COF,ZUE8T73ROZOF6FLBAR73,927628,2013.0,Q2YTD,2013-01-01,2013-06-30,,344000000.0,3.69,3.67,-0.35,644000000.0,3.62,,1172000000.0,765000000.0,9245000000.0,294000000.0,647000000.0,2164000000.0,2361000000.0,-197000000.0,2129000000.0,9000000.0,9123000000.0,1180000000.0,-29000000.0,,51000000.0,931000000.0,1625000000.0,1164000000.0,26000000.0,1647000000.0,,2213000000.0,,938000000.0,10061000000.0,6009000000.0,2066000000.0,3533000000.0,11189000000.0,581500000.0,581500000.0,581500000.0
Capital One Financial Corp,COF,ZUE8T73ROZOF6FLBAR73,927628,2013.0,Q2TTM,2012-07-01,2013-06-30,,734000000.0,7.0,6.94,-0.25,1363000000.0,6.85,,2251000000.0,1461000000.0,18875000000.0,770000000.0,1358000000.0,4160000000.0,4372000000.0,-212000000.0,4103000000.0,16000000.0,18297000000.0,2377000000.0,-56000000.0,,94000000.0,195000000.0,3541000000.0,4159000000.0,41000000.0,3812000000.0,-219000000.0,4369000000.0,,2133000000.0,20430000000.0,12160000000.0,4298000000.0,6623000000.0,22595000000.0,581500000.0,581500000.0,581500000.0
Capital One Financial Corp,COF,ZUE8T73ROZOF6FLBAR73,927628,2013.0,Q2,2013-04-01,2013-06-30,2014-08-05 16:40:52+00:00,167000000.0,1.88,1.88,-0.3,318000000.0,1.85,,631000000.0,391000000.0,4596000000.0,139000000.0,330000000.0,1108000000.0,1227000000.0,-119000000.0,1091000000.0,4000000.0,4553000000.0,607000000.0,-4000000.0,,23000000.0,486000000.0,796000000.0,603000000.0,13000000.0,762000000.0,,1118000000.0,,457000000.0,5010000000.0,3018000000.0,1085000000.0,1858000000.0,5638000000.0,581500000.0,581500000.0,581500000.0
Capital One Financial Corp,COF,ZUE8T73ROZOF6FLBAR73,927628,2013.0,Q1TTM,2012-04-01,2013-03-31,,724000000.0,5.28,5.22,0.1,1418000000.0,5.16,,1663000000.0,1405000000.0,18536000000.0,873000000.0,1362000000.0,3145000000.0,3338000000.0,-193000000.0,3104000000.0,13000000.0,17745000000.0,2296000000.0,-73000000.0,,95000000.0,117000000.0,3766000000.0,4223000000.0,28000000.0,4727000000.0,-86000000.0,4222000000.0,,2291000000.0,20036000000.0,12284000000.0,4267000000.0,5001000000.0,22012000000.0,580500000.0,580500000.0,580500000.0
Capital One Financial Corp,COF,ZUE8T73ROZOF6FLBAR73,927628,2013.0,Q1,2013-01-01,2013-03-31,2014-05-06 17:17:47+00:00,177000000.0,1.81,1.79,-0.05,326000000.0,1.77,,541000000.0,374000000.0,4649000000.0,155000000.0,317000000.0,1056000000.0,1134000000.0,-78000000.0,1038000000.0,5000000.0,4570000000.0,573000000.0,-25000000.0,,28000000.0,445000000.0,829000000.0,561000000.0,13000000.0,885000000.0,,1095000000.0,,481000000.0,5051000000.0,2991000000.0,981000000.0,1675000000.0,5551000000.0,580500000.0,580500000.0,580500000.0
Capital One Financial Corp,COF,ZUE8T73ROZOF6FLBAR73,927628,2014.0,FY,2014-01-01,2014-12-31,2017-02-23 16:30:02+00:00,532000000.0,7.71,7.71,1.2,1088000000.0,7.59,,2146000000.0,1628000000.0,17662000000.0,491000000.0,1561000000.0,4428000000.0,4423000000.0,5000000.0,4343000000.0,18000000.0,17818000000.0,2706000000.0,-3000000.0,,107000000.0,,2788000000.0,4475000000.0,67000000.0,3541000000.0,,4593000000.0,,1579000000.0,19397000000.0,12180000000.0,4472000000.0,6569000000.0,22290000000.0,563100000.0,563100000.0,563100000.0
Capital One Financial Corp,COF,ZUE8T73ROZOF6FLBAR73,927628,2014.0,Q4,2014-10-01,2014-12-31,,123000000.0,1.76,1.76,0.3,269000000.0,1.73,,450000000.0,405000000.0,4613000000.0,120000000.0,509000000.0,999000000.0,970000000.0,29000000.0,974000000.0,4000000.0,4656000000.0,840000000.0,12000000.0,,27000000.0,,633000000.0,1145000000.0,21000000.0,1109000000.0,,1179000000.0,,389000000.0,5045000000.0,3284000000.0,1157000000.0,1420000000.0,5813000000.0,563100000.0,563100000.0,563100000.0
Capital One Financial Corp,COF,ZUE8T73ROZOF6FLBAR73,927628,2014.0,Q3YTD,2014-01-01,2014-09-30,,409000000.0,5.95,5.95,0.9,819000000.0,5.86,,1696000000.0,1223000000.0,13049000000.0,371000000.0,1052000000.0,3429000000.0,3453000000.0,-24000000.0,3369000000.0,14000000.0,13162000000.0,1866000000.0,-15000000.0,,80000000.0,,2155000000.0,3330000000.0,46000000.0,2432000000.0,,3414000000.0,,1190000000.0,14352000000.0,8896000000.0,3315000000.0,5149000000.0,16477000000.0,559900000.0,559900000.0,559900000.0
Capital One Financial Corp,COF,ZUE8T73ROZOF6FLBAR73,927628,2014.0,Q3TTM,2013-10-01,2014-09-30,,575000000.0,7.38,7.4,1.9,1107000000.0,7.29,,2173000000.0,1637000000.0,17447000000.0,499000000.0,1479000000.0,4281000000.0,4328000000.0,-47000000.0,4204000000.0,17000000.0,17585000000.0,2523000000.0,-16000000.0,,107000000.0,-931000000.0,3025000000.0,5383000000.0,60000000.0,3389000000.0,,4529000000.0,,1606000000.0,19191000000.0,12131000000.0,4436000000.0,6501000000.0,22021000000.0,559900000.0,559900000.0,559900000.0
Capital One Financial Corp,COF,ZUE8T73ROZOF6FLBAR73,927628,2014.0,Q3,2014-07-01,2014-09-30,2015-11-02 17:09:03+00:00,130000000.0,1.89,1.89,0.3,271000000.0,1.86,,536000000.0,398000000.0,4463000000.0,119000000.0,392000000.0,1081000000.0,1125000000.0,-44000000.0,1056000000.0,5000000.0,4497000000.0,615000000.0,-9000000.0,,26000000.0,,720000000.0,1151000000.0,20000000.0,993000000.0,,1128000000.0,,390000000.0,4887000000.0,2985000000.0,1142000000.0,1661000000.0,5639000000.0,559900000.0,559900000.0,559900000.0
Capital One Financial Corp,COF,ZUE8T73ROZOF6FLBAR73,927628,2014.0,Q2YTD,2014-01-01,2014-06-30,,279000000.0,4.06,4.06,0.6,548000000.0,4.0,,1160000000.0,825000000.0,8586000000.0,252000000.0,660000000.0,2348000000.0,2328000000.0,20000000.0,2313000000.0,9000000.0,8665000000.0,1251000000.0,-6000000.0,,54000000.0,,1435000000.0,2179000000.0,26000000.0,1439000000.0,,2286000000.0,,800000000.0,9465000000.0,5911000000.0,2173000000.0,3488000000.0,10838000000.0,567500000.0,567500000.0,567500000.0
Capital One Financial Corp,COF,ZUE8T73ROZOF6FLBAR73,927628,2014.0,Q2TTM,2013-07-01,2014-06-30,,606000000.0,7.36,7.38,1.9,1145000000.0,7.27,,2212000000.0,1635000000.0,17563000000.0,509000000.0,1386000000.0,4305000000.0,4321000000.0,-16000000.0,4235000000.0,17000000.0,17648000000.0,2509000000.0,-18000000.0,,104000000.0,-931000000.0,3201000000.0,5334000000.0,53000000.0,3245000000.0,,4553000000.0,,1654000000.0,19302000000.0,12255000000.0,4385000000.0,6533000000.0,22033000000.0,567500000.0,567500000.0,567500000.0
Capital One Financial Corp,COF,ZUE8T73ROZOF6FLBAR73,927628,2014.0,Q2,2014-04-01,2014-06-30,2015-08-03 16:32:14+00:00,136000000.0,2.07,2.07,0.3,272000000.0,2.04,,581000000.0,409000000.0,4279000000.0,125000000.0,335000000.0,1194000000.0,1204000000.0,-10000000.0,1177000000.0,4000000.0,4315000000.0,650000000.0,-1000000.0,,24000000.0,,733000000.0,1154000000.0,13000000.0,704000000.0,,1125000000.0,,397000000.0,4712000000.0,2979000000.0,1153000000.0,1785000000.0,5468000000.0,567500000.0,567500000.0,567500000.0
Capital One Financial Corp,COF,ZUE8T73ROZOF6FLBAR73,927628,2014.0,Q1TTM,2013-04-01,2014-03-31,,637000000.0,7.17,7.19,1.3,1191000000.0,7.08,,2262000000.0,1617000000.0,17880000000.0,523000000.0,1381000000.0,4219000000.0,4344000000.0,-125000000.0,4149000000.0,17000000.0,17886000000.0,2466000000.0,-21000000.0,,103000000.0,-445000000.0,3264000000.0,4783000000.0,53000000.0,3303000000.0,,4546000000.0,,1714000000.0,19600000000.0,12294000000.0,4317000000.0,6606000000.0,22203000000.0,571000000.0,571000000.0,571000000.0
Capital One Financial Corp,COF,ZUE8T73ROZOF6FLBAR73,927628,2014.0,Q1,2014-01-01,2014-03-31,2015-05-05 15:40:39+00:00,143000000.0,1.99,1.99,0.3,276000000.0,1.96,,579000000.0,416000000.0,4307000000.0,127000000.0,325000000.0,1154000000.0,1124000000.0,30000000.0,1136000000.0,5000000.0,4350000000.0,601000000.0,-5000000.0,,30000000.0,,702000000.0,1025000000.0,13000000.0,735000000.0,,1161000000.0,,403000000.0,4753000000.0,2932000000.0,1020000000.0,1703000000.0,5370000000.0,571000000.0,571000000.0,571000000.0
Capital One Financial Corp,COF,ZUE8T73ROZOF6FLBAR73,927628,2015.0,FY,2015-01-01,2015-12-31,2018-02-21 17:01:17+00:00,430000000.0,7.15,7.15,1.5,1091000000.0,7.07,,1869000000.0,1575000000.0,18785000000.0,534000000.0,1744000000.0,4050000000.0,4012000000.0,38000000.0,3872000000.0,20000000.0,18834000000.0,2884000000.0,-32000000.0,,99000000.0,,2963000000.0,4611000000.0,158000000.0,4536000000.0,,4975000000.0,,1625000000.0,20459000000.0,12996000000.0,4579000000.0,5881000000.0,23413000000.0,541800000.0,541800000.0,541800000.0
Capital One Financial Corp,COF,ZUE8T73ROZOF6FLBAR73,927628,2015.0,Q4,2015-10-01,2015-12-31,,103000000.0,1.6,1.6,0.4,277000000.0,1.59,,426000000.0,401000000.0,4961000000.0,146000000.0,564000000.0,920000000.0,908000000.0,12000000.0,848000000.0,4000000.0,4961000000.0,930000000.0,-5000000.0,,22000000.0,,668000000.0,1238000000.0,68000000.0,1380000000.0,,1215000000.0,,423000000.0,5384000000.0,3480000000.0,1233000000.0,1334000000.0,6194000000.0,541800000.0,541800000.0,541800000.0
Capital One Financial Corp,COF,ZUE8T73ROZOF6FLBAR73,927628,2015.0,Q3,2015-07-01,2015-09-30,2016-11-02 17:36:57+00:00,106000000.0,2.0,2.0,0.4,271000000.0,1.98,,530000000.0,386000000.0,4753000000.0,133000000.0,418000000.0,1114000000.0,1118000000.0,-4000000.0,1079000000.0,6000000.0,4760000000.0,670000000.0,-5000000.0,,25000000.0,,777000000.0,1145000000.0,29000000.0,1092000000.0,,1189000000.0,,404000000.0,5164000000.0,3160000000.0,1140000000.0,1648000000.0,5900000000.0,540600000.0,540600000.0,540600000.0
Capital One Financial Corp,COF,ZUE8T73ROZOF6FLBAR73,927628,2015.0,Q3YTD,2015-01-01,2015-09-30,,327000000.0,5.55,5.55,1.1,814000000.0,5.48,,1443000000.0,1174000000.0,13824000000.0,388000000.0,1180000000.0,3130000000.0,3104000000.0,26000000.0,3024000000.0,16000000.0,13873000000.0,1954000000.0,-27000000.0,,77000000.0,,2295000000.0,3373000000.0,90000000.0,3156000000.0,,3760000000.0,,1202000000.0,15075000000.0,9516000000.0,3346000000.0,4547000000.0,17219000000.0,540600000.0,540600000.0,540600000.0
Capital One Financial Corp,COF,ZUE8T73ROZOF6FLBAR73,927628,2015.0,Q3TTM,2014-10-01,2015-09-30,,450000000.0,7.31,7.31,1.4,1083000000.0,7.21,,1893000000.0,1579000000.0,18437000000.0,508000000.0,1689000000.0,4129000000.0,4074000000.0,55000000.0,3998000000.0,20000000.0,18529000000.0,2794000000.0,-15000000.0,,104000000.0,,2928000000.0,4518000000.0,111000000.0,4265000000.0,,4939000000.0,,1591000000.0,20120000000.0,12800000000.0,4503000000.0,5967000000.0,23032000000.0,540600000.0,540600000.0,540600000.0
Capital One Financial Corp,COF,ZUE8T73ROZOF6FLBAR73,927628,2015.0,Q2,2015-04-01,2015-06-30,2016-07-29 17:38:18+00:00,111000000.0,1.52,1.52,0.4,272000000.0,1.5,,384000000.0,382000000.0,4531000000.0,128000000.0,387000000.0,863000000.0,852000000.0,11000000.0,830000000.0,4000000.0,4537000000.0,647000000.0,-7000000.0,,24000000.0,,802000000.0,1142000000.0,29000000.0,1129000000.0,,1360000000.0,,400000000.0,4937000000.0,3307000000.0,1135000000.0,1236000000.0,5672000000.0,545600000.0,545600000.0,545600000.0
Capital One Financial Corp,COF,ZUE8T73ROZOF6FLBAR73,927628,2015.0,Q2YTD,2015-01-01,2015-06-30,,221000000.0,3.55,3.55,0.7,543000000.0,3.5,,913000000.0,788000000.0,9071000000.0,255000000.0,762000000.0,2016000000.0,1986000000.0,30000000.0,1945000000.0,10000000.0,9113000000.0,1284000000.0,-22000000.0,,52000000.0,,1518000000.0,2228000000.0,61000000.0,2064000000.0,,2571000000.0,,798000000.0,9911000000.0,6356000000.0,2206000000.0,2899000000.0,11319000000.0,545600000.0,545600000.0,545600000.0
Capital One Financial Corp,COF,ZUE8T73ROZOF6FLBAR73,927628,2015.0,Q2TTM,2014-07-01,2015-06-30,,474000000.0,7.2,7.2,1.3,1083000000.0,7.09,,1899000000.0,1591000000.0,18147000000.0,494000000.0,1663000000.0,4096000000.0,4081000000.0,15000000.0,3975000000.0,19000000.0,18266000000.0,2739000000.0,-19000000.0,,105000000.0,,2871000000.0,4524000000.0,102000000.0,4166000000.0,,4878000000.0,,1577000000.0,19843000000.0,12625000000.0,4505000000.0,5980000000.0,22771000000.0,545600000.0,545600000.0,545600000.0
Capital One Financial Corp,COF,ZUE8T73ROZOF6FLBAR73,927628,2015.0,Q1,2015-01-01,2015-03-31,2016-05-04 15:59:16+00:00,110000000.0,2.03,2.03,0.3,271000000.0,2.0,,529000000.0,406000000.0,4540000000.0,127000000.0,375000000.0,1153000000.0,1134000000.0,19000000.0,1115000000.0,6000000.0,4576000000.0,637000000.0,-15000000.0,,28000000.0,,716000000.0,1086000000.0,32000000.0,935000000.0,,1211000000.0,,398000000.0,4974000000.0,3049000000.0,1071000000.0,1663000000.0,5647000000.0,550200000.0,550200000.0,550200000.0
Capital One Financial Corp,COF,ZUE8T73ROZOF6FLBAR73,927628,2015.0,Q1TTM,2014-04-01,2015-03-31,,499000000.0,7.75,7.75,1.2,1083000000.0,7.63,,2096000000.0,1618000000.0,17895000000.0,491000000.0,1611000000.0,4427000000.0,4433000000.0,-6000000.0,4322000000.0,19000000.0,18044000000.0,2742000000.0,-13000000.0,,105000000.0,,2802000000.0,4536000000.0,86000000.0,3741000000.0,,4643000000.0,,1574000000.0,19618000000.0,12297000000.0,4523000000.0,6529000000.0,22567000000.0,550200000.0,550200000.0,550200000.0
Capital One Financial Corp,COF,ZUE8T73ROZOF6FLBAR73,927628,2016.0,FY,2016-01-01,2016-12-31,2019-02-20 15:52:42+00:00,386000000.0,6.96,6.96,1.6,1213000000.0,6.89,,1714000000.0,1599000000.0,21203000000.0,805000000.0,1811000000.0,3751000000.0,3770000000.0,-19000000.0,3513000000.0,24000000.0,20873000000.0,3113000000.0,-11000000.0,,89000000.0,,3046000000.0,4639000000.0,214000000.0,6459000000.0,,5202000000.0,,2018000000.0,22891000000.0,13558000000.0,4628000000.0,5484000000.0,25501000000.0,504700000.0,504700000.0,509900000.0
Capital One Financial Corp,COF,ZUE8T73ROZOF6FLBAR73,927628,2016.0,Q4,2016-10-01,2016-12-31,,101000000.0,1.49,1.49,-1.2,332000000.0,1.46,,342000000.0,393000000.0,5587000000.0,230000000.0,575000000.0,791000000.0,793000000.0,-2000000.0,710000000.0,6000000.0,5447000000.0,818000000.0,-4000000.0,,29000000.0,,849000000.0,1123000000.0,75000000.0,1752000000.0,,1336000000.0,,562000000.0,6009000000.0,3679000000.0,1119000000.0,1135000000.0,6566000000.0,504700000.0,504700000.0,509900000.0
Capital One Financial Corp,COF,ZUE8T73ROZOF6FLBAR73,927628,2016.0,Q3,2016-07-01,2016-09-30,2017-11-01 16:55:15+00:00,89000000.0,1.92,1.92,0.4,306000000.0,1.9,,496000000.0,386000000.0,5383000000.0,211000000.0,393000000.0,1005000000.0,1016000000.0,-11000000.0,962000000.0,6000000.0,5277000000.0,790000000.0,1000000.0,,25000000.0,,772000000.0,1183000000.0,37000000.0,1588000000.0,,1317000000.0,,517000000.0,5794000000.0,3361000000.0,1184000000.0,1512000000.0,6461000000.0,501100000.0,501100000.0,501100000.0
Capital One Financial Corp,COF,ZUE8T73ROZOF6FLBAR73,927628,2016.0,Q3YTD,2016-01-01,2016-09-30,,285000000.0,5.47,5.47,1.2,881000000.0,5.43,,1372000000.0,1206000000.0,15616000000.0,575000000.0,1236000000.0,2960000000.0,2977000000.0,-17000000.0,2803000000.0,18000000.0,15426000000.0,2295000000.0,-7000000.0,,60000000.0,,2197000000.0,3516000000.0,139000000.0,4707000000.0,,3866000000.0,,1456000000.0,16882000000.0,9879000000.0,3509000000.0,4349000000.0,18935000000.0,501100000.0,501100000.0,501100000.0
Capital One Financial Corp,COF,ZUE8T73ROZOF6FLBAR73,927628,2016.0,Q3TTM,2015-10-01,2016-09-30,,388000000.0,7.07,7.07,1.6,1158000000.0,7.02,,1798000000.0,1607000000.0,20577000000.0,721000000.0,1800000000.0,3880000000.0,3885000000.0,-5000000.0,3651000000.0,22000000.0,20387000000.0,3225000000.0,-12000000.0,,82000000.0,,2865000000.0,4754000000.0,207000000.0,6087000000.0,,5081000000.0,,1879000000.0,22266000000.0,13359000000.0,4742000000.0,5683000000.0,25129000000.0,501100000.0,501100000.0,501100000.0
Capital One Financial Corp,COF,ZUE8T73ROZOF6FLBAR73,927628,2016.0,Q2,2016-04-01,2016-06-30,2017-07-28 16:06:12+00:00,95000000.0,1.7,1.7,0.4,292000000.0,1.69,,424000000.0,405000000.0,5148000000.0,186000000.0,415000000.0,942000000.0,943000000.0,-1000000.0,871000000.0,6000000.0,5093000000.0,767000000.0,0.0,,18000000.0,,739000000.0,1161000000.0,65000000.0,1592000000.0,,1279000000.0,,478000000.0,5571000000.0,3295000000.0,1161000000.0,1367000000.0,6254000000.0,511700000.0,511700000.0,511700000.0
Capital One Financial Corp,COF,ZUE8T73ROZOF6FLBAR73,927628,2016.0,Q2YTD,2016-01-01,2016-06-30,,196000000.0,3.55,3.55,0.8,575000000.0,3.53,,876000000.0,820000000.0,10233000000.0,364000000.0,843000000.0,1955000000.0,1961000000.0,-6000000.0,1841000000.0,12000000.0,10149000000.0,1505000000.0,-8000000.0,,35000000.0,,1425000000.0,2333000000.0,102000000.0,3119000000.0,,2549000000.0,,939000000.0,11088000000.0,6518000000.0,2325000000.0,2837000000.0,12474000000.0,511700000.0,511700000.0,511700000.0
Capital One Financial Corp,COF,ZUE8T73ROZOF6FLBAR73,927628,2016.0,Q2TTM,2015-07-01,2016-06-30,,405000000.0,7.15,7.15,1.6,1123000000.0,7.1,,1832000000.0,1607000000.0,19947000000.0,643000000.0,1825000000.0,3989000000.0,3987000000.0,2000000.0,3768000000.0,22000000.0,19870000000.0,3105000000.0,-18000000.0,,82000000.0,,2870000000.0,4716000000.0,199000000.0,5591000000.0,,4953000000.0,,1766000000.0,21636000000.0,13158000000.0,4698000000.0,5819000000.0,24568000000.0,511700000.0,511700000.0,511700000.0
Capital One Financial Corp,COF,ZUE8T73ROZOF6FLBAR73,927628,2016.0,Q1,2016-01-01,2016-03-31,2017-05-03 16:50:22+00:00,101000000.0,1.85,1.85,0.4,283000000.0,1.84,,452000000.0,415000000.0,5085000000.0,178000000.0,428000000.0,1013000000.0,1018000000.0,-5000000.0,970000000.0,6000000.0,5056000000.0,738000000.0,-8000000.0,,17000000.0,,686000000.0,1172000000.0,37000000.0,1527000000.0,,1270000000.0,,461000000.0,5517000000.0,3223000000.0,1164000000.0,1470000000.0,6220000000.0,523500000.0,523500000.0,523500000.0
Capital One Financial Corp,COF,ZUE8T73ROZOF6FLBAR73,927628,2016.0,Q1TTM,2015-04-01,2016-03-31,,421000000.0,6.97,6.97,1.6,1103000000.0,6.91,,1792000000.0,1584000000.0,19330000000.0,585000000.0,1797000000.0,3910000000.0,3896000000.0,14000000.0,3727000000.0,20000000.0,19314000000.0,2985000000.0,-25000000.0,,88000000.0,,2933000000.0,4697000000.0,163000000.0,5128000000.0,,5034000000.0,,1688000000.0,21002000000.0,13170000000.0,4672000000.0,5688000000.0,23986000000.0,523500000.0,523500000.0,523500000.0
Capital One Financial Corp,COF,ZUE8T73ROZOF6FLBAR73,927628,2017.0,FY,2017-01-01,2017-12-31,2020-02-20 16:17:55+00:00,245000000.0,3.52,3.52,1.6,1602000000.0,3.49,,3375000000.0,1711000000.0,23388000000.0,1160000000.0,1670000000.0,1982000000.0,2117000000.0,-135000000.0,1704000000.0,13000000.0,22460000000.0,3116000000.0,65000000.0,,123000000.0,,3264000000.0,4712000000.0,265000000.0,7551000000.0,,5899000000.0,,2762000000.0,25222000000.0,14194000000.0,4777000000.0,5492000000.0,27237000000.0,484100000.0,484100000.0,488300000.0
Capital One Financial Corp,COF,ZUE8T73ROZOF6FLBAR73,927628,2017.0,Q4,2017-10-01,2017-12-31,,61000000.0,-2.16,-2.16,-1.2,457000000.0,-2.13,,2170000000.0,431000000.0,6133000000.0,334000000.0,460000000.0,-971000000.0,-862000000.0,-109000000.0,-1043000000.0,-8000000.0,5813000000.0,829000000.0,1000000.0,,40000000.0,,908000000.0,1199000000.0,80000000.0,1926000000.0,,1521000000.0,,791000000.0,6604000000.0,3779000000.0,1200000000.0,1308000000.0,7013000000.0,484100000.0,484100000.0,488300000.0
Capital One Financial Corp,COF,ZUE8T73ROZOF6FLBAR73,927628,2017.0,Q3,2017-07-01,2017-09-30,2018-10-31 17:56:39+00:00,61000000.0,2.16,2.16,0.4,410000000.0,2.14,,448000000.0,431000000.0,5960000000.0,310000000.0,379000000.0,1107000000.0,1137000000.0,-30000000.0,1047000000.0,8000000.0,5700000000.0,765000000.0,68000000.0,,29000000.0,,838000000.0,1217000000.0,52000000.0,1833000000.0,,1524000000.0,,720000000.0,6420000000.0,3567000000.0,1285000000.0,1585000000.0,6985000000.0,484900000.0,484900000.0,484900000.0
Capital One Financial Corp,COF,ZUE8T73ROZOF6FLBAR73,927628,2017.0,Q3YTD,2017-01-01,2017-09-30,,184000000.0,5.68,5.68,1.2,1145000000.0,5.62,,1205000000.0,1280000000.0,17255000000.0,826000000.0,1210000000.0,2953000000.0,2979000000.0,-26000000.0,2747000000.0,21000000.0,16647000000.0,2287000000.0,64000000.0,,83000000.0,,2356000000.0,3513000000.0,185000000.0,5625000000.0,,4378000000.0,,1971000000.0,18618000000.0,10415000000.0,3577000000.0,4184000000.0,20224000000.0,484900000.0,484900000.0,484900000.0
Capital One Financial Corp,COF,ZUE8T73ROZOF6FLBAR73,927628,2017.0,Q3TTM,2016-10-01,2017-09-30,,285000000.0,7.17,7.17,,1477000000.0,7.08,,1547000000.0,1673000000.0,22842000000.0,1056000000.0,1785000000.0,3744000000.0,3772000000.0,-28000000.0,3457000000.0,27000000.0,22094000000.0,3105000000.0,60000000.0,,112000000.0,,3205000000.0,4636000000.0,260000000.0,7377000000.0,,5714000000.0,,2533000000.0,24627000000.0,14094000000.0,4696000000.0,5319000000.0,26790000000.0,484900000.0,484900000.0,484900000.0
Capital One Financial Corp,COF,ZUE8T73ROZOF6FLBAR73,927628,2017.0,Q2,2017-04-01,2017-06-30,2018-07-27 16:40:02+00:00,61000000.0,1.96,1.96,0.4,382000000.0,1.94,,443000000.0,433000000.0,5669000000.0,273000000.0,435000000.0,1036000000.0,1047000000.0,-11000000.0,948000000.0,8000000.0,5473000000.0,763000000.0,-4000000.0,,26000000.0,,772000000.0,1235000000.0,80000000.0,1800000000.0,,1383000000.0,,655000000.0,6128000000.0,3414000000.0,1231000000.0,1490000000.0,6704000000.0,484000000.0,484000000.0,484000000.0
Capital One Financial Corp,COF,ZUE8T73ROZOF6FLBAR73,927628,2017.0,Q2YTD,2017-01-01,2017-06-30,,123000000.0,3.52,3.52,0.8,735000000.0,3.48,,757000000.0,849000000.0,11295000000.0,516000000.0,831000000.0,1846000000.0,1842000000.0,4000000.0,1700000000.0,13000000.0,10947000000.0,1522000000.0,-4000000.0,,54000000.0,,1518000000.0,2296000000.0,133000000.0,3792000000.0,,2854000000.0,,1251000000.0,12198000000.0,6848000000.0,2292000000.0,2599000000.0,13239000000.0,484000000.0,484000000.0,484000000.0
Capital One Financial Corp,COF,ZUE8T73ROZOF6FLBAR73,927628,2017.0,Q2TTM,2016-07-01,2017-06-30,,313000000.0,6.93,6.93,,1373000000.0,6.84,,1595000000.0,1628000000.0,22265000000.0,957000000.0,1799000000.0,3642000000.0,3651000000.0,-9000000.0,3372000000.0,25000000.0,21671000000.0,3130000000.0,-7000000.0,,108000000.0,,3139000000.0,4602000000.0,245000000.0,7132000000.0,,5507000000.0,,2330000000.0,24001000000.0,13888000000.0,4595000000.0,5246000000.0,26266000000.0,484000000.0,484000000.0,484000000.0
Capital One Financial Corp,COF,ZUE8T73ROZOF6FLBAR73,927628,2017.0,Q1,2017-01-01,2017-03-31,2018-05-02 16:37:58+00:00,62000000.0,1.56,1.56,0.4,353000000.0,1.54,,314000000.0,416000000.0,5626000000.0,243000000.0,396000000.0,810000000.0,795000000.0,15000000.0,752000000.0,5000000.0,5474000000.0,759000000.0,0.0,,28000000.0,,746000000.0,1061000000.0,53000000.0,1992000000.0,,1471000000.0,,596000000.0,6070000000.0,3434000000.0,1061000000.0,1109000000.0,6535000000.0,482300000.0,482300000.0,482300000.0
Capital One Financial Corp,COF,ZUE8T73ROZOF6FLBAR73,927628,2017.0,Q1TTM,2016-04-01,2017-03-31,,347000000.0,6.67,6.67,,1283000000.0,6.59,,1576000000.0,1600000000.0,21744000000.0,870000000.0,1779000000.0,3548000000.0,3547000000.0,1000000.0,3295000000.0,23000000.0,21291000000.0,3134000000.0,-3000000.0,,100000000.0,,3106000000.0,4528000000.0,230000000.0,6924000000.0,,5403000000.0,,2153000000.0,23444000000.0,13769000000.0,4525000000.0,5123000000.0,25816000000.0,482300000.0,482300000.0,482300000.0
Capital One Financial Corp,COF,ZUE8T73ROZOF6FLBAR73,927628,2018.0,FY,2018-01-01,2018-12-31,2020-02-20 16:17:55+00:00,174000000.0,11.9,11.9,1.6,2598000000.0,11.82,,1293000000.0,2211000000.0,24728000000.0,1703000000.0,2174000000.0,6015000000.0,6025000000.0,-10000000.0,5710000000.0,40000000.0,22875000000.0,3378000000.0,-209000000.0,,237000000.0,,3449000000.0,5410000000.0,265000000.0,5856000000.0,,5727000000.0,,4301000000.0,27176000000.0,14902000000.0,5201000000.0,7318000000.0,28076000000.0,479800000.0,479800000.0,483100000.0
Capital One Financial Corp,COF,ZUE8T73ROZOF6FLBAR73,927628,2018.0,Q4,2018-10-01,2018-12-31,,43000000.0,2.51,2.51,,756000000.0,2.5,,-21000000.0,627000000.0,6358000000.0,472000000.0,831000000.0,1261000000.0,1264000000.0,-3000000.0,1172000000.0,9000000.0,5820000000.0,936000000.0,-20000000.0,,63000000.0,,977000000.0,1213000000.0,80000000.0,1638000000.0,,1345000000.0,,1228000000.0,7048000000.0,4132000000.0,1193000000.0,1243000000.0,7013000000.0,479800000.0,479800000.0,483100000.0
Capital One Financial Corp,COF,ZUE8T73ROZOF6FLBAR73,927628,2018.0,Q3,2018-07-01,2018-09-30,2019-10-31 15:18:02+00:00,44000000.0,3.01,3.01,,681000000.0,2.99,,420000000.0,593000000.0,6247000000.0,428000000.0,504000000.0,1502000000.0,1501000000.0,1000000.0,1440000000.0,9000000.0,5786000000.0,826000000.0,-196000000.0,,55000000.0,,967000000.0,1372000000.0,53000000.0,1268000000.0,,1432000000.0,,1109000000.0,6895000000.0,3773000000.0,1176000000.0,1921000000.0,6962000000.0,478400000.0,478400000.0,481600000.0
Capital One Financial Corp,COF,ZUE8T73ROZOF6FLBAR73,927628,2018.0,Q3YTD,2018-01-01,2018-09-30,,131000000.0,9.39,9.39,,1842000000.0,9.32,,1314000000.0,1584000000.0,18370000000.0,1231000000.0,1343000000.0,4754000000.0,4761000000.0,-7000000.0,4538000000.0,31000000.0,17055000000.0,2442000000.0,-189000000.0,,174000000.0,,2472000000.0,4197000000.0,185000000.0,4218000000.0,,4382000000.0,,3073000000.0,20128000000.0,10770000000.0,4008000000.0,6075000000.0,21063000000.0,478400000.0,478400000.0,481600000.0
Capital One Financial Corp,COF,ZUE8T73ROZOF6FLBAR73,927628,2018.0,Q3TTM,2017-10-01,2018-09-30,,192000000.0,7.23,7.23,-1.2,2299000000.0,7.19,,3484000000.0,2015000000.0,24503000000.0,1565000000.0,1803000000.0,3783000000.0,3899000000.0,-116000000.0,3495000000.0,23000000.0,22868000000.0,3271000000.0,-188000000.0,,214000000.0,,3380000000.0,5396000000.0,265000000.0,6144000000.0,,5903000000.0,,3864000000.0,26732000000.0,14549000000.0,5208000000.0,7383000000.0,28076000000.0,478400000.0,478400000.0,481600000.0
Capital One Financial Corp,COF,ZUE8T73ROZOF6FLBAR73,927628,2018.0,Q2,2018-04-01,2018-06-30,2019-07-30 20:58:59+00:00,43000000.0,3.74,3.74,,622000000.0,3.71,,575000000.0,539000000.0,5989000000.0,423000000.0,425000000.0,1906000000.0,1917000000.0,-11000000.0,1814000000.0,12000000.0,5551000000.0,820000000.0,-1000000.0,,68000000.0,,706000000.0,1642000000.0,80000000.0,1276000000.0,,1430000000.0,,1045000000.0,6596000000.0,3424000000.0,1641000000.0,2492000000.0,7192000000.0,485000000.0,485000000.0,488900000.0
Capital One Financial Corp,COF,ZUE8T73ROZOF6FLBAR73,927628,2018.0,Q2YTD,2018-01-01,2018-06-30,,87000000.0,6.38,6.38,,1161000000.0,6.33,,894000000.0,991000000.0,12123000000.0,803000000.0,839000000.0,3252000000.0,3260000000.0,-8000000.0,3098000000.0,22000000.0,11269000000.0,1616000000.0,7000000.0,,119000000.0,,1505000000.0,2825000000.0,132000000.0,2950000000.0,,2950000000.0,,1964000000.0,13233000000.0,6997000000.0,2832000000.0,4154000000.0,14101000000.0,485000000.0,485000000.0,488900000.0
Capital One Financial Corp,COF,ZUE8T73ROZOF6FLBAR73,927628,2018.0,Q2TTM,2017-07-01,2018-06-30,,209000000.0,6.38,6.38,-0.8,2028000000.0,6.34,,3512000000.0,1853000000.0,24216000000.0,1447000000.0,1678000000.0,3388000000.0,3535000000.0,-147000000.0,3102000000.0,22000000.0,22782000000.0,3210000000.0,76000000.0,,188000000.0,,3251000000.0,5241000000.0,264000000.0,6709000000.0,,5995000000.0,,3475000000.0,26257000000.0,14343000000.0,5317000000.0,7047000000.0,28099000000.0,485000000.0,485000000.0,488900000.0
Capital One Financial Corp,COF,ZUE8T73ROZOF6FLBAR73,927628,2018.0,Q1,2018-01-01,2018-03-31,2019-05-01 16:02:08+00:00,44000000.0,2.64,2.64,0.4,539000000.0,2.62,,319000000.0,452000000.0,6134000000.0,380000000.0,414000000.0,1346000000.0,1343000000.0,3000000.0,1284000000.0,10000000.0,5718000000.0,796000000.0,8000000.0,,51000000.0,,799000000.0,1183000000.0,52000000.0,1674000000.0,,1520000000.0,,919000000.0,6637000000.0,3573000000.0,1191000000.0,1662000000.0,6909000000.0,486400000.0,486400000.0,490100000.0
Capital One Financial Corp,COF,ZUE8T73ROZOF6FLBAR73,927628,2018.0,Q1TTM,2017-04-01,2018-03-31,,227000000.0,4.6,4.6,-0.4,1788000000.0,4.57,,3380000000.0,1747000000.0,23896000000.0,1297000000.0,1688000000.0,2518000000.0,2665000000.0,-147000000.0,2236000000.0,18000000.0,22704000000.0,3153000000.0,73000000.0,,146000000.0,,3317000000.0,4834000000.0,264000000.0,7233000000.0,,5948000000.0,,3085000000.0,25789000000.0,14333000000.0,4907000000.0,6045000000.0,27611000000.0,486400000.0,486400000.0,490100000.0
Capital One Financial Corp,COF,ZUE8T73ROZOF6FLBAR73,927628,2019.0,Q4,2019-10-01,2019-12-31,,28000000.0,2.26,2.26,,832000000.0,2.26,,270000000.0,544000000.0,6682000000.0,372000000.0,710000000.0,1176000000.0,1178000000.0,-2000000.0,1041000000.0,7000000.0,6066000000.0,911000000.0,-18000000.0,,44000000.0,,860000000.0,1379000000.0,128000000.0,1818000000.0,,1652000000.0,,1204000000.0,7270000000.0,4161000000.0,1361000000.0,1448000000.0,7427000000.0,467700000.0,467700000.0,469900000.0
Capital One Financial Corp,COF,ZUE8T73ROZOF6FLBAR73,927628,2019.0,FY,2019-01-01,2019-12-31,2020-02-20 16:17:55+00:00,112000000.0,11.1,11.1,1.6,3420000000.0,11.05,,1341000000.0,2411000000.0,25862000000.0,1753000000.0,2274000000.0,5546000000.0,5533000000.0,13000000.0,5192000000.0,41000000.0,23340000000.0,3388000000.0,26000000.0,,240000000.0,,3321000000.0,5227000000.0,313000000.0,6236000000.0,,6388000000.0,,5173000000.0,28513000000.0,15483000000.0,5253000000.0,6874000000.0,28593000000.0,467700000.0,467700000.0,469900000.0
Capital One Financial Corp,COF,ZUE8T73ROZOF6FLBAR73,927628,2019.0,Q3YTD,2019-01-01,2019-09-30,,84000000.0,8.84,8.84,,2588000000.0,8.79,,1071000000.0,1867000000.0,19180000000.0,1381000000.0,1564000000.0,4370000000.0,4355000000.0,15000000.0,4151000000.0,34000000.0,17274000000.0,2477000000.0,44000000.0,,196000000.0,,2461000000.0,3848000000.0,185000000.0,4418000000.0,,4736000000.0,,3969000000.0,21243000000.0,11322000000.0,3892000000.0,5426000000.0,21166000000.0,468600000.0,468600000.0,472100000.0
Capital One Financial Corp,COF,ZUE8T73ROZOF6FLBAR73,927628,2019.0,Q3TTM,2018-10-01,2019-09-30,,127000000.0,11.35,11.35,,3344000000.0,11.29,,1050000000.0,2494000000.0,25538000000.0,1853000000.0,2395000000.0,5631000000.0,5619000000.0,12000000.0,5323000000.0,43000000.0,23094000000.0,3413000000.0,24000000.0,,259000000.0,,3438000000.0,5061000000.0,265000000.0,6056000000.0,,6081000000.0,,5197000000.0,28291000000.0,15454000000.0,5085000000.0,6669000000.0,28179000000.0,468600000.0,468600000.0,472100000.0
Capital One Financial Corp,COF,ZUE8T73ROZOF6FLBAR73,927628,2019.0,Q3,2019-07-01,2019-09-30,2019-10-31 15:18:02+00:00,25000000.0,2.71,2.71,,901000000.0,2.69,,375000000.0,583000000.0,6429000000.0,437000000.0,501000000.0,1333000000.0,1329000000.0,4000000.0,1270000000.0,10000000.0,5737000000.0,831000000.0,5000000.0,,63000000.0,,910000000.0,1217000000.0,53000000.0,1383000000.0,,1605000000.0,,1338000000.0,7075000000.0,3872000000.0,1222000000.0,1704000000.0,6959000000.0,468600000.0,468600000.0,472100000.0
Capital One Financial Corp,COF,ZUE8T73ROZOF6FLBAR73,927628,2019.0,Q2YTD,2019-01-01,2019-06-30,,59000000.0,6.13,6.13,,1687000000.0,6.1,,696000000.0,1284000000.0,12751000000.0,944000000.0,1063000000.0,3037000000.0,3026000000.0,11000000.0,2881000000.0,24000000.0,11537000000.0,1646000000.0,39000000.0,,133000000.0,,1551000000.0,2631000000.0,132000000.0,3035000000.0,,3131000000.0,,2631000000.0,14168000000.0,7450000000.0,2670000000.0,3722000000.0,14207000000.0,470200000.0,470200000.0,473100000.0
Capital One Financial Corp,COF,ZUE8T73ROZOF6FLBAR73,927628,2019.0,Q2TTM,2018-07-01,2019-06-30,,146000000.0,11.65,11.65,,3124000000.0,11.59,,1095000000.0,2504000000.0,25356000000.0,1844000000.0,2398000000.0,5800000000.0,5791000000.0,9000000.0,5493000000.0,42000000.0,23143000000.0,3408000000.0,-177000000.0,,251000000.0,,3495000000.0,5216000000.0,265000000.0,5941000000.0,,5908000000.0,,4968000000.0,28111000000.0,15355000000.0,5039000000.0,6886000000.0,28182000000.0,470200000.0,470200000.0,473100000.0
Capital One Financial Corp,COF,ZUE8T73ROZOF6FLBAR73,927628,2019.0,Q2,2019-04-01,2019-06-30,2019-07-30 20:58:59+00:00,29000000.0,3.26,3.26,,870000000.0,3.24,,387000000.0,629000000.0,6383000000.0,460000000.0,546000000.0,1625000000.0,1616000000.0,9000000.0,1533000000.0,12000000.0,5746000000.0,850000000.0,15000000.0,,64000000.0,,796000000.0,1363000000.0,80000000.0,1342000000.0,,1558000000.0,,1330000000.0,7076000000.0,3779000000.0,1378000000.0,2003000000.0,7124000000.0,470200000.0,470200000.0,473100000.0
Capital One Financial Corp,COF,ZUE8T73ROZOF6FLBAR73,927628,2019.0,Q1,2019-01-01,2019-03-31,2020-05-01 14:51:53+00:00,30000000.0,2.87,2.87,0.4,817000000.0,2.86,,309000000.0,655000000.0,6368000000.0,484000000.0,517000000.0,1412000000.0,1410000000.0,2000000.0,1348000000.0,12000000.0,5791000000.0,796000000.0,24000000.0,,69000000.0,,755000000.0,1268000000.0,52000000.0,1693000000.0,,1573000000.0,,1301000000.0,7092000000.0,3671000000.0,1292000000.0,1719000000.0,7083000000.0,469700000.0,469700000.0,471300000.0
Capital One Financial Corp,COF,ZUE8T73ROZOF6FLBAR73,927628,2019.0,Q1TTM,2018-04-01,2019-03-31,,160000000.0,12.13,12.13,,2876000000.0,12.06,,1283000000.0,2414000000.0,24962000000.0,1807000000.0,2277000000.0,6081000000.0,6092000000.0,-11000000.0,5774000000.0,42000000.0,22948000000.0,3378000000.0,-193000000.0,,255000000.0,,3405000000.0,5495000000.0,265000000.0,5875000000.0,,5780000000.0,,4683000000.0,27631000000.0,15000000000.0,5302000000.0,7375000000.0,28250000000.0,469700000.0,469700000.0,471300000.0
Capital One Financial Corp,COF,ZUE8T73ROZOF6FLBAR73,927628,2020.0,Q1TTM,2019-04-01,2020-03-31,,104000000.0,5.13,5.13,,3334000000.0,5.09,,469000000.0,2286000000.0,26036000000.0,1622000000.0,2248000000.0,2794000000.0,2783000000.0,11000000.0,2424000000.0,32000000.0,23574000000.0,3411000000.0,2000000.0,,208000000.0,,3336000000.0,5183000000.0,338000000.0,9966000000.0,,6442000000.0,,4956000000.0,28530000000.0,15541000000.0,5185000000.0,3252000000.0,28759000000.0,458100000.0,458100000.0,458100000.0
Capital One Financial Corp,COF,ZUE8T73ROZOF6FLBAR73,927628,2020.0,Q1,2020-01-01,2020-03-31,2020-05-01 14:51:53+00:00,22000000.0,-3.1,-3.1,0.4,731000000.0,-3.1,,-563000000.0,530000000.0,6542000000.0,353000000.0,491000000.0,-1340000000.0,-1340000000.0,0.0,-1420000000.0,3000000.0,6025000000.0,819000000.0,0.0,,37000000.0,,770000000.0,1224000000.0,77000000.0,5423000000.0,,1627000000.0,,1084000000.0,7109000000.0,3729000000.0,1224000000.0,-1903000000.0,7249000000.0,458100000.0,458100000.0,458100000.0
