company_name,company_ticker,company_lei,company_cik,year,quarter,start_date,end_date,filing_date,amortizationexpense,amortizationofdeferredpolicyacquisitioncosts,basicdilutedeps,basiceps,cashdividendspershare,dilutedeps,impairmentexpense,incometaxexpense,longtermdebtinterestexpense,netincome,netincomecontinuing,netincomediscontinued,netincometocommon,netinterestincome,netrealizedcapitalgains,otheroperatingexpenses,otherservicechargeincome,policyacquisitioncosts,premiumsearned,propertyliabilityinsuranceclaims,salariesandemployeebenefitsexpense,totalinterestexpense,totalnoninterestexpense,totalnoninterestincome,totalpretaxincome,totalrevenue,weightedavebasicdilutedsharesos,weightedavebasicsharesos,weightedavedilutedsharesos
Unum Group,UNM,549300E32YFDO6TZ8R31,5513,2007.0,FY,2007-01-01,2007-12-31,2010-02-26 15:22:50+00:00,480400000.0,-556300000.0,1.92,1.92,0.3,1.91,,324800000.0,241900000.0,679300000.0,672400000.0,6900000.0,679300000.0,-241900000.0,2344700000.0,805000000.0,274100000.0,,7901100000.0,6988200000.0,1563500000.0,241900000.0,9280800000.0,10519900000.0,997200000.0,10278000000.0,353800000.0,353800000.0,355700000.0
Unum Group,UNM,549300E32YFDO6TZ8R31,5513,2008.0,FY,2008-01-01,2008-12-31,2011-02-25 14:00:07+00:00,519100000.0,-590900000.0,1.62,1.62,0.3,1.62,,270800000.0,156700000.0,553200000.0,553200000.0,,553200000.0,-156700000.0,1923100000.0,821100000.0,275900000.0,,7783300000.0,6626400000.0,1625900000.0,156700000.0,9001600000.0,9982300000.0,824000000.0,9825600000.0,341022800.0,341022800.0,341022800.0
Unum Group,UNM,549300E32YFDO6TZ8R31,5513,2008.0,Q3,2008-07-01,2008-09-30,2009-11-04 10:02:27+00:00,129300000.0,-145400000.0,0.32,0.32,,0.32,,51800000.0,37200000.0,108000000.0,108000000.0,,108000000.0,-37200000.0,428900000.0,203000000.0,67300000.0,,1946500000.0,1646300000.0,412500000.0,37200000.0,2245700000.0,2442700000.0,159800000.0,2405500000.0,337500000.0,337500000.0,337500000.0
Unum Group,UNM,549300E32YFDO6TZ8R31,5513,2008.0,Q2,2008-04-01,2008-06-30,2009-08-05 16:06:34+00:00,127300000.0,-153600000.0,0.7,0.7,,0.69,,126700000.0,40800000.0,240300000.0,240300000.0,,240300000.0,-40800000.0,639200000.0,214400000.0,67500000.0,,1968600000.0,1674700000.0,404700000.0,40800000.0,2267500000.0,2675300000.0,367000000.0,2634500000.0,343300000.0,343300000.0,348300000.0
Unum Group,UNM,549300E32YFDO6TZ8R31,5513,2009.0,FY,2009-01-01,2009-12-31,2012-02-24 09:18:54+00:00,526200000.0,-593600000.0,2.57,2.57,0.315,2.57,0.0,439700000.0,125400000.0,852600000.0,852600000.0,,852600000.0,-125400000.0,2358300000.0,818700000.0,257200000.0,,7475500000.0,6291600000.0,1630400000.0,125400000.0,8673300000.0,10091000000.0,1292300000.0,9965600000.0,331266200.0,331266200.0,331266200.0
Unum Group,UNM,549300E32YFDO6TZ8R31,5513,2009.0,Q4,2009-10-01,2009-12-31,,131200000.0,-147800000.0,0.59,0.59,0.24,0.61,,96500000.0,34500000.0,199400000.0,199400000.0,,199400000.0,-34500000.0,569800000.0,205300000.0,61100000.0,,1865700000.0,1566600000.0,410900000.0,34500000.0,2166200000.0,2496600000.0,295900000.0,2462100000.0,331266200.0,331266200.0,331266200.0
Unum Group,UNM,549300E32YFDO6TZ8R31,5513,2009.0,Q3YTD,2009-01-01,2009-09-30,,395000000.0,-445800000.0,1.98,1.98,0.08,1.96,,343200000.0,90900000.0,653200000.0,653200000.0,,653200000.0,-90900000.0,1788500000.0,613400000.0,196100000.0,,5609800000.0,4725000000.0,1219500000.0,90900000.0,6507100000.0,7594400000.0,996400000.0,7503500000.0,331411200.0,331411200.0,331411200.0
Unum Group,UNM,549300E32YFDO6TZ8R31,5513,2009.0,Q3,2009-07-01,2009-09-30,2010-11-03 10:16:22+00:00,130400000.0,-143500000.0,0.67,0.67,,0.66,,113500000.0,27900000.0,221100000.0,221100000.0,,221100000.0,-27900000.0,594500000.0,198400000.0,61900000.0,,1861100000.0,1565100000.0,404600000.0,27900000.0,2155000000.0,2517500000.0,334600000.0,2489600000.0,331411200.0,331411200.0,331411200.0
Unum Group,UNM,549300E32YFDO6TZ8R31,5513,2009.0,Q2YTD,2009-01-01,2009-06-30,,264600000.0,-302300000.0,1.31,1.31,0.08,1.3,,229700000.0,63000000.0,432100000.0,432100000.0,,432100000.0,-63000000.0,1194000000.0,415000000.0,134200000.0,,3748700000.0,3159900000.0,814900000.0,63000000.0,4352100000.0,5076900000.0,661800000.0,5013900000.0,331171800.0,331171800.0,331171800.0
Unum Group,UNM,549300E32YFDO6TZ8R31,5513,2009.0,Q2,2009-04-01,2009-06-30,2010-08-04 10:31:15+00:00,132800000.0,-148700000.0,0.81,0.81,,0.8,,144000000.0,30400000.0,267200000.0,267200000.0,,267200000.0,-30400000.0,684900000.0,209500000.0,67200000.0,,1875900000.0,1584200000.0,408600000.0,30400000.0,2186400000.0,2628000000.0,411200000.0,2597600000.0,331171800.0,331171800.0,331171800.0
Unum Group,UNM,549300E32YFDO6TZ8R31,5513,2009.0,Q1,2009-01-01,2009-03-31,2010-05-05 11:14:10+00:00,131800000.0,-153600000.0,0.5,0.5,0.075,0.5,,85700000.0,32600000.0,164900000.0,164900000.0,,164900000.0,-32600000.0,509100000.0,205500000.0,67000000.0,,1872800000.0,1575700000.0,406300000.0,32600000.0,2165700000.0,2448900000.0,250600000.0,2416300000.0,329800000.0,329800000.0,329800000.0
Unum Group,UNM,549300E32YFDO6TZ8R31,5513,2010.0,Q4,2010-10-01,2010-12-31,,-34400000.0,33000000.0,0.72,0.7,0.27,0.69,,105700000.0,39100000.0,218400000.0,218400000.0,,218400000.0,-39100000.0,661800000.0,204400000.0,63100000.0,,1868200000.0,1618100000.0,408800000.0,39100000.0,2229900000.0,2593100000.0,324100000.0,2554000000.0,325839000.0,325839000.0,325839000.0
Unum Group,UNM,549300E32YFDO6TZ8R31,5513,2010.0,FY,2010-01-01,2010-12-31,2013-02-22 11:14:51+00:00,373300000.0,-422500000.0,2.72,2.7,0.35,2.69,0.0,441200000.0,141800000.0,878700000.0,878700000.0,,878700000.0,-141800000.0,2520200000.0,794900000.0,241600000.0,,7431400000.0,6354100000.0,1631700000.0,141800000.0,8731500000.0,10193200000.0,1319900000.0,10051400000.0,325839000.0,325839000.0,325839000.0
Unum Group,UNM,549300E32YFDO6TZ8R31,5513,2010.0,Q3YTD,2010-01-01,2010-09-30,,407700000.0,-455500000.0,2.0,2.0,0.08,2.0,,335500000.0,102700000.0,660300000.0,660300000.0,,660300000.0,-102700000.0,1858400000.0,590500000.0,178500000.0,,5563200000.0,4736000000.0,1222900000.0,102700000.0,6501600000.0,7600100000.0,995800000.0,7497400000.0,323083500.0,323083500.0,323083500.0
Unum Group,UNM,549300E32YFDO6TZ8R31,5513,2010.0,Q3TTM,2009-10-01,2010-09-30,,538900000.0,-603300000.0,2.59,2.59,0.32,2.61,,432000000.0,137200000.0,859700000.0,859700000.0,,859700000.0,-137200000.0,2428200000.0,795800000.0,239600000.0,,7428900000.0,6302600000.0,1633800000.0,137200000.0,8667800000.0,10096700000.0,1291700000.0,9959500000.0,323083500.0,323083500.0,323083500.0
Unum Group,UNM,549300E32YFDO6TZ8R31,5513,2010.0,Q3,2010-07-01,2010-09-30,2011-11-02 10:18:51+00:00,130600000.0,-150900000.0,0.68,0.68,,0.68,,105700000.0,35200000.0,220800000.0,220800000.0,,220800000.0,-35200000.0,619500000.0,190900000.0,58200000.0,,1850200000.0,1587500000.0,408100000.0,35200000.0,2166200000.0,2527900000.0,326500000.0,2492700000.0,323083500.0,323083500.0,323083500.0
Unum Group,UNM,549300E32YFDO6TZ8R31,5513,2010.0,Q2YTD,2010-01-01,2010-06-30,,277100000.0,-304600000.0,1.32,1.32,0.08,1.32,,229800000.0,67500000.0,439500000.0,439500000.0,,439500000.0,-67500000.0,1238900000.0,399600000.0,120300000.0,,3713000000.0,3148500000.0,814800000.0,67500000.0,4335400000.0,5072200000.0,669300000.0,5004700000.0,331236800.0,331236800.0,331236800.0
Unum Group,UNM,549300E32YFDO6TZ8R31,5513,2010.0,Q2TTM,2009-07-01,2010-06-30,,538700000.0,-595900000.0,2.58,2.58,0.32,2.59,,439800000.0,129900000.0,860000000.0,860000000.0,,860000000.0,-129900000.0,2403200000.0,803300000.0,243300000.0,,7439800000.0,6280200000.0,1630300000.0,129900000.0,8656600000.0,10086300000.0,1299800000.0,9956400000.0,331236800.0,331236800.0,331236800.0
Unum Group,UNM,549300E32YFDO6TZ8R31,5513,2010.0,Q2,2010-04-01,2010-06-30,2011-08-03 11:02:32+00:00,135900000.0,-149700000.0,0.63,0.63,,0.63,,98400000.0,34100000.0,209700000.0,209700000.0,,209700000.0,-34100000.0,600300000.0,203400000.0,60500000.0,,1849800000.0,1579600000.0,399200000.0,34100000.0,2168400000.0,2510600000.0,308100000.0,2476500000.0,331236800.0,331236800.0,331236800.0
Unum Group,UNM,549300E32YFDO6TZ8R31,5513,2010.0,Q1TTM,2009-04-01,2010-03-31,,535600000.0,-594900000.0,2.76,2.76,0.32,2.76,,485400000.0,126200000.0,917500000.0,917500000.0,,917500000.0,-126200000.0,2487800000.0,809400000.0,250000000.0,,7465900000.0,6284800000.0,1639700000.0,126200000.0,8674600000.0,10203700000.0,1402900000.0,10077500000.0,332270200.0,332270200.0,332270200.0
Unum Group,UNM,549300E32YFDO6TZ8R31,5513,2010.0,Q1,2010-01-01,2010-03-31,2011-05-04 10:18:36+00:00,141200000.0,-154900000.0,0.69,0.69,0.0825,0.69,,131400000.0,33400000.0,229800000.0,229800000.0,,229800000.0,-33400000.0,638600000.0,196200000.0,59800000.0,,1863200000.0,1568900000.0,415600000.0,33400000.0,2167000000.0,2561600000.0,361200000.0,2528200000.0,332270200.0,332270200.0,332270200.0
Unum Group,UNM,549300E32YFDO6TZ8R31,5513,2011.0,Q4,2011-10-01,2011-12-31,,91800000.0,-107800000.0,-1.22,-1.2,0.3,-1.19,196000000.0,-248300000.0,35200000.0,-369000000.0,-369000000.0,,-369000000.0,-35200000.0,642000000.0,199800000.0,74300000.0,,1888500000.0,2381500000.0,425600000.0,35200000.0,3186900000.0,2604800000.0,-617300000.0,2569600000.0,302399800.0,302399800.0,302399800.0
Unum Group,UNM,549300E32YFDO6TZ8R31,5513,2011.0,FY,2011-01-01,2011-12-31,2014-02-26 16:07:11+00:00,365700000.0,-442500000.0,0.94,0.94,0.395,0.94,196000000.0,49100000.0,143300000.0,284200000.0,284200000.0,,284200000.0,-143300000.0,2514700000.0,785500000.0,249100000.0,,7514200000.0,7209500000.0,1687200000.0,143300000.0,9801400000.0,10278000000.0,333300000.0,10134700000.0,302399800.0,302399800.0,302399800.0
Unum Group,UNM,549300E32YFDO6TZ8R31,5513,2011.0,Q3YTD,2011-01-01,2011-09-30,,273900000.0,-334700000.0,2.16,2.14,0.09,2.13,,297400000.0,108100000.0,653200000.0,653200000.0,,653200000.0,-108100000.0,1872700000.0,585700000.0,174800000.0,,5625700000.0,4828000000.0,1261600000.0,108100000.0,6614500000.0,7673200000.0,950600000.0,7565100000.0,298185800.0,298185800.0,298185800.0
Unum Group,UNM,549300E32YFDO6TZ8R31,5513,2011.0,Q3TTM,2010-10-01,2011-09-30,,239500000.0,-301700000.0,2.88,2.84,0.36,2.82,,403100000.0,147200000.0,871600000.0,871600000.0,,871600000.0,-147200000.0,2534500000.0,790100000.0,237900000.0,,7493900000.0,6446100000.0,1670400000.0,147200000.0,8844400000.0,10266300000.0,1274700000.0,10119100000.0,298185800.0,298185800.0,298185800.0
Unum Group,UNM,549300E32YFDO6TZ8R31,5513,2011.0,Q3,2011-07-01,2011-09-30,2012-11-01 11:20:53+00:00,84300000.0,-110100000.0,0.69,0.68,,0.68,,86700000.0,35100000.0,202000000.0,202000000.0,,202000000.0,-35100000.0,605300000.0,193200000.0,59100000.0,,1881200000.0,1635600000.0,418800000.0,35100000.0,2221800000.0,2545600000.0,288700000.0,2510500000.0,298185800.0,298185800.0,298185800.0
Unum Group,UNM,549300E32YFDO6TZ8R31,5513,2011.0,Q2YTD,2011-01-01,2011-06-30,,189600000.0,-224600000.0,1.47,1.46,0.09,1.45,,210700000.0,73000000.0,451200000.0,451200000.0,,451200000.0,-73000000.0,1267400000.0,392500000.0,115700000.0,,3744500000.0,3192400000.0,842800000.0,73000000.0,4392700000.0,5127600000.0,661900000.0,5054600000.0,306316200.0,306316200.0,306316200.0
Unum Group,UNM,549300E32YFDO6TZ8R31,5513,2011.0,Q2TTM,2010-07-01,2011-06-30,,285800000.0,-342500000.0,2.87,2.84,0.36,2.82,,422100000.0,147300000.0,890400000.0,890400000.0,,890400000.0,-147300000.0,2548700000.0,787800000.0,237000000.0,,7462900000.0,6398000000.0,1659700000.0,147300000.0,8788800000.0,10248600000.0,1312500000.0,10101300000.0,306316200.0,306316200.0,306316200.0
Unum Group,UNM,549300E32YFDO6TZ8R31,5513,2011.0,Q2,2011-04-01,2011-06-30,2012-08-02 11:21:13+00:00,94600000.0,-112400000.0,0.75,0.74,,0.74,,106900000.0,35100000.0,227600000.0,227600000.0,,227600000.0,-35100000.0,633500000.0,196700000.0,56000000.0,,1875000000.0,1599400000.0,416600000.0,35100000.0,2194900000.0,2564500000.0,334500000.0,2529400000.0,306316200.0,306316200.0,306316200.0
Unum Group,UNM,549300E32YFDO6TZ8R31,5513,2011.0,Q1TTM,2010-04-01,2011-03-31,,327100000.0,-379800000.0,2.75,2.73,0.36,2.71,,413600000.0,146300000.0,872500000.0,872500000.0,,872500000.0,-146300000.0,2515500000.0,794500000.0,241500000.0,,7437700000.0,6378200000.0,1642300000.0,146300000.0,8762300000.0,10194700000.0,1286100000.0,10048400000.0,312742300.0,312742300.0,312742300.0
Unum Group,UNM,549300E32YFDO6TZ8R31,5513,2011.0,Q1,2011-01-01,2011-03-31,2012-05-02 10:24:42+00:00,95000000.0,-112200000.0,0.72,0.72,0.0925,0.71,,103800000.0,37900000.0,223600000.0,223600000.0,,223600000.0,-37900000.0,633900000.0,195800000.0,59700000.0,,1869500000.0,1593000000.0,426200000.0,37900000.0,2197800000.0,2563100000.0,327400000.0,2525200000.0,312742300.0,312742300.0,312742300.0
Unum Group,UNM,549300E32YFDO6TZ8R31,5513,2012.0,Q4,2012-10-01,2012-12-31,,93100000.0,347600000.0,0.85,0.85,0.37,0.85,,88800000.0,38100000.0,233900000.0,233900000.0,,233900000.0,-38100000.0,667600000.0,210900000.0,53400000.0,-467300000.0,1937200000.0,1689200000.0,423900000.0,38100000.0,2297400000.0,2658200000.0,322700000.0,2620100000.0,281355900.0,281355900.0,281355900.0
Unum Group,UNM,549300E32YFDO6TZ8R31,5513,2012.0,FY,2012-01-01,2012-12-31,2015-02-25 13:50:49+00:00,378700000.0,,3.18,3.18,0.47,3.17,,355100000.0,145400000.0,894400000.0,894400000.0,,894400000.0,-145400000.0,2571400000.0,782900000.0,227900000.0,-467300000.0,7716100000.0,6722200000.0,1704000000.0,145400000.0,9120500000.0,10515400000.0,1249500000.0,10370000000.0,281355900.0,281355900.0,281355900.0
Unum Group,UNM,549300E32YFDO6TZ8R31,5513,2012.0,Q3YTD,2012-01-01,2012-09-30,,285600000.0,-347600000.0,2.33,2.33,0.11,2.32,,266300000.0,107300000.0,660500000.0,660500000.0,,660500000.0,-107300000.0,1903800000.0,572000000.0,174500000.0,,5778900000.0,5033000000.0,1280100000.0,107300000.0,6823100000.0,7857200000.0,926800000.0,7749900000.0,278354400.0,278354400.0,278354400.0
Unum Group,UNM,549300E32YFDO6TZ8R31,5513,2012.0,Q3TTM,2011-10-01,2012-09-30,,377400000.0,-455400000.0,1.11,1.13,0.41,1.13,196000000.0,18000000.0,142500000.0,291500000.0,291500000.0,,291500000.0,-142500000.0,2545800000.0,771800000.0,248800000.0,,7667400000.0,7414500000.0,1705700000.0,142500000.0,10010000000.0,10462000000.0,309500000.0,10319500000.0,278354400.0,278354400.0,278354400.0
Unum Group,UNM,549300E32YFDO6TZ8R31,5513,2012.0,Q3,2012-07-01,2012-09-30,2013-11-05 10:35:45+00:00,87000000.0,-111000000.0,0.83,0.83,,0.83,,90200000.0,36600000.0,230200000.0,230200000.0,,230200000.0,-36600000.0,640500000.0,193400000.0,58100000.0,,1929400000.0,1686900000.0,414700000.0,36600000.0,2271000000.0,2628000000.0,320400000.0,2591400000.0,278354400.0,278354400.0,278354400.0
Unum Group,UNM,549300E32YFDO6TZ8R31,5513,2012.0,Q2YTD,2012-01-01,2012-06-30,,198600000.0,-236600000.0,1.5,1.5,0.11,1.49,,176100000.0,70700000.0,430300000.0,430300000.0,,430300000.0,-70700000.0,1263300000.0,378600000.0,116400000.0,,3849500000.0,3346100000.0,865400000.0,70700000.0,4552100000.0,5229200000.0,606400000.0,5158500000.0,283316600.0,283316600.0,283316600.0
Unum Group,UNM,549300E32YFDO6TZ8R31,5513,2012.0,Q2TTM,2011-07-01,2012-06-30,,374700000.0,-454500000.0,0.97,0.98,0.41,0.98,196000000.0,14500000.0,141000000.0,263300000.0,263300000.0,,263300000.0,-141000000.0,2510600000.0,771600000.0,249800000.0,,7619200000.0,7363200000.0,1709800000.0,141000000.0,9960800000.0,10379600000.0,277800000.0,10238600000.0,283316600.0,283316600.0,283316600.0
Unum Group,UNM,549300E32YFDO6TZ8R31,5513,2012.0,Q2,2012-04-01,2012-06-30,2013-08-06 10:17:15+00:00,99200000.0,-119200000.0,0.76,0.76,,0.76,,80000000.0,35200000.0,216400000.0,216400000.0,,216400000.0,-35200000.0,631400000.0,196900000.0,58900000.0,,1927600000.0,1683200000.0,426200000.0,35200000.0,2286300000.0,2617900000.0,296400000.0,2582700000.0,283316600.0,283316600.0,283316600.0
Unum Group,UNM,549300E32YFDO6TZ8R31,5513,2012.0,Q1TTM,2011-04-01,2012-03-31,,370100000.0,-447700000.0,0.96,0.96,0.41,0.96,196000000.0,41400000.0,140900000.0,274500000.0,274500000.0,,274500000.0,-140900000.0,2512700000.0,771400000.0,246900000.0,,7566600000.0,7279400000.0,1700200000.0,140900000.0,9869400000.0,10326200000.0,315900000.0,10185300000.0,290429500.0,290429500.0,290429500.0
Unum Group,UNM,549300E32YFDO6TZ8R31,5513,2012.0,Q1,2012-01-01,2012-03-31,2013-05-02 11:09:28+00:00,99400000.0,-117400000.0,0.74,0.74,0.105,0.73,,96100000.0,35500000.0,213900000.0,213900000.0,,213900000.0,-35500000.0,631900000.0,181700000.0,57500000.0,,1921900000.0,1662900000.0,439200000.0,35500000.0,2265800000.0,2611300000.0,310000000.0,2575800000.0,290429500.0,290429500.0,290429500.0
Unum Group,UNM,549300E32YFDO6TZ8R31,5513,2013.0,FY,2013-01-01,2013-12-31,2016-02-24 15:57:41+00:00,418900000.0,,3.24,3.2,0.55,3.19,,373000000.0,149400000.0,847000000.0,847000000.0,,847000000.0,-149400000.0,2513700000.0,751500000.0,230200000.0,-466800000.0,7624700000.0,6595700000.0,1699900000.0,149400000.0,8999200000.0,10368600000.0,1220000000.0,10219200000.0,264725800.0,264725800.0,264725800.0
Unum Group,UNM,549300E32YFDO6TZ8R31,5513,2013.0,Q4,2013-10-01,2013-12-31,,95200000.0,118200000.0,0.85,0.81,0.42,0.8,,110500000.0,37600000.0,210100000.0,210100000.0,,210100000.0,-37600000.0,627400000.0,165600000.0,56800000.0,-235700000.0,1890700000.0,1643800000.0,429600000.0,37600000.0,2216700000.0,2574900000.0,320600000.0,2537300000.0,264725800.0,264725800.0,264725800.0
Unum Group,UNM,549300E32YFDO6TZ8R31,5513,2013.0,Q3YTD,2013-01-01,2013-09-30,,323700000.0,-118200000.0,2.39,2.39,0.13,2.39,,262500000.0,111800000.0,636900000.0,636900000.0,,636900000.0,-111800000.0,1886300000.0,585900000.0,173400000.0,-231100000.0,5734000000.0,4951900000.0,1270300000.0,111800000.0,6782500000.0,7793700000.0,899400000.0,7681900000.0,262945900.0,262945900.0,262945900.0
Unum Group,UNM,549300E32YFDO6TZ8R31,5513,2013.0,Q3TTM,2012-10-01,2013-09-30,,416800000.0,229400000.0,3.24,3.24,0.5,3.24,,351300000.0,149900000.0,870800000.0,870800000.0,,870800000.0,-149900000.0,2553900000.0,796800000.0,226800000.0,-698400000.0,7671200000.0,6641100000.0,1694200000.0,149900000.0,9079900000.0,10451900000.0,1222100000.0,10302000000.0,262945900.0,262945900.0,262945900.0
Unum Group,UNM,549300E32YFDO6TZ8R31,5513,2013.0,Q3,2013-07-01,2013-09-30,2014-10-30 10:32:31+00:00,98600000.0,,0.78,0.78,,0.78,,78400000.0,37400000.0,205700000.0,205700000.0,,205700000.0,-37400000.0,615500000.0,204300000.0,54200000.0,-117800000.0,1897300000.0,1641600000.0,418800000.0,37400000.0,2245500000.0,2567000000.0,284100000.0,2529600000.0,262945900.0,262945900.0,262945900.0
Unum Group,UNM,549300E32YFDO6TZ8R31,5513,2013.0,Q2YTD,2013-01-01,2013-06-30,,225100000.0,-118200000.0,1.61,1.61,0.13,1.61,,184100000.0,74400000.0,431200000.0,431200000.0,,431200000.0,-74400000.0,1270800000.0,381600000.0,119200000.0,-113300000.0,3836700000.0,3310300000.0,851500000.0,74400000.0,4537000000.0,5226700000.0,615300000.0,5152300000.0,265560400.0,265560400.0,265560400.0
Unum Group,UNM,549300E32YFDO6TZ8R31,5513,2013.0,Q2TTM,2012-07-01,2013-06-30,,405200000.0,118400000.0,3.29,3.29,0.5,3.29,,363100000.0,149100000.0,895300000.0,895300000.0,,895300000.0,-149100000.0,2578900000.0,785900000.0,230700000.0,-580600000.0,7703300000.0,6686400000.0,1690100000.0,149100000.0,9105400000.0,10512900000.0,1258400000.0,10363800000.0,265560400.0,265560400.0,265560400.0
Unum Group,UNM,549300E32YFDO6TZ8R31,5513,2013.0,Q2,2013-04-01,2013-06-30,2014-07-31 10:34:18+00:00,101300000.0,,0.82,0.82,,0.82,,92900000.0,37300000.0,218600000.0,218600000.0,,218600000.0,-37300000.0,639400000.0,187600000.0,56700000.0,-113300000.0,1905800000.0,1661800000.0,415700000.0,37300000.0,2253100000.0,2601900000.0,311500000.0,2564600000.0,265560400.0,265560400.0,265560400.0
Unum Group,UNM,549300E32YFDO6TZ8R31,5513,2013.0,Q1TTM,2012-04-01,2013-03-31,,403100000.0,-800000.0,3.23,3.23,0.5,3.23,,350200000.0,147000000.0,893100000.0,893100000.0,,893100000.0,-147000000.0,2570900000.0,795200000.0,232900000.0,-467300000.0,7725100000.0,6707800000.0,1700600000.0,147000000.0,9138600000.0,10528900000.0,1243300000.0,10381900000.0,269361100.0,269361100.0,269361100.0
Unum Group,UNM,549300E32YFDO6TZ8R31,5513,2013.0,Q1,2013-01-01,2013-03-31,2014-05-08 11:10:09+00:00,123800000.0,-118200000.0,0.79,0.79,0.13,0.79,,91200000.0,37100000.0,212600000.0,212600000.0,,212600000.0,-37100000.0,631400000.0,194000000.0,62500000.0,,1930900000.0,1648500000.0,435800000.0,37100000.0,2283900000.0,2624800000.0,303800000.0,2587700000.0,269361100.0,269361100.0,269361100.0
Unum Group,UNM,549300E32YFDO6TZ8R31,5513,2014.0,FY,2014-01-01,2014-12-31,2017-02-22 15:30:07+00:00,440800000.0,,1.57,1.57,0.62,1.57,,139900000.0,167500000.0,402100000.0,402100000.0,,402100000.0,-167500000.0,2508300000.0,831200000.0,219000000.0,-524000000.0,7797200000.0,7310800000.0,1756200000.0,167500000.0,9815000000.0,10524500000.0,542000000.0,10357000000.0,255525900.0,255525900.0,255525900.0
Unum Group,UNM,549300E32YFDO6TZ8R31,5513,2014.0,Q4,2014-10-01,2014-12-31,,107900000.0,,-1.12,-1.09,0.48,-1.08,,-172400000.0,38500000.0,-282200000.0,-282200000.0,,-282200000.0,-38500000.0,615400000.0,265200000.0,55700000.0,-142400000.0,1967900000.0,2372500000.0,451900000.0,38500000.0,3055100000.0,2639000000.0,-454600000.0,2600500000.0,255525900.0,255525900.0,255525900.0
Unum Group,UNM,549300E32YFDO6TZ8R31,5513,2014.0,Q3YTD,2014-01-01,2014-09-30,,332900000.0,,2.69,2.66,0.15,2.65,,312300000.0,129000000.0,684300000.0,684300000.0,,684300000.0,-129000000.0,1892900000.0,566000000.0,163300000.0,-381600000.0,5829300000.0,4938300000.0,1304300000.0,129000000.0,6759900000.0,7885500000.0,996600000.0,7756500000.0,253586100.0,253586100.0,253586100.0
Unum Group,UNM,549300E32YFDO6TZ8R31,5513,2014.0,Q3TTM,2013-10-01,2014-09-30,,428100000.0,118200000.0,3.54,3.47,0.57,3.45,,422800000.0,166600000.0,894400000.0,894400000.0,,894400000.0,-166600000.0,2520300000.0,731600000.0,220100000.0,-617300000.0,7720000000.0,6582100000.0,1733900000.0,166600000.0,8976600000.0,10460400000.0,1317200000.0,10293800000.0,253586100.0,253586100.0,253586100.0
Unum Group,UNM,549300E32YFDO6TZ8R31,5513,2014.0,Q3,2014-07-01,2014-09-30,2015-10-29 11:10:11+00:00,107900000.0,,0.87,0.86,,0.86,,97900000.0,38400000.0,219100000.0,219100000.0,,219100000.0,-38400000.0,612500000.0,187100000.0,54600000.0,-127800000.0,1947200000.0,1653600000.0,438100000.0,38400000.0,2258900000.0,2614300000.0,317000000.0,2575900000.0,253586100.0,253586100.0,253586100.0
Unum Group,UNM,549300E32YFDO6TZ8R31,5513,2014.0,Q2YTD,2014-01-01,2014-06-30,,225000000.0,,1.82,1.8,0.15,1.79,,214400000.0,90600000.0,465200000.0,465200000.0,,465200000.0,-90600000.0,1280400000.0,378900000.0,108700000.0,-253800000.0,3882100000.0,3284700000.0,866200000.0,90600000.0,4501000000.0,5271200000.0,679600000.0,5180600000.0,256790200.0,256790200.0,256790200.0
Unum Group,UNM,549300E32YFDO6TZ8R31,5513,2014.0,Q2TTM,2013-07-01,2014-06-30,,418800000.0,118200000.0,3.45,3.39,0.57,3.37,,403300000.0,165600000.0,881000000.0,881000000.0,,881000000.0,-165600000.0,2523300000.0,748800000.0,219700000.0,-607300000.0,7670100000.0,6570100000.0,1714600000.0,165600000.0,8963200000.0,10413100000.0,1284300000.0,10247500000.0,256790200.0,256790200.0,256790200.0
Unum Group,UNM,549300E32YFDO6TZ8R31,5513,2014.0,Q2,2014-04-01,2014-06-30,2015-07-30 10:10:15+00:00,106400000.0,,0.94,0.93,,0.93,,110400000.0,52700000.0,239400000.0,239400000.0,,239400000.0,-52700000.0,658300000.0,190100000.0,54900000.0,-124800000.0,1943600000.0,1653400000.0,429200000.0,52700000.0,2254300000.0,2656800000.0,349800000.0,2604100000.0,256790200.0,256790200.0,256790200.0
Unum Group,UNM,549300E32YFDO6TZ8R31,5513,2014.0,Q1TTM,2013-04-01,2014-03-31,,413700000.0,118200000.0,3.33,3.28,0.57,3.26,,385800000.0,150200000.0,860200000.0,860200000.0,,860200000.0,-150200000.0,2504400000.0,746300000.0,221500000.0,-595800000.0,7632300000.0,6578500000.0,1701100000.0,150200000.0,8962000000.0,10358200000.0,1246000000.0,10208000000.0,259408500.0,259408500.0,259408500.0
Unum Group,UNM,549300E32YFDO6TZ8R31,5513,2014.0,Q1,2014-01-01,2014-03-31,2015-04-30 10:31:13+00:00,118600000.0,,0.88,0.87,0.145,0.86,,104000000.0,37900000.0,225800000.0,225800000.0,,225800000.0,-37900000.0,622100000.0,188800000.0,53800000.0,-129000000.0,1938500000.0,1631300000.0,437000000.0,37900000.0,2246700000.0,2614400000.0,329800000.0,2576500000.0,259408500.0,259408500.0,259408500.0
Unum Group,UNM,549300E32YFDO6TZ8R31,5513,2015.0,FY,2015-01-01,2015-12-31,2018-02-21 17:08:06+00:00,482300000.0,,3.51,3.51,0.7,3.5,,371200000.0,152800000.0,867100000.0,867100000.0,,867100000.0,-152800000.0,2437400000.0,813400000.0,211500000.0,-569700000.0,8082400000.0,6782800000.0,1831400000.0,152800000.0,9340200000.0,10731300000.0,1238300000.0,10578500000.0,246986700.0,246986700.0,246986700.0
Unum Group,UNM,549300E32YFDO6TZ8R31,5513,2015.0,Q4,2015-10-01,2015-12-31,,106900000.0,,0.93,0.93,0.53,0.93,,90500000.0,38900000.0,226100000.0,226100000.0,,226100000.0,-38900000.0,633700000.0,209800000.0,50900000.0,-144600000.0,2037800000.0,1735200000.0,459600000.0,38900000.0,2366900000.0,2722400000.0,316600000.0,2683500000.0,246986700.0,246986700.0,246986700.0
Unum Group,UNM,549300E32YFDO6TZ8R31,5513,2015.0,Q3,2015-07-01,2015-09-30,2016-10-27 10:57:21+00:00,117000000.0,,0.83,0.83,,0.83,,95100000.0,38100000.0,203800000.0,203800000.0,,203800000.0,-38100000.0,585500000.0,200100000.0,51500000.0,-139400000.0,2020800000.0,1690900000.0,452200000.0,38100000.0,2320800000.0,2657800000.0,298900000.0,2619700000.0,245400000.0,245400000.0,245400000.0
Unum Group,UNM,549300E32YFDO6TZ8R31,5513,2015.0,Q3YTD,2015-01-01,2015-09-30,,375400000.0,,2.58,2.58,0.17,2.57,,280700000.0,113900000.0,641000000.0,641000000.0,,641000000.0,-113900000.0,1803700000.0,603600000.0,160600000.0,-425100000.0,6044600000.0,5047600000.0,1371800000.0,113900000.0,6973300000.0,8008900000.0,921700000.0,7895000000.0,245400000.0,245400000.0,245400000.0
Unum Group,UNM,549300E32YFDO6TZ8R31,5513,2015.0,Q3TTM,2014-10-01,2015-09-30,,483300000.0,,1.46,1.49,0.64,1.49,,108300000.0,152400000.0,358800000.0,358800000.0,,358800000.0,-152400000.0,2419100000.0,868800000.0,216300000.0,-567500000.0,8012500000.0,7420100000.0,1823700000.0,152400000.0,10028400000.0,10647900000.0,467100000.0,10495500000.0,245400000.0,245400000.0,245400000.0
Unum Group,UNM,549300E32YFDO6TZ8R31,5513,2015.0,Q2,2015-04-01,2015-06-30,2016-07-28 11:11:27+00:00,124100000.0,,0.9,0.9,,0.9,,95500000.0,38000000.0,224300000.0,224300000.0,,224300000.0,-38000000.0,631500000.0,210100000.0,54700000.0,-140700000.0,2017500000.0,1702800000.0,449600000.0,38000000.0,2345900000.0,2703700000.0,319800000.0,2665700000.0,248318600.0,248318600.0,248318600.0
Unum Group,UNM,549300E32YFDO6TZ8R31,5513,2015.0,Q2YTD,2015-01-01,2015-06-30,,258400000.0,,1.75,1.75,0.17,1.74,,185600000.0,75800000.0,437200000.0,437200000.0,,437200000.0,-75800000.0,1218200000.0,403500000.0,109100000.0,-285700000.0,4023800000.0,3356700000.0,919600000.0,75800000.0,4652500000.0,5351100000.0,622800000.0,5275300000.0,248318600.0,248318600.0,248318600.0
Unum Group,UNM,549300E32YFDO6TZ8R31,5513,2015.0,Q2TTM,2014-07-01,2015-06-30,,474200000.0,,1.5,1.52,0.64,1.52,,111100000.0,152700000.0,374100000.0,374100000.0,,374100000.0,-152700000.0,2446100000.0,855800000.0,219400000.0,-555900000.0,7938900000.0,7382800000.0,1809600000.0,152700000.0,9966500000.0,10604400000.0,485200000.0,10451700000.0,248318600.0,248318600.0,248318600.0
Unum Group,UNM,549300E32YFDO6TZ8R31,5513,2015.0,Q1,2015-01-01,2015-03-31,2016-04-28 11:49:14+00:00,134300000.0,,0.85,0.85,0.165,0.84,,90100000.0,37800000.0,212900000.0,212900000.0,,212900000.0,-37800000.0,586700000.0,193400000.0,54400000.0,-145000000.0,2006300000.0,1653900000.0,470000000.0,37800000.0,2306600000.0,2647400000.0,303000000.0,2609600000.0,251467400.0,251467400.0,251467400.0
Unum Group,UNM,549300E32YFDO6TZ8R31,5513,2015.0,Q1TTM,2014-04-01,2015-03-31,,456500000.0,,1.54,1.55,0.64,1.55,,126000000.0,167400000.0,389200000.0,389200000.0,,389200000.0,-167400000.0,2472900000.0,835800000.0,219600000.0,-540000000.0,7865000000.0,7333400000.0,1789200000.0,167400000.0,9874900000.0,10557500000.0,515200000.0,10390100000.0,251467400.0,251467400.0,251467400.0
Unum Group,UNM,549300E32YFDO6TZ8R31,5513,2016.0,FY,2016-01-01,2016-12-31,2019-02-19 16:37:08+00:00,493000000.0,,3.96,3.96,0.77,3.95,30500000.0,416300000.0,166000000.0,931400000.0,931400000.0,,931400000.0,-166000000.0,2513700000.0,824600000.0,205600000.0,-592400000.0,8357700000.0,6941800000.0,1865800000.0,166000000.0,9563300000.0,11077000000.0,1347700000.0,10911000000.0,235445700.0,235445700.0,235445700.0
Unum Group,UNM,549300E32YFDO6TZ8R31,5513,2016.0,Q4,2016-10-01,2016-12-31,,115800000.0,,1.07,1.07,0.59,1.06,30500000.0,123200000.0,39800000.0,248000000.0,248000000.0,,248000000.0,-39800000.0,676800000.0,205700000.0,51000000.0,-145400000.0,2099200000.0,1735900000.0,473500000.0,39800000.0,2416000000.0,2827000000.0,371200000.0,2787200000.0,235445700.0,235445700.0,235445700.0
Unum Group,UNM,549300E32YFDO6TZ8R31,5513,2016.0,Q3,2016-07-01,2016-09-30,2017-10-26 11:53:20+00:00,118800000.0,,1.01,1.01,,1.01,,96100000.0,45200000.0,236000000.0,236000000.0,,236000000.0,-45200000.0,622400000.0,205500000.0,51500000.0,-147800000.0,2089400000.0,1742600000.0,466900000.0,45200000.0,2386000000.0,2763300000.0,332100000.0,2718100000.0,233752000.0,233752000.0,233752000.0
Unum Group,UNM,549300E32YFDO6TZ8R31,5513,2016.0,Q3YTD,2016-01-01,2016-09-30,,377200000.0,,2.89,2.89,0.19,2.89,,293100000.0,126200000.0,683400000.0,683400000.0,,683400000.0,-126200000.0,1836900000.0,618900000.0,154600000.0,-447000000.0,6258500000.0,5205900000.0,1392300000.0,126200000.0,7147300000.0,8250000000.0,976500000.0,8123800000.0,233752000.0,233752000.0,233752000.0
Unum Group,UNM,549300E32YFDO6TZ8R31,5513,2016.0,Q3TTM,2015-10-01,2016-09-30,,484100000.0,,3.82,3.82,0.72,3.82,,383600000.0,165100000.0,909500000.0,909500000.0,,909500000.0,-165100000.0,2470600000.0,828700000.0,205500000.0,-591600000.0,8296300000.0,6941100000.0,1851900000.0,165100000.0,9514200000.0,10972400000.0,1293100000.0,10807300000.0,233752000.0,233752000.0,233752000.0
Unum Group,UNM,549300E32YFDO6TZ8R31,5513,2016.0,Q2,2016-04-01,2016-06-30,2017-07-28 09:47:33+00:00,126200000.0,,1.0,1.0,,1.0,,103400000.0,42400000.0,236800000.0,236800000.0,,236800000.0,-42400000.0,628600000.0,207800000.0,51100000.0,-146700000.0,2081600000.0,1733500000.0,457900000.0,42400000.0,2378700000.0,2761300000.0,340200000.0,2718900000.0,236892800.0,236892800.0,236892800.0
Unum Group,UNM,549300E32YFDO6TZ8R31,5513,2016.0,Q2YTD,2016-01-01,2016-06-30,,258400000.0,,1.88,1.88,0.19,1.88,,197000000.0,81000000.0,447400000.0,447400000.0,,447400000.0,-81000000.0,1214500000.0,413400000.0,103100000.0,-299200000.0,4169100000.0,3463300000.0,925400000.0,81000000.0,4761300000.0,5486700000.0,644400000.0,5405700000.0,236892800.0,236892800.0,236892800.0
Unum Group,UNM,549300E32YFDO6TZ8R31,5513,2016.0,Q2TTM,2015-07-01,2016-06-30,,482300000.0,,3.64,3.64,0.72,3.64,,382600000.0,158000000.0,877300000.0,877300000.0,,877300000.0,-158000000.0,2433700000.0,823300000.0,205500000.0,-583200000.0,8227700000.0,6889400000.0,1837200000.0,158000000.0,9449000000.0,10866900000.0,1259900000.0,10708900000.0,236892800.0,236892800.0,236892800.0
Unum Group,UNM,549300E32YFDO6TZ8R31,5513,2016.0,Q1,2016-01-01,2016-03-31,2017-04-27 11:14:44+00:00,132200000.0,,0.88,0.88,0.185,0.88,,93600000.0,38600000.0,210600000.0,210600000.0,,210600000.0,-38600000.0,585900000.0,205600000.0,52000000.0,-152500000.0,2087500000.0,1729800000.0,467500000.0,38600000.0,2382600000.0,2725400000.0,304200000.0,2686800000.0,239619400.0,239619400.0,239619400.0
Unum Group,UNM,549300E32YFDO6TZ8R31,5513,2016.0,Q1TTM,2015-04-01,2016-03-31,,480200000.0,,3.54,3.54,0.72,3.54,,374700000.0,153600000.0,864800000.0,864800000.0,,864800000.0,-153600000.0,2436600000.0,825600000.0,209100000.0,-577200000.0,8163600000.0,6858700000.0,1828900000.0,153600000.0,9416200000.0,10809300000.0,1239500000.0,10655700000.0,239619400.0,239619400.0,239619400.0
Unum Group,UNM,549300E32YFDO6TZ8R31,5513,2017.0,FY,2017-01-01,2017-12-31,2020-02-18 16:33:40+00:00,527100000.0,,4.39,4.39,0.86,4.37,8100000.0,409800000.0,159900000.0,994200000.0,994200000.0,,994200000.0,-159900000.0,2500100000.0,855000000.0,197700000.0,-628000000.0,8597100000.0,7055700000.0,1913100000.0,159900000.0,9731000000.0,11294900000.0,1404000000.0,11135000000.0,226492400.0,226492400.0,226492400.0
Unum Group,UNM,549300E32YFDO6TZ8R31,5513,2017.0,Q4,2017-10-01,2017-12-31,,123600000.0,,1.19,1.19,0.66,1.18,8100000.0,78400000.0,40100000.0,266900000.0,266900000.0,,266900000.0,-40100000.0,639300000.0,230400000.0,49600000.0,-157900000.0,2158400000.0,1789100000.0,468600000.0,40100000.0,2461900000.0,2847300000.0,345300000.0,2807200000.0,226492400.0,226492400.0,226492400.0
Unum Group,UNM,549300E32YFDO6TZ8R31,5513,2017.0,Q3,2017-07-01,2017-09-30,2018-10-25 11:38:38+00:00,123700000.0,,1.12,1.12,,1.12,0.0,114500000.0,40100000.0,252300000.0,252300000.0,,252300000.0,-40100000.0,618800000.0,191500000.0,46700000.0,-154800000.0,2153600000.0,1765600000.0,486200000.0,40100000.0,2412200000.0,2819100000.0,366800000.0,2779000000.0,225288100.0,225288100.0,225288100.0
Unum Group,UNM,549300E32YFDO6TZ8R31,5513,2017.0,Q3YTD,2017-01-01,2017-09-30,,403500000.0,,3.2,3.2,0.2,3.19,,331400000.0,119800000.0,727300000.0,727300000.0,,727300000.0,-119800000.0,1860800000.0,624600000.0,148100000.0,-470100000.0,6438700000.0,5266600000.0,1444500000.0,119800000.0,7269100000.0,8447600000.0,1058700000.0,8327800000.0,225288100.0,225288100.0,225288100.0
Unum Group,UNM,549300E32YFDO6TZ8R31,5513,2017.0,Q3TTM,2016-10-01,2017-09-30,,519300000.0,,4.27,4.27,0.78,4.25,30500000.0,454600000.0,159600000.0,975300000.0,975300000.0,,975300000.0,-159600000.0,2537600000.0,830300000.0,199100000.0,-615500000.0,8537900000.0,7002500000.0,1918000000.0,159600000.0,9685100000.0,11274600000.0,1429900000.0,11115000000.0,225288100.0,225288100.0,225288100.0
Unum Group,UNM,549300E32YFDO6TZ8R31,5513,2017.0,Q2,2017-04-01,2017-06-30,2018-07-31 11:42:15+00:00,138300000.0,,1.08,1.08,,1.07,0.0,116500000.0,39900000.0,245100000.0,245100000.0,,245100000.0,-39900000.0,628600000.0,204300000.0,51200000.0,-153200000.0,2142200000.0,1752000000.0,479100000.0,39900000.0,2420500000.0,2822000000.0,361600000.0,2782100000.0,227454400.0,227454400.0,227454400.0
Unum Group,UNM,549300E32YFDO6TZ8R31,5513,2017.0,Q2YTD,2017-01-01,2017-06-30,,279800000.0,,2.08,2.08,0.2,2.07,,216900000.0,79700000.0,475000000.0,475000000.0,,475000000.0,-79700000.0,1242000000.0,433100000.0,101400000.0,-315300000.0,4285100000.0,3501000000.0,958300000.0,79700000.0,4856900000.0,5628500000.0,691900000.0,5548800000.0,227454400.0,227454400.0,227454400.0
Unum Group,UNM,549300E32YFDO6TZ8R31,5513,2017.0,Q2TTM,2016-07-01,2017-06-30,,514400000.0,,4.16,4.16,0.78,4.14,30500000.0,436200000.0,164700000.0,959000000.0,959000000.0,,959000000.0,-164700000.0,2541200000.0,844300000.0,203900000.0,-608500000.0,8473700000.0,6979500000.0,1898700000.0,164700000.0,9658900000.0,11218800000.0,1395200000.0,11054100000.0,227454400.0,227454400.0,227454400.0
Unum Group,UNM,549300E32YFDO6TZ8R31,5513,2017.0,Q1,2017-01-01,2017-03-31,2018-05-02 11:39:53+00:00,141500000.0,,1.0,1.0,0.2,1.0,,100400000.0,39800000.0,229900000.0,229900000.0,,229900000.0,-39800000.0,613400000.0,228800000.0,50200000.0,-162100000.0,2142900000.0,1749000000.0,479200000.0,39800000.0,2436400000.0,2806500000.0,330300000.0,2766700000.0,229429600.0,229429600.0,229429600.0
Unum Group,UNM,549300E32YFDO6TZ8R31,5513,2017.0,Q1TTM,2016-04-01,2017-03-31,,502300000.0,,4.08,4.08,0.78,4.07,30500000.0,423100000.0,167200000.0,950700000.0,950700000.0,,950700000.0,-167200000.0,2541200000.0,847800000.0,203800000.0,-602000000.0,8413100000.0,6961000000.0,1877500000.0,167200000.0,9617100000.0,11158100000.0,1373800000.0,10990900000.0,229429600.0,229429600.0,229429600.0
Unum Group,UNM,549300E32YFDO6TZ8R31,5513,2018.0,FY,2018-01-01,2018-12-31,2020-02-18 16:33:40+00:00,565500000.0,,2.38,2.38,0.98,2.38,17500000.0,104400000.0,167300000.0,523400000.0,523400000.0,,523400000.0,-167300000.0,2431700000.0,891200000.0,198200000.0,-668000000.0,8986100000.0,8020400000.0,1994300000.0,167300000.0,10820900000.0,11616000000.0,627800000.0,11448700000.0,219635600.0,219635600.0,219635600.0
Unum Group,UNM,549300E32YFDO6TZ8R31,5513,2018.0,Q4,2018-10-01,2018-12-31,,136900000.0,,1.16,1.16,0.26,1.16,16500000.0,60600000.0,42000000.0,249100000.0,249100000.0,,249100000.0,-42000000.0,582500000.0,233300000.0,50300000.0,-166200000.0,2263300000.0,1829500000.0,495600000.0,42000000.0,2545600000.0,2896100000.0,309700000.0,2854100000.0,219635600.0,219635600.0,219635600.0
Unum Group,UNM,549300E32YFDO6TZ8R31,5513,2018.0,Q3,2018-07-01,2018-09-30,2019-10-30 12:52:23+00:00,136900000.0,,-1.3,-1.3,0.26,-1.3,0.0,-93100000.0,42700000.0,-284700000.0,-284700000.0,,-284700000.0,-42700000.0,625900000.0,212900000.0,50100000.0,-166800000.0,2251800000.0,2578900000.0,501000000.0,42700000.0,3262900000.0,2927800000.0,-377800000.0,2885100000.0,218892800.0,218892800.0,218892800.0
Unum Group,UNM,549300E32YFDO6TZ8R31,5513,2018.0,Q3YTD,2018-01-01,2018-09-30,,428600000.0,,1.22,1.22,0.72,1.22,1000000.0,43800000.0,125300000.0,274300000.0,274300000.0,,274300000.0,-125300000.0,1849200000.0,657900000.0,147900000.0,-501800000.0,6722800000.0,6190900000.0,1498700000.0,125300000.0,8275300000.0,8719900000.0,318100000.0,8594600000.0,218892800.0,218892800.0,218892800.0
Unum Group,UNM,549300E32YFDO6TZ8R31,5513,2018.0,Q3TTM,2017-10-01,2018-09-30,,552200000.0,,2.41,2.41,1.38,2.4,9100000.0,122200000.0,165400000.0,541200000.0,541200000.0,,541200000.0,-165400000.0,2488500000.0,888300000.0,197500000.0,-659700000.0,8881200000.0,7980000000.0,1967300000.0,165400000.0,10737200000.0,11567200000.0,663400000.0,11401800000.0,218892800.0,218892800.0,218892800.0
Unum Group,UNM,549300E32YFDO6TZ8R31,5513,2018.0,Q2,2018-04-01,2018-06-30,2019-07-31 11:52:35+00:00,140200000.0,,1.29,1.29,0.23,1.29,0.0,69300000.0,42400000.0,285500000.0,285500000.0,,285500000.0,-42400000.0,621000000.0,220800000.0,48300000.0,-165700000.0,2221000000.0,1804100000.0,493700000.0,42400000.0,2493100000.0,2890300000.0,354800000.0,2847900000.0,220776700.0,220776700.0,220776700.0
Unum Group,UNM,549300E32YFDO6TZ8R31,5513,2018.0,Q2YTD,2018-01-01,2018-06-30,,291700000.0,,2.52,2.52,0.46,2.52,1000000.0,136900000.0,82600000.0,559000000.0,559000000.0,,559000000.0,-82600000.0,1223300000.0,445000000.0,97800000.0,-335000000.0,4471000000.0,3612000000.0,997700000.0,82600000.0,5012400000.0,5792100000.0,695900000.0,5709500000.0,220776700.0,220776700.0,220776700.0
Unum Group,UNM,549300E32YFDO6TZ8R31,5513,2018.0,Q2TTM,2017-07-01,2018-06-30,,539000000.0,,4.83,4.83,1.12,4.82,9100000.0,329800000.0,162800000.0,1078200000.0,1078200000.0,,1078200000.0,-162800000.0,2481400000.0,866900000.0,194100000.0,-647700000.0,8783000000.0,7166700000.0,1952500000.0,162800000.0,9886500000.0,11458500000.0,1408000000.0,11295700000.0,220776700.0,220776700.0,220776700.0
Unum Group,UNM,549300E32YFDO6TZ8R31,5513,2018.0,Q1,2018-01-01,2018-03-31,2019-05-01 11:37:04+00:00,151500000.0,,1.23,1.23,0.23,1.23,1000000.0,67600000.0,40200000.0,273500000.0,273500000.0,,273500000.0,-40200000.0,602300000.0,224200000.0,49500000.0,-169300000.0,2250000000.0,1807900000.0,504000000.0,40200000.0,2519300000.0,2901800000.0,341100000.0,2861600000.0,221894000.0,221894000.0,221894000.0
Unum Group,UNM,549300E32YFDO6TZ8R31,5513,2018.0,Q1TTM,2017-04-01,2018-03-31,,537100000.0,,4.62,4.62,0.89,4.6,9100000.0,377000000.0,160300000.0,1037800000.0,1037800000.0,,1037800000.0,-160300000.0,2489000000.0,850400000.0,197000000.0,-635200000.0,8704200000.0,7114600000.0,1937900000.0,160300000.0,9813900000.0,11390200000.0,1414800000.0,11229900000.0,221894000.0,221894000.0,221894000.0
Unum Group,UNM,549300E32YFDO6TZ8R31,5513,2019.0,Q4,2019-10-01,2019-12-31,,141400000.0,,1.45,1.45,0.29,1.44,4500000.0,81200000.0,46600000.0,296200000.0,296200000.0,,296200000.0,-46600000.0,656300000.0,275400000.0,56500000.0,-154000000.0,2352600000.0,1881300000.0,491700000.0,46600000.0,2640300000.0,3065400000.0,377400000.0,3018800000.0,209728900.0,209728900.0,209728900.0
Unum Group,UNM,549300E32YFDO6TZ8R31,5513,2019.0,FY,2019-01-01,2019-12-31,2020-02-18 16:33:40+00:00,609900000.0,,5.25,5.25,1.09,5.24,25300000.0,281800000.0,177400000.0,1100300000.0,1100300000.0,,1100300000.0,-177400000.0,2437400000.0,970900000.0,221200000.0,-658600000.0,9365600000.0,7496200000.0,2021000000.0,177400000.0,10464700000.0,12024200000.0,1382100000.0,11846800000.0,209728900.0,209728900.0,209728900.0
Unum Group,UNM,549300E32YFDO6TZ8R31,5513,2019.0,Q3YTD,2019-01-01,2019-09-30,,468500000.0,,3.8,3.8,0.81,3.8,20800000.0,200600000.0,130800000.0,804100000.0,804100000.0,,804100000.0,-130800000.0,1781100000.0,695500000.0,164700000.0,-504600000.0,7013000000.0,5614900000.0,1529300000.0,130800000.0,7824400000.0,8958800000.0,1004700000.0,8828000000.0,208097800.0,208097800.0,208097800.0
Unum Group,UNM,549300E32YFDO6TZ8R31,5513,2019.0,Q3TTM,2018-10-01,2019-09-30,,605400000.0,,4.96,4.96,1.07,4.96,37300000.0,261200000.0,172800000.0,1053200000.0,1053200000.0,,1053200000.0,-172800000.0,2363600000.0,928800000.0,215000000.0,-670800000.0,9276300000.0,7444400000.0,2024900000.0,172800000.0,10370000000.0,11854900000.0,1314400000.0,11682100000.0,208097800.0,208097800.0,208097800.0
Unum Group,UNM,549300E32YFDO6TZ8R31,5513,2019.0,Q3,2019-07-01,2019-09-30,2019-10-30 12:52:23+00:00,146300000.0,,1.16,1.16,0.285,1.16,20800000.0,57400000.0,46100000.0,242000000.0,242000000.0,,242000000.0,-46100000.0,568800000.0,227700000.0,55600000.0,-160600000.0,2331200000.0,1871500000.0,504400000.0,46100000.0,2610100000.0,2955600000.0,299400000.0,2909500000.0,208097800.0,208097800.0,208097800.0
Unum Group,UNM,549300E32YFDO6TZ8R31,5513,2019.0,Q2YTD,2019-01-01,2019-06-30,,322200000.0,,2.64,2.64,0.52,2.64,,143200000.0,84700000.0,562100000.0,562100000.0,,562100000.0,-84700000.0,1212300000.0,467800000.0,109100000.0,-344000000.0,4681800000.0,3743400000.0,1024900000.0,84700000.0,5214300000.0,6003200000.0,705300000.0,5918500000.0,211068700.0,211068700.0,211068700.0
Unum Group,UNM,549300E32YFDO6TZ8R31,5513,2019.0,Q2TTM,2018-07-01,2019-06-30,,596000000.0,,2.5,2.5,1.04,2.5,16500000.0,110700000.0,169400000.0,526500000.0,526500000.0,,526500000.0,-169400000.0,2420700000.0,914000000.0,209500000.0,-677000000.0,9196900000.0,8151800000.0,2021500000.0,169400000.0,11022800000.0,11827100000.0,637200000.0,11657700000.0,211068700.0,211068700.0,211068700.0
Unum Group,UNM,549300E32YFDO6TZ8R31,5513,2019.0,Q2,2019-04-01,2019-06-30,2019-07-31 11:52:35+00:00,151600000.0,,1.33,1.33,0.26,1.33,0.0,70800000.0,42600000.0,281200000.0,281200000.0,,281200000.0,-42600000.0,617600000.0,229900000.0,56000000.0,-170300000.0,2343100000.0,1902600000.0,508300000.0,42600000.0,2622100000.0,3016700000.0,352000000.0,2974100000.0,211068700.0,211068700.0,211068700.0
Unum Group,UNM,549300E32YFDO6TZ8R31,5513,2019.0,Q1,2019-01-01,2019-03-31,2020-05-05 16:13:44+00:00,170600000.0,,1.31,1.31,0.26,1.31,,72400000.0,42100000.0,280900000.0,280900000.0,,280900000.0,-42100000.0,594700000.0,237900000.0,53100000.0,-173700000.0,2338700000.0,1840800000.0,516600000.0,42100000.0,2592200000.0,2986500000.0,353300000.0,2944400000.0,214297100.0,214297100.0,214297100.0
Unum Group,UNM,549300E32YFDO6TZ8R31,5513,2019.0,Q1TTM,2018-04-01,2019-03-31,,584600000.0,,2.46,2.46,1.01,2.46,16500000.0,109200000.0,169200000.0,530800000.0,530800000.0,,530800000.0,-169200000.0,2424100000.0,904900000.0,201800000.0,-672400000.0,9074800000.0,8053300000.0,2006900000.0,169200000.0,10893800000.0,11700700000.0,640000000.0,11531500000.0,214297100.0,214297100.0,214297100.0
Unum Group,UNM,549300E32YFDO6TZ8R31,5513,2020.0,Q1TTM,2019-04-01,2020-03-31,,615500000.0,,4.73,4.73,1.12,4.72,25300000.0,250500000.0,181000000.0,980400000.0,980400000.0,,980400000.0,-181000000.0,2427700000.0,1112600000.0,226800000.0,-646900000.0,9398300000.0,7510200000.0,2023100000.0,181000000.0,10639800000.0,12052800000.0,1230900000.0,11871800000.0,203306000.0,203306000.0,203306000.0
Unum Group,UNM,549300E32YFDO6TZ8R31,5513,2020.0,Q1,2020-01-01,2020-03-31,2020-05-05 16:13:44+00:00,176200000.0,,0.79,0.79,0.285,0.79,,41100000.0,45700000.0,161000000.0,161000000.0,,161000000.0,-45700000.0,585000000.0,379600000.0,58700000.0,-162000000.0,2371400000.0,1854800000.0,518700000.0,45700000.0,2767300000.0,3015100000.0,202100000.0,2969400000.0,203306000.0,203306000.0,203306000.0
