company_name,company_ticker,company_lei,company_cik,year,quarter,start_date,end_date,filing_date,basicdilutedeps,basiceps,cashdividendspershare,depreciationexpense,dilutedeps,incometaxexpense,longtermdebtinterestexpense,netincome,netincomecontinuing,netincomediscontinued,netincometocommon,netincometononcontrollinginterest,netinterestincome,nonoperatingincome,othernoninterestincome,otheroperatingexpenses,propertyliabilityinsuranceclaims,servicechargesondepositsincome,totalinterestexpense,totalnoninterestexpense,totalnoninterestincome,totalpretaxincome,totalrevenue,weightedavebasicdilutedsharesos,weightedavebasicsharesos,weightedavedilutedsharesos
Equifax Inc,EFX,5493004MCF8JDC86VS77,33185,2008.0,FY,2008-01-01,2008-12-31,2011-02-23 16:27:44+00:00,2.13,2.13,0.16,142200000.0,2.09,119000000.0,71300000.0,279000000.0,254900000.0,24100000.0,272800000.0,6200000.0,-71300000.0,6200000.0,1813600000.0,1232400000.0,,,71300000.0,1374600000.0,1813600000.0,373900000.0,1742300000.0,128100000.0,128100000.0,130400000.0
Equifax Inc,EFX,5493004MCF8JDC86VS77,33185,2009.0,Q4,2009-10-01,2009-12-31,,0.48,0.48,0.04,36700000.0,0.46,11100000.0,14100000.0,61900000.0,54100000.0,7800000.0,60200000.0,1700000.0,-14100000.0,500000.0,-1300700000.0,299800000.0,,1716000000.0,14100000.0,336500000.0,415300000.0,65200000.0,401200000.0,126400000.0,126300000.0,127900000.0
Equifax Inc,EFX,5493004MCF8JDC86VS77,33185,2009.0,FY,2009-01-01,2009-12-31,2012-02-23 17:06:26+00:00,1.85,1.85,0.16,145200000.0,1.83,106600000.0,57000000.0,240500000.0,224400000.0,16100000.0,233900000.0,6600000.0,-57000000.0,6200000.0,,1189000000.0,,1716000000.0,57000000.0,1334200000.0,1716000000.0,331000000.0,1659000000.0,126400000.0,126300000.0,127900000.0
Equifax Inc,EFX,5493004MCF8JDC86VS77,33185,2009.0,Q3YTD,2009-01-01,2009-09-30,,1.37,1.37,0.12,108500000.0,1.37,95500000.0,42900000.0,178600000.0,170300000.0,8300000.0,173700000.0,4900000.0,-42900000.0,5700000.0,1300700000.0,889200000.0,,,42900000.0,997700000.0,1300700000.0,265800000.0,1257800000.0,127000000.0,126400000.0,128000000.0
Equifax Inc,EFX,5493004MCF8JDC86VS77,33185,2009.0,Q3,2009-07-01,2009-09-30,2010-10-28 16:33:21+00:00,0.47,0.47,0.04,36300000.0,0.47,28700000.0,14100000.0,61400000.0,57400000.0,4000000.0,59700000.0,1700000.0,-14100000.0,200000.0,425000000.0,288700000.0,,,14100000.0,325000000.0,425000000.0,86100000.0,410900000.0,127000000.0,126400000.0,128000000.0
Equifax Inc,EFX,5493004MCF8JDC86VS77,33185,2009.0,Q2YTD,2009-01-01,2009-06-30,,0.9,0.9,0.08,72200000.0,0.9,66800000.0,28800000.0,117200000.0,112900000.0,4300000.0,114000000.0,3200000.0,-28800000.0,5500000.0,875700000.0,600500000.0,,,28800000.0,672700000.0,875700000.0,179700000.0,846900000.0,126800000.0,126300000.0,127800000.0
Equifax Inc,EFX,5493004MCF8JDC86VS77,33185,2009.0,Q2,2009-04-01,2009-06-30,2010-07-29 17:05:23+00:00,0.47,0.47,0.04,35600000.0,0.47,32700000.0,14500000.0,61100000.0,57900000.0,3200000.0,59600000.0,1500000.0,-14500000.0,3100000.0,429100000.0,291500000.0,,,14500000.0,327100000.0,429100000.0,90600000.0,414600000.0,126800000.0,126300000.0,127800000.0
Equifax Inc,EFX,5493004MCF8JDC86VS77,33185,2009.0,Q1,2009-01-01,2009-03-31,2010-04-29 16:57:27+00:00,0.43,0.43,0.04,36600000.0,0.43,34100000.0,14300000.0,56100000.0,55000000.0,1100000.0,54400000.0,1700000.0,-14300000.0,2400000.0,446600000.0,309000000.0,,,14300000.0,345600000.0,446600000.0,89100000.0,432300000.0,126500000.0,126200000.0,127400000.0
Equifax Inc,EFX,5493004MCF8JDC86VS77,33185,2010.0,Q4,2010-10-01,2010-12-31,,0.5,0.5,0.16,40200000.0,0.5,30900000.0,13800000.0,64000000.0,61900000.0,2100000.0,62200000.0,1800000.0,-13800000.0,300000.0,,317200000.0,,463700000.0,13800000.0,357400000.0,463700000.0,92800000.0,449900000.0,124600000.0,124800000.0,126500000.0
Equifax Inc,EFX,5493004MCF8JDC86VS77,33185,2010.0,FY,2010-01-01,2010-12-31,2013-02-22 15:17:43+00:00,2.14,2.14,0.28,162200000.0,2.11,131900000.0,56100000.0,274800000.0,243300000.0,31500000.0,266700000.0,8100000.0,-56100000.0,1300000.0,,1267300000.0,,1859500000.0,56100000.0,1429500000.0,1859500000.0,375200000.0,1803400000.0,124600000.0,124800000.0,126500000.0
Equifax Inc,EFX,5493004MCF8JDC86VS77,33185,2010.0,Q3YTD,2010-01-01,2010-09-30,,1.64,1.64,0.12,122000000.0,1.61,101000000.0,42300000.0,210800000.0,181400000.0,29400000.0,204500000.0,6300000.0,-42300000.0,1000000.0,,950100000.0,,1395800000.0,42300000.0,1072100000.0,1395800000.0,282400000.0,1353500000.0,123400000.0,124300000.0,125800000.0
Equifax Inc,EFX,5493004MCF8JDC86VS77,33185,2010.0,Q3TTM,2009-10-01,2010-09-30,,2.12,2.12,0.16,158700000.0,2.07,112100000.0,56400000.0,272700000.0,235500000.0,37200000.0,264700000.0,8000000.0,-56400000.0,1500000.0,-1300700000.0,1249900000.0,,3111800000.0,56400000.0,1408600000.0,1811100000.0,347600000.0,1754700000.0,123400000.0,124300000.0,125800000.0
Equifax Inc,EFX,5493004MCF8JDC86VS77,33185,2010.0,Q3,2010-07-01,2010-09-30,2011-10-27 16:11:06+00:00,0.62,0.62,0.04,41400000.0,0.61,33300000.0,14000000.0,78800000.0,63600000.0,15200000.0,76500000.0,2300000.0,-14000000.0,700000.0,,322200000.0,,473800000.0,14000000.0,363600000.0,473800000.0,96900000.0,459800000.0,123400000.0,124300000.0,125800000.0
Equifax Inc,EFX,5493004MCF8JDC86VS77,33185,2010.0,Q2YTD,2010-01-01,2010-06-30,,1.02,1.02,0.08,80600000.0,1.0,67700000.0,28300000.0,132000000.0,117800000.0,14200000.0,128000000.0,4000000.0,-28300000.0,300000.0,,627900000.0,,922000000.0,28300000.0,708500000.0,922000000.0,185500000.0,893700000.0,125100000.0,125700000.0,127300000.0
Equifax Inc,EFX,5493004MCF8JDC86VS77,33185,2010.0,Q2TTM,2009-07-01,2010-06-30,,1.97,1.97,0.16,153600000.0,1.93,107500000.0,56500000.0,255300000.0,229300000.0,26000000.0,247900000.0,7400000.0,-56500000.0,1000000.0,-875700000.0,1216400000.0,,2638000000.0,56500000.0,1370000000.0,1762300000.0,336800000.0,1705800000.0,125100000.0,125700000.0,127300000.0
Equifax Inc,EFX,5493004MCF8JDC86VS77,33185,2010.0,Q2,2010-04-01,2010-06-30,2011-07-28 16:45:31+00:00,0.57,0.57,0.04,39700000.0,0.56,32700000.0,14100000.0,73400000.0,59800000.0,13600000.0,71300000.0,2100000.0,-14100000.0,800000.0,,315200000.0,,460700000.0,14100000.0,354900000.0,460700000.0,92500000.0,446600000.0,125100000.0,125700000.0,127300000.0
Equifax Inc,EFX,5493004MCF8JDC86VS77,33185,2010.0,Q1TTM,2009-04-01,2010-03-31,,1.87,1.87,0.16,149500000.0,1.84,107500000.0,56900000.0,243000000.0,227400000.0,15600000.0,236200000.0,6800000.0,-56900000.0,3300000.0,-446600000.0,1192700000.0,,2177300000.0,56900000.0,1342200000.0,1730700000.0,334900000.0,1673800000.0,126000000.0,126300000.0,128100000.0
Equifax Inc,EFX,5493004MCF8JDC86VS77,33185,2010.0,Q1,2010-01-01,2010-03-31,2011-04-28 16:21:20+00:00,0.45,0.45,0.04,39100000.0,0.44,33700000.0,14200000.0,58600000.0,55900000.0,2700000.0,56700000.0,1900000.0,-14200000.0,-500000.0,,299600000.0,,443000000.0,14200000.0,338700000.0,443000000.0,89600000.0,428800000.0,126000000.0,126300000.0,128100000.0
Equifax Inc,EFX,5493004MCF8JDC86VS77,33185,2011.0,Q4,2011-10-01,2011-12-31,,0.61,0.61,0.16,36300000.0,0.6,37400000.0,13900000.0,76000000.0,73100000.0,2900000.0,74400000.0,1600000.0,-13900000.0,1100000.0,-1450100000.0,283500000.0,,1893200000.0,13900000.0,319800000.0,443100000.0,110500000.0,429200000.0,121900000.0,121900000.0,123700000.0
Equifax Inc,EFX,5493004MCF8JDC86VS77,33185,2011.0,FY,2011-01-01,2011-12-31,2014-02-27 19:45:43+00:00,1.91,1.91,0.64,160600000.0,1.88,167100000.0,55100000.0,241700000.0,238800000.0,2900000.0,232900000.0,8800000.0,-55100000.0,-7600000.0,,1264000000.0,,1893200000.0,55100000.0,1424600000.0,1893200000.0,405900000.0,1838100000.0,121900000.0,121900000.0,123700000.0
Equifax Inc,EFX,5493004MCF8JDC86VS77,33185,2011.0,Q3,2011-07-01,2011-09-30,2012-10-25 16:25:37+00:00,0.55,0.55,0.16,40500000.0,0.54,39200000.0,13700000.0,69300000.0,69300000.0,,66700000.0,2600000.0,-13700000.0,600000.0,490400000.0,328300000.0,,,13700000.0,368800000.0,490400000.0,108500000.0,476700000.0,121300000.0,121800000.0,123300000.0
Equifax Inc,EFX,5493004MCF8JDC86VS77,33185,2011.0,Q3YTD,2011-01-01,2011-09-30,,1.3,1.3,0.48,124300000.0,1.28,129700000.0,41200000.0,165700000.0,165700000.0,,158500000.0,7200000.0,-41200000.0,-8700000.0,1450100000.0,980500000.0,,,41200000.0,1104800000.0,1450100000.0,295400000.0,1408900000.0,121300000.0,121800000.0,123300000.0
Equifax Inc,EFX,5493004MCF8JDC86VS77,33185,2011.0,Q3TTM,2010-10-01,2011-09-30,,1.8,1.8,0.64,164500000.0,1.78,160600000.0,55000000.0,229700000.0,227600000.0,2100000.0,220700000.0,9000000.0,-55000000.0,-8400000.0,1450100000.0,1297700000.0,,463700000.0,55000000.0,1462200000.0,1913800000.0,388200000.0,1858800000.0,121300000.0,121800000.0,123300000.0
Equifax Inc,EFX,5493004MCF8JDC86VS77,33185,2011.0,Q2,2011-04-01,2011-06-30,2012-07-26 16:35:37+00:00,0.28,0.28,0.16,41100000.0,0.28,54200000.0,13700000.0,37100000.0,37100000.0,,34500000.0,2600000.0,-13700000.0,-9600000.0,487100000.0,331400000.0,,,13700000.0,372500000.0,487100000.0,91300000.0,473400000.0,123200000.0,122800000.0,124600000.0
Equifax Inc,EFX,5493004MCF8JDC86VS77,33185,2011.0,Q2YTD,2011-01-01,2011-06-30,,0.75,0.75,0.32,83800000.0,0.74,90500000.0,27500000.0,96400000.0,96400000.0,,91800000.0,4600000.0,-27500000.0,-9300000.0,959700000.0,652200000.0,,,27500000.0,736000000.0,959700000.0,186900000.0,932200000.0,123200000.0,122800000.0,124600000.0
Equifax Inc,EFX,5493004MCF8JDC86VS77,33185,2011.0,Q2TTM,2010-07-01,2011-06-30,,1.87,1.87,0.52,165400000.0,1.85,154700000.0,55300000.0,239200000.0,221900000.0,17300000.0,230500000.0,8700000.0,-55300000.0,-8300000.0,959700000.0,1291600000.0,,937500000.0,55300000.0,1457000000.0,1897200000.0,376600000.0,1841900000.0,123200000.0,122800000.0,124600000.0
Equifax Inc,EFX,5493004MCF8JDC86VS77,33185,2011.0,Q1,2011-01-01,2011-03-31,2012-04-26 16:37:56+00:00,0.47,0.47,0.16,42700000.0,0.46,36300000.0,13800000.0,59300000.0,59300000.0,,57300000.0,2000000.0,-13800000.0,300000.0,472600000.0,320800000.0,,,13800000.0,363500000.0,472600000.0,95600000.0,458800000.0,121900000.0,122800000.0,124700000.0
Equifax Inc,EFX,5493004MCF8JDC86VS77,33185,2011.0,Q1TTM,2010-04-01,2011-03-31,,2.16,2.16,0.4,164000000.0,2.13,133200000.0,55700000.0,275500000.0,244600000.0,30900000.0,267300000.0,8200000.0,-55700000.0,2100000.0,472600000.0,1275400000.0,,1398200000.0,55700000.0,1439400000.0,1870800000.0,377800000.0,1815100000.0,121900000.0,122800000.0,124700000.0
Equifax Inc,EFX,5493004MCF8JDC86VS77,33185,2012.0,Q4,2012-10-01,2012-12-31,,0.38,0.38,0.18,36900000.0,0.38,30400000.0,14300000.0,48200000.0,42700000.0,5500000.0,46300000.0,1900000.0,-14300000.0,1200000.0,,347500000.0,,470600000.0,14300000.0,384400000.0,470600000.0,73100000.0,456300000.0,119900000.0,119900000.0,122500000.0
Equifax Inc,EFX,5493004MCF8JDC86VS77,33185,2012.0,FY,2012-01-01,2012-12-31,2015-02-25 16:46:53+00:00,2.27,2.27,0.72,160000000.0,2.22,156000000.0,55400000.0,280800000.0,275300000.0,5500000.0,272100000.0,8700000.0,-55400000.0,6700000.0,,1433000000.0,,2073000000.0,55400000.0,1593000000.0,2073000000.0,431300000.0,2017600000.0,119900000.0,119900000.0,122500000.0
Equifax Inc,EFX,5493004MCF8JDC86VS77,33185,2012.0,Q3YTD,2012-01-01,2012-09-30,,1.88,1.88,0.54,120300000.0,1.84,123200000.0,41100000.0,232600000.0,228900000.0,3700000.0,225800000.0,6800000.0,-41100000.0,5400000.0,1539200000.0,1031100000.0,,,41100000.0,1151400000.0,1539200000.0,352100000.0,1498100000.0,119800000.0,119700000.0,122200000.0
Equifax Inc,EFX,5493004MCF8JDC86VS77,33185,2012.0,Q3TTM,2011-10-01,2012-09-30,,2.49,2.49,0.7,156600000.0,2.44,160600000.0,55000000.0,308600000.0,302000000.0,6600000.0,300200000.0,8400000.0,-55000000.0,6500000.0,89100000.0,1314600000.0,,1893200000.0,55000000.0,1471200000.0,1982300000.0,462600000.0,1927300000.0,119800000.0,119700000.0,122200000.0
Equifax Inc,EFX,5493004MCF8JDC86VS77,33185,2012.0,Q3,2012-07-01,2012-09-30,2013-11-06 17:13:54+00:00,0.65,0.65,0.18,39600000.0,0.64,39700000.0,13600000.0,80100000.0,79100000.0,1000000.0,77900000.0,2200000.0,-13600000.0,1900000.0,520000000.0,349900000.0,,,13600000.0,389500000.0,520000000.0,118800000.0,506400000.0,119800000.0,119700000.0,122200000.0
Equifax Inc,EFX,5493004MCF8JDC86VS77,33185,2012.0,Q2YTD,2012-01-01,2012-06-30,,1.23,1.23,0.36,80700000.0,1.2,83500000.0,27500000.0,152500000.0,149800000.0,2700000.0,147900000.0,4600000.0,-27500000.0,3500000.0,1019200000.0,681200000.0,,,27500000.0,761900000.0,1019200000.0,233300000.0,991700000.0,121300000.0,120300000.0,122800000.0
Equifax Inc,EFX,5493004MCF8JDC86VS77,33185,2012.0,Q2TTM,2011-07-01,2012-06-30,,2.39,2.39,0.68,157500000.0,2.34,160100000.0,55100000.0,297800000.0,292200000.0,5600000.0,289000000.0,8800000.0,-55100000.0,5200000.0,59500000.0,1293000000.0,,1893200000.0,55100000.0,1450500000.0,1952700000.0,452300000.0,1897600000.0,121300000.0,120300000.0,122800000.0
Equifax Inc,EFX,5493004MCF8JDC86VS77,33185,2012.0,Q2,2012-04-01,2012-06-30,2013-07-25 16:24:56+00:00,0.63,0.63,0.18,40300000.0,0.62,41000000.0,13700000.0,78800000.0,76500000.0,2300000.0,76400000.0,2400000.0,-13700000.0,2200000.0,513300000.0,344000000.0,,,13700000.0,384300000.0,513300000.0,117500000.0,499600000.0,121300000.0,120300000.0,122800000.0
Equifax Inc,EFX,5493004MCF8JDC86VS77,33185,2012.0,Q1TTM,2011-04-01,2012-03-31,,2.04,2.04,0.66,158300000.0,2.0,173300000.0,55100000.0,256100000.0,252800000.0,3300000.0,247100000.0,9000000.0,-55100000.0,-6600000.0,33300000.0,1280400000.0,,1893200000.0,55100000.0,1438700000.0,1926500000.0,426100000.0,1871400000.0,119200000.0,120000000.0,122400000.0
Equifax Inc,EFX,5493004MCF8JDC86VS77,33185,2012.0,Q1,2012-01-01,2012-03-31,2013-04-25 16:20:12+00:00,0.6,0.6,0.18,40400000.0,0.58,42500000.0,13800000.0,73700000.0,73300000.0,400000.0,71500000.0,2200000.0,-13800000.0,1300000.0,505900000.0,337200000.0,,,13800000.0,377600000.0,505900000.0,115800000.0,492100000.0,119200000.0,120000000.0,122400000.0
Equifax Inc,EFX,5493004MCF8JDC86VS77,33185,2013.0,Q4,2013-10-01,2013-12-31,,0.62,0.62,0.22,45800000.0,0.62,43000000.0,17400000.0,78900000.0,78900000.0,,76700000.0,2200000.0,-17400000.0,-14800000.0,,378600000.0,,578500000.0,17400000.0,424400000.0,578500000.0,121900000.0,561100000.0,121300000.0,121200000.0,123700000.0
Equifax Inc,EFX,5493004MCF8JDC86VS77,33185,2013.0,FY,2013-01-01,2013-12-31,2015-02-25 16:46:53+00:00,2.9,2.9,0.88,189600000.0,2.84,188900000.0,70200000.0,359900000.0,341500000.0,18400000.0,351800000.0,8100000.0,-70200000.0,-10600000.0,,1503100000.0,,2303900000.0,70200000.0,1692700000.0,2303900000.0,530400000.0,2233700000.0,121300000.0,121200000.0,123700000.0
Equifax Inc,EFX,5493004MCF8JDC86VS77,33185,2013.0,Q3YTD,2013-01-01,2013-09-30,,2.28,2.28,0.66,143800000.0,2.22,145900000.0,52800000.0,281000000.0,262600000.0,18400000.0,275100000.0,5900000.0,-52800000.0,4200000.0,,1124500000.0,,1725400000.0,52800000.0,1268300000.0,1725400000.0,408500000.0,1672600000.0,121000000.0,121600000.0,123900000.0
Equifax Inc,EFX,5493004MCF8JDC86VS77,33185,2013.0,Q3TTM,2012-10-01,2013-09-30,,2.66,2.66,0.84,180700000.0,2.6,176300000.0,67100000.0,329200000.0,305300000.0,23900000.0,321400000.0,7800000.0,-67100000.0,5400000.0,,1472000000.0,,2196000000.0,67100000.0,1652700000.0,2196000000.0,481600000.0,2128900000.0,121000000.0,121600000.0,123900000.0
Equifax Inc,EFX,5493004MCF8JDC86VS77,33185,2013.0,Q3,2013-07-01,2013-09-30,2014-10-23 16:39:39+00:00,0.69,0.69,0.22,51800000.0,0.67,47000000.0,17500000.0,85500000.0,86100000.0,-600000.0,83500000.0,2000000.0,-17500000.0,600000.0,,370200000.0,,572000000.0,17500000.0,422000000.0,572000000.0,133100000.0,554500000.0,121000000.0,121600000.0,123900000.0
Equifax Inc,EFX,5493004MCF8JDC86VS77,33185,2013.0,Q2YTD,2013-01-01,2013-06-30,,1.59,1.59,0.44,92000000.0,1.55,98900000.0,35300000.0,195500000.0,176500000.0,19000000.0,191600000.0,3900000.0,-35300000.0,3600000.0,586900000.0,754300000.0,,566500000.0,35300000.0,846300000.0,1153400000.0,275400000.0,1118100000.0,120700000.0,121000000.0,123600000.0
Equifax Inc,EFX,5493004MCF8JDC86VS77,33185,2013.0,Q2TTM,2012-07-01,2013-06-30,,2.63,2.63,0.8,171300000.0,2.57,171400000.0,63200000.0,323800000.0,302000000.0,21800000.0,315800000.0,8000000.0,-63200000.0,6800000.0,-432300000.0,1506100000.0,,2639500000.0,63200000.0,1677400000.0,2207200000.0,473400000.0,2144000000.0,120700000.0,121000000.0,123600000.0
Equifax Inc,EFX,5493004MCF8JDC86VS77,33185,2013.0,Q2,2013-04-01,2013-06-30,2014-07-24 16:40:50+00:00,0.75,0.75,0.22,44100000.0,0.73,51700000.0,17600000.0,92300000.0,92300000.0,0.0,90500000.0,1800000.0,-17600000.0,3500000.0,586900000.0,384700000.0,,,17600000.0,428800000.0,586900000.0,144000000.0,569300000.0,120700000.0,121000000.0,123600000.0
Equifax Inc,EFX,5493004MCF8JDC86VS77,33185,2013.0,Q1TTM,2012-04-01,2013-03-31,,2.51,2.51,0.76,166500000.0,2.46,160300000.0,59300000.0,310300000.0,285800000.0,24500000.0,301700000.0,8600000.0,-59300000.0,5400000.0,,1450300000.0,,2116800000.0,59300000.0,1616800000.0,2116800000.0,446100000.0,2057500000.0,120400000.0,120500000.0,123100000.0
Equifax Inc,EFX,5493004MCF8JDC86VS77,33185,2013.0,Q1,2013-01-01,2013-03-31,2014-04-24 16:27:41+00:00,0.84,0.84,0.22,47900000.0,0.82,47200000.0,17700000.0,103200000.0,84200000.0,19000000.0,101100000.0,2100000.0,-17700000.0,100000.0,,369600000.0,,566500000.0,17700000.0,417500000.0,566500000.0,131400000.0,548800000.0,120400000.0,120500000.0,123100000.0
Equifax Inc,EFX,5493004MCF8JDC86VS77,33185,2014.0,FY,2014-01-01,2014-12-31,2017-02-22 16:49:50+00:00,3.03,3.03,1.0,201800000.0,2.97,200200000.0,68600000.0,374000000.0,374000000.0,,367400000.0,6600000.0,-68600000.0,4600000.0,,1596400000.0,,2436400000.0,68600000.0,1798200000.0,2436400000.0,574200000.0,2367800000.0,121300000.0,121200000.0,123500000.0
Equifax Inc,EFX,5493004MCF8JDC86VS77,33185,2014.0,Q4,2014-10-01,2014-12-31,,0.81,0.81,0.25,49800000.0,0.8,52600000.0,16800000.0,98800000.0,98800000.0,,98000000.0,800000.0,-16800000.0,3000000.0,,409600000.0,,624600000.0,16800000.0,459400000.0,624600000.0,151400000.0,607800000.0,121300000.0,121200000.0,123500000.0
Equifax Inc,EFX,5493004MCF8JDC86VS77,33185,2014.0,Q3YTD,2014-01-01,2014-09-30,,2.22,2.22,0.75,152000000.0,2.17,147600000.0,51800000.0,275200000.0,275200000.0,,269400000.0,5800000.0,-51800000.0,1600000.0,,1186800000.0,,1811800000.0,51800000.0,1338800000.0,1811800000.0,422800000.0,1760000000.0,120400000.0,121100000.0,123500000.0
Equifax Inc,EFX,5493004MCF8JDC86VS77,33185,2014.0,Q3TTM,2013-10-01,2014-09-30,,2.84,2.84,0.97,197800000.0,2.79,190600000.0,69200000.0,354100000.0,354100000.0,,346100000.0,8000000.0,-69200000.0,-13200000.0,,1565400000.0,,2390300000.0,69200000.0,1763200000.0,2390300000.0,544700000.0,2321100000.0,120400000.0,121100000.0,123500000.0
Equifax Inc,EFX,5493004MCF8JDC86VS77,33185,2014.0,Q3,2014-07-01,2014-09-30,2015-10-22 16:50:54+00:00,0.77,0.77,0.25,50900000.0,0.75,45400000.0,17100000.0,94400000.0,94400000.0,,92700000.0,1700000.0,-17100000.0,3200000.0,,408800000.0,,613400000.0,17100000.0,459700000.0,613400000.0,139800000.0,596300000.0,120400000.0,121100000.0,123500000.0
Equifax Inc,EFX,5493004MCF8JDC86VS77,33185,2014.0,Q2YTD,2014-01-01,2014-06-30,,1.45,1.45,0.5,101100000.0,1.42,102200000.0,34700000.0,180800000.0,180800000.0,,176700000.0,4100000.0,-34700000.0,-1600000.0,,778000000.0,,1198400000.0,34700000.0,879100000.0,1198400000.0,283000000.0,1163700000.0,122100000.0,122000000.0,124300000.0
Equifax Inc,EFX,5493004MCF8JDC86VS77,33185,2014.0,Q2TTM,2013-07-01,2014-06-30,,2.76,2.76,0.94,198700000.0,2.71,192200000.0,69600000.0,345200000.0,345800000.0,-600000.0,336900000.0,8300000.0,-69600000.0,-15800000.0,,1526800000.0,,2348900000.0,69600000.0,1725500000.0,2348900000.0,538000000.0,2279300000.0,122100000.0,122000000.0,124300000.0
Equifax Inc,EFX,5493004MCF8JDC86VS77,33185,2014.0,Q2,2014-04-01,2014-06-30,2015-07-23 17:05:28+00:00,0.76,0.76,0.25,50700000.0,0.75,56000000.0,17400000.0,94500000.0,94500000.0,,92800000.0,1700000.0,-17400000.0,500000.0,,395800000.0,,613900000.0,17400000.0,446500000.0,613900000.0,150500000.0,596500000.0,122100000.0,122000000.0,124300000.0
Equifax Inc,EFX,5493004MCF8JDC86VS77,33185,2014.0,Q1,2014-01-01,2014-03-31,2015-04-23 16:25:03+00:00,0.69,0.69,0.25,50400000.0,0.67,46200000.0,17300000.0,86300000.0,86300000.0,,83900000.0,2400000.0,-17300000.0,-2100000.0,,382200000.0,,584500000.0,17300000.0,432600000.0,584500000.0,132500000.0,567200000.0,121600000.0,122000000.0,124400000.0
Equifax Inc,EFX,5493004MCF8JDC86VS77,33185,2014.0,Q1TTM,2013-04-01,2014-03-31,,2.75,2.75,0.91,192100000.0,2.69,187900000.0,69800000.0,343000000.0,343600000.0,-600000.0,334600000.0,8400000.0,-69800000.0,-12800000.0,,1515700000.0,,2321900000.0,69800000.0,1707800000.0,2321900000.0,531500000.0,2252100000.0,121600000.0,122000000.0,124400000.0
Equifax Inc,EFX,5493004MCF8JDC86VS77,33185,2015.0,FY,2015-01-01,2015-12-31,2018-03-01 16:19:50+00:00,3.61,3.61,1.16,198000000.0,3.55,201800000.0,63800000.0,434800000.0,434800000.0,,429100000.0,5700000.0,-63800000.0,6500000.0,,1771700000.0,,2663600000.0,63800000.0,1969700000.0,2663600000.0,636600000.0,2599800000.0,118900000.0,118700000.0,120900000.0
Equifax Inc,EFX,5493004MCF8JDC86VS77,33185,2015.0,Q4,2015-10-01,2015-12-31,,0.93,0.93,0.29,48900000.0,0.92,54700000.0,15700000.0,113000000.0,113000000.0,,111900000.0,1100000.0,-15700000.0,6500000.0,,440500000.0,,666300000.0,15700000.0,489400000.0,666300000.0,167700000.0,650600000.0,118900000.0,118700000.0,120900000.0
Equifax Inc,EFX,5493004MCF8JDC86VS77,33185,2015.0,Q3,2015-07-01,2015-09-30,2016-10-27 16:34:30+00:00,1.0,1.0,0.29,49400000.0,0.98,53200000.0,15800000.0,119700000.0,119700000.0,,117900000.0,1800000.0,-15800000.0,14400000.0,,443700000.0,,667400000.0,15800000.0,493100000.0,667400000.0,172900000.0,651600000.0,117900000.0,118400000.0,120600000.0
Equifax Inc,EFX,5493004MCF8JDC86VS77,33185,2015.0,Q3YTD,2015-01-01,2015-09-30,,2.68,2.68,0.87,149100000.0,2.63,147100000.0,48100000.0,321800000.0,321800000.0,,317200000.0,4600000.0,-48100000.0,,,1331200000.0,,1997300000.0,48100000.0,1480300000.0,1997300000.0,468900000.0,1949200000.0,117900000.0,118400000.0,120600000.0
Equifax Inc,EFX,5493004MCF8JDC86VS77,33185,2015.0,Q3TTM,2014-10-01,2015-09-30,,3.49,3.49,1.12,198900000.0,3.43,199700000.0,64900000.0,420600000.0,420600000.0,,415200000.0,5400000.0,-64900000.0,3000000.0,,1740800000.0,,2621900000.0,64900000.0,1939700000.0,2621900000.0,620300000.0,2557000000.0,117900000.0,118400000.0,120600000.0
Equifax Inc,EFX,5493004MCF8JDC86VS77,33185,2015.0,Q2,2015-04-01,2015-06-30,2016-07-28 16:44:38+00:00,0.94,0.94,0.29,50100000.0,0.92,45900000.0,16200000.0,112500000.0,112500000.0,,111000000.0,1500000.0,-16200000.0,-13900000.0,,439500000.0,,678100000.0,16200000.0,489600000.0,678100000.0,158400000.0,661900000.0,118100000.0,118600000.0,120900000.0
Equifax Inc,EFX,5493004MCF8JDC86VS77,33185,2015.0,Q2YTD,2015-01-01,2015-06-30,,1.68,1.68,0.58,99700000.0,1.65,93900000.0,32300000.0,202100000.0,202100000.0,,199300000.0,2800000.0,-32300000.0,-14400000.0,,887500000.0,,1329900000.0,32300000.0,987200000.0,1329900000.0,296000000.0,1297600000.0,118100000.0,118600000.0,120900000.0
Equifax Inc,EFX,5493004MCF8JDC86VS77,33185,2015.0,Q2TTM,2014-07-01,2015-06-30,,3.26,3.26,1.08,200400000.0,3.2,191900000.0,66200000.0,395300000.0,395300000.0,,390000000.0,5300000.0,-66200000.0,-8200000.0,,1705900000.0,,2567900000.0,66200000.0,1906300000.0,2567900000.0,587200000.0,2501700000.0,118100000.0,118600000.0,120900000.0
Equifax Inc,EFX,5493004MCF8JDC86VS77,33185,2015.0,Q1,2015-01-01,2015-03-31,2016-04-28 17:45:48+00:00,0.74,0.74,0.29,49600000.0,0.73,48000000.0,16100000.0,89600000.0,89600000.0,,88300000.0,1300000.0,-16100000.0,-500000.0,,448000000.0,,651800000.0,16100000.0,497600000.0,651800000.0,137600000.0,635700000.0,119300000.0,119400000.0,121700000.0
Equifax Inc,EFX,5493004MCF8JDC86VS77,33185,2015.0,Q1TTM,2014-04-01,2015-03-31,,3.08,3.08,1.04,201000000.0,3.03,202000000.0,67400000.0,377300000.0,377300000.0,,371800000.0,5500000.0,-67400000.0,6200000.0,,1662200000.0,,2503700000.0,67400000.0,1863200000.0,2503700000.0,579300000.0,2436300000.0,119300000.0,119400000.0,121700000.0
Equifax Inc,EFX,5493004MCF8JDC86VS77,33185,2016.0,FY,2016-01-01,2016-12-31,2019-02-21 16:40:48+00:00,4.1,4.1,1.32,265400000.0,4.04,233100000.0,92100000.0,495100000.0,495100000.0,,488800000.0,6300000.0,-92100000.0,-4800000.0,3144900000.0,2054400000.0,,,92100000.0,2319800000.0,3144900000.0,728200000.0,3052800000.0,119200000.0,119300000.0,121100000.0
Equifax Inc,EFX,5493004MCF8JDC86VS77,33185,2016.0,Q4,2016-10-01,2016-12-31,,1.03,1.03,0.33,70900000.0,1.02,57900000.0,24100000.0,124800000.0,124800000.0,,123000000.0,1800000.0,-24100000.0,-4300000.0,3144900000.0,519200000.0,,-2343700000.0,24100000.0,590100000.0,801200000.0,182700000.0,777100000.0,119200000.0,119300000.0,121100000.0
Equifax Inc,EFX,5493004MCF8JDC86VS77,33185,2016.0,Q3,2016-07-01,2016-09-30,2017-11-09 16:06:44+00:00,1.11,1.11,0.33,70600000.0,1.09,55300000.0,24300000.0,134900000.0,134900000.0,,132800000.0,2100000.0,-24300000.0,2400000.0,,521400000.0,,804100000.0,24300000.0,592000000.0,804100000.0,190200000.0,779800000.0,119600000.0,119500000.0,121300000.0
Equifax Inc,EFX,5493004MCF8JDC86VS77,33185,2016.0,Q3YTD,2016-01-01,2016-09-30,,3.07,3.07,0.99,194500000.0,3.02,175200000.0,68000000.0,370300000.0,370300000.0,,365800000.0,4500000.0,-68000000.0,-500000.0,,1535200000.0,,2343700000.0,68000000.0,1729700000.0,2343700000.0,545500000.0,2275700000.0,119600000.0,119500000.0,121300000.0
Equifax Inc,EFX,5493004MCF8JDC86VS77,33185,2016.0,Q3TTM,2015-10-01,2016-09-30,,4.0,4.0,1.28,243400000.0,3.94,229900000.0,83700000.0,483300000.0,483300000.0,,477700000.0,5600000.0,-83700000.0,6000000.0,,1975700000.0,,3010000000.0,83700000.0,2219100000.0,3010000000.0,713200000.0,2926300000.0,119600000.0,119500000.0,121300000.0
Equifax Inc,EFX,5493004MCF8JDC86VS77,33185,2016.0,Q2,2016-04-01,2016-06-30,2017-07-27 16:48:05+00:00,1.1,1.1,0.33,68200000.0,1.08,68300000.0,23600000.0,133000000.0,133000000.0,,130900000.0,2100000.0,-23600000.0,-800000.0,,517400000.0,,811300000.0,23600000.0,585600000.0,811300000.0,201300000.0,787700000.0,119000000.0,119200000.0,121100000.0
Equifax Inc,EFX,5493004MCF8JDC86VS77,33185,2016.0,Q2YTD,2016-01-01,2016-06-30,,1.96,1.96,0.66,123900000.0,1.93,119900000.0,43700000.0,235400000.0,235400000.0,,233000000.0,2400000.0,-43700000.0,-2900000.0,,1013800000.0,,1539600000.0,43700000.0,1137700000.0,1539600000.0,355300000.0,1495900000.0,119000000.0,119200000.0,121100000.0
Equifax Inc,EFX,5493004MCF8JDC86VS77,33185,2016.0,Q2TTM,2015-07-01,2016-06-30,,3.89,3.89,1.24,222200000.0,3.83,227800000.0,75200000.0,468100000.0,468100000.0,,462800000.0,5300000.0,-75200000.0,18000000.0,,1898000000.0,,2873300000.0,75200000.0,2120200000.0,2873300000.0,695900000.0,2798100000.0,119000000.0,119200000.0,121100000.0
Equifax Inc,EFX,5493004MCF8JDC86VS77,33185,2016.0,Q1,2016-01-01,2016-03-31,2017-04-27 16:54:53+00:00,0.86,0.86,0.33,55700000.0,0.85,51600000.0,20100000.0,102400000.0,102400000.0,,102100000.0,300000.0,-20100000.0,-2100000.0,,496400000.0,,728300000.0,20100000.0,552100000.0,728300000.0,154000000.0,708200000.0,118700000.0,118800000.0,120800000.0
Equifax Inc,EFX,5493004MCF8JDC86VS77,33185,2016.0,Q1TTM,2015-04-01,2016-03-31,,3.73,3.73,1.2,204100000.0,3.67,205400000.0,67800000.0,447600000.0,447600000.0,,442900000.0,4700000.0,-67800000.0,4900000.0,,1820100000.0,,2740100000.0,67800000.0,2024200000.0,2740100000.0,653000000.0,2672300000.0,118700000.0,118800000.0,120800000.0
Equifax Inc,EFX,5493004MCF8JDC86VS77,33185,2017.0,FY,2017-01-01,2017-12-31,2020-02-20 16:24:35+00:00,4.89,4.89,1.56,287800000.0,4.83,148600000.0,92800000.0,598000000.0,598000000.0,,587300000.0,10700000.0,-92800000.0,7700000.0,3362200000.0,1032000000.0,1210700000.0,,92800000.0,2530500000.0,3362200000.0,746600000.0,3269400000.0,120100000.0,120100000.0,121500000.0
Equifax Inc,EFX,5493004MCF8JDC86VS77,33185,2017.0,Q4,2017-10-01,2017-12-31,,1.44,1.44,0.39,73600000.0,1.42,-2200000.0,22600000.0,174500000.0,174500000.0,,172300000.0,2200000.0,-22600000.0,2400000.0,1670700000.0,-638300000.0,1210700000.0,-832200000.0,22600000.0,646000000.0,838500000.0,172300000.0,815900000.0,120100000.0,120100000.0,121500000.0
Equifax Inc,EFX,5493004MCF8JDC86VS77,33185,2017.0,Q3,2017-07-01,2017-09-30,2018-10-25 16:29:07+00:00,0.8,0.8,0.39,72400000.0,0.79,35500000.0,21400000.0,100500000.0,100500000.0,,96300000.0,4200000.0,-21400000.0,2700000.0,834800000.0,607700000.0,,,21400000.0,680100000.0,834800000.0,136000000.0,813400000.0,120400000.0,120100000.0,121400000.0
Equifax Inc,EFX,5493004MCF8JDC86VS77,33185,2017.0,Q3YTD,2017-01-01,2017-09-30,,3.45,3.45,1.17,214200000.0,3.41,150800000.0,70200000.0,423500000.0,423500000.0,,415000000.0,8500000.0,-70200000.0,5300000.0,1691500000.0,1670300000.0,,832200000.0,70200000.0,1884500000.0,2523700000.0,574300000.0,2453500000.0,120400000.0,120100000.0,121400000.0
Equifax Inc,EFX,5493004MCF8JDC86VS77,33185,2017.0,Q3TTM,2016-10-01,2017-09-30,,4.48,4.48,1.5,285100000.0,4.43,208700000.0,94300000.0,548300000.0,548300000.0,,538000000.0,10300000.0,-94300000.0,1000000.0,4836400000.0,2189500000.0,,-1511500000.0,94300000.0,2474600000.0,3324900000.0,757000000.0,3230600000.0,120400000.0,120100000.0,121400000.0
Equifax Inc,EFX,5493004MCF8JDC86VS77,33185,2017.0,Q2,2017-04-01,2017-06-30,2018-07-26 16:29:27+00:00,1.37,1.37,0.39,70500000.0,1.36,75000000.0,24600000.0,167600000.0,167600000.0,,165400000.0,2200000.0,-24600000.0,1300000.0,856700000.0,520300000.0,,,24600000.0,590800000.0,856700000.0,242600000.0,832100000.0,120700000.0,120300000.0,121900000.0
Equifax Inc,EFX,5493004MCF8JDC86VS77,33185,2017.0,Q2YTD,2017-01-01,2017-06-30,,2.65,2.65,0.78,141800000.0,2.62,115300000.0,48800000.0,323000000.0,323000000.0,,318700000.0,4300000.0,-48800000.0,2600000.0,856700000.0,1062600000.0,,832200000.0,48800000.0,1204400000.0,1688900000.0,438300000.0,1640100000.0,120700000.0,120300000.0,121900000.0
Equifax Inc,EFX,5493004MCF8JDC86VS77,33185,2017.0,Q2TTM,2016-07-01,2017-06-30,,4.79,4.79,1.44,283300000.0,4.73,228500000.0,97200000.0,582700000.0,582700000.0,,574500000.0,8200000.0,-97200000.0,700000.0,4001600000.0,2103200000.0,,-707400000.0,97200000.0,2386500000.0,3294200000.0,811200000.0,3197000000.0,120700000.0,120300000.0,121900000.0
Equifax Inc,EFX,5493004MCF8JDC86VS77,33185,2017.0,Q1,2017-01-01,2017-03-31,2018-04-26 16:22:52+00:00,1.28,1.28,0.39,71300000.0,1.26,40300000.0,24200000.0,155400000.0,155400000.0,,153300000.0,2100000.0,-24200000.0,1300000.0,,542300000.0,,832200000.0,24200000.0,613600000.0,832200000.0,195700000.0,808000000.0,119800000.0,120000000.0,121900000.0
Equifax Inc,EFX,5493004MCF8JDC86VS77,33185,2017.0,Q1TTM,2016-04-01,2017-03-31,,4.52,4.52,1.38,281000000.0,4.45,221800000.0,96200000.0,548100000.0,548100000.0,,540000000.0,8100000.0,-96200000.0,-1400000.0,3144900000.0,2100300000.0,,103900000.0,96200000.0,2381300000.0,3248800000.0,769900000.0,3152600000.0,119800000.0,120000000.0,121900000.0
Equifax Inc,EFX,5493004MCF8JDC86VS77,33185,2018.0,FY,2018-01-01,2018-12-31,2020-02-20 16:24:35+00:00,2.49,2.49,1.56,310400000.0,2.47,50000000.0,103500000.0,306300000.0,306300000.0,,299800000.0,6500000.0,-103500000.0,11800000.0,3412100000.0,1213300000.0,1440400000.0,,103500000.0,2964100000.0,3412100000.0,356300000.0,3308600000.0,120400000.0,120400000.0,121400000.0
Equifax Inc,EFX,5493004MCF8JDC86VS77,33185,2018.0,Q4,2018-10-01,2018-12-31,,0.21,0.21,0.39,79100000.0,0.21,-1800000.0,26500000.0,26800000.0,26800000.0,,25700000.0,1100000.0,-26500000.0,5400000.0,835300000.0,-5000000.0,715100000.0,,26500000.0,789200000.0,835300000.0,25000000.0,808800000.0,120400000.0,120400000.0,121400000.0
Equifax Inc,EFX,5493004MCF8JDC86VS77,33185,2018.0,Q3,2018-07-01,2018-09-30,2019-10-24 19:17:49+00:00,0.32,0.32,0.39,75900000.0,0.32,-900000.0,26700000.0,39600000.0,39600000.0,,38400000.0,1200000.0,-26700000.0,1300000.0,834200000.0,317500000.0,376700000.0,,26700000.0,770100000.0,834200000.0,38700000.0,807500000.0,120000000.0,120500000.0,121600000.0
Equifax Inc,EFX,5493004MCF8JDC86VS77,33185,2018.0,Q3YTD,2018-01-01,2018-09-30,,2.28,2.28,1.17,231300000.0,2.26,51800000.0,77000000.0,279500000.0,279500000.0,,274100000.0,5400000.0,-77000000.0,6400000.0,2576800000.0,1218300000.0,725300000.0,,77000000.0,2174900000.0,2576800000.0,331300000.0,2499800000.0,120000000.0,120500000.0,121600000.0
Equifax Inc,EFX,5493004MCF8JDC86VS77,33185,2018.0,Q3TTM,2017-10-01,2018-09-30,,3.72,3.72,1.56,304900000.0,3.68,49600000.0,99600000.0,454000000.0,454000000.0,,446400000.0,7600000.0,-99600000.0,8800000.0,4247500000.0,580000000.0,1936000000.0,-832200000.0,99600000.0,2820900000.0,3415300000.0,503600000.0,3315700000.0,120000000.0,120500000.0,121600000.0
Equifax Inc,EFX,5493004MCF8JDC86VS77,33185,2018.0,Q2,2018-04-01,2018-06-30,2019-07-25 16:34:10+00:00,1.2,1.2,0.39,77200000.0,1.19,23300000.0,26400000.0,146100000.0,146100000.0,,144800000.0,1300000.0,-26400000.0,2200000.0,876900000.0,257500000.0,348600000.0,,26400000.0,683300000.0,876900000.0,169400000.0,850500000.0,120700000.0,120300000.0,121400000.0
Equifax Inc,EFX,5493004MCF8JDC86VS77,33185,2018.0,Q2YTD,2018-01-01,2018-06-30,,1.96,1.96,0.78,155400000.0,1.94,52700000.0,50300000.0,239900000.0,239900000.0,,235700000.0,4200000.0,-50300000.0,5100000.0,1742600000.0,900800000.0,348600000.0,,50300000.0,1404800000.0,1742600000.0,292600000.0,1692300000.0,120700000.0,120300000.0,121400000.0
Equifax Inc,EFX,5493004MCF8JDC86VS77,33185,2018.0,Q2TTM,2017-07-01,2018-06-30,,4.2,4.2,1.56,301400000.0,4.15,86000000.0,94300000.0,514900000.0,514900000.0,,504300000.0,10600000.0,-94300000.0,10200000.0,4248100000.0,870200000.0,1559300000.0,-832200000.0,94300000.0,2730900000.0,3415900000.0,600900000.0,3321600000.0,120700000.0,120300000.0,121400000.0
Equifax Inc,EFX,5493004MCF8JDC86VS77,33185,2018.0,Q1,2018-01-01,2018-03-31,2019-05-10 16:19:17+00:00,0.76,0.76,0.39,78200000.0,0.75,29400000.0,23900000.0,93800000.0,93800000.0,,90900000.0,2900000.0,-23900000.0,2900000.0,865700000.0,643300000.0,,,23900000.0,721500000.0,865700000.0,123200000.0,841800000.0,119600000.0,120200000.0,121300000.0
Equifax Inc,EFX,5493004MCF8JDC86VS77,33185,2018.0,Q1TTM,2017-04-01,2018-03-31,,4.37,4.37,1.56,294700000.0,4.32,137700000.0,92500000.0,536400000.0,536400000.0,,524900000.0,11500000.0,-92500000.0,9300000.0,4227900000.0,1133000000.0,1210700000.0,-832200000.0,92500000.0,2638400000.0,3395700000.0,674100000.0,3303200000.0,119600000.0,120200000.0,121300000.0
Equifax Inc,EFX,5493004MCF8JDC86VS77,33185,2019.0,FY,2019-01-01,2019-12-31,2020-02-20 16:24:35+00:00,-3.3,-3.3,1.56,331100000.0,-3.27,-40200000.0,111700000.0,-392800000.0,-392800000.0,,-398800000.0,6000000.0,-111700000.0,14100000.0,3507600000.0,1990200000.0,1521700000.0,,111700000.0,3843000000.0,3507600000.0,-433000000.0,3395900000.0,120800000.0,120900000.0,122000000.0
Equifax Inc,EFX,5493004MCF8JDC86VS77,33185,2019.0,Q4,2019-10-01,2019-12-31,,0.08,0.08,0.39,86900000.0,0.09,13200000.0,29400000.0,10800000.0,10800000.0,,9200000.0,1600000.0,-29400000.0,6300000.0,905800000.0,389000000.0,382800000.0,,29400000.0,858700000.0,905800000.0,24000000.0,876400000.0,120800000.0,120900000.0,122000000.0
Equifax Inc,EFX,5493004MCF8JDC86VS77,33185,2019.0,Q3YTD,2019-01-01,2019-09-30,,-3.38,-3.38,1.17,244200000.0,-3.36,-53400000.0,82300000.0,-403600000.0,-403600000.0,,-408000000.0,4400000.0,-82300000.0,7800000.0,2601800000.0,1601200000.0,1138900000.0,,82300000.0,2984300000.0,2601800000.0,-457000000.0,2519500000.0,121000000.0,121000000.0,122300000.0
Equifax Inc,EFX,5493004MCF8JDC86VS77,33185,2019.0,Q3TTM,2018-10-01,2019-09-30,,-3.17,-3.17,1.56,323300000.0,-3.15,-55200000.0,108800000.0,-376800000.0,-376800000.0,,-382300000.0,5500000.0,-108800000.0,13200000.0,3437100000.0,1596200000.0,1854000000.0,,108800000.0,3773500000.0,3437100000.0,-432000000.0,3328300000.0,121000000.0,121000000.0,122300000.0
Equifax Inc,EFX,5493004MCF8JDC86VS77,33185,2019.0,Q3,2019-07-01,2019-09-30,2019-10-24 19:17:49+00:00,0.67,0.67,0.39,84100000.0,0.66,14000000.0,28000000.0,82500000.0,82500000.0,,81100000.0,1400000.0,-28000000.0,2900000.0,875700000.0,295500000.0,374500000.0,,28000000.0,754100000.0,875700000.0,96500000.0,847700000.0,121000000.0,121000000.0,122300000.0
Equifax Inc,EFX,5493004MCF8JDC86VS77,33185,2019.0,Q2YTD,2019-01-01,2019-06-30,,-4.05,-4.05,0.78,160100000.0,-4.02,-67400000.0,54300000.0,-486100000.0,-486100000.0,,-489100000.0,3000000.0,-54300000.0,4900000.0,1726100000.0,1305700000.0,764400000.0,,54300000.0,2230200000.0,1726100000.0,-553500000.0,1671800000.0,121500000.0,120800000.0,122000000.0
Equifax Inc,EFX,5493004MCF8JDC86VS77,33185,2019.0,Q2TTM,2018-07-01,2019-06-30,,-3.52,-3.52,1.56,315100000.0,-3.49,-70100000.0,107500000.0,-419700000.0,-419700000.0,,-425000000.0,5300000.0,-107500000.0,11600000.0,3395600000.0,1618200000.0,1856200000.0,,107500000.0,3789500000.0,3395600000.0,-489800000.0,3288100000.0,121500000.0,120800000.0,122000000.0
Equifax Inc,EFX,5493004MCF8JDC86VS77,33185,2019.0,Q2,2019-04-01,2019-06-30,2019-07-25 16:34:10+00:00,0.55,0.55,0.39,82500000.0,0.55,20700000.0,27600000.0,68300000.0,68300000.0,,66800000.0,1500000.0,-27600000.0,2800000.0,880000000.0,306800000.0,376900000.0,,27600000.0,766200000.0,880000000.0,89000000.0,852400000.0,121500000.0,120800000.0,122000000.0
Equifax Inc,EFX,5493004MCF8JDC86VS77,33185,2019.0,Q1,2019-01-01,2019-03-31,2020-04-21 16:42:16+00:00,-4.6,-4.6,0.39,77600000.0,-4.57,-88100000.0,26700000.0,-554400000.0,-554400000.0,,-555900000.0,1500000.0,-26700000.0,2100000.0,846100000.0,998900000.0,387500000.0,,26700000.0,1464000000.0,846100000.0,-642500000.0,819400000.0,120800000.0,120700000.0,121600000.0
Equifax Inc,EFX,5493004MCF8JDC86VS77,33185,2019.0,Q1TTM,2018-04-01,2019-03-31,,-2.87,-2.87,1.56,309800000.0,-2.85,-67500000.0,106300000.0,-341900000.0,-341900000.0,,-347000000.0,5100000.0,-106300000.0,11000000.0,3392500000.0,1568900000.0,1827900000.0,,106300000.0,3706600000.0,3392500000.0,-409400000.0,3286200000.0,120800000.0,120700000.0,121600000.0
Equifax Inc,EFX,5493004MCF8JDC86VS77,33185,2020.0,Q1,2020-01-01,2020-03-31,2020-04-21 16:42:16+00:00,0.93,0.93,0.39,91900000.0,0.92,36000000.0,30700000.0,114500000.0,114500000.0,,112600000.0,1900000.0,-30700000.0,45300000.0,957900000.0,316000000.0,414100000.0,,30700000.0,822000000.0,957900000.0,150500000.0,927200000.0,121100000.0,121300000.0,122600000.0
Equifax Inc,EFX,5493004MCF8JDC86VS77,33185,2020.0,Q1TTM,2019-04-01,2020-03-31,,2.23,2.23,1.56,345400000.0,2.22,83900000.0,115700000.0,276100000.0,276100000.0,,269700000.0,6400000.0,-115700000.0,57300000.0,3619400000.0,1307300000.0,1548300000.0,,115700000.0,3201000000.0,3619400000.0,360000000.0,3503700000.0,121100000.0,121300000.0,122600000.0
