company_name,company_ticker,company_lei,company_cik,year,quarter,start_date,end_date,filing_date,basicdilutedeps,basiceps,cashdividendspershare,depositsinterestexpense,depositsinterestincome,dilutedeps,fedfundsandrepointerestincome,incometaxexpense,investmentsecuritiesinterestincome,loansandleaseinterestincome,longtermdebtinterestexpense,marketingexpense,netincome,netincomecontinuing,netincomediscontinued,netincometocommon,netinterestincome,netoccupancyequipmentexpense,netrealizedcapitalgains,otheradjustmentstonetincometocommon,otherinterestincome,othernoninterestincome,otheroperatingexpenses,otherservicechargeincome,preferreddividends,provisionforcreditlosses,salariesandemployeebenefitsexpense,shorttermborrowinginterestexpense,totalinterestexpense,totalinterestincome,totalnoninterestexpense,totalnoninterestincome,totalpretaxincome,totalrevenue,weightedavebasicdilutedsharesos,weightedavebasicsharesos,weightedavedilutedsharesos
Discover Financial Services,DFS,Z1YLO2USPORE63VVUL20,1393612,2007.0,FY,2006-12-01,2007-11-30,2010-01-27 20:21:05+00:00,1.23,1.23,0.06,1044574000.0,,1.23,,561514000.0,10502000.0,2140630000.0,89377000.0,576263000.0,588630000.0,964199000.0,-375569000.0,588630000.0,1361132000.0,409495000.0,2312214000.0,,433270000.0,340723000.0,642391000.0,723745000.0,0.0,733887000.0,850065000.0,89319000.0,1223270000.0,2584402000.0,2478214000.0,3376682000.0,1525713000.0,4737814000.0,478600000.0,478600000.0,478600000.0
Discover Financial Services,DFS,Z1YLO2USPORE63VVUL20,1393612,2008.0,FY,2007-12-01,2008-11-30,2011-01-26 17:12:28+00:00,1.9,1.9,0.24,1199436000.0,,1.9,,594692000.0,51345000.0,2325414000.0,88225000.0,530901000.0,927750000.0,1062913000.0,-135163000.0,910510000.0,1404559000.0,396337000.0,3242498000.0,17240000.0,315804000.0,303571000.0,643167000.0,718389000.0,,1595615000.0,845392000.0,343000.0,1288004000.0,2692563000.0,2415797000.0,4264458000.0,1657605000.0,5669017000.0,479200000.0,479200000.0,479200000.0
Discover Financial Services,DFS,Z1YLO2USPORE63VVUL20,1393612,2008.0,Q3,2008-06-01,2008-08-31,2009-10-07 17:10:53+00:00,0.38,0.38,0.06,286861000.0,31551000.0,0.37,16527000.0,94885000.0,14372000.0,604047000.0,18782000.0,137928000.0,180053000.0,178900000.0,1153000.0,180053000.0,376049000.0,96949000.0,623721000.0,,15195000.0,72565000.0,155244000.0,178835000.0,0.0,364838000.0,222426000.0,0.0,305643000.0,681692000.0,612547000.0,875121000.0,273785000.0,1251170000.0,473800000.0,473800000.0,486600000.0
Discover Financial Services,DFS,Z1YLO2USPORE63VVUL20,1393612,2009.0,FY,2008-12-01,2009-11-30,2012-01-26 17:19:14+00:00,2.39,2.39,0.12,1187084000.0,,2.38,,844713000.0,68694000.0,3004284000.0,61662000.0,406020000.0,1276185000.0,1276185000.0,,1206965000.0,1893796000.0,362223000.0,3767176000.0,69220000.0,72102000.0,348036000.0,655162000.0,725383000.0,,2362405000.0,827683000.0,2538000.0,1251284000.0,3145080000.0,2251088000.0,4840595000.0,2120898000.0,6734391000.0,505000000.0,505000000.0,507100000.0
Discover Financial Services,DFS,Z1YLO2USPORE63VVUL20,1393612,2009.0,Q4,2009-09-01,2009-11-30,,0.63,0.63,0.02,292317000.0,,0.63,,217719000.0,17088000.0,608861000.0,21841000.0,113851000.0,352537000.0,352537000.0,,329291000.0,323928000.0,90474000.0,1046197000.0,23246000.0,12137000.0,45925000.0,211658000.0,161437000.0,,399732000.0,191516000.0,,314158000.0,638086000.0,607499000.0,1253559000.0,570256000.0,1577487000.0,505000000.0,505000000.0,507100000.0
Discover Financial Services,DFS,Z1YLO2USPORE63VVUL20,1393612,2009.0,Q3,2009-06-01,2009-08-31,2010-10-06 17:10:54+00:00,1.08,1.08,0.02,289518000.0,,1.07,,362485000.0,18062000.0,804874000.0,14873000.0,77814000.0,577454000.0,577454000.0,,552928000.0,528816000.0,86116000.0,1032033000.0,24526000.0,10281000.0,83480000.0,151380000.0,200447000.0,,380999000.0,208528000.0,10000.0,304401000.0,833217000.0,523838000.0,1315960000.0,939939000.0,1844776000.0,512000000.0,512000000.0,516800000.0
Discover Financial Services,DFS,Z1YLO2USPORE63VVUL20,1393612,2009.0,Q3YTD,2008-12-01,2009-08-31,,1.76,1.76,0.1,894767000.0,,1.75,,626994000.0,51606000.0,2395423000.0,39821000.0,292169000.0,923648000.0,923648000.0,,877674000.0,1569868000.0,271749000.0,2720979000.0,45974000.0,59965000.0,302111000.0,443504000.0,563946000.0,,1962673000.0,636167000.0,2538000.0,937126000.0,2506994000.0,1643589000.0,3587036000.0,1550642000.0,5156904000.0,512000000.0,512000000.0,516800000.0
Discover Financial Services,DFS,Z1YLO2USPORE63VVUL20,1393612,2009.0,Q2YTD,2008-12-01,2009-05-31,,0.68,0.68,0.08,605249000.0,,0.68,,264509000.0,33544000.0,1590549000.0,24948000.0,214355000.0,346194000.0,346194000.0,,324746000.0,1041052000.0,185633000.0,1688946000.0,21448000.0,49684000.0,218631000.0,292124000.0,363499000.0,,1581674000.0,427639000.0,2528000.0,632725000.0,1673777000.0,1119751000.0,2271076000.0,610703000.0,3312128000.0,479900000.0,479900000.0,479900000.0
Discover Financial Services,DFS,Z1YLO2USPORE63VVUL20,1393612,2009.0,Q2,2009-03-01,2009-05-31,2010-07-07 17:11:19+00:00,0.43,0.43,0.02,308123000.0,,0.43,,188810000.0,17960000.0,821817000.0,10537000.0,102922000.0,225800000.0,225800000.0,,206366000.0,537979000.0,92664000.0,797027000.0,19434000.0,18207000.0,114498000.0,156891000.0,169595000.0,,643861000.0,208151000.0,1345000.0,320005000.0,857984000.0,560628000.0,1081120000.0,414610000.0,1619099000.0,479900000.0,479900000.0,479900000.0
Discover Financial Services,DFS,Z1YLO2USPORE63VVUL20,1393612,2009.0,Q1,2008-12-01,2009-02-28,2010-04-08 19:52:26+00:00,0.25,0.25,0.06,297126000.0,,0.25,,75699000.0,15584000.0,768732000.0,14411000.0,111433000.0,120394000.0,120394000.0,,118380000.0,503073000.0,92969000.0,891919000.0,2014000.0,31477000.0,104133000.0,135233000.0,193904000.0,,937813000.0,219488000.0,1183000.0,312720000.0,815793000.0,559123000.0,1189956000.0,196093000.0,1693029000.0,473500000.0,473500000.0,473500000.0
Discover Financial Services,DFS,Z1YLO2USPORE63VVUL20,1393612,2010.0,FY,2009-12-01,2010-11-30,2013-01-24 17:38:48+00:00,1.23,1.23,0.08,1151000000.0,,1.22,,504000000.0,26000000.0,6090000000.0,432000000.0,463000000.0,765000000.0,765000000.0,,668000000.0,4563000000.0,328000000.0,19000000.0,97000000.0,30000000.0,1205000000.0,588000000.0,871000000.0,,3207000000.0,803000000.0,0.0,1583000000.0,6146000000.0,2182000000.0,2095000000.0,1269000000.0,6658000000.0,543100000.0,543100000.0,547500000.0
Discover Financial Services,DFS,Z1YLO2USPORE63VVUL20,1393612,2010.0,Q4,2010-09-01,2010-11-30,,0.64,0.64,0.02,268079000.0,,0.64,,235518000.0,10034000.0,1483196000.0,107439000.0,149825000.0,349854000.0,349854000.0,,347449000.0,1123611000.0,83865000.0,-131000.0,2405000.0,5899000.0,290221000.0,193230000.0,182046000.0,,382965000.0,200490000.0,,375518000.0,1499129000.0,627410000.0,472136000.0,585372000.0,1595747000.0,543100000.0,543100000.0,547500000.0
Discover Financial Services,DFS,Z1YLO2USPORE63VVUL20,1393612,2010.0,Q3YTD,2009-12-01,2010-08-31,,0.59,0.59,0.06,882921000.0,,0.58,,268482000.0,15966000.0,4606804000.0,324561000.0,313175000.0,415146000.0,415146000.0,,320551000.0,3439389000.0,244135000.0,19131000.0,94595000.0,24101000.0,914779000.0,394770000.0,688954000.0,,2824035000.0,602510000.0,,1207482000.0,4646871000.0,1554590000.0,1622864000.0,683628000.0,5062253000.0,549300000.0,549300000.0,549300000.0
Discover Financial Services,DFS,Z1YLO2USPORE63VVUL20,1393612,2010.0,Q3TTM,2009-09-01,2010-08-31,,1.22,1.22,0.08,1175238000.0,,1.21,,486201000.0,33054000.0,5215665000.0,346402000.0,427026000.0,767683000.0,767683000.0,,649842000.0,3763317000.0,334609000.0,1065328000.0,117841000.0,36238000.0,960704000.0,606428000.0,850391000.0,,3223767000.0,794026000.0,,1521640000.0,5284957000.0,2162089000.0,2876423000.0,1253884000.0,6639740000.0,549300000.0,549300000.0,549300000.0
Discover Financial Services,DFS,Z1YLO2USPORE63VVUL20,1393612,2010.0,Q3,2010-06-01,2010-08-31,2011-09-28 17:07:43+00:00,0.47,0.47,0.02,279137000.0,,0.47,,171526000.0,5574000.0,1523495000.0,110000000.0,130532000.0,260617000.0,260617000.0,,258194000.0,1146802000.0,80079000.0,18951000.0,2423000.0,6870000.0,314116000.0,151417000.0,231077000.0,,712565000.0,204210000.0,0.0,389137000.0,1535939000.0,566238000.0,564144000.0,432143000.0,1710946000.0,549300000.0,549300000.0,549300000.0
Discover Financial Services,DFS,Z1YLO2USPORE63VVUL20,1393612,2010.0,Q2YTD,2009-12-01,2010-05-31,,0.12,0.12,0.04,603784000.0,,0.11,,96956000.0,10392000.0,3083309000.0,214561000.0,182643000.0,154529000.0,154529000.0,,62357000.0,2292587000.0,164056000.0,180000.0,92172000.0,17231000.0,600663000.0,243353000.0,457877000.0,,2111470000.0,398300000.0,,818345000.0,3110932000.0,988352000.0,1058720000.0,251485000.0,3351307000.0,542900000.0,542900000.0,559400000.0
Discover Financial Services,DFS,Z1YLO2USPORE63VVUL20,1393612,2010.0,Q2TTM,2009-06-01,2010-05-31,,1.83,1.83,0.08,1185619000.0,,1.81,,677160000.0,45542000.0,4497044000.0,251275000.0,374308000.0,1084520000.0,1084520000.0,,944576000.0,3145331000.0,340646000.0,2078410000.0,139944000.0,39649000.0,730068000.0,606391000.0,819761000.0,,2892201000.0,798344000.0,10000.0,1436904000.0,4582235000.0,2119689000.0,3628239000.0,1761680000.0,6773570000.0,542900000.0,542900000.0,559400000.0
Discover Financial Services,DFS,Z1YLO2USPORE63VVUL20,1393612,2010.0,Q2,2010-03-01,2010-05-31,2011-07-01 06:14:33+00:00,0.34,0.34,0.02,298335000.0,,0.33,,164126000.0,5064000.0,1538754000.0,106286000.0,97970000.0,258067000.0,258067000.0,,184590000.0,1147161000.0,80778000.0,0.0,73477000.0,7964000.0,305754000.0,132264000.0,207090000.0,,724264000.0,202536000.0,0.0,404621000.0,1551782000.0,513548000.0,512844000.0,422193000.0,1660005000.0,542900000.0,542900000.0,559400000.0
Discover Financial Services,DFS,Z1YLO2USPORE63VVUL20,1393612,2010.0,Q1TTM,2009-03-01,2010-02-28,,1.92,1.92,0.08,1195407000.0,,1.91,,701844000.0,58438000.0,3780107000.0,155526000.0,379260000.0,1052253000.0,1052253000.0,,966352000.0,2536149000.0,352532000.0,2875437000.0,85901000.0,49892000.0,538812000.0,631018000.0,782266000.0,,2811798000.0,803959000.0,1355000.0,1352288000.0,3888437000.0,2166769000.0,4196515000.0,1754097000.0,6732664000.0,555600000.0,555600000.0,555600000.0
Discover Financial Services,DFS,Z1YLO2USPORE63VVUL20,1393612,2010.0,Q1,2009-12-01,2010-02-28,2011-04-07 19:56:38+00:00,-0.22,-0.22,0.02,305449000.0,,-0.22,,-67170000.0,5328000.0,1544555000.0,108275000.0,84673000.0,-103538000.0,-103538000.0,,-122233000.0,1145426000.0,83278000.0,180000.0,18695000.0,9267000.0,294909000.0,111089000.0,250787000.0,,1387206000.0,195764000.0,0.0,413724000.0,1559150000.0,474804000.0,545876000.0,-170708000.0,1691302000.0,555600000.0,555600000.0,555600000.0
Discover Financial Services,DFS,Z1YLO2USPORE63VVUL20,1393612,2011.0,Q4,2011-09-01,2011-11-30,,0.95,0.95,-0.14,237416000.0,,0.95,,304586000.0,16465000.0,1600435000.0,122940000.0,143756000.0,512871000.0,512871000.0,,507312000.0,1259426000.0,86880000.0,-378000.0,5559000.0,2766000.0,322577000.0,208447000.0,224370000.0,,320237000.0,229218000.0,-116000.0,360240000.0,1619666000.0,668301000.0,546569000.0,817457000.0,1805995000.0,542400000.0,542400000.0,542400000.0
Discover Financial Services,DFS,Z1YLO2USPORE63VVUL20,1393612,2011.0,FY,2010-12-01,2011-11-30,2014-02-24 21:54:52+00:00,4.06,4.06,,987000000.0,,4.06,,1284000000.0,59000000.0,6273000000.0,498000000.0,537000000.0,2227000000.0,2227000000.0,,2202000000.0,4860000000.0,335000000.0,-4000000.0,25000000.0,13000000.0,1264000000.0,755000000.0,945000000.0,,1013000000.0,914000000.0,0.0,1485000000.0,6345000000.0,2541000000.0,2205000000.0,3511000000.0,7065000000.0,542400000.0,542400000.0,542400000.0
Discover Financial Services,DFS,Z1YLO2USPORE63VVUL20,1393612,2011.0,Q3YTD,2010-12-01,2011-08-31,,3.11,3.11,0.14,749584000.0,,3.11,,979414000.0,42535000.0,4672565000.0,375060000.0,393244000.0,1714129000.0,1714129000.0,,1694688000.0,3600574000.0,248120000.0,-3622000.0,19441000.0,10234000.0,941423000.0,546553000.0,720630000.0,,692763000.0,684782000.0,116000.0,1124760000.0,4725334000.0,1872699000.0,1658431000.0,2693543000.0,5259005000.0,543900000.0,543900000.0,543900000.0
Discover Financial Services,DFS,Z1YLO2USPORE63VVUL20,1393612,2011.0,Q3TTM,2010-09-01,2011-08-31,,3.75,3.75,0.16,1017663000.0,,3.75,,1214932000.0,52569000.0,6155761000.0,482499000.0,543069000.0,2063983000.0,2063983000.0,,2042137000.0,4724185000.0,331985000.0,-3753000.0,21846000.0,16133000.0,1231644000.0,739783000.0,902676000.0,,1075728000.0,885272000.0,116000.0,1500278000.0,6224463000.0,2500109000.0,2130567000.0,3278915000.0,6854752000.0,543900000.0,543900000.0,543900000.0
Discover Financial Services,DFS,Z1YLO2USPORE63VVUL20,1393612,2011.0,Q3,2011-06-01,2011-08-31,2012-10-03 20:02:01+00:00,1.18,1.18,0.06,241719000.0,,1.18,,398263000.0,15676000.0,1580920000.0,120301000.0,133398000.0,648818000.0,648818000.0,,641772000.0,1237039000.0,81610000.0,-3614000.0,7046000.0,2496000.0,326820000.0,185518000.0,228757000.0,,99514000.0,241881000.0,33000.0,362053000.0,1599092000.0,642407000.0,551963000.0,1047081000.0,1789002000.0,543900000.0,543900000.0,543900000.0
Discover Financial Services,DFS,Z1YLO2USPORE63VVUL20,1393612,2011.0,Q2YTD,2010-12-01,2011-05-31,,1.93,1.93,0.08,507865000.0,,1.93,,581151000.0,26859000.0,3091645000.0,254759000.0,259846000.0,1065311000.0,1065311000.0,,1052916000.0,2363535000.0,166510000.0,-8000.0,12395000.0,7738000.0,614603000.0,361035000.0,491873000.0,,593249000.0,442901000.0,83000.0,762707000.0,3126242000.0,1230292000.0,1106468000.0,1646462000.0,3470003000.0,544500000.0,544500000.0,544500000.0
Discover Financial Services,DFS,Z1YLO2USPORE63VVUL20,1393612,2011.0,Q2TTM,2010-06-01,2011-05-31,,3.04,3.04,0.12,1055081000.0,,3.04,,988195000.0,42467000.0,6098336000.0,472198000.0,540203000.0,1675782000.0,1675782000.0,,1658559000.0,4633948000.0,330454000.0,18812000.0,17223000.0,20507000.0,1218940000.0,705682000.0,904996000.0,,1688779000.0,847601000.0,83000.0,1527362000.0,6161310000.0,2423940000.0,2142748000.0,2663977000.0,6776696000.0,544500000.0,544500000.0,544500000.0
Discover Financial Services,DFS,Z1YLO2USPORE63VVUL20,1393612,2011.0,Q2,2011-03-01,2011-05-31,2012-06-26 17:06:26+00:00,1.09,1.09,0.06,251170000.0,,1.09,,326040000.0,14644000.0,1554993000.0,128772000.0,124181000.0,600419000.0,600419000.0,,593488000.0,1193299000.0,84545000.0,-149000.0,6931000.0,3641000.0,311136000.0,196592000.0,232857000.0,,175540000.0,229826000.0,37000.0,379979000.0,1573278000.0,635144000.0,543844000.0,926459000.0,1737143000.0,544500000.0,544500000.0,544500000.0
Discover Financial Services,DFS,Z1YLO2USPORE63VVUL20,1393612,2011.0,Q1TTM,2010-03-01,2011-02-28,,2.29,2.29,0.08,1102246000.0,,2.28,,826281000.0,32887000.0,6082097000.0,449712000.0,513992000.0,1333430000.0,1333430000.0,,1249661000.0,4587810000.0,326687000.0,18961000.0,83769000.0,24830000.0,1213558000.0,641354000.0,879229000.0,,2237503000.0,820311000.0,46000.0,1552004000.0,6139814000.0,2302344000.0,2111748000.0,2159711000.0,6699558000.0,546900000.0,546900000.0,546900000.0
Discover Financial Services,DFS,Z1YLO2USPORE63VVUL20,1393612,2011.0,Q1,2010-12-01,2011-02-28,2012-04-03 17:34:21+00:00,0.84,0.84,0.02,256695000.0,,0.84,,255111000.0,12215000.0,1536652000.0,125987000.0,135665000.0,464892000.0,464892000.0,,459428000.0,1170236000.0,81965000.0,141000.0,5464000.0,4097000.0,303467000.0,164443000.0,259016000.0,,417709000.0,213075000.0,46000.0,382728000.0,1552964000.0,595148000.0,562624000.0,720003000.0,1732860000.0,546900000.0,546900000.0,546900000.0
Discover Financial Services,DFS,Z1YLO2USPORE63VVUL20,1393612,2012.0,Q4,2012-09-01,2012-11-30,,1.07,1.07,-0.3,194787000.0,,1.07,,309156000.0,21131000.0,1679930000.0,116528000.0,192025000.0,550717000.0,550717000.0,,541261000.0,1393963000.0,98549000.0,130972000.0,9456000.0,4793000.0,294011000.0,232472000.0,179124000.0,,337599000.0,277552000.0,576000.0,311891000.0,1705854000.0,800598000.0,604107000.0,859873000.0,1998070000.0,518600000.0,518600000.0,519700000.0
Discover Financial Services,DFS,Z1YLO2USPORE63VVUL20,1393612,2012.0,FY,2011-12-01,2012-11-30,2015-02-25 16:51:51+00:00,4.47,4.47,,845000000.0,,4.46,,1408000000.0,80000000.0,6607000000.0,485000000.0,603000000.0,2345000000.0,2345000000.0,,2318000000.0,5372000000.0,365000000.0,131000000.0,27000000.0,16000000.0,1253000000.0,1036000000.0,897000000.0,,848000000.0,1048000000.0,1000000.0,1331000000.0,6703000000.0,3052000000.0,2281000000.0,3753000000.0,7653000000.0,518600000.0,518600000.0,519700000.0
Discover Financial Services,DFS,Z1YLO2USPORE63VVUL20,1393612,2012.0,Q3YTD,2011-12-01,2012-08-31,,3.4,3.4,0.3,650213000.0,,3.39,,1098844000.0,58869000.0,4927070000.0,368472000.0,410975000.0,1794283000.0,1794283000.0,,1776739000.0,3978037000.0,266451000.0,28000.0,17544000.0,11207000.0,958989000.0,803528000.0,717876000.0,,510401000.0,770448000.0,424000.0,1019109000.0,4997146000.0,2251402000.0,1676893000.0,2893127000.0,5654930000.0,513000000.0,513000000.0,513000000.0
Discover Financial Services,DFS,Z1YLO2USPORE63VVUL20,1393612,2012.0,Q3TTM,2011-09-01,2012-08-31,,4.35,4.35,0.16,887629000.0,,4.34,,1403430000.0,75334000.0,6527505000.0,491412000.0,554731000.0,2307154000.0,2307154000.0,,2284051000.0,5237463000.0,353331000.0,-350000.0,23103000.0,13973000.0,1281566000.0,1011975000.0,942246000.0,,830638000.0,999666000.0,308000.0,1379349000.0,6616812000.0,2919703000.0,2223462000.0,3710584000.0,7460925000.0,513000000.0,513000000.0,513000000.0
Discover Financial Services,DFS,Z1YLO2USPORE63VVUL20,1393612,2012.0,Q3,2012-06-01,2012-08-31,2012-10-03 20:02:01+00:00,1.21,1.21,0.1,204982000.0,,1.21,,385028000.0,21371000.0,1669269000.0,119905000.0,160534000.0,626686000.0,626686000.0,,620770000.0,1369659000.0,88374000.0,0.0,5916000.0,4329000.0,324699000.0,302633000.0,269551000.0,,126288000.0,274366000.0,423000.0,325310000.0,1694969000.0,825907000.0,594250000.0,1011714000.0,1963909000.0,513000000.0,513000000.0,513000000.0
Discover Financial Services,DFS,Z1YLO2USPORE63VVUL20,1393612,2012.0,Q2YTD,2011-12-01,2012-05-31,,2.19,2.19,0.2,445231000.0,,2.18,,713816000.0,37498000.0,3257801000.0,248567000.0,250441000.0,1167597000.0,1167597000.0,,1155969000.0,2608378000.0,178077000.0,28000.0,11628000.0,6878000.0,634290000.0,500895000.0,448325000.0,,384113000.0,496082000.0,1000.0,693799000.0,3302177000.0,1425495000.0,1082643000.0,1881413000.0,3691021000.0,526300000.0,526300000.0,531500000.0
Discover Financial Services,DFS,Z1YLO2USPORE63VVUL20,1393612,2012.0,Q2TTM,2011-06-01,2012-05-31,,4.32,4.32,0.12,924366000.0,,4.31,,1416665000.0,69639000.0,6439156000.0,491808000.0,527595000.0,2329286000.0,2329286000.0,,2305053000.0,5104843000.0,346567000.0,-3964000.0,24233000.0,12140000.0,1283687000.0,894860000.0,901452000.0,,803864000.0,967181000.0,-82000.0,1416092000.0,6520935000.0,2736203000.0,2181175000.0,3745951000.0,7286018000.0,526300000.0,526300000.0,531500000.0
Discover Financial Services,DFS,Z1YLO2USPORE63VVUL20,1393612,2012.0,Q2,2012-03-01,2012-05-31,2012-06-26 17:06:26+00:00,1.01,1.01,0.1,216458000.0,,1.0,,330576000.0,19987000.0,1631158000.0,124081000.0,119012000.0,536591000.0,536591000.0,,531545000.0,1315079000.0,90305000.0,28000.0,5046000.0,4473000.0,317498000.0,289794000.0,215614000.0,,232584000.0,249357000.0,0.0,340539000.0,1655618000.0,748468000.0,533140000.0,867167000.0,1848219000.0,526300000.0,526300000.0,531500000.0
Discover Financial Services,DFS,Z1YLO2USPORE63VVUL20,1393612,2012.0,Q1TTM,2011-03-01,2012-02-29,,4.4,4.4,0.08,959078000.0,,4.4,,1412129000.0,64296000.0,6362991000.0,496499000.0,532764000.0,2393114000.0,2393114000.0,,2366996000.0,4983063000.0,340807000.0,-4141000.0,26118000.0,11308000.0,1277325000.0,801658000.0,918695000.0,,746820000.0,947650000.0,-45000.0,1455532000.0,6438595000.0,2622879000.0,2191879000.0,3805243000.0,7174942000.0,529200000.0,529200000.0,529200000.0
Discover Financial Services,DFS,Z1YLO2USPORE63VVUL20,1393612,2012.0,Q1,2011-12-01,2012-02-29,2012-04-03 17:34:21+00:00,1.18,1.18,0.1,228773000.0,,1.18,,383240000.0,17511000.0,1626643000.0,124486000.0,131429000.0,631006000.0,631006000.0,,624424000.0,1293299000.0,87772000.0,0.0,6582000.0,2405000.0,316792000.0,211101000.0,232711000.0,,151529000.0,246725000.0,1000.0,353260000.0,1646559000.0,677027000.0,549503000.0,1014246000.0,1842802000.0,529200000.0,529200000.0,529200000.0
Discover Financial Services,DFS,Z1YLO2USPORE63VVUL20,1393612,2013.0,FY,2013-01-01,2013-12-31,2016-02-24 16:49:41+00:00,4.97,4.97,,698000000.0,,4.96,,1474000000.0,74000000.0,6975000000.0,445000000.0,717000000.0,2470000000.0,2470000000.0,,2414000000.0,5918000000.0,415000000.0,149000000.0,56000000.0,15000000.0,1318000000.0,898000000.0,839000000.0,,1086000000.0,1164000000.0,3000000.0,1146000000.0,7064000000.0,3194000000.0,2306000000.0,3944000000.0,8224000000.0,485700000.0,485700000.0,486700000.0
Discover Financial Services,DFS,Z1YLO2USPORE63VVUL20,1393612,2013.0,Q4,2013-10-01,2013-12-31,,1.24,1.24,-0.4,159000000.0,,1.23,,335000000.0,19000000.0,1818000000.0,114000000.0,189000000.0,602000000.0,602000000.0,,588000000.0,1569000000.0,111000000.0,19000000.0,14000000.0,5000000.0,325000000.0,241000000.0,216000000.0,,354000000.0,297000000.0,,273000000.0,1842000000.0,838000000.0,560000000.0,937000000.0,2129000000.0,485700000.0,485700000.0,486700000.0
Discover Financial Services,DFS,Z1YLO2USPORE63VVUL20,1393612,2013.0,Q3YTD,2013-01-01,2013-09-30,,3.73,3.73,0.4,539000000.0,,3.73,,1139000000.0,55000000.0,5157000000.0,331000000.0,528000000.0,1868000000.0,1868000000.0,,1826000000.0,4349000000.0,304000000.0,130000000.0,42000000.0,10000000.0,993000000.0,657000000.0,623000000.0,,732000000.0,867000000.0,3000000.0,873000000.0,5222000000.0,2356000000.0,1746000000.0,3007000000.0,6095000000.0,482500000.0,482500000.0,482500000.0
Discover Financial Services,DFS,Z1YLO2USPORE63VVUL20,1393612,2013.0,Q3TTM,2012-09-01,2013-09-30,,4.8,4.8,0.1,733787000.0,,4.8,,1448156000.0,76131000.0,6836930000.0,447528000.0,720025000.0,2418717000.0,2418717000.0,,2367261000.0,5742963000.0,402549000.0,260972000.0,51456000.0,14793000.0,1287011000.0,889472000.0,802124000.0,,1069599000.0,1144552000.0,3576000.0,1184891000.0,6927854000.0,3156598000.0,2350107000.0,3866873000.0,8093070000.0,482500000.0,482500000.0,482500000.0
Discover Financial Services,DFS,Z1YLO2USPORE63VVUL20,1393612,2013.0,Q3,2013-07-01,2013-09-30,2014-10-28 17:04:24+00:00,1.2,1.2,0.2,169000000.0,,1.2,,353000000.0,16000000.0,1768000000.0,108000000.0,174000000.0,593000000.0,593000000.0,,579000000.0,1509000000.0,102000000.0,25000000.0,14000000.0,3000000.0,322000000.0,215000000.0,206000000.0,,333000000.0,292000000.0,1000000.0,278000000.0,1787000000.0,783000000.0,553000000.0,946000000.0,2062000000.0,482500000.0,482500000.0,482500000.0
Discover Financial Services,DFS,Z1YLO2USPORE63VVUL20,1393612,2013.0,Q2YTD,2013-01-01,2013-06-30,,2.53,2.53,0.2,370000000.0,,2.53,,786000000.0,39000000.0,3389000000.0,223000000.0,354000000.0,1275000000.0,1275000000.0,,1247000000.0,2840000000.0,202000000.0,105000000.0,28000000.0,7000000.0,671000000.0,442000000.0,417000000.0,,399000000.0,575000000.0,2000000.0,595000000.0,3435000000.0,1573000000.0,1193000000.0,2061000000.0,4033000000.0,490000000.0,490000000.0,490000000.0
Discover Financial Services,DFS,Z1YLO2USPORE63VVUL20,1393612,2013.0,Q2TTM,2012-06-01,2013-06-30,,4.81,4.81,,769769000.0,,4.81,,1480184000.0,81502000.0,6738199000.0,459433000.0,706559000.0,2452403000.0,2452403000.0,,2409031000.0,5603622000.0,388923000.0,235972000.0,43372000.0,16122000.0,1289710000.0,977105000.0,865675000.0,,862887000.0,1126918000.0,2999000.0,1232201000.0,6835823000.0,3199505000.0,2391357000.0,3932587000.0,7994979000.0,490000000.0,490000000.0,490000000.0
Discover Financial Services,DFS,Z1YLO2USPORE63VVUL20,1393612,2013.0,Q2,2013-04-01,2013-06-30,2014-07-31 18:31:15+00:00,1.2,1.2,0.2,184000000.0,,1.2,,379000000.0,19000000.0,1704000000.0,112000000.0,185000000.0,602000000.0,602000000.0,,588000000.0,1430000000.0,105000000.0,51000000.0,14000000.0,4000000.0,355000000.0,245000000.0,205000000.0,,240000000.0,285000000.0,1000000.0,297000000.0,1727000000.0,820000000.0,611000000.0,981000000.0,2041000000.0,490000000.0,490000000.0,490000000.0
Discover Financial Services,DFS,Z1YLO2USPORE63VVUL20,1393612,2013.0,Q1TTM,2012-03-01,2013-03-31,,4.62,4.62,-0.1,802227000.0,,4.61,,1431760000.0,82489000.0,6665357000.0,471514000.0,640571000.0,2386994000.0,2386994000.0,,2352576000.0,5488701000.0,374228000.0,185000000.0,34418000.0,16595000.0,1252208000.0,1021899000.0,876289000.0,,855471000.0,1091275000.0,1999000.0,1275740000.0,6764441000.0,3127973000.0,2313497000.0,3818754000.0,7802198000.0,495500000.0,495500000.0,495500000.0
Discover Financial Services,DFS,Z1YLO2USPORE63VVUL20,1393612,2013.0,Q1,2013-01-01,2013-03-31,2014-04-29 17:29:37+00:00,1.33,1.33,0.0,186000000.0,,1.33,,407000000.0,20000000.0,1685000000.0,111000000.0,169000000.0,673000000.0,673000000.0,,659000000.0,1410000000.0,97000000.0,54000000.0,14000000.0,3000000.0,316000000.0,197000000.0,212000000.0,,159000000.0,290000000.0,1000000.0,298000000.0,1708000000.0,753000000.0,582000000.0,1080000000.0,1992000000.0,495500000.0,495500000.0,495500000.0
Discover Financial Services,DFS,Z1YLO2USPORE63VVUL20,1393612,2014.0,FY,2014-01-01,2014-12-31,2017-02-22 17:54:42+00:00,4.91,4.91,,614000000.0,,4.9,,1371000000.0,67000000.0,7510000000.0,518000000.0,735000000.0,2323000000.0,2323000000.0,,2270000000.0,6462000000.0,438000000.0,85000000.0,53000000.0,19000000.0,1161000000.0,925000000.0,769000000.0,,1443000000.0,1242000000.0,2000000.0,1134000000.0,7596000000.0,3340000000.0,2015000000.0,3694000000.0,8477000000.0,462300000.0,462300000.0,463300000.0
Discover Financial Services,DFS,Z1YLO2USPORE63VVUL20,1393612,2014.0,Q4,2014-10-01,2014-12-31,,0.88,0.88,-0.68,157000000.0,,0.87,,244000000.0,17000000.0,1952000000.0,144000000.0,216000000.0,404000000.0,404000000.0,,392000000.0,1672000000.0,112000000.0,24000000.0,12000000.0,5000000.0,149000000.0,290000000.0,192000000.0,,457000000.0,314000000.0,1000000.0,302000000.0,1974000000.0,932000000.0,365000000.0,648000000.0,2037000000.0,462300000.0,462300000.0,463300000.0
Discover Financial Services,DFS,Z1YLO2USPORE63VVUL20,1393612,2014.0,Q3YTD,2014-01-01,2014-09-30,,4.03,4.03,0.68,457000000.0,,4.03,,1127000000.0,50000000.0,5558000000.0,374000000.0,519000000.0,1919000000.0,1919000000.0,,1878000000.0,4790000000.0,326000000.0,61000000.0,41000000.0,14000000.0,1012000000.0,635000000.0,577000000.0,,986000000.0,928000000.0,1000000.0,832000000.0,5622000000.0,2408000000.0,1650000000.0,3046000000.0,6440000000.0,459900000.0,459900000.0,459900000.0
Discover Financial Services,DFS,Z1YLO2USPORE63VVUL20,1393612,2014.0,Q3TTM,2013-10-01,2014-09-30,,5.27,5.27,0.28,616000000.0,,5.26,,1462000000.0,69000000.0,7376000000.0,488000000.0,708000000.0,2521000000.0,2521000000.0,,2466000000.0,6359000000.0,437000000.0,80000000.0,55000000.0,19000000.0,1337000000.0,876000000.0,793000000.0,,1340000000.0,1225000000.0,1000000.0,1105000000.0,7464000000.0,3246000000.0,2210000000.0,3983000000.0,8569000000.0,459900000.0,459900000.0,459900000.0
Discover Financial Services,DFS,Z1YLO2USPORE63VVUL20,1393612,2014.0,Q3,2014-07-01,2014-09-30,2015-10-29 16:54:00+00:00,1.37,1.37,0.24,153000000.0,,1.37,,365000000.0,17000000.0,1904000000.0,135000000.0,182000000.0,644000000.0,644000000.0,,630000000.0,1638000000.0,110000000.0,19000000.0,14000000.0,5000000.0,341000000.0,215000000.0,192000000.0,,354000000.0,320000000.0,0.0,288000000.0,1926000000.0,827000000.0,552000000.0,1009000000.0,2190000000.0,459900000.0,459900000.0,459900000.0
Discover Financial Services,DFS,Z1YLO2USPORE63VVUL20,1393612,2014.0,Q2YTD,2014-01-01,2014-06-30,,2.66,2.66,0.44,304000000.0,,2.66,,762000000.0,33000000.0,3654000000.0,239000000.0,337000000.0,1275000000.0,1275000000.0,,1248000000.0,3152000000.0,216000000.0,42000000.0,27000000.0,9000000.0,671000000.0,420000000.0,385000000.0,,632000000.0,608000000.0,1000000.0,544000000.0,3696000000.0,1581000000.0,1098000000.0,2037000000.0,4250000000.0,466700000.0,466700000.0,466700000.0
Discover Financial Services,DFS,Z1YLO2USPORE63VVUL20,1393612,2014.0,Q2TTM,2013-07-01,2014-06-30,,5.1,5.1,0.24,632000000.0,,5.09,,1450000000.0,68000000.0,7240000000.0,461000000.0,700000000.0,2470000000.0,2470000000.0,,2415000000.0,6230000000.0,429000000.0,86000000.0,55000000.0,17000000.0,1318000000.0,876000000.0,807000000.0,,1319000000.0,1197000000.0,2000000.0,1095000000.0,7325000000.0,3202000000.0,2211000000.0,3920000000.0,8441000000.0,466700000.0,466700000.0,466700000.0
Discover Financial Services,DFS,Z1YLO2USPORE63VVUL20,1393612,2014.0,Q2,2014-04-01,2014-06-30,2015-07-29 16:46:53+00:00,1.35,1.35,0.24,151000000.0,,1.35,,371000000.0,17000000.0,1842000000.0,123000000.0,168000000.0,644000000.0,644000000.0,,630000000.0,1589000000.0,109000000.0,22000000.0,14000000.0,4000000.0,373000000.0,219000000.0,188000000.0,,360000000.0,301000000.0,0.0,274000000.0,1863000000.0,797000000.0,583000000.0,1015000000.0,2172000000.0,466700000.0,466700000.0,466700000.0
Discover Financial Services,DFS,Z1YLO2USPORE63VVUL20,1393612,2014.0,Q1TTM,2013-04-01,2014-03-31,,4.95,4.95,0.2,665000000.0,,4.94,,1458000000.0,70000000.0,7102000000.0,450000000.0,717000000.0,2428000000.0,2428000000.0,,2373000000.0,6071000000.0,425000000.0,115000000.0,55000000.0,17000000.0,1300000000.0,902000000.0,824000000.0,,1199000000.0,1181000000.0,3000000.0,1118000000.0,7189000000.0,3225000000.0,2239000000.0,3886000000.0,8310000000.0,471800000.0,471800000.0,471800000.0
Discover Financial Services,DFS,Z1YLO2USPORE63VVUL20,1393612,2014.0,Q1,2014-01-01,2014-03-31,2015-04-30 17:21:32+00:00,1.31,1.31,0.2,153000000.0,,1.31,,391000000.0,16000000.0,1812000000.0,116000000.0,169000000.0,631000000.0,631000000.0,,618000000.0,1563000000.0,107000000.0,20000000.0,13000000.0,5000000.0,298000000.0,201000000.0,197000000.0,,272000000.0,307000000.0,1000000.0,270000000.0,1833000000.0,784000000.0,515000000.0,1022000000.0,2078000000.0,471800000.0,471800000.0,471800000.0
Discover Financial Services,DFS,Z1YLO2USPORE63VVUL20,1393612,2015.0,FY,2015-01-01,2015-12-31,2018-02-21 16:25:19+00:00,5.14,5.14,,623000000.0,,5.13,,1315000000.0,49000000.0,7869000000.0,639000000.0,745000000.0,2297000000.0,2297000000.0,,2246000000.0,6682000000.0,444000000.0,77000000.0,51000000.0,27000000.0,1276000000.0,1099000000.0,704000000.0,,1512000000.0,1327000000.0,1000000.0,1263000000.0,7945000000.0,3615000000.0,2057000000.0,3612000000.0,8739000000.0,437000000.0,437000000.0,437800000.0
Discover Financial Services,DFS,Z1YLO2USPORE63VVUL20,1393612,2015.0,Q4,2015-10-01,2015-12-31,,1.15,1.15,-0.8,159000000.0,,1.14,,288000000.0,13000000.0,2041000000.0,170000000.0,196000000.0,500000000.0,500000000.0,,488000000.0,1732000000.0,111000000.0,1000000.0,12000000.0,7000000.0,301000000.0,293000000.0,171000000.0,,484000000.0,333000000.0,,329000000.0,2061000000.0,933000000.0,473000000.0,788000000.0,2205000000.0,437000000.0,437000000.0,437800000.0
Discover Financial Services,DFS,Z1YLO2USPORE63VVUL20,1393612,2015.0,Q3,2015-07-01,2015-09-30,2016-10-27 16:35:30+00:00,1.38,1.38,0.28,157000000.0,,1.38,,362000000.0,11000000.0,1990000000.0,166000000.0,168000000.0,612000000.0,612000000.0,,599000000.0,1685000000.0,108000000.0,2000000.0,13000000.0,7000000.0,327000000.0,269000000.0,174000000.0,,332000000.0,337000000.0,0.0,323000000.0,2008000000.0,882000000.0,503000000.0,974000000.0,2188000000.0,434100000.0,434100000.0,434100000.0
Discover Financial Services,DFS,Z1YLO2USPORE63VVUL20,1393612,2015.0,Q3YTD,2015-01-01,2015-09-30,,3.99,3.99,0.8,464000000.0,,3.99,,1027000000.0,36000000.0,5828000000.0,469000000.0,549000000.0,1797000000.0,1797000000.0,,1758000000.0,4950000000.0,333000000.0,76000000.0,39000000.0,20000000.0,975000000.0,806000000.0,533000000.0,,1028000000.0,994000000.0,1000000.0,934000000.0,5884000000.0,2682000000.0,1584000000.0,2824000000.0,6534000000.0,434100000.0,434100000.0,434100000.0
Discover Financial Services,DFS,Z1YLO2USPORE63VVUL20,1393612,2015.0,Q3TTM,2014-10-01,2015-09-30,,4.87,4.87,0.12,621000000.0,,4.86,,1271000000.0,53000000.0,7780000000.0,613000000.0,765000000.0,2201000000.0,2201000000.0,,2150000000.0,6622000000.0,445000000.0,100000000.0,51000000.0,25000000.0,1124000000.0,1096000000.0,725000000.0,,1485000000.0,1308000000.0,2000000.0,1236000000.0,7858000000.0,3614000000.0,1949000000.0,3472000000.0,8571000000.0,434100000.0,434100000.0,434100000.0
Discover Financial Services,DFS,Z1YLO2USPORE63VVUL20,1393612,2015.0,Q2,2015-04-01,2015-06-30,2016-08-02 17:05:26+00:00,1.33,1.33,0.28,155000000.0,,1.33,,343000000.0,12000000.0,1928000000.0,156000000.0,199000000.0,599000000.0,599000000.0,,586000000.0,1636000000.0,113000000.0,26000000.0,13000000.0,7000000.0,338000000.0,289000000.0,175000000.0,,306000000.0,326000000.0,0.0,311000000.0,1947000000.0,927000000.0,539000000.0,942000000.0,2175000000.0,440600000.0,440600000.0,440600000.0
Discover Financial Services,DFS,Z1YLO2USPORE63VVUL20,1393612,2015.0,Q2YTD,2015-01-01,2015-06-30,,2.61,2.61,0.52,307000000.0,,2.61,,665000000.0,25000000.0,3838000000.0,303000000.0,381000000.0,1185000000.0,1185000000.0,,1159000000.0,3265000000.0,225000000.0,74000000.0,26000000.0,13000000.0,648000000.0,537000000.0,359000000.0,,696000000.0,657000000.0,1000000.0,611000000.0,3876000000.0,1800000000.0,1081000000.0,1850000000.0,4346000000.0,440600000.0,440600000.0,440600000.0
Discover Financial Services,DFS,Z1YLO2USPORE63VVUL20,1393612,2015.0,Q2TTM,2014-07-01,2015-06-30,,4.86,4.86,0.08,617000000.0,,4.85,,1274000000.0,59000000.0,7694000000.0,582000000.0,779000000.0,2233000000.0,2233000000.0,,2181000000.0,6575000000.0,447000000.0,117000000.0,52000000.0,23000000.0,1138000000.0,1042000000.0,743000000.0,,1507000000.0,1291000000.0,2000000.0,1201000000.0,7776000000.0,3559000000.0,1998000000.0,3507000000.0,8573000000.0,440600000.0,440600000.0,440600000.0
Discover Financial Services,DFS,Z1YLO2USPORE63VVUL20,1393612,2015.0,Q1,2015-01-01,2015-03-31,2016-04-28 16:58:42+00:00,1.28,1.28,0.24,152000000.0,,1.28,,322000000.0,13000000.0,1910000000.0,147000000.0,182000000.0,586000000.0,586000000.0,,573000000.0,1629000000.0,112000000.0,48000000.0,13000000.0,6000000.0,310000000.0,248000000.0,184000000.0,,390000000.0,331000000.0,1000000.0,300000000.0,1929000000.0,873000000.0,542000000.0,908000000.0,2171000000.0,447700000.0,447700000.0,447700000.0
Discover Financial Services,DFS,Z1YLO2USPORE63VVUL20,1393612,2015.0,Q1TTM,2014-04-01,2015-03-31,,4.88,4.88,0.04,613000000.0,,4.87,,1302000000.0,64000000.0,7608000000.0,549000000.0,748000000.0,2278000000.0,2278000000.0,,2225000000.0,6528000000.0,443000000.0,113000000.0,53000000.0,20000000.0,1173000000.0,972000000.0,756000000.0,,1561000000.0,1266000000.0,2000000.0,1164000000.0,7692000000.0,3429000000.0,2042000000.0,3580000000.0,8570000000.0,447700000.0,447700000.0,447700000.0
Discover Financial Services,DFS,Z1YLO2USPORE63VVUL20,1393612,2016.0,FY,2016-01-01,2016-12-31,2019-02-20 16:56:07+00:00,5.77,5.77,1.16,687000000.0,,5.77,,1263000000.0,38000000.0,8516000000.0,711000000.0,731000000.0,2393000000.0,2393000000.0,,2339000000.0,7218000000.0,434000000.0,,54000000.0,62000000.0,1449000000.0,1040000000.0,432000000.0,,1859000000.0,1379000000.0,,1398000000.0,8616000000.0,3584000000.0,1881000000.0,3656000000.0,9099000000.0,405400000.0,405400000.0,405400000.0
Discover Financial Services,DFS,Z1YLO2USPORE63VVUL20,1393612,2016.0,Q4,2016-10-01,2016-12-31,,1.39,1.39,-0.88,181000000.0,,1.39,,320000000.0,8000000.0,2233000000.0,185000000.0,176000000.0,563000000.0,563000000.0,,550000000.0,1892000000.0,104000000.0,,13000000.0,17000000.0,533000000.0,265000000.0,-67000000.0,,578000000.0,352000000.0,,366000000.0,2258000000.0,897000000.0,466000000.0,883000000.0,2358000000.0,405400000.0,405400000.0,405400000.0
Discover Financial Services,DFS,Z1YLO2USPORE63VVUL20,1393612,2016.0,Q3,2016-07-01,2016-09-30,2017-11-02 16:18:19+00:00,1.56,1.56,0.3,178000000.0,,1.56,,322000000.0,9000000.0,2159000000.0,181000000.0,195000000.0,639000000.0,639000000.0,,625000000.0,1825000000.0,106000000.0,0.0,14000000.0,16000000.0,303000000.0,252000000.0,173000000.0,,445000000.0,342000000.0,,359000000.0,2184000000.0,895000000.0,476000000.0,961000000.0,2301000000.0,400600000.0,400600000.0,400600000.0
Discover Financial Services,DFS,Z1YLO2USPORE63VVUL20,1393612,2016.0,Q3YTD,2016-01-01,2016-09-30,,4.38,4.38,0.88,506000000.0,,4.38,,943000000.0,30000000.0,6283000000.0,526000000.0,555000000.0,1830000000.0,1830000000.0,,1789000000.0,5326000000.0,330000000.0,,41000000.0,45000000.0,916000000.0,775000000.0,499000000.0,,1281000000.0,1027000000.0,,1032000000.0,6358000000.0,2687000000.0,1415000000.0,2773000000.0,6741000000.0,400600000.0,400600000.0,400600000.0
Discover Financial Services,DFS,Z1YLO2USPORE63VVUL20,1393612,2016.0,Q3TTM,2015-10-01,2016-09-30,,5.53,5.53,0.08,665000000.0,,5.52,,1231000000.0,43000000.0,8324000000.0,696000000.0,751000000.0,2330000000.0,2330000000.0,,2277000000.0,7058000000.0,441000000.0,1000000.0,53000000.0,52000000.0,1217000000.0,1068000000.0,670000000.0,,1765000000.0,1360000000.0,,1361000000.0,8419000000.0,3620000000.0,1888000000.0,3561000000.0,8946000000.0,400600000.0,400600000.0,400600000.0
Discover Financial Services,DFS,Z1YLO2USPORE63VVUL20,1393612,2016.0,Q2,2016-04-01,2016-06-30,2017-08-01 17:16:43+00:00,1.47,1.47,0.3,166000000.0,,1.47,,282000000.0,10000000.0,2065000000.0,173000000.0,198000000.0,616000000.0,616000000.0,,602000000.0,1751000000.0,112000000.0,,14000000.0,15000000.0,304000000.0,256000000.0,161000000.0,,412000000.0,340000000.0,,339000000.0,2090000000.0,906000000.0,465000000.0,898000000.0,2216000000.0,409500000.0,409500000.0,409500000.0
Discover Financial Services,DFS,Z1YLO2USPORE63VVUL20,1393612,2016.0,Q2YTD,2016-01-01,2016-06-30,,2.82,2.82,0.58,328000000.0,,2.82,,621000000.0,21000000.0,4124000000.0,345000000.0,360000000.0,1191000000.0,1191000000.0,,1164000000.0,3501000000.0,224000000.0,,27000000.0,29000000.0,613000000.0,523000000.0,326000000.0,,836000000.0,685000000.0,,673000000.0,4174000000.0,1792000000.0,939000000.0,1812000000.0,4440000000.0,409500000.0,409500000.0,409500000.0
Discover Financial Services,DFS,Z1YLO2USPORE63VVUL20,1393612,2016.0,Q2TTM,2015-07-01,2016-06-30,,5.35,5.35,0.06,644000000.0,,5.34,,1271000000.0,45000000.0,8155000000.0,681000000.0,724000000.0,2303000000.0,2303000000.0,,2251000000.0,6918000000.0,443000000.0,3000000.0,52000000.0,43000000.0,1241000000.0,1085000000.0,671000000.0,,1652000000.0,1355000000.0,,1325000000.0,8243000000.0,3607000000.0,1915000000.0,3574000000.0,8833000000.0,409500000.0,409500000.0,409500000.0
Discover Financial Services,DFS,Z1YLO2USPORE63VVUL20,1393612,2016.0,Q1,2016-01-01,2016-03-31,2017-05-02 16:19:54+00:00,1.35,1.35,0.28,162000000.0,,1.35,,339000000.0,11000000.0,2059000000.0,172000000.0,162000000.0,575000000.0,575000000.0,,562000000.0,1750000000.0,112000000.0,,13000000.0,14000000.0,309000000.0,267000000.0,165000000.0,,424000000.0,345000000.0,,334000000.0,2084000000.0,886000000.0,474000000.0,914000000.0,2224000000.0,416300000.0,416300000.0,416300000.0
Discover Financial Services,DFS,Z1YLO2USPORE63VVUL20,1393612,2016.0,Q1TTM,2015-04-01,2016-03-31,,5.21,5.21,0.04,633000000.0,,5.2,,1332000000.0,47000000.0,8018000000.0,664000000.0,725000000.0,2286000000.0,2286000000.0,,2235000000.0,6803000000.0,444000000.0,29000000.0,51000000.0,35000000.0,1275000000.0,1118000000.0,685000000.0,,1546000000.0,1341000000.0,,1297000000.0,8100000000.0,3628000000.0,1989000000.0,3618000000.0,8792000000.0,416300000.0,416300000.0,416300000.0
Discover Financial Services,DFS,Z1YLO2USPORE63VVUL20,1393612,2017.0,FY,2017-01-01,2017-12-31,2020-02-26 17:04:06+00:00,5.43,5.43,1.3,846000000.0,,5.42,,1438000000.0,27000000.0,9467000000.0,802000000.0,776000000.0,2099000000.0,2099000000.0,,2031000000.0,8000000000.0,414000000.0,,68000000.0,154000000.0,1442000000.0,1079000000.0,455000000.0,,2579000000.0,1512000000.0,,1648000000.0,9648000000.0,3781000000.0,1897000000.0,3537000000.0,9897000000.0,374000000.0,374000000.0,374700000.0
Discover Financial Services,DFS,Z1YLO2USPORE63VVUL20,1393612,2017.0,Q4,2017-10-01,2017-12-31,,1.0,1.0,-0.95,238000000.0,,1.0,,512000000.0,7000000.0,2503000000.0,198000000.0,213000000.0,387000000.0,387000000.0,,359000000.0,2120000000.0,106000000.0,,28000000.0,46000000.0,494000000.0,306000000.0,,,679000000.0,411000000.0,,436000000.0,2556000000.0,1036000000.0,494000000.0,899000000.0,2614000000.0,374000000.0,374000000.0,374700000.0
Discover Financial Services,DFS,Z1YLO2USPORE63VVUL20,1393612,2017.0,Q3,2017-07-01,2017-09-30,2018-10-31 16:48:30+00:00,1.59,1.59,0.35,218000000.0,,1.59,,301000000.0,6000000.0,2426000000.0,208000000.0,203000000.0,602000000.0,602000000.0,,589000000.0,2050000000.0,103000000.0,,13000000.0,44000000.0,356000000.0,271000000.0,119000000.0,,674000000.0,371000000.0,,426000000.0,2476000000.0,948000000.0,475000000.0,903000000.0,2525000000.0,370400000.0,370400000.0,370400000.0
Discover Financial Services,DFS,Z1YLO2USPORE63VVUL20,1393612,2017.0,Q3YTD,2017-01-01,2017-09-30,,4.43,4.43,0.95,608000000.0,,4.42,,926000000.0,20000000.0,6964000000.0,604000000.0,563000000.0,1712000000.0,1712000000.0,,1672000000.0,5880000000.0,308000000.0,,40000000.0,108000000.0,948000000.0,773000000.0,455000000.0,,1900000000.0,1101000000.0,,1212000000.0,7092000000.0,2745000000.0,1403000000.0,2638000000.0,7283000000.0,370400000.0,370400000.0,370400000.0
Discover Financial Services,DFS,Z1YLO2USPORE63VVUL20,1393612,2017.0,Q3TTM,2016-10-01,2017-09-30,,5.82,5.82,0.07,789000000.0,,5.81,,1246000000.0,28000000.0,9197000000.0,789000000.0,739000000.0,2275000000.0,2275000000.0,,2222000000.0,7772000000.0,412000000.0,,53000000.0,125000000.0,1481000000.0,1038000000.0,388000000.0,,2478000000.0,1453000000.0,,1578000000.0,9350000000.0,3642000000.0,1869000000.0,3521000000.0,9641000000.0,370400000.0,370400000.0,370400000.0
Discover Financial Services,DFS,Z1YLO2USPORE63VVUL20,1393612,2017.0,Q2,2017-04-01,2017-06-30,2018-08-01 17:12:50+00:00,1.41,1.41,0.3,199000000.0,,1.4,,321000000.0,7000000.0,2295000000.0,201000000.0,192000000.0,546000000.0,546000000.0,,532000000.0,1938000000.0,100000000.0,,14000000.0,36000000.0,320000000.0,253000000.0,161000000.0,,640000000.0,367000000.0,,400000000.0,2338000000.0,912000000.0,481000000.0,867000000.0,2419000000.0,377300000.0,377300000.0,380000000.0
Discover Financial Services,DFS,Z1YLO2USPORE63VVUL20,1393612,2017.0,Q2YTD,2017-01-01,2017-06-30,,2.84,2.84,0.6,390000000.0,,2.83,,625000000.0,14000000.0,4538000000.0,396000000.0,360000000.0,1110000000.0,1110000000.0,,1083000000.0,3830000000.0,205000000.0,,27000000.0,64000000.0,592000000.0,502000000.0,336000000.0,,1226000000.0,730000000.0,,786000000.0,4616000000.0,1797000000.0,928000000.0,1735000000.0,4758000000.0,377300000.0,377300000.0,380000000.0
Discover Financial Services,DFS,Z1YLO2USPORE63VVUL20,1393612,2017.0,Q2TTM,2016-07-01,2017-06-30,,5.79,5.79,0.02,749000000.0,,5.78,,1267000000.0,31000000.0,8930000000.0,762000000.0,731000000.0,2312000000.0,2312000000.0,,2258000000.0,7547000000.0,415000000.0,,54000000.0,97000000.0,1428000000.0,1019000000.0,442000000.0,,2249000000.0,1424000000.0,,1511000000.0,9058000000.0,3589000000.0,1870000000.0,3579000000.0,9417000000.0,377300000.0,377300000.0,380000000.0
Discover Financial Services,DFS,Z1YLO2USPORE63VVUL20,1393612,2017.0,Q1,2017-01-01,2017-03-31,2018-05-01 17:01:03+00:00,1.43,1.43,0.3,191000000.0,,1.43,,304000000.0,7000000.0,2243000000.0,195000000.0,168000000.0,564000000.0,564000000.0,,551000000.0,1892000000.0,105000000.0,,13000000.0,28000000.0,272000000.0,249000000.0,175000000.0,,586000000.0,363000000.0,,386000000.0,2278000000.0,885000000.0,447000000.0,868000000.0,2339000000.0,385300000.0,385300000.0,385300000.0
Discover Financial Services,DFS,Z1YLO2USPORE63VVUL20,1393612,2017.0,Q1TTM,2016-04-01,2017-03-31,,5.85,5.85,0.02,716000000.0,,5.85,,1228000000.0,34000000.0,8700000000.0,734000000.0,737000000.0,2382000000.0,2382000000.0,,2328000000.0,7360000000.0,427000000.0,,54000000.0,76000000.0,1412000000.0,1022000000.0,442000000.0,,2021000000.0,1397000000.0,,1450000000.0,8810000000.0,3583000000.0,1854000000.0,3610000000.0,9214000000.0,385300000.0,385300000.0,385300000.0
Discover Financial Services,DFS,Z1YLO2USPORE63VVUL20,1393612,2018.0,FY,2018-01-01,2018-12-31,2020-02-26 17:04:06+00:00,7.81,7.81,1.5,1238000000.0,,7.79,,855000000.0,40000000.0,10561000000.0,901000000.0,857000000.0,2742000000.0,2742000000.0,,2689000000.0,8754000000.0,452000000.0,,53000000.0,292000000.0,1456000000.0,1141000000.0,499000000.0,,3035000000.0,1627000000.0,,2139000000.0,10893000000.0,4077000000.0,1955000000.0,3597000000.0,10709000000.0,344300000.0,344300000.0,345200000.0
Discover Financial Services,DFS,Z1YLO2USPORE63VVUL20,1393612,2018.0,Q4,2018-10-01,2018-12-31,,2.03,2.03,,360000000.0,,2.01,,210000000.0,17000000.0,2799000000.0,245000000.0,230000000.0,687000000.0,687000000.0,,681000000.0,2302000000.0,119000000.0,,6000000.0,91000000.0,373000000.0,347000000.0,132000000.0,,800000000.0,414000000.0,,605000000.0,2907000000.0,1110000000.0,505000000.0,897000000.0,2807000000.0,344300000.0,344300000.0,345200000.0
Discover Financial Services,DFS,Z1YLO2USPORE63VVUL20,1393612,2018.0,Q3,2018-07-01,2018-09-30,2019-10-30 16:21:16+00:00,2.05,2.05,,329000000.0,,2.05,,247000000.0,10000000.0,2695000000.0,229000000.0,218000000.0,720000000.0,720000000.0,,699000000.0,2223000000.0,115000000.0,,21000000.0,76000000.0,378000000.0,274000000.0,123000000.0,,742000000.0,408000000.0,,558000000.0,2781000000.0,1015000000.0,501000000.0,967000000.0,2724000000.0,341000000.0,341000000.0,341000000.0
Discover Financial Services,DFS,Z1YLO2USPORE63VVUL20,1393612,2018.0,Q3YTD,2018-01-01,2018-09-30,,5.78,5.78,,878000000.0,,5.78,,645000000.0,23000000.0,7762000000.0,656000000.0,627000000.0,2055000000.0,2055000000.0,,2008000000.0,6452000000.0,333000000.0,,47000000.0,201000000.0,1083000000.0,794000000.0,367000000.0,,2235000000.0,1213000000.0,,1534000000.0,7986000000.0,2967000000.0,1450000000.0,2700000000.0,7902000000.0,341000000.0,341000000.0,341000000.0
Discover Financial Services,DFS,Z1YLO2USPORE63VVUL20,1393612,2018.0,Q3TTM,2017-10-01,2018-09-30,,6.78,6.78,-0.95,1116000000.0,,6.78,,1157000000.0,30000000.0,10265000000.0,854000000.0,840000000.0,2442000000.0,2442000000.0,,2367000000.0,8572000000.0,439000000.0,,75000000.0,247000000.0,1577000000.0,1100000000.0,367000000.0,,2914000000.0,1624000000.0,,1970000000.0,10542000000.0,4003000000.0,1944000000.0,3599000000.0,10516000000.0,341000000.0,341000000.0,341000000.0
Discover Financial Services,DFS,Z1YLO2USPORE63VVUL20,1393612,2018.0,Q2,2018-04-01,2018-06-30,2019-08-01 16:24:30+00:00,1.91,1.91,,287000000.0,,1.91,,208000000.0,6000000.0,2560000000.0,220000000.0,224000000.0,669000000.0,669000000.0,,663000000.0,2129000000.0,110000000.0,,6000000.0,70000000.0,355000000.0,250000000.0,119000000.0,,742000000.0,400000000.0,,507000000.0,2636000000.0,984000000.0,474000000.0,877000000.0,2603000000.0,347100000.0,347100000.0,347100000.0
Discover Financial Services,DFS,Z1YLO2USPORE63VVUL20,1393612,2018.0,Q2YTD,2018-01-01,2018-06-30,,3.73,3.73,,549000000.0,,3.73,,398000000.0,13000000.0,5067000000.0,427000000.0,409000000.0,1335000000.0,1335000000.0,,1309000000.0,4229000000.0,218000000.0,,26000000.0,125000000.0,705000000.0,520000000.0,244000000.0,,1493000000.0,805000000.0,,976000000.0,5205000000.0,1952000000.0,949000000.0,1733000000.0,5178000000.0,347100000.0,347100000.0,347100000.0
Discover Financial Services,DFS,Z1YLO2USPORE63VVUL20,1393612,2018.0,Q2TTM,2017-07-01,2018-06-30,,6.32,6.32,-0.6,1005000000.0,,6.32,,1211000000.0,26000000.0,9996000000.0,833000000.0,825000000.0,2324000000.0,2324000000.0,,2257000000.0,8399000000.0,427000000.0,,67000000.0,215000000.0,1555000000.0,1097000000.0,363000000.0,,2846000000.0,1587000000.0,,1838000000.0,10237000000.0,3936000000.0,1918000000.0,3535000000.0,10317000000.0,347100000.0,347100000.0,347100000.0
Discover Financial Services,DFS,Z1YLO2USPORE63VVUL20,1393612,2018.0,Q1,2018-01-01,2018-03-31,2019-05-02 16:52:31+00:00,1.82,1.82,0.35,262000000.0,,1.82,,190000000.0,7000000.0,2507000000.0,207000000.0,185000000.0,666000000.0,666000000.0,,646000000.0,2100000000.0,108000000.0,,20000000.0,55000000.0,350000000.0,270000000.0,125000000.0,,751000000.0,405000000.0,,469000000.0,2569000000.0,968000000.0,475000000.0,856000000.0,2575000000.0,354900000.0,354900000.0,354900000.0
Discover Financial Services,DFS,Z1YLO2USPORE63VVUL20,1393612,2018.0,Q1TTM,2017-04-01,2018-03-31,,5.82,5.82,-0.3,917000000.0,,5.81,,1324000000.0,27000000.0,9731000000.0,814000000.0,793000000.0,2201000000.0,2201000000.0,,2126000000.0,8208000000.0,417000000.0,,75000000.0,181000000.0,1520000000.0,1100000000.0,405000000.0,,2744000000.0,1554000000.0,,1731000000.0,9939000000.0,3864000000.0,1925000000.0,3525000000.0,10133000000.0,354900000.0,354900000.0,354900000.0
Discover Financial Services,DFS,Z1YLO2USPORE63VVUL20,1393612,2019.0,Q4,2019-10-01,2019-12-31,,2.26,2.26,,393000000.0,,2.25,,216000000.0,59000000.0,2949000000.0,222000000.0,234000000.0,708000000.0,708000000.0,,707000000.0,2424000000.0,140000000.0,,1000000.0,31000000.0,380000000.0,363000000.0,140000000.0,,836000000.0,447000000.0,,615000000.0,3039000000.0,1184000000.0,520000000.0,924000000.0,2944000000.0,319900000.0,319900000.0,320300000.0
Discover Financial Services,DFS,Z1YLO2USPORE63VVUL20,1393612,2019.0,FY,2019-01-01,2019-12-31,2020-02-26 17:04:06+00:00,9.09,9.09,1.68,1587000000.0,,9.08,,878000000.0,179000000.0,11561000000.0,943000000.0,883000000.0,2957000000.0,2957000000.0,,2908000000.0,9463000000.0,516000000.0,,49000000.0,253000000.0,1457000000.0,1256000000.0,539000000.0,,3231000000.0,1738000000.0,,2530000000.0,11993000000.0,4393000000.0,1996000000.0,3835000000.0,11459000000.0,319900000.0,319900000.0,320300000.0
Discover Financial Services,DFS,Z1YLO2USPORE63VVUL20,1393612,2019.0,Q3YTD,2019-01-01,2019-09-30,,6.83,6.83,,1194000000.0,,6.83,,662000000.0,120000000.0,8612000000.0,721000000.0,649000000.0,2249000000.0,2249000000.0,,2201000000.0,7039000000.0,376000000.0,,48000000.0,222000000.0,1077000000.0,893000000.0,399000000.0,,2395000000.0,1291000000.0,,1915000000.0,8954000000.0,3209000000.0,1476000000.0,2911000000.0,8515000000.0,317400000.0,317400000.0,317400000.0
Discover Financial Services,DFS,Z1YLO2USPORE63VVUL20,1393612,2019.0,Q3TTM,2018-10-01,2019-09-30,,8.86,8.86,,1554000000.0,,8.84,,872000000.0,137000000.0,11411000000.0,966000000.0,879000000.0,2936000000.0,2936000000.0,,2882000000.0,9341000000.0,495000000.0,,54000000.0,313000000.0,1450000000.0,1240000000.0,531000000.0,,3195000000.0,1705000000.0,,2520000000.0,11861000000.0,4319000000.0,1981000000.0,3808000000.0,11322000000.0,317400000.0,317400000.0,317400000.0
Discover Financial Services,DFS,Z1YLO2USPORE63VVUL20,1393612,2019.0,Q3,2019-07-01,2019-09-30,2019-10-30 16:21:16+00:00,2.36,2.36,,407000000.0,,2.36,,224000000.0,53000000.0,2937000000.0,231000000.0,230000000.0,770000000.0,770000000.0,,749000000.0,2402000000.0,122000000.0,,21000000.0,50000000.0,355000000.0,316000000.0,143000000.0,,799000000.0,439000000.0,,638000000.0,3040000000.0,1107000000.0,498000000.0,994000000.0,2900000000.0,317400000.0,317400000.0,317400000.0
Discover Financial Services,DFS,Z1YLO2USPORE63VVUL20,1393612,2019.0,Q2YTD,2019-01-01,2019-06-30,,4.47,4.47,,787000000.0,,4.47,,438000000.0,67000000.0,5675000000.0,490000000.0,419000000.0,1479000000.0,1479000000.0,,1452000000.0,4637000000.0,254000000.0,,27000000.0,172000000.0,722000000.0,577000000.0,256000000.0,,1596000000.0,852000000.0,,1277000000.0,5914000000.0,2102000000.0,978000000.0,1917000000.0,5615000000.0,322000000.0,322000000.0,322000000.0
Discover Financial Services,DFS,Z1YLO2USPORE63VVUL20,1393612,2019.0,Q2TTM,2018-07-01,2019-06-30,,8.55,8.55,,1476000000.0,,8.53,,895000000.0,94000000.0,11169000000.0,964000000.0,867000000.0,2886000000.0,2886000000.0,,2832000000.0,9162000000.0,488000000.0,,54000000.0,339000000.0,1473000000.0,1198000000.0,511000000.0,,3138000000.0,1674000000.0,,2440000000.0,11602000000.0,4227000000.0,1984000000.0,3781000000.0,11146000000.0,322000000.0,322000000.0,322000000.0
Discover Financial Services,DFS,Z1YLO2USPORE63VVUL20,1393612,2019.0,Q2,2019-04-01,2019-06-30,2019-08-01 16:24:30+00:00,2.32,2.32,,401000000.0,,2.32,,234000000.0,39000000.0,2856000000.0,244000000.0,224000000.0,753000000.0,753000000.0,,747000000.0,2332000000.0,127000000.0,,6000000.0,82000000.0,396000000.0,300000000.0,124000000.0,,787000000.0,427000000.0,,645000000.0,2977000000.0,1078000000.0,520000000.0,987000000.0,2852000000.0,322000000.0,322000000.0,322000000.0
Discover Financial Services,DFS,Z1YLO2USPORE63VVUL20,1393612,2019.0,Q1,2019-01-01,2019-03-31,2020-04-30 16:19:10+00:00,2.15,2.15,0.4,386000000.0,,2.15,,204000000.0,28000000.0,2819000000.0,246000000.0,195000000.0,726000000.0,726000000.0,,705000000.0,2305000000.0,127000000.0,0.0,21000000.0,90000000.0,326000000.0,277000000.0,132000000.0,,809000000.0,425000000.0,,632000000.0,2937000000.0,1024000000.0,458000000.0,930000000.0,2763000000.0,327900000.0,327900000.0,327900000.0
Discover Financial Services,DFS,Z1YLO2USPORE63VVUL20,1393612,2019.0,Q1TTM,2018-04-01,2019-03-31,,8.14,8.14,,1362000000.0,,8.12,,869000000.0,61000000.0,10873000000.0,940000000.0,867000000.0,2802000000.0,2802000000.0,,2748000000.0,8959000000.0,471000000.0,,54000000.0,327000000.0,1432000000.0,1148000000.0,506000000.0,,3093000000.0,1647000000.0,,2302000000.0,11261000000.0,4133000000.0,1938000000.0,3671000000.0,10897000000.0,327900000.0,327900000.0,327900000.0
Discover Financial Services,DFS,Z1YLO2USPORE63VVUL20,1393612,2020.0,Q1TTM,2019-04-01,2020-03-31,,6.69,6.69,,1574000000.0,,6.68,,657000000.0,209000000.0,11642000000.0,908000000.0,919000000.0,2170000000.0,2170000000.0,,2125000000.0,9556000000.0,533000000.0,36000000.0,45000000.0,187000000.0,1438000000.0,1296000000.0,554000000.0,,4229000000.0,1780000000.0,,2482000000.0,12038000000.0,4528000000.0,2028000000.0,2827000000.0,11584000000.0,312000000.0,312000000.0,312000000.0
Discover Financial Services,DFS,Z1YLO2USPORE63VVUL20,1393612,2020.0,Q1,2020-01-01,2020-03-31,2020-04-30 16:19:10+00:00,-0.25,-0.25,0.44,373000000.0,,-0.25,,-17000000.0,58000000.0,2900000000.0,211000000.0,231000000.0,-61000000.0,-61000000.0,,-78000000.0,2398000000.0,144000000.0,36000000.0,17000000.0,24000000.0,307000000.0,317000000.0,147000000.0,,1807000000.0,467000000.0,,584000000.0,2982000000.0,1159000000.0,490000000.0,-78000000.0,2888000000.0,312000000.0,312000000.0,312000000.0
