company_name,company_ticker,company_lei,company_cik,year,quarter,start_date,end_date,filing_date,amortizationexpense,basicdilutedeps,basiceps,cashdividendspershare,depreciationexpense,dilutedeps,impairmentexpense,incometaxexpense,investmentsecuritiesinterestincome,longtermdebtinterestexpense,netincome,netincomecontinuing,netincometocommon,netincometononcontrollinginterest,netinterestincome,netrealizedcapitalgains,othergains,othernoninterestincome,otheroperatingexpenses,otherservicechargeincome,otherspecialcharges,premiumsearned,propertyliabilityinsuranceclaims,restructuringcharge,totalinterestexpense,totalinterestincome,totalnoninterestexpense,totalnoninterestincome,totalpretaxincome,totalrevenue,weightedavebasicdilutedsharesos,weightedavebasicsharesos,weightedavedilutedsharesos
Extra Space Storage Inc,EXR,,1289490,2008.0,FY,2008-01-01,2008-12-31,2011-02-25 16:08:45+00:00,,0.46,0.46,1.0,49566000.0,0.46,,519000.0,8249000.0,68671000.0,43349000.0,43349000.0,35781000.0,7568000.0,-60422000.0,6311000.0,6932000.0,235695000.0,130391000.0,20945000.0,,16091000.0,,1727000.0,68671000.0,8249000.0,181684000.0,279042000.0,36936000.0,218620000.0,77800000.0,76996754.0,82352988.0
Extra Space Storage Inc,EXR,,1289490,2009.0,FY,2009-01-01,2009-12-31,2012-02-29 14:16:40+00:00,,0.37,0.37,0.38,52403000.0,0.37,,4300000.0,6432000.0,69818000.0,39093000.0,39093000.0,31977000.0,7116000.0,-63386000.0,27928000.0,6964000.0,238256000.0,136845000.0,20961000.0,,20929000.0,,19011000.0,69818000.0,6432000.0,208259000.0,308074000.0,36429000.0,244688000.0,86400000.0,86343029.0,91082834.0
Extra Space Storage Inc,EXR,,1289490,2009.0,Q3,2009-07-01,2009-09-30,2010-11-05 13:25:41+00:00,,0.07,0.07,,13797000.0,0.07,,726000.0,1458000.0,18127000.0,7574000.0,7574000.0,5967000.0,1607000.0,-16669000.0,,1752000.0,60380000.0,34077000.0,5191000.0,,5542000.0,,22000.0,18127000.0,1458000.0,47896000.0,71113000.0,6548000.0,54444000.0,85200000.0,86437877.0,91548984.0
Extra Space Storage Inc,EXR,,1289490,2009.0,Q2,2009-04-01,2009-06-30,2010-08-06 15:47:43+00:00,,-0.09,-0.09,,12840000.0,-0.09,,943000.0,1533000.0,16379000.0,-6681000.0,-6681000.0,-7541000.0,860000.0,-14846000.0,5093000.0,1641000.0,58705000.0,35050000.0,5275000.0,,5085000.0,,18801000.0,16379000.0,1533000.0,66691000.0,74158000.0,-7379000.0,59312000.0,83800000.0,86397618.0,91607503.0
Extra Space Storage Inc,EXR,,1289490,2010.0,Q4,2010-10-01,2010-12-31,,,0.1,0.1,-0.3,13209000.0,0.1,,815000.0,1396000.0,15335000.0,10788000.0,10788000.0,8916000.0,1872000.0,-13939000.0,,1957000.0,60186000.0,35548000.0,6066000.0,,6902000.0,,812000.0,15335000.0,1396000.0,49569000.0,73154000.0,9646000.0,59215000.0,87800000.0,87324104.0,92050453.0
Extra Space Storage Inc,EXR,,1289490,2010.0,FY,2010-01-01,2010-12-31,2013-02-28 16:12:33+00:00,,0.3,0.3,,50349000.0,0.3,,4162000.0,5748000.0,65780000.0,33374000.0,33374000.0,26331000.0,7043000.0,-60032000.0,,6753000.0,232447000.0,139098000.0,23122000.0,,25928000.0,,1235000.0,65780000.0,5748000.0,190682000.0,281497000.0,30783000.0,221465000.0,87800000.0,87324104.0,92050453.0
Extra Space Storage Inc,EXR,,1289490,2010.0,Q3YTD,2010-01-01,2010-09-30,,,0.2,0.2,0.3,37140000.0,0.2,,3347000.0,4352000.0,50445000.0,22586000.0,22586000.0,17415000.0,5171000.0,-46093000.0,,4796000.0,172261000.0,103550000.0,17056000.0,,19026000.0,,423000.0,50445000.0,4352000.0,141113000.0,208343000.0,21137000.0,162250000.0,85200000.0,87484731.0,92189852.0
Extra Space Storage Inc,EXR,,1289490,2010.0,Q3,2010-07-01,2010-09-30,2011-11-07 15:45:54+00:00,,0.09,0.09,0.1,12519000.0,0.09,,1088000.0,1391000.0,16118000.0,9482000.0,9482000.0,7667000.0,1815000.0,-14727000.0,,1736000.0,59332000.0,35688000.0,5851000.0,,6796000.0,,211000.0,16118000.0,1391000.0,48418000.0,71979000.0,8834000.0,57252000.0,85200000.0,87484731.0,92189852.0
Extra Space Storage Inc,EXR,,1289490,2010.0,Q2,2010-04-01,2010-06-30,2011-08-08 13:58:49+00:00,,0.07,0.07,0.1,12202000.0,0.07,,1214000.0,1423000.0,16649000.0,7925000.0,7925000.0,6180000.0,1745000.0,-15226000.0,,1559000.0,56786000.0,33627000.0,5653000.0,,6338000.0,,142000.0,16649000.0,1423000.0,45971000.0,68777000.0,7580000.0,53551000.0,88300000.0,87367967.0,92304831.0
Extra Space Storage Inc,EXR,,1289490,2010.0,Q2YTD,2010-01-01,2010-06-30,,,0.11,0.11,0.2,24621000.0,0.11,,2259000.0,2961000.0,34327000.0,13104000.0,13104000.0,9748000.0,3356000.0,-31366000.0,,3060000.0,112929000.0,67862000.0,11205000.0,,12230000.0,,212000.0,34327000.0,2961000.0,92695000.0,136364000.0,12303000.0,104998000.0,88300000.0,87367967.0,92304831.0
Extra Space Storage Inc,EXR,,1289490,2010.0,Q1,2010-01-01,2010-03-31,2011-05-06 14:46:33+00:00,,0.04,0.04,0.1,12419000.0,0.04,,1045000.0,1538000.0,17678000.0,5179000.0,5179000.0,3568000.0,1611000.0,-16140000.0,,1501000.0,56143000.0,34235000.0,5552000.0,,5892000.0,,70000.0,17678000.0,1538000.0,46724000.0,67587000.0,4723000.0,51447000.0,89200000.0,86873472.0,91666076.0
Extra Space Storage Inc,EXR,,1289490,2011.0,Q4,2011-10-01,2011-12-31,,,0.18,0.18,-0.42,15973000.0,0.17,,552000.0,1683000.0,18323000.0,18414000.0,18414000.0,16278000.0,2136000.0,-16640000.0,,1227000.0,73460000.0,42129000.0,11460000.0,,8292000.0,,731000.0,18323000.0,1683000.0,58833000.0,93212000.0,17739000.0,76572000.0,91700000.0,91301265.0,93633573.0
Extra Space Storage Inc,EXR,,1289490,2011.0,FY,2011-01-01,2011-12-31,2014-03-03 16:31:45+00:00,,0.55,0.55,,58014000.0,0.54,,1155000.0,5877000.0,69062000.0,58423000.0,58423000.0,50449000.0,7974000.0,-63185000.0,,7287000.0,268725000.0,153444000.0,29924000.0,,31181000.0,,2896000.0,69062000.0,5877000.0,214354000.0,329830000.0,52291000.0,266645000.0,91700000.0,91301265.0,93633573.0
Extra Space Storage Inc,EXR,,1289490,2011.0,Q3YTD,2011-01-01,2011-09-30,,,0.37,0.37,0.42,42041000.0,0.37,,603000.0,4194000.0,50739000.0,40009000.0,40009000.0,34171000.0,5838000.0,-46545000.0,,6060000.0,195265000.0,111315000.0,18464000.0,,22889000.0,,2165000.0,50739000.0,4194000.0,155521000.0,236618000.0,34552000.0,190073000.0,95400000.0,94314429.0,98867803.0
Extra Space Storage Inc,EXR,,1289490,2011.0,Q3TTM,2010-10-01,2011-09-30,,,0.47,0.47,0.12,55250000.0,0.47,,1418000.0,5590000.0,66074000.0,50797000.0,50797000.0,43087000.0,7710000.0,-60484000.0,,8017000.0,255451000.0,146863000.0,24530000.0,,29791000.0,,2977000.0,66074000.0,5590000.0,205090000.0,309772000.0,44198000.0,249288000.0,95400000.0,94314429.0,98867803.0
Extra Space Storage Inc,EXR,,1289490,2011.0,Q3,2011-07-01,2011-09-30,2012-11-05 11:03:35+00:00,,0.16,0.16,0.14,14364000.0,0.16,,-62000.0,1398000.0,17196000.0,17352000.0,17352000.0,15261000.0,2091000.0,-15798000.0,,1873000.0,69475000.0,38172000.0,6353000.0,,8269000.0,,346000.0,17196000.0,1398000.0,52882000.0,84097000.0,15417000.0,68299000.0,95400000.0,94314429.0,98867803.0
Extra Space Storage Inc,EXR,,1289490,2011.0,Q2YTD,2011-01-01,2011-06-30,,,0.21,0.21,0.28,27677000.0,0.21,,665000.0,2796000.0,33543000.0,22657000.0,22657000.0,18910000.0,3747000.0,-30747000.0,,4187000.0,125790000.0,73143000.0,12111000.0,,14620000.0,,1819000.0,33543000.0,2796000.0,102639000.0,152521000.0,19135000.0,121774000.0,88400000.0,91439042.0,96010848.0
Extra Space Storage Inc,EXR,,1289490,2011.0,Q2TTM,2010-07-01,2011-06-30,,,0.4,0.4,0.08,53405000.0,0.4,,2568000.0,5583000.0,64996000.0,42927000.0,42927000.0,35493000.0,7434000.0,-59413000.0,,7880000.0,245308000.0,144379000.0,24028000.0,,28318000.0,,2842000.0,64996000.0,5583000.0,200626000.0,297654000.0,37615000.0,238241000.0,88400000.0,91439042.0,96010848.0
Extra Space Storage Inc,EXR,,1289490,2011.0,Q2,2011-04-01,2011-06-30,2012-08-08 15:58:58+00:00,,0.12,0.12,0.14,14092000.0,0.12,,411000.0,1401000.0,16701000.0,12517000.0,12517000.0,10609000.0,1908000.0,-15300000.0,,2376000.0,64300000.0,36526000.0,6144000.0,,7596000.0,,1570000.0,16701000.0,1401000.0,52188000.0,78040000.0,10552000.0,62740000.0,88400000.0,91439042.0,96010848.0
Extra Space Storage Inc,EXR,,1289490,2011.0,Q1TTM,2010-04-01,2011-03-31,,,0.35,0.35,0.04,51515000.0,0.35,,3371000.0,5605000.0,64944000.0,38335000.0,38335000.0,31064000.0,7271000.0,-59339000.0,,7063000.0,237794000.0,141480000.0,23537000.0,,27060000.0,,1414000.0,64944000.0,5605000.0,194409000.0,288391000.0,34643000.0,229052000.0,92200000.0,88045951.0,92812067.0
Extra Space Storage Inc,EXR,,1289490,2011.0,Q1,2011-01-01,2011-03-31,2012-05-08 15:40:15+00:00,,0.09,0.09,0.14,13585000.0,0.09,,254000.0,1395000.0,16842000.0,10140000.0,10140000.0,8301000.0,1839000.0,-15447000.0,,1811000.0,61490000.0,36617000.0,5967000.0,,7024000.0,,249000.0,16842000.0,1395000.0,50451000.0,74481000.0,8583000.0,59034000.0,92200000.0,88045951.0,92812067.0
Extra Space Storage Inc,EXR,,1289490,2012.0,Q4,2012-10-01,2012-12-31,,,0.35,0.35,-0.6,21535000.0,0.34,,1173000.0,1844000.0,19502000.0,38873000.0,38873000.0,36076000.0,2797000.0,-17658000.0,,14592000.0,97681000.0,47233000.0,6230000.0,,9756000.0,,1787000.0,19502000.0,1844000.0,70555000.0,113667000.0,25454000.0,96009000.0,102000000.0,101766385.0,103767365.0
Extra Space Storage Inc,EXR,,1289490,2012.0,FY,2012-01-01,2012-12-31,2015-03-02 17:07:29+00:00,,1.15,1.15,,74453000.0,1.14,,5413000.0,6666000.0,72294000.0,127689000.0,127689000.0,117309000.0,10380000.0,-65628000.0,,41489000.0,346874000.0,172351000.0,25706000.0,,36816000.0,,5351000.0,72294000.0,6666000.0,252155000.0,409396000.0,91613000.0,343768000.0,102000000.0,101766385.0,103767365.0
Extra Space Storage Inc,EXR,,1289490,2012.0,Q3YTD,2012-01-01,2012-09-30,,,0.8,0.8,0.6,52918000.0,0.8,,4240000.0,4822000.0,52792000.0,88816000.0,88816000.0,81233000.0,7583000.0,-47970000.0,,26897000.0,249193000.0,125118000.0,19476000.0,,27060000.0,,3564000.0,52792000.0,4822000.0,181600000.0,295729000.0,66159000.0,247759000.0,104300000.0,104252227.0,108755316.0
Extra Space Storage Inc,EXR,,1289490,2012.0,Q3TTM,2011-10-01,2012-09-30,,,0.98,0.98,0.18,68891000.0,0.97,,4792000.0,6505000.0,71115000.0,107230000.0,107230000.0,97511000.0,9719000.0,-64610000.0,,28124000.0,322653000.0,167247000.0,30936000.0,,35352000.0,,4295000.0,71115000.0,6505000.0,240433000.0,388941000.0,83898000.0,324331000.0,104300000.0,104252227.0,108755316.0
Extra Space Storage Inc,EXR,,1289490,2012.0,Q3,2012-07-01,2012-09-30,2013-11-04 11:37:01+00:00,,0.37,0.37,0.2,19768000.0,0.37,,1656000.0,1674000.0,18423000.0,41553000.0,41553000.0,38606000.0,2947000.0,-16749000.0,,16474000.0,94065000.0,44053000.0,6231000.0,,9495000.0,,2486000.0,18423000.0,1674000.0,66307000.0,109791000.0,26735000.0,93042000.0,104300000.0,104252227.0,108755316.0
Extra Space Storage Inc,EXR,,1289490,2012.0,Q2YTD,2012-01-01,2012-06-30,,,0.43,0.43,0.4,33150000.0,0.43,,2584000.0,3148000.0,34369000.0,47263000.0,47263000.0,42627000.0,4636000.0,-31221000.0,,10423000.0,155128000.0,81065000.0,13245000.0,,17565000.0,,1078000.0,34369000.0,3148000.0,115293000.0,185938000.0,39424000.0,154717000.0,101900000.0,102107535.0,106653965.0
Extra Space Storage Inc,EXR,,1289490,2012.0,Q2TTM,2011-07-01,2012-06-30,,,0.77,0.77,0.12,63487000.0,0.76,,3074000.0,6229000.0,69888000.0,83029000.0,83029000.0,74166000.0,8863000.0,-63659000.0,,13523000.0,298063000.0,161366000.0,31058000.0,,34126000.0,,2155000.0,69888000.0,6229000.0,227008000.0,363247000.0,72580000.0,299588000.0,101900000.0,102107535.0,106653965.0
Extra Space Storage Inc,EXR,,1289490,2012.0,Q2,2012-04-01,2012-06-30,2013-08-08 16:16:14+00:00,,0.22,0.22,0.2,16626000.0,0.22,,1634000.0,1660000.0,15854000.0,24745000.0,24745000.0,22413000.0,2332000.0,-14194000.0,,2698000.0,79284000.0,39981000.0,6659000.0,,9008000.0,,469000.0,15854000.0,1660000.0,57076000.0,94951000.0,23681000.0,80757000.0,101900000.0,102107535.0,106653965.0
Extra Space Storage Inc,EXR,,1289490,2012.0,Q1TTM,2011-04-01,2012-03-31,,,0.67,0.67,0.06,60953000.0,0.66,,1851000.0,5970000.0,70735000.0,70801000.0,70801000.0,62362000.0,8439000.0,-64765000.0,,13201000.0,283079000.0,157911000.0,30543000.0,,32714000.0,,3256000.0,70735000.0,5970000.0,222120000.0,346336000.0,59451000.0,281571000.0,96300000.0,94888078.0,99927352.0
Extra Space Storage Inc,EXR,,1289490,2012.0,Q1,2012-01-01,2012-03-31,2013-05-08 14:24:31+00:00,,0.21,0.21,0.2,16524000.0,0.21,,950000.0,1488000.0,18515000.0,22518000.0,22518000.0,20214000.0,2304000.0,-17027000.0,,7725000.0,75844000.0,41084000.0,6586000.0,,8557000.0,,609000.0,18515000.0,1488000.0,58217000.0,90987000.0,15743000.0,73960000.0,96300000.0,94888078.0,99927352.0
Extra Space Storage Inc,EXR,,1289490,2013.0,Q4,2013-10-01,2013-12-31,,,0.69,0.69,-1.05,25994000.0,0.68,,2837000.0,1442000.0,20095000.0,82172000.0,82172000.0,76940000.0,5232000.0,-18653000.0,160000.0,46187000.0,122538000.0,53569000.0,6704000.0,,12692000.0,,5056000.0,20095000.0,1442000.0,84619000.0,142094000.0,38822000.0,123441000.0,111700000.0,111349361.0,113105094.0
Extra Space Storage Inc,EXR,,1289490,2013.0,FY,2013-01-01,2013-12-31,2015-03-02 17:07:29+00:00,,1.54,1.54,,95232000.0,1.53,,9984000.0,5599000.0,73034000.0,185556000.0,185556000.0,172076000.0,13480000.0,-67435000.0,-8193000.0,57685000.0,446682000.0,203280000.0,26614000.0,,47317000.0,,8618000.0,73034000.0,5599000.0,307130000.0,512420000.0,137855000.0,444985000.0,111700000.0,111349361.0,113105094.0
Extra Space Storage Inc,EXR,,1289490,2013.0,Q3YTD,2013-01-01,2013-09-30,,,0.85,0.85,1.05,69238000.0,0.85,,7147000.0,4157000.0,52939000.0,103384000.0,103384000.0,95136000.0,8248000.0,-48782000.0,-8353000.0,11498000.0,324144000.0,149711000.0,19910000.0,,34625000.0,,3562000.0,52939000.0,4157000.0,222511000.0,370326000.0,99033000.0,321544000.0,112500000.0,110827793.0,115477145.0
Extra Space Storage Inc,EXR,,1289490,2013.0,Q3TTM,2012-10-01,2013-09-30,,,1.2,1.2,0.45,90773000.0,1.19,,8320000.0,6001000.0,72441000.0,142257000.0,142257000.0,131212000.0,11045000.0,-66440000.0,-8353000.0,26090000.0,421825000.0,196944000.0,26140000.0,,44381000.0,,5349000.0,72441000.0,6001000.0,293066000.0,483993000.0,124487000.0,417553000.0,112500000.0,110827793.0,115477145.0
Extra Space Storage Inc,EXR,,1289490,2013.0,Q3,2013-07-01,2013-09-30,2014-11-06 17:14:05+00:00,,0.26,0.26,0.4,23428000.0,0.26,,2281000.0,1415000.0,17098000.0,32352000.0,32352000.0,29245000.0,3107000.0,-15683000.0,-9153000.0,3405000.0,113881000.0,51192000.0,6936000.0,,12294000.0,,2427000.0,17098000.0,1415000.0,77047000.0,123958000.0,31228000.0,108275000.0,112500000.0,110827793.0,115477145.0
Extra Space Storage Inc,EXR,,1289490,2013.0,Q2YTD,2013-01-01,2013-06-30,,,0.59,0.59,0.65,45810000.0,0.59,,4866000.0,2742000.0,35841000.0,71032000.0,71032000.0,65891000.0,5141000.0,-33099000.0,800000.0,8093000.0,210263000.0,98519000.0,12974000.0,,22331000.0,,1135000.0,35841000.0,2742000.0,145464000.0,246368000.0,67805000.0,213269000.0,111200000.0,110731153.0,113962981.0
Extra Space Storage Inc,EXR,,1289490,2013.0,Q2TTM,2012-07-01,2013-06-30,,,1.31,1.31,0.25,87113000.0,1.3,,7695000.0,6260000.0,73766000.0,151458000.0,151458000.0,140573000.0,10885000.0,-67506000.0,800000.0,39159000.0,402009000.0,189805000.0,25435000.0,,41582000.0,,5408000.0,73766000.0,6260000.0,282326000.0,469826000.0,119994000.0,402320000.0,111200000.0,110731153.0,113962981.0
Extra Space Storage Inc,EXR,,1289490,2013.0,Q1TTM,2012-04-01,2013-03-31,,,1.22,1.22,0.05,80954000.0,1.21,,6471000.0,6575000.0,71145000.0,139102000.0,139102000.0,128520000.0,10582000.0,-64570000.0,,38943000.0,373953000.0,180383000.0,25298000.0,,38480000.0,,5194000.0,71145000.0,6575000.0,266531000.0,437731000.0,106630000.0,373161000.0,112200000.0,110314668.0,114967087.0
Extra Space Storage Inc,EXR,,1289490,2013.0,Q1,2013-01-01,2013-03-31,2014-05-08 09:00:56+00:00,,0.28,0.28,0.25,23025000.0,0.28,,2008000.0,1397000.0,17366000.0,33931000.0,33931000.0,31425000.0,2506000.0,-15969000.0,,5179000.0,102923000.0,49116000.0,6178000.0,,10221000.0,,452000.0,17366000.0,1397000.0,72593000.0,119322000.0,30760000.0,103353000.0,112200000.0,110314668.0,114967087.0
Extra Space Storage Inc,EXR,,1289490,2014.0,FY,2014-01-01,2014-12-31,2017-02-27 17:35:12+00:00,,1.54,1.54,,115076000.0,1.53,,7570000.0,6457000.0,84013000.0,195896000.0,195896000.0,178355000.0,17541000.0,-77556000.0,-10285000.0,14563000.0,559868000.0,243785000.0,28215000.0,,59072000.0,1724000.0,9826000.0,84013000.0,6457000.0,370411000.0,636870000.0,188903000.0,559314000.0,115800000.0,115713807.0,121435267.0
Extra Space Storage Inc,EXR,,1289490,2014.0,Q4,2014-10-01,2014-12-31,,,0.39,0.39,-1.34,29181000.0,0.38,,2233000.0,1652000.0,21072000.0,49486000.0,49486000.0,45122000.0,4364000.0,-19420000.0,,2947000.0,144420000.0,60223000.0,5125000.0,,15716000.0,1724000.0,5941000.0,21072000.0,1652000.0,97069000.0,165261000.0,48772000.0,145841000.0,115800000.0,115713807.0,121435267.0
Extra Space Storage Inc,EXR,,1289490,2014.0,Q3YTD,2014-01-01,2014-09-30,,,1.15,1.15,1.34,85895000.0,1.15,,5337000.0,4805000.0,62941000.0,146410000.0,146410000.0,133233000.0,13177000.0,-58136000.0,-10285000.0,11616000.0,415448000.0,183562000.0,23090000.0,,43356000.0,,3885000.0,62941000.0,4805000.0,273342000.0,471609000.0,140131000.0,413473000.0,115400000.0,115726911.0,121617554.0
Extra Space Storage Inc,EXR,,1289490,2014.0,Q3TTM,2013-10-01,2014-09-30,,,1.84,1.84,0.29,111889000.0,1.83,,8174000.0,6247000.0,83036000.0,228582000.0,228582000.0,210173000.0,18409000.0,-76789000.0,-10125000.0,57803000.0,537986000.0,237131000.0,29794000.0,,56048000.0,,8941000.0,83036000.0,6247000.0,357961000.0,613703000.0,178953000.0,536914000.0,115400000.0,115726911.0,121617554.0
Extra Space Storage Inc,EXR,,1289490,2014.0,Q3,2014-07-01,2014-09-30,2015-11-06 17:20:39+00:00,,0.47,0.47,0.47,29249000.0,0.47,,-1006000.0,1399000.0,21360000.0,59193000.0,59193000.0,54228000.0,4965000.0,-19961000.0,-2500000.0,3155000.0,144669000.0,61889000.0,9013000.0,,15385000.0,,436000.0,21360000.0,1399000.0,91574000.0,166567000.0,55032000.0,146606000.0,115400000.0,115726911.0,121617554.0
Extra Space Storage Inc,EXR,,1289490,2014.0,Q2YTD,2014-01-01,2014-06-30,,,0.68,0.68,0.87,56646000.0,0.68,,6343000.0,3406000.0,41581000.0,87217000.0,87217000.0,79005000.0,8212000.0,-38175000.0,-7785000.0,8461000.0,270779000.0,121673000.0,14077000.0,,27971000.0,,3449000.0,41581000.0,3406000.0,181768000.0,305042000.0,85099000.0,266867000.0,115700000.0,115653489.0,121254222.0
Extra Space Storage Inc,EXR,,1289490,2014.0,Q2TTM,2013-07-01,2014-06-30,,,1.63,1.63,0.22,106068000.0,1.62,,11461000.0,6263000.0,78774000.0,201741000.0,201741000.0,185190000.0,16551000.0,-72511000.0,-16778000.0,58053000.0,507198000.0,226434000.0,27717000.0,,52957000.0,,10932000.0,78774000.0,6263000.0,343434000.0,571094000.0,155149000.0,498583000.0,115700000.0,115653489.0,121254222.0
Extra Space Storage Inc,EXR,,1289490,2014.0,Q1TTM,2013-04-01,2014-03-31,,,1.58,1.58,0.15,100582000.0,1.57,,10806000.0,5684000.0,75928000.0,192834000.0,192834000.0,177991000.0,14843000.0,-70244000.0,-8193000.0,54925000.0,475760000.0,215922000.0,27559000.0,,50559000.0,,10222000.0,75928000.0,5684000.0,326726000.0,545685000.0,148715000.0,475441000.0,116700000.0,115438325.0,121062845.0
Extra Space Storage Inc,EXR,,1289490,2014.0,Q1,2014-01-01,2014-03-31,2015-05-08 16:14:15+00:00,,0.32,0.32,0.4,28375000.0,0.32,,2830000.0,1482000.0,20260000.0,41209000.0,41209000.0,37340000.0,3869000.0,-18778000.0,,2419000.0,132001000.0,61758000.0,7123000.0,,13463000.0,,2056000.0,20260000.0,1482000.0,92189000.0,152587000.0,41620000.0,133809000.0,116700000.0,115438325.0,121062845.0
Extra Space Storage Inc,EXR,,1289490,2015.0,FY,2015-01-01,2015-12-31,2018-03-01 16:42:49+00:00,,1.58,1.58,,133457000.0,1.56,,11148000.0,8311000.0,98992000.0,209536000.0,209536000.0,189474000.0,20062000.0,-90681000.0,1501000.0,15208000.0,676138000.0,284756000.0,34161000.0,,71971000.0,,69401000.0,98992000.0,8311000.0,487614000.0,783771000.0,205476000.0,693090000.0,119900000.0,119816743.0,126918869.0
Extra Space Storage Inc,EXR,,1289490,2015.0,Q4,2015-10-01,2015-12-31,,,0.07,0.07,-1.65,40766000.0,0.05,,3154000.0,3033000.0,31741000.0,11744000.0,11744000.0,8675000.0,3069000.0,-28708000.0,1501000.0,3297000.0,195672000.0,80986000.0,10192000.0,1501000.0,19895000.0,,63698000.0,31741000.0,3033000.0,186951000.0,227260000.0,11601000.0,198552000.0,119900000.0,119816743.0,126918869.0
Extra Space Storage Inc,EXR,,1289490,2015.0,Q3,2015-07-01,2015-09-30,2016-11-04 16:59:55+00:00,,0.58,0.58,0.59,30711000.0,0.58,,3561000.0,1569000.0,21616000.0,78200000.0,78200000.0,71718000.0,6482000.0,-20047000.0,,3403000.0,170548000.0,69202000.0,8723000.0,-1101000.0,18226000.0,,280000.0,21616000.0,1569000.0,99092000.0,197497000.0,78358000.0,177450000.0,123700000.0,122644837.0,130398111.0
Extra Space Storage Inc,EXR,,1289490,2015.0,Q3YTD,2015-01-01,2015-09-30,,,1.51,1.51,1.65,92691000.0,1.51,,7994000.0,5278000.0,67251000.0,197792000.0,197792000.0,180799000.0,16993000.0,-61973000.0,,11911000.0,480466000.0,203770000.0,23969000.0,-1501000.0,52076000.0,,5703000.0,67251000.0,5278000.0,300663000.0,556511000.0,193875000.0,494538000.0,123700000.0,122644837.0,130398111.0
Extra Space Storage Inc,EXR,,1289490,2015.0,Q3TTM,2014-10-01,2015-09-30,,,1.9,1.9,0.31,121872000.0,1.89,,10227000.0,6930000.0,88323000.0,247278000.0,247278000.0,225921000.0,21357000.0,-81393000.0,,14858000.0,624886000.0,263993000.0,29094000.0,-1501000.0,67792000.0,1724000.0,11644000.0,88323000.0,6930000.0,397732000.0,721772000.0,242647000.0,640379000.0,123700000.0,122644837.0,130398111.0
Extra Space Storage Inc,EXR,,1289490,2015.0,Q2,2015-04-01,2015-06-30,2016-08-05 17:16:51+00:00,,0.47,0.47,0.59,31552000.0,0.47,,2185000.0,1640000.0,23507000.0,60956000.0,60956000.0,55339000.0,5617000.0,-21867000.0,,3001000.0,161024000.0,68147000.0,7496000.0,-400000.0,17340000.0,,4554000.0,23507000.0,1640000.0,103853000.0,185860000.0,60140000.0,163993000.0,117700000.0,116861678.0,124475890.0
Extra Space Storage Inc,EXR,,1289490,2015.0,Q2YTD,2015-01-01,2015-06-30,,,0.93,0.93,1.06,61980000.0,0.93,,4433000.0,3709000.0,45635000.0,119592000.0,119592000.0,109081000.0,10511000.0,-41926000.0,,8508000.0,309918000.0,134568000.0,15246000.0,-400000.0,33850000.0,,5423000.0,45635000.0,3709000.0,201571000.0,359014000.0,115517000.0,317088000.0,117700000.0,116861678.0,124475890.0
Extra Space Storage Inc,EXR,,1289490,2015.0,Q2TTM,2014-07-01,2015-06-30,,,1.79,1.79,0.19,120410000.0,1.78,,5660000.0,6760000.0,88067000.0,228271000.0,228271000.0,208431000.0,19840000.0,-81307000.0,-2500000.0,14610000.0,599007000.0,256680000.0,29384000.0,-400000.0,64951000.0,1724000.0,11800000.0,88067000.0,6760000.0,390214000.0,690842000.0,219321000.0,609535000.0,117700000.0,116861678.0,124475890.0
Extra Space Storage Inc,EXR,,1289490,2015.0,Q1,2015-01-01,2015-03-31,2016-05-06 16:03:44+00:00,,0.46,0.46,0.47,30428000.0,0.46,,2248000.0,2069000.0,22128000.0,58636000.0,58636000.0,53742000.0,4894000.0,-20059000.0,,5507000.0,148894000.0,66421000.0,7750000.0,,16510000.0,,869000.0,22128000.0,2069000.0,97718000.0,173154000.0,55377000.0,153095000.0,116800000.0,116117615.0,122595718.0
Extra Space Storage Inc,EXR,,1289490,2015.0,Q1TTM,2014-04-01,2015-03-31,,,1.68,1.68,0.07,117129000.0,1.67,,6988000.0,7044000.0,85881000.0,213323000.0,213323000.0,194757000.0,18566000.0,-78837000.0,-10285000.0,17651000.0,576761000.0,248448000.0,28842000.0,,62119000.0,1724000.0,8639000.0,85881000.0,7044000.0,375940000.0,657437000.0,202660000.0,578600000.0,116800000.0,116117615.0,122595718.0
Extra Space Storage Inc,EXR,,1289490,2016.0,FY,2016-01-01,2016-12-31,2019-02-26 16:22:26+00:00,,2.92,2.92,2.93,182560000.0,2.91,,15847000.0,10998000.0,138459000.0,397089000.0,397089000.0,366127000.0,30962000.0,-127461000.0,8465000.0,82094000.0,864742000.0,347366000.0,39842000.0,,87291000.0,,12111000.0,138459000.0,10998000.0,542037000.0,1000340000.0,330842000.0,872879000.0,125400000.0,125087554.0,125948076.0
Extra Space Storage Inc,EXR,,1289490,2016.0,Q4,2016-10-01,2016-12-31,,,0.66,0.66,-2.15,49158000.0,0.66,,4843000.0,2663000.0,37088000.0,90416000.0,90416000.0,82403000.0,8013000.0,-34425000.0,-1349000.0,7849000.0,229012000.0,85687000.0,9649000.0,,22355000.0,,2987000.0,37088000.0,2663000.0,137832000.0,259667000.0,87410000.0,225242000.0,125400000.0,125087554.0,125948076.0
Extra Space Storage Inc,EXR,,1289490,2016.0,Q3,2016-07-01,2016-09-30,2017-11-03 16:29:32+00:00,,0.94,0.94,0.78,46555000.0,0.93,,4466000.0,2571000.0,34737000.0,127226000.0,127226000.0,118088000.0,9138000.0,-32166000.0,0.0,41134000.0,224451000.0,85971000.0,10005000.0,,22727000.0,,1933000.0,34737000.0,2571000.0,134459000.0,257183000.0,90558000.0,225017000.0,125600000.0,125752291.0,133763472.0
Extra Space Storage Inc,EXR,,1289490,2016.0,Q3YTD,2016-01-01,2016-09-30,,,2.26,2.26,2.15,133402000.0,2.25,,11004000.0,8335000.0,101371000.0,306673000.0,306673000.0,283724000.0,22949000.0,-93036000.0,9814000.0,74245000.0,635730000.0,261679000.0,30193000.0,,64936000.0,,9124000.0,101371000.0,8335000.0,404205000.0,740673000.0,243432000.0,647637000.0,125600000.0,125752291.0,133763472.0
Extra Space Storage Inc,EXR,,1289490,2016.0,Q3TTM,2015-10-01,2016-09-30,,,2.33,2.33,0.5,174168000.0,2.3,,14158000.0,11368000.0,133112000.0,318417000.0,318417000.0,292399000.0,26018000.0,-121744000.0,11315000.0,77542000.0,831402000.0,342665000.0,40385000.0,1501000.0,84831000.0,,72822000.0,133112000.0,11368000.0,591156000.0,967933000.0,255033000.0,846189000.0,125600000.0,125752291.0,133763472.0
Extra Space Storage Inc,EXR,,1289490,2016.0,Q2,2016-04-01,2016-06-30,2017-08-04 16:23:06+00:00,,0.66,0.66,0.78,43950000.0,0.66,,3773000.0,2837000.0,34042000.0,90040000.0,90040000.0,83044000.0,6996000.0,-31205000.0,11358000.0,3358000.0,211791000.0,86883000.0,10828000.0,,21654000.0,,3138000.0,34042000.0,2837000.0,133971000.0,255631000.0,90455000.0,224426000.0,125800000.0,124914467.0,132025915.0
Extra Space Storage Inc,EXR,,1289490,2016.0,Q2YTD,2016-01-01,2016-06-30,,,1.32,1.32,1.37,86847000.0,1.32,,6538000.0,5764000.0,66634000.0,179447000.0,179447000.0,165636000.0,13811000.0,-60870000.0,9814000.0,33111000.0,411279000.0,175708000.0,20188000.0,,42209000.0,,7191000.0,66634000.0,5764000.0,269746000.0,483490000.0,152874000.0,422620000.0,125800000.0,124914467.0,132025915.0
Extra Space Storage Inc,EXR,,1289490,2016.0,Q2TTM,2015-07-01,2016-06-30,,,1.97,1.97,0.31,158324000.0,1.95,,13253000.0,10366000.0,119991000.0,269391000.0,269391000.0,246029000.0,23362000.0,-109625000.0,11315000.0,39811000.0,777499000.0,325896000.0,39103000.0,400000.0,80330000.0,,71169000.0,119991000.0,10366000.0,555789000.0,908247000.0,242833000.0,798622000.0,125800000.0,124914467.0,132025915.0
Extra Space Storage Inc,EXR,,1289490,2016.0,Q1,2016-01-01,2016-03-31,2017-05-05 16:37:35+00:00,,0.66,0.66,0.59,42897000.0,0.66,,2765000.0,2927000.0,32592000.0,89407000.0,89407000.0,82592000.0,6815000.0,-29665000.0,-1544000.0,29753000.0,199488000.0,88825000.0,9360000.0,,20555000.0,,4053000.0,32592000.0,2927000.0,135775000.0,227859000.0,62419000.0,198194000.0,125100000.0,124754174.0,131956094.0
Extra Space Storage Inc,EXR,,1289490,2016.0,Q1TTM,2015-04-01,2016-03-31,,,1.78,1.78,0.12,145926000.0,1.76,,11665000.0,9169000.0,109456000.0,240307000.0,240307000.0,218324000.0,21983000.0,-100287000.0,-43000.0,39454000.0,726732000.0,307160000.0,35771000.0,,76016000.0,,72585000.0,109456000.0,9169000.0,525671000.0,838476000.0,212518000.0,738189000.0,125100000.0,124754174.0,131956094.0
Extra Space Storage Inc,EXR,,1289490,2017.0,FY,2017-01-01,2017-12-31,2020-02-25 16:20:41+00:00,5103000.0,3.79,3.79,3.12,193296000.0,3.76,-112789000.0,3625000.0,6736000.0,153511000.0,514222000.0,514222000.0,479013000.0,35209000.0,-146775000.0,39379000.0,15331000.0,967229000.0,370108000.0,,,98401000.0,,,153511000.0,6736000.0,455718000.0,1105009000.0,502516000.0,958234000.0,126400000.0,125967831.0,134155771.0
Extra Space Storage Inc,EXR,,1289490,2017.0,Q4,2017-10-01,2017-12-31,,5103000.0,1.71,1.71,-2.34,49157000.0,1.69,-112789000.0,-5529000.0,1535000.0,36492000.0,229315000.0,229315000.0,215961000.0,13354000.0,-34957000.0,45398000.0,3924000.0,246351000.0,91571000.0,-29239000.0,,25351000.0,,,36492000.0,1535000.0,33042000.0,287861000.0,219862000.0,252904000.0,126400000.0,125967831.0,134155771.0
Extra Space Storage Inc,EXR,,1289490,2017.0,Q3,2017-07-01,2017-09-30,2018-11-06 16:14:57+00:00,,0.74,0.74,0.78,48075000.0,0.74,,3163000.0,1401000.0,41034000.0,101075000.0,101075000.0,93764000.0,7311000.0,-39633000.0,0.0,3990000.0,248589000.0,96200000.0,9685000.0,,25882000.0,,,41034000.0,1401000.0,144275000.0,284156000.0,100248000.0,244523000.0,126700000.0,125717517.0,133044473.0
Extra Space Storage Inc,EXR,,1289490,2017.0,Q3YTD,2017-01-01,2017-09-30,,,2.08,2.08,2.34,144139000.0,2.07,,9154000.0,5201000.0,117019000.0,284907000.0,284907000.0,263052000.0,21855000.0,-111818000.0,-6019000.0,11407000.0,720878000.0,278537000.0,29239000.0,,73050000.0,,,117019000.0,5201000.0,422676000.0,817148000.0,282654000.0,705330000.0,126700000.0,125717517.0,133044473.0
Extra Space Storage Inc,EXR,,1289490,2017.0,Q3TTM,2016-10-01,2017-09-30,,,2.74,2.74,0.19,193297000.0,2.73,,13997000.0,7864000.0,154107000.0,375323000.0,375323000.0,345455000.0,29868000.0,-146243000.0,-7368000.0,19256000.0,949890000.0,364224000.0,38888000.0,,95405000.0,,2987000.0,154107000.0,7864000.0,560508000.0,1076815000.0,370064000.0,930572000.0,126700000.0,125717517.0,133044473.0
Extra Space Storage Inc,EXR,,1289490,2017.0,Q2,2017-04-01,2017-06-30,2018-08-09 16:04:19+00:00,,0.69,0.69,0.78,46632000.0,0.69,,2867000.0,1485000.0,38746000.0,94098000.0,94098000.0,87006000.0,7092000.0,-37261000.0,-6019000.0,3838000.0,240796000.0,92964000.0,10894000.0,,24313000.0,,,38746000.0,1485000.0,139596000.0,269984000.0,93127000.0,232723000.0,126100000.0,125673156.0,132783402.0
Extra Space Storage Inc,EXR,,1289490,2017.0,Q2YTD,2017-01-01,2017-06-30,,,1.34,1.34,1.56,96064000.0,1.33,,5991000.0,3800000.0,75985000.0,183832000.0,183832000.0,169288000.0,14544000.0,-72185000.0,-6019000.0,7417000.0,472289000.0,182337000.0,19554000.0,,47168000.0,,,75985000.0,3800000.0,278401000.0,532992000.0,182406000.0,460807000.0,126100000.0,125673156.0,132783402.0
Extra Space Storage Inc,EXR,,1289490,2017.0,Q2TTM,2016-07-01,2017-06-30,,,2.94,2.94,0.19,191777000.0,2.92,,15300000.0,9034000.0,147810000.0,401474000.0,401474000.0,369779000.0,31695000.0,-138776000.0,-7368000.0,56400000.0,925752000.0,353995000.0,39208000.0,,92250000.0,,4920000.0,147810000.0,9034000.0,550692000.0,1049842000.0,360374000.0,911066000.0,126100000.0,125673156.0,132783402.0
Extra Space Storage Inc,EXR,,1289490,2017.0,Q1,2017-01-01,2017-03-31,2018-05-09 16:22:43+00:00,,0.65,0.65,0.78,49432000.0,0.64,,3124000.0,2315000.0,37239000.0,89734000.0,89734000.0,82282000.0,7452000.0,-34924000.0,,3579000.0,231493000.0,89373000.0,8660000.0,,22855000.0,,,37239000.0,2315000.0,138805000.0,263008000.0,89279000.0,228084000.0,126600000.0,125605403.0,132618644.0
Extra Space Storage Inc,EXR,,1289490,2017.0,Q1TTM,2016-04-01,2017-03-31,,,2.91,2.91,0.19,189095000.0,2.89,,16206000.0,10386000.0,143106000.0,397416000.0,397416000.0,365817000.0,31599000.0,-132720000.0,10009000.0,55920000.0,896747000.0,347914000.0,39142000.0,,89591000.0,,8058000.0,143106000.0,10386000.0,545067000.0,1035489000.0,357702000.0,902769000.0,126600000.0,125605403.0,132618644.0
Extra Space Storage Inc,EXR,,1289490,2018.0,FY,2018-01-01,2018-12-31,2020-02-25 16:20:41+00:00,4687000.0,3.29,3.29,3.36,209050000.0,3.27,-30807000.0,9244000.0,5292000.0,178436000.0,447080000.0,447080000.0,415289000.0,31791000.0,-173144000.0,41757000.0,14452000.0,1039340000.0,398658000.0,,,115507000.0,,,178436000.0,5292000.0,581588000.0,1196604000.0,441872000.0,1023460000.0,126200000.0,126087487.0,133159033.0
Extra Space Storage Inc,EXR,,1289490,2018.0,Q4,2018-10-01,2018-12-31,,4687000.0,0.81,0.81,-2.5,53126000.0,0.8,-30807000.0,3167000.0,1295000.0,44672000.0,109250000.0,109250000.0,101462000.0,7788000.0,-43377000.0,10950000.0,3804000.0,266598000.0,97550000.0,-30849000.0,,29847000.0,,,44672000.0,1295000.0,124556000.0,276546000.0,108613000.0,233169000.0,126200000.0,126087487.0,133159033.0
Extra Space Storage Inc,EXR,,1289490,2018.0,Q3,2018-07-01,2018-09-30,2019-11-05 16:48:57+00:00,,1.03,1.03,0.86,52283000.0,1.02,,2638000.0,1371000.0,47066000.0,139687000.0,139687000.0,130418000.0,9269000.0,-45695000.0,30807000.0,3622000.0,266728000.0,101079000.0,10120000.0,,30105000.0,,,47066000.0,1371000.0,153362000.0,337760000.0,138703000.0,292065000.0,126600000.0,126466837.0,134240290.0
Extra Space Storage Inc,EXR,,1289490,2018.0,Q3YTD,2018-01-01,2018-09-30,,,2.48,2.48,2.5,155924000.0,2.47,,6077000.0,3997000.0,133764000.0,337830000.0,337830000.0,313827000.0,24003000.0,-129767000.0,30807000.0,10648000.0,772742000.0,301108000.0,30849000.0,,85660000.0,,,133764000.0,3997000.0,457032000.0,920058000.0,333259000.0,790291000.0,126600000.0,126466837.0,134240290.0
Extra Space Storage Inc,EXR,,1289490,2018.0,Q3TTM,2017-10-01,2018-09-30,,5103000.0,4.19,4.19,0.16,205081000.0,4.16,-112789000.0,548000.0,5532000.0,170256000.0,567145000.0,567145000.0,529788000.0,37357000.0,-164724000.0,76205000.0,14572000.0,1019093000.0,392679000.0,1610000.0,,111011000.0,,,170256000.0,5532000.0,490074000.0,1207919000.0,553121000.0,1043195000.0,126600000.0,126466837.0,134240290.0
Extra Space Storage Inc,EXR,,1289490,2018.0,Q2,2018-04-01,2018-06-30,2019-08-06 16:04:15+00:00,,0.75,0.75,0.86,51892000.0,0.75,,2097000.0,1188000.0,44523000.0,102713000.0,102713000.0,95153000.0,7560000.0,-43335000.0,0.0,3429000.0,258128000.0,100205000.0,10164000.0,,28521000.0,,,44523000.0,1188000.0,152097000.0,296813000.0,101381000.0,253478000.0,126900000.0,125874130.0,132772772.0
Extra Space Storage Inc,EXR,,1289490,2018.0,Q2YTD,2018-01-01,2018-06-30,,,1.45,1.45,1.64,103641000.0,1.45,,3439000.0,2626000.0,86698000.0,198143000.0,198143000.0,183409000.0,14734000.0,-84072000.0,,7026000.0,506014000.0,200029000.0,20729000.0,,55555000.0,,,86698000.0,2626000.0,303670000.0,582298000.0,194556000.0,498226000.0,126900000.0,125874130.0,132772772.0
Extra Space Storage Inc,EXR,,1289490,2018.0,Q2TTM,2017-07-01,2018-06-30,,5103000.0,3.9,3.9,0.08,200873000.0,3.88,-112789000.0,1073000.0,5562000.0,164224000.0,528533000.0,528533000.0,493134000.0,35399000.0,-158662000.0,45398000.0,14940000.0,1000954000.0,387800000.0,1175000.0,,106788000.0,,,164224000.0,5562000.0,480987000.0,1154315000.0,514666000.0,995653000.0,126900000.0,125874130.0,132772772.0
Extra Space Storage Inc,EXR,,1289490,2018.0,Q1,2018-01-01,2018-03-31,2019-05-07 16:04:29+00:00,,0.7,0.7,0.78,51749000.0,0.7,,1342000.0,1438000.0,42175000.0,95430000.0,95430000.0,88256000.0,7174000.0,-40737000.0,,3597000.0,247886000.0,99824000.0,10565000.0,,27034000.0,,,42175000.0,1438000.0,151573000.0,285485000.0,93175000.0,244748000.0,126100000.0,125772439.0,132682560.0
Extra Space Storage Inc,EXR,,1289490,2018.0,Q1TTM,2017-04-01,2018-03-31,,5103000.0,3.84,3.84,,195613000.0,3.82,-112789000.0,1843000.0,5859000.0,158447000.0,519918000.0,519918000.0,484987000.0,34931000.0,-152588000.0,39379000.0,15349000.0,983622000.0,380559000.0,1905000.0,,102580000.0,,,158447000.0,5859000.0,468486000.0,1127486000.0,506412000.0,974898000.0,126100000.0,125772439.0,132682560.0
Extra Space Storage Inc,EXR,,1289490,2019.0,Q4,2019-10-01,2019-12-31,,3580000.0,0.87,0.87,-2.66,54741000.0,0.86,-1205000.0,2728000.0,1562000.0,42439000.0,120279000.0,120279000.0,112282000.0,7997000.0,-40877000.0,-222318000.0,2819000.0,519133000.0,116415000.0,-25317000.0,,63098000.0,,,42439000.0,1562000.0,173531000.0,334596000.0,120188000.0,293719000.0,128400000.0,128203568.0,136433769.0
Extra Space Storage Inc,EXR,,1289490,2019.0,FY,2019-01-01,2019-12-31,2020-02-25 16:20:41+00:00,4742000.0,3.27,3.27,3.56,219857000.0,3.24,-1205000.0,11308000.0,7467000.0,186526000.0,451123000.0,451123000.0,419967000.0,31156000.0,-179059000.0,49890000.0,11274000.0,1130177000.0,454844000.0,,,128387000.0,,,186526000.0,7467000.0,678238000.0,1308454000.0,451157000.0,1129395000.0,128400000.0,128203568.0,136433769.0
Extra Space Storage Inc,EXR,,1289490,2019.0,Q3YTD,2019-01-01,2019-09-30,,1162000.0,2.4,2.4,2.66,165116000.0,2.38,,8580000.0,5905000.0,144087000.0,330844000.0,330844000.0,307685000.0,23159000.0,-138182000.0,272208000.0,8455000.0,611044000.0,338429000.0,25317000.0,,65289000.0,,,144087000.0,5905000.0,504707000.0,973858000.0,330969000.0,835676000.0,128700000.0,128776549.0,137318475.0
Extra Space Storage Inc,EXR,,1289490,2019.0,Q3TTM,2018-10-01,2019-09-30,,5849000.0,3.21,3.21,0.16,218242000.0,3.18,-30807000.0,11747000.0,7200000.0,188759000.0,440094000.0,440094000.0,409147000.0,30947000.0,-181559000.0,283158000.0,12259000.0,877642000.0,435979000.0,-5532000.0,,95136000.0,,,188759000.0,7200000.0,629263000.0,1250404000.0,439582000.0,1068845000.0,128700000.0,128776549.0,137318475.0
Extra Space Storage Inc,EXR,,1289490,2019.0,Q3,2019-07-01,2019-09-30,2019-11-05 16:48:57+00:00,,0.84,0.84,0.9,56051000.0,0.83,,4052000.0,2799000.0,48094000.0,115995000.0,115995000.0,108087000.0,7908000.0,-45295000.0,0.0,2704000.0,290917000.0,118816000.0,13000000.0,,33588000.0,,,48094000.0,2799000.0,174867000.0,337505000.0,117343000.0,292210000.0,128700000.0,128776549.0,137318475.0
Extra Space Storage Inc,EXR,,1289490,2019.0,Q2YTD,2019-01-01,2019-06-30,,1162000.0,1.56,1.56,1.76,109065000.0,1.55,,4528000.0,3106000.0,95993000.0,214849000.0,214849000.0,199598000.0,15251000.0,-92887000.0,272208000.0,5751000.0,320127000.0,219613000.0,12317000.0,,31701000.0,,,95993000.0,3106000.0,329840000.0,636353000.0,213626000.0,543466000.0,127800000.0,127585436.0,135654761.0
Extra Space Storage Inc,EXR,,1289490,2019.0,Q2TTM,2018-07-01,2019-06-30,,5849000.0,3.4,3.4,0.12,214474000.0,3.37,-30807000.0,10333000.0,5772000.0,187731000.0,463786000.0,463786000.0,431478000.0,32308000.0,-181959000.0,313965000.0,13177000.0,853453000.0,418242000.0,-8412000.0,,91653000.0,,,187731000.0,5772000.0,607758000.0,1250659000.0,460942000.0,1068700000.0,127800000.0,127585436.0,135654761.0
Extra Space Storage Inc,EXR,,1289490,2019.0,Q2,2019-04-01,2019-06-30,2019-08-06 16:04:15+00:00,,0.82,0.82,0.9,54406000.0,0.81,,2715000.0,1718000.0,48633000.0,112689000.0,112689000.0,104828000.0,7861000.0,-46915000.0,1205000.0,3121000.0,279584000.0,111203000.0,12317000.0,,31701000.0,,,48633000.0,1718000.0,165609000.0,324807000.0,112283000.0,277892000.0,127800000.0,127585436.0,135654761.0
Extra Space Storage Inc,EXR,,1289490,2019.0,Q1,2019-01-01,2019-03-31,2020-05-08 16:20:14+00:00,1162000.0,0.74,0.74,0.86,54659000.0,0.74,,1813000.0,1388000.0,47360000.0,102160000.0,102160000.0,94770000.0,7390000.0,-45972000.0,271003000.0,2630000.0,40543000.0,108410000.0,,,,,,47360000.0,1388000.0,164231000.0,311546000.0,101343000.0,265574000.0,128100000.0,127037247.0,134289716.0
Extra Space Storage Inc,EXR,,1289490,2019.0,Q1TTM,2018-04-01,2019-03-31,,5849000.0,3.33,3.33,0.08,211960000.0,3.31,-30807000.0,9715000.0,5242000.0,183621000.0,453810000.0,453810000.0,421803000.0,32007000.0,-178379000.0,312760000.0,13485000.0,831997000.0,407244000.0,-10565000.0,,88473000.0,,,183621000.0,5242000.0,594246000.0,1222665000.0,450040000.0,1044286000.0,128100000.0,127037247.0,134289716.0
Extra Space Storage Inc,EXR,,1289490,2020.0,Q1TTM,2019-04-01,2020-03-31,,3580000.0,3.37,3.37,0.04,220473000.0,3.33,-1205000.0,11674000.0,7753000.0,184733000.0,465125000.0,465125000.0,433376000.0,31749000.0,-176980000.0,-221113000.0,13687000.0,1376337000.0,466420000.0,12136000.0,,162000000.0,,,184733000.0,7753000.0,689268000.0,1329360000.0,463112000.0,1152380000.0,128800000.0,129288629.0,137139560.0
Extra Space Storage Inc,EXR,,1289490,2020.0,Q1,2020-01-01,2020-03-31,2020-05-08 16:20:14+00:00,,0.84,0.84,0.9,55275000.0,0.83,,2179000.0,1674000.0,45567000.0,116162000.0,116162000.0,108179000.0,7983000.0,-43893000.0,,5043000.0,286703000.0,119986000.0,12136000.0,,33613000.0,,,45567000.0,1674000.0,175261000.0,332452000.0,113298000.0,288559000.0,128800000.0,129288629.0,137139560.0
