Date,Revenue,Sales & Services Revenue,Cost of Revenue,Cost of Goods & Services,Gross Profit,Other Operating Income,Operating Expenses,"Selling, General & Admin",Research & Development,Depreciation & Amortization,Other Operating Expense,Operating Income (Loss),Non-Operating (Income) Loss,"Interest Expense, Net",Interest Expense,Interest Income,Foreign Exch (Gain) Loss,(Income) Loss from Affiliates,Other Non-Op (Income) Loss,Pretax Income,Income Tax Expense (Benefit),Income (Loss) from Cont Ops,Net Extraordinary Losses (Gains),Discontinued Operations,XO & Accounting Changes,Income (Loss) Incl. MI,Minority Interest,"Net Income, GAAP",Preferred Dividends,Other Adjustments,"Net Income Avail to Common, GAAP","Net Income Avail to Common, Adj",Net Abnormal Losses (Gains),Basic Weighted Avg Shares,"Basic EPS, GAAP",Basic EPS from Cont Ops,"Basic EPS from Cont Ops, Adjusted",Diluted Weighted Avg Shares,"Diluted EPS, GAAP",Diluted EPS from Cont Ops,"Diluted EPS from Cont Ops, Adjusted",Source: Bloomberg
03/31/1990,2636.300049,,-2023.699951,,612.600098,,-227.0,,,,,385.600006,-8.0,,53.400002,,,,-45.400002,377.600006,-145.899994,231.699997,0.0,,,231.700012,-83.099998,148.600006,-0.55,,148.050006,148.050006,,233.213315,0.63375,0.63375,0.63375,233.213315,0.63375,0.63375,0.63375,
06/30/1990,2691.399902,,-2049.0,,642.399902,,-232.800003,,,,,409.600006,8.5,,42.599998,,,,-51.099998,418.100006,-166.699997,251.399994,0.0,,,251.400009,-89.5,161.899994,-0.55,,161.349994,161.349994,,232.375974,0.6975,0.6975,0.6975,232.375974,0.6975,0.6975,0.6975,
09/30/1990,2676.100098,,-2067.699951,,608.400146,,-229.100006,,,,,379.299988,-28.799999,,44.799999,,,,-16.0,350.499989,-140.199997,210.300003,0.0,,,210.299992,-85.199997,125.099998,-0.55,,124.549998,124.549998,,230.970639,0.5475,0.5475,0.5475,230.970639,0.5475,0.5475,0.5475,
12/31/1990,2706.399902,,-2155.699951,,550.699951,,-239.199997,,,,,311.5,-410.500001,,43.900002,,-5.4,,372.0,-99.000001,59.0,-40.0,0.0,,,-40.000001,-100.400002,-140.399994,-0.55,,-140.949994,-140.949994,,226.237302,-0.60375,-0.60375,-0.60375,226.237302,-0.60375,-0.60375,-0.60375,
03/31/1991,2410.0,,-1952.300049,,457.699951,,-225.600006,,,,,232.100006,0.0,,41.200001,,,,-41.200001,232.100006,-84.5,147.600006,0.0,,,147.600006,-50.599998,97.0,-0.525,,96.475,96.475,,226.306638,0.4275,0.4275,0.4275,226.306638,0.4275,0.4275,0.4275,
06/30/1991,2569.300049,,-2100.199951,,469.100098,,-230.5,,,,,238.600006,-14.099998,,40.599998,,,,-26.5,224.500008,-94.0,130.5,0.0,,,130.500008,-49.299999,81.199997,-0.525,,80.674997,80.674997,,226.426654,0.35625,0.35625,0.35625,226.426654,0.35625,0.35625,0.35625,
09/30/1991,2469.899902,,-2029.400024,,440.499878,,-237.5,,,,,203.0,-16.800001,,35.900002,,,,-19.1,186.199999,-72.800003,113.400002,0.0,,,113.399996,-37.5,75.900002,-0.525,,75.375002,75.375002,,226.546649,0.33,0.33,0.33,226.546649,0.33,0.33,0.33,
12/31/1991,2434.899902,,-2060.800049,,374.099854,,-260.399994,,,,,113.699997,-356.100006,,35.5,,,,320.600006,-242.400009,69.599998,-172.800003,0.0,,,-172.800011,-18.6,-191.399994,-0.525,,-191.924994,-191.924994,,226.877317,-0.8475,-0.8475,-0.8475,226.877317,-0.8475,-0.8475,-0.8475,
03/31/1992,2251.399902,,-1882.800049,,368.599854,,-224.600006,,,,,144.0,3.199999,,31.6,,0.0,,-34.799999,147.199999,-51.5,95.699997,1111.399963,,,-1015.699965,-40.599998,-1056.300049,-0.525,,-1056.825049,-1056.825049,,227.095986,-4.6575,0.23625,0.23625,227.095986,-4.6575,0.23625,0.23625,
06/30/1992,2406.100098,,-2052.0,,354.100098,,-228.199997,,,,,125.901001,-55.6,,29.700001,,0.0,,25.9,70.301001,-24.6,45.700001,50.200001,,,-4.499001,-43.700001,-48.200001,-0.525,,-48.725001,-48.725001,,227.463987,-0.21375,0.0075,0.0075,227.463987,-0.21375,0.0075,0.0075,
09/30/1992,2381.699951,,-2028.800049,,352.899902,,-218.699997,,,,,134.199997,-7.700001,,20.700001,,0.0,,-13.0,126.499996,-44.299999,82.199997,0.0,,,82.199997,-36.900002,45.299999,-0.525,,44.774999,44.774999,,228.703977,0.195,0.195,0.195,228.703977,0.195,0.195,0.195,
12/31/1992,2452.300049,,-2057.899902,,394.400147,,-239.800003,,,,,154.600006,-200.000006,,23.4,,0.0,,176.600006,-45.4,-11.9,-57.299999,0.0,,,-57.3,-22.700001,-80.0,-0.525,,-80.525,-80.525,,228.533302,-0.3525,-0.3525,-0.3525,228.533302,-0.3525,-0.3525,-0.3525,
03/31/1993,2109.600098,,-1803.599976,,306.000122,,-199.199997,,,,,106.800003,-0.199999,,20.9,,,,-20.700001,106.600004,-42.099609,64.5,0.0,,,64.500395,-36.900002,27.6,-0.525,,27.075,27.075,,230.167986,0.11625,0.11625,0.11625,230.167986,0.11625,0.11625,0.11625,
06/30/1993,2405.300049,,-2071.600098,,333.699951,,-210.899994,,,,,122.800003,-36.900001,,21.1,,,,15.8,85.900002,23.700001,109.599998,0.0,,,109.600003,-74.300003,35.299999,-0.525,,34.774999,34.774999,,235.178647,0.15,0.15,0.15,235.178647,0.15,0.15,0.15,
09/30/1993,2230.199951,,-1950.599976,,279.599976,,-199.800003,,,,,79.800003,-7.9,,23.0,,0.0,,-15.1,71.900003,1.5,73.400002,0.0,,,73.400003,-44.599998,28.799999,-0.525,,28.274999,28.274999,,239.999976,0.12,0.12,0.12,239.999976,0.12,0.12,0.12,
12/31/1993,2310.800049,,-2053.800049,,257.0,,-229.699997,,,,,27.299999,-100.600002,,22.799999,,0.0,,77.800003,-73.300003,27.200001,-46.099998,0.0,,,-46.100002,-40.799999,-86.900002,-0.525,,-87.425002,-87.425002,,231.733315,-0.375,-0.375,-0.375,231.733315,-0.375,-0.375,-0.375,
03/31/1994,2221.600098,,-1921.300049,,300.300049,,-200.300003,,,,,100.0,-97.699997,,25.5,,0.0,,72.199997,2.300003,-0.8,1.5,67.900002,,,-66.399998,-41.900002,-108.300003,-0.5,,-108.800003,-108.800003,,236.330644,-0.4575,-0.16875,-0.16875,236.330644,-0.4575,-0.16875,-0.16875,
06/30/1994,2479.300049,,-2136.800049,,342.5,,-208.899994,,,,,133.600006,-16.2,,27.5,,0.0,,-11.3,117.400006,-38.700001,78.699997,0.0,,,78.700006,-33.299999,45.400002,-0.5,,44.900002,44.900002,,236.551978,0.1875,0.1875,0.1875,236.551978,0.1875,0.1875,0.1875,
09/30/1994,2561.600098,,-2204.399902,,357.200195,,-213.899994,,,,,143.300003,26.900002,,28.5,,0.0,,-55.400002,170.200005,-48.900002,121.300003,0.0,,,121.300003,-51.200001,70.099998,-0.5,,69.599998,69.599998,,236.850644,0.29625,0.296248,0.29625,236.850644,0.29625,0.29625,0.29625,
12/31/1994,2641.800049,,-2254.5,,387.300049,,-242.5,,,,,144.800003,387.799999,,25.200001,,0.0,,-413.0,532.600002,-130.800003,401.799988,0.0,,,401.799999,-33.799999,368.0,-0.6,,367.4,367.4,,238.282651,1.545,1.545,1.545,238.282651,1.545,1.545,1.545,
03/31/1995,3009.800049,,-2349.5,,660.300049,,-232.800003,,,,,427.5,-5.199999,,24.9,,0.0,,-19.700001,422.300001,-143.300003,279.0,0.0,,,278.999998,-85.199997,193.800003,-0.5,,193.300003,193.300003,,238.22664,0.81,0.81,0.81,238.22664,0.81,0.81,0.81,
06/30/1995,3117.300049,,-2485.800049,,631.5,,-234.699997,,,,,396.799988,11.900002,,26.0,,0.0,,-37.900002,408.699989,-126.300003,282.399994,0.0,,,282.399986,-63.0,219.399994,-0.5,,218.899994,218.899994,,237.898638,0.9225,0.9225,0.9225,237.898638,0.9225,0.9225,0.9225,
09/30/1995,3264.800049,,-2619.800049,,645.0,,-244.0,,,,,401.0,18.800003,,33.099998,,0.0,,-51.900002,419.800003,-150.300003,269.5,0.0,,,269.5,-43.099998,226.399994,-0.5,,225.899994,225.899994,,237.84397,0.9525,0.952492,0.9525,237.84397,0.9525,0.9525,0.9525,
12/31/1995,3107.800049,,-2617.899902,,489.900147,,-264.200012,,,,,225.699997,-6.299999,,35.799999,,0.0,,-29.5,219.399998,-26.0,193.399994,0.0,,,193.399998,-42.5,150.899994,-0.6,,150.299994,150.299994,,236.705319,0.6375,0.6375,0.6375,236.705319,0.6375,0.6375,0.6375,
03/31/1996,3149.600098,,-2529.800049,,619.800049,,-242.699997,,,,,377.100006,-4.099998,,32.299999,,0.0,,-28.200001,373.000008,-126.800003,246.199997,0.0,,,246.200005,-68.0,178.199997,-0.5,,177.699997,177.699997,,234.149309,0.7575,0.7575,0.7575,239.54797,0.75,0.75,0.75,
06/30/1996,3413.100098,,-2766.800049,,646.300049,,-253.199997,,,,,393.100006,-108.400002,,33.400002,,0.0,,75.0,284.700005,-97.0,187.699997,0.0,,,187.700005,-55.5,132.199997,-0.5,,131.699997,131.699997,,233.673316,0.57,0.57,0.7425,237.227983,0.5625,0.5625,0.735,
09/30/1996,3240.600098,,-2698.5,,542.100098,,-249.300003,,,,,292.799988,-134.5,,37.400002,,0.0,,97.099998,158.299988,-53.599998,104.699997,0.0,,,104.699989,-36.299999,68.400002,-0.5,,67.900002,67.900002,,232.983985,0.2925,0.2925,0.5775,237.227983,0.2925,0.2925,0.5775,
12/31/1996,3257.699951,,-2718.100098,,539.599853,,-255.699997,,,,,283.899994,-18.2,,30.6,,0.0,,-12.4,265.699994,-83.300003,182.399994,0.0,,,182.399991,-46.299999,136.100006,-0.6,,135.500006,135.500006,,232.399981,0.585,0.585,0.66,234.906634,0.5775,0.5775,0.6525,
03/31/1997,3231.100098,,-2671.600098,,559.5,,-228.399994,,,,,331.100006,8.600003,,37.299999,,0.0,,-45.900002,339.700009,-118.900002,220.800003,0.0,,,220.800007,-61.700001,159.100006,-0.6,,158.500006,158.500006,,230.829302,0.69,0.69,0.6975,233.125302,0.6825,0.6825,0.69,
06/30/1997,3432.0,,-2783.199951,,648.800049,,-229.100006,,,,,419.700012,4.299999,,33.400002,,0.0,,-37.700001,424.000011,-148.0,276.0,0.0,,,276.000011,-68.400002,207.600006,-0.5,,207.100006,207.100006,,231.066648,0.8925,0.8925,0.8925,233.33331,0.885,0.885,0.885,
09/30/1997,3357.5,,-2719.600098,,637.899902,,-226.100006,,,,,411.799988,29.400002,,35.5,,0.0,,-64.900002,441.19999,-154.800003,286.399994,0.0,,,286.399987,-58.299999,228.100006,-0.6,,227.500006,227.500006,,230.831968,0.99,0.99,0.9375,233.999977,0.9675,0.9675,0.915,
12/31/1997,3298.600098,,-2716.300049,,582.300049,,-260.299988,,,,,322.0,74.799999,,34.700001,,0.0,,-109.5,396.799999,-107.0,289.799988,0.0,,,289.799999,-79.5,210.300003,-0.5,,209.800003,209.800003,,227.959979,0.9225,0.9225,0.78,231.735979,0.9075,0.9075,0.765,
03/31/1998,3445.100098,,-2803.0,,642.100098,,-210.399994,,,,,431.700012,-11.100001,,39.200001,,0.0,,-28.1,420.600011,-140.899994,279.700012,0.0,,,279.700017,-69.800003,209.899994,-0.6,,209.299994,209.299994,,224.195982,0.945,0.945,0.945,225.749305,0.93,0.93,0.93,
06/30/1998,3587.0,,-2946.100098,,640.899902,,-212.100006,,,,,428.799988,-23.5,,41.799999,,0.0,,-18.299999,405.299988,-135.800003,269.5,0.0,,,269.499985,-62.400002,207.100006,-0.5,,206.600006,206.600006,,221.466653,0.93,0.93,0.93,222.799986,0.93,0.93,0.93,
09/30/1998,4108.899902,,-3431.5,,677.399902,,-284.100006,,,,,393.299988,-11.200001,,59.0,,0.0,,-47.799999,382.099987,-115.900002,266.200012,0.0,,,266.199985,-48.5,217.699997,-0.5,,217.199997,217.199997,,238.199968,0.915,0.915,0.915,239.199968,0.915,0.915,0.915,
12/31/1998,4198.799805,,-3466.600098,,732.199707,,-332.899994,,,,,399.299988,-2.5,,57.900002,,0.0,,-55.400002,396.799988,-120.900002,275.899994,0.0,,,275.899986,-57.599998,218.300003,-0.5,,217.800003,217.800003,,244.557268,0.885,0.885,0.885,246.227982,0.885,0.885,0.885,
03/31/1999,3984.7,,-3346.3,,638.4,,-219.0,,,,,419.4,-56.2,47.9,52.6,-4.7,,,8.3,363.2,-116.2,247.0,,,,247.0,-25.9,221.1,-0.5,,220.6,220.6,,244.666642,0.9,0.9,0.9,246.533309,0.9,0.9,0.9,
06/30/1999,4075.5,,-3361.1,,714.4,,-233.3,,,,,481.1,-49.5,41.1,49.5,-8.4,,,8.4,431.6,-138.1,293.5,,,,293.5,-53.5,240.0,-0.5,,239.5,239.5,,244.733309,0.975,0.975,0.975,247.533309,0.96,0.96,0.96,
09/30/1999,4090.8,,-3343.5,,747.3,,-235.6,202.0,,,33.6,511.7,-51.1,44.0,51.1,-7.1,,,7.1,460.6,-147.4,313.2,,,,313.2,-54.1,259.1,-0.5,,258.6,258.6,,244.399976,1.065,1.065,1.065,250.133308,1.035,1.035,1.035,
12/31/1999,4253.299805,,-3373.100098,,880.199707,,-291.100006,,,,,589.099976,4.5,,41.799999,,,,-46.299999,593.599976,-151.300003,442.299988,0.0,,,442.299973,-108.5,333.799988,-0.5,,333.299988,333.299988,,244.608638,1.365,1.365,1.365,250.249975,1.335,1.335,1.335,
03/31/2000,4572.0,,-3557.0,,1015.0,,-266.0,227.0,,,39.0,749.0,-51.0,44.0,51.0,-7.0,0.0,,7.0,698.0,-238.0,460.0,0.0,,,460.0,-105.0,355.0,,,355.0,355.0,,244.266642,1.455,1.455,1.455,248.199975,1.425,1.425,1.425,
06/30/2000,5621.0,,-4506.0,,1115.0,,-320.0,,,,,795.0,-95.0,76.0,95.0,-19.0,0.0,,19.0,700.0,-238.0,462.0,0.0,,,462.0,-85.0,377.0,,,377.0,377.0,,265.66664,1.41,1.41,1.41,268.333306,1.41,1.41,1.41,
09/30/2000,6344.0,,-5148.0,,1196.0,,-361.0,314.0,,,47.0,835.0,-141.0,137.0,141.0,-4.0,,,4.0,694.0,-235.0,459.0,,,,459.0,-91.0,368.0,,,368.0,368.0,,288.666638,1.26,1.26,1.26,291.333304,1.26,1.26,1.26,
12/31/2000,6497.0,,-5338.0,,1159.0,,-355.0,,,,,804.0,-84.0,100.0,140.0,,82.0,,-98.0,720.0,-231.0,489.0,5.0,,,484.0,-100.0,384.0,-1.0,0.0,383.0,383.0,,288.383971,1.35,1.35,1.35,290.784304,1.35,1.35,1.35,
03/31/2001,6176.0,,-5034.0,,1142.0,,-372.0,323.0,,,49.0,770.0,-23.0,107.0,115.0,-8.0,,,-84.0,747.0,-247.0,500.0,,,,500.0,-96.0,404.0,,,404.0,404.0,,288.333304,1.41,1.41,1.41,291.333304,1.38,1.38,1.38,
06/30/2001,5991.0,,-4916.0,,1075.0,,-381.0,326.0,,,55.0,694.0,-198.0,81.0,93.0,-12.0,26.0,,91.0,496.0,-157.0,339.0,0.0,,,339.0,-32.0,307.0,,,307.0,307.0,,287.333305,1.08,1.08,1.08,290.666638,1.05,1.05,1.05,
09/30/2001,5511.0,,-4537.0,,974.0,,-320.0,273.0,,,47.0,654.0,-88.0,75.0,85.0,-10.0,31.0,,-18.0,566.0,-175.0,391.0,0.0,,,391.0,-52.0,339.0,,,339.0,339.0,,285.333305,1.2,1.2,1.2,287.999971,1.17,1.17,1.17,
12/31/2001,5181.0,,-4623.0,,558.0,,-406.0,,,,,152.0,-320.0,,78.0,,-60.0,,302.0,-168.0,54.0,-114.0,0.0,,,-114.0,-28.0,-142.0,,0.0,-142.0,-142.0,,282.89198,-0.51,-0.51,0.33,284.9993,-0.51,-0.51,0.33,
03/31/2002,4983.0,,-4305.0,,678.0,,-329.0,278.0,,,51.0,349.0,-20.0,65.0,75.0,-10.0,,,-45.0,329.0,-104.0,225.0,-34.0,,,259.0,-41.0,218.0,,,218.0,218.0,,282.333305,0.78,0.66,0.66,284.666638,0.78,0.66,0.66,
06/30/2002,5245.0,,-4465.0,,780.0,,-329.0,,,,,451.0,-49.0,74.0,83.0,-9.0,3.0,,-28.0,402.0,-123.0,279.0,0.0,,,279.0,-47.0,232.0,,,232.0,232.0,,281.999972,0.81,0.81,0.81,283.999972,0.81,0.81,0.81,
09/30/2002,5222.0,,-4455.0,,767.0,,-321.0,268.0,,,53.0,446.0,-111.0,88.0,95.0,-7.0,6.0,,17.0,335.0,-93.0,242.0,0.0,,,242.0,-49.0,193.0,,,193.0,193.0,,281.333305,0.69,0.69,0.69,282.333305,0.69,0.69,0.69,
12/31/2002,5061.0,,-4385.0,,676.0,,-397.0,,,,,279.0,-442.0,,97.0,,23.0,,322.0,-163.0,36.0,-127.0,98.0,,,-225.0,2.0,-223.0,0.0,0.0,-223.0,-223.0,,281.485629,-0.81,-0.45,0.48,281.485629,-0.81,-0.45,0.48,
03/31/2003,5112.0,,-4358.0,,754.0,,-344.0,294.0,,,50.0,410.0,-47.0,80.0,88.0,-8.0,26.0,,-59.0,363.0,-109.0,254.0,44.0,,,210.0,-59.0,151.0,,,151.0,151.0,,281.666638,0.51,0.69,0.69,281.999972,0.51,0.69,0.69,
06/30/2003,5460.0,,-4650.0,,810.0,,-393.0,,,,,417.0,-9.0,71.0,81.0,-10.0,11.0,,-73.0,408.0,-106.0,302.0,11.0,,,291.0,-75.0,216.0,,,216.0,216.0,-15.0,281.666638,0.78,0.81,0.81,282.333305,0.78,0.81,0.81,
09/30/2003,5322.0,,-4508.0,,814.0,,-350.0,,,,,464.0,-34.0,63.0,74.0,-11.0,7.0,,-36.0,430.0,-93.0,337.0,3.0,,,334.0,-54.0,280.0,,,280.0,280.0,1.0,284.999972,0.99,0.99,0.99,286.333305,0.99,0.99,0.99,
12/31/2003,5532.0,,-4747.0,,785.0,,-393.0,,,,,392.0,94.0,,71.0,-9.0,37.0,,-193.0,486.0,-103.0,383.0,49.0,,,334.0,-43.0,291.0,-2.0,0.0,289.0,289.0,,288.747977,0.99,1.17,1.083,290.655305,0.99,1.17,1.077,
03/31/2004,5696.0,,-4741.0,,955.0,,-389.0,,,,,566.0,-11.0,54.0,64.0,-10.0,3.0,,-46.0,555.0,-155.0,400.0,-5.0,,,405.0,-50.0,355.0,,,355.0,355.0,-31.0,289.666638,1.23,1.2,1.2,292.999971,1.23,1.2,1.2,
06/30/2004,6092.0,,-5108.0,,984.0,,-362.0,,,,,622.0,51.0,60.0,69.0,-9.0,-1.0,,-110.0,673.0,-196.0,477.0,0.0,,,477.0,-73.0,404.0,,,404.0,404.0,5.0,289.999971,1.38,1.38,1.38,292.333304,1.38,1.38,1.38,
09/30/2004,5975.0,,-5087.0,,888.0,,-359.0,,,,,529.0,-18.0,55.0,67.0,-12.0,17.0,,-54.0,511.0,-142.0,369.0,15.0,,,354.0,-71.0,283.0,,,283.0,283.0,4.0,289.999971,0.96,1.02,1.02,292.333304,0.96,1.02,1.02,
12/31/2004,5979.0,,-5145.0,,834.0,,-380.0,,,,,454.0,-4.0,,72.0,-10.0,11.0,,-69.0,450.0,-62.0,388.0,72.0,,,316.0,-48.0,268.0,-2.0,0.0,266.0,266.0,,290.202971,0.9,1.17,1.17,292.474304,0.9,1.17,1.17,
03/31/2005,6221.0,,-5245.0,,976.0,,-371.0,,,,,605.0,-87.0,67.0,78.0,-11.0,5.0,,15.0,518.0,-190.0,328.0,8.0,,,320.0,-60.0,260.0,0.0,0.0,260.0,260.0,76.0,290.333304,0.9,0.93,1.2,292.999971,0.9,0.93,1.2,
06/30/2005,6693.0,,-5722.0,,971.0,,-395.0,,,,,576.0,44.0,73.0,87.0,-14.0,-5.0,,-112.0,620.0,-64.0,556.0,36.0,,,520.0,-60.0,460.0,-1.0,0.0,459.0,459.0,196.0,290.666638,1.59,1.71,2.37,292.666637,1.56,1.68,2.34,
09/30/2005,6401.0,,-5582.0,,819.0,,-355.0,,,,,464.0,-11.0,78.0,96.0,-18.0,11.0,,-78.0,453.0,-109.0,344.0,-4.0,,,348.0,-59.0,289.0,,,289.0,289.0,5.32,290.999971,0.99,0.99,1.02,292.333304,0.99,0.96,0.99,
12/31/2005,6185.0,,-5358.0,,827.0,,-358.0,,,,,469.0,-97.0,,78.0,-22.0,21.0,,20.0,372.0,-89.0,283.0,-21.0,,,304.0,-80.0,224.0,-1.0,0.0,223.0,223.0,,290.378638,0.78,0.72,0.78,291.539304,0.78,0.72,0.78,
03/31/2006,7111.0,,-5650.0,,1461.0,,-402.0,,,,,1059.0,-58.0,75.0,92.0,-17.0,-2.0,,-15.0,1001.0,-282.0,719.0,6.0,,,713.0,-105.0,608.0,0.0,0.0,608.0,608.0,0.72,290.333304,2.1,2.13,2.13,291.999971,2.07,2.1,2.1,
06/30/2006,7797.0,,-6151.0,,1646.0,,-404.0,,,,,1242.0,-28.0,83.0,98.0,-15.0,-19.0,,-36.0,1214.0,-341.0,873.0,5.0,,,868.0,-124.0,744.0,0.0,0.0,744.0,744.0,28.5,289.999971,2.55,2.58,2.67,292.333304,2.55,2.55,2.64,
09/30/2006,7631.0,,-6340.0,,1291.0,,-379.0,,,,,912.0,-50.0,66.0,101.0,-35.0,9.0,,-25.0,862.0,-213.0,649.0,3.0,,,646.0,-109.0,537.0,,,537.0,537.0,-3.0,289.333304,1.86,1.86,1.86,290.999971,1.83,1.86,1.86,
12/31/2006,7545.0,,-6198.0,,1347.0,,-400.0,,,,,947.0,-598.0,,93.0,-39.0,20.0,,524.0,349.0,3.0,352.0,-105.0,,,457.0,-98.0,359.0,-1.0,0.0,358.0,358.0,,289.110304,1.23,0.9,2.25,291.019638,1.23,0.87,2.22,
03/31/2007,7908.0,,-6311.0,,1597.0,,-409.0,,,,,1188.0,-65.0,67.0,83.0,-16.0,-7.0,,5.0,1123.0,-335.0,788.0,11.0,,,777.0,-115.0,662.0,0.0,0.0,662.0,662.0,18.0,289.666638,2.28,2.31,2.37,291.999971,2.25,2.31,2.37,
06/30/2007,8066.0,,-6495.0,,1571.0,,-422.0,,,,,1149.0,31.0,71.0,86.0,-15.0,15.0,,-117.0,1180.0,-354.0,826.0,1.0,,,825.0,-110.0,715.0,0.0,0.0,715.0,715.0,-4.0,290.999971,2.46,2.46,2.46,294.333304,2.43,2.43,2.43,
09/30/2007,7387.0,,-6248.0,,1139.0,,-429.0,,,,,710.0,1003.0,136.0,151.0,-15.0,69.0,,-1208.0,1713.0,-1079.0,634.0,3.0,,,631.0,-76.0,555.0,0.0,0.0,555.0,555.0,404.0,289.333304,1.92,1.92,3.3,292.666637,1.89,1.92,3.3,
12/31/2007,5919.0,,-4993.0,,926.0,,-422.0,,,,,504.0,282.0,127.0,81.0,,-51.0,,-358.0,786.0,145.0,931.0,235.0,,,696.0,-64.0,632.0,-2.0,0.0,630.0,630.0,,279.133305,2.25,2.28,1.08,281.943305,2.25,2.25,1.05,
03/31/2008,6998.0,,-5841.0,,1157.0,0.0,-384.0,321.0,,,63.0,773.0,-195.0,85.0,99.0,-14.0,47.0,,63.0,578.0,-212.0,366.0,-4.0,,,370.0,-67.0,303.0,,0.0,303.0,303.0,,272.666639,1.11,1.11,1.23,274.999973,1.11,1.08,1.2,
06/30/2008,7245.0,,-6040.0,,1205.0,0.0,-359.0,298.0,,,61.0,846.0,9.0,69.0,87.0,-18.0,-67.0,,-11.0,855.0,-232.0,623.0,7.0,,,616.0,-70.0,546.0,0.0,0.0,546.0,546.0,24.7,271.999973,2.01,2.04,2.13,274.999973,1.98,2.01,2.097,
09/30/2008,6970.0,,-5959.0,,1011.0,0.0,-336.0,275.0,,,61.0,675.0,-149.0,81.0,96.0,-15.0,59.0,,9.0,526.0,-136.0,390.0,38.0,,,352.0,-84.0,268.0,-1.0,0.0,267.0,267.0,,269.333306,0.99,1.11,1.2,269.999973,0.99,1.11,1.2,
12/31/2008,5688.0,,-5569.0,,119.0,,-334.0,,,,,-215.0,-952.0,119.0,125.0,-6.0,-47.0,,880.0,-1167.0,238.0,-929.0,262.0,,,-1191.0,0.0,-1191.0,-1.0,0.0,-1192.0,-1192.0,,266.772429,-4.47,-3.48,-1.38,266.772429,-4.47,-3.48,-1.38,
03/31/2009,4147.0,4147.0,-4143.0,4143.0,4.0,0.0,-637.0,244.0,41.0,283.0,69.0,-633.0,-144.0,113.0,114.0,-1.0,14.0,,17.0,-777.0,307.0,-470.0,17.0,17.0,0.0,-487.0,-10.0,-497.0,-1.0,0.0,-498.0,-452.55,28.45,272.247781,-1.83,-1.77,-1.662273,272.247781,-1.83,-1.77,-1.665501,
06/30/2009,4244.0,4244.0,-3966.0,3966.0,278.0,0.0,-677.0,240.0,38.0,317.0,82.0,-399.0,-26.0,102.0,115.0,-13.0,-60.0,,-16.0,-425.0,108.0,-317.0,142.0,142.0,0.0,-459.0,5.0,-454.0,0.0,0.0,-454.0,-249.5,62.5,324.759853,-1.41,-0.96,-0.768261,324.759853,-1.41,-0.96,-0.768261,
09/30/2009,4615.0,4615.0,-3888.0,3888.0,727.0,0.0,-632.0,234.0,39.0,342.0,17.0,95.0,3.0,117.0,120.0,-3.0,-20.0,,-100.0,98.0,22.0,120.0,-4.0,-4.0,0.0,124.0,-47.0,77.0,-1.0,0.0,76.0,49.35,-22.65,324.784382,0.24,0.21,0.151947,325.864519,0.24,0.21,0.140493,
12/31/2009,5433.0,5433.0,-4905.0,4905.0,528.0,0.0,-780.0,291.0,51.0,369.0,69.0,-252.0,-142.0,120.0,121.0,-1.0,-16.0,,38.0,-394.0,137.0,-257.0,11.0,11.0,0.0,-268.0,-9.0,-277.0,0.0,0.0,-277.0,30.1,296.1,324.792585,-0.84,-0.81,0.092676,324.792585,-0.84,-0.81,0.092676,
03/31/2010,4887.0,4887.0,-4013.0,4013.0,874.0,0.0,-823.0,239.0,39.0,358.0,187.0,51.0,-139.0,114.0,118.0,-4.0,-6.0,,31.0,-88.0,-84.0,-172.0,7.0,7.0,0.0,-179.0,-22.0,-201.0,-1.0,0.0,-202.0,34.7,229.7,335.666633,-0.6,-0.57,0.103377,335.666633,-0.6,-0.57,0.103377,
06/30/2010,5187.0,5187.0,-4210.0,4210.0,977.0,0.0,-646.0,208.0,45.0,363.0,30.0,331.0,-103.0,114.0,119.0,-5.0,9.0,,-20.0,228.0,-57.0,171.0,1.0,1.0,0.0,170.0,-34.0,136.0,0.0,0.0,136.0,156.3,19.3,340.333299,0.39,0.39,0.459255,372.333296,0.39,0.39,0.441834,
09/30/2010,5287.0,5287.0,-4413.0,4413.0,874.0,0.0,-632.0,232.0,40.0,358.0,2.0,242.0,-182.0,134.0,139.0,-5.0,19.0,,29.0,60.0,49.0,109.0,0.0,0.0,0.0,109.0,-48.0,61.0,-1.0,0.0,60.0,65.2,5.2,340.42015,0.18,0.18,0.191529,342.258165,0.18,0.18,0.191529,
12/31/2010,5652.0,5652.0,-4538.0,4538.0,1114.0,0.0,-691.0,282.0,50.0,371.0,-12.0,423.0,-75.0,113.0,118.0,-5.0,-9.0,,-29.0,348.0,-56.0,292.0,0.0,0.0,0.0,292.0,-34.0,258.0,0.0,0.0,258.0,245.05,-12.95,340.565687,0.75,0.75,0.719538,373.095278,0.72,0.72,0.68529,
03/31/2011,5958.0,5958.0,-4715.0,4715.0,1243.0,0.0,-655.0,245.0,43.0,361.0,6.0,588.0,-83.0,105.0,111.0,-6.0,-21.0,,-1.0,505.0,-138.0,367.0,1.0,1.0,0.0,366.0,-58.0,308.0,-1.0,0.0,307.0,313.85,5.85,350.655392,0.87,0.87,0.895038,384.169634,0.81,0.81,0.825228,
06/30/2011,6585.0,6585.0,-5247.0,5247.0,1338.0,0.0,-708.0,253.0,46.0,375.0,34.0,630.0,-113.0,158.0,163.0,-5.0,-9.0,,-36.0,517.0,-136.0,381.0,4.0,4.0,0.0,377.0,-55.0,322.0,0.0,0.0,322.0,358.25,32.25,354.616912,0.9,0.93,1.010244,388.353091,0.84,0.84,0.923043,
09/30/2011,6419.0,6419.0,-5290.0,5290.0,1129.0,0.0,-693.0,261.0,47.0,376.0,9.0,436.0,-156.0,120.0,125.0,-5.0,35.0,,1.0,280.0,-55.0,225.0,0.0,0.0,0.0,225.0,-53.0,172.0,-1.0,0.0,171.0,185.4,14.4,354.666631,0.48,0.48,0.522744,387.999961,0.45,0.45,0.487113,
12/31/2011,5989.0,5989.0,-5228.0,5228.0,761.0,0.0,-915.0,268.0,48.0,367.0,232.0,-154.0,-85.0,121.0,125.0,-4.0,11.0,,-47.0,-239.0,74.0,-165.0,-2.0,-2.0,0.0,-163.0,-28.0,-191.0,0.0,0.0,-191.0,-47.55,145.45,354.787642,-0.54,-0.54,-0.134025,354.787642,-0.54,-0.54,-0.134025,
03/31/2012,6006.0,6006.0,-5098.0,5098.0,908.0,0.0,-663.0,241.0,43.0,369.0,10.0,245.0,-107.0,117.0,123.0,-6.0,-11.0,,1.0,138.0,-39.0,99.0,0.0,0.0,0.0,99.0,-5.0,94.0,-1.0,0.0,93.0,101.2,8.2,355.333298,0.27,0.27,0.284802,387.999961,0.27,0.27,0.284802,
06/30/2012,5963.0,5963.0,-5154.0,5154.0,809.0,0.0,-670.0,245.0,47.0,363.0,15.0,139.0,-145.0,119.0,123.0,-4.0,11.0,,15.0,-6.0,-13.0,-19.0,0.0,0.0,0.0,-19.0,17.0,-2.0,0.0,0.0,-2.0,47.65,49.65,355.587638,0.0,0.0,0.134004,355.587638,0.0,0.0,0.134004,
09/30/2012,5833.0,5833.0,-5266.0,5266.0,567.0,0.0,-653.0,234.0,51.0,366.0,2.0,-86.0,-122.0,118.0,124.0,-6.0,-3.0,,7.0,-208.0,33.0,-175.0,0.0,0.0,0.0,-175.0,32.0,-143.0,-1.0,0.0,-144.0,-91.05,52.95,355.666823,-0.39,-0.39,-0.255999,355.666823,-0.39,-0.39,-0.255999,
12/31/2012,5898.0,5898.0,-4968.0,4968.0,930.0,0.0,-755.0,277.0,56.0,362.0,60.0,175.0,225.0,105.0,120.0,-15.0,-2.0,,-328.0,400.0,-143.0,257.0,0.0,0.0,0.0,257.0,-15.0,242.0,0.0,0.0,242.0,64.05,-177.95,355.732353,0.69,0.69,0.180051,389.183229,0.63,0.63,0.172761,
03/31/2013,5833.0,5833.0,-4847.0,4847.0,986.0,0.0,-664.0,251.0,45.0,361.0,7.0,322.0,-88.0,111.0,115.0,-4.0,-6.0,,-17.0,234.0,-64.0,170.0,0.0,0.0,0.0,170.0,-21.0,149.0,-1.0,0.0,148.0,140.75,-7.25,356.333298,0.42,0.42,0.394995,389.666628,0.39,0.39,0.371394,
06/30/2013,5849.0,5849.0,-4933.0,4933.0,916.0,0.0,-906.0,254.0,46.0,362.0,244.0,10.0,-137.0,114.0,118.0,-4.0,-5.0,10.0,18.0,-127.0,-21.0,-148.0,0.0,0.0,0.0,-148.0,29.0,-119.0,0.0,0.0,-119.0,61.35,180.35,356.333298,-0.33,-0.33,0.17217,356.333298,-0.33,-0.33,0.17217,
09/30/2013,5765.0,5765.0,-4798.0,4798.0,967.0,0.0,-791.0,248.0,44.0,348.0,151.0,176.0,-101.0,105.0,108.0,-3.0,-4.0,,0.0,75.0,-31.0,44.0,0.0,0.0,0.0,44.0,-20.0,24.0,-1.0,0.0,23.0,123.35,100.35,356.666631,0.06,0.06,0.34584,359.666631,0.06,0.06,0.339009,
12/31/2013,5585.0,5585.0,-4708.0,4708.0,877.0,0.0,-2773.0,255.0,57.0,350.0,2111.0,-1896.0,-102.0,110.0,112.0,-2.0,-18.0,,10.0,-1998.0,-312.0,-2310.0,0.0,0.0,0.0,-2310.0,-29.0,-2339.0,0.0,0.0,-2339.0,58.1,2397.1,356.731804,-6.570001,-6.570001,0.162867,356.731804,-6.570001,-6.570001,0.149613,
03/31/2014,5454.0,5454.0,-4495.0,4495.0,959.0,0.0,-1088.0,236.0,51.0,340.0,461.0,-129.0,-145.0,116.0,120.0,-4.0,8.0,,21.0,-274.0,77.0,-197.0,0.0,0.0,0.0,-197.0,19.0,-178.0,-1.0,0.0,-179.0,77.0,256.0,366.924082,-0.48,-0.48,0.209853,366.924082,-0.48,-0.48,0.209853,
06/30/2014,5836.0,5836.0,-4765.0,4765.0,1071.0,0.0,-754.0,245.0,50.0,349.0,110.0,317.0,-110.0,99.0,105.0,-6.0,-3.0,,14.0,207.0,-78.0,129.0,0.0,0.0,0.0,129.0,9.0,138.0,0.0,0.0,138.0,214.7,76.7,390.999961,0.36,0.36,0.549105,396.333294,0.36,0.36,0.549105,
09/30/2014,6239.0,6239.0,-4904.0,4904.0,1335.0,0.0,-856.0,243.0,57.0,347.0,209.0,479.0,-149.0,123.0,126.0,-3.0,-5.0,16.0,15.0,330.0,-199.0,131.0,0.0,0.0,0.0,131.0,18.0,149.0,0.0,0.0,149.0,462.3,313.3,392.333294,0.39,0.39,1.178334,401.666627,0.36,0.36,1.14,
12/31/2014,6377.0,6377.0,-4973.0,4973.0,1404.0,0.0,-1054.0,271.0,60.0,335.0,388.0,350.0,-116.0,116.0,122.0,-6.0,1.0,8.0,-9.0,234.0,-120.0,114.0,0.0,0.0,0.0,114.0,45.0,159.0,-20.0,0.0,139.0,405.35,266.35,398.744278,0.36,0.36,1.016565,405.783394,0.33,0.33,0.986385,
03/31/2015,5819.0,5819.0,-4443.0,4443.0,1376.0,0.0,-785.0,232.0,55.0,321.0,177.0,591.0,-110.0,119.0,122.0,-3.0,-16.0,20.0,-13.0,481.0,-226.0,255.0,0.0,0.0,0.0,255.0,-60.0,195.0,-17.0,0.0,178.0,346.0,168.0,406.999959,0.45,0.45,0.850122,412.666625,0.42,0.42,0.827109,
06/30/2015,5897.0,5897.0,-4663.0,4663.0,1234.0,0.0,-828.0,224.0,68.0,319.0,217.0,406.0,-124.0,120.0,124.0,-4.0,6.0,24.0,-26.0,282.0,-75.0,207.0,0.0,0.0,0.0,207.0,-67.0,140.0,-17.0,0.0,123.0,233.0,110.0,407.333293,0.3,0.3,0.572013,412.333292,0.3,0.3,0.566775,
09/30/2015,2679.0,2679.0,-2239.0,2239.0,440.0,0.0,-353.0,95.0,14.0,190.0,54.0,87.0,-73.0,,69.0,,-35.0,23.0,16.0,14.0,-77.0,-63.0,0.0,0.0,0.0,-63.0,-61.0,-124.0,0.0,0.0,-124.0,-90.2,33.8,182.000164,-0.679998,-0.679998,-0.495603,182.000164,-0.679998,-0.679998,-0.495603,
12/31/2015,2451.0,2451.0,-2157.0,2157.0,294.0,0.0,-979.0,92.0,15.0,186.0,686.0,-685.0,-113.0,,62.0,,23.0,,28.0,-798.0,-92.0,-890.0,0.0,0.0,0.0,-890.0,64.0,-826.0,0.0,0.0,-826.0,-19.0,807.0,436.703789,-1.89,-1.89,-0.043509,436.703789,-1.89,-1.89,-0.043509,
03/31/2016,2129.0,2129.0,-1866.0,1866.0,263.0,0.0,-357.0,85.0,11.0,177.0,84.0,-94.0,-103.0,,64.0,,22.0,22.0,-5.0,-197.0,-18.0,-215.0,0.0,0.0,0.0,-215.0,5.0,-210.0,0.0,0.0,-210.0,-142.6,67.4,182.471359,-1.149999,-1.149999,-0.781491,182.471359,-1.149999,-1.149999,-0.781491,
06/30/2016,2323.0,2323.0,-1941.0,1941.0,382.0,0.0,-283.0,90.0,7.0,178.0,8.0,99.0,-43.0,,66.0,,1.0,19.0,-43.0,56.0,-68.0,-12.0,0.0,0.0,0.0,-12.0,-43.0,-55.0,0.0,0.0,-55.0,-44.0,11.0,182.471359,-0.290001,-0.290001,-0.241134,182.471359,-0.290001,-0.290001,-0.241134,
09/30/2016,2329.0,2329.0,-1968.0,1968.0,361.0,0.0,-298.0,92.0,8.0,181.0,17.0,63.0,39.0,,67.0,,8.0,16.0,-130.0,102.0,-92.0,10.0,0.0,0.0,0.0,10.0,-20.0,-10.0,0.0,0.0,-10.0,135.000035,145.000035,60.666661,-0.18,-0.18,2.225274,60.666661,-0.18,-0.18,2.210109,
12/31/2016,2537.0,2537.0,-2123.0,2123.0,414.0,0.0,-490.0,92.0,7.0,182.0,209.0,-76.0,-47.0,,46.0,,-13.0,,14.0,-123.0,-6.0,-129.0,0.0,0.0,0.0,-129.0,4.0,-125.0,0.0,0.0,-125.0,81.0,206.0,182.688806,-0.68,-0.68,0.443377,182.688806,-0.68,-0.68,0.443377,
03/31/2017,2655.0,2655.0,-2023.0,2023.0,632.0,0.0,-267.0,71.0,7.0,179.0,10.0,365.0,53.0,,26.0,,16.0,7.0,-102.0,418.0,-110.0,308.0,0.0,0.0,0.0,308.0,-83.0,225.0,0.0,0.0,225.0,156.45,-68.55,183.816083,1.23,1.23,0.851122,186.303547,1.21,1.21,0.842052,
06/30/2017,2859.0,2859.0,-2309.0,2309.0,550.0,0.0,-282.0,72.0,8.0,190.0,12.0,268.0,-31.0,,25.0,,-11.0,3.0,14.0,237.0,-99.0,138.0,0.0,0.0,0.0,138.0,-63.0,75.0,0.0,0.0,75.0,140.8,65.8,184.0,0.41,0.41,0.765217,186.0,0.4,0.4,0.753763,
09/30/2017,2964.0,2964.0,-2340.0,2340.0,624.0,0.0,-262.0,70.0,8.0,194.0,-10.0,362.0,-74.0,,26.0,,1.0,13.0,34.0,288.0,-119.0,169.0,0.0,0.0,0.0,169.0,-56.0,113.0,0.0,0.0,113.0,141.00001,28.00001,184.594233,0.61,0.61,0.763838,187.155231,0.6,0.6,0.749608,
12/31/2017,3174.0,3174.0,-2298.0,2298.0,876.0,0.0,-562.0,69.0,9.0,187.0,297.0,314.0,-57.0,,27.0,,2.0,5.0,23.0,257.0,-264.0,-7.0,0.0,0.0,0.0,-7.0,-127.0,-134.0,0.0,0.0,-134.0,200.38,334.38,183.363517,-0.730789,-0.730789,1.092802,188.030374,-0.730789,-0.730789,1.047541,
03/31/2018,3090.0,3090.0,-2302.0,2302.0,788.0,0.0,-250.0,67.0,8.0,194.0,-19.0,538.0,-47.0,26.0,26.0,0.0,3.0,2.0,16.0,491.0,-151.0,340.0,0.0,0.0,0.0,340.0,-145.0,195.0,0.0,0.0,195.0,190.21,-4.79,185.93977,1.05,1.05,1.022966,188.494931,1.04,1.04,1.014588,
06/30/2018,3579.0,3579.0,-2753.0,2753.0,826.0,0.0,-496.0,64.0,9.0,192.0,231.0,330.0,-41.0,32.0,32.0,0.0,-30.0,-3.0,42.0,289.0,-158.0,131.0,0.0,0.0,0.0,131.0,-121.0,10.0,0.0,0.0,10.0,198.9,188.9,186.0,0.05,0.05,1.069355,189.0,0.05,0.05,1.049471,
09/30/2018,3390.0,3390.0,-2485.0,2485.0,905.0,0.0,-415.0,58.0,7.0,173.0,177.0,490.0,-35.0,33.0,33.0,0.0,-22.0,-1.0,25.0,455.0,-260.0,195.0,0.0,0.0,0.0,195.0,-201.0,-6.0,0.0,0.0,-6.0,157.0,163.0,186.479038,-0.03,-0.03,0.841918,186.479038,-0.03,-0.03,0.841918,
12/31/2018,3344.0,3344.0,-2513.0,2513.0,831.0,0.0,-378.0,59.0,7.0,174.0,138.0,453.0,-63.0,31.0,31.0,0.0,0.0,19.0,13.0,390.0,-163.0,227.0,0.0,0.0,0.0,227.0,-176.0,51.0,0.0,0.0,51.0,151.0,100.0,186.166234,0.27,0.27,0.811103,188.219224,0.27,0.27,0.801295,
03/31/2019,2719.0,2719.0,-2180.0,2180.0,539.0,0.0,-376.0,84.0,7.0,172.0,113.0,163.0,-71.0,30.0,30.0,0.0,12.0,12.0,17.0,92.0,-150.0,-58.0,0.0,0.0,0.0,-58.0,-141.0,-199.0,0.0,0.0,-199.0,-156.0,43.0,185.32504,-1.07,-1.07,-0.841764,185.32504,-1.07,-1.07,-0.841764,
06/30/2019,2711.0,2711.0,-2189.0,2189.0,522.0,0.0,-619.0,68.0,7.0,174.0,370.0,-97.0,-80.0,30.0,30.0,0.0,5.0,15.0,30.0,-177.0,-116.0,-293.0,0.0,0.0,0.0,-293.0,-109.0,-402.0,0.0,0.0,-402.0,3.53,405.53,186.0,-2.17,-2.17,0.018978,186.0,-2.17,-2.17,0.010269,
09/30/2019,2567.0,2567.0,-2120.0,2120.0,447.0,0.0,-442.0,66.0,7.0,184.0,185.0,5.0,-57.0,30.0,30.0,0.0,-1.0,7.0,21.0,-52.0,-95.0,-147.0,0.0,0.0,0.0,-147.0,-74.0,-221.0,0.0,0.0,-221.0,-73.0,148.0,185.566202,-1.19,-1.19,-0.393391,185.566202,-1.19,-1.19,-0.393391,
12/31/2019,2436.0,2436.0,-2048.0,2048.0,388.0,0.0,-614.0,62.0,6.0,183.0,363.0,-226.0,-75.0,30.0,31.0,-1.0,0.0,15.0,30.0,-301.0,-54.0,-355.0,0.0,0.0,0.0,-355.0,52.0,-303.0,0.0,0.0,-303.0,55.369952,358.369952,185.575479,-1.63,-1.63,0.298369,185.575479,-1.63,-1.63,0.298369,
03/31/2020,2381.0,2381.0,-2025.0,2025.0,356.0,0.0,-239.0,60.0,7.0,170.0,2.0,117.0,102.0,30.0,30.0,0.0,11.0,7.0,-150.0,219.0,-80.0,139.0,0.0,0.0,0.0,139.0,-59.0,80.0,0.0,0.0,80.0,-39.0,-120.0,185.749763,0.43,0.43,-0.215343,186.609231,0.43,0.43,-0.215343,
06/30/2020,2148.0,2148.0,-1932.0,1932.0,216.0,0.0,-238.0,44.0,5.0,152.0,37.0,-22.0,-83.0,32.0,32.0,0.0,2.0,22.0,27.0,-105.0,-45.0,-150.0,0.0,0.0,0.0,-150.0,-47.0,-197.0,0.0,0.0,-197.0,-5.0,192.0,186.0,-1.06,-1.06,-0.026882,186.0,-1.06,-1.06,-0.027742,
09/30/2020,2174.5,,,,,,,,,,,,,,,,,,,-81.0,,-19.667,,,,,,-19.667,,,-19.667,43.0,,,-0.062,-0.062,-0.366,,-0.062,-0.062,-0.366,
12/31/2020,2256.833,,,,,,,,,,,,,,,,,,,-5.833,,-40.2,,,,,,-40.2,,,-40.2,-32.99,,,-0.257,-0.257,-0.281,,-0.257,-0.257,-0.281,
