Date,Revenue,Sales & Services Revenue,Cost of Revenue,Cost of Goods & Services,Gross Profit,Other Operating Income,Operating Expenses,"Selling, General & Admin",Research & Development,Other Operating Expense,Operating Income (Loss),Non-Operating (Income) Loss,"Interest Expense, Net",Interest Expense,Interest Income,Foreign Exch (Gain) Loss,Other Non-Op (Income) Loss,Pretax Income,Income Tax Expense (Benefit),Income (Loss) from Cont Ops,Net Extraordinary Losses (Gains),Discontinued Operations,XO & Accounting Changes,Income (Loss) Incl. MI,Minority Interest,"Net Income, GAAP",Preferred Dividends,Other Adjustments,"Net Income Avail to Common, GAAP","Net Income Avail to Common, Adj",Net Abnormal Losses (Gains),Basic Weighted Avg Shares,"Basic EPS, GAAP",Basic EPS from Cont Ops,"Basic EPS from Cont Ops, Adjusted",Diluted Weighted Avg Shares,"Diluted EPS, GAAP",Diluted EPS from Cont Ops,"Diluted EPS from Cont Ops, Adjusted",Source: Bloomberg
04/20/2001,729.359009,,-417.908997,,311.450012,,-285.55899,,,,25.891001,-19.457001,,19.631001,,0.0,-0.174,6.434,-2.561,3.873,0.0,,,3.873,0.0,3.873,0.0,0.0,3.873,3.873,,84.843,0.046667,0.046667,0.046667,85.719,0.046667,0.046667,0.046667,
07/14/2001,607.478027,,-350.25,,257.228027,,-220.848999,,,,36.379002,-13.048,,13.443,,0.0,-0.395,23.331002,-9.207,14.124,0.0,,,14.124002,0.0,14.124,0.0,0.0,14.124,14.124,,84.866999,0.166667,0.166667,0.166667,85.602001,0.163333,0.163333,0.163333,
10/06/2001,598.79303,,-342.05899,,256.734039,,-219.602997,,,,37.131001,-11.811,,12.121,,0.0,-0.31,25.32,-10.088,15.232,0.0,,,15.232,0.0,15.232,0.0,0.0,15.232,15.232,,84.959999,0.18,0.18,0.18,86.327997,0.176667,0.176667,0.176667,
12/29/2001,582.009,,-331.395,,250.614,,-221.52,,,,29.094,-55.678,,16.7,,0.0,38.978,-26.584,10.544,-16.04,5.747,,,-21.787,0.0,-21.787,0.0,0.0,-21.787,-21.787,,88.974,-0.243333,-0.18,-0.18,88.974,-0.243333,-0.18,-0.18,
04/20/2002,1004.087,,-567.579,,436.508,0.0,-388.154,,,,48.354,-28.591,,27.598,,,0.993,19.763,-7.667,12.096,,,,12.096,0.0,12.096,0.0,0.0,12.096,12.096,,101.499,0.12,0.12,0.196667,105.366,0.113333,0.113333,0.186667,
07/13/2002,792.71698,,-443.703003,,349.013977,,-284.13501,,,,64.878998,-38.83,,19.120001,,0.0,19.709999,26.048998,-10.108,15.941,0.0,,,15.940998,0.0,15.941,0.0,0.0,15.941,15.941,,106.158006,0.15,0.15,0.266667,109.626,0.146667,0.146667,0.256667,
10/05/2002,788.661987,,-439.0,,349.661987,,-278.868988,,,,70.792999,-24.447001,,16.016001,,0.0,8.431,46.345998,-17.983,28.363001,0.0,,,28.362998,0.0,28.363001,0.0,0.0,28.363001,28.363001,,107.019,0.266667,0.266667,0.316667,110.174994,0.256667,0.256667,0.306667,
04/19/2003,1005.968,,-541.979,,463.989,0.0,-391.369,,,,72.62,-66.167,,19.34,,,46.827,6.453,-2.485,3.968,-1.073,,,5.041,0.0,5.041,0.0,0.0,5.041,5.041,,107.709,0.046667,0.04,0.32,109.857,0.046667,0.04,0.32,
07/12/2003,827.348022,,-447.873993,,379.474029,,-299.006989,301.897,,-2.890011,80.467003,-10.076,,7.025,,0.0,3.051,70.391003,-27.1,43.291,-0.167,,,43.458003,0.0,43.458,0.0,0.0,43.458,43.458,,109.638003,0.4,0.4,0.416667,112.245003,0.386667,0.386667,0.403333,
10/04/2003,839.101013,,-452.173004,,386.928009,,-308.298004,308.298,,4e-06,78.629997,-5.879,,5.86,,0.0,0.019,72.750997,-28.006001,44.744999,-0.419,,,45.163996,0.0,45.164001,0.0,0.0,45.164001,45.164001,,110.475003,0.406667,0.4,0.413333,113.321994,0.4,0.393333,0.406667,
01/03/2004,821.278992,,-447.152008,,374.126984,,-314.720001,,,,59.407001,-5.291,,5.351,,0.0,-0.06,54.116001,-20.834,33.282001,2.01,,,31.272001,0.0,31.271999,0.0,0.0,31.271999,31.271999,,110.774997,0.28,0.3,0.306667,113.79,0.273333,0.293333,0.3,
04/24/2004,1122.918,,-602.02,,520.898,0.0,-430.876,,,,90.022,-6.536,,6.317,,,0.219,83.486,-32.143,51.343,0.052,,,51.291,0.0,51.291,0.0,0.0,51.291,51.291,,110.988,0.46,0.46,0.466667,113.874,0.453333,0.453333,0.46,
07/12/2004,908.411987,,-486.109985,,422.302002,,-331.054993,,,,91.247002,-4.689,4.531,4.531,,0.0,0.158,86.558002,-33.328999,53.229,-0.006,,,53.235003,0.0,53.235001,0.0,0.0,53.235001,53.235001,0.103,111.884994,0.473333,0.473333,0.473333,114.425995,0.466667,0.466667,0.466667,
10/09/2004,890.161011,,-473.645996,,416.515015,,-328.673004,,,,87.842003,-4.263,,4.33,,0.0,-0.067,83.579003,-32.18,51.398998,0.006,,,51.393003,0.0,51.393002,0.0,0.0,51.393002,51.393002,,166.428005,0.306667,0.306667,0.306667,169.7085,0.3,0.3,0.3,
01/01/2005,848.804,,-455.15,,393.654,,-334.009,,,,59.647,-7.522,,4.891,,0.0,2.631,52.125,-20.069,32.056,-0.013,,,32.069,0.0,32.069,0.0,0.0,32.069,32.069,,109.5105,0.293333,0.293333,0.313333,111.231,0.286667,0.286667,0.306667,
07/16/2005,1023.146,,-541.096,,482.05,,-369.53,,,,112.52,-6.53,7.575,7.575,,,-1.045,105.99,-40.061,65.929,,,,65.929,,65.929,,,65.929,65.929,,108.777,0.606667,0.606667,0.606667,110.3475,0.6,0.6,0.6,
12/31/2005,963.725,,-513.643,,450.082,,-379.74,,,,70.342,-7.185,,7.702,,0.0,-0.517,63.157,-23.801,39.356,0.0,,,39.356,0.0,39.356,0.0,0.0,39.356,39.356,,108.28,0.36,0.36,0.36,109.778,0.36,0.36,0.36,
04/22/2006,1393.01,,-727.842,,665.168,,-538.87,,,,126.298,-9.543,10.163,10.163,,0.0,-0.62,116.755,-42.674,74.081,0.0,,,74.081,0.0,74.081,0.0,0.0,74.081,74.081,,107.879,0.69,0.69,0.69,109.255,0.68,0.68,0.68,
07/15/2006,1107.857,,-580.498,,527.359,,-416.913,,,,110.446,-8.773,8.752,8.752,,0.0,0.021,101.673,-38.737,62.936,0.0,,,62.936,0.0,62.936,0.0,0.0,62.936,62.936,,105.65,0.6,0.6,0.6,106.793,0.59,0.59,0.59,
10/07/2006,1099.486,,-569.28,,530.206,,-427.685,,,,102.521,-8.092,9.232,9.232,,0.0,-1.14,94.429,-35.482,58.947,0.0,,,58.947,0.0,58.947,0.0,0.0,58.947,58.947,-0.6409,105.112,0.56,0.56,0.55,106.051,0.56,0.56,0.55,
04/21/2007,1468.12,,-758.717,,709.403,,-574.71,574.71,,0.0,134.693,-10.932,,11.274,,0.0,-0.342,123.761,-47.66,76.101,0.0,,,76.101,0.0,76.101,0.0,0.0,76.101,76.101,,105.694,0.72,0.72,0.72,106.645,0.71,0.71,0.71,
07/14/2007,1169.859,,-606.998,,562.861,,-445.051,,,,117.81,-6.884,7.392,7.392,,0.0,-0.508,110.926,-42.502,68.424,0.0,,,68.424,0.0,68.424,0.0,0.0,68.424,68.424,,106.486,0.64,0.64,0.64,107.47,0.64,0.64,0.64,
10/06/2007,1158.043,,-602.93,,555.113,,-454.734,,,,100.379,-7.615,7.968,7.968,,0.0,-0.353,92.764,-33.724,59.04,0.0,,,59.04,0.0,59.04,0.0,0.0,59.04,59.04,4.13,102.546,0.58,0.58,0.62,103.181,0.57,0.57,0.61,
12/29/2007,1048.382,,-554.79,,493.592,0.0,-430.045,430.045,,0.0,63.547,-8.364,,8.175,,0.0,0.189,55.183,-20.431,34.752,0.0,,,34.752,0.0,34.752,0.0,0.0,34.752,34.752,,99.955,0.35,0.35,0.35,100.654,0.35,0.35,0.35,
04/19/2008,1526.132,,-801.278,,724.854,0.0,-580.576,580.576,,0.0,144.278,-12.297,12.325,12.325,0.0,,-0.028,131.981,-49.895,82.086,0.0,,,82.086,0.0,82.086,0.0,0.0,82.086,82.086,0.0,94.987,0.86,0.86,0.86,95.607,0.86,0.86,0.86,
07/12/2008,1235.783,,-649.501,,586.282,0.0,-458.323,458.323,,0.0,127.959,-7.342,,7.25,,,0.092,120.617,-45.231,75.386,0.0,,,75.386,0.0,75.386,0.0,0.0,75.386,75.386,0.0,95.008,0.79,0.79,0.79,95.663,0.78,0.78,0.78,
10/04/2008,1187.952,,-625.777,,562.175,0.0,-466.278,466.278,,0.0,95.897,-6.895,,6.672,,,0.223,89.002,-32.847,56.155,0.0,,,56.155,0.0,56.155,0.0,0.0,56.155,56.155,0.0,95.019,0.59,0.59,0.59,95.758,0.58,0.58,0.58,
01/03/2009,1192.388,,-666.577,,525.811,0.0,-479.018,479.018,,0.0,46.793,-7.701,,7.482,,,0.219,39.092,-14.681,24.411,0.0,,,24.411,0.0,24.411,0.0,0.0,24.411,24.411,,94.278,0.26,0.26,0.51,94.441,0.26,0.26,0.51,
04/25/2009,1683.636,1683.636,-861.648,861.648,821.988,0.0,-664.406,664.406,,0.0,157.582,-7.715,7.611,7.611,0.0,,0.104,149.867,-56.282,93.585,0.0,0.0,0.0,93.585,0.0,93.585,0.0,0.0,93.585,93.585,0.0,94.473,0.99,0.99,0.99,94.889,0.98,0.98,0.98,
07/18/2009,1322.844,1322.844,-670.194,670.194,652.65,0.0,-517.875,517.875,,0.0,134.775,-5.23,5.48,5.48,0.0,,-0.25,129.545,-49.215,80.33,0.0,0.0,0.0,80.33,0.0,80.33,0.0,-0.407,79.923,79.84825,-0.07475,94.868,0.84,0.84,0.841677,95.745,0.83,0.83,0.829219,
10/10/2009,1262.576,1262.576,-641.117,641.117,621.459,0.0,-516.604,516.604,,0.0,104.855,-4.852,5.339,5.339,0.0,,-0.487,100.003,-38.024,61.979,0.0,0.0,0.0,61.979,0.0,61.979,0.0,0.0,61.979,61.979,0.0,94.656,0.65,0.65,0.65,95.474,0.65,0.65,0.65,
01/02/2010,1143.567,1143.567,-595.438,595.438,548.129,0.0,-490.956,490.956,,0.0,57.173,-4.933,4.907,4.907,0.0,,0.026,52.24,-17.761,34.479,0.0,0.0,0.0,34.479,0.0,34.479,0.0,0.0,34.479,34.61095,0.13195,93.836,0.37,0.37,0.368845,94.409,0.36,0.36,0.361398,
04/24/2010,1830.606,1830.606,-919.829,919.829,910.777,0.0,-728.605,728.605,,0.0,182.172,-5.432,5.956,5.956,0.0,,-0.524,176.74,-67.309,109.431,0.0,0.0,0.0,109.431,0.0,109.431,0.0,0.0,109.431,109.431,0.0,90.712,1.2,1.2,1.2,91.473,1.19,1.19,1.19,
07/17/2010,1417.956,1417.956,-702.688,702.688,715.268,0.0,-543.666,543.666,,0.0,171.602,-8.878,7.176,7.176,0.0,,1.702,162.724,-61.813,100.911,0.0,0.0,0.0,100.911,0.0,100.911,0.0,-0.446,100.465,101.4881,1.0231,85.394,1.18,1.18,1.188469,86.41,1.16,1.16,1.17184,
10/09/2010,1406.511,1406.511,-698.726,698.726,707.785,0.0,-560.563,560.563,,0.0,147.222,-7.295,7.002,7.002,0.0,,0.293,139.927,-52.329,87.598,0.0,0.0,0.0,87.598,0.0,87.598,0.0,-0.386,87.212,88.317,1.105,83.695,1.04,1.04,1.055224,84.802,1.03,1.03,1.04303,
01/01/2011,1270.13,1270.13,-642.645,642.645,627.485,0.0,-543.548,543.548,,0.0,83.937,-6.273,6.727,6.727,0.0,,-0.454,77.664,-29.551,48.113,0.0,0.0,0.0,48.113,0.0,48.113,0.0,0.0,48.113,48.31905,0.20605,82.983,0.58,0.58,0.582276,84.494,0.57,0.57,0.572439,
04/23/2011,1898.063,1898.063,-939.862,939.862,958.201,0.0,-772.224,772.224,,0.0,185.977,-9.664,9.719,9.719,0.0,,-0.055,176.313,-66.73,109.583,0.0,0.0,0.0,109.583,0.0,109.583,0.0,0.0,109.583,110.42215,0.83915,79.468,1.37,1.37,1.389517,81.019,1.35,1.35,1.360357,
07/16/2011,1479.839,1479.839,-743.991,743.991,735.848,0.0,-546.921,546.921,,0.0,188.927,-8.219,8.007,8.007,0.0,,0.212,180.708,-67.601,113.107,0.0,0.0,0.0,113.107,0.0,113.107,0.0,-0.292,112.815,112.815,0.0,75.979,1.48,1.48,1.48,77.426,1.46,1.46,1.46,
10/08/2011,1464.988,1464.988,-740.485,740.485,724.503,0.0,-546.683,546.683,,0.0,177.82,-8.764,8.15,8.15,0.0,,0.614,169.056,-63.503,105.553,0.0,0.0,0.0,105.553,0.0,105.553,0.0,0.0,105.553,105.553,0.0,73.381,1.43,1.43,1.43,74.73,1.41,1.41,1.41,
12/31/2011,1327.572,1327.572,-676.834,676.834,650.738,0.0,-538.82,538.82,,0.0,111.918,-4.759,5.073,5.073,0.0,,-0.314,107.159,-40.72,66.439,0.0,0.0,0.0,66.439,0.0,66.439,0.0,-0.131,66.308,67.52415,1.21615,72.394,0.92,0.92,0.932731,73.807,0.9,0.9,0.916477,
04/21/2012,1957.292,1957.292,-976.619,976.619,980.673,0.0,-756.109,756.109,,0.0,224.564,-9.352,9.854,9.854,0.0,,-0.502,215.212,-81.706,133.506,0.0,0.0,0.0,133.506,0.0,133.506,0.0,-0.321,133.185,133.185,0.0,72.888,1.83,1.83,1.83,74.223,1.79,1.79,1.79,
07/14/2012,1460.983,1460.983,-732.125,732.125,728.858,0.0,-559.663,559.663,,0.0,169.195,-8.002,7.947,7.947,0.0,,0.055,161.193,-61.587,99.606,0.0,0.0,0.0,99.606,0.0,99.606,0.0,-0.237,99.369,99.369,0.0,73.15,1.36,1.36,1.36,74.084,1.34,1.34,1.34,
10/06/2012,1457.527,1457.527,-732.177,732.177,725.35,0.0,-574.99,574.99,,0.0,150.36,-7.736,8.048,8.048,0.0,,-0.312,142.624,-53.121,89.503,0.0,0.0,0.0,89.503,0.0,89.503,0.0,-0.203,89.3,89.3,0.0,73.166,1.22,1.22,1.22,73.992,1.21,1.21,1.21,
12/29/2012,1329.201,1329.201,-666.046,666.046,663.155,0.0,-549.959,549.959,,0.0,113.196,-8.151,7.992,7.992,0.0,,0.159,105.045,-39.99,65.055,0.0,0.0,0.0,65.055,0.0,65.055,0.0,-0.11,64.945,65.4572,0.5122,73.221,0.89,0.89,0.893968,74.002,0.88,0.88,0.886921,
04/20/2013,2015.304,2015.304,-1007.098,1007.098,1008.206,0.0,-804.138,804.138,,0.0,204.068,-9.702,10.66,10.66,0.0,,-0.958,194.366,-72.576,121.79,0.0,0.0,0.0,121.79,0.0,121.79,0.0,-0.284,121.506,122.611,1.105,73.194,1.66,1.66,1.675151,73.806,1.65,1.65,1.664972,
07/13/2013,1549.553,1549.553,-770.33,770.33,779.223,0.0,-584.541,584.541,,0.0,194.682,-7.659,8.024,8.024,0.0,,-0.365,187.023,-70.152,116.871,0.0,0.0,0.0,116.871,0.0,116.871,0.0,-0.275,116.596,116.596,0.0,72.93,1.6,1.6,1.6,73.343,1.59,1.59,1.59,
10/05/2013,1520.144,1520.144,-757.204,757.204,762.94,0.0,-592.216,592.216,,0.0,170.724,-7.582,7.948,7.948,0.0,,-0.366,163.142,-59.312,103.83,0.0,0.0,0.0,103.83,0.0,103.83,0.0,-0.232,103.598,107.98568,4.38768,72.747,1.42,1.42,1.4844,73.128,1.42,1.42,1.48,
12/28/2013,1408.813,1408.813,-707.036,707.036,701.777,0.0,-610.933,610.933,,0.0,90.844,-8.977,9.986,9.986,0.0,,-1.009,81.867,-32.6,49.267,0.0,0.0,0.0,49.267,0.0,49.267,0.0,-0.104,49.163,68.643,19.48,72.761,0.68,0.68,0.943404,73.248,0.67,0.67,0.935946,
04/19/2014,2969.499,2969.499,-1616.377,1616.377,1353.122,0.0,-1097.32,1097.32,,0.0,255.802,-23.039,23.642,23.642,0.0,,-0.603,232.763,-85.037,147.726,0.0,0.0,0.0,147.726,0.0,147.726,0.0,-0.44,147.286,156.82215,9.53615,72.869,2.02,2.02,2.152111,73.355,2.01,2.01,2.14,
07/12/2014,2347.697,2347.697,-1285.589,1285.589,1062.108,0.0,-821.435,821.435,,0.0,240.673,-16.653,16.861,16.861,0.0,,-0.208,224.02,-84.532,139.488,0.0,0.0,0.0,139.488,0.0,139.488,0.0,-0.455,139.033,146.3729,7.3399,72.93,1.91,1.91,2.007033,73.399,1.89,1.89,1.99,
10/04/2014,2289.456,2289.456,-1255.014,1255.014,1034.442,0.0,-825.284,825.284,,0.0,209.158,-15.505,15.903,15.903,0.0,,-0.398,193.653,-71.476,122.177,0.0,0.0,0.0,122.177,0.0,122.177,0.0,-0.392,121.785,132.79905,11.01405,72.955,1.67,1.67,1.820287,73.427,1.66,1.66,1.81,
01/03/2015,2237.209,2237.209,-1233.268,1233.268,1003.941,0.0,-857.864,857.864,,0.0,146.077,-15.119,17.002,17.002,0.0,,-1.883,130.958,-46.524,84.434,0.0,0.0,0.0,84.434,0.0,84.434,0.0,-0.268,84.166,106.94914,22.78314,72.997,1.15,1.15,1.465117,73.494,1.15,1.15,1.46,
04/25/2015,3038.233,3038.233,-1644.309,1644.309,1393.924,0.0,-1131.396,1131.396,,0.0,262.528,-23.685,21.777,21.777,0.0,,1.908,238.843,-90.731,148.112,0.0,0.0,0.0,148.112,0.0,148.112,0.0,-0.534,147.578,168.20084,20.62284,73.122,2.02,2.02,2.300277,73.653,2.0,2.0,2.28,
07/18/2015,2370.037,2370.037,-1282.748,1282.748,1087.289,0.0,-830.24,830.24,,0.0,257.049,-19.246,15.438,15.438,0.0,,3.808,237.803,-87.805,149.998,0.0,0.0,0.0,149.998,0.0,149.998,0.0,-0.545,149.453,161.24212,11.78912,73.183,2.04,2.04,2.203273,73.682,2.03,2.03,2.19,
10/10/2015,2295.203,2295.203,-1262.816,1262.816,1032.387,0.0,-826.862,826.862,,0.0,205.525,-13.108,14.384,14.384,0.0,,-1.276,192.417,-71.948,120.469,0.0,0.0,0.0,120.469,0.0,120.469,0.0,-0.425,120.044,139.509257,19.465257,73.215,1.64,1.64,1.905474,73.763,1.63,1.63,1.893889,
01/02/2016,2033.545,2033.545,-1124.373,1124.373,909.172,0.0,-808.494,808.494,,0.0,100.678,-16.853,13.809,13.809,0.0,,3.044,83.825,-29.006,54.819,0.0,0.0,0.0,54.819,0.0,54.819,0.0,-0.15,54.669,85.985127,31.316127,73.263,0.75,0.75,1.17365,73.861,0.74,0.74,1.163987,
04/23/2016,2979.778,2979.778,-1629.889,1629.889,1349.889,0.0,-1078.89,1078.89,,0.0,270.999,-15.82,18.943,18.943,0.0,,-3.123,255.179,-96.366,158.813,0.0,0.0,0.0,158.813,0.0,158.813,0.0,-0.61,158.203,178.606246,20.403246,73.401,2.16,2.16,2.433294,73.847,2.14,2.14,2.416291,
07/16/2016,2256.155,2256.155,-1245.898,1245.898,1010.257,0.0,-793.573,793.573,,0.0,216.684,-7.777,14.021,14.021,0.0,,-6.244,208.907,-84.307,124.6,0.0,0.0,0.0,124.6,0.0,124.6,0.0,-0.581,124.019,135.157056,11.138056,73.576,1.69,1.69,1.836972,73.835,1.68,1.68,1.830851,
10/08/2016,2248.855,2248.855,-1260.65,1260.65,988.205,0.0,-794.437,794.437,,0.0,193.768,-15.93,13.581,13.581,0.0,,2.349,177.838,-63.994,113.844,0.0,0.0,0.0,113.844,0.0,113.844,0.0,0.0,113.844,124.195848,10.351848,73.638,1.54,1.54,1.686573,73.86,1.53,1.53,1.670155,
12/31/2016,2082.891,2082.891,-1175.327,1175.327,907.564,0.0,-801.417,801.417,,0.0,106.147,-9.236,13.365,13.365,0.0,,-4.129,96.911,-34.546,62.365,0.0,0.0,0.0,62.365,0.0,62.365,0.0,-0.233,62.132,69.292265,7.160265,73.685,0.84,0.84,0.940385,73.886,0.84,0.84,0.93691,
04/22/2017,2890.838,2890.838,-1620.154,1620.154,1270.684,0.0,-1090.904,1090.904,,0.0,179.78,-13.617,18.43,18.43,0.0,,-4.813,166.163,-58.203,107.96,0.0,0.0,0.0,107.96,0.0,107.96,0.0,0.0,107.96,110.922609,2.962609,73.782,1.46,1.46,1.503383,74.093,1.46,1.46,1.499985,
07/15/2017,2263.727,2263.727,-1270.639,1270.639,993.088,0.0,-846.377,846.377,,0.0,146.711,-10.752,13.921,13.921,0.0,,-3.169,135.959,-48.91,87.049,0.0,0.0,0.0,87.049,0.0,87.049,0.0,0.0,87.049,110.829934,23.780934,73.848,1.18,1.18,1.500785,74.093,1.17,1.17,1.490961,
10/07/2017,2182.233,2182.233,-1234.525,1234.525,947.708,0.0,-791.139,791.139,,0.0,156.569,-12.569,13.314,13.314,0.0,,-0.745,144.0,-48.004,95.996,0.0,0.0,0.0,95.996,0.0,95.996,0.0,0.0,95.996,100.262641,4.266641,73.866,1.3,1.3,1.357358,74.106,1.3,1.3,1.357358,
12/30/2017,2036.986,2036.986,-1163.417,1163.417,873.569,0.0,-786.417,786.417,,0.0,87.152,-13.015,13.136,13.136,0.0,,-0.121,74.137,110.363,184.5,0.0,0.0,0.0,184.5,0.0,184.5,0.0,0.0,184.5,59.700735,-124.799265,73.909,2.5,2.5,0.80776,74.156,2.49,2.49,0.807071,
04/21/2018,2873.848,2873.848,-1601.564,1601.564,1272.284,0.0,-1074.043,1074.043,,0.0,198.241,-17.224,17.682,17.682,0.0,,-0.458,181.017,-44.29,136.727,0.0,0.0,0.0,136.727,0.0,136.727,0.0,0.0,136.727,149.838093,13.111093,73.979,1.85,1.85,2.025414,74.205,1.84,1.84,2.016687,
07/14/2018,2326.652,2326.652,-1315.093,1315.093,1011.559,0.0,-844.018,844.018,,0.0,167.541,-10.07,12.855,12.855,0.0,,-2.785,157.471,-39.635,117.836,0.0,0.0,0.0,117.836,0.0,117.836,0.0,0.0,117.836,135.495268,17.659268,74.054,1.59,1.59,1.829682,74.244,1.59,1.59,1.827854,
10/06/2018,2274.982,2274.982,-1268.055,1268.055,1006.927,0.0,-852.686,852.686,,0.0,154.241,-7.321,13.076,13.076,0.0,,-5.755,146.92,-31.077,115.843,0.0,0.0,0.0,115.843,0.0,115.843,0.0,0.0,115.843,134.504494,18.661494,73.888,1.57,1.57,1.820383,74.19,1.56,1.56,1.811537,
12/29/2018,2105.072,2105.072,-1176.429,1176.429,928.643,0.0,-844.391,844.391,0.0,0.0,84.252,-14.396,12.975,12.975,0.0,,1.421,69.856,-16.415,53.441,0.0,0.0,0.0,53.441,0.0,53.441,0.0,0.0,53.441,86.63281,33.19181,72.906,0.74,0.74,1.188281,73.254,0.74,0.74,1.188281,
04/20/2019,2952.036,2952.036,-1647.424,1647.424,1304.612,0.0,-1096.672,1096.672,,0.0,207.94,-17.182,14.944,14.944,0.0,,2.238,190.758,-48.258,142.5,0.0,0.0,0.0,142.5,0.0,142.5,0.0,0.0,142.5,171.080546,28.580546,71.787,1.99,1.99,2.383169,72.103,1.98,1.98,2.376385,
07/13/2019,2332.246,2332.246,-1322.808,1322.808,1009.438,0.0,-838.666,838.666,,0.0,170.772,-4.562,8.675,8.675,0.0,,-4.113,166.21,-41.39,124.82,0.0,0.0,0.0,124.82,0.0,124.82,0.0,0.0,124.82,141.02288,16.20288,71.738,1.74,1.74,1.965804,72.008,1.73,1.73,1.955015,
10/05/2019,2312.106,2312.106,-1300.18,1300.18,1011.926,0.0,-839.598,839.598,,0.0,172.328,-11.588,8.443,8.443,0.0,,3.145,160.74,-37.071,123.669,0.0,0.0,0.0,123.669,0.0,123.669,0.0,0.0,123.669,145.123189,21.454189,70.381,1.76,1.76,2.061965,70.664,1.75,1.75,2.053608,
12/28/2019,2112.614,2112.614,-1183.845,1183.845,928.769,0.0,-802.63,802.63,0.0,0.0,126.139,-6.1,7.836,7.836,0.0,0.0,-1.736,120.039,-24.132,95.907,0.0,0.0,0.0,95.907,0.0,95.907,0.0,0.0,95.907,110.739503,14.832503,69.262,1.39,1.39,1.598849,69.57,1.38,1.38,1.593203,
04/18/2020,2697.882,2697.882,-1525.149,1525.149,1172.733,0.0,-1094.308,1094.308,,0.0,78.425,-18.232,12.243,12.243,0.0,,5.989,60.193,-16.605,43.588,0.0,0.0,0.0,43.588,0.0,43.588,0.0,0.0,43.588,57.457821,13.869821,69.181,0.63,0.63,0.830543,69.392,0.63,0.63,0.829876,
07/11/2020,2501.38,2501.38,-1404.666,1404.666,1096.714,0.0,-833.869,833.869,,0.0,262.845,-10.305,13.422,13.422,0.0,,-3.117,252.54,-62.58,189.96,0.0,0.0,0.0,189.96,0.0,189.96,0.0,0.0,189.96,198.193742,8.233742,69.118,2.75,2.75,2.867469,69.294,2.74,2.74,2.858823,
09/30/2020,2438.389,,,,1075.50023623,,,,,,243.5,,,,,,,232.063,,174.143,,,,,,174.143,,,174.143,173.706,,,2.532,2.532,2.454,,2.532,2.532,2.454,
12/31/2020,2311.889,,,,1023.26519029,,,,,,181.688,,,,,,,171.063,,132.0,,,,,,132.0,,,132.0,129.529,,,1.948,1.948,1.889,,1.948,1.948,1.889,
