Date,Revenue,Sales & Services Revenue,Cost of Revenue,Cost of Goods & Services,Gross Profit,Other Operating Income,Operating Expenses,"Selling, General & Admin",Research & Development,Other Operating Expense,Operating Income (Loss),Non-Operating (Income) Loss,"Interest Expense, Net",Interest Expense,Interest Income,Foreign Exch (Gain) Loss,Other Non-Op (Income) Loss,Pretax Income,Income Tax Expense (Benefit),Income (Loss) from Cont Ops,Net Extraordinary Losses (Gains),Discontinued Operations,XO & Accounting Changes,Income (Loss) Incl. MI,Minority Interest,"Net Income, GAAP",Preferred Dividends,Other Adjustments,"Net Income Avail to Common, GAAP","Net Income Avail to Common, Adj",Net Abnormal Losses (Gains),Basic Weighted Avg Shares,"Basic EPS, GAAP",Basic EPS from Cont Ops,"Basic EPS from Cont Ops, Adjusted",Diluted Weighted Avg Shares,"Diluted EPS, GAAP",Diluted EPS from Cont Ops,"Diluted EPS from Cont Ops, Adjusted",Source: Bloomberg
12/29/1989,1493.383057,,-716.210022,,777.173035,,-587.088989,,,,190.084,14.572,,,,0.0,-14.572,204.656,-79.816002,124.839996,0.0,,,124.839998,0.0,124.839996,0.0,,124.839996,124.839996,,3625.888056,0.034286,0.034286,0.034286,3625.888056,0.034286,0.034286,0.034286,
03/30/1990,1346.202026,,-609.590027,,736.612,,-537.440002,,,,199.171997,16.92,,,,0.0,-16.92,216.091997,-84.277,131.815002,0.0,,,131.814997,0.0,131.815002,0.0,,131.815002,131.815002,,3554.85199,0.037143,0.037142,0.037143,3554.85199,0.037143,0.037143,0.037143,
06/29/1990,1364.76001,,-628.187988,,736.572022,,-554.330994,,,,182.240997,14.094,,,,0.0,-14.094,196.334997,-76.570999,119.764,0.0,,,119.763998,0.0,119.764,0.0,,119.764,119.764,,3485.411888,0.034286,0.034286,0.034286,3485.411888,0.034286,0.034286,0.034286,
09/28/1990,1354.089966,,-652.234985,,701.854981,,-561.340027,,,,140.514999,20.919001,,,,0.0,-20.919001,161.434,-62.958,98.475998,0.0,,,98.476,0.0,98.475998,0.0,,98.475998,98.475998,,3290.364,0.028929,0.028929,0.028929,3290.364,0.028929,0.028929,0.028929,
12/28/1990,1675.505981,,-814.862,,860.643981,,-632.252014,,,,228.391998,14.364,,,,0.0,-14.364,242.755998,-92.247002,150.509003,0.0,,,150.508996,0.0,150.509003,0.0,,150.509003,150.509003,,3301.900084,0.045714,0.045714,0.045714,3301.900084,0.045714,0.045714,0.045714,
03/29/1991,1597.677979,,-818.606995,,779.070984,,-592.526001,,,,186.544998,24.985001,,,,0.0,-24.985001,211.529999,-80.380997,131.149002,0.0,,,131.149002,0.0,131.149002,0.0,,131.149002,131.149002,,3419.780056,0.038214,0.038213,0.038214,3419.780056,0.038214,0.038214,0.038214,
06/28/1991,1528.604004,,-828.354004,,700.25,,-565.047974,,,,135.201996,-220.774994,,,,0.0,220.774994,-85.572998,32.518002,-53.055,0.0,,,-53.054996,0.0,-53.055,0.0,,-53.055,-53.055,,3354.96,-0.015714,-0.015714,-0.015714,3354.96,-0.015714,-0.015714,-0.015714,
09/27/1991,1507.061035,,-852.294983,,654.766052,,-533.513,,,,121.252998,9.778,,,,0.0,-9.778,131.030998,-49.792999,81.237999,0.0,,,81.237999,0.0,81.237999,0.0,,81.237999,81.237999,,3302.264112,0.023929,0.023929,0.023929,3302.264112,0.023929,0.023929,0.023929,
12/27/1991,1862.612061,,-1049.331055,,813.281006,,-550.627014,,,,262.653992,5.117,,,,0.0,-5.117,267.770992,-101.752998,166.018005,0.0,,,166.017994,0.0,166.018005,0.0,,166.018005,166.018005,,3419.696112,0.048571,0.048571,0.048571,3419.696112,0.048571,0.048571,0.048571,
03/27/1992,1716.025024,,-960.495972,,755.529052,,-545.124023,,,,210.404999,7.464,,,,0.0,-7.464,217.868999,-82.791,135.078003,0.0,,,135.077999,0.0,135.078003,0.0,,135.078003,135.078003,,3473.176,0.038929,0.038928,0.038929,3473.176,0.038929,0.038929,0.038929,
06/26/1992,1740.171021,,-968.843994,,771.327027,,-570.265991,,,,201.061005,11.302,,,,0.0,-11.302,212.363005,-80.697998,131.664993,0.0,,,131.665007,0.0,131.664993,0.0,,131.664993,131.664993,,3442.235888,0.038214,0.038214,0.038214,3442.235888,0.038214,0.038214,0.038214,
09/25/1992,1767.734009,,-1012.666016,,755.067993,,-623.380005,,,,131.688004,25.750999,,,,0.0,-25.750999,157.439003,-59.827,97.612,0.0,,,97.612003,0.0,97.612,0.0,,97.612,97.612,,3318.895944,0.028929,0.028929,0.028929,3318.895944,0.028929,0.028929,0.028929,
12/25/1992,2000.291992,,-1189.366943,,810.925049,,-570.140015,,,,240.785004,19.441999,,,,0.0,-19.441999,260.227003,-98.886002,161.341003,0.0,,,161.341001,0.0,161.341003,0.0,,161.341003,161.341003,,3392.367944,0.0475,0.0475,0.0475,3392.367944,0.0475,0.0475,0.0475,
03/26/1993,1973.894043,,-1213.130981,,760.763062,,-591.697021,,,,169.065994,9.803,,,,0.0,-9.803,178.868995,-67.969002,110.900002,0.0,,,110.899993,0.0,110.900002,0.0,,110.900002,110.900002,,3385.311981,0.032857,0.032857,0.032857,3385.311981,0.032857,0.032857,0.032857,
06/25/1993,1861.979004,,-1255.974976,,606.004028,,-591.814026,,,,14.19,-317.924988,,,,0.0,317.924988,-303.734988,115.418999,-188.315994,0.0,,,-188.315989,0.0,-188.315994,0.0,,-188.315994,-188.315994,,3238.731964,-0.058214,-0.058214,-0.058214,3238.731964,-0.058214,-0.058214,-0.058214,
09/24/1993,2140.789062,,-1590.360962,,550.428101,,-543.275024,,,,7.153,-2.855,,,,0.0,2.855,4.298,-1.634,2.664,0.0,,,2.664,0.0,2.664,0.0,,2.664,2.664,,3264.57608,0.000714,0.000714,0.000714,3264.57608,0.000714,0.000714,0.000714,
12/31/1993,2468.854004,,-1876.829956,,592.024048,,-527.317017,,,,64.707001,-0.163,,0.163,,0.0,0.0,64.544001,-24.525999,40.018002,0.0,,,40.018002,0.0,40.018002,0.0,,40.018002,40.018002,,3274.768036,0.012143,0.012143,0.012143,3274.768036,0.012143,0.012143,0.012143,
03/31/1994,2076.699951,,-1577.635986,,499.063965,,-464.32901,,,,34.735001,-6.663,,6.663,,0.0,0.0,28.072001,-10.668,17.403999,0.0,,,17.404,0.0,17.403999,0.0,,17.403999,17.403999,,3330.432007,0.005357,0.005357,0.005357,3330.432007,0.005357,0.005357,0.005357,
07/01/1994,2149.907959,,-1576.036011,,573.871948,,-341.450989,,,,232.421005,-9.678,,9.678,,0.0,0.0,222.743005,-84.641998,138.100998,0.0,,,138.101007,0.0,138.100998,0.0,,138.100998,138.100998,,3328.080017,0.041429,0.041429,0.041429,3328.080017,0.041429,0.041429,0.041429,
09/30/1994,2493.285889,,-1814.412964,,678.872925,,-615.317017,,,,63.556,121.371004,,23.149,,0.0,-144.520004,184.927004,-70.272003,114.654999,0.0,,,114.655001,0.0,114.654999,0.0,,114.654999,114.654999,,3364.984028,0.033929,0.033929,0.033929,3364.984028,0.033929,0.033929,0.033929,
12/30/1994,2832.0,,-2018.0,,814.0,,-547.0,,,,267.0,32.0,,7.0,,0.0,-39.0,299.0,-111.0,188.0,0.0,,,188.0,0.0,188.0,0.0,,188.0,188.0,,3404.799944,0.055357,0.055357,0.055357,3404.799944,0.055357,0.055357,0.055357,
03/31/1995,2652.0,,-1957.0,,695.0,,-529.0,,,,166.0,-50.0,,10.0,,0.0,40.0,116.0,-43.0,73.0,0.0,,,73.0,0.0,73.0,0.0,,73.0,73.0,,3434.031916,0.021071,0.021071,0.021071,3434.031916,0.021071,0.021071,0.021071,
06/30/1995,2575.0,,-1847.0,,728.0,,-572.0,,,,156.0,8.0,,16.0,,0.0,-24.0,164.0,-61.0,103.0,0.0,,,103.0,0.0,103.0,0.0,,103.0,103.0,,3449.684084,0.03,0.03,0.03,3449.684084,0.03,0.03,0.03,
09/29/1995,3003.0,,-2382.0,,621.0,,-549.0,,,,72.0,23.0,,6.9,,0.0,-29.9,95.0,-35.0,60.0,0.0,,,60.0,0.0,60.0,0.0,,60.0,60.0,,3492.747916,0.017143,0.017143,0.017143,3492.747916,0.017143,0.017143,0.017143,
12/29/1995,3148.0,,-2673.0,,475.0,,-594.0,,,,-119.0,10.0,,17.0,,-18.0,-9.0,-109.0,40.0,-69.0,0.0,,,-69.0,0.0,-69.0,0.0,,-69.0,-69.0,,3443.832084,-0.02,-0.02,-0.02,3443.832084,-0.02,-0.02,-0.02,
03/29/1996,2185.0,,-2606.0,,-421.0,,-554.0,,,,-975.0,-200.0,,13.0,,-10.0,197.0,-1175.0,435.0,-740.0,0.0,,,-740.0,0.0,-740.0,0.0,,-740.0,-740.0,,3462.451916,-0.213929,-0.213929,-0.154286,3462.451916,-0.213929,-0.213929,-0.154286,
06/28/1996,2179.0,,-1776.0,,403.0,,-519.0,,,,-116.0,65.0,,12.0,,-1.0,-76.0,-51.0,19.0,-32.0,0.0,,,-32.0,0.0,-32.0,0.0,,-32.0,-32.0,,3464.580028,-0.009286,-0.009286,-0.009286,3464.580028,-0.009286,-0.009286,-0.009286,
09/27/1996,2321.0,,-1810.0,,511.0,,-505.0,,,,6.0,34.0,,18.0,,0.0,-52.0,40.0,-15.0,25.0,0.0,,,25.0,0.0,25.0,0.0,,25.0,25.0,,3494.932,0.007143,0.007143,0.007143,3494.932,0.007143,0.007143,0.007143,
12/27/1996,2129.0,,-1732.0,,397.0,,-521.0,,,,-124.0,4.0,,,,0.0,-4.0,-120.0,0.0,-120.0,0.0,,,-120.0,0.0,-120.0,0.0,,-120.0,-120.0,,3486.895935,-0.034286,-0.034286,-0.034286,3486.895935,-0.034286,-0.034286,-0.034286,
03/28/1997,1601.0,,-1298.0,,303.0,,-489.0,,,,-186.0,-522.0,,,,0.0,522.0,-708.0,0.0,-708.0,0.0,,,-708.0,0.0,-708.0,0.0,,-708.0,-708.0,,3517.052032,-0.201429,-0.201429,-0.052857,3517.052032,-0.201429,-0.201429,-0.052857,
06/27/1997,1737.0,,-1389.0,,348.0,,-408.0,,,,-60.0,4.0,,,,0.0,-4.0,-56.0,0.0,-56.0,0.0,,,-56.0,0.0,-56.0,0.0,,-56.0,-56.0,,3542.0,-0.015714,-0.015714,-0.015714,3542.0,-0.015714,-0.015714,-0.015714,
09/26/1997,1614.0,,-1294.0,,320.0,,-353.0,,,,-33.0,-128.0,,,,0.0,128.0,-161.0,0.0,-161.0,0.0,,,-161.0,0.0,-161.0,0.0,,-161.0,-161.0,,3572.996056,-0.045,-0.045,-0.006786,3572.996056,-0.045,-0.045,-0.006786,
12/26/1997,1578.0,,-1225.0,,353.0,,-313.0,,,,40.0,7.0,,,,0.0,-7.0,47.0,0.0,47.0,0.0,,,47.0,0.0,47.0,0.0,,47.0,47.0,,3583.691956,0.013214,0.013214,0.013214,3915.492126,0.011786,0.011786,0.011786,
03/27/1998,1405.0,,-1056.0,,349.0,,-298.0,,,,51.0,8.0,,,,0.0,-8.0,59.0,-4.0,55.0,0.0,,,55.0,0.0,55.0,0.0,,55.0,55.0,,3695.131836,0.015,0.015,0.015,4085.619812,0.013571,0.013571,0.013571,
06/26/1998,1402.0,,-1042.0,,360.0,,-292.0,,,,68.0,41.0,,,,0.0,-41.0,109.0,-8.0,101.0,0.0,,,101.0,0.0,101.0,0.0,,101.0,101.0,,3725.903809,0.027143,0.027143,0.02,4810.007874,0.023214,0.023214,0.017857,
09/25/1998,1556.0,,-1139.0,,417.0,,-308.0,,,,109.0,5.0,,,,0.0,-5.0,114.0,-8.0,106.0,0.0,,,106.0,0.0,106.0,0.0,,106.0,106.0,,3776.975952,0.028214,0.028214,0.028214,4817.539795,0.024286,0.024286,0.024286,
12/26/1998,1710.0,,-1228.0,,482.0,0.0,-355.0,279.0,,76.0,127.0,42.0,-16.0,16.0,-32.0,0.0,-26.0,169.0,-17.0,152.0,0.0,,,152.0,0.0,152.0,0.0,0.0,152.0,152.0,,3787.56,0.04,0.04,0.04,4817.736,0.031429,0.031429,0.031429,
03/27/1999,1530.0,,-1127.0,,403.0,,-315.0,,,,88.0,65.0,,15.0,,0.0,-80.0,153.0,-18.0,135.0,0.0,,,135.0,0.0,135.0,0.0,,135.0,135.0,,3818.388062,0.035357,0.035357,0.024286,4849.711853,0.03,0.03,0.021429,
06/26/1999,1558.0,,-1131.0,,427.0,,-323.0,,,,104.0,125.0,,11.0,,0.0,-136.0,229.0,-26.0,203.0,0.0,,,203.0,0.0,203.0,0.0,,203.0,203.0,,4033.512024,0.050357,0.050357,0.028214,4890.199829,0.042857,0.042857,0.024643,
09/25/1999,1336.0,,-952.0,,384.0,,-317.0,,,,67.0,58.0,,5.0,,0.0,-63.0,125.0,-14.0,111.0,0.0,,,111.0,0.0,111.0,0.0,,111.0,111.0,,4495.932007,0.024643,0.024643,0.02,4950.288147,0.0225,0.0225,0.018214,
01/01/2000,2343.0,,-1736.0,,607.0,0.0,-507.0,319.0,,188.0,100.0,169.0,,5.0,,0.0,-174.0,274.0,-91.0,183.0,0.0,,,183.0,0.0,183.0,0.0,0.0,183.0,183.0,,4509.092,0.040585,0.040585,0.040585,4995.676,0.036632,0.036632,0.036632,
04/01/2000,1945.0,,-1396.0,,549.0,,-379.0,,,,170.0,149.0,10.0,10.0,,0.0,-159.0,319.0,-86.0,233.0,0.0,,,233.0,0.0,233.0,0.0,0.0,233.0,233.0,,4540.815916,0.051429,0.051429,0.037143,5095.803888,0.045714,0.045714,0.031429,
07/01/2000,1825.0,,-1282.0,,543.0,,-375.0,,,,168.0,97.0,,5.0,-55.0,0.0,-47.0,265.0,-70.0,200.0,0.0,,,195.0,0.0,200.0,0.0,0.0,200.0,200.0,,4550.56,0.044286,0.044286,0.044286,5065.438,0.039286,0.039286,0.039286,
09/30/2000,1870.0,,-1403.0,,467.0,0.0,-383.0,282.0,,101.0,84.0,145.0,-62.0,,,,-83.0,229.0,-59.0,170.0,,,,170.0,,170.0,0.0,0.0,170.0,170.0,,4577.678,0.037143,0.037143,0.037143,5064.976,0.033571,0.033571,0.033571,
12/30/2000,1007.0,,-1028.0,,-21.0,0.0,-399.0,297.0,,102.0,-420.0,125.0,-59.0,5.0,-64.0,,-66.0,-295.0,88.0,-207.0,-12.0,,,-195.0,,-195.0,0.0,0.0,-195.0,-195.0,8.45,4720.38,-0.041429,-0.043571,-0.041781,4720.38,-0.041429,-0.043571,-0.041781,
03/31/2001,1431.0,,-1046.0,,385.0,,-393.0,,,,-8.0,70.0,,5.0,-60.0,0.0,-15.0,62.0,-19.0,43.0,0.0,,,43.0,0.0,43.0,0.0,0.0,43.0,43.0,,4845.119812,0.008571,0.008571,0.007857,4939.368164,0.008571,0.008571,0.007857,
06/30/2001,1475.0,,-1041.0,,434.0,,-392.0,,,,42.0,45.0,,4.0,-51.0,0.0,2.0,87.0,-26.0,61.0,0.0,,,61.0,0.0,61.0,0.0,0.0,61.0,61.0,,4882.710205,0.012143,0.012143,0.012143,5024.767822,0.012143,0.012143,0.012143,
09/29/2001,1450.0,,-1013.0,,437.0,,-384.0,,,,53.0,41.0,,2.0,-43.0,0.0,0.0,94.0,-28.0,66.0,0.0,,,66.0,0.0,66.0,0.0,0.0,66.0,66.0,,4911.466,0.013571,0.013571,0.012857,4991.349916,0.013571,0.013571,0.012857,
12/29/2001,1375.0,,-953.0,,422.0,,-402.0,,,,20.0,33.0,,3.0,-34.0,0.0,-2.0,53.0,-15.0,38.0,0.0,,,38.0,0.0,38.0,0.0,0.0,38.0,38.0,,4918.619812,0.007857,0.007857,0.007857,5005.126038,0.007857,0.007857,0.007857,
03/30/2002,1495.0,,-1086.0,,409.0,,-381.0,,,,28.0,27.0,,3.0,-29.0,0.0,-1.0,55.0,-15.0,40.0,0.0,,,40.0,0.0,40.0,0.0,0.0,40.0,40.0,,4948.720154,0.007857,0.007857,0.007857,5123.565918,0.007857,0.007857,0.007857,
06/29/2002,1429.0,,-1038.0,,391.0,,-378.0,,,,13.0,26.0,,2.0,-29.0,0.0,1.0,39.0,-7.0,32.0,0.0,,,32.0,0.0,32.0,0.0,0.0,32.0,32.0,,4989.179932,0.006429,0.006429,0.006429,5136.347839,0.006429,0.006429,0.006429,
09/28/2002,1443.0,,-1062.0,,381.0,,-396.0,,,,-15.0,-45.0,,3.0,-26.0,0.0,68.0,-60.0,15.0,-45.0,0.0,,,-45.0,0.0,-45.0,0.0,0.0,-45.0,-45.0,,5024.740051,-0.009286,-0.009286,0.001429,5052.25,-0.009286,-0.009286,0.001429,
12/28/2002,1472.0,,-1066.0,,406.0,,-420.0,,,,-14.0,6.0,,2.0,-23.0,0.0,15.0,-8.0,2.0,-6.0,2.0,,,-8.0,0.0,-8.0,0.0,0.0,-8.0,-8.0,,5026.798096,-0.001429,-0.001429,0.002143,5053.300171,-0.001429,-0.001429,0.002143,
03/29/2003,1475.0,,-1057.0,,418.0,,-419.0,,,,-1.0,20.0,,2.0,-18.0,0.0,-4.0,19.0,-5.0,14.0,0.0,,,14.0,0.0,14.0,0.0,0.0,14.0,14.0,,5046.859863,0.002857,0.002857,0.002857,5071.402161,0.002857,0.002857,0.002857,
06/28/2003,1545.0,,-1117.0,,428.0,0.0,-419.0,299.0,,120.0,9.0,17.0,-13.0,2.0,-15.0,,-4.0,26.0,-7.0,19.0,,,,19.0,,19.0,,0.0,19.0,19.0,,5051.102,0.003571,0.003571,0.003571,5092.878,0.003571,0.003571,0.003571,
09/27/2003,1715.0,,-1259.0,,456.0,,-425.0,,,,31.0,24.0,,2.0,-13.0,0.0,-13.0,55.0,-14.0,41.0,-3.0,,,44.0,0.0,44.0,0.0,0.0,44.0,44.0,,5070.674133,0.008571,0.007857,0.005714,5190.262024,0.008571,0.007857,0.005714,
12/27/2003,2006.0,,-1470.0,,536.0,,-462.0,,,,74.0,13.0,,2.0,-14.0,0.0,-1.0,87.0,-24.0,63.0,1.0,,,62.0,0.0,63.0,0.0,0.0,63.0,63.0,,5074.300168,0.012143,0.012143,0.011429,5212.312196,0.012143,0.012143,0.011429,
03/27/2004,1909.0,,-1379.0,,530.0,,-468.0,,,,62.0,2.0,,1.0,-15.0,0.0,12.0,64.0,-18.0,46.0,0.0,,,46.0,0.0,46.0,0.0,0.0,46.0,46.0,,5114.857788,0.009286,0.009286,0.010714,5295.220154,0.008571,0.008571,0.01,
06/26/2004,2014.0,,-1455.0,,559.0,,-479.0,,,,80.0,5.0,,0.0,-15.0,0.0,10.0,85.0,-24.0,61.0,0.0,,,61.0,0.0,61.0,0.0,0.0,61.0,61.0,,5250.322144,0.011429,0.011429,0.012857,5496.694031,0.011429,0.011429,0.012143,
09/25/2004,2350.0,,-1716.0,,634.0,0.0,-501.0,379.0,,122.0,133.0,14.0,,,,,-14.0,147.0,-41.0,106.0,,,,106.0,,106.0,0.0,0.0,106.0,106.0,3.25,5368.482,0.02,0.02,0.02,5640.684,0.018571,0.018571,0.019148,
12/25/2004,3490.0,,-2494.0,,996.0,,-593.0,,,,403.0,26.0,-28.0,0.0,-28.0,0.0,2.0,429.0,-134.0,295.0,0.0,,,295.0,0.0,295.0,0.0,0.0,295.0,295.0,,5523.224,0.053571,0.053571,0.053571,5867.218,0.05,0.05,0.05,
03/26/2005,3243.0,,-2275.0,,968.0,,-566.0,,,,402.0,33.0,-39.0,0.0,-39.0,0.0,6.0,435.0,-145.0,290.0,0.0,,,290.0,0.0,290.0,0.0,0.0,290.0,290.0,,5657.204,0.051429,0.051429,0.052857,5999.077,0.048571,0.048571,0.05,
06/25/2005,3520.0,,-2476.0,,1044.0,,-618.0,,,,426.0,46.0,-51.0,0.0,-51.0,0.0,5.0,472.0,-153.0,319.0,0.0,,,319.0,0.0,319.0,0.0,0.0,319.0,319.0,,5705.644,0.055714,0.055714,0.055714,6025.621,0.052857,0.052857,0.052857,
09/24/2005,3678.0,,-2644.0,,1034.0,,-622.0,,,,412.0,65.0,-65.0,0.0,-65.0,0.0,1.0,476.0,-48.0,428.0,0.0,,,428.0,0.0,428.0,0.0,0.0,428.0,428.0,,5749.94,0.074286,0.074286,0.074286,6065.381,0.07,0.07,0.07,
12/31/2005,5749.0,,-4185.0,,1564.0,0.0,-814.0,632.0,,182.0,750.0,81.0,-88.0,0.0,-88.0,0.0,7.0,831.0,-266.0,565.0,0.0,,,565.0,0.0,565.0,0.0,0.0,565.0,565.0,,5815.467,0.097143,0.097143,0.097143,6119.449,0.092857,0.092857,0.092857,
04/01/2006,4359.0,,-3062.0,,1297.0,,-768.0,,,,529.0,76.0,-87.0,0.0,-87.0,0.0,11.0,605.0,-195.0,410.0,0.0,,,410.0,0.0,410.0,0.0,0.0,410.0,410.0,,5886.37,0.07,0.07,0.07,6149.759,0.067143,0.067143,0.067143,
07/01/2006,4370.0,,-3045.0,,1325.0,0.0,-759.0,584.0,,175.0,566.0,95.0,-99.0,0.0,-99.0,0.0,4.0,661.0,-189.0,472.0,0.0,,,472.0,0.0,472.0,0.0,0.0,472.0,472.0,,5959.625,0.078571,0.078571,0.078571,6134.576,0.077143,0.077143,0.077143,
09/30/2006,4837.0,,-3425.0,,1412.0,,-804.0,625.0,,179.0,608.0,113.0,-120.0,0.0,-120.0,0.0,7.0,721.0,-179.0,542.0,0.0,,,542.0,0.0,542.0,0.0,0.0,542.0,542.0,,5979.309,0.09,0.09,0.09,6151.299,0.088571,0.088571,0.088571,
12/30/2006,7123.0,,-4900.0,,2223.0,,-898.0,,,,1325.0,126.0,,0.0,,0.0,-126.0,1451.0,-440.0,1011.0,0.0,,,1011.0,0.0,1011.0,0.0,0.0,1011.0,1011.0,,6003.837,0.168571,0.168571,0.168571,6183.079,0.162857,0.162857,0.162857,
03/31/2007,5286.0,,-3435.0,,1851.0,,-863.0,680.0,,183.0,988.0,148.0,,0.0,,0.0,-148.0,1136.0,-362.0,774.0,0.0,,,774.0,0.0,774.0,0.0,0.0,774.0,774.0,,6041.021,0.128571,0.128571,0.128571,6206.571,0.124286,0.124286,0.124286,
06/30/2007,5563.0,,-3530.0,,2033.0,,-954.0,746.0,,208.0,1079.0,155.0,,0.0,,0.0,-155.0,1234.0,-394.0,840.0,0.0,,,840.0,0.0,840.0,0.0,0.0,840.0,840.0,,6067.642,0.138571,0.138571,0.138571,6234.697,0.134286,0.134286,0.134286,
09/29/2007,6606.0,,-4561.0,,2045.0,0.0,-1030.0,823.0,,207.0,1015.0,170.0,,0.0,,0.0,-170.0,1185.0,-315.0,870.0,0.0,,,870.0,0.0,870.0,0.0,0.0,870.0,870.0,,6096.167,0.142857,0.142857,0.142857,6269.662,0.138571,0.138571,0.138571,
12/29/2007,9608.0,,-6276.0,,3332.0,0.0,-1206.0,960.0,,246.0,2126.0,200.0,,0.0,,0.0,-200.0,2326.0,-745.0,1581.0,0.0,,,1581.0,0.0,1581.0,0.0,0.0,1581.0,1581.0,,6131.02,0.258571,0.258571,0.258571,6300.378,0.251429,0.251429,0.251429,
03/29/2008,7980.0,,-5373.0,,2607.0,0.0,-1159.0,886.0,,273.0,1448.0,162.0,,0.0,,,-162.0,1610.0,-509.0,1101.0,0.0,,,1101.0,0.0,1101.0,0.0,0.0,1101.0,1101.0,,6156.822,0.178571,0.178571,0.178571,6295.303,0.174286,0.174286,0.174286,
06/28/2008,7561.0,,-4818.0,,2743.0,0.0,-1208.0,916.0,,292.0,1535.0,118.0,,0.0,,,-118.0,1653.0,-522.0,1131.0,0.0,,,1131.0,0.0,1131.0,0.0,0.0,1131.0,1131.0,,6186.166,0.182857,0.182857,0.182857,6322.169,0.178571,0.178571,0.178571,
09/27/2008,11520.0,,-7077.0,,4443.0,0.0,-1297.0,999.0,,298.0,3146.0,140.0,,0.0,,0.0,-140.0,3286.0,-1039.0,2247.0,0.0,,,2247.0,0.0,2247.0,0.0,0.0,2247.0,2247.0,,6209.77,0.361429,0.361429,0.361429,6333.502,0.354286,0.354286,0.354286,
12/27/2008,11880.0,11880.0,-7373.0,7373.0,4507.0,0.0,-1406.0,1091.0,315.0,0.0,3101.0,158.0,,0.0,,,-158.0,3259.0,-1004.0,2255.0,0.0,0.0,0.0,2255.0,0.0,2255.0,0.0,0.0,2255.0,2255.0,0.0,6223.994,0.362857,0.362857,0.362857,6310.458,0.357143,0.357143,0.357143,
03/28/2009,9084.0,9084.0,-5457.0,5457.0,3627.0,0.0,-1304.0,985.0,319.0,0.0,2323.0,63.0,,0.0,,0.0,-63.0,2386.0,-766.0,1620.0,0.0,0.0,0.0,1620.0,0.0,1620.0,0.0,0.0,1620.0,1620.0,0.0,6238.26,0.26,0.26,0.26,6320.951,0.255714,0.255714,0.255714,
06/27/2009,9734.0,9734.0,-5751.0,5751.0,3983.0,0.0,-1351.0,1010.0,341.0,0.0,2632.0,60.0,,0.0,,,-60.0,2692.0,-864.0,1828.0,0.0,0.0,0.0,1828.0,0.0,1828.0,0.0,0.0,1828.0,1828.0,0.0,6255.984,0.292857,0.292857,0.292857,6364.12,0.287143,0.287143,0.287143,
09/26/2009,12207.0,12207.0,-7102.0,7102.0,5105.0,0.0,-1421.0,1063.0,358.0,0.0,3684.0,45.0,,0.0,,,-45.0,3729.0,-1197.0,2532.0,0.0,0.0,0.0,2532.0,0.0,2532.0,0.0,0.0,2532.0,2532.0,0.0,6286.224,0.402857,0.402857,0.402857,6400.618,0.395714,0.395714,0.395714,
12/26/2009,15683.0,15683.0,-9272.0,9272.0,6411.0,0.0,-1686.0,1288.0,398.0,0.0,4725.0,33.0,,0.0,,,-33.0,4758.0,-1380.0,3378.0,0.0,0.0,0.0,3378.0,0.0,3378.0,0.0,0.0,3378.0,3378.0,0.0,6324.794,0.534286,0.534286,0.534286,6438.481,0.524286,0.524286,0.524286,
03/27/2010,13499.0,13499.0,-7874.0,7874.0,5625.0,0.0,-1646.0,1220.0,426.0,0.0,3979.0,50.0,,0.0,,,-50.0,4029.0,-955.0,3074.0,0.0,0.0,0.0,3074.0,0.0,3074.0,0.0,0.0,3074.0,3074.0,0.0,6352.836,0.484286,0.484286,0.484286,6460.146,0.475714,0.475714,0.475714,
06/26/2010,15700.0,15700.0,-9564.0,9564.0,6136.0,0.0,-1902.0,1438.0,464.0,0.0,4234.0,58.0,,0.0,,,-58.0,4292.0,-1039.0,3253.0,0.0,0.0,0.0,3253.0,0.0,3253.0,0.0,0.0,3253.0,3253.0,0.0,6385.379,0.51,0.51,0.51,6491.527,0.501429,0.501429,0.501429,
09/25/2010,20343.0,20343.0,-12831.0,12831.0,7512.0,0.0,-2065.0,1571.0,494.0,0.0,5447.0,14.0,,0.0,,,-14.0,5461.0,-1153.0,4308.0,0.0,0.0,0.0,4308.0,0.0,4308.0,0.0,0.0,4308.0,4308.0,0.0,6401.885,0.672857,0.672857,0.672857,6501.775,0.662857,0.662857,0.662857,
12/25/2010,26741.0,26741.0,-16443.0,16443.0,10298.0,0.0,-2471.0,1896.0,575.0,0.0,7827.0,136.0,,0.0,,,-136.0,7963.0,-1959.0,6004.0,0.0,0.0,0.0,6004.0,0.0,6004.0,0.0,0.0,6004.0,6004.0,0.0,6435.058,0.932857,0.932857,0.932857,6532.078,0.918571,0.918571,0.918571,
03/26/2011,24667.0,24667.0,-14449.0,14449.0,10218.0,0.0,-2344.0,1763.0,581.0,0.0,7874.0,26.0,,0.0,,,-26.0,7900.0,-1913.0,5987.0,0.0,0.0,0.0,5987.0,0.0,5987.0,0.0,0.0,5987.0,5987.0,0.0,6462.372,0.927143,0.927143,0.927143,6551.608,0.914286,0.914286,0.914286,
06/25/2011,28571.0,28571.0,-16649.0,16649.0,11922.0,0.0,-2543.0,1915.0,628.0,0.0,9379.0,172.0,,0.0,,,-172.0,9551.0,-2243.0,7308.0,0.0,0.0,0.0,7308.0,0.0,7308.0,0.0,0.0,7308.0,7308.0,0.0,6482.756,1.127143,1.127143,1.127143,6564.67,1.112857,1.112857,1.112857,
09/24/2011,28270.0,28270.0,-16890.0,16890.0,11380.0,0.0,-2670.0,2025.0,645.0,0.0,8710.0,81.0,,0.0,,,-81.0,8791.0,-2168.0,6623.0,0.0,0.0,0.0,6623.0,0.0,6623.0,0.0,0.0,6623.0,6623.0,0.0,6497.96,1.018571,1.018571,1.018571,6576.619,1.007143,1.007143,1.007143,
12/31/2011,46333.0,46333.0,-25630.0,25630.0,20703.0,0.0,-3363.0,2605.0,758.0,0.0,17340.0,137.0,-228.0,0.0,-228.0,,91.0,17477.0,-4413.0,13064.0,0.0,0.0,0.0,13064.0,0.0,13064.0,0.0,0.0,13064.0,13064.0,0.0,6517.287,2.004286,2.004286,2.004286,6591.004,1.981429,1.981429,1.981429,
03/31/2012,39186.0,39186.0,-20622.0,20622.0,18564.0,0.0,-3180.0,2339.0,841.0,0.0,15384.0,148.0,,0.0,,,-148.0,15532.0,-3910.0,11622.0,0.0,0.0,0.0,11622.0,0.0,11622.0,0.0,0.0,11622.0,11622.0,0.0,6535.074,1.778571,1.778571,1.778571,6614.251,1.757143,1.757143,1.757143,
06/30/2012,35023.0,35023.0,-20029.0,20029.0,14994.0,0.0,-3421.0,2545.0,876.0,0.0,11573.0,288.0,,0.0,,,-288.0,11861.0,-3037.0,8824.0,0.0,0.0,0.0,8824.0,0.0,8824.0,0.0,0.0,8824.0,8824.0,0.0,6556.172,1.345714,1.345714,1.345714,6629.413,1.331429,1.331429,1.331429,
09/29/2012,35966.0,35966.0,-21565.0,21565.0,14401.0,0.0,-3457.0,2551.0,906.0,0.0,10944.0,-51.0,,0.0,,,51.0,10893.0,-2670.0,8223.0,0.0,0.0,0.0,8223.0,0.0,8223.0,0.0,0.0,8223.0,8223.0,0.0,6568.401,1.251429,1.251429,1.251429,6637.302,1.238571,1.238571,1.238571,
12/29/2012,54512.0,54512.0,-33452.0,33452.0,21060.0,0.0,-3850.0,2840.0,1010.0,0.0,17210.0,462.0,-421.0,0.0,-421.0,,-41.0,17672.0,-4594.0,13078.0,0.0,0.0,0.0,13078.0,0.0,13078.0,0.0,0.0,13078.0,13078.0,0.0,6572.412,1.99,1.99,1.99,6630.519,1.972857,1.972857,1.972857,
03/30/2013,43603.0,43603.0,-27254.0,27254.0,16349.0,0.0,-3791.0,2672.0,1119.0,0.0,12558.0,347.0,-420.0,0.0,-420.0,,73.0,12905.0,-3358.0,9547.0,0.0,0.0,0.0,9547.0,0.0,9547.0,0.0,0.0,9547.0,9547.0,0.0,6577.403,1.451429,1.451429,1.451429,6622.245,1.441429,1.441429,1.441429,
06/29/2013,35323.0,35323.0,-22299.0,22299.0,13024.0,0.0,-3823.0,2645.0,1178.0,0.0,9201.0,234.0,-332.0,53.0,-385.0,,98.0,9435.0,-2535.0,6900.0,0.0,0.0,0.0,6900.0,0.0,6900.0,0.0,0.0,6900.0,6900.0,0.0,6430.326,1.072857,1.072857,1.072857,6469.855,1.067143,1.067143,1.067143,
09/28/2013,37472.0,37472.0,-23601.0,23601.0,13871.0,0.0,-3841.0,2673.0,1168.0,0.0,10030.0,113.0,-307.0,83.0,-390.0,,194.0,10143.0,-2631.0,7512.0,0.0,0.0,0.0,7512.0,0.0,7512.0,0.0,0.0,7512.0,7512.0,0.0,6329.141,1.187143,1.187143,1.187143,6363.917,1.18,1.18,1.18,
12/28/2013,57594.0,57594.0,-35748.0,35748.0,21846.0,0.0,-4383.0,3053.0,1330.0,0.0,17463.0,246.0,-343.0,84.0,-427.0,,97.0,17709.0,-4637.0,13072.0,0.0,0.0,0.0,13072.0,0.0,13072.0,0.0,0.0,13072.0,13060.95,-11.05,6272.504,2.084286,2.084286,2.082255,6310.164,2.071429,2.071429,2.069677,
03/29/2014,45646.0,45646.0,-27699.0,27699.0,17947.0,0.0,-4354.0,2932.0,1422.0,0.0,13593.0,225.0,-325.0,85.0,-410.0,,100.0,13818.0,-3595.0,10223.0,0.0,0.0,0.0,10223.0,0.0,10223.0,0.0,0.0,10223.0,10184.0,-39.0,6123.299,1.67,1.67,1.663156,6156.696,1.66,1.66,1.653665,
06/28/2014,37432.0,37432.0,-22697.0,22697.0,14735.0,0.0,-4453.0,2850.0,1603.0,0.0,10282.0,202.0,-339.0,100.0,-439.0,,137.0,10484.0,-2736.0,7748.0,0.0,0.0,0.0,7748.0,0.0,7748.0,0.0,0.0,7748.0,7715.5,-32.5,6012.635,1.29,1.29,1.283214,6051.711,1.28,1.28,1.27463,
09/27/2014,42123.0,42123.0,-26114.0,26114.0,16009.0,0.0,-4844.0,3158.0,1686.0,0.0,11165.0,307.0,-404.0,115.0,-519.0,,97.0,11472.0,-3005.0,8467.0,0.0,0.0,0.0,8467.0,0.0,8467.0,0.0,0.0,8467.0,8416.3,-50.7,5933.845,1.43,1.43,1.418355,5972.082,1.42,1.42,1.41151,
12/27/2014,74599.0,74599.0,-44858.0,44858.0,29741.0,0.0,-5495.0,3600.0,1895.0,0.0,24246.0,170.0,-523.0,131.0,-654.0,,353.0,24416.0,-6392.0,18024.0,0.0,0.0,0.0,18024.0,0.0,18024.0,0.0,0.0,18024.0,18009.7,-14.3,5843.082,3.08,3.08,3.082226,5881.803,3.06,3.06,3.057569,
03/28/2015,58010.0,58010.0,-34354.0,34354.0,23656.0,0.0,-5378.0,3460.0,1918.0,0.0,18278.0,286.0,-512.0,163.0,-675.0,,226.0,18564.0,-4995.0,13569.0,0.0,0.0,0.0,13569.0,0.0,13569.0,0.0,0.0,13569.0,13605.4,36.4,5793.799,2.34,2.34,2.348269,5834.858,2.33,2.33,2.336238,
06/27/2015,49605.0,49605.0,-29924.0,29924.0,19681.0,0.0,-5598.0,3564.0,2034.0,0.0,14083.0,390.0,-565.0,201.0,-766.0,,175.0,14473.0,-3796.0,10677.0,0.0,0.0,0.0,10677.0,0.0,10677.0,0.0,0.0,10677.0,10678.95,1.95,5729.886,1.86,1.86,1.863728,5773.099,1.85,1.85,1.850338,
09/26/2015,51501.0,51501.0,-30953.0,30953.0,20548.0,0.0,-5925.0,3705.0,2220.0,0.0,14623.0,439.0,-588.0,238.0,-826.0,,149.0,15062.0,-3938.0,11124.0,0.0,0.0,0.0,11124.0,0.0,11124.0,0.0,0.0,11124.0,11159.1,35.1,5646.916,1.97,1.97,1.976141,5682.519,1.96,1.96,1.966177,
12/26/2015,75872.0,75872.0,-45449.0,45449.0,30423.0,0.0,-6252.0,3848.0,2404.0,0.0,24171.0,402.0,-665.0,276.0,-941.0,,263.0,24573.0,-6212.0,18361.0,0.0,0.0,0.0,18361.0,0.0,18361.0,0.0,0.0,18361.0,18052.25,-308.75,5558.93,3.3,3.3,3.247433,5594.127,3.28,3.28,3.224808,
03/26/2016,50557.0,50557.0,-30636.0,30636.0,19921.0,0.0,-5934.0,3423.0,2511.0,0.0,13987.0,155.0,-665.0,321.0,-986.0,,510.0,14142.0,-3626.0,10516.0,0.0,0.0,0.0,10516.0,0.0,10516.0,0.0,0.0,10516.0,10565.4,49.4,5514.381,1.91,1.91,1.915972,5540.886,1.9,1.9,1.908916,
06/25/2016,42358.0,42358.0,-26252.0,26252.0,16106.0,0.0,-6001.0,3441.0,2560.0,0.0,10105.0,364.0,-627.0,409.0,-1036.0,,263.0,10469.0,-2673.0,7796.0,0.0,0.0,0.0,7796.0,0.0,7796.0,0.0,0.0,7796.0,7783.0,-13.0,5443.058,1.43,1.43,1.429895,5472.781,1.42,1.42,1.417625,
09/24/2016,46852.0,46852.0,-29039.0,29039.0,17813.0,0.0,-6052.0,3482.0,2570.0,0.0,11761.0,427.0,-586.0,450.0,-1036.0,,159.0,12188.0,-3174.0,9014.0,0.0,0.0,0.0,9014.0,0.0,9014.0,0.0,0.0,9014.0,8986.7,-27.3,5366.912,1.68,1.68,1.674464,5393.333,1.67,1.67,1.664938,
12/31/2016,78351.0,78351.0,-48175.0,48175.0,30176.0,0.0,-6817.0,3946.0,2871.0,0.0,23359.0,821.0,-699.0,525.0,-1224.0,,-122.0,24180.0,-6289.0,17891.0,0.0,0.0,0.0,17891.0,0.0,17891.0,0.0,0.0,17891.0,17911.15,20.15,5298.661,3.38,3.38,3.380316,5327.995,3.36,3.36,3.363782,
04/01/2017,52896.0,52896.0,-32305.0,32305.0,20591.0,0.0,-6494.0,3718.0,2776.0,0.0,14097.0,587.0,-752.0,530.0,-1282.0,,165.0,14684.0,-3655.0,11029.0,0.0,0.0,0.0,11029.0,0.0,11029.0,0.0,0.0,11029.0,11016.0,-13.0,5225.791,2.11,2.11,2.108006,5261.688,2.1,2.1,2.097529,
07/01/2017,45408.0,45408.0,-27920.0,27920.0,17488.0,0.0,-6720.0,3783.0,2937.0,0.0,10768.0,540.0,-725.0,602.0,-1327.0,,185.0,11308.0,-2591.0,8717.0,0.0,0.0,0.0,8717.0,0.0,8717.0,0.0,0.0,8717.0,8685.8,-31.2,5195.088,1.68,1.68,1.671925,5233.499,1.67,1.67,1.664038,
09/30/2017,52579.0,52579.0,-32648.0,32648.0,19931.0,0.0,-6811.0,3814.0,2997.0,0.0,13120.0,797.0,-702.0,666.0,-1368.0,,-95.0,13917.0,-3203.0,10714.0,0.0,0.0,0.0,10714.0,0.0,10714.0,0.0,0.0,10714.0,10257.7,-456.3,5149.428,2.08,2.08,1.992008,5183.585,2.07,2.07,1.981972,
12/30/2017,88293.0,88293.0,-54381.0,54381.0,33912.0,0.0,-7638.0,4231.0,3407.0,0.0,26274.0,756.0,-718.0,734.0,-1452.0,,-38.0,27030.0,-6965.0,20065.0,0.0,0.0,0.0,20065.0,0.0,20065.0,0.0,0.0,20065.0,19989.6,-75.4,5112.877,3.92,3.92,3.909658,5157.787,3.89,3.89,3.875381,
03/31/2018,61137.0,61137.0,-37715.0,37715.0,23422.0,0.0,-7528.0,4150.0,3378.0,0.0,15894.0,274.0,-713.0,792.0,-1505.0,,439.0,16168.0,-2346.0,13822.0,0.0,0.0,0.0,13822.0,0.0,13822.0,0.0,0.0,13822.0,13850.44,28.44,5024.877,2.75,2.75,2.756374,5068.493,2.73,2.73,2.735611,
06/30/2018,53265.0,53265.0,-32844.0,32844.0,20421.0,0.0,-7809.0,4108.0,3701.0,0.0,12612.0,672.0,-572.0,846.0,-1418.0,,-100.0,13284.0,-1765.0,11519.0,0.0,0.0,0.0,11519.0,0.0,11519.0,0.0,0.0,11519.0,11357.05,-161.95,4882.167,2.36,2.36,2.326231,4926.609,2.34,2.34,2.307127,
09/29/2018,62900.0,62900.0,-38816.0,38816.0,24084.0,0.0,-7966.0,4216.0,3750.0,0.0,16118.0,303.0,-443.0,868.0,-1311.0,,140.0,16421.0,-2296.0,14125.0,0.0,0.0,0.0,14125.0,0.0,14125.0,0.0,0.0,14125.0,14147.91,22.91,4801.589,2.94,2.94,2.946506,4847.547,2.91,2.91,2.914726,
12/29/2018,84310.0,84310.0,-52279.0,52279.0,32031.0,0.0,-8685.0,4783.0,3902.0,0.0,23346.0,560.0,-417.0,890.0,-1307.0,,-143.0,23906.0,-3941.0,19965.0,0.0,0.0,0.0,19965.0,0.0,19965.0,0.0,0.0,19965.0,20002.13,37.13,4735.82,4.22,4.22,4.223583,4773.252,4.18,4.18,4.187779,
03/30/2019,58015.0,58015.0,-36194.0,36194.0,21821.0,0.0,-8406.0,4458.0,3948.0,0.0,13415.0,378.0,-348.0,1010.0,-1358.0,,-30.0,13793.0,-2232.0,11561.0,0.0,0.0,0.0,11561.0,0.0,11561.0,0.0,0.0,11561.0,11590.23,29.23,4674.071,2.47,2.47,2.479686,4700.646,2.46,2.46,2.466218,
06/29/2019,53809.0,53809.0,-33582.0,33582.0,20227.0,0.0,-8683.0,4426.0,4257.0,0.0,11544.0,367.0,-324.0,866.0,-1190.0,,-43.0,11911.0,-1867.0,10044.0,0.0,0.0,0.0,10044.0,0.0,10044.0,0.0,0.0,10044.0,10021.88,-22.12,4570.633,2.2,2.2,2.192668,4601.38,2.18,2.18,2.175193,
09/28/2019,64040.0,64040.0,-39727.0,39727.0,24313.0,0.0,-8688.0,4578.0,4110.0,0.0,15625.0,502.0,-296.0,810.0,-1106.0,0.0,-206.0,16127.0,-2441.0,13686.0,0.0,0.0,0.0,13686.0,0.0,13686.0,0.0,0.0,13686.0,13667.04,-18.96,4490.812,3.05,3.05,3.043334,4520.373,3.03,3.03,3.025806,
12/28/2019,91819.0,91819.0,-56602.0,56602.0,35217.0,0.0,-9648.0,5197.0,4451.0,0.0,25569.0,349.0,-260.0,785.0,-1045.0,,-89.0,25918.0,-3682.0,22236.0,0.0,0.0,0.0,22236.0,0.0,22236.0,0.0,0.0,22236.0,22225.73,-10.27,4415.04,5.04,5.04,5.034095,4454.604,4.99,4.99,4.987695,
03/28/2020,58313.0,58313.0,-35943.0,35943.0,22370.0,0.0,-9517.0,4952.0,4565.0,0.0,12853.0,282.0,-292.0,757.0,-1049.0,,10.0,13135.0,-1886.0,11249.0,0.0,0.0,0.0,11249.0,0.0,11249.0,0.0,0.0,11249.0,11278.23,29.23,4360.101,2.58,2.58,2.58669,4404.691,2.55,2.55,2.556636,
06/27/2020,59685.0,59685.0,-37005.0,37005.0,22680.0,0.0,-9589.0,4831.0,4758.0,0.0,13091.0,46.0,-204.0,697.0,-901.0,,158.0,13137.0,-1884.0,11253.0,0.0,0.0,0.0,11253.0,0.0,11253.0,0.0,0.0,11253.0,11241.94,-11.06,4312.573,2.61,2.61,2.606783,4354.788,2.58,2.58,2.57746,
09/30/2020,63713.129,,,,24256.22534159,,,,,,14659.32,,,,,,,14788.462,,12228.724,,,,,,12228.724,,,12228.724,12228.724,,,2.75,2.75,2.75,,2.75,2.75,2.75,
12/31/2020,100700.125,,,,38427.1677,,,,,,27896.278,,,,,,,28087.05,,23394.87,,,,,,23394.87,,,23394.87,23394.87,,,5.271,5.271,5.271,,5.271,5.271,5.271,
