Date,Revenue,Sales & Services Revenue,Other Revenue,Cost of Revenue,Cost of Goods & Services,Gross Profit,Other Operating Income,Operating Expenses,"Selling, General & Admin",Research & Development,Depreciation & Amortization,Other Operating Expense,Operating Income (Loss),Non-Operating (Income) Loss,"Interest Expense, Net",Interest Expense,Interest Income,Other Investment (Inc) Loss,Foreign Exch (Gain) Loss,Other Non-Op (Income) Loss,Pretax Income,Income Tax Expense (Benefit),Income (Loss) from Cont Ops,Net Extraordinary Losses (Gains),Discontinued Operations,XO & Accounting Changes,Income (Loss) Incl. MI,Minority Interest,"Net Income, GAAP",Preferred Dividends,Other Adjustments,"Net Income Avail to Common, GAAP","Net Income Avail to Common, Adj",Net Abnormal Losses (Gains),Basic Weighted Avg Shares,"Basic EPS, GAAP",Basic EPS from Cont Ops,"Basic EPS from Cont Ops, Adjusted",Diluted Weighted Avg Shares,"Diluted EPS, GAAP",Diluted EPS from Cont Ops,"Diluted EPS from Cont Ops, Adjusted",Source: Bloomberg
07/01/1989,0.783627,,,-0.326974,,0.456653,,-1.147271,,,,,-0.690618,0.256861,,0.0,,,0.0,-0.256861,-0.433757,0.0,-0.433757,0.0,,,-0.433757,0.0,-0.433757,0.0,,-0.433757,-0.433757,,9.502934,-0.045,-0.05,,9.502934,-0.045,-0.05,-0.05,
09/30/1989,0.739441,,,-0.260083,,0.479358,,-1.186906,,,,,-0.707548,0.211547,,0.0,,,0.0,-0.211547,-0.496001,0.0,-0.496001,0.0,,,-0.496001,0.0,-0.496001,0.0,,-0.496001,-0.496001,,9.571778,-0.05,-0.05,,9.571778,-0.05,-0.05,-0.05,
12/30/1989,0.694243,,,-0.290608,,0.403635,,-1.404213,,,,,-0.488787,0.511791,,0.0,,,0.0,-0.511791,0.023004,0.0,-0.488787,0.0,,,0.023004,0.0,-0.488787,0.0,,-0.488787,-0.488787,,12.147314,-0.04,-0.04,,12.147314,-0.04,-0.04,-0.04,
03/31/1990,1.25149,,,-0.312271,,0.939219,,-1.453446,,,,,-0.514227,0.0,,0.0,,,0.0,0.0,-0.514227,0.0,-0.514227,0.0,,,-0.514227,0.0,-0.514227,0.0,,-0.514227,-0.514227,,12.161998,-0.04,-0.04,,12.161998,-0.04,-0.04,-0.04,
06/30/1990,0.518297,,,-0.277282,,0.241015,,-1.478542,,,,,-1.237527,0.482703,,0.0,,,0.0,-0.482703,-0.754824,0.0,-0.754824,0.0,,,-0.754824,0.0,-0.754824,0.0,,-0.754824,-0.754824,,12.166,-0.06,-0.06,,12.166,-0.06,-0.06,-0.06,
09/30/1990,0.381803,,,-0.388964,,-0.007161,,-4.378149,,,,,-4.38531,0.451197,,0.0,,,0.0,-0.451197,-3.934113,0.0,-3.934113,0.0,,,-3.934113,0.0,-3.934113,0.0,,-3.934113,-3.934113,,12.27,-0.32,-0.32,,12.27,-0.32,-0.32,-0.32,
12/29/1990,0.628889,,,-0.416307,,0.212582,,-1.579598,,,,,-1.367016,0.574111,,0.0,,,0.0,-0.574111,-0.792905,0.0,-0.792905,0.0,,,-0.792905,0.0,-0.792905,0.0,,-0.792905,-0.792905,,12.315914,-0.065,-0.065,,12.315914,-0.065,-0.065,-0.065,
03/31/1991,0.701,,,-0.455398,,0.245602,,-1.368904,,,,,-1.123302,0.0,,0.0,,,0.0,0.0,-1.123302,0.0,-1.123302,0.0,,,-1.123302,0.0,-1.123302,0.0,,-1.123302,-1.123302,,12.397998,-0.09,-0.09,,12.397998,-0.09,-0.09,-0.09,
06/30/1991,0.728641,,,-0.695128,,0.033513,,-1.446458,,,,,-1.412945,0.370359,,0.0,,,0.0,-0.370359,-1.042586,0.0,-1.042586,0.0,,,-1.042586,0.0,-1.042586,0.0,,-1.042586,-1.042586,,12.765998,-0.08,-0.08,,12.765998,-0.08,-0.08,-0.08,
09/30/1991,0.652673,,,-0.616262,,0.036411,,-1.556528,,,,,-1.520117,0.302327,,0.0,,,0.0,-0.302327,-1.21779,0.0,-1.21779,0.0,,,-1.21779,0.0,-1.21779,0.0,,-1.21779,-1.21779,,12.77,-0.095,-0.095,,12.77,-0.095,-0.095,-0.095,
12/31/1991,0.617816,,,-0.543353,,0.074463,,-1.673108,,,,,-1.598645,0.306963,,0.0,,,0.0,-0.306963,-1.291682,0.0,-1.291682,0.0,,,-1.291682,0.0,-1.291682,0.0,,-1.291682,-1.291682,,12.788,-0.1,-0.1,,12.788,-0.1,-0.1,-0.1,
03/31/1992,0.949,,,-0.747832,,0.201168,,-1.734668,,,,,-1.5335,0.0,,0.0,,,0.0,0.0,-1.5335,0.0,-1.5335,0.0,,,-1.5335,0.0,-1.5335,0.0,,-1.5335,-1.5335,,12.852,-0.115,-0.115,,12.852,-0.115,-0.115,-0.115,
06/27/1992,0.587643,,,-0.485086,,0.102557,,-1.371035,,,,,-1.268478,0.185672,,0.0,,,0.0,-0.185672,-1.082806,0.0,-1.082806,0.0,,,-1.082806,0.0,-1.082806,0.0,,-1.082806,-1.082806,,12.86922,-0.085,-0.085,,12.86922,-0.085,-0.085,-0.085,
09/26/1992,0.705949,,,-0.650895,,0.055054,,-1.419229,,,,,-1.364175,0.155051,,0.0,,,0.0,-0.155051,-1.209124,0.0,-1.209124,0.0,,,-1.209124,0.0,-1.209124,0.0,,-1.209124,-1.209124,,12.876,-0.095,-0.095,,12.876,-0.095,-0.095,-0.095,
12/26/1992,1.058154,,,-0.51362,,0.544534,,-1.510396,,,,,-0.965862,0.125846,,0.0,,,0.0,-0.125846,-0.840016,0.0,-0.840016,0.0,,,-0.840016,0.0,-0.840016,0.0,,-0.840016,-0.840016,,12.888,-0.065,-0.065,,12.888,-0.065,-0.065,-0.065,
03/31/1993,1.230685,,,-0.392933,,0.837752,,-1.599003,,,,,-0.761251,0.0,,0.0,,,0.0,0.0,-0.761251,0.0,-0.761251,0.0,,,-0.761251,0.0,-0.761251,0.0,,-0.761251,-0.761251,,12.894,-0.055,-0.055,,12.894,-0.055,-0.055,-0.055,
06/30/1993,1.359463,,,-0.456972,,0.902491,,-1.838776,,,,,-0.795871,0.140414,,0.0,,,0.0,-0.140414,-0.655457,0.0,-0.795871,0.0,,,-0.655457,0.0,-0.795871,0.0,,-0.795871,-0.795871,,12.896,-0.06,-0.06,,12.896,-0.06,-0.06,-0.06,
09/30/1993,1.813,,,-0.554,,1.259,,-1.766,,,,,-0.507,0.141,,0.0,,,0.0,-0.141,-0.366,0.0,-0.366,0.0,,,-0.366,0.0,-0.366,0.0,,-0.366,-0.366,,12.922,-0.03,-0.03,,12.922,-0.03,-0.03,-0.03,
12/31/1993,1.958,,,-0.687,,1.271,,-1.633,,,,,-0.361,0.0,,0.0,,,0.0,0.0,-0.361,0.0,-0.361,0.0,,,-0.361,0.0,-0.361,0.0,,-0.361,-0.361,,12.932,-0.03,-0.03,,12.932,-0.03,-0.03,-0.03,
03/31/1994,2.081537,,,-0.513,,1.568537,,-1.639,,,,,-0.75,0.151,,0.495,,,0.0,-0.646,-0.599,0.0,-0.46,0.0,,,-0.599,0.0,-0.46,0.0,,-0.46,-0.46,,12.94,-0.035,-0.035,,12.94,-0.035,-0.035,-0.035,
06/30/1994,1.859,,,-0.539,,1.32,,-1.639,,,,,-0.319,0.103,,0.0,,,0.0,-0.103,-0.216,0.0,-0.216,0.0,,,-0.216,0.0,-0.216,0.0,,-0.216,-0.216,,12.95,-0.015,-0.015,,12.95,-0.015,-0.015,-0.015,
09/30/1994,1.942,,,-0.518,,1.424,,-1.628,,,,,-0.204,0.113,,0.0,,,0.0,-0.113,-0.091,0.0,-0.091,0.0,,,-0.091,0.0,-0.091,0.0,,-0.091,-0.091,,12.948,-0.005,-0.005,,12.948,-0.005,-0.005,-0.005,
12/31/1994,2.753,,,-1.124,,1.629,,-1.77,,,,,-0.141,0.111,,0.0,,,0.0,-0.111,-0.03,0.0,-0.03,0.0,,,-0.03,0.0,-0.03,0.0,,-0.03,-0.03,,12.948,-0.005,-0.005,,12.948,-0.005,-0.005,-0.005,
03/31/1995,2.676,,,-1.108,,1.568,,-1.706,,,,,-0.137,0.122,,0.0,,,0.0,-0.122,-0.015,0.0,-0.015,0.0,,,-0.015,0.0,-0.015,0.0,,-0.015,-0.015,,13.25,0.0,0.0,,13.25,0.0,0.0,0.0,
06/30/1995,2.744,,,-0.915,,1.829,,-1.876,,,,,-0.047,0.131,,0.0,,,0.0,-0.131,0.084,0.0,0.084,0.0,,,0.084,0.0,0.084,0.0,,0.084,0.084,,13.906,0.005,0.005,,13.906,0.005,0.005,0.005,
09/30/1995,3.107,,,-0.908,,2.199,,-2.275,,,,,-0.076,0.124,,0.0,,,0.0,-0.124,0.048,0.0,0.048,0.0,,,0.048,0.0,0.048,0.0,,0.048,0.048,,13.944,0.005,0.005,,13.944,0.005,0.005,0.005,
12/31/1995,3.511,,,-0.997,,2.514,,-2.457,,,,,0.057,0.132,,0.0,,,0.0,-0.132,0.189,0.0,0.189,0.0,,,0.189,0.0,0.189,0.0,,0.189,0.189,,13.988,0.015,0.015,,13.988,0.015,0.015,0.015,
03/31/1996,3.482,,,-1.102,,2.38,,-2.351,,,,,0.029,0.141,,0.0,,,0.0,-0.141,0.17,0.0,0.17,0.0,,,0.17,0.0,0.17,0.0,,0.17,0.17,,14.01,0.01,0.01,0.01,14.01,0.01,0.01,0.01,
06/30/1996,3.685,,,-1.049,,2.636,,-2.383,,,,,0.253,0.13,,0.0,,,0.0,-0.13,0.383,0.0,0.383,0.0,,,0.383,0.0,0.383,0.0,,0.383,0.383,,14.412,0.025,0.025,0.025,14.412,0.025,0.025,0.025,
09/30/1996,3.828,,,-1.074,,2.754,,-2.626,,,,,0.128,0.126,,0.0,,,0.0,-0.126,0.254,0.0,0.254,0.0,,,0.254,0.0,0.254,0.0,,0.254,0.254,,14.398,0.02,0.02,0.02,14.398,0.02,0.02,0.02,
12/31/1996,3.321,,,-1.5,,1.821,,-2.352,,,,,-0.531,0.15,,0.0,,,0.0,-0.15,-0.381,0.0,-0.381,0.0,,,-0.381,0.0,-0.381,0.0,,-0.381,-0.381,,13.952,-0.025,-0.025,-0.025,13.952,-0.025,-0.025,-0.025,
03/31/1997,4.189,,,-0.804,,3.385,,-2.494,,,,,0.891,0.129,,0.0,,,0.0,-0.129,1.02,0.0,1.02,0.541,,,0.479,0.0,0.479,0.0,,0.479,0.479,,14.14,0.035,0.07,0.07,14.14,0.035,0.07,0.07,
06/30/1997,5.665,,,-1.308,,4.357,,-3.528,,,,,0.829,0.124,,0.0,,,0.0,-0.124,0.953,0.0,0.953,0.082,,,0.871,0.0,0.871,0.0,,0.871,0.871,,14.024,0.06,0.065,0.065,14.248,0.06,0.065,0.065,
09/30/1997,6.819,,,-1.806,,5.013,,-4.679,,,,,0.334,0.292,,0.0,,,0.0,-0.292,0.626,0.0,0.626,0.138,,,0.488,0.0,0.488,0.0,,0.488,0.488,,16.526,0.03,0.04,0.04,17.212,0.03,0.035,0.035,
12/31/1997,4.578,,,-1.592,,2.986,,-4.47,,,,,-1.484,0.404,,0.0,,,0.0,-0.404,-1.08,0.0,-1.08,0.146,,,-1.226,0.0,-1.226,0.0,,-1.226,-1.226,,16.82,-0.075,-0.065,-0.065,16.82,-0.075,-0.065,-0.065,
03/31/1998,4.593,,,-1.307,,3.286,,-4.8,,,,,-1.514,0.386,,0.0,,,0.0,-0.386,-1.128,0.0,-1.128,1.513,,,-2.641,0.0,-2.641,0.0,,-2.641,-2.641,,17.122,-0.155,-0.09,-0.03,17.122,-0.155,-0.09,-0.03,
06/30/1998,5.803,,,-1.437,,4.366,,-5.265,,,,,-0.899,0.357,,0.0,5.8,,0.0,-6.157,-0.542,0.0,-0.542,0.0,,,-0.542,0.0,-0.542,0.0,0.0,-0.542,-0.542,,17.146,-0.03,-0.03,-0.03,17.146,-0.03,-0.03,-0.03,
09/30/1998,4.967,,,-1.563,,3.404,,-6.257,,,,,-2.853,0.37,,0.0,,,0.0,-0.37,-2.483,0.0,-2.483,0.0,,,-2.483,0.0,-2.483,0.0,0.0,-2.483,-2.483,,17.242,-0.145,-0.145,-0.145,17.242,-0.145,-0.145,-0.145,
12/31/1998,5.126701,,,-1.700538,,3.426163,,-5.949591,,,,,-2.523428,0.217704,,0.0,-0.217704,,0.0,0.0,-2.305724,0.0,-2.305724,0.0,,,-2.305724,0.0,-2.305724,0.0,0.0,-2.305724,-2.305724,,17.279464,-0.135,-0.135,-0.135,17.279464,-0.135,-0.135,-0.135,
03/31/1999,6.193,,,-2.071,,4.122,,-5.751,,,,,-1.629,0.248,,0.0,-0.247,,0.0,-0.001,-1.381,0.0,-1.381,0.0,,,-1.381,0.0,-1.381,0.0,,-1.381,-1.381,,17.288,-0.08,-0.08,-0.08,17.288,-0.08,-0.08,-0.08,
06/30/1999,6.352,,,-1.357,,4.995,,-5.89,,,,,-0.895,0.157,,0.0,,,0.0,-0.157,-0.738,0.0,-0.738,0.0,,,-0.738,0.0,-0.738,0.0,,-0.738,-0.738,,17.304001,-0.045,-0.045,-0.045,17.304001,-0.045,-0.045,-0.045,
09/30/1999,4.168,,,-1.115,,3.053,,-6.362,,,,,-3.309,0.24,,0.0,,,0.0,-0.24,-3.069,0.0,-3.069,0.0,,,-3.069,0.0,-3.069,0.0,,-3.069,-3.069,,17.308,-0.175,-0.175,-0.175,17.308,-0.175,-0.175,-0.175,
12/31/1999,5.943662,,,-1.61033,,4.333332,0.0,-8.120352,3.524082,,,4.59627,-3.78702,0.209998,-0.209998,0.0,,,0.0,0.0,-3.577022,0.0,-3.577022,0.0,,,-3.577022,0.0,-3.577022,0.0,0.0,-3.577022,-3.577022,,17.347062,-0.205,-0.205,-0.205,17.347062,-0.205,-0.205,-0.205,
03/31/2000,6.053,,,-1.8,,4.253,,-7.823,,,,,-3.569,0.499,,0.0,-0.498,,0.0,-0.001,-3.07,0.0,-3.07,0.0,,,-3.07,0.0,-3.07,0.0,,-3.07,-3.07,,18.177999,-0.17,-0.17,-0.17,18.177999,-0.17,-0.17,-0.17,
06/30/2000,6.166,,,-1.855,,4.311,,-7.468,,,,,-3.157,1.559,,0.0,,,0.0,-1.559,-1.598,0.0,-1.598,0.0,,,-1.598,0.0,-1.598,0.0,0.0,-1.598,-1.598,,19.976,-0.08,-0.08,-0.08,19.976,-0.08,-0.08,-0.08,
09/30/2000,5.165,,,-1.408,,3.757,,-14.925,,,,,-11.168,1.584,,0.0,,,0.0,-1.584,-9.584,0.0,-9.584,0.0,,,-9.584,0.0,-9.584,0.0,0.0,-9.584,-9.584,,20.392,-0.465,-0.465,-0.465,20.392,-0.465,-0.465,-0.465,
12/31/2000,5.278,,,-1.883,,3.395,,-9.523,,,,,-6.128,1.568,,,,,0.0,-1.568,-4.56,0.0,-4.56,0.0,,,-4.56,0.0,-4.56,0.0,0.0,-4.56,-4.56,,20.636999,-0.22,-0.22,-0.22,20.636999,-0.22,-0.22,-0.22,
03/31/2001,6.446,,,-2.076,,4.37,,-9.162,,,,,-4.792,1.449,-1.45,,-1.45,,0.0,0.001,-3.343,0.0,-3.343,0.0,,,-3.343,0.0,-3.343,0.0,0.0,-3.343,-3.343,,20.721001,-0.16,-0.16,-0.16,20.721001,-0.16,-0.16,-0.16,
06/30/2001,6.682,,,-2.035,,4.647,,-10.758,,,,,-6.111,0.986,,0.0,,,0.0,-0.986,-5.125,0.0,-5.125,0.0,,,-5.125,0.0,-5.125,0.0,0.0,-5.125,-5.125,,20.792,-0.25,-0.25,-0.25,20.792,-0.25,-0.25,-0.25,
09/30/2001,5.594,,,-1.478,,4.116,,-10.541,,,,,-6.425,0.809,,0.0,,,0.0,-0.809,-5.616,0.0,-5.616,0.0,,,-5.616,0.0,-5.616,0.0,0.0,-5.616,-5.616,,20.858,-0.27,-0.27,-0.27,20.858,-0.27,-0.27,-0.27,
12/31/2001,6.589,,,-1.615,,4.974,,-10.91,,,,,-5.936,0.616,,0.0,,,0.0,-0.616,-5.32,0.0,-5.32,0.0,,,-5.32,0.0,-5.32,0.0,0.0,-5.32,-5.32,,20.903999,-0.25,-0.25,-0.25,20.903999,-0.25,-0.25,-0.25,
03/31/2002,7.34,,,-2.581,,4.759,,-11.885,4.269,,,7.616,-7.126,0.534,-0.534,,-0.534,,0.0,0.0,-6.592,0.0,-6.592,0.0,,,-6.592,0.0,-6.592,0.0,0.0,-6.592,-6.592,,20.927,-0.32,-0.32,-0.32,20.927,-0.32,-0.32,-0.32,
06/30/2002,5.306,,,-1.673,,3.633,,-9.556,,,,,-5.923,0.423,,0.0,,,-0.033,-0.39,-5.5,0.0,-5.5,0.0,,,-5.5,0.0,-5.5,0.0,0.0,-5.5,-5.5,,20.952,-0.26,-0.26,-0.26,20.952,-0.26,-0.26,-0.26,
09/30/2002,5.576,,,-1.598,,3.978,,-9.498,,,,,-5.52,0.328,,0.0,,,-0.017,-0.311,-5.192,0.0,-5.192,0.0,,,-5.192,0.0,-5.192,0.0,0.0,-5.192,-5.192,,20.983999,-0.25,-0.25,-0.25,20.983999,-0.25,-0.25,-0.25,
12/31/2002,5.62,,,-2.088,,3.532,,-8.262,,,,,-4.73,0.291,,0.0,,,-0.03,-0.261,-4.439,0.0,-4.439,0.0,,,-4.439,0.0,-4.439,0.0,0.0,-4.439,-4.439,,21.016001,-0.21,-0.21,-0.21,21.016001,-0.21,-0.21,-0.21,
06/30/2003,5.1,,,-1.222,,3.878,,-7.324,,,,,-3.446,0.261,,0.0,,,-0.082,-0.179,-3.185,0.0,-3.185,0.0,,,-3.185,0.0,-3.185,0.0,0.0,-3.185,-3.185,,21.052999,-0.15,-0.15,-0.15,21.052999,-0.15,-0.15,-0.15,
09/30/2003,5.341,,,-1.411,,3.93,,-6.81,,,,,-2.88,0.119,,0.0,,,0.025,-0.144,-2.761,0.0,-2.761,0.0,,,-2.761,0.0,-2.761,0.0,0.0,-2.761,-2.761,,21.076,-0.13,-0.13,-0.13,21.076,-0.13,-0.13,-0.13,
12/31/2003,6.683,,,-2.125,,4.558,,-6.795,,,,,-2.237,0.27,,0.0,,,-0.118,-0.152,-1.967,0.0,-1.967,0.0,,,-1.967,0.0,-1.967,0.0,0.0,-1.967,-1.967,,21.173,-0.09,-0.09,-0.09,21.173,-0.09,-0.09,-0.09,
03/31/2004,8.615,,,-2.833,,5.782,,-7.471,,,,,-1.689,-0.019,,0.0,,,0.019,-0.175,-1.533,0.0,-1.533,0.0,,,-1.533,0.0,-1.533,0.0,0.0,-1.533,-1.533,,21.311032,-0.071935,-0.071935,-0.071935,21.311032,-0.071935,-0.071935,-0.071935,
06/30/2004,7.441,,,-1.757,,5.684,,-8.225,,,,,-2.541,0.162,,0.0,,,0.008,-0.17,-2.379,0.0,-2.379,0.0,,,-2.379,0.0,-2.379,0.0,0.0,-2.379,-2.379,,21.570999,-0.11,-0.11,-0.06,21.570999,-0.11,-0.11,-0.06,
09/30/2004,10.437,,,-2.429,,8.008,,-7.74,,,,,0.268,0.191,,0.0,,,-0.012,-0.179,0.459,0.0,0.459,0.0,,,0.459,0.0,0.459,0.0,0.0,0.459,0.459,,21.851999,0.02,0.02,0.02,23.038,0.02,0.02,0.02,
12/31/2004,9.566,,,-2.457,,7.109,,-7.633,,,,,-0.524,0.323,,0.0,,,-0.116,-0.207,-0.201,0.0,-0.201,0.0,,,-0.201,0.0,-0.201,0.0,0.0,-0.201,-0.201,,21.952158,-0.01,-0.01,-0.01,21.952158,-0.01,-0.01,-0.01,
03/31/2005,10.772,,,-2.723,,8.049,,-8.505,,,,,-0.456,0.235,,0.0,,,0.029,-0.264,-0.221,0.0,-0.221,0.0,,,-0.221,0.0,-0.221,0.0,0.0,-0.221,-0.221,,22.004999,-0.01,-0.01,-0.01,22.004999,-0.01,-0.01,-0.01,
06/30/2005,8.423,,,-2.333,,6.09,,-11.518,,,,,-5.428,-13.08,,0.0,,,0.054,13.026,-18.508,0.0,-18.508,0.0,,,-18.508,0.0,-18.508,0.0,0.0,-18.508,-18.508,,24.134413,-0.77,-0.77,-0.22,24.134413,-0.77,-0.77,-0.22,
09/30/2005,10.936,,,-2.448,,8.488,,-11.527,,,,,-3.039,0.26,,0.0,,,0.058,-0.318,-2.779,0.0,-2.779,0.0,,,-2.779,0.0,-2.779,0.0,0.0,-2.779,-2.779,,26.251116,-0.11,-0.11,-0.11,26.251116,-0.11,-0.11,-0.11,
12/31/2005,10.515,,,-3.07,,7.445,,-11.985,,,,,-4.54,0.313,,0.0,,,0.056,-0.369,-4.227,-0.253,-4.48,0.0,,,-4.48,0.0,-4.48,0.0,0.0,-4.48,-4.48,,26.350871,-0.17,-0.17,-0.1598,26.350871,-0.17,-0.17,-0.1598,
03/31/2006,13.797,,,-3.835,,9.962,,-13.94,,,,,-3.978,0.4,,0.0,,,-0.052,-0.348,-3.578,-0.103,-3.681,0.0,,,-3.681,0.0,-3.681,0.0,0.0,-3.681,-3.681,,25.9999,-0.14,-0.14,-0.14,25.9999,-0.14,-0.14,-0.14,
06/30/2006,13.008,,,-3.483,,9.525,,-15.177,,,,,-5.652,-0.341,,0.0,,,-0.114,0.455,-5.993,-0.138,-6.131,0.0,,,-6.131,0.0,-6.131,0.0,0.0,-6.131,-6.131,,26.488487,-0.23,-0.23,-0.2,26.488487,-0.23,-0.23,-0.2,
09/30/2006,10.886,,,-2.925,,7.961,,-16.835,,,,,-8.874,0.301,,0.0,,,0.027,-0.328,-8.573,-0.103,-8.676,0.0,,,-8.676,0.0,-8.676,0.0,0.0,-8.676,-8.676,,26.611,-0.33,-0.33,-0.33,26.611,-0.33,-0.33,-0.33,
12/31/2006,12.904,,,-2.873,,10.031,0.0,-16.915,10.917,,,5.998,-6.884,0.262,,0.0,,,-0.062,-0.2,-6.622,-0.103,-6.725,0.0,,,-6.725,0.0,-6.725,0.0,0.0,-6.725,-6.725,,26.712,-0.25,-0.25,-0.25,26.712,-0.25,-0.25,-0.25,
03/31/2007,13.851,,,-2.731,,11.12,,-17.421,,,,,-6.301,-0.176,,0.0,,,0.176,-0.259,-6.218,-0.131,-6.349,0.0,,,-6.349,0.0,-6.349,0.0,0.0,-6.349,-6.349,,28.684513,-0.221339,-0.221339,-0.221339,28.684513,-0.221339,-0.221339,-0.221339,
06/30/2007,14.063,,,-3.532,,10.531,,-18.337,,,,,-7.806,-0.324,,0.0,,,0.022,0.302,-8.13,-0.145,-8.275,0.0,,,-8.275,0.0,-8.275,0.0,0.0,-8.275,-8.275,,32.338,-0.26,-0.26,-0.25,32.338,-0.26,-0.26,-0.25,
09/30/2007,11.355,,,-2.877,,8.478,,-18.475,,,,,-9.997,0.76,,0.0,,,0.0,-0.76,-9.237,-0.145,-9.382,0.0,,,-9.382,0.0,-9.382,0.0,0.0,-9.382,-9.382,,32.422,-0.29,-0.29,-0.29,32.422,-0.29,-0.29,-0.29,
12/31/2007,16.015,,,-3.773,,12.242,0.0,-20.826,13.54,,,7.286,-8.584,0.45,,0.0,,,0.0,-0.45,-8.134,-0.167,-8.301,0.0,,,-8.301,0.0,-8.301,0.0,0.0,-8.301,-8.301,,32.488,-0.26,-0.26,-0.26,32.488,-0.26,-0.26,-0.26,
03/31/2008,17.507,,,-4.883,,12.624,0.0,-21.518,14.419,,,7.099,-8.894,-6.008,,0.0,,,0.0,6.008,-14.902,-0.07,-14.972,0.0,,,-14.972,0.0,-14.972,0.0,0.0,-14.972,-14.972,,32.612,-0.46,-0.46,-0.26,32.612,-0.46,-0.46,-0.26,
06/30/2008,16.357,16.27,0.087,-5.627,5.627,10.73,0.0,-20.084,13.514,6.144,0.426,0.0,-9.354,0.385,,,,-0.244,,-0.141,-8.969,-0.145,-9.114,0.0,0.0,0.0,-9.114,0.0,-9.114,0.0,0.0,-9.114,-9.114,0.0,32.845,-0.28,-0.28,-0.28,32.845,-0.28,-0.28,-0.28,
09/30/2008,19.999,19.777,0.222,-4.793,4.793,15.206,0.0,-21.159,13.898,6.85,0.411,0.0,-5.953,-0.104,,,,0.043,,0.061,-6.057,-0.273,-6.33,0.0,0.0,0.0,-6.33,0.0,-6.33,0.0,0.0,-6.33,-6.33,0.0,34.475,-0.18,-0.18,-0.18,34.475,-0.18,-0.18,-0.18,
12/31/2008,17.271,17.081,0.19,-4.519,4.519,12.752,0.0,-18.792,13.227,5.203,0.362,0.0,-6.04,-1.477,,,,,,1.477,-7.517,-0.182,-7.699,0.0,0.0,0.0,-7.699,0.0,-7.699,0.0,0.0,-7.699,-7.90245,-0.20345,36.051,-0.21,-0.21,-0.219202,36.051,-0.21,-0.21,-0.219202,
03/31/2009,19.583,19.384,0.199,-5.498,5.498,14.085,0.0,-22.256,14.718,7.131,0.407,0.0,-8.171,-0.131,,,,-0.104,,0.235,-8.302,-0.152,-8.454,0.0,0.0,0.0,-8.454,0.0,-8.454,0.0,0.0,-8.454,-8.454,0.0,36.142,-0.23,-0.23,-0.23,36.142,-0.23,-0.23,-0.23,
06/30/2009,19.913,19.588,0.325,-5.072,5.072,14.841,0.0,-22.304,15.967,5.983,0.354,0.0,-7.463,-0.071,,,,-0.044,,0.115,-7.534,-0.226,-7.76,0.0,0.0,0.0,-7.76,0.0,-7.76,0.0,0.0,-7.76,-7.76,0.0,36.549,-0.21,-0.21,-0.21,36.549,-0.21,-0.21,-0.21,
09/30/2009,20.022,19.725,0.297,-5.446,5.446,14.576,0.0,-21.973,14.816,6.786,0.371,0.0,-7.397,-0.035,,,,-0.053,,0.088,-7.432,-0.242,-7.674,0.0,0.0,0.0,-7.674,0.0,-7.674,0.0,0.0,-7.674,-7.674,0.0,36.924,-0.21,-0.21,-0.21,36.924,-0.21,-0.21,-0.21,
12/31/2009,22.799,22.623,0.176,-5.772,5.772,17.027,0.0,-21.969,15.19,6.397,0.382,0.0,-4.942,0.337,,,,-0.275,,-0.062,-4.605,0.04,-4.565,0.0,0.0,0.0,-4.565,0.0,-4.565,0.0,0.0,-4.565,-4.565,0.0,37.011,-0.12,-0.12,-0.12,37.011,-0.12,-0.12,-0.12,
03/31/2010,22.979,22.829,0.15,-6.239,6.239,16.74,0.0,-22.014,14.864,6.788,0.362,0.0,-5.274,6.492,,,,-0.001,,-6.491,1.218,-0.243,0.975,0.0,0.0,0.0,0.975,0.0,0.975,0.0,0.0,0.975,-3.17785,-4.15285,36.971,0.02,0.02,-0.088525,36.971,0.02,0.02,-0.09262,
06/30/2010,22.002,21.761,0.241,-5.284,5.284,16.718,0.0,-22.773,15.753,6.653,0.367,0.0,-6.055,0.318,,,,0.002,,-0.32,-5.737,-0.243,-5.98,0.0,0.0,0.0,-5.98,0.0,-5.98,0.0,0.0,-5.98,-6.13535,-0.15535,37.086,-0.16,-0.16,-0.165436,37.086,-0.16,-0.16,-0.165436,
09/30/2010,23.376,23.058,0.318,-5.408,5.408,17.968,0.0,-21.015,14.054,6.589,0.372,0.0,-3.047,0.088,,,,0.001,,-0.089,-2.959,-0.242,-3.201,0.0,0.0,0.0,-3.201,0.0,-3.201,0.0,0.0,-3.201,-3.34205,-0.14105,37.156,-0.09,-0.09,-0.089946,37.156,-0.09,-0.09,-0.093796,
12/31/2010,27.244,26.915,0.329,-5.437,5.437,21.807,0.0,-22.479,15.592,6.592,0.295,0.0,-0.672,0.034,,,,-0.004,,-0.03,-0.638,-0.164,-0.802,0.0,0.0,0.0,-0.802,0.0,-0.802,0.0,0.0,-0.802,-0.802,0.0,37.195,-0.02,-0.02,-0.02,37.195,-0.02,-0.02,-0.02,
03/31/2011,28.529,28.103,0.426,-5.848,5.848,22.681,0.0,-24.092,16.888,6.843,0.361,0.0,-1.411,-0.118,,,,-0.008,,0.126,-1.529,-0.243,-1.772,0.0,0.0,0.0,-1.772,0.0,-1.772,0.0,0.0,-1.772,-1.772,0.0,37.231,-0.05,-0.05,-0.05,37.231,-0.05,-0.05,-0.05,
06/30/2011,27.355,27.166,0.189,-5.891,5.891,21.464,0.0,-25.885,18.176,7.324,0.385,0.0,-4.421,-0.077,,,,-0.004,,0.081,-4.498,-0.096,-4.594,0.0,0.0,0.0,-4.594,0.0,-4.594,0.0,0.0,-4.594,-4.594,0.0,38.268,-0.12,-0.12,-0.12,38.268,-0.12,-0.12,-0.12,
09/30/2011,29.478,29.151,0.327,-5.551,5.551,23.927,0.0,-23.161,16.323,6.459,0.379,0.0,0.766,0.06,,,,0.006,,-0.066,0.826,-0.225,0.601,0.0,0.0,0.0,0.601,0.0,0.601,0.0,0.0,0.601,0.601,0.0,38.256,0.02,0.02,0.02,39.366,0.02,0.02,0.02,
12/31/2011,32.198,31.732,0.466,-6.279,6.279,25.919,0.0,-23.686,17.184,6.14,0.362,0.0,2.233,1.054,,,,0.002,,-1.056,3.287,-0.366,2.921,0.0,0.0,0.0,2.921,0.0,2.921,0.0,0.0,2.921,2.25995,-0.66105,38.498,0.08,0.08,0.058703,40.27,0.07,0.07,0.053585,
03/31/2012,37.344,37.237,0.107,-6.786,6.786,30.558,0.0,-27.616,20.028,7.236,0.352,0.0,2.942,-0.014,,,,-0.001,,0.015,2.928,-0.361,2.567,0.0,0.0,0.0,2.567,,2.567,,0.0,2.567,2.567,0.0,38.84,0.07,0.07,0.07,41.251,0.06,0.06,0.06,
06/30/2012,38.783,38.647,0.136,-7.446,7.446,31.337,0.0,-27.776,20.953,6.712,0.111,0.0,3.561,-0.006,,,,0.002,,0.004,3.555,-0.436,3.119,0.0,0.0,0.0,3.119,0.0,3.119,0.0,0.0,3.119,3.119,0.0,39.144,0.08,0.08,0.08,41.549,0.08,0.08,0.08,
09/30/2012,37.417,37.319,0.098,-7.194,7.194,30.223,0.0,-24.291,18.437,5.854,,0.0,5.932,-0.008,,,,-0.001,,0.009,5.924,-0.455,5.469,0.0,0.0,0.0,5.469,0.0,5.469,0.0,0.0,5.469,5.469,0.0,39.431,0.14,0.14,0.14,41.722,0.13,0.13,0.13,
12/31/2012,38.25,38.112,0.138,-8.13,8.13,30.12,0.0,-27.202,20.943,6.259,,0.0,2.918,0.325,,,,-0.001,,-0.324,3.243,-0.559,2.684,0.0,0.0,0.0,2.684,0.0,2.684,0.0,0.0,2.684,3.334,0.65,39.417,0.07,0.07,0.084583,40.865,0.07,0.07,0.084583,
03/31/2013,43.674,43.536,0.138,-8.826,8.826,34.848,0.0,-30.716,23.894,6.822,,0.0,4.132,0.008,,,,0.007,,-0.015,4.14,-0.398,3.742,0.0,0.0,0.0,3.742,0.0,3.742,,0.0,3.742,5.107,1.365,38.445,0.1,0.1,0.132839,39.824,0.09,0.09,0.124276,
06/30/2013,42.67,42.609,0.061,-8.723,8.723,33.947,0.0,-35.254,27.967,7.287,,0.0,-1.307,-0.005,,,,-0.016,,0.021,-1.312,-0.411,-1.723,0.0,0.0,0.0,-1.723,0.0,-1.723,0.0,0.0,-1.723,-0.033,1.69,38.678,-0.04,-0.04,-0.000853,38.678,-0.04,-0.04,-0.000853,
09/30/2013,44.345,44.288,0.057,-9.027,9.027,35.318,0.0,-33.92,26.199,7.721,,0.0,1.398,0.031,,,,-0.025,,-0.006,1.429,-0.37,1.059,0.0,0.0,0.0,1.059,0.0,1.059,0.0,0.0,1.059,2.164,1.105,39.26,0.03,0.03,0.05512,41.337,0.03,0.03,0.05512,
12/31/2013,46.195,46.141,0.054,-9.458,9.458,36.737,0.0,-32.143,24.364,7.779,,0.0,4.594,0.057,,,,-0.037,,-0.02,4.651,-0.258,4.393,0.0,0.0,0.0,4.393,0.0,4.393,0.0,0.0,4.393,4.848,0.455,39.592,0.11,0.11,0.122449,41.726,0.11,0.11,0.120904,
03/31/2014,50.433,50.242,0.191,-10.114,10.114,40.319,0.0,-36.641,28.721,7.92,,0.0,3.678,0.084,,,,-0.04,,-0.044,3.762,-0.14,3.622,0.0,0.0,0.0,3.622,,3.622,,0.0,3.622,4.402,0.78,39.81,0.09,0.09,0.110575,42.125,0.09,0.09,0.108516,
06/30/2014,48.811,48.66,0.151,-9.689,9.689,39.122,0.0,-40.66,31.598,9.062,,0.0,-1.538,0.055,,,,-0.044,,-0.011,-1.483,-0.226,-1.709,0.0,0.0,0.0,-1.709,0.0,-1.709,0.0,0.0,-1.709,-0.669,1.04,40.062,-0.04,-0.04,-0.016699,40.062,-0.04,-0.04,-0.016699,
09/30/2014,51.938,51.774,0.164,-9.612,9.612,42.326,0.0,-38.148,29.455,8.693,,0.0,4.178,-0.003,,,,-0.036,,0.039,4.175,-0.336,3.839,0.0,0.0,0.0,3.839,0.0,3.839,0.0,0.0,3.839,4.554,0.715,40.448,0.09,0.09,0.112589,42.239,0.09,0.09,0.106927,
12/31/2014,62.005,61.966,0.039,-9.838,9.838,52.167,0.0,-38.504,30.139,8.365,,0.0,13.663,0.038,,,,-0.048,,0.01,13.701,-1.017,12.684,0.0,0.0,0.0,12.684,0.0,12.684,0.0,0.0,12.684,12.684,0.0,40.856,0.31,0.31,0.31,42.884,0.3,0.3,0.3,
03/31/2015,67.557,67.55,0.007,-10.806,10.806,56.751,0.0,-44.388,34.535,9.853,,0.0,12.363,0.009,,,,-0.068,,0.059,12.372,86.502,98.874,0.0,0.0,0.0,98.874,0.0,98.874,0.0,0.0,98.874,12.374,-86.5,41.168,2.4,2.4,0.300573,44.049,2.24,2.24,0.276278,
06/30/2015,73.432,73.426,0.006,-10.868,10.868,62.564,0.0,-47.533,37.323,10.21,,0.0,15.031,0.116,,,,-0.063,,-0.053,15.147,-6.288,8.859,0.0,0.0,0.0,8.859,0.0,8.859,0.0,0.0,8.859,8.859,0.0,41.696,0.21,0.21,0.21,44.41,0.2,0.2,0.2,
09/30/2015,76.359,76.354,0.005,-12.144,12.144,64.215,0.0,-51.398,39.829,11.569,,0.0,12.817,0.149,,,,-0.062,,-0.087,12.966,-5.231,7.735,0.0,0.0,0.0,7.735,0.0,7.735,0.0,0.0,7.735,7.735,0.0,42.228,0.18,0.18,0.18,44.922,0.17,0.17,0.17,
12/31/2015,85.795,85.789,0.006,-12.744,12.744,73.051,0.0,-55.608,41.853,13.755,,0.0,17.443,0.055,,,,-0.084,,0.029,17.498,-6.943,10.555,0.0,0.0,0.0,10.555,0.0,10.555,0.0,0.0,10.555,10.555,0.0,42.427,0.25,0.25,0.25,44.949,0.23,0.23,0.23,
03/31/2016,93.957,93.951,0.006,-14.663,14.663,79.294,0.0,-59.481,45.256,14.225,,0.0,19.813,0.414,,,,-0.186,,-0.228,20.227,-9.229,10.998,0.0,0.0,0.0,10.998,0.0,10.998,0.0,0.0,10.998,10.998,0.0,42.463,0.26,0.26,0.26,45.112,0.24,0.24,0.24,
06/30/2016,102.995,102.308,0.687,-15.07,15.07,87.925,0.0,-66.692,51.032,15.66,,0.0,21.233,0.192,,,,-0.269,,0.077,21.425,-8.515,12.91,0.0,0.0,0.0,12.91,0.0,12.91,0.0,0.0,12.91,12.91,0.0,42.811,0.3,0.3,0.3,45.178,0.29,0.29,0.29,
09/30/2016,102.955,102.37,0.585,-17.309,17.309,85.646,0.0,-71.138,53.086,18.052,,0.0,14.508,0.228,,,,-0.342,,0.114,14.736,-5.861,8.875,0.0,0.0,0.0,8.875,0.0,8.875,0.0,0.0,8.875,8.875,0.0,43.129,0.21,0.21,0.21,44.58,0.2,0.2,0.2,
12/31/2016,114.674,114.026,0.648,-18.987,18.987,95.687,0.0,-70.284,53.935,16.349,,0.0,25.403,0.423,,,,-0.457,,0.034,25.826,-10.394,15.432,0.0,0.0,0.0,15.432,0.0,15.432,0.0,0.0,15.432,15.432,0.0,43.431,0.36,0.36,0.36,44.77,0.34,0.34,0.34,
03/31/2017,124.68,124.654,0.026,-19.261,19.261,105.419,0.0,-76.425,60.1,16.325,,0.0,28.994,0.362,,,,-0.486,,0.124,29.356,-14.457,14.899,0.0,0.0,0.0,14.899,0.0,14.899,0.0,0.0,14.899,17.999,3.1,43.579,0.34,0.34,0.41302,44.924,0.33,0.33,0.399005,
06/30/2017,132.468,132.431,0.037,-21.862,21.862,110.606,0.0,-77.528,60.597,16.931,,0.0,33.078,0.714,,,,-0.635,,-0.079,33.792,3.582,37.374,0.0,0.0,0.0,37.374,0.0,37.374,0.0,0.0,37.374,37.374,0.0,43.895,0.85,0.85,0.85,45.608,0.82,0.82,0.82,
09/30/2017,132.823,132.782,0.041,-21.627,21.627,111.196,0.0,-79.47,60.08,19.39,,0.0,31.726,0.758,,,,-0.781,,0.023,32.484,-7.981,24.503,0.0,0.0,0.0,24.503,0.0,24.503,0.0,0.0,24.503,24.503,0.0,44.141,0.56,0.56,0.56,45.698,0.54,0.54,0.54,
12/31/2017,154.022,153.989,0.033,-24.994,24.994,129.028,0.0,-84.262,66.556,17.706,,0.0,44.766,0.888,,,,-0.969,,0.081,45.654,-32.208,13.446,0.0,0.0,0.0,13.446,0.0,13.446,0.0,0.0,13.446,-8.511,-21.957,44.247,0.3,0.3,-0.192352,45.869,0.29,0.29,-0.192352,
03/31/2018,174.436,174.42,0.016,-30.098,30.098,144.338,0.0,-96.771,75.501,21.27,,0.0,47.567,0.94,,,,-1.303,,0.363,48.507,-11.66,36.847,0.0,0.0,0.0,36.847,0.0,36.847,0.0,0.0,36.847,36.847,0.0,44.32,0.83,0.83,0.83,46.141,0.8,0.8,0.8,
06/30/2018,180.01,180.01,,-30.85,30.85,149.16,0.0,-102.412,81.139,21.273,,0.0,46.748,1.739,,,,-1.551,,-0.188,48.487,41.579,90.066,0.0,0.0,0.0,90.066,0.0,90.066,0.0,0.0,90.066,90.066,0.0,44.546,2.02,2.02,2.02,46.169,1.95,1.95,1.95,
09/30/2018,181.778,181.778,,-29.846,29.846,151.932,0.0,-101.612,78.895,22.717,,0.0,50.32,1.513,,,,-1.671,,0.158,51.833,-1.706,50.127,0.0,0.0,0.0,50.127,0.0,50.127,0.0,0.0,50.127,50.127,0.0,44.961,1.11,1.11,1.11,46.153,1.09,1.09,1.09,
12/31/2018,200.563,200.563,,-34.023,34.023,166.54,0.0,-104.185,80.22,23.965,,0.0,62.355,2.155,,,,-2.175,,0.02,64.51,-19.648,44.862,0.0,0.0,0.0,44.862,0.0,44.862,0.0,0.0,44.862,44.862,0.0,45.046,1.0,1.0,1.0,46.136,0.97,0.97,0.97,
03/31/2019,207.081,207.081,,-34.848,34.848,172.233,0.0,-106.844,81.296,25.548,,0.0,65.389,33.141,,,,-2.769,,-30.372,98.53,-24.569,73.961,0.0,0.0,0.0,73.961,0.0,73.961,0.0,0.0,73.961,50.325,-23.636,45.091,1.64,1.64,1.116076,46.173,1.6,1.6,1.088099,
06/30/2019,207.666,207.666,,-37.073,37.073,170.593,0.0,-109.868,86.078,23.79,,0.0,60.725,42.413,,,,-3.049,,-39.364,103.138,-14.215,88.923,0.0,0.0,0.0,88.923,0.0,88.923,0.0,0.0,88.923,58.925,-29.998,45.215,1.97,1.97,1.303218,46.092,1.93,1.93,1.279171,
09/30/2019,204.974,204.974,,-34.867,34.867,170.107,0.0,-109.925,85.956,23.969,,0.0,60.182,-42.824,,,,-2.932,,45.756,17.358,-4.287,13.071,0.0,0.0,0.0,13.071,0.0,13.071,0.0,0.0,13.071,47.579,34.508,45.319,0.29,0.29,1.049869,45.912,0.28,0.28,1.031612,
12/31/2019,221.584,221.584,,-39.996,39.996,181.588,0.0,-111.329,85.674,25.655,,0.0,70.259,26.757,,,,-3.086,,-23.671,97.016,-27.799,69.217,0.0,0.0,0.0,69.217,0.0,69.217,0.0,0.0,69.217,51.442,-17.775,45.14,1.53,1.53,1.13961,45.695,1.51,1.51,1.121008,
03/31/2020,206.658,206.658,,-39.369,39.369,167.289,0.0,-109.237,83.891,25.346,,0.0,58.052,-18.739,,,,-3.1,,21.839,39.313,-7.515,31.798,0.0,0.0,0.0,31.798,0.0,31.798,0.0,0.0,31.798,45.393,13.595,45.04,0.71,0.71,1.007837,45.575,0.7,0.7,0.9983,
06/30/2020,164.85,164.85,,-35.983,35.983,128.867,0.0,-94.801,68.444,26.357,,0.0,34.066,27.01,,,,-2.397,,-24.613,61.076,-16.488,44.588,0.0,0.0,0.0,44.588,0.0,44.588,0.0,0.0,44.588,27.28679,-17.30121,45.01,0.99,0.99,0.606238,45.549,0.98,0.98,0.600163,
09/30/2020,203.0,,,,,160.39842,,,,,,,47.671,,,,,,,,56.686,,44.08,,,,,,44.08,,,44.08,42.313,,,1.03,1.03,0.917,,1.03,1.03,0.917,
12/31/2020,235.125,,,,,189.84697875,,,,,,,67.171,,,,,,,,76.186,,58.3,,,,,,58.3,,,58.3,55.238,,,1.278,1.278,1.206,,1.278,1.278,1.206,
