Date,Revenue,Sales & Services Revenue,Cost of Revenue,Cost of Goods & Services,Gross Profit,Other Operating Income,Operating Expenses,"Selling, General & Admin",Research & Development,Other Operating Expense,Operating Income (Loss),Non-Operating (Income) Loss,"Interest Expense, Net",Interest Expense,Interest Income,Foreign Exch (Gain) Loss,(Income) Loss from Affiliates,Other Non-Op (Income) Loss,Pretax Income,Income Tax Expense (Benefit),Income (Loss) from Cont Ops,Net Extraordinary Losses (Gains),Discontinued Operations,XO & Accounting Changes,Income (Loss) Incl. MI,Minority Interest,"Net Income, GAAP",Preferred Dividends,Other Adjustments,"Net Income Avail to Common, GAAP","Net Income Avail to Common, Adj",Net Abnormal Losses (Gains),Basic Weighted Avg Shares,"Basic EPS, GAAP",Basic EPS from Cont Ops,"Basic EPS from Cont Ops, Adjusted",Diluted Weighted Avg Shares,"Diluted EPS, GAAP",Diluted EPS from Cont Ops,"Diluted EPS from Cont Ops, Adjusted",Source: Bloomberg
03/31/1990,1438.439941,,-684.85498,,753.584961,,-425.561005,,,,328.023987,-13.407999,,18.129999,,,,-4.722,314.615988,-89.666,224.949997,0.0,,,224.949987,0.0,224.949997,0.0,,224.949997,224.949997,,1762.583984,0.1275,0.1275,0.1275,1762.583984,0.1275,0.1275,0.1275,
06/30/1990,1503.397949,,-694.716003,,808.681946,,-456.042999,,,,352.639008,-16.662001,,25.124001,,,,-8.462,335.977007,-95.752998,240.223999,0.0,,,240.224009,0.0,240.223999,0.0,,240.223999,240.223999,,1755.432007,0.13725,0.13725,0.13725,1755.432007,0.13725,0.13725,0.13725,
09/30/1990,1506.774048,,-723.346985,,783.427063,,-460.898987,,,,322.528015,-13.650001,,23.805,,,,-10.155,308.878015,-88.029999,220.848007,0.0,,,220.848016,0.0,220.848007,0.0,,220.848007,220.848007,,1747.547974,0.12725,0.12725,0.12725,1747.547974,0.12725,0.12725,0.12725,
12/31/1990,1710.069946,,-807.174011,,902.895935,,-500.04599,,,,402.850006,-11.588001,,24.365999,,26.6,,-39.377998,391.262005,-111.510002,279.752014,0.0,,,279.752003,0.0,279.752014,0.0,,279.752014,279.752014,,1719.276,0.16225,0.16225,0.16225,1719.276,0.16225,0.16225,0.16225,
03/31/1991,1653.647949,,-764.244995,,889.402954,,-518.296997,,,,371.105988,-10.677,,13.967,,,,-3.29,360.428988,-106.327003,254.102005,-0.068,,,254.169984,0.0,254.169998,0.0,,254.169998,254.169998,,1714.848022,0.14725,0.14725,0.14725,1714.848022,0.14725,0.14725,0.14725,
06/30/1991,1682.984009,,-774.73999,,908.244019,,-536.192017,,,,372.052002,8.506001,,18.885,,,,-27.391001,380.558002,-112.264,268.294006,0.0,,,268.294003,0.0,268.294006,0.0,,268.294006,268.294006,,1712.859985,0.15725,0.15725,0.15725,1712.859985,0.15725,0.15725,0.15725,
09/30/1991,1653.692993,,-767.072998,,886.619995,,-534.065979,,,,352.553986,4.27,,13.535,,,,-17.805,356.823986,-105.263,251.561005,0.0,,,251.560986,0.0,251.561005,0.0,,251.561005,251.561005,,1710.352051,0.14725,0.14725,0.14725,1710.352051,0.14725,0.14725,0.14725,
12/31/1991,1886.262939,,-833.914001,,1052.348938,,-591.031006,,,,461.317993,-14.907,,17.444,,11.1,,-13.637,446.410993,-131.690994,314.720001,0.0,,,314.719999,0.0,314.720001,0.0,,314.720001,314.720001,,1701.916016,0.185,0.185,0.185,1701.916016,0.185,0.185,0.185,
03/31/1992,1877.932007,,-844.741028,,1033.190979,,-620.046021,,,,413.144989,-4.493,,13.995,,,,-9.502,408.651989,-114.422997,294.229004,0.0,,,294.228992,0.0,294.229004,,,294.229004,294.229004,,1699.543945,0.1725,0.1725,0.1725,1699.543945,0.1725,0.1725,0.1725,
06/30/1992,1908.670044,,-862.984985,,1045.685059,,-844.541992,,,,201.143005,257.094011,,13.205,,,,-270.299011,458.237017,-141.149994,317.087006,0.0,,,317.087023,0.0,317.087006,,,317.087006,317.087006,,1697.472046,0.185,0.185,0.185,1697.472046,0.185,0.185,0.185,
09/30/1992,1968.81897,,-892.742981,,1076.075989,,-632.859985,,,,443.216003,-56.028002,,12.486,,61.900002,,-18.358,387.188002,-108.412003,278.776001,0.0,,,278.775999,0.0,278.776001,,,278.776001,278.776001,,1693.030029,0.165,0.165,0.165,1693.030029,0.165,0.165,0.165,
12/31/1992,2096.490967,,-904.804016,,1191.686951,,-508.178986,,,,683.507996,-198.832003,,13.275,,31.299999,,154.257004,484.675993,-135.710999,348.964996,0.0,,,348.964994,0.0,348.964996,,,348.964996,348.964996,,1675.241944,0.21,0.21,0.21,1675.241944,0.21,0.21,0.21,
03/31/1993,2045.613037,,-933.174988,,1112.438049,,-666.932983,,,,445.505005,34.406,,14.17,,0.0,,-48.576,479.911005,-134.375,345.536011,0.0,,,345.536005,0.0,345.536011,0.0,,345.536011,345.536011,,1669.385986,0.205,0.205,0.205,1669.385986,0.205,0.205,0.205,
06/30/1993,2073.790039,,-886.987976,,1186.802063,,-697.554993,,,,489.247009,-8.574,,13.993,,0.0,,-5.419,480.673009,-134.589005,346.084015,0.0,,,346.084005,0.0,346.084015,0.0,,346.084015,346.084015,,1665.680054,0.21,0.21,0.21,1665.680054,0.21,0.21,0.21,
09/30/1993,2060.443115,,-917.072021,,1143.371094,,-698.132996,,,,445.238007,-6.049,,13.292,,0.0,,-7.243,439.189007,-122.972,316.21701,0.0,,,316.217007,0.0,316.21701,0.0,,316.21701,316.21701,,1654.027954,0.19,0.19,0.19,1654.027954,0.19,0.19,0.19,
12/31/1993,2227.99707,,-947.492004,,1280.505066,,-806.528992,,,,473.976013,69.480998,,12.828,,0.0,,-82.308998,543.457011,-152.167999,391.289001,0.0,,,391.289012,0.0,391.289001,0.0,,391.289001,391.289001,,1646.64795,0.24,0.24,0.24,1646.64795,0.24,0.24,0.24,
03/31/1994,2215.248047,,-964.271973,,1250.976074,,-723.981018,,,,526.994995,-3.804,,11.496,,0.0,,-7.692,523.190995,-156.957001,366.234009,0.0,,,366.233994,0.0,366.234009,0.0,,366.234009,366.234009,,1637.975952,0.225,0.225,0.225,1637.975952,0.225,0.225,0.225,
06/30/1994,2204.030029,,-946.815979,,1257.21405,,-713.728027,,,,543.486023,-5.55,,12.253,,0.0,,-6.703,537.936023,-161.380997,376.554993,0.0,,,376.555026,0.0,376.554993,0.0,,376.554993,376.554993,,1629.015991,0.23,0.23,0.23,1629.015991,0.23,0.23,0.23,
09/30/1994,2254.816895,,-1015.830994,,1238.985901,,-754.958008,,,,484.028015,17.89,,12.776,,0.0,,-30.666,501.918015,-150.576004,351.34201,0.0,,,351.342011,0.0,351.34201,0.0,,351.34201,351.34201,,1628.959961,0.215,0.215,0.215,1628.959961,0.215,0.215,0.215,
12/31/1994,2481.914062,,-1066.911987,,1415.002075,,-825.304016,,,,589.697998,13.946999,,13.197,,0.0,,-27.143999,603.644997,-181.093002,422.552002,0.0,,,422.551995,0.0,422.552002,0.0,,422.552002,422.552002,,1611.079956,0.265,0.265,0.265,1611.079956,0.265,0.265,0.265,
03/31/1995,2524.396973,,-1088.911011,,1435.485962,,-846.007019,,,,589.479004,2.371,,13.952,,,,-16.323,591.850004,-174.595993,417.253998,0.0,,,417.254011,0.0,417.253998,0.0,,417.253998,417.253998,,1602.524048,0.26,0.26,0.26,1602.524048,0.26,0.26,0.26,
06/30/1995,2500.310059,,-1086.022949,,1414.287109,,-819.637024,,,,594.650024,6.811001,,17.851999,,0.0,,-24.663,601.461025,-177.431,424.029999,0.0,,,424.030025,0.0,424.029999,0.0,,424.029999,424.029999,,1594.458008,0.265,0.265,0.265,1594.458008,0.265,0.265,0.265,
09/30/1995,2390.75293,,-1070.253052,,1320.499878,,-777.583008,,,,542.916992,-1.000999,,18.42,,0.0,,-17.419001,541.915993,-159.865005,382.050995,0.0,,,382.050987,0.0,382.050995,0.0,,382.050995,382.050995,,1586.77002,0.24,0.24,0.24,1586.77002,0.24,0.24,0.24,
12/31/1995,2596.733887,,-1080.618042,,1516.115845,,-860.257996,,,,655.857971,4.233999,,19.308001,,0.0,,-23.542,660.09197,-194.727005,465.36499,0.0,,,465.364965,0.0,465.36499,0.0,,465.36499,465.36499,,1579.317994,0.295,0.295,0.295,1579.317994,0.295,0.295,0.295,
03/31/1996,2672.177002,,-1156.217041,,1515.959961,,-840.961975,,,,674.997986,6.007,,17.607,,,,-23.614,681.004986,-200.895996,480.109009,0.0,,,480.10899,0.0,480.109009,0.0,,480.109009,480.109009,,1571.671997,0.305,0.305,0.305,1590.0,0.3,0.3,0.3,
06/30/1996,2699.23999,,-1143.947021,,1555.292969,,-903.711975,,,,651.580994,15.686001,,22.228001,,,,-37.914001,667.266994,-196.843994,470.423004,0.0,,,470.423,0.0,470.423004,0.0,,470.423004,470.423004,,1566.807983,0.3,0.3,0.3,1582.0,0.3,0.3,0.3,
09/30/1996,2646.194092,,-1177.246948,,1468.947144,,-894.239014,,,,574.708008,22.295002,,28.195,,,,-50.490002,597.00301,-176.115997,420.886993,0.0,,,420.887012,0.0,420.886993,0.0,,420.886993,420.886993,,1559.329956,0.27,0.27,0.27,1578.0,0.265,0.265,0.265,
12/31/1996,2995.849121,,-1254.587036,,1741.262085,,-1025.488037,,,,715.773987,8.500999,,27.415001,,,,-35.916,724.274986,-213.660995,510.614014,0.0,,,510.613991,0.0,510.614014,0.0,,510.614014,510.614014,,1552.384034,0.33,0.33,0.33,1570.0,0.325,0.325,0.325,
03/31/1997,2999.813965,,-1327.331055,,1672.48291,,-936.669983,,,,735.812988,22.804996,,32.754002,,,,-55.558998,758.617985,-223.792007,534.825989,0.0,,,534.825977,0.0,534.825989,0.0,,534.825989,534.825989,,1547.965942,0.345,0.345,0.345,1569.245972,0.34,0.34,0.34,
06/30/1997,2900.407959,,-1217.042969,,1683.36499,,-971.153015,,,,712.211975,27.545998,,31.388,,,,-58.933998,739.757973,-218.229004,521.528992,0.0,,,521.528969,0.0,521.528992,0.0,,521.528992,521.528992,,1544.458008,0.34,0.34,0.34,1567.66394,0.3325,0.3325,0.3325,
09/30/1997,2865.184082,,-1241.842041,,1623.342041,,-1001.859009,,,,621.482971,31.976998,,33.470001,,,,-65.446999,653.459969,-182.011002,471.449005,0.0,,,471.448967,0.0,471.449005,0.0,,471.449005,471.449005,,1536.67395,0.307,0.307,0.307,1558.78003,0.3,0.3,0.3,
12/31/1997,3118.055908,,-1259.462036,,1858.593872,,-1077.676025,,,,780.91803,8.144001,,36.938,,,,-45.082001,789.062031,-231.451996,566.65802,0.0,,,557.610035,0.0,566.65802,0.0,,566.65802,566.65802,,1529.79602,0.37,0.37,0.37,1552.0,0.365,0.365,0.365,
03/31/1998,3044.913,,-1279.973,,1764.94,0.0,-962.051,682.175,,279.876,802.889,15.99,25.046,37.96,-12.914,7.401,-50.348,1.911,818.879,-229.286,589.593,0.0,,,589.593,0.0,589.593,0.0,0.0,589.593,589.593,,1528.009,0.39,0.39,0.39,1549.091,0.38,0.38,0.38,
06/30/1998,3075.100098,,-1301.0,,1774.100098,,-989.294006,,,,779.689026,,,,,,,,,,585.900024,0.0,,,,0.0,585.900024,0.0,,585.900024,585.900024,,1524.78894,0.38,0.38,0.38,1546.098999,0.38,0.38,0.38,
09/30/1998,3044.899902,,-1378.300049,,1666.599853,,-957.280029,,,,703.47699,,,,,,,,,,532.5,0.0,,,,0.0,532.5,0.0,,532.5,532.5,,1520.91394,0.35,0.35,0.35,1544.680054,0.34,0.34,0.34,
12/31/1998,3341.976,,-1445.022,,1896.954,,-1063.665,,,,833.289,-2.17399,24.19399,40.59799,-16.404,10.583,,-32.603,831.11501,-243.671,628.042,0.0,,,587.44401,0.0,628.042,0.0,,628.042,628.042,,1531.651,0.41,0.41,0.41,1558.434,0.4,0.4,0.4,
03/31/1999,3313.32,,-1453.016,,1860.304,,-954.977,,,,905.327,23.427,25.852,40.348,-14.496,20.559,,-69.838,928.754,-260.051,668.703,,,,668.703,,668.703,,,668.703,668.703,,1532.325,0.44,0.44,0.44,1557.431,0.43,0.43,0.43,
06/30/1999,3259.211,,-1415.188,,1844.023,,-1011.567,,,,832.456,63.343,21.716,36.492,-14.776,-2.078,,-82.981,895.799,-250.824,644.975,,,,644.975,,644.975,,,644.975,644.975,,1535.397,0.42,0.42,0.42,1558.701,0.41,0.41,0.41,
09/30/1999,3137.158,,-1590.156,,1547.002,0.0,-968.533,689.822,,278.711,578.469,71.641,19.154,35.002,-15.848,3.441,-109.925,15.689,650.11,-182.031,468.079,,,,468.079,,468.079,,0.0,468.079,468.079,,1536.637,0.3,0.3,0.3,1556.463,0.3,0.3,0.3,
12/31/1999,3467.91,,-1518.779,,1949.131,,-1115.99,,,,833.141,89.086,29.801,48.695,-18.894,4.316,,-123.203,922.227,-258.225,664.002,0.0,,,664.002,0.0,664.002,0.0,,664.002,664.002,,1542.004,0.43,0.43,0.43,1557.343,0.43,0.43,0.43,
03/31/2000,3353.178,,-1496.447,,1856.731,0.0,-1051.671,730.304,,321.367,805.06,144.196,12.034,32.215,-20.181,0.841,-118.914,-38.157,949.256,-256.299,692.957,0.0,,,692.957,0.0,692.957,0.0,0.0,692.957,692.957,,1548.066,0.45,0.45,0.45,1559.555,0.44,0.44,0.44,
06/30/2000,3370.153,,-1530.254,,1839.899,,-1090.535,,,,749.364,189.269,11.09,33.018,-21.928,1.439,,-201.798,938.633,-253.431,685.202,,,,685.202,,685.202,,,685.202,685.202,,1549.864,0.44,0.44,0.44,1566.373,0.44,0.44,0.44,
09/30/2000,3317.895,,-1515.505,,1802.39,0.0,-1017.668,699.285,,318.383,784.722,111.743,0.879,25.045,-24.166,1.045,-136.708,23.041,896.465,-242.046,654.419,,,,654.419,,654.419,,0.0,654.419,654.419,,1548.221,0.42,0.42,0.42,1566.748,0.42,0.42,0.42,
12/31/2000,3704.694,,-1696.44,,2008.254,,-1085.328,,,,922.926,109.131,47.826,47.826,,3.962,,-160.919,1032.057,-278.654,753.403,0.0,,,753.403,0.0,753.403,0.0,,753.403,753.403,,1546.27,0.49,0.49,0.49,1569.999,0.48,0.48,0.48,
03/31/2001,3559.88,,-1643.318,,1916.562,,-1065.293,,,,851.269,-1239.953,,51.046,-24.325,9.07,,1204.162,-388.684,165.071,-223.613,0.0,,,-223.613,0.0,-223.613,0.0,0.0,-223.613,-223.613,,1547.072,-0.14,-0.14,0.47,1547.072,-0.14,-0.14,0.47,
06/30/2001,4099.119,,-1983.064,,2116.055,,-1345.543,,,,770.512,-107.597,68.471,90.175,-21.704,9.651,,29.475,662.915,-133.867,529.048,,,,529.048,,529.048,,,529.048,529.048,,1549.547,0.34,0.34,0.34,1569.141,0.34,0.34,0.34,
09/30/2001,4181.185,,-2040.899,,2140.286,,-1395.652,,,,744.634,69.519,74.973,92.436,-17.463,15.506,,-159.998,814.153,-182.753,631.4,,,,631.4,,631.4,,,631.4,631.4,,1551.677,0.41,0.41,0.41,1572.054,0.4,0.4,0.4,
12/31/2001,4445.066,,-2081.101,,2363.965,,-1505.944,,,,858.021,-63.253,31.184,40.269,-9.085,-2.876,,34.945,794.768,-181.209,613.559,0.0,,,613.559,0.0,613.559,0.0,0.0,613.559,613.559,,1575.628,0.39,0.39,0.52,1575.628,0.39,0.39,0.52,
03/31/2002,4189.289,,-1896.077,,2293.212,,-1248.367,,,,1044.845,86.652,52.886,62.941,-10.055,24.723,,-164.261,1131.497,-277.217,854.28,,,,854.28,,854.28,,,854.28,854.28,,1557.723,0.55,0.55,0.55,1579.398,0.54,0.54,0.54,
06/30/2002,4314.889,,-2166.59,,2148.299,,-1357.5,,,,790.799,-6.342,52.221,60.192,-7.971,18.369,,-64.248,784.457,-192.192,592.265,,,,592.265,,592.265,,,592.265,592.265,,1561.58,0.38,0.38,0.38,1573.96,0.38,0.38,0.38,
09/30/2002,4341.236,,-2067.494,,2273.742,,-1360.343,967.218,,393.125,913.399,40.311,52.757,61.16,-8.403,28.9,-171.586,49.618,953.71,-233.659,720.051,,,,720.051,,720.051,,0.0,720.051,720.051,,1562.332,0.46,0.46,0.46,1568.951,0.46,0.46,0.46,
12/31/2002,4839.249,,-2376.093,,2463.156,,-1574.358,,,,888.798,-85.049,55.208,62.623,-7.415,2.634,,27.207,803.749,-176.642,627.107,0.0,,,627.107,0.0,627.107,0.0,0.0,627.107,627.107,,1571.469,0.4,0.4,0.55,1571.469,0.4,0.4,0.55,
03/31/2003,4580.463,,-2197.741,,2382.722,,-1402.232,,,,980.49,73.433,37.29,48.181,-10.891,35.196,,-145.919,1053.923,-252.942,800.981,0.0,,,800.981,0.0,800.981,0.0,0.0,800.981,800.981,,1562.492,0.51,0.51,0.51,1568.097,0.51,0.51,0.51,
06/30/2003,4723.635,,-2270.855,,2452.78,,-2088.639,,,,364.141,53.092,38.384,48.005,-9.621,9.064,,-100.54,417.233,-170.59,246.643,0.0,,,246.643,0.0,246.643,0.0,0.0,246.643,246.643,,1561.681,0.16,0.16,0.52,1572.31,0.16,0.16,0.52,
09/30/2003,4247.855,,-1928.796,,2319.059,,-1437.044,,,,882.015,46.919,36.266,47.219,-10.953,5.636,,-88.821,928.934,-231.459,697.475,-63.742,,,761.217,,761.217,,,761.217,761.217,,1562.898,0.49,0.45,0.45,1572.105,0.48,0.44,0.44,
12/31/2003,5530.582,,-2570.013,,2960.569,,-1751.707,,,,1208.862,33.758,34.225,44.768,-10.543,5.465,,-73.448,1242.62,-298.228,944.392,0.0,,,944.392,0.0,944.392,0.0,0.0,944.392,944.392,,1574.575,0.6,0.6,0.65,1574.575,0.6,0.6,0.65,
03/31/2004,5216.053,,-2480.281,,2735.772,,-1643.706,,,,1092.066,17.318,35.345,45.032,-9.687,4.456,,-57.119,1109.384,-286.475,822.909,,,,822.909,,822.909,,,822.909,822.909,,1562.45,0.53,0.53,0.53,1572.119,0.52,0.52,0.52,
06/30/2004,4703.049,,-2068.722,,2634.327,,-1673.863,,,,960.464,-84.792,34.896,48.329,-13.433,16.149,,33.747,875.672,-240.794,634.878,0.62,,,634.258,,634.258,,,634.258,634.258,,1560.479,0.41,0.41,0.41,1570.486,0.4,0.4,0.4,
09/30/2004,4681.669,,-2114.919,,2566.75,,-1536.114,,,,1030.636,35.422,36.706,49.891,-13.185,3.915,,-76.043,1066.058,-261.979,804.079,,,,804.079,,804.079,,,804.079,804.079,,1559.98,0.52,0.52,0.52,1569.003,0.51,0.51,0.51,
12/31/2004,5654.443,,-2627.094,,3027.349,,-1851.163,,,,1176.186,-20.542,,56.954,-14.814,4.518,,-26.116,1155.644,-181.039,974.605,0.0,,,974.605,0.0,974.605,0.0,0.0,974.605,974.605,,1569.975,0.62,0.62,0.67,1569.975,0.62,0.62,0.67,
03/31/2005,5382.679,,-2497.531,,2885.148,,-1718.277,1287.621,,430.656,1166.871,10.985,42.27,57.315,-15.045,-3.046,-82.845,32.636,1177.856,-339.968,837.888,0.0,,,837.888,0.0,837.888,0.0,0.0,837.888,837.888,,1556.232,0.54,0.54,0.59,1569.505,0.53,0.53,0.58,
06/30/2005,5523.8,,-2631.835,,2891.965,,-1797.05,1351.792,,445.258,1094.915,51.555,43.244,59.99,-16.746,9.568,-107.153,2.786,1146.47,-269.418,877.052,0.0,,,877.052,0.0,877.052,0.0,0.0,877.052,877.052,,1552.823,0.56,0.56,0.58,1568.906,0.56,0.56,0.58,
09/30/2005,5383.995,,-2511.188,,2872.807,,-1748.996,1410.127,,338.869,1123.811,-228.141,40.36,62.251,-21.891,8.013,-115.644,295.412,895.67,-214.961,680.709,,,,680.709,,680.709,,0.0,680.709,680.709,,1552.397,0.44,0.44,0.58,1563.526,0.44,0.44,0.58,
12/31/2005,6047.334,,-2758.557,,3288.777,,-1838.975,,,,1449.802,-49.878,27.788,27.788,-34.011,7.269,,48.832,1399.924,-423.508,976.416,0.0,,,976.416,0.0,976.416,0.0,0.0,976.416,976.416,,1554.211,0.63,0.63,0.76,1554.211,0.63,0.63,0.76,
03/31/2006,4580.465,,-1759.583,,2820.882,,-1778.121,1339.542,,438.579,1042.761,70.608,34.948,72.789,-37.841,-0.61,-101.311,-3.635,1113.369,-264.809,848.56,-16.323,,,864.883,0.0,864.883,0.0,0.0,864.883,864.883,,1529.862,0.57,0.56,0.57,1537.695,0.56,0.55,0.56,
06/30/2006,5501.124,,-2316.613,,3184.511,,-2039.734,1520.397,,519.337,1144.777,-487.641,81.683,110.663,-28.98,8.017,-134.503,532.444,657.136,-44.892,612.244,0.0,,,612.244,0.0,612.244,0.0,0.0,612.244,612.244,,1524.589,0.4,0.4,0.62,1531.637,0.4,0.4,0.62,
09/30/2006,5573.77,,-2305.218,,3268.552,,-2115.386,1661.761,,453.625,1153.166,-426.849,86.884,115.984,-29.1,10.231,-121.469,451.203,726.317,-10.475,715.842,0.0,,,715.842,0.0,715.842,0.0,0.0,715.842,715.842,,1529.367,0.47,0.47,0.59,1541.988,0.46,0.46,0.58,
12/31/2006,6217.969,,-2537.612,,3680.357,0.0,-2205.279,1703.112,,502.167,1475.078,-1717.178,89.261,116.554,-27.293,10.803,-118.528,1735.642,-242.1,-234.114,-476.214,0.0,,,-476.214,0.0,-476.214,0.0,0.0,-476.214,-476.214,,1536.174194,-0.31,-0.31,0.425414,1536.174194,-0.31,-0.31,0.425414,
03/31/2007,5945.561,,-2592.011,,3353.55,,-2405.925,1786.869,,619.056,947.625,-106.96,124.205,147.542,-23.337,4.851,-146.632,124.536,840.665,-143.128,697.537,,,,697.537,0.0,697.537,0.0,0.0,697.537,697.537,,1540.315,0.45,0.45,0.57,1558.234,0.45,0.45,0.57,
06/30/2007,6370.62,,-2804.326,,3566.294,,-2379.93,1796.456,,583.474,1186.364,66.274,124.816,153.349,-28.533,6.248,-115.726,-81.612,1252.638,-263.894,988.744,0.0,,,988.744,0.0,988.744,0.0,0.0,988.744,988.744,,1541.717,0.64,0.64,0.64,1560.667,0.63,0.63,0.63,
09/30/2007,6376.706,,-2864.03,,3512.676,,-2586.122,1945.404,,640.718,926.554,-33.135,106.224,146.657,-40.433,4.959,-114.084,36.036,893.419,-176.414,717.005,0.0,,,717.005,0.0,717.005,0.0,0.0,717.005,717.005,,1543.544,0.46,0.46,0.67,1557.758,0.46,0.46,0.67,
12/31/2007,7221.351,,-3161.68,,4059.671,,-2541.67,1879.269,,662.401,1518.001,-35.076,101.145,146.036,-44.891,-1.061,-121.574,56.566,1482.925,-279.898,1203.027,0.0,,,1203.027,0.0,1203.027,0.0,0.0,1203.027,1203.027,162.5,1562.664,0.77,0.77,0.8739,1562.664,0.77,0.77,0.8739,
03/31/2008,6765.603,,-2926.072,,3839.531,,-2619.99,2018.033,,601.957,1219.541,-58.815,93.178,142.534,-49.356,6.221,-101.942,61.358,1160.726,-222.859,937.867,0.0,,,937.867,0.0,937.867,0.0,0.0,937.867,937.867,,1544.022,0.61,0.61,0.64,1560.567,0.6,0.6,0.63,
06/30/2008,7314.021,,-3042.7,,4271.321,,-2671.18,2052.317,,618.863,1600.141,36.177,83.321,137.769,-54.448,14.472,-17.055,-116.915,1636.318,-314.304,1322.014,0.0,,,1322.014,0.0,1322.014,0.0,0.0,1322.014,1322.014,,1539.786,0.86,0.86,0.85,1553.395,0.85,0.85,0.84,
09/30/2008,7497.66,,-3187.869,,4309.791,,-2722.274,2067.914,,654.36,1587.517,-214.481,69.701,125.014,-55.313,17.156,,127.624,1373.036,-288.424,1084.612,0.0,,,1084.612,0.0,1084.612,0.0,0.0,1084.612,1084.612,14.3,1545.639,0.7,0.7,0.71,1563.73,0.69,0.69,0.7,
12/31/2008,7950.268,,-3109.381,,4840.887,,-2770.991,2297.36,,473.631,2069.896,-383.69,162.09,204.202,-42.112,46.395,,175.205,1686.206,-296.483,1389.723,-146.503,,,1536.226,0.0,1536.226,0.0,0.0,1536.226,1536.226,,1564.235,0.98,0.89,1.07,1564.235,0.98,0.89,1.06,
03/31/2009,6718.368,6718.368,-2935.921,2935.921,3782.447,0.0,-2721.688,2070.945,650.743,0.0,1060.759,871.72,88.146,124.19,-36.044,14.434,,-974.3,1932.479,-493.842,1438.637,0.0,0.0,0.0,1438.637,,1438.637,0.0,0.0,1438.637,1141.637,-297.0,1545.767,0.93,0.93,0.738557,1556.385,0.92,0.92,0.729173,
06/30/2009,7494.876,7494.876,-3128.998,3128.998,4365.878,0.0,-2694.458,2024.252,670.206,0.0,1671.42,-104.382,103.092,136.969,-33.877,14.394,,-13.104,1567.038,-278.933,1288.105,0.0,0.0,0.0,1288.105,,1288.105,0.0,0.0,1288.105,1388.105,100.0,1545.643,0.83,0.83,0.898076,1550.564,0.83,0.83,0.894493,
09/30/2009,7761.336,7761.336,-3360.187,3360.187,4401.149,0.0,-2761.396,2085.66,675.736,0.0,1639.753,231.622,96.199,134.612,-38.413,0.006,,-327.827,1871.375,-391.008,1480.367,0.0,0.0,0.0,1480.367,,1480.367,0.0,0.0,1480.367,1429.367,-51.0,1546.291,0.95,0.95,0.924384,1552.483,0.95,0.95,0.917149,
12/31/2009,8790.0,8790.0,-3784.0,3784.0,5006.0,0.0,-3142.0,2225.0,747.0,170.0,1864.0,-41.0,94.0,123.885,-29.885,7.0,,-60.0,1823.0,-284.0,1539.0,0.0,0.0,0.0,1539.0,,1539.0,0.0,0.0,1539.0,1808.0,269.0,1560.0,0.98,0.98,1.158974,1560.0,0.98,0.98,1.152436,
03/31/2010,7698.354,7698.354,-3335.104,3335.104,4363.25,0.0,-2892.767,2162.4,730.367,0.0,1470.483,-148.276,88.67,118.201,-29.531,70.019,,-10.413,1322.207,-319.192,1003.015,0.0,0.0,0.0,1003.015,,1003.015,0.0,0.0,1003.015,1267.015,264.0,1547.815,0.65,0.65,0.818583,1561.323,0.64,0.64,0.809087,
06/30/2010,8826.014,8826.014,-3543.932,3543.932,5282.082,0.0,-3676.116,2743.418,857.698,75.0,1605.966,-47.279,96.316,134.488,-38.172,-40.883,,-8.154,1558.687,-267.037,1291.65,0.0,0.0,0.0,1291.65,,1291.65,0.0,0.0,1291.65,1532.15,240.5,1544.415,0.83,0.83,0.992058,1551.782,0.83,0.83,0.984983,
09/30/2010,8674.505,8674.505,-3741.116,3741.116,4933.389,0.0,-3752.204,2673.277,1078.927,0.0,1181.185,-117.075,133.512,149.102,-15.59,-20.956,,4.519,1064.11,-173.45,890.66,0.0,0.0,0.0,890.66,,890.66,0.0,0.0,890.66,1631.66,741.0,1545.413,0.58,0.58,1.055808,1554.052,0.57,0.57,1.046818,
12/31/2010,9968.0,9968.0,-4045.0,4045.0,5923.0,0.0,-4093.0,2797.0,1058.0,238.0,1830.0,-62.0,129.0,151.344,-22.344,-19.0,,-48.0,1768.0,-327.0,1441.0,0.0,0.0,0.0,1441.0,,1441.0,0.0,0.0,1441.0,2025.0,584.0,1556.0,0.93,0.93,1.301414,1556.0,0.92,0.92,1.295321,
03/31/2011,9040.85,9040.85,-3858.983,3858.983,5181.867,0.0,-3880.718,2850.318,930.4,100.0,1301.149,-232.363,123.871,145.587,-21.716,-32.366,,140.858,1068.786,-204.968,863.818,0.0,0.0,0.0,863.818,,863.818,0.0,0.0,863.818,1418.818,555.0,1551.755,0.56,0.56,0.914331,1558.641,0.55,0.55,0.906079,
06/30/2011,9616.291,9616.291,-3870.472,3870.472,5745.819,0.0,-3972.366,2762.086,1037.78,172.5,1773.453,-98.897,115.261,134.129,-18.868,-10.796,,-5.568,1674.556,268.226,1942.782,0.0,0.0,0.0,1942.782,,1942.782,0.0,0.0,1942.782,1767.782,-175.0,1556.869,1.24,1.24,1.135473,1566.103,1.23,1.23,1.118258,
09/30/2011,9816.665,9816.665,-3973.25,3973.25,5843.415,0.0,-5248.537,4238.91,1009.627,0.0,594.878,-93.283,103.523,124.339,-20.816,-5.018,,-5.222,501.595,-198.414,303.181,0.0,0.0,0.0,303.181,,303.181,0.0,0.0,303.181,1850.181,1547.0,1558.556,0.19,0.19,1.187112,1568.287,0.19,0.19,1.176427,
12/31/2011,10377.0,10377.0,-3838.0,3838.0,6539.0,0.0,-4457.0,2905.0,1152.0,400.0,2082.0,-128.0,102.0,126.086,-24.086,-2.0,,28.0,1954.0,-335.0,1619.0,0.0,0.0,0.0,1619.0,,1619.0,0.0,0.0,1619.0,2295.0,676.0,1577.0,1.02,1.02,1.455295,1577.0,1.02,1.02,1.448662,
03/31/2012,5283.685,5283.685,-2359.164,2359.164,2924.521,0.0,-2415.336,1842.032,363.714,209.59,509.185,-45.809,65.814,82.08,-16.266,14.906,,-34.911,463.376,-112.161,351.215,-890.909,-890.909,0.0,1242.124,,1242.124,0.0,0.0,1242.124,359.015,7.8,1573.921,0.789191,0.223147,0.228102,1589.51,0.781451,0.220958,0.225865,
06/30/2012,5313.297,5313.297,-2370.056,2370.056,2943.241,0.0,-2379.051,1813.623,370.605,194.823,564.19,-34.686,64.399,83.288,-18.889,-24.536,,-5.177,529.504,-118.663,410.841,-1313.771,-1313.771,0.0,1724.612,,1724.612,0.0,0.0,1724.612,651.841,241.0,1572.099,1.09,0.26,0.414631,1588.502,1.08,0.25295,0.404665,
09/30/2012,5264.787,5264.787,-2488.913,2488.913,2775.874,0.0,-2465.857,1920.115,350.653,195.089,310.017,-78.706,88.169,152.034,-63.865,-12.14,,2.677,231.311,107.61,338.921,-1603.885,-1603.885,0.0,1942.806,,1942.806,0.0,0.0,1942.806,479.921,141.0,1576.771,1.22,0.214946,0.304369,1594.279,1.21,0.203975,0.292416,
12/31/2012,5632.0,5632.0,-2599.0,2599.0,3033.0,0.0,-2524.0,1868.0,460.0,196.0,509.0,-1429.0,71.0,,,-2.0,0.0,1360.0,-920.0,398.0,-522.0,-1575.0,-1575.0,0.0,1053.0,,1053.0,0.0,0.0,1053.0,523.85,1045.85,1596.0,0.66,-0.33,0.328227,1596.0,0.66,-0.33,0.325294,
03/31/2013,5378.0,5378.0,-2432.0,2432.0,2946.0,0.0,-2331.0,1786.0,346.0,199.0,615.0,-61.0,26.0,41.0,-15.0,29.0,,6.0,554.0,-10.0,544.0,0.0,0.0,0.0,544.0,,544.0,0.0,0.0,544.0,506.0,-38.0,1568.73,0.35,0.35,0.322554,1586.018,0.34,0.34,0.316041,
06/30/2013,5446.0,5446.0,-2545.0,2545.0,2901.0,0.0,-2274.0,1714.0,363.0,197.0,627.0,-26.0,23.0,40.0,-17.0,11.0,,-8.0,601.0,-125.0,476.0,0.0,0.0,0.0,476.0,,476.0,0.0,0.0,476.0,553.35,77.35,1560.519,0.3,0.3,0.354594,1576.684,0.3,0.3,0.349059,
09/30/2013,4825.0,4825.0,-2255.0,2255.0,2570.0,0.0,-2097.0,1612.0,339.0,146.0,473.0,8.0,21.0,37.0,-16.0,-2.0,,-27.0,481.0,163.0,644.0,-322.0,-322.0,0.0,966.0,,966.0,0.0,0.0,966.0,505.15,-138.85,1551.803,0.62,0.41,0.325525,1566.691,0.61,0.41,0.321374,
12/31/2013,5072.0,5072.0,-2374.0,2374.0,2698.0,0.0,-2071.0,1561.0,363.0,147.0,627.0,-21.0,14.0,33.0,-19.0,10.0,,-3.0,606.0,-123.0,483.0,-106.0,-106.0,0.0,589.0,,589.0,0.0,0.0,589.0,599.35,116.35,1550.0,0.38,0.311613,0.386677,1567.0,0.37,0.31,0.38425,
03/31/2014,4755.0,4755.0,-2274.0,2274.0,2481.0,0.0,-2116.0,1620.0,369.0,127.0,365.0,-24.0,20.0,36.0,-16.0,1.0,,3.0,341.0,-117.0,224.0,-151.0,-151.0,0.0,375.0,,375.0,0.0,0.0,375.0,250.0,26.0,1532.81,0.24,0.14,0.163099,1547.691,0.24,0.14,0.156799,
06/30/2014,5057.0,5057.0,-2288.0,2288.0,2769.0,0.0,-2092.0,1649.0,310.0,133.0,677.0,-19.0,17.0,36.0,-19.0,0.0,,2.0,658.0,-233.0,425.0,-41.0,-41.0,0.0,466.0,,466.0,0.0,0.0,466.0,506.25,81.25,1506.595,0.31,0.28,0.336023,1517.046,0.3,0.28,0.333558,
09/30/2014,5079.0,5079.0,-2319.0,2319.0,2760.0,0.0,-2032.0,1595.0,305.0,132.0,728.0,-13.0,17.0,35.0,-18.0,-1.0,,-3.0,715.0,-277.0,438.0,-100.0,-100.0,0.0,538.0,,538.0,0.0,0.0,538.0,699.45,261.45,1508.596,0.36,0.29,0.463643,1519.78,0.36,0.29,0.462031,
12/31/2014,5356.0,5356.0,-2337.0,2337.0,3019.0,0.0,-2190.0,1666.0,361.0,163.0,829.0,-25.0,19.0,43.0,-24.0,-24.0,,30.0,804.0,-170.0,634.0,-271.0,-271.0,0.0,905.0,,905.0,0.0,0.0,905.0,792.35,158.35,1522.0,0.59,0.41,0.520598,1522.0,0.59,0.41,0.514041,
03/31/2015,4897.0,4897.0,-2081.0,2081.0,2816.0,0.0,-2206.0,1737.0,313.0,156.0,610.0,43.0,16.0,37.0,-21.0,-54.0,,-5.0,653.0,-124.0,529.0,-1763.0,-1763.0,0.0,2292.0,,2292.0,0.0,0.0,2292.0,579.7,50.7,1504.995,1.52,0.35,0.385184,1515.537,1.51,0.35,0.383453,
06/30/2015,5170.0,5170.0,-2218.0,2218.0,2952.0,0.0,-2223.0,1727.0,345.0,151.0,729.0,257.0,17.0,44.0,-27.0,5.0,,-279.0,986.0,-200.0,786.0,2.0,2.0,0.0,784.0,,784.0,0.0,0.0,784.0,772.8,-13.2,1493.771,0.52,0.52,0.517348,1504.215,0.52,0.52,0.511225,
09/30/2015,5150.0,5150.0,-2242.0,2242.0,2908.0,0.0,-2195.0,1666.0,378.0,151.0,713.0,1.0,16.0,41.0,-25.0,-14.0,,-3.0,714.0,-118.0,596.0,16.0,16.0,0.0,580.0,,580.0,0.0,0.0,580.0,740.3,144.3,1495.465,0.39,0.4,0.49503,1505.167,0.38,0.39,0.48587,
12/31/2015,5188.0,5188.0,-2206.0,2206.0,2982.0,0.0,-2167.0,1655.0,369.0,143.0,815.0,15.0,9.0,41.0,-32.0,-30.0,,6.0,830.0,-135.0,695.0,-72.0,-72.0,0.0,767.0,,767.0,0.0,0.0,767.0,800.3,105.3,1498.0,0.51,0.463952,0.534246,1498.0,0.51,0.46,0.530294,
03/31/2016,4885.0,4885.0,-2140.0,2140.0,2745.0,0.0,-2221.0,1698.0,379.0,144.0,524.0,-522.0,25.0,58.0,-33.0,478.0,,19.0,2.0,54.0,56.0,-260.0,-260.0,0.0,316.0,,316.0,0.0,0.0,316.0,12.2,-43.8,1477.332,0.21,0.04,0.008258,1483.673,0.21,0.04,0.008258,
06/30/2016,5333.0,5333.0,-2287.0,2287.0,3046.0,0.0,-2230.0,1737.0,348.0,145.0,816.0,-101.0,83.0,103.0,-20.0,10.0,,8.0,715.0,-116.0,599.0,-16.0,-16.0,0.0,615.0,,615.0,0.0,0.0,615.0,752.565724,153.565724,1474.504,0.41,0.4,0.510386,1480.492,0.41,0.4,0.503726,
09/30/2016,5302.0,5302.0,-2285.0,2285.0,3017.0,0.0,-2120.0,1628.0,352.0,140.0,897.0,-1076.0,95.0,117.0,-22.0,9.0,,972.0,-179.0,-178.0,-357.0,-28.0,-28.0,0.0,-329.0,,-329.0,0.0,0.0,-329.0,636.734177,993.734177,1476.366,-0.22,-0.24,0.431285,1476.366,-0.22,-0.24,0.431285,
12/31/2016,5333.0,5333.0,-2312.0,2312.0,3021.0,0.0,-2073.0,1609.0,343.0,121.0,948.0,-73.0,129.0,153.0,-24.0,-2.0,,-54.0,875.0,-110.0,765.0,-33.0,-33.0,0.0,798.0,,798.0,0.0,0.0,798.0,910.6,145.6,1483.0,0.54,0.515846,0.614026,1483.0,0.53,0.51,0.608179,
03/31/2017,6335.0,6335.0,-3062.0,3062.0,3273.0,0.0,-3515.0,2440.0,553.0,522.0,-242.0,978.0,204.0,226.0,-22.0,-16.0,,-1166.0,736.0,-350.0,386.0,-33.0,-33.0,0.0,419.0,,419.0,0.0,0.0,419.0,890.585036,504.585036,1727.356,0.24,0.22,0.515577,1735.195,0.24,0.22,0.510794,
06/30/2017,6637.0,6637.0,-3189.0,3189.0,3448.0,0.0,-3062.0,2150.0,520.0,392.0,386.0,-91.0,183.0,214.0,-31.0,-12.0,,-80.0,295.0,-25.0,270.0,-13.0,-13.0,0.0,283.0,,283.0,0.0,0.0,283.0,1014.066798,744.066798,1740.524,0.16,0.15,0.582622,1748.883,0.16,0.15,0.575453,
09/30/2017,6829.0,6829.0,-2876.0,2876.0,3953.0,0.0,-3184.0,2115.0,568.0,501.0,769.0,-143.0,182.0,218.0,-36.0,-6.0,,-33.0,626.0,-65.0,561.0,-42.0,-42.0,0.0,603.0,,603.0,0.0,0.0,603.0,764.451316,203.451316,1743.757,0.34,0.32,0.438393,1754.156,0.34,0.32,0.435982,
12/31/2017,7589.0,7589.0,-3263.0,3263.0,4326.0,0.0,-3635.0,2462.0,613.0,560.0,691.0,-117.0,211.0,246.0,-35.0,0.0,,-94.0,574.0,-1438.0,-864.0,-36.0,-36.0,0.0,-828.0,,-828.0,0.0,0.0,-828.0,914.419878,1778.419878,1746.0,-0.48,-0.494845,0.523723,1746.0,-0.48,-0.494845,0.523723,
03/31/2018,7390.0,7390.0,-3067.0,3067.0,4323.0,0.0,-3715.0,2542.0,589.0,584.0,608.0,-177.0,199.0,227.0,-28.0,-3.0,,-19.0,431.0,-22.0,409.0,-9.0,-9.0,0.0,418.0,,418.0,0.0,0.0,418.0,748.578658,339.578658,1753.412,0.24,0.23,0.426927,1777.144,0.23,0.23,0.421081,
06/30/2018,7767.0,7767.0,-3282.0,3282.0,4485.0,0.0,-3603.0,2466.0,575.0,562.0,882.0,-105.0,189.0,210.0,-21.0,-6.0,,-78.0,777.0,-59.0,718.0,-15.0,-15.0,0.0,733.0,,733.0,0.0,0.0,733.0,855.604336,137.604336,1757.836,0.42,0.41,0.486737,1768.95,0.41,0.4,0.477789,
09/30/2018,7656.0,7656.0,-3166.0,3166.0,4490.0,0.0,-3495.0,2377.0,574.0,544.0,995.0,-277.0,181.0,203.0,-22.0,11.0,,85.0,718.0,-166.0,552.0,-11.0,-11.0,0.0,563.0,,563.0,0.0,0.0,563.0,836.994125,284.994125,1759.585,0.32,0.31,0.475677,1771.68,0.32,0.31,0.470861,
12/31/2018,7765.0,7765.0,-3191.0,3191.0,4574.0,0.0,-3409.0,2359.0,562.0,488.0,1165.0,-218.0,152.0,186.0,-34.0,26.0,,40.0,947.0,-292.0,655.0,1.0,1.0,0.0,654.0,,654.0,0.0,0.0,654.0,918.54,263.54,1774.0,0.37,0.37,0.517779,1774.0,0.37,0.37,0.517779,
03/31/2019,7535.0,7535.0,-3160.0,3160.0,4375.0,0.0,-3636.0,2478.0,672.0,486.0,739.0,-107.0,148.0,171.0,-23.0,6.0,,-47.0,632.0,40.0,672.0,0.0,0.0,0.0,672.0,,672.0,0.0,0.0,672.0,810.794194,138.794194,1763.278,0.38,0.38,0.459822,1789.868,0.38,0.38,0.457544,
06/30/2019,7979.0,7979.0,-3279.0,3279.0,4700.0,0.0,-3494.0,2434.0,577.0,483.0,1206.0,-104.0,146.0,168.0,-22.0,-4.0,,-38.0,1102.0,-96.0,1006.0,0.0,0.0,0.0,1006.0,,1006.0,0.0,0.0,1006.0,1093.025168,87.025168,1768.904,0.57,0.57,0.617911,1781.417,0.56,0.56,0.608852,
09/30/2019,8076.0,8076.0,-3358.0,3358.0,4718.0,0.0,-3520.0,2440.0,596.0,484.0,1198.0,-95.0,143.0,167.0,-24.0,7.0,,-55.0,1103.0,-143.0,960.0,0.0,0.0,0.0,960.0,,960.0,0.0,0.0,960.0,1112.598802,152.598802,1771.521,0.54,0.54,0.628047,1784.167,0.53,0.53,0.615529,
12/31/2019,8314.0,8314.0,-3434.0,3434.0,4880.0,0.0,-3491.0,2413.0,595.0,483.0,1389.0,-149.0,139.0,164.0,-25.0,-2.0,,12.0,1240.0,-191.0,1049.0,0.0,0.0,0.0,1049.0,,1049.0,0.0,0.0,1049.0,1261.235408,212.235408,1781.0,0.59,0.59,0.708161,1781.0,0.59,0.59,0.708161,
03/31/2020,7726.0,7726.0,-3281.0,3281.0,4445.0,0.0,-3687.0,2548.0,578.0,561.0,758.0,-125.0,121.0,139.0,-18.0,5.0,,-1.0,633.0,-89.0,544.0,-20.0,-20.0,0.0,564.0,,564.0,0.0,0.0,564.0,676.428538,132.428538,1768.901,0.32,0.31,0.3824,1792.255,0.31,0.3,0.373889,
06/30/2020,7328.0,7328.0,-3263.0,3263.0,4065.0,0.0,-3393.0,2276.0,564.0,553.0,672.0,-146.0,125.0,134.0,-9.0,-1.0,,22.0,526.0,11.0,537.0,0.0,0.0,0.0,537.0,,537.0,0.0,0.0,537.0,566.111111,29.111111,1772.953,0.3,0.3,0.319304,1785.04,0.3,0.3,0.316308,
09/30/2020,8493.938,,,,4935.4026749,,,,,,1939.0,,,,,,,,1872.0,,1058.286,,,,,,1058.286,,,1058.286,1592.846,,,0.598,0.598,0.889,,0.598,0.598,0.889,
12/31/2020,9360.438,,,,5613.26745984,,,,,,2553.778,,,,,,,,2472.833,,1506.143,,,,,,1506.143,,,1506.143,2081.077,,,0.843,0.843,1.171,,0.843,0.843,1.171,
