Date,Revenue,Sales & Services Revenue,Other Revenue,Cost of Revenue,Cost of Goods & Services,Gross Profit,Other Operating Income,Operating Expenses,"Selling, General & Admin",General & Administrative,Research & Development,Depreciation & Amortization,Other Operating Expense,Operating Income (Loss),Non-Operating (Income) Loss,"Interest Expense, Net",Interest Expense,Interest Income,Foreign Exch (Gain) Loss,(Income) Loss from Affiliates,Other Non-Op (Income) Loss,Pretax Income,Income Tax Expense (Benefit),Current Income Tax,Deferred Income Tax,Tax Allowance/Credit,Income (Loss) from Cont Ops,Net Extraordinary Losses (Gains),Discontinued Operations,XO & Accounting Changes,Income (Loss) Incl. MI,Minority Interest,"Net Income, GAAP",Preferred Dividends,Other Adjustments,"Net Income Avail to Common, GAAP","Net Income Avail to Common, Adj",Net Abnormal Losses (Gains),Basic Weighted Avg Shares,"Basic EPS, GAAP",Basic EPS from Cont Ops,"Basic EPS from Cont Ops, Adjusted",Diluted Weighted Avg Shares,"Diluted EPS, GAAP",Diluted EPS from Cont Ops,"Diluted EPS from Cont Ops, Adjusted",Source: Bloomberg
03/31/1990,52.921001,,,-36.418999,,16.502003,,-3.676,,,,,,12.826,3.643,,3.572,,0.0,,-7.215,16.469,-3.775,,,,12.694,29.378,,,-16.684,0.0,-16.684,0.0,,-16.684,-16.684,,261.630005,-0.065,0.045,0.045,,,,,
06/30/1990,61.352001,,,-41.631001,,19.721001,,-3.744,,,,,,15.977,3.142,,2.739,,0.0,,-5.881,19.119,-5.211,,,,13.908,0.0,,,13.908,0.0,13.908,0.0,,13.908,13.908,,262.10199,0.055,0.055,0.055,,,,,
09/30/1990,65.436996,,,-41.200001,,24.236996,,-6.529,,,,,,17.708,2.924,,3.391,,0.0,,-6.315,20.632,-5.962,,,,14.67,0.0,,,14.67,0.0,14.67,0.0,,14.67,14.67,,263.359985,0.055,0.055,0.055,,,,,
12/31/1990,71.914001,,,-56.060001,,15.854,,-3.546,,,,,,12.308,6.47,,3.14,,0.0,,-9.61,18.778,-4.366,,,,14.412,0.0,,,14.412,0.0,14.412,0.0,,14.412,14.412,,267.799988,0.055,0.055,0.055,267.799988,0.055,0.055,0.055,
03/31/1991,72.999001,,,-52.619999,,20.379002,,-4.027,,,,,,16.351999,3.63,,3.272,,0.0,,-6.902,19.981999,-5.0,,,,14.982,0.0,,,14.981999,0.0,14.982,0.0,,14.982,14.982,,273.641998,0.055,0.055,0.055,,,,,
06/30/1991,90.212997,,,-58.667,,31.545998,,-3.898,,,,,,27.648001,1.542,,1.898,,0.0,,-3.44,29.190001,-5.26,,,,23.93,0.0,,,23.930001,0.0,23.93,0.0,,23.93,23.93,,274.34201,0.085,0.085,0.085,,,,,
09/30/1991,92.374001,,,-54.303001,,38.070999,,-4.02,,,,,,34.050999,2.122,,2.532,,0.0,,-4.654,36.172998,-7.911,,,,28.261999,0.0,,,28.261999,0.0,28.261999,0.0,,28.261999,28.261999,,274.544006,0.105,0.105,0.105,,,,,
12/31/1991,89.139,,,-59.043999,,30.095001,,-3.471,,,,,,26.624001,0.804,,1.541,,0.0,,-2.345,27.428001,-4.355,,,,23.073,0.0,,,23.073001,0.0,23.073,0.0,,23.073,23.073,,272.0,0.085,0.085,0.085,272.0,0.085,0.085,0.085,
03/31/1992,81.487999,,,-51.73,,29.757999,,-4.001,,,,,,25.757,3.643,,1.17,,0.0,,-4.813,29.4,-6.09,,,,23.309999,0.0,,,23.31,0.0,23.309999,0.0,,23.309999,23.309999,,285.134003,0.08,0.08,0.08,,,,,
06/30/1992,115.512001,,,-65.669998,,49.842003,,-3.875,,,,,,45.966999,0.965,,1.929,,0.0,,-2.894,46.931999,-10.044,,,,36.888,0.0,,,36.887999,0.0,36.888,0.0,,36.888,36.888,,284.846008,0.13,0.13,0.13,,,,,
09/30/1992,143.481995,,,-77.257004,,66.224991,,-3.674,,,,,,62.550999,0.688,,2.664,,0.0,,-3.352,63.238999,-13.104,,,,50.134998,0.0,,,50.134999,0.0,50.134998,0.0,,50.134998,50.134998,,285.716003,0.175,0.175,0.175,,,,,
12/31/1992,199.955002,,,-108.518997,,91.436005,,-7.001,,,,,,84.434998,-1.262,,3.533,,0.0,,-2.271,83.172998,-18.566,,,,64.607002,0.0,,,64.606998,0.0,64.607002,0.0,,64.607002,64.607002,,282.600006,0.23,0.23,0.23,282.600006,0.23,0.23,0.23,
03/31/1993,144.076004,,,-81.974998,,62.101006,,-5.485,,,,,,56.616001,1.554,,2.332,,0.0,,-3.886,58.170001,-12.105,,,,46.064999,0.0,,,46.065001,0.0,46.064999,0.0,,46.064999,46.064999,,284.0,0.16,0.16,0.16,,,,,
06/30/1993,175.201996,,,-97.852997,,77.348999,,-5.523,,,,,,71.825996,0.498,,2.693,,0.0,,-3.191,72.323996,-15.168,,,,57.155998,0.0,,,57.155996,0.0,57.155998,0.0,,57.155998,57.155998,,284.299988,0.2,0.2,0.2,,,,,
09/30/1993,178.084,,,-98.314003,,79.769997,,-5.72,,,,,,74.050003,0.167,,2.033,,0.0,,-2.2,74.217003,-15.874,,,,58.342999,0.0,,,58.343004,0.0,58.342999,0.0,,58.342999,58.342999,,284.0,0.21,0.209999,0.21,,,,,
12/31/1993,170.173004,,,-99.847,,70.326004,,-6.69,,,,,,63.636002,1.949,,1.841,,0.0,,-3.79,65.585002,-13.774,,,,51.811001,0.0,,,51.811002,0.0,51.811001,0.0,,51.811001,51.811001,,287.579987,0.18,0.18,0.18,287.579987,0.18,0.18,0.18,
03/31/1994,187.337006,,,-104.0,,83.337006,,-7.724,,,,,,75.612999,1.116,,1.358,,0.0,,-2.474,76.728999,-16.305,,,,60.424,0.0,,,60.423999,0.0,60.424,0.0,,60.424,60.424,,286.700012,0.21,0.21,0.21,,,,,
06/30/1994,207.419006,,,-121.584999,,85.834007,,-8.05,,,,,,77.783997,3.252,,1.17,,0.0,,-4.422,81.035997,-18.66,,,,62.375999,0.0,,,62.375997,0.0,62.375999,0.0,,62.375999,62.375999,,286.799988,0.22,0.22,0.22,,0.21,,,
09/30/1994,216.108994,,,-129.302994,,86.806,,-10.532,,,,,,76.274002,3.975,,2.762,,0.0,,-6.737,80.249002,-18.992001,,,,61.257,0.0,,,61.257001,0.0,61.257,0.0,,61.257,61.257,,294.100006,0.2,0.2,0.2,,,,,
12/31/1994,325.234985,,,-208.612,,116.622985,,-17.493999,,,,,,99.128998,-1.343,,6.11,,0.0,,-4.767,97.785998,-31.343,,,,66.443001,0.0,,,66.442998,0.0,66.443001,0.0,,66.443001,66.443001,,369.127783,0.18,0.18,0.18,369.127783,0.18,0.18,0.18,
03/31/1995,300.0,,,-188.399994,,111.600006,,-16.200001,,,,,,95.400002,2.5,,4.7,,0.0,,-7.2,97.900002,-25.9,,,,72.0,0.0,,,72.000002,-0.9,71.099998,0.0,,71.099998,71.099998,,353.299988,0.2,0.2,0.2,,,,,
06/30/1995,309.799988,,,-194.899994,,114.899994,,-16.700001,,,,,,98.199997,3.3,,6.1,,0.0,,-9.4,101.499997,-25.9,,,,75.599998,0.0,,,75.599997,-0.2,75.400002,0.0,,75.400002,75.400002,,353.399994,0.21,0.21,0.21,,,,,
09/30/1995,295.200012,,,-189.899994,,105.300018,,-19.1,,,,,,86.199997,1.4,,5.5,,0.0,,-6.9,87.599997,-19.9,,,,67.699997,0.0,,,67.699997,0.0,67.699997,0.0,,67.699997,67.699997,,353.600006,0.19,0.19,0.19,,,,,
12/31/1995,376.5,,,-242.899994,,133.600006,,-28.0,,,,,,105.599998,-2.4,,4.6,,0.0,,-2.2,103.199999,-26.200001,,,,77.0,0.0,,,76.999998,1.1,78.099998,0.0,,78.099998,78.099998,,354.0,0.22,0.22,0.22,,,,,
03/31/1996,329.299988,,,-209.100006,,120.199982,,-24.200001,,,,,,96.0,1.3,,3.9,,0.0,,-5.2,97.3,-25.299999,,,,72.0,0.0,,,72.0,0.0,72.0,0.0,,72.0,72.0,,357.899994,0.2,0.2,0.2,357.899994,0.2,0.2,0.2,
06/30/1996,325.5,,,-216.300003,,109.199997,,-23.6,,,,,,85.599998,1.3,,4.4,,0.0,,-5.7,86.899998,-18.0,,,,68.900002,0.0,,,68.899998,0.0,68.900002,0.0,,68.900002,68.900002,,358.200012,0.19,0.19,0.19,358.200012,0.19,0.19,0.19,
09/30/1996,313.600006,,,-216.800003,,96.800003,,-23.700001,,,,,,73.099998,-40.999999,,1.2,,0.0,,39.799999,32.099999,-11.1,,,,21.0,0.0,,,20.999999,0.0,21.0,0.0,,21.0,21.0,,359.700012,0.06,0.06,0.16,359.700012,0.06,0.06,0.16,
12/31/1996,330.600006,,,-231.800003,,98.800003,,-27.5,,,,,,71.300003,2.4,,0.5,,0.0,,-2.9,73.700003,-17.6,,,,56.099998,0.0,,,56.100003,0.0,56.099998,0.0,,56.099998,56.099998,,363.0,0.15,0.15,0.15,363.0,0.15,0.15,0.15,
03/31/1997,302.0,,,-211.0,,91.0,,-23.0,,,,,,68.0,4.0,,0.0,,0.0,,-4.0,72.0,-17.0,,,,55.0,0.0,,,55.0,0.0,55.0,0.0,,55.0,55.0,,373.0,0.15,0.15,0.15,373.0,0.15,0.15,0.15,
06/30/1997,312.0,,,-205.0,,107.0,,-27.0,,,,,,80.0,2.0,,0.0,,0.0,,-2.0,82.0,-20.0,,,,62.0,0.0,,,62.0,0.0,62.0,0.0,,62.0,62.0,,373.0,0.16,0.16,0.16,373.0,0.16,0.16,0.16,
09/30/1997,314.0,,,-195.0,,119.0,,-28.0,,,,,,91.0,-429.0,,0.0,,0.0,,429.0,-338.0,23.0,,,,-315.0,0.0,,,-315.0,0.0,-315.0,0.0,,-315.0,-315.0,,373.0,-0.84,-0.84,0.19,373.0,-0.84,-0.84,0.19,
12/31/1997,356.0,,,-232.0,,124.0,,-22.0,,,,,,102.0,2.0,,0.0,,0.0,,-2.0,104.0,-29.0,,,,75.0,0.0,,,75.0,0.0,75.0,0.0,,75.0,75.0,,373.0,0.2,0.2,0.2,373.0,0.2,0.2,0.2,
03/31/1998,302.0,,,-184.0,,118.0,,-21.0,,,,,,97.0,45.0,,0.0,,0.0,,-45.0,142.0,-67.0,,,,75.0,0.0,,,75.0,0.0,75.0,0.0,,75.0,75.0,,375.0,0.2,0.2,0.2,390.0,0.2,0.2,0.2,
06/30/1998,293.0,,,-187.0,,106.0,,-20.0,,,,,,86.0,3.0,,0.0,,0.0,,-3.0,89.0,-22.0,,,,67.0,0.0,,,67.0,0.0,67.0,0.0,,67.0,67.0,,375.0,0.18,0.18,0.18,389.0,0.18,0.18,0.18,
09/30/1998,324.0,,,-205.0,,119.0,,-20.0,,,,,,99.0,3.0,,0.0,,0.0,,-3.0,102.0,-26.0,,,,76.0,0.0,,,76.0,0.0,76.0,0.0,,76.0,76.0,,376.0,0.2,0.2,0.2,376.0,0.2,0.2,0.2,
12/31/1998,368.0,,,-235.0,,133.0,,-25.0,,,,,,108.0,2.0,,0.0,,0.0,,-2.0,110.0,-27.0,,,,83.0,0.0,,,83.0,0.0,83.0,0.0,,83.0,83.0,,376.0,0.22,0.22,0.22,376.0,0.21,0.21,0.21,
03/31/1999,390.0,,,-250.0,,140.0,,-22.0,,,,,,118.0,-1.0,,3.0,,0.0,,-2.0,117.0,-30.0,,,,87.0,0.0,,,87.0,0.0,87.0,0.0,,87.0,87.0,,378.0,0.23,0.23,0.23,398.0,0.23,0.23,0.23,
06/30/1999,373.0,,,-243.0,,130.0,,-19.0,,,,,,111.0,0.0,,3.0,,0.0,,-3.0,111.0,-27.0,,,,84.0,0.0,,,84.0,0.0,84.0,0.0,,84.0,84.0,,386.0,0.21,0.21,0.21,406.0,0.2,0.2,0.2,
09/30/1999,326.0,,,-208.0,,118.0,,-14.0,,,,,,104.0,2.0,,3.0,,0.0,,-5.0,106.0,-27.0,,,,79.0,0.0,,,79.0,0.0,79.0,0.0,,79.0,79.0,,389.0,0.2,0.2,0.2,408.0,0.2,0.2,0.2,
12/31/1999,332.0,,,-200.0,,132.0,,-24.0,,,,,,108.0,-1.0,,2.0,,0.0,,-1.0,107.0,-26.0,,,,81.0,0.0,,,81.0,0.0,81.0,0.0,,81.0,81.0,,390.0,0.21,0.21,0.21,410.0,0.2,0.2,0.2,
03/31/2000,318.0,,,-218.0,,100.0,,-19.0,,,,,,81.0,3.0,,2.0,,0.0,,-5.0,84.0,-12.0,,,,72.0,0.0,,,72.0,0.0,72.0,0.0,0.0,72.0,72.0,,396.0,0.18,0.18,0.18,412.0,0.18,0.18,0.18,
06/30/2000,323.0,,,-226.0,,97.0,,-19.0,,,,,,78.0,5.0,,2.0,,0.0,,-7.0,83.0,-11.0,,,,72.0,0.0,,,72.0,0.0,72.0,0.0,,72.0,72.0,,396.0,0.18,0.18,0.18,396.0,0.18,0.18,0.18,
09/30/2000,312.0,,,-181.0,,131.0,,-40.0,,,,,,91.0,8.0,,1.0,,0.0,,-9.0,99.0,-13.0,,,,86.0,0.0,,,86.0,0.0,86.0,0.0,,86.0,86.0,,396.0,0.22,0.22,0.22,396.0,0.22,0.22,0.22,
12/31/2000,983.0,,,-818.0,,165.0,,-146.0,,,,,,19.0,-1660.0,,21.0,,0.0,,1639.0,-1641.0,245.0,,,,-1396.0,23.0,,,-1419.0,0.0,-1419.0,0.0,,-1419.0,-1419.0,,465.5,-3.05,-3.01,-0.09,465.5,-3.05,-3.01,-0.09,
03/31/2001,304.0,,,-139.0,,165.0,0.0,-88.0,,,,,,77.0,4.0,-4.0,,,,,0.0,81.0,-9.0,,,,72.0,,,,72.0,,72.0,0.0,0.0,72.0,72.0,,396.0,0.18,0.18,0.18,396.0,0.18,0.18,0.18,
06/30/2001,333.0,,,-214.0,,119.0,,-50.0,,,,,,69.0,4.0,,4.0,,0.0,,-8.0,73.0,-7.0,,,,66.0,0.0,,,66.0,0.0,66.0,0.0,0.0,66.0,66.0,,396.0,0.17,0.17,0.17,396.0,0.17,0.17,0.17,
09/30/2001,317.0,,,-235.0,,82.0,,-20.0,,,,,,62.0,10.0,,5.0,,0.0,,-15.0,72.0,-6.0,,,,66.0,0.0,,,66.0,0.0,66.0,0.0,0.0,66.0,66.0,,396.0,0.17,0.17,0.17,396.0,0.17,0.17,0.17,
12/31/2001,506.0,,,-422.0,,84.0,,-47.0,,,,,,37.0,-183.0,,7.0,,0.0,,176.0,-146.0,38.0,,,,-108.0,1.0,,,-109.0,0.0,-109.0,0.0,0.0,-109.0,-109.0,,536.0,-0.2,-0.2,0.13,536.0,-0.2,-0.2,0.13,
03/31/2002,478.0,,,-389.0,,89.0,,-37.0,,,,,,52.0,-5.0,-9.0,13.0,,0.0,,14.0,47.0,-1.0,,,,46.0,0.0,,,46.0,0.0,46.0,0.0,0.0,46.0,46.0,,536.0,0.09,0.09,0.09,537.0,0.09,0.09,0.09,
06/30/2002,490.0,,,-388.0,,102.0,,-43.0,,,,,,59.0,3.0,,16.0,,0.0,,-19.0,62.0,-3.0,,,,59.0,0.0,,,59.0,0.0,59.0,0.0,,59.0,59.0,,539.0,0.11,0.11,0.11,541.0,0.11,0.11,0.11,
09/30/2002,473.0,,,-385.0,,88.0,,-46.0,,,,,,42.0,-6.0,,15.0,,0.0,,-9.0,36.0,-2.0,,,,34.0,0.0,,,34.0,0.0,34.0,0.0,,34.0,34.0,,540.0,0.06,0.06,0.06,540.0,0.06,0.06,0.06,
12/31/2002,526.0,,,-428.0,,98.0,,-42.0,,,,,,56.0,-24.0,,13.0,,0.0,,11.0,32.0,22.0,,,,54.0,0.0,,,54.0,0.0,54.0,0.0,,54.0,54.0,,541.0,0.1,0.1,0.13,541.0,0.1,0.1,0.13,
03/31/2003,459.0,,,-388.0,,71.0,,-51.0,,,,,,20.0,28.0,,13.0,,0.0,,-41.0,48.0,-2.0,,,,46.0,17.0,,,29.0,0.0,29.0,0.0,0.0,29.0,29.0,,541.0,0.05,0.09,-0.009,542.0,0.05,0.09,-0.009,
06/30/2003,491.0,,,-402.0,,89.0,,-54.0,,,,,,35.0,9.0,,11.0,,0.0,,-20.0,44.0,15.0,,,,59.0,0.0,,,59.0,0.0,59.0,0.0,0.0,59.0,59.0,,540.0,0.11,0.11,0.05,540.0,0.11,0.11,0.05,
09/30/2003,549.0,,,-424.0,,125.0,,-59.0,,,,,,66.0,-9.0,,12.0,,0.0,,-3.0,57.0,-22.0,,,,35.0,0.0,,,35.0,0.0,35.0,0.0,0.0,35.0,35.0,,536.0,0.07,0.07,0.08,538.0,0.07,0.07,0.08,
12/31/2003,536.0,,,-403.0,,133.0,,-56.0,,,,,,77.0,-4.0,,8.0,,0.0,,-4.0,73.0,4.0,,,,77.0,0.0,,,77.0,0.0,77.0,0.0,0.0,77.0,77.0,,534.0,0.14,0.14,0.04,536.0,0.14,0.14,0.04,
03/31/2004,477.0,,,-383.0,,94.0,,-47.0,,,,,,47.0,-7.0,,8.0,,0.0,,-1.0,40.0,-14.0,,,,26.0,0.0,,,26.0,0.0,26.0,0.0,0.0,26.0,26.0,,535.0,0.05,0.05,0.06,537.0,0.05,0.05,0.06,
06/30/2004,454.0,,,-395.0,,59.0,,-55.0,,,,,,4.0,11.0,,4.0,,0.0,,-15.0,15.0,19.0,,,,34.0,0.0,,,34.0,0.0,34.0,0.0,0.0,34.0,34.0,,532.0,0.06,0.06,0.004,534.0,0.06,0.06,0.004,
09/30/2004,500.0,,,-415.0,,85.0,,-56.0,,,,,,29.0,8.0,,6.0,,0.0,,-14.0,37.0,-5.0,,,,32.0,0.0,,,32.0,0.0,32.0,0.0,0.0,32.0,32.0,,532.0,0.06,0.06,0.02,533.0,0.06,0.06,0.02,
12/31/2004,501.0,,,-330.0,,171.0,,-54.0,,,,,,117.0,-164.0,,1.0,,0.0,,163.0,-47.0,203.0,,,,156.0,0.0,,,156.0,0.0,156.0,0.0,0.0,156.0,156.0,,533.0,0.3,0.3,0.06,534.0,0.29,0.29,0.06,
03/31/2005,484.0,,,-364.0,,120.0,,-55.0,,,,,,65.0,12.0,,0.0,,0.0,,-12.0,77.0,-17.0,,,,60.0,-6.0,,,66.0,0.0,51.0,0.0,0.0,51.0,51.0,,534.0,0.12,0.11,0.1,536.0,0.12,0.11,0.1,
06/30/2005,463.0,,,-360.0,,103.0,,-65.0,,,,,,38.0,15.0,,1.0,,0.0,,-16.0,53.0,-7.0,,,,46.0,0.0,,,46.0,1.0,53.0,0.0,0.0,53.0,53.0,,535.0,0.09,0.09,0.05,536.0,0.09,0.09,0.05,
09/30/2005,627.0,,,-421.0,,206.0,,-44.0,,,,,,162.0,-13.0,-9.0,0.0,-9.0,0.0,,22.0,149.0,-36.0,,,,113.0,0.0,,,113.0,0.0,113.0,0.0,0.0,113.0,113.0,,536.0,0.21,0.21,0.194,539.0,0.21,0.21,0.193,
12/31/2005,776.0,,,-496.0,,280.0,,-48.0,,,,,,232.0,-57.0,,6.0,,0.0,,51.0,175.0,0.0,,,,175.0,0.0,,,175.0,0.0,175.0,0.0,0.0,175.0,175.0,,541.0,0.33,0.33,0.23,547.0,0.32,0.32,0.22,
03/31/2006,1188.0,,,-821.0,,367.0,,-115.0,,,,,,252.0,13.0,-12.0,15.0,-27.0,0.0,,-1.0,265.0,-44.0,,,,221.0,2.0,,,219.0,5.0,224.0,0.0,0.0,224.0,224.0,,777.0,0.29,0.29,0.36,789.0,0.29,0.29,0.36,
06/30/2006,1532.0,,,-788.0,,744.0,,-125.0,,,,,,619.0,-17.0,8.0,34.0,-26.0,,,11.0,602.0,-131.0,,,,471.0,4.0,,,467.0,-8.0,459.0,0.0,,459.0,459.0,-41.75,863.0,0.53,0.54,0.5,878.0,0.53,0.53,0.49,
09/30/2006,1562.0,,,-879.0,,683.0,,-187.0,,,,,,496.0,-6.0,13.0,37.0,-24.0,,,-6.0,490.0,-101.0,,,,389.0,-9.0,,,398.0,7.0,405.0,0.0,,405.0,405.0,-5.0,864.0,0.47,0.46,0.45,879.0,0.46,0.45,0.44,
12/31/2006,1348.0,,,-988.0,,360.0,,-221.0,,,,,,139.0,60.0,,40.0,-33.0,0.0,,-67.0,199.0,-72.0,,,,127.0,-294.0,,,421.0,-3.0,418.0,0.0,0.0,418.0,418.0,,877.0,0.5,0.15,0.11,877.0,0.49,0.15,0.11,
03/31/2007,1089.0,,,-960.0,,129.0,,-138.0,,,,,,-9.0,0.0,-3.0,36.0,-39.0,,,24.0,-9.0,-147.0,,,,-156.0,,,,-156.0,-3.0,-159.0,0.0,,-159.0,-159.0,549.0,865.0,-0.18,-0.18,0.45,865.0,-0.18,-0.18,0.45,
06/30/2007,1642.0,,,-1019.0,,623.0,,-182.0,,,,,,441.0,56.0,-8.0,27.0,-35.0,0.0,,-48.0,497.0,-121.0,,,,376.0,-9.0,,,385.0,11.0,396.0,0.0,0.0,396.0,396.0,,865.0,0.46,0.45,0.41,865.0,0.45,0.44,0.4,
09/30/2007,1684.0,,,-1118.0,,566.0,,-185.0,,,,,,381.0,20.0,-5.0,28.0,-33.0,,,-9.0,401.0,-58.0,,,,343.0,,,,343.0,2.0,345.0,0.0,,345.0,345.0,-10.26,867.0,0.4,0.4,0.38,879.0,0.39,0.39,0.37,
12/31/2007,1917.0,,,-1101.0,,816.0,,-222.0,,,,,,594.0,-46.0,-12.0,22.0,-34.0,0.0,,58.0,548.0,-15.0,,,,533.0,0.0,,,533.0,4.0,537.0,0.0,0.0,537.0,537.0,,870.0,0.62,0.62,0.69,883.0,0.61,0.61,0.68,
03/31/2008,1958.0,,,-1016.0,,942.0,,-176.0,,,,,,766.0,4.0,-11.0,6.0,-17.0,,,9.0,770.0,-253.0,,,,517.0,,,,517.0,-3.0,514.0,0.0,,514.0,514.0,,872.0,0.59,0.59,0.62,885.0,0.58,0.58,0.61,
06/30/2008,1967.0,,,-1146.0,,821.0,,-233.0,,,,,,588.0,50.0,3.0,8.0,-5.0,0.0,,-62.0,638.0,-148.0,,,,490.0,0.0,,,490.0,-5.0,485.0,0.0,0.0,485.0,485.0,-29.25,872.0,0.56,0.56,0.526456,885.0,0.55,0.55,0.516949,
09/30/2008,1878.0,,,-1290.0,,588.0,,-209.0,,,,,,379.0,-90.0,-5.0,7.0,-12.0,,,73.0,289.0,-25.0,,,,264.0,,,,264.0,-10.0,254.0,0.0,,254.0,254.0,66.95,872.0,0.29,0.29,0.366777,884.0,0.29,0.29,0.365735,
12/31/2008,1810.0,,,-1211.0,,599.0,,-279.0,,,,,,320.0,-522.0,-5.0,0.0,-5.0,0.0,,527.0,-202.0,-168.0,,,,-370.0,104.0,,,-474.0,6.0,-468.0,0.0,0.0,-468.0,-468.0,,872.0,-0.54,-0.42,0.33,883.0,-0.54,-0.42,0.33,
03/31/2009,1775.0,1775.0,,-928.0,928.0,847.0,0.0,-416.0,35.0,35.0,24.0,255.0,102.0,431.0,4.0,-1.0,2.0,-3.0,,-28.0,-3.0,435.0,-37.0,99.0,-62.0,,370.0,-3.0,-3.0,0.0,373.0,-2.0,371.0,0.0,0.0,371.0,400.33,2.33,873.0,0.42,0.42,0.424204,885.0,0.42,0.42,0.422633,
06/30/2009,1965.0,1965.0,,-949.0,949.0,1016.0,0.0,-421.0,45.0,45.0,14.0,265.0,97.0,595.0,84.0,12.0,14.0,-2.0,,-20.0,-96.0,679.0,-189.0,176.0,13.0,,470.0,-22.0,-22.0,0.0,492.0,,492.0,0.0,0.0,492.0,448.4,-41.6,873.0,0.56,0.54,0.490722,873.0,0.56,0.53,0.482348,
09/30/2009,2096.0,2096.0,,-971.0,971.0,1125.0,0.0,-6236.0,40.0,40.0,21.0,282.0,5893.0,-5111.0,-73.0,10.0,12.0,-2.0,,-23.0,63.0,-5184.0,-141.0,,,,-5348.0,0.0,0.0,0.0,-5348.0,-2.0,-5350.0,0.0,0.0,-5350.0,-1401.16,3923.84,882.0,-6.07,-6.07,-1.616961,882.0,-6.07,-6.07,-1.621202,
12/31/2009,2184.0,2184.0,,-906.0,906.0,1278.0,0.0,-929.0,51.0,51.0,26.0,263.0,589.0,349.0,56.0,26.0,29.0,-3.0,,-16.0,-82.0,405.0,-271.0,,,,118.0,-97.0,-97.0,0.0,215.0,-2.0,213.0,0.0,0.0,213.0,386.62,270.62,984.0,0.214502,0.116818,0.389345,984.0,0.214502,0.116818,0.389345,
03/31/2010,2581.0,2581.0,,-1268.0,1268.0,1313.0,0.0,-95.0,33.0,33.0,,,62.0,1218.0,-28.0,62.0,66.0,-4.0,,,-49.0,1190.0,-405.0,324.0,81.0,,785.0,-35.0,-35.0,0.0,820.0,,820.0,0.0,0.0,820.0,717.11,-67.89,984.0,0.83,0.8,0.72877,996.0,0.82,0.79,0.721837,
06/30/2010,2621.0,2621.0,,-1262.0,1262.0,1359.0,0.0,-210.0,45.0,45.0,,,165.0,1149.0,-41.0,45.0,47.0,-2.0,,,-13.0,1108.0,-271.0,220.0,51.0,,837.0,-36.0,-36.0,0.0,873.0,-14.0,859.0,0.0,0.0,859.0,794.83,-28.17,985.0,0.87,0.84,0.806934,985.0,0.86,0.83,0.801401,
09/30/2010,2788.0,2788.0,,-1301.0,1301.0,1487.0,0.0,-164.0,37.0,37.0,,,127.0,1323.0,-3.0,35.0,40.0,-5.0,,,-35.0,1320.0,-376.0,379.0,-3.0,,944.0,-11.0,-11.0,0.0,955.0,-13.0,942.0,0.0,0.0,942.0,913.95,-17.05,986.0,0.96,0.94,0.926927,998.0,0.94,0.93,0.912916,
12/31/2010,3011.0,3011.0,,-1331.0,1331.0,1680.0,0.0,-229.0,41.0,41.0,,,188.0,1451.0,-2.0,24.0,27.0,-3.0,,,-19.0,1449.0,-509.0,386.0,123.0,,940.0,-42.0,-42.0,0.0,982.0,-21.0,961.0,0.0,0.0,961.0,918.23,-0.77,993.0,0.967774,0.925478,0.924703,1009.0,0.952428,0.910803,0.91004,
03/31/2011,3087.0,3087.0,,-1354.0,1354.0,1733.0,0.0,-237.0,42.0,42.0,,,195.0,1496.0,13.0,29.0,32.0,-3.0,,,-41.0,1509.0,-494.0,433.0,61.0,,1015.0,0.0,0.0,0.0,1015.0,-14.0,1001.0,0.0,0.0,1001.0,1002.6,1.6,999.0,1.0,1.0,1.003604,1001.0,1.0,1.0,1.001598,
06/30/2011,3416.0,3416.0,,-1486.0,1486.0,1930.0,0.0,-258.0,38.0,38.0,,,220.0,1672.0,58.0,44.0,48.0,-4.0,,,-98.0,1730.0,-550.0,470.0,80.0,,1180.0,0.0,0.0,0.0,1180.0,-21.0,1159.0,0.0,0.0,1159.0,1050.96,-108.04,1000.0,1.16,1.16,1.05096,1001.0,1.16,1.16,1.05096,
09/30/2011,3971.0,3971.0,,-1694.0,1694.0,2277.0,0.0,-291.0,43.0,43.0,,,248.0,1986.0,51.0,65.0,68.0,-3.0,,,-108.0,2037.0,-654.0,561.0,93.0,,1383.0,0.0,0.0,0.0,1383.0,-18.0,1365.0,0.0,0.0,1365.0,1322.44,-42.56,1001.0,1.37,1.37,1.321119,1001.0,1.36,1.36,1.317483,
12/31/2011,3762.0,3762.0,,-1706.0,1706.0,2056.0,0.0,-537.0,43.0,43.0,,,494.0,1519.0,29.0,48.0,51.0,-3.0,,,-82.0,1548.0,-589.0,421.0,168.0,,959.0,0.0,0.0,0.0,959.0,0.0,959.0,0.0,0.0,959.0,1078.72,119.72,996.0,0.962851,0.962851,1.083052,1001.0,0.958042,0.958042,1.077642,
03/31/2012,3644.0,3644.0,,-1753.0,1753.0,1891.0,0.0,-298.0,48.0,48.0,,,250.0,1593.0,-8.0,45.0,48.0,-3.0,,,-41.0,1585.0,-535.0,450.0,85.0,,1050.0,0.0,0.0,0.0,1050.0,-11.0,1039.0,0.0,0.0,1039.0,1078.16,39.16,1000.0,1.04,1.04,1.07816,1000.0,1.04,1.04,1.07816,
06/30/2012,3244.0,3244.0,,-1729.0,1729.0,1515.0,0.0,-328.0,57.0,57.0,,,271.0,1187.0,-50.0,48.0,51.0,-3.0,,,0.0,1137.0,-336.0,305.0,31.0,,801.0,9.0,9.0,0.0,792.0,-5.0,787.0,0.0,0.0,787.0,813.32,17.32,1000.0,0.79,0.8,0.81332,1000.0,0.79,0.8,0.81332,
09/30/2012,3399.0,3399.0,,-1733.0,1733.0,1666.0,0.0,-511.0,45.0,45.0,,,466.0,1155.0,-32.0,30.0,33.0,-3.0,,,0.0,1123.0,-461.0,369.0,92.0,,662.0,10.0,10.0,0.0,652.0,-3.0,649.0,0.0,0.0,649.0,843.96,184.96,1001.0,0.65,0.66,0.843117,1001.0,0.65,0.66,0.843117,
12/31/2012,4036.0,4036.0,,-1832.0,1832.0,2204.0,0.0,-6346.0,369.0,369.0,,,5977.0,-4142.0,-17.0,39.0,41.0,-2.0,,,-13.0,-4159.0,1380.0,231.0,-1611.0,,-2779.0,185.0,185.0,0.0,-2964.0,29.0,-2935.0,0.0,0.0,-2935.0,1617.28,4367.28,1003.0,-2.92622,-2.74177,1.612443,1003.0,-2.92622,-2.74177,1.612443,
03/31/2013,3399.0,3399.0,,-1810.0,1810.0,1589.0,0.0,-198.0,98.0,98.0,,,100.0,1391.0,-105.0,105.0,108.0,-3.0,,,0.0,1286.0,-433.0,249.0,184.0,,853.0,-8.0,-8.0,0.0,861.0,-14.0,847.0,0.0,0.0,847.0,819.78,-19.22,1001.0,0.85,0.84,0.818961,1001.0,0.85,0.84,0.818961,
06/30/2013,3201.0,3201.0,,-1832.0,1832.0,1369.0,0.0,-9619.0,43.0,43.0,,,9576.0,-8250.0,-159.0,159.0,161.0,-2.0,,,0.0,-8409.0,213.0,357.0,-570.0,,-8196.0,505.0,505.0,0.0,-8701.0,146.0,-8555.0,0.0,0.0,-8555.0,-1102.14,6947.86,1001.0,-8.55,-8.04,-1.101039,1001.0,-8.55,-8.04,-1.101039,
09/30/2013,2985.0,2985.0,,-1788.0,1788.0,1197.0,0.0,-311.0,46.0,46.0,,,265.0,886.0,-120.0,120.0,122.0,-2.0,,,0.0,766.0,-748.0,425.0,323.0,,18.0,9.0,9.0,0.0,9.0,163.0,172.0,0.0,0.0,172.0,169.92,-11.08,1001.0,0.17,0.18,0.16975,1001.0,0.17,0.18,0.168931,
12/31/2013,2942.0,2942.0,,-1899.0,1899.0,1043.0,0.0,-3815.0,203.0,203.0,,,3612.0,-2772.0,-338.0,264.0,266.0,-2.0,,,74.0,-3110.0,338.0,70.0,-408.0,,-2772.0,0.0,0.0,0.0,-2772.0,-58.0,-2830.0,0.0,0.0,-2830.0,1715.2,2367.24,1085.0,-2.61,-2.61,-0.43,1085.0,-2.61,-2.61,-0.43,
03/31/2014,2647.0,2647.0,,-1719.0,1719.0,928.0,0.0,-235.0,103.0,103.0,,,132.0,693.0,-277.0,179.0,182.0,-3.0,,,98.0,416.0,-289.0,194.0,95.0,,127.0,0.0,0.0,0.0,127.0,-39.0,88.0,0.0,0.0,88.0,130.145,42.145,1165.0,0.08,0.08,0.111712,1165.0,0.08,0.08,0.111712,
06/30/2014,2432.0,2432.0,,-1590.0,1590.0,842.0,0.0,-745.0,82.0,82.0,,,663.0,97.0,-197.0,197.0,200.0,-3.0,,,0.0,-100.0,-123.0,201.0,-78.0,,-223.0,0.0,0.0,0.0,-223.0,-46.0,-269.0,0.0,0.0,-269.0,49.8,318.8,1165.0,-0.23,-0.23,0.042747,1165.0,-0.23,-0.23,0.042747,
09/30/2014,2624.0,2624.0,,-1681.0,1681.0,943.0,17.0,-283.0,98.0,98.0,,,185.0,677.0,-225.0,195.0,198.0,-3.0,,,30.0,452.0,-275.0,225.0,50.0,,177.0,0.0,0.0,0.0,177.0,-52.0,125.0,0.0,0.0,125.0,143.0,18.0,1165.0,0.11,0.11,0.122747,1165.0,0.11,0.11,0.122747,
12/31/2014,2577.0,2577.0,,-1906.0,1906.0,671.0,14.0,-3911.0,102.0,102.0,,,3809.0,-3226.0,-195.0,195.0,197.0,-2.0,0.0,,206.0,-3421.0,381.0,66.0,-447.0,0.0,-3040.0,0.0,0.0,0.0,-3040.0,189.0,-2851.0,0.0,0.0,-2851.0,282.15,3133.15,1165.0,-2.46,-2.46,0.242189,1165.0,-2.46,-2.46,0.237468,
03/31/2015,2245.0,2245.0,,-1708.0,1708.0,537.0,0.0,-151.0,67.0,67.0,,,84.0,386.0,-192.0,187.0,189.0,-2.0,,,5.0,194.0,-105.0,102.0,3.0,,89.0,0.0,0.0,0.0,89.0,-32.0,57.0,0.0,0.0,57.0,72.205,-16.795,1165.0,0.05,0.05,0.034511,1165.0,0.05,0.05,0.034511,
06/30/2015,2231.0,2231.0,,-1689.0,1689.0,542.0,0.0,-223.0,70.0,70.0,,,153.0,319.0,-225.0,184.0,186.0,-2.0,,,41.0,94.0,-103.0,84.0,19.0,,-9.0,0.0,0.0,0.0,-9.0,0.0,-9.0,0.0,0.0,-9.0,28.23,37.23,1165.0,-0.01,-0.01,0.024232,1165.0,-0.01,-0.01,0.021957,
09/30/2015,2315.0,2315.0,,-1742.0,1742.0,573.0,0.0,-541.0,44.0,44.0,,,497.0,32.0,-162.0,187.0,189.0,-2.0,,,-25.0,-130.0,-122.0,143.0,-21.0,,-252.0,0.0,0.0,0.0,-252.0,-12.0,-264.0,0.0,0.0,-264.0,149.53,401.53,1165.0,-0.23,-0.23,0.118052,1165.0,-0.23,-0.23,0.114661,
12/31/2015,2238.0,2238.0,,-1768.0,1768.0,470.0,0.0,-3498.0,52.0,52.0,,,3446.0,-3028.0,-274.0,185.0,192.0,-7.0,,,89.0,-3302.0,361.0,76.0,-437.0,,-2941.0,0.0,0.0,0.0,-2941.0,295.0,-2622.0,0.0,0.0,-2622.0,-486.205,2454.795,1165.0,-2.25,-2.25,-0.141807,1165.0,-2.25,-2.25,-0.141807,
03/31/2016,1930.0,1892.0,38.0,-1324.0,1324.0,606.0,0.0,-147.0,58.0,58.0,,,89.0,459.0,-345.0,154.0,158.0,-4.0,,,196.0,114.0,-186.0,246.0,-60.0,,-72.0,0.0,0.0,0.0,-72.0,-11.0,-83.0,0.0,0.0,-83.0,-51.395,31.605,1165.0,-0.07,-0.07,-0.044116,1165.0,-0.07,-0.07,-0.044116,
06/30/2016,2012.0,1966.0,46.0,-1336.0,1336.0,676.0,0.0,-145.0,88.0,88.0,,,57.0,531.0,-182.0,144.0,147.0,-3.0,,,41.0,349.0,-173.0,147.0,26.0,,176.0,0.0,0.0,0.0,176.0,-38.0,138.0,0.0,0.0,138.0,131.385,-6.615,1165.0,0.12,0.12,0.112777,1165.0,0.12,0.12,0.112777,
09/30/2016,2297.0,2238.0,59.0,-1291.0,1291.0,1006.0,0.0,-215.0,71.0,71.0,,,144.0,791.0,-211.0,143.0,146.0,-3.0,,,65.0,580.0,-335.0,285.0,50.0,,245.0,0.0,0.0,0.0,245.0,-70.0,175.0,0.0,0.0,175.0,251.44,76.44,1165.0,0.15,0.15,0.215828,1165.0,0.15,0.15,0.215614,
12/31/2016,2319.0,2278.0,41.0,-1454.0,1454.0,865.0,0.0,86.0,39.0,39.0,,,-125.0,951.0,-216.0,137.0,140.0,-3.0,,,94.0,735.0,-223.0,231.0,-8.0,,512.0,0.0,0.0,0.0,512.0,-87.0,425.0,0.0,0.0,425.0,273.96,-151.04,1165.0,0.364807,0.364807,0.235159,1165.0,0.364807,0.364807,0.235159,
03/31/2017,1993.0,1952.0,41.0,-1342.0,1342.0,651.0,0.0,972.0,72.0,72.0,,,-1044.0,1623.0,-142.0,131.0,135.0,-4.0,,,22.0,1481.0,-592.0,140.0,452.0,,889.0,0.0,0.0,0.0,889.0,-210.0,679.0,0.0,0.0,679.0,158.41,-520.59,1166.0,0.58,0.58,0.135858,1166.0,0.58,0.58,0.133525,
06/30/2017,2160.0,2128.0,32.0,-1277.0,1277.0,883.0,0.0,719.0,45.0,45.0,,,-764.0,1602.0,-191.0,128.0,132.0,-4.0,,,77.0,1411.0,-274.0,208.0,66.0,,1137.0,0.0,0.0,0.0,1137.0,-53.0,1084.0,0.0,0.0,1084.0,443.32,-640.68,1166.0,0.93,0.93,0.380206,1166.0,0.93,0.93,0.380206,
09/30/2017,1993.0,1961.0,32.0,-1270.0,1270.0,723.0,0.0,-214.0,69.0,69.0,,,145.0,509.0,-238.0,124.0,129.0,-5.0,,,139.0,271.0,-314.0,319.0,-5.0,,-43.0,0.0,0.0,0.0,-43.0,32.0,-11.0,0.0,0.0,-11.0,229.885,240.885,1166.0,-0.01,-0.01,0.197157,1166.0,-0.01,-0.01,0.196591,
12/31/2017,2228.0,2198.0,30.0,-1411.0,1411.0,817.0,0.0,-1117.0,62.0,62.0,,,1055.0,-300.0,-116.0,114.0,115.0,-1.0,,,28.0,-416.0,-51.0,458.0,-407.0,,-467.0,0.0,0.0,0.0,-467.0,153.0,-314.0,0.0,0.0,-314.0,155.075,469.075,1166.0,-0.269297,-0.269297,0.132997,1166.0,-0.269297,-0.269297,0.132997,
03/31/2018,1790.0,1754.0,36.0,-1152.0,1152.0,638.0,0.0,-113.0,48.0,48.0,,,65.0,525.0,-132.0,112.0,117.0,-5.0,,,36.0,393.0,-201.0,133.0,68.0,,192.0,0.0,0.0,0.0,192.0,-34.0,158.0,0.0,0.0,158.0,163.575,5.575,1167.0,0.14,0.14,0.140167,1167.0,0.14,0.14,0.140167,
06/30/2018,1712.0,1674.0,38.0,-1176.0,1176.0,536.0,0.0,-295.0,93.0,93.0,,,202.0,241.0,-201.0,112.0,115.0,-3.0,,,99.0,40.0,-116.0,96.0,20.0,,-76.0,0.0,0.0,0.0,-76.0,-18.0,-94.0,0.0,0.0,-94.0,-29.49,64.51,1167.0,-0.08,-0.08,-0.02527,1167.0,-0.08,-0.08,-0.02527,
09/30/2018,1837.0,1806.0,31.0,-1315.0,1315.0,522.0,0.0,-601.0,71.0,71.0,,,530.0,-79.0,-202.0,106.0,110.0,-4.0,62.0,,53.0,-281.0,-105.0,18.0,87.0,,-386.0,0.0,0.0,0.0,-386.0,-26.0,-412.0,0.0,0.0,-412.0,-36.46,375.54,1167.0,-0.35,-0.35,-0.031243,1167.0,-0.35,-0.35,-0.031243,
12/31/2018,1904.0,1915.0,-11.0,-1577.0,1577.0,327.0,0.0,-616.0,53.0,53.0,,,563.0,-289.0,-100.0,107.0,110.0,-3.0,-62.0,,56.0,-389.0,-776.0,221.0,555.0,,-1165.0,0.0,0.0,0.0,-1165.0,-32.0,-1197.0,0.0,0.0,-1197.0,30.62,1227.62,1167.0,-1.025707,-1.025707,0.026238,1167.0,-1.025707,-1.025707,0.026238,
03/31/2019,2093.0,2069.0,24.0,-1490.0,1490.0,603.0,0.0,-182.0,54.0,54.0,,,128.0,421.0,-114.0,103.0,110.0,-7.0,22.0,,17.0,307.0,-167.0,130.0,37.0,,140.0,0.0,0.0,0.0,140.0,-29.0,111.0,0.0,0.0,111.0,148.555986,37.555986,1745.0,0.06,0.06,0.085132,1746.0,0.06,0.06,0.08151,
06/30/2019,2063.0,2040.0,23.0,-1545.0,1545.0,518.0,0.0,-192.0,59.0,59.0,,,133.0,326.0,-62.0,102.0,109.0,-7.0,-6.0,,16.0,264.0,-41.0,103.0,-62.0,,223.0,0.0,0.0,0.0,223.0,-29.0,194.0,0.0,0.0,194.0,172.005,-21.995,1752.0,0.11,0.11,0.098176,1752.0,0.11,0.11,0.097446,
09/30/2019,2678.0,2630.0,48.0,-1889.0,1889.0,789.0,0.0,2564.0,68.0,68.0,,,-2632.0,3353.0,-127.0,108.0,112.0,-4.0,40.0,,17.0,3226.0,-791.0,163.0,628.0,,2435.0,0.0,0.0,0.0,2435.0,-158.0,2277.0,0.0,0.0,2277.0,319.415,-1957.585,1756.0,1.3,1.3,0.181899,1756.0,1.3,1.3,0.181899,
12/31/2019,2883.0,2818.0,65.0,-1987.0,1987.0,896.0,0.0,1774.0,31.0,31.0,,,-1805.0,2670.0,-110.0,91.0,104.0,-13.0,53.0,,15.0,2560.0,-784.0,314.0,470.0,,1776.0,0.0,0.0,0.0,1776.0,-389.0,1387.0,0.0,0.0,1387.0,-1926.770986,-3313.951479,1778.0,0.779651,0.779651,-1.083064,1778.0,0.779651,0.779651,-1.084112,
03/31/2020,2721.0,2692.0,29.0,-1776.0,1776.0,945.0,0.0,170.0,40.0,40.0,,,-210.0,1115.0,-66.0,78.0,88.0,-10.0,16.0,,26.0,1049.0,-386.0,252.0,134.0,,663.0,0.0,0.0,0.0,663.0,-263.0,400.0,0.0,0.0,400.0,408.707872,8.707872,1778.0,0.22,0.22,0.229869,1778.0,0.22,0.22,0.224898,
06/30/2020,3055.0,2996.0,59.0,-1900.0,1900.0,1155.0,0.0,-252.0,71.0,71.0,,,181.0,903.0,-23.0,78.0,84.0,-6.0,2.0,,4.0,880.0,-258.0,222.0,36.0,,622.0,0.0,0.0,0.0,622.0,-265.0,357.0,0.0,0.0,357.0,417.62,60.62,1778.0,0.2,0.2,0.234882,1778.0,0.2,0.2,0.234094,
09/30/2020,3357.857,,,,,1531.35068485,,,,,,,,1936.0,,,,,,,,1276.0,,,,,596.429,,,,,,596.429,,,596.429,513.667,,,0.334,0.334,0.283,,0.334,0.334,0.283,
12/31/2020,3415.286,,,,,1592.13802748,,,,,,,,1932.0,,,,,,,,1370.2,,,,,637.0,,,,,,637.0,,,637.0,562.333,,,0.359,0.359,0.306,,0.359,0.359,0.306,
