Date,Revenue,Revenue From Electric,Regulated Electric Revenue,Unregulated Electric Revenue,Revenue from Gas,Revenue from Water,Other Revenue,Cost of Revenue,Fuel & Purchased Power Cost,Fuel Cost,Purchased Power Cost,Purchased Gas & Water Cost,Purchased Gas Cost,Purchased Water Cost,Other Cost of Revenue,Gross Profit,Operating Expenses,Maintenance Expenses,Depreciation Expenses,Taxes Other Than Income,Other Operating Expense,Operating Income (Loss),Non-Operating (Income) Loss,"Interest Expense, Net",Total Interest Income,AFUDC - Equity,Interest Income,Interest Expense,Interest Expenses on Bonds,AFUDC - Debts,Other Interest Expenses,Other Non-Op (Income) Loss,Pretax Income,Income Tax Expense (Benefit),(Income) Loss from Affiliates,Income (Loss) from Cont Ops,Net Extraordinary Losses (Gains),Discontinued Operations,XO & Accounting Changes,Income (Loss) Incl. MI,Minority Interest,"Net Income, GAAP",Preferred Dividends,Other Adjustments,"Net Income Avail to Common, GAAP","Net Income Avail to Common, Adj",Net Abnormal Losses (Gains),Basic Weighted Avg Shares,"Basic EPS, GAAP",Basic EPS from Cont Ops,"Basic EPS from Cont Ops, Adjusted",Diluted Weighted Avg Shares,"Diluted EPS, GAAP",Diluted EPS from Cont Ops,"Diluted EPS from Cont Ops, Adjusted",Source: Bloomberg
03/31/1990,1298.855957,1298.855957,,,0.0,0.0,0.0,-460.626007,460.625994,430.748993,29.877001,0.0,,,,838.22995,-534.500977,115.57,118.512001,106.223999,194.195007,303.729004,-72.634999,,,11.015,,101.015999,104.309998,-8.768,5.474,-17.365999,231.094005,-71.510002,,159.584,0.0,,,159.584002,0.0,159.584,-14.717,,144.867,144.867,,193.151001,0.75,0.75,0.75,193.151001,0.75,0.75,0.75,
06/30/1990,1259.890015,1259.890015,,,0.0,0.0,0.0,-447.914001,447.913998,400.917999,46.995998,0.0,,,,811.976013,-545.690002,118.491997,118.890999,103.361,204.945999,266.286011,-82.637999,,,11.734,,98.750999,100.424004,-9.373,7.7,-4.379,183.648012,-57.724998,,125.922997,0.0,,,125.923013,0.0,125.922997,-13.632,,112.290997,112.290997,,186.035995,0.6,0.6,0.6,186.035995,0.6,0.6,0.6,
09/30/1990,1332.803955,1332.803955,,,0.0,0.0,0.0,-500.932007,500.932003,455.345001,45.587002,0.0,,,,831.871948,-567.75,128.688004,119.93,102.061996,217.070007,264.122009,-80.627997,,,12.283,,100.074997,100.924004,-9.824,8.975,-7.164,183.494012,-42.560001,,140.934006,0.0,,,140.934011,0.0,140.934006,-11.857,,129.077005,129.077005,,184.535004,0.7,0.7,0.7,184.535004,0.7,0.7,0.7,
12/31/1990,1275.946045,1275.946045,,,0.0,0.0,0.0,-435.647003,435.647003,396.285004,39.362,0.0,,,,840.299042,-604.005981,139.091003,120.178001,107.566002,237.171005,236.292999,-79.125001,,,12.911,,101.290001,103.204002,-9.262,7.348,-9.254,157.167998,-34.57,,122.598,0.0,,,122.597999,0.0,122.598,-12.419,,110.179,110.179,,184.535004,0.6,0.6,0.6,184.535004,0.6,0.6,0.6,
03/31/1991,1257.35498,1257.35498,,,0.0,0.0,0.0,-398.519989,398.520006,374.876007,23.643999,0.0,,,,858.834991,-549.234985,114.273003,121.134003,108.042999,205.785004,309.600006,-81.862998,,,10.858,,99.781998,103.362,-10.405,6.825,-7.061,227.737008,-68.717003,,159.020004,0.0,,,159.020005,0.0,159.020004,-13.458,,145.562004,145.562004,,184.535004,0.79,0.79,0.79,184.535004,0.79,0.79,0.79,
06/30/1991,1230.637939,1230.637939,,,0.0,0.0,0.0,-398.230011,398.229996,374.563995,23.666,0.0,,,,832.407928,-579.747986,124.714996,127.819,101.848,225.365997,252.660004,-91.419001,,,0.805,,109.122002,103.219002,-2.204,8.107,-16.898001,161.241003,-46.505001,,114.736,0.0,,,114.736002,0.0,114.736,-13.352,,101.384,101.384,,184.535004,0.55,0.55,0.55,184.535004,0.55,0.55,0.55,
09/30/1991,1285.848022,1285.848022,,,0.0,0.0,0.0,-420.716003,420.715996,399.382996,21.333,0.0,,,,865.132019,-565.643982,121.073997,128.751999,94.564003,221.253998,299.488007,-98.859003,,,-0.54,,111.981003,103.805,-0.667,8.843,-13.662,200.629003,-51.314999,,149.313995,0.0,,,149.314005,0.0,149.313995,-13.353,,135.960996,135.960996,,184.535004,0.74,0.74,0.74,184.535004,0.74,0.74,0.74,
12/31/1991,1272.77002,1272.77002,,,0.0,0.0,0.0,-423.145996,423.146008,391.488007,31.658001,0.0,,,,849.624023,-594.689026,129.848007,129.889999,97.805,237.145996,254.934998,-94.544997,,,0.294,,110.324997,103.932999,-0.725,7.117,-15.486,160.390001,-32.008999,,128.380997,0.0,,,128.381002,0.0,128.380997,-13.353,,115.027997,115.027997,,184.535004,0.623,0.62,0.62,184.535004,0.623,0.62,0.62,
03/31/1992,1297.22998,1297.22998,,,0.0,0.0,0.0,-426.721985,426.721994,403.425995,23.296,0.0,,,,870.507996,-579.239014,114.278999,130.962006,0.0,217.886993,291.269012,-92.439,,,0.335,,110.735001,105.503998,-1.463,6.694,-17.961,198.830012,-55.071999,,143.757996,0.0,,,143.758014,0.0,143.757996,-13.495,,130.262996,130.262996,,184.535004,0.71,0.71,0.71,184.535004,0.71,0.71,0.71,
06/30/1992,1173.505981,1173.505981,,,0.0,0.0,0.0,-384.411011,384.411001,367.513,16.898001,0.0,,,,789.094971,-583.013,135.927002,130.0,0.0,202.727997,206.082001,-95.644,,,0.498,,113.959,108.574997,-1.322,6.706,-17.816999,110.438001,-20.635,,89.803001,0.0,,,89.803,0.0,89.803001,-15.51,,74.293001,74.293001,,184.535004,0.4,0.4,0.4,184.535004,0.4,0.4,0.4,
09/30/1992,1282.188965,1282.188965,,,0.0,0.0,0.0,-421.031006,421.031006,408.531006,12.5,0.0,,,,861.157959,-598.434998,146.358002,132.580994,108.276001,211.220001,262.722992,-95.498999,,,0.35,,109.848999,107.267998,-3.198,5.779,-14.0,167.223993,-44.223,,123.000999,0.0,,,123.000993,0.0,123.000999,-15.206,,107.794999,107.794999,,184.535004,0.58,0.58,0.58,184.535004,0.58,0.58,0.58,
12/31/1992,1291.866943,1291.866943,,,0.0,0.0,0.0,-415.152008,415.152008,403.277008,11.875,0.0,,,,876.714935,-588.028015,127.975998,116.011002,107.818001,236.223007,288.687012,-71.175003,,,2.388,,113.412003,107.616997,,5.661,-39.849,217.512009,-46.289001,,171.089005,0.0,,,171.223008,0.0,171.089005,-15.137,,155.952005,155.952005,,184.535004,0.85,0.85,0.85,184.535004,0.85,0.85,0.85,
03/31/1993,1321.449951,1321.449951,,,0.0,0.0,0.0,-412.354004,412.354004,412.354004,,0.0,,,,909.095947,-612.901978,122.028999,131.005005,121.024002,238.843994,296.194,-92.817998,,,,,108.780998,108.780998,,,-15.963,203.376002,-55.229,,148.147003,0.0,,,148.147002,0.0,148.147003,-15.089,,133.058003,133.058003,,184.535004,0.72,0.72,0.72,184.535004,0.72,0.72,0.72,
06/30/1993,1210.397949,1210.397949,,,0.0,0.0,0.0,-366.341003,366.341003,366.341003,,0.0,,,,844.056946,-616.947021,133.550003,133.326996,114.141998,235.927994,227.110001,-94.205998,,,,,105.307999,105.307999,,,-11.102,132.904002,-31.914,,100.989998,0.0,,,100.990003,0.0,100.989998,-14.771,,86.218998,86.218998,,184.535004,0.47,0.47,0.47,184.535004,0.47,0.47,0.47,
09/30/1993,1406.311035,1406.311035,,,0.0,0.0,0.0,-458.220001,458.220001,458.220001,,0.0,,,,948.091034,-639.848022,137.313004,135.134003,116.512001,250.889008,308.243011,-252.113998,,,,,102.983002,102.983002,,,149.130997,56.129013,-51.554001,,4.575,0.0,,,4.575012,0.0,4.575,-14.714,,-10.139,-10.139,,184.535004,-0.06,-0.06,-0.06,184.535004,-0.06,-0.06,-0.06,
12/31/1993,1330.682983,1330.682983,,,0.0,0.0,0.0,-410.65799,410.65799,410.65799,,0.0,,,,920.024993,-619.770996,130.169998,131.264999,118.667999,239.667999,300.253998,-91.179,,,,,100.75,100.75,,,-9.571,209.074998,-50.200001,,158.875,0.0,,,158.874997,0.0,158.875,-14.244,,144.631,144.631,,184.535004,0.79,0.79,0.79,184.535004,0.79,0.79,0.79,
03/31/1994,1488.185059,1488.185059,,,0.0,0.0,0.0,-501.569,501.569,501.569,,0.0,,,,986.616058,-656.747009,143.362,138.830994,128.220001,246.334,329.868988,-91.330999,,,,,98.570999,98.570999,,,-7.24,238.537989,-72.420998,,166.117004,0.0,,,166.116991,0.0,166.117004,-13.163,,152.954004,152.954004,,184.535004,0.83,0.83,0.83,184.535004,0.83,0.83,0.83,
06/30/1994,1348.562988,1348.562988,,,0.0,0.0,0.0,-430.822998,430.822998,430.822998,,0.0,,,,917.73999,-641.137024,132.164993,142.610992,121.962997,244.397995,276.602997,-102.319003,,,,,96.036003,96.036003,,,6.283,174.283994,-57.175999,,117.108002,0.0,,,117.107995,0.0,117.108002,-13.315,,103.793002,103.793002,,184.535004,0.56,0.56,0.56,184.535004,0.56,0.56,0.56,
09/30/1994,1385.277954,1385.277954,,,0.0,0.0,0.0,-427.125,427.125,427.125,,0.0,,,,958.152954,-643.453979,133.690002,145.516006,122.587997,241.660004,314.699005,-92.925001,,,,,96.914001,96.914001,,,-3.989,221.774004,-67.752998,,154.020996,0.0,,,154.021005,0.0,154.020996,-14.195,,139.825996,139.825996,,184.621002,0.76,0.76,0.76,184.621002,0.76,0.76,0.76,
12/31/1994,1282.644043,1282.644043,,,0.0,0.0,0.0,-385.727997,385.727997,385.727997,,0.0,,,,896.916046,-668.65802,135.095001,145.231003,123.488998,264.842987,228.257996,-90.937997,,,,,97.476997,97.476997,,,-6.539,137.319999,-19.858999,,117.460999,0.0,,,117.461,0.0,117.460999,-14.022,,103.438999,103.438999,,184.972,0.56,0.56,0.56,184.972,0.56,0.56,0.56,
03/31/1995,1416.168945,1416.168945,,,0.0,0.0,0.0,-411.987,411.987,411.987,,0.0,,,,1004.181946,-668.325989,130.608002,147.177002,129.985001,260.556,335.855988,-95.615002,,,,,100.413002,100.413002,,,-4.798,240.240985,-78.369003,,161.871994,0.0,,,161.871982,0.0,161.871994,-14.022,,147.849994,147.849994,,185.317993,0.8,0.8,0.8,185.317993,0.8,0.8,0.8,
06/30/1995,1305.342041,1305.342041,,,0.0,0.0,0.0,-357.054993,357.054993,357.054993,,0.0,,,,948.287048,-684.369019,131.388,147.242996,117.271004,288.46701,263.917999,-100.638001,,,,,100.721001,100.721001,,,-0.083,163.279999,-52.702,,110.578003,0.0,,,110.577999,0.0,110.578003,-14.1,,96.478003,96.478003,,185.671005,0.52,0.52,0.52,185.671005,0.52,0.52,0.52,
09/30/1995,1523.390015,1523.390015,,,0.0,0.0,0.0,-456.496002,456.496002,456.496002,,0.0,,,,1066.894012,-723.460022,131.134003,150.423996,125.052002,316.850006,343.43399,-94.090997,,,,,99.783997,99.783997,,,-5.693,249.342994,-80.886002,,168.457001,0.0,,,168.456992,0.0,168.457001,-14.301,,154.156001,154.156001,,186.024002,0.83,0.83,0.83,186.024002,0.83,0.83,0.83,
12/31/1995,1425.428955,1425.428955,,,0.0,0.0,0.0,-399.993011,399.993011,399.993011,,0.0,,,,1025.435944,-732.070007,148.695007,148.175003,116.915001,318.285004,293.365997,-89.528997,,,,,99.158997,99.158997,,,-9.63,203.837,-60.07,,143.766998,0.0,,,143.767,0.0,143.766998,-12.348,,131.418998,131.418998,,186.375,0.7,0.7,0.7,186.375,0.7,0.7,0.7,
03/31/1996,1517.781006,1517.781006,,,0.0,0.0,0.0,-440.97699,440.97699,440.97699,,0.0,,,,1076.804016,-685.870972,105.422997,149.113998,127.625999,303.708008,390.933014,-101.152002,,,,,100.025002,100.025002,,,1.127,289.781012,-98.810997,,190.970001,0.0,,,190.970015,0.0,190.970001,-10.958,,180.012001,180.012001,,186.723007,0.96,0.96,0.96,186.723007,0.96,0.96,0.96,
06/30/1996,1400.94104,1400.94104,,,0.0,0.0,0.0,-404.914001,404.914001,404.914001,,0.0,,,,996.027039,-710.169983,139.042999,149.414001,120.989998,300.722992,285.856995,-97.332999,,,,,98.362999,98.362999,,,-1.03,188.523996,-65.232002,,123.292,0.0,,,123.291993,0.0,123.292,-10.626,,112.665999,112.665999,,187.104004,0.6,0.6,0.6,187.104004,0.6,0.6,0.6,
09/30/1996,1484.421997,1484.421997,,,0.0,0.0,0.0,-416.470001,416.470001,416.470001,,0.0,,,,1067.951996,-708.599976,129.139999,151.809006,128.154999,299.496002,359.35199,-87.222998,,,,,90.877998,90.877998,,,-3.655,272.128991,-99.607002,,172.522003,0.0,,,172.521989,0.0,172.522003,-10.198,,162.324003,162.324003,,187.528,0.87,0.87,0.87,187.528,0.87,0.87,0.87,
12/31/1996,1446.089966,1446.089966,,,0.0,0.0,0.0,-424.393005,424.393005,424.393005,,0.0,,,,1021.696961,-707.64502,129.235001,150.514008,121.795998,306.100006,314.052002,-93.407996,,,,,92.061996,92.061996,,,1.346,220.644006,-78.571999,,142.072006,0.0,,,142.072007,0.0,142.072006,-9.644,,132.428006,132.428006,,187.899994,0.71,0.71,0.71,187.899994,0.71,0.71,0.71,
03/31/1997,1492.06897,1492.06897,,,0.0,0.0,0.0,-434.696991,434.697002,408.289001,26.408001,0.0,,,,1057.371979,-680.231018,99.385002,151.951996,126.613998,302.279999,377.140961,-89.312999,,,,,93.821999,93.821999,,,-4.509,287.827962,-105.163002,,182.664978,0.0,,,182.66496,0.0,182.664978,-10.103,,172.561978,172.561978,,188.347,0.916192,0.916192,0.916192,188.347,0.916192,0.916192,0.916192,
06/30/1997,1382.157959,1382.157959,,,0.0,0.0,0.0,-391.877991,391.877987,362.329987,29.548,0.0,,,,990.279968,-698.747986,124.727997,151.548996,122.166,300.304993,291.531982,-97.965001,,,,,103.651001,103.651001,,,-5.686,193.566981,-70.277,,123.289986,0.0,,,123.289981,0.0,123.289986,-2.151,,121.138986,121.138986,,188.822006,0.641551,0.641551,0.641551,188.822006,0.641551,0.641551,0.641551,
09/30/1997,1583.994019,1583.994019,,,0.0,0.0,0.0,-522.776001,522.776001,421.815002,100.960999,0.0,,,,1061.218018,-694.372986,123.780998,144.341995,123.943001,302.307007,366.845032,-70.542999,,,,,103.377998,103.377998,,,-32.834999,296.302032,-91.754997,,204.547028,110.565002,,,93.982033,0.0,93.982018,-2.801,,91.181017,91.181017,,189.287003,0.481708,1.065821,1.065821,189.287003,0.481708,1.065821,1.065821,
12/31/1997,1703.147217,1703.147217,,,0.0,0.0,0.0,-693.981018,693.981049,434.63205,259.348999,0.0,,,,1009.166199,-718.950073,135.374008,143.227997,117.872002,322.476044,290.216125,-88.419991,,,,,104.96199,104.96199,,,-16.542,201.796135,-74.084999,,127.711136,-1.146004,,,128.85714,0.0,128.857147,-2.776,,126.081147,126.081147,,189.699997,0.664634,0.658593,0.658593,189.699997,0.664634,0.658593,0.658593,
03/31/1998,1521.0,1509.0,,,0.0,0.0,12.0,-485.0,1193.502,485.0,708.502,0.0,,,,1036.0,-692.0,411.0,144.0,122.0,15.0,344.0,-110.0,,,,,106.0,106.0,,0.0,4.0,234.0,-83.0,,151.0,0.0,,,151.0,0.0,150.586,-2.589,0.0,147.997,147.997,,190.084,0.79,0.79,0.79,190.084,0.79,0.79,0.79,
06/30/1998,1557.0,1561.0,,,-4.0,0.0,0.0,-554.0,554.0,554.0,,0.0,,,,1003.0,-709.0,,144.0,112.0,453.0,294.0,-96.0,,,0.0,,109.0,109.0,0.0,0.0,-13.0,198.0,-80.0,,118.0,0.0,,,118.0,0.0,118.0,-2.78,,115.22,115.22,,190.524002,0.62,0.62,0.62,190.524002,0.62,0.62,0.62,
09/30/1998,1858.0,1846.0,,,12.0,0.0,0.0,-652.0,652.0,652.0,,,,,,1206.0,-793.0,496.0,146.0,120.0,527.0,413.0,-113.0,,,0.0,,110.0,110.0,0.0,0.0,3.0,300.0,-105.0,,195.0,0.0,,,195.0,0.0,195.0,,,195.0,195.0,,191.0,1.02,1.02,1.02,191.0,1.02,1.02,1.02,
12/31/1998,1430.319946,1430.319946,,,0.0,0.0,0.0,,,,,,,,,,,,,,,162.0,,,,,,,,,,,,,,74.900002,0.0,,,,0.0,74.900002,-2.77,,72.130002,72.130002,,189.860001,0.38,0.38,0.38,189.860001,0.38,0.38,0.38,
03/31/1999,1694.0,1550.0,,,0.0,0.0,144.0,-491.0,491.0,491.0,,0.0,,,,1203.0,-822.0,427.0,148.0,124.0,123.0,381.0,-137.0,,,,,132.0,132.0,,0.0,5.0,244.0,-93.0,,151.0,0.0,,,151.0,0.0,151.0,,,151.0,151.0,,192.0,0.79,0.79,0.79,192.0,0.79,0.79,0.79,
06/30/1999,2962.0,2962.0,,,,0.0,0.0,-822.0,822.0,822.0,,0.0,,,,2140.0,-1592.0,,251.0,170.0,1171.0,548.0,-237.0,,,0.0,,246.0,246.0,0.0,0.0,-9.0,311.0,-121.0,,190.0,0.0,,,190.0,0.0,190.0,,,190.0,190.0,,320.0,0.59,0.59,0.59,320.0,0.59,0.59,0.59,
09/30/1999,3532.0,3532.0,,,,0.0,0.0,-1072.0,1072.0,1072.0,,,,,,2460.0,-1654.0,680.0,276.0,157.0,1221.0,806.0,-237.0,,,0.0,,249.0,249.0,0.0,0.0,-12.0,569.0,-166.0,,403.0,8.0,,,395.0,0.0,395.0,,,395.0,395.0,,321.0,1.23,1.26,1.26,321.0,1.23,1.26,1.26,
12/31/1999,1665.0,1665.0,,,,0.0,0.0,-500.0,500.0,500.0,,,,,,1165.0,-902.0,,152.0,112.0,1065.0,263.0,-122.0,,,,,137.0,137.0,,0.0,-15.0,141.0,-34.0,,107.0,0.0,,,107.0,0.0,107.0,,,107.0,107.0,,194.0,0.55,0.55,0.55,194.0,0.55,0.55,0.55,
03/31/2000,6117.0,6117.0,,,,,,-4347.0,4347.0,4347.0,,,,,,1770.0,-1342.0,851.0,320.0,171.0,,428.0,-211.0,,,,,253.0,253.0,,,-42.0,217.0,-77.0,,140.0,,,,140.0,,140.0,,,140.0,140.0,,322.0,0.43,0.43,0.43,322.0,0.43,0.43,0.43,
06/30/2000,8137.0,8137.0,,,,0.0,0.0,-6318.0,6318.0,6318.0,,0.0,,,,1819.0,-1350.0,870.0,305.0,175.0,,469.0,-435.0,,,,,269.0,269.0,,0.0,166.0,34.0,-52.0,,-18.0,-9.0,,,-9.0,0.0,-9.0,,,-9.0,-9.0,,322.0,-0.03,-0.06,0.51,322.0,-0.03,-0.06,0.51,
09/30/2000,11608.0,11608.0,,,,0.0,0.0,-9202.0,9202.0,9202.0,,,,,,2406.0,-1533.0,1014.0,322.0,177.0,20.0,873.0,-251.0,,,0.0,,274.0,274.0,0.0,0.0,-23.0,622.0,-219.0,,403.0,44.0,,,359.0,0.0,359.0,,,359.0,359.0,,322.0,1.11,1.25,1.29,322.0,1.11,1.25,1.29,
12/31/2000,4859.0,4859.0,,,,0.0,0.0,-1404.0,1404.0,1404.0,,,,,,3455.0,-3098.0,,376.0,204.0,2518.0,357.0,-281.0,,,,,478.0,478.0,,0.0,-197.0,76.0,-263.0,,-187.0,0.0,,,-187.0,0.0,-187.0,,,-187.0,-187.0,,322.0,-0.78,-0.78,0.49,322.0,-0.78,-0.78,0.49,
03/31/2001,14238.0,14238.0,,,,0.0,0.0,-12102.0,12102.0,12102.0,,0.0,,,,2136.0,-1462.0,958.0,336.0,168.0,0.0,674.0,-238.0,,,0.0,,269.0,269.0,0.0,0.0,-31.0,436.0,-170.0,,266.0,0.0,,,266.0,0.0,266.0,0.0,0.0,266.0,266.0,0.0,322.0,0.83,0.83,0.83,322.0,0.83,0.83,0.83,
06/30/2001,3259.0,3259.0,,,,0.0,,,,,,,,,,,-2637.0,,359.602,,2637.0,622.0,-206.0,,,,,217.0,217.0,,0.0,-11.0,416.0,-163.0,,253.0,19.0,,,234.0,0.0,234.0,-2.0,,232.0,232.0,,322.0,0.72,0.77,0.89,322.0,0.72,0.77,0.89,
09/30/2001,3733.0,3733.0,,,,0.0,,,,,,,,,,,-2909.0,,345.613,,2909.0,824.0,-195.0,,,0.0,,215.0,215.0,,0.0,-20.0,629.0,-221.0,,408.0,-20.0,,,428.0,-5.0,423.0,-2.0,,421.0,421.0,,322.0,1.31,1.23,1.43,322.0,1.31,1.23,1.43,
12/31/2001,2851.0,644.0,,,,0.0,2207.0,,,,,,,,,,,,,,2595.0,256.0,-178.0,,,0.0,,145.0,135.0,0.0,10.0,33.0,78.0,1.0,,79.0,26.0,,,53.0,-8.0,45.0,,,45.0,45.0,,322.0,0.14,0.22,0.14,322.0,0.14,0.22,0.14,
03/31/2002,2992.0,2258.0,,,433.0,,301.0,-1004.0,650.0,621.0,29.0,354.0,,,,1988.0,-1529.0,1006.0,332.0,191.0,,459.0,-205.0,,,,,197.0,195.0,,2.0,8.0,254.0,-86.0,,168.0,328.0,,,-160.0,-9.0,-169.0,,,-169.0,-169.0,,322.0,-0.52,0.49,0.49,322.0,-0.52,0.49,0.49,
06/30/2002,3581.0,2660.0,,,670.0,0.0,251.0,-1421.0,709.0,631.0,78.0,712.0,,,,2160.0,-1733.0,1199.0,351.0,183.0,,427.0,-156.0,,,,,199.0,196.0,,3.0,-43.0,271.0,-104.0,,167.0,96.0,,,71.0,-9.0,62.0,,,62.0,62.0,,326.0,0.19,0.48,0.48,326.0,0.19,0.48,0.48,
09/30/2002,3811.0,2940.0,,,700.0,,171.0,-1597.0,972.0,666.0,306.0,625.0,,,,2214.0,-1432.0,868.0,362.0,202.0,,782.0,-144.0,,,,,184.0,181.0,,3.0,-40.0,638.0,-243.0,,395.0,-39.0,,,434.0,-9.0,425.0,,,425.0,425.0,,339.0,1.25,1.14,1.14,339.0,1.25,1.14,1.14,
12/31/2002,2924.0,2588.0,,,268.0,,68.0,-1033.0,778.0,659.0,119.0,255.0,,,,1891.0,-1437.0,,303.0,142.0,,454.0,-782.0,,,,,206.0,203.0,,3.0,576.0,-328.0,118.0,,-210.0,619.0,,,-829.0,-8.0,-837.0,-3.0,,-840.0,-840.0,,338.867,-2.47,-2.01,0.52,338.867,-2.47,-2.01,0.52,
03/31/2003,4080.0,2773.0,,,1102.0,0.0,205.0,-2014.0,865.0,660.0,205.0,1149.0,,,,2066.0,-1466.0,963.0,315.0,188.0,,600.0,-135.0,,,,,208.0,205.0,,3.0,-73.0,465.0,-200.0,,265.0,-184.0,,,449.0,-9.0,440.0,0.0,,440.0,440.0,,356.0,1.24,0.72,0.61,356.0,1.24,0.72,0.61,
06/30/2003,3669.0,2628.0,,,829.0,0.0,212.0,-1773.0,1065.0,850.0,215.0,708.0,,,,1896.0,-1474.0,981.0,336.0,157.0,981.0,422.0,-172.0,,,0.0,,201.0,198.0,0.0,3.0,-29.0,250.0,-60.0,,190.0,7.0,,,183.0,-8.0,175.0,0.0,,175.0,175.0,,395.0,0.44,0.46,0.46,395.0,0.44,0.46,0.46,
09/30/2003,4109.0,3111.0,,,860.0,0.0,138.0,-1950.0,1122.0,916.0,206.0,828.0,,,,2159.0,-1490.0,977.0,334.0,179.0,977.0,669.0,-264.0,,,0.0,,218.0,217.0,0.0,1.0,46.0,405.0,-148.0,,257.0,0.0,,,257.0,0.0,257.0,0.0,,257.0,257.0,,395.0,0.65,0.65,0.76,395.0,0.65,0.65,0.76,
12/31/2003,2809.0,2357.0,,,308.0,0.0,144.0,-878.0,713.0,632.0,81.0,165.0,,,,1931.0,-1218.0,739.0,322.0,157.0,,713.0,-927.0,,,0.0,,187.0,194.0,0.0,,740.0,-214.0,50.0,,-164.0,589.0,,,-753.0,0.0,-753.0,-2.0,0.0,-755.0,-755.0,,394.82,-1.93,-0.65,0.51,394.82,-1.93,-0.65,0.51,
03/31/2004,3364.0,2581.0,,,652.0,0.0,131.0,-1362.0,777.0,694.0,83.0,585.0,,,,2002.0,-1376.0,864.0,319.0,193.0,,626.0,-173.0,,,0.0,,199.0,199.0,0.0,0.0,-26.0,453.0,-162.0,,291.0,7.0,,,284.0,0.0,284.0,-2.0,0.0,282.0,282.0,,395.0,0.71,0.73,0.73,395.0,0.71,0.73,0.73,
06/30/2004,3368.0,2501.0,,,777.0,0.0,90.0,-1522.0,821.0,734.0,87.0,701.0,,,,1846.0,-1468.0,972.0,320.0,176.0,972.0,378.0,-148.0,,,0.0,,199.0,199.0,0.0,0.0,-51.0,230.0,-78.0,,152.0,51.0,,,101.0,0.0,101.0,-1.0,,100.0,100.0,,396.0,0.25,0.38,0.38,396.0,0.25,0.38,0.38,
09/30/2004,3781.0,2920.0,,,760.0,0.0,101.0,-1781.0,1056.0,782.0,274.0,725.0,,,,2000.0,-1361.0,847.0,333.0,181.0,,639.0,-21.0,,,0.0,,193.0,193.0,0.0,0.0,-172.0,618.0,-204.0,,414.0,-118.0,,,532.0,0.0,532.0,-2.0,0.0,530.0,530.0,,396.0,1.34,1.04,0.8,397.0,1.34,1.04,0.8,
12/31/2004,3689.0,2655.0,,,877.0,0.0,157.0,-1871.0,1075.0,849.0,226.0,796.0,,,,1818.0,-1514.0,,328.0,175.0,1011.0,304.0,103.0,,,15.0,,190.0,247.0,-57.0,0.0,-278.0,407.0,-128.0,,279.0,98.0,,,181.0,-3.0,178.0,-1.0,0.0,177.0,177.0,,396.0,0.45,0.69,0.69,396.0,0.45,0.69,0.69,
03/31/2005,3065.0,2605.0,,,357.0,0.0,103.0,-1168.0,919.0,789.0,130.0,249.0,,,,1897.0,-1352.0,837.0,327.0,188.0,,545.0,-16.0,,,6.0,,173.0,173.0,0.0,0.0,-151.0,529.0,-172.0,,357.0,-1.0,,,358.0,-1.0,357.0,-2.0,0.0,355.0,355.0,,393.0,0.9,0.9,0.87,394.0,0.9,0.9,0.87,
06/30/2005,2819.0,2680.0,,,19.0,0.0,120.0,-988.0,987.0,804.0,183.0,1.0,,,,1831.0,-1376.0,,325.0,173.0,878.0,455.0,-130.0,,,6.0,,188.0,188.0,0.0,0.0,-52.0,325.0,-103.0,,222.0,-3.0,,,225.0,-1.0,224.0,-3.0,0.0,221.0,221.0,,384.0,0.58,0.57,0.62,385.0,0.58,0.57,0.62,
09/30/2005,3328.0,3152.0,,,73.0,0.0,103.0,-1252.0,1247.0,1066.0,181.0,5.0,,,,2076.0,-1414.0,873.0,336.0,205.0,,662.0,-99.0,,,5.0,,163.0,163.0,0.0,0.0,-59.0,563.0,-196.0,,367.0,-22.0,,,389.0,-1.0,388.0,-1.0,0.0,387.0,387.0,,389.0,0.99,0.94,0.95,390.0,0.99,0.94,0.95,
12/31/2005,2899.0,2756.0,,,14.0,0.0,129.0,-1127.0,1126.0,933.0,193.0,1.0,,,,1772.0,-1588.0,,330.0,197.0,1061.0,184.0,-131.0,,,4.0,,173.0,229.0,-56.0,0.0,-38.0,53.0,41.0,,94.0,241.0,,,-147.0,-1.0,-148.0,-1.0,0.0,-149.0,-149.0,,389.0,-0.38,0.23,0.3,389.0,-0.39,0.22,0.29,
03/31/2006,3108.0,2982.0,,,0.0,0.0,126.0,-1127.0,1127.0,961.0,166.0,0.0,,,,1981.0,-1360.0,,348.0,191.0,821.0,621.0,-53.0,,,6.0,,168.0,168.0,0.0,0.0,-109.0,568.0,-189.0,,379.0,-3.0,,,382.0,0.0,382.0,-1.0,0.0,381.0,381.0,,393.653162,0.97,0.96,0.96,395.580106,0.96,0.95,0.95,
06/30/2006,2936.0,2799.0,,,0.0,0.0,137.0,-1125.0,1125.0,888.0,237.0,0.0,,,,1811.0,-1440.0,,354.0,190.0,896.0,371.0,-126.0,,,7.0,,176.0,176.0,0.0,0.0,-43.0,245.0,-72.0,,173.0,-3.0,,,176.0,-1.0,175.0,0.0,0.0,175.0,175.0,,393.722353,0.44,0.44,0.44,395.500506,0.44,0.43,0.43,
09/30/2006,3594.0,3478.0,,,,0.0,116.0,-1384.0,1384.0,1113.0,271.0,,,,,2210.0,-1466.0,,382.0,186.0,898.0,744.0,-344.0,,,12.0,,174.0,174.0,0.0,0.0,182.0,400.0,-133.0,,267.0,0.0,,,267.0,-1.0,266.0,-1.0,0.0,265.0,265.0,,393.913463,0.67,0.67,0.99,396.26625,0.67,0.67,0.99,
12/31/2006,2984.0,2807.0,,,-85.0,0.0,262.0,-1037.0,1037.0,855.0,182.0,0.0,,,,1947.0,-1577.0,,383.0,170.0,1024.0,370.0,713.0,,,5.0,,214.0,378.6,-164.6,0.0,-922.0,1083.0,-91.0,,179.0,-4.0,,,996.0,-1.0,182.0,-1.0,0.0,181.0,181.0,,395.589114,0.457545,0.447434,0.447434,398.586994,0.454104,0.454104,0.454104,
03/31/2007,3169.0,2886.0,,,0.0,0.0,283.0,-1132.0,1132.0,886.0,246.0,0.0,,,,2037.0,-1515.0,,391.0,186.0,938.0,522.0,-119.0,,,8.0,,186.0,186.0,0.0,0.0,-59.0,403.0,-130.0,,273.0,0.0,,,273.0,-1.0,272.0,-1.0,0.0,271.0,271.0,,397.314642,0.68,0.68,0.68,398.552113,0.68,0.68,0.68,
06/30/2007,3146.0,2818.0,,,0.0,0.0,328.0,-1159.0,1159.0,868.0,291.0,0.0,,,,1987.0,-1441.0,,372.0,188.0,881.0,546.0,-180.0,,,6.0,,213.0,213.0,0.0,0.0,-27.0,366.0,-108.0,,258.0,77.0,,,181.0,-1.0,180.0,0.0,0.0,180.0,180.0,,398.679242,0.45,0.64,0.63,399.8689,0.45,0.64,0.63,
09/30/2007,3789.0,3423.0,,,0.0,0.0,366.0,-1457.0,1457.0,1099.0,358.0,0.0,,,,2332.0,-1536.0,,381.0,191.0,964.0,796.0,-182.0,,,9.0,,216.0,216.0,0.0,0.0,-25.0,614.0,-205.0,,409.0,0.0,,,409.0,-1.0,408.0,-1.0,0.0,407.0,407.0,,399.222569,1.02,1.02,1.16,400.215911,1.02,1.02,1.16,
12/31/2007,3276.0,2974.0,,,0.0,0.0,302.0,-1219.0,1219.0,976.0,243.0,0.0,,,,2057.0,-1643.0,,369.0,190.0,1084.0,414.0,-131.0,,,10.0,,226.0,226.0,0.0,0.0,-85.0,283.0,-73.0,,210.0,-22.0,,,232.0,0.0,232.0,-1.0,0.0,231.0,231.0,,398.276,0.58,0.52,0.52,398.276,0.58,0.52,0.52,
03/31/2008,3467.0,3010.0,,,0.0,0.0,457.0,-1243.0,1243.0,980.0,263.0,0.0,,,,2224.0,-1439.0,,363.0,198.0,878.0,785.0,83.0,,,10.0,,220.0,220.0,0.0,0.0,-293.0,868.0,-293.0,,575.0,0.0,,,575.0,-1.0,574.0,-1.0,0.0,573.0,573.0,-164.98,400.797993,1.43,1.43,1.02,402.072098,1.43,1.43,1.02,
06/30/2008,3546.0,3200.0,,,,0.0,346.0,-1419.0,1419.0,1053.0,366.0,,,,,2127.0,-1546.0,,373.0,191.0,982.0,581.0,-177.0,,,11.0,,234.0,234.0,,,-46.0,404.0,-123.0,,281.0,-1.0,,,282.0,-1.0,281.0,-1.0,0.0,280.0,280.0,,401.513958,0.7,0.7,0.7,402.785942,0.7,0.7,0.7,
09/30/2008,4191.0,4108.0,,,,0.0,83.0,-1874.0,1874.0,1480.0,394.0,,,,,2317.0,-1586.0,,387.0,189.0,1010.0,731.0,-163.0,,,11.0,14.0,216.0,216.0,,,-28.0,568.0,-192.0,,376.0,,,,376.0,-1.0,375.0,-1.0,0.0,374.0,374.0,,402.286779,0.93,0.93,0.92,403.910309,0.93,0.93,0.92,
12/31/2008,3236.0,3008.0,,,,0.0,228.0,-1219.0,1219.0,961.0,258.0,,,,,2017.0,-1598.0,,360.0,183.0,1055.0,419.0,-242.0,,,13.0,,288.0,288.0,,,-33.0,177.0,-34.0,,143.0,-11.0,,,154.0,-1.0,153.0,-1.0,0.0,152.0,152.0,,404.0,0.38,0.35,0.59,404.0,0.38,0.35,0.59,
03/31/2009,3458.0,3267.0,,,,0.0,191.0,-1224.0,1224.0,929.0,295.0,,,,0.0,2234.0,-1484.0,,382.0,197.0,905.0,750.0,-208.0,208.0,-30.0,16.0,14.0,238.0,238.0,,,0.0,542.0,-179.0,,363.0,0.0,0.0,0.0,363.0,-2.0,361.0,-1.0,0.0,360.0,354.15,-5.85,406.826606,0.89,0.89,0.870518,407.381954,0.89,0.89,0.870518,
06/30/2009,3202.0,3035.0,,,,,167.0,-1022.0,1022.0,764.0,258.0,,,,,2180.0,-1498.0,,397.0,192.0,909.0,682.0,-212.0,213.0,-27.0,20.0,7.0,240.0,240.0,,,-1.0,470.0,-148.0,,322.0,5.0,0.0,5.0,317.0,-1.0,316.0,-1.0,0.0,315.0,324.7,4.7,472.220041,0.67,0.68,0.687603,472.222817,0.67,0.68,0.687603,
09/30/2009,3547.0,3364.0,,,,,183.0,-1178.0,1178.0,931.0,247.0,,,,,2369.0,-1511.0,,421.0,193.0,897.0,858.0,-204.0,220.0,-28.0,23.0,5.0,248.0,248.0,,,-16.0,654.0,-208.0,,446.0,0.0,0.0,0.0,446.0,-2.0,444.0,-1.0,0.0,443.0,441.7,-1.3,476.948143,0.93,0.93,0.926096,477.111144,0.93,0.93,0.926096,
12/31/2009,3282.0,3067.0,,,,,215.0,-1107.0,1107.0,854.0,253.0,,,,,2175.0,-1694.0,,397.0,183.0,-91.0,481.0,-202.0,171.0,-76.0,23.0,53.0,247.0,314.0,,,31.0,279.0,-40.0,,239.0,0.0,0.0,0.0,239.0,0.0,239.0,-1.0,0.0,238.0,244.0,6.0,477.944779,0.497965,0.497965,0.510519,478.442686,0.497447,0.497447,0.509988,
03/31/2010,3569.0,3406.0,,,,0.0,163.0,-1252.0,1252.0,1014.0,238.0,,,,0.0,2317.0,-1559.0,271.0,408.0,207.0,673.0,758.0,-205.0,209.0,-41.0,24.0,17.0,250.0,250.0,,,-4.0,553.0,-207.0,,346.0,0.0,0.0,0.0,346.0,-1.0,345.0,-1.0,0.0,344.0,344.0,0.0,478.429535,0.72,0.72,0.72,478.844632,0.72,0.72,0.72,
06/30/2010,3360.0,3186.0,,,,,174.0,-1122.0,1122.0,895.0,227.0,,,,,2238.0,-1844.0,243.0,405.0,202.0,994.0,394.0,-192.0,193.0,-56.0,19.0,37.0,249.0,249.0,,,-1.0,202.0,-65.0,,137.0,0.0,0.0,0.0,137.0,-1.0,136.0,-1.0,0.0,135.0,344.0,209.0,479.050774,0.28,0.28,0.718087,479.176543,0.28,0.28,0.716165,
09/30/2010,4064.0,3876.0,,,,,188.0,-1436.0,1436.0,1189.0,247.0,,,,,2628.0,-1603.0,262.0,424.0,210.0,707.0,1025.0,-210.0,213.0,-38.0,17.0,21.0,251.0,251.0,,,-3.0,815.0,-258.0,,557.0,0.0,0.0,0.0,557.0,-1.0,556.0,-2.0,0.0,554.0,554.0,0.0,479.578139,1.16,1.16,1.16,479.750447,1.16,1.16,1.16,
12/31/2010,3434.0,3247.0,,,,,187.0,-1219.0,1219.0,931.0,288.0,0.0,0.0,0.0,,2215.0,-1729.0,,404.0,201.0,1124.0,486.0,-195.0,199.0,-50.0,17.0,33.0,249.0,249.0,,,-4.0,291.0,-113.0,,178.0,0.0,0.0,0.0,178.0,-1.0,177.0,-1.0,0.0,176.0,166.9,-9.1,479.373306,0.37,0.37,0.348163,479.601442,0.37,0.37,0.348163,
03/31/2011,3730.0,3497.0,,,,,233.0,-1331.0,1331.0,1056.0,275.0,,,,,2399.0,-1567.0,265.0,403.0,213.0,686.0,832.0,-199.0,205.0,-37.0,20.0,17.0,242.0,242.0,,,-6.0,633.0,-278.0,,355.0,0.0,0.0,0.0,355.0,-1.0,354.0,-1.0,0.0,353.0,367.85,14.85,481.14427,0.73,0.73,0.764532,481.365806,0.73,0.73,0.76085,
06/30/2011,3609.0,3360.0,,,,,249.0,-1267.0,1267.0,980.0,287.0,,,,,2342.0,-1625.0,316.0,410.0,202.0,697.0,717.0,-190.0,196.0,-43.0,23.0,20.0,239.0,239.0,,,-6.0,527.0,-174.0,,353.0,0.0,0.0,0.0,353.0,-1.0,352.0,0.0,0.0,352.0,352.0,0.0,481.928494,0.73,0.73,0.73,482.203255,0.73,0.73,0.73,
09/30/2011,4333.0,4044.0,,,,,289.0,-1665.0,1665.0,1371.0,294.0,,,,,2668.0,-1778.0,283.0,445.0,213.0,837.0,890.0,101.0,-94.0,-336.0,26.0,310.0,242.0,242.0,,,-7.0,991.0,-334.0,,657.0,-273.0,0.0,-273.0,930.0,-1.0,929.0,-1.0,0.0,928.0,1143.0,488.0,482.498734,1.92,1.35,2.368918,482.796945,1.92,1.35,2.360777,
12/31/2011,3444.0,3216.0,,,,0.0,228.0,-1349.0,1349.0,1014.0,335.0,,,,,2095.0,-1752.0,,397.0,196.0,1159.0,343.0,-100.0,108.0,-102.0,29.0,73.0,210.0,210.0,,,-8.0,243.0,-32.0,,211.0,-100.0,0.0,-100.0,311.0,,311.0,-3.0,0.0,308.0,189.15,-18.85,482.169,0.64,0.431384,0.39229,482.46,0.64,0.431384,0.39229,
03/31/2012,3625.0,3363.0,,,,0.0,262.0,-1313.0,1313.0,1053.0,260.0,,,,0.0,2312.0,-1558.0,262.0,423.0,217.0,656.0,754.0,-175.0,184.0,-45.0,23.0,22.0,229.0,229.0,,,-9.0,579.0,-189.0,,390.0,0.0,0.0,0.0,390.0,-1.0,389.0,0.0,0.0,389.0,387.7,-1.3,483.828101,0.8,0.8,0.801318,484.248868,0.8,0.8,0.797315,
06/30/2012,3551.0,3235.0,,,,0.0,316.0,-1172.0,1172.0,904.0,268.0,,,,0.0,2379.0,-1638.0,252.0,460.0,207.0,719.0,741.0,-188.0,198.0,-37.0,24.0,13.0,235.0,235.0,,,-10.0,553.0,-190.0,,363.0,0.0,0.0,0.0,363.0,-1.0,362.0,0.0,0.0,362.0,370.65,8.65,484.500029,0.75,0.75,0.765015,484.86069,0.75,0.75,0.765015,
09/30/2012,4156.0,3814.0,,,,,342.0,-1507.0,1507.0,1180.0,327.0,,,,0.0,2649.0,-1737.0,255.0,470.0,224.0,788.0,912.0,-183.0,197.0,-36.0,23.0,13.0,233.0,233.0,,,-14.0,729.0,-241.0,,488.0,0.0,0.0,0.0,488.0,-1.0,487.0,0.0,0.0,487.0,494.05,7.05,484.979543,1.0,1.0,1.018703,485.362858,1.0,1.0,1.014525,
12/31/2012,3613.0,3305.0,,,,0.0,308.0,-1288.0,1288.0,974.0,314.0,0.0,0.0,0.0,,2325.0,-2076.0,,429.0,202.0,1445.0,249.0,-244.0,255.0,-36.0,23.0,13.0,291.0,291.0,,,-11.0,5.0,16.0,,21.0,0.0,0.0,0.0,21.0,0.0,21.0,0.0,0.0,21.0,227.65,206.65,485.0,0.05,0.05,0.469381,485.0,0.05,0.05,0.469381,
03/31/2013,3826.0,3489.0,,,,,337.0,-1402.0,1402.0,1031.0,371.0,0.0,0.0,0.0,0.0,2424.0,-1669.0,293.0,420.0,218.0,738.0,755.0,-196.0,210.0,-22.0,15.0,7.0,232.0,232.0,,,-14.0,559.0,-195.0,,364.0,0.0,0.0,0.0,364.0,-1.0,363.0,0.0,0.0,363.0,368.0,5.0,485.823668,0.75,0.75,0.757476,486.344036,0.75,0.75,0.757476,
06/30/2013,3582.0,3253.0,,,,0.0,329.0,-1267.0,1267.0,908.0,359.0,0.0,0.0,0.0,0.0,2315.0,-1768.0,285.0,443.0,222.0,818.0,547.0,-140.0,154.0,-74.0,17.0,57.0,228.0,228.0,,,-14.0,407.0,-68.0,,339.0,0.0,0.0,0.0,339.0,-1.0,338.0,0.0,0.0,338.0,357.0,19.0,486.293026,0.69,0.69,0.734125,486.763615,0.69,0.69,0.729033,
09/30/2013,4176.0,3797.0,,,,0.0,379.0,-1541.0,1541.0,1168.0,373.0,0.0,0.0,0.0,0.0,2635.0,-1760.0,261.0,447.0,231.0,821.0,875.0,-184.0,195.0,-30.0,19.0,11.0,225.0,225.0,,,-11.0,691.0,-257.0,,434.0,0.0,0.0,0.0,434.0,-1.0,433.0,0.0,0.0,433.0,533.0,100.0,486.932747,0.89,0.89,1.094607,487.258905,0.89,0.89,1.094607,
12/31/2013,3773.0,3641.0,,,,0.0,132.0,-1349.0,1349.0,961.0,388.0,0.0,0.0,0.0,,2424.0,-1746.0,,433.0,220.0,1093.0,678.0,-167.0,186.0,-35.0,22.0,13.0,221.0,221.0,,,-19.0,511.0,-164.0,,347.0,0.0,0.0,0.0,347.0,-1.0,346.0,0.0,0.0,346.0,346.0,-54.0,487.0,0.71,0.71,0.599589,487.0,0.71,0.71,0.599117,
03/31/2014,4648.0,3864.1,,,0.0,0.0,783.9,-1806.0,1806.0,1168.0,638.0,0.0,0.0,0.0,0.0,2842.0,-1801.0,292.0,491.0,238.0,780.0,1041.0,-173.0,191.0,-29.0,22.0,7.0,220.0,220.0,,,-18.0,868.0,-307.0,,561.0,0.0,0.0,0.0,561.0,-1.0,560.0,0.0,0.0,560.0,560.0,0.0,487.867089,1.15,1.15,1.15,488.271167,1.15,1.15,1.15,
06/30/2014,4044.0,3873.0,,,,0.0,171.0,-1516.0,1516.0,1043.0,473.0,0.0,0.0,0.0,0.0,2528.0,-1761.0,340.0,443.0,218.0,760.0,767.0,-161.0,193.0,-28.0,25.0,3.0,221.0,221.0,,,-32.0,606.0,-215.0,,391.0,0.0,0.0,0.0,391.0,-1.0,390.0,0.0,0.0,390.0,390.0,0.0,488.291576,0.8,0.8,0.8,488.538227,0.8,0.8,0.8,
09/30/2014,4161.0,4133.0,,,,0.0,28.0,-1529.0,1529.0,1080.0,449.0,,,,0.0,2632.0,-1727.0,313.0,499.0,230.0,685.0,905.0,-182.0,189.0,-28.0,27.0,1.0,217.0,217.0,,,-7.0,723.0,-264.0,24.0,483.0,-11.0,-11.0,0.0,494.0,-1.0,493.0,0.0,0.0,493.0,482.0,0.0,488.912892,1.01,0.99,0.99,488.970647,1.01,0.99,0.99,
12/31/2014,3820.0,4266.5,3430.0,836.5,0.0,0.0,-446.5,-1507.0,1507.0,981.0,526.0,0.0,0.0,0.0,,2313.0,-1882.0,,479.0,222.0,1181.0,431.0,-151.0,176.0,-42.0,29.0,13.0,218.0,218.0,,,-25.0,280.0,-120.0,,160.0,-32.0,-32.0,0.0,192.0,-1.0,191.0,0.0,0.0,191.0,200.0,41.0,489.0,0.390593,0.325153,0.408998,489.0,0.390593,0.325153,0.408998,
03/31/2015,4580.4,4552.9,3693.7,859.2,0.0,0.0,27.5,-1789.6,1789.6,1071.2,718.4,0.0,0.0,0.0,0.0,2790.8,-1688.0,285.6,495.4,245.7,661.3,1102.8,-155.4,187.6,-31.1,29.7,1.4,218.7,218.7,,,-32.2,947.4,-327.2,,620.2,-10.5,-10.5,0.0,630.7,-1.5,629.2,0.0,0.0,629.2,614.3,-4.4,489.597986,1.29,1.27,1.254703,489.936726,1.29,1.27,1.254703,
06/30/2015,3826.7,3794.2,3166.6,627.6,0.0,0.0,32.5,-1356.1,1356.1,755.3,600.8,0.0,0.0,0.0,0.0,2470.6,-1666.5,326.0,497.7,239.4,603.4,804.1,-173.8,182.0,-37.2,34.1,3.1,219.2,219.2,,,-8.2,630.3,-224.3,25.4,431.4,0.1,0.0,0.1,431.3,-1.3,430.0,0.0,0.0,430.0,429.1,-1.0,490.207482,0.88,0.88,0.875344,490.48445,0.88,0.88,0.875344,
09/30/2015,4431.4,4401.2,3599.4,801.8,0.0,0.0,30.2,-1686.7,1686.7,955.9,730.8,0.0,0.0,0.0,0.0,2744.7,-1784.5,311.5,534.9,248.2,689.9,960.2,-184.2,186.0,-34.2,32.6,1.6,220.2,220.2,,,-1.8,776.0,-275.6,11.4,511.8,-7.8,0.0,-7.8,519.6,-1.3,518.3,0.0,0.0,518.3,513.4,2.9,490.648929,1.06,1.04,1.046369,490.800335,1.06,1.04,1.045909,
12/31/2015,3614.7,3740.6,3134.6,606.0,0.0,0.0,-125.9,-1275.1,1275.1,565.0,710.1,0.0,0.0,0.0,0.0,2339.6,-1872.5,,481.7,239.3,1151.5,467.1,-169.4,173.4,-42.4,35.5,6.9,215.8,215.8,,,-4.0,297.7,-92.5,,205.2,-265.5,-265.5,0.0,470.7,-1.1,469.6,0.0,0.0,469.6,-32.8,-236.9,491.0,0.96,0.415682,-0.066802,491.0,0.96,0.415682,-0.066802,
03/31/2016,4044.9,4009.3,3295.4,713.9,0.0,0.0,35.6,-1407.0,1407.0,675.6,731.4,0.0,0.0,0.0,0.0,2637.9,-1745.0,278.7,497.1,254.1,715.1,892.9,-154.3,183.2,-33.8,31.7,2.1,217.0,217.0,,,-28.9,738.6,-235.5,,503.1,0.0,0.0,0.0,503.1,-1.9,501.2,0.0,0.0,501.2,501.2,0.0,491.108392,1.02,1.02,1.02,491.332305,1.02,1.02,1.02,
06/30/2016,3892.9,3839.7,3184.4,655.3,,0.0,53.2,-1309.6,1309.6,680.4,629.2,0.0,0.0,0.0,0.0,2583.3,-1717.1,289.4,513.8,249.4,664.5,866.2,-187.4,193.7,-31.2,28.8,2.4,224.9,224.9,,,-6.3,678.8,-165.0,-7.4,506.4,2.5,0.0,2.5,503.9,-1.8,502.1,0.0,0.0,502.1,464.755,-39.845,491.459541,1.02,1.03,0.945663,491.6414,1.02,1.03,0.945663,
09/30/2016,4652.2,4607.0,3783.7,823.3,,0.0,45.2,-1654.1,1654.1,880.1,774.0,0.0,0.0,0.0,0.0,2998.1,-4126.0,286.3,539.3,264.4,3036.0,-1127.9,-196.0,197.7,-27.6,25.6,2.0,225.3,225.3,,,-1.7,-1323.9,534.5,25.2,-764.2,0.0,0.0,0.0,-764.2,-1.6,-765.8,0.0,0.0,-765.8,639.31,1405.11,491.697809,-1.56,-1.56,1.300209,491.813858,-1.56,-1.56,1.296996,
12/31/2016,3790.1,3942.9,3248.1,694.8,0.0,0.0,-152.8,-1359.6,1359.6,672.8,686.8,0.0,0.0,0.0,0.0,2430.5,-1854.6,,412.1,250.1,1192.4,575.9,-168.8,168.8,-41.2,27.1,14.1,210.0,210.0,,,0.0,407.1,-60.3,28.4,375.2,0.0,0.0,0.0,375.2,-1.8,373.4,0.0,0.0,373.4,329.88,-43.52,492.0,0.76,0.76,0.670488,492.0,0.76,0.76,0.670488,
03/31/2017,3933.3,3895.0,3336.2,558.8,0.0,0.0,38.3,-1405.2,1405.2,635.6,769.6,0.0,0.0,0.0,0.0,2528.1,-1442.4,303.5,481.9,259.8,397.2,1085.7,-175.3,192.6,-29.2,21.2,8.0,221.8,221.8,,,-17.3,910.4,-343.2,27.0,594.2,0.0,0.0,0.0,594.2,-2.0,592.2,0.0,0.0,592.2,474.3,-117.9,491.712042,1.2,1.2,0.964589,492.031975,1.2,1.2,0.960381,
06/30/2017,3576.5,3508.8,3122.3,386.5,,0.0,67.7,-1191.5,1191.5,522.3,669.2,,,,0.0,2385.0,-1651.7,290.1,485.5,259.6,616.5,733.3,-182.5,199.6,-23.3,21.0,2.3,222.9,222.9,,,-17.1,550.8,-190.6,16.0,376.2,0.0,0.0,0.0,376.2,-1.2,375.0,0.0,0.0,375.0,370.4,-4.6,491.790752,0.76,0.76,0.753166,492.6421,0.76,0.76,0.750663,
09/30/2017,4104.7,4045.0,3603.5,441.5,,0.0,59.7,-1425.5,1425.5,707.4,718.1,,,,0.0,2679.2,-1704.1,269.0,518.5,272.6,644.0,975.1,-174.5,200.9,-22.4,20.0,2.4,223.3,223.3,,,-26.4,800.6,-264.0,20.1,556.7,0.0,0.0,0.0,556.7,-12.0,544.7,0.0,0.0,544.7,535.04,-9.66,491.840722,1.11,1.11,1.087832,492.986307,1.1,1.1,1.080405,
12/31/2017,3810.4,3997.4,3589.8,407.6,0.0,0.0,-187.0,-1289.6,1289.6,481.2,808.4,0.0,0.0,0.0,0.0,2520.8,-1778.6,281.9,511.3,267.4,718.0,742.2,-187.8,187.8,-39.2,31.5,7.7,227.0,227.0,,,0.0,554.4,-171.9,19.3,401.8,0.0,0.0,0.0,401.8,-1.1,400.7,0.0,0.0,400.7,420.1,19.4,492.0,0.81,0.81,0.853862,492.0,0.81,0.81,0.849431,
03/31/2018,4048.3,4000.2,3522.7,477.5,0.0,0.0,48.1,-1492.1,1492.1,501.8,990.3,0.0,0.0,0.0,0.0,2556.2,-1850.2,298.5,539.7,285.6,726.4,706.0,-165.8,201.2,-32.8,30.7,2.1,234.0,234.0,,,-35.4,540.2,-102.0,18.5,456.7,0.0,0.0,0.0,456.7,-2.3,454.4,0.0,0.0,454.4,473.2,18.8,492.267402,0.92,0.92,0.961266,493.1273,0.92,0.92,0.958124,
06/30/2018,4013.2,3903.9,3468.6,435.3,,0.0,109.3,-1343.6,1343.6,566.9,776.7,,,,0.0,2669.6,-1912.6,295.9,553.2,283.2,780.3,757.0,-173.4,204.8,-37.5,30.8,6.7,242.3,242.3,,,-31.4,583.6,-72.2,18.7,530.1,0.0,0.0,0.0,530.1,-1.7,528.4,0.0,0.0,528.4,498.3,-30.1,492.688342,1.07,1.07,1.01139,493.505085,1.07,1.07,1.009008,
09/30/2018,4333.1,4277.6,3791.1,486.5,,0.0,55.5,-1625.1,1625.1,840.4,784.7,,,,0.0,2708.0,-2039.4,316.6,602.6,294.2,826.0,668.6,-187.7,219.6,-37.2,30.9,6.3,256.8,256.8,,,-31.9,480.9,80.7,18.1,579.7,0.0,0.0,0.0,579.7,-2.1,577.6,0.0,0.0,577.6,619.1,41.5,492.984741,1.17,1.17,1.25582,493.940543,1.17,1.17,1.254018,
12/31/2018,3801.1,4045.8,3592.9,452.9,0.0,0.0,-244.7,-1325.7,1325.7,450.3,875.4,0.0,0.0,0.0,0.0,2475.4,-1924.3,336.4,591.1,279.7,717.1,551.1,-182.3,210.9,-40.4,40.1,0.3,251.3,251.3,,,-28.6,368.8,-21.8,17.8,364.8,0.0,0.0,0.0,364.8,-1.4,363.4,0.0,0.0,363.4,354.4,-9.0,493.0,0.74,0.74,0.718864,493.0,0.74,0.74,0.718864,
03/31/2019,4056.8,3991.8,3552.1,439.7,,0.0,65.0,-1412.2,1412.2,550.4,861.8,,,,0.0,2644.6,-1856.2,274.5,605.8,309.9,666.0,788.4,-188.3,226.9,-28.9,28.9,,255.8,255.8,,,-38.6,600.1,-44.5,18.5,574.1,0.0,0.0,0.0,574.1,-1.3,572.8,0.0,0.0,572.8,584.8,12.0,493.309076,1.16,1.16,1.185464,494.484144,1.16,1.16,1.184268,
06/30/2019,3573.6,3500.9,3118.0,382.9,,0.0,72.7,-1141.6,1141.6,480.9,660.7,,,,0.0,2432.0,-1881.0,348.7,622.6,302.3,607.4,551.0,-163.7,193.7,-57.0,50.4,6.6,250.7,250.7,,,-30.0,387.3,54.4,17.4,459.1,0.0,0.0,0.0,459.1,2.2,461.3,0.0,0.0,461.3,493.6,32.3,493.584347,0.93,0.93,1.000032,495.382966,0.93,0.93,0.995202,
09/30/2019,4315.0,4247.4,3746.2,501.2,,0.0,67.6,-1415.1,1415.1,631.2,783.9,,,,0.0,2899.9,-1941.7,267.7,645.2,320.5,708.3,958.2,-198.9,228.9,-46.2,43.0,3.2,275.1,275.1,,,-30.0,759.3,-40.6,15.2,733.9,0.0,0.0,0.0,733.9,-0.4,733.5,0.0,0.0,733.5,722.3,-11.2,493.839034,1.49,1.49,1.462622,495.461509,1.48,1.48,1.457395,
12/31/2019,3616.0,3917.0,3487.6,429.4,,0.0,-301.0,-1137.2,1137.2,278.4,858.8,,,,0.0,2478.8,-2184.1,323.0,640.9,301.8,918.4,294.7,-206.6,236.7,-54.2,46.1,8.1,290.9,290.9,,,-30.1,88.1,43.6,21.0,152.7,0.0,0.0,0.0,152.7,0.8,153.5,0.0,0.0,153.5,179.1,25.6,494.0,0.31,0.31,0.362551,494.0,0.31,0.31,0.361822,
03/31/2020,3747.5,3676.6,3268.2,408.4,,0.0,70.9,-1151.0,1151.0,355.3,795.7,,,,0.0,2596.5,-1844.9,249.5,672.2,321.1,602.1,751.6,-235.4,260.7,-31.4,31.4,,292.1,292.1,,,-25.3,516.2,-46.5,29.6,499.3,0.0,0.0,0.0,499.3,-4.1,495.2,0.0,0.0,495.2,501.5,6.3,494.596869,1.0,1.0,1.013957,496.608918,1.0,1.0,1.012686,
06/30/2020,3494.0,3421.9,3071.7,350.2,,0.0,72.1,-964.9,964.9,360.3,604.6,,,,0.0,2529.1,-1806.4,243.4,679.5,317.5,566.0,722.7,-214.8,244.6,-49.4,35.1,14.3,294.0,294.0,,,-29.8,507.9,-12.6,19.2,514.5,0.0,0.0,0.0,514.5,6.3,520.8,0.0,0.0,520.8,521.0,0.2,495.655053,1.05,1.05,1.051134,497.33798,1.05,1.05,1.050402,
09/30/2020,4405.0,,,,,,,,,,,,,,,,,,,,,1103.333,,,,,,,,,,,868.0,,,704.4,,,,,,704.4,,,704.4,722.143,,,1.432,1.432,1.468,,1.432,1.432,1.468,
12/31/2020,4087.833,,,,,,,,,,,,,,,,,,,,,680.333,,,,,,,,,,,441.333,,,412.6,,,,,,412.6,,,412.6,392.0,,,0.802,0.802,0.765,,0.802,0.802,0.765,
