Date,Revenue,Sales & Services Revenue,Cost of Revenue,Cost of Goods & Services,Gross Profit,Other Operating Income,Operating Expenses,"Selling, General & Admin",General & Administrative,Other Operating Expense,Operating Income (Loss),Non-Operating (Income) Loss,"Interest Expense, Net",Interest Expense,Interest Income,Foreign Exch (Gain) Loss,(Income) Loss from Affiliates,Other Non-Op (Income) Loss,Pretax Income,Income Tax Expense (Benefit),Income (Loss) from Cont Ops,Net Extraordinary Losses (Gains),Discontinued Operations,XO & Accounting Changes,Income (Loss) Incl. MI,Minority Interest,"Net Income, GAAP",Preferred Dividends,Other Adjustments,"Net Income Avail to Common, GAAP","Net Income Avail to Common, Adj",Net Abnormal Losses (Gains),Basic Weighted Avg Shares,"Basic EPS, GAAP",Basic EPS from Cont Ops,"Basic EPS from Cont Ops, Adjusted",Diluted Weighted Avg Shares,"Diluted EPS, GAAP",Diluted EPS from Cont Ops,"Diluted EPS from Cont Ops, Adjusted",Source: Bloomberg
03/31/1991,72.885002,,-41.306,,31.579002,,-1.397,,,,30.181999,-19.756,,20.055,,,,-0.299,10.425999,-1.531,8.895,0.0,,,8.894999,-0.222,8.673,0.0,,8.673,8.673,,243.646507,0.035599,0.035599,0.035599,243.646507,0.035599,0.035599,0.035599,
06/30/1991,81.336998,,-46.237,,35.099998,,-2.568,,,,32.532001,-20.515,,21.048,,,,-0.533,12.017001,-1.763,10.254,0.0,,,10.254001,-0.262,9.992,0.0,,9.992,9.992,,247.002231,0.040453,0.040453,0.040453,247.002231,0.040453,0.040453,0.040453,
09/30/1991,92.318001,,-52.908001,,39.41,,-2.156,,,,37.254002,-21.137,,22.733,,,,-1.596,16.117002,-2.392,13.725,0.0,,,13.725002,-0.173,13.552,0.0,,13.552,13.552,,270.164878,0.050162,0.050162,0.050162,270.164878,0.050162,0.050162,0.050162,
12/31/1991,86.967003,,-51.405998,,35.561005,,-3.444,,,,32.117001,-19.385,,20.951,,,,-1.566,12.732,-1.836975,10.895,0.0,,,10.895025,-0.486,10.409,0.0,,10.409,10.409,,268.03277,0.038835,0.038835,0.038835,268.03277,0.038835,0.038835,0.038835,
03/31/1992,89.018997,,-51.34,,37.678997,,-2.676,,,,35.002998,-20.593,,21.444,,,,-0.851,14.409998,-2.112,12.298,0.0,,,12.297998,-0.333,11.965,0.0,,11.965,11.965,,273.866692,0.043689,0.043689,0.043689,273.866692,0.043689,0.043689,0.043689,
06/30/1992,87.160004,,-50.625999,,36.534004,,-2.542,,,,33.992001,-19.841,,21.659,,,,-1.818,14.151,-2.104,12.047,0.0,,,12.047,-0.12,11.927,0.0,,11.927,11.927,,272.995319,0.043689,0.043689,0.043689,272.995319,0.043689,0.043689,0.043689,
09/30/1992,107.620003,,-61.504002,,46.116001,,-4.993,,,,41.123001,-21.234999,,24.299999,,,,-3.065,19.888002,-3.085,16.802999,0.0,,,16.803002,-0.059,16.743999,0.0,,16.743999,16.743999,,279.66973,0.059871,0.059871,0.059871,279.66973,0.059871,0.059871,0.059871,
12/31/1992,117.194,,-66.968002,,50.225998,,-7.529,,,,42.696999,-25.253999,,29.754999,,,,-4.501,17.442999,-2.051,15.392,0.0,,,15.391999,-0.219,15.173,0.0,,15.173,15.173,,284.150221,0.053398,0.053398,0.053398,284.150221,0.053398,0.053398,0.053398,
03/31/1993,129.503006,,-67.68,,61.823006,,-8.904,,,,52.918999,-26.174999,,30.039,,,,-3.864,26.743999,-5.469,21.275,0.0,,,21.274999,-0.204,21.070999,0.0,,21.070999,21.070999,,280.751225,0.074434,0.074434,0.074434,280.751225,0.074434,0.074434,0.074434,
06/30/1993,128.822006,,-66.970001,,61.852005,,-8.583,,,,53.269001,-26.006001,,30.985001,,,,-4.979,27.263,-5.35,21.913,0.0,,,21.913001,-0.102,21.811001,0.0,,21.811001,21.811001,,282.506348,0.07767,0.07767,0.07767,282.506348,0.07767,0.07767,0.07767,
09/30/1993,129.235992,,-65.639,,63.596992,,-8.808,,,,54.789001,-25.448,,32.0,,,,-6.552,29.341002,-5.742,23.599001,0.857,,,22.742001,0.382,23.124001,0.0,,23.124001,23.124001,,299.760907,0.07767,0.080906,0.080906,299.760907,0.07767,0.080906,0.080906,
12/31/1993,131.149994,,-68.411003,,62.738991,,-30.753,,,,31.986,-25.908001,,31.995001,,,,-6.087,6.077999,-1.566,4.512,-0.857,,,5.368999,-0.11,5.259,0.0,,5.259,5.259,,311.42875,0.016181,0.012945,0.012945,311.42875,0.016181,0.012945,0.012945,
03/31/1994,125.221001,,-64.906998,,60.314003,,-6.255,,,,54.058998,-23.334,,30.198,,,,-6.864,30.724998,-9.082,21.643,-3.856,,,25.498998,-0.702,24.797001,0.0,,24.797001,24.797001,,303.171997,0.0825,0.07,0.07,303.171997,0.0825,0.07,0.07,
06/30/1994,135.994995,,-67.136002,,68.858994,,-6.646,,,,62.213001,-23.405001,,31.909,,,,-8.504,38.808001,-12.073,26.735001,0.0,,,26.735001,-1.094,25.641001,0.0,,25.641001,25.641001,,302.667999,0.085,0.085,0.085,302.667999,0.085,0.085,0.085,
09/30/1994,136.393997,,-69.260002,,67.133995,,-8.867,,,,58.266998,-20.552,,30.149,,,,-9.597,37.714998,-11.525,26.190001,0.0,,,26.189999,-0.626,25.563999,0.0,,25.563999,25.563999,,302.932007,0.085,0.085,0.085,302.932007,0.085,0.085,0.085,
12/31/1994,135.089996,,-67.696999,,67.392998,,-9.832,,,,57.561001,-20.209001,,29.544001,,,,-9.335,37.352,-10.82,26.532,2.056,,,24.476001,-0.378,24.098,0.0,,24.098,24.098,,303.600006,0.08,0.0875,0.0875,303.600006,0.08,0.0875,0.0875,
03/31/1995,137.5,,-71.400002,,66.099998,,-7.5,,,,58.599998,-19.5,,29.0,,,,-9.5,39.099998,-13.5,25.6,0.0,,,25.599998,-0.8,24.799999,0.0,,24.799999,24.799999,,303.200012,0.0825,0.0825,0.0825,303.200012,0.0825,0.0825,0.0825,
06/30/1995,167.300003,,-100.199997,,67.100006,,-6.5,,,,60.599998,-20.1,,30.5,,,,-10.4,40.499998,-14.7,25.799999,0.0,,,25.799998,0.7,26.5,0.0,,26.5,26.5,,303.600006,0.0875,0.0875,0.0875,303.600006,0.0875,0.0875,0.0875,
09/30/1995,174.100006,,-101.300003,,72.800003,,-7.7,,,,65.099998,-21.800001,,30.700001,,,,-8.9,43.299997,-14.8,28.5,0.0,,,28.499997,-1.2,27.299999,0.0,,27.299999,27.299999,,304.0,0.09,0.09,0.09,304.0,0.09,0.09,0.09,
12/31/1995,206.100006,,-132.100006,,74.0,,-10.3,,,,63.700001,-19.599999,,31.799999,,,,-12.2,44.100001,-14.0,30.1,0.0,,,30.100001,-1.7,28.4,0.0,,28.4,28.4,,303.399994,0.0925,0.0925,0.0925,303.399994,0.0925,0.0925,0.0925,
03/31/1996,172.0,,-100.0,,72.0,,-9.0,,,,63.0,-18.0,,28.0,,,,-10.0,45.0,-15.0,30.0,0.0,,,30.0,-1.0,29.0,0.0,,29.0,29.0,,304.399994,0.095,0.095,0.095,304.399994,0.095,0.095,0.095,
06/30/1996,174.0,,-99.0,,75.0,,-6.0,,,,69.0,-24.0,,31.0,,,,-7.0,45.0,-16.0,29.0,0.0,,,29.0,-1.0,28.0,0.0,,28.0,28.0,,294.735992,0.095,0.095,0.095,311.112,0.09,0.09,0.09,
09/30/1996,205.0,,-122.0,,83.0,,-8.0,,,,75.0,-23.0,,38.0,,,,-15.0,52.0,-16.0,36.0,0.0,,,36.0,-4.0,32.0,0.0,,32.0,32.0,,310.0,0.105,0.105,0.105,310.0,0.105,0.105,0.105,
12/31/1996,284.0,,-181.0,,103.0,,-32.0,,,,71.0,-20.0,,47.0,,,,-27.0,51.0,-13.0,38.0,0.0,,,38.0,-2.0,36.0,0.0,,36.0,36.0,,315.359985,0.115,0.115,0.115,315.359985,0.115,0.115,0.115,
03/31/1997,261.0,,-167.0,,94.0,,-16.0,,,,78.0,-20.0,,44.0,,,,-24.0,58.0,-16.0,42.0,0.0,,,42.0,-2.0,40.0,0.0,,40.0,40.0,,307.691986,0.13,0.13,0.13,320.0,0.125,0.125,0.125,
06/30/1997,261.0,,-163.0,,98.0,,-6.0,,,,92.0,-27.0,,48.0,,,,-21.0,65.0,-19.0,46.0,0.0,,,46.0,-4.0,42.0,0.0,,42.0,42.0,,323.075989,0.13,0.13,0.13,336.0,0.125,0.125,0.125,
09/30/1997,358.0,,-246.0,,112.0,,-19.0,,,,93.0,-24.0,,62.0,,,,-38.0,69.0,-15.0,54.0,3.0,,,51.0,-4.0,47.0,0.0,,47.0,47.0,,346.200012,0.135,0.145,0.145,356.799988,0.13,0.14,0.14,
12/31/1997,531.0,,-405.0,,126.0,,-21.0,,,,105.0,-34.0,,90.0,,,,-56.0,71.0,-6.0,65.0,0.0,,,65.0,-9.0,56.0,0.0,,56.0,56.0,,350.0,0.16,0.16,0.16,350.0,0.16,0.16,0.16,
03/31/1998,575.0,,-397.0,,178.0,,-30.0,,,,148.0,-32.0,,101.0,,,,-69.0,116.0,-33.0,83.0,0.0,,,83.0,-18.0,65.0,0.0,,65.0,65.0,,350.200012,0.185,0.185,0.185,372.600006,0.185,0.185,0.185,
06/30/1998,565.0,,-385.0,,180.0,,-12.0,,,,168.0,-39.0,,99.0,,,,-60.0,129.0,-36.0,93.0,0.0,,,93.0,-22.0,71.0,0.0,,71.0,71.0,,351.200012,0.205,0.205,0.205,375.0,0.195,0.195,0.195,
09/30/1998,612.0,,-400.0,,212.0,,-12.0,,,,200.0,-69.0,,126.0,,,,-57.0,131.0,-30.0,101.0,-2.0,,,103.0,-22.0,81.0,0.0,,81.0,81.0,,357.200012,0.225,0.22,0.22,379.399994,0.22,0.215,0.215,
12/31/1998,646.0,,-405.0,,241.0,,-24.0,,,,217.0,-47.0,,159.0,,,,-112.0,170.0,-46.0,124.0,-2.0,,,126.0,-32.0,94.0,0.0,,94.0,94.0,,353.843994,0.26,0.255,0.255,375.51001,0.245,0.24,0.24,
03/31/1999,638.0,,-409.0,,229.0,,-25.0,,,,204.0,-205.0,133.0,133.0,,,,72.0,-1.0,6.0,5.0,0.0,,,5.0,-18.0,-13.0,0.0,,-13.0,-13.0,,361.2,-0.035,-0.035,0.195,361.2,-0.035,-0.035,0.195,
06/30/1999,640.0,,-421.0,,219.0,,-6.0,,,,213.0,-94.0,143.0,143.0,,,,-49.0,119.0,-34.0,85.0,0.0,,,85.0,-14.0,71.0,0.0,,71.0,71.0,,383.200012,0.19,0.19,0.22,406.600006,0.18,0.18,0.215,
09/30/1999,847.0,,-602.0,,245.0,,-20.0,,,,225.0,-129.0,141.0,141.0,,,,-12.0,96.0,-27.0,69.0,0.0,,,69.0,-11.0,58.0,0.0,,58.0,58.0,,383.799988,0.15,0.15,0.255,393.799988,0.145,0.145,0.25,
12/31/1999,1128.0,,-817.0,,311.0,,-28.0,,,,283.0,-77.0,224.0,224.0,,,,-147.0,206.0,-56.0,150.0,17.0,,,133.0,-21.0,112.0,0.0,,112.0,112.0,,407.272,0.275,0.315,0.295,430.77,0.26,0.3,0.28,
03/31/2000,1696.0,,-1220.0,,476.0,,-29.0,,,,447.0,-22.0,264.0,,,,,-242.0,425.0,-133.0,292.0,7.0,,,285.0,-18.0,267.0,,,267.0,267.0,,,0.295,0.3,0.3,,0.28,0.285,0.285,
06/30/2000,1751.0,,-1358.0,,393.0,,-19.0,,,,374.0,-157.0,261.0,,,,,-104.0,217.0,-60.0,157.0,,,,157.0,-17.0,140.0,,,140.0,140.0,,473.0,0.3,0.3,0.3,498.0,0.28,0.28,0.28,
09/30/2000,1995.0,,-1475.0,,520.0,,-21.0,,,,499.0,-228.0,339.0,339.0,,,,-111.0,271.0,-75.0,196.0,,,,196.0,-32.0,164.0,,,164.0,164.0,,496.0,0.33,0.33,0.33,523.0,0.32,0.32,0.32,
12/31/2000,1916.0,,-1423.0,,493.0,,-16.0,,,,477.0,-117.0,351.0,351.0,,0.0,,-234.0,360.0,-86.0,274.0,0.0,,,274.0,-53.0,221.0,0.0,,221.0,221.0,,501.0,0.46,0.46,0.5,501.0,0.46,0.46,0.5,
03/31/2001,2492.0,,-1854.0,,638.0,,-15.0,,,,623.0,-404.0,349.0,425.0,-76.0,24.0,,31.0,219.0,-65.0,154.0,11.0,,,143.0,-32.0,111.0,0.0,0.0,111.0,111.0,,531.0,0.21,0.23,0.44,544.0,0.21,0.23,0.42,
06/30/2001,1877.0,,-1417.0,,460.0,,-41.0,,,,419.0,-166.0,307.0,372.0,-65.0,-14.0,,-127.0,253.0,-81.0,172.0,31.0,,,141.0,-26.0,115.0,0.0,0.0,115.0,115.0,,531.0,0.22,0.28,0.34,538.0,0.21,0.27,0.33,
09/30/2001,1845.0,,-1362.0,,483.0,,-17.0,,,,466.0,-452.0,382.0,403.0,-21.0,-15.0,,85.0,14.0,1.0,15.0,3.0,,,12.0,-9.0,3.0,0.0,0.0,3.0,3.0,,531.0,0.01,0.01,0.28,537.0,0.01,0.01,0.28,
12/31/2001,2387.0,,-1705.0,,682.0,,-47.0,,,,635.0,-327.0,,,,0.0,,327.0,308.0,-81.0,227.0,146.0,,,81.0,-37.0,44.0,0.0,0.0,44.0,44.0,,541.0,0.08,0.35,0.28,550.0,0.08,0.35,0.28,
03/31/2002,2201.0,,-1526.0,,675.0,,-28.0,,,,647.0,-477.0,390.0,436.0,-46.0,70.0,,17.0,170.0,-62.0,108.0,431.0,,,-323.0,10.0,-313.0,0.0,,-313.0,-313.0,,534.0,-0.59,-0.67,0.36,541.0,-0.58,-0.66,0.37,
06/30/2002,2038.0,,-1602.0,,436.0,,-27.0,,,,409.0,-538.0,415.0,524.0,-109.0,136.0,,-13.0,-129.0,7.0,-122.0,14.0,,,-136.0,21.0,-115.0,0.0,,-115.0,-115.0,,535.0,-0.22,0.05,-0.39,535.0,-0.22,0.05,-0.39,
09/30/2002,1896.0,,-1357.0,,539.0,,-10.0,,,,529.0,-807.0,399.0,471.0,-72.0,243.0,,165.0,-278.0,91.0,-187.0,108.0,,,-295.0,-20.0,-315.0,,,-315.0,-315.0,,542.0,-0.58,-0.38,-0.38,542.0,-0.58,-0.38,-0.38,
12/31/2002,1245.0,,-945.0,,300.0,,-47.0,,,,253.0,-1360.0,281.0,313.0,-32.0,10.0,,1069.0,-1107.0,-321.0,-1428.0,1347.0,,,-2775.0,9.0,-2766.0,0.0,0.0,-2766.0,-2766.0,,545.0,-5.08,-4.5,0.03,545.0,-5.08,-4.5,0.03,
03/31/2003,1911.0,,-1337.0,,574.0,,-29.0,,,,545.0,-332.0,431.0,500.0,-69.0,-82.0,,-17.0,213.0,-51.0,162.0,38.0,,,124.0,-31.0,93.0,0.0,,93.0,93.0,,567.0,0.17,0.23,0.23,567.0,0.17,0.23,0.23,
06/30/2003,1992.0,,-1453.0,,539.0,,-32.0,,,,507.0,-282.0,462.0,518.0,-56.0,-107.0,,-73.0,225.0,-66.0,159.0,268.0,,,-109.0,-20.0,-129.0,0.0,0.0,-129.0,-129.0,,573.0,-0.22,0.24,0.28,577.0,-0.22,0.24,0.28,
09/30/2003,2231.0,,-1555.0,,676.0,,-36.0,,,,640.0,-523.0,422.0,504.0,-82.0,39.0,,62.0,117.0,-20.0,97.0,-14.0,,,111.0,-35.0,76.0,0.0,,76.0,76.0,,620.0,0.12,0.1,0.15,624.0,0.12,0.1,0.15,
12/31/2003,2281.0,,-1637.0,,644.0,,-106.0,,,,538.0,-412.0,-15.0,31.0,-46.0,-5.0,,432.0,126.0,-100.0,26.0,447.0,,,-421.0,-22.0,-443.0,0.0,,-443.0,-443.0,68.9,628.0,-0.71,0.01,0.12,628.0,-0.71,0.01,0.12,
03/31/2004,2257.0,,-1577.0,,680.0,,-48.0,,,,632.0,-431.0,424.0,493.0,-69.0,8.0,,-1.0,201.0,-64.0,137.0,26.0,,,111.0,-63.0,48.0,0.0,,48.0,48.0,,633.0,0.08,0.12,0.17,633.0,0.08,0.12,0.17,
06/30/2004,2262.0,,-1606.0,,656.0,,-42.0,,,,614.0,-423.0,400.0,470.0,-70.0,47.0,,-24.0,191.0,-17.0,174.0,29.0,,,145.0,-71.0,74.0,0.0,0.0,74.0,74.0,,638.0,0.12,0.16,0.2,645.0,0.11,0.16,0.2,
09/30/2004,2422.0,,-1686.0,,736.0,,-40.0,,,,696.0,-445.0,426.0,478.0,-52.0,22.0,,-3.0,251.0,-128.0,123.0,-7.0,,,130.0,-37.0,93.0,0.0,0.0,93.0,93.0,,646.0,0.14,0.13,0.14,653.0,0.14,0.13,0.14,
12/31/2004,2523.0,,-1817.0,,706.0,,-52.0,,,,654.0,-451.0,,493.0,-91.0,58.0,,-9.0,203.0,-148.0,55.0,-82.0,,,137.0,-36.0,101.0,0.0,0.0,101.0,101.0,,645.4,0.16,0.03,0.1,656.0,0.16,0.03,0.1,
03/31/2005,2663.0,,-1839.0,,824.0,,-49.0,,,,775.0,-398.0,377.0,467.0,-90.0,31.0,,-10.0,377.0,-147.0,230.0,0.0,,,230.0,-106.0,124.0,0.0,,124.0,124.0,,651.0,0.19,0.2,0.2,663.0,0.19,0.19,0.19,
06/30/2005,2649.0,,-2123.0,,526.0,,-45.0,,,,481.0,-295.0,382.0,475.0,-93.0,1.0,,-88.0,186.0,-80.0,106.0,2.0,,,104.0,-19.0,85.0,0.0,0.0,85.0,85.0,,652.0,0.13,0.13,0.11,663.0,0.13,0.13,0.11,
09/30/2005,2759.0,,-1862.0,,897.0,,-49.0,,,,848.0,-364.0,352.0,448.0,-96.0,21.0,,-9.0,484.0,-173.0,311.0,-30.0,,,341.0,-97.0,244.0,0.0,0.0,244.0,244.0,,651.0,0.38,0.33,0.32,663.0,0.37,0.32,0.31,
12/31/2005,2950.0,,-1998.0,,952.0,,-82.0,,,,870.0,-449.0,387.0,503.0,-116.0,48.0,,14.0,421.0,-125.0,296.0,-3.0,,,299.0,-147.0,152.0,0.0,0.0,152.0,152.0,,662.0,0.23,0.24,0.24,671.0,0.22,0.23,0.23,
03/31/2006,2817.0,,-1900.0,,917.0,,-57.0,,,,860.0,-263.0,304.0,418.0,-114.0,23.0,,-64.0,597.0,-186.0,411.0,-18.0,,,429.0,-81.0,348.0,0.0,0.0,348.0,348.0,,657.0,0.53,0.5,0.4,688.0,0.52,0.49,0.39,
06/30/2006,2862.0,,-1995.0,,867.0,,-58.0,,,,809.0,-359.0,345.0,432.0,-87.0,4.0,,10.0,450.0,-88.0,362.0,18.0,,,344.0,-169.0,175.0,0.0,0.0,175.0,175.0,,658.0,0.27,0.3,0.29,669.0,0.26,0.29,0.28,
09/30/2006,2947.0,,-2121.0,,826.0,,-67.0,,,,759.0,-937.0,358.0,473.0,-115.0,49.0,,530.0,-178.0,-5.0,-183.0,-41.0,,,-142.0,-185.0,-327.0,0.0,0.0,-327.0,-327.0,,658.0,-0.5,-0.56,0.3,658.0,-0.5,-0.56,0.3,
12/31/2006,2934.0,,-2145.0,,789.0,,-123.0,,,,666.0,-598.0,328.0,443.0,-118.0,-9.0,,282.0,68.0,-51.0,17.0,-29.0,,,46.0,-31.0,15.0,0.0,0.0,15.0,15.0,,658.0,0.02,-0.02,-0.02,658.0,0.02,-0.02,-0.02,
03/31/2007,3091.0,,-2242.0,,849.0,,-79.0,,,,770.0,-341.0,323.0,424.0,-101.0,-3.0,,21.0,429.0,-175.0,254.0,574.0,,,-320.0,-141.0,-461.0,0.0,0.0,-461.0,-461.0,,666.0,-0.69,0.17,0.24,677.0,-0.68,0.17,0.24,
06/30/2007,3340.0,,-2436.0,,904.0,,-89.0,,,,815.0,-6.0,276.0,412.0,-136.0,1.0,,-271.0,809.0,-275.0,534.0,32.0,,,502.0,-248.0,254.0,0.0,0.0,254.0,254.0,,667.0,0.38,0.43,0.42,692.0,0.37,0.42,0.41,
09/30/2007,3484.0,,-2637.0,,847.0,,-93.0,,,,754.0,-343.0,331.0,453.0,-122.0,-9.0,,21.0,411.0,-156.0,255.0,-12.0,,,267.0,-163.0,104.0,0.0,0.0,104.0,104.0,,666.0,0.16,0.14,0.19,675.0,0.15,0.14,0.19,
12/31/2007,3601.0,,-2809.0,,792.0,,-118.0,,,,674.0,-726.0,358.0,499.0,-141.0,-13.0,,381.0,-52.0,-73.0,-125.0,-12.0,,,-113.0,121.0,8.0,0.0,0.0,8.0,8.0,,668.0,0.01,-0.01,0.18,668.0,0.01,-0.01,0.18,
03/31/2008,4081.0,,-3039.0,,1042.0,0.0,-98.0,,,,944.0,-320.0,319.0,435.0,-116.0,-22.0,22.0,23.0,624.0,-239.0,407.0,-1.0,,,408.0,-175.0,233.0,,0.0,233.0,233.0,,671.0,0.35,0.35,0.37,679.0,0.34,0.34,0.36,
06/30/2008,4126.0,,-3097.0,,1029.0,0.0,-99.0,,,,930.0,547.0,336.0,469.0,-133.0,85.0,,-948.0,1477.0,-318.0,1159.0,-1.0,,,1160.0,-257.0,903.0,0.0,0.0,903.0,903.0,,672.0,1.34,1.34,0.17,694.0,1.31,1.31,0.17,
09/30/2008,4319.0,,-3357.0,,962.0,0.0,-90.0,,,,872.0,-343.0,302.0,458.0,-156.0,60.0,,-23.0,529.0,-168.0,361.0,2.0,,,359.0,-214.0,145.0,,0.0,145.0,145.0,,669.0,0.22,0.22,0.26,675.0,0.22,0.22,0.26,
12/31/2008,2832.0,,-2233.0,,599.0,,-84.0,,,,515.0,-437.0,,441.0,-114.0,61.0,,49.0,78.0,-46.0,32.0,-73.0,,,105.0,-152.0,-47.0,0.0,0.0,-47.0,-47.0,133.1915,661.0,-0.07,-0.18,0.02,661.0,-0.07,-0.18,0.02,
03/31/2009,3269.0,3269.0,-2413.0,2413.0,856.0,0.0,-84.0,84.0,84.0,0.0,772.0,-123.0,287.0,380.0,-93.0,39.0,7.0,-203.0,649.0,-174.0,482.0,-19.0,-19.0,0.0,501.0,-283.0,218.0,0.0,0.0,218.0,220.53,21.53,665.0,0.32782,0.31,0.331624,666.0,0.327327,0.31,0.331624,
06/30/2009,3291.0,3291.0,-2488.0,2488.0,803.0,0.0,-87.0,87.0,87.0,0.0,716.0,-158.0,279.0,368.0,-89.0,-28.0,50.0,-93.0,558.0,-105.0,503.0,-28.0,-28.0,0.0,531.0,-228.0,303.0,,0.0,303.0,215.85,-59.15,667.0,0.45,0.43,0.323613,684.0,0.45,0.43,0.323613,
09/30/2009,3652.0,3652.0,-2685.0,2685.0,967.0,0.0,-81.0,81.0,81.0,0.0,886.0,-287.0,316.0,406.0,-90.0,1.0,18.0,-30.0,599.0,-203.0,414.0,-26.0,-26.0,0.0,440.0,-255.0,185.0,0.0,0.0,185.0,152.5,-6.5,667.0,0.28,0.238381,0.228636,671.0,0.28,0.238381,0.228636,
12/31/2009,3820.0,3820.0,-2989.0,2989.0,831.0,0.0,-90.0,90.0,90.0,0.0,741.0,-223.0,271.0,346.0,-75.0,-45.0,17.0,-3.0,518.0,-117.0,418.0,135.0,135.0,0.0,283.0,-331.0,-48.0,,0.0,-48.0,205.61,118.61,686.0,-0.07,0.126822,0.299723,686.0,-0.07,0.08,0.252901,
03/31/2010,3920.0,3920.0,-2959.0,2959.0,961.0,0.0,-80.0,80.0,80.0,0.0,881.0,-327.0,273.0,381.0,-108.0,51.0,13.0,3.0,554.0,-186.0,381.0,-21.0,-21.0,0.0,402.0,-215.0,187.0,0.0,0.0,187.0,173.01,7.01,695.0,0.27,0.24,0.248935,701.0,0.27,0.24,0.248935,
06/30/2010,3923.0,3923.0,-2921.0,2921.0,1002.0,0.0,-101.0,101.0,101.0,0.0,901.0,-345.0,288.0,389.0,-101.0,71.0,134.0,-14.0,556.0,-261.0,429.0,0.0,0.0,0.0,429.0,-285.0,144.0,0.0,0.0,144.0,102.15,-41.85,795.0,0.18,0.19,0.128491,800.0,0.18,0.19,0.128491,
09/30/2010,3990.0,3990.0,-3023.0,3023.0,967.0,0.0,-98.0,98.0,98.0,0.0,869.0,-504.0,285.0,381.0,-96.0,-103.0,26.0,322.0,365.0,-102.0,289.0,-108.0,-108.0,0.0,397.0,-283.0,114.0,,0.0,114.0,240.18,234.18,794.0,0.143577,0.007557,0.302494,799.0,0.142678,0.007509,0.300601,
12/31/2010,3585.0,3585.0,-2602.0,2602.0,983.0,0.0,-113.0,113.0,113.0,0.0,870.0,-492.0,235.0,336.0,-101.0,14.0,10.0,243.0,378.0,-17.0,371.0,540.0,540.0,0.0,-169.0,-267.0,-436.0,0.0,0.0,-436.0,232.97,128.97,790.0,-0.551899,0.131646,0.294899,795.0,-0.551899,0.127347,0.289573,
03/31/2011,4156.0,4156.0,-3163.0,3163.0,993.0,0.0,-95.0,95.0,95.0,0.0,898.0,-203.0,243.0,338.0,-95.0,-33.0,10.0,-7.0,695.0,-215.0,490.0,7.0,7.0,0.0,483.0,-259.0,224.0,,0.0,224.0,225.68,-5.32,787.0,0.28,0.3,0.28676,792.0,0.28,0.3,0.28676,
06/30/2011,4435.0,4435.0,-3443.0,3443.0,992.0,0.0,-97.0,97.0,97.0,0.0,895.0,-281.0,285.0,381.0,-96.0,-37.0,-4.0,33.0,614.0,-174.0,436.0,9.0,9.0,0.0,427.0,-253.0,174.0,0.0,0.0,174.0,215.1,32.1,782.0,0.22,0.24,0.275064,787.0,0.22,0.24,0.275064,
09/30/2011,4307.0,4307.0,-3297.0,3297.0,1010.0,0.0,-90.0,90.0,90.0,0.0,920.0,-654.0,316.0,418.0,-102.0,90.0,5.0,248.0,266.0,-68.0,203.0,28.0,28.0,0.0,175.0,-306.0,-131.0,0.0,0.0,-131.0,101.83,204.83,778.0,-0.16838,-0.132391,0.130887,778.0,-0.16838,-0.132391,0.130887,
12/31/2011,3806.0,3806.0,-2762.0,2762.0,1044.0,0.0,-108.0,108.0,108.0,0.0,936.0,-244.0,269.0,375.0,-106.0,18.0,-14.0,-43.0,692.0,-165.0,513.0,68.0,68.0,0.0,445.0,-654.0,-209.0,0.0,0.0,-209.0,-208.29,-67.29,763.0,-0.273919,-0.184797,-0.272988,771.0,-0.273919,-0.184797,-0.272988,
03/31/2012,4586.0,4586.0,-3514.0,3514.0,1072.0,0.0,-87.0,87.0,87.0,0.0,985.0,-216.0,325.0,416.0,-91.0,1.0,13.0,-110.0,769.0,-268.0,514.0,-1.0,-1.0,0.0,515.0,-174.0,341.0,,0.0,341.0,268.0,-72.0,766.0,0.45,0.45,0.349869,785.0,0.44,0.44,0.34828,
06/30/2012,4089.0,4089.0,-3396.0,3396.0,693.0,0.0,-74.0,74.0,74.0,0.0,619.0,-418.0,302.0,384.0,-82.0,101.0,11.0,15.0,201.0,-75.0,137.0,-70.0,-70.0,0.0,207.0,-67.0,140.0,0.0,0.0,140.0,115.67,45.67,764.0,0.18,0.09,0.151401,768.0,0.18,0.09,0.149466,
09/30/2012,4355.0,4355.0,-3388.0,3388.0,967.0,0.0,-64.0,64.0,64.0,0.0,903.0,-2186.0,308.0,396.0,-88.0,7.0,25.0,1871.0,-1283.0,-172.0,-1430.0,-28.0,-28.0,0.0,-1402.0,-166.0,-1568.0,,0.0,-1568.0,277.07,1873.07,747.0,-2.1,-2.12,0.37091,747.0,-2.1,-2.12,0.37091,
12/31/2012,3645.0,3645.0,-2836.0,2836.0,809.0,0.0,-49.0,49.0,49.0,0.0,760.0,-253.0,257.0,342.0,-85.0,60.0,-13.0,-64.0,507.0,-166.0,328.0,5.0,5.0,0.0,323.0,-148.0,175.0,,0.0,175.0,232.65,52.65,743.0,0.235532,0.242261,0.313122,743.0,0.235532,0.242261,0.313122,
03/31/2013,4150.0,4150.0,-3401.0,3401.0,749.0,0.0,-54.0,54.0,54.0,0.0,695.0,-385.0,305.0,370.0,-65.0,30.0,4.0,50.0,310.0,-83.0,231.0,32.0,32.0,0.0,199.0,-117.0,82.0,0.0,0.0,82.0,169.09,55.09,745.0,0.11,0.15,0.226966,749.0,0.11,0.15,0.223551,
06/30/2013,3945.0,3945.0,-3044.0,3044.0,901.0,0.0,-53.0,53.0,53.0,0.0,848.0,-441.0,274.0,337.0,-63.0,18.0,2.0,149.0,407.0,-76.0,333.0,0.0,0.0,0.0,333.0,-166.0,167.0,,0.0,167.0,241.35,74.35,747.0,0.22,0.22,0.323092,751.0,0.22,0.22,0.319001,
09/30/2013,3996.0,3996.0,-3069.0,3069.0,927.0,0.0,-53.0,53.0,53.0,0.0,874.0,-424.0,273.0,358.0,-85.0,-32.0,15.0,198.0,450.0,-126.0,339.0,116.0,116.0,0.0,223.0,-152.0,71.0,,0.0,71.0,241.6,54.6,742.0,0.09,0.23,0.325606,747.0,0.09,0.23,0.303092,
12/31/2013,3800.0,3800.0,-3130.0,3130.0,670.0,0.0,-60.0,60.0,60.0,0.0,610.0,-729.0,355.0,417.0,-62.0,6.0,4.0,368.0,-119.0,-58.0,-173.0,31.0,31.0,0.0,-204.0,-2.0,-206.0,,0.0,-206.0,200.985714,375.985714,735.714286,-0.28,-0.23,0.273184,735.714286,-0.28,-0.23,0.273184,
03/31/2014,4262.0,4262.0,-3468.0,3468.0,794.0,0.0,-51.0,51.0,51.0,0.0,743.0,-625.0,310.0,373.0,-63.0,19.0,25.0,296.0,118.0,-54.0,89.0,23.0,23.0,0.0,66.0,-124.0,-58.0,0.0,0.0,-58.0,171.66,206.66,724.0,-0.08,-0.05,0.237099,724.0,-0.08,-0.05,0.235442,
06/30/2014,4311.0,4311.0,-3492.0,3492.0,819.0,0.0,-52.0,52.0,52.0,0.0,767.0,-349.0,250.0,323.0,-73.0,-7.0,20.0,106.0,418.0,-157.0,281.0,6.0,6.0,0.0,275.0,-142.0,133.0,,0.0,133.0,193.34,54.34,725.0,0.18,0.2,0.266676,728.0,0.18,0.2,0.266676,
09/30/2014,4441.0,4441.0,-3674.0,3674.0,767.0,0.0,-45.0,45.0,45.0,0.0,722.0,-116.0,321.0,390.0,-69.0,79.0,-6.0,-278.0,606.0,-92.0,508.0,0.0,0.0,0.0,508.0,-20.0,488.0,,0.0,488.0,306.25,-181.75,721.0,0.68,0.68,0.424757,740.0,0.67,0.67,0.424392,
12/31/2014,4132.0,4132.0,-3424.0,3424.0,708.0,0.0,-39.0,39.0,39.0,0.0,669.0,-235.0,225.0,385.0,-160.0,-102.0,-20.0,112.0,434.0,-116.0,298.0,0.0,0.0,0.0,298.0,-92.0,206.0,0.0,0.0,206.0,218.965517,12.965517,710.344828,0.29,0.29,0.308252,710.344828,0.29,0.29,0.308252,
03/31/2015,3984.0,3984.0,-3263.0,3263.0,721.0,0.0,-55.0,55.0,55.0,0.0,666.0,-331.0,273.0,363.0,-90.0,23.0,15.0,35.0,335.0,-96.0,254.0,0.0,0.0,0.0,254.0,-112.0,142.0,,0.0,142.0,169.12,27.12,704.0,0.2,0.2,0.240227,706.0,0.2,0.2,0.238414,
06/30/2015,3656.0,3656.0,-2901.0,2901.0,755.0,0.0,-50.0,50.0,50.0,0.0,705.0,-309.0,171.0,287.0,-116.0,-13.0,1.0,151.0,396.0,-123.0,274.0,10.0,10.0,0.0,264.0,-195.0,69.0,,0.0,69.0,182.8,103.8,693.0,0.1,0.11,0.263781,695.0,0.1,0.11,0.259353,
09/30/2015,3522.0,3522.0,-2857.0,2857.0,665.0,0.0,-45.0,45.0,45.0,0.0,620.0,-460.0,239.0,365.0,-126.0,-12.0,81.0,233.0,160.0,-43.0,198.0,-5.0,-5.0,0.0,203.0,-23.0,180.0,,0.0,180.0,260.8,85.8,679.0,0.27,0.26,0.384094,682.0,0.26,0.26,0.384094,
12/31/2015,3219.0,3219.0,-2502.0,2502.0,717.0,0.0,-46.0,46.0,46.0,0.0,671.0,-420.0,210.0,349.0,-139.0,-103.0,9.0,313.0,251.0,-206.0,54.0,13.0,13.0,0.0,41.0,-126.0,-85.0,0.0,0.0,-85.0,165.05,237.05,653.8462,-0.13,-0.11,0.252429,653.8462,-0.13,-0.11,0.252429,
03/31/2016,3271.0,3271.0,-2762.0,2762.0,509.0,0.0,-48.0,48.0,48.0,0.0,461.0,-288.0,225.0,342.0,-117.0,-40.0,6.0,103.0,173.0,-96.0,83.0,9.0,9.0,0.0,74.0,52.0,126.0,,0.0,126.0,101.85,-33.15,661.0,0.19,0.2,0.154085,663.0,0.19,0.2,0.15,
06/30/2016,3229.0,3229.0,-2655.0,2655.0,574.0,0.0,-47.0,47.0,47.0,0.0,527.0,-549.0,252.0,390.0,-138.0,36.0,7.0,261.0,-22.0,7.0,-8.0,379.0,379.0,0.0,-387.0,-95.0,-482.0,,0.0,-482.0,116.98,219.98,659.0,-0.73,-0.16,0.177511,659.0,-0.73,-0.16,0.173809,
09/30/2016,3542.0,3542.0,-2854.0,2854.0,688.0,0.0,-40.0,40.0,40.0,0.0,648.0,-354.0,244.0,354.0,-110.0,20.0,11.0,90.0,294.0,-75.0,230.0,1.0,1.0,0.0,229.0,-54.0,175.0,,0.0,175.0,218.25,42.25,659.0,0.26,0.26,0.331184,662.0,0.26,0.26,0.323822,
12/31/2016,2660.0,2660.0,-2028.0,2028.0,632.0,0.0,-59.0,59.0,59.0,0.0,573.0,-875.0,219.0,283.0,-64.0,-1.0,11.0,657.0,-302.0,155.0,-136.0,557.0,557.0,0.0,-693.0,-256.0,-949.0,0.0,0.0,-949.0,16.2,408.2,656.9767,-1.44,-0.35,0.268198,656.9767,-1.44,-0.35,0.268198,
03/31/2017,2581.0,2581.0,-2024.0,2024.0,557.0,0.0,-54.0,54.0,54.0,0.0,503.0,-346.0,224.0,287.0,-63.0,20.0,7.0,102.0,157.0,-67.0,97.0,-1.0,-1.0,0.0,98.0,-122.0,-24.0,,0.0,-24.0,59.49,84.49,659.0,-0.04,-0.04,0.091791,659.0,-0.04,-0.04,0.088209,
06/30/2017,2613.0,2613.0,-1990.0,1990.0,623.0,0.0,-49.0,49.0,49.0,0.0,574.0,-348.0,217.0,276.0,-59.0,-12.0,2.0,143.0,226.0,-86.0,142.0,-8.0,-8.0,0.0,150.0,-97.0,53.0,,0.0,53.0,181.52,136.52,660.0,0.08,0.08,0.287152,662.0,0.08,0.08,0.286224,
09/30/2017,2693.0,2693.0,-2053.0,2053.0,640.0,0.0,-52.0,52.0,52.0,0.0,588.0,-284.0,234.0,297.0,-63.0,-22.0,24.0,72.0,304.0,-93.0,235.0,-26.0,-26.0,0.0,261.0,-109.0,152.0,,0.0,152.0,157.2,31.2,660.0,0.23,0.23,0.27,663.0,0.23,0.23,0.27,
12/31/2017,2643.0,2643.0,-1998.0,1998.0,645.0,0.0,-60.0,60.0,60.0,0.0,585.0,-501.0,251.0,310.0,-59.0,-28.0,38.0,278.0,84.0,-744.0,-622.0,664.0,664.0,0.0,-1286.0,-56.0,-1342.0,0.0,0.0,-1342.0,477.65,1155.65,653.8462,-2.03,-1.03,0.722876,653.8462,-2.03,-1.03,0.722876,
03/31/2018,2740.0,2740.0,-2084.0,2084.0,656.0,0.0,-56.0,56.0,56.0,0.0,600.0,398.0,205.0,281.0,-76.0,19.0,11.0,-622.0,998.0,-231.0,778.0,1.0,1.0,0.0,777.0,-93.0,684.0,,0.0,684.0,94.58,-590.42,661.0,1.04,1.036309,0.143086,663.0,1.03,1.031508,0.14098,
06/30/2018,2537.0,2537.0,-1937.0,1937.0,600.0,0.0,-35.0,35.0,35.0,0.0,565.0,-223.0,187.0,263.0,-76.0,30.0,14.0,6.0,342.0,-132.0,224.0,-192.0,-192.0,0.0,416.0,-126.0,290.0,,0.0,290.0,112.0,14.0,661.0,0.44,0.15,0.166415,664.0,0.44,0.15,0.166415,
09/30/2018,2837.0,2837.0,-2166.0,2166.0,671.0,0.0,-43.0,43.0,43.0,0.0,628.0,-296.0,176.0,255.0,-79.0,-5.0,6.0,125.0,332.0,-146.0,192.0,1.0,1.0,0.0,191.0,-90.0,101.0,,0.0,101.0,213.21,111.21,662.0,0.15,0.15,0.322069,665.0,0.15,0.15,0.317233,
12/31/2018,2622.0,2622.0,-1976.0,1976.0,646.0,0.0,-58.0,58.0,58.0,0.0,588.0,-242.0,178.0,257.0,-79.0,28.0,8.0,36.0,346.0,-199.0,155.0,-26.0,-26.0,0.0,181.0,-53.0,128.0,0.0,0.0,128.0,157.95,55.95,665.0,0.19,0.15,0.237519,665.0,0.19,0.15,0.234135,
03/31/2019,2650.0,2650.0,-2064.0,2064.0,586.0,0.0,-46.0,46.0,46.0,0.0,540.0,-186.0,186.0,265.0,-79.0,4.0,-6.0,-4.0,354.0,-115.0,233.0,0.0,0.0,0.0,233.0,-79.0,154.0,0.0,0.0,154.0,181.53,27.53,663.0,0.23,0.23,0.273801,667.0,0.23,0.23,0.271274,
06/30/2019,2483.0,2483.0,-1981.0,1981.0,502.0,0.0,-49.0,49.0,49.0,0.0,453.0,-335.0,191.0,273.0,-82.0,-22.0,5.0,166.0,118.0,-57.0,66.0,-1.0,-1.0,0.0,67.0,-50.0,17.0,,0.0,17.0,170.11,154.11,664.0,0.02,0.02,0.25619,667.0,0.02,0.02,0.251049,
09/30/2019,2625.0,2625.0,-1924.0,1924.0,701.0,0.0,-41.0,41.0,41.0,0.0,660.0,-236.0,169.0,250.0,-81.0,87.0,4.0,-20.0,424.0,-130.0,298.0,0.0,0.0,0.0,298.0,-88.0,210.0,,0.0,210.0,304.95,94.95,664.0,0.32,0.32,0.459262,667.0,0.32,0.32,0.459262,
12/31/2019,2431.0,2431.0,-1871.0,1871.0,560.0,0.0,-60.0,60.0,60.0,0.0,500.0,-395.0,186.0,262.0,-76.0,-2.0,-175.0,211.0,105.0,-50.0,-120.0,0.0,0.0,0.0,-120.0,42.0,-78.0,0.0,0.0,-78.0,292.79,370.79,664.0,-0.12,-0.12,0.440949,664.0,-0.12,-0.12,0.438419,
03/31/2020,2338.0,2338.0,-1831.0,1831.0,507.0,0.0,-38.0,38.0,38.0,0.0,469.0,-149.0,163.0,233.0,-70.0,-24.0,-2.0,10.0,320.0,-89.0,229.0,0.0,0.0,0.0,229.0,-85.0,144.0,,0.0,144.0,152.82,8.82,664.0,0.22,0.22,0.230151,668.0,0.22,0.22,0.230151,
06/30/2020,2217.0,2217.0,-1693.0,1693.0,524.0,0.0,-40.0,40.0,40.0,0.0,484.0,-379.0,154.0,218.0,-64.0,6.0,8.0,219.0,105.0,-113.0,0.0,-3.0,-3.0,0.0,3.0,-86.0,-83.0,,0.0,-83.0,170.58,256.58,665.0,-0.12,-0.13,0.256511,665.0,-0.12,-0.13,0.255835,
09/30/2020,2731.0,,,,,,,,,,,,,,,,,,622.0,,326.0,,,,,,326.0,,,326.0,319.333,,,0.467,0.467,0.47,,0.467,0.467,0.47,
12/31/2020,2729.0,,,,,,,,,,,,,,,,,,532.0,,236.0,,,,,,236.0,,,236.0,247.5,,,0.225,0.225,0.38,,0.225,0.225,0.38,
