Date,Revenue,Net Premiums Earned,Net Premiums Earned (L),Other Premiums Earned (NL & L),Investment Income,Other Operating Income,Policy Charges & Fees,Other Income,Claims & Losses,Claims & Losses (NL),Claims & Losses (L),LT Charges (L),Underwriting Expense & Acq Cost,Underwriting & Acq Cost (L),Underwriting Cost (L),Amort Def Acq Cost (L),Other Cost (L),Other Operating Expense,Operating Income (Loss),Interest Expense,Other Non-Op (Income) Loss,"Pretax Income (Loss), GAAP",Income Tax Expense (Benefit),Income (Loss) from Cont Ops,Net Extraordinary Losses (Gains),Discontinued Operations,XO & Accounting Changes,Income (Loss) Incl. MI,Minority Interest,"Net Income, GAAP",Preferred Dividends,Other Adjustments,"Net Income Avail to Common, GAAP","Net Income Avail to Common, Adj",Net Abnormal Losses (Gains),Basic Weighted Avg Shares,"Basic EPS, GAAP",Basic EPS from Cont Ops,"Basic EPS from Cont Ops, Adjusted",Diluted Weighted Avg Shares,"Diluted EPS, GAAP",Diluted EPS from Cont Ops,"Diluted EPS from Cont Ops, Adjusted",Source: Bloomberg
03/31/1990,622.549988,529.130981,,,77.121003,16.298,,,-408.480011,0.0,408.480011,0.0,-160.113998,,,,,,53.956001,-4.219,0.0,49.737001,-23.636,26.101,0.0,,,26.101002,0.0,26.101,0.0,,26.101,26.101,,1219.469948,0.021333,0.021333,,1219.469948,0.021333,0.021333,0.021333,
06/30/1990,621.210999,522.63501,,,79.491002,19.084999,,,-409.031006,0.0,409.031006,0.0,-157.029999,,,,,,55.150002,-4.075,0.0,51.075002,-23.242001,27.833,0.0,,,27.833001,0.0,27.833,0.0,,27.833,27.833,,1220.370026,0.022667,0.022667,,1220.370026,0.022667,0.022667,0.022667,
09/30/1990,682.958984,572.859985,,,87.642,22.457001,,,-450.890015,0.0,450.890015,0.0,-172.880997,,,,,,59.188,-3.505,0.0,55.683,-25.892,29.791,0.0,,,29.790999,0.0,29.791,0.0,,29.791,29.791,,1220.92495,0.024667,0.024667,,1220.92495,0.024667,0.024667,0.024667,
12/31/1990,751.633972,634.495972,,,97.118998,20.018999,,,-490.790009,0.0,490.790009,0.0,-197.516006,,,,,,63.327999,-3.423,0.0,59.904999,-26.444,33.460999,0.0,,,33.460999,0.0,33.460999,0.0,,33.460999,33.460999,,1221.734962,0.027333,0.027333,,1221.734962,0.027333,0.027333,0.027333,
03/31/1991,771.405029,655.046997,,,100.824001,15.534,,,-516.440979,0.0,516.440979,0.0,-191.223999,,,,,,63.740002,-3.538,0.0,60.202002,-26.489,33.713001,0.0,,,33.713001,0.0,33.713001,0.0,,33.713001,33.713001,,1222.63504,0.027333,0.027333,,1222.63504,0.027333,0.027333,0.027333,
06/30/1991,783.265991,660.606995,,,103.330998,19.327999,,,-517.591003,0.0,517.591003,0.0,-197.289001,,,,,,68.386002,-4.117,0.0,64.269001,-29.523001,34.745998,0.0,,,34.746001,0.0,34.745998,0.0,,34.745998,34.745998,,1223.865051,0.028667,0.028667,,1223.865051,0.028667,0.028667,0.028667,
09/30/1991,830.703003,694.757996,,,109.18,26.764999,,,-551.245972,0.0,551.245972,0.0,-207.707993,,,,,,71.749001,-3.398,0.0,68.351001,-29.768999,38.582001,0.0,,,38.582001,0.0,38.582001,0.0,,38.582001,38.582001,,1224.014969,0.031333,0.031333,,1224.014969,0.031333,0.031333,0.031333,
12/31/1991,897.294983,754.937012,,,116.529003,25.829,,,-603.539001,0.0,603.539001,0.0,-218.869003,,,,,,74.887001,-3.017,0.0,71.870001,-30.226999,41.643002,0.0,,,41.643002,0.0,41.643002,0.0,,41.643002,41.643002,,1224.525032,0.034,0.034,,1224.525032,0.034,0.034,0.034,
03/31/1992,934.466003,793.856995,,,123.155003,17.454,,,-630.45697,0.0,630.45697,0.0,-200.641998,,,,,,77.163002,-2.869,0.0,74.294002,-31.896999,42.396999,0.0,,,42.397003,0.0,42.396999,0.0,,42.396999,42.396999,,1228.275032,0.034667,0.034667,,1228.275032,0.034667,0.034667,0.034667,
06/30/1992,955.29303,807.697021,,,126.357003,21.239,,,-639.35199,0.0,639.35199,0.0,-209.031006,,,,,,80.418999,-1.359,0.0,79.059999,-34.810001,44.25,0.0,,,44.249997,0.0,44.25,0.0,,44.25,44.25,,1229.505043,0.036,0.036,,1229.505043,0.036,0.036,0.036,
09/30/1992,1025.293945,864.617981,,,135.558997,25.117001,,,-695.664001,0.0,695.664001,0.0,-213.878006,,,,,,85.573997,-0.841,0.0,84.732997,-36.860001,47.873001,0.0,,,47.872997,0.0,47.873001,0.0,,47.873001,47.873001,,1230.825005,0.038667,0.038667,,1230.825005,0.038667,0.038667,0.038667,
12/31/1992,1071.418945,903.028992,,,144.830998,23.559,,,-726.880005,0.0,726.880005,0.0,-221.292007,,,,,,87.311996,-0.855,0.0,86.456996,-37.610001,48.847,0.0,,,48.846995,0.0,48.847,0.0,,48.847,48.847,,1233.49503,0.04,0.04,,1233.49503,0.04,0.04,0.04,
03/31/1993,1121.469971,949.48999,,,153.118992,18.861,,,-765.060974,0.0,765.060974,0.0,-231.701004,,,,,,97.742996,-0.918,0.0,96.824996,-43.078999,53.745998,-11.438,,,65.183997,0.0,65.183998,0.0,,65.183998,65.183998,,1261.109962,0.052,0.042667,,1261.109962,0.052,0.042667,0.042667,
06/30/1993,1236.719971,1044.891968,,,169.752997,22.075001,,,-837.898987,0.0,837.898987,0.0,-261.628998,,,,,,105.389,-0.104,0.0,105.285,-46.543999,58.741001,0.0,,,58.741001,0.0,58.741001,0.0,,58.741001,58.741001,,1262.519989,0.046667,0.046667,,1262.519989,0.046667,0.046667,0.046667,
09/30/1993,1308.240967,1106.552002,,,182.408003,19.281,,,-902.338989,0.0,902.338989,0.0,-267.579987,,,,,,111.328003,-0.053,0.0,111.275003,-46.735001,64.540001,0.0,,,64.540002,0.0,64.540001,0.0,,64.540001,64.540001,,1262.891968,0.050833,0.050833,,1262.891968,0.050833,0.050833,0.050833,
12/31/1993,1334.187012,1124.456055,,,186.928995,22.802,,,-917.997986,0.0,917.997986,0.0,-268.226013,,,,,,115.711998,-0.713,0.0,114.998998,-48.137001,66.862,0.0,,,66.861997,0.0,66.862,0.0,,66.862,66.862,,1263.120024,0.053333,0.053333,0.053333,1263.120024,0.053333,0.053333,0.053333,
03/31/1994,1391.982056,1179.120972,,,192.753997,20.107,,,-962.135986,0.0,962.135986,0.0,-278.343994,,,,,,122.252998,-0.288,0.0,121.964998,-52.007999,69.957001,0.0,,,69.956999,0.0,69.957001,0.0,,69.957001,69.957001,,1258.956024,0.055,0.055,,1258.956024,0.055,0.055,0.055,
06/30/1994,1481.203003,1254.911011,,,202.397996,23.893999,,,-1027.402954,0.0,1027.402954,0.0,-295.406006,,,,,,123.954002,-3.417,0.0,120.537002,-51.159,69.377998,0.0,,,69.378002,0.0,69.377998,0.0,,69.377998,69.377998,,1233.527985,0.055833,0.055833,,1233.527985,0.055833,0.055833,0.055833,
09/30/1994,1601.510986,1362.30896,,,217.050004,22.152,,,-1119.696045,0.0,1119.696045,0.0,-314.785004,,,,,,133.306,-3.794,0.0,129.512,-53.452999,76.058998,0.0,,,76.059001,0.0,76.058998,0.0,,76.058998,76.058998,,1226.18399,0.061667,0.061667,,1226.18399,0.061667,0.061667,0.061667,
12/31/1994,1636.062012,1384.390991,,,226.565,25.106001,,,-1147.30603,0.0,1147.30603,0.0,-315.945007,,,,,,135.899994,-3.578,0.0,132.321994,-54.925999,77.396004,0.0,,,77.395995,0.0,77.396004,0.0,,77.396004,77.396004,,1222.488012,0.063333,0.063333,0.063333,1222.488012,0.063333,0.063333,0.063333,
03/31/1995,1713.676025,1451.771973,,,239.617005,22.287001,,,-1204.946045,0.0,1204.946045,0.0,-327.533997,,,,,,149.531998,-3.591,0.0,145.940998,-61.068001,84.873001,0.0,,,84.872997,0.0,84.873001,0.0,,84.873001,84.873001,,1222.620026,0.07,0.07,,1222.620026,0.07,0.07,0.07,
06/30/1995,1932.770996,1634.093994,,,273.57501,25.101999,,,-1355.114014,0.0,1355.114014,0.0,-374.520996,,,,,,164.343994,-4.419,0.0,159.924994,-67.009003,92.916,0.0,,,92.915991,0.0,92.916,0.0,,92.916,92.916,,1213.679993,0.076667,0.076667,,1213.679993,0.076667,0.076667,0.076667,
09/30/1995,1811.718018,1531.395996,,,259.061,21.261,,,-1270.332031,0.0,1270.332031,0.0,-353.43399,,,,,,155.817001,-4.086,0.0,151.731001,-63.771,87.959999,0.0,,,87.960001,0.0,87.959999,0.0,,87.959999,87.959999,,1181.231964,0.075,0.075,,1181.231964,0.075,0.075,0.075,
12/31/1995,1732.454956,1453.567993,,,252.437007,26.450001,,,-1203.874023,0.0,1203.874023,0.0,-340.440002,,,,,,146.912994,-3.515,0.0,143.397994,-60.09,83.307999,0.0,,,83.307994,0.0,83.307999,0.0,,83.307999,83.307999,,1168.067964,0.071667,0.071667,0.071667,1168.067964,0.071667,0.071667,0.071667,
03/31/1996,1729.920044,1456.363037,,,250.756002,22.801001,,,-1209.009033,0.0,1209.009033,0.0,-335.136993,,,,,,152.268997,-5.086,0.0,147.182997,-60.66,86.523003,0.0,,,86.522997,0.0,86.523003,0.0,,86.523003,86.523003,,1134.728027,0.07625,0.07625,0.0775,1170.927979,0.07375,0.07375,0.07375,
06/30/1996,1741.656982,1461.484009,,,253.098995,27.073999,,,-1208.051025,0.0,1208.051025,0.0,-341.901001,,,,,,148.195007,-3.953,0.0,144.242007,-58.494999,85.747002,0.0,,,85.747008,0.0,85.747002,0.0,,85.747002,85.747002,,1124.552002,0.07625,0.07625,0.07625,1159.031982,0.07375,0.07375,0.07375,
09/30/1996,1775.578979,1487.234009,,,262.059015,26.285999,,,-1234.583984,0.0,1234.583984,0.0,-342.540009,,,,,,156.598007,-3.637,0.0,152.961007,-64.615997,88.345001,0.0,,,88.34501,0.0,88.345001,0.0,,88.345001,88.345001,,1121.839968,0.07875,0.07875,0.07875,1147.864016,0.0775,0.0775,0.0775,
12/31/1996,1792.782959,1504.954956,,,258.021006,29.806999,,,-1243.878052,0.0,1243.878052,0.0,-358.243988,,,,,,148.860992,-3.51,60.264,205.614992,-71.866997,133.748001,0.0,,,133.747995,0.0,133.748001,0.0,,133.748001,133.748001,,1106.599976,0.12125,0.12125,0.0775,1145.536008,0.11625,0.11625,0.075,
03/31/1997,1707.542969,1436.087036,,,251.185998,20.27,,,-1187.06897,0.0,1187.06897,0.0,-336.015015,,,,,,152.453003,-3.334,0.0,149.119003,-58.962002,90.156998,0.0,,,90.157001,0.0,90.156998,0.0,,90.156998,90.156998,,1097.015991,0.0825,0.0825,0.0825,1134.527954,0.08,0.08,0.08,
06/30/1997,1741.464,1467.256,,,266.309,7.899,,,-1204.68,0.0,1204.68,0.0,-364.863,,,,,,151.851,-4.113,267.223,414.961,-112.168,302.793,0.0,,,302.793,0.0,302.793,,,302.793,302.793,,1091.144,0.2775,0.2775,0.2775,1131.912,0.2675,0.2675,0.2675,
09/30/1997,1789.62,1508.697,,,275.748,5.175,,,-1241.09,0.0,1241.09,0.0,-365.098,,,,,,158.911,-3.101,0.0,155.81,-59.731,96.079,0.0,,,96.079,0.0,96.079,0.0,0.0,96.079,96.079,,1098.04,0.0875,0.0875,0.0875,1130.088,0.085,0.085,0.085,
12/31/1997,1744.851929,1461.620972,,,279.032012,4.199,,,-1200.238037,0.0,1200.238037,0.0,-366.946014,,,,,,148.090927,-3.161,0.0,144.929927,-48.936001,95.993935,0.0,,,95.993926,0.0,95.993935,0.0,,95.993935,95.993935,,1073.671997,0.09,0.09,0.0875,1109.952026,0.08625,0.08625,0.085,
03/31/1998,1757.026001,1472.399048,,,278.745988,5.881,,,-1213.92395,0.0,1213.92395,0.0,-468.368988,,,,,,56.797001,-3.273,0.0,53.524001,106.877998,160.401993,0.0,,,160.401999,0.0,160.401993,0.0,,160.401993,160.401993,,1067.319946,0.15,0.15,0.0975,1105.176025,0.145,0.145,0.095,
06/30/1998,1703.500977,1423.973999,,,275.121998,4.405,,,-1170.613037,0.0,1170.613037,0.0,-354.546997,,,,,,163.580002,-3.391,0.0,160.189002,-57.508999,102.68,0.0,,,102.680003,0.0,102.68,0.0,,102.68,102.68,,1068.552,0.095,0.095,0.095,1106.29602,0.0925,0.0925,0.0925,
09/30/1998,1699.541992,1421.280029,1421.28,2.9e-05,272.91001,5.352,,,-1159.637939,0.0,1159.637939,0.0,-357.313995,,,,,,164.279999,-2.814,0.0,161.465999,-53.901001,107.565002,0.0,,,107.564998,0.0,107.565002,0.0,,107.565002,107.565002,,1063.712036,0.1,0.1,0.1025,1101.147948,0.0975,0.0975,0.0975,
12/31/1998,1943.93103,1625.346924,1625.346924,0.0,309.222004,9.362,,,-1332.825074,0.0,1332.825074,0.0,-408.77002,,,,,,179.342998,-3.522,5e-06,175.821003,-59.467998,116.353005,0.0,,,116.353005,0.0,116.353005,0.0,0.0,116.353005,116.353005,,1594.955992,0.072951,0.072951,0.072951,1653.92002,0.07035,0.07035,0.07035,
03/31/1999,2048.0,1728.0,,,315.0,5.0,,,-1400.0,0.0,1400.0,0.0,-425.0,,,,,,207.0,-4.0,0.0,203.0,-7.0,196.0,0.0,,,196.0,0.0,196.0,0.0,,196.0,196.0,,1064.46,0.185,0.185,0.125,1107.076,0.1775,0.1775,0.12,
06/30/1999,2032.0,1706.0,,,320.0,6.0,,,-1380.0,0.0,1380.0,0.0,-435.0,,,,,,202.0,-5.0,0.0,197.0,-67.0,130.0,0.0,,,130.0,0.0,130.0,0.0,,130.0,130.0,,1063.272,0.1225,0.1225,0.1225,1103.876,0.1175,0.1175,0.1175,
09/30/1999,2196.0,1847.0,,,344.0,5.0,,,-1498.0,0.0,1498.0,0.0,-457.0,,,,,,225.0,-5.0,0.0,220.0,-76.0,144.0,0.0,,,144.0,0.0,144.0,0.0,,144.0,144.0,,1062.16,0.135,0.135,0.135,1097.988,0.13,0.13,0.13,
12/31/1999,2365.0,1983.0,,,377.0,5.0,,,-1607.0,0.0,1607.0,0.0,-576.0,,,,,,163.0,-4.0,0.0,159.0,-57.0,102.0,0.0,,,102.0,0.0,102.0,0.0,0.0,102.0,102.0,,1063.932,0.095,0.095,0.135,1097.844,0.0925,0.0925,0.1325,
03/31/2000,2398.0,2020.0,,,376.0,4.0,,,-1620.0,0.0,1620.0,0.0,-513.0,,,,,,248.0,-5.0,0.0,243.0,-87.0,156.0,0.0,,,156.0,0.0,156.0,0.0,0.0,156.0,156.0,,1062.4,0.1475,0.1475,0.15,1089.044,0.1425,0.1425,0.145,
06/30/2000,2358.0,2054.0,,,385.0,10.0,,,-1650.0,0.0,1650.0,0.0,-528.0,,,,,,163.0,-5.0,0.0,158.0,-57.0,202.0,0.0,,,101.0,0.0,202.0,0.0,0.0,202.0,202.0,,1062.28,0.19,0.19,0.15,1089.724,0.185,0.185,0.15,
09/30/2000,2472.0,2078.0,,,392.0,8.0,,,-1673.0,0.0,1673.0,0.0,-525.0,,,,,,257.0,-5.0,0.0,252.0,-89.0,163.0,0.0,,,163.0,0.0,163.0,0.0,0.0,163.0,163.0,,1060.36,0.1525,0.1525,0.16,1088.784,0.15,0.15,0.155,
12/31/2000,2475.0,2070.0,,,295.0,11.0,,,-1658.0,0.0,1658.0,0.0,-534.0,,,,,,363.0,-4.0,0.0,359.0,-92.0,166.0,0.0,,,267.0,0.0,166.0,0.0,0.0,166.0,166.0,,1059.836,0.1575,0.1575,0.1585,1091.716,0.1525,0.1525,0.155,
03/31/2001,2401.0,2009.0,,,381.0,11.0,,,-1586.0,0.0,1586.0,0.0,-514.0,,,,,,279.0,-5.0,0.0,274.0,-96.0,178.0,0.0,,,178.0,0.0,178.0,0.0,0.0,178.0,178.0,,1056.36,0.17,0.17,0.165,1083.534,0.165,0.165,0.165,
06/30/2001,2348.0,1980.0,,,382.0,0.0,,,-1550.0,0.0,1550.0,0.0,-524.0,,,,,,254.0,-5.0,0.0,249.0,-96.0,153.0,0.0,,,153.0,0.0,153.0,0.0,0.0,153.0,153.0,,1051.572,0.145,0.145,0.17,1078.302,0.14,0.14,0.165,
09/30/2001,2446.0,2034.0,,,392.0,47.0,,,-1584.0,0.0,1584.0,0.0,-542.0,,,,,,299.0,-5.0,0.0,294.0,-101.0,193.0,0.0,,,193.0,0.0,193.0,0.0,0.0,193.0,193.0,,1048.532,0.185,0.185,0.175,1072.086,0.18,0.18,0.17,
12/31/2001,2404.0,2038.0,,,395.0,0.0,,,-1583.0,0.0,1583.0,0.0,-547.0,,,,,,268.0,-4.0,0.0,264.0,-101.0,163.0,0.0,,,163.0,0.0,163.0,0.0,0.0,163.0,163.0,,1044.466,0.155,0.155,0.17,1065.286,0.155,0.155,0.17,
03/31/2002,2371.0,1998.0,,,373.0,0.0,,,-1534.0,0.0,1534.0,0.0,-528.0,,,,,,289.0,-4.0,0.0,285.0,-102.0,183.0,0.0,,,183.0,0.0,183.0,0.0,0.0,183.0,183.0,,1038.946,0.175,0.175,0.185,1059.254,0.17,0.17,0.18,
06/30/2002,2513.0,2097.0,,,397.0,22.0,,,-1610.0,0.0,1610.0,0.0,-548.0,,,,,,327.0,-5.0,0.0,322.0,-110.0,212.0,0.0,,,212.0,0.0,212.0,0.0,0.0,212.0,212.0,,1036.154,0.205,0.205,0.195,1059.212,0.2,0.2,0.19,
09/30/2002,2707.0,2253.0,,,418.0,39.0,,,-1735.0,0.0,1735.0,0.0,-591.0,,,,,,362.0,-5.0,0.0,357.0,-117.0,240.0,0.0,,,240.0,0.0,240.0,0.0,0.0,240.0,240.0,,1033.968,0.23,0.23,0.205,1055.816,0.225,0.225,0.2,
12/31/2002,2666.0,2247.0,,,418.0,1.0,,,-1710.0,0.0,1710.0,0.0,-597.0,,,,,,341.0,-6.0,-40.0,295.0,-109.0,186.0,0.0,,,186.0,0.0,186.0,0.0,0.0,186.0,186.0,,1031.356,0.18,0.18,0.215,1052.426,0.175,0.175,0.21,
03/31/2003,2807.0,2372.0,,,423.0,12.0,,,-1800.0,0.0,1800.0,0.0,-613.0,,,,,,375.0,-5.0,0.0,370.0,-133.0,237.0,0.0,,,237.0,0.0,237.0,0.0,0.0,237.0,237.0,,1029.13,0.23,0.23,0.235,1048.936,0.225,0.225,0.23,
06/30/2003,2861.0,2407.0,,,436.0,24.0,,,-1827.0,0.0,1827.0,0.0,-630.0,,,,,,382.0,-5.0,0.0,377.0,-129.0,248.0,0.0,,,248.0,0.0,248.0,0.0,0.0,248.0,248.0,,1027.456,0.24,0.24,0.23,1045.426,0.24,0.24,0.23,
09/30/2003,2931.0,2478.0,,,448.0,9.0,,,-1872.0,0.0,1872.0,0.0,-664.0,,,,,,377.0,-6.0,0.0,371.0,-134.0,237.0,0.0,,,237.0,0.0,237.0,0.0,0.0,237.0,237.0,,1026.77,0.23,0.23,0.24,1042.424,0.225,0.225,0.235,
12/31/2003,2853.0,2664.0,,,473.0,0.0,,,-2029.0,0.0,2029.0,0.0,-684.0,,,,,,126.0,-6.0,-14.0,106.0,-33.0,73.0,0.0,,,73.0,0.0,73.0,0.0,0.0,73.0,73.0,,1022.478,0.07,0.07,0.255,1040.384,0.07,0.07,0.25,
03/31/2004,3280.0,2773.0,2773.0,0.0,480.0,27.0,,,-2078.0,0.0,2078.0,0.0,-708.0,,,,,,472.0,-6.0,0.0,466.0,-162.0,304.0,0.0,,,304.0,0.0,304.0,0.0,0.0,304.0,304.0,,1019.848,0.3,0.3,0.28,1038.71,0.295,0.295,0.275,
06/30/2004,3233.0,2768.0,2768.0,0.0,479.0,-14.0,,,-2068.0,0.0,2068.0,0.0,-724.0,,,,,,419.0,-6.0,0.0,413.0,-155.0,258.0,0.0,,,258.0,0.0,258.0,0.0,0.0,258.0,258.0,,1016.706,0.255,0.255,0.28,1035.72,0.25,0.25,0.275,
09/30/2004,3321.0,2822.0,2822.0,0.0,483.0,16.0,,,-2124.0,0.0,2124.0,0.0,-716.0,,,,,,457.0,-6.0,0.0,451.0,-158.0,293.0,0.0,,,293.0,0.0,293.0,0.0,0.0,293.0,293.0,,1013.198,0.29,0.29,0.29,1031.152,0.285,0.285,0.285,
12/31/2004,3448.0,2939.0,,,505.0,5.0,,,-2212.0,0.0,2212.0,0.0,-751.0,,,,,,448.0,-6.0,0.0,442.0,-32.0,410.0,0.0,,,410.0,0.0,410.0,0.0,0.0,410.0,410.0,,1008.99,0.405,0.405,0.395,1025.868,0.4,0.4,0.285,
03/31/2005,3559.0,3041.0,3041.0,0.0,517.0,1.0,,,-2266.0,0.0,2266.0,0.0,-757.0,,,,,,512.0,-6.0,0.0,506.0,-178.0,328.0,0.0,,,328.0,0.0,328.0,0.0,0.0,328.0,328.0,,1005.412,0.325,0.325,0.335,1018.898,0.32,0.32,0.33,
06/30/2005,3567.0,3020.0,3020.0,0.0,529.0,18.0,,,-2229.0,0.0,2229.0,0.0,-792.0,,,,,,522.0,-6.0,0.0,516.0,-180.0,336.0,0.0,,,336.0,0.0,336.0,0.0,0.0,336.0,336.0,,1002.852,0.335,0.335,0.325,1016.004,0.33,0.33,0.32,
09/30/2005,3669.0,2997.0,2997.0,0.0,662.0,10.0,,,-2237.0,0.0,2237.0,0.0,-759.0,,,,,,651.0,-6.0,0.0,645.0,-190.0,455.0,0.0,,,455.0,0.0,455.0,0.0,0.0,455.0,455.0,,1001.114,0.455,0.455,0.335,1014.646,0.45,0.45,0.33,
12/31/2005,3567.0,2931.0,,,625.0,11.0,,,-2157.0,0.0,2157.0,0.0,-817.0,,,,,,564.0,-5.0,0.0,559.0,-195.0,364.0,0.0,,,364.0,0.0,364.0,0.0,0.0,364.0,364.0,,998.224,0.365,0.365,0.3,1012.168,0.36,0.36,0.295,
03/31/2006,3559.0,3005.0,3005.0,0.0,538.0,16.0,,,-2181.0,0.0,2181.0,0.0,-772.0,,,,,,580.0,-5.0,0.0,575.0,-200.0,375.0,0.0,,,375.0,0.0,375.0,0.0,0.0,375.0,375.0,,996.074,0.375,0.375,0.365,1009.148,0.37,0.37,0.36,
06/30/2006,3697.0,3093.0,3093.0,0.0,592.0,12.0,,,-2243.0,0.0,2243.0,0.0,-802.0,,,,,,629.0,-5.0,0.0,624.0,-216.0,408.0,0.0,,,408.0,0.0,408.0,0.0,0.0,408.0,408.0,,993.902,0.41,0.41,0.38,1006.572,0.405,0.405,0.375,
09/30/2006,3672.0,3102.0,3102.0,0.0,559.0,11.0,,,-2291.0,0.0,2291.0,0.0,-796.0,,,,,,561.0,-4.0,0.0,557.0,-190.0,367.0,0.0,,,367.0,0.0,367.0,0.0,0.0,367.0,367.0,,989.846,0.37,0.37,0.365,1001.904,0.365,0.365,0.36,
12/31/2006,3687.0,3113.0,,,561.0,13.0,,,-2300.0,,2300.0,,-845.0,,,,,,512.0,-5.0,,507.0,-175.0,332.0,,,,332.0,,332.0,,,332.0,332.0,,985.228,0.335,0.335,0.335,997.128,0.335,0.335,0.335,
03/31/2007,3751.0,3156.0,3156.0,0.0,579.0,16.0,,,-2258.0,0.0,2258.0,0.0,-820.0,,,,,,644.0,-8.0,0.0,636.0,-220.0,416.0,0.0,,,416.0,0.0,416.0,0.0,0.0,416.0,416.0,-9.0,981.108,0.425,0.425,0.415,993.316,0.42,0.42,0.41,
06/30/2007,3764.0,3162.0,3162.0,0.0,587.0,15.0,,,-2266.0,0.0,2266.0,0.0,-832.0,,,,,,641.0,-6.0,0.0,635.0,-220.0,415.0,0.0,,,415.0,0.0,415.0,0.0,0.0,415.0,415.0,-8.0,975.8,0.425,0.425,0.415,988.454,0.42,0.42,0.41,
09/30/2007,3861.0,3260.0,3260.0,0.0,593.0,8.0,,,-2331.0,0.0,2331.0,0.0,-854.0,,,,,,648.0,-6.0,0.0,642.0,-222.0,420.0,0.0,,,420.0,0.0,420.0,0.0,0.0,420.0,420.0,-2.0,974.13,0.43,0.43,0.43,985.638,0.425,0.425,0.425,
12/31/2007,4018.0,3395.0,3395.0,0.0,603.0,20.0,,,-2431.0,,2431.0,,-957.0,,,,,,592.0,-7.0,,585.0,-203.0,382.0,,,,382.0,,382.0,,,382.0,382.0,,972.034,0.395,0.395,0.395,984.48,0.39,0.39,0.39,
03/31/2008,4267.0,3635.0,3635.0,0.0,620.0,12.0,,,-2538.0,0.0,2538.0,0.0,-963.0,,,,,,733.0,-7.0,0.0,726.0,-252.0,474.0,0.0,,,474.0,0.0,474.0,0.0,0.0,474.0,474.0,,956.276,0.495,0.495,0.495,968.834,0.49,0.49,0.49,
06/30/2008,4336.0,3684.0,3684.0,0.0,636.0,16.0,,,-2575.0,0.0,2575.0,0.0,-978.0,,,,,,747.0,-7.0,0.0,740.0,-257.0,483.0,0.0,,,483.0,0.0,483.0,0.0,0.0,483.0,483.0,,948.766,0.51,0.51,0.515,961.656,0.5,0.5,0.505,
09/30/2008,3691.0,3647.0,3647.0,0.0,40.0,4.0,,,-2551.0,0.0,2551.0,0.0,-955.0,,,,,,155.0,-7.0,0.0,148.0,-48.0,100.0,0.0,,,100.0,0.0,100.0,0.0,0.0,100.0,100.0,,950.714,0.105,0.105,0.52,961.49,0.105,0.105,0.51,
12/31/2008,4260.0,3981.0,3981.0,0.0,275.0,4.0,,,-2835.0,0.0,2835.0,0.0,-1081.0,,,,,,308.0,-8.0,0.0,300.0,-104.0,197.0,0.0,,,196.0,0.0,197.0,0.0,0.0,197.0,197.0,,930.9,0.21,0.21,0.49,937.956,0.21,0.21,0.49,
03/31/2009,4818.0,4115.0,4115.0,0.0,679.0,24.0,0.0,24.0,-2811.0,,2811.0,,-1096.0,1096.0,457.0,250.0,389.0,-32.0,879.0,-8.0,0.0,871.0,-302.0,569.0,0.0,0.0,0.0,569.0,0.0,569.0,0.0,0.0,569.0,568.0,-1.0,932.194,0.61,0.61,0.609315,934.264,0.61,0.61,0.60893,
06/30/2009,4313.0,3995.0,3995.0,0.0,285.0,33.0,0.0,33.0,-2723.0,,2723.0,,-1068.0,1068.0,462.0,225.0,381.0,-35.0,487.0,-14.0,0.0,473.0,-159.0,314.0,0.0,0.0,0.0,314.0,0.0,314.0,0.0,0.0,314.0,561.35,247.35,932.802,0.335,0.335,0.601789,936.57,0.335,0.335,0.599102,
09/30/2009,4526.0,4165.0,4165.0,0.0,345.0,16.0,0.0,16.0,-2817.0,,2817.0,,-1091.0,1091.0,487.0,216.0,388.0,-44.0,574.0,-25.0,0.0,549.0,-186.0,363.0,0.0,0.0,0.0,363.0,0.0,363.0,0.0,0.0,363.0,589.0,226.0,933.172,0.39,0.39,0.631181,939.428,0.385,0.385,0.631181,
12/31/2009,4596.0,4347.0,4347.0,0.0,244.0,5.0,0.0,5.0,-2956.0,,2956.0,,-1231.0,1231.0,571.0,250.0,410.0,-41.0,368.0,-25.0,0.0,343.0,-92.0,251.0,0.0,0.0,0.0,251.0,0.0,251.0,0.0,0.0,251.0,558.0,307.0,934.256,0.27,0.27,0.597267,942.242,0.265,0.265,0.59,
03/31/2010,5065.0,4348.0,4348.0,0.0,680.0,37.0,0.0,37.0,-2857.0,,2857.0,,-1164.0,1164.0,481.0,280.0,403.0,-37.0,1007.0,-33.0,0.0,974.0,-338.0,636.0,0.0,0.0,0.0,636.0,0.0,636.0,0.0,0.0,636.0,666.0,30.0,935.852,0.68,0.68,0.711651,944.9,0.675,0.675,0.70675,
06/30/2010,4980.0,4333.0,4333.0,0.0,638.0,9.0,0.0,9.0,-2885.0,,2885.0,,-1135.0,1135.0,508.0,229.0,398.0,-38.0,922.0,-33.0,0.0,889.0,-308.0,581.0,0.0,0.0,0.0,581.0,0.0,581.0,0.0,0.0,581.0,639.0,58.0,937.648,0.62,0.62,0.681492,945.078,0.615,0.615,0.67637,
09/30/2010,5394.0,4607.0,4607.0,0.0,774.0,13.0,0.0,13.0,-3102.0,,3102.0,,-1160.0,1160.0,505.0,243.0,412.0,-38.0,1094.0,-39.0,0.0,1055.0,-365.0,690.0,0.0,0.0,0.0,690.0,0.0,690.0,0.0,0.0,690.0,684.0,-6.0,939.736,0.735,0.735,0.727864,947.138,0.73,0.73,0.725,
12/31/2010,5293.0,4785.0,4785.0,0.0,493.0,15.0,,15.0,-3263.0,,3263.0,,-1270.0,1270.0,568.0,278.0,424.0,-49.0,711.0,-44.0,0.0,667.0,-230.0,437.0,0.0,0.0,0.0,437.0,0.0,437.0,0.0,0.0,437.0,628.0,191.0,939.012,0.465,0.465,0.668788,947.516,0.46,0.46,0.665,
03/31/2011,5117.0,4872.0,4872.0,0.0,215.0,30.0,0.0,30.0,-3222.0,,3222.0,,-1217.0,1217.0,534.0,261.0,422.0,-42.0,636.0,-45.0,0.0,591.0,-202.0,389.0,0.0,0.0,0.0,389.0,0.0,389.0,0.0,0.0,389.0,13.0,-376.0,936.024,0.415,0.415,0.013888,944.208,0.415,0.415,0.013888,
06/30/2011,5088.0,4956.0,4956.0,0.0,116.0,16.0,0.0,16.0,-3310.0,,3310.0,,-1243.0,1243.0,565.0,251.0,427.0,-45.0,490.0,-46.0,0.0,444.0,-170.0,274.0,0.0,0.0,0.0,274.0,0.0,274.0,0.0,0.0,274.0,-179.0,-453.0,932.996,0.295,0.295,-0.191855,939.504,0.29,0.29,-0.192169,
09/30/2011,5987.0,5210.0,5210.0,0.0,760.0,17.0,0.0,17.0,-3517.0,,3517.0,,-1281.0,1281.0,579.0,264.0,438.0,-45.0,1144.0,-52.0,0.0,1092.0,-356.0,736.0,0.0,0.0,0.0,736.0,0.0,736.0,0.0,0.0,736.0,702.0,-34.0,931.82,0.79,0.79,0.753364,935.586,0.785,0.785,0.748659,
12/31/2011,5979.0,5325.0,5325.0,0.0,636.0,18.0,0.0,18.0,-3700.0,,3700.0,,-1384.0,1384.0,727.0,219.0,438.0,-50.0,845.0,-53.0,0.0,792.0,-273.0,519.0,0.0,0.0,0.0,519.0,0.0,519.0,0.0,0.0,519.0,664.0,145.0,931.094,0.557409,0.557409,0.71314,935.446,0.554816,0.554816,0.709822,
03/31/2012,6240.0,5378.0,5378.0,0.0,837.0,25.0,0.0,25.0,-3646.0,,3646.0,,-1286.0,1286.0,564.0,287.0,435.0,-49.0,1259.0,-57.0,0.0,1202.0,-417.0,785.0,0.0,0.0,0.0,785.0,0.0,785.0,0.0,0.0,785.0,814.0,29.0,931.774,0.84,0.84,0.873602,937.066,0.84,0.84,0.870947,
06/30/2012,5902.0,5467.0,5467.0,0.0,427.0,8.0,0.0,8.0,-3763.0,,3763.0,,-1288.0,1288.0,587.0,269.0,432.0,-48.0,803.0,-62.0,0.0,741.0,-258.0,483.0,0.0,0.0,0.0,483.0,0.0,483.0,0.0,0.0,483.0,755.0,272.0,933.576,0.52,0.52,0.808719,937.18,0.515,0.515,0.805233,
09/30/2012,6847.0,5660.0,5660.0,0.0,1155.0,32.0,0.0,32.0,-3932.0,,3932.0,,-1318.0,1318.0,595.0,281.0,442.0,-50.0,1547.0,-67.0,0.0,1480.0,-463.0,1017.0,0.0,0.0,0.0,1017.0,0.0,1017.0,0.0,0.0,1017.0,831.0,-186.0,934.844,1.085,1.085,0.888918,939.442,1.08,1.08,0.88201,
12/31/2012,6375.0,5643.0,5643.0,0.0,705.0,27.0,0.0,27.0,-3989.0,,3989.0,,-1506.0,1506.0,1506.0,,,,880.0,,0.0,880.0,-299.0,581.0,0.0,0.0,0.0,581.0,0.0,581.0,0.0,0.0,581.0,692.0,111.0,934.728,0.62,0.62,0.740322,940.582,0.62,0.62,0.738012,
03/31/2013,6208.0,5184.0,5184.0,0.0,989.0,35.0,0.0,35.0,-3521.0,,3521.0,,-1209.0,1209.0,534.0,283.0,392.0,-46.0,1432.0,-71.0,0.0,1361.0,-469.0,892.0,0.0,0.0,0.0,892.0,0.0,892.0,0.0,0.0,892.0,790.0,-102.0,932.924,0.955,0.955,0.8468,938.248,0.95,0.95,0.841287,
06/30/2013,6044.0,5013.0,5013.0,0.0,1014.0,17.0,0.0,17.0,-3411.0,,3411.0,,-1158.0,1158.0,529.0,251.0,378.0,-48.0,1427.0,-69.0,0.0,1358.0,-469.0,889.0,0.0,0.0,0.0,889.0,0.0,889.0,0.0,0.0,889.0,759.0,-130.0,930.426,0.955,0.955,0.815755,935.95,0.95,0.95,0.811103,
09/30/2013,5886.0,5028.0,5028.0,0.0,843.0,15.0,0.0,15.0,-3485.0,,3485.0,,-1212.0,1212.0,568.0,256.0,388.0,-49.0,1140.0,-71.0,0.0,1069.0,-367.0,702.0,0.0,0.0,0.0,702.0,0.0,702.0,0.0,0.0,702.0,687.0,-15.0,928.648,0.755,0.755,0.739785,934.782,0.75,0.75,0.733954,
12/31/2013,5801.0,4910.0,4910.0,0.0,846.0,45.0,0.0,45.0,-3396.0,,3396.0,,-1245.0,1245.0,591.0,284.0,370.0,-50.0,1110.0,-82.0,0.0,1028.0,-353.0,675.0,0.0,0.0,0.0,675.0,0.0,675.0,0.0,0.0,675.0,681.0,6.0,924.116,0.73,0.73,0.73692,931.01,0.725,0.725,0.7,
03/31/2014,5640.0,4854.0,4854.0,0.0,781.0,5.0,0.0,5.0,-3220.0,,3220.0,,-1194.0,1194.0,534.0,294.0,366.0,-42.0,1184.0,-80.0,0.0,1104.0,-372.0,732.0,0.0,0.0,0.0,732.0,0.0,732.0,0.0,0.0,732.0,774.0,42.0,909.462,0.805,0.805,0.851052,915.398,0.8,0.8,0.845881,
06/30/2014,5838.0,4888.0,4888.0,0.0,945.0,5.0,0.0,5.0,-3293.0,,3293.0,,-1182.0,1182.0,537.0,276.0,369.0,-44.0,1319.0,-81.0,0.0,1238.0,-428.0,810.0,0.0,0.0,0.0,810.0,0.0,810.0,0.0,0.0,810.0,757.0,-53.0,905.118,0.895,0.895,0.836355,910.76,0.89,0.89,0.831807,
09/30/2014,5736.0,4841.0,4841.0,0.0,857.0,38.0,,38.0,-3355.0,,3355.0,,-1198.0,1198.0,566.0,271.0,361.0,-32.0,1151.0,-77.0,0.0,1074.0,-368.0,706.0,0.0,0.0,0.0,706.0,0.0,706.0,0.0,0.0,706.0,685.0,-21.0,902.492,0.78,0.78,0.75901,907.962,0.78,0.78,0.756872,
12/31/2014,5514.0,4489.0,4489.0,0.0,951.0,74.0,0.0,74.0,-3069.0,,3069.0,,-1231.0,1231.0,624.0,267.0,340.0,-60.0,1154.0,-79.0,0.0,1075.0,-372.0,703.0,0.0,0.0,0.0,703.0,0.0,703.0,0.0,0.0,703.0,786.0,83.0,892.74,0.785,0.785,0.880436,898.06,0.785,0.785,0.045,
03/31/2015,5226.0,4432.0,4432.0,0.0,795.0,-1.0,0.0,-1.0,-2952.0,,2952.0,,-1137.0,1137.0,530.0,277.0,330.0,-41.0,1096.0,-83.0,0.0,1013.0,-350.0,663.0,0.0,0.0,0.0,663.0,0.0,663.0,0.0,0.0,663.0,678.0,15.0,874.612,0.76,0.76,0.775201,879.854,0.755,0.755,0.772049,
06/30/2015,5287.0,4364.0,4364.0,0.0,904.0,19.0,0.0,19.0,-2937.0,,2937.0,,-1130.0,1130.0,550.0,255.0,325.0,-272.0,948.0,-74.0,0.0,874.0,-301.0,573.0,0.0,0.0,0.0,573.0,0.0,573.0,0.0,0.0,573.0,777.0,204.0,863.344,0.665,0.665,0.899989,868.514,0.66,0.66,0.894884,
09/30/2015,5040.0,4380.0,4380.0,0.0,670.0,-10.0,0.0,-10.0,-2927.0,,2927.0,,-1138.0,1138.0,554.0,258.0,326.0,-44.0,931.0,-67.0,0.0,864.0,-297.0,567.0,0.0,0.0,0.0,567.0,0.0,567.0,0.0,0.0,567.0,672.0,105.0,857.47,0.66,0.66,0.783701,862.204,0.66,0.66,0.781781,
12/31/2015,5319.0,4394.0,4394.0,0.0,906.0,19.0,0.0,19.0,-2930.0,,2930.0,,-1178.0,1178.0,580.0,276.0,322.0,-36.0,1175.0,-65.0,0.0,1110.0,-380.0,730.0,0.0,0.0,0.0,730.0,0.0,730.0,0.0,0.0,730.0,645.0,-85.0,850.112,0.86,0.86,0.758723,855.112,0.855,0.855,0.755598,
03/31/2016,5451.0,4602.0,4602.0,0.0,831.0,18.0,0.0,18.0,-3025.0,,3025.0,,-1188.0,1188.0,563.0,292.0,333.0,-56.0,1182.0,-65.0,0.0,1117.0,-386.0,731.0,0.0,0.0,0.0,731.0,0.0,731.0,0.0,0.0,731.0,711.5,-19.5,837.496,0.875,0.875,0.849557,841.84,0.87,0.87,0.846836,
06/30/2016,5437.0,4823.0,4823.0,0.0,599.0,15.0,0.0,15.0,-3254.0,,3254.0,,-1283.0,1283.0,654.0,284.0,345.0,,900.0,-66.0,0.0,834.0,-286.0,548.0,0.0,0.0,0.0,548.0,0.0,548.0,0.0,0.0,548.0,437.0,-111.0,823.706,0.665,0.665,0.530529,828.652,0.66,0.66,0.526048,
09/30/2016,5716.0,5022.0,5022.0,0.0,678.0,16.0,0.0,16.0,-3378.0,,3378.0,,-1310.0,1310.0,675.0,282.0,353.0,,1028.0,-65.0,0.0,963.0,-334.0,629.0,0.0,0.0,0.0,629.0,0.0,629.0,0.0,0.0,629.0,735.6,106.6,817.038,0.77,0.77,0.900326,822.28,0.765,0.765,0.89464,
12/31/2016,5955.0,4778.0,4778.0,0.0,1157.0,20.0,0.0,20.0,-3262.0,,3262.0,,-1271.0,1271.0,651.0,283.0,337.0,-197.0,1225.0,-72.0,0.0,1153.0,-402.0,751.0,0.0,0.0,0.0,751.0,0.0,751.0,0.0,0.0,751.0,631.000102,-119.999898,813.694,0.925,0.925,0.775476,818.76,0.92,0.92,0.72,
03/31/2017,5309.0,4638.0,4638.0,0.0,654.0,17.0,0.0,17.0,-3052.0,,3052.0,,-1236.0,1236.0,614.0,294.0,328.0,-61.0,960.0,-62.0,0.0,898.0,-306.0,592.0,0.0,0.0,0.0,592.0,0.0,592.0,0.0,0.0,592.0,707.0,115.0,802.26,0.74,0.74,0.881261,808.138,0.735,0.735,0.877302,
06/30/2017,5428.0,4665.0,4665.0,0.0,746.0,17.0,0.0,17.0,-3039.0,,3039.0,,-1283.0,1283.0,665.0,283.0,335.0,0.0,1106.0,-61.0,0.0,1045.0,-332.0,713.0,0.0,0.0,0.0,713.0,0.0,713.0,0.0,0.0,713.0,740.0,27.0,792.865,0.9,0.9,0.933324,798.695,0.89,0.89,0.923805,
09/30/2017,5506.0,4648.0,4648.0,0.0,841.0,17.0,0.0,17.0,-3083.0,,3083.0,,-1289.0,1289.0,686.0,271.0,332.0,0.0,1134.0,-59.0,0.0,1075.0,-359.0,716.0,0.0,0.0,0.0,716.0,0.0,716.0,0.0,0.0,716.0,655.0,-61.0,788.958,0.91,0.91,0.830209,794.762,0.9,0.9,0.823248,
12/31/2017,5424.0,4580.0,4580.0,0.0,827.0,17.0,0.0,17.0,-3007.0,,3007.0,,-1359.0,1359.0,755.0,284.0,320.0,0.0,1058.0,-59.0,0.0,999.0,1352.0,2351.0,0.0,0.0,0.0,2351.0,0.0,2351.0,0.0,0.0,2351.0,676.0,-1675.0,784.318,2.995,2.995,0.861896,790.08,2.975,2.975,0.815,
03/31/2018,5464.0,4745.0,4745.0,0.0,703.0,16.0,0.0,16.0,-3042.0,,3042.0,,-1384.0,1384.0,733.0,314.0,337.0,0.0,1038.0,-56.0,0.0,982.0,-265.0,717.0,0.0,0.0,0.0,717.0,0.0,717.0,0.0,0.0,717.0,823.0,106.0,778.55,0.92,0.92,1.057093,783.852,0.91,0.91,1.04523,
06/30/2018,5589.0,4706.0,4706.0,0.0,865.0,18.0,0.0,18.0,-3031.0,,3031.0,,-1373.0,1373.0,732.0,303.0,338.0,0.0,1185.0,-54.0,0.0,1131.0,-299.0,832.0,0.0,0.0,0.0,832.0,0.0,832.0,0.0,0.0,832.0,834.0,2.0,772.949,1.08,1.08,1.078985,777.807,1.07,1.07,1.072571,
09/30/2018,5577.0,4636.0,4636.0,0.0,926.0,15.0,0.0,15.0,-3002.0,,3002.0,,-1376.0,1376.0,730.0,315.0,331.0,0.0,1199.0,-53.0,0.0,1146.0,-301.0,845.0,0.0,0.0,0.0,845.0,0.0,845.0,0.0,0.0,845.0,761.0,-84.0,767.049,1.1,1.1,0.992114,772.07,1.09,1.09,0.981202,
12/31/2018,5126.0,4591.0,4591.0,0.0,519.0,16.0,0.0,16.0,-2925.0,,2925.0,,-1421.0,1421.0,795.0,313.0,313.0,0.0,780.0,-58.0,0.0,722.0,-197.0,525.0,0.0,0.0,0.0,525.0,0.0,525.0,0.0,0.0,525.0,855.0,330.0,760.037,0.69,0.69,1.124945,765.103,0.69,0.69,1.121314,
03/31/2019,5657.0,4691.0,4691.0,0.0,949.0,17.0,0.0,17.0,-2967.0,,2967.0,,-1390.0,1390.0,719.0,340.0,331.0,0.0,1300.0,-58.0,0.0,1242.0,-314.0,928.0,0.0,0.0,0.0,928.0,0.0,928.0,0.0,0.0,928.0,848.0,-80.0,751.423,1.23,1.23,1.128525,755.79,1.23,1.23,1.12415,
06/30/2019,5511.0,4681.0,4681.0,0.0,812.0,18.0,0.0,18.0,-2964.0,,2964.0,,-1381.0,1381.0,743.0,309.0,329.0,0.0,1166.0,-57.0,0.0,1109.0,-292.0,817.0,0.0,0.0,0.0,817.0,0.0,817.0,0.0,0.0,817.0,849.0,32.0,745.153,1.1,1.1,1.139363,748.849,1.09,1.09,1.132732,
09/30/2019,5536.0,4736.0,4736.0,0.0,783.0,17.0,0.0,17.0,-3027.0,,3027.0,,-1416.0,1416.0,769.0,317.0,330.0,0.0,1093.0,-57.0,0.0,1036.0,-259.0,777.0,0.0,0.0,0.0,777.0,0.0,777.0,0.0,0.0,777.0,881.0,104.0,739.946,1.05,1.05,1.190627,743.842,1.04,1.04,1.179815,
12/31/2019,5603.0,4671.0,4671.0,0.0,898.0,34.0,0.0,34.0,-2985.0,,2985.0,,-1504.0,1504.0,859.0,315.0,330.0,0.0,1114.0,-56.0,0.0,1058.0,-276.0,782.0,0.0,0.0,0.0,782.0,0.0,782.0,0.0,0.0,782.0,743.0,-39.0,733.358,1.07,1.07,1.013148,737.463,1.06,1.06,1.007116,
03/31/2020,5162.0,4681.0,4681.0,0.0,441.0,40.0,0.0,40.0,-2939.0,,2939.0,,-1448.0,1448.0,779.0,333.0,336.0,0.0,775.0,-55.0,0.0,720.0,-154.0,566.0,0.0,0.0,0.0,566.0,0.0,566.0,0.0,0.0,566.0,874.0,308.0,724.366,0.78,0.78,1.206572,727.512,0.78,0.78,1.203361,
06/30/2020,5407.0,4664.0,4664.0,0.0,700.0,43.0,0.0,43.0,-2897.0,,2897.0,,-1377.0,1377.0,756.0,289.0,332.0,0.0,1133.0,-63.0,0.0,1070.0,-265.0,805.0,0.0,0.0,0.0,805.0,0.0,805.0,0.0,0.0,805.0,916.0,111.0,717.889,1.12,1.12,1.275963,719.764,1.12,1.12,1.274217,
09/30/2020,5469.5,,,,,,,,,,,,,,,,,,,,,1077.857,,765.833,,,,,,765.833,,,765.833,798.857,,,1.07,1.07,1.119,,1.07,1.07,1.119,
12/31/2020,5408.833,,,,,,,,,,,,,,,,,,,,,996.0,,706.167,,,,,,706.167,,,706.167,735.857,,,0.993,0.993,1.035,,0.993,0.993,1.035,
