Date,Revenue,Sales & Services Revenue,Cost of Revenue,Cost of Goods & Services,Gross Profit,Other Operating Income,Operating Expenses,"Selling, General & Admin",Selling & Marketing,General & Administrative,Research & Development,Other Operating Expense,Operating Income (Loss),Non-Operating (Income) Loss,"Interest Expense, Net",Interest Expense,Interest Income,Other Investment (Inc) Loss,Foreign Exch (Gain) Loss,(Income) Loss from Affiliates,Other Non-Op (Income) Loss,Pretax Income,Income Tax Expense (Benefit),Income (Loss) from Cont Ops,Net Extraordinary Losses (Gains),Discontinued Operations,XO & Accounting Changes,Income (Loss) Incl. MI,Minority Interest,"Net Income, GAAP",Preferred Dividends,Other Adjustments,"Net Income Avail to Common, GAAP","Net Income Avail to Common, Adj",Net Abnormal Losses (Gains),Basic Weighted Avg Shares,"Basic EPS, GAAP",Basic EPS from Cont Ops,"Basic EPS from Cont Ops, Adjusted",Diluted Weighted Avg Shares,"Diluted EPS, GAAP",Diluted EPS from Cont Ops,"Diluted EPS from Cont Ops, Adjusted",Source: Bloomberg
03/31/1993,14.725999,,-6.945,,7.780999,,-3.775,,,,,,4.005999,-0.098,,0.149,,,0.0,,-0.051,3.907999,-1.563,2.344999,0.0,,,2.344999,0.0,2.344999,0.0,,2.344999,2.344999,,30.405197,0.075,0.075,,30.405197,0.075,0.075,0.075,
06/30/1993,16.341,,-7.906,,8.434999,,-3.516,,,,,,4.919,0.114,,0.048,,,0.0,,-0.162,5.033,-2.013,3.02,0.0,,,3.02,0.0,3.02,0.0,,3.02,3.02,,33.298119,0.09,0.09,,33.298119,0.09,0.09,0.09,
09/30/1993,18.034,,-8.887,,9.147,,-3.704,,,,,,5.443,0.13,,0.042,,,0.0,,-0.172,5.573,-2.319,3.254,0.0,,,3.254,0.0,3.254,0.0,,3.254,3.254,,33.86668,0.095,0.095,,33.86668,0.095,0.095,0.095,
12/31/1993,18.446001,,-8.939,,9.507001,,-4.194,,,,,,5.312001,0.268,,0.124,,,0.0,,-0.392,5.580001,-1.978,3.602001,0.0,,,3.602001,0.0,3.602001,0.0,,3.602001,3.602001,,34.731998,0.105,0.105,,34.731998,0.105,0.105,0.105,
03/31/1994,19.319,,-9.219,,10.1,,-3.785,,,,,,6.315,0.181,,0.037,,,0.0,,-0.218,6.496,-2.404,4.092,0.0,,,4.092,0.0,4.092,0.0,,4.092,4.092,,35.546001,0.115,0.115,,35.546001,0.115,0.115,0.115,
06/30/1994,21.027,,-9.958,,11.069,,-4.207,,,,,,6.862,0.239,,0.04,,,0.0,,-0.279,7.101,-2.628,4.473,0.0,,,4.473,0.0,4.473,0.0,,4.473,4.473,,35.433998,0.125,0.125,,35.433998,0.125,0.125,0.125,
09/30/1994,23.816,,-12.469,,11.347,,-8.442,,,,,,2.905,8.603,,,,,0.0,,-8.603,11.508,-2.63,8.878,0.0,,,8.878,0.0,8.878,0.0,,8.878,8.878,,73.129997,0.12,0.12,,73.129997,0.12,0.12,0.12,
12/31/1994,30.695999,,-17.326,,13.369999,,-15.888,,,,,,-2.518,24.786,,,,,0.0,,-24.786,22.268,-3.166,19.101999,0.0,,,19.102,0.0,19.101999,0.0,,19.101999,19.101999,,73.080002,0.14,0.14,0.14,73.080002,0.14,0.14,0.14,
03/31/1995,34.124001,,-14.727,,19.397,,-8.968,,,,,,10.429,6.299,,0.0,,,0.0,,-6.299,16.728,-4.338,12.39,0.0,,,12.39,0.0,12.39,0.0,,12.39,12.39,,73.470001,0.17,0.17,,73.470001,0.17,0.17,0.17,
06/30/1995,36.993,,-15.447,,21.546,,-9.233,,,,,,12.313,6.466,,0.0,,,0.0,,-6.466,18.779,-5.465,13.314,0.0,,,13.314,0.0,13.314,0.0,,13.314,13.314,,73.858002,0.18,0.18,,73.858002,0.18,0.18,0.18,
09/30/1995,38.521,,-16.830999,,21.690001,,-8.249,,,,,,13.441,-0.653,,0.0,,,0.0,,0.653,12.788,-7.481,5.307,0.0,,,5.307,0.0,5.307,0.0,,5.307,5.307,,74.601997,0.07,0.07,,74.601997,0.07,0.07,0.07,
12/31/1995,61.272999,,-23.049,,38.223999,,-18.127001,,,,,,20.097,20.102,,0.0,,,0.0,,-20.102,40.199,-9.874,30.325001,0.0,,,30.325,0.0,30.325001,0.0,,30.325001,30.325001,,75.220002,0.235,0.235,0.235,75.220002,0.235,0.235,0.235,
03/31/1996,59.556999,,-24.24,,35.316999,,-14.942,,,,,,20.375,6.831,,0.0,,,0.0,,-6.831,27.206,-7.63,19.576,0.0,,,19.576,0.0,19.576,0.0,,19.576,19.576,,82.669998,0.23,0.23,0.23,88.982002,0.22,0.22,0.22,
06/30/1996,61.618999,,-25.056999,,36.562,,-15.992,,,,,,20.57,6.762,,0.0,,,0.0,,-6.762,27.332,-8.513,18.819,0.0,,,18.819,0.0,18.819,0.0,,18.819,18.819,,85.540001,0.22,0.22,0.22,88.194,0.21,0.21,0.21,
09/30/1996,62.333,,-25.455999,,36.877001,,-15.458,,,,,,21.419001,7.385,,0.0,,,0.0,,-7.385,28.804001,-9.609,19.195,0.0,,,19.195001,0.0,19.195,0.0,,19.195,19.195,,83.456001,0.23,0.23,0.23,87.790001,0.22,0.22,0.22,
12/31/1996,67.292,,-27.167999,,40.124001,,-15.78,,,,,,24.344,6.792,,0.0,,,0.0,,-6.792,31.136,-10.164,20.972,0.0,,,20.972,0.0,20.972,0.0,,20.972,20.972,,83.888,0.25,0.25,0.25,87.384002,0.24,0.24,0.24,
03/31/1997,65.739998,,-24.784,,40.955997,,-15.947,,,,,,25.009001,-1.247,,0.108,,,0.0,,1.139,23.762001,-9.711,14.051,0.0,,,14.051,0.0,14.051,0.0,,14.051,14.051,,86.279999,0.16,0.16,0.25,88.377998,0.16,0.16,0.24,
06/30/1997,70.943001,,-26.812,,44.131001,,-14.016,,,,,,30.115,1.554982,,0.089,,,0.0,,-1.643982,31.669982,-12.558,19.112,0.0,,,19.111982,0.0,19.112,0.0,,19.112,19.112,,86.706001,0.22,0.22,0.28,88.704002,0.22,0.22,0.28,
09/30/1997,91.817001,,-34.525002,,57.292,,-19.087,,,,,,38.205002,4.23,,0.0,,,0.0,,-4.23,42.435002,-14.837,27.598,0.0,,,27.598002,0.0,27.598,0.0,,27.598,27.598,,87.542,0.32,0.32,0.32,90.014,0.31,0.31,0.31,
12/31/1997,147.970001,,-44.916,,103.054001,,-54.137001,,,,,,48.917,3.665,,1.087,,,0.0,,-4.752,52.582,-17.693001,34.889,0.0,,,34.888999,0.0,34.889,0.0,,34.889,34.889,,87.835999,0.39,0.39,0.39,90.169998,0.39,0.39,0.39,
03/31/1998,132.335999,,-45.639999,,86.695999,,-40.066002,,,,,,46.630001,-10.181,,0.264,,,0.0,,9.917,36.449001,-17.75,18.698999,0.0,,,18.699001,0.0,18.698999,0.0,,18.698999,18.698999,,93.921997,0.2,0.2,0.34,96.363998,0.19,0.19,0.33,
06/30/1998,152.684006,,-54.134998,,98.549007,,-47.433998,,,,,,51.115002,2.49,1.51,1.51,,,0.0,,-4.0,53.605002,-19.407,34.198002,0.0,,,34.198002,0.0,34.198002,0.0,,34.198002,34.198002,,94.824997,0.36,0.36,0.36,97.459999,0.35,0.35,0.35,
09/30/1998,158.764999,,-57.194,,101.570999,,-47.179001,,,,,,54.391998,1.891914,,2.82,,,0.0,,-4.711914,56.283912,-20.037001,36.247002,0.0,,,36.246912,0.0,36.247002,0.0,,36.247002,36.247002,,94.995003,0.38,0.38,0.38,97.675003,0.37,0.37,0.37,
12/31/1998,152.408005,,-53.436001,,98.972004,,-47.842999,,,,,,51.129002,-0.538,,3.542,,,0.0,,-3.004,50.591002,-21.052999,29.538,0.0,,,29.538002,0.0,29.538,0.0,,29.538,29.538,,89.332001,0.41,0.41,0.41,92.212997,0.4,0.4,0.4,
03/31/1999,165.884995,,-50.429001,,115.455994,,-46.215,,,,,,69.240997,-22.294999,,2.818,,,0.0,,19.476999,46.945998,-19.676001,27.27,0.0,,,27.269997,0.0,27.27,0.0,,27.27,27.27,,97.39286,0.28,0.28,0.42,101.0,0.27,0.27,0.41,
06/30/1999,172.819,,-56.219002,,116.599998,,-51.146,,,,,,65.454002,-1.516,,2.797,,,0.0,,-1.281,63.938002,-17.671,46.266998,0.0,,,46.267003,0.0,46.266998,0.0,,46.266998,46.266998,,98.440422,0.47,0.47,0.44,100.580399,0.46,0.46,0.43,
09/30/1999,173.024994,,-61.837002,,111.187992,,-53.949001,,,,,,57.238998,-2.886,,2.749,,,0.0,,0.137,54.352998,-18.738001,35.615002,0.0,,,35.614997,0.0,35.615002,0.0,,35.615002,35.615002,,98.930557,0.36,0.36,0.38,101.757141,0.35,0.35,0.38,
12/31/1999,193.161,,-65.855,,127.306,,-57.698,,,,,,69.608,41.567,-2.017,2.828,-4.845,,0.0,,-39.55,111.175,-37.666,73.509,0.0,,,73.509,0.0,73.509,0.0,,73.509,73.509,-15.475,100.235,0.74,0.74,0.42,100.235,0.74,0.74,0.44,
03/31/2000,177.233994,,-61.965,,115.268993,,-52.433998,,,,,,62.834999,165.041998,,2.768,,,0.0,,-167.809998,227.876997,-85.724998,142.151993,12.013,,,130.138999,0.0,130.139008,0.0,0.0,130.139008,130.139008,,99.065002,1.31,1.45,0.37,100.68,1.29,1.45,0.37,
06/30/2000,200.204,,-72.101,,128.103,0.0,-55.891,34.427,,,,21.464,72.212,83.021,-3.214,2.539,-5.753,,,1.658,-81.465,155.233,-58.428,96.805,,,,96.805,,96.805,0.0,0.0,96.805,96.805,-52.95225,99.42,0.97,0.97,0.437388,101.3,0.96,0.96,0.437273,
09/30/2000,179.330994,,-96.917,,82.413994,,-87.352997,,,,,,-4.939,-27.011001,,10.589,,,0.0,,16.422001,-31.950001,-34.372002,-66.321999,1.216,,,-67.538002,0.0,-67.538002,0.0,,-67.538002,-67.538002,,102.330299,-0.66,-0.67,0.03,102.330002,-0.66,-0.67,0.03,
12/31/2000,254.755,,-140.798,,113.957,,-94.174,,,,,,19.783,-10.604,6.212,7.642,-1.43,,0.0,,4.392,9.179,-11.09,-1.911,0.0,,,-1.911,0.0,-1.911,0.0,,-1.911,-1.911,3.867,105.545,-0.02,-0.02,0.31,105.545,-0.02,-0.02,0.31,
03/31/2001,296.846008,,-132.757996,,164.088013,,-84.473999,,,,,,79.613998,23.539,,7.718,,,0.0,,-31.257,103.152998,-40.696999,62.456001,0.0,,,62.456,0.0,62.456001,0.0,0.0,62.456001,62.456001,,105.702003,0.59,0.59,0.4,108.092003,0.58,0.58,0.4,
06/30/2001,298.978,,-109.98,,188.998,0.0,-89.002,54.516,,,,34.486,99.996,9.279,6.349,6.96,-0.611,,,0.77,-16.398,109.275,-43.03,66.245,,,,66.245,,66.245,0.0,0.0,66.245,66.245,-10.6587,105.965,0.63,0.63,0.529413,108.367,0.61,0.61,0.511643,
09/30/2001,270.941986,,-119.398003,,151.543983,,-80.318001,,,,,,71.225998,-161.824002,,7.203,,,0.0,,154.621002,-90.598004,31.965,-58.632999,0.0,,,-58.633004,0.0,-58.632999,0.0,0.0,-58.632999,-58.632999,,106.343002,-0.55,-0.55,0.35,108.820999,-0.55,-0.55,0.35,
12/31/2001,293.91,,-125.398,,168.512,,-95.6,,,,,,72.912,4.21,4.501,5.931,-1.43,,0.0,,-8.711,77.122,-30.829,46.293,0.0,,,46.293,0.0,46.293,0.0,0.0,46.293,46.293,-6.487,106.51,0.43,0.43,0.37,108.12,0.43,0.43,0.37,
03/31/2002,285.69,,-135.687,,150.003,0.0,-94.076,62.263,,,,31.813,55.927,-4.591,3.601,5.2,-1.599,,0.0,1.059,-0.069,51.336,-19.251,32.085,0.0,,,32.085,0.0,32.085,0.0,0.0,32.085,32.085,,106.467,0.3,0.3,0.34,107.423,0.3,0.3,0.34,
06/30/2002,300.074005,,-131.994995,,168.07901,,-93.277,,,,,,74.802002,20.367,,5.783,,,0.0,,-26.15,95.169002,-35.213001,59.956001,0.0,,,59.956,0.0,59.956001,0.0,0.0,59.956001,59.956001,,106.514999,0.56,0.56,0.41,107.228996,0.56,0.56,0.41,
09/30/2002,307.859985,,-137.014999,,170.844986,,-93.550003,,,,,,77.294998,-13.119,,5.747,-1.869,,0.0,,9.241,64.175998,-23.518999,40.657001,0.0,,,40.656999,0.0,40.657001,0.0,0.0,40.657001,40.657001,,106.783997,0.38,0.38,0.43,107.198997,0.38,0.38,0.43,
12/31/2002,329.574,,-147.08,,182.494,,-106.323,,,,,,76.171,-7.762,4.013,5.391,-1.378,,0.0,,3.749,68.409,-25.311,43.098,0.0,,,43.098,0.0,43.098,0.0,0.0,43.098,43.098,5.274,106.934,0.41,0.41,0.46,107.559,0.4,0.4,0.45,
03/31/2003,336.922,,-149.601,,187.321,0.0,-108.578,67.659,,,,40.919,78.743,-3.66,4.099,5.341,-1.242,,0.0,-0.117,-0.322,75.083,-27.254,47.829,0.0,,,47.829,0.0,47.829,0.0,0.0,47.829,47.829,,106.942,0.45,0.45,0.45,107.622,0.44,0.44,0.44,
06/30/2003,355.880005,,-154.376007,,201.503998,,-115.699997,,,,,,85.804001,-6.187,,7.58,-1.442,,0.0,,0.049,79.617001,-28.902,50.715,0.0,,,50.715001,0.0,50.715,0.0,0.0,50.715,50.715,,107.134003,0.47,0.47,0.47,108.334,0.47,0.47,0.47,
09/30/2003,358.756012,,-142.330994,,216.425018,,-131.794998,,,,,,84.629997,-3.847,,5.98,-1.603,,0.0,,-0.53,80.782997,-29.323999,51.459,0.0,,,51.458998,0.0,51.459,0.0,0.0,51.459,51.459,,107.762001,0.48,0.48,0.47,109.657997,0.47,0.47,0.46,
12/31/2003,406.164001,,-178.343002,,227.820999,,-138.085007,,,,,,89.736,-7.107,,6.907,-1.219,,0.0,,1.419,82.629,-29.768,52.861,0.0,,,52.861,0.0,52.861,0.0,0.0,52.861,52.861,,107.879997,0.49,0.49,0.55,124.556999,0.45,0.45,0.5,
03/31/2004,409.65799,,-196.481003,,213.176987,,-125.024002,,,,,,88.153,-15.238,2.536,3.743,-1.207,,0.0,,12.702,72.915,-26.256001,46.659,0.0,,,46.658999,0.0,46.659,0.0,0.0,46.659,46.659,,108.580002,0.43,0.43,0.52,110.779999,0.42,0.42,0.51,
06/30/2004,399.368011,,-198.854004,,200.514008,,-129.681,,,,,,70.833,-16.254,0.632,1.647,-1.015,,0.0,,15.622,54.579,-19.652,34.926998,0.0,,,34.926999,0.0,34.926998,0.0,0.0,34.926998,34.926998,,109.049004,0.32,0.32,0.4,110.324997,0.32,0.32,0.4,
09/30/2004,408.018005,,-202.507996,,205.51001,,-124.341003,,,,,,81.168999,-58.293,,3.681,-1.504,,0.0,,56.115999,22.875999,-8.235,14.641,0.0,,,14.641,0.0,14.641,0.0,0.0,14.641,14.641,,109.442001,0.13,0.13,0.41,124.096001,0.13,0.13,0.41,
12/31/2004,423.507,,-222.951,,200.556,,-110.133,,,,,,90.423,-4.389,,4.259,-2.89,,0.0,,3.02,86.034,-31.402,54.632,0.0,,,54.632,0.0,54.632,0.0,0.0,54.632,54.632,,109.568,0.5,0.5,0.51,124.402,0.46,0.46,0.47,
03/31/2005,400.828003,,-206.949997,,193.878006,,-133.126999,,,,,,60.750999,0.714,-0.816,3.29,-4.106,,0.0,,0.102,61.465,-22.851999,38.612999,0.0,,,38.613,0.0,38.612999,0.0,0.0,38.612999,38.612999,,109.136002,0.35,0.35,0.35,124.103996,0.32,0.32,0.32,
06/30/2005,416.265991,,-211.212997,,205.052994,,-140.712006,,,,,,64.341003,0.11,-0.922,3.624,-4.546,,0.0,,0.812,64.451003,-24.002001,40.449001,0.0,,,40.449003,0.0,40.449001,0.0,0.0,40.449001,40.449001,,106.359001,0.38,0.38,0.38,121.252998,0.35,0.35,0.35,
09/30/2005,410.29599,,-210.809006,,199.486984,,-136.115005,,,,,,63.372002,-1.022,-0.238,4.69,-4.928,,0.0,,1.26,62.350002,-23.264,39.085999,0.0,,,39.086002,0.0,39.085999,0.0,0.0,39.085999,39.085999,,102.966003,0.38,0.38,0.38,118.157997,0.35,0.35,0.35,
12/31/2005,418.813,,-223.442,,195.371,,-140.247,,,,,,55.124,-23.456,-2.821,2.92,-5.741,,0.0,,26.277,31.668,-11.259,20.128,0.0,,,20.409,0.0,20.128,0.0,0.0,20.128,20.128,,105.8525,0.2,0.2,0.35,120.884,0.19,0.19,0.34,
03/31/2006,407.233002,,-234.753998,,172.479004,,-137.686996,,,,,,34.792,5.746,-2.951,3.301,-6.252,,0.0,,-2.795,40.538,-15.364,25.174,0.0,,,25.173999,0.0,25.174,0.0,0.0,25.174,25.174,,101.614998,0.25,0.25,0.23,116.541,0.23,0.23,0.21,
06/30/2006,510.356,,-330.86,,179.496,,-143.0,,,,,,36.496,-61.634,-3.591,3.322,-6.913,,0.0,,65.225,-25.138,9.527,-15.611,0.0,,,-15.611,0.0,-15.611,0.0,0.0,-15.611,-15.611,39.65,101.666,-0.15,-0.15,0.24,101.666,-0.15,-0.15,0.24,
09/30/2006,440.493,,-257.896,,182.597,,-133.306,,,,,,49.291,5.562,-5.787,3.814,-9.601,,0.0,,0.225,54.853,-20.46,34.393,0.0,,,34.393,0.0,34.393,0.0,0.0,34.393,34.393,2.8,101.865,0.34,0.34,0.37,116.353,0.31,0.31,0.33,
12/31/2006,621.162,,-409.973,,211.189,,-185.8,103.069,49.242,,,82.731,25.389,-506.591,5.993,11.645,-5.652,,0.0,,500.598,-481.202,-7.759,-488.961,0.0,,,-488.961,0.0,-488.961,0.0,0.0,-488.961,-488.961,,101.892,-4.8,-4.8,-1.509389,101.892,-4.8,-4.8,-1.509389,
03/31/2007,671.60498,,-424.720001,,246.884979,,-184.959,,,,,,61.925999,-10.273,10.947,13.876,-2.929,,0.0,,-0.674,51.652998,-20.041,31.612,0.0,,,31.611998,0.0,31.612,0.0,0.0,31.612,31.612,,101.928001,0.31,0.31,0.37,116.612,0.29,0.29,0.34,
06/30/2007,603.005,,-360.438,,242.567,,-176.82,,,,,,65.747,-8.319,9.672,11.475,-1.803,,0.0,,-1.353,57.428,-21.019,36.409,0.0,,,36.409,0.0,36.409,0.0,0.0,36.409,36.409,1.504482,102.093,0.36,0.36,0.37,117.08,0.33,0.33,0.34,
09/30/2007,594.706,,-346.42,,248.286,,-192.307,,,,,,55.979,-0.594,8.161,10.125,-1.964,,0.0,,-7.567,55.385,-20.779,34.606,0.0,,,34.606,0.0,34.606,0.0,0.0,34.606,34.606,2.55,102.453,0.34,0.34,0.36,117.421,0.31,0.31,0.33,
12/31/2007,627.335,,-373.178,,254.157,,-188.267,,,,,,65.89,-6.072,6.807,8.997,-2.19,,0.0,,-0.735,59.818,-21.415,38.403,0.0,,,38.403,0.0,38.403,0.0,0.0,38.403,38.403,1.143,103.792,0.37,0.37,0.38,112.95,0.34,0.34,0.35,
03/31/2008,626.949,,-380.102,,246.847,0.0,-164.827,106.633,56.08,,,58.194,82.02,-0.229,4.487,6.796,-2.309,,0.0,,-4.258,81.791,-31.162,50.629,0.0,,,50.629,0.0,50.629,0.0,0.0,50.629,50.629,,102.625,0.49,0.49,0.62,117.38,0.45,0.45,0.55,
06/30/2008,622.635986,,-359.89801,,262.737976,,-163.701004,,,,,,99.037003,-3.166,5.246,6.931,-1.685,,0.0,,-2.08,95.871002,-35.568001,60.303001,0.0,,,60.303002,0.0,60.303001,0.0,0.0,60.303001,60.303001,,102.727997,0.59,0.59,0.55,117.652,0.53,0.53,0.48,
09/30/2008,640.690979,,-386.654999,,254.03598,,-166.791,,,,,,87.245003,6.790999,4.848,7.005,-2.157,,0.0,,-11.638999,94.036002,-22.975,71.060997,0.0,,,71.061002,0.0,71.060997,0.0,0.0,71.060997,71.060997,,102.892998,0.69,0.69,0.52,117.995003,0.62,0.62,0.47,
12/31/2008,645.225,,-376.167,,269.058,,-179.565,,,,,,76.397,10.218,4.548,7.452,-2.904,,0.0,,-14.766,86.615,-30.229,56.386,0.0,,,56.386,0.0,56.386,0.0,0.0,56.386,56.386,,103.03,0.55,0.55,0.59,118.0,0.5,0.5,0.54,
03/31/2009,667.4,667.4,-388.7,388.7,278.7,0.0,-197.2,134.6,65.7,68.9,42.3,20.3,81.5,-1.5,2.7,4.7,-2.0,,,-2.2,1.0,80.0,-30.9,49.1,0.0,0.0,0.0,49.1,0.0,49.1,0.0,0.0,49.1,66.585,17.485,103.1,0.48,0.48,0.645829,118.2,0.43,0.43,0.577927,
06/30/2009,677.8,677.8,-393.1,393.1,284.7,0.0,-193.2,128.3,66.2,62.1,42.6,22.3,91.5,-0.9,3.3,4.6,-1.3,,,,-2.4,90.6,-37.6,53.0,0.0,0.0,0.0,53.0,,53.0,0.0,0.0,53.0,68.405,15.405,103.4,0.51,0.51,0.661557,118.8,0.46,0.46,0.589672,
09/30/2009,662.1,662.1,-353.7,353.7,308.4,0.0,-197.7,120.1,60.0,60.1,51.9,25.7,110.7,-8.4,8.0,9.0,-1.0,,,,0.4,102.3,-39.3,63.0,0.0,0.0,0.0,63.0,0.0,63.0,0.0,0.0,63.0,77.495,14.495,103.8,0.61,0.61,0.74658,117.1,0.55,0.55,0.673783,
12/31/2009,785.7,785.7,-461.3,461.3,324.4,0.0,-224.2,137.2,71.2,66.0,60.5,26.5,100.2,-10.5,15.2,15.9,-0.7,,,,-4.7,89.7,-32.8,56.9,0.0,0.0,0.0,56.9,0.0,56.9,0.0,0.0,56.9,69.77,12.87,109.7,0.52,0.52,0.636007,111.3,0.51,0.51,0.625633,
03/31/2010,856.5,856.5,-504.7,504.7,351.8,0.0,-251.5,152.0,77.6,74.4,59.5,40.0,100.3,6.2,19.9,20.3,-0.4,,,-2.5,-23.6,106.5,-36.7,69.8,0.0,0.0,0.0,69.8,0.0,69.8,0.0,0.0,69.8,77.47,7.67,121.7,0.57,0.57,0.636565,123.4,0.57,0.57,0.632156,
06/30/2010,875.3,875.3,-498.0,498.0,377.3,0.0,-261.6,156.6,80.7,75.9,61.8,43.2,115.7,-17.2,19.7,20.0,-0.3,,,,-2.5,98.5,-27.9,70.6,0.0,0.0,0.0,70.6,,70.6,,0.0,70.6,89.125,18.525,122.3,0.58,0.58,0.728741,124.0,0.57,0.57,0.719395,
09/30/2010,882.4,882.4,-484.6,484.6,397.8,0.0,-363.4,241.6,78.1,163.5,75.8,46.0,34.4,-20.9,21.1,21.4,-0.3,,,,-0.2,13.5,12.2,25.7,0.0,0.0,0.0,25.7,,25.7,0.0,0.0,25.7,96.94,71.24,122.6,0.21,0.21,0.790701,124.3,0.21,0.21,0.78313,
12/31/2010,952.7,952.7,-511.2,511.2,441.5,0.0,-386.5,205.9,83.6,122.3,99.0,81.6,55.0,-22.9,21.8,22.4,-0.6,,,,1.1,32.1,-14.9,17.2,0.0,0.0,0.0,17.2,1.1,18.3,0.0,0.0,18.3,80.635,62.335,123.1,0.15,0.15,0.655037,125.1,0.15,0.15,0.648281,
03/31/2011,876.5,876.5,-455.6,455.6,420.9,0.0,-310.1,164.8,85.5,79.3,74.3,71.0,110.8,-24.7,21.0,21.8,-0.8,,,,3.7,86.1,-41.3,44.8,0.0,0.0,0.0,44.8,0.5,45.3,0.0,0.0,45.3,61.55,16.25,123.7,0.37,0.37,0.497575,125.7,0.36,0.36,0.489276,
06/30/2011,1081.7,1081.7,-613.4,613.4,468.3,0.0,-350.0,187.5,102.1,85.4,80.5,82.0,118.3,-22.7,22.4,22.9,-0.5,,,,0.3,95.6,-43.2,52.4,0.0,0.0,0.0,52.4,0.3,52.7,0.0,0.0,52.7,65.505,12.805,124.5,0.42,0.42,0.526145,126.4,0.42,0.42,0.521305,
09/30/2011,1081.6,1081.6,-603.2,603.2,478.4,0.0,-338.6,189.6,104.4,85.2,73.4,75.6,139.8,-21.2,24.1,24.4,-0.3,,,,-2.9,118.6,-50.9,67.7,0.0,0.0,0.0,67.7,0.4,68.1,0.0,0.0,68.1,81.555,13.455,124.9,0.55,0.55,0.652962,126.9,0.54,0.54,0.646028,
12/31/2011,1544.6,1544.6,-892.7,892.7,651.9,0.0,-484.6,213.0,109.8,103.2,67.2,204.4,167.3,-11.6,12.2,12.7,-0.5,,,,-0.6,155.7,-61.5,94.2,0.0,0.0,0.0,94.2,0.6,94.8,,0.0,94.8,195.485,100.685,125.1,0.76,0.76,1.56263,127.0,0.75,0.75,1.542795,
03/31/2012,1524.3,1524.3,-904.3,904.3,620.0,0.0,-503.1,282.5,118.1,164.4,88.5,132.1,116.9,-19.8,21.3,21.7,-0.4,,,,-1.5,97.1,-42.3,54.8,0.0,0.0,0.0,54.8,,54.8,0.0,0.0,54.8,112.13,57.33,125.3,0.44,0.44,0.894892,127.2,0.43,0.43,0.880708,
06/30/2012,1355.2,1355.2,-754.0,754.0,601.2,0.0,-505.0,239.7,117.9,121.8,79.7,185.6,96.2,-177.1,20.5,21.0,-0.5,,,,156.6,-80.9,18.7,-62.2,0.0,0.0,0.0,-62.2,,-62.2,0.0,0.0,-62.2,111.805,174.005,125.8,-0.49,-0.49,0.888752,125.8,-0.49,-0.49,0.888752,
09/30/2012,1285.2,1285.2,-724.1,724.1,561.1,0.0,-472.1,224.8,114.7,110.1,112.5,134.8,89.0,22.7,19.0,19.4,-0.4,,,,-41.7,111.7,-35.0,76.7,0.0,0.0,0.0,76.7,0.0,76.7,0.0,0.0,76.7,107.12,30.42,126.0,0.61,0.61,0.850159,128.0,0.6,0.6,0.837656,
12/31/2012,1750.2,1750.2,-1008.0,1008.0,742.2,0.0,-723.5,424.3,195.8,228.5,121.1,178.1,18.7,98.5,53.4,54.6,-1.2,,,,-151.9,117.2,-88.2,29.0,0.0,0.0,0.0,29.0,-1.0,28.0,0.0,0.0,28.0,48.67,20.67,126.2,0.22,0.22,0.385658,130.7,0.21,0.21,0.368148,
03/31/2013,1895.5,1895.5,-1086.6,1086.6,808.9,0.0,-851.5,413.0,227.2,185.8,132.1,306.4,-42.6,-32.7,53.3,54.1,-0.8,,,,-20.6,-75.3,-28.2,-103.5,0.0,0.0,0.0,-103.5,0.7,-102.8,0.0,0.0,-102.8,280.895,383.695,130.2,-0.79,-0.79,2.157412,130.2,-0.79,-0.79,2.156966,
06/30/2013,1989.8,1989.8,-1050.3,1050.3,939.5,0.0,-1402.6,461.4,235.6,225.8,136.3,804.9,-463.1,-50.1,53.9,55.1,-1.2,,,,-3.8,-513.2,-51.4,-564.6,0.0,0.0,0.0,-564.6,-0.2,-564.8,0.0,0.0,-564.8,773.354891,1338.154891,132.2,-4.27,-4.27,5.849886,132.2,-4.27,-4.27,5.849886,
09/30/2013,2013.0,2013.0,-1083.2,1083.2,929.8,0.0,-779.3,455.7,223.6,232.1,163.7,159.9,150.5,-53.6,51.5,52.9,-1.4,,,,2.1,96.9,-31.4,65.5,0.0,0.0,0.0,65.5,0.1,65.6,0.0,0.0,65.6,187.491238,121.891238,132.5,0.5,0.5,1.415028,134.4,0.49,0.49,1.396929,
12/31/2013,2779.3,2779.3,-1471.6,1471.6,1307.7,0.0,-1382.3,717.7,333.9,383.8,190.4,474.2,-74.6,-72.2,69.7,71.1,-1.4,,,,2.5,-146.8,-1.7,-148.5,0.0,0.0,0.0,-148.5,0.1,-148.4,0.0,0.0,-148.4,238.415481,386.815481,173.5,-0.86,-0.86,1.374152,173.5,-0.86,-0.86,1.369484,
03/31/2014,2655.1,2655.1,-1293.0,1293.0,1362.1,0.0,-1154.2,558.9,283.1,275.8,171.5,423.8,207.9,-66.8,71.8,72.8,-1.0,,,,-5.0,141.1,-44.4,96.7,0.0,0.0,0.0,96.7,-0.2,96.5,0.0,0.0,96.5,243.035623,146.535623,173.8,0.56,0.56,1.398364,174.9,0.55,0.55,1.387825,
06/30/2014,2667.2,2667.2,-1296.5,1296.5,1370.7,0.0,-1164.6,561.6,291.5,270.1,158.0,445.0,206.1,-113.7,77.9,79.1,-1.2,,,,35.8,92.4,-43.6,48.8,0.0,0.0,0.0,48.8,-0.1,48.7,0.0,0.0,48.7,276.281935,227.581935,174.2,0.28,0.28,1.586004,175.0,0.28,0.28,1.580468,
09/30/2014,2150.8,2150.8,-1183.1,1183.1,967.7,0.0,-2249.7,963.1,540.2,422.9,276.6,1010.0,-1282.0,-101.1,130.5,132.1,-1.6,,,,-29.4,-1383.1,221.0,-1162.1,-119.3,-119.3,0.0,-1042.8,0.0,-1042.8,0.0,0.0,-1042.8,-153.544874,1008.555126,264.3,-3.95,-4.4,-0.580949,264.3,-3.95,-4.4,-0.584052,
12/31/2014,2415.6,2415.6,-1082.2,1082.2,1333.4,0.0,-2314.0,908.3,,,237.1,1168.6,-980.6,-165.3,122.7,127.8,-5.1,,,,42.6,-1145.9,160.4,-985.5,-252.3,-252.3,0.0,-733.2,0.3,-732.9,0.0,0.0,-732.9,319.340578,1304.540579,219.7,-3.34,-4.48,1.45353,219.7,-3.34,-4.48,1.45353,
03/31/2015,2562.6,2562.6,-1020.1,1020.1,1542.5,0.0,-2220.2,1110.1,569.6,540.5,317.7,792.4,-677.7,-368.0,170.1,171.9,-1.8,,,,197.9,-1045.7,259.0,-786.7,-274.4,-274.4,0.0,-512.3,0.3,-512.0,-23.2,0.0,-535.2,118.314437,927.914437,289.5,-1.85,-2.8,0.408686,289.5,-1.85,-2.8,0.405231,
06/30/2015,3628.7,3628.7,-917.8,917.8,2710.9,0.0,-3187.0,1121.1,801.5,319.6,349.7,1716.2,-476.1,-377.7,337.3,339.9,-2.6,,,,40.4,-853.8,381.9,-471.9,-230.3,-230.3,0.0,-241.6,-1.5,-243.1,-69.6,0.0,-312.7,562.810225,1105.810225,392.6,-0.8,-1.38,1.433547,392.6,-0.8,-1.38,1.433547,
09/30/2015,3469.5,3469.5,-710.3,710.3,2759.2,0.0,-4136.6,1022.7,683.6,339.1,1260.5,1853.4,-1377.4,-336.5,336.7,340.2,-3.5,,,,-0.2,-1713.9,838.9,-875.0,-6177.6,-6177.6,0.0,5302.6,-1.4,5301.2,-69.6,0.0,5231.6,922.935083,1868.935083,393.6,13.29,-2.4,2.344855,393.6,13.29,-2.4,2.344855,
12/31/2015,3606.9,3606.9,-601.8,601.8,3005.1,0.0,-3574.6,1276.3,747.9,528.4,430.6,1867.7,-569.5,-334.0,338.3,341.3,-3.0,,,,-4.3,-903.5,114.9,-788.6,-159.3,-159.3,0.0,-629.3,-1.6,-630.9,-69.6,0.0,-700.5,-218.174977,641.625023,394.2,-1.78,-2.18,-0.553463,394.2,-1.78,-2.18,-0.553463,
03/31/2016,3399.3,3399.3,-477.4,477.4,2921.9,0.0,-3093.4,1096.3,766.8,329.5,403.1,1594.0,-171.5,-329.4,329.9,332.8,-2.9,,,,-0.5,-500.9,408.7,-92.2,-348.6,-348.6,0.0,256.4,-0.7,255.7,-69.6,0.0,186.1,-34.195222,128.304778,394.8,0.47,-0.41,-0.086614,394.8,0.47,-0.41,-0.086614,
06/30/2016,3684.8,3684.8,-441.5,441.5,3243.3,0.0,-3730.9,1210.0,866.8,343.2,636.5,1884.4,-487.6,-193.2,343.3,345.8,-2.5,,,,-150.1,-680.8,258.2,-422.6,77.3,77.3,0.0,-499.9,-1.8,-501.7,-69.6,0.0,-571.3,314.834653,808.834653,395.6,-1.44,-1.25,0.795841,395.6,-1.44,-1.25,0.794577,
09/30/2016,3622.2,3622.2,-462.2,462.2,3160.0,0.0,-3426.4,1157.2,796.0,361.2,622.8,1646.4,-266.4,-272.6,306.2,324.3,-18.1,,,,-33.6,-539.0,158.9,-380.1,-15601.9,-15601.9,0.0,15221.8,-1.8,15220.0,-69.6,0.0,15150.4,-174.10269,277.39731,392.7,38.58,-1.15,-0.443348,392.7,38.58,-1.15,-0.443615,
12/31/2016,3864.3,3864.3,-479.7,479.7,3384.6,0.0,-4284.6,1276.8,836.8,440.0,913.3,2094.5,-900.0,-211.3,246.3,292.7,-46.4,,,,-35.0,-1111.3,1071.2,-40.1,-41.3,-41.3,0.0,1.2,-1.8,-0.6,-69.6,0.0,-70.2,1028.174061,1139.674061,356.8,-0.2,-0.31,2.881654,356.8,-0.2,-0.31,2.881654,
03/31/2017,3572.9,3572.9,-450.4,450.4,3122.5,0.0,-4028.5,1185.2,869.1,316.1,759.9,2083.4,-906.0,-2187.2,264.4,289.7,-25.3,,,,1922.8,-3093.2,532.1,-2561.1,3.1,3.1,0.0,-2564.2,-1.0,-2565.2,-69.6,0.0,-2634.8,917.808016,3549.508016,335.1,-7.86,-7.85,2.738908,335.1,-7.86,-7.85,2.738908,
06/30/2017,4007.4,4007.4,-550.2,550.2,3457.2,0.0,-4359.6,1395.0,935.2,459.8,489.4,2475.2,-902.4,-394.3,260.8,277.4,-16.6,0.0,,,133.5,-1296.7,581.2,-715.5,8.4,8.4,0.0,-723.9,-2.0,-725.9,-69.6,0.0,-795.5,425.79,1212.89,335.2,-2.37,-2.35,1.270257,335.2,-2.37,-2.35,1.268407,
09/30/2017,4034.3,4034.3,-586.5,586.5,3447.8,0.0,-7470.1,1169.7,832.8,336.9,442.6,5857.8,-4022.3,-1564.4,254.1,265.2,-11.1,,,,1310.3,-5586.7,1638.8,-3947.9,6.1,6.1,0.0,-3954.0,-1.7,-3955.7,-69.6,0.0,-4025.3,844.522374,4863.722374,333.5,-12.07,-12.05,2.532301,333.5,-12.07,-12.05,2.532301,
12/31/2017,4326.1,4326.1,-580.9,580.9,3745.2,0.0,-3835.7,1266.8,877.7,389.1,408.2,2160.7,-90.5,-319.3,248.6,263.3,-14.7,,,,70.7,-409.8,3918.3,3508.5,385.3,385.3,0.0,3123.2,-1.9,3121.3,-69.6,0.0,3051.7,335.463195,-3101.536805,331.3,9.211289,10.374283,1.012566,351.6,8.679465,9.775313,0.954105,
03/31/2018,3672.1,3672.1,-522.8,522.8,3149.3,0.0,-3803.3,1095.9,800.0,295.9,474.7,2232.7,-654.0,-312.1,233.3,250.6,-17.3,,,,78.8,-966.1,682.2,-283.9,0.0,0.0,0.0,-283.9,-2.2,-286.1,-46.4,0.0,-332.5,-140.238445,192.261555,334.6,-0.99,-0.99,-0.419123,334.6,-0.99,-0.99,-0.419123,
06/30/2018,4124.2,4124.2,-481.8,481.8,3642.4,0.0,-4109.4,1187.5,853.4,334.1,689.2,2232.7,-467.0,-8.3,223.7,230.0,-6.3,,,,-215.4,-475.3,5.2,-470.1,0.0,0.0,0.0,-470.1,-2.4,-472.5,0.0,0.0,-472.5,381.817,854.317,339.1,-1.39,-1.39,1.125972,339.1,-1.39,-1.39,1.125972,
09/30/2018,3911.4,3911.4,-596.8,596.8,3314.6,0.0,-3057.1,1044.8,755.6,289.2,424.2,1588.1,257.5,-80.4,210.4,220.4,-10.0,,,,-130.0,177.1,-213.4,-36.3,0.0,0.0,0.0,-36.3,-1.6,-37.9,0.0,0.0,-37.9,-135.686122,-97.786122,339.0,-0.11,-0.11,-0.400254,339.0,-0.11,-0.11,-0.400254,
12/31/2018,4079.7,4079.7,-590.0,590.0,3489.7,0.0,-8873.8,1193.6,841.6,352.0,678.1,7002.1,-5384.1,-208.5,198.6,210.2,-11.6,,,,9.9,-5592.6,1296.7,-4295.9,0.0,0.0,0.0,-4295.9,-4.0,-4299.9,0.0,0.0,-4299.9,24.021211,4323.921211,335.1,-12.83,-12.83,0.071684,335.1,-12.83,-12.83,0.071684,
03/31/2019,3597.1,3597.1,-497.8,497.8,3099.3,0.0,-5408.5,1112.3,804.0,308.3,435.0,3861.2,-2309.2,-166.7,180.5,201.8,-21.3,,,,-13.8,-2475.9,68.6,-2407.3,0.0,0.0,0.0,-2407.3,-0.7,-2408.0,0.0,0.0,-2408.0,51.976309,2459.976309,332.0,-7.25,-7.25,0.156555,332.0,-7.25,-7.25,0.156555,
06/30/2019,4090.1,4090.1,-652.3,652.3,3437.8,0.0,-4700.7,1197.5,873.3,324.2,450.0,3053.2,-1262.9,-190.4,185.7,195.4,-9.7,,,,4.7,-1453.3,-301.6,-1754.9,0.0,0.0,0.0,-1754.9,-4.1,-1759.0,0.0,0.0,-1759.0,-515.612662,1243.387338,327.8,-5.37,-5.37,-1.572949,327.8,-5.37,-5.37,-1.576872,
09/30/2019,4050.7,4050.7,-639.0,639.0,3411.7,0.0,-4008.3,1994.1,901.4,1092.7,474.5,1539.7,-596.6,-170.9,173.4,193.9,-20.5,,,,-2.5,-767.5,-18.1,-785.6,0.0,0.0,0.0,-785.6,-1.2,-786.8,0.0,0.0,-786.8,117.335004,904.135004,328.0,-2.4,-2.4,0.357729,328.0,-2.4,-2.4,0.356509,
12/31/2019,4351.0,4351.0,-704.0,704.0,3647.0,0.0,-3923.6,1639.6,883.0,756.6,452.5,1831.5,-276.6,-145.4,166.6,191.9,-25.3,,,,-21.2,-422.0,104.7,-317.3,0.0,0.0,0.0,-317.3,0.1,-317.2,0.0,0.0,-317.2,367.114149,684.314149,328.4,-0.97,-0.97,1.117887,328.4,-0.97,-0.97,1.113782,
03/31/2020,3604.4,3604.4,-623.1,623.1,2981.3,0.0,-4280.9,1373.4,972.1,401.3,430.0,2477.5,-1299.6,-188.2,163.3,184.5,-21.2,,,,24.9,-1487.8,1866.8,379.0,0.0,0.0,0.0,379.0,-1.0,378.0,0.0,0.0,378.0,1432.489,1054.489,329.1,1.15,1.15,4.352747,331.9,1.14,1.14,4.317129,
06/30/2020,3800.286,,,,3227.69690838,,,,,,,,1742.667,,,,,,,,,1425.0,,6.2,,,,,,6.2,,,6.2,1244.667,,,0.315,0.315,3.646,,0.315,0.315,3.646,
09/30/2020,3817.857,,,,3243.91855719,,,,,,,,1583.5,,,,,,,,,1405.333,,65.2,,,,,,65.2,,,65.2,1227.333,,,0.325,0.325,3.676,,0.325,0.325,3.676,
