Date,Revenue,Net Premiums Earned,Net Premiums Earned (NL),Net Premiums Earned (L),Other Premiums Earned (NL & L),Investment Income,Other Operating Income,Policy Charges & Fees,Other Income,Claims & Losses,Claims & Losses (NL),Claims & Losses (L),LT Charges (L),Oth Claims & Losses (NL & L),Underwriting Expense & Acq Cost,Underwriting & Acq Cost (NL),Underwriting Cost (NL),Amort Def Acq Cost (NL),Underwriting & Acq Cost (L),Underwriting Cost (L),Amort Def Acq Cost (L),Other Cost (NL & L),Other Operating Expense,Operating Income (Loss),Interest Expense,Other Non-Op (Income) Loss,"Pretax Income (Loss), GAAP",Income Tax Expense (Benefit),Income (Loss) from Cont Ops,Net Extraordinary Losses (Gains),Discontinued Operations,XO & Accounting Changes,Income (Loss) Incl. MI,Minority Interest,"Net Income, GAAP",Preferred Dividends,Other Adjustments,"Net Income Avail to Common, GAAP","Net Income Avail to Common, Adj",Net Abnormal Losses (Gains),Basic Weighted Avg Shares,"Basic EPS, GAAP",Basic EPS from Cont Ops,"Basic EPS from Cont Ops, Adjusted",Diluted Weighted Avg Shares,"Diluted EPS, GAAP",Diluted EPS from Cont Ops,"Diluted EPS from Cont Ops, Adjusted",Source: Bloomberg
03/31/1990,3507.662109,2953.512939,,,,520.478992,33.669998,,,-2351.046021,1713.697021,295.697998,341.651001,,-692.634003,,,,,,,,,445.925995,,5.57,451.495995,-95.839996,355.656006,0.0,,,355.655999,,355.656006,-2.633,,353.023006,353.023006,,97.119313,3.640889,3.640889,,97.119313,3.640889,3.640889,3.640889,
06/30/1990,3652.756104,3079.14502,,,,532.921015,40.689999,,,-2453.977966,1749.204956,305.64801,399.125,,-720.162994,,,,,,,,,457.165985,,5.837,463.002985,-95.084,367.919006,0.0,,,367.918985,,367.919006,-2.633,,365.286006,365.286006,,97.146371,3.758881,3.758881,,97.146371,3.758881,3.758881,3.758881,
09/30/1990,3718.956055,3147.969971,,,,528.696007,42.290001,,,-2529.127014,1798.192993,348.446014,382.488007,,-741.479004,,,,,,,,,423.794006,,6.037,429.831007,-93.059998,336.770996,0.0,,,336.771009,,336.770996,-1.9,,334.870996,334.870996,,98.064735,3.413333,3.413333,,98.064735,3.413333,3.413333,3.413333,
12/31/1990,4052.705078,3446.384033,,,,553.802985,52.518002,,,-2764.657043,1890.738037,352.075989,521.843018,,-806.877991,,,,,,,,,460.597992,,6.606,467.203992,-85.255997,381.947998,0.0,,,381.947995,,381.947998,-2.522,,379.425998,379.425998,,100.69787,3.771523,3.771523,,100.69787,3.771523,3.771523,3.771523,
03/31/1991,3829.782959,3194.237061,,,,577.696997,57.848999,,,-2571.615997,1773.968994,340.798004,456.848999,,-746.894012,,,,,,,,,489.475006,,6.709,496.184006,-120.779999,375.403992,0.0,,,375.404007,,375.403992,-1.785,,373.618992,373.618992,,100.702614,3.708313,3.708313,,100.702614,3.708313,3.708313,3.708313,
06/30/1991,3856.834961,3203.801025,,,,591.173975,61.860001,,,-2588.984985,1733.958984,372.177002,482.848999,,-741.460999,,,,,,,,,513.687012,,6.806,520.493012,-119.477997,401.015015,0.0,,,401.015015,,401.015015,-1.965,,399.050015,399.050015,,100.741532,3.961152,3.961152,,100.741532,3.961152,3.961152,3.961152,
09/30/1991,3919.042969,3237.926025,,,,597.393019,83.723999,,,-2662.412048,1806.477051,377.605988,478.32901,,-763.024994,,,,,,,,,479.368011,,7.665,487.033011,-110.237,376.79599,0.0,,,376.796012,,376.79599,-1.965,,374.83099,374.83099,,100.766691,3.729383,3.729383,,100.766691,3.729383,3.729383,3.729383,
12/31/1991,4228.287109,3528.021973,,,,635.339977,64.925003,,,-2856.722961,1872.142944,435.401001,549.179016,,-838.85199,,,,,,,,,511.239014,,7.626,518.865014,-119.070999,399.794006,0.0,,,399.794014,,399.794006,-1.547,,398.247006,398.247006,,100.745334,3.940082,3.940082,,100.745334,3.940082,3.940082,3.940082,
03/31/1992,4093.571045,3371.240967,,,,645.305973,77.024002,,,-2772.835999,1845.494019,412.164001,515.177979,,-765.949005,,,,,,,,,537.994995,,8.155,546.149995,-138.447006,407.703003,-31.940999,,,439.643988,,439.644012,-1.363,,438.281012,438.281012,,100.719705,4.361481,4.045432,,100.719705,4.361481,4.045432,4.045432,
06/30/1992,4213.018066,3469.834961,,,,648.220026,94.962997,,,-2849.460052,1837.545044,439.446991,572.468018,,-796.771973,,,,,,,,,550.947021,,8.01,558.957022,-139.373993,419.583008,0.0,,,419.583029,,419.583008,-0.975,,418.608008,418.608008,,100.442533,4.171852,4.171852,,100.442533,4.171852,4.171852,4.171852,
09/30/1992,4312.171875,3525.018066,,,,674.246988,112.906998,,,-3015.096008,1969.031982,490.171997,555.892029,,-839.560028,,,,,,,,,435.367004,,3.038,438.405005,-99.530998,338.873993,0.0,,,338.874006,,338.873993,-1.133,,337.740993,337.740993,,100.392223,3.371193,3.371193,,100.392223,3.371193,3.371193,3.371193,
12/31/1992,4507.75,3696.383057,,,,697.249025,114.117996,,,-2989.987946,1851.432983,507.454987,631.099976,,-917.541992,,,,,,,,,584.809998,,8.726,593.535998,-134.681,458.855011,0.0,,,458.854998,,458.855011,-1.0,,457.855011,457.855011,,100.424022,4.551111,4.551111,4.551111,100.424022,4.551111,4.551111,4.551111,
03/31/1993,4308.540039,3491.896973,,,,714.436989,102.206001,,,-2890.201996,1795.322998,501.667999,593.210999,,-765.309021,,,,,,,,,631.383972,,8.887,640.270972,-165.044998,475.226013,-20.695,,,495.920974,,495.92099,-0.82,,495.10099,495.10099,,100.453925,4.93037,4.719671,,100.453925,4.93037,4.719671,4.719671,
06/30/1993,4648.041992,3808.360107,,,,723.809996,115.872002,,,-3119.020996,1879.196045,573.992981,665.83197,,-873.217987,,,,,,,,,641.039978,,9.199,650.238978,-168.604996,481.634003,0.0,,,481.633983,,481.634003,-0.223,,481.411003,481.411003,,100.414688,4.803951,4.803951,,100.414688,4.803951,4.803951,4.803951,
09/30/1993,4754.337891,3904.22998,,,,735.745012,114.362999,,,-3170.234924,1944.340942,619.559998,606.333984,,-953.709991,,,,,,,,,609.539001,,10.698,620.237001,-169.175995,451.061005,0.0,,,451.061007,,451.061005,0.0,,451.061005,451.061005,,100.439363,4.487901,4.487901,,100.439363,4.487901,4.487901,4.487901,
12/31/1993,4999.342773,4108.199219,,,,773.29997,117.844002,,,-3287.914978,1957.156006,678.890991,651.867981,,-1015.363984,,,,,,,,,679.528992,,10.805,690.333992,-180.177002,510.157013,0.0,,,510.15699,,510.157013,0.0,,510.157013,510.157013,,100.483346,5.088395,5.088395,5.088395,100.483346,5.088395,5.088395,5.088395,
03/31/1994,4864.878906,3951.451904,,,,800.754002,112.672997,,,-3266.721069,1977.467041,576.801025,712.453003,,-903.013977,,,,,,,,,676.684021,,7.272,683.956021,-172.792007,511.164001,0.0,,,511.164013,-5.546,505.618011,0.0,,505.618011,505.618011,,100.44506,5.025185,5.025185,,100.44506,5.025185,5.025185,5.025185,
06/30/1994,5186.162109,4253.606934,,,,801.914988,130.639999,,,-3454.619019,2022.791016,666.267029,765.560974,,-985.568024,,,,,,,,,731.210999,,14.749,745.959998,-190.998993,554.960999,0.0,,,554.961005,-5.267,549.69397,0.0,,549.69397,549.69397,,100.162827,5.499259,5.499259,,100.162827,5.499259,5.499259,5.499259,
09/30/1994,5239.230957,4316.550781,,,,809.007014,113.672997,,,-3448.925964,2025.532959,696.781006,726.612,,-1030.170013,,,,,,,,,739.859009,,16.360001,756.219009,-205.785995,550.432983,0.0,,,550.433014,-7.906,542.526978,0.0,,542.526978,542.526978,,100.100816,5.404445,5.404445,,100.100816,5.404445,5.404445,5.404445,
12/31/1994,5450.234863,4489.541992,,,,858.697019,101.996002,,,-3617.896058,1979.810059,776.244019,861.84198,,-1039.371033,,,,,,,,,777.877014,,17.624001,795.501015,-206.886993,588.614014,0.0,,,588.614022,-10.938,577.676025,0.0,,577.676025,577.676025,,99.941976,5.783704,5.783704,5.783704,99.941976,5.783704,5.783704,5.783704,
03/31/1995,5547.405762,4553.597168,,,,901.711981,92.097,,,-3731.886963,2170.209961,717.737,843.940002,,-1024.792969,,,,,,,,,777.47699,,17.688999,795.165989,-213.638,581.528015,0.0,,,581.527988,-9.372,572.156006,0.0,,572.156006,572.156006,,99.952105,5.720494,5.720494,5.594074,99.952105,5.720494,5.720494,5.594074,
06/30/1995,5970.214844,4886.195801,,,,950.664972,133.354004,,,-3903.250916,2138.304932,855.5,909.445984,,-1177.776001,,,,,,,,,866.000977,,21.43,887.430977,-245.509995,641.921021,0.0,,,641.920982,-8.136,633.784973,0.0,,633.784973,633.784973,,99.987851,6.352593,6.352593,6.257778,99.987851,6.352593,6.352593,6.257778,
09/30/1995,6037.370117,4937.624023,,,,990.371019,109.375,,,-3981.02002,2178.092041,866.322998,936.60498,,-1161.091003,,,,,,,,,868.95697,,20.125,889.08197,-248.181,640.901001,0.0,,,640.90097,-10.215,630.685974,0.0,,630.685974,630.685974,,100.011798,6.305185,6.305185,6.162963,100.011798,6.305185,6.305185,6.162963,
12/31/1995,6245.996094,5066.463867,,,,1039.707978,139.824005,,,-4131.710998,2173.228027,908.497986,1049.984985,,-1177.771973,,,,,,,,,908.04303,,22.478001,930.521031,-248.171005,682.349976,0.0,,,682.350026,-8.594,673.755981,0.0,,673.755981,673.755981,,100.011798,6.779259,6.779259,6.637037,100.011798,6.779259,6.779259,6.637037,
03/31/1996,6074.248047,4867.289062,,,,1083.078007,123.880997,,,-4030.927063,2178.060059,798.992981,1053.874023,,-1122.871948,,,,,,,,,907.685974,,22.184,929.869974,-246.537003,683.333008,0.0,,,683.332972,-12.115,671.218018,0.0,,671.218018,671.218018,,99.977835,6.684444,6.684444,6.494815,100.385792,6.684444,6.684444,6.494815,
06/30/1996,6418.573242,5155.013184,,,,1117.088003,146.472,,,-4255.89502,2215.445068,938.692993,1101.756958,,-1147.916016,,,,,,,,,994.049988,,25.865,1019.914988,-283.656006,736.258972,0.0,,,736.258982,-11.891,724.367981,0.0,,724.367981,724.367981,,99.369915,7.324444,7.324444,7.205926,99.776392,7.253333,7.253333,7.158518,
09/30/1996,6557.962891,5250.067871,,,,1161.735016,146.160004,,,-4289.314941,2271.983887,963.453003,1053.878052,,-1236.478027,,,,,,,,,1001.080994,,26.273001,1027.353994,-286.634003,740.719971,0.0,,,740.719992,-9.283,731.437012,0.0,,731.437012,731.437012,,99.02187,7.395555,7.395555,7.253333,99.424336,7.395555,7.395555,7.253333,
12/31/1996,6811.692871,5560.690918,,,,1091.34205,159.660004,,,-2806.256043,613.325989,1032.384033,1160.546021,,-2931.379028,,,,,,,,,1054.271973,,25.037001,1079.308974,-299.138,780.171021,0.0,,,780.170974,-9.937,770.234009,0.0,,770.234009,770.234009,,99.028404,7.751111,7.751111,7.68,99.422019,7.68,7.68,7.608889,
03/31/1997,6609.313965,5295.152832,,,,1180.801964,133.358994,,,-4365.663025,2303.551025,895.528015,1166.583984,,-1144.018005,,,,,,,,,1081.213989,,25.719999,1106.933989,-315.341003,791.593018,0.0,,,791.592985,-10.658,780.934998,0.0,,780.934998,780.934998,,99.036424,7.869629,7.869629,7.632593,99.451547,7.822222,7.822222,7.537778,
06/30/1997,7137.290039,5761.729004,,,,1201.970949,173.589996,,,-4675.905029,2438.303955,1035.831055,1201.77002,,-1288.042969,,,,,,,,,1147.910034,,32.069,1179.979034,-343.899994,836.078979,0.0,,,836.079041,-9.584,826.494995,0.0,,826.494995,826.494995,,98.744905,8.391111,8.391111,8.201482,99.177961,8.391111,8.391111,8.201482,
09/30/1997,6980.26123,5569.707031,,,,1230.069006,180.485001,,,-4487.425049,2300.427979,1033.619019,1153.378052,,-1307.054016,,,,,,,,,1163.020996,,26.804001,1189.824997,-344.256012,845.56897,0.0,,,845.568985,-5.251,840.317993,0.0,,840.317993,840.317993,,98.632267,8.462223,8.462223,8.391111,99.083951,8.462223,8.462223,8.391111,
12/31/1997,7189.658203,5720.089844,,,,1255.665024,213.903,,,-4638.424072,2313.936035,1087.202026,1237.286011,,-1296.151001,,,,,,,,,1225.042969,,29.042999,1254.085968,-363.06601,891.02002,0.0,,,891.019958,-6.433,884.586975,0.0,,884.586975,884.586975,,98.467455,9.031111,9.031111,8.817778,98.908316,8.96,8.96,8.746667,
03/31/1998,7657.0,5627.0,,,,1787.0,243.0,,,-4874.0,2465.0,2409.0,0.0,,-804.0,,,,,,,,,1950.0,-493.0,0.0,1457.0,-418.0,1039.0,0.0,,,1039.0,-29.0,1010.0,,,1010.0,1010.0,,170.71875,5.902222,5.902222,5.902222,174.9375,5.76,5.76,5.76,
06/30/1998,8096.0,5998.0,,,,1814.0,284.0,,,-5140.0,2575.0,2565.0,,,-1377.0,,,,,,,,,1579.0,,-39.0,1540.0,-439.0,1101.0,,,,1101.0,-25.0,1076.0,,,1076.0,1076.0,,213.46875,5.048889,5.048889,5.048889,218.953125,4.906667,4.906667,4.906667,
09/30/1998,8308.0,6119.0,,,,1917.0,272.0,,,-5168.0,2801.0,2367.0,,,-1478.0,,,,,,,,,1624.0,,,,-470.0,1154.0,,,,,-78.0,1076.0,,,1076.0,1076.0,,142.40625,7.573333,7.573333,7.573333,145.59375,7.36,7.36,7.36,
12/31/1998,9660.0,6647.0,,,,2016.0,1014.0,,,-5717.0,2816.0,1360.0,1541.0,,-1563.0,,,,,,,,,1656.0,-571.0,0.0,1085.0,-458.0,1198.0,0.0,,,627.0,-78.0,1120.0,0.0,,1120.0,1120.0,,113.925,9.738667,9.738667,9.984,116.4,9.6,9.6,9.738667,
03/31/1999,9825.0,6648.0,,,,2172.0,1005.0,,,-5773.0,2843.0,1179.0,1751.0,,-1513.0,,,,,,,,,1801.0,-502.0,0.0,1299.0,-522.0,1279.0,0.0,,,777.0,-80.0,1199.0,0.0,,1199.0,1199.0,,116.0625,10.346667,10.346667,10.346667,117.6,10.24,10.24,10.24,
06/30/1999,10195.0,6962.0,,,,2179.0,1054.0,,,-5898.0,2944.0,1191.0,1763.0,,-1610.0,,,,,,,,,1916.0,-556.0,0.0,1360.0,-569.0,1347.0,0.0,,,791.0,-70.0,1277.0,0.0,,1277.0,1277.0,,145.21875,8.853333,8.853333,8.853333,147.09375,8.64,8.64,8.64,
09/30/1999,9590.0,6392.0,,,,2198.0,1000.0,,,-5495.0,2756.0,1228.0,1511.0,,-1517.0,,,,,,,,,1867.0,-551.0,0.0,1316.0,-549.0,1318.0,0.0,,,767.0,-51.0,1267.0,0.0,,1267.0,1267.0,,116.1,10.933333,10.933333,10.666667,117.549975,10.8,10.8,10.533333,
12/31/1999,10998.0,7484.0,,,,2305.0,1218.0,,,-6442.0,3195.0,1402.0,1845.0,,-1769.0,,,,,,,,,1928.0,-581.0,0.0,1347.0,-579.0,1349.0,0.0,,,768.0,-37.0,1312.0,0.0,,1312.0,1312.0,,116.175,11.333333,11.333333,11.333333,117.6,11.2,11.2,11.2,
03/31/2000,10890.0,7385.0,,,,2334.0,1192.0,,,-6394.0,3088.0,1247.0,2059.0,,-1638.0,,,,,,,,,1991.0,-640.0,0.0,1351.0,-590.0,1401.0,0.0,,,761.0,-55.0,1346.0,0.0,0.0,1346.0,1346.0,,115.95,11.6,11.6,11.733333,117.3,11.466667,11.466667,11.6,
06/30/2000,11364.0,7789.0,,,,2400.0,1209.0,,,-6644.0,3306.0,1448.0,1890.0,,-1763.0,,,,,,,,,2096.0,-582.0,0.0,1514.0,-623.0,1473.0,0.0,,,891.0,-66.0,1407.0,0.0,,1407.0,1407.0,,115.65,8.133333,12.2,12.466667,116.925,8.0,12.0,12.266667,
09/30/2000,12225.0,8252.0,,,,3342.0,688.0,,,-7411.0,3066.0,2368.0,1977.0,,-2050.0,,,,,,,,,2598.0,-1067.0,0.0,1531.0,-785.0,1813.0,0.0,,,746.0,-108.0,1705.0,0.0,0.0,1705.0,1705.0,,115.7,13.2,13.2,12.2,117.0,13.0,12.0,12.2,
12/31/2000,19696.0,11154.0,,,,4975.0,3455.0,,,-16369.0,3644.0,12725.0,,,-3132.0,,,,,,,,,7358.0,-1416.0,-315.0,5627.0,-973.0,2365.0,0.0,,,4654.0,-184.0,2181.0,0.0,0.0,2181.0,2181.0,,123.025,17.8,17.8,17.8,124.45,17.6,17.6,17.6,
03/31/2001,13110.0,9091.0,,,,3405.0,700.0,,,-8182.0,3572.0,2061.0,2549.0,,-2187.0,,,,,,,,,3813.0,-1013.0,0.0,2800.0,-826.0,1974.0,6.0,,,1968.0,-113.0,1855.0,0.0,0.0,1855.0,1855.0,,131.15,14.2,14.2,14.6,132.55,14.0,14.0,14.4,
06/30/2001,13405.0,9537.0,,,,3448.0,769.0,,,-8360.0,3519.0,2628.0,2213.0,,-2391.0,,,,,,,,,3665.0,-1006.0,-654.0,2005.0,-545.0,1460.0,49.0,,,1411.0,-96.0,1315.0,0.0,0.0,1315.0,1315.0,,131.05,10.0,10.4,15.2,132.55,10.0,10.4,15.2,
09/30/2001,14001.0,9718.0,,,,3659.0,738.0,,,-9337.0,4330.0,3209.0,1798.0,,-2520.0,,,,,,,,,3007.0,-1027.0,-1363.0,617.0,-164.0,453.0,81.0,,,372.0,-45.0,327.0,0.0,0.0,327.0,327.0,,131.0,2.4,3.0,11.4,132.55,2.4,3.0,11.4,
12/31/2001,18428.0,10262.0,,,,4116.0,4337.0,,,-9288.0,3985.0,3918.0,1385.0,,-2330.0,,,,,,,,,7386.0,-992.0,-3677.0,2717.0,-804.0,1913.0,0.0,,,1913.0,-47.0,1866.0,0.0,0.0,1866.0,1866.0,,130.75,14.4,14.4,15.4,132.25,14.0,14.0,15.0,
03/31/2002,14480.0,10290.0,,,,3648.0,774.0,,,-9167.0,4143.0,2525.0,2499.0,,-2360.0,,,,,,,,,2959.0,-958.0,0.0,2001.0,-892.0,2067.0,0.0,,,1109.0,-87.0,1980.0,0.0,0.0,1980.0,1980.0,,130.75,15.2,15.2,16.4,132.05,15.0,15.0,16.2,
06/30/2002,14938.0,11019.0,,,,3726.0,822.0,,,-9618.0,4340.0,2659.0,2619.0,,-2504.0,,,,,,,,,2767.0,-856.0,0.0,1911.0,-872.0,1895.0,0.0,,,1039.0,-94.0,1801.0,0.0,0.0,1801.0,1801.0,,130.65,13.8,13.8,17.0,132.0,13.6,13.6,16.8,
09/30/2002,17150.0,11284.0,,,,3245.0,2621.0,,,-9945.0,4608.0,2630.0,2707.0,,-2610.0,,,,,,,,,3585.0,-856.0,0.0,2729.0,-817.0,1912.0,0.0,,,1912.0,-70.0,1842.0,0.0,0.0,1842.0,1842.0,,130.5,14.0,14.0,17.0,131.7,14.0,14.0,17.0,
12/31/2002,17533.0,11996.0,,,,2835.0,2702.0,,,-9627.0,7723.0,2738.0,-834.0,,-2715.0,,,,,,,,,646.0,-959.0,0.0,-313.0,253.0,-60.0,0.0,,,-60.0,-44.0,-104.0,0.0,0.0,-104.0,-104.0,,130.5,-0.8,-0.8,4.0,131.65,-0.8,-0.8,4.0,
03/31/2003,18927.0,13072.0,,,,3334.0,2521.0,,,-11292.0,5403.0,2604.0,3285.0,,-2821.0,,,,,,,,,3901.0,-977.0,0.0,2924.0,-876.0,2048.0,0.0,,,2048.0,-94.0,1954.0,0.0,0.0,1954.0,1954.0,,130.5,15.0,15.0,18.2,131.4,14.8,14.8,18.0,
06/30/2003,19891.0,13375.0,,,,3792.0,2724.0,,,-11453.0,5725.0,2765.0,2963.0,,-2934.0,,,,,,,,,4424.0,-994.0,0.0,3430.0,-1060.0,2370.0,0.0,,,2370.0,-94.0,2276.0,0.0,0.0,2276.0,2276.0,,130.5,17.4,17.4,19.2,131.37,17.4,17.4,19.2,
09/30/2003,20306.0,13869.0,,,,3729.0,2708.0,,,-11443.0,6106.0,2630.0,2707.0,,-3145.0,,,,,,,,,4509.0,-1005.0,0.0,3504.0,-1069.0,2435.0,0.0,,,2435.0,-98.0,2337.0,0.0,0.0,2337.0,2337.0,,130.5,18.0,18.0,19.8,131.4,17.8,17.8,19.6,
12/31/2003,22179.0,14718.0,,,,4348.0,3198.0,,,-12481.0,6036.0,3015.0,3430.0,,-3419.0,,,,,,,,,5154.0,-1160.0,0.0,3994.0,-1259.0,2791.0,0.0,,,2735.0,-93.0,2707.0,0.0,0.0,2707.0,2707.0,,130.45,20.6,20.6,21.0,131.35,20.6,20.6,21.0,
03/31/2004,23637.0,16139.0,,,,4803.0,2695.0,,,-13734.0,6809.143,6924.857,,,-3675.596,,,,,,,,,5862.0,-1571.0,0.0,4291.0,-1356.0,2935.0,181.0,,,2754.0,-98.0,2656.0,0.0,0.0,2656.0,2656.0,,130.5,20.4,21.8,21.4,131.65,20.2,21.6,21.2,
06/30/2004,23809.0,16321.0,,,,4513.0,2975.0,,,-13541.0,13541.0,,,,-4461.0,,,,,,,,,5807.0,-1418.0,,4389.0,-1401.0,2988.0,0.0,,,2988.0,-126.0,2862.0,0.0,0.0,2862.0,2862.0,,130.4,21.8,21.8,21.8,131.55,21.8,21.8,21.8,
09/30/2004,25280.0,17237.0,,,,4418.0,3625.0,,,-15166.0,15166.0,,,,-4558.0,,,,,,,,,5556.0,-1465.0,0.0,4091.0,-1264.0,2827.0,0.0,,,2827.0,-142.0,2685.0,0.0,0.0,2685.0,2685.0,,130.3,20.8,20.8,17.8,131.9,20.4,20.4,17.4,
12/31/2004,25041.0,17190.0,,,,4934.0,2917.0,,,-37151.143,16073.0,21078.143,,,-13543.857,,,,,,,,,3726.0,-1406.0,-22.0,2298.0,-548.0,1750.0,0.0,,,1750.0,-138.0,1612.0,0.0,0.0,1612.0,1612.0,,130.05,12.4,12.4,13.8,131.6,12.4,12.4,13.6,
03/31/2005,27202.0,17680.0,10140.0,7540.0,0.0,5469.0,4053.0,,,-14873.0,14873.0,,,,-5001.0,,,,,,,,,7328.0,-1679.0,0.0,5649.0,-1706.0,3943.0,0.0,,,3943.0,-144.0,3799.0,0.0,0.0,3799.0,3799.0,,129.85,29.2,29.2,24.8,131.2,29.0,29.0,24.6,
06/30/2005,27903.0,17536.0,10232.0,7304.0,0.0,5102.0,5265.0,,,-14283.0,14283.0,,,,-5232.0,,,,,,,,,8388.0,-1687.0,0.0,6701.0,-2083.0,4618.0,0.0,,,4618.0,-129.0,4489.0,0.0,0.0,4489.0,4489.0,,129.8,34.6,34.6,25.2,131.15,34.2,34.2,25.0,
09/30/2005,26408.0,17243.0,10134.0,7109.0,0.0,5731.0,3434.0,,,-16501.0,16501.0,,,,-4971.0,,,,,,,,,4936.0,-2389.0,0.0,2547.0,-748.0,1799.0,0.0,,,1799.0,-54.0,1745.0,0.0,0.0,1745.0,1745.0,,129.85,13.4,13.4,14.4,131.2,13.2,13.2,14.2,
12/31/2005,27392.0,17750.0,10303.0,7447.0,0.0,6204.0,3438.0,,,-17901.0,17901.0,,,,-7466.0,,,,,,,,,2025.0,-1709.0,0.0,316.0,279.0,595.0,0.0,,,595.0,-151.0,444.0,0.0,0.0,444.0,444.0,,129.85,3.4,3.4,11.8,131.3,3.4,3.4,11.6,
03/31/2006,27278.0,18270.0,10470.0,7800.0,0.0,6140.0,2868.0,,,-15089.0,15089.0,,,,-5500.0,,,,,,,,,6689.0,-1896.0,0.0,4793.0,-1435.0,3358.0,-34.0,,,3392.0,-197.0,3195.0,0.0,0.0,3195.0,3195.0,,130.25,24.4,24.2,26.0,131.2,24.4,24.2,25.8,
06/30/2006,26854.0,18326.0,10678.0,7648.0,0.0,5931.0,2597.0,,,-14066.0,14066.0,,,,-5552.0,,,,,,,,,7236.0,-1995.0,0.0,5241.0,-1688.0,3553.0,0.0,,,3553.0,-363.0,3190.0,0.0,0.0,3190.0,3190.0,,130.3,24.6,24.6,31.8,131.25,24.2,24.2,31.6,
09/30/2006,29247.0,18890.0,11217.0,7673.0,0.0,6376.0,3981.0,,,-14963.0,14963.0,,,,-5729.0,,,,,,,,,8555.0,-2254.0,0.0,6301.0,-1943.0,4358.0,0.0,,,4358.0,-134.0,4224.0,0.0,0.0,4224.0,4224.0,,130.35,32.4,32.4,30.8,131.3,32.2,32.2,30.6,
12/31/2006,30008.0,18727.0,11082.0,7645.0,0.0,7729.0,3552.0,,,-16169.0,16169.0,,,,-5789.0,,,,,,,,,8050.0,-2698.0,0.0,5352.0,-1471.0,3881.0,0.0,,,3881.0,-442.0,3439.0,0.0,0.0,3439.0,3439.0,,130.55,26.4,26.4,29.6,131.1,26.2,26.2,29.4,
03/31/2007,30645.0,19642.0,11219.0,8425.0,-2.0,7054.0,3949.0,,,-16146.0,16146.0,,,,-5715.0,,,,,,,,,8784.0,-2612.0,0.0,6172.0,-1726.0,4446.0,0.0,,,4446.0,-316.0,4130.0,0.0,0.0,4130.0,4130.0,,130.6,31.6,31.6,33.8,131.05,31.6,31.6,33.6,
06/30/2007,31150.0,19533.0,11363.0,8170.0,0.0,7825.0,3792.0,,,-16221.0,16221.0,,,,-6220.0,,,,,,,,,8709.0,-2381.0,0.0,6328.0,-1679.0,4649.0,0.0,,,4649.0,-372.0,4277.0,0.0,0.0,4277.0,4277.0,,130.1,32.8,32.8,35.6,130.65,32.8,32.8,35.4,
09/30/2007,29836.0,19733.0,11433.0,8300.0,0.0,4956.0,5147.0,,,-15595.0,15595.0,,,,-5357.0,,,,,,,,,6111.0,-1232.0,,4879.0,-1463.0,3416.0,0.0,,,3416.0,-331.0,3085.0,0.0,0.0,3085.0,3085.0,,128.8,24.0,24.0,27.0,129.45,23.8,23.8,27.0,
12/31/2007,18433.0,20394.0,11662.0,8732.0,0.0,-6632.0,4671.0,,,-18153.0,18153.0,,,,-5589.0,,,,,,,,,-5309.0,-4988.0,0.0,-10297.0,3413.0,-5023.0,0.0,,,-6884.0,-269.0,-5292.0,0.0,0.0,-5292.0,-5292.0,,127.5,-41.6,-41.6,-25.0,127.5,-41.6,-41.6,-25.0,
03/31/2008,14031.0,20672.0,11357.0,9318.0,-3.0,-10242.0,3601.0,,,-15882.0,15882.0,,,,-5612.0,,,,,,,,,-9992.0,-1272.0,0.0,-11264.0,3537.0,-7727.0,,,,-7727.0,-78.0,-7805.0,0.0,0.0,-7805.0,-7805.0,,126.4,-61.8,-61.8,-61.8,126.4,-61.8,-61.8,-61.8,
06/30/2008,19933.0,21735.0,12153.0,9585.0,-3.0,-4918.0,3116.0,,,-18450.0,18450.0,,,,-6029.0,,,,,,,,,-7423.0,-1333.0,0.0,-8756.0,3357.0,-5399.0,,,,-5399.0,42.0,-5357.0,,0.0,-5357.0,-5357.0,,130.25,-41.2,-41.2,-41.2,130.25,-41.2,-41.2,-41.2,
09/30/2008,898.0,21082.0,11731.0,9354.0,-3.0,-22420.0,2236.0,,,-17189.0,17189.0,,,,-6782.0,,,,,,,,,-25888.0,-2297.0,0.0,-28185.0,3480.0,-24705.0,,,,-24705.0,237.0,-24468.0,,0.0,-24468.0,-24468.0,,135.15,-181.0,-181.0,-181.0,135.15,-181.0,-181.0,-181.0,
12/31/2008,-27966.0,15075.0,10978.0,4097.0,0.0,-32294.0,-10747.0,,,-7318.0,7318.0,,,,-4656.0,,,,,,,,,-47752.0,-9767.0,-804.0,-58323.0,-1480.0,-59803.0,2753.0,,,-62556.0,897.0,-61659.0,-400.0,0.0,-62059.0,-62059.0,,135.207631,-459.0,-454.0,-278.8,135.207631,-459.0,-454.0,-278.8,
03/31/2009,13315.0,12841.0,8272.0,2365.0,2204.0,-2311.0,2785.0,0.0,2785.0,-11353.0,5787.0,3290.0,,2276.0,-3576.0,2205.0,2205.0,,1131.0,1131.0,,240.0,-2315.0,-3929.0,-2587.0,0.0,-6516.0,1303.0,-5213.0,-80.0,-80.0,0.0,-5133.0,780.0,-4353.0,-1012.0,0.0,-5365.0,-2872.3,2572.7,135.252869,-39.67,-40.29,-21.23652,135.252869,-39.67,-40.29,-21.2686,
06/30/2009,23922.0,14074.0,8017.0,4431.0,1626.0,6363.0,3485.0,0.0,3485.0,-13570.0,5638.0,6310.0,,1622.0,-4484.0,2219.0,2219.0,,1963.0,1963.0,,302.0,-3144.0,2724.0,-2553.0,0.0,171.0,415.0,586.0,-1259.0,-1259.0,0.0,1845.0,-23.0,1822.0,-247.0,-981.0,594.0,96.9,761.9,135.28174,2.3,0.47,0.71628,135.33644,2.3,0.47,0.71628,
09/30/2009,19604.0,11695.0,7936.0,3509.0,250.0,5513.0,2396.0,0.0,2396.0,-11340.0,5995.0,4637.0,,708.0,-3533.0,2429.0,2429.0,,1292.0,1292.0,,-188.0,-3155.0,1576.0,-2093.0,0.0,-517.0,408.0,-109.0,-94.0,-94.0,0.0,-15.0,470.0,455.0,0.0,-363.0,92.0,1399.1,1401.1,135.293841,0.68,0.58,10.341195,135.456372,0.68,0.58,10.341195,
12/31/2009,18661.0,9531.0,9134.0,4477.0,-4080.0,3568.0,5562.0,2656.0,2906.0,-13415.0,10852.0,7169.0,,-4606.0,-4495.0,2409.0,2409.0,,2444.0,2444.0,,-358.0,-1556.0,-805.0,-7678.0,0.0,-8483.0,-21.0,-8504.0,506.0,506.0,0.0,-9010.0,137.0,-8873.0,0.0,0.0,-8873.0,-5083.35,3283.65,135.470549,-65.497631,-61.762502,-37.523654,135.470549,-65.497631,-61.762502,-37.523654,
03/31/2010,18555.0,10914.0,7641.0,667.0,2606.0,4866.0,2775.0,648.0,2127.0,-9702.0,5459.0,2203.0,,2040.0,-3632.0,2374.0,2374.0,,700.0,432.0,268.0,558.0,-1829.0,3392.0,-1751.0,0.0,1641.0,447.0,2088.0,-343.0,-343.0,0.0,2431.0,-648.0,1783.0,-1424.0,0.0,359.0,-610.0,-626.0,135.65868,2.66,0.117943,-4.496579,135.724939,2.66,,-4.61227,
06/30/2010,18314.0,11073.0,7733.0,658.0,2682.0,4554.0,2687.0,657.0,2030.0,-9870.0,5575.0,2297.0,,1998.0,-3671.0,2316.0,2316.0,,788.0,433.0,355.0,567.0,-1538.0,3235.0,-1734.0,0.0,1501.0,-1005.0,496.0,2611.0,2611.0,0.0,-2115.0,-541.0,-2656.0,0.0,0.0,-2656.0,894.0,939.0,135.813034,-19.57,-0.25,6.582579,135.813034,-19.57,-0.25,6.582579,
09/30/2010,19455.0,11966.0,8597.0,595.0,2774.0,4570.0,2919.0,673.0,2246.0,-11175.0,6109.0,4767.0,,299.0,-3927.0,2680.0,2680.0,,1509.0,1509.0,,-262.0,-1737.0,2616.0,-2310.0,0.0,306.0,-486.0,-180.0,1833.0,1833.0,0.0,-2013.0,-504.0,-2517.0,0.0,0.0,-2517.0,-241.6,441.0,135.879125,-18.53,-4.95,-1.788354,135.879125,-18.53,-4.95,-1.788354,
12/31/2010,18326.0,11366.0,9562.0,600.0,1204.0,6228.0,732.0,732.0,,-15132.0,11263.0,4876.0,,-1007.0,-4754.0,2943.0,-977.0,,2044.0,1486.0,558.0,-233.0,21127.0,17746.0,-947.0,0.0,16799.0,-5949.0,10850.0,-3132.0,-3132.0,0.0,13982.0,-534.0,13448.0,0.0,-10716.0,2732.0,-12722.8,-12322.8,138.979217,19.657615,-2.878128,-91.544623,139.031136,19.650275,-2.878128,-91.544623,
03/31/2011,17439.0,9482.0,8861.0,621.0,0.0,4921.0,3036.0,684.0,2352.0,-10065.0,7756.0,2121.0,,188.0,-3199.0,2498.0,2498.0,,767.0,532.0,235.0,-66.0,-4424.0,-249.0,-1061.0,0.0,-1310.0,226.0,-1084.0,-2585.0,-2585.0,0.0,1501.0,-204.0,1297.0,0.0,-812.0,485.0,944.45,3044.45,1557.748353,0.31,-1.34,0.606292,1557.748353,0.31,-1.34,0.606292,
06/30/2011,16680.0,9898.0,9237.0,662.0,-1.0,4539.0,2243.0,682.0,1561.0,-9200.0,6680.0,2322.0,,198.0,-3451.0,2706.0,2706.0,,740.0,437.0,303.0,5.0,-1234.0,2795.0,-1001.0,0.0,1794.0,296.0,2090.0,37.0,37.0,0.0,2053.0,-217.0,1836.0,0.0,0.0,1836.0,1311.35,-561.65,1836.713069,1.0,1.03,0.713966,1836.771513,1.0,1.03,0.713966,
09/30/2011,12719.0,9829.0,9240.0,591.0,-2.0,735.0,2155.0,658.0,1497.0,-9479.0,6838.0,1284.0,,1357.0,-3607.0,2787.0,2787.0,,356.0,226.0,130.0,464.0,-2933.0,-3300.0,-970.0,0.0,-4270.0,665.0,-3605.0,221.0,221.0,0.0,-3826.0,-164.0,-3990.0,0.0,0.0,-3990.0,-2974.0,795.0,1899.500628,-2.1,-1.99,-1.565675,1899.500628,-2.1,-1.99,-1.571469,
12/31/2011,16376.0,9781.0,9143.0,639.0,-1.0,5340.0,1255.0,681.0,574.0,-9173.0,6854.0,1197.0,,1122.0,-3687.0,1324.0,1324.0,,553.0,405.0,148.0,1810.0,-193.0,3323.0,-552.0,0.0,2771.0,18737.0,21508.0,-94.0,-94.0,0.0,21602.0,-123.0,21479.0,0.0,0.0,21479.0,1448.1,-19936.9,1898.7,11.31,11.26,0.76268,1898.8,11.31,11.26,0.760263,
03/31/2012,17497.0,9470.0,8857.0,614.0,-1.0,6854.0,1173.0,584.0,589.0,-8181.0,5909.0,2139.0,,133.0,-3605.0,2959.0,2959.0,,731.0,526.0,205.0,-85.0,-680.0,5031.0,-565.0,0.0,4466.0,-1081.0,3385.0,-64.0,-64.0,0.0,3449.0,-241.0,3208.0,0.0,0.0,3208.0,3064.65,-79.35,1875.97297,1.71,1.68,1.633632,1876.002775,1.71,1.68,1.633632,
06/30/2012,16221.0,9629.0,8999.0,632.0,-2.0,4880.0,1712.0,567.0,1145.0,-8843.0,126.0,1316.0,,7401.0,-3736.0,97.0,97.0,,759.0,561.0,198.0,2880.0,-1406.0,2236.0,-567.0,0.0,1669.0,491.0,2160.0,-179.0,-179.0,0.0,2339.0,-7.0,2332.0,0.0,0.0,2332.0,1178.0,-975.0,1756.689067,1.33,1.23,0.67058,1756.714475,1.33,1.23,0.67058,
09/30/2012,16722.0,9512.0,8929.0,584.0,-1.0,5296.0,1914.0,580.0,1334.0,-9191.0,6252.0,2304.0,,635.0,-3736.0,2941.0,2941.0,,733.0,531.0,202.0,62.0,-635.0,3160.0,-602.0,0.0,2558.0,-734.0,1824.0,-37.0,-37.0,0.0,1861.0,-5.0,1856.0,0.0,0.0,1856.0,2210.0,391.0,1642.472814,1.13,1.11,1.345532,1642.502251,1.13,1.11,1.345532,
12/31/2012,17169.0,9436.0,8803.0,634.0,-1.0,4243.0,3490.0,618.0,2872.0,-10161.0,8122.0,3434.0,,-1395.0,-3867.0,1539.0,1539.0,,682.0,387.0,295.0,1646.0,-8595.0,-5454.0,-585.0,0.0,-6039.0,2098.0,-3941.0,8.0,8.0,0.0,-3949.0,-9.0,-3958.0,0.0,0.0,-3958.0,354.0,4304.0,1476.5,-2.68,-2.68,0.239756,1476.5,-2.68,-2.68,0.235002,
03/31/2013,16962.0,9372.0,8752.0,620.0,0.0,4464.0,3126.0,615.0,2511.0,-7745.0,5413.0,2115.0,,217.0,-3524.0,2914.0,2914.0,,996.0,808.0,188.0,-386.0,-2241.0,3452.0,-577.0,0.0,2875.0,-717.0,2158.0,-73.0,-73.0,0.0,2231.0,-25.0,2206.0,0.0,0.0,2206.0,1769.0,-364.0,1476.471097,1.49,1.44,1.198127,1476.678931,1.49,1.44,1.193501,
06/30/2013,18426.0,9200.0,8555.0,649.0,-4.0,5435.0,3791.0,623.0,3168.0,-9062.0,5679.0,881.0,,2502.0,-3598.0,2891.0,2891.0,,194.0,169.0,25.0,513.0,-2066.0,3700.0,-535.0,0.0,3165.0,-425.0,2740.0,-18.0,-18.0,0.0,2758.0,-27.0,2731.0,0.0,0.0,2731.0,3036.0,323.0,1476.51272,1.85,1.84,2.056196,1482.246618,1.84,1.83,2.047912,
09/30/2013,15944.0,9352.0,8631.0,721.0,0.0,3825.0,2767.0,645.0,2122.0,-8340.0,5669.0,2240.0,,431.0,-3471.0,2892.0,2892.0,,605.0,529.0,76.0,-26.0,-2439.0,1694.0,-516.0,0.0,1178.0,970.0,2148.0,18.0,18.0,0.0,2130.0,40.0,2170.0,0.0,0.0,2170.0,930.0,-1258.0,1475.053126,1.47,1.48,0.630486,1485.322858,1.46,1.47,0.623046,
12/31/2013,17400.0,9467.0,8612.0,856.0,-1.0,3883.0,4050.0,599.0,3451.0,-8248.0,6044.0,1367.0,,837.0,-4989.0,1973.0,1442.0,531.0,850.0,672.0,178.0,2166.0,-1499.0,2664.0,-514.0,0.0,2150.0,-188.0,1962.0,-11.0,-11.0,0.0,1973.0,5.0,1978.0,0.0,0.0,1978.0,2159.0,192.0,1468.725573,1.35,1.34,1.469982,1480.654482,1.34,1.33,1.459672,
03/31/2014,16163.0,9075.0,8237.0,829.0,9.0,4044.0,3044.0,631.0,2413.0,-7752.0,5521.0,2098.0,,133.0,-4329.0,2806.0,2806.0,,1051.0,837.0,214.0,472.0,-1330.0,2752.0,-479.0,0.0,2273.0,-614.0,1659.0,47.0,47.0,0.0,1612.0,-3.0,1609.0,0.0,0.0,1609.0,1657.0,1.0,1459.249393,1.1,1.13,1.135515,1472.510813,1.09,1.12,1.120679,
06/30/2014,16136.0,9485.0,8521.0,934.0,30.0,4046.0,2605.0,640.0,1965.0,-7734.0,5178.0,2400.0,,156.0,-5110.0,2946.0,1794.0,1152.0,671.0,472.0,199.0,1493.0,1651.0,4943.0,-463.0,0.0,4480.0,-1474.0,3006.0,-30.0,-30.0,0.0,3036.0,37.0,3073.0,0.0,0.0,3073.0,1866.0,-1177.0,1442.397111,2.13,2.11,1.29368,1464.67633,2.1,2.08,1.276409,
09/30/2014,16697.0,9486.0,8643.0,830.0,13.0,4564.0,2647.0,677.0,1970.0,-8085.0,5661.0,2368.0,,56.0,-4439.0,3441.0,1788.0,1653.0,540.0,489.0,51.0,458.0,-724.0,3449.0,-430.0,0.0,3019.0,-820.0,2199.0,-2.0,-2.0,0.0,2201.0,-9.0,2192.0,0.0,0.0,2192.0,1701.0,-489.0,1419.239774,1.54,1.54,1.198529,1442.067842,1.52,1.52,1.180904,
12/31/2014,15410.0,9208.0,8392.0,805.0,11.0,4164.0,2038.0,667.0,1371.0,-8478.0,5451.0,1434.0,,1593.0,-4590.0,2329.0,1205.0,1124.0,741.0,527.0,214.0,1520.0,-1267.0,1075.0,-346.0,0.0,729.0,-19.0,710.0,35.0,35.0,0.0,675.0,-20.0,655.0,0.0,0.0,655.0,1371.0,681.0,1391.8,0.47,0.5,0.985055,1412.2,0.46,0.49,0.972226,
03/31/2015,15975.0,8822.0,7977.0,850.0,-5.0,5179.0,1974.0,677.0,1297.0,-7486.0,5158.0,2318.0,,10.0,-4299.0,2745.0,1648.0,1097.0,729.0,500.0,229.0,825.0,-74.0,4116.0,-340.0,0.0,3776.0,-1300.0,2476.0,-1.0,-1.0,0.0,2477.0,-9.0,2468.0,0.0,0.0,2468.0,3497.0,1030.0,1365.95169,1.81,1.81,2.56012,1386.263549,1.78,1.78,2.523004,
06/30/2015,15699.0,9545.0,8158.0,1389.0,-2.0,3952.0,2202.0,688.0,1514.0,-8042.0,5138.0,2911.0,,-7.0,-4446.0,1613.0,530.0,1083.0,787.0,540.0,247.0,2046.0,-343.0,2868.0,-316.0,0.0,2552.0,-777.0,1775.0,-16.0,-16.0,0.0,1791.0,9.0,1800.0,0.0,0.0,1800.0,1779.0,-5.0,1329.157366,1.35,1.34,1.338442,1365.390431,1.32,1.31,1.306338,
09/30/2015,12822.0,8862.0,8056.0,827.0,-21.0,2864.0,1096.0,701.0,395.0,-7817.0,5214.0,2489.0,,114.0,-4450.0,3405.0,1762.0,1643.0,729.0,538.0,191.0,316.0,-349.0,206.0,-321.0,0.0,-115.0,-65.0,-180.0,17.0,17.0,0.0,-197.0,-34.0,-231.0,0.0,0.0,-231.0,697.0,911.0,1279.072748,-0.18,-0.17,0.544926,1279.072748,-0.18,-0.17,0.542235,
12/31/2015,13831.0,9426.0,7676.0,1750.0,0.0,2834.0,1571.0,689.0,882.0,-11731.0,8186.0,3435.0,,110.0,-4727.0,1621.0,994.0,627.0,2046.0,1315.0,731.0,1060.0,-1.0,-2628.0,-304.0,0.0,-2932.0,1083.0,-1849.0,0.0,0.0,0.0,-1849.0,8.0,-1841.0,0.0,0.0,-1841.0,-1664.0,177.0,1226.880632,-1.5,-1.5,-1.356285,1226.880632,-1.5,-1.5,-1.356285,
03/31/2016,11779.0,8806.0,7786.0,1025.0,-5.0,1907.0,1066.0,687.0,379.0,-7337.0,4842.0,2493.0,,2.0,-4265.0,3031.0,1997.0,1034.0,826.0,536.0,290.0,408.0,-85.0,92.0,-306.0,0.0,-214.0,58.0,-156.0,47.0,47.0,0.0,-203.0,20.0,-183.0,0.0,0.0,-183.0,-457.0,-321.0,1156.548459,-0.16,-0.12,-0.395141,1156.548459,-0.16,-0.12,-0.39755,
06/30/2016,14724.0,8751.0,7734.0,1029.0,-12.0,4725.0,1248.0,696.0,552.0,-7833.0,5321.0,2482.0,,30.0,-3931.0,2177.0,1140.0,1037.0,783.0,505.0,278.0,971.0,218.0,3178.0,-320.0,0.0,2858.0,-924.0,1934.0,10.0,10.0,0.0,1924.0,-11.0,1913.0,0.0,0.0,1913.0,2586.0,663.0,1113.587927,1.72,1.73,2.322223,1140.045973,1.68,1.69,2.271555,
09/30/2016,12854.0,8581.0,7747.0,939.0,-105.0,3018.0,1255.0,646.0,609.0,-8376.0,5162.0,3067.0,,147.0,-3554.0,2862.0,1385.0,1477.0,360.0,413.0,-53.0,332.0,142.0,1066.0,-329.0,0.0,737.0,-304.0,433.0,-3.0,-3.0,0.0,436.0,26.0,462.0,0.0,0.0,462.0,36.0,-423.0,1071.295892,0.43,0.43,0.033604,1102.40077,0.42,0.42,0.033604,
12/31/2016,13010.0,8255.0,7074.0,1181.0,0.0,2471.0,2284.0,703.0,1581.0,-12596.0,9858.0,3474.0,,-736.0,-3760.0,1458.0,963.0,495.0,1975.0,1197.0,778.0,327.0,196.0,-3150.0,-305.0,0.0,-3455.0,985.0,-2470.0,36.0,36.0,0.0,-2506.0,-535.0,-3041.0,0.0,0.0,-3041.0,-2394.0,611.0,1023.9,-2.96,-2.93,-2.338119,1023.9,-2.96,-2.93,-2.338119,
03/31/2017,12632.0,7782.0,6489.0,543.0,750.0,3571.0,1279.0,724.0,555.0,-6957.0,5011.0,1946.0,,0.0,-3551.0,854.0,,854.0,670.0,416.0,254.0,2027.0,-99.0,2025.0,-298.0,0.0,1727.0,-516.0,1211.0,0.0,0.0,0.0,1211.0,-26.0,1185.0,0.0,0.0,1185.0,1362.0,177.0,980.777243,1.21,1.21,1.388695,1005.31503,1.18,1.18,1.356064,
06/30/2017,12502.0,7614.0,6524.0,559.0,531.0,3544.0,1344.0,725.0,619.0,-7190.0,5246.0,1944.0,,0.0,-3297.0,904.0,,904.0,564.0,353.0,211.0,1829.0,-56.0,1959.0,-292.0,0.0,1667.0,-557.0,1110.0,-8.0,-8.0,0.0,1118.0,12.0,1130.0,0.0,0.0,1130.0,1441.0,319.0,925.751084,1.22,1.21,1.556574,948.248771,1.19,1.18,1.51641,
09/30/2017,11751.0,8063.0,7532.0,531.0,0.0,2494.0,1194.0,728.0,466.0,-11189.0,9280.0,1784.0,,125.0,-3061.0,1160.0,735.0,425.0,1596.0,1030.0,566.0,305.0,-14.0,-2513.0,-290.0,0.0,-2803.0,1091.0,-1712.0,1.0,1.0,0.0,-1713.0,-26.0,-1739.0,0.0,0.0,-1739.0,-1111.35,626.65,908.667044,-1.91,-1.91,-1.223055,908.667044,-1.91,-1.91,-1.223055,
12/31/2017,12635.0,7915.0,6374.0,1542.0,-1.0,3190.0,1530.0,758.0,772.0,-8228.0,4990.0,3184.0,,54.0,-3486.0,1924.0,962.0,962.0,943.0,478.0,465.0,619.0,242.0,1163.0,-288.0,0.0,875.0,-7544.0,-6669.0,3.0,3.0,0.0,-6672.0,12.0,-6660.0,0.0,0.0,-6660.0,527.0,7184.0,908.115499,-7.33,-7.33,0.580323,908.115499,-7.33,-7.33,0.580323,
03/31/2018,11712.0,7275.0,6683.0,519.0,73.0,3242.0,1195.0,764.0,431.0,-6583.0,4551.0,2032.0,,0.0,-3629.0,1096.0,,1096.0,682.0,420.0,262.0,1851.0,4.0,1504.0,-277.0,0.0,1227.0,-277.0,950.0,1.0,1.0,0.0,949.0,-11.0,938.0,0.0,0.0,938.0,962.0,23.0,907.951597,1.03,1.03,1.059528,925.266577,1.01,1.01,1.034858,
06/30/2018,11631.0,7207.0,6570.0,564.0,73.0,3230.0,1194.0,763.0,431.0,-6440.0,4487.0,1953.0,,0.0,-3660.0,1095.0,,1095.0,653.0,411.0,242.0,1912.0,20.0,1551.0,-299.0,0.0,1252.0,-321.0,931.0,0.0,0.0,0.0,931.0,6.0,937.0,0.0,0.0,937.0,963.0,26.0,903.215488,1.04,1.04,1.066191,916.572481,1.02,1.02,1.048367,
09/30/2018,11486.0,7668.0,7081.0,504.0,83.0,2885.0,933.0,530.0,403.0,-9245.0,7103.0,2142.0,,0.0,-3443.0,1155.0,,1155.0,371.0,408.0,-37.0,1917.0,1.0,-1201.0,-326.0,0.0,-1527.0,307.0,-1220.0,39.0,39.0,0.0,-1259.0,0.0,-1259.0,0.0,0.0,-1259.0,-301.0,919.0,895.237359,-1.41,-1.37,-0.336224,895.237359,-1.41,-1.37,-0.343457,
12/31/2018,12560.0,8464.0,7171.0,504.0,789.0,2989.0,1107.0,734.0,373.0,-8898.0,6744.0,2154.0,,0.0,-3956.0,1257.0,,1257.0,728.0,418.0,310.0,1971.0,6.0,-288.0,-407.0,0.0,-695.0,137.0,-558.0,2.0,2.0,0.0,-560.0,-62.0,-622.0,0.0,0.0,-622.0,-673.0,-53.0,887.5,-0.7,-0.7,-0.75831,887.5,-0.7,-0.7,-0.759718,
03/31/2019,12456.0,8070.0,6713.0,524.0,833.0,3433.0,953.0,735.0,218.0,-7619.0,5670.0,1949.0,,0.0,-3342.0,1072.0,,1072.0,634.0,417.0,217.0,1636.0,8.0,1503.0,-349.0,0.0,1154.0,-217.0,937.0,0.0,0.0,0.0,937.0,-283.0,654.0,0.0,0.0,654.0,1355.79,701.79,875.383084,0.75,0.75,1.548796,877.512244,0.75,0.75,1.548796,
06/30/2019,12561.0,7430.0,6694.0,556.0,180.0,4149.0,982.0,769.0,213.0,-6769.0,4655.0,2114.0,,0.0,-3579.0,1226.0,,1226.0,647.0,434.0,213.0,1706.0,-16.0,2197.0,-360.0,0.0,1837.0,-446.0,1391.0,1.0,1.0,0.0,1390.0,-281.0,1109.0,-7.0,0.0,1102.0,1004.0,-99.0,876.382884,1.26,1.26,1.145618,888.325042,1.24,1.24,1.128554,
09/30/2019,12914.0,7617.0,6659.0,543.0,415.0,4337.0,960.0,733.0,227.0,-7858.0,5403.0,2455.0,,0.0,-3439.0,1193.0,,1193.0,485.0,426.0,59.0,1761.0,-9.0,1608.0,-348.0,0.0,1260.0,-287.0,973.0,0.0,0.0,0.0,973.0,-317.0,656.0,-8.0,0.0,648.0,190.0,-458.0,877.009495,0.74,0.74,0.216645,895.81441,0.72,0.72,0.208733,
12/31/2019,11815.0,7444.0,6372.0,549.0,523.0,3332.0,1039.0,778.0,261.0,-6988.0,4898.0,2090.0,,0.0,-3341.0,959.0,,959.0,667.0,443.0,224.0,1715.0,-90.0,1396.0,-360.0,0.0,1036.0,-216.0,820.0,-49.0,-49.0,0.0,869.0,60.0,929.0,-7.0,0.0,922.0,1142.0,269.0,878.210228,1.05,0.99,1.300372,896.380725,1.03,0.97,1.270096,
03/31/2020,14443.0,7443.0,6079.0,558.0,806.0,6027.0,973.0,755.0,218.0,-7282.0,5039.0,2243.0,,0.0,-4015.0,1527.0,,1527.0,760.0,425.0,335.0,1728.0,-233.0,2913.0,-355.0,0.0,2558.0,-904.0,1654.0,0.0,0.0,0.0,1654.0,95.0,1749.0,-7.0,0.0,1742.0,15.0,-1727.0,874.21363,1.99,1.99,0.017158,878.866213,1.98,1.98,0.014968,
06/30/2020,9396.0,7407.0,5737.0,543.0,1127.0,1034.0,955.0,749.0,206.0,-7439.0,5416.0,2023.0,,0.0,-2841.0,625.0,,625.0,553.0,424.0,129.0,1663.0,-8412.0,-9296.0,-365.0,0.0,-9661.0,1896.0,-7765.0,1.0,1.0,0.0,-7766.0,-162.0,-7928.0,-8.0,0.0,-7936.0,479.0,8414.0,866.968305,-9.15,-9.15,0.5525,866.968305,-9.15,-9.15,0.5525,
09/30/2020,11072.0,,,,,,,,,,,,,,,,,,,,,,,941.5,,,946.125,,598.2,,,,,,598.2,,,598.2,711.5,,,0.702,0.702,0.798,,0.702,0.702,0.798,
12/31/2020,10934.0,,,,,,,,,,,,,,,,,,,,,,,969.0,,,1028.375,,699.8,,,,,,699.8,,,699.8,790.875,,,0.9,0.9,0.903,,0.9,0.9,0.903,
