Date,Revenue,Rental Income,Real Estate Sales,Com & Fee Earn/Inc from REO,Mortgage Income,Other Operating Income,Operating Expenses,Property Operating Expenses,General & Administrative,Depreciation & Amortization,Provision for Loan Losses,Cost of Real Estate Sold,Other Operating Expenses,Operating Income (Loss),Non-Operating (Income) Loss,Interest Expense,(Income) Loss from Affiliates,Other Non-Op (Income) Loss,Pretax Income,Income Tax Expense (Benefit),Income (Loss) from Cont Ops,Net Extraordinary Losses (Gains),Discontinued Operations,XO & Accounting Changes,Income (Loss) Incl. MI,Minority Interest,"Net Income, GAAP",Preferred Dividends,Other Adjustments,"Net Income Avail to Common, GAAP","Net Income Avail to Common, Adj",Net Abnormal Losses (Gains),Basic Weighted Avg Shares,"Basic EPS, GAAP",Basic EPS from Cont Ops,"Basic EPS from Cont Ops, Adjusted",Diluted Weighted Avg Shares,"Diluted EPS, GAAP",Diluted EPS from Cont Ops,"Diluted EPS from Cont Ops, Adjusted",FFO Reconciliation,D&A of Con Real Estate,D&A of Uncon Real Estate,D&A of Non-Real Estate Assets,D&A from Disc Ops,Impairment of Assets,Disposal of Con Assets,Disposal of Uncon Assets,Disposal of Assets from Disc Ops,Abnormal Losses/(Gains),Income Taxes,Income Taxes from Sale of Assets,Deficit/Distributions to Partners,Other FFO Adjustments,Funds from Operations,Other Abnormal Gains/(Losses),Adjusted Funds from Operations,Straight-Line Rent,Recurring Capital Expenditure,Funds Available For Distribution,AFFO Per Diluted Share,FAD Per Diluted Share,Dividend Per Share,AFFO Payout Ratio,FAD Payout Ratio,FFO Payout Ratio,Source: Bloomberg
03/31/1994,5.075,2.506,,2.09,0.0,0.479,-3.578,0.86,0.643,0.574,0.0,,1.501,1.497,-0.994,0.994,,0.0,0.503,-0.108,,0.0,,,0.395,,0.395,,,0.395,0.395,,,,,,,,,,,,,,,,,,,,,,,,5.703,,5.703,,,5.703,,,0.0,,,0.0,
06/30/1994,4.938,2.563,,2.047,0.0,0.328,-3.876,2.335,0.421,0.528,0.0,,0.592,1.062,-1.034,1.034,,0.0,0.028,0.251,,0.0,,,0.279,,0.279,,,0.279,0.279,,,,,,,,,,,,,,,,,,,,,,,,6.318,,6.318,,,6.318,,,0.0,,,0.0,
09/30/1994,9.894,9.423,,0.43,0.0,0.041,-6.369,4.312,0.273,1.784,0.0,,0.0,3.525,-0.353,0.353,,0.0,3.172,0.0,,0.0,,,3.172,,2.962,,,1.684,1.684,,13.079193,0.129034,0.131967,0.131967,13.079193,0.129034,0.131967,0.131967,,,,,,,,,,,,,,,3.171,,3.171,,,3.171,0.242446,0.242446,0.0,0.0,0.0,0.0,
12/31/1994,18.34,15.471,,2.787,0.0,0.082,-12.587,8.079,1.415,3.093,0.0,,0.0,5.753,-1.223,1.223,,0.0,4.53,0.0,,0.0,,,4.53,,4.181,,,2.345,2.345,,13.079193,0.178888,0.175956,0.175956,13.079193,0.178888,0.175956,0.175956,,,,,,,,,,,,,,,5.756,,5.756,,,5.756,0.440088,0.440088,0.212613,48.311498,48.311498,48.3148,
03/31/1995,18.995001,18.365999,,0.0,0.0,0.629,-12.066,7.771,0.646,3.649,0.0,,0.0,6.929,-2.504,2.504,,0.0,4.425,0.0,,0.0,,,4.425,,4.005,,,2.169,2.169,,13.079194,0.168624,0.168624,0.168624,13.079194,0.168624,0.168624,0.168624,,,,,,,,,,,,,,,6.318,,6.318,,,6.318,0.483057,0.483057,0.304257,62.985676,62.985676,62.978791,
06/30/1995,19.356001,18.573,,0.0,0.0,0.783,-12.191,8.11,0.447,3.634,0.0,,0.0,7.165,-2.809,2.809,,0.0,4.356,0.0,,0.0,,,4.356,,3.947,,,2.111,2.111,,13.079193,0.161293,0.161293,0.161293,13.079193,0.161293,0.161293,0.161293,,,,,,,,,,,,,,,6.269,,6.269,,,6.269,0.479311,0.479311,0.304257,63.477983,63.477983,63.471049,
09/30/1995,19.82,18.714001,,0.0,0.0,1.106,-12.835,8.435,0.616,3.784,0.0,,0.0,6.985,-3.078,3.078,,0.0,3.907,0.0,,0.0,,,3.907,,3.508,,,2.011,2.011,,13.162396,0.153961,0.153961,0.153961,13.162396,0.153961,0.153961,0.153961,,,,,,,,,,,,,,,6.307,,6.307,,,6.307,0.479168,0.479168,0.304257,63.496903,63.496903,63.516726,
12/31/1995,19.407,19.294001,,0.0,0.0,0.113,-12.176,8.11,0.095,3.971,0.0,,0.0,7.231,-4.931,4.931,,0.0,2.3,0.0,,0.0,,,2.3,,1.913,,,1.913,1.913,,12.941432,0.14663,0.14663,0.14663,12.941432,0.14663,0.14663,0.14663,,,,,,,,,,,,,,,6.391,,6.391,,,6.391,0.49384,0.49384,0.304257,61.61039,61.61039,59.349085,
03/31/1996,24.413,22.451,,1.848,0.0,0.114,-15.728,10.624,0.472,4.518,0.0,,0.114,8.685,-5.395,5.395,,0.0,3.29,0.0,,0.0,,,3.29,,2.81,,,2.81,2.81,,16.176789,0.175956,0.175956,0.175956,16.176789,0.175956,0.175956,0.175956,,,,,,,,,,,,,,,7.888,,7.888,,,7.888,0.487612,0.487612,0.311588,63.900862,63.900862,63.856493,
06/30/1996,25.775,23.801001,,1.877,0.0,0.097,-16.455,11.332,0.373,4.634,0.0,,0.116,9.32,-5.53,5.53,,0.0,3.79,0.0,,0.0,,,3.79,,3.145,,,3.145,3.145,,16.66373,0.190619,0.190619,0.190619,16.66373,0.190619,0.190619,0.190619,,,,,,,,,,,,,,,8.48,,8.48,,,8.48,0.50889,0.50889,0.311588,61.229073,61.229073,62.759438,
09/30/1996,25.888,24.139999,,1.717,0.0,0.031,-15.981,10.608,0.541,4.718,0.0,,0.114,9.907,-5.786,5.85,,-0.064,4.121,0.0,,0.0,,,4.121,,3.396,,,3.396,3.396,,16.91061,0.19795,0.19795,0.19795,16.91061,0.19795,0.19795,0.19795,,,,,,,,,,,,,,,8.824,,8.824,,,8.824,0.521803,0.521803,0.311588,59.713847,59.713847,59.462829,
12/31/1996,33.219002,30.124001,,2.925,0.0,0.17,-20.71,13.934,0.716,5.904,0.0,,0.156,12.509,-8.047,8.027,,0.02,4.462,0.0,,0.0,,,4.462,,3.633,,,3.633,3.633,,18.153195,0.19795,0.19795,0.19795,18.153195,0.19795,0.19795,0.19795,,,,,,,,,,,,,,,9.993,,9.993,,,9.993,0.550482,0.550482,0.311588,56.602873,56.602873,51.335936,
03/31/1997,40.991001,38.040001,,2.444,0.0,0.507,-25.475001,17.197001,0.498,7.543,0.0,,0.237,15.516,-9.452,9.452,0.0,0.0,6.064,0.0,,0.269,,,5.795,,4.584,,,4.584,4.584,,22.442909,0.205282,0.205282,0.205282,22.622955,0.205282,0.205282,0.205282,,,,,,,,,,,,,,,11.671,,11.671,,,11.671,0.515892,0.515892,0.339081,65.727235,65.727235,61.545715,
06/30/1997,45.674,41.679001,,3.161,0.0,0.834,-27.821,19.34,0.58,7.664,0.0,,0.237,17.853001,-11.617,11.152,0.465,0.0,6.236,0.0,,0.0,,,6.236,,5.264,,,5.264,5.264,,27.778793,0.190619,0.190619,0.190619,27.967023,0.190619,0.190619,0.190619,,,,,,,,,,,,,,,14.957,,14.957,,,14.957,0.534808,0.534808,0.339081,63.402421,63.402421,68.469615,
09/30/1997,54.049,47.363998,,3.568,0.0,3.117,-33.458,23.573,0.771,8.877,0.0,,0.237,20.591,-12.466,12.755,-0.458,0.169,8.125,0.0,,0.0,,,8.125,,6.967,,,6.132,6.132,,33.315183,0.183287,0.183287,0.183287,33.566156,0.183287,0.183287,0.183287,,,,,,,,,,,,,,,19.208,,19.208,,,19.208,0.572243,0.572243,0.339081,59.254801,59.254801,55.763225,
12/31/1997,74.904999,65.922997,,4.764,0.0,4.218,-51.070001,32.588001,4.135,14.11,0.0,,0.237,23.834999,-12.291999,18.025999,-2.845,-2.889,11.543,0.0,,0.0,,,11.543,,11.818,,,10.338,10.338,,47.42691,0.219945,0.219945,0.219945,47.998415,0.212613,0.212613,0.212613,,,,,,,,,,,,,,,28.666,,28.666,,,28.666,0.597228,0.597228,0.339081,56.775882,56.775882,57.646687,
03/31/1998,82.233002,71.335999,,4.821,0.0,6.076,-48.22,30.402,2.121,13.98,0.0,,1.717,34.013001,-9.5,15.441,-3.415,-2.526,24.513001,0.0,,0.0,,,24.513001,,21.642,,,17.961,17.961,,56.097721,0.322586,0.322586,0.322586,56.34597,0.315254,0.315254,0.315254,,,,,,,,,,,,,,,35.481998,,35.481998,,,35.481998,0.629717,0.629717,0.412396,65.489197,65.489197,65.520547,
06/30/1998,99.943001,89.928001,,4.741,0.0,5.274,-63.591,39.424,2.178,20.312,0.0,,1.677,36.351999,-21.824,19.337,2.487,0.0,14.527999,0.0,,0.0,,,14.527999,,13.62,,,8.651,8.651,,61.785516,0.139298,0.139298,0.139298,62.114237,0.139298,0.139298,0.139298,,,,,,,,,,,,,,,42.262001,,42.262001,,,42.262001,0.680392,0.680392,0.412396,60.611631,60.611631,55.425676,
09/30/1998,115.736,104.435997,,4.406,0.0,6.894,-78.141999,47.620998,3.341,25.503,0.0,,1.677,37.594001,-19.313001,21.978001,-2.408,-0.257,18.281,0.0,,0.0,,,18.281,,16.582001,,,8.912001,8.912001,,64.191575,0.139298,0.139298,0.139298,64.656691,0.139298,0.139298,0.139298,,,,,,,,,,,,,,,46.151001,,46.151001,,,46.151001,0.713785,0.713785,0.412763,57.827327,57.827327,57.745226,
12/31/1998,133.777344,111.439003,,10.135,0.0,12.206,-93.581002,58.067001,7.01,24.84,0.0,,3.664,40.198999,-27.396999,32.667999,-3.38,-1.891,12.802,0.0,,0.0,,,12.802,,12.63,,,2.55,2.55,,64.463009,0.036657,0.036657,0.036657,76.715628,0.036657,0.036657,0.036657,,,,,,,,,,,,,,,61.176998,,61.176998,,,61.176998,0.797452,0.797452,0.412396,51.714289,51.714289,35.165178,
03/31/1999,130.899994,112.585999,,8.556,0.0,9.758,-87.709,54.965,3.69,27.112,0.0,,1.942,43.191,-28.127,31.33,-3.188,-0.015,15.064,0.0,,0.0,,,15.064,,13.956,,,0.336,0.336,,77.021158,0.007331,0.007331,0.007331,79.672734,0.007331,0.007331,0.007331,,,,,,,,,,,,,,,66.224998,,66.224998,,,66.224998,0.831213,0.831213,0.458218,55.126463,55.126463,53.063042,
06/30/1999,135.348,116.237,,7.536,0.0,11.575,-53.841,50.981,2.86,27.827,0.0,,1.942,51.738,-27.73,29.734,-2.004,0.0,24.008,0.0,,0.0,,,24.008,,23.117,,,9.124,9.124,,85.007257,0.109972,0.109972,0.109972,86.683587,0.102641,0.102641,0.102641,,,,,,,,,,,,,,,78.074,,78.074,,,78.074,0.900678,0.900678,0.458218,50.874811,50.874811,48.953557,
09/30/1999,149.123001,120.398003,0.0,10.28,0.0,18.445,-100.251002,66.398003,3.772,30.080999,0.0,,0.0,48.872,-28.985,31.322001,-2.022,-0.315,19.886999,0.0,,0.0,,,19.886999,,19.487,,,4.851,4.851,,87.799325,0.058652,0.058652,0.058652,89.273778,0.05132,0.05132,0.05132,,,,,,,,,,,,,,,86.240997,,86.240997,,,86.240997,0.966028,0.966028,0.458218,47.433209,47.433209,46.649798,
12/31/1999,,,0.0,,,0.0,-134.137999,82.639,2.79,48.674999,0.0,,0.034,89.875,-64.322,47.708,14.499,2.115,25.553,0.0,,0.0,,,25.553,,24.399,,,9.763,9.763,,89.756632,0.109972,0.109972,0.109972,90.524546,0.109972,0.109972,0.109972,,,,,,,,,,,,,,,90.819,,90.819,,,90.819,1.003253,1.003253,0.458218,45.673259,45.673259,46.260144,
03/31/2000,247.349,224.32,0.0,10.025,0.0,13.004,-176.379,111.877,3.211,61.291,0.0,,0.0,69.281,-45.903,56.224,-5.216,-5.105,23.378,0.0,,0.0,,,23.378,,25.882,,,11.367,11.367,,89.950316,0.124635,0.124635,0.124635,90.45226,0.124635,0.124635,0.124635,,,,,,,,,,,,,,,98.122,,98.122,,,98.122,1.084793,1.084793,0.513204,47.308962,47.308962,47.046534,
06/30/2000,285.982,258.064,0.0,12.41,0.0,15.508,-205.46,116.737,1.94,85.289,0.0,,1.494,80.522,-61.03,64.397,-3.141,-0.226,19.492,0.0,,0.0,,,19.492,,11.822,,,-2.778,-2.778,,90.378606,-0.029326,-0.029326,-0.029326,90.378606,-0.029326,-0.029326,-0.029326,,,,,,,,,,,,,,,105.303,,105.303,,,105.303,1.165132,1.165132,0.513204,44.046893,44.046893,44.047178,
09/30/2000,304.35,271.079,0.0,14.43,0.0,18.841,-204.106,121.201,4.459,76.548,,,1.898,100.244,-69.262,67.855,10.309,-8.902,30.982,0.0,,0.0,,,30.982,,30.236,,,14.508,14.508,,92.361831,0.153961,0.153961,0.153961,97.842298,0.14663,0.14663,0.14663,,,,,,,,,,,,,,,112.485,,112.485,,,112.485,1.149656,1.149656,0.513204,44.639819,44.639819,41.694448,
12/31/2000,325.967,297.537,0.0,9.542,18.888,18.888,-219.86,117.622,8.513,93.725,0.0,,0.0,106.107,-78.96,81.35,9.712,-12.102,27.147,0.0,,0.0,,,27.147,,31.238,,,12.898,12.898,,95.977739,0.139298,0.139298,0.139298,98.12737,0.131967,0.131967,0.131967,,,,,,,,,,,,,,,123.92,,123.92,,,123.92,1.262848,1.262848,0.513204,40.638638,40.638638,40.151711,
03/31/2001,370.572,316.807,,39.106,,14.659,-249.544,147.494,4.092,93.057,,,4.901,121.028,-88.808,84.528,4.28,,32.22,,,0.681,,,,,14.018,,,-4.677,-4.677,,,-0.05132,-0.05132,-0.05132,,-0.05132,-0.05132,-0.05132,,,,,,,,,,,,,,,126.779,,126.779,,,126.779,,,0.571856,,,0.0,
06/30/2001,368.711,316.259,,35.084,,17.368,-249.195,147.29,4.457,93.116,,,4.332,119.516,-83.212,78.481,4.731,,36.304,,,-2.931,,,,,30.435,,,8.027,8.027,,99.183089,0.080646,0.080646,0.080646,101.417287,0.080646,0.080646,0.080646,,,,,,,,,,,,,,,,,,,,,,,0.571856,,,,
09/30/2001,376.667,314.95,,46.728,,14.989,-237.755,150.601,4.319,78.605,,,4.23,138.912,-83.648,78.787,4.861,,55.264,,,-1.348,,,,,26.111,,,1.77,1.77,,99.725953,0.014663,0.014663,0.014663,101.643707,0.014663,0.014663,0.014663,,,,,,,,,,,,,,,,,,,,,,,0.571856,,,,
12/31/2001,398.862,344.321,0.0,32.968,0.0,21.573,-183.136,137.179,5.662,21.983,6.646,,11.666,153.38,-57.344,67.741,2.594,-12.991,96.036,0.0,,0.0,,,96.036,,36.788,,,11.901,11.901,,100.092863,0.117304,0.117304,0.117304,102.432087,0.117304,0.117304,0.117304,,,,,,,,,,,,,,,134.0,,134.0,,,134.0,1.308184,1.308184,0.571856,43.713761,43.713761,42.714925,
03/31/2002,355.79,314.454,,22.617,,18.719,-205.626,134.326,3.096,67.08,,,1.124,150.164,-79.255,78.774,-3.481,3.962,70.909,,,-10.471,,,,,70.059,,,44.58,44.58,,102.087,0.432558,0.329917,0.329917,103.989751,0.425227,0.322586,0.322586,,,,,,,,,,,,,,,135.238,,135.238,,,135.238,1.300494,1.300494,0.601182,46.227244,46.227244,45.381402,
06/30/2002,380.935,334.422,,23.885,,22.628,-228.826,150.192,4.921,64.641,3.156,,5.916,152.109,-69.394,81.008,0.87,-12.484,82.715,,,16.57,,,,,46.033,,,22.138,22.138,,114.103655,0.190619,0.337249,0.337249,116.691122,0.190619,0.329917,0.329917,,,,,,,,,,,,,,,133.085,,133.085,,,133.085,1.14049,1.14049,0.601182,52.712657,52.712657,51.543825,
09/30/2002,371.123,335.729,,22.135,,13.259,-230.769,155.934,4.36,67.639,1.682,,1.154,140.354,-84.935,76.81,0.254,7.871,55.419,,,-4.336,,,,,46.345,,,24.253,24.253,,125.255546,0.190619,0.153961,0.153961,126.488583,0.190619,0.153961,0.153961,,,,,,,,,,,,,,,136.953,,136.953,,,136.953,1.08273,1.08273,0.601182,55.524669,55.524669,54.983403,
12/31/2002,402.414,353.679,0.0,27.487,0.0,21.248,-254.994,161.031,7.967,75.796,4.168,,6.032,147.42,-124.683,94.467,1.663,28.553,22.737,0.0,,-4.349,,,27.086,,6.609,,,-15.483,-15.483,,126.113489,-0.124635,-0.153961,-0.153961,126.113489,-0.124635,-0.153961,-0.153961,,,,,,,,,,,,,,,101.598,,101.598,,,101.598,0.805608,0.805608,0.601182,74.624697,74.624697,74.6245,
03/31/2003,372.503,351.398,0.0,15.027,0.0,6.078,-252.107,156.208,9.735,85.467,0.697,,0.0,123.991,-92.422,90.661,1.761,0.0,31.569,0.0,,0.501,,,31.068,,21.823,,,-0.318,-0.318,,126.429932,0.0,0.0,0.0,126.558146,0.0,0.0,0.0,,,,,,,,,,,,,,,83.787,,83.787,,,83.787,0.662044,0.662044,0.601182,90.80707,90.80707,90.71455,
06/30/2003,373.683,353.898,0.0,12.718,0.0,7.067,-250.779,154.777,7.566,87.645,0.791,,0.0,126.483,-93.467,91.174,3.132,-0.839,33.016,0.0,,-34.194,,,67.21,,59.23,,,34.269,34.269,,126.504951,0.285928,-0.007331,-0.007331,126.620889,0.285928,-0.007331,-0.007331,,,,,,,,,,,,,,,83.721,,83.721,,,83.721,0.661194,0.661194,0.601182,90.923711,90.923711,90.841008,
09/30/2003,360.658,340.408,0.0,12.937,0.0,7.313,-249.74,157.329,10.926,81.508,-0.023,,0.0,110.918,-86.347,86.029,1.767,-1.449,24.571,0.0,,-29.1,,,53.671,,40.635,,,13.705,13.705,,126.630437,0.109972,-0.117304,-0.117304,126.630437,0.109972,-0.117304,-0.117304,,,,,,,,,,,,,,,77.047,,77.047,,,77.047,0.60844,0.60844,0.43989,72.297948,72.297948,72.297948,
12/31/2003,339.436,311.174,0.0,20.795,0.0,7.474,-243.899,156.474,9.277,75.467,0.695,,1.986,95.54,-94.027,90.234,0.111,3.682,1.513,0.0,,-27.327,,,28.84,,37.169,,,15.481,15.481,,126.64544,0.117304,-0.095309,-0.095309,126.80639,0.117304,-0.095309,-0.095309,,,,,,,,,,,,,,,51.067,,51.067,,,51.067,0.402716,0.402716,0.43989,109.230619,109.230619,109.103726,
03/31/2004,383.902,359.902,0.0,16.524,0.0,7.476,-279.829,170.406,18.632,90.87,-0.079,,0.0,105.214,-96.013,94.71,1.303,0.0,9.201,0.0,,-7.979,,,17.18,,14.028,,,-5.839,-5.839,,126.592245,-0.043989,-0.109972,-0.109972,126.592245,-0.043989,-0.109972,-0.109972,,,,,,,,,,,,,,,62.548,,62.548,,,62.548,0.49409,0.49409,0.43989,89.030185,89.030185,89.030824,
06/30/2004,387.725,361.001,0.0,19.191,0.0,7.533,-287.212,174.409,18.407,93.216,1.18,,0.0,101.102,-99.844,96.372,1.038,2.434,1.258,0.0,,-8.886,,,10.144,,13.986,,,-7.787,-7.787,,126.938696,-0.058652,-0.131967,-0.131967,126.938696,-0.058652,-0.131967,-0.131967,,,,,,,,,,,,,,,59.655,,59.655,,,59.655,0.469951,0.469951,0.43989,93.603219,93.603219,93.603219,
09/30/2004,357.679,341.116,0.0,14.698,0.0,1.865,-278.922,174.909,18.434,84.907,0.672,,0.0,78.757,-44.519,92.043,1.197,-48.721,34.238,0.0,,-137.23,,,171.468,,163.208,,,138.541,138.541,,127.18694,1.092392,0.007331,0.014663,127.387445,1.085061,0.007331,0.014663,,,,,,,,,,,,,,,73.755,,73.755,,,73.755,0.578982,0.578982,0.43989,75.976408,75.976408,75.856823,
12/31/2004,310.355,286.298,0.0,16.849,,7.208,-245.429,144.579,23.394,80.994,-3.538,,,60.767,-46.196,70.834,-3.782,-20.856,14.571,0.0,,-48.863,,,63.434,,72.275,,,49.778,49.778,,127.323338,0.388569,0.014663,0.036657,127.774815,0.388569,0.014663,0.036657,,,,,,,,,,,,,,,67.631,,67.631,,,67.631,0.529298,0.529298,0.43989,83.108042,83.108042,82.815573,
03/31/2005,352.545,337.864,0.0,14.681,0.0,0.0,-280.806,168.27,20.851,93.277,-1.592,,0.0,71.739,-75.467,84.351,0.902,-9.786,-3.728,0.0,,-3.067,,,-0.661,,2.032,,,-20.837,-20.837,,127.4611,-0.161293,-0.190619,-0.190619,127.4611,-0.161293,-0.190619,-0.190619,,,,,,,,,,,,,,,59.476,,59.476,,,59.476,0.466621,0.466621,0.43989,94.271303,94.271303,94.271303,
06/30/2005,357.265,344.659,0.0,12.606,0.0,0.0,-282.521,164.841,21.723,95.923,0.034,,0.0,74.744,-75.524,86.328,0.418,-11.222,-0.78,0.0,,-28.32,,,27.54,,27.566,,,5.873,5.873,,127.950768,0.043989,-0.175956,-0.175956,127.950768,0.043989,-0.175956,-0.175956,,,,,,,,,,,,,,,62.826,,62.826,,,62.826,0.491017,0.491017,0.43989,89.587432,89.587432,89.587432,
09/30/2005,368.374,354.262,0.0,14.112,0.0,0.0,-301.235,173.887,23.095,103.717,0.206,,0.33,67.139,-76.764,90.7,0.552,-14.488,-9.625,0.0,,-33.509,,,23.884,,26.352,,,4.659,4.659,,128.269939,0.036657,-0.227276,-0.219945,128.269939,0.036657,-0.227276,-0.219945,,,,,,,,,,,,,,,55.169,0.0,55.169,,0.0,55.169,0.430101,0.430101,0.43989,102.275916,102.275916,102.275916,
12/31/2005,339.243,309.802,0.0,20.478,0.0,8.963,-264.781,144.975,27.157,83.314,-0.013,,9.348,74.462,-82.211,81.956,1.267,-1.012,-7.749,0.0,,-29.209,,,21.46,,15.032,,,-6.661,-6.661,,128.59593,-0.05132,-0.278597,-0.241939,128.59593,-0.05132,-0.278597,-0.241939,,,,,,,,,,,,,,,57.344,,57.344,,,57.344,0.445924,0.445924,0.879779,197.293527,197.293527,196.889648,
03/31/2006,402.88,390.311,0.0,12.569,0.0,0.0,-318.984,188.787,20.237,105.709,0.262,,3.989,83.896,-81.491,97.276,1.863,-17.648,2.405,0.0,,-78.276,,,80.681,,84.071,,,60.017,60.017,,129.827603,0.461884,-0.139298,-0.139298,129.827603,0.461884,-0.139298,-0.139298,,,,,,,,,,,,,,,,5.7,,,-16.22,,,,0.0,,,,
06/30/2006,408.224,392.499,0.0,15.725,0.0,0.0,-318.199,180.603,23.207,112.272,0.502,,1.615,90.025,-92.25,98.157,0.574,-6.481,-2.225,0.0,16.058,-39.277,,,37.052,-6.055,35.092,0.061,,16.058,16.058,,131.038816,0.124635,-0.175956,-0.175956,131.038816,0.124635,-0.175956,-0.175956,,112.272,-9.552,-7.682,6.724,,0.671,-1.059,-43.112,0.0,0.0,1.044,2.039,0.0,71.409,0.671,72.08,,-21.305,50.775,0.541637,0.381543,0.43989,81.214761,115.292171,80.721758,
09/30/2006,405.844,392.607,0.0,13.237,0.0,0.0,-323.287,182.114,23.292,117.927,-0.046,,,82.557,-84.676,100.193,0.169,-15.686,-2.119,0.0,-46.531,-11.084,,,8.965,-12.626,-24.875,0.019,,-46.531,-46.531,,131.025177,-0.351912,-0.43989,-0.43989,131.025177,-0.351912,-0.43989,-0.43989,,117.927,17.732,-4.928,4.921,,2.887,-8.759,-10.434,0.0,0.0,2.211,11.878,0.0,74.297,0.0,74.297,,-22.609,51.688,0.544795,0.379011,0.43989,80.744041,116.062529,77.575945,
12/31/2006,450.92,418.947,0.0,19.642,0.0,12.331,-235.423,207.321,26.035,127.374,2.067,,-0.035,88.158,-94.892,108.075,-0.536,-12.647,-6.734,0.0,66.111,-90.677,,,83.943,-2.395,82.499,0.06,,66.111,66.111,,130.55324,0.527867,-0.168624,-0.168624,130.55324,0.527867,-0.168624,-0.168624,,121.532,3.01,-5.046,10.373,,2.265,-7.329,-106.6,0.0,0.0,0.0,3.332,0.0,88.034,2.266,90.3,,-16.466,73.834,0.632859,0.517459,,,,0.0,
03/31/2007,408.074,394.348,0.0,13.726,0.0,0.0,-336.042,190.927,22.077,118.525,1.543,,2.97,72.032,-73.918,101.548,2.986,-30.616,-1.886,0.0,8.86,-31.253,,,29.367,-6.732,25.208,-16.348,,8.86,8.86,,137.071695,0.065983,-0.161293,-0.300591,137.071695,0.065983,-0.161293,-0.300591,,118.525,-13.045,-6.595,-11.706,,19.373,-20.462,-15.595,0.0,0.0,0.164,1.329,0.0,74.116,0.0,74.116,,-18.685,55.431,0.519132,0.388256,0.0,0.0,0.0,0.0,
06/30/2007,391.866,372.289,0.0,16.449,0.0,3.128,-312.467,176.965,24.024,110.743,0.735,,,79.399,-83.939,95.578,-0.93,-10.709,-4.54,0.0,2.983,-25.05,,,20.51,-8.525,19.329,0.058,,2.983,2.983,,137.071695,0.021994,-0.161293,-0.161293,137.071695,0.021994,-0.161293,-0.161293,,110.743,-1.808,-4.795,9.52,,0.0,-0.602,-24.311,0.0,0.0,2.597,1.473,0.0,87.333,0.0,87.333,,-25.968,61.365,0.616568,0.433235,0.417895,67.77761,96.459252,65.589846,
09/30/2007,359.768,345.197,0.0,14.571,0.0,0.0,-301.43,169.974,20.663,110.946,-0.153,,0.0,58.338,-70.792,92.699,-0.348,-21.559,-12.454,0.0,-9.523,-19.074,,,6.62,-25.615,-2.341,0.116,,-21.361,-21.361,,144.865471,-0.14663,-0.278597,-0.278597,144.865471,-0.14663,-0.278597,-0.278597,,318.691,-17.353,-14.782,32.595,,25.373,-26.919,-57.296,0.0,0.0,1.61,14.724,0.0,241.621,0.0,241.621,,-29.324,212.297,1.609919,1.414534,0.395901,24.591331,27.988064,23.73648,
12/31/2007,206.958,184.308,0.0,35.932,0.0,-13.282,-189.077,86.228,23.903,63.572,1.826,,13.548,17.881,-45.603,65.615,-1.431,-18.581,-27.722,19.84,-26.587,-7.718,,,-0.164,-11.188,-12.285,1.759,,-26.587,-26.587,,137.071695,-0.087978,-0.029326,0.124635,137.071695,-0.087978,-0.029326,0.124635,,147.608,-11.067,-6.377,-23.288,,17.687,-4.872,-8.383,0.0,0.0,0.525,24.036,0.0,83.785,0.0,83.785,,-28.634,55.151,0.432094,0.284423,2.280094,527.6848,801.654929,428.934893,
03/31/2008,347.848,332.892,,14.956,0.0,0.0,-189.075,167.486,21.366,103.5,0.223,,5.751,49.522,-84.584,91.533,1.029,-7.978,-35.062,1.772,-38.856,0.0,,0.0,-25.131,-11.114,-24.648,1.333,,-38.856,-38.856,0.0,174.536103,-0.219945,-0.269371,-0.269371,174.536103,-0.219945,-0.269371,-0.269371,,103.5,-8.697,-3.817,22.154,,-0.016,0.137,-1.436,,,-0.086,4.204,,67.306,,67.306,,,67.306,0.376607,0.376607,,,,0.0,
06/30/2008,356.56,316.97,,39.59,0.0,0.0,-175.32,148.274,27.004,105.642,0.042,,10.933,64.665,-88.63,89.79,0.843,-2.003,-23.965,3.281,239.14,0.0,,0.0,342.955,17.971,255.955,-1.759,2.661,242.285,242.285,0.0,168.42957,1.438494,-0.720503,-0.720503,168.42957,1.438494,-0.720503,-0.720503,,105.642,-2.331,-4.862,18.459,,-1.0,-0.255,-313.91,,,17.149,-6.436,7.792,75.6,,75.6,,-23.959,54.302,0.435829,0.313047,0.315254,72.334418,100.704983,70.235608,
09/30/2008,344.414,310.563,,33.851,0.0,0.0,-184.843,156.618,27.383,107.374,0.842,,1.343,50.854,18.201,84.887,1.559,-104.647,69.055,6.062,159.544,0.0,,0.0,237.386,8.85,173.742,1.758,,159.544,159.544,1.131,151.08078,1.056029,-0.018037,-0.018037,151.553779,1.056029,-0.018037,-0.018037,,107.374,-13.569,-3.879,17.879,,1.252,-99.954,-128.289,,4.027,21.091,16.889,1.959,94.932,,94.932,,-27.182,67.75,0.609413,0.434919,1.666179,273.407439,383.101328,265.166287,
12/31/2008,304.256,287.478,,16.778,0.0,0.0,-176.447,136.574,23.403,111.22,16.47,,4.339,12.25,-195.305,81.449,1.17,112.686,-183.055,42.329,-9.898,0.0,,0.0,70.319,2.871,6.957,4.292,,-9.898,-9.898,115.47,88.746982,-0.113431,-2.489583,-1.185868,88.746982,-0.113431,-2.489583,-1.185868,,111.22,-8.373,-4.994,19.092,,,0.253,-174.316,,22.054,,-1.769,,-39.568,144.534,104.966,,-27.158,77.808,1.182756,0.87674,4.001017,338.279252,456.351789,,
03/31/2009,293.451,283.912,0.0,9.539,0.0,0.0,-262.632,139.419,16.26,104.86,,0.0,2.093,30.819,-68.732,80.717,2.04,-14.025,-37.913,2.475,-24.532,-2.867,-2.867,0.0,-32.571,-7.317,-24.532,-13.166,0.158,-37.698,-50.919,-10.354,106.926949,-0.350605,-0.379371,-0.476204,106.926949,-0.350605,-0.379371,-0.476204,,104.86,-10.178,-4.307,16.435,,,-10.182,0.078,,,0.215,,-0.57,51.336,-2.523,48.813,,-14.368,34.603,0.436997,0.309782,0.103119,23.597197,33.287576,21.478495,
06/30/2009,291.647,279.041,0.0,12.606,0.0,0.0,-258.712,130.381,14.577,108.437,,0.0,5.317,32.935,-79.313,81.771,1.696,-4.154,-46.378,2.473,-18.444,-36.279,-36.279,0.0,-7.626,-5.701,-18.444,-13.126,,-29.921,-68.094,-1.894,112.016215,-0.267113,-0.590986,-0.607894,112.016215,-0.267113,-0.590986,-0.607894,,108.437,-10.083,-3.889,16.222,,,-1.787,-38.953,0.0,,4.637,,-0.223,38.739,13.581,52.32,,-16.714,35.606,0.467075,0.317865,0.103119,22.077599,32.441162,29.817497,
09/30/2009,285.397,275.072,0.0,10.325,0.0,0.0,-268.202,137.437,12.772,110.29,,0.0,7.703,17.195,-74.88,76.778,3.658,-5.556,-57.685,2.725,-27.502,-45.404,-45.404,0.0,-9.556,-4.942,-27.502,-12.988,0.148,-40.49,-88.271,-2.377,112.067612,-0.3613,-0.766448,-0.787658,112.067612,-0.3613,-0.766448,-0.787658,,110.29,-9.664,-4.237,12.412,,,0.027,-37.843,,,-3.181,,-0.085,22.287,25.111,47.398,,-18.763,28.783,0.422897,0.256809,0.103119,24.38394,40.15391,51.852201,
12/31/2009,286.746,269.362,0.0,17.384,0.0,0.0,-264.705,125.802,13.033,110.746,,0.0,15.124,22.041,-96.633,78.016,2.983,15.634,-74.592,11.117,6.206,-68.43,-68.43,0.0,4.955,-1.76,6.206,-12.935,0.1,-6.729,-69.715,5.444,112.366296,-0.059884,-0.668875,-0.620426,112.366296,-0.059884,-0.668875,-0.620426,,110.746,-9.479,-4.168,9.333,,,0.44,-86.414,,0.0,4.116,,-0.029,16.056,14.186,30.242,,-15.019,15.323,0.268672,0.13613,0.103119,38.381059,75.750179,72.166791,
03/31/2010,276.825,272.124,0.0,4.701,0.0,0.0,-253.072,134.028,11.736,105.035,,0.0,2.273,23.753,-64.31,77.677,-9.149,-4.218,-40.557,3.624,-27.518,-20.173,-20.173,0.0,-16.76,-5.237,-27.518,-12.922,0.06,-40.44,-62.057,-1.444,112.525336,-0.359386,-0.538661,-0.551494,112.525336,-0.359386,-0.538661,-0.551494,,105.035,-10.801,-3.948,3.659,,,-0.508,-17.231,,,-1.052,,-0.154,29.323,7.598,36.921,,-11.516,25.465,0.327269,0.225723,0.0,0.0,0.0,0.0,
06/30/2010,281.009,266.728,0.0,9.796,0.0,4.485,-246.26,128.267,15.184,102.809,,0.0,0.0,34.749,-76.4,76.203,5.295,-5.098,-41.651,3.385,,-28.096,-28.096,0.0,-10.17,,-7.825,,,-17.995,-49.132,-3.041,112.804625,-0.154678,-0.408592,-0.43555,112.804625,-0.154678,-0.408592,-0.43555,,,,,,,,,,,,,,,,0.853,,,-16.222,,,,0.103119,,,,
09/30/2010,273.192,263.481,0.0,9.711,0.0,0.0,-237.611,119.395,12.096,101.704,,0.0,4.416,35.581,-86.958,74.544,15.653,-3.239,-51.377,4.385,-14.924,-18.51,-18.51,0.0,-28.482,-5.788,-14.922,-13.576,0.086,-28.5,-47.893,-0.883,112.912267,-0.252408,-0.416341,-0.424161,112.912267,-0.252408,-0.416341,-0.424161,,101.704,-8.706,-3.498,5.051,,,2.294,-13.375,,0.0,,,-0.239,48.943,-2.278,46.665,,-16.866,29.885,0.412789,0.264357,0.103119,24.981035,39.007529,23.789715,
12/31/2010,271.073,259.651,0.0,11.422,0.0,0.0,-239.135,116.507,14.351,100.452,,0.0,7.825,31.938,-78.987,75.679,11.313,-8.005,-47.049,6.255,-38.427,-6.582,-6.582,0.0,-34.212,-0.148,-21.463,,0.078,-38.427,-44.944,0.065,113.153736,-0.3396,-0.397768,-0.397194,113.153736,-0.3396,-0.397768,-0.397194,,100.452,-11.222,-3.208,5.987,0.072,,-0.55,-18.056,,0.0,9.333,,-2.859,41.374,3.971,45.345,,-15.802,29.621,0.399492,0.260963,0.103119,25.812548,39.514871,28.202011,
03/31/2011,264.039,254.803,0.0,9.236,0.0,0.0,-227.368,118.323,11.181,93.967,,0.0,3.897,36.671,-70.754,72.355,1.648,-3.249,-34.083,2.412,-31.773,-4.394,-4.394,0.0,-27.277,-5.803,-19.26,,0.066,-31.773,-37.379,-1.212,113.771469,-0.27927,-0.317892,-0.328544,113.771469,-0.27927,-0.317892,-0.328544,,93.967,-8.108,-3.174,5.85,,,-0.12,-6.375,,,,,1.291,45.755,,45.755,,-11.506,34.315,0.401038,0.300767,0.123743,30.855644,41.142358,30.769096,
06/30/2011,259.366,251.715,0.0,7.651,0.0,0.0,-212.854,108.52,12.448,86.964,,0.0,4.922,46.512,-91.934,92.911,1.798,-2.775,-45.422,1.859,-33.177,-16.592,-16.592,0.0,-26.971,-5.029,-23.451,0.0,0.074,-33.177,-50.577,-0.808,115.551936,-0.287117,-0.430706,-0.437699,115.551936,-0.287117,-0.430706,-0.437699,,86.964,-6.959,-3.218,7.038,0.0,,-0.655,-12.939,,,,,2.783,34.808,-2.552,32.256,,-16.188,16.142,0.278381,0.139311,0.123743,44.450893,88.824681,41.078832,
09/30/2011,254.459,242.574,0.0,11.885,0.0,0.0,-213.035,108.769,12.741,87.687,,0.0,3.838,41.424,-66.588,68.068,4.987,-6.467,-25.164,0.893,-14.801,-28.928,-28.928,0.0,4.657,-4.592,-1.442,,0.142,-14.801,-46.824,-3.095,116.699154,-0.12683,-0.374716,-0.401237,116.699154,-0.12683,-0.374716,-0.401237,,87.687,-5.647,-3.306,8.51,0.098,,-0.245,-24.237,,,,,5.533,49.0,0.731,49.731,,-20.416,29.457,0.424978,0.251726,0.123743,29.117452,49.157755,29.470776,
12/31/2011,248.452,238.563,0.0,9.889,0.0,0.0,-209.822,100.189,14.536,88.713,,0.0,6.384,38.63,-74.989,66.099,9.288,-0.398,-36.359,1.278,-23.411,-26.507,-26.507,0.0,-8.574,-5.444,-12.935,,0.144,-23.411,-46.286,3.632,116.790311,-0.200453,-0.427416,-0.396317,116.790311,-0.200453,-0.427416,-0.396317,,88.713,-5.102,-3.13,8.936,4.869,,-1.12,-17.815,,,,,5.753,52.249,-1.804,50.445,,-26.231,24.358,0.430972,0.2081,0.123743,28.712459,59.46301,27.659783,
03/31/2012,252.32,244.249,0.0,8.071,0.0,0.0,-212.251,102.18,11.624,86.632,,0.0,11.815,40.069,-62.877,64.864,0.763,-2.75,-22.808,0.225,-10.609,-33.23,-33.23,0.0,10.647,-4.16,1.949,,0.069,-10.609,-38.055,5.784,116.880498,-0.090768,-0.375076,-0.325589,116.880498,-0.090768,-0.375076,-0.325589,,86.632,-4.927,-3.242,7.084,5.596,,-0.012,-28.163,,,,,0.18,48.379,,48.379,,-13.296,35.152,0.412744,0.299898,0.185614,44.970793,61.89241,44.843176,
06/30/2012,254.245,244.374,0.0,8.914,0.0,0.957,-206.107,103.047,13.556,87.229,,0.0,2.275,48.138,-55.853,60.322,2.242,-6.711,-7.715,0.234,0.523,-41.612,-41.612,0.0,34.131,-3.225,22.8,,0.057,0.523,-43.128,-2.039,123.541734,0.004233,-0.332592,-0.349097,123.541734,0.004233,-0.332592,-0.349097,,87.229,-4.685,-3.314,5.974,2.482,,-0.3,-40.542,,,,,4.262,48.404,9.811,58.215,,-15.084,43.188,0.469698,0.348455,0.185614,39.517753,53.267713,47.374391,
09/30/2012,252.845,242.149,0.0,10.696,0.0,0.0,-203.994,103.805,12.311,83.438,,0.0,4.44,48.851,-42.968,61.196,-0.206,-18.022,5.883,0.04,24.163,-47.412,-47.412,0.0,53.335,-1.563,38.781,,0.052,24.163,-39.273,-16.024,140.574483,0.171888,-0.165385,-0.279375,140.574483,0.171888,-0.165385,-0.279375,,79.399,0.0,-3.22,7.075,-0.061,,-14.924,-40.924,0.0,,,,4.812,54.757,11.314,66.071,,-18.317,47.806,0.469489,0.339701,0.206238,43.928198,60.711626,52.94629,
12/31/2012,247.705,233.617,0.0,14.088,0.0,0.0,-192.338,96.183,12.111,80.436,,0.0,3.608,55.367,-47.837,53.906,1.609,-7.678,7.53,0.309,67.928,-89.409,-89.409,0.0,97.248,-0.178,68.926,,0.053,67.928,-22.738,-1.257,140.648184,0.482964,-0.152729,-0.161666,140.648184,0.482964,-0.152729,-0.161666,,76.902,0.0,-3.37,5.091,1.364,,-0.163,-75.481,0.0,,,,2.829,74.922,0.079,75.001,,-20.057,54.997,0.532731,0.390643,0.206238,38.71335,52.794516,38.716265,
03/31/2013,237.504,230.252,0.0,7.252,0.0,0.0,-184.865,95.301,11.779,75.716,,0.0,2.069,52.639,-54.197,58.345,,-4.148,-1.558,-0.105,5.05,-4.496,-4.496,0.0,2.833,-3.746,5.892,,,5.05,0.554,0.0,140.778131,0.030936,0.003935,0.003935,140.778131,0.030936,-0.001001,-0.001001,,73.107,,-2.932,4.016,0.037,,0.074,-5.079,,,,,-0.383,70.144,,70.144,,-15.124,55.02,0.497502,0.390234,0.247486,49.745666,63.419847,49.67005,
06/30/2013,241.745,233.936,0.0,7.809,0.0,0.0,-183.033,95.995,11.153,73.833,,0.0,2.052,58.712,-56.066,57.73,,-1.664,2.646,-0.169,10.107,-4.502,-4.502,0.0,6.979,-3.478,10.948,,,10.107,5.605,0.0,140.925534,0.071718,0.039773,0.039773,141.267857,0.071545,0.039676,0.039676,,71.558,0.0,-2.932,3.933,0.0,,0.29,-7.518,,,,,-0.874,71.086,,71.086,,-17.689,53.397,0.5032,0.377984,0.247486,49.182343,65.475139,49.063163,
09/30/2013,243.943,236.546,0.0,7.397,0.0,0.0,-179.431,94.271,10.962,72.04,,0.0,2.158,64.512,-57.624,59.648,,-2.024,6.888,0.087,66.268,-72.435,-72.435,0.0,79.41,-0.398,67.232,,,66.268,-6.167,0.0,140.938141,0.470192,-0.043756,-0.043756,141.160214,0.469452,-0.043756,-0.043756,,69.254,,-2.915,3.919,-0.013,,0.376,-63.143,,,,,0.079,73.427,,73.427,,-22.314,51.113,0.520168,0.362092,0.247486,47.57803,68.348796,47.50318,
12/31/2013,250.862,238.498,0.0,12.364,0.0,0.0,-177.707,94.446,11.814,70.322,,0.0,1.125,73.155,-48.497,61.323,,-12.826,24.658,2.146,122.037,-121.799,-121.799,0.0,148.603,2.276,123.218,,,122.037,-7.277,-7.515,140.944929,0.865849,0.001689,-0.05163,141.09815,0.864909,0.001687,-0.05163,,68.315,,-2.495,1.481,0.0,,-20.081,-89.324,0.0,,,,0.157,82.366,,82.366,,-19.941,62.425,0.58375,0.442423,0.247486,42.395843,55.938742,42.349805,
03/31/2014,248.924,240.136,0.0,8.788,0.0,0.0,-183.751,100.522,10.532,70.307,,0.0,2.39,65.173,13.601,55.641,,-69.242,78.774,2.758,64.234,0.0,0.0,0.0,81.532,-0.505,64.927,,,64.234,-5.258,-69.492,141.072936,0.453724,0.453724,-0.037271,141.274645,0.453724,0.453724,-0.038169,,68.429,,-2.387,,0.541,,-57.046,,,,,,-0.035,73.231,,73.231,,-11.28,61.951,0.518359,0.438515,0.268109,51.722713,61.140353,51.648865,
06/30/2014,246.418,239.492,0.0,6.926,0.0,0.0,-180.621,95.521,10.119,71.399,,0.0,3.582,65.797,13.461,55.061,,-68.522,79.258,5.347,75.01,0.0,0.0,0.0,84.605,-0.045,77.042,,,75.01,8.348,-66.662,141.251371,0.525907,0.525907,0.059101,141.56945,0.525907,0.525907,0.055028,,69.554,,-2.384,,-0.164,,-65.972,,,,,,-0.002,75.997,,75.997,,-12.313,63.684,0.536818,0.449843,0.268109,49.944208,59.600685,49.831993,
09/30/2014,246.843,239.873,0.0,6.97,0.0,0.0,-179.376,96.519,10.658,69.437,,0.0,2.762,67.467,72.043,57.806,,-129.849,139.51,5.005,124.706,0.0,0.0,0.0,144.515,2.2,128.028,,,124.706,-0.21,-124.916,141.265917,0.886823,0.886823,-0.001487,141.684851,0.876511,0.876511,-0.005135,,67.531,,-2.439,,1.413,,-119.807,,,,,,0.188,73.792,0.0,73.792,,-16.325,57.467,0.520818,0.405597,0.268109,51.478534,66.102354,51.326323,
12/31/2014,242.178,233.33,0.0,8.848,0.0,0.0,-178.37,88.404,12.787,71.465,,0.0,5.714,63.808,-25.286,52.358,,-27.072,38.522,6.937,36.269,0.0,0.0,0.0,45.459,-2.426,39.252,,,36.269,36.676,0.407,141.344467,0.257797,0.257797,0.259479,141.814798,0.257797,0.257797,0.259479,,69.661,,-2.417,,0.407,,-22.533,,,,,,-0.155,78.806,,78.806,,-16.133,62.673,0.555697,0.441936,0.268109,48.247443,60.667082,48.08743,
03/31/2015,244.265,238.289,0.0,5.976,0.0,0.0,-183.198,97.095,10.652,74.432,,0.0,1.019,61.067,36.162,53.52,,-89.682,97.229,6.921,89.344,0.0,0.0,0.0,104.15,0.516,93.26,,,89.344,3.651,-85.693,149.168438,0.59809,0.59809,0.024475,149.610645,0.59809,0.59809,0.024475,,72.622,,-2.489,,,,-80.728,,,,,,0.041,79.306,0.658,79.964,,-9.13,70.834,0.534481,0.473456,0.288733,54.02126,60.984217,54.308476,
06/30/2015,244.783,238.637,0.0,6.146,0.0,0.0,-179.14,89.016,12.062,75.15,,0.0,2.912,65.643,-2.769,49.605,,-46.836,62.874,5.814,60.804,0.0,0.0,0.0,68.688,-1.348,63.869,,,60.804,16.023,-44.781,150.819928,0.402164,0.402164,0.106239,151.236922,0.402164,0.402164,0.106066,,72.997,,-2.609,,0.655,,-43.303,,,,,,-0.112,87.084,0.0,87.084,,-14.618,72.466,0.575812,0.479155,0.309357,53.725369,64.562967,53.577236,
09/30/2015,246.387,240.382,0.0,6.005,0.0,0.0,-182.366,90.526,11.013,77.237,,0.0,3.59,64.021,-48.531,48.285,,0.246,15.49,8.279,19.179,0.0,0.0,0.0,23.769,-3.513,21.925,,,19.157,19.157,0.0,150.931449,0.123743,0.123743,0.123743,151.289288,0.123743,0.123743,0.123743,,75.509,,-2.588,,0.0,,-0.091,,,,,,-0.31,88.186,0.0,88.186,,-13.584,74.602,0.582897,0.493108,0.309357,53.07237,62.73612,52.94684,
12/31/2015,247.657,239.646,0.0,6.229,1.782,0.0,-180.391,88.611,9.451,79.482,,0.0,2.847,67.266,1.6,48.275,,-49.875,68.866,6.51,66.639,0.0,0.0,0.0,75.376,-1.203,69.656,,,66.639,66.639,0.0,151.014848,0.443412,0.443412,0.443412,151.32323,0.443412,0.443412,0.443412,,77.752,,,,,,-49.571,,,,,,-0.092,90.943,0.0,90.943,,-16.593,74.35,0.600993,0.491339,0.309357,51.47433,62.962071,51.370089,
03/31/2016,248.074,241.481,0.0,4.758,1.835,0.0,-182.705,89.372,11.935,79.828,,0.0,1.57,65.369,-41.37,47.634,,-6.264,23.999,5.886,23.223,0.0,0.0,0.0,29.885,-3.327,26.057,,,23.223,17.036,-6.187,151.078852,0.154678,0.154678,0.112763,151.394992,0.154678,0.154678,0.112763,,77.978,,-2.682,,,,-5.855,,,,,,-0.058,89.279,0.0,89.279,,-10.386,78.893,0.589709,0.521107,0.340293,57.705183,65.301877,57.584684,
06/30/2016,253.061,242.871,0.0,8.347,1.843,0.0,-186.782,88.96,11.616,80.68,,0.0,5.526,66.279,172.553,48.894,,-221.447,238.832,7.121,221.382,0.0,0.0,0.0,245.953,6.481,224.433,,,221.382,4.841,-216.541,151.645188,1.46429,1.46429,0.031924,152.050545,1.453978,1.453978,0.02984,,78.934,,-2.734,,0.0,,-211.569,,,,,,0.154,92.648,0.0,92.648,,-14.335,78.313,0.609324,0.515046,0.340293,55.847606,66.070371,55.69872,
09/30/2016,251.067,244.115,0.0,4.789,2.163,0.0,-190.172,92.166,11.615,84.848,,0.0,1.543,60.895,-34.321,49.377,,-15.056,26.574,3.462,11.176,0.0,0.0,0.0,30.036,-3.68,15.513,,,11.176,-3.322,-14.498,151.358141,0.072183,0.072183,-0.021948,151.79259,0.072183,0.072183,-0.023329,,83.074,,-2.761,,,,-5.041,,,,1.959,,-0.11,84.617,1.877,86.494,,-15.351,71.143,0.569817,0.468686,0.340293,59.719645,72.605752,60.869648,
12/31/2016,251.449,246.064,0.0,3.429,1.956,0.0,-189.399,85.605,10.428,87.71,,0.0,5.656,62.05,106.61,50.484,,-157.094,168.66,8.739,162.0,0.0,0.0,0.0,177.399,3.308,164.407,,,162.0,5.436,-156.564,151.447358,1.072438,1.072438,0.035894,151.805197,1.062126,1.062126,0.030778,,83.031,,,,,,-156.205,,,,1.954,,0.102,94.19,0.0,94.19,,-15.217,78.973,0.620466,0.520226,0.340293,54.844676,65.412483,54.715394,
03/31/2017,248.673,243.79,0.0,2.691,2.192,0.0,-188.692,89.104,10.682,87.168,,,1.738,59.981,-47.811,47.882,,-0.071,12.17,4.985,11.491,0.0,0.0,0.0,17.155,-3.85,13.698,,,11.491,11.885,0.394,151.532697,0.072183,0.072183,0.078432,152.012724,0.072183,0.072183,0.074775,,82.881,,,,,,-0.439,,,,1.032,,-0.038,91.077,,91.077,,-10.946,80.131,0.599141,0.527134,0.371228,61.960144,70.423981,61.764485,
06/30/2017,251.104,246.236,0.0,2.856,2.012,0.0,-189.386,87.473,10.108,89.155,,,2.65,61.718,-45.15,46.858,,-1.708,16.568,5.023,15.843,0.0,0.0,0.0,21.591,-3.783,18.052,,,15.843,14.335,-1.508,151.577305,0.103119,0.103119,0.094572,151.974904,0.103119,0.103119,0.093196,,84.649,,,,,,-1.741,,,,0.41,,-0.041,95.337,0.0,95.337,,-15.36,79.977,0.627317,0.526248,0.371228,59.177192,70.542481,59.021996,
09/30/2017,256.682,251.94,0.0,2.695,2.047,0.0,-195.43,90.044,10.529,92.513,,0.0,2.344,61.252,-43.978,50.682,,-6.704,17.274,4.87,17.43,0.0,0.0,0.0,22.144,-3.814,19.635,,,17.43,17.663,0.233,151.578275,0.113431,0.113431,0.116528,152.091274,0.113431,0.113431,0.114963,,89.879,,,,,,-5.772,,,,0.733,,-0.043,98.413,0.0,98.413,,-14.446,83.967,0.64707,0.552086,0.371228,57.370713,67.240988,57.177568,
12/31/2017,257.31,250.228,0.0,5.001,2.081,0.0,-237.946,88.115,12.058,97.348,,0.0,40.425,19.364,249.577,49.193,,-298.77,268.941,17.248,262.097,0.0,0.0,0.0,286.189,7.637,264.389,,,262.097,-1.198,-263.295,151.691736,1.732399,1.732399,-0.007898,152.132974,1.722087,1.722087,-0.008602,,94.7,,,,,,-254.631,,,,-10.44,,0.041,99.404,-0.498,98.906,,-11.008,87.898,0.65012,0.577763,0.371228,57.10149,64.252656,56.649913,
03/31/2018,249.892,225.393,0.0,22.327,2.172,0.0,-194.343,87.482,11.355,92.548,,0.0,2.958,55.549,5.624,47.795,,-53.419,61.173,34.517,81.525,0.0,0.0,0.0,95.69,-0.557,83.792,,,81.525,28.33,-53.195,147.278388,0.556843,0.556843,0.192357,147.402517,0.556843,0.556843,0.192357,,90.394,,,,,,-47.023,,,,-30.72,,-0.015,93.604,0.349,93.953,,-9.06,84.893,0.618115,0.55851,0.391852,63.394676,70.160319,61.654801,
06/30/2018,253.071,231.13,0.0,19.057,2.884,0.0,-200.826,85.093,13.882,97.485,,,4.366,52.245,-49.396,49.906,,-0.51,2.849,4.307,2.817,0.0,0.0,0.0,7.156,-4.61,5.037,,,2.817,2.507,-0.31,147.366636,0.020624,0.020624,0.017012,147.492704,0.020624,0.020624,0.017012,,95.238,,,,,,-0.217,,,,0.085,,-0.082,93.231,2.102,95.333,,-11.04,84.293,0.646357,0.571506,0.391852,60.624694,68.564816,61.938561,
09/30/2018,245.193,234.048,0.0,8.433,2.712,0.0,-195.527,80.862,12.479,96.406,,,5.78,49.666,580.457,45.492,,-625.949,630.123,-26.206,567.029,0.0,0.0,0.0,603.917,24.13,569.991,,,567.029,-59.203,-626.232,147.374394,3.846339,3.846339,-0.401719,147.589679,3.846339,3.846339,-0.401719,,94.166,,,,,,-624.521,,,,54.448,,0.626,115.878,-19.282,96.596,,-9.898,86.698,0.634702,0.569665,0.391852,61.738002,68.786408,49.836017,
12/31/2018,235.168,232.022,0.0,0.0,3.146,0.0,-165.958,75.385,9.074,91.347,,0.0,-9.848,69.21,-59.779,57.441,,2.338,9.431,0.409,5.226,0.0,0.0,0.0,9.84,-4.9,7.407,,,5.226,7.5,2.274,144.299306,0.041248,0.041248,0.051975,144.549502,0.041248,0.041248,0.051975,,89.163,,,,,,2.311,,,,3.497,,-0.127,95.17,0.488,95.658,,-15.565,80.093,0.661766,0.554087,0.391852,59.213072,70.720338,59.413681,
03/31/2019,232.961,230.235,0.0,0.0,2.726,0.0,-188.821,80.291,9.829,93.565,,0.0,5.136,44.14,250.136,41.409,,-291.545,294.276,-2.981,271.568,0.0,0.0,0.0,291.295,10.249,274.133,,,271.568,-19.905,-291.473,144.232,1.88,1.88,-0.138007,144.445,1.88,1.88,-0.138007,,91.374,,,,,,-291.473,,,,6.526,,0.316,88.56,2.332,90.892,,-9.711,81.181,0.612756,0.547289,0.39,63.646823,71.260356,63.516802,
06/30/2019,227.265,224.2,0.0,0.0,3.065,0.0,-184.096,75.839,12.124,91.924,,,4.209,43.169,25.0,39.541,,-64.541,68.169,1.827,59.234,0.0,0.0,0.0,69.996,-1.356,64.459,,,59.234,-5.076,-64.31,148.367,0.4,0.4,-0.034212,148.599,0.4,0.4,-0.034212,,89.78,,,,,,-64.31,,,,0.21,,-0.073,83.485,5.093,88.578,,-13.134,75.444,0.596087,0.507702,0.39,65.426641,76.816725,69.309613,
09/30/2019,232.651,229.827,0.0,0.0,2.824,0.0,-191.2,77.43,11.821,97.538,,,4.411,41.451,-40.577,42.011,,-1.434,0.874,3.096,2.003,0.0,0.0,0.0,3.97,-4.931,1.979,,,2.003,0.857,-1.146,148.434,0.01,0.01,0.005774,148.636,0.01,0.01,0.00229,,95.199,,,,,,-1.146,,,,0.415,,-0.142,91.398,3.704,95.102,,-11.434,83.668,0.639832,0.562905,0.39,60.953545,69.283406,63.337557,
12/31/2019,232.841,230.032,0.0,0.0,2.809,0.0,-193.404,78.768,12.723,97.144,,0.0,4.769,39.437,102.136,45.846,,-147.982,141.573,1.193,133.339,0.0,0.0,0.0,142.766,2.486,133.512,,,133.339,-12.9,-146.239,148.449,0.9,0.9,-0.086899,148.7,0.9,0.9,-0.086899,,94.393,,,,,,-146.239,,,,2.956,,0.062,86.997,8.476,95.473,0.657,-9.564,86.566,0.642051,0.582152,0.41,63.857845,70.428344,69.961137,
03/31/2020,229.075,224.552,0.0,0.0,4.523,0.0,-188.89,76.664,10.108,100.476,,0.0,1.642,40.185,-34.441,41.336,,-6.895,5.744,3.233,6.679,0.0,0.0,0.0,8.977,-5.096,6.722,,,6.679,6.713,0.034,148.518,0.04,0.04,0.0452,148.786,0.04,0.04,0.040229,,97.792,,,,,,0.034,,,,0.226,,-0.039,99.596,0.635,100.231,,-11.605,88.626,0.673659,0.595661,0.41,60.86167,68.831111,61.139383,
06/30/2020,221.651,218.808,0.0,0.0,2.843,0.0,-186.868,75.244,9.696,97.689,,0.0,4.239,34.783,5.542,48.802,,-54.344,40.325,2.879,39.212,0.0,0.0,0.0,43.204,-2.446,39.255,,,39.212,-8.026,-47.238,148.535,0.26,0.26,-0.054034,148.553,0.26,0.26,-0.057988,,95.109,,,,,,-47.238,,,,0.152,,-0.015,84.774,8.567,93.341,,-11.403,81.938,0.628335,0.551574,0.41,65.251851,74.332703,71.837297,
09/30/2020,217.333,,,,,,,,,,,,,,,,,,1.72,,,,,,,,-1.102,,,-1.102,-4.447,,,-0.068,-0.068,0.019,,-0.068,-0.068,0.019,,,,,,,,,,,,,,,,,,,,,,,,,,,
12/31/2020,216.556,,,,,,,,,,,,,,,,,,-2.49,,,,,,,,31.733,,,31.733,22.891,,,0.491,0.491,0.23,,0.491,0.491,0.23,,,,,,,,,,,,,,,,,,,,,,,,,,,
