Date,Revenue,Net Premiums Earned,Net Premiums Earned (NL),Net Premiums Earned (L),Other Premiums Earned (NL & L),Investment Income,Other Operating Income,Policy Charges & Fees,Other Income,Claims & Losses,Claims & Losses (NL),Claims & Losses (L),LT Charges (L),Underwriting Expense & Acq Cost,Underwriting & Acq Cost (NL),Underwriting Cost (NL),Amort Def Acq Cost (NL),Underwriting & Acq Cost (L),Underwriting Cost (L),Amort Def Acq Cost (L),Other Cost (NL & L),Other Operating Expense,Operating Income (Loss),Interest Expense,Other Non-Op (Income) Loss,"Pretax Income (Loss), GAAP",Income Tax Expense (Benefit),Income (Loss) from Cont Ops,Net Extraordinary Losses (Gains),Discontinued Operations,XO & Accounting Changes,Income (Loss) Incl. MI,Minority Interest,"Net Income, GAAP",Preferred Dividends,Other Adjustments,"Net Income Avail to Common, GAAP","Net Income Avail to Common, Adj",Net Abnormal Losses (Gains),Basic Weighted Avg Shares,"Basic EPS, GAAP",Basic EPS from Cont Ops,"Basic EPS from Cont Ops, Adjusted",Diluted Weighted Avg Shares,"Diluted EPS, GAAP",Diluted EPS from Cont Ops,"Diluted EPS from Cont Ops, Adjusted",Source: Bloomberg
03/31/1992,5000.700195,4188.5,,,,812.199987,0.0,,,-3714.100037,3167.300049,546.799988,0.0,-1055.500015,,,,,,,,,231.100006,0.0,0.0,231.100006,24.4,255.5,325.599991,,,-70.099985,0.0,-70.099998,0.0,,-70.099998,-70.099998,,862.0,-0.08,0.295,,862.0,-0.08,0.295,0.295,
06/30/1992,5020.899902,4202.200195,,,,818.699975,0.0,,,-3774.600098,3252.100098,522.5,0.0,-1055.700027,,,,,,,,,190.600006,0.0,0.0,190.600006,39.0,229.600006,0.0,,,229.600006,0.0,229.600006,0.0,,229.600006,229.600006,,862.0,0.265,0.265,,862.0,0.265,0.265,0.265,
09/30/1992,5065.700195,4269.100098,,,,796.599976,0.0,,,-5472.999878,4925.899902,547.099976,0.0,-1033.700027,,,,,,,,,-1441.0,0.0,0.0,-1441.0,595.200012,-845.799988,0.0,,,-845.799988,0.0,-845.799988,0.0,,-845.799988,-845.799988,,862.0,-0.98,-0.98,,862.0,-0.98,-0.98,-0.98,
12/31/1992,5140.799805,4205.700195,,,,935.100006,0.0,,,-4397.200073,3859.800049,537.400024,0.0,-1149.599998,,,,,,,,,-406.0,0.0,0.0,-406.0,267.100006,-138.899994,0.0,,,-138.899994,0.0,-138.899994,0.0,,-138.899994,-138.899994,,862.0,-0.16,-0.16,,862.0,-0.16,-0.16,-0.16,
03/31/1993,5118.200195,4214.899902,,,,903.300011,0.0,,,-3724.399994,3218.5,505.899994,,-1040.700012,,,,,,,,,353.100006,-8.6,0.0,344.500006,-24.4,320.100006,0.0,,,320.100006,0.0,320.100006,0.0,,320.100006,320.100006,,862.0,0.38,0.38,,862.0,0.38,0.38,0.38,
06/30/1993,5229.399902,4339.399902,,,,889.999985,0.0,,,-3630.799988,3118.5,512.299988,0.0,-1100.800018,,,,,,,,,497.799988,-31.799999,0.0,465.999989,-69.300003,396.700012,0.0,,,396.699986,0.0,396.700012,0.0,,396.700012,396.700012,,871.200012,0.47,0.47,,871.200012,0.47,0.47,0.47,
09/30/1993,5315.399902,4420.799805,,,,894.600014,0.0,,,-3797.000122,3248.100098,548.900024,0.0,-1183.399994,,,,,,,,,335.0,-23.6,0.0,311.4,14.3,325.700012,0.0,,,325.7,0.0,325.700012,0.0,,325.700012,325.700012,,900.0,0.36,0.36,,900.0,0.36,0.36,0.36,
12/31/1993,5283.299805,4427.200195,,,,856.1,0.0,,,-3872.799926,3337.399902,535.400024,0.0,-1138.199997,,,,,,,,,271.700012,-17.6,0.0,254.100012,4.9,259.0,0.0,,,259.000012,0.0,259.0,0.0,,259.0,259.0,,908.771972,0.285,0.285,,908.771972,0.285,0.285,0.285,
03/31/1994,5233.100098,4299.399902,,,,933.699974,0.0,,,-4775.299896,4270.899902,504.399994,,-1030.300003,,,,,,,,,-573.400024,-14.8,18.6,-569.600024,294.399994,-275.200012,0.0,,,-275.20003,0.0,-275.200012,0.0,,-275.200012,-275.200012,,900.0,-0.305,-0.305,-0.305,900.0,-0.305,-0.305,-0.305,
07/01/1994,5230.399902,4367.299805,,,,863.100014,0.0,,,-3694.600037,3190.800049,503.799988,,-1062.800003,,,,,,,,,471.600006,-14.1,22.6,480.100006,-78.099998,402.0,0.0,,,402.000008,0.0,402.0,0.0,,402.0,402.0,,900.0,0.445,0.445,,900.0,0.445,0.445,0.445,
09/30/1994,5393.899902,4501.700195,,,,892.200001,0.0,,,-4134.100098,3616.100098,518.0,,-1082.600021,,,,,,,,,177.199997,-15.7,0.0,161.499997,32.400002,193.899994,0.0,,,193.899999,0.0,193.899994,0.0,,193.899994,193.899994,,899.599976,0.215,0.215,,899.599976,0.215,0.215,0.215,
12/31/1994,5606.899902,4692.600098,,,,914.299977,0.0,,,-4091.599945,3586.699951,504.899994,,-1150.099991,,,,,,,,,365.100006,-14.8,-194.899994,155.400012,7.7,163.100006,0.0,,,163.100012,0.0,163.100006,0.0,,163.100006,163.100006,,899.0,0.185,0.185,0.295,899.0,0.185,0.185,0.295,
03/31/1995,5573.399902,4620.399902,,,,952.999985,0.0,,,-3843.799927,3203.899902,639.900024,,-1051.500023,,,,,,,,,677.099976,-14.7,29.799999,692.199975,-150.5,541.700012,0.0,,,541.699975,0.0,541.700012,0.0,,541.700012,541.700012,,898.400024,0.605,0.605,0.505,898.400024,0.605,0.605,0.505,
06/30/1995,5671.100098,4659.899902,,,,1011.200027,0.0,,,-4030.599975,3449.199951,581.400024,,-1105.199974,,,,,,,,,532.299988,-21.200001,172.699997,683.799984,-164.699997,519.099976,0.0,,,519.099987,0.0,519.099976,0.0,,519.099976,519.099976,,897.799988,0.575,0.575,0.39,897.799988,0.575,0.575,0.39,
09/30/1995,5699.100098,4732.0,,,,967.100025,0.0,,,-4003.499878,3457.899902,545.599976,,-1089.000023,,,,,,,,,606.599976,-18.4,6.0,594.199976,-148.5,445.700012,0.0,,,445.699976,0.0,445.700012,0.0,,445.700012,445.700012,,896.200012,0.5,0.5,0.45,896.200012,0.5,0.5,0.45,
12/31/1995,6008.399902,4895.700195,,,,1112.700027,0.0,,,-4191.099976,3577.0,614.099976,,-1140.299973,,,,,,,,,677.0,-17.700001,-152.5,506.799999,-109.300003,397.5,0.0,,,397.499996,0.0,397.5,0.0,,397.5,397.5,,900.0,0.44,0.44,0.425,900.0,0.44,0.44,0.425,
03/31/1996,5903.0,4852.0,,,,1051.0,0.0,,,-4237.0,3687.0,550.0,,-1122.0,,,,,,,,,544.0,-23.0,6.0,527.0,-103.0,424.0,0.0,,,424.0,0.0,424.0,0.0,,424.0,424.0,,892.632019,0.475,0.475,0.39,902.127991,0.47,0.47,0.385,
06/30/1996,6324.0,4954.0,,,,1370.0,0.0,,,-4086.0,3529.0,557.0,,-1174.0,,,,,,,,,1064.0,-22.0,8.0,1050.0,-286.0,764.0,0.0,,,764.0,0.0,764.0,0.0,,764.0,764.0,,893.567993,0.855,0.855,0.54,893.567993,0.855,0.855,0.54,
09/30/1996,6015.0,4936.0,,,,1079.0,0.0,,,-4403.0,3825.0,578.0,,-1172.0,,,,,,,,,440.0,-19.0,-118.0,303.0,-11.0,292.0,0.0,,,292.0,0.0,292.0,0.0,,292.0,292.0,,884.848022,0.33,0.33,0.295,898.461975,0.325,0.325,0.29,
12/31/1996,6057.0,4960.0,,,,1097.0,0.0,,,-4074.0,3446.0,628.0,,-1155.0,,,,,,,,,828.0,-12.0,2.0,818.0,-219.0,599.0,0.0,,,599.0,-4.0,595.0,0.0,,595.0,595.0,,888.059998,0.67,0.67,0.58,894.736022,0.665,0.665,0.575,
03/31/1997,6179.0,4915.0,,,,1264.0,0.0,,,-3951.0,3368.0,583.0,,-1120.0,,,,,,,,,1108.0,-24.0,9.0,1093.0,-317.0,776.0,0.0,,,776.0,-9.0,767.0,0.0,,767.0,767.0,,880.0,0.87,0.87,0.635,884.599976,0.865,0.865,0.63,
06/30/1997,6073.0,4998.0,,,,1075.0,0.0,,,-3972.0,3374.0,598.0,,-1172.0,,,,,,,,,929.0,-24.0,8.0,913.0,-260.0,653.0,0.0,,,653.0,-10.0,643.0,0.0,,643.0,643.0,,870.200012,0.74,0.74,0.665,874.599976,0.735,0.735,0.66,
09/30/1997,6384.0,5041.0,,,,1343.0,0.0,,,-3979.0,3395.0,584.0,,-1187.0,,,,,,,,,1218.0,-26.0,1.0,1193.0,-359.0,834.0,0.0,,,834.0,-10.0,824.0,0.0,,824.0,824.0,,865.599976,0.95,0.95,0.695,871.299988,0.945,0.945,0.69,
12/31/1997,6313.0,5152.0,,,,1161.0,0.0,,,-3849.0,3199.0,650.0,,-1247.0,,,,,,,,,1217.0,-26.0,78.0,1269.0,-388.0,881.0,0.0,,,881.0,-10.0,871.0,0.0,,871.0,871.0,,858.127991,1.015,1.015,0.805,862.375977,1.01,1.01,0.8,
03/31/1998,6450.0,5100.0,,,,1350.0,0.0,,,-3878.0,3303.0,575.0,,-1196.0,,,,,,,,,1376.0,-26.0,9.0,1359.0,-414.0,945.0,0.0,,,945.0,-9.0,936.0,0.0,,936.0,936.0,,845.200012,1.105,1.105,0.815,850.0,1.1,1.1,0.81,
06/30/1998,6539.0,5206.0,,,,1333.0,0.0,,,-4052.0,3456.0,596.0,,-1274.0,,,,,,,,,1213.0,-28.0,88.0,1273.0,-378.0,895.0,0.0,,,895.0,-10.0,885.0,0.0,,885.0,885.0,,837.299988,1.06,1.06,0.75,841.900024,1.05,1.05,0.74,
09/30/1998,6436.0,5247.0,,,,1189.0,0.0,,,-4080.0,3476.0,604.0,,-1285.0,,,,,,,,,1071.0,-28.0,0.0,1043.0,-320.0,723.0,0.0,,,723.0,-10.0,713.0,0.0,,713.0,713.0,,826.5,0.87,0.87,0.77,830.700012,0.86,0.86,0.76,
12/31/1998,6454.0,5273.0,,,,1181.0,0.0,,,-4006.0,3366.0,640.0,,-1338.0,,,,,,,,,1110.0,-30.0,0.0,1080.0,-310.0,770.0,0.0,,,770.0,-10.0,760.0,0.0,,760.0,760.0,,819.799988,0.93,0.93,0.78,823.799988,0.93,0.93,0.78,
03/31/1999,6807.0,5237.0,,,,1570.0,0.0,,,-3927.0,3321.0,606.0,,-1345.0,,,,,,,,,1535.0,-30.0,0.0,1505.0,-461.0,1044.0,0.0,,,1044.0,-9.0,1035.0,0.0,,1035.0,1035.0,,813.6,1.27,1.27,0.804,817.0,1.27,1.27,0.803,
06/30/1999,6592.0,5272.0,,,,1320.0,0.0,,,-4129.0,3531.0,598.0,,-1322.0,,,,,,,,,1141.0,-28.0,10.0,1123.0,-343.0,780.0,0.0,,,780.0,-10.0,770.0,0.0,,770.0,770.0,,807.2,0.96,0.96,0.743,810.5,0.95,0.95,0.74,
09/30/1999,6551.0,5331.0,,,,1220.0,0.0,,,-4452.0,3817.0,635.0,,-1372.0,,,,,,,,,727.0,-28.0,0.0,699.0,-199.0,500.0,0.0,,,500.0,-10.0,490.0,0.0,,490.0,490.0,,790.9,0.63,0.63,0.494,793.9,0.62,0.62,0.493,
12/31/1999,7009.0,5895.0,,,,1114.0,0.0,,,-4749.0,4010.0,739.0,,-1556.0,,,,,,,,,704.0,-43.0,-91.0,570.0,-145.0,435.0,0.0,,,425.0,,425.0,0.0,0.0,425.0,425.0,,789.1,0.54,0.54,0.65,793.8,0.54,0.54,0.63,
03/31/2000,7286.0,6012.0,,,,1274.0,0.0,,,-4883.0,4138.0,745.0,,-1528.0,,,,,,,,,863.0,-47.0,-28.0,788.0,-216.0,572.0,0.0,,,572.0,-11.0,561.0,0.0,0.0,561.0,561.0,,767.6,0.73,0.73,0.61,772.1,0.73,0.73,0.61,
06/30/2000,7183.0,5992.0,,,,1191.0,0.0,,,-4940.0,4198.0,742.0,,-1528.0,,,,,,,,,701.0,-58.0,-5.0,638.0,-168.0,470.0,0.0,,,470.0,-11.0,459.0,0.0,0.0,459.0,459.0,,742.3,0.62,0.62,0.59,747.8,0.61,0.61,0.58,
09/30/2000,7445.0,6038.0,,,,1407.0,0.0,,,-4901.0,4076.0,825.0,,-1544.0,,,,,,,,,988.0,-61.0,-18.0,909.0,-255.0,654.0,0.0,,,654.0,-10.0,644.0,0.0,0.0,644.0,644.0,,735.8,0.87,0.87,0.716,740.6,0.87,0.87,0.71,
12/31/2000,7220.0,6034.0,,,,1186.0,0.0,,,-4861.0,3983.0,878.0,,-1523.0,,,,,,,,,821.0,-63.0,-55.0,703.0,-156.0,594.0,0.0,,,547.0,,547.0,0.0,0.0,547.0,547.0,,730.3,0.75,0.75,0.78,734.3,0.74,0.74,0.78,
03/31/2001,7131.0,5962.0,,,,1169.0,0.0,,,-4868.0,4070.0,798.0,,-1506.0,,,,,,,,,734.0,-62.0,-8.0,664.0,-155.0,509.0,9.0,,,500.0,0.0,500.0,0.0,0.0,500.0,500.0,,726.6,0.69,0.72,0.83,730.3,0.68,0.71,0.78,
06/30/2001,7203.0,6079.0,,,,1124.0,0.0,,,-5427.0,4549.0,878.0,,-1541.0,,,,,,,,,213.0,-61.0,-14.0,138.0,30.0,168.0,,,,168.0,0.0,168.0,0.0,0.0,168.0,168.0,,724.6,0.23,0.25,0.32,728.5,0.23,0.25,0.32,
09/30/2001,7173.0,6177.0,,,,996.0,0.0,,,-5360.0,4474.0,886.0,,-1504.0,,,,,,,,,285.0,-63.0,-63.0,159.0,67.0,226.0,,,,226.0,0.0,226.0,0.0,0.0,226.0,226.0,,717.3,0.32,0.33,0.56,719.7,0.32,0.33,0.56,
12/31/2001,7358.0,6209.0,,,,1149.0,0.0,,,-3548.0,4439.0,-891.0,,-1599.0,,,,,,,,,2197.0,-1795.0,-123.0,279.0,-15.0,280.0,0.0,,,264.0,0.0,264.0,-7.0,-9.0,248.0,248.0,,712.3,0.37,0.37,0.36,714.7,0.37,0.37,0.35,
03/31/2002,7298.0,6242.0,,,,1056.0,,,,-5174.0,4369.0,376.0,429.0,-1525.0,,,,,,,,,596.0,-69.0,-13.0,514.0,-88.0,426.0,331.0,,,95.0,,95.0,,,95.0,95.0,,711.7,0.14,0.6,0.71,713.8,0.14,0.6,0.71,
06/30/2002,7455.0,6385.0,,,,1223.0,0.0,,,-5788.0,4493.0,872.0,423.0,-1584.0,,,,,,,,,506.0,-68.0,-35.0,403.0,-57.0,346.0,0.0,,,346.0,-2.0,344.0,0.0,0.0,344.0,344.0,,708.7,0.48,0.48,0.67,712.1,0.48,0.48,0.67,
09/30/2002,7239.0,6416.0,,,,1242.0,0.0,,,-5707.0,4391.0,852.0,464.0,-1676.0,,,,,,,,,320.0,-67.0,-40.0,213.0,0.0,250.0,0.0,,,213.0,-2.0,248.0,0.0,0.0,248.0,248.0,,705.4,0.35,0.35,0.76,708.1,0.35,0.35,0.76,
12/31/2002,7587.0,6611.0,,,,404.0,0.0,,,-4522.0,4404.0,-330.0,448.0,-1662.0,,,,,,,,,516.0,-81.0,-35.0,400.0,80.0,443.0,0.0,,,480.0,4.0,447.0,0.0,0.0,447.0,447.0,,702.6,0.63,0.63,1.45,705.6,0.63,0.63,1.44,
03/31/2003,7861.0,6638.0,,,,1223.0,,,,-5134.0,4151.0,530.0,453.0,-1769.0,,,,,,,,,958.0,-67.0,-23.0,868.0,-203.0,665.0,,,,665.0,,665.0,,,665.0,665.0,,703.3,0.95,0.95,0.95,705.2,0.94,0.94,0.94,
06/30/2003,7899.0,6679.0,,,,1220.0,,,,-5413.0,4527.0,426.0,460.0,-1689.0,,,,,,,,,795.0,-67.0,-11.0,717.0,-129.0,588.0,,,,588.0,,588.0,,,588.0,588.0,,704.0,0.84,0.84,0.84,706.6,0.84,0.84,0.84,
09/30/2003,8127.0,6768.0,,,,1359.0,0.0,,,-5397.0,4506.0,424.0,467.0,-1731.0,,,,,,,,,999.0,-70.0,-31.0,898.0,-206.0,692.0,1.0,,,691.0,0.0,691.0,0.0,0.0,691.0,691.0,,703.3,0.98,0.99,1.03,706.0,0.97,0.98,1.03,
12/31/2003,8262.0,6896.0,6302.0,2304.0,-1710.0,1364.0,0.0,,,-5185.0,4248.0,471.0,466.0,-1873.0,,,,,,,,,1204.0,-76.0,-50.0,3566.0,-308.0,770.0,14.0,,,3244.0,5.0,761.0,0.0,0.0,761.0,761.0,,703.4,1.08,1.09,1.0,707.0,1.08,1.09,1.01,
03/31/2004,8311.0,6867.0,,,,1444.0,0.0,,,-4851.0,3986.0,395.0,470.0,-1788.0,,,,,,,,,1672.0,-74.0,-14.0,1584.0,-460.0,1124.0,175.0,,,949.0,0.0,949.0,0.0,0.0,949.0,949.0,,704.5,1.35,1.6,1.47,709.2,1.34,1.59,1.46,
06/30/2004,8304.0,6964.0,,,,1340.0,0.0,,,-4879.0,4021.0,378.0,480.0,-1842.0,,,,,,,,,1583.0,-73.0,-24.0,1486.0,-452.0,1034.0,0.0,,,1034.0,0.0,1034.0,0.0,0.0,1034.0,1034.0,,700.0,1.47,1.47,1.47,704.5,1.47,1.47,1.47,
09/30/2004,8442.0,7059.0,,,,1383.0,0.0,,,-6567.0,5661.0,401.0,505.0,-1862.0,,,,,,,,,13.0,-76.0,-5.0,-68.0,0.0,56.0,0.0,,,-68.0,0.0,56.0,0.0,0.0,56.0,56.0,,692.1,0.1,0.1,0.05,696.8,0.09,0.09,0.04,
12/31/2004,8879.0,7171.0,6607.0,564.0,0.0,1708.0,0.0,,,-5165.0,4175.0,444.0,546.0,-2013.0,,,,,,,,,1701.0,-85.0,-32.0,1584.0,-442.0,1142.0,,,,1142.0,0.0,1142.0,0.0,0.0,1142.0,1142.0,,685.799988,1.65,1.65,1.46,690.700012,1.64,1.64,1.45,
03/31/2005,8705.0,7205.0,6684.0,521.0,0.0,1500.0,0.0,,,-5065.0,4063.0,411.0,591.0,-1996.0,,,,,,,,,1644.0,-84.0,-22.0,1538.0,-415.0,1123.0,,,,1123.0,0.0,1123.0,0.0,0.0,1123.0,1123.0,,677.7,1.66,1.66,0.01,683.1,1.64,1.64,1.65,
06/30/2005,8791.0,7235.0,6736.0,499.0,0.0,1556.0,0.0,,,-5102.0,4114.0,403.0,585.0,-1954.0,,,,,,,,,1735.0,-82.0,-12.0,1641.0,-492.0,1149.0,,,,1149.0,0.0,1149.0,0.0,0.0,1149.0,1149.0,,666.5,1.72,1.72,1.67,672.6,1.71,1.71,1.66,
09/30/2005,8942.0,7286.0,6781.0,505.0,0.0,1656.0,0.0,,,-9532.0,8529.0,395.0,608.0,-1873.0,,,,,,,,,-2463.0,-85.0,-14.0,-2562.0,1014.0,-1548.0,,,,-1548.0,0.0,-1548.0,0.0,0.0,-1548.0,-1548.0,,654.8,-2.36,-2.36,-0.16,654.8,-2.36,-2.36,-2.52,
12/31/2005,8945.0,7362.0,,,,1583.0,0.0,,,-5494.0,4469.0,406.0,619.0,-1895.0,,,,,,,,,1556.0,-79.0,-6.0,1471.0,-430.0,1041.0,0.0,,,1041.0,0.0,1041.0,0.0,0.0,1041.0,1041.0,,648.1,1.61,1.61,1.5,653.0,1.59,1.59,1.49,
03/31/2006,9081.0,7371.0,6876.0,495.0,0.0,1710.0,0.0,,,-4866.0,3873.0,373.0,620.0,-1918.0,,,,,,,,,2297.0,-81.0,-160.0,2056.0,-641.0,1415.0,,,,1415.0,0.0,1415.0,0.0,0.0,1415.0,1415.0,,643.2,2.2,2.2,2.02,647.4,2.19,2.19,2.01,
06/30/2006,8875.0,7375.0,6860.0,515.0,0.0,1500.0,0.0,,,-5020.0,3994.0,374.0,652.0,-1970.0,,,,,,,,,1885.0,-90.0,-47.0,1748.0,-541.0,1207.0,,,,1207.0,0.0,1207.0,0.0,0.0,1207.0,1207.0,,634.1,1.91,1.91,2.01,638.5,1.89,1.89,2.0,
09/30/2006,8738.0,7245.0,6801.0,444.0,0.0,1493.0,0.0,,,-5067.0,4012.0,388.0,667.0,-1886.0,,,,,,,,,1785.0,-90.0,-53.0,1642.0,-484.0,1158.0,,,,1158.0,0.0,1158.0,0.0,0.0,1158.0,1158.0,,629.0,1.84,1.84,1.89,633.9,1.83,1.83,1.88,
12/31/2006,9102.0,7342.0,6832.0,510.0,0.0,1760.0,0.0,,,-5243.0,4138.0,435.0,670.0,-2016.0,,,,,,,,,1843.0,-96.0,-15.0,1732.0,-519.0,1213.0,,,,1213.0,0.0,1213.0,0.0,0.0,1213.0,1213.0,,624.0,1.94,1.94,1.81,629.4,1.93,1.93,1.78,
03/31/2007,9331.0,7289.0,6806.0,483.0,0.0,2042.0,0.0,,,-5194.0,4117.0,428.0,649.0,-1880.0,,,,,,,,,2257.0,-72.0,1.0,2186.0,-691.0,1495.0,,,,1495.0,0.0,1495.0,0.0,0.0,1495.0,1495.0,,616.8,2.42,2.42,1.94,621.6,2.41,2.41,1.93,
06/30/2007,9455.0,7276.0,6822.0,454.0,0.0,2179.0,0.0,,,-5376.0,4317.0,386.0,673.0,-1950.0,,,,,,,,,2129.0,-83.0,-2.0,2044.0,-641.0,1403.0,,,,1403.0,0.0,1403.0,0.0,0.0,1403.0,1403.0,,604.1,2.33,2.33,1.77,608.8,2.3,2.3,1.76,
09/30/2007,8992.0,7268.0,6819.0,449.0,0.0,1724.0,0.0,,,-5565.0,4509.0,371.0,685.0,-1955.0,,,,,,,,,1472.0,-90.0,4.0,1386.0,-408.0,978.0,,,,978.0,0.0,978.0,0.0,0.0,978.0,978.0,,581.1,1.7,1.7,1.54,585.1,1.7,1.7,1.54,
12/31/2007,8991.0,7266.0,6786.0,480.0,0.0,1725.0,0.0,,,-5802.0,4724.0,404.0,674.0,-1165.0,,,,,,,,,2024.0,-88.0,-42.0,1894.0,-277.0,1617.0,,,,1617.0,0.0,1617.0,0.0,0.0,1617.0,1617.0,,568.4,1.38,1.38,1.25,571.9,1.36,1.36,1.24,
03/31/2008,8087.0,7216.0,6764.0,452.0,0.0,871.0,0.0,,,-5697.0,4676.0,397.0,624.0,-1867.0,,,,,,,,,523.0,-88.0,-8.0,427.0,-79.0,348.0,,,,348.0,0.0,348.0,0.0,0.0,348.0,348.0,,558.9,0.62,0.62,1.34,561.6,0.62,0.62,1.33,
06/30/2008,7418.0,7221.0,6750.0,471.0,0.0,197.0,0.0,,,-5734.0,4776.0,395.0,563.0,-1687.0,,,,,,,,,-3.0,-88.0,5.0,-86.0,111.0,25.0,,,,25.0,0.0,25.0,0.0,0.0,25.0,25.0,,549.6,0.05,0.05,1.24,552.9,0.05,0.05,1.24,
09/30/2008,7320.0,7253.0,6785.0,468.0,0.0,67.0,0.0,,,-6975.0,5971.0,418.0,586.0,-1794.0,,,,,,,,,-1449.0,-88.0,-7.0,-1544.0,621.0,-923.0,,,,-923.0,0.0,-923.0,0.0,0.0,-923.0,-923.0,,540.1,-1.71,-1.71,-0.35,540.1,-1.71,-1.71,-0.35,
12/31/2008,6569.0,7172.0,6668.0,504.0,0.0,-603.0,0.0,,,-5681.0,4641.0,402.0,638.0,-1677.0,,,,,,,,,-789.0,-87.0,-19.0,-883.0,693.0,-190.0,,,,-190.0,0.0,-190.0,0.0,0.0,-190.0,-190.0,,536.1,-2.11,-2.11,0.97,536.1,-2.11,-2.11,0.97,
03/31/2009,7883.0,7066.0,6582.0,484.0,0.0,817.0,0.0,0.0,0.0,-5686.0,4720.0,387.0,579.0,-2198.0,1627.0,678.0,949.0,569.0,121.0,448.0,2.0,-42.0,-43.0,-88.0,0.0,-131.0,-143.0,-274.0,0.0,0.0,0.0,-274.0,,-274.0,,0.0,-274.0,-734.0,-460.0,538.9,-0.51,-0.51,-1.362034,538.9,-0.51,-0.51,-1.363591,
06/30/2009,8490.0,7054.0,6560.0,494.0,0.0,1436.0,0.0,0.0,0.0,-5970.0,5002.0,407.0,561.0,-1931.0,1531.0,591.0,940.0,394.0,105.0,289.0,6.0,-31.0,558.0,-97.0,0.0,461.0,-72.0,389.0,0.0,0.0,0.0,389.0,,389.0,0.0,0.0,389.0,631.0,242.0,539.8,0.72,0.72,1.168951,540.6,0.72,0.72,1.167651,
09/30/2009,7582.0,7017.0,6535.0,482.0,0.0,565.0,0.0,0.0,0.0,-5451.0,4573.0,382.0,496.0,-1767.0,1585.0,642.0,943.0,179.0,99.0,80.0,3.0,-33.0,331.0,-106.0,0.0,225.0,-4.0,221.0,0.0,0.0,0.0,221.0,,221.0,0.0,0.0,221.0,-93.0,-314.0,539.9,0.41,0.41,-0.172254,541.5,0.41,0.41,-0.172254,
12/31/2009,8058.0,7015.0,6517.0,498.0,0.0,1043.0,0.0,0.0,0.0,-5382.0,4451.0,441.0,490.0,-1865.0,1605.0,648.0,957.0,195.0,105.0,90.0,65.0,-17.0,794.0,-101.0,0.0,693.0,-175.0,518.0,0.0,0.0,0.0,518.0,,518.0,0.0,0.0,518.0,500.35,-17.65,539.9,0.96,0.96,0.926746,542.1,0.96,0.96,0.926746,
03/31/2010,7749.0,7047.0,6503.0,544.0,0.0,702.0,0.0,0.0,0.0,-5697.0,4792.0,442.0,463.0,-1843.0,1629.0,704.0,925.0,209.0,120.0,89.0,5.0,-10.0,199.0,-92.0,0.0,107.0,13.0,120.0,0.0,0.0,0.0,120.0,,120.0,0.0,0.0,120.0,-110.0,-230.0,540.5,0.22,0.22,-0.203515,541.8,0.22,0.22,-0.204511,
06/30/2010,7656.0,7058.0,6513.0,545.0,0.0,598.0,0.0,0.0,0.0,-5649.0,4714.0,485.0,450.0,-1738.0,1578.0,664.0,914.0,151.0,116.0,35.0,9.0,-11.0,258.0,-92.0,0.0,166.0,-21.0,145.0,0.0,0.0,0.0,145.0,,145.0,0.0,0.0,145.0,-148.0,-293.0,540.7,0.27,0.27,-0.273719,543.0,0.27,0.27,-0.273719,
09/30/2010,7908.0,7047.0,6499.0,548.0,0.0,861.0,0.0,0.0,0.0,-5493.0,4603.0,445.0,445.0,-1834.0,1621.0,706.0,915.0,209.0,118.0,91.0,4.0,0.0,581.0,-91.0,0.0,490.0,-123.0,367.0,0.0,0.0,0.0,367.0,,367.0,0.0,0.0,367.0,268.0,-99.0,540.9,0.68,0.68,0.495471,543.0,0.68,0.68,0.495471,
12/31/2010,8087.0,6973.0,6442.0,531.0,0.0,1114.0,,,,-5734.0,4842.0,443.0,449.0,-1900.0,1650.0,726.0,924.0,201.0,115.0,86.0,49.0,2.0,455.0,-92.0,0.0,363.0,-67.0,296.0,0.0,0.0,0.0,296.0,,296.0,0.0,0.0,296.0,365.0,69.0,539.5,0.55,0.55,0.676552,542.0,0.55,0.55,0.676552,
03/31/2011,8095.0,7017.0,6448.0,569.0,0.0,1078.0,0.0,0.0,0.0,-5348.0,4476.0,454.0,418.0,-1889.0,1634.0,730.0,904.0,279.0,132.0,147.0,-24.0,-32.0,826.0,-92.0,0.0,734.0,-215.0,519.0,0.0,0.0,0.0,519.0,,519.0,0.0,0.0,519.0,602.0,83.0,531.0,0.98,0.98,1.13371,533.6,0.97,0.97,1.125547,
06/30/2011,8081.0,7004.0,6457.0,547.0,0.0,1077.0,0.0,0.0,0.0,-7194.0,6355.0,422.0,417.0,-1828.0,1593.0,726.0,867.0,228.0,135.0,93.0,7.0,-4.0,-945.0,-91.0,0.0,-1036.0,412.0,-624.0,0.0,0.0,0.0,-624.0,,-624.0,0.0,0.0,-624.0,-599.0,25.0,523.1,-1.19,-1.19,-1.145097,523.1,-1.19,-1.19,-1.145097,
09/30/2011,8242.0,6984.0,6432.0,552.0,0.0,1258.0,0.0,0.0,0.0,-5992.0,5132.0,455.0,405.0,-1934.0,1601.0,735.0,866.0,309.0,129.0,180.0,24.0,-5.0,311.0,-92.0,0.0,219.0,-44.0,175.0,0.0,0.0,0.0,175.0,,175.0,0.0,0.0,175.0,336.0,161.0,512.0,0.34,0.34,0.65625,514.2,0.34,0.34,0.653108,
12/31/2011,8236.0,7175.0,6605.0,570.0,0.0,1061.0,0.0,0.0,0.0,-5033.0,4198.0,430.0,405.0,-2064.0,1793.0,913.0,880.0,237.0,159.0,78.0,34.0,-13.0,1126.0,-92.0,0.0,1034.0,-322.0,712.0,0.0,0.0,0.0,712.0,,712.0,0.0,0.0,712.0,756.0,44.0,504.5,1.41,1.41,1.498513,506.8,1.4,1.4,1.45,
03/31/2012,8362.0,7183.0,6630.0,553.0,0.0,1179.0,0.0,0.0,0.0,-5156.0,4339.0,439.0,378.0,-1996.0,1762.0,884.0,878.0,243.0,142.0,101.0,-9.0,-3.0,1207.0,-95.0,0.0,1112.0,-346.0,766.0,0.0,0.0,0.0,766.0,,766.0,0.0,0.0,766.0,863.0,97.0,498.7,1.54,1.54,1.730499,501.5,1.53,1.53,1.42,
06/30/2012,8278.0,7225.0,6666.0,559.0,0.0,1053.0,,0.0,0.0,-5638.0,4810.0,462.0,366.0,-1938.0,1712.0,847.0,865.0,212.0,135.0,77.0,14.0,-7.0,695.0,-93.0,0.0,602.0,-179.0,423.0,0.0,0.0,0.0,423.0,,423.0,0.0,0.0,423.0,444.55,21.55,490.6,0.86,0.86,0.906135,493.8,0.86,0.86,0.903641,
09/30/2012,8128.0,7260.0,6697.0,563.0,0.0,868.0,0.0,0.0,0.0,-4961.0,4293.0,453.0,215.0,-2026.0,1736.0,866.0,870.0,293.0,147.0,146.0,-3.0,0.0,1141.0,-93.0,0.0,1048.0,-325.0,723.0,0.0,0.0,0.0,723.0,,723.0,0.0,0.0,723.0,708.0,-15.0,485.9,1.49,1.49,1.45709,489.9,1.48,1.48,1.449382,
12/31/2012,8547.0,7310.0,6744.0,566.0,0.0,1237.0,,,,-5863.0,5042.0,464.0,357.0,-2042.0,1809.0,939.0,870.0,223.0,152.0,71.0,10.0,-6.0,636.0,-92.0,0.0,544.0,-150.0,394.0,0.0,0.0,0.0,394.0,,394.0,,0.0,394.0,521.0,127.0,482.2,0.82,0.82,1.080465,487.0,0.81,0.81,0.59,
03/31/2013,8463.0,7349.0,6770.0,579.0,0.0,1114.0,0.0,0.0,0.0,-5263.0,4460.0,458.0,345.0,-2048.0,1828.0,957.0,871.0,223.0,148.0,75.0,-3.0,-24.0,1128.0,-98.0,0.0,1030.0,-321.0,709.0,0.0,0.0,0.0,709.0,0.0,709.0,0.0,0.0,709.0,799.0,90.0,475.4,1.49,1.49,1.68069,480.8,1.47,1.47,1.35,
06/30/2013,8787.0,7441.0,6862.0,579.0,0.0,1346.0,0.0,0.0,0.0,-5523.0,4741.0,471.0,311.0,-2051.0,1833.0,943.0,890.0,211.0,140.0,71.0,7.0,-500.0,713.0,-99.0,0.0,614.0,-180.0,434.0,0.0,0.0,0.0,434.0,0.0,434.0,0.0,0.0,434.0,993.0,559.0,468.3,0.93,0.93,2.120436,473.8,0.92,0.92,1.14,
09/30/2013,8465.0,7556.0,6972.0,584.0,0.0,909.0,0.0,0.0,0.0,-5242.0,4427.0,498.0,317.0,-1963.0,1839.0,910.0,929.0,229.0,132.0,97.0,-105.0,-668.0,592.0,-83.0,0.0,509.0,-193.0,316.0,0.0,0.0,0.0,316.0,0.0,316.0,-6.0,0.0,310.0,759.0,449.0,461.1,0.67,0.67,1.646064,467.1,0.66,0.66,1.53,
12/31/2013,8792.0,7624.0,7014.0,610.0,0.0,1168.0,0.0,0.0,0.0,-5078.0,4283.0,490.0,305.0,-2327.0,1926.0,942.0,984.0,230.0,145.0,85.0,171.0,-57.0,1330.0,-87.0,0.0,1243.0,-422.0,821.0,0.0,0.0,0.0,821.0,0.0,821.0,-11.0,0.0,810.0,955.0,145.0,452.8,1.79,1.79,2.109099,459.6,1.76,1.76,1.7,
03/31/2014,8684.0,7671.0,7064.0,607.0,0.0,1013.0,0.0,0.0,0.0,-5554.0,4759.0,488.0,307.0,-2129.0,1929.0,968.0,961.0,192.0,118.0,74.0,8.0,-65.0,936.0,-87.0,0.0,849.0,-249.0,600.0,0.0,0.0,0.0,600.0,0.0,600.0,-13.0,0.0,587.0,633.0,46.0,446.4,1.31,1.31,1.418011,452.8,1.3,1.3,1.3,
06/30/2014,8860.0,7722.0,7204.0,518.0,0.0,1138.0,0.0,0.0,0.0,-5767.0,5142.0,413.0,212.0,-2058.0,1870.0,901.0,969.0,178.0,112.0,66.0,10.0,4.0,1039.0,-84.0,0.0,955.0,-310.0,645.0,0.0,0.0,0.0,645.0,0.0,645.0,-31.0,0.0,614.0,745.0,131.0,434.3,1.41,1.41,1.715404,440.7,1.39,1.39,1.01,
09/30/2014,8936.0,7819.0,7307.0,512.0,0.0,1117.0,0.0,0.0,0.0,-5540.0,4909.0,433.0,198.0,-2098.0,1920.0,948.0,972.0,173.0,115.0,58.0,5.0,-30.0,1268.0,-78.0,0.0,1190.0,-409.0,781.0,0.0,0.0,0.0,781.0,0.0,781.0,-31.0,0.0,750.0,970.95,220.95,424.5,1.77,1.77,2.287279,431.2,1.74,1.74,2.252407,
12/31/2014,8759.0,7874.0,7354.0,520.0,0.0,885.0,0.0,0.0,0.0,-5251.0,4618.0,431.0,202.0,-2191.0,1994.0,1021.0,973.0,183.0,121.0,62.0,14.0,-2.0,1315.0,-73.0,0.0,1242.0,-418.0,824.0,0.0,0.0,0.0,824.0,0.0,824.0,-29.0,0.0,795.0,865.25,70.25,420.2,1.89,1.89,2.059139,427.7,1.86,1.86,1.72,
03/31/2015,8952.0,7963.0,7426.0,537.0,0.0,989.0,0.0,0.0,0.0,-5633.0,4993.0,441.0,199.0,-2160.0,1962.0,962.0,1000.0,193.0,123.0,70.0,5.0,-5.0,1154.0,-73.0,0.0,1081.0,-404.0,677.0,0.0,0.0,0.0,677.0,0.0,677.0,-29.0,0.0,648.0,783.0,135.0,415.8,1.56,1.56,1.883117,422.6,1.53,1.53,1.46,
06/30/2015,8982.0,8085.0,7549.0,536.0,0.0,897.0,,,,-6218.0,5587.0,446.0,185.0,-2147.0,1955.0,934.0,1021.0,183.0,118.0,65.0,9.0,-18.0,599.0,-73.0,0.0,526.0,-171.0,355.0,0.0,0.0,0.0,355.0,0.0,355.0,-29.0,0.0,326.0,408.0,82.0,407.0,0.8,0.8,1.002457,412.6,0.79,0.79,0.63,
09/30/2015,9028.0,8188.0,7650.0,538.0,0.0,840.0,0.0,0.0,0.0,-5909.0,5255.0,460.0,194.0,-2084.0,1896.0,867.0,1029.0,175.0,112.0,63.0,13.0,-7.0,1028.0,-73.0,0.0,955.0,-305.0,650.0,0.0,0.0,0.0,650.0,0.0,650.0,-29.0,0.0,621.0,647.85,26.85,397.0,1.56,1.56,1.631864,402.1,1.54,1.54,1.606774,
12/31/2015,8691.0,8231.0,7684.0,547.0,0.0,460.0,0.0,0.0,0.0,-5838.0,5199.0,456.0,183.0,-2054.0,1116.0,,1116.0,175.0,112.0,63.0,763.0,-6.0,793.0,-73.0,0.0,720.0,-231.0,489.0,0.0,0.0,0.0,489.0,0.0,489.0,-29.0,0.0,460.0,305.0,-155.0,385.0,1.19,1.19,0.792208,390.2,1.18,1.18,0.782768,
03/31/2016,8871.0,8289.0,7723.0,566.0,0.0,582.0,0.0,0.0,0.0,-6329.0,5684.0,455.0,190.0,-2111.0,1909.0,853.0,1056.0,196.0,123.0,73.0,6.0,-3.0,428.0,-73.0,0.0,355.0,-109.0,246.0,0.0,0.0,0.0,246.0,0.0,246.0,-29.0,0.0,217.0,125.25,-91.75,378.1,0.57,0.57,0.331262,382.9,0.57,0.57,0.331262,
06/30/2016,9164.0,8378.0,7814.0,564.0,0.0,786.0,0.0,0.0,0.0,-6540.0,5901.0,454.0,185.0,-2166.0,1969.0,912.0,1057.0,190.0,121.0,69.0,7.0,-10.0,448.0,-72.0,0.0,376.0,-105.0,271.0,0.0,0.0,0.0,271.0,0.0,271.0,-29.0,0.0,242.0,268.15,26.15,373.6,0.65,0.65,0.717746,378.1,0.64,0.64,0.62,
09/30/2016,9221.0,8440.0,7869.0,571.0,0.0,781.0,0.0,0.0,0.0,-6220.0,5553.0,484.0,183.0,-2159.0,1956.0,888.0,1068.0,196.0,126.0,70.0,7.0,-4.0,838.0,-73.0,0.0,765.0,-245.0,520.0,0.0,0.0,0.0,520.0,0.0,520.0,-29.0,0.0,491.0,472.25,-18.75,371.5,1.32,1.32,1.271198,375.9,1.31,1.31,1.26012,
12/31/2016,9278.0,8475.0,7901.0,574.0,0.0,803.0,0.0,0.0,0.0,-5715.0,5083.0,464.0,168.0,-2220.0,2173.0,804.0,1369.0,-147.0,-147.0,,194.0,-8.0,1335.0,-77.0,0.0,1258.0,-418.0,840.0,0.0,0.0,0.0,840.0,0.0,840.0,-29.0,0.0,811.0,808.2,-2.8,368.0,2.2,2.2,2.196196,372.5,2.18,2.18,2.172483,
03/31/2017,9644.0,8552.0,7959.0,593.0,0.0,882.0,210.0,0.0,210.0,-6063.0,5416.0,474.0,173.0,-2476.0,2220.0,1130.0,1090.0,237.0,162.0,75.0,19.0,-8.0,1097.0,-85.0,0.0,1012.0,-317.0,695.0,0.0,0.0,0.0,695.0,0.0,695.0,-29.0,0.0,666.0,587.1,-78.9,365.7,1.82,1.82,1.605414,371.3,1.79,1.79,1.577503,
06/30/2017,9813.0,8609.0,8018.0,591.0,0.0,978.0,226.0,0.0,226.0,-6350.0,5689.0,486.0,175.0,-2488.0,2259.0,1156.0,1103.0,227.0,158.0,69.0,2.0,-41.0,934.0,-83.0,0.0,851.0,-272.0,579.0,0.0,0.0,0.0,579.0,0.0,579.0,-29.0,0.0,550.0,526.0,-24.0,363.6,1.51,1.51,1.446645,369.0,1.49,1.49,1.424959,
09/30/2017,9888.0,8714.0,8121.0,593.0,0.0,946.0,228.0,0.0,228.0,-6175.0,5545.0,456.0,174.0,-2646.0,2144.0,1084.0,1060.0,216.0,156.0,60.0,286.0,-13.0,1054.0,-83.0,0.0,971.0,-305.0,666.0,0.0,0.0,0.0,666.0,0.0,666.0,-29.0,0.0,637.0,580.1,-56.9,361.3,1.76,1.76,1.605591,367.1,1.74,1.74,1.585001,
12/31/2017,10062.0,8803.0,8202.0,601.0,0.0,1040.0,219.0,0.0,219.0,-5954.0,5279.0,507.0,168.0,-2715.0,2133.0,680.0,1453.0,36.0,6.0,30.0,546.0,-152.0,1241.0,-84.0,0.0,1157.0,92.0,1249.0,0.0,0.0,0.0,1249.0,0.0,1249.0,-29.0,0.0,1220.0,765.8,-454.2,357.5,3.41,3.41,2.142098,363.8,3.35,3.35,2.101512,
03/31/2018,9770.0,8902.0,8286.0,616.0,0.0,652.0,216.0,0.0,216.0,-5794.0,5129.0,504.0,161.0,-2612.0,2359.0,1161.0,1198.0,237.0,162.0,75.0,16.0,-18.0,1346.0,-83.0,0.0,1263.0,-257.0,1006.0,0.0,0.0,0.0,1006.0,0.0,1006.0,-29.0,0.0,977.0,1095.01,118.01,354.1,2.76,2.76,3.092375,359.9,2.71,2.71,3.037897,
06/30/2018,10099.0,9072.0,8460.0,612.0,0.0,799.0,228.0,0.0,228.0,-6425.0,5777.0,483.0,165.0,-2670.0,2437.0,1214.0,1223.0,260.0,164.0,96.0,-27.0,-21.0,983.0,-86.0,0.0,897.0,-180.0,717.0,0.0,0.0,0.0,717.0,0.0,717.0,-39.0,0.0,678.0,735.17,57.17,349.2,1.94,1.94,2.105298,354.6,1.91,1.91,2.071224,
09/30/2018,10465.0,9207.0,8595.0,612.0,0.0,1020.0,238.0,0.0,238.0,-6466.0,5805.0,498.0,163.0,-2727.0,2888.0,1637.0,1251.0,159.0,95.0,64.0,-320.0,-12.0,1260.0,-82.0,0.0,1178.0,-199.0,979.0,0.0,0.0,0.0,979.0,0.0,979.0,-37.0,0.0,942.0,779.27,-162.73,346.0,2.72,2.72,2.252225,351.7,2.68,2.68,2.217305,
12/31/2018,9481.0,9332.0,8707.0,625.0,0.0,-108.0,257.0,0.0,257.0,-6720.0,6067.0,488.0,165.0,-3380.0,2594.0,1328.0,1266.0,250.0,180.0,70.0,536.0,-10.0,-629.0,-81.0,0.0,-710.0,168.0,-542.0,0.0,0.0,0.0,-542.0,0.0,-542.0,-43.0,0.0,-585.0,165.48,750.48,341.9,-1.71,-1.71,0.484001,347.1,-1.71,-1.71,0.452143,
03/31/2019,10990.0,9430.0,8802.0,628.0,0.0,1310.0,250.0,,250.0,-6479.0,5820.0,497.0,162.0,-2791.0,2513.0,1222.0,1291.0,305.0,169.0,136.0,-27.0,-17.0,1703.0,-83.0,0.0,1620.0,-328.0,1292.0,0.0,0.0,0.0,1292.0,,1292.0,-31.0,0.0,1261.0,755.22,-505.78,332.6,3.79,3.79,2.270655,337.5,3.74,3.74,2.241393,
06/30/2019,11144.0,9607.0,8986.0,621.0,0.0,1266.0,271.0,0.0,271.0,-7023.0,6356.0,511.0,156.0,-2899.0,2515.0,1218.0,1297.0,267.0,170.0,97.0,117.0,-62.0,1160.0,-82.0,0.0,1078.0,-227.0,851.0,0.0,0.0,0.0,851.0,0.0,851.0,-30.0,0.0,821.0,643.11,-177.89,332.0,2.47,2.47,1.937078,336.9,2.44,2.44,1.91198,
09/30/2019,11069.0,9719.0,9094.0,625.0,0.0,1077.0,273.0,0.0,273.0,-6733.0,6051.0,513.0,169.0,-3096.0,2968.0,1662.0,1306.0,204.0,84.0,120.0,-76.0,0.0,1240.0,-80.0,0.0,1160.0,-229.0,931.0,0.0,0.0,0.0,931.0,0.0,931.0,-42.0,0.0,889.0,742.0,-147.0,327.7,2.71,2.71,2.264266,333.0,2.67,2.67,2.228559,
12/31/2019,11472.0,9821.0,9194.0,627.0,0.0,1391.0,260.0,,260.0,-6420.0,5749.0,518.0,153.0,-2677.0,2654.0,1356.0,1298.0,244.0,160.0,84.0,-221.0,-62.0,2313.0,-82.0,0.0,2231.0,-458.0,1773.0,0.0,0.0,0.0,1773.0,0.0,1773.0,-66.0,0.0,1707.0,1230.06,-476.94,320.7,5.32,5.32,3.835547,326.3,5.23,5.23,3.768339,
03/31/2020,10076.0,9852.0,9235.0,617.0,0.0,-41.0,265.0,0.0,265.0,-5974.0,5341.0,501.0,132.0,-3146.0,2566.0,1246.0,1320.0,296.0,165.0,131.0,284.0,-214.0,742.0,-81.0,0.0,661.0,-112.0,549.0,0.0,0.0,0.0,549.0,0.0,549.0,-36.0,0.0,513.0,870.95,357.95,317.4,1.62,1.62,2.744014,322.4,1.59,1.59,2.700267,
06/30/2020,11197.0,9827.0,9223.0,604.0,0.0,1113.0,257.0,0.0,257.0,-5919.0,5222.0,497.0,200.0,-2902.0,2579.0,1270.0,1309.0,8.0,7.0,1.0,315.0,-751.0,1625.0,-79.0,0.0,1546.0,-296.0,1250.0,0.0,0.0,0.0,1250.0,0.0,1250.0,-26.0,0.0,1224.0,733.06,-490.94,313.7,3.9,3.9,2.336819,317.0,3.86,3.86,2.311293,
09/30/2020,10788.0,,,,,,,,,,,,,,,,,,,,,,1061.2,,,1360.25,,1186.857,,,,,,1186.857,,,1186.857,1365.667,,,3.514,3.514,3.889,,3.514,3.514,3.889,
12/31/2020,10974.0,,,,,,,,,,,,,,,,,,,,,,1020.8,,,1283.5,,1037.571,,,,,,1037.571,,,1037.571,1084.333,,,3.298,3.298,3.405,,3.298,3.298,3.405,
