Date,Revenue,Sales & Services Revenue,Cost of Revenue,Cost of Goods & Services,Gross Profit,Other Operating Income,Operating Expenses,"Selling, General & Admin",Selling & Marketing,General & Administrative,Research & Development,Other Operating Expense,Operating Income (Loss),Non-Operating (Income) Loss,"Interest Expense, Net",Interest Expense,Interest Income,Foreign Exch (Gain) Loss,(Income) Loss from Affiliates,Other Non-Op (Income) Loss,Pretax Income,Income Tax Expense (Benefit),Income (Loss) from Cont Ops,Net Extraordinary Losses (Gains),Discontinued Operations,XO & Accounting Changes,Income (Loss) Incl. MI,Minority Interest,"Net Income, GAAP",Preferred Dividends,Other Adjustments,"Net Income Avail to Common, GAAP","Net Income Avail to Common, Adj",Net Abnormal Losses (Gains),Basic Weighted Avg Shares,"Basic EPS, GAAP",Basic EPS from Cont Ops,"Basic EPS from Cont Ops, Adjusted",Diluted Weighted Avg Shares,"Diluted EPS, GAAP",Diluted EPS from Cont Ops,"Diluted EPS from Cont Ops, Adjusted",Source: Bloomberg
01/28/1990,138.835007,,-72.926003,,65.909004,,-47.348999,,,,,,18.559999,-0.632,,1.254,,0.0,,-0.622,17.927999,-6.813,11.115,0.0,,,11.114999,0.0,11.115,0.0,,11.115,11.115,,1078.848022,0.010313,0.010313,,1078.848022,0.010313,0.010313,0.010313,
04/29/1990,143.069,,-74.994003,,68.074997,,-49.855,,,,,,18.219999,-1.349,,1.765,,0.0,,-0.416,16.870999,-6.411,10.46,0.0,,,10.46,0.0,10.46,0.0,,10.46,10.46,,1085.248047,0.009688,0.009688,,1085.248047,0.009688,0.009688,0.009688,
07/29/1990,144.244003,,-75.261002,,68.983002,,-53.272999,,,,,,15.71,-1.177,,1.755,,0.0,,-0.578,14.533,-5.029,9.504,0.0,,,9.504,0.0,9.504,0.0,,9.504,9.504,,1108.095947,0.008594,0.008594,,1108.095947,0.008594,0.008594,0.008594,
10/28/1990,140.981995,,-78.82,,62.161995,,-55.702,,,,,,6.46,-1.708,,1.943,,0.0,,-0.235,4.752,-1.758,2.994,0.0,,,2.994,0.0,2.994,0.0,,2.994,2.994,,1066.079936,0.002656,0.002656,0.002656,1066.079936,0.002656,0.002656,0.002656,
01/27/1991,144.574997,,-84.064003,,60.510994,,-51.622002,,,,,,8.889,-2.147,,2.382,,0.0,,-0.235,6.742,-2.495,4.247,0.0,,,4.247,0.0,4.247,0.0,,4.247,4.247,,1081.599976,0.003906,0.003906,,1081.599976,0.003906,0.003906,0.003906,
04/28/1991,166.123001,,-96.369003,,69.753998,,-54.966,,,,,,14.788,-3.223,,3.165,,0.0,,0.058,11.565,-4.279,7.286,0.0,,,7.286,0.0,7.286,0.0,,7.286,7.286,,1100.735962,0.006562,0.006562,,1100.735962,0.006562,0.006562,0.006562,
07/28/1991,167.315002,,-98.135002,,69.18,,-53.182999,,,,,,15.997,-3.673,,4.466,,0.0,,-0.793,12.324,-3.947,8.377,0.0,,,8.377,0.0,8.377,0.0,,8.377,8.377,,1115.391968,0.0075,0.0075,,1115.391968,0.0075,0.0075,0.0075,
10/27/1991,160.593002,,-91.457001,,69.136001,,-56.122002,,,,,,13.014,-3.29,,3.956,,0.0,,-0.666,9.724,-3.403,6.321,0.0,,,6.321,0.0,6.321,0.0,,6.321,6.321,,1112.063936,0.005625,0.005625,0.005625,1112.063936,0.005625,0.005625,0.005625,
01/26/1992,166.996994,,-100.057999,,66.938995,,-53.660999,,,,,,13.278,-3.577,,4.165,,0.0,,-0.588,9.701,-3.298,6.403,0.0,,,6.403,0.0,6.403,0.0,,6.403,6.403,,1115.391968,0.005781,0.005781,,1115.391968,0.005781,0.005781,0.005781,
04/26/1992,180.117996,,-107.533997,,72.584,,-56.491001,,,,,,16.093,-2.246,,3.815,,0.0,,-1.569,13.847,-4.473,9.374,0.0,,,9.374,0.0,9.374,0.0,,9.374,9.374,,1149.728027,0.008125,0.008125,,1149.728027,0.008125,0.008125,0.008125,
07/26/1992,193.789001,,-113.845001,,79.944,,-60.437,,,,,,19.507,-3.549,,3.574,,0.0,,-0.025,15.958,-5.266,10.692,0.0,,,10.692,0.0,10.692,0.0,,10.692,10.692,,1148.864014,0.009375,0.009375,,1148.864014,0.009375,0.009375,0.009375,
10/25/1992,210.479004,,-121.741997,,88.737007,,-64.989998,,,,,,23.747,-4.328,,3.653,,0.0,,0.675,19.419,-6.408,13.011,0.0,,,13.011,0.0,13.011,0.0,,13.011,13.011,,1237.248032,0.010625,0.010625,0.010625,1237.248032,0.010625,0.010625,0.010625,
01/31/1993,215.574005,,-123.967003,,91.607002,,-67.025002,,,,,,24.582001,-2.663,,3.598,,0.0,,-0.935,21.919001,-7.233,14.686,0.0,,,14.686001,0.0,14.686,0.0,,14.686,14.686,,1305.472046,0.01125,0.01125,,1305.472046,0.01125,0.01125,0.01125,
05/02/1993,255.692001,,-145.175995,,110.516006,,-74.151001,,,,,,36.365002,-3.039,,3.347,,0.0,,-0.308,33.326002,-10.998,22.327999,0.0,,,22.328002,0.0,22.327999,0.0,,22.327999,22.327999,,1312.543945,0.016875,0.016875,,1312.543945,0.016875,0.016875,0.016875,
08/01/1993,281.369995,,-155.397995,,125.972,,-80.698997,,,,,,45.272999,-3.224,,3.373,,0.0,,-0.149,42.048999,-13.876,28.173,0.0,,,28.172999,0.0,28.173,0.0,,28.173,28.173,,1320.511963,0.02125,0.02125,,1320.511963,0.02125,0.02125,0.02125,
10/31/1993,327.411011,,-179.822006,,147.589005,,-89.940002,,,,,,57.648998,-4.574,,3.888,,0.0,,0.686,53.074998,-18.566999,34.507999,0.0,,,34.507999,0.0,34.507999,0.0,,34.507999,34.507999,,1328.255984,0.02625,0.02625,0.02625,1328.255984,0.02625,0.02625,0.02625,
01/30/1994,340.449005,,-184.470001,,155.979004,,-93.002998,,,,,,62.976002,-4.347,,3.648,,0.0,,0.699,58.629002,-21.238001,37.390999,-7.0,,,44.391001,0.0,44.390999,0.0,,44.390999,44.390999,,1331.920044,0.033125,0.028125,,1331.920044,0.033125,0.028125,0.028125,
05/01/1994,411.332001,,-221.940994,,189.391006,,-103.513,,,,,,85.877998,-0.984,,3.472,,0.0,,-2.488,84.893998,-29.823,55.070999,0.0,,,55.070998,0.0,55.070999,0.0,,55.070999,55.070999,,1356.176025,0.040625,0.040625,,1356.176025,0.040625,0.040625,0.040625,
07/31/1994,440.227997,,-234.656006,,205.571991,,-113.324997,,,,,,92.247002,-2.075,,3.659,,0.0,,-1.584,90.172002,-32.035999,58.136002,0.0,,,58.136002,0.0,58.136002,0.0,,58.136002,58.136002,,1376.527954,0.0425,0.0425,,1376.527954,0.0425,0.0425,0.0425,
10/30/1994,467.798004,,-250.445007,,217.352997,,-121.332001,,,,,,96.021004,1.054,,5.183,,0.0,,-6.237,97.075004,-33.977001,63.098,0.0,,,63.098003,0.0,63.098,0.0,,63.098,63.098,,1381.280032,0.045625,0.045625,0.045625,1381.280032,0.045625,0.045625,0.045625,
01/29/1995,506.108002,,-268.096008,,238.011993,,-134.164993,,,,,,103.847,-2.604,,5.582,,0.0,,-2.978,101.243,-35.435001,65.807999,0.0,,,65.807999,0.0,65.807999,0.0,,65.807999,65.807999,,1380.927979,0.0475,0.0475,,1380.927979,0.0475,0.0475,0.0475,
04/30/1995,675.439026,,-370.428986,,305.01004,,-160.257004,,,,,,144.753006,-0.7,,5.881,,0.0,,-5.181,144.053006,-50.417999,93.635002,0.0,,,93.635007,0.0,93.635002,0.0,,93.635002,93.635002,,1387.248047,0.0675,0.0675,,1387.248047,0.0675,0.0675,0.0675,
07/30/1995,897.684021,,-489.256012,,408.428009,,-195.050995,,,,,,213.376999,0.796,,5.527,,0.0,,-6.323,214.172999,-74.960999,139.212006,0.0,,,139.212,0.0,139.212006,0.0,,139.212006,139.212006,,1422.031982,0.098125,0.098125,,1422.031982,0.098125,0.098125,0.098125,
10/29/1995,982.650024,,-524.252014,,458.39801,,-226.442993,,,,,,231.955002,7.119,,4.411,,0.0,,-11.53,239.074002,-83.676003,155.397995,0.0,,,155.397999,0.0,155.397995,0.0,,155.397995,155.397995,,1475.400024,0.105,0.105,0.105,1475.400024,0.105,0.105,0.105,
01/28/1996,1040.579956,,-543.780029,,496.799927,,-237.188995,,,,,,259.610992,4.429,,5.168,,0.0,,-9.597,264.039992,-92.414001,171.626007,0.0,,,171.625991,0.0,171.626007,0.0,,171.626007,171.626007,,1472.008057,0.11625,0.11625,0.11625,1472.008057,0.11625,0.11625,0.11625,
04/28/1996,1127.85498,,-586.564026,,541.290955,,-260.325012,,,,,,280.966003,4.912001,,4.917,,0.0,,-9.829,285.878004,-100.056999,185.820999,0.0,,,185.821005,0.0,185.820999,0.0,,185.820999,185.820999,,1469.592041,0.12625,0.12625,0.12625,1469.592041,0.12625,0.12625,0.12625,
07/28/1996,1115.42395,,-583.447998,,531.975952,,-275.902008,,,,,,256.074005,4.027,,4.812,,0.0,,-8.839,260.101005,-91.035004,169.065994,0.0,,,169.066001,0.0,169.065994,0.0,,169.065994,169.065994,,1466.871948,0.115,0.115,0.115,1466.871948,0.115,0.115,0.115,
10/27/1996,860.958008,,-481.286011,,379.671997,,-247.671997,,,,,,132.0,-19.583,,5.836,,0.0,,13.747,112.417,-39.345001,73.071999,0.0,,,73.071999,0.0,73.071999,0.0,,73.071999,73.071999,,1461.59204,0.05,0.05,0.06125,1461.59204,0.05,0.05,0.06125,
01/26/1997,835.776001,,-464.119995,,371.656006,,-242.371002,,,,,,129.285004,-51.743001,,5.8,,0.0,,45.943001,77.542003,-47.965,29.577,0.0,,,29.577003,0.0,29.577,0.0,,29.577,29.577,,1483.456055,0.02,0.02,0.06,1483.456055,0.02,0.02,0.06,
04/27/1997,900.862,,-486.845001,,414.016998,,-266.554993,,,,,,147.462006,9.663,,4.935,,0.0,,-14.598,157.125005,-54.993999,102.130997,0.0,,,102.131006,0.0,102.130997,0.0,,102.130997,102.130997,,1503.192017,0.0675,0.067499,0.0675,1503.192017,0.0675,0.0675,0.0675,
07/27/1997,1057.240967,,-558.344971,,498.895996,,-301.958008,,,,,,196.938004,90.187002,,4.851,,0.0,,-95.038002,287.125006,-100.494003,186.630997,0.0,,,186.631003,0.0,186.630997,0.0,,186.630997,186.630997,,1456.047976,0.1275,0.1275,0.09875,1516.871952,0.1225,0.1225,0.095,
10/26/1997,1280.395996,,-664.039978,,616.356018,,-323.322998,,,,,,293.03299,-15.904,,5.119,,0.0,,10.785,277.12899,-96.994003,180.134995,0.0,,,180.134987,0.0,180.134995,0.0,,180.134995,180.134995,,1531.099976,0.1175,0.1175,0.1225,1531.099976,0.1175,0.1175,0.1225,
01/25/1998,1307.685059,,-678.244019,,629.44104,,-334.485992,,,,,,294.954987,57.188002,,11.864,,0.0,,-69.052002,352.142989,-123.25,228.893005,0.0,,,228.892989,0.0,228.893005,0.0,,228.893005,228.893005,,1467.576048,0.155,0.155,0.135,1516.404052,0.15,0.15,0.13,
04/26/1998,1176.31604,,-622.026978,,554.289062,,-343.371002,,,,,,210.917999,6.345,,11.885,,0.0,,-18.23,217.262999,-76.042,141.218994,0.0,,,141.220999,0.0,141.220993,0.0,,141.220993,141.220993,,1463.74402,0.0975,0.0975,0.0975,1516.988036,0.0925,0.0925,0.0925,
07/26/1998,884.491028,,-490.10199,,394.389038,,-303.606995,,,,,,90.781998,-27.414,,11.282,,0.0,,16.132,63.367998,-15.851,47.516998,0.0,,,47.516998,0.0,47.516998,0.0,,47.516998,47.516998,,1467.767944,0.0325,0.0325,0.0475,1512.287964,0.0325,0.0325,0.0475,
10/25/1998,673.194885,,-388.158019,,285.036866,,-256.103028,,,,,,28.934005,-260.946997,,10.277998,,0.0,,250.668999,-232.012992,66.279993,-165.731002,20.996,,,-186.728999,0.0,-186.729003,0.0,,-186.729003,-186.729003,,1470.495972,-0.1275,-0.1125,-0.0025,1510.447884,-0.1275,-0.1125,-0.0025,
01/31/1999,742.477,,-421.374,,321.103,,-273.534,,,,,,47.569,32.533,-14.076,11.47,-25.546,0.0,,-18.457,80.102,-23.76,56.342,3.457,,,52.885,0.0,52.885,0.0,0.0,52.885,52.885,,1482.12,0.035,0.0375,0.0275,1552.932,0.035,0.0375,0.0275,
05/02/1999,1170.662,,-628.373,,542.289,,-346.991,,,,,,195.298,13.693,-12.511,11.753,-24.264,0.0,,-1.182,208.991,-64.497,144.494,1.182,,,143.312,0.0,143.312,0.0,0.0,143.312,143.312,,3104.52,0.045,0.045,0.045,3279.328,0.0425,0.0425,0.0425,
08/01/1999,1490.695,,-775.025,,715.67,0.0,-383.046,197.25,91.561,,,185.796,332.624,2.496,-14.784,11.952,-26.736,0.0,9.773,2.515,335.12,-106.637,228.483,-9.773,,,238.256,0.0,238.256,0.0,0.0,238.256,238.256,,3126.216,0.075,0.0775,0.0775,3296.992,0.0725,0.075,0.075,
10/31/1999,1613.57,,-813.11,,800.46,,-405.717,,,,,,394.743,-0.671,-18.338,12.238,-30.576,0.0,,19.009,394.072,-130.697,263.375,-33.044,,,296.419,0.0,296.419,0.0,,296.419,296.419,,3153.688,0.0975,0.0875,0.0875,3323.36,0.0925,0.0825,0.0825,
01/30/2000,1666.957,,-831.544,,835.413,,-391.537,,,,,,443.876,25.365,-25.365,12.119,-37.484,0.0,,0.0,469.241,-140.772,328.469,0.0,,,328.469,0.0,328.469,0.0,0.0,328.469,328.469,,1539.968,0.2125,0.2125,0.2125,1639.268,0.2,0.2,0.2,
04/30/2000,2190.031,,-1092.433,,1097.598,,-523.753,,,,,,573.845,95.971,-27.813,13.259,-41.072,0.0,,-68.158,669.816,-200.945,468.871,0.0,,,468.871,0.0,468.871,0.0,0.0,468.871,468.871,,1610.284,0.29,0.29,0.29,1722.4,0.27,0.27,0.27,
07/30/2000,2732.028,,-1340.126,,1391.902,0.0,-565.663,261.717,128.426,,,303.946,826.239,36.305,-36.305,12.665,-48.97,0.0,,0.0,862.544,-258.763,603.781,0.0,,,603.781,0.0,603.781,0.0,0.0,603.781,603.781,,1618.69,0.375,0.375,0.375,1724.142,0.35,0.35,0.35,
10/29/2000,2920.163,,-1411.256,,1508.907,,-603.45,,,,,,905.457,42.825,-42.825,13.221,-56.046,0.0,,0.0,948.282,-284.485,663.797,0.0,,,663.797,0.0,663.797,0.0,,663.797,663.797,,1626.084,0.41,0.41,0.41,1721.644,0.385,0.385,0.385,
01/28/2001,2363.254,,-1220.508,,1142.746,,-582.118,,,,,,560.628,46.763,-46.763,12.375,-59.138,0.0,,0.0,607.391,-183.167,424.224,267.399,,,156.825,0.0,156.825,0.0,0.0,156.825,156.825,,1620.874,0.095,0.26,0.26,1689.786,0.095,0.25,0.25,
04/29/2001,2139.417,,-1154.449,,984.968,,-522.121,,,,,,462.847,-16.903,-41.511,11.897,-53.408,0.0,,58.414,445.944,-127.567,318.377,0.0,,,318.377,0.0,318.377,0.0,0.0,318.377,318.377,,3245.416,0.1,0.1,0.12,3391.648,0.095,0.095,0.11,
07/29/2001,1575.904,,-920.291,,655.613,,-517.681,,,,,,137.932,29.294,-43.444,10.709,-54.153,0.0,,14.15,167.226,-52.281,114.945,0.0,,,114.945,0.0,114.945,0.0,0.0,114.945,114.945,,3259.68,0.035,0.035,0.04,3415.62,0.035,0.035,0.04,
10/28/2001,1264.673,,-795.967,,468.706,,-478.803,,,,,,-10.097,-106.662,-41.938,12.659,-54.597,,,148.6,-116.759,34.441,-82.318,,,,-82.318,,-82.318,,,-82.318,-82.318,,1632.208,-0.05,-0.05,-0.05,1632.208,-0.05,-0.05,-0.05,
01/27/2002,1000.46,,-615.008,,385.452,,-486.125,,,,,,-100.673,36.141,-36.141,11.991,-48.132,0.0,,0.0,-64.532,19.037,-45.495,0.0,,,-45.495,0.0,-45.495,0.0,0.0,-45.495,-45.495,,1636.418,-0.03,-0.03,-0.03,1636.418,-0.03,-0.03,-0.03,
04/28/2002,1156.472,,-693.732,,462.74,,-423.378,,,,,,39.362,34.44,-34.44,11.097,-45.537,0.0,,0.0,73.802,-21.772,52.03,0.0,,,52.03,0.0,52.03,0.0,0.0,52.03,52.03,,1643.317,0.03,0.03,0.03,1719.777,0.03,0.03,0.03,
07/28/2002,1459.682,,-853.539,,606.143,,-469.73,,,,,,136.413,27.03,-27.03,13.08,-40.11,0.0,,0.0,163.443,-48.216,115.227,0.0,,,115.227,0.0,115.227,0.0,0.0,115.227,115.227,,1647.181,0.07,0.07,0.07,1703.196,0.07,0.07,0.07,
10/27/2002,1445.698,,-843.372,,602.326,,-467.47,,,,,,134.856,32.942,-32.942,13.189,-46.131,0.0,,0.0,167.798,-20.556,147.242,0.0,,,147.242,0.0,147.242,0.0,0.0,147.242,147.242,,1647.38,0.09,0.09,0.09,1684.314,0.09,0.09,0.09,
01/26/2003,1054.208984,,-663.827026,,390.381958,,-408.222992,,,,,,-17.841,-75.308,,11.342,-35.372002,0.0,,99.338002,-93.149,27.479,-65.669998,0.0,,,-65.67,0.0,-65.669998,0.0,0.0,-65.669998,-65.669998,,1650.612061,-0.04,-0.04,0.0,1650.612061,-0.04,-0.04,0.0,
04/27/2003,1107.177002,,-734.403015,,372.773987,,-394.20401,,,,,,-21.43,-66.691998,,12.217,-38.256001,0.0,,92.730999,-88.121998,25.996,-62.125999,0.0,,,-62.125998,0.0,-62.125999,0.0,0.0,-62.125999,-62.125999,,1655.927002,-0.04,-0.04,0.03,1681.571045,-0.04,-0.04,0.03,
07/27/2003,1094.906982,,-654.575012,,440.33197,,-363.536987,,,,,,76.794998,-128.996003,,11.626,-46.131001,0.0,,163.501004,-52.201005,15.399,-36.801998,0.0,,,-36.802005,0.0,-36.801998,0.0,0.0,-36.801998,-36.801998,,1659.36499,-0.02,-0.02,0.05,1692.207031,-0.02,-0.02,0.05,
10/26/2003,1220.998047,,-677.627014,,543.371033,,-366.602997,,,,,,176.768005,-154.852003,,11.69,-29.341999,0.0,,172.504002,21.916002,-6.465,15.451,0.0,,,15.451002,0.0,15.451,0.0,0.0,15.451,15.451,,1671.926025,0.01,0.01,0.06,1715.762939,0.01,0.01,0.06,
02/01/2004,1555.447998,,-879.278992,,676.169006,,-411.337006,,,,,,264.832001,-147.986005,,11.8,-31.273001,0.0,,167.459006,116.845996,-34.470001,82.375999,0.0,,,82.375995,0.0,82.375999,0.0,0.0,82.375999,82.375999,,1682.025024,0.05,0.05,0.12,1735.267944,0.05,0.05,0.12,
05/02/2004,2018.10498,,-1079.463989,,938.640991,,-423.606995,,,,,,515.033997,14.537999,,11.682,-26.219999,0.0,,0.0,529.571996,-156.223999,373.347992,0.0,,,373.347997,0.0,373.347992,0.0,0.0,373.347992,373.347992,,1690.616943,0.22,0.22,0.22,1729.505981,0.22,0.22,0.22,
08/01/2004,2236.1521,,-1176.920044,,1059.232056,,-445.687988,,,,,,613.544006,11.379999,,13.489,-24.868999,0.0,,0.0,624.924005,-184.352997,440.571014,0.0,,,440.571008,0.0,440.571014,0.0,0.0,440.571014,440.571014,,1696.543945,0.26,0.26,0.26,1721.689941,0.26,0.26,0.26,
10/31/2004,2203.3479,,-1176.14502,,1027.20288,,-462.862,,,,,,564.341003,-6.433,,15.906,-36.099998,0.0,,26.626998,557.908003,-102.900002,455.007996,0.0,,,455.008001,0.0,455.007996,0.0,0.0,455.007996,455.007996,,1683.671021,0.27,0.27,0.27,1703.331055,0.27,0.27,0.27,
01/30/2005,1780.576,,-990.351,,790.225,,-408.015,,,,,,382.21,27.386,-27.386,9.272,-36.658,0.0,,0.0,409.596,-120.831,288.765,0.0,,,288.765,0.0,288.765,0.0,0.0,288.765,288.765,,1672.671,0.17,0.17,0.17,1687.14,0.17,0.17,0.17,
05/01/2005,1861.189,,-1042.759,,818.43,,-406.912,,,,,,411.518,30.634,-30.634,9.815,-40.449,0.0,,0.0,442.152,-137.322,304.83,0.0,,,304.83,0.0,304.83,0.0,0.0,304.83,304.83,,1660.584,0.18,0.18,0.18,1671.822,0.18,0.18,0.18,
07/31/2005,1631.938,,-914.849,,717.089,,-414.392,,,,,,302.697,36.61,-36.61,9.338,-45.948,0.0,,0.0,339.307,30.284,369.591,0.0,,,369.591,0.0,369.591,0.0,0.0,369.591,369.591,-132.0,1630.895,0.23,0.23,0.15,1641.818,0.23,0.23,0.15,
10/30/2005,1718.12,,-957.99,,760.13,,-408.59,,,,,,351.54,38.974,-38.974,9.394,-48.368,0.0,,0.0,390.514,-143.8,246.714,0.0,,,246.714,0.0,246.714,0.0,0.0,246.714,246.714,32.0,1617.809,0.16,0.16,0.18,1628.655,0.15,0.15,0.17,
01/29/2006,1857.592,,-1019.893,,837.699,,-478.913,206.036,100.773,,,272.877,358.786,-174.861,-39.986,8.705,-48.691,0.0,,214.847,183.925,-41.145,142.78,0.0,,,142.78,0.0,142.78,0.0,0.0,142.78,142.78,,1598.26,0.09,0.09,0.19,1608.165,0.09,0.09,0.19,
04/30/2006,2247.686,,-1203.061,,1044.625,,-485.132,,,,,,559.493,40.973,-39.395,9.235,-48.63,0.0,,-1.578,600.466,-187.652,412.814,0.0,,,412.814,0.0,412.814,0.0,0.0,412.814,412.814,38.917,1576.548,0.26,0.26,0.29,1586.404,0.26,0.26,0.29,
07/30/2006,2543.443,,-1320.089,,1223.354,,-545.219,,,,,,678.135,44.376,-41.73,8.848,-50.578,0.0,,-2.646,722.511,-210.471,512.04,0.0,,,512.04,0.0,512.04,0.0,0.0,512.04,512.04,-14.665,1550.744,0.33,0.33,0.32,1562.615,0.33,0.33,0.32,
10/29/2006,2518.293,,-1332.169,,1186.124,,-549.804,,,,,,636.32,28.088,-28.088,9.308,-37.396,0.0,,-718.172,1382.58,-211.04,449.029,0.0,,,1171.54,0.0,449.029,0.0,0.0,449.029,449.029,-24.252,1479.804,0.303438,0.303438,0.3144,1503.104,0.298734,0.298734,0.3046,
01/28/2007,2277.267,,-1214.729,,1062.538,,-516.29,228.723,106.912,,,287.567,546.248,18.976,-19.635,10.468,-30.103,0.0,-3.937,4.596,565.224,-161.748,403.476,0.0,,,403.476,0.0,403.476,0.0,0.0,403.476,403.476,,1394.71,0.29,0.29,0.28,1409.014,0.29,0.29,0.28,
04/29/2007,2529.561,,-1392.951,,1136.61,,-522.542,,,,,,614.068,-5.791,-25.177,8.845,-34.022,0.0,,30.968,608.277,-196.833,411.444,0.0,,,411.444,0.0,411.444,0.0,0.0,411.444,411.444,66.368,1391.076,0.3,0.3,0.35,1407.255,0.29,0.29,0.33,
07/29/2007,2560.984,,-1344.594,,1216.39,,-542.912,,,,,,673.478,13.429,-22.393,10.075,-32.468,0.0,,8.964,686.907,-213.392,473.515,0.0,,,473.515,0.0,473.515,0.0,0.0,473.515,473.515,20.521,1385.519,0.34,0.34,0.35,1407.264,0.34,0.34,0.35,
10/28/2007,2367.044,,-1290.139,,1076.905,,-512.772,241.894,116.27,,,270.878,564.133,15.112,-30.313,9.243,-39.556,0.0,12.162,3.039,579.245,-157.484,421.761,0.0,,,421.761,0.0,421.761,0.0,0.0,421.761,421.761,,1381.871,0.31,0.31,0.33,1403.687,0.3,0.3,0.32,
01/27/2008,2087.397,,-1152.416,,934.981,,-513.112,239.893,123.917,,,273.219,421.869,-32.547,-26.025,4.545,-30.57,0.0,-9.586,68.158,389.322,-126.946,262.376,0.0,,,262.376,0.0,262.376,0.0,0.0,262.376,262.376,,1371.245,0.19,0.19,0.23,1383.886,0.19,0.19,0.23,
04/27/2008,2149.998,,-1183.17,,966.828,,-528.567,,,,,,438.261,15.882,-26.158,6.256,-32.414,0.0,,10.276,454.143,-151.636,302.507,0.0,,,302.507,0.0,302.507,0.0,0.0,302.507,302.507,21.253,1356.705,0.22,0.22,0.24,1373.314,0.22,0.22,0.24,
07/27/2008,1848.168,,-1105.854,,742.314,,-513.844,,,,,,228.47,14.094,-20.54,4.859,-25.399,0.0,,6.446,242.564,-77.796,164.768,0.0,,,164.768,0.0,164.768,0.0,0.0,164.768,164.768,28.113,1350.526,0.12,0.12,0.14,1367.557,0.12,0.12,0.14,
10/26/2008,2043.677,,-1244.972,,798.705,,-513.763,238.541,100.131,,,275.222,284.942,37.747,-16.091,4.846,-20.937,0.0,9.867,-31.523,322.689,-91.594,231.095,0.0,,,231.095,0.0,231.095,0.0,0.0,231.095,231.095,,1338.227,0.17,0.17,0.18,1350.092,0.17,0.17,0.18,
01/25/2009,1333.396,1333.396,-941.82,941.82,391.576,0.0,-587.668,225.356,84.115,141.241,229.54,132.772,-196.092,-6.567,-9.241,5.994,-15.235,,,15.808,-202.659,69.725,-132.934,0.0,0.0,0.0,-132.934,0.0,-132.934,0.0,0.0,-132.934,-5.895717,127.038283,1329.223,-0.1,-0.1,-0.004435,1329.223,-0.1,-0.1,-0.004435,
04/26/2009,1020.077,1020.077,-864.558,864.558,155.519,0.0,-448.802,185.758,84.678,101.08,236.335,26.709,-293.283,-89.525,-6.731,5.058,-11.789,,,96.256,-382.808,127.418,-255.39,0.0,0.0,0.0,-255.39,0.0,-255.39,0.0,0.0,-255.39,-104.041921,151.348079,1331.729,-0.19,-0.19,-0.078125,1331.729,-0.19,-0.19,-0.078125,
07/26/2009,1133.74,1133.74,-808.866,808.866,324.874,0.0,-402.057,168.005,79.518,88.487,234.052,0.0,-77.183,2.999,-5.34,4.893,-10.233,,,2.341,-74.184,19.319,-54.865,0.0,0.0,0.0,-54.865,0.0,-54.865,0.0,0.0,-54.865,-28.574474,26.290526,1333.278,-0.04,-0.04,-0.021432,1333.278,-0.04,-0.04,-0.021432,
10/25/2009,1526.394,1526.394,-967.558,967.558,558.836,0.0,-385.894,155.399,79.261,76.138,234.188,-3.693,172.942,0.906,-5.964,5.359,-11.323,,,5.058,173.848,-35.986,137.862,0.0,0.0,0.0,137.862,0.0,137.862,0.0,0.0,137.862,161.990896,24.128896,1338.134,0.1,0.1,0.121057,1347.691,0.1,0.1,0.117904,
01/31/2010,1849.0,1849.0,-1138.0,1138.0,711.0,0.0,-595.0,222.0,97.0,125.0,269.0,104.0,116.0,3.0,-3.0,5.0,-8.0,,,0.0,119.0,-36.0,83.0,0.0,0.0,0.0,83.0,0.0,83.0,0.0,0.0,83.0,172.191489,89.191489,1342.0,0.06,0.06,0.12831,1350.0,0.06,0.06,0.126068,
05/02/2010,2296.0,2296.0,-1369.0,1369.0,927.0,0.0,-541.0,226.0,100.0,126.0,306.0,9.0,386.0,1.0,-5.0,5.0,-10.0,,,4.0,387.0,-123.0,264.0,0.0,0.0,0.0,264.0,0.0,264.0,0.0,0.0,264.0,290.668,26.668,1345.0,0.2,0.2,0.21611,1352.0,0.2,0.2,0.21611,
08/01/2010,2518.0,2518.0,-1658.0,1658.0,860.0,0.0,-677.0,252.0,,,290.0,135.0,183.0,-5.0,-3.0,5.0,-8.0,,,8.0,178.0,-55.0,123.0,0.0,0.0,0.0,123.0,0.0,123.0,0.0,0.0,123.0,260.3,137.3,1340.0,0.09,0.09,0.194254,1349.0,0.09,0.09,0.191779,
10/31/2010,2886.0,2886.0,-1669.0,1669.0,1217.0,0.0,-518.0,242.0,,,278.0,-2.0,699.0,4.0,-4.0,6.0,-10.0,,,0.0,703.0,-235.0,468.0,0.0,0.0,0.0,468.0,0.0,468.0,0.0,0.0,468.0,482.5,14.5,1333.0,0.35,0.35,0.361965,1340.0,0.35,0.35,0.360821,
01/30/2011,2686.0,2686.0,-1550.0,1550.0,1136.0,0.0,-462.0,221.0,,,270.0,-29.0,674.0,6.0,-6.0,5.0,-11.0,,,0.0,680.0,-174.0,506.0,0.0,0.0,0.0,506.0,0.0,506.0,0.0,0.0,506.0,484.0,-22.0,1324.0,0.38,0.38,0.365559,1335.0,0.38,0.38,0.363521,
05/01/2011,2862.0,2862.0,-1673.0,1673.0,1189.0,0.0,-512.0,219.0,,,297.0,-4.0,677.0,9.0,-9.0,5.0,-14.0,,,0.0,686.0,-197.0,489.0,0.0,0.0,0.0,489.0,0.0,489.0,0.0,0.0,489.0,496.45,7.45,1320.0,0.37,0.37,0.376098,1333.0,0.37,0.37,0.375589,
07/31/2011,2787.0,2787.0,-1603.0,1603.0,1184.0,0.0,-497.0,240.0,,,282.0,-25.0,687.0,-18.0,18.0,25.0,-7.0,,,0.0,669.0,-193.0,476.0,0.0,0.0,0.0,476.0,0.0,476.0,0.0,0.0,476.0,467.0,-9.0,1318.0,0.36,0.36,0.354325,1330.0,0.36,0.36,0.353233,
10/30/2011,2182.0,2182.0,-1330.0,1330.0,852.0,0.0,-491.0,222.0,,,269.0,0.0,361.0,-17.0,14.0,24.0,-10.0,,,3.0,344.0,112.0,456.0,0.0,0.0,0.0,456.0,0.0,456.0,0.0,0.0,456.0,272.0,-184.0,1312.0,0.35,0.35,0.207317,1321.0,0.34,0.34,0.200712,
01/29/2012,2189.0,2189.0,-1403.0,1403.0,786.0,0.0,-607.0,303.0,,,304.0,0.0,179.0,-20.0,20.0,24.0,-4.0,,,0.0,159.0,-42.0,117.0,0.0,0.0,0.0,117.0,,117.0,0.0,0.0,117.0,310.5,193.5,1299.0,0.09,0.09,0.23903,1310.0,0.09,0.09,0.23771,
04/29/2012,2541.0,2541.0,-1530.0,1530.0,1011.0,0.0,-602.0,281.0,,,321.0,0.0,409.0,-22.0,19.0,23.0,-4.0,,,3.0,387.0,-98.0,289.0,0.0,0.0,0.0,289.0,0.0,289.0,0.0,0.0,289.0,351.854545,62.854545,1289.0,0.22,0.22,0.272967,1301.0,0.22,0.22,0.268312,
07/29/2012,2343.0,2343.0,-1413.0,1413.0,930.0,0.0,-608.0,255.0,118.0,137.0,309.0,44.0,322.0,-20.0,20.0,24.0,-4.0,,,0.0,302.0,-84.0,218.0,0.0,0.0,0.0,218.0,,218.0,0.0,0.0,218.0,282.35,64.35,1257.0,0.17,0.17,0.224622,1268.0,0.17,0.17,0.220749,
10/28/2012,1646.0,1646.0,-1060.0,1060.0,586.0,0.0,-1085.0,237.0,107.0,130.0,303.0,545.0,-499.0,-33.0,19.0,24.0,-5.0,,,14.0,-532.0,17.0,-515.0,0.0,0.0,0.0,-515.0,,-515.0,0.0,0.0,-515.0,79.452572,594.452572,1220.0,-0.42,-0.42,0.065125,1220.0,-0.42,-0.42,0.065125,
01/27/2013,1573.0,1573.0,-991.0,991.0,582.0,0.0,-543.0,230.0,105.0,125.0,304.0,9.0,39.0,-21.0,21.0,24.0,-3.0,,,0.0,18.0,16.0,34.0,0.0,0.0,0.0,34.0,0.0,34.0,0.0,0.0,34.0,76.35,42.35,1198.0,0.03,0.03,0.063731,1212.0,0.03,0.03,0.063731,
04/28/2013,1973.0,1973.0,-1165.0,1165.0,808.0,0.0,-876.0,244.0,118.0,126.0,344.0,288.0,-68.0,-22.0,22.0,24.0,-2.0,,,0.0,-90.0,-39.0,-129.0,0.0,0.0,0.0,-129.0,0.0,-129.0,0.0,0.0,-129.0,103.0,232.0,1203.0,-0.11,-0.11,0.085619,1203.0,-0.11,-0.11,0.082851,
07/28/2013,1975.0,1975.0,-1169.0,1169.0,806.0,0.0,-556.0,208.0,111.0,97.0,334.0,14.0,250.0,-22.0,22.0,23.0,-1.0,,,0.0,228.0,-60.0,168.0,0.0,0.0,0.0,168.0,0.0,168.0,0.0,0.0,168.0,222.025,54.025,1203.0,0.14,0.14,0.184559,1220.0,0.14,0.14,0.184283,
10/27/2013,1988.0,1988.0,-1193.0,1193.0,795.0,0.0,-584.0,216.0,99.0,117.0,338.0,30.0,211.0,-17.0,17.0,24.0,-7.0,,,0.0,194.0,-11.0,183.0,0.0,0.0,0.0,183.0,,183.0,0.0,0.0,183.0,226.045405,43.045405,1204.0,0.15,0.15,0.187745,1222.0,0.15,0.15,0.185225,
01/26/2014,2190.0,2190.0,-1299.0,1299.0,891.0,0.0,-561.0,229.0,109.0,120.0,356.0,-24.0,330.0,-15.0,15.0,25.0,-10.0,,,0.0,315.0,-62.0,253.0,0.0,0.0,0.0,253.0,0.0,253.0,0.0,0.0,253.0,257.75,4.75,1206.0,0.21,0.21,0.213723,1225.0,0.21,0.21,0.213723,
04/27/2014,2353.0,2353.0,-1352.0,1352.0,1001.0,0.0,-614.0,236.0,107.0,129.0,355.0,23.0,387.0,-22.0,22.0,23.0,-1.0,,,0.0,365.0,-103.0,262.0,0.0,0.0,0.0,262.0,0.0,262.0,0.0,0.0,262.0,374.91211,112.91211,1216.0,0.22,0.22,0.308316,1229.0,0.21,0.21,0.301873,
07/27/2014,2265.0,2265.0,-1273.0,1273.0,992.0,0.0,-601.0,234.0,108.0,126.0,357.0,10.0,391.0,-21.0,21.0,24.0,-3.0,,,0.0,370.0,-69.0,301.0,0.0,0.0,0.0,301.0,0.0,301.0,0.0,0.0,301.0,349.0,48.0,1218.0,0.25,0.25,0.286535,1233.0,0.24,0.24,0.278929,
10/26/2014,2264.0,2264.0,-1305.0,1305.0,959.0,0.0,-547.0,226.0,99.0,127.0,360.0,-39.0,412.0,-14.0,14.0,23.0,-9.0,,,0.0,398.0,-142.0,256.0,0.0,0.0,0.0,256.0,0.0,256.0,0.0,0.0,256.0,335.828201,79.828201,1220.0,0.21,0.21,0.275269,1236.0,0.21,0.21,0.274586,
01/25/2015,2359.0,2359.0,-1400.0,1400.0,959.0,0.0,-501.0,228.0,111.0,117.0,351.0,-78.0,458.0,-21.0,21.0,23.0,-2.0,,,0.0,437.0,-89.0,348.0,0.0,0.0,0.0,348.0,0.0,348.0,0.0,0.0,348.0,338.0,-10.0,1224.0,0.28,0.28,0.276144,1240.0,0.28,0.28,0.271935,
04/26/2015,2442.0,2442.0,-1426.0,1426.0,1016.0,0.0,-600.0,249.0,109.0,140.0,365.0,-14.0,416.0,-27.0,,27.0,,,,0.0,389.0,-25.0,364.0,0.0,0.0,0.0,364.0,0.0,364.0,0.0,0.0,364.0,362.000014,-1.999986,1230.0,0.3,0.3,0.294309,1241.0,0.29,0.29,0.288388,
07/26/2015,2490.0,2490.0,-1472.0,1472.0,1018.0,0.0,-622.0,247.0,112.0,135.0,372.0,3.0,396.0,-21.0,21.0,24.0,-3.0,,,0.0,375.0,-46.0,329.0,0.0,0.0,0.0,329.0,0.0,329.0,0.0,0.0,329.0,342.170144,13.170144,1221.0,0.27,0.27,0.280238,1231.0,0.27,0.27,0.280238,
10/25/2015,2368.0,2368.0,-1409.0,1409.0,959.0,0.0,-536.0,173.0,96.0,77.0,363.0,0.0,423.0,-26.0,26.0,32.0,-6.0,,,0.0,397.0,-61.0,336.0,0.0,0.0,0.0,336.0,0.0,336.0,0.0,0.0,336.0,302.096774,-33.903226,1182.0,0.28,0.28,0.255581,1190.88,0.28,0.28,0.251531,
01/31/2016,2257.0,2257.0,-1341.0,1341.0,916.0,0.0,-562.0,188.0,106.0,82.0,374.0,0.0,354.0,-40.0,40.0,42.0,-2.0,,,0.0,314.0,-28.0,286.0,0.0,0.0,0.0,286.0,0.0,286.0,0.0,0.0,286.0,302.0,16.0,1146.0,0.25,0.25,0.263525,1154.0,0.25,0.25,0.263525,
05/01/2016,2450.0,2450.0,-1446.0,1446.0,1004.0,0.0,-579.0,193.0,102.0,91.0,386.0,0.0,425.0,-30.0,30.0,37.0,-7.0,,,0.0,395.0,-75.0,320.0,0.0,0.0,0.0,320.0,0.0,320.0,0.0,0.0,320.0,376.0,56.0,1113.0,0.29,0.29,0.337826,1119.0,0.29,0.29,0.337826,
07/31/2016,2821.0,2821.0,-1629.0,1629.0,1192.0,0.0,-596.0,210.0,107.0,103.0,386.0,0.0,596.0,-32.0,32.0,38.0,-6.0,,,0.0,564.0,-59.0,505.0,0.0,0.0,0.0,505.0,0.0,505.0,0.0,0.0,505.0,506.916667,1.916667,1083.0,0.47,0.47,0.468067,1093.0,0.46,0.46,0.461754,
10/30/2016,3297.0,3297.0,-1898.0,1898.0,1399.0,0.0,-622.0,228.0,114.0,114.0,394.0,0.0,777.0,-37.0,37.0,38.0,-1.0,0.0,,0.0,740.0,-130.0,610.0,0.0,0.0,0.0,610.0,0.0,610.0,0.0,0.0,610.0,723.342951,113.342951,1081.0,0.56,0.56,0.669142,1093.0,0.56,0.56,0.663699,
01/29/2017,3278.0,3278.0,-1833.0,1833.0,1445.0,0.0,-638.0,221.0,118.0,103.0,417.0,0.0,807.0,-36.0,36.0,38.0,-2.0,,,0.0,771.0,-68.0,703.0,0.0,0.0,0.0,703.0,0.0,703.0,0.0,0.0,703.0,732.0,29.0,1078.0,0.65,0.65,0.679035,1089.0,0.65,0.65,0.67663,
04/30/2017,3546.0,3546.0,-1946.0,1946.0,1600.0,0.0,-660.0,223.0,116.0,107.0,437.0,0.0,940.0,-32.0,32.0,44.0,-12.0,0.0,,0.0,908.0,-84.0,824.0,0.0,0.0,0.0,824.0,0.0,824.0,0.0,0.0,824.0,861.0,37.0,1078.0,0.76,0.76,0.798701,1087.0,0.76,0.76,0.794039,
07/30/2017,3744.0,3744.0,-2044.0,2044.0,1700.0,0.0,-677.0,223.0,117.0,106.0,454.0,0.0,1023.0,-45.0,45.0,59.0,-14.0,0.0,,0.0,978.0,-53.0,925.0,0.0,0.0,0.0,925.0,0.0,925.0,0.0,0.0,925.0,927.000006,2.000006,1071.0,0.86,0.86,0.865546,1083.0,0.85,0.85,0.851847,
10/29/2017,4130.0,4130.0,-2263.0,2263.0,1867.0,0.0,-701.0,228.0,106.0,122.0,473.0,0.0,1166.0,-7.0,7.0,57.0,-50.0,0.0,,0.0,1159.0,-92.0,1067.0,0.0,0.0,0.0,1067.0,0.0,1067.0,0.0,0.0,1067.0,1092.0,25.0,1064.0,1.00282,1.00282,1.026316,1075.0,0.992558,0.992558,1.015814,
01/28/2018,4205.0,4205.0,-2265.0,2265.0,1940.0,0.0,-725.0,236.0,126.0,110.0,489.0,0.0,1215.0,-32.0,32.0,59.0,-27.0,,,0.0,1183.0,-1018.0,165.0,0.0,0.0,0.0,165.0,0.0,165.0,0.0,0.0,165.0,1193.666936,1028.666936,1056.0,0.16,0.16,1.130366,1071.0,0.15,0.15,1.110473,
04/29/2018,4579.0,4579.0,-2523.0,2523.0,2056.0,0.0,-764.0,255.0,130.0,125.0,509.0,0.0,1292.0,-31.0,31.0,56.0,-25.0,,,0.0,1261.0,-161.0,1100.0,0.0,0.0,0.0,1100.0,0.0,1100.0,0.0,0.0,1100.0,1231.955882,131.955882,1029.0,1.07,1.07,1.197236,1040.0,1.06,1.06,1.186881,
07/29/2018,4162.0,4162.0,-2298.0,2298.0,1864.0,0.0,-771.0,266.0,138.0,128.0,505.0,0.0,1093.0,-16.0,16.0,59.0,-43.0,,,0.0,1077.0,-61.0,1016.0,0.0,0.0,0.0,1016.0,0.0,1016.0,0.0,0.0,1016.0,1034.999985,18.999985,994.0,1.02,1.02,1.041247,1005.0,1.01,1.01,1.028905,
10/28/2018,3759.0,3759.0,-2102.0,2102.0,1657.0,0.0,-766.0,247.0,127.0,120.0,519.0,0.0,891.0,-16.0,16.0,60.0,-44.0,0.0,,0.0,875.0,-118.0,757.0,0.0,0.0,0.0,757.0,0.0,757.0,0.0,0.0,757.0,824.0,67.0,974.0,0.78,0.78,0.845996,984.0,0.77,0.77,0.838089,
01/27/2019,3753.0,3753.0,-2088.0,2088.0,1665.0,0.0,-757.0,241.0,131.0,110.0,516.0,0.0,908.0,-20.0,20.0,60.0,-40.0,,,0.0,888.0,-117.0,771.0,0.0,0.0,0.0,771.0,0.0,771.0,0.0,0.0,771.0,810.821429,39.821429,957.0,0.81,0.81,0.847253,965.0,0.8,0.8,0.841266,
04/28/2019,3539.0,3539.0,-2009.0,2009.0,1530.0,0.0,-754.0,246.0,133.0,113.0,508.0,0.0,776.0,-17.0,17.0,60.0,-43.0,,,0.0,759.0,-93.0,666.0,0.0,0.0,0.0,666.0,0.0,666.0,0.0,0.0,666.0,690.0,24.0,942.0,0.71,0.71,0.732484,948.0,0.7,0.7,0.725316,
07/28/2019,3562.0,3562.0,-2005.0,2005.0,1557.0,0.0,-755.0,240.0,128.0,112.0,515.0,0.0,802.0,-20.0,20.0,58.0,-38.0,,,0.0,782.0,-211.0,571.0,0.0,0.0,0.0,571.0,0.0,571.0,0.0,0.0,571.0,577.0,6.0,929.0,0.61,0.61,0.621098,937.0,0.61,0.61,0.616403,
10/27/2019,3754.0,3754.0,-2120.0,2120.0,1634.0,0.0,-770.0,255.0,129.0,126.0,515.0,0.0,864.0,-24.0,24.0,59.0,-35.0,0.0,,0.0,840.0,-142.0,698.0,0.0,0.0,0.0,698.0,0.0,698.0,0.0,0.0,698.0,734.0,36.0,920.0,0.76,0.76,0.797826,931.0,0.75,0.75,0.788668,
01/26/2020,4162.0,4162.0,-2304.0,2304.0,1858.0,0.0,-816.0,264.0,135.0,129.0,552.0,0.0,1042.0,-37.0,37.0,59.0,-22.0,,,0.0,1005.0,-113.0,892.0,0.0,0.0,0.0,892.0,0.0,892.0,0.0,0.0,892.0,916.0,24.0,916.0,0.97,0.97,1.0,927.0,0.96,0.96,0.98589,
04/26/2020,3957.0,3957.0,-2208.0,2208.0,1749.0,0.0,-817.0,267.0,130.0,137.0,550.0,0.0,932.0,-54.0,54.0,61.0,-7.0,,,0.0,878.0,-123.0,755.0,0.0,0.0,0.0,755.0,0.0,755.0,0.0,0.0,755.0,771.960784,16.960784,917.0,0.82,0.82,0.841833,923.0,0.82,0.82,0.838376,
07/26/2020,4395.0,4395.0,-2440.0,2440.0,1955.0,0.0,-847.0,275.0,130.0,145.0,572.0,0.0,1108.0,-68.0,68.0,68.0,0.0,,,0.0,1040.0,-199.0,841.0,0.0,0.0,0.0,841.0,0.0,841.0,0.0,0.0,841.0,881.166667,40.166667,915.0,0.92,0.92,0.963024,922.0,0.91,0.91,0.953565,
10/31/2020,4603.5,,,,2101.727925,,,,,,,,1261.071,,,,,,,,1211.867,,1056.0,,,,,,1056.0,,,1056.0,1075.778,,,1.14,1.14,1.159,,1.14,1.14,1.159,
01/31/2021,4532.6,,,,2063.420824,,,,,,,,1200.786,,,,,,,,1139.571,,1014.091,,,,,,1014.091,,,1014.091,1021.294,,,1.105,1.105,1.092,,1.105,1.105,1.092,
