Date,Revenue,Sales & Services Revenue,Cost of Revenue,Cost of Goods & Services,Gross Profit,Other Operating Income,Operating Expenses,"Selling, General & Admin",Selling & Marketing,Research & Development,Other Operating Expense,Operating Income (Loss),Non-Operating (Income) Loss,"Interest Expense, Net",Interest Expense,Interest Income,Foreign Exch (Gain) Loss,(Income) Loss from Affiliates,Other Non-Op (Income) Loss,Pretax Income,Income Tax Expense (Benefit),Current Income Tax,Deferred Income Tax,Income (Loss) from Cont Ops,Net Extraordinary Losses (Gains),Discontinued Operations,XO & Accounting Changes,Income (Loss) Incl. MI,Minority Interest,"Net Income, GAAP",Preferred Dividends,Other Adjustments,"Net Income Avail to Common, GAAP","Net Income Avail to Common, Adj",Net Abnormal Losses (Gains),Basic Weighted Avg Shares,"Basic EPS, GAAP",Basic EPS from Cont Ops,"Basic EPS from Cont Ops, Adjusted",Diluted Weighted Avg Shares,"Diluted EPS, GAAP",Diluted EPS from Cont Ops,"Diluted EPS from Cont Ops, Adjusted",Source: Bloomberg
03/31/1990,271.471985,,-158.091003,,113.380981,,-112.952003,,,,,0.429,13.38,,2.631,,0.0,,-16.011,13.809,-0.69,,,13.119,0.0,,,13.119,0.0,13.119,-2.587,,10.532001,10.532001,,166.084,0.065,0.065,,166.084,0.065,0.065,0.065,
06/30/1990,267.700012,,-177.371002,,90.32901,,-105.504997,,,,,-15.176,8.565,,2.707,,0.0,,-11.272,-6.610999,0.69,,,-5.921,0.0,,,-5.920999,0.0,-5.921,-2.588,,-8.509,-8.509,,163.453995,-0.05,-0.05,,163.453995,-0.05,-0.05,-0.05,
09/30/1990,254.173004,,-170.544998,,83.628006,,-103.438004,,,,,-19.809999,2.034,,1.518,,0.0,,-3.552,-17.775999,0.0,,,-17.775999,0.0,,,-17.775999,0.0,-17.775999,-2.587,,-20.362999,-20.362999,,164.201996,-0.125,-0.125,,164.201996,-0.125,-0.125,-0.125,
12/30/1990,265.897003,,-172.5,,93.397003,,-109.959999,,,,,-16.563,-26.411001,,1.426,,0.0,,24.985001,-42.974001,0.0,,,-42.973999,0.0,,,-42.974001,0.0,-42.973999,-2.588,,-45.561999,-45.561999,,164.658004,-0.28,-0.28,-0.28,164.658004,-0.28,-0.28,-0.28,
03/31/1991,274.330994,,-156.487,,117.843994,,-111.703003,,,,,6.141,-1.917,,4.336,,0.0,,-2.419,4.224,0.0,,,4.224,0.0,,,4.224,0.0,4.224,-2.588,,1.636,1.636,,172.723999,0.01,0.01,,172.723999,0.01,0.01,0.01,
06/30/1991,296.786011,,-156.421997,,140.364014,,-120.458,,,,,19.906,-2.636,,5.164,,0.0,,-2.528,17.27,0.0,,,17.27,0.0,,,17.27,0.0,17.27,-2.587,,14.683001,14.683001,,176.806,0.085,0.085,,176.806,0.085,0.085,0.085,
09/29/1991,289.363007,,-159.940002,,129.423004,,-109.510002,,,,,19.913,-2.859,,5.406,,0.0,,-2.547,17.054,0.0,,,17.054001,0.0,,,17.054,0.0,17.054001,-2.588,,14.466001,14.466001,,177.309998,0.08,0.08,,177.309998,0.08,0.08,0.08,
12/29/1991,366.169006,,-185.975006,,180.194,,-116.994003,,,,,63.200001,43.539,,5.974,,0.0,,-49.513,106.739001,0.0,,,106.738998,0.0,,,106.739001,0.0,106.738998,-2.587,,104.151998,104.151998,,167.953994,0.59,0.59,0.59,167.953994,0.59,0.59,0.59,
03/29/1992,407.40799,,-183.214005,,224.193985,,-123.207001,,,,,100.987,-1.107,,4.729,,0.0,,-3.622,99.879999,-14.982,,,84.898003,0.0,,,84.897999,0.0,84.898003,-2.588,,82.310003,82.310003,,182.867996,0.45,0.45,,182.867996,0.45,0.45,0.45,
06/28/1992,350.179993,,-182.182007,,167.997986,,-123.947998,,,,,44.049999,-0.354,,4.84,,0.0,,-4.486,43.695999,-2.247,,,41.449001,0.0,,,41.448999,0.0,41.449001,-2.587,,38.862001,38.862001,,182.830002,0.215,0.215,,182.830002,0.215,0.215,0.215,
09/27/1992,356.677002,,-182.792007,,173.884995,,-122.164001,,,,,51.721001,0.513,,4.597,,0.0,,-5.11,52.234001,-3.134,,,49.099998,0.0,,,49.100001,0.0,49.099998,-2.588,,46.511998,46.511998,,180.774002,0.255,0.255,,180.774002,0.255,0.255,0.255,
12/27/1992,400.223999,,-198.298004,,201.925995,,-128.738998,,,,,73.186996,2.634,,3.061,,0.0,,-5.695,75.820996,-6.257,,,69.564003,0.0,,,69.563996,0.0,69.564003,-2.587,,66.977003,66.977003,,175.884002,0.365,0.365,0.365,175.884002,0.365,0.365,0.365,
03/28/1993,407.433014,,-194.082001,,213.351013,,-130.307999,,,,,83.042999,2.305,,1.082,,0.0,,-3.387,85.347999,-23.896999,,,61.451,0.0,,,61.451,0.0,61.451,-2.587,,58.864,58.864,,187.501999,0.315,0.315,,187.501999,0.315,0.315,0.315,
06/27/1993,409.09201,,-186.931,,222.161011,,-136.576004,,,,,85.584999,3.797,,0.246,,0.0,,-4.043,89.381999,-25.028999,,,64.352997,0.0,,,64.353,0.0,64.352997,-2.588,,61.764997,61.764997,,190.158005,0.325,0.325,,190.158005,0.325,0.325,0.325,
09/26/1993,418.351013,,-199.998993,,218.35202,,-136.884003,,,,,81.468002,3.722,,0.691,,0.0,,-4.413,85.190002,-23.851999,,,61.338001,0.0,,,61.338003,0.0,61.338001,-2.587,,58.751001,58.751001,,191.412003,0.305,0.305,,191.412003,0.305,0.305,0.305,
12/26/1993,413.403992,,-208.552002,,204.85199,,-149.895004,,,,,54.957001,2.875,,1.772,,0.0,,-4.647,57.832001,-16.193001,,,41.639,0.0,,,41.639,0.0,41.639,-2.588,,39.051,39.051,,191.789994,0.205,0.205,0.205,191.789994,0.205,0.205,0.205,
03/27/1994,513.080017,,-230.436996,,282.643021,,-161.115005,,,,,121.528,2.864,,0.739,,0.0,,-3.603,124.392,-39.805,,,84.586998,0.0,,,84.586999,0.0,84.586998,-2.588,,81.998998,81.998998,,192.466003,0.425,0.425,,192.466003,0.425,0.425,0.425,
06/26/1994,533.296997,,-235.623001,,297.673996,,-159.619995,,,,,138.054001,2.542,,0.899,,0.0,,-3.441,140.596001,-47.362,,,93.234001,0.0,,,93.234001,0.0,93.234001,-2.587,,90.647001,90.647001,,194.787994,0.465,0.465,,194.787994,0.465,0.465,0.465,
09/25/1994,543.114014,,-252.408997,,290.705017,,-155.128006,,,,,135.576996,-4.088,,0.205,,0.0,,3.883,131.488996,-44.803001,,,86.685997,0.0,,,86.685995,0.0,86.685997,-2.587,,84.098997,84.098997,,195.556,0.43,0.43,,195.556,0.43,0.43,0.43,
12/25/1994,545.16803,,-263.837006,,281.331024,,-163.350998,,,,,117.980003,-55.488,,0.001,,0.0,,55.487,62.492003,-21.733,,,40.758999,0.0,,,40.759003,0.0,40.758999,-2.588,,38.170999,38.170999,,197.272004,0.195,0.195,0.195,197.272004,0.195,0.195,0.195,
04/02/1995,627.380981,,-305.684998,,321.695984,,-199.608002,,,,,122.087997,5.066,,0.578,,0.0,,-5.644,127.153997,-42.824001,,,84.330002,0.0,,,84.329996,0.0,84.330002,-0.01,,84.320002,84.320002,,254.362,0.33,0.33,0.33,254.362,0.33,0.33,0.33,
07/02/1995,638.867004,,-315.904999,,322.962006,,-212.296997,,,,,110.665001,9.003,,0.501,,0.0,,-9.504,119.668001,-39.015999,,,80.652,0.0,,,80.652002,0.0,80.652,0.0,,80.652,80.652,,273.899994,0.295,0.295,0.295,273.899994,0.295,0.295,0.295,
10/01/1995,606.953003,,-368.359009,,238.593994,,-208.785995,,,,,29.808001,22.404,,0.315,,0.0,,-22.719,52.212,-10.212,,,42.0,0.0,,,42.000001,0.0,42.0,0.0,,42.0,42.0,,278.575989,0.15,0.15,0.15,278.575989,0.15,0.15,0.15,
12/31/1995,595.177979,,-427.058014,,168.119965,,-208.481003,,,,,-40.361,27.859,,1.665,,0.0,,-29.524,-12.502,21.846001,,,9.344,0.0,,,9.344001,0.0,9.344,0.0,,9.344,9.344,,277.881988,0.035,0.035,0.035,277.881988,0.035,0.035,0.035,
03/31/1996,544.211975,,-368.734985,,175.47699,,-197.791,,,,,-22.313999,47.641002,,1.981,,0.0,,-49.622002,25.327003,0.0,,,25.327,0.0,,,25.327003,0.0,25.327,0.0,,25.327,25.327,,266.458008,0.095,0.095,0.095,276.798004,0.09,0.09,0.09,
06/30/1996,455.076996,,-379.778992,,75.298004,,-175.830994,,,,,-100.532997,34.138001,,1.812,,0.0,,-35.950001,-66.394996,31.723,,,-34.672001,0.0,,,-34.671997,0.0,-34.672001,0.0,,-34.672001,-34.672001,,269.373993,-0.13,-0.13,-0.13,269.373993,-0.13,-0.13,-0.13,
09/29/1996,456.862,,-337.691986,,119.170013,,-196.087997,,,,,-76.917999,8.097,,3.443,,0.0,,-11.54,-68.820999,30.459,,,-38.362,0.0,,,-38.362,0.0,-38.362,0.0,,-38.362,-38.362,,270.973999,-0.14,-0.14,-0.14,270.973999,-0.14,-0.14,-0.14,
12/29/1996,496.868011,,-354.622009,,142.246002,,-195.791,,,,,-53.544998,9.476,,7.601,,0.0,,-17.077,-44.068998,22.826,,,-21.243,0.0,,,-21.242998,0.0,-21.243,0.0,,-21.243,-21.243,,274.20401,-0.075,-0.075,-0.075,274.20401,-0.075,-0.075,-0.075,
03/30/1997,551.999023,,-349.075989,,202.923034,,-199.427002,,,,,3.496,11.603,9.41,9.41,,0.0,,-21.013,15.099,-2.148,,,12.951,0.0,,,12.951,0.0,12.951,0.0,,12.951,12.951,,277.231994,0.045,0.045,0.045,293.515992,0.045,0.045,0.045,
06/29/1997,594.560974,,-372.265991,,222.294983,,-213.003998,,,,,9.291,3.307,9.958,9.958,,0.0,,-13.265,12.598,-2.63,,,9.968,0.0,,,9.968,0.0,9.968,0.0,,9.968,9.968,,280.51001,0.035,0.035,0.035,295.838012,0.035,0.035,0.035,
09/28/1997,596.643982,,-428.23999,,168.403992,,-226.832001,,,,,-58.428001,-3.319,14.151,14.151,,0.0,,-10.832,-61.747001,30.072001,,,-31.674999,0.0,,,-31.675,0.0,-31.674999,0.0,,-31.674999,-31.674999,,282.109986,-0.11,-0.11,-0.11,282.109986,-0.11,-0.11,-0.11,
12/28/1997,613.171021,,-428.855988,,184.315033,,-229.326996,,,,,-45.012001,2.817,11.757,11.757,,0.0,,-14.574,-42.195001,29.861,,,-12.334,0.0,,,-12.334001,0.0,-12.334,0.0,,-12.334,-12.334,,283.778016,-0.045,-0.045,-0.045,283.778016,-0.045,-0.045,-0.045,
03/29/1998,540.856,,-423.591,,117.265,,-216.334,,,,,-99.069,-18.391,12.472,12.472,,0.0,,5.919,-117.46,46.997,,,-70.463,-7.736,,,-62.727,0.0,-62.727,,0.0,-62.727,-62.727,6.57,285.006,-0.22,-0.22,-0.195,285.006,-0.22,-0.22,-0.195,
06/28/1998,526.538025,,-390.140015,,136.39801,,-240.356003,,,,,-103.958,-4.712,17.663,17.663,,0.0,,-12.951,-108.67,44.110001,,,-64.559998,0.0,,,-64.559999,0.0,-64.559998,0.0,,-64.559998,-64.559998,,286.924012,-0.225,-0.225,-0.225,286.924012,-0.225,-0.225,-0.225,
09/27/1998,685.927002,,-422.984985,,262.942017,,-253.432999,,,,,9.509,-9.137999,21.181999,21.181999,,0.0,,-12.044,0.371001,0.635,,,1.006,0.0,,,1.006001,0.0,1.006,0.0,,1.006,1.006,,287.829986,0.005,0.005,0.005,293.283996,0.005,0.005,0.005,
12/27/1998,788.82,,-481.987,,306.833,,-276.957,,,,,29.876,-7.691,15.177,15.177,,0.0,,-7.486,22.185,0.136,,,22.321,0.0,,,22.321,0.0,22.321,0.0,,22.321,22.321,,289.852,0.075,0.075,0.075,299.898,0.075,0.075,0.075,
03/28/1999,631.593,,-450.431,,181.162,,-287.256,,,,,-106.094,-25.011,20.763,20.763,,0.0,,4.248,-131.105,5.473,,,-125.632,2.735,,,-128.367,0.0,-128.367,,0.0,-128.367,-128.367,10.216,291.818,-0.44,-0.43,-0.405,291.818,-0.44,-0.43,-0.405,
06/27/1999,595.109009,,-458.338989,,136.77002,,-291.798004,,,,,-155.028,407.747015,18.087,18.087,,0.0,,-425.834015,252.719015,-172.822998,,,79.894997,0.0,,,79.896017,0.0,79.896004,0.0,,79.896004,79.896004,-243.750015,294.339996,0.27,0.27,-0.55,300.589996,0.265,0.265,-0.55,
09/26/1999,662.192017,,-474.118988,,188.073029,,-287.062988,,,,,-98.989998,-6.555001,18.033001,18.033001,,0.0,,-11.478,-105.544999,0.0,,,-105.544998,0.0,,,-105.544999,0.0,-105.544998,0.0,,-105.544998,-105.544998,,295.221984,-0.36,-0.36,-0.36,295.221984,-0.36,-0.36,-0.36,
12/26/1999,968.710022,,-581.544983,,387.165039,,-309.739014,,,,,77.426003,-12.346,5.412,12.37,-6.958,0.0,,6.934,65.080003,0.0,,,65.080002,0.0,,,65.080003,0.0,65.080002,0.0,,65.080002,65.080002,3.877,296.506012,0.22,0.22,0.235,308.274994,0.21,0.21,0.23,
04/02/2000,1092.029053,,-605.757019,,486.272034,,-305.602997,,,,,180.669006,8.68,,11.479,,0.0,,-20.159,189.349006,0.0,,,189.348999,0.0,,,189.349006,0.0,189.348999,0.0,0.0,189.348999,189.348999,,302.256012,0.63,0.63,0.63,344.381988,0.57,0.57,0.57,
07/02/2000,1170.437012,,-612.567017,,557.869995,,-307.673004,,,,,250.197006,8.722999,11.244,11.244,,0.0,,-19.966999,258.920005,-51.778,,,207.141998,0.0,,,207.142005,0.0,207.141998,0.0,0.0,207.141998,207.141998,,309.115998,0.67,0.67,0.67,352.437988,0.6,0.6,0.6,
10/01/2000,1206.54895,,-639.01001,,567.53894,,-304.695007,,,,,262.843994,343.711994,17.382,17.382,,0.0,,-361.093994,606.555988,-175.009003,,,431.546997,22.98,,,408.566985,0.0,408.566986,0.0,0.0,408.566986,408.566986,-189.202988,311.942993,1.31,1.38,0.7,352.893005,1.18,1.24,0.64,
12/31/2000,1175.171997,,-657.302979,,517.869018,,-322.841003,,,,,195.028,13.086,19.933001,19.933001,,0.0,,-33.019001,208.114,-30.082001,,,178.031998,0.064,,,177.967999,0.0,177.968002,0.0,0.0,177.968002,177.968002,,313.501007,0.57,0.57,0.57,349.782013,0.53,0.53,0.53,
04/01/2001,1188.746948,,-714.830017,,473.916931,,-306.89801,,,,,167.018997,10.361001,21.645,21.645,,0.0,,-32.006001,177.379998,-52.542999,,,124.836998,0.0,,,124.836999,0.0,124.836998,0.0,0.0,124.836998,124.836998,,314.346985,0.4,0.4,0.4,351.785004,0.37,0.37,0.37,
07/01/2001,985.263977,,-636.198975,,349.065002,,-327.404999,,,,,21.66,-0.590999,20.198999,20.198999,,0.0,,-19.608,21.069001,-3.717,,,17.351999,0.0,,,17.352001,0.0,17.351999,0.0,0.0,17.351999,17.351999,,330.119995,0.05,0.05,0.05,340.53299,0.05,0.05,0.05,
09/30/2001,765.869995,,-594.05603,,171.813965,,-312.102997,,,,,-140.289001,-111.657998,,9.946,,0.0,,101.711998,-251.946999,65.017998,,,-186.929001,0.0,,,-186.929001,0.0,-186.929001,0.0,0.0,-186.929001,-186.929001,,345.044006,-0.54,-0.54,-0.28,345.044006,-0.54,-0.54,-0.28,
12/30/2001,951.872986,,-644.661987,,307.210999,,-324.554993,,,,,-17.344,-4.203,,9.57,,0.0,,-5.367,-21.547,5.705,,,-15.842,0.0,,,-15.842,0.0,-15.842,0.0,0.0,-15.842,-15.842,,340.118988,-0.05,-0.05,-0.05,340.118988,-0.05,-0.05,-0.05,
03/31/2002,902.072998,,-586.874023,,315.198975,,-328.742004,,,,,-13.543,0.339,,12.158,,0.0,,-12.497,-13.204,4.041,,,-9.163,0.0,,,-9.163,0.0,-9.163,0.0,0.0,-9.163,-9.163,0.0,340.806,-0.03,-0.03,-0.03,340.806,-0.03,-0.03,-0.03,
06/30/2002,600.299011,,-558.289978,,42.009033,,-338.673004,,,,,-296.664001,-9.767,,15.729,,0.0,,-5.962,-306.431001,121.492996,,,-184.938004,0.0,,,-184.938005,0.0,-184.938004,0.0,0.0,-184.938004,-184.938004,0.0,341.782013,-0.54,-0.54,-0.54,341.782013,-0.54,-0.54,-0.54,
09/29/2002,508.22699,,-453.884003,,54.342987,,-379.527008,,,,,-325.18399,-2.337,,21.166,,0.0,,-18.829,-327.52099,73.349998,,,-254.171005,0.0,,,-254.170992,0.0,-254.171005,0.0,0.0,-254.171005,-254.171005,,342.779999,-0.74,-0.74,-0.74,342.779999,-0.74,-0.74,-0.74,
12/29/2002,686.429993,,-506.613007,,179.816986,,-439.237,,,,,-259.420013,-351.849986,,22.296,,0.0,,329.553986,-611.269999,-243.470001,,,-854.739999,0.0,,,-854.74,0.0,-854.739999,0.0,0.0,-854.739999,-854.739999,619.594971,343.949005,-2.49,-2.49,-0.68,343.949005,-2.49,-2.49,-0.69,
03/30/2003,714.554993,,-496.59201,,217.962983,,-341.290009,,,,,-123.327003,-20.093,,25.805,,0.0,,-5.712,-143.420003,-2.936,,,-146.356003,0.0,,,-146.356003,0.0,-146.356003,0.0,0.0,-146.356003,-146.356003,2.15,345.011993,-0.42,-0.42,-0.42,345.011993,-0.42,-0.42,-0.42,
06/29/2003,645.260986,,-425.084991,,220.175995,,-343.674011,,,,,-123.498001,-16.598,,26.364,,0.0,,-9.766,-140.096001,0.0,,,-140.095993,0.0,,,-140.096001,0.0,-140.095993,0.0,0.0,-140.095993,-140.095993,0.0,346.320007,-0.4,-0.4,-0.4,346.320007,-0.4,-0.4,-0.4,
09/28/2003,953.758972,,-626.880005,,326.878967,,-365.108002,,,,,-38.229,-18.355,,26.848,,0.0,,-8.493,-56.584,0.0,,,-56.584,0.0,,,-56.584,25.353001,-31.231001,0.0,0.0,-31.231001,-31.231001,-8.0,347.334015,-0.09,-0.09,-0.11,347.334015,-0.09,-0.09,-0.11,
12/28/2003,1205.593018,,-778.505981,,427.087037,,-389.309998,,,,,37.777,-13.992001,,30.943001,,0.0,,-16.951,23.784999,0.0,,,23.785,0.0,,,23.784999,19.408001,43.193001,0.0,0.0,43.193001,43.193001,-14.0,357.089996,0.12,0.12,0.09,416.190002,0.12,0.12,0.09,
03/28/2004,1236.430054,,-768.840027,,467.590027,,-406.307007,,,,,61.283001,-19.172999,,30.153999,,0.0,,-10.981,42.110002,-2.373,,,39.737,0.0,,,39.737002,5.351,45.088001,0.0,0.0,45.088001,45.088001,0.0,351.328003,0.13,0.13,0.13,417.963013,0.12,0.12,0.12,
06/27/2004,1261.839966,,-783.06897,,478.770996,,-403.813995,,,,,74.954002,-32.672999,,27.955999,,0.0,,4.717,42.281003,-3.574,,,38.707001,0.0,,,38.707003,-6.527,32.18,0.0,0.0,32.18,32.18,1.634,353.654999,0.09,0.09,0.09,420.053009,0.09,0.09,0.09,
09/26/2004,1239.458984,,-738.026001,,501.432983,,-433.075012,,,,,68.358002,-22.646001,,25.148001,,0.0,,-2.502,45.712001,-4.872,,,40.84,0.0,,,40.840001,3.008,43.848,0.0,0.0,43.848,43.848,0.0,355.253998,0.12,0.12,0.12,417.575989,0.12,0.12,0.12,
12/26/2004,1263.705,,-742.65,,521.055,,-498.389,,,,,22.669,-74.442,,29.07,,0.0,,45.372,-51.773,4.981,,,-46.792,0.0,,,-46.792,16.831,-29.961,0.0,0.0,-29.961,-29.961,50.858,375.31,-0.08,-0.08,0.06,375.31,-0.08,-0.08,0.06,
03/27/2005,1226.628,,-807.449,,419.179,,-464.836,,,,,-45.657,-20.271,24.245,24.245,,0.0,,-3.974,-65.928,1.652,,,-64.276,0.0,,,-64.276,46.853,-17.423,0.0,0.0,-17.423,-17.423,0.0,393.077,-0.04,-0.04,-0.04,393.077,-0.04,-0.04,-0.04,
06/26/2005,1259.918,,-765.954,,493.964,,-501.095,,,,,-7.131,-22.555,25.653,25.653,,0.0,,-3.098,-29.686,3.1,,,-26.586,0.0,,,-26.586,37.905,11.319,0.0,0.0,11.319,11.319,0.0,395.414,0.03,0.03,0.03,405.739,0.03,0.03,0.03,
09/25/2005,1522.755,,-896.261,,626.494,,-547.766,,,,,78.728,-24.561,30.615,30.615,,0.0,,-6.054,54.167,0.606,,,54.773,0.0,,,54.773,21.227,76.0,0.0,0.0,76.0,76.0,0.0,399.025,0.19,0.19,0.19,443.681,0.18,0.18,0.18,
12/25/2005,1838.276,,-986.148,,852.128,,-646.412,,,,,205.716,-130.578,24.447,24.447,,0.0,,106.131,75.138,1.284,,,76.421,0.0,,,76.422,19.166,95.588,0.0,0.0,95.588,95.588,109.681,412.498,0.23,0.23,0.5,452.323,0.21,0.21,0.45,
03/26/2006,1332.158,,-553.34,,778.818,,-520.218,,,,,258.6,-32.456,-4.915,23.247,-28.162,0.0,,37.371,226.144,-35.273,,,190.871,0.0,,,190.871,-6.347,184.524,0.0,0.0,184.524,184.524,,464.08,0.4,0.4,0.43,495.326,0.38,0.38,0.41,
07/02/2006,1216.367,,-526.059,,690.308,,-588.199,,309.525,,278.674,102.109,12.222,-17.449,17.859,-35.308,0.0,,5.227,114.331,-18.301,,,96.03,0.0,,,96.03,-7.183,88.847,0.0,,88.847,88.847,,484.541,0.18,0.18,0.16,500.176,0.18,0.18,0.16,
10/01/2006,1327.622,,-645.264,,682.358,,-563.186,,,,,119.172,1.372,-13.551,17.637,-31.188,0.0,,12.179,120.544,20.852,,,141.396,0.0,,,141.396,-6.941,134.455,0.0,0.0,134.455,134.455,0.0,486.331,0.28,0.28,0.28,496.772,0.27,0.27,0.27,
12/31/2006,1773.0,,-1132.0,,641.0,,-679.0,,,,,-38.0,-539.0,46.0,67.0,-21.0,0.0,,493.0,-577.0,10.0,,,-567.0,0.0,,,-567.0,-7.0,-574.0,0.0,0.0,-574.0,-574.0,550.0,531.0,-1.08,-1.08,-0.04,531.0,-1.08,-1.08,-0.04,
03/31/2007,1233.0,,-886.0,,347.0,,-851.0,,,,,-504.0,-76.0,62.0,78.0,-16.0,0.0,,14.0,-580.0,-23.0,,,-603.0,0.0,,,-603.0,-8.0,-611.0,0.0,0.0,-611.0,-611.0,113.0,549.0,-1.11,-1.11,-0.9,549.0,-1.11,-1.11,-0.9,
06/30/2007,1309.0,,-870.0,,439.0,,-835.0,,,,,-396.0,-102.0,80.0,99.0,-19.0,0.0,,22.0,-498.0,-24.0,,,-522.0,69.0,,,-591.0,-9.0,-600.0,0.0,0.0,-600.0,-600.0,57.0,552.0,-1.09,-0.96,-0.86,552.0,-1.09,-0.96,-0.86,
09/29/2007,1558.0,,-923.0,,635.0,,-816.0,,,,,-181.0,-134.0,76.0,95.0,-19.0,0.0,,58.0,-315.0,-20.0,,,-335.0,52.0,,,-387.0,-9.0,-396.0,0.0,0.0,-396.0,-396.0,41.0,554.0,-0.71,-0.62,-0.55,554.0,-0.71,-0.62,-0.55,
12/29/2007,1758.0,,-990.0,,768.0,,-865.0,,,,,-97.0,-1276.0,76.0,95.0,-19.0,0.0,,1200.0,-1373.0,40.0,,,-1333.0,430.0,,,-1763.0,-9.0,-1772.0,0.0,0.0,-1772.0,-1772.0,,579.0,-3.06,-2.31,-0.22,579.0,-3.06,-2.31,-0.22,
03/29/2008,1487.0,,-866.0,,621.0,0.0,-855.0,,337.0,,518.0,-234.0,-87.0,86.0,101.0,-15.0,,,1.0,-321.0,,,,-321.0,30.0,,,,-13.0,-364.0,0.0,0.0,-364.0,-364.0,0.0,606.0,-0.6,-0.55,-0.55,606.0,-0.6,-0.55,-0.55,
06/28/2008,1362.0,,-851.0,,511.0,0.0,-839.0,,335.0,,504.0,-328.0,-366.0,91.0,101.0,-10.0,,,275.0,-694.0,,,,-694.0,494.0,,,,-7.0,-1195.0,0.0,0.0,-1195.0,-1195.0,156.65,607.0,-1.97,-1.16,-0.901928,607.0,-1.97,-1.16,-0.901928,
09/27/2008,1797.0,,-881.0,,916.0,0.0,-783.0,,315.0,,468.0,133.0,-111.0,87.0,94.0,-7.0,,,24.0,22.0,1.0,,,23.0,150.0,,,-127.0,-7.0,-134.0,0.0,0.0,-134.0,-134.0,,608.0,-0.22,0.03,0.07,608.0,-0.22,0.03,0.07,
12/27/2008,1162.0,,-890.0,,272.0,0.0,-812.0,,317.0,,495.0,-540.0,-811.0,88.0,95.0,-7.0,,,723.0,-1351.0,-69.0,,,-1420.0,10.0,,,-1430.0,-6.0,-1436.0,0.0,0.0,-1436.0,-1436.0,647.4,609.0,-2.36,-2.34,-1.28,609.0,-2.36,-2.34,-1.28,
03/28/2009,1177.0,1177.0,-666.0,666.0,511.0,0.0,-809.0,287.0,,444.0,78.0,-298.0,0.0,94.0,97.0,-3.0,,0.0,-94.0,-298.0,-116.0,,,-414.0,0.0,0.0,0.0,-414.0,6.0,-408.0,-8.0,0.0,-416.0,-465.4,-49.4,626.0,-0.66,-0.66,-0.74345,626.0,-0.66,-0.66,-0.74345,
06/27/2009,1184.0,1184.0,-743.0,743.0,441.0,0.0,-690.0,247.0,,425.0,18.0,-249.0,-96.0,102.0,108.0,-6.0,,,-6.0,-345.0,10.0,,,-335.0,0.0,0.0,0.0,-335.0,25.0,-310.0,-20.0,0.0,-330.0,-335.0,-5.0,667.0,-0.49,-0.49,-0.502249,667.0,-0.49,-0.49,-0.502249,
09/26/2009,1396.0,1396.0,-811.0,811.0,585.0,0.0,-662.0,221.0,,420.0,21.0,-77.0,-63.0,110.0,114.0,-4.0,,,-47.0,-140.0,5.0,,,-135.0,0.0,0.0,0.0,-135.0,29.0,-106.0,-22.0,0.0,-128.0,-192.85,-64.85,694.0,-0.18,-0.18,-0.277882,694.0,-0.18,-0.18,-0.277882,
12/26/2009,1646.0,1646.0,-911.0,911.0,735.0,0.0,553.0,239.0,,432.0,-1224.0,1288.0,-97.0,116.0,119.0,-3.0,0.0,,-19.0,1191.0,-11.0,,,1180.0,3.0,3.0,0.0,1177.0,23.0,1200.0,-22.0,0.0,1178.0,1178.0,-802.1,705.0,1.68,1.68,0.537447,791.0,1.52,1.52,0.505967,
03/27/2010,1574.0,1574.0,-833.0,833.0,741.0,0.0,-559.0,219.0,,323.0,17.0,182.0,258.0,46.0,49.0,-3.0,,-183.0,-304.0,440.0,0.0,0.0,0.0,257.0,0.0,0.0,0.0,257.0,0.0,257.0,0.0,0.0,257.0,257.0,0.0,707.0,0.36,0.36,0.36,754.0,0.35,0.35,0.35,
06/26/2010,1653.0,1653.0,-915.0,915.0,738.0,0.0,-613.0,229.0,,371.0,13.0,125.0,-53.0,52.0,55.0,-3.0,,-120.0,1.0,72.0,5.0,,,-43.0,0.0,0.0,0.0,-43.0,0.0,-43.0,0.0,0.0,-43.0,-45.6,-2.6,709.0,-0.06,-0.06,-0.064316,709.0,-0.06,-0.06,-0.064316,
09/25/2010,1618.0,1618.0,-879.0,879.0,739.0,0.0,-611.0,236.0,,359.0,16.0,128.0,-59.0,53.0,56.0,-3.0,,-186.0,6.0,69.0,-1.0,,,-118.0,0.0,0.0,0.0,-118.0,0.0,-118.0,0.0,0.0,-118.0,-118.0,0.0,713.0,-0.17,-0.17,-0.17,713.0,-0.17,-0.17,-0.17,
12/25/2010,1649.0,1649.0,-906.0,906.0,743.0,0.0,-330.0,250.0,,352.0,-272.0,413.0,-23.0,37.0,39.0,-2.0,,27.0,-14.0,390.0,-42.0,,,375.0,0.0,0.0,0.0,375.0,0.0,375.0,0.0,0.0,375.0,191.05,-183.95,717.0,0.52,0.52,0.266457,758.0,0.5,0.5,0.257322,
04/02/2011,1613.0,1613.0,-922.0,922.0,691.0,0.0,-637.0,261.0,,367.0,9.0,54.0,-34.0,45.0,48.0,-3.0,,492.0,-11.0,20.0,-2.0,,,510.0,0.0,0.0,0.0,510.0,0.0,510.0,0.0,0.0,510.0,513.25,3.25,720.0,0.71,0.71,0.712847,764.0,0.68,0.68,0.684254,
07/02/2011,1574.0,1574.0,-854.0,854.0,720.0,0.0,-615.0,239.0,,367.0,9.0,105.0,-41.0,45.0,47.0,-2.0,,0.0,-4.0,64.0,-3.0,,,61.0,0.0,0.0,0.0,61.0,0.0,61.0,0.0,0.0,61.0,61.0,0.0,724.0,0.08,0.08,0.08,743.0,0.08,0.08,0.08,
10/01/2011,1690.0,1690.0,-934.0,934.0,756.0,0.0,-618.0,249.0,,361.0,8.0,138.0,-46.0,39.0,42.0,-3.0,,0.0,7.0,92.0,5.0,,,97.0,0.0,0.0,0.0,97.0,0.0,97.0,0.0,0.0,97.0,97.0,0.0,729.0,0.13,0.13,0.13,741.0,0.13,0.13,0.13,
12/31/2011,1691.0,1691.0,-918.0,918.0,773.0,0.0,-702.0,243.0,,358.0,101.0,71.0,-248.0,41.0,43.0,-2.0,,0.0,207.0,-177.0,-4.0,,,-181.0,-4.0,-4.0,0.0,-177.0,0.0,-177.0,0.0,0.0,-177.0,-117.3,63.7,732.0,-0.24,-0.24,-0.160246,732.0,-0.24,-0.24,-0.160246,
03/31/2012,1585.0,1585.0,-1558.0,1558.0,27.0,0.0,-607.0,230.0,,368.0,9.0,-580.0,-42.0,41.0,43.0,-2.0,,,1.0,-622.0,32.0,,,-590.0,0.0,0.0,0.0,-590.0,0.0,-590.0,0.0,0.0,-590.0,-580.9,9.1,734.0,-0.8,-0.8,-0.791417,734.0,-0.8,-0.8,-0.791417,
06/30/2012,1413.0,1413.0,-775.0,775.0,638.0,0.0,-561.0,212.0,,345.0,4.0,77.0,-46.0,41.0,43.0,-2.0,,,5.0,31.0,6.0,,,37.0,0.0,0.0,0.0,37.0,0.0,37.0,0.0,0.0,37.0,40.25,3.25,739.0,0.05,0.05,0.054465,755.0,0.05,0.05,0.054305,
09/29/2012,1269.0,1269.0,-877.0,877.0,392.0,0.0,-523.0,188.0,,328.0,7.0,-131.0,-26.0,42.0,44.0,-2.0,,,-16.0,-157.0,0.0,0.0,0.0,-157.0,0.0,0.0,0.0,-157.0,0.0,-157.0,0.0,0.0,-157.0,-155.05,1.95,745.0,-0.21,-0.21,-0.208121,745.0,-0.21,-0.21,-0.208121,
12/29/2012,1155.0,1155.0,-977.0,977.0,178.0,0.0,-600.0,193.0,,313.0,94.0,-422.0,-47.0,43.0,45.0,-2.0,,,4.0,-469.0,-4.0,,,-473.0,0.0,0.0,0.0,-473.0,0.0,-473.0,0.0,0.0,-473.0,-411.9,61.1,747.0,-0.63,-0.63,-0.551406,747.0,-0.63,-0.63,-0.551406,
03/30/2013,1088.0,1088.0,-643.0,643.0,445.0,0.0,-543.0,179.0,,312.0,52.0,-98.0,-46.0,43.0,44.0,-1.0,,,3.0,-144.0,-2.0,,,-146.0,0.0,0.0,0.0,-146.0,0.0,-146.0,0.0,0.0,-146.0,-115.45,30.55,749.0,-0.19,-0.19,-0.154139,749.0,-0.19,-0.19,-0.154139,
06/29/2013,1161.0,1161.0,-702.0,702.0,459.0,0.0,-488.0,171.0,,308.0,9.0,-29.0,-42.0,40.0,42.0,-2.0,,,2.0,-71.0,-3.0,,,-74.0,0.0,0.0,0.0,-74.0,0.0,-74.0,0.0,0.0,-74.0,-70.75,3.25,752.0,-0.1,-0.1,-0.094082,752.0,-0.1,-0.1,-0.095678,
09/28/2013,1461.0,1461.0,-940.0,940.0,521.0,0.0,-426.0,155.0,,288.0,-17.0,95.0,-44.0,46.0,47.0,-1.0,,,-2.0,51.0,-3.0,,,48.0,0.0,0.0,0.0,48.0,0.0,48.0,0.0,0.0,48.0,33.7,-14.3,757.0,0.06,0.06,0.044518,764.0,0.06,0.06,0.041283,
12/28/2013,1589.0,1589.0,-1036.0,1036.0,553.0,0.0,-418.0,169.0,,293.0,-44.0,135.0,-45.0,43.0,44.0,-1.0,,,2.0,90.0,-1.0,,,89.0,0.0,0.0,0.0,89.0,0.0,89.0,0.0,0.0,89.0,58.45,-30.55,759.0,0.12,0.12,0.077009,766.0,0.12,0.12,0.077009,
03/29/2014,1397.0,1397.0,-910.0,910.0,487.0,0.0,-438.0,156.0,,279.0,3.0,49.0,-67.0,46.0,47.0,-1.0,,,21.0,-18.0,-2.0,,,-20.0,0.0,0.0,0.0,-20.0,0.0,-20.0,0.0,0.0,-20.0,-1.15,18.85,761.0,-0.03,-0.03,-0.001511,761.0,-0.03,-0.03,-0.00523,
06/28/2014,1441.0,1441.0,-943.0,943.0,498.0,0.0,-435.0,154.0,,277.0,4.0,63.0,-95.0,46.0,46.0,0.0,,,49.0,-32.0,-4.0,,,-36.0,0.0,0.0,0.0,-36.0,0.0,-36.0,0.0,0.0,-36.0,-4.15,31.85,764.0,-0.05,-0.05,-0.005432,764.0,-0.05,-0.05,-0.008312,
09/27/2014,1429.0,1429.0,-935.0,935.0,494.0,0.0,-431.0,150.0,,278.0,3.0,63.0,-44.0,42.0,43.0,-1.0,,,2.0,19.0,-2.0,,,17.0,0.0,0.0,0.0,17.0,0.0,17.0,0.0,0.0,17.0,17.0,0.0,770.0,0.02,0.02,0.02,785.0,0.02,0.02,0.02,
12/27/2014,1239.0,1239.0,-879.0,879.0,360.0,0.0,-690.0,144.0,,238.0,308.0,-330.0,-37.0,40.0,41.0,-1.0,,,-3.0,-367.0,3.0,,,-364.0,0.0,0.0,0.0,-364.0,0.0,-364.0,0.0,0.0,-364.0,-84.85,279.15,776.0,-0.47,-0.47,-0.109343,776.0,-0.47,-0.47,-0.110271,
03/28/2015,1030.0,1030.0,-704.0,704.0,326.0,0.0,-463.0,131.0,,242.0,90.0,-137.0,-40.0,40.0,40.0,0.0,0.0,,0.0,-177.0,-3.0,,,-180.0,0.0,0.0,0.0,-180.0,0.0,-180.0,0.0,0.0,-180.0,-93.0,87.0,777.0,-0.23,-0.23,-0.119691,777.0,-0.23,-0.23,-0.119691,
06/27/2015,942.0,942.0,-710.0,710.0,232.0,0.0,-369.0,134.0,,235.0,0.0,-137.0,-43.0,40.0,40.0,0.0,,,3.0,-180.0,-1.0,,,-181.0,0.0,0.0,0.0,-181.0,0.0,-181.0,0.0,0.0,-181.0,-148.0,33.0,778.0,-0.23,-0.23,-0.190231,778.0,-0.23,-0.23,-0.190231,
09/26/2015,1061.0,1061.0,-822.0,822.0,239.0,0.0,-397.0,108.0,,241.0,48.0,-158.0,-39.0,39.0,39.0,0.0,,0.0,0.0,-197.0,0.0,0.0,0.0,-197.0,0.0,0.0,0.0,-197.0,0.0,-197.0,0.0,0.0,-197.0,-149.0,48.0,785.0,-0.25,-0.25,-0.189809,785.0,-0.25,-0.25,-0.189809,
12/26/2015,958.0,958.0,-675.0,675.0,283.0,0.0,-332.0,109.0,,229.0,-6.0,-49.0,-43.0,41.0,41.0,0.0,0.0,0.0,2.0,-92.0,-10.0,,,-102.0,0.0,0.0,0.0,-102.0,0.0,-102.0,0.0,0.0,-102.0,-95.0,7.0,791.0,-0.13,-0.13,-0.120101,791.0,-0.13,-0.13,-0.12115,
03/26/2016,832.0,832.0,-563.0,563.0,269.0,0.0,-337.0,105.0,,242.0,-10.0,-68.0,-40.0,40.0,40.0,0.0,,,0.0,-108.0,-1.0,,,-109.0,0.0,0.0,0.0,-109.0,0.0,-109.0,0.0,0.0,-109.0,-112.0,-3.0,793.0,-0.14,-0.14,-0.141236,793.0,-0.14,-0.14,-0.143783,
06/25/2016,1027.0,1027.0,-708.0,708.0,319.0,0.0,-327.0,117.0,,243.0,-33.0,-8.0,109.0,,41.0,,,-3.0,-150.0,101.0,-29.0,,,69.0,0.0,0.0,0.0,69.0,0.0,69.0,0.0,0.0,69.0,-61.0,-130.0,794.0,0.09,0.09,-0.076826,821.0,0.08,0.08,-0.078343,
09/24/2016,1307.0,1307.0,-1248.0,1248.0,59.0,0.0,-352.0,117.0,,259.0,-24.0,-293.0,-104.0,41.0,41.0,0.0,,-5.0,63.0,-397.0,-4.0,,,-406.0,0.0,0.0,0.0,-406.0,0.0,-406.0,0.0,0.0,-406.0,-2.0,404.0,815.0,-0.5,-0.5,-0.002454,815.0,-0.5,-0.5,-0.004294,
12/31/2016,1153.0,1153.0,-797.0,797.0,356.0,0.0,-360.0,127.0,,264.0,-31.0,-4.0,-41.0,32.0,34.0,-2.0,,-2.0,9.0,-45.0,-5.0,,,-52.0,0.0,0.0,0.0,-52.0,0.0,-52.0,0.0,0.0,-52.0,232.5,284.5,937.0,-0.055496,-0.055496,0.248132,937.0,-0.055496,-0.055496,0.248132,
04/01/2017,1178.0,1178.0,-800.0,800.0,378.0,0.0,-367.0,123.0,,271.0,-27.0,11.0,-37.0,32.0,32.0,0.0,,-2.0,5.0,-26.0,-5.0,,,-33.0,0.0,0.0,0.0,-33.0,0.0,-33.0,0.0,0.0,-33.0,-29.0,4.0,939.0,-0.04,-0.04,-0.030884,939.0,-0.04,-0.04,-0.03574,
07/01/2017,1151.0,1151.0,-765.0,765.0,386.0,0.0,-387.0,127.0,,285.0,-25.0,-1.0,-35.0,32.0,32.0,0.0,,-3.0,3.0,-36.0,-3.0,,,-42.0,0.0,0.0,0.0,-42.0,0.0,-42.0,0.0,0.0,-42.0,-39.0,3.0,945.0,-0.04,-0.04,-0.04127,945.0,-0.04,-0.04,-0.04127,
09/30/2017,1584.0,1584.0,-1013.0,1013.0,571.0,0.0,-452.0,132.0,,320.0,0.0,119.0,-34.0,31.0,31.0,0.0,,-2.0,3.0,85.0,-22.0,,,61.0,0.0,0.0,0.0,61.0,0.0,61.0,0.0,0.0,61.0,63.0,2.0,957.0,0.06,0.06,0.065831,1042.0,0.06,0.06,0.061919,
12/30/2017,1340.0,1340.0,-888.0,888.0,452.0,0.0,-454.0,134.0,,320.0,0.0,-2.0,-29.0,31.0,31.0,0.0,,0.0,-2.0,-31.0,12.0,,,-19.0,0.0,0.0,0.0,-19.0,0.0,-19.0,0.0,0.0,-19.0,-17.95,1.05,965.0,-0.02,-0.02,-0.018601,965.0,-0.02,-0.02,-0.018912,
03/31/2018,1647.0,1647.0,-1050.0,1050.0,597.0,0.0,-477.0,134.0,,343.0,0.0,120.0,-30.0,31.0,31.0,0.0,,-1.0,-1.0,90.0,-8.0,,,81.0,0.0,0.0,0.0,81.0,0.0,81.0,0.0,0.0,81.0,82.0,1.0,968.0,0.08,0.08,0.084711,1039.0,0.08,0.08,0.080962,
06/30/2018,1756.0,1756.0,-1104.0,1104.0,652.0,0.0,-499.0,142.0,,357.0,0.0,153.0,-30.0,31.0,31.0,0.0,,-1.0,-1.0,123.0,-6.0,,,116.0,0.0,0.0,0.0,116.0,0.0,116.0,0.0,0.0,116.0,116.0,0.0,972.0,0.12,0.12,0.12,1147.0,0.11,0.11,0.11,
09/29/2018,1653.0,1653.0,-992.0,992.0,661.0,0.0,-511.0,148.0,,363.0,0.0,150.0,-36.0,30.0,30.0,0.0,,0.0,6.0,114.0,-12.0,,,102.0,0.0,0.0,0.0,102.0,0.0,102.0,0.0,0.0,102.0,108.0,6.0,987.0,0.1,0.1,0.109422,1076.0,0.09,0.09,0.095576,
12/29/2018,1419.0,1419.0,-882.0,882.0,537.0,0.0,-509.0,138.0,,371.0,0.0,28.0,-25.0,29.0,29.0,0.0,,0.0,-4.0,3.0,35.0,,,38.0,0.0,0.0,0.0,38.0,0.0,38.0,0.0,0.0,38.0,45.0,7.0,1002.0,0.04,0.04,0.04491,1079.0,0.04,0.04,0.04491,
03/30/2019,1272.0,1272.0,-751.0,751.0,521.0,0.0,-483.0,170.0,,373.0,-60.0,38.0,-34.0,27.0,27.0,0.0,,-1.0,7.0,4.0,13.0,,,16.0,0.0,0.0,0.0,16.0,0.0,16.0,0.0,0.0,16.0,11.27,-4.73,1044.0,0.01,0.01,0.010795,1094.0,0.01,0.01,0.005676,
06/29/2019,1531.0,1531.0,-910.0,910.0,621.0,0.0,-562.0,189.0,,373.0,0.0,59.0,-22.0,25.0,25.0,0.0,,0.0,-3.0,37.0,-2.0,,,35.0,0.0,0.0,0.0,35.0,0.0,35.0,0.0,0.0,35.0,40.87931,5.87931,1084.0,0.03,0.03,0.037712,1109.0,0.03,0.03,0.035301,
09/28/2019,1801.0,1801.0,-1024.0,1024.0,777.0,0.0,-591.0,185.0,,406.0,0.0,186.0,-60.0,24.0,24.0,0.0,,1.0,36.0,126.0,-7.0,,,120.0,0.0,0.0,0.0,120.0,0.0,120.0,0.0,0.0,120.0,160.0,40.0,1097.0,0.11,0.11,0.145852,1117.0,0.11,0.11,0.14581,
12/28/2019,2127.0,2127.0,-1178.0,1178.0,949.0,0.0,-601.0,206.0,,395.0,0.0,348.0,-143.0,18.0,18.0,0.0,,0.0,125.0,205.0,-35.0,,,170.0,0.0,0.0,0.0,170.0,0.0,170.0,0.0,0.0,170.0,314.253968,144.253968,1140.0,0.15,0.15,0.275661,1188.0,0.15,0.15,0.271426,
03/28/2020,1786.0,1786.0,-968.0,968.0,818.0,0.0,-641.0,199.0,,442.0,0.0,177.0,-9.0,13.0,13.0,0.0,,0.0,-4.0,168.0,-6.0,,,162.0,0.0,0.0,0.0,162.0,0.0,162.0,0.0,0.0,162.0,162.0,0.0,1170.0,0.14,0.14,0.14,1224.0,0.14,0.14,0.14,
06/27/2020,1932.0,1932.0,-1084.0,1084.0,848.0,0.0,-675.0,215.0,,460.0,0.0,173.0,-13.0,14.0,14.0,0.0,,1.0,-1.0,160.0,-4.0,,,157.0,0.0,0.0,0.0,157.0,0.0,157.0,0.0,0.0,157.0,157.0,0.0,1174.0,0.13,0.13,0.13,1227.0,0.13,0.13,0.13,
09/30/2020,2557.552,,,,1124.01852848,,,,,,,452.571,,,,,,,,439.7,,,,375.706,,,,,,375.706,,,375.706,432.429,,,0.301,0.301,0.351,,0.301,0.301,0.351,
12/31/2020,2618.0,,,,1196.00712,,,,,,,498.667,,,,,,,,489.1,,,,413.353,,,,,,413.353,,,413.353,474.964,,,0.337,0.337,0.388,,0.337,0.337,0.388,
