Date,Revenue,Sales & Services Revenue,Other Revenue,Cost of Revenue,Cost of Goods & Services,Gross Profit,Other Operating Income,Operating Expenses,"Selling, General & Admin",Research & Development,Other Operating Expense,Operating Income (Loss),Non-Operating (Income) Loss,"Interest Expense, Net",Interest Expense,Interest Income,Foreign Exch (Gain) Loss,(Income) Loss from Affiliates,Other Non-Op (Income) Loss,Pretax Income,Income Tax Expense (Benefit),Income (Loss) from Cont Ops,Net Extraordinary Losses (Gains),Discontinued Operations,XO & Accounting Changes,Income (Loss) Incl. MI,Minority Interest,"Net Income, GAAP",Preferred Dividends,Other Adjustments,"Net Income Avail to Common, GAAP","Net Income Avail to Common, Adj",Net Abnormal Losses (Gains),Basic Weighted Avg Shares,"Basic EPS, GAAP",Basic EPS from Cont Ops,"Basic EPS from Cont Ops, Adjusted",Diluted Weighted Avg Shares,"Diluted EPS, GAAP",Diluted EPS from Cont Ops,"Diluted EPS from Cont Ops, Adjusted",Source: Bloomberg
03/31/1990,56.972,,,-9.692,,47.28,,-36.667999,,,,10.612,-1.89,,1.35,,0.0,,0.54,8.722,-2.325,6.397,0.0,,,6.397,0.0,6.397,0.0,,6.397,6.397,,852.911957,0.0075,0.0075,0.0075,852.911957,0.0075,0.0075,0.0075,
06/30/1990,71.650002,,,-16.563999,,55.086002,,-41.671001,,,,13.415,3.423,,0.838,,0.0,,-4.261,16.838,-5.692,11.146,0.0,,,11.146,0.0,11.146,0.0,,11.146,11.146,,943.104034,0.01125,0.01125,0.01125,943.104034,0.01125,0.01125,0.01125,
09/30/1990,78.844002,,,-16.035999,,62.808002,,-47.188,,,,15.62,6.611,,0.018,,0.0,,-6.629,22.231,-7.917,14.314,0.0,,,14.314,0.0,14.314,0.0,,14.314,14.314,,1038.624023,0.01375,0.01375,0.01375,1038.624023,0.01375,0.01375,0.01375,
12/31/1990,91.213997,,,-18.249001,,72.964996,,-102.848999,,,,-29.884001,6.364,,0.366,,0.0,,-6.73,-23.520001,-4.472,-27.992001,0.0,,,-27.992001,0.0,-27.992001,0.0,,-27.992001,-27.992001,,949.632019,-0.029583,-0.029583,-0.029583,949.632019,-0.029583,-0.029583,-0.029583,
03/31/1991,139.537003,,,-22.003,,117.534002,,-65.500999,,,,52.033001,4.863,,0.896,,0.0,,-5.759,56.896001,-20.025,36.870998,0.0,,,36.871001,0.0,36.870998,0.0,,36.870998,36.870998,,1132.920044,0.0325,0.0325,0.0325,1132.920044,0.0325,0.0325,0.0325,
07/02/1991,153.854004,,,-26.851999,,127.002005,,-71.068001,,,,55.933998,-123.1,,0.239,,0.0,,122.861,-67.166002,18.787001,-48.379002,0.0,,,-48.379001,0.0,-48.379002,0.0,,-48.379002,-48.379002,,1025.256042,-0.0475,-0.047499,-0.0475,1025.256042,-0.0475,-0.0475,-0.0475,
10/02/1991,178.619995,,,-31.995001,,146.624994,,-82.207001,,,,64.417999,11.746,,0.15,,0.0,,-11.896,76.163999,-26.764999,49.398998,0.0,,,49.399,0.0,49.398998,0.0,,49.398998,49.398998,,1173.767944,0.0425,0.0425,0.0425,1173.767944,0.0425,0.0425,0.0425,
12/31/1991,210.031998,,,-31.809999,,178.221998,,-95.858002,,,,82.363998,9.664,,0.058,,0.0,,-9.722,92.027999,-32.067001,59.960999,0.0,,,59.960997,0.0,59.960999,0.0,,59.960999,59.960999,,1168.008057,0.05125,0.05125,0.05125,1168.008057,0.05125,0.05125,0.05125,
03/31/1992,218.848999,,,-35.933998,,182.915001,,-98.397003,,,,84.517998,11.558,,0.049,,0.0,,-11.607,96.075998,-32.827999,63.248001,0.0,,,63.247999,0.0,63.248001,0.0,,63.248001,63.248001,,1183.51196,0.05375,0.05375,0.05375,1183.51196,0.05375,0.05375,0.05375,
06/30/1992,257.563995,,,-44.122002,,213.441993,,-116.560997,,,,96.880997,16.666,,0.014,,0.0,,-16.68,113.546997,-41.907001,71.639999,0.0,,,71.639996,0.0,71.639999,0.0,,71.639999,71.639999,,1177.008056,0.06125,0.06125,0.06125,1177.008056,0.06125,0.06125,0.06125,
09/30/1992,299.921997,,,-50.782001,,249.139996,,-130.410995,,,,118.728996,26.039,,0.017,,0.0,,-26.056,144.767996,-55.851002,88.917,0.0,,,88.916994,0.0,88.917,0.0,,88.917,88.917,,1179.656008,0.075,0.075,0.075,1179.656008,0.075,0.075,0.075,
12/31/1992,316.705994,,,-53.896999,,262.808995,,-129.065994,,,,133.742996,74.999997,,0.061,,0.0,,-75.060997,208.742993,-74.947998,133.794998,0.0,,,133.794995,0.0,133.794998,0.0,,133.794998,133.794998,,1178.73596,0.11375,0.11375,0.11375,1178.73596,0.11375,0.11375,0.11375,
03/31/1993,310.243011,,,-50.903999,,259.339012,,-130.600998,,,,128.738007,3.736,,0.009,,0.0,,-3.745,132.474006,-51.914001,80.559998,-8.738,,,89.298005,0.0,89.297997,0.0,,89.297997,89.297997,,1165.567993,0.07625,0.06875,0.06875,1165.567993,0.07625,0.06875,0.06875,
06/30/1993,327.82901,,,-53.561001,,274.268009,,-145.942993,,,,128.324997,33.725001,,1.516,,0.0,,-35.241001,162.049998,-61.826,100.223999,0.0,,,100.223998,0.0,100.223999,0.0,,100.223999,100.223999,,1149.416016,0.0875,0.0875,0.0875,1149.416016,0.0875,0.0875,0.0875,
09/30/1993,354.85199,,,-58.261002,,296.590988,,-142.468994,,,,154.121994,-3.748,,2.163,,0.0,,1.585,150.373994,-47.681999,102.692001,0.0,,,102.691995,0.0,102.692001,0.0,,102.692001,102.692001,,1139.352051,0.09,0.09,0.09,1139.352051,0.09,0.09,0.09,
12/31/1993,380.917999,,,-57.32,,323.597999,,-164.735001,,,,158.863007,-11.391,,2.462,,0.0,,8.929,147.472007,-56.373001,91.098999,0.0,,,91.099006,0.0,91.098999,0.0,,91.098999,91.098999,,1138.07996,0.08,0.08,0.08,1138.07996,0.08,0.08,0.08,
03/31/1994,363.997986,,,-53.283001,,310.714985,,-155.205994,,,,155.509003,-4.386,,2.64,,0.0,,1.746,151.123003,-57.662998,93.459999,0.0,,,93.460004,0.0,93.459999,0.0,,93.459999,93.459999,,1130.968018,0.0825,0.0825,0.0825,1130.968018,0.0825,0.0825,0.0825,
06/30/1994,414.684998,,,-64.393997,,350.291,,-178.634003,,,,171.656998,0.977,,2.747,,0.0,,-3.724,172.633998,-65.169998,107.463997,0.0,,,107.464,0.0,107.463997,0.0,,107.463997,107.463997,,1116.871948,0.09625,0.096249,0.09625,1116.871948,0.09625,0.09625,0.09625,
09/30/1994,426.355011,,,-59.125999,,367.229012,,-185.214996,,,,182.014008,3.407,,3.387,,0.0,,-6.794,185.421008,-71.464996,113.956001,0.0,,,113.956011,0.0,113.956001,0.0,,113.956001,113.956001,,1113.968018,0.1025,0.1025,0.1025,1113.968018,0.1025,0.1025,0.1025,
12/31/1994,442.865997,,,-61.32,,381.545997,,-164.367996,,,,217.177994,-138.086996,,3.247,,0.0,,134.839996,79.090998,-74.306,4.785,0.0,,,4.784998,0.0,4.785,0.0,,4.785,4.785,,1114.232056,0.00375,0.00375,0.00375,1114.232056,0.00375,0.00375,0.00375,
03/31/1995,439.365997,,,-66.572998,,372.792999,,-207.281998,,,,165.511002,-3.57,,3.784,,0.0,,-0.214,161.941002,-53.317001,108.624001,0.0,,,108.624,0.0,108.624001,0.0,,108.624001,108.624001,,1118.015991,0.0975,0.0975,0.0975,1118.015991,0.0975,0.0975,0.0975,
06/30/1995,493.712006,,,-76.438004,,417.274002,,-212.776001,,,,204.498001,1.291,,3.75,,0.0,,-5.041,205.789001,-68.084999,137.703995,0.0,,,137.704002,0.0,137.703995,0.0,,137.703995,137.703995,,1115.319946,0.12375,0.123749,0.12375,1115.319946,0.12375,0.12375,0.12375,
09/30/1995,493.299988,,,-64.099998,,429.199989,,-227.399994,,,,201.800003,11.8,,3.6,,0.0,,-15.4,213.600003,-67.800003,145.800003,0.0,,,145.8,0.0,145.800003,0.0,,145.800003,145.800003,,1127.199951,0.13,0.13,0.13,1127.199951,0.13,0.13,0.13,
12/31/1995,513.521973,,,-65.789001,,447.732972,,-222.641998,,,,225.091003,-12.021,,4.166,,0.0,,7.855,213.070003,-67.498001,145.572006,0.0,,,145.572002,0.0,145.572006,0.0,,145.572006,145.572006,,1129.599976,0.13,0.13,0.13,1129.599976,0.13,0.13,0.13,
03/31/1996,507.899994,,,-66.900002,,440.999992,,-237.399994,,,,203.600006,3.4,,2.3,,0.0,,-5.7,207.000006,-63.400002,143.600006,0.0,,,143.600004,0.0,143.600006,0.0,,143.600006,143.600006,,1134.400024,0.1275,0.1275,0.1275,1134.400024,0.1275,0.1275,0.1275,
06/30/1996,571.400024,,,-68.300003,,503.100021,,-239.899994,,,,263.200012,-4.4,,1.7,,0.0,,2.7,258.800012,-80.099998,178.699997,0.0,,,178.700014,0.0,178.699997,0.0,,178.699997,178.699997,,1123.599976,0.16,0.16,0.16,1123.599976,0.16,0.16,0.16,
09/30/1996,567.0,,,-73.099998,,493.900002,,-248.899994,,,,245.0,4.3,,1.2,,0.0,,-5.5,249.3,-69.800003,179.5,0.0,,,179.499997,0.0,179.5,0.0,,179.5,179.5,,1117.599976,0.16,0.16,0.16,1117.599976,0.16,0.16,0.16,
12/31/1996,593.5,,,-74.900002,,518.599998,,-272.700012,,,,245.899994,1.3,,1.0,,0.0,,-2.3,247.199994,-69.199997,178.0,0.0,,,177.999997,0.0,178.0,0.0,,178.0,178.0,,1056.800048,0.1675,0.1675,0.1675,1115.199952,0.16,0.16,0.16,
03/31/1997,575.5,,,-72.0,,503.5,,-260.200012,,,,243.300003,7.1,,0.3,,0.0,,-7.4,250.400003,-70.099998,180.300003,0.0,,,180.300005,0.0,180.300003,0.0,,180.300003,180.300003,,1060.800049,0.17,0.17,0.17,1112.400024,0.16,0.16,0.16,
06/30/1997,620.5,,,-76.800003,,543.699997,,-270.899994,,,,272.799988,5.5,,0.4,,0.0,,-5.9,278.299988,-77.800003,200.5,0.0,,,200.499985,0.0,200.5,0.0,,200.5,200.5,,1061.199951,0.19,0.19,0.19,1110.0,0.18,0.18,0.18,
09/30/1997,598.299988,,,-74.300003,,523.999985,,-292.0,,,,232.0,-143.700006,,0.1,,0.0,,143.600006,88.299994,-4.5,83.800003,0.0,,,83.799994,0.0,83.800003,0.0,,83.800003,83.800003,,1095.599976,0.0775,0.0775,0.165,1095.599976,0.075,0.075,0.165,
12/31/1997,606.700012,,,-77.699997,,529.000015,,-291.5,,,,237.5,6.9,,2.9,,0.0,,-9.8,244.4,-64.699997,179.699997,0.0,,,179.700003,0.0,179.699997,0.0,,179.699997,179.699997,,1044.400024,0.17,0.17,0.17,1076.800048,0.165,0.165,0.165,
03/31/1998,605.400024,,,-79.0,,526.400024,,-271.799988,,,,254.600006,13.0,,,,0.0,,-13.0,267.600006,-80.300003,187.300003,0.0,,,187.300003,0.0,187.300003,0.0,,187.300003,187.300003,,1024.800049,0.1825,0.1825,0.1825,1056.400024,0.175,0.175,0.175,
06/30/1998,656.900024,,,-83.900002,,573.000023,,-284.600006,,,,288.399994,20.6,,3.3,,0.0,,-23.9,308.999994,-92.699997,216.300003,0.0,,,216.299997,0.0,216.300003,0.0,,216.300003,216.300003,,1015.599976,0.2125,0.2125,0.2125,1050.0,0.205,0.205,0.205,
09/30/1998,700.900024,,,-87.199997,,613.700027,,-304.5,,,,309.200012,12.9,,,,0.0,,-12.9,322.100012,-101.099998,221.0,0.0,,,221.000013,0.0,221.0,0.0,,221.0,221.0,,1020.400024,0.215,0.215,0.215,1060.0,0.2075,0.2075,0.2075,
12/31/1998,755.0,,,-95.099998,,659.900002,,-317.799988,,,,342.100006,-16.4,,,,0.0,,16.4,325.700006,-87.099998,238.600006,0.0,,,238.600008,0.0,238.600006,0.0,,238.600006,238.600006,,1018.400024,0.235,0.235,0.235,1061.599976,0.225,0.225,0.225,
03/31/1999,745.5,,,-92.4,,653.1,,-323.7,,,,329.4,16.3,-18.5,,-18.5,0.0,,2.2,345.7,-98.5,247.2,0.0,,,247.2,0.0,247.2,0.0,,247.2,247.2,,1023.4,0.24,0.24,0.24,1080.8,0.23,0.23,0.23,
06/30/1999,820.5,,,-98.800003,,721.699997,,-360.5,,,,361.200012,21.200001,-21.200001,,,0.0,,0.0,382.400013,-114.800003,267.600006,0.0,,,267.60001,0.0,267.600006,0.0,,267.600006,267.600006,,1021.0,0.26,0.26,0.26,1073.800049,0.25,0.25,0.25,
09/30/1999,847.200012,,,-98.900002,,748.300011,,-361.600006,,,,386.700012,66.099998,,,,0.0,,-66.099998,452.800011,-152.800003,300.0,0.0,,,300.000008,0.0,300.0,0.0,,300.0,300.0,,1021.5,0.29,0.29,0.26,1078.800049,0.28,0.28,0.25,
12/31/1999,926.9,,,-112.0,,814.9,,-446.6,,,,368.3,17.0,,,,0.0,,-17.0,385.3,-103.7,281.6,0.0,,,281.6,0.0,281.6,0.0,,281.6,281.6,,1020.0,0.28,0.28,0.28,1079.2,0.26,0.26,0.26,
03/31/2000,814.1,,,-85.7,,728.4,,-375.9,,,,352.5,32.2,4.2,,,0.0,,-36.4,384.7,-118.5,266.2,0.0,,,266.2,0.0,266.2,0.0,0.0,266.2,266.2,,1023.1,0.26,0.26,0.26,1085.7,0.25,0.25,0.25,
06/30/2000,914.4,,,-101.7,,812.7,,-412.8,,,,399.9,39.8,-39.8,,,0.0,,0.0,439.7,-137.1,302.6,0.0,,,302.6,0.0,302.6,0.0,0.0,302.6,302.6,,1027.5,0.29,0.29,0.29,1083.3,0.28,0.28,0.28,
09/30/2000,949.5,,,-109.5,,840.0,,-410.600006,,,,429.399994,100.5,,,,0.0,,-100.5,529.899994,-171.0,358.899994,0.0,,,358.899994,0.0,358.899994,0.0,0.0,358.899994,358.899994,,1032.099976,0.35,0.35,0.3,1085.599976,0.33,0.33,0.28,
12/31/2000,951.4,,,-111.5,,839.9,,-498.7,,,,341.2,-21.2,,,,0.0,,21.2,320.0,-109.2,210.8,0.0,,,210.8,0.0,210.8,0.0,0.0,210.8,210.8,,1034.9,0.2,0.2,0.25,1083.5,0.19,0.19,0.24,
03/31/2001,901.6,,,-89.4,,812.2,,-402.9,,,,409.3,52.0,-44.8,,,0.0,,-7.2,461.3,-156.4,304.9,0.0,,,304.9,0.0,304.9,0.0,0.0,304.9,304.9,,1041.1,0.29,0.29,0.29,1086.2,0.28,0.28,0.28,
06/30/2001,986.7,,,-98.4,,888.3,,-438.9,,,,449.4,36.1,-36.1,,,0.0,,0.0,485.5,-163.6,321.9,0.0,,,321.9,0.0,321.9,0.0,0.0,321.9,321.9,,1044.8,0.31,0.31,0.31,1085.1,0.3,0.3,0.3,
09/30/2001,1003.1,,,-102.7,,900.4,,-438.7,,,,461.7,36.6,-42.1,,,0.0,,5.5,498.3,-168.4,329.9,0.0,,,329.9,0.0,329.9,0.0,0.0,329.9,329.9,,1048.3,0.31,0.31,0.31,1084.6,0.3,0.3,0.3,
12/31/2001,1124.3,,,-152.5,,971.8,,-558.8,,,,413.0,-171.8,,,,0.0,,171.8,241.2,-78.2,163.0,0.0,,,163.0,0.0,163.0,0.0,0.0,163.0,163.0,,1047.0,0.16,0.16,0.31,1080.9,0.15,0.15,0.3,
03/31/2002,1008.5,,,-103.6,,904.9,,-449.2,,,,455.7,38.4,7.0,7.0,,0.0,,-45.4,494.1,-153.2,340.9,0.0,,,340.9,0.0,340.9,0.0,0.0,340.9,340.9,,1043.6,0.33,0.33,0.33,1085.6,0.32,0.32,0.32,
06/30/2002,1249.1,,,-131.9,,1117.2,,-554.1,,,,563.1,34.5,12.7,12.7,,0.0,,-47.2,597.6,-185.2,412.4,0.0,,,412.4,0.0,412.4,0.0,0.0,412.4,412.4,,1038.6,0.4,0.4,0.4,1098.8,0.38,0.38,0.38,
09/30/2002,1499.3,,,-200.7,,1298.6,,-751.6,,,,547.0,-2993.0,-12.1,,,0.0,,3005.1,-2446.0,-155.6,-2601.6,0.0,,,-2601.6,0.0,-2601.6,0.0,0.0,-2601.6,-2601.6,,1241.7,-2.1,-2.1,0.35,1302.7,-2.1,-2.1,0.34,
12/31/2002,1766.1,,,-253.3,,1512.8,,-938.0,,,,574.8,95.0,,,,0.0,,-95.0,669.8,-213.4,456.4,0.0,,,456.4,0.0,456.4,0.0,0.0,456.4,456.4,,1285.8,0.35,0.35,0.37,1347.4,0.34,0.34,0.35,
03/31/2003,1761.2,,,-278.4,,1482.8,,-810.8,,,,672.0,16.1,6.9,6.9,,0.0,,-23.0,688.1,-194.8,493.3,0.0,,,493.3,0.0,493.3,0.0,0.0,493.3,493.3,,1290.5,0.38,0.38,0.43,1349.898,0.37,0.37,0.42,
06/30/2003,2041.1,,,-324.2,,1716.9,,-918.4,,,,798.5,50.2,8.8,8.8,,0.0,,-59.0,848.7,-241.5,607.2,0.0,,,607.2,0.0,607.2,0.0,0.0,607.2,607.2,,1287.898,0.47,0.47,0.51,1347.0,0.45,0.45,0.49,
09/30/2003,2207.4,,,-335.6,,1871.8,,-963.5,,,,908.3,-42.1,7.8,7.8,,0.0,,34.3,866.2,-254.1,612.1,0.0,,,612.1,0.0,612.1,0.0,0.0,612.1,612.1,,1289.4,0.47,0.47,0.55,1347.9,0.46,0.46,0.53,
12/31/2003,2346.3,,,-383.5,,1962.8,,-1251.1,,,,711.7,58.4,8.0,8.0,,0.0,,-66.4,770.1,-223.2,546.9,0.0,,,546.9,0.0,546.9,0.0,0.0,546.9,546.9,,1285.4,0.43,0.43,0.48,1340.0,0.41,0.41,0.46,
03/31/2004,2343.0,,,-373.2,,1969.8,,-1041.7,516.5,,525.2,928.1,21.1,-21.1,,,0.0,,0.0,949.2,-259.0,690.2,0.0,,,690.2,0.0,690.2,0.0,0.0,690.2,690.2,,1279.4,0.54,0.54,0.54,1332.5,0.52,0.52,0.52,
06/30/2004,2584.9,,,-435.4,,2149.5,,-1142.8,,,,1006.7,10.1,-10.1,,,0.0,,0.0,1016.8,-268.7,748.1,0.0,,,748.1,0.0,748.1,0.0,0.0,748.1,748.1,,1268.2,0.59,0.59,0.59,1317.7,0.57,0.57,0.57,
09/30/2004,2713.0,,,-447.0,,2266.0,,-1218.0,,,,1048.0,-539.0,-15.0,,,0.0,,554.0,509.0,-273.0,236.0,0.0,,,236.0,0.0,236.0,0.0,0.0,236.0,236.0,360.1,1272.0,0.19,0.19,0.47,1320.0,0.18,0.18,0.45,
12/31/2004,2909.0,,,-476.0,,2433.0,,-1514.0,,,,919.0,1.0,-1.0,,,,,0.0,920.0,-231.0,689.0,,,,689.0,,689.0,,,689.0,689.0,,1263.0,0.55,0.55,0.55,1310.0,0.53,0.53,0.53,
03/31/2005,2833.0,,,-489.0,,2344.0,,-1185.0,,,,1159.0,-13.0,10.0,10.0,,0.0,,3.0,1146.0,-292.0,854.0,0.0,,,854.0,0.0,854.0,0.0,0.0,854.0,854.0,70.0,1249.0,0.68,0.68,0.74,1290.0,0.67,0.67,0.72,
06/30/2005,3172.0,,,-530.0,,2642.0,,-1300.0,,,,1342.0,-43.0,-6.0,,,0.0,,49.0,1299.0,-270.0,1029.0,0.0,,,1029.0,0.0,1029.0,0.0,0.0,1029.0,1029.0,,1233.0,0.83,0.83,0.9,1250.0,0.82,0.82,0.88,
09/30/2005,3154.0,,,-505.0,,2649.0,,-1215.0,,,,1434.0,-122.0,-14.0,,,0.0,,136.0,1312.0,-345.0,967.0,0.0,,,967.0,0.0,967.0,0.0,0.0,967.0,967.0,,1233.0,0.78,0.78,0.87,1249.0,0.77,0.77,0.85,
12/31/2005,3271.0,,,-511.0,,2760.0,,-1658.0,,,,1102.0,9.0,,109.0,,0.0,,-118.0,1111.0,-287.0,824.0,0.0,,,824.0,0.0,824.0,0.0,0.0,824.0,824.0,,1229.0,0.67,0.67,0.76,1243.0,0.66,0.66,0.75,
03/31/2006,3217.0,,,-552.0,,2665.0,,-1431.0,689.0,,742.0,1234.0,80.0,-80.0,,,0.0,,0.0,1314.0,-313.0,1001.0,0.0,,,1001.0,0.0,1001.0,0.0,0.0,1001.0,1001.0,,1202.0,0.83,0.83,0.92,1218.0,0.82,0.82,0.91,
06/30/2006,3604.0,,,-493.0,,3111.0,,-1677.0,,,,1434.0,-1118.0,-21.0,,,0.0,,1139.0,316.0,-302.0,14.0,0.0,,,14.0,0.0,14.0,0.0,0.0,14.0,14.0,,1173.0,0.01,0.01,1.01,1185.0,0.01,0.01,1.01,
09/30/2006,3612.0,,,-489.0,,3123.0,0.0,-1663.0,807.0,,856.0,1460.0,-99.0,-39.0,,,0.0,,138.0,1361.0,-259.0,1102.0,0.0,,,1102.0,0.0,1102.0,0.0,0.0,1102.0,1102.0,,1167.0,0.94,0.94,0.97,1178.0,0.94,0.94,0.97,
12/31/2006,3835.0,,,-561.0,,3274.0,,-2331.0,,,,943.0,215.0,,,,0.0,,-215.0,1158.0,-196.0,833.0,0.0,,,962.0,0.0,833.0,0.0,0.0,833.0,833.0,,1165.0,0.72,0.72,0.87,1180.0,0.71,0.71,0.87,
03/31/2007,3687.0,,,-592.0,,3095.0,,-1695.0,,,,1400.0,-6.0,6.0,6.0,,0.0,,0.0,1394.0,-283.0,1111.0,0.0,,,1111.0,0.0,1111.0,0.0,0.0,1111.0,1111.0,129.47,1167.0,0.95,0.95,1.06,1177.0,0.94,0.94,1.05,
06/30/2007,3728.0,,,-558.0,,3170.0,,-1653.0,,,,1517.0,-380.0,-7.0,,,0.0,,387.0,1137.0,-118.0,1019.0,0.0,,,1019.0,0.0,1019.0,0.0,0.0,1019.0,1019.0,,1129.0,0.9,0.9,1.09,1134.0,0.9,0.9,1.09,
09/30/2007,3611.0,,,-792.0,,2819.0,0.0,-1506.0,730.0,,776.0,1313.0,-941.0,21.0,21.0,,0.0,,920.0,372.0,-171.0,201.0,0.0,,,201.0,0.0,201.0,0.0,0.0,201.0,201.0,,1086.0,0.19,0.19,1.07,1090.0,0.18,0.18,1.06,
12/31/2007,3745.0,,,-606.0,,3139.0,,-2082.0,1001.0,,1081.0,1057.0,1.0,-1.0,,,0.0,,0.0,1058.0,-223.0,835.0,0.0,,,835.0,0.0,835.0,0.0,0.0,835.0,835.0,,1087.0,0.77,0.77,0.98,1092.0,0.76,0.76,0.97,
03/31/2008,3613.0,,,-546.0,,3067.0,0.0,-1652.0,874.0,,778.0,1415.0,-35.0,,,,,,35.0,1380.0,-280.0,1100.0,0.0,,,1100.0,0.0,1100.0,0.0,0.0,1100.0,1100.0,,1089.0,1.01,1.01,1.04,1092.0,1.01,1.01,1.04,
06/30/2008,3764.0,,,-515.0,,3249.0,0.0,-1786.0,904.0,,882.0,1463.0,-333.0,,137.0,,0.0,,196.0,1130.0,-224.0,906.0,0.0,,,906.0,0.0,906.0,0.0,0.0,906.0,906.0,369.85,1078.0,0.84,0.84,1.183534,1081.0,0.84,0.84,1.182137,
09/30/2008,3875.0,,,-677.0,,3198.0,0.0,-1641.0,900.0,,741.0,1557.0,-86.0,12.0,12.0,,0.0,,74.0,1471.0,-313.0,1158.0,0.0,,,1158.0,0.0,1158.0,0.0,0.0,1158.0,1158.0,,1058.0,1.09,1.09,1.21,1064.0,1.09,1.09,1.21,
12/31/2008,3751.0,,,-558.0,,3193.0,,-2056.0,,,,1137.0,-193.0,,281.0,,0.0,,-88.0,944.0,-168.0,925.0,0.0,,,776.0,0.0,925.0,0.0,0.0,925.0,925.0,,1055.0,0.88,0.88,1.05,1061.0,0.87,0.87,1.04,
03/31/2009,3308.0,3238.0,70.0,-477.0,477.0,2831.0,0.0,-1510.0,798.0,633.0,79.0,1321.0,-89.0,,,,,,89.0,1232.0,-213.0,1019.0,0.0,0.0,0.0,1019.0,0.0,1019.0,0.0,0.0,1019.0,1006.35,-12.65,1032.0,0.99,0.99,0.975145,1037.0,0.98,0.98,0.967801,
06/30/2009,3713.0,3634.0,79.0,-531.0,531.0,3182.0,0.0,-1725.0,910.0,693.0,122.0,1457.0,-100.0,,150.0,,,,-50.0,1357.0,-88.0,1269.0,0.0,0.0,0.0,1269.0,0.0,1269.0,0.0,0.0,1269.0,1180.0,-89.0,1013.0,1.25,1.25,1.164857,1017.0,1.25,1.25,1.162488,
09/30/2009,3812.0,3736.0,76.0,-545.0,545.0,3267.0,0.0,-1662.0,932.0,647.0,83.0,1605.0,-65.0,,139.0,,,,-74.0,1540.0,-154.0,1386.0,0.0,0.0,0.0,1386.0,0.0,1386.0,0.0,0.0,1386.0,1419.85,33.85,1016.0,1.36,1.36,1.39749,1022.0,1.36,1.36,1.393121,
12/31/2009,3809.0,3743.0,66.0,-538.0,538.0,3271.0,0.0,-2148.0,1180.0,891.0,77.0,1123.0,-48.0,,142.0,,,,-94.0,1075.0,-144.0,931.0,0.0,0.0,0.0,931.0,,931.0,,0.0,931.0,927.75,-3.25,1006.0,0.93,0.93,0.922217,1011.0,0.92,0.92,0.916785,
03/31/2010,3592.0,3528.0,64.0,-508.0,508.0,3084.0,1.0,-1604.0,884.0,646.0,74.0,1481.0,-61.0,,145.0,,,,-84.0,1420.0,-253.0,1167.0,0.0,0.0,0.0,1167.0,0.0,1167.0,0.0,0.0,1167.0,1154.0,-13.0,982.0,1.19,1.19,1.175153,988.0,1.18,1.18,1.166842,
06/30/2010,3804.0,3613.0,191.0,-553.0,553.0,3251.0,0.0,-1734.0,986.0,675.0,73.0,1517.0,-53.0,,147.0,,,,-94.0,1464.0,-262.0,1202.0,0.0,0.0,0.0,1202.0,0.0,1202.0,0.0,0.0,1202.0,1179.9,-22.1,959.0,1.25,1.25,1.230344,964.0,1.25,1.25,1.227075,
09/30/2010,3816.0,3759.0,57.0,-587.0,587.0,3229.0,0.0,-1750.0,957.0,719.0,74.0,1479.0,-45.0,,150.0,,,,-105.0,1434.0,-198.0,1236.0,0.0,0.0,0.0,1236.0,0.0,1236.0,0.0,0.0,1236.0,1183.05,-52.95,958.0,1.29,1.29,1.234916,962.0,1.28,1.28,1.224958,
12/31/2010,3841.0,3760.0,81.0,-572.0,572.0,3269.0,0.0,-2201.0,1156.0,854.0,191.0,1068.0,-69.0,,162.0,,,,-93.0,999.0,23.0,1022.0,0.0,0.0,0.0,1022.0,,1022.0,0.0,0.0,1022.0,971.6,-50.4,940.0,1.09,1.09,1.033617,946.0,1.08,1.08,1.026723,
03/31/2011,3706.0,3618.0,88.0,-564.0,564.0,3142.0,0.0,-1849.0,1023.0,736.0,90.0,1293.0,13.0,,135.0,,,,-148.0,1306.0,-181.0,1125.0,0.0,0.0,0.0,1125.0,0.0,1125.0,0.0,0.0,1125.0,1079.05,-45.95,933.0,1.21,1.21,1.156538,941.0,1.2,1.2,1.151169,
06/30/2011,3959.0,3893.0,66.0,-602.0,602.0,3357.0,0.0,-2025.0,1130.0,819.0,76.0,1332.0,7.0,,122.0,,,,-129.0,1339.0,-169.0,1170.0,0.0,0.0,0.0,1170.0,,1170.0,,0.0,1170.0,1147.9,-22.1,927.0,1.26,1.26,1.238296,935.0,1.25,1.25,1.226364,
09/30/2011,3944.0,3877.0,67.0,-605.0,605.0,3339.0,0.0,-2814.0,1125.0,761.0,928.0,525.0,-71.0,,158.0,,,,-87.0,454.0,,454.0,0.0,0.0,0.0,454.0,,454.0,,0.0,454.0,1189.05,735.05,907.0,0.5,0.5,1.31097,914.0,0.5,0.5,1.304212,
12/31/2011,3973.0,3907.0,66.0,-656.0,656.0,3317.0,0.0,-2155.0,1208.0,851.0,96.0,1162.0,-111.0,,195.0,,,,-84.0,1051.0,-117.0,934.0,0.0,0.0,0.0,934.0,0.0,934.0,0.0,0.0,934.0,943.1,9.1,854.0,1.09,1.09,1.104333,861.0,1.08,1.08,1.090569,
03/31/2012,4048.0,3901.0,147.0,-750.0,750.0,3298.0,0.0,-1821.0,1079.0,736.0,6.0,1477.0,-111.0,,235.0,,,,-124.0,1366.0,-182.0,1184.0,0.0,0.0,0.0,1184.0,0.0,1184.0,0.0,0.0,1184.0,1163.2,-20.8,791.0,1.5,1.5,1.470544,800.0,1.48,1.48,1.454,
06/30/2012,4477.0,4200.0,277.0,-752.0,752.0,3725.0,0.0,-2136.0,1231.0,826.0,79.0,1589.0,-132.0,,256.0,,,,-124.0,1457.0,-191.0,1266.0,0.0,0.0,0.0,1266.0,0.0,1266.0,0.0,0.0,1266.0,1299.8,33.8,776.0,1.63,1.63,1.675,785.0,1.61,1.61,1.653057,
09/30/2012,4319.0,4201.0,118.0,-775.0,775.0,3544.0,0.0,-2121.0,1131.0,880.0,110.0,1423.0,-160.0,,271.0,,,,-111.0,1263.0,-156.0,1107.0,0.0,0.0,0.0,1107.0,0.0,1107.0,0.0,0.0,1107.0,1186.95,79.95,771.0,1.44,1.44,1.539494,783.0,1.41,1.41,1.512107,
12/31/2012,4421.0,4337.0,84.0,-922.0,922.0,3499.0,0.0,-2411.0,1373.0,938.0,100.0,1088.0,-165.0,,291.0,,,,-126.0,923.0,-135.0,788.0,0.0,0.0,0.0,788.0,0.0,788.0,0.0,0.0,788.0,912.8,124.8,763.0,1.03,1.03,1.19633,778.0,1.01,1.01,1.170411,
03/31/2013,4238.0,4151.0,87.0,-744.0,744.0,3494.0,0.0,-2052.0,1158.0,878.0,16.0,1442.0,-99.0,,263.0,,,,-164.0,1343.0,91.0,1434.0,0.0,0.0,0.0,1434.0,0.0,1434.0,0.0,0.0,1434.0,1362.85,-71.15,751.0,1.91,1.91,1.814714,764.0,1.88,1.88,1.786872,
06/30/2013,4679.0,4595.0,84.0,-785.0,785.0,3894.0,0.0,-2344.0,1256.0,967.0,121.0,1550.0,-145.0,,241.0,,,,-96.0,1405.0,-147.0,1258.0,0.0,0.0,0.0,1258.0,0.0,1258.0,0.0,0.0,1258.0,1332.1,74.1,752.0,1.67,1.67,1.77141,764.0,1.65,1.65,1.74699,
09/30/2013,4748.0,4647.0,101.0,-788.0,788.0,3960.0,0.0,-2272.0,1249.0,989.0,34.0,1688.0,-185.0,,257.0,,,,-72.0,1503.0,-135.0,1368.0,0.0,0.0,0.0,1368.0,,1368.0,0.0,0.0,1368.0,1391.15,23.15,754.0,1.81,1.81,1.845027,766.0,1.79,1.79,1.820222,
12/31/2013,5011.0,4799.0,212.0,-1029.0,1029.0,3982.0,0.0,-2795.0,1521.0,1249.0,25.0,1187.0,-173.0,261.0,,,0.0,0.0,-88.0,1014.0,7.0,1021.0,0.0,0.0,0.0,1021.0,0.0,1021.0,0.0,0.0,1021.0,1050.25,29.25,754.0,1.35,1.35,1.392905,766.0,1.33,1.33,1.368185,
03/31/2014,4521.0,4356.0,165.0,-1090.0,1090.0,3431.0,0.0,-2067.0,1023.0,1027.0,17.0,1364.0,-160.0,259.0,259.0,0.0,0.0,0.0,-99.0,1204.0,-131.0,1073.0,0.0,0.0,0.0,1073.0,0.0,1073.0,0.0,0.0,1073.0,1145.8,72.8,757.0,1.42,1.42,1.513606,768.0,1.4,1.4,1.494792,
06/30/2014,5180.0,4949.0,231.0,-1081.0,1081.0,4099.0,0.0,-2197.0,1136.0,1018.0,43.0,1902.0,-144.0,,282.0,,0.0,,-138.0,1758.0,-211.0,1547.0,0.0,0.0,0.0,1547.0,0.0,1547.0,0.0,0.0,1547.0,1548.95,1.95,759.0,2.04,2.04,2.040777,768.0,2.01,2.01,2.012539,
09/30/2014,5031.0,4848.0,183.0,-1068.0,1068.0,3963.0,0.0,-2497.0,1213.0,1018.0,266.0,1466.0,-129.0,269.0,269.0,0.0,0.0,,-140.0,1337.0,-93.0,1244.0,0.0,0.0,0.0,1244.0,,1244.0,0.0,0.0,1244.0,1453.95,209.95,761.0,1.63,1.63,1.910578,771.0,1.61,1.61,1.882309,
12/31/2014,5331.0,5174.0,157.0,-1183.0,1183.0,4148.0,0.0,-2689.0,1327.0,1234.0,128.0,1459.0,-173.0,261.0,261.0,0.0,0.0,0.0,-88.0,1286.0,8.0,1294.0,0.0,0.0,0.0,1294.0,0.0,1294.0,0.0,0.0,1294.0,1473.4,179.4,761.0,1.7,1.7,1.936137,772.0,1.68,1.68,1.912383,
03/31/2015,5033.0,4874.0,159.0,-1033.0,1033.0,4000.0,0.0,-1978.0,1026.0,894.0,58.0,2022.0,-146.0,252.0,252.0,0.0,0.0,,-106.0,1876.0,-253.0,1623.0,0.0,0.0,0.0,1623.0,0.0,1623.0,0.0,0.0,1623.0,1867.4,244.4,761.0,2.13,2.13,2.453876,770.0,2.11,2.11,2.427403,
06/30/2015,5370.0,5225.0,145.0,-1089.0,1089.0,4281.0,0.0,-2205.0,1160.0,964.0,81.0,2076.0,-79.0,277.0,277.0,0.0,0.0,,-198.0,1997.0,-344.0,1653.0,0.0,0.0,0.0,1653.0,0.0,1653.0,0.0,0.0,1653.0,1758.3,105.3,760.0,2.18,2.18,2.313553,768.0,2.15,2.15,2.287109,
09/30/2015,5723.0,5516.0,207.0,-1034.0,1034.0,4689.0,0.0,-2350.0,1244.0,1119.0,-13.0,2339.0,-147.0,282.0,282.0,0.0,0.0,,-135.0,2192.0,-329.0,1863.0,0.0,0.0,0.0,1863.0,0.0,1863.0,0.0,0.0,1863.0,1864.030435,1.030435,757.0,2.46,2.46,2.462392,764.0,2.44,2.44,2.441349,
12/31/2015,5536.0,5329.0,207.0,-1071.0,1071.0,4465.0,0.0,-2432.0,1416.0,1093.0,-77.0,2033.0,-120.0,284.0,284.0,0.0,0.0,0.0,-164.0,1913.0,-113.0,1800.0,0.0,0.0,0.0,1800.0,0.0,1800.0,0.0,0.0,1800.0,1722.288288,-77.711712,754.0,2.39,2.39,2.284202,761.0,2.37,2.37,2.267882,
03/31/2016,5527.0,5239.0,288.0,-1018.0,1018.0,4509.0,0.0,-2107.0,1203.0,872.0,32.0,2402.0,-144.0,294.0,294.0,0.0,0.0,0.0,-150.0,2258.0,-358.0,1900.0,0.0,0.0,0.0,1900.0,0.0,1900.0,0.0,0.0,1900.0,1951.800875,51.800875,753.0,2.52,2.52,2.592033,760.0,2.5,2.5,2.568159,
06/30/2016,5688.0,5474.0,214.0,-1050.0,1050.0,4638.0,0.0,-2258.0,1292.0,900.0,66.0,2380.0,-176.0,313.0,313.0,0.0,0.0,,-137.0,2204.0,-334.0,1870.0,0.0,0.0,0.0,1870.0,0.0,1870.0,0.0,0.0,1870.0,1908.990741,38.990741,751.0,2.49,2.49,2.541932,756.0,2.47,2.47,2.521575,
09/30/2016,5811.0,5516.0,295.0,-1027.0,1027.0,4784.0,0.0,-2257.0,1244.0,990.0,23.0,2527.0,-109.0,325.0,325.0,0.0,0.0,,-216.0,2418.0,-401.0,2017.0,0.0,0.0,0.0,2017.0,,2017.0,0.0,0.0,2017.0,2395.000008,378.000008,747.0,2.7,2.7,3.206158,753.0,2.68,2.68,3.181992,
12/31/2016,5965.0,5663.0,302.0,-1067.0,1067.0,4898.0,0.0,-2413.0,1323.0,1078.0,12.0,2485.0,-202.0,328.0,328.0,0.0,0.0,0.0,-126.0,2283.0,-348.0,1935.0,0.0,0.0,0.0,1935.0,0.0,1935.0,0.0,0.0,1935.0,1976.770053,41.770053,742.0,2.61,2.61,2.664111,748.0,2.59,2.59,2.645842,
03/31/2017,5464.0,5199.0,265.0,-996.0,996.0,4468.0,0.0,-1877.0,1064.0,769.0,44.0,2591.0,-131.0,326.0,326.0,0.0,,,-195.0,2460.0,-389.0,2071.0,0.0,0.0,0.0,2071.0,0.0,2071.0,0.0,0.0,2071.0,2079.039624,8.039624,737.0,2.81,2.81,2.820949,741.0,2.79,2.79,2.80085,
06/30/2017,5810.0,5574.0,236.0,-1024.0,1024.0,4786.0,0.0,-2088.0,1209.0,873.0,6.0,2698.0,-156.0,321.0,321.0,0.0,,,-165.0,2542.0,-391.0,2151.0,0.0,0.0,0.0,2151.0,0.0,2151.0,0.0,0.0,2151.0,2156.206897,5.206897,734.0,2.93,2.93,2.937612,738.0,2.91,2.91,2.917055,
09/30/2017,5773.0,5453.0,320.0,-990.0,990.0,4783.0,0.0,-2344.0,1170.0,877.0,297.0,2439.0,-58.0,325.0,325.0,0.0,,,-267.0,2381.0,-360.0,2021.0,0.0,0.0,0.0,2021.0,0.0,2021.0,0.0,0.0,2021.0,2204.656566,183.656566,728.0,2.78,2.78,3.028374,733.0,2.76,2.76,3.010555,
12/31/2017,5802.0,5569.0,233.0,-1059.0,1059.0,4743.0,0.0,-2498.0,1427.0,1043.0,28.0,2245.0,-31.0,332.0,332.0,0.0,0.0,0.0,-301.0,2214.0,-6478.0,-4264.0,0.0,0.0,0.0,-4264.0,0.0,-4264.0,0.0,0.0,-4264.0,1910.464516,6174.464516,724.0,-5.89,-5.89,2.638763,724.0,-5.89,-5.89,2.638266,
03/31/2018,5554.0,5343.0,211.0,-944.0,944.0,4610.0,0.0,-1884.0,1127.0,760.0,-3.0,2726.0,-107.0,338.0,338.0,0.0,,,-231.0,2619.0,-308.0,2311.0,0.0,0.0,0.0,2311.0,0.0,2311.0,0.0,0.0,2311.0,2355.596875,44.596875,707.0,3.27,3.27,3.33182,711.0,3.25,3.25,3.312724,
06/30/2018,6059.0,5679.0,380.0,-1024.0,1024.0,5035.0,0.0,-2203.0,1353.0,869.0,-19.0,2832.0,-185.0,347.0,347.0,0.0,,,-162.0,2647.0,-351.0,2296.0,0.0,0.0,0.0,2296.0,0.0,2296.0,0.0,0.0,2296.0,2289.702341,-6.297659,656.0,3.5,3.5,3.4904,660.0,3.48,3.48,3.470458,
09/30/2018,5904.0,5510.0,394.0,-1037.0,1037.0,4867.0,0.0,-2544.0,1293.0,926.0,325.0,2323.0,-229.0,355.0,355.0,0.0,,,-126.0,2094.0,-235.0,1859.0,0.0,0.0,0.0,1859.0,0.0,1859.0,0.0,0.0,1859.0,2146.143511,287.143511,645.0,2.88,2.88,3.327354,649.0,2.86,2.86,3.30244,
12/31/2018,6230.0,6001.0,229.0,-1096.0,1096.0,5134.0,0.0,-2752.0,1559.0,1182.0,11.0,2382.0,-197.0,352.0,352.0,0.0,,,-155.0,2185.0,-257.0,1928.0,0.0,0.0,0.0,1928.0,0.0,1928.0,0.0,0.0,1928.0,1944.173134,16.173134,635.0,3.04,3.04,3.06169,640.0,3.01,3.01,3.035271,
03/31/2019,5557.0,5286.0,271.0,-1055.0,1055.0,4502.0,3.0,-2033.0,1154.0,879.0,0.0,2472.0,-158.0,343.0,343.0,0.0,,,-185.0,2314.0,-322.0,1992.0,0.0,0.0,0.0,1992.0,0.0,1992.0,0.0,0.0,1992.0,1998.456376,6.456376,622.0,3.2,3.2,3.212952,626.0,3.18,3.18,3.190314,
06/30/2019,5871.0,5574.0,297.0,-1012.0,1012.0,4859.0,3.0,-2184.0,1260.0,924.0,0.0,2678.0,-114.0,332.0,332.0,0.0,,,-218.0,2564.0,-385.0,2179.0,0.0,0.0,0.0,2179.0,0.0,2179.0,0.0,0.0,2179.0,2195.711864,16.711864,607.0,3.59,3.59,3.617318,610.0,3.57,3.57,3.597396,
09/30/2019,5737.0,5463.0,274.0,-1036.0,1036.0,4701.0,0.0,-2225.0,1223.0,1001.0,1.0,2476.0,-199.0,313.0,313.0,0.0,,,-114.0,2277.0,-309.0,1968.0,0.0,0.0,0.0,1968.0,0.0,1968.0,0.0,0.0,1968.0,1976.0,8.0,599.0,3.29,3.29,3.298831,602.0,3.27,3.27,3.283289,
12/31/2019,6197.0,5881.0,316.0,-1253.0,1253.0,4944.0,0.0,-2896.0,1513.0,1312.0,71.0,2048.0,-65.0,301.0,301.0,0.0,,,-236.0,1983.0,-280.0,1703.0,0.0,0.0,0.0,1703.0,0.0,1703.0,0.0,0.0,1703.0,1760.387435,57.387435,593.0,2.87,2.87,2.968613,598.0,2.85,2.85,2.945966,
03/31/2020,6161.0,5894.0,267.0,-1513.0,1513.0,4648.0,0.0,-2293.0,1316.0,952.0,25.0,2355.0,-335.0,346.0,346.0,0.0,,,-11.0,2020.0,-195.0,1825.0,0.0,0.0,0.0,1825.0,0.0,1825.0,0.0,0.0,1825.0,1845.792935,20.792935,590.0,3.09,3.09,3.128463,594.0,3.07,3.07,3.105005,
06/30/2020,6206.0,5908.0,298.0,-1488.0,1488.0,4718.0,0.0,-2395.0,1295.0,964.0,136.0,2323.0,-293.0,296.0,296.0,0.0,,,-3.0,2030.0,-227.0,1803.0,0.0,0.0,0.0,1803.0,0.0,1803.0,0.0,0.0,1803.0,1875.531532,72.531532,588.0,3.07,3.07,3.189679,592.0,3.05,3.05,3.172519,
09/30/2020,6379.182,,,,,5529.09220668,,,,,,2953.611,,,,,,,,2533.75,,1697.636,,,,,,1697.636,,,1697.636,2216.9,,,2.983,2.983,3.724,,2.983,2.983,3.724,
12/31/2020,6659.091,,,,,5766.50644236,,,,,,2799.111,,,,,,,,2430.438,,1589.364,,,,,,1589.364,,,1589.364,2082.7,,,2.734,2.734,3.538,,2.734,2.734,3.538,
