Date,Revenue,Sales & Services Revenue,Cost of Revenue,Cost of Goods & Services,Gross Profit,Other Operating Income,Operating Expenses,"Selling, General & Admin",Selling & Marketing,General & Administrative,Research & Development,Other Operating Expense,Operating Income (Loss),Non-Operating (Income) Loss,"Interest Expense, Net",Interest Expense,Interest Income,Foreign Exch (Gain) Loss,(Income) Loss from Affiliates,Other Non-Op (Income) Loss,Pretax Income,Income Tax Expense (Benefit),Income (Loss) from Cont Ops,Net Extraordinary Losses (Gains),Discontinued Operations,XO & Accounting Changes,Income (Loss) Incl. MI,Minority Interest,"Net Income, GAAP",Preferred Dividends,Other Adjustments,"Net Income Avail to Common, GAAP","Net Income Avail to Common, Adj",Net Abnormal Losses (Gains),Basic Weighted Avg Shares,"Basic EPS, GAAP",Basic EPS from Cont Ops,"Basic EPS from Cont Ops, Adjusted",Diluted Weighted Avg Shares,"Diluted EPS, GAAP",Diluted EPS from Cont Ops,"Diluted EPS from Cont Ops, Adjusted",Source: Bloomberg
03/31/1997,16.004999,,-12.484,,3.520999,,-6.623,,,,,,-3.102,0.064,,0.0,,0.0,,-0.064,-3.038,0.0,-3.038,0.0,,,-3.038,0.0,-3.038,0.0,,-3.038,-3.038,,232.824005,-0.013333,-0.013333,-0.013333,232.824005,-0.013333,-0.013333,-0.013333,
06/30/1997,27.855,,-22.632999,,5.222,,-12.289,,,,,,-7.067,0.362,,0.0,,0.0,,-0.362,-6.705,0.0,-6.705,0.0,,,-6.705,0.0,-6.705,0.0,,-6.705,-6.705,,255.803993,-0.026667,-0.026667,-0.026667,255.803993,-0.026667,-0.026667,-0.026667,
09/30/1997,37.887001,,-30.709,,7.178001,,-16.364,,,,,,-9.186,0.676,,0.0,,0.0,,-0.676,-8.51,0.0,-8.51,0.0,,,-8.51,0.0,-8.51,0.0,,-8.51,-8.51,,275.196007,-0.035,-0.035,-0.035,275.196007,-0.035,-0.035,-0.035,
12/31/1997,66.040001,,-53.126999,,12.913002,,-24.237,,,,,,-11.324,0.516,,0.267,,0.0,,-0.783,-10.808,0.0,-10.808,0.0,,,-10.808,0.0,-10.808,0.0,,-10.808,-10.808,,278.832001,-0.04,-0.04,-0.04,278.832001,-0.04,-0.04,-0.04,
03/31/1998,87.361,,-68.063004,,19.297997,,-29.283001,,,,,,-9.985,-0.384,,2.029,,0.0,,-1.645,-10.369,0.0,-10.369,0.0,,,-10.369,0.0,-10.369,0.0,,-10.369,-10.369,,282.635994,-0.033333,-0.033333,-0.033333,282.635994,-0.033333,-0.033333,-0.033333,
06/30/1998,115.982002,,-89.793999,,26.188004,,-39.178001,,,,,,-12.99,-9.589,,7.569,,0.0,,2.02,-22.579,0.0,-22.579,0.0,,,-22.579,0.0,-22.579,0.0,,-22.579,-22.579,,292.553993,-0.075,-0.075,-0.075,292.553993,-0.075,-0.075,-0.075,
09/30/1998,153.697998,,-118.822998,,34.875,,-55.868999,,,,,,-20.993999,-24.177,,8.419,,0.0,,15.758,-45.171,0.0,-45.171001,0.0,,,-45.171,0.0,-45.171001,0.0,,-45.171001,-45.171001,,301.404007,-0.15,-0.15,-0.081667,301.404007,-0.15,-0.15,-0.081667,
12/31/1998,252.778,,-199.475006,,53.302994,,-71.299004,,,,,,-17.996,-28.431,,8.622,,0.0,,19.809,-46.427,0.0,-46.426998,0.0,,,-46.427,0.0,-46.426998,0.0,,-46.426998,-46.426998,,308.778008,-0.15,-0.15,-0.07,308.778008,-0.15,-0.15,-0.07,
03/31/1999,293.643005,,-228.852005,,64.791,,-116.370003,,,,,,-51.578999,-10.088,,16.688,,0.0,,-6.6,-61.666998,0.0,-61.667,0.0,,,-61.666998,0.0,-61.667,0.0,,-61.667,-61.667,,313.794006,-0.2,-0.2,-0.115,313.794006,-0.2,-0.2,-0.115,
06/30/1999,314.377,,-246.846,,67.531,,-139.452,,,,,,-71.921,-66.087,15.534,28.435,-12.901,0.0,,50.553,-138.008,0.0,-138.008,0.0,,,-138.008,0.0,-138.008,0.0,0.0,-138.008,-138.008,,322.34,-0.43,-0.43,-0.3285,322.34,-0.43,-0.43,-0.3285,
09/30/1999,355.777008,,-285.299988,,70.47702,,-235.807007,,,,,,-165.330002,-31.749999,,21.469999,,0.0,,10.28,-197.080001,0.0,-197.080002,0.0,,,-197.080001,0.0,-197.080002,0.0,,-197.080002,-197.080002,,332.488007,-0.59,-0.59,-0.26,332.488007,-0.59,-0.59,-0.26,
12/31/1999,676.041992,,-588.195984,,87.846008,,-170.026001,,,,,,-82.18,-241.032997,,17.973,-5.798,0.0,,228.857997,-323.212997,0.0,-323.213013,0.0,,,-323.212997,0.0,-323.213013,0.0,,-323.213013,-323.213013,,338.389008,-0.96,-0.96,-0.55,338.389008,-0.96,-0.96,-0.55,
03/31/2000,573.888977,,-445.755005,,128.133972,,-324.006989,,,,,,-195.873001,-112.552,,27.621,-10.126,0.0,,95.057,-308.425001,0.0,-308.424988,0.0,,,-308.425001,0.0,-308.424988,0.0,0.0,-308.424988,-308.424988,,343.884003,-0.9,-0.9,-0.35,343.884003,-0.9,-0.9,-0.35,
06/30/2000,577.875977,,-441.812012,,136.063965,,-313.992004,,,,,,-177.927994,-139.256001,,33.396999,-10.314,0.0,,116.173001,-317.183994,0.0,-317.18399,0.0,,,-317.183994,0.0,-317.18399,0.0,0.0,-317.18399,-317.18399,,349.885986,-0.91,-0.91,-0.33,349.885986,-0.91,-0.91,-0.33,
09/30/2000,637.857971,,-470.57901,,167.278961,,-319.002991,,,,,,-151.723999,-88.799999,,33.808998,-9.402,0.0,,64.393002,-240.523998,0.0,-240.524002,0.0,,,-240.523998,0.0,-240.524002,0.0,0.0,-240.524002,-240.524002,,353.95401,-0.68,-0.68,-0.25,353.95401,-0.68,-0.68,-0.25,
12/31/2000,972.359985,,-748.059998,,224.299988,,-362.343994,,,,,,-138.044006,-407.096016,,36.094002,-10.979,0.0,,381.981014,-545.140022,0.0,-545.140015,0.0,,,-545.140022,0.0,-545.140015,0.0,0.0,-545.140015,-545.140015,,355.681,-1.53,-1.53,-0.25,355.681,-1.53,-1.53,-0.25,
03/31/2001,700.356018,,-517.758972,,182.597046,,-284.945007,,,,,,-102.348,-121.260002,,33.748001,-9.95,0.0,,97.462001,-223.608002,0.0,-223.608002,10.523,,,-234.131001,0.0,-234.130997,0.0,0.0,-234.130997,-234.130997,,357.424011,-0.66,-0.63,-0.21,357.424011,-0.66,-0.63,-0.21,
06/30/2001,667.625,,-487.904999,,179.720001,,-260.910004,,,,,,-81.190002,-87.168999,,35.147999,-6.807,0.0,,58.828,-168.359001,0.0,-168.358994,0.0,,,-168.359001,0.0,-168.358994,0.0,0.0,-168.358994,-168.358994,,359.752014,-0.47,-0.47,-0.16,359.752014,-0.47,-0.47,-0.16,
09/30/2001,639.281,,-477.089,,162.192,,-228.532,,,,,,-66.34,-103.534,28.73,35.046,-6.316,0.0,,74.804,-169.874,0.0,-169.874,0.0,,,-169.874,0.0,-169.874,0.0,0.0,-169.874,-169.874,,368.052,-0.46,-0.46,-0.46,368.052,-0.46,-0.46,-0.46,
12/31/2001,1115.171021,,-841.122009,,274.049011,,-252.276001,,,,,,21.773001,-16.686001,,35.290001,-6.03,0.0,,-12.574,5.087,0.0,5.087,0.0,,,5.087,0.0,5.087,0.0,0.0,5.087,5.087,,371.420013,0.01,0.01,0.09,384.045013,0.01,0.01,0.09,
03/31/2002,847.421997,,-624.296997,,223.125,,-211.376999,,,,,,11.748,-35.698999,,35.243999,-5.652,0.0,,6.107,-23.950999,0.0,-23.951,-0.801,,,-23.149999,0.0,-23.15,0.0,0.0,-23.15,-23.15,,373.031006,-0.06,-0.06,-0.01,373.031006,-0.06,-0.06,-0.01,
06/30/2002,805.60498,,-587.437988,,218.166992,,-216.695007,,,,,,1.472,-95.025002,,35.651001,-5.65,0.0,,65.024001,-93.553002,0.0,-93.553001,0.0,,,-93.553002,0.0,-93.553001,0.0,0.0,-93.553001,-93.553001,,376.937012,-0.25,-0.25,-0.01,376.937012,-0.25,-0.25,-0.01,
09/30/2002,851.299011,,-635.132019,,216.166992,,-189.054993,,,,,,27.112,-62.192001,,35.922001,-5.6,0.0,,31.87,-35.080002,0.0,-35.080002,0.0,,,-35.080002,0.0,-35.080002,0.0,0.0,-35.080002,-35.080002,,379.649994,-0.09,-0.09,0.0,379.649994,-0.09,-0.09,0.0,
12/31/2002,1428.609985,,-1093.45105,,335.158936,,-269.794006,,,,,,65.364998,-62.714003,,36.108002,-6.785,0.0,,33.391001,2.650995,0.0,2.651,0.0,,,2.650995,0.0,2.651,0.0,0.0,2.651,2.651,,383.701996,0.01,0.01,0.2,407.056,0.01,0.01,0.19,
03/31/2003,1083.55896,,-812.97699,,270.58197,,-231.356995,,,,,,39.224998,-49.346002,,36.511002,-6.54,0.0,,19.375,-10.121003,0.0,-10.121,0.0,,,-10.121003,0.0,-10.121,0.0,0.0,-10.121,-10.121,,388.540985,-0.03,-0.03,0.1,411.091003,-0.03,-0.03,0.1,
06/30/2003,1099.911987,,-825.984009,,273.927979,,-232.104996,,,,,,41.823002,-85.137001,,34.367001,-5.761,0.0,,56.531001,-43.313999,0.0,-43.313999,0.0,,,-43.313999,0.0,-43.313999,0.0,0.0,-43.313999,-43.313999,,393.876007,-0.11,-0.11,0.11,418.138,-0.11,-0.11,0.1,
09/30/2003,1134.456055,,-848.63501,,285.821045,,-233.889999,,,,,,51.931,-36.368,,29.802,-4.324,0.0,,10.89,15.563,0.0,15.563,0.0,,,15.563,0.0,15.563,0.0,0.0,15.563,15.563,,397.911987,0.04,0.04,0.12,422.802002,0.04,0.04,0.11,
12/31/2003,1945.772,,-1518.935,,426.837,,-289.081,,,,,,137.756,-64.602,,29.299,-5.33,,,40.633,73.154,,73.154,,,,,,73.154,,,73.154,73.154,,401.422,0.18,0.18,0.18,425.214,0.17,0.17,0.17,
03/31/2004,1530.348999,,-1169.515015,,360.833984,,-250.399002,,,,,,110.434998,0.700998,,27.731001,-5.555,1.0,,-23.876999,111.135996,0.0,111.136002,0.0,,,111.135996,0.0,111.136002,0.0,0.0,111.136002,111.136002,,403.541992,0.28,0.28,0.24,424.519012,0.26,0.26,0.23,
06/30/2004,1387.340942,,-1046.295044,,341.045898,,-261.921997,,,,,,79.124001,-2.644001,,26.055,-5.311,0.329,,-18.429,76.48,0.0,76.480003,0.0,,,76.48,0.0,76.480003,0.0,0.0,76.480003,76.480003,,405.268005,0.19,0.19,0.18,424.678009,0.18,0.18,0.18,
09/30/2004,1462.474976,,-1106.823975,,355.651001,,-274.377014,,,,,,81.274002,-27.126999,,26.306999,-7.553,0.285,,8.088,54.147003,0.0,54.146999,0.0,,,54.147003,0.0,54.146999,0.0,0.0,54.146999,54.146999,,406.647003,0.13,0.13,0.18,424.777008,0.13,0.13,0.17,
12/31/2004,2540.958984,,-1996.493042,,544.465942,,-374.873993,,,,,,169.591995,-55.485,,27.134001,-9.778,3.6,,34.528999,114.106995,232.580994,346.687988,0.0,,,346.687989,0.0,346.687988,0.0,0.0,346.687988,346.687988,,408.22699,0.85,0.85,0.36,425.033997,0.82,0.82,0.35,
03/31/2005,1902.0,,-1444.0,,458.0,,-350.0,,,,,,108.0,2e-06,17.0,26.0,-9.0,9.4,,-26.400002,108.000002,-56.0,52.0,-26.0,,,78.000002,0.0,78.0,0.0,0.0,78.0,78.0,,410.0,0.19,0.13,0.13,423.0,0.18,0.12,0.12,
06/30/2005,1753.0,,-1303.0,,450.0,,-346.0,,,,,,104.0,4.0,13.0,22.0,-9.0,,,-17.0,108.0,-56.0,52.0,0.0,,,52.0,0.0,52.0,0.0,0.0,52.0,52.0,,411.0,0.13,0.13,0.13,425.0,0.12,0.12,0.12,
09/30/2005,1858.0,,-1395.0,,463.0,,-408.0,,,,,,55.0,-4.0,10.0,22.0,-12.0,,,-6.0,51.0,-21.0,30.0,0.0,,,30.0,0.0,30.0,0.0,0.0,30.0,30.0,,413.0,0.07,0.07,0.13,428.0,0.07,0.07,0.13,
12/31/2005,2977.0,,-2310.0,,667.0,,-502.0,,,,,,165.0,-4.0,8.0,22.0,-14.0,,,-4.0,161.0,38.0,199.0,0.0,,,199.0,0.0,199.0,0.0,0.0,199.0,199.0,,415.0,0.48,0.48,0.26,426.0,0.47,0.47,0.26,
03/31/2006,2279.0,,-1732.0,,547.0,,-441.0,,,,,,106.0,-10.0,,21.0,-15.0,0.0,,4.0,96.0,-45.0,51.0,0.0,,,51.0,0.0,51.0,0.0,0.0,51.0,51.0,,417.0,0.12,0.12,0.12,426.0,0.12,0.12,0.12,
06/30/2006,2139.0,,-1630.0,,509.0,,-462.0,,,,,,47.0,7.0,,19.0,-13.0,0.0,,-13.0,54.0,-32.0,22.0,0.0,,,22.0,0.0,22.0,0.0,0.0,22.0,22.0,,418.0,0.05,0.05,0.05,426.0,0.05,0.05,0.05,
09/30/2006,2307.0,,-1758.0,,549.0,,-509.0,,,,,,40.0,-2.0,7.0,21.0,-14.0,0.0,,-5.0,38.0,-19.0,19.0,0.0,,,19.0,0.0,19.0,0.0,0.0,19.0,19.0,,417.0,0.05,0.05,0.05,424.0,0.05,0.05,0.05,
12/31/2006,3986.0,,-3135.0,,851.0,,-655.0,,,,,,196.0,-7.0,,17.0,-17.0,0.0,,7.0,189.0,-91.0,98.0,0.0,,,98.0,0.0,98.0,0.0,0.0,98.0,98.0,,416.0,0.24,0.24,0.24,424.0,0.23,0.23,0.23,
03/31/2007,3015.0,,-2296.0,,719.0,,-574.0,,,,,,145.0,-1.0,-1.0,19.0,-20.0,0.0,,2.0,144.0,-33.0,111.0,0.0,,,111.0,0.0,111.0,0.0,0.0,111.0,111.0,,412.0,0.27,0.27,0.27,420.0,0.26,0.26,0.26,
06/30/2007,2886.0,,-2185.0,,701.0,,-585.0,,,,,,116.0,-5.0,,19.0,-20.0,0.0,,6.0,111.0,-33.0,78.0,0.0,,,78.0,0.0,78.0,0.0,0.0,78.0,78.0,,412.0,0.19,0.19,0.19,423.0,0.19,0.19,0.19,
09/30/2007,3262.0,,-2500.0,,762.0,,-639.0,,,,,,123.0,1.0,,19.0,-23.0,0.0,,3.0,124.0,-44.0,80.0,0.0,,,80.0,0.0,80.0,0.0,0.0,80.0,80.0,,414.0,0.19,0.19,0.19,425.0,0.19,0.19,0.19,
12/31/2007,5673.0,,-4503.0,,1170.0,,-899.0,197.0,133.0,,,702.0,271.0,10.0,-7.0,21.0,-28.0,0.0,,-3.0,281.0,-74.0,207.0,0.0,,,207.0,0.0,207.0,0.0,0.0,207.0,207.0,,416.0,0.5,0.5,0.5,427.0,0.48,0.48,0.48,
03/31/2008,4135.0,,-3179.0,,956.0,,-758.0,,,,,,198.0,7.0,,22.0,-26.0,0.0,,-3.0,205.0,-62.0,143.0,0.0,,,143.0,0.0,143.0,0.0,0.0,143.0,143.0,,417.0,0.34,0.34,0.34,426.0,0.34,0.34,0.34,
06/30/2008,4063.0,,-3096.0,,967.0,,-750.0,,,,,,217.0,-13.0,,21.0,-20.0,0.0,,12.0,204.0,-46.0,158.0,0.0,,,158.0,0.0,158.0,0.0,0.0,158.0,158.0,,420.0,0.38,0.38,0.28,430.0,0.37,0.37,0.27,
09/30/2008,4264.0,,-3265.0,,999.0,,-845.0,,,,,,154.0,23.0,,17.0,-21.0,0.0,,-19.0,177.0,-59.0,118.0,0.0,,,118.0,0.0,118.0,0.0,0.0,118.0,118.0,,427.0,0.28,0.28,0.28,436.0,0.27,0.27,0.27,
12/31/2008,6704.0,,-5356.0,,1348.0,0.0,-1076.0,241.0,169.0,,,835.0,272.0,32.0,-4.0,12.0,-16.0,,,-26.0,304.0,-79.0,225.0,0.0,,,225.0,0.0,225.0,0.0,0.0,225.0,225.0,,428.0,0.52,0.52,0.52,436.0,0.52,0.52,0.52,
03/31/2009,4889.0,4889.0,-3741.0,3741.0,1148.0,0.0,-904.0,196.0,128.0,68.0,275.0,433.0,244.0,4.0,0.0,12.0,-12.0,,-2.0,-4.0,248.0,-69.0,177.0,0.0,0.0,0.0,177.0,0.0,177.0,0.0,0.0,177.0,175.7,-1.3,429.0,0.41,0.41,0.409557,437.0,0.41,0.41,0.407025,
06/30/2009,4651.0,4651.0,-3518.0,3518.0,1133.0,0.0,-974.0,206.0,129.0,77.0,299.0,469.0,159.0,20.0,-1.0,7.0,-8.0,,2.0,-19.0,179.0,-39.0,142.0,0.0,0.0,0.0,142.0,0.0,142.0,0.0,0.0,142.0,173.85,31.85,431.0,0.33,0.33,0.403364,440.0,0.32,0.32,0.392386,
09/30/2009,5449.0,5449.0,-4176.0,4176.0,1273.0,0.0,-1022.0,232.0,149.0,83.0,315.0,475.0,251.0,11.0,0.0,7.0,-7.0,,-3.0,-11.0,262.0,-60.0,199.0,0.0,0.0,0.0,199.0,0.0,199.0,0.0,0.0,199.0,198.35,-0.65,432.0,0.46,0.46,0.459144,441.0,0.45,0.45,0.448526,
12/31/2009,9519.0,9519.0,-7543.0,7543.0,1976.0,0.0,-1500.0,374.0,274.0,100.0,350.0,776.0,476.0,-5.0,-1.0,8.0,-9.0,,-2.0,6.0,471.0,-85.0,384.0,0.0,0.0,0.0,384.0,0.0,384.0,0.0,0.0,384.0,384.65,0.65,440.0,0.87,0.87,0.874205,450.0,0.85,0.85,0.851444,
03/31/2010,7131.0,7131.0,-5501.0,5501.0,1630.0,0.0,-1236.0,298.0,201.0,97.0,366.0,572.0,394.0,7.0,-4.0,7.0,-11.0,,-2.0,-3.0,401.0,-100.0,299.0,0.0,0.0,0.0,299.0,0.0,299.0,0.0,0.0,299.0,299.0,0.0,445.0,0.67,0.67,0.67,454.0,0.66,0.66,0.66,
06/30/2010,6566.0,6566.0,-4957.0,4957.0,1609.0,0.0,-1339.0,324.0,211.0,113.0,408.0,607.0,270.0,27.0,-3.0,9.0,-12.0,,-2.0,-24.0,297.0,-88.0,207.0,0.0,0.0,0.0,207.0,0.0,207.0,0.0,0.0,207.0,207.0,0.0,447.0,0.46,0.46,0.46,455.0,0.45,0.45,0.45,
09/30/2010,7560.0,7560.0,-5786.0,5786.0,1774.0,0.0,-1506.0,358.0,241.0,117.0,442.0,706.0,268.0,24.0,-2.0,11.0,-13.0,,18.0,-22.0,292.0,-79.0,231.0,0.0,0.0,0.0,231.0,0.0,231.0,0.0,0.0,231.0,231.0,0.0,448.0,0.51,0.51,0.51,456.0,0.51,0.51,0.51,
12/31/2010,12948.0,12948.0,-10317.0,10317.0,2631.0,0.0,-2157.0,519.0,376.0,143.0,519.0,1119.0,474.0,32.0,-3.0,11.0,-14.0,,-6.0,-29.0,506.0,-84.0,416.0,0.0,0.0,0.0,416.0,0.0,416.0,0.0,0.0,416.0,416.0,0.0,450.0,0.93,0.93,0.93,458.0,0.91,0.91,0.91,
03/31/2011,9857.0,9857.0,-7608.0,7608.0,2249.0,0.0,-1927.0,460.0,327.0,133.0,579.0,888.0,322.0,-15.0,-3.0,12.0,-15.0,,-17.0,18.0,307.0,-89.0,201.0,0.0,0.0,0.0,201.0,0.0,201.0,0.0,0.0,201.0,201.0,0.0,451.0,0.44,0.44,0.44,459.0,0.44,0.44,0.44,
06/30/2011,9913.0,9913.0,-7525.0,7525.0,2388.0,0.0,-2187.0,507.0,341.0,166.0,698.0,982.0,201.0,24.0,-1.0,15.0,-16.0,,15.0,-23.0,225.0,-49.0,191.0,0.0,0.0,0.0,191.0,0.0,191.0,0.0,0.0,191.0,191.0,0.0,453.0,0.42,0.42,0.42,460.0,0.41,0.41,0.41,
09/30/2011,10876.0,10876.0,-8325.0,8325.0,2551.0,0.0,-2472.0,545.0,370.0,175.0,769.0,1158.0,79.0,51.0,1.0,17.0,-16.0,,0.0,-52.0,130.0,-67.0,63.0,0.0,0.0,0.0,63.0,0.0,63.0,0.0,0.0,63.0,63.0,0.0,454.0,0.14,0.14,0.14,461.0,0.14,0.14,0.14,
12/31/2011,17431.0,17431.0,-13830.0,13830.0,3601.0,0.0,-3341.0,777.0,593.0,184.0,862.0,1702.0,260.0,13.0,6.0,20.0,-14.0,,-10.0,-19.0,273.0,-86.0,177.0,0.0,0.0,0.0,177.0,0.0,177.0,0.0,0.0,177.0,177.0,0.0,455.0,0.39,0.39,0.39,462.0,0.38,0.38,0.38,
03/31/2012,13185.0,13185.0,-10027.0,10027.0,3158.0,0.0,-2966.0,680.0,480.0,200.0,945.0,1341.0,192.0,-108.0,9.0,21.0,-12.0,,89.0,99.0,84.0,-43.0,130.0,0.0,0.0,0.0,130.0,0.0,130.0,0.0,0.0,130.0,130.0,0.0,453.0,0.29,0.29,0.29,460.0,0.28,0.28,0.28,
06/30/2012,12834.0,12834.0,-9488.0,9488.0,3346.0,0.0,-3239.0,769.0,537.0,232.0,1082.0,1388.0,107.0,39.0,11.0,21.0,-10.0,,-30.0,-50.0,146.0,-109.0,7.0,0.0,0.0,0.0,7.0,0.0,7.0,0.0,0.0,7.0,72.0,65.0,451.0,0.02,0.02,0.159645,458.0,0.01,0.01,0.151921,
09/30/2012,13806.0,13806.0,-10319.0,10319.0,3487.0,0.0,-3515.0,770.0,540.0,230.0,1192.0,1553.0,-28.0,6.0,12.0,22.0,-10.0,,-169.0,-18.0,-22.0,-83.0,-274.0,0.0,0.0,0.0,-274.0,0.0,-274.0,0.0,0.0,-274.0,-129.0,145.0,452.0,-0.6,-0.6,-0.285398,460.0,-0.6,-0.6,-0.285398,
12/31/2012,21268.0,21268.0,-16136.0,16136.0,5132.0,0.0,-4727.0,1086.0,851.0,235.0,1345.0,2296.0,405.0,-68.0,19.0,28.0,-9.0,,-46.0,49.0,337.0,-194.0,97.0,0.0,0.0,0.0,97.0,0.0,97.0,0.0,0.0,97.0,122.0,25.0,454.0,0.21,0.21,0.268722,461.0,0.21,0.21,0.26423,
03/31/2013,16070.0,16070.0,-11801.0,11801.0,4269.0,0.0,-4088.0,878.0,632.0,246.0,1383.0,1827.0,181.0,-100.0,23.0,33.0,-10.0,,-17.0,77.0,81.0,18.0,82.0,0.0,0.0,0.0,82.0,0.0,82.0,0.0,0.0,82.0,82.0,0.0,455.0,0.18,0.18,0.18,463.0,0.18,0.18,0.18,
06/30/2013,15704.0,15704.0,-11209.0,11209.0,4495.0,0.0,-4416.0,961.0,675.0,286.0,1586.0,1869.0,79.0,-62.0,24.0,33.0,-9.0,,-11.0,38.0,17.0,-13.0,-7.0,0.0,0.0,0.0,-7.0,0.0,-7.0,0.0,0.0,-7.0,-7.0,0.0,456.0,-0.02,-0.02,-0.02,456.0,-0.02,-0.02,-0.02,
09/30/2013,17092.0,17092.0,-12366.0,12366.0,4726.0,0.0,-4751.0,972.0,694.0,278.0,1734.0,2045.0,-25.0,-18.0,27.0,36.0,-9.0,,-10.0,-9.0,-43.0,12.0,-41.0,0.0,0.0,0.0,-41.0,0.0,-41.0,0.0,0.0,-41.0,-41.0,0.0,457.0,-0.09,-0.09,-0.09,457.0,-0.09,-0.09,-0.09,
12/31/2013,25587.0,25587.0,-18806.0,18806.0,6781.0,0.0,-6271.0,1451.0,1133.0,318.0,1862.0,2958.0,510.0,-59.0,29.0,39.0,-10.0,,-33.0,30.0,451.0,-179.0,239.0,0.0,0.0,0.0,239.0,0.0,239.0,0.0,0.0,239.0,239.0,0.0,458.0,0.52,0.52,0.52,467.0,0.51,0.51,0.51,
03/31/2014,19741.0,19741.0,-14055.0,14055.0,5686.0,0.0,-5540.0,1197.0,870.0,327.0,1991.0,2352.0,146.0,-26.0,31.0,42.0,-11.0,,61.0,-5.0,120.0,-73.0,108.0,0.0,0.0,0.0,108.0,0.0,108.0,0.0,0.0,108.0,108.0,0.0,460.0,0.23,0.23,0.23,468.0,0.23,0.23,0.23,
06/30/2014,19340.0,19340.0,-13399.0,13399.0,5941.0,0.0,-5956.0,1320.0,943.0,377.0,2226.0,2410.0,-15.0,-12.0,34.0,45.0,-11.0,,-5.0,-22.0,-27.0,-94.0,-126.0,0.0,0.0,0.0,-126.0,0.0,-126.0,0.0,0.0,-126.0,-126.0,0.0,461.0,-0.27,-0.27,-0.27,461.0,-0.27,-0.27,-0.27,
09/30/2014,20579.0,20579.0,-14627.0,14627.0,5952.0,0.0,-6496.0,1399.0,993.0,406.0,2423.0,2674.0,-544.0,-90.0,40.0,49.0,-9.0,,-8.0,50.0,-634.0,205.0,-437.0,0.0,0.0,0.0,-437.0,0.0,-437.0,0.0,0.0,-437.0,-326.5,110.5,463.0,-0.95,-0.95,-0.705184,463.0,-0.95,-0.95,-0.711339,
12/31/2014,29328.0,29328.0,-20671.0,20671.0,8657.0,0.0,-8066.0,1968.0,1526.0,442.0,2635.0,3463.0,591.0,-162.0,66.0,74.0,-8.0,,-10.0,96.0,429.0,-205.0,214.0,0.0,0.0,0.0,214.0,0.0,214.0,0.0,0.0,214.0,212.05,-1.95,464.0,0.46,0.46,0.457004,472.0,0.45,0.45,0.445869,
03/31/2015,22717.0,22717.0,-15395.0,15395.0,7322.0,0.0,-7067.0,1510.0,1083.0,427.0,2754.0,2803.0,255.0,-234.0,104.0,115.0,-11.0,,-7.0,130.0,21.0,-71.0,-57.0,0.0,0.0,0.0,-57.0,0.0,-57.0,0.0,0.0,-57.0,-56.35,0.65,465.0,-0.12,-0.12,-0.121183,465.0,-0.12,-0.12,-0.121183,
06/30/2015,23185.0,23185.0,-15160.0,15160.0,8025.0,0.0,-7561.0,1617.0,1150.0,467.0,3020.0,2924.0,464.0,-102.0,102.0,114.0,-12.0,,-4.0,0.0,362.0,-266.0,92.0,0.0,0.0,0.0,92.0,0.0,92.0,0.0,0.0,92.0,92.65,0.65,467.0,0.2,0.2,0.198394,476.0,0.19,0.19,0.191366,
09/30/2015,25358.0,25358.0,-16755.0,16755.0,8603.0,0.0,-8197.0,1727.0,1264.0,463.0,3197.0,3273.0,406.0,-159.0,103.0,116.0,-13.0,,-7.0,56.0,247.0,-161.0,79.0,0.0,0.0,0.0,79.0,0.0,79.0,0.0,0.0,79.0,79.0,0.0,468.0,0.17,0.17,0.17,478.0,0.17,0.17,0.17,
12/31/2015,35747.0,35747.0,-24341.0,24341.0,11406.0,0.0,-10298.0,2145.0,1755.0,390.0,3571.0,4582.0,1108.0,-170.0,102.0,115.0,-13.0,,-3.0,68.0,938.0,-453.0,482.0,0.0,0.0,0.0,482.0,0.0,482.0,0.0,0.0,482.0,483.95,1.95,470.0,1.03,1.03,1.029681,481.0,1.0,1.0,1.004054,
03/31/2016,29128.0,29128.0,-18866.0,18866.0,10262.0,0.0,-9191.0,1933.0,1436.0,497.0,3526.0,3732.0,1071.0,-15.0,96.0,117.0,-21.0,,-68.0,-81.0,1056.0,-475.0,513.0,0.0,0.0,0.0,513.0,0.0,513.0,0.0,0.0,513.0,513.0,0.0,471.0,1.09,1.09,1.09,481.0,1.07,1.07,1.07,
06/30/2016,30404.0,30404.0,-19180.0,19180.0,11224.0,0.0,-9939.0,2126.0,1546.0,580.0,3880.0,3933.0,1285.0,-106.0,92.0,116.0,-24.0,,-15.0,14.0,1179.0,-307.0,857.0,0.0,0.0,0.0,857.0,0.0,857.0,0.0,0.0,857.0,857.0,0.0,473.0,1.81,1.81,1.81,483.0,1.78,1.78,1.78,
09/30/2016,32714.0,32714.0,-21260.0,21260.0,11454.0,0.0,-10879.0,2377.0,1738.0,639.0,4135.0,4367.0,575.0,-84.0,92.0,118.0,-26.0,,-10.0,-8.0,491.0,-229.0,252.0,0.0,0.0,0.0,252.0,0.0,252.0,0.0,0.0,252.0,252.0,0.0,474.0,0.53,0.53,0.53,485.0,0.52,0.52,0.52,
12/31/2016,43741.0,43741.0,-28959.0,28959.0,14782.0,0.0,-13527.0,3229.0,2513.0,716.0,4544.0,5754.0,1255.0,-89.0,104.0,133.0,-29.0,,-3.0,-15.0,1166.0,-414.0,749.0,0.0,0.0,0.0,749.0,0.0,749.0,0.0,0.0,749.0,754.2,5.2,478.0,1.566946,1.566946,1.577824,487.0,1.537988,1.537988,1.548665,
03/31/2017,35714.0,35714.0,-22440.0,22440.0,13274.0,0.0,-12269.0,2715.0,1920.0,795.0,4813.0,4741.0,1005.0,-52.0,100.0,139.0,-39.0,,0.0,-48.0,953.0,-229.0,724.0,0.0,0.0,0.0,724.0,0.0,724.0,0.0,0.0,724.0,724.0,0.0,477.0,1.52,1.52,1.52,490.0,1.48,1.48,1.48,
06/30/2017,37955.0,37955.0,-23451.0,23451.0,14504.0,0.0,-13876.0,3103.0,2229.0,874.0,5549.0,5224.0,628.0,38.0,99.0,143.0,-44.0,,-2.0,-137.0,666.0,-467.0,197.0,0.0,0.0,0.0,197.0,0.0,197.0,0.0,0.0,197.0,197.0,0.0,479.0,0.41,0.41,0.41,492.0,0.4,0.4,0.4,
09/30/2017,43744.0,43744.0,-27549.0,27549.0,16195.0,0.0,-15848.0,3439.0,2479.0,960.0,5944.0,6465.0,347.0,-31.0,174.0,228.0,-54.0,,-2.0,-143.0,316.0,-58.0,256.0,0.0,0.0,0.0,256.0,0.0,256.0,0.0,0.0,256.0,256.0,0.0,481.0,0.53,0.53,0.53,494.0,0.52,0.52,0.52,
12/31/2017,60453.0,60453.0,-38494.0,38494.0,21959.0,0.0,-19832.0,4484.0,3440.0,1044.0,6314.0,9034.0,2127.0,-255.0,273.0,339.0,-66.0,,0.0,-18.0,1872.0,-16.0,1856.0,0.0,0.0,0.0,1856.0,0.0,1856.0,0.0,0.0,1856.0,1856.0,0.0,483.0,3.85,3.85,3.85,496.0,3.75,3.75,3.75,
03/31/2018,51042.0,51042.0,-30735.0,30735.0,20307.0,0.0,-18380.0,3766.0,2699.0,1067.0,6759.0,7855.0,1927.0,-11.0,250.0,330.0,-80.0,,0.0,-239.0,1916.0,-287.0,1629.0,0.0,0.0,0.0,1629.0,0.0,1629.0,0.0,0.0,1629.0,1629.0,0.0,484.0,3.36,3.36,3.36,498.0,3.27,3.27,3.27,
06/30/2018,52886.0,52886.0,-30632.0,30632.0,22254.0,0.0,-19271.0,4012.0,2901.0,1111.0,7247.0,8012.0,2983.0,-378.0,249.0,343.0,-94.0,,3.0,129.0,2605.0,-74.0,2534.0,0.0,0.0,0.0,2534.0,0.0,2534.0,0.0,0.0,2534.0,1938.0,-596.0,486.0,5.21,5.21,3.987654,500.0,5.07,5.07,3.878,
09/30/2018,56576.0,56576.0,-33003.0,33003.0,23573.0,0.0,-19849.0,4344.0,3303.0,1041.0,7162.0,8343.0,3724.0,-334.0,241.0,358.0,-117.0,,1.0,93.0,3390.0,-508.0,2883.0,0.0,0.0,0.0,2883.0,0.0,2883.0,0.0,0.0,2883.0,2883.0,0.0,488.0,5.91,5.91,5.91,501.0,5.75,5.75,5.75,
12/31/2018,72383.0,72383.0,-44786.0,44786.0,27597.0,0.0,-23811.0,6028.0,4911.0,1117.0,7669.0,10114.0,3786.0,-436.0,237.0,387.0,-150.0,,4.0,199.0,3350.0,-327.0,3027.0,0.0,0.0,0.0,3027.0,0.0,3027.0,0.0,0.0,3027.0,3027.0,0.0,490.0,6.18,6.18,6.18,501.0,6.04,6.04,6.04,
03/31/2019,59700.0,59700.0,-33920.0,33920.0,25780.0,0.0,-21360.0,4837.0,3664.0,1173.0,7927.0,8596.0,4420.0,-19.0,183.0,366.0,-183.0,,-4.0,-164.0,4401.0,-836.0,3561.0,0.0,0.0,0.0,3561.0,0.0,3561.0,0.0,0.0,3561.0,3561.0,0.0,491.0,7.24,7.24,7.24,502.0,7.09,7.09,7.09,
06/30/2019,63404.0,63404.0,-36337.0,36337.0,27067.0,0.0,-23983.0,5561.0,4291.0,1270.0,9065.0,9357.0,3084.0,-195.0,168.0,383.0,-215.0,,-7.0,27.0,2889.0,-257.0,2625.0,0.0,0.0,0.0,2625.0,0.0,2625.0,0.0,0.0,2625.0,2625.0,0.0,493.0,5.32,5.32,5.32,503.0,5.22,5.22,5.22,
09/30/2019,69981.0,69981.0,-41302.0,41302.0,28679.0,0.0,-25522.0,6100.0,4752.0,1348.0,9200.0,10222.0,3157.0,-525.0,172.0,396.0,-224.0,,-4.0,353.0,2632.0,-494.0,2134.0,0.0,0.0,0.0,2134.0,0.0,2134.0,0.0,0.0,2134.0,2134.0,0.0,495.0,4.31,4.31,4.31,504.0,4.23,4.23,4.23,
12/31/2019,87437.0,87437.0,-53977.0,53977.0,33460.0,0.0,-29581.0,7584.0,6172.0,1412.0,9740.0,12257.0,3879.0,174.0,244.0,455.0,-211.0,,1.0,-418.0,4053.0,-786.0,3268.0,0.0,0.0,0.0,3268.0,0.0,3268.0,0.0,0.0,3268.0,3268.0,0.0,496.0,6.58,6.58,6.58,505.0,6.47,6.47,6.47,
03/31/2020,75452.0,75452.0,-44257.0,44257.0,31195.0,0.0,-27206.0,6280.0,4828.0,1452.0,9325.0,11601.0,3989.0,-606.0,200.0,402.0,-202.0,,-104.0,406.0,3383.0,-744.0,2535.0,0.0,0.0,0.0,2535.0,0.0,2535.0,0.0,0.0,2535.0,2535.0,0.0,498.0,5.09,5.09,5.09,506.0,5.01,5.01,5.01,
06/30/2020,88912.0,88912.0,-52660.0,52660.0,36252.0,0.0,-30409.0,5925.0,4345.0,1580.0,10388.0,14096.0,5843.0,378.0,268.0,403.0,-135.0,,6.0,-646.0,6221.0,-984.0,5243.0,0.0,0.0,0.0,5243.0,0.0,5243.0,0.0,0.0,5243.0,5243.0,0.0,500.0,10.5,10.5,10.5,509.0,10.3,10.3,10.3,
09/30/2020,91914.333,,,,37195.89227844,,,,,,,,4528.588,,,,,,,,4649.556,,3755.697,,,,,,3755.697,,,3755.697,5547.889,,,7.26,7.26,11.136,,7.26,7.26,11.136,
12/31/2020,111159.821,,,,42672.03208548,,,,,,,,5728.294,,,,,,,,5564.846,,4505.563,,,,,,4505.563,,,4505.563,6581.333,,,8.91,8.91,13.022,,8.91,8.91,13.022,
