Date,Revenue,Sales & Services Revenue,Other Revenue,Cost of Revenue,Cost of Goods & Services,Depreciation & Amortization,Gross Profit,Other Operating Income,Operating Expenses,"Selling, General & Admin",General & Administrative,Other Operating Expense,Operating Income (Loss),Non-Operating (Income) Loss,"Interest Expense, Net",Interest Expense,Interest Income,Foreign Exch (Gain) Loss,Other Non-Op (Income) Loss,Pretax Income,Income Tax Expense (Benefit),Current Income Tax,Deferred Income Tax,Income (Loss) from Cont Ops,Net Extraordinary Losses (Gains),Discontinued Operations,XO & Accounting Changes,Income (Loss) Incl. MI,Minority Interest,"Net Income, GAAP",Preferred Dividends,Other Adjustments,"Net Income Avail to Common, GAAP","Net Income Avail to Common, Adj",Net Abnormal Losses (Gains),Basic Weighted Avg Shares,"Basic EPS, GAAP",Basic EPS from Cont Ops,"Basic EPS from Cont Ops, Adjusted",Diluted Weighted Avg Shares,"Diluted EPS, GAAP",Diluted EPS from Cont Ops,"Diluted EPS from Cont Ops, Adjusted",Source: Bloomberg
12/31/1989,65.666992,,,,,,,,,,,,,,,,,,,,,,,,,,,,,7.134999,,,7.134999,7.134999,,90.898496,0.077922,0.077922,,90.898496,0.077922,0.077922,0.077922,
03/31/1990,64.761002,,,-45.367001,,,19.394001,,-4.303,,,,15.091,1.787,,2.864,,0.0,-4.651,16.878,-5.376,,,11.502,0.0,,,11.502,0.0,11.502,0.0,,11.502,11.502,,103.037549,0.112554,0.112554,,103.037549,0.112554,0.112554,0.112554,
06/30/1990,56.956001,,,-40.338001,,,16.618,,-5.216,,,,11.402,-0.907,,2.69,,0.0,-1.783,10.495,-2.844,,,7.651,0.0,,,7.651,0.0,7.651,0.0,,7.651,7.651,,103.037549,0.073593,0.073593,,103.037549,0.073593,0.073593,0.073593,
09/30/1990,62.210999,,,-42.995998,,,19.215,,-5.472,,,,13.743,-0.136,,2.993,,0.0,-2.857,13.607,-4.151,,,9.456,0.0,,,9.456,0.0,9.456,0.0,,9.456,9.456,,103.298577,0.090909,0.090909,,103.298577,0.090909,0.090909,0.090909,
12/31/1990,77.347,,,-54.743,,,22.604,,-6.516,,,,16.087999,0.405,,2.439,,0.0,-2.844,16.492999,-4.805,,,11.688,0.0,,,11.687999,0.0,11.688,0.0,,11.688,11.688,,103.27548,0.112554,0.112554,0.112554,103.27548,0.112554,0.112554,0.112554,
03/31/1991,59.473999,,,-42.777,,,16.696999,,-5.931,,,,10.766,5.942,,3.775,,0.0,-9.717,16.708,-4.598,,,12.11,0.0,,,12.11,0.0,12.11,0.0,,12.11,12.11,,103.245449,0.116883,0.116883,,103.245449,0.116883,0.116883,0.116883,
06/30/1991,58.043999,,,-42.889999,,,15.153999,,-6.707,,,,8.447,-0.08,,3.414,,0.0,-3.334,8.367,-1.788,,,6.579,0.0,,,6.579,0.0,6.579,0.0,,6.579,6.579,,103.337851,0.064935,0.064935,,103.337851,0.064935,0.064935,0.064935,
09/30/1991,110.819,,,-80.667,,,30.152,,-19.297001,,,,10.855,-10.304,,11.631,,0.0,-1.327,0.551,0.525,,,1.076,0.0,,,1.076,0.0,1.076,0.0,,1.076,1.076,,108.101072,0.008658,0.008658,,108.101072,0.008658,0.008658,0.008658,
12/31/1991,113.695,,,-79.918999,,,33.776001,,-9.272,,,,24.504,-5.969,,8.938,,0.0,-2.969,18.535,-3.685,,,14.85,0.0,,,14.85,0.0,14.85,0.0,,14.85,14.85,,108.199245,0.138528,0.138528,0.138528,108.199245,0.138528,0.138528,0.138528,
03/31/1992,90.254997,,,-70.596001,,,19.658997,,-8.076,,,,11.583,-6.877,,8.888,,0.0,-2.011,4.706001,-0.657,,,4.049,0.0,,,4.049001,0.0,4.049,0.0,,4.049,4.049,,108.304346,0.038961,0.038961,,108.304346,0.038961,0.038961,0.038961,
06/30/1992,102.146004,,,-77.510002,,,24.636002,,-8.943,,,,15.693,20.348001,,8.866,,0.0,-29.214001,36.041,-12.014,,,24.027,0.0,,,24.027,0.0,24.027,0.0,,24.027,24.027,,126.449404,0.203463,0.203463,,126.449404,0.203463,0.203463,0.203463,
09/30/1992,111.244003,,,-82.509003,,,28.735001,,-8.638,,,,20.097,-7.331,,7.426,,0.0,-0.095,12.766,-4.29,,,8.476,0.0,,,8.476,0.0,8.476,0.0,,8.476,8.476,,108.359791,0.077922,0.077922,,108.359791,0.077922,0.077922,0.077922,
12/31/1992,119.500992,,,-85.681991,,,33.819001,,-9.352998,,,,24.465997,-7.5,,4.1,,0.0,3.4,16.965997,-5.741,,,11.224001,0.0,,,11.224997,0.0,11.224001,0.0,,11.224001,11.224001,,90.279383,0.125541,0.125541,0.125541,90.279383,0.125541,0.125541,0.125541,
03/31/1993,107.82,,,-76.022003,,,31.797997,,-8.758,,,,23.040001,-6.691,,7.603,,0.0,-0.912,16.349001,-4.757,,,11.592,0.0,,,11.592001,0.0,11.592,0.0,,11.592,11.592,,109.782754,0.103896,0.103896,,109.782754,0.103896,0.103896,0.103896,
06/30/1993,111.078003,,,-79.294998,,,31.783005,,-8.121,,,,23.662001,-5.876,,6.528,,0.0,-0.652,17.786001,-6.291,,,11.495,0.0,,,11.495001,0.0,11.495,0.0,,11.495,11.495,,121.889457,0.095238,0.095238,,121.889457,0.095238,0.095238,0.095238,
09/30/1993,119.874001,,,-98.528,,,21.346001,,-8.309,,,,13.037,-5.512,,7.961,,0.0,-2.449,7.525,-6.176,,,1.349,0.0,,,1.349,-0.268,1.081,0.0,,1.081,1.081,,122.208238,0.008658,0.008658,,122.208238,0.008658,0.008658,0.008658,
12/31/1993,124.431999,,,-94.813004,,,29.618995,,-8.005,,,,21.614,-5.369,,0.922,,0.0,4.447,16.245,-3.347,,,12.898,0.0,,,12.898,0.268,13.166,0.0,,13.166,13.166,,140.457242,0.095238,0.095238,0.095238,140.457242,0.095238,0.095238,0.095238,
03/31/1994,131.742004,,,-101.478996,,,30.263008,,-12.787,,,,17.476,-6.22,,6.589,,0.0,-0.369,11.256,-3.031,,,8.225,0.0,,,8.225,0.0,8.225,0.0,,8.225,8.225,,160.921535,0.051948,0.051948,,160.921535,0.051948,0.051948,0.051948,
06/30/1994,144.970001,,,-106.717003,,,38.252998,,-13.036,,,,25.216999,-6.089,,7.56,,0.0,-1.471,19.127999,-6.221,,,12.907,0.0,,,12.906999,0.0,12.907,0.0,,12.907,12.907,,160.856855,0.082251,0.082251,,160.856855,0.082251,0.082251,0.082251,
09/30/1994,151.925995,,,-115.462997,,,36.462997,,-8.832,,,,27.631001,-9.042,,8.146,,0.0,0.896,18.589001,-6.2,,,12.389,0.0,,,12.389001,0.0,12.389,0.0,,12.389,12.389,,160.993141,0.077922,0.077922,,160.993141,0.077922,0.077922,0.077922,
12/31/1994,154.037994,,,-121.501999,,,32.535995,,-4.074,,,,28.462,-10.742,,9.509,,0.0,1.233,17.72,-5.658,,,12.062,0.0,,,12.062,0.0,12.062,0.0,,12.062,12.062,,161.006993,0.073593,0.073593,0.073593,161.006993,0.073593,0.073593,0.073593,
03/31/1995,166.057999,,,-136.235001,,,29.822998,,-9.689,,,,20.134001,-13.636,,14.979,,0.0,-1.343,6.498001,-2.415,,,4.083,0.0,,,4.083001,0.0,4.083,0.0,,4.083,4.083,,161.101704,0.025974,0.025974,,161.101704,0.025974,0.025974,0.025974,
06/30/1995,202.875,,,-161.033997,,,41.841003,,-10.421,,,,31.42,-27.125,,20.195,,0.0,6.93,4.295001,-3.758,,,0.537,0.0,,,0.537001,0.0,0.537,0.0,,0.537,0.537,,161.258786,0.004329,0.004329,,161.258786,0.004329,0.004329,0.004329,
09/30/1995,178.115997,,,-145.283005,,,32.832993,,-7.731,,,,25.101999,-16.124,,18.906,,0.0,-2.782,8.977999,-1.936,,,7.042,0.0,,,7.041999,0.0,7.042,0.0,,7.042,7.042,,163.381673,0.04329,0.04329,,163.381673,0.04329,0.04329,0.04329,
12/31/1995,203.302002,,,-157.917999,,,45.384003,,-8.711,,,,36.673,-23.301,,14.936,,0.0,8.365,13.372,-4.827,,,8.545,0.0,,,8.545,0.0,8.545,0.0,,8.545,8.545,,178.738558,0.047619,0.047619,0.047619,178.738558,0.047619,0.047619,0.047619,
03/31/1996,205.869995,,,-156.783005,,,49.08699,,-8.858,,,,40.229,-14.822999,,16.101999,,0.0,-1.279,25.406001,-9.751,,,15.655,0.0,,,15.655,0.0,15.655,0.0,,15.655,15.655,,178.844813,0.08658,0.08658,0.08658,180.815254,0.08658,0.08658,0.08658,
06/30/1996,222.761002,,,-160.563995,,,62.197006,,-8.271,,,,53.925999,-14.044001,,15.678,,0.0,-1.634,39.881998,-15.445,,,24.437,0.0,,,24.436998,0.0,24.437,0.0,,24.437,24.437,,198.054778,0.125541,0.125541,0.125541,201.605254,0.121212,0.121212,0.121212,
09/30/1996,242.238007,,,-168.091003,,,74.147003,,-8.92,,,,65.226997,-14.486,,14.789,,0.0,-0.303,50.740998,-20.604,,,30.136999,0.0,,,30.136998,0.0,30.136999,0.0,,30.136999,30.136999,,207.576601,0.147186,0.147186,0.147186,210.958434,0.142857,0.142857,0.142857,
12/31/1996,305.162994,,,-194.001007,,,111.161987,,-9.862,,,,101.300003,-17.134,,17.666,,0.0,-0.532,84.166003,-32.967999,,,51.198002,0.0,,,51.198004,0.0,51.198002,0.0,,51.198002,51.198002,,207.897691,0.246753,0.246753,0.246753,219.013403,0.233766,0.233766,0.233766,
03/31/1997,322.489014,,,-208.643997,,,113.845016,,-9.142,,,,104.703018,-16.620999,,16.327999,,0.0,0.293,88.082019,-35.205002,,,52.877014,0.0,,,52.877017,0.0,52.877014,0.0,,52.877014,52.877014,,208.230325,0.255411,0.255411,0.255411,228.766223,0.242424,0.242424,0.242424,
06/30/1997,258.058014,,,-190.130005,,,67.928009,,-8.941,,,,58.987007,-15.358001,,16.915001,,0.0,-1.557,43.629006,-17.882999,,,25.746008,0.0,,,25.746007,0.0,25.746008,0.0,,25.746008,25.746008,,208.565285,0.125541,0.125541,0.125541,215.851023,0.121212,0.121212,0.121212,
09/30/1997,278.248993,,,-197.578003,,,80.67099,,-8.707,,,,71.963989,-20.448001,,19.367001,,0.0,1.081,51.515989,-20.731001,,,30.784988,0.0,,,30.784988,0.0,30.784988,0.0,,30.784988,30.784988,,208.814769,0.147186,0.147186,0.147186,229.572429,0.142857,0.142857,0.142857,
12/31/1997,321.928009,,,-210.712997,,,111.215012,,-11.453,,,,99.762009,-24.349,,22.483,,0.0,1.866,75.413009,-29.924999,,,45.488014,0.0,,,45.48801,0.0,45.488014,0.0,,45.488014,45.488014,,212.205835,0.21645,0.21645,0.21645,218.911765,0.207792,0.207792,0.207792,
03/31/1998,242.044998,,,-186.126007,,,55.918991,,-9.966,,,,45.952999,-15.837,,20.556,,0.0,-4.719,30.115999,-12.76,,,17.356001,0.0,,,17.355999,0.0,17.356001,0.0,,17.356001,17.356001,,225.412112,0.077922,0.077922,0.077922,228.479783,0.077922,0.077922,0.077922,
06/30/1998,224.876007,,,-176.447006,,,48.429001,,-10.2,,,,38.229,-21.792,,17.649,,0.0,4.143,16.437,-7.201,,,9.236,0.0,,,9.236,0.0,9.236,0.0,,9.236,9.236,,227.763688,0.038961,0.038961,0.038961,228.634555,0.038961,0.038961,0.038961,
09/30/1998,212.557007,,,-173.132004,,,39.425003,,-13.86,,,,25.565001,-18.175001,,18.391001,,0.0,-0.216,7.39,-4.189,,,3.201,0.0,,,3.201,0.0,3.201,-0.584,,2.617,2.617,,226.853555,0.012987,0.012987,0.012987,227.158465,0.012987,0.012987,0.012987,
12/31/1998,196.955002,,,-173.126999,,,23.828003,,-6.705,,,,17.122999,-258.628992,,18.323999,,0.0,240.304993,-241.505993,82.325996,,,-159.179993,0.0,,,-159.179997,0.0,-159.179993,-1.42,,-160.599993,-160.599993,,225.837148,-0.709957,-0.709957,-0.012987,225.837148,-0.709957,-0.709957,-0.012987,
03/31/1999,187.715,,,-135.28,,,52.435,,-34.456,,,,17.979,-19.225,18.111,18.532,-0.421,,1.114,-1.246,-0.922,,,-2.168,,,,-2.168,,-2.168,-1.42,,-3.588,-3.588,,225.89028,-0.017316,-0.017316,-0.017316,225.89028,-0.017316,-0.017316,-0.017316,
06/30/1999,278.977,,,-191.737,,,87.24,,-12.134,,,,75.106,-17.645,19.606,19.606,,0.0,-1.961,57.461,-24.693,,,32.768,0.0,,,32.768,0.0,32.768,-3.136,,29.632,29.632,,243.85746,0.121212,0.121212,0.121212,244.58973,0.121212,0.121212,0.121212,
09/30/1999,383.594,,,-224.264,,,159.33,,-15.221,,,,144.109,-18.517,20.886,20.886,,0.0,-2.369,125.592,-52.814,,,72.778,0.0,,,72.778,0.0,72.778,-4.947,,67.831,67.831,,263.54328,0.255411,0.255411,0.255411,265.24113,0.255411,0.255411,0.255411,
12/31/1999,448.429993,,,-244.365005,,,204.064988,,-16.209,,,,187.856003,-25.090001,,24.471001,,0.0,0.619,162.766002,-65.289001,,,97.476997,0.0,,,97.477001,0.0,97.476997,-4.946,,92.530997,92.530997,,263.46705,0.350649,0.350649,0.350649,263.46705,0.34632,0.34632,0.34632,
03/31/2000,446.117,,,-202.576,,,243.541,,-14.649,,,,228.892,-27.265,28.83,28.83,,0.0,-1.565,201.627,-85.323,,,116.304,0.0,,,116.304,0.0,116.304,-5.264,,111.04,111.04,,262.96347,0.424242,0.424242,0.424242,277.45641,0.415584,0.415584,0.415584,
06/30/2000,488.206,,,-205.947,,,282.259,,-16.593,,,,265.666,-26.799,27.244,27.244,,0.0,-0.445,238.867,-93.53,,,145.337,0.0,,,145.337,0.0,145.337,-4.908,,140.429,140.429,,263.21526,0.532468,0.532468,0.532468,278.79621,0.515152,0.515152,0.515152,
09/30/2000,623.543,,,-236.436,,,387.107,,-18.089,,,,369.018,-26.63,28.251,28.251,,0.0,-1.621,342.388,-136.207,,,206.178,0.0,,,206.181,0.0,206.178,-4.908,,201.27,201.27,,277.65507,0.722944,0.722944,0.722944,293.58714,0.696963,0.69697,0.69697,
12/31/2000,732.893005,,,-253.011002,,,479.882003,,-26.284,,,,453.597992,-26.073999,,24.521999,,0.0,1.552,427.523993,-170.404999,,,257.118988,0.0,,,257.118994,0.0,257.118988,-4.908,,252.210988,252.210988,,285.582985,0.883117,0.883117,0.883117,285.582985,0.848485,0.848485,0.848485,
03/31/2001,801.598,,,-283.93,,,517.668,,-20.376,,,,497.292,-35.707,29.252,30.129,-0.877,0.0,6.455,461.585,-179.384,,,282.201,0.0,,,282.201,0.0,282.201,-4.908,0.0,277.293,277.293,,286.1628,0.965368,0.965368,0.965368,302.08332,0.930736,0.930736,0.930736,
06/30/2001,796.045,,,-330.32,,,465.725,,-23.193,,,,442.532,-70.855,34.628,36.003,-1.375,0.0,36.227,371.677,-165.932,,,205.745,0.0,,,205.745,0.0,205.745,-4.877,0.0,200.868,200.868,,289.77564,0.69697,0.69697,0.835498,305.22261,0.670996,0.670996,0.805195,
09/30/2001,652.424,,,-336.978,,,315.446,,-22.794,,,,292.652,-27.721,26.632,28.62,-1.988,,1.089,264.931,-104.909,,,160.022,,,,160.022,-3.189,156.833,-4.908,,151.925,151.925,,288.10089,0.528139,0.528139,0.528139,302.87796,0.515152,0.515152,0.515152,
12/31/2001,537.278015,,,-349.785004,,,187.493011,,-22.347,,,,165.145996,-32.101,,28.785,-1.624,0.0,4.94,133.044996,-50.005001,,,83.040001,0.0,,,83.039995,-4.42,78.620003,-4.908,0.0,73.712003,73.712003,,288.000311,0.257143,0.257143,0.257143,289.6824,0.252381,0.252381,0.252381,
03/31/2002,521.729,,,-338.115,,,183.614,,-25.352,,,,158.262,-32.018,26.025,27.194,-1.169,0.0,5.993,126.244,-42.039,,,84.205,0.0,,,84.205,-3.533,80.672,-4.908,0.0,75.764,75.764,,288.3153,0.264286,0.264286,0.27619,291.5325,0.261905,0.261905,0.271429,
06/30/2002,645.773,,,-340.792,,,304.981,,-28.015,,,,276.966,-30.432,29.966,31.009,-1.043,0.0,0.466,246.534,-95.095,,,151.439,0.0,,,151.439,-5.129,146.31,-3.081,0.0,143.229,143.229,,295.6296,0.485714,0.485714,0.485714,304.1304,0.47619,0.47619,0.47619,
09/30/2002,645.189,,,-341.166,,,304.023,,-35.332,,,,268.691,-28.073,27.543,28.758,-1.215,,0.53,240.618,-90.168,,,150.45,,,,150.45,-3.922,146.528,-1.406,,145.122,145.122,,302.1942,0.480952,0.480952,0.480952,304.6701,0.47619,0.47619,0.47619,
12/31/2002,722.177979,,,-374.514008,,,347.663971,,-25.757999,,,,321.906006,-20.108001,,28.349001,-0.575,0.0,-7.666,301.798005,-117.338997,,,184.459,0.0,,,184.459008,-3.64,180.819,-1.42,0.0,179.399,179.399,,302.580598,0.595238,0.595238,0.62381,304.905285,0.590476,0.590476,0.619048,
03/31/2003,975.162,,,-384.899,,,590.263,,-33.144,,,,557.119,-34.474,25.39,26.464,-1.074,0.0,9.084,522.645,-206.986,,,315.659,-26.632,,,342.291,-3.362,338.929,-1.42,0.0,337.509,337.509,,318.51,1.06,0.975,0.975,321.16,1.05,0.97,0.97,
06/30/2003,1044.33,,,-506.515,,,537.815,,-30.574,,,,507.241,-29.337,28.382,28.81,-0.428,,0.955,477.904,-230.193,,,247.711,,,,247.711,-3.33,244.381,-1.42,,242.961,242.961,,323.408,0.75,0.75,0.75,326.12,0.745,0.745,0.745,
09/30/2003,1110.015,,,-545.994,,,564.021,,-46.034,,,,517.987,-39.346,33.315,34.562,-1.247,0.0,6.031,478.641,-199.704,,,278.937,0.0,,,278.937,-1.976,276.961,-1.42,0.0,275.541,275.541,,323.75,0.85,0.85,0.91,326.6,0.84,0.84,0.9,
12/31/2003,1069.412964,,,-530.606995,,,538.805969,,-56.09,,,,482.716003,-30.981001,,26.363001,-0.541,0.0,5.159,451.735002,-190.121002,,,261.614014,0.0,,,261.614,0.0,261.614014,-1.42,0.0,260.194014,260.194014,,324.247986,0.8,0.8,0.875,327.279998,0.8,0.8,0.8665,
03/31/2004,1152.754,,,-523.046,,,629.708,,-46.057,,,,583.651,-40.722,26.579,26.899,-0.32,0.0,14.143,542.929,-196.604,,,346.325,0.0,,,346.325,0.0,346.325,-1.42,0.0,344.905,344.905,,325.003,1.06,1.06,1.06,328.014,1.05,1.05,1.05,
06/30/2004,1247.412,,,-537.273,,,710.139,,-39.181,,,,670.958,-116.353,26.972,27.485,-0.513,0.0,89.381,554.605,-171.079,,,383.526,0.0,,,383.526,0.0,383.526,-1.42,0.0,382.106,382.106,,325.668,1.17,1.17,1.36,329.363,1.16,1.16,1.35,
09/30/2004,1414.128,,,-589.942,,,824.186,,-38.583,,,,785.603,-47.047,28.198,29.16,-0.962,0.0,18.849,738.556,-308.081,,,430.475,0.0,,,430.475,0.0,430.475,-1.42,0.0,429.055,429.055,,326.294,1.31,1.31,1.31,330.193,1.3,1.3,1.3,
12/31/2004,1493.723,,,-596.221,,,897.502,,-78.767,,,,818.735,8.258,,34.455,-1.533,0.0,-41.18,826.993,-317.248,,,509.745,1.317,,,508.428,0.0,508.428,-1.42,0.0,507.008,507.008,,327.203,1.55,1.55,1.55,332.878,1.52,1.52,1.52,
03/31/2005,1626.649,,,-668.55,,,958.099,,-50.411,,,,907.688,-9.108,30.93,31.857,-0.927,0.0,-21.822,898.58,-338.097,,,560.483,0.0,,,560.483,0.0,560.483,-1.42,0.0,559.063,559.063,,328.037,1.7,1.7,1.7,334.038,1.67,1.67,1.67,
06/30/2005,1774.535,,,-727.212,,,1047.323,,-52.002,,,,995.321,-60.359,29.678,30.553,-0.875,0.0,30.681,934.962,-346.932,,,588.03,0.0,,,588.03,0.0,588.03,-1.42,0.0,586.61,586.61,,328.578,1.79,1.79,1.79,333.468,1.76,1.76,1.76,
09/30/2005,2051.744,,,-811.119,,,1240.625,,-50.047,,,,1190.578,-31.066,26.326,28.527,-2.201,0.0,4.74,1159.512,-472.517,,,686.995,0.0,,,686.995,0.0,686.995,-1.42,0.0,685.575,685.575,,329.219,2.08,2.08,2.08,334.164,2.05,2.05,2.05,
12/31/2005,2004.363,,,-802.794,,,1201.569,,-59.516,,,,1142.053,71.147,25.641,28.016,-1.853,0.0,-97.31,1213.2,-424.978,,,788.222,0.0,,,788.222,0.0,788.222,-1.42,0.0,786.802,786.802,,329.86,2.39,2.39,2.39,334.31,2.35,2.35,2.35,
03/31/2006,1950.298,,,-857.354,,,1092.944,0.0,-45.672,,,,1047.272,25.99,22.306,28.67,-6.364,0.0,-48.296,1073.262,-412.341,,,660.921,0.0,,,660.921,0.0,660.921,-1.42,0.0,659.501,659.501,,330.416,2.0,2.0,2.0,334.469,1.97,1.97,1.97,
06/30/2006,2085.127,,,-656.51,,,1428.617,0.0,-364.593,,,,1064.024,-55.117,30.987,34.254,-3.267,0.0,24.13,1008.907,-285.282,,,723.625,0.0,,,723.625,0.0,723.625,-1.42,0.0,722.205,722.205,,329.862,2.19,2.19,2.19,332.92,2.17,2.17,2.17,
09/30/2006,2072.815,,,-991.845,,,1080.97,,-53.781,,,,1027.189,123.918,41.485,44.966,-3.481,0.0,-165.403,1151.107,-504.043,,,647.064,0.0,,,647.064,0.0,647.064,-1.42,0.0,645.644,645.644,,329.643,1.96,1.96,1.87,332.855,1.94,1.94,1.85,
12/31/2006,1966.013,,,-1060.428,,,905.585,,-59.69,,,,845.895,-69.576,45.06,48.263,-3.203,0.0,24.516,776.319,-255.478,,,520.841,0.0,,,520.841,0.0,520.841,-1.42,0.0,519.421,519.421,,330.417,1.57,1.57,1.57,332.881,1.56,1.56,1.56,
03/31/2007,2023.067,,,-1072.783,,,950.284,0.0,-67.862,,,,882.422,-67.789,41.369,43.956,-2.587,0.0,26.42,814.633,-321.684,,,492.949,0.0,,,492.949,0.0,492.949,-1.42,0.0,491.529,491.529,,331.213,1.48,1.48,1.48,333.302,1.47,1.47,1.47,
06/30/2007,2444.031,,,-1195.257,,,1248.774,0.0,-70.798,,,,1177.976,-39.722,62.506,65.918,-3.412,0.0,-22.784,1138.254,-504.716,,,633.538,0.0,,,633.538,0.0,633.538,-1.42,0.0,632.118,632.118,,331.812,1.91,1.91,1.91,333.906,1.89,1.89,1.89,
09/30/2007,2498.594,,,-1178.9,,,1319.694,,-61.405,,,,1258.289,-84.211,59.492,64.059,-4.567,0.0,24.719,1174.078,-560.73,,,613.348,0.0,,,613.348,0.0,613.348,-1.42,0.0,611.928,611.928,,332.668,1.84,1.84,1.84,335.117,1.83,1.83,1.83,
12/31/2007,2996.29,,,-1315.064,,,1681.226,,-75.0,,,,1606.226,-60.579,53.26,58.554,-5.294,0.0,7.319,1545.647,-473.124,,,1072.523,0.0,,,1072.523,0.0,1072.523,-1.42,0.0,1071.103,1071.103,,333.049,3.22,3.22,3.22,335.78,3.19,3.19,3.19,
03/31/2008,3177.949,,,-1358.681,,,1819.268,,-82.423,,,,1736.845,-60.958,43.402,47.73,-4.328,0.0,17.556,1675.887,-654.374,,,1021.513,0.0,,,1021.513,0.0,1021.513,-1.42,0.0,1020.093,1020.093,,333.393,3.06,3.06,3.06,336.549,3.03,3.03,3.03,
06/30/2008,3904.118,,,-1412.721,,,2491.397,,-78.872,,,,2412.525,-68.656,38.221,43.518,-5.297,0.0,30.435,2343.869,-898.64,,,1445.229,0.0,,,1445.229,0.0,1445.229,-1.42,0.0,1443.809,1443.809,,334.208,4.32,4.32,4.32,337.676,4.28,4.28,4.28,
09/30/2008,3368.882,,,-1435.708,,,1933.174,,-57.561,,,,1875.613,-62.259,32.473,42.023,-9.55,0.0,29.786,1813.354,-622.529,,,1190.825,0.0,,,1190.825,0.0,1190.825,-1.42,0.0,1189.405,1189.405,,334.825,3.55,3.55,3.55,337.894,3.52,3.52,3.52,
12/31/2008,1876.89,,,-6694.071,,,-4817.181,,-69.938,,,,-4887.119,-13.599,44.669,49.441,-4.772,0.0,-31.07,-4900.718,1955.105,,,-2945.613,0.0,,,-2945.613,0.0,-2945.613,-1.42,0.0,-2947.033,-2947.033,,334.967,-8.8,-8.8,-8.8,334.967,-8.8,-8.8,-8.8,
03/31/2009,1633.825,1603.614,30.211,-1125.522,544.905,580.617,508.303,0.0,-2903.207,85.046,85.046,2818.161,-2394.904,-58.587,58.587,64.313,-5.726,,0.0,-2453.491,696.551,2.494,-699.045,-1756.94,0.0,0.0,0.0,-1756.94,,-1756.94,-1.42,0.0,-1758.36,187.19,1945.55,335.104,-5.25,-5.25,0.558603,335.104,-5.25,-5.25,0.55581,
06/30/2009,2093.378,2074.344,19.034,-1154.535,581.176,573.359,938.843,0.0,-90.905,90.905,90.905,0.0,847.938,-61.155,61.155,63.756,-2.601,,0.0,786.783,-342.063,218.247,123.816,444.72,0.0,0.0,0.0,444.72,,444.72,-1.42,0.0,443.3,410.15,-33.15,335.637,1.32,1.32,1.222005,337.365,1.31,1.31,1.211738,
09/30/2009,2332.431,2325.705,6.726,-1317.649,691.751,625.898,1014.782,0.0,-82.492,82.492,82.492,0.0,932.29,-61.684,61.684,63.915,-2.231,,0.0,870.606,-428.59,262.43,166.16,442.016,0.0,0.0,0.0,442.016,,442.016,-1.42,0.0,440.596,408.096,-32.5,336.159,1.31,1.31,1.213997,337.872,1.3,1.3,1.20381,
12/31/2009,2555.192,2570.264,-15.072,-1286.447,671.258,615.189,1268.745,0.0,-85.44,85.44,85.44,0.0,1183.305,-60.812,60.812,62.635,-1.823,,0.0,1122.493,-536.687,358.728,177.959,585.806,0.0,0.0,0.0,585.806,0.0,585.806,-3.034,0.0,582.772,567.172,-15.6,336.489,1.73,1.73,1.685559,338.605,1.72,1.72,1.673929,
03/31/2010,2673.251,2693.625,-20.374,-1320.049,681.551,638.498,1353.202,0.0,-87.15,87.15,87.15,0.0,1266.052,-59.267,59.267,60.793,-1.526,,0.0,1206.785,-501.804,342.974,158.83,704.981,0.0,0.0,0.0,704.981,0.0,704.981,0.0,0.0,704.981,706.281,1.3,336.924,2.09,2.09,2.096262,339.135,2.08,2.08,2.083833,
06/30/2010,2971.91,2968.765,3.145,-1430.331,700.58,729.751,1541.579,0.0,-91.829,91.829,91.829,0.0,1449.75,-55.757,56.0,58.0,-2.0,,-0.243,1393.993,-533.77,339.151,194.619,860.223,0.0,0.0,0.0,860.223,0.0,860.223,0.0,0.0,860.223,826.423,-33.8,338.0,2.55,2.55,2.445038,339.0,2.53,2.53,2.430295,
09/30/2010,3013.0,3047.0,-34.0,-1520.0,733.0,787.0,1493.0,0.0,-97.0,89.0,89.0,8.0,1396.0,-59.0,59.0,64.0,-5.0,,0.0,1337.0,-559.0,207.0,352.0,778.0,0.0,0.0,0.0,778.0,0.0,778.0,-13.0,0.0,765.0,735.55,-29.45,357.0,2.14,2.14,2.060364,367.0,2.12,2.12,2.039755,
12/31/2010,3434.0,3474.0,-40.0,-1824.0,896.0,928.0,1610.0,0.0,-287.0,120.0,120.0,167.0,1323.0,-55.0,54.733,59.207,-4.474,,0.267,1268.0,-579.0,333.0,246.0,689.0,0.0,0.0,0.0,689.0,0.0,689.0,-19.0,0.0,670.0,738.25,68.25,375.0,1.79,1.79,1.968667,388.0,1.77,1.77,1.945902,
03/31/2011,3925.0,3878.0,47.0,-1836.0,900.0,936.0,2089.0,0.0,-117.0,112.0,112.0,5.0,1972.0,-45.0,45.0,49.0,-4.0,,0.0,1927.0,-793.0,643.0,150.0,1134.0,0.0,0.0,0.0,1134.0,0.0,1134.0,-19.0,0.0,1115.0,1117.05,2.05,383.0,2.91,2.91,2.91658,397.0,2.86,2.86,2.865164,
06/30/2011,4338.0,4355.0,-17.0,-2057.0,1028.0,1029.0,2281.0,0.0,-109.0,103.0,103.0,6.0,2172.0,-41.0,41.0,47.0,-6.0,,0.0,2131.0,-872.0,576.0,296.0,1259.0,0.0,0.0,0.0,1259.0,,1259.0,-19.0,0.0,1240.0,1274.85,34.85,384.0,3.23,3.23,3.319922,397.0,3.17,3.17,3.257783,
09/30/2011,4328.0,4282.0,46.0,-2081.0,1016.0,1065.0,2247.0,0.0,-116.0,112.0,112.0,4.0,2131.0,-37.0,37.0,41.0,-4.0,,0.0,2094.0,-1092.0,473.0,619.0,1002.0,0.0,0.0,0.0,1002.0,,1002.0,-19.0,0.0,983.0,968.1,-14.9,384.0,2.56,2.56,2.521094,400.0,2.5,2.5,2.46275,
12/31/2011,4297.0,4295.0,2.0,-2121.0,1010.0,1111.0,2176.0,0.0,-200.0,132.0,132.0,68.0,1976.0,-35.0,35.0,38.0,-3.0,,0.0,1941.0,-752.0,571.0,181.0,1189.0,0.0,0.0,0.0,1189.0,0.0,1189.0,-19.0,0.0,1170.0,1228.15,58.15,384.0,3.05,3.05,3.198307,400.0,2.98,2.98,3.125375,
03/31/2012,4536.0,4457.0,79.0,-2281.0,1062.0,1219.0,2255.0,0.0,-655.0,128.0,128.0,527.0,1600.0,-40.0,40.0,43.0,-3.0,,0.0,1560.0,-763.0,725.0,38.0,797.0,0.0,0.0,0.0,797.0,0.0,797.0,-19.0,0.0,778.0,1145.0,367.0,385.0,2.02,2.02,2.974026,399.0,2.0,2.0,2.919799,
06/30/2012,3972.0,3956.0,16.0,-2320.0,1036.0,1284.0,1652.0,0.0,-796.0,132.0,132.0,664.0,856.0,-45.0,45.0,48.0,-3.0,,0.0,811.0,-455.0,460.0,-5.0,356.0,0.0,0.0,0.0,356.0,,356.0,-19.0,0.0,337.0,775.65,438.65,389.0,0.87,0.87,1.993959,390.0,0.86,0.86,1.984744,
09/30/2012,4179.0,4141.0,38.0,-2414.0,1114.0,1300.0,1765.0,0.0,-860.0,124.0,124.0,736.0,905.0,-40.0,40.0,44.0,-4.0,,0.0,865.0,-685.0,544.0,141.0,180.0,0.0,0.0,0.0,180.0,,180.0,-19.0,0.0,161.0,649.4,488.4,391.0,0.41,0.41,1.66087,393.0,0.41,0.41,1.652748,
12/31/2012,4470.0,4393.0,77.0,-2533.0,1153.0,1380.0,1937.0,0.0,-177.0,147.0,147.0,30.0,1760.0,-119.0,40.0,47.0,-7.0,,79.0,1641.0,-973.0,470.0,503.0,668.0,0.0,0.0,0.0,668.0,0.0,668.0,-19.0,0.0,649.0,720.0,71.0,391.0,1.66,1.66,1.841432,407.0,1.64,1.64,1.814447,
03/31/2013,3994.0,4021.0,-27.0,-2399.0,1087.0,1312.0,1595.0,0.0,-160.0,112.0,112.0,48.0,1435.0,-55.0,55.0,58.0,-3.0,,0.0,1380.0,-602.0,497.0,105.0,778.0,61.0,61.0,0.0,717.0,0.0,717.0,-19.0,0.0,698.0,790.0,31.0,392.0,1.78,1.94,2.015306,408.0,1.76,1.91,1.98598,
06/30/2013,4026.0,4001.0,25.0,-2442.0,1092.0,1350.0,1584.0,0.0,116.0,126.0,126.0,-242.0,1700.0,-52.0,52.0,55.0,-3.0,,0.0,1648.0,-611.0,284.0,327.0,1037.0,2.0,2.0,0.0,1035.0,0.0,1035.0,-19.0,0.0,1016.0,862.0,-156.0,392.0,2.59,2.6,2.19898,408.0,2.54,2.54,2.157647,
09/30/2013,4231.0,4288.0,-57.0,-2462.0,1094.0,1368.0,1769.0,0.0,-1078.0,120.0,120.0,958.0,691.0,-50.0,50.0,53.0,-3.0,,0.0,641.0,-206.0,409.0,-203.0,435.0,129.0,129.0,0.0,306.0,0.0,306.0,-6.0,0.0,300.0,1044.0,615.0,399.0,0.75,1.08,2.616541,401.0,0.75,1.07,2.603666,
12/31/2013,3660.0,3728.0,-68.0,-2287.0,966.0,1321.0,1373.0,0.0,-528.0,127.0,127.0,401.0,845.0,-103.0,35.0,38.0,-3.0,,68.0,742.0,-512.0,474.0,38.0,230.0,0.0,0.0,0.0,230.0,-56.0,174.0,0.0,0.0,174.0,388.0,214.0,399.0,0.44,0.44,0.972431,401.0,0.43,0.43,0.963666,
03/31/2014,3599.0,3647.0,-48.0,-2098.0,892.0,1206.0,1501.0,0.0,-121.0,119.0,119.0,2.0,1380.0,49.0,27.0,31.0,-4.0,,-76.0,1429.0,-578.0,416.0,162.0,851.0,517.0,517.0,0.0,334.0,-98.0,236.0,0.0,0.0,236.0,705.0,-48.0,394.0,0.6,1.92,1.78934,396.0,0.6,1.9,1.778788,
06/30/2014,3289.0,3471.0,-182.0,-1996.0,841.0,1155.0,1293.0,0.0,-330.0,113.0,113.0,217.0,963.0,-52.0,124.0,125.0,-1.0,,-72.0,911.0,-354.0,373.0,-19.0,557.0,-56.0,-56.0,0.0,613.0,-108.0,505.0,0.0,0.0,505.0,576.0,127.0,385.0,1.31,1.17,1.496104,387.0,1.31,1.17,1.496104,
09/30/2014,3441.0,3181.0,260.0,-1991.0,818.0,1173.0,1450.0,0.0,-1707.0,111.0,111.0,1596.0,-257.0,-60.0,126.0,127.0,-1.0,,-66.0,-317.0,-768.0,228.0,540.0,-1085.0,156.0,156.0,0.0,-1241.0,-89.0,-1330.0,0.0,0.0,-1330.0,487.0,1661.0,381.0,-3.5,-3.08,1.278215,381.0,-3.5,-3.08,1.278215,
12/31/2014,2683.0,2648.0,35.0,-2037.0,746.0,1291.0,646.0,0.0,-5275.0,119.0,119.0,5156.0,-4629.0,-54.0,122.0,127.0,-5.0,,-68.0,-4683.0,989.0,209.0,-1198.0,-3694.0,1072.0,1072.0,0.0,-4766.0,-48.0,-4814.0,0.0,0.0,-4814.0,334.0,4076.0,377.0,-12.78,-9.93,0.885942,377.0,-12.78,-9.93,0.881671,
03/31/2015,1630.0,1638.0,-8.0,-1729.0,647.0,1082.0,-99.0,0.0,-7356.0,82.0,82.0,7274.0,-7455.0,-69.0,127.0,130.0,-3.0,,-58.0,-7524.0,3020.0,-85.0,-2935.0,-4504.0,132.0,132.0,0.0,-4636.0,-15.0,-4651.0,0.0,0.0,-4651.0,-167.0,4352.0,377.0,-12.34,-11.99,-0.442971,377.0,-12.34,-11.99,-0.446233,
06/30/2015,2019.0,1991.0,28.0,-1401.0,607.0,794.0,618.0,0.0,-687.0,111.0,111.0,576.0,-69.0,-117.0,122.0,125.0,-3.0,,-5.0,-186.0,-731.0,900.0,-169.0,-917.0,-120.0,-120.0,0.0,-797.0,-63.0,-860.0,0.0,0.0,-860.0,178.0,1158.0,378.0,-2.28,-2.6,0.470899,378.0,-2.28,-2.6,0.463492,
09/30/2015,1526.0,1606.0,-80.0,-1521.0,649.0,872.0,5.0,0.0,-4215.0,89.0,89.0,4126.0,-4210.0,-160.0,124.0,126.0,-2.0,,36.0,-4370.0,251.0,-270.0,19.0,-4119.0,17.0,17.0,0.0,-4136.0,-7.0,-4143.0,0.0,0.0,-4143.0,-33.0,4093.0,378.0,-10.95,-10.91,-0.087302,378.0,-10.95,-10.91,-0.087302,
12/31/2015,1263.0,1221.0,42.0,-1449.0,590.0,859.0,-186.0,0.0,-8423.0,98.0,98.0,8325.0,-8609.0,-59.0,115.0,116.0,-1.0,,-56.0,-8668.0,798.0,-187.0,-611.0,-7870.0,-188.0,-188.0,0.0,-7682.0,469.0,-7213.0,0.0,0.0,-7213.0,-24.0,7377.0,378.0,-19.07,-19.57,-0.063492,378.0,-19.07,-19.57,-0.063492,
03/31/2016,1084.0,1087.0,-3.0,-1157.0,479.0,678.0,-73.0,0.0,-204.0,93.0,93.0,111.0,-277.0,-105.0,116.0,117.0,-1.0,,-11.0,-382.0,11.0,-10.0,-1.0,-371.0,0.0,0.0,0.0,-371.0,-1.0,-372.0,0.0,0.0,-372.0,-314.0,58.0,378.0,-0.98,-0.98,-0.830688,378.0,-0.98,-0.98,-0.830688,
06/30/2016,1365.0,1386.0,-21.0,-1183.0,514.0,669.0,182.0,0.0,-359.0,103.0,103.0,256.0,-177.0,-104.0,116.0,118.0,-2.0,,-12.0,-281.0,81.0,144.0,-225.0,-200.0,0.0,0.0,0.0,-200.0,-44.0,-244.0,0.0,0.0,-244.0,-99.0,145.0,379.0,-0.65,-0.65,-0.261214,379.0,-0.65,-0.65,-0.267414,
09/30/2016,1438.0,1439.0,-1.0,-1130.0,482.0,648.0,308.0,0.0,-1111.0,102.0,102.0,1009.0,-803.0,-102.0,115.0,118.0,-3.0,,-13.0,-905.0,379.0,150.0,-529.0,-526.0,33.0,33.0,0.0,-559.0,-48.0,-607.0,0.0,0.0,-607.0,-12.0,562.0,380.0,-1.6,-1.51,-0.031579,380.0,-1.6,-1.51,-0.031579,
12/31/2016,1451.0,1455.0,-4.0,-1124.0,501.0,623.0,327.0,0.0,-335.0,112.0,112.0,223.0,-8.0,-106.0,117.0,119.0,-2.0,,-11.0,-114.0,-29.0,107.0,-78.0,-143.0,0.0,0.0,0.0,-143.0,-39.0,-182.0,0.0,0.0,-182.0,-22.0,160.0,380.0,-0.48,-0.48,-0.057895,380.0,-0.48,-0.48,-0.058947,
03/31/2017,1537.0,1512.0,25.0,-1047.0,471.0,576.0,490.0,0.0,148.0,103.0,103.0,-251.0,638.0,-100.0,113.0,118.0,-5.0,,-13.0,538.0,-271.0,188.0,83.0,267.0,0.0,0.0,0.0,267.0,-54.0,213.0,0.0,0.0,213.0,31.0,-182.0,380.0,0.56,0.56,0.081579,383.0,0.56,0.56,0.081579,
06/30/2017,1405.0,1346.0,59.0,-1058.0,486.0,572.0,347.0,0.0,-239.0,106.0,106.0,133.0,108.0,-99.0,112.0,117.0,-5.0,,-13.0,9.0,604.0,126.0,-730.0,613.0,0.0,0.0,0.0,613.0,-41.0,572.0,0.0,0.0,572.0,-79.0,-651.0,381.0,1.5,1.5,-0.207349,383.0,1.5,1.5,-0.207349,
09/30/2017,1362.0,1389.0,-27.0,-1032.0,473.0,559.0,330.0,0.0,-136.0,98.0,98.0,38.0,194.0,-101.0,113.0,116.0,-3.0,,-12.0,93.0,12.0,99.0,-111.0,105.0,0.0,0.0,0.0,105.0,-42.0,63.0,0.0,0.0,63.0,14.0,-49.0,381.0,0.16,0.16,0.036745,383.0,0.16,0.16,0.032063,
12/31/2017,1592.0,1640.0,-48.0,-1003.0,430.0,573.0,589.0,0.0,-214.0,88.0,88.0,126.0,375.0,-97.0,109.0,115.0,-6.0,,-12.0,278.0,240.0,182.0,-422.0,518.0,0.0,0.0,0.0,518.0,-62.0,456.0,0.0,0.0,456.0,126.0,-330.0,381.0,1.2,1.2,0.330709,383.0,1.19,1.19,0.328381,
03/31/2018,1691.0,1733.0,-42.0,-1070.0,517.0,553.0,621.0,0.0,-134.0,114.0,114.0,20.0,487.0,-99.0,111.0,117.0,-6.0,,-12.0,388.0,-182.0,198.0,-16.0,206.0,0.0,0.0,0.0,206.0,-61.0,145.0,0.0,0.0,145.0,114.0,-31.0,382.0,0.38,0.38,0.298429,384.0,0.38,0.38,0.298429,
06/30/2018,1872.0,1936.0,-64.0,-1122.0,514.0,608.0,750.0,0.0,-148.0,117.0,117.0,31.0,602.0,-94.0,107.0,111.0,-4.0,,-13.0,508.0,-239.0,249.0,-10.0,269.0,0.0,0.0,0.0,269.0,-74.0,195.0,0.0,0.0,195.0,181.0,-14.0,382.0,0.51,0.51,0.473822,385.0,0.51,0.51,0.473636,
09/30/2018,1998.0,1976.0,22.0,-1169.0,559.0,610.0,829.0,0.0,-231.0,99.0,99.0,132.0,598.0,-192.0,109.0,115.0,-6.0,,83.0,406.0,-245.0,262.0,-17.0,161.0,0.0,0.0,0.0,161.0,-80.0,81.0,0.0,0.0,81.0,235.0,154.0,383.0,0.21,0.21,0.613577,385.0,0.21,0.21,0.61,
12/31/2018,1737.0,1703.0,34.0,-1154.0,520.0,634.0,583.0,0.0,-834.0,101.0,101.0,733.0,-251.0,-93.0,101.0,107.0,-6.0,,-8.0,-344.0,-6.0,185.0,-179.0,-350.0,0.0,0.0,0.0,-350.0,-31.0,-381.0,0.0,0.0,-381.0,140.0,521.0,379.0,-1.0,-1.0,0.369393,379.0,-1.0,-1.0,0.369393,
03/31/2019,1699.0,1654.0,45.0,-1177.0,531.0,646.0,522.0,0.0,-260.0,123.0,123.0,137.0,262.0,-97.0,105.0,109.0,-4.0,,-8.0,165.0,-167.0,186.0,-19.0,-2.0,0.0,0.0,0.0,-2.0,-45.0,-47.0,0.0,0.0,-47.0,38.0,85.0,376.0,-0.12,-0.12,0.101064,376.0,-0.12,-0.12,0.101064,
06/30/2019,1636.0,1598.0,38.0,-1139.0,537.0,602.0,497.0,0.0,-476.0,102.0,102.0,374.0,21.0,-173.0,107.0,110.0,-3.0,,66.0,-152.0,-164.0,187.0,-23.0,-316.0,0.0,0.0,0.0,-316.0,-44.0,-360.0,0.0,0.0,-360.0,41.0,401.0,377.0,-0.96,-0.96,0.108753,377.0,-0.96,-0.96,0.10366,
09/30/2019,1463.0,1438.0,25.0,-1198.0,487.0,711.0,265.0,0.0,-170.0,98.0,98.0,72.0,95.0,-81.0,104.0,109.0,-5.0,,-23.0,14.0,-131.0,141.0,-10.0,-117.0,0.0,0.0,0.0,-117.0,-53.0,-170.0,0.0,0.0,-170.0,-108.0,62.0,377.0,-0.45,-0.45,-0.286472,377.0,-0.45,-0.45,-0.286472,
12/31/2019,1673.0,1625.0,48.0,-1233.0,512.0,721.0,440.0,0.0,-3378.0,83.0,83.0,3295.0,-2938.0,-97.0,108.0,109.0,-1.0,,-11.0,-3035.0,-212.0,146.0,66.0,-3247.0,0.0,0.0,0.0,-3247.0,271.0,-2976.0,0.0,0.0,-2976.0,243.0,3219.0,377.0,-7.89,-7.89,0.644562,377.0,-7.89,-7.89,0.644562,
03/31/2020,1254.0,1236.0,18.0,-1032.0,466.0,566.0,222.0,0.0,-4685.0,68.0,68.0,4617.0,-4463.0,-103.0,107.0,109.0,-2.0,,-4.0,-4566.0,-56.0,89.0,-33.0,-4622.0,0.0,0.0,0.0,-4622.0,142.0,-4480.0,0.0,0.0,-4480.0,129.0,4609.0,378.0,-11.86,-11.86,0.34127,378.0,-11.86,-11.86,0.333122,
06/30/2020,734.0,697.0,37.0,-804.0,386.0,418.0,-70.0,0.0,-380.0,94.0,94.0,286.0,-450.0,34.0,108.0,109.0,-1.0,,-142.0,-416.0,38.0,-27.0,-11.0,-378.0,0.0,0.0,0.0,-378.0,-8.0,-386.0,0.0,0.0,-386.0,-209.0,177.0,378.0,-1.02,-1.02,-0.55291,378.0,-1.02,-1.02,-0.55291,
09/30/2020,969.714,,,,,,,,,,,,48.9,,,,,,,-132.618,,,,-174.608,,,,,,-174.608,,,-174.608,-154.747,,,-0.404,-0.404,-0.375,,-0.404,-0.404,-0.375,
12/31/2020,1055.214,,,,,,,,,,,,151.671,,,,,,,0.958,,,,-66.823,,,,,,-66.823,,,-66.823,-53.925,,,-0.158,-0.158,-0.144,,-0.158,-0.158,-0.144,
