Date,Revenue,Sales & Services Revenue,Other Revenue,Cost of Revenue,Cost of Goods & Services,Depreciation & Amortization,Gross Profit,Other Operating Income,Operating Expenses,"Selling, General & Admin",Selling & Marketing,General & Administrative,Research & Development,Prov For Doubtful Accts,Other Operating Expense,Operating Income (Loss),Non-Operating (Income) Loss,"Interest Expense, Net",Interest Expense,Interest Income,Foreign Exch (Gain) Loss,Other Non-Op (Income) Loss,Pretax Income,Income Tax Expense (Benefit),Current Income Tax,Deferred Income Tax,Income (Loss) from Cont Ops,Net Extraordinary Losses (Gains),Discontinued Operations,XO & Accounting Changes,Income (Loss) Incl. MI,Minority Interest,"Net Income, GAAP",Preferred Dividends,Other Adjustments,"Net Income Avail to Common, GAAP","Net Income Avail to Common, Adj",Net Abnormal Losses (Gains),Basic Weighted Avg Shares,"Basic EPS, GAAP",Basic EPS from Cont Ops,"Basic EPS from Cont Ops, Adjusted",Diluted Weighted Avg Shares,"Diluted EPS, GAAP",Diluted EPS from Cont Ops,"Diluted EPS from Cont Ops, Adjusted",Source: Bloomberg
12/31/1989,92.199997,,,,,,,,,,,,,,,,,,,,,,,,,,,,,,,,14.2,,,14.2,14.2,,209.199997,0.0675,0.0675,,209.199997,0.0675,0.0675,0.0675,
03/31/1990,104.119003,,,-48.880001,,,55.239002,,-16.410999,,,,,,,38.827999,-8.348,,8.51,,,-0.162,30.479999,-10.458,,,20.021999,,,,20.021999,,20.021999,,,20.021999,20.021999,,209.395996,0.095,0.095,,209.395996,0.095,0.095,0.095,
06/30/1990,71.981003,,,-44.446999,,,27.534004,,-18.688999,,,,,,,8.845,-8.154,,8.333,,,-0.179,0.691,-0.166,,,0.525,,,,0.525,,0.525,,,0.525,0.525,,209.632004,0.0025,0.0025,,209.632004,0.0025,0.0025,0.0025,
09/30/1990,85.448997,,,-49.971001,,,35.477997,,-16.302,,,,,,,19.176001,-8.315,,8.513,,,-0.198,10.861001,-4.225,,,6.636,,,,6.636001,,6.636,,,6.636,6.636,,210.011993,0.0325,0.0325,,210.011993,0.0325,0.0325,0.0325,
12/31/1990,126.916,,,-56.222,,,70.694,,-18.929001,,,,,,,51.764999,-9.639,,9.849,,,-0.21,42.125999,-14.087,,,28.039,,,,28.038999,,28.039,,,28.039,28.039,,214.923996,0.13,0.13,0.13,214.923996,0.13,0.13,0.13,
03/31/1991,98.121002,,,-54.708,,,43.413002,,-16.742001,,,,,,,26.671,-7.014,,7.285,,,-0.271,19.657,-6.694,,,12.963,,,,12.963,,12.963,,,12.963,12.963,,219.856003,0.06,0.06,,219.856003,0.06,0.06,0.06,
06/30/1991,67.015999,,,-45.117001,,,21.898998,,-16.450001,,,,,,,5.449,-5.59,,6.954,,,-1.364,-0.141,0.04,,,-0.101,0.0,,,-0.101,0.0,-0.101,0.0,,-0.101,-0.101,,220.080002,0.0,0.0,0.0,220.080002,0.0,0.0,0.0,
09/30/1991,60.834999,,,-40.904999,,,19.93,,-13.628,,,,,,,6.302,-5.528,,5.749,,,-0.221,0.774,-0.288,,,0.486,,,,0.486,,0.486,,,0.486,0.486,,220.307999,0.0025,0.0025,,220.307999,0.0025,0.0025,0.0025,
12/31/1991,110.643997,,,-56.547001,,,54.096996,,-19.492001,,,,,,,34.605,-6.652,,7.2,,,-0.548,27.953,-8.906,,,19.047001,,,,19.047,,19.047001,,,19.047001,19.047001,,220.462004,0.085,0.085,0.085,220.462004,0.085,0.085,0.085,
03/31/1992,83.404999,,,-52.627998,,,30.777,,-17.108999,,,,,,,13.668,-7.034,,7.298,,,-0.264,6.634,-2.417,,,4.217,,,,4.217,,4.217,,,4.217,4.217,,220.748001,0.02,0.02,,220.748001,0.02,0.02,0.02,
06/30/1992,69.550003,,,-58.047001,,,11.503002,,-16.294001,,,,,,,-4.791,-6.553,,6.701,,,-0.148,-11.344,3.614,,,-7.73,,,,-7.73,,-7.73,,,-7.73,-7.73,,221.0,-0.035,-0.035,,221.0,-0.035,-0.035,-0.035,
09/30/1992,85.088997,,,-48.332001,,,36.756996,,-18.441999,,,,,,,18.315001,-6.606,,6.731,,,-0.125,11.709001,-3.753,,,7.956,,,,7.956001,,7.956,,,7.956,7.956,,221.179993,0.035,0.035,,221.179993,0.035,0.035,0.035,
12/31/1992,137.173996,,,-48.842999,,,88.330997,,-26.93,,,,,,,61.401001,-7.335,,7.516,,0.0,-0.181,54.066001,-10.196,,,22.870001,0.0,,,43.870001,0.0,22.870001,0.0,,22.870001,22.870001,,221.255996,0.1025,0.1025,0.1025,221.255996,0.1025,0.1025,0.1025,
03/31/1993,129.324005,,,-69.771004,,,59.553001,,-24.055,,,,,,,35.498001,-12.818,,8.368,,,4.45,22.680001,-7.402,,,15.278,-77.403,,,92.681001,0.0,92.681,0.0,,92.681,92.681,,234.119995,0.4,0.07,,234.119995,0.4,0.07,0.07,
06/30/1993,112.471001,,,-61.891998,,,50.579002,,-25.187,,,,,,,25.392,-5.936,,7.975,,,-2.039,19.456,-7.086,,,12.37,0.0,,,12.37,0.0,12.37,0.0,,12.37,12.37,,221.199997,0.055,0.055,,221.199997,0.055,0.055,0.055,
09/30/1993,103.271004,,,-60.174,,,43.097004,,-24.122999,,,,,,,18.974001,-5.833,,6.088,,,-0.255,13.141001,-15.131,,,-1.99,0.0,,,-1.989998,0.0,-1.99,0.0,,-1.99,-1.99,,234.399994,-0.0075,-0.0075,,234.399994,-0.0075,-0.0075,-0.0075,
12/31/1993,131.199005,,,-74.499001,,,56.700004,,-25.495001,,,,,,,31.205,-9.081,,6.992,,0.0,2.089,22.124,-7.777,,,14.347,0.0,,,14.347,0.0,14.347,0.0,,14.347,14.347,,234.800004,0.06,0.06,0.06,234.800004,0.06,0.06,0.06,
03/31/1994,133.628998,,,-74.613998,,,59.014999,,-25.212,,,,,,,33.803001,-6.782,,7.014,,,-0.232,27.021001,-9.959,,,17.062,0.0,,,17.062002,0.0,17.062,0.0,,17.062,17.062,,234.768005,0.0725,0.0725,,234.768005,0.0725,0.0725,0.0725,
06/30/1994,121.061996,,,-71.775002,,,49.286995,,-26.458,,,,,,,22.829,-5.76,,6.703,,,-0.943,17.069,-5.386,,,11.683,0.0,,,11.683,0.0,11.683,0.0,,11.683,11.683,,235.048004,0.05,0.05,,235.048004,0.05,0.05,0.05,
09/30/1994,112.511002,,,-66.089996,,,46.421005,,-25.534,,,,,,,20.886999,-6.428,,7.126,,,-0.698,14.458999,-4.154,,,10.305,0.0,,,10.304999,0.0,10.305,0.0,,10.305,10.305,,235.207993,0.045,0.045,,235.207993,0.045,0.045,0.045,
12/31/1994,115.274002,,,-70.547997,,,44.726005,,-24.907,,,,,,,19.819,-13.702,,5.285,,,8.417,6.117,-4.068,,,2.049,0.0,,,2.049,0.0,2.049,0.0,,2.049,2.049,,235.199996,0.0075,0.0375,0.0375,235.199996,0.0075,0.0375,0.0375,
03/31/1995,102.827003,,,-64.157997,,,38.669006,,-24.306,,,,,,,14.363,-7.953,,8.012,,,-0.059,6.41,-2.33,,,4.08,0.0,,,4.08,0.0,4.08,0.0,,4.08,4.08,,235.511993,0.0175,0.0175,,235.511993,0.0175,0.0175,0.0175,
06/30/1995,113.889999,,,-66.842003,,,47.047997,,-24.802,,,,,,,22.246,-8.799,,9.012,,,-0.213,13.447,-4.394,,,9.053,0.0,,,9.053,0.0,9.053,0.0,,9.053,9.053,,235.639999,0.0375,0.0375,,235.639999,0.0375,0.0375,0.0375,
09/30/1995,99.282997,,,-68.863998,,,30.418999,,-21.634001,,,,,,,8.785,-9.237,,9.247,,,-0.01,-0.452,1.559,,,1.107,0.0,,,1.107,0.0,1.107,0.0,,1.107,1.107,,235.796005,0.005,0.005,,235.796005,0.005,0.005,0.005,
12/31/1995,118.014,,,-70.707001,,,47.306999,,-28.226999,,,,,,,19.08,-9.219,,10.087,,,-0.868,9.861,-3.066,,,6.795,0.0,,,6.795,0.0,6.795,0.0,,6.795,6.795,,236.0,0.03,0.03,0.03,236.0,0.03,0.03,0.03,
03/31/1996,135.707001,,,-69.471001,,,66.236,,-25.339001,,,,,,,40.896999,-9.304,,9.502,,,-0.198,31.593,-11.077,,,20.516001,0.0,,,20.516,0.0,20.516001,0.0,,20.516001,20.516001,,236.399994,0.0875,0.0875,0.0875,236.399994,0.0875,0.0875,0.0875,
06/30/1996,135.087997,,,-68.185997,,,66.902,,-29.775,,,,,,,37.126999,-9.453,,9.6,,,-0.147,27.673999,-10.046,,,17.628,0.0,,,17.627999,0.0,17.628,0.0,,17.628,17.628,,236.647995,0.075,0.075,0.075,236.647995,0.075,0.075,0.075,
09/30/1996,128.550995,,,-68.162003,,,60.388992,,-27.344,,,,,,,33.044998,7.417001,,9.707,,,-17.124001,40.461999,-15.513,,,24.948999,0.0,,,24.948999,0.0,24.948999,0.0,,24.948999,24.948999,,237.067993,0.105,0.105,0.0625,237.067993,0.105,0.105,0.0625,
12/31/1996,169.682007,,,-76.671997,,,93.01001,,-22.42,,,,,,,70.589996,-12.529,,10.164,,,2.365,58.060997,-20.434,,,37.626999,0.0,,,37.626997,0.0,37.626999,0.0,,37.626999,37.626999,,238.0,0.1575,0.1575,0.1575,238.0,0.1575,0.1575,0.1575,
03/31/1997,171.345001,,,-78.194,,,93.151001,,-29.948,,,,,,,63.202999,-9.238,,9.238,,0.0,0.0,53.964999,-19.531,,,34.433998,0.0,,,34.433999,0.0,34.433998,0.0,,34.433998,34.433998,,238.447998,0.145,0.145,0.145,240.192001,0.145,0.145,0.145,
06/30/1997,139.001999,,,-81.377998,,,57.624001,,-27.853001,,,,,,,29.771,-7.967,,7.967,,0.0,0.0,21.804,-8.03,,,13.774,0.0,,,13.774,0.0,13.774,0.0,,13.774,13.774,,238.559998,0.06,0.06,0.06,240.104004,0.055,0.055,0.055,
09/30/1997,158.716995,,,-90.380997,,,68.335999,,-30.205999,,,,,,,38.130001,-11.452,,11.452,,0.0,0.0,26.678001,-9.586,,,17.091999,0.0,,,17.092001,0.0,17.091999,0.0,,17.091999,17.091999,,238.968002,0.07,0.07,0.07,240.916,0.07,0.07,0.07,
12/31/1997,206.074997,,,-103.525002,,,102.549995,,-28.336,,,,,,,74.213997,-12.302,,12.302,,0.0,0.0,61.911997,-19.893999,,,42.018002,0.0,,,42.017998,0.0,42.018002,0.0,,42.018002,42.018002,,239.600006,0.175,0.175,0.175,239.600006,0.175,0.1775,0.1775,
03/31/1998,147.001,,,-102.423,,,44.578,,-21.243,,,,,,,23.335,-12.358,12.358,12.358,,,0.0,10.977,-3.962,,,7.015,,,,7.015,,7.015,,,7.015,7.015,,479.336,0.015,0.015,0.015,481.94,0.015,0.015,0.015,
06/30/1998,137.526,,,-95.522,,,42.004,0.0,-21.722,,,,,,,20.282,-13.778,,13.778,,,,6.504,-2.163,,,4.341,,,,4.341,,4.341,-1.638,0.0,2.703,2.703,,480.196,0.005,0.005,0.005,483.976,0.005,0.005,0.005,
09/30/1998,140.190994,,,-93.410004,,,46.780991,,-31.066,,,,,,,15.715,-14.991,,14.991,,0.0,0.0,0.724,-0.26,,,0.464,0.0,,,0.464,0.0,0.464,-2.73,,-2.266,-2.266,,240.279999,-0.01,-0.01,-0.01,240.279999,-0.01,-0.01,-0.01,
12/31/1998,135.535995,,,-92.978996,,,42.556999,,-39.277,,,,,,,3.28,-86.572001,,16.572001,,0.0,70.0,-83.292001,29.284,,,-54.007999,0.0,,,-54.008001,0.0,-54.007999,-2.73,,-56.737999,-56.737999,,240.800004,-0.235,-0.235,-0.06,240.800004,-0.235,-0.235,-0.06,
03/31/1999,136.364,,,-99.813,,,36.551,,-24.409,,,,,,,12.142,-38.638,18.638,18.638,,,20.0,-26.496,6.141,,,-20.355,,,,-20.355,,-20.355,-2.73,,-23.085,-23.085,,240.984,-0.095,-0.095,-0.095,240.984,-0.095,-0.095,-0.095,
06/30/1999,161.519,,,-96.902,,,64.617,,-23.195,,,,,,,41.422,-18.504,18.504,18.504,,,0.0,22.918,-12.226,,,10.692,,,,10.692,,10.692,-2.73,,7.962,7.962,,250.51,0.03,0.03,0.03,252.736,0.03,0.03,0.03,
09/30/1999,179.935,,,-96.621,,,83.314,,-24.639,,,,,,,58.675,-17.899,17.899,17.899,,,0.0,40.776,-19.264,,,21.512,,,,21.512,,21.512,-2.73,,18.782,18.782,,254.874,0.075,0.075,0.075,256.622,0.075,0.075,0.075,
12/31/1999,546.0,,,-420.0,,,126.0,,-39.0,,,,,,,87.0,-19.0,,19.0,,0.0,0.0,68.0,-37.0,,,31.0,0.0,,,31.0,0.0,31.0,-2.73,,28.27,28.27,,255.199996,0.11,0.11,0.12,255.199996,0.11,0.11,0.12,
03/31/2000,661.0,,,-132.0,,,529.0,,-410.0,,,,,,,119.0,-21.0,21.0,21.0,,,0.0,98.0,-47.0,,,51.0,17.0,,,34.0,,34.0,-3.0,,31.0,31.0,,256.0,0.12,0.185,0.185,262.0,0.12,0.185,0.185,
06/30/2000,748.0,,,-581.0,,,167.0,0.0,-30.0,,,,,,,137.0,-20.0,20.0,20.0,,,0.0,117.0,-50.0,,,67.0,,,,67.0,,67.0,-3.0,,64.0,64.0,,256.0,0.25,0.25,0.25,276.0,0.24,0.24,0.24,
09/30/2000,1820.0,,,-1261.0,,,559.0,0.0,-66.0,,,,,23.0,,493.0,-63.0,28.0,28.0,,,35.0,430.0,-180.0,,,250.0,,,,250.0,,250.0,-3.0,0.0,247.0,247.0,41.6,460.0,0.535,0.535,0.625435,482.0,0.515,0.515,0.601307,
12/31/2000,2351.0,,,-1533.0,,,818.0,,-148.0,,,,,,,670.0,111.0,,24.0,,,-135.0,781.0,-324.0,,,457.0,0.0,,,457.0,0.0,457.0,-3.0,0.0,454.0,454.0,,498.0,0.91,0.91,0.975,522.0,0.875,0.875,0.94,
03/31/2001,3009.0,,,-514.0,,,2495.0,0.0,-1499.0,1482.0,1433.0,,,,17.0,996.0,57.0,,22.0,,,-79.0,1053.0,-389.0,,,664.0,,,,664.0,,664.0,-3.0,0.0,661.0,661.0,11.05,500.0,1.31,1.32,1.3421,526.0,1.25,1.26,1.281008,
06/30/2001,2238.0,,,-587.0,,,1651.0,,-1014.0,,,,,,,637.0,-38.0,25.0,25.0,,0.0,13.0,599.0,-197.0,,,402.0,,,,402.0,,402.0,-1.0,0.0,401.0,401.0,,502.0,0.8,0.8,0.82,536.0,0.75,0.75,0.77,
09/30/2001,1010.0,,,-3082.0,,,-2072.0,0.0,-88.0,,,,,,,-2160.0,-36.0,,18.0,,,18.0,-2196.0,845.0,,,-1351.0,,,,-1351.0,,-1351.0,-2.0,0.0,-1353.0,-1353.0,5.85,500.0,-2.705,-2.705,-2.6933,500.0,-2.705,-2.705,-2.6933,
12/31/2001,1379.0,,,-1033.0,,,346.0,,-127.0,,,,,,,219.0,-65.0,27.0,27.0,,,38.0,154.0,-45.0,,,109.0,0.0,,,109.0,0.0,109.0,-1.0,0.0,108.0,108.0,,498.0,0.215,0.215,0.215,532.0,0.205,0.205,0.205,
03/31/2002,790.0,,,-514.0,,,276.0,,-72.0,,,,,,,204.0,-72.0,49.0,49.0,,,23.0,132.0,-43.0,,,89.0,,,,89.0,,89.0,-1.0,,88.0,88.0,,496.0,0.175,0.175,0.175,526.0,0.17,0.17,0.17,
06/30/2002,1002.0,,,-536.0,,,466.0,,-77.0,,,,,,,389.0,-52.0,48.0,48.0,,,4.0,337.0,-96.0,,,241.0,,,,241.0,,241.0,-2.0,,239.0,239.0,25.0,496.0,0.48,0.48,0.48,518.0,0.465,0.465,0.465,
09/30/2002,938.0,,,-510.0,,,428.0,0.0,-78.0,,,,,,,350.0,-45.0,,49.0,,,-4.0,305.0,-115.0,,,190.0,,,,190.0,,190.0,-1.0,0.0,189.0,189.0,,498.0,0.38,0.38,0.38,516.0,0.37,0.37,0.37,
12/31/2002,1117.0,,,-490.0,,,627.0,,-133.0,,,,,,,494.0,-61.0,57.0,57.0,,2.0,2.0,433.0,-122.0,,,311.0,0.0,,,311.0,0.0,311.0,-2.0,0.0,309.0,309.0,6.0,498.0,0.625,0.625,0.625,516.0,0.605,0.605,0.605,
03/31/2003,1255.0,,,-541.0,,,714.0,,-88.0,,,,,,,626.0,-26.0,60.0,60.0,,0.0,-34.0,600.0,-228.0,,,372.0,-47.0,,,419.0,,419.0,-1.0,,418.0,418.0,5.0,498.0,0.84,0.745,0.745,516.0,0.815,0.725,0.725,
06/30/2003,1277.0,,,-598.0,,,679.0,,-86.0,,,,,,,593.0,-121.0,68.0,68.0,,,53.0,472.0,-170.0,,,302.0,,,,302.0,,302.0,-1.0,,301.0,301.0,13.0,500.0,0.605,0.605,0.605,504.0,0.6,0.6,0.6,
09/30/2003,1340.0,,,-618.0,,,722.0,0.0,-75.0,,,,,,,647.0,-168.0,,59.0,,,109.0,479.0,-203.0,,,276.0,,,,276.0,,276.0,-2.0,0.0,274.0,274.0,69.55,500.0,0.545,0.545,0.6841,502.0,0.545,0.545,0.683546,
12/31/2003,1278.0,,,-584.0,,,694.0,,-192.0,,,,,,,502.0,-79.0,,66.0,,-6.0,19.0,423.0,-128.0,,,295.0,0.0,,,295.0,0.0,295.0,-1.0,0.0,294.0,294.0,,500.0,0.59,0.59,0.615,504.0,0.585,0.585,0.61,
03/31/2004,1460.0,,,-644.0,,,816.0,,-79.0,,,,,,,737.0,-132.0,63.0,63.0,,0.0,69.0,605.0,-212.0,,,393.0,,,,393.0,,393.0,-1.0,,392.0,392.0,45.85,504.0,0.78,0.78,0.865,508.0,0.775,0.775,0.86,
06/30/2004,1443.0,,,-664.0,,,779.0,,-92.0,,,,,,,687.0,-62.0,66.0,66.0,,,-4.0,625.0,-219.0,,,406.0,,,,406.0,,406.0,-1.0,,405.0,405.0,,504.0,0.8,0.8,0.8,508.0,0.795,0.795,0.795,
09/30/2004,1562.0,,,-717.0,,,845.0,,-98.0,,,,,,,747.0,-147.0,131.0,131.0,,,16.0,600.0,-199.0,,,401.0,,,,401.0,,401.0,-2.0,,399.0,399.0,,500.0,0.795,0.795,0.795,506.0,0.79,0.79,0.79,
12/31/2004,1616.0,,,-610.0,,,1006.0,,-214.0,,,,,,,792.0,-144.0,,92.0,,4.0,48.0,648.0,-241.0,,,404.0,1.0,,,406.0,0.0,405.0,-1.0,0.0,404.0,404.0,,488.0,0.83,0.83,0.915,492.0,0.82,0.82,0.915,
03/31/2005,1526.0,,,-609.0,,,917.0,,-102.0,,,,,,,815.0,-48.0,47.0,52.0,-5.0,-1.0,2.0,767.0,-276.0,,,491.0,0.0,,,491.0,0.0,491.0,-1.0,0.0,490.0,490.0,17.0,474.0,1.035,1.035,1.07,478.0,1.025,1.025,1.06,
06/30/2005,1394.0,,,-539.0,,,855.0,,-98.0,,,,,,,757.0,-58.0,51.0,51.0,,0.0,7.0,699.0,-260.0,,,439.0,-68.0,,,507.0,0.0,507.0,-1.0,0.0,506.0,506.0,,472.0,1.07,0.93,0.93,477.0,1.06,0.92,0.92,
09/30/2005,1525.0,,,-542.0,,,983.0,,-87.0,,,,,,,896.0,-28.0,44.0,51.0,-7.0,0.0,-16.0,868.0,-336.0,,,532.0,-66.0,,,598.0,0.0,598.0,-2.0,0.0,596.0,596.0,71.93,471.0,1.27,1.13,1.28,476.0,1.25,1.12,1.27,
12/31/2005,1742.0,,,-405.0,,,1337.0,,-192.0,,,,,,,1145.0,-74.0,,52.0,-17.0,1.0,38.0,1071.0,-460.0,,,611.0,-264.0,,,875.0,0.0,875.0,-1.0,0.0,874.0,874.0,,464.0,1.885,1.315,1.2,469.0,1.865,1.305,1.19,
03/31/2006,1701.0,,,-617.0,,,1084.0,,-105.0,,,,,,,979.0,-66.0,48.0,53.0,-5.0,0.0,18.0,913.0,-348.0,,,565.0,-96.0,,,661.0,0.0,661.0,-1.0,0.0,660.0,660.0,8.19,460.0,1.43,1.23,1.25,465.0,1.42,1.22,1.24,
06/30/2006,1809.0,,,-713.0,,,1096.0,,-123.0,,,,,,,973.0,-49.0,45.0,51.0,-6.0,0.0,4.0,924.0,-261.0,,,663.0,-152.0,,,815.0,0.0,815.0,-1.0,0.0,814.0,814.0,,459.0,1.77,1.44,1.45,463.0,1.76,1.43,1.44,
09/30/2006,3503.0,,,-1128.0,,,2375.0,,-303.0,,,,,,,2072.0,-189.0,186.0,203.0,-17.0,0.0,3.0,1883.0,-573.0,,,1310.0,-75.0,,,1385.0,0.0,1385.0,0.0,0.0,1385.0,1385.0,,460.0,3.01,2.85,2.85,463.0,2.99,2.83,2.83,
12/31/2006,3206.0,,,-1583.0,,,1623.0,,-950.0,,,,,,,2525.0,-656.0,,343.0,-19.0,0.0,332.0,1869.0,-81.0,,,-64.0,-1952.0,,,3740.0,0.0,1888.0,-1.0,0.0,1887.0,1887.0,,462.0,4.08,4.05,4.48,462.0,4.08,4.05,4.48,
03/31/2007,2664.0,,,-1804.0,,,860.0,,-403.0,,,,,,,457.0,2287.0,305.0,316.0,-11.0,0.0,-2592.0,2744.0,-1049.0,,,1695.0,-27.0,,,1722.0,0.0,1722.0,-1.0,0.0,1721.0,1721.0,-2578.56,463.0,3.71,3.66,3.68,465.0,3.7,3.64,3.66,
06/30/2007,3052.0,,,-1695.0,,,1357.0,,-468.0,,,,,,,889.0,1205.0,289.0,323.0,-34.0,0.0,-1494.0,2094.0,-788.0,,,1306.0,-7.0,,,1313.0,0.0,1313.0,0.0,0.0,1313.0,1313.0,,465.0,2.82,2.81,0.9,467.0,2.81,2.79,0.89,
09/30/2007,2656.0,,,-1510.0,,,1146.0,,-424.0,,,,,,,722.0,125.0,200.0,222.0,-22.0,0.0,-325.0,847.0,-354.0,,,493.0,12.0,,,481.0,0.0,481.0,-1.0,,480.0,480.0,,466.0,1.03,1.06,0.69,468.0,1.03,1.05,0.67,
12/31/2007,2802.0,,,-1644.0,,,1158.0,,-546.0,,,,,,,612.0,32.0,,231.0,,0.0,-263.0,644.0,-368.0,,,276.0,11.0,,,265.0,0.0,265.0,-1.0,0.0,264.0,264.0,,467.0,0.56,0.59,0.68,470.0,0.56,0.59,0.68,
03/31/2008,3018.0,,,-1736.0,,,1282.0,0.0,-447.0,,,,,,,835.0,-255.0,217.0,227.0,-10.0,,38.0,580.0,-344.0,,,236.0,-50.0,,,286.0,0.0,286.0,,0.0,286.0,286.0,394.0,468.0,0.61,0.5,1.34,469.0,0.6,0.5,1.34,
06/30/2008,2416.0,,,-1918.0,,,498.0,0.0,-463.0,,,,,,,35.0,222.0,140.0,151.0,-11.0,,-362.0,257.0,-236.0,,,21.0,-7.0,,,28.0,-5.0,23.0,0.0,0.0,23.0,23.0,545.325,468.0,0.05,0.03,1.195,471.0,0.05,0.03,1.1878,
09/30/2008,6209.0,,,-1947.0,,,4262.0,0.0,-589.0,,,,,,,3673.0,-318.0,167.0,180.0,-13.0,,151.0,3355.0,-1181.0,,,2174.0,0.0,,0.0,2175.0,-10.0,2165.0,0.0,0.0,2165.0,2165.0,162.5,466.0,4.64,4.643777,4.99,467.0,4.63,4.627859,4.99,
12/31/2008,2114.0,,,-1502.0,,,612.0,0.0,-736.0,,,,,,,-124.0,1300.0,161.0,171.0,-10.0,0.0,-1461.0,1176.0,-387.0,,,789.0,0.0,,,789.0,-8.0,781.0,0.0,0.0,781.0,781.0,-219.05,459.0,1.7,1.7,1.223,460.0,1.7,1.7,1.223,
03/31/2009,1796.0,1751.0,45.0,-1506.0,700.0,806.0,290.0,0.0,-561.0,209.0,,209.0,,,352.0,-271.0,-274.0,173.0,182.0,-9.0,,101.0,-545.0,214.0,,,-331.0,0.0,0.0,0.0,-331.0,-7.0,-338.0,0.0,0.0,-338.0,-234.05,103.95,460.0,-0.73,-0.73,-0.508804,460.0,-0.73,-0.73,-0.508804,
06/30/2009,1913.0,1894.0,19.0,-1698.0,765.0,933.0,215.0,0.0,-537.0,226.0,,226.0,,,311.0,-322.0,-29.0,196.0,201.0,-5.0,,-167.0,-351.0,135.0,,,-216.0,0.0,0.0,0.0,-216.0,-10.0,-226.0,0.0,0.0,-226.0,91.85,317.85,477.0,-0.48,-0.48,0.192558,477.0,-0.48,-0.48,0.186352,
09/30/2009,2874.0,2167.0,707.0,-1643.0,734.0,909.0,1231.0,0.0,-452.0,223.0,,223.0,,,229.0,779.0,-366.0,119.0,121.0,-2.0,,247.0,413.0,-207.0,,,206.0,0.0,0.0,0.0,206.0,-6.0,200.0,0.0,-2.0,198.0,-10.4,-208.4,491.0,0.4,0.4,-0.021181,493.0,0.4,0.4,-0.022718,
12/31/2009,2417.0,2398.0,19.0,-1571.0,687.0,884.0,846.0,0.0,-655.0,325.0,,325.0,,,330.0,191.0,184.0,196.0,198.0,-2.0,,-380.0,375.0,-137.0,,,238.0,0.0,0.0,0.0,238.0,-9.0,229.0,0.0,0.0,229.0,21.0,-208.0,492.0,0.46,0.46,0.042683,494.0,0.46,0.46,0.038947,
03/31/2010,3139.0,3130.0,9.0,-1843.0,862.0,981.0,1296.0,0.0,-377.0,210.0,,210.0,,,167.0,919.0,326.0,219.0,224.0,-5.0,,-545.0,1245.0,-517.0,,,728.0,0.0,0.0,0.0,728.0,-12.0,716.0,0.0,-5.0,711.0,409.4,-301.6,493.0,1.44,1.44,0.830426,496.0,1.43,1.43,0.821935,
06/30/2010,2604.0,2563.0,41.0,-1711.0,809.0,902.0,893.0,0.0,-516.0,203.0,,203.0,,,313.0,377.0,-356.0,198.0,200.0,-2.0,,158.0,21.0,-49.0,,,-28.0,0.0,0.0,0.0,-28.0,-12.0,-40.0,0.0,0.0,-40.0,265.45,305.45,495.0,-0.08,-0.08,0.536263,495.0,-0.08,-0.08,0.536263,
09/30/2010,2550.0,2516.0,34.0,-1763.0,801.0,962.0,787.0,0.0,-591.0,275.0,,275.0,,,316.0,196.0,-110.0,215.0,218.0,-3.0,,-105.0,86.0,-94.0,,,-8.0,0.0,0.0,0.0,-8.0,-18.0,-26.0,0.0,0.0,-26.0,56.6,82.6,496.0,-0.05,-0.05,0.114113,496.0,-0.05,-0.05,0.114113,
12/31/2010,2691.0,2633.0,58.0,-1726.0,857.0,869.0,965.0,0.0,-688.0,294.0,,294.0,,,394.0,277.0,12.0,210.0,213.0,-3.0,,-222.0,289.0,-160.0,,,129.0,0.0,0.0,0.0,129.0,-18.0,111.0,0.0,0.0,111.0,100.0,-11.0,496.0,0.22,0.22,0.201613,498.0,0.22,0.22,0.197912,
03/31/2011,3253.0,3224.0,29.0,-1941.0,956.0,985.0,1312.0,0.0,-416.0,235.0,,235.0,,,181.0,896.0,-393.0,216.0,220.0,-4.0,,177.0,503.0,-266.0,,,237.0,0.0,0.0,0.0,237.0,-21.0,216.0,0.0,-1.0,215.0,347.1,132.1,497.0,0.43,0.43,0.69839,499.0,0.43,0.43,0.694729,
06/30/2011,3676.0,3734.0,-58.0,-2046.0,1061.0,985.0,1630.0,0.0,-629.0,291.0,,291.0,,,338.0,1001.0,1.0,208.0,216.0,-8.0,,-209.0,1002.0,-440.0,,,562.0,0.0,0.0,0.0,562.0,-18.0,544.0,0.0,-4.0,540.0,580.35,40.35,498.0,1.09,1.09,1.165361,500.0,1.08,1.08,1.1607,
09/30/2011,3199.0,3384.0,-185.0,-2000.0,1068.0,932.0,1199.0,0.0,-4825.0,293.0,,293.0,,,4532.0,-3626.0,-870.0,202.0,206.0,-4.0,,668.0,-4496.0,1468.0,,,-3028.0,0.0,0.0,0.0,-3028.0,-23.0,-3051.0,0.0,0.0,-3051.0,323.0,3374.0,498.0,-6.12,-6.12,0.648594,498.0,-6.12,-6.12,0.648594,
12/31/2011,3839.0,3540.0,299.0,-2010.0,1082.0,928.0,1829.0,0.0,-1970.0,276.0,,276.0,,,1694.0,-141.0,-292.0,192.0,197.0,-5.0,,100.0,-433.0,94.0,,,-339.0,0.0,0.0,0.0,-339.0,-19.0,-358.0,0.0,0.0,-358.0,387.0,745.0,498.0,-0.72,-0.72,0.777108,498.0,-0.72,-0.72,0.775984,
03/31/2012,3447.0,3412.0,35.0,-1978.0,1048.0,930.0,1469.0,0.0,1233.0,269.0,,269.0,,,-1502.0,2702.0,-167.0,184.0,186.0,-2.0,,-17.0,2535.0,-352.0,,,2183.0,0.0,0.0,0.0,2183.0,-27.0,2156.0,0.0,-12.0,2144.0,463.0,-1681.0,499.0,4.3,4.3,0.927856,501.0,4.28,4.28,0.924711,
06/30/2012,3222.0,3200.0,22.0,-2003.0,976.0,1027.0,1219.0,0.0,-1498.0,262.0,,262.0,,,1236.0,-279.0,373.0,188.0,190.0,-2.0,,-561.0,94.0,-164.0,,,-70.0,0.0,0.0,0.0,-70.0,-19.0,-89.0,0.0,0.0,-89.0,351.75,440.75,500.0,-0.18,-0.18,0.7035,500.0,-0.18,-0.18,0.7015,
09/30/2012,3332.0,3283.0,49.0,-1919.0,940.0,979.0,1413.0,0.0,-597.0,285.0,,285.0,,,312.0,816.0,-426.0,175.0,185.0,-10.0,,251.0,390.0,-248.0,,,142.0,0.0,0.0,0.0,142.0,-21.0,121.0,0.0,-1.0,120.0,421.0,301.0,500.0,0.24,0.24,0.842,502.0,0.24,0.24,0.839602,
12/31/2012,3410.0,3412.0,-2.0,-1982.0,954.0,1028.0,1428.0,0.0,-940.0,430.0,,430.0,,,510.0,488.0,58.0,179.0,181.0,-2.0,,-237.0,546.0,-356.0,,,190.0,0.0,0.0,0.0,190.0,13.0,203.0,0.0,0.0,203.0,416.0,213.0,500.0,0.4,0.4,0.832,502.0,0.4,0.4,0.824303,
03/31/2013,3893.0,3718.0,175.0,-2003.0,981.0,1022.0,1890.0,0.0,-601.0,272.0,,272.0,,,329.0,1289.0,-349.0,162.0,164.0,-2.0,,187.0,940.0,-456.0,,,484.0,0.0,0.0,0.0,484.0,-24.0,460.0,0.0,-3.0,457.0,544.0,87.0,501.0,0.91,0.91,1.085828,503.0,0.91,0.91,1.082962,
06/30/2013,3497.0,3440.0,57.0,-1905.0,965.0,940.0,1592.0,0.0,-452.0,260.0,,260.0,,,192.0,1140.0,386.0,170.0,172.0,-2.0,,-556.0,1526.0,-567.0,,,959.0,0.0,0.0,0.0,959.0,-30.0,929.0,0.0,-6.0,923.0,531.0,-392.0,502.0,1.84,1.84,1.057769,504.0,1.83,1.83,1.052222,
09/30/2013,3853.0,3789.0,64.0,-2039.0,1043.0,996.0,1814.0,0.0,-1125.0,255.0,,255.0,,,870.0,689.0,-226.0,173.0,177.0,-4.0,,53.0,463.0,-240.0,,,223.0,0.0,0.0,0.0,223.0,-41.0,182.0,0.0,-1.0,181.0,570.0,389.0,503.0,0.36,0.36,1.133201,505.0,0.36,0.36,1.130297,
12/31/2013,3338.0,3920.0,-582.0,-2040.0,1071.0,969.0,1298.0,0.0,-1083.0,303.0,,303.0,,,780.0,215.0,-1038.0,162.0,173.0,-11.0,,876.0,-823.0,98.0,,,-725.0,0.0,0.0,0.0,-725.0,-45.0,-770.0,0.0,0.0,-770.0,375.0,1145.0,504.0,-1.53,-1.53,0.744048,504.0,-1.53,-1.53,0.741825,
03/31/2014,5844.0,4338.0,1506.0,-2269.0,1145.0,1124.0,3575.0,0.0,-600.0,298.0,,298.0,,,302.0,2975.0,-4937.0,180.0,183.0,-3.0,,4757.0,-1962.0,-664.0,,,-2626.0,0.0,0.0,0.0,-2626.0,-43.0,-2669.0,0.0,0.0,-2669.0,639.0,3308.0,504.0,-5.3,-5.3,1.267857,504.0,-5.3,-5.3,1.263492,
06/30/2014,4439.0,4385.0,54.0,-2213.0,1165.0,1048.0,2226.0,0.0,-1017.0,305.0,,305.0,,,712.0,1209.0,-515.0,182.0,186.0,-4.0,,333.0,694.0,-428.0,,,266.0,0.0,0.0,0.0,266.0,-39.0,227.0,0.0,-1.0,226.0,650.95,424.95,505.0,0.45,0.45,1.28901,507.0,0.45,0.45,1.288166,
09/30/2014,5010.0,4230.0,780.0,-2335.0,1172.0,1163.0,2675.0,0.0,-977.0,381.0,,381.0,,,596.0,1698.0,76.0,191.0,204.0,-13.0,,-267.0,1774.0,-627.0,,,1147.0,0.0,0.0,0.0,1147.0,-60.0,1087.0,0.0,0.0,1087.0,600.0,-487.0,506.0,2.13,2.13,1.185771,508.0,2.12,2.12,1.161339,
12/31/2014,3177.0,3422.0,-245.0,-2362.0,1147.0,1215.0,815.0,0.0,-1294.0,332.0,,332.0,,,962.0,-479.0,27.0,193.0,199.0,-6.0,,-220.0,-452.0,102.0,,,-350.0,0.0,0.0,0.0,-350.0,-45.0,-395.0,0.0,0.0,-395.0,-1.7,393.3,507.0,-0.78,-0.78,-0.003353,507.0,-0.78,-0.78,-0.00426,
03/31/2015,2411.0,2585.0,-174.0,-2349.0,1093.0,1256.0,62.0,0.0,-4180.0,310.0,,310.0,,,3870.0,-4118.0,-510.0,211.0,216.0,-5.0,,299.0,-4628.0,1392.0,,,-3236.0,0.0,0.0,0.0,-3236.0,-32.0,-3268.0,0.0,-1.0,-3269.0,-366.0,2903.0,507.0,-6.45,-6.45,-0.721893,507.0,-6.45,-6.45,-0.724162,
06/30/2015,2718.0,2637.0,81.0,-2135.0,921.0,1214.0,583.0,0.0,-411.0,278.0,,278.0,,,133.0,172.0,13.0,199.0,201.0,-2.0,,-212.0,185.0,-77.0,,,108.0,0.0,0.0,0.0,108.0,-47.0,61.0,0.0,-1.0,60.0,3.0,-57.0,508.0,0.12,0.12,0.005906,509.0,0.12,0.12,0.005906,
09/30/2015,1767.0,2230.0,-463.0,-2054.0,943.0,1111.0,-287.0,0.0,-2183.0,303.0,,303.0,,,1880.0,-2470.0,-607.0,197.0,199.0,-2.0,,410.0,-3077.0,917.0,,,-2160.0,0.0,0.0,0.0,-2160.0,-75.0,-2235.0,0.0,-4.0,-2239.0,-384.0,1855.0,508.0,-4.41,-4.41,-0.755906,508.0,-4.41,-4.41,-0.758425,
12/31/2015,2137.0,2034.0,103.0,-1865.0,843.0,1022.0,272.0,0.0,-2330.0,288.0,,288.0,,,2042.0,-2058.0,-111.0,205.0,209.0,-4.0,,-94.0,-2169.0,645.0,,,-1524.0,0.0,0.0,0.0,-1524.0,274.0,-1250.0,0.0,-2.0,-1252.0,-323.0,929.0,508.0,-2.45,-2.45,-0.635827,508.0,-2.45,-2.45,-0.635827,
03/31/2016,1777.0,1634.0,143.0,-1931.0,782.0,1149.0,-154.0,0.0,-607.0,449.0,,449.0,,,158.0,-761.0,-620.0,217.0,220.0,-3.0,,403.0,-1381.0,383.0,,,-998.0,0.0,0.0,0.0,-998.0,-36.0,-1034.0,0.0,-1.0,-1035.0,-570.0,465.0,509.0,-2.03,-2.03,-1.119843,509.0,-2.03,-2.03,-1.119843,
06/30/2016,1975.0,1985.0,-10.0,-1841.0,857.0,984.0,134.0,0.0,-406.0,305.0,,305.0,,,101.0,-272.0,-653.0,213.0,217.0,-4.0,,440.0,-925.0,314.0,,,-611.0,0.0,0.0,0.0,-611.0,-81.0,-692.0,0.0,-2.0,-694.0,-271.0,423.0,510.0,-1.36,-1.36,-0.531373,510.0,-1.36,-1.36,-0.531373,
09/30/2016,1956.0,2251.0,-295.0,-1962.0,893.0,1069.0,-6.0,0.0,-724.0,362.0,,362.0,,,362.0,-730.0,-277.0,217.0,220.0,-3.0,,60.0,-1007.0,260.0,,,-747.0,0.0,0.0,0.0,-747.0,-83.0,-830.0,0.0,-3.0,-833.0,-462.0,371.0,517.0,-1.61,-1.61,-0.893617,517.0,-1.61,-1.61,-0.893617,
12/31/2016,2426.0,2577.0,-151.0,-2003.0,904.0,1099.0,423.0,0.0,-994.0,324.0,,324.0,,,670.0,-571.0,55.0,233.0,233.0,0.0,0.0,-288.0,-516.0,64.0,,,-452.0,0.0,0.0,0.0,-452.0,-63.0,-515.0,0.0,-3.0,-518.0,-377.0,141.0,551.0,-0.94,-0.94,-0.684211,551.0,-0.94,-0.94,-0.684211,
03/31/2017,3767.0,2898.0,869.0,-2125.0,1010.0,1115.0,1642.0,0.0,-1742.0,263.0,,263.0,,,1479.0,-100.0,-78.0,223.0,223.0,0.0,0.0,-145.0,-178.0,-97.0,,,-275.0,0.0,0.0,0.0,-275.0,-43.0,-318.0,0.0,0.0,-318.0,-330.0,-12.0,551.0,-0.58,-0.58,-0.598911,551.0,-0.58,-0.58,-0.601779,
06/30/2017,2729.0,2419.0,310.0,-1985.0,948.0,1037.0,744.0,0.0,-798.0,244.0,,244.0,,,554.0,-54.0,-318.0,229.0,229.0,0.0,0.0,89.0,-372.0,38.0,,,-334.0,0.0,0.0,0.0,-334.0,-81.0,-415.0,0.0,-2.0,-417.0,-423.7,-6.7,552.0,-0.76,-0.76,-0.767572,552.0,-0.76,-0.76,-0.772138,
09/30/2017,2512.0,2610.0,-98.0,-2111.0,1028.0,1083.0,401.0,0.0,-1134.0,261.0,,261.0,,,873.0,-733.0,-333.0,230.0,230.0,0.0,,103.0,-1066.0,425.0,,,-641.0,0.0,0.0,0.0,-641.0,-58.0,-699.0,0.0,-2.0,-701.0,-427.05,273.95,553.0,-1.27,-1.27,-0.772242,553.0,-1.27,-1.27,-0.774611,
12/31/2017,2933.0,3042.0,-109.0,-2094.0,1050.0,1044.0,839.0,0.0,-484.0,226.0,,226.0,,,258.0,355.0,-427.0,252.0,252.0,0.0,,175.0,-72.0,1111.0,,,1039.0,0.0,0.0,0.0,1039.0,-63.0,976.0,0.0,-4.0,972.0,102.65,-869.35,537.0,1.8,1.8,0.191155,537.0,1.8,1.8,0.181099,
03/31/2018,2977.0,3026.0,-49.0,-1889.0,899.0,990.0,1088.0,0.0,-605.0,278.0,,278.0,,,327.0,483.0,-183.0,228.0,228.0,0.0,,-45.0,300.0,-126.0,90.0,36.0,174.0,0.0,0.0,0.0,174.0,-53.0,121.0,0.0,0.0,121.0,279.0,158.0,518.0,0.23,0.23,0.53861,519.0,0.22,0.22,0.524432,
06/30/2018,3121.0,3168.0,-47.0,-1940.0,937.0,1003.0,1181.0,0.0,-532.0,288.0,,288.0,,,244.0,649.0,-507.0,237.0,237.0,0.0,,270.0,142.0,-125.0,,,17.0,0.0,0.0,0.0,17.0,12.0,29.0,0.0,-2.0,27.0,276.0,249.0,504.0,0.05,0.05,0.547619,505.0,0.05,0.05,0.543069,
09/30/2018,3498.0,3607.0,-109.0,-2154.0,1024.0,1130.0,1344.0,0.0,-564.0,248.0,,248.0,,,316.0,780.0,-97.0,240.0,240.0,0.0,,-143.0,683.0,-256.0,,,427.0,0.0,0.0,0.0,427.0,-64.0,363.0,0.0,-4.0,359.0,407.0,48.0,499.0,0.72,0.72,0.815631,500.0,0.72,0.72,0.815631,
12/31/2018,3241.0,3269.0,-28.0,-2175.0,1044.0,1131.0,1066.0,0.0,-904.0,270.0,,270.0,0.0,,634.0,162.0,198.0,244.0,244.0,0.0,,-442.0,360.0,-226.0,,,134.0,0.0,0.0,0.0,134.0,-32.0,102.0,0.0,0.0,102.0,180.84,78.84,493.0,0.21,0.21,0.366815,494.0,0.21,0.21,0.366815,
03/31/2019,3224.0,3126.0,98.0,-2047.0,966.0,1081.0,1177.0,0.0,-337.0,267.0,,267.0,,,70.0,840.0,-578.0,253.0,253.0,0.0,,325.0,262.0,-166.0,168.0,-2.0,96.0,0.0,0.0,0.0,96.0,-111.0,-15.0,0.0,0.0,-15.0,259.0,274.0,490.0,-0.03,-0.03,0.528571,490.0,-0.03,-0.03,0.528571,
06/30/2019,3442.0,3356.0,86.0,-2149.0,988.0,1161.0,1293.0,0.0,-1508.0,368.0,,368.0,,,1140.0,-215.0,-521.0,249.0,249.0,0.0,,272.0,-736.0,-209.0,,,-945.0,0.0,0.0,0.0,-945.0,-80.0,-1025.0,0.0,0.0,-1025.0,249.0,1274.0,491.0,-2.09,-2.09,0.507128,491.0,-2.09,-2.09,0.504705,
09/30/2019,3180.5,,,,,,,,,,,,,,,723.25,,,,,,,478.75,,,,122.575,,,,,,122.575,,,122.575,163.614,,,0.313,0.313,0.402,,0.313,0.313,0.402,
12/31/2019,3243.5,,,,,,,,,,,,,,,760.75,,,,,,,481.5,,,,161.0,,,,,,161.0,,,161.0,194.571,,,0.335,0.335,0.416,,0.335,0.335,0.416,
