Date,Revenue,Sales & Services Revenue,Cost of Revenue,Cost of Goods & Services,Gross Profit,Other Operating Income,Operating Expenses,"Selling, General & Admin",Other Operating Expense,Operating Income (Loss),Non-Operating (Income) Loss,"Interest Expense, Net",Interest Expense,Interest Income,Foreign Exch (Gain) Loss,Other Non-Op (Income) Loss,Pretax Income,Income Tax Expense (Benefit),Zakat Expenses,Income (Loss) from Cont Ops,Net Extraordinary Losses (Gains),Discontinued Operations,XO & Accounting Changes,Income (Loss) Incl. MI,Minority Interest,"Net Income, GAAP",Preferred Dividends,Other Adjustments,"Net Income Avail to Common, GAAP","Net Income Avail to Common, Adj",Net Abnormal Losses (Gains),Basic Weighted Avg Shares,"Basic EPS, GAAP",Basic EPS from Cont Ops,"Basic EPS from Cont Ops, Adjusted",Diluted Weighted Avg Shares,"Diluted EPS, GAAP",Diluted EPS from Cont Ops,"Diluted EPS from Cont Ops, Adjusted",Source: Bloomberg
03/31/1991,125.796989,,-93.598999,,32.19799,,-21.495001,,,10.702991,-15.449,,15.618,,,-0.169,-4.746009,-0.095,,-4.841009,0.0,,,-4.841009,0.0,-4.841009,0.0,,-4.841009,-4.841009,,236.89064,-0.020625,-0.020625,,236.89064,-0.020625,-0.020625,-0.020625,
06/30/1991,130.418991,,-93.063004,,37.355988,,-20.636,,,16.719992,-15.247,,15.426,,,-0.179,1.472992,-1.061,,0.411991,0.0,,,0.411992,0.0,0.411991,0.0,,0.411991,0.411991,,236.89064,0.001875,0.001875,,236.89064,0.001875,0.001875,0.001875,
09/30/1991,116.612991,,-84.136002,,32.47699,,-18.879999,,,13.596992,-14.488,,14.818,,,-0.33,-0.891008,-1.044,,-1.935008,0.0,,,-1.935008,0.0,-1.935008,0.0,,-1.935008,-1.935008,,236.89064,-0.009375,-0.009375,,236.89064,-0.009375,-0.009375,-0.009375,
12/31/1991,116.249001,,-85.948997,,30.300004,,-18.458,,,11.842,-11.189,,13.69,,,-2.501,0.653,-0.819,,-0.166,5.689,,,-5.855,0.0,-5.855034,0.0,,-5.855034,-5.855034,,370.656,-0.01625,-0.000625,-0.000625,370.656,-0.01625,-0.000625,-0.000625,
03/31/1992,116.55999,,-86.542999,,30.016991,,-18.396,,,11.620992,-7.318,,7.323,,0.0,-0.005,4.302992,-1.506,,2.796992,0.0,,,2.796992,0.0,2.796992,0.0,,2.796992,2.796992,,523.07782,0.005625,0.005625,,523.07782,0.005625,0.005625,0.005625,
06/30/1992,115.743996,,-84.693001,,31.050995,,-19.128,,,11.922992,-5.253,,6.96,,0.0,-1.707,6.669992,-2.182,,4.487992,0.0,,,4.487992,0.0,4.487992,0.0,,4.487992,4.487992,,523.113525,0.00875,0.00875,,523.113525,0.00875,0.00875,0.00875,
09/30/1992,112.263992,,-82.968002,,29.29599,,-18.618,,,10.677992,-6.955,,7.274,,0.0,-0.319,3.722992,0.0,0.574,3.148992,0.0,,,3.722992,0.0,3.148992,0.0,,3.148992,3.148992,,523.539795,0.00625,0.00625,,523.539795,0.00625,0.00625,0.00625,
12/31/1992,113.108994,,-85.166,,27.942994,,-18.965,,,8.977992,-12.307,,7.728,,0.933,3.646,-3.329008,0.96,,-1.795008,0.0,,,-2.369008,0.0,-1.795008,0.0,,-1.795008,-1.795008,,541.104,-0.003125,-0.003125,-0.003125,541.104,-0.003125,-0.003125,-0.003125,
03/31/1993,146.919006,,-107.987999,,38.931007,,-22.482,,,16.448999,-10.782,,10.936,,0.0,-0.154,5.667,-1.984,,3.683,0.0,,,3.683,0.0,3.683,0.0,,3.683,3.683,,685.134888,0.005625,0.005625,,685.134888,0.005625,0.005625,0.005625,
06/30/1993,154.817001,,-110.096001,,44.721001,,-23.222,,,21.499001,-10.96,,10.483,,0.0,0.477,10.539001,-3.688,,6.851,0.0,,,6.851001,0.0,6.851,0.0,,6.851,6.851,,685.134888,0.01,0.01,,685.134888,0.01,0.01,0.01,
09/30/1993,150.494995,,-107.100998,,43.393997,,-21.819,,,21.575001,-11.022,,10.198,,0.0,0.824,10.553001,-3.694,,6.859,0.0,,,6.859001,0.0,6.859,0.0,,6.859,6.859,,685.134888,0.01,0.01,,685.134888,0.01,0.01,0.01,
12/31/1993,151.735992,,-108.138,,43.597992,,-21.863001,,,21.735001,-10.418,,9.567,,0.513,0.338,11.317001,-3.961,,7.356,0.0,,,7.356001,0.0,7.356,0.0,,7.356,7.356,,685.143984,0.010625,0.010625,0.010625,685.143984,0.010625,0.010625,0.010625,
03/31/1994,155.507996,,-111.477997,,44.029999,,-23.493999,,,20.535999,-8.984,,8.401,,0.0,0.583,11.551999,-4.505,,7.047,4.087,,,2.959999,0.0,2.96,0.0,,2.96,2.96,,713.553589,0.004375,0.01,,713.553589,0.004375,0.01,0.01,
06/30/1994,173.565002,,-122.078003,,51.487,,-25.497999,,,25.989,-8.578,,7.556,,0.0,1.022,17.411,-6.791,,10.62,0.0,,,10.62,0.0,10.62,0.0,,10.62,10.62,,756.091675,0.01375,0.01375,,756.091675,0.01375,0.01375,0.01375,
09/30/1994,178.171997,,-124.510002,,53.661995,,-26.087999,,,27.573999,-8.386,,7.263,,0.0,1.123,19.187999,-7.483,,11.705,0.0,,,11.705,0.0,11.705,0.0,,11.705,11.705,,756.415344,0.015625,0.015625,,756.415344,0.015625,0.015625,0.015625,
12/31/1994,185.406006,,-128.350998,,57.055008,,-27.103001,,,29.952,-8.489,,7.162,,0.357,0.97,21.463,-8.33,,13.133,0.0,,,13.133,-0.105,13.028,0.0,,13.028,13.028,,756.502864,0.0175,0.0175,0.0175,756.502864,0.0175,0.0175,0.0175,
03/31/1995,197.975006,,-137.078003,,60.897003,,-28.66,,,32.237,-8.535,,6.71,,0.0,1.825,23.701999,-9.481,,14.221,0.0,,,14.220999,0.0,14.221,0.0,,14.221,14.221,,756.656006,0.01875,0.01875,,756.656006,0.01875,0.01875,0.01875,
06/30/1995,207.584,,-143.287994,,64.296005,,-29.893,,,34.403,-7.628,,6.513,,0.0,1.115,26.775,-10.71,,16.065001,0.0,,,16.065,0.0,16.065001,0.0,,16.065001,16.065001,,756.799988,0.02125,0.02125,,756.799988,0.02125,0.02125,0.02125,
09/30/1995,189.011993,,-127.314003,,61.69799,,-27.761999,,,33.936001,-7.119,,6.342,,0.0,0.777,26.817001,-10.727,,16.09,0.0,,,16.090001,0.0,16.09,0.0,,16.09,16.09,,756.94397,0.02125,0.02125,,756.94397,0.02125,0.02125,0.02125,
12/31/1995,188.662003,,-126.821999,,61.840004,,-27.726,,,34.113998,-6.374,,5.983,,-0.205,0.596,27.739998,-10.851,,16.889,0.0,,,16.888998,-0.407,16.482,0.0,,16.482,16.482,,756.943968,0.021875,0.021875,0.021875,756.943968,0.021875,0.021875,0.021875,
03/31/1996,194.822006,,-131.113998,,63.708008,,-28.698999,,,35.008999,-6.776,,6.052,,0.0,0.724,28.232999,-11.293,,16.940001,0.0,,,16.939999,0.0,16.940001,0.0,,16.940001,16.940001,,757.135986,0.0225,0.0225,0.0225,757.135986,0.0225,0.0225,0.0225,
06/30/1996,198.921005,,-134.020996,,64.900009,,-29.552999,,,35.347,-6.994,,6.091,,0.0,0.903,28.353,-10.945,,17.408001,0.0,,,17.408,0.0,17.408001,0.0,,17.408001,17.408001,,757.247986,0.023125,0.023125,0.023125,757.247986,0.023125,0.023125,0.023125,
09/30/1996,184.876007,,-117.136002,,67.740005,,-34.241001,,,33.499001,-7.086,,6.097,,0.0,0.989,26.413,-9.716,,16.697001,0.0,,,16.697001,0.0,16.697001,0.0,,16.697001,16.697001,,749.664001,0.0225,0.0225,0.0225,749.664001,0.0225,0.0225,0.0225,
12/31/1996,197.602005,,-141.225998,,56.376007,,-22.253,,,34.123001,-7.206,,6.377,,-0.339,1.168,26.917001,-10.133,,16.784,0.0,,,16.784001,-0.251,16.533001,0.0,,16.533001,16.533001,,721.760016,0.023125,0.023125,0.023125,721.760016,0.023125,0.023125,0.023125,
03/31/1997,211.772995,,-142.386993,,69.386002,,-33.297001,,,36.089001,-7.639,,6.422,,,1.217,28.450001,-10.953,,17.497,0.0,,,17.497001,0.0,17.497,0.0,,17.497,17.497,,715.520016,0.024375,0.024375,0.024375,716.784,0.024375,0.024375,0.024375,
06/30/1997,226.996002,,-151.518005,,75.477997,,-34.801998,,,40.675999,-13.848,,14.249,,,-0.401,26.827999,-11.054,,15.774,12.845,,,2.928999,0.0,2.929,0.0,,2.929,2.929,,509.872016,0.005625,0.03125,0.03125,511.040016,0.005625,0.030625,0.030625,
09/30/1997,223.494003,,-144.697006,,78.796997,,-39.655998,,,39.140999,-24.036999,,22.990999,,,1.046,15.104,-6.545,,8.559,0.0,,,8.559,0.0,8.559,0.0,,8.559,8.559,,280.32,0.030625,0.030625,0.030625,284.687984,0.03,0.03,0.03,
12/31/1997,222.085007,,-165.233994,,56.851013,,-17.309,,,39.542,-22.750001,,21.051001,,,1.699,16.791999,-7.358,,9.434,11.702,,,-2.268001,0.0,-2.268,0.0,,-2.268,-2.268,,280.480016,-0.008125,0.03375,0.03375,286.272,-0.008125,0.033125,0.033125,
03/31/1998,228.541,,-154.473999,,74.067001,,-35.512001,,,38.555,-21.381,,20.302,,,1.079,17.174,-7.501,,9.673,0.0,,,9.673,0.0,9.673,0.0,,9.673,9.673,,280.544,0.034375,0.034375,0.034375,287.071984,0.03375,0.03375,0.03375,
06/30/1998,227.942001,,-153.656006,,74.285995,,-35.126999,,,39.159,-20.893,,19.99,,,0.903,18.266,-7.911,,10.355,0.0,,,10.355,0.0,10.355,0.0,,10.355,10.355,,280.592016,0.036875,0.036875,0.036875,287.023984,0.03625,0.03625,0.03625,
09/30/1998,229.018,,-150.601,,78.417,,-42.149,,,36.268,-21.493,20.453,20.453,,,1.04,14.775,-6.563,,8.212,0.0,,,8.212,0.0,8.212,0.0,,8.212,8.212,,283.465472,0.02875,0.02875,0.02875,286.685776,0.02875,0.02875,0.02875,
12/31/1998,233.376007,,-143.199005,,90.177002,,-54.431999,,,35.744999,-21.977,,20.454,,,1.523,13.767999,-5.498,,8.27,0.0,,,8.269999,0.0,8.27,0.0,,8.27,8.27,,285.760016,0.02875,0.02875,0.02875,287.776,0.02875,0.02875,0.02875,
03/31/1999,237.164001,,-164.173996,,72.990005,,-37.34,,,35.650002,-21.045,,19.812,,,1.233,14.605002,-6.366,,8.239,0.0,,,8.239002,0.0,8.239,0.0,0.0,8.239,8.239,,285.792,0.02875,0.02875,0.02875,288.496,0.02875,0.02875,0.02875,
06/30/1999,247.438004,,-162.197998,,85.240006,,-45.943001,,,39.297001,-21.215001,,19.860001,,,1.355,18.082,-7.619,,10.463,0.0,,,10.463,0.0,10.463,0.0,0.0,10.463,10.463,,285.824,0.036875,0.036875,0.036875,289.488,0.03625,0.03625,0.03625,
09/30/1999,256.856995,,-168.197998,,88.658997,,-47.580002,,,41.078999,-21.229999,0.0,20.000999,,,21.229999,19.849,-8.263,,11.586,0.0,,,11.586,0.0,11.586,0.0,0.0,11.586,11.586,,285.84,0.040625,0.040625,0.040625,291.135984,0.04,0.04,0.04,
12/31/1999,269.144012,,-169.408005,,99.736007,,-55.033001,,,44.702999,-21.069001,,19.624001,,,1.445,23.633998,-9.627,,14.007,8.674,,,5.332998,0.0,5.333,0.0,0.0,5.333,5.333,,296.368016,0.0175,0.0475,0.0475,303.967984,0.0175,0.04625,0.04625,
03/31/2000,300.049011,,-197.175995,,102.873016,,-52.187,,,50.686001,-17.747,,15.843,,,1.904,32.939001,-12.675,,20.264,0.0,,,20.264001,0.0,20.264,0.0,0.0,20.264,20.264,,331.728,0.06125,0.06125,0.06125,340.640016,0.06,0.06,0.06,
06/30/2000,335.51001,,-219.492004,,116.018006,,-56.581001,,,59.437,-17.323,,15.494,,,1.829,42.114,-15.904,,26.209999,0.0,,,26.21,0.0,26.209999,0.0,0.0,26.209999,26.209999,,332.272,0.07875,0.07875,0.07875,342.784,0.07625,0.07625,0.07625,
09/30/2000,354.694,,-231.391998,,123.302002,,-58.911999,,,64.389999,-18.234,,15.462,,,2.772,46.155999,-17.322001,,28.834,0.0,,,28.833998,0.0,28.834,0.0,0.0,28.834,28.834,,333.224,0.08625,0.08625,0.08625,344.704008,0.08375,0.08375,0.08375,
12/31/2000,369.449005,,-238.324997,,131.124008,,-61.214001,,,69.910004,-17.901,,14.911,,,2.99,52.009004,-19.413,,32.596001,0.0,,,32.596004,0.0,32.596001,0.0,0.0,32.596001,32.596001,,333.448,0.0975,0.0975,0.0975,343.976016,0.095,0.095,0.095,
03/31/2001,316.671997,,-199.501007,,117.17099,,-55.653,,,61.518002,-16.148,,14.21,,,1.938,45.370002,-16.865,,28.504999,0.0,,,28.505002,0.0,28.504999,0.0,0.0,28.504999,28.504999,,333.496,0.085,0.085,0.085,341.768008,0.08375,0.08375,0.08375,
06/30/2001,274.145996,,-172.171005,,101.974991,,-50.354,,,51.620998,-15.357,,14.109,,,1.248,36.263998,-13.728,,22.535999,0.0,,,22.535998,0.0,22.535999,0.0,0.0,22.535999,22.535999,,333.511992,0.0675,0.0675,0.0675,342.312008,0.06625,0.06625,0.06625,
09/30/2001,252.580994,,-161.658997,,90.921997,,-48.348,,,42.574001,-15.26,,14.042,,,1.218,27.314001,-10.681,,16.632999,0.0,,,16.633001,0.0,16.632999,0.0,0.0,16.632999,16.632999,,336.0,0.05,0.05,0.05,344.247984,0.04875,0.04875,0.04875,
12/31/2001,260.372009,,-170.947006,,89.425003,,-48.111,,,41.313999,-14.907,,13.738,,,1.169,26.406999,-10.371,,16.035999,0.0,,,16.035999,0.0,16.035999,0.0,0.0,16.035999,16.035999,,338.392,0.0475,0.0475,0.0475,347.511992,0.04625,0.04625,0.04625,
03/31/2002,255.975998,,-170.735001,,85.240997,,-44.967999,,,40.272999,-14.024,,12.838,,,1.186,26.248999,-9.056,,17.193001,0.0,,,17.192999,0.0,17.193001,0.0,0.0,17.193001,17.193001,,338.407992,0.05125,0.05125,0.05125,347.536008,0.05,0.05,0.05,
06/30/2002,270.86499,,-178.485001,,92.379989,,-47.348,,,45.032001,-14.493,,12.858,,,1.635,30.539001,-10.536,,20.003,0.0,,,20.003001,0.0,20.003,0.0,0.0,20.003,20.003,,339.152008,0.05875,0.05875,0.05875,347.631992,0.0575,0.0575,0.0575,
09/30/2002,268.11499,,-176.063004,,92.051986,,-47.852001,,,44.200001,-12.649,,11.482,,,1.167,31.551001,-10.885,,20.666,0.0,,,20.666001,0.0,20.666,0.0,0.0,20.666,20.666,,340.208008,0.06125,0.06125,0.06125,347.368008,0.06,0.06,0.06,
12/31/2002,267.046,,-175.019,,92.027,,-47.585,38.772,8.813,44.442,-10.119,,8.752,,,1.367,34.323,-11.841,,22.482,,,,22.482,,22.482,,0.0,22.482,22.482,,340.467776,0.06625,0.06625,0.06625,347.722616,0.065,0.065,0.065,
03/31/2003,277.773987,,-182.653,,95.120987,,-49.950001,,,45.171001,-9.848,8.124,8.124,,,1.724,35.323001,-12.01,,23.313,0.0,,,23.313001,,23.313,0.0,0.0,23.313,23.313,,340.584016,0.06875,0.06875,0.06875,348.088016,0.0675,0.0675,0.0675,
06/30/2003,304.893005,,-203.199997,,101.693008,,-52.433998,,,49.258999,-19.746,,7.694,,,12.052,29.512999,-10.034,,19.479,0.0,,,19.478999,,19.479,0.0,0.0,19.479,19.479,,340.992008,0.0575,0.0575,0.0775,349.376008,0.05625,0.05625,0.075,
09/30/2003,314.798004,,-208.677002,,106.121002,,-53.749001,,,52.372002,-9.626,,7.179,,,2.447,42.746002,-14.534,,28.212,0.0,,,28.212002,,28.212,0.0,0.0,28.212,28.212,,345.519992,0.08125,0.08125,0.08125,354.152008,0.08,0.08,0.08,
12/31/2003,342.039001,,-226.194,,115.845001,,-58.227001,,,57.618,-7.639,,6.508,,,1.131,49.979,-16.993,,32.986,0.0,,,32.986,,32.986,0.0,0.0,32.986,32.986,,350.391998,0.09375,0.09375,0.09375,358.359985,0.0925,0.0925,0.0925,
03/31/2004,355.260986,,-233.229996,,122.030991,,-60.748001,,,61.283001,-7.255,,5.755,,,1.5,54.028001,-18.370001,,35.658001,0.0,,,35.658,0.0,35.658001,0.0,0.0,35.658001,35.658001,,351.911987,0.1025,0.1025,0.1025,359.511993,0.1,0.1,0.1,
06/30/2004,387.118988,,-254.031006,,133.087982,,-64.033997,,,69.054001,-7.892,,5.673,,,2.219,61.162001,-20.795,,40.367001,0.0,,,40.367001,,40.367001,0.0,0.0,40.367001,40.367001,,352.700012,0.115,0.115,0.115,359.459992,0.1125,0.1125,0.1125,
09/30/2004,384.102997,,-250.417007,,133.68599,,-63.382999,,,70.303001,-7.204,,5.597,,,1.607,63.099001,-21.452999,,41.646,0.0,,,41.646002,,41.646,0.0,0.0,41.646,41.646,,351.843996,0.1175,0.1175,0.1175,357.868012,0.1175,0.1175,0.1175,
12/31/2004,403.963,,-262.287,,141.676,,-65.672,,,76.004,-6.852,,5.515,,,1.337,69.152,-23.512,,45.64,0.0,,,45.64,,45.64,0.0,0.0,45.64,45.64,,351.92,0.13,0.13,0.13,358.956,0.1275,0.1275,0.1275,
03/31/2005,409.395,,-263.425,,145.97,,-68.637,,,77.333,-7.067,5.403,5.403,,,1.664,70.266,-23.89,,46.376,0.0,,,46.376,0.0,46.376,0.0,0.0,46.376,46.376,,352.066944,0.1325,0.1325,0.1325,359.618664,0.13,0.13,0.13,
06/30/2005,443.642,,-282.421,,161.221,,-75.175,,,86.046,-7.173,5.775,5.775,,,1.398,78.873,-26.817,,52.056,0.0,,,52.056,0.0,52.056,0.0,0.0,52.056,52.056,,353.451208,0.1475,0.1475,0.1475,361.089164,0.145,0.145,0.145,
09/30/2005,446.995,,-285.42,,161.575,,-75.486,,,86.089,-10.57,5.548,5.548,,,5.022,75.519,-23.43,,52.089,0.0,,,52.089,0.0,52.089,0.0,0.0,52.089,52.089,2.398,355.10162,0.1475,0.1475,0.1475,362.79126,0.1425,0.1425,0.1425,
12/31/2005,508.115,,-330.738,,177.377,,-83.518,,,93.859,-6.465,7.364,7.364,,,-0.899,87.394,-27.492,,59.902,0.0,,,59.902,-4.084,55.818,0.0,0.0,55.818,55.818,,356.164,0.1575,0.1575,0.1575,361.888,0.1525,0.1525,0.1525,
03/31/2006,568.991,,-373.023,,195.968,,-97.577,,,98.391,-12.908,10.184,10.184,,,2.724,85.483,-28.209,,57.274,0.0,,,57.274,0.0,57.274,0.0,0.0,57.274,57.274,,357.78864,0.16,0.16,0.16,366.120696,0.1575,0.1575,0.1575,
06/30/2006,606.598,,-413.898,,192.7,,-84.69,,,108.01,-28.396,10.002,10.002,,,18.394,79.614,-26.273,,53.341,0.0,,,53.341,0.0,53.341,0.0,0.0,53.341,53.341,,358.178124,0.15,0.15,0.1775,366.963192,0.145,0.145,0.1725,
09/30/2006,636.418,,-418.123,,218.295,,-103.991,,,114.304,-18.645,9.308,9.308,,,9.337,95.659,-28.96,,66.699,0.0,,,66.699,0.0,66.699,0.0,0.0,66.699,66.699,4.011,357.689116,0.1875,0.1875,0.1975,366.679136,0.1825,0.1825,0.1925,
12/31/2006,659.423,,-429.278,,230.145,0.0,-105.511,87.648,17.863,124.634,-12.118,,9.305,,,2.813,112.516,-34.139,,78.377,0.0,,,78.377,0.0,78.377,0.0,0.0,78.377,78.377,,357.76734,0.22,0.22,0.22,366.985236,0.2125,0.2125,0.2125,
03/31/2007,651.084,,-440.516,,210.568,,-87.971,,,122.597,-12.191,9.042,9.042,,,3.149,110.406,-32.702,,77.704,0.0,,,77.704,0.0,77.704,0.0,0.0,77.704,77.704,,356.265456,0.11,0.11,0.107263,365.086872,0.1075,0.1075,0.104763,
06/30/2007,688.836,,-463.212,,225.624,,-92.211,,,133.413,-12.618,8.979,8.979,,,3.639,120.795,-36.799,,83.996,0.0,,,83.996,0.0,83.996,0.0,0.0,83.996,83.996,0.0,357.248304,0.235,0.235,0.235,365.372658,0.23,0.23,0.23,
09/30/2007,733.851,,-494.709,,239.142,,-95.792,,,143.35,-14.049,9.371,9.371,,,4.678,129.301,-37.8,,91.501,0.0,,,91.501,0.0,91.501,0.0,0.0,91.501,91.501,,356.81085,0.255,0.255,0.255,364.420394,0.25,0.25,0.25,
12/31/2007,777.27,,-522.463,,254.807,0.0,-101.309,101.309,0.0,153.498,-2.516,,9.484,,,-6.968,150.982,-40.489,,110.493,0.0,,,110.493,-10.5,99.993,0.0,0.0,99.993,99.993,,357.291088,0.28,0.28,0.28,365.223746,0.275,0.275,0.275,
03/31/2008,770.714,,-519.808,,250.906,,-100.61,,,150.296,-12.044,9.899,9.899,,,2.145,138.252,-40.784,,97.468,0.0,,,97.468,0.0,97.468,0.0,0.0,97.468,97.468,,353.325232,0.275,0.275,0.275,360.395938,0.27,0.27,0.27,
06/30/2008,846.817,,-570.227,,276.59,,-108.367,,,168.223,-12.206,9.915,9.915,,,2.291,156.017,-46.022,,109.995,0.0,,,109.995,0.0,109.995,0.0,0.0,109.995,109.995,,350.975292,0.315,0.315,0.315,358.791458,0.305,0.305,0.305,
09/30/2008,863.658,,-582.407,,281.251,,-109.931,,,171.32,-13.12,9.772,9.772,,0.0,3.348,158.2,-45.245,,112.955,0.0,,,112.955,0.0,112.955,0.0,0.0,112.955,112.955,,353.43279,0.32,0.32,0.32,360.26822,0.315,0.315,0.315,
12/31/2008,755.282,,-514.876,,240.406,,-98.006,,,142.4,-12.715,10.041,10.041,,,2.674,129.685,-30.952,,98.733,0.0,,,98.733,0.0,98.733,0.0,0.0,98.733,98.733,,347.594946,0.285,0.285,0.285,351.09126,0.28,0.28,0.28,
03/31/2009,660.012,660.012,-453.633,453.633,206.379,0.0,-95.694,95.694,0.0,110.685,-9.213,8.398,8.998,-0.6,,0.815,101.472,-24.422,,77.05,0.0,0.0,0.0,77.05,-2.64,74.41,0.0,0.0,74.41,74.41,0.0,342.370396,0.215,0.215,0.215,346.19695,0.215,0.215,0.215,
06/30/2009,685.184,685.184,-471.034,471.034,214.15,0.0,-98.672,98.672,0.0,115.478,-9.513,8.769,9.131,-0.362,,0.744,105.965,-29.14,,76.825,0.0,0.0,0.0,76.825,-1.955,74.87,0.0,0.0,74.87,74.87,0.0,342.634224,0.22,0.22,0.22,347.29941,0.215,0.215,0.215,
09/30/2009,716.573,716.573,-492.18,492.18,224.393,0.0,-100.103,100.103,0.0,124.29,-9.306,8.432,8.961,-0.529,,0.874,114.984,-31.62,,83.364,0.0,0.0,0.0,83.364,-2.449,80.915,0.0,0.0,80.915,80.915,0.0,342.856474,0.235,0.235,0.235,347.857178,0.235,0.235,0.235,
12/31/2009,758.296,758.296,-516.664,516.664,241.632,0.0,-103.172,103.172,0.0,138.46,-14.354,8.833,9.496,-0.663,,5.521,124.106,-34.129,,89.977,0.0,0.0,0.0,89.977,-2.338,87.639,0.0,0.0,87.639,90.993,3.354,344.975366,0.255,0.255,0.263767,350.137462,0.25,0.25,0.259579,
03/31/2010,770.954,770.954,-521.762,521.762,249.192,0.0,-104.148,104.148,0.0,145.044,-9.554,9.211,10.013,-0.802,,0.343,135.49,-35.352,,100.138,0.0,0.0,0.0,100.138,-1.785,98.353,0.0,0.0,98.353,98.353,0.0,346.532226,0.285,0.285,0.285,351.150004,0.28,0.28,0.28,
06/30/2010,884.798,884.798,-595.499,595.499,289.299,0.0,-113.674,113.674,0.0,175.625,-9.204,8.851,9.968,-1.117,,0.353,166.421,-35.412,,131.009,0.0,0.0,0.0,131.009,-1.338,129.671,0.0,0.0,129.671,119.671,-10.0,347.039764,0.375,0.375,0.344834,351.77093,0.37,0.37,0.341573,
09/30/2010,948.463,948.463,-638.746,638.746,309.717,0.0,-120.583,120.583,0.0,189.134,-9.317,9.031,10.568,-1.537,,0.286,179.817,-41.018,,138.799,0.0,0.0,0.0,138.799,-1.531,137.268,0.0,0.0,137.268,128.868,-8.4,347.627506,0.395,0.395,0.370707,352.449498,0.39,0.39,0.366167,
12/31/2010,949.886,949.886,-639.866,639.866,310.02,0.0,-119.466,119.466,0.0,190.554,-8.594,8.602,10.192,-1.59,,-0.008,181.96,-49.493,,132.467,0.0,0.0,0.0,132.467,-1.354,131.113,0.0,0.0,131.113,131.113,0.0,349.829452,0.375,0.375,0.375,355.195284,0.37,0.37,0.37,
03/31/2011,940.585,940.585,-636.461,636.461,304.124,0.0,-118.039,118.039,0.0,186.085,-8.312,8.198,10.016,-1.818,,0.114,177.773,-48.888,,128.885,0.0,0.0,0.0,128.885,-0.927,127.958,0.0,0.0,127.958,127.958,0.0,350.336594,0.365,0.365,0.365,355.701864,0.36,0.36,0.36,
06/30/2011,1017.738,1017.738,-696.516,696.516,321.222,0.0,-106.348,124.161,-17.813,214.874,-9.241,9.06,11.371,-2.311,,0.181,205.633,-56.739,,148.894,0.0,0.0,0.0,148.894,-1.143,147.751,0.0,0.0,147.751,136.17255,-11.57845,342.388948,0.43,0.43,0.397713,347.184916,0.425,0.425,0.391651,
09/30/2011,1032.754,1032.754,-709.277,709.277,323.477,0.0,-137.418,124.587,12.831,186.059,-8.243,7.627,10.498,-2.871,,0.616,177.816,-41.758,,136.058,0.0,0.0,0.0,136.058,-1.435,134.623,0.0,0.0,134.623,142.723,8.1,335.903732,0.4,0.4,0.424893,339.670134,0.395,0.395,0.418847,
12/31/2011,948.709,948.709,-653.872,653.872,294.837,0.0,-130.177,119.529,10.648,164.66,-9.13,7.899,11.144,-3.245,,1.231,155.53,-40.525,,115.005,0.0,0.0,0.0,115.005,-1.146,113.859,0.0,0.0,113.859,121.2802,7.4212,328.765794,0.345,0.345,0.368895,332.359192,0.345,0.345,0.367329,
03/31/2012,981.604,981.604,-672.333,672.333,309.271,0.0,-123.992,123.992,0.0,185.279,-11.562,11.209,13.749,-2.54,,0.353,173.717,-46.469,,127.248,0.0,0.0,0.0,127.248,-0.685,126.563,0.0,0.0,126.563,126.563,0.0,325.723726,0.39,0.39,0.39,330.710276,0.385,0.385,0.385,
06/30/2012,1061.107,1061.107,-726.946,726.946,334.161,0.0,-127.985,127.985,0.0,206.176,-12.465,12.109,15.099,-2.99,,0.356,193.711,-51.818,,141.893,0.0,0.0,0.0,141.893,-0.951,140.942,0.0,0.0,140.942,140.942,0.0,323.0231,0.435,0.435,0.435,327.74313,0.43,0.43,0.43,
09/30/2012,1103.376,1103.376,-759.047,759.047,344.329,0.0,-128.659,128.659,0.0,215.67,-12.53,12.212,15.166,-2.954,,0.318,203.14,-54.34,,148.8,0.0,0.0,0.0,148.8,-1.35,147.45,0.0,0.0,147.45,147.45,0.0,322.698986,0.455,0.455,0.455,327.560342,0.45,0.45,0.45,
12/31/2012,1145.978,1145.978,-790.527,790.527,355.451,0.0,-134.231,132.231,2.0,221.22,-12.947,12.583,15.599,-3.016,0.0,0.364,208.273,-66.706,,141.567,0.0,0.0,0.0,141.567,-1.205,140.362,0.0,0.0,140.362,131.062,-9.3,320.759728,0.44,0.44,0.408598,325.579716,0.43,0.43,0.401436,
03/31/2013,1079.805,1079.805,-741.913,741.913,337.892,0.0,-130.935,130.935,0.0,206.957,-12.672,12.362,15.457,-3.095,,0.31,194.285,-40.672,,153.613,0.0,0.0,0.0,153.613,-0.606,153.007,0.0,0.0,153.007,141.707,-11.3,319.476336,0.48,0.48,0.44356,325.426004,0.47,0.47,0.435277,
06/30/2013,1136.067,1136.067,-776.279,776.279,359.788,0.0,-135.775,135.775,0.0,224.013,-12.588,12.23,15.621,-3.391,,0.358,211.425,-56.557,,154.868,0.0,0.0,0.0,154.868,-0.88,153.988,0.0,0.0,153.988,153.988,0.0,319.410042,0.48,0.48,0.48,325.870856,0.475,0.475,0.475,
09/30/2013,1153.062,1153.062,-789.214,789.214,363.848,0.0,-139.365,136.828,2.537,224.483,-12.423,11.906,16.048,-4.142,,0.517,212.06,-50.671,,161.389,0.0,0.0,0.0,161.389,-0.591,160.798,0.0,0.0,160.798,162.898,2.1,317.33104,0.51,0.51,0.513338,323.585572,0.5,0.5,0.50649,
12/31/2013,1245.7,1245.7,-856.4,856.4,389.3,0.0,-147.9,144.5,3.4,241.4,-12.5,12.128,16.5,-4.372,,0.372,228.9,-60.0,,168.9,0.0,0.0,0.0,168.9,-1.0,167.9,0.0,0.0,167.9,170.3,2.4,316.566252,0.53,0.53,0.53796,323.346992,0.52,0.52,0.527423,
03/31/2014,1246.1,1246.1,-857.2,857.2,388.9,0.0,-156.8,154.8,2.0,232.1,-15.0,14.7,19.1,-4.4,,0.3,217.1,-57.3,,159.8,0.0,0.0,0.0,159.8,-1.3,158.5,0.0,0.0,158.5,159.8,1.3,315.056964,0.5,0.5,0.50721,322.354312,0.49,0.49,0.494033,
06/30/2014,1314.2,1314.2,-897.4,897.4,416.8,0.0,-161.0,161.0,0.0,255.8,-15.8,15.4,20.1,-4.7,,0.4,240.0,-63.6,,176.4,0.0,0.0,0.0,176.4,-1.5,174.9,0.0,0.0,174.9,174.9,0.0,314.22937,0.56,0.56,0.56,321.58227,0.54,0.54,0.54,
09/30/2014,1358.7,1358.7,-927.1,927.1,431.6,0.0,-163.8,161.3,2.5,267.8,-16.3,15.8,21.1,-5.3,,0.5,251.5,-67.3,,184.2,0.0,0.0,0.0,184.2,-2.0,182.2,0.0,0.0,182.2,184.7,2.5,313.284242,0.58,0.58,0.589561,320.636405,0.57,0.57,0.577797,
12/31/2014,1426.5,1426.5,-969.8,969.8,456.7,0.0,-177.8,168.2,9.6,278.9,-15.0,14.6,20.2,-5.6,,0.4,263.9,-69.1,,194.8,0.0,0.0,0.0,194.8,-1.3,193.5,0.0,0.0,193.5,199.9,6.4,310.030206,0.62,0.62,0.644776,317.201925,0.61,0.61,0.630176,
03/31/2015,1327.1,1327.1,-902.5,902.5,424.6,0.0,-164.4,164.4,0.0,260.2,-12.9,12.5,17.0,-4.5,,0.4,247.3,-65.5,,181.8,0.0,0.0,0.0,181.8,-2.0,179.8,0.0,0.0,179.8,179.8,0.0,310.0,0.58,0.58,0.58,318.0,0.57,0.57,0.57,
06/30/2015,1351.5,1351.5,-919.0,919.0,432.5,0.0,-171.8,166.1,5.7,260.7,-12.9,12.3,17.1,-4.8,,0.6,247.8,-67.2,,180.6,0.0,0.0,0.0,180.6,-1.6,179.0,0.0,0.0,179.0,184.7,5.7,308.9,0.58,0.58,0.597928,316.9,0.56,0.56,0.577987,
09/30/2015,1459.6,1459.6,-995.6,995.6,464.0,0.0,-169.2,169.2,0.0,294.8,-12.8,12.1,17.0,-4.9,,0.7,282.0,-74.7,,207.3,0.0,0.0,0.0,207.3,-2.8,204.5,0.0,0.0,204.5,204.5,0.0,308.9,0.66,0.66,0.66,315.9,0.65,0.65,0.65,
12/31/2015,1430.5,1430.5,-972.0,972.0,458.5,0.0,-169.5,169.5,0.0,289.0,-13.4,13.1,17.2,-4.1,,0.3,275.6,-73.0,,202.6,0.0,0.0,0.0,202.6,-2.5,200.1,0.0,0.0,200.1,200.1,0.0,308.5,0.65,0.65,0.65,315.4,0.63,0.63,0.63,
03/31/2016,1451.2,1451.2,-992.0,992.0,459.2,0.0,-219.8,189.5,30.3,239.4,-17.1,15.2,18.1,-2.9,,1.9,222.3,-63.9,,158.4,0.0,0.0,0.0,158.4,-1.8,156.6,0.0,0.0,156.6,183.9,27.3,307.6,0.51,0.51,0.597854,314.2,0.5,0.5,0.586887,
06/30/2016,1548.2,1548.2,-1050.9,1050.9,497.3,0.0,-197.0,197.0,0.0,300.3,-16.3,15.1,18.0,-2.9,,1.2,284.0,-75.3,,208.7,0.0,0.0,0.0,208.7,-2.2,206.5,0.0,0.0,206.5,206.5,0.0,308.2,0.67,0.67,0.67,315.4,0.65,0.65,0.65,
09/30/2016,1635.9,1635.9,-1098.6,1098.6,537.3,0.0,-211.0,204.7,6.3,326.3,-15.8,15.2,18.1,-2.9,,0.6,310.5,-83.4,,227.1,0.0,0.0,0.0,227.1,-2.8,224.3,0.0,0.0,224.3,228.395,4.095,308.9,0.73,0.73,0.739382,315.7,0.71,0.71,0.722971,
12/31/2016,1651.1,1651.1,-1105.0,1105.0,546.1,0.0,-207.0,207.0,0.0,339.1,-14.9,15.6,18.4,-2.8,,-0.7,324.2,-85.9,,238.3,0.0,0.0,0.0,238.3,-2.9,235.4,0.0,0.0,235.4,235.4,0.0,308.5,0.76,0.76,0.76,315.7,0.75,0.75,0.75,
03/31/2017,1560.1,1560.1,-1044.2,1044.2,515.9,0.0,-201.8,201.8,0.0,314.1,-15.7,19.3,19.3,0.0,,-3.6,298.4,-71.1,,227.3,0.0,0.0,0.0,227.3,-2.4,224.9,0.0,0.0,224.9,224.9,0.0,306.6,0.73,0.73,0.73,316.4,0.71,0.71,0.71,
06/30/2017,1666.5,1666.5,-1113.9,1113.9,552.6,0.0,-216.4,212.4,4.0,336.2,-19.0,23.4,23.4,0.0,,-4.4,317.2,-63.6,,253.6,0.0,0.0,0.0,253.6,-2.1,251.5,0.0,0.0,251.5,255.2,3.7,305.8,0.82,0.82,0.834532,316.1,0.8,0.8,0.811705,
09/30/2017,1840.8,1840.8,-1234.7,1234.7,606.1,0.0,-228.2,228.2,0.0,377.9,-19.5,24.6,24.6,0.0,,-5.1,358.4,-78.1,,280.3,0.0,0.0,0.0,280.3,-2.8,277.5,0.0,0.0,277.5,277.5,0.0,305.0,0.91,0.91,0.91,315.7,0.88,0.88,0.88,
12/31/2017,1943.9,1943.9,-1308.6,1308.6,635.3,0.0,-235.9,235.9,0.0,399.4,-20.8,25.0,25.0,0.0,,-4.2,378.6,-479.0,,-100.4,0.0,0.0,0.0,-100.4,-3.0,-103.4,0.0,0.0,-103.4,295.1,398.5,305.4,-0.338572,-0.338572,0.969876,317.7,-0.338572,-0.338572,0.919218,
03/31/2018,1866.9,1866.9,-1260.0,1260.0,606.9,0.0,-230.0,230.0,0.0,376.9,-22.2,24.5,24.5,0.0,,-2.3,354.7,-86.4,,268.3,0.0,0.0,0.0,268.3,-2.7,265.6,0.0,0.0,265.6,265.6,0.0,303.7,0.87,0.87,0.87,316.0,0.84,0.84,0.84,
06/30/2018,1981.4,1981.4,-1336.6,1336.6,644.8,0.0,-236.6,236.6,0.0,408.2,-25.9,26.0,26.0,0.0,,-0.1,382.3,-94.5,,287.8,0.0,0.0,0.0,287.8,-3.0,284.8,0.0,0.0,284.8,230.8,-54.0,300.8,0.95,0.95,0.767287,312.3,0.91,0.91,0.737089,
09/30/2018,2129.0,2129.0,-1440.8,1440.8,688.2,0.0,-244.0,244.0,0.0,444.2,-24.6,24.8,24.8,0.0,,-0.2,419.6,-100.0,,319.6,0.0,0.0,0.0,319.6,-3.0,316.6,0.0,0.0,316.6,316.6,0.0,300.5,1.05,1.05,1.05,312.4,1.01,1.01,1.01,
12/31/2018,2224.7,2224.7,-1509.7,1509.7,715.0,0.0,-257.4,248.9,8.5,457.6,-25.7,26.4,26.4,0.0,,-0.7,431.9,-90.7,,341.2,0.0,0.0,0.0,341.2,-3.1,338.1,0.0,0.0,338.1,330.8,-7.3,299.8,1.13,1.13,1.103402,309.7,1.09,1.09,1.066429,
03/31/2019,1958.5,1958.5,-1330.7,1330.7,627.8,0.0,-251.6,235.1,16.5,376.2,-26.7,29.7,29.7,0.0,,-3.0,349.5,-79.6,,269.9,0.0,0.0,0.0,269.9,-2.4,267.5,0.0,0.0,267.5,267.5,0.0,298.1,0.9,0.9,0.9,308.6,0.87,0.87,0.87,
06/30/2019,2015.3,2015.3,-1367.7,1367.7,647.6,0.0,-248.1,239.2,8.9,399.5,-29.9,30.0,30.0,0.0,,-0.1,369.6,-78.7,,290.9,0.0,0.0,0.0,290.9,-2.5,288.4,0.0,0.0,288.4,296.2,7.8,298.0,0.97,0.97,0.99396,308.7,0.93,0.93,0.955267,
09/30/2019,2100.6,2100.6,-1438.7,1438.7,661.9,0.0,-248.3,248.3,0.0,413.6,-39.5,29.7,29.7,0.0,,9.8,374.1,-91.8,,282.3,0.0,0.0,0.0,282.3,-2.0,280.3,0.0,0.0,280.3,292.8,12.5,296.6,0.95,0.95,0.987188,306.2,0.92,0.92,0.960823,
12/31/2019,2151.0,2151.0,-1472.3,1472.3,678.7,0.0,-248.9,248.9,0.0,429.8,-27.2,28.1,28.1,0.0,,-0.9,402.6,-81.8,,320.8,0.0,0.0,0.0,320.8,-2.1,318.7,0.0,0.0,318.7,318.7,0.0,297.2,1.07,1.07,1.07,308.2,1.03,1.03,1.03,
03/31/2020,1862.0,1862.0,-1302.2,1302.2,559.8,0.0,-242.9,242.9,0.0,316.9,-27.7,28.8,28.8,0.0,,-1.1,289.2,-46.0,,243.2,0.0,0.0,0.0,243.2,-1.1,242.1,0.0,0.0,242.1,222.2,-19.9,297.4,0.81,0.81,0.747142,306.5,0.79,0.79,0.725073,
06/30/2020,1987.5,1987.5,-1383.7,1383.7,603.8,0.0,-246.4,246.4,0.0,357.4,-28.9,30.2,30.2,0.0,,-1.3,328.5,-68.0,,260.5,0.0,0.0,0.0,260.5,-2.8,257.7,0.0,0.0,257.7,245.3,-12.4,296.6,0.87,0.87,0.82704,304.0,0.85,0.85,0.809211,
09/30/2020,2005.643,,,,619.92419487,,,,,377.167,,,,,,,348.091,,,261.818,,,,,,261.818,,,261.818,261.833,,,0.863,0.863,0.858,,0.863,0.863,0.858,
12/31/2020,2095.643,,,,655.24469681,,,,,403.5,,,,,,,372.091,,,281.091,,,,,,281.091,,,281.091,281.167,,,0.93,0.93,0.933,,0.93,0.93,0.933,
