Date,Revenue,Rental Income,Base Rent,Recoveries from Tenants,Percentage Rent,Other Rental Income,Real Estate Sales,Com & Fee Earn/Inc from REO,Mortgage Income,Other Operating Income,Operating Expenses,Property Operating Expenses,General & Administrative,Depreciation & Amortization,Provision for Loan Losses,Cost of Real Estate Sold,Other Operating Expenses,Operating Income (Loss),Non-Operating (Income) Loss,Interest Expense,(Income) Loss from Affiliates,Other Non-Op (Income) Loss,Pretax Income,Income Tax Expense (Benefit),Current Income Tax,Deferred Income Tax,Income (Loss) from Cont Ops,Net Extraordinary Losses (Gains),Discontinued Operations,XO & Accounting Changes,Income (Loss) Incl. MI,Minority Interest,"Net Income, GAAP",Preferred Dividends,Other Adjustments,"Net Income Avail to Common, GAAP","Net Income Avail to Common, Adj",Net Abnormal Losses (Gains),Basic Weighted Avg Shares,"Basic EPS, GAAP",Basic EPS from Cont Ops,"Basic EPS from Cont Ops, Adjusted",Diluted Weighted Avg Shares,"Diluted EPS, GAAP",Diluted EPS from Cont Ops,"Diluted EPS from Cont Ops, Adjusted",FFO Reconciliation,D&A of Con Real Estate,D&A of Uncon Real Estate,Impairment of Assets,Disposal of Con Assets,Other FFO Adjustments,Funds from Operations,Other Abnormal Gains/(Losses),Adjusted Funds from Operations,Straight-Line Rent,Stock-Based Compensation,Amortization of Financing Costs,Recurring Capital Expenditure,Accounting Adjustments,Tenant Improv & Leasing Com,Funds Available For Distribution,AFFO Per Diluted Share,FAD Per Diluted Share,Dividend Per Share,AFFO Payout Ratio,FAD Payout Ratio,FFO Payout Ratio,Source: Bloomberg
03/31/1997,7.161,7.072,,,,,,0.0,0.0,0.089,-4.795,1.83,0.583,1.003,0.0,,1.379,2.366,-2.509,2.509,0.0,0.0,-0.143,0.0,,,,0.0,,,-0.143,,-0.143,-1.577,,-1.72,-1.72,,3.642,-0.04,-0.04,-0.04,3.642,-0.04,-0.04,-0.04,,,,,,,2.239,,2.239,,,,,,,2.239,0.614772,0.614772,0.0,0.0,0.0,0.0,
06/30/1997,9.154,9.154,,,,,,0.0,0.0,0.0,-7.652,1.992,4.431,1.229,0.0,,0.0,1.502,-1.177,1.177,0.0,0.0,0.325,0.0,,,,0.0,,,0.325,,0.325,0.0,,0.325,0.325,,11.405,0.03,0.03,0.03,11.405,0.03,0.03,0.03,,,,,,,5.322,,5.322,,,,,,,5.322,0.466637,0.466637,0.1275,27.32314,27.32314,27.320556,
09/30/1997,9.677,9.677,,,,,,0.0,0.0,0.0,-4.337,2.383,0.629,1.325,0.0,,0.0,5.34,-1.214,1.214,0.0,0.0,4.126,0.0,,,,0.0,,,4.126,,4.126,0.0,,4.126,4.126,,11.405,0.36,0.36,0.36,11.535,0.36,0.36,0.36,,,,,,,5.451,,5.451,,,,,,,5.451,0.472562,0.472562,0.4,84.645019,84.645019,83.691066,
12/31/1997,10.264,10.264,,,,,,0.0,0.0,0.0,-3.221,2.55,0.671,1.432,0.0,,0.0,5.611,-1.402,1.254,0.0,0.148,4.209,0.0,,,,0.0,,,4.209,,4.209,0.0,,4.209,4.209,,11.405,0.37,0.37,0.37,11.605,0.36,0.36,0.36,,,,,,,-2.453,,-2.453,,,,,,,-2.453,-0.211374,-0.211374,0.4,,,,
03/31/1998,11.696,11.503,,,,,,0.0,0.0,0.193,-4.976,2.504,0.751,1.721,0.0,,0.0,6.72,-2.085,2.085,0.0,0.0,4.635,0.0,,,,0.0,,,4.635,,4.635,0.0,,4.635,4.635,,11.405,0.41,0.41,0.41,11.653,0.4,0.4,0.4,,,,,,,6.356,,6.356,,,,,,,6.356,0.545439,0.545439,0.4,73.335431,73.335431,71.774701,
06/30/1998,15.16,14.852,,,,,,0.0,0.0,0.308,-6.958,3.62,0.882,2.456,0.0,,0.0,8.202,-3.478,3.478,0.0,0.0,4.724,0.0,,,,0.0,,,4.724,,4.724,0.0,,4.724,4.724,,11.822,0.4,0.4,0.4,12.054,0.4,0.4,0.4,,,,,,,7.18,,7.18,,,,,,,7.18,0.595653,0.595653,0.4,67.153203,67.153203,69.94429,
09/30/1998,15.811,15.443,,,,,,0.0,0.0,0.368,-7.067,3.337,0.957,2.773,0.0,,0.0,8.744,-3.627,3.627,0.0,0.0,5.117,0.0,,,,0.0,,,5.117,,5.117,0.0,,5.117,5.117,,12.568,0.41,0.41,0.41,12.764,0.4,0.4,0.4,,,,,,,7.89,,7.89,,,,,,,7.89,0.618145,0.618145,0.4,64.709759,64.709759,63.764259,
12/31/1998,18.349001,17.983999,,,,,,0.0,0.0,0.365,-5.232,3.929,1.303,3.346,0.0,,0.0,9.77,-4.843,4.843,0.0,0.0,4.927,0.0,,,,0.0,,,4.927,,4.927,0.0,,4.927,4.927,,12.583,0.39,0.39,0.39,12.748,0.39,0.39,0.39,,,,,,,8.274,,8.274,,,,,,,8.274,0.649043,0.649043,0.4,61.6292,61.6292,60.853275,
03/31/1999,19.539,19.172,,,,,,,,0.367,-9.278,4.383,1.301,3.594,,,,10.261,-4.963,4.963,,,5.298,,,,,,,,,,5.298,,,5.298,5.298,,13.025303,0.41,0.41,0.41,13.163695,0.4,0.4,0.4,,,,,,,8.892,,8.892,,,,,,,8.892,0.675494,0.675494,0.4,59.215902,59.215902,61.178587,
06/30/1999,21.094,20.708,,,,,,,,0.386,-10.427,4.736,1.692,3.999,,,,10.667,-4.85,4.85,,,5.817,,,,,,,,,,5.817,-0.204,,5.613,5.613,,13.604031,0.41,0.41,0.41,13.756007,0.41,0.41,0.41,,,,,,,9.612,,9.612,,,,,,,9.612,0.698749,0.698749,0.43,61.538525,61.538525,60.892634,
09/30/1999,22.395,22.007999,,,,,0.0,0.0,0.0,0.387,-11.711,4.772,1.922,5.017,0.0,,0.0,10.684,-4.835,4.835,0.0,0.0,5.849,0.0,,,,0.0,,,5.849,,5.849,-0.916,,4.933,4.933,,13.723327,0.36,0.36,0.36,13.877678,0.36,0.36,0.36,,,,,,,9.95,,9.95,,,,,,,9.95,0.716979,0.716979,0.43,59.973885,59.973885,59.366834,
12/31/1999,23.233999,22.841999,,,,,0.0,0.0,0.0,0.392,-13.096,5.112,2.062,5.922,0.0,,0.0,10.138,-5.049,5.049,0.0,0.0,5.089,0.0,,,,0.0,,,5.089,,5.089,-0.916,,4.173,4.173,,13.74,0.3,0.3,0.3,13.874,0.3,0.3,0.3,,,,,,,10.095,,10.095,,,,,,,10.095,0.72762,0.72762,0.43,59.09678,59.09678,56.691432,
03/31/2000,23.962,23.413,,,,,0.0,0.0,0.0,0.549,-7.067,4.974,2.093,5.607,0.0,,0.0,11.288,-5.551,5.551,0.0,0.0,5.737,0.0,,,,0.0,,,5.737,,5.737,-0.916,,4.821,4.821,,13.780276,0.35,0.35,0.35,13.9124,0.35,0.35,0.35,,,,,,,10.428,,10.428,,,,,,,10.428,0.749547,0.749547,0.43,57.367971,57.367971,56.875719,
06/30/2000,24.91,24.357,,,,,,,,0.553,-12.601,4.827,2.104,5.67,,,,12.309,-5.968,5.968,,,6.341,,,,,,,,,,6.341,-0.916,,5.425,5.425,,14.272509,0.38,0.38,0.38,14.450365,0.38,0.38,0.38,,,,,,,11.095,,11.095,,,,,,,11.095,0.767801,0.767801,0.43,56.004119,56.004119,55.772871,
09/30/2000,28.475,27.244,,,,,0.0,0.0,0.0,1.231,-8.418,6.027,2.391,6.46,0.0,,0.0,13.597,-7.066,7.066,0.0,0.0,6.531,0.0,,,,0.0,,,6.531,,6.531,-0.916,,5.615,5.615,,14.518005,0.39,0.39,0.39,14.782077,0.38,0.38,0.38,,,,,,,12.075,,12.075,,,,,,,12.075,0.816868,0.816868,0.43,52.640109,52.640109,55.320911,
12/31/2000,29.563,28.389999,,,,,0.0,0.0,0.0,1.173,-16.497,6.045,2.398,8.054,0.0,,0.0,13.066,-5.666,5.666,0.0,0.0,7.4,0.0,,,,0.0,,,7.4,,7.4,-0.916,,6.484,6.484,,15.446,0.42,0.42,0.42,15.728,0.41,0.41,0.41,,,,,,,12.998,,12.998,,,,,,,12.998,0.826424,0.826424,0.43,52.031389,52.031389,50.53085,
03/31/2001,30.995,29.907,,,,,0.0,0.0,0.0,1.088,-9.594,6.72,2.874,6.734,0.0,,0.0,14.667,-7.361,7.361,0.0,0.0,7.306,0.0,,,,0.0,,,7.306,,7.306,-0.916,,6.39,6.39,,15.4711,0.41,0.41,0.41,15.704458,0.41,0.41,0.41,,,,,,,13.124,,13.124,,,,,,,13.124,0.835686,0.835686,0.46,55.04458,55.04458,54.884182,
06/30/2001,30.399,29.461,,,,,,,,0.938,-16.192,5.91,2.819,7.463,,,,14.207,-6.883,6.883,,,7.324,,,,,,,,,,7.324,-0.916,,6.408,6.408,,16.011654,0.4,0.4,0.4,16.253036,0.39,0.39,0.39,,,,,,,13.871,,13.871,,,,,,,13.871,0.853441,0.853441,0.46,53.899478,53.899478,53.911037,
09/30/2001,32.73,32.112,,,,,,,,0.618,-9.81,6.925,2.885,8.191,,,,14.729,-7.278,7.278,,,7.451,,,,,,,,,,7.451,-0.916,,6.535,6.535,,16.135399,0.41,0.41,0.41,16.413591,0.4,0.4,0.4,,,,,,,14.726,,14.726,,,,,,,14.726,0.897183,0.897183,0.46,51.271573,51.271573,50.814885,
12/31/2001,33.666,33.042,,,,,,,,0.624,-17.866,6.56,3.116,8.19,,,,15.8,-7.604,7.604,0.0,0.0,22.971,,,,,,,,,,8.196,-0.458,,7.738,7.738,,16.195683,0.477782,0.477782,0.477782,16.461627,0.470063,0.470063,0.470063,,,,,,,15.468,,15.468,,,,,,,15.468,0.93964,0.93964,0.46,48.954929,48.954929,50.213344,
03/31/2002,33.672,33.189,,,,,,,,0.483,-10.131,6.658,3.473,7.994,,,,15.547,-6.359,6.359,,,9.188,,,,,-0.415,,,,,9.603,-1.905,,7.698,7.698,,16.409258,0.47,0.44,0.44,16.720857,0.46,0.44,0.44,,,,,,,15.935,,15.935,,,,,,,15.935,0.953001,0.953001,0.5,52.465821,52.465821,52.845937,
06/30/2002,34.841,34.536,,,,,,,,0.305,-10.206,6.898,3.308,8.314,,,,16.321,-6.517,6.517,,,9.804,,,,,-0.416,,,,,10.22,-2.225,,7.995,7.995,,16.747201,0.48,0.452553,0.45,17.11783,0.47,0.445698,0.44,,,,,,,16.552,,16.552,,,,,,,16.552,0.966945,0.966945,0.5,51.70925,51.70925,51.045191,
09/30/2002,36.864,36.564,,,,,,,,0.3,-11.458,8.255,3.203,8.334,,,,17.072,-5.726,5.726,,,11.346,,,,,0.591,,,,,10.755,-2.225,,8.53,8.53,,18.329443,0.47,0.52,0.5,18.5563,0.46,0.52,0.5,,,,,,,18.114,,18.114,,,,,,,18.114,0.976164,0.976164,0.5,51.220879,51.220879,52.362813,
12/31/2002,36.894,36.425,,,,,0.0,0.0,0.0,0.455,-19.032,7.324,3.452,8.256,0.0,,0.0,17.862,-8.927,6.382,0.0,2.545,8.935,0.0,,,,-0.519,,,9.454,,9.454,-2.224,,7.23,7.23,,24.078138,0.37,0.28,0.47,24.078138,0.37,0.18,0.46,,,,,,,,,,,,,,,,,,,0.5,,,,
03/31/2003,40.039,39.701,,,,,0.0,0.0,0.0,0.338,-12.125,8.576,3.549,9.374,,,,18.54,-6.871,6.871,0.0,0.0,11.669,,,,,-0.48,,,,,12.149,-2.225,,9.924,9.924,,18.895821,0.53,0.499793,0.5,19.136372,0.52,0.494917,0.49,,,,,,,19.84,,19.84,,,,,,,19.84,1.036769,1.036769,0.53,51.120349,51.120349,50.771169,
06/30/2003,39.456,39.078,,,,,,,,0.378,-11.68,8.136,3.544,9.678,,,,18.098,-6.512,6.512,0.0,0.0,11.586,,,,,-0.963,,,,,12.549,-2.225,,10.324,10.324,,18.952445,0.54,0.49392,0.49,19.190472,0.54,0.489819,0.49,,,,,,,20.084,,20.084,,,,,,,20.084,1.046561,1.046561,0.53,50.642054,50.642054,50.453097,
09/30/2003,40.085,39.38,,,,,0.0,0.0,0.0,0.705,-11.739,8.171,3.568,9.737,,,,18.609,-6.532,6.532,0.0,0.0,12.077,,,,,-9.517,,,,,21.594,-2.225,,19.369,19.369,,19.023162,1.02,0.517895,0.52,19.276932,1.0,0.506301,0.51,,,,,,,20.405,,20.405,,,,,,,20.405,1.058519,1.058519,0.56,52.904102,52.904102,52.590051,
12/31/2003,39.105,38.519,,,,,0.0,0.0,0.0,0.586,-20.347,7.198,3.55,9.599,0.0,,0.0,29.897,-6.501,6.501,0.0,0.0,23.396,0.0,,,,21.184,,,2.212,,13.351,-2.223,,11.128,11.128,,19.103996,0.58,0.48,0.69,19.387384,0.58,0.84,0.69,,,,,,,21.03,,21.03,,,,,,,21.03,1.084726,1.084726,0.58,53.469723,53.469723,53.128864,
03/31/2004,42.775,42.088,,,,,0.0,0.0,0.0,0.687,-22.352,8.735,3.636,9.981,0.0,,0.0,20.423,-6.709,6.709,0.0,0.0,13.714,0.0,,,,0.0,,,13.714,,15.34,-2.225,,13.115,13.115,,19.207,0.68,0.6,0.6,19.584,0.67,0.59,0.59,,,,,,,21.469,,21.469,,,,,,,21.469,1.096252,1.096252,0.6,54.731939,54.731939,53.677395,
06/30/2004,43.523,42.915,,,,,0.0,0.0,0.0,0.608,-12.622,8.808,3.814,10.088,0.0,,0.0,20.813,-6.926,6.926,0.0,0.0,13.887,0.0,,,,0.0,,,13.887,,13.887,-2.284,,9.727,9.727,,19.285,0.5,0.5,0.5,19.609,0.5,0.5,0.5,,,,,,,19.815,,19.815,,,,,,,19.815,1.010505,1.010505,0.62,61.355438,61.355438,60.343174,
09/30/2004,46.459,45.475,,,,,,,,0.984,-24.405,10.178,3.662,10.565,,,,22.054,-6.626,6.626,0.0,0.0,15.428,0.0,,,,-0.036,,,15.464,,15.464,-4.094,,11.37,11.37,,19.35267,0.59,0.585656,0.59,19.66836,0.58,0.57817,0.58,,,,,,,21.944,,21.944,,,,,,,21.944,1.115701,1.115701,0.64,57.363062,57.363062,56.442348,
12/31/2004,50.476,49.214,,,,,0.0,0.0,0.0,1.262,-26.563,10.69,3.993,11.88,0.0,,0.0,23.913,-8.409,8.409,0.0,0.0,15.504,0.0,,,,0.0,,,15.504,,15.504,-4.022,,11.482,11.482,,19.416,0.59,0.59,0.59,19.755,0.58,0.58,0.58,,,,,,,23.392,,23.392,,,,,,,23.392,1.184105,1.184105,0.66,55.738287,55.738287,54.783687,
03/31/2005,55.055,54.334,,,,,0.0,0.0,0.0,0.721,-29.352,12.401,4.445,12.506,0.0,,0.0,25.703,-11.321,11.321,0.0,0.0,14.382,0.0,,,10.967,-0.607,,,14.989,,14.989,-4.022,,10.967,10.967,,19.46862,0.56,0.53,0.53,19.789798,0.55,0.52,0.52,,12.641,,,,,23.608,,23.608,,,,,,,23.608,1.192938,1.192938,0.66,55.325596,55.325596,54.427691,
06/30/2005,57.277,56.208,,,,,,,,1.069,-17.25,12.485,4.765,13.088,,,,26.939,-11.248,11.248,,0.0,15.691,,,,12.25,-0.582,,,,,16.273,-4.023,,12.25,12.25,,20.936265,0.59,0.56,0.56,21.275364,0.58,0.55,0.55,,13.251,,,,,25.501,,25.501,,,,,,,25.501,1.198616,1.198616,0.68,56.732079,56.732079,55.827851,
09/30/2005,62.026,60.676,,,,,0.0,0.0,0.0,1.35,-19.943,13.95,5.993,13.744,0.0,,0.0,28.339,-13.16,13.16,0.0,0.0,15.179,0.0,,,11.969,-1.046,,,16.225,,15.991,-4.022,,11.969,11.969,,21.091183,0.57,0.52,0.52,21.486731,0.56,0.51,0.51,,14.073,,,,,26.042,,26.042,,,,,,,26.042,1.212004,1.212004,0.68,56.105434,56.105434,55.072592,
12/31/2005,63.78,62.122,,,,,0.0,0.0,0.0,1.658,-34.811,14.271,5.885,14.655,0.0,,0.0,28.969,-13.387,13.387,0.0,0.0,15.582,0.0,,,12.157,-0.998,,,16.58,-0.016,16.18,-4.023,,12.157,12.157,,22.299592,0.545,0.5,0.5,22.715651,0.535,0.49,0.49,,15.451,,,,,27.592,,27.592,,,,,,,27.592,1.214669,1.214669,0.7,57.628862,57.628862,65.519158,
03/31/2006,68.283,66.285,,,,,0.0,0.0,0.0,1.998,-36.989,15.341,6.451,15.197,0.0,,0.0,31.294,-14.865,14.865,0.0,0.0,16.429,0.0,,,12.733,-0.696,,,17.125,-0.022,16.755,-4.022,,12.733,12.733,,22.32229,0.57,0.54,0.54,22.759795,0.56,0.53,0.53,,15.443,,,,,28.154,,28.154,,,,,,,28.154,1.237006,1.237006,0.7,56.588252,56.588252,55.500472,
06/30/2006,70.187,67.707,,,,,0.0,0.0,0.0,2.48,-36.589,14.229,6.269,16.091,0.0,,0.0,33.598,-16.317,16.317,0.0,0.0,17.281,0.0,,,13.139,-0.251,,,17.532,-0.022,17.162,-4.023,,13.139,13.139,,22.85638,0.57,0.56,0.56,23.250681,0.57,0.56,0.56,,16.169,,,-0.59,,29.227,,29.227,,,,,,,29.227,1.257038,1.257038,0.7,55.686443,55.686443,54.742074,
09/30/2006,84.754,81.323,,,,,0.0,0.0,0.0,3.431,-46.257,19.797,6.652,19.808,0.0,,0.0,38.497,-19.041,19.041,0.0,0.0,19.456,0.0,,,14.942,-0.217,,,19.673,0.315,18.964,-4.022,,14.942,14.942,,26.323345,0.57,0.56,0.56,26.71405,0.56,0.55,0.55,,19.973,,,0.531,,35.23,,35.23,,,,,,,35.23,1.318782,1.318782,0.72,54.595844,54.595844,53.797356,
12/31/2006,91.907,87.989,,,,,0.0,0.0,0.0,3.918,-50.413,21.625,6.693,22.095,0.0,,0.0,41.494,-21.148,21.148,0.0,0.0,20.346,0.0,,,16.512,-1.027,,,21.373,0.088,20.535,-4.023,,16.512,16.512,,28.821942,0.57,0.53,0.53,29.222144,0.57,0.53,0.53,,22.454,,,,,39.054,,39.054,,,,,,,39.054,1.336452,1.336452,0.74,55.370478,55.370478,68.613004,
03/31/2007,94.786,91.048,,,,,0.0,0.0,0.0,3.738,-31.351,23.277,8.074,22.92,0.0,,0.0,40.515,-20.263,20.263,0.0,0.0,20.252,0.0,,,15.108,-2.439,,,22.691,0.041,21.784,-3.877,,15.108,15.108,,28.899303,0.52,0.44,0.44,29.299733,0.52,0.44,0.44,,23.518,,,-1.121,,37.546,,37.546,,,,,,,37.546,1.281445,1.281445,0.74,57.747303,57.747303,58.104725,
06/30/2007,93.769,90.37,,,,,0.0,0.0,0.0,3.399,-52.111,22.169,7.808,22.134,0.0,,0.0,41.658,-19.58,19.58,0.0,0.0,22.078,0.0,,,21.334,-2.872,,,24.95,-0.041,24.048,-2.714,,21.334,21.334,,29.045354,0.73,0.63,0.63,29.362514,0.73,0.63,0.63,,22.654,,,-2.34,,41.607,,41.607,-2.617,,,,,,38.99,1.417011,1.327884,0.76,53.634029,57.233933,53.0547,
09/30/2007,102.107,98.39,,,,,0.0,0.0,0.0,3.717,-56.98,24.944,8.31,23.726,0.0,,0.0,45.127,-23.659,23.659,0.0,0.0,21.468,0.0,,,20.186,-2.341,,,23.809,-0.043,22.9,-2.714,,20.186,20.186,,29.258184,0.69,0.61,0.61,29.507316,0.68,0.6,0.6,,24.194,,,-1.614,,42.723,,42.723,-4.335,,,,,,38.388,1.452833,1.305417,0.76,52.311594,58.218928,52.047421,
12/31/2007,107.596,103.631,,,,,0.0,0.0,0.0,3.965,-61.524,26.923,8.127,26.474,0.0,,0.0,46.072,-23.451,23.451,0.0,0.0,22.621,0.0,,,22.277,-3.322,,,25.943,-0.021,24.992,-2.715,,22.277,22.277,,31.446999,0.71,0.6,0.6,31.729054,0.7,0.6,0.6,,26.969,,,-2.901,,46.324,,46.324,,,,,,,46.324,1.459987,1.459987,0.78,53.425141,53.425141,52.950219,
03/31/2008,109.562,106.312,,,,,0.0,0.0,0.0,3.25,-37.048,28.261,8.787,25.591,0.0,,0.0,46.923,-25.445,23.46,0.0,1.985,21.478,0.0,,,32.769,-15.673,,,37.151,-0.016,36.2,-2.928,,32.769,32.769,,31.546591,1.04,0.55,0.61,31.687241,1.03,0.54,0.6,,25.81,,,-20.213,-0.084,38.266,6.635,44.901,-3.015,,,,,-0.238,41.648,1.411895,1.309605,0.78,55.24491,59.559924,64.303405,
06/30/2008,108.778,105.887,,,,,0.0,0.0,0.0,2.891,-35.592,27.145,8.447,26.735,0.0,0.0,0.0,46.451,-18.739,18.739,0.0,0.0,27.712,0.0,,,,0.0,,0.0,27.776,-0.07,26.828,-7.118,1.976,19.42,19.42,,31.615359,0.61,0.61,0.61,31.740291,0.61,0.61,0.61,,27.003,,,0.0,-0.392,45.777,,45.777,-2.085,3.008,1.659,-0.461,0.084,-1.008,48.95,1.442236,1.542204,0.8,55.469412,51.873816,55.251081,
09/30/2008,112.531,109.891,,,,,0.0,0.0,0.0,2.64,-37.644,29.057,8.587,26.924,0.0,,0.0,47.963,-21.289,21.289,0.0,0.0,26.674,0.0,,,19.318,-0.928,,,27.602,-0.125,26.673,-7.09,,19.583,19.583,,31.694711,0.61,0.58,0.58,31.807455,0.61,0.58,0.58,,27.447,,,0.0,-0.367,46.273,,46.273,-3.274,,,,,,42.999,1.454785,1.351853,0.8,54.990954,59.178037,54.796034,
12/31/2008,124.504,122.077,,,,,0.0,0.0,0.0,2.427,-37.441,28.468,8.973,27.874,0.0,,0.0,59.189,-32.2,20.934,0.0,11.266,26.989,0.0,,,19.224,-0.579,,,27.568,-0.098,26.597,-7.089,3.563,19.224,19.224,,31.757072,0.61,0.59,0.94,31.883885,0.6,0.58,0.93,,28.483,,,-0.006,-0.413,47.19,11.266,58.456,-1.444,,,-0.202,1.225,-1.931,59.667,1.837641,1.87571,0.8,43.534074,42.650508,53.836952,
03/31/2009,131.559,130.807,0.0,26.796,0.0,104.011,0.0,0.0,0.0,0.752,-73.094,32.434,9.418,31.242,,0.0,0.0,58.465,-20.199,20.199,,0.0,38.266,0.0,0.0,0.0,32.768,-2.983,-2.983,0.0,41.249,-0.202,40.374,-7.089,1.662,32.768,29.785,0.0,32.478671,1.01,0.92,0.92,32.498107,1.01,0.92,0.92,,31.446,,,-2.234,-0.449,61.329,,61.329,-0.385,2.984,1.793,-0.492,-2.483,-0.691,63.717,1.887156,1.960637,0.8,42.39183,40.80306,42.366477,
06/30/2009,121.039,112.129,0.0,24.668,0.0,87.461,0.0,0.0,0.0,8.91,-67.528,29.224,8.804,29.5,,0.0,0.0,53.511,-10.119,21.373,,-11.254,43.392,0.0,0.0,0.0,32.298,-0.724,-0.724,0.0,44.116,3.52,39.754,-7.089,1.631,32.298,20.32,-11.254,38.649971,0.83,0.816922,0.525744,43.071925,0.82,0.803191,0.525744,,29.722,,,0.0,2.861,68.401,-11.254,57.147,-1.222,3.755,4.628,-0.27,0.869,-0.894,65.644,1.326781,1.524055,0.35,26.379642,22.965044,19.776743,
09/30/2009,115.826,114.649,0.0,26.23,0.0,88.419,0.0,0.0,0.0,1.177,-68.941,31.218,9.611,28.112,,0.0,0.0,46.885,-21.225,21.225,,0.0,25.66,0.0,0.0,0.0,18.203,-0.718,-0.718,0.0,26.378,-0.032,25.492,-7.09,1.545,18.203,17.485,0.0,39.094018,0.47,0.447255,0.447255,39.10595,0.47,0.447255,0.447255,,28.336,,,0.0,4.102,50.609,0.0,50.609,-1.542,4.074,4.984,-0.565,-1.51,-0.819,56.776,1.127073,1.264413,0.35,31.053899,27.68083,27.036508,
12/31/2009,115.06,114.05,0.0,25.421,0.0,88.629,0.0,0.0,0.0,1.01,-66.876,29.434,8.468,28.974,,0.0,0.0,48.184,-19.452,19.452,,0.0,28.732,0.0,0.0,0.0,21.65,-1.173,-1.173,0.0,29.905,-0.082,28.981,-7.089,1.66,21.65,20.477,0.0,43.715462,0.5,0.47,0.47,43.750301,0.49,0.46,0.46,,29.004,,,-0.393,4.068,54.247,,54.247,-5.664,3.195,2.081,-0.607,1.541,-2.334,54.119,1.094851,1.092267,0.35,31.967834,32.043443,28.205084,
03/31/2010,116.493,115.421,0.0,26.564,0.0,88.857,0.0,0.0,0.0,1.072,-70.739,31.548,9.479,29.712,,0.0,0.0,45.754,-17.562,17.562,,0.0,28.192,0.0,0.0,0.0,20.542,-0.593,-0.593,0.0,28.785,-0.163,27.85,-7.089,1.356,20.542,19.949,0.0,43.821765,0.47,0.46,0.46,43.857513,0.47,0.46,0.46,,29.738,,,-0.024,3.887,53.98,0.0,53.98,-2.703,2.706,5.098,-0.303,-2.247,-1.485,56.402,1.087109,1.135886,0.35,32.19547,30.812941,28.413519,
06/30/2010,117.01,116.088,0.0,26.576,0.0,89.512,0.0,0.0,0.0,0.922,-68.9,30.335,8.266,30.299,,0.0,0.0,48.11,-60.274,18.778,,41.496,-12.164,0.0,0.0,0.0,-20.393,0.06,0.06,0.0,-12.224,-0.109,-13.154,-7.09,1.302,-20.393,21.163,41.496,44.870142,-0.45,-0.45,0.47165,44.870142,-0.45,-0.45,0.47165,,30.342,,,0.0,0.0,9.84,41.496,51.336,-2.188,2.295,4.875,-0.44,-1.33,-1.801,54.049,1.143213,1.20363,0.35,30.615454,29.078706,159.599082,
09/30/2010,120.314,118.746,0.0,29.179,0.0,89.567,0.0,0.0,0.0,1.568,-72.954,33.154,8.042,31.758,,0.0,0.0,47.36,-17.378,16.078,,1.3,29.982,0.0,0.0,0.0,22.235,-0.479,-0.479,0.0,30.461,-0.133,29.541,-7.089,1.544,22.235,23.056,1.3,49.807241,0.45,0.44,0.462905,49.830339,0.45,0.44,0.462905,,32.009,,,0.0,-0.249,53.862,1.3,55.162,-4.936,2.649,3.887,-0.329,-1.927,-0.856,55.194,1.106244,1.106886,0.35,31.63859,31.620246,32.365182,
12/31/2010,131.778,130.145,0.0,30.614,0.0,99.531,0.0,0.0,0.0,1.633,-79.698,36.688,8.601,34.409,,0.0,0.0,52.08,39.912,17.158,,-57.07,91.992,0.0,0.0,0.0,83.241,-0.008,-0.008,0.0,92.0,-0.092,91.056,-7.089,1.486,83.241,85.605,2.372,54.865654,1.52,1.52,1.560266,54.89341,1.52,1.52,1.560266,,34.551,,,-59.442,0.216,58.474,2.372,60.846,-7.668,2.786,4.031,-0.26,-2.364,-2.583,56.274,1.108439,1.02515,0.45,40.597631,43.895999,42.223115,
03/31/2011,139.92,139.143,0.0,32.89,0.0,106.253,0.0,0.0,0.0,0.777,-87.14,41.061,9.497,36.582,,0.0,0.0,52.78,-20.305,17.81,,2.495,32.475,0.0,0.0,0.0,24.365,-0.15,-0.15,0.0,32.625,-0.136,31.696,-7.089,1.428,24.365,26.71,2.495,54.948345,0.44,0.44,0.486093,54.967755,0.44,0.44,0.48539,,36.707,,,,-0.3,60.636,2.495,63.131,-5.466,2.372,3.613,-0.608,-4.854,-0.803,58.813,1.148383,1.069837,0.45,39.18552,42.062488,41.198298,
06/30/2011,143.321,142.395,0.0,33.147,0.0,109.248,0.0,0.0,0.0,0.926,-91.532,40.595,10.764,40.173,,0.0,0.0,51.789,-17.815,16.567,,1.248,33.974,0.0,0.0,0.0,25.986,-0.337,-0.337,0.0,34.311,-0.435,33.373,-7.089,1.078,25.986,26.897,1.248,58.500055,0.44,0.43,0.459777,58.513122,0.44,0.43,0.451329,,40.363,,,,0.007,65.921,1.248,67.169,-1.786,2.733,2.327,-0.698,-1.557,-1.595,67.671,1.147931,1.15651,0.45,39.200978,38.910176,39.934201,
09/30/2011,138.054,135.579,0.0,33.226,0.0,102.353,0.0,0.0,0.0,2.475,-89.895,40.859,10.289,38.747,,0.0,0.0,48.159,-16.969,14.273,,2.696,31.19,0.0,0.0,0.0,24.662,-1.805,-1.805,0.0,32.995,-0.35,32.029,-7.089,0.93,24.662,25.599,2.742,61.295659,0.4,0.37,0.417632,61.303969,0.4,0.37,0.414728,,39.99,,0.994,-0.046,0.004,65.254,2.742,67.996,-6.504,3.337,2.144,-0.55,-0.19,-2.119,65.044,1.109052,1.060903,0.47,42.378533,44.301869,44.148956,
12/31/2011,139.249,137.665,0.0,33.031,0.0,104.634,0.0,0.0,0.0,1.584,-91.916,41.553,10.601,39.762,,0.0,0.0,47.333,-14.757,14.757,,0.0,32.576,0.0,0.0,0.0,26.96,-2.886,-2.886,0.0,35.462,-0.127,34.32,-7.09,0.537,26.96,24.074,0.0,61.427495,0.44,0.39,0.39,61.431434,0.44,0.39,0.39,,40.966,,0.0,0.0,0.005,67.804,,67.804,-8.337,3.386,3.116,-0.675,-0.812,-6.083,58.936,1.103625,0.959283,0.49,44.399129,51.07979,44.391883,
03/31/2012,135.711,133.083,0.0,31.882,0.0,101.201,0.0,0.0,0.0,2.628,-92.596,40.453,10.357,41.786,,0.0,0.0,43.115,-14.985,16.226,,-1.241,28.13,0.0,0.0,0.0,18.368,-4.645,-4.645,0.0,32.775,-0.21,32.064,-7.483,0.478,18.368,12.482,-1.241,61.507807,0.3,0.22,0.202934,61.508967,0.3,0.22,0.199824,,43.405,,,-1.864,0.005,59.704,6.601,66.305,-7.39,3.271,2.643,-0.21,-0.621,-2.019,62.457,1.077866,1.015312,0.49,45.460186,48.261006,50.912837,
06/30/2012,145.593,136.21,0.0,31.881,0.0,104.329,0.0,0.0,0.0,9.383,-105.141,42.102,12.298,50.741,,0.0,0.0,40.452,-19.524,17.922,,1.602,20.928,0.0,0.0,0.0,17.616,-4.713,-4.713,0.0,25.641,-0.027,24.79,-6.903,0.072,17.616,14.505,1.602,61.663,0.29,0.21,0.23523,61.664,0.29,0.21,0.23523,,52.355,,,-0.002,0.006,69.948,-4.209,65.739,-3.988,3.324,2.324,-0.594,-0.778,-2.148,63.951,1.067434,1.038402,0.51,47.778123,49.113947,44.959298,
09/30/2012,142.85,140.222,0.0,34.006,0.0,106.216,0.0,0.0,0.0,2.628,-103.257,44.203,12.47,46.584,,0.0,0.0,39.593,-17.092,17.092,,0.0,22.501,0.0,0.0,0.0,10.646,4.196,4.196,0.0,18.305,0.041,17.477,-6.471,0.05,10.646,14.842,0.0,62.364,0.17,0.24,0.24,62.364,0.17,0.24,0.24,,48.173,,9.799,-1.562,0.005,67.102,,67.102,-5.024,3.864,2.582,-0.935,-0.778,-1.844,65.017,1.075865,1.042435,0.53,49.262701,50.842483,49.257727,
12/31/2012,151.254,147.469,0.0,35.671,0.0,111.798,0.0,0.0,0.0,3.785,-108.095,46.132,12.633,47.28,,0.0,2.05,43.159,-17.941,17.941,,0.0,25.218,0.0,0.0,0.0,21.0,-3.589,-3.589,0.0,28.807,0.227,27.795,-6.471,0.045,21.0,19.461,2.05,63.092,0.33,0.27,0.308454,63.092,0.33,0.27,0.302492,,48.072,,1.601,0.0,0.005,70.905,2.05,72.955,-8.769,3.792,2.615,-0.329,-0.844,-3.17,66.295,1.156331,1.050771,0.56,48.429028,53.294211,49.829377,
03/31/2013,150.083,147.091,0.0,35.565,0.0,111.526,0.0,0.0,0.0,2.992,-102.663,45.186,11.648,45.829,,0.0,0.0,47.42,-18.02,18.02,,0.0,29.4,0.0,0.0,0.0,22.442,-0.837,-0.837,0.0,30.237,0.26,29.255,-6.471,0.022,22.442,17.553,-4.052,63.161,0.36,0.35,0.277909,63.161,0.36,0.35,0.277909,,46.995,,,0.34,0.005,70.042,0.0,70.042,-5.66,3.368,2.501,-0.596,-0.83,-0.882,67.965,1.10883,1.075949,0.6,54.111075,55.764701,50.950858,
06/30/2013,153.93,150.362,0.0,35.869,0.0,114.493,0.0,0.0,0.0,3.568,-105.076,46.277,12.455,46.344,,0.0,0.0,48.854,-15.766,15.978,,-0.212,33.088,0.0,0.0,0.0,25.483,-0.249,-0.249,0.0,33.337,-0.054,32.357,-6.471,0.009,25.483,24.803,-0.431,66.973,0.38,0.38,0.370343,66.973,0.38,0.38,0.370343,,46.58,,,-0.991,0.005,71.023,0.56,71.583,-7.7,4.501,2.542,-0.337,-0.83,-2.99,66.778,1.068834,0.997088,0.65,60.81395,65.189808,61.293454,
09/30/2013,158.315,154.743,0.0,38.691,0.0,116.052,0.0,0.0,0.0,3.572,-108.216,47.684,11.666,48.866,,0.0,0.0,50.099,-17.603,16.171,,1.432,32.496,0.0,0.0,0.0,24.579,0.043,0.043,0.0,32.453,-0.092,31.493,-6.472,0.04,24.581,26.056,1.432,70.9,0.35,0.35,0.367504,70.9,0.35,0.35,0.367504,,49.102,,,0.0,0.005,73.594,1.432,75.026,-5.196,3.746,2.64,-1.481,-0.83,-3.739,70.206,1.058195,0.990212,0.68,64.26039,68.672193,66.184743,
12/31/2013,168.823,165.663,0.0,39.97,0.0,125.693,0.0,0.0,0.0,3.16,-110.727,49.892,12.751,48.084,,0.0,0.0,58.096,-13.731,17.783,0.0,-4.052,44.365,0.0,0.0,0.0,36.247,0.143,0.143,0.0,44.222,-0.078,43.112,-6.471,0.072,36.247,32.338,-4.052,71.0,0.51,0.51,0.455465,71.0,0.51,0.51,0.45293,,48.101,,,-4.052,,80.218,2.299,82.517,-7.483,4.093,2.782,-1.047,-0.826,-8.291,71.817,1.162211,1.011507,0.68,58.509145,67.22641,60.185993,
03/31/2014,176.186,172.252,0.0,41.682,0.0,130.57,0.0,0.0,0.0,3.934,-116.152,52.507,13.224,50.421,,0.0,0.0,60.034,-19.123,19.123,0.0,0.0,40.911,0.0,0.0,0.0,32.709,0.162,0.162,0.0,40.749,-0.06,39.554,-6.471,0.0,32.709,32.871,0.0,71.073,0.46,0.46,0.46,71.073,0.46,0.46,0.46,,50.421,,0.0,,,83.07,0.0,83.07,-11.171,3.322,2.766,-1.78,-0.816,-4.053,71.338,1.168798,1.003729,0.7,59.890574,69.73997,58.642109,
06/30/2014,176.402,175.936,0.0,40.944,0.0,134.992,0.0,0.0,0.0,0.466,-123.503,52.353,13.836,57.314,,0.0,0.0,52.899,-16.636,17.433,0.0,-0.797,36.263,0.0,0.0,0.0,27.932,0.147,0.147,0.0,36.116,0.064,34.809,-6.472,,28.337,27.687,-0.797,71.126,0.39,0.39,0.389267,71.126,0.39,0.39,0.378795,,57.314,,0.0,-0.797,,84.513,0.0,84.513,0.695,3.166,2.674,-1.255,-0.618,-3.934,85.241,1.188198,1.198433,0.72,60.595972,60.078453,62.842403,
09/30/2014,185.615,183.29,0.0,45.572,0.0,137.718,0.0,0.0,0.0,2.325,-128.42,57.423,12.609,58.388,,0.0,0.0,57.195,-21.072,20.555,0.0,0.517,36.123,0.0,0.0,0.0,27.626,0.18,0.18,0.0,35.943,-0.447,34.603,-6.471,0.0,27.626,28.323,0.517,71.195,0.39,0.39,0.397823,71.195,0.39,0.39,0.397262,,58.388,,,-0.008,,85.559,0.525,86.084,-10.169,3.135,2.75,-2.405,-0.757,-1.693,76.945,1.20913,1.080764,0.72,59.546954,66.619533,60.543017,
12/31/2014,188.674,186.155,0.0,45.282,0.0,140.873,0.0,0.0,0.0,2.519,-180.39,56.881,13.861,57.973,,0.0,51.675,8.284,-16.036,22.188,-0.554,-5.598,-7.752,0.0,0.0,0.0,72.113,-1.722,-1.722,0.0,-6.03,-0.69,-7.392,-6.284,0.0,-16.154,27.647,45.523,71.314,-0.23,-0.25,0.38768,71.314,-0.23,-0.25,0.38768,,224.425,,26.975,-8.241,,314.582,26.689,341.271,-9.366,4.463,2.839,-1.989,-0.654,-5.499,331.065,4.795152,4.651749,0.74,15.432252,15.907994,16.775391,
03/31/2015,196.753,192.002,0.0,48.394,0.0,143.608,0.0,0.0,0.0,4.751,-149.04,61.223,14.387,58.92,,0.0,14.51,47.713,-22.662,23.236,-0.574,0.0,25.051,0.0,0.0,0.0,17.786,0.043,0.043,0.0,25.008,-0.166,24.516,-6.247,3.712,17.786,32.339,14.51,71.366,0.25,0.25,0.453143,71.366,0.25,0.25,0.453143,,59.202,,14.51,,,91.332,0.0,91.332,-10.334,3.808,2.753,-2.278,-0.933,-5.775,82.285,1.279769,1.153,0.74,57.822932,64.180397,58.353042,
06/30/2015,204.156,201.399,0.0,49.594,0.0,151.805,0.0,0.0,0.0,2.757,-139.41,62.25,14.989,62.171,,0.0,0.0,64.746,-26.316,26.668,-0.541,0.189,38.43,0.0,0.0,0.0,31.291,0.0,0.0,0.0,38.43,-0.381,38.167,-6.246,0.0,31.291,216.603,185.312,71.412,0.44,0.44,3.033146,71.412,0.44,0.44,3.033146,,62.523,,0.0,,,93.433,0.189,93.622,-13.649,4.204,2.821,-2.743,-1.006,-6.429,76.82,1.311012,1.07573,0.77,58.733246,71.579328,57.054788,
09/30/2015,218.61,211.43,0.0,56.119,0.0,155.311,0.0,0.0,0.0,7.18,-151.942,68.846,15.143,67.953,,0.0,0.0,66.668,-26.969,27.679,-0.71,0.0,39.699,0.0,0.0,0.0,32.659,0.0,0.0,0.0,39.699,,39.529,-6.247,-5.378,32.659,32.659,0.0,71.5,0.46,0.46,0.46,71.5,0.46,0.46,0.46,,67.953,0.445,0.0,,-0.698,100.359,0.0,100.359,9.983,5.245,2.725,-2.404,-3.182,-5.499,101.849,1.403622,1.424462,0.77,54.85806,54.055514,54.85806,
12/31/2015,223.955,213.056,0.0,54.956,0.0,158.1,0.0,0.0,0.0,10.899,-165.0,68.913,15.102,72.245,,0.0,8.74,58.955,-15.978,28.23,0.174,-12.426,42.977,0.0,0.0,0.0,35.131,0.0,0.0,0.0,42.977,,42.005,-6.246,-7.731,35.131,31.445,-3.686,71.833,0.49,0.49,0.437751,71.833,0.49,0.49,0.437751,,71.873,0.655,8.74,-12.426,-0.522,103.451,0.0,103.451,-12.2,4.675,2.564,-2.025,-0.997,-4.436,83.301,1.44016,1.159648,0.77,53.466288,66.399455,53.466288,
03/31/2016,216.089,210.873,0.0,52.597,0.0,158.276,0.0,0.0,0.0,5.216,-180.871,65.837,15.188,70.866,,0.0,28.98,35.218,-25.252,24.855,0.397,0.0,9.966,0.0,0.0,0.0,-3.818,0.0,0.0,0.0,9.966,-0.08,5.936,-5.907,4.109,-3.818,25.162,28.98,72.584,-0.05,-0.05,0.34666,72.584,-0.05,-0.05,0.34666,,68.565,0.743,,,,65.41,32.026,97.436,12.73,5.439,2.673,-2.318,-0.974,-2.475,116.62,1.34239,1.60669,0.8,59.595221,49.791802,86.362941,
06/30/2016,226.076,215.745,0.0,54.107,0.0,161.638,0.0,0.0,0.0,10.331,-309.021,67.325,15.384,70.169,,0.0,156.143,-82.945,-25.171,25.025,0.146,0.0,-108.116,0.0,0.0,0.0,-127.648,0.0,0.0,0.0,-108.116,0.0,-111.616,-5.474,,-127.648,28.495,156.143,74.319,-1.72,-1.72,0.383415,74.319,-1.72,-1.72,0.380984,,67.943,0.651,88.395,,,29.341,76.635,105.976,-6.014,5.587,2.927,-2.833,-0.966,-10.289,94.388,1.425961,1.270039,0.8,56.102514,62.990211,202.63522,
09/30/2016,230.379,225.272,0.0,58.681,0.0,166.591,0.0,0.0,0.0,5.107,-173.103,72.002,15.854,77.133,,0.0,8.114,57.276,-28.717,25.85,-0.273,3.14,28.559,0.0,0.0,0.0,5.452,0.0,0.0,0.0,28.559,,24.475,-5.007,,5.452,16.706,11.254,76.651,0.07,0.07,0.217949,77.402,0.07,0.07,0.215397,,74.909,0.658,6.293,-0.09,-0.438,86.784,21.211,107.995,-17.442,7.451,3.075,-1.92,-0.965,-10.289,87.905,1.395248,1.135694,0.8,57.337469,70.441499,70.659108,
12/31/2016,249.162,245.585,0.0,58.27,0.0,187.315,0.0,0.0,0.0,3.577,-201.948,73.244,17.458,95.222,,0.0,16.024,47.214,-27.422,31.223,-0.086,-3.715,19.792,0.0,0.0,0.0,-25.127,0.0,0.0,0.0,19.792,,15.304,-3.835,0.0,-25.127,-12.818,12.309,80.8,-0.31,-0.31,-0.158639,80.8,-0.31,-0.31,-0.158639,,92.624,0.655,3.506,-3.715,,67.943,48.164,116.107,-20.436,5.821,2.697,-2.135,-2.818,-11.614,87.622,1.428482,1.078027,0.83,58.103646,76.992536,98.706268,
03/31/2017,270.877,268.539,0.0,61.346,0.0,207.193,0.0,0.0,0.0,2.338,-193.499,77.087,19.229,97.183,,0.0,0.0,77.378,-29.823,29.784,-0.361,0.4,47.555,0.0,0.0,0.0,25.661,0.0,0.0,0.0,47.555,,41.711,-3.784,0.0,25.661,26.061,0.4,88.2,0.29,0.29,0.295476,88.2,0.29,0.29,0.294535,,93.541,0.412,,-0.27,-0.561,118.783,11.949,130.732,-35.394,5.252,2.299,-1.138,-5.359,-18.377,78.015,1.482222,0.884524,0.83,55.997001,93.835801,62.050125,
06/30/2017,273.059,272.412,0.0,60.47,0.0,211.942,0.0,0.0,0.0,0.647,-200.515,76.98,19.234,104.098,,,0.203,72.544,-31.048,31.748,-0.589,-0.111,41.496,0.0,0.0,0.0,31.63,0.0,0.0,0.0,41.496,,34.221,-1.278,0.0,31.63,31.722,0.092,90.215,0.35,0.35,0.351627,90.745,0.35,0.35,0.351014,,100.363,0.324,0.203,-0.111,-0.685,131.724,4.491,136.215,-17.704,5.504,2.218,-1.84,-5.004,-9.389,110.0,1.501074,1.212188,0.86,57.292295,70.946091,58.899593,
09/30/2017,285.37,283.079,0.0,67.058,0.0,216.021,0.0,0.0,0.0,2.291,-208.893,83.469,17.636,107.788,,,0.0,76.477,-16.931,31.031,-14.1,0.0,59.546,0.0,0.0,0.0,51.273,0.0,0.0,0.0,59.546,,53.773,-1.302,0.0,51.273,51.273,0.0,92.598,0.55,0.55,0.55,93.296,0.55,0.55,0.55,,104.18,-13.723,0.0,0.0,-0.957,140.773,0.0,140.773,-20.659,7.893,3.492,-2.453,4.545,9.976,143.567,1.508174,1.538108,0.86,57.022582,55.912849,58.462915,
12/31/2017,298.791,298.295,0.0,70.27,0.0,228.025,0.0,0.0,0.0,0.496,-214.697,88.073,18.91,107.714,,0.0,0.0,84.094,-38.487,36.082,-0.376,2.781,45.607,0.0,0.0,0.0,36.831,0.0,0.0,0.0,45.607,,39.388,-1.302,0.0,36.831,39.612,2.781,95.138,0.39,0.39,0.416364,95.914,0.38,0.38,0.408995,,103.937,0.432,0.0,0.0,-0.735,140.465,6.586,147.051,-33.076,6.961,1.932,-2.469,-4.147,-9.578,106.674,1.532516,1.11172,0.9,58.726972,80.955622,60.957676,
03/31/2018,320.139,317.655,0.0,,0.0,,0.0,0.0,0.0,2.484,-228.411,91.771,22.421,114.219,,0.0,0.0,91.728,49.79,36.915,-1.144,-85.561,141.518,0.0,0.0,0.0,132.387,0.0,0.0,0.0,141.518,,135.63,-1.302,-85.561,132.387,132.387,0.0,99.855,1.33,1.33,1.33,100.125,1.32,1.32,1.32,,110.352,0.644,,,-0.246,243.137,0.0,243.137,-32.391,7.248,1.968,-2.625,-6.17,-2.836,122.77,2.410495,1.217159,0.9,37.336728,73.942657,37.452136,
06/30/2018,325.034,322.794,,,,,0.0,0.0,0.0,2.24,-240.01,91.908,22.939,118.852,,,6.311,85.024,-24.477,38.097,-1.09,-12.53,60.547,0.0,,,52.016,0.0,0.0,0.0,60.547,,54.73,-1.302,,52.016,58.327,6.311,101.881,0.51,0.51,0.572501,102.236,0.51,0.51,0.57173,,114.938,0.807,,,-1.042,166.719,0.0,166.719,-23.013,11.029,3.034,-2.381,-5.198,-8.709,141.481,1.493429,1.267353,0.93,62.272776,73.381267,56.831753,
09/30/2018,341.823,336.547,0.0,81.051,0.0,255.496,0.0,0.0,0.0,5.276,-242.019,99.759,22.66,119.6,,,0.0,99.804,119.555,42.244,-40.718,-121.081,219.359,0.0,0.0,0.0,210.241,0.0,0.0,0.0,219.359,,213.636,-1.301,-122.203,208.94,210.062,1.122,104.179,2.01,2.01,2.016356,105.385,1.99,1.99,2.000647,,115.556,1.011,,-35.678,-1.312,289.818,1.122,290.94,-19.798,9.986,5.604,-3.032,-5.22,-17.748,138.529,2.760734,1.314504,0.93,33.686688,70.749121,33.430108,
12/31/2018,340.463,337.785,,,,,0.0,0.0,0.0,2.678,-245.057,97.682,22.385,124.99,,0.0,0.0,95.406,-114.037,40.239,-1.029,74.827,-18.631,0.0,0.0,0.0,-31.74,0.0,0.0,0.0,-18.631,,-24.684,-1.155,94.85,-31.74,-40.444,-8.704,106.033,-0.3,-0.3,-0.381428,106.033,-0.3,-0.3,-0.382088,,120.738,0.719,0.0,-8.704,0.0,81.013,9.723,90.736,-17.651,9.81,1.79,-3.256,-5.35,-11.758,159.171,0.854034,1.498165,0.97,113.578602,64.74589,126.957414,
03/31/2019,358.842,354.749,,,,,0.0,0.0,0.0,4.093,-260.265,101.501,24.677,134.087,,0.0,0.0,98.577,38.241,39.1,-1.146,-76.195,136.818,0.0,0.0,0.0,123.598,0.0,0.0,0.0,136.818,-2.054,129.159,-1.026,83.556,123.598,130.959,7.361,111.054,1.11,1.11,1.179237,111.054,1.11,1.11,1.176283,,128.668,0.846,0.0,0.0,1.026,252.084,9.941,262.025,-26.719,11.029,1.432,-2.381,-7.148,-8.709,313.085,2.347158,2.804542,0.97,41.326572,34.586758,43.375224,
06/30/2019,373.856,371.618,,,,,0.0,0.0,0.0,2.238,-266.56,105.689,26.434,134.437,,,,107.296,-20.117,42.879,-1.262,-21.5,87.179,0.0,,,76.33,0.0,0.0,0.0,87.179,,78.767,-1.005,21.5,76.33,76.33,,111.433,0.68,0.68,0.68,111.501,0.68,0.68,0.68,,127.693,0.973,,,-0.44,204.556,0.0,204.556,-25.25,11.437,3.162,-2.876,-8.054,-13.901,190.574,1.825138,1.700385,1.0,54.790375,58.810226,54.475547,
09/30/2019,390.484,385.776,0.0,,0.0,,0.0,0.0,0.0,4.708,-279.95,116.45,27.93,135.57,,,0.0,110.534,-146.537,46.203,-2.951,103.285,-36.003,0.0,0.0,0.0,-49.773,0.0,0.0,0.0,-36.003,,-47.202,-1.173,-63.076,-49.773,-9.564,40.209,112.12,-0.44,-0.44,-0.085301,112.12,-0.44,-0.44,-0.085301,,126.949,1.845,,0.0,0.0,79.021,47.342,126.363,-27.074,10.935,3.538,-2.901,-5.774,-11.964,30.047,1.122608,0.266937,1.0,89.07829,374.619762,141.886334,
12/31/2019,408.114,404.721,,,,,0.0,0.0,0.0,3.393,-304.486,121.852,29.782,140.518,,0.0,12.334,103.628,112.425,45.493,-4.777,-153.141,216.053,0.0,0.0,0.0,199.618,0.0,0.0,0.0,216.053,,202.441,0.0,-152.667,199.618,211.478,11.86,114.175,1.75,1.75,1.852227,114.974,1.74,1.74,1.843154,,140.463,-10.176,12.334,-0.474,-1.809,339.956,9.991,349.947,-24.181,10.239,1.334,-3.295,-8.837,-14.648,157.892,3.043706,1.373284,1.03,33.84033,75.002673,34.592786,
03/31/2020,439.919,437.605,,,,,0.0,0.0,0.0,2.314,-338.565,129.103,31.963,175.496,,0.0,2.003,101.354,-70.676,45.739,3.116,21.821,30.678,0.0,0.0,0.0,16.84,0.0,0.0,0.0,30.678,-0.847,18.765,0.0,-21.821,16.84,18.843,2.003,121.433,0.14,0.14,0.155172,121.785,0.14,0.14,0.155172,,156.758,,7.644,2.643,,183.038,21.783,204.821,-20.426,9.929,1.359,-3.198,-15.964,-12.923,141.777,1.681825,1.164158,1.03,61.243012,88.475952,68.990046,
06/30/2020,436.956,435.856,,,,,0.0,0.0,0.0,1.1,-336.931,123.911,31.775,168.027,,0.0,13.218,100.025,143.536,45.014,-3.893,-184.657,243.561,0.0,0.0,0.0,226.6,0.0,0.0,0.0,243.561,,229.654,0.0,184.657,226.6,239.818,13.218,124.333,1.82,1.82,1.928836,124.448,1.82,1.82,1.926213,,149.265,2.858,,0.0,-2.228,376.495,17.92,394.415,-23.2,9.185,3.625,-3.107,-13.787,-11.5,540.288,3.169316,4.341476,1.06,33.445706,24.41566,35.00524,
09/30/2020,449.75,,,,,,,,,,,,,,,,,317.5,,,,,,,,,,,,,,,86.767,,,86.767,80.325,,,0.633,0.633,0.633,,0.633,0.633,0.633,,,,,,,,,,,,,,,,,,,,,,,
12/31/2020,457.25,,,,,,,,,,,,,,,,,331.5,,,,,,,,,,,,,,,91.45,,,91.45,83.033,,,0.653,0.653,0.65,,0.653,0.653,0.65,,,,,,,,,,,,,,,,,,,,,,,
