Date,Revenue,Sales & Services Revenue,Financing Revenue,Other Revenue,Cost of Revenue,Cost of Goods & Services,Gross Profit,Other Operating Income,Operating Expenses,"Selling, General & Admin",Research & Development,Other Operating Expense,Operating Income (Loss),Non-Operating (Income) Loss,"Interest Expense, Net",Interest Expense,Interest Income,Other Investment (Inc) Loss,Foreign Exch (Gain) Loss,Other Non-Op (Income) Loss,Pretax Income,Income Tax Expense (Benefit),(Income) Loss from Affiliates,Income (Loss) from Cont Ops,Net Extraordinary Losses (Gains),Discontinued Operations,XO & Accounting Changes,Income (Loss) Incl. MI,Minority Interest,"Net Income, GAAP",Preferred Dividends,Other Adjustments,"Net Income Avail to Common, GAAP","Net Income Avail to Common, Adj",Net Abnormal Losses (Gains),Basic Weighted Avg Shares,"Basic EPS, GAAP",Basic EPS from Cont Ops,"Basic EPS from Cont Ops, Adjusted",Diluted Weighted Avg Shares,"Diluted EPS, GAAP",Diluted EPS from Cont Ops,"Diluted EPS from Cont Ops, Adjusted",Source: Bloomberg
06/30/1990,36.269997,,,,,,,,,,,,,,,,,,,,,,,,,,,,,0.009,,,0.009,0.009,,9.199999,0.00125,0.00125,,9.199999,0.00125,0.00125,0.00125,
09/30/1990,39.898998,,,,-23.895,,16.003998,,-11.888,,,,4.116,-3.368,,3.631,,,,-0.263,0.748,-0.002,,0.746,0.0,,,0.746,0.0,0.746,0.0,,0.746,0.746,,38.703999,0.01875,0.01875,,38.703999,0.01875,0.01875,0.01875,
12/31/1990,41.369999,,,,-24.73,,16.639999,,-11.198,,,,5.442,-3.143,,3.454,,,,-0.311,2.299,-0.036,,2.263,0.0,,,2.263,0.0,2.263,0.0,,2.263,2.263,,38.703999,0.05875,0.05875,,38.703999,0.05875,0.05875,0.05875,
03/31/1991,40.361,,,,-25.031,,15.33,,-11.147,,,,4.183,-11.37,,3.255,,,,8.115,-7.187,0.054,,-7.133,0.0,,,-7.133,0.0,-7.133,0.0,,-7.133,-7.133,,9.2,-0.775,-0.775,,9.2,-0.775,-0.775,-0.775,
06/30/1991,40.466999,,,,-24.117001,,16.349998,,-21.077999,,,,-4.728,5.167,,3.418,,,0.0,-8.585,0.439,0.235,,0.674,0.195,,,0.479,0.0,0.479,0.0,,0.479,0.479,,39.6,0.0125,0.01625,0.01625,39.6,0.0125,0.01625,0.01625,
09/30/1991,41.544998,,,,-25.694,,15.850998,,-11.416,,,,4.435,-2.407,,2.587,,,,-0.18,2.028,-0.834,,1.194,-15.798,,,16.992,0.0,16.992001,0.0,,16.992001,16.992001,,66.648003,0.28625,0.02,,66.648003,0.28625,0.02,0.02,
12/31/1991,46.889,,,,-28.031,,18.858,,-12.365,,,,6.493,-2.257,,2.419,,,,-0.162,4.236,-1.747,,2.489,0.0,,,2.489,0.0,2.489,0.0,,2.489,2.489,,64.888,0.03875,0.03875,,64.888,0.03875,0.03875,0.03875,
03/31/1992,47.310001,,,,-28.754999,,18.555002,,-12.828,,,,5.727,-4.587,,2.418,,,,2.169,1.14,-0.516,,0.624,0.0,,,0.624,0.0,0.624,0.0,,0.624,0.624,,65.143997,0.01,0.01,,65.143997,0.01,0.01,0.01,
06/30/1992,42.810001,,,,-26.691999,,16.118002,,-11.55,,,,4.562,-2.169,,2.321,,,,-0.152,2.393,-2.544,,1.582,0.0,,,-0.151,0.0,1.582,0.0,,1.582,1.582,,66.687992,0.02375,0.02375,0.02375,66.687992,0.02375,0.02375,0.02375,
09/30/1992,44.236,,,,-28.357,,15.879,,-11.307,,,,4.572,-2.175,,2.288,,,,-0.113,2.397,-0.922,,1.475,0.0,,,1.475,0.0,1.475,0.0,,1.475,1.475,,65.935997,0.0225,0.0225,,65.935997,0.0225,0.0225,0.0225,
12/31/1992,49.134998,,,,-30.186001,,18.948997,,-12.332,,,,6.617,-1.833,,1.954,,,,-0.121,4.784,-1.868,,2.916,0.0,,,2.916,0.0,2.916,0.0,,2.916,2.916,,66.704002,0.04375,0.04375,,66.704002,0.04375,0.04375,0.04375,
03/31/1993,50.042,,,,-30.726,,19.316,,-13.532,,,,5.784,-1.295,,1.375,,,,-0.08,4.489,-1.809,,2.68,0.0,,,2.68,0.0,2.68,0.0,,2.68,2.68,,66.727997,0.04,0.04,,66.727997,0.04,0.04,0.04,
06/30/1993,48.095001,,,,-28.327,,19.768001,,-14.71,,,,5.058,-1.139,,1.232,,,0.0,-0.093,3.919,-1.559,,2.36,0.0,,,2.36,0.0,2.36,0.0,,2.36,2.36,,66.72,0.035,0.035,0.035,66.72,0.035,0.035,0.035,
09/30/1993,49.646,,,,-30.945999,,18.700001,,-13.423,,,,5.277,-1.118,,1.225,,,,-0.107,4.159,-1.734,,2.425,0.0,,,2.425,0.0,2.425,0.0,,2.425,2.425,,66.760002,0.03625,0.03625,,66.760002,0.03625,0.03625,0.03625,
12/31/1993,54.889,,,,-32.908001,,21.980999,,-14.496,,,,7.485,-1.002,,1.117,,,,-0.115,6.483,-2.723,,3.76,0.0,,,3.76,0.0,3.76,0.0,,3.76,3.76,,66.776001,0.05625,0.05625,,66.776001,0.05625,0.05625,0.05625,
03/31/1994,54.991001,,,,-34.154999,,20.836002,,-14.281,,,,6.555,-0.825,,0.963,,,,-0.138,5.73,-2.457,,3.273,0.0,,,3.273,0.0,3.273,0.0,,3.273,3.273,,66.816002,0.04875,0.04875,,66.816002,0.04875,0.04875,0.04875,
06/30/1994,51.360001,,,,-29.664,,21.696001,,-15.946,,,,5.75,-1.119,,1.31,,,0.0,-0.191,4.631,-1.864,,2.767,0.0,,,2.767,0.0,2.767,0.0,,2.767,2.767,,66.792,0.04125,0.04125,0.04125,66.792,0.04125,0.04125,0.04125,
09/30/1994,51.738998,,,,-32.494999,,19.243999,,-13.69,,,,5.554,-0.516,,0.732,,,,-0.216,5.038,-2.106,,2.932,0.0,,,2.932,0.0,2.932,0.0,,2.932,2.932,,66.776001,0.04375,0.04375,,66.776001,0.04375,0.04375,0.04375,
12/31/1994,58.994999,,,,-34.702,,24.292999,,-16.399,,,,7.894,-0.375,,0.679,,,,-0.304,7.519,-3.176,,4.343,0.0,,,4.343,0.0,4.343,0.0,,4.343,4.343,,66.823997,0.065,0.065,,66.823997,0.065,0.065,0.065,
03/31/1995,59.426998,,,,-36.157001,,23.269997,,-15.93,,,,7.34,-0.289,,0.601,,,,-0.312,7.051,-2.953,,4.098,0.0,,,4.098,0.0,4.098,0.0,,4.098,4.098,,66.952003,0.06125,0.06125,,66.952003,0.06125,0.06125,0.06125,
06/30/1995,57.256001,,,,-33.367001,,23.889,,-17.024,,,,6.865,-0.714,,1.058,,,0.0,-0.344,6.151,-2.628,,3.523,0.0,,,3.523,0.0,3.523,0.0,,3.523,3.523,,67.075996,0.0525,0.0525,0.0525,67.075996,0.0525,0.0525,0.0525,
09/30/1995,59.526001,,,,-36.346001,,23.18,,-16.111,,,,7.069,-0.036,,0.349,,,,-0.313,7.033,-3.002,,4.031,0.0,,,4.031,0.0,4.031,0.0,,4.031,4.031,,67.143997,0.06,0.06,,67.143997,0.06,0.06,0.06,
12/31/1995,66.630997,,,,-40.353001,,26.277996,,-17.250999,,,,9.027,0.091,,0.218,,,,-0.309,9.118,-3.733,,5.385,0.0,,,5.385,0.0,5.385,0.0,,5.385,5.385,,67.239998,0.08,0.08,,67.239998,0.08,0.08,0.08,
03/31/1996,68.195999,,,,-41.376999,,26.819,,-18.212999,,,,8.606,0.011,,0.205,,,,-0.216,8.617,-3.555,,5.062,0.0,,,5.062,0.0,5.062,0.0,,5.062,5.062,,67.348,0.075,0.075,,67.348,0.075,0.075,0.075,
06/30/1996,64.595001,,,,-37.178001,,27.417,,-19.417,,,,8.0,-0.07,,0.291,,,0.0,-0.221,7.93,-3.163,,4.767,0.0,,,4.767,0.0,4.767,0.0,,4.767,4.767,,67.475996,0.07,0.07,0.07,67.475996,0.07,0.07,0.07,
09/30/1996,69.082001,,,,-42.819,,26.263,,-17.396,,,,8.867,-0.719,,0.886,,,0.0,-0.167,8.148,-3.188,,4.96,0.0,,,4.96,0.0,4.96,0.0,,4.96,4.96,,67.540001,0.0725,0.0725,0.0725,67.540001,0.0725,0.0725,0.0725,
12/31/1996,81.028999,,,,-46.837002,,34.191998,,-22.469999,,,,11.722,-0.572,,0.805,,,0.0,-0.233,11.15,-4.369,,6.781,0.0,,,6.781,0.0,6.781,0.0,,6.781,6.781,,67.552002,0.1,0.1,0.1,67.552002,0.1,0.1,0.1,
03/31/1997,80.897003,,,,-47.035,,33.862003,,-22.788,,,,11.074,-0.496,,0.732,,,0.0,-0.236,10.578,-4.124,,6.454,0.0,,,6.454,0.0,6.454,0.0,,6.454,6.454,,66.566002,0.095,0.095,0.095,67.564003,0.095,0.095,0.095,
06/30/1997,76.323997,,,,-41.444,,34.879997,,-24.826,,,,10.054,-0.074,,0.425,,,0.0,-0.351,9.98,-3.989,,5.991,0.0,,,5.991,0.0,5.991,0.0,,5.991,5.991,,69.961998,0.085,0.085,0.085,69.961998,0.085,0.085,0.085,
09/30/1997,80.074997,,,,-48.709999,,31.364998,,-21.014999,,,,10.35,-0.054,,0.4,,,0.0,-0.346,10.296,-4.017,,6.279,0.0,,,6.279,0.0,6.279,0.0,,6.279,6.279,,69.014,0.09,0.09,0.09,70.064003,0.09,0.09,0.09,
12/31/1997,89.987,,,,-49.469002,,40.517998,,-26.950001,,,,13.568,0.107,,0.248,,,0.0,-0.355,13.675,-5.328,,8.347,0.0,,,8.347,0.0,8.347,0.0,,8.347,8.347,,69.033997,0.12,0.12,0.12,70.066002,0.12,0.12,0.12,
03/31/1998,92.484001,,,,-51.310001,,41.174,,-27.455,,,,13.719,0.214,,0.156,,,0.0,-0.37,13.933,-5.496,,8.437,0.0,,,8.437,0.0,8.437,0.0,,8.437,8.437,,69.206001,0.12,0.12,0.12,70.150002,0.12,0.12,0.12,
06/30/1998,89.360001,,,,-48.784,,40.576,,-28.382,,,,12.194,0.385,,0.109,,,0.0,-0.494,12.579,-4.918,,7.661,0.0,,,7.661,0.0,7.661,0.0,,7.661,7.661,,69.296997,0.11,0.11,0.11,70.268997,0.11,0.11,0.11,
09/30/1998,93.621002,,,,-56.585999,,37.035004,,-24.306999,,,,12.728,0.067,0.17,0.17,,,0.0,-0.237,12.795,-4.977,,7.818,0.0,,,7.817999,0.0,7.818,0.0,,7.818,7.818,,69.313004,0.11,0.11,0.11,70.342003,0.11,0.11,0.11,
12/31/1998,107.553,,,,-58.372,,49.181,0.0,-32.491,,,,16.69,0.216,-0.216,0.044,-0.26,,,0.0,16.906,-6.607,,10.299,,,,10.299,0.0,10.299,0.0,0.0,10.299,10.299,,68.66,0.15,0.15,0.15,68.66,0.15,0.15,0.15,
03/31/1999,110.015999,,,,-63.931999,,46.084,,-29.124001,,,,16.959999,0.175,0.043,0.043,,,0.0,-0.218,17.134999,-6.512,,10.623,0.0,,,10.622999,0.0,10.623,0.0,,10.623,10.623,,69.389,0.15,0.15,0.15,70.559998,0.15,0.15,0.15,
06/30/1999,108.224998,,,,-57.279999,,50.945,,-35.132999,,,,15.812,0.462,0.043,0.043,,,0.0,-0.505,16.274,-6.184,,10.09,0.0,,,10.09,0.0,10.09,0.0,,10.09,10.09,,69.406998,0.15,0.15,0.15,70.435997,0.14,0.14,0.14,
09/30/1999,114.192001,,,,-67.441002,,46.750999,,-30.266001,,,,16.485001,-0.27,0.574,0.574,,,0.0,-0.304,16.215001,-6.308,,9.907,0.0,,,9.907001,0.0,9.907,0.0,0.0,9.907,9.907,,69.420998,0.14,0.14,0.14,70.362999,0.14,0.14,0.14,
12/31/1999,129.283005,,,,-68.875999,,60.407005,,-39.347,,,,21.059999,-0.131,0.435,0.435,,,0.0,-0.304,20.928999,-8.138,,12.791,0.0,,,12.791,0.0,12.791,0.0,0.0,12.791,12.791,,69.456001,0.18,0.18,0.18,70.300003,0.18,0.18,0.18,
03/31/2000,125.803001,,,,-68.517998,,57.285004,,-35.518002,,,,21.767,-0.077,0.355,0.355,,,0.0,-0.278,21.69,-8.393,,13.297,0.0,,,13.297001,0.0,13.297,0.0,0.0,13.297,13.297,,69.592003,0.19,0.19,0.19,70.320999,0.19,0.19,0.19,
06/30/2000,119.819,,,,-64.828003,,54.990997,,-36.312,,,,18.679001,0.561,0.045,0.045,,,0.0,-0.606,19.240001,-7.454,,11.786,0.0,,,11.786001,0.0,11.786,0.0,0.0,11.786,11.786,,69.626999,0.17,0.17,0.17,70.624001,0.17,0.17,0.17,
09/30/2000,130.193,,,,-73.338,,56.855,0.0,-37.215,,,,19.64,0.142,-0.142,0.113,-0.255,,,0.0,19.782,-7.616,,12.166,,,,12.166,,12.166,,0.0,12.166,12.166,,69.66,0.17,0.17,0.17,70.82,0.17,0.17,0.17,
12/31/2000,145.628006,,,,-76.997002,,68.631004,,-43.353001,,,,25.278,0.244,,0.076,-0.32,,0.0,0.0,25.522,-9.8,,15.722,0.0,,,15.722,0.0,15.722,0.0,0.0,15.722,15.722,,69.688004,0.23,0.23,0.23,70.716003,0.22,0.22,0.22,
03/31/2001,144.121002,,,,-76.445999,,67.675003,,-41.325001,,,,26.35,0.153,,0.089,-0.242,,0.0,0.0,26.503,-10.466,,16.037001,0.0,,,16.037001,0.0,16.037001,0.0,0.0,16.037001,16.037001,,69.721001,0.23,0.23,0.23,70.696999,0.23,0.23,0.23,
06/30/2001,146.248,,,,-76.934,,69.314,,-45.437,,,,23.877,0.231,,0.122,,,0.0,-0.353,24.108,-10.257,,13.851,0.0,,,13.851,0.0,13.851,0.0,0.0,13.851,13.851,,69.75,0.2,0.2,0.2,70.622,0.2,0.2,0.2,
09/30/2001,154.44,,,,-83.127,,71.313,0.0,-48.116,,,,23.197,-0.118,0.118,0.31,-0.192,,,0.0,23.079,-9.001,,14.078,,,,14.078,,14.078,,0.0,14.078,14.078,,69.778,0.2,0.2,0.2,70.711,0.2,0.2,0.2,
12/31/2001,166.541,,,,-90.135002,,76.405998,,-45.854,,,,30.552,-0.157,,0.291,-0.134,,0.0,0.0,30.395,-11.976,,18.419001,0.0,,,18.419,0.0,18.419001,0.0,0.0,18.419001,18.419001,,69.796997,0.26,0.26,0.26,70.544998,0.26,0.26,0.26,
03/31/2002,164.729004,,,,-87.827003,,76.902,,-46.535999,,,,30.365999,-0.058,,0.143,-0.085,,0.0,0.0,30.307999,-11.941,,18.367001,0.0,,,18.366999,0.0,18.367001,0.0,0.0,18.367001,18.367001,,69.855003,0.26,0.26,0.26,70.611,0.26,0.26,0.26,
06/30/2002,161.871002,,,,-86.896988,,74.974014,,-48.206009,,,,26.768,0.079,-0.079,0.063,-0.142,,0.0,0.0,26.847,-10.656,,16.191,0.0,,,16.191,0.0,16.191,0.0,0.0,16.191,16.191,,69.893997,0.23,0.23,0.23,70.516998,0.23,0.23,0.23,
09/30/2002,163.184006,,,,-92.170998,,71.013008,,-52.457001,,,,18.556,0.038,-0.038,0.047,-0.085,,0.0,0.0,18.594,-7.438,,11.156,0.0,,,11.156,0.0,11.156,0.0,0.0,11.156,11.156,,69.910004,0.16,0.16,0.16,70.322998,0.16,0.16,0.16,
12/31/2002,172.431,,,,-93.480003,,78.950996,,-55.271,,,,23.68,0.07,-0.07,0.047,-0.117,,0.0,0.0,23.75,-0.799,,22.951,0.0,,,22.951,0.0,22.951,0.0,0.0,22.951,22.951,,69.927002,0.33,0.33,0.21,70.246002,0.33,0.33,0.21,
03/31/2003,169.255997,,,,-88.311996,,80.944,,-56.714001,,,,24.23,0.064,-0.064,0.047,-0.111,,0.0,0.0,24.294,-9.402,,14.892,0.0,,,14.891999,0.0,14.892,0.0,0.0,14.892,14.892,,69.943001,0.21,0.21,0.21,70.278,0.21,0.21,0.21,
06/30/2003,174.265,,,,-92.112,,82.153,,-61.325,,,,20.828,-1.009,1.009,1.139,-0.13,,0.0,0.0,19.819,-7.67,,12.149,0.0,,,12.149,0.0,12.149,0.0,0.0,12.149,12.149,,69.986,0.17,0.17,0.19,70.548,0.17,0.17,0.19,
09/30/2003,189.179001,,,,-104.449997,,84.729004,,-67.948997,,,,16.780001,-2.099,2.099,2.156,-0.057,,0.0,0.0,14.681001,-4.189,,10.492,0.0,,,10.492001,0.0,10.492,0.0,0.0,10.492,10.492,,70.029999,0.15,0.15,0.15,70.637001,0.15,0.15,0.15,
12/31/2003,198.764999,,,,-104.635002,,94.129997,,-70.155998,,,,23.974001,-1.931,1.931,1.972,-0.041,,0.0,0.0,22.043001,-6.465,,15.578,0.0,,,15.578001,0.0,15.578,0.0,0.0,15.578,15.578,,70.046997,0.22,0.22,0.22,70.625999,0.22,0.22,0.22,
03/31/2004,196.75,,,,-105.113998,,91.636002,,-67.044998,,,,24.591,-1.835,,1.885,-0.05,,0.0,0.0,22.756,-6.461,,16.295,0.0,,,16.295,0.0,16.295,0.0,0.0,16.295,16.295,,70.186996,0.23,0.23,0.23,70.885002,0.23,0.23,0.23,
06/30/2004,200.024994,,,,-105.908997,,94.115997,,-70.436996,,,,23.679001,-1.803,,1.821,,,0.0,-0.018,21.876001,-6.18,,15.696,0.0,,,15.696001,0.0,15.696,0.0,0.0,15.696,15.696,,70.306,0.22,0.22,0.22,70.926003,0.22,0.22,0.22,
09/30/2004,188.395996,,,,-110.264999,,78.130997,,-75.266998,,,,2.864,-1.991,1.991,1.991,,,0.0,0.0,0.873,-0.543,,0.33,-1.81,,,2.14,0.0,2.14,0.0,0.0,2.14,2.14,,70.348999,0.03,0.01,0.01,70.677002,0.03,0.01,0.01,
12/31/2004,194.522003,,,,-108.689003,,85.833,,-77.626999,,,,8.206,-2.091,2.091,2.091,,,0.0,0.0,6.115,-1.453,,4.662,0.0,,,4.662,0.0,4.662,0.0,0.0,4.662,4.662,,70.370003,0.07,0.07,0.09,70.510002,0.07,0.07,0.09,
03/31/2005,201.93,,,,-111.014,,90.916,,-74.341,,,,16.575,-2.309,2.16,2.309,-0.149,,0.0,0.149,14.266,-3.385,,10.881,0.0,,,10.881,0.0,10.881,0.0,0.0,10.881,10.881,,70.374,0.15,0.15,0.15,70.374,0.15,0.15,0.15,
06/30/2005,196.107,,,,-111.54,,84.567,,-81.778,,,,2.789,-2.048,,2.656,-0.349,,0.0,-0.259,0.741,-0.413,,0.328,0.0,,,0.328,0.0,0.328,0.0,0.0,0.328,0.328,,70.442,0.01,0.01,0.01,70.442,0.01,0.01,0.01,
09/30/2005,196.779999,,,,-111.709,,85.070999,,-75.889999,,,,9.181,-2.655,2.655,2.655,,,0.0,0.0,6.526,-1.794,,4.732,0.0,,,4.732,0.0,4.732,0.0,0.0,4.732,4.732,,70.505997,0.07,0.07,0.07,70.664001,0.07,0.07,0.07,
12/31/2005,209.869003,,,,-111.016998,,98.852005,,-81.887001,,,,16.965,-2.606,2.606,2.606,,,0.0,0.0,14.359,-3.531,,10.828,0.0,,,10.828,0.0,10.828,0.0,0.0,10.828,10.828,,70.540001,0.15,0.15,0.15,70.849998,0.15,0.15,0.15,
03/31/2006,220.206,,,,-115.483,,104.723,,-80.999,,,,23.724,-2.49,1.354,2.49,-1.136,,0.0,1.136,21.234,-5.552,,15.682,0.0,,,15.682,0.0,15.682,0.0,0.0,15.682,15.682,,70.604,0.22,0.22,0.22,70.604,0.22,0.22,0.22,
06/30/2006,212.658,,,,-114.857,,97.801,,-84.234,,,,13.567,1.797,,2.439,-3.785,,0.0,-0.451,15.364,-3.553,,11.811,0.0,,,11.811,0.0,11.811,0.0,0.0,11.811,11.811,,71.1,0.17,0.17,0.17,71.1,0.17,0.17,0.17,
09/30/2006,220.653,,,,-120.304001,,100.348999,,-85.797997,,,,14.551,17.686,2.169,2.169,,,0.0,-19.855,32.236999,-11.317,,20.92,0.0,,,20.919999,0.0,20.92,0.0,0.0,20.92,20.92,,70.793999,0.3,0.3,0.133,70.793999,0.29,0.29,0.123,
12/31/2006,235.604,,,,-120.58,,115.024,,-93.238,,,,21.786,0.212,-0.212,1.72,-1.932,,0.0,0.0,21.998,-5.601,,16.397,0.0,,,16.397,0.0,16.397,0.0,0.0,16.397,16.397,,70.859,0.23,0.23,0.23,71.282,0.23,0.23,0.23,
03/31/2007,245.824997,,,,-125.815002,,120.009995,,-90.282997,,,,29.726999,1.042,-1.182,0.774,-1.956,,0.0,0.14,30.768999,-7.845,,22.924,0.0,,,22.923999,0.0,22.924,0.0,0.0,22.924,22.924,,70.955002,0.32,0.32,0.32,71.512001,0.32,0.32,0.32,
06/30/2007,231.391,,,,-120.022,,111.369,,-89.706,,,,21.663,-1.727,,0.121,-3.549,,0.0,5.155,19.936,-3.989,,15.947,0.0,,,15.947,0.0,15.947,0.0,0.0,15.947,15.947,,71.78,0.22,0.22,0.19,71.78,0.22,0.22,0.19,
09/30/2007,250.318,,,,-121.028,,129.29,,-91.645,,,,37.645,-1.557,-2.186,0.221,-2.407,,0.0,3.743,36.088,-9.253,,26.835,0.0,,,26.835,0.0,26.835,0.0,0.0,26.835,26.835,,71.105,0.38,0.38,0.41,71.947,0.37,0.37,0.4,
12/31/2007,273.737,,,,-123.887,,149.85,,-102.917,,,,46.933,2.794,-2.794,0.098,-2.892,,0.0,0.0,49.727,-13.914,,35.813,0.0,,,35.813,0.0,35.813,0.0,0.0,35.813,35.813,,71.282,0.5,0.5,0.5,72.52,0.49,0.49,0.49,
03/31/2008,290.973,,,,-130.846,,160.127,,-109.576,,,,50.551,2.724,-2.724,0.099,-2.823,,0.0,0.0,53.275,-14.957,,38.318,0.0,,,38.318,0.0,38.318,0.0,0.0,38.318,38.318,,71.393,0.54,0.54,0.54,72.515,0.53,0.53,0.53,
06/30/2008,276.805,,,,-127.372,,149.433,,-118.484,,,,30.949,2.237,,0.104,-2.341,,0.0,0.0,33.186,-8.62,,24.566,0.0,,,24.566,0.0,24.566,0.0,0.0,24.566,24.566,,70.788,0.34,0.34,0.34,70.788,0.34,0.34,0.34,
09/30/2008,303.717,303.717,,,-139.613,139.613,164.104,0.0,-117.292,117.292,,0.0,46.812,1.789,-1.789,0.353,-2.142,,,0.0,48.601,-13.771,,34.83,0.0,0.0,0.0,34.83,0.0,34.83,0.0,0.0,34.83,34.83,0.0,71.425,0.49,0.49,0.49,72.56,0.48,0.48,0.48,
12/31/2008,369.615,369.615,,,-167.107,167.107,202.508,0.0,-139.968,139.968,,0.0,62.54,-1.184,-0.534,1.176,-1.71,,,1.718,61.356,-18.491,,42.865,0.0,0.0,0.0,42.865,0.0,42.865,0.0,0.0,42.865,43.9817,1.1167,71.597,0.6,0.6,0.614295,72.662,0.59,0.59,0.605368,
03/31/2009,391.882,391.882,,,-178.201,178.201,213.681,0.0,-141.894,137.917,,3.977,71.787,1.262,-0.292,0.484,-0.776,,,-0.97,73.049,-22.163,,50.886,0.0,0.0,0.0,50.886,0.0,50.886,0.0,0.0,50.886,52.7985,1.9125,71.644,0.71,0.71,0.736956,72.653,0.7,0.7,0.726324,
06/30/2009,396.239,396.239,,,-184.752,184.752,211.487,0.0,-157.793,152.893,,4.9,53.694,0.652,0.139,0.762,-0.623,,,-0.791,54.346,-17.275,,37.071,0.0,0.0,0.0,37.071,-0.039,37.032,0.0,0.0,37.032,39.64885,2.61685,71.215,0.52,0.52,0.556749,72.198,0.51,0.51,0.546245,
09/30/2009,431.11,431.11,,,-196.483,196.483,234.627,0.0,-155.242,155.242,,0.0,79.385,0.909,-0.078,0.422,-0.5,,,-0.831,80.294,-25.723,,54.571,0.0,0.0,0.0,54.571,0.156,54.727,0.0,0.0,54.727,54.402,-0.325,71.255,0.77,0.77,0.763483,72.141,0.76,0.76,0.755495,
12/31/2009,473.012,473.012,,,-199.965,199.965,273.047,0.0,-164.118,164.118,,0.0,108.929,0.392,-0.079,0.495,-0.574,,,-0.313,109.321,-36.731,,72.59,0.0,0.0,0.0,72.59,-0.136,72.454,0.0,0.0,72.454,72.2642,-0.1898,71.276,1.02,1.02,1.013864,72.232,1.0,1.0,0.997372,
03/31/2010,504.385,504.385,,,-214.3,214.3,290.085,0.0,-168.065,168.065,,0.0,122.02,0.221,-0.14,0.336,-0.476,,,-0.081,122.241,-41.321,,80.92,0.0,0.0,0.0,80.92,0.232,81.152,0.0,0.0,81.152,81.12925,-0.02275,71.409,1.14,1.14,1.136121,72.387,1.12,1.12,1.119686,
06/30/2010,506.674,506.674,,,-215.341,215.341,291.333,0.0,-190.765,190.765,,0.0,100.568,0.198,-0.198,0.332,-0.53,,,0.0,100.766,-28.864,,71.902,0.0,0.0,0.0,71.902,-0.326,71.576,0.0,0.0,71.576,71.7502,0.1742,72.289,1.0,1.0,0.992547,72.289,0.99,0.99,0.99241,
09/30/2010,521.428,521.428,,,-228.081,228.081,293.347,0.0,-181.532,181.532,,0.0,111.815,0.169,-0.169,0.254,-0.423,,,0.0,111.984,-38.623,,73.361,0.0,0.0,0.0,73.361,0.24,73.601,0.0,0.0,73.601,73.601,0.0,70.998,1.04,1.04,1.04,71.654,1.03,1.03,1.03,
12/31/2010,551.463,551.463,,,-229.917,229.917,321.546,0.0,-185.993,185.993,,0.0,135.553,0.142,-0.142,0.239,-0.381,,,0.0,135.695,-46.823,,88.872,0.0,0.0,0.0,88.872,-0.166,88.706,0.0,0.0,88.706,88.7762,0.0702,70.181,1.26,1.26,1.264961,70.867,1.25,1.25,1.250991,
03/31/2011,562.73,562.73,,,-232.914,232.914,329.816,0.0,-192.589,192.589,,0.0,137.227,0.087,-0.087,0.348,-0.435,,,0.0,137.314,-44.405,,92.909,0.0,0.0,0.0,92.909,-0.009,92.9,0.0,0.0,92.9,92.9936,0.0936,69.508,1.34,1.34,1.337883,70.272,1.32,1.32,1.321332,
06/30/2011,546.75,546.75,,,-234.592,234.592,312.158,0.0,-202.578,202.578,,0.0,109.58,-0.141,0.141,0.441,-0.3,,,0.0,109.439,-33.751,,75.688,0.0,0.0,0.0,75.688,-0.492,75.196,0.0,0.0,75.196,75.33055,0.13455,69.894,1.09,1.09,1.077783,69.894,1.08,1.08,1.077783,
09/30/2011,519.038,519.038,,,-238.248,238.248,280.79,0.0,-200.925,200.925,,0.0,79.865,-0.338,0.338,0.522,-0.184,,,0.0,79.527,-22.215,,57.312,0.0,0.0,0.0,57.312,0.172,57.484,0.0,0.0,57.484,57.484,0.0,68.755,0.84,0.84,0.84,69.467,0.83,0.83,0.83,
12/31/2011,524.049,524.049,,,-241.212,241.212,282.837,0.0,-269.081,194.042,,75.039,13.756,3.44,0.255,0.481,-0.226,,,-3.695,17.196,-7.916,,9.28,0.0,0.0,0.0,9.28,-0.415,8.865,0.0,0.0,8.865,62.47132,53.60632,67.522,0.13,0.13,0.925199,68.076,0.13,0.13,0.917448,
03/31/2012,540.807,540.807,,,-244.195,244.195,296.612,0.0,-201.158,201.158,,0.0,95.454,-0.54,0.54,0.65,-0.11,,,0.0,94.914,-27.61,,67.304,0.0,0.0,0.0,67.304,-0.173,67.131,0.0,0.0,67.131,67.131,0.0,66.7,1.01,1.01,1.01,67.225,1.0,1.0,1.0,
06/30/2012,501.962,501.962,,,-247.472,247.472,254.49,0.0,-214.561,207.459,,7.102,39.929,-0.662,0.662,0.959,-0.297,,,0.0,39.267,-9.137,,30.13,21.645,21.645,0.0,8.485,-0.4,8.085,0.0,0.0,8.085,34.064,4.334,66.141,0.12,0.45,0.515021,66.141,0.12,0.45,0.515021,
09/30/2012,479.92,479.92,,,-239.453,239.453,240.467,0.0,-191.019,191.019,,0.0,49.448,-0.93,0.93,1.491,-0.561,,,0.0,48.518,-14.522,,33.996,2.174,2.174,0.0,31.822,0.167,31.989,0.0,0.0,31.989,34.163,0.0,64.873,0.49,0.52,0.52,65.109,0.49,0.52,0.52,
12/31/2012,500.666,500.666,,,-240.244,240.244,260.422,0.0,-193.227,183.743,,9.484,67.195,-0.529,0.529,0.759,-0.23,,,0.0,66.666,-14.604,,52.062,0.838,0.838,0.0,51.224,-0.938,50.286,0.0,0.0,50.286,57.064,5.94,64.302,0.78,0.79,0.887437,64.536,0.78,0.79,0.882042,
03/31/2013,503.825,503.825,,,-236.828,236.828,266.997,0.0,-191.349,189.32,,2.029,75.648,-0.341,0.341,0.756,-0.415,,,0.0,75.307,-16.615,,58.692,1.532,1.532,0.0,57.16,-0.339,56.821,0.0,0.0,56.821,59.624,1.271,63.976,0.89,0.91,0.931974,64.279,0.88,0.91,0.929773,
06/30/2013,479.964,479.964,,,-245.698,245.698,234.266,0.0,-259.628,192.301,,67.327,-25.362,-0.159,0.159,0.605,-0.446,,,0.0,-25.521,6.512,,-19.009,12.357,12.357,0.0,-31.366,-0.944,-32.31,0.0,0.0,-32.31,34.143,54.096,63.751,-0.51,-0.32,0.535568,63.751,-0.51,-0.32,0.528551,
09/30/2013,450.913,450.913,,,-241.737,241.737,209.176,0.0,-198.905,189.158,,9.747,10.271,-0.417,0.417,1.0,-0.583,,,0.0,9.854,-1.703,,8.151,15.328,15.328,0.0,-7.177,0.045,-7.132,0.0,0.0,-7.132,14.21,6.014,63.983,-0.11,0.13,0.22209,64.51,-0.11,0.13,0.22209,
12/31/2013,491.269,491.269,,,-242.997,242.997,248.272,0.0,-189.71,185.046,,4.664,58.562,-0.742,0.742,1.052,-0.31,,,0.0,57.82,-8.492,,49.328,0.92,0.92,0.0,48.408,-0.253,48.155,0.0,0.0,48.155,51.952,2.877,64.196,0.75,0.76,0.809272,64.719,0.74,0.75,0.794454,
03/31/2014,496.117,496.117,,,-242.631,242.631,253.486,0.0,-183.949,183.949,,0.0,69.537,-0.468,0.468,1.073,-0.605,,,0.0,69.069,-12.918,,56.151,0.607,0.607,0.0,55.544,-0.019,55.525,0.0,0.0,55.525,56.132,0.0,64.284,0.86,0.87,0.87,64.841,0.86,0.87,0.87,
06/30/2014,485.073,485.073,,,-256.073,256.073,229.0,0.0,-186.102,169.716,,16.386,42.898,-0.274,0.274,0.507,-0.233,,,0.0,42.624,-4.586,,38.038,0.102,0.102,0.0,37.936,-0.452,37.484,0.0,0.0,37.484,47.686,10.1,64.988,0.58,0.58,0.733766,64.988,0.58,0.58,0.733766,
09/30/2014,462.044,462.044,,,-246.331,246.331,215.713,0.0,-191.07,177.753,,13.317,24.643,0.004,-0.004,0.393,-0.397,,,0.0,24.647,-4.21,,20.437,0.0,0.0,0.0,20.437,0.003,20.44,0.0,0.0,20.44,30.892,10.452,64.601,0.32,0.32,0.478197,65.429,0.31,0.31,0.469746,
12/31/2014,484.88,484.88,,,-250.809,250.809,234.071,0.0,-185.101,174.913,,10.188,48.97,-0.052,0.052,0.352,-0.3,,,0.0,48.918,-6.116,,42.802,0.0,0.0,0.0,42.802,-0.389,42.413,0.0,0.0,42.413,48.95,6.537,63.876,0.66,0.66,0.766329,65.47,0.65,0.65,0.749847,
03/31/2015,489.83,489.83,,,-253.186,253.186,236.644,0.0,-187.194,180.212,,6.982,49.45,-1.495,1.495,2.813,-1.318,,,0.0,47.955,-6.327,,41.628,-5.576,-5.576,0.0,47.204,-0.084,47.12,0.0,0.0,47.12,45.423,3.879,64.511,0.73,0.65,0.704112,65.265,0.72,0.64,0.699435,
06/30/2015,473.189,473.189,,,-249.729,249.729,223.46,0.0,-189.613,175.407,,14.206,33.847,-1.707,1.707,1.755,-0.048,,,0.0,32.14,-1.884,,30.256,0.0,0.0,0.0,30.256,-0.33,29.926,0.0,0.0,29.926,37.163,7.237,65.213,0.46,0.46,0.569871,65.213,0.46,0.46,0.569871,
09/30/2015,441.413,441.413,,,-245.077,245.077,196.336,0.0,-188.089,164.016,,24.073,8.247,-2.199,2.199,2.326,-0.127,,,0.0,6.048,-0.662,,5.386,0.0,0.0,0.0,5.386,0.079,5.465,0.0,0.0,5.465,24.477,19.012,64.346,0.08,0.08,0.380397,64.729,0.08,0.08,0.373717,
12/31/2015,456.203,456.203,,,-241.021,241.021,215.182,0.0,-271.559,159.163,,112.396,-56.377,-1.607,1.607,1.847,-0.24,,,0.0,-57.984,7.514,,-50.47,0.0,0.0,0.0,-50.47,-0.117,-50.587,0.0,0.0,-50.587,43.977,94.564,64.252,-0.79,-0.79,0.684446,64.654,-0.79,-0.79,0.672616,
03/31/2016,474.221,474.221,,,-252.867,252.867,221.354,0.0,-160.507,161.483,,-0.976,60.847,-1.381,1.381,1.408,-0.027,,,0.0,59.466,-7.536,,51.93,0.0,0.0,0.0,51.93,-0.005,51.925,0.0,0.0,51.925,45.593,-6.332,63.107,0.81,0.81,0.722471,64.353,0.81,0.81,0.711605,
06/30/2016,471.7,471.7,,,-247.813,247.813,223.887,0.0,-248.747,169.388,,79.359,-24.86,0.034,-0.034,0.353,-0.387,,,0.0,-24.826,15.225,,-9.601,0.0,0.0,0.0,-9.601,-0.368,-9.969,0.0,0.0,-9.969,41.208,51.177,64.036,-0.16,-0.16,0.643513,64.371,-0.16,-0.16,0.635032,
09/30/2016,449.892,449.892,,,-250.673,250.673,199.219,0.0,-166.112,161.065,,5.047,33.107,-1.057,1.057,2.115,-1.058,,,0.0,32.05,-6.901,,25.149,0.0,0.0,0.0,25.149,0.003,25.152,0.0,0.0,25.152,28.765,3.613,63.419,0.4,0.4,0.453571,63.896,0.39,0.39,0.446545,
12/31/2016,333.958,333.958,,,-179.148,179.148,154.81,0.0,-156.28,101.167,,55.113,-1.47,-1.312,1.312,2.3,-0.988,,,0.0,-2.782,10.082,0.0,7.3,-7.455,-7.455,0.0,14.755,-0.342,14.413,0.0,0.0,14.413,41.133,34.175,63.569,0.23,0.11,0.647061,64.028,0.23,0.11,0.643751,
03/31/2017,332.675,332.675,,,-182.216,182.216,150.459,0.0,-106.494,103.69,,2.804,43.965,-0.306,0.306,1.995,-1.689,,,0.0,43.659,-7.343,0.0,36.316,-3.706,-3.706,0.0,40.022,-0.163,39.859,0.0,0.0,39.859,37.861,1.708,63.666,0.63,0.57,0.594682,64.266,0.62,0.56,0.586577,
06/30/2017,315.216,315.216,,,-159.333,159.333,155.883,0.0,-104.142,95.857,,8.285,51.741,-1.55,1.55,2.734,-1.184,,,0.0,50.191,-6.1,-0.694,43.397,0.043,0.043,0.0,43.354,-0.495,42.859,0.0,0.0,42.859,48.141997,5.239997,64.034,0.68,0.68,0.751819,64.034,0.67,0.67,0.751819,
09/30/2017,293.143,293.143,,,-173.176,173.176,119.967,0.0,-90.081,88.944,,1.137,29.886,0.202,-0.202,1.916,-2.118,,,0.0,30.088,-4.475,-0.044,25.569,12.653,12.653,0.0,12.916,-0.131,12.785,0.0,0.0,12.785,26.248,0.81,62.785,0.2,0.41,0.418062,63.432,0.2,0.4,0.41277,
12/31/2017,308.211,308.211,,,-157.443,157.443,150.768,0.0,-90.849,89.423,,1.426,59.919,-1.116,1.116,2.481,-1.365,0.0,,0.0,58.803,-110.276,0.006,-51.467,29.315,29.315,0.0,-80.782,-0.374,-81.156,0.0,0.0,-81.156,50.253,102.094,61.234,-1.33,-0.85,0.820672,62.023,-1.33,-0.85,0.796067,
03/31/2018,310.07,310.07,,,-159.312,159.312,150.758,0.0,-98.254,97.633,,0.621,52.504,-1.521,1.521,2.85,-1.329,0.0,,0.0,50.983,-8.024,-0.1,42.859,3.571,3.571,0.0,39.288,0.046,39.334,0.0,0.0,39.334,43.382,0.477,61.03,0.64,0.7,0.710831,61.965,0.63,0.69,0.697698,
06/30/2018,319.787,319.787,,,-155.673,155.673,164.114,0.0,-98.947,97.064,,1.883,65.167,-6.358,6.358,7.373,-1.015,,,0.0,58.809,38.673,0.0,97.482,34.607,34.607,0.0,62.875,-0.069,62.806,0.0,0.0,62.806,52.990999,-44.422001,61.659,1.03,1.6,0.85942,61.659,1.02,1.58,0.85942,
09/30/2018,236.939,236.939,,,-111.534,111.534,125.405,0.0,-128.637,89.164,,39.473,-3.232,-3.949,3.949,4.918,-0.969,0.0,,0.0,-7.181,2.33,,-4.851,4.734,4.734,0.0,-9.585,0.055,-9.53,0.0,0.0,-9.53,26.725,31.521,60.328,-0.16,-0.08,0.442995,61.202,-0.16,-0.08,0.435032,
12/31/2018,253.961,211.487,41.334,1.14,-118.077,118.077,135.884,0.0,-77.215,89.251,,-12.036,58.669,-4.955,3.833,5.006,-1.173,,,1.122,53.714,-11.857,,41.857,24.351,24.351,0.0,17.506,-0.211,17.295,0.0,0.0,17.295,36.403728,-5.242272,59.185,0.29,0.71,0.620136,60.0,0.29,0.7,0.612629,
03/31/2019,258.703,216.616,35.935,6.152,-120.192,120.192,138.511,0.0,-92.932,90.746,,2.186,45.579,-3.009,3.724,4.786,-1.062,,,-0.715,42.57,-7.843,0.0,34.727,-3.139,-3.139,0.0,37.866,0.039,37.905,0.0,0.0,37.905,39.38298,4.61698,58.061,0.65,0.6,0.679578,58.802,0.64,0.59,0.668517,
06/30/2019,264.24,264.24,,,-121.979,121.979,142.261,0.0,-87.447,90.181,0.0,-2.734,54.814,-4.17,4.424,5.188,-0.764,-0.254,0.0,0.0,50.644,-15.508,0.0,35.136,-14.658,-14.658,0.0,49.794,-0.296,49.498,0.0,0.0,49.498,37.399,2.559,56.555,0.88,0.62,0.668517,57.284,0.86,0.62,0.664672,
09/30/2019,254.613,254.613,,,-128.034,128.034,126.579,0.0,-100.838,99.087,,1.751,25.741,-4.627,4.65,5.328,-0.678,-0.023,0.0,0.0,21.114,-3.706,0.0,17.408,3.156,3.156,0.0,14.252,0.109,14.361,0.0,0.0,14.361,18.925,1.408,55.493,0.26,0.32,0.341034,56.14,0.26,0.31,0.33508,
12/31/2019,266.172,214.153,45.992,6.027,-127.258,127.258,138.914,0.0,-98.603,96.648,,1.955,40.311,-31.438,3.851,5.066,-1.215,,0.0,27.587,8.873,-7.57,,1.303,-4.117,-4.117,0.0,5.42,0.105,5.525,0.0,0.0,5.525,30.61333,29.20533,53.89,0.1,0.03,0.568071,54.28,0.1,0.03,0.56805,
03/31/2020,271.487,222.019,44.143,5.325,-118.712,118.712,152.775,0.0,-98.288,96.434,,1.854,54.487,105.881,4.409,5.191,-0.782,,,-110.29,160.368,-6.937,0.0,153.431,2.719,2.719,0.0,150.712,0.12,150.832,0.0,0.0,150.832,42.97769,-110.57331,52.955,2.85,2.9,0.811589,53.319,2.83,2.88,0.806193,
06/30/2020,259.729,259.729,,,-116.05,116.05,143.679,0.0,-121.958,103.669,0.0,18.289,21.721,25.103,2.912,3.925,-1.013,-1.124,,-26.891,46.824,24.571,0.0,71.395,327.557,327.557,0.0,-256.162,0.11,-256.052,0.0,0.0,-256.052,30.502,-41.003,52.274,-4.9,1.37,0.583502,52.65,-4.9,1.36,0.581216,
09/30/2020,255.333,,,,,,125.7515025,,,,,,26.65,,,,,,,,23.433,,,19.8,,,,,,19.8,,,19.8,19.1,,,0.55,0.55,0.408,,0.55,0.55,0.408,
12/31/2020,271.333,,,,,,143.263824,,,,,,43.05,,,,,,,,41.4,,,32.4,,,,,,32.4,,,32.4,33.9,,,0.71,0.71,0.655,,0.71,0.71,0.655,
