Date,Revenue,Rental Income,Real Estate Sales,Com & Fee Earn/Inc from REO,Mortgage Income,Other Operating Income,Operating Expenses,Property Operating Expenses,Real Estate Tax,Other Property Expense,General & Administrative,Depreciation & Amortization,Provision for Loan Losses,Cost of Real Estate Sold,Other Operating Expenses,Operating Income (Loss),Non-Operating (Income) Loss,Interest Expense,(Income) Loss from Affiliates,Other Non-Op (Income) Loss,Pretax Income,Income Tax Expense (Benefit),Current Income Tax,Deferred Income Tax,Income (Loss) from Cont Ops,Net Extraordinary Losses (Gains),Discontinued Operations,XO & Accounting Changes,Income (Loss) Incl. MI,Minority Interest,"Net Income, GAAP",Preferred Dividends,Other Adjustments,"Net Income Avail to Common, GAAP","Net Income Avail to Common, Adj",Net Abnormal Losses (Gains),Basic Weighted Avg Shares,"Basic EPS, GAAP",Basic EPS from Cont Ops,"Basic EPS from Cont Ops, Adjusted",Diluted Weighted Avg Shares,"Diluted EPS, GAAP",Diluted EPS from Cont Ops,"Diluted EPS from Cont Ops, Adjusted",FFO Reconciliation,D&A of Con Real Estate,Impairment of Assets,Disposal of Con Assets,Disposal of Uncon Assets,Funds from Operations,Other Abnormal Gains/(Losses),Adjusted Funds from Operations,Recurring Capital Expenditure,Funds Available For Distribution,AFFO Per Diluted Share,FAD Per Diluted Share,Dividend Per Share,AFFO Payout Ratio,FAD Payout Ratio,FFO Payout Ratio,Source: Bloomberg
03/31/1994,6.635,6.415,,0.0,0.0,0.22,-4.403,2.593,,,0.316,1.494,0.0,,0.0,2.232,-2.549,2.549,,0.0,-0.317,0.0,,,,0.0,,,-0.317,,-0.32,,,-0.32,-0.32,,,0.0,,,,,,,,,,,,9.155,,9.155,,9.155,,,0.0,,,0.0,
06/30/1994,8.99,8.591,,0.0,0.0,0.399,-5.546,2.572,,,0.453,2.521,0.0,,0.0,3.444,-1.055,1.055,,0.0,2.389,0.0,,,,0.0,,,2.389,,2.38,,,2.38,2.38,,11.937304,0.203081,0.203081,0.203081,11.937304,0.203081,0.203081,0.203081,,,,,,4.901,,4.901,,4.901,0.410562,0.410562,0.425503,103.639253,103.639253,103.631911,
09/30/1994,10.516,10.263,,0.0,0.0,0.253,-6.539,3.232,,,0.553,2.754,0.0,,0.0,3.977,-1.676,1.676,,0.0,2.301,0.0,,,,0.0,,,2.301,,2.296,,,2.296,2.296,,11.937304,0.193411,0.193411,0.193411,11.937304,0.193411,0.193411,0.193411,,,,,,5.05,,5.05,,5.05,0.423044,0.423044,0.36748,86.865736,86.865736,86.871286,
12/31/1994,11.027,10.786,,0.0,0.0,0.241,-6.753,3.548,,,0.497,2.708,0.0,,0.0,4.274,-1.86,1.86,,0.0,2.414,0.0,,,,0.0,,,2.414,,2.414,,,2.414,2.414,,11.937304,0.203081,0.203081,0.203081,11.937304,0.203081,,,,,,,,5.122,,5.122,,5.122,0.429075,0.429075,0.36748,85.644663,85.644663,85.650135,
03/31/1995,11.85,11.434,,0.0,0.0,0.416,-7.445,3.691,,,0.494,3.26,0.0,,0.0,4.405,-2.482,2.482,,0.0,1.923,0.0,,,,0.0,,,1.923,,1.92,,,1.92,1.92,,11.937304,0.164399,0.164399,0.164399,11.937304,0.164399,0.164399,0.164399,,,,,,4.97,,4.97,,4.97,0.416342,0.416342,0.36748,88.263984,88.263984,90.583502,
06/30/1995,12.847,12.544,,0.0,0.0,0.303,-7.844,3.931,,,0.612,3.301,0.0,,0.0,5.003,-0.579,2.991,,-2.412,4.424,0.0,,,,0.0,,,4.424,,4.419,,,4.419,4.419,,11.937304,0.36748,0.36748,0.36748,11.937304,0.36748,0.36748,0.36748,,,,,,5.095,,5.095,,5.095,0.426813,0.426813,0.37715,88.364277,88.364277,88.361139,
09/30/1995,13.624,13.284,,0.0,0.0,0.34,-8.539,4.44,,,0.711,3.388,0.0,,0.0,5.085,-2.958,2.958,,0.0,2.127,0.0,,,,0.0,,,2.127,,2.121,,,2.121,2.121,,11.937304,0.174069,0.174069,0.174069,11.937304,0.174069,0.174069,0.174069,,,,,,5.287,,5.287,,5.287,0.442897,0.442897,0.37715,85.155278,85.155278,85.152255,
12/31/1995,15.2,14.848,,0.0,0.0,0.352,-9.154,4.739,,,0.65,3.765,0.0,,0.0,6.046,-3.041,3.041,,0.0,3.005,0.0,,,,0.0,,,3.005,,3.0,,,2.076,2.076,,11.937304,0.174069,0.174069,0.174069,11.937304,0.174069,0.174069,0.174069,,,,,,6.532,,6.532,,6.532,0.547192,0.547192,0.37715,68.924673,68.924673,68.922226,
03/31/1996,16.472,16.094,,0.0,0.0,0.378,-9.79,4.959,,,0.86,3.971,0.0,,0.0,6.682,-3.472,3.472,,0.0,3.21,0.0,,,,0.0,,,3.21,,3.195,,,2.244,2.244,,11.951781,0.18374,0.18374,0.18374,11.951781,0.18374,0.18374,0.18374,,,,,,6.982,,6.982,,6.982,0.584181,0.584181,0.386821,66.215984,66.215984,66.213123,
06/30/1996,18.393,17.906,,0.0,0.0,0.487,-10.663,5.573,,,0.864,4.226,0.0,,0.0,7.73,-3.635,3.635,,0.0,4.095,0.0,,,,0.511,,,3.584,,3.572,,,2.517,2.517,,12.955863,0.193411,0.232093,0.232093,12.955863,0.193411,0.232093,0.232093,,,,,,8.179,,8.179,,8.179,0.631297,0.631297,0.386821,61.273997,61.273997,64.690059,
09/30/1996,23.049999,22.379999,,0.0,0.0,0.67,-13.324,7.247,,,0.997,5.08,0.0,,0.0,9.726,-3.743,3.743,,0.0,5.983,0.0,,,,0.0,,,5.983,,5.845,,,4.727,4.727,,17.369275,0.270775,0.270775,0.270775,17.369275,0.270775,0.270775,0.270775,,,,,,10.831,,10.831,,10.831,0.623572,0.623572,0.386821,62.033056,62.033056,70.132028,
12/31/1996,24.677999,23.997,,0.0,0.0,0.681,-14.084,7.498,,,1.174,5.412,0.0,,0.0,10.594,-3.426,3.426,,0.0,7.168,0.0,,,,0.0,,,7.168,,7.014,,,5.874,5.874,,19.705238,0.338468,0.338468,0.338468,19.705238,0.338468,0.338468,0.338468,,,,,,12.301,,12.301,,12.301,0.62425,0.62425,0.396492,63.514837,63.514837,63.385092,
03/31/1997,26.257,25.393,,,,0.864,-15.031,7.885,,,1.447,5.699,,,,11.226,-3.317,3.317,,,7.909,,,,,,,,,,7.771,,,6.625,6.625,,23.773247,0.319127,0.319127,0.319127,23.773247,0.319127,0.319127,0.319127,,,,,,13.321,,13.321,,13.321,0.560336,0.560336,0.396492,70.759635,70.759635,70.759635,
06/30/1997,30.206,30.152,,,,0.054,-17.841,10.044,,,0.921,6.426,,,0.45,12.365,-3.8,3.8,,,8.565,,,,,,,,,,8.479,,,7.184,7.184,,22.568165,0.319127,0.319127,0.319127,25.679889,0.319127,0.319127,0.319127,,,,,,1.27,,1.27,,1.27,0.049455,0.049455,,,,0.0,
09/30/1997,33.228,33.164,,,,0.064,-19.241,10.909,,,1.265,6.927,,,0.14,13.987,-3.243,3.243,,,10.744,,,,,,,,,,10.653,,,8.257,8.257,,23.52,0.348139,0.348139,0.348139,26.682491,0.348139,0.348139,0.348139,,,,,,1.587,,1.587,,1.587,0.059477,0.059477,,,,0.0,
12/31/1997,37.258999,36.080002,,,,1.179,-21.313,11.02,,,1.626,7.957,,,0.71,15.946,-3.753,3.753,,,12.193,,,,,,,,,,12.038,,,9.395,9.395,,26.118539,0.357809,0.357809,0.357809,29.260044,0.357809,0.357809,0.357809,,,,,,17.302,,17.302,,17.302,0.591318,0.591318,0.406162,68.687547,68.687547,63.30482,
03/31/1998,45.437,45.326,,,,0.111,-26.055,15.017,,,1.171,9.867,,,,19.382,-6.249,6.249,,,13.133,,,,,,,,,,12.979,,,8.95,8.95,,27.06427,0.328798,0.328798,0.328798,27.06427,0.328798,0.328798,0.328798,,,,,,19.736,,19.736,,19.736,0.729227,0.729227,,,,0.0,
06/30/1998,70.553,70.068,,0.115,,0.37,-41.149,24.774,,,1.778,14.597,,,,29.404,-10.912,11.15,-0.238,,18.492,,,,,,,,,,18.242,,,13.748,13.748,,40.495107,0.338468,0.338468,0.338468,41.720571,0.328798,0.328798,0.328798,,,,,,8.578,,8.578,,8.578,0.205606,0.205606,,,,0.0,
09/30/1998,119.351,117.757,,0.342,,1.252,-69.602,43.446,,,2.578,23.578,,,,49.749,-17.739,18.387,-0.608,-0.04,32.01,,,,,,,,,,31.54,,,23.771,23.771,,66.508302,0.357809,0.357809,0.357809,67.144819,0.357809,0.357809,0.357809,,,,,,19.178,,19.178,,19.178,0.285621,0.285621,,,,0.0,
12/31/1998,120.517998,120.259003,0.0,0.336,0.0,-0.077,-74.769,43.902,,,1.301,30.316,0.0,,-0.75,45.748999,-13.607999,18.216999,-0.679,-3.93,32.141,0.0,,,,0.0,,,32.141,,31.673,,0.0,22.091,22.091,,65.758578,0.338468,0.338468,0.328798,67.263148,0.328798,0.328798,0.328798,,,,,,48.141998,,48.141998,,48.141998,0.715726,0.715726,0.493197,68.908583,68.908583,67.678955,
03/31/1999,120.608,118.573,,0.339,,1.696,-45.783,43.415,,,2.368,27.226,,,,47.599,-32.266,16.468,-0.726,16.524,15.333,,,,,,,,,,14.9,,0.0,4.955,4.955,,66.166658,0.077364,0.077364,0.232093,67.435448,0.077364,0.077364,0.232093,,,,,,48.896,,48.896,,48.896,0.725079,0.725079,0.493197,68.019769,68.019769,66.739985,
06/30/1999,124.945,122.807,,0.314,,1.824,-72.026,44.173,,,2.425,25.428,,,,52.919,10.498,18.695,-0.68,-28.513,63.417,,,,,,,,,,62.922,,,52.977,52.977,,66.675757,0.783313,0.783313,0.783313,68.112712,0.773642,0.773642,0.773642,,,,,,50.595,,50.595,,50.595,0.742813,0.742813,0.493197,66.395831,66.395831,64.995097,
09/30/1999,133.412,130.734,,0.277,,2.401,-77.228,46.714,,,2.37,28.144,,,,56.184,-21.38,19.752,-0.86,2.488,34.804,,,,,,,,,,34.28,,,24.336,24.336,,67.041225,0.357809,0.357809,0.357809,68.47911,0.357809,0.357809,0.357809,,,,,,54.885,,54.885,,54.885,0.801485,0.801485,0.502867,62.741926,62.741926,61.424507,
12/31/1999,133.981995,132.326004,0.0,0.246,0.0,1.41,-91.001,43.474998,,,2.41,28.388,0.0,,16.728001,42.981001,15.251,20.107,-0.601,-34.757,58.232001,0.0,,,,0.0,,,58.232001,,74.233002,,,64.288002,64.288002,,68.765655,0.454515,0.454515,0.454515,69.177218,0.444844,0.444844,0.444844,,,,,,58.104,,58.104,,58.104,0.83993,0.83993,0.502867,59.870164,59.870164,57.3007,
03/31/2000,136.108,134.785,,0.248,,1.075,-76.934,44.568,,,2.947,29.419,,,,59.174,-11.463,20.067,-0.694,-7.91,47.711,,,,,,,,,,47.172,,,37.227,37.227,,67.95823,0.541549,0.541549,0.541549,69.466225,0.531879,0.531879,0.531879,,,,,,58.614,,58.614,,58.614,0.843777,0.843777,0.524142,62.118604,62.118604,61.029788,
06/30/2000,140.906,139.632,,0.252,,1.022,-80.955,46.461,,,3.285,31.209,,,,59.951,-8.819,20.363,-0.702,-10.842,51.132,,,,,,,,,,50.657,,,40.712,40.712,,68.350482,0.599573,0.599573,0.599573,70.20665,0.589902,0.589902,0.589902,,,,,,60.97,,60.97,,60.97,0.868436,0.868436,0.541549,62.359144,62.359144,60.710453,
09/30/2000,147.628,145.954,,0.261,,1.413,-82.506,48.548,,,3.359,30.599,,,,65.122,-6.143,21.385,-0.721,-14.521,58.979,,,,,,,,,,58.494,,,48.55,48.55,,68.756189,0.696278,0.696278,0.696278,70.9534,0.686607,0.686607,0.686607,,,,,,64.498,,64.498,,64.498,0.909019,0.909019,0.524142,57.660222,57.660222,55.462185,
12/31/2000,153.516998,151.572006,0.0,0.29,0.0,1.655,-84.849997,50.044998,,,3.422,31.382999,0.0,,0.0,68.667002,-13.977001,21.794001,-0.311,-7.506,54.690001,0.0,,,,0.0,,,54.690001,,54.280998,,0.0,44.335998,44.335998,,69.28269,0.667266,0.667266,0.880018,70.31676,0.647925,0.647925,0.851006,,,,,,67.931,,67.931,,67.931,0.966071,0.966071,0.541549,56.056881,56.056881,52.905152,
03/31/2001,157.573,155.329,,0.331,,1.913,-56.403,52.598,,,3.805,31.129,,,,70.041,-18.117,23.124,-0.106,-4.901,51.924,,,,,,,,,,51.599,,0.0,41.654,41.654,,69.504953,0.599573,0.599573,0.599573,71.625631,0.589902,0.589902,0.589902,,,,,,67.699,,67.699,,67.699,0.945178,0.945178,0.598606,63.332542,63.332542,61.457404,
06/30/2001,163.82,161.932,,0.318,,1.57,-89.647,53.743,,,3.743,32.161,,,,74.173,-25.491,25.313,0.178,,48.682,,,,,,,,,,48.518,,,39.131,39.131,,69.909646,0.56089,0.56089,0.56089,71.836479,0.55122,0.55122,0.55122,,,,,,71.169,,71.169,,71.169,0.990708,0.990708,0.618914,62.471827,62.471827,60.796177,
09/30/2001,162.818,160.772,0.0,0.336,0.0,1.71,-89.992,54.769,,,3.421,31.802,0.0,,0.0,72.826,13.004,26.693,-0.599,-39.098,85.83,0.0,,,,-0.872,,,86.702,,86.668,,0.0,79.229,79.229,,70.420424,1.121781,1.11211,1.11211,72.504721,1.10244,1.092769,1.092769,,,,,,72.319,,72.319,,72.319,0.997439,0.997439,0.618914,62.050303,62.050303,60.26654,
12/31/2001,162.218994,157.296005,0.0,0.34,0.0,4.583,-91.050002,52.171001,,,4.255,34.624001,0.0,,0.0,71.169001,-9.48,28.065001,0.268,-18.853001,61.689001,0.0,,,,0.0,,,61.689001,,62.212002,,0.0,56.486002,56.486002,,70.755209,0.802654,0.802654,0.802654,72.702359,0.783313,0.783313,0.783313,,,,,,72.107002,,72.107002,,72.107002,0.991811,0.991811,0.618914,62.40237,62.40237,60.751381,
03/31/2002,151.635,145.578,,0.388,,5.669,-86.985,51.227,,,3.607,32.151,,,,64.65,-26.784,27.351,-0.567,,37.866,,,,,-3.106,,,,,40.721,,,35.69,35.69,,70.878647,0.502867,0.454515,0.454515,73.02794,0.493197,0.444844,0.444844,,,,,,69.71,,69.71,,69.71,0.954566,0.954566,0.676937,70.915646,70.915646,68.828521,
06/30/2002,161.758,158.023,,0.471,,3.264,-95.477,56.95,,,3.483,35.044,,,,66.281,-28.249,28.55,-0.301,,38.032,,,,,,,,,,37.346,,,32.315,32.315,,71.43445,0.454515,0.454515,0.454515,73.620354,0.444844,0.444844,0.444844,,,,,,67.497,,67.497,,67.497,0.916825,0.916825,0.676937,73.834873,73.834873,71.6426,
09/30/2002,148.82,147.662,,0.249,,0.909,-93.413,55.724,,,2.966,34.723,,,,55.407,-31.728,31.386,0.098,0.244,23.679,,,,,-5.261,,,,,28.711,,,24.685,24.685,,71.510123,0.348139,0.270775,0.270775,73.470362,0.338468,0.261104,0.261104,,,,,,61.81,,61.81,,61.81,0.841292,0.841292,0.676937,80.463985,80.463985,78.317152,
12/31/2002,150.292999,149.050995,0.0,0.278,0.0,0.964,-95.977998,56.216999,,,3.44,36.320999,0.0,,0.0,54.314999,-41.127999,33.050999,1.277,6.8,13.187,0.0,,,,-53.654999,,,66.841999,,66.842003,,0.0,63.033003,63.033003,,70.607332,0.889688,0.135387,0.232093,72.286662,0.880018,0.135387,0.232093,,,,,,52.394001,,52.394001,,52.394001,0.724809,0.724809,0.676937,93.395231,93.395231,131.018824,
03/31/2003,148.904,147.738,,0.264,,0.902,-93.84,56.235,,,3.631,33.974,,,,55.064,-22.447,36.669,-0.528,-13.694,32.617,,,,,-4.991,,,,,37.388,,,33.7,33.7,,69.929068,0.483526,0.212752,0.212752,71.471592,0.473856,0.203081,0.203081,,,,,,57.557,,57.557,,57.557,0.805313,0.805313,0.676937,84.058843,84.058843,82.244656,
06/30/2003,150.228,149.101,0.0,0.247,0.0,0.88,-97.188,56.512,,,3.623,37.053,0.0,,0.0,53.04,-33.86,34.067,-0.207,0.0,19.18,0.0,,,,-57.522,,,76.702,,76.468,,0.0,73.762,73.762,,69.52156,1.063758,0.261104,0.261104,71.250525,1.044417,0.261104,0.261104,,,,,,57.153,,57.153,,57.153,0.802141,0.802141,0.676937,84.391196,84.391196,82.343884,
09/30/2003,152.034,150.948,,0.234,,0.852,-100.972,60.265,,,3.382,37.325,,,,51.062,-9.704,33.272,-23.988,0.42,41.358,,,,,-16.331,,,,,57.387,,,55.212,55.212,,71.122744,0.773642,0.541549,0.541549,72.934943,0.763971,0.541549,0.541549,,,,,,56.158,,56.158,,56.158,0.769974,0.769974,0.676937,87.916849,87.916849,85.732398,
12/31/2003,,,,,,,,,,,,,,,,,,,,,,,,,,,,,,,,,,,,,,,,,,,,,,,,,,58.464,,58.464,,58.464,,,,,,0.0,
03/31/2004,156.899,156.731,0.0,0.148,0.0,0.02,-105.074,61.532,,,3.971,39.571,0.0,,0.0,51.825,-32.099,32.286,-0.187,0.0,19.726,0.0,,,,-5.731,,,25.457,,25.277,,0.0,23.102,23.102,,73.336244,0.319127,0.241763,0.241763,75.015574,0.309457,0.232093,0.232093,,,,,,57.378,,57.378,,57.378,0.764881,0.764881,0.676937,88.502213,88.502213,86.520966,
06/30/2004,162.294,162.101,0.0,0.157,0.0,0.036,-107.265,63.021,,,4.071,40.173,0.0,,0.0,55.029,-32.558,32.482,0.076,0.0,22.471,0.0,,,,-12.983,,,35.454,,35.034,,0.0,32.859,32.859,,73.842939,0.444844,0.270775,0.270775,75.525371,0.444844,0.270775,0.270775,,,,,,60.45,,60.45,,60.45,0.800393,0.800393,0.676937,84.575517,84.575517,82.691481,
09/30/2004,155.913,155.756,,0.157,,,-105.319,61.722,,,3.898,39.699,,,,50.594,-33.083,33.132,-0.049,,17.511,,,,,-28.402,,,,,45.366,,,43.191,43.191,,74.229742,0.580232,0.193411,0.193411,76.090721,0.580232,0.193411,0.193411,,,,,,63.601,,63.601,,63.601,0.835857,0.835857,0.676937,80.987102,80.987102,79.00637,
12/31/2004,138.738,138.652,0.0,0.142,0.0,-0.056,-59.51,54.534,,,4.976,32.548,0.0,,0.0,45.522,-33.441,33.203,0.238,0.0,25.499,0.0,,,,-100.99,,,126.489,,114.068,,0.0,111.893,111.893,,74.595742,1.498931,0.164399,0.164399,76.573918,1.46992,0.154728,0.154728,,,,,,64.818,,64.818,,64.818,0.846476,0.846476,0.676937,79.97115,79.97115,93.273718,
03/31/2005,159.979,159.545,,0.434,,,-106.539,60.506,,,7.159,38.874,,,,53.44,-25.535,32.118,-6.583,,27.905,,,,,-42.218,,,,,69.61,,,67.435,67.435,,74.966366,0.899359,0.338468,0.338468,76.788276,0.889688,0.338468,0.338468,,,,,,71.249,0.0,71.249,-0.005981,71.243019,0.927863,0.927785,0.686607,73.998779,74.004992,72.243054,
06/30/2005,165.652,164.289,,1.363,,,-107.956,62.317,,,6.262,39.377,,,,57.696,-27.317,32.112,-0.178,-4.617,30.379,,,,,-26.869,,,,,56.911,,,54.736,54.736,,75.266563,0.725289,0.36748,0.36748,77.130491,0.715619,0.36748,0.36748,,,,,,72.325,0.0,72.325,-4.321,68.004,0.937697,0.881675,0.686607,73.222755,77.875357,71.45326,
09/30/2005,170.817,169.438,,1.379,,,-111.969,67.325,,,5.857,38.787,,,,58.848,-31.582,31.79,-0.208,,27.266,,,,,-72.177,,,,,99.128,,,96.953,96.953,,75.688458,1.276509,0.328798,0.328798,77.560179,1.257168,0.319127,0.319127,,,,,,68.091,0.0,68.091,-0.004842,68.086158,0.877912,0.877849,0.686607,78.209139,78.214701,76.321756,
12/31/2005,173.098,171.969,0.0,1.129,0.0,0.0,-114.372,66.548,,,6.483,41.341,0.0,,0.0,58.726,-30.99,31.076,-0.086,0.0,27.736,0.0,,,,-69.165,,,96.901,,96.729,,0.0,94.554,94.554,,75.83766,1.247498,0.36748,0.36748,77.692781,1.218486,0.357809,0.357809,,,,,,70.108,,70.108,,70.108,0.902375,0.902375,0.686607,76.088934,76.088934,88.239187,
03/31/2006,175.159,173.952,0.0,1.207,0.0,0.0,-115.136,68.628,,,6.283,40.225,0.0,,0.0,60.023,-15.271,28.664,-0.227,-13.166,44.752,0.0,,,111.114,-66.494,,,111.246,0.099,111.114,-2.175,0.0,108.939,108.939,,76.323303,1.431238,0.56089,0.56089,77.855259,1.402226,0.55122,0.55122,,40.57,,-65.419,0.0,84.189,0.0,84.189,-5.559,78.63,1.081353,1.009951,0.754301,69.755309,74.686884,71.459454,
06/30/2006,179.083,177.688,0.0,1.395,0.0,0.0,-118.204,70.44,,,6.479,41.285,0.0,,0.0,60.879,-25.908,26.115,-0.207,0.0,34.971,,,,67.006,-32.163,,,,0.099,67.006,-2.175,0.0,64.831,64.831,,76.625414,0.841336,0.425503,0.425503,77.929491,0.831665,0.415833,0.415833,,41.917,,0.0,0.0,74.855,0.0,74.855,-5.377,69.478,0.960548,0.89155,0.754301,78.528209,84.605617,77.214113,
09/30/2006,183.646,182.061,0.0,1.585,0.0,0.0,-117.163,71.778,,,5.633,39.752,0.0,,0.0,66.483,-25.385,26.479,-0.589,-0.505,41.098,0.0,,,42.113,-1.15,,,42.248,0.099,42.113,-2.175,0.0,39.938,39.938,,76.755715,0.522208,0.502867,0.502867,78.26762,0.512538,0.493197,0.493197,,41.224,,0.0,0.0,81.261,0.0,81.261,-6.361,74.9,1.038245,0.956973,0.754301,72.651507,78.82155,71.24809,
12/31/2006,189.788,187.715,0.0,2.073,0.0,0.0,-81.603,75.231,,,6.372,40.753,0.0,,0.0,67.432,-22.296,28.397,-6.253,0.152,49.276,0.0,,,46.313,-1.177,,,50.453,0.095,46.313,-2.175,0.0,44.138,44.138,,76.890343,0.570561,0.55122,0.55122,78.482811,0.56089,0.541549,0.541549,,42.27,,-97.411,-6.609,79.894,0.0,79.894,-6.847,73.047,1.017972,0.930731,0.754301,74.098413,81.043966,72.603956,
03/31/2007,188.615,187.171,0.0,1.444,0.0,0.0,-121.234,72.44,,,6.78,42.014,0.0,,0.0,67.381,-22.727,23.186,0.086,-0.545,44.654,0.0,,,46.52,-2.315,,,46.969,0.088,46.52,-2.175,0.0,44.345,44.345,,81.104112,0.55122,0.522208,0.522208,82.653989,0.541549,0.512538,0.512538,,44.685,,0.0,0.0,89.118,0.0,89.118,-6.606,82.512,1.078206,0.998282,0.821995,76.237276,82.340915,74.807722,
06/30/2007,190.924,189.436,0.0,1.488,0.0,0.0,-122.029,73.839,,,6.642,41.548,0.0,,0.0,68.895,-22.109,21.913,0.196,0.0,46.786,0.0,,,51.052,-4.723,,,51.509,0.084,51.052,-2.175,,48.877,48.877,,82.13417,0.599573,0.541549,0.541549,83.395175,0.589902,0.531879,0.531879,,45.08,,0.0,0.0,94.041,0.0,94.041,-6.684,87.357,1.127655,1.047507,0.821995,72.894149,78.471544,71.791929,
09/30/2007,196.532,195.042,0.0,1.49,0.0,0.0,-126.129,76.592,,,6.645,42.892,0.0,,0.0,70.403,-24.388,24.331,0.057,0.0,46.015,0.0,,,128.769,-83.085,,,129.1,0.053,128.769,-2.175,0.0,126.594,126.594,,81.652871,1.547284,0.531879,0.531879,82.751156,1.527943,0.522208,0.522208,,46.913,,-78.258,0.0,95.302,0.0,95.302,-7.008,88.294,1.15167,1.066982,0.821995,71.374165,77.039218,70.426877,
12/31/2007,212.385,210.664,0.0,1.721,0.0,0.0,-94.815,86.388,,,8.427,47.179,0.0,,0.0,70.391,32.898,26.262,-59.16,0.0,103.289,0.0,,,358.16,-28.53,,,131.819,0.28,131.819,-8.7,0.0,129.644,129.644,,80.555126,1.605307,1.255215,1.247498,81.521643,1.595637,1.245668,1.246531,,184.731,,-106.487,-59.927,368.057,0.0,368.057,-7.18,360.877,4.457102,4.370153,0.821995,18.442358,18.809286,17.99066,
03/31/2008,204.173,202.535,,1.638,0.0,0.0,-86.869,78.75,,,8.119,45.941,,,0.0,71.363,-27.627,27.661,-0.034,0.0,43.736,0.0,,,48.45,-4.82,,,48.556,0.057,48.45,-2.175,0.0,46.275,46.275,,79.20997,0.580232,0.522208,0.522208,80.079303,0.580232,0.522208,0.522208,,49.785,,0.0,0.0,96.117,0.0,96.117,-7.159,88.958,1.200273,1.110874,0.863094,71.908191,77.695088,71.127563,
06/30/2008,211.191,209.612,,1.579,0.0,0.0,-89.546,80.163,,,9.383,47.648,,,0.0,73.997,-25.798,29.598,-3.8,0.0,48.199,0.0,,,127.333,-79.24,,,127.439,0.057,127.334,-2.175,0.0,125.159,125.159,0.0,79.368958,1.576296,0.580232,0.580232,80.22172,1.556955,0.570561,0.570561,,50.259,,-74.139,-3.483,97.852,0.0,97.852,-7.159,90.693,1.219769,1.130529,0.863094,70.758815,76.344278,70.006644,
09/30/2008,215.39,213.768,0.0,1.622,0.0,0.0,-92.825,83.507,,,9.318,48.698,0.0,,0.0,73.867,-27.868,28.363,-0.495,0.0,45.999,0.0,,,233.581,-186.887,,,232.886,0.057,233.581,-2.175,0.0,231.406,231.406,0.0,79.451674,2.901158,0.56089,0.56089,80.224026,2.881817,0.56089,0.56089,,51.263,,-183.711,0.0,99.015,0.0,99.015,-7.753,91.262,1.234231,1.137589,0.863094,69.929714,75.870467,69.256469,
12/31/2008,220.353,218.59,0.0,1.763,0.0,0.0,-159.006,92.091,,,15.96,50.955,0.0,,0.0,61.347,-87.65,29.256,0.495,57.899,-26.303,0.0,,,2.123,-27.436,,,1.133,0.44,1.133,-3.929,0.0,-2.796,-2.796,57.899,77.734587,-0.02,-0.388913,0.72,77.734587,-0.02,-0.388913,0.72,,51.776,,-27.051,,22.963,0.0,22.963,-7.836,15.127,0.295996,0.194989,0.8925,301.524737,457.718817,298.773536,
03/31/2009,209.733,208.265,0.0,1.468,0.0,0.0,-140.986,83.666,20.886,62.78,7.247,50.073,,0.0,0.0,68.747,-25.611,30.13,-3.457,-1.062,43.136,0.0,0.0,0.0,47.425,-3.965,-3.965,0.0,47.101,0.025,47.425,,0.0,47.425,42.398,-1.062,78.752744,0.6,0.55,0.538369,79.792281,0.59,0.54,0.52669,,53.525,,,,100.975,0.0,100.975,-6.507,94.468,1.265473,1.183924,0.8925,70.526973,75.384904,70.603615,
06/30/2009,212.259,210.182,0.0,2.077,0.0,0.0,-162.812,85.946,19.945,66.001,5.39,51.174,,0.0,20.302,49.447,-36.388,36.88,-0.492,0.0,13.059,0.0,0.0,0.0,17.674,-3.664,-3.664,0.0,16.723,0.014,17.674,,0.0,17.674,34.312,20.302,79.662223,0.22,0.17,0.430719,80.042294,0.22,0.17,0.423641,,54.126,,,,71.814,,71.814,-6.61,65.204,0.897627,0.815006,0.8925,99.428846,109.508361,99.338569,
09/30/2009,215.043,213.165,0.0,1.878,0.0,0.0,-146.523,87.786,21.093,66.693,5.75,52.987,,0.0,0.0,68.52,-40.774,41.205,-0.19,-0.241,27.746,0.0,0.0,0.0,58.154,-30.355,-30.355,0.0,58.101,0.014,58.154,,0.0,58.154,27.558,-0.241,80.132409,0.72,0.34,0.343906,80.609277,0.72,0.34,0.33701,,56.239,,-26.67,,87.737,0.0,87.737,-5.68,82.057,1.088423,1.01796,0.8925,81.999361,87.675372,82.732485,
12/31/2009,214.292,212.388,0.0,1.904,0.0,0.0,-154.418,87.94,21.831,66.109,10.36,55.268,,0.0,0.85,59.874,-67.188,42.107,2.698,22.383,-7.314,0.0,0.0,0.0,32.394,-39.664,-39.664,0.0,32.35,0.014,32.394,,0.0,32.394,15.963,23.233,81.869688,0.4,-0.0888,0.194981,81.869688,0.4,-0.0888,0.194981,,57.524,,-37.217,,52.715,,52.715,-6.135,46.58,0.643742,0.568823,0.8925,138.64242,156.902858,138.034715,
03/31/2010,215.449,213.6,0.0,1.849,0.0,0.0,-152.935,88.068,23.146,64.922,8.895,55.972,,0.0,0.0,62.514,-42.314,42.541,-0.227,0.0,20.2,0.0,0.0,0.0,72.523,-52.166,-52.166,0.0,72.366,0.014,72.523,,-0.23,72.293,-30.164,-50.291,81.637686,0.89,0.25,-0.369486,82.31067,0.88,0.25,-0.369486,,57.011,,-50.291,,79.257,0.0,79.257,-5.491,73.766,0.962901,0.89619,0.8925,92.688687,99.588256,93.119851,
06/30/2010,220.342,218.658,0.0,1.684,0.0,0.0,-150.245,88.887,23.083,65.804,4.041,57.317,,0.0,0.0,70.097,-40.995,41.458,-0.463,0.0,29.102,0.0,0.0,0.0,51.125,-21.964,-21.964,0.0,51.066,0.014,51.125,,-0.143,50.982,7.089,-21.929,83.517908,0.61,0.35,0.08488,84.245105,0.61,0.35,0.08488,,58.593,,-21.929,,87.803,,87.803,-5.406,82.397,1.042973,0.978757,0.8925,85.5727,91.187055,86.4811,
09/30/2010,225.558,223.758,0.0,1.8,0.0,0.0,-154.759,89.794,23.225,66.569,7.039,57.926,,0.0,0.0,70.799,-44.587,44.262,0.325,0.0,26.212,0.0,0.0,0.0,24.654,2.232,2.232,0.0,23.98,0.014,24.654,,-0.068,24.586,26.818,0.0,84.968804,0.29,0.32,0.32,85.768696,0.29,0.32,0.32,,59.794,,,,84.462,,84.462,-5.179,79.283,0.984765,0.924382,0.8925,90.63077,96.55104,90.119817,
12/31/2010,226.552,224.531,0.0,2.021,0.0,0.0,-155.023,88.714,23.122,65.592,6.87,59.439,,0.0,0.0,71.529,-45.327,45.724,-0.397,0.0,26.202,0.0,0.0,0.0,27.027,-0.466,-0.466,0.0,26.668,0.014,27.03,,0.0,27.03,26.564,0.0,85.491465,0.32,0.310721,0.310721,86.102732,0.31,0.304588,0.304588,,61.642,,-1.854,,86.829,,86.829,-5.399,81.43,1.007978,0.945302,0.8925,88.543633,94.414284,88.294233,
03/31/2011,228.53,226.21,0.0,2.32,0.0,0.0,-154.849,87.907,24.14,63.767,7.292,59.65,,0.0,0.0,73.681,-42.468,42.971,-0.503,0.0,31.213,0.0,0.0,0.0,30.341,0.676,0.676,0.0,30.537,0.007,30.341,,-0.083,30.258,30.934,0.0,86.168732,0.35,0.36,0.36,86.99753,0.35,0.36,0.36,,63.194,,,,93.542,,93.542,-5.868,87.674,1.075226,1.007776,0.8925,83.005811,88.56137,83.309102,
06/30/2011,235.581,233.249,0.0,2.332,0.0,0.0,-156.198,87.217,23.266,63.951,8.145,60.836,,0.0,0.0,79.383,-44.149,44.544,-0.395,0.0,35.234,0.0,0.0,0.0,43.373,-7.958,-7.958,0.0,43.192,0.007,43.373,,-0.123,43.25,27.617,-7.675,87.317602,0.5,0.41,0.316282,88.196438,0.49,0.4,0.312978,,64.24,,-7.675,,99.945,0.842,100.787,-6.058,94.729,1.14273,1.074044,0.8925,78.102434,83.097151,79.189554,
09/30/2011,243.719,241.286,0.0,2.433,0.0,0.0,-173.041,92.009,23.741,68.268,6.087,60.893,,0.0,14.052,70.678,-26.328,42.659,-2.615,-13.716,44.35,0.0,0.0,0.0,44.824,-0.327,-0.327,0.0,44.677,0.007,44.824,,-0.206,44.618,58.343,14.052,91.388357,0.49,0.49,0.638407,92.340368,0.49,0.49,0.638407,,64.499,,,-1.743,107.587,0.475,108.062,-5.893,102.169,1.16947,1.105695,0.8925,76.316614,80.718476,78.820861,
12/31/2011,243.089,240.518,0.0,2.571,0.0,0.0,-155.572,86.729,22.75,63.979,7.847,60.996,,0.0,0.0,87.517,-39.239,37.64,-1.607,3.206,48.278,0.0,0.0,0.0,323.085,-274.687,-274.687,0.0,322.965,0.007,323.085,,0.0,323.085,50.338,1.94,94.698215,3.4,0.511076,0.531562,95.509173,3.38,0.503973,0.524285,,65.053,,-273.415,-1.32,113.41,7.408,120.818,-6.165,114.653,1.26496,1.200412,0.8925,70.555615,74.349457,74.899921,
03/31/2012,246.032,243.483,0.0,2.549,0.0,0.0,-159.728,88.447,23.887,64.56,9.71,61.571,,0.0,0.0,86.304,-32.63,33.626,-2.175,1.179,53.674,0.0,0.0,0.0,57.758,-3.935,-3.935,0.0,57.609,0.007,57.758,,0.0,57.758,55.002,1.179,94.855266,0.61,0.57,0.579852,95.653779,0.6,0.56,0.572326,,65.292,,,-1.086,121.971,,121.971,-6.627,115.344,1.27513,1.205849,0.97,76.070677,80.441259,75.822122,
06/30/2012,252.445,249.675,0.0,2.77,0.0,0.0,-163.72,92.18,24.528,67.652,8.316,63.224,,0.0,0.0,88.725,-30.838,33.191,-2.073,-0.28,57.887,0.0,0.0,0.0,156.909,-98.934,-98.934,0.0,156.821,0.007,156.909,,0.0,156.909,57.975,0.0,95.308163,1.64,0.61,0.61,95.992825,1.63,0.6,0.6,,66.711,,-95.049,-0.385,128.193,0.71,128.903,-6.682,122.221,1.342927,1.273313,0.97,72.230304,76.179239,73.084334,
09/30/2012,261.321,258.788,0.0,2.533,0.0,0.0,-164.676,93.554,25.475,68.079,8.372,62.75,,0.0,0.0,96.645,-14.238,33.985,-19.747,0.0,82.407,0.0,0.0,0.0,86.845,-4.34,-4.34,0.0,86.747,0.007,86.844,,0.0,86.844,82.504,0.0,97.044603,0.89,0.85,0.85,97.546569,0.89,0.85,0.85,,67.59,,0.0,-14.194,140.248,,140.248,-6.67,133.578,1.437493,1.369128,0.97,67.478567,70.847999,67.576721,
12/31/2012,261.574,259.169,0.0,2.405,0.0,0.0,-172.209,100.575,25.736,74.839,7.703,62.482,,0.0,1.449,89.365,-25.004,36.117,-11.113,0.0,64.361,0.0,0.0,0.0,122.357,-58.023,-58.023,0.0,122.384,0.007,122.356,,0.0,122.356,65.782,1.449,102.401254,1.19,0.63,0.642394,102.863336,1.19,0.63,0.642394,,66.034,,-51.262,-6.501,130.635,,130.635,-6.534,124.101,1.269584,1.206083,0.97,76.402998,80.425666,84.947372,
03/31/2013,301.357,299.085,0.0,2.272,0.0,0.0,-259.387,143.789,31.902,111.887,10.039,105.559,,0.0,0.0,41.97,-56.738,38.174,18.564,0.0,-14.768,0.0,0.0,0.0,75.427,-90.237,-90.237,0.0,75.469,0.008,75.427,,0.0,75.427,-14.81,0.0,119.68051,0.63,-0.12,-0.12,120.111128,0.63,-0.12,-0.12,,111.944,,-84.491,-9.352,93.536,69.848,163.384,-7.944,155.44,1.360274,1.294135,1.07,78.660644,82.680717,148.006115,
06/30/2013,378.207,375.294,0.0,2.913,0.0,0.0,-334.004,132.682,41.011,91.671,11.345,189.977,,0.0,0.0,44.203,-43.869,43.169,-0.24,0.94,0.334,0.0,0.0,0.0,36.218,-35.763,-35.763,0.0,36.097,0.008,36.218,,0.0,36.218,-60.49,-60.945,129.179471,0.28,0.003522,-0.468263,129.595399,0.28,0.003522,-0.468263,,199.502,,-33.682,-1.472,200.574,8.834,209.408,-8.545,200.863,1.61586,1.549924,1.07,66.218615,69.03565,69.030383,
09/30/2013,389.189,386.175,0.0,3.014,0.0,0.0,-310.968,141.217,42.184,99.033,9.878,159.873,,0.0,0.0,78.221,-94.169,43.945,-3.26,53.484,-15.948,0.0,0.0,0.0,-10.715,-5.063,-5.063,0.0,-10.885,0.008,-10.715,,0.0,-10.715,-15.778,0.0,129.208839,-0.08,-0.12,-0.12,129.216339,-0.08,-0.12,-0.12,,164.756,,,-0.688,153.361,57.732,211.093,-8.876,202.217,1.628551,1.560074,1.07,65.70258,68.586493,90.283058,
12/31/2013,394.169,390.866,0.0,3.303,0.0,0.0,-251.499,138.382,43.677,94.705,8.311,104.806,,0.0,0.0,142.67,-54.461,44.63,-5.09,14.921,88.209,0.0,0.0,0.0,252.212,-163.881,-163.881,0.0,252.09,0.008,252.212,,0.0,252.212,103.252,14.921,129.415275,1.95,0.682539,0.797835,129.611467,1.95,0.682539,0.79766,,106.123,,-160.058,-2.941,195.344,12.754,208.098,-12.763,195.335,1.605552,1.507081,1.07,66.64373,70.998167,70.888279,
03/31/2014,400.075,396.998,0.0,3.077,0.0,0.0,-259.345,143.742,44.485,99.257,9.236,106.367,,0.0,0.0,140.73,-37.31,42.533,-5.223,0.0,103.42,0.0,0.0,0.0,141.739,-38.179,-38.179,0.0,141.599,0.009,141.739,,0.0,141.739,103.56,0.0,129.288771,1.09,0.8,0.8,129.629557,1.09,0.8,0.8,,108.966,0.0,-37.869,0.0,212.845,-2.093,210.752,-8.368,202.384,1.625802,1.561249,1.16,71.349399,74.299493,70.617116,
06/30/2014,413.806,411.134,0.0,2.672,0.0,0.0,-266.13,145.515,42.439,103.076,10.22,110.395,,0.0,,147.676,24.521,43.722,-7.71,-60.533,172.197,,,,158.086,0.0,0.0,0.0,172.197,0.009,158.086,,0.0,158.086,97.553,-60.533,129.856335,1.22,1.22,0.751238,130.248321,1.21,1.21,0.745249,,111.653,,-46.813,-0.449,222.486,-1.245,221.241,-8.245,212.996,1.698609,1.635307,1.16,68.291163,70.93469,68.366998,
09/30/2014,430.525,428.022,0.0,2.503,0.0,0.0,-273.74,150.614,44.996,105.618,11.29,111.836,,0.0,,156.785,84.216,46.376,-130.592,0.0,241.001,,,,241.1,0.0,0.0,0.0,241.001,0.009,241.1,,0.0,241.1,241.1,,131.330078,1.83,1.83,1.83,131.905995,1.83,1.83,1.83,,113.558,,0.0,-72.446,282.221,-54.405,227.816,-8.775,219.041,1.727109,1.660584,1.16,67.16427,69.854938,54.254999,
12/31/2014,440.656,437.859,0.0,2.797,0.0,0.0,-279.85,155.051,56.046,99.005,10.715,114.084,,0.0,0.0,160.806,-18.276,47.987,-5.241,-24.47,142.53,0.0,0.0,0.0,142.642,0.0,0.0,0.0,142.53,0.009,142.642,,0.0,142.642,142.642,0.0,132.119949,1.08,1.08,1.08,132.677639,1.08,1.08,1.08,,115.592,0.0,-23.98,-0.779,233.484,-3.211,230.273,-12.045,218.228,1.735583,1.644799,1.16,66.836347,70.52535,65.605352,
03/31/2015,442.367,439.756,0.0,2.611,0.0,0.0,-294.25,161.141,47.177,113.964,10.468,116.853,,0.0,5.788,148.117,59.951,45.573,-34.566,-70.958,208.068,-0.015,,,208.144,0.0,0.0,0.0,208.053,0.009,208.144,,0.0,208.144,142.974,-65.17,131.883741,1.57,1.57,1.084091,133.175773,1.56,1.56,1.070647,,118.32,4.195,-70.936,-9.155,250.577,-16.927,233.65,-10.762,222.888,1.754448,1.673638,1.25,71.247471,74.687608,65.933825,
06/30/2015,457.459,454.517,0.0,2.942,0.0,0.0,-271.796,158.655,45.913,112.742,11.628,118.627,,0.0,-17.114,185.663,-13.41,44.59,-13.806,-17.374,172.253,0.0,,,172.325,0.0,0.0,0.0,172.253,0.01,172.324,,0.0,172.324,137.836,-34.488,131.977578,1.3,1.3,1.04439,133.086439,1.29,1.29,1.03086,,119.857,0.0,0.0,-1.718,290.474,-42.007,248.467,-11.18,237.287,1.866952,1.782947,1.25,66.954039,70.108641,57.185497,
09/30/2015,475.36,473.199,0.0,2.161,0.0,0.0,-300.768,169.462,50.416,119.046,10.464,120.184,,0.0,0.658,174.592,31.523,43.234,-20.554,-54.203,206.115,-0.039,,,206.141,0.0,0.0,0.0,206.076,0.009,206.142,,0.0,206.142,152.597,-53.545,133.669584,1.54,1.54,1.141599,134.70946,1.53,1.53,1.132515,,121.018,0.0,-35.215,-20.074,271.879,-12.094,259.785,-10.559,249.226,1.928203,1.849831,1.25,64.827212,67.573757,62.930201,
12/31/2015,480.84,478.607,0.0,2.233,0.0,0.0,-293.703,159.811,49.994,109.817,11.508,122.259,,0.0,0.125,187.137,-31.65,42.217,-1.093,-9.474,155.487,-0.135,,,155.428,0.0,0.0,0.0,155.352,0.01,155.428,,0.0,155.428,146.079,-9.349,136.981717,1.13,1.13,1.066412,137.349671,1.13,1.13,1.061933,,126.824,0.0,-9.474,-2.633,270.155,2.968,273.123,-11.442,261.681,1.988071,1.904785,1.25,62.875007,65.624216,63.390276,
03/31/2016,508.498,506.974,0.0,1.524,0.0,0.0,-306.573,170.155,50.067,120.088,11.404,127.216,,0.0,-2.202,201.925,35.989,43.41,-27.969,-51.43,237.914,-0.037,,,237.931,0.0,0.0,0.0,237.877,0.01,237.931,,0.0,237.931,184.299,-53.632,136.78588,1.73,1.73,1.347354,137.383044,1.73,1.73,1.339617,,127.701,0.0,-51.43,-29.625,284.587,-13.553,271.034,-11.881,259.153,1.972834,1.886354,1.35,68.429463,71.566646,65.065516,
06/30/2016,502.307,500.84,0.0,1.467,0.0,0.0,-314.194,171.446,51.107,120.339,12.011,132.469,,0.0,-1.732,188.113,9.242,46.581,-27.151,-28.672,197.355,-0.036,,,197.444,0.0,0.0,0.0,197.319,0.01,197.444,,0.0,197.444,167.04,-30.404,136.91877,1.44,1.44,1.219993,137.437733,1.44,1.44,1.21878,,134.858,-4.195,-30.99,-23.547,273.58,4.874,278.454,-12.212,266.242,2.026037,1.937183,1.35,66.632528,69.688832,67.755318,
09/30/2016,516.211,514.891,0.0,1.32,0.0,0.0,-324.588,180.931,52.338,128.593,11.928,131.729,,0.0,0.0,191.623,164.728,47.871,0.342,-212.941,356.351,-0.022,,,356.392,0.0,0.0,0.0,356.329,0.01,356.392,,0.0,356.392,143.451,-212.941,136.997756,2.6,2.6,1.047105,137.505054,2.59,2.59,1.041395,,135.275,0.0,-202.162,0.0,289.515,-4.805,284.71,-10.888,273.822,2.070526,1.991344,1.35,65.200833,67.793417,64.032261,
12/31/2016,518.24,516.952,0.0,1.288,0.0,0.0,-321.323,170.665,51.326,119.339,10.638,140.02,,0.0,0.0,196.917,45.266,49.648,-10.184,-84.73,242.183,0.0,0.0,0.0,242.235,0.0,0.0,0.0,242.183,0.011,242.235,,0.0,242.235,157.505,-84.73,137.341078,1.76,1.76,1.146816,137.519045,1.76,1.76,1.143867,,140.772,0.0,-90.041,-4.897,288.08,3.064,291.144,-10.22,280.924,2.117109,2.042792,1.35,63.766212,66.086023,64.356082,
03/31/2017,522.326,521.126,0.0,1.2,0.0,0.0,-342.217,175.381,52.93,122.451,13.206,140.621,,0.0,13.009,180.109,55.692,49.295,-16.672,-88.315,235.801,-0.02,,,235.875,0.0,0.0,0.0,235.781,0.011,235.875,,0.0,235.875,159.248,-76.627,137.068874,1.72,1.72,1.16181,137.531242,1.72,1.72,1.16181,,140.957,,-87.949,-8.697,280.197,7.175,287.372,-10.892,276.48,2.089503,2.010307,1.42,67.958731,70.635982,69.828371,
06/30/2017,530.512,529.414,0.0,1.098,0.0,0.0,-336.209,180.823,53.566,127.257,13.947,141.439,,0.0,0.0,194.303,-29.051,50.102,-1.146,-19.905,165.252,-0.058,,,165.225,0.0,0.0,0.0,165.194,0.01,165.225,,0.0,165.225,145.32,-19.905,137.580677,1.2,1.2,1.056253,138.173151,1.2,1.2,1.055942,,141.128,,-44.067,0.0,262.296,26.093,288.389,-12.562,275.827,2.087113,1.9962,1.42,68.036552,71.135143,74.754476,
09/30/2017,550.5,549.507,0.0,0.993,0.0,0.0,-344.722,186.576,57.698,128.878,11.655,144.99,,,1.501,205.778,32.445,47.741,-52.568,-27.618,238.223,-0.024,,,238.248,0.0,0.0,0.0,238.199,0.011,238.248,,0.0,238.248,210.63,-27.618,138.104883,1.73,1.73,1.525145,138.307046,1.72,1.72,1.520314,,144.409,,-27.738,-31.413,323.517,-20.183,303.334,-34.94,268.394,2.193193,1.940566,1.42,64.745794,73.174514,60.609798,
12/31/2017,555.292,554.435,0.0,0.857,0.0,0.0,-346.023,180.798,57.18,123.618,11.904,157.1,,0.0,-3.779,209.269,28.217,52.523,-0.358,-80.382,237.486,0.0,0.0,0.0,237.573,0.0,0.0,0.0,237.486,0.01,237.573,,0.0,237.573,151.753,-85.82,138.110099,1.72,1.72,1.098783,138.245981,1.72,1.72,1.098783,,156.413,0.0,-92.845,0.057,301.208,9.673,310.881,-11.533,299.348,2.248717,2.165295,1.42,63.14712,65.579993,65.102521,
03/31/2018,560.792,559.906,0.0,0.886,0.0,0.0,-365.385,191.077,59.896,131.181,13.664,159.059,,0.0,1.585,195.407,-53.817,55.113,-1.74,0.444,141.59,0.0,0.0,0.0,141.643,0.0,0.0,0.0,141.59,0.011,141.643,,0.0,141.643,142.029,0.386,137.764468,1.03,1.03,1.030955,138.15317,1.03,1.03,1.030955,,158.483,,0.0,0.0,300.137,1.659,301.796,-12.524,289.272,2.184503,2.09385,1.47,67.292197,70.205606,67.691088,
06/30/2018,569.239,568.285,0.0,0.954,0.0,0.0,-363.771,191.877,59.994,131.883,15.209,156.685,,0.0,0.0,205.468,49.133,56.585,-0.789,-104.929,254.601,-0.058,,,254.662,0.0,0.0,0.0,254.543,0.011,254.662,,0.0,254.662,149.733,-104.929,137.840045,1.84,1.84,1.086281,138.21501,1.84,1.84,1.080828,,156.289,,-105.201,,305.761,2.014,307.775,-11.538,296.237,2.226784,2.143306,1.47,66.01448,68.585648,66.546093,
09/30/2018,575.982,575.07,0.0,0.912,0.0,0.0,-365.057,193.99,61.23,132.76,14.744,156.538,,0.0,-0.215,210.925,-18.489,54.097,-10.031,-25.577,192.436,-0.029,,,192.486,0.0,0.0,0.0,192.407,0.011,192.486,,0.0,192.486,166.355,-26.131,138.247503,1.39,1.39,1.203313,138.323064,1.39,1.39,1.201087,,156.204,,-27.243,-8.636,312.822,2.033,314.855,-10.878,303.977,2.27775,2.199055,1.47,64.537379,66.846888,64.999904,
12/31/2018,578.522,577.702,0.0,0.82,0.0,0.0,-368.182,191.526,60.442,131.084,14.105,158.914,,0.0,3.637,210.34,175.296,55.18,-2.71,-227.766,385.636,0.0,,,385.734,0.0,0.0,0.0,385.636,0.011,385.734,,0.0,385.734,158.794,-226.94,138.322285,2.79,2.79,1.148,138.463943,2.79,2.79,1.148,,158.838,0.0,-242.532,-2.019,300.032,19.489,319.521,-11.917,307.604,2.307612,2.221546,1.47,63.702228,66.17014,67.909423,
03/31/2019,566.184,565.045,0.0,1.139,0.0,0.0,-361.169,185.406,61.329,124.077,13.706,162.057,,0.0,0.0,205.015,-34.603,47.892,1.533,-14.822,170.412,0.006,,,170.366,0.0,0.0,0.0,170.418,0.011,170.366,,0.0,170.366,155.544,-14.822,138.331248,1.23,1.23,1.124431,138.832201,1.23,1.23,1.123238,,164.746,,-14.835,,320.288,-0.412,319.876,-12.14,307.736,2.304048,2.216604,1.52,65.970859,68.57337,66.242257,
06/30/2019,577.263,576.149,0.0,1.114,0.0,0.0,-379.48,197.822,62.187,135.635,18.965,162.693,,0.0,0.0,197.783,-29.478,50.01,-0.197,-20.335,168.305,0.0,,,168.281,0.0,0.0,0.0,168.305,0.012,168.281,,0.0,168.281,147.946,-20.335,139.11339,1.21,1.21,1.063492,139.618231,1.21,1.21,1.063492,,164.83,,-20.53,,312.593,3.929,316.522,-12.605,303.917,2.267054,2.176772,1.52,67.047381,69.82818,67.995445,
09/30/2019,587.613,586.382,0.0,1.231,0.0,0.0,-377.334,197.994,64.374,133.62,12.769,165.463,,0.0,1.108,210.279,80.614,51.493,-1.643,-130.464,290.893,-11.184,,,279.677,0.0,0.0,0.0,279.709,0.011,279.677,,0.0,279.677,149.213,-130.464,139.691534,2.0,2.0,1.068161,139.852674,2.0,2.0,1.067133,,165.673,,-130.484,0.0,314.877,12.026,326.903,-12.538,314.365,2.337481,2.24783,1.52,65.02726,67.62078,67.494927,
12/31/2019,593.566,592.089,0.0,1.477,0.0,0.0,-378.073,192.821,65.071,127.75,12.602,171.364,,,1.286,215.493,-45.997,54.19,-7.872,-0.321,169.496,-1.825,,,167.65,0.0,0.0,0.0,167.671,0.012,167.65,,0.0,167.65,167.329,-0.321,139.761996,1.2,1.2,1.197242,139.968027,1.2,1.2,1.197242,,171.314,,-0.256,-5.788,332.932,6.974,339.906,-11.25,328.656,2.428455,2.348079,1.52,62.591246,64.733764,64.291207,
03/31/2020,601.651,600.644,0.0,1.007,0.0,0.0,-397.584,202.353,67.026,135.327,17.32,177.911,,0.0,0.0,204.067,-35.97,55.914,-4.635,-15.309,168.097,-0.091,,,167.971,0.0,0.0,0.0,168.006,0.012,167.971,,0.0,167.971,152.662,-15.309,140.376996,1.19,1.19,1.087514,140.777873,1.19,1.19,1.081254,,177.428,,-24.436,0.0,320.975,14.782,335.757,-13.433,322.324,2.385013,2.289593,1.59,66.666315,69.444664,69.811979,
06/30/2020,576.405,575.479,0.0,0.926,0.0,0.0,-390.313,198.491,67.013,131.478,15.573,176.249,,0.0,0.0,186.092,-16.356,53.399,-0.512,-36.531,169.736,1.133,,,170.828,0.0,0.0,0.0,170.869,0.012,170.828,,0.0,170.828,135.645,-35.183,140.450744,1.21,1.21,0.965783,140.73816,1.21,1.21,0.960011,,175.558,,-35.295,,311.103,2.424,313.527,-11.05,302.477,2.227733,2.149218,1.59,71.373016,73.980393,72.0562,
09/30/2020,583.143,,,,,,,,,,,,,,,,,,,,131.5,,,,,,,,,,127.333,,,127.333,133.0,,,0.98,0.98,0.936,,0.98,0.98,0.936,,,,,,,,,,,,,,,,,
12/31/2020,586.286,,,,,,,,,,,,,,,,,,,,132.5,,,,,,,,,,130.667,,,130.667,136.875,,,0.995,0.995,0.928,,0.995,0.995,0.928,,,,,,,,,,,,,,,,,
