Date,Revenue,Sales & Services Revenue,Other Revenue,Cost of Revenue,Cost of Goods & Services,Gross Profit,Other Operating Income,Operating Expenses,"Selling, General & Admin",Other Operating Expense,Operating Income (Loss),Non-Operating (Income) Loss,"Interest Expense, Net",Interest Expense,Interest Income,Foreign Exch (Gain) Loss,Other Non-Op (Income) Loss,Pretax Income,Income Tax Expense (Benefit),Income (Loss) from Cont Ops,Net Extraordinary Losses (Gains),Discontinued Operations,XO & Accounting Changes,Income (Loss) Incl. MI,Minority Interest,"Net Income, GAAP",Preferred Dividends,Other Adjustments,"Net Income Avail to Common, GAAP","Net Income Avail to Common, Adj",Net Abnormal Losses (Gains),Basic Weighted Avg Shares,"Basic EPS, GAAP",Basic EPS from Cont Ops,"Basic EPS from Cont Ops, Adjusted",Diluted Weighted Avg Shares,"Diluted EPS, GAAP",Diluted EPS from Cont Ops,"Diluted EPS from Cont Ops, Adjusted",Source: Bloomberg
12/31/1989,1031.900024,,,,,,,,,,,,,,,,,,,,,,,,,-25.700001,,,-25.700001,-25.700001,,451.839996,-0.07625,-0.07625,,451.839996,-0.07625,-0.07625,-0.07625,
03/31/1990,703.799988,,,-273.5,,430.299988,,-379.299988,,,51.0,-23.2,,29.9,,,-6.7,27.8,-12.1,15.7,0.0,,,15.7,-0.5,15.2,-9.0,,6.2,6.2,,452.559998,0.01375,0.01375,,452.559998,0.01375,0.01375,0.01375,
06/30/1990,793.299988,,,-299.299988,,494.0,,-379.899994,,,114.099998,-26.7,,24.1,,,2.6,87.399998,-38.0,49.400002,0.0,,,49.399998,-1.9,47.5,-9.0,,38.5,38.5,,453.200012,0.085,0.085,,453.200012,0.085,0.085,0.085,
09/30/1990,830.799988,,,-313.700012,,517.099976,,-409.5,,,107.599998,-27.799999,,22.299999,,,5.5,79.799999,-34.700001,45.099998,0.0,,,45.099998,-0.5,44.599998,-9.0,,35.599998,35.599998,,455.040009,0.07875,0.07875,,455.040009,0.07875,0.07875,0.07875,
12/31/1990,1125.900024,,,-441.899994,,684.00003,,-514.200012,,,169.800003,-7.899999,,20.6,,26.5,-39.200001,161.900004,-70.599998,91.300003,0.0,,,91.300006,2.9,94.199997,-9.0,0.0,85.199997,85.199997,,455.204008,0.1875,0.1875,0.1875,455.204008,0.1875,0.1875,0.1875,
03/31/1991,769.599976,,,-307.100006,,462.499969,,-404.200012,,,58.299999,-25.8,,28.5,,,-2.7,32.499999,-14.1,18.4,0.0,,,18.399999,-0.1,18.299999,-9.0,,9.299999,9.299999,,463.200012,0.02,0.02,,463.200012,0.02,0.02,0.02,
06/30/1991,828.900024,,,-305.299988,,523.600037,,-411.600006,,,112.0,-19.600001,,27.200001,,,-7.6,92.399999,-39.0,53.400002,0.0,,,53.399999,-1.3,52.099998,-9.2,,42.899999,42.899999,,496.959991,0.08625,0.08625,,496.959991,0.08625,0.08625,0.08625,
09/30/1991,865.200012,,,-343.5,,521.700012,,-428.600006,,,93.099998,-9.1,,19.1,,,-10.0,83.999998,-35.700001,48.299999,75.0,,,-26.700003,-0.6,-27.299999,0.0,,-27.299999,-27.299999,,573.119995,-0.0475,0.08375,,573.119995,-0.0475,0.08375,0.08375,
12/31/1991,1129.599976,,,-444.100006,,685.49997,,-501.700012,,,183.800003,-21.0,,22.200001,,25.299999,-26.5,162.800003,-67.699997,95.099998,0.0,,,95.100006,2.0,97.099998,0.0,0.0,97.099998,97.099998,,574.104,0.16875,0.16875,0.16875,574.104,0.16875,0.16875,0.16875,
03/31/1992,810.200012,,,-312.899994,,497.300018,,-438.0,,,59.299999,-117.299997,,11.6,,,105.699997,-57.999998,16.1,-41.900002,0.0,,,-41.899998,-0.2,-42.099998,0.0,,-42.099998,-42.099998,,574.47998,-0.07375,-0.07375,,574.47998,-0.07375,-0.07375,-0.07375,
06/30/1992,886.299988,,,-337.0,,549.299988,,-437.799988,,,111.5,-7.8,,12.1,,,-4.3,103.7,-41.799999,61.900002,0.0,,,61.900001,-2.0,59.900002,0.0,,59.900002,59.900002,,574.559998,0.10375,0.10375,,574.559998,0.10375,0.10375,0.10375,
09/30/1992,938.799988,,,-371.200012,,567.599976,,-469.5,,,98.099998,-8.0,,10.2,,,-2.2,90.099999,-35.900002,54.200001,0.0,,,54.199997,-0.3,53.900002,0.0,,53.900002,53.900002,,574.320007,0.09375,0.09375,,574.320007,0.09375,0.09375,0.09375,
12/31/1992,1174.599976,,,-466.399994,,708.199982,,-518.5,,,189.699997,-13.8,,10.1,,17.0,-13.3,175.899997,-69.900002,106.0,0.0,,,105.999995,-2.7,103.300003,0.0,0.0,103.300003,103.300003,,574.968936,0.18,0.18,0.18,574.968936,0.18,0.18,0.18,
03/31/1993,841.900024,,,-322.899994,,519.000031,,-462.799988,,,56.200001,-15.7,,10.1,,,5.6,40.5,-16.200001,24.299999,117.5,,,-93.2,0.3,-92.900002,0.0,,-92.900002,-92.900002,,576.23999,-0.16125,0.0425,,576.23999,-0.16125,0.0425,0.0425,
06/30/1993,949.299988,,,-359.100006,,590.199982,,-466.899994,,,123.300003,-10.8,,11.5,,,-0.7,112.500003,-45.0,67.5,0.0,,,67.500003,-1.9,65.599998,0.0,,65.599998,65.599998,,576.400024,0.11375,0.11375,,576.400024,0.11375,0.11375,0.11375,
09/30/1993,957.099976,,,-368.5,,588.599976,,-493.0,,,95.599998,-10.4,,11.6,,,-1.2,85.199998,-31.0,54.200001,0.0,,,54.199998,-0.2,54.0,0.0,,54.0,54.0,,576.559998,0.09375,0.09375,,576.559998,0.09375,0.09375,0.09375,
12/31/1993,1259.300049,,,-493.100006,,766.200043,,-585.299988,,,180.899994,-0.700001,,12.0,,8.0,-19.299999,180.199993,-69.699997,110.5,0.0,,,110.499996,-5.1,105.400002,0.0,0.0,105.400002,105.400002,,577.119992,0.1825,0.1825,0.1825,577.119992,0.1825,0.1825,0.1825,
03/31/1994,913.599976,,,-361.5,,552.099976,,-489.299988,,,62.799999,-14.0,,14.5,,,-0.5,48.799999,-19.200001,29.6,45.200001,,,-15.600002,-0.1,-15.7,0.0,,-15.7,-15.7,,575.359985,-0.0275,0.05125,,575.359985,-0.0275,0.05125,0.05125,
06/30/1994,1007.200012,,,-389.100006,,618.100006,,-490.399994,,,127.699997,-7.7,,15.2,,,-7.5,119.999997,-46.799999,73.199997,22.200001,,,50.999997,-0.9,50.099998,0.0,,50.099998,50.099998,,566.880005,0.08875,0.1275,,566.880005,0.08875,0.1275,0.1275,
09/30/1994,1009.799988,,,-392.899994,,616.899994,,-515.200012,,,101.699997,-21.099999,,11.2,,,9.9,80.599998,-28.700001,51.900002,0.0,,,51.899997,-0.6,51.299999,0.0,,51.299999,51.299999,,561.359985,0.09125,0.09125,,561.359985,0.09125,0.09125,0.09125,
12/31/1994,1335.900024,,,-528.599976,,807.300048,,-603.900024,,,203.399994,-19.0,,9.9,,6.8,2.3,184.399994,-68.800003,115.599998,1.6,,,113.999991,-3.9,110.099998,0.0,,110.099998,110.099998,,555.44,0.19875,0.20125,0.20125,555.44,0.19875,0.20125,0.20125,
03/31/1995,976.200012,,,-387.299988,,588.900024,,-517.0,,,71.900002,-15.4,,9.0,,0.0,6.4,56.500001,-22.5,34.0,0.0,,,34.000001,0.4,34.400002,0.0,,34.400002,34.400002,,549.440002,0.0625,0.0625,,549.440002,0.0625,0.0625,0.0625,
06/30/1995,1064.0,,,-404.899994,,659.100006,,-523.099976,,,136.0,-2.3,,10.3,,0.0,-8.0,133.7,-53.400002,80.300003,0.0,,,80.299998,0.1,80.400002,0.0,,80.400002,80.400002,,547.679993,0.14625,0.14625,,547.679993,0.14625,0.14625,0.14625,
09/30/1995,1067.800049,,,-419.399994,,648.400055,,-551.299988,,,97.099998,-9.9,,11.4,,0.0,-1.5,87.199999,-31.4,55.799999,0.0,,,55.799999,-0.6,55.200001,0.0,,55.200001,55.200001,,544.159973,0.10125,0.10125,,544.159973,0.10125,0.10125,0.10125,
12/31/1995,1384.099976,,,-557.400024,,826.699952,,-624.200012,,,202.5,-14.9,,10.6,,8.3,-4.0,187.6,-69.099998,118.5,29.6,,,88.900002,-2.4,86.5,0.0,,86.5,86.5,,542.56,0.16,0.21375,0.21375,542.56,0.16,0.21375,0.21375,
03/31/1996,1016.099976,,,-401.600006,,614.499969,,-541.0,,,73.5,-13.7,,9.6,,,4.1,59.8,-22.700001,37.099998,0.0,,,37.099999,0.6,37.700001,0.0,,37.700001,37.700001,,538.039978,0.07,0.07,0.07,538.567993,0.07,0.07,0.07,
06/30/1996,1128.699951,,,-437.100006,,691.599945,,-546.0,,,145.600006,-6.9,,10.4,,,-3.5,138.700006,-52.700001,86.0,0.0,,,86.000006,-0.3,85.699997,0.0,,85.699997,85.699997,,535.640015,0.16,0.16,0.16,535.640015,0.16,0.16,0.16,
09/30/1996,1177.300049,,,-474.799988,,702.500061,,-597.599976,,,104.900002,-6.0,,10.9,,,-4.9,98.900002,-36.099998,62.799999,0.0,,,62.800004,-0.3,62.5,0.0,,62.5,62.5,,531.719971,0.1175,0.1175,0.1175,531.916016,0.1175,0.1175,0.1175,
12/31/1996,1492.099976,,,-607.700012,,884.399964,,-663.599976,,,220.800003,-7.8,5.5,9.1,-3.6,,2.3,213.000003,-79.900002,133.100006,0.0,,,133.100001,-1.1,132.0,0.0,,132.0,132.0,,531.200012,0.2475,0.2475,0.2475,535.840028,0.2475,0.2475,0.2475,
03/31/1997,1087.599976,,,-441.600006,,645.999969,,-572.900024,,,73.099998,-10.1,,9.6,,,0.5,62.999998,-23.299999,39.700001,0.0,,,39.699999,1.6,41.299999,0.0,,41.299999,41.299999,,531.52002,0.08,0.08,0.08,536.400024,0.0775,0.0775,0.0775,
06/30/1997,1225.0,,,-476.100006,,748.899994,,-591.900024,,,157.0,-6.5,,10.8,,,-4.3,150.5,-55.700001,94.800003,0.0,,,94.799999,0.4,95.199997,0.0,,95.199997,95.199997,,529.039978,0.18,0.18,0.18,533.599976,0.1775,0.1775,0.1775,
09/30/1997,1249.400024,,,-517.200012,,732.200012,,-614.700012,,,117.5,-9.6,,11.2,,,-1.6,107.9,-39.900002,68.0,0.0,,,67.999999,0.6,68.599998,0.0,,68.599998,68.599998,,529.159973,0.13,0.13,0.13,534.080017,0.1275,0.1275,0.1275,
12/31/1997,1517.400024,,,-616.099976,,901.300049,,-704.799988,,,196.5,17.000001,,10.2,,,-27.200001,213.500001,-79.0,134.5,0.0,,,134.500001,-0.8,133.699997,0.0,,133.699997,133.699997,,527.719971,0.2525,0.2525,0.22,531.880005,0.25,0.25,0.2175,
03/31/1998,1183.400024,,,-503.100006,,680.300018,,-626.099976,,,54.200001,-80.800003,,9.5,,,71.300003,-26.600002,-6.1,-32.700001,0.0,,,-32.700002,1.7,-31.0,0.0,,-31.0,-31.0,,527.119995,-0.06,-0.06,0.1,527.119995,-0.06,-0.06,0.1,
06/30/1998,1247.199951,,,-465.600006,,781.599945,,-603.0,,,178.600006,-5.0,,9.9,,,-4.9,173.600007,-63.900002,109.699997,0.0,,,109.700005,1.7,111.400002,0.0,,111.400002,111.400002,,527.099976,0.21,0.21,0.21,533.419983,0.21,0.21,0.21,
09/30/1998,1233.199951,,,-478.200012,,754.999939,,-626.299988,,,128.699997,-52.200001,,11.0,,,41.200001,76.499996,-36.700001,39.799999,0.0,,,39.799995,1.7,41.5,0.0,,41.5,41.5,,526.320007,0.08,0.08,0.15,531.559998,0.08,0.08,0.15,
12/31/1998,1548.900024,,,-606.099976,,942.800049,,-708.299988,,,234.5,-2.1,,10.6,,,-8.5,232.4,-84.099998,148.300003,0.0,,,148.300001,-0.2,148.100006,0.0,,148.100006,148.100006,,525.359985,0.28,0.28,0.28,530.460022,0.28,0.28,0.28,
03/31/1999,1213.8,,,-508.2,,705.6,,-641.7,,,63.9,-103.2,9.0,9.0,,,94.2,-39.3,-11.4,-50.7,0.0,,,-50.7,1.8,-48.9,0.0,,-48.9,-48.9,,524.0,-0.095,-0.095,0.14,524.0,-0.095,-0.095,0.14,
06/30/1999,1258.1,,,-451.7,,806.4,,-608.9,,,197.5,-9.1,8.0,10.2,-2.2,,1.1,188.4,-67.8,120.6,0.0,,,120.6,0.8,121.4,0.0,,121.4,121.4,,523.08,0.23,0.23,0.23,530.02,0.23,0.23,0.23,
09/30/1999,1250.6,,,-465.0,,785.6,,-639.4,,,146.2,-9.9,7.4,9.8,-2.4,,2.5,136.3,-47.8,88.5,0.0,,,88.5,-0.3,88.2,0.0,,88.2,88.2,,520.8,0.17,0.17,0.17,525.86,0.17,0.17,0.17,
12/31/1999,1566.6,,,-606.6,,960.0,,-700.0,,,260.0,-38.8,6.799999,10.1,-3.300001,,32.000001,221.2,-77.2,144.0,0.0,,,144.0,-2.3,141.7,0.0,,141.7,141.7,,486.72,0.29,0.29,0.29,490.02,0.29,0.29,0.29,
03/31/2000,1324.9,,,-497.3,,827.6,,-683.2,,,144.4,-28.4,18.1,19.9,-1.8,,10.3,116.0,-41.2,74.8,0.0,,,74.8,0.0,74.8,0.0,0.0,74.8,74.8,,475.28,0.155,0.155,0.155,478.3,0.155,0.155,0.155,
06/30/2000,1382.599976,,,-498.600006,,883.999969,,-673.599976,,,210.399994,-15.299999,,22.799999,,,-7.5,195.099995,-69.199997,125.900002,0.0,,,125.899998,-1.0,124.900002,0.0,0.0,124.900002,124.900002,,475.0,0.265,0.265,0.265,479.119995,0.26,0.26,0.26,
09/30/2000,1336.0,,,-490.200012,,845.799988,,-686.900024,,,158.899994,-14.599999,,22.4,,,-7.8,144.299994,-51.099998,93.199997,0.0,,,93.199996,-0.9,92.300003,0.0,0.0,92.300003,92.300003,,475.079987,0.195,0.195,0.195,491.019989,0.195,0.195,0.195,
12/31/2000,1648.4,,,-643.1,,1005.3,,-754.2,,,251.1,-9.0,17.1,19.6,-2.5,,-8.1,242.1,-42.3,199.8,0.0,,,199.8,-2.3,197.5,0.0,0.0,197.5,197.5,,475.94,0.415,0.405,0.335,495.0,0.405,0.395,0.33,
03/31/2001,1346.4,,,-512.5,,833.9,,-698.7,,,135.2,-8.7,17.7,19.7,-2.0,-0.2,-8.8,126.5,-44.5,82.0,0.3,,,81.7,0.0,81.7,0.0,0.0,81.7,81.7,,475.82,0.17,0.17,0.17,493.54,0.17,0.17,0.17,
06/30/2001,1462.7,,,-522.5,,940.2,,-704.4,,,235.8,-22.0,14.7,18.9,-4.2,,7.3,213.8,-74.6,139.2,,,,139.2,-1.5,137.7,,,137.7,137.7,,473.48,0.29,0.29,0.29,491.6,0.285,0.285,0.285,
09/30/2001,1412.8,,,-525.0,,887.8,,-722.3,,,165.5,-13.3,12.6,16.1,-3.5,,0.7,152.2,-51.3,100.9,0.0,,,100.9,-0.6,100.3,0.0,0.0,100.3,100.3,,472.56,0.21,0.21,0.22,491.46,0.21,0.21,0.22,
12/31/2001,1739.5,,,-671.5,,1068.0,,-794.5,,,273.5,-100.3,11.7,16.4,-4.7,-0.6,89.2,173.2,-60.5,112.7,0.0,,,112.7,-2.4,110.3,0.0,0.0,110.3,110.3,,472.84,0.235,0.235,0.375,491.88,0.23,0.23,0.37,
03/31/2002,1383.6,,,-518.5,,865.1,,-711.0,,,154.1,-4.8,8.9,13.4,-4.5,,-4.1,149.3,-52.0,97.3,,,,97.3,-1.1,96.2,,,96.2,96.2,,473.4,0.205,0.205,0.205,492.6,0.2,0.2,0.2,
06/30/2002,1513.5,,,-565.3,,948.2,,-718.8,,,229.4,12.1,8.9,12.9,-4.0,-9.2,-11.8,241.5,-84.0,157.5,0.0,,,157.5,-2.5,155.0,0.0,0.0,155.0,155.0,,472.86,0.33,0.33,0.33,492.56,0.32,0.32,0.32,
09/30/2002,1463.4,,,-544.6,,918.8,,-728.9,,,189.9,-46.4,11.0,14.2,-3.2,,35.4,143.5,-51.4,92.1,,,,92.1,-1.8,90.3,,,90.3,90.3,,471.76,0.19,0.19,0.19,489.68,0.19,0.19,0.19,
12/31/2002,1836.2,,,-716.0,,1120.2,,-821.1,,,299.1,2.0,8.0,11.5,-3.5,2.7,-12.7,301.1,-104.8,196.3,0.0,,,196.3,-3.3,193.0,0.0,0.0,193.0,193.0,,470.46,0.41,0.41,0.41,488.94,0.4,0.4,0.4,
03/31/2003,1465.7,,,-574.2,,891.5,,-743.6,,,147.9,6.5,7.4,9.9,-2.5,1.1,-15.0,154.4,-54.0,100.4,0.0,,,100.4,-1.5,98.9,0.0,0.0,98.9,98.9,,470.18,0.21,0.21,0.21,487.64,0.21,0.21,0.21,
06/30/2003,1632.0,,,-619.7,,1012.3,,-748.7,,,263.6,-1.2,7.6,10.6,-3.0,7.7,-14.1,262.4,-88.1,174.3,0.0,,,174.3,-2.8,171.5,0.0,0.0,171.5,171.5,,469.8,0.365,0.365,0.365,488.58,0.355,0.355,0.355,
09/30/2003,1604.5,,,-606.6,,997.9,,-803.1,,,194.8,1.5,3.7,6.5,-2.8,3.5,-8.7,196.3,-61.5,134.8,0.0,,,134.8,-1.7,133.1,0.0,0.0,133.1,133.1,,472.3,0.28,0.28,0.289,479.22,0.28,0.28,0.289,
12/31/2003,2085.899902,,,-811.900024,,1273.999878,,-912.799988,,,361.200012,19.2,,6.3,-4.3,3.6,-24.8,380.400012,-115.300003,265.100006,0.0,,,265.100009,-3.8,261.299988,0.0,0.0,261.299988,261.299988,,471.98001,0.555,0.555,0.55,477.279998,0.545,0.545,0.54,
03/31/2004,1751.2,,,-662.2,,1089.0,,-883.0,,,206.0,18.6,1.6,6.1,-4.5,2.0,-22.2,224.6,-73.9,150.7,0.0,,,150.7,-2.6,148.1,0.0,0.0,148.1,148.1,,471.56,0.315,0.315,0.315,476.6,0.31,0.31,0.31,
06/30/2004,1844.4,,,-673.8,,1170.6,,-867.0,,,303.6,11.9,5.9,9.8,-3.9,2.7,-20.5,315.5,-79.4,236.1,0.0,,,236.1,-3.8,232.3,0.0,0.0,232.3,232.3,,472.27,0.49,0.49,0.44,478.37,0.49,0.49,0.44,
09/30/2004,1806.2,,,-675.2,,1131.0,,-868.2,,,262.8,-4.8,2.7,8.2,-5.5,,2.1,258.0,-79.2,178.8,,,,178.8,-1.9,176.9,0.0,0.0,176.9,176.9,,473.08,0.37,0.37,0.37,479.36,0.37,0.37,0.37,
12/31/2004,2285.7,,,-906.4,,1379.3,,-996.0,,,383.3,6.1,,9.7,-6.7,3.6,-12.7,389.4,-98.1,291.3,0.0,,,291.3,-2.5,288.8,0.0,0.0,288.8,288.8,,472.26,0.61,0.61,0.63,477.25,0.61,0.61,0.63,
03/31/2005,1881.1,,,-698.2,,1182.9,,-922.4,,,260.5,-6.8,2.3,10.1,-7.8,1.9,2.6,253.7,-79.8,173.9,0.0,,,173.9,-1.9,172.0,0.0,0.0,172.0,172.0,,471.95,0.36,0.36,0.36,477.0,0.36,0.36,0.36,
06/30/2005,1963.9,,,-730.4,,1233.5,,-909.9,,,323.6,17.2,2.4,10.5,-8.1,3.9,-23.5,340.8,-10.3,330.5,0.0,,,330.5,-1.9,328.6,0.0,0.0,328.6,328.6,,471.45,0.7,0.7,0.5,475.57,0.69,0.69,0.49,
09/30/2005,1886.0,,,-724.5,,1161.5,,-914.4,,,247.1,-5.0,2.7,13.2,-10.5,0.0,2.3,242.1,-77.0,165.1,0.0,,,165.1,-1.3,163.8,0.0,0.0,163.8,163.8,,466.56,0.35,0.35,0.35,468.95,0.35,0.35,0.35,
12/31/2005,2418.6,,,-980.6,,1438.0,,-1120.2,,,317.8,-30.2,,20.3,-10.9,0.0,20.8,287.6,-102.6,185.0,0.0,,,185.0,-1.8,183.2,0.0,0.0,183.2,183.2,,455.36,0.4,0.4,0.5,456.51,0.4,0.4,0.5,
03/31/2006,2003.2,,,-779.7,,1223.5,,-1137.3,,,86.2,-14.9,13.3,26.5,-13.2,0.0,1.6,71.3,-14.5,56.8,0.0,,,56.8,-0.6,56.2,0.0,-1.9,54.3,54.3,,450.75,0.12,0.12,0.33,452.62,0.12,0.12,0.33,
06/30/2006,2079.5,,,-776.5,,1303.0,,-1077.7,,,225.3,-8.0,7.2,23.9,-16.7,0.0,0.8,217.3,-66.6,150.7,0.0,,,150.7,0.2,150.9,0.0,0.0,150.9,150.9,,449.36,0.34,0.34,0.41,451.87,0.33,0.33,0.4,
09/30/2006,2058.6,,,-814.8,,1243.8,,-1076.3,,,167.5,-18.5,13.0,23.9,-10.9,0.0,5.5,149.0,-61.5,87.5,0.0,,,87.5,-1.1,86.4,0.0,0.0,86.4,86.4,,446.36,0.19,0.19,0.19,447.93,0.19,0.19,0.19,
12/31/2006,2622.6,,,-1063.1,,1559.5,,-1233.4,,,326.1,-60.2,10.8,25.3,-14.5,,49.4,265.9,-80.8,185.1,0.0,,,185.1,-1.0,184.1,0.0,0.0,184.1,184.1,,443.24,0.42,0.42,0.487,445.48,0.41,0.41,0.477,
03/31/2007,2185.3,,,-836.7,,1348.6,,-1110.8,,,237.8,-14.8,14.2,26.5,-12.3,-1.1,1.7,223.0,-72.4,150.6,0.0,,,150.6,-0.6,150.0,0.0,0.0,150.0,150.0,,440.61,0.34,0.34,0.35,443.76,0.34,0.34,0.35,
06/30/2007,2328.8,,,-925.0,,1403.8,,-1216.9,,,186.9,-19.0,17.8,28.1,-10.3,-0.2,1.4,167.9,-54.2,113.7,0.0,,,113.7,-1.0,112.7,0.0,0.0,112.7,112.7,,434.85,0.26,0.26,0.38,438.45,0.26,0.26,0.38,
09/30/2007,2349.1,,,-889.0,,1460.1,,-1236.6,,,223.5,-15.8,19.0,29.2,-10.2,0.0,-3.2,207.7,-68.6,139.1,0.0,,,139.1,0.0,139.1,0.0,0.0,139.1,139.1,,430.03,0.32,0.32,0.32,433.03,0.32,0.32,0.32,
12/31/2007,3075.5,,,-1286.5,,1789.0,,-1564.5,,,224.5,-27.0,38.0,28.4,-9.4,-1.6,9.6,197.5,-67.6,129.9,0.0,,,129.9,-1.0,128.9,0.0,0.0,128.9,128.9,147.039,435.16,0.3,0.3,0.73,438.41,0.29,0.29,0.72,
03/31/2008,2501.7,,,-923.7,,1578.0,,-1281.8,,,296.2,-17.6,16.9,26.1,-9.2,0.0,0.7,278.6,-92.4,186.2,0.0,,,186.2,-1.5,184.7,0.0,0.0,184.7,184.7,,426.79,0.43,0.43,0.47,430.37,0.43,0.43,0.47,
06/30/2008,2736.1,,,-993.4,,1742.7,,-1368.8,,,373.9,-29.5,17.5,26.1,-8.6,0.0,12.0,344.4,-107.4,237.0,0.0,,,237.0,-1.4,235.6,0.0,0.0,235.6,235.6,,426.57,0.55,0.55,0.57,430.3,0.55,0.55,0.57,
09/30/2008,2644.7,,,-975.0,,1669.7,,-1358.6,,,311.1,6.1,14.5,24.6,-10.1,0.0,-20.6,317.2,-92.5,224.7,0.0,,,224.7,-2.1,222.6,0.0,0.0,222.6,222.6,,425.74,0.52,0.52,0.45,429.75,0.52,0.52,0.45,
12/31/2008,2807.6,,,-1057.0,,1750.6,,-1392.5,,,358.1,-60.0,,23.6,-9.2,0.0,45.6,298.1,-70.4,227.7,0.0,,,227.7,4.7,232.4,0.0,0.0,232.4,232.4,,426.33,0.55,0.55,0.56,427.7,0.54,0.54,0.55,
03/31/2009,2186.9,2157.7,29.2,-811.2,811.2,1375.7,0.0,-1207.3,1207.3,0.0,168.4,-21.7,17.5,24.8,-7.3,,4.2,146.7,-29.2,117.5,0.0,0.0,0.0,117.5,-0.2,117.3,0.0,0.0,117.3,127.1,9.8,426.37,0.27,0.27,0.298098,426.45,0.27,0.27,0.29298,
06/30/2009,2478.3,2445.7,32.6,-934.3,934.3,1544.0,0.0,-1361.1,1361.1,0.0,182.9,-23.0,23.2,27.9,-4.7,,-0.2,159.9,-75.3,84.6,0.0,0.0,0.0,84.6,-1.7,82.9,0.0,0.0,82.9,165.9,83.0,426.92,0.19,0.19,0.388597,428.22,0.19,0.19,0.383826,
09/30/2009,2559.0,2527.0,32.0,-954.8,954.8,1604.2,0.0,-1345.7,1345.7,0.0,258.5,-26.8,22.9,26.1,-3.2,,3.9,231.7,-74.1,157.6,0.0,0.0,0.0,157.6,-1.4,156.2,0.0,0.0,156.2,178.9,22.7,426.99,0.36,0.36,0.418979,429.61,0.36,0.36,0.412839,
12/31/2009,3134.0,3101.1,32.9,-1170.2,1170.2,1963.8,0.0,-1556.6,1556.6,0.0,407.2,-20.4,21.1,26.0,-4.9,,-0.7,386.8,-118.5,268.3,-0.2,-0.2,0.0,268.5,0.9,269.4,0.0,0.0,269.4,294.2,25.0,427.32,0.63,0.62,0.688477,427.32,0.62,0.62,0.678504,
03/31/2010,2446.3,2416.5,29.8,-934.7,934.7,1511.6,0.0,-1320.1,1320.1,0.0,191.5,-65.2,16.9,21.8,-4.9,,48.3,126.3,-83.6,42.7,-0.6,-0.6,0.0,43.3,-0.8,42.5,0.0,0.0,42.5,143.1,101.2,427.72,0.1,0.1,0.334565,431.06,0.1,0.1,0.334565,
06/30/2010,2628.5,2596.9,31.6,-962.1,962.1,1666.4,0.0,-1400.0,1400.0,0.0,266.4,-17.3,16.9,20.3,-3.4,,0.4,249.1,-84.1,165.0,-4.2,-4.2,0.0,169.2,-1.6,167.6,0.0,0.0,167.6,203.6,40.2,428.8,0.39,0.38,0.474813,432.1,0.39,0.38,0.473034,
09/30/2010,2612.4,2580.1,32.3,-933.0,933.0,1679.4,0.0,-1420.1,1420.1,0.0,259.3,-23.2,19.5,21.2,-1.7,,3.7,236.1,-68.9,167.2,-0.3,-0.3,0.0,167.5,-0.8,166.7,0.0,0.0,166.7,177.3,10.9,429.07,0.39,0.38,0.413219,432.37,0.38,0.38,0.40521,
12/31/2010,3175.6,3137.8,37.8,-1211.5,1211.5,1964.1,0.0,-1608.2,1608.2,0.0,355.9,-22.0,19.8,23.8,-4.0,,2.2,333.9,-113.6,220.3,-9.0,-9.0,0.0,229.3,0.2,229.5,0.0,0.0,229.5,259.0,38.5,429.41,0.53,0.51,0.603153,429.41,0.53,0.5,0.589658,
03/31/2011,2629.1,2591.5,37.6,-949.8,949.8,1679.3,0.0,-1432.8,1432.8,0.0,246.5,-21.6,17.9,22.7,-4.8,,3.7,224.9,-72.7,152.2,8.6,8.6,0.0,143.6,0.0,143.6,0.0,0.0,143.6,161.1,8.9,429.8,0.33,0.35,0.374826,432.0,0.33,0.35,0.370602,
06/30/2011,2856.4,2815.9,40.5,-1018.0,1018.0,1838.4,0.0,-1521.8,1521.8,0.0,316.6,-22.9,20.0,23.9,-3.9,,2.9,293.7,-85.0,208.7,0.0,0.0,0.0,208.7,-2.5,206.2,0.0,0.0,206.2,214.3,8.1,430.5,0.48,0.48,0.497793,432.6,0.47,0.47,0.488724,
09/30/2011,2762.4,2706.7,55.7,-998.3,998.3,1764.1,0.0,-1485.5,1485.5,0.0,278.6,-37.3,18.3,22.9,-4.6,,19.0,241.3,-76.1,165.2,0.0,0.0,0.0,165.2,-1.0,164.2,0.0,0.0,164.2,167.4,3.2,430.7,0.38,0.38,0.38867,432.2,0.38,0.38,0.387404,
12/31/2011,3043.7,2997.9,45.8,-1182.5,1182.5,1861.2,0.0,-1848.3,1585.3,263.0,12.9,-30.2,20.2,23.4,-3.2,,10.0,-17.3,17.6,0.3,0.0,0.0,0.0,0.3,-0.7,-0.4,0.0,0.0,-0.4,171.7,172.1,430.9,-0.000928,-0.000928,0.398468,431.8,-0.000928,-0.000928,0.397636,
03/31/2012,2575.4,2532.8,42.6,-1009.8,1009.8,1565.6,0.0,-1494.1,1494.1,0.0,71.5,-30.7,20.7,24.6,-3.9,,10.0,40.8,-13.2,27.6,0.0,0.0,0.0,27.6,-1.1,26.5,0.0,0.0,26.5,44.6,18.1,431.3,0.06,0.06,0.103408,432.1,0.06,0.06,0.101888,
06/30/2012,2558.2,2518.2,40.0,-949.7,949.7,1608.5,0.0,-1479.6,1479.6,0.0,128.9,-35.9,22.1,24.9,-2.8,,13.8,93.0,-27.9,65.1,2.4,2.4,0.0,62.7,-1.1,61.6,0.0,0.0,61.6,90.0,26.0,432.0,0.14,0.15,0.208333,432.8,0.14,0.15,0.208333,
09/30/2012,2510.6,2472.7,37.9,-971.2,971.2,1539.4,0.0,-1428.8,1384.8,44.0,110.6,-28.3,23.5,27.3,-3.8,,4.8,82.3,-46.1,36.2,3.6,3.6,0.0,32.6,-1.0,31.6,0.0,0.0,31.6,80.1,44.9,432.1,0.07,0.08,0.185374,432.5,0.07,0.08,0.183815,
12/31/2012,2999.1,2955.7,43.4,-1204.5,1204.5,1794.6,0.0,-1783.9,1574.9,209.0,10.7,-1.5,22.9,27.5,-4.6,,-21.4,9.2,-170.3,-161.1,0.0,0.0,0.0,-161.1,-1.1,-162.2,0.0,0.0,-162.2,160.4,322.6,432.1,-0.37,-0.37,0.37121,432.1,-0.37,-0.37,0.37121,
03/31/2013,2456.0,2407.1,48.9,-925.4,925.4,1530.6,0.0,-1356.6,1356.6,0.0,174.0,-144.7,27.4,29.4,-2.0,,117.3,29.3,-40.8,-11.5,1.1,1.1,0.0,-12.6,-1.1,-13.7,0.0,0.0,-13.7,111.5,124.1,432.5,-0.03,-0.03,0.257803,432.5,-0.03,-0.03,0.256936,
06/30/2013,2508.9,2466.8,42.1,-935.4,935.4,1573.5,0.0,-1371.3,1371.3,0.0,202.2,-56.9,28.3,31.1,-2.8,,28.6,145.3,-60.7,84.6,50.4,50.4,0.0,34.2,-2.3,31.9,0.0,0.0,31.9,124.6,42.3,433.5,0.07,0.19,0.287428,433.5,0.07,0.19,0.287428,
09/30/2013,2322.9,2265.3,57.6,-871.7,871.7,1451.2,0.0,-1383.0,1340.9,42.1,68.2,-36.6,26.9,30.3,-3.4,,9.7,31.6,-38.0,-6.4,-0.6,-0.6,0.0,-5.8,0.3,-5.5,0.0,0.0,-5.5,59.9,66.0,433.5,-0.01,-0.01,0.138178,433.5,-0.01,-0.01,0.138178,
12/31/2013,2667.2,2625.2,42.0,-1040.0,1040.0,1627.2,0.0,-1644.4,1644.4,0.0,-17.2,-26.4,12.1,29.8,-17.7,,14.3,-43.6,-24.1,-67.7,0.0,0.0,0.0,-67.7,-1.4,-69.1,0.0,0.0,-69.1,149.9,219.0,433.6,-0.16,-0.16,0.34571,433.6,-0.16,-0.16,0.345074,
03/31/2014,2183.6,2141.7,41.9,-955.4,955.4,1228.2,0.0,-1279.1,1279.1,0.0,-50.9,-90.1,23.7,27.5,-3.8,,66.4,-141.0,-26.2,-167.2,0.0,0.0,0.0,-167.2,-1.1,-168.3,0.0,0.0,-168.3,51.0,219.3,434.1,-0.38,-0.38,0.117484,434.1,-0.38,-0.38,0.117484,
06/30/2014,2188.6,2139.8,48.8,-810.7,810.7,1377.9,0.0,-1284.7,1284.7,0.0,93.2,-27.5,24.9,28.7,-3.8,,2.6,65.7,-45.8,19.9,0.0,0.0,0.0,19.9,-0.9,19.0,0.0,0.0,19.0,74.8,55.8,434.6,0.04,0.04,0.172112,434.6,0.04,0.04,0.168394,
09/30/2014,2138.2,2059.0,79.2,-813.9,813.9,1324.3,0.0,-1136.4,1136.4,0.0,187.9,-43.5,23.7,27.5,-3.8,,19.8,144.4,-52.4,92.0,0.0,0.0,0.0,92.0,-0.6,91.4,0.0,0.0,91.4,103.146,11.746,434.6,0.21,0.21,0.237335,434.6,0.21,0.21,0.237027,
12/31/2014,2014.1,1963.7,50.4,-776.3,776.3,1237.8,0.0,-1063.0,1063.0,0.0,174.8,-73.9,23.5,26.9,-3.4,,50.4,100.9,-406.3,-305.4,24.2,24.2,0.0,-329.6,-1.1,-330.7,0.0,0.0,-330.7,91.5,398.0,434.7,-0.75,-0.7,0.21049,434.7,-0.75,-0.7,0.21049,
03/31/2015,1552.1,1532.9,19.2,-611.7,611.7,940.4,0.0,-973.3,973.3,0.0,-32.9,-43.8,25.1,28.1,-3.0,,18.7,-76.7,-65.9,-142.6,3.8,3.8,0.0,-146.4,-0.9,-147.3,0.0,0.0,-147.3,14.5,158.0,434.9,-0.33,-0.33,0.033341,434.9,-0.33,-0.33,0.033302,
06/30/2015,1564.9,1544.5,20.4,-611.0,611.0,953.9,0.0,-864.2,864.2,0.0,89.7,-28.5,27.4,30.5,-3.1,,1.1,61.2,-32.3,28.9,-0.8,-0.8,0.0,29.7,-0.9,28.8,0.0,0.0,28.8,37.7,9.7,435.2,0.07,0.06,0.086627,435.2,0.07,0.06,0.082289,
09/30/2015,1436.2,1413.3,22.9,-559.0,559.0,877.2,0.0,-831.9,831.9,0.0,45.3,-14.3,26.0,29.6,-3.6,,-11.7,31.0,-699.0,-668.0,29.0,29.0,0.0,-697.0,0.0,-697.0,0.0,11.1,-685.9,-678.755,-21.855,435.4,-1.58,-1.51,-1.558923,435.4,-1.58,-1.51,-1.560195,
12/31/2015,1607.3,1585.8,21.5,-663.7,663.7,943.6,0.0,-880.7,873.8,6.9,62.9,-55.7,29.5,32.3,-2.8,,26.2,7.2,-22.0,-14.8,317.1,317.1,0.0,-331.9,-1.5,-333.4,0.0,0.0,-333.4,17.9,34.2,435.4,-0.76,-0.04,0.041112,435.4,-0.76,-0.04,0.038548,
03/31/2016,1306.5,1280.0,26.5,-518.8,518.8,787.7,0.0,-779.9,779.9,0.0,7.8,-165.9,28.7,32.7,-4.0,,137.2,-158.1,2.3,-155.8,9.6,9.6,0.0,-165.4,-0.5,-165.9,-1.8,-2.0,-169.7,-31.6,128.5,435.9,-0.38,-0.36,-0.072494,435.9,-0.38,-0.36,-0.072494,
06/30/2016,1434.3,1399.5,34.8,-565.0,565.0,869.3,0.0,-774.2,774.2,0.0,95.1,-23.2,27.9,33.2,-5.3,,-4.7,71.9,-36.1,35.8,2.6,2.6,0.0,33.2,-0.2,33.0,-5.9,-0.4,26.7,30.9,1.6,436.9,0.06,0.07,0.070726,436.9,0.06,0.07,0.070726,
09/30/2016,1408.8,1367.5,41.3,-550.9,550.9,857.9,0.0,-745.9,745.9,0.0,112.0,-37.4,30.9,34.4,-3.5,,6.5,74.6,-38.3,36.3,0.7,0.7,0.0,35.6,0.4,36.0,-6.1,-0.5,29.4,10.965,-19.135,437.4,0.07,0.07,0.025069,437.4,0.07,0.07,0.025069,
12/31/2016,1568.1,1531.8,36.3,-622.3,622.3,945.8,0.0,-836.9,836.9,0.0,108.9,-66.1,33.3,36.3,-3.0,,32.8,42.8,-52.5,-9.7,1.1,1.1,0.0,-10.8,0.1,-10.7,-5.6,0.1,-16.2,-52.225,-37.125,437.9,-0.036995,-0.034483,-0.119262,437.9,-0.036995,-0.034483,-0.119262,
03/31/2017,1333.1,1298.1,35.0,-517.1,517.1,816.0,0.0,-786.2,786.2,0.0,29.8,-36.5,30.4,35.1,-4.7,,6.1,-6.7,-29.8,-36.5,0.0,0.0,0.0,-36.5,0.0,-36.5,-5.7,0.5,-41.7,-32.7,9.0,438.6,-0.1,-0.1,-0.074555,438.6,-0.1,-0.1,-0.07948,
06/30/2017,1395.9,1353.5,42.4,-525.0,525.0,870.9,0.0,-838.2,838.2,0.0,32.7,-44.9,33.0,36.1,-3.1,,11.9,-12.2,-33.6,-45.8,0.0,0.0,0.0,-45.8,0.3,-45.5,-5.7,0.6,-50.6,-12.9,37.7,439.9,-0.12,-0.12,-0.029325,439.9,-0.12,-0.12,-0.034299,
09/30/2017,1417.8,1378.2,39.6,-550.0,550.0,867.8,0.0,-780.5,780.5,0.0,87.3,-39.3,31.4,34.8,-3.4,,7.9,48.0,-36.1,11.9,0.0,0.0,0.0,11.9,0.6,12.5,-5.8,-0.2,6.5,12.6,6.1,440.0,0.01,0.01,0.028636,440.0,0.01,0.01,0.023864,
12/31/2017,1568.8,1535.3,33.5,-611.2,611.2,957.6,0.0,-826.1,826.1,0.0,131.5,-39.9,31.2,34.8,-3.6,,8.7,91.6,-1.2,90.4,0.0,0.0,0.0,90.4,1.1,91.5,-5.9,-1.2,84.4,31.6,-52.8,440.3,0.191687,0.191687,0.071769,440.3,0.191687,0.191687,0.071769,
03/31/2018,1393.5,1309.6,83.9,-579.7,579.7,813.8,0.0,-768.9,768.9,0.0,44.9,-34.5,32.0,36.2,-4.2,,2.5,10.4,-31.5,-21.1,0.0,0.0,0.0,-21.1,0.8,-20.3,-5.9,0.2,-26.0,-8.0,18.0,440.9,-0.06,-0.06,-0.018145,440.9,-0.06,-0.06,-0.019174,
06/30/2018,1351.9,1268.8,83.1,-539.7,539.7,812.2,0.0,-759.2,759.2,0.0,53.0,-53.3,31.0,34.5,-3.5,,22.3,-0.3,-36.7,-37.0,0.0,0.0,0.0,-37.0,0.9,-36.1,-6.0,0.4,-41.7,-10.209,31.491,442.2,-0.09,-0.09,-0.023087,442.2,-0.09,-0.09,-0.023087,
09/30/2018,1424.2,1346.3,77.9,-538.4,538.4,885.8,0.0,-698.9,698.9,0.0,186.9,-4.8,27.0,31.3,-4.3,,-22.2,182.1,-68.3,113.8,0.0,0.0,0.0,113.8,0.7,114.5,-18.8,-1.4,94.3,-13.0,-107.3,442.3,0.21,0.21,-0.029392,442.3,0.21,0.21,-0.032596,
12/31/2018,1401.7,1323.0,78.7,-706.2,706.2,695.5,0.0,-745.1,745.1,0.0,-49.6,-34.5,29.3,32.6,-3.3,,5.2,-84.1,6.6,-77.5,0.0,0.0,0.0,-77.5,-0.1,-77.6,-6.2,-5.3,-89.1,24.962,114.062,442.4,-0.19,-0.19,0.056424,442.4,-0.19,-0.19,0.056424,
03/31/2019,1186.9,1116.2,70.7,-517.0,517.0,669.9,0.0,-673.8,673.8,0.0,-3.9,-0.6,31.5,33.2,-1.7,,-30.9,-4.5,-19.5,-24.0,9.5,9.5,0.0,-33.5,0.8,-32.7,0.0,0.0,-32.7,16.608,39.808,442.2,-0.09,-0.07,0.037558,442.2,-0.09,-0.07,0.020023,
06/30/2019,1174.8,1108.8,66.0,-497.5,497.5,677.3,0.0,-646.8,646.8,0.0,30.5,-9.2,29.2,30.7,-1.5,,-20.0,21.3,-27.2,-5.9,13.2,13.2,0.0,-19.1,-0.4,-19.5,-6.4,0.3,-25.6,26.375,38.775,442.3,-0.06,-0.03,0.059631,442.5,-0.06,-0.03,0.057627,
09/30/2019,1188.0,1117.2,70.8,-468.2,468.2,719.8,0.0,-622.1,622.1,0.0,97.7,46.7,29.9,32.0,-2.1,,-76.6,144.4,-31.5,112.9,6.3,6.3,0.0,106.6,0.3,106.9,-18.6,-1.6,86.7,25.627,-67.373,442.4,0.2,0.21,0.057927,442.6,0.2,0.21,0.057779,
12/31/2019,1213.5,1151.9,61.6,-527.4,527.4,686.1,0.0,-684.8,684.8,0.0,1.3,-24.1,29.3,31.7,-2.4,,-5.2,-22.8,-24.9,-47.7,7.6,7.6,0.0,-55.3,0.3,-55.0,-6.5,1.2,-60.3,-34.431,18.269,443.957016,-0.135824,-0.118705,-0.077555,443.957016,-0.135824,-0.118705,-0.077555,
03/31/2020,957.3,899.8,57.5,-421.0,421.0,536.3,0.0,-638.1,638.1,0.0,-101.8,-56.6,30.6,31.8,-1.2,,26.0,-158.4,-8.8,-167.2,4.7,4.7,0.0,-171.9,0.9,-171.0,0.0,0.0,-171.0,-91.171,75.129,101.34,-1.687389,-1.64101,-0.899655,101.34,-1.687389,-1.64101,-0.899655,
06/30/2020,606.5,573.1,33.4,-250.5,250.5,356.0,0.0,-406.1,406.1,0.0,-50.1,-32.2,31.4,31.7,-0.3,,0.8,-82.3,-6.1,-88.4,5.1,5.1,0.0,-93.5,0.7,-92.8,0.0,0.0,-92.8,-85.423,2.277,101.34,-0.915729,-0.865404,-0.842935,101.34,-0.915729,-0.865404,-0.842935,
09/30/2020,1199.0,,,,,,,,,,,,,,,,,,,,,,,,,,,,,,,,0.16,0.16,0.16,,0.16,0.16,0.16,
12/31/2020,1341.0,,,,,,,,,,,,,,,,,,,,,,,,,,,,,,,,0.05,0.05,0.05,,0.05,0.05,0.05,
