Date,Revenue,Sales & Services Revenue,Cost of Revenue,Cost of Goods & Services,Gross Profit,Other Operating Income,Operating Expenses,"Selling, General & Admin",Research & Development,Other Operating Expense,Operating Income (Loss),Non-Operating (Income) Loss,"Interest Expense, Net",Interest Expense,Interest Income,Foreign Exch (Gain) Loss,(Income) Loss from Affiliates,Other Non-Op (Income) Loss,Pretax Income,Income Tax Expense (Benefit),Income (Loss) from Cont Ops,Net Extraordinary Losses (Gains),Discontinued Operations,XO & Accounting Changes,Income (Loss) Incl. MI,Minority Interest,"Net Income, GAAP",Preferred Dividends,Other Adjustments,"Net Income Avail to Common, GAAP","Net Income Avail to Common, Adj",Net Abnormal Losses (Gains),Basic Weighted Avg Shares,"Basic EPS, GAAP",Basic EPS from Cont Ops,"Basic EPS from Cont Ops, Adjusted",Diluted Weighted Avg Shares,"Diluted EPS, GAAP",Diluted EPS from Cont Ops,"Diluted EPS from Cont Ops, Adjusted",Source: Bloomberg
05/04/1990,155.006989,,,,,,,,,,,,,,,,,,,,,,,,,,5.269,,,5.269,5.269,,119.999992,0.045,0.045,,119.999992,0.045,0.045,0.045,
08/31/1990,239.93898,,,,,,,,,,,,,,,,,,,,,,,,,,12.487,,,12.487,12.487,,123.479988,0.1,0.1,,123.479988,0.1,0.1,0.1,
11/23/1990,165.466995,,-100.116997,,65.349998,,-50.942001,,,,14.407989,-2.316,,2.316,,0.0,,0.0,12.091989,-4.71,7.381989,0.0,,,7.381989,0.0,7.381989,0.0,,7.381989,7.381989,,127.528,0.0575,0.0575,,127.528,0.0575,0.0575,0.0575,
02/15/1991,153.619003,,-94.627998,,58.991005,,-47.369999,,,,11.62099,-2.158,,2.158,,0.0,,0.0,9.46299,-3.69,5.772989,0.0,,,5.77299,0.0,5.772989,0.0,,5.772989,5.772989,,128.143997,0.045,0.045,,128.143997,0.045,0.045,0.045,
05/04/1991,185.041,,-111.541,,73.5,,-55.730999,,,,17.768999,-2.152,,2.152,,0.0,,0.0,15.616999,-6.0,9.617,0.0,,,9.616999,0.0,9.617,0.0,,9.617,9.617,,135.063995,0.07,0.07,,135.063995,0.07,0.07,0.07,
08/31/1991,313.834991,,-184.975006,,128.859985,,-93.311996,,,,35.548023,-0.669,,0.669,,0.0,,0.0,34.879023,-13.7,21.179022,0.0,,,21.179023,0.0,21.17902,0.0,,21.17902,21.17902,,144.392,0.1475,0.1475,0.1475,144.392,0.1475,0.1475,0.1475,
11/23/1991,215.813995,,-131.513,,84.300995,,-63.785,,,,20.516001,0.118,,0.0,,0.0,,-0.118,20.634001,-8.05,12.584,0.0,,,12.584001,0.0,12.584,0.0,,12.584,12.584,,145.072006,0.08675,0.0875,,145.072006,0.08675,0.0875,0.0875,
02/15/1992,197.052994,,-119.242996,,77.809998,,-59.880001,,,,17.93,0.091,,0.0,,0.0,,-0.091,18.021,-7.2,10.821,0.0,,,10.821,0.0,10.821,0.0,,10.821,10.821,,145.966003,0.075,0.075,,145.966003,0.075,0.075,0.075,
05/09/1992,239.751007,,-145.636993,,94.114014,,-70.499001,,,,23.615,0.222,,0.0,,0.0,,-0.222,23.837,-9.5,14.337,0.0,,,14.337,0.0,14.337,0.0,,14.337,14.337,,146.417999,0.1,0.1,,146.417999,0.1,0.1,0.1,
08/29/1992,349.709015,,-206.563004,,143.146011,,-101.537003,,,,41.609001,0.387,,0.0,,0.0,,-0.387,41.996001,-16.450001,25.546,0.0,,,25.546,0.0,25.546,0.0,,25.546,25.546,,146.188004,0.175,0.175,,146.188004,0.175,0.175,0.175,
11/21/1992,252.507996,,-150.942993,,101.565002,,-73.749001,,,,27.816,0.403,,0.0,,0.0,,-0.403,28.219,-11.1,17.118999,0.0,,,17.119,0.0,17.118999,0.0,,17.118999,17.118999,,146.498001,0.115,0.115,,146.498001,0.115,0.115,0.115,
02/13/1993,242.276993,,-146.356995,,95.919998,,-70.693001,,,,25.226999,0.603,,,,0.0,,-0.603,25.829999,-9.8,16.030001,0.0,,,16.029999,0.0,16.030001,0.0,,16.030001,16.030001,,147.671997,0.11,0.11,,147.671997,0.11,0.11,0.11,
05/08/1993,282.816986,,-171.737,,111.079987,,-79.260002,,,,31.82,0.529,,0.0,,0.0,,-0.529,32.349,-12.5,19.849001,0.0,,,19.849,0.0,19.849001,0.0,,19.849001,19.849001,,148.016006,0.135,0.135,,148.016006,0.135,0.135,0.135,
08/29/1993,439.19101,,-262.93399,,176.257019,,-120.358002,,,,55.898998,0.938,,0.0,,0.0,,-0.938,56.836998,-22.9,33.937,0.0,,,33.936999,0.0,33.937,0.0,,33.937,33.937,,147.552002,0.23,0.23,,147.552002,0.23,0.23,0.23,
11/20/1993,322.846008,,-191.735992,,131.110016,,-95.316002,,,,35.793999,0.826,,0.0,,0.0,,-0.826,36.619999,-14.6,22.02,0.0,,,22.019998,0.0,22.02,0.0,,22.02,22.02,,148.481995,0.15,0.15,,148.481995,0.15,0.15,0.15,
02/12/1994,303.203003,,-179.087997,,124.115005,,-89.875999,,,,34.238998,0.496,,,,0.0,,-0.496,34.734998,-13.8,20.934999,0.0,,,20.934998,0.0,20.934999,0.0,,20.934999,20.934999,,148.75,0.14,0.14,,148.75,0.14,0.14,0.14,
05/07/1994,358.158997,,-211.638,,146.520996,,-100.009003,,,,46.512001,0.296,,,,0.0,,-0.296,46.808001,-18.6,28.208,0.0,,,28.208001,0.0,28.208,0.0,,28.208,28.208,,148.884995,0.19,0.19,,148.884995,0.19,0.19,0.19,
08/27/1994,523.820984,,-303.605988,,220.214996,,-146.018005,,,,74.196999,0.626,,0.0,,0.0,,-0.626,74.822999,-29.6,45.223,0.0,,,45.222998,0.0,45.223,0.0,,45.223,45.223,,148.899994,0.304,0.304,,148.899994,0.304,0.304,0.304,
11/19/1994,389.763,,-230.945007,,158.817993,,-113.410004,,,,45.408001,0.426,,0.0,,0.0,,-0.426,45.834001,-18.200001,27.634001,0.0,,,27.634,0.0,27.634001,0.0,,27.634001,27.634001,,148.921997,0.19,0.19,,148.921997,0.19,0.19,0.19,
02/11/1995,364.061005,,-214.981003,,149.080002,,-109.878998,,,,39.201,0.197,,0.0,,0.0,,-0.197,39.398,-15.562,23.836,0.0,,,23.836,0.0,23.836,0.0,,23.836,23.836,,149.067001,0.16,0.16,,149.067001,0.16,0.16,0.16,
05/06/1995,425.483002,,-248.391998,,177.091003,,-123.976997,,,,53.113998,0.0,,0.0,,0.0,,0.0,53.113998,-20.700001,32.414001,0.0,,,32.413998,0.0,32.414001,0.0,,32.414001,32.414001,,149.197998,0.22,0.22,,149.197998,0.22,0.22,0.22,
08/26/1995,628.823975,,-362.714996,,266.108979,,-176.173996,,,,89.934998,0.0,,0.0,,0.0,,0.0,89.934998,-35.037998,54.896999,0.0,,,54.897,0.0,54.896999,0.0,,54.896999,54.896999,,149.419998,0.37,0.37,0.37,149.419998,0.37,0.37,0.37,
11/18/1995,463.028992,,-269.80899,,193.220001,,-137.822998,,,,55.396999,0.0,,0.0,,0.0,,0.0,55.396999,-20.6,34.797001,0.0,,,34.796999,0.0,34.797001,0.0,,34.797001,34.797001,,149.847,0.23,0.23,0.23,149.847,0.23,0.23,0.23,
02/10/1996,425.838013,,-249.804993,,176.03302,,-132.608994,,,,43.424,0.0,,0.0,,0.0,,0.0,43.424,-16.1,27.323999,0.0,,,27.323999,0.0,27.323999,0.0,,27.323999,27.323999,,150.085999,0.18,0.18,0.18,150.085999,0.18,0.18,0.18,
05/04/1996,524.174988,,-308.644012,,215.530975,,-155.098999,,,,60.431999,-0.727,,0.727,,0.0,,0.0,59.704999,-22.1,37.605,0.0,,,37.604999,0.0,37.605,0.0,,37.605,37.605,,151.541,0.25,0.25,0.25,151.541,0.25,0.25,0.25,
08/31/1996,829.591003,,-479.380005,,350.210998,,-240.529999,,,,109.681,-1.242,,1.242,,0.0,,0.0,108.439,-41.0,67.439003,0.0,,,67.439,0.0,67.439003,0.0,,67.439003,67.439003,,152.889008,0.45,0.45,0.45,152.889008,0.45,0.45,0.45,
11/23/1996,569.14502,,-328.846985,,240.298035,,-178.399994,,,,61.897999,-1.173,,1.173,,0.0,,0.0,60.724999,-22.75,37.974998,0.0,,,37.974999,0.0,37.974998,0.0,,37.974998,37.974998,,152.393997,0.25,0.25,0.25,152.393997,0.25,0.25,0.25,
02/15/1997,538.012024,,-311.056,,226.956024,,-177.738998,,,,49.216999,-2.11,,2.11,,0.0,,0.0,47.106999,-17.700001,29.407,0.0,,,29.406998,0.0,29.407,0.0,,29.407,29.407,,150.509003,0.2,0.2,0.2,152.251007,0.19,0.19,0.19,
05/10/1997,637.89502,,-368.920013,,268.975006,,-192.199997,,,,76.775002,-2.672,,2.672,,0.0,,0.0,74.103002,-28.0,46.103001,0.0,,,46.103002,0.0,46.103001,0.0,,46.103001,46.103001,,150.878998,0.31,0.31,0.31,152.602005,0.3,0.3,0.3,
08/30/1997,946.388,,-550.473022,,395.914978,,-262.45401,,,,133.460999,-2.888,,2.888,,0.0,,0.0,130.572999,-49.049999,81.523003,0.0,,,81.523,0.0,81.523003,0.0,,81.523003,81.523003,,151.145996,0.54,0.54,0.54,152.891998,0.53,0.53,0.53,
11/22/1997,675.273987,,-394.833008,,280.440979,,-201.792999,,,,78.648003,-2.502,,2.502,,0.0,,0.0,76.146003,-28.6,47.546001,0.0,,,47.546002,0.0,47.546001,0.0,,47.546001,47.546001,,151.697006,0.31,0.31,0.31,153.822998,0.31,0.31,0.31,
02/14/1998,607.096985,,-353.415985,,253.681,,-195.598999,,,,58.082001,-3.028,,3.028,,0.0,,0.0,55.054001,-20.700001,34.354,0.0,,,34.354,0.0,34.354,0.0,,34.354,34.354,,152.061005,0.23,0.23,0.23,153.701004,0.22,0.22,0.22,
05/09/1998,743.661011,,-432.580994,,311.080017,,-220.623001,,,,90.457001,-4.217,,4.217,,0.0,,0.0,86.240001,-32.299999,53.939999,0.0,,,53.940002,0.0,53.939999,0.0,,53.939999,53.939999,,152.365997,0.35,0.35,0.35,154.324005,0.35,0.35,0.35,
08/29/1998,1216.890015,,-709.017029,,507.872986,,-352.752991,,,,155.119995,-8.457,,8.457,,0.0,,0.0,146.662995,-54.599998,92.063004,0.0,,,92.062997,0.0,92.063004,0.0,,92.063004,92.063004,,152.514999,0.6,0.6,0.6,154.432007,0.6,0.6,0.6,
11/21/1998,900.949,,-524.467,,376.482,,-286.667,,,,89.815,-8.515,8.515,8.515,,0.0,,0.0,81.3,-30.0,51.3,0.0,,,51.3,0.0,51.3,0.0,0.0,51.3,51.3,,150.762,0.34,0.34,0.34,151.568,0.34,0.34,0.34,
02/13/1999,852.538,,-499.045,,353.493,,-286.22,,,,67.273,-10.234,10.234,10.234,,0.0,,0.0,57.039,-21.0,36.039,0.0,,,36.039,0.0,36.039,0.0,0.0,36.039,36.039,,149.929,0.24,0.24,0.24,151.669,0.24,0.24,0.24,
05/08/1999,970.236,,-561.303,,408.933,,-304.621,,,,104.312,-11.177,11.2,11.2,,0.0,,-0.023,93.135,-34.4,58.735,0.0,,,58.735,0.0,58.735,0.0,0.0,58.735,58.735,,149.132,0.39,0.39,0.4,150.729,0.39,0.39,0.4,
08/28/1999,1392.668945,,-800.155029,,592.513916,,-420.819,,,,171.695007,-15.386,,15.386,,0.0,,0.0,156.309008,-57.601002,98.709999,0.0,,,98.708006,0.0,98.709,0.0,,98.709,98.709,,146.929001,0.67,0.67,0.67,147.858994,0.67,0.67,0.67,
11/20/1999,1006.472,,-584.956,,421.516,,-315.768,,,,105.748,-14.604,14.604,14.604,,0.0,,0.0,91.144,-35.1,56.044,0.0,,,56.044,0.0,56.044,0.0,0.0,56.044,56.044,,139.261,0.4,0.4,0.4,140.056,0.4,0.4,0.4,
02/12/2000,924.164,,-535.737,,388.427,,-308.414,,,,80.013,-16.452,16.452,16.452,,0.0,,0.0,63.561,-24.5,39.061,0.0,,,39.061,0.0,39.061,0.0,0.0,39.061,39.061,,138.056,0.28,0.28,0.28,139.085,0.28,0.28,0.28,
05/06/2000,1059.415,,-609.497,,449.918,,-323.234,,,,126.684,-17.419,17.4,17.4,,0.0,,0.019,109.265,-42.0,67.265,0.0,,,67.265,0.0,67.265,0.0,0.0,67.265,67.265,,133.322,0.5,0.5,0.5,134.424,0.5,0.5,0.5,
08/26/2000,1492.645,,-872.196,,620.449,,-420.874,420.874,,0.0,199.575,-28.355,28.355,,,0.0,,0.0,171.22,-66.0,105.22,0.0,,,105.22,0.0,105.22,0.0,0.0,105.22,105.22,,124.095,0.85,0.85,0.85,124.9,0.84,0.84,0.84,
11/18/2000,1063.566,,-618.001,,445.565,,-334.797,,,,110.768,-22.98,23.0,23.0,,0.0,,-0.02,87.788,-34.0,53.788,0.0,,,53.788,0.0,53.788,0.0,0.0,53.788,53.788,,116.717,0.46,0.46,0.46,117.05,0.46,0.46,0.46,
02/10/2001,973.999,,-576.666,,397.333,,-320.053,,,,77.28,-25.544,25.5,25.5,,0.0,,0.044,51.736,-20.0,31.736,0.0,,,31.736,0.0,31.736,0.0,0.0,31.736,31.736,,113.908,0.28,0.28,0.28,114.496,0.28,0.28,0.28,
05/05/2001,1139.957,,-657.379,,482.578,,-354.712,,,,127.866,-23.841,23.8,23.8,,0.0,,0.041,104.025,-40.5,63.525,0.0,,,63.525,0.0,63.525,0.0,0.0,63.525,63.525,,112.364,0.57,0.57,0.57,113.037,0.56,0.56,0.56,
08/25/2001,1640.662964,,-952.849976,,687.812988,,-494.546997,,,,193.266006,-149.789001,,,,0.0,,149.789001,43.477005,-17.0,26.476999,0.0,,,26.477005,0.0,26.476999,0.0,0.0,26.476999,26.476999,,109.468002,0.24,0.24,1.09,111.415001,0.24,0.24,1.07,
11/17/2001,1176.052,,-659.916,,516.136,,-360.632,,,,155.504,-19.427,19.4,19.4,,0.0,,0.027,136.077,-52.0,84.077,0.0,,,84.077,0.0,84.077,0.0,0.0,84.077,84.077,,107.984,0.78,0.78,0.78,110.605,0.76,0.76,0.76,
02/09/2002,1081.311,,-606.411,,474.9,,-353.751,,,,121.149,-18.278,18.3,18.3,,0.0,,-0.022,102.871,-39.1,63.771,0.0,,,63.771,0.0,63.771,0.0,0.0,63.771,63.771,,106.846,0.6,0.6,0.6,109.797,0.58,0.58,0.58,
05/04/2002,1224.81,,-682.826,,541.984,,-359.551,,,,182.433,-17.419,17.4,17.4,,0.0,,0.019,165.014,-62.7,102.314,0.0,,,102.314,0.0,102.314,0.0,0.0,102.314,102.314,,103.961,0.98,0.98,0.98,106.644,0.96,0.96,0.96,
08/31/2002,1843.337,,-1000.97,,842.367,,-530.445,,,,311.922,-24.736,25.197,43.6017,,0.0,,-0.461,287.186,-109.2,177.986,0.0,,,177.986,0.0,177.986,0.0,0.0,177.986,177.986,,98.993,1.8,1.8,1.8,101.398,1.76,1.76,1.76,
11/23/2002,1218.635,,-669.245,,549.39,,-361.064,,,,188.326,-19.105,19.1,19.1,,0.0,,0.005,169.221,-64.31,104.911,0.0,,,104.911,0.0,104.911,0.0,0.0,104.911,104.911,,98.808,1.06,1.06,1.06,101.206,1.04,1.04,1.04,
02/15/2003,1120.696,,-624.697,,495.999,,-348.501,,,,147.498,-19.633,19.6,19.6,,0.0,,0.033,127.865,-48.59,79.275,0.0,,,79.275,0.0,79.275,0.0,0.0,79.275,79.275,,98.446,0.81,0.81,0.81,100.393,0.79,0.79,0.79,
05/10/2003,1288.445,,-689.622,,598.823,,-376.94,,,,221.883,-19.353,19.4,19.4,,0.0,,-0.047,202.53,-76.553,125.977,0.0,,,125.977,0.0,125.977,0.0,0.0,125.977,125.977,,94.666,1.33,1.33,1.3,96.811,1.3,1.3,1.27,
08/30/2003,1829.347,,-958.55,,870.797,0.0,-510.707,,,,360.09,-26.699,26.699,,,,,0.0,333.391,-125.95,207.441,,,,207.441,0.0,207.441,0.0,0.0,207.441,207.441,,89.504,2.32,2.32,2.46627,91.32,2.27,2.27,2.417225,
11/22/2003,1282.04,,-668.95,,613.09,0.0,-397.985,397.985,,0.0,215.105,-20.26,20.26,20.3,-0.04,0.0,,0.0,194.845,-73.1,121.745,0.0,,,121.745,0.0,121.745,0.0,0.0,121.745,121.745,,88.741,1.37,1.37,1.26,90.422,1.35,1.35,1.24,
02/14/2004,1159.236,,-594.925,,564.311,,-395.785,,,,168.526,-21.922,21.9,21.9,,0.0,,0.022,146.604,-54.95,91.654,0.0,,,91.654,0.0,91.654,0.0,0.0,91.654,91.654,,86.618,1.06,1.06,1.06,88.028,1.04,1.04,1.04,
05/08/2004,1360.022,,-683.835,,676.187,,-424.866,,,,251.321,-21.91,21.9,21.9,,0.0,,0.01,229.411,-86.0,143.411,0.0,,,143.411,0.0,143.411,0.0,0.0,143.411,143.411,,83.897,1.71,1.71,1.63,85.202,1.68,1.68,1.6,
08/28/2004,1835.728,,-932.737,,902.991,0.0,-539.236,539.236,,0.0,363.755,-28.713,28.713,29.731,-1.018,,,0.0,335.042,-125.65,209.392,0.0,,,209.392,0.0,209.392,0.0,0.0,209.392,209.392,,81.755,2.56,2.56,2.56,82.887,2.53,2.53,2.53,
11/20/2004,1286.203,,-665.402,,620.801,0.0,-404.488,404.488,,0.0,216.313,-21.79,21.79,21.8,-0.01,0.0,,0.0,194.523,-72.0,122.523,0.0,,,122.523,0.0,122.523,0.0,0.0,122.523,122.523,,79.711,1.54,1.54,1.54,80.748,1.52,1.52,1.52,
02/12/2005,1204.055,,-621.684,,582.371,,-433.652,,,,148.719,-23.645,23.645,23.645,,0.0,,0.0,125.074,-30.981,94.093,0.0,,,94.093,0.0,94.093,0.0,0.0,94.093,94.093,,79.692,1.18,1.18,0.99,80.86,1.16,1.16,0.97,
05/07/2005,1338.387,,-665.284,,673.103,,-413.641,,,,259.462,-24.223,24.223,24.223,,0.0,,0.0,235.239,-87.45,147.789,0.0,,,147.789,0.0,147.789,0.0,0.0,147.789,147.789,,78.521,1.88,1.88,1.88,79.494,1.86,1.86,1.86,
08/27/2005,1882.237,,-965.964,,916.273,,-565.103,,,,351.17,-32.785,-1.162,82.894,,0.0,,33.947,318.385,-111.771,206.614,0.0,,,206.614,0.0,206.614,0.0,0.0,206.614,206.614,,76.778,2.69,2.69,2.61,77.574,2.66,2.66,2.59,
11/19/2005,1338.076,,-682.547,,655.529,,-450.236,,,,205.293,-23.739,23.739,23.739,,0.0,,0.0,181.554,-67.18,114.374,0.0,,,114.374,0.0,114.374,0.0,0.0,114.374,114.374,,76.588,1.49,1.49,1.575,77.152,1.48,1.48,1.565,
02/11/2006,1253.815,,-637.625,,616.19,,-437.845,,,,178.345,-24.333,24.333,24.333,,0.0,,0.0,154.012,-56.99,97.022,0.0,,,97.022,0.0,97.022,0.0,0.0,97.022,97.022,,76.784,1.26,1.26,1.3,77.474,1.25,1.25,1.29,
05/06/2006,1417.433,,-713.392,,704.041,,-450.872,,,,253.169,-24.921,24.921,24.921,,0.0,,0.0,228.248,-83.82,144.428,0.0,,,144.428,0.0,144.428,0.0,0.0,144.428,144.428,,75.909,1.9,1.9,1.93,76.583,1.89,1.89,1.92,
08/26/2006,1939.031,,-976.27,,962.761,,-589.643,,,,373.118,-34.896,,34.896,,0.0,,0.0,338.222,-124.771,213.451,0.0,,,213.451,0.0,213.451,0.0,0.0,213.451,213.451,,72.561,2.94,2.94,2.94,73.133,2.92,2.92,2.92,
11/18/2006,1393.069,,-707.774,,685.295,,-462.299,,,,222.996,-27.093,27.093,27.093,,0.0,,0.0,195.903,-72.014,123.889,0.0,,,123.889,0.0,123.889,0.0,0.0,123.889,123.889,,71.082,1.74,1.74,1.74,71.813,1.73,1.73,1.73,
02/10/2007,1300.357,,-661.145,,639.212,,-450.289,,,,188.923,-26.818,26.818,,,0.0,,0.0,162.105,-59.089,103.016,0.0,,,103.016,0.0,103.016,0.0,0.0,103.016,103.016,,70.476,1.46,1.46,1.46,71.227,1.45,1.45,1.45,
05/05/2007,1473.671,,-738.272,,735.399,,-470.422,,,,264.977,-27.115,27.115,27.115,,0.0,,0.0,237.862,-86.271,151.591,0.0,,,151.591,0.0,151.591,0.0,0.0,151.591,151.591,,69.142,2.19,2.19,2.19,69.901,2.17,2.17,2.17,
08/25/2007,2002.707,,-998.363,,1004.344,,-625.975,625.975,,0.0,378.369,-38.09,38.09,42.285,,0.0,,0.0,340.279,-123.104,217.175,0.0,,,217.175,0.0,217.175,0.0,0.0,217.175,217.175,,66.554,3.26,3.26,3.26,67.287,3.23,3.23,3.23,
11/17/2007,1455.655,,-729.207,,726.448,0.0,-489.073,489.073,,0.0,237.375,-28.062,28.062,,,0.0,,0.0,209.313,-76.797,160.578,0.0,,,132.516,0.0,132.516,0.0,0.0,132.516,132.516,,64.855,2.04,2.04,2.04,65.444,2.02,2.02,2.02,
02/09/2008,1339.244,,-671.449,,667.795,0.0,-470.91,470.91,,0.0,196.885,-28.588,28.588,,,0.0,,0.0,168.297,-61.593,106.704,0.0,,,106.704,0.0,106.704,0.0,0.0,106.704,106.704,,63.201,1.69,1.69,1.69,63.74,1.67,1.67,1.67,
05/03/2008,1517.293,,-755.287,,762.006,0.0,-488.972,488.972,,0.0,273.034,-25.331,25.331,25.331,,0.0,,0.0,247.703,-89.065,158.638,0.0,,,158.638,0.0,158.638,0.0,0.0,158.638,158.638,,63.237,2.51,2.51,2.51,63.792,2.49,2.49,2.49,
08/30/2008,2210.514,,-1098.702,,1111.812,,-694.973,694.973,,0.0,416.839,-34.764,34.764,,,0.0,,0.0,382.075,-138.328,243.747,0.0,,,243.747,0.0,243.747,0.0,0.0,243.747,243.747,,62.238,3.92,3.92,3.92,62.861,3.88,3.88,3.88,
11/22/2008,1478.292,1478.292,-737.101,737.101,741.191,0.0,-502.652,502.652,,0.0,238.539,-31.166,31.166,,,,,0.0,207.373,-76.002,131.371,0.0,0.0,0.0,131.371,0.0,131.371,0.0,0.0,131.371,131.371,0.0,58.325,2.25,2.25,2.25,58.915,2.23,2.23,2.23,
02/14/2009,1447.877,1447.877,-728.579,728.579,719.298,0.0,-504.602,504.602,,0.0,214.696,-31.907,31.907,,,,,0.0,182.789,-66.925,115.864,0.0,0.0,0.0,115.864,0.0,115.864,0.0,0.0,115.864,115.864,0.0,56.517,2.05,2.05,2.05,57.165,2.03,2.03,2.03,
05/09/2009,1658.16,1658.16,-825.253,825.253,832.907,0.0,-527.675,527.675,,0.0,305.232,-31.482,31.482,,,,,0.0,273.75,-100.061,173.689,0.0,0.0,0.0,173.689,0.0,173.689,0.0,0.0,173.689,173.689,0.0,54.652,3.18,3.18,3.18,55.456,3.13,3.13,3.13,
08/29/2009,2232.494,2232.494,-1109.441,1109.441,1123.053,0.0,-705.457,705.457,,0.0,417.596,-47.762,47.762,52.381,-4.619,,,0.0,369.834,-133.708,236.126,0.0,0.0,0.0,236.126,0.0,236.126,0.0,0.0,236.126,236.126,0.0,52.546,4.49,4.49,4.49,53.323,4.43,4.43,4.43,
11/21/2009,1589.244,1589.244,-789.32,789.32,799.924,0.0,-539.496,539.496,,0.0,260.428,-36.34,36.34,36.34,0.0,,,0.0,224.088,-80.788,143.3,0.0,0.0,0.0,143.3,0.0,143.3,0.0,0.0,143.3,143.3,0.0,50.114,2.86,2.86,2.86,50.824,2.82,2.82,2.82,
02/13/2010,1506.225,1506.225,-752.489,752.489,753.736,0.0,-523.355,523.355,,0.0,230.381,-36.309,36.309,,,,,0.0,194.072,-70.739,123.333,0.0,0.0,0.0,123.333,0.0,123.333,0.0,0.0,123.333,123.333,0.0,49.436,2.49,2.49,2.49,50.186,2.46,2.46,2.46,
05/08/2010,1821.99,1821.99,-898.869,898.869,923.121,0.0,-567.256,567.256,,0.0,355.865,-36.833,36.833,,,,,0.0,319.032,-116.287,202.745,0.0,0.0,0.0,202.745,0.0,202.745,0.0,0.0,202.745,202.745,0.0,48.377,4.19,4.19,4.19,49.212,4.12,4.12,4.12,
08/28/2010,2445.159,2445.159,-1210.196,1210.196,1234.963,0.0,-762.223,762.223,,0.0,472.74,-49.427,49.427,163.49339,-114.06639,,,0.0,423.313,-154.38,268.933,0.0,0.0,0.0,268.933,,268.933,0.0,0.0,268.933,268.933,0.0,46.64,5.77,5.77,5.77,47.543,5.66,5.66,5.66,
11/20/2010,1791.662,1791.662,-883.914,883.914,907.748,0.0,-601.627,601.627,,0.0,306.121,-37.253,37.253,,,,,0.0,268.868,-96.792,172.076,0.0,0.0,0.0,172.076,0.0,172.076,0.0,0.0,172.076,172.076,0.0,44.669,3.85,3.85,3.85,45.634,3.77,3.77,3.77,
02/12/2011,1660.946,1660.946,-815.335,815.335,845.611,0.0,-573.863,573.863,,0.0,271.748,-39.576,39.576,,,,,0.0,232.172,-84.116,148.056,0.0,0.0,0.0,148.056,0.0,148.056,0.0,0.0,148.056,148.056,0.0,43.399,3.41,3.41,3.41,44.378,3.34,3.34,3.34,
05/07/2011,1978.369,1978.369,-964.839,964.839,1013.53,0.0,-620.605,620.605,,0.0,392.925,-39.916,39.916,,,,,0.0,353.009,-125.636,227.373,0.0,0.0,0.0,227.373,0.0,227.373,0.0,0.0,227.373,227.373,0.0,41.978,5.42,5.42,5.42,42.955,5.29,5.29,5.29,
08/27/2011,2641.996,2641.996,-1289.422,1289.422,1352.574,0.0,-828.564,828.564,0.0,0.0,524.01,-53.813,53.813,,,0.0,0.0,0.0,470.197,-168.728,301.469,0.0,0.0,0.0,301.469,0.0,301.469,0.0,0.0,301.469,301.469,0.0,41.019,7.35,7.35,7.35,41.984,7.18,7.18,7.18,
11/19/2011,1924.341,1924.341,-940.714,940.714,983.627,0.0,-642.693,642.693,,0.0,340.934,-39.094,39.094,,,,,0.0,301.84,-110.715,191.125,0.0,0.0,0.0,191.125,0.0,191.125,0.0,0.0,191.125,191.125,0.0,39.865,4.79,4.79,4.79,40.864,4.68,4.68,4.68,
02/11/2012,1804.069,1804.069,-877.854,877.854,926.215,0.0,-625.564,625.564,,0.0,300.651,-38.923,38.923,,,,,0.0,261.728,-94.798,166.93,0.0,0.0,0.0,166.93,0.0,166.93,0.0,0.0,166.93,166.93,0.0,39.281,4.25,4.25,4.25,40.237,4.15,4.15,4.15,
05/05/2012,2111.866,2111.866,-1022.067,1022.067,1089.799,0.0,-662.549,662.549,,0.0,427.25,-39.743,39.743,,,,,0.0,387.507,-138.921,248.586,0.0,0.0,0.0,248.586,0.0,248.586,0.0,0.0,248.586,248.586,0.0,38.644,6.43,6.43,6.43,39.59,6.28,6.28,6.28,
08/25/2012,2763.585,2763.585,-1331.191,1331.191,1432.394,0.0,-872.338,872.338,,0.0,560.056,-58.145,58.145,,,,,0.0,501.911,-178.178,323.733,0.0,0.0,0.0,323.733,0.0,323.733,0.0,0.0,323.733,323.733,0.0,37.421,8.65,8.65,8.65,38.262,8.46,8.46,8.46,
11/17/2012,1991.04,1991.04,-959.174,959.174,1031.866,0.0,-668.59,668.59,,0.0,363.276,-41.104,41.104,,,,,0.0,322.172,-118.72,203.452,0.0,0.0,0.0,203.452,0.0,203.452,0.0,0.0,203.452,203.452,0.0,36.845,5.52,5.52,5.52,37.586,5.41,5.41,5.41,
02/09/2013,1855.198,1855.198,-893.217,893.217,961.981,0.0,-644.41,644.41,,0.0,317.571,-41.323,41.323,,,,,0.0,276.248,-100.001,176.247,0.0,0.0,0.0,176.247,0.0,176.247,0.0,0.0,176.247,176.247,0.0,36.258,4.86,4.86,4.86,36.904,4.78,4.78,4.78,
05/04/2013,2205.878,2205.878,-1063.165,1063.165,1142.713,0.0,-686.683,686.683,,0.0,456.03,-42.091,42.091,,,,,0.0,413.939,-148.356,265.583,0.0,0.0,0.0,265.583,0.0,265.583,0.0,0.0,265.583,265.583,0.0,35.922,7.39,7.39,7.39,36.529,7.27,7.27,7.27,
08/31/2013,3095.414,3095.414,-1491.038,1491.038,1604.376,0.0,-968.156,968.156,,0.0,636.22,-60.896,60.896,60.896,0.0,,,0.0,575.324,-204.125,371.199,0.0,0.0,0.0,371.199,0.0,371.199,0.0,0.0,371.199,371.199,0.0,35.047,10.59,10.59,10.59,35.625,10.42,10.42,10.42,
11/23/2013,2093.578,2093.578,-1007.881,1007.881,1085.697,0.0,-701.971,701.971,,0.0,383.726,-42.431,42.431,,,,,0.0,341.295,-123.208,218.087,0.0,0.0,0.0,218.087,0.0,218.087,0.0,0.0,218.087,218.087,0.0,34.111,6.39,6.39,6.39,34.676,6.29,6.29,6.29,
02/15/2014,1990.494,1990.494,-953.459,953.459,1037.035,0.0,-699.691,699.691,,0.0,337.344,-39.49,39.49,,,,,0.0,297.854,-105.024,192.83,0.0,0.0,0.0,192.83,0.0,192.83,0.0,0.0,192.83,192.83,0.0,33.647,5.73,5.73,5.73,34.261,5.63,5.63,5.63,
05/10/2014,2341.545,2341.545,-1124.587,1124.587,1216.958,0.0,-738.006,738.006,,0.0,478.952,-36.162,36.162,,,,,0.0,442.79,-157.633,285.157,0.0,0.0,0.0,285.157,0.0,285.157,0.0,0.0,285.157,285.157,0.0,33.073,8.62,8.62,8.62,33.716,8.46,8.46,8.46,
08/30/2014,3049.696,3049.696,-1454.48,1454.48,1595.216,0.0,-965.015,965.015,,0.0,630.201,-49.426,49.426,49.426,0.0,,,0.0,580.775,-207.104,373.671,0.0,0.0,0.0,373.671,0.0,373.671,0.0,0.0,373.671,373.671,0.0,32.495,11.5,11.5,11.5,33.129,11.28,11.28,11.28,
11/22/2014,2260.264,2260.264,-1083.603,1083.603,1176.661,0.0,-768.099,768.099,,0.0,408.562,-37.06,37.06,37.06,0.0,,,0.0,371.502,-133.192,238.31,0.0,0.0,0.0,238.31,0.0,238.31,0.0,0.0,238.31,238.31,0.0,32.132,7.42,7.42,7.42,32.761,7.27,7.27,7.27,
02/14/2015,2143.651,2143.651,-1023.618,1023.618,1120.033,0.0,-758.764,758.764,,0.0,361.269,-34.536,34.536,34.536,0.0,,,0.0,326.733,-115.01,211.723,0.0,0.0,0.0,211.723,0.0,211.723,0.0,0.0,211.723,208.213,-3.51,31.903,6.64,6.64,6.52644,32.54,6.51,6.51,6.402133,
05/09/2015,2493.021,2493.021,-1190.232,1190.232,1302.789,0.0,-788.84,788.84,,0.0,513.949,-31.779,31.779,31.779,0.0,,,0.0,482.17,-173.099,309.071,0.0,0.0,0.0,309.071,0.0,309.071,0.0,0.0,309.071,309.071,0.0,31.643,9.77,9.77,9.77,32.301,9.57,9.57,9.57,
08/29/2015,3290.404,3290.404,-1562.856,1562.856,1727.548,0.0,-1058.276,1058.276,,0.0,669.272,-47.065,47.065,49.25,-2.185,,,0.0,622.207,-221.07,401.137,0.0,0.0,0.0,401.137,0.0,401.137,0.0,0.0,401.137,401.137,0.0,30.813,13.02,13.02,13.02,31.469,12.75,12.75,12.75,
11/21/2015,2386.043,2386.043,-1133.109,1133.109,1252.934,0.0,-814.939,814.939,,0.0,437.995,-35.01,35.01,35.01,0.0,,,0.0,402.985,-144.873,258.112,0.0,0.0,0.0,258.112,0.0,258.112,0.0,0.0,258.112,258.112,0.0,30.498,8.46,8.46,8.46,31.138,8.29,8.29,8.29,
02/13/2016,2257.192,2257.192,-1066.596,1066.596,1190.596,0.0,-807.936,807.936,,0.0,382.66,-32.832,32.832,32.832,0.0,,,0.0,349.828,-121.215,228.613,0.0,0.0,0.0,228.613,0.0,228.613,0.0,0.0,228.613,228.613,0.0,30.17,7.58,7.58,7.58,30.778,7.43,7.43,7.43,
05/07/2016,2593.672,2593.672,-1223.214,1223.214,1370.458,0.0,-834.084,834.084,,0.0,536.374,-34.051,34.051,34.051,0.0,,,0.0,502.323,-174.808,327.515,0.0,0.0,0.0,327.515,0.0,327.515,0.0,0.0,327.515,330.85955,3.34455,29.809,10.99,10.99,11.099317,30.405,10.77,10.77,10.88,
08/27/2016,3398.769,3398.769,-1604.021,1604.021,1794.748,0.0,-1091.382,1091.382,,0.0,703.366,-45.789,45.789,48.731,-2.942,,,0.0,657.577,-230.809,426.768,0.0,0.0,0.0,426.768,0.0,426.768,0.0,0.0,426.768,426.768,0.0,29.28,14.58,14.58,14.58,29.847,14.3,14.3,14.3,
11/19/2016,2467.845,2467.845,-1166.303,1166.303,1301.542,0.0,-842.64,842.64,,0.0,458.902,-33.306,33.306,33.306,0.0,,,0.0,425.596,-147.471,278.125,0.0,0.0,0.0,278.125,0.0,278.125,0.0,0.0,278.125,278.125,0.0,28.951,9.61,9.61,9.61,29.703,9.36,9.36,9.36,
02/11/2017,2289.219,2289.219,-1083.683,1083.683,1205.536,0.0,-821.567,821.567,,0.0,383.969,-34.198,34.198,34.198,0.0,,,0.0,349.771,-112.626,237.145,0.0,0.0,0.0,237.145,0.0,237.145,0.0,0.0,237.145,237.145,0.0,28.606,8.29,8.29,8.29,29.34,8.08,8.08,8.08,
05/06/2017,2619.007,2619.007,-1240.589,1240.589,1378.418,0.0,-848.848,848.848,,0.0,529.57,-35.675,35.675,35.675,0.0,,,0.0,493.895,-162.195,331.7,0.0,0.0,0.0,331.7,0.0,331.7,0.0,0.0,331.7,331.7,0.0,28.358,11.7,11.7,11.7,29.005,11.44,11.44,11.44,
08/26/2017,3512.605,3512.605,-1658.48,1658.48,1854.125,0.0,-1146.497,1146.497,,0.0,707.628,-51.401,51.401,52.137,-0.736,,,0.0,656.227,-222.328,433.899,0.0,0.0,0.0,433.899,0.0,433.899,0.0,0.0,433.899,433.899,0.0,27.963,15.52,15.52,15.52,28.424,15.27,15.27,15.27,
11/18/2017,2589.131,2589.131,-1223.283,1223.283,1365.848,0.0,-897.094,897.094,,0.0,468.754,-38.889,38.889,38.889,0.0,,,0.0,429.865,-148.862,281.003,0.0,0.0,0.0,281.003,0.0,281.003,0.0,0.0,281.003,281.003,0.0,27.638,10.17,10.17,10.17,28.096,10.0,10.0,10.0,
02/10/2018,2413.026,2413.026,-1135.98,1135.98,1277.046,0.0,-1071.948,1071.948,,0.0,205.098,-39.34,39.34,39.34,0.0,,,0.0,165.758,123.772,289.53,0.0,0.0,0.0,289.53,0.0,289.53,0.0,0.0,289.53,264.644,-24.886,27.355,10.58,10.58,9.674429,27.882,10.38,10.38,9.487453,
05/05/2018,2660.152,2660.152,-1237.178,1237.178,1422.974,0.0,-877.209,877.209,,0.0,545.765,-41.958,41.958,41.958,0.0,,,0.0,503.807,-137.086,366.721,0.0,0.0,0.0,366.721,0.0,366.721,0.0,0.0,366.721,366.721,0.0,26.926,13.62,13.62,13.62,27.329,13.42,13.42,13.42,
08/25/2018,3558.769,3558.769,-1650.89,1650.89,1907.879,0.0,-1316.64,1316.64,,0.0,591.239,-54.34,54.34,55.314,-0.974,,,0.0,536.899,-136.617,400.282,0.0,0.0,0.0,400.282,0.0,400.282,0.0,0.0,400.282,493.967,93.685,26.212,15.27,15.27,18.845071,26.649,15.02,15.02,18.535517,
11/17/2018,2641.733,2641.733,-1224.259,1224.259,1417.474,0.0,-929.656,929.656,,0.0,487.818,-39.006,39.006,39.006,0.0,,,0.0,448.812,-97.406,351.406,0.0,0.0,0.0,351.406,0.0,351.406,0.0,0.0,351.406,351.406,0.0,25.629,13.71,13.71,13.71,26.097,13.47,13.47,13.47,
02/09/2019,2450.568,2450.568,-1125.461,1125.461,1325.107,0.0,-925.087,925.087,,0.0,400.02,-41.362,41.362,41.362,0.0,,,0.0,358.658,-64.02,294.638,0.0,0.0,0.0,294.638,0.0,294.638,0.0,0.0,294.638,294.638,0.0,25.166,11.71,11.71,11.71,25.643,11.49,11.49,11.49,
05/04/2019,2783.006,2783.006,-1290.986,1290.986,1492.02,0.0,-944.497,944.497,,0.0,547.523,-43.239,43.239,43.239,0.0,,,0.0,504.284,-98.335,405.949,0.0,0.0,0.0,405.949,0.0,405.949,0.0,0.0,405.949,405.949,0.0,24.836,16.35,16.35,16.35,25.394,15.99,15.99,15.99,
08/31/2019,3988.435,3988.435,-1858.035,1858.035,2130.4,0.0,-1349.625,1349.625,,0.0,780.775,-61.197,61.197,61.197,0.0,,,0.0,719.578,-154.35,565.228,0.0,0.0,0.0,565.228,0.0,565.228,0.0,0.0,565.228,524.251,-40.977,24.417,23.15,23.15,21.470738,25.019,22.59,22.59,20.952165,
11/23/2019,2793.038,2793.038,-1291.97,1291.97,1501.068,0.0,-1001.045,1001.045,,0.0,500.023,-43.743,43.743,43.743,0.0,,,0.0,456.28,-105.942,350.338,0.0,0.0,0.0,350.338,0.0,350.338,0.0,0.0,350.338,350.338,0.0,23.875,14.67,14.67,14.67,24.493,14.3,14.3,14.3,
02/15/2020,2513.663,2513.663,-1147.6,1147.6,1366.063,0.0,-958.125,958.125,,0.0,407.938,-44.335,44.335,44.335,0.0,,,0.0,363.603,-64.321,299.282,0.0,0.0,0.0,299.282,0.0,299.282,0.0,0.0,299.282,299.282,0.0,23.57,12.7,12.7,12.7,24.16,12.39,12.39,12.39,
05/09/2020,2779.299,2779.299,-1288.651,1288.651,1490.648,0.0,-998.975,998.975,,0.0,491.673,-47.45,47.45,47.45,0.0,,,0.0,444.223,-101.327,342.896,0.0,0.0,0.0,342.896,0.0,342.896,0.0,0.0,342.896,342.896,0.0,23.386,14.66,14.66,14.66,23.828,14.39,14.39,14.39,
08/31/2020,4002.765,,,,2140.9188879,,,,,,768.929,,,,,,,,698.214,,542.063,,,,,,542.063,,,542.063,542.063,,,22.747,22.747,22.747,,22.747,22.747,22.747,
11/30/2020,2895.143,,,,1557.41322542,,,,,,515.692,,,,,,,,464.083,,360.462,,,,,,360.462,,,360.462,360.462,,,15.195,15.195,15.195,,15.195,15.195,15.195,
