Date,Revenue,Sales & Services Revenue,Cost of Revenue,Cost of Goods & Services,Gross Profit,Other Operating Income,Operating Expenses,"Selling, General & Admin",Research & Development,Other Operating Expense,Operating Income (Loss),Non-Operating (Income) Loss,"Interest Expense, Net",Interest Expense,Interest Income,Foreign Exch (Gain) Loss,(Income) Loss from Affiliates,Other Non-Op (Income) Loss,Pretax Income,Income Tax Expense (Benefit),Income (Loss) from Cont Ops,Net Extraordinary Losses (Gains),Discontinued Operations,XO & Accounting Changes,Income (Loss) Incl. MI,Minority Interest,"Net Income, GAAP",Preferred Dividends,Other Adjustments,"Net Income Avail to Common, GAAP","Net Income Avail to Common, Adj",Net Abnormal Losses (Gains),Basic Weighted Avg Shares,"Basic EPS, GAAP",Basic EPS from Cont Ops,"Basic EPS from Cont Ops, Adjusted",Diluted Weighted Avg Shares,"Diluted EPS, GAAP",Diluted EPS from Cont Ops,"Diluted EPS from Cont Ops, Adjusted",Source: Bloomberg
06/30/1989,107.160004,,-81.667999,,25.492004,,-26.341,,,,-0.849,-1.222,,1.222,,,,,-2.071,0.824,-1.247,,,,-1.247,,-1.247,,,-1.247,-1.247,,223.155009,-0.005556,-0.005556,,223.155009,-0.005556,-0.005556,-0.005556,
09/30/1989,118.304001,,-89.778999,,28.525002,,-26.575001,,,,1.95,-1.04,,1.04,,,,,0.91,-0.36,0.55,,,,0.55,,0.55,,,0.55,0.55,,223.155009,0.002593,0.002593,,223.155009,0.002593,0.002593,0.002593,
12/31/1989,198.285995,,-153.343002,,44.942993,,-33.446999,,,,11.496,-1.011,,1.011,,,,,10.485,-4.194,6.291,,,,6.291,,6.291,,,6.291,6.291,,223.155009,0.028148,0.028148,,223.155009,0.028148,0.028148,0.028148,
03/03/1990,89.099998,,-67.719002,,21.380996,,-20.830999,,,,0.55,-0.401,,0.401,,,,,0.149,-0.06,0.089,,,,0.089,,0.089,,,0.089,0.089,,223.398,0.00037,0.00037,0.00037,223.398,0.00037,0.00037,0.00037,
06/02/1990,126.077003,,-99.189003,,26.888,,-28.325001,,,,-1.437,-0.555,,0.555,,,,,-1.992,0.77,-1.222,,,,-1.222,,-1.222,,,-1.222,-1.222,,223.533008,-0.005556,-0.005556,,223.533008,-0.005556,-0.005556,-0.005556,
09/01/1990,152.169998,,-118.276001,,33.893997,,-31.631001,,,,2.263,-0.89,,0.89,,,,,1.373,-0.53,0.843,,,,0.843,,0.843,,,0.843,0.843,,223.668011,0.003704,0.003704,,223.668011,0.003704,0.003704,0.003704,
12/01/1990,170.830002,,-134.149002,,36.681,,-33.09,,,,3.591,-1.463,,1.463,,,,,2.128,-0.821,1.307,,,,1.307,,1.307,,,1.307,1.307,,223.694996,0.005926,0.005926,,223.694996,0.005926,0.005926,0.005926,
03/02/1991,215.746002,,-171.552002,,44.194,,-37.634998,,,,6.559,-0.678,,0.678,,,,,5.881,-2.269,3.612,13.997,,,-10.385,,-10.385,,,-10.385,-10.385,,223.695,-0.046296,0.016296,0.016296,223.695,-0.046296,0.016296,0.016296,
06/01/1991,165.578995,,-130.059006,,35.519989,,-34.216,,,,1.304,-0.652,,0.652,,,,,0.652,-0.247,0.405,,,,0.405,,0.405,,,0.405,0.405,,223.802988,0.001852,0.001852,,223.802988,0.001852,0.001852,0.001852,
08/31/1991,193.610992,,-153.162003,,40.44899,,-36.721001,,,,3.728,-0.903,,0.903,,,,,2.825,-1.058,1.767,,,,1.767,,1.767,,,1.767,1.767,,238.922999,0.007407,0.007407,,238.922999,0.007407,0.007407,0.007407,
11/30/1991,230.572998,,-186.042007,,44.530991,,-39.612999,,,,4.918,-1.202,,1.202,,,,,3.716,-1.395,2.321,,,,2.321,,2.321,,,2.321,2.321,,250.722007,0.009259,0.009259,,250.722007,0.009259,0.009259,0.009259,
02/29/1992,339.928986,,-279.367004,,60.561982,,-51.736,,,,8.826,-0.658,,0.658,,,,,8.168,-3.06,5.108,,,,5.108,,5.108,,,5.108,5.108,,302.077323,0.018519,0.018519,0.018519,302.077323,0.018519,0.018519,0.018519,
05/30/1992,246.481003,,-197.136993,,49.344009,,-46.811001,,,,2.533,-0.526,,0.526,,,,,2.007,-0.763,1.244,,,,1.244,,1.244,,,1.244,1.244,,314.036988,0.004074,0.004074,,314.036988,0.004074,0.004074,0.004074,
08/29/1992,285.429993,,-231.300995,,54.128998,,-49.473999,,,,4.655,-0.437,,0.437,,,,,4.218,-1.603,2.615,,,,2.615,,2.615,,,2.615,2.615,,312.065989,0.008519,0.008519,,312.065989,0.008519,0.008519,0.008519,
11/28/1992,474.441986,,-396.640015,,77.801971,,-67.976997,,,,9.825,-1.409,,1.409,,,,,8.416,-3.196,5.22,,,,5.22,,5.22,,,5.22,5.22,,312.633013,0.016667,0.016667,,312.633013,0.016667,0.016667,0.016667,
02/27/1993,613.625,,-510.865997,,102.759003,,-83.863998,,,,18.895,-1.511,,1.511,,0.0,,0.0,17.384,-6.608,10.776,0.0,,,10.776,0.0,10.776,0.0,,10.776,10.776,,317.493,0.034074,0.034074,0.034074,317.493,0.034074,0.034074,0.034074,
05/29/1993,441.919006,,-367.442993,,74.476013,,-70.802002,,,,3.674,-1.229,,1.229,,0.0,,0.0,2.445,-0.929,1.516,0.425,,,1.091,0.0,1.091,0.0,,1.091,1.091,,325.296009,0.003333,0.004815,,325.296009,0.003333,0.004815,0.004815,
08/28/1993,562.97998,,-468.782013,,94.197968,,-81.108002,,,,13.09,-0.72,,0.72,,0.0,,0.0,12.37,-4.776,7.594,0.0,,,7.594,0.0,7.594,0.0,,7.594,7.594,,382.427988,0.02,0.02,,382.427988,0.02,0.02,0.02,
11/27/1993,808.476013,,-687.367981,,121.108032,,-100.259003,,,,20.849001,-2.56,,2.56,,0.0,,0.0,18.289001,-7.128,11.161,0.0,,,11.161001,0.0,11.161,0.0,,11.161,11.161,,388.04401,0.028889,0.028889,,388.04401,0.028889,0.028889,0.028889,
02/26/1994,1193.159058,,-1026.015991,,167.143067,,-127.578003,,,,39.564999,-4.291,,4.291,,0.0,,0.0,35.273999,-13.835,21.438999,0.0,,,21.438999,0.0,21.438999,0.0,,21.438999,21.438999,,387.63,0.055556,0.055556,0.055556,387.63,0.055556,0.055556,0.055556,
05/28/1994,849.403015,,-730.450989,,118.952026,,-107.265999,,,,11.686,-4.676,,4.676,,0.0,,,7.01,-2.769,4.241,0.0,,,4.241,0.0,4.241,0.0,,4.241,4.241,,389.313,0.011111,0.011111,,389.313,0.011111,0.011111,0.011111,
08/27/1994,933.171997,,-800.987976,,132.184021,,-114.525002,,,,17.659,-5.099,,5.099,,0.0,,0.0,12.56,-4.96,7.6,0.0,,,7.6,0.0,7.6,0.0,,7.6,7.6,,388.872002,0.02,0.02,,388.872002,0.02,0.02,0.02,
11/26/1994,1349.870972,,-1166.161987,,183.708984,,-145.695999,,,,38.013,-9.011,,9.011,,0.0,,0.0,29.002001,-11.3,17.702,0.0,,,17.702001,0.0,17.702,0.0,,17.702,17.702,,392.381996,0.045556,0.045556,,392.381996,0.045556,0.045556,0.045556,
02/25/1995,1947.110962,,-1691.562988,,255.547974,,-200.979004,,,,54.569,-9.09,,9.09,,0.0,,0.0,45.479,-17.371,28.108,0.0,,,28.108,0.0,28.108,0.0,,28.108,28.108,,391.815,0.07,0.07,0.07,391.815,0.07,0.07,0.07,
05/27/1995,1274.696045,,-1092.407959,,182.288086,,-165.925003,,,,16.363001,-8.616,,8.616,,0.0,,0.0,7.747001,-3.075,4.672,0.0,,,4.672001,0.0,4.672,0.0,,4.672,4.672,,390.807003,0.012222,0.012222,,390.807003,0.012222,0.012222,0.012222,
08/26/1995,1437.911011,,-1241.290039,,196.620972,,-177.417999,,,,19.202999,-9.726,,9.726,,0.0,,0.0,9.476999,-3.763,5.714,0.0,,,5.713999,0.0,5.714,0.0,,5.714,5.714,,392.60701,0.014444,0.014444,,392.60701,0.014444,0.014444,0.014444,
11/25/1995,1929.276978,,-1686.394043,,242.882935,,-200.294998,,,,42.588001,-13.186,,13.186,,0.0,,0.0,29.402001,-11.6,17.802,0.0,,,17.802001,0.0,17.802,0.0,,17.802,17.802,,391.725014,0.045556,0.045556,,391.725014,0.045556,0.045556,0.045556,
03/02/1996,2575.563965,,-2260.784912,,314.779053,,-270.350006,,,,44.429001,-12.066,,12.066,,0.0,,0.0,32.363001,-12.532,19.830999,0.0,,,19.831001,0.0,19.830999,0.0,,19.830999,19.830999,,392.238007,0.051111,0.051111,,392.238007,0.051111,0.051111,0.051111,
06/01/1996,1637.18396,,-1404.534058,,232.649902,,-219.697998,,,,12.952,-12.281,,12.281,,0.0,,0.0,0.671,-0.262,0.409,0.0,,,0.409,0.0,0.409,0.0,,0.409,0.409,,392.075993,0.001111,0.001111,0.001111,392.075993,0.001111,0.001111,0.001111,
08/31/1996,1778.640015,,-1526.973999,,251.666016,,-231.981995,,,,19.684,-13.475,,13.475,,0.0,,0.0,6.209,-2.421,3.788,0.0,,,3.788,0.0,3.788,0.0,,3.788,3.788,,394.325993,0.01,0.01,0.01,394.325993,0.01,0.01,0.01,
11/30/1996,2007.323975,,-1758.55603,,248.767944,,-251.878006,,,,-3.11,-14.883,,14.883,,0.0,,0.0,-17.993,7.02,-10.973,0.0,,,-10.973,0.0,-10.973,0.0,,-10.973,-10.973,,389.258995,-0.027778,-0.027778,-0.027778,389.258995,-0.027778,-0.027778,-0.027778,
03/01/1997,2347.534912,,-2021.738037,,325.796875,,-302.117004,,,,23.68,-9.699,,9.699,,0.0,,0.0,13.981,-5.457,8.524,0.0,,,8.524,0.0,8.524,0.0,,8.524,8.524,,389.258991,0.022222,0.022222,0.022222,389.258991,0.022222,0.022222,0.022222,
05/31/1997,1606.551025,,-1358.667969,,247.883057,,-242.667007,,,,5.216,-9.54,,9.54,,0.0,,0.0,-4.324,1.685,-2.639,0.0,,,-2.639,0.0,-2.639,0.0,,-2.639,-2.639,,392.030983,-0.006667,-0.006667,-0.006667,392.030983,-0.006667,-0.006667,-0.006667,
08/30/1997,1793.203979,,-1504.296021,,288.907959,,-268.981995,,,,19.926001,-9.03,,9.03,,0.0,,0.0,10.896001,-4.248,6.648,0.0,,,6.648001,0.0,6.648,0.0,,6.648,6.648,,394.280983,0.017778,0.017778,0.017778,399.222015,0.015556,0.015556,0.015556,
11/29/1997,2106.361084,,-1768.470947,,337.890137,,-284.971008,,,,52.918999,-9.601,,9.601,,0.0,,0.0,43.317999,-16.9,26.417999,0.0,,,26.417999,0.0,26.417999,0.0,,26.417999,26.417999,,394.631996,0.066667,0.066667,0.066667,453.438,0.064444,0.064444,0.064444,
02/28/1998,2852.095947,,-2394.638916,,457.457031,,-348.660004,,,,108.796997,-4.834,,4.834,,0.0,,0.0,103.962997,-39.937,64.026001,0.0,,,64.025997,0.0,64.026001,0.0,,64.026001,64.026001,,397.809,0.144444,0.144444,0.144444,462.006,0.144444,0.144444,0.144444,
05/30/1998,1938.383057,,-1589.44397,,348.939087,,-326.153992,,,,22.785,-0.463,,,,0.0,,0.463,22.322,-9.845,12.477,0.0,,,12.477,0.0,12.477,0.0,,12.477,12.477,,431.032516,0.028889,0.028889,0.028889,449.509495,0.026667,0.026667,0.026667,
08/29/1998,2177.766113,,-1771.775024,,405.991089,,-337.553986,,,,68.436996,0.668,,,,0.0,,-0.668,69.104996,-27.65,41.455002,0.0,,,41.454997,0.0,41.455002,0.0,,41.455002,41.455002,,452.317497,0.091111,0.091111,0.091111,472.167011,0.088889,0.088889,0.088889,
11/28/1998,2492.467041,,-2048.251953,,444.215088,,-353.984985,,,,90.230003,-3.19,,,,0.0,,3.19,87.040003,-33.497002,53.542999,0.0,,,53.543002,0.0,53.542999,0.0,,53.542999,53.542999,,453.626999,0.117778,0.117778,0.117778,472.603512,0.111111,0.111111,0.111111,
02/27/1999,3456.030029,,-2840.6521,,615.37793,,-445.588013,,,,169.789993,3.42,,,,0.0,,-3.42,173.209993,-64.403,108.806999,0.0,,,108.806993,0.0,108.806999,0.0,,108.806999,108.806999,,455.683502,0.237778,0.237778,0.237778,476.950493,0.226667,0.226667,0.226667,
05/29/1999,2385.430908,,-1923.428955,,462.001953,,-390.300995,,,,71.700996,4.704,,,-4.4,0.0,,-0.304,76.404996,-29.596001,46.808998,0.0,,,46.808996,0.0,46.808998,0.0,,46.808998,46.808998,,459.076492,0.102222,0.102222,0.102222,479.877766,0.097778,0.097778,0.097778,
08/28/1999,2686.64,,-2156.12,,530.52,,-440.914,,,,89.606,4.276,-4.3,,-4.3,0.0,,0.024,93.882,-35.815,58.067,0.0,,,58.067,0.0,58.067,0.0,,58.067,58.067,,461.3355,0.124444,0.124444,0.124444,481.29075,0.12,0.12,0.12,
11/27/1999,3107.336914,,-2516.969971,,590.366943,,-467.778992,,,,122.587997,4.451,,,-4.5,0.0,,0.049,127.038998,-48.650002,78.389,0.0,,,78.388996,0.0,78.389,0.0,,78.389,78.389,,460.763992,0.168889,0.168889,0.168889,478.709988,0.164444,0.164444,0.164444,
02/26/2000,4314.615234,,-3504.074951,,810.540283,,-555.176025,,,,255.363998,9.291,,,,0.0,,-9.291,264.654999,-100.849998,163.804993,0.0,,,163.805,0.0,163.804993,0.0,0.0,163.804993,163.804993,,456.567764,0.36,0.36,0.36,473.339252,0.346667,0.346667,0.346667,
05/27/2000,2963.718018,,-2358.125,,605.593018,,-497.075012,,,,108.517998,8.44,,,,0.0,,-8.44,116.957998,-44.799999,72.157997,0.0,,,72.157999,0.0,72.157997,0.0,0.0,72.157997,72.157997,,459.074261,0.155556,0.155556,0.155556,475.922241,0.151111,0.151111,0.151111,
08/26/2000,3169.171,,-2520.426,,648.745,,-533.395,,,,115.35,8.998,-9.0,,-9.0,0.0,,0.002,124.348,-47.6,76.748,0.0,,,76.748,0.0,76.748,0.0,0.0,76.748,76.748,,466.00875,0.164444,0.164444,0.164444,480.456,0.16,0.16,0.16,
11/25/2000,3732.080078,,-3043.039062,,689.041016,,-604.028015,,,,85.013,7.75,,,-7.8,0.0,,0.05,92.763,-35.5,57.263,0.0,,,57.263,0.0,57.263,0.0,0.0,57.263,57.263,,467.286747,0.124444,0.124444,0.124444,479.265759,0.12,0.12,0.12,
03/03/2001,5462.030762,,-4346.410156,,1115.620606,,-820.502014,,,,295.118988,11.812,,,,0.0,,-11.812,306.930988,-117.099998,189.830994,0.0,,,189.83099,0.0,189.830994,0.0,0.0,189.830994,189.830994,,467.71875,0.404444,0.404444,0.44,478.073261,0.395556,0.395556,0.431111,
06/02/2001,3312.0,,-2604.0,,708.0,,-607.0,,,,101.0,6.0,,,-6.0,0.0,,0.0,107.0,-42.0,65.0,10.0,,,55.0,0.0,55.0,0.0,0.0,55.0,55.0,,469.800007,0.115556,0.138222,0.138222,480.149986,0.115556,0.133333,0.133333,
09/01/2001,3768.0,,-2962.0,,806.0,,-649.0,,,,157.0,2.0,,,-6.0,0.0,,4.0,159.0,-61.0,98.0,13.0,,,85.0,0.0,85.0,0.0,0.0,85.0,85.0,,473.625,0.177778,0.207111,0.207111,484.199993,0.173333,0.2,0.2,
12/01/2001,4336.0,,-3451.0,,885.0,,-739.0,,,,146.0,3.0,,,-6.0,0.0,,3.0,149.0,-57.0,92.0,12.0,,,80.0,0.0,80.0,0.0,0.0,80.0,80.0,,474.900752,0.166667,0.193778,0.193778,483.300007,0.166667,0.193333,0.193333,
03/02/2002,6980.0,,-5372.0,,1608.0,,-1038.0,1038.0,,0.0,570.0,5.0,-6.0,,-6.0,0.0,,1.0,575.0,-225.0,350.0,0.0,,,350.0,0.0,350.0,0.0,0.0,350.0,350.0,,477.45,0.733333,0.733333,0.733333,487.575,0.72,0.72,0.72,
06/01/2002,4202.0,,-3122.0,,1080.0,,-951.0,,,,129.0,1.0,,7.0,-6.0,0.0,,-2.0,130.0,-51.0,79.0,412.0,,,-333.0,0.0,-333.0,0.0,0.0,-333.0,-333.0,,480.0,-0.693333,0.166667,0.166667,489.449982,-0.68,0.16,0.16,
08/31/2002,4624.0,,-3471.0,,1153.0,,-1024.0,,,,129.0,-2.0,,8.0,-4.0,0.0,,-2.0,127.0,-48.0,79.0,17.0,,,62.0,0.0,62.0,0.0,0.0,62.0,62.0,,481.949982,0.126667,0.16,0.16,486.75,0.126667,0.16,0.16,
11/30/2002,5131.0,,-3881.0,,1250.0,,-1110.0,,,,140.0,0.0,2.0,7.0,-5.0,0.0,,-2.0,140.0,-54.0,86.0,27.0,,,59.0,0.0,59.0,0.0,0.0,59.0,59.0,,482.25,0.12,0.18,0.18,486.15,0.12,0.18,0.18,
03/01/2003,6989.0,,-5236.0,,1753.0,,-1141.0,,,,612.0,5.0,,0.0,-8.0,0.0,,3.0,617.0,-239.0,378.0,67.0,,,311.0,,311.0,0.0,0.0,311.0,311.0,,481.65,0.646667,0.78,0.78,486.6,0.646667,0.773333,0.773333,
05/31/2003,4669.0,,-3556.0,,1113.0,,-999.0,,,,114.0,-2.0,,8.0,-5.0,0.0,,-1.0,112.0,-43.0,69.0,94.0,,,-25.0,0.0,-25.0,0.0,0.0,-25.0,-25.0,,483.0,-0.053333,0.146667,0.146667,487.800018,-0.053333,0.14,0.14,
08/30/2003,5398.0,,-4097.0,,1301.0,,-1072.0,,,,229.0,-3.0,,8.0,-5.0,0.0,,0.0,226.0,-86.0,140.0,1.0,,,139.0,0.0,139.0,0.0,0.0,139.0,139.0,,484.349991,0.286667,0.286667,0.286667,491.699982,0.28,0.28,0.28,
11/29/2003,6034.0,,-4536.0,,1498.0,,-1296.0,,,,202.0,-4.0,4.0,8.0,-4.0,0.0,,0.0,198.0,-76.0,122.0,0.0,,,122.0,0.0,122.0,0.0,0.0,122.0,122.0,,486.3,0.253333,0.253333,0.253333,495.75,0.246667,0.246667,0.246667,
02/28/2004,8449.0,,-6400.0,,2049.0,,-1290.0,,,,759.0,1.0,,8.0,-9.0,0.0,,0.0,760.0,-291.0,469.0,0.0,,,469.0,0.0,469.0,0.0,0.0,469.0,469.0,,486.300018,0.966667,0.966667,0.966667,494.550018,0.933333,0.933333,0.933333,
05/29/2004,5479.0,,-4168.0,,1311.0,,-1127.0,,,,184.0,0.0,,7.0,-7.0,0.0,,0.0,184.0,-70.0,114.0,0.0,,,114.0,0.0,114.0,0.0,0.0,114.0,114.0,,487.050018,0.233333,0.233333,0.233333,503.550018,0.226667,0.226667,0.226667,
08/28/2004,6080.0,,-4610.0,,1470.0,,-1228.0,,,,242.0,1.0,,6.0,-7.0,0.0,,0.0,243.0,-93.0,150.0,0.0,,,150.0,0.0,150.0,0.0,0.0,150.0,150.0,,487.100006,0.31,0.31,0.353333,502.699996,0.3,0.3,0.346667,
11/27/2004,6647.0,,-5104.0,,1543.0,,-1310.0,,,,233.0,6.0,,4.0,-10.0,0.0,,0.0,239.0,-91.0,148.0,0.0,,,148.0,0.0,148.0,0.0,0.0,148.0,148.0,,733.349991,0.2,0.2,0.2,759.900009,0.2,0.2,0.2,
02/26/2005,9227.0,,-7056.0,,2171.0,,-1388.0,,,,783.0,-6.0,,71.0,-21.0,0.0,,-44.0,777.0,-255.0,522.0,-50.0,,,572.0,0.0,572.0,0.0,0.0,572.0,572.0,,738.75,0.773333,0.706667,0.706667,761.4,0.753333,0.686667,0.686667,
05/28/2005,6118.0,,-4560.0,,1558.0,0.0,-1319.0,1319.0,,0.0,239.0,13.0,-13.0,8.0,-21.0,,,0.0,252.0,-82.0,170.0,,,,170.0,,170.0,,0.0,170.0,170.0,,491.25,0.346667,0.346667,0.346667,505.2,0.34,0.34,0.34,
08/27/2005,6702.0,,-4991.0,,1711.0,0.0,-1450.0,1450.0,,0.0,261.0,18.0,-14.0,7.0,-21.0,,,-4.0,279.0,-91.0,188.0,,,,188.0,,188.0,,,188.0,188.0,,491.2,0.38,0.38,0.38,509.1,0.37,0.37,0.37,
11/26/2005,7335.0,,-5547.0,,1788.0,0.0,-1599.0,1599.0,,0.0,189.0,14.0,-14.0,7.0,-21.0,,,0.0,203.0,-65.0,138.0,,,,138.0,,138.0,,0.0,138.0,138.0,,491.1,0.28,0.28,0.28,507.2,0.28,0.28,0.28,
02/25/2006,10693.0,,-8024.0,,2669.0,,-1714.0,,,,955.0,32.0,-32.0,8.0,-40.0,0.0,,0.0,987.0,-343.0,644.0,0.0,,,644.0,0.0,644.0,0.0,0.0,644.0,644.0,,487.7,1.32,1.32,1.32,502.9,1.29,1.29,1.29,
05/27/2006,6959.0,,-5194.0,,1765.0,0.0,-1428.0,1428.0,,0.0,337.0,23.0,-23.0,8.0,-31.0,0.0,,0.0,360.0,-126.0,234.0,0.0,,,234.0,0.0,234.0,0.0,0.0,234.0,234.0,,484.6,0.48,0.48,0.48,500.8,0.47,0.47,0.47,
08/26/2006,7603.0,,-5701.0,,1902.0,0.0,-1572.0,1572.0,,0.0,330.0,21.0,-21.0,8.0,-29.0,,,0.0,351.0,-121.0,230.0,,,,230.0,,230.0,,0.0,230.0,230.0,,482.0,0.48,0.48,0.48,496.5,0.47,0.47,0.47,
11/26/2006,8473.0,,-6478.0,,1995.0,,-1799.0,,,,196.0,24.0,-24.0,7.0,-31.0,0.0,,0.0,220.0,-70.0,150.0,0.0,,,150.0,0.0,150.0,0.0,0.0,150.0,150.0,,481.0,0.31,0.31,0.31,495.8,0.31,0.31,0.31,
03/03/2007,12899.0,,-9792.0,,3107.0,,-1971.0,1971.0,,0.0,1136.0,71.0,-35.0,16.0,-51.0,0.0,,-36.0,1207.0,-435.0,772.0,0.0,,,772.0,-1.0,771.0,0.0,0.0,771.0,771.0,,481.0,1.59,1.59,1.562973,494.6,1.55,1.55,1.52372,
06/02/2007,7927.0,,-6035.0,,1892.0,0.0,-1626.0,1626.0,,0.0,266.0,37.0,,7.0,,,,-44.0,303.0,-113.0,190.0,,,,190.0,2.0,192.0,,0.0,192.0,192.0,,478.8,0.4,0.4,0.4,491.5,0.39,0.39,0.39,
09/01/2007,8750.0,,-6611.0,,2139.0,,-1738.0,1738.0,,0.0,401.0,-2.0,1.0,23.0,-22.0,0.0,,1.0,399.0,-144.0,255.0,0.0,,,255.0,-5.0,250.0,0.0,0.0,250.0,250.0,,444.1,0.56,0.56,0.56,456.2,0.55,0.55,0.55,
12/01/2007,9928.0,,-7591.0,,2337.0,,-1986.0,,,,351.0,7.0,-9.0,23.0,-32.0,0.0,,2.0,358.0,-129.0,229.0,0.0,,,229.0,-1.0,228.0,0.0,0.0,228.0,228.0,,418.7,0.55,0.55,0.55,430.8,0.53,0.53,0.53,
03/01/2008,13418.0,,-10240.0,,3178.0,,-2035.0,2035.0,,0.0,1143.0,22.0,-44.0,9.0,-53.0,0.0,,22.0,1165.0,-429.0,736.0,0.0,,,736.0,1.0,737.0,0.0,0.0,737.0,737.0,,418.2,1.76,1.76,1.76,431.4,1.71,1.71,1.71,
05/31/2008,8990.0,8990.0,-6857.0,6857.0,2133.0,0.0,-1856.0,1856.0,,0.0,277.0,8.0,,13.0,,,1.0,-21.0,285.0,-106.0,180.0,0.0,0.0,0.0,180.0,-1.0,179.0,0.0,0.0,179.0,179.0,0.0,411.4,0.44,0.44,0.44,423.4,0.43,0.43,0.43,
08/30/2008,9801.0,9801.0,-7420.0,7420.0,2381.0,0.0,-2042.0,2042.0,,0.0,339.0,-12.0,,21.0,,,,-9.0,327.0,-122.0,205.0,0.0,0.0,0.0,205.0,-3.0,202.0,0.0,0.0,202.0,202.0,0.0,412.1,0.49,0.49,0.49,423.3,0.48,0.48,0.48,
11/29/2008,11500.0,11500.0,-8639.0,8639.0,2861.0,0.0,-2587.0,2587.0,,0.0,274.0,-149.0,,35.0,,,6.0,114.0,125.0,-68.0,63.0,0.0,0.0,0.0,63.0,-11.0,52.0,0.0,0.0,52.0,145.0,93.0,412.9,0.13,0.13,0.351175,422.6,0.13,0.13,0.350066,
02/28/2009,14724.0,14724.0,-11101.0,11101.0,3623.0,0.0,-2643.0,2499.0,,144.0,980.0,-17.0,,25.0,,,2.0,-8.0,963.0,-378.0,587.0,0.0,0.0,0.0,587.0,-17.0,570.0,0.0,0.0,570.0,682.0,112.0,413.6,1.38,1.38,1.648936,423.2,1.35,1.35,1.61465,
05/30/2009,10095.0,10095.0,-7538.0,7538.0,2557.0,0.0,-2261.0,2209.0,,52.0,296.0,-14.0,,23.0,,,,-9.0,282.0,-126.0,156.0,0.0,0.0,0.0,156.0,-3.0,153.0,0.0,0.0,153.0,178.0,25.0,415.2,0.37,0.37,0.428709,425.7,0.36,0.36,0.418727,
08/29/2009,11022.0,11022.0,-8338.0,8338.0,2684.0,0.0,-2404.0,2404.0,,0.0,280.0,-4.0,,22.0,,,,-18.0,276.0,-119.0,157.0,0.0,0.0,0.0,157.0,1.0,158.0,0.0,0.0,158.0,158.0,0.0,416.5,0.38,0.38,0.38,427.0,0.37,0.37,0.37,
11/28/2009,12024.0,12024.0,-9082.0,9082.0,2942.0,0.0,-2566.0,2566.0,,0.0,376.0,-12.0,,23.0,,,,-11.0,364.0,-93.0,271.0,0.0,0.0,0.0,271.0,-44.0,227.0,0.0,0.0,227.0,227.0,0.0,417.1,0.54,0.54,0.54,428.6,0.53,0.53,0.53,
02/27/2010,16553.0,16553.0,-12576.0,12576.0,3977.0,0.0,-2694.0,2694.0,0.0,0.0,1283.0,-10.0,,26.0,,,1.0,-16.0,1273.0,-464.0,810.0,0.0,0.0,0.0,810.0,-31.0,779.0,0.0,0.0,779.0,779.0,0.0,418.5,1.86,1.86,1.86,429.6,1.82,1.82,1.82,
05/29/2010,10787.0,10787.0,-7994.0,7994.0,2793.0,0.0,-2480.0,2480.0,,0.0,313.0,-11.0,,23.0,,,,-12.0,302.0,-121.0,181.0,0.0,0.0,0.0,181.0,-26.0,155.0,0.0,0.0,155.0,155.0,0.0,420.3,0.37,0.37,0.37,431.7,0.36,0.36,0.36,
08/28/2010,11339.0,11339.0,-8421.0,8421.0,2918.0,0.0,-2507.0,2507.0,,0.0,411.0,-8.0,,21.0,,,,-13.0,403.0,-146.0,257.0,0.0,0.0,0.0,257.0,-3.0,254.0,0.0,0.0,254.0,249.45,-4.55,413.5,0.61,0.61,0.603265,423.6,0.6,0.6,0.589259,
11/27/2010,11890.0,11890.0,-8907.0,8907.0,2983.0,0.0,-2598.0,2598.0,,0.0,385.0,-12.0,,20.0,,,,-8.0,373.0,-133.0,240.0,0.0,0.0,0.0,240.0,-23.0,217.0,0.0,0.0,217.0,217.0,0.0,397.1,0.55,0.55,0.55,407.8,0.54,0.54,0.54,
02/26/2011,16083.0,16083.0,-12145.0,12145.0,3938.0,0.0,-2801.0,2654.0,,147.0,1137.0,-6.0,,23.0,,,2.0,-17.0,1131.0,-341.0,792.0,91.0,91.0,0.0,701.0,-50.0,651.0,0.0,0.0,651.0,952.65,210.65,393.3,1.65,1.886601,2.422197,403.4,1.62,1.845583,2.367769,
05/28/2011,10940.0,10940.0,-8172.0,8172.0,2768.0,0.0,-2486.0,2484.0,,2.0,282.0,-19.0,,31.0,,,-1.0,-12.0,263.0,-99.0,163.0,0.0,0.0,0.0,163.0,-27.0,136.0,0.0,0.0,136.0,137.3,1.3,387.7,0.35,0.35,0.35414,397.2,0.35,0.35,0.353273,
08/27/2011,10856.0,10856.0,-8094.0,8094.0,2762.0,0.0,-2502.0,2502.0,,0.0,260.0,-25.0,,33.0,,,0.0,-8.0,235.0,-87.0,148.0,22.0,22.0,0.0,126.0,2.0,128.0,0.0,0.0,128.0,150.0,0.0,376.0,0.34,0.398936,0.398936,385.6,0.34,0.397054,0.397054,
11/26/2011,12099.0,12099.0,-9168.0,9168.0,2931.0,0.0,-2753.0,2616.0,,137.0,178.0,26.0,,37.0,,,-1.0,-63.0,204.0,-72.0,131.0,0.0,0.0,0.0,131.0,23.0,154.0,0.0,0.0,154.0,212.0,58.0,359.7,0.43,0.43,0.58938,368.8,0.42,0.42,0.577267,
03/03/2012,16630.0,16630.0,-12573.0,12573.0,4057.0,0.0,-3988.0,2765.0,,1223.0,69.0,-21.0,,32.0,,,-2.0,-11.0,48.0,-370.0,-324.0,55.0,55.0,0.0,-379.0,-1319.0,-1698.0,0.0,0.0,-1698.0,-406.0,1237.0,347.5,-4.89,-4.73,-1.168345,347.5,-4.89,-4.73,-1.170288,
05/05/2012,10373.0,10373.0,-7789.0,7789.0,2584.0,0.0,-2320.0,2193.0,,127.0,264.0,-25.0,,28.0,,,,-3.0,239.0,-70.0,169.0,17.0,17.0,0.0,152.0,6.0,158.0,0.0,0.0,158.0,268.0,93.0,342.2,0.46,0.511397,0.783168,342.8,0.46,0.509592,0.780887,
08/04/2012,9339.0,9339.0,-7078.0,7078.0,2261.0,0.0,-2173.0,2082.0,,91.0,88.0,-24.0,,26.0,,,,-2.0,64.0,-33.0,31.0,38.0,38.0,0.0,-7.0,19.0,12.0,0.0,0.0,12.0,108.0,58.0,338.2,0.04,0.147842,0.319338,338.6,0.04,0.147842,0.319135,
11/03/2012,10753.0,10753.0,-8167.0,8167.0,2586.0,0.0,-2574.0,2538.0,,36.0,12.0,-18.0,,31.0,,,-1.0,-13.0,-6.0,2.0,-5.0,-6.0,-6.0,0.0,1.0,-11.0,-10.0,0.0,0.0,-10.0,7.0,23.0,337.2,-0.03,-0.04,0.020759,337.2,-0.03,-0.04,0.020759,
02/02/2013,14921.0,14921.0,-11590.0,11590.0,3331.0,0.0,-3512.0,2522.0,,990.0,-181.0,-25.0,,28.0,,,0.0,-3.0,-206.0,-254.0,-460.0,-52.0,-52.0,0.0,-408.0,-1.0,-409.0,0.0,0.0,-409.0,499.0,960.0,338.1,-1.21,-1.36,1.475895,338.1,-1.21,-1.36,1.475895,
05/04/2013,9347.0,9347.0,-7189.0,7189.0,2158.0,0.0,-1990.0,1984.0,,6.0,168.0,-22.0,,27.0,,,,-5.0,146.0,-49.0,97.0,170.0,170.0,0.0,-73.0,-8.0,-81.0,0.0,0.0,-81.0,102.0,13.0,339.0,-0.24,0.262537,0.300885,341.0,-0.24,0.258534,0.296657,
08/03/2013,9266.0,9266.0,-6808.0,6808.0,2458.0,0.0,-2045.0,2038.0,,7.0,413.0,-7.0,,26.0,,,,-19.0,406.0,-169.0,237.0,-11.0,-11.0,0.0,248.0,18.0,266.0,0.0,0.0,266.0,130.0,-125.0,340.4,0.78,0.69624,0.329025,344.4,0.77,0.69624,0.329025,
11/02/2013,9327.0,9327.0,-7170.0,7170.0,2157.0,0.0,-2067.0,2036.0,,31.0,90.0,-12.0,,24.0,,,,-12.0,78.0,-34.0,44.0,-10.0,-10.0,0.0,54.0,0.0,54.0,0.0,0.0,54.0,65.0,21.0,342.8,0.16,0.13,0.186698,348.9,0.16,0.12,0.180189,
02/01/2014,14025.0,14025.0,-11197.0,11197.0,2828.0,0.0,-2376.0,2263.0,,113.0,452.0,-14.0,,23.0,,,0.0,-9.0,438.0,-138.0,300.0,6.0,6.0,0.0,294.0,-1.0,293.0,0.0,0.0,293.0,423.7,124.7,346.3,0.85,0.863413,1.223506,352.6,0.83,0.847016,1.200675,
05/03/2014,8639.0,8639.0,-6672.0,6672.0,1967.0,0.0,-1757.0,1755.0,,2.0,210.0,-19.0,,23.0,,,,-4.0,191.0,278.0,469.0,8.0,8.0,0.0,461.0,,461.0,0.0,0.0,461.0,123.0,-346.0,347.4,1.33,1.35,0.354059,350.4,1.31,1.33,0.342557,
08/02/2014,8459.0,8459.0,-6481.0,6481.0,1978.0,0.0,-1753.0,1748.0,,5.0,225.0,-15.0,,23.0,,,,-8.0,210.0,-73.0,137.0,-10.0,-10.0,0.0,147.0,-1.0,146.0,0.0,0.0,146.0,150.25,14.25,349.3,0.42,0.39,0.430146,352.2,0.42,0.39,0.430146,
11/01/2014,9032.0,9032.0,-6956.0,6956.0,2076.0,0.0,-1871.0,1866.0,,5.0,205.0,-17.0,,22.0,,,,-5.0,188.0,-72.0,116.0,9.0,9.0,0.0,107.0,0.0,107.0,0.0,0.0,107.0,121.000002,5.000002,350.1,0.3,0.33,0.345616,354.0,0.3,0.33,0.344124,
01/31/2015,14209.0,14209.0,-11183.0,11183.0,3026.0,0.0,-2216.0,2223.0,,-7.0,810.0,-12.0,,22.0,,,,-10.0,798.0,-274.0,524.0,4.0,4.0,0.0,520.0,-1.0,519.0,0.0,0.0,519.0,525.0,2.0,351.2,1.48,1.49,1.494875,356.2,1.46,1.47,1.475615,
05/02/2015,8558.0,8558.0,-6528.0,6528.0,2030.0,0.0,-1944.0,1766.0,,178.0,86.0,-11.0,,20.0,,,,-9.0,75.0,-38.0,37.0,-92.0,-92.0,0.0,129.0,0.0,129.0,0.0,0.0,129.0,66.65,29.65,352.4,0.37,0.11,0.189132,357.6,0.36,0.1,0.182914,
08/01/2015,8528.0,8528.0,-6430.0,6430.0,2098.0,0.0,-1810.0,1811.0,,-1.0,288.0,-16.0,,20.0,,,,-4.0,272.0,-108.0,164.0,0.0,0.0,0.0,164.0,0.0,164.0,0.0,0.0,164.0,174.0,10.0,349.6,0.47,0.47,0.497712,353.9,0.46,0.46,0.488257,
10/31/2015,8819.0,8819.0,-6707.0,6707.0,2112.0,0.0,-1882.0,1874.0,,8.0,230.0,-17.0,,20.0,,,,-3.0,213.0,-84.0,129.0,4.0,4.0,0.0,125.0,0.0,125.0,0.0,0.0,125.0,144.0,15.0,344.7,0.36,0.37,0.417755,349.0,0.36,0.37,0.41298,
01/30/2016,13623.0,13623.0,-10672.0,10672.0,2951.0,0.0,-2180.0,2167.0,,13.0,771.0,-21.0,,20.0,,,,1.0,750.0,-273.0,477.0,-2.0,-2.0,0.0,479.0,0.0,479.0,0.0,0.0,479.0,524.0,47.0,339.3,1.41,1.4,1.544356,342.3,1.4,1.39,1.527306,
04/30/2016,8443.0,8443.0,-6298.0,6298.0,2145.0,0.0,-1773.0,1744.0,,29.0,372.0,-12.0,,20.0,,,,-8.0,360.0,-134.0,226.0,-3.0,-3.0,0.0,229.0,0.0,229.0,0.0,0.0,229.0,144.25,-81.75,323.6,0.71,0.7,0.445766,326.7,0.7,0.69,0.43977,
07/30/2016,8533.0,8533.0,-6471.0,6471.0,2062.0,0.0,-1773.0,1773.0,,0.0,289.0,-10.0,,18.0,,,,-8.0,279.0,-97.0,182.0,-16.0,-16.0,0.0,198.0,0.0,198.0,0.0,0.0,198.0,183.0,1.0,320.8,0.62,0.57,0.570449,322.9,0.61,0.56,0.563097,
10/29/2016,8945.0,8945.0,-6742.0,6742.0,2203.0,0.0,-1891.0,1890.0,,1.0,312.0,-8.0,,16.0,,,,-8.0,304.0,-112.0,192.0,-2.0,-2.0,0.0,194.0,0.0,194.0,0.0,0.0,194.0,193.0,1.0,316.2,0.61,0.61,0.610373,320.0,0.61,0.6,0.603125,
01/28/2017,13482.0,13482.0,-10452.0,10452.0,3030.0,0.0,-2149.0,2140.0,,9.0,881.0,-8.0,,18.0,,,,-10.0,873.0,-266.0,607.0,0.0,0.0,0.0,607.0,0.0,607.0,0.0,0.0,607.0,620.35,13.35,313.3,1.94,1.94,1.980051,318.3,1.91,1.91,1.951942,
04/29/2017,8528.0,8528.0,-6506.0,6506.0,2022.0,0.0,-1722.0,1722.0,,0.0,300.0,-8.0,,19.0,,,,-11.0,292.0,-104.0,188.0,0.0,0.0,0.0,188.0,0.0,188.0,0.0,0.0,188.0,191.25,3.25,309.2,0.61,0.61,0.618532,315.0,0.6,0.6,0.610317,
07/29/2017,8940.0,8940.0,-6787.0,6787.0,2153.0,0.0,-1832.0,1830.0,,2.0,321.0,-11.0,,18.0,,,,-7.0,310.0,-101.0,209.0,0.0,0.0,0.0,209.0,0.0,209.0,0.0,0.0,209.0,214.0,5.0,304.1,0.69,0.69,0.703716,310.8,0.67,0.67,0.686088,
10/28/2017,9320.0,9320.0,-7040.0,7040.0,2280.0,0.0,-1930.0,1932.0,,-2.0,350.0,-8.0,,20.0,,,,-12.0,342.0,-104.0,238.0,-1.0,-1.0,0.0,239.0,0.0,239.0,0.0,0.0,239.0,238.0,0.0,299.1,0.8,0.8,0.8,305.4,0.78,0.78,0.78,
02/03/2018,15363.0,15363.0,-11942.0,11942.0,3421.0,0.0,-2549.0,2539.0,,10.0,872.0,1.0,,18.0,,,,-19.0,873.0,-509.0,364.0,0.0,0.0,0.0,364.0,0.0,364.0,0.0,0.0,364.0,647.3604,283.3604,289.9,1.26,1.26,2.233047,296.7,1.23,1.23,2.18504,
05/05/2018,9109.0,9109.0,-6984.0,6984.0,2125.0,0.0,-1860.0,1830.0,,30.0,265.0,-8.0,,19.0,,,,-11.0,257.0,-49.0,208.0,0.0,0.0,0.0,208.0,0.0,208.0,0.0,0.0,208.0,236.58,28.58,282.6,0.74,0.74,0.837155,288.3,0.72,0.72,0.819133,
08/04/2018,9379.0,9379.0,-7150.0,7150.0,2229.0,0.0,-1894.0,1877.0,,17.0,335.0,-6.0,,19.0,,,,-13.0,329.0,-85.0,244.0,0.0,0.0,0.0,244.0,0.0,244.0,0.0,0.0,244.0,258.58,14.58,279.0,0.88,0.88,0.92681,283.7,0.86,0.86,0.911392,
11/03/2018,9590.0,9590.0,-7266.0,7266.0,2324.0,0.0,-2002.0,2002.0,,0.0,322.0,8.0,,15.0,,,,-23.0,330.0,-53.0,277.0,0.0,0.0,0.0,277.0,0.0,277.0,0.0,0.0,277.0,265.94,-11.06,274.3,1.01,1.01,0.969522,279.3,0.99,0.99,0.950401,
02/02/2019,14801.0,14801.0,-11518.0,11518.0,3283.0,0.0,-2305.0,2306.0,,-1.0,978.0,-6.0,,20.0,,,,-14.0,972.0,-237.0,735.0,0.0,0.0,0.0,735.0,0.0,735.0,0.0,0.0,735.0,733.0,-2.0,269.0,2.73,2.73,2.724907,273.4,2.69,2.69,2.682685,
05/04/2019,9142.0,9142.0,-6973.0,6973.0,2169.0,0.0,-1835.0,1835.0,,0.0,334.0,-4.0,,18.0,,,,-14.0,330.0,-65.0,265.0,0.0,0.0,0.0,265.0,0.0,265.0,0.0,0.0,265.0,265.0,0.0,267.6,0.99,0.99,0.99,271.5,0.98,0.98,0.98,
08/03/2019,9536.0,9536.0,-7253.0,7253.0,2283.0,0.0,-1970.0,1922.0,,48.0,313.0,-6.0,,16.0,,,,-10.0,307.0,-69.0,238.0,0.0,0.0,0.0,238.0,0.0,238.0,0.0,0.0,238.0,283.32,45.32,267.1,0.89,0.89,1.060726,269.4,0.89,0.89,1.058226,
11/02/2019,9764.0,9764.0,-7403.0,7403.0,2361.0,0.0,-1966.0,1973.0,,-7.0,395.0,-6.0,,16.0,,,,-10.0,389.0,-96.0,293.0,0.0,0.0,0.0,293.0,0.0,293.0,0.0,0.0,293.0,294.9,1.9,263.2,1.11,1.11,1.120441,265.2,1.1,1.1,1.107164,
02/01/2020,15196.0,15196.0,-11961.0,11961.0,3235.0,0.0,-2268.0,2268.0,,0.0,967.0,0.0,,14.0,,,,-14.0,967.0,-222.0,745.0,0.0,0.0,0.0,745.0,0.0,745.0,0.0,0.0,745.0,745.0,0.0,259.7,2.87,2.87,2.87,262.4,2.84,2.84,2.84,
05/02/2020,8562.0,8562.0,-6597.0,6597.0,1965.0,0.0,-1736.0,1735.0,,1.0,229.0,-11.0,,17.0,,,,-6.0,218.0,-59.0,159.0,0.0,0.0,0.0,159.0,0.0,159.0,0.0,0.0,159.0,159.79,0.79,258.3,0.61,0.61,0.618622,260.4,0.61,0.61,0.613034,
08/01/2020,9910.0,9910.0,-7640.0,7640.0,2270.0,0.0,-1702.0,1702.0,,0.0,568.0,-7.0,,15.0,,,,-8.0,561.0,-129.0,432.0,0.0,0.0,0.0,432.0,0.0,432.0,0.0,0.0,432.0,432.0,0.0,259.5,1.67,1.67,1.67,262.1,1.65,1.65,1.65,
10/31/2020,10725.524,,,,2504.83887496,,,,,,542.056,,,,,,,,540.059,,409.75,,,,,,409.75,,,409.75,417.0,,,1.606,1.606,1.59,,1.606,1.606,1.59,
01/31/2021,15815.0,,,,3290.1526,,,,,,1026.389,,,,,,,,1023.706,,781.75,,,,,,781.75,,,781.75,781.25,,,2.993,2.993,2.966,,2.993,2.993,2.966,
