Date,Revenue,Sales & Services Revenue,Cost of Revenue,Cost of Goods & Services,Gross Profit,Other Operating Income,Operating Expenses,"Selling, General & Admin",Research & Development,Other Operating Expense,Operating Income (Loss),Non-Operating (Income) Loss,"Interest Expense, Net",Interest Expense,Interest Income,Foreign Exch (Gain) Loss,Other Non-Op (Income) Loss,Pretax Income,Income Tax Expense (Benefit),Income (Loss) from Cont Ops,Net Extraordinary Losses (Gains),Discontinued Operations,XO & Accounting Changes,Income (Loss) Incl. MI,Minority Interest,"Net Income, GAAP",Preferred Dividends,Other Adjustments,"Net Income Avail to Common, GAAP","Net Income Avail to Common, Adj",Net Abnormal Losses (Gains),Basic Weighted Avg Shares,"Basic EPS, GAAP",Basic EPS from Cont Ops,"Basic EPS from Cont Ops, Adjusted",Diluted Weighted Avg Shares,"Diluted EPS, GAAP",Diluted EPS from Cont Ops,"Diluted EPS from Cont Ops, Adjusted",Source: Bloomberg
03/31/1990,195.199997,,-110.300003,,84.899994,,-66.199997,,,,18.700001,-4.2,,4.2,,0.0,0.0,14.500001,-5.3,9.2,0.0,,,9.200001,0.0,9.2,0.0,,9.2,9.2,,109.639999,0.085,0.085,,109.639999,0.085,0.085,0.085,
06/30/1990,194.100006,,-104.699997,,89.400009,,-68.5,,,,20.9,-5.0,,5.0,,0.0,0.0,15.9,-5.8,10.1,0.0,,,10.099999,0.0,10.1,0.0,,10.1,10.1,,108.461998,0.095,0.095,,108.461998,0.095,0.095,0.095,
09/30/1990,199.600006,,-114.0,,85.600006,,-75.699997,,,,9.9,4.2,,0.0,,0.0,-4.2,14.099999,-3.6,10.5,0.0,,,10.5,0.0,10.5,0.0,,10.5,10.5,,107.375999,0.1,0.1,,107.375999,0.1,0.1,0.1,
12/31/1990,196.399994,,-104.800003,,91.599991,,-74.300003,,,,17.299999,-3.3,,5.7,,0.0,-2.4,13.999999,-3.5,10.5,0.0,,,10.499999,0.0,10.5,0.0,,10.5,10.5,,106.028,0.1,0.1,0.1,106.028,0.1,0.1,0.1,
03/31/1991,211.5,,-113.199997,,98.300003,,-75.900002,,,,22.4,-4.1,,4.1,,0.0,0.0,18.3,-4.7,13.6,0.0,,,13.6,0.0,13.6,0.0,,13.6,13.6,,106.0,0.13,0.13,,106.0,0.13,0.13,0.13,
06/30/1991,218.699997,,-116.699997,,102.0,,-79.0,,,,23.0,-3.6,,3.6,,0.0,0.0,19.4,-5.0,14.4,0.0,,,14.4,0.0,14.4,0.0,,14.4,14.4,,106.078003,0.135,0.135,,106.078003,0.135,0.135,0.135,
09/30/1991,220.199997,,-117.5,,102.699997,,-79.599998,,,,23.1,-4.2,,4.2,,0.0,0.0,18.900001,-4.8,14.1,0.0,,,14.1,0.0,14.1,0.0,,14.1,14.1,,106.115997,0.13,0.13,,106.115997,0.13,0.13,0.13,
12/31/1991,225.600006,,-120.099998,,105.500008,,-81.0,,,,24.5,-4.2,,2.2,,0.0,2.0,20.3,-5.2,15.1,0.0,,,15.1,0.0,15.1,0.0,,15.1,15.1,,106.055,0.145,0.145,0.145,106.055,0.145,0.145,0.145,
03/31/1992,237.5,,-124.5,,113.0,,-85.400002,,,,27.6,-3.6,,3.6,,0.0,0.0,24.0,-7.2,16.799999,0.0,,,16.800001,0.0,16.799999,0.0,,16.799999,16.799999,,106.106003,0.16,0.16,,106.106003,0.16,0.16,0.16,
06/30/1992,245.0,,-126.199997,,118.800003,,-88.5,,,,30.299999,-4.6,,4.6,,0.0,0.0,25.699999,-7.7,18.0,0.0,,,18.0,0.0,18.0,0.0,,18.0,18.0,,106.024002,0.17,0.17,,106.024002,0.17,0.17,0.17,
09/30/1992,252.199997,,-129.699997,,122.5,,-90.699997,,,,31.799999,-4.6,,4.6,,0.0,0.0,27.199999,-8.1,19.1,0.0,,,19.099999,0.0,19.1,0.0,,19.1,19.1,,105.928001,0.18,0.18,,105.928001,0.18,0.18,0.18,
12/31/1992,255.5,,-130.5,,125.0,,-92.300003,,,,32.700001,-5.4,,2.6,,0.0,2.8,27.300001,-9.0,21.1,0.0,,,18.300001,0.0,21.1,0.0,,21.1,21.1,,105.662002,0.2,0.2,0.2,105.662002,0.2,0.2,0.2,
03/31/1993,236.399994,,-116.5,,119.899994,,-90.0,,,,29.9,9.6,,,,0.0,-9.6,39.5,-12.6,26.9,6.1,,,20.8,0.0,20.799999,0.0,,20.799999,20.799999,,105.652,0.195,0.255,,105.652,0.195,0.255,0.255,
06/30/1993,243.899994,,-119.0,,124.899994,,-92.199997,,,,32.700001,-3.7,,,,0.0,3.7,29.000001,-8.7,20.299999,0.0,,,20.300001,0.0,20.299999,0.0,,20.299999,20.299999,,104.655998,0.195,0.195,,104.655998,0.195,0.195,0.195,
09/30/1993,243.5,,-119.099998,,124.400002,,-90.599998,,,,33.799999,-65.900002,,,,0.0,65.900002,-32.100002,6.9,-25.200001,0.0,,,-25.200002,0.0,-25.200001,0.0,,-25.200001,-25.200001,,103.900002,-0.24,-0.24,,103.900002,-0.24,-0.24,-0.24,
12/31/1993,247.0,,-122.099998,,124.900002,,-92.800003,,,,32.099998,41.799999,,,,0.0,-41.799999,73.899997,-22.4,40.099998,0.0,,,51.499997,0.0,40.099998,0.0,,40.099998,40.099998,,103.379998,0.385,0.385,0.385,103.379998,0.385,0.385,0.385,
03/31/1994,247.399994,,-121.300003,,126.099991,,-89.5,,,,36.599998,-3.6,,2.6,,0.0,1.0,32.999999,-10.2,22.799999,0.0,,,22.799999,0.0,22.799999,0.0,,22.799999,22.799999,,104.054001,0.22,0.22,,104.054001,0.22,0.22,0.22,
06/30/1994,256.299988,,-124.5,,131.799988,,-93.599998,,,,38.200001,-4.4,,3.2,,0.0,1.2,33.800001,-10.5,23.299999,0.0,,,23.300001,0.0,23.299999,0.0,,23.299999,23.299999,,103.907997,0.225,0.225,,103.907997,0.225,0.225,0.225,
09/30/1994,259.200012,,-125.300003,,133.900009,,-96.199997,,,,37.700001,-4.7,,4.1,,0.0,0.6,33.000001,-9.9,23.1,0.0,,,23.100001,0.0,23.1,0.0,,23.1,23.1,,103.998002,0.21,0.21,0.21,103.998002,0.21,0.21,0.21,
12/31/1994,301.700012,,-142.399994,,159.300018,,-118.800003,,,,40.5,-36.199999,,6.4,,0.0,29.799999,4.300001,2.1,6.4,0.0,,,6.400001,0.0,6.4,0.0,,6.4,6.4,,104.112,0.015,0.015,0.015,104.112,0.015,0.015,0.015,
03/31/1995,278.100006,,-134.199997,,143.900009,,-104.199997,,,,39.700001,-4.3,,6.0,,0.0,-1.7,35.400001,-10.5,24.9,0.0,,,24.900001,0.0,24.9,0.0,,24.9,24.9,,112.916,0.22,0.22,,112.916,0.22,0.22,0.22,
06/30/1995,291.100006,,-140.600006,,150.5,,-109.599998,,,,40.900002,-5.0,,6.5,,0.0,-1.5,35.900002,-10.9,25.0,0.0,,,25.000002,0.0,25.0,0.0,,25.0,25.0,,113.050003,0.22,0.22,,113.050003,0.22,0.22,0.22,
09/30/1995,277.600006,,-134.199997,,143.400009,,-118.599998,,,,24.799999,-3.5,,6.2,,0.0,-2.7,21.299999,-7.2,14.1,0.0,,,14.099999,0.0,14.1,0.0,,14.1,14.1,,110.566002,0.125,0.125,0.125,110.566002,0.125,0.125,0.125,
12/31/1995,323.0,,-151.899994,,171.100006,,-133.5,,,,37.599998,-4.4,,6.3,,0.0,-1.9,33.199998,-8.8,24.4,0.0,,,24.399998,0.0,24.4,0.0,,24.4,24.4,,112.014,0.175,0.175,0.175,112.014,0.175,0.175,0.175,
03/31/1996,289.200012,,-140.600006,,148.600006,,-105.699997,,,,42.900002,-32.299999,,6.0,,,26.299999,10.600002,16.5,27.1,0.0,,,27.100002,0.0,27.1,0.0,,27.1,27.1,,113.806,0.24,0.24,0.245,115.32,0.235,0.235,0.24,
06/30/1996,295.200012,,-143.300003,,151.900009,,-109.800003,,,,42.099998,-3.1,,6.1,,,-3.0,38.999999,-11.5,27.5,0.0,,,27.499999,0.0,27.5,0.0,,27.5,27.5,,114.017998,0.24,0.24,0.23,117.022003,0.235,0.235,0.225,
09/30/1996,295.799988,,-146.600006,,149.199982,,-108.900002,,,,40.299999,-25.1,,6.6,,,18.5,15.199999,-3.8,11.4,0.0,,,11.399999,0.0,11.4,0.0,,11.4,11.4,,114.0,0.1,0.1,0.21,120.0,0.095,0.095,0.205,
12/31/1996,314.200012,,-150.800003,,163.400009,,-118.699997,,,,44.700001,-6.8,,7.7,,,-0.9,37.900001,-11.4,26.5,0.0,,,26.500001,0.0,26.5,0.0,,26.5,26.5,,115.218002,0.23,0.23,0.23,115.218002,0.23,0.23,0.23,
03/31/1997,300.700012,,-143.199997,,157.500015,,-115.199997,,,,42.299999,-4.4,,8.2,,,-3.8,37.899999,-11.8,26.1,0.0,,,26.099999,0.0,26.1,0.0,,26.1,26.1,,114.057998,0.23,0.23,0.23,114.952004,0.225,0.225,0.225,
06/30/1997,304.0,,-143.699997,,160.300003,,-118.099998,,,,42.200001,-4.5,,8.5,,,-4.0,37.700001,-11.5,26.200001,0.0,,,26.200001,0.0,26.200001,0.0,,26.200001,26.200001,,114.042,0.23,0.23,0.23,115.288002,0.225,0.225,0.225,
09/30/1997,297.5,,-139.300003,,158.199997,,-119.300003,,,,38.900002,-43.900001,,8.2,,,35.700001,-4.999999,1.2,-3.8,0.0,,,-3.799999,0.0,-3.8,0.0,,-3.8,-3.8,,114.108002,-0.035,-0.035,0.23,115.484002,-0.035,-0.035,0.23,
12/31/1997,311.299988,,-146.600006,,164.699982,,-123.699997,,,,41.0,-6.7,,8.0,,,-1.3,34.3,-10.5,23.799999,0.0,,,23.8,0.0,23.799999,0.0,,23.799999,23.799999,,113.54,0.21,0.21,0.225,113.980004,0.21,0.21,0.225,
03/31/1998,296.299988,,-140.899994,,155.399994,,-114.5,,,,40.900002,-4.6,,8.2,,0.0,-3.6,36.300002,-11.4,24.9,0.0,,,24.900002,0.0,24.9,0.0,,24.9,24.9,,113.638,0.22,0.22,0.22,114.237999,0.22,0.22,0.22,
06/30/1998,300.600006,,-144.600006,,156.0,,-118.199997,,,,37.799999,24.4,,7.1,,0.0,-31.5,62.199999,-22.0,40.200001,0.0,,,40.199999,0.0,40.200001,0.0,,40.200001,40.200001,,113.185998,0.355,0.355,0.19,113.888,0.355,0.355,0.19,
09/30/1998,298.5,,-144.899994,,153.600006,,-113.0,,,,40.599998,-6.5,,7.6,,0.0,-1.1,34.099999,-10.6,23.5,0.0,,,23.499998,0.0,23.5,0.0,,23.5,23.5,,111.872002,0.21,0.21,0.21,112.716003,0.21,0.21,0.21,
12/31/1998,269.299988,,-123.699997,,145.599991,,-106.199997,,,,39.400002,292.399994,,3.5,,0.0,-295.899994,331.799995,-168.100006,163.699997,0.0,,,163.699989,0.0,163.699997,0.0,,163.699997,163.699997,,106.875999,1.53,1.53,0.255,108.033997,1.515,1.515,0.24,
03/31/1999,248.5,,-109.4,,139.1,,-94.5,,,,44.6,-4.7,,4.2,,0.0,0.5,39.9,-13.3,26.6,0.0,,,26.6,0.0,26.6,0.0,,26.6,26.6,,102.664,0.26,0.26,0.26,104.08,0.255,0.255,0.255,
06/30/1999,257.799988,,-114.5,,143.299988,,-97.199997,,,,46.099998,-4.7,,4.8,,0.0,-0.1,41.399998,-13.2,28.200001,0.0,,,28.199998,0.0,28.200001,0.0,,28.200001,28.200001,,102.255997,0.275,0.275,0.275,103.334,0.275,0.275,0.275,
09/30/1999,259.5,,-116.199997,,143.300003,,-94.699997,,,,48.599998,-4.7,,5.1,,0.0,-0.4,43.899999,-13.8,30.1,0.0,,,30.099998,0.0,30.1,0.0,,30.1,30.1,,102.304001,0.295,0.295,0.295,103.342003,0.29,0.29,0.29,
12/31/1999,270.7,,-122.2,,148.5,,-97.9,,,,50.6,-2.5,,5.2,,0.0,-2.7,48.1,-14.9,33.2,0.0,,,33.2,0.0,33.2,0.0,,33.2,33.2,,102.152,0.325,0.325,0.265,103.626,0.32,0.32,0.26,
03/31/2000,268.5,,-120.300003,,148.199997,,-99.099998,,,,49.099998,-3.6,,5.3,,0.0,-1.7,45.499998,-14.0,31.5,0.0,,,31.499998,0.0,31.5,0.0,0.0,31.5,31.5,,101.218002,0.31,0.31,0.305,102.122002,0.31,0.31,0.305,
06/30/2000,274.600006,,-124.5,,150.100006,,-102.5,,,,47.599998,0.8,5.2,5.2,,0.0,-6.0,48.399998,-15.3,33.099998,0.0,,,33.099998,0.0,33.099998,0.0,0.0,33.099998,33.099998,,101.042,0.33,0.33,0.33,101.987998,0.325,0.325,0.325,
09/30/2000,275.399994,,-126.099998,,149.299996,,-100.900002,,,,48.400002,0.9,,4.9,,0.0,-5.8,49.300002,-15.3,34.0,0.0,,,34.000002,0.0,34.0,0.0,,34.0,34.0,,101.533996,0.335,0.335,0.315,102.648002,0.33,0.33,0.31,
12/31/2000,280.3,,-128.4,,151.9,,-102.7,,,,49.2,-38.4,3.9,3.9,,0.0,34.5,10.8,-2.5,8.3,0.0,,,8.3,0.0,8.3,0.0,0.0,8.3,8.3,,101.716,0.08,0.08,0.35,102.688,0.08,0.08,0.345,
03/31/2001,284.799988,,-132.5,,152.299988,,-101.0,,,,51.299999,-3.9,,4.0,,0.0,-0.1,47.399999,-14.2,33.200001,0.0,,,33.199999,0.0,33.200001,0.0,0.0,33.200001,33.200001,,101.400002,0.325,0.325,0.325,102.599998,0.325,0.325,0.325,
06/30/2001,295.899994,,-138.199997,,157.699997,,-107.300003,,,,50.400002,-0.4,3.7,3.7,,0.0,-3.3,50.000002,-15.0,35.0,0.0,,,35.000002,0.0,35.0,0.0,0.0,35.0,35.0,,101.400002,0.345,0.345,0.345,102.800004,0.34,0.34,0.34,
09/30/2001,297.799988,,-139.5,,158.299988,,-104.300003,,,,54.0,-2.8,,3.5,-1.5,0.8,0.0,51.2,-15.5,35.700001,0.0,,,35.7,0.0,35.700001,0.0,0.0,35.700001,35.700001,,102.648002,0.35,0.35,0.35,104.552002,0.34,0.34,0.34,
12/31/2001,302.8,,-140.3,,162.5,,-103.2,,,,59.3,-3.0,3.0,3.0,,0.0,0.0,56.3,-17.0,39.3,0.0,,,39.3,0.0,39.3,0.0,0.0,39.3,39.3,,103.926,0.38,0.38,0.38,105.786,0.37,0.37,0.37,
03/31/2002,301.899994,,-139.5,,162.399994,,-102.599998,,,,59.799999,-11.4,,3.2,-1.4,-0.6,10.2,48.399999,-13.7,34.700001,0.0,,,34.699999,0.0,34.700001,0.0,0.0,34.700001,34.700001,,105.0,0.33,0.33,0.395,106.400002,0.325,0.325,0.39,
06/30/2002,317.5,,-147.0,,170.5,,-107.699997,,,,62.799999,-1.4,,3.2,-1.6,-0.1,-0.1,61.399999,-17.5,43.900002,0.0,,,43.899999,0.0,43.900002,0.0,0.0,43.900002,43.900002,,104.599998,0.42,0.42,0.42,106.199996,0.415,0.415,0.415,
09/30/2002,322.700012,,-149.199997,,173.500015,,-110.099998,,,,63.400002,-26.7,,3.1,-1.7,0.0,25.3,36.700002,-6.9,29.799999,0.0,,,29.800002,0.0,29.799999,0.0,0.0,29.799999,29.799999,,103.400002,0.29,0.29,0.425,104.599998,0.285,0.285,0.425,
12/31/2002,331.700012,,-147.0,,184.700012,,-118.5,,,,66.199997,-1.7,,3.1,-1.8,0.4,0.0,64.499997,-17.9,46.599998,0.0,,,46.599997,0.0,46.599998,0.0,0.0,46.599998,46.599998,,103.400002,0.45,0.45,0.45,104.800004,0.445,0.445,0.445,
03/31/2003,335.899994,,-146.199997,,189.699997,,-123.599998,,,,66.099998,-1.4,1.4,3.1,-1.7,0.0,0.0,64.699998,-17.799999,46.900002,0.0,,,46.899999,0.0,46.900002,0.0,0.0,46.900002,46.900002,,103.400002,0.455,0.455,0.455,105.0,0.445,0.445,0.445,
06/30/2003,354.200012,,-152.600006,,201.600006,,-131.699997,,,,69.900002,-1.7,,3.2,-1.6,0.1,0.0,68.200002,-18.700001,49.5,0.0,,,49.500001,0.0,49.5,0.0,0.0,49.5,49.5,,103.400002,0.48,0.48,0.48,105.599998,0.47,0.47,0.47,
09/30/2003,361.799988,,-154.699997,,207.099991,,-133.899994,,,,73.199997,-2.1,,3.2,-1.6,0.4,0.1,71.099997,-19.6,51.5,0.0,,,51.499997,0.0,51.5,0.0,0.0,51.5,51.5,,103.599998,0.495,0.495,0.495,105.199996,0.49,0.49,0.49,
12/31/2003,381.200012,,-155.899994,,225.300018,,-146.300003,,,,79.0,-59.799999,,3.0,-1.7,0.0,58.499999,19.200001,1.4,20.6,0.0,,,20.600001,0.0,20.6,0.0,0.0,20.6,20.6,,103.599998,0.2,0.2,0.535,105.599998,0.195,0.195,0.53,
03/31/2004,393.8,,-161.6,,232.2,,-143.9,,,,88.3,10.0,1.8,3.4,-1.6,0.1,-11.9,98.3,-26.4,71.9,0.0,,,71.9,0.0,71.9,0.0,0.0,71.9,71.9,,104.0,0.69,0.69,0.63,106.6,0.675,0.675,0.615,
06/30/2004,416.299988,,-169.0,,247.299988,,-155.399994,,,,91.900002,-12.8,1.3,3.0,-1.7,0.3,11.2,79.100002,-20.4,58.700001,0.0,,,58.700002,0.0,58.700001,0.0,0.0,58.700001,58.700001,,104.5,0.56,0.56,0.63,107.5,0.55,0.55,0.62,
09/30/2004,421.899994,,-168.100006,,253.799988,,-159.399994,,,,94.400002,47.299999,1.3,3.4,-2.1,0.1,-48.699999,141.700001,-39.299999,102.400002,0.0,,,102.400002,0.0,102.400002,0.0,0.0,102.400002,102.400002,,104.599998,0.98,0.98,0.66,107.400002,0.95,0.95,0.64,
12/31/2004,424.1,,-161.6,,262.5,,-173.9,,,,88.6,6.5,,2.9,-3.0,0.4,-6.8,95.1,-25.3,69.8,0.0,,,69.8,0.0,69.8,0.0,0.0,69.8,69.8,,104.6,0.67,0.67,0.67,107.5,0.65,0.65,0.65,
03/31/2005,428.6,,-164.9,,263.7,,-155.8,128.6,,27.2,107.9,3.3,-0.4,3.1,-3.5,0.0,-2.9,111.2,-29.9,81.3,0.0,,,81.3,0.0,81.3,0.0,0.0,81.3,81.3,,104.9,0.78,0.78,0.76,108.2,0.75,0.75,0.73,
06/30/2005,447.4,,-173.5,,273.9,,-165.0,136.0,,29.0,108.9,8.4,-1.0,3.1,-4.1,1.2,-8.6,117.3,-32.0,85.3,0.0,,,85.3,0.0,85.3,0.0,0.0,85.3,85.3,,105.2,0.81,0.81,0.762,108.5,0.79,0.79,0.743,
09/30/2005,443.3,,-166.4,,276.9,,-161.9,132.7,,29.2,115.0,-6.0,-1.7,3.1,-4.8,0.4,7.3,109.0,-18.6,90.4,0.0,,,90.4,0.0,90.4,0.0,0.0,90.4,90.4,,105.0,0.86,0.86,0.7952,108.3,0.83,0.83,0.767,
12/31/2005,452.0,,-177.9,,274.1,,-166.5,,,,107.6,4.5,,2.9,-6.1,0.1,-1.4,112.1,-32.0,80.1,0.0,,,80.1,0.0,80.1,0.0,0.0,80.1,80.1,,104.4,0.77,0.77,0.81,107.4,0.75,0.75,0.79,
03/31/2006,465.9,,-178.1,,287.8,,-180.6,142.3,,38.3,107.2,3.0,-3.1,4.7,-7.8,-0.3,0.4,110.2,-28.7,81.5,0.4,,,81.1,0.0,81.1,0.0,0.0,81.1,81.1,,103.8,0.78,0.79,0.8641,107.0,0.76,0.76,0.8319,
06/30/2006,496.5,,-194.8,,301.7,,-190.5,153.3,,37.2,111.2,3.1,-1.8,4.5,-6.3,0.0,-1.3,114.3,-33.2,81.1,-0.3,,,81.4,0.0,81.4,0.0,0.0,81.4,81.4,,103.5,0.79,0.78,0.894,107.0,0.76,0.76,0.8703,
09/30/2006,497.5,,-193.5,,304.0,,-191.7,160.8,,30.9,112.3,-17.4,-2.6,4.0,-6.6,-0.1,20.1,94.9,-7.1,87.8,0.2,,,87.6,0.0,87.6,0.0,0.0,87.6,87.6,,103.2,0.85,0.85,0.8539,106.6,0.82,0.82,0.8238,
12/31/2006,519.7,,-201.2,,318.5,,-197.3,158.8,,38.5,121.2,-46.0,-3.5,3.7,-7.2,-0.3,49.8,75.2,-11.1,64.1,42.1,,,22.0,0.0,22.0,0.0,0.0,22.0,22.0,,103.3,0.21,0.62,1.313,106.8,0.21,0.6,1.27,
03/31/2007,528.2,,-206.5,,321.7,,-183.8,153.7,,30.1,137.9,4.5,-4.2,2.9,-7.1,-0.2,-0.1,142.4,-40.8,101.6,0.0,,,101.6,0.0,101.6,0.0,0.0,101.6,101.6,,103.3,0.98,0.98,0.98,106.7,0.95,0.95,0.95,
06/30/2007,545.7,,-216.6,,329.1,,-195.6,160.5,,35.1,133.5,5.8,-5.2,3.0,-8.2,0.0,-0.6,139.3,-41.8,97.5,0.0,,,97.5,0.0,97.5,0.0,0.0,97.5,97.5,,103.6,0.94,0.94,0.95,106.9,0.91,0.91,0.92,
09/30/2007,544.8,,-213.7,,331.1,,-194.9,160.9,,34.0,136.2,6.0,-5.2,2.9,-8.1,0.0,-0.8,142.2,-40.1,102.1,0.0,,,102.1,0.0,102.1,0.0,0.0,102.1,102.1,,102.7,0.99,0.99,0.95,105.9,0.96,0.96,0.93,
12/31/2007,583.3,,-227.7,,355.6,,-206.3,169.7,,36.6,149.3,4.1,-4.2,3.1,-7.3,-0.6,0.7,153.4,-48.2,105.2,0.0,,,105.2,0.0,105.2,0.0,0.0,105.2,105.2,,101.0,1.04,1.04,1.04,104.1,1.01,1.01,1.01,
03/31/2008,584.0,,-225.5,,358.5,,-205.4,168.9,,36.5,153.1,-48.3,-2.6,3.0,-5.6,1.0,49.9,104.8,-26.8,78.0,0.0,,,78.0,0.0,78.0,0.0,0.0,78.0,78.0,,100.0,0.78,0.78,1.09,103.3,0.76,0.76,1.06,
06/30/2008,617.1,,-242.9,,374.2,0.0,-219.0,180.8,,38.2,155.2,-35.6,-1.2,3.0,-4.2,,36.8,119.6,-41.0,78.6,,,,78.6,-0.7,77.9,,0.0,77.9,77.9,,99.3,0.77,0.77,1.1779,102.4,0.76,0.76,1.168,
09/30/2008,616.8,,-238.6,,378.2,0.0,-215.7,180.6,,35.1,162.5,-1.2,-0.8,3.1,-3.9,,2.0,161.3,-49.2,112.1,0.0,0.0,0.0,112.1,-0.9,111.2,0.0,0.0,111.2,111.2,,99.3,1.1,1.1,1.1,101.3,1.08,1.08,1.08,
12/31/2008,634.2,,-242.6,,391.6,0.0,-219.2,179.2,,40.0,172.4,-5.7,0.2,3.0,-2.8,,5.5,166.7,-16.4,150.3,0.0,,,150.3,-0.9,149.4,,0.0,149.4,149.4,,99.3,1.48,1.48,1.2,101.0,1.46,1.46,1.18,
03/31/2009,596.4,596.4,-224.3,224.3,372.1,0.0,-200.7,164.3,36.4,0.0,171.4,-12.3,1.6,3.0,-1.4,0.7,10.0,159.1,-45.9,113.2,0.0,0.0,0.0,113.2,-0.7,112.5,0.0,-1.2,111.3,117.8,6.5,99.3,1.12,1.12,1.186304,100.9,1.1,1.1,1.16442,
06/30/2009,624.6,624.6,-238.6,238.6,386.0,0.0,-211.6,169.9,41.7,0.0,174.4,-10.6,2.2,3.0,-0.8,-2.7,11.1,163.8,-51.4,112.4,0.0,0.0,0.0,112.4,-0.2,112.2,0.0,-1.2,111.0,123.0,12.0,98.5,1.13,1.13,1.248731,99.6,1.11,1.11,1.230482,
09/30/2009,637.0,637.0,-240.9,240.9,396.1,0.0,-207.3,164.3,43.0,0.0,188.8,-3.6,2.3,3.0,-0.7,,1.3,185.2,-55.2,130.0,0.0,0.0,0.0,130.0,-0.5,129.5,0.0,-1.3,128.2,128.2,0.0,97.0,1.32,1.32,1.32,98.1,1.31,1.31,1.31,
12/31/2009,676.9,676.9,-255.2,255.2,421.7,0.0,-242.5,184.0,58.5,0.0,179.2,-15.8,2.1,2.8,-0.7,,13.7,163.4,-57.6,105.8,0.0,0.0,0.0,105.8,0.1,105.9,0.0,-1.1,104.8,133.6,28.8,96.146789,1.09,1.09,1.389542,98.055556,1.08,1.08,1.373711,
03/31/2010,650.8,650.8,-252.7,252.7,398.1,0.0,-220.3,179.7,40.6,0.0,177.8,-2.8,2.2,2.9,-0.7,0.4,0.2,175.0,-53.8,121.2,0.0,0.0,0.0,121.2,-0.3,120.9,0.0,-1.4,119.5,121.0,1.5,95.4,1.25,1.25,1.268344,96.7,1.24,1.24,1.255512,
06/30/2010,673.9,673.9,-251.7,251.7,422.2,0.0,-234.6,189.5,45.1,0.0,187.6,-4.9,1.9,2.8,-0.9,0.6,2.4,182.7,-58.0,124.7,0.0,0.0,0.0,124.7,-0.1,124.6,0.0,-1.4,123.2,132.6,9.4,94.4,1.31,1.31,1.404661,95.6,1.29,1.29,1.388326,
09/30/2010,678.4,678.4,-251.9,251.9,426.5,0.0,-233.4,185.9,47.5,0.0,193.1,-9.9,2.1,3.2,-1.1,-0.8,8.6,183.2,-55.7,127.5,0.0,0.0,0.0,127.5,0.0,127.5,0.0,-1.3,126.2,133.2,7.0,93.3,1.35,1.35,1.427653,94.3,1.34,1.34,1.414231,
12/31/2010,717.1,717.1,-263.7,263.7,453.4,0.0,-256.9,204.7,52.2,0.0,196.5,-19.7,2.8,3.8,-1.0,,16.9,176.8,-40.6,136.2,0.0,0.0,0.0,136.2,0.0,136.2,0.0,-1.4,134.8,148.2,13.4,90.8,1.48,1.48,1.632159,92.0,1.47,1.47,1.615652,
03/31/2011,700.3,700.3,-264.8,264.8,435.5,0.0,-242.3,194.3,48.0,0.0,193.2,-9.2,8.4,9.1,-0.7,-0.1,0.9,184.0,-52.1,131.9,0.0,0.0,0.0,131.9,0.0,131.9,0.0,-2.6,129.3,131.1,1.8,85.3,1.52,1.52,1.536928,87.0,1.49,1.49,1.51069,
06/30/2011,725.0,725.0,-275.5,275.5,449.5,0.0,-243.7,196.8,46.9,0.0,205.8,-203.1,7.8,9.0,-1.2,0.2,195.1,2.7,-50.5,-47.8,0.0,0.0,0.0,-47.8,0.0,-47.8,0.0,0.0,-47.8,141.7,189.5,86.2,-0.55,-0.55,1.643852,88.6,-0.55,-0.55,1.588826,
09/30/2011,719.2,719.2,-274.9,274.9,444.3,0.0,-236.2,189.3,46.9,0.0,208.1,-26.0,7.8,9.0,-1.2,0.8,17.4,182.1,-52.0,130.1,0.0,0.0,0.0,130.1,0.0,130.1,0.0,-2.3,127.8,142.6,14.8,86.6,1.48,1.48,1.646651,87.8,1.46,1.46,1.628565,
12/31/2011,751.9,751.9,-282.1,282.1,469.8,0.0,-257.8,214.2,43.6,0.0,212.0,-70.0,8.9,9.3,-0.4,,61.1,142.0,-28.2,113.8,0.0,0.0,0.0,113.8,0.0,113.8,0.0,-2.0,111.8,146.6,34.8,85.2,1.31,1.31,1.720657,86.0,1.3,1.3,1.704651,
03/31/2012,730.0,730.0,-279.4,279.4,450.6,0.0,-250.5,202.3,48.2,0.0,200.1,-8.7,9.1,9.5,-0.4,-1.1,0.7,191.4,-52.7,138.7,0.0,0.0,0.0,138.7,0.0,138.7,0.0,-2.7,136.0,136.8,0.8,84.1,1.62,1.62,1.626635,85.1,1.6,1.6,1.609401,
06/30/2012,742.6,742.6,-285.7,285.7,456.9,0.0,-255.5,205.4,50.1,0.0,201.4,-15.9,6.5,9.7,-3.2,1.5,7.9,185.5,-51.6,133.9,0.0,0.0,0.0,133.9,0.0,133.9,0.0,-2.6,131.3,137.9,6.6,83.9,1.56,1.56,1.643623,85.1,1.54,1.54,1.617556,
09/30/2012,722.9,722.9,-272.6,272.6,450.3,0.0,-248.8,196.6,52.2,0.0,201.5,-23.3,8.7,9.7,-1.0,-1.0,15.6,178.2,-48.9,129.3,0.0,0.0,0.0,129.3,0.0,129.3,0.0,-2.4,126.9,139.0,12.1,83.4,1.52,1.52,1.666667,84.6,1.5,1.5,1.643026,
12/31/2012,762.6,762.6,-287.6,287.6,475.0,0.0,-265.7,213.0,52.7,0.0,209.3,-32.0,9.8,10.7,-0.9,,22.2,177.3,-49.1,128.2,0.0,0.0,0.0,128.2,0.0,128.2,0.0,-2.2,126.0,141.7,15.7,82.0,1.54,1.54,1.728049,83.1,1.52,1.52,1.708929,
03/31/2013,740.3,740.3,-295.3,295.3,445.0,0.0,-275.7,216.4,59.3,0.0,169.3,-41.7,11.1,11.4,-0.3,0.7,29.9,127.6,-36.9,90.7,0.0,0.0,0.0,90.7,0.0,90.7,0.0,-1.7,89.0,119.0,30.0,81.3,1.09,1.09,1.463715,82.5,1.08,1.08,1.443636,
06/30/2013,759.9,759.9,-296.6,296.6,463.3,0.0,-292.4,226.3,66.1,0.0,170.9,-306.8,10.8,11.1,-0.3,2.1,293.9,-135.9,-25.7,-161.6,0.0,0.0,0.0,-161.6,0.0,-161.6,0.0,0.0,-161.6,117.2,278.8,79.8,-2.03,-2.03,1.468672,79.8,-2.03,-2.03,1.463734,
09/30/2013,758.0,758.0,-291.9,291.9,466.1,0.0,-323.3,223.9,99.4,0.0,142.8,-23.8,10.9,11.2,-0.3,1.7,11.2,119.0,-25.8,93.2,0.0,0.0,0.0,93.2,0.0,93.2,0.0,-1.6,91.6,120.7,29.1,78.5,1.17,1.17,1.53758,80.0,1.15,1.15,1.51375,
12/31/2013,791.3,791.3,-310.6,310.6,480.7,0.0,-324.6,253.7,70.9,0.0,156.1,946.6,10.9,11.3,-0.4,-0.1,-957.4,1102.7,-435.2,667.5,0.0,0.0,0.0,667.5,0.0,667.5,0.0,-11.5,656.0,89.1,-566.9,77.6,8.45,8.45,1.148196,79.2,8.28,8.28,1.122172,
03/31/2014,799.3,799.3,-309.5,309.5,489.8,0.0,-301.1,236.8,64.3,0.0,188.7,-5.1,10.8,11.1,-0.3,0.8,-6.5,183.6,-35.2,148.4,0.0,0.0,0.0,148.4,0.0,148.4,0.0,-2.5,145.9,132.4,-13.5,77.0,1.89,1.89,1.719481,78.5,1.86,1.86,1.688025,
06/30/2014,827.1,827.1,-320.7,320.7,506.4,0.0,-330.6,245.2,85.4,0.0,175.8,-268.6,10.2,11.3,-1.1,-2.0,260.4,-92.8,-26.6,-119.4,0.0,0.0,0.0,-119.4,0.0,-119.4,0.0,0.0,-119.4,143.0,262.4,75.1,-1.59,-1.59,1.904128,75.1,-1.59,-1.59,1.904008,
09/30/2014,830.0,830.0,-308.9,308.9,521.1,0.0,-315.1,242.0,73.1,0.0,206.0,-25.7,10.9,11.2,-0.3,1.1,13.7,180.3,-49.0,131.3,0.0,0.0,0.0,131.3,0.0,131.3,0.0,-2.2,129.1,147.0,17.9,74.8,1.73,1.73,1.965241,76.3,1.69,1.69,1.9246,
12/31/2014,867.2,867.2,-319.5,319.5,547.7,0.0,-336.7,257.5,79.2,0.0,211.0,-36.3,10.9,11.2,-0.3,1.6,23.8,174.7,-40.5,134.2,0.0,0.0,0.0,134.2,0.0,134.2,0.0,-2.2,132.0,159.0,27.0,75.1,1.76,1.76,2.117177,76.6,1.72,1.72,2.07248,
03/31/2015,819.7,819.7,-311.2,311.2,508.5,0.0,-296.3,235.7,60.6,0.0,212.2,-27.6,11.0,11.3,-0.3,0.3,16.3,184.6,-44.8,139.8,0.0,0.0,0.0,139.8,0.0,139.8,0.0,-2.1,137.7,140.3,2.6,74.4,1.85,1.85,1.885753,75.8,1.82,1.82,1.854301,
06/30/2015,859.8,859.8,-333.7,333.7,526.1,0.0,-314.0,250.0,64.0,0.0,212.1,-152.9,11.1,11.2,-0.1,0.8,141.0,59.2,-113.9,-54.7,0.0,0.0,0.0,-54.7,0.0,-54.7,0.0,0.0,-54.7,154.3,209.0,74.2,-0.74,-0.74,2.079515,74.2,-0.74,-0.74,2.076712,
09/30/2015,865.7,865.7,-336.3,336.3,529.4,0.0,-312.3,247.1,65.2,0.0,217.1,-269.5,10.9,11.2,-0.3,5.7,252.9,-52.4,-33.6,-86.0,0.0,0.0,0.0,-86.0,0.0,-86.0,0.0,0.0,-86.0,154.5,240.5,74.1,-1.16,-1.16,2.08502,74.1,-1.16,-1.16,2.08502,
12/31/2015,870.8,870.8,-320.0,320.0,550.8,0.0,-348.7,279.3,69.4,0.0,202.1,-44.1,9.6,11.2,-1.6,-3.0,37.5,158.0,-21.7,136.3,0.0,0.0,0.0,136.3,0.0,136.3,0.0,-2.7,133.6,161.9,28.3,73.9,1.82,1.82,2.190798,75.2,1.79,1.79,2.16633,
03/31/2016,873.5,873.5,-320.4,320.4,553.1,0.0,-338.9,270.6,68.3,0.0,214.2,-71.3,11.0,11.3,-0.3,-1.9,62.2,142.9,-26.7,116.2,0.0,0.0,0.0,116.2,0.0,116.2,0.0,-0.6,115.6,155.0,39.4,74.0,1.56,1.56,2.094595,75.2,1.54,1.54,2.063936,
06/30/2016,931.5,931.5,-351.0,351.0,580.5,0.0,-349.8,278.5,71.3,0.0,230.7,-23.0,13.0,13.4,-0.4,-2.0,12.0,207.7,-48.5,159.2,0.0,0.0,0.0,159.2,0.0,159.2,0.0,-0.8,158.4,169.7,11.3,74.0,2.14,2.14,2.293243,75.2,2.11,2.11,2.260266,
09/30/2016,941.9,941.9,-352.2,352.2,589.7,0.0,-346.8,272.6,74.2,0.0,242.9,-130.7,14.5,14.9,-0.4,0.9,115.3,112.2,-15.8,96.4,0.0,0.0,0.0,96.4,0.0,96.4,0.0,-0.4,96.0,177.5,81.5,74.1,1.3,1.3,2.395412,75.3,1.27,1.27,2.352337,
12/31/2016,967.1,967.1,-348.1,348.1,619.0,0.0,-359.2,280.2,79.0,0.0,259.8,-58.9,14.4,14.9,-0.5,1.2,43.3,200.9,-41.3,159.6,0.0,0.0,0.0,159.6,0.0,159.6,0.0,-0.8,158.8,186.4,27.6,74.0,2.15,2.15,2.518919,75.1,2.11,2.11,2.47751,
03/31/2017,938.8,938.8,-354.2,354.2,584.6,0.0,-355.4,285.4,70.0,0.0,229.2,-27.7,14.4,15.1,-0.7,-1.6,14.9,201.5,-23.4,178.1,0.0,0.0,0.0,178.1,0.0,178.1,0.0,-0.9,177.2,193.3,16.1,73.1,2.42,2.42,2.644323,74.7,2.37,2.37,2.585529,
06/30/2017,979.7,979.7,-361.3,361.3,618.4,0.0,-361.8,287.3,74.5,0.0,256.6,-87.8,14.0,15.1,-1.1,-1.6,75.4,168.8,-29.1,139.7,0.0,0.0,0.0,139.7,0.0,139.7,0.0,-0.7,139.0,197.5,58.5,73.1,1.9,1.9,2.701778,74.8,1.86,1.86,2.642086,
09/30/2017,989.8,989.8,-379.2,379.2,610.6,0.0,-352.9,281.2,71.7,0.0,257.7,-142.3,12.8,14.9,-2.1,1.7,127.8,115.4,-21.3,94.1,0.0,0.0,0.0,94.1,0.0,94.1,0.0,-0.5,93.6,205.9,112.3,73.4,1.28,1.28,2.805177,75.1,1.25,1.25,2.74534,
12/31/2018,4160.0,4160.0,-2187.0,2187.0,1973.0,0.0,-1085.0,1073.0,258.0,-246.0,888.0,-174.0,,183.0,,,-9.0,714.0,-115.0,599.0,0.0,0.0,0.0,599.0,0.0,599.0,0.0,-38.0,561.0,632.89,71.89,269.035,2.085231,2.085231,2.352445,274.256,2.045534,2.045534,2.307661,
12/31/2019,4225.0,4225.0,-2247.0,2247.0,1978.0,0.0,-1477.0,1121.0,270.0,86.0,501.0,-107.0,,135.0,,,-28.0,394.0,-116.0,278.0,0.0,0.0,0.0,278.0,0.0,278.0,0.0,-38.0,240.0,307.94,67.94,271.102,0.88,0.88,1.135882,274.952,0.87,0.87,1.117098,
03/31/2018,992.0,,,,,,,,,,,,,,,,,,,158.0,,,,,,158.0,,,158.0,,,,2.5,2.5,2.97,,2.5,2.5,2.97,
06/30/2018,1037.0,,,,,,,,,,,,,,,,,,,195.0,,,,,,195.0,,,195.0,,,,2.42,2.42,3.203,,2.42,2.42,3.203,
