Date,Revenue,Sales & Services Revenue,Cost of Revenue,Cost of Goods & Services,Gross Profit,Other Operating Income,Operating Expenses,"Selling, General & Admin",Research & Development,Other Operating Expense,Operating Income (Loss),Non-Operating (Income) Loss,"Interest Expense, Net",Interest Expense,Interest Income,Foreign Exch (Gain) Loss,(Income) Loss from Affiliates,Other Non-Op (Income) Loss,Pretax Income,Income Tax Expense (Benefit),Income (Loss) from Cont Ops,Net Extraordinary Losses (Gains),Discontinued Operations,XO & Accounting Changes,Income (Loss) Incl. MI,Minority Interest,"Net Income, GAAP",Preferred Dividends,Other Adjustments,"Net Income Avail to Common, GAAP","Net Income Avail to Common, Adj",Net Abnormal Losses (Gains),Basic Weighted Avg Shares,"Basic EPS, GAAP",Basic EPS from Cont Ops,"Basic EPS from Cont Ops, Adjusted",Diluted Weighted Avg Shares,"Diluted EPS, GAAP",Diluted EPS from Cont Ops,"Diluted EPS from Cont Ops, Adjusted",Source: Bloomberg
12/31/1989,428.800995,,-241.548004,,187.252991,,-141.903,,,,45.349998,-3.506,,8.368,,,,-4.862,41.843998,-14.101,27.743,0.0,,,27.742999,,27.743,0.0,,27.743,27.743,,313.135986,0.08875,0.08875,,313.135986,0.08875,0.08875,0.08875,
03/31/1990,520.762024,,-282.433014,,238.32901,,-156.417007,,,,81.912003,-13.594,,12.396,,,,1.198,68.318003,-22.802999,45.514999,0.0,,,45.515003,,45.514999,-0.5,,45.014999,45.014999,,310.0,0.145,0.145,,310.0,0.145,0.145,0.145,
06/30/1990,496.569,,-269.05899,,227.51001,,-150.136993,,,,77.373001,-7.151,,10.076,,,,-2.925,70.222001,-23.525,46.696999,0.0,,,46.697001,,46.696999,-0.644,,46.052999,46.052999,,306.59201,0.15,0.15,,306.59201,0.15,0.15,0.15,
09/30/1990,566.521973,,-298.257996,,268.263977,,-167.423004,,,,100.841003,-7.118,,9.395,,1.602,,-3.879,93.723003,-31.421,62.301998,0.0,,,62.302003,,62.301998,-0.645,,61.656998,61.656998,,308.664,0.2,0.2,0.2,308.664,0.2,0.2,0.2,
12/31/1990,482.295013,,-266.372986,,215.922028,,-162.414993,,,,53.507,-8.453,,11.239,,,,-2.786,45.054,-15.575,29.479,0.0,,,29.479,,29.479,-0.643,,28.836,28.836,,308.496002,0.09375,0.09375,,308.496002,0.09375,0.09375,0.09375,
03/31/1991,556.828979,,-294.485992,,262.342987,,-175.136002,,,,87.207001,-12.291,,13.841,,,,-1.55,74.916001,-25.923,48.993,0.0,,,48.993001,,48.993,-0.642,,48.351,48.351,,308.536011,0.15625,0.15625,,308.536011,0.15625,0.15625,0.15625,
06/30/1991,554.577026,,-301.312988,,253.264038,,-172.082993,,,,81.181,-12.167,,12.772,,,,-0.605,69.013999,-19.983999,49.029999,0.0,,,49.03,,49.029999,-0.641,,48.388999,48.388999,,308.992004,0.1575,0.1575,,308.992004,0.1575,0.1575,0.1575,
09/30/1991,578.46698,,-310.175995,,268.290985,,-176.440002,,,,91.850998,-13.532,,12.199,,3.691,,-2.358,78.318998,-16.032,62.286999,0.0,,,62.286998,,62.286999,-0.642,,61.644999,61.644999,,301.911984,0.20375,0.20375,0.20375,301.911984,0.20375,0.20375,0.20375,
12/31/1991,500.981995,,-285.489014,,215.492981,,-171.244995,,,,44.248001,-14.417,,13.104,,,,1.313,29.831001,-8.054,21.777,0.0,,,21.777001,,21.777,-0.639,,21.138,21.138,,307.544006,0.068625,0.068625,,307.544006,0.068625,0.068625,0.068625,
03/31/1992,592.007996,,-321.911011,,270.096985,,-183.494995,,,,86.601997,-16.017,,13.129,,,,2.888,70.584998,-19.058001,51.527,0.0,,,51.526997,,51.527,-0.645,,50.882,50.882,,307.679993,0.1675,0.1675,,307.679993,0.1675,0.1675,0.1675,
06/30/1992,590.570007,,-319.074005,,271.496002,,-181.705002,,,,89.791,-13.708,,12.345,,,,1.363,76.083,-20.542999,55.540001,0.0,,,55.540001,,55.540001,-0.645,,54.895001,54.895001,,308.399994,0.178625,0.178625,,308.399994,0.178625,0.178625,0.178625,
09/30/1992,681.757019,,-375.147003,,306.610016,,-198.658997,,,,107.950996,-14.993,,10.538,,10.845,,-6.39,92.957996,-21.049,71.908997,0.0,,,71.908996,,71.908997,-0.616,,71.292997,71.292997,,303.700016,0.231125,0.231125,0.231125,303.700016,0.231125,0.231125,0.231125,
12/31/1992,560.461975,,-316.661987,,243.799988,,-190.339005,,,,53.460999,-22.012,,12.943,,,,9.069,31.448998,-8.105,23.344,141.056992,,,-117.712993,,-117.712997,-0.632,,-118.344997,-118.344997,,310.015991,-0.3825,0.075,,310.015991,-0.3825,0.075,0.075,
03/31/1993,612.533997,,-337.178009,,275.355988,,-196.276993,,,,79.079002,-5.688,,14.019,,,,-8.331,73.391003,-17.395,55.995998,0.0,,,55.996002,0.0,55.995998,-0.628,,55.367998,55.367998,,309.623993,0.1775,0.1775,,309.623993,0.1775,0.1775,0.1775,
06/30/1993,625.356018,,-342.321014,,283.035004,,-200.050003,,,,82.985001,-8.83,,14.864,,0.0,,-6.034,74.155,-17.094999,57.060001,0.0,,,57.060001,0.0,57.060001,-0.625,,56.435001,56.435001,,307.079987,0.18,0.18,,307.079987,0.18,0.18,0.18,
09/30/1993,667.052979,,-372.240997,,294.811982,,-212.983002,,,,81.829002,-37.93,,11.586,,11.626,,14.718,43.899002,32.541,76.440002,0.0,,,76.440002,0.0,76.440002,-0.864,,75.576002,75.576002,,304.584016,0.245,0.245,0.245,304.584016,0.245,0.245,0.245,
12/31/1993,554.080017,,-312.881989,,241.198029,,-192.179001,,,,49.019001,-15.209001,,10.843,,,,4.366,33.81,-8.114,25.695999,0.0,,,25.696,0.0,25.695999,-0.949,,24.746999,24.746999,,299.220001,0.0825,0.0825,,299.220001,0.0825,0.0825,0.0825,
03/31/1994,634.814026,,-343.082001,,291.732025,,-198.300995,,,,93.431,-18.308,,13.655,,,,4.653,75.123,-18.030001,57.092999,0.0,,,57.092999,0.0,57.092999,-0.928,,56.164999,56.164999,,293.799988,0.19,0.19,,293.799988,0.19,0.19,0.19,
06/30/1994,652.987976,,-357.856995,,295.130981,,-200.563995,,,,94.567001,-15.683,,13.264,,,,2.419,78.884001,-20.809999,58.074001,0.0,,,58.074002,0.0,58.074001,-0.918,,57.156001,57.156001,,290.799988,0.195,0.195,,290.799988,0.195,0.195,0.195,
09/30/1994,717.578979,,-385.812988,,331.765991,,-213.255005,,,,118.511002,-10.169,,9.862,,10.608,,-10.301,108.342002,-22.031,86.310997,0.0,,,86.311002,0.0,86.310997,-0.916,,85.394997,85.394997,,291.679992,0.295,0.295,0.295,291.679992,0.295,0.295,0.295,
12/31/1994,593.476013,,-327.065002,,266.411011,,-206.828995,,,,59.582001,-11.936,,10.554,,,,1.382,47.646001,-14.102,33.543999,0.0,,,33.544001,0.0,33.543999,-0.915,,32.628999,32.628999,,281.644012,0.115,0.115,,281.644012,0.115,0.115,0.115,
03/31/1995,692.838989,,-370.237,,322.60199,,-216.401993,,,,106.199997,-13.975,,11.571,,,,2.404,92.224997,-27.296,64.929001,0.0,,,64.928997,0.0,64.929001,-0.897,,64.032001,64.032001,,276.971985,0.23,0.23,,276.971985,0.23,0.23,0.23,
06/30/1995,704.096008,,-378.419006,,325.677002,,-215.772003,,,,109.904999,-20.438001,,10.878,,,,9.56,89.466998,-22.816999,66.650002,0.0,,,66.649999,0.0,66.650002,-0.894,,65.756002,65.756002,,277.175995,0.2375,0.2375,,277.175995,0.2375,0.2375,0.2375,
09/30/1995,722.114014,,-360.636993,,361.477021,,-240.514008,,,,120.962997,-0.723,,9.83,,,,-9.107,120.239997,-33.667,86.572998,0.0,,,86.572997,0.0,86.572998,-0.89,,85.682998,85.682998,,272.868012,0.315,0.315,0.315,272.868012,0.315,0.315,0.315,
12/31/1995,639.934998,,-348.746002,,291.188995,,-219.242996,,,,71.945999,-10.11,,9.287,,,,0.823,61.835999,-17.313999,44.521999,0.0,,,44.522,0.0,44.521999,-0.882,,43.639999,43.639999,,269.372009,0.162,0.162,0.162,269.372009,0.162,0.162,0.162,
03/31/1996,705.724976,,-368.709015,,337.015961,,-224.223999,,,,112.792,-8.917,,9.698,,,,-0.781,103.875,-29.084999,74.790001,0.0,,,74.790001,0.0,74.790001,-0.878,,73.912001,73.912001,,269.291992,0.275,0.275,0.275,269.291992,0.275,0.275,0.275,
06/30/1996,692.945007,,-351.851013,,341.093994,,-221.046997,,,,120.046997,-12.871,,9.773,,,,3.098,107.175997,-30.009001,77.167,0.0,,,77.166996,0.0,77.167,-0.854,,76.313,76.313,,263.652008,0.2875,0.2875,0.2875,263.652008,0.2875,0.2875,0.2875,
09/30/1996,731.151001,,-359.871002,,371.279999,,-244.815994,,,,126.463997,-5.675,,8.651,,,,-2.976,120.788997,-33.820999,86.968002,0.0,,,86.967998,0.0,86.968002,-0.871,,86.097002,86.097002,,261.35199,0.33,0.33,0.33,261.35199,0.33,0.33,0.33,
12/31/1996,655.799011,,-343.131989,,312.667023,,-226.186005,,,,86.481003,-4.638999,,9.447,,,,-4.808,81.842003,-23.733999,58.108002,0.0,,,58.108004,0.0,58.108002,-0.853,,57.255002,57.255002,,246.371994,0.23,0.23,0.23,258.730011,0.22,0.22,0.22,
03/31/1997,699.20697,,-352.674011,,346.532959,,-224.865005,,,,121.667999,-5.23,,8.563,,,,-3.333,116.437999,-33.766998,82.670998,0.0,,,82.671001,0.0,82.670998,-0.846,,81.824998,81.824998,,245.682007,0.33,0.33,0.33,258.347992,0.32,0.32,0.32,
06/30/1997,706.539001,,-352.744995,,353.794006,,-248.656998,,,,105.137001,-6.337,,10.116,,,,-3.779,98.800001,-28.652,70.148003,0.0,,,70.148,0.0,70.148003,-0.85,,69.298003,69.298003,,244.412003,0.28,0.28,0.34,258.118011,0.27,0.27,0.325,
09/30/1997,748.978027,,-364.76001,,384.218017,,-246.988998,,,,137.229004,-11.669,,11.247,,,,0.422,125.560004,-36.412998,89.147003,0.0,,,89.147006,0.0,89.147003,-0.098,,89.049003,89.049003,,244.453994,0.36,0.36,0.36,259.186004,0.34,0.34,0.34,
12/31/1997,701.640015,,-354.803009,,346.837006,,-243.770004,,,,103.067001,-12.474,,10.241,,0.0,,2.233,90.593001,-26.271999,64.320999,0.0,,,64.321002,0.0,64.320999,-0.687,,63.633999,63.633999,,243.623993,0.26,0.26,0.26,256.574005,0.25,0.25,0.25,
03/31/1998,738.432983,,-364.079987,,374.352997,,-229.813004,,,,144.539993,-14.490965,,11.427,,0.0,,3.063965,130.049028,-37.714001,92.334999,0.0,,,92.335028,0.0,92.334999,-0.809,,91.525999,91.525999,,244.951996,0.37,0.37,0.37,260.678009,0.35,0.35,0.35,
06/30/1998,833.560974,,-419.006989,,414.553986,,-315.277008,,,,99.277,-110.286001,,17.525999,,0.0,,92.760002,-11.009001,1.024,-9.985,0.0,,,-9.985001,0.0,-9.985,-0.803,,-10.788,-10.788,,246.604004,-0.04,-0.04,0.365,246.604004,-0.04,-0.04,0.365,
09/30/1998,843.239014,,-403.141998,,440.097015,,-290.604004,,,,149.492996,-18.26,,17.146,,0.0,,1.114,131.232996,-41.335999,89.897003,0.0,,,89.896998,0.0,89.897003,-0.293,,89.604003,89.604003,,247.613998,0.36,0.36,0.43,265.105988,0.34,0.34,0.4,
12/31/1998,768.966003,,-385.709991,,383.256012,,-272.425995,,,,110.830002,-16.846006,,17.871,,0.0,,-1.024994,93.983995,-17.826,76.157997,0.0,,,76.157995,0.0,76.157997,-0.79,,75.367997,75.367997,,248.320007,0.3,0.3,0.3,265.419006,0.29,0.29,0.29,
03/31/1999,873.963989,,-429.26001,,444.703979,,-300.255005,,,,144.449005,-17.297999,,18.757999,,0.0,,-1.46,127.151006,-37.036999,90.113998,0.0,,,90.114007,0.0,90.113998,-0.785,,89.328998,89.328998,,249.276001,0.36,0.36,0.36,264.813995,0.34,0.34,0.34,
06/30/1999,873.002014,,-461.322998,,411.679016,,-282.618011,,,,129.061005,-93.697001,,16.877001,,0.0,,76.82,35.364004,-2.24,33.124001,0.0,,,33.124004,0.0,33.124001,-0.78,,32.344001,32.344001,,250.074997,0.13,0.13,0.39,265.071991,0.12,0.12,0.38,
09/30/1999,902.47998,,-435.372986,,467.106995,,-330.645996,,,,136.460999,-20.304999,,18.546,,0.0,,1.759,116.155999,-39.833,76.322998,0.0,,,76.322999,0.0,76.322998,-0.759,,75.563998,75.563998,,250.731995,0.3,0.3,0.43,262.290985,0.29,0.29,0.42,
12/31/1999,859.164001,,-449.950989,,409.213013,,-287.580994,,,,121.632004,-19.882999,,21.556999,,0.0,,-1.674,101.749005,-26.455,75.293999,0.0,,,75.294005,0.0,75.293999,-0.746,,74.547999,74.547999,,251.328003,0.3,0.3,0.3,262.592987,0.29,0.29,0.29,
03/31/2000,925.132019,,-473.987,,451.14502,,-301.238007,,,,149.906998,15.199999,,21.198999,,0.0,,-36.398998,165.106997,-45.936001,119.170998,0.0,,,119.170996,0.0,119.170998,-0.732,0.0,118.438998,118.438998,,252.054993,0.47,0.47,0.44,263.376007,0.45,0.45,0.42,
06/30/2000,914.140015,,-453.838013,,460.302002,,-308.975006,,,,151.326996,10.181002,,17.563999,,0.0,,-27.745001,161.507998,-47.09,114.417999,0.0,,,114.417997,0.0,114.417999,-0.725,0.0,113.692999,113.692999,,252.904007,0.45,0.45,0.42,263.658997,0.43,0.43,0.4,
09/30/2000,919.89801,,-470.556,,449.34201,,-299.890015,,,,149.451996,-57.882001,,13.877,,0.0,,44.005001,91.569995,-7.556,84.014,0.0,,,84.013995,0.0,84.014,-0.262,0.0,83.752,83.752,,253.526001,0.33,0.33,0.4,263.847992,0.32,0.32,0.39,
12/31/2000,864.418,,-453.918,,410.5,,-288.019,,,,122.481,-20.623,18.564,18.564,,,,2.059,101.858,-28.16,73.698,36.75,,,36.948,,36.948,,,36.948,36.948,,254.465,0.15,0.29,0.29,266.237,0.14,0.28,0.28,
03/31/2001,950.948975,,-486.738007,,464.210968,,-296.408997,,,,167.802002,-19.198,,,,0.0,,19.198,148.604002,-34.438999,114.165001,0.0,,,114.165003,0.0,114.165001,-0.685,0.0,113.480001,113.480001,,257.020996,0.44,0.44,0.44,269.171997,0.42,0.42,0.42,
06/30/2001,943.289978,,-474.890991,,468.398987,0.0,-301.813995,248.709,,53.104995,166.585007,-26.677,13.155,13.155,0.0,0.0,,13.522,139.908007,-34.933998,118.128998,0.0,,,104.974009,0.0,118.128998,-0.672,0.0,117.456998,117.456998,,258.085999,0.46,0.46,0.46,269.653015,0.44,0.44,0.44,
09/30/2001,987.525024,,-497.744995,,489.780029,0.0,-308.888,257.383,,51.505,180.891998,-7.667,7.697,,,0.0,,-0.03,0.0,-40.814999,132.410004,0.0,,,-40.814999,0.0,132.410004,-0.663,0.0,131.747004,131.747004,,258.951996,0.51,0.51,0.51,270.376007,0.49,0.49,0.49,
12/31/2001,944.946,,-499.762,,445.184,,-303.531,,,,141.653,-11.187,9.571,9.571,,,,1.616,130.466,-30.793,99.673,,,,99.673,,99.673,,,99.673,99.673,,259.192,0.38,0.38,0.38,270.172,0.37,0.37,0.37,
03/31/2002,1012.971008,,-523.132996,,489.838012,,-303.973999,,,,185.863998,-18.284,,,,0.0,,18.284,167.579998,-38.391998,129.188004,0.0,,,129.188,0.0,129.188004,-0.646,0.0,128.542004,128.542004,,258.436005,0.5,0.5,0.52,269.709015,0.48,0.48,0.5,
06/30/2002,998.460022,,-514.070984,,484.389038,,-306.894012,,,,177.494995,-18.936001,,,,0.0,,18.936001,158.558994,-38.834,119.724998,0.0,,,119.724994,0.0,119.724998,-0.634,0.0,119.090998,119.090998,,258.066986,0.46,0.46,0.51,269.010986,0.44,0.44,0.48,
09/30/2002,1076.692017,,-546.703003,,529.989014,,-337.829987,,,,192.158997,-26.390999,,6.216,,0.0,,20.174999,165.767998,-40.588001,131.395996,0.0,,,125.179997,0.0,131.395996,-0.619,0.0,130.776996,130.776996,,256.376007,0.51,0.51,0.54,264.091003,0.5,0.5,0.53,
12/31/2002,1051.648,,-550.039,,501.609,0.0,-344.026,284.181,,59.845,157.583,-8.549,,8.633,,,,-0.084,149.034,-35.396,113.638,,,,113.638,,113.638,,0.0,113.638,113.638,,255.286,0.44,0.44,0.44,263.081,0.43,0.43,0.43,
03/31/2003,1134.041016,,-578.427979,,555.613037,,-358.832001,,,,196.781006,-10.5,,,,0.0,,10.5,186.281006,-44.241001,142.039993,0.0,,,142.040005,0.0,142.039993,-0.595,0.0,141.444993,141.444993,,254.694,0.56,0.56,0.56,263.368988,0.54,0.54,0.54,
06/30/2003,1165.369019,,-588.156006,,577.213013,,-368.516998,,,,208.695999,-45.924999,,,,0.0,,45.924999,162.771,-32.752998,130.018005,0.0,,,130.018002,0.0,130.018005,-0.578,0.0,129.440005,129.440005,,255.037994,0.51,0.51,0.59,265.088013,0.49,0.49,0.57,
09/30/2003,1161.376953,,-577.60498,,583.771973,,-362.045013,,,,221.727005,-8.666,,,,0.0,,8.666,213.061005,-50.799999,162.261002,0.901,,,161.360006,0.0,161.360001,-0.422,0.0,160.938001,160.938001,,252.983002,0.64,0.64,0.64,262.601013,0.61,0.62,0.62,
12/31/2003,1185.119995,,-634.255005,,550.86499,,-382.38501,329.62,,52.76501,168.479996,-9.839,8.929,,,0.0,,0.91,158.640996,-33.716,124.925003,-0.477,,,125.401996,0.0,125.402,-0.55,0.0,124.852,124.852,,252.132004,0.5,0.49,0.6,261.872009,0.48,0.48,0.59,
03/31/2004,1270.522949,,-638.049011,,632.473938,,-401.182007,,,,231.292007,-11.079,,,,0.0,,11.079,220.213007,-55.053001,165.160004,0.0,,,165.160006,0.0,165.160004,-0.535,0.0,164.625004,164.625004,,253.294006,0.65,0.65,0.65,265.054993,0.62,0.62,0.62,
06/30/2004,1242.713989,,-615.612976,,627.101013,,-391.235992,338.052,,53.183992,235.865005,-104.727997,4.128,,,0.0,,100.599997,131.137008,-20.975,110.162003,0.766,,,109.396008,0.0,109.396004,-0.52,0.0,108.876004,108.876004,,252.432999,0.43,0.43,0.68,264.335999,0.41,0.42,0.66,
09/30/2004,1253.277954,,-620.978027,,632.299927,,-378.97699,,,,253.322998,-8.753,,,,0.0,,8.753,244.569998,-61.236,183.334,115.889998,,,67.444,0.0,67.444,-0.518,0.0,66.926,66.926,,250.201996,0.27,0.73,0.73,261.334015,0.26,0.7,0.7,
12/31/2004,1288.369,,-634.501,,653.868,,-403.171,341.088,,62.083,250.697,-11.983,9.122,9.122,,0.0,,2.861,238.714,-44.316,194.398,-0.953,,,195.351,0.0,195.351,-0.367,0.0,194.984,194.984,,251.232,0.78,0.77,0.77,261.97,0.75,0.74,0.74,
03/31/2005,1365.53,,-678.018,,687.512,,-432.327,366.339,,65.988,255.185,-6.798,4.556,4.556,,0.0,,2.242,248.387,-61.878,186.509,-1.641,,,188.15,0.0,188.15,0.0,0.0,188.15,188.15,,253.427,0.74,0.74,0.8053,262.016,0.72,0.71,0.7732,
06/30/2005,1381.306,,-686.764,,694.542,,-432.922,365.919,,67.003,261.62,-4.545,3.561,3.561,,0.0,,0.984,257.075,-67.274,189.801,0.133,,,189.668,0.0,189.668,0.0,0.0,189.668,189.668,,251.866,0.75,0.75,0.74,260.099,0.73,0.73,0.72,
09/30/2005,1379.476,,-662.746,,716.73,,-453.062,,,,263.668,-2.99,2.013,38.434,,0.0,,0.977,260.678,-139.103,121.575,-27.519,,,149.094,0.0,149.094,0.0,0.0,149.094,149.094,,249.236,0.6,0.49,0.77,256.878,0.58,0.47,0.76,
12/31/2005,1393.845,,-665.946,,727.899,,-417.386,349.027,,68.359,310.513,-3.252,2.089,16.76,-14.671,0.0,,1.163,307.261,-83.559,223.702,5.842,,,217.86,0.0,217.86,0.0,0.0,217.86,217.86,,248.046,0.88,0.9,0.89,255.851,0.85,0.87,0.86,
03/31/2006,1424.209,,-698.766,,725.443,,-474.037,346.322,,127.715,251.406,-3.265,2.814,19.805,-16.991,0.0,,0.451,248.141,-84.683,163.458,9.39,,,154.068,0.0,154.068,0.0,0.0,154.068,154.068,,248.088,0.62,0.66,0.85,258.299,0.6,0.63,0.812,
06/30/2006,1457.347,,-719.515,,737.832,,-451.264,374.565,,76.699,286.568,-5.664,3.279,15.425,-12.146,0.0,,2.385,280.904,-69.834,211.07,4.697,,,206.373,0.0,206.373,0.0,0.0,206.373,206.373,,246.633,0.84,0.86,0.86,255.07,0.81,0.83,0.83,
09/30/2006,1462.616,,-709.038,,753.578,,-407.351,,,,346.227,-56.631,,14.056,-15.488,0.0,,58.063,289.596,-72.716,216.88,42.901,,,173.979,0.0,173.979,0.0,0.0,173.979,173.979,,245.0409,0.7,0.88,1.04,255.8515,0.67,0.85,1.01,
12/31/2006,1501.526,,-708.933,,792.593,,-578.763,384.084,,194.679,213.83,0.878,-3.246,12.868,-16.114,0.0,,2.368,214.708,-83.657,131.051,-11.828,,,142.879,0.0,142.879,0.0,0.0,142.879,142.879,,245.55,0.58,0.53,0.98,254.941,0.56,0.51,0.96,
03/31/2007,1575.922,,-764.54,,811.382,,-493.318,406.631,,86.687,318.064,3.272,2.6,11.686,-9.086,0.0,,-5.872,321.336,-85.797,235.539,-6.994,,,242.533,0.0,242.533,0.0,0.0,242.533,242.533,,245.418,0.99,0.96,0.96,254.74,0.95,0.92,0.92,
06/30/2007,1631.159,,-791.071,,840.088,,-505.157,412.164,,92.993,334.931,-5.28,-0.34,11.598,-11.938,0.0,,5.62,329.651,-89.182,240.469,-4.34,,,244.809,0.0,244.809,0.0,0.0,244.809,244.809,,244.918,1.0,0.98,1.01,254.128,0.96,0.95,0.98,
09/30/2007,1651.101,,-807.377,,843.724,,-385.216,,,,458.508,-120.258,,10.268,-9.083,0.0,,119.073,338.25,-89.142,249.108,-10.704,,,259.812,0.0,259.812,0.0,0.0,259.812,259.812,,242.815,1.06,1.03,1.05,252.2448,1.02,0.98,0.98,
12/31/2007,1705.767,,-829.846,,875.921,,-513.245,421.718,,91.527,362.676,3.896,-3.189,10.339,-13.528,0.0,,-0.707,366.572,-95.676,270.896,-0.652,,,271.548,0.0,271.548,0.0,0.0,271.548,271.548,,244.292,1.11,1.11,1.11,253.116,1.07,1.07,1.07,
03/31/2008,1746.925,,-853.807,,893.118,,-511.557,415.523,,96.034,381.561,0.735,0.093,8.098,-8.005,0.0,,-0.828,382.296,-106.661,275.635,-0.55,,,276.185,0.0,276.185,0.0,0.0,276.185,276.185,,244.869,1.13,1.13,1.13,252.788,1.09,1.09,1.09,
06/30/2008,1849.339,,-905.388,,943.951,0.0,-535.735,435.807,,99.928,408.216,0.654,-1.939,9.017,-10.956,,,1.285,408.87,-112.875,295.995,-1.094,,,297.089,0.0,297.089,0.0,0.0,297.089,297.089,,244.273,1.22,1.21,1.21,251.648,1.18,1.18,1.18,
09/30/2008,1835.631,,-891.546,,944.085,0.0,-545.822,437.216,,108.606,398.263,-3.744,2.01,8.889,-6.879,,,1.734,394.519,-110.541,283.978,1.804,,,282.174,,282.174,,0.0,282.174,282.174,,243.863,1.16,1.16,1.16,251.197,1.12,1.13,1.13,
12/31/2008,1733.505,1733.505,-804.298,804.298,929.207,0.0,-507.399,409.942,97.457,0.0,421.808,3.238,6.173,7.824,-1.651,,,-9.411,425.046,-112.978,312.068,-0.014,-0.014,0.0,312.082,0.0,312.082,0.0,0.0,312.082,312.068,0.0,242.397,1.29,1.29,1.29,248.311,1.26,1.26,1.26,
03/31/2009,1740.804,1740.804,-838.101,838.101,902.703,0.0,-539.236,440.502,98.734,0.0,363.467,-8.884,3.183,7.495,-4.312,,,5.701,354.583,-93.256,261.327,0.053,0.053,0.0,261.274,0.0,261.274,0.0,0.0,261.274,288.3749,27.0479,240.239,1.09,1.09,1.200367,245.89,1.06,1.06,1.17,
06/30/2009,1820.255,1820.255,-860.063,860.063,960.192,0.0,-528.429,429.94,98.489,0.0,431.763,-2.768,-1.479,11.288,-12.767,0.0,0.0,4.247,428.995,-90.291,338.704,-2.323,-2.323,0.0,341.027,0.0,341.027,0.0,0.0,341.027,365.73056,27.02656,240.109,1.42,1.41,1.523186,245.696,1.39,1.38,1.49,
09/30/2009,1897.733,1897.733,-911.911,911.911,985.822,0.0,-546.214,432.477,113.737,0.0,439.608,-2.676,-0.636,13.782,-14.418,0.0,0.0,3.312,436.932,-131.175,305.757,-11.463,-11.463,0.0,317.22,0.0,317.22,0.0,0.0,317.22,305.757,0.0,239.162,1.33,1.28,1.28,245.056,1.29,1.25,1.25,
12/31/2009,1916.774,1916.774,-919.542,919.542,997.232,0.0,-551.212,450.928,100.284,0.0,446.02,-6.552,4.198,12.987,-8.789,,,2.354,439.468,-123.49,315.978,-0.398,-0.398,0.0,316.376,0.0,316.376,0.0,0.0,316.376,320.853,4.875,237.36,1.33,1.33,1.351757,242.965,1.3,1.3,1.320065,
03/31/2010,1844.854,1844.854,-886.895,886.895,957.959,0.0,-527.464,426.346,101.118,0.0,430.495,-3.097,3.261,12.913,-9.652,,,-0.164,427.398,-129.673,297.725,0.094,0.094,0.0,297.631,0.0,297.631,0.0,0.0,297.631,297.725,0.0,235.325,1.26,1.27,1.27,240.863,1.24,1.24,1.24,
06/30/2010,1878.229,1878.229,-905.822,905.822,972.407,0.0,-532.307,423.684,108.623,0.0,440.1,-9.643,10.991,13.085,-2.094,,,-1.348,430.457,-124.174,306.283,-0.625,-0.625,0.0,306.908,0.0,306.908,0.0,0.0,306.908,306.283,0.0,233.242,1.32,1.31,1.31,238.319,1.29,1.29,1.29,
09/30/2010,1873.195,1873.195,-900.933,900.933,972.262,0.0,-561.745,438.139,123.606,0.0,410.517,3.601,-2.316,12.278,-14.594,,,-1.285,414.118,-121.065,293.053,-103.642,-103.642,0.0,396.695,0.0,396.695,0.0,0.0,396.695,290.44325,-2.60975,231.396,1.71,1.27,1.255178,236.316,1.68,1.24,1.228957,
12/31/2010,1842.005,1842.005,-865.431,865.431,976.574,0.0,-563.496,447.954,115.542,0.0,413.078,-4.927,0.331,15.553,-15.222,,,4.596,408.151,-93.875,314.276,-1.661,-1.661,0.0,315.937,0.0,315.937,0.0,0.0,315.937,314.276,0.0,228.083,1.39,1.38,1.38,232.915,1.36,1.35,1.35,
03/31/2011,1922.023,1922.023,-920.589,920.589,1001.434,0.0,-561.094,441.942,119.152,0.0,440.34,-11.879,9.357,23.921,-14.564,,,2.522,428.461,-117.399,311.062,-0.957,-0.957,0.0,312.019,0.0,312.019,0.0,0.0,312.019,311.647,0.585,220.894,1.41,1.41,1.410844,225.467,1.38,1.38,1.382595,
06/30/2011,2014.081,2014.081,-951.98,951.98,1062.101,0.0,-590.394,474.646,115.748,0.0,471.707,-11.066,10.703,22.211,-11.508,,,0.363,460.641,-122.531,338.11,-4.948,-4.948,0.0,343.058,0.0,343.058,0.0,0.0,343.058,338.11,0.0,218.966,1.57,1.54,1.54,223.567,1.53,1.51,1.51,
09/30/2011,1988.181,1988.181,-971.041,971.041,1017.14,0.0,-604.119,479.591,124.528,0.0,413.021,-19.147,20.419,22.334,-1.915,0.0,0.0,-1.272,393.874,-108.827,285.047,-14.933,-14.933,0.0,299.98,0.0,299.98,0.0,0.0,299.98,291.9838,6.9368,216.726,1.38,1.32,1.347249,220.859,1.36,1.29,1.321408,
12/31/2011,1887.645,1887.645,-926.182,926.182,961.463,0.0,-602.894,488.958,113.936,0.0,358.569,-14.315,13.93,29.378,-15.448,,,0.385,344.254,-81.244,263.01,0.025,0.025,0.0,262.985,0.0,262.985,0.0,0.0,262.985,263.01,0.0,214.3,1.23,1.23,1.23,217.634,1.21,1.21,1.21,
03/31/2012,1990.818,1990.818,-970.832,970.832,1019.986,0.0,-613.548,495.02,118.528,0.0,406.438,-13.805,18.462,35.14,-16.678,,,-4.657,392.633,-102.085,290.548,-0.485,-0.485,0.0,291.033,0.0,291.033,0.0,0.0,291.033,292.173,1.625,206.426,1.41,1.41,1.415389,209.803,1.39,1.38,1.387745,
06/30/2012,1980.53,1980.53,-947.395,947.395,1033.135,0.0,-584.117,469.13,114.987,0.0,449.018,-30.477,28.596,34.849,-6.253,,,1.881,418.541,-106.96,311.581,-15.285,-15.285,0.0,326.866,0.0,326.866,0.0,0.0,326.866,311.581,0.0,202.015,1.62,1.54,1.54,205.29,1.59,1.52,1.52,
09/30/2012,1967.0,1967.0,-966.0,966.0,1001.0,0.0,-612.0,484.0,128.0,0.0,389.0,-27.0,23.0,35.0,-12.0,,,4.0,362.0,-88.0,274.0,-15.0,-15.0,0.0,289.0,,289.0,,0.0,289.0,278.5175,4.5175,199.072,1.45,1.38,1.399079,202.439,1.43,1.35,1.372315,
12/31/2012,1900.192,1900.192,-894.063,894.063,1006.129,0.0,-614.04,495.878,118.162,0.0,392.089,-26.393,27.107,35.029,-7.922,0.0,,-0.714,365.696,-95.447,270.249,-355.187,-355.187,0.0,625.436,0.0,625.436,0.0,0.0,625.436,271.536,1.287,196.427,3.18,1.38,1.382376,199.57,3.13,1.35,1.356449,
03/31/2013,2000.375,2000.375,-982.256,982.256,1018.119,0.0,-636.987,514.61,122.377,0.0,381.132,-20.661,22.914,34.732,-11.818,0.0,,-2.253,360.471,-84.351,276.12,0.483,0.483,0.0,275.637,0.0,275.637,0.0,0.0,275.637,276.5425,0.4225,194.609,1.42,1.42,1.421016,198.143,1.39,1.39,1.392132,
06/30/2013,2052.664,2052.664,-992.673,992.673,1059.991,0.0,-655.436,534.32,121.116,0.0,404.555,-25.492,28.301,34.573,-6.272,0.0,,-2.809,379.063,-87.185,291.878,-9.672,-9.672,0.0,301.55,0.0,301.55,0.0,0.0,301.55,306.0093,14.1313,194.879,1.55,1.5,1.570253,198.719,1.52,1.47,1.541112,
09/30/2013,2101.0,2101.0,-1014.0,1014.0,1087.0,0.0,-1010.0,877.0,133.0,0.0,77.0,-17.0,20.0,34.0,-14.0,0.0,,-3.0,60.0,31.0,91.0,0.0,0.0,0.0,91.0,0.0,91.0,0.0,0.0,91.0,302.0,211.0,194.697,0.46,0.47,1.551128,198.628,0.46,0.46,1.522287,
12/31/2013,2015.0,2015.0,-980.0,980.0,1035.0,0.0,-657.0,531.0,126.0,0.0,378.0,-19.0,20.0,34.0,-14.0,0.0,,-1.0,359.0,-88.0,271.0,0.0,0.0,0.0,271.0,0.0,271.0,0.0,0.0,271.0,271.0,0.0,194.203,1.4,1.4,1.4,198.11,1.37,1.37,1.37,
03/31/2014,2072.0,2072.0,-1019.0,1019.0,1053.0,0.0,-672.0,525.0,147.0,0.0,381.0,-18.0,23.0,33.0,-10.0,0.0,,-5.0,363.0,-76.0,287.0,0.0,0.0,0.0,287.0,0.0,287.0,0.0,0.0,287.0,302.0,15.0,193.609,1.48,1.48,1.559845,197.488,1.45,1.45,1.525954,
06/30/2014,2157.0,2157.0,-1046.0,1046.0,1111.0,0.0,-665.0,528.0,137.0,0.0,446.0,-23.0,21.0,33.0,-12.0,0.0,,2.0,423.0,-97.0,326.0,0.0,0.0,0.0,326.0,0.0,326.0,0.0,0.0,326.0,332.0,6.0,193.054,1.69,1.69,1.719726,197.005,1.65,1.65,1.680456,
09/30/2014,2202.0,2202.0,-1099.0,1099.0,1103.0,0.0,-702.0,561.0,140.0,1.0,401.0,-24.0,26.0,36.0,-10.0,0.0,0.0,-2.0,377.0,-76.0,301.0,0.0,0.0,0.0,301.0,0.0,301.0,0.0,0.0,301.0,329.0,28.0,192.332,1.56,1.56,1.710584,196.46,1.53,1.53,1.672523,
12/31/2014,2051.0,2051.0,-1006.0,1006.0,1045.0,0.0,-696.0,544.0,129.0,23.0,349.0,-64.0,66.0,76.0,-10.0,0.0,,-2.0,285.0,-49.0,236.0,0.0,0.0,0.0,236.0,0.0,236.0,0.0,0.0,236.0,289.0,53.0,192.844,1.22,1.22,1.498621,197.0,1.2,1.2,1.469036,
03/31/2015,2051.0,2051.0,-1005.0,1005.0,1046.0,0.0,-753.0,511.0,129.0,113.0,293.0,-68.0,83.0,91.0,-8.0,0.0,,-15.0,225.0,-9.0,216.0,0.0,0.0,0.0,216.0,0.0,216.0,0.0,0.0,216.0,316.0,100.0,196.085,1.1,1.1,1.611546,199.938,1.08,1.08,1.580155,
06/30/2015,3120.0,3120.0,-1946.0,1946.0,1174.0,0.0,-1037.0,751.0,178.0,108.0,137.0,-98.0,103.0,105.0,-2.0,0.0,,-5.0,39.0,23.0,62.0,0.0,0.0,0.0,62.0,0.0,62.0,0.0,0.0,62.0,136.0,74.0,210.175,0.3,0.3,0.64708,214.928,0.29,0.29,0.634301,
09/30/2015,3059.0,3059.0,-1629.0,1629.0,1430.0,0.0,-1134.0,756.0,196.0,182.0,296.0,-106.0,104.0,104.0,0.0,0.0,0.0,2.0,190.0,-9.0,181.0,0.0,0.0,0.0,181.0,0.0,181.0,0.0,0.0,181.0,294.0,113.0,210.985,0.86,0.86,1.393464,215.719,0.84,0.84,1.36383,
12/31/2015,2986.0,2986.0,-1578.0,1578.0,1408.0,0.0,-1056.0,748.0,187.0,121.0,352.0,-86.0,91.0,97.0,-6.0,0.0,,-5.0,266.0,-37.0,229.0,0.0,0.0,0.0,229.0,0.0,229.0,0.0,0.0,229.0,304.0,75.0,211.689,1.08,1.08,1.436069,216.294,1.06,1.06,1.40675,
03/31/2016,3067.0,3067.0,-1584.0,1584.0,1483.0,0.0,-1017.0,732.0,182.0,103.0,466.0,-90.0,96.0,99.0,-3.0,0.0,,-6.0,376.0,-38.0,338.0,0.0,0.0,0.0,338.0,0.0,338.0,0.0,0.0,338.0,383.7,45.7,212.469,1.59,1.59,1.805911,216.538,1.56,1.56,1.771048,
06/30/2016,3198.0,3198.0,-1651.0,1651.0,1547.0,0.0,-1031.0,728.0,207.0,96.0,516.0,-94.0,92.0,97.0,-5.0,0.0,,2.0,422.0,-32.0,390.0,0.0,0.0,0.0,390.0,0.0,390.0,0.0,0.0,390.0,509.999898,119.999898,213.083,1.83,1.83,2.393433,217.372,1.8,1.8,2.352049,
09/30/2016,3231.0,3231.0,-1679.0,1679.0,1552.0,0.0,-1456.0,796.0,253.0,407.0,96.0,-87.0,88.0,95.0,-7.0,0.0,,-1.0,9.0,10.0,19.0,0.0,0.0,0.0,19.0,0.0,19.0,0.0,0.0,19.0,462.0,443.0,213.571,0.09,0.09,2.163215,217.916,0.09,0.09,2.122893,
12/31/2016,2922.0,2922.0,-1470.0,1470.0,1452.0,0.0,-641.0,709.0,182.0,-250.0,811.0,-119.0,90.0,95.0,-5.0,0.0,0.0,29.0,692.0,-130.0,562.0,0.0,0.0,0.0,562.0,0.0,562.0,0.0,0.0,562.0,508.0,-54.0,213.064,2.64,2.64,2.38426,217.739,2.58,2.58,2.331997,
03/31/2017,2969.0,2969.0,-1537.0,1537.0,1432.0,0.0,-986.0,724.0,187.0,75.0,446.0,-84.0,79.0,86.0,-7.0,0.0,,5.0,362.0,-18.0,344.0,0.0,0.0,0.0,344.0,0.0,344.0,0.0,0.0,344.0,501.0,157.0,213.583,1.61,1.61,2.345692,217.866,1.58,1.58,2.300626,
06/30/2017,3035.0,3035.0,-1532.0,1532.0,1503.0,0.0,-1726.0,719.0,185.0,822.0,-223.0,-181.0,165.0,184.0,-19.0,0.0,,16.0,-404.0,272.0,-132.0,0.0,0.0,0.0,-132.0,0.0,-132.0,-32.0,0.0,-164.0,505.0,669.0,220.807,-0.75,-0.75,2.287065,220.807,-0.75,-0.75,2.279795,
09/30/2017,3166.0,3166.0,-1612.0,1612.0,1554.0,0.0,-1111.0,774.0,221.0,116.0,443.0,-117.0,111.0,156.0,-45.0,0.0,,6.0,326.0,1.0,327.0,0.0,0.0,0.0,327.0,0.0,327.0,-38.0,0.0,289.0,487.0,198.0,228.218,1.27,1.27,2.133925,232.657,1.24,1.24,2.091038,
12/31/2017,3080.0,3080.0,-1527.0,1527.0,1553.0,0.0,-1318.0,773.0,191.0,354.0,235.0,-130.0,114.0,158.0,-44.0,0.0,0.0,16.0,105.0,-241.0,-136.0,0.0,0.0,0.0,-136.0,0.0,-136.0,-38.0,0.0,-174.0,506.0,680.0,230.038,-0.76,-0.76,2.199637,230.038,-0.76,-0.76,2.196033,
03/31/2018,4222.0,4222.0,-2616.0,2616.0,1606.0,0.0,-1420.0,1056.0,260.0,104.0,186.0,-180.0,181.0,185.0,-4.0,0.0,,-1.0,6.0,-18.0,-12.0,0.0,0.0,0.0,-12.0,0.0,-12.0,-38.0,0.0,-50.0,725.844298,775.844298,267.341,-0.19,-0.19,2.71505,267.341,-0.19,-0.19,2.712077,
06/30/2018,4278.0,4278.0,-2262.0,2262.0,2016.0,0.0,-1504.0,1086.0,277.0,141.0,512.0,135.0,174.0,182.0,-8.0,0.0,,-309.0,647.0,-53.0,594.0,0.0,0.0,0.0,594.0,0.0,594.0,-38.0,0.0,556.0,798.0,242.0,267.836,2.08,2.08,2.979435,273.925,2.03,2.03,2.913454,
09/30/2018,4403.0,4403.0,-2309.0,2309.0,2094.0,0.0,-1518.0,1101.0,276.0,141.0,576.0,-161.0,172.0,181.0,-9.0,0.0,0.0,-11.0,415.0,-550.0,-135.0,0.0,0.0,0.0,-135.0,0.0,-135.0,-38.0,0.0,-173.0,803.155702,976.155702,268.201,-0.645039,-0.645039,2.994604,287.18,-0.645039,-0.645039,2.754069,
12/31/2018,4160.0,4160.0,-2187.0,2187.0,1973.0,0.0,-1085.0,1073.0,258.0,-246.0,888.0,-174.0,183.0,183.0,0.0,,,-9.0,714.0,-115.0,599.0,0.0,0.0,0.0,599.0,0.0,599.0,-38.0,0.0,561.0,775.0,214.0,269.035,2.09,2.09,2.880666,274.256,2.05,2.05,2.830293,
03/31/2019,4195.0,4195.0,-2221.0,2221.0,1974.0,0.0,-1838.0,1089.0,252.0,497.0,136.0,-133.0,153.0,171.0,-18.0,,,-20.0,3.0,17.0,20.0,0.0,0.0,0.0,20.0,0.0,20.0,-38.0,0.0,-18.0,710.0,728.0,269.882,-0.07,-0.07,2.630779,269.882,-0.07,-0.07,2.627475,
06/30/2019,4350.0,4350.0,-2276.0,2276.0,2074.0,0.0,-1448.0,1076.0,282.0,90.0,626.0,-166.0,154.0,156.0,-2.0,0.0,,12.0,460.0,-9.0,451.0,0.0,0.0,0.0,451.0,0.0,451.0,-38.0,0.0,413.0,918.21,505.21,270.249,1.53,1.53,3.397644,274.336,1.51,1.51,3.351574,
09/30/2019,4584.0,4584.0,-2318.0,2318.0,2266.0,0.0,-2155.0,1094.0,270.0,791.0,111.0,-113.0,137.0,141.0,-4.0,0.0,,-24.0,-2.0,164.0,162.0,0.0,0.0,0.0,162.0,0.0,162.0,-38.0,0.0,124.0,859.73,735.73,270.615,0.458216,0.458216,3.176949,275.57,0.449976,0.449976,3.119824,
12/31/2019,4225.0,4225.0,-2247.0,2247.0,1978.0,0.0,-1477.0,1121.0,270.0,86.0,501.0,-107.0,136.0,137.0,-1.0,,,-29.0,394.0,-116.0,278.0,0.0,0.0,0.0,278.0,0.0,278.0,-38.0,0.0,240.0,726.0,486.0,271.102,0.88,0.88,2.677959,274.952,0.87,0.87,2.637581,
03/31/2020,4253.0,4253.0,-2520.0,2520.0,1733.0,1.0,-1364.0,1025.0,264.0,75.0,370.0,-170.0,132.0,134.0,-2.0,,,38.0,200.0,-17.0,183.0,0.0,0.0,0.0,183.0,0.0,183.0,-38.0,0.0,145.0,702.0,557.0,272.014,0.53,0.53,2.58075,275.037,0.53,0.53,2.555182,
06/30/2020,3855.0,3855.0,-2195.0,2195.0,1660.0,0.0,-1302.0,980.0,262.0,60.0,358.0,-110.0,133.0,135.0,-2.0,,,-23.0,248.0,38.0,286.0,0.0,0.0,0.0,286.0,0.0,286.0,-9.0,0.0,277.0,633.0,356.0,282.385,0.98,0.98,2.24162,285.148,0.97,0.97,2.218474,
09/30/2020,4483.615,,,,2437.7414755,,,,,,1076.545,,,,,,,,945.556,,587.875,,,,,,587.875,,,587.875,755.167,,,1.88,1.88,2.595,,1.88,1.88,2.595,
12/31/2020,4555.6,,,,2544.575936,,,,,,980.111,,,,,,,,1032.714,,663.333,,,,,,663.333,,,663.333,847.1,,,2.44,2.44,2.95,,2.44,2.44,2.95,
