Date,Revenue,Sales & Services Revenue,Cost of Revenue,Cost of Goods & Services,Gross Profit,Other Operating Income,Operating Expenses,"Selling, General & Admin",Research & Development,Other Operating Expense,Operating Income (Loss),Non-Operating (Income) Loss,"Interest Expense, Net",Interest Expense,Interest Income,Foreign Exch (Gain) Loss,Other Non-Op (Income) Loss,Pretax Income,Income Tax Expense (Benefit),Income (Loss) from Cont Ops,Net Extraordinary Losses (Gains),Discontinued Operations,XO & Accounting Changes,Income (Loss) Incl. MI,Minority Interest,"Net Income, GAAP",Preferred Dividends,Other Adjustments,"Net Income Avail to Common, GAAP","Net Income Avail to Common, Adj",Net Abnormal Losses (Gains),Basic Weighted Avg Shares,"Basic EPS, GAAP",Basic EPS from Cont Ops,"Basic EPS from Cont Ops, Adjusted",Diluted Weighted Avg Shares,"Diluted EPS, GAAP",Diluted EPS from Cont Ops,"Diluted EPS from Cont Ops, Adjusted",Source: Bloomberg
10/01/1989,167.348999,,-158.589005,,8.759995,,-15.819,,,,-7.059,-3.821,,3.751,,,0.07,-10.88,3.59,-7.29,0.0,,,-7.29,0.0,-7.29,0.0,,-7.29,-7.29,,57.855999,-0.125,-0.125,,57.855999,-0.125,-0.125,-0.125,
12/31/1989,238.324005,,-205.320007,,33.003998,,-15.235,,,,17.768999,-4.144,,4.243,,,-0.099,13.624999,-4.5,9.125,0.0,,,9.124999,0.0,9.125,0.0,,9.125,9.125,,57.855999,0.1575,0.1575,,57.855999,0.1575,0.1575,0.1575,
04/01/1990,341.502991,,-280.937012,,60.565979,,-17.285999,,,,43.279999,-4.739,,3.952,,,0.787,38.540999,-12.71,25.830999,0.0,,,25.830999,0.0,25.830999,0.0,,25.830999,25.830999,,57.855999,0.445,0.445,,57.855999,0.445,0.445,0.445,
06/30/1990,255.681,,-225.572998,,30.108002,,-17.816999,,,,12.291,0.088,,2.267,,,-2.355,12.379,-4.67,7.709,0.0,,,7.709,0.0,7.709,0.0,,7.709,7.709,,57.856,0.135,0.135,0.135,57.856,0.135,0.135,0.135,
09/30/1990,159.994003,,-145.427002,,14.567001,,-16.797001,,,,-2.23,-2.317,,2.344,,,-0.027,-4.547,1.5,-3.047,0.0,,,-3.047,0.0,-3.047,0.0,,-3.047,-3.047,,57.855999,-0.0525,-0.0525,,57.855999,-0.0525,-0.0525,-0.0525,
12/30/1990,243.811996,,-206.570007,,37.241989,,-17.240999,,,,20.000999,-3.325,,3.716,,,-0.391,16.675999,-5.5,11.176,0.0,,,11.175999,0.0,11.176,0.0,,11.176,11.176,,57.855999,0.1925,0.1925,,57.855999,0.1925,0.1925,0.1925,
03/31/1991,309.809998,,-253.425003,,56.384995,,-18.063,,,,38.321999,-3.028,,3.216,,,-0.188,35.293999,-11.65,23.643999,0.0,,,23.643999,0.0,23.643999,0.0,,23.643999,23.643999,,57.855999,0.41,0.41,,57.855999,0.41,0.41,0.41,
06/30/1991,237.130997,,-212.893997,,24.237,,-16.914,,,,7.323,-1.793,,1.96,,,-0.167,5.53,-0.85,4.68,0.0,,,4.68,0.0,4.68,0.0,,4.68,4.68,,57.856,0.08,0.08,0.08,57.856,0.08,0.08,0.08,
09/29/1991,158.018005,,-141.574005,,16.444,,-17.263,,,,-0.819,-3.169,,2.283,,,0.886,-3.988,1.43,-2.558,0.0,,,-2.558,0.0,-2.558,0.0,,-2.558,-2.558,,57.855999,-0.045,-0.045,,57.855999,-0.045,-0.045,-0.045,
12/29/1991,266.471985,,-215.244003,,51.227982,,-19.724001,,,,31.504,-3.226,,3.245,,,-0.019,28.278,-10.18,18.098,0.0,,,18.098,0.0,18.098,0.0,,18.098,18.098,,57.855999,0.3125,0.3125,,57.855999,0.3125,0.3125,0.3125,
03/31/1992,345.621002,,-279.855011,,65.765991,,-18.797001,,,,46.969002,-3.289,,3.21,,,0.079,43.680002,-15.92,27.76,0.0,,,27.760002,0.0,27.76,0.0,,27.76,27.76,,57.855999,0.48,0.48,,57.855999,0.48,0.48,0.48,
06/30/1992,271.71701,,-231.106995,,40.610015,,-22.952,,,,17.658001,-5.425,,2.508,,,2.917,12.233001,-4.03,8.203,0.0,,,8.203001,0.0,8.203,0.0,,8.203,8.203,,57.856,0.1425,0.1425,0.1425,57.856,0.1425,0.1425,0.1425,
09/27/1992,171.772995,,-154.050003,,17.722992,,-19.1,,,,-1.377,-1.754,,2.531,,,-0.777,-3.131,1.16,-1.971,0.0,,,-1.971,0.0,-1.971,0.0,,-1.971,-1.971,,57.855999,-0.035,-0.035,,57.855999,-0.035,-0.035,-0.035,
12/27/1992,305.174011,,-243.839996,,61.334015,,-20.825001,,,,40.508999,-3.357,,3.04,,,0.317,37.151999,-13.75,23.402,0.0,,,23.401999,0.0,23.402,0.0,,23.402,23.402,,57.855999,0.405,0.405,,57.855999,0.405,0.405,0.405,
03/28/1993,360.898987,,-285.877991,,75.020996,,-22.141001,,,,52.880001,-3.153,,2.994,,,0.159,49.727001,-18.91,30.816999,0.0,,,30.817001,0.0,30.816999,0.0,,30.816999,30.816999,,57.855999,0.5325,0.5325,,57.855999,0.5325,0.5325,0.5325,
06/30/1993,301.615997,,-243.093002,,58.522995,,-21.110001,,,,37.412998,-6.756,,2.718,,,4.038,30.656998,-12.56,18.097,0.0,,,18.096998,0.0,18.097,0.0,,18.097,18.097,,57.856,0.3125,0.3125,0.3125,57.856,0.3125,0.3125,0.3125,
09/30/1993,198.572006,,-170.376007,,28.195999,,-19.847,,,,8.349,2.172,,2.026,,,-4.198,10.521,-4.1,6.421,32.557999,,,-26.136999,0.0,-26.136999,0.0,,-26.136999,-26.136999,,57.855999,-0.4525,0.11,,57.855999,-0.4525,0.11,0.11,
12/31/1993,328.937012,,-256.556,,72.381012,,-23.792,,,,48.589001,-1.622,,2.161,,,-0.539,46.967001,-18.33,28.636999,0.0,,,28.637001,0.0,28.636999,0.0,,28.636999,28.636999,,57.855999,0.495,0.495,,57.855999,0.495,0.495,0.495,
03/27/1994,386.196014,,-303.222992,,82.973022,,-24.169001,,,,58.804001,-0.285,,2.148,,,-1.863,58.519001,-22.809999,35.709,0.0,,,35.709001,0.0,35.709,0.0,,35.709,35.709,,57.854,0.6175,0.6175,,57.854,0.6175,0.6175,0.6175,
06/30/1994,371.812012,,-288.821991,,82.990021,,-26.987,,,,56.002998,-2.289,,2.662,,,-0.373,53.713998,-22.0,31.714001,0.0,,,31.713998,0.0,31.714001,0.0,,31.714001,31.714001,,57.854,0.55,0.55,0.55,57.854,0.55,0.55,0.55,
09/30/1994,227.845001,,-188.046005,,39.798996,,-22.275999,,,,17.523001,1.211,,2.091,,,-3.302,18.734001,-7.31,11.424,0.0,,,11.424001,0.0,11.424,0.0,,11.424,11.424,,57.856,0.1975,0.1975,0.1975,57.856,0.1975,0.1975,0.1975,
12/31/1994,366.71701,,-283.192993,,83.524017,,-26.697001,,,,56.827,-1.564,,2.121,,,-0.557,55.263,-21.549999,33.713001,0.0,,,33.713001,0.0,33.713001,0.0,,33.713001,33.713001,,57.854,0.585,0.585,0.585,57.854,0.585,0.585,0.585,
03/31/1995,450.162994,,-344.725006,,105.437988,,-27.742001,,,,77.695999,-0.095,,2.195,,,-2.1,77.600999,-30.27,47.331001,0.0,,,47.330999,0.0,47.331001,0.0,,47.331001,47.331001,,57.854,0.82,0.82,0.82,57.854,0.82,0.82,0.82,
06/30/1995,294.951996,,-252.095001,,42.856995,,-25.136999,,,,17.719999,1.057,,2.173,,,-3.23,18.776999,-6.44,12.337,0.0,,,12.336999,0.0,12.337,0.0,,12.337,12.337,,57.854,0.21,0.21,0.21,57.854,0.21,0.21,0.21,
09/30/1995,189.477005,,-170.335999,,19.141006,,-24.483,,,,-5.342,0.022,,2.057,,,-2.079,-5.32,2.02,-3.3,0.0,,,-3.3,0.0,-3.3,0.0,,-3.3,-3.3,,57.854,-0.055,-0.055,-0.055,57.854,-0.055,-0.055,-0.055,
12/31/1995,329.356995,,-263.593994,,65.763,,-24.801001,,,,40.962002,-2.378,,2.919,,,-0.541,38.584002,-14.66,23.924,0.0,,,23.924002,0.0,23.924,0.0,,23.924,23.924,,57.854,0.41,0.41,0.41,57.854,0.41,0.41,0.41,
03/31/1996,460.200989,,-356.118988,,104.082001,,-30.055,,,,74.027,-1.081,,2.879,,,-1.798,72.946,-27.719999,45.226002,0.0,,,45.226001,0.0,45.226002,0.0,,45.226002,45.226002,,57.854,0.785,0.785,0.785,57.854,0.785,0.785,0.785,
06/30/1996,307.993988,,-235.231995,,72.761993,,-29.0,,,,43.762001,-0.92,,2.214,,,-1.294,42.842001,-16.280001,26.562,0.0,,,26.562,0.0,26.562,0.0,,26.562,26.562,,57.854,0.455,0.455,0.455,57.854,0.455,0.455,0.455,
09/30/1996,161.731003,,-143.761993,,17.969009,,-26.061001,,,,-8.092,-0.39,,1.952,,,-1.562,-8.482,3.22,-5.262,0.0,,,-5.262,0.0,-5.262,0.0,,-5.262,-5.262,,57.854,-0.09,-0.09,-0.09,58.127998,-0.09,-0.09,-0.09,
12/31/1996,299.664001,,-242.807007,,56.856995,,-28.070999,,,,28.785999,-1.872,,2.408,,,-0.536,26.913999,-10.22,16.694,0.0,,,16.693999,0.0,16.694,0.0,,16.694,16.694,,57.854,0.29,0.29,0.29,58.108002,0.285,0.285,0.285,
03/30/1997,475.954987,,-368.835999,,107.118988,,-30.847,,,,76.272003,-1.238,,2.691,,,-1.453,75.034003,-28.52,46.514,0.0,,,46.514003,0.0,46.514,0.0,,46.514,46.514,,57.854,0.8,0.8,0.8,58.110001,0.8,0.8,0.8,
06/29/1997,379.062988,,-339.791992,,39.270996,,-32.518002,,,,6.753,-0.914,,2.829,,,-1.915,5.839,-2.22,3.619,0.0,,,3.619,0.0,3.619,0.0,,3.619,3.619,,54.848,0.065,0.065,0.065,55.174,0.065,0.065,0.065,
09/28/1997,170.557007,,-144.145996,,26.411011,,-29.174,,,,-2.763,-1.479,,3.794,,,-2.315,-4.242,1.61,-2.632,0.0,,,-2.632,0.0,-2.632,0.0,,-2.632,-2.632,,50.330002,-0.05,-0.05,-0.05,50.630002,-0.05,-0.05,-0.05,
12/28/1997,308.481,,-257.584,,50.897,0.0,-30.065,30.065,,0.0,20.832,-4.228,,5.248,,,-1.02,16.604,-6.31,10.294,,,,10.294,,10.294,0.0,0.0,10.294,10.294,,49.806,0.205,0.205,0.205,50.108,0.205,0.205,0.205,
03/29/1998,469.055,,-374.282,,94.773,0.0,-33.103,33.103,,0.0,61.67,-3.962,,5.87,,,-1.908,57.708,-21.93,35.778,,,,35.778,,35.778,0.0,0.0,35.778,35.778,,49.028,0.73,0.73,0.73,49.2,0.725,0.725,0.725,
06/28/1998,379.516998,,-296.924011,,82.592987,,-37.644001,,,,44.949001,-1.874,,4.44,,,-2.566,43.075001,-15.87,27.205,0.0,,,27.205001,0.0,27.205,0.0,,27.205,27.205,,48.144001,0.565,0.565,0.565,48.301998,0.565,0.565,0.565,
09/27/1998,223.981003,,-186.369003,,37.612,,-29.247999,,,,8.364,-1.263,3.41,3.41,,,-2.147,7.101,-2.66,4.441,0.0,,,4.441,0.0,4.441,0.0,,4.441,4.441,,47.27,0.095,0.095,0.095,47.402,0.095,0.095,0.095,
12/27/1998,359.942993,,-288.471985,,71.471008,,-29.107,,,,42.363998,-2.947,,4.748,,,-1.801,39.416998,-14.78,24.636999,0.0,,,24.636999,0.0,24.636999,0.0,,24.636999,24.636999,,46.616001,0.53,0.53,0.53,46.962002,0.525,0.525,0.525,
03/28/1999,476.259003,,-373.428009,,102.830994,,-32.139999,,,,70.691002,-3.775,,5.025,,,-1.25,66.916002,-25.103001,41.813,0.0,,,41.813001,0.0,41.813,0.0,,41.813,41.813,,46.542,0.9,0.9,0.9,46.714,0.895,0.895,0.895,
06/27/1999,441.542999,,-348.10199,,93.44101,,-34.723999,,,,58.716999,-2.38,,3.841,,,-1.461,56.336999,-21.127001,35.209999,0.0,,,35.209998,0.0,35.209999,0.0,,35.209999,35.209999,,46.369999,0.76,0.76,0.76,46.765999,0.755,0.755,0.755,
09/26/1999,299.403992,,-244.022003,,55.381989,,-29.639999,,,,25.742001,15.050999,,3.127,,,-18.177999,40.793,-15.09,25.702999,0.0,,,25.703,0.0,25.702999,0.0,0.0,25.702999,25.702999,,46.264,0.555,0.555,0.335,46.562,0.55,0.55,0.33,
12/26/1999,422.878998,,-323.156006,,99.722992,,-33.195999,,,,66.527,-1.223,,5.208,,,-3.985,65.304,-24.16,41.144001,0.0,,,41.144,0.0,41.144001,0.0,0.0,41.144001,41.144001,,46.183998,0.89,0.89,0.89,46.380001,0.885,0.885,0.885,
03/26/2000,469.289001,,-367.449005,,101.839996,,-33.285,,,,68.555,-1.789,,6.816,,,-5.027,66.766,-24.709999,42.056,0.0,,,42.056001,0.0,42.056,0.0,0.0,42.056,42.056,,45.683998,0.92,0.92,0.92,45.731998,0.92,0.92,0.92,
07/02/2000,400.992004,,-318.483002,,82.509002,,-38.104,,,,44.404999,-0.645,,6.116,,,-5.471,43.759999,-16.190001,27.57,0.0,,,27.569998,0.0,27.57,0.0,0.0,27.57,27.57,,44.276,0.625,0.625,0.625,44.312,0.62,0.62,0.62,
10/01/2000,181.251007,,-155.453003,,25.798004,,-33.612,,,,-7.814,-2.195,,4.568,,,-2.373,-10.009,3.705,-6.304,0.0,,,-6.304,0.0,-6.304,0.0,0.0,-6.304,-6.304,,43.223999,-0.145,-0.145,-0.145,43.257999,-0.145,-0.145,-0.145,
12/31/2000,368.207001,,-298.601013,,69.605988,,-32.756001,,,,36.849998,-5.217,,8.317,,,-3.1,31.632998,-11.705,19.927999,0.0,,,19.927998,0.0,19.927999,0.0,0.0,19.927999,19.927999,,43.195999,0.46,0.46,0.46,43.217999,0.46,0.46,0.46,
04/01/2001,430.187988,,-344.289001,,85.898987,,-33.153,,,,52.745998,-5.307,,8.804,,,-3.497,47.438998,-17.549999,29.889,0.0,,,29.888999,0.0,29.889,0.0,0.0,29.889,29.889,,43.198002,0.69,0.69,0.69,43.223999,0.69,0.69,0.69,
07/01/2001,332.304993,,-275.040985,,57.264008,,-39.939999,,,,17.323999,-14.514,,8.976,,,5.538,2.809999,1.69,4.5,0.0,,,4.499999,0.0,4.5,0.0,0.0,4.5,4.5,,43.198002,0.105,0.105,0.105,43.932,0.105,0.105,0.105,
09/30/2001,219.628998,,-199.807007,,19.821991,,-36.523998,,,,-16.702,-10.107,,10.422,,,-0.315,-26.809,9.385,-17.424,0.0,,,-17.423999,0.0,-17.424,0.0,0.0,-17.424,-17.424,,43.200001,-0.405,-0.405,-0.405,43.200001,-0.405,-0.405,-0.405,
12/30/2001,333.553986,,-278.695007,,54.858978,,-40.66,,,,14.199,-10.539,,11.101,,,-0.562,3.660001,-1.281,2.379,0.0,,,2.379,0.0,2.379,0.0,0.0,2.379,2.379,,43.206001,0.055,0.055,0.175,43.231998,0.055,0.055,0.175,
03/31/2002,517.29303,,-414.263,,103.030029,,-35.429001,,,,67.600998,-10.247,,12.4,,,-2.153,57.353998,-19.74,37.613998,0.0,,,37.613999,0.0,37.613998,0.0,0.0,37.613998,37.613998,,43.240002,0.87,0.87,0.87,48.911999,0.79,0.79,0.79,
06/30/2002,455.970001,,-364.574005,,91.395996,,-37.736,,,,53.66,-7.355,,10.51,,0.0,-3.155,46.305,-15.754,30.551001,0.0,,,30.551,0.0,30.551001,0.0,0.0,30.551001,30.551001,,43.272,0.705,0.705,0.705,48.938,0.65,0.65,0.65,
09/29/2002,236.496002,,-200.703003,,35.792999,,-38.358002,,,,-2.565,-8.082,,10.089,,,-2.007,-10.647,3.62,-7.027,0.0,,,-7.027,0.0,-7.027,0.0,0.0,-7.027,-7.027,,43.285999,-0.16,-0.16,-0.16,43.307999,-0.16,-0.16,-0.16,
12/29/2002,352.562012,,-284.921997,,67.640015,,-41.168999,,,,26.471001,-8.677,,10.171,,,-1.494,17.794001,-6.05,11.744,0.0,,,11.744001,0.0,11.744,0.0,0.0,11.744,11.744,,43.293999,0.27,0.27,0.27,48.964001,0.265,0.265,0.265,
03/30/2003,560.43103,,-443.794006,,116.637024,,-46.224998,,,,70.412003,-7.417,,10.117,,,-2.7,62.995003,-20.02,42.974998,0.0,,,42.975003,0.0,42.974998,0.0,0.0,42.974998,42.974998,,43.251999,0.995,0.995,0.995,48.928001,0.905,0.905,0.905,
06/29/2003,508.144012,,-399.139008,,109.005005,,-52.23,,,,56.775002,-8.339,,10.011,,,-1.672,48.436002,-15.49,32.945999,0.0,,,32.946002,0.0,32.945999,0.0,0.0,32.945999,32.945999,,43.362,0.76,0.76,0.76,49.042,0.695,0.695,0.695,
09/28/2003,331.394989,,-271.200012,,60.194977,,-45.900002,,,,14.295,-8.389,,9.832,,,-1.443,5.906,-1.89,4.016,0.0,,,4.016,0.0,4.016,0.0,0.0,4.016,4.016,,43.942001,0.09,0.09,0.09,44.209999,0.09,0.09,0.09,
12/28/2003,415.984009,,-325.138,,90.846008,,-52.169998,,,,38.675999,-8.331,,9.596,,,-1.265,30.344999,-9.71,20.635,0.0,,,20.634999,0.0,20.635,0.0,0.0,20.635,20.635,,44.175999,0.465,0.465,0.465,50.208,0.435,0.435,0.435,
03/28/2004,654.68103,,-486.914001,,167.767029,,-53.263,,,,114.503998,-7.136,,9.603,,,-2.467,107.367998,-36.099998,71.267998,0.0,,,71.268,0.0,71.267998,0.0,0.0,71.267998,71.267998,,44.307999,1.61,1.61,1.61,50.332001,1.44,1.44,1.44,
06/27/2004,545.304,,-424.24,,121.064,0.0,-54.33,54.33,,0.0,66.734,-5.349,,8.634,,,-3.285,61.385,-21.19,40.195,,,,40.195,,40.195,,0.0,40.195,40.195,,47.268,0.85,0.85,0.85,50.624,0.805,0.805,0.805,
09/26/2004,438.994995,,-368.177002,,70.817993,,-67.959999,,,,2.858,-5.186,,8.119,,,-2.933,-2.328,0.84,-1.488,0.0,,,-1.488,0.0,-1.488,0.0,0.0,-1.488,-1.488,,51.192001,-0.03,-0.03,0.095,51.740002,-0.03,-0.03,0.095,
12/26/2004,503.700012,,-397.558014,,106.141998,,-92.657997,,,,13.484,-2.714,8.795,8.795,,0.0,-6.081,10.77,-3.71,7.06,0.0,,,7.06,0.0,7.06,0.0,0.0,7.06,7.06,,51.193001,0.14,0.14,0.53,51.750999,0.14,0.14,0.52,
03/27/2005,840.463013,,-674.734985,,165.728027,,-68.244003,,,,97.484001,-5.31,10.24,10.24,,0.0,-4.93,92.174001,-31.35,60.824001,-19.799999,,,80.624,0.0,80.624001,0.0,0.0,80.624001,80.624001,,51.194,1.57,1.19,1.19,51.709999,1.56,1.18,1.18,
07/03/2005,871.717,,-709.514,,162.203,,-85.261,,,,76.942,-3.243,,9.729,,0.0,-6.486,73.699,-23.328,50.371,0.0,,,50.371,0.0,50.371,0.0,0.0,50.371,50.371,,51.194,0.98,0.98,0.98,51.539,0.98,0.98,0.98,
10/02/2005,511.709015,,-430.401001,,81.308014,,-70.277,,,,11.031,-3.764,10.028,10.028,,0.0,-6.264,7.267,-2.54,4.727,0.0,,,4.727,0.0,4.727,0.0,0.0,4.727,4.727,,51.695,0.09,0.09,0.09,52.053001,0.09,0.09,0.09,
01/01/2006,574.312988,,-456.960999,,117.35199,,-78.722,,,,38.630001,-5.082,11.305,11.305,,0.0,-6.223,33.548001,-11.73,21.818001,0.0,,,21.818001,0.0,21.818001,0.0,0.0,21.818001,21.818001,,51.695,0.42,0.42,0.42,52.066002,0.42,0.42,0.42,
04/02/2006,800.19397,,-619.260986,,180.932983,,-82.742996,,,,98.190002,-9.385,10.893,10.893,,0.0,-1.508,88.805003,-28.797001,60.007999,0.0,,,60.008002,0.0,60.007999,0.0,0.0,60.007999,60.007999,,51.478001,1.17,1.17,1.17,51.561001,1.16,1.16,1.16,
07/02/2006,655.955017,,-543.864014,,112.091003,,-83.975998,,,,28.115,-5.369,,9.865,,0.0,-4.496,22.746,-6.953,15.793,0.0,,,15.793,0.0,15.793,0.0,0.0,15.793,15.793,,51.353001,0.31,0.31,0.31,51.417,0.31,0.31,0.31,
10/01/2006,338.248993,,-291.971008,,46.277985,,-65.681999,,,,-19.403999,-5.58,9.037,9.037,,0.0,-3.457,-24.983999,8.504,-16.48,0.0,,,-16.479999,0.0,-16.48,0.0,0.0,-16.48,-16.48,,50.583,-0.33,-0.33,-0.33,50.583,-0.33,-0.33,-0.33,
12/31/2006,423.059,,-353.779,,69.28,,-64.214,64.214,,0.0,5.066,-10.908,,11.829,,,-0.921,-5.842,1.49,-4.352,,,,-4.352,,-4.352,0.0,0.0,-4.352,-4.352,,50.583,-0.09,-0.09,-0.09,50.583,-0.09,-0.09,-0.09,
04/01/2007,716.953003,,-592.525024,,124.427979,,-63.650002,,,,60.778,-43.09,12.688,12.688,,0.0,30.402,17.688,-7.104,10.584,0.0,,,10.584,0.0,10.584,0.0,0.0,10.584,10.584,,49.423,0.21,0.21,0.64,49.52,0.21,0.21,0.64,
07/01/2007,677.572,,-577.255,,100.317,,-77.401,,,,22.916,-4.477,10.137,10.137,,0.0,-5.66,18.439,-0.378,18.061,0.0,,,18.061,0.0,18.061,0.0,0.0,18.061,18.061,,50.607,0.36,0.36,0.36,50.816,0.36,0.36,0.36,
09/30/2007,367.069,,-324.225,,42.844,,-64.14,64.14,,0.0,-21.296,-8.951,,8.973,,,-0.022,-30.247,9.436,-20.811,0.0,,,-20.811,0.0,-20.811,0.0,0.0,-20.811,-20.811,0.0,49.536,-0.42,-0.42,-0.42,49.536,-0.42,-0.42,-0.42,
12/30/2007,477.537,,-433.22,,44.317,,-66.43,66.43,,0.0,-22.113,27.385,,10.61,,,-37.995,5.272,-1.209,4.063,0.0,,,4.063,0.0,4.063,0.0,0.0,4.063,4.063,0.0,49.536,0.08,0.08,0.08,49.637,0.08,0.08,0.08,
03/30/2008,725.686,,-601.234,,124.452,,-68.533,68.533,,0.0,55.919,-8.322,,10.127,,,-1.805,47.597,-8.727,38.87,0.0,,,38.87,0.0,38.87,0.0,0.0,38.87,38.87,0.0,49.541,0.78,0.78,0.78,49.631,0.78,0.78,0.78,
06/29/2008,581.101,,-485.398,,95.703,,-81.873,,,,13.83,-6.843,8.413,8.413,,0.0,-1.57,6.987,-6.508,0.479,0.0,,,0.479,0.0,0.479,0.0,0.0,0.479,0.479,,49.556,0.01,0.01,-0.15,49.649,0.01,0.01,-0.15,
09/28/2008,458.151,458.151,-393.432,393.432,64.719,0.0,-64.851,64.851,,0.0,-0.132,-6.698,,7.897,,,-1.199,-6.83,4.874,-1.956,0.0,0.0,0.0,-1.956,0.0,-1.956,0.0,0.0,-1.956,-1.566,0.39,49.563,-0.04,-0.04,-0.031596,49.563,-0.04,-0.04,-0.032131,
12/28/2008,477.481,477.481,-401.584,401.584,75.897,0.0,-63.302,63.302,,0.0,12.595,-8.027,,8.714,,,-0.687,4.568,-1.376,3.192,0.0,0.0,0.0,3.192,0.0,3.192,0.0,0.0,3.192,3.192,0.0,49.571,0.06,0.06,0.06,49.707,0.06,0.06,0.06,
03/29/2009,673.794,673.794,-561.724,561.724,112.07,0.0,-68.118,68.118,,0.0,43.952,-6.903,,7.709,,,-0.806,37.049,-11.638,25.411,0.0,0.0,0.0,25.411,0.0,25.411,0.0,0.0,25.411,17.611,-7.8,49.571,0.51,0.51,0.355268,49.728,0.51,0.51,0.353147,
06/28/2009,482.763,482.763,-397.195,397.195,85.568,0.0,-73.642,69.067,,4.575,11.926,-6.304,,6.827,,,-0.523,5.622,-0.297,5.325,0.0,0.0,0.0,5.325,0.0,5.325,0.0,0.0,5.325,2.405,-2.92,49.584,0.11,0.11,0.048504,49.761,0.11,0.11,0.048504,
09/27/2009,324.608,324.608,-272.218,272.218,52.39,0.0,-60.793,60.793,,0.0,-8.403,-5.186,,6.476,,,-1.29,-13.589,4.902,-8.687,0.0,0.0,0.0,-8.687,0.0,-8.687,0.0,0.0,-8.687,-8.687,0.0,49.593,-0.18,-0.18,-0.18,49.593,-0.18,-0.18,-0.18,
12/27/2009,393.049,393.049,-322.399,322.399,70.65,0.0,-60.339,60.339,,0.0,10.311,-6.042,,7.179,,,-1.137,4.269,-1.244,3.025,0.0,0.0,0.0,3.025,0.0,3.025,0.0,0.0,3.025,3.025,0.0,49.595,0.06,0.06,0.06,50.04,0.06,0.06,0.06,
03/28/2010,694.575,694.575,-554.093,554.093,140.482,0.0,-101.994,71.394,,30.6,38.488,-5.463,,7.323,,,-1.86,33.025,-8.952,24.073,0.0,0.0,0.0,24.073,0.0,24.073,0.0,0.0,24.073,42.739,18.666,49.597,0.48,0.48,0.861726,50.06,0.48,0.48,0.852873,
06/27/2010,615.641,615.641,-499.228,499.228,116.413,0.0,-87.722,87.722,,0.0,28.691,-3.322,,5.49,,,-2.168,25.369,-7.166,18.203,0.0,0.0,0.0,18.203,0.0,18.203,0.0,0.0,18.203,18.203,0.0,49.658,0.37,0.37,0.37,50.22,0.36,0.36,0.36,
09/26/2010,334.116,334.116,-272.122,272.122,61.994,0.0,-70.456,70.456,,0.0,-8.462,-3.722,,5.157,,,-1.435,-12.184,4.07,-8.114,0.0,0.0,0.0,-8.114,0.0,-8.114,0.0,0.0,-8.114,-8.114,0.0,49.665,-0.16,-0.16,-0.16,49.665,-0.16,-0.16,-0.16,
12/26/2010,450.324,450.324,-372.003,372.003,78.321,0.0,-74.559,74.559,,0.0,3.762,-7.371,,9.008,,,-1.637,-3.609,2.357,-1.252,0.0,0.0,0.0,-1.252,0.0,-1.252,0.0,0.0,-1.252,0.906,2.158,49.702,-0.03,-0.03,0.018229,49.702,-0.03,-0.03,0.013419,
03/27/2011,720.333,720.333,-570.784,570.784,149.549,0.0,-70.997,70.997,,0.0,78.552,-2.306,,4.513,,,-2.207,76.246,-24.725,51.521,0.0,0.0,0.0,51.521,0.0,51.521,0.0,0.0,51.521,51.521,0.0,49.726,1.03,1.03,1.03,50.465,1.02,1.02,1.02,
07/03/2011,605.225,605.225,-496.772,496.772,108.453,0.0,-134.088,84.638,,49.45,-25.635,-2.764,,4.64,,,-1.876,-28.399,10.599,-17.8,0.0,0.0,0.0,-17.8,0.0,-17.8,0.0,0.0,-17.8,16.523,34.323,49.81,-0.36,-0.36,0.331721,49.81,-0.36,-0.36,0.329078,
10/02/2011,397.297,397.297,-331.243,331.243,66.054,0.0,-67.677,67.677,,0.0,-1.623,-2.544,,4.338,,,-1.794,-4.167,-1.053,-5.22,0.0,0.0,0.0,-5.22,0.0,-5.22,0.0,0.0,-5.22,-5.22,0.0,49.818,-0.1,-0.1,-0.1,49.818,-0.1,-0.1,-0.1,
01/01/2012,447.947,447.947,-374.067,374.067,73.88,0.0,-73.292,73.292,,0.0,0.588,-3.408,,4.796,,,-1.388,-2.82,5.517,2.697,0.0,0.0,0.0,2.697,0.0,2.697,0.0,0.0,2.697,2.697,0.0,49.418,0.05,0.05,0.05,50.326,0.05,0.05,0.05,
04/01/2012,720.097,720.097,-573.221,573.221,146.876,0.0,-93.432,73.668,,19.764,53.444,-3.245,,4.811,,,-1.566,50.199,-10.262,39.937,0.0,0.0,0.0,39.937,0.0,39.937,0.0,0.0,39.937,46.227,6.29,48.882,0.82,0.82,0.945686,49.857,0.8,0.8,0.926161,
07/01/2012,501.192,501.192,-406.517,406.517,94.675,0.0,-105.846,75.743,,30.103,-11.171,-2.168,,4.597,,,-2.429,-13.339,4.931,-8.408,0.0,0.0,0.0,-8.408,0.0,-8.408,0.0,0.0,-8.408,8.546,16.954,47.89,-0.18,-0.18,0.178451,47.98,-0.18,-0.18,0.173356,
09/30/2012,309.02,309.02,-260.024,260.024,48.996,0.0,-70.814,65.688,,5.126,-21.818,-3.081,,4.486,,,-1.405,-24.899,8.372,-16.527,0.0,0.0,0.0,-16.527,0.0,-16.527,0.0,0.0,-16.527,-13.195,3.332,47.133,-0.35,-0.35,-0.279952,47.133,-0.35,-0.35,-0.279952,
12/30/2012,439.066,439.066,-358.953,358.953,80.113,0.0,-75.835,69.2,,6.635,4.278,-3.149,,4.599,,,-1.45,1.129,-1.764,-0.635,0.0,0.0,0.0,-0.635,0.0,-0.635,0.0,-0.152,-0.787,3.526,4.313,46.909,-0.02,-0.02,0.075167,46.909,-0.02,-0.02,0.071944,
03/31/2013,637.259,637.259,-503.826,503.826,133.433,0.0,-77.313,70.668,,6.645,56.12,-2.911,,4.717,,,-1.806,53.209,-14.693,38.516,0.0,0.0,0.0,38.516,0.0,38.516,0.0,0.0,38.516,43.885,5.369,47.336,0.79,0.79,0.927096,47.709,0.78,0.78,0.892536,
06/30/2013,477.153,477.153,-391.793,391.793,85.36,0.0,-164.503,70.632,,93.871,-79.143,-2.436,,4.717,,,-2.281,-81.579,26.568,-55.011,0.0,0.0,0.0,-55.011,0.0,-55.011,0.0,0.0,-55.011,7.2785,62.2895,47.31,-1.17,-1.17,0.153847,47.31,-1.17,-1.17,0.146624,
09/30/2013,317.304,317.304,-269.888,269.888,47.416,0.0,-72.347,68.762,,3.585,-24.931,-2.417,,4.51,,,-2.093,-27.348,7.999,-19.349,0.0,0.0,0.0,-19.349,0.0,-19.349,0.0,0.0,-19.349,-16.498,2.851,46.997,-0.41,-0.41,-0.351044,46.997,-0.41,-0.41,-0.351044,
12/29/2013,416.592,416.592,-337.333,337.333,79.259,0.0,-74.095,71.777,,2.318,5.164,-2.843,,4.594,,,-1.751,2.321,-1.619,0.702,0.0,0.0,0.0,0.702,0.0,0.702,0.0,0.0,0.702,2.298,1.596,46.825,0.01,0.01,0.049076,47.987,0.01,0.01,0.043259,
03/30/2014,628.403,628.403,-498.927,498.927,129.476,0.0,-74.089,74.863,,-0.774,55.387,-2.425,,4.72,,,-2.295,52.962,-13.809,39.153,0.0,0.0,0.0,39.153,0.0,39.153,0.0,0.0,39.153,38.65,-0.503,46.129,0.82,0.82,0.837868,46.245,0.82,0.82,0.809123,
06/30/2014,496.761,496.761,-400.288,400.288,96.473,0.0,-85.835,75.965,,9.87,10.638,-1.439,,4.644,,,-3.205,9.199,-1.358,7.841,0.0,0.0,0.0,7.841,0.0,7.841,0.0,0.0,7.841,14.589,6.748,45.814,0.17,0.17,0.31844,45.909,0.17,0.17,0.316986,
09/28/2014,292.629,292.629,-245.308,245.308,47.321,0.0,-71.039,70.084,,0.955,-23.718,-2.145,,4.518,,,-2.373,-25.863,10.584,-15.279,0.0,0.0,0.0,-15.279,0.0,-15.279,0.0,0.0,-15.279,-9.331,5.948,45.113,-0.34,-0.34,-0.206836,45.113,-0.34,-0.34,-0.208153,
12/28/2014,444.287,444.287,-349.573,349.573,94.714,0.0,-81.399,73.97,,7.429,13.315,-2.838,,4.89,,,-2.052,10.477,-3.534,6.943,0.0,0.0,0.0,6.943,0.0,6.943,0.0,0.0,6.943,11.889,4.946,44.579,0.15,0.15,0.266695,44.629,0.15,0.15,0.260825,
03/29/2015,619.015,619.015,-499.935,499.935,119.08,0.0,-73.657,72.714,,0.943,45.423,-2.91,,5.233,,,-2.323,42.513,-8.592,33.921,0.0,0.0,0.0,33.921,0.0,33.921,0.0,0.0,33.921,39.213,5.292,44.16,0.75,0.75,0.887976,44.241,0.75,0.75,0.869618,
06/28/2015,538.819,538.819,-433.988,433.988,104.831,0.0,-73.668,73.149,0.0,0.519,31.163,-1.333,,4.891,,0.0,-3.558,29.83,-9.729,20.101,0.0,0.0,0.0,20.101,0.0,20.101,0.0,0.0,20.101,23.01525,2.91425,43.754,0.45,0.45,0.526015,43.847,0.45,0.45,0.516464,
09/27/2015,289.458,289.458,-239.746,239.746,49.712,0.0,-73.048,72.134,,0.914,-23.336,-3.081,,4.536,,,-1.455,-26.417,8.246,-18.171,0.0,0.0,0.0,-18.171,0.0,-18.171,0.0,0.0,-18.171,-15.2,2.971,43.478,-0.42,-0.42,-0.349602,43.478,-0.42,-0.42,-0.351667,
12/27/2015,413.379,413.379,-321.683,321.683,91.696,0.0,-72.931,72.559,,0.372,18.765,-2.63,,5.013,,,-2.383,16.135,-3.575,12.56,0.0,0.0,0.0,12.56,0.0,12.56,0.0,0.0,12.56,15.137,2.577,43.374,0.28,0.28,0.348988,43.47,0.28,0.28,0.339282,
03/27/2016,603.75,603.75,-476.655,476.655,127.095,1.105,-83.083,75.288,,7.795,45.117,-5.082,,5.593,,,-0.511,40.035,-13.212,26.823,0.0,0.0,0.0,26.823,0.0,26.823,0.0,-0.579,26.244,34.49825,8.25425,42.621,0.62,0.62,0.809419,42.889,0.61,0.61,0.802456,
07/03/2016,502.191,502.191,-408.239,408.239,93.952,0.655,-88.793,85.502,0.0,3.291,5.814,-0.211,,4.89,,0.0,-4.679,5.603,-0.254,5.349,0.0,0.0,0.0,5.349,0.0,5.349,0.0,0.0,5.349,24.64705,19.29805,42.631,0.12,0.12,0.578149,42.896,0.12,0.12,0.56988,
10/02/2016,286.797,286.797,-234.276,234.276,52.521,3.228,-72.063,72.063,,0.0,-16.314,-4.048,,4.505,,,-0.457,-20.362,6.214,-14.148,0.0,0.0,0.0,-14.148,0.0,-14.148,0.0,-0.112,-14.26,-14.18655,0.07345,42.494,-0.34,-0.34,-0.333848,42.494,-0.34,-0.34,-0.338272,
01/01/2017,428.236,428.236,-332.83,332.83,95.406,3.011,-73.032,73.032,,0.0,25.385,-4.752,,5.133,,,-0.381,20.633,-5.382,15.251,0.0,0.0,0.0,15.251,0.0,15.251,0.0,-0.332,14.919,15.0607,0.1417,42.081,0.35,0.35,0.357898,42.142,0.35,0.35,0.353362,
04/02/2017,596.965,596.965,-462.194,462.194,134.771,1.079,-78.279,78.279,,0.0,57.571,-4.677,,5.521,,,-0.844,52.894,-17.075,35.819,0.0,0.0,0.0,35.819,0.0,35.819,0.0,-0.821,34.998,35.3945,0.3965,42.076,0.83,0.83,0.841204,42.175,0.83,0.83,0.839401,
07/02/2017,474.105,474.105,-372.975,372.975,101.13,3.737,-74.164,74.164,0.0,0.0,30.703,-4.208,,5.135,,0.0,-0.927,26.495,-6.768,19.727,0.0,0.0,0.0,19.727,0.0,19.727,0.0,0.0,19.727,19.88755,0.16055,42.063,0.46,0.46,0.472804,42.302,0.46,0.46,0.463795,
10/01/2017,329.094,329.094,-262.829,262.829,66.265,3.613,-86.713,86.713,,0.0,-16.835,-4.239,,4.957,,,-0.718,-21.074,6.036,-15.038,0.0,0.0,0.0,-15.038,0.0,-15.038,0.0,-0.151,-15.189,-10.74305,4.44595,42.105,-0.36,-0.36,-0.255149,42.105,-0.36,-0.36,-0.255149,
12/31/2017,446.436,446.436,-353.57,353.57,92.866,0.0,-75.477,77.59,,-2.113,17.389,-5.209,,5.593,,,-0.384,12.18,-28.524,-16.344,0.0,0.0,0.0,-16.344,0.0,-16.344,0.0,0.15,-16.194,-13.16955,3.02445,42.154,-0.39,-0.39,-0.312415,42.154,-0.39,-0.39,-0.318252,
04/01/2018,604.069,604.069,-473.796,473.796,130.273,0.0,-79.443,80.156,,-0.713,50.83,-7.267,,8.617,,,-1.35,43.563,-11.675,31.888,0.0,0.0,0.0,31.888,0.0,31.888,0.0,-0.626,31.262,35.49518,4.23318,42.064,0.74,0.74,0.843837,42.307,0.74,0.74,0.840059,
07/01/2018,501.694,501.694,-393.017,393.017,108.677,2.819,-129.655,129.655,0.0,0.0,-18.159,-5.408,6.153,6.153,0.0,0.0,-0.745,-23.567,11.742,-11.825,0.0,0.0,0.0,-11.825,0.0,-11.825,0.0,0.0,-11.825,20.1278,31.9528,41.947,-0.29,-0.29,0.479839,41.947,-0.29,-0.29,0.471742,
09/30/2018,278.997,278.997,-235.243,235.243,43.754,0.0,-97.885,100.858,,-2.973,-54.131,-4.818,,5.161,,,-0.343,-58.949,17.963,-40.986,0.0,0.0,0.0,-40.986,0.0,-40.986,0.0,-0.154,-41.14,-24.54,16.6,41.858,-0.98,-0.98,-0.586268,41.858,-0.98,-0.98,-0.586268,
12/30/2018,505.462,505.462,-413.005,413.005,92.457,0.0,-84.122,87.139,,-3.017,8.335,-8.428,,7.482,,,0.946,-0.093,-2.511,-2.604,0.0,0.0,0.0,-2.604,0.0,-2.604,0.0,-0.154,-2.758,8.09414,10.85214,41.689,-0.07,-0.07,0.194155,41.689,-0.07,-0.07,0.190312,
03/31/2019,580.196,580.196,-483.209,483.209,96.987,0.0,-79.726,79.521,,0.205,17.261,-8.135,,9.088,,,-0.953,9.126,-1.121,8.005,0.0,0.0,0.0,8.005,0.0,8.005,0.0,-0.196,7.809,14.409,6.6,41.527,0.19,0.19,0.346979,41.527,0.19,0.19,0.346979,
06/30/2019,471.951,471.951,-404.132,404.132,67.819,0.0,-78.481,81.724,0.0,-3.243,-10.662,-7.562,7.511,7.511,0.0,0.0,0.051,-18.224,-0.316,-18.54,0.0,0.0,0.0,-18.54,0.0,-18.54,0.0,-0.121,-18.661,-14.67785,3.98315,41.516,-0.45,-0.45,-0.353547,41.516,-0.45,-0.45,-0.354057,
09/29/2019,313.719,313.719,-270.472,270.472,43.247,0.0,-77.474,78.737,,-1.263,-34.227,-7.648,6.905,6.905,0.0,,0.743,-41.875,8.238,-33.637,0.0,0.0,0.0,-33.637,0.0,-33.637,0.0,-0.063,-33.7,-26.54641,7.15359,41.603,-0.81,-0.81,-0.638089,41.603,-0.81,-0.81,-0.638089,
12/29/2019,437.941,437.941,-369.916,369.916,68.025,0.0,-78.178,79.124,,-0.946,-10.153,-9.353,8.965,8.965,0.0,,0.388,-19.506,4.162,-15.344,0.0,0.0,0.0,-15.344,0.0,-15.344,0.0,0.063,-15.281,-8.181,7.1,41.725,-0.37,-0.37,-0.19607,41.725,-0.37,-0.37,-0.199838,
03/29/2020,473.535,473.535,-410.071,410.071,63.464,0.0,-145.123,74.897,,70.226,-81.659,-11.294,9.521,9.521,0.0,,1.773,-92.953,-51.653,-144.606,0.0,0.0,0.0,-144.606,0.0,-144.606,0.0,0.0,-144.606,-3.63311,140.97289,41.726,-3.47,-3.47,-0.087071,41.726,-3.47,-3.47,-0.091462,
06/30/2020,336.0,,,,35.616,,,,,,-23.0,,,,,,,-38.1,,-34.5,,,,,,-34.5,,,-34.5,-34.5,,,-0.63,-0.63,-0.65,,-0.63,-0.63,-0.65,
09/30/2020,273.0,,,,41.0865,,,,,,-32.2,,,,,,,-36.75,,-23.7,,,,,,-23.7,,,-23.7,-27.8,,,-0.77,-0.77,-0.67,,-0.77,-0.77,-0.67,
