Date,Revenue,Net Premiums Earned,Net Premiums Earned (L),Other Premiums Earned (NL & L),Investment Income,Other Operating Income,Policy Charges & Fees,Other Income,Claims & Losses,Claims & Losses (L),LT Charges (L),Underwriting Expense & Acq Cost,Underwriting & Acq Cost (NL),Amort Def Acq Cost (NL),Other Operating Expense,Operating Income (Loss),Interest Expense,Other Non-Op (Income) Loss,"Pretax Income (Loss), GAAP",Income Tax Expense (Benefit),Income (Loss) from Cont Ops,Net Extraordinary Losses (Gains),Discontinued Operations,XO & Accounting Changes,Income (Loss) Incl. MI,Minority Interest,"Net Income, GAAP",Preferred Dividends,Other Adjustments,"Net Income Avail to Common, GAAP","Net Income Avail to Common, Adj",Net Abnormal Losses (Gains),Basic Weighted Avg Shares,"Basic EPS, GAAP",Basic EPS from Cont Ops,"Basic EPS from Cont Ops, Adjusted",Diluted Weighted Avg Shares,"Diluted EPS, GAAP",Diluted EPS from Cont Ops,"Diluted EPS from Cont Ops, Adjusted",Source: Bloomberg
03/31/2016,2389.0,393.0,393.0,0.0,980.0,1016.0,931.0,85.0,-1027.0,737.0,290.0,-246.0,246.0,246.0,,564.0,,0.0,564.0,-157.0,407,0.0,0.0,0.0,407.0,,407,,0.0,407,256.2,-150.8,,,,,,,,,
03/31/2017,965.0,176.0,176.0,0.0,-238.0,1027.0,953.0,74.0,-1139.0,864.0,275.0,148.0,-148.0,-148.0,,-590.0,,0.0,-590.0,241.0,-349,0.0,0.0,0.0,-349.0,,-349,,0.0,-349,-468.0,663.0,116.565271,-2.994031,-2.994031,2.69377,116.565271,-2.994031,-2.994031,2.69377,
06/30/2017,2025.0,218.0,218.0,0.0,688.0,1119.0,957.0,162.0,-1069.0,785.0,284.0,-21.0,21.0,21.0,,321.0,0.0,0.0,321.0,-75.0,246,0.0,0.0,0.0,246.0,,246,,0.0,246,-469.3,50.7,,,,,,,,,
09/30/2017,1972.0,236.0,236.0,0.0,618.0,1118.0,1025.0,93.0,-1362.0,1083.0,279.0,-123.0,123.0,123.0,-577.0,-90.0,-34.0,0.0,-124.0,-819.0,-943,0.0,0.0,0.0,-943.0,,-943,0.0,0.0,-943,-850.05,92.95,119.773106,-7.87,-7.87,-7.097169,119.773106,-7.87,-7.87,-7.097169,
12/31/2017,1880.0,233.0,233.0,0.0,362.0,1285.0,963.0,322.0,-1177.0,904.0,273.0,-231.0,231.0,231.0,-657.0,-185.0,-37.0,0.0,-222.0,890.0,668,0.0,0.0,0.0,668.0,,668,0.0,0.0,668,81.65,-586.35,119.773106,5.58,5.58,0.681706,119.773106,5.58,5.58,0.681706,
03/31/2018,1815.0,229.0,229.0,0.0,479.0,1107.0,1002.0,105.0,-1005.0,738.0,267.0,-305.0,305.0,305.0,-618.0,-113.0,0.0,0.0,-113.0,48.0,-65,0.0,0.0,0.0,-65.0,-2.0,-67,0.0,0.0,-67,257.717833,324.717833,119.773106,-0.56,-0.56,2.151717,119.773106,-0.56,-0.56,2.151108,
06/30/2018,1702.0,223.0,223.0,0.0,419.0,1060.0,962.0,98.0,-1082.0,813.0,269.0,-246.0,246.0,246.0,-658.0,-284.0,-33.0,0.0,-317.0,79.0,-238,0.0,0.0,0.0,-238.0,-1.0,-239,,0.0,-239,67.65,306.65,119.773106,-2.01,-2.01,0.564818,119.773106,-2.01,-2.01,0.550258,
09/30/2018,1422.0,225.0,225.0,0.0,120.0,1077.0,972.0,105.0,-1095.0,822.0,273.0,-30.0,30.0,30.0,-625.0,-328.0,-40.0,0.0,-368.0,99.0,-269,0.0,0.0,0.0,-269.0,-2.0,-271,0.0,0.0,-271,266.38,537.38,119.657443,-2.26,-2.26,2.226188,119.657443,-2.26,-2.26,2.226188,
12/31/2018,4026.0,223.0,223.0,0.0,2815.0,988.0,899.0,89.0,-1169.0,899.0,270.0,-469.0,469.0,469.0,-556.0,1832.0,-45.0,0.0,1787.0,-345.0,1442,0.0,0.0,0.0,1442.0,,1442,0.0,0.0,1442,-7.347267,-1449.347267,118.685082,12.1498,12.1498,-0.061906,118.685082,12.1498,12.1498,-0.061906,
03/31/2019,691.0,227.0,227.0,0.0,-503.0,967.0,875.0,92.0,-1030.0,772.0,258.0,-22.0,22.0,22.0,-545.0,-906.0,-47.0,0.0,-953.0,218.0,-735,0.0,0.0,0.0,-735.0,-2.0,-737,0.0,0.0,-737,363.3724,1100.3724,117.229854,-6.31,-6.31,3.099658,117.229854,-6.31,-6.31,3.076452,
06/30/2019,2370.0,232.0,232.0,0.0,1154.0,984.0,888.0,96.0,-1110.0,845.0,265.0,-170.0,170.0,170.0,-573.0,517.0,-48.0,0.0,469.0,-85.0,384,0.0,0.0,0.0,384.0,0.0,384,-7.0,0.0,377,148.540426,-228.459574,114.931224,3.28,3.28,1.292429,115.536654,3.27,3.27,1.292429,
09/30/2019,3187.0,214.0,214.0,0.0,2012.0,961.0,867.0,94.0,-1591.0,1319.0,272.0,-181.0,181.0,181.0,-562.0,853.0,-49.0,0.0,804.0,-119.0,685,0.0,0.0,0.0,685.0,-2.0,683,-7.0,0.0,676,-444.640945,-1120.640945,110.915416,6.09,6.09,-4.008829,111.52748,6.06,6.06,-4.008829,
12/31/2019,306.0,209.0,209.0,0.0,-960.0,1057.0,950.0,107.0,-1002.0,734.0,268.0,-9.0,9.0,9.0,-620.0,-1325.0,-47.0,0.0,-1372.0,303.0,-1069,0.0,0.0,0.0,-1069.0,-1.0,-1070,-7.0,0.0,-1077,375.614376,1452.614376,107.48503,-10.02,-10.02,3.494574,107.840324,-10.02,-10.02,3.450048,
03/31/2020,8985.0,198.0,198.0,0.0,7799.0,988.0,886.0,102.0,-1446.0,1187.0,259.0,-770.0,770.0,770.0,-470.0,6299.0,-47.0,0.0,6252.0,-1293.0,4959,0.0,0.0,0.0,4959.0,-2.0,4957,-7.0,0.0,4950,-257.066511,-5207.066511,105.093515,47.11,47.11,-2.446074,105.093515,47.11,47.11,-2.446074,
06/30/2020,-922.0,193.0,193.0,0.0,-2035.0,920.0,827.0,93.0,-1115.0,839.0,276.0,92.0,-92.0,-92.0,-532.0,-2477.0,-45.0,0.0,-2522.0,531.0,-1991,0.0,0.0,0.0,-1991.0,0.0,-1991,-7.0,0.0,-1998,179.712937,2177.712937,94.837492,-21.067617,-21.067617,1.894957,94.837492,-21.067617,-21.067617,1.894957,
09/30/2020,2029.667,,,,,,,,,,,,,,,256.333,,,273.5,,111,,,,,,111,,,111,205.0,,,0.17,0.17,2.444,,0.17,0.17,2.444,
12/31/2020,2010.833,,,,,,,,,,,,,,,260.333,,,300.5,,106,,,,,,106,,,106,201.0,,,1.13,1.13,2.409,,1.13,1.13,2.409,
