Date,Revenue,Sales & Services Revenue,Cost of Revenue,Cost of Goods & Services,Gross Profit,Other Operating Income,Operating Expenses,"Selling, General & Admin",Research & Development,Depreciation & Amortization,Other Operating Expense,Operating Income (Loss),Non-Operating (Income) Loss,"Interest Expense, Net",Interest Expense,Interest Income,Foreign Exch (Gain) Loss,(Income) Loss from Affiliates,Other Non-Op (Income) Loss,Pretax Income,Income Tax Expense (Benefit),Income (Loss) from Cont Ops,Net Extraordinary Losses (Gains),Discontinued Operations,XO & Accounting Changes,Income (Loss) Incl. MI,Minority Interest,"Net Income, GAAP",Preferred Dividends,Other Adjustments,"Net Income Avail to Common, GAAP","Net Income Avail to Common, Adj",Net Abnormal Losses (Gains),Basic Weighted Avg Shares,"Basic EPS, GAAP",Basic EPS from Cont Ops,"Basic EPS from Cont Ops, Adjusted",Diluted Weighted Avg Shares,"Diluted EPS, GAAP",Diluted EPS from Cont Ops,"Diluted EPS from Cont Ops, Adjusted",Source: Bloomberg
04/29/1989,131.608994,,-78.028,,53.580994,,-53.584999,,,,,-0.004,-1.737,,1.666,,,,0.071,-1.741,0.654,-1.087,0.0,,,-1.087,0.0,-1.087,0.0,,-1.087,-1.087,,70.831251,-0.0128,-0.0128,,70.831251,-0.0128,-0.0128,-0.0128,
07/29/1989,133.029999,,-77.526001,,55.503998,,-53.584999,,,,,1.919,-1.885,,2.601,,,,-0.716,0.034,-0.01,0.024,0.0,,,0.024,0.0,0.024,0.0,,0.024,0.024,,71.004689,0.00032,0.00064,,71.004689,0.00032,0.00064,0.00064,
10/28/1989,135.882996,,-76.613998,,59.268997,,-58.373001,,,,,0.896,-3.025,,3.135,,,,-0.11,-2.129,0.79,-1.339,0.0,,,-1.339,0.0,-1.339,0.0,,-1.339,-1.339,,71.098435,-0.0192,-0.0192,,71.098435,-0.0192,-0.0192,-0.0192,
02/03/1990,208.158997,,-131.613998,,76.544998,,-67.899002,,,,,8.646,-19.325001,,2.632,,,,16.693001,-10.679001,6.127,-4.552,0.0,,,-4.552001,0.0,-4.552,0.0,,-4.552,-4.552,,71.173435,-0.064,-0.064,,71.173435,-0.064,-0.064,-0.064,
05/05/1990,140.020004,,-84.556,,55.464005,,-59.424999,,,,,-3.961,-2.133,,2.393,,,,-0.26,-6.094,2.373,-3.721,0.0,,,-3.721,0.0,-3.721,0.0,,-3.721,-3.721,,71.065623,-0.0512,-0.0512,,71.065623,-0.0512,-0.0512,-0.0512,
08/04/1990,159.063004,,-96.295998,,62.767006,,-59.098999,,,,,3.668,-2.397,,2.523,,,,-0.126,1.271,-0.467,0.804,0.0,,,0.804,0.0,0.804,0.0,,0.804,0.804,,71.09375,0.0128,0.0128,,71.09375,0.0128,0.0128,0.0128,
11/03/1990,166.774002,,-101.169998,,65.604004,,-62.141998,,,,,3.462,-2.696,,2.796,,,,-0.1,0.766,-0.298,0.468,0.0,,,0.468,0.0,0.468,0.0,,0.468,0.468,,71.345311,0.0064,0.0064,,71.345311,0.0064,0.0064,0.0064,
02/02/1991,213.445999,,-138.164001,,75.281998,,-63.212002,,,,,12.07,-1.382,,1.872,,,,-0.49,10.688,-3.694,6.994,0.0,,,6.994,0.0,6.994,0.0,,6.994,6.994,,71.3875,0.096,0.096,0.096,71.3875,0.096,0.096,0.096,
05/04/1991,157.807999,,-95.306999,,62.500999,,-62.298,,,,,0.203,-1.548,,1.552,,,,-0.004,-1.345,0.51,-0.835,0.0,,,-0.835,0.0,-0.835,0.0,,-0.835,-0.835,,71.412498,-0.0128,-0.0128,,71.412498,-0.0128,-0.0128,-0.0128,
08/03/1991,176.692001,,-107.428001,,69.264,,-64.583,,,,,4.681,-1.178,,1.566,,,,-0.388,3.503,-1.326,2.177,0.0,,,2.177,0.0,2.177,0.0,,2.177,2.177,,71.512496,0.032,0.032,,71.512496,0.032,0.032,0.032,
11/02/1991,186.231003,,-109.688004,,76.542999,,-71.759003,,,,,4.784,-1.823,,1.694,,,,0.129,2.961,-1.131,1.83,0.0,,,1.83,0.0,1.83,0.0,,1.83,1.83,,71.61094,0.0256,0.0256,,71.61094,0.0256,0.0256,0.0256,
02/01/1992,250.766006,,-147.059006,,103.707,,-75.064003,,,,,28.643,-1.347,,1.453,,,,-0.106,27.296,-10.37,16.926001,0.0,,,16.926,0.0,16.926001,0.0,,16.926001,16.926001,,71.715623,0.2368,0.2368,0.2368,71.715623,0.2368,0.2368,0.2368,
05/02/1992,192.031998,,-111.162003,,80.869995,,-74.394997,,,,,6.475,-1.0,,1.336,,,,-0.336,5.475,-2.107,3.368,0.0,,,3.368,0.0,3.368,0.0,,3.368,3.368,,74.45156,0.0448,0.0448,,74.45156,0.0448,0.0448,0.0448,
08/01/1992,203.169006,,-116.608002,,86.561005,,-77.251999,,,,,9.309,-0.973,,1.335,,,,-0.362,8.336,-3.201,5.135,0.0,,,5.135,0.0,5.135,0.0,,5.135,5.135,,74.298435,0.0704,0.0704,,74.298435,0.0704,0.0704,0.0704,
10/31/1992,228.677002,,-128.940994,,99.736008,,-89.990997,,,,,9.745,-1.372,,1.618,,,,-0.246,8.373,-3.217,5.156,0.0,,,5.156,0.0,5.156,0.0,,5.156,5.156,,74.348438,0.0704,0.0704,,74.348438,0.0704,0.0704,0.0704,
01/30/1993,305.402008,,-173.692993,,131.709015,,-92.856003,,,,,38.853001,-0.771,,1.408,,,,-0.637,38.082001,-14.631,23.451,0.0,,,23.451001,0.0,23.451,0.0,,23.451,23.451,,74.843753,0.3136,0.3136,0.3136,74.843753,0.3136,0.3136,0.3136,
05/01/1993,210.190002,,-120.836998,,89.353004,,-86.635002,,,,,2.718,-0.508,,1.353,,,,-0.845,2.21,-0.884,1.326,0.0,,,1.326,0.0,1.326,0.0,,1.326,1.326,,74.792188,0.0192,0.0192,,74.792188,0.0192,0.0192,0.0192,
07/31/1993,234.429993,,-131.171005,,103.258987,,-90.841003,,,,,12.418,-1.421,,1.509,,,,-0.088,10.997,-4.402,6.595,0.0,,,6.595,0.0,6.595,0.0,,6.595,6.595,,74.843752,0.0896,0.0896,,74.843752,0.0896,0.0896,0.0896,
10/30/1993,261.058014,,-145.998993,,115.059021,,-102.116997,,,,,12.942,-1.607,,1.713,,,,-0.106,11.335,-4.533,6.802,0.0,,,6.802,0.0,6.802,0.0,,6.802,6.802,,75.0,0.0896,0.0896,,75.0,0.0896,0.0896,0.0896,
01/29/1994,349.613007,,-195.231003,,154.382004,,-106.523003,,,,,47.859001,-0.685,,1.237,,0.0,,-0.552,47.174001,-18.870001,28.304001,0.0,,,28.304,0.0,28.304001,0.0,,28.304001,28.304001,,75.312502,0.3776,0.3776,0.3776,75.312502,0.3776,0.3776,0.3776,
04/30/1994,242.278,,-140.595993,,101.682007,,-97.468002,,,,,4.214,-0.174,,0.97,,,,-0.796,4.04,-1.656,2.384,0.0,,,2.384,0.0,2.384,0.0,,2.384,2.384,,75.220311,0.032,0.032,,75.220311,0.032,0.032,0.032,
07/30/1994,272.812988,,-155.158005,,117.654984,,-104.640999,,,,,13.014,-1.642,,1.812,,,,-0.17,11.372,-4.663,6.709,0.0,,,6.709,0.0,6.709,0.0,,6.709,6.709,,74.809372,0.0896,0.0896,,74.809372,0.0896,0.0896,0.0896,
10/29/1994,310.108002,,-174.483994,,135.624008,,-119.188004,,,,,16.436001,-2.749,,2.6,,,,0.149,13.687001,-5.612,8.075,0.0,,,8.075001,0.0,8.075,0.0,,8.075,8.075,,75.11875,0.1088,0.1088,,75.11875,0.1088,0.1088,0.1088,
01/28/1995,453.445007,,-258.256012,,195.188995,,-130.113998,,,,,65.074997,-2.141,,1.856,,0.0,,0.285,62.933997,-24.882,38.051998,0.0,,,38.051997,0.0,38.051998,0.0,,38.051998,38.051998,,75.312502,0.5056,0.5056,0.5056,75.312502,0.5056,0.5056,0.5056,
04/29/1995,291.796997,,-168.897003,,122.899994,,-116.922997,,,,,5.977,-1.145,,1.308,,0.0,,-0.163,4.832,-1.836,2.996,0.0,,,2.996,0.0,2.996,0.0,,2.996,2.996,,75.753123,0.0384,0.0384,,75.753123,0.0384,0.0384,0.0384,
07/29/1995,325.114014,,-187.056,,138.058014,,-122.372002,,,,,15.686,-1.568,,1.911,,,,-0.343,14.118,-5.365,8.753,0.0,,,8.753,0.0,8.753,0.0,,8.753,8.753,,76.349998,0.1152,0.1152,,76.349998,0.1152,0.1152,0.1152,
10/28/1995,357.537994,,-204.100006,,153.437988,,-134.160995,,,,,19.277,-2.916,,2.844,,0.0,,0.072,16.361,-6.217,10.144,0.0,,,10.144,0.0,10.144,0.0,,10.144,10.144,,76.735938,0.1344,0.1344,,76.735938,0.1344,0.1344,0.1344,
02/03/1996,431.566986,,-251.501007,,180.065979,,-102.342003,,,,,77.723999,-1.684,,0.0,,0.0,,1.684,76.039999,-27.799999,48.240002,5.727,,,42.513,0.0,42.513,0.0,,42.513,42.513,,76.875002,0.5568,0.5568,0.5568,76.875002,0.5568,0.5568,0.5568,
05/04/1996,321.968994,,-186.860992,,135.108002,,-124.702003,,,,,10.406,-1.061,,1.303,,0.0,,-0.242,9.345,-3.458,5.887,2.281,,,3.606,0.0,3.606,0.0,,3.606,3.606,,77.853125,0.0384,0.064,0.064,77.853125,0.0384,0.064,0.064,
08/03/1996,532.546997,,-315.798004,,216.748993,,-217.106003,,,,,-0.357,-5.044,,5.094,,0.0,,-0.05,-5.401,1.999,-3.402,5.173,,,-8.575,0.0,-8.575,0.0,,-8.575,-8.575,,105.554688,-0.0832,-0.03392,-0.0768,105.554688,-0.0832,-0.03392,-0.0768,
11/02/1996,597.314026,,-342.230011,,255.084015,,-248.466995,,,,,6.617,-4.968,,6.344,,0.0,,-1.376,1.649,-0.608,1.041,4.059,,,-3.018,0.0,-3.018,0.0,,-3.018,-3.018,,86.774999,-0.032,0.01472,0.0128,86.774999,-0.032,0.01472,0.0128,
02/01/1997,1195.686035,,-697.612,,498.074035,,-318.192993,,,,,179.880997,-5.616,,4.018,,0.0,,1.598,174.264997,-64.480003,109.785004,17.881001,,,91.903993,0.0,91.903999,0.0,,91.903999,91.903999,,86.999998,1.056,1.264,1.264,86.999998,1.056,1.264,1.264,
05/03/1997,778.338013,,-460.972992,,317.365021,,-314.820007,,,,,2.545,-4.874,,4.874,,0.0,,0.0,-2.329,1.005,-1.324,0.0,,,-1.324,0.0,-1.324,0.0,,-1.324,-1.324,,107.309999,-0.0104,-0.0104,-0.0104,111.549997,-0.0104,-0.0104,-0.0104,
08/02/1997,801.30603,,-466.826996,,334.479034,,-317.527008,,,,,16.952,-7.316,,7.316,,0.0,,0.0,9.636,-3.855,5.781,0.0,,,5.781,0.0,5.781,0.0,,5.781,5.781,,107.603996,0.05,0.05,0.05,112.072998,0.05,0.05,0.05,
11/01/1997,859.559021,,-492.002991,,367.55603,,-336.182007,,,,,31.374001,-9.043,,9.043,,0.0,,0.0,22.331,-8.709,13.622,0.0,,,13.622001,0.0,13.622,0.0,,13.622,13.622,,107.565002,0.13,0.13,0.13,112.294998,0.12,0.12,0.12,
01/31/1998,1616.098999,,-1015.630005,,600.468994,,-417.153015,,,,,183.315994,-50.764999,,4.458,,0.0,,46.306999,132.550995,-64.695,67.856003,0.0,,,67.855995,0.0,67.856003,0.0,,67.856003,67.856003,,107.900002,0.63,0.63,1.37,112.800003,0.6,0.6,1.34,
05/02/1998,823.302002,,-483.292999,,340.009003,,-334.595001,,,,,5.414,-4.074,,4.074,,0.0,,0.0,1.34,-0.523,0.817,0.0,,,0.817,0.0,0.817,0.0,0.0,0.817,0.817,,108.500999,0.01,0.01,0.01,112.787003,0.01,0.01,0.01,
08/01/1998,823.869995,,-481.644989,,342.225006,,-325.881012,,,,,16.344,-5.69,,5.69,,0.0,,0.0,10.654,-4.148,6.506,0.0,,,6.506,0.0,6.506,0.0,0.0,6.506,6.506,,109.355003,0.06,0.06,0.06,113.112,0.06,0.06,0.06,
10/31/1998,856.432983,,-504.109985,,352.322998,,-371.006989,,,,,-18.684,-8.748,,8.748,,0.0,,0.0,-27.432,10.7,-16.732,0.0,,,-16.732,0.0,-16.732,0.0,0.0,-16.732,-16.732,,109.473,-0.15,-0.15,-0.15,109.473,-0.15,-0.15,-0.15,
01/30/1999,1690.107056,,-1022.304993,,667.802063,,-467.213013,,,,,200.589005,-5.788,,5.788,,0.0,,0.0,194.801004,-75.973999,118.827003,12.649,,,106.178005,0.0,106.178001,0.0,0.0,106.178001,106.178001,,109.5,0.97,1.09,1.09,112.300003,0.95,1.06,1.06,
05/01/1999,644.578979,,-366.102997,,278.475983,,-254.223999,,,,,24.252001,-3.14,,3.14,,0.0,,0.0,21.112001,-8.339,12.773,16.493999,,,-3.720999,0.0,-3.721,0.0,0.0,-3.721,-3.721,,108.731003,-0.03,0.117,0.117,114.119003,-0.03,0.117,0.117,
07/31/1999,641.638,,-368.392,,273.246,0.0,-255.664,255.664,,,0.0,17.582,-3.666,,3.666,,0.0,,0.0,13.916,-5.497,8.419,12.835,,,-4.416,0.0,-4.416,0.0,0.0,-4.416,-4.416,,110.123,-0.040101,0.076451,-0.040101,113.389,-0.040101,0.073094,-0.040101,
10/30/1999,673.530029,,-387.540009,,285.99002,,-267.420013,,,,,18.57,-5.81,,5.81,,0.0,,0.0,12.76,-5.04,7.72,22.732,,,-15.012,0.0,-15.012,0.0,0.0,-15.012,-15.012,,110.609001,-0.14,0.07,0.07,112.761002,-0.13,0.07,0.07,
01/29/2000,1847.036011,,-1094.953003,,752.083008,,-556.695007,,,,,195.388,-5.893,,5.893,,0.0,,0.0,189.495,-74.850998,114.643997,0.0,,,114.644002,4.615,119.259003,0.0,0.0,119.259003,119.259003,,110.865997,1.08,1.08,1.08,112.686996,1.06,1.06,1.06,
04/29/2000,723.138977,,-419.446014,,303.692963,,-276.484009,,,,,27.209,-3.533,,3.533,,0.0,,0.0,23.676,-9.352,14.324,27.501001,,,-13.177002,0.0,-13.177,0.0,0.0,-13.177,-13.177,,111.105003,-0.12,0.13,0.13,112.207001,-0.12,0.13,0.13,
07/29/2000,708.518,,-410.008,,298.51,,-278.243,,,,,20.267,-4.934,4.934,4.934,,0.0,,0.0,15.333,-6.056,9.277,40.052001,,,-30.775001,0.0,-62.679,0.0,0.0,-62.679,-62.679,,111.36,-0.56,0.083306,-0.56,112.551,-0.56,0.079319,-0.56,
10/28/2000,733.494995,,-420.92099,,312.574005,,-293.927002,,,,,18.646999,-7.787,,7.787,,0.0,,0.0,10.859999,-4.29,6.57,406.588013,,,-400.018014,0.0,-400.018005,0.0,0.0,-400.018005,-400.018005,,111.453003,-3.59,0.06,0.06,112.774002,-3.55,0.06,0.06,
02/03/2001,1111.936035,,-640.969971,,470.966064,,-351.622986,,,,,119.343002,-6.693,,6.693,,0.0,,0.0,112.650002,-44.497002,68.153,-27.069,,,95.222001,0.0,95.222,0.0,0.0,95.222,95.222,,111.783997,0.85,0.61,0.61,112.337997,0.85,0.61,0.61,
05/05/2001,773.620972,,-459.703003,,313.917969,,-309.82901,,,,,4.089,-3.596,,3.596,,0.0,,0.0,0.493,-0.195,0.298,0.0,,,0.298,0.0,0.298,0.0,0.0,0.298,0.298,,112.822998,0.0,0.0,0.0,113.237999,0.0,0.0,0.0,
08/04/2001,748.380005,,-448.453003,,299.927002,,-312.769989,,,,,-12.843,-4.842,,4.842,,0.0,,0.0,-17.685,6.986,-10.699,0.0,,,-10.699,0.0,-10.699,0.0,0.0,-10.699,-10.699,,113.594002,-0.09,-0.09,-0.09,113.594002,-0.09,-0.09,-0.09,
11/03/2001,773.106018,,-456.464996,,316.641022,,-336.617004,,,,,-19.976,-7.072,,7.072,,0.0,,0.0,-27.048,10.684,-16.364,0.0,,,-16.364,0.0,-16.364,0.0,0.0,-16.364,-16.364,,113.885002,-0.14,-0.14,-0.14,113.885002,-0.14,-0.14,-0.14,
02/02/2002,1138.214,,-727.562,,410.652,0.0,-409.181,409.181,,,0.0,1.471,-4.692,,4.692,,,,,-3.221,1.272,-1.949,-8.48,,,6.531,,6.531,0.0,0.0,6.531,6.531,,114.339,0.06,-0.02,-0.02,114.339,0.06,-0.02,-0.02,
05/04/2002,904.140991,,-525.638977,,378.502014,,-353.493011,,,,,25.009001,-4.833,,5.064,-0.231,0.0,,0.0,20.176001,-7.969,12.207,0.0,,,12.207001,0.0,12.207,0.0,0.0,12.207,12.207,,115.175003,0.11,0.11,0.11,115.538002,0.11,0.11,0.11,
08/03/2002,879.255005,,-510.993011,,368.261993,,-358.053986,,,,,10.208,-4.889,,5.139,-0.25,0.0,,0.0,5.319,-2.101,3.218,0.0,,,3.218,0.0,3.218,0.0,0.0,3.218,3.218,,116.018997,0.03,0.03,0.03,117.466003,0.03,0.03,0.03,
11/02/2002,868.163025,,-501.919006,,366.244019,,-369.160004,,,,,-2.916,-5.474,,5.488,-0.014,0.0,,0.0,-8.39,3.314,-5.076,0.0,,,-5.076,0.0,-5.076,0.0,0.0,-5.076,-5.076,,116.120003,-0.04,-0.04,-0.04,116.120003,-0.04,-0.04,-0.04,
05/03/2003,948.382019,,-550.27002,,398.112,,-377.230011,,,,,20.882,-4.346,,4.805,-0.459,0.0,,0.0,16.536,-6.655,9.881,0.0,,,9.881,0.0,9.881,0.0,0.0,9.881,9.881,,116.478996,0.08,0.08,0.08,116.569,0.08,0.08,0.08,
08/02/2003,949.275024,,-557.633972,,391.641052,,-390.937988,,,,,0.703,-14.134,,3.906,-0.272,0.0,,10.5,-13.431,5.203,-8.228,0.0,,,-8.228,0.0,-8.228,0.0,0.0,-8.228,-8.228,,116.753998,-0.07,-0.07,-0.01,117.299004,-0.07,-0.07,-0.01,
11/01/2003,948.117004,,-555.896973,,392.220032,,-397.287994,,,,,-5.068,-3.732,,3.769,-0.037,0.0,,0.0,-8.8,3.341,-5.459,1.259,,,-6.718,0.0,-6.718,0.0,0.0,-6.718,-6.718,,116.876999,-0.06,-0.05,-0.05,116.876999,-0.06,-0.05,-0.05,
01/31/2004,1328.609,,-764.223,,564.386,,-440.987,,,,,123.399,-3.67,,3.963,-0.293,,,0.0,119.729,-25.94,93.789,8.461,,,85.328,,85.328,,0.0,85.328,85.328,,116.917,0.73,0.802184,0.8,117.491,0.73,0.802014,0.8,
05/01/2004,1019.197998,,-598.927979,,420.27002,,-406.716003,,,,,13.554,-4.252,,4.61,-0.358,0.0,,0.0,9.302,-2.951,6.351,0.0,,,6.351,0.0,6.351,0.0,0.0,6.351,6.351,,117.275002,0.05,0.05,0.05,118.293999,0.05,0.05,0.05,
07/31/2004,994.950012,,-588.682007,,406.268005,,-414.484009,,,,,-8.216,-4.496,,4.631,-0.135,0.0,,0.0,-12.712,4.981,-7.731,0.0,,,-7.731,0.0,-7.731,0.0,0.0,-7.731,-7.731,,114.685997,-0.07,-0.07,-0.07,114.685997,-0.07,-0.07,-0.07,
10/30/2004,980.026978,,-583.815979,,396.210999,,-423.235992,,,,,-27.025,-13.958,,13.96,0.0,0.0,,-0.002,-40.983,15.568,-25.415001,6.648,,,-32.063,0.0,-32.063,0.0,0.0,-32.063,-32.063,,112.403,-0.29,-0.23,-0.18,112.403,-0.29,-0.23,-0.18,
01/29/2005,1314.088,,-784.743,,529.345,,-438.471,,,,,90.874,-3.046,,1.644,-0.123,0.0,,1.525,87.828,-31.126,56.702,0.504,,,56.198,0.0,57.206,0.0,0.0,57.206,57.206,,112.76,0.51,0.5,0.5,112.9,0.51,0.5,0.5,
04/30/2005,1043.083984,,-617.426025,,425.657959,,-413.143005,,,,,12.515,-1.143,1.143,1.174,-0.031,0.0,,0.0,11.372,-4.106,7.266,-0.534,,,7.8,0.0,7.8,0.0,0.0,7.8,7.8,,112.969002,0.07,0.06,0.06,113.343002,0.07,0.06,0.06,
07/30/2005,1000.510986,,-599.148987,,401.362,,-419.243011,,,,,-17.881001,-1.315,1.315,1.315,0.0,0.0,,0.0,-19.196001,6.251,-12.945,0.807,,,-13.752001,0.0,-13.752,0.0,0.0,-13.752,-13.752,,113.244003,-0.12,-0.11,-0.08,113.244003,-0.12,-0.11,-0.08,
10/29/2005,991.408,,-603.785,,387.623,,-418.182,,,,,-30.559,-2.359,2.359,2.359,0.0,0.0,,0.0,-32.918,16.669,-16.249,2.539,,,-18.788,0.0,-18.788,0.0,0.0,-18.788,-18.788,,113.32,-0.17,-0.14,-0.14,113.32,-0.17,-0.14,-0.14,
01/28/2006,1394.902,,-877.879,,517.023,,-452.481,,,,,64.542,-1.142,1.142,1.424,-0.282,0.0,,0.0,63.4,-25.747,37.653,23.001,,,14.652,0.0,14.652,0.0,0.0,14.652,14.652,,113.43,0.13,0.33,0.58,114.02,0.13,0.33,0.58,
04/29/2006,1091.621948,,-653.299988,,438.32196,,-417.041992,,,,,21.280001,0.304,-0.304,0.09,-0.394,0.0,,0.0,21.584001,-7.08,14.504,0.791,,,13.713001,0.0,13.713,0.0,0.0,13.713,13.713,,113.014,0.12,0.13,0.13,114.508003,0.12,0.13,0.13,
07/29/2006,1056.535034,,-644.242004,,412.29303,,-405.042999,,,,,7.25,0.639,-0.639,0.115,-0.754,0.0,,0.0,7.889,-3.185,4.704,0.405,,,4.299,0.0,4.299,0.0,0.0,4.299,4.299,,111.094002,0.04,0.04,0.04,112.233002,0.04,0.04,0.04,
10/28/2006,1049.537,,-634.192,,415.345,,-413.029,,,,,2.316,-0.124,0.124,0.185,-0.061,0.0,,0.0,2.192,-0.373,1.819,0.085,,,1.734,0.0,1.734,0.0,0.0,1.734,1.734,6.073,108.239,0.02,0.02,0.075,109.895,0.02,0.02,0.075,
02/03/2007,1545.354,,-919.882,,625.472,,-488.504,,,,,136.968,1.857,-1.857,0.191,-2.048,0.0,,0.0,138.825,-47.234,91.591,-12.708,,,104.299,0.0,104.299,0.0,0.0,104.299,104.299,,109.09,0.96,0.84,0.84,110.978,0.94,0.83,0.83,
05/05/2007,1128.399,,-681.486,,446.913,0.0,-404.45,382.686,,,21.764,42.463,2.918,-2.918,0.092,-3.01,0.0,,0.0,45.381,-16.357,29.024,0.26,,,28.764,0.0,28.764,0.0,0.0,28.764,28.764,0.0,109.919,0.26,0.26,0.26,111.684,0.26,0.26,0.26,
08/04/2007,1084.891,,-663.817,,421.074,,-387.651,,,,,33.423,1.487,-1.487,0.105,-1.592,0.0,,0.0,34.91,-12.775,22.135,-1.249,,,23.384,0.0,23.384,0.0,0.0,23.384,23.384,,106.49,0.22,0.21,0.21,107.752,0.22,0.21,0.21,
11/03/2007,1030.638,,-618.832,,411.806,,-389.074,367.806,,,21.268,22.732,0.343,-0.343,0.235,-0.578,0.0,,0.0,23.075,-8.702,14.373,0.075,,,14.298,0.0,14.298,0.0,0.0,14.298,14.298,,101.188,0.14,0.14,0.14,102.243,0.14,0.14,0.14,
02/03/2008,1412.374,,-851.824,,560.55,,-422.688,,,,,137.862,-2.025,2.025,2.081,-0.056,0.0,,0.0,135.837,-50.189,85.648,-6.367,,,92.015,0.0,92.015,0.0,0.0,92.015,92.015,,87.974,1.05,0.97,0.93,88.481,1.04,0.97,0.93,
05/03/2008,1151.589,1151.589,-687.798,687.798,463.791,0.0,-405.634,386.856,,18.778,0.0,58.157,-1.4,,1.412,,,,-0.012,56.757,-22.271,34.486,-0.023,-0.023,0.0,34.509,0.0,34.509,0.0,0.0,34.509,34.8344,0.3484,80.918,0.43,0.43,0.43049,81.716,0.42,0.42,0.424264,
08/02/2008,1105.189,1105.189,-670.385,670.385,434.804,0.0,-391.343,370.885,,20.458,0.0,43.461,-1.092,,1.106,,,,-0.014,42.369,-16.222,26.147,0.122,0.122,0.0,26.025,0.0,26.025,0.0,0.0,26.025,26.4616,0.3146,80.772,0.32,0.32,0.327609,81.968,0.32,0.32,0.323838,
11/01/2008,1021.58,1021.58,-615.318,615.318,406.262,0.0,-386.137,366.505,,19.632,0.0,20.125,-1.625,,1.635,,,,-0.01,18.5,-6.142,12.358,0.11,0.11,0.0,12.248,0.0,12.248,0.0,0.0,12.248,12.5764,0.2184,81.255,0.15,0.15,0.154777,82.384,0.15,0.15,0.152651,
01/31/2009,1366.925,1366.925,-814.353,814.353,552.572,0.0,-419.392,399.636,,19.756,0.0,133.18,-1.1,,1.129,,,,-0.029,132.08,-50.273,81.807,3.042,3.042,0.0,78.765,0.0,78.765,0.0,0.0,78.765,81.9825,0.1755,81.314,0.97,1.01,1.008221,82.003,0.96,1.0,1.00214,
05/02/2009,1141.656,1141.656,-679.476,679.476,462.18,0.0,-401.897,382.682,,19.215,0.0,60.283,-0.315,,0.321,,,,-0.006,59.968,-23.658,36.31,0.079,0.079,0.0,36.231,0.0,36.231,0.0,0.0,36.231,36.6337,0.3237,81.408,0.45,0.45,0.450001,82.324,0.44,0.44,0.443932,
08/01/2009,1086.567,1086.567,-652.184,652.184,434.383,0.0,-386.73,367.781,,18.949,0.0,47.653,-0.487,,0.506,,,,-0.019,47.166,-18.55,28.616,0.173,0.173,0.0,28.443,0.0,28.443,0.0,0.0,28.443,28.6836,0.0676,81.623,0.35,0.35,0.351416,82.516,0.34,0.35,0.350819,
10/31/2009,1035.269,1035.269,-617.278,617.278,417.991,0.0,-370.414,365.194,,18.184,-12.964,47.577,-0.493,,0.507,,,,-0.014,47.084,-16.828,30.256,-0.073,-0.073,0.0,30.329,0.0,30.329,0.0,0.0,30.329,22.1606,-8.0954,81.674,0.37,0.37,0.27133,82.733,0.37,0.37,0.27133,
01/30/2010,1463.28,1463.28,-858.528,858.528,604.752,0.0,-435.255,416.699,,18.556,0.0,169.497,-0.37,,0.506,,,,-0.136,169.127,-62.939,106.188,0.822,0.822,0.0,105.366,0.0,105.366,0.0,0.0,105.366,108.8459,2.6579,81.771,1.29,1.3,1.331106,83.147,1.27,1.28,1.311966,
05/01/2010,1235.162,1235.162,-733.207,733.207,501.955,0.0,-411.88,392.78,,19.1,0.0,90.075,-0.163,,0.506,,,,-0.343,89.912,-33.914,55.998,0.1,0.1,0.0,55.898,0.0,55.898,0.0,0.0,55.898,56.011,0.013,80.932,0.69,0.69,0.692075,82.385,0.68,0.68,0.680158,
07/31/2010,1142.309,1142.309,-679.884,679.884,462.425,0.0,-399.222,380.374,,18.848,0.0,63.203,-0.326,,0.503,,,,-0.177,62.877,-24.098,38.779,-0.098,-0.098,0.0,38.877,,38.877,0.0,0.0,38.877,38.7894,0.0104,79.467,0.49,0.49,0.48812,80.333,0.48,0.48,0.480129,
10/30/2010,1055.83,1055.83,-627.723,627.723,428.107,0.0,-401.204,381.62,,19.584,0.0,26.903,-0.705,,0.756,,,,-0.051,26.198,-8.453,17.745,0.051,0.051,0.0,17.694,0.0,17.694,0.0,0.0,17.694,18.0856,0.3406,75.481,0.23,0.24,0.239605,76.369,0.23,0.23,0.23446,
01/29/2011,1518.943,1518.943,-898.979,898.979,619.964,0.0,-442.8,421.726,,21.074,0.0,177.164,-0.767,,0.808,,,,-0.041,176.397,-66.372,110.025,-0.03,-0.03,0.0,110.055,0.0,110.055,0.0,0.0,110.055,110.14135,0.11635,74.504,1.48,1.48,1.478328,75.369,1.46,1.46,1.461544,
04/30/2011,1227.274,1227.274,-733.145,733.145,494.129,0.0,-407.831,387.167,,20.664,0.0,86.298,-0.389,,0.501,,,,-0.112,85.909,-33.378,52.531,0.06,0.06,0.0,52.471,0.0,52.471,0.0,0.0,52.471,52.63175,0.10075,74.047,0.71,0.71,0.710788,75.266,0.7,0.7,0.701339,
07/30/2011,1167.135,1167.135,-706.599,706.599,460.536,0.0,-400.775,379.347,,21.428,0.0,59.761,-1.28,,1.334,,,,-0.054,58.481,-22.767,35.714,0.031,0.031,0.0,35.683,0.0,35.683,0.0,0.0,35.683,36.2509,0.5369,70.13,0.51,0.51,0.51691,71.049,0.5,0.5,0.507557,
10/29/2011,1138.286,1138.286,-693.926,693.926,444.36,0.0,-435.454,412.581,,22.873,0.0,8.906,-1.141,,0.922,,,,0.219,7.765,-3.524,4.241,0.051,0.051,0.0,4.19,0.0,4.19,0.0,0.0,4.19,4.39245,0.15145,64.949,0.06,0.07,0.067629,65.931,0.06,0.06,0.062297,
01/28/2012,1669.574,1669.574,-998.192,998.192,671.382,0.0,-480.752,455.437,,25.315,0.0,190.63,-0.893,,0.773,,,,0.12,189.737,-74.988,114.749,0.029,0.029,0.0,114.72,0.0,114.72,0.0,0.0,114.72,116.2843,1.5353,64.14,1.79,1.79,1.812976,65.398,1.75,1.75,1.773476,
04/28/2012,1294.481,1294.481,-782.032,782.032,512.449,0.0,-443.607,418.319,,25.288,0.0,68.842,-0.299,,0.336,,,,-0.037,68.543,-27.763,40.78,0.034,0.034,0.0,40.746,0.0,40.746,0.0,0.0,40.746,44.168,3.388,64.119,0.64,0.64,0.688844,65.165,0.63,0.63,0.681991,
07/28/2012,1218.037,1218.037,-740.202,740.202,477.835,0.0,-438.491,412.22,,26.271,0.0,39.344,-0.933,,0.895,,,,0.038,38.411,-16.321,22.09,0.015,0.015,0.0,22.075,0.0,22.075,0.0,0.0,22.075,22.03475,-0.05525,60.466,0.37,0.37,0.364416,60.997,0.36,0.36,0.359094,
10/27/2012,1134.205,1134.205,-701.615,701.615,432.59,0.0,-439.282,412.692,,26.59,0.0,-6.692,-1.445,,1.491,,,,-0.046,-8.137,2.149,-5.988,-0.001,-0.001,0.0,-5.987,0.0,-5.987,0.0,0.0,-5.987,-5.988,0.0,57.756,-0.1,-0.1,-0.1,57.756,-0.1,-0.1,-0.1,
02/02/2013,1744.583,1744.583,-1051.267,1051.267,693.316,0.0,-496.659,469.262,,27.397,0.0,196.657,-1.464,,1.47,,,,-0.006,195.193,-75.054,120.139,-0.148,-0.148,0.0,120.287,0.0,120.287,0.0,0.0,120.287,120.9502,0.8112,57.266,2.1,2.1,2.112077,57.684,2.09,2.08,2.094063,
05/04/2013,1311.338,1311.338,-794.709,794.709,516.629,0.0,-459.937,432.467,,27.47,0.0,56.692,-0.872,,0.726,,,,0.146,55.82,-23.487,32.333,0.0,0.0,0.0,32.333,0.0,32.333,0.0,0.0,32.333,35.523,3.19,57.305,0.56,0.56,0.619894,57.843,0.56,0.56,0.615149,
08/03/2013,1180.905,1180.905,-716.79,716.79,464.115,0.0,-427.622,400.088,,27.534,0.0,36.493,-0.741,,0.73,,,,0.011,35.752,-13.808,21.944,3.818,3.818,0.0,18.126,0.0,18.126,0.0,0.0,18.126,21.514,-0.43,57.382,0.32,0.38,0.374926,57.924,0.31,0.38,0.372576,
11/02/2013,1104.918,1104.918,-673.49,673.49,431.428,0.0,-434.293,405.279,,29.014,0.0,-2.865,-1.034,,1.034,,,,0.0,-3.899,1.951,-1.948,7.569,7.569,0.0,-9.517,0.0,-9.517,0.0,0.0,-9.517,-4.127,-2.179,57.461,-0.17,-0.03,-0.071823,57.461,-0.17,-0.03,-0.071823,
02/01/2014,1571.912,1571.912,-962.281,962.281,609.631,0.0,-474.597,444.762,,29.835,0.0,135.034,-0.804,,0.803,,,,0.001,134.23,-50.001,84.229,-0.124,-0.124,0.0,84.353,0.0,84.353,0.0,0.0,84.353,96.8978,12.6688,57.513,1.47,1.46,1.684798,58.059,1.45,1.45,1.668206,
05/03/2014,1281.271,1281.271,-787.715,787.715,493.556,0.0,-446.371,417.546,,28.825,0.0,47.185,-0.35,,0.35,,,,0.0,46.835,-18.254,28.581,25.233,25.233,0.0,3.348,0.0,3.348,0.0,0.0,3.348,28.581,0.0,57.01,0.06,0.5,0.5,57.536,0.06,0.5,0.5,
08/02/2014,1195.363,1195.363,-725.836,725.836,469.527,0.0,-441.585,412.142,,29.443,0.0,27.942,-0.51,,0.51,,,,0.0,27.432,-10.22,17.212,-2.726,-2.726,0.0,19.938,0.0,19.938,0.0,0.0,19.938,17.212,0.0,54.991,0.36,0.31,0.31,55.689,0.36,0.31,0.31,
11/01/2014,1107.095,1107.095,-676.153,676.153,430.942,0.0,-434.999,404.732,,30.267,0.0,-4.057,-0.756,,0.756,,,,0.0,-4.813,1.698,-3.115,0.326,0.326,0.0,-3.441,0.0,-3.441,0.0,0.0,-3.441,-3.115,0.0,54.85,-0.06,-0.06,-0.06,54.85,-0.06,-0.06,-0.06,
01/31/2015,1593.349,1593.349,-943.42,943.42,649.929,0.0,-496.511,465.344,0.0,31.167,0.0,153.418,-0.972,,0.972,,0.0,0.0,0.0,152.446,-58.463,93.983,-0.448,-0.448,0.0,94.431,0.0,94.431,0.0,0.0,94.431,93.983,0.0,52.889,1.79,1.78,1.78,53.467,1.77,1.76,1.76,
05/02/2015,1280.455,1280.455,-776.339,776.339,504.116,0.0,-451.471,420.246,,31.225,0.0,52.645,-0.468,,0.496,,,,-0.028,52.177,-19.869,32.308,0.095,0.095,0.0,32.213,0.0,32.213,0.0,0.0,32.213,33.4435,1.1355,53.087,0.61,0.61,0.629975,53.657,0.6,0.6,0.621162,
08/01/2015,1209.686,1209.686,-733.852,733.852,475.834,0.0,-445.297,414.305,,30.992,0.0,30.537,-2.711,,0.969,,,,1.742,27.826,-10.115,17.711,0.075,0.075,0.0,17.636,0.0,17.636,0.0,0.0,17.636,21.1969,3.4859,50.831,0.35,0.35,0.417007,51.336,0.34,0.35,0.417007,
10/31/2015,1116.474,1116.474,-676.467,676.467,440.007,0.0,-442.165,411.994,,30.171,0.0,-2.158,-1.945,,1.272,,,,0.673,-4.103,2.4,-1.703,-0.195,-0.195,0.0,-1.508,0.0,-1.508,0.0,0.0,-1.508,-0.1459,1.5571,49.057,-0.03,-0.03,-0.002974,49.057,-0.03,-0.03,-0.002974,
01/30/2016,1583.967,1583.967,-936.784,936.784,647.183,0.0,-492.42,461.954,,30.466,0.0,154.763,-3.813,,0.946,,,,2.867,150.95,-56.393,94.557,0.025,0.025,0.0,94.532,0.0,94.532,0.0,0.0,94.532,100.112,5.555,49.093,1.92557,1.926079,2.039232,49.806,1.898004,1.898506,2.010039,
04/30/2016,1312.575,1312.575,-794.894,794.894,517.681,0.0,-455.122,425.403,,29.719,0.0,62.559,0.13,,0.634,,,,-0.764,62.689,-24.03,38.659,0.0,0.0,0.0,38.659,0.0,38.659,0.0,0.0,38.659,39.9244,1.2654,48.466,0.8,0.8,0.823761,48.888,0.79,0.79,0.815884,
07/30/2016,1203.155,1203.155,-716.732,716.732,486.423,0.0,-447.503,416.746,,30.757,0.0,38.92,-1.9,,1.494,,,,0.406,37.02,-14.305,22.715,0.0,0.0,0.0,22.715,0.0,22.715,0.0,0.0,22.715,23.8498,1.1348,44.402,0.51,0.51,0.537133,45.014,0.5,0.5,0.52521,
10/29/2016,1105.498,1105.498,-663.506,663.506,441.992,0.0,-439.989,409.695,,30.294,0.0,2.003,-0.992,,1.665,,,,-0.673,1.011,0.365,1.376,0.0,0.0,0.0,1.376,0.0,1.376,0.0,0.0,1.376,1.897,0.521,44.165,0.03,0.03,0.042953,44.926,0.03,0.03,0.041597,
01/28/2017,1572.767,1572.767,-919.444,919.444,653.323,0.0,-508.802,479.112,,29.69,0.0,144.521,-0.942,,1.298,,,,-0.356,143.579,-53.501,90.078,0.0,0.0,0.0,90.078,0.0,90.078,0.0,0.0,90.078,102.061,11.983,44.23,2.036582,2.036582,2.307506,45.128,1.996056,1.996056,2.261589,
04/29/2017,1294.97,1294.97,-770.695,770.695,524.275,0.0,-444.567,415.972,,28.595,0.0,79.708,-1.526,,1.009,,,,0.517,78.182,-26.67,51.512,0.0,0.0,0.0,51.512,0.0,51.512,0.0,0.0,51.512,54.1806,2.6686,44.361,1.16,1.16,1.221357,44.728,1.15,1.15,1.209663,
07/29/2017,1219.597,1219.597,-727.097,727.097,492.5,0.0,-444.54,415.154,,29.386,0.0,47.96,-1.184,,1.619,,,,-0.435,46.776,-17.656,29.12,0.0,0.0,0.0,29.12,0.0,29.12,0.0,0.0,29.12,29.07385,-0.04615,43.136,0.68,0.68,0.674004,43.564,0.67,0.67,0.668941,
10/28/2017,1109.184,1109.184,-665.558,665.558,443.626,0.0,-437.822,408.314,,29.508,0.0,5.804,-1.672,,2.077,,,,-0.405,4.132,0.24,4.372,0.0,0.0,0.0,4.372,0.0,4.372,0.0,0.0,4.372,2.521,-1.851,41.967,0.1,0.1,0.060071,42.524,0.1,0.1,0.056472,
02/03/2018,1640.611,1640.611,-958.57,958.57,682.041,0.0,-514.16,484.556,,29.604,0.0,167.881,-1.617,,2.006,,,,-0.389,166.264,-61.436,104.828,0.0,0.0,0.0,104.828,0.0,104.828,0.0,0.0,104.828,109.648065,4.820064,41.878,2.5,2.5,2.618274,42.601,2.46,2.46,2.573144,
05/05/2018,1267.983,1267.983,-756.025,756.025,511.958,0.0,-466.621,438.092,,28.529,0.0,45.337,-1.068,,1.576,,,,-0.508,44.269,-13.03,31.239,0.0,0.0,0.0,31.239,0.0,31.239,0.0,0.0,31.239,40.14179,8.90279,42.113,0.74,0.74,0.953192,42.218,0.74,0.74,0.950877,
08/04/2018,1222.169,1222.169,-730.75,730.75,491.419,0.0,-457.101,426.605,,30.496,0.0,34.318,-2.258,,2.407,,,,-0.149,32.06,-7.896,24.164,0.0,0.0,0.0,24.164,0.0,24.164,0.0,0.0,24.164,24.23194,0.06794,41.061,0.59,0.59,0.590145,41.281,0.59,0.59,0.590145,
11/03/2018,1149.402,1149.402,-690.228,690.228,459.174,0.0,-468.737,436.826,,31.911,0.0,-9.563,-3.079,,3.138,,,,-0.059,-12.642,6.086,-6.556,0.0,0.0,0.0,-6.556,0.0,-6.556,0.0,0.0,-6.556,-6.50623,0.04977,40.021,-0.16,-0.16,-0.16257,40.021,-0.16,-0.16,-0.16257,
02/02/2019,1598.551,1598.551,-939.207,939.207,659.344,0.0,-510.927,476.893,,34.034,0.0,148.417,-4.491,,3.217,,,,1.274,143.926,-35.879,108.047,0.0,0.0,0.0,108.047,0.0,108.047,0.0,0.0,108.047,108.34878,0.30178,40.043,2.7,2.7,2.705811,40.361,2.68,2.68,2.687477,
05/04/2019,1295.796,1295.796,-776.749,776.749,519.047,0.0,-493.402,460.605,,32.797,0.0,25.645,-2.823,3.733,3.733,0.0,,,-0.91,22.822,-7.282,15.54,0.0,0.0,0.0,15.54,0.0,15.54,0.0,0.0,15.54,32.5789,17.0389,39.922,0.39,0.39,0.816064,40.002,0.39,0.39,0.815951,
08/03/2019,1252.414,1252.414,-754.184,754.184,498.23,0.0,-485.049,455.026,,30.023,0.0,13.181,-5.354,,4.565,,,,0.789,7.827,-1.649,6.178,0.0,0.0,0.0,6.178,0.0,6.178,0.0,0.0,6.178,20.637,14.459,39.0,0.16,0.16,0.529154,39.077,0.16,0.16,0.529154,
11/02/2019,1167.988,1167.988,-704.602,704.602,463.386,0.0,-292.932,436.714,,34.752,-178.534,170.454,-5.681,,5.359,,,,0.322,164.773,-37.791,126.982,0.0,0.0,0.0,126.982,0.0,126.982,0.0,0.0,126.982,-6.977,-133.959,39.017,3.25,3.25,-0.178819,39.094,3.25,3.25,-0.178819,
02/01/2020,1606.982,1606.982,-972.963,972.963,634.019,0.0,-508.473,471.064,,37.409,0.0,125.546,-3.42,,3.17,,,,0.25,122.126,-28.362,93.764,0.0,0.0,0.0,93.764,0.0,93.764,0.0,0.0,93.764,96.95165,3.18765,39.037,2.4,2.4,2.483584,39.202,2.39,2.39,2.471313,
05/02/2020,1439.149,1439.149,-868.393,868.393,570.756,0.0,-496.321,458.631,,37.69,0.0,74.435,-6.639,3.322,3.322,0.0,,,3.317,67.796,-18.473,49.323,0.0,0.0,0.0,49.323,0.0,49.323,0.0,0.0,49.323,49.42491,0.10191,39.129,1.26,1.26,1.263127,39.24,1.26,1.26,1.262597,
08/01/2020,1644.197,1644.197,-960.633,960.633,683.564,0.0,-74.921,504.0,,33.974,-463.053,608.643,-1.191,,2.548,,,,-1.357,607.452,-155.48,451.972,0.0,0.0,0.0,451.972,0.0,451.972,0.0,0.0,451.972,110.069,-341.903,39.239,11.52,11.52,2.805092,40.04,11.29,11.29,2.750964,
10/31/2020,1273.625,,,,506.90275,,,,,,,12.067,,,,,,,,9.2,,7.465,,,,,,7.465,,,7.465,7.465,,,0.098,0.098,0.098,,0.098,0.098,0.098,
01/31/2021,1669.625,,,,661.1715,,,,,,,138.0,,,,,,,,136.75,,99.683,,,,,,99.683,,,99.683,99.683,,,2.604,2.604,2.604,,2.604,2.604,2.604,
