Date,Revenue,Sales & Services Revenue,Cost of Revenue,Cost of Goods & Services,Gross Profit,Other Operating Income,Operating Expenses,"Selling, General & Admin",Research & Development,Other Operating Expense,Operating Income (Loss),Non-Operating (Income) Loss,"Interest Expense, Net",Interest Expense,Interest Income,Foreign Exch (Gain) Loss,Other Non-Op (Income) Loss,Pretax Income,Income Tax Expense (Benefit),Income (Loss) from Cont Ops,Net Extraordinary Losses (Gains),Discontinued Operations,XO & Accounting Changes,Income (Loss) Incl. MI,Minority Interest,"Net Income, GAAP",Preferred Dividends,Other Adjustments,"Net Income Avail to Common, GAAP","Net Income Avail to Common, Adj",Net Abnormal Losses (Gains),Basic Weighted Avg Shares,"Basic EPS, GAAP",Basic EPS from Cont Ops,"Basic EPS from Cont Ops, Adjusted",Diluted Weighted Avg Shares,"Diluted EPS, GAAP",Diluted EPS from Cont Ops,"Diluted EPS from Cont Ops, Adjusted",Source: Bloomberg
12/31/1989,64.808998,,,,,,,,,,,,,,,,,,,,,,,,,1.692,,,1.692,1.692,,23.036997,0.073333,0.073333,,23.036997,0.073333,0.073333,0.073333,
03/31/1990,68.116997,,-28.822001,,39.294996,,-32.168999,,,,7.126,-1.413,,1.654,,,-0.241,5.713,-2.069,3.644,0.0,,,3.644,0.0,3.644,0.0,,3.644,3.644,,23.375999,0.156667,0.156667,,23.375999,0.156667,0.156667,0.156667,
06/30/1990,68.754997,,-28.554001,,40.200996,,-35.301998,,,,4.899,-1.419,,1.668,,,-0.249,3.48,-1.411,2.069,0.0,,,2.069,0.0,2.069,0.0,,2.069,2.069,,23.532,0.086667,0.086667,,23.532,0.086667,0.086667,0.086667,
09/30/1990,69.510002,,-30.855,,38.655003,,-34.400002,,,,4.255,-1.698,,1.671,,,0.027,2.557,-0.968,1.589,0.0,,,1.589,0.0,1.589,0.0,,1.589,1.589,,23.55,0.066667,0.066667,,23.55,0.066667,0.066667,0.066667,
12/31/1990,80.291298,,-35.444,,44.847298,,-36.859001,,,,7.9883,-2.533,,2.155,,,0.378,5.4553,-2.045,3.4103,0.0,,,3.4103,0.0,3.4103,0.0,,3.4103,3.4103,,23.5395,0.146667,0.146667,,23.5395,0.146667,0.146667,0.146667,
03/31/1991,76.725998,,-31.587,,45.138998,,-36.812,,,,8.327,-2.553,,1.914,,,0.639,5.774,-2.194,3.58,0.0,,,3.58,0.0,3.58,0.0,,3.58,3.58,,23.541,0.153333,0.153333,,23.541,0.153333,0.153333,0.153333,
06/30/1991,76.502998,,-33.528999,,42.973999,,-38.040001,,,,4.934,-2.591,,1.759,,,0.832,2.343,-0.917,1.426,0.0,,,1.426,0.0,1.426,0.0,,1.426,1.426,,23.61,0.06,0.06,,23.61,0.06,0.06,0.06,
09/30/1991,75.093002,,-32.139999,,42.953003,,-37.757,,,,5.196,-2.484,,1.828,,,0.656,2.712,-1.04,1.672,0.0,,,1.672,0.0,1.672,0.0,,1.672,1.672,,23.637001,0.07,0.07,,23.637001,0.07,0.07,0.07,
12/31/1991,82.347,,-37.007,,45.34,,-41.668999,,,,3.671,-0.993,,2.357,,1.913,-3.277,2.678,-1.202,1.476,0.0,,,1.476,0.0,1.476,0.0,,1.476,1.476,,23.664,0.063333,0.063333,,23.664,0.063333,0.063333,0.063333,
03/31/1992,83.555,,-33.688,,49.867001,,-40.047001,,,,9.82,-3.612,,2.28,,,1.332,6.208,-2.701,3.507,0.0,,,3.507,0.0,3.507,0.0,,3.507,3.507,,23.709,0.146667,0.146667,,23.709,0.146667,0.146667,0.146667,
06/30/1992,80.021004,,-32.366001,,47.655003,,-42.698002,,,,4.957,10.032,,2.303,,,-12.335,14.989,-6.52,8.469,0.0,,,8.469,0.0,8.469,0.0,,8.469,8.469,,23.748,0.356667,0.356667,,23.748,0.356667,0.356667,0.356667,
09/30/1992,78.609001,,-33.485001,,45.124001,,-41.873001,,,,3.251,0.701,,2.528,,,-3.229,3.952,-1.719,2.233,0.0,,,2.233,0.0,2.233,0.0,,2.233,2.233,,23.793001,0.093333,0.093333,,23.793001,0.093333,0.093333,0.093333,
12/31/1992,88.115997,,-38.633999,,49.481998,,-9.316,,,,40.166,-37.810001,,2.257,,,35.553001,2.355999,-1.011,1.345,0.0,,,1.344999,0.0,1.345,0.0,,1.345,1.345,,23.838,0.056667,0.056667,,23.838,0.056667,0.056667,0.056667,
03/31/1993,80.503998,,-34.320999,,46.182999,,-41.189999,,,,4.992994,0.416,,2.153,,0.0,-2.569,5.408994,-2.164,3.244994,0.0,,,3.244994,0.0,3.244994,0.0,,3.244994,3.244994,,23.879999,0.136667,0.136667,,23.879999,0.136667,0.136667,0.136667,
06/30/1993,81.848,,-37.237,,44.611,,-41.862,,,,2.749,-2.371,,2.181,,0.0,0.19,0.378,-0.151,0.227,0.0,,,0.227,0.0,0.227,0.0,,0.227,0.227,,23.925,0.01,0.01,,23.925,0.01,0.01,0.01,
09/30/1993,78.916,,-37.123001,,41.792999,,-39.990002,,,,1.803,-1.645,,2.124,,0.0,-0.479,0.158,-0.063,0.095,0.0,,,0.095,0.0,0.095,0.0,,0.095,0.095,,24.026999,0.003333,0.003333,,24.026999,0.003333,0.003333,0.003333,
12/31/1993,87.285004,,-42.382,,44.903004,,-40.348999,,,,4.554006,-5.821,,1.948,,1.853,2.02,-1.266994,0.501,-0.765994,0.0,,,-0.765994,0.0,-0.765994,0.0,,-0.765994,-0.765994,,24.060001,-0.033333,-0.033333,,24.060001,-0.033333,-0.033333,-0.033333,
03/31/1994,89.656998,,-39.409,,50.247997,,-39.063999,,,,11.184,-3.343,,1.704,,0.0,1.639,7.841,-3.136,4.705,0.0,,,4.705,0.0,4.705,0.0,,4.705,4.705,,24.135,0.193333,0.193333,,24.135,0.193333,0.193333,0.193333,
06/30/1994,85.126999,,-36.605,,48.521999,,-39.436001,,,,9.086,-4.398,,1.642,,0.0,2.756,4.688,-1.876,2.812,0.0,,,2.812,0.0,2.812,0.0,,2.812,2.812,,24.198,0.116667,0.116667,,24.198,0.116667,0.116667,0.116667,
09/30/1994,83.834,,-36.233002,,47.600998,,-40.271,,,,7.33,-2.321,,1.506,,0.0,0.815,5.009,-1.126,3.883,0.0,,,3.883,0.0,3.883,0.0,,3.883,3.883,,24.258001,0.16,0.16,,24.258001,0.16,0.16,0.16,
12/31/1994,96.681,,-43.557999,,53.123001,,-43.992001,,,,9.131,-2.672,,1.286,,0.0,1.386,6.459,-2.261,4.198,0.0,,,4.198,0.0,4.198,0.0,,4.198,4.198,,24.300001,0.173333,0.173333,,24.300001,0.173333,0.173333,0.173333,
03/31/1995,97.858002,,-41.817001,,56.041,,-43.332001,,,,12.709,-1.971,,1.282,,0.0,0.689,10.738,-2.685,8.053,0.0,,,8.053,0.0,8.053,0.0,,8.053,8.053,,24.339,0.33,0.33,,24.339,0.33,0.33,0.33,
06/30/1995,97.920998,,-41.403,,56.517998,,-47.431,,,,9.087,-0.404,,1.15,,0.0,-0.746,8.683,-2.17,6.513,0.0,,,6.513,0.0,6.513,0.0,,6.513,6.513,,24.392999,0.266667,0.266667,,24.392999,0.266667,0.266667,0.266667,
09/30/1995,92.904999,,-39.967999,,52.937,,-44.787998,,,,8.149,-2.229,,1.08,,0.0,1.149,5.92,-1.48,4.44,0.0,,,4.44,0.0,4.44,0.0,,4.44,4.44,,24.438,0.183333,0.183333,,24.438,0.183333,0.183333,0.183333,
12/31/1995,107.933998,,-48.754002,,59.179996,,-49.435001,,,,9.745,-1.544,,0.953,,0.0,0.591,8.201,-2.051,6.15,0.0,,,6.15,0.0,6.15,0.0,,6.15,6.15,,24.470999,0.25,0.25,,24.470999,0.25,0.25,0.25,
03/31/1996,108.272003,,-46.84,,61.432003,,-47.43,,,,14.002,-1.387,,0.84,,0.0,0.547,12.615,-3.154,9.461,0.0,,,9.461,0.0,9.461,0.0,,9.461,9.461,,37.410001,0.253333,0.253333,0.253333,37.439999,0.253333,0.253333,0.253333,
06/30/1996,99.981003,,-41.703999,,58.277004,,-48.275002,,,,10.002,0.012,,0.743,,0.0,-0.755,10.014,-2.503,7.511,0.0,,,7.511,0.0,7.511,0.0,,7.511,7.511,,25.106001,0.3,0.3,0.3,25.129999,0.3,0.3,0.3,
09/30/1996,96.558998,,-40.712002,,55.846996,,-47.032001,,,,8.815,0.117,,0.779,,0.0,-0.896,8.932,-2.233,6.699,0.0,,,6.699,0.0,6.699,0.0,,6.699,6.699,,24.577999,0.27,0.27,0.27,25.086,0.265,0.265,0.265,
12/31/1996,113.976997,,-52.790001,,61.186996,,-52.359001,,,,8.828,-3.916,,0.665,,0.0,3.251,4.912,-1.228,3.684,1.176,,,2.508,0.0,2.508,0.0,,2.508,2.508,,24.532,0.1,0.15,0.275,24.6,0.1,0.15,0.26,
03/31/1997,105.853996,,-43.713001,,62.140995,,-51.526001,,,,10.615,-0.207,,0.285,,0.0,-0.078,10.408,-2.914,7.494,0.0,,,7.494,0.0,7.494,0.0,,7.494,7.494,,24.552,0.305,0.305,0.305,24.552,0.305,0.305,0.305,
06/30/1997,105.751999,,-47.030998,,58.721001,,-51.754002,,,,6.967,-0.162,,0.275,,0.0,-0.113,6.805,-1.906,4.899,0.0,,,4.899,0.0,4.899,0.0,,4.899,4.899,,24.586,0.2,0.2,0.2,24.826,0.2,0.2,0.2,
09/30/1997,99.490997,,-44.655998,,54.834999,,-50.925999,,,,3.909,-0.279,,0.219,,0.0,0.06,3.63,-1.016,2.614,0.0,,,2.614,0.0,2.614,0.0,,2.614,2.614,,24.528,0.105,0.105,0.105,24.528,0.105,0.105,0.105,
12/31/1997,115.817001,,-53.931,,61.886001,,-56.723999,,,,5.162,-3.277,,0.437,,0.0,2.84,1.885,-0.528,1.357,0.0,,,1.357,0.0,1.357,0.0,,1.357,1.357,,24.416,0.055,0.055,0.055,24.416,0.055,0.055,0.055,
03/31/1998,116.174004,,-52.098,,64.076004,,-50.969002,,,,13.107,-0.747,,0.785,,0.0,-0.038,12.36,-3.584,8.776,0.0,,,8.776,0.0,8.776,0.0,,8.776,8.776,,24.422,0.36,0.36,0.36,24.65,0.355,0.355,0.355,
06/30/1998,107.898003,,-49.041,,58.857002,,-52.139999,,,,6.717,3.356,,1.091,,0.0,-4.447,10.073,-2.922,7.151,0.0,,,7.151,0.0,7.151,0.0,,7.151,7.151,,24.525999,0.29,0.29,0.29,24.827999,0.29,0.29,0.29,
09/30/1998,98.982002,,-45.404999,,53.577003,,-51.285,,,,2.292,0.437,,0.941,,0.0,-1.378,2.729,-0.791,1.938,0.0,,,1.938,0.0,1.938,0.0,,1.938,1.938,,24.604,0.08,0.08,0.08,24.788,0.08,0.08,0.08,
12/31/1998,118.888,,-55.894001,,62.993999,,-53.965,,,,9.029,0.037,,0.914,,0.0,-0.951,9.066,-2.629,6.437,0.0,,,6.437,0.0,6.437,0.0,,6.437,6.437,,24.556,0.26,0.26,0.26,24.7577,0.26,0.26,0.26,
03/31/1999,127.377998,,-55.556,,71.821999,,-55.191002,,,,16.631001,-1.502,0.896,0.896,,0.0,0.606,15.129,-4.327,10.802,0.0,,,10.802,0.0,10.802,0.0,,10.802,10.802,,24.216,0.445,0.445,0.445,24.246,0.445,0.445,0.445,
06/30/1999,117.283997,,-50.553001,,66.730995,,-54.210999,,,,12.52,-1.483,0.807,0.807,,0.0,0.676,11.037,-3.156,7.881,0.0,,,7.881001,0.0,7.881,0.0,,7.881,7.881,,24.190001,0.325,0.325,0.325,24.351999,0.325,0.325,0.325,
09/30/1999,115.066,,-51.899,,63.167,0.0,-56.156,43.618,,12.538,7.011,-1.054,,0.755,,0.0,0.299,5.957,-1.704,4.253,0.0,,,4.253,0.0,4.253,0.0,0.0,4.253,4.253,,24.222,0.175,0.175,0.175,24.39,0.175,0.175,0.175,
12/31/1999,195.671,,-97.215,,98.456,,-101.519,,,,-3.063,-12.644,10.283,10.283,,0.0,2.361,-15.707,4.492,-11.215,0.0,,,-11.215,0.0,-11.215,0.0,,-11.215,-11.215,,24.25,-0.46,-0.46,-0.005,24.38,-0.46,-0.46,-0.005,
03/31/2000,185.462997,,-86.720001,,98.742996,,-80.365997,,,,18.377001,-14.031,8.766,8.766,,0.0,5.265,4.346001,-1.391,2.955,0.0,,,2.955001,0.0,2.955,0.0,,2.955,2.955,,24.354,0.12,0.12,0.14,24.511999,0.12,0.12,0.14,
06/30/2000,186.826,,-87.193,,99.633,0.0,-81.384,64.004,,17.38,18.249,-10.787,,7.802,,0.0,2.985,7.462,-2.388,5.074,0.0,,,5.074,0.0,5.074,0.0,0.0,5.074,5.074,,24.436,0.21,0.21,0.21,24.54,0.205,0.205,0.205,
09/30/2000,175.761002,,-84.089996,,91.671005,,-76.434998,,,,15.236,6.210001,7.345,7.345,,0.0,-13.555,21.446001,-7.527,13.919,0.0,,,13.919001,0.0,13.919,0.0,,13.919,13.919,,24.434,0.57,0.57,-0.11,24.476,0.57,0.57,-0.11,
12/31/2000,177.834,,-85.361,,92.473,,-77.568,,,,14.905,-2.716,6.699,6.699,,0.42,-4.403,12.189,-2.327,9.862,0.71,,,9.152,0.0,9.152,0.0,,9.152,9.152,,24.46,0.375,0.405,0.26,24.46,0.375,0.405,0.26,
03/31/2001,202.668,,-92.72,,109.948,0.0,-79.625,61.197,,18.428,30.323,-16.721,,6.589,,,10.132,13.602,-5.033,8.569,0.0,,,8.569,0.0,8.569,0.0,0.0,8.569,8.569,,24.508,0.35,0.35,0.35,25.094,0.34,0.34,0.34,
06/30/2001,195.354,,-87.111,,108.243,0.0,-81.61,63.909,,17.701,26.633,-8.283,,5.94,,0.033,2.31,18.35,-6.789,11.561,0.0,,,11.561,0.0,11.561,0.0,0.0,11.561,11.561,,24.598,0.47,0.47,0.47,25.362,0.455,0.455,0.455,
09/30/2001,186.104,,-79.918,,106.186,0.0,-85.628,67.203,,18.425,20.558,-7.836,,6.071,,0.0,1.765,12.722,-4.139,7.047,,,,8.583,0.0,7.047,0.0,0.0,7.047,7.047,,24.702,0.285,0.285,0.285,25.526,0.275,0.275,0.275,
12/31/2001,233.383,,-99.482,,133.901,,-99.456,,,,34.445,-12.614,5.488,5.488,,0.0,7.126,21.831,-4.829,17.002,0.0,,,17.002,0.0,17.002,0.0,0.0,17.002,17.002,,24.78,0.685,0.685,0.685,24.78,0.685,0.685,0.685,
03/31/2002,210.182,,-88.842,,121.34,0.0,-85.898,65.657,,20.241,35.442,-7.834,,5.554,,,2.28,27.608,-8.835,18.773,0.0,,,18.773,0.0,18.773,0.0,0.0,18.773,18.773,,24.93,0.75,0.75,0.75,25.789,0.73,0.73,0.73,
06/30/2002,214.66,,-92.386,,122.274,0.0,-89.292,69.486,,19.806,32.982,-7.552,,5.982,,2.059,-0.489,25.43,-9.198,16.232,0.0,,,16.232,0.0,16.232,0.0,0.0,16.232,16.232,,25.098,0.65,0.65,0.65,26.085,0.62,0.62,0.62,
09/30/2002,224.878,,-95.852,,129.026,0.0,-93.403,73.415,,19.988,35.623,-9.243,,6.861,,2.727,-0.345,26.38,-9.763,16.617,0.0,,,16.617,0.0,16.617,0.0,0.0,16.617,16.617,,25.16,0.66,0.66,0.66,26.071,0.64,0.64,0.64,
12/31/2002,243.0,,-106.155,,136.845,0.0,-103.438,80.538,,22.9,33.407,-8.42,,9.81,,-0.095,-1.295,24.987,-8.746,16.241,0.0,,,16.241,0.0,16.241,0.0,0.0,16.241,16.241,,25.224,0.64,0.64,0.64,26.109,0.62,0.62,0.62,
03/31/2003,245.969,,-103.256,,142.713,0.0,-98.547,77.159,,21.388,44.166,-4.816,,4.651,,0.769,-0.604,39.35,-12.986,26.364,,,,26.364,0.0,26.364,0.0,0.0,26.364,26.364,,25.284,1.04,1.04,1.04,26.057,1.01,1.01,1.01,
06/30/2003,239.325,,-104.265,,135.06,,-98.937,,,,36.123,-3.37,3.196,3.696,-0.5,0.554,-0.38,32.753,-10.834,21.919,0.963,,,20.956,,20.956,,,20.956,20.956,,25.386,0.83,0.86,0.86,26.341,0.8,0.83,0.83,
09/30/2003,241.81,,-106.818,,134.992,0.0,-101.242,78.218,,23.024,33.75,-18.875,17.387,17.887,-0.5,1.515,-0.027,14.875,-4.841,10.034,0.374,,,9.66,0.0,9.66,0.0,0.0,9.66,9.66,,25.468,0.38,0.39,0.39,26.429,0.37,0.38,0.38,
12/31/2003,276.278,,-123.651,,152.627,0.0,-120.904,,,,31.723,42.615,,4.772,,1.242,-48.629,74.338,-8.856,17.854,-1.337,,,66.819,0.0,19.191,0.0,0.0,19.191,19.191,,25.526,0.751822,0.699444,0.699444,26.413,0.726574,0.699444,0.699444,
03/31/2004,266.645,,-115.866,,150.779,0.0,-113.716,,,,37.063,-6.368,4.45,5.05,-0.6,0.202,1.716,30.695,-8.717,21.978,0.0,,,21.978,0.0,21.978,0.0,0.0,21.978,21.978,,25.624,0.86,0.86,0.9522,26.444,0.83,0.83,0.91935,
06/30/2004,260.546,,-110.885,,149.661,,-115.744,,,,33.917,-4.598,4.519,4.919,-0.4,0.545,-0.466,29.319,-9.048,20.271,-2.592,,,22.863,0.0,22.863,0.0,0.0,22.863,22.863,,25.699,0.89,0.79,0.79,26.504,0.86,0.76,0.76,
09/30/2004,258.849,,-116.036,,142.813,0.0,-116.764,90.183,,26.581,26.049,-16.932,4.695,4.995,-0.3,0.873,11.364,9.117,-2.827,6.29,0.0,,,6.29,0.0,6.29,0.0,0.0,6.29,6.29,,25.753,0.24,0.24,0.24,26.471,0.24,0.24,0.24,
12/31/2004,307.868,,-139.533,,168.335,,-142.71,,,,25.625,1.76,,5.255,,0.774,-7.789,27.385,-10.274,17.111,0.0,,,17.111,0.0,17.111,0.0,0.0,17.111,17.111,,25.819,0.66,0.66,0.66,26.528,0.65,0.65,0.65,
03/31/2005,299.171,,-132.765,,166.406,0.0,-126.321,99.498,,26.823,40.085,-2.002,,8.117,,-0.277,-5.838,38.083,-8.563,29.52,-3.974,,,33.494,0.0,33.494,0.0,0.0,33.494,33.494,,25.909,1.29,1.14,1.14,26.555,1.26,1.11,1.11,
06/30/2005,291.302,,-130.659,,160.643,,-132.721,,,,27.922,-2.433,8.044,8.044,,-0.922,-4.689,25.489,-7.101,18.388,0.0,,,18.388,0.0,18.388,0.0,0.0,18.388,18.388,,26.02,0.71,0.71,0.71,26.61,0.69,0.69,0.69,
09/30/2005,283.225,,-126.413,,156.812,0.0,-131.411,102.738,,28.673,25.401,-4.607,,8.21,,-0.097,-3.506,20.794,-4.575,16.219,0.0,,,16.219,0.0,16.219,0.0,0.0,16.219,16.219,,26.115,0.62,0.62,0.62,26.695,0.61,0.61,0.61,
12/31/2005,307.287,,-144.662,,162.625,,-140.735,,,,21.89,-12.885,,8.272,,-0.232,4.845,9.005,4.447,13.452,0.0,,,13.452,0.0,13.452,0.0,0.0,13.452,13.452,,26.203,0.51,0.51,0.73,26.77,0.5,0.5,0.71,
03/31/2006,308.338,,-132.81,,175.528,,-128.161,,,,47.367,-3.488,8.019,8.019,,0.011,-4.542,43.879,-12.681,31.198,0.0,,,31.198,0.0,31.198,0.0,0.0,31.198,31.198,,26.277,1.19,1.19,1.19,26.829,1.16,1.16,1.16,
06/30/2006,317.747,,-133.085,,184.662,,-141.437,110.466,,30.971,43.225,-1.368,7.88,7.88,,1.241,-7.753,41.857,-9.591,32.266,0.0,,,32.266,0.0,32.266,0.0,0.0,32.266,32.266,,26.341,1.22,1.22,1.22,26.9,1.2,1.2,1.2,
09/30/2006,304.764,,-137.975,,166.789,,-136.938,105.95,,30.988,29.851,2.595,,8.212,,-0.293,-10.514,32.446,-9.296,23.15,0.0,,,23.15,0.0,23.15,0.0,0.0,23.15,23.15,,26.407,0.88,0.88,0.88,26.971,0.86,0.86,0.86,
12/31/2006,343.081,,-157.524,,185.557,,-155.789,,,,29.768,-5.923,7.911,7.911,,0.094,-2.082,23.845,-7.196,16.649,0.0,,,16.649,0.0,16.649,0.0,0.0,16.649,16.649,,26.478,0.63,0.63,0.73,27.086,0.61,0.61,0.71,
03/31/2007,322.508,,-143.127,,179.381,,-140.531,107.75,,32.781,38.85,-1.411,2.469,7.869,-5.4,-0.272,-0.786,37.439,-10.442,26.997,,,,26.997,0.0,26.997,0.0,0.0,26.997,26.997,,26.58,1.02,1.02,1.02,27.156,0.99,0.99,0.99,
06/30/2007,339.114,,-149.123,,189.991,,-154.305,,,,35.686,0.026,-0.633,7.867,-8.5,-0.398,1.005,35.712,-10.041,25.671,0.0,,,25.671,0.0,25.671,0.0,0.0,25.671,25.671,,26.657,0.96,0.96,0.96,27.164,0.95,0.95,0.95,
09/30/2007,339.742,,-151.385,,188.357,,-150.832,,,,37.525,-2.417,2.047,7.847,-5.8,0.257,0.113,35.108,-7.137,27.971,0.0,,,27.971,0.0,27.971,0.0,0.0,27.971,27.971,,26.715,1.05,1.05,1.05,27.27,1.03,1.03,1.03,
12/31/2007,459.688,,-226.055,,233.633,0.0,-202.845,,,,30.788,-18.204,5.723,8.023,-2.3,2.989,9.492,12.584,1.072,13.656,0.0,,,13.656,-1.301,12.355,0.0,0.0,12.355,12.355,,26.78,0.46,0.46,0.94,27.456,0.45,0.45,0.92,
03/31/2008,422.197,,-195.314,,226.883,,-177.144,,,,49.739,-10.357,7.957,7.957,,2.593,-0.193,39.382,-10.823,28.559,0.0,,,28.559,-2.064,26.495,0.0,0.0,26.495,26.495,,26.881,0.99,0.99,0.99,27.464,0.96,0.96,0.96,
06/30/2008,452.361,,-203.94,,248.421,,-188.713,,,,59.708,-3.752,7.991,7.991,,-0.288,-3.951,55.956,-10.632,45.324,0.0,,,45.324,-1.926,43.398,0.0,0.0,43.398,43.398,,26.947,1.61,1.61,1.61,27.478,1.58,1.58,1.58,
09/30/2008,441.842,,-201.3,,240.542,,-189.348,,,,51.194,-7.748,8.18,8.18,,0.091,-0.523,43.446,-12.557,30.889,0.0,,,30.889,-3.056,27.833,0.0,0.0,27.833,27.833,,27.029,1.03,1.03,1.03,27.605,1.01,1.01,1.01,
12/31/2008,447.965,,-201.289,,246.676,,-195.617,,,,51.059,-47.0,7.985,7.985,,5.238,33.777,4.059,-10.567,-6.508,0.0,,,-6.508,-1.708,-8.216,0.0,0.0,-8.216,-8.216,,27.142,-0.3,-0.3,0.59,27.142,-0.3,-0.3,0.59,
03/31/2009,400.933,400.933,-172.031,172.031,228.902,0.0,-177.465,140.313,37.152,0.0,51.437,-8.192,,7.807,,-0.774,1.159,43.245,-11.202,32.043,0.0,0.0,0.0,32.043,-1.778,30.265,0.0,0.0,30.265,33.668,1.625,27.321,1.11,1.11,1.167234,27.618,1.1,1.1,1.158838,
06/30/2009,427.183,427.183,-185.221,185.221,241.962,0.0,-186.077,143.67,42.407,0.0,55.885,-6.611,,10.367,,2.551,-6.307,49.274,-9.974,39.3,0.0,0.0,0.0,39.3,-1.331,37.969,0.0,0.0,37.969,39.3,0.0,27.37,1.39,1.39,1.39,27.742,1.37,1.37,1.37,
09/30/2009,461.055,461.055,-200.545,200.545,260.51,0.0,-193.139,153.623,39.516,0.0,67.371,-16.151,,14.487,,1.472,0.192,51.22,-11.92,39.3,0.0,0.0,0.0,39.3,-0.776,38.524,0.0,0.0,38.524,39.495,0.195,27.431,1.4,1.4,1.411505,27.875,1.38,1.38,1.386996,
12/31/2009,495.073,495.073,-226.604,226.604,268.469,0.0,-212.174,163.862,44.51,3.802,56.295,-14.202,,14.363,,1.754,-1.915,42.093,-3.571,38.522,0.0,0.0,0.0,38.522,-0.66,37.862,0.0,0.0,37.862,41.4483,2.9263,27.491,1.38,1.38,1.483696,28.006,1.35,1.35,1.454488,
03/31/2010,454.234,454.234,-197.107,197.107,257.127,0.0,-193.88,153.617,40.263,0.0,63.247,-13.428,,14.444,,-0.217,-0.799,49.819,-14.427,35.392,0.0,0.0,0.0,35.392,-0.531,34.861,0.0,0.0,34.861,35.197,-0.195,27.545,1.27,1.27,1.258522,28.072,1.24,1.24,1.233054,
06/30/2010,467.662,467.662,-199.354,199.354,268.308,0.0,-200.132,156.27,43.862,0.0,68.176,-12.822,,14.325,,1.014,-2.517,55.354,-16.833,38.521,0.0,0.0,0.0,38.521,-0.564,37.957,0.0,0.0,37.957,38.521,0.0,27.606,1.37,1.37,1.37,28.125,1.35,1.35,1.35,
09/30/2010,471.502,471.502,-205.172,205.172,266.33,0.0,-191.528,148.654,42.874,0.0,74.802,-16.893,,14.4,,2.749,-0.256,57.909,-12.824,45.085,0.0,0.0,0.0,45.085,-0.321,44.764,0.0,0.0,44.764,45.02,-0.065,27.697,1.62,1.62,1.613857,28.103,1.59,1.59,1.587687,
12/31/2010,533.72,533.72,-233.997,233.997,299.723,0.0,-221.939,176.672,45.267,0.0,77.784,-20.583,,20.548,,0.338,-0.303,57.201,10.736,67.937,0.0,0.0,0.0,67.937,-0.029,67.908,0.0,0.0,67.908,67.937,0.0,27.808,2.44,2.44,2.44,28.233,2.41,2.41,2.41,
03/31/2011,485.121,485.121,-207.51,207.51,277.611,0.0,-210.493,167.763,42.73,0.0,67.118,-18.857,,16.766,,3.042,-0.951,48.261,-15.323,32.938,0.0,0.0,0.0,32.938,0.101,33.039,0.0,0.0,33.039,32.808,-0.13,27.904,1.18,1.18,1.179365,28.389,1.16,1.16,1.155421,
06/30/2011,521.656,521.656,-228.52,228.52,293.136,0.0,-224.95,176.74,48.21,0.0,68.186,-10.367,,12.041,,2.744,-4.418,57.819,-17.797,40.022,0.0,0.0,0.0,40.022,0.026,40.048,0.0,0.0,40.048,39.957,-0.065,28.014,1.43,1.43,1.427251,28.495,1.41,1.41,1.407719,
09/30/2011,516.514,516.514,-220.338,220.338,296.176,0.0,-222.254,176.867,45.387,0.0,73.922,-18.149,,12.341,,6.346,-0.538,55.773,-9.911,45.862,0.0,0.0,0.0,45.862,0.035,45.897,0.0,0.0,45.897,45.797,-0.065,28.072,1.63,1.63,1.632659,28.456,1.61,1.61,1.607716,
12/31/2011,550.238,550.238,-239.272,239.272,310.966,0.0,-225.036,174.924,50.112,0.0,85.93,-12.021,,11.987,,1.71,-1.676,73.909,-14.708,59.201,0.0,0.0,0.0,59.201,0.038,59.239,0.0,0.0,59.239,60.371,1.17,28.131,2.11,2.11,2.147417,28.462,2.08,2.08,2.121107,
03/31/2012,486.277,486.277,-207.695,207.695,278.582,0.0,-224.216,171.293,52.923,0.0,54.366,-8.187,,13.196,,1.441,-6.45,46.179,-15.235,30.944,0.0,0.0,0.0,30.944,0.061,31.005,0.0,0.0,31.005,26.719,-4.225,28.201,1.1,1.1,0.949612,28.553,1.09,1.09,0.94203,
06/30/2012,510.422,510.422,-222.522,222.522,287.9,0.0,-214.592,162.256,52.336,0.0,73.308,-7.289,,12.401,,1.619,-6.731,66.019,-17.454,48.565,0.0,0.0,0.0,48.565,-0.222,48.343,0.0,0.0,48.343,42.65,-5.915,28.25,1.71,1.71,1.501876,28.61,1.69,1.69,1.483254,
09/30/2012,498.697,498.697,-224.927,224.927,273.77,0.0,-207.929,160.134,47.795,0.0,65.841,-10.838,,11.901,,0.448,-1.511,55.003,-12.383,42.62,0.0,0.0,0.0,42.62,0.013,42.633,0.0,0.0,42.633,44.375,1.755,28.312,1.51,1.51,1.567816,28.645,1.49,1.49,1.551267,
12/31/2012,573.839,573.839,-259.293,259.293,314.546,0.0,-247.432,188.865,58.567,0.0,67.114,-7.955,,13.614,,1.532,-7.191,59.159,-15.986,43.173,0.0,0.0,0.0,43.173,0.079,43.252,0.0,0.0,43.252,36.088,-7.085,28.394,1.52,1.52,1.273755,28.712,1.51,1.51,1.263239,
03/31/2013,499.672,499.672,-228.26,228.26,271.412,0.0,-236.26,185.917,50.343,0.0,35.152,-11.105,,10.977,,1.528,-1.4,24.047,-3.875,20.172,0.0,0.0,0.0,20.172,-0.021,20.151,0.0,0.0,20.151,20.042,-0.13,28.494,0.71,0.71,0.702639,28.817,0.7,0.7,0.695489,
06/30/2013,525.321,525.321,-225.22,225.22,300.101,0.0,-247.172,195.331,51.841,0.0,52.929,-3.885,,11.664,,0.865,-8.644,49.044,-14.442,34.602,0.0,0.0,0.0,34.602,0.0,34.602,0.0,0.0,34.602,34.602,0.0,28.538,1.21,1.21,1.21,28.868,1.2,1.2,1.2,
09/30/2013,505.066,505.066,-220.85,220.85,284.216,0.0,-255.158,202.238,52.92,0.0,29.058,-34.274,,31.611,,3.33,-0.667,-5.216,-1.883,-7.099,0.0,0.0,0.0,-7.099,0.0,-7.099,0.0,0.0,-7.099,16.366,23.465,28.603,-0.25,-0.25,0.572178,28.603,-0.25,-0.25,0.570368,
12/31/2013,602.635,602.635,-279.886,279.886,322.749,0.0,-270.432,214.584,55.848,0.0,52.317,-7.807,,7.019,,2.843,-2.055,44.51,-14.374,30.136,0.0,0.0,0.0,30.136,0.0,30.136,0.0,0.0,30.136,39.886,9.75,28.708,1.05,1.05,1.389369,28.988,1.04,1.04,1.376346,
03/31/2014,509.344,509.344,-234.055,234.055,275.289,0.0,-254.818,202.275,52.543,0.0,20.471,-5.933,,3.857,,2.737,-0.661,14.538,-7.87,6.668,0.0,0.0,0.0,6.668,0.0,6.668,0.0,0.0,6.668,6.668,0.0,28.791,0.23,0.23,0.23,29.059,0.23,0.23,0.23,
06/30/2014,536.832,536.832,-239.59,239.59,297.242,0.0,-251.555,195.838,55.717,0.0,45.687,3.11,,5.564,,-0.286,-8.388,48.797,-17.166,31.631,0.0,0.0,0.0,31.631,0.0,31.631,0.0,0.0,31.631,31.631,0.0,28.826,1.1,1.1,1.1,29.092,1.09,1.09,1.09,
09/30/2014,530.644,530.644,-242.068,242.068,288.576,0.0,-255.336,202.55,52.786,0.0,33.24,-10.764,,7.71,,3.667,-0.613,22.476,-10.967,11.509,0.0,0.0,0.0,11.509,0.0,11.509,0.0,0.0,11.509,19.374,7.865,28.884,0.4,0.4,0.670752,29.141,0.39,0.39,0.659895,
12/31/2014,598.224,598.224,-280.814,280.814,317.41,0.0,-266.824,207.537,59.287,0.0,50.586,-4.84,,5.0,,3.187,-3.347,45.746,-6.709,39.037,0.0,0.0,0.0,39.037,0.0,39.037,0.0,0.0,39.037,50.997,11.96,29.0,1.35,1.35,1.758517,29.192,1.34,1.34,1.749701,
03/31/2015,472.821,472.821,-202.715,202.715,270.106,0.0,-235.757,188.555,47.202,0.0,34.349,-7.655,,5.002,,3.806,-1.153,26.694,-8.876,17.818,0.0,0.0,0.0,17.818,0.0,17.818,0.0,0.0,17.818,20.028,2.21,29.092,0.61,0.61,0.688437,29.289,0.61,0.61,0.685455,
06/30/2015,506.102,506.102,-226.505,226.505,279.597,0.0,-239.392,192.845,46.547,0.0,40.205,-0.665,,4.834,,2.938,-7.107,39.54,-11.117,28.423,0.0,0.0,0.0,28.423,0.0,28.423,0.0,0.0,28.423,30.763,2.34,29.136,0.98,0.98,1.055842,29.381,0.97,0.97,1.049643,
09/30/2015,469.961,469.961,-206.509,206.509,263.452,0.0,-230.781,187.445,43.336,0.0,32.671,-7.256,,5.822,,2.166,-0.732,25.415,-8.045,17.37,0.0,0.0,0.0,17.37,0.0,17.37,0.0,0.0,17.37,18.8,1.43,29.195,0.59,0.59,0.643946,29.439,0.59,0.59,0.638575,
12/31/2015,570.557,570.557,-262.042,262.042,308.515,0.0,-249.032,193.145,55.887,0.0,59.483,-5.285,,6.034,,1.339,-2.088,54.198,-8.57,45.628,0.0,0.0,0.0,45.628,0.0,45.628,0.0,0.0,45.628,44.198,-1.43,29.321,1.556154,1.556154,1.507384,29.527,1.545298,1.545298,1.496867,
03/31/2016,471.197,471.197,-207.168,207.168,264.029,0.0,-238.302,189.716,48.586,0.0,25.727,-5.532,,5.58,,1.129,-1.177,20.195,-7.919,12.276,0.0,0.0,0.0,12.276,0.0,12.276,0.0,0.0,12.276,12.276,0.0,29.364,0.42,0.42,0.42,29.506,0.42,0.42,0.42,
06/30/2016,516.777,516.777,-236.545,236.545,280.232,0.0,-257.707,205.536,52.171,0.0,22.525,4.339,,5.632,,1.237,-11.208,26.864,-8.85,18.014,0.0,0.0,0.0,18.014,0.0,18.014,0.0,0.0,18.014,18.404,0.39,29.398,0.61,0.61,0.626029,29.589,0.61,0.61,0.623181,
09/30/2016,508.745,508.745,-229.276,229.276,279.469,0.0,-251.376,201.452,49.924,0.0,28.093,-5.405,,5.634,,1.21,-1.439,22.688,-4.283,18.405,0.0,0.0,0.0,18.405,0.0,18.405,0.0,0.0,18.405,18.47,0.065,29.444,0.63,0.63,0.627292,29.671,0.62,0.62,0.622191,
12/31/2016,571.453,571.453,-257.096,257.096,314.357,0.0,-337.508,220.02,55.183,62.305,-23.151,-5.036,,5.096,,0.966,-1.026,-28.187,5.492,-22.695,0.0,0.0,0.0,-22.695,0.0,-22.695,0.0,0.0,-22.695,39.12325,61.81825,29.554,-0.767916,-0.767916,1.323789,29.818,-0.767916,-0.767916,1.305269,
03/31/2017,500.051,500.051,-229.988,229.988,270.063,0.0,-243.854,194.402,49.452,0.0,26.209,-6.062,,5.316,,1.789,-1.043,20.147,-7.734,12.413,0.0,0.0,0.0,12.413,0.0,12.413,0.0,0.0,12.413,15.164895,2.751895,29.58,0.42,0.42,0.512674,29.911,0.41,0.41,0.502003,
06/30/2017,504.666,504.666,-231.291,231.291,273.375,0.0,-275.076,212.489,62.587,0.0,-1.701,2.821,,6.045,,2.516,-11.382,1.12,3.915,5.035,0.0,0.0,0.0,5.035,0.0,5.035,0.0,0.0,5.035,12.685841,7.650841,29.613,0.17,0.17,0.428388,30.006,0.17,0.17,0.424977,
09/30/2017,534.141,534.141,-235.133,235.133,299.008,0.0,-260.246,198.169,62.077,0.0,38.762,-8.174,,5.872,,3.363,-1.061,30.588,-8.521,22.067,0.0,0.0,0.0,22.067,0.0,22.067,0.0,0.0,22.067,26.692637,4.625637,29.66,0.74,0.74,0.899954,30.052,0.73,0.73,0.883921,
12/31/2017,621.295,621.295,-276.038,276.038,345.257,0.0,-289.277,201.73,76.041,11.506,55.98,-10.03,,5.781,,1.46,2.789,45.95,36.784,82.734,0.0,0.0,0.0,82.734,0.0,82.734,0.0,0.0,82.734,47.548177,-35.185823,29.767,2.779387,2.779387,1.597345,30.167,2.742533,2.742533,1.576165,
03/31/2018,551.519,551.519,-249.316,249.316,302.203,0.0,-258.557,209.13,49.427,0.0,43.646,820.043,,5.782,,1.254,-827.079,863.689,-206.915,656.774,0.0,0.0,0.0,656.774,0.0,656.774,0.0,0.0,656.774,30.217025,-626.556975,29.787,22.05,22.05,1.014437,30.171,21.77,21.77,1.003139,
06/30/2018,575.911,575.911,-274.244,274.244,301.667,0.0,-257.875,210.425,47.45,0.0,43.792,296.294,,5.977,,-0.015,-302.256,340.086,-72.043,268.043,0.0,0.0,0.0,268.043,0.0,268.043,0.0,0.0,268.043,43.878554,-224.164446,29.814,8.99,8.99,1.471743,30.219,8.87,8.87,1.452003,
09/30/2018,545.138,545.138,-258.422,258.422,286.716,0.0,-250.441,201.196,49.245,0.0,36.275,313.856,,6.064,,0.672,-320.592,350.131,-80.805,269.326,0.0,0.0,0.0,269.326,0.0,269.326,0.0,0.0,269.326,22.331108,-246.994892,29.863,9.02,9.02,0.747785,30.292,8.89,8.89,0.736201,
12/31/2018,616.847,616.847,-284.282,284.282,332.565,0.0,-559.619,214.032,53.074,292.513,-227.054,-814.193,,6.139,,0.95,807.104,-1041.247,212.718,-828.529,0.0,0.0,0.0,-828.529,0.0,-828.529,0.0,0.0,-828.529,-3.960243,824.568757,29.88,-27.728548,-27.728548,-0.132538,30.23,-27.728548,-27.728548,-0.452042,
03/31/2019,553.979,553.979,-242.217,242.217,311.762,0.0,-255.156,207.581,47.575,0.0,56.606,1070.66,,5.986,,1.28,-1077.926,1127.266,-262.071,865.195,0.0,0.0,0.0,865.195,0.0,865.195,0.0,0.0,865.195,45.533265,-819.661735,29.801,29.03,29.03,1.527911,30.104,28.74,28.74,1.512331,
06/30/2019,572.619,572.619,-264.85,264.85,307.769,0.0,-251.379,201.257,50.122,0.0,56.39,713.211,,5.841,,1.233,-720.285,769.601,-170.791,598.81,0.0,0.0,0.0,598.81,0.0,598.81,0.0,0.0,598.81,43.187605,-555.622395,29.814,20.08,20.08,1.448568,30.154,19.86,19.86,1.433841,
09/30/2019,560.633,560.633,-253.607,253.607,307.026,0.0,-249.566,201.622,47.944,0.0,57.46,-392.676,,5.525,,0.898,386.253,-335.216,76.4,-258.816,0.0,0.0,0.0,-258.816,0.0,-258.816,0.0,0.0,-258.816,44.184487,303.000487,29.831,-8.68,-8.68,1.48116,29.831,-8.68,-8.68,1.477235,
12/31/2019,624.428,624.428,-293.989,293.989,330.439,0.0,-271.234,214.165,57.069,0.0,59.205,640.225,,6.064,,-1.166,-645.123,699.43,-145.944,553.486,0.0,0.0,0.0,553.486,0.0,553.486,0.0,0.0,553.486,64.75235,-488.73365,29.924,18.5,18.5,2.163894,30.221,18.31,18.31,2.138012,
03/31/2020,571.644,571.644,-254.276,254.276,317.368,0.0,-242.995,193.692,49.303,0.0,74.373,824.326,,5.69,,0.928,-830.944,898.699,-212.787,685.912,0.0,0.0,0.0,685.912,0.0,685.912,0.0,0.0,685.912,53.148834,-632.763166,29.865,22.97,22.97,1.779636,30.196,22.72,22.72,1.764802,
06/30/2020,536.88,536.88,-243.892,243.892,292.988,0.0,-241.246,189.262,51.984,0.0,51.742,1194.203,,5.74,,0.774,-1200.717,1245.945,-279.516,966.429,0.0,0.0,0.0,966.429,0.0,966.429,0.0,0.0,966.429,42.727757,-923.701243,29.652,32.59,32.59,1.440974,30.058,32.15,32.15,1.419371,
09/30/2020,570.333,,,,317.48727111,,,,,,68.067,,,,,,,72.867,,,,,,,,,,,,53.967,,,,,1.803,,,,1.803,
12/31/2020,653.0,,,,360.01849,,,,,,100.467,,,,,,,103.733,,,,,,,,,,,,76.933,,,,,2.603,,,,2.603,
