Date,Net Revenue,Net Interest Income,Total Interest Income,Interest Income,Investment Income,Total Interest Expense,Total Non-Interest Income,Trading Securities G/L,Trading Account Profits/Losses,Investment & Loan Inc (Loss),Other Income (Loss),Commissions & Fees Earned,Other Operating Income (Losses),Provision for Loan Losses,Net Revenue after Provisions,Total Non-Interest Expense,Commissions & Fees Paid,Other Operating Expenses,Operating Income (Loss),Non-Operating (Income) Loss,Other Non-Op (Income) Loss,"Pretax Income (Loss), GAAP",Income Tax Expense (Benefit),Income (Loss) from Cont Ops,Net Extraordinary Losses (Gains),Discontinued Operations,XO & Accounting Changes,Income (Loss) Incl. MI,Minority Interest,"Net Income, GAAP",Preferred Dividends,Other Adjustments,"Net Income Avail to Common, GAAP","Net Income Avail to Common, Adj",Net Abnormal Losses (Gains),Basic Weighted Avg Shares,"Basic EPS, GAAP",Basic EPS from Cont Ops,"Basic EPS from Cont Ops, Adjusted",Diluted Weighted Avg Shares,"Diluted EPS, GAAP",Diluted EPS from Cont Ops,"Diluted EPS from Cont Ops, Adjusted",Source: Bloomberg
03/31/1990,565.480011,332.907013,1090.311005,1004.781006,85.529999,-757.403992,232.572998,5.111,,,,205.585999,21.875999,-63.5,501.980011,-335.578003,0.0,335.578003,166.401993,0.0,0.0,166.401993,-64.099998,102.302002,0.0,,,102.301994,0.0,102.302002,-8.255,,94.047002,94.047002,,515.677561,0.182849,0.182849,,515.677561,0.182849,0.182849,0.182849,
06/30/1990,570.781,327.901001,1119.380005,1039.229004,80.151001,-791.479004,242.879999,19.256001,,,,215.098999,8.525,-94.0,476.781,-369.980011,0.0,369.980011,106.801003,0.0,0.0,106.801003,-36.393002,70.407997,0.0,,,70.408001,0.0,70.407997,-8.296,,62.111998,62.111998,,523.051155,0.11925,0.11925,,523.051155,0.11925,0.11925,0.11925,
09/30/1990,551.700004,330.872002,1125.811028,1042.332031,83.478996,-794.939026,220.828002,14.706,,,,198.899002,7.223,-112.5,439.200004,-343.054993,0.0,343.054993,96.144997,0.0,0.0,96.144997,-25.570999,70.573997,0.0,,,70.573997,0.0,70.573997,-8.739,,61.834997,61.834997,,524.65869,0.11925,0.11925,,524.65869,0.11925,0.11925,0.11925,
12/31/1990,566.598005,327.270012,1061.965996,989.080994,72.885002,-734.695984,239.327993,50.137001,,,,169.220993,19.969999,-153.0,413.598005,-350.739014,0.0,350.739014,62.859001,0.0,0.0,62.859001,2.176,65.035004,0.0,,,65.035001,0.0,65.035004,-7.906,,57.129004,57.129004,,522.779435,0.106,0.106,0.106,522.779435,0.106,0.106,0.106,
03/31/1991,559.101029,330.955025,940.513008,870.669006,69.844002,-609.557983,228.146005,24.858999,,,,193.337006,9.95,-343.154999,215.946031,-335.446014,0.0,335.446014,-119.5,0.0,0.0,-119.5,56.224998,-63.275002,0.0,,,-63.275002,0.0,-63.275002,-8.153,,-71.428001,-71.428001,,528.092679,-0.135149,-0.135149,,528.092679,-0.135149,-0.135149,-0.135149,
06/30/1991,531.323036,289.02103,793.602024,730.689026,62.912998,-504.580994,242.302006,16.091,,,,208.156006,18.055,-127.113998,404.209038,-308.894989,0.0,308.894989,95.314003,0.0,0.0,95.314003,-34.727001,60.587002,0.0,,,60.587002,0.0,60.587002,-8.041,,52.546001,52.546001,,529.745529,0.099375,0.099375,,529.745529,0.099375,0.099375,0.099375,
09/30/1991,567.728012,297.325012,761.762024,686.361023,75.401001,-464.437012,270.403,46.610001,,,,207.625,16.167999,-141.0,426.728012,-333.125,0.0,333.125,93.602997,0.0,0.0,93.602997,-34.796001,58.806999,0.0,,,58.806995,0.0,58.806999,-8.004,,50.802999,50.802999,,529.934221,0.0954,0.0954,,529.934221,0.0954,0.0954,0.0954,
12/31/1991,575.848001,280.698998,692.123009,609.281006,82.842003,-411.424011,295.149003,63.439999,,,,223.882004,7.827,-134.731003,441.116998,-333.533997,0.0,333.533997,107.583,0.0,0.0,107.583,-41.702,65.880997,0.0,,,65.881,0.0,65.880997,-7.802,,58.078997,58.078997,,527.33014,0.10865,0.10865,0.10865,527.33014,0.10865,0.10865,0.10865,
03/31/1992,632.0,335.0,702.0,702.0,,-367.0,297.0,,,,,,297.0,-139.0,493.0,-366.0,,366.0,127.0,0.0,0.0,127.0,-43.0,84.0,0.0,,,84.0,0.0,84.0,-8.0,,76.0,76.0,,603.776,0.125874,0.125874,,603.776,0.125874,0.125874,0.125874,
06/30/1992,613.0,329.0,674.0,674.0,,-345.0,284.0,,,,,,284.0,-112.0,501.0,-362.0,,362.0,139.0,0.0,0.0,139.0,-47.0,92.0,0.0,,,92.0,0.0,92.0,-8.0,,84.0,84.0,,609.579776,0.137799,0.137799,,609.579776,0.137799,0.137799,0.137799,
09/30/1992,653.0,342.0,660.0,660.0,,-318.0,311.0,,,,,,311.0,-95.0,558.0,-401.0,,401.0,157.0,0.0,0.0,157.0,-53.0,104.0,0.0,,,104.0,0.0,104.0,-8.0,,96.0,96.0,,683.519729,0.140449,0.140449,,683.519729,0.140449,0.140449,0.140449,
12/31/1992,652.0,362.0,652.0,652.0,,-290.0,290.0,,,,,,290.0,-97.0,555.0,-390.0,,390.0,165.0,0.0,0.0,165.0,-53.0,112.0,0.0,,,112.0,0.0,112.0,-9.0,,103.0,103.0,,687.927295,0.149724,0.149724,0.149724,687.927295,0.149724,0.149724,0.149724,
03/31/1993,696.0,366.0,625.0,542.0,83.0,-259.0,330.0,26.0,,,,260.0,44.0,-93.0,603.0,-391.0,0.0,391.0,212.0,0.0,0.0,212.0,-78.0,134.0,0.0,,,134.0,0.0,134.0,-8.0,,126.0,126.0,,694.3424,0.182849,0.182849,,694.3424,0.182849,0.182849,0.182849,
06/30/1993,722.0,375.0,625.0,533.0,92.0,-250.0,347.0,23.0,,,,263.0,61.0,-86.0,636.0,-441.0,0.0,441.0,195.0,0.0,0.0,195.0,-77.0,118.0,0.0,,,118.0,0.0,118.0,-7.0,,111.0,111.0,,701.8896,0.156349,0.156349,,701.8896,0.156349,0.156349,0.156349,
09/30/1993,711.0,376.0,628.0,540.0,88.0,-252.0,335.0,12.0,,,,268.0,55.0,-55.0,656.0,-405.0,0.0,405.0,251.0,0.0,0.0,251.0,-100.0,151.0,0.0,,,151.0,0.0,151.0,-6.0,,145.0,145.0,,701.8896,0.206699,0.206699,,701.8896,0.206699,0.206699,0.206699,
12/31/1993,687.0,380.0,625.0,531.0,94.0,-245.0,307.0,3.0,,,,268.0,36.0,-50.0,637.0,-409.0,0.0,409.0,228.0,0.0,0.0,228.0,-72.0,156.0,0.0,,,156.0,0.0,156.0,-6.0,,150.0,150.0,,698.817905,0.214649,0.214649,0.214649,698.817905,0.214649,0.214649,0.214649,
03/31/1994,733.0,383.0,626.0,539.0,87.0,-243.0,350.0,12.0,,,,282.0,56.0,-45.0,688.0,-403.0,0.0,403.0,285.0,0.0,0.0,285.0,-107.0,178.0,0.0,,,178.0,0.0,178.0,-5.0,,173.0,173.0,,709.4368,0.246449,0.246449,,709.4368,0.246449,0.246449,0.246449,
06/30/1994,730.0,409.0,698.0,611.0,87.0,-289.0,321.0,4.0,,,,283.0,34.0,-39.0,691.0,-410.0,0.0,410.0,281.0,0.0,0.0,281.0,-105.0,176.0,0.0,,,176.0,0.0,176.0,-3.0,,173.0,173.0,,709.4368,0.243799,0.243799,,709.4368,0.243799,0.243799,0.243799,
09/30/1994,769.0,448.0,783.0,707.0,76.0,-335.0,321.0,-1.0,,,,288.0,34.0,-39.0,730.0,-420.0,0.0,420.0,310.0,0.0,0.0,310.0,-116.0,194.0,0.0,,,194.0,0.0,194.0,-3.0,,191.0,191.0,,709.4368,0.267649,0.267649,,709.4368,0.267649,0.267649,0.267649,
12/31/1994,740.0,477.0,855.0,777.0,78.0,-378.0,263.0,0.0,,,,268.0,-5.0,-39.0,701.0,-413.0,0.0,413.0,288.0,34.0,-34.0,322.0,-121.0,201.0,0.0,,,201.0,0.0,201.0,-3.0,,198.0,198.0,,709.4368,0.280899,0.280899,0.280899,709.4368,0.280899,0.280899,0.280899,
03/31/1995,810.0,491.0,936.0,861.0,75.0,-445.0,319.0,19.0,,,,287.0,13.0,-50.0,760.0,-416.0,0.0,416.0,344.0,0.0,0.0,344.0,-131.0,213.0,0.0,,,213.0,0.0,213.0,-3.0,,210.0,210.0,,709.4368,0.296799,0.296799,,709.4368,0.296799,0.296799,0.296799,
06/30/1995,854.0,504.0,981.0,904.0,77.0,-477.0,350.0,13.0,,,,291.0,46.0,-62.0,792.0,-425.0,0.0,425.0,367.0,0.0,0.0,367.0,-141.0,226.0,0.0,,,226.0,0.0,226.0,-3.0,,223.0,223.0,,735.852,0.302099,0.302099,,735.852,0.302099,0.302099,0.302099,
09/30/1995,917.0,512.0,947.0,868.0,79.0,-435.0,405.0,35.0,,,,287.0,83.0,-113.0,804.0,-424.0,0.0,424.0,380.0,0.0,0.0,380.0,-146.0,234.0,0.0,,,234.0,0.0,234.0,-2.0,,232.0,232.0,,754.72,0.307399,0.307399,,754.72,0.307399,0.307399,0.307399,
12/31/1995,944.0,522.0,967.0,892.0,75.0,-445.0,422.0,108.0,,,,299.0,15.0,-105.0,839.0,-448.0,0.0,448.0,391.0,0.0,0.0,391.0,-150.0,241.0,0.0,,,241.0,0.0,241.0,-3.0,,238.0,238.0,,781.1352,0.307399,0.307399,0.307399,781.1352,0.307399,0.307399,0.307399,
03/31/1996,929.0,509.0,928.0,857.0,71.0,-419.0,420.0,33.0,,,,352.0,35.0,-90.0,839.0,-444.0,0.0,444.0,395.0,0.0,0.0,395.0,-152.0,243.0,0.0,,,243.0,0.0,243.0,-2.0,,241.0,241.0,,745.440719,0.323299,0.323299,0.323299,784.9088,0.296799,0.296799,0.296799,
06/30/1996,1334.0,488.0,910.0,834.0,76.0,-422.0,846.0,430.0,,,,372.0,44.0,-425.0,909.0,-457.0,0.0,457.0,452.0,0.0,0.0,452.0,-174.0,278.0,0.0,,,278.0,0.0,278.0,-2.0,,276.0,276.0,,733.459527,0.376298,0.376298,0.376298,788.6824,0.344499,0.344499,0.344499,
09/30/1996,899.0,467.0,856.0,782.0,74.0,-389.0,432.0,15.0,,,,361.0,56.0,-40.0,859.0,-455.0,0.0,455.0,404.0,0.0,0.0,404.0,-155.0,249.0,0.0,,,249.0,0.0,249.0,-3.0,,246.0,246.0,,734.084046,0.339199,0.339199,0.339199,767.9276,0.312699,0.312699,0.312699,
12/31/1996,929.0,497.0,889.0,816.0,73.0,-392.0,432.0,86.0,,,,361.0,-15.0,-45.0,884.0,-479.0,0.0,479.0,405.0,0.0,0.0,405.0,-153.0,252.0,0.0,,,252.0,-2.0,250.0,-3.0,,247.0,247.0,,728.187796,0.339199,0.339199,0.339199,781.1352,0.317999,0.317999,0.317999,
03/31/1997,943.0,488.0,887.0,813.0,74.0,-399.0,455.0,7.0,,,,377.0,71.0,-60.0,883.0,-446.0,0.0,446.0,437.0,0.0,0.0,437.0,-160.0,277.0,0.0,,,277.0,-12.0,265.0,-2.0,,263.0,263.0,,730.1916,0.360399,0.360399,0.360399,777.3616,0.339199,0.339199,0.339199,
06/30/1997,970.0,481.0,912.0,839.0,73.0,-431.0,489.0,33.0,,,,387.0,69.0,-60.0,910.0,-465.0,0.0,465.0,445.0,0.0,0.0,445.0,-162.0,283.0,0.0,,,283.0,-14.0,269.0,-3.0,,266.0,266.0,,718.8708,0.370999,0.370999,0.370999,764.154,0.349799,0.349799,0.349799,
09/30/1997,990.0,486.0,921.0,848.0,73.0,-435.0,504.0,51.0,,,,403.0,50.0,-60.0,930.0,-473.0,0.0,473.0,457.0,0.0,0.0,457.0,-165.0,292.0,0.0,,,292.0,-19.0,273.0,-3.0,,270.0,270.0,,711.3236,0.381598,0.381598,0.381598,755.6634,0.360399,0.360399,0.360399,
12/31/1997,1089.0,400.0,840.0,760.0,80.0,-440.0,689.0,347.0,,,,397.0,-55.0,-100.0,989.0,-490.0,0.0,490.0,499.0,0.0,0.0,499.0,-182.0,317.0,0.0,,,317.0,-20.0,297.0,-2.0,,295.0,295.0,,704.531108,0.423998,0.423998,0.423998,750.003,0.392198,0.392198,0.392198,
03/31/1998,948.0,395.0,834.0,742.0,92.0,-439.0,553.0,74.0,,,,424.0,55.0,-5.0,943.0,-467.0,0.0,467.0,476.0,0.0,0.0,476.0,-172.0,304.0,0.0,,,304.0,-20.0,284.0,0.0,,284.0,284.0,,696.2292,0.402798,0.402798,0.402798,735.852,0.381598,0.381598,0.381598,
06/30/1998,969.0,408.0,870.0,777.0,93.0,-462.0,561.0,88.0,,,,439.0,34.0,-5.0,964.0,-472.0,0.0,472.0,492.0,0.0,0.0,492.0,-172.0,320.0,0.0,,,320.0,-25.0,295.0,0.0,,295.0,295.0,,705.6632,0.413398,0.413398,0.413398,739.6256,0.402798,0.402798,0.402798,
09/30/1998,987.0,415.0,906.0,820.0,86.0,-491.0,572.0,81.0,,,,458.0,33.0,-5.0,982.0,-481.0,0.0,481.0,501.0,0.0,0.0,501.0,-175.0,326.0,0.0,,,326.0,-25.0,301.0,0.0,,301.0,301.0,,708.4934,0.423998,0.423998,0.423998,734.9086,0.413398,0.413398,0.413398,
12/31/1998,1001.0,433.0,900.0,818.0,82.0,-467.0,568.0,102.0,,,,469.0,-3.0,-5.0,996.0,-508.0,0.0,508.0,488.0,29.0,-29.0,517.0,-180.0,337.0,0.0,,,337.0,-25.0,312.0,0.0,,312.0,312.0,,708.4934,0.434598,0.434598,0.434598,737.7388,0.423998,0.423998,0.423998,
03/31/1999,1052.0,427.0,857.0,778.0,79.0,-430.0,625.0,92.0,,,,503.0,30.0,-15.0,1037.0,-509.0,0.0,509.0,528.0,0.0,0.0,528.0,-184.0,344.0,0.0,,,344.0,-28.0,316.0,0.0,0.0,316.0,316.0,,722.6444,0.434598,0.434598,0.434598,734.9086,0.434598,0.434598,0.434598,
06/30/1999,1067.0,416.0,839.0,759.0,80.0,-423.0,651.0,96.0,,,,523.0,32.0,-15.0,1052.0,-513.0,0.0,513.0,539.0,0.0,0.0,539.0,-188.0,351.0,0.0,,,351.0,-28.0,323.0,0.0,0.0,323.0,323.0,,717.9274,0.445198,0.445198,0.445198,729.2482,0.445198,0.445198,0.445198,
09/30/1999,928.0,417.0,834.0,754.0,80.0,-417.0,511.0,-29.0,,,,518.0,22.0,-90.0,838.0,-515.0,0.0,515.0,323.0,1020.0,-1020.0,1343.0,-542.0,801.0,0.0,,,801.0,-28.0,773.0,0.0,0.0,773.0,773.0,,699.0594,1.102396,1.102396,0.307399,711.3236,1.081196,1.081196,0.286199,
12/31/1999,1107.0,441.0,943.0,797.0,146.0,-502.0,666.0,40.0,,,,557.0,69.0,-15.0,1092.0,-570.0,0.0,570.0,522.0,20.0,-20.0,542.0,-187.0,355.0,0.0,,,355.0,-28.0,327.0,0.0,0.0,327.0,327.0,,700.9462,0.466398,0.466398,0.466398,708.4934,0.466398,0.466398,0.466398,
03/31/2000,1156.0,419.0,1033.0,836.0,197.0,-614.0,737.0,116.0,,,,598.0,23.0,-20.0,1136.0,-602.0,0.0,602.0,534.0,0.0,0.0,534.0,-196.0,338.0,0.0,,,338.0,0.0,338.0,0.0,0.0,338.0,338.0,,690.5688,0.487598,0.487598,0.487598,699.0594,0.487598,0.487598,0.487598,
06/30/2000,1215.0,435.0,1107.0,870.0,237.0,-672.0,780.0,45.0,,,,644.0,91.0,-25.0,1190.0,-628.0,0.0,628.0,562.0,0.0,0.0,562.0,-206.0,356.0,0.0,,,356.0,0.0,356.0,0.0,0.0,356.0,356.0,,691.5122,0.519398,0.519398,0.519398,702.833,0.508798,0.508798,0.508798,
09/30/2000,1236.0,451.0,1107.0,879.0,228.0,-656.0,785.0,20.0,,,,653.0,112.0,-25.0,1211.0,-635.0,0.0,635.0,576.0,0.0,0.0,576.0,-213.0,363.0,0.0,,,363.0,0.0,363.0,0.0,0.0,363.0,363.0,,692.4556,0.529998,0.529998,0.529998,704.7198,0.519398,0.519398,0.519398,
12/31/2000,1259.0,452.0,1130.0,875.0,255.0,-678.0,807.0,-31.0,,,,676.0,162.0,-35.0,1224.0,-645.0,0.0,645.0,579.0,0.0,0.0,579.0,-207.0,372.0,0.0,,,372.0,0.0,372.0,0.0,0.0,372.0,372.0,,687.7386,0.540598,0.540598,0.540598,705.6632,0.529998,0.529998,0.529998,
03/31/2001,1285.0,427.0,1033.0,797.0,236.0,-606.0,858.0,128.0,,,,696.0,34.0,-30.0,1255.0,-653.0,0.0,653.0,602.0,0.0,0.0,602.0,-218.0,384.0,0.0,,,384.0,0.0,384.0,0.0,0.0,384.0,384.0,,690.5688,0.561798,0.561798,0.561798,700.9462,0.551198,0.551198,0.551198,
06/30/2001,1286.0,430.0,925.0,695.0,230.0,-495.0,856.0,144.0,,,,681.0,31.0,-30.0,1256.0,-655.0,0.0,655.0,601.0,0.0,0.0,601.0,-216.0,385.0,0.0,,,385.0,0.0,385.0,0.0,0.0,385.0,385.0,,689.6254,0.561798,0.561798,0.561798,700.0028,0.551198,0.551198,0.551198,
09/30/2001,1284.0,432.0,967.0,721.0,246.0,-535.0,852.0,106.0,,,,670.0,76.0,-40.0,1244.0,-646.0,0.0,646.0,598.0,-242.0,242.0,356.0,-113.0,243.0,0.0,,,243.0,0.0,243.0,0.0,0.0,243.0,243.0,,689.6254,0.349799,0.349799,0.551198,699.0594,0.349799,0.349799,0.551198,
12/31/2001,1391.0,459.0,773.0,546.0,227.0,-314.0,932.0,118.0,,,,606.0,208.0,-275.0,1116.0,-616.0,,616.0,500.0,0.0,0.0,500.0,-169.0,331.0,,,,331.0,,331.0,0.0,0.0,331.0,331.0,,696.2292,0.476998,0.476998,0.476998,696.2292,0.476998,0.476998,0.476998,
03/31/2002,1222.0,412.0,662.0,432.0,230.0,-250.0,810.0,94.0,,,,685.0,31.0,-35.0,1187.0,-641.0,0.0,641.0,546.0,0.0,0.0,546.0,-184.0,362.0,0.0,,,362.0,0.0,362.0,0.0,0.0,362.0,362.0,,681.1348,0.529998,0.529998,0.529998,688.682,0.529998,0.529998,0.529998,
06/30/2002,1278.0,423.0,673.0,431.0,242.0,-250.0,855.0,97.0,,,,730.0,28.0,-35.0,1243.0,-680.0,0.0,680.0,563.0,-16.0,16.0,547.0,-186.0,361.0,0.0,,,361.0,0.0,361.0,0.0,0.0,361.0,361.0,,681.1348,0.529998,0.529998,0.540598,687.7386,0.529998,0.529998,0.540598,
09/30/2002,1054.0,418.0,649.0,401.0,248.0,-231.0,636.0,-139.0,,,,729.0,46.0,-225.0,829.0,-706.0,0.0,706.0,123.0,0.0,0.0,123.0,-44.0,79.0,0.0,,,79.0,0.0,79.0,0.0,0.0,79.0,79.0,,680.1914,0.1166,0.1166,0.1166,685.8518,0.1166,0.1166,0.1166,
12/31/2002,1254.0,412.0,623.0,384.0,239.0,-211.0,842.0,64.0,,,,749.0,29.0,-390.0,864.0,-705.0,0.0,705.0,159.0,-3.0,3.0,156.0,-56.0,100.0,0.0,,,100.0,0.0,100.0,0.0,0.0,100.0,100.0,,680.1914,0.148399,0.148399,0.148399,684.9084,0.148399,0.148399,0.148399,
03/31/2003,1230.0,386.0,576.0,359.0,217.0,-190.0,844.0,72.0,,,,739.0,33.0,-40.0,1190.0,-739.0,0.0,739.0,451.0,0.0,0.0,451.0,-156.0,295.0,0.0,,,295.0,0.0,295.0,0.0,0.0,295.0,295.0,,681.1348,0.434598,0.434598,0.434598,684.9084,0.434598,0.434598,0.434598,
06/30/2003,1394.0,398.0,596.0,396.0,200.0,-198.0,996.0,97.0,,,,864.0,35.0,-40.0,1354.0,-878.0,0.0,878.0,476.0,-25.0,25.0,451.0,-156.0,295.0,0.0,,,295.0,0.0,295.0,0.0,0.0,295.0,295.0,,708.4934,0.413398,0.413398,0.445198,714.1538,0.413398,0.413398,0.445198,
09/30/2003,1470.0,407.0,575.0,375.0,200.0,-168.0,1063.0,101.0,,,,923.0,39.0,-40.0,1430.0,-938.0,0.0,938.0,492.0,-101.0,101.0,391.0,-131.0,260.0,0.0,,,260.0,0.0,260.0,0.0,0.0,260.0,260.0,,722.6444,0.360399,0.360399,0.445198,730.1916,0.360399,0.360399,0.445198,
12/31/2003,1520.0,418.0,584.0,373.0,211.0,-166.0,1102.0,90.0,,,,960.0,52.0,-35.0,1485.0,-968.0,,968.0,517.0,-48.0,48.0,469.0,-162.0,307.0,,,,307.0,,307.0,,,307.0,307.0,,,0.423998,0.423998,0.423998,732.0784,0.423998,0.423998,0.423998,
03/31/2004,1450.0,268.0,441.0,236.0,205.0,-173.0,1182.0,139.0,,,,999.0,44.0,-12.0,1438.0,-995.0,0.0,995.0,443.0,30.0,-30.0,473.0,-109.0,364.0,0.0,,,364.0,0.0,364.0,0.0,0.0,364.0,364.0,,727.3614,0.498198,0.498198,0.476998,733.9652,0.498198,0.498198,0.476998,
06/30/2004,1587.0,421.0,601.0,402.0,199.0,-180.0,1166.0,112.0,,,,1005.0,49.0,-10.0,1577.0,-1012.0,0.0,1012.0,565.0,0.0,0.0,565.0,-194.0,371.0,0.0,,,371.0,0.0,371.0,0.0,0.0,371.0,371.0,,728.3048,0.508798,0.508798,0.508798,734.9086,0.508798,0.508798,0.508798,
09/30/2004,1538.0,428.0,629.0,427.0,202.0,-201.0,1110.0,81.0,,,,980.0,49.0,0.0,1538.0,-999.0,0.0,999.0,539.0,0.0,0.0,539.0,-185.0,354.0,0.0,,,354.0,0.0,354.0,0.0,0.0,354.0,354.0,,728.3048,0.487598,0.487598,0.487598,733.9652,0.487598,0.487598,0.487598,
12/31/2004,1761.0,528.0,782.0,556.0,226.0,-254.0,1233.0,110.0,,,,1024.0,99.0,7.0,1768.0,-1116.0,0.0,1116.0,652.0,-30.0,30.0,2199.0,-271.0,351.0,0.0,,,1928.0,0.0,351.0,0.0,0.0,351.0,351.0,,735.852,0.476998,0.476998,0.498198,735.852,0.476998,0.476998,0.498198,
03/31/2005,1633.0,455.0,726.0,488.0,238.0,-271.0,1178.0,108.0,,,,1039.0,31.0,10.0,1643.0,-1077.0,0.0,1077.0,566.0,0.0,0.0,566.0,-187.0,379.0,0.0,,,379.0,0.0,379.0,0.0,0.0,379.0,379.0,,727.3614,0.519398,0.519398,0.519398,734.9086,0.519398,0.519398,0.519398,
06/30/2005,1523.0,329.0,634.0,392.0,242.0,-305.0,1194.0,124.0,,,,1018.0,52.0,3.0,1526.0,-1021.0,,1021.0,505.0,,,505.0,-162.0,343.0,-55.0,,,398.0,,398.0,0.0,0.0,398.0,398.0,,721.701,0.551198,0.476998,0.476998,728.3048,0.551198,0.476998,0.476998,
09/30/2005,1531.0,346.0,693.0,429.0,264.0,-347.0,1185.0,105.0,,,,1036.0,44.0,-10.0,1521.0,-1031.0,0.0,1031.0,490.0,0.0,0.0,490.0,-157.0,333.0,-56.0,,,389.0,0.0,389.0,0.0,0.0,389.0,389.0,,717.9274,0.540598,0.466398,0.466398,725.4746,0.540598,0.466398,0.466398,
12/31/2005,1547.0,344.0,774.0,463.0,311.0,-430.0,1203.0,114.0,,,,1048.0,41.0,-3.0,1544.0,-1044.0,,1044.0,500.0,0.0,0.0,500.0,-161.0,339.0,-66.0,,,405.0,,405.0,0.0,0.0,405.0,405.0,,727.3614,0.561798,0.466398,0.466398,727.3614,0.561798,0.466398,0.466398,
03/31/2006,1604.0,339.0,813.0,488.0,325.0,-474.0,1265.0,143.0,,,,1079.0,43.0,,1604.0,-1069.0,0.0,1069.0,535.0,0.0,0.0,535.0,-175.0,360.0,-62.0,,,422.0,0.0,422.0,0.0,0.0,422.0,422.0,,720.617033,0.582998,0.498198,0.498198,729.842542,0.582998,0.498198,0.498198,
06/30/2006,1728.0,358.0,910.0,570.0,340.0,-552.0,1370.0,169.0,,,,1167.0,34.0,1.0,1729.0,-1138.0,,1138.0,591.0,0.0,0.0,591.0,-200.0,391.0,-57.0,,,448.0,0.0,448.0,0.0,0.0,448.0,448.0,,713.450967,0.630697,0.551198,0.551198,721.430244,0.620098,0.551198,0.551198,
09/30/2006,1610.0,351.0,960.0,640.0,320.0,-609.0,1259.0,105.0,,,,1091.0,63.0,4.0,1614.0,-1103.0,0.0,1103.0,511.0,-89.0,89.0,422.0,-124.0,298.0,-54.0,,,352.0,0.0,352.0,0.0,0.0,352.0,352.0,,714.1538,0.498198,0.423998,0.508798,723.5878,0.487598,0.413398,0.498198,
12/31/2006,1896.0,451.0,1057.0,749.0,308.0,-606.0,1445.0,160.0,,,,1252.0,33.0,15.0,1911.0,-1272.0,0.0,1272.0,639.0,-17.0,17.0,622.0,-195.0,427.0,-1198.0,,,1625.0,0.0,1625.0,0.0,0.0,1625.0,1625.0,,664.554545,2.40619,0.646597,0.667797,674.605529,2.40619,0.635997,0.657197,
03/31/2007,1902.0,427.0,1021.0,694.0,327.0,-594.0,1475.0,165.0,,,,1259.0,51.0,15.0,1917.0,-1257.0,0.0,1257.0,660.0,-15.0,15.0,645.0,-208.0,437.0,3.0,,,434.0,0.0,434.0,0.0,0.0,434.0,434.0,,708.245286,0.614798,0.614798,0.625397,719.892502,0.604198,0.604198,0.625397,
06/30/2007,2032.0,452.0,1162.0,817.0,345.0,-710.0,1580.0,154.0,,,,1392.0,34.0,15.0,2047.0,-1342.0,0.0,1342.0,705.0,-47.0,47.0,658.0,-210.0,448.0,3.0,,,445.0,0.0,445.0,0.0,0.0,445.0,445.0,,709.783028,0.635997,0.635997,0.678397,722.661381,0.625397,0.625397,0.659953,
09/30/2007,3600.0,669.0,1778.0,1110.0,668.0,-1109.0,2931.0,251.0,,,,2579.0,101.0,0.0,3600.0,-2488.0,0.0,2488.0,1112.0,-218.0,218.0,894.0,-252.0,642.0,2.0,,,640.0,0.0,640.0,0.0,0.0,640.0,640.0,,1125.165,0.57,0.57,0.7,1140.797,0.56,0.56,0.68,
12/31/2007,3796.0,752.0,1789.0,1126.0,663.0,-1037.0,3044.0,166.0,,,,2796.0,82.0,-20.0,3776.0,-2625.0,,2625.0,1151.0,-124.0,124.0,1027.0,-327.0,700.0,180.0,,,520.0,,520.0,0.0,0.0,520.0,520.0,,1130.033,0.46,0.62,0.7,1147.759,0.45,0.61,0.68,
03/31/2008,3745.0,767.0,1656.0,1020.0,636.0,-889.0,2978.0,209.0,,,,2574.0,195.0,-16.0,3729.0,-2493.0,0.0,2493.0,1236.0,-126.0,126.0,1110.0,-361.0,749.0,3.0,,,746.0,0.0,746.0,0.0,0.0,746.0,746.0,,1134.28,0.66,0.66,0.73,1147.906,0.65,0.65,0.72,
06/30/2008,3377.0,388.0,1065.0,497.0,568.0,-677.0,2989.0,230.0,,,,2621.0,138.0,-13.0,3364.0,-2214.0,,2214.0,1150.0,-149.0,149.0,621.0,-312.0,309.0,-6.0,,,315.0,-6.0,309.0,0.0,0.0,309.0,309.0,,1135.153,0.27,0.26,0.67,1142.936,0.27,0.26,0.67,
09/30/2008,3607.0,681.0,1312.0,754.0,558.0,-631.0,2926.0,270.0,,,,2512.0,144.0,-23.0,3584.0,-3208.0,0.0,3208.0,376.0,-111.0,111.0,265.0,42.0,307.0,0.0,,0.0,307.0,-4.0,303.0,0.0,0.0,303.0,303.0,,1143.445,0.26,0.26,0.34,1147.586,0.26,0.26,0.33,
12/31/2008,2864.0,1047.0,1525.0,875.0,650.0,-478.0,1817.0,-686.0,,,,2436.0,67.0,-54.0,2810.0,-2581.0,0.0,2581.0,229.0,-278.0,278.0,-49.0,137.0,88.0,22.0,,,66.0,-5.0,61.0,-33.0,0.0,28.0,28.0,180.7,1144.839,0.02,0.04,0.2059,1150.753,0.02,0.04,0.2048,
03/31/2009,2999.0,775.0,979.0,509.0,470.0,-204.0,2224.0,83.0,88.0,-312.0,307.0,2126.0,15.0,-59.0,2940.0,-2280.0,0.0,2280.0,572.0,0.0,0.0,572.0,-161.0,411.0,41.0,41.0,0.0,370.0,-1.0,369.0,-47.0,0.0,322.0,436.8,73.8,1146.07,0.28,0.31,0.381129,1146.943,0.28,0.31,0.374345,
06/30/2009,2957.0,700.0,845.0,431.0,414.0,-145.0,2257.0,25.0,0.0,-212.0,237.0,2116.0,116.0,-61.0,2896.0,-2383.0,0.0,2383.0,513.0,0.0,0.0,513.0,-12.0,501.0,91.0,91.0,0.0,410.0,2.0,412.0,,-236.0,176.0,214.75,-52.25,1171.081,0.15,0.23,0.183378,1174.466,0.15,0.23,0.183378,
09/30/2009,-1507.0,716.0,829.0,392.0,437.0,-113.0,-2223.0,-4466.0,0.0,-4712.0,246.0,2086.0,157.0,-147.0,-1654.0,-2311.0,0.0,2311.0,-3965.0,0.0,0.0,-3965.0,1527.0,-2438.0,19.0,19.0,0.0,-2457.0,-1.0,-2458.0,0.0,0.0,-2458.0,-2409.55,29.45,1197.414,-2.05,-2.04,-2.012295,1197.414,-2.05,-2.04,-2.015405,
12/31/2009,3301.0,724.0,854.0,378.0,476.0,-130.0,2577.0,342.0,0.0,96.0,246.0,2178.0,57.0,-65.0,3236.0,-2564.0,0.0,2564.0,672.0,0.0,0.0,672.0,41.0,713.0,119.0,119.0,0.0,594.0,-1.0,593.0,0.0,0.0,593.0,694.75,-17.25,1200.359,0.49,0.59,0.578785,1203.469,0.49,0.59,0.575666,
03/31/2010,3446.0,765.0,883.0,367.0,516.0,-118.0,2681.0,529.0,87.0,180.0,262.0,2115.0,37.0,-35.0,3411.0,-2440.0,0.0,2440.0,884.0,0.0,0.0,884.0,-258.0,626.0,42.0,42.0,0.0,584.0,-25.0,559.0,0.0,-5.0,554.0,703.95,107.95,1202.533,0.46,0.5,0.585389,1206.286,0.46,0.49,0.57949,
06/30/2010,3316.0,722.0,862.0,360.0,502.0,-140.0,2594.0,344.0,-26.0,150.0,220.0,2177.0,73.0,-20.0,3296.0,-2316.0,0.0,2316.0,1006.0,0.0,0.0,1006.0,-304.0,702.0,10.0,10.0,0.0,692.0,-34.0,658.0,0.0,0.0,658.0,696.6,28.6,1204.557,0.54,0.55,0.578304,1208.83,0.54,0.55,0.573659,
09/30/2010,3409.0,718.0,875.0,364.0,511.0,-157.0,2691.0,239.0,-14.0,107.0,146.0,2419.0,33.0,22.0,3431.0,-2611.0,0.0,2611.0,834.0,0.0,0.0,834.0,-220.0,614.0,3.0,3.0,0.0,611.0,11.0,622.0,0.0,0.0,622.0,657.0,32.0,1210.534,0.51,0.51,0.542736,1212.684,0.51,0.51,0.536388,
12/31/2010,3801.0,720.0,913.0,353.0,560.0,-193.0,3081.0,448.0,50.0,140.0,258.0,2578.0,55.0,22.0,3823.0,-2803.0,0.0,2803.0,970.0,0.0,0.0,970.0,-265.0,705.0,11.0,11.0,0.0,694.0,-15.0,679.0,,0.0,679.0,706.05,16.05,1232.568,0.55,0.55,0.572828,1235.67,0.54,0.55,0.562989,
03/31/2011,3671.0,698.0,848.0,348.0,500.0,-150.0,2973.0,405.0,25.0,182.0,198.0,2554.0,14.0,0.0,3671.0,-2697.0,0.0,2697.0,949.0,0.0,0.0,949.0,-279.0,670.0,0.0,0.0,0.0,670.0,-45.0,625.0,0.0,0.0,625.0,631.0,6.0,1234.076,0.5,0.5,0.511314,1238.284,0.5,0.5,0.504845,
06/30/2011,3888.0,731.0,926.0,418.0,508.0,-195.0,3157.0,516.0,38.0,256.0,222.0,2641.0,0.0,0.0,3888.0,-2816.0,0.0,2816.0,1034.0,0.0,0.0,1034.0,-277.0,757.0,0.0,0.0,0.0,757.0,-22.0,735.0,0.0,0.0,735.0,790.9,55.9,1230.406,0.59,0.59,0.642796,1233.71,0.59,0.59,0.63531,
09/30/2011,3673.0,775.0,928.0,409.0,519.0,-153.0,2898.0,292.0,-21.0,113.0,200.0,2606.0,0.0,22.0,3695.0,-2771.0,0.0,2771.0,945.0,0.0,0.0,945.0,-281.0,664.0,0.0,0.0,0.0,664.0,-13.0,651.0,0.0,0.0,651.0,706.0,55.0,1214.126,0.53,0.53,0.581488,1215.527,0.53,0.53,0.575248,
12/31/2011,3591.0,780.0,867.0,335.0,532.0,-87.0,2811.0,417.0,51.0,138.0,228.0,2352.0,42.0,-23.0,3568.0,-2828.0,,2828.0,689.0,0.0,0.0,689.0,-211.0,478.0,0.0,0.0,0.0,478.0,27.0,505.0,-6.0,1.0,500.0,570.35,70.35,1204.994,0.42,0.42,0.473322,1205.586,0.42,0.42,0.473322,
03/31/2012,3701.0,765.0,912.0,377.0,535.0,-147.0,2936.0,431.0,55.0,185.0,191.0,2468.0,37.0,-5.0,3696.0,-2756.0,0.0,2756.0,885.0,0.0,0.0,885.0,-254.0,631.0,0.0,0.0,0.0,631.0,-12.0,619.0,0.0,0.0,619.0,594.45,-24.55,1193.931,0.52,0.52,0.497893,1195.558,0.52,0.52,0.497893,
06/30/2012,3640.0,734.0,875.0,352.0,523.0,-141.0,2906.0,358.0,23.0,155.0,180.0,2548.0,0.0,19.0,3659.0,-3047.0,0.0,3047.0,589.0,0.0,0.0,589.0,-93.0,496.0,0.0,0.0,0.0,496.0,-30.0,466.0,,0.0,466.0,724.8,258.8,1181.35,0.39,0.39,0.613535,1182.985,0.39,0.39,0.608769,
09/30/2012,3736.0,749.0,877.0,349.0,528.0,-128.0,2987.0,436.0,61.0,193.0,182.0,2551.0,0.0,5.0,3741.0,-2705.0,0.0,2705.0,975.0,0.0,0.0,975.0,-225.0,750.0,0.0,0.0,0.0,750.0,-25.0,725.0,-5.0,0.0,720.0,719.8,-0.2,1169.674,0.61,0.61,0.615385,1171.534,0.61,0.61,0.609829,
12/31/2012,3617.0,725.0,843.0,336.0,507.0,-118.0,2892.0,347.0,33.0,208.0,106.0,2545.0,0.0,61.0,3678.0,-2825.0,0.0,2825.0,853.0,0.0,0.0,853.0,-207.0,646.0,0.0,0.0,0.0,646.0,-11.0,635.0,-13.0,-9.0,613.0,618.65,5.65,1161.212,0.53,0.53,0.532762,1163.753,0.53,0.53,0.532762,
03/31/2013,3625.0,719.0,815.0,315.0,500.0,-96.0,2906.0,343.0,12.0,170.0,161.0,2563.0,0.0,24.0,3649.0,-2828.0,0.0,2828.0,809.0,0.0,0.0,809.0,-1046.0,-237.0,0.0,0.0,0.0,-237.0,-16.0,-253.0,-13.0,0.0,-266.0,597.75,863.75,1158.819,-0.23,-0.23,0.515827,1158.819,-0.23,-0.23,0.515371,
06/30/2013,4037.0,757.0,836.0,320.0,516.0,-79.0,3280.0,601.0,28.0,366.0,207.0,2679.0,0.0,19.0,4056.0,-2822.0,0.0,2822.0,1206.0,0.0,0.0,1206.0,-321.0,885.0,0.0,0.0,0.0,885.0,-40.0,845.0,-12.0,-15.0,818.0,818.65,0.65,1152.545,0.71,0.71,0.710298,1155.981,0.71,0.71,0.710298,
09/30/2013,3783.0,772.0,855.0,332.0,523.0,-83.0,3011.0,365.0,6.0,205.0,154.0,2646.0,0.0,-2.0,3781.0,-2779.0,0.0,2779.0,1002.0,0.0,0.0,1002.0,-19.0,983.0,0.0,0.0,0.0,983.0,-8.0,975.0,-13.0,-18.0,944.0,675.85,-268.15,1148.724,0.82,0.82,0.588348,1152.679,0.82,0.82,0.587368,
12/31/2013,3631.0,761.0,846.0,343.0,503.0,-85.0,2870.0,198.0,20.0,32.0,146.0,2672.0,0.0,-6.0,3625.0,-2877.0,0.0,2877.0,728.0,0.0,0.0,728.0,-172.0,556.0,0.0,0.0,0.0,556.0,-17.0,539.0,-16.0,-10.0,513.0,508.45,-4.55,1142.861,0.44,0.44,0.444892,1147.961,0.44,0.44,0.436036,
03/31/2014,3653.0,728.0,812.0,347.0,465.0,-84.0,2925.0,302.0,6.0,160.0,136.0,2623.0,0.0,18.0,3671.0,-2739.0,0.0,2739.0,926.0,0.0,0.0,926.0,-232.0,694.0,0.0,0.0,0.0,694.0,-20.0,674.0,-13.0,-13.0,648.0,646.2,-1.8,1138.645,0.57,0.57,0.567517,1144.51,0.57,0.57,0.567517,
06/30/2014,3746.0,719.0,811.0,371.0,440.0,-92.0,3027.0,337.0,1.0,206.0,130.0,2690.0,0.0,12.0,3758.0,-2946.0,0.0,2946.0,811.0,0.0,0.0,811.0,-217.0,594.0,0.0,0.0,0.0,594.0,-17.0,577.0,-23.0,-10.0,544.0,629.15,85.15,1133.556,0.48,0.48,0.555023,1139.8,0.48,0.48,0.554706,
09/30/2014,4610.0,721.0,809.0,355.0,454.0,-88.0,3889.0,1101.0,-1.0,949.0,153.0,2788.0,0.0,19.0,4629.0,-2968.0,0.0,2968.0,1662.0,0.0,0.0,1662.0,-556.0,1106.0,0.0,0.0,0.0,1106.0,-23.0,1083.0,-13.0,-20.0,1050.0,699.35,-350.65,1126.946,0.93,0.93,0.620571,1134.871,0.93,0.93,0.620571,
12/31/2014,3277.0,712.0,802.0,337.0,465.0,-90.0,2565.0,-110.0,-412.0,151.0,151.0,2675.0,0.0,-1.0,3276.0,-3524.0,0.0,3524.0,164.0,0.0,0.0,164.0,93.0,257.0,0.0,0.0,0.0,257.0,-24.0,233.0,-24.0,-4.0,205.0,850.95,645.95,1120.672,0.18,0.18,0.759321,1129.04,0.18,0.18,0.752123,
03/31/2015,3792.0,728.0,807.0,328.0,479.0,-79.0,3064.0,365.0,0.0,136.0,229.0,2699.0,0.0,-2.0,3790.0,-2700.0,0.0,2700.0,1090.0,0.0,0.0,1090.0,-280.0,810.0,0.0,0.0,0.0,810.0,-31.0,779.0,-13.0,-12.0,754.0,753.3,-0.7,1118.602,0.67,0.67,0.67343,1126.306,0.67,0.67,0.669378,
06/30/2015,3886.0,779.0,847.0,337.0,510.0,-68.0,3107.0,347.0,0.0,160.0,187.0,2760.0,0.0,6.0,3892.0,-2727.0,0.0,2727.0,1165.0,0.0,0.0,1165.0,-276.0,889.0,0.0,0.0,0.0,889.0,-36.0,853.0,-23.0,-9.0,821.0,847.95,26.95,1113.79,0.74,0.74,0.761319,1122.135,0.73,0.73,0.754017,
09/30/2015,3790.0,759.0,838.0,347.0,491.0,-79.0,3031.0,238.0,0.0,59.0,179.0,2793.0,0.0,-1.0,3789.0,-2680.0,0.0,2680.0,1109.0,0.0,0.0,1109.0,-282.0,827.0,0.0,0.0,0.0,827.0,6.0,833.0,-13.0,-6.0,814.0,829.8,15.8,1098.003,0.74,0.74,0.755736,1105.645,0.74,0.74,0.75429,
12/31/2015,3726.0,760.0,834.0,343.0,491.0,-74.0,2966.0,303.0,0.0,130.0,173.0,2663.0,0.0,-163.0,3563.0,-2692.0,0.0,2692.0,871.0,0.0,0.0,871.0,-175.0,696.0,0.0,0.0,0.0,696.0,-3.0,693.0,-56.0,-9.0,628.0,743.4,115.4,1088.88,0.58,0.58,0.68272,1096.385,0.57,0.57,0.675255,
03/31/2016,3730.0,766.0,883.0,404.0,479.0,-117.0,2964.0,189.0,0.0,14.0,175.0,2670.0,105.0,-10.0,3720.0,-2629.0,0.0,2629.0,1091.0,0.0,0.0,1091.0,-283.0,808.0,0.0,0.0,0.0,808.0,9.0,817.0,-13.0,-11.0,793.0,801.4,8.4,1079.641,0.73,0.73,0.742284,1085.284,0.73,0.73,0.73774,
06/30/2016,3776.0,767.0,890.0,430.0,460.0,-123.0,3009.0,213.0,0.0,31.0,182.0,2722.0,74.0,9.0,3785.0,-2620.0,0.0,2620.0,1165.0,0.0,0.0,1165.0,-290.0,875.0,0.0,0.0,0.0,875.0,-2.0,873.0,-48.0,-13.0,812.0,813.75,1.75,1072.583,0.76,0.76,0.758683,1078.271,0.75,0.75,0.751623,
09/30/2016,3941.0,774.0,874.0,410.0,464.0,-100.0,3167.0,224.0,0.0,41.0,183.0,2851.0,92.0,19.0,3960.0,-2643.0,0.0,2643.0,1317.0,0.0,0.0,1317.0,-324.0,993.0,0.0,0.0,0.0,993.0,-6.0,987.0,-13.0,-15.0,959.0,961.4,2.4,1062.248,0.9,0.9,0.905062,1067.682,0.9,0.9,0.902248,
12/31/2016,3790.0,831.0,928.0,429.0,499.0,-97.0,2959.0,176.0,0.0,15.0,161.0,2713.0,70.0,-7.0,3783.0,-2631.0,0.0,2631.0,1152.0,0.0,0.0,1152.0,-280.0,872.0,0.0,0.0,0.0,872.0,-2.0,870.0,-48.0,-13.0,809.0,813.65,4.65,1050.888,0.77,0.77,0.77425,1056.818,0.77,0.77,0.77425,
03/31/2017,3843.0,792.0,960.0,466.0,494.0,-168.0,3051.0,207.0,0.0,43.0,164.0,2767.0,77.0,5.0,3848.0,-2642.0,0.0,2642.0,1206.0,0.0,0.0,1206.0,-269.0,937.0,0.0,0.0,0.0,937.0,-15.0,922.0,-42.0,-14.0,866.0,870.7,4.7,1041.158,0.83,0.83,0.83628,1047.746,0.83,0.83,0.834486,
06/30/2017,3956.0,826.0,1052.0,543.0,509.0,-226.0,3130.0,175.0,0.0,10.0,165.0,2833.0,122.0,7.0,3963.0,-2655.0,0.0,2655.0,1308.0,0.0,0.0,1308.0,-332.0,976.0,0.0,0.0,0.0,976.0,-1.0,975.0,-49.0,-13.0,913.0,911.05,-1.95,1035.829,0.88,0.88,0.879537,1041.879,0.88,0.88,0.878128,
09/30/2017,4016.0,839.0,1151.0,612.0,539.0,-312.0,3177.0,202.0,0.0,29.0,173.0,2912.0,63.0,6.0,4022.0,-2654.0,0.0,2654.0,1368.0,0.0,0.0,1368.0,-348.0,1020.0,0.0,0.0,0.0,1020.0,-2.0,1018.0,-35.0,-8.0,975.0,980.35,5.35,1035.337,0.94,0.94,0.94689,1041.138,0.94,0.94,0.945139,
12/31/2017,3728.0,851.0,1219.0,661.0,558.0,-368.0,2877.0,-41.0,0.0,-207.0,166.0,2918.0,0.0,6.0,3734.0,-3006.0,0.0,3006.0,728.0,0.0,0.0,728.0,453.0,1181.0,0.0,0.0,0.0,1181.0,-6.0,1175.0,-49.0,-8.0,1118.0,795.05,-322.95,1024.828,1.09,1.09,0.775789,1030.404,1.08,1.08,0.766579,
03/31/2018,4178.0,919.0,1381.0,758.0,623.0,-462.0,3259.0,149.0,0.0,-60.0,209.0,3028.0,82.0,5.0,4183.0,-2739.0,0.0,2739.0,1444.0,0.0,0.0,1444.0,-282.0,1162.0,0.0,0.0,0.0,1162.0,9.0,1171.0,-36.0,-8.0,1127.0,1125.42,-1.58,1016.797,1.11,1.11,1.106829,1021.731,1.1,1.1,1.098454,
06/30/2018,4138.0,916.0,1553.0,895.0,658.0,-637.0,3222.0,200.0,0.0,13.0,187.0,2952.0,70.0,3.0,4141.0,-2747.0,0.0,2747.0,1394.0,0.0,0.0,1394.0,-286.0,1108.0,0.0,0.0,0.0,1108.0,-5.0,1103.0,-48.0,-7.0,1048.0,1048.0,0.0,1010.179,1.04,1.04,1.04,1014.357,1.03,1.03,1.03,
09/30/2018,4069.0,891.0,1634.0,938.0,696.0,-743.0,3178.0,165.0,0.0,10.0,155.0,2972.0,41.0,3.0,4072.0,-2738.0,0.0,2738.0,1334.0,0.0,0.0,1334.0,-220.0,1114.0,0.0,0.0,0.0,1114.0,-3.0,1111.0,-36.0,-7.0,1068.0,1068.0,0.0,999.808,1.07,1.07,1.07,1003.665,1.06,1.06,1.06,
12/31/2018,4007.0,885.0,1864.0,1141.0,723.0,-979.0,3122.0,157.0,0.0,-24.0,181.0,2918.0,47.0,0.0,4007.0,-2987.0,0.0,2987.0,1020.0,0.0,0.0,1020.0,-150.0,870.0,0.0,0.0,0.0,870.0,11.0,881.0,-49.0,-5.0,827.0,982.0,155.0,984.343,0.84,0.84,0.99762,988.65,0.84,0.84,0.996779,
03/31/2019,3899.0,841.0,1920.0,1166.0,754.0,-1079.0,3058.0,197.0,0.0,27.0,170.0,2826.0,35.0,-7.0,3892.0,-2699.0,0.0,2699.0,1193.0,0.0,0.0,1193.0,-237.0,956.0,0.0,0.0,0.0,956.0,-10.0,946.0,-36.0,-5.0,905.0,905.0,0.0,962.397,0.94,0.94,0.94,965.96,0.94,0.94,0.94,
06/30/2019,3924.0,802.0,1965.0,1229.0,736.0,-1163.0,3122.0,183.0,0.0,17.0,166.0,2896.0,43.0,8.0,3932.0,-2647.0,0.0,2647.0,1285.0,0.0,0.0,1285.0,-264.0,1021.0,0.0,0.0,0.0,1021.0,-4.0,1017.0,-48.0,-4.0,965.0,965.0,0.0,951.281,1.01,1.01,1.01,953.928,1.01,1.01,1.01,
09/30/2019,3861.0,730.0,1942.0,1226.0,716.0,-1212.0,3131.0,152.0,0.0,2.0,150.0,2949.0,30.0,16.0,3877.0,-2590.0,0.0,2590.0,1287.0,0.0,0.0,1287.0,-246.0,1041.0,0.0,0.0,0.0,1041.0,-3.0,1038.0,-36.0,0.0,1002.0,1002.0,0.0,933.264,1.07,1.07,1.07,935.677,1.07,1.07,1.07,
12/31/2019,4778.0,815.0,1721.0,1035.0,686.0,-906.0,3963.0,160.0,0.0,-8.0,168.0,2943.0,860.0,8.0,4786.0,-2964.0,0.0,2964.0,1822.0,0.0,0.0,1822.0,-373.0,1449.0,0.0,0.0,0.0,1449.0,-9.0,1440.0,-49.0,0.0,1391.0,1391.0,0.0,911.324,1.52,1.52,1.52,914.739,1.52,1.52,1.52,
03/31/2020,4108.0,814.0,1570.0,930.0,640.0,-756.0,3294.0,290.0,0.0,-29.0,319.0,2993.0,11.0,-169.0,3939.0,-2712.0,0.0,2712.0,1227.0,0.0,0.0,1227.0,-265.0,962.0,0.0,0.0,0.0,962.0,18.0,980.0,-36.0,-3.0,941.0,941.0,0.0,894.122,1.05,1.05,1.05,896.689,1.05,1.05,1.05,
06/30/2020,4010.0,780.0,943.0,364.0,579.0,-163.0,3230.0,334.0,,168.0,166.0,2896.0,0.0,-143.0,3867.0,-2686.0,0.0,2686.0,1181.0,0.0,0.0,1181.0,-216.0,965.0,0.0,0.0,0.0,965.0,-15.0,950.0,-49.0,0.0,901.0,901.0,0.0,889.02,1.01,1.01,1.01,890.561,1.01,1.01,1.01,
09/30/2020,3828.286,,,,,,,,,,,,,,,,,,1176.0,,,1106.0,,842.875,,,,,,842.875,,,842.875,823.286,,,0.932,0.932,0.929,,0.932,0.932,0.929,
12/31/2020,3812.643,,,,,,,,,,,,,,,,,,1109.0,,,1045.417,,799.375,,,,,,799.375,,,799.375,768.357,,,0.884,0.884,0.876,,0.884,0.884,0.876,
