Date,Revenue,Sales & Services Revenue,Cost of Revenue,Cost of Goods & Services,Gross Profit,Other Operating Income,Operating Expenses,"Selling, General & Admin",Research & Development,Depreciation & Amortization,Other Operating Expense,Operating Income (Loss),Non-Operating (Income) Loss,"Interest Expense, Net",Interest Expense,Interest Income,Foreign Exch (Gain) Loss,(Income) Loss from Affiliates,Other Non-Op (Income) Loss,Pretax Income,Income Tax Expense (Benefit),Income (Loss) from Cont Ops,Net Extraordinary Losses (Gains),Discontinued Operations,XO & Accounting Changes,Income (Loss) Incl. MI,Minority Interest,"Net Income, GAAP",Preferred Dividends,Other Adjustments,"Net Income Avail to Common, GAAP","Net Income Avail to Common, Adj",Net Abnormal Losses (Gains),Basic Weighted Avg Shares,"Basic EPS, GAAP",Basic EPS from Cont Ops,"Basic EPS from Cont Ops, Adjusted",Diluted Weighted Avg Shares,"Diluted EPS, GAAP",Diluted EPS from Cont Ops,"Diluted EPS from Cont Ops, Adjusted",Source: Bloomberg
04/01/1990,321.5,,-281.299988,,40.200012,,-22.0,,,,,18.200001,-5.2,,5.8,,,,-0.6,13.000001,-3.8,9.2,0.0,,,9.200001,,9.2,-1.3,,7.9,7.9,,349.600006,0.02625,0.02625,0.02625,349.600006,0.02625,0.02625,0.02625,
07/01/1990,381.899994,,-325.700012,,56.199982,,-25.5,,,,,30.700001,-1.568,,5.7,,,,-4.132,29.132001,-8.7,20.431999,0.0,,,20.432001,,20.431999,-1.3,,19.131999,19.131999,,382.640015,0.05,0.05,0.05,382.640015,0.05,0.05,0.05,
09/30/1990,351.799988,,-298.299988,,53.5,,-24.299999,,,,,29.200001,-0.303,,5.5,,,,-5.197,28.897001,-7.6,21.297001,0.0,,,21.297001,,21.297001,-1.4,,19.897001,19.897001,,383.552002,0.051875,0.051875,0.051875,383.552002,0.051875,0.051875,0.051875,
12/31/1990,302.0,,-259.899994,,42.100006,,-25.6,,,,,16.5,-15.5,,5.2,,,,10.3,1.0,0.4,1.4,0.0,,,1.4,,1.4,-1.8,,-0.4,-0.4,,351.824,-0.00125,-0.00125,-0.00125,351.824,-0.00125,-0.00125,-0.00125,
03/31/1991,447.399994,,-387.100006,,60.299988,,-31.200001,,,,,29.1,-11.0,,9.4,,,,1.6,18.100001,-6.7,11.4,0.0,,,11.400001,-0.7,10.7,-2.5,,8.2,8.2,,353.727997,0.023125,0.023125,0.023125,353.727997,0.023125,0.023125,0.023125,
06/30/1991,638.200012,,-544.599976,,93.600037,,-45.299999,,,,,48.299999,-12.2,,12.2,,,,0.0,36.099999,-12.7,23.4,0.0,,,23.4,-0.4,23.0,-2.5,,20.5,20.5,,389.312012,0.05375,0.05375,0.05375,389.312012,0.05375,0.05375,0.05375,
09/29/1991,579.599976,,-500.100006,,79.499969,,-33.599998,,,,,45.900002,-9.5,,9.8,,,,-0.3,36.400001,-14.1,22.299999,-2.3,,,24.600001,-1.1,23.5,-2.6,,20.9,20.9,,395.967987,0.054375,0.04875,0.04875,395.967987,0.054375,0.04875,0.04875,
12/31/1991,353.200012,,-308.200012,,45.0,,-28.9,,,,,16.1,-3.1,,3.6,,,,-0.5,13.0,-4.1,9.5,0.0,,,8.9,-0.5,9.0,-2.7,,6.3,6.3,,411.104,0.015625,0.015625,0.015625,411.104,0.015625,0.015625,0.015625,
03/29/1992,546.299988,,-475.0,,71.299988,,-41.299999,,,,,30.0,-10.395,,10.0,,,,0.395,19.605,-7.2,12.405,0.0,,,12.405,-1.2,11.205,-1.4,,9.805,9.805,,412.847992,0.02375,0.02375,0.02375,412.847992,0.02375,0.02375,0.02375,
06/28/1992,674.0,,-574.599976,,99.400024,,-50.599998,,,,,48.799999,-15.8,,11.0,,,,4.8,32.999999,-11.9,21.1,0.0,,,21.099999,-1.1,20.0,-1.3,,18.7,18.7,,450.256012,0.043125,0.043125,0.043125,450.256012,0.043125,0.043125,0.043125,
09/27/1992,566.5,,-486.100006,,80.399994,,-37.799999,,,,,42.599998,-7.057,,8.8,,,,-1.743,35.542998,-11.9,23.643,0.0,,,23.642999,-0.9,22.743,-1.3,,21.443,21.443,,451.440002,0.0475,0.0475,0.0475,451.440002,0.0475,0.0475,0.0475,
12/31/1992,391.0,,-345.5,,45.5,,-27.4,,,,,18.1,-0.7,,7.4,,,,-6.7,17.4,-5.2,12.2,0.0,,,12.2,-0.6,11.6,-1.4,,10.2,10.2,,420.463984,0.024375,0.024375,0.024375,420.463984,0.024375,0.024375,0.024375,
04/04/1993,532.900024,,-480.600006,,52.300018,,-26.700001,,,,,25.6,-10.6,,11.3,,,,-0.7,15.0,-4.9,10.1,32.599998,,,-22.499998,-1.0,-23.5,-0.8,,-24.3,-24.3,,431.023987,-0.05625,0.019375,0.019375,431.023987,-0.05625,0.019375,0.019375,
07/04/1993,663.0,,-595.299988,,67.700012,,-32.5,,,,,35.200001,-12.6,,12.9,,,,-0.3,22.600001,-8.5,14.1,0.0,,,14.100001,-0.8,13.3,-0.8,,12.5,12.5,,468.0,0.026875,0.026875,0.026875,468.0,0.026875,0.026875,0.026875,
10/03/1993,680.200012,,-612.099976,,68.100037,,-34.099998,,,,,34.0,-25.3,,11.6,,,,13.7,8.7,-3.8,4.9,0.0,,,4.9,-1.1,3.8,-0.8,,3.0,3.0,,469.455994,0.00625,0.00625,0.00625,469.455994,0.00625,0.00625,0.00625,
12/31/1993,557.700012,,-521.599976,,36.100036,,-27.700001,,,,,8.4,-104.799997,,10.1,,,,94.699997,-96.399997,38.400002,-58.0,0.0,,,-57.999995,-0.7,-58.700001,-0.8,,-59.500001,-59.500001,,470.272,-0.12625,-0.12625,-0.12625,470.272,-0.12625,-0.12625,-0.12625,
04/03/1994,587.299988,,-531.900024,,55.399963,,-26.799999,,,,,28.6,-10.3,,10.6,,,,-0.3,18.3,-6.5,11.8,0.0,,,11.8,-1.3,10.5,-0.8,,9.7,9.7,,471.888,0.020625,0.020625,0.020625,471.888,0.020625,0.020625,0.020625,
07/02/1994,676.599976,,-605.299988,,71.299988,,-31.299999,,,,,40.0,-11.0,,10.8,,0.0,,0.2,29.0,-11.0,18.0,0.0,,,18.0,-0.8,17.200001,-0.8,,16.400001,16.400001,,473.920013,0.034375,0.034375,0.034375,473.920013,0.034375,0.034375,0.034375,
10/02/1994,717.5,,-636.0,,81.5,,-31.6,,,,,49.900002,-11.7,,10.5,,0.0,,1.2,38.200001,-13.8,24.4,0.0,,,24.400001,-1.1,23.299999,-0.8,,22.499999,22.499999,,475.872009,0.0475,0.0475,0.0475,475.872009,0.0475,0.0475,0.0475,
12/31/1994,612.0,,-538.099976,,73.900024,,-31.6,,,,,42.299999,-5.5,,9.1,,0.0,,-3.6,36.799999,-13.4,23.4,0.0,,,23.399999,-1.4,22.0,-0.8,,21.2,21.2,,476.768,0.044375,0.044375,0.044375,476.768,0.044375,0.044375,0.044375,
04/02/1995,422.5,,-370.399994,,52.100006,,-22.299999,,,,,29.799999,-3.5,,9.6,,0.0,,-6.1,26.299999,-10.1,16.200001,-1.5,,,17.699998,-1.4,16.299999,-0.8,,15.499999,15.499999,,479.391998,0.0325,0.029375,0.029375,517.935974,0.030625,0.0275,0.0275,
07/02/1995,557.400024,,-497.600006,,59.800018,,-29.5,,,,,30.299999,2.7,,10.7,,0.0,,-13.4,32.999999,-14.0,19.0,-4.1,,,23.099999,-1.2,21.9,-0.8,,21.1,21.1,,479.519989,0.04375,0.035625,0.035625,517.52002,0.04125,0.033125,0.033125,
10/01/1995,595.700012,,-540.400024,,55.299988,,-31.5,,,,,23.799999,-29.7,,10.2,,0.0,,19.5,-5.900001,24.200001,18.299999,74.0,,,-55.7,-1.6,-57.299999,-0.7,,-57.999999,-57.999999,,481.584015,-0.120625,0.033125,0.033125,481.584015,-0.11125,0.03125,0.03125,
12/31/1995,470.200012,,-428.200012,,42.0,,-23.4,,,,,18.6,-15.5,,5.0,,0.0,,10.5,3.1,-0.1,3.0,2.1,,,0.9,-0.4,0.5,-0.8,,-0.3,-0.3,,481.071984,-0.000625,0.00375,0.00375,481.071984,-0.000625,0.00375,0.00375,
03/31/1996,462.0,,-424.399994,,37.600006,,-24.0,,,,,13.6,-4.4,,6.8,,0.0,,-2.4,9.2,-2.4,6.8,1.3,,,5.5,0.0,5.5,-0.8,,4.7,4.7,,481.071991,0.01,0.0125,0.01625,516.799988,0.009375,0.011875,0.015625,
06/30/1996,600.099976,,-548.0,,52.099976,,-23.6,,,,,28.5,-9.2,,9.4,,0.0,,-0.2,19.3,-6.1,13.2,1.5,,,11.7,0.1,11.8,-0.7,,11.1,11.1,,483.552002,0.023125,0.02625,0.02625,516.304016,0.021875,0.025,0.025,
09/29/1996,622.200012,,-566.700012,,55.5,,-21.9,,,,,33.599998,-9.4,,8.6,,0.0,,0.8,24.199998,-4.5,19.700001,-0.7,,,20.399998,-0.3,20.1,-0.7,,19.4,19.4,,487.536011,0.04,0.03875,0.03,519.088013,0.0375,0.03625,0.0275,
12/31/1996,500.100006,,-468.200012,,31.899994,,-44.700001,,,,,-12.8,-19.8,,8.5,,0.0,,11.3,-32.6,5.8,-26.799999,-13.2,,,-13.6,0.4,-13.2,-0.7,,-13.9,-13.9,,487.903984,-0.02875,-0.055625,-0.008125,487.903984,-0.02875,-0.055625,-0.008125,
03/30/1997,479.799988,,-431.600006,,48.199982,,-30.4,,,,,17.799999,-9.6,,9.9,,0.0,,-0.3,8.2,-2.8,5.4,0.0,,,5.4,1.6,7.0,-0.7,,6.3,6.3,,487.152008,0.013125,0.013125,0.011875,518.687988,0.0125,0.0125,0.01125,
06/29/1997,643.700012,,-572.799988,,70.900024,,-33.099998,,,,,37.799999,-7.4,,15.4,,0.0,,-8.0,30.4,-11.9,18.5,0.0,,,18.5,2.3,20.799999,-0.7,,20.099999,20.099999,,483.391998,0.041875,0.041875,0.0325,515.40802,0.039375,0.039375,0.03,
09/28/1997,690.200012,,-605.200012,,85.0,,-32.099998,,,,,52.900002,-16.0,,14.3,,0.0,,1.7,36.900001,-14.1,22.799999,0.0,,,22.800001,-0.1,22.700001,-0.7,,22.000001,22.000001,,482.160004,0.045625,0.045625,0.045625,516.383972,0.0425,0.0425,0.0425,
12/31/1997,574.799988,,-511.600006,,63.199982,,-42.5,,,,,20.700001,-11.0,,13.9,,0.0,,-2.9,9.700001,-3.2,6.5,0.0,,,6.500001,1.3,7.8,-0.7,,7.1,7.1,,482.4,0.015,0.015,0.015,518.400032,0.014375,0.014375,0.014375,
03/29/1998,549.700012,,-495.600006,,54.100006,,-28.700001,,,,,25.4,-19.3,,12.7,,0.0,,6.6,6.1,-3.2,2.9,3.3,,,-0.4,2.6,2.2,-0.7,,1.5,1.5,,483.247986,0.003125,0.01,0.0175,516.255981,0.003125,0.009375,0.016875,
06/29/1998,645.599976,,-571.5,,74.099976,,-27.299999,,,,,46.799999,-16.800001,,13.4,,0.0,,3.400001,29.999998,-12.4,17.799999,0.0,,,17.599998,1.4,19.0,-0.7,,18.3,18.3,,485.152016,0.038125,0.038125,0.0425,519.568,0.03625,0.03625,0.040625,
09/27/1998,859.200012,,-757.299988,,101.900024,,-39.599998,,,,,62.299999,-26.1,,22.4,,0.0,,3.7,36.2,-12.1,24.1,12.1,,,11.999999,1.1,13.1,-0.7,,12.4,12.4,,488.079987,0.025625,0.050625,0.050625,522.640015,0.02375,0.046875,0.0525,
12/31/1998,841.900024,,-762.799988,,79.100037,,-34.099998,,,,,45.0,-89.000002,,30.1,,0.0,,58.900002,-44.000002,18.799999,-25.200001,0.0,,,-25.200003,7.3,-17.9,-0.7,,-18.6,-18.6,,488.175995,-0.038125,-0.038125,0.028125,523.791992,-0.038125,-0.038125,0.028125,
04/04/1999,848.7,,-761.8,,86.9,,-34.1,,,,,52.8,-27.9,28.2,28.2,,0.0,,-0.3,24.9,-9.7,15.2,0.0,,,15.2,0.5,15.7,-0.7,0.0,15.0,15.0,,483.84,0.03125,0.03125,0.03125,520.176,0.029375,0.029375,0.029375,
07/04/1999,1011.3,,-889.9,,121.4,,-40.4,,,,,81.0,-28.0,27.3,27.3,,0.0,,0.7,53.0,-20.0,33.0,0.0,,,33.0,-1.0,32.0,-0.7,0.0,31.3,31.3,,485.216,0.064375,0.064375,0.064375,524.8,0.06,0.06,0.06,
10/03/1999,1026.5,,-900.2,,126.3,,-39.9,,,,,86.4,-25.9,26.5,26.5,,0.0,,-0.6,60.5,-22.7,37.8,0.0,,,37.8,-0.8,37.0,-0.6,0.0,36.4,36.4,,482.896,0.075625,0.075625,0.075625,519.328,0.070625,0.070625,0.070625,
12/31/1999,820.7,,-722.0,,98.7,,-40.1,,,,,58.6,-26.0,25.6,25.6,,0.0,,0.4,32.6,-12.5,20.1,0.0,,,20.1,-0.6,19.5,-0.7,0.0,18.8,18.8,,478.832,0.039375,0.039375,0.039375,512.752,0.036875,0.036875,0.036875,
04/02/2000,817.6,,-680.9,,136.7,0.0,-77.6,33.5,,,44.1,59.1,-25.1,,23.4,,,,0.0,34.0,-13.8,20.2,0.0,,,20.2,-0.2,20.0,-0.6,0.0,19.4,19.4,,475.312,0.040625,0.040625,0.040625,507.52,0.03875,0.03875,0.03875,
07/02/2000,961.2,,-801.6,,159.6,0.0,-158.5,32.5,,,126.0,1.1,-25.5,,23.8,,,,0.0,-24.4,6.4,-18.0,,,,-18.0,2.6,-15.4,-0.7,0.0,-16.1,-16.1,,471.104,-0.034375,-0.034375,-0.034375,502.672,-0.034375,-0.034375,-0.034375,
10/01/2000,996.0,,-872.7,,123.3,,-36.3,,,,,87.0,-17.9,24.4,24.4,,0.0,,-6.5,69.1,-24.3,44.8,0.0,,,44.8,-0.3,44.5,-0.6,0.0,43.9,43.9,,462.624,0.095,0.095,0.085625,494.176,0.08875,0.08875,0.080625,
12/31/2000,827.7,,-731.0,,96.7,,-41.8,,,,,54.9,-23.6,23.6,23.6,,0.0,,0.0,31.3,-11.1,20.2,0.0,,,20.2,-1.1,19.1,-0.7,0.0,18.4,18.4,,449.28,0.040625,0.040625,0.040625,480.448,0.03875,0.03875,0.03875,
04/01/2001,850.0,,-760.7,,89.3,,-37.3,,,,,52.0,-23.8,24.3,24.3,,0.0,,-0.5,28.2,-9.7,18.5,0.0,,,18.5,0.0,18.5,-0.6,0.0,17.9,17.9,,437.264,0.040625,0.040625,0.040625,469.728,0.038125,0.038125,0.038125,
07/01/2001,992.6,,-890.1,,102.5,,-30.6,,,,,71.9,-275.8,22.6,22.6,,0.0,,253.2,-203.9,40.6,-163.3,0.0,,,-163.3,1.2,-162.1,-0.6,0.0,-162.7,-162.7,,439.936,-0.37,-0.37,0.0725,472.512,-0.37,-0.37,0.068125,
09/30/2001,1000.5,,-890.6,,109.9,,-32.4,,,,,77.5,-21.1,21.6,21.6,,0.0,,-0.5,56.4,-19.6,36.8,0.0,,,36.8,-0.5,36.3,-0.6,0.0,35.7,35.7,,439.36,0.08125,0.08125,0.08125,472.24,0.07625,0.07625,0.07625,
12/31/2001,843.0,,-753.3,,89.7,,-45.3,,,,,44.4,-34.8,19.8,19.8,,0.0,,15.0,9.6,-1.6,8.0,0.0,,,8.0,0.1,8.1,-0.2,0.0,7.9,7.9,,439.568,0.017972,0.017972,,469.024,0.016844,0.016844,,
03/31/2002,875.9,,-781.4,,94.5,,-37.3,,,,,57.2,-15.6,17.4,17.4,,0.0,,-1.8,41.6,-13.9,27.7,0.0,,,27.7,-0.2,27.5,0.0,0.0,27.5,27.5,,452.416,0.06125,0.06125,0.06125,461.96,0.06,0.06,0.06,
06/30/2002,1034.2,,-900.0,,134.2,,-40.3,,,,,93.9,-17.1,18.9,18.9,,0.0,,-1.8,76.8,-26.3,50.5,0.0,,,50.5,-0.6,49.9,0.0,0.0,49.9,49.9,,450.416,0.11125,0.11125,0.11125,460.608,0.10875,0.10875,0.10875,
09/29/2002,1038.6,,-903.0,,135.6,,-42.2,,,,,93.4,-16.7,18.8,18.8,,0.0,,-2.1,76.7,-26.1,50.6,0.0,,,50.6,-0.6,50.0,0.0,0.0,50.0,50.0,,449.504,0.11125,0.11125,0.11125,459.24,0.10875,0.10875,0.10875,
12/31/2002,910.2,,-795.2,,115.0,,-50.8,,,,,64.2,-14.6,20.5,20.5,,0.0,,-5.9,49.6,-17.6,32.0,3.2,,,28.8,-0.1,28.7,0.0,0.0,28.7,28.7,,449.848,0.06375,0.07125,0.07125,459.584,0.0625,0.07,0.07,
03/30/2003,1070.9,,-935.9,,135.0,,-56.7,,,,,78.3,-30.8,32.0,32.0,,0.0,,-1.2,47.5,-15.7,31.8,0.0,,,31.8,-0.3,31.5,0.0,0.0,31.5,31.5,,449.304,0.07,0.07,0.0725,459.4,0.06875,0.06875,0.07,
06/29/2003,1353.3,,-1157.6,,195.7,,-57.5,,,,,138.2,-30.2,33.4,33.4,,0.0,,-3.2,108.0,-33.5,74.5,0.0,,,74.5,-0.2,74.3,0.0,0.0,74.3,74.3,,448.432,0.16625,0.16625,0.16625,458.448,0.1625,0.1625,0.1625,
09/28/2003,1359.3,,-1157.3,,202.0,,-62.2,,,,,139.8,-41.7,30.9,30.9,,0.0,,10.8,98.1,-29.1,69.0,0.0,,,69.0,-0.2,68.8,0.0,0.0,68.8,68.8,,445.312,0.155,0.155,0.17125,454.64,0.15125,0.15125,0.1675,
12/31/2003,1193.5,,-1044.0,,149.5,,-48.7,,,,,100.8,-23.4,29.6,29.6,,0.0,,-6.2,77.4,-21.8,55.6,0.0,,,55.6,-0.3,55.3,0.0,0.0,55.3,55.3,,445.104,0.12375,0.12375,0.12125,455.4,0.12125,0.12125,0.11875,
04/04/2004,1231.5,,-1012.5,,219.0,,-124.9,,,,,94.1,-25.5,28.3,28.3,,0.0,,-2.8,68.6,-21.5,47.1,0.0,,,47.1,-0.3,46.8,0.0,0.0,46.8,46.8,,445.392,0.105,0.105,0.105,456.24,0.1025,0.1025,0.1025,
07/04/2004,1467.2,,-1193.5,,273.7,,-119.9,,,,,153.8,-22.1,25.0,25.0,,0.0,,-2.9,131.7,-40.8,90.9,0.0,,,90.9,-0.2,90.7,0.0,0.0,90.7,90.7,,442.944,0.205,0.205,0.205,454.8,0.2,0.2,0.2,
10/03/2004,1478.7,,-1196.4,,282.3,,-119.7,,,,,162.6,-14.3,25.7,25.7,,0.0,,-11.4,148.3,-46.3,102.0,0.0,,,102.0,-0.3,101.7,0.0,0.0,101.7,101.7,,442.48,0.23,0.23,0.22,454.148,0.225,0.225,0.215,
12/31/2004,1262.8,,-977.3,,285.5,,-172.3,,,,,113.2,-26.0,,24.7,,0.0,,1.3,87.2,-30.6,56.6,0.0,,,56.6,-0.2,56.4,0.0,0.0,56.4,56.4,,442.64,0.1275,0.1275,0.115,454.84,0.125,0.125,0.1125,
04/03/2005,1324.1,,-1096.8,,227.3,,-116.4,63.0,,,53.4,110.9,-22.3,,25.8,,0.0,,0.0,88.6,-29.8,58.8,0.0,,,58.8,-0.2,58.6,0.0,0.0,58.6,58.6,,446.512,0.13,0.13,0.13,456.144,0.1275,0.1275,0.1275,
07/03/2005,1552.0,,-1300.2,,251.8,,-111.5,58.5,,,53.0,140.3,-28.1,,24.3,,0.0,,8.8,112.2,-32.9,79.3,0.0,,,79.3,-0.3,79.0,0.0,0.0,79.0,79.0,,438.104,0.18,0.18,0.1925,445.932,0.1775,0.1775,0.19,
10/02/2005,1583.9,,-1329.5,,254.4,,-106.6,52.2,,,54.4,147.8,-41.7,,25.7,,0.0,,19.3,106.1,-26.6,79.5,0.0,,,79.5,-0.2,79.3,0.0,0.0,79.3,79.3,,426.784,0.185,0.185,0.215,434.32,0.1825,0.1825,0.2125,
12/31/2005,1291.2,,-1089.0,,202.2,,-112.8,,,,,89.4,-30.0,,22.6,0.0,0.0,,7.4,59.4,-11.9,47.5,0.0,,,47.5,-0.1,47.4,0.0,0.0,47.4,47.4,,412.184,0.115,0.115,0.1275,419.568,0.1125,0.1125,0.125,
04/02/2006,1364.9,,-1156.7,,208.2,,-124.9,70.3,,,54.6,83.3,-22.2,,23.3,,0.0,,2.1,61.1,-16.5,44.6,0.0,,,44.6,-0.2,44.4,0.0,0.0,44.4,44.4,,412.98,0.1075,0.1075,0.11,420.212,0.105,0.105,0.1075,
07/02/2006,1842.5,,-1554.8,,287.7,,-138.4,73.5,,,64.9,149.3,41.8,,37.6,,0.0,,-74.5,191.1,-61.1,130.0,0.0,,,130.0,-0.2,129.8,0.0,0.0,129.8,129.8,,414.62,0.3125,0.3125,0.2025,420.82,0.3075,0.3075,0.2,
10/01/2006,1822.3,,-1516.7,,305.6,,-131.0,66.5,,,64.5,174.6,-30.8,,37.2,,0.0,,-2.8,143.8,-36.6,107.2,0.0,,,107.2,-0.1,107.1,0.0,0.0,107.1,107.1,,413.168,0.26,0.26,0.255,419.604,0.255,0.255,0.25,
12/31/2006,1591.8,,-1312.2,,279.6,,-145.5,54.1,,,91.4,134.1,-68.5,,36.3,,0.0,,35.2,65.6,-17.4,48.2,0.0,,,48.2,0.1,48.3,0.0,0.0,48.3,48.3,,412.64,0.1175,0.1175,0.1675,419.256,0.115,0.115,0.1625,
04/01/2007,1694.2,,-1394.3,,299.9,,-147.2,82.2,,,65.0,152.7,-34.7,,37.9,,0.0,,0.0,118.0,-36.7,81.3,0.0,,,81.3,-0.1,81.2,0.0,0.0,81.2,81.2,,408.44,0.1975,0.1975,0.1975,415.26,0.195,0.195,0.195,
07/01/2007,2032.8,,-1682.6,,350.2,,-157.2,87.3,,,69.9,193.0,-34.7,,38.1,,0.0,,0.0,158.3,-52.3,106.0,0.0,,,106.0,-0.1,105.9,0.0,0.0,105.9,105.9,,406.168,0.26,0.26,0.26,412.66,0.2575,0.2575,0.2575,
09/30/2007,1992.1,,-1659.5,,332.6,,-156.1,84.3,,,71.8,176.5,-118.6,,36.2,,0.0,,85.6,57.9,3.1,61.0,0.0,,,61.0,-0.1,60.9,0.0,0.0,60.9,60.9,,405.688,0.15,0.15,0.2775,411.988,0.1475,0.1475,0.2725,
12/31/2007,1756.2,,-1490.1,,266.1,,-144.2,69.9,,,74.3,121.9,-78.7,,37.2,,0.0,,44.6,43.2,-9.8,33.4,0.0,,,33.4,-0.1,33.3,0.0,0.0,33.3,33.3,,398.752,0.0825,0.0825,0.15,404.876,0.0825,0.0825,0.15,
03/30/2008,1740.2,,-1437.7,,302.5,,-156.2,81.6,,,74.6,146.3,-25.2,,36.2,,0.0,,-7.1,121.1,-37.2,83.9,0.0,,,83.9,-0.1,83.8,0.0,0.0,83.8,83.8,,388.796,0.215,0.215,0.2025,394.356,0.2125,0.2125,0.2,
06/29/2008,2080.3,,-1738.5,,341.8,,-154.7,78.5,,,76.2,187.1,-41.6,,34.7,,0.0,,11.5,145.5,-45.4,100.1,0.0,,,100.1,-0.1,100.0,0.0,0.0,100.0,100.0,,387.644,0.2575,0.2575,0.2775,393.836,0.255,0.255,0.275,
09/28/2008,2008.2,,-1679.9,,328.3,,-141.4,67.5,,,73.9,186.9,-39.1,,33.1,,0.0,,9.1,147.8,-45.8,102.0,0.0,,,102.0,-0.1,101.9,0.0,0.0,101.9,101.9,,381.472,0.2675,0.2675,0.2875,386.416,0.2625,0.2625,0.2825,
12/31/2008,1732.8,,-1484.3,,248.5,,-133.3,60.6,,,72.7,115.2,-62.3,,33.7,,0.0,,31.5,52.9,-19.0,33.9,0.0,,,33.9,-0.1,33.8,0.0,0.0,33.8,33.8,,376.088,0.09,0.09,0.1425,380.076,0.09,0.09,0.1425,
03/29/2009,1585.6,1585.6,-1312.5,1312.5,273.1,0.0,-146.9,75.2,,66.7,5.0,126.2,-25.8,,25.8,,,-2.7,0.0,100.4,-28.1,69.6,0.0,0.0,0.0,69.6,-0.1,69.5,0.0,0.0,69.5,72.6,3.1,374.176,0.185,0.185,0.194026,378.692,0.1825,0.1825,0.190686,
06/28/2009,1926.2,1926.2,-1593.2,1593.2,333.0,0.0,-131.6,77.9,,69.4,-15.7,201.4,-24.7,,24.7,,,5.2,0.0,176.7,-48.4,133.5,0.0,0.0,0.0,133.5,-0.2,133.3,,0.0,133.3,122.88,-10.42,375.052,0.355,0.355,0.327634,379.924,0.35,0.35,0.322574,
09/27/2009,1812.3,1812.3,-1471.6,1471.6,340.7,0.0,-153.2,83.2,,59.9,10.1,187.5,-28.9,,28.9,,,5.5,0.0,158.6,-55.1,109.0,5.2,5.2,0.0,103.8,-0.1,103.7,0.0,0.0,103.7,123.2,14.3,375.904,0.275,0.29,0.327743,381.404,0.2725,0.285,0.322493,
12/31/2009,1727.6,1727.6,-1435.9,1435.9,291.7,0.0,-151.8,83.9,,68.8,-0.9,139.9,-37.8,,37.8,,,5.8,0.0,102.1,-28.1,79.8,-1.7,-1.7,0.0,81.5,-0.1,81.4,0.0,0.0,81.4,86.2,6.5,375.404,0.2175,0.2125,0.229619,381.14,0.2125,0.2075,0.224554,
03/28/2010,1592.3,1592.3,-1318.2,1318.2,274.1,0.0,-141.5,79.3,,62.7,-0.5,132.6,-33.9,,33.9,,,4.7,0.0,98.7,-20.9,82.5,3.1,3.1,0.0,79.4,-0.1,79.3,0.0,0.0,79.3,82.1,-0.3,372.212,0.21,0.22,0.220573,377.752,0.21,0.22,0.219206,
06/27/2010,2007.5,2007.5,-1643.1,1643.1,364.4,0.0,-142.3,77.6,,62.4,2.3,222.1,-44.7,,36.6,,,28.0,8.1,177.4,-60.8,144.6,75.6,75.6,0.0,69.0,0.0,69.0,0.0,0.0,69.0,193.515,48.915,368.4,0.1875,0.3925,0.525285,373.836,0.185,0.3875,0.518346,
09/26/2010,2035.0,2035.0,-1653.4,1653.4,381.6,0.0,-148.5,93.0,,67.1,-11.6,233.1,-36.2,,36.2,,,85.8,0.0,196.9,-60.5,222.2,-5.3,-5.3,0.0,227.5,0.0,227.5,0.0,0.0,227.5,121.265,-100.935,358.528,0.635,0.62,0.33823,364.316,0.625,0.61,0.332946,
12/31/2010,1995.2,1995.2,-1639.4,1639.4,355.8,0.0,-179.0,106.9,,73.3,-1.2,176.8,-43.4,,42.7,,,-0.5,0.7,133.4,-33.6,99.3,1.5,1.5,0.0,97.8,-5.6,92.2,0.0,0.0,92.2,93.765,0.065,348.036,0.265,0.27,0.269412,354.72,0.26,0.265,0.265183,
04/03/2011,2011.2,2011.2,-1630.7,1630.7,380.5,0.0,-186.5,99.4,,73.6,13.5,194.0,-46.5,,46.5,,,,0.0,147.5,-48.0,99.5,1.3,1.3,0.0,98.2,-6.9,91.3,,0.0,91.3,101.385,8.785,338.378,0.27,0.275,0.299621,345.842,0.265,0.27,0.295402,
07/03/2011,2309.7,2309.7,-1885.5,1885.5,424.2,0.0,-170.1,93.1,,74.1,2.9,254.1,-45.2,,45.2,,,1.1,0.0,208.9,-64.6,145.4,0.3,0.3,0.0,145.1,-2.0,143.1,0.0,0.0,143.1,145.285,1.885,334.394,0.43,0.43,0.434472,341.368,0.42,0.42,0.425522,
10/02/2011,2258.3,2258.3,-1862.2,1862.2,396.1,0.0,-167.5,89.7,,74.5,3.3,228.6,-43.0,,43.0,,,0.8,0.0,185.6,-47.6,138.8,1.3,1.3,0.0,137.5,-5.4,132.1,0.0,0.0,132.1,135.805,2.405,327.796,0.405,0.41,0.414297,334.726,0.395,0.4,0.407185,
12/31/2011,2051.7,2051.7,-1702.8,1702.8,348.9,0.0,-188.7,99.2,,78.9,10.6,160.2,-42.4,,42.4,,,8.2,0.0,117.8,-41.1,84.9,-0.6,-0.6,0.0,85.5,-8.0,77.5,0.0,0.0,77.5,86.61,9.71,321.362,0.24,0.24,0.269509,327.818,0.235,0.235,0.26462,
04/01/2012,2042.7,2042.7,-1687.7,1687.7,355.0,0.0,-173.0,99.6,,69.0,4.4,182.0,-60.4,,45.3,,,-0.2,15.1,121.6,-28.0,93.4,0.3,0.3,0.0,93.1,-4.8,88.3,0.0,0.0,88.3,91.46,2.86,315.06,0.28,0.28,0.290294,321.89,0.275,0.275,0.283885,
07/01/2012,2296.3,2296.3,-1890.8,1890.8,405.5,0.0,-167.9,98.6,,66.5,2.8,237.6,-44.7,,44.7,,,,0.0,192.9,-50.0,142.9,0.4,0.4,0.0,142.5,-3.0,139.5,0.0,0.0,139.5,141.72,1.82,311.052,0.45,0.45,0.455615,317.962,0.44,0.44,0.445724,
09/30/2012,2282.5,2282.5,-1866.1,1866.1,416.4,0.0,-197.8,86.3,,74.7,36.8,218.6,-44.2,,44.2,,,-0.8,0.0,174.4,-51.7,121.9,2.2,2.2,0.0,119.7,-4.6,115.1,0.0,0.0,115.1,141.22,23.92,307.208,0.375,0.38,0.459688,314.216,0.365,0.37,0.446126,
12/31/2012,2114.2,2114.2,-1729.4,1729.4,384.8,0.0,-232.5,101.0,,72.7,58.8,152.3,-45.6,,45.6,,,-0.3,0.0,106.7,-35.3,71.1,-0.1,-0.1,0.0,71.2,-10.6,60.6,0.0,0.0,60.6,98.72,38.22,303.862,0.2,0.2,0.324885,310.984,0.195,0.195,0.3179,
03/31/2013,1991.0,1991.0,-1643.5,1643.5,347.5,0.0,-204.5,109.3,,72.5,22.7,143.0,-44.8,,44.8,,0.0,-0.8,0.0,98.2,-18.1,79.3,-0.1,-0.1,0.0,79.4,-7.4,72.0,0.0,0.0,72.0,85.5,13.6,297.952,0.24,0.24,0.286959,304.632,0.235,0.235,0.279644,
06/30/2013,2202.4,2202.4,-1798.9,1798.9,403.5,0.0,-200.0,102.9,,74.5,22.6,203.5,-74.4,,47.7,,0.0,0.8,26.7,129.1,-30.8,99.1,0.0,0.0,0.0,99.1,-4.0,95.1,0.0,0.0,95.1,128.755,33.655,294.176,0.325,0.325,0.43768,300.61,0.315,0.315,0.426955,
09/30/2013,2277.9,2277.9,-1846.9,1846.9,431.0,0.0,-219.4,99.0,,76.6,43.8,211.6,-46.8,,45.5,,0.0,0.9,1.3,164.8,-44.1,121.6,-0.3,-0.3,0.0,121.9,-6.7,115.2,0.0,0.0,115.2,147.2,32.3,289.428,0.4,0.4,0.50859,295.79,0.39,0.39,0.499199,
12/31/2013,1996.8,1996.8,-1586.1,1586.1,410.7,0.0,-173.4,107.4,,76.3,-10.3,237.3,-45.8,,45.8,,0.0,-0.3,0.0,191.5,-56.6,134.6,0.0,0.0,0.0,134.6,-10.1,124.5,0.0,0.0,124.5,126.8,2.3,286.144,0.435,0.435,0.443134,293.27,0.425,0.425,0.432843,
03/31/2014,2006.8,2006.8,-1612.9,1612.9,393.9,0.0,-176.5,107.7,,68.8,0.0,217.4,-73.3,,40.2,,,0.4,33.1,144.1,-39.6,104.9,0.0,0.0,0.0,104.9,-11.4,93.5,0.0,0.0,93.5,93.5,0.0,280.81,0.335,0.335,0.335,288.116,0.325,0.325,0.325,
06/30/2014,2291.9,2291.9,-1846.4,1846.4,445.5,0.0,-189.6,111.4,,69.6,8.6,255.9,-40.6,,40.6,,,1.2,0.0,215.3,-60.2,156.3,0.0,0.0,0.0,156.3,-3.2,153.1,0.0,0.0,153.1,160.8,7.7,278.024,0.55,0.55,0.578368,285.72,0.535,0.535,0.561949,
09/30/2014,2238.9,2238.9,-1807.3,1807.3,431.6,0.0,-203.6,123.1,,71.3,9.2,228.0,-40.1,,40.1,,,0.3,0.0,187.9,-39.8,148.4,0.0,0.0,0.0,148.4,-1.0,147.4,0.0,0.0,147.4,153.38,5.98,276.02,0.535,0.535,0.555685,284.18,0.52,0.52,0.541043,
12/31/2014,2032.4,2032.4,-1636.9,1636.9,395.5,0.0,-258.2,124.3,,71.2,62.7,137.3,-39.0,,39.0,,0.0,0.4,0.0,98.3,-10.3,88.4,0.0,0.0,0.0,88.4,-12.4,76.0,0.0,0.0,76.0,118.0,42.0,273.306,0.28,0.28,0.43175,281.492,0.27,0.27,0.419205,
03/31/2015,1923.1,1923.1,-1560.9,1560.9,362.2,0.0,-236.3,116.0,,68.3,52.0,125.9,-98.4,,38.5,,,0.5,59.9,27.5,-0.5,27.5,0.0,0.0,0.0,27.5,-6.8,20.7,0.0,0.0,20.7,94.74,74.04,274.172,0.075,0.075,0.34555,282.152,0.075,0.075,0.337411,
06/30/2015,2172.3,2172.3,-1775.1,1775.1,397.2,0.0,-123.4,117.7,,71.3,-65.6,273.8,-36.0,,31.0,,0.0,1.4,5.0,237.8,-78.4,160.8,0.0,0.0,0.0,160.8,-0.4,160.4,0.0,0.0,160.4,121.335,-39.065,275.602,0.58,0.58,0.440254,283.08,0.565,0.565,0.427,
09/30/2015,2097.0,2097.0,-1690.0,1690.0,407.0,0.0,-331.0,107.0,,72.0,152.0,76.0,-59.0,,38.0,,0.0,2.0,21.0,17.0,31.0,50.0,0.0,0.0,0.0,50.0,-5.0,45.0,0.0,0.0,45.0,162.75,117.75,274.674,0.16,0.16,0.592521,281.716,0.16,0.16,0.577974,
12/31/2015,1805.0,1805.0,-1434.0,1434.0,371.0,0.0,-241.0,111.0,0.0,74.0,56.0,130.0,-67.0,,36.0,,0.0,1.0,31.0,63.0,1.0,65.0,0.0,0.0,0.0,65.0,-10.0,55.0,0.0,0.0,55.0,117.601677,62.601677,273.952,0.2,0.2,0.429279,281.05,0.2,0.2,0.422742,
03/31/2016,1756.0,1756.0,-1416.0,1416.0,340.0,0.0,-450.0,108.0,,75.0,267.0,-110.0,-99.0,,38.0,,0.0,-1.0,61.0,-209.0,83.0,-127.0,0.0,0.0,0.0,-127.0,0.0,-127.0,0.0,0.0,-127.0,65.4,192.4,283.586,-0.45,-0.45,0.230618,283.586,-0.45,-0.45,0.228454,
06/30/2016,2030.0,2030.0,-1596.0,1596.0,434.0,0.0,-155.0,105.0,,78.0,-28.0,279.0,-87.0,,41.0,,0.0,1.0,46.0,192.0,114.0,307.0,0.0,0.0,0.0,307.0,0.0,307.0,0.0,0.0,307.0,314.8,7.8,284.076,1.08,1.08,1.108154,290.454,1.06,1.06,1.086855,
09/30/2016,2752.0,2752.0,-2275.0,2275.0,477.0,0.0,-345.0,135.0,,147.0,63.0,132.0,-82.0,,80.0,,0.0,7.0,2.0,50.0,-23.0,34.0,0.0,0.0,0.0,34.0,-3.0,31.0,0.0,0.0,31.0,192.9,161.9,349.128,0.09,0.09,0.55252,355.404,0.09,0.09,0.545538,
12/31/2016,2516.0,2516.0,-2000.0,2000.0,516.0,0.0,-358.0,164.0,,154.0,40.0,158.0,-71.0,,70.0,,0.0,9.0,1.0,87.0,-82.0,14.0,0.0,0.0,0.0,14.0,0.0,14.0,0.0,0.0,14.0,110.326733,96.326733,349.424,0.04,0.04,0.315739,355.54,0.04,0.04,0.310931,
03/31/2017,2473.0,2473.0,-1975.0,1975.0,498.0,0.0,-346.0,143.0,,148.0,55.0,152.0,-68.0,,68.0,,,8.0,0.0,84.0,-22.0,70.0,0.0,0.0,0.0,70.0,-2.0,68.0,0.0,0.0,68.0,110.988506,42.988506,350.048,0.195,0.195,0.317066,357.934,0.19,0.19,0.310102,
06/30/2017,2855.0,2855.0,-2270.0,2270.0,585.0,0.0,-398.0,128.0,,229.0,41.0,187.0,-75.0,,74.0,,,10.0,1.0,112.0,-22.0,100.0,0.0,0.0,0.0,100.0,-1.0,99.0,0.0,0.0,99.0,123.483871,24.483871,351.066,0.28,0.28,0.35174,358.979,0.28,0.28,0.348204,
09/30/2017,2908.0,2908.0,-2338.0,2338.0,570.0,0.0,-446.0,127.0,,162.0,157.0,124.0,-74.0,,74.0,,,5.0,0.0,50.0,-4.0,51.0,0.0,0.0,0.0,51.0,-3.0,48.0,0.0,0.0,48.0,164.296337,116.296337,350.327,0.14,0.14,0.46898,358.556,0.13,0.13,0.454346,
12/31/2017,2747.0,2747.0,-2134.0,2134.0,613.0,0.0,-274.0,116.0,,190.0,-32.0,339.0,-71.0,69.0,69.0,0.0,,8.0,2.0,268.0,-117.0,159.0,0.0,0.0,0.0,159.0,0.0,159.0,0.0,0.0,159.0,-67.1,-226.1,349.639,0.45,0.45,-0.191912,356.384,0.45,0.45,-0.191912,
03/31/2018,2785.0,2785.0,-2237.0,2237.0,548.0,0.0,-322.0,112.0,,180.0,30.0,226.0,-74.0,,73.0,,,7.0,1.0,152.0,-34.0,125.0,0.0,0.0,0.0,125.0,0.0,125.0,0.0,0.0,125.0,147.733333,22.733333,350.215,0.36,0.36,0.421836,357.552,0.35,0.35,0.41358,
06/30/2018,3101.0,3101.0,-2484.0,2484.0,617.0,0.0,-374.0,127.0,,178.0,69.0,243.0,-77.0,,77.0,,,0.0,0.0,166.0,-46.0,120.0,0.0,0.0,0.0,120.0,-1.0,119.0,0.0,0.0,119.0,168.376147,49.376147,348.221,0.34,0.34,0.483532,354.904,0.34,0.34,0.479125,
09/30/2018,2946.0,2946.0,-2362.0,2362.0,584.0,0.0,-316.0,113.0,,171.0,32.0,268.0,-76.0,,76.0,,,7.0,0.0,192.0,-140.0,59.0,0.0,0.0,0.0,59.0,0.0,59.0,0.0,0.0,59.0,72.84,13.84,342.982,0.17,0.17,0.212373,349.709,0.17,0.17,0.209576,
12/31/2018,2803.0,2803.0,-2246.0,2246.0,557.0,0.0,-359.0,126.0,,173.0,60.0,198.0,-75.0,75.0,75.0,0.0,,-9.0,0.0,123.0,35.0,149.0,0.0,0.0,0.0,149.0,2.0,151.0,0.0,0.0,151.0,154.0,3.0,337.922,0.45,0.45,0.455726,346.274,0.44,0.44,0.448664,
03/31/2019,2785.0,2785.0,-2253.0,2253.0,532.0,0.0,-311.0,127.0,,170.0,14.0,221.0,-81.0,,77.0,,,-13.0,-8.0,140.0,-10.0,117.0,0.0,0.0,0.0,117.0,0.0,117.0,0.0,0.0,117.0,128.793103,11.793103,334.239,0.35,0.35,0.385332,342.676,0.34,0.34,0.374415,
06/30/2019,3017.0,3017.0,-2428.0,2428.0,589.0,0.0,-282.0,111.0,,171.0,0.0,307.0,-81.0,,81.0,,,2.0,0.0,226.0,-31.0,197.0,0.0,0.0,0.0,197.0,0.0,197.0,0.0,0.0,197.0,187.0,-10.0,332.825,0.59,0.59,0.561857,341.637,0.58,0.58,0.550729,
09/30/2019,2953.0,2953.0,-2363.0,2363.0,590.0,0.0,-392.0,90.0,,169.0,133.0,198.0,-79.0,,79.0,,,5.0,0.0,119.0,-32.0,92.0,0.0,0.0,0.0,92.0,0.0,92.0,0.0,0.0,92.0,202.777778,110.777778,331.148,0.28,0.28,0.612348,340.632,0.27,0.27,0.595212,
12/31/2019,2719.0,2719.0,-2159.0,2159.0,560.0,0.0,-354.0,89.0,,168.0,97.0,206.0,-83.0,80.0,80.0,0.0,,5.0,3.0,123.0,2.0,130.0,0.0,0.0,0.0,130.0,30.0,160.0,0.0,0.0,160.0,243.569343,83.569343,326.282,0.49,0.49,0.746499,334.86,0.48,0.48,0.729565,
03/31/2020,2785.0,2785.0,-2215.0,2215.0,570.0,0.0,-415.0,131.0,,169.0,115.0,155.0,-111.0,71.0,71.0,0.0,,-25.0,10.0,44.0,4.0,23.0,0.0,0.0,0.0,23.0,0.0,23.0,0.0,0.0,23.0,151.833333,128.833333,325.346,0.07,0.07,0.466683,332.326,0.07,0.07,0.457672,
06/30/2020,2801.0,2801.0,-2230.0,2230.0,571.0,0.0,-393.0,111.0,,170.0,112.0,178.0,-67.0,67.0,67.0,0.0,,4.0,0.0,111.0,-23.0,92.0,0.0,0.0,0.0,92.0,2.0,94.0,0.0,0.0,94.0,179.0,85.0,325.994,0.29,0.29,0.54909,331.717,0.28,0.28,0.536243,
09/30/2020,3005.538,,,,618.2391666,,,,,,,366.429,,,,,,,,298.889,,255.3,,,,,,255.3,,,255.3,255.3,,,0.771,0.771,0.771,,0.771,0.771,0.771,
12/31/2020,2824.923,,,,589.5614301,,,,,,,346.286,,,,,,,,281.889,,242.9,,,,,,242.9,,,242.9,242.9,,,0.737,0.737,0.741,,0.737,0.737,0.741,
