Date,Revenue,Sales & Services Revenue,Other Revenue,Cost of Revenue,Cost of Goods & Services,Gross Profit,Other Operating Income,Operating Expenses,"Selling, General & Admin",Selling & Marketing,Research & Development,Other Operating Expense,Operating Income (Loss),Non-Operating (Income) Loss,"Interest Expense, Net",Interest Expense,Interest Income,Other Investment (Inc) Loss,Foreign Exch (Gain) Loss,(Income) Loss from Affiliates,Other Non-Op (Income) Loss,Pretax Income,Income Tax Expense (Benefit),Current Income Tax,Deferred Income Tax,Tax Allowance/Credit,Income (Loss) from Cont Ops,Net Extraordinary Losses (Gains),Discontinued Operations,XO & Accounting Changes,Income (Loss) Incl. MI,Minority Interest,"Net Income, GAAP",Preferred Dividends,Other Adjustments,"Net Income Avail to Common, GAAP","Net Income Avail to Common, Adj",Net Abnormal Losses (Gains),Basic Weighted Avg Shares,"Basic EPS, GAAP",Basic EPS from Cont Ops,"Basic EPS from Cont Ops, Adjusted",Diluted Weighted Avg Shares,"Diluted EPS, GAAP",Diluted EPS from Cont Ops,"Diluted EPS from Cont Ops, Adjusted",Source: Bloomberg
03/31/1990,2458.0,,,,,,,-1163.0,,,,,595,0.0,,,,,,,0.0,595.0,-186.0,,,,409.0,0.0,,,409.0,0.0,409.0,-0.026,,408.974,408.974,,2104.0,0.195,0.195,0.195,2104.0,0.195,0.195,0.195,
06/30/1990,2484.0,,,-696.0,,1788.0,,-1182.0,,,,,606,0.0,,,,,,,0.0,606.0,-189.0,,,,417.0,0.0,,,417.0,0.0,417.0,-0.026,,416.974,416.974,,2111.260742,0.1975,0.1975,,2111.260742,0.1975,0.1975,0.1975,
09/30/1990,2622.0,,,-720.0,,1902.0,,-1186.0,,,,,716,0.0,,,,,,,0.0,716.0,-220.0,,,,496.0,0.0,,,496.0,0.0,496.0,-0.026,,495.974,495.974,,2110.528076,0.235,0.235,0.235,2110.528076,0.235,0.235,0.235,
12/31/1990,2736.0,,,-758.0,,1978.0,,-1506.0,,,,,472,135.0,,,,,,,-135.0,607.0,-181.0,,,,426.0,0.0,,,426.0,0.0,426.0,-0.026,,425.974,425.974,,2098.960448,0.205,0.205,0.205,2098.960448,0.205,0.205,0.205,
03/31/1991,2735.0,,,-743.0,,1992.0,,-1288.0,,,,,704,0.0,,,,,,,0.0,704.0,-211.0,,,,493.0,0.0,,,493.0,0.0,493.0,-0.017,,492.983,492.983,,2088.0,0.235,0.235,0.235,2088.0,0.235,0.235,0.235,
06/30/1991,2730.0,,,-710.0,,2020.0,,-1325.0,,,,,695,0.0,,,,,,,0.0,695.0,-205.0,,,,490.0,0.0,,,490.0,0.0,490.0,-0.017,,489.983,489.983,,2085.033936,0.235,0.235,,2085.033936,0.235,0.235,0.235,
09/30/1991,2757.0,,,-713.0,,2044.0,,-1260.0,,,,,784,0.0,,,,,,,0.0,784.0,-221.0,,,,563.0,0.0,,,563.0,0.0,563.0,-0.017,,562.983,562.983,,2085.122314,0.27,0.27,,2085.122314,0.27,0.27,0.27,
12/31/1991,2349.0,,,-551.0,,1798.0,,-1319.0,,,,,479,221.0,,,,,,,-221.0,700.0,-156.0,,,,445.0,-65.0,,,609.0,,510.0,-0.01775,,509.98225,509.98225,,2081.655272,0.245,0.2375,0.2375,2081.655272,0.245,0.2375,0.2375,
04/01/1992,2641.0,,,-658.0,,1983.0,,-1254.0,,,,,729,,,,,,,,,,-195.0,,,,534.0,232.0,,,,,302.0,,,302.0,302.0,,2076.0,0.1475,0.2575,,2076.0,0.1475,0.2575,0.2575,
06/30/1992,2743.0,,,-699.0,,2044.0,,-1395.0,,,,,649,0.0,,,,,,,0.0,649.0,-174.0,,,,475.0,-13.0,,,488.0,0.0,488.0,,,488.0,488.0,,2076.595947,0.235,0.23,,2076.595947,0.235,0.23,0.23,
09/30/1992,2948.0,,,-768.0,,2180.0,,-1399.0,,,,,781,0.0,,,,,,,0.0,781.0,-209.0,,,,572.0,-17.0,,,589.0,0.0,589.0,,,589.0,589.0,,2066.666748,0.285,0.275,,2066.666748,0.285,0.275,0.275,
12/31/1992,2824.0,,,-732.0,,2092.0,,-2291.0,,,,,-199,27.0,,,,,63.0,,-90.0,-172.0,129.0,,,,-43.0,-626.0,,,583.0,0.0,583.0,-0.058,,582.942,582.942,,2071.04004,0.2825,-0.02,-0.02,2071.04004,0.2825,-0.02,-0.02,
03/31/1993,2755.0,,,-741.0,,2014.0,,-1236.0,,,,,778,0.0,,,,,,,0.0,778.0,-203.0,,,,575.0,0.0,,,575.0,0.0,575.0,,,575.0,575.0,,2072.0,0.2775,0.2775,,2072.0,0.2775,0.2775,0.2775,
06/30/1993,2802.0,,,-717.0,,2085.0,,-1381.0,,,,,704,0.0,,,,,,,0.0,704.0,-183.0,,,,521.0,0.0,,,521.0,0.0,521.0,,,521.0,521.0,,2065.600098,0.2525,0.2525,,2065.600098,0.2525,0.2525,0.2525,
09/30/1993,2862.0,,,-763.0,,2099.0,,-1276.0,,,,,823,0.0,,,,,,,0.0,823.0,-215.0,,,,608.0,0.0,,,608.0,0.0,608.0,,,608.0,608.0,,2065.6521,0.295,0.295,,2065.6521,0.295,0.295,0.295,
12/31/1993,2994.0,,,-808.0,,2186.0,,-1588.0,,,,,598,-332.0,,,,,-21.0,,353.0,266.0,-11.0,,,,255.0,0.0,,,255.0,0.0,255.0,0.0,,255.0,255.0,,2048.684084,0.125,0.125,0.125,2048.684084,0.125,0.125,0.125,
03/31/1994,2834.0,,,-745.0,,2089.0,,-1261.0,,,,,828,0.0,,,,,,,0.0,828.0,-247.0,,,,581.0,0.0,,,581.0,0.0,581.0,0.0,,581.0,581.0,,2043.73999,0.285,0.285,,2043.73999,0.285,0.285,0.285,
06/30/1994,2970.0,,,-742.0,,2228.0,,-1456.0,,,,,772,0.0,,,,,,,0.0,772.0,-230.0,,,,542.0,0.0,,,542.0,0.0,542.0,0.0,,542.0,542.0,,2026.196045,0.2675,0.2675,,2026.196045,0.2675,0.2675,0.2675,
09/30/1994,2932.0,,,-760.0,,2172.0,,-1298.0,,,,,874,0.0,,,,,,,0.0,874.0,-253.0,,,,621.0,0.0,,,621.0,0.0,621.0,0.0,,621.0,621.0,,2035.160034,0.305,0.305,0.305,2035.160034,0.305,0.305,0.305,
12/31/1994,3248.0,,,-875.0,,2373.0,,-1626.0,,,,,747,-598.0,,,,,44.0,,554.0,149.0,17.0,,,,98.0,0.0,,,166.0,0.0,98.0,0.0,,98.0,98.0,,2034.463988,0.0475,0.0475,0.0475,2034.463988,0.0475,0.0475,0.0475,
03/31/1995,3301.0,,,-877.0,,2424.0,,-1492.0,,,,,932,0.0,,,,,,,0.0,932.0,-275.0,,,,657.0,0.0,,,657.0,0.0,657.0,0.0,,657.0,657.0,,2028.0,0.3225,0.3225,0.3225,2028.0,0.3225,0.3225,0.3225,
06/30/1995,3445.0,,,-909.0,,2536.0,,-1674.0,,,,,862,0.0,,,,,,,0.0,862.0,-254.0,,,,608.0,0.0,,,608.0,0.0,608.0,0.0,,608.0,608.0,,2028.0,0.3,0.3,0.3,2028.0,0.3,0.3,0.3,
09/30/1995,3413.0,,,-930.0,,2483.0,,-1525.0,,,,,958,0.0,,,,,,,0.0,958.0,-269.0,,,,689.0,0.0,,,689.0,0.0,689.0,0.0,,689.0,689.0,,2024.0,0.34,0.34,0.34,2024.0,0.34,0.34,0.34,
12/31/1995,3608.0,,,-921.0,,2687.0,,-1824.0,,,,,863,-1116.0,,,,,,,1116.0,-253.0,208.0,,,,-142.0,0.0,,,-45.0,0.0,-142.0,0.0,,-142.0,-142.0,,2020.0,-0.07,-0.07,0.32,2020.0,-0.07,-0.07,0.32,
03/31/1996,3669.0,,,-935.0,,2734.0,,-1712.0,,,,,1022,0.0,,,,,,,0.0,1022.0,-296.0,,,,726.0,0.0,,,726.0,0.0,726.0,0.0,,726.0,726.0,,2016.0,0.36,0.36,0.36,2044.0,0.355,0.355,0.355,
06/30/1996,3696.0,,,-962.0,,2734.0,,-1811.0,,,,,923,0.0,,,,,,,0.0,923.0,-268.0,,,,655.0,0.0,,,655.0,0.0,655.0,0.0,,655.0,655.0,,2004.0,0.32675,0.32675,0.32675,2040.0,0.32,0.32,0.32,
09/30/1996,3745.0,,,-1003.0,,2742.0,,-1682.0,,,,,1060,0.0,,,,,,,0.0,1060.0,-307.0,,,,753.0,0.0,,,753.0,0.0,753.0,0.0,,753.0,753.0,,2004.0,0.375,0.375,0.375,2040.0,0.37,0.37,0.37,
12/31/1996,3955.0,,,-1065.0,,2890.0,,-1942.0,,,,,948,60.0,,,,,,,-60.0,1008.0,-292.0,,,,716.0,0.0,,,716.0,0.0,716.0,0.0,,716.0,716.0,,2004.0,0.35725,0.35725,0.35725,2040.0,0.35,0.35,0.35,
03/31/1997,4045.0,,,-1078.0,,2967.0,,-1834.0,,,,,1133,0.0,,,,,,,0.0,1133.0,-323.0,,,,810.0,0.0,,,810.0,0.0,810.0,0.0,,810.0,810.0,,1998.0,0.405,0.405,0.405,2040.0,0.395,0.395,0.395,
06/30/1997,4064.0,,,-1097.0,,2967.0,,-1935.0,,,,,1032,0.0,,,,,,,0.0,1032.0,-294.0,,,,738.0,0.0,,,738.0,0.0,738.0,0.0,,738.0,738.0,,1992.0,0.37,0.37,0.37,2038.0,0.365,0.365,0.365,
09/30/1997,4151.0,,,-1110.0,,3041.0,,-1845.0,,,,,1196,0.0,,,,,,,0.0,1196.0,-341.0,,,,855.0,0.0,,,855.0,0.0,855.0,0.0,,855.0,855.0,,1990.0,0.43,0.43,0.43,2042.0,0.42,0.42,0.42,
12/31/1997,4441.0,,,-1179.0,,3262.0,,-2185.0,,,,,1077,44.0,,,,,,,-44.0,1121.0,-319.0,,,,802.0,0.0,,,802.0,0.0,802.0,0.0,,802.0,802.0,,1986.0,0.405,0.405,0.405,2044.0,0.39,0.39,0.39,
03/31/1998,4446.0,,,-1152.0,,3294.0,,-2002.0,,,,,1292,0.0,,,,,,,0.0,1292.0,-365.0,,,,927.0,0.0,,,927.0,0.0,927.0,0.0,,927.0,927.0,,1987.0,0.467,0.467,0.467,2035.0,0.4555,0.4555,0.4555,
06/30/1998,4430.0,,,-1206.0,,3224.0,,-2060.0,,,,,1164,0.0,,,,,,,0.0,1164.0,-329.0,,,,835.0,0.0,,,835.0,0.0,835.0,0.0,,835.0,835.0,,1987.0,0.42,0.42,0.42,2031.0,0.41,0.41,0.41,
09/30/1998,4523.0,,,-1191.0,,3332.0,,-1986.0,,,,,1346,0.0,,,,,,,0.0,1346.0,-380.0,,,,966.0,0.0,,,966.0,0.0,966.0,0.0,,966.0,966.0,,1988.0,0.485,0.485,0.485,2030.0,0.475,0.475,0.475,
12/31/1998,4885.0,,,-1307.0,,3578.0,,-2259.0,,,,,1319,-853.0,,,,,,,853.0,466.0,-53.0,,,,413.0,0.0,,,413.0,0.0,413.0,0.0,,413.0,413.0,,1986.0,0.21,0.21,0.455,2027.0,0.205,0.205,0.45,
03/31/1999,4044.0,,,-1061.0,,2983.0,,-1598.0,,,,,1385,0.0,,,,,,,0.0,1385.0,-410.0,,,,975.0,-91.0,,,1066.0,0.0,1066.0,0.0,,1066.0,1066.0,,1985.0,0.54,0.49,0.49,2029.0,0.53,0.48,0.48,
06/30/1999,4054.0,,,-1106.0,,2948.0,,-1717.0,,,,,1231,0.0,,,,,,,0.0,1231.0,-366.0,,,,865.0,-87.0,,,952.0,0.0,952.0,0.0,,952.0,952.0,,1984.0,0.48,0.44,0.44,2027.0,0.47,0.43,0.43,
09/30/1999,4190.0,,,-1155.0,,3035.0,0.0,-1693.0,,1262.0,,431.0,1342,,,,,,,,,1342.0,-354.0,,,,988.0,-109.0,,,1097.0,,1097.0,,0.0,1097.0,1097.0,,1984.0,0.55,0.5,0.5,2028.0,0.54,0.49,0.49,
12/31/1999,4590.0,,,-1220.0,,3370.0,,-1920.0,,,,,1450,-86.0,,,,,,,86.0,1364.0,-403.0,,,,961.0,-91.0,,,1052.0,0.0,1052.0,0.0,0.0,1052.0,1052.0,,1983.0,0.53,0.48,0.48,2025.0,0.52,0.47,0.47,
03/31/2000,4451.0,,,-1141.0,,3310.0,,-1724.0,,,,,1586,0.0,,,,,,,0.0,1586.0,-457.0,,,,1129.0,-92.0,,,1221.0,0.0,1221.0,0.0,0.0,1221.0,1221.0,,1976.0,0.62,0.57,0.56,2009.0,0.61,0.56,0.55,
06/30/2000,4418.0,,,-1130.0,,3288.0,,-1875.0,,,,,1413,0.0,,,,,,,0.0,1413.0,-408.0,,,,1005.0,-86.0,,,1091.0,0.0,1091.0,0.0,0.0,1091.0,1091.0,,1970.0,0.55,0.51,0.51,2002.0,0.54,0.5,0.5,
09/30/2000,4563.0,,,-1200.0,,3363.0,0.0,-1836.0,,1357.0,,479.0,1527,-386.0,,,,,,,386.0,1141.0,-248.0,,,,893.0,-343.0,,,1236.0,,1236.0,0.0,0.0,1236.0,1236.0,512.2,1963.0,0.63,0.454916,0.890927,1991.0,0.62,0.447725,0.707258,
12/31/2000,4784.0,,,-1288.0,,3496.0,,-2050.0,,,,,1446,0.0,,,,,,,0.0,1446.0,-377.0,,,,1069.0,-94.0,,,1163.0,0.0,1163.0,0.0,0.0,1163.0,1163.0,,1954.0,0.6,0.55,0.55,1987.0,0.59,0.54,0.54,
03/31/2001,4589.0,,,-1263.0,,3326.0,,-1750.0,,,,,1576,54.0,,26.0,-44.0,,10.0,,-46.0,1630.0,-386.0,,,,1244.0,-93.0,,,1337.0,-27.0,1310.0,0.0,0.0,1310.0,1310.0,,1948.0,0.67,0.62,0.61,1978.0,0.66,0.61,0.61,
06/30/2001,4286.0,,,-1266.0,,3020.0,,-1836.0,,,,,1184,82.0,,23.0,-32.0,,-3.0,,-70.0,1266.0,-307.0,,,,959.0,-99.0,,,1058.0,-5.0,1053.0,0.0,0.0,1053.0,1053.0,,1940.0,0.54,0.49,0.46,1964.0,0.54,0.49,0.46,
09/30/2001,4500.0,,,-1317.0,,3183.0,,-1694.0,,,,,1489,114.0,-3.0,26.0,-29.0,,-17.0,,-94.0,1603.0,-385.0,,,,1218.0,-14.0,,,1232.0,-45.0,1187.0,0.0,0.0,1187.0,1187.0,,1936.0,0.61,0.6,0.58,1960.0,0.61,0.6,0.58,
12/31/2001,4612.0,,,-1607.0,,3005.0,,-2096.0,,,,,909,-3190.0,,107.0,,,-17.0,,3100.0,-2281.0,1005.0,,,,-1276.0,-2585.0,,,1309.0,-25.0,1284.0,0.0,0.0,1284.0,1284.0,,1934.0,0.66,-0.67,0.47,1934.0,0.66,-0.67,0.47,
03/31/2002,4674.0,,,-1508.0,,3166.0,,-1657.0,,,,,1509,-237.0,,,,,,,237.0,1272.0,-334.0,,,,938.0,-14.0,,,952.0,-85.0,867.0,0.0,0.0,867.0,867.0,,1935.0,0.45,0.44,0.51,1952.0,0.44,0.43,0.5,
06/30/2002,4097.0,,,-1480.0,,2617.0,,-1832.0,,,,,785,-40.0,,,,,,,40.0,745.0,-206.0,,,,539.0,0.0,,,539.0,-62.0,477.0,0.0,0.0,477.0,477.0,,1937.0,0.25,0.25,0.25,1944.0,0.25,0.25,0.25,
09/30/2002,4537.0,,,-1654.0,,2883.0,,-1808.0,,,,,1075,-960.0,65.0,104.0,-39.0,,-7.0,,902.0,115.0,252.0,,,,367.0,-18.0,,,385.0,-28.0,357.0,0.0,0.0,357.0,357.0,,1936.0,0.19,0.18,0.53,1941.0,0.18,0.17,0.52,
12/31/2002,4811.0,,,-1876.0,,2935.0,,-2191.0,,,,,744,-167.0,59.0,60.0,-1.0,,,,108.0,577.0,-114.0,,,,523.0,-38.0,,,501.0,-96.0,465.0,0.0,0.0,465.0,465.0,,1927.0,0.24,0.22,0.25,1927.0,0.24,0.22,0.25,
03/31/2003,4728.0,,,-1709.0,,3019.0,,-1890.0,,,,,1129,34.0,61.0,81.0,-20.0,,,,-95.0,1163.0,-316.0,,,,847.0,0.0,,,847.0,-55.0,792.0,0.0,0.0,792.0,792.0,,1936.0,0.41,0.41,0.41,1940.0,0.41,0.41,0.41,
06/30/2003,5129.0,,,-1852.0,,3277.0,,-2025.0,,,,,1252,-5.0,66.0,78.0,-12.0,,0.0,,-61.0,1247.0,-262.0,,,,985.0,0.0,,,985.0,-83.0,902.0,0.0,0.0,902.0,902.0,,1937.0,0.47,0.47,0.47,1942.0,0.46,0.46,0.46,
09/30/2003,5372.0,,,-1929.0,,3443.0,,-2048.0,,,,,1395,-34.0,33.0,48.0,-15.0,,0.0,,1.0,1361.0,-345.0,,,,1016.0,0.0,,,1016.0,-110.0,906.0,0.0,0.0,906.0,906.0,,1937.0,0.47,0.47,0.47,1944.0,0.47,0.47,0.47,
12/31/2003,5665.0,,,-2102.0,,3563.0,,-2392.0,,,,,1171,-321.0,-52.0,73.0,-125.0,,,,373.0,850.0,-292.0,,,,631.0,0.0,,,558.0,-125.0,506.0,0.0,0.0,506.0,506.0,,1937.0,0.26,0.26,0.43,1973.0,0.26,0.26,0.43,
03/31/2004,5181.0,,,-1899.0,,3282.0,,-2133.0,,,,,1149,320.0,52.0,69.0,-17.0,,,,-372.0,1469.0,-398.0,,,,1071.0,0.0,,,1071.0,-107.0,964.0,0.0,0.0,964.0,964.0,,1939.0,0.5,0.5,0.35,1976.0,0.49,0.49,0.35,
06/30/2004,5430.0,,,-2095.0,,3335.0,,-2183.0,,,,,1152,-377.0,48.0,70.0,-22.0,,0.0,,329.0,775.0,-120.0,,,,655.0,0.0,,,655.0,-128.0,527.0,0.0,0.0,527.0,527.0,,1942.0,0.27,0.27,0.27,1976.0,0.27,0.27,0.27,
09/30/2004,5427.0,,,-2100.0,,3327.0,,-2149.0,,,,,1178,-27.0,52.0,80.0,-28.0,,0.0,,-25.0,1151.0,-241.0,,,,910.0,0.0,,,910.0,-152.0,758.0,0.0,0.0,758.0,758.0,,1942.0,0.39,0.39,0.39,1975.0,0.38,0.38,0.38,
12/31/2004,5157.0,,,-1635.0,,3522.0,,-2474.0,,,,,1048,-9.0,,91.0,-39.0,,-30.0,,-13.0,1039.0,-766.0,,,,273.0,0.0,,,273.0,-134.0,139.0,0.0,0.0,139.0,139.0,,1943.0,0.07,0.07,0.39,1976.0,0.07,0.07,0.39,
03/31/2005,4532.0,,,-1354.0,,3178.0,,-2118.0,,,,,1060,-132.0,52.0,97.0,-45.0,,12.0,,68.0,928.0,-268.0,,,,660.0,5.0,,,655.0,-122.0,533.0,,,533.0,533.0,132.0,1949.0,0.27,0.27,0.34,1981.0,0.27,0.27,0.34,
06/30/2005,4889.0,,,-1483.0,,3406.0,,-2282.0,,,,,1124,6.0,50.0,73.0,-23.0,,,,-56.0,1130.0,21.0,,,,1151.0,-13.0,,,1164.0,-160.0,1004.0,,,1004.0,1004.0,-58.0,1952.0,0.51,0.51,0.48,1984.0,0.5,0.5,0.47,
09/30/2005,4767.0,,,-1448.0,,3319.0,,-2304.0,,,,,1015,611.0,51.0,79.0,-28.0,,,,-662.0,1626.0,-507.0,,,,1119.0,,,,1119.0,-155.0,964.0,,,964.0,964.0,-362.0,1953.0,0.49,0.49,0.31,1984.0,0.49,0.49,0.31,
12/31/2005,5019.0,,,-1562.0,,3457.0,,-2553.0,,,,,904,-72.0,,100.0,-52.0,,11.0,,13.0,832.0,-178.0,,,,654.0,0.0,,,654.0,-155.0,499.0,0.0,0.0,499.0,499.0,,1953.0,0.26,0.26,0.31,1983.0,0.26,0.26,0.31,
03/31/2006,4676.0,,,-1430.0,,3246.0,,-2261.0,,,,,985,208.0,54.0,116.0,-62.0,,-12.0,,-250.0,1193.0,-328.0,,,,865.0,,,,865.0,-151.0,714.0,,,714.0,714.0,-77.0,1957.0,0.36,0.36,0.32,1988.0,0.36,0.36,0.32,
06/30/2006,4871.0,,,-1548.0,,3323.0,,-2272.0,,,,,1051,59.0,59.0,124.0,-65.0,,23.0,,-141.0,1110.0,-256.0,,,,854.0,0.0,,,854.0,-187.0,667.0,0.0,0.0,667.0,667.0,,1960.0,0.34,0.34,0.35,1994.0,0.34,0.34,0.35,
09/30/2006,4154.0,,,-1393.0,,2761.0,,-2214.0,,,,,547,70.0,56.0,130.0,-74.0,,-11.0,,-115.0,617.0,-193.0,,,,424.0,,,,424.0,-86.0,338.0,,,338.0,338.0,100.0,1961.0,0.17,0.17,0.22,1992.0,0.17,0.17,0.22,
12/31/2006,4057.0,,,-1395.0,,2662.0,,-2498.0,1311.0,418.0,,1187.0,164,-135.0,,128.0,-73.0,,0.0,,80.0,-285.0,-183.0,,,,-154.0,-36.0,,,-432.0,-16.0,-134.0,,,-134.0,-134.0,,1961.0,-0.07,-0.09,0.17,1961.0,-0.07,-0.09,0.17,
03/31/2007,4317.0,,,-1340.0,,2977.0,,-2192.0,,,,,785,67.0,56.0,109.0,-53.0,,8.0,,-131.0,852.0,-68.0,,,,784.0,-47.0,,,831.0,-141.0,690.0,0.0,0.0,690.0,690.0,,1962.0,0.35,0.33,0.36,1997.0,0.35,0.33,0.36,
06/30/2007,4471.0,,,-1408.0,,3063.0,,-2212.0,,,,,851,134.0,45.0,107.0,-62.0,,-5.0,,-174.0,985.0,-203.0,,,,782.0,-118.0,,,900.0,-194.0,706.0,,,706.0,706.0,20.0,1968.0,0.36,0.3,0.31,2006.0,0.36,0.3,0.31,
09/30/2007,4601.0,,,-1478.0,,3123.0,,-2245.0,,,,,878,378.0,40.0,109.0,-69.0,,21.0,,-439.0,1256.0,-292.0,,,,964.0,-105.0,,,1069.0,-211.0,858.0,,,858.0,858.0,-94.0,1974.0,0.43,0.38,0.33,2012.0,0.43,0.38,0.33,
12/31/2007,4804.0,,,-1642.0,,3162.0,,-2509.0,,1826.0,,683.0,653,-560.0,,97.0,-57.0,,-9.0,,529.0,261.0,-119.0,,,,-26.0,-154.0,,,296.0,-217.0,-89.0,0.0,0.0,-89.0,-89.0,,1975.0,-0.05,-0.1,0.3,1975.0,-0.05,-0.1,0.3,
03/31/2008,4891.0,,,-1570.0,,3321.0,0.0,-2235.0,1453.0,,,782.0,1086,121.0,30.0,73.0,-43.0,,19.0,-164.0,-6.0,1207.0,-330.0,,,,877.0,-14.0,,,891.0,-230.0,661.0,0.0,0.0,661.0,661.0,,1975.0,0.33,0.32,0.32,2008.0,0.33,0.32,0.39,
06/30/2008,5203.0,,,-1670.0,,3533.0,0.0,-2411.0,1165.0,420.0,,1246.0,1122,99.0,49.0,80.0,-31.0,,17.0,-150.0,-15.0,1221.0,-258.0,,,,963.0,-42.0,,,1005.0,-241.0,764.0,0.0,0.0,764.0,764.0,,1977.0,0.39,0.37,0.37,2008.0,0.38,0.36,0.36,
09/30/2008,5254.0,,,-1634.0,,3620.0,0.0,-2404.0,1208.0,362.0,,1196.0,1216,-61.0,47.0,84.0,-37.0,,,-164.0,178.0,1155.0,-308.0,,,,847.0,-1990.0,,,2837.0,-259.0,2578.0,0.0,0.0,2578.0,2578.0,299.797,1977.0,1.3,0.3,0.4516,2004.0,1.29,0.3,0.44959,
12/31/2008,4542.0,,,-1254.0,,3288.0,0.0,-2575.0,1098.0,356.0,,1477.0,713,1041.0,54.0,73.0,-19.0,,-42.0,-139.0,-914.0,1754.0,-370.0,,,,1384.0,-126.0,,,1510.0,-266.0,1244.0,0.0,0.0,1244.0,1244.0,-612.95,1978.0,0.63,0.56,0.25,1980.0,0.63,0.56,0.25,
03/31/2009,4322.0,4322.0,,-1165.0,1165.0,3157.0,0.0,-2180.0,1149.0,,908.0,123.0,977,218.0,39.0,52.0,-13.0,,-13.0,-146.0,-98.0,1195.0,-275.0,,,,920.0,-1.0,-1.0,0.0,921.0,-283.0,638.0,0.0,0.0,638.0,718.25,81.25,1978.0,0.32,0.33,0.363119,1981.0,0.32,0.33,0.363119,
06/30/2009,4665.0,4665.0,,-1225.0,1225.0,3440.0,0.0,-2078.0,1220.0,,811.0,47.0,1362,160.0,28.0,42.0,-14.0,,17.0,-150.0,-55.0,1522.0,-353.0,,,,1169.0,-129.0,-129.0,0.0,1298.0,-315.0,983.0,0.0,0.0,983.0,910.55,56.55,1980.0,0.49,0.44,0.459874,1983.0,0.49,0.44,0.459874,
09/30/2009,4788.0,4788.0,,-1317.0,1317.0,3471.0,0.0,-2080.0,1209.0,,820.0,51.0,1391,174.0,34.0,47.0,-13.0,,13.0,-139.0,-82.0,1565.0,-366.0,,,,1199.0,-91.0,-91.0,0.0,1290.0,-324.0,966.0,0.0,0.0,966.0,925.7,50.7,1980.0,0.49,0.45,0.467525,1984.0,0.48,0.45,0.467525,
12/31/2009,5033.0,5033.0,,-1433.0,1433.0,3600.0,0.0,-2659.0,1504.0,,1108.0,47.0,941,379.0,,43.0,,-14.0,-15.0,-115.0,-278.0,1320.0,-188.0,188.0,,,1132.0,-7221.0,-7221.0,0.0,8353.0,-328.0,8025.0,0.0,0.0,8025.0,675.5,-128.5,1958.0,4.08,0.42,0.344995,1967.0,4.06,0.41,0.344672,
03/31/2010,4807.0,4807.0,,-1306.0,1306.0,3501.0,0.0,-2033.0,1112.0,,910.0,11.0,1468,-16.0,18.0,33.0,-15.0,,-16.0,-97.0,111.0,1452.0,-351.0,,,,1101.0,0.0,0.0,0.0,1101.0,-358.0,743.0,0.0,0.0,743.0,902.25,159.25,1715.0,0.43,0.43,0.526093,1725.0,0.43,0.43,0.522319,
06/30/2010,4768.0,4768.0,,-1277.0,1277.0,3491.0,0.0,-2003.0,1157.0,,822.0,24.0,1488,104.0,16.0,32.0,-16.0,,-16.0,-85.0,-19.0,1592.0,-324.0,,,,1268.0,0.0,0.0,0.0,1268.0,-341.0,927.0,0.0,0.0,927.0,979.65,52.65,1718.0,0.54,0.54,0.570227,1728.0,0.53,0.53,0.560469,
09/30/2010,4798.0,4798.0,,-1280.0,1280.0,3518.0,0.0,-1984.0,1123.0,,824.0,37.0,1534,80.0,15.0,38.0,-23.0,,9.0,-70.0,-34.0,1614.0,-312.0,,,,1302.0,0.0,0.0,0.0,1302.0,-353.0,949.0,0.0,0.0,949.0,989.95,40.95,1712.0,0.55,0.55,0.578242,1726.0,0.55,0.55,0.573725,
12/31/2010,5111.0,5111.0,,-1414.0,1414.0,3697.0,0.0,-2303.0,1271.0,,1010.0,22.0,1394,19.0,,42.0,,-21.0,17.0,-61.0,4.0,1413.0,-571.0,,,,842.0,0.0,0.0,0.0,842.0,-359.0,483.0,0.0,0.0,483.0,752.4,269.4,1708.0,0.28,0.28,0.440515,1723.0,0.28,0.28,0.436355,
03/31/2011,5011.0,5011.0,,-1343.0,1343.0,3668.0,0.0,-2121.0,1142.0,,935.0,44.0,1547,220.0,,31.0,,-21.0,,-82.0,-148.0,1767.0,-400.0,,,,1367.0,0.0,0.0,0.0,1367.0,-381.0,986.0,0.0,0.0,986.0,981.45,-4.55,1702.0,0.58,0.58,0.576645,1714.0,0.57,0.57,0.567345,
06/30/2011,5434.0,5434.0,,-1481.0,1481.0,3953.0,0.0,-2256.0,1293.0,,923.0,40.0,1697,93.0,,32.0,,-25.0,,-62.0,-38.0,1790.0,-483.0,,,,1307.0,0.0,0.0,0.0,1307.0,-405.0,902.0,0.0,0.0,902.0,942.3,40.3,1707.0,0.53,0.53,0.552021,1722.0,0.52,0.52,0.543403,
09/30/2011,5345.0,5345.0,,-1407.0,1407.0,3938.0,0.0,-2205.0,1224.0,,973.0,8.0,1733,97.0,,40.0,,-23.0,,-71.0,-43.0,1830.0,-475.0,,,,1355.0,0.0,0.0,0.0,1355.0,-386.0,969.0,0.0,0.0,969.0,991.1,22.1,1698.0,0.57,0.57,0.583687,1715.0,0.56,0.56,0.572886,
12/31/2011,5454.0,5454.0,,-1367.0,1367.0,4087.0,0.0,-2533.0,1501.0,,1008.0,24.0,1554,40.0,,42.0,,-22.0,,-66.0,6.0,1594.0,-363.0,363.0,0.0,0.0,1231.0,0.0,0.0,0.0,1231.0,-379.0,852.0,0.0,0.0,852.0,905.95,53.95,1692.0,0.5,0.5,0.535431,1712.0,0.5,0.5,0.531513,
03/31/2012,5251.0,5251.0,,-1303.0,1303.0,3948.0,0.0,-2105.0,1196.0,,909.0,0.0,1843,184.0,,42.0,,-36.0,,-57.0,-133.0,2027.0,-545.0,,,,1482.0,0.0,0.0,0.0,1482.0,-381.0,1101.0,0.0,0.0,1101.0,1105.55,4.55,1687.0,0.65,0.65,0.655335,1706.0,0.64,0.64,0.642667,
06/30/2012,4443.0,4443.0,,-1245.0,1245.0,3198.0,0.0,-2210.0,1228.0,,962.0,20.0,988,71.0,,41.0,,-22.0,,-53.0,-37.0,1059.0,-251.0,,,,808.0,0.0,0.0,0.0,808.0,-163.0,645.0,0.0,0.0,645.0,799.05,154.05,1683.0,0.38,0.38,0.474777,1701.0,0.38,0.38,0.470564,
09/30/2012,3736.0,3736.0,,-987.0,987.0,2749.0,0.0,-4098.0,1238.0,,951.0,1909.0,-1349,90.0,,48.0,,-27.0,,-40.0,-71.0,-1259.0,546.0,,,,-713.0,0.0,0.0,0.0,-713.0,2.0,-711.0,0.0,0.0,-711.0,537.0,1248.0,1666.0,-0.43,-0.43,0.322329,1666.0,-0.43,-0.43,0.3191,
12/31/2012,4191.0,3084.0,1107.0,-1075.0,1075.0,3116.0,0.0,-2437.0,1355.0,,1082.0,0.0,679,-166.0,,51.0,,-21.0,,-33.0,169.0,513.0,411.0,,,,924.0,0.0,0.0,0.0,924.0,1.0,925.0,0.0,0.0,925.0,1022.5,97.5,1644.0,0.56,0.56,0.621959,1662.0,0.56,0.56,0.618664,
03/31/2013,3831.0,2957.0,874.0,-1063.0,1063.0,2768.0,0.0,-2113.0,1183.0,,930.0,0.0,655,19.0,,50.0,,-25.0,,-36.0,-8.0,674.0,-51.0,,,,623.0,0.0,0.0,0.0,623.0,-14.0,609.0,0.0,0.0,609.0,651.9,42.9,1638.0,0.37,0.37,0.397985,1655.0,0.37,0.37,0.395921,
06/30/2013,4048.0,3024.0,1024.0,-1108.0,1108.0,2940.0,0.0,-2211.0,1260.0,,951.0,0.0,729,-199.0,,50.0,,-28.0,,-50.0,227.0,530.0,0.0,0.0,0.0,,530.0,0.0,0.0,0.0,530.0,6.0,536.0,0.0,0.0,536.0,628.3,92.3,1644.0,0.33,0.33,0.382178,1660.0,0.32,0.32,0.375602,
09/30/2013,4065.0,3025.0,1040.0,-1175.0,1175.0,2890.0,0.0,-2067.0,1174.0,,893.0,0.0,823,-5.0,,46.0,,-23.0,,-42.0,24.0,818.0,-126.0,,,,692.0,0.0,0.0,0.0,692.0,0.0,692.0,0.0,0.0,692.0,709.55,17.55,1646.0,0.42,0.42,0.431075,1662.0,0.42,0.42,0.43056,
12/31/2013,4441.0,3298.0,1143.0,-1273.0,1273.0,3168.0,0.0,-2279.0,1322.0,,957.0,0.0,889,-20.0,,53.0,,-28.0,,-38.0,33.0,869.0,-134.0,,,,735.0,0.0,0.0,0.0,735.0,-9.0,726.0,0.0,0.0,726.0,780.6,54.6,1648.0,0.44,0.44,0.473665,1666.0,0.44,0.44,0.472773,
03/31/2014,3811.0,2807.0,1004.0,-968.0,968.0,2843.0,0.0,-2066.0,1120.0,,946.0,0.0,777,208.0,,54.0,,-23.0,,-36.0,-203.0,985.0,-49.0,,,,936.0,0.0,0.0,0.0,936.0,1.0,937.0,0.0,0.0,937.0,893.45,-43.55,1652.0,0.57,0.57,0.540829,1666.0,0.56,0.56,0.53386,
06/30/2014,3889.0,2770.0,1119.0,-991.0,991.0,2898.0,0.0,-2554.0,1138.0,,1416.0,0.0,344,104.0,,46.0,,-28.0,,-33.0,-89.0,448.0,-114.0,,,,334.0,0.0,0.0,0.0,334.0,-1.0,333.0,0.0,0.0,333.0,578.05,245.05,1657.0,0.2,0.2,0.348853,1669.0,0.2,0.2,0.346824,
09/30/2014,3921.0,2843.0,1078.0,-1007.0,1007.0,2914.0,0.0,-2183.0,1200.0,,983.0,0.0,731,277.0,,50.0,,-20.0,,-12.0,-295.0,1008.0,-276.0,,,,732.0,0.0,0.0,0.0,732.0,-11.0,721.0,0.0,0.0,721.0,607.9,-113.1,1658.0,0.43,0.43,0.366647,1670.0,0.43,0.43,0.362275,
12/31/2014,4258.0,3240.0,1018.0,-966.0,966.0,3292.0,0.0,-2553.0,1364.0,,1189.0,0.0,739,-799.0,,53.0,,-30.0,,-26.0,802.0,-60.0,87.0,,,,27.0,0.0,0.0,0.0,27.0,-14.0,13.0,,0.0,13.0,233.5,220.5,1660.0,0.01,0.01,0.140663,1673.0,0.01,0.01,0.140663,
03/31/2015,4041.0,3059.0,982.0,-847.0,847.0,3194.0,0.0,-2045.0,1029.0,,1016.0,0.0,1149,299.0,,51.0,,-30.0,,-26.0,-294.0,1448.0,-249.0,,,,1199.0,0.0,0.0,0.0,1199.0,-13.0,1186.0,0.0,0.0,1186.0,1234.75,48.75,1663.0,0.71,0.71,0.742483,1676.0,0.71,0.71,0.739087,
06/30/2015,4163.0,3572.0,591.0,-1013.0,1013.0,3150.0,0.0,-2991.0,1135.0,,1856.0,0.0,159,-107.0,,49.0,,-26.0,,-22.0,106.0,52.0,-162.0,,,,-110.0,0.0,0.0,0.0,-110.0,-20.0,-130.0,0.0,0.0,-130.0,1128.4,1258.4,1667.0,-0.08,-0.08,0.676905,1667.0,-0.08,-0.08,0.674889,
09/30/2015,4069.0,3552.0,517.0,-1097.0,1097.0,2972.0,0.0,-2308.0,1176.0,,1132.0,0.0,664,323.0,,41.0,,-18.0,,-19.0,-327.0,987.0,-257.0,,,,730.0,0.0,0.0,0.0,730.0,-24.0,706.0,,0.0,706.0,696.679612,-9.320388,1668.0,0.42,0.42,0.417674,1678.0,0.42,0.42,0.414446,
12/31/2015,4287.0,3862.0,425.0,-952.0,952.0,3335.0,0.0,-3417.0,1501.0,,1916.0,0.0,-82,-328.0,,43.0,,-27.0,,-16.0,328.0,-410.0,222.0,,,,-188.0,0.0,0.0,0.0,-188.0,-9.0,-197.0,0.0,0.0,-197.0,627.737109,824.737109,1669.0,-0.12,-0.12,0.376116,1669.0,-0.12,-0.12,0.37415,
03/31/2016,4391.0,3964.0,427.0,-1052.0,1052.0,3339.0,0.0,-2204.0,1068.0,,1136.0,0.0,1135,520.0,,43.0,,-24.0,,-26.0,-513.0,1655.0,-449.0,,,,1206.0,0.0,0.0,0.0,1206.0,-11.0,1195.0,0.0,0.0,1195.0,1167.05,-27.95,1669.0,0.72,0.72,0.699251,1680.0,0.71,0.71,0.693363,
06/30/2016,4871.0,4432.0,439.0,-1206.0,1206.0,3665.0,0.0,-2504.0,1238.0,,1266.0,0.0,1161,454.0,,42.0,,-25.0,,-20.0,-451.0,1615.0,-427.0,,,,1188.0,0.0,0.0,0.0,1188.0,-22.0,1166.0,0.0,0.0,1166.0,1205.164103,39.164103,1670.0,0.7,0.7,0.721655,1679.0,0.69,0.69,0.713326,
09/30/2016,4922.0,4492.0,430.0,-1305.0,1305.0,3617.0,0.0,-2282.0,1144.0,,1138.0,0.0,1335,224.0,,42.0,,-32.0,,-19.0,-215.0,1559.0,-344.0,,,,1215.0,0.0,0.0,0.0,1215.0,-13.0,1202.0,0.0,0.0,1202.0,1287.0,85.0,1671.0,0.72,0.72,0.770197,1679.0,0.72,0.72,0.770197,
12/31/2016,5243.0,4814.0,429.0,-1383.0,1383.0,3860.0,0.0,-2861.0,1461.0,,1400.0,0.0,999,87.0,,40.0,,-24.0,,-12.0,-91.0,1086.0,-188.0,,,,898.0,0.0,0.0,0.0,898.0,-4.0,894.0,0.0,0.0,894.0,1043.790909,149.790909,1672.0,0.53,0.53,0.624277,1680.0,0.53,0.53,0.619161,
03/31/2017,4929.0,4580.0,349.0,-1265.0,1265.0,3664.0,0.0,-2388.0,1085.0,,1303.0,0.0,1276,679.0,,45.0,,-26.0,,-7.0,-691.0,1955.0,-429.0,,,,1526.0,0.0,0.0,0.0,1526.0,48.0,1574.0,0.0,0.0,1574.0,1459.000049,-114.999951,1662.0,0.95,0.95,0.877858,1671.0,0.94,0.94,0.871179,
06/30/2017,5144.0,4770.0,374.0,-1569.0,1569.0,3575.0,0.0,-2866.0,1187.0,,1679.0,0.0,709,586.0,,52.0,,-29.0,,-20.0,-589.0,1295.0,-373.0,,,,922.0,0.0,0.0,0.0,922.0,-6.0,916.0,0.0,0.0,916.0,1791.848238,875.848238,1644.0,0.56,0.56,1.089932,1650.0,0.56,0.56,1.089932,
09/30/2017,5254.0,4862.0,392.0,-1579.0,1579.0,3675.0,0.0,-2724.0,1163.0,,1561.0,0.0,951,232.0,,48.0,,-32.0,,-21.0,-227.0,1183.0,-327.0,,,,856.0,0.0,0.0,0.0,856.0,-11.0,845.0,0.0,0.0,845.0,1271.650056,426.650056,1639.0,0.52,0.52,0.775869,1645.0,0.51,0.51,0.769362,
12/31/2017,5449.0,5046.0,403.0,-1681.0,1681.0,3768.0,0.0,-3255.0,1316.0,,1939.0,0.0,513,185.0,,51.0,,-39.0,,-16.0,-181.0,698.0,-3027.0,,,,-2329.0,0.0,0.0,0.0,-2329.0,1.0,-2328.0,0.0,0.0,-2328.0,1122.20342,3450.20342,1635.0,-1.42,-1.42,0.686363,1635.0,-1.42,-1.42,0.686363,
03/31/2018,5193.0,4972.0,221.0,-1584.0,1584.0,3609.0,0.0,-2230.0,980.0,,1250.0,0.0,1379,400.0,,46.0,,-36.0,,-24.0,-386.0,1779.0,-284.0,,,,1495.0,0.0,0.0,0.0,1495.0,-9.0,1486.0,0.0,0.0,1486.0,1594.080693,108.080693,1633.0,0.91,0.91,0.976167,1640.0,0.91,0.91,0.975903,
06/30/2018,5704.0,5461.0,243.0,-1625.0,1625.0,4079.0,0.0,-3566.0,1131.0,,2435.0,0.0,513,4.0,,45.0,,-38.0,,-27.0,16.0,517.0,-135.0,,,,382.0,0.0,0.0,0.0,382.0,-9.0,373.0,0.0,0.0,373.0,1667.337366,1294.337366,1633.0,0.23,0.23,1.021027,1636.0,0.23,0.23,1.021027,
09/30/2018,5691.0,5433.0,258.0,-1648.0,1648.0,4043.0,0.0,-2384.0,1104.0,,1280.0,0.0,1659,508.0,,44.0,,-44.0,,-22.0,-486.0,2167.0,-255.0,,,,1912.0,0.0,0.0,0.0,1912.0,-11.0,1901.0,0.0,0.0,1901.0,1855.02,-45.98,1632.0,1.16,1.16,1.136654,1636.0,1.16,1.16,1.131895,
12/31/2018,5973.0,5715.0,258.0,-1670.0,1670.0,4303.0,0.0,-2737.0,1336.0,,1376.0,25.0,1566,-61.0,48.0,48.0,0.0,-55.0,0.0,-20.0,88.0,1505.0,-347.0,,,,1158.0,0.0,0.0,0.0,1158.0,2.0,1160.0,0.0,0.0,1160.0,1510.084399,350.084399,1632.0,0.71,0.71,0.925297,1637.0,0.71,0.71,0.923857,
03/31/2019,5920.0,5713.0,207.0,-1824.0,1824.0,4096.0,0.0,-2378.0,1006.0,,1348.0,24.0,1718,261.0,45.0,45.0,0.0,-56.0,,,-250.0,1979.0,-264.0,,,,1715.0,0.0,0.0,0.0,1715.0,-5.0,1710.0,0.0,0.0,1710.0,1803.21,93.21,1634.0,1.05,1.05,1.103556,1637.0,1.04,1.04,1.09694,
06/30/2019,6273.0,6031.0,242.0,-1992.0,1992.0,4281.0,0.0,-2404.0,1076.0,,1328.0,0.0,1877,-101.0,123.0,123.0,0.0,-54.0,,0.0,32.0,1776.0,-337.0,,,,1439.0,0.0,0.0,0.0,1439.0,-7.0,1432.0,0.0,0.0,1432.0,1914.97549,482.97549,1636.0,0.88,0.88,1.170523,1637.0,0.87,0.87,1.165037,
09/30/2019,6007.0,5768.0,239.0,-1810.0,1810.0,4197.0,0.0,-2437.0,1055.0,,1382.0,0.0,1760,-411.0,209.0,209.0,0.0,-173.0,,0.0,375.0,1349.0,17.0,,,,1366.0,0.0,0.0,0.0,1366.0,-13.0,1353.0,0.0,0.0,1353.0,1878.198095,525.198095,1632.0,0.83,0.83,1.150857,1634.0,0.83,0.83,1.150857,
12/31/2019,7945.0,7662.0,283.0,-2492.0,2492.0,5453.0,0.0,-4893.0,1734.0,,2097.0,1062.0,560,-689.0,279.0,279.0,0.0,-44.0,,-4.0,458.0,-129.0,-931.0,,,,-1060.0,0.0,0.0,0.0,-1060.0,4.0,-1056.0,0.0,0.0,-1056.0,1339.191268,2395.191268,1918.0,-0.55,-0.55,0.698223,1918.0,-0.55,-0.55,0.698223,
03/31/2020,10781.0,10541.0,240.0,-3662.0,3662.0,7119.0,0.0,-6260.0,1606.0,,2372.0,2282.0,859,-1163.0,362.0,362.0,0.0,-61.0,,,862.0,-304.0,-462.0,,,,-766.0,0.0,0.0,0.0,-766.0,-9.0,-775.0,0.0,0.0,-775.0,490.024325,1265.024325,2258.0,-0.34,-0.34,0.217017,2258.0,-0.34,-0.34,0.217017,
06/30/2020,10129.0,9817.0,312.0,-2699.0,2699.0,7430.0,0.0,-6539.0,1628.0,,2522.0,2389.0,891,736.0,357.0,357.0,0.0,-25.0,,,-1068.0,1627.0,-1707.0,,,,-80.0,0.0,0.0,0.0,-80.0,-5.0,-85.0,0.0,0.0,-85.0,697.175824,782.175824,2263.0,-0.04,-0.04,0.308076,2263.0,-0.04,-0.04,0.305637,
09/30/2020,10357.273,,,,,8296.79710938,,,,,,,4299,,,,,,,,,4168.111,,,,,2038.5,,,,,,2038.5,,,2038.5,3428.1,,,0.65,0.65,1.496,,0.65,0.65,1.496,
12/31/2020,10723.545,,,,,8601.3554445,,,,,,,4098,,,,,,,,,4108.667,,,,,1818.5,,,,,,1818.5,,,1818.5,3333.6,,,0.58,0.58,1.452,,0.58,0.58,1.452,
