Date,Revenue,Sales & Services Revenue,Other Revenue,Cost of Revenue,Cost of Goods & Services,Gross Profit,Other Operating Income,Operating Expenses,"Selling, General & Admin",Research & Development,Other Operating Expense,Operating Income (Loss),Non-Operating (Income) Loss,"Interest Expense, Net",Interest Expense,Interest Income,Foreign Exch (Gain) Loss,Other Non-Op (Income) Loss,Pretax Income,Income Tax Expense (Benefit),Income (Loss) from Cont Ops,Net Extraordinary Losses (Gains),Discontinued Operations,XO & Accounting Changes,Income (Loss) Incl. MI,Minority Interest,"Net Income, GAAP",Preferred Dividends,Other Adjustments,"Net Income Avail to Common, GAAP","Net Income Avail to Common, Adj",Net Abnormal Losses (Gains),Basic Weighted Avg Shares,"Basic EPS, GAAP",Basic EPS from Cont Ops,"Basic EPS from Cont Ops, Adjusted",Diluted Weighted Avg Shares,"Diluted EPS, GAAP",Diluted EPS from Cont Ops,"Diluted EPS from Cont Ops, Adjusted",Source: Bloomberg
03/31/1998,37.119999,,,-14.083,,23.036999,,,,,,11.571,,,,,,,,,5.31,0.0,,,,0.0,5.31,0.0,,5.31,5.31,,204.528008,0.026667,0.026667,0.026667,262.542,0.02,0.02,0.02,
06/30/1998,49.243999,,,-21.427,,27.816999,,,,,,10.788,,,,,,,,,6.096,0.0,,,,0.0,6.096,0.0,,6.096,6.096,,258.822006,0.02,0.02,0.02,303.635994,0.016667,0.016667,0.016667,
09/30/1998,55.473999,,,-24.898001,,30.575998,,-22.370001,,,,8.206,1.26,,,,0.0,-1.26,9.466,-4.294,5.172,0.0,,,5.172,0.0,5.172,0.0,,5.172,5.172,,272.549995,0.02,0.02,0.02,317.610008,0.016667,0.016667,0.016667,
12/31/1998,74.617996,,,-30.995001,,43.622995,,-29.687,,,,13.936,1.27,,,,0.0,-1.27,15.206,-7.192,8.014,0.0,,,8.014,0.0,8.014,0.0,,8.014,8.014,,281.56501,0.03,0.03,0.03,325.877998,0.023333,0.023333,0.023333,
03/31/1999,99.980003,,,-40.814999,,59.165005,,-36.882,,,,22.283001,1.721,,0.0,-1.7,0.0,-0.021,24.004001,-8.335,15.669,0.0,,,15.669001,0.0,15.669,0.0,0.0,15.669,15.669,,289.56601,0.053333,0.053333,0.053333,336.483009,0.046667,0.046667,0.046667,
06/30/1999,119.452,,,-48.077,,71.375,,-45.306,,,,26.069,-26.152,-2.0,0.0,-2.0,0.0,28.152,-0.083,0.242,0.159,0.0,,,0.159,0.0,0.159,0.0,0.0,0.159,0.159,18.3027,602.595,0.01,0.01,0.04,700.302,0.01,0.01,0.033333,
09/30/1999,139.561005,,,-56.307999,,83.253006,,-45.504002,,,,37.749001,-2.891,,0.0,-2.2,0.0,5.091,34.858001,-10.264,24.594,0.0,,,24.594001,0.0,24.594,0.0,0.0,24.594,24.594,,305.633995,0.08,0.08,0.093333,357.498001,0.066667,0.066667,0.08,
12/31/1999,161.998001,,,-66.526001,,95.472,,-54.161999,15.745,,38.416999,41.310001,2.028,-1.949,0.751,-2.7,0.0,-0.079,43.338001,-11.1,32.988998,0.0,,,32.238001,0.0,32.988998,0.0,0.0,32.988998,32.988998,,311.532006,0.106667,0.106667,0.1,367.799994,0.086667,0.086667,0.086667,
03/31/2000,191.591003,,,-79.077003,,112.514,,-64.750999,,,,47.763,0.524,,0.0,-3.4,0.0,2.876,48.287,-9.658,38.629002,0.0,,,38.629,0.0,38.629002,0.0,0.0,38.629002,38.629002,,316.825493,0.12,0.12,0.14,378.865494,0.1,0.1,0.12,
06/30/2000,245.177002,,,-102.519997,,142.657005,,-75.568001,,,,67.088997,2.449,,0.332,-4.6,0.0,1.819,69.537997,-13.973,55.896999,0.0,,,55.564997,0.0,55.896999,0.0,0.0,55.896999,55.896999,,321.907494,0.173333,0.173333,0.186667,380.916,0.146667,0.146667,0.16,
09/30/2000,319.154999,,,-136.938004,,182.216995,,-140.692993,,,,41.523998,-40.726002,,0.0,-4.9,0.0,45.626002,0.797997,-14.876,-14.078,0.0,,,-14.078004,0.0,-14.078,0.0,0.0,-14.078,-14.078,,330.764992,-0.04,-0.04,0.24,397.218018,-0.04,-0.04,0.2,
12/31/2000,340.237,,,-159.945007,,180.291992,,-332.253998,,,,-151.962006,-658.768005,,0.0,-8.7,0.0,667.468005,-810.730011,42.459999,-768.27002,0.0,,,-768.270012,0.0,-768.27002,0.0,0.0,-768.27002,-768.27002,,351.109497,-2.186667,-2.186667,0.166667,411.154495,-2.186667,-2.186667,0.14,
03/31/2001,310.501,,,-162.952,,147.549,,-471.443,,,,-323.894,-105.687,-7.0,,-7.0,,112.687,-429.581,72.729,-356.852,,,,-356.852,,-356.852,,,-356.852,-356.852,,374.5335,-0.953333,-0.953333,-0.953333,374.5335,-0.953333,-0.953333,-0.953333,
06/30/2001,210.908005,,,-132.563995,,78.344009,,-502.727997,,,,-424.384003,-12.01,,0.0,-6.2,0.0,18.21,-436.394003,0.0,-436.394012,0.0,,,-436.394003,0.0,-436.394012,0.0,0.0,-436.394012,-436.394012,,378.598503,-1.153333,-1.153333,-0.106667,378.598503,-1.153333,-1.153333,-0.106667,
09/30/2001,213.591003,,,-129.832001,,83.759002,,-470.658997,,,,-386.899994,-1226.31604,,0.0,-4.2,0.0,1230.51604,-1613.216034,-6.0,-1619.215942,0.0,,,-1619.216034,0.0,-1619.215942,0.0,0.0,-1619.215942,-1619.215942,,381.786003,-4.24,-4.24,-0.086667,381.786003,-4.24,-4.24,-0.086667,
12/31/2001,226.820999,,,-132.384995,,94.436005,,-421.539001,,,,-327.102997,2.517,,5.0,-5.6,0.0,-1.917,-324.585997,-10.0,-329.585999,0.0,,,-334.585997,0.0,-329.585999,0.0,0.0,-329.585999,-329.585999,,389.206512,-0.846667,-0.846667,-0.073333,389.206512,-0.846667,-0.846667,-0.073333,
03/31/2002,238.8,,,-134.122,,104.678,,-259.016,,,,-154.338,-5.729,-3.4,,-3.4,,9.129,-160.067,-6.0,-166.067,,,,-166.067,,-166.067,,,-166.067,-166.067,,392.9985,-0.42,-0.42,-0.406667,392.9985,-0.42,-0.42,-0.406667,
06/30/2002,258.203003,,,-143.576996,,114.626007,,-155.334,,,,-40.708,-83.820999,-3.3,0.0,-3.3,0.0,87.120999,-124.528999,-4.889,-129.417999,0.0,,,-129.417999,0.0,-129.417999,0.0,0.0,-129.417999,-129.417999,,398.033982,-0.326667,-0.326667,-0.04,398.033982,-0.326667,-0.326667,-0.04,
09/30/2002,290.0,,,-161.627,,128.373,,-247.054,42.359,,204.695,-118.681,-58.53,-3.1,0.0,-3.1,0.0,61.63,-177.211,-6.049,-183.26,0.0,,,-183.26,0.0,-183.26,0.0,0.0,-183.26,-183.26,30.043,405.156,-0.453333,-0.453333,-0.38,405.156,-0.453333,-0.453333,-0.38,
12/31/2002,295.945007,,,-165.070999,,130.874008,,-347.843994,,,,-216.970001,-1263.804956,,3.6,-2.4,0.0,1262.604956,-1480.774957,-280.656006,-1757.831055,0.0,,,-1761.430963,0.0,-1757.831055,0.0,0.0,-1757.831055,-1757.831055,,411.748489,-4.266667,-4.266667,-0.013333,411.748489,-4.266667,-4.266667,-0.013333,
03/31/2003,327.463989,,,-172.020004,,155.443985,,-214.841995,,,,-59.397999,0.807,-2.2,0.0,-2.2,0.0,1.393,-58.590999,-9.315,-67.905998,0.0,,,-67.905999,0.0,-67.905998,0.0,0.0,-67.905998,-67.905998,,414.475479,-0.166667,-0.166667,0.04,414.475479,-0.166667,-0.166667,0.04,
06/30/2003,377.879,,,-206.853,,171.026,,-438.891,,,,-267.865,-617.199,-1.3,0.0,-1.3,0.0,618.499,-885.064,-6.678,-891.742,0.0,,,-891.742,0.0,-891.742,0.0,0.0,-891.742,-891.742,,434.6175,-2.053333,-2.053333,-0.626667,434.6175,-2.053333,-2.053333,-0.626667,
09/30/2003,425.632996,,,-217.707993,,207.925003,,-234.041,50.076,,183.965,-26.115999,26.481001,-1.5,0.0,-1.5,0.0,-24.981001,0.365002,-6.663,-6.298,0.0,,,-6.297998,0.0,-6.298,0.0,0.0,-6.298,-6.298,,445.968018,-0.013333,-0.013333,0.1,445.968018,-0.013333,-0.013333,0.093333,
12/31/2003,479.119,,,-243.195,,235.924,,-213.112,,,,22.812,-14.26,-1.847,0.0,,0.0,16.107,8.552,-2.471,6.081,0.0,,,6.081,0.0,6.081,0.0,0.0,6.081,6.081,,456.99,0.013333,0.013333,0.053333,496.1895,0.013333,0.013333,0.046667,
03/31/2004,573.406006,,,-283.480988,,289.925018,,-198.800995,,,,91.124001,-38.348999,-1.903,0.0,-1.903,0.0,40.251999,52.775002,-12.911,39.863998,0.0,,,39.864002,0.0,39.863998,0.0,0.0,39.863998,39.863998,,463.528518,0.086667,0.086667,0.213333,513.896988,0.08,0.08,0.193333,
06/30/2004,641.299011,,,-317.479004,,323.820007,,-202.957993,,,,120.862,-34.438,-2.714,0.0,-2.714,0.0,37.152,86.424,-22.584999,63.839001,0.0,,,63.839001,0.0,63.839001,0.0,0.0,63.839001,63.839001,,475.036515,0.133333,0.133333,0.253333,528.538514,0.12,0.12,0.233333,
09/30/2004,646.515,,,-322.039,,324.476,,-191.468,,,,133.008,-61.645,-4.365,0.0,-4.365,0.0,66.01,71.363,-27.462,43.901,0.0,,,43.901,0.0,43.901,0.0,0.0,43.901,43.901,,483.8115,0.093333,0.093333,0.246667,521.0835,0.086667,0.086667,0.226667,
12/31/2004,539.39,,,-273.768,,265.622,,-253.21,,,,12.412,6.293,,0.1,-6.028,0.0,-0.365,18.705,6.876,25.581,0.0,,,25.581,0.0,25.581,0.0,0.0,25.581,25.581,,479.163,0.04,0.04,-0.16,479.163,0.036667,0.036667,-0.146667,
03/31/2005,550.345,,,-266.116,,284.229,,-205.179,,,,79.05,1.404,-7.958,0.0,-7.958,0.0,6.554,80.454,-11.272,69.182,0.0,,,69.182,0.0,69.182,0.0,0.0,69.182,69.182,,497.205,0.14,0.14,0.166667,537.138,0.126667,0.126667,0.153333,
06/30/2005,604.861,,,-284.092,,320.769,,-227.93,,,,92.839,-98.643,-10.678,0.0,-10.678,0.0,109.321,-5.804,0.57,-5.234,0.0,,,-5.234,0.0,-5.234,0.0,0.0,-5.234,-5.234,,502.353,-0.01,-0.01,0.19,502.353,-0.01,-0.01,0.19,
09/30/2005,694.977,,,-327.742,,367.235,,-251.87,,,,115.365,-15.603,-14.317,0.0,-14.317,0.0,29.92,99.762,21.448,121.21,0.0,,,121.21,0.0,121.21,0.0,0.0,121.21,121.21,21.125,512.772,0.24,0.24,0.28,570.8595,0.21,0.21,0.25,
12/31/2005,820.605,,,-389.146,,431.459,,-371.996,,,,59.463,126.062,,,,0.0,-126.062,185.525,1.219,186.744,0.0,,,186.744,0.0,186.744,0.0,0.0,186.744,186.744,,782.295,0.24,0.24,0.246667,872.37,0.213333,0.213333,0.22,
03/31/2006,900.647,,,-434.209,,466.438,,-365.676,,,,100.762,20.309,-23.738,0.0,-23.738,0.0,3.429,121.071,-3.373,117.698,0.0,,,117.698,0.0,117.698,0.0,0.0,117.698,117.698,13.102,538.968,0.22,0.22,0.23,601.204,0.2,0.2,0.21,
06/30/2006,941.131,,,-457.374,,483.757,,-402.611,,,,81.146,29.642,-28.194,0.0,-28.194,0.0,-1.448,110.788,-4.702,106.086,0.0,,,106.086,0.0,106.086,0.0,0.0,106.086,106.086,,547.79,0.19,0.19,0.19,594.546,0.18,0.18,0.18,
09/30/2006,902.586,,,-450.164,,452.422,,-398.175,,,,54.247,32.125,-31.826,0.0,-31.826,0.0,-0.299,86.372,23.809,110.181,0.0,,,110.181,0.0,110.181,0.0,0.0,110.181,110.181,,547.927,0.2,0.2,0.2,572.597,0.19,0.19,0.19,
03/31/2007,901.481,,,-440.949,,460.532,,-429.786,,,,30.746,33.799,-37.008,0.0,-37.008,0.0,3.209,64.545,-3.554,60.991,0.0,,,60.991,0.0,60.991,0.0,0.0,60.991,60.991,7.383,547.86,0.11,0.11,0.12,585.74,0.1,0.1,0.12,
06/30/2007,897.92,,,-437.037,,460.883,,-452.189,,,,8.694,23.346,-32.904,0.0,-32.904,0.0,9.558,32.04,2.216,34.256,0.0,,,34.256,0.0,34.256,0.0,0.0,34.256,34.256,,540.851,0.06,0.06,0.08,575.115,0.06,0.06,0.07,
09/30/2007,949.959,,,-465.97,,483.989,,-477.504,,,,6.485,24.803,-31.443,0.0,-31.443,0.0,6.64,31.288,-3.528,27.76,0.0,,,27.76,0.0,27.76,0.0,0.0,27.76,27.76,,539.931,0.05,0.05,0.07,577.583,0.05,0.05,0.07,
12/31/2007,1027.035,,,-488.222,,538.813,,-482.793,119.324,,363.469,56.02,35.563,-29.714,0.0,-29.714,0.0,-5.849,91.583,-1.248,90.335,0.0,,,90.335,0.0,90.335,0.0,0.0,90.335,90.335,-2.41,541.006,0.17,0.17,0.17,572.289,0.16,0.16,0.16,
03/31/2008,1032.21,,,-481.163,,551.047,0.0,-467.817,111.946,,355.871,83.23,-5.682,-20.104,0.0,-20.104,,25.786,77.548,-3.234,74.314,,,,74.314,,74.314,,0.0,74.314,74.314,,530.338,0.14,0.14,0.14,539.827,0.14,0.14,0.14,
06/30/2008,1200.931,,,-554.596,,646.335,0.0,-522.236,142.017,,380.219,124.099,11.337,-12.428,,,,1.091,135.436,-0.647,134.789,,,,134.789,,134.789,,0.0,134.789,134.789,,512.875,0.26,0.26,0.26,529.977,0.25,0.25,0.25,
09/30/2008,1298.475,,,-619.459,,679.016,0.0,-521.403,141.941,,379.462,157.613,8.481,-12.451,,,,3.97,166.094,-1.188,164.906,0.0,,,164.906,0.0,164.906,0.0,0.0,164.906,164.906,,509.041,0.32,0.32,0.32,523.759,0.31,0.31,0.31,
12/31/2008,1126.509,,,-557.797,,568.712,,-532.721,147.213,,385.508,35.991,-192.754,-7.218,0.0,-7.218,0.0,199.972,-156.763,-2.452,-159.215,0.0,,,-159.215,0.0,-159.215,0.0,0.0,-159.215,-159.215,180.75,498.338,-0.32,-0.32,0.04,498.338,-0.32,-0.32,0.04,
03/31/2009,853.436,828.23,25.206,-446.277,446.277,407.159,0.0,-510.192,125.048,372.724,12.42,-103.033,6.044,-4.398,,,,-1.646,-96.989,5.049,-91.94,0.0,0.0,0.0,-91.94,0.0,-91.94,0.0,0.0,-91.94,-87.2548,4.6852,490.195,-0.19,-0.19,-0.178,490.195,-0.19,-0.19,-0.180442,
06/30/2009,1039.944,966.317,73.627,-518.674,518.674,521.27,0.0,-509.621,127.41,374.77,7.441,11.649,5.005,-3.986,,,,-1.019,16.654,-3.253,13.401,0.0,0.0,0.0,13.401,0.0,13.401,0.0,0.0,13.401,-16.95725,-30.35825,495.11,0.03,0.03,-0.034249,507.993,0.03,0.03,-0.034249,
09/30/2009,1254.197,1194.745,59.452,-615.349,615.349,638.848,0.0,-550.215,142.48,391.17,16.565,88.633,2.8,-2.978,,,,0.178,91.433,-6.837,84.596,0.0,0.0,0.0,84.596,0.0,84.596,0.0,0.0,84.596,92.67745,8.08145,495.491,0.17,0.17,0.187042,521.443,0.16,0.16,0.175498,
12/31/2009,1342.746,1283.434,59.312,-630.259,630.259,712.487,0.0,-653.664,84.424,396.254,172.986,58.823,2.27,-2.539,,,,0.269,61.093,-1.889,59.204,0.0,0.0,0.0,59.204,0.0,59.204,0.0,0.0,59.204,129.20575,70.00175,495.356,0.12,0.12,0.260834,524.903,0.11,0.11,0.243361,
03/31/2010,1462.0,1404.0,58.0,-695.0,695.0,767.0,0.0,-560.0,133.0,421.0,6.0,207.0,5.0,-2.0,,,,-3.0,212.0,-2.0,210.0,0.0,0.0,0.0,210.0,0.0,210.0,0.0,0.0,210.0,212.2295,2.2295,495.0,0.42,0.42,0.428746,527.0,0.4,0.4,0.404231,
06/30/2010,1605.0,1547.0,58.0,-762.0,762.0,843.0,0.0,-571.0,144.0,421.0,6.0,272.0,4.0,-2.0,,,,-2.0,276.0,2.0,278.0,0.0,0.0,0.0,278.0,0.0,278.0,0.0,0.0,278.0,278.44265,0.44265,501.0,0.56,0.56,0.555774,538.0,0.52,0.52,0.520823,
09/30/2010,1806.0,1749.0,57.0,-872.0,872.0,934.0,0.0,-599.0,144.0,448.0,7.0,335.0,1.0,-2.0,,,,1.0,336.0,-8.0,328.0,0.0,0.0,0.0,328.0,0.0,328.0,0.0,0.0,328.0,329.3,1.3,509.0,0.64,0.64,0.646955,544.0,0.6,0.6,0.60239,
12/31/2010,1945.0,1889.0,56.0,-955.0,955.0,990.0,0.0,-722.0,169.0,472.0,81.0,268.0,4.0,-2.0,,,,-2.0,272.0,-6.0,266.0,0.0,0.0,0.0,266.0,,266.0,0.0,0.0,266.0,308.9,42.9,528.0,0.5,0.5,0.585038,569.0,0.47,0.47,0.545395,
03/31/2011,1816.0,1752.0,64.0,-894.0,894.0,922.0,0.0,-688.0,179.0,498.0,11.0,234.0,-1.0,0.0,,,,1.0,233.0,-5.0,228.0,0.0,0.0,0.0,228.0,0.0,228.0,0.0,0.0,228.0,230.6,2.6,539.0,0.42,0.42,0.427829,575.0,0.4,0.4,0.404522,
06/30/2011,1796.0,1742.0,54.0,-878.0,878.0,918.0,0.0,-748.0,180.0,505.0,63.0,170.0,1.0,0.0,,,,-1.0,171.0,4.0,175.0,0.0,0.0,0.0,175.0,0.0,175.0,0.0,0.0,175.0,210.1,35.1,535.0,0.33,0.33,0.39271,558.0,0.31,0.31,0.372903,
09/30/2011,1957.0,1902.0,55.0,-960.0,960.0,997.0,0.0,-727.0,166.0,501.0,60.0,270.0,6.0,1.0,,,,-7.0,276.0,-6.0,270.0,0.0,0.0,0.0,270.0,0.0,270.0,0.0,0.0,270.0,319.85,49.85,537.0,0.5,0.5,0.595624,558.0,0.48,0.48,0.569337,
12/31/2011,1820.0,1763.0,57.0,-894.0,894.0,926.0,0.0,-647.0,157.0,479.0,11.0,279.0,-3.0,4.0,,,,-1.0,276.0,-22.0,254.0,0.0,0.0,0.0,254.0,0.0,254.0,0.0,0.0,254.0,255.95,1.95,543.0,0.47,0.47,0.471363,561.0,0.45,0.45,0.453476,
03/31/2012,1827.0,1770.0,57.0,-918.0,918.0,909.0,0.0,-859.0,179.0,546.0,134.0,50.0,-7.0,6.0,,,,1.0,43.0,45.0,88.0,0.0,0.0,0.0,88.0,0.0,88.0,0.0,0.0,88.0,118.05,30.05,548.0,0.16,0.16,0.21542,570.0,0.15,0.15,0.202719,
06/30/2012,1971.0,1917.0,54.0,-1021.0,1021.0,950.0,0.0,-798.0,171.0,582.0,45.0,152.0,0.0,7.0,,,,-7.0,152.0,8.0,160.0,0.0,0.0,0.0,160.0,0.0,160.0,0.0,0.0,160.0,162.8,2.8,555.0,0.29,0.29,0.293333,575.0,0.28,0.28,0.28487,
09/30/2012,2128.0,2085.0,43.0,-1063.0,1063.0,1065.0,0.0,-854.0,174.0,600.0,80.0,211.0,0.0,8.0,,,,-8.0,211.0,9.0,220.0,0.0,0.0,0.0,220.0,0.0,220.0,0.0,0.0,220.0,239.2,19.2,561.0,0.39,0.39,0.426381,579.0,0.38,0.38,0.413161,
12/31/2012,2080.0,2028.0,52.0,-1025.0,1025.0,1055.0,0.0,-792.0,172.0,590.0,30.0,263.0,-13.0,9.0,,,,4.0,250.0,1.0,251.0,0.0,0.0,0.0,251.0,0.0,251.0,0.0,0.0,251.0,251.35,0.35,566.0,0.44,0.44,0.444081,581.0,0.43,0.43,0.430602,
03/31/2013,2005.0,1962.0,43.0,-988.0,988.0,1017.0,0.0,-819.0,179.0,615.0,25.0,198.0,-5.0,8.0,,,,-3.0,193.0,-2.0,191.0,0.0,0.0,0.0,191.0,0.0,191.0,0.0,0.0,191.0,195.5,4.5,570.0,0.34,0.34,0.342982,585.0,0.33,0.33,0.337692,
06/30/2013,2090.0,2047.0,43.0,-1030.0,1030.0,1060.0,0.0,-1308.0,174.0,619.0,515.0,-248.0,-6.0,9.0,,,,-3.0,-254.0,3.0,-251.0,0.0,0.0,0.0,-251.0,0.0,-251.0,0.0,0.0,-251.0,234.0,485.0,578.0,-0.43,-0.43,0.404844,578.0,-0.43,-0.43,0.404844,
09/30/2013,2146.0,2146.0,,-1044.0,1044.0,1102.0,0.0,-766.0,181.0,609.0,-24.0,336.0,-11.0,7.0,,,,4.0,325.0,-9.0,316.0,0.0,0.0,0.0,316.0,0.0,316.0,0.0,0.0,316.0,275.05,-40.95,571.0,0.55,0.55,0.481699,578.0,0.55,0.55,0.479152,
12/31/2013,2064.0,2064.0,,-1026.0,1026.0,1038.0,0.0,-852.0,172.0,643.0,37.0,186.0,-5.0,6.0,,,,-1.0,181.0,-13.0,168.0,0.0,0.0,0.0,168.0,0.0,168.0,0.0,0.0,168.0,182.95,14.95,576.0,0.29,0.29,0.317622,581.0,0.29,0.29,0.315731,
03/31/2014,1984.0,1984.0,,-1004.0,1004.0,980.0,0.0,-810.0,185.0,636.0,-11.0,170.0,-2.0,5.0,,,,-3.0,168.0,-3.0,165.0,0.0,0.0,0.0,165.0,0.0,165.0,0.0,0.0,165.0,180.8,15.8,584.0,0.28,0.28,0.309589,590.0,0.28,0.28,0.30678,
06/30/2014,2041.0,2041.0,,-1005.0,1005.0,1036.0,0.0,-1022.0,182.0,634.0,206.0,14.0,-13.0,5.0,,,,8.0,1.0,-2.0,-1.0,0.0,0.0,0.0,-1.0,0.0,-1.0,0.0,0.0,-1.0,148.8,149.8,587.0,0.0,0.0,0.253492,587.0,0.0,0.0,0.253492,
09/30/2014,2260.0,2260.0,,-1077.0,1077.0,1183.0,0.0,-1072.0,176.0,573.0,323.0,111.0,-8.0,17.0,,,,-9.0,103.0,-5.0,98.0,0.0,0.0,0.0,98.0,0.0,98.0,0.0,0.0,98.0,304.4,206.4,591.0,0.17,0.17,0.515059,607.0,0.16,0.16,0.500033,
12/31/2014,2143.0,2143.0,,-1012.0,1012.0,1131.0,0.0,-732.0,173.0,530.0,29.0,399.0,-4.0,9.0,,,,-5.0,395.0,-5.0,390.0,0.0,0.0,0.0,390.0,0.0,390.0,0.0,0.0,390.0,406.9,16.9,596.0,0.65,0.65,0.682718,610.0,0.64,0.64,0.667705,
03/31/2015,2058.0,2058.0,,-972.0,972.0,1086.0,0.0,-863.0,177.0,539.0,147.0,223.0,-5.0,5.0,,,,0.0,218.0,-9.0,209.0,0.0,0.0,0.0,209.0,0.0,209.0,0.0,0.0,209.0,306.5,97.5,600.0,0.35,0.35,0.510833,613.0,0.34,0.34,0.499054,
06/30/2015,2096.0,2096.0,,-939.0,939.0,1157.0,0.0,-755.0,188.0,538.0,29.0,402.0,-8.0,3.0,,,,5.0,394.0,-8.0,386.0,0.0,0.0,0.0,386.0,0.0,386.0,0.0,0.0,386.0,402.9,16.9,602.0,0.64,0.64,0.669269,616.0,0.63,0.63,0.657435,
09/30/2015,2187.0,2187.0,,-1015.0,1015.0,1172.0,0.0,-736.0,177.0,542.0,17.0,436.0,5.0,1.0,,,,-6.0,441.0,-12.0,429.0,0.0,0.0,0.0,429.0,0.0,429.0,0.0,0.0,429.0,439.4,10.4,608.0,0.71,0.71,0.722697,620.0,0.69,0.69,0.706774,
