Date,Total Interest Income,Total Interest Expense,Net Interest Income,Trading Account Profit,Commissions & Fees Earned,Other Operating Income,Net Revenue,Provisions for Loan Losses,Net Revenue After Provisions,Non-Interest Expense,Operating Income or Losses,Net Non-Operating Losses (Gains),Pretax Income,Income Tax Expense (Benefit),Income Before XO Items,Extraordinary Loss Net of Tax,Minority/Non Controlling Interests (Credits),Net Income/Net Profit (Losses),Total Cash Preferred Dividends,Other Adjustments,Net Inc Avail to Common Shareholders,Abnormal Losses (Gains),Tax Effect on Abnormal Items,Normalized Income,Basic EPS Before Abnormal Items,Basic EPS Before XO Items,Basic Earnings per Share,Basic Weighted Avg Shares,Diluted EPS Before Abnormal Items,Diluted EPS Before XO Items,Diluted EPS,Diluted Weighted Avg Shares,Source: Bloomberg
09/29/1989,346.282013,-298.510986,47.771027,81.886002,150.841003,1.43,281.928032,0.0,281.928032,-245.760994,36.167,0.0,36.167,-14.105,22.062,0.0,0.0,22.062,-1.312,,20.75,,,20.75,,0.116166,0.116166,181.58883,0.116166,0.116166,0.116166,181.58883,
12/31/1989,344.953003,-303.601013,41.35199,85.275002,145.600998,2.217,274.444989,0.0,274.444989,-226.677005,47.768002,0.0,47.768002,-18.634001,29.134001,0.0,0.0,29.134001,-1.127,,28.007001,,,28.007001,,0.156571,0.154046,180.399273,0.156571,0.156571,0.154046,180.399273,
03/30/1990,321.204987,-282.770996,38.43399,135.100998,126.132004,5.18,304.846992,0.0,304.846992,-250.317005,54.529999,0.0,54.529999,-19.878,34.652,0.0,0.0,34.652,-1.016,,33.636,,,33.635998,,0.190916,0.189325,176.704352,0.190916,0.190916,0.189325,176.704352,
06/30/1990,371.303986,-332.32901,38.974976,127.123001,138.231003,3.292,307.62098,0.0,307.62098,-253.553996,54.067001,0.0,54.067001,-20.547001,33.52,0.0,0.0,33.52,-0.965,,32.555,,,32.555,,0.189325,0.187097,177.05029,0.189325,0.189325,0.187097,177.05029,
09/28/1990,342.459015,-304.687988,37.771027,85.489998,124.400002,9.484,257.145026,0.0,257.145026,-228.088003,29.056999,0.0,29.056999,-11.042,18.014999,0.0,0.0,18.014999,-0.978,,17.036999,,,17.036999,,0.099395,0.099395,172.627123,0.099395,0.099395,0.099395,172.627123,
12/31/1990,375.57901,-339.688995,35.890015,113.440002,95.710999,1.935,246.976016,0.0,246.976016,-221.112996,25.863001,0.0,25.863001,-9.004,16.858999,0.0,0.0,16.858999,-1.018,,15.840999,,,15.841001,,0.099395,0.099395,164.140213,0.099395,0.099395,0.099395,164.140213,
03/29/1991,304.645996,-265.281006,39.36499,172.744995,144.214996,5.302,361.626982,0.0,361.626982,-270.805999,90.820999,0.0,90.820999,-33.148998,57.672001,0.0,0.0,57.672001,-0.892,,56.780001,,,56.780001,,0.350808,0.350808,162.405433,0.350808,0.350808,0.350808,162.405433,
06/30/1991,256.609985,-231.371002,25.238983,174.350006,171.218002,2.369,373.175992,0.0,373.175992,-289.416015,83.760002,0.0,83.760002,-33.441002,50.319,0.0,0.0,50.319,-0.932,,49.387,,,49.387,,0.306957,0.306957,162.147617,0.306957,0.306957,0.306957,162.147617,
09/27/1991,277.967987,-243.854004,34.113983,178.093994,139.037994,1.966,353.211972,0.0,353.211972,-274.781013,78.431,0.0,78.431,-31.372,47.058998,0.0,0.0,47.058998,-0.929,,46.129998,,,46.13,,0.2824,0.283628,165.571437,0.2824,0.2824,0.283628,165.571437,
12/31/1991,260.312012,-219.011993,41.300018,237.938995,195.936996,3.848,479.02401,0.0,479.02401,-348.288986,130.735001,0.0,130.735001,-53.313999,77.420998,0.0,0.0,77.420998,-0.861,,76.559998,,,76.560001,,0.477011,0.477011,165.173018,0.477011,0.477011,0.477011,165.173018,
03/27/1992,220.100998,-180.820999,39.279999,310.82901,174.298004,6.912,531.319013,0.0,531.319013,-372.336012,158.983002,0.0,158.983002,-67.639,91.344002,0.0,0.0,91.344002,-0.673,,90.671002,,,90.671002,,0.567256,0.568545,165.02564,0.567256,0.567256,0.568545,165.02564,
06/30/1992,238.462006,-191.171997,47.290009,245.128006,183.906998,2.22,478.545012,0.0,478.545012,-339.069006,139.475998,0.0,139.475998,-60.722,78.753998,0.0,0.0,78.753998,-0.729,,78.024998,,,78.024998,,0.50763,0.50763,160.658502,0.50763,0.50763,0.50763,160.658502,
09/25/1992,204.470001,-165.171005,39.298996,250.675003,147.259995,1.768,439.001994,0.0,439.001994,-330.458012,108.543999,0.0,108.543999,-45.588001,62.956001,0.0,0.0,62.956001,-0.711,,62.245001,,,62.244997,,0.412872,0.412195,164.026805,0.412872,0.412872,0.412195,164.026805,
12/31/1992,225.464005,-177.886993,47.577011,231.557007,168.636002,5.412,453.18202,0.0,453.18202,-342.328985,110.852997,0.0,110.852997,-46.558998,64.293999,0.0,0.0,64.293999,-0.698,,63.595999,,,63.595999,,0.390875,0.390875,161.733103,0.390875,0.390875,0.390875,161.733103,
03/26/1993,207.031006,-163.427994,43.603012,320.263,200.688995,6.088,570.643008,0.0,570.643008,-387.216,183.427002,0.0,183.427002,-73.011002,110.416,0.0,0.0,110.416,-0.835,,109.581,,,109.581,,0.689361,0.689361,159.511299,0.689361,0.689361,0.689361,159.511299,
06/30/1993,265.516998,-203.600006,61.916992,361.64801,254.240997,6.183,683.989,0.0,683.989,-472.415005,211.574005,0.0,211.574005,-86.792999,124.780998,0.0,0.0,124.780998,-4.981,,119.799998,,,119.800006,,0.760429,0.760429,156.580727,0.760429,0.760429,0.760429,156.580727,
09/24/1993,245.270004,-184.005997,61.264008,288.498993,226.768005,11.181,587.712006,0.0,587.712006,-409.719994,177.992004,0.0,177.992004,-73.689003,104.303001,0.0,0.0,104.303001,-5.537,,98.766001,,,98.766001,,0.604434,0.604434,166.299395,0.604434,0.604434,0.604434,166.299395,
12/31/1993,326.460999,-250.451996,76.009003,363.442993,306.471008,6.182,752.105004,0.0,752.105004,-520.19099,231.914001,0.0,231.914001,-97.100998,134.813004,0.0,0.0,134.813004,-4.499,,130.314003,,,130.314003,,0.783526,0.783526,165.638498,0.783526,0.783526,0.783526,165.638498,
03/25/1994,315.269012,-245.324005,69.945007,353.998993,225.112,4.581,653.637,0.0,653.637,-457.138996,196.498001,0.0,196.498001,-81.047997,115.449997,0.0,0.0,115.449997,-6.2,,109.249997,,,109.250005,,0.686518,0.686518,163.414343,0.686518,0.686518,0.686518,163.414343,
06/30/1994,417.391998,-340.27301,77.118988,125.973,218.376007,6.095,427.562995,0.0,427.562995,-391.167997,36.395,0.0,36.395,-3.996,32.398998,0.0,0.0,32.398998,-14.337,,18.061998,,,18.062,0.109694,0.109694,0.109694,159.005537,0.109694,0.109694,0.109694,159.005537,
09/30/1994,447.511993,-376.141998,71.369995,177.065994,178.681,6.508,433.624989,0.0,433.624989,-376.430012,57.195,0.0,57.195,-21.733999,35.460999,0.0,0.0,35.460999,-6.232,,29.228999,,,29.229001,,0.188046,0.188046,164.257433,0.188046,0.188046,0.188046,164.257433,
12/31/1994,472.746002,-400.130005,72.615997,145.091995,201.733994,7.161,426.602986,0.0,426.602986,-373.495005,53.108002,0.0,53.108002,-20.181,32.926998,0.0,0.0,32.926998,-6.329,,26.597998,,,26.598002,,0.172376,0.172376,163.139411,0.172376,0.172376,0.172376,163.139411,
03/31/1995,519.075012,-439.091003,79.984009,253.462997,248.735992,6.148,588.330998,0.0,588.330998,-454.879015,133.451996,0.0,133.451996,-50.712002,82.739998,0.0,0.0,82.739998,-6.308,,76.431998,,,76.431994,,0.501457,0.501457,162.431075,0.501457,0.501457,0.501457,162.431075,
06/30/1995,530.172974,-463.152008,67.020966,284.744995,266.674011,8.058,626.497972,0.0,626.497972,-482.170997,144.326996,0.0,144.326996,-54.844002,89.483002,0.0,0.0,89.483002,-6.268,,83.215002,,,83.214994,0.493621,0.493621,0.493621,167.363058,0.493621,0.493621,0.493621,167.363058,
09/29/1995,553.921021,-456.945007,96.976013,269.915009,242.595001,8.003,617.489023,0.0,617.489023,-461.079008,156.410004,0.0,156.410004,-62.563999,93.846001,0.0,0.0,93.846001,-6.21,,87.636001,,,87.636004,,0.542984,0.542984,166.44414,0.542984,0.542984,0.542984,166.44414,
12/31/1995,607.059998,-502.403015,104.656982,260.839996,313.617004,8.546,687.659983,0.0,687.659983,-506.779005,180.880997,0.0,180.880997,-75.724998,105.155998,0.0,0.0,105.155998,-6.2,,98.955998,,,98.955998,,0.625254,0.625254,165.605438,0.625254,0.625254,0.625254,165.605438,
03/29/1996,604.776978,-503.753998,101.02298,353.072998,327.539001,10.607,792.24198,0.0,792.24198,-570.427002,221.815002,0.0,221.815002,-92.944,128.871002,0.0,0.0,128.871002,-6.047,,122.824002,,,122.824002,,0.777454,0.777454,163.502617,0.777454,0.777454,0.777454,163.502617,
06/30/1996,627.507996,-518.06897,109.439026,355.868988,410.13501,9.858,885.301023,0.0,885.301023,-609.481003,275.820007,0.0,275.820007,-113.055,162.764999,0.0,0.0,162.764999,-6.036,,156.729,,,156.729007,,1.019328,1.019328,160.313699,1.019328,1.019328,1.019328,160.313699,
09/27/1996,660.257019,-547.468994,112.788025,294.891998,270.264008,10.74,688.684031,0.0,688.684031,-510.167013,178.516998,0.0,178.516998,-70.068001,108.448997,0.0,0.0,108.448997,-6.031,,102.417997,0.0,0.0,102.417997,0.656517,0.656517,0.656517,166.390064,0.656517,0.656517,0.656517,166.390064,
12/31/1996,745.609985,-616.395996,129.213989,429.239014,366.721985,14.959,940.133987,0.0,940.133987,-649.579018,290.554993,0.0,290.554993,-114.042999,176.511993,0.0,0.0,176.511993,-5.939,,170.572993,0.0,0.0,170.572993,1.097074,1.097074,1.097074,164.030831,1.097074,1.097074,1.097074,164.030831,
03/27/1997,712.684998,-576.835999,135.848999,407.335999,380.52301,10.757,934.465008,0.0,934.465008,-658.690029,275.774994,0.0,275.774994,-110.293999,165.481003,0.0,0.0,165.481003,-5.929,,159.552003,0.0,0.0,159.551995,1.034014,1.034014,1.034014,161.992538,1.034014,1.034014,1.034014,161.992538,
09/26/1997,964.570984,-816.914978,147.656006,391.514008,432.772003,24.148001,996.090017,0.0,996.090017,-728.952003,267.138,0.0,267.138,-105.519997,161.617996,0.0,0.0,161.617996,-5.925,,155.692996,0.0,0.0,155.693004,1.006803,1.006803,1.006803,167.592129,1.006803,1.006803,1.006803,167.592129,
12/31/1997,1081.297974,-919.304016,161.993958,390.511993,509.380005,11.877,1073.762956,0.0,1073.762956,-814.146999,259.605011,0.0,259.605011,-99.383003,160.222,0.0,0.0,160.222,-5.923,,154.299,0.0,0.0,154.299008,1.006803,1.006803,1.006803,167.925086,1.006803,1.006803,1.006803,167.925086,
03/27/1998,1037.202026,-877.392029,159.809998,452.742004,423.473999,14.203,1050.229001,0.0,1050.229001,-784.506004,265.722992,0.0,265.722992,-99.403999,166.319,0.0,0.0,166.319,-9.126,,157.193,0.0,0.0,157.192992,1.038549,1.038549,1.038549,165.46872,1.038549,1.038549,1.038549,165.46872,
06/30/1998,1202.524048,-1024.901978,177.62207,492.213989,538.559998,12.945,1221.341057,0.0,1221.341057,-842.315002,379.026001,-108.0,271.026001,-98.755997,172.270004,0.0,0.0,172.270004,-10.038,,162.232004,0.0,0.0,162.232004,1.514739,1.115646,1.115646,163.562493,1.514739,1.115646,1.115646,163.562493,
09/25/1998,1104.838989,-939.703003,165.135986,197.048996,362.575989,16.139999,740.90097,0.0,740.90097,-647.592014,93.308998,0.0,93.308998,-29.205999,64.102997,0.0,0.0,64.102997,-10.095,,54.007997,0.0,0.0,54.007998,0.362812,0.362812,0.362812,167.67261,0.362812,0.362812,0.362812,167.67261,
12/31/1998,1068.680054,-911.934998,156.745056,419.002014,418.339996,26.705,1020.792067,0.0,1020.792067,-813.314026,207.477997,0.0,207.477997,-71.557999,135.919998,0.0,0.0,135.919998,-9.778,,126.141998,0.0,0.0,126.141998,0.798186,0.798186,0.798186,166.27354,0.798186,0.798186,0.798186,166.27354,
03/26/1999,714.60199,-574.763977,139.838013,600.309998,474.091003,15.884,1230.123013,0.0,1230.123013,-897.192009,332.931,0.0,332.931,-128.959,203.972,0.0,0.0,203.972,-9.778,,194.194,0.0,0.0,194.194,1.352381,1.352381,1.352381,164.54445,1.352381,1.352381,1.352381,164.54445,
06/30/1999,1007.445007,-840.512024,166.932983,712.776001,598.203003,32.396,1510.307987,0.0,1510.307987,-1079.92001,430.390015,0.0,430.390015,-161.337006,269.053009,0.0,0.0,269.053009,-9.462,,259.591009,0.0,0.0,259.591009,1.761905,1.761905,1.761905,163.60995,1.761905,1.761905,1.761905,163.60995,
02/25/2000,1369.759,-1181.959,187.8,647.591,618.63,52.045,1506.066,0.0,1506.066,-1052.263,453.803,0.0,453.803,-175.622,278.181,0.0,0.0,278.181,-9.778,28.876,297.279,0.0,0.0,297.279,1.89,1.89,1.89,157.641,1.89,1.89,1.89,157.686,
05/26/2000,1414.878,-1172.728,242.15,504.286,557.519,17.351,1321.306,0.0,1321.306,-1155.487,165.819,0.0,165.819,-47.442,118.377,0.0,0.0,118.377,-9.778,0.0,108.599,163.8,-67.8,204.599,1.4,0.77,0.77,152.446615,1.4,0.77,0.77,152.624273,
08/25/2000,1353.628,-1137.411,216.217,521.086,498.939,35.236,1271.478,0.0,1271.478,-1001.895,269.583,0.0,269.583,-88.147,181.436,0.0,0.0,181.436,-9.778,,171.658,0.0,0.0,171.658,1.33,1.33,1.33,148.816237,1.32,1.32,1.32,149.242192,
11/30/2000,1504.096,-1280.188,223.908,552.055,554.003,46.862,1376.828,0.0,1376.828,-1094.51,282.318,0.0,282.318,-87.129,195.189,0.0,0.0,195.189,-9.779,50.608,236.018,0.0,0.0,236.018,1.37,1.37,1.37,146.844612,1.36,1.36,1.36,148.584531,
02/23/2001,1086.599,-922.389,164.21,589.571,420.725,39.281,1213.787,0.0,1213.787,-960.823,252.964,0.0,252.964,-87.01,165.954,-6.273,0.0,159.681,-9.778,17.641,167.544,0.0,0.0,173.817,1.15,1.15,1.11,149.080028,1.15,1.15,1.06,158.617123,
05/25/2001,1215.744,-1080.724,135.02,722.569,472.156,38.913,1368.658,0.0,1368.658,-1101.829,266.829,0.0,266.829,-97.336,169.493,0.0,0.0,169.493,-9.778,19.696,179.411,0.0,0.0,179.411,1.23,1.23,1.23,145.456,1.18,1.18,1.18,154.826,
08/31/2001,1233.861,-1097.047,136.814,551.156,478.973,37.815,1204.758,0.0,1204.758,-1000.072,204.686,0.0,204.686,-70.114,134.572,0.0,0.0,134.572,-9.778,14.935,139.729,0.0,0.0,139.729,1.0,1.0,1.0,140.332,0.95,0.95,0.95,149.056,
11/30/2001,803.094,-693.838,109.256,419.501,517.002,74.073,1119.832,0.0,1119.832,-909.867,209.965,0.0,209.965,-55.019,154.946,0.0,0.0,154.946,-9.779,17.722,162.889,0.0,0.0,162.889,1.14,1.14,1.14,136.672,1.08,1.08,1.08,145.04,
02/28/2002,598.633,-478.966,119.667,660.75,416.551,42.21,1239.178,0.0,1239.178,-965.651,273.527,0.0,273.527,-93.001,180.526,0.0,0.0,180.526,-9.778,19.991,190.739,0.0,0.0,190.739,1.39,1.39,1.39,134.794,1.29,1.29,1.29,148.115,
05/31/2002,584.522,-462.738,121.784,705.791,476.096,43.195,1346.866,0.0,1346.866,-1088.214,258.652,260.8,519.452,-176.6,342.852,0.0,0.0,342.852,-9.314,40.626,374.164,-260.8,107.3,220.664,1.65,2.8,2.8,133.772,1.55,2.59,2.59,147.592,
08/31/2002,543.653,-427.013,116.64,556.892,433.723,47.129,1154.384,0.0,1154.384,-909.18,245.204,0.0,245.204,-80.786,164.418,0.0,0.0,164.418,-8.324,19.284,175.378,0.0,0.0,175.378,1.32,1.32,1.32,132.436,1.23,1.23,1.23,145.895,
11/30/2002,505.351,-393.863,111.488,614.366,391.184,43.87,1160.908,0.0,1160.908,-854.228,306.68,-33.9,272.78,-82.231,190.549,0.0,0.0,190.549,-8.19,27.912,210.271,33.9,-12.8,231.371,1.63,1.48,1.48,130.133,1.5,1.36,1.36,143.799,
02/28/2003,434.159,-322.481,111.678,968.464,409.498,25.794,1515.434,,1515.434,-1090.235,425.199,,425.199,-150.946,274.253,,,274.253,-7.992,,266.261,,,266.261,2.21,2.21,2.21,129.773603,2.0,2.0,2.0,147.029224,
05/31/2003,522.565,-387.492,135.073,809.915,480.232,37.5,1462.72,0.0,1462.72,-1034.59,428.13,0.0,428.13,-147.719,280.411,0.0,0.0,280.411,-7.795,20.016,292.632,0.0,0.0,292.632,2.27,2.27,2.27,128.711,2.05,2.05,2.05,146.063,
08/31/2003,503.135,-357.211,145.924,724.023,578.604,36.509,1485.06,0.0,1485.06,-1002.883,482.177,0.0,482.177,-168.762,313.415,0.0,0.0,313.415,-7.794,21.037,326.658,0.0,0.0,326.658,2.54,2.54,2.54,128.682,2.3,2.3,2.3,145.6,
11/30/2003,2016.728,-333.769,1682.959,790.486,514.204,64.842,3052.491,0.0,3052.491,-1094.514,436.763,0.0,436.763,-148.436,288.327,0.0,0.0,288.327,-7.794,0.0,280.533,0.0,0.0,280.533,2.43,2.43,2.43,124.091,2.19,2.19,2.19,140.876,
02/29/2004,520.464,-355.522,164.942,946.862,568.513,45.606,1725.923,,1725.923,-1194.945,530.978,,530.978,-169.913,361.065,,,361.065,-7.419,,353.646,,,353.646,2.88,2.88,2.88,129.118964,2.57,2.57,2.57,147.108483,
05/31/2004,498.469,-340.26,158.209,915.469,568.714,81.146,1723.538,,1723.538,-1212.062,511.476,,511.476,-163.673,347.803,,,347.803,-7.194,,340.609,,,340.609,2.77,2.77,2.77,129.071295,2.49,2.49,2.49,146.921897,
08/31/2004,528.703979,-359.588013,169.115967,848.981995,464.414001,52.252998,1534.764961,0.0,1534.764961,-1090.882057,443.882996,0.0,443.882996,-160.619995,283.263,0.0,0.0,283.263,-6.843,17.143,293.563,0.0,0.0,293.563,2.31,2.31,2.31,127.014999,2.09,2.09,2.09,144.201996,
11/30/2004,2068.06,-553.649,1514.411,824.057,725.083,63.488,3127.039,0.0,3127.039,-1292.84,535.821,0.0,535.821,-183.215,352.606,0.0,0.0,352.606,-6.616,0.0,345.99,0.0,0.0,345.99,2.91,2.91,2.91,125.346,2.61,2.61,2.61,142.673,
02/28/2005,1021.619,-784.709,,960.364,568.995,71.391,1600.75,0.0,1600.75,-1259.332,578.328,0.0,578.328,-199.523,378.805,0.0,0.0,378.805,-6.478,13.884,386.211,0.0,0.0,386.211,2.94,2.94,2.94,131.261212,2.64,2.64,2.64,149.193402,
05/31/2005,1191.785,-950.028,,980.179,651.616,0.0,1631.795,0.0,1631.795,-1411.113,462.439,0.0,462.439,-164.329,298.11,0.0,0.0,298.11,-6.443,10.894,302.561,0.0,0.0,302.561,2.32,2.32,2.32,130.663337,2.09,2.09,2.09,148.037979,
08/31/2005,1344.089,-1113.114,,883.142,698.163,0.0,1581.305,0.0,1581.305,-1232.125,580.155,0.0,580.155,-201.85,378.305,0.0,0.0,378.305,-5.948,13.659,386.016,0.0,0.0,386.016,2.96,2.96,2.96,130.194452,2.69,2.69,2.69,147.051538,
11/30/2005,1549.526,-1293.802,255.724,994.063,637.515,0.0,1887.302,0.0,1887.302,-1301.165,586.137,0.0,586.137,-179.18,406.957,0.0,0.0,406.957,-5.452,12.193,413.698,0.0,0.0,413.698,3.21,3.21,3.21,128.999,2.9,2.9,2.9,145.535,
02/28/2006,1723.989,-1453.215,,1150.432,763.997,0.0,1914.429,0.0,1914.429,-1432.85,752.353,0.0,752.353,-238.197,514.156,0.0,0.0,514.156,-5.414,11.804,520.546,0.0,0.0,520.546,3.92,3.92,3.92,132.738565,3.54,3.54,3.54,149.417369,
05/31/2006,2110.876,-1804.307,,1492.478,700.395,0.0,2192.873,0.0,2192.873,-1665.243,834.199,0.0,834.199,-294.866,539.333,0.0,0.0,539.333,-5.376,12.597,546.554,0.0,0.0,546.554,4.12,4.12,4.12,132.810062,3.72,3.72,3.72,149.945896,
08/31/2006,2322.992,-2006.552,,1093.997,718.698,0.0,1812.695,0.0,1812.695,-1461.897,667.238,0.0,667.238,-229.682,437.556,0.0,0.0,437.556,-5.316,8.821,441.061,0.0,0.0,441.061,3.34,3.34,3.34,132.086016,3.02,3.02,3.02,148.899406,
11/30/2006,2378.172,-2060.18,317.992,1258.105,837.288,0.0,2413.385,0.0,2413.385,-1520.545,892.84,0.0,892.84,-330.014,562.826,0.0,0.0,562.826,-5.257,13.725,571.294,0.0,0.0,571.294,4.42,4.42,4.42,129.182,4.0,4.0,4.0,145.923,
02/28/2007,2657.0,-2316.0,341.0,1342.0,799.0,0.0,2482.0,0.0,2482.0,-1647.0,835.0,0.0,835.0,-281.0,554.0,0.0,0.0,554.0,-6.0,15.0,563.0,0.0,0.0,563.0,4.23,4.23,4.23,133.094747,3.82,3.82,3.82,149.722654,
05/31/2007,2806.103,-2463.826,342.277,1222.964,946.735,0.0,2511.976,0.0,2511.976,-1730.862,781.114,-227.457,553.657,-191.933,361.724,0.0,0.0,361.724,-5.257,10.075,366.542,227.457,-96.561,497.438,3.77,2.78,2.78,131.684419,3.4,2.52,2.52,148.745798,
08/31/2007,3368.564,-3009.092,359.472,300.675,670.602,0.0,1330.749,0.0,1330.749,-1155.923,174.826,0.0,174.826,-3.528,171.298,0.0,0.0,171.298,-5.201,1.205,167.302,0.0,0.0,167.302,1.3,1.3,1.3,128.949234,1.16,1.16,1.16,145.105029,
11/30/2007,2724.0,-2417.0,307.0,-1543.0,857.0,0.0,-379.0,0.0,-379.0,-992.0,-1371.0,0.0,-1371.0,517.0,-854.0,0.0,0.0,-854.0,-5.0,-18.0,-877.0,0.0,0.0,-877.0,-6.9,-6.9,-6.9,127.119245,-6.9,-6.9,-6.9,127.119245,
02/29/2008,2198.0,-1948.0,250.0,515.0,714.0,0.0,1479.0,0.0,1479.0,-1326.0,153.0,0.0,153.0,-38.0,115.0,0.0,0.0,115.0,-5.0,5.0,115.0,0.0,0.0,115.0,0.89,0.89,0.89,129.128281,0.86,0.86,0.86,138.539248,
