Date,Revenue,Rental Income,Base Rent,Recoveries from Tenants,Percentage Rent,Other Rental Income,Real Estate Sales,Com & Fee Earn/Inc from REO,Mortgage Income,Other Operating Income,Operating Expenses,Property Operating Expenses,General & Administrative,Depreciation & Amortization,Provision for Loan Losses,Cost of Real Estate Sold,Other Operating Expenses,Operating Income (Loss),Non-Operating (Income) Loss,Interest Expense,(Income) Loss from Affiliates,Other Non-Op (Income) Loss,Pretax Income,Income Tax Expense (Benefit),Current Income Tax,Deferred Income Tax,Income (Loss) from Cont Ops,Net Extraordinary Losses (Gains),Discontinued Operations,XO & Accounting Changes,Income (Loss) Incl. MI,Minority Interest,"Net Income, GAAP",Preferred Dividends,Other Adjustments,"Net Income Avail to Common, GAAP","Net Income Avail to Common, Adj",Net Abnormal Losses (Gains),Basic Weighted Avg Shares,"Basic EPS, GAAP",Basic EPS from Cont Ops,"Basic EPS from Cont Ops, Adjusted",Diluted Weighted Avg Shares,"Diluted EPS, GAAP",Diluted EPS from Cont Ops,"Diluted EPS from Cont Ops, Adjusted",FFO Reconciliation,D&A of Con Real Estate,D&A of Uncon Real Estate,D&A of Non-Real Estate Assets,Impairment of Assets,Income from Uncon JVs,Disposal of Con Assets,Disposal of Uncon Assets,Disposal of Assets from Disc Ops,Other FFO Adjustments,Funds from Operations,Other Abnormal Gains/(Losses),Adjusted Funds from Operations,Straight-Line Rent,Stock-Based Compensation,Recurring Capital Expenditure,Accounting Adjustments,Tenant Improv & Leasing Com,Funds Available For Distribution,AFFO Per Diluted Share,FAD Per Diluted Share,Dividend Per Share,AFFO Payout Ratio,FAD Payout Ratio,FFO Payout Ratio,Source: Bloomberg
03/31/1997,63.455002,48.402,,,,,0.0,0.0,0.0,15.053,-35.514,14.005,2.667,8.841,0.0,,10.001,27.941,-27.719,27.719,0.0,0.0,0.222,0.0,,,,0.0,,,0.222,,0.096,,,0.096,0.096,,38.694,0.24,0.24,0.24,38.694,0.24,0.24,0.24,,,,,,,,,,,17.975,,17.975,,,,,,17.975,0.464542,0.464542,0.0,0.0,0.0,0.0,
06/30/1997,5.363,4.946,,,,,0.0,0.116,0.0,0.301,-2.463,1.37,0.247,0.846,0.0,,0.0,2.9,-1.371,1.371,0.0,0.0,1.529,0.0,,,,-7.983,,,9.512,,9.057,,,9.057,9.057,,38.694,0.23,0.03,0.03,38.694,0.23,0.03,0.03,,,,,,,,,,,1.697,,1.697,,,,,,1.697,0.043857,0.043857,0.035,79.804949,79.804949,0.0,
09/30/1997,62.988998,59.089001,,,,,0.0,2.105,0.0,1.795,-28.708,16.523001,2.917,9.268,0.0,,0.0,34.281,-14.719,14.719,0.0,0.0,19.562,0.0,,,,0.058,,,19.504,,13.722,,,13.722,13.722,,38.694,0.36,0.36,0.36,38.694,0.36,0.36,0.36,,,,,,,,,,,20.200001,,20.200001,,,,,,20.200001,0.522045,0.522045,0.405,77.579552,77.579552,84.287121,
12/31/1997,77.288,75.388,,,,,0.0,1.591,0.0,0.309,-37.291,22.201,3.525,11.565,0.0,,0.0,39.997,-22.214,22.214,0.0,0.0,17.783,0.0,,,,0.0,,,17.783,,12.372,,,12.372,12.372,,38.694,0.32,0.32,0.32,39.108,0.32,0.32,0.32,,,,,,,,,,,26.459,,26.459,,,,,,26.459,0.676562,0.676562,0.405,59.861447,59.861447,59.756605,
03/31/1998,95.602997,88.827003,,,,,0.0,1.776,0.0,5.0,-44.446001,26.530001,4.821,13.095,0.0,,0.0,51.157001,-24.929001,24.929001,0.0,0.0,26.228001,0.0,,,,0.0,,,26.228001,,19.631001,,,19.631001,19.631001,,54.283001,0.36,0.36,0.36,54.902,0.36,0.36,0.36,,,,,,,,,,,29.447001,,29.447001,,,,,,29.447001,0.536356,0.536356,0.405,75.509593,75.509593,84.850748,
06/30/1998,108.041,97.611,,,,,0.0,4.383,0.0,6.047,-49.797,27.403,5.8,16.594,0.0,,0.0,58.243999,-23.813999,23.813999,0.0,0.0,34.43,0.0,,,,-3.564,,,37.994,,29.921,,,29.921,29.921,,61.694,0.48,0.42,0.42,62.284,0.48,0.42,0.42,,,,,,,,,,,38.938,,38.938,,,,,,38.938,0.625169,0.625169,0.404999,64.782332,64.782332,66.064002,
09/30/1998,140.177002,133.199997,,,,,0.0,2.734,0.0,4.243,-70.907002,43.255001,6.129,21.523001,0.0,,0.0,69.27,-33.182999,33.182999,0.0,0.0,36.087002,0.0,,,,0.0,,,36.087002,,25.341,,,25.341,25.341,,63.467999,0.4,0.4,0.4,63.991001,0.4,0.4,0.4,,,,,,,,,,,41.053001,,41.053001,,,,,,41.053001,0.641543,0.641543,0.425,66.246499,66.246499,65.766204,
12/31/1998,170.026,162.06,,,,,0.0,3.517,0.0,4.449,-83.261,53.303,5.753,24.205,0.0,,0.0,86.765,-42.934,42.934,0.0,0.0,43.831,0.0,,,,9.045,,,34.786,,18.226,,,18.226,18.226,9.045,63.528,0.29,0.43,0.5723,68.432,0.29,0.43,0.562,,,,,,,,,,,43.606998,,43.606998,,,,,,43.606998,0.637231,0.637231,0.425,66.694801,66.694801,61.914375,
03/31/1999,187.639999,179.947006,,,,,0.0,4.047,0.0,0.57,-91.753999,57.349998,6.61,27.794001,0.0,,0.0,95.885998,-50.246,50.459,-0.213,0.0,45.639998,0.0,,,,0.0,,,45.639998,,25.773001,,,24.934001,24.934001,,63.534,0.39,0.39,0.39,64.078003,0.39,0.39,0.39,,,,,,,,,,,62.813999,,62.813999,,,,,,62.813999,0.980274,0.980274,0.425,43.355227,43.355227,42.992007,
06/30/1999,191.639999,187.408997,,,,,0.0,3.611,0.0,0.62,-97.101001,60.306,7.352,29.443001,0.0,,0.0,94.539002,-48.990002,49.219002,-0.229,0.0,45.549,0.0,,,,0.0,,,45.549,,28.905001,,,27.223001,27.223001,,65.533997,0.42,0.42,0.42,66.336998,0.41,0.41,0.41,,,,,,,,,,,66.365997,,66.365997,,,,,,66.365997,1.000437,1.000437,0.425,42.481429,42.481429,43.47859,
09/30/1999,202.205002,197.054993,,,,,0.0,3.706,0.0,1.444,-105.126,66.665001,7.383,31.077999,0.0,,0.0,97.079002,-51.562002,51.768002,-0.206,0.0,45.517001,0.0,,,,0.0,,,45.517001,,29.072001,,,27.418,27.418,,67.901001,0.4,0.4,0.4,68.484001,0.4,0.4,0.4,,,,,,,,,,,67.817001,,67.817001,,,,,,67.817001,0.990261,0.990261,0.45,45.442587,45.442587,42.552751,
12/31/1999,205.078995,197.929993,,,,,0.0,3.344,0.0,3.805,-104.800998,64.946999,8.11,31.743999,0.0,,0.0,100.278,-112.644001,53.964001,65.097,-6.417,-12.366001,0.0,,,,0.0,,,-12.366001,,36.026001,,,34.372001,34.372001,,67.905998,0.51,0.41,0.41,68.247002,0.5,0.41,0.41,,,,,,,,,,,69.634003,,69.634003,,,,,,69.634003,1.020323,1.020323,0.45,44.103669,44.103669,44.795645,
03/31/2000,210.253998,206.681,,,,,0.0,2.863,0.0,0.71,-104.816001,65.177002,7.408,32.230999,0.0,,0.0,105.438,-55.07,55.215,-0.145,0.0,50.368,0.0,,,,0.0,,,50.368,,32.619999,,,30.976999,30.976999,,67.943001,0.46,0.46,0.46,68.379997,0.45,0.45,0.45,,,,,,,,,,,73.945999,,73.945999,,,,,,73.945999,1.081398,1.081398,0.45,41.612797,41.612797,41.346387,
06/30/2000,217.259003,212.975998,,,,,0.0,2.876,0.0,1.407,-105.019004,64.035004,8.589,32.395,0.0,,0.0,112.240002,-55.284,56.243,-0.662,-0.297,56.956002,0.0,,,,0.0,,,56.956002,,36.522999,,,34.879999,34.879999,,67.990997,0.51,0.51,0.51,69.582001,0.5,0.5,0.5,,,,,,,,,,,80.639999,,80.639999,,,,,,80.639999,1.15892,1.15892,0.53,45.732218,45.732218,44.68626,
09/30/2000,223.313004,219.432999,,,,,0.0,2.693,0.0,1.187,-110.461,68.153999,9.871,32.436001,0.0,,0.0,112.851997,-54.806999,54.751999,-0.549,0.604,58.044998,0.0,,,,0.0,,,58.044998,,38.173,,,36.53,36.53,,68.751999,0.53,0.53,0.53,70.661003,0.52,0.52,0.52,,,,,,,,,,,83.124001,,83.124001,0.0,,,,0.0,83.124001,1.176377,1.176377,0.53,45.053572,45.053572,43.836917,
12/31/2000,228.527,219.852,,,,,0.0,3.405,0.0,5.27,-113.214,67.335,9.791,36.088,0.0,,0.0,115.313,-50.379,50.854,-0.402,-0.073,64.934,0.0,,,,0.334,,,64.6,,44.878,,,43.235,43.235,,80.885002,0.53,0.54,0.54,83.013,0.52,0.52,0.52,,,,,,,,,,,93.157997,,93.157997,,,,,,93.157997,1.12221,1.12221,0.53,47.228248,47.228248,45.789951,
03/31/2001,232.246002,224.404999,,,,,0.0,3.397,0.0,4.444,-115.033004,70.343002,9.95,34.740002,0.0,,0.0,118.423001,-45.127001,47.853001,-1.127,-1.599,73.296,0.0,,,,6.767,,,66.529,,47.25,,,45.607,45.607,,88.688004,0.51,0.59,0.58,91.170998,0.5,0.57,0.57,,,,,,,,,,,95.675003,,95.675003,,,,,,95.675003,1.049402,1.049402,0.53,50.504967,50.504967,49.129866,
06/30/2001,255.084,247.684998,,,,,0.0,3.11,0.0,4.289,-123.419997,76.864998,9.88,36.674999,0.0,,0.0,132.848995,-64.534999,55.869999,-0.717,9.382,68.313996,0.0,,,,0.0,,,68.313996,,50.686001,,,49.038001,49.038001,,89.989998,0.54,0.54,0.54,92.274002,0.53,0.53,0.53,,,,,,,,,,,95.390999,,95.390999,,,,,,95.390999,1.03378,1.03378,0.58,56.104792,56.104792,54.715854,
09/30/2001,275.958008,271.536987,,,,,0.0,2.805,0.0,1.616,-129.812,81.474998,9.819,38.518002,0.0,,0.0,147.347004,-75.559002,59.936001,-0.997,16.620001,71.788002,0.0,,,,0.0,,,71.788002,,53.167999,,,51.514999,51.514999,,90.518997,0.57,0.56,0.74,92.828003,0.56,0.55,0.73,,,,,,,,,,,86.627,,86.627,,,,,,86.627,0.933199,0.933199,0.58,62.151802,62.151802,60.605815,
12/31/2001,266.093994,260.386993,,,,,0.0,3.878,0.0,1.829,-132.504,83.611,8.663,40.23,0.0,,0.0,133.590001,-57.881,59.73,-1.345,-0.504,75.709001,0.0,,,,0.0,,,75.709001,,56.928001,,,55.280001,55.280001,,90.737,0.61,0.61,0.63,92.593002,0.6,0.6,0.62,,,,,,,,,,,104.934998,,104.934998,,,,,,104.934998,1.133293,1.133293,0.58,51.178293,51.178293,50.131034,
03/31/2002,268.05899,263.088989,,,,,0.0,3.698,0.0,1.272,-138.916996,86.297997,11.069,41.549999,0.0,,0.0,129.142002,-63.732999,60.814999,-1.682,4.6,65.409003,0.0,,,,-8.946,,,74.355003,,57.008,,,55.365,55.365,,90.931999,0.61,0.51,0.56,92.782997,0.6,0.5,0.55,,,,,,,,,,,88.929001,,88.929001,,,,,,88.929001,0.958462,0.958462,0.58,60.513598,60.513598,59.306863,
06/30/2002,283.322998,279.303009,,,,,0.0,1.71,0.0,2.31,-144.424001,88.524002,13.564,42.335999,0.0,,0.0,138.898994,-67.532997,64.365997,-1.659,4.826,71.365997,0.0,,,,-3.207,,,74.572997,,56.417999,,,54.774999,54.774999,,91.357002,0.6,0.56,0.56,93.015999,0.59,0.55,0.55,,,,,,,,,,,98.165001,,98.165001,,,,,,98.165001,1.055356,1.055356,0.61,57.800396,57.800396,56.769725,
09/30/2002,301.192993,277.393005,,,,,0.0,2.571,0.0,21.229,-162.530995,95.117996,9.956,43.932999,0.0,,13.524,138.661995,-64.585998,65.475998,-2.53,1.64,74.075997,0.0,,,,-14.942,,,89.017997,,71.667,,,71.541,71.541,,94.903999,0.75,0.59,0.59,96.181,0.74,0.59,0.59,,,,,,,,,,,98.980003,,98.980003,,,,,,98.980003,1.029101,1.029101,0.61,59.275013,59.275013,58.48757,
12/31/2002,333.330994,305.083008,,,,,0.0,2.769,0.0,25.479,-180.628003,98.234001,12.703,52.129002,0.0,,17.562,152.703003,113.387992,72.410004,-2.083,-183.714996,266.090995,0.0,,,,-13.153,,,279.243995,,260.145996,,,260.145996,260.145996,,95.313004,2.73,2.59,2.63,96.394997,2.7,2.56,2.6,,,,,,,,,,,113.463997,,113.463997,,,,,,113.463997,1.177074,1.177074,0.61,51.823442,51.823442,51.222415,
03/31/2003,317.39801,299.147003,,,,,0.0,4.59,0.0,13.661,-170.439003,98.397003,11.399,49.472,0.0,,11.171,146.959,-20.480998,73.644997,-2.658,-50.505999,126.478002,0.0,,,,-76.452003,,,202.930005,,185.044998,,,185.044998,185.044998,,95.733002,1.93,1.13,1.16,96.754997,1.91,1.12,1.14,,,,,,,,,,,102.735,,102.735,,,,,,102.735,1.061806,1.061806,0.61,57.44931,57.44931,56.842489,
06/30/2003,321.095,297.79,,,,,,5.429,,17.876,-244.046,145.313,11.028,,,,87.705,77.049,3.908,,-1.353,-2.555,80.957,,,,,-0.935,,,,,63.236,,,63.236,63.236,,96.531,0.66,0.65,0.65,98.213,0.64,0.63,0.63,,,,,,,,,,,0.625,,0.625,,,,,,0.625,0.006364,0.006364,,,,0.0,
09/30/2003,328.089996,305.842987,,,,,0.0,3.616,0.0,18.631001,-183.010005,106.007004,11.183,52.991001,0.0,,12.829,145.080002,-71.774002,75.343002,-1.343,-2.226,73.306,0.0,,,,-0.929,,,74.235,,56.970001,,,56.970001,56.970001,,97.360001,0.59,0.58,0.58,99.182999,0.57,0.56,0.56,,,,,,,,,,,99.056999,,99.056999,,,,,,99.056999,0.99873,0.99873,0.63,63.080136,63.080136,61.920917,
12/31/2003,333.904999,306.407013,,,,,0.0,4.55,0.0,22.948,-181.817,98.251999,11.749,55.824001,0.0,,15.992,152.087997,-74.338999,75.000999,-0.662,0.0,77.748998,0.0,,,,-1.149,,,78.897998,,60.591999,,,60.591999,60.591999,,97.945,0.62,0.61,0.61,100.099998,0.61,0.6,0.6,,,,,,,,,,,106.931,,106.931,,,,,,106.931,1.068242,1.068242,0.63,58.975413,58.975413,57.705438,
03/31/2004,333.654,309.622,,,,,,3.326,,20.706,-181.787,101.032,12.6,56.477,,,11.678,151.867,-72.488,74.305,-1.377,-0.44,79.379,,,,,-3.589,,,,,66.048,,,66.048,66.048,,100.89,0.65,0.62,0.62,103.49,0.64,0.61,0.61,,,,,,,,,,,103.831001,,103.831001,,,,,,103.831001,1.003295,1.003295,0.63,62.793096,62.793096,61.215532,
06/30/2004,345.133,318.912,,,,,,5.965,,20.256,-188.47,101.864,12.493,60.737,,,13.376,156.663,-72.533,74.789,-0.879,-1.377,84.13,,,,,-19.658,,,,,87.118,,,87.118,87.118,,107.216,0.81,0.63,0.63,109.016,0.79,0.61,0.61,,,,,,,,,,,116.903999,,116.903999,,,,,,116.903999,1.072356,1.072356,0.65,60.61418,60.61418,59.613358,
09/30/2004,359.137,332.629,,,,,,5.832,,20.676,-200.945,108.754,13.002,65.48,,,13.709,158.192,-75.791,77.698,-1.907,,82.401,,,,,-3.319,,,,,68.542,,,68.542,68.542,,108.339,0.63,0.6,0.6,110.581,0.62,0.59,0.59,,,,,,,,,,,119.937,,119.937,,,,,,119.937,1.084608,1.084608,0.65,59.929505,59.929505,58.71445,
12/31/2004,359.316,332.114,,,,,0.0,5.324,0.0,21.878,-234.784,106.614,15.541,68.342,0.0,,44.287,153.82,-78.714,79.378,-0.664,0.0,75.106,0.0,,,,-1.51,,,76.616,,62.254,,,62.254,62.254,,109.359,0.57,0.56,0.56,111.888,0.56,0.55,0.55,,,,,,,,,,,118.891,,118.891,,,,,,118.891,1.062589,1.062589,0.65,61.171325,61.171325,0.0,
03/31/2005,354.273,336.01,,,,,0.0,4.536,0.0,13.727,-201.902,108.484,14.813,67.796,0.0,,10.809,152.371,-76.811,79.354,-1.335,-1.208,75.56,0.0,,,61.242,0.293,,,75.267,37.135,61.242,-3.28,,61.242,61.242,,110.187,0.56,0.56,0.56,112.364,0.55,0.55,0.55,,69.54,,,,,-1.208,,0.644,,140.336,,140.336,,,,,,140.336,1.192107,1.192107,0.65,54.525318,54.525318,51.035764,
06/30/2005,357.935,333.316,,,,,0.0,4.137,0.0,20.482,-200.228,106.455,14.252,67.026,0.0,,12.495,157.707,11.791,78.233,-0.847,-89.177,169.498,0.0,,,,-9.116,,,178.614,,165.49,,,165.49,165.49,,110.764,1.46,1.38,1.495,113.103,1.43,1.35,1.465,,,,,,,,,,,-6.239,,-6.239,,,,,,-6.239,-0.052668,-0.052668,0.68,,,,
09/30/2005,359.094,331.976,,,,,0.0,4.923,0.0,22.195,-202.359,111.112,13.27,65.717,0.0,,12.26,156.735,-75.7,75.7,0.0,0.0,81.035,0.0,,,,-0.746,,,81.781,,57.551,,,57.551,57.551,,111.776,0.51,0.505,0.505,114.09,0.5,0.495,0.495,,,,,,,,,,,147.574,,147.574,,,,,,147.574,1.238276,1.238276,3.18,256.808693,256.808693,240.860639,
12/31/2005,366.333,337.732,,,,,0.0,3.714,0.0,24.887,-207.835,112.284,13.136,66.29,0.0,,16.125,158.498,-24.732,74.804,-1.53,-48.542,133.766,0.0,,,,-40.094,,,173.86,,154.063,,,154.063,154.063,,112.34,1.38,1.02,1.02,114.64,1.35,1.0,1.0,,,,,,,,,,,102.886,,102.886,,,,,,102.886,0.89747,0.89747,0.68,75.76852,75.76852,73.015765,
03/31/2006,347.55,336.302,,,,,0.0,4.374,0.0,6.874,-197.762,112.107,14.642,66.005,0.0,,5.008,149.788,-68.553,74.817,-1.29,-4.974,81.235,0.0,,,67.737,-0.619,,,81.854,36.582,67.737,-3.11,3.025,67.737,67.737,,112.509,0.6,0.6,0.6,115.157,0.59,0.58,0.58,,68.674,,,,,-5.441,,,,141.826,,141.826,-13.155,,-8.469,-1.241,-17.459,104.527,1.181755,0.870964,0.68,57.541523,78.074411,53.943649,
06/30/2006,357.911,335.766,,,,,0.0,5.227,0.0,16.918,-198.119,109.733,15.796,67.077,0.0,,5.513,159.792,473.073,78.449,-1.677,-549.845,632.865,0.0,,,625.731,-3.244,,,636.109,10.167,625.731,-2.965,2.401,625.731,625.731,,113.994,5.33,5.3,5.575,116.176,5.23,5.2,5.47,,69.773,,,,,-581.302,,,0.603,122.007,,122.007,-11.723,,-7.263,-1.373,-25.186,78.863,1.011625,0.653895,0.68,67.218602,103.99224,63.533994,
09/30/2006,359.497,332.009,,,,,0.0,4.558,0.0,22.93,-200.812,111.176,12.739,70.558,0.0,,6.339,158.685,-35.69,73.571,-20.2,-17.681,122.995,0.0,,,,-3.371,,,126.366,,107.962,,,107.962,107.962,,115.432,0.93,0.9,0.9018,117.728,0.91,0.88,0.8817,,,,,,,,,,,,,,,,,,,,,,0.68,,,,
12/31/2006,352.669,324.039,,,,,0.0,5.661,0.0,22.969,-195.915,104.689,16.198,66.922,0.0,,8.106,156.754,-68.332,71.423,-1.34,-1.751,88.422,0.0,,,71.655,-8.87,,,97.292,25.789,72.205,-1.431,2.394,72.205,72.205,,116.949,0.62,0.55,0.55,119.247,0.61,0.54,0.54,,71.495,,,,,-1.183,5.942,,-5.04,167.227,,167.227,-15.942,,-11.387,-0.997,-16.242,125.053,1.376853,1.029616,6.08,441.586873,590.511607,425.200428,
03/31/2007,360.703,332.279,,,,,0.0,4.727,0.0,23.697,-205.465,112.871,16.808,69.772,0.0,,6.014,155.238,545.523,73.926,-0.965,-618.484,700.761,0.0,,,854.307,-164.474,,,865.235,11.164,854.307,-1.202,3.529,854.307,854.307,,118.177,7.14,5.75,5.76,120.647,6.99,5.63,5.64,,72.87,,,,,-619.206,,-161.848,0.224,156.309,,156.309,-12.872,,-3.489,-1.583,-12.732,129.162,1.275274,1.05379,0.68,53.321894,64.528979,51.411218,
06/30/2007,372.213,331.543,,,,,0.0,5.13,0.0,35.54,-209.627,112.998,16.291,73.921,0.0,,6.417,162.586,-56.475,73.743,-17.268,0.0,106.111,0.0,,,102.344,-13.073,,,119.184,-16.84,102.344,-1.084,3.5,102.344,102.344,,118.961,0.86,0.75,0.75,120.984,0.84,0.73,0.73,,76.264,,,,-15.453,,,-11.716,0.232,167.427,,167.427,-8.492,,-7.241,-1.942,-18.907,134.345,1.364968,1.095263,0.68,49.81801,62.085526,48.315672,
09/30/2007,368.584,329.539,,,,,0.0,5.318,0.0,33.727,-210.886,113.506,20.189,70.916,0.0,,6.275,157.698,97.261,69.929,-1.39,-165.8,254.959,0.0,,,242.37,-1.357,,,256.316,14.178,242.37,-1.054,3.457,242.37,242.37,,119.01,2.02,2.01,2.03,120.655,1.99,1.98,2.0,,73.195,,,,0.0,-168.495,,-0.335,-0.235,160.194,,160.194,-8.186,,-10.712,-2.144,-21.855,120.754,1.309866,0.987375,0.68,51.913705,68.86947,50.517997,
12/31/2007,380.79,340.859,,,,,0.0,5.378,0.0,34.553,-213.539,116.465,16.594,71.421,0.0,,9.059,167.251,-67.484,68.289,-0.805,0.0,99.767,0.0,,,123.79,-47.288,,,147.055,22.828,123.79,-0.926,3.463,123.79,123.79,,119.249,1.04,0.64,0.64,120.878,1.02,0.63,0.63,,73.306,,,,,,1.009,-46.426,-0.862,172.719,,172.719,-9.226,,-16.284,-2.317,-28.519,119.836,1.411818,0.979548,6.66,471.732166,679.905104,459.821062,
03/31/2008,371.432,346.779,,,,,,5.477,0.0,19.176,-143.218,123.63,19.588,74.671,,,,153.543,-52.677,72.496,-1.042,-18.777,100.866,0.0,,,95.923,,,,100.866,-19.359,84.482,,9.286,84.482,84.482,0.0,119.536,0.71,0.71,0.71,121.022,0.7,0.7,0.7,,77.619,,,,,-23.438,,,,130.745,,130.745,-12.918,,-5.289,-1.906,-26.6,93.318,1.067454,0.761885,0.68,63.702964,89.252277,62.17024,
06/30/2008,368.68,348.237,,,,,,6.46,0.0,13.983,-143.019,125.552,17.467,74.389,,,,151.272,-61.147,69.302,-1.855,-6.3,90.125,0.0,,,75.483,,,,90.125,12.765,75.483,,5.897,75.483,75.483,0.0,119.753,0.63,0.63,0.63,121.315,0.62,0.62,0.62,,82.838,,,,,-6.203,,,,164.883,,164.883,-11.22,,-5.364,-7.732,-10.096,136.368,1.342958,1.110706,0.68,50.634498,61.22234,49.387772,
09/30/2008,357.988,338.797,,,,,,9.557,0.0,9.634,-146.473,127.715,18.758,75.321,,,6.318,129.876,-77.523,74.662,-2.644,5.505,52.353,0.0,,,43.079,,,,52.353,7.33,43.079,,6.833,43.079,43.079,0.0,119.832,0.36,0.36,0.36,121.369,0.35,0.35,0.35,,106.475,,,,,-1.753,,,,155.131,,155.131,7.216,6.471,-8.698,-17.9,-16.117,132.936,1.262973,1.082276,0.68,53.841205,62.830535,52.527064,
12/31/2008,390.3,368.239,,,,,,9.024,0.0,13.037,-148.877,132.325,16.552,79.766,,,,161.657,-274.278,78.862,187.559,7.857,-112.621,0.0,,,-98.063,,,,-112.621,-16.408,-98.063,,13.241,-98.063,-98.063,0.0,120.788,-0.81,-0.81,-0.81,120.788,-0.81,-0.81,-0.81,,115.668,,,,,-1.946,,,,-0.749,186.302,185.553,-15.989,,-12.747,-17.332,-18.756,133.97,1.536187,1.109133,0.68,44.265434,61.309129,,
03/31/2009,377.544,362.866,293.517,52.408,0.0,16.941,0.0,8.296,0.0,6.382,-224.123,123.861,17.42,77.37,,0.0,5.472,153.421,-99.391,78.93,-5.097,25.558,54.03,0.0,0.0,0.0,52.639,0.0,0.0,0.0,54.03,-23.228,44.598,,,44.598,41.803,-2.795,121.256,0.37,0.37,0.34475,121.468,0.37,0.37,0.34475,,108.231,,,,,-2.795,,,,134.847,27.766,162.613,-16.081,7.094,-9.476,11.435,-48.347,107.238,1.32282,0.872357,0.68,51.405312,77.949719,61.146396,
06/30/2009,389.49,373.101,304.864,49.821,0.0,18.416,0.0,8.551,0.0,7.838,-235.626,130.089,18.532,87.005,,0.0,0.0,153.864,-73.791,78.633,0.351,-5.193,80.073,0.0,0.0,0.0,78.47,0.0,0.0,0.0,80.073,-27.721,67.152,,,67.152,63.153,-3.999,125.267,0.54,0.54,0.504147,125.62,0.53,0.53,0.498166,,120.359,,,,,-4.493,,,,166.615,-5.153,161.462,-12.966,6.559,-5.981,11.476,-53.566,106.984,1.270324,0.841711,0.5,39.360035,59.402808,37.591753,
09/30/2009,377.303,359.386,291.602,51.901,0.0,15.883,0.0,9.754,0.0,8.163,-232.608,134.438,19.989,78.181,,0.0,0.0,144.695,-67.045,77.09,-6.35,-3.695,77.65,0.0,0.0,0.0,76.571,0.0,0.0,0.0,77.65,-24.702,65.795,,,65.795,63.417,-2.378,138.641,0.47,0.47,0.457419,139.225,0.47,0.47,0.45292,,108.975,,,,0.0,-2.394,,,,158.45,,158.45,-16.224,6.483,-4.819,12.039,-50.012,105.917,1.126267,0.752861,0.5,44.394446,66.413324,43.749132,
12/31/2009,376.128,357.574,295.448,46.769,0.0,15.357,0.0,8.277,0.0,10.277,-230.536,131.905,19.506,79.125,,0.0,0.0,145.592,-82.846,88.18,-0.962,-4.372,62.746,0.0,0.0,0.0,61.621,0.0,0.0,0.0,62.746,-22.64,53.317,,,53.317,51.239,-2.078,138.761,0.38,0.38,0.369261,139.459,0.38,0.38,0.3651,,109.153,,,,,-2.078,,,,146.056,,146.056,-13.279,6.5,-9.052,12.127,-49.094,93.258,1.036446,0.66178,0.5,48.24177,75.55384,47.50267,
03/31/2010,378.071,363.224,302.383,45.544,0.0,15.297,0.0,8.944,0.0,5.903,-232.95,130.253,26.822,83.075,,0.0,-7.2,145.121,-82.614,92.029,-7.91,-1.505,62.507,0.0,0.0,0.0,61.388,0.0,0.0,0.0,62.507,-23.645,52.714,,,52.714,53.119,0.405,138.931,0.38,0.38,0.382341,139.597,0.38,0.38,0.382341,,113.618,,,,,-1.765,,,,149.596,-5.615,143.981,-29.068,14.011,-1.351,12.377,-106.739,33.211,1.020722,0.235442,0.5,48.984936,212.366385,46.435399,
06/30/2010,393.841,366.586,305.823,44.34,0.0,16.423,0.0,18.884,0.0,8.371,-228.421,129.373,17.648,81.4,,0.0,0.0,165.42,-92.933,96.755,-7.465,3.643,72.487,0.0,0.0,0.0,71.526,0.0,0.0,0.0,72.487,-24.742,61.412,,,61.412,66.494,5.082,139.113,0.44,0.44,0.477986,139.826,0.44,0.44,0.476345,,111.055,,,,,-0.969,,,,156.87,-7.01,149.86,-27.038,6.334,-2.178,11.284,-39.603,98.659,1.060678,0.698288,0.5,47.139664,71.603706,44.340218,
09/30/2010,386.41,371.955,310.459,45.646,0.0,15.85,0.0,6.439,0.0,8.016,-235.328,134.235,18.067,81.133,,0.0,1.893,151.082,-82.993,97.103,-11.565,-2.545,68.089,0.0,0.0,0.0,67.27,0.0,0.0,0.0,68.089,-23.717,57.668,,,57.668,57.668,0.0,139.595,0.41,0.41,0.41,140.193,0.41,0.41,0.41,,107.3,,,,0.0,0.0,,,,150.853,0.0,150.853,-22.861,6.38,-3.301,11.084,-50.05,92.105,1.064902,0.650188,0.5,46.952663,76.90082,46.268553,
12/31/2010,392.482,375.008,312.899,45.189,0.0,16.92,0.0,6.964,0.0,10.51,-243.591,132.986,17.121,92.763,,0.0,0.721,148.891,-161.647,92.192,-9.834,79.289,-12.756,0.0,0.0,0.0,-13.551,0.0,0.0,0.0,-12.756,-14.572,-12.903,,,-12.903,68.759,81.662,140.105,-0.09,-0.09,0.490768,140.105,-0.09,-0.09,0.490768,,118.573,,,,-0.572,0.0,,,,89.878,81.662,171.54,-20.082,6.127,-9.42,11.276,-38.855,120.586,1.207458,0.848797,0.5,41.409292,58.906921,77.941766,
03/31/2011,417.214,403.838,338.925,45.849,0.0,19.064,0.0,7.428,0.0,5.948,-279.321,145.369,24.643,109.237,,0.0,0.072,137.893,-89.202,98.525,-7.976,-1.347,48.691,0.0,0.0,0.0,47.432,0.497,0.497,0.0,48.194,-23.556,40.813,,,40.813,41.31,0.0,142.095,0.29,0.29,0.29,142.504,0.29,0.29,0.29,,136.104,,,,,,,,,159.98,,159.98,-21.073,11.856,-1.624,9.939,-53.798,105.28,1.111242,0.731289,0.5,44.994687,68.372435,44.410239,
06/30/2011,433.867,415.868,346.515,48.255,0.0,21.098,0.0,9.095,0.0,8.904,-280.255,149.914,18.721,110.259,,0.0,1.361,153.612,-83.742,94.583,-8.882,-1.959,69.87,0.0,0.0,0.0,68.911,0.132,0.132,0.0,69.738,-24.822,60.214,,,60.214,60.346,0.0,145.864,0.41,0.41,0.41,146.695,0.41,0.41,0.41,,137.48,,,,,,,,,181.569,0.0,181.569,-23.889,5.909,-4.263,9.714,-36.001,133.039,1.225352,0.897838,0.5,40.804598,55.689309,40.16765,
09/30/2011,449.703,433.48,358.607,53.194,0.0,21.679,0.0,8.178,0.0,8.045,-285.873,153.776,16.917,108.674,,0.0,6.506,163.83,-83.399,95.117,-11.326,-0.392,80.431,0.0,0.0,0.0,79.609,-0.02,-0.02,0.0,80.451,-24.208,70.542,,,70.542,70.522,0.0,147.006,0.48,0.48,0.48,147.622,0.48,0.48,0.48,,134.777,,,,,,,,,190.178,-0.335,189.843,-21.388,5.937,-8.359,10.067,-37.273,138.827,1.273123,0.931,0.5,39.273505,53.705691,38.649581,
12/31/2011,450.528,430.17,357.024,51.929,0.0,21.217,0.0,8.726,0.0,11.632,-288.99,161.07,19.329,108.511,,0.0,0.08,161.538,-46.532,103.967,-57.712,0.277,115.006,0.0,0.0,0.0,114.161,-0.437,-0.437,0.0,115.443,-22.112,101.644,,,101.644,102.701,1.494,147.732,0.69,0.69,0.695185,147.974,0.69,0.69,0.695185,,133.415,,,,-46.166,,,,,179.298,0.921,180.219,-19.616,5.97,-19.098,10.093,-75.756,81.812,1.205817,0.547391,0.55,45.612227,100.47658,45.31707,
03/31/2012,443.693,428.732,354.825,51.648,0.0,22.259,0.0,8.145,0.0,6.816,-300.126,161.941,27.619,108.462,,0.0,2.104,143.567,-88.302,103.237,-11.721,-3.214,55.265,0.0,0.0,0.0,54.427,-0.57,-0.57,0.0,55.835,-20.316,48.454,,,48.454,47.117,-0.767,148.343,0.33,0.33,0.317622,148.746,0.33,0.33,0.317622,,132.618,,,,,,,,,166.729,-0.858,165.871,-16.897,11.358,-1.983,8.834,-67.427,99.756,1.104776,0.66442,0.55,49.783868,82.778981,48.934888,
06/30/2012,471.349,451.736,371.019,57.361,0.0,23.356,0.0,9.564,0.0,10.049,-298.03,167.788,19.066,111.168,,0.0,0.008,173.319,-76.24,99.901,-21.191,-2.47,97.079,0.0,0.0,0.0,119.324,-37.095,-37.095,0.0,134.174,-13.022,118.559,,,118.559,81.19,-0.274,150.312,0.79,0.541966,0.540143,150.694,0.78,0.533839,0.532021,,135.219,,,,,,,-36.877,1.83,206.474,4.656,211.13,-19.596,6.755,-5.195,8.481,-51.369,150.206,1.388593,0.987898,0.55,39.60844,55.673741,40.039714,
09/30/2012,466.68,449.297,366.795,59.855,0.0,22.647,0.0,8.024,0.0,9.359,-305.989,165.693,21.617,110.653,,0.0,8.026,160.691,-96.719,105.03,-9.217,0.906,63.972,0.0,0.0,0.0,59.673,-1.55,-1.55,0.0,65.522,-14.983,57.249,,,57.249,61.193,5.494,150.801,0.38,0.369354,0.405786,151.983,0.38,0.369354,0.405503,,132.887,,,,,,-0.248,-1.55,,175.779,0.042,175.821,-19.404,6.746,-6.567,8.596,-56.958,108.234,1.146743,0.705926,0.55,47.961904,77.911839,47.184561,
12/31/2012,478.047,458.016,376.401,59.624,0.0,21.991,0.0,8.34,0.0,11.691,-310.192,173.118,17.921,118.752,,0.0,0.401,167.855,-93.604,102.802,-6.949,-2.249,74.251,0.0,0.0,0.0,68.814,-2.357,-2.357,0.0,76.608,-16.024,65.4,,,65.4,63.043,0.0,151.006,0.43,0.42,0.42,151.401,0.43,0.42,0.42,,142.029,,,,,,,-2.357,,192.462,0.155,192.617,-17.636,4.82,-10.925,7.927,-50.593,126.21,1.261342,0.826479,0.65,51.532419,78.646858,50.999106,
03/31/2013,483.014,465.987,377.728,64.429,0.0,23.83,0.0,8.736,0.0,8.291,-352.579,179.664,43.571,120.595,,0.0,8.749,130.435,-89.506,100.433,-8.721,-2.206,40.929,0.0,0.0,0.0,52.358,-17.002,-17.002,0.0,57.931,-19.021,48.0,-0.146,,47.854,39.158,8.306,151.646,0.32,0.22,0.25822,151.952,0.31,0.21,0.25822,,142.555,,,3.241,,,,-18.363,,160.624,9.412,170.036,-16.333,25.783,-6.561,7.227,-53.907,126.245,1.109468,0.823736,0.65,58.586623,78.908749,68.581283,
06/30/2013,510.033,491.06,399.192,68.321,0.0,23.547,0.0,7.855,0.0,11.118,-341.66,183.353,24.316,133.456,,0.0,0.535,168.373,335.073,103.14,-48.783,-389.43,503.446,0.0,0.0,0.0,456.158,-3.315,-3.315,0.0,506.761,23.186,455.035,-2.618,,452.417,61.149,-387.953,151.938,2.95,2.955824,0.40246,152.49,2.94,2.918261,0.37414,,149.817,,,,-387.801,,-43.327,0.0,,195.415,-0.003,195.412,-14.357,6.681,-13.862,-6.929,-18.494,148.451,1.270567,0.965227,0.65,51.158245,67.341648,50.538444,
09/30/2013,571.481,555.354,449.636,80.718,0.0,25.0,0.0,5.475,0.0,10.652,-384.728,205.868,24.841,153.253,,0.0,0.766,186.753,-104.442,122.173,-14.736,-2.995,82.311,0.0,0.0,0.0,156.406,-88.125,-88.125,0.0,170.436,-18.362,155.324,-2.647,6.537,152.677,66.392,1.84,152.407,1.0,0.482406,0.494479,152.692,1.0,0.481603,0.493654,,158.274,,,,1.81,,-11.174,-86.448,,197.859,0.999,198.858,-13.052,6.537,-12.045,-9.368,-40.064,137.403,1.291235,0.892193,0.65,50.339388,72.854232,50.068256,
12/31/2013,576.199,558.298,453.538,79.586,0.0,25.174,0.0,7.632,0.0,10.269,-381.207,206.076,20.656,154.475,,0.0,0.0,194.992,-115.597,121.134,-2.834,-2.703,79.395,0.0,0.0,0.0,94.562,-26.917,-26.917,0.0,106.312,-27.1,91.365,-2.646,,88.719,61.802,0.0,152.798,0.58,0.42,0.42,153.9,0.58,0.42,0.42,,159.706,,,,0.0,,,-26.917,,197.605,,197.605,-14.151,6.154,-20.628,-2.205,-33.911,132.864,1.28395,0.863291,2.9,225.86554,335.923651,224.242403,
03/31/2014,574.694,561.285,455.018,81.934,0.0,24.333,0.0,5.216,0.0,8.193,-397.797,213.185,29.905,154.27,,0.0,0.437,176.897,-109.141,113.554,-2.816,-1.597,67.756,0.0,0.0,0.0,56.004,0.0,0.0,0.0,67.756,-28.085,56.623,-2.589,,54.034,54.034,0.0,153.03,0.35,0.35,0.35,153.169,0.35,0.35,0.35,,158.514,,,,,,,,,183.844,,183.844,-6.393,10.38,-9.251,-4.805,-30.037,143.738,1.193459,0.933103,0.65,54.46354,69.660041,54.105383,
06/30/2014,589.794,570.921,463.239,81.382,0.0,26.3,0.0,6.506,0.0,12.367,-388.521,209.961,23.271,154.628,,0.0,0.661,201.273,-105.372,110.977,-2.834,-2.771,95.901,0.0,0.0,0.0,76.527,0.0,0.0,0.0,95.901,-28.789,79.145,,,76.527,76.527,0.0,153.078,0.5,0.5,0.5,153.238,0.5,0.5,0.5,,159.272,,,,,,,,,207.01,0.118,207.128,-8.964,6.519,-10.149,-14.713,-27.706,152.115,1.348288,0.990184,0.65,48.209296,65.644381,48.065649,
09/30/2014,618.803,600.41,484.071,90.103,0.0,26.236,0.0,6.475,0.0,11.918,-404.0,222.764,22.589,157.245,,0.0,1.402,214.803,-63.828,113.308,-4.419,-45.061,150.975,0.0,0.0,0.0,145.334,0.0,0.0,0.0,150.975,-39.359,130.371,-2.647,1.74,127.724,85.787,-41.937,153.12,0.83,0.83,0.56026,153.273,0.83,0.83,0.55639,,162.012,,,,,-41.937,,,,223.403,0.0,223.403,-16.612,5.809,-13.205,-16.569,-39.54,145.026,1.45755,0.946194,0.65,44.595395,68.696268,44.550879,
12/31/2014,613.707,595.681,484.011,85.946,0.0,25.724,0.0,7.119,0.0,10.907,-404.858,218.616,23.172,162.43,,0.0,0.64,208.849,2.576,117.904,-2.7,-117.78,211.425,0.0,0.0,0.0,177.165,0.0,0.0,0.0,211.425,-21.896,177.156,-2.646,7.906,174.51,59.041,-115.469,153.128,1.14,1.14,0.385566,153.55,1.14,1.14,0.385566,,166.665,,,,,-126.102,,,,193.186,0.0,193.186,-16.97,5.391,-12.899,-19.626,-16.639,140.349,1.258147,0.91404,5.15,409.332043,563.432728,408.212396,
03/31/2015,618.476,604.063,490.682,88.593,0.0,24.788,0.0,5.328,0.0,9.085,-412.267,228.926,28.791,154.223,,0.0,0.327,206.209,2.961,108.757,-14.834,-96.884,209.17,0.0,0.0,0.0,173.768,0.0,0.0,0.0,209.17,-24.464,173.771,-2.589,5.834,171.182,76.098,-95.084,153.23,1.12,1.12,0.496626,153.873,1.11,1.11,0.492062,,148.754,,,,,-95.084,,,,200.385,,200.385,-21.968,11.011,-9.254,-14.54,-47.681,123.787,1.302275,0.804475,0.65,49.912643,80.798024,49.70407,
06/30/2015,618.221,599.956,486.609,86.795,0.0,26.552,0.0,4.862,0.0,13.403,-413.295,222.959,22.284,167.844,,0.0,0.208,204.926,-104.187,108.534,-3.078,-1.269,100.739,0.0,0.0,0.0,79.46,0.0,0.0,0.0,100.739,-42.113,82.078,,0.746,79.46,79.46,0.0,153.45,0.52,0.52,0.52,153.815,0.52,0.52,0.52,,171.384,,,,,0.0,,,,208.731,-1.645,207.086,-12.918,5.469,-15.141,-14.177,-49.2,121.865,1.346332,0.792283,0.65,48.279338,82.041398,47.785188,
09/30/2015,629.884,611.353,494.3,91.544,0.0,25.509,0.0,5.912,0.0,12.619,-402.134,227.921,20.944,153.015,,0.0,0.254,227.75,95.521,108.727,-2.647,-201.601,323.271,0.0,0.0,0.0,208.031,0.0,0.0,0.0,323.271,54.867,186.729,-2.647,0.616,184.082,-15.397,-199.479,153.595,1.2,1.2,-0.100244,153.786,1.2,1.2,-0.100244,,152.681,3.808,,,,-199.479,,,,217.261,0.147,217.408,-11.739,6.345,-17.37,-18.264,-58.152,118.844,1.413705,0.772788,0.65,45.978483,84.111019,45.952449,
12/31/2015,624.24,606.849,493.141,88.576,0.0,25.132,0.0,6.452,0.0,10.939,-413.76,224.53,24.3,164.46,,0.0,0.47,210.48,-43.742,106.178,-2.211,-60.225,166.738,0.0,0.0,0.0,,0.0,0.0,0.0,166.738,,140.497,,0.451,137.851,78.559,-59.292,153.602,0.9,0.9,0.511445,153.897,0.9,0.9,0.511445,,,,,0.0,,,,,,,18.439,,-22.132,6.358,-21.076,-13.073,-30.393,,,,1.9,,,,
03/31/2016,665.985,650.539,536.128,89.586,0.0,24.825,0.0,6.689,0.0,8.757,-415.632,226.806,29.353,159.448,,0.0,0.025,250.353,-34.131,105.309,-1.791,-69.387,216.222,0.0,0.0,0.0,184.365,0.0,0.0,0.0,216.222,-27.016,184.365,-2.618,1.191,181.747,114.124,-67.623,153.626,1.18,1.18,0.742869,153.917,1.18,1.18,0.740653,,163.58,,,,,-67.623,,,,250.688,0.029,279.571,-12.805,10.069,-21.945,-12.821,-55.056,188.204,1.816375,1.222763,0.65,35.785561,53.158302,39.833139,
06/30/2016,623.546,605.205,493.386,85.706,0.0,26.113,0.0,5.533,0.0,12.808,-405.422,225.916,25.418,153.175,,0.0,0.913,218.124,-100.767,105.003,-2.234,-2.002,117.357,0.0,0.0,0.0,99.186,0.0,0.0,0.0,117.357,-33.433,99.186,-2.589,2.697,96.597,96.597,0.0,153.662,0.63,0.63,0.63,153.86,0.63,0.63,0.63,,157.431,,,,,0.0,,,,220.595,0.141,220.736,6.369,7.578,-9.778,-12.146,-79.888,135.568,1.434646,0.881107,0.65,45.307358,73.770838,45.277681,
09/30/2016,625.228,606.51,489.312,92.56,,24.638,0.0,6.364,0.0,12.354,-467.623,236.678,25.165,203.748,,0.0,2.032,157.605,-86.101,104.641,-1.464,-17.076,71.504,0.0,,,88.729,0.0,0.0,0.0,71.504,-66.076,79.342,-2.589,0.25,76.753,66.064,-10.689,153.754,0.5,0.5,0.429673,154.136,0.5,0.5,0.429673,,203.748,9.128,-0.393,,,-12.983,,,,219.564,-0.356,244.377,-12.654,7.643,-13.932,-14.959,-64.036,146.689,1.589403,0.95405,0.65,40.89587,68.130603,45.517526,
12/31/2016,636.061,615.398,498.941,91.123,0.0,25.334,0.0,9.698,0.0,10.965,-438.235,231.834,25.293,179.908,,0.0,1.2,197.826,-34.808,97.896,-61.955,-1.133,163.018,0.0,0.0,0.0,165.139,0.0,0.0,0.0,163.018,-54.318,148.234,-2.704,1.787,145.53,145.53,0.0,153.814,0.95,0.95,0.95,153.991,0.94,0.94,0.94,,179.908,8.692,-0.449,,-59.37,,,,,236.898,0.007,263.967,-13.713,7.621,-20.204,-6.391,-74.772,158.295,1.714172,1.02795,0.75,43.752912,72.960769,48.696274,
03/31/2017,632.228,625.756,503.562,89.164,0.0,33.03,0.0,6.472,0.0,0.0,-426.003,235.378,31.386,159.205,,0.0,0.034,206.225,-90.661,95.534,-3.084,-1.789,115.564,0.0,0.0,0.0,111.14,0.0,0.0,0.0,115.564,-47.72,99.708,-2.625,0.537,97.083,96.95,-0.133,153.86,0.63,0.63,0.630118,154.214,0.63,0.63,0.629138,,159.205,9.041,-0.525,,,-0.133,,,,228.383,-0.11,254.578,-14.357,10.802,-14.99,-13.613,-44.955,178.002,1.65081,1.154253,0.75,45.432245,64.977079,50.526966,
06/30/2017,656.907,636.167,520.542,89.163,0.0,26.462,0.0,7.365,0.0,13.375,-418.217,238.858,27.141,151.919,,,0.299,238.69,-71.68,95.143,-3.108,-20.355,167.01,0.0,0.0,0.0,151.807,0.0,0.0,0.0,167.01,-48.596,136.334,-2.625,0.607,133.709,115.588,-18.121,154.177,0.87,0.87,0.74971,154.331,0.87,0.87,0.74971,,151.919,9.629,-0.486,,,-3.767,,,,257.881,-14.969,239.719,-2.662,8.435,-14.145,-12.297,-85.112,134.545,1.553278,0.871795,0.75,48.284971,86.029395,44.839577,
09/30/2017,657.712,633.837,513.269,94.476,0.0,26.092,0.0,10.811,0.0,13.064,-423.983,245.788,25.792,152.164,,0.0,0.239,233.729,-86.025,92.032,-0.843,-5.164,147.704,0.0,0.0,0.0,133.364,0.0,0.0,0.0,147.704,-45.859,119.962,-2.625,0.591,117.337,114.446,-2.891,154.355,0.76,0.76,0.741447,154.483,0.76,0.76,0.741286,,152.164,9.282,-0.434,,,-2.891,,,,243.001,-0.035,270.273,-16.282,8.023,-11.975,-2.435,-55.012,193.183,1.749487,1.250481,0.75,42.86971,59.976939,47.640236,
12/31/2017,655.229,633.528,511.995,94.697,0.0,26.836,0.0,9.957,0.0,11.744,-425.763,242.012,29.396,154.259,,,0.096,229.466,-97.263,91.772,-4.197,9.688,132.203,0.0,0.0,0.0,118.338,0.0,0.0,0.0,132.203,-44.722,106.454,-2.625,8.03,103.829,116.815,12.986,154.362,0.67,0.67,0.75676,154.526,0.67,0.67,0.754038,,154.259,6.31,-0.541,,,-0.872,,,,230.147,0.485,256.458,-20.916,8.101,-13.068,-2.273,-79.197,157.135,1.659622,1.016871,0.8,48.20376,78.672734,53.656837,
03/31/2018,661.151,649.861,519.507,95.118,0.0,35.236,0.0,8.405,0.0,2.885,-452.999,248.402,38.779,165.797,,0.0,0.021,208.152,8.16,90.22,-0.461,-97.919,216.312,0.0,0.0,0.0,199.078,0.0,0.0,0.0,216.312,-44.329,178.646,-2.625,0.889,176.021,79.624,-96.397,154.385,1.14,1.14,0.51575,154.705,1.14,1.14,0.51575,,165.797,9.444,-0.405,,,-96.397,,,,230.563,,256.671,-21.81,14.772,-20.357,-2.449,-84.383,143.333,1.6591,0.926492,0.8,48.218926,86.347178,53.568005,
06/30/2018,664.484,638.602,516.439,95.259,0.0,26.904,0.0,9.305,0.0,16.577,-433.86,246.531,30.438,156.417,,0.0,0.474,230.624,-70.059,92.204,-0.769,-21.376,160.565,0.0,0.0,0.0,146.165,0.0,0.0,0.0,160.565,-46.13,131.306,-2.625,2.812,128.681,110.389,-18.292,154.415,0.83,0.83,0.714885,154.571,0.83,0.83,0.71166,,156.417,9.312,-0.406,0.0,,-18.292,,,,244.441,0.0,272.145,-18.558,8.471,-13.62,-2.799,-140.014,108.437,1.760647,0.701535,0.8,45.437836,114.035615,50.53653,
09/30/2018,686.284,654.851,525.875,102.424,0.0,26.552,0.0,15.253,0.0,16.18,-447.92,256.817,32.193,157.996,,,0.914,238.364,-87.919,95.366,4.313,-11.76,150.445,0.0,0.0,0.0,135.595,0.0,0.0,0.0,150.445,-46.904,121.743,-2.625,3.221,119.118,111.255,-7.863,154.44,0.77,0.77,0.720377,154.678,0.77,0.77,0.719165,,157.996,18.02,-0.425,,,-7.863,,,,253.794,0.0,282.532,-3.784,8.457,-25.433,-4.582,-48.898,211.513,1.826582,1.367441,0.95,52.009719,69.472846,57.809877,
12/31/2018,705.157,678.998,541.902,109.265,0.0,27.831,0.0,12.195,0.0,13.964,-468.612,261.264,29.902,165.439,,0.0,12.007,236.545,-51.304,100.378,-5.305,-43.769,185.241,0.0,0.0,0.0,168.816,0.0,0.0,0.0,185.241,-44.214,151.154,-2.625,4.274,148.529,117.222,-31.307,154.467,0.96,0.96,0.758881,154.773,0.96,0.96,0.757723,,165.439,17.576,-0.398,11.812,-8.27,-59.804,,,-2.642,245.69,16.49,289.969,-4.432,8.417,-17.059,-3.286,-56.214,221.669,1.873512,1.43222,0.95,50.70692,66.330587,59.727156,
03/31/2019,725.767,704.157,679.251,0.0,0.0,24.906,0.0,9.277,0.0,12.333,-499.629,265.38,45.157,164.594,,0.0,24.498,226.138,-94.979,101.009,-0.213,-5.817,131.159,0.0,0.0,0.0,112.329,0.0,0.0,0.0,131.159,-48.309,100.73,-2.625,2.527,98.105,123.048,24.943,154.525,0.63,0.63,0.796298,154.844,0.63,0.63,0.791085,,164.594,15.47,-0.395,24.038,,0.905,,,,266.007,,296.314,-22.28,15.05,-16.718,-5.297,-107.891,161.705,1.913629,1.044309,0.95,49.643891,90.969234,55.186048,
06/30/2019,733.741,706.508,680.189,0.0,0.0,26.319,0.0,9.986,0.0,17.247,-482.353,267.051,37.474,177.411,,0.0,0.417,251.388,-47.927,102.357,-47.964,-6.466,203.461,0.0,0.0,0.0,185.979,0.0,0.0,0.0,203.461,-49.413,166.943,-2.625,2.544,164.318,162.632,-1.686,154.555,1.06,1.06,1.05226,154.874,1.06,1.06,1.049114,,177.411,14.778,-0.412,0.0,-47.757,-1.686,,,,276.275,,307.819,-17.634,10.394,-27.44,-5.124,-46.143,224.416,1.987545,1.449023,0.95,47.797667,65.561413,53.145326,
09/30/2019,743.553,717.807,692.225,0.0,0.0,25.582,0.0,10.303,0.0,15.443,-474.322,274.346,33.576,165.862,,,0.538,269.231,-127.861,106.471,0.649,20.741,141.37,0.0,0.0,0.0,122.9,0.0,0.0,0.0,141.37,-46.342,110.396,-2.625,2.682,107.771,135.766,27.995,154.577,0.7,0.7,0.878307,154.82,0.7,0.7,0.878307,,165.862,13.745,-0.411,0.0,,0.015,,,0.487,253.631,28.01,310.581,2.923,7.809,-31.44,-4.467,-68.158,219.93,2.006078,1.420553,0.95,47.356084,66.875369,57.898344,
12/31/2019,757.501,733.076,706.349,0.0,0.0,26.727,0.0,10.473,0.0,13.952,-482.659,277.237,34.956,169.897,,,0.569,274.842,-98.833,102.88,0.936,-4.983,176.009,0.0,0.0,0.0,159.671,0.0,0.0,0.0,176.009,-51.076,143.449,-2.625,1.3,140.824,142.98,2.156,154.667,0.91,0.91,0.924438,154.992,0.91,0.91,0.92391,,169.897,14.458,-0.477,0.0,0.032,0.057,,,,289.937,0.0,322.897,-43.501,7.705,-25.605,1.579,-74.468,189.907,2.083314,1.22527,0.98,47.040437,79.982391,52.278136,
03/31/2020,752.556,734.615,710.111,0.0,0.0,24.504,0.0,7.879,0.0,10.062,-481.187,269.787,39.691,171.094,,,0.615,271.369,305.777,101.591,0.369,-407.737,577.146,0.0,0.0,0.0,557.66,0.0,0.0,0.0,577.146,-49.765,500.121,-2.625,1.96,497.496,87.331,-410.165,155.011,3.2,3.2,0.563386,155.258,3.2,3.2,0.558172,,171.094,18.332,-0.469,0.0,,-410.165,,,,284.062,0.0,316.2,-30.245,17.525,-20.441,-3.189,-45.92,235.89,2.03661,1.519342,0.98,48.119178,64.501607,53.478036,
06/30/2020,654.773,644.065,630.119,0.0,0.0,13.946,0.0,8.125,0.0,2.583,-460.507,241.76,40.227,178.188,,0.0,0.332,194.266,104.314,107.142,-1.832,-209.624,298.58,0.0,0.0,0.0,299.347,0.0,0.0,0.0,298.58,-48.815,269.15,-2.625,0.411,266.525,62.758,-203.767,155.386,1.71,1.71,0.403885,155.407,1.71,1.71,0.398817,,178.188,21.012,-0.486,,-5.946,-203.767,,,,236.908,0.0,263.243,-21.755,10.374,-16.282,-0.616,-81.715,153.66,1.693894,0.988759,0.98,57.854857,99.114187,64.27739,
