Date,Net Revenue,Net Interest Income,Total Interest Income,Interest Income,Investment Income,Total Interest Expense,Total Non-Interest Income,Trading Securities G/L,Trading Account Profits/Losses,Investments & Loans Income (Loss),Other Income (Loss),Commissions & Fees Earned,Other Operating Income (Losses),Provision for Loan Losses,Net Revenue after Provisions,Total Non-Interest Expense,Commissions & Fees Paid,Other Operating Expenses,Operating Income (Loss),Non-Operating (Income) Loss,Other Non-Operating (Income) Loss,"Pretax Income (Loss), GAAP",Income Tax Expense (Benefit),Income (Loss) from Cont Ops,Net Extraordinary Losses (Gains),Discontinued Operations,Extraordinary & Accounting Items,Income (Loss) incl. Minority Interest,Minority Interest,"Net Income, GAAP",Preferred Dividends,Other Adjustments,"Net Income Avail to Common, GAAP","Net Income Avail to Common, Adj",Net Abnormal Losses (Gains),Basic Weighted Avg Shares,"Basic EPS, GAAP",Basic EPS from Cont Ops,"Basic EPS from Cont Ops, Adjusted",Diluted Weighted Avg Shares,"Diluted EPS, GAAP",Diluted EPS from Cont Ops,"Diluted EPS from Cont Ops, Adjusted",Source: Bloomberg
03/31/1997,5275,915,1568,1568,0.0,-653,4360,264,,,,1253,2843.0,-72,5203,-4135,0.0,4135,1068,0.0,0.0,1068,-377,691,0.0,,,691,-49,642,0.0,0.0,642.0,642.0,,193.949952,3.200001,3.200001,3.200001,193.949952,3.200001,3.200001,3.200001,
06/30/1997,11703,4439,10509,5140,5369.0,-6070,7264,1228,,,,3012,3024.0,-588,11115,-8038,0.0,8038,3077,0.0,0.0,3077,-1120,1957,0.0,,,1957,-49,1908,-70.75,,1837.25,1837.25,,449.479978,4.100001,4.100001,4.100001,471.259965,3.900001,3.900001,3.900001,
09/30/1997,12422,4442,10841,5284,5557.0,-6399,7980,1652,,,,3315,3013.0,-559,11863,-8478,0.0,8478,3385,-880.0,880.0,2505,-906,1599,0.0,,,1599,-55,1544,-70.75,,1473.25,1473.25,,449.139805,3.300001,3.300001,4.533335,471.419889,3.150001,3.150001,4.326668,
12/31/1997,12139,4466,11090,5386,5704.0,-6624,7673,966,,,,3377,3330.0,-557,11582,-8534,0.0,8534,3048,-838.0,838.0,2210,-713,1497,0.0,,,1497,-59,1438,-70.75,,1367.25,1367.25,,448.278501,3.050001,3.050001,4.155001,463.474494,2.950001,2.950001,4.000001,
03/31/1998,12796,4490,11131,5344,5787.0,-6641,8306,1743,,,,3373,3190.0,-595,12201,-8733,0.0,8733,3468,0.0,0.0,3468,-1249,2219,0.0,,,2219,-58,2161,-60.0,,2101.0,2101.0,,448.659898,4.650001,4.650001,4.650001,465.719903,4.500001,4.500001,4.500001,
06/30/1998,12965,4639,11635,5625,6010.0,-6996,8326,1210,,,,3538,3578.0,-656,12309,-9051,0.0,9051,3258,324.0,-324.0,3582,-1290,2292,0.0,,,2292,-52,2240,-60.0,,2180.0,2180.0,,448.799888,4.850001,4.850001,4.450001,466.179864,4.700001,4.700001,4.300001,
09/30/1998,10421,4637,11810,5884,5926.0,-7173,5784,-1032,,,,3470,3346.0,-826,9595,-8438,0.0,8438,1157,0.0,0.0,1157,-375,782,0.0,,,782,-53,729,-51.0,,678.0,678.0,,449.666489,1.5,1.5,1.5,464.146466,1.5,1.5,1.5,
12/31/1998,12754,4978,11663,5690,5973.0,-6685,7776,699,,,,3500,3577.0,-674,12080,-10223,0.0,10223,1857,-795.0,795.0,1062,-320,742,0.0,,,742,-65,677,-45.0,,632.0,632.0,,449.029868,1.4,1.4,3.050001,449.029868,1.4,1.4,3.000001,
03/31/1999,14070,4851,11302,11302,0.0,-6451,9219,1823,,,,3735,3661.0,-729,13341,-9464,0.0,9464,3877,95.0,-95.0,3972,-1423,2549,127.0,,,2422,-60,2362,-40.0,,2322.0,2322.0,,501.155164,4.665501,4.865451,4.765451,516.128903,4.532201,4.732151,4.632151,
06/30/1999,14380,5007,11063,11063,0.0,-6056,9373,1460,,,,4055,3858.0,-790,13590,-9628,0.0,9628,3962,-47.0,47.0,3915,-1402,2513,0.0,,,2513,-65,2448,-38.0,,2410.0,2410.0,,502.799874,5.475001,5.475001,5.550001,509.866539,5.400001,5.400001,5.475001,
09/30/1999,14021,5125,11201,11201,0.0,-6076,8896,989,,,,4205,3702.0,-632,13389,-9497,0.0,9497,3892,-22.0,22.0,3870,-1379,2491,0.0,,,2491,-56,2435,-38.0,,2397.0,2397.0,,502.399874,5.475001,5.475001,5.475001,509.466539,5.400001,5.400001,5.400001,
12/31/1999,23251,11332,21423,21423,0.0,-10091,11919,1429,,,,5398,5092.0,-2609,20642,-14275,0.0,14275,6367,27.0,-27.0,6394,-2326,4068,0.0,,,4068,-70,3998,-33.0,0.0,3965.0,3965.0,,497.066542,7.950002,7.950002,7.950002,514.399871,7.725002,7.725002,7.725002,
03/31/2000,19130,6758,14443,14443,,-7685,12372,1550,,,,5408,5414.0,-1309,17821,-11660,0.0,11660,6161,-83.0,83.0,6078,-2167,3911,0.0,,,3911,-55,3856,-30.0,0.0,3826.0,3826.0,,497.674294,7.698077,7.698077,7.773077,511.667789,7.498127,7.498127,7.573127,
06/30/2000,18220,6954,15793,15793,,-8839,11266,1715,,,,5367,4184.0,-1302,16918,-11738,0.0,11738,5180,-3.0,3.0,5177,-1818,3359,0.0,,,3359,-20,3339,-29.0,0.0,3310.0,3310.0,,497.834334,6.698327,6.698327,6.698327,512.287944,6.498377,6.498377,6.498377,
09/30/2000,18835,7100,16889,16889,,-9789,11735,2055,,,,5408,4272.0,-1221,17614,-12089,0.0,12089,5525,-70.0,70.0,5455,-1958,3497,0.0,,,3497,-13,3484,-29.0,0.0,3455.0,3455.0,,497.87,6.9,6.9,6.9,513.48,6.7,6.7,6.7,
12/31/2000,19003,7489,17814,10084,7730.0,-10325,11514,1467,,,,5518,4529.0,-1507,17496,-12509,0.0,12509,4987,-554.0,554.0,4433,-1582,2851,0.0,,,2851,-11,2840,-29.0,0.0,2811.0,2811.0,,493.2,5.7,5.7,6.7,511.1,5.5,5.5,6.5,
03/31/2001,20281,7650,17173,10004,7169.0,-9523,12631,2776,,,,5521,4334.0,-1474,18807,-13096,0.0,13096,5711,-132.0,132.0,5579,-1990,3589,42.0,,,3547,-9,3538,-29.0,0.0,3509.0,3509.0,,498.47,7.0,7.1,7.2,511.0,6.9,7.0,7.1,
06/30/2001,19385,8297,16766,9753,7013.0,-8469,11088,1477,,,,5083,4528.0,-1485,17900,-12060,0.0,12060,5840,-213.0,213.0,5627,-1960,3667,116.0,,,3551,-15,3536,-28.0,0.0,3508.0,3508.0,,497.96,7.0,7.2,7.5,510.0,6.9,7.1,7.4,
09/30/2001,16198,8314,16598,10282,6316.0,-8284,7884,1127,,,,5117,1640.0,-1580,14618,-9453,0.0,9453,5165,-133.0,133.0,5032,-1771,3261,58.0,,,3203,-26,3177,-27.0,0.0,3150.0,3150.0,,506.08,6.2,6.3,6.4,516.9,6.1,6.2,6.2,
12/31/2001,17867,9399,15006,9563,5443.0,-5607,8468,658,,,,5423,2387.0,-2261,15606,-10168,0.0,10168,5384,-33.0,33.0,5351,-1797,3608,-304.0,,,3858,-37,3875,-26.0,0.0,3849.0,3849.0,,510.18,7.5,6.9,7.0,520.91,7.4,6.8,6.9,
03/31/2002,17798,9247,14103,14103,,-4856,8551,1643,,,,5248,1660.0,-2559,15239,-9813,0.0,9813,5426,-46.0,46.0,5380,-1879,3501,-1359.0,,,4860,-17,4843,-21.0,0.0,4822.0,4822.0,,511.05,9.4,6.8,6.8,520.98,9.3,6.6,6.7,
06/30/2002,17993,9392,15000,15000,,-5608,8601,1080,,,,5482,2039.0,-2057,15936,-10112,,10112,5824,40.0,-40.0,5864,-2017,3847,-255.0,,,4102,-18,4084,-21.0,0.0,4063.0,4063.0,,509.67,8.0,7.5,7.7,518.58,7.8,7.3,7.5,
09/30/2002,17117,9223,15084,9686,5398.0,-5861,7894,805,,,,4875,2214.0,-2689,14428,-9368,0.0,9368,5060,568.0,-568.0,5628,-1898,3730,-214.0,,,3944,-24,3920,-21.0,0.0,3899.0,3899.0,,503.66,7.7,7.3,6.9,511.05,7.6,7.2,6.8,
12/31/2002,17873,9829,14752,9541,5211.0,-4923,8044,618,,,,4799,2627.0,-2690,15183,-11507,0.0,11507,3685,-11.0,11.0,3674,-1204,2461,0.0,,,2470,-32,2429,-20.0,0.0,2409.0,2409.0,,506.8,4.8,4.8,4.8,515.86,4.7,4.7,4.7,
03/31/2003,18536,9682,14345,14345,,-4663,8854,1764,,,,4951,2139.0,-2053,16483,-10436,0.0,10436,6047,13.0,-13.0,6060,-1919,4141,0.0,,,4141,-38,4103,-20.0,0.0,4083.0,4083.0,,509.49,8.0,8.0,8.0,516.87,7.9,7.9,7.9,
06/30/2003,19354,9602,14088,14088,,-4486,9752,1499,,,,5403,2850.0,-2186,17168,-10873,,10873,6295,1.0,-1.0,6296,-1956,4340,0.0,,,4340,-41,4299,-17.0,0.0,4282.0,4282.0,,508.55,8.4,8.4,8.4,518.4,8.3,8.3,8.3,
09/30/2003,19398,9917,13853,13853,,-3936,9481,1422,,,,5558,2501.0,-1614,17784,-10731,0.0,10731,7053,11.0,-11.0,7064,-2208,4856,0.0,,,4856,-165,4691,-17.0,0.0,4674.0,4674.0,,509.68,9.2,9.2,9.2,520.65,9.0,9.0,9.0,
12/31/2003,20154,10575,14761,10230,4531.0,-4186,9579,945,,,,6067,2567.0,-2193,17961,-11069,0.0,11069,6892,0.0,0.0,6892,-2112,4801,0.0,,,4780,-41,4760,-17.0,0.0,4743.0,4743.0,,509.61,9.3,9.3,9.3,521.52,9.1,9.1,9.1,
03/31/2004,20282,10637,15097,15097,,-4460,9645,1442,,,,5853,2350.0,-2230,18052,-10650,0.0,10650,7402,3.0,-3.0,7405,-2312,5093,-249.0,,,5342,-69,5273,-17.0,,5256.0,5256.0,,509.56,10.3,9.8,9.4,520.31,10.1,9.6,9.2,
06/30/2004,22302,11186,16171,16171,,-4985,11116,1246,,,,6140,3730.0,-1588,20714,-11565,0.0,11565,9149,-7918.0,7918.0,1231,-49,1182,,,,1182,-38,1144,-17.0,,1127.0,1127.0,,510.05,2.2,2.2,10.4,520.13,2.2,2.2,10.3,
09/30/2004,18738,10326,16199,16199,,-5873,8109,400,400.0,,,4658,3051.0,-1029,17709,-10385,,10385,7324,0.0,0.0,7324,-2229,5095,-282.0,,,5377,-69,5308,-17.0,0.0,5291.0,5291.0,,511.23,10.3,9.8,9.8,520.56,10.2,9.6,9.6,
12/31/2004,18313,9530,16216,16216,0.0,-6686,8783,1158,,,,4854,2771.0,-1386,16927,-10151,0.0,10151,6776,0.0,0.0,6776,-1874,4902,-461.0,,,5363,-42,5321,-17.0,0.0,5304.0,5304.0,,512.03,10.4,10.35,10.35,521.95,10.1,9.8,9.8,
03/31/2005,21196,10111,17535,17535,,-7424,11085,2458,,,,5901,2726.0,-1813,19383,-11621,,11621,7762,,,7762,-2484,5278,-326.0,,,5604,-163,5441,-17.0,,5424.0,5424.0,,513.33,10.6,9.9,10.3,522.6,10.4,9.8,10.2,
06/30/2005,20169,9799,18467,18467,,-8668,10370,1299,,,,5466,3605.0,-1820,18349,-11184,,11184,7165,,,7165,-2179,4986,-342.0,,,5328,-255,5073,-17.0,,5056.0,5056.0,,511.91,9.9,9.2,9.2,520.81,9.7,9.1,9.1,
09/30/2005,21498,9695,19344,19344,,-9649,11803,2234,,,,6347,3222.0,-2625,18873,-11628,,11628,7245,,,7245,-2164,5081,-2155.0,,,7236,-93,7143,-17.0,,7126.0,7126.0,,505.83,14.1,9.8,9.8,514.6,13.8,9.7,9.7,
12/31/2005,20779,9668,20603,20603,0.0,-10935,11111,2414,,,,5732,2965.0,-1921,18858,-11597,0.0,11597,7261,0.0,0.0,7261,-2251,5010,-1960.0,,,6970,-38,6932,-17.0,0.0,6915.0,6915.0,,506.13,13.9,10.0,10.0,506.13,13.7,9.8,9.8,
03/31/2006,22183,9766,21873,21873,,-12107,12417,2496,,,,6893,3028.0,-1446,20737,-13585,,13585,7152,,,7152,-1537,5615,-84.0,,,5699,-60,5639,-16.0,,5623.0,5623.0,,492.07,11.4,11.3,11.0,500.79,11.2,11.1,10.8,
06/30/2006,22182,9855,23572,23572,,-13717,12327,2005,,,,7038,3284.0,-1586,20596,-13000,,13000,7596,,,7596,-2303,5293,-3.0,,,5296,-31,5265,-16.0,,5249.0,5249.0,,489.9,10.7,10.7,10.7,499.0,10.5,10.5,10.5,
09/30/2006,21422,9828,24729,24729,,-14901,11594,2318,,,,5590,3686.0,-1843,19579,-12210,,12210,7369,,,7369,-2020,5349,-202.0,,,5551,-46,5505,-16.0,,5489.0,5489.0,,487.55,11.3,10.8,10.8,497.86,11.0,10.6,10.6,
12/31/2006,23828,10061,26279,26279,0.0,-16218,12961,2047,2047.0,,,6775,4139.0,-2113,21715,-14193,0.0,14193,7522,0.0,0.0,7522,-2241,5281,0.0,,,5281,-152,5129,-16.0,0.0,5113.0,5113.0,,496.77,10.5,10.5,10.5,496.77,10.3,10.3,10.3,
03/31/2007,25459,10612,28174,28174,,-17562,14847,3641,,,,7551,3655.0,-2706,22753,-14455,,14455,8298,-1377.0,1377.0,6921,-1862,5059,,,,5059,-47,5012,-16.0,,4996.0,4996.0,,487.7,10.2,10.2,12.0,496.79,10.1,10.1,11.8,
06/30/2007,26330,11398,30369,30369,,-18971,14932,2748,,,,8869,3315.0,-2513,23817,-14825,,14825,8992,-63.0,63.0,8929,-2663,6266,-83.0,,,6349,-123,6226,-14.0,,6212.0,6212.0,,489.83,12.7,12.5,12.5,499.29,12.4,12.3,12.3,
09/30/2007,21640,11844,32267,32267,,-20423,9796,17,,,,6404,3375.0,-4631,17009,-14353,,14353,2656,-35.0,35.0,2621,-492,2129,-103.0,,,2232,-20,2212,-6.0,,2206.0,2206.0,,491.61,4.5,4.3,4.3,501.09,4.4,4.2,4.2,
12/31/2007,6419,12232,31856,31856,0.0,-19624,-6126,-17633,-17633.0,,,7245,4262.0,-7420,-1001,-16288,0.0,16288,-17289,-53.0,53.0,-17342,7406,-9936,-198.0,,,-9738,-95,-9833,0.0,0.0,-9833.0,-9833.0,34.45,493.19,-19.9,-20.3,-20.3,500.93,-19.9,-20.3,-20.3,
03/31/2008,12441,13068,29190,29190,,-16122,-508,-6663,-6663.0,,,3874,2281.0,-5577,6864,-16035,,16035,-9171,-15.0,15.0,-9186,3939,-5247,-115.0,,,-5132,21,-5111,-83.0,0.0,-5194.0,-5194.0,,508.56,-10.3,-10.6,-10.6,508.56,-10.3,-10.6,-10.6,
06/30/2008,17538,13986,27337,27337,,-13351,3691,-5802,-5802.0,,,7996,1497.0,-6840,10698,-15518,,15518,-4820,44.0,-44.0,-4776,2447,-2329,94.0,,,-2423,-72,-2495,-361.0,0.0,-2856.0,-2856.0,,528.74,-5.5,-5.3,-5.3,528.74,-5.5,-5.3,-5.3,
09/30/2008,16258,13404,26130,26130,,-12726,3459,-3013,-3013.0,,,5289,1183.0,-8793,7465,-14273,,14273,-6808,-8.0,8.0,-6816,3295,-3521,-613.0,,,-2908,93,-2815,-389.0,0.0,-3204.0,-3204.0,,534.18,-6.1,-7.2,-7.0,583.11,-6.1,-7.2,-7.0,
12/31/2008,5646,13271,23871,23871,,-10600,-6427,-7154,-7154.0,,,1761,-1034.0,-12101,-6455,-14097,,14097,-20552,-11139.0,11139.0,-31691,10698,-20993,-3424.0,,,-17569,306,-17263,-899.0,0.0,-18162.0,-18162.0,9725.0,534.69,-34.0,-40.4,-22.2,534.69,-34.0,-40.4,-22.2,
03/31/2009,24521,12926,20583,20583,,-7657,11595,3679,3670.0,9.0,0.0,5774,2142.0,-9975,14546,-12017,0.0,12017,2529,0.0,0.0,2529,-835,1694,117.0,117.0,0.0,1577,16,1593,-1274.0,-1285.0,-966.0,-966.0,-2188.05,538.5,-1.8,-1.6,-5.63983,538.5,-1.8,-1.6,-5.66323,
06/30/2009,29969,12829,19671,19671,,-6842,17140,1628,1788.0,-160.0,0.0,5556,9956.0,-12368,17601,-12307,0.0,12307,5294,0.0,0.0,5294,-907,4387,142.0,142.0,0.0,4245,34,4279,-1549.0,0.0,2730.0,2730.0,-6135.45,539.95,4.9,5.1,-6.04399,596.78,4.9,5.1,-6.04399,
09/30/2009,20390,11998,18678,18678,,-6680,8392,1058,1343.0,-285.0,0.0,4783,2551.0,-8771,11619,-12148,0.0,12148,-529,0.0,0.0,-529,1122,593,418.0,418.0,0.0,175,-74,101,-288.0,-3055.0,-3242.0,-3242.0,236.05,1210.43,-2.7,-2.3,-2.13804,1210.43,-2.7,-2.3,-2.13804,
12/31/2009,5405,11161,17703,17703,,-6542,-5756,-1588,-1114.0,-474.0,0.0,4751,-8919.0,-7890,-2485,-12608,0.0,12608,-15093,0.0,0.0,-15093,7353,-7740,-232.0,-232.0,0.0,-7508,-71,-7579,0.0,-187.0,-7766.0,-7766.0,7637.8,2338.44,-3.3,-3.4,-0.15403,2338.44,-3.3,-3.4,-0.15403,
03/31/2010,25421,14561,20852,20852,,-6291,10860,4147,4116.0,31.0,0.0,4667,2046.0,-8331,17090,-11805,0.0,11805,5285,0.0,0.0,5285,-1036,4249,-211.0,-211.0,0.0,4460,-32,4428,0.0,0.0,4428.0,4428.0,-202.15,2844.43,1.5,1.5,1.41148,2933.35,1.5,1.4,1.33109,
06/30/2010,22071,13927,20356,20356,,-6429,8144,2431,2362.0,69.0,0.0,4139,1574.0,-6452,15619,-12079,0.0,12079,3540,0.0,0.0,3540,-812,2728,3.0,3.0,0.0,2725,-28,2697,0.0,0.0,2697.0,2697.0,170.95,2884.9,0.93,0.93,0.99516,2975.3,0.9,0.9,0.95746,
09/30/2010,20738,13128,19311,19311,,-6183,7610,2827,2085.0,742.0,0.0,4224,559.0,-5692,15046,-11747,0.0,11747,3299,0.0,0.0,3299,-698,2601,374.0,374.0,0.0,2227,-59,2168,0.0,0.0,2168.0,2168.0,-300.95,2887.8,0.74,0.85,0.77604,2977.8,0.72,0.83,0.72894,
12/31/2010,18371,12690,18832,18832,,-6142,5681,-888,-1046.0,158.0,0.0,4633,1936.0,-4602,13769,-12709,0.0,12709,1060,0.0,0.0,1060,313,1373,-98.0,-98.0,0.0,1471,-162,1309,-9.0,0.0,1300.0,1300.0,1155.7,2893.3,0.45,0.41,0.81488,2984.8,0.43,0.4,0.7872,
03/31/2011,19726,12102,18155,18155,,-6053,7624,2040,3167.0,-1127.0,0.0,4465,1119.0,-2924,16802,-12586,0.0,12586,4216,0.0,0.0,4216,-1185,3031,-40.0,-40.0,0.0,3071,-72,2999,-4.0,-35.0,2960.0,2960.0,534.3,2904.4,1.02,1.01,1.18933,2996.6,0.99,0.97,1.1483,
06/30/2011,20622,12148,18586,18586,,-6438,8474,3028,2616.0,412.0,0.0,4625,821.0,-3168,17454,-13155,0.0,13155,4299,0.0,0.0,4299,-967,3332,-71.0,-71.0,0.0,3403,-62,3341,-9.0,0.0,3332.0,3332.0,188.5,2908.6,1.12,1.1,1.185966,2997.0,1.09,1.07,1.132896,
09/30/2011,20831,12114,18145,18145,,-6031,8717,2722,2103.0,619.0,0.0,3988,2007.0,-3092,17739,-12719,,12719,5020,0.0,0.0,5020,-1278,3742,-1.0,-1.0,0.0,3743,28,3771,-4.0,-70.0,3697.0,3697.0,-947.05,2910.8,1.27,1.27,0.944397,2998.6,1.23,1.23,0.914169,
12/31/2011,17174,12083,17795,17795,,-5712,5091,-813,-652.0,-161.0,0.0,3767,2137.0,-2640,14534,-13445,0.0,13445,1089,0.0,0.0,1089,-91,998,0.0,0.0,0.0,998,-42,956,-9.0,-17.0,930.0,930.0,966.25,2915.2,0.32,0.31,0.65047,3003.0,0.31,,0.321762,
03/31/2012,19406,11947,17537,17537,,-5590,7459,2551,1931.0,620.0,0.0,4119,789.0,-2790,16616,-12548,0.0,12548,4068,0.0,0.0,4068,-1006,3062,5.0,5.0,0.0,3057,-126,2931,-4.0,-54.0,2873.0,2873.0,1235.0,2926.2,0.98,0.98,1.405577,3014.5,0.95,0.96,1.369687,
06/30/2012,18387,11343,16686,16686,,-5343,7044,1785,1640.0,145.0,0.0,4069,1190.0,-2482,15905,-12208,0.0,12208,3697,0.0,0.0,3697,-718,2979,-7.0,-7.0,0.0,2986,-40,2946,-9.0,-69.0,2868.0,2868.0,567.55,2926.6,0.98,0.98,1.171513,3015.0,0.95,0.95,1.138242,
09/30/2012,13703,11711,16737,16737,,-5026,1992,-1879,976.0,-2855.0,0.0,4232,-361.0,-2395,11308,-12317,0.0,12317,-1009,0.0,0.0,-1009,1494,485,-8.0,-8.0,0.0,493,-25,468,-4.0,-11.0,453.0,453.0,3205.6,2926.8,0.15,0.15,1.247301,3015.3,0.15,0.15,1.213111,
12/31/2012,17917,11916,16581,16581,,-4665,6001,604,234.0,370.0,0.0,4375,1022.0,-2894,15023,-13928,0.0,13928,1095,0.0,0.0,1095,214,1309,85.0,85.0,0.0,1224,-28,1196,-9.0,-27.0,1160.0,1160.0,1749.16,2942.7,0.38,0.41,1.017487,3017.0,0.38,0.41,0.989768,
03/31/2013,20248,11630,15960,15960,,-4330,8618,2693,2504.0,189.0,0.0,4503,1422.0,-2228,18020,-12519,0.0,12519,5501,0.0,0.0,5501,-1570,3931,33.0,33.0,0.0,3898,-90,3808,-4.0,-72.0,3732.0,3732.0,771.95,3040.1,1.23,1.24,1.492369,3044.7,1.23,1.24,1.492369,
06/30/2013,20488,11682,15840,15840,,-4158,8806,2773,2684.0,89.0,0.0,4376,1657.0,-1824,18664,-12349,0.0,12349,6315,0.0,0.0,6315,-2127,4188,-30.0,-30.0,0.0,4218,-36,4182,-9.0,-83.0,4090.0,4090.0,278.2,3040.7,1.35,1.34,1.426711,3046.3,1.34,1.33,1.421324,
09/30/2013,17904,11511,15463,15463,,-3952,6393,1173,1149.0,24.0,0.0,4029,1191.0,-1755,16149,-11883,0.0,11883,4266,0.0,0.0,4266,-1080,3186,-92.0,-92.0,0.0,3278,-51,3227,-110.0,-61.0,3056.0,3056.0,558.5,3034.3,1.01,0.98,1.160894,3040.9,1.0,0.98,1.160894,
12/31/2013,17779,11970,15707,15707,,-3737,5809,876,965.0,-89.0,0.0,4122,811.0,-1877,15902,-12487,0.0,12487,3415,0.0,0.0,3415,-1090,2325,-181.0,-181.0,0.0,2506,-50,2456,-71.0,-47.0,2338.0,2338.0,305.868,3028.0,0.77,0.71,0.813365,3034.6,0.77,0.71,0.810794,
03/31/2014,20206,11759,15350,15350,,-3591,8447,2815,2888.0,-73.0,0.0,4193,1439.0,-1766,18440,-12357,0.0,12357,6083,0.0,0.0,6083,-2131,3952,-37.0,-37.0,0.0,3989,-45,3944,-124.0,-62.0,3758.0,3758.0,957.4,3037.4,1.24,1.23,1.540265,3043.3,1.23,1.22,1.534593,
06/30/2014,19425,11946,15561,15561,,-3615,7479,1890,1843.0,47.0,0.0,4470,1119.0,-1548,17877,-15703,0.0,15703,2174,0.0,0.0,2174,-1921,253,22.0,22.0,0.0,231,-50,181,-100.0,-1.0,80.0,80.0,539.35,3033.8,0.03,0.03,0.211402,3038.3,0.03,0.03,0.207517,
09/30/2014,19689,12187,15512,15512,,-3325,7502,1594,1549.0,45.0,0.0,4309,1599.0,-1545,18144,-13160,0.0,13160,4984,0.0,0.0,4984,-2068,2916,16.0,16.0,0.0,2900,-59,2841,-128.0,-44.0,2669.0,2669.0,1060.3,3029.5,0.88,0.89,1.236277,3034.8,0.88,0.88,1.229381,
12/31/2014,17899,12101,15260,15260,,-3159,5798,545,418.0,127.0,0.0,4073,1180.0,-1807,16092,-14632,0.0,14632,1460,0.0,0.0,1460,-1077,383,1.0,1.0,0.0,382,-38,344,-159.0,-3.0,182.0,182.0,2305.45,3025.6,0.06,0.06,0.822465,3031.5,0.06,0.06,0.820498,
03/31/2015,19736,11572,14600,14600,,-3028,8164,2206,1971.0,235.0,0.0,4132,1826.0,-1718,18018,-11081,0.0,11081,6937,0.0,0.0,6937,-2120,4817,5.0,5.0,0.0,4812,-42,4770,-128.0,-62.0,4580.0,4580.0,312.2,3034.2,1.51,1.51,1.614,3039.3,1.51,1.51,1.612721,
06/30/2015,19470,11822,14873,14873,,-3051,7648,2313,2173.0,140.0,0.0,4189,1146.0,-1467,18003,-11109,0.0,11109,6894,0.0,0.0,6894,-2036,4858,-6.0,-6.0,0.0,4864,-18,4846,-202.0,-64.0,4580.0,4580.0,77.65,3020.0,1.52,1.51,1.540281,3025.0,1.51,1.51,1.535669,
09/30/2015,18692,11773,14714,14714,,-2941,6919,1398,1327.0,71.0,0.0,3602,1919.0,-1647,17045,-10858,0.0,10858,6187,0.0,0.0,6187,-1881,4306,10.0,10.0,0.0,4296,-5,4291,-174.0,-56.0,4061.0,4061.0,170.3,2993.3,1.36,1.36,1.416931,2996.9,1.35,1.36,1.416825,
12/31/2015,18456,11463,14364,14364,,-2901,6993,508,537.0,-29.0,0.0,3573,2912.0,-2350,16106,-11298,0.0,11298,4808,0.0,0.0,4808,-1403,3405,45.0,45.0,0.0,3360,-25,3335,-265.0,-42.0,3028.0,3028.0,595.65,2968.3,1.02,1.03,1.235943,2969.5,1.02,1.03,1.230589,
03/31/2016,17555,11227,14167,14167,,-2940,6328,1561,1840.0,-279.0,0.0,3274,1493.0,-1957,15598,-10611,0.0,10611,4987,0.0,0.0,4987,-1479,3508,2.0,2.0,0.0,3506,-5,3501,-210.0,-40.0,3251.0,3251.0,427.05,2943.0,1.1,1.11,1.250442,2943.0,1.1,1.11,1.250442,
06/30/2016,17548,11236,14356,14356,,-3120,6312,1898,1816.0,82.0,0.0,3603,811.0,-1360,16188,-10418,0.0,10418,5770,0.0,0.0,5770,-1723,4047,23.0,23.0,0.0,4024,-26,3998,-322.0,-53.0,3623.0,3623.0,293.15,2915.8,1.24,1.25,1.350967,2915.9,1.24,1.25,1.350535,
09/30/2016,17760,11479,14653,14653,,-3174,6281,2493,2238.0,255.0,0.0,3506,282.0,-1701,16059,-10439,0.0,10439,5620,0.0,0.0,5620,-1733,3887,30.0,30.0,0.0,3857,-17,3840,-225.0,-53.0,3562.0,3562.0,261.3,2879.9,1.24,1.25,1.337998,2880.1,1.24,1.25,1.337998,
12/31/2016,17934,11534,14812,14812,,-3278,6400,2234,1963.0,271.0,0.0,4589,-423.0,-1760,16174,-11074,0.0,11074,5100,0.0,0.0,5100,-1509,3591,3.0,3.0,0.0,3588,-15,3573,-320.0,-50.0,3203.0,3203.0,246.35,2813.7,1.138359,1.139425,1.226979,2814.2,1.138156,1.139223,1.226761,
03/31/2017,18366,10955,14521,14521,,-3566,7411,3274,3094.0,180.0,0.0,3889,248.0,-1632,16734,-10753,0.0,10753,5981,0.0,0.0,5981,-1863,4118,18.0,18.0,0.0,4100,-10,4090,-301.0,-55.0,3734.0,3734.0,-58.5,2765.3,1.35,1.36,1.33566,2765.5,1.35,1.36,1.33566,
06/30/2017,18155,11258,15294,15294,,-4036,6897,2844,2643.0,201.0,0.0,4165,-112.0,-1694,16461,-10783,0.0,10783,5678,0.0,0.0,5678,-1795,3883,-21.0,-21.0,0.0,3904,-32,3872,-320.0,-48.0,3504.0,3504.0,0.0,2739.1,1.28,1.27,1.27,2739.2,1.28,1.27,1.27,
09/30/2017,18419,11535,15914,15914,,-4379,6884,2446,2248.0,198.0,0.0,4170,268.0,-1971,16448,-10445,0.0,10445,6003,0.0,0.0,6003,-1866,4137,5.0,5.0,0.0,4132,1,4133,-272.0,-53.0,3808.0,3808.0,124.15,2683.6,1.42,1.42,1.467115,2683.7,1.42,1.42,1.466261,
12/31/2017,17504,11313,15850,15850,,-4537,6191,1626,1490.0,136.0,0.0,4067,498.0,-2045,15459,-10360,0.0,10360,5099,0.0,0.0,5099,-23864,-18765,109.0,109.0,0.0,-18874,-19,-18893,-320.0,-12.0,-19225.0,-19225.0,22594.0,2606.2,-7.38,-7.33,1.33451,2606.2,-7.38,-7.33,1.33451,
03/31/2018,18872,11172,16332,16332,,-5160,7700,3431,3289.0,142.0,0.0,3935,334.0,-1831,17041,-10951,0.0,10951,6090,0.0,0.0,6090,-1441,4649,7.0,7.0,0.0,4642,-22,4620,-272.0,-51.0,4297.0,4297.0,-18.17,2561.6,1.68,1.68,1.673107,2563.0,1.68,1.68,1.672911,
06/30/2018,18469,11665,17550,17550,,-5885,6804,2213,2126.0,87.0,0.0,4045,546.0,-1791,16678,-10733,0.0,10733,5945,0.0,0.0,5945,-1444,4501,-15.0,-15.0,0.0,4516,-26,4490,-318.0,-49.0,4123.0,4123.0,-758.4,2530.9,1.63,1.62,1.323482,2532.3,1.63,1.62,1.320509,
09/30/2018,18389,11802,18170,18170,,-6368,6587,2363,2364.0,-1.0,0.0,3714,510.0,-1948,16441,-10337,0.0,10337,6104,0.0,0.0,6104,-1471,4633,8.0,8.0,0.0,4625,-3,4622,-270.0,-51.0,4301.0,4301.0,242.53,2479.8,1.73,1.74,1.835442,2481.4,1.73,1.74,1.835442,
12/31/2018,17124,11923,18776,18776,,-6853,5201,1234,1173.0,61.0,0.0,3743,224.0,-1897,15227,-9921,0.0,9921,5306,0.0,0.0,5306,-1001,4305,8.0,8.0,0.0,4297,16,4313,-313.0,-48.0,3952.0,3952.0,-94.0,2401.1,1.65,1.65,1.610095,2402.7,1.64,1.65,1.610095,
03/31/2019,18576,11759,19076,19076,,-7317,6817,2926,2804.0,122.0,0.0,3765,126.0,-1968,16608,-10596,0.0,10596,6012,0.0,0.0,6012,-1275,4737,2.0,2.0,0.0,4735,-25,4710,-262.0,-59.0,4389.0,4389.0,957.82,2340.4,1.88,1.88,2.28543,2342.4,1.87,1.87,2.278905,
06/30/2019,18758,11950,19712,19712,,-7762,6808,2337,1874.0,463.0,0.0,3750,721.0,-2074,16684,-10519,0.0,10519,6165,0.0,0.0,6165,-1373,4792,-17.0,-17.0,0.0,4809,-10,4799,-296.0,-50.0,4453.0,4453.0,28.44,2286.1,1.95,1.94,1.952863,2289.0,1.95,1.94,1.952425,
09/30/2019,18576,11641,19177,19177,,-7536,6935,3149,2802.0,347.0,0.0,3786,,-2071,16505,-10483,0.0,10483,6022,0.0,0.0,6022,-1079,4943,15.0,15.0,0.0,4928,-15,4913,-254.0,-27.0,4632.0,4632.0,-233.84,2220.8,2.09,2.09,1.987194,2237.1,2.07,2.08,1.975472,
12/31/2019,18378,11997,18545,18545,,-6548,6381,1922,1412.0,510.0,0.0,3856,603.0,-2197,16181,-10479,0.0,10479,5702,0.0,0.0,5702,-703,4999,4.0,4.0,0.0,4995,-16,4979,-296.0,-34.0,4649.0,4649.0,811.33,2149.4,2.16,2.16,2.542258,2166.8,2.15,2.15,2.524437,
03/31/2020,20731,11492,17139,17139,,-5647,9239,5638,5261.0,377.0,0.0,3875,-274.0,-7001,13730,-10620,0.0,10620,3110,0.0,0.0,3110,-576,2534,18.0,18.0,0.0,2516,6,2522,-291.0,-21.0,2210.0,2210.0,-5038.62,2097.9,1.05,1.06,-1.33973,2113.7,1.05,1.06,-1.33973,
06/30/2020,19766,11080,14589,14589,,-3509,8686,4828,4157.0,671.0,0.0,3752,106.0,-7809,11957,-10509,0.0,10509,1448,0.0,0.0,1448,-131,1317,1.0,1.0,0.0,1316,0,1316,-253.0,-11.0,1052.0,1052.0,3638.74,2081.7,0.5,0.51,2.253802,2084.3,0.5,0.51,2.253802,
