Date,Revenue,Sales & Services Revenue,Other Revenue,Cost of Revenue,Cost of Goods & Services,Gross Profit,Other Operating Income,Operating Expenses,"Selling, General & Admin",Selling & Marketing,General & Administrative,Research & Development,Depreciation & Amortization,Other Operating Expense,Operating Income (Loss),Non-Operating (Income) Loss,"Interest Expense, Net",Interest Expense,Foreign Exch (Gain) Loss,Other Non-Op (Income) Loss,Pretax Income,Income Tax Expense (Benefit),Income (Loss) from Cont Ops,Net Extraordinary Losses (Gains),Discontinued Operations,XO & Accounting Changes,Income (Loss) Incl. MI,Minority Interest,"Net Income, GAAP",Preferred Dividends,Other Adjustments,"Net Income Avail to Common, GAAP","Net Income Avail to Common, Adj",Net Abnormal Losses (Gains),Basic Weighted Avg Shares,"Basic EPS, GAAP",Basic EPS from Cont Ops,"Basic EPS from Cont Ops, Adjusted",Diluted Weighted Avg Shares,"Diluted EPS, GAAP",Diluted EPS from Cont Ops,"Diluted EPS from Cont Ops, Adjusted",Source: Bloomberg
12/31/1986,134.401001,,,,,,,,,,,,,,,,,,,,,,,,,,,,24.85,,,24.85,24.85,,523.570513,0.047407,0.042963,0.042963,523.570513,0.047407,0.042963,0.042963,
04/02/1987,146.117004,,,,,,,,,,,,,,,,,,,,,,,,,,,,17.440001,,,17.440001,17.440001,,588.599979,0.032593,0.02963,0.02963,588.599979,0.032593,0.02963,0.02963,
06/30/1987,139.307007,,,,,,,,,,,,,,,,,,,,,,,,,,,,9.226,,,9.226,9.226,,518.960272,0.017778,0.017778,0.017778,518.960272,0.017778,0.017778,0.017778,
09/30/1987,168.285995,,,,,,,,,,,,,,,,,,,,,,,,,,,,15.971,,,15.971,15.971,,539.021273,0.02963,0.02963,0.02963,539.021273,0.02963,0.02963,0.02963,
12/31/1987,195.074997,,,,,,,,,,,,,,,,,,,,,,,,,,,,42.783001,,,42.783001,42.783001,,534.788979,0.08,0.08,0.08,555.35626,0.077037,0.077037,0.077037,
03/31/1988,206.440994,,,,,,,,,,,,,,206.440994,,,,,,,,206.440994,,,,,,33.848,,,33.848,33.848,,531.33302,0.063704,0.063704,0.063704,557.253,0.060741,0.060741,0.060741,
06/30/1988,243.621994,,,,,,,,,,,,,,,,,,,,,,,,,,,,-0.677,,,-0.677,-0.677,,573.75,-0.002963,-0.002963,-0.002963,573.75,-0.002963,-0.002963,-0.002963,
09/30/1988,268.334015,,,,,,,,,,,,,,,,,,,,,,,,,,,,27.985001,,,27.985001,27.985001,,590.30777,0.047407,0.047407,0.047407,590.30777,0.047407,0.047407,0.047407,
12/31/1988,362.489014,,,,,,,,,,,,,,,,,,,,,,,,,,,,60.591999,,,60.591999,60.591999,,584.279984,0.103704,0.103704,0.103704,619.690498,0.097778,0.097778,0.097778,
04/01/1989,358.665985,,,,,,,,,,,,,,,,,,,,,,,,,,,,60.391998,,,60.391998,60.391998,,622.451225,0.068148,0.068148,0.068148,622.451225,0.068148,0.068148,0.068148,
07/02/1989,303.207001,,,,,,,-275.911011,,,,,,,27.296,0.489,,,0.0,-0.489,27.785,-17.096001,10.689,0.0,,,10.688999,0.0,10.689,0.0,,10.689,10.689,,623.264643,0.017778,0.017778,,623.264643,0.017778,0.017778,0.017778,
09/30/1989,282.040985,,,,,,,-280.239014,,,,,,,1.802,1.634,,,0.0,-1.634,3.436,6.169,9.605,0.0,,,9.605,0.0,9.605,0.0,,9.605,9.605,,625.407749,0.014815,0.014815,,625.407749,0.014815,0.014815,0.014815,
12/31/1989,347.083008,,,,,,,-243.641006,,,,,,,103.442001,0.891,,,0.0,-0.891,104.333001,-33.804001,70.528999,0.0,,,70.529,0.0,70.528999,0.0,,70.528999,70.528999,,627.827608,0.112593,0.112593,,627.827608,0.112593,0.112593,0.112593,
03/31/1990,363.656006,,,,,,,-264.095001,,,,,,,99.560997,0.578,,,0.0,-0.578,100.138997,-33.210999,66.928001,0.0,,,66.927998,0.0,66.928001,0.0,,66.928001,66.928001,,628.846865,0.106667,0.106667,0.106667,628.846865,0.106667,0.106667,0.106667,
06/30/1990,261.018005,,,,,,,,,,,,,,261.018005,-253.791,,,,253.791,7.227005,,7.227,0.0,,,,0.0,7.227,0.0,,7.227,7.227,,630.183352,0.011852,0.011852,,630.183352,0.011852,0.011852,0.011852,
09/30/1990,321.269012,,,,,,,,,,,,,,321.269012,-286.872986,,,,286.872986,34.396027,,34.396,0.0,,,,0.0,34.396,0.0,,34.396,34.396,,628.738873,0.053333,0.053333,,628.738873,0.053333,0.053333,0.053333,
12/31/1990,358.437012,,,,,,,,,,,,,,358.437012,-308.894989,,,,308.894989,49.542023,,49.542,0.0,,,,0.0,49.542,0.0,,49.542,49.542,,620.709755,0.08,0.08,,620.709755,0.08,0.08,0.08,
04/02/1991,359.834015,,,,,,,,,,,,,,359.834015,-320.743988,,,,320.743988,39.090027,,39.09,0.0,,,,0.0,39.09,0.0,,39.09,39.09,,614.786615,0.062222,0.062222,0.062222,614.786615,0.062222,0.062222,0.062222,
07/02/1991,287.010986,,,,,,,-268.407013,,,,,,,18.604,3.274,,,0.0,-3.274,21.878,-8.596,13.282,0.0,,,13.282,0.0,13.282,0.0,,13.282,13.282,,608.880363,0.020741,0.020741,,608.880363,0.020741,0.020741,0.020741,
10/02/1991,332.807007,,,,,,,-274.053009,,,,,,,58.754002,2.899,,,0.0,-2.899,61.653002,-23.981001,37.672001,0.0,,,37.672001,0.0,37.672001,0.0,,37.672001,37.672001,,597.773237,0.062222,0.062222,,597.773237,0.062222,0.062222,0.062222,
12/31/1991,419.084991,,,,,,,-330.196991,,,,,,,88.888,-0.011,,,0.0,0.011,88.877,-34.661999,54.215,0.0,,,54.215002,0.0,54.215,0.0,,54.215,54.215,,597.773237,0.091852,0.091852,,597.773237,0.091852,0.091852,0.091852,
03/31/1992,469.858002,,,,,,,-375.315002,,,,,,,94.542999,0.115,,,0.0,-0.115,94.657999,-36.917999,57.740002,0.0,,,57.74,0.0,57.740002,0.0,,57.740002,57.740002,,598.212003,0.097778,0.097778,0.097778,598.212003,0.097778,0.097778,0.097778,
06/30/1992,367.475006,,,,,,,-336.389008,,,,,,,31.086,-0.013,,,0.0,0.013,31.073,-11.81,19.263,0.0,,,19.263,0.0,19.263,0.0,,19.263,19.263,,595.346632,0.032593,0.032593,,595.346632,0.032593,0.032593,0.032593,
09/30/1992,431.946991,,,,,,,-355.037994,,,,,,,76.908997,-1.154,,,0.0,1.154,75.754997,-28.785,46.970001,0.0,,,46.969997,0.0,46.970001,0.0,,46.970001,46.970001,,572.109776,0.082963,0.082963,,572.109776,0.082963,0.082963,0.082963,
12/31/1992,501.524994,,,,,,,-377.286011,,,,,,,124.238998,-2.71,,,0.0,2.71,121.528998,-41.32,80.209,0.0,,,80.208999,0.0,80.209,0.0,,80.209,80.209,,565.85586,0.142222,0.142222,,565.85586,0.142222,0.142222,0.142222,
03/31/1993,540.060974,,,,,,,-384.096985,,,,,,,155.964005,-0.658,,,0.0,0.658,155.306005,-56.203999,99.101997,0.0,,,99.102006,0.0,99.101997,0.0,,99.101997,99.101997,,583.837868,0.168889,0.168889,0.168889,583.837868,0.168889,0.168889,0.168889,
06/30/1993,423.381989,,,,,,,-373.936005,,,,,,,49.445999,-1.4,,,0.0,1.4,48.045999,-17.297001,30.749001,0.0,,,30.748998,0.0,30.749001,0.0,,30.749001,30.749001,,579.723764,0.053333,0.053333,,579.723764,0.053333,0.053333,0.053333,
09/30/1993,516.968018,,,,,,,-379.372986,,,,,,,137.595001,-0.817,,,0.0,0.817,136.778001,-49.240002,87.538002,0.0,,,87.538,0.0,87.538002,0.0,,87.538002,87.538002,,579.511127,0.151111,0.151111,,579.511127,0.151111,0.151111,0.151111,
12/31/1993,574.380005,,,,,,,-380.274994,,,,,,,194.104996,0.051,,,0.0,-0.051,194.155996,-69.968002,124.188004,0.0,,,124.187993,0.0,124.188004,0.0,,124.188004,124.188004,,580.284016,0.213333,0.213333,,580.284016,0.213333,0.213333,0.213333,
03/31/1994,633.73999,,,,,,,-386.097992,,,,,,,247.641998,0.35,,,0.0,-0.35,247.991998,-89.205002,158.787003,0.0,,,158.786996,0.0,158.787003,0.0,,158.787003,158.787003,,573.446263,0.275556,0.275556,0.275556,573.446263,0.275556,0.275556,0.275556,
06/30/1994,476.631012,,,,,,,-366.088013,,,,,,,110.542999,-248.574005,,,0.0,248.574005,-138.031006,52.452,-85.579002,0.0,,,-85.579006,0.0,-85.579002,0.0,,-85.579002,-85.579002,,546.392241,-0.157037,-0.157037,,546.392241,-0.157037,-0.157037,-0.157037,
09/30/1994,623.340027,,,,,,,-410.134003,,,,,,,213.205994,-2.924,,,0.0,2.924,210.281994,-79.906998,130.375,0.0,,,130.374996,0.0,130.375,0.0,,130.375,130.375,,567.668243,0.231111,0.231111,,567.668243,0.231111,0.231111,0.231111,
12/31/1994,721.031982,,,,,,,-437.5,,,,,,,283.532013,-2.554,,,0.0,2.554,280.978013,-106.772003,174.205994,0.0,,,174.20601,0.0,174.205994,0.0,,174.205994,174.205994,,566.25075,0.308148,0.308148,,566.25075,0.308148,0.308148,0.308148,
03/31/1995,801.989014,,,,,,,-455.294006,,,,,,,346.695007,-3.305,,,0.0,3.305,343.390007,-130.488007,212.901993,0.0,,,212.902,0.0,212.901993,0.0,,212.901993,212.901993,,566.692865,0.376296,0.376296,0.376296,566.692865,0.376296,0.376296,0.376296,
06/30/1995,577.452026,,,,,,,-435.522003,,,,,,,141.929993,-1.376,,,0.0,1.376,140.553993,-52.005001,88.549004,0.0,,,88.548992,0.0,88.549004,0.0,,88.549004,88.549004,,568.505247,0.157037,0.157037,0.157037,568.505247,0.157037,0.157037,0.157037,
09/30/1995,812.315979,,,,,,,-521.474976,,,,,,,290.841003,-1320.754028,,,0.0,1320.754028,-1029.913025,392.733002,-637.179993,0.0,,,-637.180023,0.0,-637.179993,0.0,,-637.179993,-637.179993,,543.102745,-1.173333,-1.173333,-1.173333,543.102745,-1.173333,-1.173333,-1.173333,
12/31/1995,1004.439026,,,,,,,-612.614014,,,,,,,391.825012,-27.236,,,0.0,27.236,364.589012,-137.410995,227.177994,0.0,,,227.178017,0.0,227.177994,0.0,,227.177994,227.177994,,570.85651,0.4,0.4,,570.85651,0.4,0.4,0.4,
03/31/1996,1110.421997,,,,,,,-661.536011,,,,,,,448.885986,-24.726999,,,0.0,24.726999,424.158987,-159.059998,265.098999,0.0,,,265.098989,0.0,265.098999,0.0,,265.098999,265.098999,,570.053239,0.466667,0.466667,0.466667,570.053239,0.466667,0.466667,0.466667,
06/30/1996,792.0,,,,,,,-579.0,,,,,,,213.0,-23.0,,,0.0,23.0,190.0,-70.0,120.0,0.0,,,120.0,0.0,120.0,0.0,,120.0,120.0,,568.500767,0.213333,0.213333,0.213333,568.500767,0.213333,0.213333,0.213333,
09/30/1996,990.0,,,,,,,-615.0,,,,,,,375.0,-21.0,,,0.0,21.0,354.0,-131.0,223.0,0.0,,,223.0,0.0,223.0,0.0,,223.0,223.0,,569.697006,0.393333,0.393333,0.393333,569.697006,0.393333,0.393333,0.393333,
12/31/1996,1053.0,,,,,,,-574.0,,,,,,,479.0,-625.0,,,0.0,625.0,-146.0,-167.0,-313.0,0.0,,,-313.0,0.0,-313.0,0.0,,-313.0,-313.0,,547.5,-0.573333,-0.573333,0.5,547.5,-0.573333,-0.573333,0.5,
03/31/1997,1205.0,,,,,,,-640.0,,,,,,,565.0,-31.0,,,0.0,31.0,534.0,-198.0,336.0,0.0,,,336.0,0.0,336.0,0.0,,336.0,336.0,,562.496979,0.506667,0.506667,0.48,562.496979,0.506667,0.506667,0.48,
06/30/1997,891.0,,,,,,,-610.0,,,,,,,281.0,-32.0,,,0.0,32.0,249.0,-93.0,156.0,0.0,,,156.0,0.0,156.0,0.0,,156.0,156.0,,544.175995,0.293333,0.293333,0.293333,562.34848,0.28,0.28,0.28,
09/30/1997,1122.0,,,,,,,-658.0,,,,,,,464.0,-29.0,,,0.0,29.0,435.0,-163.0,272.0,0.0,,,272.0,0.0,272.0,0.0,,272.0,272.0,,546.0,0.5,0.5,0.5,568.000488,0.48,0.48,0.48,
12/31/1997,1239.0,,,,,,,-666.0,,,,,,,573.0,-29.0,,,0.0,29.0,544.0,-204.0,340.0,0.0,,,340.0,0.0,340.0,0.0,,340.0,340.0,,546.422974,0.62,0.62,0.62,567.98999,0.6,0.6,0.6,
03/31/1998,1467.0,,,,,,,-768.0,,,,,,,699.0,-53.0,,,0.0,53.0,646.0,-245.0,401.0,0.0,,,401.0,0.0,401.0,0.0,,401.0,401.0,,546.362976,0.74,0.74,0.77,567.432007,0.71,0.71,0.75,
06/30/1998,1047.0,,,,,,,-706.0,,,,,,,341.0,-1101.0,,,0.0,1101.0,-760.0,279.0,-481.0,0.0,,,-481.0,0.0,-481.0,0.0,,-481.0,-481.0,,552.294983,-0.87,-0.87,0.35,552.294983,-0.87,-0.87,0.34,
09/30/1998,1216.0,,,,,,,-717.0,,,,,,,499.0,-29.0,,,0.0,29.0,470.0,-176.0,294.0,0.0,,,294.0,0.0,294.0,0.0,,294.0,294.0,,553.796021,0.53,0.53,0.53,569.002991,0.52,0.52,0.52,
12/31/1998,1361.0,,,,,,,-761.0,,,,,,,600.0,-33.0,,,0.0,33.0,567.0,-212.0,355.0,0.0,,,355.0,0.0,355.0,0.0,,355.0,355.0,,538.421021,0.66,0.66,0.66,554.015015,0.64,0.64,0.64,
03/31/1999,1042.0,,,,,,,-278.0,,,,,,,764.0,-31.0,,,0.0,31.0,733.0,-275.0,458.0,0.0,,,458.0,0.0,458.0,0.0,,458.0,458.0,,536.719971,0.83,0.83,0.83,552.585022,0.82,0.82,0.82,
06/30/1999,1057.0,,,-61.0,,996.0,,-1250.0,,,,,,,-254.0,-50.0,50.0,50.0,0.0,0.0,-304.0,-128.0,-432.0,0.0,,,-432.0,0.0,-432.0,0.0,0.0,-432.0,-432.0,646.0,536.554016,-0.8,-0.8,0.49,536.554016,-0.8,-0.8,0.49,
09/30/1999,1465.0,,,-79.0,,1386.0,,-754.0,,,,,,,632.0,-97.0,97.0,97.0,0.0,0.0,535.0,-201.0,334.0,0.0,,,334.0,0.0,334.0,0.0,0.0,334.0,334.0,83.25,538.0,0.62,0.62,0.77,555.0,0.6,0.6,0.75,
12/31/1999,1674.0,,,-89.0,,1585.0,,-846.0,,,,,,,739.0,-97.0,97.0,97.0,0.0,0.0,642.0,-241.0,401.0,0.0,,,401.0,0.0,401.0,0.0,0.0,401.0,401.0,,539.934021,0.74,0.74,0.74,558.695007,0.72,0.72,0.72,
03/31/2000,1907.0,,,,,,,-800.0,,,,,,,1107.0,-391.0,,,0.0,391.0,716.0,-324.0,392.0,0.0,,,392.0,0.0,392.0,0.0,0.0,392.0,392.0,,542.796997,0.72,0.72,1.13,561.447021,0.7,0.7,1.11,
06/30/2000,1137.0,,,-65.0,,1072.0,,-1123.0,,,,,,,-51.0,96.0,88.0,88.0,0.0,-184.0,45.0,-22.0,23.0,0.0,,,23.0,0.0,23.0,0.0,0.0,23.0,23.0,61.0,590.0,0.04,0.04,0.14,606.0,0.04,0.04,0.14,
09/30/2000,1545.0,,,-85.0,,1460.0,,-1103.0,,,,,,,357.0,-89.0,89.0,89.0,0.0,0.0,268.0,-130.0,138.0,0.0,,,138.0,0.0,138.0,0.0,0.0,138.0,138.0,183.520004,585.0,0.24,0.24,0.55,592.0,0.23,0.23,0.54,
12/31/2000,783.0,,,-88.0,,695.0,,-1075.0,,,,,,,-380.0,-88.0,88.0,88.0,0.0,0.0,-468.0,126.0,-342.0,0.0,,,-342.0,0.0,-342.0,0.0,0.0,-342.0,-342.0,,577.0,-0.59,-0.59,-0.59,577.0,-0.59,-0.59,-0.59,
03/31/2001,733.0,,,,,,,-1165.0,,,,,,,-432.0,-79.0,,,0.0,79.0,-511.0,101.0,-410.0,0.0,,,-410.0,0.0,-410.0,0.0,0.0,-410.0,-410.0,,577.0,-0.71,-0.71,0.47,577.0,-0.71,-0.71,0.47,
06/30/2001,712.0,,,-80.0,,632.0,,-1013.0,,,,,,,-381.0,-69.0,69.0,69.0,0.0,0.0,-450.0,108.0,-342.0,0.0,,,-342.0,0.0,-342.0,0.0,0.0,-342.0,-342.0,201.0,577.0,-0.59,-0.59,-0.24,585.0,-0.59,-0.59,-0.24,
09/30/2001,733.0,,,-73.0,,660.0,,-976.0,,,,,,,-316.0,-57.0,57.0,57.0,0.0,0.0,-373.0,82.0,-291.0,0.0,,,-291.0,0.0,-291.0,0.0,0.0,-291.0,-291.0,198.679993,577.0,-0.5,-0.5,-0.16,577.0,-0.5,-0.5,-0.16,
12/31/2001,747.0,,,-65.0,,682.0,,-904.0,,,,,,,-222.0,-53.0,53.0,53.0,0.0,0.0,-275.0,44.0,-231.0,0.0,,,-231.0,0.0,-231.0,0.0,0.0,-231.0,-231.0,648.0,576.0,-0.4,-0.4,0.71,576.0,-0.4,-0.4,0.71,
03/31/2002,772.0,,,,,,,-952.0,,,,,,,-180.0,-107.0,,48.0,0.0,59.0,-287.0,49.0,-238.0,0.0,,,-238.0,0.0,-238.0,0.0,0.0,-238.0,-238.0,,577.0,-0.41,-0.41,0.0,583.0,-0.41,-0.41,0.0,
06/30/2002,765.0,,,-59.0,,706.0,,-759.0,,,,,,,-53.0,-47.0,47.0,47.0,0.0,0.0,-100.0,35.0,-65.0,0.0,,,-65.0,0.0,-65.0,0.0,0.0,-65.0,-65.0,77.0,578.0,-0.11,-0.11,0.02,578.0,-0.11,-0.11,0.02,
09/30/2002,772.0,,,-59.0,,713.0,,-751.0,,,,,,,-38.0,-41.0,41.0,41.0,0.0,0.0,-79.0,27.0,-52.0,0.0,,,-52.0,0.0,-52.0,0.0,0.0,-52.0,-52.0,74.0,573.0,-0.09,-0.09,0.04,573.0,-0.09,-0.09,0.04,
12/31/2002,754.0,,,-60.0,,694.0,,-723.0,329.0,,,,,394.0,-29.0,-44.0,44.0,44.0,0.0,0.0,-73.0,26.0,-47.0,-3.0,,,-44.0,0.0,-44.0,0.0,0.0,-44.0,-44.0,,574.0,-0.08,-0.08,0.05,574.0,-0.08,-0.08,0.05,
03/31/2003,775.0,,,-59.0,,716.0,,-700.0,,,,,,,16.0,-133.0,39.0,39.0,0.0,94.0,-117.0,11.0,-106.0,0.0,,,-106.0,0.0,-106.0,0.0,0.0,-106.0,-106.0,154.0,575.0,-0.18,-0.18,0.08,575.0,-0.18,-0.18,0.08,
06/30/2003,786.0,,,-55.0,,731.0,,-684.0,,,,,,,47.0,-35.0,31.0,31.0,0.0,4.0,12.0,-4.0,8.0,0.0,,,8.0,0.0,8.0,0.0,0.0,8.0,8.0,71.0,578.0,0.01,0.01,0.14,580.0,0.01,0.01,0.14,
09/30/2003,803.0,,,-52.0,,751.0,,-688.0,,,,,,,63.0,-199.0,29.0,29.0,0.0,170.0,-136.0,46.0,-90.0,0.0,,,-90.0,0.0,-90.0,0.0,0.0,-90.0,-90.0,219.0,579.0,-0.16,-0.16,0.22,579.0,-0.16,-0.16,0.22,
12/31/2003,837.0,,,-54.0,,783.0,,-697.0,,,,,,,86.0,-59.0,29.0,29.0,0.0,30.0,27.0,-10.0,17.0,-1.0,,,18.0,0.0,18.0,0.0,0.0,18.0,18.0,76.0,580.0,0.03,0.03,0.16,612.0,0.03,0.03,0.03,
03/31/2004,873.0,,,-59.0,,814.0,,-704.0,,,,,,,110.0,-64.0,,47.0,0.0,17.0,46.0,-17.0,29.0,-60.0,,,89.0,0.0,89.0,0.0,0.0,89.0,89.0,,584.0,0.15,0.05,0.19,612.0,0.15,0.05,0.18,
06/30/2004,850.0,,,-56.0,,794.0,,-695.0,,,,,,,99.0,-34.0,26.0,26.0,0.0,8.0,65.0,-25.0,40.0,0.0,,,40.0,0.0,40.0,0.0,0.0,40.0,40.0,71.0,586.0,0.07,0.07,0.19,642.0,0.07,0.07,0.19,
09/30/2004,865.0,,,-54.0,,811.0,,-732.0,,,,,,,79.0,-263.0,24.0,24.0,0.0,239.0,-184.0,88.0,-96.0,2.0,,,-98.0,0.0,-98.0,0.0,0.0,-98.0,-98.0,311.0,587.0,-0.17,-0.17,0.36,587.0,-0.17,-0.17,0.36,
12/31/2004,917.0,,,-57.0,,860.0,,-760.0,,,,,,,100.0,-53.0,29.0,29.0,0.0,24.0,47.0,-16.0,31.0,0.0,,,31.0,0.0,31.0,0.0,0.0,31.0,31.0,71.0,589.0,0.05,0.05,0.18,594.0,0.05,0.05,0.18,
03/31/2005,971.0,,,-63.0,,908.0,,-787.0,,,,,,,121.0,-350.0,,79.0,0.0,271.0,-229.0,47.0,-25.0,0.0,,,-182.0,0.0,51.0,0.0,0.0,51.0,51.0,,589.0,0.09,0.09,0.2,591.0,0.09,0.09,0.2,
06/30/2005,927.0,,,-60.0,,867.0,,-766.0,389.0,,,,,377.0,101.0,-10.0,9.0,9.0,0.0,1.0,91.0,6.0,97.0,0.0,,,97.0,0.0,97.0,0.0,0.0,97.0,97.0,,587.0,0.17,0.17,0.23,612.0,0.16,0.16,0.22,
09/30/2005,950.0,,,-65.0,,885.0,,-773.0,383.0,,,,,390.0,112.0,-65.0,10.0,10.0,0.0,55.0,47.0,-1.0,46.0,0.0,,,46.0,0.0,46.0,0.0,0.0,46.0,46.0,,584.0,0.08,0.08,0.26,610.0,0.08,0.08,0.25,
12/31/2005,965.0,,,-66.0,,899.0,,-833.0,400.0,,,,,433.0,66.0,-23.0,12.0,12.0,0.0,11.0,43.0,13.0,56.0,-1.0,,,57.0,0.0,57.0,0.0,0.0,57.0,57.0,,579.0,0.1,0.1,0.25,606.0,0.09,0.09,0.24,
03/31/2006,942.0,,,-72.0,,870.0,,-892.0,,,,,,,-22.0,-34.0,,,0.0,34.0,-56.0,17.0,-39.0,2.0,,,-41.0,0.0,-41.0,0.0,0.0,-41.0,-41.0,,575.0,-0.07,-0.07,0.13,575.0,-0.07,-0.07,0.13,
06/30/2006,949.0,,,-70.0,,879.0,,-818.0,429.0,,,,,389.0,61.0,-18.0,8.0,8.0,0.0,10.0,43.0,-8.0,35.0,0.0,,,35.0,0.0,35.0,0.0,0.0,35.0,35.0,,568.0,0.06,0.06,0.15,597.0,0.06,0.06,0.15,
09/30/2006,987.0,,,-77.0,,910.0,,-778.0,408.0,,,,,370.0,132.0,-64.0,12.0,12.0,0.0,52.0,68.0,-14.0,54.0,1.0,,,53.0,0.0,53.0,0.0,0.0,53.0,53.0,,560.0,0.09,0.09,0.27,584.0,0.09,0.09,0.26,
12/31/2006,1002.0,,,-81.0,,921.0,,-790.0,403.0,,,,,387.0,131.0,-61.0,25.0,25.0,0.0,36.0,70.0,-18.0,52.0,2.0,,,50.0,0.0,50.0,0.0,0.0,50.0,50.0,,524.0,0.1,0.1,0.24,549.0,0.1,0.1,0.24,
03/31/2007,1005.0,,,-511.0,,494.0,0.0,-406.0,,,,,,,88.0,-115.0,15.0,15.0,0.0,100.0,-27.0,7.0,-20.0,,,,-20.0,0.0,-20.0,0.0,0.0,-20.0,-20.0,,525.0,-0.04,-0.04,0.22,525.0,-0.04,-0.04,0.22,
06/30/2007,1025.0,,,-161.0,,864.0,0.0,-641.0,438.0,306.0,,,,203.0,223.0,-26.0,14.0,14.0,,12.0,197.0,-68.0,129.0,,,,129.0,,129.0,0.0,0.0,129.0,129.0,,525.0,0.25,0.25,0.25,551.0,0.24,0.24,0.24,
09/30/2007,1067.0,,,-160.0,,907.0,0.0,-663.0,468.0,317.0,,,,195.0,244.0,-13.0,13.0,13.0,0.0,0.0,231.0,-94.0,137.0,0.0,,,137.0,0.0,137.0,0.0,0.0,137.0,137.0,,512.0,0.27,0.27,0.32,537.0,0.26,0.26,0.31,
12/31/2007,1100.0,,,-156.0,,944.0,0.0,-682.0,456.0,333.0,,,,226.0,262.0,-23.0,10.0,,0.0,13.0,239.0,-76.0,163.0,0.0,,,163.0,0.0,163.0,0.0,0.0,163.0,163.0,,510.0,0.32,0.32,0.39,536.0,0.31,0.31,0.38,
03/31/2008,1085.0,,,-163.0,,922.0,0.0,-772.0,495.0,371.0,,,,277.0,150.0,-9.0,9.0,,,0.0,141.0,-70.0,71.0,0.0,,,71.0,0.0,71.0,0.0,0.0,71.0,71.0,52.42,510.0,0.14,0.14,0.24,537.0,0.13,0.13,0.23,
06/30/2008,1087.0,1058.0,29.0,-154.0,154.0,933.0,0.0,-625.0,419.0,297.0,122.0,123.0,36.0,47.0,308.0,-4.0,4.0,,10.0,-10.0,304.0,-104.0,200.0,0.0,0.0,0.0,200.0,0.0,200.0,0.0,0.0,200.0,216.2,16.2,512.0,0.39,0.39,0.422266,537.0,0.37,0.37,0.400168,
09/30/2008,1107.0,1069.0,38.0,-164.0,164.0,943.0,0.0,-613.0,421.0,311.0,110.0,120.0,37.0,35.0,330.0,-2.0,2.0,,5.0,-5.0,328.0,-119.0,209.0,0.0,0.0,0.0,209.0,0.0,209.0,0.0,0.0,209.0,214.15,5.15,514.0,0.41,0.41,0.416634,539.0,0.39,0.39,0.399555,
12/31/2008,1042.0,1006.0,36.0,-146.0,146.0,896.0,0.0,-587.0,417.0,307.0,110.0,115.0,36.0,19.0,309.0,-8.0,8.0,,-15.0,15.0,301.0,-88.0,213.0,0.0,0.0,0.0,213.0,0.0,213.0,0.0,0.0,213.0,224.0,11.0,514.0,0.41,0.41,0.435798,539.0,0.4,0.4,0.420408,
03/31/2009,1035.0,997.0,38.0,-141.0,141.0,894.0,0.0,-714.0,421.0,299.0,122.0,128.0,40.0,125.0,180.0,-22.0,22.0,,-11.0,11.0,158.0,-93.0,65.0,0.0,0.0,0.0,65.0,0.0,65.0,0.0,0.0,65.0,141.7,76.7,514.0,0.13,0.13,0.275681,538.0,0.13,0.13,0.272565,
06/30/2009,1044.0,1011.0,33.0,-132.0,132.0,912.0,0.0,-587.0,390.0,280.0,110.0,117.0,38.0,42.0,325.0,-17.0,17.0,,,0.0,308.0,-113.0,195.0,0.0,0.0,0.0,195.0,0.0,195.0,0.0,0.0,195.0,215.1,20.1,516.0,0.37,0.37,0.41686,540.0,0.37,0.37,0.407222,
09/30/2009,1067.0,1039.0,28.0,-131.0,131.0,936.0,0.0,-597.0,403.0,284.0,119.0,114.0,39.0,41.0,339.0,-22.0,22.0,,,0.0,317.0,-99.0,218.0,0.0,0.0,0.0,218.0,0.0,218.0,0.0,0.0,218.0,230.85,12.85,518.0,0.42,0.42,0.445656,542.0,0.41,0.41,0.433708,
12/31/2009,1122.0,1068.0,54.0,-139.0,139.0,983.0,0.0,-633.0,444.0,315.0,129.0,117.0,39.0,33.0,350.0,-23.0,23.0,,,0.0,327.0,-71.0,256.0,-1.0,-1.0,0.0,257.0,0.0,257.0,0.0,0.0,257.0,264.4,8.4,515.0,0.49,0.49,0.513398,535.0,0.49,0.49,0.505701,
03/31/2010,1075.0,1016.0,59.0,-142.0,142.0,933.0,0.0,-702.0,451.0,331.0,120.0,120.0,43.0,88.0,231.0,-14.0,14.0,,,0.0,217.0,-117.0,100.0,-1.0,-1.0,0.0,101.0,0.0,101.0,0.0,0.0,101.0,128.6,28.6,512.0,0.2,0.2,0.251172,514.0,0.19,0.19,0.245642,
06/30/2010,1069.0,1017.0,52.0,-138.0,138.0,931.0,0.0,-610.0,407.0,290.0,117.0,128.0,44.0,31.0,321.0,-13.0,13.0,,,0.0,308.0,-87.0,221.0,4.0,4.0,0.0,217.0,0.0,217.0,0.0,0.0,217.0,222.95,1.95,510.0,0.42,0.43,0.437157,511.0,0.42,0.43,0.433816,
09/30/2010,1088.0,1018.0,70.0,-141.0,141.0,947.0,0.0,-645.0,413.0,300.0,113.0,125.0,45.0,62.0,302.0,-12.0,12.0,,,0.0,290.0,-71.0,219.0,-3.0,-3.0,0.0,222.0,0.0,222.0,0.0,0.0,222.0,306.3,87.3,507.0,0.43,0.43,0.604142,508.0,0.43,0.43,0.60185,
12/31/2010,1165.0,1083.0,82.0,-159.0,159.0,1006.0,0.0,-668.0,462.0,348.0,114.0,110.0,47.0,49.0,338.0,-10.0,10.0,,,0.0,328.0,-128.0,200.0,0.0,0.0,0.0,200.0,0.0,200.0,0.0,0.0,200.0,190.25,-9.75,505.0,0.39,0.39,0.376733,506.0,0.39,0.39,0.370731,
03/31/2011,1128.0,1052.0,76.0,-151.0,151.0,977.0,0.0,-678.0,462.0,355.0,107.0,108.0,51.0,57.0,299.0,-10.0,10.0,,,0.0,289.0,-102.0,187.0,-1.0,-1.0,0.0,188.0,0.0,188.0,0.0,0.0,188.0,183.75,-3.25,503.0,0.37,0.37,0.365308,505.0,0.37,0.37,0.363564,
06/30/2011,1163.0,1097.0,66.0,-155.0,155.0,1008.0,0.0,-666.0,440.0,326.0,114.0,118.0,47.0,61.0,342.0,-9.0,9.0,,,0.0,333.0,-105.0,228.0,-13.0,-13.0,0.0,241.0,0.0,241.0,0.0,0.0,241.0,246.2,18.2,500.0,0.48,0.45,0.4924,501.0,0.47,0.45,0.486327,
09/30/2011,1200.0,1118.0,82.0,-162.0,162.0,1038.0,0.0,-705.0,474.0,370.0,104.0,140.0,43.0,48.0,333.0,-6.0,6.0,,,0.0,327.0,-91.0,236.0,0.0,0.0,0.0,236.0,,236.0,0.0,0.0,236.0,241.8,5.8,493.0,0.47,0.47,0.490467,494.0,0.47,0.47,0.481741,
12/31/2011,1263.0,1109.0,154.0,-160.0,160.0,1103.0,0.0,-690.0,455.0,342.0,113.0,126.0,44.0,65.0,413.0,-9.0,9.0,,,0.0,404.0,-141.0,263.0,0.0,0.0,0.0,263.0,,263.0,0.0,0.0,263.0,288.35,25.35,483.0,0.54,0.54,0.596998,484.0,0.54,0.54,0.592376,
03/31/2012,1188.0,1079.0,109.0,-166.0,166.0,1022.0,0.0,-721.0,487.0,356.0,131.0,126.0,42.0,66.0,301.0,-11.0,11.0,,,0.0,290.0,-79.0,211.0,0.0,0.0,0.0,211.0,0.0,211.0,0.0,0.0,211.0,224.65,13.65,466.0,0.45,0.45,0.482082,467.0,0.45,0.45,0.479229,
06/30/2012,1145.0,1068.0,77.0,-155.0,155.0,990.0,0.0,-609.0,415.0,305.0,110.0,125.0,41.0,28.0,381.0,-11.0,11.0,,-12.0,12.0,370.0,-130.0,240.0,0.0,0.0,0.0,240.0,0.0,240.0,0.0,0.0,240.0,236.1,-3.9,465.0,0.51,0.51,0.507742,467.0,0.51,0.51,0.501649,
09/30/2012,1152.0,1058.0,94.0,-157.0,157.0,995.0,0.0,-658.0,415.0,317.0,98.0,123.0,40.0,80.0,337.0,-10.0,10.0,,-9.0,9.0,327.0,-105.0,222.0,0.0,0.0,0.0,222.0,,222.0,0.0,0.0,222.0,27.2,-194.8,458.0,0.48,0.48,0.059389,459.0,0.48,0.48,0.055599,
12/31/2012,1195.0,1063.0,132.0,-164.0,164.0,1031.0,0.0,-661.0,427.0,331.0,96.0,120.0,39.0,75.0,370.0,-12.0,12.0,,12.0,-12.0,358.0,-107.0,251.0,0.0,0.0,0.0,251.0,,251.0,0.0,0.0,251.0,254.7,3.7,452.0,0.55,0.55,0.563496,453.0,0.55,0.55,0.558168,
03/31/2013,1143.0,1045.0,98.0,-162.0,162.0,981.0,0.0,-713.0,424.0,323.0,101.0,121.0,38.0,130.0,268.0,-11.0,11.0,,1.0,-1.0,257.0,-19.0,238.0,-4.0,-4.0,0.0,242.0,0.0,242.0,0.0,0.0,242.0,282.2,44.2,449.0,0.53,0.52,0.628508,450.0,0.53,0.52,0.618222,
06/30/2013,1095.0,1020.0,75.0,-156.0,156.0,939.0,0.0,-720.0,360.0,269.0,91.0,132.0,36.0,192.0,219.0,-11.0,11.0,,7.0,-7.0,208.0,122.0,330.0,-5.0,-5.0,0.0,335.0,0.0,335.0,0.0,0.0,335.0,411.25,81.25,450.0,0.73,0.72,0.913889,451.0,0.73,0.72,0.900155,
09/30/2013,1140.0,1042.0,98.0,-161.0,161.0,979.0,0.0,-620.0,351.0,260.0,91.0,145.0,37.0,87.0,359.0,-13.0,13.0,,13.0,-13.0,346.0,-106.0,240.0,0.0,0.0,0.0,240.0,0.0,240.0,0.0,0.0,240.0,138.55,-101.45,448.0,0.53,0.53,0.309263,450.0,0.53,0.53,0.304556,
12/31/2013,1163.0,1045.0,118.0,-167.0,167.0,996.0,0.0,-662.0,388.0,293.0,95.0,149.0,40.0,85.0,334.0,-15.0,15.0,,3.0,-3.0,319.0,-87.0,232.0,0.0,0.0,0.0,232.0,0.0,232.0,0.0,-2.0,230.0,243.65,13.65,446.0,0.52,0.52,0.5463,448.0,0.51,0.51,0.540469,
03/31/2014,1108.0,1015.0,93.0,-171.0,171.0,937.0,0.0,-747.0,436.0,318.0,118.0,159.0,31.0,121.0,190.0,-15.0,15.0,,15.0,-15.0,175.0,-71.0,104.0,-3.0,-3.0,0.0,107.0,0.0,107.0,0.0,0.0,107.0,130.0,26.0,442.0,0.24,0.23,0.294118,444.0,0.24,0.23,0.288559,
06/30/2014,1069.0,996.0,73.0,-153.0,153.0,916.0,0.0,-603.0,338.0,246.0,92.0,150.0,34.0,81.0,313.0,-14.0,14.0,,5.0,-5.0,299.0,-87.0,212.0,-5.0,-5.0,0.0,217.0,,217.0,0.0,0.0,217.0,97.8,-114.2,440.0,0.49,0.48,0.222273,441.0,0.49,0.48,0.221043,
09/30/2014,1079.0,999.0,80.0,-159.0,159.0,920.0,0.0,-600.0,340.0,253.0,87.0,150.0,34.0,76.0,320.0,-12.0,12.0,,,0.0,308.0,-73.0,235.0,-21.0,-21.0,0.0,256.0,,256.0,0.0,0.0,256.0,333.4,98.4,440.0,0.58,0.53,0.757727,441.0,0.58,0.53,0.753129,
12/31/2014,1091.0,982.0,109.0,-158.0,158.0,933.0,0.0,-615.0,373.0,283.0,90.0,143.0,31.0,68.0,318.0,-12.0,12.0,,3.0,-3.0,306.0,-88.0,218.0,-4.0,-4.0,0.0,222.0,,222.0,0.0,0.0,222.0,215.25,-2.75,440.0,0.5,0.49,0.489205,441.0,0.5,0.49,0.483764,
03/31/2015,1023.0,934.0,89.0,-165.0,165.0,858.0,0.0,-647.0,386.0,278.0,108.0,160.0,30.0,71.0,211.0,-9.0,9.0,,9.0,-9.0,202.0,-57.0,145.0,-6.0,-6.0,0.0,151.0,0.0,151.0,0.0,0.0,151.0,150.2,5.2,437.0,0.34,0.33,0.343707,439.0,0.34,0.33,0.341845,
06/30/2015,977.0,915.0,62.0,-137.0,137.0,840.0,0.0,-536.0,316.0,226.0,90.0,136.0,27.0,57.0,304.0,-9.0,9.0,,4.0,-4.0,295.0,-88.0,207.0,-5.0,-5.0,0.0,212.0,0.0,212.0,0.0,0.0,212.0,203.1,-3.9,436.0,0.48,0.47,0.465826,438.0,0.48,0.47,0.461096,
09/30/2015,1005.0,915.0,90.0,-148.0,148.0,857.0,0.0,-598.0,347.0,248.0,99.0,151.0,29.0,71.0,259.0,-12.0,12.0,,8.0,-8.0,247.0,-75.0,172.0,-2.0,-2.0,0.0,174.0,,174.0,0.0,0.0,174.0,163.508163,-8.491837,436.0,0.39,0.39,0.375019,437.0,0.39,0.39,0.370568,
12/31/2015,1034.0,910.0,124.0,-148.0,148.0,886.0,0.0,-593.0,367.0,277.0,90.0,133.0,27.0,66.0,293.0,-15.0,15.0,,4.0,-4.0,278.0,-59.0,219.0,-4.0,-4.0,0.0,223.0,,223.0,0.0,0.0,223.0,198.7,-20.3,420.0,0.53,0.52,0.473095,421.0,0.53,0.52,0.471781,
03/31/2016,1009.0,903.0,106.0,-150.0,150.0,859.0,0.0,-580.0,343.0,255.0,88.0,140.0,23.0,74.0,279.0,-15.0,15.0,,4.0,-4.0,264.0,-93.0,171.0,-3.0,-3.0,0.0,174.0,0.0,174.0,0.0,0.0,174.0,174.9,3.9,413.0,0.42,0.41,0.423487,414.0,0.42,0.41,0.41942,
06/30/2016,999.0,903.0,96.0,-143.0,143.0,856.0,0.0,-564.0,330.0,242.0,88.0,148.0,20.0,66.0,292.0,-15.0,15.0,,-3.0,3.0,277.0,-79.0,198.0,0.0,0.0,0.0,198.0,0.0,198.0,0.0,0.0,198.0,198.0,0.0,414.0,0.47,0.47,0.47,415.0,0.47,0.47,0.47,
09/30/2016,1018.0,899.0,119.0,-139.0,139.0,879.0,0.0,-559.0,319.0,235.0,84.0,136.0,18.0,86.0,320.0,-14.0,14.0,,3.0,-3.0,306.0,-94.0,212.0,0.0,0.0,0.0,212.0,,212.0,0.0,0.0,212.0,231.184616,19.184616,414.0,0.5,0.5,0.558417,415.0,0.5,0.5,0.546228,
12/31/2016,1007.0,889.0,118.0,-142.0,142.0,865.0,0.0,-557.0,355.0,270.0,85.0,144.0,18.0,40.0,308.0,-16.0,16.0,,-3.0,3.0,292.0,-84.0,208.0,0.0,0.0,0.0,208.0,0.0,208.0,0.0,0.0,208.0,186.4,-21.6,413.0,0.5,0.5,0.451332,414.0,0.5,0.5,0.447826,
03/31/2017,1012.0,889.0,123.0,-149.0,149.0,863.0,0.0,-648.0,399.0,281.0,118.0,158.0,21.0,70.0,215.0,-17.0,17.0,,0.0,0.0,198.0,-41.0,157.0,0.0,0.0,0.0,157.0,0.0,157.0,0.0,0.0,157.0,157.65,0.65,413.0,0.38,0.38,0.381719,415.0,0.38,0.38,0.381566,
06/30/2017,1025.0,1025.0,,-144.0,144.0,881.0,0.0,-618.0,353.0,246.0,107.0,158.0,26.0,81.0,263.0,-25.0,25.0,,5.0,-5.0,238.0,-60.0,178.0,0.0,0.0,0.0,178.0,0.0,178.0,0.0,0.0,178.0,192.982759,14.982759,415.0,0.42,0.42,0.465019,417.0,0.42,0.42,0.45593,
09/30/2017,1034.0,901.0,133.0,-147.0,147.0,887.0,0.0,-605.0,341.0,244.0,97.0,161.0,27.0,76.0,282.0,-24.0,24.0,,5.0,-5.0,258.0,-74.0,184.0,0.0,0.0,0.0,184.0,0.0,184.0,0.0,3.0,187.0,181.872727,-5.127273,415.0,0.44,0.44,0.438248,416.0,0.44,0.44,0.427675,
12/31/2017,1093.0,923.0,170.0,-155.0,155.0,938.0,0.0,-631.0,383.0,288.0,95.0,157.0,26.0,65.0,307.0,-25.0,25.0,,-3.0,3.0,282.0,-375.0,-93.0,0.0,0.0,0.0,-93.0,0.0,-93.0,0.0,0.0,-93.0,221.54902,314.54902,413.0,-0.23,-0.23,0.536438,413.0,-0.23,-0.23,0.53162,
03/31/2018,1083.0,921.0,162.0,-154.0,154.0,929.0,0.0,-662.0,390.0,283.0,107.0,166.0,28.0,78.0,267.0,-24.0,24.0,,10.0,-10.0,243.0,-36.0,207.0,0.0,0.0,0.0,207.0,0.0,207.0,0.0,0.0,207.0,235.0,28.0,412.0,0.5,0.5,0.570388,414.0,0.49,0.49,0.557633,
06/30/2018,938.0,938.0,,-146.0,146.0,792.0,0.0,-690.0,339.0,235.0,104.0,162.0,26.0,163.0,102.0,-20.0,20.0,,4.0,-4.0,82.0,84.0,166.0,0.0,0.0,0.0,166.0,0.0,166.0,0.0,0.0,166.0,152.623377,-13.376623,413.0,0.4,0.4,0.369548,415.0,0.4,0.4,0.367767,
09/30/2018,895.0,895.0,,-138.0,138.0,757.0,0.0,-590.0,351.0,252.0,99.0,158.0,28.0,53.0,167.0,-19.0,19.0,,2.0,-2.0,148.0,-19.0,129.0,0.0,0.0,0.0,129.0,0.0,129.0,0.0,2.0,131.0,131.0,0.0,413.0,0.31,0.31,0.31,416.0,0.31,0.31,0.31,
