Date,Revenue,Sales & Services Revenue,Cost of Revenue,Cost of Goods & Services,Gross Profit,Other Operating Income,Operating Expenses,"Selling, General & Admin",Other Operating Expense,Operating Income (Loss),Non-Operating (Income) Loss,"Interest Expense, Net",Interest Expense,Interest Income,Foreign Exch (Gain) Loss,(Income) Loss from Affiliates,Other Non-Op (Income) Loss,Pretax Income,Income Tax Expense (Benefit),Income (Loss) from Cont Ops,Net Extraordinary Losses (Gains),Discontinued Operations,XO & Accounting Changes,Income (Loss) Incl. MI,Minority Interest,"Net Income, GAAP",Preferred Dividends,Other Adjustments,"Net Income Avail to Common, GAAP","Net Income Avail to Common, Adj",Net Abnormal Losses (Gains),Basic Weighted Avg Shares,"Basic EPS, GAAP",Basic EPS from Cont Ops,"Basic EPS from Cont Ops, Adjusted",Diluted Weighted Avg Shares,"Diluted EPS, GAAP",Diluted EPS from Cont Ops,"Diluted EPS from Cont Ops, Adjusted",Source: Bloomberg
08/27/1989,4008.041992,,-3605.51709,,402.524902,,-286.628998,,,115.896004,-36.662,,44.98,,0.0,,-8.318,79.234004,-29.249001,49.985001,0.0,,,49.985003,0.0,49.985001,-1.01,,48.975001,48.975001,,366.417011,0.133333,0.133333,,366.417011,0.133333,0.133333,0.133333,
11/26/1989,3860.535889,,-3444.971924,,415.563965,,-273.371002,,,142.192993,-42.275001,,46.589001,,0.0,,-4.314,99.917993,-35.973,63.945,0.0,,,63.944993,0.0,63.945,-0.147,,63.798,63.798,,367.95599,0.173333,0.173333,,367.95599,0.173333,0.173333,0.173333,
02/26/1990,3626.309082,,-3226.302002,,400.00708,,-294.682007,,,105.324997,-38.247998,,44.099998,,0.0,,-5.852,67.076999,-22.837999,44.238998,0.0,,,44.238999,0.0,44.238998,-0.078,,44.160998,44.160998,,371.048996,0.12,0.12,,371.048996,0.12,0.12,0.12,
05/29/1990,4006.341064,,-3569.789062,,436.552002,,-296.632996,,,139.919006,-29.234999,,51.313999,,0.0,,-22.079,110.684007,-37.143002,73.541,0.0,,,73.541005,0.0,73.541,-0.075,,73.466,73.466,,367.161003,0.196667,0.196667,0.196667,367.161003,0.196667,0.196667,0.196667,
08/27/1990,4652.600098,,-4158.399902,,494.200195,,-338.399994,,,155.800003,-48.6,,51.0,,0.0,,-2.4,107.200003,-44.099998,63.099998,0.0,,,63.100005,0.0,63.099998,-0.8,,62.299998,62.299998,,411.599991,0.15,0.15,,411.599991,0.15,0.15,0.15,
11/26/1990,5498.700195,,-4732.299805,,766.400391,,-512.400024,,,254.0,-87.4,,90.5,,0.0,,-3.1,166.6,-71.400002,95.199997,0.0,,,95.199998,0.0,95.199997,-6.1,,89.099997,89.099997,,441.201004,0.2,0.2,,441.201004,0.2,0.2,0.2,
02/25/1991,5039.5,,-4319.399902,,720.100098,,-513.5,,,206.600006,-90.300002,,92.900002,,0.0,,-2.6,116.300004,-46.5,69.800003,0.0,,,69.800004,0.0,69.800003,-5.9,,63.900003,63.900003,,454.60199,0.14,0.14,,454.60199,0.14,0.14,0.14,
05/26/1991,4986.600098,,-4238.899902,,747.700196,,-510.600006,,,237.100006,-70.500002,,75.400002,,0.0,,-4.9,166.600004,-62.700001,103.900002,0.0,,,103.900003,0.0,103.900002,-6.7,,97.200002,97.200002,,454.601991,0.216667,0.216667,0.216667,454.601991,0.216667,0.216667,0.216667,
08/25/1991,5325.200195,,-4650.200195,,675.0,,-474.100006,,,200.899994,-85.399997,,88.699997,,0.0,,-3.3,115.499997,-46.799999,68.699997,0.0,,,68.699998,0.0,68.699997,-6.0,,62.699997,62.699997,,458.400009,0.136667,0.136667,,458.400009,0.136667,0.136667,0.136667,
11/24/1991,5470.700195,,-4682.299805,,788.400391,,-515.799988,,,272.600006,-85.299998,,90.599998,,0.0,,-5.3,187.300008,-75.599998,111.699997,0.0,,,111.700009,0.0,111.699997,-6.0,,105.699997,105.699997,,459.398987,0.23,0.23,,459.398987,0.23,0.23,0.23,
02/23/1992,4848.5,,-4107.0,,741.5,,-532.299988,,,209.199997,-82.199997,,86.199997,,0.0,,-4.0,127.0,-42.900002,84.099998,0.0,,,84.099998,0.0,84.099998,-6.1,,77.999999,77.999999,,466.799988,0.165,0.165,,466.799988,0.165,0.165,0.165,
05/31/1992,5574.600098,,-4755.5,,819.100098,,-614.099976,,,205.0,-47.1,,52.0,,0.0,,-4.9,157.9,-50.0,107.900002,0.0,,,107.9,0.0,107.900002,-6.4,,101.500002,101.500002,,463.721008,0.215,0.215,0.215,463.721008,0.215,0.215,0.215,
08/30/1992,5516.0,,-4854.700195,,661.299805,,-486.200012,,,175.100006,-61.099998,,67.099998,,0.0,,-6.0,114.000008,-44.299999,69.699997,121.199997,,,-51.499989,0.0,-51.5,-6.0,,-57.5,-57.5,,470.600006,-0.125,0.135,,470.600006,-0.125,0.135,0.135,
11/29/1992,5564.399902,,-4767.799805,,796.600098,,-522.700012,,,273.899994,-64.700002,,72.900002,,0.0,,-8.2,209.199992,-81.599998,127.599998,0.0,,,127.599994,0.0,127.599998,-6.0,,121.599998,121.599998,,470.200012,0.26,0.26,,470.200012,0.26,0.26,0.26,
02/28/1993,5060.399902,,-4358.399902,,702.0,,-503.0,,,199.0,-57.599999,,62.299999,,0.0,,-4.7,141.400001,-50.299999,91.099998,0.0,,,91.100001,0.0,91.099998,-6.0,,85.099998,85.099998,,463.200012,0.185,0.185,,463.200012,0.185,0.185,0.185,
05/31/1993,5378.299805,,-4659.5,,718.799805,,-502.399994,,,216.399994,-49.599998,,56.099998,,0.0,,-6.5,166.799996,-63.700001,103.099998,0.0,,,103.099995,0.0,103.099998,-6.0,,97.099998,97.099998,,459.799988,0.21,0.21,0.21,459.799988,0.21,0.21,0.21,
08/29/1993,5687.399902,,-5029.700195,,657.699707,,-489.700012,,,168.0,-57.300002,,62.400002,,0.0,,-5.1,110.699998,-43.099998,67.599998,0.0,,,67.6,0.0,67.599998,-6.0,,61.599998,61.599998,,460.200012,0.135,0.135,,460.200012,0.135,0.135,0.135,
11/28/1993,6355.100098,,-5525.799805,,829.300293,,-537.200012,,,292.100006,-66.799997,,65.199997,,0.0,,1.6,225.300009,-91.300003,134.0,0.0,,,134.000006,0.0,134.0,-6.0,,128.0,128.0,,457.600006,0.28,0.28,,457.600006,0.28,0.28,0.28,
02/27/1994,5581.299805,,-4825.399902,,755.899902,,-518.799988,,,237.100006,-65.999998,,67.099998,,0.0,,-1.1,171.100008,-67.400002,103.699997,0.0,,,103.700006,0.0,103.699997,-6.0,,97.699997,97.699997,,454.600006,0.215,0.215,,454.600006,0.215,0.215,0.215,
05/29/1994,5888.399902,,-5071.299805,,817.100097,,-545.299988,,,271.799988,-58.9,,59.5,,0.0,,-0.6,212.899988,-81.099998,131.800003,0.0,,,131.79999,0.0,131.800003,-6.0,,125.800003,125.800003,,455.399994,0.275,0.275,0.275,455.399994,0.275,0.275,0.275,
08/28/1994,6245.899902,,-5506.799805,,739.100098,,-545.099976,,,194.0,-65.999997,,68.699997,,0.0,,-2.7,128.000003,-51.200001,76.800003,0.0,,,76.800002,0.0,76.800003,-6.0,,70.800003,70.800003,,457.200012,0.155,0.155,,457.200012,0.155,0.155,0.155,
11/30/1994,6288.600098,,-5392.299805,,896.300293,,-575.200012,,,321.100006,-71.299999,,74.099998,,0.0,,-2.8,249.800008,-99.900002,149.899994,0.0,,,149.900006,0.0,149.899994,-6.0,,143.899994,143.899994,,458.600006,0.315,0.315,,458.600006,0.315,0.315,0.315,
02/26/1995,5757.600098,,-4918.100098,,839.5,,-569.299988,,,270.200012,-72.699997,,72.199997,,0.0,,0.5,197.500015,-79.0,118.5,0.0,,,118.500015,0.0,118.5,-6.0,,112.5,112.5,,459.200012,0.245,0.245,,459.200012,0.245,0.245,0.245,
05/31/1995,5816.799805,,-4961.200195,,855.59961,,-540.299988,,,315.299988,-64.699998,,63.099998,,0.0,,1.6,250.59999,-100.199997,150.399994,0.0,,,150.399993,0.0,150.399994,-6.0,,144.399994,144.399994,,456.799988,0.315,0.315,0.315,456.799988,0.315,0.315,0.315,
08/27/1995,6436.399902,,-5634.399902,,802.0,,-578.299988,,,223.699997,-76.100002,,75.900002,,0.0,,0.2,147.599995,-60.5,87.099998,0.0,,,87.099995,0.0,87.099998,-5.1,,81.999999,81.999999,,455.0,0.18,0.18,0.18,455.0,0.18,0.18,0.18,
11/26/1995,6626.299805,,-5677.399902,,948.899902,,-591.599976,,,357.299988,-73.999999,,77.599998,,0.0,,-3.6,283.299989,-116.199997,167.100006,0.0,,,167.099992,0.0,167.100006,-3.5,,163.600006,163.600006,,453.799988,0.36,0.36,0.36,453.799988,0.36,0.36,0.36,
02/25/1996,5771.799805,,-4905.200195,,866.599609,,-570.5,,,296.100006,-81.499998,,82.599998,,0.0,,-1.1,214.600008,-86.199997,128.399994,0.0,,,128.400011,0.0,128.399994,0.0,,128.399994,128.399994,,465.399994,0.275,0.275,0.275,465.399994,0.275,0.275,0.275,
05/26/1996,5987.100098,,-5105.200195,,881.899903,,-537.700012,,,344.200012,-581.099991,,68.800003,,0.0,,512.299988,-236.899979,43.200001,-193.699997,0.0,,,-193.699978,0.0,-193.699997,0.0,,-193.699997,-193.699997,,461.200012,-0.42,-0.42,0.355,461.200012,-0.42,-0.42,0.355,
08/25/1996,6157.5,,-5365.600098,,791.899902,,-559.0,,,232.899994,-70.099998,,70.099998,,0.0,,0.0,162.799995,-66.699997,96.099998,0.0,,,96.099998,0.0,96.099998,0.0,,96.099998,96.099998,,457.899994,0.21,0.21,0.21,457.899994,0.21,0.21,0.21,
11/24/1996,6590.200195,,-5632.0,,958.200195,,-569.200012,,,389.0,-72.699997,,72.699997,,0.0,,0.0,316.300003,-129.0,187.300003,0.0,,,187.300003,0.0,187.300003,0.0,,187.300003,187.300003,,446.0,0.42,0.42,0.42,458.0,0.41,0.41,0.41,
02/23/1997,5459.100098,,-4581.5,,877.600098,,-561.200012,,,316.399994,-73.300003,,73.300003,,0.0,,0.0,243.099991,-98.0,145.100006,0.0,,,145.099991,0.0,145.100006,0.0,,145.100006,145.100006,,451.600006,0.3215,0.3215,0.3215,459.700012,0.315,0.315,0.315,
05/25/1997,5795.3,,-4862.7,,932.6,,-576.0,,,356.6,-61.1,61.1,61.1,,0.0,,0.0,295.5,-109.0,186.5,0.0,,,186.5,0.0,186.5,0.0,0.0,186.5,186.5,,900.4,0.205,0.205,0.205,918.4,0.09,0.09,0.09,
08/24/1997,6262.8,,-5379.4,,883.4,,-618.3,,,265.1,-73.6,73.6,73.6,,0.0,,0.0,191.5,-73.2,118.3,0.0,,,118.3,0.0,118.3,0.0,,118.3,118.3,,465.2,0.25,0.25,0.25,476.0,0.25,0.25,0.25,
11/23/1997,6548.100098,,-5510.899902,,1037.200195,,-609.799988,,,427.399994,-75.5,75.5,75.5,,0.0,,0.0,351.899994,-134.699997,217.199997,0.0,,,217.199997,0.0,217.199997,0.0,,217.199997,217.199997,,464.0,0.47,0.47,0.47,474.5,0.46,0.46,0.46,
02/22/1998,5468.0,,-4592.5,,875.5,,-581.900024,,,293.600006,-76.199997,76.199997,76.199997,,0.0,,0.0,217.400009,-83.699997,133.699997,14.8,,,118.900012,0.0,118.900002,0.0,,118.900002,118.900002,,465.5,0.26,0.29,0.29,475.200012,0.25,0.28,0.28,
05/31/1998,5940.600098,,-4926.200195,,1014.399902,,-658.799988,,,355.600006,-75.400002,75.400002,75.400002,,0.0,,0.0,280.200005,-107.599998,172.600006,0.0,,,172.600006,0.0,172.600006,0.0,,172.600006,172.600006,,467.200012,0.37,0.37,0.37,475.600006,0.36,0.36,0.36,
08/30/1998,6483.4,,-5565.9,,917.5,,-663.3,,,254.2,-76.4,76.4,76.4,,0.0,,0.0,177.8,-68.5,109.3,0.0,,,109.3,0.0,109.3,0.0,,109.3,109.3,,468.7,0.23,0.23,0.23,475.4,0.23,0.23,0.23,
11/29/1998,6404.399902,,-5298.5,,1105.899902,,-658.900024,,,447.0,-91.0,91.0,91.0,,0.0,,0.0,356.0,-137.0,219.0,0.0,,,219.0,0.0,219.0,0.0,,219.0,219.0,,469.799988,0.47,0.47,0.47,476.899994,0.46,0.46,0.46,
02/28/1999,5693.299805,,-4686.200195,,1007.099609,,-640.400024,,,366.700012,-88.0,88.0,88.0,,0.0,,0.0,278.700012,-107.300003,171.399994,0.0,,,171.400009,0.0,171.399994,0.0,,171.399994,171.399994,,470.799988,0.36,0.36,0.36,478.600006,0.36,0.36,0.36,
05/30/1999,6013.201172,,-5005.599121,,1007.602051,,-635.799988,,,371.802002,-501.999989,61.200001,61.200001,,0.0,,440.799988,-130.197987,-11.1,-141.298004,0.0,,,-141.297987,0.0,-141.298004,0.0,,-141.298004,-141.298004,,470.700012,-0.3,-0.3,0.42,470.700012,-0.3,-0.3,0.41,
08/29/1999,6593.600098,,-5577.799805,,1015.800293,,-728.299988,,,287.5,-123.299995,76.199997,76.199997,,0.0,,47.099998,164.200005,-62.400002,101.800003,0.0,,,101.800003,0.0,101.800003,0.0,,101.800003,101.800003,,473.100006,0.22,0.22,0.28,477.700012,0.21,0.21,0.27,
11/28/1999,6697.700195,,-5689.100098,,1008.600098,,-599.099976,,,409.5,-107.399998,,77.199997,,0.0,,30.200001,302.100002,-114.800003,187.300003,0.0,,,187.299999,0.0,187.300003,0.0,,187.300003,187.300003,,476.200012,0.39,0.39,0.53,479.600006,0.39,0.39,0.53,
02/27/2000,5904.899902,,-5023.100098,,881.799805,,-542.099976,,,339.700012,-108.399998,,80.699997,,0.0,,27.700001,231.300014,-87.900002,143.399994,0.0,,,143.400013,0.0,143.399994,0.0,0.0,143.399994,143.399994,,476.5,0.3,0.3,0.36,478.799988,0.3,0.3,0.36,
05/28/2000,6149.8,,-5336.1,,813.7,,-553.5,553.5,0.0,260.2,-330.1,69.3,69.3,,0.0,,260.8,-69.9,26.1,-43.8,0.0,,,-43.8,0.0,-43.8,0.0,0.0,-43.8,-43.8,247.94,477.32,-0.09,-0.09,0.43,478.3,-0.09,-0.09,0.43,
08/27/2000,7061.600098,,-6198.0,,863.600098,,-524.599976,,,339.0,-74.900002,,74.900002,,0.0,,0.0,264.099998,-100.0,164.100006,43.900002,,,120.199997,0.0,120.199997,0.0,0.0,120.199997,120.199997,,478.700012,0.25,0.34,0.34,480.600006,0.25,0.34,0.34,
11/26/2000,7232.0,,-6128.0,,1104.0,,-528.9,,,575.1,-117.4,,117.4,,0.0,,0.0,457.7,-176.5,281.2,0.0,,,281.2,0.0,281.2,0.0,0.0,281.2,281.2,,520.4,0.54,0.54,0.54,523.9,0.54,0.54,0.54,
02/25/2001,6379.1,,-5457.0,,922.1,,-603.1,,,319.0,-130.9,,130.9,,,,,188.1,-72.3,115.8,,,,115.8,,115.8,0.0,0.0,115.8,115.8,,523.3,0.22,0.22,0.22,527.3,0.22,0.22,0.22,
05/27/2001,6427.8,,-5528.7,,899.1,,-604.8,,,294.3,-100.1,,100.1,,,,,194.2,-72.8,121.4,0.0,,,121.4,0.0,121.4,0.0,0.0,121.4,121.4,,524.0,0.231679,0.231679,0.231679,525.4,0.231062,0.231062,0.231062,
08/26/2001,7607.799805,,-6544.0,,1063.799805,,-652.599976,,,411.200012,-104.099998,,104.099998,,0.0,,0.0,307.100014,-116.699997,190.399994,2.0,,,188.400017,0.0,188.399994,0.0,0.0,188.399994,188.399994,,524.599976,0.36,0.36,0.36,526.400024,0.36,0.36,0.36,
11/25/2001,7363.6,,-6247.9,,1115.7,,-650.6,,,465.1,-93.4,,99.8,,0.0,,-6.4,371.7,-140.1,231.6,0.0,,,231.6,0.0,231.6,0.0,0.0,231.6,231.6,,525.7,0.44,0.44,0.44,527.6,0.44,0.44,0.44,
02/24/2002,6244.7,,-5290.8,,953.9,0.0,-583.3,583.3,0.0,370.6,-94.1,,94.1,,,,,276.5,-105.7,170.8,,,,170.8,,170.8,0.0,0.0,170.8,170.8,,526.2,0.31,0.31,0.31,528.5,0.31,0.31,0.31,
05/26/2002,4256.9,,-3412.9,,844.0,0.0,-536.6,,,307.4,-126.6,,126.6,,0.0,,-723.1,903.9,-82.8,142.3,-49.9,,,871.0,0.0,192.2,0.0,0.0,192.2,192.2,,526.7,0.364914,0.270173,0.270173,529.5,0.362983,0.268744,0.268744,
08/25/2002,7063.200195,,-6042.700195,,1020.5,,-581.799988,,,438.700012,-83.599998,83.599998,88.599998,-5.0,0.0,,0.0,355.100014,-131.399994,223.699997,-3.9,,,227.60002,0.0,227.600006,0.0,0.0,227.600006,227.600006,,527.700012,0.43,0.42,0.42,530.5,0.43,0.42,0.42,
11/24/2002,5964.6,,-4873.2,,1091.4,,-659.1,,,432.3,-63.1,69.9,83.9,-14.0,0.0,,-6.8,369.2,-133.4,235.8,0.0,,,235.8,0.0,235.8,0.0,0.0,235.8,235.8,,528.5,0.45,0.45,0.48,530.9,0.44,0.44,0.47,
02/23/2003,3614.300049,,-2774.399902,,839.900146,,-482.600006,,,357.299988,-51.799999,-17.0,,-17.0,0.0,,68.799999,305.499989,-105.199997,200.300003,39.299999,,,160.999992,0.0,161.0,0.0,0.0,161.0,161.0,,528.900024,0.3,0.38,0.39,531.200012,0.3,0.38,0.39,
05/25/2003,2362.5,,-1533.4,,829.1,0.0,-481.0,535.1,-54.1,348.1,-39.1,58.8,76.5,-17.7,0.0,,-7.8,309.0,-89.4,219.6,69.2,,,150.4,0.0,150.4,0.0,0.0,150.4,150.4,,529.3,0.28,0.2,0.14,530.2,0.28,0.2,0.14,
08/24/2003,3229.4,,-2545.2,,684.2,,-464.0,,,220.2,-54.2,65.4,,,0.0,,-11.2,166.0,1.3,167.3,-27.6,,,194.9,0.0,194.9,0.0,0.0,194.9,194.9,,530.0,0.37,0.32,0.37,531.5,0.37,0.32,0.37,
11/23/2003,3804.800049,,-2908.5,,896.300049,,-477.700012,,,418.600006,-51.900002,68.199997,,,0.0,,-16.299995,366.700005,-128.800003,237.899994,-32.200001,,,270.100002,0.0,270.100006,0.0,0.0,270.100006,270.100006,,530.700012,0.51,0.45,0.46,531.799988,0.51,0.45,0.46,
02/22/2004,3525.5,,-2725.3,,800.2,0.0,-426.2,426.2,0.0,374.0,-59.9,61.8,,,,,0.0,314.1,-110.3,203.8,-11.5,,,215.3,0.0,215.3,0.0,0.0,215.3,215.3,,527.8,0.41,0.39,0.39,531.9,0.4,0.38,0.38,
05/30/2004,3522.1,,-2697.1,,825.0,0.0,-450.5,,,374.5,-79.5,79.5,,,0.0,,-503.3,798.3,-191.0,118.1,-12.9,,,620.2,0.0,131.0,0.0,0.0,131.0,131.0,,520.3,0.251778,0.226984,0.226984,527.6,0.248294,0.223843,0.223843,
08/29/2004,3383.2,,-2700.4,,682.8,,-410.1,410.1,0.0,272.7,-59.3,73.4,,,,,-14.1,213.4,-81.0,132.4,-2.3,-2.3,,134.7,,134.7,,,134.7,134.7,,517.0,0.26,0.26,0.26,521.4,0.26,0.26,0.26,
11/28/2004,4116.200195,,-3213.699951,,902.500244,,-441.700012,,,460.799988,-70.699997,85.800003,,,0.0,,-15.100006,390.099991,-146.800003,243.300003,1.0,,,242.299988,0.0,242.300003,0.0,0.0,242.300003,242.300003,,513.700012,0.47,0.47,0.47,517.5,0.47,0.47,0.47,
02/27/2005,2756.3,,-2046.1,,710.2,,-459.6,459.6,0.0,250.6,53.6,68.1,,,0.0,,-121.7,304.2,-144.8,159.4,-5.9,,,165.3,0.0,165.3,0.0,0.0,165.3,165.3,,515.7,0.32,0.31,0.31,520.3,0.32,0.31,0.31,
05/29/2005,2998.6,,-2313.8,,684.8,,-473.9,473.9,0.0,210.9,-57.7,67.7,67.7,,0.0,,-10.0,153.2,-66.2,87.0,-14.8,,,101.8,0.0,101.8,0.0,0.0,101.8,101.8,,517.3,0.2,0.17,0.17,521.0,0.2,0.17,0.17,
08/28/2005,2673.8,,-2003.1,,670.7,0.0,-417.0,417.0,0.0,253.7,257.0,72.4,74.0,-1.6,,-13.9,-329.4,510.7,-177.6,319.2,-28.1,,,347.3,0.0,347.3,0.0,0.0,347.3,347.3,,518.1,0.67,0.62,0.26,520.5,0.67,0.61,0.25,
11/27/2005,3002.0,,-2270.6,,731.4,,-450.4,,,281.0,-85.3,68.6,,,0.0,,16.7,195.7,-79.5,116.2,-36.3,,,152.5,0.0,152.5,0.0,0.0,152.5,152.5,,518.7,0.29,0.22,0.29,521.0,0.29,0.22,0.29,
02/26/2006,2861.8,,-2137.4,,724.4,,-406.0,,,318.4,-183.1,68.8,,,0.0,,114.3,135.3,-37.6,97.7,122.9,,,-25.2,0.0,-25.2,0.0,0.0,-25.2,-25.2,,519.0,-0.05,0.19,0.35,520.9,-0.05,0.19,0.349,
05/28/2006,2944.4,,-2242.5,,701.9,,-553.8,553.8,0.0,148.1,-80.6,62.2,62.2,,0.0,,0.0,67.5,-11.3,56.2,-3.0,,,59.2,0.0,59.2,0.0,0.0,59.2,59.2,,517.0,0.11,0.11,0.11,519.1,0.11,0.11,0.11,
08/27/2006,2688.6,,-2015.6,,673.0,,-408.3,437.2,-28.9,264.7,-94.7,58.0,64.6,,0.0,,34.5,170.0,-61.5,108.5,-58.2,,,166.7,0.0,166.7,0.0,0.0,166.7,166.7,,510.2,0.33,0.21,0.259,512.4,0.33,0.21,0.259,
11/26/2006,3088.7,,-2278.4,,810.3,,-450.4,,,359.9,-39.5,63.1,63.1,,0.0,,-23.6,320.4,-119.1,201.3,-12.0,,,213.3,0.0,213.3,0.0,0.0,213.3,213.3,,508.3,0.42,0.4,0.39,511.3,0.42,0.39,0.38,
02/25/2007,2918.4,,-2117.2,,801.2,,-429.2,,,372.0,-93.7,71.6,71.6,,0.0,,22.1,278.3,-91.8,186.5,-6.1,,,192.6,0.0,192.6,0.0,0.0,192.6,192.6,,503.1,0.38,0.37,0.4393,506.7,0.38,0.37,0.439,
05/27/2007,,,,,,,,510.0,-510.0,,,,,,,,,81.4,,,,,,,,,,,,,,,,,,,,,,
08/26/2007,2621.1,,-2002.3,,618.8,0.0,-381.5,381.5,0.0,237.3,-45.2,54.8,66.6,-11.8,,,0.0,192.1,-61.1,131.0,-44.4,,,175.4,0.0,175.4,0.0,0.0,175.4,175.4,-2.535,489.2,0.36,0.27,0.27,492.8,0.36,0.27,0.264856,
11/25/2007,2951.2,,-2209.0,,742.2,0.0,-489.3,489.3,0.0,252.9,-49.7,62.2,67.4,-5.2,,,0.0,203.2,-68.6,134.6,0.0,,0.0,244.8,0.0,244.8,0.0,0.0,244.8,244.8,,487.3,0.5,0.28,0.32,490.7,0.5,0.27,0.3097,
02/24/2008,2955.3,,-2248.4,,706.9,0.0,-426.1,426.1,0.0,280.8,-45.9,66.7,71.1,-4.4,,,0.0,234.9,-67.4,167.5,-141.6,,,309.1,0.0,309.1,0.0,0.0,309.1,309.1,,487.5,0.63,0.34,0.34,490.6,0.63,0.34,0.34,
05/25/2008,3066.6,,-2419.7,,646.9,0.0,-468.7,468.7,0.0,178.2,-62.8,69.6,,,,,0.0,115.4,-30.0,85.4,-115.9,,,201.3,0.0,201.3,0.0,0.0,201.3,201.3,4.893,486.0,0.41,0.18,0.19,489.3,0.41,0.17,0.18,
08/24/2008,3056.5,3056.5,-2465.0,2465.0,591.5,0.0,-368.7,368.7,0.0,222.8,-50.1,50.1,65.3,-15.2,,0.9,0.0,172.7,-66.0,107.6,-334.8,-334.8,0.0,442.4,0.0,442.4,0.0,0.0,442.4,120.534,12.934,467.1,0.95,0.23,0.258048,469.6,0.94,0.23,0.257543,
11/23/2008,3251.7,3251.7,-2565.2,2565.2,686.5,0.0,-389.0,389.0,0.0,297.5,-42.7,42.7,61.9,-19.2,,1.9,0.0,254.8,-84.6,172.1,3.6,3.6,0.0,168.5,-0.4,168.1,0.0,0.0,168.1,199.67,27.97,447.1,0.38,0.38,0.446589,449.5,0.37,0.38,0.442225,
02/22/2009,3125.0,3125.0,-2385.6,2385.6,739.4,0.0,-424.7,424.7,0.0,314.7,-42.0,42.0,64.7,-22.7,,11.1,0.0,272.7,-92.0,191.8,-1.4,-1.4,0.0,193.2,0.0,193.2,0.0,0.0,193.2,179.315,-12.485,447.1,0.43,0.43,0.401062,449.7,0.43,0.43,0.401062,
05/31/2009,3224.3,3224.3,-2413.2,2413.2,811.1,0.0,-508.8,508.8,0.0,302.3,-51.3,51.3,72.3,-21.0,,10.1,0.0,251.0,-91.0,170.1,-4.8,-4.8,0.0,174.9,-0.2,174.7,0.0,0.0,174.7,182.47,12.57,445.8,0.39,0.38,0.409309,448.6,0.39,0.38,0.408021,
08/30/2009,2886.3,2886.3,-2180.1,2180.1,706.2,0.0,-421.9,421.9,0.0,284.3,-41.4,41.4,61.7,-20.3,,8.9,0.0,242.9,-88.8,163.0,-2.2,-2.2,0.0,165.2,0.7,165.9,0.0,0.0,165.9,169.846,6.146,443.2,0.37,0.37,0.383227,445.6,0.37,0.37,0.383227,
11/29/2009,3100.1,3100.1,-2257.5,2257.5,842.6,0.0,-456.1,456.1,0.0,386.5,-40.5,40.5,61.1,-20.6,,5.9,0.0,346.0,-114.1,237.8,-1.4,-1.4,0.0,239.2,0.5,239.7,0.0,0.0,239.7,234.358,-3.942,443.2,0.54,0.54,0.528786,446.2,0.54,0.53,0.521165,
02/28/2010,3030.5,3030.5,-2251.9,2251.9,778.6,0.0,-418.2,418.2,0.0,360.4,-39.7,39.7,61.2,-21.5,,2.9,0.0,320.7,-102.6,221.0,-7.7,-7.7,0.0,228.7,0.9,229.6,0.0,0.0,229.6,192.38,-29.52,444.0,0.52,0.5,0.433288,448.3,0.51,0.49,0.424151,
05/30/2010,3047.5,3047.5,-2310.5,2310.5,737.0,0.0,-523.7,523.7,0.0,213.3,-38.8,38.8,61.6,-22.8,,4.4,0.0,174.5,-56.4,122.5,32.3,32.3,0.0,90.2,0.4,90.6,,0.0,90.6,160.58,37.68,444.0,0.2,0.28,0.361667,449.4,0.2,0.27,0.353845,
08/29/2010,2804.3,2804.3,-2153.0,2153.0,651.3,0.0,-410.0,410.0,0.0,241.3,-37.3,37.3,56.7,-19.4,,6.2,0.0,204.0,-66.9,143.3,-3.0,-3.0,0.0,146.3,0.1,146.4,0.0,0.0,146.4,152.86,9.46,441.5,0.33,0.32,0.346229,446.0,0.33,0.32,0.341211,
11/28/2010,3147.5,3147.5,-2387.5,2387.5,760.0,0.0,-428.3,428.3,0.0,331.7,-33.7,33.7,53.1,-19.4,,4.6,0.0,298.0,-101.4,201.2,-0.6,-0.6,0.0,201.8,-0.9,200.9,0.0,0.0,200.9,198.884,-1.416,437.8,0.46,0.46,0.45428,441.6,0.45,0.45,0.446793,
02/27/2011,3141.3,3141.3,-2344.0,2344.0,797.3,0.0,-404.1,404.1,0.0,393.2,-45.0,51.6,54.1,-2.5,,,0.0,348.2,-122.5,225.7,10.6,10.6,0.0,215.1,-0.3,214.8,0.0,0.0,214.8,226.416,1.016,428.4,0.5,0.53,0.528515,432.8,0.5,0.52,0.522348,
05/29/2011,3210.0,3210.0,-2505.1,2505.1,704.9,0.0,-276.1,276.1,0.0,428.8,-54.9,54.9,55.8,-0.9,,9.0,0.0,373.9,-127.6,255.3,4.5,4.5,0.0,250.8,-0.7,250.1,0.0,0.0,250.1,194.431,-60.169,411.4,0.61,0.62,0.472608,416.9,0.6,0.61,0.465675,
08/28/2011,3105.3,3105.3,-2509.3,2509.3,596.0,0.0,-406.6,406.6,0.0,189.4,-52.9,52.9,,,,6.2,0.0,136.5,-48.7,94.0,-0.1,-0.1,0.0,94.1,-0.3,93.8,0.0,0.0,93.8,129.205,35.505,412.7,0.23,0.23,0.313072,418.1,0.22,0.22,0.30492,
11/27/2011,3431.7,3431.7,-2677.7,2677.7,754.0,0.0,-438.9,438.9,0.0,315.1,-50.6,50.6,51.8,-1.2,,11.5,0.0,264.5,-92.9,183.1,0.0,0.0,0.0,183.1,-2.9,180.2,0.0,0.0,180.2,206.944,26.744,413.6,0.43,0.43,0.500348,418.6,0.43,0.43,0.493889,
02/26/2012,3396.0,3396.0,-2609.4,2609.4,786.6,0.0,-356.7,356.7,0.0,429.9,-37.1,49.7,50.7,-1.0,,,0.0,392.8,-112.1,280.7,0.0,0.0,0.0,280.7,-0.6,280.1,0.0,0.0,280.1,222.6,-57.5,414.3,0.68,0.68,0.537292,420.0,0.67,0.67,0.533095,
05/27/2012,3482.1,3482.1,-2829.1,2829.1,653.0,0.0,-727.9,727.9,0.0,-74.9,-36.2,50.8,51.6,-0.8,,,0.0,-111.1,46.6,-64.5,-6.4,-6.4,0.0,-58.1,-2.7,-60.8,0.0,0.0,-60.8,293.635,360.835,410.8,-0.148004,-0.163583,0.714788,415.9,-0.148004,-0.163583,0.704208,
08/26/2012,3302.3,3302.3,-2433.7,2433.7,868.6,0.0,-450.5,450.5,0.0,418.1,-49.3,49.3,50.1,-0.8,,7.6,0.0,368.8,-123.8,252.6,0.4,0.4,0.0,252.2,-2.1,250.1,0.0,0.0,250.1,267.755,17.255,407.1,0.61,0.61,0.657713,412.0,0.61,0.61,0.651881,
11/25/2012,3727.2,3727.2,-2865.6,2865.6,861.6,0.0,-493.8,493.8,0.0,367.8,-53.4,53.4,54.1,-0.7,,12.8,0.0,314.4,-109.7,217.5,1.0,1.0,0.0,216.5,-4.9,211.6,0.0,0.0,211.6,234.534,21.934,405.9,0.52,0.52,0.577812,411.7,0.51,0.52,0.573277,
02/24/2013,3833.8,3833.8,-2962.9,2962.9,870.9,0.0,-611.7,611.7,0.0,259.2,-58.6,70.6,71.6,-1.0,,,0.0,200.6,-77.7,122.9,-0.5,-0.5,0.0,123.4,-3.4,120.0,0.0,0.0,120.0,227.812,108.312,410.7,0.29,0.29,0.554692,417.8,0.29,0.28,0.539244,
05/26/2013,4563.3,4563.3,-3602.2,3602.2,961.1,0.0,-580.6,580.6,0.0,380.5,-97.2,102.3,102.9,-0.6,,,0.0,283.3,-89.5,193.8,-0.2,-0.2,0.0,194.0,-1.8,192.2,0.0,0.0,192.2,232.51,40.51,418.4,0.46,0.46,0.555712,426.2,0.45,0.45,0.545049,
08/25/2013,3715.8,3715.8,-2923.7,2923.7,792.1,0.0,-538.1,538.1,0.0,254.0,-91.7,95.8,100.0,-4.2,,,0.0,162.3,-28.9,133.4,-13.8,-13.8,0.0,147.2,-2.9,144.3,0.0,0.0,144.3,167.396,36.896,421.1,0.34,0.31,0.397521,428.2,0.34,0.3,0.386165,
11/24/2013,4221.1,4221.1,-3261.3,3261.3,959.8,0.0,-553.1,553.1,0.0,406.7,-95.5,95.5,96.3,-0.8,,5.2,0.0,311.2,-106.0,210.4,-42.0,-42.0,0.0,252.4,-3.7,248.7,0.0,0.0,248.7,237.57,30.87,421.1,0.59,0.49,0.564165,427.0,0.58,0.48,0.552295,
02/23/2014,3947.3,3947.3,-3024.2,3024.2,923.1,0.0,-534.9,534.9,0.0,388.2,-95.0,95.0,95.3,-0.3,,11.1,0.0,293.2,-78.2,226.1,-10.8,-10.8,0.0,236.9,-2.6,234.3,0.0,0.0,234.3,260.485,36.985,421.2,0.56,0.53,0.618435,427.3,0.55,0.52,0.606555,
05/25/2014,4436.8,4436.8,-3531.3,3531.3,905.5,0.0,-1085.7,1085.7,0.0,-180.2,-80.8,93.0,93.8,-0.8,,,0.0,-261.0,-57.3,-318.3,3.1,3.1,0.0,-321.4,-2.8,-324.2,0.0,0.0,-324.2,212.56,533.66,422.0,-0.77,-0.76,0.503697,422.0,-0.77,-0.76,0.503697,
08/24/2014,2763.0,2763.0,-2172.2,2172.2,590.8,0.0,-393.8,393.8,0.0,197.0,-83.3,83.3,85.6,-2.3,,25.6,0.0,113.7,-43.1,96.2,-388.3,-388.3,0.0,484.5,-2.2,482.3,0.0,0.0,482.3,182.309,88.309,423.9,1.137768,0.22175,0.430075,429.3,1.123457,0.218961,0.424666,
11/23/2014,3136.4,3136.4,-2379.1,2379.1,757.3,0.0,-392.0,392.0,0.0,365.3,-78.7,78.7,80.3,-1.6,,34.0,0.0,286.6,-101.9,218.7,202.8,202.8,0.0,15.9,-5.9,10.0,0.0,0.0,10.0,464.832,252.032,425.7,0.02,0.5,1.091924,430.8,0.02,0.49,1.075032,
02/22/2015,2907.3,2907.3,-2187.3,2187.3,720.0,0.0,-360.3,360.3,0.0,359.7,-79.8,79.8,81.6,-1.8,,33.0,0.0,279.9,-100.6,212.3,1165.0,1165.0,0.0,-952.7,-1.4,-954.1,0.0,0.0,-954.1,240.37,29.47,427.1,-2.23,0.49,0.562796,432.3,-2.23,0.49,0.55817,
05/31/2015,4104.7,4104.7,-3192.0,3192.0,912.7,0.0,-630.3,541.7,88.6,282.4,0.0,88.6,88.9,-0.3,,29.5,-88.6,282.4,-105.0,206.9,-4.6,-4.6,0.0,211.5,-2.3,209.2,0.0,0.0,209.2,256.536,51.936,427.8,0.49,0.48,0.599663,432.8,0.48,0.47,0.59,
08/30/2015,2794.9,2794.9,-2093.8,2093.8,701.1,0.0,-405.4,405.4,0.0,295.7,-80.3,80.3,82.5,-2.2,,37.0,0.0,215.4,-85.0,167.4,1319.8,1319.8,0.0,-1152.4,-1.7,-1154.1,0.0,-0.4,-1154.5,177.73,12.43,430.7,-2.68,0.38,0.412654,435.7,-2.68,0.38,0.408529,
11/29/2015,2358.8,2358.8,-1690.8,1690.8,668.0,0.0,-483.2,483.2,0.0,184.8,-79.2,79.2,80.8,-1.6,,17.6,0.0,105.6,-43.1,80.1,-79.2,-79.2,0.0,159.3,-4.4,154.9,0.0,-0.5,154.4,249.549,174.349,433.8,0.36,0.18,0.575263,437.9,0.35,0.18,0.575263,
02/28/2016,2199.3,2199.3,-1579.5,1579.5,619.8,0.0,-447.0,447.0,0.0,172.8,-76.4,76.4,78.1,-1.7,,8.6,0.0,96.4,-33.6,71.4,-134.9,-134.9,0.0,206.3,-1.7,204.6,0.0,-3.5,201.1,120.41,54.21,435.7,0.46,0.16,0.27636,439.6,0.46,0.16,0.27636,
05/29/2016,2053.0,2053.0,-1472.9,1472.9,580.1,0.0,-731.6,731.6,0.0,-151.5,-60.1,60.1,71.5,-11.4,,15.4,0.0,-211.6,79.6,-116.6,-237.5,-237.5,0.0,120.9,-3.3,117.6,0.0,0.0,117.6,133.7,253.6,437.8,0.27,-0.27,0.305391,437.8,0.27,-0.27,0.305391,
08/28/2016,1895.6,1895.6,-1351.0,1351.0,544.6,0.0,-231.7,231.7,0.0,312.9,-58.2,58.2,61.1,-2.9,,13.1,0.0,254.7,-169.2,98.6,-91.4,-91.4,0.0,190.0,-3.8,186.2,0.0,0.0,186.2,170.2,75.4,439.0,0.42,0.22,0.387699,442.7,0.42,0.22,0.387699,
11/27/2016,2088.4,2088.4,-1440.9,1440.9,647.5,0.0,-417.9,417.9,0.0,229.6,-54.1,54.1,56.8,-2.7,,17.2,0.0,175.5,-78.4,114.3,-11.6,-11.6,0.0,125.9,-3.8,122.1,0.0,-0.3,121.8,212.546,102.346,437.7,0.28,0.26,0.485597,441.3,0.28,0.26,0.485597,
02/26/2017,1981.2,1981.2,-1360.2,1360.2,621.0,0.0,-349.7,349.7,0.0,271.3,-45.7,45.7,47.0,-1.3,,21.8,0.0,225.6,-67.9,179.5,-0.7,-0.7,0.0,180.2,-0.5,179.7,0.0,0.0,179.7,209.792,30.792,431.7,0.42,0.41,0.485967,436.4,0.41,0.41,0.480559,
05/28/2017,1861.7,1861.7,-1332.7,1332.7,529.0,0.0,-417.8,417.8,0.0,111.2,-37.5,37.5,44.6,-7.1,,19.1,0.0,73.7,60.8,153.6,1.7,1.7,0.0,151.9,-0.6,151.3,0.0,0.0,151.3,245.251,92.251,420.3,0.36,0.36,0.583514,424.9,0.36,0.36,0.577112,
08/27/2017,1804.2,1804.2,-1285.2,1285.2,519.0,0.0,-259.6,259.6,0.0,259.4,-15.8,36.4,38.5,-2.1,,30.0,-20.6,243.6,-120.0,153.6,0.3,0.3,0.0,153.3,-0.8,152.5,0.0,0.0,152.5,195.155,42.355,415.1,0.37,0.37,0.47014,419.2,0.36,0.36,0.461038,
11/26/2017,2173.4,2173.4,-1515.1,1515.1,658.3,0.0,-324.8,324.8,0.0,333.5,-20.5,38.0,40.1,-2.1,,20.6,-17.5,313.0,-109.5,224.1,-0.4,-0.4,0.0,224.5,-1.0,223.5,0.0,0.0,223.5,229.604,6.504,406.5,0.55,0.55,0.564831,410.4,0.54,0.54,0.555848,
02/25/2018,1994.5,1994.5,-1395.7,1395.7,598.8,0.0,-352.1,352.1,0.0,246.7,-17.9,39.8,40.6,-0.8,,29.0,-21.9,228.8,91.4,349.2,-14.5,-14.5,0.0,363.7,-0.9,362.8,0.0,0.0,362.8,247.50528,-100.79472,399.1,0.91,0.87,0.620159,402.5,0.9,0.87,0.619578,
05/27/2018,1966.2,1966.2,-1390.8,1390.8,575.4,0.0,-461.9,461.9,0.0,113.5,-24.1,44.5,46.1,-1.6,,17.7,-20.4,89.4,-36.5,70.6,0.3,0.3,0.0,70.3,-0.7,69.6,0.0,0.0,69.6,195.9,126.0,392.9,0.18,0.18,0.4986,395.6,0.18,0.18,0.498504,
08/26/2018,1834.4,1834.4,-1318.9,1318.9,515.5,0.0,-257.3,257.3,0.0,258.2,-38.8,49.0,50.4,-1.4,,16.2,-10.2,219.4,-57.4,178.2,0.0,0.0,0.0,178.2,0.0,178.2,0.0,0.0,178.2,186.4,8.2,391.7,0.45,0.45,0.475874,394.1,0.45,0.45,0.470807,
11/25/2018,2383.7,2383.7,-1706.5,1706.5,677.2,0.0,-487.3,487.3,0.0,189.9,-70.9,80.6,83.7,-3.1,,37.7,-9.7,119.0,-22.4,134.3,1.9,1.9,0.0,132.4,-0.8,131.6,0.0,0.0,131.6,282.7,149.2,419.9,0.31,0.32,0.673256,421.8,0.31,0.32,0.673256,
02/24/2019,2707.1,2707.1,-1954.8,1954.8,752.3,0.0,-334.1,334.1,0.0,418.2,-121.1,130.9,132.8,-1.9,,12.7,-9.8,297.1,-67.2,242.6,0.0,0.0,0.0,242.6,-0.6,242.0,0.0,0.0,242.0,250.5,8.5,486.2,0.5,0.5,0.51522,487.4,0.5,0.5,0.51522,
05/26/2019,2613.2,2613.2,-1905.2,1905.2,708.0,0.0,-394.7,394.7,0.0,313.3,-125.5,130.9,133.4,-2.5,,9.2,-5.4,187.8,-71.8,125.2,0.0,0.0,0.0,125.2,1.3,126.5,0.0,0.0,126.5,174.6,48.1,486.4,0.26,0.26,0.358964,487.4,0.26,0.26,0.358687,
08/25/2019,2390.7,2390.7,-1726.2,1726.2,664.5,0.0,-400.8,400.8,0.0,263.7,-113.2,122.7,124.8,-2.1,,12.3,-9.5,150.5,11.5,174.3,0.0,0.0,0.0,174.3,-0.5,173.8,0.0,0.0,173.8,209.8,36.0,486.8,0.36,0.36,0.430978,487.9,0.36,0.36,0.430978,
11/24/2019,2820.8,2820.8,-2022.9,2022.9,797.9,0.0,-369.8,369.8,0.0,428.1,-110.1,121.4,121.8,-0.4,,27.6,-11.3,318.0,-84.1,261.5,0.0,0.0,0.0,261.5,-1.0,260.5,0.0,0.0,260.5,306.1,45.6,487.3,0.53,0.53,0.628155,488.3,0.53,0.53,0.623385,
02/23/2020,2555.0,2555.0,-1870.6,1870.6,684.4,0.0,-319.9,319.9,0.0,364.5,-101.3,117.7,119.0,-1.3,,10.4,-16.4,263.2,-68.9,204.7,0.0,0.0,0.0,204.7,-0.3,204.4,0.0,0.0,204.4,215.8,11.4,487.4,0.42,0.42,0.442757,488.8,0.42,0.42,0.442757,
05/31/2020,3287.9,3287.9,-2365.1,2365.1,922.8,0.0,-532.0,532.0,0.0,390.8,-152.6,125.3,127.8,-2.5,,22.9,27.3,238.2,-59.8,201.3,0.0,0.0,0.0,201.3,0.1,201.4,0.0,0.0,201.4,367.6,166.2,487.6,0.41,0.41,0.753897,489.2,0.41,0.41,0.749738,
