Date,Revenue,Sales & Services Revenue,Cost of Revenue,Cost of Goods & Services,Gross Profit,Other Operating Income,Operating Expenses,"Selling, General & Admin",Research & Development,Other Operating Expense,Operating Income (Loss),Non-Operating (Income) Loss,"Interest Expense, Net",Interest Expense,Interest Income,Foreign Exch (Gain) Loss,(Income) Loss from Affiliates,Other Non-Op (Income) Loss,Pretax Income,Income Tax Expense (Benefit),Income (Loss) from Cont Ops,Net Extraordinary Losses (Gains),Discontinued Operations,XO & Accounting Changes,Income (Loss) Incl. MI,Minority Interest,"Net Income, GAAP",Preferred Dividends,Other Adjustments,"Net Income Avail to Common, GAAP","Net Income Avail to Common, Adj",Net Abnormal Losses (Gains),Basic Weighted Avg Shares,"Basic EPS, GAAP",Basic EPS from Cont Ops,"Basic EPS from Cont Ops, Adjusted",Diluted Weighted Avg Shares,"Diluted EPS, GAAP",Diluted EPS from Cont Ops,"Diluted EPS from Cont Ops, Adjusted",Source: Bloomberg
04/29/1989,436.550995,,-266.916992,,169.634003,,-153.520996,,,,16.113001,-4.325,,5.26,,,,-0.935,11.788001,-4.474,7.314,0.0,,,7.314001,0.0,7.314,0.0,,7.314,7.314,,39.019498,0.186667,0.186667,,39.019498,0.186667,0.186667,0.186667,
07/29/1989,427.971985,,-276.17099,,151.800995,,-142.649994,,,,9.151,-0.742,,5.103,,,,-4.361,8.409,-1.988,6.421,0.0,,,6.421,0.0,6.421,0.0,,6.421,6.421,,39.048749,0.164444,0.164444,,39.048749,0.164444,0.164444,0.164444,
10/28/1989,472.670013,,-295.402008,,177.268005,,-158.274002,,,,18.993999,-4.191,,5.181,,,,-0.99,14.802999,-5.317,9.486,0.0,,,9.485999,0.0,9.486,0.0,,9.486,9.486,,39.0465,0.244444,0.244444,,39.0465,0.244444,0.244444,0.244444,
02/03/1990,483.354004,,-298.110992,,185.243012,,-166.358002,,,,18.885,-4.323,,5.204,,,,-0.881,14.562,-3.956,10.606,0.0,,,10.606,0.0,10.606,0.0,,10.606,10.606,,39.371627,0.271111,0.271111,0.271111,39.371627,0.271111,0.271111,0.271111,
05/05/1990,438.662994,,-266.923004,,171.73999,,-155.597,,,,16.143,-3.038,,4.381,,,,-1.343,13.105,-4.363,8.742,0.0,,,8.742,0.0,8.742,0.0,,8.742,8.742,,38.900249,0.226667,0.226667,,38.900249,0.226667,0.226667,0.226667,
08/04/1990,435.713013,,-276.976013,,158.737,,-147.289001,,,,11.448,-3.306,,4.235,,,,-0.929,8.142,-2.933,5.209,0.0,,,5.209,0.0,5.209,0.0,,5.209,5.209,,38.807998,0.133333,0.133333,,38.807998,0.133333,0.133333,0.133333,
11/03/1990,452.897003,,-277.039001,,175.858002,,-156.373001,,,,19.485001,-3.966,,5.093,,,,-1.127,15.519001,-5.501,10.018,0.0,,,10.018001,0.0,10.018,0.0,,10.018,10.018,,38.535752,0.257778,0.257778,,38.535752,0.257778,0.257778,0.257778,
02/02/1991,436.493988,,-271.496002,,164.997986,,-149.548004,,,,15.45,-3.645,,4.465,,,,-0.82,11.805,-3.999,7.806,0.0,,,7.806,0.0,7.806,0.0,,7.806,7.806,,38.700002,0.204444,0.204444,0.204444,38.700002,0.204444,0.204444,0.204444,
05/04/1991,422.304993,,-262.798004,,159.506989,,-151.395996,,,,8.111,-2.174,,4.244,,,,-2.07,5.937,-2.067,3.87,11.931,,,-8.061,0.0,-8.061,0.0,,-8.061,-8.061,,38.367,-0.208889,0.102222,,38.367,-0.208889,0.102222,0.102222,
08/03/1991,416.971008,,-263.917999,,153.053009,,-143.457001,,,,9.596,-2.517,,3.898,,,,-1.381,7.079,-2.492,4.587,0.0,,,4.587,0.0,4.587,0.0,,4.587,4.587,,38.380501,0.12,0.12,,38.380501,0.12,0.12,0.12,
11/02/1991,454.860992,,-285.891998,,168.968994,,-155.194,,,,13.775,-3.147,,3.96,,,,-0.813,10.628,-3.617,7.011,0.0,,,7.011,0.0,7.011,0.0,,7.011,7.011,,38.425498,0.182222,0.182222,,38.425498,0.182222,0.182222,0.182222,
02/01/1992,433.678986,,-277.760986,,155.918,,-152.169006,,,,3.749,-5.035,,3.895,,,,1.14,-1.286,1.513,0.227,0.0,,,0.227,0.0,0.227,0.0,,0.227,0.227,,38.45925,0.004444,0.004444,0.004444,38.45925,0.004444,0.004444,0.004444,
05/02/1992,368.992004,,-250.843994,,118.14801,,,,,,,,,,,,,,,,-13.225,7.533,,,,,-20.757999,0.0,,-20.757999,-20.757999,,38.493,-0.537778,-0.342222,,38.493,-0.537778,-0.342222,-0.342222,
08/01/1992,344.148987,,-217.231003,,126.917984,,,,,,,,,,,,,,,,4.947,-0.506,,,,,5.453,0.0,,5.453,5.453,,38.513251,0.142222,0.128889,,38.513251,0.142222,0.128889,0.128889,
10/31/1992,409.682007,,-264.791992,,144.890015,,,,,,,,,,,,,,,,9.311,-1.517,,,,,10.828,0.0,,10.828,10.828,,38.567252,0.28,0.24,,38.567252,0.28,0.24,0.24,
01/30/1993,358.821045,,-227.012039,,131.809006,,,,,,131.809006,,,,,,,,,,7.032,-0.991,,,,,9.140999,0.0,,9.140999,9.140999,,38.614498,0.235556,0.208889,0.208889,38.614498,0.235556,0.208889,0.208889,
04/30/1993,326.765015,,-215.841003,,110.924011,,,,,,3.895,,,,,,,,,,3.895,1.91,,,,0.0,1.985,0.0,,1.985,1.985,,38.677501,0.048889,0.102222,,38.677501,0.048889,0.102222,0.102222,
07/31/1993,327.906006,,-216.334,,111.572006,,,,,,6.125,,,,,,,,,,6.125,0.558,,,,0.0,5.567,0.0,,5.567,5.567,,38.785502,0.146667,0.16,,38.785502,0.146667,0.16,0.16,
10/30/1993,382.631012,,-253.451996,,129.179016,,,,,,12.402,,,,,,,,,,12.402,-1.792,,,,0.0,14.194,0.0,,14.194,14.194,,38.895751,0.364444,0.32,,38.895751,0.364444,0.32,0.32,
01/29/1994,323.737,,-229.815994,,93.921006,,,,,,-31.718,,,,,,,,,,-31.718,21.639999,,,,0.0,-53.358002,0.0,,-53.358002,-53.358002,,39.073498,-1.364444,-0.808889,-0.808889,39.073498,-1.364444,-0.808889,-0.808889,
04/30/1994,369.488007,,-242.028,,127.460007,,-112.043999,,,,15.416,-3.816,,4.279,,,,-0.463,11.600001,-4.266,7.334,-0.597,,,7.931001,0.0,7.931,0.0,,7.931,7.931,,39.26475,0.2,0.186667,,39.26475,0.2,0.186667,0.186667,
07/30/1994,353.0,,-229.199005,,123.800995,,-108.652,,,,7.533,-3.526,,4.21,,,,-0.684,4.007,-4.09,7.533,0.092,,,-0.175,0.0,7.441,0.0,,7.441,7.441,,39.471748,0.186667,0.191111,,39.471748,0.186667,0.191111,0.191111,
10/29/1994,406.93399,,-267.421997,,139.511993,,-113.315002,,,,26.197001,-3.144,,3.988,,,,-0.844,23.053001,-8.127,14.926,-0.777,,,15.703001,0.0,15.703,0.0,,15.703,15.703,,39.588748,0.395556,0.377778,,39.588748,0.395556,0.377778,0.377778,
01/31/1995,332.214996,,-210.725006,,121.48999,,,,,,3.773,,,,,,,,,,3.773,-4.55,,,,0.0,8.323,0.0,,8.323,8.323,,39.672,0.208889,0.093333,0.093333,39.672,0.208889,0.093333,0.093333,
04/29/1995,357.441986,,-237.246994,,120.194992,,-123.916,,,,-3.721,-3.308,,3.916,,,,-0.608,-7.029,2.618,-4.411,0.0,,,-4.411,0.0,-4.411,0.0,,-4.411,-4.411,,39.618,-0.111111,-0.111111,-0.111111,39.618,-0.111111,-0.111111,-0.111111,
07/29/1995,342.860992,,-226.352005,,116.508987,,-121.425003,,,,-4.916,-7.994,,3.964,,,,4.03,-12.91,4.529,-8.381,0.0,,,-8.381,0.0,-8.381,0.0,,-8.381,-8.381,,39.550498,-0.213333,-0.213333,-0.213333,39.550498,-0.213333,-0.213333,-0.213333,
10/28/1995,406.92099,,-262.911987,,144.009003,,-125.003998,,,,19.004999,-1.494,,3.858,,,,-2.364,17.510999,-7.796,9.715,0.0,,,9.714999,0.0,9.715,0.0,,9.715,9.715,,39.563999,0.244444,0.244444,0.244444,39.563999,0.244444,0.244444,0.244444,
02/03/1996,348.671997,,-222.414001,,126.257996,,-123.752998,,,,2.505,-4.803,,4.231,,,,0.572,-2.298,6.072,3.774,-2.6,,,6.374,0.0,6.374,0.0,,6.374,6.374,,39.5865,0.16,0.093333,0.093333,39.5865,0.16,0.093333,0.093333,
05/04/1996,355.785004,,-219.908005,,135.876999,,-130.684006,,,,5.193,-4.332,,4.733,,,,-0.401,0.861,-0.334,0.527,0.0,,,0.527,0.0,0.527,0.0,,0.527,0.527,,39.633749,0.013333,0.013333,0.013333,39.633749,0.013333,0.013333,0.013333,
08/03/1996,389.983002,,-245.462006,,144.520996,,-130.785995,,,,13.735,-4.783,,4.522,,,,0.261,8.952,-3.438,5.514,0.0,,,5.514,0.0,5.514,0.0,,5.514,5.514,,39.683248,0.137778,0.137778,0.137778,39.683248,0.137778,0.137778,0.137778,
11/02/1996,420.346985,,-264.160004,,156.186981,,-134.061005,,,,22.125999,-3.773,,4.445,,,,-0.672,18.352999,-5.448,12.905,0.0,,,12.904999,0.0,12.905,0.0,,12.905,12.905,,39.829499,0.324444,0.324444,0.324444,39.829499,0.324444,0.324444,0.324444,
02/01/1997,358.937012,,-228.757996,,130.179016,,-126.022003,,,,4.157,-5.098,,5.627,,,,-0.529,-0.941,2.31,1.369,0.0,,,1.369,0.0,1.369,0.0,,1.369,1.369,,39.901498,0.035556,0.035556,0.035556,39.901498,0.035556,0.035556,0.035556,
05/03/1997,391.815002,,-245.981995,,145.833008,,-138.007004,,,,7.826,-5.329,,5.765,,0.0,,-0.436,2.497,-0.955,1.542,0.0,,,1.542,0.0,1.542,0.0,,1.542,1.542,,39.5235,0.04,0.04,0.04,39.998251,0.04,0.04,0.04,
08/02/1997,378.822998,,-232.587006,,146.235992,,-134.746002,,,,11.49,-5.71,,5.364,,0.0,,0.346,5.78,-2.25,3.53,0.0,,,3.53,0.0,3.53,0.0,,3.53,3.53,,39.579749,0.088889,0.088889,0.088889,40.229998,0.088889,0.088889,0.088889,
11/01/1997,433.885986,,-278.056,,155.829987,,-146.871002,,,,8.959,-5.54,,5.145,,0.0,,0.395,3.419,-16.742001,-13.323,0.0,,,-13.323001,0.0,-13.323,0.0,,-13.323,-13.323,,39.588748,-0.337778,-0.337778,0.191111,40.407749,-0.337778,-0.337778,0.191111,
01/31/1998,362.678009,,-231.904999,,130.77301,,-139.912003,,,,-9.139,-4.725,,5.482,,,,-0.757,-13.864,1.219,-12.645,0.0,,,-12.645,0.0,-12.645,0.0,,-12.645,-12.645,,39.514501,-0.32,-0.32,-0.026667,39.514501,-0.32,-0.32,-0.026667,
05/02/1998,402.30899,,-246.985001,,155.32399,,-142.781998,,,,12.542,-5.584,,5.632,,0.0,,-0.048,6.958,-3.087,3.871,0.0,,,3.871,0.0,3.871,0.0,,3.871,3.871,,39.65625,0.097778,0.097778,0.097778,40.243499,0.097778,0.097778,0.097778,
08/01/1998,383.618,,-229.616,,154.002,,-140.116,,,,13.886,-6.142,4.858,4.858,,,,1.284,7.744,-3.449,4.295,,,,4.295,,4.295,,,4.295,4.295,,39.80025,106.666667,106.666667,106.666667,40.45275,106.666667,106.666667,106.666667,
10/31/1998,411.976013,,-248.222,,163.754013,,-136.886993,,,,26.867001,-5.238,,4.464,,0.0,,0.774,21.629,-8.731,12.898,0.0,,,12.898,0.0,12.898,0.0,,12.898,12.898,,39.863248,0.324444,0.324444,0.324444,40.293002,0.32,0.32,0.32,
01/30/1999,340.627,,-200.367,,140.26,,-134.559,,,,5.701,-6.896,4.429,4.429,,0.0,,2.467,-1.195,1.333,2.605,0.0,,,0.138,0.0,2.605,0.0,,2.605,2.605,,39.906,0.066667,0.066667,0.066667,40.49775,0.062222,0.062222,0.062222,
05/01/1999,396.825989,,-239.018997,,157.806992,,-141.649002,,,,16.158001,-5.978,,4.683,,0.0,,1.295,10.180001,-3.864,6.316,0.0,,,6.316001,0.0,6.316,0.0,,6.316,6.316,,39.971249,0.16,0.16,0.16,40.446,0.155556,0.155556,0.155556,
07/31/1999,410.100006,,-249.024994,,161.075012,,-141.533005,,,,19.542,-1.764,,4.392,,0.0,,-2.628,17.778,-7.261,10.517,0.0,,,10.517,0.0,10.517,0.0,,10.517,10.517,,40.18725,0.262222,0.262222,0.262222,41.057998,0.257778,0.257778,0.257778,
10/30/1999,429.131989,,-257.287994,,171.843995,,-146.279007,,,,25.565001,-3.514,,4.236,,0.0,,-0.722,22.051001,-7.288,14.763,0.0,,,14.763001,0.0,14.763,0.0,,14.763,14.763,,40.072498,0.364444,0.364444,0.364444,40.43025,0.36,0.36,0.36,
01/29/2000,356.474,,-221.829,,134.645,,-128.851,128.975,,-0.124,5.794,-5.513,,4.038,,,,1.475,1.756,2.149,3.905,0.0,,,3.905,0.0,3.905,0.0,0.0,3.905,3.905,,40.29975,0.097778,0.097778,0.097778,40.65975,0.097778,0.097778,0.097778,
04/29/2000,394.756989,,-232.783005,,161.973984,,-147.942993,,,,14.031,-4.091,,4.265,,0.0,,-0.174,9.94,-3.392,6.548,0.0,,,6.548,0.0,6.548,0.0,0.0,6.548,6.548,,40.317752,0.164444,0.164444,0.164444,40.634998,0.16,0.16,0.16,
07/29/2000,419.147003,,-251.056,,168.091003,,-150.391998,,,,17.698999,-3.981,,4.314,,0.0,,-0.333,13.717999,-4.52,9.198,0.0,,,9.197999,0.0,9.198,0.0,0.0,9.198,9.198,,40.191752,0.226667,0.226667,0.226667,40.628248,0.226667,0.226667,0.226667,
10/28/2000,463.312012,,-278.954987,,184.357025,,-157.050003,,,,27.306999,-4.579,,4.747,,0.0,,-0.168,22.727999,-7.113,15.615,0.0,,,15.614999,0.0,15.615,0.0,0.0,15.615,15.615,,39.708002,0.391111,0.391111,0.391111,40.02525,0.391111,0.391111,0.391111,
02/03/2001,407.643,,-239.933,,167.71,,-156.242,155.403,,0.839,11.468,-6.336,,5.497,,0.0,,0.839,5.971,-0.967,5.004,0.0,,,5.004,0.0,5.004,0.0,0.0,5.004,5.004,,38.87775,0.128889,0.128889,0.128889,39.384,0.128889,0.128889,0.128889,
05/05/2001,436.138,,-261.089996,,175.048004,,-160.048996,,,,14.999,-5.572,,5.517,,0.0,,0.055,9.427,-3.016,6.411,0.0,,,6.411,0.0,6.411,0.0,0.0,6.411,6.411,,38.57625,0.164444,0.164444,0.164444,39.7035,0.16,0.16,0.16,
08/04/2001,442.07901,,-272.535004,,169.544006,,-158.503998,,,,11.04,-3.215,,5.247,,0.0,,-2.032,7.825,-2.03,5.795,0.0,,,5.795,0.0,5.795,0.0,0.0,5.795,5.795,,38.659498,0.151111,0.151111,0.151111,39.658498,0.146667,0.146667,0.146667,
11/03/2001,462.360992,,-280.873993,,181.486999,,-161.098007,,,,20.389,-5.139,,4.827,,0.0,,0.312,15.25,-3.399,11.851,0.0,,,11.851,0.0,11.851,0.0,0.0,11.851,11.851,,38.718,0.306667,0.306667,0.306667,39.1815,0.302222,0.302222,0.302222,
02/02/2002,415.27,,-275.05,,140.22,,-170.595,,,,-30.375,-15.358,,4.649,,0.0,,10.709,0.0,17.714,-28.019,0.0,,,17.714,0.0,-28.019,0.0,0.0,-28.019,-28.019,,38.73375,-0.724444,-0.724444,0.106667,38.73375,-0.724444,-0.724444,0.106667,
05/04/2002,446.738007,,-266.131989,,180.606018,,-165.903,,,,14.703,-3.57,,3.67,-0.1,0.0,,0.0,11.133,-3.5,7.633,0.0,,,7.633,0.0,7.633,0.0,0.0,7.633,7.633,,38.889001,0.195556,0.195556,0.195556,39.843,0.191111,0.191111,0.191111,
08/03/2002,456.255005,,-278.417999,,177.837006,,-164.759995,,,,13.077,-2.949,,3.049,-0.1,0.0,,0.0,10.128,-2.959,7.169,0.0,,,7.169,0.0,7.169,0.0,0.0,7.169,7.169,,39.078,0.182222,0.182222,0.182222,40.716002,0.177778,0.177778,0.177778,
11/02/2002,486.317993,,-287.681,,198.636993,,-167.123001,,,,31.514,-2.712,,2.84,-0.128,0.0,,0.0,28.802,-7.78,21.021999,0.0,,,21.022,0.0,21.021999,0.0,0.0,21.021999,21.021999,,39.136498,0.537778,0.537778,0.537778,40.034248,0.524444,0.524444,0.524444,
02/01/2003,452.132,,-268.423,,183.709,,-165.838,165.838,,0.0,17.871,-6.435,,2.73,,0.0,,3.705,11.436,-2.088,9.348,0.0,,,9.348,0.0,9.348,0.0,0.0,9.348,9.348,,39.19725,0.24,0.24,0.24,40.85325,0.226667,0.226667,0.226667,
05/03/2003,446.444,,-261.316986,,185.127014,,-169.757996,,,,15.369,-2.81,,2.906,-0.096,0.0,,0.0,12.559001,-3.524,9.035,0.0,,,9.035001,0.0,9.035,0.0,0.0,9.035,9.035,,39.397501,0.231111,0.231111,0.231111,41.384249,0.217778,0.217778,0.217778,
08/02/2003,458.384003,,-270.519012,,187.86499,,-169.272995,,,,18.591999,-2.413,,2.517,-0.104,0.0,,0.0,16.178999,-4.647,11.532,0.0,,,11.531999,0.0,11.532,0.0,0.0,11.532,11.532,,39.669751,0.288889,0.288889,0.288889,41.696999,0.275556,0.275556,0.275556,
11/01/2003,493.433014,,-288.721008,,204.712006,,-172.464996,,,,32.247002,-2.138,,2.256,-0.118,0.0,,0.0,30.109002,-9.096,21.013,0.0,,,21.013002,0.0,21.013,0.0,0.0,21.013,21.013,,39.962249,0.524444,0.524444,0.524444,42.0705,0.497778,0.497778,0.497778,
01/31/2004,433.847,,-252.885,,180.962,,-171.062,171.062,,0.0,9.9,-5.065,1.958,,,0.0,,3.107,4.835,-0.179,4.656,0.0,,,4.656,0.0,4.656,0.0,0.0,4.656,4.656,2.02,40.068,0.115556,0.115556,0.164444,42.44175,0.111111,0.111111,0.16,
05/01/2004,491.832001,,-292.467987,,199.364014,,-184.514008,,,,14.85,-2.353,,2.479,-0.126,0.0,,0.0,12.497,-3.971,8.526,0.0,,,8.526,0.0,8.526,0.0,0.0,8.526,8.526,,40.142249,0.213333,0.213333,0.213333,42.567751,0.2,0.2,0.2,
07/31/2004,458.657013,,-269.411011,,189.246002,,-176.207993,,,,13.038,-1.971,,2.141,-0.17,0.0,,0.0,11.067,-3.399,7.668,0.0,,,7.668,0.0,7.668,0.0,0.0,7.668,7.668,,40.322249,0.191111,0.191111,0.191111,42.720749,0.177778,0.177778,0.177778,
10/30/2004,514.825012,,-306.782013,,208.042999,,-180.177994,,,,27.865,-1.759,1.759,1.98,-0.221,0.0,,0.0,26.106,-7.54,18.566,0.0,,,18.566,0.0,18.566,0.0,,18.566,18.566,,40.371752,0.457778,0.457778,0.457778,41.96025,0.444444,0.444444,0.444444,
01/29/2005,476.49,,-288.776,,187.714,,-179.113,179.113,,0.0,8.601,-1.984,1.398,,,0.0,,0.586,6.617,1.928,8.545,0.0,,,8.545,0.0,8.545,0.0,0.0,8.545,8.545,1.681,40.4145,0.213333,0.213333,0.253333,42.06375,0.204444,0.204444,0.244444,
04/30/2005,523.28302,,-312.677002,,210.606018,,-187.537994,,,,23.068001,-2.95,2.95,3.399,-0.449,0.0,,0.0,20.118001,-16.339001,3.779,0.0,,,3.779,0.0,3.779,0.0,0.0,3.779,3.779,,40.666499,0.093333,0.093333,0.342222,42.327001,0.088889,0.088889,0.328889,
07/30/2005,551.47998,,-335.834015,,215.645966,,-204.871994,,,,10.774,-4.973,4.973,5.157,-0.184,0.0,,0.0,5.801,-1.718,4.083,0.0,,,4.083,0.0,4.083,0.0,0.0,4.083,4.083,,40.8285,0.102222,0.102222,0.177778,42.6015,0.097778,0.097778,0.168889,
10/29/2005,617.676025,,-378.222992,,239.453033,,-208.057999,,,,31.395,-5.023,5.023,5.289,-0.266,0.0,,0.0,26.372,-6.6,19.771999,0.0,,,19.772001,0.0,19.771999,0.0,,19.771999,19.771999,,40.981502,0.484444,0.484444,0.564444,42.646501,0.462222,0.462222,0.537778,
01/28/2006,599.617981,,-367.019012,,232.598969,,-209.205002,,,,23.393999,-4.538,,4.987,-0.449,0.0,,0.0,18.855999,-5.49,13.366,0.0,,,13.365999,0.0,13.366,0.0,0.0,13.366,13.366,,41.085001,0.326667,0.326667,0.326667,42.9525,0.313333,0.313333,0.313333,
04/29/2006,575.538025,,-352.540985,,222.99704,,-204.403,,,,18.594,-4.204,4.204,4.488,-0.284,0.0,,0.0,14.39,-4.359,10.031,0.0,,,10.031,0.0,10.031,0.0,0.0,10.031,10.031,,41.670001,0.24,0.24,0.24,43.4955,0.233333,0.233333,0.233333,
07/29/2006,579.31897,,-355.299011,,224.019958,,-197.753998,,,,26.266001,-3.941,3.941,4.436,-0.495,0.0,,0.0,22.325001,-7.134,15.191,0.0,,,15.191001,0.0,15.191,0.0,0.0,15.191,15.191,,42.2295,0.36,0.36,0.286667,43.671,0.346667,0.346667,0.273333,
10/28/2006,676.812012,,-406.828003,,269.984009,,-227.968002,,,,42.015999,-3.66,3.66,4.367,-0.707,0.0,,0.0,38.355999,-11.449,26.907,0.0,,,26.906998,0.0,26.907,0.0,0.0,26.907,26.907,,42.3435,0.633333,0.633333,0.72,43.581001,0.62,0.62,0.706667,
02/03/2007,639.261,,-385.369,,253.892,,-232.641,,,,21.251,-2.895,1.771,2.895,-1.124,0.0,,1.124,18.356,-4.777,13.579,0.0,,,13.579,0.0,13.579,0.0,0.0,13.579,13.579,7.058,42.627,0.32,0.32,0.486667,44.2455,0.306667,0.306667,0.466667,
05/05/2007,566.348,,-336.545,,229.803,,-212.252,212.252,,0.0,17.551,-3.358,3.358,4.07,-0.712,,,0.0,14.193,-4.557,9.636,0.0,,,9.636,,9.636,0.0,0.0,9.636,9.636,,43.186,0.22,0.22,0.29,44.62,0.22,0.22,0.29,
08/04/2007,576.571,,-345.577,,230.994,,-213.031,213.031,,0.0,17.963,-2.835,2.835,3.756,-0.921,,,0.0,15.128,-5.298,9.83,0.0,,,9.83,,9.83,0.0,0.0,9.83,9.83,0.0,43.609,0.23,0.23,0.23,44.508,0.22,0.22,0.22,
11/03/2007,645.546,,-385.705,,259.841,,-217.021,217.021,,0.0,42.82,-2.811,2.797,3.762,-0.965,,0.014,0.0,40.009,-13.046,26.963,,,,26.963,0.046,27.009,0.0,0.0,27.009,27.009,0.0,44.469,0.62,0.62,0.62,44.469,0.61,0.61,0.61,
02/02/2008,571.444,,-348.683,,222.761,,-204.794,204.794,,0.0,17.967,-3.305,2.88,,,,0.425,0.0,14.662,-0.582,14.08,,,,14.08,-0.128,13.952,0.0,0.0,13.952,13.952,,42.409,0.33,0.33,0.33,42.811,0.33,0.33,0.33,
05/03/2008,554.491,554.491,-338.029,338.029,216.462,0.0,-202.902,211.175,,-8.273,13.56,-3.758,3.758,4.296,-0.538,,,0.0,9.802,-2.98,6.822,0.0,0.0,0.0,6.822,0.373,7.195,0.0,0.0,7.195,2.2478,-4.9472,41.463,0.17,0.17,0.054212,41.48,0.17,0.17,0.050733,
08/02/2008,569.219,569.219,-345.722,345.722,223.497,0.0,-218.35,207.963,,10.387,5.147,-3.461,3.461,3.965,-0.504,,,0.0,1.686,0.369,2.055,0.0,0.0,0.0,2.055,0.162,2.217,0.0,0.0,2.217,8.847,6.63,41.538,0.05,0.05,0.212986,41.57,0.05,0.05,0.20949,
11/01/2008,631.657,631.657,-383.166,383.166,248.491,0.198,-235.568,219.065,,16.503,13.121,-3.629,3.629,4.137,-0.508,,,0.0,9.492,0.852,10.344,0.0,0.0,0.0,10.344,0.054,10.398,0.0,0.0,10.398,21.123,10.725,41.547,0.25,0.25,0.508412,41.6,0.25,0.25,0.507813,
01/31/2009,520.995,520.995,-327.209,327.209,193.786,0.0,-398.915,213.69,,185.225,-205.129,-4.457,4.457,4.707,-0.25,,,0.0,-209.586,55.552,-154.034,0.0,0.0,0.0,-154.034,0.986,-153.048,0.0,0.0,-153.048,-32.3898,120.6582,41.552,-3.68,-3.68,-0.7795,41.552,-3.68,-3.68,-0.7795,
05/02/2009,538.74,538.74,-330.576,330.576,208.164,0.0,-215.331,212.717,,2.614,-7.167,-5.106,5.106,5.249,-0.143,,,0.0,-12.273,5.202,-7.071,0.0,0.0,0.0,-7.071,-0.532,-7.603,0.0,0.0,-7.603,-4.863,2.74,41.566,-0.18,-0.18,-0.116995,41.566,-0.18,-0.18,-0.116995,
08/01/2009,511.621,511.621,-307.981,307.981,203.64,0.0,-208.618,206.62,,1.998,-4.978,-4.769,4.769,4.914,-0.145,,,0.0,-9.747,5.531,-4.216,0.0,0.0,0.0,-4.216,-0.029,-4.245,0.0,0.0,-4.245,-2.638,1.607,41.583,-0.1,-0.1,-0.063439,41.583,-0.1,-0.1,-0.063439,
10/31/2009,625.635,625.635,-366.692,366.692,258.943,0.0,-224.606,222.384,,2.222,34.337,-4.977,4.977,5.029,-0.052,,,0.0,29.36,-12.356,17.004,0.0,0.0,0.0,17.004,-0.704,16.3,0.0,0.0,16.3,18.22,1.92,41.588,0.38,0.38,0.438107,41.653,0.38,0.38,0.426095,
01/30/2010,565.972,565.972,-333.58,333.58,232.392,0.0,-223.061,217.972,,5.089,9.331,-4.969,4.969,5.003,-0.034,,,0.0,4.362,0.364,4.726,0.0,0.0,0.0,4.726,0.322,5.048,0.0,0.0,5.048,9.00585,3.95785,41.602,0.12,0.12,0.216476,41.777,0.12,0.12,0.214738,
05/01/2010,597.718,597.718,-350.158,350.158,247.56,0.0,-226.232,224.515,,1.717,21.328,-4.494,4.494,4.512,-0.018,,,0.0,16.834,-6.299,10.535,0.0,0.0,0.0,10.535,-0.489,10.046,0.0,0.0,10.046,11.9972,1.9512,41.755,0.23,0.23,0.287324,41.987,0.23,0.23,0.276472,
07/31/2010,585.756,585.756,-347.286,347.286,238.47,0.0,-226.339,224.448,,1.891,12.131,-4.761,4.761,4.81,-0.049,,,0.0,7.37,-2.582,4.788,0.0,0.0,0.0,4.788,0.473,5.261,0.0,0.0,5.261,6.849,1.588,42.147,0.12,0.12,0.162503,42.463,0.12,0.12,0.157397,
10/30/2010,716.093,716.093,-433.874,433.874,282.219,0.0,-248.941,247.089,,1.852,33.278,-4.87,4.87,4.916,-0.046,,,0.0,28.408,-9.918,18.49,0.0,0.0,0.0,18.49,0.083,18.573,0.0,0.0,18.573,20.1586,1.5856,42.348,0.42,0.42,0.476022,42.608,0.42,0.42,0.457214,
01/29/2011,604.524,604.524,-369.219,369.219,235.305,0.0,-229.378,226.924,,2.454,5.927,-5.319,5.319,5.409,-0.09,,,0.0,0.608,2.639,3.247,0.0,0.0,0.0,3.247,0.106,3.353,0.0,0.0,3.353,5.295,1.942,42.372,0.08,0.08,0.124965,42.838,0.08,0.08,0.124965,
04/30/2011,619.555,619.555,-371.591,371.591,247.964,0.0,-235.884,234.14,,1.744,12.08,-6.613,6.613,6.698,-0.085,,,0.0,5.467,-2.119,3.348,-0.293,-0.293,0.0,3.641,0.047,3.688,0.0,-0.149,3.539,5.238,1.992,42.475,0.08,0.08,0.12332,43.006,0.08,0.08,0.12332,
07/30/2011,620.59,620.59,-386.985,386.985,233.605,0.0,-234.603,233.914,,0.689,-0.998,-7.458,6.455,6.52,-0.065,,,1.003,-8.456,3.005,-5.451,-0.683,-0.683,0.0,-4.768,0.159,-4.609,0.0,0.0,-4.609,-4.086,1.206,41.852,-0.11,-0.13,-0.09763,41.852,-0.11,-0.13,-0.101184,
10/29/2011,713.788,713.788,-437.29,437.29,276.498,0.0,-244.137,239.422,,4.715,32.361,-6.587,6.587,6.685,-0.098,,,0.0,25.774,-8.18,17.594,-16.099,-16.099,0.0,33.693,0.039,33.732,0.0,-1.533,32.199,18.805,2.705,40.079,0.8,0.42,0.469198,40.61,0.79,0.41,0.469198,
01/28/2012,628.891,628.891,-390.318,390.318,238.573,0.0,-246.466,229.943,,16.523,-7.893,-5.842,5.842,6.238,-0.396,,,0.0,-13.735,6.968,-6.767,1.409,1.409,0.0,-8.176,-0.046,-8.222,0.0,0.0,-8.222,4.718,11.485,40.098,-0.21,-0.17,0.116515,40.098,-0.21,-0.17,0.116423,
04/28/2012,598.179,598.179,-363.925,363.925,234.254,0.0,-221.663,211.475,,10.188,12.591,-5.953,5.953,6.036,-0.083,,,0.0,6.638,-2.616,4.022,2.394,2.394,0.0,1.628,0.067,1.695,0.0,0.0,1.695,13.784,9.695,40.422,0.04,0.1,0.341002,40.744,0.04,0.1,0.337949,
07/28/2012,564.897,564.897,-337.243,337.243,227.654,0.0,-219.032,211.706,,7.326,8.622,-5.568,5.568,5.645,-0.077,,,0.0,3.054,-1.241,1.813,4.527,4.527,0.0,-2.714,0.179,-2.535,0.0,0.0,-2.535,6.883,5.07,40.687,-0.06,0.05,0.173569,40.775,-0.06,0.05,0.173569,
10/27/2012,695.985,695.985,-416.65,416.65,279.335,0.0,-238.342,236.196,,2.146,40.993,-5.322,5.322,5.398,-0.076,,,0.0,35.671,-11.418,24.253,-0.034,-0.034,0.0,24.287,0.005,24.292,0.0,-1.212,23.08,24.446,1.4,40.745,0.57,0.57,0.599975,40.935,0.56,0.56,0.594201,
02/02/2013,618.735,618.735,-371.403,371.403,247.332,0.0,-235.06,232.289,,2.771,12.272,-5.808,5.808,5.894,-0.086,,,0.0,6.464,-1.381,5.083,1.08,1.08,0.0,4.003,0.036,4.039,0.0,-0.199,3.84,7.289,2.405,40.774,0.09,0.12,0.179649,41.109,0.09,0.12,0.178503,
05/04/2013,588.656,588.656,-348.64,348.64,240.016,0.0,-219.058,213.879,,5.179,20.958,-5.653,5.653,5.721,-0.068,,,0.0,15.305,-7.946,7.359,18.191,18.191,0.0,-10.832,0.07,-10.762,0.0,0.0,-10.762,11.05535,3.62635,41.07,-0.26,0.18,0.269183,41.268,-0.26,0.18,0.267873,
08/03/2013,621.706,621.706,-367.08,367.08,254.626,0.0,-231.814,231.071,,0.743,22.812,-5.11,5.11,5.192,-0.082,,,0.0,17.702,-4.081,13.621,-1.662,-0.62,-1.042,15.283,0.074,15.357,0.0,-0.58,14.777,14.356,1.315,41.348,0.36,0.32,0.348989,41.664,0.35,0.31,0.341562,
11/02/2013,702.788,702.788,-424.548,424.548,278.24,0.0,-233.572,233.572,,0.0,44.668,-5.122,5.122,5.254,-0.132,,,0.0,39.546,-12.495,27.051,-0.233,-0.233,0.0,27.284,0.03,27.314,0.0,-1.097,26.217,26.049,0.065,41.447,0.63,0.63,0.628489,41.766,0.63,0.62,0.621556,
02/01/2014,599.962,599.962,-358.555,358.555,241.407,0.0,-231.229,231.229,,0.0,10.178,-4.992,4.992,5.087,-0.095,,,0.0,5.186,0.765,5.951,-0.21,-0.21,0.0,6.161,0.003,6.164,0.0,-0.243,5.921,6.033,0.325,41.56,0.14,0.14,0.145236,41.886,0.14,0.14,0.145236,
05/03/2014,591.162,591.162,-348.821,348.821,242.341,0.0,-213.615,213.615,,0.0,28.726,-5.23,5.23,5.306,-0.076,,,0.0,23.496,-8.02,15.476,0.0,0.0,0.0,15.476,-0.047,15.429,0.0,-0.592,14.837,15.032,0.195,41.887,0.35,0.35,0.35887,42.116,0.35,0.35,0.35463,
08/02/2014,635.877,635.877,-376.235,376.235,259.642,0.0,-228.34,228.34,,0.0,31.302,-5.016,5.016,5.125,-0.109,,,0.0,26.286,-8.247,18.039,0.0,0.0,0.0,18.039,0.025,18.064,0.0,-0.669,17.395,17.655,0.26,42.074,0.41,0.41,0.419618,42.276,0.41,0.41,0.41615,
11/01/2014,729.277,729.277,-438.547,438.547,290.73,0.0,-237.517,237.517,,0.0,53.213,-5.098,5.098,5.207,-0.109,,,0.0,48.115,-14.878,33.237,0.0,0.0,0.0,33.237,-0.124,33.113,0.0,-1.208,31.905,32.23,0.325,42.144,0.76,0.76,0.764759,42.328,0.75,0.75,0.757678,
01/31/2015,615.393,615.393,-368.006,368.006,247.387,0.0,-234.694,231.21,,3.484,12.693,-0.464,4.723,4.808,-0.085,,,-4.259,12.229,3.962,16.191,0.0,0.0,0.0,16.191,0.053,16.244,0.0,-0.588,15.656,8.9406,-6.7154,42.178,0.37,0.37,0.211973,42.352,0.37,0.37,0.211438,
05/02/2015,602.283,602.283,-353.757,353.757,248.526,0.0,-218.19,218.19,,0.0,30.336,-4.159,4.159,4.463,-0.304,,,0.0,26.177,-6.786,19.391,0.0,0.0,0.0,19.391,-0.13,19.261,0.0,-0.654,18.607,19.00545,0.39845,42.313,0.44,0.44,0.449163,42.458,0.44,0.44,0.449163,
08/01/2015,637.834,637.834,-375.039,375.039,262.795,0.0,-227.061,227.061,,0.0,35.734,-12.797,4.107,4.345,-0.238,,,8.69,22.937,-6.074,16.863,0.0,0.0,0.0,16.863,-0.038,16.825,0.0,-0.544,16.281,21.887,5.606,42.325,0.38,0.38,0.517118,42.448,0.38,0.38,0.512067,
10/31/2015,728.639,728.639,-440.205,440.205,288.434,0.0,-236.211,236.211,,0.0,52.223,-5.873,3.912,4.136,-0.224,,,1.961,46.35,-12.358,33.992,0.0,0.0,0.0,33.992,-0.009,33.983,0.0,-1.063,32.92,34.501,1.581,42.345,0.78,0.78,0.81476,42.465,0.78,0.78,0.81476,
01/30/2016,608.674,608.674,-360.626,360.626,248.048,0.0,-231.233,231.233,,0.0,16.815,-3.513,3.513,3.646,-0.133,,,0.0,13.302,-1.724,11.578,0.0,0.0,0.0,11.578,-0.168,11.41,0.0,-0.339,11.071,11.916,0.845,42.372,0.26,0.26,0.281223,42.549,0.26,0.26,0.279859,
04/30/2016,584.733,584.733,-336.94,336.94,247.793,0.0,-219.05,219.05,,0.0,28.743,-3.363,3.363,3.61,-0.247,,,0.0,25.38,-7.502,17.878,0.0,0.0,0.0,17.878,-0.096,17.782,0.0,-0.486,17.296,17.6496,0.3536,42.433,0.41,0.41,0.41594,42.596,0.41,0.41,0.41594,
07/30/2016,622.937,622.937,-363.382,363.382,259.555,0.0,-227.297,227.297,,0.0,32.258,-3.169,3.169,3.479,-0.31,,,0.0,29.089,-9.41,19.679,0.0,0.0,0.0,19.679,0.089,19.768,0.0,-0.523,19.245,19.57715,0.33215,42.043,0.46,0.46,0.465646,42.185,0.46,0.46,0.465646,
10/29/2016,732.23,732.23,-438.459,438.459,293.771,0.0,-238.319,238.319,,0.0,55.452,-3.125,3.125,3.475,-0.35,,,0.0,52.327,-17.601,34.726,0.0,0.0,0.0,34.726,0.004,34.73,0.0,-0.91,33.82,34.2945,0.4745,41.802,0.81,0.81,0.820403,41.939,0.81,0.81,0.820403,
01/28/2017,639.488,639.488,-378.616,378.616,260.872,0.0,-266.34,242.936,,23.404,-5.468,-4.074,4.074,4.547,-0.473,,,0.0,-9.542,3.346,-6.196,0.0,0.0,0.0,-6.196,-0.426,-6.622,0.0,0.0,-6.622,14.82845,21.45045,41.827,-0.16,-0.16,0.354519,42.004,-0.16,-0.16,0.350676,
04/29/2017,631.509,631.509,-360.601,360.601,270.908,0.0,-247.619,246.511,,1.108,23.289,-2.373,4.809,,,,,-2.436,20.916,-6.032,14.884,0.0,0.0,0.0,14.884,0.018,14.902,0.0,-0.408,14.494,17.79535,3.30135,41.832,0.35,0.35,0.4254,42.001,0.35,0.35,0.4254,
07/29/2017,676.954,676.954,-389.493,389.493,287.461,0.0,-259.035,256.17,,2.865,28.426,-1.705,4.375,,,,,-2.67,26.721,-9.047,17.674,0.0,0.0,0.0,17.674,-0.079,17.595,0.0,-0.49,17.105,20.07165,2.96665,41.783,0.41,0.41,0.480378,41.954,0.41,0.41,0.480378,
10/28/2017,774.656,774.656,-457.771,457.771,316.885,0.0,-266.507,266.507,,0.0,50.378,-1.554,4.046,4.046,0.0,,,-2.492,48.824,-14.451,34.373,0.0,0.0,0.0,34.373,0.014,34.387,0.0,-0.949,33.438,34.35385,0.91585,41.788,0.8,0.8,0.822098,41.97,0.8,0.8,0.821822,
02/03/2018,702.465,702.465,-409.07,409.07,293.395,0.0,-267.804,266.862,0.0,0.942,25.591,0.654,4.095,4.095,0.0,,,-4.749,26.245,-5.944,20.301,0.0,0.0,0.0,20.301,0.015,20.316,0.0,-0.545,19.771,25.642,5.871,41.799,0.47,0.47,0.61346,41.997,0.47,0.47,0.609796,
05/05/2018,632.142,632.142,-357.221,357.221,274.921,0.0,-251.975,250.197,,1.778,22.946,-0.592,3.683,,,,,-3.091,22.354,-5.174,17.18,0.0,0.0,0.0,17.18,0.032,17.212,0.0,-0.479,16.733,19.92708,3.19408,41.91,0.4,0.4,0.475473,42.034,0.4,0.4,0.475473,
08/04/2018,706.612,706.612,-413.511,413.511,293.101,0.0,-260.958,258.835,,2.123,32.143,-0.524,3.602,,,,,-3.078,31.619,-8.008,23.611,0.0,0.0,0.0,23.611,0.035,23.646,0.0,-0.673,22.973,25.38907,2.41607,41.964,0.55,0.55,0.60502,42.081,0.55,0.55,0.60502,
11/03/2018,775.829,775.829,-465.219,465.219,310.61,0.0,-270.862,265.522,,5.34,39.748,-1.125,4.21,4.21,0.0,,,-3.085,38.623,-9.468,29.155,0.0,0.0,0.0,29.155,-0.002,29.153,0.0,-0.8,28.353,35.00453,6.65153,41.999,0.68,0.68,0.833461,42.106,0.67,0.67,0.827971,
02/02/2019,720.263,720.263,-442.551,442.551,277.712,0.0,-372.149,267.21,0.0,104.939,-94.437,-3.914,6.782,6.782,0.0,,,-2.868,-98.351,22.924,-75.427,0.0,0.0,0.0,-75.427,-0.025,-75.452,0.0,0.0,-75.452,15.979,91.431,41.15,-1.83,-1.83,0.388311,41.15,-1.83,-1.83,0.388311,
05/04/2019,677.754,677.754,-397.918,397.918,279.836,0.0,-262.967,262.111,,0.856,16.869,-4.721,7.34,7.34,0.0,,,-2.619,12.148,-3.063,9.085,0.0,0.0,0.0,9.085,-0.002,9.083,0.0,-0.283,8.8,16.4097,7.6097,40.741,0.22,0.22,0.402781,40.801,0.22,0.22,0.402781,
08/03/2019,752.485,752.485,-446.541,446.541,305.944,0.0,-268.14,267.531,,0.609,37.804,-4.739,7.389,7.389,0.0,,,-2.65,33.065,-7.838,25.227,0.0,0.0,0.0,25.227,0.114,25.341,0.0,-0.857,24.484,27.26167,2.77767,39.951,0.61,0.61,0.682378,40.006,0.61,0.61,0.679431,
11/02/2019,792.375,792.375,-472.605,472.605,319.77,0.0,-276.299,275.33,,0.969,43.471,-7.926,10.559,10.559,0.0,,,-2.633,35.545,-7.784,27.761,0.0,0.0,0.0,27.761,0.226,27.987,0.0,-0.946,27.041,32.60004,5.55904,39.258,0.69,0.69,0.830405,39.313,0.69,0.69,0.830405,
02/01/2020,698.948,698.948,-420.138,420.138,278.81,0.0,-273.141,260.788,,12.353,5.669,-7.834,7.835,7.835,0.0,,,-0.001,-2.165,2.174,0.009,0.0,0.0,0.0,0.009,0.399,0.408,0.0,0.045,0.453,23.74587,23.29287,39.235,0.01,0.01,0.605222,39.29,0.01,0.01,0.602845,
05/02/2020,397.184,397.184,-275.286,275.286,121.898,0.0,-548.109,225.194,,322.915,-426.211,-5.893,9.478,9.478,0.0,,,-3.585,-432.104,85.932,-346.172,0.0,0.0,0.0,-346.172,0.334,-345.838,0.0,0.0,-345.838,-76.18916,269.64884,38.649,-8.95,-8.95,-1.97131,38.649,-8.95,-8.95,-1.973135,
