Date,Revenue,Sales & Services Revenue,Financing Revenue,Cost of Revenue,Cost of Goods & Services,Cost of Financing Revenue,Gross Profit,Other Operating Income,Operating Expenses,"Selling, General & Admin",Research & Development,Other Operating Expense,Operating Income (Loss),Non-Operating (Income) Loss,"Interest Expense, Net",Interest Expense,Interest Income,Foreign Exch (Gain) Loss,(Income) Loss from Affiliates,Other Non-Op (Income) Loss,Pretax Income,Income Tax Expense (Benefit),Income (Loss) from Cont Ops,Net Extraordinary Losses (Gains),Discontinued Operations,XO & Accounting Changes,Income (Loss) Incl. MI,Minority Interest,"Net Income, GAAP",Preferred Dividends,Other Adjustments,"Net Income Avail to Common, GAAP","Net Income Avail to Common, Adj",Net Abnormal Losses (Gains),Basic Weighted Avg Shares,"Basic EPS, GAAP",Basic EPS from Cont Ops,"Basic EPS from Cont Ops, Adjusted",Diluted Weighted Avg Shares,"Diluted EPS, GAAP",Diluted EPS from Cont Ops,"Diluted EPS from Cont Ops, Adjusted",Source: Bloomberg
09/30/1988,2789,,,,,,,,,,,,,,,,,,,,,,,,,,,,190,,,190,190.0,,812.83197,0.23375,0.23375,0.23375,812.83197,0.23375,0.23375,0.23375,
12/31/1988,2662,,,,,,,,,,,,,,,,,,,,,,,,,,,,163,,,163,163.0,,809.935974,0.20125,0.20125,0.20125,809.935974,0.20125,0.20125,0.20125,
03/31/1989,2680,,,,,,,,,,,,,,,,,,,,,,,,,,,,141,,,141,141.0,,811.512024,0.17375,0.17375,0.17375,811.512024,0.17375,0.17375,0.17375,
06/30/1989,3041,,,,,,,,,,,,,,,,,,,,,,,,,,,,141,,,141,141.0,,811.512024,0.17375,0.17375,0.17375,811.512024,0.17375,0.17375,0.17375,
09/30/1989,2643,,,,,,,,,,,,,,,,,,,,,,,,,,,,108,,,108,108.0,,807.47998,0.13375,0.13375,0.13375,807.47998,0.13375,0.13375,0.13375,
12/31/1989,2762,,,,,,,,,,,,,,,,,,,,,,,,,,,,107,,,107,107.0,,815.23999,0.13125,0.13125,0.13125,815.23999,0.13125,0.13125,0.13125,
03/31/1990,2937,,,-2395.0,,,542.0,,-394.0,,,,148.0,-2.0,,62.0,,,,-60.0,146.0,-47.0,99.0,0.0,,,99.0,0.0,99,0.0,,99,99.0,,811.200012,0.12125,0.12125,,811.200012,0.12125,0.12125,0.12125,
06/30/1990,2947,,,-2441.0,,,506.0,,-406.0,,,,100.0,-45.0,,74.0,,,,-29.0,55.0,-9.0,46.0,0.0,,,46.0,0.0,46,0.0,,46,46.0,,811.200012,0.0575,0.0575,,811.200012,0.0575,0.0575,0.0575,
09/30/1990,2795,,,-2279.0,,,516.0,,-411.0,,,,105.0,-31.0,,62.0,,,,-31.0,74.0,-20.0,54.0,0.0,,,54.0,0.0,54,0.0,,54,54.0,,809.599976,0.0675,0.0675,,809.599976,0.0675,0.0675,0.0675,
12/31/1990,2757,,,-2251.0,,,506.0,,-465.0,,,,41.0,-58.0,,60.0,,,,-2.0,-17.0,-2.0,11.0,0.0,,,-19.0,0.0,11,0.0,,11,11.0,,807.244019,0.01375,0.01375,,807.244019,0.01375,0.01375,0.01375,
03/31/1991,2675,,,-2253.0,,,422.0,,-385.0,,,,37.0,-84.0,,73.0,,,,11.0,-47.0,15.0,-32.0,0.0,,,-32.0,0.0,-32,0.0,,-32,-32.0,,807.200012,-0.04,-0.04,,807.200012,-0.04,-0.04,-0.04,
06/30/1991,2691,,,-2278.0,,,413.0,,-387.0,,,,26.0,-54.0,,72.0,,,,-18.0,-28.0,11.0,-17.0,0.0,,,-17.0,0.0,-17,0.0,,-17,-17.0,,807.200012,-0.02,-0.02,,807.200012,-0.02,-0.02,-0.02,
09/30/1991,2358,,,-1973.0,,,385.0,,-404.0,,,,-19.0,-39.0,,75.0,,,,-36.0,-58.0,21.0,-37.0,0.0,,,-37.0,0.0,-37,0.0,,-37,-37.0,,807.200012,-0.04625,-0.04625,,807.200012,-0.04625,-0.04625,-0.04625,
12/31/1991,2458,,,-2122.0,,,336.0,,-473.0,,,,-137.0,-295.0,,74.0,,,,221.0,-432.0,105.0,-318.0,0.0,,,-327.0,0.0,-318,0.0,,-318,-318.0,,807.291992,-0.395,-0.395,,807.291992,-0.395,-0.395,-0.395,
03/31/1992,2183,,,-1960.0,,,223.0,,-404.0,,,,-181.0,-72.0,,79.0,,,,-7.0,-253.0,96.0,-157.0,2217.0,,,-2374.0,0.0,-2374,0.0,,-2374,-2374.0,,807.200012,-2.94125,-0.195,,807.200012,-2.94125,-0.195,-0.195,
06/30/1992,2600,,,-2217.0,,,383.0,,-425.0,,,,-42.0,-48.0,,85.0,,,,-37.0,-90.0,26.0,-64.0,0.0,,,-64.0,0.0,-64,0.0,,-64,-64.0,,807.200012,-0.07875,-0.07875,,807.200012,-0.07875,-0.07875,-0.07875,
09/30/1992,2677,,,-2183.0,,,494.0,,-415.0,,,,79.0,-61.0,,76.0,,,,-15.0,18.0,-13.0,5.0,0.0,,,5.0,0.0,5,0.0,,5,5.0,,807.200012,0.00625,0.00625,,807.200012,0.00625,0.00625,0.00625,
12/31/1992,2734,,,-2257.0,,,477.0,,-422.0,,,,55.0,-62.0,,84.0,,5.0,,-27.0,-7.0,5.0,-2.0,0.0,,,-2.0,0.0,-2,0.0,,-2,-2.0,,807.616028,-0.0025,-0.0025,,807.616028,-0.0025,-0.0025,-0.0025,
03/31/1993,2697,,,-2214.0,,,483.0,,-396.0,,,,87.0,-43.0,,69.0,,,,-26.0,44.0,-10.0,34.0,0.0,,,34.0,0.0,34,0.0,,34,34.0,,808.0,0.0425,0.0425,,808.0,0.0425,0.0425,0.0425,
06/30/1993,2905,,,-2340.0,,,565.0,,-427.0,,,,138.0,-49.0,,72.0,,,,-23.0,89.0,-22.0,67.0,0.0,,,67.0,0.0,67,0.0,,67,67.0,,808.640015,0.0825,0.0825,,808.640015,0.0825,0.0825,0.0825,
09/30/1993,2845,,,-2268.0,,,577.0,,-425.0,,,,152.0,226.0,,66.0,,,,-292.0,378.0,54.0,432.0,0.0,,,432.0,0.0,432,0.0,,432,432.0,,811.952026,0.5325,0.5325,,811.952026,0.5325,0.5325,0.5325,
12/31/1993,3168,,,-2425.0,,,743.0,,-494.0,,,,249.0,-37.0,,61.0,,,,-24.0,212.0,-64.0,148.0,29.0,,,119.0,0.0,119,0.0,,119,119.0,,814.296021,0.14625,0.18125,,814.296021,0.14625,0.18125,0.18125,
03/31/1994,3286,,,-2529.0,,,757.0,,-432.0,,,,325.0,-54.0,,51.0,,,,3.0,271.0,-79.0,192.0,0.0,,,192.0,0.0,192,0.0,,192,192.0,,815.335999,0.23625,0.23625,,815.335999,0.23625,0.23625,0.23625,
06/30/1994,3605,,,-2781.0,,,824.0,,-460.0,,,,364.0,-24.0,,50.0,,,,-26.0,340.0,-100.0,240.0,0.0,,,240.0,0.0,240,0.0,,240,240.0,,813.895996,0.295,0.295,,813.895996,0.295,0.295,0.295,
09/30/1994,3509,,,-2728.0,,,781.0,,-447.0,,,,334.0,-15.0,,49.0,,,,-34.0,319.0,-75.0,244.0,0.0,,,244.0,0.0,244,0.0,,244,244.0,,812.192017,0.3,0.3,,812.192017,0.3,0.3,0.3,
12/31/1994,3928,,,-3006.0,,,922.0,,-511.0,,,,411.0,-32.0,,50.0,,,,-18.0,379.0,-100.0,279.0,0.0,,,279.0,0.0,279,0.0,,279,279.0,,811.599976,0.345,0.345,,811.599976,0.345,0.345,0.345,
03/31/1995,3913,,,-2956.0,,,957.0,,-501.0,,,,456.0,-13.0,,48.0,,,,-35.0,443.0,-143.0,300.0,0.0,,,300.0,0.0,300,0.0,,300,300.0,,800.400024,0.375,0.375,0.375,800.400024,0.375,0.375,0.375,
06/30/1995,4213,,,-3182.0,,,1031.0,,-535.0,,,,496.0,-17.0,,48.0,,,,-31.0,479.0,-156.0,323.0,0.0,,,323.0,0.0,323,0.0,,323,323.0,,798.799988,0.405,0.405,0.405,798.799988,0.405,0.405,0.405,
09/30/1995,3733,,,-2958.0,,,775.0,,-498.0,,,,277.0,5.0,,48.0,,,,-53.0,282.0,-69.0,213.0,0.0,,,213.0,0.0,213,0.0,,213,213.0,,793.200012,0.2675,0.2675,0.2675,793.200012,0.2675,0.2675,0.2675,
12/31/1995,4213,,,-3197.0,,,1016.0,,-564.0,,,,452.0,-19.0,,47.0,,,,-28.0,433.0,-133.0,300.0,0.0,,,300.0,0.0,300,0.0,,300,300.0,,783.440002,0.3825,0.3825,0.3825,783.440002,0.3825,0.3825,0.3825,
03/31/1996,3844,,,-2853.0,,,991.0,,-547.0,,,,444.0,-5.0,,49.0,,,,-44.0,439.0,-143.0,296.0,0.0,,,296.0,0.0,296,0.0,,296,296.0,,775.599976,0.38,0.38,0.38,784.0,0.38,0.38,0.38,
06/30/1996,4180,,,-3052.0,,,1128.0,,-568.0,,,,560.0,-5.0,,49.0,,,,-44.0,555.0,-181.0,374.0,0.0,,,374.0,0.0,374,0.0,,374,374.0,,773.599976,0.485,0.485,0.485,781.799988,0.48,0.48,0.48,
09/30/1996,4033,,,-2988.0,,,1045.0,,-596.0,,,,449.0,-1.0,,48.0,,,,-47.0,448.0,-138.0,310.0,0.0,,,310.0,0.0,310,0.0,,310,310.0,,768.0,0.405,0.405,0.405,777.799988,0.4,0.4,0.4,
12/31/1996,4470,,,,,,,,,,,,,,,,,,,,,,,,,,,,381,,,381,381.0,,763.219971,0.4975,0.4975,0.4975,763.219971,0.4975,0.4975,0.4975,
03/31/1997,4262,,,-3060.0,,,1202.0,0.0,-615.0,498.0,,117.0,587.0,3.0,,52.0,,,,-42.0,590.0,-196.0,394.0,0.0,,,394.0,0.0,394,0.0,0.0,394,394.0,,758.323976,0.52,0.52,0.52,767.599976,0.515,0.515,0.515,
06/30/1997,4870,,,-3535.0,,,1335.0,0.0,-682.0,547.0,,135.0,653.0,-15.0,,58.0,,,14.0,-43.0,638.0,-217.0,435.0,,,,435.0,0.0,435,0.0,0.0,435,435.0,,754.2,0.575,0.575,0.575,767.2,0.565,0.565,0.565,
09/30/1997,4600,,,-3374.0,,,1226.0,0.0,-693.0,561.0,,132.0,533.0,9.0,,53.0,,,9.0,-62.0,542.0,-166.0,385.0,0.0,,,385.0,,385,0.0,0.0,385,385.0,,749.4,0.515,0.515,0.515,762.8,0.505,0.505,0.505,
12/31/1997,5193,,,-3778.0,,,1415.0,,-770.0,,,,645.0,23.0,,56.0,,,,-79.0,668.0,-217.0,451.0,0.0,,,451.0,0.0,451,0.0,,451,451.0,,739.666016,0.61,0.61,0.61,751.169983,0.6,0.6,0.6,
03/31/1998,4794,,,-3435.0,,,1359.0,0.0,-742.0,587.0,,155.0,617.0,20.0,,61.0,,,,-73.0,637.0,-207.0,430.0,,,,430.0,,430,,0.0,430,430.0,,734.2,0.585,0.585,0.585,745.0,0.575,0.575,0.575,
06/30/1998,5604,,,-4099.0,,,1505.0,0.0,-799.0,634.0,,165.0,706.0,-40.0,,69.0,,,,-29.0,666.0,-220.0,446.0,,,,446.0,,446,,0.0,446,446.0,,731.8,0.61,0.61,0.61,743.6,0.6,0.6,0.6,
09/30/1998,5173,,,-3883.0,,,1290.0,0.0,-794.0,631.0,,163.0,496.0,-22.0,,68.0,,,,-43.0,474.0,-138.0,336.0,0.0,,,336.0,0.0,336,,0.0,336,336.0,,723.799988,0.465,0.465,0.465,733.599976,0.46,0.46,0.46,
12/31/1998,5406,,,-4103.0,,,1303.0,0.0,-869.0,709.0,,160.0,434.0,-33.0,,66.0,,,,-40.0,401.0,-100.0,301.0,,,,301.0,,301,,0.0,301,301.0,,716.146,0.42,0.42,0.42,725.172,0.415,0.415,0.415,
03/31/1999,4867,,,-3707.0,,,1160.0,0.0,-808.0,653.0,,155.0,352.0,-51.0,,67.0,,,,-16.0,301.0,-96.0,205.0,0.0,,,205.0,,205,,0.0,205,205.0,,712.6,0.29,0.29,0.29,721.0,0.285,0.285,0.285,
06/30/1999,5101,,,-3879.0,,,1222.0,0.0,-784.0,632.0,,152.0,438.0,-16.0,,65.0,,,-3.0,-49.0,422.0,-136.0,283.0,,,,283.0,,283,,0.0,283,283.0,,711.8,0.4,0.4,0.4,722.2,0.39,0.39,0.39,
09/30/1999,4715,,,-3612.0,,,1103.0,0.0,-767.0,616.0,,151.0,336.0,-9.0,,71.0,,,-4.0,-62.0,327.0,-104.0,219.0,,,,219.0,,219,,0.0,219,219.0,,710.0,0.31,0.31,0.31,719.8,0.305,0.305,0.305,
12/31/1999,5019,,,-3843.0,,,1176.0,0.0,-808.0,640.0,,168.0,368.0,-66.0,,66.0,,,-13.0,-69.0,371.0,-119.0,239.0,0.0,,,239.0,0.0,239,0.0,0.0,239,239.0,,708.739384,0.337218,0.337218,0.337218,711.93828,0.335703,0.335703,0.335703,
03/31/2000,4919,,,-3711.0,,,1208.0,0.0,-792.0,637.0,,155.0,416.0,-35.0,71.0,71.0,,,,-41.0,381.0,-123.0,258.0,0.0,,,258.0,0.0,258,0.0,0.0,258,258.0,,703.152,0.365,0.365,0.365,708.42,0.365,0.365,0.365,
06/30/2000,5363,,,-4010.0,,,1353.0,0.0,-804.0,647.0,,157.0,549.0,-83.0,74.0,74.0,,,,1.0,466.0,-151.0,315.0,0.0,,,315.0,0.0,315,0.0,0.0,315,315.0,,694.132,0.455,0.455,0.455,698.756,0.45,0.45,0.45,
09/30/2000,4779,,,-3657.0,,,1122.0,0.0,-811.0,650.0,,161.0,311.0,-50.0,71.0,71.0,,,,-25.0,261.0,-45.0,216.0,0.0,,,216.0,0.0,216,0.0,0.0,216,216.0,,689.012,0.315,0.315,0.315,692.596,0.31,0.31,0.31,
12/31/2000,5114,,,-3807.0,,,1307.0,,-846.0,,,,461.0,-69.0,,76.0,,,,-7.0,392.0,-128.0,264.0,0.0,,,264.0,0.0,264,0.0,0.0,264,264.0,,687.048,0.385,0.385,0.385,690.866,0.38,0.38,0.38,
03/31/2001,4810,,,-3644.0,,,1166.0,0.0,-857.0,621.0,,236.0,309.0,-72.0,,78.0,,,,-4.0,237.0,-75.0,162.0,0.0,,,162.0,0.0,162,0.0,0.0,162,162.0,,686.63,0.235,0.235,0.235,693.27,0.235,0.235,0.235,
06/30/2001,5488,,,-4130.0,,,1358.0,0.0,-900.0,655.0,,245.0,458.0,-59.0,,75.0,,,,-19.0,399.0,-128.0,271.0,0.0,,,271.0,0.0,271,0.0,0.0,271,271.0,,686.68,0.395,0.395,0.395,695.558,0.39,0.39,0.39,
09/30/2001,5056,,,-3830.0,,,1226.0,0.0,-885.0,638.0,,247.0,341.0,-42.0,,69.0,,,,-23.0,299.0,-94.0,205.0,0.0,,,205.0,0.0,205,0.0,0.0,205,205.0,,686.64,0.3,0.3,0.3,695.038,0.295,0.295,0.295,
12/31/2001,5096,,,-3805.0,,,1291.0,,-1088.0,,,,203.0,34.0,,63.0,,,,-97.0,237.0,-70.0,167.0,0.0,,,167.0,0.0,167,0.0,0.0,167,167.0,,686.598,0.245,0.245,0.385,694.136,0.24,0.24,0.38,
03/31/2002,4409,,,-3548.0,,,861.0,,-691.0,,,,170.0,-54.0,69.0,69.0,,,,-15.0,116.0,-36.0,80.0,0.0,,,80.0,0.0,80,0.0,0.0,80,80.0,,687.184,0.115,0.115,0.115,695.474,0.115,0.115,0.115,
06/30/2002,5291,,,-3991.0,,,1300.0,0.0,-907.0,620.0,,287.0,393.0,-104.0,,71.0,,,,27.0,289.0,-89.0,200.0,0.0,,,200.0,0.0,200,0.0,0.0,200,200.0,,688.02,0.29,0.29,0.29,696.364,0.29,0.29,0.29,
09/30/2002,5075,,,-3933.0,,,1142.0,,-818.0,,,,324.0,-40.0,66.0,66.0,,,,-26.0,284.0,-71.0,213.0,0.0,,,213.0,0.0,213,0.0,0.0,213,213.0,,688.344,0.31,0.31,0.31,692.45,0.305,0.305,0.305,
12/31/2002,5377,,,-4195.0,,,1182.0,,-745.0,,,,437.0,-15.671,-4.795,73.0,,-0.329,,20.795,421.329,-116.0,305.0,0.0,,,305.329,0.0,305,0.0,0.0,305,305.0,,688.436,0.445,0.445,0.445,692.636,0.44,0.44,0.44,
03/31/2003,4821,,,-3750.0,,,1071.0,,-849.0,,,,222.0,-44.0,66.0,66.0,,,,-22.0,178.0,-49.0,129.0,0.0,,,129.0,0.0,129,0.0,0.0,129,129.0,,688.632,0.185,0.185,0.185,693.652,0.185,0.185,0.185,
06/30/2003,5932,,,-4447.0,,,1485.0,,-899.0,,,,586.0,-32.0,65.0,65.0,,,,-33.0,554.0,-155.0,399.0,0.0,,,399.0,0.0,399,0.0,0.0,399,399.0,,689.338,0.58,0.58,0.58,696.836,0.575,0.575,0.575,
09/30/2003,5545,,,-4259.0,,,1286.0,,-901.0,,,,385.0,-94.0,61.0,61.0,,,,33.0,291.0,-69.0,222.0,0.0,,,222.0,0.0,222,0.0,0.0,222,222.0,40.0,692.5,0.32,0.32,0.38,712.178,0.31,0.31,0.365,
12/31/2003,6465,,,-4959.0,,,1506.0,,-1007.0,,,,499.0,-25.0,54.0,54.0,,,,-29.0,474.0,-125.0,349.0,0.0,,,349.0,0.0,349,0.0,0.0,349,349.0,,691.846,0.505,0.505,0.505,717.302,0.485,0.485,0.485,
03/31/2004,6467,,,-4817.0,,,1650.0,,-1076.0,,,,574.0,-4.0,57.0,57.0,,,,-53.0,570.0,-158.0,412.0,0.0,,,412.0,0.0,412,0.0,0.0,412,412.0,,685.224,0.6,0.6,0.6,711.472,0.58,0.58,0.58,
06/30/2004,7564,,,-5670.0,,,1894.0,,-1131.0,,,,763.0,-2.0,59.0,59.0,,,,-57.0,761.0,-209.0,552.0,0.0,,,552.0,0.0,552,0.0,0.0,552,552.0,,684.8,0.805,0.805,0.805,709.6,0.775,0.775,0.775,
09/30/2004,7659,,,-5875.0,,,1784.0,,-1121.0,,,,663.0,17.0,60.0,60.0,,,,-77.0,680.0,-182.0,498.0,0.0,,,498.0,0.0,498,0.0,0.0,498,498.0,,683.6,0.73,0.73,0.73,706.0,0.7,0.7,0.7,
12/31/2004,8584,,,-6642.0,,,1942.0,,-1259.0,,,,683.0,50.0,54.0,54.0,,,,-104.0,733.0,-182.0,551.0,0.0,,,551.0,0.0,551,0.0,0.0,551,551.0,,684.0,0.81,0.81,0.81,712.2,0.77,0.77,0.77,
03/31/2005,8339,,,-6385.0,,,1954.0,,-1198.0,,,,756.0,57.0,65.0,65.0,,,,-122.0,813.0,-232.0,581.0,0.0,,,581.0,0.0,581,0.0,0.0,581,581.0,,684.2,0.85,0.85,0.85,713.2,0.815,0.815,0.815,
06/30/2005,9360,,,-7074.0,,,2286.0,,-1265.0,,,,1021.0,54.0,65.0,65.0,,,,-119.0,1075.0,-315.0,760.0,0.0,,,760.0,0.0,760,0.0,0.0,760,760.0,,678.3,1.12,1.12,1.12,705.1,1.08,1.08,1.08,
09/30/2005,8977,,,-6744.0,,,2233.0,,-1293.0,,,,940.0,30.0,68.0,68.0,,,,-98.0,970.0,-303.0,667.0,0.0,,,667.0,0.0,667,0.0,0.0,667,667.0,,678.8,0.98,0.98,0.98,710.7,0.94,0.94,0.94,
12/31/2005,9663,,,-7123.0,,,2540.0,,-1473.0,,,,1067.0,49.0,,62.0,,,,-111.0,1116.0,-270.0,846.0,0.0,,,846.0,0.0,846,0.0,0.0,846,846.0,,673.6,1.26,1.26,1.26,705.4,1.2,1.2,1.2,
03/31/2006,9392,,,-6784.0,,,2608.0,,-1390.0,821.0,,569.0,1218.0,-8.0,68.0,68.0,,0.0,,-77.0,1210.0,-370.0,840.0,0.0,,,840.0,0.0,840,0.0,0.0,840,840.0,,672.0,1.25,1.25,1.25,699.1,1.2,1.2,1.2,
06/30/2006,10605,,,-7672.0,,,2933.0,,-1454.0,881.0,,573.0,1479.0,16.0,66.0,66.0,,0.0,,-114.0,1495.0,-449.0,1046.0,0.0,,,1046.0,0.0,1046,0.0,0.0,1046,1046.0,,662.1,1.58,1.58,1.58,688.5,1.52,1.52,1.52,
09/30/2006,10517,,,-7876.0,,,2641.0,,-1563.0,988.0,,575.0,1078.0,25.0,,72.0,,0.0,,-122.0,1103.0,-334.0,769.0,0.0,,,769.0,0.0,769,0.0,0.0,769,769.0,52.0,653.2,1.18,1.18,1.26,677.2,1.14,1.14,1.22,
12/31/2006,11003,,,-8240.0,,,2763.0,,-1617.0,,,,1146.0,-12.0,,68.0,,0.0,,-56.0,1134.0,-252.0,882.0,0.0,,,882.0,0.0,882,0.0,0.0,882,882.0,,647.6,1.36,1.36,1.36,669.5,1.32,1.32,1.32,
03/31/2007,10016,,,-7407.0,,,2609.0,,-1469.0,890.0,,579.0,1140.0,51.0,,79.0,,0.0,,-149.0,1191.0,-375.0,816.0,0.0,,,816.0,0.0,816,0.0,0.0,816,816.0,,643.9,1.27,1.27,1.27,665.2,1.23,1.23,1.23,
06/30/2007,11356,,,-8579.0,,,2777.0,,-1564.0,968.0,,596.0,1213.0,-5.0,,80.0,,0.0,,-80.0,1208.0,-385.0,823.0,0.0,,,823.0,0.0,823,0.0,0.0,823,823.0,,640.5,1.28,1.28,1.28,662.8,1.24,1.24,1.24,
09/30/2007,11442,,,-8559.0,,,2883.0,,-1570.0,938.0,,632.0,1313.0,9.0,,69.0,,0.0,,-105.0,1322.0,-395.0,927.0,0.0,,,927.0,0.0,927,0.0,0.0,927,927.0,,638.3,1.45,1.45,1.45,660.0,1.4,1.4,1.4,
12/31/2007,12144,,,-9213.0,,,2931.0,,-1676.0,1025.0,,651.0,1255.0,50.0,,60.0,0.0,0.0,,-132.0,1305.0,-330.0,975.0,0.0,,,975.0,0.0,975,0.0,0.0,975,975.0,,630.4,1.55,1.55,1.55,650.8,1.5,1.5,1.5,
03/31/2008,11796,,,-8893.0,,,2903.0,,-1610.0,959.0,,651.0,1293.0,49.0,,74.0,,0.0,,-134.0,1342.0,-420.0,922.0,0.0,,,922.0,0.0,922,0.0,0.0,922,922.0,,617.5,1.49,1.49,1.49,637.9,1.45,1.45,1.45,
06/30/2008,13624,,,-10315.0,,,3309.0,,-1784.0,1074.0,,710.0,1525.0,15.0,,70.0,,0.0,,-95.0,1540.0,-434.0,1106.0,0.0,,,1106.0,0.0,1106,0.0,0.0,1106,1106.0,,614.3,1.8,1.8,1.8,635.5,1.74,1.74,1.74,
09/30/2008,12981,,,-9995.0,,,2986.0,0.0,-1813.0,1061.0,,752.0,1173.0,90.0,,59.0,,0.0,,-138.0,1263.0,-395.0,868.0,0.0,,,868.0,,868,0.0,0.0,868,868.0,,607.0,1.43,1.43,1.43,624.8,1.39,1.39,1.39,
12/31/2008,12923,,,-10365.0,,,2558.0,0.0,-2101.0,1305.0,,796.0,457.0,-97.0,71.0,71.0,0.0,0.0,5.0,26.0,360.0,296.0,661.0,0.0,,,661.0,,661,0.0,0.0,661,661.0,,602.1,1.1,1.1,1.1,610.6,1.08,1.08,1.08,
03/31/2009,9225,8510.0,715.0,-7306.0,7027.0,279.0,1919.0,0.0,-2094.0,882.0,388.0,824.0,-175.0,-37.0,,101.0,,,1.0,-64.0,-212.0,80.0,-131.0,0.0,0.0,0.0,-131.0,19.0,-112,0.0,0.0,-112,244.368,356.368,602.1,-0.19,-0.19,0.405859,602.1,-0.19,-0.19,0.401875,
06/30/2009,7975,7254.0,721.0,-6024.0,5752.0,272.0,1951.0,0.0,-1604.0,914.0,351.0,339.0,347.0,54.0,,109.0,,,-1.0,-163.0,401.0,-40.0,360.0,0.0,0.0,0.0,360.0,11.0,371,0.0,0.0,371,445.376,74.376,611.8,0.61,0.61,0.727976,619.8,0.6,0.6,0.72,
09/30/2009,7298,6583.0,715.0,-5511.0,5255.0,256.0,1787.0,0.0,-1510.0,907.0,327.0,276.0,277.0,-25.0,,91.0,,,1.0,-66.0,252.0,139.0,392.0,0.0,0.0,0.0,392.0,12.0,404,0.0,0.0,404,273.7,-130.3,622.4,0.65,0.65,0.439749,635.5,0.64,0.64,0.434965,
12/31/2009,7898,7193.0,705.0,-6090.0,5852.0,238.0,1808.0,0.0,-1680.0,942.0,355.0,383.0,128.0,0.0,,88.0,,,-13.0,-88.0,128.0,91.0,206.0,0.0,0.0,0.0,206.0,26.0,232,0.0,0.0,232,279.65,47.65,624.2,0.37,0.37,0.448013,641.7,0.36,0.36,0.434256,
03/31/2010,8238,7551.0,687.0,-6127.0,5894.0,233.0,2111.0,0.0,-1603.0,932.0,402.0,269.0,508.0,-39.0,,102.0,,,-2.0,-63.0,469.0,-231.0,236.0,0.0,0.0,0.0,236.0,-3.0,233,0.0,0.0,233,298.95,65.95,626.4,0.37,0.37,0.477251,643.5,0.36,0.36,0.462486,
06/30/2010,10409,9723.0,686.0,-7606.0,7372.0,234.0,2803.0,0.0,-1826.0,1059.0,450.0,317.0,977.0,-31.0,,81.0,,,-4.0,-50.0,946.0,-209.0,733.0,0.0,0.0,0.0,733.0,-26.0,707,0.0,0.0,707,735.6,28.6,629.8,1.12,1.12,1.16799,647.0,1.09,1.09,1.134204,
09/30/2010,11134,10452.0,682.0,-7979.0,7752.0,227.0,3155.0,0.0,-1968.0,1148.0,510.0,310.0,1187.0,-84.0,,85.0,,,-7.0,-1.0,1103.0,-295.0,801.0,0.0,0.0,0.0,801.0,-9.0,792,0.0,0.0,792,795.25,3.25,632.6,1.25,1.25,1.257113,651.6,1.22,1.22,1.224988,
12/31/2010,12807,12141.0,666.0,-9569.0,9349.0,220.0,3238.0,0.0,-1947.0,1109.0,543.0,295.0,1291.0,-59.0,,75.0,,,-11.0,-16.0,1232.0,-233.0,988.0,0.0,0.0,0.0,988.0,-20.0,968,0.0,0.0,968,996.6,28.6,637.0,1.52,1.52,1.564521,659.6,1.47,1.47,1.51336,
03/31/2011,12949,12277.0,672.0,-9260.0,9057.0,203.0,3689.0,0.0,-1856.0,1099.0,525.0,232.0,1833.0,-70.0,,87.0,,,-8.0,-17.0,1763.0,-512.0,1243.0,0.0,0.0,0.0,1243.0,-18.0,1225,0.0,0.0,1225,1206.15,-18.85,641.4,1.91,1.91,1.880496,664.9,1.84,1.84,1.81165,
06/30/2011,14230,13535.0,695.0,-10512.0,10303.0,209.0,3718.0,0.0,-2117.0,1257.0,584.0,276.0,1601.0,-251.0,,90.0,,,-10.0,161.0,1350.0,-318.0,1022.0,0.0,0.0,0.0,1022.0,-7.0,1015,0.0,0.0,1015,1221.05,206.05,645.5,1.57,1.57,1.891634,667.2,1.52,1.52,1.828828,
09/30/2011,15716,15023.0,693.0,-11666.0,11455.0,211.0,4050.0,0.0,-2291.0,1360.0,584.0,347.0,1759.0,-125.0,,112.0,,,-6.0,13.0,1634.0,-474.0,1154.0,0.0,0.0,0.0,1154.0,-13.0,1141,0.0,0.0,1141,1245.0,104.0,646.6,1.76,1.76,1.925456,666.0,1.71,1.71,1.866156,
12/31/2011,17243,16557.0,686.0,-12966.0,12763.0,203.0,4277.0,0.0,-2317.0,1487.0,604.0,226.0,1960.0,18.0,,107.0,,,,-125.0,1978.0,-416.0,1562.0,0.0,0.0,0.0,1562.0,-15.0,1547,0.0,0.0,1547,1752.4,205.4,647.1,2.39,2.39,2.708082,665.9,2.32,2.32,2.628455,
03/31/2012,15981,15288.0,693.0,-11441.0,11237.0,204.0,4540.0,0.0,-2217.0,1340.0,587.0,290.0,2323.0,-25.0,,113.0,,,2.0,-88.0,2298.0,-689.0,1611.0,0.0,0.0,0.0,1611.0,-25.0,1586,0.0,0.0,1586,1576.25,-9.75,650.0,2.44,2.44,2.425,670.2,2.37,2.37,2.355452,
06/30/2012,17374,16684.0,690.0,-12478.0,12280.0,198.0,4896.0,0.0,-2280.0,1517.0,632.0,131.0,2616.0,-40.0,,110.0,,,5.0,-70.0,2576.0,-872.0,1709.0,0.0,0.0,0.0,1709.0,-10.0,1699,0.0,0.0,1699,1695.45,-3.55,652.9,2.6,2.6,2.596799,669.6,2.54,2.54,2.534698,
09/30/2012,16445,15739.0,706.0,-11836.0,11639.0,197.0,4609.0,92.0,-2105.0,1471.0,634.0,0.0,2596.0,-146.0,,129.0,,,5.0,17.0,2450.0,-753.0,1702.0,0.0,0.0,0.0,1702.0,-3.0,1699,0.0,0.0,1699,1564.9,-134.1,653.6,2.6,2.6,2.394278,668.7,2.54,2.54,2.339462,
12/31/2012,16075,15357.0,718.0,-12097.0,11899.0,198.0,3978.0,0.0,-2940.0,1591.0,613.0,736.0,1038.0,-126.0,,115.0,,,2.0,11.0,912.0,-214.0,700.0,0.0,0.0,0.0,700.0,-3.0,697,0.0,0.0,697,923.05,226.05,654.4,1.07,1.07,1.410529,669.3,1.04,1.04,1.377741,
03/31/2013,13210,12484.0,726.0,-9828.0,9639.0,189.0,3382.0,0.0,-2164.0,1390.0,562.0,212.0,1218.0,-91.0,,120.0,,,1.0,-29.0,1127.0,-246.0,882.0,0.0,0.0,0.0,882.0,-2.0,880,0.0,0.0,880,925.95,45.95,656.2,1.34,1.34,1.411079,671.6,1.31,1.31,1.378419,
06/30/2013,14621,13886.0,735.0,-10958.0,10773.0,185.0,3663.0,0.0,-2106.0,1421.0,548.0,137.0,1557.0,-204.0,,120.0,,,-1.0,84.0,1353.0,-387.0,965.0,0.0,0.0,0.0,965.0,-5.0,960,0.0,0.0,960,893.05,-66.95,649.9,1.48,1.48,1.374134,662.7,1.45,1.45,1.348974,
09/30/2013,13423,12678.0,745.0,-9952.0,9774.0,178.0,3471.0,0.0,-2070.0,1319.0,469.0,282.0,1401.0,-140.0,,116.0,,,-1.0,24.0,1261.0,-310.0,950.0,0.0,0.0,0.0,950.0,-4.0,946,0.0,0.0,946,952.5,6.5,639.3,1.48,1.48,1.489911,651.9,1.45,1.45,1.459971,
12/31/2013,14402,13646.0,756.0,-10716.0,10541.0,175.0,3686.0,0.0,-2234.0,1417.0,467.0,350.0,1452.0,-65.0,,109.0,,,-5.0,-44.0,1387.0,-376.0,1006.0,0.0,0.0,0.0,1006.0,-3.0,1003,0.0,0.0,1003,923.6,-79.4,637.0,1.57,1.57,1.449922,649.6,1.54,1.54,1.417771,
03/31/2014,13241,12493.0,748.0,-9597.0,9437.0,160.0,3644.0,0.0,-2246.0,1292.0,508.0,446.0,1398.0,-56.0,,110.0,,,1.0,-54.0,1342.0,-418.0,925.0,0.0,0.0,0.0,925.0,-3.0,922,0.0,0.0,922,1024.85,102.85,626.7,1.47,1.47,1.635312,639.3,1.44,1.44,1.600879,
06/30/2014,14150,13391.0,759.0,-10350.0,10197.0,153.0,3800.0,0.0,-2325.0,1437.0,516.0,372.0,1475.0,-55.0,,120.0,,,1.0,-65.0,1420.0,-419.0,1002.0,0.0,0.0,0.0,1002.0,-3.0,999,0.0,0.0,999,1099.05,100.05,626.3,1.6,1.6,1.75483,638.3,1.57,1.57,1.726744,
09/30/2014,13549,12758.0,791.0,-9791.0,9634.0,157.0,3758.0,0.0,-2366.0,1446.0,533.0,387.0,1392.0,-11.0,,128.0,,,4.0,-117.0,1381.0,-364.0,1021.0,0.0,0.0,0.0,1021.0,-4.0,1017,0.0,0.0,1017,1069.0,52.0,611.5,1.66,1.66,1.74816,622.8,1.63,1.63,1.713494,
12/31/2014,14244,13500.0,744.0,-10653.0,10499.0,154.0,3591.0,0.0,-2528.0,1522.0,578.0,428.0,1063.0,-123.0,,126.0,,0.0,2.0,-3.0,940.0,-179.0,763.0,0.0,0.0,0.0,763.0,-6.0,757,0.0,0.0,757,822.47,65.47,605.8,1.25,1.25,1.357659,616.0,1.23,1.23,1.336282,
03/31/2015,12702,11961.0,741.0,-8910.0,8760.0,150.0,3792.0,0.0,-2090.0,1249.0,524.0,317.0,1702.0,65.0,,129.0,,,2.0,-194.0,1767.0,-521.0,1248.0,0.0,0.0,0.0,1248.0,-3.0,1245,0.0,0.0,1245,1183.73,-61.27,604.9,2.06,2.06,1.956902,612.7,2.03,2.03,1.93,
06/30/2015,12317,11583.0,734.0,-8822.0,8674.0,148.0,3495.0,0.0,-2162.0,1318.0,510.0,334.0,1333.0,-197.0,,125.0,,,2.0,72.0,1136.0,-335.0,803.0,0.0,0.0,0.0,803.0,-1.0,802,0.0,0.0,802,856.963,54.963,603.2,1.33,1.33,1.420695,610.7,1.31,1.31,1.4,
09/30/2015,10962,10285.0,677.0,-8014.0,7872.0,142.0,2948.0,0.0,-2023.0,1129.0,513.0,381.0,925.0,-142.0,,127.0,,,-3.0,15.0,783.0,-218.0,562.0,0.0,0.0,0.0,562.0,-3.0,559,0.0,0.0,559,623.856,64.856,584.7,0.95,0.95,1.066968,589.6,0.94,0.94,1.05,
12/31/2015,11030,10318.0,712.0,-8387.0,8240.0,147.0,2643.0,0.0,-2818.0,1255.0,572.0,991.0,-175.0,-72.0,,126.0,,,-1.0,-54.0,-247.0,158.0,-90.0,0.0,0.0,0.0,-90.0,-4.0,-94,0.0,0.0,-94,482.477,576.477,582.3,-0.16,-0.16,0.828571,582.3,-0.16,-0.16,0.828571,
03/31/2016,9461,8780.0,681.0,-6974.0,6822.0,152.0,2487.0,0.0,-1993.0,1088.0,508.0,397.0,494.0,-129.0,,129.0,,0.0,-1.0,0.0,365.0,-92.0,272.0,0.0,0.0,0.0,272.0,-1.0,271,0.0,0.0,271,394.417,123.417,582.8,0.46,0.46,0.676762,587.7,0.46,0.46,0.67,
06/30/2016,10342,9645.0,697.0,-7567.0,7419.0,148.0,2775.0,0.0,-1990.0,1123.0,468.0,399.0,785.0,-46.0,,130.0,,0.0,-2.0,-84.0,739.0,-184.0,553.0,0.0,0.0,0.0,553.0,-3.0,550,0.0,0.0,550,644.176,94.176,584.1,0.94,0.94,1.102852,588.6,0.93,0.93,1.09,
09/30/2016,9160,8463.0,697.0,-6674.0,6527.0,147.0,2486.0,0.0,-2005.0,992.0,453.0,560.0,481.0,-98.0,,126.0,,0.0,-4.0,-28.0,383.0,-96.0,283.0,0.0,0.0,0.0,283.0,0.0,283,0.0,0.0,283,501.152,218.152,584.7,0.48,0.48,0.85711,589.6,0.48,0.48,0.85,
12/31/2016,9574,8885.0,689.0,-7425.0,7276.0,149.0,2149.0,0.0,-2747.0,1180.0,424.0,1143.0,-598.0,-750.0,,120.0,,,1.0,630.0,-1348.0,180.0,-1167.0,0.0,0.0,0.0,-1167.0,-4.0,-1171,0.0,0.0,-1171,406.75,1577.75,585.8,-1.998976,-1.998976,0.69435,585.8,-1.998976,-1.998976,0.69435,
03/31/2017,9822,9130.0,692.0,-6960.0,6801.0,159.0,2862.0,0.0,-2482.0,1061.0,425.0,996.0,380.0,-91.0,101.0,123.0,-22.0,48.0,-5.0,-58.0,289.0,-90.0,194.0,0.0,0.0,0.0,194.0,-2.0,192,0.0,0.0,192,761.472,569.472,587.5,0.33,0.33,1.296123,593.2,0.32,0.32,1.28,
06/30/2017,11331,10639.0,692.0,-7978.0,7816.0,162.0,3353.0,0.0,-2169.0,1304.0,458.0,407.0,1184.0,-25.0,89.0,121.0,-32.0,112.0,5.0,-176.0,1159.0,-361.0,803.0,0.0,0.0,0.0,803.0,-1.0,802,0.0,0.0,802,902.542,100.542,590.2,1.36,1.36,1.529214,595.4,1.35,1.35,1.518865,
09/30/2017,11413,10713.0,700.0,-7841.0,7678.0,163.0,3572.0,0.0,-2063.0,1254.0,461.0,348.0,1509.0,14.0,86.0,118.0,-32.0,29.0,8.0,-129.0,1523.0,-470.0,1061.0,0.0,0.0,0.0,1061.0,-2.0,1059,0.0,0.0,1059,1167.018,108.018,592.9,1.79,1.79,1.968322,600.1,1.77,1.77,1.95,
12/31/2017,12896,12194.0,702.0,-9127.0,8965.0,162.0,3769.0,0.0,-2382.0,1380.0,498.0,504.0,1387.0,-276.0,133.0,169.0,-36.0,24.0,8.0,119.0,1111.0,-2418.0,-1299.0,0.0,0.0,0.0,-1299.0,0.0,-1299,0.0,0.0,-1299,1265.52,2564.52,596.4,-2.18,-2.18,2.121932,596.4,-2.18,-2.18,2.12,
03/31/2018,12859,12150.0,709.0,-8732.0,8566.0,166.0,4127.0,0.0,-2019.0,1276.0,443.0,300.0,2108.0,26.0,65.0,101.0,-36.0,19.0,5.0,-110.0,2134.0,-472.0,1667.0,0.0,0.0,0.0,1667.0,-2.0,1665,0.0,0.0,1665,1713.64,48.64,598.0,2.78,2.78,2.865619,608.0,2.74,2.74,2.82,
06/30/2018,14011,13279.0,732.0,-9604.0,9422.0,182.0,4407.0,0.0,-2240.0,1440.0,462.0,338.0,2167.0,19.0,57.0,102.0,-45.0,60.0,9.0,-136.0,2186.0,-490.0,1705.0,0.0,0.0,0.0,1705.0,2.0,1707,0.0,0.0,1707,1797.63,90.63,596.2,2.86,2.86,3.015146,604.2,2.82,2.82,2.97,
09/30/2018,13510,12763.0,747.0,-9207.0,9022.0,185.0,4303.0,0.0,-2168.0,1299.0,479.0,390.0,2135.0,0.0,43.0,102.0,-59.0,81.0,7.0,-124.0,2135.0,-415.0,1727.0,0.0,0.0,0.0,1727.0,0.0,1727,0.0,0.0,1727,1810.916,83.916,592.1,2.92,2.92,3.058463,599.4,2.88,2.88,3.02,
12/31/2018,14342,13630.0,712.0,-10176.0,9987.0,189.0,4166.0,0.0,-2283.0,1463.0,466.0,354.0,1883.0,-516.0,43.0,99.0,-56.0,41.0,3.0,432.0,1367.0,-321.0,1049.0,0.0,0.0,0.0,1049.0,-1.0,1048,0.0,0.0,1048,1500.452,452.452,581.4,1.8,1.8,2.580757,587.6,1.78,1.78,2.55,
03/31/2019,13466,12724.0,742.0,-9193.0,9003.0,190.0,4273.0,0.0,-2066.0,1319.0,435.0,312.0,2207.0,57.0,51.0,103.0,-52.0,-18.0,7.0,-90.0,2264.0,-387.0,1884.0,0.0,0.0,0.0,1884.0,-3.0,1881,0.0,0.0,1881,1740.92,-140.08,572.4,3.29,3.29,3.04144,578.8,3.25,3.25,3.007982,
06/30/2019,14432,13671.0,761.0,-10133.0,9941.0,192.0,4299.0,0.0,-2086.0,1309.0,441.0,336.0,2213.0,-35.0,49.0,103.0,-54.0,47.0,6.0,-61.0,2178.0,-565.0,1619.0,0.0,0.0,0.0,1619.0,1.0,1620,0.0,0.0,1620,1706.9,86.9,567.8,2.85,2.85,3.006164,573.1,2.83,2.83,2.981631,
09/30/2019,12758,11974.0,784.0,-8758.0,8569.0,189.0,4000.0,0.0,-1980.0,1251.0,431.0,298.0,2020.0,-15.0,53.0,103.0,-50.0,5.0,7.0,-43.0,2005.0,-518.0,1494.0,0.0,0.0,0.0,1494.0,0.0,1494,0.0,0.0,1494,1518.49,24.49,556.3,2.69,2.69,2.729624,561.2,2.66,2.66,2.703639,
12/31/2019,13144,12386.0,758.0,-9300.0,9117.0,183.0,3844.0,0.0,-1994.0,1283.0,386.0,325.0,1850.0,-485.0,66.0,112.0,-46.0,33.0,8.0,386.0,1365.0,-276.0,1097.0,0.0,0.0,0.0,1097.0,1.0,1098,0.0,0.0,1098,1497.815,399.815,550.3,2.0,2.0,2.721815,556.1,1.97,1.97,2.688962,
03/31/2020,10635,9914.0,721.0,-7441.0,7266.0,175.0,3194.0,0.0,-1790.0,1121.0,356.0,313.0,1404.0,109.0,70.0,113.0,-43.0,75.0,5.0,-254.0,1513.0,-425.0,1093.0,0.0,0.0,0.0,1093.0,-1.0,1092,0.0,0.0,1092,920.57,-171.43,546.8,2.0,2.0,1.683559,551.1,1.98,1.98,1.668931,
06/30/2020,9997,9310.0,687.0,-7262.0,7113.0,149.0,2735.0,0.0,-1951.0,1179.0,341.0,431.0,784.0,-106.0,108.0,135.0,-27.0,-4.0,8.0,2.0,678.0,-227.0,459.0,0.0,0.0,0.0,459.0,-1.0,458,0.0,0.0,458,656.585,198.585,541.5,0.84,0.84,1.21253,544.5,0.84,0.84,1.204711,
