Date,Revenue,Net Premiums Earned,Net Premiums Earned (NL),Net Premiums Earned (L),Other Premiums Earned (NL & L),Investment Income,Other Operating Income,Policy Charges & Fees,Other Income,Claims & Losses,Claims & Losses (NL),Claims & Losses (L),LT Charges (L),Oth Claims & Losses (NL & L),Underwriting Expense & Acq Cost,Underwriting & Acq Cost (NL),Underwriting Cost (NL),Amort Def Acq Cost (NL),Other Cost (NL),Underwriting & Acq Cost (L),Underwriting Cost (L),Other Cost (L),Other Cost (NL & L),Other Operating Expense,Operating Income (Loss),(Income) Loss from Affiliates,Interest Expense,Other Non-Op (Income) Loss,"Pretax Income (Loss), GAAP",Income Tax Expense (Benefit),Tax Allowance/Credit,Income (Loss) from Cont Ops,Net Extraordinary Losses (Gains),Discontinued Operations,XO & Accounting Changes,Income (Loss) Incl. MI,Minority Interest,"Net Income, GAAP",Preferred Dividends,Other Adjustments,"Net Income Avail to Common, GAAP","Net Income Avail to Common, Adj",Net Abnormal Losses (Gains),Basic Weighted Avg Shares,"Basic EPS, GAAP",Basic EPS from Cont Ops,"Basic EPS from Cont Ops, Adjusted",Diluted Weighted Avg Shares,"Diluted EPS, GAAP",Diluted EPS from Cont Ops,"Diluted EPS from Cont Ops, Adjusted",Source: Bloomberg
12/31/1992,115.235001,,,,,,,,,,,,,,,,,,,,,,,,,,,,,,,,,,,,,38.966999,,,38.966999,38.966999,,,0.356667,0.356667,,,0.356667,0.356667,0.356667,
03/31/1993,141.623993,,,,,,,,,,,,,,,,,,,,,,,,0.0,,,,,,,0.0,,,,,,64.295998,,,64.295998,64.295998,,113.026113,0.57,0.57,,113.026113,0.57,0.57,0.57,
06/30/1993,136.130997,,,,,,,,,,,,,,,,,,,,,,,,0.0,,,,,,,0.0,,,,,,57.950001,,,57.950001,57.950001,,149.48121,0.386667,0.386667,,149.48121,0.386667,0.386667,0.386667,
09/30/1993,144.937012,,,,,,,,,,,,,,,,,,,,,,,,144.937012,,,,,,,144.937012,,,,,,62.334,0.0,,62.334,62.334,,149.6016,0.416667,0.416667,0.416667,149.6016,0.416667,0.416667,0.416667,
12/31/1993,188.410995,92.902,,,,95.509001,0.0,,,-76.146004,76.146004,0.0,0.0,,-15.152,,,,,,,,,,97.112999,,0.0,0.0,97.112999,0.0,,97.112999,0.0,,,97.112999,0.0,97.112999,0.0,,97.112999,97.112999,,149.161503,0.65,0.65,,149.161503,0.65,0.65,0.65,
03/31/1994,111.847,95.302002,,,,16.545002,0.0,,,-78.112,78.112,0.0,0.0,,-15.931,,,,,,,,,,17.804001,,0.0,0.0,17.804001,0.0,,17.804001,0.0,,,17.804001,0.0,17.804001,0.0,,17.804001,17.804001,,144.705002,0.123333,0.123333,,144.705002,0.123333,0.123333,0.123333,
06/30/1994,90.737,98.510002,,,,-7.772999,0.0,,,-280.846008,280.846008,0.0,0.0,,-15.164,,,,,,,,,,-205.272995,,0.0,0.0,-205.272995,0.0,,-205.272995,0.0,,,-205.272995,0.0,-205.272995,0.0,,-205.272995,-205.272995,,142.355999,-1.443333,-1.443333,,142.355999,-1.443333,-1.443333,-1.443333,
09/30/1994,146.516006,104.403,,,,42.112999,0.0,,,-85.452003,85.452003,0.0,0.0,,-16.386,,,,,,,,,,44.678001,,0.0,0.0,44.678001,0.0,,44.678001,0.0,,,44.678001,0.0,44.678001,0.0,,44.678001,44.678001,,142.308003,0.313333,0.313333,0.313333,142.308003,0.313333,0.313333,0.313333,
12/31/1994,102.639999,104.077003,,,,-1.437,0.0,,,-85.233002,85.233002,0.0,0.0,,-16.037001,,,,,,,,,,1.37,,0.0,0.0,1.37,0.0,,1.37,0.0,,,1.37,0.0,1.37,0.0,,1.37,1.37,,142.209,0.01,0.01,,142.209,0.01,0.01,0.01,
03/31/1995,156.589005,106.556,,,,50.032999,0.0,,,-87.139999,87.139999,0.0,0.0,,-17.523001,,,,,,,,,,51.925999,,0.0,0.0,51.925999,0.0,,51.925999,0.0,,,51.925999,0.0,51.925999,0.0,,51.925999,51.925999,,141.731998,0.366667,0.366667,,141.731998,0.366667,0.366667,0.366667,
06/30/1995,203.880005,107.474998,,,,96.404999,0.0,,,-87.894997,87.894997,0.0,0.0,,-18.559999,,,,,,,,,,97.425003,,0.0,0.0,97.425003,0.0,,97.425003,0.0,,,97.425003,0.0,97.425003,0.0,,97.425003,97.425003,,140.609997,0.693333,0.693333,,140.609997,0.693333,0.693333,0.693333,
09/30/1995,197.692001,110.553001,,,,87.139,0.0,,,-90.385002,90.385002,0.0,0.0,,-20.462,,,,,,,,,,86.845001,,0.0,0.0,86.845001,0.0,,86.845001,0.0,,,86.845001,0.0,86.845001,0.0,,86.845001,86.845001,,139.004997,0.623333,0.623333,0.623333,139.004997,0.623333,0.623333,0.623333,
12/31/1995,207.712006,115.984001,,,,91.728001,0.0,,,-92.924004,92.924004,0.0,0.0,,-21.252001,,,,,,,,,,93.536003,,0.0,0.0,93.536003,0.0,,93.536003,0.0,,,93.536003,0.0,93.536003,0.0,,93.536003,93.536003,,138.980999,0.673333,0.673333,0.35,138.980999,0.673333,0.673333,0.35,
03/31/1996,199.966003,146.393005,,,,53.573,0.0,,,-121.075996,121.075996,0.0,0.0,,-22.087,,,,,,,,,,56.803001,,0.0,0.0,56.803001,0.0,,56.803001,0.0,,,56.803001,0.0,56.803001,0.0,,56.803001,56.803001,,139.376999,0.406667,0.406667,0.37,139.376999,0.406667,0.406667,0.37,
06/30/1996,194.904999,145.897003,,,,49.007999,0.0,,,-120.438004,120.438004,0.0,0.0,,-21.990999,,,,,,,,,,52.476002,,0.0,0.0,52.476002,0.0,,52.476002,0.0,,,52.476002,0.0,52.476002,0.0,,52.476002,52.476002,,139.437,0.376667,0.376667,0.386667,139.437,0.376667,0.376667,0.386667,
09/30/1996,246.414993,178.970993,,,,67.444,0.0,,,-130.386002,130.386002,0.0,0.0,,-29.111,,,,,,,,,,86.917999,,0.0,0.0,86.917999,0.0,,86.917999,0.0,,,86.917999,0.0,86.917999,0.0,,86.917999,86.917999,,178.130997,0.486667,0.486667,0.45,178.130997,0.486667,0.486667,0.45,
12/31/1996,265.860992,164.399994,,,,101.460999,0.0,,,-110.150002,110.150002,0.0,0.0,,-29.969999,,,,,,,,,,125.740997,,0.0,0.0,125.740997,0.0,,125.740997,0.0,,,125.740997,0.0,125.740997,0.0,,125.740997,125.740997,,174.419998,0.72,0.72,0.483333,176.658005,0.713333,0.713333,0.476667,
03/31/1997,214.395996,158.641006,,,,55.755002,0.0,,,-105.290001,105.290001,0.0,0.0,,-31.157,,,,,,,,,,77.948997,,0.0,0.0,77.948997,0.0,,77.948997,0.0,,,77.948997,0.0,77.948997,0.0,,77.948997,77.948997,,171.969006,0.446667,0.446667,0.46,174.335999,0.446667,0.446667,0.46,
06/30/1997,268.936005,163.604996,,,,105.330997,0.0,,,-111.379997,111.379997,0.0,0.0,,-27.518,,,,,,,,,,130.037994,,0.0,0.0,130.037994,0.0,,130.037994,0.0,,,130.037994,0.0,130.037994,0.0,,130.037994,130.037994,,167.084999,0.766667,0.766667,0.496667,169.560001,0.77,0.77,0.5,
09/30/1997,261.450012,158.192001,,,,103.257999,0.0,,,-109.121002,109.121002,0.0,0.0,,-24.702999,,,,,,,,,,127.625999,,0.0,0.0,127.625999,0.0,,127.625999,0.0,,,127.625999,0.0,127.625999,0.0,,127.625999,127.625999,,169.445994,0.753333,0.753333,0.5,169.445994,0.753333,0.753333,0.5,
12/31/1997,253.725998,167.820999,,,,85.904999,0.0,,,-109.161003,109.161003,0.0,0.0,,-27.891001,,,,,,,,,,116.674004,,-3.858,0.0,112.816004,0.0,,112.816002,0.0,,,112.816004,0.0,112.816002,0.0,,112.816002,112.816002,,164.651997,0.686667,0.686667,0.52,168.681004,0.67,0.67,0.506667,
03/31/1998,445.373993,221.475006,,,,223.898994,0.0,,,-129.779999,129.779999,0.0,0.0,,-51.097,,,,,,,,,,262.52301,,-5.192,0.0,257.33101,-9.43,,247.901001,0.0,,,247.90101,0.0,247.901001,0.0,,247.901001,247.901001,,177.188004,1.4,1.4,0.59,181.313004,1.37,1.37,0.56,
06/30/1998,370.068,213.126,213.126,,0.0,156.942,,,,-134.305,134.305,,,,-50.491,,,,,,,,,,181.449,,-4.971,0.0,176.478,-5.015,,171.463,,,,171.463,,171.463,,0.0,171.463,171.463,,176.425058,0.97,0.97,0.97,181.00515,0.95,0.95,0.95,
09/30/1998,256.264008,221.147995,,,,35.116001,0.0,,,-118.624001,118.624001,0.0,0.0,,-109.847,,,,,,,,,,23.457001,,-12.881,0.0,10.576001,2.936,,13.512,0.0,,,13.512001,0.0,13.512,0.0,,13.512,13.512,,193.539993,0.07,0.07,0.56,197.770996,0.07,0.07,0.55,
03/31/1999,389.005,285.267,,,,103.738,,,,-156.881,156.881,,,,-89.003,,,,,,,,,,138.701,,-4.53,,134.171,-5.152,,129.019,0.0,,,129.019,0.0,129.019,0.0,,129.019,129.019,,193.75805,0.67,0.67,0.58,197.180787,0.65,0.65,0.57,
06/30/1999,410.372,300.271,,,,110.101,0.0,,,-255.471,255.471,0.0,0.0,,-72.62,,,,,,,,,,77.767,,-4.147,0.0,73.62,-4.498,,69.122,0.0,,,69.122,0.0,69.122,0.0,,69.122,69.122,,193.784573,0.36,0.36,0.23,197.175514,0.35,0.35,0.22,
09/30/1999,1057.518,952.951,,,,104.566,0.0,,,-632.91,632.91,0.0,0.0,,-339.013,,,,,,,,,,65.189,,-44.068,0.0,21.121,-6.328,,14.793,0.0,,,14.793,0.0,14.793,0.0,,14.793,14.793,,194.061,0.08,0.08,0.37,196.073,0.08,0.08,0.37,
12/31/1999,1160.095,947.248,,,,212.847,0.0,,,-594.281,594.281,0.0,0.0,,-332.676,,,,,,,,,,217.128,,-52.393,0.0,164.735,-12.706,,152.029,0.0,,,152.029,0.0,152.029,0.0,,152.029,152.029,,194.128,0.78,0.78,0.52,195.901,0.78,0.78,0.52,
03/31/2000,1344.481,1104.806,,,,239.675,0.0,,,-715.483,715.483,0.0,0.0,,-344.65,,,,,,,,,,264.702,,-57.189,0.0,207.513,-33.0,,174.513,0.0,,,174.513,0.0,174.513,0.0,0.0,174.513,174.513,,216.882344,0.8,0.8,0.58,218.986271,0.8,0.8,0.58,
06/30/2000,1318.821,1167.836,,,,150.985,0.0,,,-768.111,768.111,0.0,0.0,,-346.592,,,,,,,,,,184.794,,-53.947,0.0,130.847,-16.919,,113.928,0.0,,,113.928,0.0,113.928,-5.325,,108.603,108.603,,217.257524,0.5,0.5,0.62,221.946201,0.49,0.49,0.61,
09/30/2000,1359.569,1174.782,,,,184.787,0.0,,,-772.887,772.887,0.0,0.0,,-346.17,,,,,,,,,,220.593,,-55.408,0.0,165.185,-24.432,,140.753,0.0,,,140.753,0.0,140.753,-6.534,0.0,134.219,134.219,,222.042,0.6,0.6,0.65,231.386,0.58,0.58,0.62,
12/31/2000,1243.786,1087.339,,,,156.447,0.0,,,-679.584,679.584,0.0,0.0,,-356.02,,,,,,,,,,188.251,,-54.906,0.0,133.345,-19.557,,113.788,0.0,,,113.788,0.0,113.788,-6.532,0.0,107.256,107.256,,232.167,0.46,0.46,0.68,243.796,0.44,0.44,0.65,
03/31/2001,1554.171,1369.116,1368.176,0.94,0.0,185.055,,,,-951.946,951.293,0.653,,,-359.983,,,,,,,,,,222.362,,-54.324,0.0,168.038,-26.974,,141.064,22.67,,,118.394,0.0,118.394,-6.348,0.0,112.046,112.046,,232.47331,0.48,0.58,0.58,243.066966,0.46,0.55,0.55,
06/30/2001,1598.106,1385.187,,,,211.831,1.088,,,-982.993,954.841,28.152,,,-395.834,,,,,,,,,,199.407,,-49.64,,149.767,-18.25,,131.517,,,,131.517,,131.517,-6.415,,125.102,125.102,,231.176,0.54,0.54,0.47,241.128,0.52,0.52,0.45,
09/30/2001,1531.637,1399.429,1367.253,32.176,0.0,134.066,-1.858,,,-1571.333,1541.627,29.706,,,-410.197,,,,,,,,,,-469.805,,-49.13,,-518.935,76.345,,-442.59,,,,-442.59,,-442.59,-6.416,0.0,-449.006,-449.006,,230.610425,-1.95,-1.95,-1.95,230.610425,-1.95,-1.95,-1.95,
12/31/2001,1959.628,1763.445,,,,196.558,1.222,,,-1447.413,1104.695,342.718,0.0,,-449.105,,,,,,,,,,44.8,,-46.088,0.0,-1.288,47.553,,46.265,0.0,,,46.265,0.0,46.265,-6.415,0.0,39.85,39.85,,246.68,0.16,0.16,0.16,258.69,0.15,0.15,0.15,
03/31/2002,1538.862,1359.809,1331.397,28.412,0.0,174.254,4.799,,,-876.141,853.145,22.996,,,-394.998,,,,,,,,,,267.723,,-46.002,,221.721,-23.916,,197.805,,,,197.805,,197.805,-6.415,0.0,191.39,191.39,,258.586011,0.74,0.74,0.74,271.527253,0.7,0.7,0.7,
06/30/2002,1624.722,1575.707,,,,61.083,-12.068,,,-984.26,960.949,23.311,,,-463.934,,,,,,,,,,176.528,,-51.952,,124.576,-20.676,,103.9,,,,103.9,,103.9,-6.415,,97.485,97.485,,259.864,0.37,0.37,0.86,271.181,0.36,0.36,0.85,
09/30/2002,1876.005,1925.579,1868.731,56.848,0.0,-35.542,-14.032,,,-1387.489,1327.792,59.697,,,-503.681,,,,,,,,,,-15.165,,-48.679,,-63.844,7.334,,-56.51,,,,-56.51,0.0,-56.51,-6.416,0.0,-62.926,-62.926,,260.265,-0.24,-0.24,-0.24,260.265,-0.24,-0.24,-0.24,
12/31/2002,2083.415,1969.409,,,,113.257,0.749,,,-1816.738,1764.624,52.114,0.0,,-541.408,,,,,,,,,,-274.731,,-46.861,0.0,-321.592,152.946,,-168.646,0.0,,,-168.646,0.0,-168.646,-6.416,0.0,-175.062,-175.062,,263.428989,-0.67,-0.67,-0.67,276.506747,-0.67,-0.67,-0.67,
03/31/2003,2237.855,2071.532,2023.971,47.561,0.0,166.323,,,,-1331.332,1282.833,48.499,,,-555.566,,,,,,,,,,344.803,,-44.929,,299.874,-52.43,,247.444,,,,247.444,,247.444,-12.83,0.0,234.614,234.614,,260.986223,0.92,0.92,0.92,268.040665,0.9,0.9,0.9,
06/30/2003,2625.826,2306.592,2264.303,42.289,0.0,318.508,0.726,,,-1502.938,1459.379,43.559,,,-620.57,,,,,,,,,,502.318,,-43.681,,458.637,-88.169,,370.468,,,,370.468,,370.468,-7.044,0.0,363.424,363.424,,268.260244,1.35,1.35,1.35,275.232339,1.32,1.32,1.32,
09/30/2003,2669.77,2397.525,2351.1,46.425,0.0,272.245,,,,-1563.002,1518.478,44.524,,,-637.421,,,,,,,,,,466.259,,-44.348,,421.911,-66.946,,354.965,,,,354.965,,354.965,-11.214,0.0,343.751,343.751,,275.404544,1.25,1.25,1.25,281.890236,1.22,1.22,1.22,
12/31/2003,3165.535,2826.734,,,,357.545,0.0,,,-1901.209,1856.714,44.495,0.0,,-704.452,,,,,,,,,,559.874,,-44.467,0.0,515.407,-70.802,,444.605,0.0,,,444.605,0.0,444.605,-11.0,0.0,433.605,433.605,,282.648,1.56,1.56,1.14,282.648,1.53,1.53,1.12,
03/31/2004,2894.858,2599.677,2549.146,50.531,0.0,295.181,,,,-1584.321,1542.597,41.724,,,-679.819,,,,,,,,,,0.0,,-44.272,0.0,-44.272,-122.541,,0.0,,,,-166.813,,446.825,0.0,0.0,446.825,446.825,-37.22,278.937204,1.56,1.56,1.43,284.289568,1.53,1.53,1.4,
06/30/2004,3068.0,2782.0,2728.0,54.0,0.0,285.0,1.0,,,-1770.0,1726.0,44.0,0.0,,-700.0,,,,,,,,,,598.0,,-46.0,0.0,552.0,-129.0,,423.0,0.0,,,423.0,0.0,423.0,-11.0,0.0,412.0,412.0,,280.007156,1.47,1.47,1.42,285.371164,1.44,1.44,1.39,
09/30/2004,3087.0,2859.0,2799.0,60.0,0.0,214.0,14.0,,,-2269.0,2221.0,48.0,,,-699.0,,,,,,,,,,119.0,,-50.0,0.0,69.0,-65.0,,4.0,,,,4.0,,4.0,-11.0,0.0,-7.0,-7.0,,280.99376,-0.03,-0.03,0.09,280.99376,-0.03,-0.03,0.09,
12/31/2004,3293.0,2881.0,,,,412.0,0.0,,,-2255.0,2216.0,39.0,0.0,,-748.0,,,,,,,,,,289.0,,-43.0,0.0,246.0,32.0,,278.0,0.0,,,278.0,0.0,278.0,-12.0,,266.0,266.0,,281.308706,0.95,0.95,0.53,286.048064,0.93,0.93,0.52,
03/31/2005,3155.682,2875.887,2818.29,57.597,0.0,279.795,5.617,,,-1820.6,1785.763,34.837,0.0,,-744.151,,,,,,,,,,595.49,,-42.679,0.0,552.811,-119.783,,433.028,0.0,,,433.028,0.0,433.028,-11.336,0.0,421.692,421.692,2.504,283.17982,1.49,1.49,1.49,287.56537,1.46,1.46,1.46,
06/30/2005,3264.0,2921.0,2864.0,57.0,0.0,337.0,6.0,,,-1881.0,1844.0,37.0,0.0,,-745.0,,,,,,,,,,638.0,,-43.0,0.0,595.0,-128.0,,467.0,0.0,,,467.0,0.0,467.0,-11.0,0.0,456.0,456.0,,283.972257,1.61,1.61,1.53,288.451164,1.58,1.58,1.5,
09/30/2005,3519.0,3091.0,3034.0,57.0,0.0,403.0,25.0,,,-2839.0,2806.0,33.0,0.0,,-734.0,,,,,,,,,,-54.0,,-43.0,0.0,-97.0,-15.0,,-112.0,0.0,,,-112.0,0.0,-112.0,-11.0,0.0,-123.0,-123.0,,284.777017,-0.43,-0.43,-0.7,284.777017,-0.43,-0.43,-0.7,
12/31/2005,3196.0,2863.0,,,,329.0,4.0,,,-2159.0,2124.0,35.0,0.0,,-754.0,,,,,,,,,,283.0,,-46.0,0.0,237.0,0.0,,237.0,0.0,,,237.0,0.0,237.0,-12.0,0.0,225.0,225.0,,317.061215,0.71,0.71,0.74,323.357508,0.7,0.7,0.72,
03/31/2006,3196.0,2805.0,2744.0,61.0,0.0,376.0,15.0,,,-1708.0,1680.0,28.0,0.0,,-819.0,,,,,,,,,,662.0,,-43.0,0.0,619.0,-134.0,,485.0,-4.0,,,489.0,0.0,489.0,-11.0,,478.0,478.0,,321.090179,1.49,1.48,1.65,325.726952,1.46,1.45,1.63,
06/30/2006,3305.0,2906.0,2840.0,66.0,0.0,383.0,16.0,,,-1782.0,1748.0,34.0,0.0,,-768.0,,,,,,,,,,752.0,,-45.0,0.0,707.0,-134.0,,573.0,0.0,,,573.0,0.0,573.0,-11.0,0.0,562.0,562.0,,321.430985,1.75,1.75,1.77,326.130518,1.72,1.72,1.74,
09/30/2006,3403.0,3088.0,3019.0,69.0,0.0,301.0,14.0,,,-1847.0,1818.0,29.0,0.0,,-794.0,,,,,,,,,,754.0,,-46.0,0.0,708.0,-130.0,,578.0,0.0,,,578.0,0.0,578.0,-11.0,,567.0,567.0,,321.857427,1.76,1.76,1.99,326.70619,1.73,1.73,1.96,
12/31/2006,3492.0,3026.0,2948.0,78.0,0.0,443.0,23.0,,,-1856.0,1824.0,32.0,0.0,,-798.0,,,,,,,,,,831.0,,-42.0,0.0,789.0,-124.0,,665.0,0.0,,,665.0,0.0,665.0,-12.0,,653.0,653.0,,322.461336,2.03,2.03,1.96,328.366703,1.99,1.99,1.92,
03/31/2007,3562.0,3082.0,2994.0,88.0,0.0,467.0,13.0,,,-1896.0,1860.0,36.0,0.0,,-773.0,,,,,,,,,,876.0,,-46.0,0.0,830.0,-129.0,,701.0,0.0,,,701.0,0.0,701.0,-11.0,,690.0,690.0,,324.079146,2.13,2.13,2.01,328.898005,2.1,2.1,1.98,
06/30/2007,3482.0,3008.0,2921.0,87.0,0.0,460.0,14.0,,,-1826.0,1793.0,33.0,0.0,,-790.0,,,,,,,,,,856.0,,-42.0,0.0,814.0,-165.0,,649.0,0.0,,,649.0,0.0,649.0,-11.0,0.0,638.0,638.0,,324.541868,1.96,1.96,2.01,330.073211,1.93,1.93,1.98,
09/30/2007,3642.0,3150.0,3055.0,95.0,0.0,492.0,0.0,,,-1949.0,1910.0,39.0,0.0,,-821.0,,,,,,,,,,840.0,,-44.0,0.0,796.0,-140.0,,656.0,0.0,,,656.0,0.0,656.0,-11.0,,645.0,645.0,,325.201688,1.98,1.98,2.99,330.621041,1.95,1.95,2.96,
12/31/2007,3495.0,3057.0,2959.0,98.0,0.0,438.0,0.0,,,-1848.0,1788.0,60.0,0.0,,-842.0,,,,,,,,,,756.0,,-43.0,0.0,713.0,-141.0,,572.0,0.0,,,572.0,0.0,572.0,-12.0,,560.0,560.0,,325.6,1.72,1.72,2.09,331.3,1.69,1.69,2.05,
03/31/2008,3081.0,2940.0,2840.0,100.0,0.0,136.0,5.0,,,-1642.0,1579.0,63.0,0.0,,-843.0,,,,,,,,,,576.0,,-46.0,0.0,530.0,-153.0,,377.0,0.0,,,377.0,0.0,377.0,-11.0,0.0,366.0,366.0,,327.004051,1.12,1.12,2.19,331.035341,1.1,1.1,2.16,
06/30/2008,3959.0,3428.0,3061.0,367.0,0.0,406.0,125.0,,,-1984.0,1895.0,89.0,0.0,,-1030.0,,,,,,,,,,945.0,,-62.0,0.0,883.0,-137.0,,746.0,0.0,,,746.0,0.0,746.0,-13.0,,733.0,733.0,,328.62778,2.23,2.23,2.21,333.196995,2.2,2.2,2.18,
09/30/2008,3629.0,3609.0,3265.0,344.0,0.0,10.0,10.0,,,-2460.0,2369.0,91.0,0.0,,-1038.0,,,,,,,,,,115.0,,-68.0,0.0,47.0,7.0,,54.0,0.0,,,54.0,0.0,54.0,0.0,,54.0,54.0,,329.017376,0.16,0.16,1.53,333.047389,0.16,0.16,1.51,
03/31/2009,3575.0,3194.0,2859.0,335.0,0.0,381.0,0.0,0.0,0.0,-1915.0,1706.0,209.0,,0.0,-901.0,796.0,362.0,,434.0,105.0,58.0,47.0,0.0,-14.0,745.0,,-53.0,0.0,692.0,-125.0,,567.0,0.0,0.0,0.0,567.0,0.0,567.0,0.0,0.0,567.0,465.0,-102.0,335.474828,1.69,1.69,1.386095,336.115564,1.69,1.69,1.386095,
06/30/2009,3547.0,3266.0,2902.0,364.0,0.0,281.0,0.0,0.0,0.0,-1899.0,1689.0,210.0,,0.0,-977.0,858.0,390.0,,468.0,119.0,64.0,55.0,0.0,21.0,692.0,,-56.0,0.0,636.0,-101.0,,535.0,0.0,0.0,0.0,535.0,0.0,535.0,0.0,0.0,535.0,364.0,-171.0,336.898236,1.58,1.58,1.080445,337.508296,1.58,1.58,1.073346,
09/30/2009,3681.0,3393.0,3031.0,362.0,0.0,288.0,0.0,0.0,0.0,-1964.0,1764.0,200.0,,0.0,-1018.0,908.0,400.0,,508.0,110.0,51.0,59.0,0.0,-51.0,648.0,,-60.0,0.0,588.0,-94.0,,494.0,0.0,0.0,0.0,494.0,0.0,494.0,0.0,0.0,494.0,287.0,-207.0,337.190828,1.46,1.46,0.85115,338.411869,1.46,1.46,0.848319,
12/31/2009,4272.0,3387.0,3018.0,369.0,0.0,885.0,0.0,0.0,0.0,-1969.0,1785.0,184.0,0.0,0.0,-1045.0,920.0,416.0,,504.0,125.0,70.0,55.0,0.0,-41.0,1217.0,,-56.0,0.0,1161.0,-208.0,0.0,953.0,0.0,0.0,0.0,953.0,0.0,953.0,0.0,0.0,953.0,1223.0,270.0,337.432132,2.82,2.82,3.624433,339.0,2.81,2.81,2.01,
03/31/2010,3953.0,3277.0,2897.0,380.0,0.0,672.0,4.0,0.0,4.0,-2008.0,1793.0,215.0,,0.0,-1014.0,895.0,402.0,,493.0,119.0,58.0,61.0,0.0,,931.0,,-52.0,0.0,879.0,-124.0,,755.0,0.0,0.0,0.0,755.0,0.0,755.0,0.0,0.0,755.0,931.0,176.0,338.478484,2.23,2.23,2.750544,339.865476,2.22,2.22,1.7,
06/30/2010,3760.0,3233.0,2845.0,388.0,0.0,527.0,0.0,0.0,0.0,-1887.0,1672.0,215.0,,0.0,-999.0,879.0,409.0,,470.0,120.0,54.0,66.0,0.0,-3.0,871.0,,-52.0,0.0,819.0,-142.0,,677.0,0.0,0.0,0.0,677.0,0.0,677.0,0.0,0.0,677.0,666.0,-11.0,339.975261,1.99,1.99,1.958966,341.243656,1.98,1.98,1.958966,
09/30/2010,3888.0,3422.0,3036.0,386.0,0.0,466.0,0.0,0.0,0.0,-1980.0,1768.0,212.0,,0.0,-1040.0,916.0,374.0,,542.0,124.0,59.0,65.0,0.0,25.0,893.0,,-58.0,0.0,835.0,-160.0,,675.0,0.0,0.0,0.0,675.0,,675.0,0.0,0.0,675.0,662.0,-13.0,340.218717,1.98,1.98,1.945807,341.855519,1.97,1.97,1.931972,
12/31/2010,4409.0,3572.0,3184.0,388.0,0.0,837.0,0.0,0.0,0.0,-2061.0,1854.0,207.0,0.0,0.0,-1142.0,1020.0,445.0,,575.0,122.0,57.0,65.0,0.0,-10.0,1196.0,,-62.0,0.0,1134.0,-133.0,0.0,1001.0,0.0,0.0,0.0,1001.0,0.0,1001.0,0.0,0.0,1001.0,1301.3,300.3,340.150218,2.94,2.94,3.825663,342.6,2.92,2.92,2.05,
03/31/2011,3808.0,3309.0,2884.0,425.0,0.0,499.0,0.0,0.0,0.0,-2354.0,2125.0,229.0,,0.0,-1058.0,908.0,425.0,,483.0,150.0,74.0,76.0,0.0,13.0,409.0,,-63.0,0.0,346.0,-96.0,,250.0,0.0,0.0,0.0,250.0,0.0,250.0,0.0,0.0,250.0,242.95,-7.05,337.088217,0.74,0.74,0.720731,339.661199,0.73,0.73,0.720731,
06/30/2011,4253.0,3757.0,3273.0,484.0,0.0,496.0,0.0,0.0,0.0,-2334.0,2066.0,267.0,0.0,1.0,-1130.0,927.0,400.0,,527.0,163.0,78.0,85.0,40.0,-12.0,777.0,,-62.0,0.0,715.0,-121.0,,594.0,0.0,0.0,0.0,594.0,0.0,594.0,0.0,0.0,594.0,515.0,-79.0,338.92058,1.75,1.75,1.51953,341.688968,1.74,1.74,1.508796,
09/30/2011,4294.0,4490.0,4010.0,480.0,0.0,-196.0,0.0,0.0,0.0,-2828.0,2603.0,225.0,0.0,,-1189.0,1016.0,439.0,,577.0,173.0,81.0,92.0,0.0,-89.0,188.0,,-62.0,0.0,126.0,-165.0,,-39.0,0.0,0.0,0.0,-39.0,0.0,-39.0,0.0,0.0,-39.0,-828.35,-789.35,338.385734,-0.11,-0.11,-2.447946,338.385734,-0.11,-0.11,-2.447946,
12/31/2011,4479.0,3831.0,3361.0,470.0,0.0,648.0,0.0,0.0,0.0,-2402.0,2132.0,270.0,0.0,,-1163.0,944.0,399.0,,545.0,170.0,84.0,86.0,49.0,4.0,918.0,,-63.0,0.0,855.0,-120.0,0.0,735.0,0.0,0.0,0.0,735.0,0.0,735.0,0.0,0.0,735.0,822.65,87.65,338.260786,2.17,2.17,2.431999,341.0,2.15,2.15,1.9,
03/31/2012,4185.0,3381.0,2908.0,473.0,0.0,804.0,0.0,0.0,0.0,-1951.0,1656.0,295.0,,0.0,-1092.0,938.0,432.0,,506.0,154.0,78.0,76.0,0.0,3.0,1145.0,,-62.0,0.0,1083.0,-110.0,,973.0,0.0,0.0,0.0,973.0,0.0,973.0,0.0,0.0,973.0,1246.3,273.3,338.567341,2.87,2.87,3.681099,341.690982,2.84,2.84,2.05,
06/30/2012,3926.0,3783.0,3309.0,474.0,0.0,143.0,0.0,0.0,0.0,-2221.0,1968.0,267.0,,-14.0,-1133.0,930.0,399.0,,531.0,166.0,78.0,88.0,37.0,-34.0,538.0,,-62.0,0.0,476.0,-148.0,,328.0,0.0,0.0,0.0,328.0,,328.0,0.0,0.0,328.0,-86.35,-414.35,339.766067,0.96,0.96,-0.254145,342.674038,0.96,0.96,-0.254145,
09/30/2012,5138.0,4665.0,4185.0,480.0,0.0,473.0,0.0,0.0,0.0,-3177.0,2883.0,294.0,,0.0,-1128.0,967.0,438.0,,529.0,161.0,81.0,80.0,0.0,17.0,850.0,,-63.0,0.0,787.0,-147.0,,640.0,0.0,0.0,0.0,640.0,0.0,640.0,0.0,0.0,640.0,597.2,-42.8,340.207037,1.88,1.88,1.755402,342.872713,1.86,1.86,1.735172,
12/31/2012,4687.0,3848.0,3359.0,489.0,0.0,839.0,0.0,0.0,0.0,-2814.0,2534.0,279.0,,1.0,-1189.0,951.0,405.0,,546.0,181.0,91.0,90.0,57.0,9.0,693.0,,-63.0,0.0,630.0,135.0,,765.0,0.0,0.0,0.0,765.0,0.0,765.0,0.0,0.0,765.0,1038.0,273.0,340.821273,2.24,2.24,3.045585,343.7,2.22,2.22,1.43,
03/31/2013,4310.0,3573.0,3096.0,477.0,0.0,737.0,0.0,0.0,0.0,-2057.0,1769.0,284.0,,4.0,-1128.0,963.0,429.0,,534.0,165.0,85.0,80.0,0.0,10.0,1135.0,,-60.0,0.0,1075.0,-122.0,,953.0,0.0,0.0,0.0,953.0,0.0,953.0,0.0,0.0,953.0,1160.0,207.0,340.778142,2.8,2.8,3.403974,343.906368,2.77,2.77,3.371908,
06/30/2013,4705.0,4067.0,3587.0,480.0,0.0,638.0,0.0,0.0,0.0,-2360.0,2105.0,255.0,,0.0,-1229.0,1048.0,478.0,,570.0,181.0,86.0,95.0,0.0,-37.0,1079.0,,-73.0,0.0,1006.0,-115.0,,891.0,0.0,0.0,0.0,891.0,,891.0,0.0,0.0,891.0,993.3,102.3,341.04729,2.61,2.61,2.912499,344.101265,2.59,2.59,2.29,
09/30/2013,5172.0,4610.0,4143.0,467.0,0.0,562.0,0.0,0.0,0.0,-2793.0,2514.0,279.0,,0.0,-1241.0,1070.0,478.0,,592.0,171.0,85.0,86.0,0.0,5.0,1143.0,,-72.0,0.0,1071.0,-155.0,,916.0,0.0,0.0,0.0,916.0,0.0,916.0,0.0,0.0,916.0,975.65,59.65,340.888648,2.68,2.68,2.862078,343.817737,2.66,2.66,2.833493,
12/31/2013,5074.0,4363.0,3882.0,481.0,0.0,711.0,0.0,0.0,0.0,-2653.0,2377.0,266.0,,10.0,-1272.0,1038.0,434.0,,604.0,184.0,87.0,97.0,50.0,7.0,1156.0,,-70.0,0.0,1086.0,-88.0,,998.0,0.0,0.0,0.0,998.0,0.0,998.0,0.0,0.0,998.0,824.65,-173.35,340.89789,2.93,2.93,2.419053,344.2,2.9,2.9,2.396368,
03/31/2014,4436.0,3970.0,3486.0,484.0,0.0,449.0,17.0,0.0,17.0,-2275.0,2010.0,265.0,0.0,0.0,-1263.0,1084.0,466.0,1.0,617.0,179.0,68.0,111.0,0.0,,898.0,,-71.0,0.0,827.0,-93.0,,734.0,0.0,0.0,0.0,734.0,0.0,734.0,0.0,0.0,734.0,693.6,-40.4,338.869562,2.16,2.16,2.046805,342.040736,2.14,2.14,2.046805,
06/30/2014,4840.0,4332.0,3842.0,490.0,0.0,483.0,25.0,0.0,25.0,-2532.0,2242.0,290.0,0.0,0.0,-1324.0,1130.0,493.0,,637.0,194.0,73.0,121.0,0.0,,984.0,,-72.0,0.0,912.0,-133.0,,779.0,0.0,0.0,0.0,779.0,0.0,779.0,0.0,0.0,779.0,734.3,-44.7,337.846228,2.3,2.3,2.173474,341.132587,2.28,2.28,2.173474,
09/30/2014,5200.0,4754.0,4265.0,489.0,0.0,446.0,0.0,0.0,0.0,-2809.0,2539.0,270.0,,0.0,-1379.0,1185.0,483.0,,702.0,194.0,71.0,123.0,0.0,19.0,1031.0,,-70.0,0.0,961.0,-176.0,,785.0,0.0,0.0,0.0,785.0,0.0,785.0,0.0,0.0,785.0,681.6,-103.4,334.472324,2.35,2.35,2.037837,337.67398,2.32,2.32,2.037837,
12/31/2014,4737.0,4370.0,3871.0,499.0,0.0,367.0,0.0,0.0,0.0,-2550.0,2268.0,284.0,,-2.0,-1354.0,1097.0,456.0,,641.0,196.0,73.0,123.0,61.0,21.0,854.0,,-67.0,0.0,787.0,-232.0,,555.0,0.0,0.0,0.0,555.0,0.0,555.0,0.0,0.0,555.0,288.85,-266.15,331.124128,1.68,1.68,0.872331,334.6,1.66,1.66,0.872331,
03/31/2015,4394.0,3927.0,3453.0,474.0,0.0,462.0,5.0,0.0,5.0,-2264.0,1970.0,294.0,0.0,0.0,-1261.0,1081.0,481.0,,600.0,180.0,73.0,107.0,0.0,,869.0,,-68.0,0.0,801.0,-120.0,,681.0,0.0,0.0,0.0,681.0,0.0,681.0,0.0,0.0,681.0,618.3,-62.7,328.212376,2.08,2.08,1.883841,331.69272,2.05,2.05,1.883841,
06/30/2015,5048.0,4360.0,3873.0,487.0,0.0,688.0,0.0,0.0,0.0,-2570.0,2280.0,290.0,0.0,,-1305.0,1113.0,504.0,,609.0,192.0,74.0,118.0,0.0,-17.0,1156.0,,-71.0,0.0,1085.0,-143.0,,942.0,0.0,0.0,0.0,942.0,0.0,942.0,0.0,0.0,942.0,1096.65,154.65,325.463196,2.89,2.89,2.42,328.685758,2.86,2.86,2.4,
09/30/2015,4871.0,4719.0,4239.0,480.0,0.0,152.0,0.0,0.0,0.0,-2732.0,3379.0,303.0,,-950.0,-1339.0,1326.0,672.0,,654.0,203.0,83.0,120.0,-190.0,-72.0,728.0,,-68.0,0.0,660.0,-132.0,,528.0,0.0,0.0,0.0,528.0,0.0,528.0,0.0,0.0,528.0,173.0,-355.0,324.210936,1.63,1.63,0.533603,327.17342,1.62,1.62,0.533603,
12/31/2015,4679.0,4207.0,3701.0,506.0,0.0,472.0,0.0,0.0,0.0,-2461.0,3821.0,317.0,,-1677.0,-1306.0,1833.0,642.0,,1191.0,218.0,80.0,138.0,-745.0,-69.0,843.0,,-93.0,0.0,750.0,-67.0,,683.0,0.0,0.0,0.0,683.0,0.0,683.0,0.0,0.0,683.0,656.0,-27.0,327.8,2.1,2.1,2.00122,327.8,2.08,2.08,1.997633,
03/31/2016,6877.0,6597.0,6100.0,497.0,0.0,280.0,0.0,0.0,0.0,-3800.0,3497.0,357.0,,-54.0,-2185.0,1421.0,700.0,,721.0,194.0,72.0,122.0,570.0,-183.0,709.0,,-146.0,0.0,563.0,-124.0,,439.0,0.0,0.0,0.0,439.0,0.0,439.0,0.0,0.0,439.0,987.0,548.0,446.739586,0.98,0.98,2.209341,450.0,0.97,0.97,2.209341,
06/30/2016,7897.0,7405.0,6893.0,512.0,0.0,492.0,0.0,0.0,0.0,-4400.0,4020.0,101.0,0.0,279.0,-2389.0,2128.0,752.0,,1376.0,214.0,77.0,137.0,47.0,-74.0,1034.0,,-153.0,0.0,881.0,-155.0,,726.0,0.0,0.0,0.0,726.0,0.0,726.0,0.0,0.0,726.0,992.0,266.0,467.701328,1.55,1.55,2.121012,471.157297,1.54,1.54,2.104567,
09/30/2016,8527.0,7688.0,7176.0,512.0,0.0,839.0,0.0,0.0,0.0,-4424.0,3497.0,307.0,,620.0,-2286.0,1762.0,695.0,,1067.0,204.0,77.0,127.0,320.0,-107.0,1710.0,79.0,-152.0,0.0,1637.0,-277.0,,1360.0,0.0,0.0,0.0,1360.0,0.0,1360.0,0.0,0.0,1360.0,1587.0,227.0,468.021093,2.9,2.9,3.390873,471.396362,2.88,2.88,3.361548,
12/31/2016,8168.0,7059.0,6525.0,534.0,0.0,1109.0,0.0,0.0,0.0,-4016.0,4771.0,337.0,,-1092.0,-2125.0,1990.0,717.0,,1273.0,204.0,81.0,123.0,-69.0,-4.0,2023.0,,-154.0,0.0,1869.0,-259.0,,1610.0,0.0,0.0,0.0,1610.0,0.0,1610.0,0.0,0.0,1610.0,1217.0,-393.0,468.023256,3.44,3.44,2.600298,471.6,3.41,3.41,2.576667,
03/31/2017,7510.0,6772.0,6266.0,506.0,0.0,738.0,0.0,0.0,0.0,-3957.0,3596.0,193.0,,168.0,-2073.0,1887.0,604.0,,1283.0,186.0,72.0,114.0,0.0,-158.0,1322.0,53.0,-154.0,0.0,1221.0,-128.0,,1093.0,0.0,0.0,0.0,1093.0,0.0,1093.0,0.0,0.0,1093.0,1120.0,27.0,468.903086,2.33,2.33,2.388553,472.73169,2.31,2.31,2.367115,
06/30/2017,8108.0,7237.0,6722.0,515.0,0.0,871.0,0.0,0.0,0.0,-4309.0,3964.0,166.0,0.0,179.0,-2155.0,1948.0,629.0,,1319.0,207.0,77.0,130.0,0.0,8.0,1652.0,,-147.0,0.0,1505.0,-200.0,,1305.0,0.0,0.0,0.0,1305.0,0.0,1305.0,0.0,0.0,1305.0,1128.0,-177.0,467.981077,2.79,2.79,2.410354,471.853937,2.77,2.77,2.394884,
09/30/2017,8610.0,7807.0,7280.0,527.0,0.0,803.0,0.0,0.0,0.0,-6416.0,6066.0,157.0,,193.0,-2202.0,1953.0,597.0,,1356.0,209.0,77.0,132.0,40.0,-100.0,-108.0,103.0,-150.0,0.0,-155.0,85.0,,-70.0,0.0,0.0,0.0,-70.0,0.0,-70.0,0.0,0.0,-70.0,-110.0,-40.0,466.370784,-0.15,-0.15,-0.235864,466.370784,-0.15,-0.15,-0.235864,
12/31/2017,8015.0,7218.0,6665.0,553.0,0.0,797.0,0.0,0.0,0.0,-4448.0,5054.0,332.0,,-938.0,-2184.0,1950.0,657.0,,1293.0,231.0,77.0,154.0,3.0,-76.0,1307.0,,-156.0,0.0,1151.0,382.0,,1533.0,0.0,0.0,0.0,1533.0,0.0,1533.0,0.0,0.0,1533.0,1030.5,-502.5,465.957447,3.29,3.29,2.211575,469.5,3.27,3.27,2.199712,
03/31/2018,7831.0,7027.0,6487.0,540.0,0.0,804.0,0.0,0.0,0.0,-4253.0,3897.0,404.0,,-48.0,-2156.0,1950.0,614.0,,1336.0,206.0,78.0,128.0,0.0,-48.0,1374.0,,-157.0,0.0,1217.0,-135.0,,1082.0,0.0,0.0,0.0,1082.0,0.0,1082.0,0.0,0.0,1082.0,1047.0,-35.0,465.70324,2.32,2.32,2.248213,469.473591,2.3,2.3,2.225448,
06/30/2018,8510.0,7664.0,7450.0,552.0,-338.0,846.0,0.0,0.0,0.0,-4637.0,4303.0,344.0,0.0,-10.0,-2211.0,1993.0,667.0,,1326.0,218.0,80.0,138.0,0.0,17.0,1679.0,,-167.0,0.0,1512.0,-218.0,,1294.0,0.0,0.0,0.0,1294.0,0.0,1294.0,0.0,0.0,1294.0,1212.0,-82.0,465.276597,2.78,2.78,2.604902,468.4,2.76,2.76,2.584936,
09/30/2018,8750.0,7908.0,7357.0,551.0,0.0,842.0,0.0,0.0,0.0,-4995.0,4673.0,336.0,,-14.0,-2223.0,2744.0,1379.0,,1365.0,216.0,77.0,139.0,-737.0,46.0,1578.0,,-164.0,0.0,1414.0,-183.0,,1231.0,0.0,0.0,0.0,1231.0,0.0,1231.0,0.0,0.0,1231.0,1080.0,-151.0,466.0,2.66,2.66,2.317597,466.0,2.64,2.64,2.315966,
12/31/2018,7626.0,7465.0,6890.0,575.0,0.0,161.0,0.0,0.0,0.0,-4772.0,4433.0,364.0,,-25.0,-2208.0,1981.0,653.0,,1328.0,227.0,75.0,152.0,0.0,21.0,667.0,,-153.0,0.0,514.0,-159.0,,355.0,0.0,0.0,0.0,355.0,0.0,355.0,0.0,0.0,355.0,893.0,538.0,461.038961,0.77,0.77,1.93693,463.420222,0.76,0.76,1.920933,
03/31/2019,7876.0,7137.0,6576.0,561.0,0.0,739.0,0.0,0.0,0.0,-4294.0,3897.0,368.0,,29.0,-2174.0,1967.0,631.0,,1336.0,207.0,79.0,128.0,0.0,-40.0,1368.0,,-140.0,0.0,1228.0,-188.0,,1040.0,0.0,0.0,0.0,1040.0,0.0,1040.0,0.0,0.0,1040.0,1137.0,97.0,458.805185,2.27,2.27,2.478176,461.5,2.25,2.25,2.460184,
06/30/2019,8527.0,7891.0,7320.0,571.0,0.0,636.0,0.0,0.0,0.0,-4876.0,4526.0,353.0,0.0,-3.0,-2302.0,2074.0,680.0,,1394.0,228.0,78.0,150.0,0.0,149.0,1498.0,,-140.0,0.0,1358.0,-208.0,,1150.0,0.0,0.0,0.0,1150.0,0.0,1150.0,0.0,0.0,1150.0,1163.0,13.0,457.224455,2.52,2.52,2.543608,460.169692,2.5,2.5,2.52825,
09/30/2019,9045.0,8327.0,7729.0,598.0,0.0,718.0,0.0,0.0,0.0,-5210.0,4862.0,355.0,,-7.0,-2355.0,2848.0,1421.0,,1427.0,256.0,80.0,176.0,-749.0,-21.0,1459.0,,-138.0,0.0,1321.0,-230.0,,1091.0,0.0,0.0,0.0,1091.0,0.0,1091.0,0.0,0.0,1091.0,1212.0,121.0,458.2,2.4,2.4,2.645133,458.2,2.38,2.38,2.644077,
12/31/2019,8738.0,7935.0,7322.0,613.0,0.0,803.0,0.0,0.0,0.0,-5090.0,4689.0,377.0,,24.0,-2352.0,2100.0,724.0,,1376.0,252.0,86.0,166.0,0.0,180.0,1476.0,,-134.0,0.0,1342.0,-169.0,,1173.0,0.0,0.0,0.0,1173.0,0.0,1173.0,0.0,0.0,1173.0,1015.0,-158.0,456.420233,2.57,2.57,2.223828,456.420233,2.57,2.57,2.223828,
03/31/2020,7697.0,7794.0,7163.0,631.0,0.0,-97.0,0.0,0.0,0.0,-4614.0,4285.0,387.0,,-58.0,-2356.0,2100.0,665.0,,1435.0,256.0,76.0,180.0,0.0,-128.0,599.0,,-132.0,0.0,467.0,-215.0,,252.0,0.0,0.0,0.0,252.0,0.0,252.0,0.0,0.0,252.0,1198.0,946.0,451.868658,0.56,0.56,2.651213,454.5,0.55,0.55,2.631408,
06/30/2020,8985.0,8128.0,7520.0,608.0,0.0,857.0,0.0,0.0,0.0,-6800.0,6406.0,335.0,,59.0,-2320.0,2042.0,645.0,,1397.0,278.0,82.0,196.0,0.0,-130.0,-265.0,,-128.0,0.0,-393.0,62.0,,-331.0,0.0,0.0,0.0,-331.0,0.0,-331.0,0.0,0.0,-331.0,-273.0,58.0,451.402807,-0.73,-0.73,-0.604781,451.402807,-0.73,-0.73,-0.604781,
