Date,Revenue,Sales & Services Revenue,Cost of Revenue,Cost of Goods & Services,Depreciation & Amortization,Gross Profit,Other Operating Income,Operating Expenses,"Selling, General & Admin",Other Operating Expense,Operating Income (Loss),Non-Operating (Income) Loss,"Interest Expense, Net",Interest Expense,Interest Income,Foreign Exch (Gain) Loss,(Income) Loss from Affiliates,Other Non-Op (Income) Loss,Pretax Income,Income Tax Expense (Benefit),Income (Loss) from Cont Ops,Net Extraordinary Losses (Gains),Discontinued Operations,XO & Accounting Changes,Income (Loss) Incl. MI,Minority Interest,"Net Income, GAAP",Preferred Dividends,Other Adjustments,"Net Income Avail to Common, GAAP","Net Income Avail to Common, Adj",Net Abnormal Losses (Gains),Basic Weighted Avg Shares,"Basic EPS, GAAP",Basic EPS from Cont Ops,"Basic EPS from Cont Ops, Adjusted",Diluted Weighted Avg Shares,"Diluted EPS, GAAP",Diluted EPS from Cont Ops,"Diluted EPS from Cont Ops, Adjusted",Source: Bloomberg
03/31/1990,566.575012,,-500.795013,,,65.779999,,-17.084999,,,48.695,-13.059,,10.043,,3.016,,0.0,35.635999,-14.275,21.361,0.0,,,21.361,0.0,21.361,0.0,,21.361,21.361,,86.417999,0.246667,0.246667,,86.417999,0.246667,0.246667,0.246667,
06/30/1990,675.072998,,-591.502991,,,83.570007,,-16.334999,,,67.235001,-15.652,,12.541,,3.111,,0.0,51.583,-19.504999,32.077999,0.0,,,32.078001,0.0,32.077999,0.0,,32.077999,32.077999,,86.511,0.37,0.37,,86.511,0.37,0.37,0.37,
09/30/1990,984.018982,,-874.336975,,,109.682007,,-30.27,,,79.412003,-23.298,,19.753,,3.545,,0.0,56.114002,-23.915001,32.199001,0.0,,,32.199001,0.0,32.199001,0.0,,32.199001,32.199001,,86.543999,0.373333,0.373333,,86.543999,0.373333,0.373333,0.373333,
12/31/1990,846.403015,,-789.276978,,,57.126037,,-22.481001,,,34.645,0.379,,17.612,,-9.672,,-8.319,35.024,-13.585,21.438999,0.0,,,21.439,0.0,21.438999,0.0,,21.438999,21.438999,,86.580003,0.246667,0.246667,0.246667,86.580003,0.246667,0.246667,0.246667,
03/31/1991,831.585022,,-747.840027,,,83.744995,,-27.003,,,56.742001,-15.875,,15.595,,2.907,,-2.627,40.867,-18.122999,22.743999,0.0,,,22.744001,0.0,22.743999,0.0,,22.743999,22.743999,,86.583,0.263333,0.263333,,86.583,0.263333,0.263333,0.263333,
06/30/1991,1050.43396,,-943.848999,,,106.584961,,-25.975,,,80.610001,-17.902001,,18.870001,,1.619,,-2.587,62.708,-23.959999,38.748001,0.0,,,38.748001,0.0,38.748001,0.0,,38.748001,38.748001,,86.720999,0.446667,0.446667,,86.720999,0.446667,0.446667,0.446667,
09/30/1991,1050.900024,,-940.799988,,,110.100037,,-27.0,,,83.099998,-16.499999,,21.299999,,-0.1,,-4.7,66.599999,-25.799999,40.799999,0.0,,,40.8,0.0,40.799999,0.0,,40.799999,40.799999,,86.874001,0.47,0.47,,86.874001,0.47,0.47,0.47,
12/31/1991,874.481018,,-786.611023,,,87.869995,,-25.422001,,,62.448002,-17.622999,,20.834999,,3.074,,-6.286,44.825003,-15.917,28.908001,0.0,,,28.908003,-3.1,25.808001,0.0,,25.808001,25.808001,,87.079503,0.296667,0.296667,0.296667,87.079503,0.296667,0.296667,0.296667,
03/31/1992,839.400024,,-749.599976,,,89.800049,,-28.6,,,61.200001,-15.299999,,17.9,,1.3,,-3.9,45.900001,-19.5,26.4,0.0,,,26.400001,0.0,26.4,0.0,,26.4,26.4,,87.191998,0.303333,0.303333,,87.191998,0.303333,0.303333,0.303333,
06/30/1992,1018.099976,,-888.299988,,,129.799988,,-26.200001,,,103.599998,-15.6,,18.1,,2.1,,-4.6,87.999998,-39.299999,48.700001,0.0,,,48.699999,0.0,48.700001,0.0,,48.700001,48.700001,,87.385002,0.56,0.56,,87.385002,0.56,0.56,0.56,
09/30/1992,1020.900024,,-892.400024,,,128.5,,-28.0,,,100.5,-16.0,,15.9,,3.3,,-3.2,84.5,-34.0,50.5,0.0,,,50.5,0.0,50.5,0.0,,50.5,50.5,,86.740997,0.58,0.58,,86.740997,0.58,0.58,0.58,
12/31/1992,902.299988,,-809.5,,,92.799988,,-29.299999,,,63.5,-20.9,,25.5,,3.5,,-8.1,42.6,-8.2,34.400002,0.0,,,34.4,-4.6,29.799999,0.0,,29.799999,29.799999,,85.87896,0.347,0.35,0.35,85.87896,0.347,0.35,0.35,
03/31/1993,913.099976,,-813.900024,,,99.199951,,-31.9,,,67.300003,-20.2,,20.1,,2.6,,-2.5,47.100003,-17.700001,29.4,65.699997,,,-36.299995,0.0,-36.299999,0.0,,-36.299999,-36.299999,,84.350166,-0.43,0.35,,84.350166,-0.43,0.35,0.35,
06/30/1993,1168.599976,,-1023.0,,,145.599976,,-32.799999,,,112.800003,-24.599999,,24.799999,,2.2,,-2.4,88.200004,-31.4,56.799999,0.0,,,56.800004,-0.2,56.599998,0.0,,56.599998,56.599998,,87.28685,0.65,0.65,,87.28685,0.65,0.65,0.65,
09/30/1993,1145.699951,,-948.099976,,,197.599976,,-80.800003,,,116.800003,-23.600001,,24.1,,1.6,,-2.1,93.200003,-33.5,59.700001,0.0,,,59.700003,0.0,59.700001,0.0,,59.700001,59.700001,,88.306969,0.68,0.68,,88.306969,0.68,0.68,0.68,
12/31/1993,935.200012,,-689.0,,,246.200012,,-172.800003,,,73.400002,-17.099999,,20.799999,,4.4,,-8.1,56.300003,-14.8,41.5,16.1,,,25.400002,-6.3,19.1,0.0,,19.1,19.1,,88.699997,0.22,0.4,,88.699997,0.22,0.4,0.4,
03/31/1994,943.0,,-779.900024,,,163.099976,,-85.599998,,,77.5,-23.7,,21.6,,3.5,,-1.4,53.8,-20.5,33.299999,0.0,,,33.3,0.3,33.599998,0.0,,33.599998,33.599998,,88.872002,0.38,0.38,,88.872002,0.38,0.38,0.38,
06/30/1994,1134.5,,-932.700012,,,201.799988,,-87.900002,,,113.900002,-23.1,,22.1,,2.6,,-1.6,90.800001,-30.0,60.799999,0.0,,,60.800001,4.0,64.800003,0.0,,64.800003,64.800003,,89.094002,0.73,0.73,,89.094002,0.73,0.73,0.73,
09/30/1994,1283.300049,,-1074.400024,,,208.900024,,-87.800003,,,121.099998,-139.1,,26.9,,-0.3,,112.5,-18.000001,8.4,-9.6,0.0,,,-9.600002,2.1,-7.5,0.0,,-7.5,-7.5,,89.115997,-0.08,-0.08,,89.115997,-0.08,-0.08,-0.08,
12/31/1994,1091.400024,,-912.5,,,178.900024,,-92.400002,,,86.5,-26.500001,,28.200001,,4.3,,-6.0,59.999999,-13.5,46.5,0.0,,,46.499999,-6.4,40.099998,0.0,,40.099998,40.099998,,89.101997,0.45,0.45,,89.101997,0.45,0.45,0.45,
03/31/1995,1126.699951,,-932.0,,,194.699951,,-100.0,,,94.699997,-34.3,,35.5,,1.6,,-2.8,60.399997,-19.700001,40.700001,0.0,,,40.699996,-4.2,36.5,0.0,,36.5,36.5,,89.639999,0.41,0.41,,89.639999,0.41,0.41,0.41,
06/30/1995,1385.800049,,-1153.800049,,,232.0,,-101.0,,,131.0,-54.4,,38.0,,0.0,,16.4,76.6,-21.6,55.0,0.0,,,55.0,-2.8,52.200001,0.0,,52.200001,52.200001,,90.196999,0.58,0.58,,90.196999,0.58,0.58,0.58,
09/30/1995,1427.099976,,-1249.699951,,,177.400024,,-103.300003,,,74.099998,-115.499995,,38.099998,,-1.8,,79.199997,-41.399997,23.9,-17.5,0.0,,,-17.499997,-2.4,-19.9,0.0,,-19.9,-19.9,,90.469002,-0.22,-0.22,,90.469002,-0.22,-0.22,-0.22,
12/31/1995,1114.199951,,-975.5,,,138.699951,,-91.300003,,,47.400002,-43.2,,37.0,,-0.9,,7.1,4.200002,-7.5,-3.3,0.0,,,-3.299998,9.4,6.1,0.0,,6.1,6.1,,90.613998,0.07,0.07,0.07,90.613998,0.07,0.07,0.07,
03/31/1996,1551.199951,,-1276.300049,,,274.899902,,-164.199997,,,110.699997,-51.699999,,62.099998,,2.3,,-12.7,58.999998,-18.9,40.099998,0.0,,,40.099999,-8.8,31.299999,-2.2,,29.099999,29.099999,,105.120003,0.28,0.28,0.28,105.120003,0.28,0.28,0.28,
06/30/1996,2353.699951,,-1894.0,,,459.699951,,-241.399994,,,218.300003,-77.200003,,110.800003,,-41.0,,7.4,141.1,-34.700001,106.400002,0.0,,,106.399999,-2.3,104.099998,-5.8,,98.299998,98.299998,,128.5,0.77,0.77,0.77,128.5,0.75,0.75,0.75,
09/30/1996,2462.100098,,-1988.599976,,,473.500122,,-231.600006,,,241.899994,-75.399998,,106.699997,,3.0,,-34.299999,166.499996,-54.099998,112.400002,0.0,,,112.399998,-3.0,109.400002,-5.9,,103.500001,103.500001,,128.5,0.81,0.81,0.81,128.5,0.78,0.78,0.78,
12/31/1996,1964.900024,,-1573.599976,,,391.300048,,-245.899994,,,145.399994,-80.999999,,26.200001,,-0.8,,55.599998,64.399995,-26.700001,37.700001,0.0,,,37.699994,1.5,39.200001,-5.9,,33.300001,33.300001,,128.319,0.26,0.26,0.26,128.319,0.26,0.26,0.26,
03/31/1997,1937.300049,,-1544.400024,,,392.900024,,-243.199997,,,149.699997,-80.299999,,92.599998,,1.1,,-13.4,69.399998,-25.799999,43.599998,0.0,,,43.599999,-4.6,39.0,-5.9,,33.1,33.1,,128.479996,0.26,0.26,0.22,140.522995,0.26,0.26,0.22,
06/30/1997,2286.600098,,-1786.0,,,500.600098,,-243.5,,,257.100006,-58.199998,,84.599998,,1.7,,-28.1,198.900008,-64.099998,134.800003,0.0,,,134.800009,-2.8,132.0,-5.8,,126.2,126.2,,128.554993,0.98,0.98,0.98,140.554001,0.94,0.94,0.94,
09/30/1997,2341.300049,,-1835.900024,,,505.400024,,-239.399994,,,266.0,-150.400001,,84.5,,3.2,,62.700001,115.599999,-35.299999,80.300003,0.0,,,80.3,5.0,85.300003,-5.9,,79.400003,79.400003,,128.300003,0.62,0.62,0.91,140.091003,0.61,0.61,0.9,
12/31/1997,1929.400024,,-1541.400024,,,388.0,,-227.5,,,160.5,-87.4,,85.5,,1.9,,0.0,73.1,-22.5,50.599998,7.6,,,43.0,-5.3,37.700001,-5.8,,31.900001,31.900001,,128.373993,0.25,0.31,0.31,139.968994,0.25,0.31,0.31,
03/31/1998,1892.4,,-1502.2,,,390.2,0.0,-234.2,97.6,136.6,156.0,-88.1,86.4,93.8,-7.4,1.7,,0.0,67.9,-27.9,40.0,,,,40.0,1.7,41.7,-5.1,0.0,36.6,36.6,,127.100189,0.29,0.29,0.29,137.782068,0.29,0.29,0.29,
06/30/1998,2245.0,,-1727.2,,,517.8,0.0,-229.3,93.2,136.1,288.5,-97.5,91.7,104.1,-12.4,5.8,,0.0,191.0,-64.4,126.6,,,,126.6,-0.9,125.7,-4.1,0.0,121.6,121.6,,124.442024,0.98,0.98,0.98,132.826655,0.95,0.95,0.95,
09/30/1998,2291.0,,-1803.7,,,487.3,0.0,-225.0,91.1,133.9,262.3,-284.2,89.8,102.2,-12.4,7.8,,186.6,-21.9,3.8,-18.1,,,,-18.1,-3.0,-21.1,-4.1,0.0,-25.2,-25.2,,123.7,-0.203719,-0.203719,,131.6,-0.203719,-0.203719,,
12/31/1998,1871.599976,,-1493.900024,,,377.699952,,-223.5,,,154.199997,-211.2,,107.900002,,-1.3,,104.599998,-57.000003,14.5,-42.5,0.0,,,-42.500003,1.2,-41.299999,-3.7,,-44.999999,-44.999999,,122.336998,-0.37,-0.37,0.27,129.968994,-0.37,-0.37,0.27,
03/31/1999,1853.0,,-1578.400024,,,274.599976,,-123.0,,,151.600006,-92.099998,,93.099998,,8.9,,-9.9,59.500008,-28.4,31.1,0.0,,,31.100008,-1.6,29.5,-3.9,,25.6,25.6,,122.325996,0.21,0.21,0.21,129.957993,0.21,0.21,0.21,
06/30/1999,2067.0,,-1697.599976,,,369.400024,,-123.0,,,246.399994,-83.599997,,91.199997,,1.0,,-8.6,162.799997,-55.0,107.800003,0.0,,,107.799997,-8.2,99.599998,-3.9,,95.699998,95.699998,,122.349998,0.78,0.78,0.78,130.039993,0.77,0.77,0.77,
09/30/1999,2216.0,,-1850.0,,,366.0,,-116.0,,,250.0,-67.6,,91.0,,2.2,,-25.6,182.4,-57.099998,125.300003,0.0,,,125.300002,-7.3,118.0,-4.0,,114.0,114.0,,122.332001,0.93,0.93,0.88,129.962997,0.91,0.91,0.87,
12/31/1999,1862.0,,-1595.0,,,267.0,,-113.0,,,154.0,-249.700003,,91.699997,,0.9,,157.100006,-95.700003,35.5,-60.200001,0.0,,,-60.200003,-5.9,-66.099998,-3.2,,-69.299999,-69.299999,,121.700996,-0.57,-0.57,0.3,129.337006,-0.57,-0.57,0.3,
03/31/2000,1699.0,,-1449.0,,,250.0,,-116.0,,,134.0,-88.0,,92.0,,0.0,,-4.0,46.0,-19.0,27.0,0.0,,,27.0,-4.0,23.0,-2.0,0.0,21.0,21.0,,123.870003,0.17,0.17,0.17,128.570007,0.17,0.17,0.17,
06/30/2000,1935.0,,-1647.0,,,288.0,,-108.0,,,180.0,-170.0,,97.0,,2.0,,71.0,10.0,-8.0,2.0,0.0,,,2.0,-6.0,-4.0,0.0,0.0,-4.0,-4.0,,127.432999,-0.03,-0.03,0.5,127.432999,-0.03,-0.03,0.5,
09/30/2000,2019.0,,-1742.0,,,277.0,,-106.0,,,171.0,-99.0,,102.0,,2.0,,-5.0,72.0,-23.0,49.0,0.0,,,49.0,-5.0,44.0,0.0,0.0,44.0,44.0,,125.788002,0.35,0.35,0.35,125.788002,0.35,0.35,0.35,
12/31/2000,1636.0,,-1432.0,,,204.0,0.0,-191.0,74.0,117.0,13.0,-358.0,97.0,102.0,-5.0,4.0,,257.0,-345.0,108.0,-237.0,,,,-237.0,,-237.0,0.0,0.0,-237.0,-237.0,,125.620188,-1.886639,-1.886639,-1.886639,125.620188,-1.886639,-1.886639,-1.886639,
03/31/2001,1658.0,,-1490.0,,,168.0,,-115.0,,,53.0,-114.0,,115.0,-6.0,3.0,,2.0,-61.0,11.0,-50.0,-4.0,,,-46.0,0.0,-46.0,0.0,0.0,-46.0,-46.0,,125.624001,-0.37,-0.4,-0.37,125.624001,-0.37,-0.4,-0.37,
06/30/2001,1878.0,,-1639.0,,,239.0,,-98.0,,,141.0,-120.0,,120.0,-5.0,3.0,,2.0,21.0,-14.0,7.0,0.0,,,7.0,-2.0,5.0,0.0,0.0,5.0,5.0,,125.636002,0.04,0.04,0.05,125.636002,0.04,0.04,0.05,
09/30/2001,1985.0,,-1766.0,,,219.0,,-107.0,,,112.0,-116.0,,116.0,-3.0,3.0,,0.0,-4.0,-7.0,-11.0,0.0,,,-11.0,-2.0,-13.0,0.0,0.0,-13.0,-13.0,,125.653,-0.1,-0.1,-0.1,125.653,-0.1,-0.1,-0.1,
12/31/2001,1666.0,,-1554.0,,,112.0,,-103.0,,,9.0,-409.0,,104.0,-4.0,1.0,,308.0,-400.0,-518.0,-918.0,0.0,,,-918.0,0.0,-918.0,0.0,0.0,-918.0,-918.0,,125.679001,-7.3,-7.3,-0.35,125.679001,-7.3,-7.3,-0.35,
03/31/2002,1567.0,,-1396.0,,,171.0,,-76.0,,,95.0,-125.0,,93.0,-3.0,9.0,,26.0,-30.0,-20.0,-50.0,1014.0,,,-1064.0,-4.0,-1068.0,0.0,0.0,-1068.0,-1068.0,,125.731003,-8.5,-0.43,-0.1,126.436996,-8.5,-0.43,-0.1,
06/30/2002,1789.0,,-1549.0,,,240.0,,-76.0,,,164.0,-68.0,,86.0,-2.0,9.0,,-25.0,96.0,-26.0,70.0,0.0,,,70.0,-6.0,64.0,0.0,0.0,64.0,64.0,,131.160995,0.49,0.49,0.33,133.238007,0.48,0.48,0.32,
09/30/2002,1892.0,,-1646.0,,,246.0,,-81.0,,,165.0,-89.0,,84.0,-2.0,6.0,,1.0,76.0,-3.0,73.0,0.0,,,73.0,-2.0,71.0,0.0,0.0,71.0,71.0,,158.436005,0.45,0.45,0.34,159.050003,0.45,0.45,0.34,
12/31/2002,1544.0,,-1403.0,,,141.0,,-84.0,,,57.0,-316.0,,79.0,-4.0,3.0,,238.0,-259.0,19.0,-240.0,28.0,,,-268.0,-4.0,-272.0,0.0,0.0,-272.0,-272.0,,159.371002,-1.71,-1.71,-0.09,159.371002,-1.71,-1.71,-0.09,
03/31/2003,1460.0,,-1312.0,,,148.0,,-81.0,,,67.0,-75.0,,79.0,-2.0,-13.0,,11.0,-8.0,-19.0,-27.0,0.0,,,-27.0,-7.0,-34.0,0.0,0.0,-34.0,-34.0,,163.843002,-0.21,-0.21,-0.2,164.776993,-0.21,-0.21,-0.2,
06/30/2003,1726.0,,-1507.0,,,219.0,,-81.0,,,138.0,-37.0,,101.0,-3.0,-56.0,,-5.0,101.0,-20.0,81.0,0.0,,,81.0,-31.0,50.0,0.0,0.0,50.0,50.0,,164.910004,0.3,0.3,0.16,165.843002,0.3,0.3,0.16,
09/30/2003,1853.0,,-1613.0,,,240.0,,-80.0,,,160.0,-99.0,,100.0,-5.0,-48.0,,52.0,61.0,-45.0,16.0,0.0,,,16.0,-10.0,6.0,0.0,0.0,6.0,6.0,,164.942993,0.04,0.04,0.16,166.182007,0.04,0.04,0.16,
12/31/2003,1591.000122,,-1432.999878,,,158.000244,,-95.0,,,63.0,-98.0,,99.0,-4.0,-90.0,,93.0,-35.0,-11.0,-46.0,0.0,,,-46.0,-8.0,-54.0,0.0,0.0,-54.0,-54.0,,164.992996,-0.33,-0.33,-0.2,166.664001,-0.33,-0.33,-0.2,
03/31/2004,1623.0,,-1438.0,,,185.0,,-92.0,,,93.0,-96.0,,90.0,-2.0,4.0,,4.0,-3.0,-8.0,-11.0,0.0,,,-11.0,-5.0,-16.0,0.0,0.0,-16.0,-16.0,,165.076004,-0.1,-0.1,-0.07,167.192993,-0.1,-0.1,-0.07,
06/30/2004,1836.0,,-1577.0,,,259.0,,-90.0,,,169.0,-111.0,,89.0,-1.0,23.0,,0.0,58.0,-16.0,42.0,0.0,,,42.0,-6.0,36.0,0.0,0.0,36.0,36.0,,165.164993,0.22,0.22,0.31,167.343994,0.22,0.22,0.31,
09/30/2004,1826.0,,-1576.0,,,250.0,,-77.0,,,173.0,-89.0,89.0,91.0,-2.0,-34.0,,34.0,84.0,-27.0,57.0,-8.0,,,65.0,-7.0,58.0,0.0,0.0,58.0,58.0,,165.310715,0.35,0.3,0.35,168.000748,0.35,0.3,0.35,
12/31/2004,1748.0,,-1558.0,,,190.0,,-94.0,,,96.0,-74.0,,91.0,-3.0,-91.0,,77.0,22.0,-26.0,-4.0,0.0,,,-4.0,-23.0,-27.0,0.0,0.0,-27.0,-27.0,,165.448,-0.16,-0.16,-0.04,170.466,-0.16,-0.16,-0.04,
03/31/2005,1529.0,,-1286.0,,,243.0,,-145.0,84.0,61.0,98.0,-117.0,92.0,94.0,-2.0,30.0,,-5.0,-19.0,5.0,-14.0,-8.0,,,-6.0,-4.0,-10.0,0.0,0.0,-10.0,-10.0,,165.819217,-0.06,-0.11,-0.01,171.863163,-0.06,-0.11,-0.01,
06/30/2005,1783.0,,-1464.0,,,319.0,,-150.0,88.0,62.0,169.0,-143.0,93.0,95.0,-2.0,65.0,,-15.0,26.0,-3.0,23.0,-12.0,,,35.0,-7.0,28.0,0.0,0.0,28.0,28.0,,165.694221,0.17,0.1,0.2147,171.526145,0.16,0.09,0.2008,
09/30/2005,1890.0,,-1555.0,,,335.0,,-150.0,87.0,63.0,185.0,-76.0,92.0,94.0,-2.0,-19.0,,3.0,109.0,-17.0,92.0,4.0,,,88.0,-10.0,78.0,0.0,0.0,78.0,78.0,,165.867132,0.47,0.49,0.5,171.909751,0.45,0.47,0.48,
12/31/2005,1575.0,,-1324.0,,,251.0,,-143.0,,,108.0,-498.0,75.0,78.0,-3.0,18.0,,405.0,-390.0,6.0,-384.0,56.0,,,-440.0,-18.0,-458.0,0.0,0.0,-458.0,-458.0,,166.228,-2.76,-2.42,0.0,166.228,-2.76,-2.42,0.0,
03/31/2006,1524.0,,-1284.0,,,240.0,,-135.0,81.0,54.0,105.0,-72.0,64.0,67.0,-3.0,0.0,,8.0,33.0,-7.0,26.0,2.0,,,24.0,-14.0,10.0,0.0,0.0,10.0,10.0,,167.075638,0.06,0.07,0.13,171.640555,0.06,0.07,0.13,
06/30/2006,1781.0,,-1478.0,,,303.0,0.0,-132.0,74.0,58.0,171.0,-63.0,67.0,70.0,-3.0,-9.0,,5.0,108.0,-19.0,89.0,24.0,,,65.0,-15.0,50.0,0.0,0.0,50.0,50.0,,167.085962,0.3,0.44,0.43,170.917175,0.29,0.43,0.42,
09/30/2006,2022.0,,-1702.0,,,320.0,,-136.0,78.0,58.0,184.0,-69.0,71.0,73.0,-2.0,-1.0,,-1.0,115.0,-16.0,99.0,2.0,,,97.0,-12.0,85.0,0.0,0.0,85.0,85.0,,165.711447,0.51,0.52,0.52,169.829685,0.5,0.51,0.504,
12/31/2006,1676.0,,-1420.0,,,256.0,,-141.0,,,115.0,-37.0,72.0,76.0,-4.0,16.0,,-51.0,78.0,104.0,182.0,6.0,,,176.0,-14.0,164.0,0.0,0.0,164.0,164.0,,162.286149,1.0,1.04,0.14,166.666073,0.97,1.01,0.13,
03/31/2007,1713.0,,-1443.0,,,270.0,,-150.0,,,120.0,-72.0,73.0,76.0,-3.0,-1.0,,0.0,48.0,-18.0,30.0,0.0,,,30.0,-12.0,18.0,0.0,0.0,18.0,18.0,,162.273453,0.11,0.11,0.11,166.681274,0.11,0.11,0.11,
06/30/2007,1990.0,,-1647.0,,,343.0,,-150.0,93.0,57.0,193.0,-61.0,73.0,77.0,-4.0,-7.0,,-5.0,132.0,-22.0,110.0,0.0,,,110.0,-19.0,91.0,0.0,0.0,91.0,91.0,,162.900139,0.56,0.54,0.4541,167.182198,0.54,0.53,0.4463,
09/30/2007,2153.0,,-1785.0,,,368.0,,-153.0,,,215.0,-77.0,77.0,79.0,-2.0,-5.0,,5.0,138.0,-22.0,116.0,,,,116.0,-23.0,93.0,0.0,0.0,93.0,93.0,,161.238846,0.58,0.58,0.6,165.217102,0.56,0.56,0.58,
12/31/2007,1871.0,,-1596.0,,,275.0,,-161.0,100.0,61.0,114.0,-231.0,81.0,86.0,-5.0,1.0,,149.0,-117.0,462.0,345.0,0.0,,,345.0,-19.0,326.0,0.0,0.0,326.0,326.0,,158.876567,2.05,2.05,0.01,162.741499,2.0,2.0,0.01,
03/31/2008,1863.0,,-1554.0,,,309.0,,-155.0,,,154.0,-80.0,74.0,77.0,-3.0,4.0,,2.0,74.0,-26.0,48.0,0.0,,,48.0,-21.0,27.0,0.0,0.0,27.0,27.0,,159.187317,0.17,0.17,0.18,162.776276,0.17,0.17,0.18,
06/30/2008,2196.0,,-1789.0,,,407.0,,-161.0,105.0,56.0,246.0,-74.0,77.0,79.0,-2.0,1.0,,-1.0,172.0,-42.0,130.0,,,,130.0,-31.0,99.0,0.0,0.0,99.0,99.0,,159.63167,0.62,0.62,0.624079,163.298467,0.61,0.61,0.61,
09/30/2008,2369.0,,-1938.0,,,431.0,0.0,-158.0,102.0,56.0,273.0,-83.0,73.0,76.0,-3.0,5.0,-2.0,5.0,190.0,-45.0,143.0,0.0,,,143.0,-29.0,114.0,0.0,0.0,114.0,114.0,,160.006745,0.71,0.71,0.73,163.441406,0.7,0.7,0.72,
12/31/2008,1877.0,,-1600.0,,,277.0,0.0,-138.0,87.0,51.0,139.0,-131.0,67.0,70.0,-3.0,15.0,,48.0,8.0,1.0,9.0,0.0,,,9.0,-23.0,-14.0,0.0,0.0,-14.0,-14.0,11.0,159.527322,-0.09,-0.09,-0.02,162.204888,-0.09,-0.09,-0.02,
03/31/2009,1684.0,1684.0,-1392.0,1392.0,47.0,292.0,0.0,-137.0,89.0,1.0,155.0,-63.0,59.0,61.0,-2.0,4.0,-5.0,0.0,92.0,-24.0,63.0,0.0,0.0,0.0,63.0,-23.0,40.0,0.0,0.0,40.0,45.65,5.65,158.491731,0.25,0.25,0.288028,161.28688,0.25,0.25,0.285031,
06/30/2009,2055.0,2055.0,-1676.0,1676.0,46.0,379.0,0.0,-136.0,90.0,0.0,243.0,-61.0,61.0,62.0,-1.0,,1.0,0.0,182.0,-44.0,139.0,0.0,0.0,0.0,139.0,-34.0,105.0,0.0,0.0,105.0,105.35,0.35,158.920842,0.66,0.66,0.662909,161.728278,0.65,0.65,0.652164,
09/30/2009,2282.0,2282.0,-1868.0,1868.0,49.0,414.0,0.0,-183.0,95.0,39.0,231.0,-87.0,65.0,66.0,-1.0,-5.0,,27.0,144.0,-3.0,141.0,0.0,0.0,0.0,141.0,-33.0,108.0,0.0,0.0,108.0,130.35,22.35,159.208879,0.68,0.68,0.818736,162.120722,0.67,0.67,0.80786,
12/31/2009,1917.0,1917.0,-1615.0,1615.0,52.0,302.0,0.0,-211.0,107.0,52.0,91.0,-50.0,56.0,58.0,-2.0,-5.0,2.0,-1.0,41.0,64.0,107.0,0.0,0.0,0.0,107.0,-26.0,81.0,0.0,0.0,81.0,47.0,-34.0,159.920777,0.51,0.51,0.293896,162.636437,0.5,0.5,0.293896,
03/31/2010,1777.0,1777.0,-1483.0,1483.0,44.0,294.0,0.0,-144.0,79.0,21.0,150.0,-44.0,46.0,47.0,-1.0,-2.0,,0.0,106.0,-39.0,67.0,0.0,0.0,0.0,67.0,-26.0,41.0,0.0,0.0,41.0,49.0,8.0,160.714929,0.26,0.26,0.304888,163.100074,0.25,0.25,0.29905,
06/30/2010,2010.0,2010.0,-1631.0,1631.0,44.0,379.0,0.0,-135.0,95.0,-4.0,244.0,-43.0,43.0,45.0,-2.0,,,0.0,201.0,-57.0,144.0,0.0,0.0,0.0,144.0,-32.0,112.0,0.0,0.0,112.0,109.0,-3.0,160.961879,0.7,0.7,0.677179,163.292749,0.69,0.69,0.671628,
09/30/2010,2205.0,2205.0,-1788.0,1788.0,40.0,417.0,0.0,-143.0,82.0,21.0,274.0,-66.0,52.0,55.0,-3.0,-2.0,,16.0,208.0,-47.0,161.0,0.0,0.0,0.0,161.0,-35.0,126.0,0.0,0.0,126.0,137.75,11.75,159.181133,0.79,0.79,0.865366,161.674329,0.78,0.78,0.852677,
12/31/2010,1949.0,1949.0,-1617.0,1617.0,44.0,332.0,0.0,-180.0,104.0,32.0,152.0,-53.0,53.0,56.0,-3.0,,3.0,0.0,99.0,-22.0,80.0,0.0,0.0,0.0,80.0,-35.0,45.0,0.0,0.0,45.0,68.0,23.0,156.782335,0.29,0.29,0.433722,160.04688,0.28,0.28,0.423708,
03/31/2011,1882.0,1882.0,-1550.0,1550.0,40.0,332.0,0.0,-167.0,102.0,25.0,165.0,-82.0,52.0,56.0,-4.0,,,30.0,83.0,-41.0,42.0,0.0,0.0,0.0,42.0,-26.0,16.0,0.0,0.0,16.0,102.0,60.0,154.610056,0.1,0.1,0.491559,157.92869,0.1,0.1,0.479918,
06/30/2011,2281.0,2281.0,-1865.0,1865.0,45.0,416.0,0.0,-145.0,100.0,0.0,271.0,-61.0,58.0,60.0,-2.0,1.0,,2.0,210.0,-54.0,156.0,0.0,0.0,0.0,156.0,-27.0,129.0,0.0,0.0,129.0,130.0,1.0,152.3444,0.85,0.85,0.85333,155.486354,0.83,0.83,0.836431,
09/30/2011,2423.0,2423.0,-1980.0,1980.0,47.0,443.0,0.0,-143.0,96.0,0.0,300.0,-55.0,56.0,58.0,-2.0,-1.0,1.0,0.0,245.0,-87.0,159.0,0.0,0.0,0.0,159.0,-30.0,129.0,0.0,0.0,129.0,154.0,25.0,150.138644,0.86,0.86,1.025719,152.680719,0.84,0.84,1.00374,
12/31/2011,2058.0,2058.0,-1725.0,1725.0,44.0,333.0,0.0,-227.0,97.0,86.0,106.0,-57.0,55.0,58.0,-3.0,2.0,2.0,0.0,49.0,-12.0,39.0,0.0,0.0,0.0,39.0,-31.0,8.0,0.0,0.0,8.0,73.0,65.0,149.799805,0.05,0.05,0.487317,152.123484,0.05,0.05,0.477284,
03/31/2012,1947.0,1947.0,-1618.0,1618.0,42.0,329.0,0.0,-148.0,106.0,0.0,181.0,-59.0,56.0,58.0,-2.0,3.0,,0.0,122.0,-32.0,90.0,0.0,0.0,0.0,90.0,-21.0,69.0,0.0,0.0,69.0,69.0,0.0,147.8,0.47,0.47,0.47,150.0,0.46,0.46,0.46,
06/30/2012,2184.0,2184.0,-1799.0,1799.0,45.0,385.0,0.0,-128.0,90.0,-7.0,257.0,-49.0,54.0,55.0,-1.0,-5.0,,0.0,208.0,-51.0,157.0,0.0,0.0,0.0,157.0,-23.0,134.0,0.0,0.0,134.0,126.0,-8.0,148.0,0.91,0.91,0.851351,150.5,0.89,0.89,0.836844,
09/30/2012,2302.0,2302.0,-1887.0,1887.0,46.0,415.0,0.0,-131.0,92.0,-7.0,284.0,-53.0,55.0,57.0,-2.0,-2.0,2.0,0.0,231.0,111.0,344.0,0.0,0.0,0.0,344.0,-19.0,325.0,0.0,0.0,325.0,317.0,-8.0,145.5,2.23,2.23,2.178694,147.8,2.2,2.2,2.145873,
12/31/2012,2037.0,2037.0,-1709.0,1709.0,47.0,328.0,0.0,-190.0,94.0,49.0,138.0,-57.0,54.0,56.0,-2.0,3.0,3.0,0.0,81.0,-11.0,73.0,0.0,0.0,0.0,73.0,-42.0,31.0,0.0,0.0,31.0,70.0,39.0,143.035092,0.22,0.22,0.48939,145.322962,0.21,0.21,0.478368,
03/31/2013,1973.0,1973.0,-1640.0,1640.0,34.0,333.0,0.0,-142.0,104.0,4.0,191.0,-98.0,58.0,60.0,-2.0,2.0,-2.0,38.0,93.0,-24.0,67.0,0.0,0.0,0.0,67.0,-26.0,41.0,0.0,0.0,41.0,72.0,31.0,142.5,0.29,0.29,0.505263,144.0,0.28,0.28,0.495278,
06/30/2013,2223.0,2223.0,-1818.0,1818.0,30.0,405.0,0.0,-136.0,102.0,4.0,269.0,-60.0,60.0,61.0,-1.0,,1.0,0.0,209.0,-55.0,155.0,0.0,0.0,0.0,155.0,-22.0,133.0,0.0,0.0,133.0,137.0,4.0,141.2,0.94,0.94,0.970255,142.5,0.93,0.93,0.95807,
09/30/2013,2389.0,2389.0,-1995.0,1961.0,,394.0,0.0,-144.0,113.0,31.0,250.0,-55.0,57.0,58.0,-1.0,-2.0,-1.0,0.0,195.0,-67.0,127.0,0.0,0.0,0.0,127.0,-26.0,101.0,0.0,0.0,101.0,145.0,44.0,137.8,0.73,0.73,1.05225,139.2,0.73,0.73,1.046092,
12/31/2013,2071.0,2071.0,-1761.0,1761.0,36.0,310.0,0.0,-169.0,106.0,27.0,141.0,-62.0,56.0,57.0,-1.0,3.0,2.0,3.0,79.0,-2.0,79.0,0.0,0.0,0.0,79.0,-30.0,49.0,0.0,0.0,49.0,66.0,17.0,136.569737,0.36,0.36,0.48327,137.68866,0.36,0.36,0.48327,
03/31/2014,1993.0,1993.0,-1696.0,1661.0,,297.0,0.0,-156.0,104.0,52.0,141.0,-62.0,56.0,58.0,-2.0,6.0,,0.0,79.0,-33.0,46.0,0.0,0.0,0.0,46.0,-22.0,24.0,0.0,0.0,24.0,79.0,55.0,136.8194,0.18,0.18,0.577403,137.910635,0.17,0.17,0.568809,
06/30/2014,2383.0,2383.0,-2007.0,1960.0,,376.0,0.0,-134.0,103.0,31.0,242.0,-65.0,65.0,66.0,-1.0,,,0.0,177.0,-50.0,127.0,0.0,0.0,0.0,127.0,-21.0,106.0,0.0,0.0,106.0,139.75,33.75,137.246172,0.77,0.77,1.018243,138.599132,0.76,0.76,1.003508,
09/30/2014,2594.0,2594.0,-2172.0,2119.0,,422.0,0.0,-103.0,95.0,8.0,319.0,-94.0,62.0,64.0,-2.0,-2.0,,34.0,225.0,41.0,266.0,0.0,0.0,0.0,266.0,-22.0,244.0,0.0,0.0,244.0,188.0,-56.0,137.378646,1.78,1.78,1.368481,138.662223,1.76,1.76,1.356141,
12/31/2014,2127.0,2127.0,-1840.0,1785.0,,287.0,0.0,-179.0,96.0,83.0,108.0,-73.0,63.0,65.0,-2.0,10.0,,0.0,35.0,1.0,36.0,0.0,0.0,0.0,36.0,-23.0,13.0,0.0,0.0,13.0,67.6,54.6,137.451835,0.09,0.09,0.491809,138.79608,0.09,0.09,0.483383,
03/31/2015,1997.0,1997.0,-1711.0,1660.0,,286.0,0.0,-118.0,98.0,20.0,168.0,-69.0,63.0,65.0,-2.0,6.0,,0.0,99.0,-37.0,62.0,0.0,0.0,0.0,62.0,-18.0,44.0,0.0,0.0,44.0,66.0,22.0,137.7,0.32,0.32,0.479303,139.0,0.32,0.32,0.478273,
06/30/2015,2278.0,2278.0,-1905.0,1843.0,,373.0,0.0,-96.0,99.0,-3.0,277.0,-75.0,67.0,69.0,-2.0,-1.0,,9.0,202.0,-49.0,153.0,0.0,0.0,0.0,153.0,-11.0,142.0,0.0,0.0,142.0,143.0,1.0,137.9,1.03,1.03,1.036983,139.3,1.02,1.02,1.027179,
09/30/2015,2460.0,2460.0,-2045.0,1984.0,,415.0,0.0,-134.0,94.0,40.0,281.0,-73.0,64.0,68.0,-4.0,9.0,,0.0,208.0,-48.0,160.0,0.0,0.0,0.0,160.0,-19.0,141.0,0.0,0.0,141.0,186.0,45.0,138.1,1.02,1.02,1.34685,139.1,1.01,1.01,1.333508,
12/31/2015,2027.0,2027.0,-1692.0,1629.0,,335.0,0.0,-134.0,99.0,35.0,201.0,-71.0,65.0,68.0,-3.0,6.0,,0.0,130.0,-44.0,86.0,0.0,0.0,0.0,86.0,-20.0,66.0,0.0,0.0,66.0,97.000006,31.000006,138.083619,0.48,0.48,0.702473,139.269286,0.47,0.47,0.69259,
03/31/2016,1893.0,1893.0,-1581.0,1521.0,,312.0,0.0,-93.0,91.0,2.0,219.0,-82.0,61.0,64.0,-3.0,-6.0,,27.0,137.0,-38.0,99.0,0.0,0.0,0.0,99.0,-20.0,79.0,0.0,0.0,79.0,96.0,17.0,138.105319,0.57,0.57,0.695122,138.99263,0.57,0.57,0.692309,
06/30/2016,2142.0,2142.0,-1756.0,1691.0,,386.0,0.0,-91.0,94.0,-3.0,295.0,-45.0,56.0,58.0,-2.0,-11.0,,0.0,250.0,-65.0,185.0,0.0,0.0,0.0,185.0,-16.0,169.0,0.0,0.0,169.0,164.714286,-4.285714,138.5,1.22,1.22,1.189273,139.3,1.21,1.21,1.179234,
09/30/2016,2326.0,2326.0,-1901.0,1838.0,,425.0,0.0,-110.0,90.0,20.0,315.0,-61.0,56.0,59.0,-3.0,-5.0,,10.0,254.0,-48.0,206.0,0.0,0.0,0.0,206.0,-23.0,183.0,0.0,0.0,183.0,185.333333,2.333333,138.7,1.32,1.32,1.336217,139.5,1.31,1.31,1.326726,
12/31/2016,1923.0,1923.0,-1592.0,1533.0,,331.0,0.0,-139.0,93.0,46.0,192.0,-64.0,58.0,62.0,-4.0,6.0,,0.0,128.0,-35.0,93.0,0.0,0.0,0.0,93.0,-28.0,65.0,0.0,0.0,65.0,98.318175,33.318175,138.783951,0.47,0.47,0.708426,139.527141,0.47,0.47,0.708426,
03/31/2017,1901.0,1901.0,-1590.0,1531.0,,311.0,0.0,-86.0,90.0,-4.0,225.0,-46.0,59.0,62.0,-3.0,-1.0,,-12.0,179.0,-46.0,133.0,0.0,0.0,0.0,133.0,-26.0,107.0,0.0,0.0,107.0,99.0,-8.0,138.475013,0.77,0.77,0.71493,138.956825,0.77,0.77,0.712428,
06/30/2017,2161.0,2161.0,-1780.0,1719.0,,381.0,0.0,-110.0,92.0,18.0,271.0,-70.0,58.0,61.0,-3.0,5.0,,7.0,201.0,-53.0,148.0,0.0,0.0,0.0,148.0,-20.0,128.0,0.0,0.0,128.0,150.454545,22.454545,135.273342,0.95,0.95,1.112226,135.717734,0.94,0.94,1.10545,
09/30/2017,2468.0,2468.0,-2035.0,1972.0,,433.0,0.0,-105.0,89.0,16.0,328.0,-41.0,60.0,64.0,-4.0,0.0,0.0,-19.0,287.0,-79.0,208.0,0.0,0.0,0.0,208.0,-31.0,177.0,0.0,0.0,177.0,191.36,14.36,134.0,1.32,1.32,1.42806,134.4,1.32,1.32,1.426845,
12/31/2017,2168.0,2168.0,-1835.0,1771.0,,333.0,0.0,-121.0,97.0,24.0,212.0,-50.0,60.0,65.0,-5.0,8.0,,-18.0,162.0,-223.0,-61.0,0.0,0.0,0.0,-61.0,-28.0,-89.0,0.0,0.0,-89.0,106.0,195.0,133.445697,-0.67,-0.67,0.794331,133.804236,-0.67,-0.67,0.787353,
03/31/2018,2197.0,2197.0,-1873.0,1808.0,,324.0,0.0,-103.0,90.0,13.0,221.0,-69.0,68.0,74.0,-6.0,18.0,,-17.0,152.0,-39.0,113.0,0.0,0.0,0.0,113.0,-23.0,90.0,0.0,0.0,90.0,124.36,34.36,133.479364,0.67,0.67,0.93168,133.806636,0.67,0.67,0.926788,
06/30/2018,3046.0,3046.0,-2579.0,2466.0,,467.0,0.0,-175.0,159.0,16.0,292.0,-91.0,98.0,103.0,-5.0,10.0,1.0,-17.0,201.0,-55.0,147.0,0.0,0.0,0.0,147.0,-15.0,132.0,0.0,0.0,132.0,175.298976,43.298976,133.612348,0.99,0.99,1.311997,133.844185,0.99,0.99,1.311997,
09/30/2018,3174.0,3174.0,-2657.0,2530.0,,517.0,0.0,-152.0,153.0,-1.0,365.0,-72.0,99.0,105.0,-6.0,-14.0,2.0,-13.0,293.0,-102.0,193.0,0.0,0.0,0.0,193.0,-29.0,164.0,0.0,0.0,164.0,189.88,25.88,133.729731,1.23,1.23,1.419879,133.849368,1.23,1.23,1.419879,
12/31/2018,2734.0,2734.0,-2344.0,2224.0,,390.0,0.0,-172.0,156.0,16.0,218.0,-124.0,98.0,102.0,-4.0,4.0,1.0,22.0,94.0,-20.0,75.0,0.0,0.0,0.0,75.0,-22.0,53.0,0.0,0.0,53.0,99.0,46.0,133.738344,0.4,0.4,0.740251,134.095905,0.4,0.4,0.740251,
03/31/2019,2755.0,2755.0,-2332.0,2210.0,,423.0,0.0,-161.0,157.0,4.0,262.0,-84.0,95.0,98.0,-3.0,1.0,1.0,-12.0,178.0,-48.0,131.0,0.0,0.0,0.0,131.0,-28.0,103.0,0.0,0.0,103.0,108.0,5.0,133.789042,0.77,0.77,0.807241,134.437309,0.77,0.77,0.807192,
06/30/2019,3035.0,3035.0,-2540.0,2417.0,,495.0,0.0,-112.0,157.0,-45.0,383.0,-123.0,93.0,97.0,-4.0,1.0,2.0,29.0,260.0,-88.0,174.0,0.0,0.0,0.0,174.0,-37.0,137.0,0.0,0.0,137.0,120.5,-16.5,133.9,1.02,1.02,0.899925,134.8,1.02,1.02,0.897596,
09/30/2019,3084.0,3084.0,-2576.0,2455.0,,508.0,0.0,-156.0,156.0,0.0,352.0,-95.0,90.0,95.0,-5.0,4.0,1.0,1.0,257.0,-54.0,204.0,0.0,0.0,0.0,204.0,-21.0,183.0,0.0,0.0,183.0,179.0,-4.0,133.90682,1.37,1.37,1.33675,134.981636,1.36,1.36,1.330366,
12/31/2019,2791.0,2791.0,-2391.0,2267.0,,400.0,0.0,-201.0,161.0,40.0,199.0,-108.0,83.0,88.0,-5.0,3.0,1.0,22.0,91.0,24.0,116.0,0.0,0.0,0.0,116.0,-29.0,87.0,0.0,0.0,87.0,107.292135,20.292135,133.9877,0.65,0.65,0.800761,135.187487,0.64,0.64,0.790104,
03/31/2020,2757.0,2757.0,-2342.0,2220.0,,415.0,0.0,-169.0,162.0,7.0,246.0,-95.0,76.0,80.0,-4.0,-12.0,1.0,31.0,151.0,-38.0,114.0,0.0,0.0,0.0,114.0,-26.0,88.0,0.0,0.0,88.0,125.37,37.37,134.082846,0.66,0.66,0.935019,135.044981,0.65,0.65,0.926723,
06/30/2020,2689.0,2689.0,-2272.0,2155.0,,417.0,0.0,-142.0,139.0,3.0,275.0,-83.0,75.0,76.0,-1.0,-5.0,2.0,13.0,192.0,-53.0,141.0,0.0,0.0,0.0,141.0,-15.0,126.0,0.0,0.0,126.0,144.0,18.0,133.268852,0.95,0.95,1.080523,134.002315,0.94,0.94,1.074326,
09/30/2020,3023.6,,,,,616.8144,,,,,374.0,,,,,,,,304.0,,191.333,,,,,,191.333,,,191.333,211.333,,,1.423,1.423,1.578,,1.423,1.423,1.578,
12/31/2020,2789.0,,,,,534.0935,,,,,318.0,,,,,,,,229.2,,124.667,,,,,,124.667,,,124.667,152.333,,,0.927,0.927,1.148,,0.927,0.927,1.148,
