Date,Revenue,Sales & Services Revenue,Cost of Revenue,Cost of Goods & Services,Gross Profit,Other Operating Income,Operating Expenses,"Selling, General & Admin",Selling & Marketing,General & Administrative,Research & Development,Other Operating Expense,Operating Income (Loss),Non-Operating (Income) Loss,"Interest Expense, Net",Interest Expense,Interest Income,Foreign Exch (Gain) Loss,(Income) Loss from Affiliates,Other Non-Op (Income) Loss,Pretax Income,Income Tax Expense (Benefit),Income (Loss) from Cont Ops,Net Extraordinary Losses (Gains),Discontinued Operations,XO & Accounting Changes,Income (Loss) Incl. MI,Minority Interest,"Net Income, GAAP",Preferred Dividends,Other Adjustments,"Net Income Avail to Common, GAAP","Net Income Avail to Common, Adj",Net Abnormal Losses (Gains),Basic Weighted Avg Shares,"Basic EPS, GAAP",Basic EPS from Cont Ops,"Basic EPS from Cont Ops, Adjusted",Diluted Weighted Avg Shares,"Diluted EPS, GAAP",Diluted EPS from Cont Ops,"Diluted EPS from Cont Ops, Adjusted",Source: Bloomberg
12/31/1989,47.365002,,,,,,,,,,,,,,,,,,,,,,,,,,,,7.442999,,,7.442999,7.442999,,142.753498,0.051111,0.051111,,142.753498,0.051111,0.051111,0.051111,
03/31/1990,50.187,,-9.184,,41.003,,-28.882999,,,,,,12.12,1.077,,,,0.0,,-1.077,13.197,-4.836,8.361,0.0,,,8.361,0.0,8.361,0.0,,8.361,8.361,,142.7805,0.057778,0.057778,,142.7805,0.057778,0.057778,0.057778,
06/30/1990,52.319,,-9.626,,42.693,,-31.204,,,,,,11.489,1.228,,,,0.0,,-1.228,12.717,-4.867,7.85,0.0,,,7.85,0.0,7.85,0.0,,7.85,7.85,,144.607492,0.053333,0.053333,,144.607492,0.053333,0.053333,0.053333,
09/30/1990,59.584,,-10.312,,49.271999,,-35.071999,,,,,,14.2,0.395,,,,0.0,,-0.395,14.595,-4.07,10.525,0.0,,,10.525,0.0,10.525,0.0,,10.525,10.525,,144.270006,0.073333,0.073333,,144.270006,0.073333,0.073333,0.073333,
12/31/1990,69.343002,,-12.189,,57.154002,,-42.362999,,,,,,14.791,1.006,,,,0.0,,-1.006,15.797,-4.526,11.271,0.0,,,11.271,0.0,11.271,-0.956,,10.315,10.315,,157.514763,0.08,0.08,,157.514763,0.08,0.08,0.08,
03/31/1991,93.919998,,-24.073999,,69.845999,,-59.967999,,,,,,9.878,0.578,,,,0.0,,-0.578,10.456,-3.296,7.16,0.0,,,7.16,0.0,7.16,-0.336,,6.824,6.824,,196.541994,0.035556,0.035556,,196.541994,0.035556,0.035556,0.035556,
06/30/1991,91.056,,-25.488001,,65.567999,,-61.332001,,,,,,4.236,1.248,,,,0.0,,-1.248,5.484,-1.346,4.138,0.0,,,4.138,0.0,4.138,-0.336,,3.802,3.802,,198.180004,0.02,0.02,,198.180004,0.02,0.02,0.02,
09/30/1991,96.307999,,-24.599001,,71.708998,,-62.884998,,,,,,8.824,0.868,,,,0.0,,-0.868,9.692,-2.873,6.819,0.0,,,6.819,0.0,6.819,-0.336,,6.483,6.483,,197.441998,0.033333,0.033333,,197.441998,0.033333,0.033333,0.033333,
01/01/1992,110.271004,,-27.274,,82.997004,,-70.739998,,,,,,12.257,-50.091999,,,,0.0,,50.091999,-37.834999,-2.685,-40.52,0.0,,,-40.519999,0.0,-40.52,-0.336,,-40.856,-40.856,,188.315998,-0.217778,-0.217778,,188.315998,-0.217778,-0.217778,-0.217778,
03/31/1992,101.361,,-25.0,,76.361,,-64.027,,,,,,12.334,0.275,,,,0.0,,-0.275,12.609,-2.9,9.709,0.0,,,9.709,0.0,9.709,-0.28,,9.429,9.429,,205.083006,0.046667,0.046667,,205.083006,0.046667,0.046667,0.046667,
06/30/1992,105.853996,,-26.415001,,79.438995,,-63.737999,,,,,,15.701,0.37,,,,0.0,,-0.37,16.071,-3.123,12.948,0.0,,,12.948,0.0,12.948,-0.162,,12.786,12.786,,206.032499,0.062222,0.062222,,206.032499,0.062222,0.062222,0.062222,
09/30/1992,106.468002,,-26.518,,79.950003,,-65.147003,,,,,,14.803,1.292,,,,0.0,,-1.292,16.095001,-3.38,12.715,0.0,,,12.715,0.0,12.715,-0.075,,12.64,12.64,,205.330507,0.062222,0.062222,,205.330507,0.062222,0.062222,0.062222,
12/31/1992,120.817001,,-28.871,,91.946001,,-69.049004,,,,,,22.896999,0.674,,,,0.0,,-0.674,23.570999,-3.583,19.988001,0.0,,,19.987999,0.0,19.988001,-0.042,,19.946001,19.946001,,206.091002,0.097778,0.097778,,206.091002,0.097778,0.097778,0.097778,
03/31/1993,76.116997,,-20.847,,55.269997,,-63.894001,,,,,,-8.624,-13.424,,,,0.0,,13.424,-22.047999,5.732,-16.316,0.0,,,-16.316,0.0,-16.316,0.0,,-16.316,-16.316,,198.612007,-0.082222,-0.082222,,198.612007,-0.082222,-0.082222,-0.082222,
06/30/1993,88.814003,,-22.739,,66.075003,,-64.472,,,,,,1.603,-0.479,,,,0.0,,0.479,1.124,-0.292,0.832,0.0,,,0.832,0.0,0.832,0.0,,0.832,0.832,,193.549507,0.004444,0.004444,,193.549507,0.004444,0.004444,0.004444,
09/30/1993,97.615997,,-22.836,,74.779997,,-68.762001,,,,,,6.018,-0.962,,,,0.0,,0.962,5.056,-1.314,3.742,0.0,,,3.742,0.0,3.742,0.0,,3.742,3.742,,202.571995,0.017778,0.017778,,202.571995,0.017778,0.017778,0.017778,
12/31/1993,106.075996,,-22.929001,,83.146996,,-70.908997,,,,,,12.238,-9.149,,,,0.0,,9.149,3.089,-4.126,-1.037,0.0,,,-1.037,0.0,-1.037,0.0,,-1.037,-1.037,,209.542494,-0.004444,-0.004444,,209.542494,-0.004444,-0.004444,-0.004444,
03/31/1994,96.778,,-23.541,,73.237,,-66.612,,,,,,6.625,-11.757,,,,0.0,,11.757,-5.132,1.283,-3.849,0.0,,,-3.849,0.0,-3.849,0.0,,-3.849,-3.849,,185.436001,-0.02,-0.02,,185.436001,-0.02,-0.02,-0.02,
06/30/1994,101.042999,,-22.569,,78.473999,,-67.524002,,,,,,10.95,2.493,,,,0.0,,-2.493,13.443,-3.361,10.082,0.0,,,10.082,0.0,10.082,0.0,,10.082,10.082,,200.592001,0.051111,0.051111,,200.592001,0.051111,0.051111,0.051111,
09/30/1994,109.598,,-23.096001,,86.501999,,-69.365997,,,,,,17.136,-4.493,,,,0.0,,4.493,12.643,-3.16,9.483,0.0,,,9.483,0.0,9.483,0.0,,9.483,9.483,,193.697994,0.048889,0.048889,,193.697994,0.048889,0.048889,0.048889,
12/31/1994,121.653,,-25.400999,,96.252001,,-72.209,,,,,,24.042999,3.866,,,,0.0,,-3.866,27.908999,-6.976929,20.931999,0.0,,,20.93207,0.0,20.931999,0.0,,20.931999,20.931999,,191.974497,0.108889,0.108889,0.108889,191.974497,0.108889,0.108889,0.108889,
04/01/1995,116.032997,,-24.962999,,91.069998,,-72.581001,,,,,,18.489,-0.423,,,,0.0,,0.423,18.066,-4.516,13.55,0.0,,,13.550001,0.0,13.55,0.0,,13.55,13.55,,189.463503,0.071111,0.071111,0.071111,189.463503,0.071111,0.071111,0.071111,
07/01/1995,128.539001,,-29.451,,99.088001,,-74.971001,,,,,,24.117001,0.207,,,,0.0,,-0.207,24.324001,-7.353,16.971001,0.0,,,16.971,0.0,16.971001,0.0,,16.971001,16.971001,,185.759995,0.091111,0.091111,0.091111,185.759995,0.091111,0.091111,0.091111,
09/30/1995,140.089996,,-30.349001,,109.740995,,-77.074997,,,,,,32.666,17.208,,,,0.0,,-17.208,49.874001,-13.965,35.909,0.0,,,35.909,0.0,35.909,0.0,,35.909,35.909,,183.788996,0.196667,0.196667,0.196667,183.788996,0.196667,0.196667,0.196667,
12/30/1995,163.755997,,-31.767,,131.988997,,-89.401001,,,,,,42.588001,3.808,,,,0.0,,-3.808,46.396001,-11.993,32.181,0.0,,,34.403001,-1.341,30.84,0.0,,30.84,30.84,,184.563,0.166667,0.166667,0.166667,184.563,0.166667,0.166667,0.166667,
03/30/1996,163.429993,,-33.639,,129.790993,,-91.218002,,,,,,38.573002,-0.395,,,,0.0,,0.395,38.178002,-12.599,25.578613,0.0,,,25.579002,0.0,25.579,0.0,,25.579,25.579,,182.543999,0.14,0.14,0.14,182.543999,0.14,0.14,0.14,
06/29/1996,177.026001,,-37.764999,,139.261002,,-95.828003,,,,,,43.432999,-0.764,,,,0.0,,0.764,42.668999,-14.081,28.587999,0.0,,,28.587998,0.0,28.587999,0.0,,28.587999,28.587999,,183.682007,0.155,0.155,0.155,183.679688,0.155,0.155,0.155,
09/28/1996,188.740997,,-39.262001,,149.478996,,-99.497002,,,,,,49.981998,-1.196,,,,0.0,,1.196,48.785998,-16.099001,32.687,0.0,,,32.686998,0.0,32.687,0.0,,32.687,32.687,,180.341995,0.18,0.18,0.18,180.341995,0.18,0.18,0.18,
12/28/1996,212.261993,,-42.806999,,169.454994,,-109.640999,,,,,,59.813999,-94.041,,,,0.0,,94.041,-34.227001,-18.66,-54.799999,0.0,,,-52.887001,-3.016,-57.816002,0.0,,-57.816002,-57.816002,,160.371994,-0.36,-0.36,0.21,160.371994,-0.36,-0.36,0.21,
03/29/1997,187.548,,-38.897,,148.651,,-83.871,67.374,55.169,,,16.497,64.78,-11.748,,,,0.0,,11.748,53.032,-15.91,37.122,0.0,,,37.122,0.0,37.122,0.0,0.0,37.122,37.122,,199.304,0.185,0.185,0.245,199.304,0.185,0.185,0.245,
06/28/1997,210.466,,-43.592,,166.874,,-103.871,,,,,,63.003,-22.366,,,,0.0,,22.366,40.637,-12.191,28.446,0.0,,,28.446,0.0,28.446,0.0,,28.446,28.446,,212.916,0.135,0.135,0.135,213.731995,0.13,0.13,0.205,
09/27/1997,234.865997,,-46.319,,188.546997,,-113.931999,,,,,,74.614998,4.386,,,,0.0,,-4.386,79.000998,-23.700001,55.300999,0.0,,,55.300997,0.0,55.300999,0.0,,55.300999,55.300999,,204.167999,0.27,0.27,0.27,231.626007,0.24,0.24,0.24,
01/03/1998,283.013,,-53.264,,229.749001,,-136.076996,,,,,,93.671997,-6.712,,,,0.0,,6.712,86.959997,-26.087,60.873001,12.276,,,48.596997,0.0,48.597,0.0,,48.597,48.597,,208.304993,0.23,0.29,0.32,233.296005,0.21,0.26,0.29,
04/04/1998,293.787994,,-69.891998,,223.895996,,-146.490005,,,,,,77.405998,-57.539001,,,,0.0,,57.539001,19.866997,-21.820999,-1.954,0.0,,,-1.954002,0.0,-1.954,0.0,,-1.954,-1.954,,232.520004,-0.01,-0.01,0.22,232.520004,-0.01,-0.01,0.22,
07/04/1998,315.735992,,-83.288002,,232.44799,,-153.524002,,,,,,78.924004,3.365,,,,0.0,,-3.365,82.289004,-22.327,59.962002,0.0,,,59.962004,0.0,59.962002,0.0,,59.962002,59.962002,,234.841995,0.26,0.26,0.26,260.020996,0.23,0.23,0.23,
10/03/1998,334.18399,,-83.990997,,250.192993,,-162.354996,,,,,,87.837997,-155.970993,,,,0.0,,155.970993,-68.132996,-12.32,-80.453003,0.0,,,-80.452995,0.0,-80.453003,0.0,,-80.453003,-80.453003,,234.931,-0.34,-0.34,0.25,234.931,-0.34,-0.34,0.25,
01/02/1999,376.471985,,-81.521004,,294.950981,,-186.035995,,,,,,108.915001,-42.891998,,,,0.0,,42.891998,66.023003,-18.454,47.569,0.0,,,47.569002,0.0,47.569,0.0,,47.569,47.569,,236.126999,0.2,0.2,0.35,256.281006,0.19,0.19,0.34,
04/03/1999,335.19101,,-78.694,,256.497009,,-164.904999,,,,,,91.592003,-14.057,,,,0.0,,14.057,77.535003,-24.673,52.862,0.0,,,52.862002,0.0,52.862,0.0,,52.862,52.862,,240.072998,0.22,0.22,0.31,259.252991,0.2,0.2,0.29,
07/03/1999,264.192993,,-81.837997,,182.354996,,-167.054001,,,,,,15.301,-19.507,,,,0.0,,19.507,-4.206,1.199,-3.007,0.0,,,-3.007,0.0,-3.007,0.0,,-3.007,-3.007,,241.977997,-0.01,-0.01,0.08,241.977997,-0.01,-0.01,0.08,
10/02/1999,225.897003,,-81.577003,,144.32,,-185.932007,,,,,,-41.612,-11.651,,,,0.0,,11.651,-53.263,11.817,-41.445999,0.0,,,-41.445999,0.0,-41.445999,0.0,,-41.445999,-41.445999,,242.876999,-0.17,-0.17,-0.07,242.876999,-0.17,-0.17,-0.07,
01/01/2000,268.022003,,-82.734001,,185.288002,,-204.018005,,,,,,-18.73,-12.716,,,,0.0,,12.716,-31.445999,8.962,-22.483999,0.0,,,-22.483999,0.0,-22.483999,0.0,,-22.483999,-22.483999,,243.216995,-0.09,-0.09,0.0,243.216995,-0.09,-0.09,0.0,
04/01/2000,257.493011,,-83.667999,,173.825012,,-190.938004,,,,,,-17.113001,1.046,,,,0.0,,-1.046,-16.067001,4.258,-11.809,0.0,,,-11.809001,0.0,-11.809,0.0,0.0,-11.809,-11.809,,244.628998,-0.05,-0.05,0.01,244.628998,-0.05,-0.05,0.01,
07/01/2000,298.682007,,-88.012001,,210.670006,,-204.421997,,,,,,6.248,1.407,,,,0.0,,-1.407,7.655,-2.029,5.626,0.0,,,5.626,0.0,5.626,0.0,0.0,5.626,5.626,,244.404007,0.02,0.02,0.08,258.583008,0.02,0.02,0.08,
09/30/2000,332.460999,,-96.105003,,236.355995,,-209.227997,,,,,,27.128,-8.528,,,,0.0,,8.528,18.6,-4.929,13.671,0.0,,,13.671,0.0,13.671,0.0,0.0,13.671,13.671,,244.597,0.06,0.06,0.16,262.822998,0.05,0.05,0.14,
12/30/2000,390.914001,,-101.071999,,289.842003,,-235.869003,,,,,,53.973,3.834,,,,0.0,,-3.834,57.807,-15.319,42.487999,0.0,,,42.487999,0.0,42.487999,0.0,0.0,42.487999,42.487999,,244.628998,0.17,0.17,0.25,265.377014,0.16,0.16,0.24,
03/31/2001,344.657013,,-92.336998,,252.320015,,-223.154007,,,,,,29.166,-17.462,,,,0.0,,17.462,11.704,-7.882,3.822,0.0,,,3.822001,0.0,3.822,0.0,0.0,3.822,3.822,,245.994003,0.02,0.02,0.17,260.450989,0.01,0.01,0.16,
06/30/2001,347.575012,,-86.502998,,261.072014,,-230.086,,,,,,-230.086,-67.167999,,,,0.0,,67.167999,-36.718,7.829,-230.086,0.0,,,-28.889,0.0,-28.889,0.0,0.0,-28.889,-28.889,,248.02,-0.12,-0.12,0.143134,248.02,-0.12,-0.12,0.143134,
09/29/2001,360.008,,-97.53,,262.478,,-224.678,124.233,,,,100.445,37.8,167.686,,,,0.0,,-167.686,205.486,-78.061,127.425,0.0,,,127.425,0.0,127.425,0.0,0.0,127.425,127.425,,246.487,0.52,0.52,0.077803,256.978,0.5,0.5,0.057803,
12/29/2001,378.2,,-69.928,,308.272,,-237.047,136.116,,,,100.931,71.225,-9.549,,,,0.0,,9.549,61.676,-22.747,38.929,0.0,,,38.929,0.0,38.929,0.0,0.0,38.929,38.929,17.842,244.095,0.16,0.16,0.23,255.526,0.15,0.15,0.22,
03/30/2002,344.713989,,-67.293999,,277.419991,,-218.539993,,,,,,58.880001,-28.808001,,0.0,,0.0,,28.808001,30.072001,-8.727,21.344999,0.0,,,21.345,0.0,21.344999,0.0,0.0,21.344999,21.344999,,249.720001,0.09,0.09,0.19,260.871002,0.08,0.08,0.18,
06/29/2002,344.82,,-75.946,,268.874,,-235.88,121.722,,,,114.158,32.994,-83.344,0.421,0.421,,0.0,,82.923,-50.35,4.029,-46.321,0.0,,,-46.321,0.0,-46.321,0.0,0.0,-46.321,-46.321,36.09,251.25,-0.18,-0.18,-0.04,251.25,-0.18,-0.18,-0.04,
09/28/2002,327.236,,-58.715,,268.521,,-246.458,129.483,,,,116.975,22.063,-7.263,0.663,0.663,,0.0,,6.6,14.8,-6.569,8.231,0.0,,,8.231,0.0,8.231,0.0,0.0,8.231,8.231,31.65,267.3,0.03,0.03,0.15,271.437,0.03,0.03,0.15,
12/28/2002,273.691,,-56.424,,217.267,,-240.386,130.486,,,,109.9,-23.119,187.757,1.24,1.24,,0.0,,-188.997,164.638,-77.35,87.288,0.0,,,87.288,0.0,87.288,0.0,0.0,87.288,87.288,-130.016,268.702,0.32,0.32,-0.16,272.475,0.32,0.32,-0.16,
03/29/2003,263.052,,-57.359,,205.693,,-216.335,,,,,,-10.642,-5.883,0.674,0.674,,0.0,,5.209,-16.525,3.487,-13.038,0.0,,,-13.038,0.0,-13.038,0.0,0.0,-13.038,-13.038,,268.358,-0.05,-0.05,0.05,268.358,-0.05,-0.05,0.05,
06/28/2003,276.581,,-55.87,,220.711,,-221.918,,,,,,-1.207,-5.792,-0.16,0.64,-0.8,3.4,,2.552,-6.999,1.695,-5.304,,,,-5.304,,-5.304,,,-5.304,-5.304,,267.887,-0.02,-0.02,-0.02,267.887,-0.02,-0.02,-0.02,
09/27/2003,268.76001,,-51.362,,217.39801,,-211.733994,,,,,,5.664,-51.558,,2.392,,0.0,,49.166,-45.894,31.438,-14.456,0.0,,,-14.456001,0.0,-14.456,0.0,0.0,-14.456,-14.456,,266.755005,-0.05,-0.05,0.12,266.755005,-0.05,-0.05,0.12,
01/03/2004,307.608,,-52.058,,255.55,,-213.537,96.554,,,,116.983,42.013,-5.823,1.296,1.296,,0.0,,4.527,36.19,-12.667,23.523,0.0,,,23.523,0.0,23.523,0.0,0.0,23.523,23.523,1.696,264.178,0.09,0.09,0.1,274.366,0.09,0.09,0.1,
04/03/2004,265.724,,-55.318,,210.406,,-212.01,,,,,,-1.604,-9.621,1.557,1.557,,0.0,,8.064,-11.225,2.47,-8.755,0.0,,,-8.755,0.0,-8.755,0.0,0.0,-8.755,-8.755,,271.477,-0.03,-0.03,0.1,271.477,-0.03,-0.03,0.1,
07/03/2004,287.079,,-51.803,,235.276,,-218.897,,,,,,16.379,-11.628,0.499,1.699,-1.2,0.6,,10.529,4.751,-0.948,3.803,,,,3.803,,3.803,,,3.803,3.803,,272.362,0.01,0.01,-0.001,278.645,0.01,0.01,-0.001,
10/02/2004,301.580994,,-60.807999,,240.772995,,-203.466003,,,,,,37.306999,-8.772,,1.564,,0.0,,7.208,28.534999,-8.904,19.631001,0.0,,,19.630999,0.0,19.631001,0.0,0.0,19.631001,19.631001,,270.509003,0.07,0.07,0.19,274.876984,0.07,0.07,0.19,
01/01/2005,343.096,,-58.124,,284.972,,-216.555,,,,,,68.417,-4.041,,1.378,,0.0,,2.663,64.376,-4.581,59.795,0.0,,,59.795,0.0,59.795,0.0,0.0,59.795,59.795,,270.734,0.22,0.22,0.28,303.858,0.2,0.2,0.26,
04/02/2005,292.537,,-58.688,,233.849,,-217.981,,,,,,15.868,-14.363,1.381,1.381,,,,12.982,1.505,-0.482,1.023,,,,1.023,,1.023,,,1.023,1.023,43.936,274.201,0.0,0.0,0.16,307.354,0.0,0.0,0.15,
07/02/2005,320.911011,,-60.030998,,260.880013,,-237.779999,,,,,,23.1,-22.077,,1.345,-2.497,0.0,,23.229,1.023,-0.54,0.483,0.0,,,0.483,0.0,0.483,0.0,0.0,0.483,0.483,,277.0,0.0,0.0,0.19,310.821991,0.0,0.0,0.17,
10/01/2005,337.381012,,-70.169998,,267.211014,,-233.194,,,,,,34.016998,-0.332,,1.217,-4.346,0.0,,3.461,33.684998,-12.414,21.271,0.0,,,21.270999,0.0,21.271,0.0,0.0,21.271,21.271,,281.221985,0.08,0.08,0.24,317.740997,0.07,0.07,0.21,
12/31/2005,378.363,,-39.596,,338.767,,-248.186,,,,,,90.581,1.689,,1.503,-5.763,0.0,,2.571,92.27,-65.704,26.566,0.0,,,26.566,0.0,26.566,0.0,0.0,26.566,26.566,,281.628,0.09,0.09,0.33,319.647,0.08,0.08,0.29,
04/01/2006,328.213989,,-60.597,,267.616989,,-254.128006,,,,,,13.489,24.44,,3.54,-9.445,0.0,,-18.535,37.929,-16.568001,21.361,-0.418,,,21.778999,0.0,21.778999,0.0,0.0,21.778999,21.778999,,281.641998,0.08,0.08,0.22,315.354004,0.07,0.07,0.21,
07/01/2006,358.513,,-59.846,,298.667,,-256.638,,,,,,42.029,11.648,,3.381,-10.285,0.0,,-4.744,53.677,-23.289,30.388,0.0,,,30.388,0.0,30.388,0.0,0.0,30.388,30.388,,282.313,0.11,0.11,0.15,317.0,0.1,0.1,0.13,
09/30/2006,366.148,,-52.735,,313.413,0.0,-247.68,132.739,97.499,,,114.941,65.733,7.049,-6.904,2.959,-9.863,0.0,,-0.145,72.782,-30.722,42.06,0.0,,,42.06,0.0,42.06,0.0,0.0,42.06,42.06,,279.329,0.15,0.15,0.1937,312.266,0.14,0.14,0.1791,
12/30/2006,431.02,,-53.921,,377.099,0.0,-273.655,150.565,116.515,,,123.09,103.444,-25.954,-7.227,2.468,-9.695,0.0,,33.181,77.49,-29.125,48.365,0.0,,,48.365,0.0,48.365,0.0,0.0,48.365,48.365,,274.164,0.18,0.18,0.42,307.472,0.16,0.16,0.38,
03/31/2007,365.185,,-54.39,,310.795,0.0,-264.883,143.309,102.698,,,121.574,45.912,17.015,-8.762,3.46,-12.222,0.0,,-8.253,62.927,-18.506,44.421,0.0,,,44.421,0.0,44.421,0.0,0.0,44.421,44.421,,269.66,0.16,0.16,0.19,293.603,0.15,0.15,0.18,
06/30/2007,390.961,,-55.977,,334.984,,-262.833,,,,,,72.151,12.716,-9.577,3.064,-12.641,0.0,,-3.139,84.867,-25.271,59.596,0.0,,,59.596,0.0,59.596,0.0,0.0,59.596,59.596,,274.425,0.22,0.22,0.244598,302.746,0.2,0.2,0.22229,
09/29/2007,400.924,,-52.404,,348.52,0.0,-268.04,137.91,97.163,,,130.13,80.48,15.74,-9.76,2.849,-12.609,0.0,,-5.98,96.22,-23.488,72.732,0.0,,,72.732,0.0,72.732,0.0,0.0,72.732,72.732,,272.977,0.27,0.27,0.29,299.506,0.24,0.24,0.26,
12/29/2007,457.943,,-56.15,,401.793,0.0,-289.429,155.055,109.224,,,134.374,112.364,7.693,-7.645,3.001,-10.646,0.0,,-0.048,120.057,-0.554,119.503,0.0,,,119.503,0.0,119.503,0.0,0.0,119.503,119.503,,268.659,0.44,0.44,0.41,290.97,0.41,0.41,0.38,
03/29/2008,270.75,,-51.734,,219.016,0.0,-261.858,130.742,93.034,,,0.06,-42.842,-1.751,-1.861,6.914,-8.775,,,3.612,-44.593,11.451,-33.142,0.0,,,-33.142,0.0,-33.142,0.0,0.0,-33.142,-33.142,,262.825,-0.13,-0.13,-0.13,262.825,-0.13,-0.13,-0.13,
06/28/2008,308.041,,-57.063,,250.978,0.0,-250.777,124.87,89.907,,,125.907,0.201,-8.135,1.681,6.74,-5.059,,,6.454,-7.934,-10.878,-18.812,0.0,,,-18.812,0.0,-18.812,0.0,0.0,-18.812,-18.812,,252.629,-0.07,-0.07,-0.04,252.629,-0.07,-0.07,-0.04,
09/27/2008,232.488,,-51.416,,181.072,0.0,-242.124,124.012,91.075,,,118.112,-61.052,-62.876,3.053,7.042,-3.989,,,59.823,-123.928,-46.728,-170.656,0.0,,,-170.656,0.0,-170.656,0.0,0.0,-170.656,-170.656,,252.915,-0.67,-0.67,-0.44,252.915,-0.67,-0.67,-0.44,
01/03/2009,227.335,,-54.793,,172.542,,-230.801,130.817,,,,99.984,-58.259,-1382.799,4.129,6.706,-2.577,,,1378.67,-1441.058,-193.047,-1634.105,0.0,,,-1634.105,0.0,-1634.105,0.0,0.0,-1634.105,-1634.105,1362.951,249.481,-6.55,-6.55,-3.12,249.481,-6.55,-6.55,-3.12,
04/04/2009,206.302,206.302,-44.177,44.177,162.125,0.0,-210.541,113.229,74.89,38.339,94.692,2.62,-48.416,-13.197,6.019,7.048,-1.029,,,7.178,-61.613,-1.644,-63.257,0.0,0.0,0.0,-63.257,0.0,-63.257,0.0,0.0,-63.257,-56.7336,6.5234,254.302,-0.25,-0.25,-0.223095,254.302,-0.25,-0.25,-0.224348,
07/04/2009,209.929,209.929,-46.027,46.027,163.902,0.0,-217.68,105.671,71.431,34.24,90.653,21.356,-53.778,-9.799,6.516,7.266,-0.75,,,3.283,-63.577,-10.78,-74.357,0.0,0.0,0.0,-74.357,0.0,-74.357,0.0,0.0,-74.357,-60.7434,13.6136,256.883,-0.29,-0.29,-0.236463,256.883,-0.29,-0.29,-0.237005,
10/03/2009,216.122,216.122,-38.649,38.649,177.473,0.0,-187.614,97.014,68.282,28.732,88.049,2.551,-10.141,-4.361,7.0,7.278,-0.278,,,-2.639,-14.502,0.455,-14.047,0.0,0.0,0.0,-14.047,0.0,-14.047,0.0,0.0,-14.047,-16.06395,-2.01695,259.193,-0.05,-0.05,-0.061977,259.193,-0.05,-0.05,-0.061977,
01/02/2010,220.279,220.279,-40.39,40.39,179.889,0.0,-191.145,93.567,72.23,21.337,81.309,16.269,-11.256,-2.557,6.737,7.28,-0.543,0.0,0.0,-4.18,-13.813,15.603,1.79,0.0,0.0,0.0,1.79,0.0,1.79,0.0,0.0,1.79,11.39635,9.60635,260.752,0.01,0.01,0.043706,265.093,0.01,0.01,0.043706,
04/03/2010,221.938,221.938,-38.615,38.615,183.323,0.0,-188.643,97.596,74.762,22.834,89.43,1.617,-5.32,-1.457,7.231,7.431,-0.2,,,-5.774,-6.777,-5.008,-11.785,0.0,0.0,0.0,-11.785,0.0,-11.785,0.0,0.0,-11.785,-16.04315,-4.25815,262.597,-0.04,-0.04,-0.061094,262.597,-0.04,-0.04,-0.061094,
07/03/2010,227.064,227.064,-39.16,39.16,187.904,0.0,-182.685,88.571,71.513,17.058,91.88,2.234,5.219,-11.072,7.672,7.972,-0.3,,,3.4,-5.853,54.46,48.607,0.0,0.0,0.0,48.607,0.0,48.607,0.0,0.0,48.607,54.93085,6.32385,262.163,0.19,0.19,0.209529,266.423,0.18,0.18,0.203736,
10/02/2010,237.934,237.934,-39.819,39.819,198.115,0.0,-201.198,101.146,76.065,25.081,97.275,2.777,-3.083,-13.383,10.176,10.476,-0.3,,,3.207,-16.466,143.219,126.753,0.0,0.0,0.0,126.753,0.0,126.753,0.0,0.0,126.753,132.29165,5.53865,258.606,0.49,0.49,0.511557,263.302,0.48,0.48,0.501035,
01/01/2011,249.018,249.018,-38.849,38.849,210.169,0.0,-235.951,104.639,83.218,21.421,97.828,33.484,-25.782,-7.89,,10.464,,0.0,0.0,-2.574,-33.672,-3.365,-37.037,0.0,0.0,0.0,-37.037,0.0,-37.037,0.0,0.0,-37.037,-13.25415,23.78285,259.781,-0.14,-0.14,-0.05102,259.781,-0.14,-0.14,-0.05102,
04/02/2011,266.102,266.102,-45.167,45.167,220.935,0.0,-203.391,97.674,78.372,19.302,101.299,4.418,17.544,-6.517,10.613,10.986,-0.373,,,-4.096,11.027,-4.704,6.323,0.0,0.0,0.0,6.323,0.0,6.323,0.0,0.0,6.323,3.775,-2.548,261.533,0.02,0.02,0.014434,268.578,0.02,0.02,0.010513,
07/02/2011,283.27,283.27,-51.406,51.406,231.864,0.0,-206.907,102.383,77.006,25.377,99.268,5.256,24.957,-2.374,10.444,10.768,-0.324,,,-8.07,22.583,4.325,26.908,0.0,0.0,0.0,26.908,0.0,26.908,0.0,0.0,26.908,23.9921,-2.9159,263.191,0.1,0.1,0.091159,270.885,0.1,0.1,0.089236,
10/01/2011,292.457,292.457,-49.818,49.818,242.639,0.0,-210.462,103.955,79.914,24.041,103.154,3.353,32.177,-3.586,10.512,10.83,-0.318,,,-6.926,28.591,-0.485,28.106,0.0,0.0,0.0,28.106,0.0,28.106,0.0,0.0,28.106,25.675,-2.431,264.723,0.11,0.11,0.096988,270.741,0.1,0.1,0.091021,
12/31/2011,308.006,308.006,-48.765,48.765,259.241,0.0,-213.542,112.649,88.506,24.143,97.024,3.869,45.699,-12.474,10.141,10.441,-0.3,,0.0,2.333,33.225,-22.333,10.892,0.0,0.0,0.0,10.892,0.0,10.892,0.0,0.0,10.892,15.44785,4.55585,266.12,0.04,0.04,0.058048,273.057,0.04,0.04,0.056685,
03/31/2012,315.83,315.83,-46.586,46.586,269.244,0.0,-223.894,111.565,83.795,27.77,108.594,3.735,45.35,-6.103,8.2,8.537,-0.337,,,-2.097,39.247,-8.143,31.104,0.0,0.0,0.0,31.104,0.0,31.104,0.0,0.0,31.104,30.1472,-0.9568,267.94,0.12,0.12,0.112515,277.733,0.11,0.11,0.106555,
06/30/2012,326.476,326.476,-49.477,49.477,276.999,0.0,-226.379,110.662,80.418,30.244,112.031,3.686,50.62,-4.897,8.258,8.566,-0.308,,,-3.361,45.723,-9.337,36.386,0.0,0.0,0.0,36.386,0.0,36.386,0.0,0.0,36.386,37.3064,0.9204,269.739,0.13,0.13,0.138306,275.318,0.13,0.13,0.133343,
09/29/2012,338.533,338.533,-51.27,51.27,287.263,0.0,-227.822,108.811,82.461,26.35,115.078,3.933,59.441,-8.868,8.338,8.737,-0.399,,,0.53,50.573,8.011,58.584,0.0,0.0,0.0,58.584,0.0,58.584,0.0,0.0,58.584,61.82425,3.24025,271.35,0.22,0.22,0.22784,283.328,0.21,0.21,0.221436,
12/29/2012,345.585,345.585,-43.79,43.79,301.795,0.0,-245.534,123.316,95.604,27.712,118.382,3.836,56.261,-3.533,8.724,8.902,-0.178,,0.0,-5.191,52.728,261.146,313.874,0.0,0.0,0.0,313.874,0.0,313.874,0.0,0.0,313.874,288.8867,-24.9873,272.884,1.15,1.15,1.058643,286.289,1.1,1.1,1.01272,
03/30/2013,354.266,354.266,-48.191,48.191,306.075,0.0,-247.939,120.212,90.402,29.81,124.084,3.643,58.136,-7.087,8.837,9.262,-0.425,,,-1.75,51.049,27.56,78.609,0.0,0.0,0.0,78.609,0.0,78.609,0.0,0.0,78.609,47.1455,-31.4635,274.936,0.29,0.29,0.171478,292.151,0.27,0.27,0.162304,
06/29/2013,362.481,362.481,-43.243,43.243,319.238,0.0,-274.096,129.718,95.277,34.441,136.395,7.983,45.142,-7.51,9.044,9.528,-0.484,,,-1.534,37.632,-28.203,9.429,0.0,0.0,0.0,9.429,0.0,9.429,0.0,0.0,9.429,16.6115,7.1825,277.146,0.03,0.03,0.059938,294.443,0.03,0.03,0.054394,
09/28/2013,366.647,366.647,-49.736,49.736,316.911,0.0,-268.981,125.676,98.094,27.582,138.078,5.227,47.93,-7.048,9.217,9.583,-0.366,,,-2.169,40.882,-2.382,38.5,0.0,0.0,0.0,38.5,0.0,38.5,0.0,0.0,38.5,43.24305,4.74305,278.977,0.14,0.14,0.155006,296.958,0.13,0.13,0.145972,
12/28/2013,376.722,376.722,-59.031,59.031,317.691,0.0,-279.892,123.865,94.384,29.481,135.465,20.562,37.799,-8.366,8.777,9.208,-0.431,0.0,0.0,-0.411,29.433,8.272,37.705,0.0,0.0,0.0,37.705,0.0,37.705,0.0,0.0,37.705,53.1048,15.3998,280.083,0.13,0.13,0.189604,294.663,0.13,0.13,0.182262,
03/29/2014,378.55,378.55,-57.099,57.099,321.451,0.0,-279.139,127.067,98.323,28.744,146.466,5.606,42.312,-3.886,,7.268,,,,-3.382,38.426,-5.356,33.07,0.0,0.0,0.0,33.07,0.0,33.07,0.0,0.0,33.07,35.60825,2.53825,281.615,0.12,0.12,0.126443,301.034,0.11,0.11,0.118432,
06/28/2014,378.788,378.788,-54.413,54.413,324.375,0.0,-288.878,130.653,98.611,32.042,152.672,5.553,35.497,-5.734,6.871,7.369,-0.498,,,-1.137,29.763,-6.5,23.263,0.0,0.0,0.0,23.263,0.0,23.263,0.0,0.0,23.263,28.0132,4.7502,283.344,0.08,0.08,0.098866,305.755,0.08,0.08,0.095536,
09/27/2014,400.496,400.496,-54.079,54.079,346.417,0.0,-292.368,126.281,100.387,25.894,148.744,17.343,54.049,-7.94,7.016,7.523,-0.507,,,0.924,46.109,-8.574,37.535,0.0,0.0,0.0,37.535,0.0,37.535,0.0,0.0,37.535,48.159399,10.624399,284.462,0.13,0.13,0.1693,309.995,0.12,0.12,0.154273,
01/03/2015,423.098,423.098,-58.115,58.115,364.983,0.0,-290.197,129.306,102.367,26.939,155.124,5.767,74.786,-8.082,11.625,11.961,-0.336,,,-3.543,66.704,-1.674,65.03,0.0,0.0,0.0,65.03,0.0,65.03,0.0,0.0,65.03,67.06775,2.03775,283.928,0.23,0.23,0.236214,310.273,0.21,0.21,0.216568,
04/04/2015,411.366,411.366,-60.585,60.585,350.781,0.0,-301.496,127.91,100.268,27.642,162.996,10.59,49.285,-6.973,,11.754,,,,-4.781,42.312,-6.053,36.259,0.0,0.0,0.0,36.259,0.0,36.259,0.0,0.0,36.259,40.70435,4.44535,284.523,0.13,0.13,0.143062,311.847,0.12,0.12,0.134255,
07/04/2015,415.883,415.883,-51.755,51.755,364.128,0.0,-287.724,124.129,96.662,27.467,157.974,5.621,76.404,-6.833,,8.18,,,,-1.347,69.571,-11.411,58.16,0.0,0.0,0.0,58.16,0.0,58.16,0.0,0.0,58.16,58.72095,0.56095,285.297,0.2,0.2,0.205824,313.665,0.19,0.19,0.191788,
10/03/2015,433.763,433.763,-65.211,65.211,368.552,0.0,-290.651,130.034,101.95,28.084,154.627,5.99,77.901,-2.338,,4.177,,,,-1.839,75.563,2.061,77.624,0.0,0.0,0.0,77.624,0.0,77.624,0.0,0.0,77.624,78.127089,0.503089,284.818,0.27,0.27,0.274305,313.186,0.25,0.25,0.251606,
01/02/2016,441.079,441.079,-60.902,60.902,380.177,0.0,-298.337,130.341,103.552,26.789,161.97,6.026,81.84,-1.69,,4.2,,0.0,0.0,-2.51,80.15,0.224,80.374,0.0,0.0,0.0,80.374,0.0,80.374,0.0,0.0,80.374,80.699546,0.325546,297.433,0.27,0.27,0.27132,310.512,0.26,0.26,0.261048,
04/02/2016,447.862,447.862,-62.054,62.054,385.808,0.0,-327.772,127.5,99.2,28.3,179.906,20.366,58.036,-0.594,,5.357,,,,-4.763,57.442,-6.88,50.562,0.0,0.0,0.0,50.562,0.0,50.562,0.0,0.0,50.562,58.892895,8.330895,296.615,0.17,0.17,0.19855,303.434,0.17,0.17,0.197455,
07/02/2016,453.021,453.021,-61.783,61.783,391.238,0.0,-324.332,137.498,101.11,36.388,182.371,4.463,66.906,-3.054,,5.896,,,,-2.842,63.852,-14.517,49.335,0.0,0.0,0.0,49.335,0.0,49.335,0.0,0.0,49.335,54.333592,4.998592,288.191,0.17,0.17,0.188533,295.201,0.17,0.17,0.186933,
10/01/2016,446.22,446.22,-56.607,56.607,389.613,0.0,-322.771,127.234,96.793,30.441,191.547,3.99,66.842,-3.217,,6.053,,,,-2.836,63.625,1.087,64.712,0.0,0.0,0.0,64.712,0.0,64.712,0.0,0.0,64.712,64.366422,-0.345578,280.622,0.23,0.23,0.229371,287.473,0.23,0.23,0.228798,
12/31/2016,468.98,468.98,-76.048,76.048,392.932,0.0,-339.815,128.068,98.091,29.977,181.516,30.231,53.117,-0.883,,6.364,,,,-5.481,52.234,-13.757,38.477,0.0,0.0,0.0,38.477,0.0,38.477,0.0,0.0,38.477,59.308635,20.831635,272.578,0.14,0.14,0.217584,278.917,0.14,0.14,0.214688,
04/01/2017,476.911,476.911,-61.792,61.792,415.119,0.0,-335.517,135.163,103.347,31.816,198.286,2.068,79.602,-5.42,,6.479,,,,-1.059,74.182,-5.923,68.259,0.0,0.0,0.0,68.259,0.0,68.259,0.0,0.0,68.259,68.042866,-0.216134,270.173,0.25,0.25,0.251849,277.736,0.25,0.25,0.249222,
07/01/2017,479.001,479.001,-60.832,60.832,418.169,0.0,-335.479,136.671,103.897,32.774,195.901,2.907,82.69,-5.324,,6.248,,,,-0.924,77.366,-8.239,69.127,0.0,0.0,0.0,69.127,0.0,69.127,0.0,0.0,69.127,68.97222,-0.15478,271.887,0.25,0.25,0.25368,279.526,0.25,0.25,0.249446,
09/30/2017,485.398,485.398,-54.482,54.482,430.916,0.0,-350.531,140.565,104.263,36.302,206.568,3.398,80.385,6.162,6.225,6.225,0.0,,,-12.387,86.547,-5.39,81.157,0.0,0.0,0.0,81.157,0.0,81.157,0.0,0.0,81.157,81.445164,0.288164,273.156,0.3,0.3,0.298164,281.4,0.29,0.29,0.291024,
12/30/2017,501.722,501.722,-60.284,60.284,441.438,0.0,-360.16,140.943,107.654,33.289,203.468,15.749,81.278,-4.327,6.712,6.712,0.0,,,-2.385,76.951,-91.393,-14.442,0.0,0.0,0.0,-14.442,0.0,-14.442,0.0,0.0,-14.442,86.839637,101.281637,273.157,-0.05,-0.05,0.317911,273.157,-0.05,-0.05,0.317911,
03/31/2018,517.313,517.313,-63.209,63.209,454.104,0.0,-368.271,142.447,109.148,33.299,224.185,1.639,85.833,-7.664,,6.975,,,,0.689,78.169,-5.284,72.885,0.0,0.0,0.0,72.885,0.0,72.885,0.0,0.0,72.885,77.01115,4.12615,273.773,0.27,0.27,0.281296,281.651,0.26,0.26,0.27465,
06/30/2018,518.391,518.391,-58.96,58.96,459.431,0.0,-366.375,144.175,109.3,34.875,219.129,3.071,93.056,-3.031,,6.669,,,,-3.638,90.025,-14.876,75.149,0.0,0.0,0.0,75.149,0.0,75.149,0.0,0.0,75.149,80.936184,5.787184,273.564,0.27,0.27,0.295858,280.774,0.27,0.27,0.290612,
09/29/2018,532.468,532.468,-60.454,60.454,472.014,0.0,-368.384,141.855,108.608,33.247,223.231,3.298,103.63,-4.071,5.177,5.177,0.0,,,-1.106,99.559,-0.241,99.318,0.0,0.0,0.0,99.318,0.0,99.318,0.0,0.0,99.318,103.240066,3.922066,273.716,0.36,0.36,0.37718,281.646,0.35,0.35,0.363926,
12/29/2018,569.85,569.85,-76.124,76.124,493.726,0.0,-380.036,144.598,112.613,31.985,218.271,17.167,113.69,-5.053,4.318,4.318,0.0,,,0.735,108.637,-10.212,98.425,0.0,0.0,0.0,98.425,0.0,98.425,0.0,0.0,98.425,107.450247,9.025247,273.68,0.36,0.36,0.392613,280.321,0.35,0.35,0.382196,
03/30/2019,576.742,576.742,-70.585,70.585,506.157,0.0,-377.761,146.932,116.83,30.102,228.21,2.619,128.396,-0.15,,5.391,,,,-5.241,128.246,-7.691,120.555,0.0,0.0,0.0,120.555,0.0,120.555,0.0,0.0,120.555,115.497741,-5.057259,273.066,0.44,0.44,0.422966,280.615,0.43,0.43,0.411978,
06/29/2019,580.419,580.419,-61.469,61.469,518.95,0.0,-385.275,150.615,116.208,34.407,231.814,2.846,133.675,-5.086,,4.976,,,,0.11,128.589,-21.354,107.235,0.0,0.0,0.0,107.235,0.0,107.235,0.0,0.0,107.235,112.613738,5.378738,273.159,0.39,0.39,0.412264,281.054,0.38,0.38,0.399138,
09/28/2019,579.603,579.603,-60.975,60.975,518.628,0.0,-397.802,154.572,121.368,33.204,240.542,2.688,120.826,-4.118,4.24,4.24,0.0,,,-0.122,116.708,-15.194,101.514,0.0,0.0,0.0,101.514,0.0,101.514,0.0,0.0,101.514,102.813435,1.299435,273.329,0.37,0.37,0.376153,280.666,0.36,0.36,0.36463,
12/28/2019,599.555,599.555,-73.328,73.328,526.227,0.0,-417.328,169.36,127.267,42.093,235.372,12.596,108.899,-3.474,4.222,4.222,0.0,,,-0.748,105.425,554.25,659.675,0.0,0.0,0.0,659.675,0.0,659.675,0.0,0.0,659.675,96.330355,-563.344645,273.234,2.41,2.41,0.352556,279.557,2.36,2.36,0.344867,
03/28/2020,617.957,617.957,-74.463,74.463,543.494,0.0,-404.143,159.336,125.744,33.592,241.668,3.139,139.351,-9.171,,4.637,,,,4.534,130.18,-6.192,123.988,0.0,0.0,0.0,123.988,0.0,123.988,0.0,0.0,123.988,133.416545,9.428545,273.476,0.45,0.45,0.487855,279.265,0.44,0.44,0.473762,
06/27/2020,638.418,638.418,-75.215,75.215,563.203,0.0,-411.253,156.117,120.476,35.641,250.821,4.315,151.95,-1.284,,5.914,,,,-4.63,150.666,-19.378,131.288,0.0,0.0,0.0,131.288,0.0,131.288,0.0,0.0,131.288,133.875591,2.587591,273.432,0.48,0.48,0.489612,279.08,0.47,0.47,0.479272,
09/30/2020,642.333,,,,577.74641685,,,,,,,,206.9,,,,,,,,201.2,,128.429,,,,,,128.429,,,128.429,169.538,,,0.462,0.462,0.606,,0.462,0.462,0.606,
12/31/2020,702.067,,,,629.18542473,,,,,,,,231.1,,,,,,,,226.9,,134.571,,,,,,134.571,,,134.571,189.692,,,0.482,0.482,0.678,,0.482,0.482,0.678,
