Date,Revenue,Cost of Revenue,Gross Profit,Operating Expenses,Operating Income or Losses,Interest Expense,Foreign Exchange Losses (Gains),Net Non-Operating Losses (Gains),Pretax Income,Income Tax Expense (Benefit),Income Before XO Items,Extraordinary Loss Net of Tax,Minority/Non Controlling Interests (Credits),Net Income/Net Profit (Losses),Total Cash Preferred Dividends,Other Adjustments,Net Inc Avail to Common Shareholders,Abnormal Losses (Gains),Tax Effect on Abnormal Items,Normalized Income,Basic EPS Before Abnormal Items,Basic EPS Before XO Items,Basic Earnings per Share,Basic Weighted Avg Shares,Diluted EPS Before Abnormal Items,Diluted EPS Before XO Items,Diluted EPS,Diluted Weighted Avg Shares,Source: Bloomberg
12/31/1989,8.844925,-6.007,2.837925,-1.077,1.760925,-0.044,0.0,0.195,1.911925,-0.76,1.151925,0,-0.03,1.121925,0,,1.121925,0.0,0.0,1.121925,0.004682,0.004682,0.004682,240.364969,0.004682,0.004682,0.004682,240.364969,
03/31/1990,8.568316,-5.919,2.649316,-1.004,1.645315,-0.036,0.0,0.188,1.797315,-0.718,1.079315,0,-0.029,1.050315,0,,1.050315,0.0,0.0,1.050315,0.00439,0.00439,0.00439,241.048406,0.00439,0.00439,0.00439,241.048406,
06/30/1990,9.621984,-6.337,3.284984,-1.224,2.060983,-0.07,0.0,0.185,2.175983,-0.872,1.303983,0,-0.031,1.272983,0,,1.272983,0.0,0.0,1.272983,0.005267,0.005267,0.005267,241.11675,0.005267,0.005267,0.005267,241.11675,
09/30/1990,10.170776,-6.459,3.711776,-1.218,2.493776,0.0,0.0,0.24,2.733776,-0.989,1.744776,0,-0.057,1.687776,0,,1.687776,0.0,0.0,1.687776,0.007023,0.007023,0.007023,239.203125,0.007023,0.007023,0.007023,239.203125,
12/31/1990,11.283593,-7.033,4.250593,-1.283,2.967593,-0.023,0.0,0.21,3.154593,-1.23,1.924593,0,-0.026,1.898593,0,,1.898593,0.0,0.0,1.898593,0.007755,0.007755,0.007755,242.551969,0.007755,0.007755,0.007755,242.551969,
03/31/1991,10.982906,-7.086,3.896906,-1.304,2.592906,-0.02,0.0,0.172,2.744906,-1.071,1.673906,0,-0.022,1.651906,0,,1.651906,0.0,0.0,1.651906,0.006584,0.006584,0.006584,246.720937,0.006584,0.006584,0.006584,246.720937,
06/30/1991,12.319305,-8.024,4.295305,-1.533,2.762305,-0.017,0.0,0.176,2.921305,-1.139,1.782305,0,-0.026,1.756305,0,,1.756305,0.0,0.0,1.756305,0.007023,0.007023,0.007023,248.087813,0.007023,0.007023,0.007023,248.087813,
09/30/1991,13.559196,-8.994,4.565196,-1.452,3.113195,-0.012,0.0,0.175,3.276195,-1.278,1.998195,0,-0.032,1.966195,0,,1.966195,0.0,0.0,1.966195,0.007901,0.007901,0.007901,246.0375,0.007901,0.007901,0.007901,246.0375,
03/31/1992,13.40862,-9.361,4.04762,-1.316,2.73162,-0.004,0.0,0.124,2.85162,-1.084,1.76762,0,-0.016,1.75162,0,,1.75162,0.0,0.0,1.75162,0.007023,0.007023,0.007023,248.383969,0.007023,0.007023,0.007023,248.383969,
06/30/1992,15.944553,-11.33,4.614553,-1.541,3.073553,0.0,0.0,0.115,3.188553,-1.212,1.976553,0,-0.013,1.963553,0,,1.963553,0.0,0.0,1.963553,0.007901,0.007901,0.007901,248.315625,0.007901,0.007901,0.007901,248.315625,
09/30/1992,17.479357,-12.322,5.157357,-1.604,3.553357,0.0,0.0,0.128,3.681357,-1.4,2.281357,0,-0.021,2.260357,0,,2.260357,0.0,0.0,2.260357,0.009218,0.009218,0.009218,248.201719,0.009218,0.009218,0.009218,248.201719,
12/31/1992,18.729469,-13.011,5.718469,-1.509,4.20947,0.0,0.0,0.14,4.34947,-1.315,3.03447,0,-0.037,2.99747,0,,2.99747,,,2.99747,0.011852,0.011852,0.011852,246.0375,0.011852,0.011852,0.011852,246.0375,
03/31/1993,16.637108,-11.858,4.779108,-1.559,3.220108,0.0,0.0,0.195,3.415108,-1.211,2.204108,0,-0.035,2.169108,0,,2.169108,,,2.169108,,0.008779,0.008779,251.208853,0.008779,0.008779,0.008779,251.208853,
06/30/1993,18.08,-12.841,5.239,-1.839,3.4,0.0,0.0,0.177,3.577,-1.251,2.326,0,-0.008,2.318,0,,2.318,,,2.318,,0.009218,0.009218,251.072154,0.009218,0.009218,0.009218,251.072154,
09/30/1993,19.207848,-13.975,5.232847,-1.783,3.45,0.0,0.0,0.215,3.665,-1.281,2.384,0,0.023,2.406828,0,,2.406828,,,2.407,,0.009657,0.009657,251.413881,0.009657,0.009657,0.009657,251.413881,
12/31/1993,21.518,-14.514,7.004,-2.68,4.323892,0.0,0.0,0.238,4.561892,-1.614,2.947892,0,0.021,2.969064,0,,2.969064,,,2.968892,,0.011852,0.011852,251.231622,0.011852,0.011852,0.011852,251.231622,
03/31/1994,19.638,-14.422,5.216001,-1.775,3.441,-0.011,0.0,0.304,3.734,-1.323,2.411,0,0.023,2.434,0,,2.434,,,2.434,,0.009657,0.009657,250.252023,0.009657,0.009657,0.009657,250.252023,
06/30/1994,22.125999,-15.972,6.153999,-2.173,3.981,-0.031,0.0,0.411,4.361,-1.54,2.821,0,0.012,2.833,0,,2.833,,,2.833,,0.011413,0.011413,250.160905,0.011413,0.011413,0.011413,250.160905,
09/30/1994,25.194,-18.406,6.788,-2.162,4.626,-0.03,0.0,0.461,5.057,-1.785,3.272,0,0.016,3.288,0,,3.288,,,3.288,,0.013169,0.013169,251.094952,0.013169,0.013169,0.013169,251.094952,
12/31/1994,29.254999,-21.040001,8.214998,-2.202,6.013,-0.028,0.0,0.512,6.497,-2.331,4.209,0,-0.051,4.158,0,,4.158,,,4.115,,0.016461,0.016461,244.518756,0.016461,0.016461,0.016461,244.518756,
03/31/1995,25.927,-18.68,7.247,-2.328,4.919,-0.027,0.0,0.492,5.384,-1.941,3.443,0,0.016,3.459,0,,3.459,,,3.459,,0.013827,0.013827,255.787861,0.013827,0.013827,0.013827,255.787861,
06/30/1995,29.896999,-21.334999,8.562,-2.743,5.819,-0.026,0.0,0.51,6.303,-2.25,4.053,0,0.028,4.081,0,,4.081,,,4.081,,0.015802,0.015802,258.673503,0.015802,0.015802,0.015802,258.673503,
09/30/1995,33.945,-24.233999,9.711,-2.755,6.956,-0.025,0.0,0.558,7.489,-2.675,4.814,0,0.027,4.841,0,,4.841,,,4.841,,0.018765,0.018765,262.288132,0.018765,0.018765,0.018765,262.288132,
12/31/1995,37.993,-26.33,11.663,-3.087,8.576,-0.025,0.0,0.659,9.21,-3.28,5.93,0,0.004,5.934,0,,5.934,,,5.934,0.020741,0.020741,0.020741,261.22499,0.020741,0.020741,0.020741,261.22499,
03/31/1996,33.895,-24.534,9.361,-2.734,6.627,-0.027,0.0,0.658,7.258,-2.64,4.618,0,0.042,4.66,0,,4.66,,,4.66,0.017778,0.017778,0.017778,262.122751,0.017778,0.017778,0.017778,264.620244,
06/30/1996,40.858002,-28.504,12.354002,-3.224,9.13,-0.025,0.0,0.657,9.762,-3.449,6.313,0,-0.042,6.271,0,,6.271,,,6.271,0.023704,0.023704,0.023704,258.106493,0.023704,0.023704,0.023704,266.267241,
09/30/1996,44.050999,-31.747999,12.302999,-2.145,10.158,-0.02,0.0,0.885,11.023,-3.874,7.149,0,0.0,7.149,0,,7.149,,,7.149,0.028889,0.028889,0.028889,257.364006,0.026667,0.026667,0.026667,267.709505,
12/31/1996,47.896,-34.889,13.007,-1.621,11.386,-0.018,0.0,1.904,13.272,-4.563,8.709,0,0.0,8.709,0,,8.709,,,8.709,0.033333,0.033333,0.033333,261.270006,0.031111,0.031111,0.031111,279.931503,
03/31/1997,54.784,,,,9.063,,,,,,6.883,0,0.0,6.883,0,,6.883,,,,0.023333,0.023333,0.023333,289.574993,0.023333,0.023333,0.023333,294.988506,
06/30/1997,63.627998,-47.451,16.176998,-3.799,12.378,-0.11,0.0,2.557,14.825,-5.57,9.255,0,0.0,9.255,0,,9.255,,,9.255,0.033333,0.033333,0.033333,288.269989,0.03,0.03,0.03,296.181004,
09/30/1997,71.306,-52.360001,18.945999,-4.09,14.856,-0.299,0.0,3.299,17.856,-6.264,11.592,0,0.0,11.591797,0,,11.591797,,,11.592,0.04,0.04,0.04,289.984509,0.04,0.04,0.04,299.542511,
12/31/1997,80.355003,,,,18.174,,,,,,13.952,0,0.0,13.952,0,,13.952,,,,0.046667,0.046667,0.046667,290.497501,0.046667,0.046667,0.046667,298.971016,
03/31/1998,134.666,-95.029,39.637,-13.1,26.537,-3.346,0.0,4.095,27.286,-9.937,17.349,0,0.0,17.349,0,,17.349,0.0,0.0,17.349,0.031111,0.031111,0.031111,573.687,0.028889,0.028889,0.028889,588.8205,
06/30/1998,155.257996,-109.255997,46.001999,-12.581,33.421001,-3.659,0.0,3.859,33.621001,-12.29,21.330999,0,0.0,21.330999,0,,21.330999,,,21.331002,0.056667,0.056667,0.056667,382.917,0.053333,0.053333,0.053333,394.845016,
09/30/1998,167.554993,-118.032997,49.521996,-12.576,36.945999,-3.767,0.0,4.61,37.788999,-14.024,23.764999,0,0.0,23.764999,0,,23.764999,,,23.764999,0.06,0.06,0.06,383.280006,0.06,0.06,0.06,392.298019,
12/31/1998,177.031998,-124.196999,52.834999,-12.928,39.907001,-3.904,0.0,5.815,41.818002,-15.568,26.25,0,0.0,26.25,0,,26.25,,,26.250002,0.07,0.07,0.07,383.180992,0.07,0.07,0.07,394.070984,
03/31/1999,178.046,-126.535,51.511,-12.805,4.1,-3.533,0.0,-29.545,-28.978,-6.969,-1.341,0,0.0,-1.341,0,0.0,-1.341,34.81,0.0,-1.137,0.056667,-0.003333,-0.003333,594.738,0.053333,-0.003333,-0.003333,617.55,
06/30/1999,203.556,-144.85,58.706,0.0,45.604,-3.611,0.0,5.481,47.474,-16.632,30.842,0,0.0,30.842,0,0.0,30.842,0.0,0.0,30.842,0.05,0.05,0.05,599.517,0.05,0.05,0.05,621.969,
09/30/1999,231.253006,-162.837997,68.415009,-15.988,52.426998,-1.484,0.0,7.071,58.013998,-20.441999,37.571999,0,0.0,37.571999,0,0.0,37.571999,,,37.571999,0.09,0.09,0.09,427.768005,0.085,0.085,0.085,441.320007,
12/31/1999,268.135986,-193.445007,74.690979,-15.202,59.488998,-2.781,0.0,8.477,65.184999,-22.681999,42.502998,0,0.0,42.502998,0,,42.502998,1.379,-0.455,43.426999,0.1,0.1,0.1,411.59201,0.095,0.095,0.095,425.727997,
03/31/2000,302.916992,-222.514999,80.401993,-21.837,58.564999,-2.416,0.0,9.117,65.265998,-23.608,41.658001,0,-0.146,41.512001,0,0.0,41.512001,0.7,,42.211999,0.09,0.09,0.09,477.272003,0.08,0.08,0.08,489.496002,
06/30/2000,338.847992,-240.770996,98.076996,-24.045,74.031998,-2.597,0.0,11.107,82.541998,-30.101999,52.439999,0,-0.158,52.282001,0,0.0,52.282001,,,52.281999,0.11,0.11,0.11,477.563995,0.11,0.11,0.11,492.640015,
09/30/2000,363.90799,-259.315002,104.592987,-23.632999,80.959999,-2.918,0.0,1.951,79.992999,-29.586,50.407001,0,-0.161,50.245998,0,0.0,50.245998,10.915,-3.415,57.745999,0.125,0.11,0.11,478.10199,0.115,0.1,0.1,497.955994,
12/31/2000,401.46701,-287.352997,114.114014,-22.48,91.634003,-3.008,0.0,14.316,102.942003,-36.924,66.017998,0,-0.132,65.886002,0,0.0,65.886002,,,65.886003,0.14,0.14,0.14,432.437988,0.13,0.13,0.13,454.346008,
03/31/2001,375.638,-270.268005,105.369995,-23.812,81.557999,-3.123,0.0,-109.879997,-31.444999,5.626,-25.819,0,-0.173,-25.992001,0,0.0,-25.992001,125.362,-38.981998,60.388002,0.125,-0.05,-0.05,483.328003,0.12,-0.05,-0.05,483.328003,
06/30/2001,419.841003,-299.618988,120.222015,-22.714001,97.508003,-3.257,0.0,16.084999,110.336002,-39.153999,71.181999,0,0.0,71.181999,0,0.0,71.181999,,,71.182003,0.145,0.145,0.145,486.786011,0.14,0.14,0.14,508.313995,
09/30/2001,436.197998,-304.414001,131.783997,-22.348,109.435997,-3.51,0.0,20.577999,126.503996,-44.91,81.594002,0,-0.138,81.456001,0,0.0,81.456001,,,81.455996,0.16,0.16,0.16,503.194,0.16,0.16,0.16,524.51001,
12/31/2001,473.604004,-329.514008,144.089996,-21.655001,122.434998,-3.184,0.0,20.243999,139.494997,-49.52,89.974998,0,-0.215,89.760002,0,0.0,89.760002,,,89.759997,0.18,0.18,0.18,505.679993,0.17,0.17,0.17,528.676025,
03/31/2002,421.681,-281.919006,139.761993,-24.782,114.980003,-3.106,0.0,-27.402,84.472003,-29.988001,54.484001,0,-0.275,54.209,0,0.0,54.209,47.5,-16.9,84.809002,0.17,0.11,0.11,508.699005,0.16,0.1,0.1,530.271973,
06/30/2002,488.181,-331.89801,156.28299,-32.356998,123.926003,-2.656,0.0,-23.881001,97.389002,-34.085999,63.303001,0,-0.085,63.217999,0,0.0,63.217999,49.766998,-17.418449,95.566552,0.18,0.12,0.12,511.673004,0.18,0.12,0.12,532.638,
09/30/2002,514.388977,-367.178986,147.209991,-31.233,115.976997,-3.054,0.0,32.675999,145.598996,-50.959,94.639999,0,-0.311,94.329002,0,0.0,94.329002,-11.0,3.85,87.178996,0.17,0.18,0.18,512.546021,0.17,0.18,0.18,527.856018,
12/31/2002,605.809021,-448.980988,156.828033,-35.494999,121.333,-2.826,0.0,18.91,137.417,-48.096001,89.320999,0,-0.239,89.082001,0,0.0,89.082001,-0.02,0.007,89.068999,0.18,0.18,0.18,496.195007,0.18,0.18,0.18,507.936005,
03/31/2003,519.859009,-377.460999,142.39801,-31.826,110.571999,-2.369,0.0,11.782,119.984998,-41.994999,77.989998,0,-0.273,77.717003,0,0.0,77.717003,2.387,-0.835,79.268999,0.16,0.16,0.16,486.466003,0.16,0.16,0.16,495.15799,
06/30/2003,570.046021,-421.38501,148.661011,-34.428001,114.233002,-2.0,0.0,20.68,132.913002,-46.519001,86.393997,0,-0.278,86.115997,0,0.0,86.115997,5.562,-1.947,89.731001,0.19,0.18,0.18,486.641998,0.18,0.17,0.17,498.161987,
09/30/2003,588.486023,-421.921997,166.564026,-34.139,132.425003,-1.89,0.0,10.13,140.665003,-47.826,92.838997,0,-0.255,92.584,0,0.0,92.584,9.491,0.0,102.075003,0.21,0.19,0.19,475.381989,0.21,0.19,0.19,486.748993,
12/31/2003,592.080017,-419.365997,172.71402,-35.159,137.554993,-2.185,0.0,6.117,141.486993,-48.105999,93.380997,0,-0.285,93.096001,0,0.0,93.096001,5.503,0.0,98.598994,0.21,0.2,0.2,465.123993,0.21,0.2,0.2,473.743011,
