Date,Revenue,Revenue From Electric,Regulated Electric Revenue,Revenue from Gas,Regulated Gas Revenue,Revenue from Water,Other Revenue,Intracompany Revenue,Cost of Revenue,Fuel & Purchased Power Cost,Fuel Cost,Purchased Gas & Water Cost,Other Cost of Revenue,Intracompany Cost,Gross Profit,Operating Expenses,Maintenance Expenses,Depreciation Expenses,Taxes Other Than Income,Other Operating Expense,Operating Income (Loss),Non-Operating (Income) Loss,"Interest Expense, Net",AFUDC - Equity,Interest Expense,Interest Expenses on Bonds,AFUDC - Debts,Other Interest Expenses,Other Non-Op (Income) Loss,Pretax Income,Income Tax Expense (Benefit),Income (Loss) from Cont Ops,Net Extraordinary Losses (Gains),Discontinued Operations,XO & Accounting Changes,Income (Loss) Incl. MI,Minority Interest,"Net Income, GAAP",Preferred Dividends,Other Adjustments,"Net Income Avail to Common, GAAP","Net Income Avail to Common, Adj",Net Abnormal Losses (Gains),Basic Weighted Avg Shares,"Basic EPS, GAAP",Basic EPS from Cont Ops,"Basic EPS from Cont Ops, Adjusted",Diluted Weighted Avg Shares,"Diluted EPS, GAAP",Diluted EPS from Cont Ops,"Diluted EPS from Cont Ops, Adjusted",Source: Bloomberg
03/31/1990,545.437012,380.841003,,147.065994,,0.0,17.530001,,-210.757996,122.888,122.888,87.870003,,,334.679016,-257.399994,37.118999,42.332001,42.359001,135.589996,77.278999,-32.303999,,6.12,40.591999,46.712002,-6.12,0.0,-2.168,44.975,-8.2,36.775002,-37.754002,,,74.529002,0.0,74.528999,-9.373,,65.155999,65.155999,,120.839996,0.54,0.226667,,120.839996,0.54,0.226667,0.226667,
06/30/1990,480.665009,391.854004,,67.903,,0.0,20.908001,,-152.824997,120.161003,120.161003,32.664001,,,327.840012,-253.067001,41.723,42.237999,34.583,134.522995,74.773003,-30.966,,6.511,41.076,47.587002,-6.511,0.0,-3.599,43.807003,-4.948,38.859001,0.0,,,38.859003,0.0,38.859001,-9.746,,29.113001,29.113001,,123.718494,0.233333,0.233333,,123.718494,0.233333,0.233333,0.233333,
09/30/1990,616.338013,533.591003,,51.264999,,0.0,31.482,,-172.003998,150.186005,150.186005,21.818001,,,444.334015,-270.326996,42.310001,42.935001,44.620998,140.460999,174.007004,-36.352998,,6.77,44.669998,51.441002,-6.771,0.0,-1.547,137.654006,-37.334,100.32,0.0,,,100.320006,0.0,100.32,-10.571,,89.749,89.749,,124.612495,0.72,0.72,,124.612495,0.72,0.72,0.72,
12/31/1990,516.822998,377.868011,,107.184998,,0.0,31.77,,-188.261002,129.850998,129.850998,58.41,,,328.561996,-321.242004,42.305,43.081001,35.159,200.697006,7.32,-38.358001,,7.685,48.318001,55.181999,-6.864,0.0,-2.275,-31.038001,30.530001,-0.508,0.0,,,-0.508,0.0,-0.508,-10.571,,-11.079,-11.079,,125.024998,-0.086667,-0.086667,,125.024998,-0.086667,-0.086667,-0.086667,
03/31/1991,594.664001,430.485992,,140.313004,,0.0,23.865,,-229.858002,150.007996,150.007996,79.849998,,,364.806,-276.183014,41.259998,46.785999,46.276001,141.860992,88.623001,-36.936001,,11.599,48.422001,55.240002,-6.818,0.0,0.113,51.687,-10.577,41.110001,-19.745001,,,60.855001,0.0,60.855,-10.57,,50.285,50.285,,125.455502,0.4,0.24,0.24,125.455502,0.4,0.24,0.24,
06/30/1991,567.189026,478.889008,,62.918999,,0.0,25.381001,,-172.576996,144.244003,144.244003,28.333,,,394.61203,-275.824005,42.433998,48.540001,36.542,148.307999,118.788002,-39.284,,7.926,48.951,53.612999,-4.662,0.0,-1.741,79.504002,-20.312,59.192001,0.0,,,59.192002,0.0,59.192001,-11.028,,48.164001,48.164001,,125.931004,0.38,0.38,0.38,125.931004,0.38,0.38,0.38,
09/30/1991,702.047974,634.356018,,43.988998,,0.0,23.702999,,-176.423996,159.917007,159.917007,16.507,,,525.623978,-300.303986,39.655998,52.103001,48.742001,159.802994,225.320007,-54.429,,1.852,55.895,56.993,-1.098,0.0,0.386,170.891007,-54.220001,116.670998,0.0,,,116.671006,0.0,116.670998,-10.574,,106.096997,106.096997,,126.312,0.84,0.84,0.84,126.312,0.84,0.84,0.84,
12/31/1991,595.59198,450.794006,,110.973999,,0.0,33.824001,,-200.804001,144.039001,144.039001,56.764999,,,394.787979,-326.063995,50.298,52.208,39.221001,184.337006,68.723999,-49.951999,,2.219,53.959999,55.251999,-1.292,0.0,-1.789,18.772,-2.064,16.708,0.0,,,16.708,0.0,16.708,-10.574,,6.134,6.134,,126.673496,0.048667,0.046667,0.046667,126.673496,0.048667,0.046667,0.046667,
03/31/1992,671.369019,487.266998,,151.513,,0.0,32.589001,,-243.966995,159.227997,159.227997,84.738998,,,427.402023,-297.757996,41.495998,55.492001,48.103001,152.667007,129.643997,-46.215,,3.157,50.66,52.514999,-1.855,,-1.288,83.428997,-24.176001,59.252998,0.0,,,59.252997,0.0,59.252998,-10.573,,48.679998,48.679998,,129.990005,0.374,0.374,0.373333,129.990005,0.374,0.374,0.373333,
06/30/1992,543.150024,446.829987,,67.237999,,0.0,29.082001,,-156.214005,125.998001,125.998001,30.216,,,386.93602,-292.964996,52.876999,55.460999,40.909,143.718002,93.971001,-43.851,,3.205,49.313,51.073002,-1.76,,-2.257,50.120001,-12.071,38.049,0.0,,,38.049001,0.0,38.049,-10.574,,27.474999,27.474999,,135.320999,0.2,0.2,0.2,135.320999,0.2,0.2,0.2,
09/30/1992,679.254028,590.823975,,50.098999,,0.0,38.331001,,-157.376999,136.774994,136.774994,20.601999,,,521.877029,-296.648987,41.826,55.551998,51.312,147.959,225.227997,-43.579002,,3.932,50.205002,52.515999,-2.311,,-2.694,181.648995,-57.028999,124.620003,0.0,,,124.619996,0.0,124.620003,-10.573,,114.047003,114.047003,,135.945007,0.84,0.84,0.84,135.945007,0.84,0.84,0.84,
12/31/1992,597.570007,443.002014,,134.087006,,0.0,20.481001,,-212.729004,134.182999,134.182999,78.545998,,,384.841003,-298.338989,36.527,56.978001,42.68,162.154007,86.501999,-34.006,,3.598,39.569,41.807999,-2.239,,-1.965,52.495999,-10.071,42.424999,0.0,,,42.424999,0.0,42.424999,-10.527,,31.897999,31.897999,,143.735992,0.22,0.22,0.22,143.735992,0.22,0.22,0.22,
03/31/1993,683.825012,475.428986,,181.779999,,0.0,26.615999,,-244.770996,134.371002,134.371002,110.400002,,,439.054016,-302.959991,41.896,58.737999,51.290001,151.035995,136.093994,-41.711,,3.535,46.59,52.733002,-6.143,,-1.344,94.382994,-28.587,65.795998,0.0,,,65.795994,0.0,65.795998,-10.52,,55.275997,55.275997,,144.184006,0.38,0.38,0.38,144.184006,0.38,0.38,0.38,
06/30/1993,564.721008,469.740997,,75.93,,0.0,19.049999,,-148.735992,109.677002,109.677002,39.058998,,,415.985016,-308.597992,58.896999,59.595001,43.949001,146.156998,107.387001,-40.199,,3.621,45.597,52.632999,-7.036,,-1.777,67.188001,-11.312,55.875999,0.0,,,55.876001,0.0,55.875999,-10.576,,45.299999,45.299999,,144.757004,0.31,0.31,0.31,144.757004,0.31,0.31,0.31,
09/30/1993,774.064026,686.997986,,49.580002,,0.0,37.486,,-164.561996,143.369003,143.369003,21.193001,,,609.502029,-322.040985,37.324001,59.736,56.112999,168.867996,287.460999,-43.201998,,3.533,49.384998,55.231998,-5.847,,-2.65,244.259,-87.200996,157.057999,0.0,,,157.058004,0.0,157.057999,-10.547,,146.510999,146.510999,,145.367004,1.01,1.01,1.01,145.367004,1.01,1.01,1.01,
12/31/1993,718.775024,479.979004,,125.873001,,0.0,112.922997,,-219.244003,147.210999,147.210999,72.032997,,,499.531021,-414.080994,43.091,75.844002,43.48,251.666,85.449997,-43.342001,,3.803,47.192001,52.373001,-5.181,,-0.047,42.107996,-10.972,31.136,0.0,,,31.135996,0.0,31.136,-10.196,,20.94,20.94,,145.979004,0.14,0.14,0.14,145.979004,0.14,0.14,0.14,
03/31/1994,748.275024,517.146973,,205.186005,,0.0,25.941999,,-253.479996,126.554001,126.554001,126.926003,,,494.795029,-332.684998,45.566002,62.400002,52.794998,171.923996,162.110001,-39.436998,,5.074,46.655998,52.199001,-5.543,,-2.145,122.673002,-40.528,82.144997,0.0,,,82.145002,0.0,82.144997,-10.031,,72.113997,72.113997,,146.436996,0.49,0.49,0.49,146.436996,0.49,0.49,0.49,
06/30/1994,651.153015,500.177002,,67.885002,,0.0,83.091003,,-152.542007,120.959999,120.959999,31.582001,,,498.611008,-361.833008,43.543999,67.933998,43.734001,206.621002,136.778,-41.336001,,5.542,47.561001,53.569,-6.008,,-0.683,95.441999,-28.733999,66.708,0.0,,,66.708,0.0,66.708,-10.021,,56.687,56.687,,146.947006,0.39,0.39,0.39,146.947006,0.39,0.39,0.39,
09/30/1994,753.877991,649.223022,,51.450001,,0.0,53.205002,,-167.949997,148.082001,148.082001,19.868,,,585.927994,-353.454987,35.549999,90.766998,56.971001,170.167007,232.473007,-41.035001,,5.565,47.901001,54.070999,-6.17,,-1.301,191.438006,-64.821999,126.615997,0.0,,,126.616008,0.0,126.615997,-9.902,,116.713997,116.713997,,147.487,0.79,0.79,0.79,147.487,0.79,0.79,0.79,
12/31/1994,650.481018,460.033997,,96.727997,,0.0,93.719002,,-192.932007,146.718002,146.718002,46.214001,,,457.549011,-351.751007,40.231998,74.848999,46.233002,190.436996,105.797997,-37.880999,,5.565,48.035999,54.507999,-6.472,,-4.59,67.916998,-19.768999,48.147999,0.0,,,48.147999,0.0,48.147999,-9.968,,38.179999,38.179999,,147.526993,0.26,0.26,0.26,147.526993,0.26,0.26,0.26,
03/31/1995,715.250977,507.825012,,152.783997,,0.0,54.641998,,-229.257004,147.453995,147.453995,81.803001,,,485.993973,-337.834991,36.881001,76.648003,54.122002,170.184006,148.158997,-44.690001,,5.369,48.588001,54.977001,-6.389,,1.471,103.468995,-32.616001,70.852997,0.0,,,70.852994,0.0,70.852997,-9.951,,60.901997,60.901997,,147.526993,0.41,0.41,0.41,147.526993,0.41,0.41,0.41,
06/30/1995,642.5,504.627014,,67.968002,,0.0,69.904999,,-162.315994,133.128006,133.128006,29.188,,,480.184006,-359.264008,51.362,75.336998,45.334,187.231003,120.919998,-46.424,,4.832,49.035999,55.333,-6.297,,2.22,74.495999,-23.607,50.889,0.0,,,50.888998,0.0,50.889,-9.952,,40.937,40.937,,147.526993,0.28,0.28,0.28,147.526993,0.28,0.28,0.28,
09/30/1995,848.781006,713.768982,,49.477001,,0.0,85.535004,,-173.423996,155.085007,155.085007,18.339001,,,675.35701,-375.613007,34.478001,93.558998,57.93,189.645996,299.743988,-49.358001,,2.026,50.831001,55.436001,-4.605,,0.553,250.385987,-87.051003,163.335007,0.0,,,163.334984,0.0,163.335007,-10.231,,153.104007,153.104007,,147.526993,1.04,1.04,0.97,147.526993,1.04,1.04,0.97,
12/31/1995,728.267029,503.553009,,130.274994,,0.0,94.439003,,-211.873001,143.134003,143.134003,68.738998,,,516.394028,-389.524994,45.548,71.873001,47.780998,224.322998,126.869003,-47.685999,,1.935,48.521999,53.943001,-5.421,,1.099,79.183004,-26.253,52.93,0.0,,,52.930004,0.0,52.93,-10.444,,42.486,42.486,,147.526993,0.29,0.29,0.29,147.526993,0.29,0.29,0.29,
03/31/1996,861.330017,554.44397,,219.264008,,0.0,87.622002,,-282.880005,153.852005,153.852005,129.028,,,578.450012,-377.13501,34.439999,85.399002,57.555,199.740997,201.315002,-47.561998,,1.965,48.502998,52.717999,-4.215,0.0,1.024,153.753004,-52.972,100.780998,0.0,,,100.781004,0.0,100.780998,-9.663,,91.117998,91.117998,,147.526993,0.62,0.62,0.62,147.526993,0.62,0.62,0.62,
06/30/1996,731.70697,517.780029,,93.514999,,0.0,120.412003,,-176.852005,127.468002,127.468002,49.383999,,,554.854965,-406.217987,60.811001,82.332001,48.627998,214.447006,148.636993,-47.376,,2.006,48.555,53.054001,-4.499,0.0,0.827,101.260993,-36.708,64.553001,0.0,,,64.552993,0.0,64.553001,-12.104,,52.449001,52.449001,,147.526993,0.36,0.36,0.35,147.526993,0.36,0.36,0.35,
09/30/1996,825.960022,664.364014,,62.874001,,0.0,98.722,,-162.339996,134.240997,134.240997,28.099001,,,663.620026,-387.953003,40.310001,83.654999,61.189999,202.798004,275.666992,-49.022999,,1.007,50.896999,55.966,-5.069,0.0,-0.867,226.643993,-80.162003,146.481995,0.0,,,146.48199,0.0,146.481995,-8.62,,137.861995,137.861995,,147.565002,0.93,0.93,0.97,147.565002,0.93,0.93,0.97,
12/31/1996,734.25,472.156006,,141.639008,,0.0,120.455002,,-209.785004,131.852997,131.852997,77.931999,,,524.464996,-480.618988,38.580002,78.805,47.374001,315.859985,43.846001,-48.347002,,1.53,50.483002,55.883999,-5.401,0.0,-0.606,-4.501001,3.509,-0.992,0.0,,,-0.992001,0.0,-0.992,-8.149,,-9.141,-9.141,,147.619995,-0.06,-0.06,-0.45,147.619995,-0.06,-0.06,-0.45,
03/31/1997,887.685974,517.296997,,213.707993,,0.0,156.681,,-268.427002,135.173004,135.173004,133.253998,,,619.258972,-455.342987,39.544998,85.598999,58.244999,271.95401,163.916,-52.386998,,1.21,53.349998,56.287998,-2.938,0.0,0.247,111.529002,-39.417999,72.111,0.0,,,72.111003,0.0,72.111,-7.884,,64.227,64.227,,147.667007,0.43,0.43,0.51,147.667007,0.43,0.43,0.51,
06/30/1997,746.435974,498.06601,,92.337997,,0.0,156.031998,,-161.003006,112.835999,112.835999,48.167,,,585.432968,-457.488007,62.650002,85.185997,49.077999,260.574005,127.945,-105.526998,,1.206,57.433998,59.827,-2.393,0.0,49.299,22.418002,-7.448,14.97,0.0,,,14.970002,0.0,14.97,-7.874,,7.096,7.096,,147.667007,0.05,0.05,0.27,147.667007,0.05,0.05,0.27,
09/30/1997,860.836975,676.338013,,60.902,,0.0,123.597,,-160.591995,135.238007,135.238007,25.354,,,700.24498,-379.277008,36.845001,85.349998,58.012001,199.070007,320.967987,-57.330999,,1.353,60.709,63.421001,-2.712,0.0,-2.025,263.636988,-92.230003,171.406998,0.0,,,171.406984,0.0,171.406998,-6.995,,164.411998,164.411998,,147.667007,1.11,1.11,1.11,147.667007,1.11,1.11,1.11,
12/31/1997,812.640991,499.998993,,154.651993,,0.0,157.990005,,-221.778,136.453003,136.453003,85.324997,,,590.862991,-409.291992,39.459999,86.764999,51.465,231.602005,181.570999,-138.354998,,1.531,58.507,61.664001,-3.157,0.0,81.378998,43.216001,-18.903999,24.312,0.0,,,24.312002,0.0,24.312,-5.947,,18.365,18.365,,147.798996,0.12,0.12,0.38,147.798996,0.12,0.12,0.38,
03/31/1998,866.099976,499.200012,,180.5,,0.0,186.399994,,-224.800003,126.5,126.5,98.300003,,,641.299973,-457.899994,34.200001,96.5,57.0,270.200012,183.399994,-57.6,,1.7,59.5,61.799999,-2.3,0.0,-0.2,125.799994,-45.599998,80.199997,0.0,,,80.199995,0.0,80.199997,-5.8,,74.399997,74.399997,,147.860992,0.5,0.5,0.5,147.860992,0.5,0.5,0.5,
06/30/1998,767.599976,525.200012,,82.0,,0.0,160.399994,,-147.800003,115.599998,115.599998,32.200001,,,619.799973,-463.600006,57.898998,89.599998,49.599998,266.5,156.199997,-57.199998,,1.6,58.099998,59.599998,-1.5,0.0,0.7,98.999999,-35.0,64.0,0.0,,,63.999999,0.0,64.0,-6.6,,57.4,57.4,,148.300003,0.39,0.39,0.39,148.300003,0.39,0.39,0.39,
09/30/1998,934.0,722.5,,62.099998,,0.0,149.399994,,-171.0,149.399994,149.399994,21.6,,,763.0,-442.600006,38.700001,89.599998,62.0,252.300003,320.399994,-54.400002,,1.8,57.900002,59.599998,-1.7,0.0,-1.7,265.999992,-93.800003,172.199997,0.0,,,172.199989,0.0,172.199997,-11.3,,160.899997,160.899997,,148.699997,1.08,1.08,1.08,148.699997,1.08,1.08,1.08,
12/31/1998,790.400024,472.299988,,124.800003,,0.0,193.300003,,-170.699997,114.199997,114.199997,56.5,,,619.700027,-514.900024,46.700001,101.400002,50.799999,316.0,104.800003,-87.800002,,1.2,65.400002,66.900002,-1.5,0.0,23.6,17.000001,-3.8,13.2,0.0,,,13.200001,0.0,13.2,0.0,,13.2,13.2,,149.231003,0.09,0.09,0.23,149.231003,0.09,0.09,0.23,
03/31/1999,932.3,513.0,,192.8,,0.0,226.5,,-223.2,121.1,121.1,102.1,,,709.1,-511.0,48.899,90.3,60.2,311.6,198.1,-62.0,,1.7,61.2,62.4,-1.2,0.0,2.5,136.1,-49.9,86.2,0.0,,,86.2,0.0,86.2,-3.4,,82.8,82.8,,149.5,0.55,0.55,0.55,149.5,0.55,0.55,0.55,
06/30/1999,858.5,533.0,,79.900002,,0.0,245.600006,,-153.0,120.0,120.0,33.0,,,705.5,-541.599976,53.599998,90.800003,51.799999,345.399994,163.899994,-53.000001,,,58.200001,58.200001,,0.0,-5.2,110.899993,-39.5,71.400002,0.0,,,71.399993,0.0,71.400002,-3.4,,68.000001,68.000001,,149.600006,0.45,0.45,0.45,149.600006,0.45,0.45,0.45,
09/30/1999,1010.200012,691.200012,,60.099998,,0.0,258.899994,,-137.100006,115.800003,115.800003,21.299999,,,873.100006,-595.400024,,92.900002,65.099998,437.399994,277.700012,-60.500001,,,61.700001,61.700001,,0.0,-1.2,217.200011,-77.699997,139.5,0.0,,,139.500015,0.0,139.5,-3.4,,136.1,136.1,,149.600006,0.91,0.91,1.13,149.600006,0.91,0.91,1.13,
12/31/1999,1063.5,521.6,,143.7,,0.0,398.2,,-185.0,110.8,110.8,74.2,,,878.5,-758.3,42.802,175.8,50.2,489.5,120.2,-62.6,,,60.4,63.4,,0.0,2.2,57.6,-19.3,42.8,66.3,,,-28.0,0.0,-23.5,-3.3,,-26.8,-26.8,,149.6,-0.18,0.26,0.33,149.6,-0.18,0.26,0.33,
03/31/2000,994.0,524.4,,194.5,,0.0,275.1,,-221.5,118.6,118.6,102.9,,,772.5,-587.9,45.1,132.5,61.1,349.2,184.6,-57.2,,,60.4,60.4,0.0,0.0,-3.2,127.4,-52.0,75.4,0.0,,,75.4,0.0,75.4,-3.3,,72.1,72.1,,149.6,0.48,0.48,0.5,149.6,0.48,0.48,0.5,
06/30/2000,866.599976,565.299988,,91.599998,,0.0,209.699997,,-165.600006,124.699997,124.699997,40.900002,,,700.999969,-568.900024,,130.600006,51.099998,387.200012,132.100006,-62.299999,,,65.099998,65.099998,,0.0,-2.8,69.800008,-26.9,42.900002,0.0,,,42.900008,0.0,42.900002,-3.3,,39.600002,39.600002,,149.699997,0.26,0.26,0.37,149.699997,0.26,0.26,0.37,
09/30/2000,968.599976,598.200012,,86.699997,,0.0,283.700012,,,,,,,,,-655.200012,,107.599998,49.700001,497.899994,313.399994,-66.899998,,,66.599998,66.599998,,0.0,0.3,246.499995,-95.699997,150.800003,0.0,,,150.799998,0.0,150.800003,-3.3,,147.500003,147.500003,,150.100006,0.98,0.98,0.98,150.100006,0.98,0.98,0.98,
12/31/2000,1036.3,446.7999,,231.0,,0.0,358.5,,-402.9,244.1,244.1,158.8,,,633.4,-425.2999,,99.3,62.4,363.1,208.1,-66.40001,,,66.10001,66.10001,,0.0,0.3,141.69999,-52.3,89.39999,0.0,,,89.39999,0.0,89.39999,-3.3,,86.09999,86.09999,,150.5,0.57,0.57,0.57,150.5,0.57,0.57,0.57,
03/31/2001,1130.5,492.2,,352.3,,0.0,286.0,,-518.7,265.8,265.8,252.9,,,611.8,-393.4,,103.6,58.4,231.4,218.4,-47.3,,,62.7,78.0,-15.3,0.0,-15.4,171.1,-64.5,106.6,-8.5,,,115.1,0.0,115.1,-3.3,0.0,111.8,111.8,,151.8,0.74,0.68,0.62,151.8,0.74,0.68,0.62,
06/30/2001,826.1,497.4,,109.6,,0.0,219.1,,-346.1,293.9,293.9,52.2,,,480.0,-326.1,,102.0,55.5,168.6,153.9,-32.4,,,53.7,72.5,-18.8,0.0,-21.3,121.5,-42.6,78.9,0.0,,,78.9,0.0,78.9,-3.3,,75.6,75.6,,163.7,0.46,0.46,0.46,163.7,0.46,0.46,0.46,
09/30/2001,1043.400024,634.400024,,66.599998,,0.0,342.399994,,0.0,,,,,,1043.400024,-726.599976,,102.900002,55.200001,568.5,316.799988,-51.299999,,,54.299999,66.199997,-11.9,0.0,-3.0,265.499989,-98.599998,166.899994,0.0,,,166.89999,0.0,166.899994,-3.3,,163.599994,163.599994,,163.699997,1.0,1.0,1.0,163.699997,1.0,1.0,1.0,
12/31/2001,901.9,415.6,,145.8,,0.0,340.5,,0.0,,,,,,901.9,-735.0,,110.6,57.0,567.4,166.9,-591.5,,,54.9,66.4,-11.5,,536.6,-424.6,167.8,-256.8,0.0,,,-256.8,0.0,-256.8,-3.3,,-260.1,-260.1,,163.7,-1.59,-1.59,0.46,163.7,-1.59,-1.59,0.46,
03/31/2002,1052.3,460.3,,220.8,,0.0,371.2,,,,,,,,,-864.9,,117.1,65.6,682.2,187.4,179.6,,0.0,56.1,67.9,-11.8,0.0,-235.7,367.0,-135.1,231.9,0.0,,,231.9,0.0,231.9,-3.3,0.0,228.6,228.6,,163.7,1.4,1.4,0.49,163.7,1.4,1.4,0.49,
06/30/2002,1031.4,480.4,,90.6,,0.0,460.4,,-312.5,273.8,273.8,38.7,,,718.9,-517.9,,117.2,63.6,337.1,201.0,-70.4,,0.0,62.6,82.7,-20.1,0.0,7.8,130.6,-46.0,84.6,0.0,,,84.6,0.0,84.6,-3.3,0.0,81.3,81.3,,164.0,0.5,0.5,0.56,164.0,0.5,0.5,0.56,
09/30/2002,1269.6,596.1,,67.7,,0.0,605.8,,0.0,,,,,,1269.6,-924.5,,125.8,66.5,732.2,345.1,-98.7,,0.0,69.9,78.4,-8.5,0.0,28.8,246.4,-92.4,154.0,0.0,,,154.0,0.0,154.0,-3.3,0.0,150.7,150.7,,164.4,0.92,0.92,1.07,164.4,0.92,0.92,1.07,
12/31/2002,1371.9,428.8,,191.4,,0.0,751.7,,0.0,,,,,,1371.9,-1192.5,,120.9,63.5,1008.1,179.4,-75.1,,0.0,79.8,83.4,-3.6,0.0,-4.7,104.3,-36.0,68.3,0.0,,,68.3,0.0,68.3,-3.3,0.0,65.0,65.0,,164.8,0.39,0.39,0.41,164.8,0.39,0.39,0.41,
03/31/2003,2612.9,486.3,,298.2,,0.0,1828.4,,,,,,,,,-2439.6,,111.1,72.1,2256.4,173.3,-66.7,,0.0,77.9,82.3,-4.4,0.0,-11.2,106.6,-36.3,70.3,198.4,,,-128.1,0.0,-128.1,-3.3,,-131.4,-131.4,,164.9,-0.8,0.4,0.36,164.9,-0.8,0.4,0.36,
06/30/2003,2271.1,436.9,,137.5,,0.0,1696.7,,-323.5,237.2,237.2,86.3,,,1947.6,-1718.3,,116.9,70.2,1531.2,229.3,-74.9,,0.0,80.7,83.5,-2.8,0.0,-5.8,154.4,-54.3,100.1,0.0,,,100.1,0.0,100.1,-3.3,,96.8,96.8,,165.8,0.58,0.58,0.58,165.8,0.58,0.58,0.58,
09/30/2003,2604.4,582.3,,78.3,,0.0,1943.8,,,,,,,,,-2205.9,,127.7,68.0,2010.2,398.5,-87.8,,0.0,83.0,85.3,-2.3,0.0,4.8,310.7,-114.5,196.2,0.0,,,196.2,0.0,196.2,-3.3,,192.9,192.9,,167.0,1.16,1.16,1.27,167.7,1.15,1.15,1.26,
12/31/2003,2494.5,416.0,,198.7,,0.0,1879.1,,,,,,,,,,,123.3,40.3,1880.4,241.7,-350.1,,0.0,85.4,89.7,-4.3,0.0,264.7,-108.4,-64.4,122.3,0.0,,,-172.8,0.0,122.3,-3.3,0.0,119.0,119.0,,167.5,0.71,0.71,0.67,168.4,0.71,0.71,0.67,
03/31/2004,3029.6,484.4,,317.9,,0.0,2227.3,,-2201.5,2201.5,2201.5,,,,828.1,-595.8,,121.6,64.0,410.2,232.3,-77.6,,0.0,82.2,84.8,-2.6,0.0,-4.6,154.7,-41.1,113.6,44.1,,,69.5,0.0,69.5,-3.3,0.0,66.2,66.2,,168.1,0.39,0.65,0.65,169.2,0.39,0.65,0.65,
06/30/2004,2793.0,477.2,,111.5,,0.0,2204.3,,,,,,,,,-2598.9,,130.2,62.4,2406.3,194.1,-73.0,,0.0,80.3,83.5,-3.2,0.0,-7.3,121.1,13.1,134.2,2.7,,,131.5,0.0,131.5,-3.3,,128.2,128.2,,168.7,0.76,0.78,0.56,169.6,0.76,0.77,0.55,
09/30/2004,3358.8,582.0,,74.6,,0.0,2702.2,,-2317.3,2317.3,2317.3,,,,1041.5,-659.3,,132.5,67.0,459.8,382.2,-78.3,,0.0,77.7,79.9,-2.2,0.0,0.6,303.9,-95.8,208.1,-5.6,,,213.7,0.0,213.7,-3.3,0.0,210.4,210.4,,175.5,1.2,1.17,1.21,176.4,1.19,1.16,1.17,
12/31/2004,3220.800049,424.0,,251.100006,,0.0,2545.699951,,-2327.199951,2327.199951,2327.199951,,,,893.600098,-648.400024,,129.600006,63.400002,455.399994,245.199997,-74.599998,,0.0,75.099998,77.900002,-2.8,0.0,-0.5,170.599998,-41.099998,129.5,-8.7,,,138.2,0.0,138.199997,-3.3,0.0,134.899997,134.899997,,176.0,0.77,0.72,0.75,177.199997,0.76,0.71,0.74,
03/31/2005,3572.0,491.5,,364.6,,0.0,2715.9,,-2677.6,2677.6,2677.6,,,,894.4,-672.5,,130.6,68.5,473.4,221.9,-63.9,,0.0,76.8,79.7,-2.9,0.0,-12.9,158.0,-36.1,121.9,-2.1,,,124.0,0.0,124.0,-3.3,0.0,120.7,120.7,,176.8,0.68,0.67,0.64,178.6,0.68,0.67,0.64,
06/30/2005,3478.5,465.1,465.1,141.7,141.7,0.0,2871.7,,-2587.2,2587.2,2587.2,,,,891.3,-681.5,,133.5,67.1,480.9,209.8,-58.2,,0.0,72.3,74.8,-2.5,0.0,-14.1,151.6,-30.5,121.1,-3.9,,,125.0,0.0,125.0,-3.3,0.0,121.7,121.7,,177.6,0.69,0.67,0.67,179.7,0.68,0.66,0.66,
09/30/2005,4922.4,626.8,,112.2,,0.0,4183.4,,-3953.2,3953.2,3953.2,,,,969.2,-648.3,,143.3,73.8,431.2,320.9,-61.4,,0.0,73.6,75.7,-2.1,0.0,-12.2,259.5,-72.1,187.4,-1.4,,,188.8,0.0,188.8,-3.3,0.0,185.5,185.5,,178.1,1.04,1.03,1.17,180.5,1.03,1.02,1.15,
12/31/2005,5117.8,453.1,,343.2,,0.0,4321.5,,-4026.8,4026.8,4026.8,,,,1091.0,-793.2,,130.1,71.9,591.2,297.8,-71.3,,0.0,74.4,76.7,-2.3,0.0,-3.1,226.5,-54.7,171.8,-26.7,,,198.5,0.0,198.5,-3.3,0.0,195.2,195.2,,177.4,1.1,0.95,0.88,179.9,1.09,0.94,0.87,
03/31/2006,4859.2,504.0,,418.3,,0.0,3936.9,0.0,-3923.1,3923.1,3923.1,,,,936.1,-728.0,,130.2,73.6,524.2,208.1,-63.6,,0.0,74.3,77.0,-2.7,0.0,-10.7,144.5,-39.6,104.9,-12.3,,,117.2,0.0,117.2,-3.3,0.0,113.9,113.9,,178.6,0.64,0.57,0.62,180.4,0.63,0.56,0.61,
06/30/2006,4378.8,498.7,498.7,141.8,141.8,0.0,3738.3,,-3396.2,3396.2,3396.2,0.0,,,982.6,-797.2,,133.3,71.5,592.4,185.4,-68.3,,0.0,75.5,79.3,-3.8,0.0,-7.2,117.1,-39.8,77.3,-19.1,,,96.4,0.0,96.4,-3.3,0.0,93.1,93.1,,179.1,0.52,0.41,0.45,180.7,0.52,0.41,0.45,
09/30/2006,5393.4,649.9,,111.7,,0.0,4631.8,0.0,-4096.2,4096.2,4096.2,,,,1297.2,-741.2,,136.4,73.6,531.2,556.0,-95.2,,0.0,79.6,83.1,-3.5,0.0,15.6,460.8,-151.2,309.6,-18.1,,,327.7,0.0,327.7,-3.3,0.0,324.4,324.4,,179.7,1.81,1.7,1.47,181.6,1.79,1.69,1.46,
12/31/2006,4593.2,463.3,463.3,218.2,218.2,0.0,3911.7,0.0,-3454.9,3454.9,3454.9,,,,1138.3,-781.6,,124.0,72.0,585.6,356.7,33.6,,0.0,86.1,89.8,-3.7,0.0,-119.7,390.3,-120.4,269.9,-138.4,,,408.3,0.0,408.3,-3.3,0.0,405.0,405.0,,180.2,2.25,1.48,1.1,182.7,2.22,1.46,1.08,
03/31/2007,5111.1,514.8,,402.5,,0.0,4193.8,0.0,-4016.7,4016.7,4016.7,,,,1094.4,-792.0,,132.4,73.2,586.4,302.4,-34.1,,0.0,76.5,80.3,-3.8,0.0,-42.4,268.3,-67.7,200.6,1.6,,,199.0,0.0,199.0,-3.3,0.0,195.7,195.7,,180.6,1.08,1.09,1.04,182.8,1.07,1.08,1.03,
06/30/2007,4876.3,544.3,,159.1,,0.0,4172.9,0.0,-3885.2,3885.2,3885.2,,,,991.1,-814.2,,142.8,72.8,598.6,176.9,-31.0,,0.0,66.6,71.1,-4.5,0.0,-35.6,145.9,-26.3,119.6,0.0,,,119.6,0.0,119.6,-3.3,0.0,116.3,116.3,,180.3,0.65,0.65,0.65,182.7,0.64,0.64,0.64,
09/30/2007,5856.4,778.2,,112.8,,0.0,4965.4,0.0,-4549.7,4549.7,4549.7,,,,1306.7,-881.6,,138.3,73.7,669.6,425.1,-6.8,,0.0,75.1,80.3,-5.2,0.0,-68.3,418.3,-164.3,254.0,-0.7,,,254.7,0.0,254.7,-3.3,0.0,251.4,251.4,,180.5,1.39,1.39,1.47,182.8,1.38,1.37,1.45,
12/31/2007,5349.4,618.3,,268.6,,0.0,4462.5,0.0,-4022.3,4022.3,4022.3,,,,1327.1,-894.8,,144.3,69.2,681.3,432.3,-0.9,,0.0,74.2,80.1,-5.9,0.0,-73.3,431.4,-170.0,261.4,0.0,,,261.4,0.0,261.4,-3.3,0.0,258.1,258.1,,179.3,1.44,1.44,1.5,181.8,1.42,1.42,1.48,
03/31/2008,4812.2,709.3,,391.0,391.0,0.0,3711.9,,-3743.1,3743.1,3743.1,,0.0,,1069.1,-829.8,,148.3,74.8,606.7,239.3,-14.0,,0.0,71.7,78.8,-7.1,0.0,-57.7,225.3,-75.9,149.4,0.0,,,149.4,-3.7,145.7,,0.0,145.7,145.7,,178.2,0.82,0.82,0.96,180.2,0.81,0.81,0.95,
06/30/2008,4756.1,448.7,448.7,183.1,183.1,0.0,4124.3,,-3559.4,3559.4,3559.4,,,0.0,1196.7,-941.5,,141.9,71.1,728.5,255.2,26.9,,0.0,64.9,73.5,-8.6,0.0,-91.8,282.1,-107.1,175.0,0.0,,,175.0,-3.5,171.5,-3.3,0.0,168.2,168.2,-49.72,178.4,0.96,0.96,0.68,180.2,0.95,0.95,0.68,
09/30/2008,5323.6,822.3,822.3,150.3,150.3,0.0,4351.0,,-4318.0,4318.0,4318.0,,0.0,,1005.6,-715.5,,134.3,81.1,500.1,290.1,-624.1,,0.0,89.5,100.0,-10.5,0.0,534.6,-334.0,111.6,-222.4,0.0,,,-222.4,0.0,-222.4,-3.3,0.0,-225.7,-225.7,337.025,178.4,-1.27,-1.27,0.624019,179.5,-1.27,-1.27,0.607577,
12/31/2008,4926.4,699.2,699.2,280.4,280.4,0.0,3946.8,0.0,-3900.8,3900.8,3900.8,,,,1025.6,-845.4,,158.7,74.8,611.9,180.2,-1732.5,,0.0,123.0,146.8,-23.8,0.0,1609.5,-1552.3,149.7,-1402.6,0.0,,,-1402.6,0.0,-1402.6,-3.3,0.0,-1405.9,-1405.9,,181.4,-7.75,-7.75,0.03,181.4,-7.75,-7.75,0.03,
03/31/2009,4303.4,806.8,806.8,384.3,384.3,0.0,3112.3,,-3273.2,3273.2,3273.2,,0.0,,1030.2,-1242.3,,148.6,77.9,1015.8,-212.1,-149.8,122.3,,122.3,143.9,-21.6,,27.5,-361.9,242.2,-119.7,0.0,0.0,0.0,-119.7,-3.8,-123.5,,0.0,-123.5,143.13,266.63,198.5,-0.62,-0.62,0.721058,198.5,-0.62,-0.62,0.721058,
06/30/2009,3864.1,655.7,655.7,111.1,111.1,0.0,3097.3,,-2631.6,2631.6,2631.6,,0.0,,1232.5,-1001.9,,148.9,72.4,780.6,230.6,-99.5,111.6,,111.6,133.2,-21.6,,-12.1,131.1,-102.8,28.3,0.0,0.0,0.0,28.3,-20.2,8.1,,0.0,8.1,138.88,130.78,199.2,0.04,0.04,0.697189,200.0,0.04,0.04,0.6939,
09/30/2009,4027.7,788.3,788.3,77.7,77.7,0.0,3161.7,,-2650.4,2650.4,2650.4,,0.0,,1377.3,-843.0,,149.3,74.4,619.3,534.3,-68.5,107.2,,107.2,129.7,-22.5,,-38.7,465.8,-298.4,167.4,0.0,0.0,0.0,167.4,-29.8,137.6,,0.0,137.6,146.115,8.515,199.6,0.69,0.69,0.732039,200.8,0.69,0.69,0.732039,
12/31/2009,3403.6,569.9,569.9,180.7,180.7,0.0,2653.0,,-2580.4,2580.4,2580.4,,0.0,,823.2,6605.0,,142.3,65.7,-6813.0,7428.2,-173.0,92.0,,92.0,113.4,-21.4,,81.0,7255.2,-2827.8,4427.4,0.0,0.0,0.0,4427.4,-6.2,4421.2,,0.0,4421.2,-339.53,-4760.73,199.9,22.12,22.12,-1.698499,201.3,21.96,21.96,-1.698499,
03/31/2010,3586.6,751.3,751.3,317.1,317.1,0.0,2518.2,,-2560.6,2560.6,2560.6,,0.0,,1026.0,-610.9,,131.4,66.8,412.7,415.1,-128.2,105.9,,105.9,121.5,-15.6,,22.3,286.9,-95.6,191.3,0.0,0.0,0.0,191.3,0.2,191.5,,0.0,191.5,188.315,-3.185,200.3,0.96,0.96,0.940165,201.9,0.95,0.95,0.934225,
06/30/2010,3309.9,651.1,651.1,99.6,99.6,0.0,2559.2,,-2489.8,2489.8,2489.8,,0.0,,820.1,-638.2,,125.3,65.6,447.3,181.9,-60.6,51.7,,51.7,60.4,-8.7,,8.9,121.3,-37.5,83.8,0.0,0.0,0.0,83.8,-11.2,72.6,,0.0,72.6,72.405,-0.195,200.8,0.36,0.36,0.360583,202.6,0.36,0.36,0.359038,
09/30/2010,3968.9,776.3,776.3,77.7,77.7,,3114.9,,-3231.7,3231.7,3231.7,,,,737.2,-2983.9,,123.0,66.6,2794.3,-2246.7,-75.3,56.9,,56.9,62.6,-5.7,,18.4,-2322.0,947.0,-1375.0,0.0,0.0,0.0,-1375.0,-31.5,-1406.5,,,-1406.5,33.905,1440.405,201.1,-6.99,-6.99,0.168598,201.1,-6.99,-6.99,0.168598,
12/31/2010,3474.6,573.4,573.4,210.5,210.5,0.0,2690.7,,-2620.4,2620.4,2620.4,,0.0,,854.2,-447.5,,138.4,64.9,244.2,406.7,-90.4,63.3,,63.3,66.3,-3.0,,27.1,316.3,-148.2,168.1,0.0,0.0,0.0,168.1,-8.3,159.8,,0.0,159.8,10.755,-149.045,199.8,0.8,0.8,0.053829,201.3,0.79,0.79,0.049588,
03/31/2011,3570.2,650.1,650.1,306.2,306.2,0.0,2613.9,,-2673.0,2673.0,2673.0,,0.0,,897.2,-679.6,,154.1,77.7,447.8,217.6,-88.1,69.1,,69.1,71.3,-2.2,,19.0,129.5,-50.1,79.4,0.0,0.0,0.0,79.4,-9.0,70.4,,0.0,70.4,70.4,0.0,199.4,0.35,0.35,0.35,200.7,0.35,0.35,0.35,
06/30/2011,3359.8,546.9,546.9,108.2,108.2,0.0,2704.7,,-2380.9,2380.9,2380.9,,0.0,,978.9,-718.8,,151.8,76.5,490.5,260.1,-78.7,63.0,,63.0,65.2,-2.2,,15.7,181.4,-73.3,108.1,0.0,0.0,0.0,108.1,-8.9,99.2,,0.0,99.2,96.795,-2.405,200.1,0.5,0.5,0.483733,201.9,0.49,0.49,0.478088,
09/30/2011,3521.1,638.6,638.6,81.9,81.9,0.0,2800.6,,-2630.3,2630.3,2630.3,,0.0,,890.8,-661.0,,143.7,78.1,439.2,229.8,-80.8,63.0,,63.0,67.0,-4.0,,17.8,149.0,-51.1,97.9,0.0,0.0,0.0,97.9,-24.2,73.7,,0.0,73.7,99.75,26.05,200.4,0.37,0.37,0.497754,202.4,0.36,0.36,0.488706,
12/31/2011,2952.8,485.1,485.1,168.2,168.2,0.0,2299.5,,-2246.5,2246.5,2246.5,,0.0,,706.3,-1610.8,,139.7,75.7,1395.4,-904.5,-93.1,70.3,,70.3,73.1,-2.8,,22.8,-997.6,405.4,-592.2,0.0,0.0,0.0,-592.2,8.6,-583.6,,0.0,-583.6,-14.07,569.53,200.7,-2.91,-2.91,-0.070105,200.7,-2.91,-2.91,-0.072282,
03/31/2012,4047.5,,,,,,,,,,,,,,,,,,,,448.0,,,,,,,,,380.0,,99.9,,,,,,99.9,,,99.9,99.9,,,0.5,0.5,0.54,,0.5,0.5,0.54,
