Date,Revenue,Sales & Services Revenue,Other Revenue,Cost of Revenue,Cost of Goods & Services,Gross Profit,Other Operating Income,Operating Expenses,"Selling, General & Admin",Selling & Marketing,General & Administrative,Research & Development,Other Operating Expense,Operating Income (Loss),Non-Operating (Income) Loss,"Interest Expense, Net",Interest Expense,Interest Income,Foreign Exch (Gain) Loss,Other Non-Op (Income) Loss,Pretax Income,Income Tax Expense (Benefit),Income (Loss) from Cont Ops,Net Extraordinary Losses (Gains),Discontinued Operations,XO & Accounting Changes,Income (Loss) Incl. MI,Minority Interest,"Net Income, GAAP",Preferred Dividends,Other Adjustments,"Net Income Avail to Common, GAAP","Net Income Avail to Common, Adj",Net Abnormal Losses (Gains),Basic Weighted Avg Shares,"Basic EPS, GAAP",Basic EPS from Cont Ops,"Basic EPS from Cont Ops, Adjusted",Diluted Weighted Avg Shares,"Diluted EPS, GAAP",Diluted EPS from Cont Ops,"Diluted EPS from Cont Ops, Adjusted",Source: Bloomberg
12/31/1989,18.514,,,,,,,,,,,,,,,,,,,,,,,,,,,,1.261,,,1.261,1.261,,241.024002,0.005156,0.005156,,241.024002,0.005156,0.005156,0.005156,
03/31/1990,9.061,,,-7.475,,1.586,,-2.202,,,,,,-0.616,0.046,,0.0,,0.0,-0.046,-0.57,0.211,-0.359,0.0,,,-0.359,0.0,-0.359,0.0,,-0.359,-0.359,,241.535995,-0.001563,-0.001563,,241.535995,-0.001563,-0.001563,-0.001563,
06/30/1990,15.171,,,-10.694,,4.476999,,-2.48,,,,,,1.997,0.064,,0.0,,0.0,-0.064,2.061,-0.763,1.298,0.0,,,1.298,0.0,1.298,0.0,,1.298,1.298,,231.552002,0.005625,0.005625,,231.552002,0.005625,0.005625,0.005625,
09/30/1990,12.87,,,-8.949,,3.921,,-2.631,,,,,,1.29,-0.083,,0.083,,0.0,0.0,1.207,-0.446,0.761,0.0,,,0.761,0.0,0.761,0.0,,0.761,0.761,,206.464005,0.00375,0.00375,,206.464005,0.00375,0.00375,0.00375,
12/31/1990,14.151,,,-11.115,,3.036,,-3.127,,,,,,-0.091,-0.138,,0.564,,0.0,-0.426,-0.229,0.084,-0.145,0.0,,,-0.145,0.0,-0.145,0.0,,-0.145,-0.145,,201.130688,-0.000781,-0.000781,-0.000781,201.130688,-0.000781,-0.000781,-0.000781,
03/31/1991,18.322001,,,-10.209,,8.113001,,-6.593,,,,,,1.52,-0.137,,,,0.0,0.137,1.383,-0.519,0.864,0.0,,,0.864,0.0,0.864,0.0,,0.864,0.864,,211.776001,0.004375,0.004375,,211.776001,0.004375,0.004375,0.004375,
06/30/1991,17.579,,,-8.911,,8.668,,-7.08,,,,,,1.588,-0.163,,,,0.0,0.163,1.425,-0.562,0.863,0.0,,,0.863,0.0,0.863,0.0,,0.863,0.863,,213.824005,0.00375,0.00375,,213.824005,0.00375,0.00375,0.00375,
09/30/1991,14.187,,,-5.954,,8.233,,-7.448,,,,,,0.785,-0.153,,,,0.0,0.153,0.632,-0.22,0.412,0.0,,,0.412,0.0,0.412,0.0,,0.412,0.412,,219.072006,0.001875,0.001875,,219.072006,0.001875,0.001875,0.001875,
12/31/1991,27.152,,,-14.333,,12.819,,-8.644,,,,,,4.175,-0.063,,,,0.0,0.063,4.112,-1.563,2.549,0.0,,,2.549,0.0,2.549,0.0,,2.549,2.549,,201.92,0.01125,0.01125,0.01125,201.92,0.01125,0.01125,0.01125,
03/31/1992,20.173,,,-14.722,,5.451,,-3.022,,,,,,2.429,-0.081,,0.081,,0.0,0.0,2.348,-0.892,1.456,0.0,,,1.456,0.0,1.456,0.0,,1.456,1.456,,226.335999,0.00625,0.00625,,226.335999,0.00625,0.00625,0.00625,
06/30/1992,26.302999,,,-19.356001,,6.946999,,-3.31,,,,,,3.637,-0.103,,0.103,,0.0,0.0,3.534,-1.358,2.176,0.0,,,2.176,0.0,2.176,0.0,,2.176,2.176,,227.647995,0.009375,0.009375,,227.647995,0.009375,0.009375,0.009375,
09/30/1992,27.778999,,,-19.363001,,8.415998,,-3.487,,,,,,4.929,-0.059,,0.059,,0.0,0.0,4.87,-1.899,2.971,0.0,,,2.971,0.0,2.971,0.0,,2.971,2.971,,229.983994,0.013125,0.013125,,229.983994,0.013125,0.013125,0.013125,
12/31/1992,26.889999,,,-7.261,,19.628999,,-13.857,,,,,,5.772,-0.231,,0.454,,0.18,-0.403,5.541,-2.212,3.329,0.0,,,3.329,0.0,3.329,0.0,,3.329,3.329,,231.52,0.014375,0.014375,0.014375,231.52,0.014375,0.014375,0.014375,
03/31/1993,24.136999,,,-13.267,,10.869999,,-6.501,,,,,,4.369,-0.049,,0.049,,0.0,0.0,4.32,-1.76,2.56,0.0,,,2.56,0.0,2.56,0.0,,2.56,2.56,,232.063995,0.01125,0.01125,,232.063995,0.01125,0.01125,0.01125,
06/30/1993,29.834,,,-17.174999,,12.659,,-7.065,,,,,,5.594,-0.026,,0.026,,0.0,0.0,5.568,-2.254,3.314,0.0,,,3.314,0.0,3.314,0.0,,3.314,3.314,,231.360001,0.014375,0.014375,,231.360001,0.014375,0.014375,0.014375,
09/30/1993,32.334,,,-17.886,,14.448,,-7.547,,,,,,6.901,-0.092,,0.092,,0.0,0.0,6.809,-2.737,4.072,0.0,,,4.072,0.0,4.072,0.0,,4.072,4.072,,232.800003,0.0175,0.0175,,232.800003,0.0175,0.0175,0.0175,
12/31/1993,34.266998,,,-18.087999,,16.178999,,-8.63,,,,,,7.549,-0.126,,0.481,,0.083,-0.438,7.423,-2.811,4.612,0.0,,,4.612,0.0,4.612,0.0,,4.612,4.612,,233.264,0.019375,0.019375,0.019375,233.264,0.019375,0.019375,0.019375,
03/31/1994,30.514999,,,-8.929,,21.585999,,-16.778,,,,,,4.808,-0.084,,,,0.0,0.084,4.724,-1.722,3.002,0.0,,,3.002,0.0,3.002,0.0,,3.002,3.002,,237.856003,0.0125,0.0125,,237.856003,0.0125,0.0125,0.0125,
06/30/1994,39.793999,,,-12.67,,27.123999,,-18.537001,,,,,,8.587,-0.334,,,,0.0,0.334,8.253,-3.35,4.903,0.0,,,4.903,0.0,4.903,0.0,,4.903,4.903,,237.184006,0.020625,0.020625,,237.184006,0.020625,0.020625,0.020625,
09/30/1994,40.932999,,,-19.907,,21.025999,,-12.23,,,,,,8.796,-0.409,,,,0.0,0.409,8.387,-3.318,5.069,0.0,,,5.068999,0.0,5.069,0.0,,5.069,5.069,,237.712006,0.02125,0.02125,,237.712006,0.02125,0.02125,0.02125,
12/31/1994,44.674999,,,-4.92,,39.754999,,-28.167,,,,,,11.588,-0.501,,,,0.0,0.501,11.087,-4.56,6.527,0.0,,,6.527,0.0,6.527,0.0,,6.527,6.527,,238.912,0.0275,0.0275,0.0275,238.912,0.0275,0.0275,0.0275,
04/01/1995,43.192001,,,-12.068,,31.124002,,-22.84,,,,,,8.284,-0.468,,,,0.0,0.468,7.816,-3.275,4.541,0.0,,,4.541,0.0,4.541,0.0,,4.541,4.541,,239.136002,0.01875,0.01875,,239.136002,0.01875,0.01875,0.01875,
07/01/1995,48.966999,,,-14.219,,34.747999,,-23.983999,,,,,,10.764,-0.493,,,,0.0,0.493,10.271,-4.087,6.184,0.0,,,6.184,0.0,6.184,0.0,,6.184,6.184,,239.535995,0.02625,0.02625,0.02625,239.535995,0.02625,0.02625,0.02625,
09/30/1995,41.723999,,,-11.724,,29.999999,,-24.476,,,,,,5.524,0.251,,,,0.0,-0.251,5.775,-2.284,3.491,0.0,,,3.491,0.0,3.491,0.0,,3.491,3.491,,257.808014,0.01375,0.01375,0.01375,257.808014,0.01375,0.01375,0.01375,
12/31/1995,53.018002,,,-14.259,,38.759002,,-26.066,,,,,,12.693,0.665,,,,0.0,-0.665,13.358,-5.053,8.305,0.0,,,8.305,0.0,8.305,0.0,,8.305,8.305,,269.847992,0.03125,0.03125,0.03125,269.847992,0.03125,0.03125,0.03125,
03/30/1996,52.582001,,,-17.284,,35.298,,-29.013,,,,,,6.285,0.671,,,,0.0,-0.671,6.956,-2.734,4.222,0.0,,,4.222,0.0,4.222,0.0,,4.222,4.222,,269.608002,0.01625,0.01625,0.01625,269.608002,0.01625,0.01625,0.01625,
06/29/1996,46.709,,,-13.879,,32.83,,-30.594999,,,,,,2.235,0.593,,,,0.0,-0.593,2.828,-1.139,1.689,0.0,,,1.689,0.0,1.689,0.0,,1.689,1.689,,269.471985,0.00625,0.00625,0.00625,269.471985,0.00625,0.00625,0.00625,
09/28/1996,43.401001,,,-13.782,,29.619001,,-29.24,,,,,,0.379,0.535,,,,0.0,-0.535,0.914,-0.144,0.77,0.0,,,0.77,0.0,0.77,0.0,,0.77,0.77,,267.864014,0.0025,0.0025,0.0025,267.864014,0.0025,0.0025,0.0025,
12/28/1996,46.415001,,,-13.947,,32.468001,,-30.766001,,,,,,1.702,0.502,,,,0.0,-0.502,2.204,-0.634,1.57,0.0,,,1.57,0.0,1.57,0.0,,1.57,1.57,,263.032016,0.00625,0.00625,0.00625,267.824008,0.00625,0.00625,0.00625,
03/29/1997,51.129002,,,-15.147,,35.982002,,-33.443001,,,,,,2.539,0.584,,,,0.0,-0.584,3.123,-1.187,1.936,0.0,,,1.936,0.0,1.936,0.0,,1.936,1.936,,267.84,0.0075,0.0075,0.0075,267.84,0.0075,0.0075,0.0075,
06/28/1997,63.32,,,-21.879,,41.441,,-36.536999,,,,,,4.904,0.574,,,,0.0,-0.574,5.478,-2.154,3.324,0.0,,,3.324,0.0,3.324,0.0,,3.324,3.324,,267.976016,0.0125,0.0125,0.0125,267.976016,0.0125,0.0125,0.0125,
09/27/1997,60.777,,,-15.835,,44.942,,-38.285,,,,,,6.657,0.546,,,,0.0,-0.546,7.203,-2.758,4.445,0.0,,,4.445,0.0,4.445,0.0,,4.445,4.445,,276.056,0.01625,0.01625,0.01625,276.056,0.01625,0.01625,0.01625,
01/03/1998,69.831001,,,-19.082001,,50.749,,-42.679001,,,,,,8.07,0.61,,,,0.0,-0.61,8.68,-3.237,5.443,0.0,,,5.443,0.0,5.443,0.0,,5.443,5.443,,262.063992,0.02125,0.02125,0.02125,269.359984,0.02,0.02,0.02,
04/04/1998,73.674004,,,-22.072001,,51.602003,,-45.618,,,,,,5.984,-4.878,,,,0.0,4.878,1.106,-0.435,0.671,0.0,,,0.671,0.0,0.671,0.0,,0.671,0.671,,261.35199,0.0025,0.0025,0.015,266.81601,0.0025,0.0025,0.01375,
07/04/1998,79.152,,,-21.237,,57.915,,-49.105,,,,,,8.81,-0.084,,,,0.0,0.084,8.726,-3.356995,5.369,0.0,,,5.369005,0.0,5.369,0.0,,5.369,5.369,,261.928008,0.02,0.02,0.02,269.287992,0.02,0.02,0.02,
10/03/1998,82.832001,,,-20.174999,,62.657001,,-52.327,,,,,,10.33,-0.145,,,,0.0,0.145,10.185,-3.837,6.348,0.0,,,6.348,0.0,6.348,0.0,,6.348,6.348,,262.167999,0.02375,0.02375,0.02375,269.920013,0.02375,0.02375,0.02375,
01/02/1999,95.244003,,,-26.059999,,69.184004,,-55.73999,,,,,,13.44401,2.311,,,,0.0,-2.311,15.75501,-5.05,8.201008,0.0,,,10.70501,0.0,8.201008,0.0,,8.201008,8.201008,,264.944,0.03125,0.03125,0.03125,270.959991,0.03,0.03,0.03,
04/03/1999,86.743,,,-57.671,,29.072,,-24.198,,,,,,4.874,-0.331,,0.331,,,0.0,4.543,-1.726,2.817,,,,2.817,,2.817,0.0,0.0,2.817,2.817,,268.472,0.01,0.01,0.01,271.384,0.01,0.01,0.01,
07/03/1999,82.781998,,,-21.931999,,60.849998,,-59.445999,,,,,,1.404,-0.976,,,0.0,0.0,0.976,0.428,-0.168,0.26,1.395,,,-1.135,0.0,-1.135,0.0,,-1.135,-1.135,,268.920013,-0.00375,0.00125,0.00125,271.287994,-0.00375,0.00125,0.00125,
10/02/1999,80.929001,,,-17.9,,63.029001,,-60.861,,,,,,2.168,-1.022,,,0.0,0.0,1.022,1.146,-0.466,0.68,0.0,,,0.68,0.0,0.68,0.0,,0.68,0.68,,268.976013,0.0025,0.0025,0.0025,270.895996,0.0025,0.0025,0.0025,
01/01/2000,89.742996,,,-31.638,,58.104996,,-62.853001,,,,,,-4.748,-1.067,,,-0.756,0.0,1.823,-5.815,2.242,-3.573,-0.865,,,-2.708,0.0,-3.573,0.0,,-3.573,-3.573,,269.584015,-0.01375,0.01125,0.01125,271.615997,-0.01375,0.01125,0.01125,
04/01/2000,87.107,,,-18.382,,68.725,,-26.466,,,,,,4.935,-0.949,0.949,0.949,0.0,0.0,0.0,3.986,-1.594,2.392,0.0,,,2.392,0.0,2.392,0.0,,2.392,2.392,,270.224,0.00875,0.00875,0.00875,277.575992,0.00875,0.00875,0.00875,
07/01/2000,93.501999,,,-19.479,,74.022999,,-66.456001,,,,,,7.567,-7.523,,,,0.0,7.523,0.044,-2.657,-2.613,0.0,,,-2.613,0.0,-2.613,0.0,,-2.613,-2.613,,270.640016,-0.01,-0.01,0.015,270.640016,-0.01,-0.01,0.015,
09/30/2000,104.324997,,,-23.903,,80.421997,,-69.350998,,,,,,11.071,184.516998,,,,0.0,-184.516998,195.587998,-72.251999,123.335999,0.0,,,123.335999,0.0,123.335999,0.0,,123.335999,123.335999,,273.504,0.45125,0.45125,0.0225,286.056,0.43125,0.43125,0.02125,
12/30/2000,119.57,,,-28.354,,91.216,,-77.599998,,,,,,13.616,-37.439999,,,,0.0,37.439999,-23.823999,9.645,-17.85,0.0,,,-14.178999,0.0,-17.85,0.0,,-17.85,-17.85,,277.56,-0.06375,-0.06375,0.02625,277.56,-0.06375,-0.06375,0.02625,
03/31/2001,120.901001,,,-25.738001,,95.163,,-83.833,,,,,,11.33,-0.902,,,,0.0,0.902,10.428,-4.1,6.328,0.0,,,6.328,0.0,6.328,0.0,,6.328,6.328,,278.359984,0.0225,0.0225,0.0225,294.119992,0.02125,0.02125,0.02125,
06/30/2001,129.891006,,,-29.847,,100.044006,,-86.550003,,,,,,13.494,-120.964002,,1.023,,0.0,119.941002,-107.470002,38.487,-68.983002,0.0,,,-68.983002,0.0,-68.983002,0.0,,-68.983002,-68.983002,,278.847992,-0.2475,-0.2475,0.0275,278.847992,-0.2475,-0.2475,0.02625,
09/29/2001,139.869003,,,-28.354,,111.515003,,-94.695,,,,,,16.82,-1.361,,1.836,,0.0,-0.475,15.459,-6.217,9.242,0.0,,,9.242,0.0,9.242,0.0,0.0,9.242,9.242,,279.488008,0.0325,0.0325,0.0325,294.384,0.03125,0.03125,0.03125,
12/29/2001,151.787003,,,-31.667,,120.120003,,-100.389999,,,,,,19.73,-1.461,,1.791,,0.0,-0.33,18.269,-7.223,11.046,0.0,,,11.046,0.0,11.046,0.0,0.0,11.046,11.046,,280.295992,0.04,0.04,0.04,296.808016,0.0375,0.0375,0.0375,
03/30/2002,181.421997,,,-46.585999,,134.835998,,-116.153,,,,,,18.683001,-1.512,,1.523,-0.353,0.0,0.342,17.171001,-6.767,10.404,0.786,,,9.618001,0.0,9.618,0.0,0.0,9.618,9.618,,283.015992,0.03375,0.03625,0.03625,297.704008,0.0325,0.035,0.035,
06/29/2002,186.824005,,,-45.244999,,141.579006,,-120.706001,,,,,,20.872999,2.955,,1.373,-0.24,0.0,-4.088,23.827999,-9.136,14.692,0.0,,,14.691999,0.0,14.692,0.0,0.0,14.692,14.692,,283.536008,0.05125,0.05125,0.0425,299.824008,0.04875,0.04875,0.04,
09/28/2002,196.988998,,,-43.828999,,153.159999,,-129.231995,,,,,,23.927999,-1.212,,1.617,-0.372,0.0,-0.033,22.715999,-8.948,13.768,0.0,,,13.767999,0.0,13.768,0.0,0.0,13.768,13.768,,283.967984,0.04875,0.04875,0.04875,295.303984,0.04625,0.04625,0.04625,
12/28/2002,205.668,,,-45.531,,160.137,,-132.801,,,,,,27.336,-10.426,1.414,1.529,-0.115,0.0,9.012,16.91,-6.966,9.944,0.0,,,9.944,0.0,9.944,0.0,0.0,9.944,9.944,9.904,284.152,0.035,0.035,0.035,292.848,0.03375,0.03375,0.03375,
03/29/2003,198.190994,,,-48.251999,,149.938995,,-138.690994,,,,,,11.248,-1.83,,2.255,-0.409,0.0,-0.016,9.418,-3.825,5.593,0.0,,,5.593,0.0,5.593,0.0,0.0,5.593,5.593,,284.471984,0.02,0.02,0.02,293.679992,0.01875,0.01875,0.01875,
06/28/2003,207.695007,,,-53.096001,,154.599006,,-138.251999,,,,,,16.347,-1.476,,1.794,-0.191,0.0,-0.127,14.871,-5.928,8.943,0.0,,,8.943,0.0,8.943,0.0,,8.943,8.943,,283.16,0.03125,0.03125,0.03125,285.847992,0.03125,0.03125,0.03125,
09/27/2003,206.292007,,,-45.435001,,160.857006,,-139.132004,,,,,,21.725,-1.679,,1.997,-0.294,0.0,-0.024,20.046,-7.999,12.047,0.0,,,12.047,0.0,12.047,0.0,,12.047,12.047,,282.872008,0.0425,0.0425,0.0425,290.920016,0.04125,0.04125,0.04125,
01/03/2004,227.408997,,,-47.507,,179.901997,,-151.125,,,,,,28.777,-1.89,,2.19,-0.325,0.0,0.025,26.887,-10.679,16.208,0.0,,,16.208,0.0,16.208,0.0,,16.208,16.208,,283.951992,0.0575,0.0575,0.0575,295.480008,0.055,0.055,0.055,
04/03/2004,218.727005,,,-46.673,,172.054005,,-149.541,,,,,,22.513,0.899,,2.557,,0.0,-3.456,23.412,-9.283,14.129,0.0,,,14.129,0.0,14.129,0.0,,14.129,14.129,,285.287992,0.05,0.05,0.04375,297.776,0.0475,0.0475,0.04125,
07/03/2004,228.389999,,,-50.563999,,177.826,,-151.919998,,,,,,25.906,-1.966,,2.23,,0.0,-0.264,23.94,-9.626,14.314,0.0,,,14.314,0.0,14.314,0.0,,14.314,14.314,,288.351992,0.05,0.05,0.05,300.079984,0.0475,0.0475,0.0475,
10/02/2004,231.067001,,,-45.013,,186.054001,,-159.697998,,,,,,26.356001,-1.533,,2.063,,0.0,-0.53,24.823001,-10.044,14.779,0.0,,,14.779001,0.0,14.779,0.0,,14.779,14.779,,290.023984,0.05125,0.05125,0.0575,301.224,0.04875,0.04875,0.05625,
01/01/2005,248.171997,,,-54.098,,194.073997,0.0,-157.384995,113.956,97.635,,,43.428995,36.688999,-0.944,0.66,2.323,-1.663,0.0,0.284,35.744999,-14.319,21.426001,0.0,,,21.425999,,21.426001,0.0,0.0,21.426001,21.426001,,291.959992,0.07375,0.07375,0.07375,304.44,0.07,0.07,0.07,
04/02/2005,262.534,,,-55.408,,207.126,,-178.091,,,,,,29.035,-8.094,1.742,,,0.0,6.352,20.941,-8.421,12.52,0.0,,,12.52,0.0,12.52,0.0,0.0,12.52,12.52,3.941,293.92,0.0425,0.0425,0.055,306.352,0.04125,0.04125,0.05375,
07/02/2005,277.815,,,-59.601,,218.214,,-184.006,,,,,,34.208,-1.319,1.366,,,0.0,-0.047,32.889,-13.086,19.803,0.0,,,19.803,0.0,19.803,0.0,0.0,19.803,19.803,,297.256,0.06625,0.06625,0.06625,311.888,0.06375,0.06375,0.06375,
10/01/2005,294.622,,,-65.305,,229.317,,-193.478,,,,,,35.839,0.31,1.358,,,0.0,-1.668,36.149,-9.593,26.556,0.0,,,26.556,0.0,26.556,0.0,0.0,26.556,26.556,-4.794,303.112,0.0875,0.0875,0.07125,319.176,0.08375,0.08375,0.06875,
12/31/2005,325.814,,,-74.372,,251.442,,-203.706,145.608,124.065,,,58.098,47.736,-1.392,1.392,,,0.0,1.079,45.265,-17.893,27.372,0.0,,,27.372,,27.372,0.0,0.0,27.372,27.372,,307.032,0.08915,0.08915,0.08915,323.24,0.08468,0.08468,0.08468,
04/01/2006,321.224,,,-68.018,,253.206,,-221.212,162.195,139.524,,,59.017,31.994,1.432,0.693,0.693,,,-2.125,33.426,-13.282,20.144,,,,20.144,,20.144,,0.0,20.144,20.144,,308.624,0.065,0.065,0.065,325.624,0.0625,0.0625,0.0625,
07/01/2006,330.572,,,-64.192,,266.38,,-226.467,165.579,141.877,,,60.888,39.913,-0.545,0.478,0.478,,,0.067,39.368,-15.495,23.873,,,,23.873,,23.873,0.0,0.0,23.873,23.873,,310.096,0.0775,0.0775,0.0775,325.652,0.0725,0.0725,0.0725,
09/30/2006,345.452,,,-69.803,,275.649,,-231.772,169.612,144.198,,,62.16,43.877,-0.046,0.013,,,,0.033,43.831,-17.103,26.728,,,,26.728,,26.728,0.0,0.0,26.728,26.728,,311.376,0.085,0.085,0.085,327.184,0.0825,0.0825,0.0825,
12/30/2006,380.79,,,-88.957,,291.833,,-241.45,,,,,,50.383,13.11,-0.487,,,0.0,-12.623,63.493,-11.773,39.146,0.0,,,51.72,,39.146,0.0,0.0,39.146,39.146,5.028,310.764,0.125,0.125,0.14,326.892,0.1175,0.1175,0.135,
03/31/2007,365.852,,,-72.463,,293.389,,-249.196,183.613,157.158,,,65.583,44.193,-0.442,-0.12,,-0.12,0.0,0.562,43.751,-16.171,27.58,0.0,,,27.58,0.0,27.58,0.0,0.0,27.58,27.58,,314.844,0.0875,0.0875,0.0875,330.592,0.0825,0.0825,0.0825,
06/30/2007,386.588,,,-80.962,,305.626,,-256.604,193.731,165.844,,,62.873,49.022,0.009,-0.424,,,0.0,0.415,49.031,-17.916,31.115,0.0,,,31.115,0.0,31.115,0.0,0.0,31.115,31.115,,316.892,0.0975,0.0975,0.0975,332.368,0.0925,0.0925,0.0925,
09/29/2007,372.936,,,-57.809,,315.127,,-261.171,192.916,164.38,,,68.255,53.956,-0.38,0.19,,,0.0,0.19,53.576,-22.342,31.234,0.0,,,31.234,0.0,31.234,0.0,0.0,31.234,31.234,,318.536,0.0975,0.0975,0.0975,333.528,0.0925,0.0925,0.0925,
12/29/2007,394.501,,,-68.876,,325.625,,-271.027,,,,,,54.598,12.514,-1.155,,,0.0,-11.359,67.112,-22.586,32.589,0.0,,,44.526,0.0,32.589,0.0,0.0,32.589,32.589,,317.58,0.1025,0.1025,0.1,332.872,0.1,0.1,0.0975,
03/29/2008,384.765,,,-64.374,,320.391,0.0,-263.925,194.761,171.082,,,69.164,56.466,0.817,-1.03,0.0,-1.03,,0.213,57.283,-20.466,36.817,,,,36.817,,36.817,,0.0,36.817,36.817,,321.528,0.115,0.115,0.115,334.116,0.11,0.11,0.11,
06/28/2008,402.8,,,-71.786,,331.014,,-280.578,211.903,182.915,,,68.675,50.436,0.502,-0.46,2.785,-0.46,0.0,-2.827,53.723,-18.436,35.287,0.0,,,35.287,0.0,35.287,0.0,0.0,35.287,35.287,,322.472,0.11,0.11,0.125,334.324,0.105,0.105,0.12,
09/27/2008,422.728,,,-72.317,,350.411,,-282.66,214.568,178.75,,,68.092,67.751,-2.369,-0.428,2.576,-3.004,0.0,2.797,67.958,-22.944,45.014,0.0,,,45.014,0.0,45.014,0.0,0.0,45.014,45.014,,323.128,0.14,0.14,0.135,334.724,0.135,0.135,0.13,
01/03/2009,465.735,,,-87.586,,378.149,,-276.702,,,,,,101.447,8.783,-1.138,,,0.0,-7.645,110.23,-30.927,71.54,0.0,,,79.303,0.0,71.54,0.0,0.0,71.54,71.54,,321.656,0.2225,0.2225,0.1575,331.796,0.215,0.215,0.1525,
04/04/2009,392.322,384.017,8.305,-65.531,65.531,326.791,0.0,-264.811,200.075,173.353,26.722,64.736,0.0,61.98,-0.117,0.321,2.054,-1.733,-5.5,5.296,61.863,-21.033,40.83,0.0,0.0,0.0,40.83,,40.83,0.0,0.0,40.83,40.83,0.0,321.332,0.1275,0.1275,0.1275,331.428,0.1225,0.1225,0.1225,
07/04/2009,403.806,395.746,8.06,-66.889,66.889,336.917,0.0,-270.761,205.671,171.633,34.038,65.09,0.0,66.156,0.067,0.146,2.099,-1.953,1.6,-1.813,66.223,-22.478,43.745,0.0,0.0,0.0,43.745,,43.745,0.0,0.0,43.745,43.745,0.0,322.764,0.135,0.135,0.135,334.36,0.13,0.13,0.13,
10/03/2009,409.415,402.514,6.901,-69.479,69.479,339.936,0.0,-269.226,202.474,171.415,31.059,66.752,0.0,70.71,0.177,-0.18,2.191,-2.371,-0.03,0.033,70.887,-22.493,48.394,0.0,0.0,0.0,48.394,,48.394,0.0,0.0,48.394,48.394,0.0,324.9,0.15,0.15,0.15,336.688,0.1425,0.1425,0.1425,
01/02/2010,466.321,459.155,7.166,-79.299,79.299,387.022,0.0,-293.862,219.389,184.238,35.151,74.473,0.0,93.16,0.548,-0.595,2.149,-2.744,0.0,0.047,93.708,-33.212,60.496,0.0,0.0,0.0,60.496,,60.496,0.0,0.0,60.496,60.496,0.0,326.704,0.185,0.185,0.185,339.26,0.1775,0.1775,0.1775,
04/03/2010,431.337,423.996,7.341,-68.084,68.084,363.253,0.0,-287.597,220.818,187.593,33.225,66.779,0.0,75.656,1.707,-1.783,1.874,-3.657,0.2,-0.124,77.363,-27.077,50.286,0.0,0.0,0.0,50.286,,50.286,0.0,0.0,50.286,50.286,0.0,327.828,0.1525,0.1525,0.1525,340.42,0.1475,0.1475,0.1475,
07/03/2010,456.001,447.477,8.524,-78.211,78.211,377.79,0.0,-291.438,223.45,190.03,33.42,67.988,0.0,86.352,-0.074,-0.421,1.726,-2.147,-0.7,1.195,86.278,-30.801,55.477,0.0,0.0,0.0,55.477,,55.477,0.0,0.0,55.477,55.477,0.0,329.338,0.17,0.17,0.17,341.346,0.165,0.165,0.165,
10/02/2010,462.683,454.728,7.955,-79.148,79.148,383.535,0.0,-289.543,222.286,189.32,32.966,67.257,0.0,93.992,0.092,-0.087,1.679,-1.766,0.9,-0.905,94.084,-33.212,60.872,0.0,0.0,0.0,60.872,,60.872,0.0,0.0,60.872,60.872,0.0,330.19,0.185,0.185,0.185,341.442,0.18,0.18,0.18,
01/01/2011,500.201,491.568,8.633,-94.913,94.913,405.288,0.0,-301.955,231.128,200.209,30.919,70.827,0.0,103.333,1.154,-1.148,1.628,-2.776,0.6,-0.606,104.487,-33.85,70.637,0.0,0.0,0.0,70.637,,70.637,0.0,0.0,70.637,70.117,-0.52,331.978,0.215,0.215,0.21121,343.374,0.205,0.205,0.203486,
04/02/2011,491.664,481.373,10.291,-90.68,90.68,400.984,0.0,-307.285,236.141,201.348,34.793,71.144,0.0,93.699,2.011,-1.976,1.502,-3.478,,-0.035,95.71,-31.154,64.556,0.0,0.0,0.0,64.556,,64.556,0.0,0.0,64.556,64.556,0.0,334.22,0.19,0.19,0.19,345.306,0.185,0.185,0.185,
07/02/2011,524.223,512.475,11.748,-98.482,98.482,425.741,0.0,-317.768,247.978,210.213,37.765,69.79,0.0,107.973,2.88,-2.9,1.0,-3.9,,0.02,110.853,-38.809,72.044,0.0,0.0,0.0,72.044,,72.044,0.0,0.0,72.044,72.044,0.0,336.598,0.215,0.215,0.215,347.182,0.21,0.21,0.21,
10/01/2011,571.64,560.165,11.475,-120.464,120.464,451.176,0.0,-330.784,258.24,220.177,38.063,72.544,0.0,120.392,2.775,-2.7,1.4,-4.1,,-0.075,123.167,-44.332,78.835,0.0,0.0,0.0,78.835,,78.835,0.0,0.0,78.835,78.835,0.0,338.28,0.235,0.235,0.235,348.566,0.225,0.225,0.225,
12/31/2011,615.626,604.448,11.178,-132.046,132.046,483.58,0.0,-345.846,272.523,238.224,34.299,73.323,0.0,137.734,2.23,-2.25,1.441,-3.691,,0.02,139.964,-48.772,91.192,0.0,0.0,0.0,91.192,,91.192,0.0,0.0,91.192,91.192,0.0,338.944,0.27,0.27,0.27,348.976,0.26,0.26,0.26,
03/31/2012,641.212,629.724,11.488,-158.008,158.008,483.204,0.0,-355.765,284.62,245.074,39.546,71.145,0.0,127.439,2.624,-2.6,1.5,-4.1,,-0.024,130.063,-41.355,88.708,0.0,0.0,0.0,88.708,,88.708,0.0,0.0,88.708,88.708,0.0,339.936,0.26,0.26,0.26,350.054,0.255,0.255,0.255,
06/30/2012,637.358,621.341,16.017,-147.5,147.5,489.858,0.0,-353.775,280.268,241.875,38.393,73.507,0.0,136.083,2.814,-2.8,1.4,-4.2,,-0.014,138.897,-41.068,97.829,0.0,0.0,0.0,97.829,,97.829,0.0,0.0,97.829,97.829,0.0,341.426,0.29,0.29,0.29,351.268,0.28,0.28,0.28,
09/29/2012,676.482,662.206,14.276,-149.578,149.578,526.904,0.0,-379.208,301.114,259.141,41.973,78.094,0.0,147.696,3.351,-3.4,1.0,-4.4,,0.049,151.047,-52.16,98.887,0.0,0.0,0.0,98.887,,98.887,0.0,0.0,98.887,98.887,0.0,342.502,0.29,0.29,0.29,351.739,0.28,0.28,0.28,
12/29/2012,710.384,696.857,13.527,-153.111,153.111,557.273,0.0,-396.829,318.205,274.55,43.655,78.624,0.0,160.444,7.257,-2.675,1.168,-3.843,,-4.582,167.701,-55.893,111.808,0.0,0.0,0.0,111.808,0.0,111.808,0.0,0.0,111.808,108.883,-2.925,343.487,0.33,0.33,0.316993,352.361,0.32,0.32,0.311699,
03/30/2013,680.029,665.458,14.571,-127.229,127.229,552.8,0.0,-396.231,315.168,267.356,47.812,81.063,0.0,156.569,3.044,-3.0,1.1,-4.1,,-0.044,159.613,-49.573,110.04,0.0,0.0,0.0,110.04,0.0,110.04,0.0,0.0,110.04,110.04,0.0,344.063,0.32,0.32,0.32,352.825,0.31,0.31,0.31,
06/29/2013,707.561,687.15,20.411,-125.8,125.8,581.761,0.0,-415.305,333.023,281.192,51.831,82.282,0.0,166.456,2.733,-2.8,1.0,-3.8,,0.067,169.189,-56.282,112.907,0.0,0.0,0.0,112.907,0.0,112.907,0.0,0.0,112.907,112.907,0.0,343.8,0.33,0.33,0.33,352.485,0.32,0.32,0.32,
09/28/2013,727.83,711.152,16.678,-119.577,119.577,608.253,0.0,-439.015,356.017,304.665,51.352,82.998,0.0,169.238,3.509,,,,,-3.509,172.747,-57.403,115.344,0.0,0.0,0.0,115.344,0.0,115.344,0.0,0.0,115.344,115.344,0.0,342.992,0.34,0.34,0.34,351.449,0.33,0.33,0.33,
12/28/2013,795.328,776.879,18.449,-142.116,142.116,653.212,0.0,-569.463,477.02,319.838,157.182,92.443,0.0,83.749,2.756,,,,,-2.756,86.505,-26.442,60.063,0.0,0.0,0.0,60.063,0.0,60.063,0.0,0.0,60.063,128.141,68.078,343.501,0.17,0.17,0.373044,352.131,0.17,0.17,0.363331,
03/29/2014,784.761,764.116,20.645,-129.099,129.099,655.662,0.0,-477.659,386.114,330.901,55.213,91.545,0.0,178.003,2.99,,,,,-2.99,180.993,-61.467,119.526,0.0,0.0,0.0,119.526,0.0,119.526,0.0,0.0,119.526,119.526,0.0,343.701,0.35,0.35,0.35,352.23,0.34,0.34,0.34,
06/28/2014,851.762,822.73,29.032,-162.369,162.369,689.393,0.0,-497.76,397.205,343.234,53.971,97.326,3.229,191.633,2.737,,,,,-2.737,194.37,-65.337,129.033,0.0,0.0,0.0,129.033,0.0,129.033,0.0,0.0,129.033,129.033,0.0,341.788,0.38,0.38,0.38,349.794,0.37,0.37,0.37,
09/27/2014,840.149,817.413,22.736,-140.065,140.065,700.084,0.0,-511.93,411.294,346.417,64.877,97.026,3.61,188.154,2.181,,,,,-2.181,190.335,-61.333,129.002,0.0,0.0,0.0,129.002,0.0,129.002,0.0,0.0,129.002,134.924,5.922,341.188,0.38,0.38,0.395454,349.326,0.37,0.37,0.386953,
01/03/2015,926.031,908.558,17.473,-172.844,172.844,753.187,0.0,-547.893,437.575,375.016,62.559,106.908,3.41,205.294,3.182,,,,,-3.182,208.476,-60.604,147.872,0.0,0.0,0.0,147.872,0.0,147.872,0.0,0.0,147.872,152.088,4.216,341.862,0.43,0.43,0.444881,350.197,0.42,0.42,0.432039,
04/04/2015,996.089,977.939,18.15,-168.66,168.66,827.429,0.0,-660.517,514.993,420.182,94.811,127.271,18.253,166.912,0.208,,,,,-0.208,167.12,-56.186,110.934,0.0,0.0,0.0,110.934,0.0,110.934,0.0,0.0,110.934,136.111,25.177,343.216,0.32,0.32,0.396575,351.659,0.32,0.32,0.391595,
07/04/2015,1125.997,1107.936,18.061,-192.322,192.322,933.675,0.0,-761.939,598.98,463.435,135.545,138.451,24.508,171.736,-1.079,,,,,1.079,170.657,-55.619,115.038,0.0,0.0,0.0,115.038,0.0,115.038,0.0,0.0,115.038,154.765,39.727,344.431,0.33,0.33,0.449335,352.45,0.33,0.33,0.442717,
10/03/2015,1127.887,1108.962,18.925,-190.583,190.583,937.304,0.0,-721.95,564.586,465.881,98.705,132.814,24.55,215.354,0.317,,,,,-0.317,215.671,-68.389,147.282,0.0,0.0,0.0,147.282,0.0,147.282,0.0,0.0,147.282,160.316,13.034,344.04,0.43,0.43,0.465981,351.364,0.42,0.42,0.457095,
01/02/2016,1175.294,1157.628,17.666,-199.216,199.216,976.078,0.0,-748.944,583.465,489.102,94.363,141.263,24.216,227.134,0.798,,,,,-0.798,227.932,-61.824,166.108,0.0,0.0,0.0,166.108,0.0,166.108,0.0,0.0,166.108,183.927,17.819,340.852,0.49,0.49,0.539611,347.892,0.48,0.48,0.53122,
04/02/2016,1138.135,1118.992,19.143,-175.593,175.593,962.542,0.0,-747.094,591.961,501.827,90.134,133.532,21.601,215.448,1.681,,,,,-1.681,217.129,-66.769,150.36,0.0,0.0,0.0,150.36,0.0,150.36,0.0,0.0,150.36,156.176,5.816,339.518,0.44,0.44,0.459993,345.9,0.43,0.43,0.446814,
07/02/2016,1215.962,1193.855,22.107,-205.556,205.556,1010.406,0.0,-769.094,610.292,520.265,90.027,135.164,23.638,241.312,2.47,-2.529,1.476,-4.005,,0.059,243.782,-77.328,166.454,0.0,0.0,0.0,166.454,0.0,166.454,0.0,0.0,166.454,170.30363,3.84963,337.759,0.49,0.49,0.504216,344.026,0.48,0.48,0.49119,
10/01/2016,1184.557,1162.337,22.22,-182.97,182.97,1001.587,0.0,-759.362,599.742,512.671,87.071,136.755,22.865,242.225,-0.417,-3.258,0.53,-3.788,,3.675,241.808,-71.829,169.979,0.0,0.0,0.0,169.979,0.0,169.979,0.0,0.0,169.979,173.806661,3.827661,338.684,0.5,0.5,0.513182,344.817,0.49,0.49,0.501101,
12/31/2016,1257.819,1232.744,25.075,-214.997,214.997,1042.822,0.0,-830.794,662.385,537.163,125.222,145.967,22.442,212.028,3.687,,,,,-3.687,215.715,-66.024,149.691,0.0,0.0,0.0,149.691,0.0,149.691,0.0,0.0,149.691,178.424753,28.733753,334.931,0.45,0.45,0.532721,339.89,0.44,0.44,0.524538,
04/01/2017,1260.486,1238.094,22.392,-198.993,198.993,1061.493,0.0,-817.367,648.592,560.2,88.392,145.901,22.874,244.126,-1.116,,,,,1.116,243.01,-69.797,173.213,0.0,0.0,0.0,173.213,0.0,173.213,0.0,0.0,173.213,176.430561,3.217561,329.973,0.52,0.52,0.534682,336.19,0.52,0.52,0.529571,
07/01/2017,1291.994,1192.092,99.902,-223.063,223.063,1068.931,0.0,-819.543,654.02,563.387,90.633,142.835,22.688,249.388,2.661,,,,,-2.661,252.049,-72.366,179.683,0.0,0.0,0.0,179.683,0.0,179.683,0.0,0.0,179.683,182.746963,3.063963,331.056,0.54,0.54,0.552012,337.898,0.53,0.53,0.539068,
09/30/2017,1276.007,1194.904,81.103,-202.904,202.904,1073.103,0.0,-825.197,238.012,153.834,84.178,564.621,22.564,247.906,2.509,,,,,-2.509,250.415,-72.991,177.424,0.0,0.0,0.0,177.424,0.0,177.424,0.0,0.0,177.424,177.424,0.0,331.993,0.53,0.53,0.53,338.78,0.52,0.52,0.52,
12/30/2017,1313.785,1285.641,28.144,-229.131,229.131,1084.654,0.0,-865.603,680.677,588.613,92.064,162.476,22.45,219.051,2.604,,,,,-2.604,221.655,115.003,336.658,0.0,0.0,0.0,336.658,0.0,336.658,0.0,0.0,336.658,339.556316,2.898316,331.535,1.015452,1.015452,1.024194,338.158,0.995564,0.995564,1.004135,
03/31/2018,1292.861,1205.592,87.269,-231.278,231.278,1061.583,0.0,-866.368,682.242,589.948,92.294,161.617,22.509,195.215,4.864,,5.388,,,-10.252,200.079,-40.078,160.001,0.0,0.0,0.0,160.001,0.0,160.001,0.0,0.0,160.001,160.001,0.0,332.395,0.48,0.48,0.48,336.534,0.48,0.48,0.48,
06/30/2018,1367.727,1267.165,100.562,-238.783,238.783,1128.944,0.0,-920.657,730.569,635.105,95.464,168.278,21.81,208.287,6.597,,,,,-6.597,214.884,-45.527,169.357,0.0,0.0,0.0,169.357,0.0,169.357,0.0,0.0,169.357,169.357,0.0,330.206,0.51,0.51,0.51,333.562,0.51,0.51,0.51,
09/29/2018,1340.073,1255.508,84.565,-230.332,230.332,1109.741,0.0,-902.585,275.086,172.297,102.789,605.946,21.553,207.156,6.943,,,,,-6.943,214.099,-44.718,169.381,0.0,0.0,0.0,169.381,0.0,169.381,0.0,0.0,169.381,171.694326,2.313326,329.342,0.51,0.51,0.521325,332.937,0.51,0.51,0.516948,
12/29/2018,1365.664,1295.542,70.122,-236.955,236.955,1128.709,0.0,-964.582,761.619,662.697,98.922,181.471,21.492,164.127,7.662,,,,,-7.662,171.789,-40.469,131.32,0.0,0.0,0.0,131.32,0.0,131.32,0.0,0.0,131.32,132.925124,1.605124,327.956,0.4,0.4,0.405314,330.824,0.4,0.4,0.404852,
03/30/2019,1389.877,1310.563,79.314,-253.204,253.204,1136.673,0.0,-938.729,736.383,640.187,96.196,180.361,21.985,197.944,8.432,,3.491,,,-11.923,206.376,-40.157,166.219,0.0,0.0,0.0,166.219,0.0,166.219,0.0,0.0,166.219,168.145579,1.926579,324.573,0.51,0.51,0.518052,327.003,0.51,0.51,0.515892,
06/29/2019,1431.061,1431.061,84.809,-268.673,268.673,1162.388,0.0,-1031.271,828.683,678.895,149.788,181.047,21.541,131.117,23.006,,,,,-23.006,154.123,-27.154,126.969,0.0,0.0,0.0,126.969,0.0,126.969,0.0,0.0,126.969,181.244338,54.275338,321.28,0.4,0.4,0.564132,324.662,0.39,0.39,0.557175,
09/28/2019,1429.428,1333.621,95.807,-271.778,271.778,1157.65,0.0,-1068.873,339.847,187.526,152.321,707.743,21.283,88.777,13.535,,,,,-13.535,102.312,-20.377,81.935,0.0,0.0,0.0,81.935,0.0,81.935,0.0,0.0,81.935,168.971562,87.036562,315.876,0.26,0.26,0.53493,319.113,0.26,0.26,0.532745,
12/28/2019,1442.232,1359.88,82.352,-277.386,277.386,1164.846,0.0,-982.015,770.805,648.512,122.293,188.202,23.008,182.831,8.87,,,,,-8.87,191.701,-37.37,154.331,0.0,0.0,0.0,154.331,0.0,154.331,0.0,0.0,154.331,195.206108,40.875108,312.07,0.49,0.49,0.62552,314.793,0.49,0.49,0.619848,
03/31/2020,1411.741,1346.798,64.943,-254.416,254.416,1157.325,0.0,-978.949,776.501,636.649,139.852,185.32,17.128,178.376,5.595,,7.178,,,-12.773,183.971,-36.812,147.159,0.0,0.0,0.0,147.159,0.0,147.159,0.0,0.0,147.159,180.128493,32.969493,309.657,0.48,0.48,0.581703,312.24,0.47,0.47,0.57559,
06/30/2020,1330.349,1286.49,43.859,-211.963,211.963,1118.386,0.0,-971.488,779.419,645.087,134.332,178.955,13.114,146.898,24.632,,0.563,,,-25.195,171.53,-36.782,134.748,0.0,0.0,0.0,134.748,0.0,134.748,0.0,0.0,134.748,150.471606,15.723606,304.776,0.44,0.44,0.493712,306.717,0.44,0.44,0.491264,
09/30/2020,1374.526,,,,,1142.5060112,,,,,,,,275.5,,,,,,,278.2,,162.0,,,,,,162.0,,,162.0,220.059,,,0.52,0.52,0.715,,0.52,0.52,0.715,
12/31/2020,1395.737,,,,,1159.10374902,,,,,,,,301.143,,,,,,,301.1,,185.273,,,,,,185.273,,,185.273,239.706,,,0.605,0.605,0.784,,0.605,0.605,0.784,
