Date,Revenue,Sales & Services Revenue,Cost of Revenue,Cost of Goods & Services,Gross Profit,Other Operating Income,Operating Expenses,"Selling, General & Admin",Selling & Marketing,General & Administrative,Research & Development,Other Operating Expense,Operating Income (Loss),Non-Operating (Income) Loss,"Interest Expense, Net",Interest Expense,Other Investment (Inc) Loss,Foreign Exch (Gain) Loss,(Income) Loss from Affiliates,Other Non-Op (Income) Loss,Pretax Income,Income Tax Expense (Benefit),Income (Loss) from Cont Ops,Net Extraordinary Losses (Gains),Discontinued Operations,XO & Accounting Changes,Income (Loss) Incl. MI,Minority Interest,"Net Income, GAAP",Preferred Dividends,Other Adjustments,"Net Income Avail to Common, GAAP","Net Income Avail to Common, Adj",Net Abnormal Losses (Gains),Basic Weighted Avg Shares,"Basic EPS, GAAP",Basic EPS from Cont Ops,"Basic EPS from Cont Ops, Adjusted",Diluted Weighted Avg Shares,"Diluted EPS, GAAP",Diluted EPS from Cont Ops,"Diluted EPS from Cont Ops, Adjusted",Source: Bloomberg
12/31/1989,100.972298,,,,,,,,,,,,,,,,,,,,,,,,,,,,-2.683843,,,-2.683843,-2.683843,,248.386803,-0.010833,-0.010833,,248.386803,-0.010833,-0.010833,-0.010833,
03/31/1990,98.007004,,-63.123001,,34.884003,,-25.530001,,,,,,9.354,-0.168,,0.978,,,,-0.81,9.186,-3.343,5.843,0.0,,,5.843,0.0,5.843,0.0,,5.843,5.843,,247.631996,0.023333,0.023333,,247.631996,0.023333,0.023333,0.023333,
06/30/1990,104.102997,,-64.611,,39.491997,,-32.039001,,,,,,7.453,0.692,,0.972,,,,-1.664,8.145,-2.993,5.152,0.0,,,5.152,0.0,5.152,0.0,,5.152,5.152,,245.484009,0.020833,0.020833,,245.484009,0.020833,0.020833,0.020833,
09/30/1990,107.708,,-64.653999,,43.054001,,-32.618999,,,,,,10.435,3.422,,0.98,,,,-4.402,13.857,-6.685,7.172,0.0,,,7.172,0.0,7.172,0.0,,7.172,7.172,,245.255997,0.029167,0.029167,,245.255997,0.029167,0.029167,0.029167,
12/31/1990,118.728996,,-71.374001,,47.354996,,-40.754002,,,,,,6.601,1.184,,0.694,,,,-1.878,7.785,-2.746,5.039,0.724,,,4.315,0.0,4.315,0.0,,4.315,4.315,,243.480011,0.0175,0.020833,,243.480011,0.0175,0.020833,0.020833,
03/31/1991,109.397003,,-66.418999,,42.978004,,-32.992001,,,,,,9.986,0.422,,0.592,,,,-1.014,10.408,-3.912,6.496,0.0,,,6.496,0.0,6.496,0.0,,6.496,6.496,,233.448006,0.0275,0.0275,,233.448006,0.0275,0.0275,0.0275,
06/30/1991,117.884003,,-69.525002,,48.359001,,-39.893002,,,,,,8.466,0.538,,0.529,,,,-1.067,9.004,-3.349,5.655,0.0,,,5.655,0.0,5.655,0.0,,5.655,5.655,,231.803993,0.024167,0.024167,,231.803993,0.024167,0.024167,0.024167,
09/30/1991,123.245003,,-70.700996,,52.544006,,-40.174,,,,,,12.37,0.092,,0.412,,,,-0.504,12.462,-4.701,7.761,0.0,,,7.761,0.0,7.761,0.0,,7.761,7.761,,243.120003,0.031667,0.031667,,243.120003,0.031667,0.031667,0.031667,
12/31/1991,134.960999,,-77.018997,,57.942001,,-48.431,,,,,,9.511,0.615,,0.139,,,,-0.754,10.126,-3.563,6.563,0.0,,,6.563,0.0,6.563,0.0,,6.563,6.563,,243.522125,0.026667,0.026667,,243.522125,0.026667,0.026667,0.026667,
03/31/1992,115.537003,,-62.235001,,53.302002,,-46.480999,,,,,,6.821,0.244,,0.093,,,,-0.337,7.065,-2.655,4.41,0.0,,,4.41,0.0,4.41,0.0,,4.41,4.41,,243.85199,0.018333,0.018333,,243.85199,0.018333,0.018333,0.018333,
06/26/1992,128.404999,,-70.651001,,57.753998,,-46.574001,,,,,,11.18,0.66,,0.101,,,,-0.761,11.84,-4.426,7.414,0.0,,,7.414,0.0,7.414,0.0,,7.414,7.414,,244.068008,0.03,0.03,,244.068008,0.03,0.03,0.03,
09/25/1992,133.022995,,-71.875,,61.147995,,-46.544998,,,,,,14.603,0.489,,0.09,,,,-0.579,15.092,-5.714,9.378,0.0,,,9.377999,0.0,9.378,0.0,,9.378,9.378,,244.103989,0.038333,0.038333,,244.103989,0.038333,0.038333,0.038333,
12/31/1992,139.473007,,-73.773003,,65.700004,,-53.529999,,,,,,12.17,0.983,,,,,,-0.983,13.153,-4.852,8.301,0.0,,,8.301,0.0,8.301,0.0,,8.301,8.301,,244.103988,0.034167,0.034167,0.034167,244.103988,0.034167,0.034167,0.034167,
04/02/1993,123.897003,,-64.751999,,59.145004,,-51.558998,,,,,,7.586,2.258,,0.109,,,,-2.367,9.844,-3.718,6.126,3.2,,,2.926,,2.926,,,2.926,2.926,,243.780006,0.011667,0.025,,243.780006,0.011667,0.025,0.025,
07/02/1993,135.733994,,-72.43,,63.303993,,-53.567001,,,,,,9.737,0.468,,0.02,,0.0,,-0.488,10.205,-3.762,6.443,0.0,,,6.443,0.0,6.443,0.0,,6.443,6.443,,243.467995,0.026667,0.026667,,243.467995,0.026667,0.026667,0.026667,
09/30/1993,133.772995,,-72.191002,,61.581993,,-46.987999,,,,,,14.594,1.927,,0.029,,0.0,,-1.956,16.521,-6.827,9.694,0.0,,,9.694,0.0,9.694,0.0,,9.694,9.694,,242.519989,0.04,0.04,,242.519989,0.04,0.04,0.04,
12/31/1993,114.247002,,-63.470001,,50.777,,-44.167,,,,,,6.61,4.616,,0.007,,0.0,,-4.623,11.226,-4.003,7.223,0.0,,,7.223,0.0,7.223,0.0,,7.223,7.223,,240.912003,0.0275,0.03,,240.912003,0.0275,0.03,0.03,
04/01/1994,111.511002,,-64.191002,,47.32,,-45.542,,,,,,1.778,2.053,,0.024,,0.0,,-2.077,3.831,-1.412,2.419,0.0,,,2.419,0.0,2.419,0.0,,2.419,2.419,,240.85199,0.01,0.01,,240.85199,0.01,0.01,0.01,
07/01/1994,130.656006,,-72.858002,,57.798004,,-49.393002,,,,,,8.405,2.177,,0.244,,0.0,,-2.421,10.582,-4.194,6.388,0.0,,,6.388,0.0,6.388,0.0,,6.388,6.388,,236.076004,0.026667,0.026667,,236.076004,0.026667,0.026667,0.026667,
09/30/1994,132.580994,,-72.458,,60.122993,,-57.422001,,,,,,2.701,-3.479,,0.325,,0.0,,3.154,-0.778,0.519,-0.259,0.0,,,-0.259,0.0,-0.259,0.0,,-0.259,-0.259,,234.431992,-0.000833,-0.000833,,234.431992,-0.000833,-0.000833,-0.000833,
12/31/1994,116.300003,,-71.764,,44.536003,,-49.005001,,,,,,-4.469,0.566,,0.297,,0.0,,-0.863,-3.903,1.472,-2.431,0.0,,,-2.431,0.0,-2.431,0.0,,-2.431,-2.431,,234.515988,-0.01,-0.01,-0.01,234.515988,-0.01,-0.01,-0.01,
03/31/1995,117.962997,,-68.693001,,49.269997,,-49.52,,,,,,-0.25,2.388,,0.438,,0.0,,-2.826,2.138,-0.995,1.143,0.0,,,1.143,0.0,1.143,0.0,,1.143,1.143,,234.396011,0.005,0.005,,234.396011,0.005,0.005,0.005,
06/30/1995,128.979996,,-75.252998,,53.726997,,-47.001999,,,,,,6.725,2.282,,0.387,,0.0,,-2.669,9.007,-3.365,5.642,0.0,,,5.642,0.0,5.642,0.0,,5.642,5.642,,234.708,0.024167,0.024167,,234.708,0.024167,0.024167,0.024167,
09/29/1995,120.509003,,-71.274002,,49.235001,,-43.830002,,,,,,5.405,-2.51,,0.264,,0.0,,2.246,2.895,-1.329,1.566,0.0,,,1.566,0.0,1.566,0.0,,1.566,1.566,,235.116,0.006667,0.006667,,235.116,0.006667,0.006667,0.006667,
12/31/1995,118.306999,,-74.514,,43.792999,,-43.317001,,,,,,0.476,1.776,,0.166,,0.0,,-1.942,2.252,-0.451,1.801,0.0,,,1.801,0.0,1.801,0.0,,1.801,1.801,,234.984009,0.0075,0.0075,,234.984009,0.0075,0.0075,0.0075,
03/29/1996,121.547997,,-69.786003,,51.761993,,-47.032001,,,,,,4.73,1.436,,0.135,,0.0,,-1.571,6.166,-2.318,3.848,0.0,,,3.848,0.0,3.848,0.0,,3.848,3.848,,234.311989,0.016667,0.016667,0.016667,236.400009,0.016667,0.016667,0.016667,
06/28/1996,134.626999,,-76.896004,,57.730995,,-49.247002,,,,,,8.484,1.224,,0.108,,0.0,,-1.332,9.708,-3.577,6.131,0.0,,,6.131,0.0,6.131,0.0,,6.131,6.131,,234.480011,0.025833,0.025833,0.025833,236.400009,0.025833,0.025833,0.025833,
09/27/1996,137.089996,,-78.204002,,58.885994,,-51.855999,,,,,,7.03,1.338,,0.074,,0.0,,-1.412,8.368,-3.17,5.198,0.0,,,5.198,0.0,5.198,0.0,,5.198,5.198,,234.792,0.0225,0.0225,0.0225,236.400009,0.021667,0.021667,0.021667,
12/31/1996,134.505997,,-81.161003,,53.344994,,-46.326,,,,,,7.019,1.91,,0.035,,0.0,,-1.945,8.929,-2.878,6.051,0.0,,,6.051,0.0,6.051,0.0,,6.051,6.051,,234.02401,0.025833,0.025833,0.025833,236.568008,0.025833,0.025833,0.025833,
03/28/1997,129.621002,,-74.761002,,54.860001,,-48.68,,,,,,6.18,2.039,,0.082,,0.0,,-2.121,8.219,-2.992,5.227,0.0,,,5.227,0.0,5.227,0.0,,5.227,5.227,,233.711998,0.0225,0.0225,0.0225,239.076004,0.021667,0.021667,0.021667,
06/27/1997,141.850006,,-81.069,,60.781006,,-52.230999,,,,,,8.55,3.007,,0.087,,0.0,,-3.094,11.557,-4.277,7.28,0.0,,,7.28,0.0,7.28,0.0,,7.28,7.28,,233.759995,0.030833,0.030833,0.030833,239.087997,0.030833,0.030833,0.030833,
09/26/1997,146.328003,,-83.161003,,63.167,,-53.863998,,,,,,9.303,1.318,,0.252,,0.0,,-1.57,10.621,-4.194,6.427,0.0,,,6.427001,0.0,6.427,0.0,,6.427,6.427,,233.26799,0.0275,0.0275,0.0275,239.97599,0.026667,0.026667,0.026667,
12/31/1997,157.106995,,-91.691002,,65.415993,,-58.893002,,,,,,6.523,1.767,,0.491,,0.0,,-2.258,8.29,-2.718,5.572,0.0,,,5.572,0.0,5.572,0.0,,5.572,5.572,,233.364006,0.024167,0.024167,0.024167,240.792,0.023333,0.023333,0.023333,
03/27/1998,152.011002,,-87.82,,64.191002,,-55.737,,,,,,8.454,0.995,,0.572,,0.0,,-1.567,9.449,-3.553,5.896,0.0,,,5.896001,0.0,5.896,0.0,,5.896,5.896,,232.751999,0.025,0.025,0.025,239.18399,0.025,0.025,0.025,
06/26/1998,173.533997,,-98.942001,,74.591995,,-66.754997,,,,,,7.837,4.751,,0.6,,0.0,,-5.351,12.588,-4.715,7.873,0.0,,,7.873,0.0,7.873,0.0,,7.873,7.873,,232.776009,0.034167,0.034167,0.034167,240.76799,0.0325,0.0325,0.0325,
09/25/1998,176.827,,-97.664,,79.163,,-67.142,,,,,,12.021,0.578,0.893,0.893,,0.0,,-1.471,12.599,-4.765,7.834,0.0,,,7.834,,7.834,0.0,,7.834,7.834,,464.952,0.016667,0.016667,0.016667,480.6,0.016667,0.016667,0.016667,
12/31/1998,182.020996,,-90.647003,,91.373993,,-77.927002,,,,,,13.447,-1.897,,0.588,,0.0,,1.309,11.55,-2.864,8.686,0.0,,,8.685999,0.0,8.686,0.0,,8.686,8.686,,231.624001,0.036667,0.036667,0.038333,240.456001,0.036667,0.036667,0.038333,
04/02/1999,174.708,,-97.59,,77.118,,-65.596,,,,,,11.522,8.341,0.605,0.605,,0.0,,-8.946,19.863,-7.498,12.365,0.0,,,12.365,0.0,12.365,0.0,,12.365,12.365,,464.496,0.026667,0.026667,0.034167,488.688,0.025,0.025,0.0325,
07/02/1999,186.365,,-102.453,,83.912,,-68.501,,,,,,15.411,1.213,0.689,0.689,,0.0,,-1.902,16.624,-5.959,10.665,0.0,,,10.665,-0.209,10.456,0.0,0.0,10.456,10.456,,465.528,0.0225,0.0225,0.023333,490.176,0.021667,0.021667,0.0225,
10/01/1999,188.521,,-100.975,,87.546,,-69.548,,,,,,17.998,0.462,0.886,0.886,,0.0,,-1.348,18.46,-6.873,11.587,0.0,,,11.587,-0.208,11.379,0.0,,11.379,11.379,0.275,233.022,0.048333,0.048333,0.05,246.582,0.046667,0.046667,0.048333,
12/31/1999,185.515,,-103.323,,82.192,,-64.598,,,,,,17.594,0.162,0.58,0.58,,0.0,,-0.742,17.756,-6.491,11.265,0.0,,,11.265,-0.108,11.157,0.0,,11.157,11.157,,232.974,0.048333,0.048333,0.048333,248.544,0.045,0.045,0.045,
03/31/2000,193.939,,-109.462,,84.477,,-65.813,,,,,,18.664,0.046,1.377,1.377,,0.0,,-1.423,18.71,-6.923,11.787,0.0,,,11.787,-0.055,11.732,0.0,0.0,11.732,11.732,,232.074,0.05,0.05,0.05,242.694,0.048333,0.048333,0.048333,
06/30/2000,202.415,,-112.573,,89.842,,-70.501,,,,,,19.341,-0.424,1.477,1.477,,0.0,,-1.053,18.917,-6.435,12.482,0.0,,,12.482,-0.107,12.375,0.0,0.0,12.375,12.375,,228.912,0.053333,0.053333,0.053333,237.9,0.051667,0.051667,0.051667,
09/29/2000,202.451,,-112.307,,90.144,,-69.927,,,,,,20.217,-22.16,1.229,1.229,,0.0,,20.931,-1.943,0.869,-1.074,0.0,,,-1.074,-0.162,-1.236,0.0,0.0,-1.236,-1.236,,229.41,-0.005,-0.005,-0.005,237.816,-0.005,-0.005,-0.005,
12/31/2000,196.92,,-123.442,,73.478,,-57.628,,,,,,15.85,0.627,0.773,0.773,,0.0,,-1.4,16.477,-5.826,10.651,0.0,,,10.651,0.037,10.688,0.0,,10.688,10.688,,229.296,0.046667,0.046667,0.051667,239.472,0.045,0.045,0.05,
03/30/2001,226.78,,-162.429,,64.351,,-43.399,,,,,,20.952,-0.236,0.67,0.67,,0.0,,-0.434,20.716,-6.585,14.131,0.0,,,14.131,-1.984,12.147,0.0,0.0,12.147,12.147,,231.228,0.053333,0.053333,0.056667,241.998,0.05,0.05,0.053333,
06/29/2001,229.636,,-160.096,,69.54,,-47.035,,,,,,22.505,0.077,1.18,1.18,,0.0,,-1.257,22.582,-7.334,15.248,0.0,,,15.248,-1.77,13.478,0.0,0.0,13.478,13.478,,233.166,0.058333,0.058333,0.058333,245.1,0.055,0.055,0.055,
09/28/2001,238.372,,-166.524,,71.848,,-46.013,,,,,,25.835,-2.142,3.028,3.028,,0.0,,-0.886,23.693,-8.418,15.275,0.0,,,15.275,-0.029,15.246,0.0,0.0,15.246,15.246,,234.066,0.065,0.065,0.068333,246.222,0.061667,0.061667,0.065,
12/31/2001,264.919,,-191.162,,73.757,,-50.188,,,,,,23.569,-12.816,6.659,6.659,,0.0,,6.157,10.753,-4.534,6.219,0.0,,,6.219,-0.106,6.113,0.0,0.0,6.113,6.113,,234.63,0.026667,0.026667,0.053333,246.594,0.025,0.025,0.05,
03/29/2002,256.802,,-183.552,,73.25,,-46.023,,,,,,27.227,-4.799,6.088,6.088,,0.0,,-1.289,22.428,-7.416,15.012,0.0,,,15.012,-0.089,14.923,0.0,0.0,14.923,14.923,,235.602,0.063333,0.063333,0.073333,248.928,0.06,0.06,0.07,
06/28/2002,258.463,,-182.525,,75.938,,-51.645,,,,,,24.293,4.813,6.097,6.097,,0.0,,-10.91,29.106,-10.414,18.692,0.0,,,18.692,-0.04,18.652,0.0,0.0,18.652,18.652,,237.504,0.078333,0.078333,0.07,251.13,0.075,0.075,0.066667,
09/27/2002,263.786,,-182.586,,81.2,,-53.051,,,,,,28.149,-1.309,6.762,6.762,,0.0,,-5.453,26.84,-9.265,17.575,0.0,,,17.575,0.0,17.575,0.0,0.0,17.575,17.575,,238.764,0.073333,0.073333,0.073333,251.25,0.07,0.07,0.07,
12/31/2002,268.098,,-187.265,,80.833,,-55.988,31.53,,,,24.458,24.845,-1.984,,,,0.0,,1.984,22.861,-7.307,15.554,0.0,,,15.554,-0.014,15.54,0.0,0.0,15.54,15.54,,239.25,0.065,0.065,0.065,251.904,0.061667,0.061667,0.061667,
03/28/2003,248.298,,-174.464,,73.834,,-45.053,,,,,,28.781,3.281,5.18,5.18,,0.0,,-8.461,32.062,-11.107,20.955,0.0,,,20.955,-0.009,20.946,0.0,0.0,20.946,20.946,,239.67,0.086667,0.086667,0.086667,251.112,0.083333,0.083333,0.083333,
06/27/2003,256.263,,-176.69,,79.573,,-54.524,,,,,,25.049,8.775,4.715,4.715,,0.0,,-13.49,33.824,-9.192,24.632,0.0,,,24.632,-0.006,24.626,0.0,0.0,24.626,24.626,,240.792,0.101667,0.101667,0.08,252.432,0.098333,0.098333,0.076667,
09/26/2003,265.566,,-185.024,,80.542,,-51.668,,,,,,28.874,0.516,4.821,4.821,,0.0,,-5.337,29.39,-9.861,19.529,0.0,,,19.529,-0.007,19.522,0.0,0.0,19.522,19.522,,241.908,0.08,0.08,0.08,253.488,0.076667,0.076667,0.076667,
12/31/2003,,,,,,,,,,,,,,-5.684,,5.684,,,,,,,,,,,,,,,,,,,,,,,,,,,
04/02/2004,295.991,,-199.429,,96.562,,-58.102,,,,,,38.46,6.182,4.531,4.531,,0.0,,-10.713,44.642,-14.73,29.912,0.0,,,29.912,-0.006,29.906,0.0,0.0,29.906,29.906,,245.292,0.121667,0.121667,0.121667,257.934,0.116667,0.116667,0.116667,
07/02/2004,340.785,,-221.109,,119.676,,-78.248,,,,,,41.428,-11.963,7.019,7.019,,0.0,,4.944,29.465,-9.885,19.58,0.0,,,19.58,-0.007,19.573,0.0,0.0,19.573,19.573,,246.384,0.08,0.08,0.108333,259.392,0.075,0.075,0.103333,
10/01/2004,420.31,,-259.721,,160.589,,-107.188,,,,,,53.401,-15.232,,17.786,,0.0,,-2.554,38.169,-10.764,27.405,0.0,,,27.405,-0.004,27.401,0.0,0.0,27.401,27.401,,248.02,0.11,0.11,0.125,259.74,0.105,0.105,0.12,
12/31/2004,404.976,,-248.415,,156.561,,-118.097,,,,,,38.464,-23.297,,12.071,,0.0,,11.226,15.167,-3.252,11.915,0.0,,,11.915,0.013,11.928,0.0,0.0,11.928,11.928,,250.184,0.0475,0.0475,0.1,260.296,0.045,0.045,0.0975,
04/01/2005,420.674,,-260.437,,160.237,,-93.085,,,,,,67.152,-9.297,10.61,10.61,,0.0,,-1.313,57.855,-20.163,37.692,0.0,,,37.692,0.009,37.701,0.0,0.0,37.701,37.701,,253.284,0.15,0.15,0.15,276.008,0.14,0.14,0.14,
07/01/2005,441.815,,-272.914,,168.901,,-109.071,,,,,,59.83,-7.738,10.799,10.799,,0.0,,-3.061,52.092,-17.72,34.372,0.0,,,34.372,0.008,34.38,0.0,0.0,34.38,34.38,,254.684,0.135,0.135,0.135,276.888,0.1275,0.1275,0.1275,
09/30/2005,442.743,,-275.213,,167.53,,-113.641,61.652,51.989,,,51.989,53.889,-9.785,10.893,10.893,,0.0,,-1.108,44.104,-9.514,34.59,0.0,,,34.59,0.008,34.598,0.0,0.0,34.598,34.598,,256.408,0.135,0.135,0.135,278.136,0.1275,0.1275,0.1275,
12/31/2005,431.274,,-290.942,,140.332,,-108.427,,,,,,31.905,-11.073,,11.796,,0.0,,-0.723,20.832,-4.671,16.161,0.0,,,16.161,0.066,16.227,0.0,0.0,16.227,16.227,,257.332,0.0625,0.0625,0.11,264.74,0.0625,0.0625,0.1075,
03/31/2006,442.391,,-273.399,,168.992,,-96.672,63.348,33.324,,,33.324,72.32,-6.067,11.289,11.289,,0.0,,-5.222,66.253,-26.306,39.947,0.0,,,39.947,0.0,39.947,0.0,,39.947,39.947,,257.912,0.155,0.155,0.155,274.196,0.15,0.15,0.15,
06/30/2006,458.584,,-273.791,,184.793,,-118.137,63.907,54.23,,,54.23,66.656,-8.341,11.535,11.535,,0.0,,-3.194,58.315,-21.906,36.409,0.0,,,36.409,-0.003,36.406,0.0,,36.406,36.406,,258.808,0.14,0.14,0.14,275.072,0.135,0.135,0.135,
09/29/2006,518.578,,-315.618,,202.96,,-134.071,71.451,62.62,,,62.62,68.889,-12.286,14.605,14.605,,0.0,,-2.319,56.603,-17.943,38.66,0.0,,,38.66,0.004,38.664,0.0,,38.664,38.664,,259.864,0.15,0.15,0.1425,276.26,0.1425,0.1425,0.135,
12/31/2006,526.108,,-321.716,,204.392,0.0,-160.155,93.668,66.487,,,66.487,44.237,-12.314,,16.599,,,-1.858,-2.427,31.923,-8.016,23.907,,,,23.907,0.003,23.91,0.0,0.0,23.91,23.91,,261.112,0.0925,0.0925,0.0925,278.076,0.09,0.09,0.09,
03/30/2007,514.335,,-314.459,,199.876,,-117.733,71.881,45.852,,,45.852,82.143,-11.722,15.201,15.201,,0.0,,-3.479,70.421,-25.327,45.094,0.0,,,45.094,0.005,45.099,0.0,,45.099,45.099,,262.28,0.1725,0.1725,0.1725,280.096,0.165,0.165,0.165,
06/29/2007,546.472,,-329.779,,216.693,,-140.143,74.041,66.102,,,66.102,76.55,-10.413,14.216,14.216,,0.0,,-3.803,66.137,-25.611,40.526,0.0,,,40.526,0.007,40.533,0.0,,40.533,40.533,,263.216,0.155,0.155,0.155,281.288,0.1475,0.1475,0.1475,
09/28/2007,580.438,,-351.031,,229.407,,-140.792,71.092,69.7,,,69.7,88.615,-9.396,14.489,14.489,,0.0,,-5.093,79.219,-27.512,51.707,0.0,,,51.707,0.009,51.716,0.0,,51.716,51.716,,263.652,0.195,0.195,0.18,281.364,0.1875,0.1875,0.1725,
12/31/2007,579.695,,-357.773,,221.922,0.0,-164.196,89.107,75.089,,,75.089,57.726,-8.572,,14.986,,,-2.419,-3.995,49.154,-17.45,31.704,,,,31.704,-0.027,31.677,0.0,0.0,31.677,31.677,,264.296,0.12,0.12,0.14,282.316,0.115,0.115,0.1325,
03/28/2008,552.867,,-328.761,,224.106,0.0,-131.344,77.859,53.485,,,53.485,92.762,-5.358,,12.505,,,-2.38,-4.767,87.404,-31.211,56.193,,,,56.193,-0.002,56.191,0.0,0.0,56.191,56.191,,265.372,0.2125,0.2125,0.2125,283.268,0.2025,0.2025,0.2025,
06/27/2008,593.959,,-351.479,,242.48,0.0,-160.597,81.427,79.17,,,79.17,81.883,-6.429,,10.638,,,-2.152,-2.057,75.454,-29.684,45.77,,,,45.77,-0.005,45.765,,,45.765,45.765,,266.296,0.1725,0.1725,0.1725,284.268,0.165,0.165,0.165,
09/26/2008,630.672,,-379.578,,251.094,,-165.546,85.806,79.74,,,79.74,85.548,-10.908,,11.577,,,,-0.669,74.64,-25.651,48.989,,,,48.989,,48.989,,0.0,48.989,48.989,,273.6,0.18,0.18,0.185,285.084,0.1725,0.1725,0.1775,
12/31/2008,644.9,,-390.862,,254.038,0.0,-173.899,92.164,81.735,,,81.735,80.139,-9.377,,,,,-4.359,13.736,70.762,-26.532,44.23,,,,44.23,-0.001,44.229,,0.0,44.229,44.229,,280.632,0.1575,0.1575,0.1575,285.412,0.155,0.155,0.155,
03/27/2009,580.867,580.867,-331.509,331.509,249.358,0.0,-144.698,133.798,66.373,67.425,10.9,0.0,104.66,-5.168,,8.749,-0.392,,-2.705,-0.484,99.492,-36.916,62.576,0.0,0.0,0.0,62.576,-0.007,62.569,0.0,0.0,62.569,65.949,3.38,280.936,0.2225,0.2225,0.234747,285.248,0.22,0.22,0.231849,
06/26/2009,623.119,623.119,-341.568,341.568,281.551,0.0,-182.549,168.949,93.704,75.245,13.6,0.0,99.002,-4.017,,9.231,-0.414,,-3.993,-0.807,94.985,-36.828,58.157,0.0,0.0,0.0,58.157,-0.001,58.156,0.0,0.0,58.156,58.156,0.0,281.368,0.2075,0.2075,0.2075,285.712,0.2025,0.2025,0.2025,
09/25/2009,646.157,646.157,-361.272,361.272,284.885,0.0,-166.984,174.384,100.225,74.159,12.6,-20.0,117.901,-5.234,,8.609,-0.289,,-2.704,-0.382,112.667,-42.643,70.024,0.0,0.0,0.0,70.024,0.004,70.028,0.0,0.0,70.028,63.983,-6.045,281.676,0.2475,0.2475,0.227151,286.496,0.245,0.245,0.2239,
12/31/2009,670.779,670.779,-385.583,385.583,285.196,0.0,-193.867,175.867,93.286,82.581,18.0,0.0,91.329,-6.237,,8.979,,,-2.649,-0.093,85.092,-32.328,52.764,0.0,0.0,0.0,52.764,0.016,52.78,0.0,0.0,52.78,63.0918,10.3118,282.08,0.1875,0.1875,0.223666,282.08,0.185,0.185,0.221556,
04/02/2010,634.6,634.6,-349.1,349.1,285.5,0.0,-153.5,141.0,68.9,72.1,12.5,0.0,132.0,-6.6,,8.2,-0.1,,-1.3,-0.2,125.4,-45.4,80.0,0.0,0.0,0.0,80.0,0.0,80.0,0.0,0.0,80.0,79.48,-0.52,283.2,0.2825,0.2825,0.28065,288.0,0.2775,0.2775,0.275695,
07/02/2010,640.9,640.9,-350.0,350.0,290.9,0.0,-170.9,157.8,82.8,75.0,13.1,0.0,120.0,-3.6,,5.3,0.0,,-1.6,-0.1,116.4,-42.1,74.3,0.0,0.0,0.0,74.3,0.0,74.3,0.0,0.0,74.3,74.3,0.0,284.0,0.26,0.26,0.26,288.8,0.255,0.255,0.255,
10/01/2010,656.9,656.9,-367.9,367.9,289.0,0.0,-176.0,162.9,90.2,72.7,13.1,0.0,113.0,-7.1,,8.0,-0.2,,-0.8,0.1,105.9,-36.4,69.5,0.0,0.0,0.0,69.5,0.0,69.5,0.0,0.0,69.5,69.5,0.0,284.4,0.245,0.245,0.245,288.8,0.24,0.24,0.24,
12/31/2010,656.9,656.9,-364.4,364.4,292.5,0.0,-212.4,197.3,96.1,101.2,15.1,0.0,80.1,-9.4,,6.235,,,-1.4,4.565,70.7,-23.7,47.0,0.0,0.0,0.0,47.0,,47.0,0.0,0.0,47.0,55.30765,8.30765,285.0,0.165,0.165,0.194062,289.6,0.16,0.16,0.188687,
04/01/2011,642.3,642.3,-354.2,354.2,288.1,0.0,-157.0,144.5,69.2,75.3,12.5,0.0,131.1,0.5,,2.7,-0.5,,-2.2,-0.5,131.6,-48.0,83.6,0.0,0.0,0.0,83.6,0.0,83.6,0.0,0.0,83.6,83.665,0.065,285.6,0.295,0.295,0.292945,290.6,0.29,0.29,0.290224,
07/01/2011,674.9,674.9,-374.9,374.9,300.0,0.0,-182.2,169.1,87.5,81.6,13.1,0.0,117.8,1.2,,2.6,-0.3,,-3.2,-0.3,119.0,-36.4,82.6,0.0,0.0,0.0,82.6,0.0,82.6,0.0,0.0,82.6,82.6,0.0,286.6,0.29,0.29,0.29,291.8,0.285,0.285,0.285,
09/30/2011,701.0,701.0,-391.1,391.1,309.9,0.0,-183.6,169.6,91.8,77.8,14.0,0.0,126.3,-0.3,,2.2,-0.6,,-2.9,1.6,126.0,-46.4,79.6,0.0,0.0,0.0,79.6,0.0,79.6,0.0,0.0,79.6,79.6,0.0,287.4,0.275,0.275,0.275,292.6,0.27,0.27,0.27,
12/31/2011,731.1,731.1,-414.6,414.6,316.5,0.0,-199.1,183.6,105.6,78.0,15.5,0.0,117.4,0.6,,1.2,,,-1.7,-0.1,118.0,-54.2,63.8,0.0,0.0,0.0,63.8,,63.8,0.0,0.0,63.8,63.8,0.0,286.0,0.225,0.225,0.225,291.2,0.22,0.22,0.22,
03/31/2012,690.6,690.6,-388.1,388.1,302.5,0.0,-159.8,147.2,68.0,79.2,12.6,0.0,142.7,0.5,,2.7,-0.5,,-2.5,-0.2,143.2,-47.4,95.8,0.0,0.0,0.0,95.8,,95.8,0.0,0.0,95.8,96.385,0.585,284.6,0.335,0.335,0.338668,289.8,0.33,0.33,0.332018,
06/30/2012,696.4,696.4,-393.4,393.4,303.0,0.0,-180.6,166.7,88.4,78.3,13.9,0.0,122.4,0.7,,2.4,-0.2,,-2.4,-0.5,123.1,-43.8,79.3,0.0,0.0,0.0,79.3,,79.3,0.0,0.0,79.3,79.3,0.0,279.0,0.285,0.285,0.285,284.4,0.28,0.28,0.28,
09/30/2012,725.2,725.2,-397.7,397.7,327.5,0.0,-182.1,168.4,92.2,76.2,13.7,0.0,145.4,0.6,,2.6,-0.4,,-2.4,-0.4,146.0,-52.1,93.9,0.0,0.0,0.0,93.9,,93.9,0.0,0.0,93.9,95.135,1.235,279.0,0.335,0.335,0.340985,284.4,0.33,0.33,0.334342,
12/31/2012,809.7,809.7,-451.3,451.3,358.4,0.0,-223.8,209.2,108.7,100.5,14.6,0.0,134.6,-4.4,,6.3,,,-1.6,-0.3,130.2,-49.4,80.8,0.0,0.0,0.0,80.8,,80.8,0.0,0.0,80.8,80.93,0.13,278.4,0.29,0.29,0.290697,283.4,0.285,0.285,0.285459,
03/31/2013,779.3,779.3,-429.2,429.2,350.1,0.0,-180.8,166.4,78.9,87.5,14.4,0.0,169.3,-6.1,,7.0,-0.7,,-0.6,0.4,163.2,-55.5,107.7,0.0,0.0,0.0,107.7,,107.7,0.0,0.0,107.7,107.7,0.0,276.6,0.39,0.39,0.39,281.8,0.38,0.38,0.38,
06/30/2013,787.6,787.6,-436.6,436.6,351.0,0.0,-210.5,196.2,103.7,92.5,14.3,0.0,140.5,-8.3,,7.0,-0.7,,1.1,0.9,132.2,-45.6,86.6,0.0,0.0,0.0,86.6,,86.6,0.0,0.0,86.6,86.6,0.0,277.0,0.31,0.31,0.31,282.2,0.305,0.305,0.305,
09/30/2013,804.8,804.8,-439.6,439.6,365.2,0.0,-197.4,181.1,99.7,81.4,16.3,0.0,167.8,-4.6,,7.0,-0.6,,-1.9,0.1,163.2,-55.3,107.9,0.0,0.0,0.0,107.9,,107.9,0.0,0.0,107.9,107.9,0.0,277.6,0.39,0.39,0.39,282.6,0.38,0.38,0.38,
12/31/2013,822.6,822.6,-450.9,450.9,371.7,0.0,-227.1,210.3,117.5,92.8,16.8,0.0,144.6,-5.4,,6.7,,,-1.4,0.1,139.2,-47.0,92.2,0.0,0.0,0.0,92.2,,92.2,0.0,0.0,92.2,92.2,0.0,278.0,0.33,0.33,0.33,283.2,0.325,0.325,0.325,
03/31/2014,782.0,782.0,-442.6,442.6,339.4,0.0,-177.4,164.3,87.8,76.5,13.1,0.0,162.0,-5.3,,6.7,-0.5,,-1.6,0.7,156.7,-54.1,102.6,0.0,0.0,0.0,102.6,,102.6,0.0,0.0,102.6,102.6,0.0,276.0,0.37,0.37,0.37,281.2,0.365,0.365,0.365,
06/30/2014,808.3,808.3,-451.9,451.9,356.4,0.0,-218.2,203.8,113.4,90.4,14.4,0.0,138.2,-3.2,,6.9,-0.6,,-2.9,-0.2,135.0,-46.2,88.8,0.0,0.0,0.0,88.8,,88.8,0.0,0.0,88.8,88.8,0.0,269.6,0.33,0.33,0.33,274.6,0.325,0.325,0.325,
09/30/2014,841.8,841.8,-474.3,474.3,367.5,0.0,-190.3,175.5,96.6,78.9,14.8,0.0,177.2,-4.0,,6.9,-0.6,,-3.4,1.1,173.2,-57.3,115.9,0.0,0.0,0.0,115.9,,115.9,0.0,0.0,115.9,115.9,0.0,267.4,0.435,0.435,0.435,272.0,0.425,0.425,0.425,
12/31/2014,865.5,865.5,-475.9,475.9,389.6,0.0,-225.8,208.3,119.1,89.2,17.5,0.0,163.8,-3.8,,6.9,-0.6,,-3.7,1.2,160.0,-53.4,106.6,0.0,0.0,0.0,106.6,0.0,106.6,0.0,0.0,106.6,106.6,0.0,267.8,0.4,0.4,0.4,272.6,0.39,0.39,0.39,
03/31/2015,812.3,812.3,-456.8,456.8,355.5,0.0,-183.4,169.6,88.8,80.8,13.8,0.0,172.1,-6.8,,7.6,-0.5,,-2.3,2.0,165.3,-58.1,107.2,0.0,0.0,0.0,107.2,0.0,107.2,0.0,0.0,107.2,107.2,0.0,264.0,0.405,0.405,0.405,269.2,0.4,0.4,0.4,
06/30/2015,847.1,847.1,-474.0,474.0,373.1,0.0,-230.8,212.5,115.8,96.7,18.3,0.0,142.3,-22.8,,7.9,-0.5,,13.8,1.6,119.5,-45.8,73.7,0.0,0.0,0.0,73.7,0.0,73.7,0.0,0.0,73.7,80.4,6.7,261.8,0.28,0.28,0.307105,266.8,0.275,0.275,0.300113,
09/30/2015,861.8,861.8,-476.0,476.0,385.8,0.0,-195.2,179.2,92.8,86.4,16.0,0.0,190.6,-4.9,,7.4,-0.2,,-3.1,0.8,185.7,-65.3,120.4,0.0,0.0,0.0,120.4,0.0,120.4,0.0,0.0,120.4,120.4,0.0,262.2,0.46,0.46,0.46,267.2,0.45,0.45,0.45,
12/31/2015,873.6,873.6,-476.2,476.2,397.4,0.0,-228.2,211.6,120.1,91.5,16.6,0.0,169.2,-4.3,,7.6,-0.3,,-2.6,-0.4,164.9,-55.8,109.1,0.0,0.0,0.0,109.1,0.0,109.1,0.0,0.0,109.1,109.945,0.845,261.2,0.42,0.42,0.420922,266.2,0.41,0.41,0.413175,
03/31/2016,849.0,849.0,-470.0,470.0,379.0,0.0,-199.5,185.1,92.5,92.6,14.4,0.0,179.5,-6.5,,6.8,-0.3,,-1.7,1.7,173.0,-60.0,113.0,0.0,0.0,0.0,113.0,0.0,113.0,0.0,0.0,113.0,113.0,0.0,258.8,0.435,0.435,0.435,263.6,0.43,0.43,0.43,
06/30/2016,877.4,877.4,-469.4,469.4,408.0,0.0,-232.7,216.6,120.2,96.4,16.1,0.0,175.3,-4.3,,7.1,-0.4,0.0,-2.5,0.1,171.0,-59.4,111.6,0.0,0.0,0.0,111.6,0.0,111.6,0.0,0.0,111.6,112.185,0.585,257.0,0.43,0.43,0.436518,261.9,0.43,0.43,0.432233,
09/30/2016,870.7,870.7,-475.1,475.1,395.6,0.0,-199.6,185.1,98.2,86.9,14.5,0.0,196.0,-3.6,,6.8,-0.4,0.0,-2.5,-0.3,192.4,-68.4,124.0,0.0,0.0,0.0,124.0,0.0,124.0,0.0,0.0,124.0,123.935,-0.065,258.0,0.48,0.48,0.480368,262.7,0.47,0.47,0.469753,
12/31/2016,896.0,896.0,-488.0,488.0,408.0,0.0,-234.6,216.4,116.3,100.1,18.2,0.0,173.4,-3.9,,7.0,-0.6,,-2.5,0.0,169.5,-59.1,110.4,0.0,0.0,0.0,110.4,0.0,110.4,0.0,0.0,110.4,113.52,3.12,256.4,0.43,0.43,0.442746,260.3,0.42,0.42,0.431986,
03/31/2017,877.2,877.2,-477.9,477.9,399.3,0.0,-203.2,189.1,90.8,98.3,14.1,0.0,196.1,-5.9,,8.2,-0.4,,-2.1,0.2,190.2,-58.7,131.5,0.0,0.0,0.0,131.5,0.0,131.5,0.0,0.0,131.5,133.775,2.275,254.1,0.52,0.52,0.526466,259.7,0.51,0.51,0.51876,
06/30/2017,898.0,898.0,-487.6,487.6,410.4,0.0,-287.2,271.2,130.9,140.3,16.0,0.0,123.2,-6.4,,9.3,-0.3,,-3.1,0.5,116.8,-43.9,72.9,0.0,0.0,0.0,72.9,0.0,72.9,0.0,0.0,72.9,104.4,31.5,249.8,0.29,0.29,0.417934,255.6,0.29,0.29,0.413239,
09/30/2017,967.9,967.9,-529.4,529.4,438.5,0.0,-239.8,221.8,111.9,109.9,18.0,0.0,198.7,-11.7,,16.4,-0.8,,-2.7,-1.2,187.0,-53.6,133.4,0.0,0.0,0.0,133.4,0.0,133.4,0.0,0.0,133.4,133.4,0.0,249.7,0.53,0.53,0.53,255.3,0.52,0.52,0.52,
12/31/2017,1033.1,1033.1,-551.7,551.7,481.4,0.0,-266.7,244.0,120.6,123.4,22.7,0.0,214.7,-16.0,,18.7,,0.0,-2.9,0.2,198.7,206.9,405.6,0.0,0.0,0.0,405.6,0.0,405.6,0.0,0.0,405.6,134.065,-271.535,248.9,1.63,1.63,0.53863,253.7,1.6,1.6,0.5297,
03/31/2018,1006.0,1006.0,-554.5,554.5,451.5,0.0,-231.2,211.7,99.9,111.8,19.5,0.0,220.3,-19.6,,20.1,-0.5,,-2.1,2.1,200.7,-42.9,157.8,0.0,0.0,0.0,157.8,0.0,157.8,0.0,0.0,157.8,160.565,2.765,244.9,0.64,0.64,0.655635,250.0,0.63,0.63,0.64106,
06/30/2018,1027.9,1027.9,-573.0,573.0,454.9,0.0,-281.1,259.3,136.4,122.9,21.8,0.0,173.8,-18.4,,20.2,-0.1,,-2.4,0.7,155.4,-33.7,121.7,0.0,0.0,0.0,121.7,0.0,121.7,0.0,0.0,121.7,121.7,0.0,244.8,0.5,0.5,0.5,249.3,0.49,0.49,0.49,
09/30/2018,1037.6,1037.6,-577.5,577.5,460.1,0.0,-255.9,232.8,120.5,112.3,23.1,0.0,204.2,-16.9,,19.4,-0.3,,-2.5,0.3,187.3,-41.0,146.3,0.0,0.0,0.0,146.3,0.0,146.3,0.0,0.0,146.3,146.3,0.0,245.7,0.6,0.6,0.6,251.1,0.58,0.58,0.58,
12/31/2018,1074.4,1074.4,-600.1,600.1,474.3,0.0,-280.9,255.6,126.4,129.2,25.3,0.0,193.4,-17.3,,19.7,-1.0,,-2.2,0.8,176.1,-33.3,142.8,0.0,0.0,0.0,142.8,0.0,142.8,0.0,0.0,142.8,142.8,0.0,246.6,0.58,0.58,0.58,252.5,0.57,0.57,0.57,
03/31/2019,1044.7,1044.7,-573.9,573.9,470.8,0.0,-230.0,209.3,98.1,111.2,20.7,0.0,240.8,-15.7,,17.8,-0.5,,-1.7,0.1,225.1,-49.4,175.7,0.0,0.0,0.0,175.7,0.0,175.7,0.0,0.0,175.7,175.7,0.0,246.1,0.71,0.71,0.71,251.9,0.7,0.7,0.7,
06/30/2019,1079.4,1079.4,-597.9,597.9,481.5,0.0,-294.1,271.7,129.1,142.6,22.4,0.0,187.4,-17.1,,18.9,-0.2,,-1.7,0.1,170.3,-31.8,138.5,0.0,0.0,0.0,138.5,0.0,138.5,0.0,0.0,138.5,138.5,0.0,246.4,0.56,0.56,0.56,252.7,0.55,0.55,0.55,
09/30/2019,1089.4,1089.4,-581.7,581.7,507.7,0.0,-290.9,266.4,125.2,141.2,24.5,0.0,216.8,-16.2,,18.9,-0.3,,-2.1,-0.3,200.6,-43.3,157.3,0.0,0.0,0.0,157.3,0.0,157.3,0.0,0.0,157.3,167.416,10.116,246.8,0.64,0.64,0.678347,252.9,0.62,0.62,0.66,
12/31/2019,1144.2,1144.2,-620.2,620.2,524.0,0.0,-328.8,302.8,162.6,140.2,26.0,0.0,195.2,-17.5,,18.0,-0.6,,-1.1,1.2,177.7,-33.3,144.4,0.0,0.0,0.0,144.4,0.0,144.4,0.0,0.0,144.4,144.4,0.0,245.3,0.59,0.59,0.59,250.8,0.58,0.58,0.58,
03/31/2020,1165.2,1165.2,-633.2,633.2,532.0,0.0,-217.4,195.7,96.4,99.3,21.7,0.0,314.6,-15.2,,16.3,-0.1,,-1.6,0.6,299.4,-69.6,229.8,0.0,0.0,0.0,229.8,0.0,229.8,0.0,0.0,229.8,207.21,-22.59,245.6,0.94,0.94,0.843689,251.0,0.92,0.92,0.83,
06/30/2020,1194.3,1194.3,-634.7,634.7,559.6,0.0,-308.9,284.3,122.3,162.0,24.6,0.0,250.7,-14.7,,16.8,-0.3,,-2.0,0.2,236.0,-46.3,189.7,0.0,0.0,0.0,189.7,0.0,189.7,0.0,0.0,189.7,194.726,5.026,246.2,0.77,0.77,0.790926,251.3,0.75,0.75,0.77,
09/30/2020,1191.286,,,,543.19067742,,,,,,,,220.2,,,,,,,,208.818,,164.625,,,,,,164.625,,,164.625,166.0,,,0.654,0.654,0.671,,0.654,0.654,0.671,
12/31/2020,1224.429,,,,552.53583054,,,,,,,,191.7,,,,,,,,177.727,,143.625,,,,,,143.625,,,143.625,140.75,,,0.564,0.564,0.556,,0.564,0.564,0.556,
