Date,Revenue,Sales & Services Revenue,Other Revenue,Cost of Revenue,Cost of Goods & Services,Depreciation & Amortization,Gross Profit,Other Operating Income,Operating Expenses,"Selling, General & Admin",Selling & Marketing,General & Administrative,Other Operating Expense,Operating Income (Loss),Non-Operating (Income) Loss,"Interest Expense, Net",Interest Expense,Interest Income,Foreign Exch (Gain) Loss,(Income) Loss from Affiliates,Other Non-Op (Income) Loss,Pretax Income,Income Tax Expense (Benefit),Current Income Tax,Deferred Income Tax,Income (Loss) from Cont Ops,Net Extraordinary Losses (Gains),Discontinued Operations,XO & Accounting Changes,Income (Loss) Incl. MI,Minority Interest,"Net Income, GAAP",Preferred Dividends,Other Adjustments,"Net Income Avail to Common, GAAP","Net Income Avail to Common, Adj",Net Abnormal Losses (Gains),Basic Weighted Avg Shares,"Basic EPS, GAAP",Basic EPS from Cont Ops,"Basic EPS from Cont Ops, Adjusted",Diluted Weighted Avg Shares,"Diluted EPS, GAAP",Diluted EPS from Cont Ops,"Diluted EPS from Cont Ops, Adjusted",Source: Bloomberg
09/30/1991,5.979,,,-3.8,,,2.179,,-0.608,,,,,1.571,-0.373,,0.429,,0.0,,-0.056,1.198,-0.51,,,0.688,0.0,,,0.688,0.0,0.688,0.0,,0.688,0.688,,0.139545,4.888889,4.888889,,0.139545,4.888889,4.888889,4.888889,
12/31/1991,5.971,,,-4.075,,,1.896,,-0.749,,,,,1.147,-0.634,,0.827,,0.0,,-0.193,0.513,-0.175,,,0.338,0.0,,,0.338,0.0,0.338,0.0,,0.338,0.338,,0.139545,2.444444,2.444444,,0.139545,2.444444,2.444444,2.444444,
03/31/1992,5.847,,,-3.212,,,2.635,,-1.293,,,,,1.342,-0.722,,0.673,,0.0,,0.049,0.62,-0.185,,,0.435,0.0,,,0.435,0.0,0.435,0.0,,0.435,0.435,,0.139545,3.111111,3.111111,,0.139545,3.111111,3.111111,3.111111,
06/30/1992,4.555,,,-3.043,,,1.512,,-0.668,,,,,0.702,-0.502,,0.844,,0.0,,-0.342,0.2,-0.16,,,0.378,0.0,,,0.04,0.0,0.378,0.0,,0.378,0.378,,,0.0,,,,,,,
09/30/1992,3.652,,,-2.701,,,0.951,,-0.66,,,,,0.291,-0.605,,0.758,,0.0,,-0.153,-0.314,0.089,,,-0.225,0.0,,,-0.225,0.0,-0.225,0.0,,-0.225,-0.225,,0.139545,-1.555556,-1.555556,,0.139545,-1.555556,-1.555556,-1.555556,
12/31/1992,4.329,,,-2.638,,,1.691,,-1.062,,,,,0.629,-0.729,,0.793,,0.0,,-0.064,-0.1,0.031,,,-0.069,0.0,,,-0.069,0.0,-0.069,-0.05,,-0.119,-0.119,,0.135855,0.888889,0.888889,,0.135855,0.888889,0.888889,0.888889,
03/31/1993,4.461,,,-2.946,,,1.515,,-1.012,,,,,0.503,-0.07,,0.582,,0.0,,-0.512,0.433,-0.135,,,0.298,0.0,,,0.298,0.0,0.298,-0.166,,0.132,0.132,,0.201285,0.666667,0.666667,,0.201285,0.666667,0.666667,0.666667,
06/30/1993,4.686,,,-2.142,,,2.544,,-1.743,,,,,0.801,-1.284,,0.149,,0.0,,1.135,-0.483,0.114,,,-0.369,0.0,,,-0.369,0.0,-0.369,-0.169,,-0.538,-0.538,,0.194355,-4.444445,-4.444445,,0.194355,-4.444445,-4.444445,-4.444445,
09/30/1993,5.366,,,-4.038,,,1.328,,-0.678,,,,,0.65,-0.218,,0.449,,0.0,,-0.231,0.432,-0.147,,,0.285,0.0,,,0.285,0.0,0.285,-0.17,,0.115,0.115,,0.238635,0.444445,0.444444,,0.238635,0.444445,0.444444,0.444444,
12/31/1993,6.25,,,-4.541,,,1.709,,-0.868,,,,,0.841,-0.058,,0.352,,0.0,,-0.294,0.783,-0.266,,,0.517,0.0,,,0.517,0.0,0.517,-0.17,,0.347,0.347,,0.23499,1.555556,1.555556,,0.23499,1.555556,1.555556,1.555556,
03/31/1994,6.606,,,-5.248,,,1.358,,-0.642,,,,,0.716,-0.201,,0.437,,0.0,,-0.236,0.515,-0.175,,,0.34,0.0,,,0.34,0.0,0.34,0.0,,0.34,0.34,,0.23445,1.555556,1.555556,,0.23445,1.333334,1.555556,1.555556,
06/30/1994,10.621,,,-3.16,,,7.461,,-2.818,,,,,4.643,-1.218,,1.438,,0.0,,-0.22,3.425,-0.662,,,2.763,0.0,,,2.763,0.0,2.763,0.0,,2.763,2.763,,0.254385,10.888889,10.888889,10.888889,0.254385,10.888889,10.888889,10.888889,
09/30/1994,13.042,,,-7.639,,,5.403,,-0.844,,,,,4.559,-1.314,,1.578,,0.0,,-0.264,3.245,-0.909,,,2.336,0.0,,,2.336,0.0,2.336,0.0,,2.336,2.336,,0.266085,8.888889,8.888889,,0.266085,8.888889,8.888889,8.888889,
12/31/1994,14.185,,,-7.579,,,6.606,,-0.802,,,,,5.804,-0.714,,1.358,,0.0,,-0.644,5.09,-1.842,,,3.248,0.0,,,3.248,0.0,3.248,0.0,,3.248,3.248,,0.277785,11.555555,11.555555,,0.277785,11.555555,11.555555,11.555555,
03/31/1995,15.788,,,-9.443,,,6.345,,-1.348,,,,,4.997,-1.45,,1.518,,0.0,,-0.068,3.547,-1.242,,,2.305,0.0,,,2.305,0.0,2.305,0.0,,2.305,2.305,,0.27963,8.444444,8.444444,,0.27963,8.444444,8.444444,8.444444,
06/30/1995,22.804001,,,-12.752,,,10.052001,,-2.349,,,,,7.703,-1.625,,2.173,,0.0,,-0.548,6.078,-2.306,,,3.772,0.0,,,3.772,0.0,3.772,0.0,,3.772,3.772,,0.285232,13.333333,13.333333,13.333333,0.285232,13.333333,13.333333,13.333333,
09/30/1995,21.988001,,,-14.679,,,7.309001,,-0.941,,,,,6.368,-1.849,,3.363,,0.0,,-1.514,4.519,-1.604,,,2.915,0.0,,,2.915,0.0,2.915,0.0,,2.915,2.915,,0.285255,10.222222,10.222222,,0.285255,10.222222,10.222222,10.222222,
12/31/1995,31.766001,,,-18.738001,,,13.028,,-1.66,,,,,11.368,-2.904,,3.181,,0.0,,-0.277,8.464,-3.005,,,5.459,0.0,,,5.459,0.0,5.459,0.0,,5.459,5.459,,0.287265,19.333333,19.333333,,0.287265,19.333333,19.333333,19.333333,
03/31/1996,44.145,,,-27.202999,,,16.942001,,-2.201,,,,,14.741,-2.923,,3.173,,0.0,,-0.25,11.818,-4.195,,,7.623,0.0,,,7.623,0.0,7.623,0.0,,7.623,7.623,,0.29235,25.999999,25.999999,,0.29235,25.999999,25.999999,25.999999,
06/30/1996,47.692001,,,-30.929001,,,16.763,,-3.183,,,,,13.58,-2.172,,3.962,,0.0,,-1.79,11.408,-4.05,,,7.358,0.0,,,7.358,0.0,7.358,0.0,,7.358,7.358,,0.317055,23.333333,23.333333,23.333333,0.317055,23.333333,23.333333,23.333333,
03/31/1997,79.808998,,,-50.717999,,,29.091,,-3.354,,,,,25.737,-0.377,,3.654,,0.0,,-3.277,25.359999,-9.255,,,16.105,0.177,,,15.927999,0.0,15.928,0.0,,15.928,15.928,,0.34767,46.000001,46.000001,46.000001,0.367465,44.0,44.0,44.0,
06/30/1997,69.097,,,-71.127998,,,-2.030998,,-3.655,,,,,-5.686,-239.250008,,8.68,,0.0,,230.570007,-244.936007,27.153,,,-217.783005,0.0,,,-217.783008,0.0,-217.783005,0.0,,-217.783005,-217.783005,,0.349095,-623.999977,-623.999977,-18.000001,0.349095,-623.999977,-623.999977,-18.000001,
09/30/1997,72.531998,,,-60.419998,,,12.112,,-3.902,,,,,8.21,-2.697,,8.575,,0.0,,-5.878,5.513,0.0,,,5.513,0.0,,,5.513,0.0,5.513,0.0,,5.513,5.513,,0.35188,16.0,16.0,16.0,0.363495,16.0,16.0,16.0,
12/31/1997,81.365997,,,-70.723,,,10.642997,,-1.945,,,,,8.698,-45.784999,,8.873,,0.0,,36.911999,-37.086999,0.0,,,-37.087002,0.0,,,-37.086999,0.0,-37.087002,0.0,,-37.087002,-37.087002,,0.355825,-104.0,-104.0,-4.0,0.355825,-104.0,-104.0,-4.0,
03/31/1998,76.765,,,-42.16,,,34.605,,-30.641,,,,,3.964,-260.464,10.464,10.688,-0.224,0.0,,250.0,-256.5,0.0,,,-256.5,0.0,,,-256.5,,-256.5,0.0,,-256.5,-256.5,,0.40165,-638.0,-638.0,-234.0,0.40165,-638.0,-638.0,-234.0,
06/30/1998,109.31,,,-63.116,,,46.194,0.0,-38.839,38.839,33.705,,0.0,7.355,-255.428,16.094,18.665,-2.571,,,239.334,-248.073,,,,-248.073,,,,,,-248.073,-4.025,,-252.098,-252.098,,0.52231,-482.0,-482.0,-200.0,0.52231,-482.0,-482.0,-200.0,
09/30/1998,106.338,,,-52.771,,,53.567,,-39.917,,,,,13.65,-17.799,17.799,18.577,-0.778,0.0,,0.0,-4.149,0.0,,,-4.149,0.0,,,-4.149,0.0,-4.149,-4.026,0.0,-8.175,-8.175,,0.49023,-16.0,-16.0,-16.0,0.49023,-16.0,-16.0,-16.0,
12/31/1998,85.532997,,,-78.337997,,,7.195,,-7.361,,,,,-0.166,-424.966003,,20.319,,0.0,,404.647003,-425.132003,0.0,,,-425.131989,0.0,,,-425.132003,0.0,-425.131989,-4.026,,-429.157989,-429.157989,,0.48355,-888.000011,-888.000011,-50.0,0.48355,-888.000011,-888.000011,-50.0,
03/31/1999,65.677,,,-52.596,,,13.081,,-6.014,,,,,7.067,-19.017,19.017,19.89,-0.873,0.0,,0.0,-11.95,0.0,,,-11.95,0.0,,,-11.95,0.0,-11.95,-4.026,,-15.976,-15.976,,0.48355,-34.0,-34.0,-34.0,0.48355,-34.0,-34.0,-34.0,
06/30/1999,80.892,,,-49.061,,,31.831,,-6.066,,,,,25.765,-17.292,17.292,20.259,-2.967,0.0,,0.0,8.473,-0.326,,,8.147,0.0,,,8.147,0.0,8.147,-4.026,,4.121,4.121,,0.485245,8.0,8.0,8.0,0.50725,8.0,8.0,8.0,
09/30/1999,102.14,,,-40.055,,,62.085,0.0,-25.587,25.587,22.851,,0.0,36.498,-17.734,17.734,20.42,-2.686,0.0,,0.0,18.764,-0.649,,,18.115,0.0,,,18.115,0.0,18.115,-4.381,0.0,13.734,13.734,,0.48563,28.0,28.0,28.0,0.51788,26.0,26.0,26.0,
12/31/1999,106.237,,,-65.228,,,41.009,,-2.819,,,,,38.19,-18.447,20.483,20.483,,0.0,,-2.036,19.743,-0.789,,,18.954,0.0,,,18.954,0.0,18.954,-4.268,,14.686,14.686,,0.48125,30.0,30.0,30.0,0.5111,28.0,28.0,28.0,
03/31/2000,114.661,,,-68.788,,,45.873,,-4.898,,,,,40.975,-19.672,19.672,20.864,-1.192,0.0,,0.0,21.303,-0.101,,,21.202,,,,21.202,0.0,21.202,-4.042,-10.414,6.746,6.746,,0.508405,54.0,34.0,34.0,0.70065,30.0,14.0,14.0,
06/30/2000,134.463,,,-45.011,,,89.452,,-36.31,,,,,53.142,-20.146,20.146,21.813,-1.667,,,0.0,32.996,-1.362,,,31.634,,,,31.634,,31.634,-2.907,1.481,30.208,30.208,,0.58233,52.0,52.0,52.0,0.730565,44.0,44.0,44.0,
09/30/2000,168.182,,,-86.038,,,82.144,,-5.226,,,,,76.918,-20.813,20.813,21.68,-0.867,0.0,,0.0,56.105,-1.416,,,54.689,,,,54.689,0.0,54.689,-0.965,-5.321,48.403,48.403,,0.732965,66.0,66.0,66.0,0.794235,62.0,62.0,62.0,
12/31/2000,210.646,,,-97.402,,,113.244,,-5.51,,,,,107.734,-21.976,21.899,21.899,,0.0,,0.077,85.758,262.287,,,348.045,0.0,,,348.045,0.0,348.045,,,348.045,348.045,-265.0,0.762665,456.0,456.0,140.0,0.8226,424.0,424.0,108.0,
03/31/2001,277.384,,,-125.654,,,151.73,,-5.034,,,,,146.696,-28.712,25.32,25.889,-0.569,0.0,,3.392,117.984,-47.696,,,70.288,0.0,,,70.288,0.0,70.288,-0.546,,69.742,69.742,,0.788535,88.0,88.0,90.0,0.85163,82.0,82.0,84.0,
06/30/2001,213.226,,,-70.58,,,142.646,0.0,-39.786,39.786,36.913,,0.0,102.86,40.154,22.301,22.984,-0.683,0.0,,-62.455,143.014,-57.529,,,85.485,46.0,,,39.485,0.0,39.485,-0.182,0.0,39.303,39.303,,0.81294,48.0,104.0,104.0,0.856605,46.0,100.0,100.0,
09/30/2001,206.651,,,-75.351,,,131.3,0.0,-31.186,31.186,27.946,,0.0,100.114,8.288,23.972,24.104,-0.132,0.0,,-32.26,108.402,-43.394,,,65.008,0.0,,,65.008,0.0,65.008,0.0,0.0,65.008,65.008,,0.8222,80.0,80.0,80.0,0.85192,76.0,76.0,76.0,
12/31/2001,177.075,,,-93.216,,,83.859,,-7.964,,,,,75.895,-6.93,25.344,25.344,,0.0,,-18.414,68.965,-26.34,,,42.625,0.0,,,42.625,0.0,42.625,-1.322,0.0,41.303,41.303,-5.4,0.82308,50.0,50.0,44.0,0.913625,46.0,46.0,40.0,
03/31/2002,169.304,,,-102.402,,,66.902,,-7.404,,,,,59.498,-105.474,26.006,26.96,-0.954,0.0,,79.468,-45.976,18.39,,,-27.586,0.0,,,-27.586,0.0,-27.586,-2.532,0.0,-30.118,-30.118,,0.82686,-36.0,-36.0,22.0,0.82686,-36.0,-36.0,22.0,
06/30/2002,194.794,,,-124.112,,,70.682,,-7.511,,,,,63.171,-21.452,20.971,24.69,-3.719,0.0,,0.481,41.719,-16.686,,,25.033,0.0,,,25.033,0.0,25.033,-2.53,0.0,22.503,22.503,,0.829815,28.0,28.0,28.0,0.959735,26.0,26.0,26.0,
09/30/2002,196.465,,,-93.818,,,102.647,,-44.925,,,,,57.722,-30.052,24.799,26.599,-1.8,,,5.253,27.67,-11.07,,,16.6,,,,16.6,,16.6,-2.526,,14.074,14.074,,0.83072,16.0,16.0,20.0,0.85591,16.0,16.0,20.0,
12/31/2002,256.443,,,-157.464,,,98.979,,-9.208,,,,,89.771,-46.044,31.314,31.314,,0.0,,14.73,43.727,-17.488,,,26.239,0.0,,,26.239,0.0,26.239,-2.529,0.0,23.71,23.71,,0.951,28.0,28.0,38.0,0.978665,26.0,26.0,36.0,
03/31/2003,376.327,,,-216.026,,,160.301,,-9.063,,,,,151.238,-36.527,36.504,37.004,-0.5,0.0,,0.023,114.711,-43.591,,,71.12,-2.389,,,73.509,0.0,73.509,-3.526,0.0,69.983,69.983,-17.2,0.98804,70.0,68.0,52.0,1.15336,64.0,62.0,48.0,
06/30/2003,429.815,,,-147.056,,,282.759,,-112.857,,,,,169.902,-37.255,37.236,38.036,-0.8,,,0.019,132.647,-50.407,,,82.24,,,,82.24,,82.24,-5.979,,76.261,76.261,,1.071705,72.0,72.0,72.0,1.319595,62.0,62.0,62.0,
09/30/2003,454.549,,,-266.219,,,188.33,,-5.589,,,,,182.741,-41.039,40.651,40.851,-0.2,0.0,,0.388,141.702,-53.843,,,87.859,0.0,,,87.859,0.0,87.859,-5.979,0.0,81.88,81.88,1.5,1.0804,76.0,76.0,78.0,1.327725,66.0,66.0,68.0,
12/31/2003,456.741,,,-272.18,,,184.561,,-7.501,,,,,177.06,-65.168,38.465,38.465,,0.0,,26.703,111.892,-42.519,,,69.373,0.0,,,69.373,0.0,69.373,-6.985,0.0,62.388,62.388,32.56,1.349855,46.2182,46.2182,70.0,1.349855,46.2182,46.2182,70.0,
03/31/2004,563.129,,,-325.05,,,238.079,,-10.035,,,,,228.044,-52.127,46.145,46.545,-0.4,0.0,,5.982,175.917,-63.327,,,112.59,0.0,,,112.59,0.0,112.59,-8.168,0.0,104.422,104.422,4.432,1.18442,88.0,88.0,92.0,1.496205,76.0,76.0,78.2,
06/30/2004,574.292,,,-386.92,,,187.372,,-8.092,,,,,179.28,-27.471,27.506,28.806,-1.3,0.0,,-0.035,151.809,-54.654,,,97.155,0.0,,,97.155,0.0,97.155,-11.344,0.0,85.811,85.811,,1.205735,72.0,72.0,72.0,1.517415,62.0,62.0,62.0,
09/30/2004,629.796,,,-421.686,,,208.11,,-8.945,,,,,199.165,-47.804,48.089,48.689,-0.6,0.0,,-0.285,151.361,-54.489,,,96.872,0.0,,,96.872,0.0,96.872,-11.287,0.0,85.585,85.585,,1.28548,66.0,66.0,66.0,1.597365,58.0,58.0,58.0,
12/31/2004,942.051,,,-272.623,,,669.428,,-283.582,,,,,385.846,-60.007,,43.288,,0.0,,16.719,325.839,-117.301,,,208.538,0.0,,,208.538,0.0,208.538,-8.707,-36.678,163.153,163.153,,1.38705,118.0,118.0,130.0,1.640145,104.0,104.0,112.0,
03/31/2005,900.577,,,-296.57,,,604.007,,-249.343,246.926,237.276,,2.417,354.664,-157.798,39.771,43.128,-3.357,0.0,,118.027,196.866,-71.856,,,125.01,0.0,,,125.01,0.0,125.01,-5.463,,119.547,119.547,,1.549285,78.0,78.0,126.0,1.756785,72.0,72.0,112.0,
06/30/2005,963.964,,,-340.764,,,623.2,,-281.791,279.285,270.003,,2.506,341.409,-36.243,51.897,53.902,-2.005,0.0,,-15.654,305.166,-111.387,,,193.779,0.0,,,193.779,0.0,193.779,-9.859,-4.743,179.177,179.177,,1.555905,116.0,116.0,110.0,1.820315,104.0,104.0,100.0,
09/30/2005,1186.892,,,-377.914,,,808.978,,-369.295,364.046,353.51,,5.249,439.683,-160.961,56.165,58.593,-2.428,0.0,,104.796,278.722,-101.734,,,176.988,0.0,,,176.988,0.0,176.988,-10.204,-17.725,149.059,149.059,,1.610505,92.0,92.0,136.0,1.838195,86.0,86.0,122.0,
12/31/2005,1572.72,,,-454.607,,,1118.113,,-521.846,,,,,596.267,116.372,61.515,64.177,-2.662,0.0,,-177.887,712.639,-260.114,,,452.525,0.0,,,452.525,0.0,452.525,-16.287,-4.406,431.832,431.832,-112.729,1.72307,250.0,250.0,184.0,2.01865,222.0,222.0,168.0,
03/31/2006,1746.952,,,-518.031,,,1228.921,,-420.151,420.151,391.36,,0.0,808.77,197.236,63.022,72.658,-9.636,0.0,,-260.258,1006.006,-382.283,,,623.723,0.0,,,623.723,0.0,623.723,-18.812,-1.009,603.902,603.902,,1.843125,328.0,328.0,280.0,2.157275,288.0,288.0,248.0,
06/30/2006,1567.556,,,-521.609,,,1045.947,0.0,-389.243,389.243,355.688,,0.0,656.704,-52.022,68.482,73.456,-4.974,,,-16.46,604.682,-244.779,,,359.903,,,,359.903,,359.903,-18.228,-9.547,332.128,332.128,,1.903375,174.0,174.0,174.0,2.140795,164.0,164.0,164.0,
09/30/2006,1690.893,,,-554.167,,,1136.726,,-421.855,421.855,384.473,,0.0,714.871,169.538,68.98,74.112,-5.132,0.0,,-238.518,884.409,-336.074,,,548.335,0.0,,,548.335,0.0,548.335,-25.753,0.0,522.582,522.582,,2.087845,250.0,250.0,178.0,2.416365,226.0,226.0,166.0,
12/31/2006,1824.696,,,-602.813,,,1221.883,,-429.751,429.751,390.327,,0.0,792.132,-31.87,74.775,80.496,-5.721,0.0,,-42.905,760.262,-288.9,,,471.362,0.0,,,471.362,0.0,471.362,-25.852,0.0,445.51,445.51,,2.131165,210.0,210.0,198.0,2.455,192.0,192.0,180.0,
03/31/2007,1889.0,,,-635.0,,,1254.0,,-459.0,,,,,795.0,-379.0,70.0,79.0,-9.0,0.0,,309.0,416.0,-158.0,,,258.0,0.0,,,258.0,0.0,258.0,-26.0,0.0,232.0,232.0,192.64,2.255,102.0,102.0,188.0,2.58,100.0,100.0,174.0,
06/30/2007,1953.0,,,-711.0,,,1242.0,,-558.0,558.0,504.0,,0.0,684.0,152.0,83.0,84.0,-1.0,0.0,,-235.0,836.0,-318.0,,,518.0,0.0,,,518.0,0.0,518.0,-26.0,0.0,492.0,492.0,,2.26,218.0,218.0,218.0,2.575,202.0,202.0,202.0,
09/30/2007,1696.0,,,-767.0,,,929.0,0.0,-589.0,545.0,483.0,,44.0,340.0,-70.0,115.0,116.0,-1.0,0.0,,-45.0,270.0,-228.0,,,42.0,0.0,,,42.0,0.0,42.0,-26.0,0.0,16.0,16.0,,2.27,152.0,152.0,144.0,2.585,144.0,144.0,138.0,
12/31/2007,2350.0,,,-825.0,,,1525.0,,-650.0,650.0,575.0,,0.0,875.0,-386.0,125.0,128.0,-3.0,0.0,,261.0,489.0,-186.0,,,303.0,0.0,,,303.0,0.0,303.0,-17.0,-128.0,158.0,158.0,,2.34,68.0,68.0,144.0,2.38,66.0,66.0,142.0,
03/31/2008,2743.0,,,-862.0,,,1881.0,0.0,-853.0,853.0,774.0,79.0,0.0,1028.0,-108.0,97.0,99.0,-2.0,,,1141.0,-212.0,82.0,,,-130.0,,,,-130.0,,-130.0,-12.0,0.0,-142.0,-142.0,,2.465,-58.0,-58.0,-58.0,2.465,-58.0,-58.0,-58.0,
06/30/2008,2949.0,,,-902.0,,,2047.0,0.0,-1176.0,1176.0,1075.0,,0.0,871.0,-3459.0,52.0,54.0,-2.0,,,3407.0,-2588.0,996.0,,,-1592.0,,,,-1592.0,,-1592.0,-9.0,-42.0,-1643.0,-1643.0,,2.605,-632.0,-632.0,-632.0,2.605,-632.0,-632.0,-632.0,
09/30/2008,2873.0,,,-891.0,,,1982.0,0.0,-1122.0,1122.0,1014.0,,0.0,860.0,4541.0,29.0,34.0,-5.0,0.0,,-4570.0,5401.0,-2079.0,,,3322.0,0.0,,,3322.0,0.0,3322.0,-6.0,-25.0,3291.0,3291.0,,2.77,1188.0,1188.0,170.0,2.94,1124.0,1124.0,164.0,
12/31/2008,2267.0,,,-805.0,,,1462.0,,-731.0,730.0,641.0,,1.0,731.0,-2340.0,83.0,84.0,,0.0,,2257.0,-1887.0,614.0,,,-996.0,0.0,,,-1273.0,0.0,-995.0,-6.0,0.0,-1001.0,-1001.0,,2.875,-348.0,-348.0,150.0,2.875,-348.0,-348.0,150.0,
03/31/2009,1895.0,1376.0,519.0,-805.0,301.0,504.0,1090.0,0.0,-10243.0,613.0,523.0,90.0,9630.0,-9153.0,-31.0,,,-14.0,,,45.0,-9184.0,3444.0,0.0,-3444.0,-5740.0,0.0,0.0,0.0,-5740.0,0.0,-5740.0,-6.0,0.0,-5746.0,277.0,6023.0,2.985,-1926.0,-1926.0,92.7974,2.985,-1926.0,-1926.0,91.7554,
06/30/2009,1890.0,1293.0,597.0,-636.0,283.0,353.0,1254.0,0.0,-613.0,574.0,500.0,74.0,39.0,641.0,-253.0,20.0,22.0,-2.0,,,233.0,388.0,-145.0,1.0,144.0,243.0,0.0,0.0,0.0,243.0,0.0,243.0,-6.0,0.0,237.0,377.0,140.0,3.015,78.0,78.0,125.0414,3.05,78.0,78.0,123.9016,
09/30/2009,2096.0,1409.0,687.0,-649.0,292.0,357.0,1447.0,0.0,-765.0,641.0,546.0,95.0,124.0,682.0,-375.0,42.0,43.0,-1.0,,,333.0,307.0,-115.0,0.0,115.0,192.0,0.0,0.0,0.0,192.0,0.0,192.0,-6.0,0.0,186.0,440.0,254.0,3.095,60.0,60.0,142.1648,3.13,60.0,60.0,141.1502,
12/31/2009,2408.0,1864.0,544.0,-691.0,289.0,402.0,1717.0,0.0,-2244.0,836.0,747.0,89.0,1408.0,-527.0,-271.0,60.0,62.0,-2.0,,,211.0,-798.0,299.0,3.0,-302.0,-499.0,0.0,0.0,0.0,-499.0,-25.0,-524.0,-6.0,0.0,-530.0,490.0,1020.0,3.14,-168.0,-168.0,156.051,3.14,-168.0,-168.0,156.051,
03/31/2010,2483.0,2084.0,399.0,-662.0,304.0,358.0,1821.0,0.0,-924.0,924.0,815.0,109.0,0.0,897.0,303.0,24.0,25.0,-1.0,,-13.0,-314.0,1200.0,-462.0,,462.0,738.0,0.0,0.0,0.0,738.0,0.0,738.0,-6.0,0.0,732.0,528.25,-203.75,3.15,234.0,234.0,167.6984,3.235,228.0,228.0,165.017,
06/30/2010,2408.0,1835.0,573.0,-696.0,303.0,393.0,1712.0,0.0,-869.0,869.0,763.0,106.0,0.0,843.0,-429.0,,,-16.0,,-27.0,472.0,414.0,-159.0,5.0,154.0,255.0,0.0,0.0,0.0,255.0,0.0,255.0,-20.0,0.0,235.0,534.4,299.4,3.155,74.0,74.0,169.382,3.175,74.0,74.0,168.2992,
09/30/2010,2528.0,2016.0,512.0,-751.0,317.0,434.0,1777.0,0.0,-1013.0,976.0,851.0,125.0,37.0,764.0,143.0,-1.0,3.0,-4.0,,,-142.0,907.0,-349.0,-1.0,350.0,558.0,0.0,0.0,0.0,558.0,0.0,558.0,-43.0,0.0,515.0,478.0,-37.0,3.16,162.0,162.0,151.2658,3.72,150.0,150.0,140.0538,
12/31/2010,2603.0,2032.0,571.0,-763.0,334.0,429.0,1840.0,0.0,-884.0,1037.0,923.0,114.0,-153.0,956.0,-593.0,5.0,7.0,-2.0,,,588.0,363.0,-140.0,-4.0,144.0,223.0,0.0,0.0,0.0,223.0,0.0,223.0,-43.0,0.0,180.0,478.0,298.0,3.16,58.0,58.0,151.2658,3.195,56.0,56.0,149.2708,
03/31/2011,2794.0,2306.0,488.0,-786.0,360.0,426.0,2008.0,0.0,-1110.0,1115.0,985.0,130.0,-5.0,898.0,-1164.0,6.0,7.0,-1.0,,-25.0,1183.0,-266.0,104.0,6.0,-110.0,-162.0,0.0,0.0,0.0,-162.0,0.0,-162.0,-43.0,0.0,-205.0,518.0,723.0,3.17,-64.0,-64.0,163.407,3.17,-64.0,-64.0,163.407,
06/30/2011,3211.0,2804.0,407.0,-829.0,400.0,429.0,2382.0,0.0,-1504.0,1496.0,1366.0,130.0,8.0,878.0,-43.0,24.0,25.0,-1.0,,-47.0,66.0,835.0,-325.0,6.0,319.0,510.0,0.0,0.0,0.0,510.0,0.0,510.0,-43.0,0.0,467.0,528.0,61.0,3.175,148.0,148.0,166.2992,3.755,136.0,136.0,152.245,
09/30/2011,3346.0,3002.0,344.0,-948.0,450.0,498.0,2398.0,0.0,-1546.0,1543.0,1392.0,151.0,3.0,852.0,659.0,,4.0,,,,-663.0,1511.0,-589.0,-1.0,590.0,922.0,0.0,0.0,0.0,922.0,0.0,922.0,-43.0,0.0,879.0,496.0,-383.0,3.19,276.0,276.0,155.4858,3.765,246.0,246.0,144.2736,
03/31/2012,2689.0,2572.0,117.0,-1082.0,492.0,590.0,1607.0,0.0,-1331.0,1333.0,1197.0,136.0,-2.0,276.0,-281.0,11.0,12.0,-1.0,,5.0,265.0,-5.0,2.0,0.0,-2.0,-3.0,0.0,0.0,0.0,-3.0,-25.0,-28.0,-43.0,0.0,-71.0,94.0,165.0,3.21,-22.0,-22.0,29.2834,3.21,-22.0,-22.0,29.2834,
06/30/2012,2579.0,2384.0,195.0,-1156.0,485.0,671.0,1423.0,0.0,-1495.0,1252.0,1096.0,156.0,243.0,-72.0,1772.0,13.0,14.0,-1.0,,59.0,-1844.0,1700.0,-663.0,2.0,661.0,1037.0,0.0,0.0,0.0,1037.0,-65.0,972.0,-43.0,0.0,929.0,7.55,-921.45,3.21,290.0,290.0,2.352,3.755,258.0,258.0,2.352,
09/30/2012,3074.0,2997.0,77.0,-1317.0,489.0,828.0,1757.0,0.0,-4847.0,1487.0,1339.0,148.0,3360.0,-3090.0,-141.0,,36.0,,,23.0,82.0,-3231.0,1260.0,22.0,-1282.0,-1971.0,0.0,0.0,0.0,-1971.0,-41.0,-2012.0,-43.0,0.0,-2055.0,33.0,2088.0,3.22,-638.0,-638.0,10.2484,3.22,-638.0,-638.0,10.2484,
03/31/2013,3570.0,3566.0,4.0,-1241.0,515.0,726.0,2329.0,0.0,-1966.0,1855.0,1745.0,110.0,111.0,363.0,-198.0,21.0,21.0,0.0,,37.0,140.0,165.0,-63.0,1.0,62.0,102.0,0.0,0.0,0.0,102.0,-44.0,58.0,-43.0,0.0,15.0,183.0,168.0,3.255,4.0,4.0,56.2212,3.255,4.0,4.0,55.613,
06/30/2013,4099.0,4138.0,-39.0,-1245.0,524.0,721.0,2854.0,0.0,-2263.0,2134.0,2028.0,106.0,129.0,591.0,418.0,104.0,104.0,0.0,,-23.0,-499.0,1009.0,-384.0,2.0,382.0,625.0,0.0,0.0,0.0,625.0,-45.0,580.0,-112.0,-11.0,457.0,265.0,-192.0,3.265,140.0,140.0,81.1638,3.8,132.0,132.0,81.1638,
09/30/2013,5058.0,5120.0,-62.0,-1286.0,555.0,731.0,3772.0,0.0,-3145.0,3129.0,3009.0,120.0,16.0,627.0,-240.0,38.0,40.0,-2.0,,,202.0,387.0,-147.0,7.0,140.0,240.0,0.0,0.0,0.0,240.0,-38.0,202.0,-43.0,-3.0,156.0,282.0,126.0,3.28,48.0,48.0,85.9756,3.28,48.0,48.0,85.9756,
12/31/2013,4552.0,4554.0,-2.0,-1255.0,531.0,724.0,3297.0,0.0,-3037.0,2801.0,2680.0,121.0,236.0,260.0,-379.0,60.0,63.0,-3.0,,,319.0,-119.0,45.0,13.0,-58.0,-74.0,0.0,0.0,0.0,-74.0,-42.0,-116.0,-43.0,0.0,-159.0,161.65,320.65,3.28,-48.0,-48.0,49.2836,3.28,-48.0,-48.0,49.2836,
03/31/2014,5190.0,5428.0,-238.0,-1264.0,558.0,706.0,3926.0,0.0,-3049.0,3059.0,2980.0,79.0,-10.0,877.0,-131.0,38.0,39.0,-1.0,,21.0,72.0,746.0,-280.0,3.0,277.0,466.0,0.0,0.0,0.0,466.0,-41.0,425.0,-43.0,-8.0,374.0,405.0,31.0,3.29,114.0,114.0,123.1004,3.825,108.0,108.0,116.1046,
06/30/2014,5152.0,5365.0,-213.0,-1306.0,566.0,740.0,3846.0,0.0,-3236.0,3256.0,3166.0,90.0,-20.0,610.0,-239.0,27.0,27.0,0.0,,24.0,188.0,371.0,-141.0,5.0,136.0,230.0,0.0,0.0,0.0,230.0,-39.0,191.0,-43.0,-3.0,145.0,238.25,93.25,3.295,44.0,44.0,72.3066,3.295,44.0,44.0,72.3004,
09/30/2014,5081.0,5139.0,-58.0,-1085.0,360.0,725.0,3996.0,0.0,-3444.0,3429.0,3369.0,60.0,15.0,552.0,577.0,15.0,17.0,-2.0,,,-592.0,1129.0,-437.0,2.0,435.0,692.0,0.0,0.0,0.0,692.0,-30.0,662.0,-490.0,-3.0,169.0,-178.45,-347.45,3.3,52.0,52.0,-54.0758,3.3,52.0,52.0,-54.0758,
12/31/2014,4773.0,4640.0,133.0,-1770.0,1026.0,744.0,3003.0,0.0,-2959.0,2813.0,2720.0,93.0,146.0,44.0,910.0,7.0,7.0,0.0,,,-917.0,954.0,-286.0,13.0,273.0,668.0,0.0,0.0,0.0,668.0,-29.0,639.0,-43.0,-10.0,586.0,30.55,-555.45,3.3,178.0,178.0,9.2576,3.865,162.0,162.0,9.2576,
03/31/2015,3492.0,3057.0,435.0,-1504.0,785.0,719.0,1988.0,0.0,-6754.0,1756.0,1700.0,56.0,4998.0,-4766.0,-326.0,50.0,51.0,-1.0,,,276.0,-5092.0,1372.0,0.0,-1372.0,-3720.0,0.0,0.0,0.0,-3720.0,-19.0,-3739.0,-43.0,0.0,-3782.0,46.55,3828.55,3.305,-1144.0,-1144.0,14.0848,3.305,-1144.0,-1144.0,14.0848,
06/30/2015,3822.0,3569.0,253.0,-1433.0,798.0,635.0,2389.0,0.0,-7595.0,2165.0,2096.0,69.0,5430.0,-5206.0,-390.0,68.0,71.0,-3.0,,,322.0,-5596.0,1506.0,-6.0,-1500.0,-4090.0,0.0,0.0,0.0,-4090.0,-18.0,-4108.0,-43.0,0.0,-4151.0,105.05,4256.05,3.31,-1254.0,-1254.0,31.7372,3.31,-1254.0,-1254.0,31.7372,
09/30/2015,3443.0,3149.0,294.0,-1278.0,759.0,519.0,2165.0,0.0,-7551.0,2004.0,1955.0,49.0,5547.0,-5386.0,-190.0,86.0,88.0,-2.0,,33.0,71.0,-5576.0,937.0,0.0,-937.0,-4639.0,0.0,0.0,0.0,-4639.0,-13.0,-4652.0,-43.0,0.0,-4695.0,-61.55,4633.45,3.315,-1416.0,-1416.0,-18.5672,3.315,-1416.0,-1416.0,-18.5672,
12/31/2015,2700.0,2366.0,334.0,-1278.0,922.0,356.0,1422.0,0.0,-4290.0,1440.0,1378.0,62.0,2850.0,-2868.0,34.0,105.0,107.0,-2.0,,,-139.0,-2834.0,649.0,-30.0,-619.0,-2185.0,0.0,0.0,0.0,-2185.0,0.0,-2185.0,-43.0,0.0,-2228.0,-141.65,2086.35,3.315,-672.0,-672.0,-42.73,3.315,-672.0,-672.0,-42.73,
03/31/2016,1995.0,1772.0,223.0,-998.0,706.0,292.0,997.0,0.0,-2054.0,990.0,942.0,48.0,1064.0,-1057.0,-11.0,62.0,62.0,0.0,,,-51.0,-1068.0,0.0,0.0,0.0,-1068.0,0.0,0.0,0.0,-1068.0,0.0,-1068.0,-43.0,0.0,-1111.0,-112.0,999.0,3.34,-332.0,-332.0,-33.533,3.34,-332.0,-332.0,-33.533,
06/30/2016,2166.0,2066.0,100.0,-988.0,682.0,306.0,1178.0,0.0,-2417.0,1268.0,1207.0,61.0,1149.0,-1239.0,-537.0,62.0,62.0,0.0,,2.0,473.0,-1776.0,0.0,0.0,0.0,-1776.0,0.0,0.0,0.0,-1776.0,0.0,-1776.0,-42.0,0.0,-1818.0,-219.05,1598.95,3.62,-502.0,-502.0,-60.511,3.62,-502.0,-502.0,-60.511,
09/30/2016,2113.0,2147.0,-34.0,-930.0,654.0,276.0,1183.0,0.0,-2580.0,1324.0,1261.0,63.0,1256.0,-1397.0,183.0,73.0,73.0,0.0,,1.0,-257.0,-1214.0,0.0,0.0,0.0,-1214.0,0.0,0.0,0.0,-1214.0,-1.0,-1215.0,-42.0,0.0,-1257.0,29.0,1286.0,3.885,-324.0,-324.0,7.4646,3.885,-324.0,-324.0,7.0168,
12/31/2016,2416.0,2465.0,-49.0,-832.0,597.0,235.0,1584.0,0.0,-1486.0,1436.0,1368.0,68.0,50.0,98.0,-630.0,99.0,99.0,0.0,,5.0,526.0,-532.0,190.0,-19.0,-171.0,-342.0,0.0,0.0,0.0,-342.0,-1.0,-343.0,,-398.0,-741.0,-266.173901,474.826099,4.435,-168.0,-168.0,-60.0166,4.435,-168.0,-168.0,-60.9366,
03/31/2017,2427.0,2431.0,-4.0,-730.0,512.0,218.0,1697.0,0.0,-1782.0,1393.0,1328.0,65.0,389.0,-85.0,227.0,95.0,95.0,0.0,,,-322.0,142.0,-1.0,,,141.0,0.0,0.0,0.0,141.0,-1.0,140.0,-23.0,-42.0,75.0,-244.0,-319.0,4.53,16.0,16.0,-53.8632,4.535,16.0,16.0,-54.3418,
06/30/2017,2079.0,2081.0,-2.0,-741.0,518.0,223.0,1338.0,0.0,-1141.0,1097.0,1027.0,70.0,44.0,197.0,299.0,93.0,93.0,0.0,,,-392.0,496.0,-1.0,,,495.0,0.0,0.0,0.0,495.0,-1.0,494.0,-16.0,-8.0,470.0,95.0,-375.0,4.54,104.0,104.0,20.9252,5.57,94.0,94.0,20.9252,
09/30/2017,2044.0,2013.0,31.0,-789.0,541.0,248.0,1255.0,0.0,-1060.0,1032.0,978.0,54.0,28.0,195.0,-212.0,114.0,114.0,0.0,,,98.0,-17.0,0.0,0.0,0.0,-17.0,0.0,0.0,0.0,-17.0,-1.0,-18.0,-23.0,0.0,-41.0,77.0,118.0,4.545,-10.0,-10.0,16.9416,4.545,-10.0,-10.0,15.9626,
12/31/2017,2592.0,2560.0,32.0,-1425.0,417.0,1008.0,1167.0,67.0,-2033.0,1409.0,1265.0,144.0,624.0,-799.0,-322.0,299.0,299.0,0.0,,,23.0,-1121.0,0.0,,,-1121.0,0.0,0.0,0.0,-1121.0,,-1121.0,-23.0,7.0,-1137.0,-745.55,391.45,4.5,-252.6666,-252.6666,-165.6778,4.5,-252.6666,-252.6666,-165.6778,
03/31/2018,2608.0,2606.0,2.0,-993.0,534.0,459.0,1615.0,16.0,-1470.0,1355.0,1268.0,87.0,115.0,161.0,-143.0,162.0,162.0,0.0,,,-19.0,18.0,0.0,0.0,0.0,18.0,0.0,0.0,0.0,18.0,-1.0,17.0,-23.0,0.0,-6.0,6.9,12.9,4.535,-2.0,-2.0,1.5214,4.535,-2.0,-2.0,0.8446,
06/30/2018,2423.0,2506.0,-83.0,-975.0,504.0,471.0,1448.0,16.0,-1456.0,1397.0,1292.0,105.0,59.0,8.0,-266.0,155.0,155.0,0.0,,,111.0,-258.0,9.0,,,-249.0,0.0,0.0,0.0,-249.0,0.0,-249.0,-23.0,0.0,-272.0,-64.0,208.0,4.545,-60.0,-60.0,-14.0814,4.545,-60.0,-60.0,-14.2354,
09/30/2018,2427.0,2550.0,-123.0,-935.0,530.0,405.0,1492.0,16.0,-1417.0,1319.0,1238.0,81.0,98.0,91.0,-236.0,165.0,165.0,0.0,,,71.0,-145.0,-1.0,,,-146.0,0.0,0.0,0.0,-146.0,0.0,-146.0,-23.0,0.0,-169.0,-16.68,152.32,4.55,-38.0,-38.0,-3.666,4.55,-38.0,-38.0,-4.523,
12/31/2018,2480.0,2603.0,-123.0,-845.0,443.0,402.0,1635.0,15.0,-1232.0,1422.0,1360.0,62.0,-190.0,418.0,185.0,151.0,151.0,0.0,,,-336.0,603.0,2.0,,,605.0,0.0,0.0,0.0,605.0,-1.0,604.0,-23.0,-5.0,576.0,-41.0,-617.0,4.55,126.0,126.0,-9.011,5.58,114.0,114.0,-9.011,
03/31/2019,2162.0,2162.0,,-959.0,440.0,519.0,1203.0,15.0,-1400.0,1333.0,1230.0,103.0,67.0,-182.0,-153.0,161.0,161.0,0.0,,,-8.0,-335.0,314.0,,,-21.0,0.0,0.0,0.0,-21.0,0.0,-21.0,-23.0,0.0,-44.0,-117.46,-73.46,6.9,-6.0,-6.0,-17.0232,6.9,-6.0,-6.0,-17.0232,
06/30/2019,2101.0,2095.0,6.0,-1057.0,477.0,580.0,1044.0,15.0,-1050.0,1029.0,940.0,89.0,21.0,9.0,89.0,175.0,175.0,0.0,,,-264.0,98.0,0.0,0.0,0.0,98.0,0.0,0.0,0.0,98.0,0.0,98.0,-23.0,0.0,75.0,-167.0,-242.0,8.14,10.0,10.0,-20.516,8.14,10.0,10.0,-20.516,
09/30/2019,2001.0,1892.0,109.0,-1033.0,460.0,573.0,968.0,15.0,-995.0,967.0,901.0,66.0,28.0,-12.0,-50.0,177.0,177.0,0.0,,,-127.0,-62.0,1.0,,,-61.0,0.0,0.0,0.0,-61.0,0.0,-61.0,-23.0,-17.0,-101.0,-228.0,-127.0,8.49,-12.0,-12.0,-26.8552,8.49,-12.0,-12.0,-26.9588,
12/31/2019,2095.0,2034.0,61.0,-985.0,393.0,592.0,1110.0,18.0,-1301.0,989.0,932.0,57.0,312.0,-173.0,-167.0,138.0,138.0,0.0,,,29.0,-340.0,16.0,,,-324.0,0.0,0.0,0.0,-324.0,0.0,-324.0,-22.0,0.0,-346.0,-99.060241,246.939759,9.74,-36.0,-36.0,-10.1704,9.74,-36.0,-36.0,-10.6468,
03/31/2020,2525.0,2525.0,,-1064.0,461.0,603.0,1461.0,16.0,-9704.0,811.0,746.0,65.0,8893.0,-8227.0,-99.0,145.0,145.0,0.0,,,-46.0,-8326.0,13.0,,,-8313.0,0.0,0.0,0.0,-8313.0,16.0,-8297.0,-22.0,0.0,-8319.0,-1064.43,7254.57,9.753,-852.97,-852.97,-109.1388,9.753,-852.97,-852.97,-109.1404,
06/30/2020,507.0,507.0,,-544.0,386.0,158.0,-37.0,14.0,-518.0,354.0,242.0,112.0,164.0,-541.0,265.0,137.0,137.0,0.0,,,-402.0,-276.0,0.0,0.0,0.0,-276.0,0.0,0.0,0.0,-276.0,0.0,-276.0,0.0,0.0,-276.0,220.12,496.12,9.779,-28.22,-28.22,22.509459,9.779,-28.22,-28.22,22.509459,
09/30/2020,1586.0,,,,,,,,,,,,,,,,,,,,,,,,,-347.0,,,,,,-347.0,,,-347.0,-347.0,,,-29.88,-29.88,-31.258,,-29.88,-29.88,-31.258,
12/31/2020,1588.0,,,,,,,,,,,,,,,,,,,,,,,,,-332.0,,,,,,-332.0,,,-332.0,-332.0,,,-22.56,-22.56,-25.8,,-22.56,-22.56,-25.8,
