Date,Revenue,Net Premiums Earned,Net Premiums Earned (NL),Net Premiums Earned (L),Other Premiums Earned (NL & L),Investment Income,Other Operating Income,Policy Charges & Fees,Other Income,Claims & Losses,Claims & Losses (NL),Claims & Losses (L),LT Charges (L),Oth Claims & Losses (NL & L),Underwriting Expense & Acq Cost,Underwriting & Acq Cost (NL),Underwriting Cost (NL),Underwriting & Acq Cost (L),Underwriting Cost (L),Other Cost (NL & L),Other Operating Expense,Operating Income (Loss),Interest Expense,Other Non-Op (Income) Loss,"Pretax Income (Loss), GAAP",Income Tax Expense (Benefit),Current Income Tax,Deferred Income Tax,Tax Allowance/Credit,Income (Loss) from Cont Ops,Net Extraordinary Losses (Gains),Discontinued Operations,XO & Accounting Changes,Income (Loss) Incl. MI,Minority Interest,"Net Income, GAAP",Preferred Dividends,Other Adjustments,"Net Income Avail to Common, GAAP","Net Income Avail to Common, Adj",Net Abnormal Losses (Gains),Basic Weighted Avg Shares,"Basic EPS, GAAP",Basic EPS from Cont Ops,"Basic EPS from Cont Ops, Adjusted",Diluted Weighted Avg Shares,"Diluted EPS, GAAP",Diluted EPS from Cont Ops,"Diluted EPS from Cont Ops, Adjusted",Source: Bloomberg
03/31/1990,260.209991,213.334,,,,44.931999,1.944,,,-149.764008,149.764008,,0.0,,-66.724998,,,,,,,43.721001,-1.51,0.0,42.211001,-6.956,,,,35.255001,0.0,,,35.255001,0.0,35.255001,0.0,,35.255001,35.255001,,180.086974,0.19562,0.19562,,180.086974,0.19562,0.19562,0.19562,
06/30/1990,258.054993,212.391006,,,,43.503999,2.16,,,-146.929001,146.929001,,0.0,,-67.671997,,,,,,,43.453999,-1.83,0.0,41.623999,-6.93,,,,34.694,0.0,,,34.693999,0.0,34.694,0.0,,34.694,34.694,,180.294836,0.192878,0.192878,,180.294836,0.192878,0.192878,0.192878,
09/30/1990,264.109985,220.742004,,,,41.117001,2.251,,,-163.563004,163.563004,,0.0,,-69.431999,,,,,,,31.115,-1.437,0.0,29.678,-1.968,,,,27.709999,0.0,,,27.71,0.0,27.709999,0.0,,27.709999,27.709999,,180.62301,0.153571,0.153571,,180.62301,0.153571,0.153571,0.153571,
12/31/1990,266.556,224.729004,,,,39.360001,2.467,,,-160.479996,160.479996,,0.0,,-68.218002,,,,,,,37.858002,-1.617,0.0,36.241002,-4.938,,,,31.302999,0.0,,,31.303002,0.0,31.302999,0.0,,31.302999,31.302999,,179.911933,0.173682,0.173682,,179.911933,0.173682,0.173682,0.173682,
03/31/1991,279.511993,227.884003,,,,49.191,2.437,,,-148.792999,148.792999,,0.0,,-76.780998,,,,,,,53.938,-1.601,0.0,52.337,-9.92,,,,42.417,0.0,,,42.417,0.0,42.417,0.0,,42.417,42.417,,181.279377,0.234013,0.234013,,181.279377,0.234013,0.234013,0.234013,
06/30/1991,295.558014,234.337997,,,,58.746999,2.473,,,-168.093002,168.093002,,0.0,,-70.287003,,,,,,,57.178001,-1.559,0.0,55.619001,-11.675,,,,43.944,0.0,,,43.944001,0.0,43.944,0.0,,43.944,43.944,,181.848235,0.24224,0.24224,,181.848235,0.24224,0.24224,0.24224,
09/30/1991,296.533997,240.563004,,,,50.869001,5.102,,,-184.636002,184.636002,,0.0,,-73.459,,,,,,,38.438999,-1.812,0.0,36.626999,-6.603,,,,30.024,0.0,,,30.023999,0.0,30.024,0.0,,30.024,30.024,,182.110786,0.16454,0.16454,,182.110786,0.16454,0.16454,0.16454,
12/31/1991,289.531006,244.791,,,,42.054001,2.686,,,-178.425995,178.425995,,0.0,,-76.887001,,,,,,,34.217999,-1.67,0.0,32.547999,-2.653,,,,29.895,0.0,,,29.894998,0.0,29.895,0.0,,29.895,29.895,,181.235622,0.16454,0.16454,,181.235622,0.16454,0.16454,0.16454,
03/31/1992,327.46701,252.759003,,,,71.987001,2.721,,,-181.546997,181.546997,,0.0,,-79.727997,,,,,,,66.192001,-1.445,0.0,64.747001,-13.43,,,,51.317001,0.0,,,51.317001,0.0,51.317001,0.0,,51.317001,51.317001,,182.307715,0.281547,0.281547,,182.307715,0.281547,0.281547,0.281547,
06/30/1992,317.252014,248.011002,,,,66.664998,2.576,,,-176.563004,176.563004,,0.0,,-75.463997,,,,,,,65.224998,-1.682,0.0,63.542998,-13.319,,,,50.223999,0.0,,,50.223998,0.0,50.223999,0.0,,50.223999,50.223999,,185.957864,0.271492,0.271492,,185.957864,0.271492,0.271492,0.271492,
09/30/1992,330.391998,270.308014,,,,57.467001,2.617,,,-200.214996,200.214996,,0.0,,-88.358002,,,,,,,41.819,-1.94,0.0,39.879,-5.623,,,,34.256001,0.0,,,34.256,0.0,34.256001,0.0,,34.256001,34.256001,,189.07565,0.183737,0.183737,,189.07565,0.183737,0.183737,0.183737,
12/31/1992,329.040009,267.694,,,,58.708,2.638,,,-207.785004,207.785004,,0.0,,-78.607002,,,,,,,42.647999,-1.623,0.0,41.024999,-5.497,,,,35.528,0.0,,,35.527999,0.0,35.528,0.0,,35.528,35.528,,188.226005,0.191964,0.191964,0.191964,188.226005,0.191964,0.191964,0.191964,
03/31/1993,353.660004,272.923004,,,,78.193001,2.544,,,-197.556,197.556,,0.0,,-80.788002,,,,,,,75.316002,-1.643,0.0,73.673002,-16.436001,,,,57.237,-13.845,,,71.082001,0.0,71.082001,0.0,,71.082001,71.082001,,189.812246,0.378443,0.307142,,189.812246,0.378443,0.307142,0.307142,
06/30/1993,371.071014,285.154999,,,,83.323,2.593,,,-216.229004,216.229004,,0.0,,-72.468002,,,,,,,82.374001,-2.077,0.0,80.297001,-18.198999,,,,62.098,0.0,,,62.098001,0.0,62.098,0.0,,62.098,62.098,,189.892467,0.331823,0.331823,,189.892467,0.331823,0.331823,0.331823,
09/30/1993,357.533997,288.911011,,,,66.020001,2.603,,,-226.492004,226.492004,,0.0,,-74.282997,,,,,,,56.758999,-1.775,0.0,54.983999,-19.222,,,,35.762001,0.0,,,35.761999,0.0,35.762001,0.0,,35.762001,35.762001,,190.052909,0.194706,0.194706,,190.052909,0.194706,0.194706,0.194706,
12/31/1993,359.886993,293.802002,,,,63.428999,2.656,,,-192.201004,192.201004,,0.0,,-107.750999,,,,,,,59.935001,-1.894,0.0,58.041001,-10.959,,,,47.082001,0.0,,,47.082002,0.0,47.082001,0.0,,47.082001,47.082001,,189.68096,0.246811,0.246811,,189.68096,0.246811,0.246811,0.246811,
03/31/1994,379.703003,294.268005,,,,82.699001,2.736,,,-234.542007,234.542007,,,,-83.331001,,,,,,,61.830002,-1.939,0.0,59.891002,-11.392,,,,48.499001,0.0,,,48.499002,0.0,48.499001,0.0,,48.499001,48.499001,,190.402977,0.25778,0.25778,,190.402977,0.25778,0.25778,0.25778,
06/30/1994,378.821014,304.281006,,,,71.775001,2.765,,,-205.951004,205.951004,,,,-94.594002,,,,,,,78.276001,-2.307,0.0,75.969001,-16.886,,,,59.083,0.0,,,59.083001,0.0,59.083,0.0,,59.083,59.083,,190.446739,0.315369,0.315369,,190.446739,0.315369,0.315369,0.315369,
09/30/1994,381.726013,306.411011,,,,72.547996,2.767,,,-232.746002,232.746002,,,,-89.285004,,,,,,,59.695,-2.828,0.0,56.867,-9.315,,,,47.551998,0.0,,,47.552,0.0,47.551998,0.0,,47.551998,47.551998,,190.46862,0.252295,0.252295,,190.46862,0.252295,0.252295,0.252295,
12/31/1994,372.256012,314.072998,,,,55.184004,2.999,,,-227.574997,227.574997,,,,-85.193001,,,,,,,59.487999,-2.887,0.0,56.600999,-10.505,,,,46.096001,0.0,,,46.095999,0.0,46.096001,0.0,,46.096001,46.096001,,190.001858,0.246811,0.246811,,190.001858,0.246811,0.246811,0.246811,
03/31/1995,414.687988,319.929993,,,,92.832003,1.926,,,-233.384995,233.384995,,,,-93.817001,,,,,,,87.486,-3.663,0.0,83.823,-20.577999,,,,63.244999,0.0,,,63.245001,0.0,63.244999,0.0,,63.244999,63.244999,,190.577487,0.336897,0.336897,0.250513,190.577487,0.336897,0.336897,0.250513,
06/30/1995,405.02301,323.855988,,,,78.249004,2.918,,,-237.656006,237.656006,,,,-93.417,,,,,,,73.949997,-4.32,0.0,69.629997,-14.489,,,,55.140999,0.0,,,55.140996,0.0,55.140999,0.0,,55.140999,55.140999,,190.827542,0.293705,0.293705,0.262031,190.827542,0.293705,0.293705,0.262031,
09/30/1995,416.657013,329.911011,,,,83.774003,2.972,,,-241.044998,241.044998,,,,-93.802002,,,,,,,81.809998,-4.837,0.0,76.972998,-18.370001,,,,58.603001,0.0,,,58.602997,0.0,58.603001,0.0,,58.603001,58.603001,,190.716405,0.310982,0.310982,0.270669,190.716405,0.310982,0.310982,0.270669,
12/31/1995,419.28299,340.428986,,,,75.940997,2.913,,,-252.130005,252.130005,,,,-97.980003,,,,,,,69.172997,-4.411,0.0,64.761997,-14.401,,,,50.361,0.0,,,50.360997,0.0,50.361,0.0,,50.361,50.361,,191.008125,0.26779,0.26779,0.256272,191.008125,0.26779,0.26779,0.256272,
03/31/1996,451.798004,347.220001,,,,101.749001,2.829,,,-272.755005,272.755005,,,,-98.037003,,,,,,,81.005997,-4.558,0.0,76.447997,-17.0,,,,59.448002,0.0,,,59.447997,0.0,59.448002,0.0,,59.448002,59.448002,,191.226426,0.323507,0.323507,0.253968,191.226426,0.314437,0.314437,0.247921,
06/30/1996,442.040985,352.424011,,,,86.663002,2.954,,,-267.174011,267.174011,,,,-103.281998,,,,,,,71.584999,-4.563,0.0,67.021999,-12.626,,,,54.396,0.0,,,54.395998,0.0,54.396,0.0,,54.396,54.396,,191.266107,0.296296,0.296296,0.272109,191.266107,0.287226,0.287226,0.266062,
09/30/1996,455.681,358.18399,,,,94.979001,2.518,,,-285.994995,285.994995,,,,-106.264999,,,,,,,63.421001,-4.763,0.0,58.658001,-11.71,,,,46.948002,0.0,,,46.948001,0.0,46.948002,0.0,,46.948002,46.948002,,191.173497,0.253968,0.253968,0.199546,191.173497,0.247921,0.247921,0.196523,
12/31/1996,459.229004,365.069,,,,91.862003,2.298,,,-261.181,261.181,,,,-111.537003,,,,,,,86.511002,-6.218,0.0,80.293002,-17.325001,,,,62.967999,0.0,,,62.968001,0.0,62.967999,0.0,,62.967999,62.967999,,190.842753,0.341648,0.341648,0.31746,190.842753,0.332577,0.332577,0.30839,
03/31/1997,483.735992,372.983002,357.500253,13.532845,1.949904,108.534002,2.219,,,-266.497986,266.497986,,0.0,,-113.924004,,,,,,,103.314003,-5.037,0.0,98.277003,-24.231001,,,,74.045998,0.0,,,74.046002,0.0,74.045998,0.0,,74.045998,74.045998,,183.496793,0.402116,0.402116,0.320484,190.531842,0.393046,0.393046,0.311413,
06/30/1997,484.203003,375.391998,,,,106.678003,2.133,,,-259.191986,259.191986,,,,-119.927002,,,,,,,105.084,-4.742,0.0,100.342,-24.511,,,,75.831001,0.0,,,75.831,0.0,75.831001,0.0,,75.831001,75.831001,,182.716223,0.417234,0.417234,0.344671,190.029102,0.408163,0.408163,0.335601,
09/30/1997,492.037994,381.363007,,,,108.553004,2.122,,,-264.359985,264.359985,,,,-120.178001,,,,,,,107.5,-5.536,0.0,101.964,-24.964001,,,,77.0,0.0,,,76.999999,0.0,77.0,0.0,,77.0,77.0,,179.845313,0.429327,0.429327,0.356765,187.383102,0.41421,0.41421,0.344671,
12/31/1997,482.407013,386.640015,,,,94.062,1.705,,,-264.873993,264.873993,,,,-118.051003,,,,,,,99.482002,-5.506,0.0,93.976002,-21.478001,,,,72.498001,0.0,,,72.498001,0.0,72.498001,0.0,,72.498001,72.498001,,181.657823,0.399093,0.399093,0.380952,187.333493,0.386999,0.386999,0.362812,
03/31/1998,512.554,394.592,378.4,16.192,0.0,115.942,2.02,,,-270.131,270.131,,,,-119.162,,,,,,,121.671,-5.338,0.0,116.333,-32.155,,,,84.178,0.0,,,84.178,0.0,84.178,0.0,,84.178,84.178,,551.032807,0.154195,0.154195,0.154195,570.669435,0.148148,0.148148,0.148148,
06/30/1998,518.578003,398.399994,,,,118.206999,1.971,,,-321.208008,321.208008,,,,-118.313004,,,,,,,79.056999,-6.143,0.0,72.913999,-14.064,,,,58.849998,0.0,,,58.849999,0.0,58.849998,0.0,,58.849998,58.849998,,184.043631,0.31746,0.31746,0.226757,190.053363,0.31746,0.31746,0.226757,
09/30/1998,514.763977,402.604004,,,,110.306,1.854,,,-316.095001,316.095001,,,,-126.531998,,,,,,,72.137001,-8.119,0.0,64.018001,-11.104,,,,52.914001,0.0,,,52.914001,0.0,52.914001,0.0,,52.914001,52.914001,,184.196887,0.281179,0.281179,0.281179,189.886885,0.281179,0.281179,0.281179,
12/31/1998,508.391998,417.139008,,,,88.846003,2.407,,,-313.68399,313.68399,,,,-132.455002,,,,,,,62.252998,-8.412,0.0,53.840998,-8.217,,,,45.624001,0.0,,,45.623998,0.0,45.6,0.0,,45.6,45.6,,183.786747,0.244898,0.244898,0.272109,188.699497,0.244898,0.244898,0.272109,
03/31/1999,536.659,413.8,396.097,17.703,0.0,120.562,2.297,,,-324.466,324.466,,,,-122.347,,,,,,,89.846,-7.785,0.0,82.061,-17.584,,,,64.477,0.0,,,64.477,0.0,64.477,0.0,,64.477,64.477,,183.127455,0.353741,0.353741,0.263039,188.65539,0.344671,0.344671,0.253968,
06/30/1999,541.321,427.749,408.54,19.209,0.0,108.75,4.822,,,-286.631,286.631,,,,-130.743,,,,,,,123.947,-7.606,0.0,116.341,-30.087,,,,86.254,0.0,,,86.254,0.0,86.254,0.0,,86.254,86.254,,179.823262,0.480726,0.480726,0.426304,184.944375,0.471655,0.471655,0.417234,
09/30/1999,538.3,436.863,419.121,17.742,0.0,98.811,2.626,,,-332.062,332.062,,,,-129.219,,,,,,,77.019,-7.978,0.0,69.041,-11.996,,,,57.045,0.0,,,57.045,0.0,57.045,0.0,,57.045,57.045,,179.308395,0.31746,0.31746,0.314739,184.37328,0.30839,0.30839,0.305669,
12/31/1999,511.942,453.538,,,,58.085,0.319,,,-311.204,311.204,,,,-136.935,,,,,,,63.803,-9.674,0.0,54.129,-7.184,,,,46.945,0.0,,,46.945,0.0,46.945,0.0,,46.945,46.945,,179.81775,0.263039,0.263039,0.408163,185.619105,0.253968,0.253968,0.394558,
03/31/2000,571.27,448.093,430.37,17.723,0.0,120.803,2.374,,,-317.29,317.29,,,,-136.006,,,,,,,112.69,-9.162,0.0,103.528,-24.165,,,,79.363,0.0,,,79.363,0.0,79.363,0.0,0.0,79.363,79.363,,177.976575,0.444444,0.444444,0.390023,181.757048,0.435374,0.435374,0.380952,
06/30/2000,578.807,470.487,449.719,20.768,0.0,105.841,2.479,,,-329.605,329.605,,,,-136.707,,,,,,,106.619,-9.979,0.0,96.64,-21.946,,,,74.694,0.0,,,74.694,0.0,74.694,0.0,0.0,74.694,74.694,,178.189357,0.417234,0.417234,0.408163,182.517773,0.408163,0.408163,0.399093,
09/30/2000,599.79,484.76,465.657,19.103,0.0,112.775,2.255,,,-418.384,418.384,,,,-142.944,,,,,,,38.462,-8.093,-39.1,-8.731,14.308,,,,5.577,0.0,,,5.577,0.0,5.577,0.0,0.0,5.577,5.577,,176.10453,0.027211,0.027211,0.136054,178.1199,0.027211,0.027211,0.136054,
12/31/2000,581.127,503.582,,,,73.296,4.249,,,-515.844,515.844,,,,-138.502,,,,,,,-73.219,-9.554,0.0,-82.773,41.504,,,,-41.269,0.0,,,-41.269,0.0,-41.269,0.0,0.0,-41.269,-41.269,,176.024048,-0.235828,-0.235828,-0.122449,180.369,-0.235828,-0.235828,-0.117914,
03/31/2001,617.882,507.507,489.566,17.941,0.0,105.119,5.256,,,-357.013,357.013,,,,-150.196,,,,,,,107.098,-10.206,0.0,96.892,-24.279,,,,72.613,0.0,,,72.613,0.0,72.613,0.0,0.0,72.613,72.613,,179.58402,0.408163,0.408163,0.390023,183.184785,0.399093,0.399093,0.380952,
06/30/2001,645.389,531.392,509.817,21.575,0.0,113.152,0.845,,,-424.616,424.616,,,,-154.958,,,,,,,61.093,-9.929,0.0,51.164,-2.197,,,,48.967,0.0,,,48.967,0.0,48.967,0.0,0.0,48.967,48.967,,177.655748,0.272109,0.272109,0.263039,180.600525,0.272109,0.272109,0.263039,
09/30/2001,643.87,537.904,519.629,18.275,0.0,102.935,3.031,,,-445.208,445.208,,,,-149.381,,,,,,,44.329,-10.028,0.0,34.301,1.44,,,,35.741,0.0,,,35.741,0.0,35.741,0.0,0.0,35.741,35.741,,175.602892,0.199546,0.199546,0.208617,178.435215,0.199546,0.199546,0.208617,
12/31/2001,654.0,575.0,,,,75.0,4.0,,,-436.0,436.0,,,,-166.0,,,,,,,48.0,-9.0,0.0,39.0,-3.0,,,,36.0,0.0,,,36.0,0.0,36.0,0.0,0.0,36.0,36.0,,172.565505,0.208617,0.208617,0.335601,177.5025,0.199546,0.199546,0.326531,
03/31/2002,687.0,579.0,559.0,20.0,0.0,101.0,7.0,,,-419.0,399.0,20.0,,,-163.0,,,,,,,102.0,-9.0,0.0,93.0,-18.0,,,,75.0,0.0,,,75.0,0.0,75.0,0.0,0.0,75.0,75.0,,178.350323,0.426304,0.426304,0.453515,180.103298,0.417234,0.417234,0.444444,
06/30/2002,703.0,602.0,580.0,22.0,0.0,99.0,2.0,,,-495.0,475.0,20.0,,,-167.0,,,,,,,40.0,-9.0,0.0,31.0,4.0,,,,35.0,0.0,,,35.0,0.0,35.0,0.0,0.0,35.0,35.0,,178.800143,0.199546,0.199546,0.235828,181.169415,0.190476,0.190476,0.226757,
09/30/2002,731.0,632.0,610.0,22.0,0.0,97.0,2.0,,,-448.0,427.0,21.0,,,-183.0,,,,,,,99.0,-9.0,0.0,90.0,-18.0,,,,72.0,0.0,,,72.0,0.0,72.0,0.0,0.0,72.0,72.0,,179.952255,0.399093,0.399093,0.462585,181.338098,0.399093,0.399093,0.462585,
12/31/2002,722.0,665.0,,,,54.0,3.0,,,-464.0,444.0,20.0,,,-181.0,,,,,,,73.0,-8.0,0.0,65.0,-9.0,,,,56.0,0.0,,,56.0,0.0,56.0,0.0,0.0,56.0,56.0,,179.15625,0.31746,0.31746,0.535147,179.15625,0.31746,0.31746,0.535147,
03/31/2003,707.0,650.0,629.0,21.0,0.0,54.0,3.0,,,-437.0,427.0,10.0,,,-192.0,,,,,,,73.0,-8.0,0.0,65.0,-8.0,,,,57.0,0.0,,,57.0,0.0,57.0,0.0,0.0,57.0,57.0,,177.662978,0.31746,0.31746,0.31746,178.581711,0.31746,0.31746,0.31746,
06/30/2003,798.0,679.0,656.0,23.0,0.0,116.0,3.0,,,-502.0,479.0,23.0,,,-179.0,,,,,,,115.0,-8.0,0.0,107.0,-23.0,,,,84.0,0.0,,,84.0,0.0,84.0,0.0,0.0,84.0,84.0,,177.124343,0.480726,0.480726,0.471655,178.198178,0.471655,0.471655,0.462585,
09/30/2003,836.0,701.0,678.0,23.0,0.0,132.0,3.0,,,-505.0,495.0,10.0,,,-206.0,,,,,,,122.0,-8.0,23.0,137.0,-33.0,,,,104.0,0.0,,,104.0,0.0,104.0,0.0,0.0,104.0,104.0,,176.877382,0.589569,0.589569,0.453515,178.482623,0.580499,0.580499,0.444444,
12/31/2003,840.0,718.0,,,,122.0,0.0,,,-439.0,430.0,9.0,,,-191.0,,,,,,,205.0,-10.0,-23.0,172.0,-42.0,,,,130.0,0.0,,,130.0,0.0,130.0,0.0,0.0,130.0,130.0,,178.842846,0.726895,0.726895,0.716553,178.842846,0.726895,0.726895,0.716553,
03/31/2004,870.0,740.0,,,,127.0,3.0,,,-434.0,412.0,22.0,,,-224.0,,,,,,,209.0,-8.0,0.0,201.0,-55.0,,,,146.0,0.0,,,146.0,0.0,146.0,0.0,0.0,146.0,146.0,,176.751698,0.825397,0.825397,0.798186,178.67115,0.816327,0.816327,0.789116,
06/30/2004,923.0,744.0,717.0,27.0,0.0,176.0,3.0,,,-465.0,439.0,26.0,,,-232.0,,,,,,,223.0,-9.0,0.0,214.0,-59.0,,,,155.0,0.0,,,155.0,0.0,155.0,0.0,0.0,155.0,155.0,,176.6541,0.87619,0.87619,0.67619,178.6848,0.866667,0.866667,0.666667,
09/30/2004,879.0,758.0,,,,117.0,4.0,,,-525.0,502.0,23.0,,,-230.0,,,,,,,124.0,-11.0,0.0,113.0,-23.0,,,,90.0,0.0,,,90.0,0.0,90.0,0.0,0.0,90.0,90.0,,176.56065,0.514286,0.514286,0.542857,178.40235,0.504762,0.504762,0.533333,
12/31/2004,942.0,778.0,,,,163.0,1.0,,,-422.0,398.0,24.0,,,-234.0,,,,,,,281.0,-10.0,0.0,271.0,-79.0,,,,192.0,0.0,,,192.0,0.0,192.0,0.0,0.0,192.0,192.0,,184.674,1.038095,1.038095,0.904762,186.9105,1.038095,1.038095,0.895238,
03/31/2005,916.0,776.0,753.0,23.0,0.0,136.0,4.0,,,-481.0,457.0,24.0,,,-223.0,,,,,,,208.0,-13.0,0.0,195.0,-51.0,,,,144.0,0.0,,,144.0,0.0,144.0,0.0,0.0,144.0,144.0,,175.554038,0.780952,0.780952,0.752381,177.857213,0.771429,0.771429,0.742857,
06/30/2005,940.0,794.0,765.0,29.0,0.0,142.0,4.0,,,-462.0,436.0,26.0,,,-248.0,,,,,,,228.0,-13.0,0.0,215.0,-57.0,,,,158.0,0.0,,,158.0,0.0,158.0,0.0,0.0,158.0,158.0,,175.226612,0.9,0.9,0.85,177.097493,0.89,0.89,0.84,
09/30/2005,944.0,790.0,765.0,25.0,0.0,150.0,4.0,,,-528.0,501.0,27.0,,,-246.0,,,,,,,164.0,-13.0,0.0,151.0,-34.0,,,,117.0,0.0,,,117.0,0.0,117.0,0.0,0.0,117.0,117.0,,174.81115,0.67,0.67,0.62,176.806267,0.66,0.66,0.61,
12/31/2005,967.0,803.0,775.0,28.0,0.0,159.0,5.0,,,-442.0,417.0,25.0,,,-251.0,,,,,,,274.0,-13.0,0.0,261.0,-78.0,,,,183.0,0.0,,,183.0,0.0,183.0,0.0,0.0,183.0,183.0,,174.67134,1.04,1.04,0.95,177.045508,1.03,1.03,0.94,
03/31/2006,1607.0,804.0,778.0,26.0,0.0,799.0,4.0,,,-501.0,471.0,30.0,0.0,,-256.0,,,,,,,847.0,-13.0,0.0,834.0,-282.0,,,,552.0,0.0,,,552.0,0.0,552.0,0.0,0.0,552.0,552.0,,174.17809,3.17,3.17,0.75,176.127404,3.13,3.13,0.74,
06/30/2006,981.0,822.0,793.0,29.0,0.0,154.0,5.0,,,-547.0,519.0,28.0,0.0,,-241.0,,,,,,,188.0,-13.0,0.0,175.0,-43.0,,,,132.0,0.0,,,132.0,0.0,132.0,0.0,0.0,132.0,132.0,,173.275927,0.77,0.77,0.73,175.022367,0.76,0.76,0.72,
09/30/2006,967.0,819.0,791.0,28.0,0.0,144.0,4.0,,,-549.0,516.0,33.0,,,-253.0,,,,,,,161.0,-13.0,0.0,148.0,-33.0,,,,115.0,0.0,,,115.0,0.0,115.0,0.0,0.0,115.0,115.0,,173.224254,0.67,0.67,0.67,175.260063,0.66,0.66,0.66,
12/31/2006,995.0,833.0,802.0,31.0,0.0,157.0,5.0,,,-532.0,502.0,30.0,,,-277.0,,,,,,,186.0,-14.0,,172.0,-42.0,,,,130.0,0.0,,,130.0,0.0,130.0,0.0,0.0,130.0,130.0,,173.333333,0.75,0.75,0.7,174.988162,0.75,0.75,0.7,
03/31/2007,1031.0,815.0,785.0,30.0,0.0,210.0,6.0,,,-485.0,458.0,27.0,0.0,,-262.0,,,,,,,284.0,-13.0,0.0,271.0,-77.0,,,,194.0,0.0,,,194.0,0.0,194.0,0.0,0.0,194.0,194.0,,172.648988,1.12,1.12,0.89,174.274157,1.11,1.11,0.88,
06/30/2007,1270.0,822.0,787.0,35.0,0.0,443.0,5.0,,,-490.0,456.0,34.0,0.0,,-259.0,,,,,,,521.0,-13.0,0.0,508.0,-157.0,,,,351.0,0.0,,,351.0,0.0,351.0,0.0,0.0,351.0,351.0,,171.712547,2.04,2.04,0.96,173.423572,2.02,2.02,0.94,
09/30/2007,982.0,811.0,777.0,34.0,0.0,168.0,3.0,,,-562.0,526.0,36.0,0.0,,-247.0,,,,,,,173.0,-13.0,0.0,160.0,-36.0,,,,124.0,0.0,,,124.0,0.0,124.0,0.0,0.0,124.0,124.0,,171.068956,0.72,0.72,0.66,172.399539,0.72,0.72,0.66,
12/31/2007,983.0,809.0,777.0,32.0,0.0,169.0,5.0,,,-430.0,395.0,35.0,0.0,,-286.0,,,,,,,267.0,-13.0,0.0,254.0,-67.0,,,,187.0,0.0,,,187.0,0.0,187.0,0.0,0.0,187.0,187.0,,166.964286,1.12,1.12,1.07,168.163752,1.11,1.11,1.07,
03/31/2008,704.0,780.0,751.0,29.0,0.0,-80.0,4.0,,,-536.0,501.0,35.0,0.0,,-256.0,,,,,,,-88.0,-12.0,0.0,-100.0,58.0,,,,-42.0,0.0,,,-42.0,0.0,-42.0,0.0,0.0,-42.0,-42.0,,165.105311,-0.26,-0.26,0.66,165.105311,-0.26,-0.26,0.66,
06/30/2008,917.0,794.0,761.0,33.0,0.0,119.0,4.0,,,-595.0,557.0,38.0,0.0,,-245.0,,,,,,,77.0,-13.0,0.0,64.0,-1.0,,,,63.0,0.0,,,63.0,0.0,63.0,0.0,0.0,63.0,63.0,,164.530659,0.38,0.38,0.42,165.044463,0.38,0.38,0.42,
09/30/2008,1186.0,781.0,751.0,30.0,0.0,402.0,3.0,,,-563.0,522.0,41.0,0.0,,-253.0,,,,,,,370.0,-14.0,0.0,356.0,-109.0,,,,247.0,0.0,,,247.0,0.0,247.0,0.0,0.0,247.0,247.0,,164.146095,1.51,1.51,0.45,164.242185,1.5,1.5,0.45,
12/31/2008,1018.0,780.0,747.0,33.0,0.0,235.0,3.0,,,-501.0,474.0,27.0,0.0,,-282.0,,,,,,,235.0,-14.0,0.0,221.0,-60.0,,,,161.0,0.0,,,161.0,0.0,161.0,0.0,0.0,161.0,161.0,,162.485576,0.99,0.99,0.57,162.485576,0.99,0.99,0.57,
03/31/2009,890.0,765.0,732.0,33.0,0.0,122.0,3.0,0.0,3.0,-581.0,,39.0,,542.0,-261.0,181.0,181.0,54.0,54.0,26.0,,48.0,-14.0,0.0,34.0,1.0,-2.0,1.0,,35.0,0.0,0.0,0.0,35.0,0.0,35.0,0.0,0.0,35.0,36.3,1.3,162.663625,0.22,0.22,0.22316,162.663625,0.22,0.22,0.22316,
06/30/2009,874.0,770.0,733.0,37.0,0.0,101.0,3.0,0.0,3.0,-658.0,620.0,39.0,,-1.0,-252.0,235.0,235.0,13.0,13.0,4.0,,-36.0,-14.0,0.0,-50.0,31.0,-49.0,18.0,,-19.0,0.0,0.0,0.0,-19.0,0.0,-19.0,0.0,0.0,-19.0,-7.3,11.7,162.556327,-0.12,-0.12,-0.044908,162.556327,-0.12,-0.12,-0.048025,
09/30/2009,1007.0,766.0,733.0,33.0,0.0,237.0,4.0,0.0,4.0,-498.0,459.0,40.0,,-1.0,-251.0,238.0,238.0,9.0,9.0,4.0,,258.0,-14.0,0.0,244.0,-73.0,59.0,14.0,,171.0,0.0,0.0,0.0,171.0,0.0,171.0,0.0,0.0,171.0,246.0,75.0,162.627624,1.05,1.05,1.512658,162.901396,1.05,1.05,1.510401,
12/31/2009,1133.0,752.0,713.0,39.0,0.0,378.0,3.0,0.0,3.0,-505.0,464.0,42.0,,-1.0,-260.0,239.0,239.0,15.0,15.0,6.0,,368.0,-13.0,0.0,355.0,-110.0,73.0,37.0,,245.0,0.0,0.0,0.0,245.0,0.0,245.0,0.0,0.0,245.0,404.0,159.0,162.71084,1.5,1.5,2.482932,163.092882,1.5,1.5,2.474905,
03/31/2010,887.0,746.0,707.0,39.0,0.0,138.0,3.0,0.0,3.0,-516.0,,42.0,,474.0,-272.0,181.0,181.0,67.0,67.0,24.0,,99.0,-14.0,0.0,85.0,-17.0,15.0,2.0,,68.0,0.0,0.0,0.0,68.0,0.0,68.0,0.0,0.0,68.0,72.899314,4.899314,163.310451,0.42,0.42,0.446385,163.310451,0.42,0.42,0.446385,
06/30/2010,878.0,768.0,728.0,40.0,0.0,107.0,3.0,0.0,3.0,-595.0,553.0,43.0,,-1.0,-249.0,230.0,230.0,16.0,16.0,3.0,,34.0,-13.0,0.0,21.0,6.0,10.0,-16.0,,27.0,0.0,0.0,0.0,27.0,0.0,27.0,0.0,0.0,27.0,12.0,-15.0,162.824857,0.17,0.17,0.073699,163.284013,0.17,0.17,0.073699,
09/30/2010,1071.0,784.0,743.0,41.0,0.0,283.0,4.0,0.0,4.0,-575.0,532.0,44.0,,-1.0,-262.0,240.0,240.0,19.0,19.0,3.0,,234.0,-13.0,0.0,221.0,-65.0,59.0,6.0,,156.0,0.0,0.0,0.0,156.0,0.0,156.0,0.0,0.0,156.0,256.0,100.0,162.668815,0.95,0.95,1.57375,163.175682,0.95,0.95,1.562836,
12/31/2010,936.0,783.0,745.0,38.0,0.0,149.0,4.0,1.0,3.0,-494.0,455.0,41.0,,-2.0,-254.0,240.0,240.0,10.0,10.0,4.0,,188.0,-14.0,0.0,174.0,-48.0,10.0,38.0,,126.0,0.0,0.0,0.0,126.0,0.0,126.0,0.0,0.0,126.0,139.0,13.0,162.306657,0.78,0.78,0.856404,163.392133,0.77,0.77,0.849563,
03/31/2011,929.0,782.0,745.0,37.0,0.0,143.0,4.0,2.0,2.0,-575.0,530.0,45.0,,,-266.0,246.0,246.0,16.0,16.0,4.0,,88.0,-13.0,0.0,75.0,-14.0,24.0,-10.0,,61.0,0.0,0.0,0.0,61.0,0.0,61.0,0.0,0.0,61.0,68.0,7.0,162.94,0.38,0.38,0.417332,163.67,0.38,0.38,0.417332,
06/30/2011,975.0,773.0,730.0,43.0,0.0,199.0,3.0,1.0,2.0,-801.0,759.0,44.0,,-2.0,-259.0,239.0,239.0,14.0,14.0,6.0,,-85.0,-14.0,0.0,-99.0,49.0,-50.0,1.0,,-50.0,0.0,0.0,0.0,-50.0,0.0,-50.0,0.0,0.0,-50.0,-6.0,44.0,163.069,-0.31,-0.31,-0.036794,163.069,-0.31,-0.31,-0.040176,
09/30/2011,944.0,812.0,769.0,43.0,0.0,128.0,4.0,1.0,3.0,-656.0,609.0,49.0,,-2.0,-264.0,241.0,241.0,19.0,19.0,4.0,,24.0,-13.0,0.0,11.0,8.0,17.0,-25.0,,19.0,0.0,0.0,0.0,19.0,0.0,19.0,0.0,0.0,19.0,18.0,-1.0,162.53833,0.12,0.12,0.110743,163.085974,0.12,0.12,0.110743,
12/31/2011,955.0,827.0,785.0,42.0,0.0,125.0,3.0,1.0,2.0,-488.0,437.0,51.0,,0.0,-267.0,250.0,250.0,13.0,13.0,4.0,,200.0,-14.0,0.0,186.0,-52.0,36.0,16.0,,134.0,0.0,0.0,0.0,134.0,0.0,134.0,0.0,0.0,134.0,129.0,-5.0,162.679,0.83,0.83,0.792973,162.679,0.83,0.83,0.792973,
03/31/2012,986.0,839.0,798.0,41.0,0.0,144.0,3.0,1.0,2.0,-582.0,539.0,43.0,,0.0,-278.0,251.0,251.0,22.0,22.0,5.0,,126.0,-14.0,0.0,112.0,-26.0,20.0,6.0,,86.0,0.0,0.0,0.0,86.0,0.0,86.0,0.0,0.0,86.0,95.0,9.0,162.277,0.53,0.53,0.585419,163.145,0.53,0.53,0.585166,
06/30/2012,1020.0,877.0,826.0,51.0,0.0,138.0,5.0,2.0,3.0,-687.0,640.0,47.0,,0.0,-291.0,265.0,265.0,22.0,22.0,4.0,,42.0,-13.0,0.0,29.0,3.0,6.0,-9.0,,32.0,0.0,0.0,0.0,32.0,0.0,32.0,0.0,0.0,32.0,36.0,4.0,162.425,0.2,0.2,0.221641,163.514,0.2,0.2,0.221641,
09/30/2012,1035.0,889.0,851.0,38.0,0.0,142.0,4.0,2.0,2.0,-571.0,525.0,46.0,,0.0,-298.0,282.0,282.0,14.0,14.0,2.0,,166.0,-14.0,0.0,152.0,-41.0,34.0,7.0,,111.0,0.0,0.0,0.0,111.0,0.0,111.0,0.0,0.0,111.0,117.0,6.0,162.555,0.69,0.69,0.719756,163.857,0.68,0.68,0.716617,
12/31/2012,1070.0,917.0,869.0,48.0,0.0,149.0,4.0,2.0,2.0,-482.0,433.0,49.0,,0.0,-302.0,278.0,278.0,20.0,20.0,4.0,,286.0,-13.0,0.0,273.0,-81.0,42.0,39.0,,192.0,0.0,0.0,0.0,192.0,0.0,192.0,0.0,0.0,192.0,201.0,9.0,164.16,1.18,1.18,1.224415,164.16,1.17,1.17,1.224415,
03/31/2013,1103.0,931.0,889.0,42.0,0.0,169.0,3.0,1.0,2.0,-568.0,524.0,44.0,,0.0,-300.0,287.0,287.0,13.0,13.0,0.0,-5.0,230.0,-13.0,0.0,217.0,-63.0,54.0,9.0,,154.0,0.0,0.0,0.0,154.0,0.0,154.0,0.0,0.0,154.0,180.0,26.0,163.133,0.95,0.95,1.103394,164.924,0.94,0.94,1.097648,
06/30/2013,1104.0,954.0,910.0,44.0,0.0,145.0,5.0,3.0,2.0,-631.0,583.0,48.0,,0.0,-307.0,295.0,295.0,12.0,12.0,0.0,-4.0,162.0,-14.0,0.0,148.0,-38.0,37.0,1.0,,110.0,0.0,0.0,0.0,110.0,0.0,110.0,0.0,0.0,110.0,120.0,10.0,163.512,0.67,0.67,0.733891,165.442,0.66,0.66,0.720444,
09/30/2013,1152.0,992.0,954.0,38.0,0.0,155.0,5.0,2.0,3.0,-642.0,593.0,49.0,,0.0,-312.0,301.0,301.0,11.0,11.0,0.0,-3.0,195.0,-13.0,0.0,182.0,-51.0,46.0,5.0,0.0,131.0,0.0,0.0,0.0,131.0,0.0,131.0,0.0,0.0,131.0,146.0,15.0,163.71,0.8,0.8,0.891821,165.601,0.79,0.79,0.880579,
12/31/2013,1172.0,1025.0,960.0,65.0,0.0,143.0,4.0,2.0,2.0,-664.0,601.0,63.0,,0.0,-324.0,300.0,300.0,24.0,24.0,0.0,-3.0,181.0,-14.0,0.0,167.0,-45.0,41.0,4.0,,122.0,0.0,0.0,0.0,122.0,0.0,122.0,0.0,0.0,122.0,125.0,3.0,163.645,0.75,0.75,0.763849,165.7,0.74,0.74,0.758105,
03/31/2014,1189.0,1027.0,979.0,48.0,0.0,157.0,5.0,3.0,2.0,-732.0,676.0,56.0,,0.0,-320.0,305.0,305.0,15.0,15.0,0.0,-4.0,133.0,-14.0,0.0,119.0,-28.0,20.0,8.0,,91.0,0.0,0.0,0.0,91.0,0.0,91.0,0.0,0.0,91.0,105.0,14.0,163.4,0.56,0.56,0.642595,165.0,0.55,0.55,0.634848,
06/30/2014,1214.0,1059.0,1006.0,53.0,0.0,150.0,5.0,3.0,2.0,-763.0,707.0,56.0,,0.0,-328.0,308.0,308.0,19.0,19.0,1.0,-3.0,120.0,-13.0,0.0,107.0,-23.0,18.0,5.0,,84.0,0.0,0.0,0.0,84.0,0.0,84.0,0.0,0.0,84.0,93.0,9.0,163.5,0.51,0.51,0.568807,165.1,0.51,0.51,0.564512,
09/30/2014,1280.0,1071.0,1025.0,46.0,0.0,203.0,6.0,3.0,3.0,-686.0,622.0,64.0,,0.0,-319.0,311.0,311.0,8.0,8.0,0.0,-3.0,272.0,-13.0,0.0,259.0,-76.0,68.0,8.0,,183.0,0.0,0.0,0.0,183.0,0.0,183.0,0.0,0.0,183.0,226.0,43.0,163.5,1.12,1.12,1.382263,165.0,1.11,1.11,0.85,
12/31/2014,1262.0,1086.0,1035.0,51.0,0.0,172.0,4.0,3.0,1.0,-675.0,622.0,53.0,,,-334.0,313.0,313.0,21.0,21.0,0.0,-4.0,249.0,-13.0,0.0,236.0,-69.0,53.0,16.0,0.0,167.0,0.0,0.0,0.0,167.0,0.0,167.0,0.0,0.0,167.0,186.0,19.0,162.135922,1.03,1.03,1.147186,165.3,1.02,1.02,0.89,
03/31/2015,1285.0,1094.0,1041.0,53.0,0.0,186.0,5.0,3.0,2.0,-749.0,689.0,60.0,,0.0,-345.0,327.0,327.0,18.0,18.0,0.0,-4.0,187.0,-13.0,0.0,174.0,-46.0,46.0,0.0,,128.0,0.0,0.0,0.0,128.0,0.0,128.0,0.0,0.0,128.0,159.0,31.0,164.0,0.78,0.78,0.969512,165.6,0.77,0.77,0.957198,
06/30/2015,1316.0,1111.0,1059.0,52.0,0.0,200.0,5.0,3.0,2.0,-712.0,654.0,58.0,,0.0,-340.0,324.0,324.0,16.0,16.0,0.0,-3.0,261.0,-13.0,0.0,248.0,-72.0,70.0,2.0,,176.0,0.0,0.0,0.0,176.0,0.0,176.0,0.0,0.0,176.0,214.0,38.0,164.1,1.07,1.07,1.304083,165.5,1.06,1.06,1.289607,
09/30/2015,1278.0,1127.0,1076.0,51.0,0.0,146.0,5.0,4.0,1.0,-670.0,613.0,57.0,,0.0,-348.0,332.0,332.0,16.0,16.0,0.0,-3.0,257.0,-14.0,0.0,243.0,-69.0,64.0,5.0,,174.0,0.0,0.0,0.0,174.0,0.0,174.0,0.0,0.0,174.0,176.0,2.0,164.0,1.06,1.06,1.073171,165.5,1.05,1.05,1.062085,
12/31/2015,1263.0,1148.0,1095.0,53.0,0.0,110.0,5.0,3.0,2.0,-677.0,616.0,61.0,,0.0,-354.0,338.0,338.0,16.0,16.0,0.0,-3.0,229.0,-13.0,0.0,216.0,-60.0,51.0,9.0,,156.0,0.0,0.0,0.0,156.0,0.0,156.0,0.0,0.0,156.0,130.0,-26.0,164.210526,0.95,0.95,0.791667,165.7,0.94,0.94,0.791667,
03/31/2016,1364.0,1154.0,1096.0,58.0,0.0,206.0,4.0,3.0,1.0,-724.0,661.0,63.0,,,-360.0,341.0,341.0,19.0,19.0,0.0,-2.0,278.0,-13.0,0.0,265.0,-77.0,65.0,12.0,,188.0,0.0,0.0,0.0,188.0,0.0,188.0,0.0,0.0,188.0,228.0,40.0,164.2,1.14,1.14,1.388551,166.0,1.13,1.13,1.370964,
06/30/2016,1371.0,1173.0,1114.0,59.0,0.0,193.0,5.0,3.0,2.0,-821.0,759.0,62.0,,,-366.0,347.0,347.0,19.0,19.0,0.0,-5.0,179.0,-13.0,0.0,166.0,-43.0,48.0,-5.0,,123.0,0.0,0.0,0.0,123.0,0.0,123.0,0.0,0.0,123.0,151.0,28.0,164.5,0.75,0.75,0.917933,166.5,0.74,0.74,0.908168,
09/30/2016,1402.0,1191.0,1133.0,58.0,0.0,204.0,7.0,5.0,2.0,-753.0,690.0,63.0,,0.0,-380.0,356.0,356.0,24.0,24.0,0.0,-3.0,266.0,-13.0,0.0,253.0,-73.0,60.0,13.0,,180.0,0.0,0.0,0.0,180.0,0.0,180.0,0.0,0.0,180.0,143.0,-37.0,164.6,1.09,1.09,0.868773,166.8,1.08,1.08,0.858177,
12/31/2016,1312.0,1192.0,1139.0,53.0,0.0,116.0,4.0,4.0,0.0,-809.0,751.0,58.0,,0.0,-359.0,345.0,345.0,14.0,14.0,0.0,-2.0,142.0,-14.0,0.0,128.0,-28.0,10.0,18.0,,100.0,0.0,0.0,0.0,100.0,0.0,100.0,0.0,0.0,100.0,75.0,-25.0,163.9,0.61,0.61,0.457596,166.5,0.6,0.6,0.457596,
03/31/2017,1523.0,1208.0,1151.0,57.0,0.0,309.0,6.0,5.0,1.0,-853.0,788.0,65.0,,0.0,-377.0,360.0,360.0,17.0,17.0,0.0,-4.0,289.0,-13.0,0.0,276.0,-75.0,40.0,35.0,,201.0,0.0,0.0,0.0,201.0,0.0,201.0,0.0,0.0,201.0,304.0,103.0,166.5,1.22,1.22,1.825826,166.5,1.21,1.21,1.825826,
06/30/2017,1386.0,1241.0,1181.0,60.0,0.0,140.0,5.0,4.0,1.0,-854.0,794.0,60.0,,0.0,-387.0,367.0,367.0,20.0,20.0,0.0,-4.0,141.0,-13.0,0.0,128.0,-28.0,31.0,-3.0,,100.0,0.0,0.0,0.0,100.0,0.0,100.0,0.0,0.0,100.0,107.0,7.0,164.3,0.61,0.61,0.651248,166.0,0.6,0.6,0.642169,
09/30/2017,1412.0,1247.0,1191.0,56.0,0.0,160.0,5.0,3.0,2.0,-874.0,815.0,59.0,,0.0,-393.0,367.0,367.0,26.0,26.0,0.0,-3.0,142.0,-13.0,0.0,129.0,-27.0,27.0,0.0,,102.0,0.0,0.0,0.0,102.0,0.0,102.0,0.0,0.0,102.0,97.0,-5.0,164.0,0.62,0.62,0.591463,165.9,0.61,0.61,0.579861,
12/31/2017,1411.0,1258.0,1199.0,59.0,0.0,148.0,5.0,4.0,1.0,-809.0,741.0,68.0,,0.0,-389.0,373.0,373.0,16.0,16.0,0.0,-2.0,211.0,-14.0,0.0,197.0,445.0,31.0,-476.0,,642.0,0.0,0.0,0.0,642.0,0.0,642.0,0.0,0.0,642.0,153.0,-489.0,163.9,3.917023,3.917023,0.933496,165.7,3.874472,3.874472,0.923355,
03/31/2018,1224.0,1260.0,1200.0,60.0,0.0,-41.0,5.0,4.0,1.0,-854.0,791.0,63.0,,0.0,-403.0,383.0,383.0,20.0,20.0,0.0,-4.0,-37.0,-13.0,0.0,-50.0,19.0,28.0,-47.0,,-31.0,0.0,0.0,0.0,-31.0,0.0,-31.0,0.0,0.0,-31.0,120.0,151.0,164.0,-0.19,-0.19,0.731707,164.0,-0.19,-0.19,0.730732,
06/30/2018,1558.0,1294.0,1230.0,64.0,0.0,259.0,5.0,4.0,1.0,-883.0,821.0,62.0,,0.0,-395.0,376.0,376.0,19.0,19.0,0.0,-3.0,277.0,-13.0,0.0,264.0,-47.0,33.0,14.0,,217.0,0.0,0.0,0.0,217.0,0.0,217.0,0.0,0.0,217.0,301.0,84.0,163.2,1.33,1.33,1.844363,164.5,1.32,1.32,1.830638,
09/30/2018,1915.0,1298.0,1237.0,61.0,0.0,612.0,5.0,3.0,2.0,-879.0,813.0,66.0,,0.0,-401.0,384.0,384.0,17.0,17.0,0.0,-3.0,632.0,-14.0,0.0,618.0,-65.0,-98.0,163.0,,553.0,0.0,0.0,0.0,553.0,0.0,553.0,0.0,0.0,553.0,137.0,-416.0,162.7,3.4,3.4,0.842041,164.0,3.38,3.38,0.842041,
12/31/2018,710.0,1318.0,1253.0,65.0,0.0,-613.0,5.0,4.0,1.0,-874.0,798.0,76.0,,0.0,-398.0,379.0,379.0,19.0,19.0,0.0,-6.0,-568.0,-13.0,0.0,-581.0,129.0,48.0,-177.0,,-452.0,0.0,0.0,0.0,-452.0,0.0,-452.0,0.0,0.0,-452.0,159.0,611.0,162.589928,-2.78,-2.78,0.97792,162.8,-2.78,-2.78,0.973071,
03/31/2019,2159.0,1333.0,1267.0,66.0,0.0,820.0,6.0,4.0,2.0,-860.0,790.0,70.0,,0.0,-411.0,389.0,389.0,22.0,22.0,0.0,-8.0,880.0,-13.0,0.0,867.0,-172.0,28.0,144.0,,695.0,0.0,0.0,0.0,695.0,0.0,695.0,0.0,0.0,695.0,172.0,-523.0,163.0,4.27,4.27,1.055215,164.6,4.22,4.22,1.0426,
06/30/2019,1913.0,1384.0,1317.0,67.0,0.0,524.0,5.0,3.0,2.0,-936.0,863.0,73.0,,0.0,-430.0,408.0,408.0,22.0,22.0,0.0,-4.0,543.0,-13.0,0.0,530.0,-102.0,28.0,74.0,,428.0,0.0,0.0,0.0,428.0,0.0,428.0,0.0,0.0,428.0,140.0,-288.0,163.3,2.62,2.62,0.857318,165.2,2.59,2.59,0.846659,
09/30/2019,1700.0,1446.0,1376.0,70.0,0.0,247.0,7.0,4.0,3.0,-932.0,864.0,68.0,,0.0,-455.0,432.0,432.0,23.0,23.0,0.0,-5.0,308.0,-14.0,0.0,294.0,-46.0,28.0,18.0,,248.0,0.0,0.0,0.0,248.0,0.0,248.0,0.0,0.0,248.0,179.0,-69.0,163.3,1.51,1.51,1.096142,165.6,1.49,1.49,1.073333,
12/31/2019,2152.0,1441.0,1374.0,67.0,0.0,705.0,6.0,4.0,2.0,-910.0,835.0,75.0,,0.0,-442.0,423.0,423.0,19.0,19.0,0.0,-6.0,794.0,-13.0,0.0,781.0,-155.0,48.0,107.0,,626.0,0.0,0.0,0.0,626.0,0.0,626.0,0.0,0.0,626.0,203.0,-423.0,163.020833,3.84,3.84,1.24524,165.3,3.79,3.79,1.231016,
03/31/2020,-99.0,1456.0,1389.0,67.0,0.0,-1560.0,5.0,3.0,2.0,-1003.0,930.0,73.0,,0.0,-456.0,438.0,438.0,18.0,18.0,0.0,-5.0,-1563.0,-13.0,0.0,-1576.0,350.0,3.0,-353.0,,-1226.0,0.0,0.0,0.0,-1226.0,0.0,-1226.0,0.0,0.0,-1226.0,137.0,1363.0,162.2,-7.56,-7.56,0.844636,162.2,-7.56,-7.56,0.843206,
06/30/2020,2714.0,1482.0,1403.0,79.0,0.0,1226.0,6.0,3.0,3.0,-1086.0,1007.0,79.0,,0.0,-464.0,439.0,439.0,25.0,25.0,0.0,-5.0,1159.0,-14.0,0.0,1145.0,-236.0,23.0,213.0,,909.0,0.0,0.0,0.0,909.0,0.0,909.0,0.0,0.0,909.0,71.0,-838.0,160.8,5.65,5.65,0.441542,161.5,5.63,5.63,0.441146,
09/30/2020,1659.25,,,,,,,,,,,,,,,,,,,,,,,,168.0,,,,,138.5,,,,,,138.5,,,138.5,130.7,,,0.805,0.805,0.805,,0.805,0.805,0.805,
12/31/2020,1667.5,,,,,,,,,,,,,,,,,,,,,,,,225.75,,,,,185.667,,,,,,185.667,,,185.667,182.4,,,1.145,1.145,1.145,,1.145,1.145,1.145,
