Date,Revenue,Sales & Services Revenue,Cost of Revenue,Cost of Goods & Services,Gross Profit,Other Operating Income,Operating Expenses,"Selling, General & Admin",Selling & Marketing,Other Operating Expense,Operating Income (Loss),Non-Operating (Income) Loss,"Interest Expense, Net",Interest Expense,Interest Income,Foreign Exch (Gain) Loss,Other Non-Op (Income) Loss,Pretax Income,Income Tax Expense (Benefit),Income (Loss) from Cont Ops,Net Extraordinary Losses (Gains),Discontinued Operations,XO & Accounting Changes,Income (Loss) Incl. MI,Minority Interest,"Net Income, GAAP",Preferred Dividends,Other Adjustments,"Net Income Avail to Common, GAAP","Net Income Avail to Common, Adj",Net Abnormal Losses (Gains),Basic Weighted Avg Shares,"Basic EPS, GAAP",Basic EPS from Cont Ops,"Basic EPS from Cont Ops, Adjusted",Diluted Weighted Avg Shares,"Diluted EPS, GAAP",Diluted EPS from Cont Ops,"Diluted EPS from Cont Ops, Adjusted",Source: Bloomberg
03/31/1990,1301.167969,,-695.916992,,605.250977,,-468.445007,,,,136.806,-3.627001,,21.134001,,0.0,-17.507,133.178999,-51.939999,81.238998,0.0,,,81.239,0.0,81.238998,-4.905,0.0,76.333998,76.333998,,1055.680048,0.0725,0.0725,0.0725,1055.680048,0.0725,0.0725,0.0725,
06/30/1990,1452.849976,,-799.807983,,653.041993,,-500.579987,,,,152.462006,-16.168999,,25.063999,,0.0,-8.895,136.293007,-54.381001,81.912003,0.0,,,81.912006,0.0,81.912003,-4.91,0.0,77.002003,77.002003,,1055.839968,0.0725,0.0725,0.0725,1055.839968,0.0725,0.0725,0.0725,
09/30/1990,1457.879028,,-805.356018,,652.52301,,-507.184998,,,,145.337997,-13.044001,,24.502001,,0.0,-11.458,132.293996,-47.858002,84.435997,0.0,,,84.435994,0.0,84.435997,-4.905,0.0,79.530997,79.530997,,1059.199952,0.075,0.075,0.075,1059.199952,0.075,0.075,0.075,
12/31/1990,1479.402954,,-819.919006,,659.483948,,-539.390015,,,,120.094002,-10.459999,,23.799999,,0.0,-13.34,109.634003,-36.221001,73.413002,0.0,,,73.413002,0.0,73.413002,-4.88,0.0,68.533002,68.533002,,1062.848016,0.064375,0.064375,0.064375,1062.848016,0.064375,0.064375,0.064375,
03/31/1991,1461.800049,,-788.0,,673.800049,,-513.099976,,,,160.699997,-13.7,,22.9,,0.0,-9.2,146.999997,-55.700001,91.300003,0.0,,,91.299996,0.0,91.300003,-4.9,0.0,86.400003,86.400003,,1066.400032,0.08125,0.08125,0.08125,1066.400032,0.08125,0.08125,0.08125,
06/30/1991,1516.400024,,-826.400024,,690.0,,-526.900024,,,,163.100006,-17.4,,25.4,,0.0,-8.0,145.700006,-52.400002,93.300003,0.0,,,93.300004,0.0,93.300003,-5.5,0.0,87.800003,87.800003,,1068.0,0.0825,0.0825,0.0825,1068.0,0.0825,0.0825,0.0825,
09/30/1991,1506.400024,,-817.099976,,689.300048,,-529.200012,,,,160.100006,-17.5,,26.0,,0.0,-8.5,142.600006,50.799999,-146.600006,0.0,,,193.400005,0.0,-146.600006,-5.2,0.0,-151.800006,-151.800006,,1073.599976,-0.14125,-0.14125,-0.14125,1073.599976,-0.14125,-0.14125,-0.14125,
12/31/1991,1575.699951,,-864.799988,,710.899963,,-573.200012,,,,137.699997,-15.099999,,23.799999,,0.0,-8.7,122.599998,-35.700001,86.900002,0.0,,,86.899997,0.0,86.900002,-5.2,0.0,81.700002,81.700002,,1120.92004,0.0725,0.0725,0.0725,1120.92004,0.0725,0.0725,0.0725,
03/31/1992,1600.5,,-845.400024,,755.099976,,-563.200012,,,,191.899994,-15.5,,22.1,,0.0,-6.6,176.399994,-62.599998,113.800003,0.0,,,113.799996,0.0,113.800003,-4.9,0.0,108.900003,108.900003,,1312.800048,0.0825,0.0825,0.0825,1312.800048,0.0825,0.0825,0.0825,
06/30/1992,1799.599976,,-951.599976,,848.0,,-643.5,,,,204.5,-13.000001,,20.700001,,0.0,-7.7,191.499999,-67.099998,124.400002,0.0,,,124.400001,0.0,124.400002,-5.5,0.0,118.900002,118.900002,,1395.199952,0.085,0.085,0.085,1395.199952,0.085,0.085,0.085,
09/30/1992,1835.800049,,-971.0,,864.800049,,-661.0,,,,203.800003,-11.3,,18.0,,0.0,-6.7,192.500003,-63.700001,128.800003,0.0,,,128.800002,0.0,128.800003,-5.1,0.0,123.700003,123.700003,,1276.0,0.0975,0.0975,0.0975,1276.0,0.0975,0.0975,0.0975,
12/31/1992,1771.300049,,-940.400024,,830.900025,,-632.5,,,,198.399994,-30.899999,,17.299999,,0.0,13.6,167.499995,-57.5,110.0,0.0,,,109.999995,0.0,110.0,-5.2,0.0,104.8,104.8,,1279.628048,0.0825,0.0825,0.0825,1279.628048,0.0825,0.0825,0.0825,
03/31/1993,1702.699951,,-887.900024,,814.799927,,-585.299988,,,,229.5,-11.200001,,17.200001,,0.0,-6.0,218.299999,-77.5,140.800003,358.200012,,,-217.400013,0.0,-217.399994,-5.2,0.0,-222.599994,-222.599994,,1283.04004,-0.17375,0.10625,0.10625,1283.04004,-0.17375,0.10625,0.10625,
06/30/1993,1775.099976,,-923.900024,,851.199952,,-622.5,,,,228.699997,-10.3,,15.7,,0.0,-5.4,218.399997,-76.0,142.399994,0.0,,,142.399997,0.0,142.399994,-5.2,,137.199994,137.199994,,1271.560056,0.1075,0.1075,0.1075,1271.560056,0.1075,0.1075,0.1075,
09/30/1993,1823.099976,,-953.0,,870.099976,,-643.799988,,,,226.300003,-12.599999,,16.299999,,0.0,-3.7,213.700004,-70.900002,142.800003,0.0,,,142.800002,0.0,142.800003,-5.2,,137.600003,137.600003,,1232.719968,0.11125,0.11125,0.11125,1232.719968,0.11125,0.11125,0.11125,
12/31/1993,1840.400024,,-965.099976,,875.300048,,-605.5,,,,269.799988,-84.0,,20.299999,,0.0,63.700001,185.799988,-63.700001,122.099998,0.0,,,122.099987,0.0,122.099998,-16.4,,105.699998,105.699998,,1204.104,0.0975,0.0975,0.0975,1204.104,0.0975,0.0975,0.0975,
03/31/1994,1770.0,,-907.900024,,862.099976,,-611.299988,,,,250.800003,-20.6,,27.0,,0.0,-6.4,230.200003,-80.599998,149.600006,0.0,,,149.600005,0.0,149.600006,-0.4,0.0,149.200006,149.200006,,1182.199952,0.12625,0.12625,0.12625,1182.199952,0.12625,0.12625,0.12625,
06/30/1994,1891.099976,,-988.400024,,902.699951,,-671.099976,,,,231.600006,-15.800001,,27.700001,,0.0,-11.9,215.800005,-73.300003,142.5,0.0,,,142.500002,0.0,142.5,,,142.5,142.5,,1174.128052,0.11625,0.11625,,1174.128052,0.11625,0.11625,0.11625,
09/30/1994,1930.699951,,-978.900024,,951.799927,,-696.099976,,,,255.699997,-26.399999,,33.099998,,0.0,-6.7,229.299998,-78.300003,151.0,0.0,,,150.999995,0.0,151.0,,,151.0,151.0,,1164.624023,0.125,0.125,,1164.624023,0.125,0.125,0.125,
12/31/1994,1996.099976,,-1038.099976,,958.0,,-646.700012,,,,311.299988,-106.699996,,33.099998,,0.0,73.599998,204.599992,-67.5,137.100006,0.0,,,137.099992,0.0,137.100006,-21.200001,,115.900005,115.900005,,1158.624024,0.11375,0.11375,0.11375,1158.624024,0.11375,0.11375,0.11375,
03/31/1995,1980.300049,,-1010.5,,969.800049,,-685.200012,,,,284.600006,-43.799999,,43.799999,,0.0,0.0,0.0,-84.300003,156.5,0.0,,,-84.300003,0.0,156.5,,,156.5,156.5,,1156.416016,0.13125,0.13125,,1156.416016,0.13125,0.13125,0.13125,
06/30/1995,2090.699951,,-1110.599976,,980.099976,,-714.5,,,,265.600006,-48.7,,57.5,,0.0,-8.8,216.900006,-73.699997,143.199997,0.0,,,143.200009,0.0,143.199997,-5.4,,137.799997,137.799997,,1160.800049,0.11875,0.11875,,1160.800049,0.11875,0.11875,0.11875,
09/30/1995,2134.399902,,-1109.699951,,1024.699951,,-785.799988,,,,238.899994,-513.799999,,61.799999,,0.0,452.0,-274.900005,24.700001,119.0,0.0,,,-250.200004,0.0,-250.199997,-5.4,,-255.599997,-255.599997,,1163.640016,-0.22,-0.22,,1163.640016,-0.22,-0.22,0.0925,
12/31/1995,2152.800049,,-1122.300049,,1030.5,,-1154.599976,,,,-124.099998,304.80001,,72.900002,,0.0,-377.700012,180.700012,-58.200001,122.5,0.0,,,122.500011,0.0,122.5,-5.4,,117.1,117.1,,1165.871952,0.1,0.1,0.1,1165.871952,0.1,0.1,0.1,
03/31/1996,2053.699951,,-1050.400024,,1003.299927,,-733.799988,,,,269.5,-47.100002,,56.400002,,0.0,-9.3,222.399998,-78.900002,143.5,0.0,,,143.499996,0.0,143.5,-5.4,,138.1,138.1,,1168.400024,0.1175,0.1175,0.1175,1284.936032,0.11,0.11,0.11,
06/30/1996,2167.300049,,-1106.300049,,1061.0,,-780.5,,,,280.5,-53.099999,,58.299999,,0.0,-5.2,227.400001,-78.5,148.899994,0.0,,,148.900001,0.0,148.899994,-5.3,,143.599994,143.599994,,1172.400024,0.1225,0.1225,0.1225,1284.936035,0.115,0.115,0.115,
09/30/1996,2230.600098,,-1135.800049,,1094.800049,,-799.099976,,,,295.700012,-50.4,,59.799999,,0.0,-9.4,245.300013,-84.400002,160.899994,0.0,,,160.900011,0.0,160.899994,-5.3,,155.599994,155.599994,,1174.400024,0.1325,0.1325,0.1325,1287.199951,0.125,0.125,0.125,
12/31/1996,2297.399902,,-1158.599976,,1138.799926,0.0,-738.700012,832.5,,-93.799988,400.100006,-140.600003,46.8,57.200001,,0.0,93.800003,259.500003,-77.800003,181.699997,0.0,,,181.7,0.0,181.699997,-5.4,,176.299997,176.299997,,1176.800048,0.15,0.15,0.15,1292.400024,0.14,0.14,0.14,
03/31/1997,2147.1,,-1066.5,,1080.6,0.0,-774.1,774.1,,0.0,306.5,-45.7,45.7,57.6,-11.9,,0.0,260.8,-91.2,169.6,,,,169.6,,169.6,,0.0,169.6,169.6,,2356.8,0.07,0.07,0.07,2356.8,0.065,0.065,0.065,
06/30/1997,2300.9,,-1132.8,,1168.1,,-854.6,,,,313.5,-47.0,47.0,58.7,-11.7,,0.0,266.5,-90.7,175.8,,,,175.8,,175.8,-5.2,0.0,170.6,170.6,,1181.2,0.145,0.145,0.145,1300.4,0.135,0.135,0.135,
09/30/1997,2297.199951,,-1130.5,,1166.699951,,-832.599976,,,,334.099976,-46.600002,46.600002,59.900002,-13.3,0.0,0.0,287.499974,-98.900002,188.599976,0.0,,,188.599972,,188.599976,-5.2,,183.399976,183.399976,,1183.599976,0.155,0.155,0.155,1304.400024,0.145,0.145,0.145,
12/31/1997,2311.5,,-1131.699951,,1179.800049,0.0,-862.200012,848.1,,14.100012,317.600006,-30.100003,44.2,65.400002,,0.0,-14.099997,287.500003,-81.099998,206.399994,0.0,,,206.400005,,206.399994,-5.3,0.0,201.099994,201.099994,,1182.800048,0.17,0.17,0.17,1302.400024,0.1575,0.1575,0.1575,
03/31/1998,2159.5,,-1036.0,,1123.5,,-781.1,,,,342.4,-43.2,43.2,50.3,-7.1,0.0,0.0,299.2,-103.2,196.0,0.0,,,196.0,,196.0,-5.3,0.0,190.7,190.7,,1182.4,0.1625,0.1625,0.1625,1302.8,0.15,0.15,0.15,
06/30/1998,2256.5,,-1083.9,,1172.6,,-824.7,,,,347.9,-44.1,44.1,51.0,-6.9,0.0,0.0,303.8,-100.3,203.5,0.0,,,203.5,,203.5,-5.2,,198.3,198.3,,1184.0,0.1675,0.1675,0.1675,1303.2,0.155,0.155,0.155,
09/30/1998,2265.399902,,-1072.800049,,1192.599853,,-825.099976,,,,367.5,-46.7,46.7,52.5,-5.8,0.0,0.0,320.8,-105.900002,214.899994,0.0,,,214.899998,,214.899994,-5.2,,209.699994,209.699994,,1181.199952,0.1775,0.1775,0.1775,1296.800048,0.165,0.165,0.165,
12/31/1998,2290.199951,,-1097.599976,,1192.599976,,-827.400024,,,,365.200012,-38.9,,63.0,,0.0,-24.1,326.300013,-92.099998,234.199997,0.0,,,234.200014,,234.199997,-5.2,,228.999997,228.999997,,1172.400024,0.195,0.195,0.195,1287.199951,0.1825,0.1825,0.1825,
03/31/1999,2175.3,,-1009.4,,1165.9,,-801.0,,,,364.9,-45.9,45.9,54.0,-8.1,0.0,0.0,319.0,-110.1,208.9,0.0,,,208.9,,208.9,-5.2,,203.7,203.7,,1168.4,0.175,0.175,0.175,1282.8,0.1625,0.1625,0.1625,
06/30/1999,2285.0,,-1063.7,,1221.3,,-831.5,,,,389.8,-44.2,44.2,54.5,-10.3,0.0,0.0,345.6,-117.5,228.0977,0.0,,,228.1,,228.1,-5.1,,223.0,223.0,,1168.2,0.19,0.19,0.19,1280.8,0.18,0.179997,0.18,
09/30/1999,2314.0,,-1060.4,,1253.6,,-852.0,,,,401.6,-43.8,43.8,54.3,-10.5,0.0,0.0,357.8,-118.1,239.7,0.0,,,239.7,,239.7,-5.3,,234.4,234.4,,1165.6,0.2,0.2,0.2,1277.0,0.19,0.19,0.19,
12/31/1999,2343.9,,-1090.5,,1253.4,,-769.9,,,,483.5,-80.9,49.5,61.2,-11.7,0.0,31.4,402.6,-111.6,291.0,0.0,,,291.0,,260.6,-5.4,,255.2,255.2,,1163.6,0.22,0.22,0.22,1274.4,0.205,0.205,0.205,
03/31/2000,2241.8,,-1020.6,,1221.2,,-816.7,,,,404.5,-41.1,41.1,49.1,-8.0,0.0,0.0,363.4,-123.5,239.9,0.0,,,239.9,,239.9,-5.3,0.0,234.6,234.6,,1156.4,0.205,0.205,0.205,1264.4,0.19,0.19,0.19,
06/30/2000,2336.7,,-1065.8,,1270.9,,-832.8,,,,438.1,-44.2,44.2,51.2,-7.0,0.0,0.0,393.9,-132.0,261.9,0.0,,,261.9,,261.9,-5.1,0.0,256.8,256.8,,1152.6,0.225,0.225,0.225,1258.6,0.21,0.21,0.21,
09/30/2000,2366.5,,-1073.0,,1293.5,,-851.9,,,,441.6,-48.3,48.3,54.8,-6.5,0.0,0.0,393.3,-118.0,275.3,0.0,,,275.3,,275.3,-5.2,,270.1,270.1,,1147.2,0.235,0.235,0.235,1249.8,0.22,0.22,0.22,
12/31/2000,2412.9,,-1106.1,,1306.8,,-798.2,,,,508.6,-92.0,43.5,48.4,-4.9,0.0,48.5,416.6,-129.9,286.7,0.0,,,286.7,,286.7,-5.1,0.0,281.6,281.6,,1143.0,0.245,0.245,0.245,1246.4,0.23,0.23,0.23,
03/31/2001,2292.6,,-1032.8,,1259.8,,-818.3,,,,441.5,-43.6,43.6,47.4,-3.8,0.0,0.0,397.9,-130.0,267.9,0.0,,,267.9,0.0,267.9,-5.1,0.0,262.8,262.8,,1129.2,0.235,0.235,0.235,1231.0,0.22,0.22,0.22,
06/30/2001,2238.7,,-1050.5,,1188.2,,-718.6,,,,469.6,-42.9,42.9,45.9,-3.0,0.0,0.0,426.7,-139.5,287.2,0.0,,,287.2,0.0,287.2,-5.0,0.0,282.2,282.2,,1121.2,0.25,0.25,0.25,1221.4,0.235,0.235,0.235,
09/30/2001,2304.9,,-1072.5,,1232.4,,-757.0,,,,475.4,-43.5,43.5,46.2,-2.7,0.0,0.0,431.9,-135.7,296.2,0.0,,,296.2,0.0,296.2,-5.8,0.0,290.4,290.4,,1109.0,0.26,0.26,0.26,1207.6,0.245,0.245,0.245,
12/31/2001,2414.4,,-1081.1,,1333.3,,-790.5,,,,542.8,-130.6,24.2,26.6,-2.4,0.0,106.4,412.2,-116.9,295.3,0.0,,,295.3,,295.3,-5.8,0.0,289.5,289.5,,1103.2,0.265,0.265,0.28,1201.6,0.245,0.245,0.26,
03/31/2002,2195.2,,-992.4,,1202.8,,-742.1,,,,460.7,-34.9,34.9,36.9,-2.0,0.0,0.0,425.8,-136.1,289.7,0.0,,,289.7,0.0,289.7,-5.7,0.0,284.0,284.0,,1098.4,0.26,0.26,0.26,1194.4,0.245,0.245,0.245,
06/30/2002,2297.0,,-1053.0,,1244.0,,-726.2,,,,517.8,-37.1,37.1,39.1,-2.0,0.0,0.0,480.7,-153.7,327.0,0.0,,,327.0,0.0,327.0,-5.4,0.0,321.6,321.6,,1090.0,0.295,0.295,0.295,1183.6,0.275,0.275,0.275,
09/30/2002,2381.7,,-1079.1,,1302.6,,-788.5,,,,514.1,-38.7,36.7,38.7,-2.0,0.0,2.0,475.4,-144.7,330.7,0.0,,,330.7,0.0,330.7,-5.5,0.0,325.2,325.2,,1078.8,0.3,0.3,0.3,1170.0,0.285,0.285,0.285,
12/31/2002,2420.4,,-1099.7,,1320.7,,-800.2,,,,520.5,2.0,,,-2.0,0.0,0.0,522.5,-147.5,340.9,0.0,,,375.0,,340.9,-5.3,0.0,335.6,335.6,,1075.0,0.31,0.31,0.31,1165.2,0.295,0.295,0.295,
03/31/2003,2348.4,,-1050.2,,1298.2,,-787.7,,,,510.5,-34.0,0.0,34.0,-34.0,0.0,34.0,476.5,-152.5,324.0,0.0,,,324.0,0.0,324.0,-6.9,0.0,317.1,317.1,,1074.2,0.295,0.295,0.295,1159.4,0.28,0.28,0.28,
06/30/2003,2458.6,,-1105.8,,1352.8,,-795.3,,,,557.5,-31.3,31.3,31.3,,0.0,0.0,526.2,-166.4,359.8,0.0,,,359.8,0.0,359.8,-5.3,0.0,354.5,354.5,,1076.0,0.33,0.33,0.33,1161.2,0.31,0.31,0.31,
09/30/2003,2523.8,,-1136.5,,1387.3,,-852.0,,,,535.3,-30.4,30.4,30.4,,0.0,0.0,504.9,-139.5,365.4,0.0,,,365.4,0.0,365.4,-6.8,0.0,358.6,358.6,,1075.8,0.335,0.335,0.335,1158.2,0.315,0.315,0.315,
12/31/2003,2572.6,,-1163.6,,1409.0,,-846.3,,,,562.7,-28.4,28.4,28.4,,0.0,0.0,534.3,-162.2,372.1,0.0,,,372.1,0.0,372.1,,0.0,372.1,372.1,,1071.2,0.34,0.34,0.34,1152.2,0.325,0.325,0.325,
03/31/2004,2513.5,,-1113.9,,1399.6,,-868.3,,,,531.3,-28.3,0.0,28.3,-28.3,0.0,28.3,503.0,-164.5,338.5,0.0,,,338.5,0.0,338.5,-6.6,0.0,331.9,331.9,,1065.8,0.31,0.31,0.31,1145.0,0.295,0.295,0.295,
06/30/2004,2571.7,,-1148.1,,1423.6,,-838.8,,,,584.8,-29.3,29.3,29.3,-29.3,0.0,29.3,555.5,-181.6,373.9,0.0,,,373.9,0.0,373.9,-6.4,0.0,367.5,367.5,,1062.8,0.345,0.345,0.345,1141.2,0.33,0.33,0.33,
09/30/2004,2695.7,,-1219.0,,1476.7,,-939.0,,,,537.7,-30.1,30.1,30.1,-30.1,0.0,30.1,507.6,-178.6,329.0,0.0,,,329.0,0.0,329.0,-6.3,0.0,322.7,322.7,,1061.6,0.305,0.305,0.305,1137.6,0.29,0.29,0.29,
12/31/2004,2803.3,,-1262.8,,1540.5,,-992.8,,,,547.7,-63.5,,38.3,,0.0,25.2,484.2,-150.6,333.6,0.0,,,333.6,-47.9,285.7,-6.6,0.0,279.1,279.1,,1057.0,0.265,0.265,0.31,1131.8,0.25,0.25,0.295,
03/31/2005,2743.0,,-1239.4,,1503.6,,-1011.0,,,,492.6,-31.6,0.0,31.6,-31.6,0.0,31.6,461.0,-160.9,300.1,0.0,,,300.1,0.0,300.1,-7.0,0.0,293.1,293.1,,1049.6,0.28,0.28,0.32,1123.4,0.265,0.265,0.305,
06/30/2005,2837.5,,-1298.4,,1539.1,,-998.0,,,,541.1,-30.9,30.9,30.9,-30.9,0.0,30.9,510.2,-167.3,342.9,0.0,,,342.9,0.0,342.9,-6.7,0.0,336.2,336.2,28.7,1042.8,0.32,0.32,0.35,1114.8,0.31,0.31,0.335,
09/30/2005,2911.8,,-1334.2,,1577.6,,-973.3,,,,604.3,-36.8,36.8,73.6,-36.8,,0.0,567.5,-220.3,347.2,,,,347.2,,347.2,-7.1,0.0,340.1,340.1,,1037.6,0.33,0.33,0.35,1108.6,0.315,0.315,0.335,
12/31/2005,2904.6,,-1345.6,,1559.0,,-974.5,,,,584.5,-44.2,,36.7,,0.0,7.5,540.3,-179.1,361.2,0.0,,,361.2,0.0,361.2,-7.4,0.0,353.8,353.8,,1034.4,0.34,0.34,0.36,1105.6,0.325,0.325,0.345,
03/31/2006,2870.6,,-1255.0,,1615.6,0.0,-1032.3,1017.6,297.1,14.7,583.3,-103.1,0.0,37.3,-37.3,0.0,103.1,480.2,-155.7,324.5,0.0,,,324.5,0.0,324.5,-7.4,0.0,317.1,317.1,,1030.4,0.31,0.31,0.355,1099.6,0.295,0.295,0.34,
06/30/2006,3014.3,,-1323.5,,1690.8,,-1062.0,,,,628.8,-209.2,41.3,41.3,-41.3,0.0,209.2,419.6,-136.0,283.6,0.0,,,283.6,0.0,283.6,-7.1,0.0,276.5,276.5,,1031.6,0.27,0.27,0.38,1102.8,0.255,0.255,0.36,
09/30/2006,3143.7,,-1368.3,,1775.4,0.0,-1142.0,1140.3,,1.7,633.4,-125.2,0.0,41.2,-41.2,0.0,125.2,508.2,-164.1,344.1,0.0,,,344.1,0.0,344.1,-6.9,0.0,337.2,337.2,,1030.6,0.325,0.325,0.38,1100.8,0.315,0.315,0.37,
12/31/2006,3209.1,,-1432.5,,1776.6,,-1143.9,1145.0,,-1.1,632.7,-38.9,38.9,,,,0.0,593.8,-192.6,401.2,0.0,,,401.2,0.0,401.2,,0.0,401.2,401.2,,1028.8,0.385,0.385,0.41,1099.2,0.365,0.365,0.39,
03/31/2007,3213.9,,-1401.7,,1812.2,,-1170.2,,,,642.0,-33.6,0.0,42.7,-42.7,0.0,33.6,608.4,-121.8,486.6,0.0,,,486.6,0.0,486.6,-8.8,0.0,477.8,477.8,,1025.4,0.47,0.47,0.405,1094.0,0.445,0.445,0.385,
06/30/2007,3405.4,,-1497.0,,1908.4,,-1250.8,,,,657.6,-40.4,40.4,40.4,,0.0,0.0,617.2,-201.4,415.8,0.0,,,415.8,0.0,415.8,-6.8,0.0,409.0,409.0,41.7,1022.0,0.4,0.4,0.44,1088.4,0.38,0.38,0.418,
09/30/2007,3528.2,,-1544.6,,1983.6,,-1277.7,,,,705.9,-75.6,38.5,38.5,,0.0,37.1,630.3,-210.2,420.1,0.0,,,420.1,0.0,420.1,-6.9,0.0,413.2,413.2,,1019.8,0.405,0.405,0.45,1084.8,0.385,0.385,0.43,
12/31/2007,3642.2,,-1599.0,,2043.2,,-1301.4,1301.4,,0.0,741.8,-101.2,35.0,,,0.0,66.2,640.6,-225.7,414.9,0.0,,,414.9,0.0,414.9,-5.5,0.0,409.4,409.4,,1019.8,0.4,0.4,0.475,1084.4,0.385,0.385,0.455,
03/31/2008,3713.0,,-1613.2,,2099.8,,-1376.1,,,,723.7,-33.7,33.7,,,0.0,0.0,690.0,-223.5,466.5,0.0,,,466.5,0.0,466.5,-8.9,0.0,457.6,457.6,,1018.0,0.45,0.45,0.47,1079.0,0.43,0.43,0.45,
06/30/2008,3964.8,,-1725.0,,2239.8,0.0,-1422.7,1422.7,462.1,0.0,817.1,-75.5,25.4,,,,50.1,741.6,-247.8,493.8,,,,493.8,,493.8,-6.9,,486.9,486.9,25.285,1014.2,0.48,0.48,0.50493,1073.2,0.46,0.46,0.48356,
09/30/2008,3988.0,,-1751.8,,2236.2,0.0,-1415.4,1415.4,437.9,0.0,820.8,-75.3,22.9,,,0.0,52.4,745.5,-245.6,499.9,0.0,,,499.9,0.0,499.9,-7.0,0.0,492.9,492.9,31.2,1011.0,0.49,0.49,0.52,1068.6,0.47,0.47,0.495,
12/31/2008,3664.2,,-1625.0,,2039.2,,-1338.7,,,,700.5,127.4,23.0,115.0,-10.0,0.0,-232.4,827.9,-251.1,576.8,0.0,,,576.8,-80.0,496.8,-5.2,0.0,491.6,491.6,,1012.6,0.485,0.485,0.515,1070.0,0.47,0.47,0.5,
03/31/2009,3503.0,3503.0,-1490.0,1490.0,2013.0,0.0,-1202.0,1186.0,,16.0,811.0,-21.0,21.0,,,,0.0,790.0,-254.0,536.0,0.0,0.0,0.0,536.0,-28.0,508.0,-8.0,0.0,500.0,510.4,10.4,1001.4,0.5,0.5,0.509687,1052.4,0.485,0.485,0.494882,
06/30/2009,3745.0,3745.0,-1544.0,1544.0,2201.0,0.0,-1314.0,1296.0,,18.0,887.0,-21.0,21.0,,,,0.0,866.0,-278.0,588.0,0.0,0.0,0.0,588.0,-26.0,562.0,-7.0,0.0,555.0,555.0,0.0,1000.2,0.555,0.555,0.555,1049.8,0.535,0.535,0.535,
09/30/2009,3998.0,3998.0,-1631.0,1631.0,2367.0,0.0,-1441.0,1403.0,,38.0,926.0,-17.0,17.0,,,,0.0,909.0,-292.0,617.0,0.0,0.0,0.0,617.0,-27.0,590.0,-7.0,0.0,583.0,613.55,30.55,998.2,0.585,0.585,0.614657,1049.2,0.56,0.56,0.589117,
12/31/2009,4081.0,4081.0,-1654.0,1654.0,2427.0,0.0,-1436.0,1397.0,,39.0,991.0,-18.0,18.0,,,,0.0,973.0,-317.0,656.0,0.0,0.0,0.0,656.0,-25.0,631.0,-8.0,0.0,623.0,680.2,57.2,994.8,0.625,0.625,0.683755,1046.6,0.605,0.605,0.659653,
03/31/2010,3829.0,3829.0,-1561.0,1561.0,2268.0,0.0,-1590.0,1355.0,,235.0,678.0,-16.0,16.0,,,,0.0,662.0,-275.0,387.0,0.0,0.0,0.0,387.0,-30.0,357.0,-8.0,0.0,349.0,561.0,212.0,987.4,0.355,0.355,0.568159,1038.0,0.345,0.345,0.549239,
06/30/2010,3814.0,3814.0,-1572.0,1572.0,2242.0,0.0,-1294.0,1292.0,,2.0,948.0,-14.0,14.0,,,,0.0,934.0,-304.0,630.0,0.0,0.0,0.0,630.0,-27.0,603.0,-8.0,0.0,595.0,595.0,0.0,980.2,0.605,0.605,0.605,1029.4,0.585,0.585,0.585,
09/30/2010,3943.0,3943.0,-1599.0,1599.0,2344.0,0.0,-1386.0,1391.0,,-5.0,958.0,-13.0,13.0,,,,0.0,945.0,-300.0,645.0,0.0,0.0,0.0,645.0,-26.0,619.0,-9.0,0.0,610.0,610.0,0.0,972.0,0.63,0.63,0.63,1019.0,0.605,0.605,0.605,
12/31/2010,3978.0,3978.0,-1628.0,1628.0,2350.0,0.0,-1445.0,1376.0,,69.0,905.0,-16.0,16.0,,,,0.0,889.0,-238.0,651.0,0.0,0.0,0.0,651.0,-27.0,624.0,-9.0,0.0,615.0,614.3,-0.7,963.4,0.64,0.64,0.637637,1006.2,0.62,0.62,0.619305,
03/31/2011,3994.0,3994.0,-1663.0,1663.0,2331.0,0.0,-1416.0,1404.0,,12.0,915.0,-16.0,16.0,,,,0.0,899.0,-292.0,607.0,0.0,0.0,0.0,607.0,-31.0,576.0,0.0,0.0,576.0,576.0,0.0,986.8,0.585,0.585,0.585,993.2,0.58,0.58,0.58,
06/30/2011,4185.0,4185.0,-1781.0,1781.0,2404.0,0.0,-1436.0,1421.0,,15.0,968.0,-11.0,11.0,,,,0.0,957.0,-311.0,646.0,0.0,0.0,0.0,646.0,-24.0,622.0,0.0,0.0,622.0,626.55,4.55,979.0,0.635,0.635,0.63999,986.6,0.63,0.63,0.634612,
09/30/2011,4383.0,4383.0,-1921.0,1921.0,2462.0,0.0,-1427.0,1489.0,,-62.0,1035.0,-10.0,10.0,,,,0.0,1025.0,-349.0,676.0,0.0,0.0,0.0,676.0,-33.0,643.0,0.0,0.0,643.0,642.3,-0.7,973.4,0.66,0.66,0.659852,981.0,0.655,0.655,0.654286,
12/31/2011,4172.0,4172.0,-1779.0,1779.0,2393.0,0.0,-1470.0,1444.0,,26.0,923.0,-15.0,15.0,,,,0.0,908.0,-283.0,625.0,0.0,0.0,0.0,625.0,-35.0,590.0,0.0,0.0,590.0,643.1,53.1,967.6,0.61,0.61,0.664634,975.0,0.605,0.605,0.659462,
03/31/2012,4200.0,4200.0,-1763.0,1763.0,2437.0,0.0,-1499.0,1478.0,,21.0,938.0,-10.0,10.0,,,,0.0,928.0,-295.0,633.0,0.0,0.0,0.0,633.0,-40.0,593.0,0.0,0.0,593.0,601.0,8.0,960.2,0.62,0.62,0.625911,967.8,0.615,0.615,0.623266,
06/30/2012,4267.0,4267.0,-1806.0,1806.0,2461.0,0.0,-1479.0,1464.0,,15.0,982.0,-6.0,6.0,,,,0.0,976.0,-311.0,665.0,0.0,0.0,0.0,665.0,-38.0,627.0,0.0,0.0,627.0,641.0,14.0,954.6,0.655,0.655,0.671485,962.6,0.65,0.65,0.664544,
09/30/2012,4332.0,4332.0,-1803.0,1803.0,2529.0,0.0,-1502.0,1501.0,,1.0,1027.0,-4.0,4.0,,,,0.0,1023.0,-326.0,697.0,0.0,0.0,0.0,697.0,-43.0,654.0,0.0,0.0,654.0,661.0,7.0,949.8,0.69,0.69,0.695936,958.4,0.68,0.68,0.687304,
12/31/2012,4286.0,4286.0,-1781.0,1781.0,2505.0,0.0,-1563.0,1487.0,,76.0,942.0,5.0,-5.0,,,,0.0,947.0,-311.0,636.0,0.0,0.0,0.0,636.0,-38.0,598.0,0.0,0.0,598.0,675.55,77.55,472.0,1.27,1.27,1.43125,476.0,1.26,1.26,1.42292,
03/31/2013,4315.0,4315.0,-1800.0,1800.0,2515.0,0.0,-1773.0,1536.0,,237.0,742.0,3.0,-3.0,,,,0.0,745.0,-239.0,506.0,0.0,0.0,0.0,506.0,-46.0,460.0,0.0,0.0,460.0,626.0,166.0,936.6,0.49,0.49,0.668375,945.0,0.48,0.48,0.655662,
06/30/2013,4346.0,4346.0,-1812.0,1812.0,2534.0,0.0,-1628.0,1526.0,,102.0,906.0,5.0,-5.0,,,,0.0,911.0,-307.0,604.0,0.0,0.0,0.0,604.0,-43.0,561.0,0.0,0.0,561.0,662.0,101.0,933.1,0.6,0.6,0.709463,942.3,0.6,0.6,0.707185,
12/31/2013,4361.0,4361.0,-1794.0,1794.0,2567.0,0.0,-1675.0,1612.0,,63.0,892.0,1.0,-1.0,,,,0.0,893.0,-292.0,601.0,0.0,0.0,0.0,601.0,-37.0,564.0,0.0,0.0,564.0,697.0,133.0,925.7,0.61,0.61,0.752944,935.3,0.6,0.6,0.7422,
03/31/2014,4325.0,4325.0,-1801.0,1801.0,2524.0,0.0,-1890.0,1544.0,,346.0,634.0,-7.0,7.0,,,,0.0,627.0,-195.0,432.0,0.0,0.0,0.0,432.0,-44.0,388.0,0.0,0.0,388.0,636.0,248.0,919.5,0.42,0.42,0.69168,928.6,0.42,0.42,0.687069,
06/30/2014,4352.0,4352.0,-1800.0,1800.0,2552.0,0.0,-1572.0,1507.0,,65.0,980.0,-9.0,9.0,,,,0.0,971.0,-310.0,661.0,0.0,0.0,0.0,661.0,-39.0,622.0,0.0,0.0,622.0,676.0,54.0,916.1,0.68,0.68,0.737911,925.9,0.67,0.67,0.728322,
09/30/2014,4379.0,4379.0,-1821.0,1821.0,2558.0,0.0,-1610.0,1497.0,,113.0,948.0,-4.0,4.0,,,,0.0,944.0,-364.0,580.0,0.0,0.0,0.0,580.0,-38.0,542.0,0.0,0.0,542.0,701.0,159.0,913.8,0.59,0.59,0.767126,922.8,0.59,0.59,0.762302,
12/31/2014,4221.0,4221.0,-1746.0,1746.0,2475.0,0.0,-1480.0,1434.0,,46.0,995.0,-4.0,4.0,,,,0.0,991.0,-325.0,666.0,0.0,0.0,0.0,666.0,-38.0,628.0,0.0,0.0,628.0,699.0,71.0,911.3,0.69,0.69,0.767036,920.0,0.68,0.68,0.757174,
03/31/2015,4070.0,4070.0,-1678.0,1678.0,2392.0,0.0,-1532.0,1450.0,,82.0,860.0,-8.0,8.0,,,,0.0,852.0,-269.0,583.0,0.0,0.0,0.0,583.0,-41.0,542.0,0.0,0.0,542.0,609.0,67.0,907.7,0.6,0.6,0.670927,916.3,0.59,0.59,0.66312,
06/30/2015,4066.0,4066.0,-1699.0,1699.0,2367.0,0.0,-1435.0,1381.0,,54.0,932.0,-6.0,6.0,,,,0.0,926.0,-310.0,616.0,0.0,0.0,0.0,616.0,-42.0,574.0,0.0,0.0,574.0,639.0,65.0,904.6,0.63,0.63,0.70639,912.4,0.63,0.63,0.701241,
09/30/2015,3999.0,3999.0,-1652.0,1652.0,2347.0,0.0,-1211.0,1347.0,,-136.0,1136.0,-5.0,5.0,,,,0.0,1131.0,-361.0,770.0,0.0,0.0,0.0,770.0,-44.0,726.0,0.0,0.0,726.0,653.0,-73.0,900.1,0.81,0.81,0.725475,906.9,0.8,0.8,0.719506,
12/31/2015,3899.0,3899.0,-1606.0,1606.0,2293.0,0.0,-2432.0,1286.0,,1146.0,-139.0,-7.0,7.0,,,,0.0,-146.0,-275.0,-421.0,0.0,0.0,0.0,-421.0,-37.0,-458.0,0.0,0.0,-458.0,655.0,1113.0,896.5,-0.51,-0.51,0.730619,896.5,-0.51,-0.51,0.730619,
03/31/2016,3762.0,3762.0,-1514.0,1514.0,2248.0,0.0,-1381.0,1354.0,,27.0,867.0,-28.0,28.0,,,,0.0,839.0,-265.0,574.0,0.0,0.0,0.0,574.0,-41.0,533.0,0.0,0.0,533.0,571.0,38.0,893.7,0.6,0.6,0.638917,900.2,0.59,0.59,0.632213,
06/30/2016,3845.0,3845.0,-1541.0,1541.0,2304.0,0.0,-1360.0,1320.0,,40.0,944.0,-25.0,25.0,,,,0.0,919.0,-281.0,638.0,0.0,0.0,0.0,638.0,-38.0,600.0,0.0,0.0,600.0,631.0,31.0,893.9,0.67,0.67,0.705896,901.1,0.67,0.67,0.704402,
09/30/2016,3867.0,3867.0,-1543.0,1543.0,2324.0,0.0,-1253.0,1322.0,,-69.0,1071.0,-25.0,25.0,,,,0.0,1046.0,-300.0,746.0,0.0,0.0,0.0,746.0,-44.0,702.0,0.0,0.0,702.0,653.0,-49.0,891.9,0.79,0.79,0.732145,899.2,0.78,0.78,0.725507,
12/31/2016,3721.0,3721.0,-1474.0,1474.0,2247.0,0.0,-1174.0,1147.0,,27.0,1073.0,-139.0,21.0,,,,118.0,934.0,-306.0,628.0,0.0,0.0,0.0,628.0,-22.0,606.0,0.0,0.0,606.0,667.0,61.0,887.6,0.68274,0.68274,0.751465,893.0,0.678611,0.678611,0.74692,
03/31/2017,3762.0,3762.0,-1493.0,1493.0,2269.0,0.0,-1357.0,1336.0,,21.0,912.0,-50.0,23.0,,,,27.0,862.0,-251.0,611.0,0.0,0.0,0.0,611.0,-41.0,570.0,0.0,0.0,570.0,601.0,31.0,884.7,0.64,0.64,0.679326,891.0,0.64,0.64,0.674792,
06/30/2017,3826.0,3826.0,-1526.0,1526.0,2300.0,0.0,-1422.0,1309.0,,113.0,878.0,-49.0,24.0,,,,25.0,829.0,-269.0,560.0,0.0,0.0,0.0,560.0,-36.0,524.0,,,524.0,639.0,115.0,883.8,0.59,0.59,0.723014,890.8,0.59,0.59,0.719097,
09/30/2017,3974.0,3974.0,-1591.0,1591.0,2383.0,0.0,-1426.0,1410.0,,16.0,957.0,-57.0,27.0,,,,30.0,900.0,-250.0,650.0,0.0,0.0,0.0,650.0,-43.0,607.0,0.0,0.0,607.0,646.0,39.0,880.7,0.69,0.69,0.733507,886.3,0.68,0.68,0.724003,
12/31/2017,3892.0,3892.0,-1564.0,1564.0,2328.0,0.0,-1368.0,1345.0,,23.0,960.0,-64.0,28.0,,,,36.0,896.0,-543.0,353.0,0.0,0.0,0.0,353.0,-30.0,323.0,0.0,0.0,323.0,659.0,336.0,878.0,0.37,0.37,0.750569,883.3,0.37,0.37,0.750392,
03/31/2018,4002.0,4002.0,-1594.0,1594.0,2408.0,0.0,-1425.0,1392.0,,33.0,983.0,-59.0,35.0,,,,24.0,924.0,-246.0,678.0,0.0,0.0,0.0,678.0,-44.0,634.0,0.0,0.0,634.0,654.0,20.0,875.4,0.72,0.72,0.747087,879.9,0.72,0.72,0.74273,
06/30/2018,3886.0,3886.0,-1585.0,1585.0,2301.0,0.0,-1355.0,1300.0,,55.0,946.0,-58.0,35.0,,,,23.0,888.0,-213.0,675.0,0.0,0.0,0.0,675.0,-38.0,637.0,0.0,0.0,637.0,688.0,51.0,871.7,0.73,0.73,0.789262,874.0,0.73,0.73,0.788352,
09/30/2018,3845.0,3845.0,-1576.0,1576.0,2269.0,0.0,-1395.0,1369.0,,26.0,874.0,-54.0,36.0,,,,18.0,820.0,-258.0,562.0,0.0,0.0,0.0,562.0,-39.0,523.0,0.0,0.0,523.0,625.0,102.0,868.8,0.6,0.6,0.719383,871.1,0.6,0.6,0.717093,
12/31/2018,3811.0,3811.0,-1558.0,1558.0,2253.0,0.0,-1362.0,1328.0,,34.0,891.0,-59.0,37.0,,,,22.0,832.0,-189.0,643.0,0.0,0.0,0.0,643.0,-37.0,606.0,0.0,0.0,606.0,638.0,32.0,866.6,0.7,0.7,0.73621,867.5,0.7,0.7,0.73621,
03/31/2019,3884.0,3884.0,-1597.0,1597.0,2287.0,0.0,-1408.0,1365.0,,43.0,879.0,-65.0,40.0,,,,25.0,814.0,-214.0,600.0,0.0,0.0,0.0,600.0,-40.0,560.0,0.0,0.0,560.0,582.0,22.0,862.0,0.65,0.65,0.675174,863.2,0.65,0.65,0.675174,
06/30/2019,3866.0,3866.0,-1558.0,1558.0,2308.0,0.0,-1420.0,1369.0,,51.0,888.0,-65.0,38.0,,,,27.0,823.0,-205.0,618.0,0.0,0.0,0.0,618.0,-32.0,586.0,0.0,0.0,586.0,617.0,31.0,859.4,0.68,0.68,0.717943,861.9,0.68,0.68,0.715967,
09/30/2019,3928.0,3928.0,-1612.0,1612.0,2316.0,0.0,-1460.0,1429.0,,31.0,856.0,-62.0,35.0,,,,27.0,794.0,-167.0,627.0,0.0,0.0,0.0,627.0,-49.0,578.0,0.0,0.0,578.0,614.0,36.0,858.7,0.67,0.67,0.715034,861.2,0.67,0.67,0.711802,
12/31/2019,4015.0,4015.0,-1601.0,1601.0,2414.0,0.0,-1483.0,1412.0,,71.0,931.0,-61.0,32.0,,,,29.0,870.0,-188.0,682.0,0.0,0.0,0.0,682.0,-39.0,643.0,0.0,0.0,643.0,627.0,-16.0,856.7,0.75,0.75,0.731878,858.0,0.75,0.75,0.731352,
03/31/2020,4097.0,4097.0,-1632.0,1632.0,2465.0,0.0,-1513.0,1473.0,,40.0,952.0,-57.0,36.0,,,,21.0,895.0,-147.0,748.0,0.0,0.0,0.0,748.0,-33.0,715.0,0.0,0.0,715.0,719.0,4.0,856.9,0.83,0.83,0.839071,858.4,0.83,0.83,0.83466,
06/30/2020,3897.0,3897.0,-1528.0,1528.0,2369.0,0.0,-1423.0,1395.0,,28.0,946.0,-55.0,35.0,,,,20.0,891.0,-216.0,675.0,0.0,0.0,0.0,675.0,-40.0,635.0,0.0,0.0,635.0,631.05,-3.95,857.4,0.74,0.74,0.736004,858.9,0.74,0.74,0.735401,
09/30/2020,3978.231,,,,2376.23715861,,,,,,903.0,,,,,,,844.455,,590.0,,,,,,590.0,,,590.0,598.7,,,0.697,0.697,0.704,,0.697,0.697,0.704,
12/31/2020,4031.231,,,,2460.82465164,,,,,,977.667,,,,,,,919.818,,662.25,,,,,,662.25,,,662.25,661.6,,,0.773,0.773,0.768,,0.773,0.773,0.768,
