Date,Revenue,Sales & Services Revenue,Cost of Revenue,Cost of Goods & Services,Gross Profit,Other Operating Income,Operating Expenses,"Selling, General & Admin",Selling & Marketing,General & Administrative,Research & Development,Other Operating Expense,Operating Income (Loss),Non-Operating (Income) Loss,"Interest Expense, Net",Interest Expense,Interest Income,Foreign Exch (Gain) Loss,(Income) Loss from Affiliates,Other Non-Op (Income) Loss,Pretax Income,Income Tax Expense (Benefit),Income (Loss) from Cont Ops,Net Extraordinary Losses (Gains),Discontinued Operations,XO & Accounting Changes,Income (Loss) Incl. MI,Minority Interest,"Net Income, GAAP",Preferred Dividends,Other Adjustments,"Net Income Avail to Common, GAAP","Net Income Avail to Common, Adj",Net Abnormal Losses (Gains),Basic Weighted Avg Shares,"Basic EPS, GAAP",Basic EPS from Cont Ops,"Basic EPS from Cont Ops, Adjusted",Diluted Weighted Avg Shares,"Diluted EPS, GAAP",Diluted EPS from Cont Ops,"Diluted EPS from Cont Ops, Adjusted",Source: Bloomberg
09/30/1989,366.934998,,-169.565994,,197.369003,,-130.936005,,,,,,66.432999,6.79,,1.9,,,,-8.69,73.222998,-27.312,45.910999,0.0,,,45.910998,0.0,45.910999,0.0,,45.910999,45.910999,,221.895996,0.2075,0.2075,,221.895996,0.2075,0.2075,0.2075,
12/31/1989,295.575012,,-137.653,,157.922012,,-121.956001,,,,,,35.966,6.478,,1.677,,,,-8.155,42.443999,-15.427,27.017,0.0,,,27.016999,0.0,27.017,0.0,,27.017,27.017,,221.259995,0.1225,0.1225,,221.259995,0.1225,0.1225,0.1225,
03/31/1990,386.912994,,-181.427002,,205.485992,,-151.473007,,,,,,54.013,7.546,,0.276,,,,-7.822,61.559001,-23.207001,38.352001,0.0,,,38.352,0.0,38.352001,0.0,,38.352001,38.352001,,218.735992,0.175,0.175,,218.735992,0.175,0.175,0.175,
06/30/1990,434.618988,,-216.729004,,217.889984,,-157.701996,,,,,,60.188,6.203,,0.015,,,,-6.218,66.391,-24.045,42.346001,0.0,,,42.346,0.0,42.346001,0.0,,42.346001,42.346001,,216.235992,0.195,0.195,0.195,216.235992,0.195,0.195,0.195,
09/30/1990,403.005005,,-182.893005,,220.112,,-162.755997,,,,,,57.355999,2.653,,4.492,,,,-7.145,60.008999,-20.638,39.370998,0.0,,,39.370998,0.0,39.370998,0.0,,39.370998,39.370998,,216.084,0.1825,0.1825,,216.084,0.1825,0.1825,0.1825,
12/31/1990,333.942993,,-154.054001,,179.888992,,-147.207993,,,,,,32.681,-0.654,,8.319,,,,-7.665,32.026999,-11.594,20.433001,0.0,,,20.433,0.0,20.433001,0.0,,20.433001,20.433001,,216.056,0.095,0.095,,216.056,0.095,0.095,0.095,
03/31/1991,420.967987,,-193.453995,,227.513992,,-172.233002,,,,,,55.280998,0.201,,7.506,,,,-7.707,55.481998,-22.962999,32.519001,0.0,,,32.518999,0.0,32.519001,0.0,,32.519001,32.519001,,216.227997,0.15,0.15,,216.227997,0.15,0.15,0.15,
06/30/1991,488.572998,,-248.427002,,240.145996,,-172.149994,,,,,,67.996002,-129.354997,,7.878,,,,121.476997,-61.358995,21.782,-39.577,0.0,,,-39.576995,0.0,-39.577,0.0,,-39.577,-39.577,,216.636,-0.1825,-0.1825,-0.1825,216.636,-0.1825,-0.1825,-0.1825,
09/30/1991,417.59201,,-176.466995,,241.125015,,-173.850998,,,,,,67.274002,5.752,,7.226,,,,-12.978,73.026002,-29.976,43.049999,19.061,,,23.989002,0.0,23.989,0.0,,23.989,23.989,,216.895996,0.11,0.1975,,216.895996,0.11,0.1975,0.1975,
12/31/1991,351.612,,-150.852997,,200.759003,,-162.085999,,,,,,38.673,2.884,,6.015,,,,-8.899,41.557001,-17.004999,24.552,0.0,,,24.552001,0.0,24.552,0.0,,24.552,24.552,,217.199997,0.1125,0.1125,,217.199997,0.1125,0.1125,0.1125,
03/31/1992,455.270996,,-202.378998,,252.891998,,-190.723999,,,,,,62.167999,1.787,,5.861,,,,-7.648,63.954999,-25.551001,38.403999,0.0,,,38.403998,0.0,38.403999,0.0,,38.403999,38.403999,,217.723999,0.1775,0.1775,,217.723999,0.1775,0.1775,0.1775,
06/30/1992,322.582001,,-148.804993,,173.777008,,-108.375,,,,,,65.402,-4.843,,5.525,,,,-0.682,60.559,-25.371,35.188,23.429,,,11.759,0.0,11.759,0.0,,11.759,11.759,,218.039992,0.055,0.1625,0.1625,218.039992,0.055,0.1625,0.1625,
09/30/1992,394.657013,,-170.134995,,224.522018,,-152.996002,,,,,,71.526001,1.685,,4.71,,,,-6.395,73.211001,-28.818001,44.393002,-0.203,,,44.596,0.0,44.596001,0.0,,44.596001,44.596001,,218.320007,0.205,0.2025,,218.320007,0.205,0.2025,0.2025,
12/31/1992,327.354004,,-141.272003,,186.082001,,-140.889008,,,,,,45.193001,-0.685,,4.637,,0.0,,-3.952,44.508001,-17.476,27.032,-0.211,,,27.243001,0.0,27.243,0.0,,27.243,27.243,,218.612,0.125,0.125,,218.612,0.125,0.125,0.125,
03/31/1993,435.55899,,-185.897003,,249.661987,,-167.128998,,,,,,82.532997,-5.901,,5.509,,,,0.392,76.631997,-30.106001,46.526001,1.106,,,45.419996,0.0,45.419998,0.0,,45.419998,45.419998,,218.996002,0.2075,0.2125,,218.996002,0.2075,0.2125,0.2125,
06/30/1993,476.601013,,-227.449005,,249.152008,,-174.104996,,,,,,75.046997,5.787,,4.0,,0.0,,-9.787,80.833997,-30.867001,49.966999,0.175,,,49.791996,0.0,49.792,0.0,,49.792,49.792,,219.235992,0.2275,0.2275,0.2275,219.235992,0.2275,0.2275,0.2275,
09/30/1993,449.743988,,-193.828003,,255.915985,,-178.858994,,,,,,77.056999,8.46,,3.921,,,,-12.381,85.516999,-39.202999,46.313999,-32.064001,,,78.378001,0.0,78.377998,0.0,,78.377998,78.377998,,217.703995,0.36,0.2125,,217.703995,0.36,0.2125,0.2125,
12/31/1993,370.843994,,-163.386002,,207.457993,,-153.600006,,,,,,53.858002,-2.391,,4.747,,0.0,,-2.356,51.467001,-20.881001,30.586,0.0,,,30.586001,0.0,30.586,0.0,,30.586,30.586,,215.884003,0.1425,0.1425,,215.884003,0.1425,0.1425,0.1425,
03/31/1994,481.928009,,-211.964005,,269.964005,,-180.947998,,,,,,89.015999,-5.644,,4.383,,,,1.261,83.371999,-33.856998,49.514999,0.0,,,49.515,0.0,49.514999,0.0,,49.514999,49.514999,,213.792007,0.2325,0.2325,,213.792007,0.2325,0.2325,0.2325,
06/30/1994,534.432983,,-251.255997,,283.176986,,-177.177002,,,,,,106.0,-19.723,,5.373,,0.0,,14.35,86.277,-32.699001,53.577999,0.0,,,53.577999,0.0,53.577999,0.0,,53.577999,53.577999,,213.412004,0.25,0.25,0.25,213.412004,0.25,0.25,0.25,
09/30/1994,476.367004,,-210.134003,,266.233002,,-170.537994,,,,,,95.695,-5.288,,4.926,,,,0.362,90.407,-37.226002,53.181,0.0,,,53.180998,0.0,53.181,0.0,,53.181,53.181,,213.632004,0.25,0.25,,213.632004,0.25,0.25,0.25,
12/31/1994,414.45401,,-183.962997,,230.491013,,-170.709,,,,,,59.782001,-2.999,,5.163,,,,-2.164,56.783001,-22.688,34.095001,0.0,,,34.095002,0.0,34.095001,0.0,,34.095001,34.095001,,213.095993,0.16,0.16,,213.095993,0.16,0.16,0.16,
03/31/1995,499.059998,,-225.996994,,273.063004,,-177.901001,,,,,,95.162003,-4.929,,7.213,,,,-2.284,90.233003,-36.199001,54.034,0.0,,,54.034001,0.0,54.034,0.0,,54.034,54.034,,212.332001,0.255,0.255,,212.332001,0.255,0.255,0.255,
06/30/1995,594.289001,,-272.078003,,322.210998,,-213.792999,,,,,,108.417999,-7.947,,7.818,,,,0.129,100.470999,-40.949001,59.521999,0.0,,,59.521998,0.0,59.521999,0.0,,59.521999,59.521999,,211.296004,0.2825,0.2825,0.2825,211.296004,0.2825,0.2825,0.2825,
09/30/1995,518.486023,,-231.332993,,287.15303,,-181.339996,,,,,,105.813004,-7.205,,7.772,,,,-0.567,98.608004,-39.828999,58.778999,0.0,,,58.779005,0.0,58.778999,0.0,,58.778999,58.778999,,209.416,0.28,0.28,0.28,209.416,0.28,0.28,0.28,
12/31/1995,466.789001,,-213.171005,,253.617996,,-180.210999,,,,,,73.406998,-9.784,,7.588,,,,2.196,63.622998,-25.712,37.910999,0.0,,,37.910998,0.0,37.910999,0.0,,37.910999,37.910999,,208.356003,0.1825,0.1825,0.1825,208.356003,0.1825,0.1825,0.1825,
03/31/1996,560.091003,,-255.570007,,304.520996,,-193.332001,,,,,,111.189003,-11.185,,10.753,,,,0.432,100.004003,-40.404999,59.598999,0.0,,,59.599004,0.0,59.598999,0.0,,59.598999,59.598999,,207.067993,0.2875,0.2875,0.2875,207.067993,0.2875,0.2875,0.2875,
06/30/1996,672.47699,,-307.126007,,365.350983,,-240.720001,,,,,,124.630997,-16.479,,12.175,,,,4.304,108.151997,-42.348999,65.803001,0.0,,,65.802998,0.0,65.803001,0.0,,65.803001,65.803001,,206.112,0.32,0.32,0.32,206.112,0.32,0.32,0.32,
09/30/1996,590.77301,,-257.360992,,333.412018,,-216.065994,,,,,,117.346001,-8.524,,10.497,,,,-1.973,108.822001,-43.312,65.510002,0.0,,,65.510001,0.0,65.510002,0.0,,65.510002,65.510002,,204.720001,0.32,0.32,0.32,207.968002,0.315,0.315,0.315,
12/31/1996,530.215027,,-235.626007,,294.58902,,-212.880997,,,,,,81.708,-8.759,,11.745,,,,-2.986,72.949,-29.034,43.915001,0.0,,,43.915,0.0,43.915001,0.0,,43.915001,43.915001,,206.740005,0.21,0.21,0.21,206.740005,0.21,0.21,0.21,
03/31/1997,649.208984,,-287.862,,361.346984,,-231.932999,,,,,,129.414001,-19.607999,17.004999,17.004999,,0.0,,2.603,109.806002,-44.186001,65.620003,0.0,,,65.620001,0.0,65.620003,0.0,,65.620003,65.620003,,206.960008,0.315,0.315,0.315,210.591996,0.31,0.31,0.31,
06/30/1997,762.453979,,-342.609985,,419.843994,,-281.93399,,,,,,137.910004,-13.471999,,16.375999,,,,-2.904,124.438005,-50.041,74.397003,0.0,,,74.397005,0.0,74.397003,0.0,,74.397003,74.397003,,206.451996,0.36,0.36,0.36,209.567992,0.355,0.355,0.355,
09/30/1997,649.283997,,-279.694,,369.589997,,-233.548996,,,,,,136.041,-14.135,15.494,15.494,,,,-1.359,121.906,-47.542999,74.362999,0.0,,,74.363001,0.0,74.362999,0.0,,74.362999,74.362999,,206.434006,0.36,0.36,0.36,210.367996,0.355,0.355,0.355,
12/31/1997,591.794983,,-258.188995,,333.605988,,-236.203995,,,,,,97.402,-16.283,19.414,19.414,,,,-3.131,81.119,-31.635742,49.483002,0.0,,,49.483258,0.0,49.483002,0.0,,49.483002,49.483002,,206.785996,0.24,0.24,0.24,210.858002,0.235,0.235,0.235,
03/31/1998,967.446,,-460.801,,506.645,,-328.108,,,,,,178.537,-28.164,26.989,26.989,,,,1.175,150.373,-58.386,91.987,0.0,,,91.987,0.0,91.987,0.0,,91.987,91.987,,235.018,0.39,0.39,0.39,239.818,0.385,0.385,0.385,
06/30/1998,1129.0,,-548.0,,581.0,,-388.0,,,,,,193.0,-32.0,28.0,28.0,,0.0,,4.0,161.0,-52.0,109.0,0.0,,,109.0,0.0,109.0,0.0,0.0,109.0,109.0,0.0,234.832,0.465,0.465,0.465,239.384,0.455,0.455,0.455,
09/30/1998,965.0,,-458.0,,507.0,,-320.0,,,,,,187.0,-29.0,28.0,28.0,,0.0,,1.0,158.0,-58.0,100.0,0.0,,,100.0,0.0,100.0,0.0,,100.0,100.0,,234.458,0.42,0.42,0.42,238.968,0.42,0.42,0.42,
12/31/1998,947.0,,-459.0,,488.0,,-338.0,,,,,,150.0,-32.0,25.0,25.0,,0.0,,7.0,118.0,-44.0,74.0,0.0,,,74.0,0.0,74.0,0.0,,74.0,74.0,,234.588,0.32,0.32,0.32,239.598,0.31,0.31,0.31,
03/31/1999,992.0,,-473.0,,519.0,,-334.0,,,,,,185.0,-133.0,23.0,23.0,,0.0,,110.0,52.0,-30.0,22.0,0.0,,,22.0,0.0,22.0,0.0,,22.0,22.0,,235.794,0.095,0.095,0.43,240.44,0.09,0.09,0.42,
06/30/1999,1100.0,,-542.0,,558.0,,-349.0,,,,,,209.0,-107.0,22.0,22.0,,0.0,,85.0,102.0,-52.0,50.0,0.0,,,50.0,0.0,50.0,0.0,0.0,50.0,50.0,64.98,236.616,0.215,0.215,0.485,240.666,0.21,0.21,0.48,
09/30/1999,918.0,,-517.0,,401.0,,-233.0,,,,,,168.0,-31.0,23.0,23.0,,0.0,,8.0,137.0,-50.0,87.0,0.0,,,87.0,0.0,87.0,0.0,0.0,87.0,87.0,,237.02,0.37,0.37,0.38,240.578,0.36,0.36,0.37,
12/31/1999,954.0,,-478.0,,476.0,,-317.0,,,,,,159.0,-39.0,23.0,23.0,,0.0,,16.0,120.0,-44.0,76.0,0.0,,,76.0,0.0,76.0,0.0,,76.0,76.0,,236.475,0.32,0.32,0.34,239.737,0.32,0.32,0.33,
03/31/2000,1009.0,,-573.0,,436.0,,-232.0,,,,,,204.0,-39.0,25.0,25.0,,0.0,,14.0,165.0,-59.0,106.0,0.0,,,106.0,0.0,106.0,0.0,0.0,106.0,106.0,,235.843,0.45,0.45,0.48,238.848,0.44,0.44,0.48,
06/30/2000,1132.0,,-625.0,,507.0,,-258.0,,,,,,249.0,-49.0,27.0,27.0,,0.0,,22.0,200.0,-75.0,125.0,0.0,,,125.0,0.0,125.0,0.0,0.0,125.0,125.0,,235.094,0.53,0.53,0.59,237.83,0.52,0.52,0.58,
09/30/2000,963.0,,-549.0,,414.0,,-225.0,,,,,,189.0,-34.0,26.0,26.0,,0.0,,8.0,155.0,-55.0,100.0,2.0,,,98.0,0.0,98.0,0.0,0.0,98.0,98.0,,235.522,0.42,0.43,0.43,238.568,0.41,0.42,0.42,
12/31/2000,876.0,,-525.0,,351.0,,-222.0,,,,,,129.0,-30.0,23.0,23.0,,0.0,,7.0,99.0,-35.0,64.0,0.0,,,64.0,0.0,64.0,0.0,0.0,64.0,64.0,,236.069,0.27,0.27,0.31,239.093,0.27,0.27,0.31,
03/31/2001,962.0,,-584.0,,378.0,,-220.0,,,,,,158.0,-55.0,22.0,22.0,,0.0,,33.0,103.0,-24.0,79.0,0.0,,,79.0,0.0,79.0,0.0,0.0,79.0,79.0,,236.406,0.33,0.33,0.46,239.764,0.33,0.33,0.45,
06/30/2001,1102.0,,-622.0,,480.0,,-247.0,,,,,,233.0,-104.0,,17.0,,0.0,,87.0,129.0,-48.0,81.0,0.0,,,81.0,0.0,81.0,0.0,0.0,81.0,81.0,,236.599,0.34,0.34,0.46,240.202,0.34,0.34,0.45,
09/30/2001,991.0,,-566.0,,425.0,,-251.0,,,,,,174.0,-47.0,12.0,12.0,,0.0,,35.0,127.0,-48.0,79.0,0.0,,,79.0,0.0,79.0,0.0,0.0,79.0,79.0,,234.98,0.34,0.34,0.46,238.096,0.33,0.33,0.45,
12/31/2001,887.0,,-505.0,,382.0,,-225.0,,,,,,157.0,-82.0,12.0,12.0,,0.0,,70.0,75.0,-33.0,42.0,-9.0,,,51.0,0.0,51.0,0.0,0.0,51.0,51.0,,232.763,0.22,0.22,0.4,235.92,0.22,0.18,0.39,
03/31/2002,1023.0,,-589.0,,434.0,,-258.0,,,,,,176.0,-76.0,7.0,7.0,,0.0,,69.0,100.0,-50.0,50.0,4.0,,,46.0,0.0,46.0,0.0,0.0,46.0,46.0,,231.508,0.2,0.22,0.44,234.625,0.2,0.21,0.42,
06/30/2002,1128.0,,-625.0,,503.0,,-254.0,,,,,,249.0,-19.0,3.0,7.0,,0.0,,16.0,230.0,-76.0,154.0,8.0,,,146.0,0.0,146.0,0.0,0.0,146.0,146.0,,228.145,0.64,0.68,0.68,230.175,0.63,0.67,0.67,
09/30/2002,1047.0,,-544.0,,503.0,,-242.0,,,,,,261.0,-17.0,8.0,8.0,,0.0,,9.0,244.0,-86.0,158.0,13.0,,,145.0,0.0,145.0,0.0,0.0,145.0,145.0,,221.883,0.65,0.71,0.72,224.051,0.65,0.71,0.72,
12/31/2002,926.0,,-496.0,,430.0,,-253.0,,,,,,177.0,-35.0,8.0,8.0,,0.0,,27.0,142.0,-55.0,87.0,-2.0,,,89.0,0.0,89.0,0.0,0.0,89.0,89.0,,218.334,0.41,0.4,0.51,220.782,0.4,0.39,0.5,
03/31/2003,1019.0,,-555.0,,464.0,,-289.0,,,,,,175.0,-2.0,6.0,6.0,,0.0,,-4.0,173.0,-61.0,112.0,2.0,,,110.0,0.0,110.0,0.0,0.0,110.0,110.0,,216.414,0.51,0.52,0.54,218.696,0.5,0.51,0.53,
06/30/2003,1152.0,,-630.0,,522.0,,-281.0,,,,,,241.0,1.0,6.0,6.0,,0.0,,-7.0,242.0,-85.0,157.0,8.0,,,149.0,0.0,149.0,0.0,0.0,149.0,149.0,,215.134,0.69,0.73,0.73,217.657,0.68,0.72,0.72,
09/30/2003,1048.0,,-591.0,,457.0,,-247.0,,,,,,210.0,-9.0,6.0,6.0,,0.0,,3.0,201.0,-71.0,130.0,1.0,,,129.0,0.0,129.0,0.0,0.0,129.0,129.0,,212.654,0.61,0.61,0.61,214.807,0.6,0.6,0.6,
12/31/2003,947.0,,-535.0,,412.0,,-237.0,,,,,,175.0,-5.0,7.0,7.0,,0.0,,-2.0,170.0,-59.0,111.0,2.0,,,109.0,,109.0,0.0,0.0,109.0,109.0,,210.5,0.52,0.53,0.53,212.959,0.51,0.52,0.52,
03/31/2004,1086.0,,-596.0,,490.0,,-293.0,,,,,,197.0,-2.0,8.0,8.0,,0.0,,-6.0,195.0,-68.0,127.0,1.0,,,126.0,0.0,126.0,0.0,0.0,126.0,126.0,,211.213,0.6,0.6,0.6,213.606,0.59,0.59,0.59,
06/30/2004,1185.0,,-643.0,,542.0,0.0,-282.0,135.0,124.0,,,147.0,260.0,-16.0,,9.0,,0.0,-3.0,10.0,244.0,-85.0,159.0,-26.0,,,185.0,0.0,185.0,0.0,0.0,185.0,185.0,,212.363,0.87,0.75,0.783669,214.77,0.86,0.74,0.773291,
09/30/2004,1048.0,,-591.0,,457.0,,-256.0,,,,,,201.0,-34.0,8.0,8.0,,0.0,,26.0,167.0,-58.0,109.0,-14.0,,,123.0,0.0,123.0,0.0,0.0,123.0,123.0,19.5,212.905,0.58,0.51,0.6,215.117,0.57,0.5,0.59,
12/31/2004,1000.0,,-569.0,,431.0,,-247.0,,,,,,184.0,10.0,17.0,17.0,,,,-27.0,194.0,-58.0,136.0,-563.0,,,699.0,,699.0,,,699.0,699.0,,187.31,3.73,0.73,0.61,189.806,3.68,0.72,0.6,
03/31/2005,1086.0,,-632.0,,454.0,,-267.0,,,,,,187.0,-50.0,27.0,27.0,,0.0,,23.0,137.0,-21.0,116.0,-2.0,,,118.0,0.0,118.0,0.0,0.0,118.0,118.0,-10.878,153.502,0.77,0.76,0.7,156.104,0.76,0.75,0.69,
06/30/2005,1254.0,,-701.0,,553.0,0.0,-304.0,148.0,132.0,,,156.0,249.0,-18.0,,27.0,,0.0,0.0,-9.0,231.0,-75.0,156.0,0.0,,,156.0,0.0,156.0,0.0,0.0,156.0,156.0,,152.627,1.02,1.02,1.02,155.059,1.0,1.0,1.0,
09/30/2005,1104.0,,-638.0,,466.0,,-280.0,,,,,,186.0,-32.0,30.0,30.0,,0.0,,2.0,154.0,-46.0,108.0,-1.0,,,109.0,0.0,109.0,0.0,0.0,109.0,109.0,0.7,150.835,0.72,0.71,0.71,152.882,0.71,0.7,0.7,
12/31/2005,1064.0,,-628.0,,436.0,,-285.0,,,,,,151.0,-31.0,32.0,32.0,,0.0,,-1.0,120.0,-37.0,83.0,0.0,,,83.0,0.0,83.0,0.0,0.0,83.0,83.0,,150.08,0.56,0.56,0.56,152.264,0.55,0.55,0.55,
03/31/2006,1157.0,,-677.0,,480.0,,-277.0,140.0,112.0,,,137.0,203.0,-35.0,,33.0,,0.0,,2.0,168.0,-58.0,110.0,0.0,,,110.0,0.0,110.0,0.0,0.0,110.0,110.0,,150.364,0.73,0.73,0.73,152.905,0.72,0.72,0.72,
06/30/2006,1319.0,,-742.0,,577.0,,-338.0,,,,,,239.0,-28.0,,32.0,,0.0,,-4.0,211.0,-69.0,142.0,0.0,,,142.0,0.0,142.0,0.0,0.0,142.0,142.0,,150.903,0.94,0.94,0.99,153.489,0.92,0.92,0.97,
09/30/2006,1161.0,,-663.0,,498.0,,-296.0,153.0,117.0,,,143.0,202.0,-27.0,,29.0,,0.0,,-2.0,175.0,-63.0,112.0,0.0,,,112.0,0.0,112.0,0.0,0.0,112.0,112.0,,151.143,0.74,0.74,0.74,153.568,0.73,0.73,0.73,
12/31/2006,1101.0,,-639.0,,462.0,,-298.0,162.0,109.0,,,136.0,164.0,-28.0,,29.0,,0.0,,-1.0,136.0,-45.0,91.0,-5.0,,,96.0,0.0,96.0,0.0,0.0,96.0,96.0,2.676,151.413,0.63,0.6,0.617,153.885,0.62,0.59,0.607,
03/31/2007,1241.0,,-704.0,,537.0,,-309.0,162.0,121.0,,,147.0,228.0,-35.0,,28.0,,0.0,,7.0,193.0,-64.0,129.0,0.0,,,129.0,0.0,129.0,0.0,0.0,129.0,129.0,,151.469,0.85,0.85,0.89,153.97,0.84,0.84,0.88,
06/30/2007,1344.0,,-750.0,,594.0,0.0,-321.0,165.0,127.0,,,156.0,273.0,-34.0,,27.0,,,,7.0,239.0,-75.0,164.0,,,,164.0,,164.0,0.0,0.0,164.0,164.0,,151.758,1.08,1.08,1.08,154.309,1.07,1.07,1.07,
09/30/2007,1239.0,,-711.0,,528.0,,-296.0,155.0,118.0,,,141.0,232.0,-58.0,,33.0,,0.0,,25.0,174.0,-63.0,111.0,0.0,,,111.0,0.0,111.0,0.0,0.0,111.0,111.0,,143.778,0.77,0.77,0.89,146.127,0.76,0.76,0.88,
12/31/2007,1186.0,,-707.0,,479.0,,-305.0,168.0,109.0,,,137.0,174.0,-46.0,,46.0,,0.0,,0.0,128.0,-36.0,92.0,0.0,,,92.0,0.0,92.0,0.0,0.0,92.0,92.0,,138.75,0.66,0.66,0.69,141.026,0.65,0.65,0.68,
03/31/2008,1353.0,,-815.0,,538.0,,-332.0,182.0,123.0,,,150.0,206.0,-55.0,,46.0,,0.0,,9.0,151.0,-51.0,100.0,0.0,,,100.0,0.0,100.0,0.0,0.0,100.0,100.0,,138.008,0.72,0.72,0.85,140.3,0.71,0.71,0.84,
06/30/2008,1495.0,,-865.0,,630.0,0.0,-354.0,185.0,136.0,,,169.0,276.0,-36.0,,43.0,,,,-7.0,240.0,-82.0,158.0,,,,158.0,,158.0,0.0,0.0,158.0,158.0,1.31668,137.997,1.15,1.15,1.159,140.206,1.13,1.13,1.139,
09/30/2008,1384.0,1384.0,-822.0,822.0,562.0,0.0,-331.0,303.0,,,27.0,1.0,231.0,-45.0,40.0,42.0,-2.0,,,5.0,186.0,-58.0,128.0,0.0,0.0,0.0,128.0,0.0,128.0,0.0,0.0,128.0,133.5944,5.5944,138.457,0.91,0.91,0.96488,139.86,0.9,0.9,0.94,
12/31/2008,1216.0,1216.0,-730.0,730.0,486.0,0.0,-307.0,279.0,,,27.0,1.0,179.0,-48.0,43.0,44.0,-1.0,,,5.0,131.0,-45.0,86.0,0.0,0.0,0.0,86.0,0.0,86.0,0.0,0.0,86.0,88.82146,2.82146,139.086,0.62,0.62,0.638608,141.073,0.62,0.62,0.638608,
03/31/2009,1350.0,1350.0,-739.0,739.0,611.0,0.0,-340.0,299.0,,,27.0,14.0,271.0,-38.0,38.0,39.0,-1.0,,,0.0,233.0,-80.0,153.0,0.0,0.0,0.0,153.0,0.0,153.0,0.0,0.0,153.0,168.6,15.6,139.213,1.09,1.09,1.211094,140.002,1.08,1.08,1.191427,
06/30/2009,1208.0,1208.0,-663.0,663.0,545.0,0.0,-331.0,296.0,,,32.0,3.0,214.0,-55.0,36.0,36.0,0.0,,,19.0,159.0,-54.0,105.0,-65.0,-65.0,0.0,170.0,0.0,170.0,0.0,0.0,170.0,96.34844,-8.65156,139.303,1.220361,0.753753,0.691647,140.442,1.210464,0.74764,0.686037,
09/30/2009,1303.0,1303.0,-720.0,720.0,583.0,0.0,-320.0,294.0,,,26.0,0.0,263.0,-46.0,35.0,36.0,-1.0,,,11.0,217.0,-77.0,140.0,-17.0,-17.0,0.0,157.0,0.0,157.0,0.0,0.0,157.0,140.0,0.0,139.743,1.12,1.0,1.0,140.861,1.11,0.99,0.99,
12/31/2009,1215.0,1215.0,-686.0,686.0,529.0,0.0,-337.0,308.0,,,29.0,0.0,192.0,-55.0,36.0,37.0,-1.0,,,19.0,137.0,-44.0,93.0,-17.0,-17.0,0.0,110.0,0.0,110.0,0.0,0.0,110.0,93.0,0.0,140.303,0.78,0.66,0.66,141.528,0.77,0.66,0.66,
03/31/2010,1287.0,1287.0,-713.0,713.0,574.0,0.0,-330.0,300.0,,,30.0,0.0,244.0,-35.0,,34.0,,,,1.0,209.0,-66.0,143.0,-22.0,-22.0,0.0,165.0,0.0,165.0,0.0,0.0,165.0,143.13,0.13,140.764,1.17,1.01,1.016808,142.014,1.16,1.0,1.000915,
06/30/2010,1429.0,1429.0,-796.0,796.0,633.0,0.0,-359.0,326.0,,,33.0,0.0,274.0,-32.0,31.0,32.0,-1.0,,,1.0,242.0,-92.0,150.0,-21.0,-21.0,0.0,171.0,0.0,171.0,0.0,0.0,171.0,152.6,2.6,140.28,1.21,1.06,1.087824,141.651,1.2,1.05,1.068355,
09/30/2010,1266.0,1266.0,-705.0,705.0,561.0,0.0,-328.0,299.0,,,29.0,0.0,233.0,-31.0,32.0,32.0,0.0,,-1.0,0.0,202.0,-62.0,140.0,-76.0,-76.0,0.0,216.0,0.0,216.0,0.0,0.0,216.0,142.81864,2.81864,139.475,1.54,0.99,1.023973,140.932,1.52,0.98,1.0,
12/31/2010,1179.0,1179.0,-687.0,687.0,492.0,0.0,-583.0,297.0,,,28.0,258.0,-91.0,-21.0,32.0,33.0,-1.0,,,-11.0,-112.0,-51.0,-163.0,-184.0,-184.0,0.0,21.0,0.0,21.0,0.0,0.0,21.0,99.16034,262.16034,138.678,0.15,-1.17,0.71504,138.678,0.15,-1.17,0.71504,
03/31/2011,1304.0,1304.0,-729.0,729.0,575.0,0.0,-336.0,307.0,,,29.0,0.0,239.0,-20.0,,29.0,,,,-9.0,219.0,-78.0,141.0,-10.0,-10.0,0.0,151.0,0.0,151.0,0.0,0.0,151.0,145.13067,4.13067,136.364,1.1,1.03,1.064289,137.689,1.09,1.02,1.05,
06/30/2011,1482.0,1482.0,-837.0,837.0,645.0,0.0,-363.0,334.0,,,29.0,0.0,282.0,-28.0,28.0,29.0,-1.0,,,0.0,254.0,-85.0,169.0,0.0,0.0,0.0,169.0,0.0,169.0,0.0,0.0,169.0,171.6,2.6,132.279,1.27,1.27,1.297258,133.667,1.26,1.26,1.279451,
09/30/2011,1305.0,1305.0,-759.0,759.0,546.0,0.0,-336.0,308.0,,,28.0,0.0,210.0,-23.0,28.0,29.0,-1.0,,,-5.0,187.0,-57.0,130.0,0.0,0.0,0.0,130.0,0.0,130.0,0.0,0.0,130.0,135.34444,5.34444,131.968,0.99,0.99,1.025585,133.611,0.98,0.98,1.02,
12/31/2011,1221.0,1221.0,-714.0,714.0,507.0,0.0,-328.0,299.0,,,29.0,0.0,179.0,-24.0,29.0,30.0,-1.0,,,-5.0,155.0,-50.0,105.0,0.0,0.0,0.0,105.0,0.0,105.0,0.0,0.0,105.0,105.0,0.0,131.112,0.79,0.79,0.79,132.358,0.79,0.79,0.79,
03/31/2012,1401.0,1401.0,-808.0,808.0,593.0,0.0,-367.0,337.0,,,30.0,0.0,226.0,-28.0,,33.0,,,,-5.0,198.0,-64.0,134.0,2.0,2.0,0.0,132.0,0.0,132.0,0.0,0.0,132.0,134.0,0.0,130.266,1.02,1.03,1.03,131.607,1.01,1.02,1.02,
06/30/2012,1541.0,1541.0,-883.0,883.0,658.0,0.0,-370.0,336.0,,,34.0,0.0,288.0,-37.0,32.0,33.0,-1.0,,,5.0,251.0,-77.0,174.0,0.0,0.0,0.0,174.0,0.0,174.0,0.0,0.0,174.0,174.0,0.0,130.061,1.34,1.34,1.34,131.395,1.32,1.32,1.32,
09/30/2012,1338.0,1338.0,-764.0,764.0,574.0,0.0,-347.0,317.0,,,30.0,0.0,227.0,-33.0,33.0,33.0,0.0,,,0.0,194.0,-61.0,133.0,0.0,0.0,0.0,133.0,0.0,133.0,0.0,0.0,133.0,133.0,0.0,130.268,1.02,1.02,1.02,131.702,1.01,1.01,1.01,
12/31/2012,1325.0,1325.0,-762.0,762.0,563.0,0.0,-351.0,320.0,,,31.0,0.0,212.0,-24.0,32.0,33.0,-1.0,,,-8.0,188.0,-65.0,123.0,0.0,0.0,0.0,123.0,0.0,123.0,0.0,0.0,123.0,123.0,0.0,130.991,0.94,0.94,0.94,132.444,0.93,0.93,0.93,
03/31/2013,1413.0,1413.0,-818.0,818.0,595.0,0.0,-362.0,328.0,,,34.0,0.0,233.0,-31.0,29.0,30.0,-1.0,,,2.0,202.0,-68.0,134.0,1.0,1.0,0.0,133.0,0.0,133.0,0.0,0.0,133.0,134.0,0.0,131.619,1.01,1.01,1.01,133.475,1.0,1.0,1.0,
06/30/2013,1457.0,1457.0,-798.0,798.0,659.0,0.0,-361.0,326.0,,,35.0,0.0,298.0,-30.0,25.0,26.0,-1.0,,,5.0,268.0,-85.0,183.0,0.0,0.0,0.0,183.0,0.0,183.0,0.0,0.0,183.0,181.7,-1.3,131.42,1.392482,1.392482,1.38259,133.989,1.365784,1.365784,1.356081,
09/30/2013,1343.0,1343.0,-759.0,759.0,584.0,0.0,-345.0,314.0,,,31.0,0.0,239.0,-28.0,25.0,26.0,-1.0,,,3.0,211.0,-72.0,139.0,3.0,3.0,0.0,136.0,0.0,136.0,0.0,0.0,136.0,139.0,0.0,130.074,1.04,1.07,1.07,132.237,1.03,1.05,1.05,
12/31/2013,1308.0,1308.0,-753.0,753.0,555.0,0.0,-349.0,318.0,,,31.0,0.0,206.0,-22.0,26.0,26.0,0.0,,-5.0,1.0,184.0,-66.0,118.0,3.0,3.0,0.0,115.0,0.0,115.0,0.0,0.0,115.0,118.0,0.0,129.836,0.89,0.91,0.91,132.278,0.87,0.9,0.9,
03/31/2014,1366.0,1366.0,-791.0,791.0,575.0,0.0,-326.0,298.0,,,28.0,0.0,249.0,-23.0,24.0,25.0,-1.0,,-3.0,2.0,226.0,-75.0,151.0,14.0,14.0,0.0,137.0,0.0,137.0,0.0,0.0,137.0,151.0,0.0,129.318,1.05,1.16,1.16,131.555,1.04,1.14,1.14,
06/30/2014,1497.0,1497.0,-855.0,855.0,642.0,0.0,-359.0,324.0,,,35.0,0.0,283.0,-20.0,25.0,26.0,-1.0,,-2.0,-3.0,263.0,-92.0,171.0,1.0,1.0,0.0,170.0,0.0,170.0,0.0,0.0,170.0,169.7,-1.3,129.005,1.32,1.32,1.315453,131.225,1.29,1.3,1.290093,
09/30/2014,1352.0,1352.0,-774.0,774.0,578.0,0.0,-331.0,301.0,,,30.0,0.0,247.0,-29.0,25.0,26.0,-1.0,4.0,,0.0,218.0,-73.0,145.0,55.0,55.0,0.0,90.0,0.0,90.0,0.0,0.0,90.0,145.0,0.0,129.312,0.7,1.12,1.12,131.369,0.68,1.1,1.1,
12/31/2014,1345.0,1345.0,-773.0,773.0,572.0,0.0,-351.0,318.0,,,33.0,0.0,221.0,-24.0,25.0,26.0,-1.0,,,-1.0,197.0,-69.0,128.0,3.0,3.0,0.0,125.0,0.0,125.0,0.0,0.0,125.0,128.0,0.0,130.555,0.96,0.98,0.98,132.819,0.95,0.97,0.97,
03/31/2015,1401.0,1401.0,-796.0,796.0,605.0,0.0,-364.0,330.0,,,34.0,0.0,241.0,-24.0,24.0,25.0,-1.0,,,0.0,217.0,-73.0,144.0,-30.0,-30.0,0.0,174.0,0.0,174.0,0.0,0.0,174.0,144.0,0.0,131.833,1.31,1.09,1.09,134.115,1.3,1.08,1.08,
06/30/2015,1557.0,1557.0,-847.0,847.0,710.0,0.0,-411.0,372.0,151.0,221.0,39.0,0.0,299.0,-10.0,22.0,23.0,-1.0,,,-12.0,289.0,-100.0,189.0,-2.0,-2.0,0.0,191.0,0.0,191.0,0.0,0.0,191.0,189.0,0.0,129.472,1.48,1.46,1.46,131.717,1.46,1.44,1.44,
09/30/2015,1390.0,1390.0,-765.0,765.0,625.0,0.0,-339.0,309.0,123.0,186.0,30.0,0.0,286.0,-22.0,22.0,23.0,-1.0,,,0.0,264.0,-91.0,173.0,1.0,1.0,0.0,172.0,0.0,172.0,0.0,0.0,172.0,173.0,0.0,129.155,1.33,1.34,1.34,131.22,1.31,1.32,1.32,
12/31/2015,1345.0,1345.0,-745.0,745.0,600.0,0.0,-351.0,317.0,126.0,191.0,34.0,0.0,249.0,-19.0,20.0,22.0,-2.0,,,-1.0,230.0,-79.0,151.0,2.0,2.0,0.0,149.0,0.0,149.0,0.0,0.0,149.0,151.0,0.0,129.543,1.15,1.16,1.16,131.546,1.13,1.14,1.14,
03/31/2016,1426.0,1426.0,-780.0,780.0,646.0,0.0,-385.0,350.0,146.0,204.0,35.0,0.0,261.0,-24.0,21.0,22.0,-1.0,,,3.0,237.0,-78.0,159.0,-3.0,-3.0,0.0,162.0,0.0,162.0,0.0,0.0,162.0,159.0,0.0,129.69,1.25,1.23,1.23,131.647,1.23,1.21,1.21,
06/30/2016,1600.0,1600.0,-873.0,873.0,727.0,0.0,-459.0,417.0,192.0,225.0,42.0,0.0,268.0,-16.0,20.0,21.0,-1.0,,,-4.0,252.0,-87.0,165.0,0.0,0.0,0.0,165.0,0.0,165.0,0.0,0.0,165.0,164.35,-0.65,129.502,1.28,1.28,1.269092,131.511,1.26,1.26,1.255057,
09/30/2016,1443.0,1443.0,-803.0,803.0,640.0,0.0,-359.0,328.0,128.0,200.0,31.0,0.0,281.0,-17.0,21.0,22.0,-1.0,,,-4.0,264.0,-85.0,179.0,0.0,0.0,0.0,179.0,0.0,179.0,0.0,0.0,179.0,179.0,0.0,129.449,1.39,1.39,1.39,132.193,1.36,1.36,1.36,
12/31/2016,1406.0,1406.0,-777.0,777.0,629.0,0.0,-357.0,325.0,128.0,197.0,32.0,0.0,272.0,-45.0,21.0,22.0,-1.0,,,24.0,227.0,-77.0,150.0,1.0,1.0,0.0,149.0,0.0,149.0,0.0,0.0,149.0,150.0,0.0,128.497,1.16,1.16,1.16,130.775,1.14,1.14,1.14,
03/31/2017,1477.0,1477.0,-827.0,827.0,650.0,0.0,-397.0,362.0,161.0,201.0,35.0,0.0,253.0,-6.0,21.0,22.0,-1.0,,,-15.0,247.0,-75.0,172.0,0.0,0.0,0.0,172.0,0.0,172.0,0.0,0.0,172.0,172.0,0.0,128.752,1.34,1.34,1.34,131.362,1.31,1.31,1.31,
06/30/2017,1647.0,1647.0,-895.0,895.0,752.0,0.0,-431.0,394.0,182.0,212.0,37.0,0.0,321.0,-26.0,21.0,22.0,-1.0,,,5.0,295.0,-93.0,202.0,1.0,1.0,0.0,201.0,0.0,201.0,0.0,0.0,201.0,198.75,-3.25,129.113,1.55,1.56,1.539349,131.914,1.52,1.53,1.505363,
09/30/2017,1500.0,1500.0,-827.0,827.0,673.0,0.0,-370.0,338.0,134.0,204.0,32.0,0.0,303.0,-24.0,20.0,21.0,-1.0,,,4.0,279.0,-87.0,192.0,0.0,0.0,0.0,192.0,0.0,192.0,0.0,0.0,192.0,192.0,0.0,129.019,1.49,1.49,1.49,131.509,1.46,1.46,1.46,
12/31/2017,1416.0,1416.0,-807.0,807.0,609.0,0.0,-368.0,337.0,140.0,197.0,31.0,0.0,241.0,-14.0,18.0,20.0,-2.0,,,-4.0,227.0,6.0,233.0,0.0,0.0,0.0,233.0,0.0,233.0,0.0,0.0,233.0,152.0,-81.0,129.359,1.81,1.81,1.175025,131.655,1.77,1.77,1.154756,
03/31/2018,1517.0,1517.0,-868.0,868.0,649.0,0.0,-390.0,358.0,150.0,208.0,32.0,0.0,259.0,-17.0,19.0,20.0,-1.0,,,-2.0,242.0,-61.0,181.0,0.0,0.0,0.0,181.0,0.0,181.0,0.0,0.0,181.0,181.0,0.0,129.694,1.39,1.39,1.39,131.9,1.37,1.37,1.37,
06/30/2018,1691.0,1691.0,-947.0,947.0,744.0,0.0,-411.0,374.0,146.0,228.0,37.0,0.0,333.0,-27.0,18.0,24.0,-6.0,,,9.0,306.0,-89.0,217.0,0.0,0.0,0.0,217.0,0.0,217.0,0.0,0.0,217.0,217.0,0.0,129.694,1.69,1.69,1.69,131.9,1.66,1.66,1.66,
09/30/2018,1563.0,1563.0,-885.0,885.0,678.0,0.0,-383.0,351.0,139.0,212.0,32.0,0.0,295.0,-27.0,23.0,24.0,-1.0,,,4.0,268.0,-58.0,210.0,0.0,0.0,0.0,210.0,0.0,210.0,0.0,0.0,210.0,210.0,0.0,127.803,1.65,1.65,1.65,129.946,1.62,1.62,1.62,
12/31/2018,1473.0,1473.0,-830.0,830.0,643.0,0.0,-388.0,356.0,145.0,211.0,32.0,0.0,255.0,-31.0,24.0,24.0,0.0,,,7.0,224.0,-42.0,182.0,0.0,0.0,0.0,182.0,0.0,182.0,0.0,0.0,182.0,182.0,0.0,128.068,1.42,1.42,1.42,130.094,1.4,1.4,1.4,
03/31/2019,1551.0,1551.0,-878.0,878.0,673.0,0.0,-411.0,377.0,161.0,216.0,34.0,0.0,262.0,-22.0,23.0,24.0,-1.0,,,-1.0,240.0,-53.0,187.0,0.0,0.0,0.0,187.0,0.0,187.0,0.0,0.0,187.0,187.0,0.0,128.404,1.46,1.46,1.46,130.266,1.44,1.44,1.44,
06/30/2019,1627.0,1627.0,-893.0,893.0,734.0,0.0,-422.0,384.0,167.0,217.0,38.0,0.0,312.0,-20.0,24.0,25.0,-1.0,,,-4.0,292.0,-51.0,241.0,0.0,0.0,0.0,241.0,0.0,241.0,0.0,0.0,241.0,241.0,0.0,126.663,1.91,1.91,1.91,128.423,1.88,1.88,1.88,
09/30/2019,1506.0,1506.0,-843.0,843.0,663.0,0.0,-378.0,348.0,137.0,211.0,30.0,0.0,285.0,-27.0,25.0,25.0,0.0,,,2.0,258.0,-55.0,203.0,0.0,0.0,0.0,203.0,0.0,203.0,0.0,0.0,203.0,203.0,0.0,125.823,1.61,1.61,1.61,127.465,1.59,1.59,1.59,
12/31/2019,1449.0,1449.0,-810.0,810.0,639.0,0.0,-384.0,350.0,140.0,210.0,34.0,0.0,255.0,-20.0,24.0,25.0,-1.0,,,-4.0,235.0,-50.0,185.0,0.0,0.0,0.0,185.0,0.0,185.0,0.0,0.0,185.0,185.0,0.0,125.44,1.48,1.48,1.48,126.879,1.46,1.46,1.46,
03/31/2020,1783.0,1783.0,-951.0,951.0,832.0,0.0,-492.0,453.0,184.0,269.0,39.0,0.0,340.0,-43.0,24.0,24.0,0.0,,,19.0,297.0,-56.0,241.0,0.0,0.0,0.0,241.0,0.0,241.0,0.0,0.0,241.0,241.0,0.0,125.661,1.92,1.92,1.92,127.328,1.89,1.89,1.89,
06/30/2020,1983.0,1983.0,-1054.0,1054.0,929.0,0.0,-535.0,493.0,214.0,279.0,42.0,0.0,394.0,1.0,24.0,25.0,-1.0,,,-25.0,395.0,-85.0,310.0,0.0,0.0,0.0,310.0,0.0,310.0,0.0,0.0,310.0,311.58,1.58,126.387,2.45,2.45,2.465285,128.494,2.41,2.41,2.422296,
09/30/2020,1766.5,,,,795.260635,,,,,,,,336.286,,,,,,,,390.5,,303.667,,,,,,303.667,,,303.667,303.667,,,2.303,2.303,2.285,,2.303,2.303,2.285,
12/31/2020,1657.2,,,,745.590852,,,,,,,,293.857,,,,,,,,272.5,,210.778,,,,,,210.778,,,210.778,210.778,,,1.659,1.659,1.666,,1.659,1.659,1.666,
