Date,Net Revenue,Net Interest Income,Total Interest Income,Interest Income,Investment Income,Total Interest Expense,Total Non-Interest Income,Trading Securities G/L,Trading Account Profits/Losses,Investment & Loan Inc (Loss),Other Income (Loss),Commissions & Fees Earned,Other Operating Income (Losses),Provision for Loan Losses,Net Revenue after Provisions,Total Non-Interest Expense,Commissions & Fees Paid,Other Operating Expenses,Operating Income (Loss),Non-Operating (Income) Loss,(Income) Loss from Affiliates,Other Non-Op (Income) Loss,"Pretax Income (Loss), GAAP",Income Tax Expense (Benefit),Income (Loss) from Cont Ops,Net Extraordinary Losses (Gains),Discontinued Operations,XO & Accounting Changes,Income (Loss) Incl. MI,Minority Interest,"Net Income, GAAP",Preferred Dividends,Other Adjustments,"Net Income Avail to Common, GAAP","Net Income Avail to Common, Adj",Net Abnormal Losses (Gains),Basic Weighted Avg Shares,"Basic EPS, GAAP",Basic EPS from Cont Ops,"Basic EPS from Cont Ops, Adjusted",Diluted Weighted Avg Shares,"Diluted EPS, GAAP",Diluted EPS from Cont Ops,"Diluted EPS from Cont Ops, Adjusted",Source: Bloomberg
03/31/1990,162.539004,124.513004,295.278004,233.774002,61.504002,-170.764999,38.026,-0.002,,,,26.719,11.309,-11.785,150.754004,-104.819,0.0,104.819,45.935001,0.0,,0.0,45.935001,-12.278,33.657001,0.0,,,33.657001,0.0,33.657001,-0.904,,32.753002,32.753002,,83.124001,0.393333,0.393333,,83.124001,0.393333,0.393333,0.393333,
06/30/1990,168.270001,129.639,300.312996,238.634995,61.678001,-170.673996,38.631001,0.001,,,,27.318001,11.312,-15.209,153.061001,-106.638,0.0,106.638,46.423,0.0,,0.0,46.423,-11.912,34.511002,0.0,,,34.511001,0.0,34.511002,-0.903,,33.608002,33.608002,,83.2185,0.404444,0.404444,,83.2185,0.404444,0.404444,0.404444,
09/30/1990,172.614994,131.668995,302.541996,241.690994,60.851002,-170.873001,40.945999,0.327,,,,27.275999,13.343,-13.621,158.993994,-110.089996,0.0,110.089996,48.903999,0.0,,0.0,48.903999,-13.094,35.810001,0.0,,,35.809999,0.0,35.810001,-0.904,,34.906001,34.906001,,83.326501,0.42,0.42,,83.326501,0.42,0.42,0.42,
12/31/1990,181.432004,139.270004,320.184006,251.363007,68.820999,-180.914001,42.162,2.374,,,,62.187,-22.399,-19.377001,162.055004,-118.942001,0.0,118.942001,43.112999,0.6,,-0.6,43.712999,-11.227,32.486,0.0,,,32.485999,0.0,32.486,-0.903,,31.583,31.583,,83.600996,0.377778,0.377778,,83.600996,0.377778,0.377778,0.377778,
03/31/1991,334.353023,247.749023,571.234009,571.234009,0.0,-323.484985,86.604,0.465,,,,86.139,0.0,-23.351999,311.001024,-224.110992,0.0,224.110992,86.889999,0.0,,0.0,86.889999,-23.910999,62.979,0.0,,,62.979,0.0,62.979,-0.904,,62.075,62.075,,160.537497,0.386667,0.386667,,160.537497,0.386667,0.386667,0.386667,
06/30/1991,344.317006,252.222008,547.584007,424.156006,123.428001,-295.362,92.094998,0.105,,,,69.503998,22.486,-25.506001,318.811005,-226.188004,0.0,226.188004,92.623001,0.0,,0.0,92.623001,-25.083,67.540001,0.0,,,67.540001,0.0,67.540001,-0.903,,66.637001,66.637001,,163.196995,0.406667,0.406667,,163.196995,0.406667,0.406667,0.406667,
09/30/1991,349.505014,256.473015,543.089012,425.493011,117.596001,-286.615997,93.031999,0.7,,,,66.794998,25.537001,-25.181,324.324014,-229.166,0.0,229.166,95.157997,0.0,,0.0,95.157997,-26.18,68.977997,0.0,,,68.977997,0.0,68.977997,-0.904,,68.073997,68.073997,,171.225002,0.393333,0.393333,,171.225002,0.393333,0.393333,0.393333,
12/31/1991,364.615035,263.440033,532.215027,532.215027,0.0,-268.774994,101.175002,0.109,,,,101.066002,0.0,-28.988001,335.627034,-232.891006,0.0,232.891006,102.736,0.0,,0.0,102.736,-28.612,74.124001,0.0,,,74.124,0.0,74.124001,-1.807,,72.317001,72.317001,,172.221003,0.426667,0.426667,0.426667,172.221003,0.426667,0.426667,0.426667,
03/31/1992,380.726009,277.775009,512.192017,512.192017,0.0,-234.417007,102.950999,2.353,,,,100.598,0.0,-29.679001,351.047008,-241.128006,0.0,241.128006,109.918999,0.0,,0.0,109.918999,-31.398001,78.521004,0.0,,,78.520998,0.0,78.521004,-0.904,,77.617004,77.617004,,174.186001,0.43,0.43,,174.186001,0.43,0.43,0.43,
06/30/1992,380.364995,279.776993,492.408997,492.408997,0.0,-212.632004,100.588002,0.134,,,,100.454002,0.0,-30.778,349.586995,-239.860001,0.0,239.860001,109.726997,-128.0,,128.0,-18.273003,5.817,-12.456,0.0,,,-12.456003,0.0,-12.456,-0.903,,-13.359,-13.359,,178.607998,-0.073333,-0.073333,,178.607998,-0.073333,-0.073333,-0.073333,
09/30/1992,384.968991,280.588989,470.622986,470.622986,0.0,-190.033997,104.380002,0.717,,,,103.663002,0.0,-27.045,357.923991,-236.970993,0.0,236.970993,120.953003,0.0,,0.0,120.953003,-34.27,86.682999,0.0,,,86.683002,0.0,86.682999,-0.903,,85.779999,85.779999,,178.761005,0.48,0.48,,178.761005,0.48,0.48,0.48,
12/31/1992,386.559992,283.304992,457.964996,457.964996,0.0,-174.660004,103.255,3.116,,,,100.139,0.0,-24.059999,362.499993,-246.063995,0.0,246.063995,116.435997,0.0,,0.0,116.435997,-28.752001,87.683998,0.0,,,87.683996,0.0,87.683998,-0.903,,86.780998,86.780998,,173.942997,0.483333,0.483333,0.483333,173.942997,0.483333,0.483333,0.483333,
03/31/1993,391.580005,281.902008,447.147003,349.660004,97.487,-165.244995,109.677997,0.634,,,,77.324997,31.719,-22.0,369.580005,-252.434998,0.0,252.434998,117.144997,0.0,,0.0,117.144997,-34.02,83.125,0.0,,,83.124996,0.0,83.125,-0.042,,83.083,83.083,,180.021,0.46,0.46,,180.021,0.46,0.46,0.46,
06/30/1993,395.091986,283.583984,446.023987,354.928986,91.095001,-162.440002,111.508002,0.407,,,,81.357002,29.743999,-18.0,377.091986,-255.292007,0.0,255.292007,121.800003,0.0,,0.0,121.800003,-38.073002,83.726997,0.0,,,83.727001,0.0,83.726997,0.0,,83.726997,83.726997,,180.274498,0.466667,0.466667,,180.274498,0.466667,0.466667,0.466667,
09/30/1993,389.92899,279.914993,438.087997,356.994995,81.093002,-158.173004,110.013997,0.526,,,,78.964996,30.523001,-15.0,374.92899,-253.820999,0.0,253.820999,121.108002,0.0,,0.0,121.108002,-37.411999,83.695999,0.0,,,83.696003,0.0,83.695999,0.0,,83.695999,83.695999,,180.120003,0.466667,0.466667,,180.120003,0.466667,0.466667,0.466667,
12/31/1993,419.438991,288.136993,451.593994,358.378998,93.214996,-163.457001,131.301998,32.410999,,,,80.390999,18.5,-14.0,405.438991,-254.917007,0.0,254.917007,150.522003,-22.0,,22.0,128.522003,-38.431999,90.089996,0.0,,,90.090004,0.0,90.089996,0.0,,90.089996,90.089996,,177.131996,0.506667,0.506667,0.506667,177.131996,0.506667,0.506667,0.506667,
03/31/1994,402.236,290.291,455.395004,351.945007,103.449997,-165.104004,111.945,0.424,,,,78.834999,32.686001,-15.0,387.236,-251.705994,0.0,251.705994,135.529999,0.0,,0.0,135.529999,-44.667,90.862999,0.0,,,90.862999,0.0,90.862999,0.0,,90.862999,90.862999,,173.195995,0.526667,0.526667,,173.195995,0.526667,0.526667,0.526667,
06/30/1994,429.98099,314.553993,514.056999,387.559998,126.497002,-199.503006,115.426996,0.358,,,,81.947998,33.120998,-15.0,414.98099,-264.877014,0.0,264.877014,150.104004,0.0,,0.0,150.104004,-50.925999,99.178001,0.0,,,99.178005,0.0,99.178001,0.0,,99.178001,99.178001,,179.294998,0.553333,0.553333,,179.294998,0.553333,0.553333,0.553333,
09/30/1994,429.637007,312.999008,540.934006,412.997009,127.936996,-227.934998,116.637999,1.581,,,,81.448997,33.608002,-14.0,415.637007,-263.11499,0.0,263.11499,152.522003,0.0,,0.0,152.522003,-51.917999,100.603996,0.0,,,100.604004,0.0,100.603996,0.0,,100.603996,100.603996,,179.153996,0.56,0.56,,179.153996,0.56,0.56,0.56,
12/31/1994,434.910004,312.283005,581.53801,451.402008,130.136002,-269.255005,122.626999,1.098,,,,85.000999,36.528,-12.0,422.910004,-271.971008,0.0,271.971008,150.938995,-7.0,,7.0,143.938995,-47.341999,96.597,0.0,,,96.596996,0.0,96.597,0.0,,96.597,96.597,,177.293998,0.546667,0.546667,0.546667,177.293998,0.546667,0.546667,0.546667,
03/31/1995,431.998001,312.486,621.621986,494.67099,126.950996,-309.135986,119.512001,0.201,,,,82.885002,36.425999,-12.0,419.998001,-268.389008,0.0,268.389008,151.608994,0.0,,0.0,151.608994,-51.587002,100.022003,0.0,,,100.021992,0.0,100.022003,0.0,,100.022003,100.022003,,176.045998,0.566667,0.566667,,176.045998,0.566667,0.566667,0.566667,
06/30/1995,444.992974,323.050972,659.991982,532.018982,127.973,-336.94101,121.942002,0.071,,,,86.122002,35.749001,-15.5,429.492974,-276.09201,0.0,276.09201,153.401001,0.0,,0.0,153.401001,-51.868999,101.531998,0.0,,,101.532001,0.0,101.531998,0.0,,101.531998,101.531998,,177.657005,0.573333,0.573333,,177.657005,0.573333,0.573333,0.573333,
09/30/1995,451.438012,323.324013,661.678017,536.994019,124.683998,-338.354004,128.114,0.516,,,,86.766998,40.831001,-26.0,425.438012,-264.895996,0.0,264.895996,160.542007,0.0,,0.0,160.542007,-55.240002,105.302002,0.0,,,105.302006,0.0,105.302002,0.0,,105.302002,105.302002,,173.989494,0.606667,0.606667,,173.989494,0.606667,0.606667,0.606667,
12/31/1995,470.179017,341.022019,670.632004,542.604004,128.028,-329.609985,129.156998,10.96,,,,71.847,46.349998,-33.0,437.179017,-277.036987,0.0,277.036987,160.141998,0.0,,0.0,160.141998,-53.632,106.510002,0.0,,,106.509998,0.0,106.510002,0.0,,106.510002,106.510002,,174.0615,0.613333,0.613333,0.613333,174.0615,0.613333,0.613333,0.613333,
03/31/1996,486.688987,349.260986,654.429993,538.73999,115.690002,-305.169006,137.428001,0.36,,,,83.792999,53.275002,-28.5,458.188987,-278.975006,0.0,278.975006,179.214005,0.0,,0.0,179.214005,-62.608002,116.606003,0.0,,,116.606003,0.0,116.606003,0.0,,116.606003,116.606003,,176.675995,0.66,0.66,0.653333,178.741505,0.653333,0.653333,0.653333,
06/30/1996,477.278971,356.488976,642.191978,542.651978,99.540001,-285.703003,120.789996,3.31,,,,76.046997,41.432999,-25.0,452.278971,-270.196014,0.0,270.196014,182.082993,0.0,,0.0,182.082993,-63.862,118.221001,0.0,,,118.220993,0.0,118.221001,0.0,,118.221001,118.221001,,173.8545,0.68,0.68,0.666667,177.146999,0.67,0.67,0.67,
09/30/1996,463.595002,353.267006,633.420998,542.25,91.170998,-280.153992,110.327996,-0.276,,,,72.407997,38.195999,-28.5,435.095002,-253.634995,0.0,253.634995,181.460007,6.0,,-6.0,187.460007,-65.942001,121.517998,0.0,,,121.518005,0.0,121.517998,-4.75,,116.767998,116.767998,,164.461498,0.71,0.71,0.693333,168.807003,0.7,0.7,0.7,
12/31/1996,472.668991,353.260994,632.737007,544.234009,88.502998,-279.476013,119.407997,10.194,,,,75.103996,34.110001,-32.0,440.668991,-266.220001,0.0,266.220001,174.449005,-77.0,,77.0,97.449005,-36.632999,60.816002,0.0,,,60.816006,0.0,60.816002,-4.275,,56.541002,56.541002,,161.545499,0.35,0.35,0.656667,164.554505,0.35,0.35,0.65,
03/31/1997,458.178988,351.784988,627.242996,547.046997,80.195999,-275.458008,106.393999,0.122,,,,72.596001,33.675999,-41.0,417.178988,-248.737,0.0,248.737,168.442001,23.0,,-23.0,191.442001,-67.669998,123.772003,0.0,,,123.772003,0.0,123.772003,-4.275,,119.497003,119.497003,,159.901497,0.75,0.75,0.66,162.398998,0.74,0.74,0.652,
06/30/1997,484.975015,363.528015,663.326019,580.111023,83.214996,-299.798004,121.447,-1.359,,,,75.942001,46.863998,-34.0,450.975015,-249.259003,0.0,249.259003,201.716003,0.0,,0.0,201.716003,-72.005997,129.710007,0.0,,,129.710007,0.0,129.710007,-4.275,,125.435007,125.435007,,158.289001,0.79,0.79,0.79,160.707001,0.78,0.78,0.78,
09/30/1997,491.928024,361.581024,674.671021,591.231018,83.440002,-313.089996,130.346999,1.096,,,,77.503998,51.747002,-34.0,457.928024,-246.621994,0.0,246.621994,211.306,0.0,,0.0,211.306,-74.238998,137.067001,0.0,,,137.067001,0.0,137.067001,-4.275,,132.792001,132.792001,,157.971004,0.84,0.84,0.84,160.799995,0.83,0.83,0.83,
12/31/1997,507.645986,365.881988,682.162994,607.817993,74.345001,-316.281006,141.763998,5.836,,,,81.810997,54.117001,-37.0,470.645986,-257.368011,0.0,257.368011,213.278,0.0,,0.0,213.278,-72.350998,140.927002,0.0,,,140.927002,0.0,140.927002,-4.275,,136.652002,136.652002,,157.735497,0.86,0.86,0.86,159.75,0.85,0.85,0.85,
03/31/1998,500.459989,365.607986,673.860977,609.461975,64.399002,-308.252991,134.852003,-0.15,,,,87.315002,47.687,-28.0,472.459989,-249.873001,0.0,249.873001,222.587006,0.0,,0.0,222.587006,-78.204002,144.382996,0.0,,,144.383003,0.0,144.382996,-4.275,,140.107996,140.107996,,156.716995,0.89,0.89,0.89,159.768002,0.88,0.88,0.88,
06/30/1998,513.27299,364.477993,651.230007,592.721008,58.508999,-286.752014,148.794997,0.011,,,,90.544998,58.238998,-28.0,485.27299,-253.298996,0.0,253.298996,231.973999,0.0,,0.0,231.973999,-81.591003,150.382996,0.0,,,150.382996,0.0,150.382996,-4.275,,146.107996,146.107996,,155.992004,0.94,0.94,0.94,159.013,0.92,0.92,0.92,
09/30/1998,512.549011,360.435013,639.562027,585.840027,53.722,-279.127014,152.113999,0.174,,,,107.625999,44.313999,-21.0,491.549011,-253.820999,0.0,253.820999,237.727997,0.0,,0.0,237.727997,-83.237999,154.490005,0.0,,,154.489998,0.0,154.490005,-4.275,,150.215005,150.215005,,155.278,0.97,0.97,0.97,158.089996,0.95,0.95,0.95,
12/31/1998,524.136969,370.749969,652.120972,603.120972,49.0,-281.371002,153.387,6.081,,,,99.610001,47.695999,-36.0,488.136969,-256.050995,0.0,256.050995,232.085999,7.0,,-7.0,239.085999,-81.265999,157.820007,0.0,,,157.82,0.0,157.820007,-4.275,,153.545007,153.545007,,155.449005,0.99,0.99,0.96,158.197006,0.97,0.97,0.94,
03/31/1999,525.726,368.832,629.435,588.343,41.092,-260.603,156.894,1.202,,,,106.537,49.155,-20.0,505.726,-263.414,0.0,263.414,242.312,0.0,,0.0,242.312,-83.2,159.112,0.0,,,159.112,0.0,159.112,-4.275,,154.837,154.837,,155.857,0.99,0.99,0.99,158.434,0.98,0.98,0.98,
06/30/1999,553.293,379.642,641.501,602.334,39.167,-261.859,173.651,0.69,,,,122.694,50.267,-28.0,525.293,-288.88,0.0,288.88,236.413,0.0,,0.0,236.413,-90.031,167.382,0.0,,,146.382,0.0,167.382,-4.275,,163.107,163.107,,156.086,1.04,1.04,0.952,158.576,1.03,1.03,0.944,
09/30/1999,560.867,390.392,671.936,633.979,37.957,-281.544,170.475,0.049,,,,127.977,42.449,-21.0,539.867,-276.85,0.0,276.85,263.017,0.0,,0.0,263.017,-92.603,170.414,0.0,,,170.414,0.0,170.414,-4.275,,166.139,166.139,,156.154,1.06,1.06,1.06,158.311,1.05,1.05,1.05,
12/31/1999,594.143,408.275,729.838,686.474,43.364,-321.563,185.868,3.512,,,,131.403,50.953,-45.0,549.143,-296.813,0.0,296.813,261.33,9.0,,-9.0,270.33,-94.649,175.681,0.0,,,175.681,0.0,175.681,-4.275,0.0,171.406,171.406,,156.279,1.1,1.1,1.063,158.316,1.08,1.08,1.043,
03/31/2000,707.931,483.595,871.419,809.972,61.447,-387.824,224.336,12.811,,,,150.018,61.507,-66.894,641.037,-366.795,0.0,366.795,274.242,0.0,,0.0,274.242,-107.695,197.031,0.0,,,166.547,0.0,197.031,-4.275,0.0,192.756,192.756,,176.879,1.09,1.09,1.0,179.232,1.08,1.08,0.99,
06/30/2000,728.524,497.693,910.729,848.627,62.102,-413.036,230.831,9.888,,,,150.859,70.084,-56.6,671.924,-366.242,0.0,366.242,305.682,0.0,,0.0,305.682,-110.651,206.05,0.0,,,195.031,0.0,206.05,-4.275,0.0,201.775,201.775,,176.931,1.14,1.14,1.12,179.393,1.12,1.12,1.1,
09/30/2000,738.325,503.682,948.974,882.878,66.096,-445.292,234.643,1.316,,,,155.609,77.718,-43.3,695.025,-375.404,0.0,375.404,319.621,0.0,,0.0,319.621,-113.921,215.058,0.0,,,205.7,0.0,215.058,-4.27,0.0,210.788,210.788,,176.689,1.19,1.19,1.18,179.476,1.17,1.17,1.16,
12/31/2000,729.75,519.199,985.231,915.543,69.688,-466.032,210.551,22.141,,,,188.41,0.0,-88.006,641.744,-376.082,0.0,376.082,257.662,0.0,,0.0,257.662,-98.525,172.596,0.0,,,159.137,0.0,172.596,-4.28,0.0,168.316,168.316,,176.805,0.95,0.95,0.95,179.419,0.94,0.94,0.94,
03/31/2001,735.274,512.292,940.46,875.835,64.625,-428.168,222.982,26.866,,,,112.481,83.635,-47.0,688.274,-355.673,0.0,355.673,332.601,-172.304,,172.304,160.297,-66.705,93.592,0.0,,,93.592,0.0,93.592,-4.275,0.0,89.317,89.317,172.304,177.679,0.5,0.5,1.23,180.248,0.5,0.5,1.21,
06/30/2001,728.09,527.381,874.654,818.937,55.717,-347.273,200.709,0.0,,,,140.671,60.038,-37.0,691.09,-358.69,0.0,358.69,331.653,-11.168,,11.168,320.485,-112.013,208.472,0.0,,,208.472,0.0,208.472,-4.275,0.0,204.197,204.197,14.122,178.033,1.15,1.15,1.2,180.387,1.13,1.13,1.18,
09/30/2001,734.729,526.539,823.421,761.247,62.174,-296.882,208.19,0.0,,,,128.702,79.488,-58.0,676.729,-346.568,0.0,346.568,329.693,-10.826,,10.826,318.867,-110.332,208.535,0.0,,,208.535,0.0,208.535,-3.058,0.0,205.477,205.477,10.826,177.597,1.16,1.16,1.19,180.114,1.14,1.14,1.17,
12/31/2001,740.546,536.126,755.012,691.24,63.772,-218.886,204.42,0.0,,,,156.083,48.337,-69.0,671.546,-346.387,0.0,346.387,323.402,-12.414,,12.414,310.988,-112.009,198.979,0.0,,,198.979,0.0,198.979,0.0,0.0,198.979,198.979,,177.66,1.12,1.12,1.12,179.243,1.11,1.11,1.11,
03/31/2002,734.0,540.0,712.0,651.0,61.0,-172.0,194.0,1.0,,,,147.0,46.0,-75.0,659.0,-336.0,,336.0,323.0,6.0,-3.0,-3.0,326.0,-112.0,214.0,0.0,,,214.0,0.0,214.0,0.0,0.0,214.0,214.0,,176.16,1.22,1.22,1.22,178.488,1.2,1.2,1.2,
06/30/2002,752.0,531.0,705.0,641.0,64.0,-174.0,221.0,-7.0,,,,156.0,72.0,-133.0,619.0,-293.0,0.0,293.0,326.0,-54.0,,54.0,272.0,-88.0,184.0,0.0,,,184.0,0.0,184.0,0.0,0.0,184.0,184.0,35.75,176.0,1.05,1.05,1.25,178.0,1.03,1.03,1.23,
09/30/2002,735.0,528.0,694.0,631.0,63.0,-166.0,207.0,0.0,,,,152.0,55.0,-275.0,460.0,-357.0,0.0,357.0,97.0,-71.0,,71.0,26.0,-2.0,24.0,0.0,,,24.0,0.0,24.0,0.0,0.0,24.0,24.0,74.0,174.0,0.14,0.14,0.57,176.484,0.14,0.14,0.56,
12/31/2002,786.0,533.0,686.0,628.0,58.0,-153.0,253.0,50.0,,,,188.0,15.0,-147.0,639.0,-397.0,0.0,397.0,242.0,0.0,,0.0,242.0,-93.0,206.0,0.0,,,149.0,0.0,206.0,0.0,0.0,206.0,206.0,,175.613,1.18,1.18,1.18,175.613,1.18,1.18,1.18,
03/31/2003,729.0,511.0,646.0,599.0,47.0,-135.0,218.0,13.0,,,,158.0,47.0,-106.0,623.0,-367.0,0.0,367.0,256.0,0.0,,0.0,256.0,-82.0,176.0,0.0,,,174.0,0.0,176.0,0.0,0.0,176.0,176.0,,174.257,1.01,1.01,1.01,175.643,1.0,1.0,1.0,
06/30/2003,718.0,493.0,627.0,587.0,40.0,-134.0,225.0,29.0,,,,155.0,41.0,-111.0,607.0,-360.0,0.0,360.0,247.0,0.0,,0.0,247.0,-78.0,170.0,0.0,,,169.0,0.0,170.0,0.0,0.0,170.0,170.0,,175.0,0.98,0.98,0.98,176.078,0.97,0.97,0.97,
09/30/2003,684.0,465.0,579.0,542.0,37.0,-114.0,219.0,4.0,,,,161.0,54.0,-83.0,601.0,-377.0,0.0,377.0,224.0,0.0,,0.0,224.0,-69.0,157.0,0.0,,,155.0,0.0,157.0,0.0,0.0,157.0,157.0,,175.0,0.9,0.9,0.9,176.29,0.89,0.89,0.89,
12/31/2003,676.0,457.0,560.0,519.0,41.0,-103.0,219.0,8.0,,,,160.0,51.0,-77.0,599.0,-379.0,0.0,379.0,220.0,0.0,,0.0,220.0,-63.0,158.0,0.0,,,157.0,0.0,158.0,0.0,0.0,158.0,158.0,,175.555,0.9,0.9,0.9,176.559,0.89,0.89,0.89,
03/31/2004,662.0,445.0,543.0,503.0,40.0,-98.0,217.0,5.0,,,,163.0,49.0,-65.0,597.0,-369.0,0.0,369.0,228.0,0.0,,0.0,228.0,-69.0,162.0,0.0,,,159.0,0.0,162.0,0.0,0.0,162.0,162.0,,174.0,0.93,0.93,0.93,175.987,0.92,0.92,0.92,
06/30/2004,664.0,448.0,545.0,510.0,35.0,-97.0,216.0,1.0,,,,159.0,56.0,-20.0,644.0,-372.0,0.0,372.0,272.0,0.0,,0.0,272.0,-92.0,192.0,0.0,,,180.0,0.0,192.0,0.0,0.0,192.0,192.0,,172.0,1.11,1.11,1.08,174.248,1.1,1.1,1.07,
09/30/2004,660.0,451.0,558.0,522.0,36.0,-107.0,209.0,0.0,,,,157.0,52.0,0.0,660.0,-372.0,0.0,372.0,282.0,0.0,,0.0,282.0,-89.0,196.0,0.0,,,193.0,0.0,196.0,0.0,0.0,196.0,196.0,,170.435,1.15,1.15,1.15,172.864,1.13,1.13,1.13,
12/31/2004,668.0,466.0,591.0,555.0,36.0,-125.0,202.0,0.0,,,,184.0,18.0,21.0,689.0,-380.0,0.0,380.0,309.0,1.0,,-1.0,310.0,-103.0,207.0,0.0,,,207.0,0.0,207.0,0.0,0.0,207.0,207.0,,169.671997,1.22,1.22,1.22,172.223999,1.21,1.21,1.21,
03/31/2005,665.0,460.0,607.0,572.0,35.0,-147.0,205.0,9.0,,,,159.0,37.0,-1.0,664.0,-374.0,0.0,374.0,290.0,5.0,,-5.0,295.0,-96.0,199.0,0.0,,,199.0,0.0,199.0,0.0,0.0,199.0,199.0,,169.0,1.18,1.18,1.18,171.0,1.16,1.16,1.16,
06/30/2005,698.0,483.0,655.0,621.0,34.0,-172.0,215.0,9.0,,,,161.0,45.0,-2.0,696.0,-383.0,0.0,383.0,313.0,4.0,4.0,-8.0,317.0,-100.0,217.0,,,,217.0,0.0,217.0,0.0,0.0,217.0,217.0,,168.0,1.29,1.29,1.29,170.0,1.28,1.28,1.28,
09/30/2005,739.0,512.0,719.0,681.0,38.0,-207.0,227.0,11.0,,,,167.0,49.0,30.0,769.0,-422.0,0.0,422.0,347.0,5.0,,-5.0,352.0,-114.0,238.0,0.0,,,238.0,0.0,238.0,0.0,0.0,238.0,238.0,,166.0,1.43,1.43,1.43,168.0,1.41,1.41,1.41,
12/31/2005,724.0,501.0,745.0,704.0,41.0,-244.0,223.0,12.0,,,,167.0,44.0,20.0,744.0,-487.0,0.0,487.0,257.0,58.0,,-58.0,315.0,-108.0,207.0,0.0,,,207.0,0.0,207.0,0.0,0.0,207.0,207.0,-37.35,163.0,1.27,1.27,1.04,165.738,1.25,1.25,1.02,
03/31/2006,694.0,479.0,772.0,728.0,44.0,-293.0,215.0,8.0,,,,168.0,39.0,27.0,721.0,-449.0,,449.0,272.0,,,,272.0,-70.0,202.0,8.0,,,194.0,,194.0,0.0,,194.0,194.0,,164.057,1.2,1.25,1.25,164.057,1.18,1.23,1.23,
06/30/2006,727.0,502.0,847.0,802.0,45.0,-345.0,225.0,10.0,,,,170.0,45.0,-27.0,700.0,-404.0,,404.0,296.0,-1.0,-1.0,2.0,295.0,-95.0,200.0,,,,200.0,,200.0,0.0,,200.0,200.0,,161.0,1.24,1.24,1.24,163.0,1.22,1.22,1.22,
09/30/2006,705.0,502.0,893.0,850.0,43.0,-391.0,203.0,4.0,,,,156.0,43.0,-15.0,690.0,-400.0,,400.0,290.0,-7.0,,7.0,283.0,-88.0,195.0,-5.0,,,200.0,,200.0,,,200.0,200.0,4.55,160.0,1.25,1.22,1.25,162.0,1.23,1.2,1.23,
12/31/2006,717.0,502.0,912.0,870.0,42.0,-410.0,215.0,10.0,,,,158.0,47.0,-22.0,695.0,-457.0,,457.0,238.0,47.0,,-47.0,285.0,-100.0,185.0,-114.0,,,299.0,,299.0,,,299.0,299.0,-30.55,160.063,1.89,1.17,0.98,160.063,1.87,1.16,0.97,
03/31/2007,704.0,502.0,901.0,859.0,42.0,-399.0,202.0,5.0,,,,159.0,38.0,-23.0,681.0,-404.0,,404.0,277.0,-2.0,,2.0,275.0,-86.0,189.0,-1.0,,,190.0,0.0,190.0,0.0,,190.0,190.0,,156.0,1.21,1.21,1.22,159.0,1.19,1.19,1.2,
06/30/2007,734.0,509.0,933.0,887.0,46.0,-424.0,225.0,12.0,,,,160.0,53.0,-36.0,698.0,-422.0,,422.0,276.0,11.0,,-11.0,287.0,-91.0,196.0,,,,196.0,0.0,196.0,0.0,,196.0,196.0,,154.0,1.28,1.28,1.23,157.0,1.25,1.25,1.2,
09/30/2007,733.0,503.0,952.0,900.0,52.0,-449.0,230.0,26.0,,,,164.0,40.0,-45.0,688.0,-417.0,,417.0,271.0,-6.0,,6.0,265.0,-85.0,180.0,-1.0,,,181.0,0.0,181.0,0.0,,181.0,181.0,,151.0,1.2,1.18,1.21,153.0,1.18,1.17,1.2,
12/31/2007,719.0,489.0,944.0,878.0,66.0,-455.0,230.0,13.0,,,,173.0,44.0,-108.0,611.0,-432.0,0.0,432.0,179.0,-18.0,,18.0,161.0,-44.0,117.0,-2.0,,,119.0,0.0,119.0,0.0,0.0,119.0,119.0,,148.75,0.8,0.78,0.86,150.943,0.79,0.77,0.85,
03/31/2008,713.0,476.0,863.0,775.0,88.0,-387.0,237.0,32.0,,,,166.0,39.0,-159.0,554.0,-432.0,0.0,432.0,122.0,8.0,,-8.0,151.0,-41.0,110.0,1.0,,,109.0,0.0,109.0,0.0,0.0,109.0,109.0,,149.0,0.73,0.74,0.71,151.0,0.73,0.73,0.7,
06/30/2008,684.0,442.0,737.0,636.0,101.0,-295.0,242.0,26.0,,,,175.0,41.0,-170.0,514.0,-420.0,0.0,420.0,94.0,-3.0,,3.0,91.0,-35.0,56.0,0.0,,,56.0,0.0,56.0,,0.0,56.0,56.0,,149.0,0.37,0.37,0.37,151.0,0.37,0.37,0.37,
09/30/2008,706.0,466.0,735.0,636.0,99.0,-269.0,240.0,38.0,,,,167.0,35.0,-165.0,541.0,-428.0,0.0,428.0,113.0,-105.0,,105.0,27.0,0.0,27.0,-1.0,,,28.0,0.0,28.0,0.0,0.0,28.0,28.0,,149.0,0.19,0.18,0.51,151.0,0.19,0.18,0.51,
12/31/2008,605.0,431.0,716.0,615.0,101.0,-285.0,174.0,11.0,,,,160.0,3.0,-192.0,413.0,-390.0,,390.0,23.0,-3.0,,3.0,2.0,17.0,19.0,-1.0,,,20.0,0.0,20.0,-17.0,,3.0,3.0,,150.834,0.02,0.01,0.08,150.834,0.02,0.01,0.08,
03/31/2009,607.0,384.0,563.0,454.0,109.0,-179.0,223.0,22.0,0.0,13.0,9.0,155.0,46.0,-203.0,404.0,-397.0,0.0,397.0,7.0,0.0,,0.0,7.0,1.0,8.0,-1.0,-1.0,0.0,9.0,0.0,9.0,-33.0,0.0,-24.0,-21.1,3.9,149.0,-0.16,-0.17,-0.141611,149.0,-0.16,-0.17,-0.143826,
06/30/2009,700.0,402.0,552.0,449.0,103.0,-150.0,298.0,124.0,0.0,113.0,11.0,151.0,23.0,-312.0,388.0,-429.0,0.0,429.0,-41.0,0.0,,0.0,-41.0,59.0,18.0,0.0,0.0,0.0,18.0,0.0,18.0,-34.0,0.0,-16.0,0.25,16.25,151.0,-0.11,-0.11,0.001656,151.0,-0.11,-0.11,-0.002384,
09/30/2009,700.0,385.0,511.0,447.0,64.0,-126.0,315.0,117.0,0.0,107.0,10.0,158.0,40.0,-311.0,389.0,-399.0,0.0,399.0,-10.0,0.0,,0.0,-10.0,29.0,19.0,0.0,0.0,0.0,19.0,0.0,19.0,-34.0,-1.0,-16.0,-18.6,-2.6,151.0,-0.1,-0.1,-0.123179,151.0,-0.1,-0.1,-0.123179,
12/31/2009,610.0,396.0,479.0,426.0,53.0,-83.0,214.0,21.0,0.0,10.0,11.0,155.0,38.0,-257.0,353.0,-424.0,0.0,424.0,-71.0,0.0,,0.0,-71.0,42.0,-29.0,0.0,0.0,0.0,-29.0,0.0,-29.0,-33.0,0.0,-62.0,-60.05,1.95,151.516,-0.41,-0.41,-0.396328,151.516,-0.41,-0.41,-0.39713,
03/31/2010,609.0,415.0,476.0,415.0,61.0,-61.0,194.0,12.0,0.0,2.0,10.0,154.0,28.0,-175.0,434.0,-404.0,0.0,404.0,30.0,0.0,,0.0,30.0,5.0,35.0,-17.0,-17.0,0.0,52.0,0.0,52.0,-123.0,0.0,-71.0,-26.25,61.75,155.0,-0.46,-0.57,-0.169355,155.0,-0.46,-0.57,-0.171613,
06/30/2010,616.0,422.0,476.0,415.0,61.0,-54.0,194.0,11.0,0.0,1.0,10.0,152.0,31.0,-126.0,490.0,-397.0,0.0,397.0,93.0,0.0,,0.0,93.0,-23.0,70.0,0.0,0.0,0.0,70.0,0.0,70.0,0.0,-1.0,69.0,70.3,1.3,175.0,0.4,0.4,0.401714,178.0,0.39,0.39,0.397303,
09/30/2010,590.0,404.0,456.0,401.0,55.0,-52.0,186.0,8.0,0.0,,8.0,151.0,27.0,-122.0,468.0,-402.0,0.0,402.0,66.0,0.0,,0.0,66.0,-7.0,59.0,0.0,0.0,0.0,59.0,0.0,59.0,0.0,0.0,59.0,60.3,1.3,175.0,0.34,0.34,0.344571,178.0,0.33,0.33,0.337303,
12/31/2010,620.0,405.0,445.0,396.0,49.0,-40.0,215.0,11.0,0.0,0.0,11.0,159.0,45.0,-57.0,563.0,-437.0,0.0,437.0,126.0,0.0,,0.0,126.0,-30.0,96.0,0.0,0.0,0.0,96.0,0.0,96.0,0.0,-1.0,95.0,104.1,9.1,178.266,0.54,0.54,0.583959,178.266,0.53,0.53,0.581047,
03/31/2011,602.0,395.0,434.0,377.0,57.0,-39.0,207.0,11.0,0.0,2.0,9.0,151.0,45.0,-49.0,553.0,-415.0,0.0,415.0,138.0,0.0,,0.0,138.0,-35.0,103.0,0.0,0.0,0.0,103.0,0.0,103.0,0.0,-1.0,102.0,103.95,1.95,175.0,0.58,0.58,0.594,175.0,0.57,0.57,0.581143,
06/30/2011,593.0,391.0,431.0,372.0,59.0,-40.0,202.0,14.0,0.0,4.0,10.0,150.0,38.0,-45.0,548.0,-411.0,0.0,411.0,137.0,0.0,,0.0,137.0,-41.0,96.0,0.0,0.0,0.0,96.0,0.0,96.0,0.0,-1.0,95.0,101.5,6.5,175.0,0.54,0.54,0.58,178.0,0.53,0.53,0.566517,
09/30/2011,624.0,423.0,463.0,409.0,54.0,-40.0,201.0,23.0,0.0,12.0,11.0,153.0,25.0,-35.0,589.0,-463.0,0.0,463.0,126.0,0.0,,0.0,126.0,-28.0,98.0,0.0,0.0,0.0,98.0,0.0,98.0,0.0,-1.0,97.0,123.65,26.65,192.0,0.51,0.51,0.64401,192.0,0.51,0.51,0.64401,
12/31/2011,626.0,444.0,481.0,418.0,63.0,-37.0,182.0,6.0,0.0,-4.0,10.0,145.0,31.0,-18.0,608.0,-479.0,0.0,479.0,129.0,0.0,,0.0,129.0,-33.0,96.0,0.0,0.0,0.0,96.0,0.0,96.0,0.0,-1.0,95.0,119.7,24.7,196.729,0.48,0.48,0.608451,196.729,0.48,0.48,0.605553,
03/31/2012,648.0,442.0,477.0,414.0,63.0,-35.0,206.0,15.0,0.0,5.0,10.0,152.0,39.0,-22.0,626.0,-448.0,0.0,448.0,178.0,0.0,,0.0,178.0,-48.0,130.0,0.0,0.0,0.0,130.0,0.0,130.0,0.0,-1.0,129.0,136.15,7.15,195.0,0.66,0.66,0.698205,196.0,0.66,0.66,0.69648,
06/30/2012,646.0,435.0,470.0,411.0,59.0,-35.0,211.0,16.0,0.0,6.0,10.0,150.0,45.0,-19.0,627.0,-434.0,0.0,434.0,193.0,0.0,,0.0,193.0,-50.0,143.0,0.0,0.0,0.0,143.0,0.0,143.0,0.0,-2.0,141.0,146.2,5.2,194.0,0.73,0.73,0.753608,194.0,0.73,0.73,0.753608,
09/30/2012,624.0,427.0,460.0,403.0,57.0,-33.0,197.0,9.0,0.0,,9.0,154.0,34.0,-22.0,602.0,-449.0,0.0,449.0,153.0,0.0,,0.0,153.0,-36.0,117.0,0.0,0.0,0.0,117.0,0.0,117.0,0.0,-1.0,116.0,133.95,17.95,190.0,0.61,0.61,0.705,191.0,0.61,0.61,0.703979,
12/31/2012,628.0,424.0,456.0,401.0,55.0,-32.0,204.0,10.0,0.0,1.0,9.0,158.0,36.0,-16.0,612.0,-427.0,0.0,427.0,185.0,0.0,,0.0,185.0,-55.0,130.0,0.0,0.0,0.0,130.0,0.0,130.0,0.0,-2.0,128.0,129.0,1.0,187.954,0.68,0.68,0.686338,187.954,0.68,0.68,0.68532,
03/31/2013,629.0,416.0,446.0,393.0,53.0,-30.0,213.0,9.0,0.0,0.0,9.0,157.0,47.0,-16.0,613.0,-416.0,0.0,416.0,197.0,0.0,,0.0,197.0,-63.0,134.0,0.0,0.0,0.0,134.0,0.0,134.0,0.0,-2.0,132.0,133.95,1.95,185.0,0.71,0.71,0.724054,187.0,0.7,0.7,0.710428,
06/30/2013,636.0,414.0,443.0,391.0,52.0,-29.0,222.0,7.0,0.0,-2.0,9.0,157.0,58.0,-13.0,623.0,-416.0,0.0,416.0,207.0,0.0,,0.0,207.0,-64.0,143.0,0.0,0.0,0.0,143.0,0.0,143.0,0.0,-2.0,141.0,141.65,0.65,183.0,0.77,0.77,0.774044,187.0,0.76,0.76,0.763476,
09/30/2013,640.0,412.0,439.0,385.0,54.0,-27.0,228.0,10.0,0.0,1.0,9.0,163.0,55.0,-8.0,632.0,-417.0,0.0,417.0,215.0,0.0,,0.0,215.0,-68.0,147.0,0.0,0.0,0.0,147.0,0.0,147.0,0.0,-2.0,145.0,142.4,-2.6,182.0,0.8,0.8,0.782418,187.0,0.78,0.78,0.766096,
12/31/2013,649.0,430.0,456.0,401.0,55.0,-26.0,219.0,9.0,0.0,0.0,9.0,162.0,48.0,-9.0,640.0,-473.0,0.0,473.0,167.0,0.0,,0.0,167.0,-50.0,117.0,0.0,0.0,0.0,117.0,0.0,117.0,0.0,-2.0,115.0,148.8,33.8,186.166,0.64,0.64,0.799287,186.166,0.62,0.62,0.799287,
03/31/2014,618.0,410.0,435.0,380.0,55.0,-25.0,208.0,10.0,0.0,1.0,9.0,157.0,41.0,-9.0,609.0,-406.0,0.0,406.0,203.0,0.0,,0.0,203.0,-64.0,139.0,0.0,0.0,0.0,139.0,0.0,139.0,0.0,-2.0,137.0,138.95,1.95,180.0,0.76,0.76,0.771944,187.0,0.73,0.73,0.740428,
06/30/2014,636.0,416.0,441.0,388.0,53.0,-25.0,220.0,12.0,0.0,0.0,12.0,163.0,45.0,-11.0,625.0,-404.0,0.0,404.0,221.0,0.0,,0.0,221.0,-70.0,151.0,0.0,0.0,0.0,151.0,0.0,151.0,0.0,-2.0,149.0,150.95,1.95,179.0,0.83,0.83,0.843296,186.0,0.8,0.8,0.810484,
09/30/2014,629.0,414.0,436.0,384.0,52.0,-22.0,215.0,8.0,0.0,-1.0,9.0,165.0,42.0,-5.0,624.0,-397.0,0.0,397.0,227.0,0.0,,0.0,227.0,-73.0,154.0,0.0,0.0,0.0,154.0,0.0,154.0,0.0,-2.0,152.0,133.8,-18.2,179.0,0.85,0.85,0.747486,185.0,0.82,0.82,0.721622,
12/31/2014,640.0,415.0,438.0,387.0,51.0,-23.0,225.0,10.0,0.0,0.0,10.0,171.0,44.0,-2.0,638.0,-419.0,0.0,419.0,219.0,0.0,,0.0,219.0,-70.0,149.0,0.0,0.0,0.0,149.0,0.0,149.0,0.0,-1.0,148.0,148.0,0.0,183.728,0.83,0.83,0.83,183.728,0.8,0.8,0.8,
03/31/2015,665.0,413.0,435.0,382.0,53.0,-22.0,252.0,8.0,0.0,-2.0,10.0,208.0,36.0,-14.0,651.0,-456.0,0.0,456.0,195.0,0.0,,0.0,195.0,-61.0,134.0,0.0,0.0,0.0,134.0,0.0,134.0,0.0,-2.0,132.0,132.65,0.65,176.0,0.75,0.75,0.753693,182.0,0.73,0.73,0.733571,
06/30/2015,679.0,421.0,444.0,391.0,53.0,-23.0,258.0,9.0,0.0,0.0,9.0,212.0,37.0,-47.0,632.0,-433.0,0.0,433.0,199.0,0.0,,0.0,199.0,-64.0,135.0,0.0,0.0,0.0,135.0,0.0,135.0,0.0,-1.0,134.0,114.5,-19.5,176.0,0.76,0.76,0.650568,182.0,0.73,0.73,0.622857,
09/30/2015,682.0,422.0,448.0,394.0,54.0,-26.0,260.0,10.0,0.0,0.0,10.0,215.0,35.0,-26.0,656.0,-457.0,0.0,457.0,199.0,0.0,,0.0,199.0,-63.0,136.0,0.0,0.0,0.0,136.0,0.0,136.0,0.0,-2.0,134.0,132.05,-1.95,176.0,0.76,0.76,0.750284,181.0,0.74,0.74,0.729227,
12/31/2015,699.0,433.0,457.0,395.0,62.0,-24.0,266.0,11.0,0.0,0.0,11.0,221.0,34.0,-60.0,639.0,-482.0,0.0,482.0,157.0,0.0,,0.0,157.0,-41.0,116.0,0.0,0.0,0.0,116.0,0.0,116.0,0.0,-1.0,115.0,115.0,0.0,179.197,0.65,0.65,0.65,179.197,0.64,0.64,0.64,
03/31/2016,691.0,447.0,472.0,410.0,62.0,-25.0,244.0,8.0,0.0,-2.0,10.0,210.0,26.0,-148.0,543.0,-458.0,0.0,458.0,85.0,0.0,,0.0,85.0,-25.0,60.0,0.0,0.0,0.0,60.0,0.0,60.0,0.0,-1.0,59.0,59.0,0.0,173.0,0.34,0.34,0.34,176.0,0.34,0.34,0.34,
06/30/2016,713.0,445.0,473.0,411.0,62.0,-28.0,268.0,10.0,0.0,-1.0,11.0,220.0,38.0,-49.0,664.0,-518.0,0.0,518.0,146.0,0.0,,0.0,146.0,-42.0,104.0,0.0,0.0,0.0,104.0,0.0,104.0,0.0,-1.0,103.0,137.45,34.45,173.0,0.6,0.6,0.794509,177.0,0.58,0.58,0.774633,
09/30/2016,722.0,450.0,480.0,419.0,61.0,-30.0,272.0,10.0,0.0,,10.0,221.0,41.0,-16.0,706.0,-493.0,0.0,493.0,213.0,0.0,,0.0,213.0,-64.0,149.0,0.0,0.0,0.0,149.0,0.0,149.0,0.0,-1.0,148.0,161.0,13.0,171.0,0.87,0.87,0.94152,176.0,0.84,0.84,0.913864,
12/31/2016,722.0,455.0,484.0,412.0,72.0,-29.0,267.0,9.0,0.0,-2.0,11.0,219.0,39.0,-35.0,687.0,-461.0,0.0,461.0,226.0,0.0,,0.0,226.0,-62.0,164.0,0.0,0.0,0.0,164.0,0.0,164.0,0.0,-1.0,163.0,176.65,13.65,177.457,0.918532,0.918532,0.995452,177.457,0.918532,0.918532,0.995452,
03/31/2017,741.0,470.0,496.0,435.0,61.0,-26.0,271.0,11.0,0.0,0.0,11.0,221.0,39.0,-16.0,725.0,-457.0,0.0,457.0,268.0,0.0,,0.0,268.0,-66.0,202.0,0.0,0.0,0.0,202.0,0.0,202.0,0.0,-2.0,200.0,181.7,-18.3,175.0,1.15,1.15,1.038286,180.0,1.11,1.11,1.008333,
06/30/2017,776.0,500.0,529.0,467.0,62.0,-29.0,276.0,11.0,0.0,0.0,11.0,227.0,38.0,-17.0,759.0,-457.0,0.0,457.0,302.0,0.0,,0.0,302.0,-99.0,203.0,0.0,0.0,0.0,203.0,0.0,203.0,0.0,-1.0,202.0,192.0,-10.0,175.0,1.15,1.15,1.097143,179.0,1.13,1.13,1.074134,
09/30/2017,821.0,546.0,579.0,517.0,62.0,-33.0,275.0,10.0,0.0,-1.0,11.0,228.0,37.0,-24.0,797.0,-463.0,0.0,463.0,334.0,0.0,,0.0,334.0,-108.0,226.0,0.0,0.0,0.0,226.0,0.0,226.0,0.0,-2.0,224.0,228.55,4.55,174.0,1.29,1.29,1.313506,177.0,1.26,1.26,1.285706,
12/31/2017,830.0,545.0,578.0,498.0,80.0,-33.0,285.0,12.0,0.0,0.0,12.0,235.0,38.0,-17.0,813.0,-483.0,0.0,483.0,330.0,0.0,,0.0,330.0,-218.0,112.0,0.0,0.0,0.0,112.0,0.0,112.0,0.0,0.0,112.0,226.0,114.0,172.30769,0.65,0.65,1.311607,172.30769,0.63,0.63,1.291607,
03/31/2018,793.0,549.0,590.0,526.0,64.0,-41.0,244.0,12.0,0.0,0.0,12.0,200.0,32.0,-12.0,781.0,-446.0,0.0,446.0,335.0,0.0,,0.0,335.0,-54.0,281.0,0.0,0.0,0.0,281.0,0.0,281.0,0.0,-2.0,279.0,269.0,-10.0,172.0,1.62,1.62,1.563953,175.0,1.59,1.59,1.532857,
06/30/2018,838.0,590.0,650.0,586.0,64.0,-60.0,248.0,12.0,0.0,0.0,12.0,205.0,31.0,29.0,867.0,-448.0,0.0,448.0,419.0,0.0,,0.0,419.0,-93.0,326.0,0.0,0.0,0.0,326.0,0.0,326.0,0.0,-2.0,324.0,330.0,6.0,171.0,1.9,1.9,1.929825,174.0,1.87,1.87,1.904483,
09/30/2018,833.0,599.0,675.0,609.0,66.0,-76.0,234.0,-8.0,0.0,-20.0,12.0,202.0,40.0,0.0,833.0,-452.0,0.0,452.0,381.0,0.0,,0.0,381.0,-63.0,318.0,0.0,0.0,0.0,318.0,0.0,318.0,0.0,-2.0,316.0,302.0,-14.0,167.0,1.89,1.89,1.808383,170.0,1.86,1.86,1.777647,
12/31/2018,864.0,614.0,704.0,633.0,71.0,-90.0,250.0,11.0,0.0,0.0,11.0,206.0,33.0,-16.0,848.0,-448.0,0.0,448.0,400.0,0.0,,0.0,400.0,-90.0,310.0,0.0,0.0,0.0,310.0,0.0,310.0,0.0,-2.0,308.0,319.79,11.79,161.256544,1.91,1.91,1.983113,161.256544,1.88,1.88,1.953113,
03/31/2019,844.0,606.0,710.0,638.0,72.0,-104.0,238.0,3.0,0.0,-8.0,11.0,201.0,34.0,13.0,857.0,-433.0,0.0,433.0,424.0,0.0,,0.0,424.0,-85.0,339.0,0.0,0.0,0.0,339.0,0.0,339.0,0.0,-2.0,337.0,331.8,-5.2,158.0,2.14,2.14,2.1,160.0,2.11,2.11,2.0775,
06/30/2019,853.0,603.0,727.0,652.0,75.0,-124.0,250.0,11.0,0.0,0.0,11.0,206.0,33.0,-44.0,809.0,-424.0,0.0,424.0,385.0,0.0,,0.0,385.0,-87.0,298.0,0.0,0.0,0.0,298.0,0.0,298.0,0.0,-1.0,297.0,297.0,0.0,152.0,1.95,1.95,1.95,153.0,1.94,1.94,1.94,
09/30/2019,842.0,586.0,711.0,636.0,75.0,-125.0,256.0,11.0,0.0,0.0,11.0,211.0,34.0,-35.0,807.0,-435.0,0.0,435.0,372.0,0.0,,0.0,372.0,-80.0,292.0,0.0,0.0,0.0,292.0,0.0,292.0,0.0,-2.0,290.0,285.0,-5.0,147.0,1.98,1.98,1.938776,148.0,1.96,1.96,1.926216,
12/31/2019,810.0,544.0,659.0,584.0,75.0,-115.0,266.0,12.0,0.0,1.0,11.0,205.0,49.0,-8.0,802.0,-451.0,0.0,451.0,351.0,0.0,,0.0,351.0,-82.0,269.0,0.0,0.0,0.0,269.0,0.0,269.0,0.0,-2.0,267.0,266.0,-1.0,142.781,1.87,1.87,1.862993,142.781,1.85,1.85,1.842996,
03/31/2020,750.0,513.0,609.0,535.0,74.0,-96.0,237.0,10.0,0.0,-1.0,11.0,195.0,32.0,-411.0,339.0,-425.0,0.0,425.0,-86.0,0.0,,0.0,-86.0,21.0,-65.0,0.0,0.0,0.0,-65.0,0.0,-65.0,0.0,0.0,-65.0,-68.0,-3.0,141.0,-0.46,-0.46,-0.48227,141.0,-0.46,-0.46,-0.48227,
06/30/2020,718.0,471.0,511.0,437.0,74.0,-40.0,247.0,10.0,0.0,1.0,9.0,193.0,44.0,-138.0,580.0,-440.0,0.0,440.0,140.0,0.0,,0.0,140.0,-27.0,113.0,0.0,0.0,0.0,113.0,0.0,113.0,0.0,-1.0,112.0,112.0,0.0,139.0,0.81,0.81,0.81,139.0,0.8,0.8,0.8,
09/30/2020,698.421,,,,,,,,,,,,,,,,,,199.0,,,,143.6,,107.671,,,,,,107.671,,,107.671,110.659,,,0.754,0.754,0.743,,0.754,0.754,0.743,
12/31/2020,715.263,,,,,,,,,,,,,,,,,,223.0,,,,145.988,,109.247,,,,,,109.247,,,109.247,111.276,,,0.795,0.795,0.792,,0.795,0.795,0.792,
