Date,Revenue,Sales & Services Revenue,Cost of Revenue,Cost of Goods & Services,Gross Profit,Other Operating Income,Operating Expenses,"Selling, General & Admin",Selling & Marketing,General & Administrative,Depreciation & Amortization,Other Operating Expense,Operating Income (Loss),Non-Operating (Income) Loss,"Interest Expense, Net",Interest Expense,Interest Income,Other Investment (Inc) Loss,Foreign Exch (Gain) Loss,(Income) Loss from Affiliates,Other Non-Op (Income) Loss,Pretax Income,Income Tax Expense (Benefit),Income (Loss) from Cont Ops,Net Extraordinary Losses (Gains),Discontinued Operations,XO & Accounting Changes,Income (Loss) Incl. MI,Minority Interest,"Net Income, GAAP",Preferred Dividends,Other Adjustments,"Net Income Avail to Common, GAAP","Net Income Avail to Common, Adj",Net Abnormal Losses (Gains),Basic Weighted Avg Shares,"Basic EPS, GAAP",Basic EPS from Cont Ops,"Basic EPS from Cont Ops, Adjusted",Diluted Weighted Avg Shares,"Diluted EPS, GAAP",Diluted EPS from Cont Ops,"Diluted EPS from Cont Ops, Adjusted",Source: Bloomberg
03/31/1990,155.345001,,-58.247002,,97.098,,-73.870003,,,,,,23.228001,-72.036999,,50.926998,,,,,21.110001,-48.808998,3.199,-45.610001,0.0,,,-45.609998,-0.331,-45.941002,0.0,,-45.941002,-45.941002,,1015.280983,-0.045556,-0.045556,,1015.280983,-0.045556,-0.045556,-0.045556,
06/30/1990,163.654999,,-58.451,,105.203999,,-75.587997,,,,,,29.615999,-71.002001,,49.443001,,,,,21.559,-41.386002,0.254,-41.132,0.0,,,-41.132002,-0.664,-41.796001,0.0,,-41.796001,-41.796001,,1015.848015,-0.041111,-0.041111,,1015.848015,-0.041111,-0.041111,-0.041111,
09/30/1990,165.820007,,-61.373001,,104.447006,,-75.279999,,,,,,29.167,-75.561998,,51.466999,,,,,24.094999,-46.394999,1.708,-44.687,0.0,,,-44.686999,-0.451,-45.138,0.0,,-45.138,-45.138,,1016.190033,-0.044444,-0.044444,,1016.190033,-0.044444,-0.044444,-0.044444,
12/31/1990,172.218994,,-65.863998,,106.354996,,-78.417,,,,,,27.938,-72.283998,,50.779999,,,,,21.504,-44.345999,-0.51,-44.855999,0.0,,,-44.855999,-0.675,-45.530998,0.0,,-45.530998,-45.530998,,1017.808182,-0.044444,-0.044444,,1017.808182,-0.044444,-0.044444,-0.044444,
03/31/1991,174.714996,,-64.107002,,110.607994,,-79.374001,,,,,,31.233999,-71.702,,51.381001,,,,,20.320999,-40.468,-1.05,-41.518002,0.0,,,-41.518,-0.807,-42.325001,0.0,,-42.325001,-42.325001,,1026.603012,-0.041111,-0.041111,,1026.603012,-0.041111,-0.041111,-0.041111,
06/30/1991,183.451004,,-66.124001,,117.327003,,-77.564003,,,,,,39.763,-67.144,,52.056,,,,,15.088,-27.381,-5.15,-32.530998,0.0,,,-32.531,-0.579,-33.110001,0.0,,-33.110001,-33.110001,,1047.564034,-0.031111,-0.031111,,1047.564034,-0.031111,-0.031111,-0.031111,
09/30/1991,178.893005,,-63.375999,,115.517006,,-79.311996,,,,,,36.205002,-73.809,,50.952,,,,,22.857,-37.603998,-2.15,-39.754002,0.0,,,-39.753998,-0.506,-40.259998,0.0,,-40.259998,-40.259998,,1056.419975,-0.037778,-0.037778,,1056.419975,-0.037778,-0.037778,-0.037778,
12/31/1991,183.940994,,-58.518002,,125.422993,,-87.674004,,,,,,37.749001,-72.17,,50.598,,,,,21.572001,-34.421,-4.448,-38.868999,0.0,,,-38.868999,-1.008,-39.876999,0.0,,-39.876999,-39.876999,,1158.67804,-0.035556,-0.035556,,1158.67804,-0.035556,-0.035556,-0.035556,
03/31/1992,196.520996,,-65.593002,,130.927994,,-88.944,,,,,,41.984001,-73.103001,,55.027,,,,,18.076,-31.118999,-4.927,-36.046001,0.0,,,-36.046,-0.624,-36.669998,0.0,,-36.669998,-36.669998,,1195.271988,-0.031111,-0.031111,,1195.271988,-0.031111,-0.031111,-0.031111,
06/30/1992,221.337006,,-66.987,,154.350006,,-107.792999,,,,,,46.556999,-80.558001,,64.334,,,,,16.224001,-34.001001,-6.049,-40.049999,0.0,,,-40.050001,-0.249,-40.299,0.0,,-40.299,-40.299,,1214.738937,-0.033333,-0.033333,,1214.738937,-0.033333,-0.033333,-0.033333,
09/30/1992,221.248001,,-66.750999,,154.497002,,-110.625999,,,,,,43.870998,-93.496002,,74.467003,,,,,19.028999,-49.625004,-2.26,-51.884998,0.0,,,-51.885004,-0.453,-52.338001,0.0,,-52.338001,-52.338001,,1215.585022,-0.043333,-0.043333,,1215.585022,-0.043333,-0.043333,-0.043333,
12/31/1992,261.239014,,-76.179001,,185.060013,,-152.365997,,,,,,32.694,-120.128002,,74.067001,,,,,46.061001,-87.434002,-0.764,-88.197998,52.297001,,,-140.495003,-0.43,-140.925003,0.0,,-140.925003,-140.925003,,1218.726013,-0.115556,-0.072222,,1218.726013,-0.115556,-0.072222,-0.072222,
03/31/1993,325.225006,,-96.884003,,228.341003,,-169.684006,,,,,,58.657001,-86.080997,,86.283997,,,,,-0.203,-27.423995,4.359,-23.065001,742.734009,,,-765.799004,-0.791,-766.590027,0.0,,-766.590027,-766.590027,,1230.884995,-0.622222,-0.018889,,1230.884995,-0.622222,-0.018889,-0.018889,
06/30/1993,340.083008,,-103.704002,,236.379005,,-165.272995,,,,,,71.106003,-88.801998,,89.100998,,,,,-0.299,-17.695995,0.519,-17.177,0.0,,,-17.176995,0.048,-17.129,0.0,,-17.129,-17.129,,1294.442963,-0.013333,-0.013333,,1294.442963,-0.013333,-0.013333,-0.013333,
09/30/1993,335.404999,,-101.920998,,233.484001,,-163.656006,,,,,,69.828003,-84.886999,,86.625999,,,,,-1.739,-15.058997,-20.77,-35.828999,0.0,,,-35.828997,0.174,-35.654999,0.0,,-35.654999,-35.654999,,1298.394058,-0.027778,-0.027778,,1298.394058,-0.027778,-0.027778,-0.027778,
12/31/1993,337.515015,,-105.336998,,232.178017,,-166.873001,,,,,,65.305,-87.300996,,85.436996,,,,,1.864,-21.995996,0.663,-21.333,17.620001,,,-38.952997,-0.898,-39.851002,0.0,,-39.851002,-39.851002,,1283.400054,-0.03,-0.016667,-0.016667,1283.400054,-0.03,-0.016667,-0.016667,
03/31/1994,328.703003,,-100.899002,,227.804001,,-163.529007,,,,,,64.275002,-80.718001,,79.387001,,,,,1.331,-16.442999,0.666,-15.777,11.58,,,-27.356999,0.0,-27.357,0.0,,-27.357,-27.357,,1370.801971,-0.02,-0.011667,,1370.801971,-0.02,-0.011667,-0.011667,
06/30/1994,340.640015,,-100.572998,,240.067017,,-174.763,,,,,,65.304001,-77.028998,,73.364998,,,,,3.664,-11.724997,-1.031,-12.756,0.0,,,-12.755997,0.0,-12.756,0.0,,-12.756,-12.756,,1432.973969,-0.008333,-0.008333,,1432.973969,-0.008333,-0.008333,-0.008333,
09/30/1994,345.743988,,-103.224998,,242.51899,,-179.209,,,,,,63.310001,-81.622998,,75.711998,,,,,5.911,-18.312996,0.986,-17.327,0.0,,,-17.326996,0.081,-17.246,0.0,,-17.246,-17.246,,1433.124023,-0.011667,-0.011667,,1433.124023,-0.011667,-0.011667,-0.011667,
12/31/1994,360.21701,,-105.143997,,255.073013,,-208.167999,,,,,,46.904999,-90.385,,85.013,,,,,5.372,-43.480001,8.613,-34.867001,0.123,,,-34.990001,5.321,-29.669001,0.0,,-29.669001,-29.669001,,1433.38797,-0.021667,-0.021667,-0.021667,1433.38797,-0.021667,-0.021667,-0.021667,
03/31/1995,663.606018,,-309.540985,,354.065033,,-380.346008,,,,,,-26.281,21.230003,,117.586998,,,,,-138.817001,-5.050997,-3.935,-8.986,0.0,,,-8.985997,8.358,-0.628,0.0,,-0.628,-0.628,,1436.448029,0.0,0.0,0.0,1436.448029,0.0,0.0,0.0,
06/30/1995,823.572021,,-408.062012,,415.51001,,-298.252014,,,,,,117.258003,-141.853004,,132.964005,,,,,8.889,-24.595001,-10.1,-34.695,0.0,,,-34.695002,5.401,-29.294001,0.0,,-29.294001,-29.294001,,1438.043976,-0.02,-0.02,-0.02,1438.043976,-0.02,-0.02,-0.02,
09/30/1995,870.249023,,-443.554993,,426.694031,,-310.182007,,,,,,116.512001,-112.040995,,137.815994,,,,,-25.775,4.471006,-18.434999,-13.964,5.407,,,-19.370993,12.011,-7.36,0.0,,-7.36,-7.36,,1438.914001,-0.005,-0.001667,-0.001667,1438.914001,-0.005,-0.001667,-0.001667,
12/31/1995,1005.518982,,-752.642029,,252.876953,,-130.574997,,,,,,122.302002,-142.537001,,136.360001,,,,,6.177,-20.234999,-9.701,-29.936001,0.677,,,-30.612999,23.962,-6.651,0.0,,-6.651,-6.651,,1439.69403,-0.005,-0.005,-0.005,1439.69403,-0.005,-0.005,-0.005,
03/31/1996,950.744019,,-499.908997,,450.835022,,-337.584991,,,,,,113.25,-162.059996,,134.813995,,,,,27.246,-48.809996,-0.864,-49.674,0.0,,,-49.673996,15.07,-34.604,0.0,,-34.604,-34.604,,1483.026031,-0.023333,-0.023333,-0.023333,1436.526031,-0.023333,-0.023333,-0.023333,
06/30/1996,945.562012,,-465.944,,479.618011,,-350.942993,,,,,,128.675003,-101.091,,133.179001,,,,,-32.088001,27.584003,-23.747999,3.836,1.013,,,2.823004,14.024,16.847,0.0,,16.847,16.847,,1444.026031,0.011667,0.011667,0.011667,1414.961975,0.011667,0.011667,0.011667,
09/30/1996,974.562988,,-488.428009,,486.134979,,-357.042999,,,,,,129.091995,-148.111005,,135.742004,,,,,12.369,-19.01901,-9.282,-28.301001,0.0,,,-28.301009,18.329,-9.972,0.0,,-9.972,-9.972,,1495.800018,-0.006667,-0.006667,-0.006667,1399.907959,-0.006667,-0.006667,-0.006667,
12/31/1996,1167.531006,,-605.31897,,562.212036,,-424.32901,,,,,,137.882996,-113.738003,,137.065002,,,,,-23.327,24.144993,-50.506001,-26.361,-0.013,,,-26.348008,0.577,-25.771,0.0,,-25.771,-25.771,,1546.259949,-0.016667,-0.016667,-0.016667,1690.799927,-0.016667,-0.016667,-0.016667,
03/31/1997,1026.900024,,,,,,,,,,,,111.5,,,,,,,,,,,-53.099998,,,,,,-65.18,-3.7,,-68.88,-68.88,,1955.399963,-0.033333,-0.026667,-0.026667,1955.399963,-0.033333,-0.026667,-0.026667,
06/30/1997,1068.300049,,,,,,,,,,,,92.199997,,,,,,,,,,,-11.8,,,,,,-38.976002,-4.7,,-43.676002,-43.676002,,1948.799927,-0.02,-0.006667,-0.006667,1948.799927,-0.02,-0.006667,-0.006667,
09/30/1997,1089.0,,,,,,,,,,,,99.5,,,,,,,,,,,-49.299999,,,,,,-66.291,-5.7,,-71.991,-71.991,,2093.399963,-0.031667,-0.028333,-0.028333,2093.399963,-0.031667,-0.028333,-0.028333,
12/31/1997,1283.5,,-400.200012,,883.299988,,-719.900024,,,,,,163.399994,-226.5,,114.800003,,,,,111.699997,-63.100006,-15.0,-78.099998,12.7,,,-90.800006,9.4,-81.400002,-7.0,,-88.400002,-88.400002,,2139.0,-0.041667,-0.035,-0.035,2139.0,-0.041667,-0.035,-0.035,
03/31/1998,1254.4,,-719.6,,534.8,0.0,-425.4,186.1,,,,239.3,109.4,-189.2,,120.4,,,0.0,69.9,-1.1,-79.8,-6.4,-86.2,4.1,,,-90.3,17.2,-78.9,-7.1,0.0,-86.0,-86.0,,4297.2,-0.02,-0.018333,-0.018333,4297.2,-0.02,-0.018333,-0.018333,
06/30/1998,1205.699951,,-673.799988,,531.899963,,-407.899994,,,,,,124.0,-223.0,,116.800003,,,0.0,,106.199997,-99.0,-3.0,-102.0,4.800001,,,-106.800001,22.0,-84.800003,-7.2,,-92.000003,-92.000003,,2214.0,-0.043333,-0.04,-0.04,2214.0,-0.043333,-0.04,-0.04,
09/30/1998,1238.300049,,-652.599976,,585.700073,,-452.600006,,,,,,133.100006,898.800003,,117.699997,,,0.0,,-1016.5,1031.900009,-313.100006,718.799988,9.7,,,709.100003,5.2,714.299988,-7.4,,706.899988,706.899988,,2215.799927,0.321667,0.326667,0.326667,2425.799927,0.296667,0.3,0.3,
12/31/1998,1446.9,,-464.4,,982.5,0.0,-791.8,561.2,,,,230.6,190.7,513.7,,111.8,,,0.0,170.5,-796.0,704.4,-271.5,432.9,11.2,,,421.7,-0.1,421.6,-7.4,0.0,414.2,414.2,,2218.2,0.186667,0.191667,0.191667,2433.0,0.173333,0.178333,0.178333,
03/31/1999,1374.0,,-764.1,,609.9,0.0,-423.3,184.8,,,,238.5,186.6,17.9,,111.2,,,0.0,-1.1,-128.0,204.5,-87.4,117.1,8.9,,,108.2,-15.3,81.0,-7.5,0.0,73.5,73.5,,4448.4,0.016667,0.021667,0.021667,4889.4,0.016667,0.02,0.02,
06/30/1999,1549.199951,,-865.299988,,683.899963,,-534.099976,,,,,,149.800003,1284.699951,,143.5,,,0.0,,-1428.199951,1434.499954,-636.299988,798.200012,2.3,,,795.899966,28.1,824.0,-7.6,,816.4,816.4,,2233.200073,0.366667,0.0,0.366667,2445.899963,0.336667,0.0,0.336667,
09/30/1999,1599.300049,,-898.099976,,701.200073,,-550.0,,,,,,151.199997,-31.800003,,138.100006,,,0.0,,-106.300003,119.399994,-104.199997,15.2,-314.5,,,329.699997,5.4,335.100006,-7.3,,327.800006,327.800006,,2265.600037,0.146667,0.006667,0.006667,2471.700073,0.136667,0.01,0.01,
12/31/1999,1831.6,,-559.0,,1272.6,0.0,-1096.0,738.9,,,,357.1,176.6,-434.8,,145.5,,,,-0.5,289.8,-258.2,104.2,-154.0,6.6,,,-160.6,-13.6,-174.2,-7.4,0.0,-181.6,-181.6,,2266.5,-0.08,-0.076667,-0.076667,2266.5,-0.08,-0.076667,-0.076667,
03/31/2000,1938.900024,,-527.099976,,1411.800049,,-1370.599976,,,,,,41.200001,-225.200005,,168.600006,,,0.0,,56.599998,-184.000004,31.799999,-152.199997,5.1,,,-157.300004,-34.200001,-191.5,-7.5,0.0,-199.0,-199.0,,2509.799927,-0.08,-0.076667,-0.056667,2509.799927,-0.08,-0.076667,-0.056667,
06/30/2000,1912.099976,,-1017.200012,,894.899963,,-926.5,,,,,,-31.6,442.200027,,163.199997,,,0.0,,-605.400024,410.600027,-185.100006,225.5,11.1,,,214.400021,-26.700001,187.699997,-7.6,0.0,180.099997,180.099997,,2729.399963,0.066667,0.07,0.07,2924.100037,0.063333,0.066667,0.066667,
09/30/2000,1960.0,,-1045.699951,,914.300049,,-970.700012,,,,,,-56.400002,2083.600052,,175.199997,,,0.0,,-2258.800049,2027.20005,-752.299988,1274.900024,2.3,,,1272.600063,-25.799999,1246.800049,-7.6,,1239.200049,1239.200049,,2726.399963,0.456667,0.456667,0.073333,2896.799927,0.43,0.43,0.073333,
12/31/2000,2407.6,,-740.5,,1667.1,0.0,-1781.3,992.2,,,,789.1,-114.2,1462.1,,184.4,,,0.0,13.6,-1660.1,1347.9,-535.7,812.2,5.1,,,807.1,-28.6,778.5,-0.8,0.0,777.7,777.7,-1030.87,2722.8,0.286667,0.29,-0.086667,2895.0,0.266667,0.27,-0.086667,
03/31/2001,2232.0,,-556.599976,,1675.400024,,-1775.900024,,,,,,-100.5,1229.500046,,182.300003,,,0.0,,-1411.800049,1129.000046,-485.600006,643.400024,-384.5,,,1027.90004,-26.700001,1001.200012,0.0,0.0,1001.200012,1001.200012,,2835.899963,0.353333,0.216667,-0.396667,2895.0,0.346667,0.213333,-0.396667,
06/30/2001,2338.699951,,-555.200012,,1783.499939,,-1916.800049,,,,,,-133.300003,310.699997,,176.199997,,,0.0,,-486.899994,177.399994,-103.800003,73.599998,1.5,,,72.099991,-36.900002,35.200001,0.0,0.0,35.200001,35.200001,,2853.299927,0.013333,0.013333,0.033333,2896.799927,0.013333,0.013333,0.033333,
09/30/2001,2400.800049,,-573.799988,,1827.000061,,-2005.199951,,,,,,-178.199997,111.099991,,190.699997,,,0.0,,-301.799988,-67.100006,-13.5,-80.599998,0.0,,,-80.600006,-26.200001,-106.800003,0.0,0.0,-106.800003,-106.800003,,2854.5,-0.036667,-0.036667,-0.19,2854.5,-0.036667,-0.036667,-0.19,
12/31/2001,2824.1,,-828.4,,1995.7,0.0,-2329.9,1341.0,,,,988.9,-334.2,-48.9,,182.6,,,0.0,2.4,-136.1,-383.1,132.7,-250.4,0.0,,,-250.4,-70.6,-321.0,0.0,0.0,-321.0,-321.0,-63.1,2852.7,-0.113333,-0.113333,-0.133333,2852.7,-0.113333,-0.113333,-0.133333,
03/31/2002,2667.0,,-629.0,,2038.0,,-1617.0,,,,,,421.0,-463.0,,187.0,,,0.0,,276.0,-42.0,-3.0,-45.0,0.0,,,-45.0,-44.0,-89.0,0.0,0.0,-89.0,-89.0,,2854.200073,-0.03,-0.03,0.08,2854.200073,-0.03,-0.03,0.043333,
06/30/2002,2704.0,,-626.0,,2078.0,,-1600.0,,,,,,478.0,-676.0,,182.0,,,0.0,,494.0,-198.0,33.0,-165.0,0.0,,,-165.0,-45.0,-210.0,0.0,0.0,-210.0,-210.0,,2856.899964,-0.073333,-0.073333,0.05,2856.899964,-0.073333,-0.073333,0.05,
09/30/2002,1698.0,,-597.0,,1101.0,,-830.0,,,,,,271.0,-223.0,,172.0,,,0.0,,51.0,48.0,-27.0,21.0,-52.0,,,73.0,3.0,76.0,0.0,0.0,76.0,76.0,,2858.700073,0.026667,0.01,0.033333,2877.600037,0.026667,0.01,0.033333,
12/31/2002,3000.0,,-2095.0,,905.0,0.0,-824.0,,,,,,81.0,-171.0,335.0,335.0,0.0,,0.0,,-164.0,-90.0,5.0,-85.0,-54.0,,,-31.0,-20.0,-51.0,0.0,0.0,-51.0,-51.0,,4749.0,-0.01,-0.023333,-0.023333,4749.0,-0.01,-0.023333,-0.023333,
03/31/2003,4466.0,,-1811.0,,2655.0,,-2361.0,,,,,,294.0,-751.0,,524.0,,,0.0,,227.0,-457.0,141.0,-316.0,-58.0,,,-258.0,-39.0,-297.0,0.0,0.0,-297.0,-297.0,,6765.0,-0.043333,-0.053333,-0.026667,6765.0,-0.043333,-0.053333,-0.026667,
06/30/2003,4594.0,,-1753.0,,2841.0,,-2416.0,,,,,,425.0,-473.0,,490.0,,,0.0,,-17.0,-48.0,-13.0,-61.0,-71.0,,,10.0,-32.0,-22.0,0.0,0.0,-22.0,-22.0,,6765.0,-0.003333,-0.013333,-0.013333,6765.0,-0.003333,-0.013333,-0.013333,
09/30/2003,4546.0,,-1703.0,,2843.0,,-2350.0,,,,,,493.0,-735.0,,565.0,,,0.0,,170.0,-242.0,103.0,-139.0,-3329.0,,,3190.0,-14.0,3176.0,0.0,0.0,3176.0,3176.0,,6771.0,0.47,-0.023333,-0.003333,6771.0,0.47,-0.023333,-0.003333,
12/31/2003,4742.0,,-3022.0,,1720.0,0.0,-978.0,,,,,,742.0,-132.0,439.0,439.0,0.0,,0.0,,-307.0,610.0,-215.0,395.0,0.0,,,395.0,-12.0,383.0,0.0,0.0,383.0,383.0,,6774.0,0.056667,0.056667,0.056667,6807.0,0.056667,0.056667,0.056667,
03/31/2004,4908.0,,-1869.0,,3039.0,,-2380.0,,,,,,659.0,-519.0,,500.0,,,0.0,,19.0,140.0,-76.0,64.0,0.0,,,64.0,1.0,65.0,0.0,0.0,65.0,65.0,,6774.0,0.01,0.01,0.01,6804.0,0.01,0.01,0.01,
06/30/2004,5066.0,,-1794.0,,3272.0,,-2420.0,,,,,,852.0,-341.0,,484.0,,,0.0,,-143.0,511.0,-234.0,277.0,0.0,,,277.0,-15.0,262.0,0.0,0.0,262.0,262.0,,6771.0,0.04,0.04,0.026667,6801.0,0.04,0.04,0.026667,
09/30/2004,5098.0,,-1836.999878,,3261.000122,,-2575.0,,,,,,686.0,-312.0,,435.0,,,0.0,,-123.0,374.0,-156.0,218.0,0.0,,,218.0,2.0,220.0,0.0,0.0,220.0,220.0,,6701.999268,0.033333,0.033333,0.02,6729.0,0.033333,0.033333,0.02,
12/31/2004,5235.0,,-1962.0,,3273.0,,-2562.0,,,,,,711.0,74.0,,457.0,,,0.0,,-531.0,785.0,-360.0,425.0,0.0,,,425.0,-2.0,423.0,0.0,0.0,423.0,423.0,,6684.0,0.063333,0.063333,0.013333,6684.0,0.063333,0.063333,0.013333,
03/31/2005,5363.0,,-1957.0,,3406.0,,-2540.0,,,,,,866.0,-576.0,444.0,444.0,,,0.0,,132.0,290.0,-140.0,150.0,0.0,,,150.0,-7.0,143.0,0.0,0.0,143.0,143.0,,6642.0,0.02,0.02,0.02,6666.0,0.02,0.02,0.02,
06/30/2005,5598.0,,-1944.0,,3654.0,,-2606.0,,,,,,1048.0,-277.0,467.0,467.0,,,0.0,,-190.0,771.0,-331.0,440.0,0.0,,,440.0,-10.0,430.0,0.0,0.0,430.0,430.0,,6621.0,0.063333,0.063333,0.063333,6663.0,0.063333,0.063333,0.063333,
09/30/2005,5284.0,,-1894.0,,3390.0,,-2549.0,,,,,,841.0,-525.0,422.0,422.0,,,0.0,,103.0,316.0,-129.0,187.0,-24.0,,,211.0,11.0,222.0,0.0,0.0,222.0,222.0,,6588.0,0.033333,0.03,0.03,6627.0,0.033333,0.03,0.03,
12/31/2005,5416.0,,-1943.0,,3473.0,,-2624.0,,,,,,849.0,-427.0,,462.0,,,0.0,,-35.0,422.0,-303.0,119.0,-26.0,,,145.0,-12.0,133.0,0.0,0.0,133.0,133.0,,6507.0,0.02,0.016667,0.026667,6537.0,0.02,0.016667,0.026667,
03/31/2006,5595.0,,-2073.0,,3522.0,,-2518.0,,,,,,1004.0,-408.0,476.0,476.0,,,0.0,,-68.0,596.0,-147.0,449.0,-28.0,,,477.0,-11.0,466.0,0.0,0.0,466.0,466.0,,9606.0,0.05,0.046667,0.046667,9639.0,0.05,0.046667,0.046667,
06/30/2006,5908.0,,-2130.0,,3778.0,,-2605.0,,,,,,1173.0,-409.0,496.0,496.0,,,0.0,,-87.0,764.0,-369.0,395.0,-61.0,,,456.0,4.0,460.0,0.0,0.0,460.0,460.0,,6336.0,0.075,0.065,0.065,6368.0,0.075,0.065,0.065,
09/30/2006,6432.0,,-2274.0,,4158.0,,-2934.0,,,,,,1224.0,358.0,530.0,530.0,,,0.0,,-888.0,1582.0,-610.0,972.0,-248.0,,,1220.0,-3.0,1217.0,0.0,0.0,1217.0,1217.0,-435.0,6288.0,0.19,0.155,0.086,6326.0,0.19,0.155,0.086,
12/31/2006,7031.0,,-2451.0,,4580.0,0.0,-3362.0,1986.0,,,,1376.0,1218.0,-566.0,,562.0,,,,38.0,-34.0,652.0,-221.0,431.0,39.0,,,392.0,-2.0,390.0,,0.0,390.0,390.0,,4168.0,0.095,0.105,0.100333,4218.0,0.09,0.1,0.098667,
03/31/2007,7388.0,,-2759.0,,4629.0,,-3368.0,,,,,,1261.0,98.0,568.0,568.0,,,0.0,,-666.0,1359.0,-526.0,833.0,0.0,,,833.0,4.0,837.0,0.0,0.0,837.0,837.0,-300.0,6250.0,0.135,0.135,0.085,6322.0,0.13,0.13,0.085,
06/30/2007,7712.0,,-2754.0,,4958.0,,-3490.0,,,,,,1468.0,-439.0,550.0,550.0,,,0.0,,-111.0,1029.0,-453.0,576.0,0.0,,,576.0,12.0,588.0,0.0,0.0,588.0,588.0,,6226.0,0.095,0.095,0.095,6294.0,0.095,0.095,0.095,
09/30/2007,7781.0,,-2759.0,,5022.0,,-3631.0,,,,,,1391.0,-426.0,571.0,571.0,,,0.0,,-145.0,965.0,-421.0,544.0,0.0,,,544.0,16.0,560.0,0.0,0.0,560.0,560.0,,6174.0,0.09,0.09,0.09,6236.0,0.09,0.09,0.09,
12/31/2007,8014.0,,-3158.0,,4856.0,,-3398.0,,,,,,1458.0,-462.0,600.0,600.0,,,0.0,,-138.0,996.0,-400.0,596.0,0.0,,,596.0,6.0,602.0,0.0,0.0,602.0,602.0,,6156.0,0.1,0.1,0.1,6156.0,0.1,0.1,0.1,
03/31/2008,8389.0,,-3361.0,,5028.0,0.0,-3473.0,1854.0,,,,1619.0,1555.0,-309.0,,621.0,,,,35.0,-347.0,1246.0,-508.0,738.0,0.0,,,738.0,-6.0,732.0,0.0,0.0,732.0,732.0,,6018.0,0.12,0.12,0.12,6034.0,0.12,0.12,0.12,
06/30/2008,8553.0,,-3334.0,,5219.0,0.0,-3469.0,1868.0,,,,1601.0,1750.0,-676.0,,618.0,,,0.0,4.0,54.0,1074.0,-455.0,619.0,0.0,,,619.0,13.0,632.0,0.0,0.0,632.0,632.0,0.0,5914.0,0.105,0.105,0.105,5940.0,0.105,0.105,0.105,
09/30/2008,8549.0,,-3345.0,,5204.0,0.0,-3534.0,1967.0,,,,1567.0,1670.0,-513.0,,601.0,,,0.0,-3.0,-85.0,1157.0,-401.0,756.0,0.0,,,756.0,15.0,771.0,0.0,0.0,771.0,771.0,-52.0,5818.0,0.13,0.13,0.115,5840.0,0.13,0.13,0.115,
12/31/2008,8811.0,,-3477.0,,5334.0,0.0,-3577.0,1964.0,,,,1613.0,1757.0,-1176.0,,599.0,,,0.0,3.0,574.0,581.0,-169.0,412.0,0.0,,,412.0,,412.0,0.0,0.0,412.0,412.0,,5776.0,0.07,0.07,0.135,5776.0,0.07,0.07,0.135,
03/31/2009,8866.0,8866.0,-3592.0,3592.0,5274.0,0.0,-3463.0,1830.0,,,1633.0,0.0,1811.0,-572.0,,570.0,,22.0,,14.0,-34.0,1239.0,-461.0,778.0,0.0,0.0,0.0,778.0,-6.0,772.0,0.0,0.0,772.0,732.45,-39.55,5770.0,0.135,0.135,0.126941,5780.0,0.135,0.135,0.126941,
06/30/2009,8978.0,8978.0,-3581.0,3581.0,5397.0,0.0,-3522.0,1862.0,,,1660.0,0.0,1875.0,-495.0,524.0,551.0,-27.0,-9.0,,13.0,-33.0,1380.0,-424.0,956.0,0.0,0.0,0.0,956.0,11.0,967.0,0.0,0.0,967.0,831.3,-135.7,5774.0,0.165,0.165,0.143973,5782.0,0.165,0.165,0.141531,
09/30/2009,8845.0,8845.0,-3530.0,3530.0,5315.0,0.0,-3604.0,1989.0,,,1615.0,0.0,1711.0,-574.0,682.0,707.0,-25.0,-20.0,,17.0,-105.0,1137.0,-203.0,934.0,0.0,0.0,0.0,934.0,10.0,944.0,0.0,0.0,944.0,804.8,-139.2,5744.0,0.165,0.165,0.140111,5754.0,0.165,0.165,0.140111,
12/31/2009,9067.0,9067.0,-3677.0,3677.0,5390.0,0.0,-3573.0,1981.0,,,1592.0,0.0,1817.0,-467.0,497.0,520.0,-23.0,-7.0,,20.0,-43.0,1350.0,-390.0,960.0,0.0,0.0,0.0,960.0,-5.0,955.0,0.0,0.0,955.0,897.5,-57.5,5724.0,0.165,0.165,0.156796,5724.0,0.165,0.165,0.154954,
03/31/2010,9202.0,9202.0,-2114.0,2114.0,7088.0,0.0,-5153.0,3523.0,545.0,2978.0,1630.0,0.0,1935.0,-465.0,502.0,524.0,-22.0,-9.0,,32.0,-60.0,1470.0,-591.0,879.0,0.0,0.0,0.0,879.0,-13.0,866.0,0.0,0.0,866.0,886.9,20.9,5658.0,0.155,0.155,0.156751,5674.0,0.155,0.155,0.156751,
06/30/2010,9525.0,9525.0,-5788.0,5788.0,3737.0,0.0,-1659.0,,,,1659.0,0.0,2078.0,-604.0,520.0,543.0,-23.0,28.0,,26.0,30.0,1474.0,-588.0,886.0,0.0,0.0,0.0,886.0,-2.0,884.0,0.0,0.0,884.0,918.05,34.05,5632.0,0.155,0.155,0.163006,5644.0,0.155,0.155,0.161033,
09/30/2010,9489.0,9489.0,-2002.0,2002.0,7487.0,0.0,-5533.0,3909.0,636.0,3273.0,1624.0,0.0,1954.0,-500.0,520.0,545.0,-25.0,-21.0,,40.0,-39.0,1454.0,-584.0,870.0,0.0,0.0,0.0,870.0,-3.0,867.0,0.0,0.0,867.0,910.55,43.55,5604.0,0.155,0.155,0.162482,5620.0,0.155,0.155,0.162482,
12/31/2010,9721.0,9721.0,-3899.0,3899.0,5822.0,0.0,-3809.0,2106.0,,,1703.0,0.0,2013.0,-307.0,520.0,544.0,-24.0,-19.0,,43.0,-237.0,1706.0,-673.0,1033.0,0.0,0.0,0.0,1033.0,-15.0,1018.0,0.0,0.0,1018.0,1017.9,-0.1,5600.0,0.185,0.185,0.181768,5600.0,0.18,0.18,0.179982,
03/31/2011,12128.0,12128.0,-8062.0,8062.0,4066.0,0.0,-1842.0,,,,1842.0,0.0,2224.0,-589.0,579.0,605.0,-26.0,-3.0,,37.0,-24.0,1635.0,-596.0,1039.0,0.0,0.0,0.0,1039.0,-96.0,943.0,0.0,0.0,943.0,998.9,55.9,5544.0,0.17,0.17,0.180177,5610.0,0.17,0.17,0.179964,
06/30/2011,14333.0,14333.0,-9532.0,9532.0,4801.0,0.0,-1863.0,,,,1863.0,0.0,2938.0,-557.0,595.0,621.0,-26.0,5.0,,-37.0,-6.0,2381.0,-1014.0,1367.0,0.0,0.0,0.0,1367.0,-345.0,1022.0,0.0,0.0,1022.0,1158.4,136.4,5518.0,0.185,0.185,0.209931,5578.0,0.185,0.185,0.209453,
09/30/2011,14339.0,14339.0,-9765.0,9765.0,4574.0,0.0,-1933.0,,,,1933.0,0.0,2641.0,-836.0,609.0,637.0,-28.0,83.0,,40.0,104.0,1805.0,-639.0,1166.0,0.0,0.0,0.0,1166.0,-258.0,908.0,,0.0,908.0,908.1,0.1,5478.0,0.165,0.165,0.165772,5522.0,0.165,0.165,0.165018,
12/31/2011,15042.0,15042.0,-4670.0,4670.0,10372.0,0.0,-7454.0,5456.0,1045.0,4411.0,1998.0,0.0,2918.0,-532.0,612.0,642.0,-30.0,-114.0,,-5.0,39.0,2386.0,-801.0,1585.0,0.0,0.0,0.0,1585.0,-298.0,1287.0,0.0,0.0,1287.0,1288.2,1.2,5482.0,0.235,0.235,0.234987,5482.0,0.235,0.235,0.234987,
03/31/2012,14878.0,14878.0,-4737.0,4737.0,10141.0,0.0,-7383.0,5453.0,1209.0,4244.0,1930.0,0.0,2758.0,-561.0,611.0,640.0,-29.0,-68.0,0.0,-3.0,21.0,2197.0,-750.0,1447.0,0.0,0.0,0.0,1447.0,-223.0,1224.0,0.0,0.0,1224.0,1227.25,3.25,5416.0,0.225,0.225,0.226597,5488.0,0.225,0.225,0.225592,
06/30/2012,15211.0,15211.0,-4551.0,4551.0,10660.0,0.0,-7581.0,5656.0,1291.0,4365.0,1925.0,0.0,3079.0,-635.0,597.0,625.0,-28.0,31.0,,-29.0,36.0,2444.0,-811.0,1633.0,0.0,0.0,0.0,1633.0,-285.0,1348.0,0.0,0.0,1348.0,1340.85,-7.15,5374.0,0.25,0.25,0.249507,5434.0,0.25,0.25,0.248684,
09/30/2012,16544.0,16544.0,-5726.0,5726.0,10818.0,0.0,-7770.0,5810.0,1230.0,4580.0,1960.0,0.0,3048.0,1335.0,601.0,633.0,-32.0,-38.0,0.0,-911.0,-987.0,4383.0,-1405.0,2978.0,0.0,0.0,0.0,2978.0,-865.0,2113.0,0.0,0.0,2113.0,1251.0,-862.0,5336.0,0.395,0.395,0.234446,5406.0,0.39,0.39,0.230547,
12/31/2012,15937.0,15937.0,-4916.0,4916.0,11021.0,0.0,-7727.0,5744.0,1094.0,4650.0,1983.0,0.0,3294.0,-709.0,593.0,623.0,-30.0,-19.0,,-16.0,151.0,2585.0,-778.0,1807.0,0.0,0.0,0.0,1807.0,-289.0,1518.0,0.0,0.0,1518.0,1423.3,-94.7,5374.0,0.285,0.285,0.26485,5374.0,0.28,0.28,0.262378,
03/31/2013,15310.0,15310.0,-4663.0,4663.0,10647.0,0.0,-7580.0,5613.0,1147.0,4466.0,1967.0,0.0,3067.0,-497.0,623.0,653.0,-30.0,-16.0,0.0,-11.0,-99.0,2570.0,-925.0,1645.0,0.0,0.0,0.0,1645.0,-208.0,1437.0,0.0,0.0,1437.0,1353.1,-83.9,5268.0,0.275,0.275,0.256852,5350.0,0.27,0.27,0.254318,
06/30/2013,16270.0,16270.0,-4968.0,4968.0,11302.0,0.0,-7867.0,5877.0,1307.0,4570.0,1990.0,0.0,3435.0,-643.0,610.0,636.0,-26.0,12.0,0.0,-23.0,44.0,2792.0,-1048.0,1744.0,0.0,0.0,0.0,1744.0,-10.0,1734.0,0.0,0.0,1734.0,1734.65,0.65,5262.0,0.33,0.33,0.329656,5332.0,0.325,0.325,0.325122,
09/30/2013,16151.0,16151.0,-4787.0,4787.0,11364.0,0.0,-7950.0,6034.0,1283.0,4751.0,1916.0,0.0,3414.0,-615.0,611.0,639.0,-28.0,-3.0,0.0,130.0,-123.0,2799.0,-1021.0,1778.0,0.0,0.0,0.0,1778.0,-46.0,1732.0,0.0,0.0,1732.0,1687.0,-45.0,5244.0,0.33,0.33,0.321701,5316.0,0.325,0.325,0.316535,
12/31/2013,16926.0,16926.0,-5252.0,5252.0,11674.0,0.0,-8027.0,6029.0,1232.0,4797.0,1998.0,0.0,3647.0,-693.0,619.0,646.0,-27.0,-3.0,0.0,-10.0,87.0,2954.0,-986.0,1968.0,0.0,0.0,0.0,1968.0,-55.0,1913.0,0.0,0.0,1913.0,1756.95,-156.05,5304.0,0.365,0.365,0.33125,5304.0,0.36,0.36,0.330579,
03/31/2014,17408.0,17408.0,-5908.0,5908.0,11500.0,0.0,-7932.0,5962.0,1210.0,4752.0,1970.0,0.0,3568.0,-512.0,614.0,642.0,-28.0,-7.0,0.0,-32.0,-63.0,3056.0,-1118.0,1938.0,0.0,0.0,0.0,1938.0,-67.0,1871.0,0.0,0.0,1871.0,1808.25,-62.75,5206.0,0.36,0.36,0.34734,5290.0,0.355,0.355,0.343138,
06/30/2014,16844.0,16844.0,-4874.0,4874.0,11970.0,0.0,-8166.0,6166.0,1242.0,4924.0,2000.0,0.0,3804.0,-545.0,620.0,648.0,-28.0,-21.0,0.0,-22.0,-32.0,3259.0,-1234.0,2025.0,0.0,0.0,0.0,2025.0,-33.0,1992.0,0.0,0.0,1992.0,1984.35,-7.65,5188.0,0.385,0.385,0.382489,5256.0,0.38,0.38,0.378545,
09/30/2014,16791.0,16791.0,-4772.0,4772.0,12019.0,0.0,-8274.0,6315.0,1296.0,5019.0,1959.0,0.0,3745.0,-705.0,634.0,663.0,-29.0,5.0,0.0,-33.0,99.0,3040.0,-407.0,2633.0,0.0,0.0,0.0,2633.0,-41.0,2592.0,0.0,0.0,2592.0,1918.95,-673.05,5160.0,0.5,0.5,0.371889,5232.0,0.495,0.495,0.366359,
12/31/2014,17732.0,17732.0,-5358.0,5358.0,12374.0,0.0,-8587.0,6497.0,1330.0,5167.0,2090.0,0.0,3787.0,-677.0,633.0,664.0,-31.0,-15.0,0.0,-10.0,69.0,3110.0,-1114.0,1996.0,0.0,0.0,0.0,1996.0,-71.0,1925.0,0.0,0.0,1925.0,1990.6,65.6,5180.0,0.37,0.37,0.384286,5180.0,0.37,0.37,0.382664,
03/31/2015,17853.0,17853.0,-5463.0,5463.0,12390.0,0.0,-8500.0,6434.0,1355.0,5079.0,2066.0,0.0,3890.0,-488.0,628.0,656.0,-28.0,-33.0,0.0,-33.0,-74.0,3402.0,-1261.0,2141.0,0.0,0.0,0.0,2141.0,-82.0,2059.0,0.0,0.0,2059.0,2034.75,-24.25,5040.0,0.41,0.41,0.40372,5112.0,0.405,0.405,0.400257,
06/30/2015,18743.0,18743.0,-5669.0,5669.0,13074.0,0.0,-8969.0,6808.0,1528.0,5280.0,2161.0,0.0,4105.0,-617.0,685.0,713.0,-28.0,-17.0,0.0,236.0,-287.0,3488.0,-1313.0,2175.0,0.0,0.0,0.0,2175.0,-38.0,2137.0,0.0,0.0,2137.0,2136.8,-0.2,5000.0,0.425,0.425,0.42736,5062.0,0.42,0.42,0.419961,
09/30/2015,18669.0,18669.0,-5582.0,5582.0,13087.0,0.0,-9086.0,6903.0,1513.0,5390.0,2183.0,0.0,4001.0,-737.0,632.0,659.0,-27.0,26.0,0.0,-1.0,80.0,3264.0,-1223.0,2041.0,0.0,0.0,0.0,2041.0,-45.0,1996.0,0.0,0.0,1996.0,2021.35,25.35,4944.0,0.405,0.405,0.408849,5004.0,0.4,0.4,0.405066,
12/31/2015,19245.0,19245.0,-5836.0,5836.0,13409.0,0.0,-9407.0,7137.0,1556.0,5581.0,2270.0,0.0,4002.0,-784.0,642.0,674.0,-32.0,-57.0,0.0,123.0,76.0,3218.0,-1162.0,2056.0,0.0,0.0,0.0,2056.0,-85.0,1971.0,0.0,0.0,1971.0,2026.2,55.2,4962.0,0.395,0.395,0.408344,4962.0,0.395,0.395,0.406124,
03/31/2016,18790.0,18790.0,-5431.0,5431.0,13359.0,0.0,-9270.0,6992.0,1467.0,5525.0,2278.0,0.0,4089.0,-554.0,674.0,703.0,-29.0,-30.0,0.0,11.0,-101.0,3535.0,-1311.0,2224.0,0.0,0.0,0.0,2224.0,-90.0,2134.0,0.0,0.0,2134.0,2078.7,-55.3,4868.0,0.44,0.44,0.427013,4924.0,0.435,0.435,0.42377,
06/30/2016,19269.0,19269.0,-5492.0,5492.0,13777.0,0.0,-9711.0,7322.0,1561.0,5761.0,2389.0,0.0,4066.0,-708.0,701.0,732.0,-31.0,-58.0,0.0,19.0,46.0,3358.0,-1278.0,2080.0,0.0,0.0,0.0,2080.0,-52.0,2028.0,0.0,0.0,2028.0,2095.6,67.6,4840.0,0.42,0.42,0.432975,4892.0,0.415,0.415,0.428818,
09/30/2016,21319.0,21319.0,-7003.0,7003.0,14316.0,0.0,-9876.0,7481.0,1487.0,5994.0,2395.0,0.0,4440.0,-716.0,720.0,751.0,-31.0,-80.0,0.0,34.0,42.0,3724.0,-1400.0,2324.0,0.0,0.0,0.0,2324.0,-87.0,2237.0,0.0,0.0,2237.0,2258.45,21.45,4806.0,0.465,0.465,0.469923,4862.0,0.46,0.46,0.464412,
12/31/2016,21358.0,21358.0,-6422.0,6422.0,14936.0,0.0,-10700.0,8336.0,1776.0,6560.0,2364.0,0.0,4236.0,-527.0,724.0,756.0,-32.0,-269.0,0.0,,72.0,3709.0,-1309.0,2400.0,0.0,0.0,0.0,2400.0,-121.0,2279.0,0.0,0.0,2279.0,2074.85,-204.15,4762.0,0.478581,0.478581,0.43571,4824.0,0.47243,0.47243,0.43011,
03/31/2017,20587.0,20587.0,-6061.0,6061.0,14526.0,0.0,-9984.0,7516.0,1577.0,5939.0,2468.0,0.0,4542.0,-625.0,755.0,755.0,0.0,,0.0,-36.0,-94.0,3917.0,-1262.0,2655.0,0.0,0.0,0.0,2655.0,-82.0,2573.0,0.0,0.0,2573.0,2575.980769,2.980769,4747.0,0.54,0.54,0.542654,4832.0,0.53,0.53,0.530617,
06/30/2017,21286.0,21286.0,-6330.0,6330.0,14956.0,0.0,-10388.0,7881.0,1713.0,6168.0,2507.0,0.0,4568.0,-659.0,758.0,758.0,0.0,-99.0,0.0,-15.0,0.0,3909.0,-1367.0,2542.0,0.0,0.0,0.0,2542.0,-21.0,2521.0,0.0,0.0,2521.0,2522.25,1.25,4728.0,0.53,0.53,0.533471,4809.0,0.52,0.52,0.52026,
09/30/2017,21081.0,21081.0,-6059.0,6059.0,15022.0,442.0,-10685.0,8139.0,1604.0,6535.0,2546.0,0.0,4779.0,-696.0,766.0,766.0,0.0,0.0,0.0,39.0,-109.0,4083.0,-1409.0,2674.0,0.0,0.0,0.0,2674.0,-32.0,2642.0,0.0,0.0,2642.0,2448.0,-194.0,4698.0,0.56,0.56,0.521073,4777.0,0.55,0.55,0.509389,
12/31/2017,22075.0,22075.0,-6905.0,6905.0,15170.0,0.0,-11041.0,8432.0,1625.0,6807.0,2609.0,0.0,4129.0,-685.0,386.0,386.0,0.0,-421.0,0.0,,720.0,3444.0,11607.0,15051.0,0.0,0.0,0.0,15051.0,-52.0,14999.0,0.0,0.0,14999.0,14913.05,-85.95,4657.0,3.220743,3.220743,3.202287,4726.0,3.17372,3.17372,3.155533,
03/31/2018,22791.0,22791.0,-7429.0,7429.0,15362.0,0.0,-10717.0,8118.0,1604.0,6514.0,2599.0,0.0,4645.0,-651.0,777.0,777.0,0.0,0.0,,49.0,-175.0,3994.0,-818.0,3176.0,0.0,0.0,0.0,3176.0,-58.0,3118.0,0.0,0.0,3118.0,2921.181102,-196.818898,4633.0,0.67,0.67,0.630516,4705.0,0.66,0.66,0.618168,
06/30/2018,21735.0,21735.0,-6300.0,6300.0,15435.0,200.0,-10621.0,8018.0,1653.0,6365.0,2603.0,0.0,5014.0,-729.0,806.0,806.0,0.0,-77.0,,,0.0,4285.0,-1077.0,3208.0,0.0,0.0,0.0,3208.0,8.0,3216.0,0.0,0.0,3216.0,3097.54955,-118.45045,4598.0,0.7,0.7,0.673673,4643.0,0.69,0.69,0.664488,
09/30/2018,22135.0,22135.0,-6711.0,6711.0,15424.0,141.0,-10729.0,8111.0,1667.0,6444.0,2618.0,0.0,4836.0,-941.0,830.0,830.0,0.0,0.0,,76.0,35.0,3895.0,-999.0,2896.0,0.0,0.0,0.0,2896.0,-10.0,2886.0,0.0,0.0,2886.0,3039.02,153.02,4564.0,0.63,0.63,0.665868,4619.0,0.62,0.62,0.653128,
12/31/2018,27846.0,27846.0,-9252.0,9252.0,18594.0,0.0,-14080.0,10883.0,2101.0,8782.0,3197.0,0.0,4514.0,-1446.0,1129.0,1129.0,0.0,,,308.0,9.0,3068.0,-486.0,2582.0,0.0,0.0,0.0,2582.0,-71.0,2511.0,0.0,0.0,2511.0,3038.15,527.15,4596.0,0.55,0.55,0.661042,4596.0,0.55,0.55,0.661042,
03/31/2019,26859.0,26859.0,-8569.0,8569.0,18290.0,0.0,-13108.0,9788.0,1888.0,7900.0,3320.0,0.0,5182.0,-474.0,1150.0,1150.0,0.0,0.0,0.0,-262.0,-414.0,4708.0,-1076.0,3632.0,0.0,0.0,0.0,3632.0,-79.0,3553.0,0.0,0.0,3553.0,2907.94,-645.06,4534.0,0.78,0.78,0.641363,4594.0,0.77,0.77,0.629586,
06/30/2019,26858.0,26858.0,-8255.0,8255.0,18603.0,0.0,-13247.0,9971.0,1885.0,8086.0,3276.0,0.0,5356.0,-1192.0,1137.0,1137.0,0.0,0.0,,202.0,-147.0,4164.0,-961.0,3203.0,0.0,0.0,0.0,3203.0,-78.0,3125.0,0.0,0.0,3125.0,3215.0,90.0,4547.0,0.69,0.69,0.70706,4607.0,0.68,0.68,0.699535,
09/30/2019,26827.0,26827.0,-8316.0,8316.0,18511.0,0.0,-13171.0,9991.0,1901.0,8090.0,3180.0,0.0,5340.0,-1277.0,1167.0,1167.0,0.0,0.0,,355.0,-245.0,4063.0,-775.0,3288.0,0.0,0.0,0.0,3288.0,-71.0,3217.0,0.0,0.0,3217.0,3282.0,65.0,4551.0,0.71,0.71,0.72116,4619.0,0.7,0.7,0.714072,
12/31/2019,28398.0,28398.0,-9300.0,9300.0,19098.0,0.0,-13851.0,10674.0,1943.0,8731.0,3177.0,0.0,5247.0,-1186.0,1113.0,1113.0,0.0,,,210.0,-137.0,4061.0,-861.0,3200.0,0.0,0.0,0.0,3200.0,-38.0,3162.0,0.0,0.0,3162.0,3262.0,100.0,4623.0,0.69,0.69,0.705602,4623.0,0.68,0.68,0.701631,
03/31/2020,26609.0,26609.0,-8301.0,8301.0,18308.0,0.0,-13456.0,10192.0,1938.0,8254.0,3264.0,0.0,4852.0,-1928.0,1212.0,1212.0,0.0,0.0,,668.0,48.0,2924.0,-700.0,2224.0,0.0,0.0,0.0,2224.0,-77.0,2147.0,0.0,0.0,2147.0,2808.0,661.0,4562.0,0.47,0.47,0.61552,4617.0,0.46,0.46,0.603167,
06/30/2020,23715.0,23715.0,-6817.0,6817.0,16898.0,0.0,-12251.0,8987.0,1341.0,7646.0,3264.0,0.0,4647.0,-692.0,692.0,1112.0,-420.0,-420.0,,-300.0,720.0,3955.0,-946.0,3009.0,0.0,0.0,0.0,3009.0,-21.0,2988.0,0.0,0.0,2988.0,2721.0,-267.0,4570.0,0.65,0.65,0.595405,4607.0,0.65,0.65,0.592045,
09/30/2020,24600.667,,,,,,,,,,,,3454.706,,,,,,,,,2410.105,,1795.25,,,,,,1795.25,,,1795.25,2174.917,,,0.388,0.388,0.455,,0.388,0.388,0.455,
12/31/2020,27195.579,,,,,,,,,,,,3851.941,,,,,,,,,2779.333,,2091.25,,,,,,2091.25,,,2091.25,2472.75,,,0.449,0.449,0.521,,0.449,0.449,0.521,
