Date,Revenue,Net Premiums Earned,Net Premiums Earned (NL),Net Premiums Earned (L),Other Premiums Earned (NL & L),Investment Income,Other Operating Income,Policy Charges & Fees,Other Income,Claims & Losses,Claims & Losses (NL),Claims & Losses (L),LT Charges (L),Oth Claims & Losses (NL & L),Underwriting Expense & Acq Cost,Underwriting & Acq Cost (NL),Underwriting Cost (NL),Amort Def Acq Cost (NL),Underwriting & Acq Cost (L),Underwriting Cost (L),Amort Def Acq Cost (L),Other Cost (NL & L),Other Operating Expense,Operating Income (Loss),Interest Expense,Other Non-Op (Income) Loss,"Pretax Income (Loss), GAAP",Income Tax Expense (Benefit),Income (Loss) from Cont Ops,Net Extraordinary Losses (Gains),Discontinued Operations,XO & Accounting Changes,Income (Loss) Incl. MI,Minority Interest,"Net Income, GAAP",Preferred Dividends,Other Adjustments,"Net Income Avail to Common, GAAP","Net Income Avail to Common, Adj",Net Abnormal Losses (Gains),Basic Weighted Avg Shares,"Basic EPS, GAAP",Basic EPS from Cont Ops,"Basic EPS from Cont Ops, Adjusted",Diluted Weighted Avg Shares,"Diluted EPS, GAAP",Diluted EPS from Cont Ops,"Diluted EPS from Cont Ops, Adjusted",Source: Bloomberg
03/31/1990,2374.799072,1985.553955,,,,364.728011,24.517,,,-1838.942017,1838.942017,,,,-500.764008,,,,,,,,,35.092999,-5.516,0.0,29.576999,64.625,94.202003,0.0,,,94.201999,0.0,94.202003,-1.983,,92.219003,92.219003,,189.834986,0.485393,0.485393,,189.834986,0.485393,0.485393,0.485393,
06/30/1990,2442.431885,2049.654053,,,,367.264012,25.514,,,-1892.985962,1892.985962,,,,-513.620972,,,,,,,,,35.825001,-5.134,0.0,30.691001,57.193001,87.884003,0.0,,,87.884002,0.0,87.884003,-2.625,,85.259003,85.259003,,189.834986,0.449559,0.449559,,189.834986,0.449559,0.449559,0.449559,
09/30/1990,2517.452881,2073.927002,,,,418.034014,25.492001,,,-1865.057983,1865.057983,,,,-570.096008,,,,,,,,,82.299004,-1.643,0.0,80.656004,39.133999,119.790001,0.0,,,119.790002,0.0,119.790001,-2.556,,117.234001,117.234001,,189.825782,0.618958,0.618958,,189.825782,0.618958,0.618958,0.618958,
12/31/1990,2609.704102,2290.295898,,,,295.57901,23.829,,,-2030.511963,2030.511963,,,,-611.5,,,,,,,,,-32.307999,-7.585,0.0,-39.892999,104.526001,64.633003,0.0,,,64.633002,0.0,64.633003,-2.623,,62.010003,62.010003,,198.402468,0.325767,0.325767,,198.402468,0.325767,0.325767,0.325767,
03/31/1991,2680.554932,2218.446045,,,,440.043991,22.065001,,,-2005.767944,2005.767944,,,,-563.713989,,,,,,,,,111.072998,-9.012,0.0,102.060998,15.547,117.608002,0.0,,,117.607998,0.0,117.608002,-1.571,,116.037002,116.037002,,189.684572,0.612442,0.612442,,189.684572,0.612442,0.612442,0.612442,
06/30/1991,2754.628906,2241.261963,,,,485.609009,27.757999,,,-2049.37207,2049.37207,,,,-554.448975,,,,,,,,,150.807999,-9.975,0.0,140.832998,13.44,154.272995,0.0,,,154.272998,0.0,154.272995,-1.861,,152.411995,152.411995,,189.684572,0.801387,0.801387,,189.684572,0.801387,0.801387,0.801387,
09/30/1991,2700.302002,2250.715088,,,,419.694014,29.893,,,-2047.527954,2047.527954,,,,-578.630981,,,,,,,,,74.142998,-9.643,0.0,64.499998,32.290001,96.790001,0.0,,,96.789999,0.0,96.790001,-1.786,,95.004001,95.004001,,189.684572,0.501681,0.501681,,189.684572,0.501681,0.501681,0.501681,
12/31/1991,2995.866943,2235.927979,,,,725.855011,34.084,,,-2139.559082,2139.559082,,,,-598.155029,,,,,,,,,258.153015,-9.663,0.0,248.490015,-4.649,243.841003,0.0,,,243.841015,0.0,243.841003,-1.542,,242.299003,242.299003,,190.946207,1.277007,1.277007,,190.946207,1.277007,1.277007,1.277007,
03/31/1992,2715.355957,2217.395996,,,,462.737007,35.223,,,-2051.343994,2051.343994,,,,-581.551025,,,,,,,,,82.460999,-9.419,0.0,73.041999,36.499001,109.541,-331.891983,,,441.432982,0.0,441.433014,-0.991,,440.442014,440.442014,,189.684572,2.32272,0.57335,,189.684572,2.32272,0.57335,0.57335,
06/30/1992,2691.191895,2149.327881,,,,504.211006,37.653,,,-1988.026001,1988.026001,,,,-562.122009,,,,,,,,,141.044006,-9.1,0.0,131.944006,13.669,145.613007,0.0,,,145.613006,0.0,145.613007,-1.285,,144.328007,144.328007,,189.684572,0.759037,0.759037,,189.684572,0.759037,0.759037,0.759037,
09/30/1992,2702.641113,2186.906006,,,,471.168015,44.567001,,,-2236.906006,2236.906006,,,,-554.677002,,,,,,,,,-88.942001,-8.768,0.0,-97.710001,94.402,-3.308,0.0,,,-3.308001,0.0,-3.308,-1.075,,-4.383,-4.383,,189.684572,-0.022804,-0.022804,,189.684572,-0.022804,-0.022804,-0.022804,
12/31/1992,2684.25293,2214.341064,,,,437.48301,32.429001,,,-3594.37207,3594.37207,,,,-562.713989,,,,,,,,,-1472.833008,-9.411,0.0,-1482.244008,567.953979,-914.289978,0.0,,,-914.290029,0.0,-914.289978,-0.896,,-915.185978,-915.185978,,189.687641,-4.824611,-4.824611,-4.824611,189.687641,-4.824611,-4.824611,-4.824611,
03/31/1993,2917.545898,2084.810059,,,,786.02002,46.716,,,-1960.687012,1960.687012,,,,-553.880005,,,,,,,,,402.979004,-9.125,0.0,393.854004,-80.272003,313.582001,0.0,,,313.582001,0.0,313.582001,-1.0,,312.582001,312.582001,,189.699924,1.648382,1.648382,,189.699924,1.648382,1.648382,1.648382,
06/30/1993,2628.150879,2116.694092,,,,469.072983,42.383999,,,-1994.208984,1994.208984,,,,-577.718994,,,,,,,,,56.223,-9.117,0.0,47.106,27.697001,74.803001,0.0,,,74.803,0.0,74.803001,-1.055,,73.748001,73.748001,,189.699924,0.387663,0.387663,,189.699924,0.387663,0.387663,0.387663,
09/30/1993,2756.887939,2241.236084,,,,469.794983,45.856998,,,-2571.187012,2571.187012,,,,-594.804016,,,,,,,,,-409.102997,-9.133,0.0,-418.235997,209.932999,-208.302994,0.0,,,-208.302999,0.0,-208.302994,-1.061,,-209.363994,-209.363994,,189.699924,-1.104351,-1.104351,,189.699924,-1.104351,-1.104351,-1.104351,
12/31/1993,2708.228027,2246.056885,,,,405.555984,56.615002,,,-2030.463989,2030.463989,,,,-593.604004,,,,,,,,,84.160004,-13.439,0.0,70.721004,16.719999,87.441002,0.0,,,87.441003,0.0,87.441002,-0.857,,86.584002,86.584002,,189.699923,0.456074,0.456074,0.456074,189.699923,0.456074,0.456074,0.456074,
03/31/1994,2604.458984,2308.920898,,,,240.584991,54.952999,,,-2753.039978,2024.5,728.539978,,,,,,,,,,,,-148.580994,-17.613001,0.0,-166.193995,88.140999,-78.053001,0.0,,,-78.052996,0.0,-78.053001,-1.0,,-79.053001,-79.053001,,189.699924,-0.416982,-0.416982,,189.699924,-0.416982,-0.416982,-0.416982,
06/30/1994,2731.034912,2366.908936,,,,307.831985,56.293999,,,-2804.698975,2080.699951,723.999023,,,,,,,,,,,,-73.664001,-17.641001,0.0,-91.305002,55.047001,-36.257999,0.0,,,-36.258001,0.0,-36.257999,-1.472,,-37.729999,-37.729999,,189.699924,-0.198718,-0.198718,,189.699924,-0.198718,-0.198718,-0.198718,
09/30/1994,2844.260986,2406.456055,,,,380.03299,57.771999,,,-2803.183044,2119.447021,683.736023,,,,,,,,,,,,41.077999,-17.584999,0.0,23.493,31.462999,54.956001,0.0,,,54.955999,0.0,54.956001,-1.084,,53.872001,53.872001,,189.699924,0.283417,0.283417,,189.699924,0.283417,0.283417,0.283417,
12/31/1994,2819.745117,2392.114014,,,,376.549984,51.081001,,,-2702.078064,1945.253052,756.825012,,,,,,,,,,,,117.667,-17.660999,0.0,100.006001,-4.151,95.855003,0.0,,,95.855001,0.0,95.855003,-1.744,,94.111003,94.111003,,189.706059,0.495166,0.495166,0.495166,189.706059,0.495166,0.495166,0.495166,
03/31/1995,3052.800049,2516.0,,,,466.699993,70.099998,,,-2833.0,2035.599976,797.400024,,,,,,,,,,,,219.800003,-17.700001,0.0,202.100002,-49.299999,152.800003,0.0,,,152.800003,0.0,152.800003,-1.8,,151.000003,151.000003,,189.70606,0.794872,0.794872,0.684111,189.70606,0.794872,0.794872,0.684111,
06/30/1995,3659.199951,2868.899902,,,,720.500015,69.800003,,,-3255.999939,2491.699951,764.299988,,,,,,,,,,,,403.200012,-38.0,0.0,365.200012,-108.5,256.700012,0.0,,,256.700012,0.0,256.700012,-1.9,,254.800012,254.800012,,189.70606,1.342161,1.342161,0.661307,189.70606,1.342161,1.342161,0.661307,
09/30/1995,4000.899902,3196.199951,,,,649.699997,155.0,,,-3693.19989,2848.899902,844.299988,,,,,,,,,,,,307.700012,-64.800003,0.0,242.900009,-76.599998,166.300003,0.0,,,166.300011,0.0,166.300003,-1.4,,164.900003,164.900003,,189.70606,0.866541,0.866541,0.534258,189.70606,0.866541,0.866541,0.534258,
12/31/1995,3986.800049,3154.0,,,,703.5,129.300003,,,-3692.80011,2773.600098,919.200012,,,,,,,,,,,,294.0,-61.799999,0.0,232.200001,-51.0,181.199997,0.0,,,181.200001,0.0,181.199997,-1.8,,179.399997,179.399997,,189.706059,0.947982,0.947982,0.521227,189.706059,0.947982,0.947982,0.521227,
03/31/1996,4315.399902,3293.100098,,,,882.700012,139.600006,,,-3773.19989,2786.899902,986.299988,,,,,,,,,,,,542.200012,-59.799999,0.0,482.400013,-153.100006,329.299988,0.0,,,329.300007,0.0,329.299988,-1.6,,327.699988,327.699988,,189.70606,1.726566,1.726566,0.75578,189.70606,1.726566,1.726566,0.75578,
06/30/1996,4095.199951,3320.699951,,,,630.699974,143.800003,,,-3760.599976,2848.199951,912.400024,,,,,,,,,,,,334.600006,-44.700001,0.0,289.900005,-87.800003,202.100006,0.0,,,202.100002,0.0,202.100006,-1.2,,200.900006,200.900006,,189.70606,1.058743,1.058743,0.794872,189.70606,1.058743,1.058743,0.794872,
09/30/1996,4255.600098,3435.300049,,,,649.599991,170.699997,,,-3905.400024,2839.5,1065.900024,,,,,,,,,,,,350.200012,-50.900002,0.0,299.300011,-60.799999,238.5,0.0,,,238.500011,0.0,238.5,-1.8,,236.7,236.7,,189.70606,1.247688,1.247688,0.837222,189.70606,1.247688,1.247688,0.837222,
12/31/1996,4321.600098,3429.899902,,,,731.599976,160.100006,,,-4003.200073,3258.300049,744.900024,,,,,,,,,,,,318.399994,-45.0,0.0,273.399994,-78.5,194.899994,0.0,,,194.899994,0.0,194.899994,-0.7,,194.199994,194.199994,,189.706059,1.019651,1.019651,0.625473,189.706059,1.019651,1.019651,0.625473,
03/31/1997,4132.0,3347.0,,,,630.0,155.0,,,-3855.0,2889.0,966.0,,,,,,,,,,,,277.0,-49.0,0.0,228.0,-50.0,178.0,0.0,,,178.0,0.0,178.0,-2.0,,176.0,176.0,,189.70606,0.928436,0.928436,0.710172,189.70606,0.928436,0.928436,0.710172,
06/30/1997,4243.0,3348.0,,,,719.0,176.0,,,-3855.0,2956.0,899.0,,,,,,,,,,,,388.0,-46.0,0.0,342.0,-107.0,235.0,0.0,,,235.0,0.0,235.0,-1.0,,234.0,234.0,,189.70606,1.2314,1.2314,0.654792,189.70606,1.2314,1.2314,0.654792,
09/30/1997,4309.0,3336.0,,,,767.0,206.0,,,-3859.0,2936.0,923.0,,,,,,,,,,,,450.0,-57.0,0.0,393.0,-119.0,274.0,0.0,,,274.0,0.0,274.0,-2.0,,272.0,272.0,,189.70606,1.436633,1.436633,0.625473,189.70606,1.436633,1.436633,0.625473,
12/31/1997,4388.0,3331.0,,,,846.0,211.0,,,-3947.0,2904.0,1043.0,,,,,,,,,,,,441.0,-46.0,0.0,395.0,-116.0,279.0,0.0,,,279.0,0.0,279.0,-2.0,,277.0,277.0,,189.706059,1.459437,1.459437,0.540773,189.706059,1.459437,1.459437,0.540773,
03/31/1998,4358.0,3431.0,,,,741.0,186.0,,,-2848.0,2848.0,,,,-1118.0,,,,,,,,,392.0,-55.0,0.0,337.0,-98.0,239.0,0.0,,,239.0,-6.0,233.0,-1.0,,232.0,232.0,,189.70606,1.221627,1.221627,0.605927,189.70606,1.221627,1.221627,0.605927,
06/30/1998,4455.0,3478.0,,,,788.0,189.0,,,-2981.0,2981.0,,,,-1124.0,,,,,,,,,350.0,-60.0,,290.0,-74.0,216.0,,,,216.0,-6.0,210.0,-2.0,,208.0,208.0,,189.706062,1.094578,1.094578,0.322509,189.706062,1.094578,1.094578,0.322509,
09/30/1998,4170.0,3363.0,,,,616.0,191.0,,,-2807.0,2807.0,,,,-1116.0,,,,,,,,,247.0,-53.0,-220.0,-26.0,12.0,-14.0,,,,-14.0,0.0,-14.0,,,-14.0,-14.0,,189.501417,-0.087957,-0.087957,0.71343,189.501417,-0.087957,-0.087957,0.71343,
12/31/1998,4188.0,3154.0,,,,688.0,346.0,,,-3156.0,3156.0,,,,-1292.0,,,,,,,,,-260.0,,-26.0,-260.0,113.0,-147.0,0.0,,,-147.0,,-147.0,,0.0,-147.0,-147.0,,189.194443,-0.791614,-0.791614,-1.309584,189.194443,-0.791614,-0.791614,-1.309584,
03/31/1999,4347.0,3439.0,,,,734.0,174.0,,,-2881.0,2881.0,0.0,0.0,,-1156.0,,,,,,,,,310.0,-62.0,-35.0,213.0,-35.0,178.0,177.0,,,1.0,-6.0,-5.0,,,-5.0,-5.0,,188.273546,-0.048865,0.889344,1.00662,188.273546,-0.048865,0.889344,1.00662,
06/30/1999,4347.0,3506.0,,,,686.0,155.0,,,-2970.0,2970.0,,,,-1094.0,,,,,,,,,283.0,-46.0,-19.0,218.0,-55.0,163.0,0.0,,,163.0,-9.0,154.0,0.0,0.0,154.0,154.0,,188.478191,0.801387,0.801387,0.869798,188.478191,0.801387,0.801387,0.869798,
09/30/1999,4001.0,3351.0,,,,450.0,200.0,,,-2758.0,2758.0,,,,-1139.0,,,,,,,,,104.0,-55.0,-16.0,33.0,4.0,37.0,0.0,,,37.0,-8.0,29.0,0.0,0.0,29.0,29.0,,188.580514,0.146595,0.146595,0.205233,188.580514,0.146595,0.146595,0.205233,
12/31/1999,3677.0,3008.0,8775.0,4507.0,-10274.0,546.0,123.0,,,-3265.0,3265.0,,,,,,,,,,,,,-415.0,-39.0,-83.0,-537.0,174.0,-293.0,0.0,,,-363.0,-15.0,-308.0,-5.0,0.0,-313.0,-313.0,,188.580514,-1.659769,-1.659769,-1.659769,188.580514,-1.659769,-1.659769,-1.659769,
03/31/2000,3491.0,2770.0,,,,565.0,156.0,,,-2343.0,2343.0,,,,-889.0,,,,,,,,,259.0,-52.0,,207.0,-60.0,147.0,,,,147.0,-6.0,141.0,0.0,0.0,141.0,141.0,,188.478191,0.742749,0.742749,0.742749,188.478191,0.742749,0.742749,0.742749,
06/30/2000,3837.0,2778.0,,,,869.0,190.0,,,-2348.0,2348.0,,,,-947.0,,,,,,,,,542.0,-48.0,0.0,494.0,-157.0,337.0,0.0,,,337.0,-7.0,330.0,0.0,0.0,330.0,330.0,,187.557288,1.759143,1.759143,1.759143,187.557288,1.759143,1.759143,1.759143,
09/30/2000,4309.0,2919.0,,,,1207.0,183.0,,,-2465.0,2465.0,0.0,,,-979.0,,,,,,,,,865.0,-54.0,0.0,811.0,-251.0,560.0,0.0,,,560.0,-10.0,550.0,0.0,0.0,550.0,550.0,,187.65961,2.931904,2.931904,2.931904,187.761933,2.931904,2.931904,2.931904,
12/31/2000,3922.0,3007.0,,,,696.0,219.0,,,-2675.0,2675.0,,,,-897.0,,,,,,,,,350.0,-52.0,0.0,298.0,-100.0,198.0,0.0,,,198.0,-5.0,193.0,0.0,0.0,193.0,193.0,,187.557288,1.035939,1.035939,0.488651,187.557288,1.035939,1.035939,0.488651,
03/31/2001,3569.0,2498.0,,,,878.0,193.0,,,-2069.0,2069.0,,,,-904.0,,,,,,,,,596.0,-43.0,-6.0,547.0,-185.0,362.0,61.0,,,301.0,-6.0,295.0,0.0,0.0,295.0,295.0,,187.557288,1.573455,1.905738,1.925284,187.557288,1.573455,1.905738,1.925284,
06/30/2001,2708.0,1587.0,,,,969.0,152.0,,,-4277.0,4277.0,,,,-948.0,,,,,,,,,-2517.0,-41.0,-56.0,-2614.0,855.0,-1759.0,-3.0,,,-1756.0,-6.0,-1762.0,0.0,0.0,-1762.0,-1762.0,,187.557288,-9.391866,-9.401639,-9.401639,187.557288,-9.391866,-9.401639,-9.401639,
09/30/2001,3125.0,2515.0,,,,448.0,162.0,,,-2420.0,2420.0,,,,-907.0,,,,,,,,,-202.0,-38.0,0.0,-240.0,86.0,-154.0,-5.0,,,-149.0,-6.0,-155.0,0.0,0.0,-155.0,-155.0,,185.5,-0.82,-0.85,-0.86,185.5,-0.82,-0.85,-0.86,
12/31/2001,3683.0,2688.0,,,,823.0,172.0,,,-2537.0,1540.0,997.0,,,-934.0,,,,,,,,,216.0,-35.0,-189.0,-8.0,-12.0,-20.0,-3.0,,,-17.0,-3.0,-20.0,0.0,0.0,-20.0,-20.0,,223.6,-0.08,-0.08,-0.74,223.6,-0.08,-0.08,-0.74,
03/31/2002,3446.0,2837.0,,,,427.0,182.0,,,-2310.0,2310.0,,,,-931.0,,,,,,,,,205.0,-37.0,,168.0,-51.0,117.0,92.0,,,25.0,-5.0,20.0,0.0,0.0,20.0,20.0,,223.6,0.09,0.35,0.51,223.6,0.09,0.35,0.51,
06/30/2002,3312.0,2826.0,,,,340.0,146.0,,,-2366.0,1316.0,1050.0,,,-870.0,,,,,,,,,76.0,-38.0,0.0,38.0,-2.0,36.0,0.0,,,36.0,-5.0,31.0,0.0,0.0,31.0,31.0,,223.6,0.14,0.14,0.62,223.6,0.14,0.14,0.62,
09/30/2002,2790.0,2262.0,,,,388.0,140.0,,,-1850.0,1850.0,,,,-825.0,,,,,,,,,115.0,-37.0,0.0,78.0,-23.0,55.0,,,,55.0,-1.0,54.0,0.0,0.0,54.0,54.0,,223.6,0.24,0.24,0.17,223.6,0.24,0.24,0.17,
12/31/2002,2741.0,2288.0,,,,323.0,130.0,,,-1883.0,1349.0,534.0,,,-799.0,,,,,,,,,59.0,-38.0,37.0,58.0,7.0,65.0,0.0,,,65.0,-15.0,50.0,-2.0,0.0,48.0,48.0,,223.6,0.21,0.21,0.38,223.6,0.21,0.21,0.38,
03/31/2003,2845.0,2381.0,,,,356.0,108.0,,,-1870.0,1365.3,504.7,,,-837.0,,,,,,,,,138.0,-34.0,0.0,104.0,-18.0,86.0,0.0,,,86.0,-3.0,83.0,-15.0,0.0,68.0,68.0,,223.6,0.3,0.3,0.52,223.6,0.3,0.3,0.52,
06/30/2003,3099.0,2197.0,,,,805.0,97.0,,,-2067.0,1537.8,529.2,,,-922.0,,,,,,,,,110.0,-33.0,0.0,77.0,-5.0,72.0,0.0,,,72.0,-2.0,70.0,-15.0,0.0,55.0,55.0,,223.6,0.25,0.25,-0.87,223.6,0.25,0.25,-0.87,
09/30/2003,2725.0,2126.0,,,,516.0,83.0,,,-4032.0,3272.7,759.3,,,-1440.0,,,,,,,,,-2747.0,-33.0,0.0,-2780.0,1006.0,-1774.0,0.0,,,-1774.0,14.0,-1760.0,-15.0,0.0,-1775.0,-1775.0,,223.6,-7.94,-7.94,-8.41,223.6,-7.94,-7.94,-8.41,
12/31/2003,3047.0,2510.0,,,,430.0,107.0,,,-1947.0,1461.2,485.8,,,-823.0,,,,,,,,,277.0,-30.0,0.0,247.0,-70.0,177.0,0.0,,,177.0,-3.0,174.0,-15.0,0.0,159.0,159.0,,237.2,0.67,0.67,0.75,237.2,0.67,0.67,0.75,
03/31/2004,2267.0,2168.0,,,,17.0,82.0,,,-1638.0,1225.0,413.0,0.0,,-765.0,,,,,,,,,-136.0,-35.0,0.0,-171.0,53.0,-118.0,0.0,,,-118.0,-6.0,-124.0,-16.0,,-140.0,-140.0,,255.9,-0.55,-0.55,1.37,255.9,-0.55,-0.55,1.37,
06/30/2004,2664.0,2106.0,,,,486.0,72.0,,,-1620.0,1294.0,326.0,0.0,,-682.0,,,,,,,,,362.0,-31.0,0.0,331.0,-31.0,300.0,0.0,,,300.0,-7.0,293.0,-16.0,,277.0,277.0,,255.9,1.08,1.08,-0.26,255.9,1.08,1.08,-0.26,
09/30/2004,2318.0,1947.0,1797.0,150.0,0.0,298.0,73.0,,,-1596.0,1355.0,241.0,0.0,,-767.0,,,,,,,,,-45.0,-28.0,0.0,-73.0,52.0,-21.0,0.0,,,-21.0,-6.0,-27.0,-16.0,0.0,-43.0,-43.0,,256.0,-0.16,-0.16,0.15,256.0,-0.16,-0.16,0.15,
12/31/2004,2686.0,1988.0,,,,631.0,67.0,,,-1591.0,1202.0,389.0,0.0,,-648.0,,,,,,,,,447.0,-30.0,0.0,417.0,-105.0,312.0,1.0,,,311.0,-8.0,303.0,-17.0,0.0,286.0,286.0,,256.0,1.11,1.12,0.72,256.0,1.11,1.12,0.72,
03/31/2005,2364.0,1898.0,1733.0,165.0,0.0,388.0,78.0,,,-1434.0,1200.0,234.0,0.0,,-652.0,,,,,,,,,278.0,-37.0,0.0,241.0,-56.0,185.0,-7.0,,,192.0,-7.0,185.0,-17.0,0.0,168.0,168.0,,256.0,0.66,0.63,0.75,256.0,0.66,0.63,0.75,
06/30/2005,2570.0,1912.0,1707.0,205.0,0.0,465.0,193.0,,,-1581.0,1297.0,284.0,0.0,,-625.0,,,,,,,,,364.0,-30.0,0.0,334.0,-48.0,286.0,-2.0,,,288.0,2.0,290.0,-18.0,0.0,272.0,272.0,,256.0,1.06,1.06,1.0,256.0,1.06,1.06,1.0,
09/30/2005,2520.0,1873.0,1705.0,168.0,0.0,567.0,80.0,,,-1871.0,1530.0,341.0,0.0,,-657.0,,,,,,,,,-8.0,-29.0,0.0,-37.0,51.0,14.0,-3.0,,,17.0,-11.0,6.0,-17.0,0.0,-11.0,-11.0,,256.0,-0.04,-0.06,-0.15,256.0,-0.04,-0.06,-0.15,
12/31/2005,2408.0,1885.0,1720.0,165.0,0.0,463.0,60.0,,,-2113.0,1811.0,302.0,0.0,,-643.0,,,,,,,,,-348.0,-28.0,0.0,-376.0,158.0,-218.0,-9.0,,,-209.0,-8.0,-217.0,-18.0,0.0,-235.0,-235.0,,256.0,-0.92,-0.95,-0.74,256.0,-0.92,-0.95,-0.74,
03/31/2006,2501.0,1869.0,1706.0,163.0,0.0,579.0,53.0,,,-1492.0,1186.0,306.0,0.0,,-627.0,,,,,,,,,382.0,-30.0,0.0,352.0,-108.0,244.0,6.0,,,238.0,-9.0,229.0,-19.0,0.0,210.0,210.0,,256.0,0.82,0.84,0.91,256.0,0.82,0.84,0.91,
06/30/2006,2412.0,1892.0,1732.0,160.0,0.0,454.0,66.0,,,-1432.0,1165.0,267.0,0.0,,-614.0,,,,,,,,,366.0,-28.0,13.0,351.0,-100.0,251.0,2.0,,,249.0,-10.0,239.0,-19.0,0.0,220.0,220.0,,256.0,0.86,0.87,1.09,256.0,0.86,0.87,1.09,
09/30/2006,2620.0,1943.0,1784.0,159.0,0.0,621.0,56.0,,,-1522.0,1209.0,313.0,0.0,,-614.0,,,,,,,,,484.0,-35.0,0.0,449.0,-131.0,318.0,-6.0,,,324.0,-13.0,311.0,-8.0,0.0,303.0,303.0,,265.0,1.15,1.13,1.07,265.2,1.15,1.13,1.07,
12/31/2006,2843.0,1899.0,1740.0,159.0,0.0,844.0,100.0,,,-1601.0,1292.0,309.0,0.0,,-706.0,,,,,,,,,536.0,-38.0,0.0,498.0,-130.0,368.0,27.0,,,341.0,-12.0,329.0,0.0,,329.0,329.0,,271.0,1.23,1.33,0.91,271.3,1.22,1.32,0.91,
03/31/2007,2517.0,1863.0,1707.0,156.0,0.0,587.0,67.0,,,-1448.0,1176.0,272.0,0.0,,-599.0,,,,,,,,,470.0,-34.0,0.0,436.0,-132.0,304.0,-2.0,,,306.0,-10.0,296.0,0.0,0.0,296.0,296.0,,271.3,1.09,1.08,1.13,271.6,1.09,1.08,1.13,
06/30/2007,2469.0,1872.0,1715.0,157.0,0.0,532.0,65.0,,,-1473.0,1146.0,327.0,0.0,,-632.0,,,,,,,,,364.0,-35.0,0.0,329.0,-91.0,238.0,10.0,,,228.0,-11.0,217.0,0.0,0.0,217.0,217.0,,271.6,0.8,0.84,1.17,271.9,0.8,0.84,1.17,
09/30/2007,2484.0,1882.0,1726.0,156.0,0.0,523.0,79.0,,,-1575.0,1112.0,463.0,0.0,,-628.0,,,,,,,,,281.0,-35.0,0.0,246.0,-56.0,190.0,,,,190.0,-16.0,174.0,,0.0,174.0,174.0,,271.6,0.64,0.64,0.78,271.9,0.64,0.64,0.78,
12/31/2007,2415.0,1867.0,1718.0,149.0,0.0,480.0,68.0,,,-1548.0,1297.0,251.0,0.0,,-620.0,,,,,,,,,247.0,-36.0,0.0,211.0,-38.0,173.0,-2.0,,,175.0,-11.0,164.0,0.0,0.0,164.0,164.0,,271.5,0.6,0.59,0.82,271.8,0.6,0.59,0.82,
03/31/2008,2282.0,1813.0,1656.0,157.0,0.0,383.0,86.0,,,-1389.0,1175.0,214.0,0.0,,-595.0,,,,,,,,,298.0,-34.0,0.0,264.0,-64.0,200.0,1.0,,,199.0,-12.0,187.0,0.0,0.0,187.0,187.0,,270.7,0.69,0.7,0.82,270.8,0.69,0.7,0.82,
06/30/2008,2321.0,1774.0,1625.0,149.0,0.0,465.0,82.0,,,-1472.0,1155.0,317.0,0.0,,-563.0,,,,,,,,,286.0,-33.0,0.0,253.0,-62.0,191.0,-2.0,,,193.0,-12.0,181.0,0.0,0.0,181.0,181.0,,269.0,0.67,0.66,0.92,269.1,0.67,0.66,0.92,
09/30/2008,1659.0,1799.0,1645.0,154.0,0.0,-212.0,72.0,,,-1519.0,1223.0,296.0,0.0,,-649.0,,,,,,,,,-509.0,-33.0,0.0,-542.0,218.0,-324.0,-9.0,,,-315.0,-16.0,-331.0,0.0,0.0,-331.0,-331.0,,269.0,-1.23,-1.26,0.31,269.1,-1.23,-1.26,0.31,
12/31/2008,1537.0,1765.0,1613.0,152.0,0.0,-314.0,86.0,,,-1343.0,1060.0,283.0,0.0,,-697.0,,,,,,,,,-503.0,-34.0,0.0,-537.0,219.0,-318.0,1.0,,,-319.0,-17.0,-336.0,-19.0,0.0,-355.0,-355.0,,269.0,-1.31,-1.31,-0.15,269.0,-1.31,-1.31,-0.15,
03/31/2009,1638.0,1672.0,1522.0,150.0,0.0,-112.0,78.0,0.0,78.0,-1342.0,1036.0,306.0,,,-600.0,542.0,199.0,343.0,58.0,52.0,6.0,0.0,,-304.0,-31.0,0.0,-335.0,150.0,-185.0,0.0,0.0,0.0,-185.0,-10.0,-195.0,-31.0,0.0,-226.0,118.0,344.0,269.0,-0.84,-0.84,0.438662,269.0,-0.84,-0.84,0.438662,
06/30/2009,2096.0,1656.0,1508.0,148.0,0.0,378.0,62.0,0.0,62.0,-1294.0,1025.0,269.0,,,-610.0,568.0,223.0,345.0,102.0,98.0,4.0,-30.0,,162.0,-30.0,0.0,132.0,-12.0,120.0,1.0,1.0,0.0,119.0,-14.0,105.0,-32.0,0.0,73.0,273.0,199.0,269.0,0.27,0.28,1.01487,269.0,0.27,0.28,1.01487,
09/30/2009,2340.0,1707.0,1558.0,149.0,0.0,560.0,73.0,0.0,73.0,-1283.0,1082.0,201.0,,,-603.0,614.0,254.0,360.0,57.0,52.0,5.0,-34.0,,420.0,-34.0,0.0,386.0,-108.0,278.0,1.0,1.0,0.0,277.0,-14.0,263.0,-31.0,0.0,232.0,300.0,67.0,269.0,0.86,0.86,1.115242,269.2,0.86,0.86,1.108886,
12/31/2009,2398.0,1686.0,1538.0,148.0,0.0,637.0,75.0,0.0,75.0,-1371.0,1058.0,313.0,,,-637.0,617.0,266.0,351.0,53.0,50.0,3.0,-33.0,,390.0,-33.0,0.0,357.0,-87.0,270.0,0.0,0.0,0.0,270.0,-24.0,246.0,-28.0,0.0,218.0,267.0,49.0,269.0,0.81,0.81,0.992565,269.2,0.81,0.81,0.992021,
03/31/2010,2315.0,1615.0,1470.0,145.0,0.0,624.0,76.0,0.0,76.0,-1308.0,1027.0,281.0,,,-578.0,589.0,251.0,338.0,61.0,57.0,4.0,-36.0,,393.0,-36.0,0.0,357.0,-102.0,255.0,0.0,0.0,0.0,255.0,-10.0,245.0,-25.0,0.0,220.0,198.0,-22.0,269.1,0.82,0.82,0.735786,269.2,0.82,0.82,0.735786,
06/30/2010,2233.0,1608.0,1462.0,146.0,0.0,550.0,75.0,0.0,75.0,-1147.0,832.0,314.0,,1.0,-567.0,590.0,250.0,340.0,50.0,45.0,5.0,-37.0,,483.0,-37.0,0.0,446.0,-145.0,301.0,-1.0,-1.0,0.0,302.0,-19.0,283.0,-25.0,0.0,258.0,244.0,-13.0,269.1,0.96,0.96,0.906726,269.3,0.96,0.96,0.906726,
09/30/2010,2363.0,1645.0,1500.0,145.0,0.0,643.0,75.0,0.0,75.0,-1344.0,989.0,355.0,,,-1106.0,1132.0,787.0,345.0,54.0,48.0,6.0,-40.0,,-127.0,-40.0,0.0,-167.0,64.0,-103.0,22.0,22.0,0.0,-125.0,-15.0,-140.0,-18.0,0.0,-158.0,-176.0,-40.0,269.2,-0.59,-0.51,-0.653789,269.2,-0.59,-0.51,-0.658588,
12/31/2010,2298.0,1647.0,1501.0,146.0,0.0,585.0,66.0,0.0,66.0,-1186.0,858.0,328.0,,,-592.0,599.0,255.0,344.0,37.0,32.0,5.0,-44.0,,520.0,-44.0,0.0,476.0,-150.0,326.0,0.0,0.0,0.0,326.0,-24.0,302.0,-8.0,0.0,294.0,270.0,-24.0,269.2,1.09,1.09,1.002972,269.6,1.09,1.09,1.000979,
03/31/2011,2315.0,1615.0,1471.0,144.0,0.0,633.0,67.0,0.0,67.0,-1364.0,1040.0,324.0,,,-527.0,571.0,280.0,291.0,50.0,44.0,6.0,-47.0,,377.0,-46.0,0.0,331.0,-101.0,230.0,1.0,1.0,0.0,229.0,-9.0,220.0,0.0,0.0,220.0,219.0,-2.0,269.2,0.82,0.82,0.813522,269.5,0.82,0.82,0.812579,
06/30/2011,2198.0,1595.0,1454.0,141.0,0.0,532.0,71.0,0.0,71.0,-1367.0,1035.0,332.0,,,-569.0,609.0,329.0,280.0,46.0,40.0,6.0,-43.0,,219.0,-43.0,0.0,176.0,-47.0,129.0,0.0,0.0,0.0,129.0,-5.0,124.0,0.0,0.0,124.0,114.0,-10.0,269.3,0.46,0.46,0.42,269.6,0.46,0.46,0.42,
09/30/2011,2175.0,1732.0,1590.0,142.0,0.0,367.0,76.0,0.0,76.0,-1400.0,1066.0,334.0,,,-565.0,608.0,316.0,292.0,43.0,38.0,5.0,-43.0,,167.0,-43.0,0.0,124.0,-48.0,76.0,0.0,0.0,0.0,76.0,-1.0,75.0,0.0,0.0,75.0,91.0,16.0,269.3,0.28,0.28,0.34,269.6,0.28,0.28,0.34,
12/31/2011,2261.0,1661.0,1519.0,142.0,0.0,520.0,80.0,0.0,80.0,-1358.0,814.0,544.0,,,-620.0,617.0,327.0,290.0,46.0,40.0,6.0,-43.0,,283.0,-43.0,0.0,240.0,-46.0,194.0,0.0,0.0,0.0,194.0,-1.0,193.0,0.0,0.0,193.0,194.0,1.0,269.3,0.71,0.71,0.71,269.6,0.71,0.71,0.71,
03/31/2012,2401.0,1649.0,1508.0,141.0,0.0,684.0,68.0,0.0,68.0,-1381.0,1043.0,338.0,,,-620.0,559.0,272.0,287.0,49.0,41.0,8.0,6.0,,406.0,-42.0,0.0,364.0,-114.0,250.0,0.0,0.0,0.0,250.0,0.0,250.0,0.0,0.0,250.0,226.0,-24.0,269.3,0.93,0.93,0.839213,269.7,0.93,0.93,0.839213,
06/30/2012,2246.0,1668.0,1529.0,139.0,0.0,492.0,86.0,0.0,86.0,-1348.0,1023.0,325.0,,,-581.0,621.0,320.0,301.0,48.0,40.0,8.0,-44.0,,273.0,-43.0,0.0,230.0,-64.0,166.0,0.0,0.0,0.0,166.0,0.0,166.0,0.0,0.0,166.0,152.0,-14.0,269.4,0.62,0.62,0.56,269.8,0.62,0.62,0.56,
09/30/2012,2466.0,1781.0,1640.0,141.0,0.0,609.0,76.0,0.0,76.0,-1435.0,1084.0,351.0,,,-631.0,668.0,341.0,327.0,49.0,43.0,6.0,-43.0,,357.0,-43.0,0.0,314.0,-93.0,221.0,0.0,0.0,0.0,221.0,0.0,221.0,0.0,0.0,221.0,216.0,-5.0,269.4,0.82,0.82,0.8,269.8,0.82,0.82,0.8,
12/31/2012,2434.0,1784.0,1645.0,139.0,0.0,560.0,90.0,0.0,90.0,-1732.0,1324.0,408.0,,,-696.0,689.0,358.0,331.0,49.0,43.0,6.0,-42.0,,6.0,-42.0,0.0,-36.0,27.0,-9.0,0.0,0.0,0.0,-9.0,0.0,-9.0,0.0,0.0,-9.0,-11.0,-2.0,269.4,-0.03,-0.03,-0.03,269.4,-0.03,-0.03,-0.037424,
03/31/2013,2455.0,1764.0,1623.0,141.0,0.0,614.0,77.0,0.0,77.0,-1396.0,1103.0,293.0,,,-626.0,665.0,345.0,320.0,45.0,37.0,8.0,-42.0,,391.0,-42.0,0.0,349.0,-108.0,241.0,-9.0,-9.0,0.0,250.0,0.0,250.0,0.0,0.0,250.0,225.0,-16.0,269.5,0.93,0.89,0.834879,269.9,0.93,0.89,0.83,
06/30/2013,2450.0,1800.0,1662.0,138.0,0.0,520.0,130.0,0.0,130.0,-1485.0,1138.0,347.0,,0.0,-613.0,655.0,326.0,329.0,40.0,34.0,6.0,-41.0,,311.0,-41.0,0.0,270.0,-80.0,190.0,-4.0,-4.0,0.0,194.0,0.0,194.0,0.0,0.0,194.0,199.0,9.0,269.7,0.72,0.71,0.737857,270.1,0.72,0.71,0.737857,
09/30/2013,2458.0,1825.0,1685.0,140.0,0.0,556.0,77.0,0.0,77.0,-1378.0,1035.0,343.0,,,-625.0,669.0,335.0,334.0,40.0,33.0,7.0,-42.0,,413.0,-42.0,0.0,371.0,-100.0,271.0,-1.0,-1.0,0.0,272.0,0.0,272.0,0.0,0.0,272.0,270.35,-0.65,269.7,1.01,1.0,1.00241,270.2,1.01,1.0,0.997594,
12/31/2013,2569.0,1882.0,1742.0,140.0,0.0,612.0,75.0,0.0,75.0,-1547.0,1269.0,278.0,,,-695.0,690.0,339.0,351.0,40.0,33.0,7.0,-35.0,,327.0,-41.0,0.0,286.0,-73.0,213.0,-8.0,-8.0,0.0,221.0,0.0,221.0,0.0,0.0,221.0,220.0,7.0,269.7,0.82,0.789766,0.815721,270.4,0.82,0.789766,0.815654,
03/31/2014,2463.0,1806.0,1667.0,139.0,0.0,572.0,85.0,0.0,85.0,-1446.0,1140.0,306.0,,,-631.0,678.0,357.0,321.0,41.0,33.0,8.0,-44.0,,342.0,-44.0,0.0,298.0,-78.0,220.0,207.0,207.0,0.0,13.0,0.0,13.0,0.0,0.0,13.0,190.0,-30.0,269.8,0.05,0.82,0.704225,270.5,0.05,0.81,0.699094,
06/30/2014,2440.0,1811.0,1672.0,139.0,0.0,536.0,93.0,0.0,93.0,-1441.0,1137.0,304.0,,0.0,-543.0,600.0,272.0,328.0,35.0,28.0,7.0,-46.0,,410.0,-46.0,0.0,364.0,-103.0,261.0,-6.0,-6.0,0.0,267.0,0.0,267.0,0.0,0.0,267.0,272.0,11.0,269.9,0.99,0.97,1.007781,270.6,0.98,0.97,1.007781,
09/30/2014,2411.0,1810.0,1671.0,139.0,0.0,517.0,84.0,0.0,84.0,-1354.0,1035.0,319.0,,0.0,-668.0,688.0,363.0,325.0,76.0,69.0,7.0,-48.0,,341.0,-48.0,0.0,293.0,-84.0,209.0,-4.0,-4.0,0.0,213.0,0.0,213.0,0.0,0.0,213.0,182.0,-27.0,269.9,0.79,0.77,0.674324,270.6,0.79,0.77,0.670222,
12/31/2014,2378.0,1785.0,1646.0,139.0,0.0,499.0,94.0,0.0,94.0,-1350.0,975.0,375.0,,,-731.0,740.0,425.0,315.0,40.0,34.0,6.0,-49.0,,297.0,-45.0,0.0,252.0,-54.0,198.0,0.0,0.0,0.0,198.0,0.0,198.0,0.0,0.0,198.0,191.0,-7.0,270.0,0.73,0.73,0.707407,270.7,0.73,0.73,0.704141,
03/31/2015,2352.0,1687.0,1549.0,138.0,0.0,568.0,97.0,0.0,97.0,-1339.0,999.0,340.0,,0.0,-622.0,654.0,358.0,296.0,46.0,39.0,7.0,-39.0,,352.0,-39.0,0.0,313.0,-80.0,233.0,0.0,0.0,0.0,233.0,0.0,233.0,0.0,0.0,233.0,225.0,-8.0,270.1,0.86,0.86,0.833025,270.7,0.86,0.86,0.830447,
06/30/2015,2327.0,1735.0,1598.0,137.0,0.0,500.0,92.0,0.0,92.0,-1469.0,1125.0,344.0,,,-615.0,650.0,342.0,308.0,45.0,39.0,6.0,-40.0,,203.0,-39.0,0.0,164.0,-26.0,138.0,0.0,0.0,0.0,138.0,0.0,138.0,0.0,0.0,138.0,132.0,-6.0,270.3,0.51,0.51,0.49,270.7,0.51,0.51,0.49,
09/30/2015,2153.0,1751.0,1614.0,137.0,0.0,305.0,97.0,0.0,97.0,-1200.0,837.0,361.0,,2.0,-644.0,678.0,365.0,313.0,42.0,36.0,6.0,-39.0,,272.0,-39.0,0.0,233.0,-55.0,178.0,0.0,0.0,0.0,178.0,0.0,178.0,0.0,0.0,178.0,210.0,32.0,270.3,0.66,0.66,0.77,270.8,0.66,0.66,0.77,
12/31/2015,2269.0,1748.0,1612.0,136.0,0.0,400.0,121.0,0.0,121.0,-1376.0,1000.0,376.0,,0.0,-1016.0,674.0,365.0,309.0,334.0,39.0,295.0,8.0,,-123.0,-38.0,0.0,-161.0,91.0,-70.0,0.0,0.0,0.0,-70.0,0.0,-70.0,0.0,0.0,-70.0,-88.0,-18.0,270.3,-0.26,-0.26,-0.325564,270.8,-0.26,-0.26,-0.32647,
03/31/2016,2195.0,1699.0,1568.0,131.0,0.0,399.0,97.0,0.0,97.0,-1408.0,1085.0,323.0,,0.0,-721.0,619.0,312.0,307.0,36.0,36.0,,33.0,,99.0,-42.0,0.0,57.0,9.0,66.0,0.0,0.0,0.0,66.0,0.0,66.0,0.0,0.0,66.0,91.0,25.0,270.3,0.25,0.25,0.336663,270.9,0.24,0.24,0.336663,
06/30/2016,2348.0,1730.0,1594.0,136.0,0.0,518.0,100.0,0.0,100.0,-1339.0,999.0,340.0,,0.0,-645.0,688.0,383.0,305.0,33.0,33.0,,-38.0,,326.0,-38.0,0.0,288.0,-79.0,209.0,0.0,0.0,0.0,209.0,0.0,209.0,0.0,0.0,209.0,201.0,-8.0,270.5,0.77,0.77,0.743068,270.9,0.77,0.77,0.74,
09/30/2016,2433.0,1767.0,1633.0,134.0,0.0,570.0,96.0,0.0,96.0,-1202.0,889.0,313.0,,0.0,-678.0,717.0,403.0,314.0,39.0,39.0,,-39.0,,514.0,-39.0,0.0,475.0,-132.0,343.0,0.0,0.0,0.0,343.0,0.0,343.0,0.0,0.0,343.0,311.0,-32.0,270.5,1.27,1.27,1.149723,271.2,1.26,1.26,1.149723,
12/31/2016,2390.0,1728.0,1593.0,135.0,0.0,551.0,111.0,0.0,111.0,-1334.0,1024.0,310.0,,0.0,-699.0,707.0,398.0,309.0,32.0,32.0,,-40.0,,357.0,-40.0,0.0,317.0,-76.0,241.0,0.0,0.0,0.0,241.0,0.0,241.0,0.0,0.0,241.0,221.0,-20.0,270.5,0.89,0.89,0.817006,271.5,0.89,0.89,0.817006,
03/31/2017,2330.0,1645.0,1512.0,133.0,0.0,581.0,104.0,0.0,104.0,-1293.0,942.0,330.0,,21.0,-745.0,527.0,222.0,305.0,34.0,34.0,,90.0,,386.0,-43.0,0.0,343.0,-83.0,260.0,0.0,0.0,0.0,260.0,0.0,260.0,0.0,0.0,260.0,235.0,-25.0,270.7,0.96,0.96,0.86812,271.7,0.96,0.96,0.867987,
06/30/2017,2366.0,1734.0,1599.0,135.0,0.0,525.0,107.0,0.0,107.0,-1280.0,954.0,328.0,,-2.0,-676.0,543.0,231.0,312.0,33.0,33.0,,100.0,,410.0,-40.0,0.0,370.0,-98.0,272.0,0.0,0.0,0.0,272.0,0.0,272.0,0.0,0.0,272.0,239.0,-33.0,271.1,1.01,1.01,0.881594,271.9,1.0,1.0,0.88,
09/30/2017,2398.0,1806.0,1670.0,136.0,0.0,485.0,107.0,0.0,107.0,-1480.0,1173.0,322.0,,-15.0,-690.0,558.0,249.0,309.0,34.0,34.0,,98.0,,228.0,-41.0,0.0,187.0,-43.0,144.0,0.0,0.0,0.0,144.0,0.0,144.0,0.0,0.0,144.0,159.0,15.0,271.2,0.53,0.53,0.586283,272.1,0.53,0.53,0.58,
12/31/2017,2448.0,1803.0,1668.0,135.0,0.0,536.0,109.0,0.0,109.0,-1257.0,991.0,289.0,,-23.0,-744.0,576.0,269.0,307.0,35.0,35.0,,133.0,,447.0,-37.0,0.0,410.0,-187.0,223.0,0.0,0.0,0.0,223.0,0.0,223.0,0.0,0.0,223.0,286.0,63.0,271.3,0.82,0.82,1.054184,272.3,0.82,0.82,1.051362,
03/31/2018,2535.0,1785.0,1651.0,134.0,0.0,502.0,248.0,0.0,248.0,-1339.0,995.0,303.0,,41.0,-599.0,543.0,247.0,296.0,32.0,32.0,,24.0,-216.0,381.0,-35.0,0.0,346.0,-55.0,291.0,0.0,0.0,0.0,291.0,0.0,291.0,0.0,0.0,291.0,281.0,-10.0,271.4,1.07,1.07,1.035372,272.4,1.07,1.07,1.03,
06/30/2018,2574.0,1815.0,1684.0,131.0,0.0,505.0,254.0,0.0,254.0,-1327.0,1014.0,327.0,,-14.0,-657.0,565.0,206.0,359.0,31.0,31.0,,61.0,-225.0,365.0,-35.0,0.0,330.0,-60.0,270.0,0.0,0.0,0.0,270.0,0.0,270.0,0.0,0.0,270.0,270.79,0.79,271.5,0.99,0.99,0.997385,272.4,0.99,0.99,0.99,
09/30/2018,2622.0,1853.0,1720.0,133.0,0.0,501.0,268.0,0.0,268.0,-1312.0,1047.0,277.0,,-12.0,-639.0,574.0,237.0,337.0,33.0,33.0,,32.0,-235.0,436.0,-34.0,0.0,402.0,-66.0,336.0,0.0,0.0,0.0,336.0,0.0,336.0,0.0,0.0,336.0,317.0,-19.0,271.6,1.24,1.24,1.167158,272.5,1.23,1.23,1.167158,
12/31/2018,2403.0,1859.0,1727.0,132.0,0.0,257.0,287.0,0.0,287.0,-1594.0,1247.0,311.0,,36.0,-642.0,572.0,229.0,343.0,33.0,33.0,,37.0,-247.0,-80.0,-34.0,0.0,-114.0,30.0,-84.0,0.0,0.0,0.0,-84.0,0.0,-84.0,0.0,0.0,-84.0,-23.0,61.0,271.6,-0.31,-0.31,-0.084683,272.6,-0.31,-0.31,-0.086229,
03/31/2019,2695.0,1803.0,1674.0,130.0,-1.0,602.0,290.0,0.0,290.0,-1357.0,1070.0,308.0,,-21.0,-625.0,567.0,225.0,342.0,30.0,30.0,,28.0,-260.0,453.0,-34.0,0.0,419.0,-77.0,342.0,0.0,0.0,0.0,342.0,0.0,342.0,0.0,0.0,342.0,318.0,-24.0,271.6,1.26,1.26,1.170839,272.6,1.25,1.25,1.161959,
06/30/2019,2610.0,1824.0,1824.0,130.0,-130.0,497.0,289.0,0.0,289.0,-1352.0,1055.0,309.0,,-12.0,-619.0,567.0,229.0,338.0,32.0,32.0,,20.0,-263.0,376.0,-34.0,0.0,342.0,-64.0,278.0,0.0,0.0,0.0,278.0,0.0,278.0,0.0,0.0,278.0,294.0,16.0,271.6,1.03,1.03,1.082474,272.4,1.02,1.02,1.078737,
09/30/2019,2685.0,1890.0,1761.0,130.0,-1.0,494.0,301.0,0.0,301.0,-1614.0,1145.0,476.0,,-7.0,-634.0,574.0,229.0,345.0,30.0,30.0,,30.0,-278.0,159.0,-32.0,0.0,127.0,-20.0,107.0,0.0,0.0,0.0,107.0,0.0,107.0,0.0,0.0,107.0,102.0,-5.0,271.6,0.39,0.39,0.375552,272.6,0.39,0.39,0.371658,
12/31/2019,2777.0,1911.0,1780.0,130.0,1.0,554.0,312.0,0.0,312.0,-1483.0,1102.0,323.0,,58.0,-647.0,602.0,244.0,358.0,31.0,31.0,,14.0,-281.0,366.0,-31.0,0.0,335.0,-62.0,273.0,0.0,0.0,0.0,273.0,0.0,273.0,0.0,0.0,273.0,265.0,-8.0,271.5,1.0,1.0,0.976059,272.6,1.0,1.0,0.97,
03/31/2020,2291.0,1869.0,1742.0,127.0,0.0,113.0,309.0,0.0,309.0,-1425.0,1123.0,316.0,,-14.0,-643.0,576.0,232.0,344.0,29.0,29.0,,38.0,-281.0,-58.0,-31.0,0.0,-89.0,28.0,-61.0,0.0,0.0,0.0,-61.0,0.0,-61.0,0.0,0.0,-61.0,108.0,169.0,271.5,-0.23,-0.23,0.39779,271.5,-0.23,-0.23,0.39779,
06/30/2020,2766.0,1850.0,1724.0,126.0,0.0,603.0,313.0,0.0,313.0,-1642.0,1356.0,304.0,,-18.0,-626.0,578.0,236.0,342.0,25.0,25.0,,23.0,-285.0,213.0,-31.0,0.0,182.0,-31.0,151.0,0.0,0.0,0.0,151.0,0.0,151.0,0.0,0.0,151.0,99.0,-52.0,271.5,0.56,0.56,0.364641,272.0,0.55,0.55,0.358824,
09/30/2020,2758.5,,,,,,,,,,,,,,,,,,,,,,,,,,276.0,,185.067,,,,,,185.067,,,185.067,185.067,,,0.615,0.615,0.677,,0.615,0.615,0.677,
12/31/2020,2776.0,,,,,,,,,,,,,,,,,,,,,,,,,,314.5,,256.333,,,,,,256.333,,,256.333,256.333,,,0.92,0.92,0.94,,0.92,0.92,0.94,
