Date,Revenue,Sales & Services Revenue,Other Revenue,Cost of Revenue,Cost of Goods & Services,Depreciation & Amortization,Gross Profit,Other Operating Income,Operating Expenses,"Selling, General & Admin",Other Operating Expense,Operating Income (Loss),Non-Operating (Income) Loss,"Interest Expense, Net",Interest Expense,Interest Income,Other Investment (Inc) Loss,Foreign Exch (Gain) Loss,Other Non-Op (Income) Loss,Pretax Income,Income Tax Expense (Benefit),Income (Loss) from Cont Ops,Net Extraordinary Losses (Gains),Discontinued Operations,XO & Accounting Changes,Income (Loss) Incl. MI,Minority Interest,"Net Income, GAAP",Preferred Dividends,Other Adjustments,"Net Income Avail to Common, GAAP","Net Income Avail to Common, Adj",Net Abnormal Losses (Gains),Basic Weighted Avg Shares,"Basic EPS, GAAP",Basic EPS from Cont Ops,"Basic EPS from Cont Ops, Adjusted",Diluted Weighted Avg Shares,"Diluted EPS, GAAP",Diluted EPS from Cont Ops,"Diluted EPS from Cont Ops, Adjusted",Source: Bloomberg
03/31/1990,997.710999,,,-858.257996,,,139.453003,,-179.468002,,,-40.014999,-7.847,,10.631,,,,-2.784,-47.861999,13.976,-33.886002,0.0,,,-33.885999,0.0,-33.886002,-3.188,,-37.074002,-37.074002,,34.983002,-1.06,-1.06,,34.983002,-1.06,-1.06,-1.06,
06/30/1990,1044.243042,,,-863.817017,,,180.426025,,-171.216995,,,9.209,-10.85,,10.571,,,,0.279,-1.641,-1.952,-3.593,0.0,,,-3.593001,0.0,-3.593,-3.187,,-6.78,-6.78,,34.985001,-0.19,-0.19,,34.985001,-0.19,-0.19,-0.19,
09/30/1990,1078.706055,,,-875.88501,,,202.821045,,-175.459,,,27.362,-8.028,,9.376,,,,-1.348,19.333999,-7.959,11.375,0.0,,,11.374999,0.0,11.375,-3.187,,8.188,8.188,,34.990002,0.23,0.23,,34.990002,0.23,0.23,0.23,
12/31/1990,1087.866943,,,-932.43103,,,155.435913,,-145.947998,,,9.488,-11.997,,9.6,,,,2.397,-2.509,0.632,-1.877,0.0,,,-1.877,0.0,-1.877,-3.184,,-5.061,-5.061,,34.993999,-0.14,-0.14,-0.14,34.993999,-0.14,-0.14,-0.14,
03/31/1991,1046.483032,,,-881.539978,,,164.943054,,-166.488007,,,-1.545,-10.823,,11.422,,,,-0.599,-12.368,1.275,-11.093,0.0,,,-11.093,0.0,-11.093,-3.181,,-14.274,-14.274,,35.004002,-0.41,-0.41,,35.004002,-0.41,-0.41,-0.41,
06/30/1991,1013.072998,,,-854.021973,,,159.051025,,-156.483002,,,2.568,-11.015,,11.472,,,,-0.457,-8.447,1.411,-7.036,0.0,,,-7.036,0.0,-7.036,-3.175,,-10.211,-10.211,,35.014999,-0.29,-0.29,,35.014999,-0.29,-0.29,-0.29,
09/30/1991,1016.366028,,,-866.969971,,,149.396057,,-154.162994,,,-4.767,-11.806,,11.745,,,,0.061,-16.573,1.015,-15.558,0.0,,,-15.558,0.0,-15.558,-3.171,,-18.729,-18.729,,35.037998,-0.53,-0.53,,35.037998,-0.53,-0.53,-0.53,
12/31/1991,1006.335022,,,-853.776001,,,152.559021,,-147.078995,,,5.48,-11.429,,12.064,,,,-0.635,-5.949,-0.785,-6.734,0.0,,,-6.734,0.0,-6.734,-3.164,,-9.898,-9.898,,35.0765,-0.28,-0.28,-0.28,35.0765,-0.28,-0.28,-0.28,
03/31/1992,990.627014,,,-835.594971,,,155.032043,,-143.938995,,,11.093,-12.745,,11.65,,,,1.095,-1.651999,0.833,-0.819,69.991001,,,-70.81,0.0,-70.809998,-2.53,,-73.339998,-73.339998,,35.131001,-2.09,-0.1,,35.131001,-2.09,-0.1,-0.1,
06/30/1992,1002.767029,,,-814.340027,,,188.427002,,-172.220993,,,16.205999,-10.918,,11.14,,,,-0.222,5.287999,4.51,9.798,7.428,,,2.369999,0.0,2.37,-4.865,,-2.495,-2.495,,35.200001,-0.07,0.14,,35.200001,-0.07,0.14,0.14,
09/30/1992,1037.843018,,,-847.687988,,,190.15503,,-172.335999,,,17.819,-9.485,,8.296,,,,1.189,8.334,-6.771,1.563,0.0,,,1.563,0.0,1.563,-4.832,,-3.269,-3.269,,35.214001,-0.09,-0.09,,1.563,-0.09,-0.09,-0.09,
12/31/1992,1024.352051,,,-947.804016,,,76.548035,,-73.084999,,,3.463,-26.165999,,7.807,,,,18.358999,-22.702999,8.505,-14.198,0.0,,,-14.197999,0.0,-14.198,-4.426,,-18.624,-18.624,,35.238297,-0.53,-0.53,-0.53,35.238297,-0.53,-0.53,-0.53,
03/31/1993,992.981018,,,-843.369995,,,149.611023,,-128.261002,,,21.35,-5.869,,7.707,,,,-1.838,15.481001,-7.213,8.268,0.0,,,8.268001,0.0,8.268,-4.749,,3.519,3.519,,35.360001,0.09,0.09,,35.360001,0.09,0.09,0.09,
06/30/1993,1020.223999,,,-828.559021,,,191.664978,,-166.350006,,,25.315001,-8.378,,7.921,,,,0.457,16.937001,-8.545,8.392,0.0,,,8.392,0.0,8.392,-4.747,,3.645,3.645,,35.402,0.1,0.1,,35.402,0.1,0.1,0.1,
09/30/1993,1067.003052,,,-862.038025,,,204.965027,,-166.516998,,,38.448002,-6.77,,7.845,,,,-1.075,31.678002,-14.599,17.079,0.0,,,17.079002,0.0,17.079,-4.697,,12.382,12.382,,35.432411,0.35,0.35,,35.432411,0.35,0.35,0.35,
12/31/1993,1111.603027,,,-1009.664978,,,101.938049,,-66.893997,,,35.043999,-7.699,,6.86,,,,0.839,27.344999,-10.51,16.834999,0.0,,,16.834999,0.0,16.834999,-4.777,,12.057999,12.057999,,36.520569,0.33,0.33,0.33,36.520569,0.33,0.33,0.33,
03/31/1994,1103.220947,,,-930.323975,,,172.896973,,-137.412994,,,35.484001,-6.726,,6.876,,,,-0.15,28.758001,-13.502,15.256,0.0,,,15.256001,0.0,15.256,-4.734,,10.521999,10.521999,,37.159641,0.28,0.28,,37.159641,0.28,0.28,0.28,
06/30/1994,1059.775024,,,-866.968994,,,192.80603,,-174.834,,,17.972,-7.167,,6.783,,,0.0,0.384,10.805,-5.598,5.207,0.0,,,5.207,0.0,5.207,-4.763,,0.444,0.444,,37.314468,0.01,0.01,,37.314468,0.01,0.01,0.01,
09/30/1994,1236.483032,,,-1040.331055,,,196.151978,,-147.787003,,,48.365002,-6.452,,7.206,,,0.0,-0.754,41.913002,-21.632,20.281,5.522,,,14.759002,0.0,14.759,-4.768,,9.991,9.991,,37.219002,0.27,0.42,,37.219002,0.27,0.42,0.42,
12/31/1994,1281.0,,,-1120.250977,,,160.749023,,-120.335999,,,40.412998,-9.969,,7.08,,,0.0,2.889,30.443998,-10.893,19.551001,0.0,,,19.550998,0.0,19.551001,-4.798,,14.753001,14.753001,,37.099998,0.4,0.4,0.4,37.099998,0.4,0.4,0.4,
03/31/1995,1296.087036,,,-1100.069946,,,196.01709,,-143.983994,,,52.033001,-7.282,,7.201,,,0.0,0.081,44.751001,-20.584999,24.166,0.0,,,24.166002,0.0,24.166,-4.324,,19.842,19.842,,44.216999,0.5,0.5,,44.216999,0.5,0.5,0.5,
06/30/1995,1320.58606,,,-1122.167969,,,198.418091,,-150.197998,,,48.220001,-7.058,,8.217,,,0.0,-1.159,41.162001,-18.934999,22.226999,0.0,,,22.227002,0.0,22.226999,-2.141,,20.085999,20.085999,,44.389999,0.45,0.45,,44.389999,0.45,0.45,0.45,
09/30/1995,1322.779053,,,-1135.769043,,,187.01001,,-149.766006,,,37.243999,-7.741,,9.342,,,0.0,-1.601,29.502999,-13.988,15.515,0.0,,,15.515,0.0,15.515,-2.155,,13.36,13.36,,44.560001,0.3,0.3,,44.560001,0.3,0.3,0.3,
12/31/1995,1341.631958,,,-1036.842041,,,304.789917,,-298.385986,,,6.404,-10.947,,9.565,,,0.0,1.382,-4.543,0.0,-4.543,0.0,,,-4.543,0.0,-4.543,-2.179,,-6.722,-6.722,,43.660999,-0.15,-0.15,-0.15,43.660999,-0.15,-0.15,-0.15,
03/31/1996,847.872986,,,-705.020996,,,142.85199,,-107.638,,,35.214001,-9.531,,9.664,,,0.0,-0.133,25.683001,-12.02,13.663,13.383,,,0.28,0.0,0.28,-2.134,,-1.854,-1.854,,44.924999,-0.03,0.26,0.26,44.924999,-0.03,0.26,0.26,
06/30/1996,894.335999,,,-728.276978,,,166.059021,,-113.402,,,52.657001,-11.334,,9.891,,,0.0,1.443,41.323002,-17.605,23.718,10.062,,,13.656002,0.0,13.656,-2.183,,11.473,11.473,,44.875999,0.26,0.48,0.48,44.875999,0.24,0.48,0.48,
09/30/1996,935.789978,,,-762.294006,,,173.495972,,-119.080002,,,54.416,-12.351,,9.943,,,0.0,2.408,42.065,-18.766001,19.854,0.0,,,23.298999,0.0,19.854,-2.141,,17.713,17.713,,44.659,0.4,0.4,0.4,49.235001,0.4,0.4,0.4,
12/31/1996,984.184021,,,,,,,,,,,49.861,,,,,,,,,,19.500999,25.743,,,,,-6.242,-2.414,,-8.656,-8.656,,45.333,-0.19,0.38,0.38,45.333,-0.19,0.38,0.38,
03/31/1997,942.627991,,,-767.869995,,,174.757996,,-124.390999,,,50.367001,-10.195,,10.805,,,0.0,-0.61,40.172,-18.228001,21.944,0.0,,,21.944,0.0,21.944,-1.939,,20.005,20.005,,45.222,0.44,0.44,0.44,50.723999,0.4,0.4,0.4,
06/30/1997,1002.562988,,,-805.916992,,,196.645996,,-129.779007,,,66.866997,-11.84,,10.262,,,0.0,1.578,55.026997,-25.038,29.989,0.0,,,29.988997,0.0,29.989,-1.971,,28.018,28.018,,46.000999,0.61,0.61,0.61,52.147999,0.55,0.55,0.55,
09/30/1997,1127.362061,,,-892.607971,,,234.75409,,-152.906998,,,81.847,-9.104,,8.815,,,0.0,0.289,72.743,-33.098,39.645,0.0,,,39.645,0.0,39.645,-1.951,,37.694,37.694,,46.630001,0.81,0.81,0.81,55.304001,0.7,0.7,0.7,
12/31/1997,1194.248047,,,-978.421997,,,215.82605,,-150.039993,,,65.786003,-11.914,,9.671,,,0.0,2.243,53.872004,-24.561001,29.311001,0.0,,,29.311003,0.0,29.311001,-2.025,,27.286001,27.286001,,47.068001,0.58,0.58,0.64,53.500999,0.51,0.51,0.56,
03/31/1998,1089.865967,,,-934.200989,,,155.664978,,-110.860001,,,44.805,-10.728,,8.532,,,0.0,2.196,34.077001,-15.164,18.913,0.0,,,18.913001,0.0,18.913,-2.007,,16.906,16.906,,47.508999,0.36,0.36,0.36,55.477001,0.33,0.33,0.33,
06/30/1998,1199.654053,,,-945.468994,,,254.185059,,-170.182007,,,84.002998,-9.47,,8.449,,,0.0,1.021,74.532998,-33.167,41.366001,0.0,,,41.365998,0.0,41.366001,-2.04,,39.326001,39.326001,,47.612,0.83,0.83,0.83,55.506001,0.73,0.73,0.73,
09/30/1998,1282.51001,,,-1033.071045,,,249.438965,,-160.395996,,,89.042999,-9.816,,8.154,,,0.0,1.662,79.226999,-35.257,43.970001,0.0,,,43.969999,0.0,43.970001,-2.031,,41.939001,41.939001,,47.699001,0.88,0.88,0.88,55.637001,0.78,0.78,0.78,
12/31/1998,1369.459961,,,-1135.982056,,,233.477905,,-160.811005,,,72.667,-10.093,,7.492,,,0.0,2.601,62.574,-27.844999,34.729,0.0,,,34.729,0.0,34.729,-2.091,,32.638,32.638,,47.816002,0.68,0.68,0.62,55.43,0.61,0.61,0.56,
03/31/1999,1137.136963,,,-953.393982,,,183.742981,,-121.082001,,,62.660999,8.732,,7.126,7.126,,0.0,-22.984,71.392999,-31.212,40.181,-2.115,,,42.295999,0.0,42.296001,-2.027,0.0,40.269001,40.269001,,47.924999,0.84,0.8,0.61,55.813999,0.74,0.71,0.54,
06/30/1999,1243.437988,,,-1029.891968,,,213.546021,,-129.718002,,,83.828003,1.120999,,7.352,,,0.0,-8.473,84.949002,-37.015999,47.932999,-0.851,,,48.784003,0.0,48.784,-2.061,0.0,46.723,46.723,,48.158001,0.97,0.95,0.83,55.951,0.86,0.84,0.74,
09/30/1999,1290.182007,,,-1079.31604,,,210.865967,,-125.098,,,85.767998,-7.566,,6.822,,,0.0,0.744,78.201998,-34.018002,44.183998,0.0,,,44.183996,0.0,44.183998,-2.037,0.0,42.146998,42.146998,,48.306999,0.87,0.87,0.87,56.033001,0.77,0.77,0.77,
12/31/1999,1366.543945,,,-1163.378052,,,203.165894,,-107.763,,,95.403,2.313,,4.672,,,0.0,-6.985,97.716,-42.506001,55.209999,0.0,,,55.21,0.0,55.209999,-2.093,0.0,53.116999,53.116999,,48.362,1.1,1.1,0.99,55.942001,0.97,0.97,0.87,
03/31/2000,1321.894043,,,-1127.071045,,,194.822998,0.0,-123.353996,,,71.469002,-5.013,,6.4,,,0.0,-1.387,66.456002,-28.243999,38.212002,2.744,,,35.468003,0.0,35.467999,-2.034,0.0,33.433999,33.433999,,48.417999,0.69,0.75,0.72,56.074001,0.62,0.67,0.64,
06/30/2000,1401.145996,,,-1189.088989,,,212.057007,,-124.926003,,,87.130997,-7.542,,7.881,,,0.0,-0.339,79.588997,-33.825001,45.764,0.0,,,45.763996,0.0,45.764,-2.072,0.0,43.692,43.692,,48.463001,0.9,0.9,0.9,56.362,0.8,0.8,0.8,
09/30/2000,1409.613037,,,-1227.56897,,,182.044067,,-127.103996,,,54.939999,-8.108,,8.536,,,0.0,-0.428,46.831999,-19.434999,27.396999,13.508,,,13.889,,13.889,-2.047,0.0,11.842,11.842,,48.511002,0.24,0.52,0.73,56.348999,0.23,0.47,0.65,
12/31/2000,1439.723999,,,-1231.696045,,,208.027954,,-131.602005,,,76.426003,-8.107,,7.155,,,0.0,0.952,68.319003,-28.375999,39.943001,0.0,,,39.943004,0.0,39.943001,-2.108,0.0,37.835001,37.835001,,48.571999,0.78,0.78,0.78,55.917999,0.7,0.7,0.7,
03/31/2001,1278.464966,,,-1117.535034,,,160.929932,0.0,-127.202003,,,33.728001,-7.8,,7.793,,,0.0,0.007,25.928001,-10.371,15.557,0.0,,,15.557001,0.0,15.557,-2.04,0.0,13.517,13.517,,48.658001,0.28,0.28,0.28,56.431999,0.26,0.26,0.26,
06/30/2001,1256.608032,,,-1140.151001,,,116.457031,,-127.913002,,,-11.456,-348.205008,,7.234,,,0.0,340.971008,-359.661008,133.852005,-225.809006,0.0,,,-225.809003,0.0,-225.809006,-2.079,0.0,-227.888006,-227.888006,,48.761002,-4.67,-4.67,0.17,48.761002,-4.67,-4.67,0.17,
09/30/2001,1184.958984,,,-1072.833984,,,112.125,,-117.495003,,,-5.37,-7.844,,6.608,,,0.0,1.236,-13.214,4.889,-8.325,-38.975,,,30.65,0.0,30.65,-2.052,0.0,28.598,28.598,,48.778999,0.59,-0.21,-0.13,48.778999,0.59,-0.21,-0.13,
12/31/2001,2327.658002,,,-1062.218018,,,1265.439984,0.0,-105.792999,,,-30.682001,-19.215,,19.215,,,0.0,671.964,-721.861001,138.885995,-223.313994,-38.975,,,-544.000006,0.0,-184.338994,-4.164,0.0,-188.502994,-188.502994,,48.825001,-4.45,0.12,-4.45,48.825001,-4.45,0.12,-4.45,
03/31/2002,1067.074,,,,,,,0.0,-1026.71,,,40.364,-7.142,,7.448,,,,-0.306,33.222,-12.956,20.266,,,,20.266,,20.266,-2.005,0.0,18.261,18.261,,48.928532,0.37,0.37,0.37,56.482649,0.35,0.35,0.35,
06/30/2002,1186.272949,,,-1029.303955,,,156.968994,,-113.059998,,,43.909,-8.025,,5.638,,,0.0,2.387,35.884,-13.995,21.889,0.0,,,21.889,0.0,21.889,-2.043,0.0,19.846,19.846,,49.075001,0.4,0.4,0.4,56.713001,0.37,0.37,0.37,
09/30/2002,1230.146973,,,-1065.01001,,,165.136963,,-121.612,,,43.525002,-9.682,,5.813,,,0.0,3.869,33.843002,11.801,45.644001,10.139,,,35.505002,0.0,35.505001,-2.002,0.0,33.503001,33.503001,,49.226002,0.68,0.89,0.43,56.755001,0.61,0.79,0.39,
12/31/2002,1278.625,,,,,,,0.0,-1224.603,115.974,1108.629,54.022,-10.727,,,,,,10.727,43.295,-16.885,26.41,2.259,,,24.151,,24.151,-2.2,0.0,21.951,21.951,,49.327589,0.45,0.4908,0.49,56.741862,0.41,0.449812,0.45,
03/31/2003,1206.241,,,,,,,0.0,-1165.193,,,41.048,-11.613,,9.224,,,,2.389,29.435,-11.48,17.955,,,,17.955,,17.955,-2.026,0.0,15.929,15.929,,49.396071,0.32,0.32,0.32,53.652665,0.3,0.3,0.3,
06/30/2003,1236.905029,,,-1075.505005,,,161.400024,,-124.053001,,,37.347,-7.234,,7.362,,,0.0,-0.128,30.113,-11.744,18.368999,0.0,,,18.369,0.0,18.368999,-2.069,0.0,16.299999,16.299999,,49.493999,0.33,0.33,0.33,57.126999,0.31,0.31,0.31,
09/30/2003,837.361023,,,-682.937012,,,154.424011,,-86.112999,,,68.310997,-7.432,,7.134,,,0.0,0.298,60.878997,-23.743,37.136002,10.315,,,26.820997,0.0,26.820999,-2.03,0.0,24.790999,24.790999,,49.549,0.5,0.71,0.84,56.640999,0.46,0.64,0.75,
12/31/2003,1354.813965,,,-1161.156982,,,193.656982,,-129.873001,,,63.784,-15.441,,7.774,,,0.0,7.667,48.343,-19.464001,28.879,0.0,,,28.879,0.0,28.879,-2.114,0.0,26.765,26.765,,49.709,0.54,0.54,0.63,57.110001,0.49,0.49,0.57,
03/31/2004,846.919983,,,-701.48999,,,145.429993,,-89.982002,,,55.448002,-7.177,,9.04,,,0.0,-1.863,48.271002,-18.826,29.445,3.016,,,26.429002,0.0,26.429001,-2.022,0.0,24.407001,24.407001,,49.834999,0.49,0.55,0.55,57.125,0.45,0.5,0.5,
06/30/2004,924.382019,,,-765.651001,,,158.731018,,-100.012001,,,58.719002,0.0,,11.847,,,0.0,-11.847,58.719002,-22.9,35.819,-1.686,,,37.505002,0.0,37.505001,-2.022,0.0,35.483001,35.483001,,50.32,0.71,0.67,0.67,56.883999,0.64,0.61,0.61,
09/30/2004,973.619,,,-818.524,,,155.095,,-76.66,,,78.435,-9.723,10.959,10.959,,,0.0,-1.236,68.712,-26.798,41.914,256.046,,,-214.132,0.0,-214.132,-2.075,0.0,-216.207,-216.207,,50.670398,-4.27,0.79,0.79,55.408636,-3.9,0.72,0.72,
12/31/2004,967.458,,,-782.5159,,,184.9421,,-93.377,,,91.5651,-20.444,,7.849,,,0.0,12.595,71.1211,-27.854,43.2671,8.958,,,34.3091,0.0,34.3091,-2.12,0.0,32.1891,32.1891,,51.36,0.63,0.8,0.8,56.21,0.58,0.74,0.74,
03/31/2005,947.683,,,-795.201,,,152.482,,-79.226,,,73.256,-7.443,10.466,10.466,,,0.0,-3.023,65.813,-24.962,40.851,9.776,,,31.075,0.0,31.075,-1.989,0.0,29.086,29.086,,52.348984,0.56,0.74,0.74,56.610719,0.52,0.69,0.69,
06/30/2005,1021.565,,,-834.527,,,187.038,,-82.926,,,104.112,-5.646,9.688,9.688,,,0.0,-4.042,98.466,-29.622,68.844,-2.263,,,71.107,0.0,71.107,-2.036,0.0,69.071,69.071,,52.166814,1.32,1.28,1.16,56.016513,1.24,1.2,1.08,
09/30/2005,1084.457,,,-900.338,,,184.119,,-80.363,,,103.756,-3.49,8.426,8.426,,,0.0,-4.936,100.266,-35.244,65.022,-2.786,,,67.808,0.0,67.808,-1.816,0.0,65.992,65.992,,52.081891,1.27,1.21,1.21,55.966289,1.18,1.13,1.13,
12/31/2005,1073.958,,,-897.391,,,176.567,,-87.339,,,89.228,-2.523,,8.921,,,0.0,-6.398,86.705,-31.659,55.046,3.274,,,51.772,0.0,51.772,-1.887,0.0,49.885,49.885,,52.175586,0.96,1.02,1.02,55.879482,0.9,0.96,0.96,
03/31/2006,1045.992,,,-829.722,,,216.27,,-142.556,,,73.714,3.47,8.148,8.148,,,0.0,-11.618,77.184,-29.191,47.993,1.559,,,46.434,0.0,46.434,-1.763,0.0,44.671,44.671,,51.921645,0.86,0.89,0.89,55.381912,0.81,0.84,0.84,
06/30/2006,1100.052,,,-898.791,,,201.261,,-89.428,,,111.833,-1.463,8.317,8.317,,,0.0,-6.854,110.37,-34.418,75.952,5.22,,,70.732,0.0,70.732,-1.808,0.0,68.924,68.924,,49.676912,1.39,1.49,1.35,53.104005,1.3,1.4,1.27,
09/30/2006,1076.807,,,-880.624,,,196.183,,-93.868,,,102.315,-3.873,8.761,8.761,,,0.0,-4.888,98.442,-33.664,64.778,0.0,,,64.778,0.0,64.778,-1.748,0.0,63.03,63.03,,47.601175,1.32,1.32,1.23,50.857496,1.24,1.24,1.16,
12/31/2006,998.627,,,-846.379,,,152.248,,-83.517,83.517,0.0,68.731,37.582,,8.98,,,0.0,-46.562,106.313,-22.705,83.608,-0.58,,,84.188,0.0,84.188,-1.835,0.0,82.353,82.353,,46.721894,1.76,1.75,0.87,49.904367,1.66,1.65,0.82,
03/31/2007,1002.191,,,-866.923,,,135.268,,-83.449,,,51.819,-6.027,8.551,8.551,,,0.0,-2.524,45.792,-19.156,26.636,-2.919,,,29.555,0.0,29.555,-1.714,0.0,27.841,27.841,,45.990811,0.61,0.54,0.54,49.145454,0.57,0.51,0.51,
06/30/2007,1073.717,,,-829.696,,,244.021,,-166.4,,,77.621,-2.501,8.773,8.773,,,0.0,-6.272,75.12,-25.67,49.45,1.31,,,48.14,0.0,48.14,-1.765,0.0,46.375,46.375,2.4,45.286315,1.02,1.05,1.1,48.415928,0.96,0.99,1.04,
09/30/2007,1111.293,,,-944.366,,,166.927,,-99.245,,,67.682,-5.756,10.603,10.603,,,0.0,-4.847,61.926,-22.961,38.965,0.0,,,38.965,0.0,38.965,-1.693,0.0,37.272,37.272,4.55,44.976482,0.83,0.83,0.93,48.007691,0.78,0.78,0.87,
12/31/2007,1200.162,,,-1025.295,,,174.867,,-104.837,,,70.03,-10.222,,14.878,,,0.0,-4.656,59.808,-21.084,38.724,2.472,,,36.252,0.0,36.252,-1.788,0.0,34.464,34.464,4.8,45.03561,0.77,0.82,0.93,47.956613,0.73,0.78,0.88,
03/31/2008,1201.581,,,-1042.287,,,159.294,,-105.286,,,54.008,-14.209,16.439,16.439,,,0.0,-2.23,39.799,-15.687,24.112,0.0,,,24.112,0.0,24.112,-1.656,0.0,22.456,22.456,,45.230686,0.5,0.5,0.57,48.146091,0.47,0.47,0.54,
06/30/2008,1339.685,,,-1135.115,,,204.57,,-109.71,,,94.86,-13.869,15.704,15.704,,,0.0,-1.835,80.991,-32.185,48.806,-1.609,,,50.415,0.0,50.415,-1.717,0.0,48.698,48.698,,45.371033,1.07,1.04,1.04,48.226467,1.02,0.98,0.98,
09/30/2008,1370.169,,,-1175.676,,,194.493,,-115.576,,,78.917,-15.169,15.646,15.646,,,0.0,-0.477,63.748,-23.264,40.484,0.0,,,40.484,0.0,40.484,-1.655,0.0,38.829,38.829,,45.499208,0.85,0.85,0.85,48.3362,0.81,0.81,0.81,
12/31/2008,1125.382,,,-984.268,,,141.114,,-114.608,,,26.506,-76.127,,15.147,,,0.0,60.98,-49.621,1.642,-47.979,-6.717,,,-41.262,0.0,-41.262,-1.76,0.0,-43.022,-43.022,,45.605592,-0.94,-1.09,0.1,45.605592,-0.94,-1.09,0.1,
03/31/2009,962.932,962.932,,-879.842,829.738,50.104,83.09,0.0,-233.402,,233.402,-150.312,-15.513,,15.619,,-0.783,,0.677,-165.825,13.476,-152.349,0.0,0.0,0.0,-152.349,0.0,-152.349,-1.617,0.0,-153.966,-18.586976,135.379024,45.962858,-3.35,-3.35,-0.404391,45.962858,-3.35,-3.35,-0.4046,
06/30/2009,1056.333,1056.333,,-888.03,839.172,48.858,168.303,0.0,-102.337,,102.337,65.966,-16.581,,16.98,,-0.709,,0.31,49.385,-16.346,33.039,0.0,0.0,0.0,33.039,0.0,33.039,-1.572,0.0,31.467,32.7046,1.2376,46.171511,0.68,0.68,0.708329,50.778937,0.64,0.64,0.664372,
09/30/2009,1133.441,1133.441,,-980.79,933.4,47.39,152.651,0.0,-111.517,,111.517,41.134,-16.11,15.864,15.864,0.0,-0.509,,0.755,25.024,-11.532,13.492,0.0,0.0,0.0,13.492,0.0,13.492,,0.0,13.492,14.987,1.495,48.862692,0.28,0.28,0.306717,49.49774,0.27,0.27,0.300203,
12/31/2009,1116.533,1115.718,0.815,-990.824,944.765,46.059,125.709,0.0,-108.425,,108.425,17.284,-16.137,,15.977,,-0.357,,0.517,1.147,-3.076,-1.929,0.0,0.0,0.0,-1.929,0.0,-1.929,0.0,0.0,-1.929,0.255,2.184,49.05769,-0.04,-0.04,0.005198,49.05769,-0.04,-0.04,0.004519,
03/31/2010,1161.911,1161.911,,-1030.244,985.218,45.026,131.667,0.0,-117.267,,117.267,14.4,-17.314,,16.4,,-0.382,,1.296,-2.914,-1.123,-4.037,0.0,0.0,0.0,-4.037,0.0,-4.037,0.0,0.0,-4.037,-1.557222,2.479778,49.335702,-0.08,-0.08,-0.031564,49.335702,-0.08,-0.08,-0.031564,
06/30/2010,1306.263,1306.263,,-1130.64,1082.702,47.938,175.623,0.0,-140.191,,140.191,35.432,-15.121,,14.688,,-0.325,,0.758,20.311,-6.448,13.863,0.0,0.0,0.0,13.863,0.0,13.863,0.0,0.0,13.863,14.25365,0.39065,51.665047,0.27,0.27,0.275886,52.362407,0.26,0.26,0.267461,
09/30/2010,1270.183,1270.183,,-1103.705,1053.137,50.568,166.478,0.0,-153.977,,153.977,12.501,-14.034,,13.818,,-0.352,,0.568,-1.533,-6.695,-8.228,0.0,0.0,0.0,-8.228,0.0,-8.228,0.0,0.0,-8.228,6.0096,14.2376,54.286677,-0.15,-0.15,0.110701,54.286677,-0.15,-0.15,0.110701,
12/31/2010,1213.643,1246.015,-32.372,-1037.975,989.005,48.97,175.668,0.0,-159.831,,159.831,15.837,-15.144,14.109,14.109,0.0,-0.268,,1.303,0.693,1.694,2.387,0.0,0.0,0.0,2.387,0.0,2.387,0.0,0.0,2.387,7.2932,4.9062,54.66375,0.04,0.04,0.133419,55.354809,0.04,0.04,0.128632,
03/31/2011,1245.627,1245.627,,-1078.249,1027.935,50.314,167.378,0.0,-130.682,,130.682,36.696,-15.335,,13.919,,-0.322,,1.738,21.361,-14.439,6.922,0.0,0.0,0.0,6.922,0.0,6.922,0.0,0.0,6.922,7.2249,0.3029,55.039751,0.13,0.13,0.131267,55.72523,0.12,0.12,0.125436,
06/30/2011,1348.549,1348.549,,-1146.366,1095.826,50.54,202.183,0.0,-142.018,,142.018,60.165,-14.721,,13.923,,-0.227,,1.025,45.444,-16.022,29.422,0.0,0.0,0.0,29.422,0.0,29.422,0.0,0.0,29.422,30.2293,0.8073,55.413243,0.53,0.53,0.525525,56.136065,0.52,0.52,0.525525,
09/30/2011,1377.079,1377.079,,-1170.656,1119.842,50.814,206.423,0.0,-145.298,,145.298,61.125,-13.519,,13.909,,-0.163,,-0.227,47.606,-18.478,29.128,0.0,0.0,0.0,29.128,0.0,29.128,0.0,0.0,29.128,29.206,0.078,55.535074,0.52,0.52,0.525902,56.117334,0.52,0.52,0.52139,
12/31/2011,1318.698,1360.745,-42.047,-1141.931,1090.952,50.979,176.767,0.0,-126.825,,126.825,49.942,-16.281,13.838,13.838,0.0,-0.208,,2.651,33.661,-10.69,22.971,0.0,0.0,0.0,22.971,0.0,22.971,0.0,0.0,22.971,14.35545,-8.61555,55.557816,0.41,0.41,0.258388,56.168761,0.41,0.41,0.256613,
03/31/2012,1366.161,1366.161,,-1173.956,1122.114,51.842,192.205,0.0,-136.515,,136.515,55.69,-14.268,13.794,13.794,0.0,-0.235,,0.709,41.422,-15.776,25.646,0.0,0.0,0.0,25.646,0.0,25.646,0.0,0.0,25.646,25.646,0.0,55.703722,0.46,0.46,0.46,56.257783,0.46,0.46,0.46,
06/30/2012,1446.096,1446.096,,-1227.424,1173.982,53.442,218.672,0.0,-138.529,,138.529,80.143,-15.446,,13.738,,-0.209,,1.917,64.697,-22.897,41.8,0.0,0.0,0.0,41.8,0.0,41.8,0.0,0.0,41.8,39.396,-2.404,55.809358,0.75,0.75,0.705903,56.439845,0.74,0.74,0.697406,
09/30/2012,1404.113,1404.113,,-1203.24,1147.837,55.403,200.873,0.0,-145.66,,145.66,55.213,-14.055,,13.667,,-0.204,,0.592,41.158,-15.854,25.304,0.0,0.0,0.0,25.304,0.0,25.304,0.0,0.0,25.304,25.54255,0.23855,55.906636,0.45,0.45,0.456879,56.463535,0.45,0.45,0.454225,
12/31/2012,1363.877,1363.877,,-1178.976,1123.448,55.528,184.901,0.0,-147.106,,147.106,37.795,-14.118,,13.578,,,,0.54,23.677,-11.881,11.796,0.0,0.0,0.0,11.796,0.0,11.796,0.0,0.0,11.796,11.796,0.0,55.928818,0.21,0.21,0.21,56.501354,0.21,0.21,0.21,
03/31/2013,1336.164,1336.164,,-1146.868,1090.94,55.928,189.296,0.0,-157.697,,157.697,31.599,-14.824,,13.505,,-0.164,,1.483,16.775,-2.77,14.005,0.0,0.0,0.0,14.005,0.0,14.005,0.0,0.0,14.005,14.005,0.0,56.096637,0.25,0.25,0.25,56.731972,0.25,0.25,0.25,
06/30/2013,1381.37,1381.37,,-1157.954,1100.719,57.235,223.416,0.0,-147.117,,147.117,76.299,-13.45,,13.659,,-0.159,,-0.05,62.849,-19.952,42.897,0.0,0.0,0.0,42.897,0.0,42.897,0.0,0.0,42.897,39.2492,-3.6478,56.354017,0.76,0.76,0.696476,56.960738,0.75,0.75,0.685959,
09/30/2013,1398.021,1398.021,,-1167.61,1108.699,58.911,230.411,0.0,-162.736,,162.736,67.675,-14.297,,13.395,,-0.15,,1.052,53.378,-22.821,30.557,0.0,0.0,0.0,30.557,0.0,30.557,0.0,0.0,30.557,30.557,0.0,56.714423,0.54,0.54,0.54,57.362834,0.53,0.53,0.53,
12/31/2013,1357.801,1357.801,,-1157.864,1099.187,58.677,199.937,0.0,-166.557,,166.557,33.38,-12.017,,12.78,,-0.148,,-0.615,21.363,-9.669,11.694,0.0,0.0,0.0,11.694,0.0,11.694,0.0,0.0,11.694,11.694,0.0,56.870445,0.21,0.21,0.21,57.494767,0.2,0.2,0.2,
03/31/2014,1368.843,1368.843,,-1173.545,1113.934,59.611,195.298,0.0,-162.236,,162.236,33.062,-13.84,,13.306,,-0.161,,0.695,19.222,-6.329,12.893,0.0,0.0,0.0,12.893,0.0,12.893,0.0,0.0,12.893,12.893,0.0,56.957433,0.23,0.23,0.23,57.540068,0.22,0.22,0.22,
06/30/2014,1492.349,1492.349,,-1232.139,1171.291,60.848,260.21,0.0,-157.51,,157.51,102.7,-11.932,,13.403,,-0.175,,-1.296,90.768,-37.101,53.667,0.0,0.0,0.0,53.667,0.0,53.667,0.0,0.0,53.667,51.631,-2.036,57.128379,0.94,0.94,0.903771,57.694691,0.93,0.93,0.894711,
09/30/2014,1504.15,1504.15,,-1248.76,1187.912,60.848,255.39,0.0,-164.015,,164.015,91.375,-13.985,,13.373,,-0.185,,0.797,77.39,-31.807,45.583,0.0,0.0,0.0,45.583,0.0,45.583,0.0,0.0,45.583,45.583,0.0,57.692508,0.79,0.79,0.79,58.253563,0.78,0.78,0.78,
12/31/2014,1440.727,1440.727,,-1234.021,1172.67,61.351,206.706,0.0,-165.393,,165.393,41.313,-17.996,,13.374,,-0.165,,4.787,23.317,1.579,24.896,0.0,0.0,0.0,24.896,0.0,24.896,0.0,0.0,24.896,24.896,0.0,57.773183,0.43,0.43,0.43,58.514475,0.43,0.43,0.43,
03/31/2015,1372.431,1372.431,,-1153.399,1093.436,59.963,219.032,0.0,-167.105,,167.105,51.927,-15.532,,13.277,,-0.165,,2.42,36.395,-14.603,21.792,0.0,0.0,0.0,21.792,0.0,21.792,0.0,0.0,21.792,22.484,0.692,57.634382,0.38,0.38,0.390114,58.222166,0.37,0.37,0.381886,
06/30/2015,1427.314,1427.314,,-1166.423,1106.698,59.725,260.891,0.0,-176.885,,176.885,84.006,-12.553,,13.221,,-0.144,,-0.524,71.453,-27.418,44.035,0.0,0.0,0.0,44.035,0.0,44.035,0.0,0.0,44.035,44.782,0.747,57.419971,0.77,0.77,0.779903,57.805354,0.76,0.76,0.772923,
09/30/2015,1457.353,,,,,,,,,,,88.8,,,,,,,,75.517,,45.578,,,,,,45.578,,,45.578,45.485,,,0.795,0.795,0.788,,0.795,0.795,0.788,
12/31/2015,1429.471,,,,,,,,,,,63.389,,,,,,,,50.108,,30.0,,,,,,30.0,,,30.0,30.5,,,0.52,0.52,0.519,,0.52,0.52,0.519,
