Date,Net Revenue,Net Interest Income,Total Interest Income,Interest Income,Investment Income,Total Interest Expense,Total Non-Interest Income,Trading Securities G/L,Trading Account Profits/Losses,Investments & Loans Income (Loss),Other Income (Loss),Commissions & Fees Earned,Other Operating Income (Losses),Provision for Loan Losses,Net Revenue after Provisions,Total Non-Interest Expense,Commissions & Fees Paid,Other Operating Expenses,Operating Income (Loss),Non-Operating (Income) Loss,Other Non-Operating (Income) Loss,"Pretax Income (Loss), GAAP",Income Tax Expense (Benefit),Tax Allowance/Credit,Income (Loss) from Cont Ops,Net Extraordinary Losses (Gains),Discontinued Operations,Extraordinary & Accounting Items,Income (Loss) incl. Minority Interest,Minority Interest,"Net Income, GAAP",Preferred Dividends,Other Adjustments,"Net Income Avail to Common, GAAP","Net Income Avail to Common, Adj",Net Abnormal Losses (Gains),Basic Weighted Avg Shares,"Basic EPS, GAAP",Basic EPS from Cont Ops,"Basic EPS from Cont Ops, Adjusted",Diluted Weighted Avg Shares,"Diluted EPS, GAAP",Diluted EPS from Cont Ops,"Diluted EPS from Cont Ops, Adjusted",Source: Bloomberg
03/31/1993,73.465001,38.217999,50.382999,50.382999,0.0,-12.165,35.247002,0.0,,,,35.247002,0.0,-13.761,59.704001,-36.488998,0.0,36.488998,23.215,0.0,0.0,23.215,-8.918,,14.297,0.0,,,14.297,0.0,14.297,0.0,,14.297,14.297,,198.201004,0.073333,0.073333,,198.201004,0.073333,0.073333,0.073333,
06/30/1993,88.754,49.795,66.401001,66.401001,0.0,-16.606001,38.959,0.0,,,,38.959,0.0,-7.177,81.577,-45.560001,0.0,45.560001,36.016998,0.0,0.0,36.016998,-12.245,,23.771999,0.0,,,23.771998,0.0,23.771999,0.0,,23.771999,23.771999,,198.201004,0.12,0.12,,198.201004,0.12,0.12,0.12,
09/30/1993,102.426003,56.735001,79.986,79.986,0.0,-23.250999,45.691002,0.0,,,,45.691002,0.0,-7.216,95.210002,-45.974998,0.0,45.974998,49.235001,0.0,0.0,49.235001,-17.370001,,31.865,0.0,,,31.865,0.0,31.865,0.0,,31.865,31.865,,198.201004,0.16,0.16,,198.201004,0.16,0.16,0.16,
12/31/1993,122.042998,47.115002,63.087002,63.087002,0.0,-15.972,74.927997,0.0,,,,65.686996,9.241,-5.876,116.166998,-53.779999,0.0,53.779999,62.387001,0.0,0.0,62.387001,-21.836,,40.550999,0.0,,,40.551001,0.0,40.550999,0.0,,40.550999,40.550999,,198.201004,0.203333,0.203333,,198.201004,0.203333,0.203333,0.203333,
03/31/1994,130.803002,43.138998,60.571999,60.571999,0.0,-17.433001,87.664004,0.0,,,,85.285004,2.379,-7.982,122.821002,-68.774002,0.0,68.774002,54.047001,0.0,0.0,54.047001,-18.917,,35.130001,0.0,,,35.130001,0.0,35.130001,0.0,,35.130001,35.130001,,198.201004,0.176667,0.176667,,198.201004,0.176667,0.176667,0.176667,
06/30/1994,141.341001,48.681,72.875,72.875,0.0,-24.194,92.660001,0.0,,,,89.859001,2.801,-8.45,132.891001,-79.657997,0.0,79.657997,53.233002,0.0,0.0,53.233002,-18.631001,,34.602001,0.0,,,34.602001,0.0,34.602001,0.0,,34.602001,34.602001,,198.201004,0.173333,0.173333,,198.201004,0.173333,0.173333,0.173333,
09/30/1994,145.082999,40.554998,61.904999,61.904999,0.0,-21.35,104.528,0.0,,,,101.166,3.362,-8.162,136.920999,-138.449997,0.0,138.449997,-1.529,0.0,0.0,-1.529,0.535,,-0.994,0.0,,,-0.994,0.0,-0.994,0.0,,-0.994,-0.994,,198.201004,-0.006667,-0.006667,,198.201004,-0.006667,-0.006667,-0.006667,
12/31/1994,144.651998,32.601999,63.32,63.32,0.0,-30.718,112.049999,0.0,,,,107.460999,4.589,-6.133,138.518998,-48.443001,0.0,48.443001,90.075996,-49.0,49.0,41.075996,-14.551,,26.525,0.0,,,26.524997,0.0,26.525,0.0,,26.525,26.525,,198.201004,0.136667,0.136667,,198.201004,0.136667,0.136667,0.136667,
03/31/1995,168.233998,38.074001,89.067001,89.067001,0.0,-50.993,130.159997,0.0,,,,124.394997,5.765,-8.636,159.597998,-120.356003,0.0,120.356003,39.242001,0.0,0.0,39.242001,-14.133,,25.108999,0.0,,,25.109,0.0,25.108999,0.0,,25.108999,25.108999,,198.752998,0.126667,0.126667,,198.752998,0.126667,0.126667,0.126667,
06/30/1995,180.010999,45.222,104.431999,104.431999,0.0,-59.209999,134.788999,0.0,,,,128.363998,6.425,-17.26,162.750998,-116.431999,0.0,116.431999,46.319,0.0,0.0,46.319,-16.673,,29.646,0.0,,,29.646,0.0,29.646,0.0,,29.646,29.646,,199.39801,0.15,0.15,,199.39801,0.15,0.15,0.15,
09/30/1995,196.521002,59.660995,128.912994,128.912994,0.0,-69.251999,136.860006,0.0,,,,131.197006,5.663,-18.652,177.869001,-124.807999,0.0,124.807999,53.061001,0.0,0.0,53.061001,-19.113001,,33.948002,0.0,,,33.948,0.0,33.948002,0.0,,33.948002,33.948002,,200.180992,0.17,0.17,,200.180992,0.17,0.17,0.17,
12/31/1995,216.289993,65.055992,134.996994,134.996994,0.0,-69.941002,151.234001,0.0,,,,145.457001,5.777,-21.347,194.942993,-135.834,0.0,135.834,59.109001,0.0,0.0,59.109001,-21.301001,,37.807999,0.0,,,37.808,0.0,37.807999,0.0,,37.807999,37.807999,,200.099991,0.19,0.19,0.19,200.099991,0.19,0.19,0.19,
03/31/1996,241.956,70.807999,133.141998,133.141998,0.0,-62.334,171.148002,0.0,,,,163.108002,8.04,-25.167999,216.788001,-156.449997,0.0,156.449997,60.338005,0.0,0.0,60.338005,-22.325001,,38.013004,0.0,,,38.013004,0.0,38.013004,0.0,,38.013004,38.013004,,198.470993,0.19,0.19,0.19,200.177994,0.19,0.19,0.19,
06/30/1996,245.052012,74.453007,137.753006,137.753006,0.0,-63.299999,170.599005,0.0,,,,165.268005,5.331,-25.110001,219.942011,-159.334,0.0,159.334,60.608013,0.0,0.0,60.608013,-22.424999,,38.183014,0.0,,,38.183014,0.0,38.183014,0.0,,38.183014,38.183014,,198.629997,0.193333,0.193333,0.193333,200.709,0.19,0.19,0.19,
09/30/1996,313.369997,106.653999,188.235001,188.235001,0.0,-81.581001,206.715998,0.0,,,,197.378998,9.337,-53.932999,259.436998,-196.822998,0.0,196.822998,62.613998,0.0,0.0,62.613998,-23.792999,,38.820999,0.0,,,38.820999,0.0,38.820999,0.0,,38.820999,38.820999,,198.75,0.196667,0.196667,0.196667,201.014992,0.193333,0.193333,0.193333,
12/31/1996,328.529996,113.569,201.352997,201.352997,0.0,-87.783997,214.960996,0.0,,,,204.464996,10.496,-63.035,265.494996,-200.574997,0.0,200.574997,64.919998,0.0,0.0,64.919998,-24.67,,40.25,0.0,,,40.249998,0.0,40.25,0.0,,40.25,40.25,,198.861009,0.203333,0.203333,0.203333,201.825006,0.2,0.2,0.2,
03/31/1997,331.253993,88.196991,168.593994,168.593994,0.0,-80.397003,243.057002,0.0,,,,232.996002,10.061,-49.187,282.066993,-213.546997,0.0,213.546997,68.519997,0.0,0.0,68.519997,-26.038,,42.481998,0.0,,,42.481997,0.0,42.481998,0.0,,42.481998,42.481998,,199.007996,0.213333,0.213333,0.213333,203.112007,0.21,0.21,0.21,
06/30/1997,312.30099,83.258995,166.869995,166.869995,0.0,-83.611,229.041995,0.0,,,,217.244995,11.797,-46.776001,265.524989,-202.054993,0.0,202.054993,63.470001,0.0,0.0,63.470001,-24.118,,39.352001,0.0,,,39.352001,0.0,39.352001,0.0,,39.352001,39.352001,,199.284004,0.196667,0.196667,0.196667,202.824005,0.193333,0.193333,0.193333,
09/30/1997,378.087005,97.153999,178.970001,178.970001,0.0,-81.816002,280.933005,0.0,,,,268.755005,12.178,-72.517998,305.569007,-226.003006,0.0,226.003006,79.566002,0.0,0.0,79.566002,-30.236,,49.330002,0.0,,,49.330002,0.0,49.330002,0.0,,49.330002,49.330002,,198.554993,0.25,0.25,0.25,202.718994,0.243333,0.243333,0.243333,
12/31/1997,430.626001,114.527992,203.550995,203.550995,0.0,-89.023003,316.098009,0.0,,,,296.63501,19.462999,-94.356003,336.269999,-242.373001,0.0,242.373001,93.897003,0.0,0.0,93.897003,-35.68,,58.216999,0.0,,,58.217003,0.0,58.216999,0.0,,58.216999,58.216999,,196.605011,0.296667,0.296667,0.296667,202.595993,0.286667,0.286667,0.286667,
03/31/1998,480.721006,164.821991,258.041992,258.041992,0.0,-93.220001,315.899015,0.0,,,,296.778015,19.121,-85.865997,394.855009,-288.882996,0.0,288.882996,105.972,0.0,0.0,105.972,-40.269001,,65.703003,0.0,,,65.702999,0.0,65.703003,0.0,,65.703003,65.703003,,196.284004,0.333333,0.333333,0.333333,205.245003,0.32,0.32,0.32,
09/30/1998,564.009012,177.054008,283.109009,283.109009,0.0,-106.055,386.955004,0.0,,,,363.742004,23.212999,-67.569,496.440012,-383.527008,0.0,383.527008,112.913002,0.0,0.0,112.913002,-42.907001,,70.005997,0.0,,,70.006001,0.0,70.005997,0.0,,70.005997,70.005997,,197.177994,0.356667,0.356667,0.356667,210.036003,0.333333,0.333333,0.333333,
12/31/1998,639.658005,183.181992,298.946991,298.946991,0.0,-115.764999,456.476013,0.0,,,,437.308014,19.167999,-54.580002,585.078003,-467.869995,0.0,467.869995,117.208,0.0,0.0,117.208,-44.539001,,72.668999,0.0,,,72.668999,0.0,72.668999,0.0,,72.668999,72.668999,,196.989006,0.37,0.37,0.37,209.054993,0.346667,0.346667,0.346667,
03/31/1999,755.708,231.082,353.071,326.849,26.222,-121.989,524.626,0.0,,,,524.626,0.0,-74.586,681.122,-548.253,0.0,548.253,132.869,0.0,0.0,132.869,-50.49,,82.379,0.0,,,82.379,0.0,82.379,0.0,0.0,82.379,82.379,,591.717,0.14,0.14,0.14,629.973,0.13,0.13,0.13,
06/30/1999,821.532,249.485,377.773,354.251,23.522,-128.288,572.047,,,,,572.047,,-74.301,747.231,-606.137,,606.137,141.094,,,141.094,-53.616,,87.478,,,,87.478,,87.478,,,87.478,87.478,,197.642,0.44,0.44,0.44,211.499,0.41,0.41,0.41,
09/30/1999,897.292,276.229,412.036,387.78,24.256,-135.807,621.063,0.0,,,,621.063,0.0,-114.061,783.231,-629.421,0.0,629.421,153.81,0.0,0.0,153.81,-58.448,,95.362,0.0,,,95.362,,95.362,0.0,0.0,95.362,95.362,,197.424,0.48,0.48,0.48,210.142,0.45,0.45,0.45,
12/31/1999,948.635,294.012,450.604,413.491,37.113,-156.592,654.623,0.0,,,,654.623,0.0,-120.0,828.635,-679.391,0.0,679.391,149.244,0.0,0.0,149.244,-51.372,,97.872,0.0,,,97.872,0.0,97.872,0.0,0.0,97.872,97.872,,197.252,0.5,0.5,0.5,210.284,0.47,0.47,0.47,
03/31/2000,1008.557,353.497,515.447,490.713,24.734,-161.95,655.06,0.0,,,,655.06,0.0,-126.525,882.032,-709.92,0.0,709.92,172.112,0.0,0.0,172.112,-65.403,,106.709,0.0,,,106.709,0.0,106.709,0.0,0.0,106.709,106.709,,196.645,0.54,0.54,0.54,208.71,0.51,0.51,0.51,
06/30/2000,1074.765,363.958,536.507,513.662,22.845,-172.549,710.807,0.0,,,,710.807,0.0,-151.01,923.755,-742.264,0.0,742.264,181.491,0.0,0.0,181.491,-68.966,,112.525,0.0,,,112.525,0.0,112.525,0.0,0.0,112.525,112.525,,196.012,0.57,0.57,0.57,208.633,0.54,0.54,0.54,
09/30/2000,1209.339,412.87,631.713,608.346,23.367,-218.843,796.469,0.0,,,,796.469,0.0,-193.409,1015.93,-818.957,0.0,818.957,196.973,0.0,0.0,196.973,-74.85,,122.123,0.0,,,122.123,0.0,122.123,0.0,0.0,122.123,122.123,,196.255,0.62,0.62,0.62,210.055,0.58,0.58,0.58,
12/31/2000,1330.64,458.56,706.235,680.627,25.608,-247.675,872.08,0.0,,,,872.08,0.0,-247.226,1083.414,-876.516,0.0,876.516,206.898,0.0,0.0,206.898,-78.621,,128.277,0.0,,,128.277,0.0,128.277,0.0,0.0,128.277,128.277,,196.996,0.65,0.65,0.65,210.395,0.61,0.61,0.61,
03/31/2001,1432.379,397.308,671.462,643.228,28.234,-274.154,1035.071,0.0,,,,1035.071,0.0,-282.498,1149.881,-918.247,0.0,918.247,231.634,0.0,0.0,231.634,-88.021,,143.613,0.0,,,143.613,0.0,143.613,0.0,0.0,143.613,143.613,,204.792,0.7,0.7,0.7,217.755,0.66,0.66,0.66,
06/30/2001,1476.263,392.008,679.154,645.212,33.942,-287.146,1084.255,0.0,,,,1084.255,0.0,-235.417,1240.846,-990.316,0.0,990.316,250.53,0.0,0.0,250.53,-95.203,,155.327,0.0,,,155.327,0.0,155.327,0.0,0.0,155.327,155.327,,209.076,0.74,0.74,0.74,221.183,0.7,0.7,0.7,
09/30/2001,1604.479,449.058,743.927,706.895,37.032,-294.869,1155.421,0.0,,,,1155.421,0.0,-262.901,1341.578,-1074.897,0.0,1074.897,266.681,0.0,0.0,266.681,-101.337,,165.344,0.0,,,165.344,0.0,165.344,0.0,0.0,165.344,165.344,,210.762,0.78,0.78,0.78,219.897,0.75,0.75,0.75,
12/31/2001,1700.783,511.768,826.606,787.626,38.98,-314.838,1189.015,0.0,,,,1189.015,0.0,-339.641,1361.142,-1074.567,0.0,1074.567,286.575,0.0,0.0,286.575,-108.894,,177.681,0.0,,,177.681,0.0,177.681,0.0,0.0,177.681,177.681,,214.718,0.83,0.83,0.83,223.35,0.8,0.8,0.8,
03/31/2002,1852.763,611.239,934.362,892.018,42.344,-323.123,1241.524,0.0,,,,1241.524,0.0,-389.618,1463.145,-1159.895,0.0,1159.895,303.25,0.0,0.0,303.25,-115.235,,188.015,0.0,,,188.015,0.0,188.015,0.0,0.0,188.015,188.015,,217.548,0.86,0.86,0.86,226.605,0.83,0.83,0.83,
06/30/2002,2039.224,654.412,1024.661,978.846,45.815,-370.249,1384.812,0.0,,,,1316.684,68.128,-541.841,1497.383,-1153.646,0.0,1153.646,343.737,0.0,0.0,343.737,-130.62,,213.117,0.0,,,213.117,0.0,213.117,0.0,0.0,213.117,213.117,,219.961,0.97,0.97,0.97,231.684,0.92,0.92,0.92,
09/30/2002,2242.607,722.429,1108.079,1062.114,45.965,-385.65,1520.178,0.0,,,,1520.178,0.0,-674.111,1568.496,-1151.02,0.0,1151.02,417.476,0.0,0.0,417.476,-158.641,,258.835,0.0,,,258.835,0.0,258.835,0.0,0.0,258.835,258.835,,220.564,1.17,1.17,1.17,228.418,1.13,1.13,1.13,
12/31/2002,2051.354,731.032,1113.664,1063.381,50.283,-382.632,1320.322,0.0,,,,1320.322,0.0,-543.758,1507.596,-1121.02,0.0,1121.02,386.576,0.0,0.0,386.576,-146.899,,239.677,0.0,,,239.677,0.0,239.677,0.0,0.0,239.677,239.677,,221.807,1.08,1.08,1.08,228.214,1.05,1.05,1.05,
03/31/2003,2039.407,734.804,1106.566,1063.635,42.931,-371.762,1304.603,0.0,,,,1256.266,48.337,-375.851,1663.556,-1173.932,0.0,1173.932,489.624,0.0,0.0,489.624,-181.161,,308.463,0.0,,,308.463,0.0,308.463,0.0,0.0,308.463,308.463,,222.951,1.38,1.38,1.38,228.422,1.35,1.35,1.35,
06/30/2003,1992.885,682.263,1070.28,1022.385,47.895,-388.017,1310.622,0.0,,,,1310.622,0.0,-387.097,1605.788,-1151.556,0.0,1151.556,454.232,0.0,0.0,454.232,-168.066,,286.166,0.0,,,286.166,0.0,286.166,0.0,0.0,286.166,286.166,,223.691,1.28,1.28,1.28,232.552,1.23,1.23,1.23,
09/30/2003,2067.129,703.921,1103.025,1053.585,49.44,-399.104,1363.208,0.0,,,,1363.208,0.0,-364.144,1702.985,-1241.763,0.0,1241.763,461.222,0.0,0.0,461.222,-170.653,,290.569,15.037,,,275.532,0.0,275.532,0.0,0.0,275.532,275.532,,224.615,1.23,1.29,1.29,236.293,1.17,1.23,1.23,
12/31/2003,2101.592,664.101,1087.783,1035.455,52.328,-423.682,1437.491,0.0,,,,1437.491,0.0,-390.405,1711.187,-1289.472,0.0,1289.472,421.715,0.0,0.0,421.715,-156.034,,265.681,0.0,,,265.681,0.0,265.681,0.0,0.0,265.681,265.681,,228.1,1.16,1.16,1.16,239.206,1.11,1.11,1.11,
03/31/2004,2175.156,732.022,1164.731,1101.015,63.716,-432.709,1443.134,0.0,,,,1377.757,65.377,-243.668,1931.488,-1224.896,0.0,1224.896,706.592,0.0,0.0,706.592,-255.786,,450.806,0.0,,,450.806,0.0,450.806,0.0,0.0,450.806,450.806,,232.021,1.94,1.94,1.94,245.413,1.84,1.84,1.84,
06/30/2004,2107.081,711.017,1151.946,1075.865,76.081,-440.929,1396.064,0.0,,,,1353.839,42.225,-242.256,1864.825,-1228.812,0.0,1228.812,636.013,0.0,0.0,636.013,-228.626,,407.387,0.0,,,407.387,0.0,407.387,0.0,0.0,407.387,407.387,,234.732,1.74,1.74,1.89,247.591,1.65,1.65,1.8,
09/30/2004,2314.754,775.374,1228.412,1143.92,84.492,-453.038,1539.38,0.0,,,,1445.274,94.106,-267.795,2046.959,-1248.88,0.0,1248.88,798.079,-63.1,63.1,734.979,-244.819,,490.16,0.0,,,490.16,0.0,490.16,0.0,0.0,490.16,490.16,,236.405,2.07,2.07,2.16,249.007,1.97,1.97,2.06,
12/31/2004,2306.139,784.564,1249.33,1161.245,88.085,-464.766,1521.575,0.0,,,,1425.402,96.173,-467.133,1839.006,-1514.427,0.0,1514.427,324.579,-42.1,42.1,282.479,-87.351,,195.128,0.0,,,195.128,0.0,195.128,0.0,0.0,195.128,195.128,,239.247,0.82,0.82,0.82,253.008,0.77,0.77,0.77,
03/31/2005,2376.5,860.521,1336.268,1246.104,90.164,-475.747,1515.979,0.0,,,,1476.228,39.751,-259.631,2116.869,-1327.832,0.0,1327.832,789.037,0.0,0.0,789.037,-282.475,,506.562,0.0,,,506.562,0.0,506.562,0.0,0.0,506.562,506.562,,243.978,2.08,2.08,2.08,255.181,1.99,1.99,1.99,
06/30/2005,2454.499,872.503,1351.9,1260.655,91.245,-479.397,1581.996,0.0,,,,1517.107,64.889,-291.6,2162.899,-1335.617,0.0,1335.617,827.282,0.0,0.0,827.282,-296.164,,531.118,0.0,,,531.118,0.0,531.118,0.0,0.0,531.118,531.118,,252.585,2.1,2.1,2.1,261.664,2.03,2.03,2.03,
09/30/2005,2504.835,910.219,1404.615,1316.637,87.978,-494.396,1594.616,0.0,,,,1500.623,93.993,-374.167,2130.668,-1365.638,0.0,1365.638,765.03,0.0,0.0,765.03,-273.881,,491.149,0.0,,,491.149,0.0,491.149,0.0,0.0,491.149,491.149,,260.918,1.88,1.88,1.88,270.693,1.81,1.81,1.81,
12/31/2005,2702.513,1036.999,1634.098,1514.909,119.189,-597.099,1665.514,,,,,1530.872,134.642,-565.674,2136.839,-1689.186,0.0,1689.186,447.653,0.0,0.0,447.653,-167.335,,280.318,0.0,,,280.318,0.0,280.318,0.0,0.0,280.318,280.318,,278.8,1.01,1.01,1.01,287.7,0.97,0.97,0.97,
03/31/2006,3065.128,1206.877,1878.582,1713.482,165.1,-671.705,1858.251,0.0,,,,1708.826,149.425,-170.27,2894.858,-1573.479,0.0,1573.479,1321.379,0.0,0.0,1321.379,-438.04,,883.339,0.0,,,883.339,0.0,883.339,0.0,0.0,883.339,883.339,,299.257,2.95,2.95,2.84,309.121,2.86,2.86,2.75,
06/30/2006,2906.995,1197.082,1897.157,1729.353,167.804,-700.075,1709.913,0.0,,,,1570.442,139.471,-362.445,2544.55,-1680.897,0.0,1680.897,863.653,0.0,0.0,863.653,-311.066,,552.587,0.0,,,552.587,0.0,552.587,0.0,0.0,552.587,552.587,,300.829,1.84,1.84,1.84,309.988,1.78,1.78,1.78,
09/30/2006,3055.9,1294.515,2065.071,1904.873,160.198,-770.556,1761.385,0.0,,,,1680.69,80.695,-430.566,2625.334,-1726.629,0.0,1726.629,898.705,0.0,0.0,898.705,-310.866,,587.839,0.0,,,587.839,0.0,587.839,0.0,0.0,587.839,587.839,,301.571,1.95,1.95,1.95,310.386,1.89,1.89,1.89,
12/31/2006,3120.343,1448.868,2379.821,2138.501,241.32,-930.953,1671.475,0.0,,,,1569.093,102.382,-513.157,2607.186,-1962.686,0.0,1962.686,644.5,0.0,0.0,644.5,-185.992,,458.508,11.884,,,446.624,0.0,446.624,0.0,0.0,446.624,446.624,,336.5,1.16,1.2,1.2,343.8,1.14,1.17,1.17,
03/31/2007,3378.913,1604.543,2712.309,2508.229,204.08,-1107.766,1774.37,0.0,,,,1585.66,188.71,-350.045,3028.868,-1974.047,0.0,1974.047,1054.821,0.0,0.0,1054.821,-368.697,,686.124,11.074,,,675.05,0.0,675.05,0.0,0.0,675.05,675.05,,408.709,1.65,1.68,1.68,415.53,1.62,1.65,1.65,
06/30/2007,3510.432,1538.581,2638.686,2400.708,237.978,-1100.105,1971.851,0.0,,,,1835.854,135.997,-396.713,3113.719,-1943.461,0.0,1943.461,1170.258,-91.074,91.074,1079.184,-311.572,,767.612,17.24,,,750.372,0.0,750.372,0.0,0.0,750.372,750.372,,390.847,1.92,1.96,2.11,397.473,1.89,1.93,2.08,
09/30/2007,3774.136,1624.474,2766.967,2514.417,252.55,-1142.493,2149.662,0.0,,,,1980.476,169.186,-595.534,3178.602,-1914.867,0.0,1914.867,1263.735,-19.354,19.354,1244.381,-428.01,,816.371,898.029,,,-81.658,0.0,-81.658,0.0,0.0,-81.658,-81.658,,386.133,-0.21,2.11,2.14,390.844,-0.21,2.09,2.12,
12/31/2007,3920.587,1762.247,2960.194,2703.83,256.364,-1197.947,2158.34,0.0,,,,1997.025,161.315,-1294.21,2626.377,-2107.398,0.0,2107.398,518.979,-27.809,27.809,491.17,-169.558,,321.612,95.044,,,226.568,0.0,226.568,0.0,0.0,226.568,226.568,,375.6,0.6,0.85,0.9,378.4,0.6,0.85,0.9,
03/31/2008,3868.395,1811.917,2879.525,2621.778,257.747,-1067.608,2056.478,0.0,,,,1809.025,247.453,-1079.072,2789.323,-1769.518,0.0,1769.518,1019.805,-52.759,52.759,967.046,-334.491,,632.555,84.051,,,548.504,0.0,548.504,0.0,0.0,548.504,548.504,,370.743,1.48,1.71,1.8,372.272,1.47,1.7,1.79,
06/30/2008,3350.072,1727.756,2691.857,2410.768,281.089,-964.101,1622.316,0.0,,,,1491.679,130.637,-829.13,2520.942,-1806.041,0.0,1806.041,714.901,-13.56,13.56,701.341,-238.843,,462.498,9.593,,,452.905,0.0,452.905,0.0,0.0,452.905,452.905,,372.348,1.21,1.24,1.24,373.653,1.21,1.24,1.24,
09/30/2008,3503.536,1806.645,2771.796,2454.522,317.274,-965.151,1696.891,0.0,,,,1600.556,96.335,-1093.917,2409.619,-1794.9,0.0,1794.9,614.719,-15.306,15.306,599.413,-213.624,,385.789,11.65,,,374.139,0.0,374.139,0.0,0.0,374.139,374.139,,372.928,1.0,1.03,1.03,374.293,1.0,1.03,1.03,
12/31/2008,3170.683,1802.397,2768.821,2400.919,367.902,-966.424,1368.286,0.0,,,,1277.688,90.598,-2098.921,1071.762,-1894.228,0.0,1894.228,-822.466,-863.715,863.715,-1686.181,289.856,,-1396.325,25.221,,,-1421.546,0.0,-1421.546,-32.723,0.0,-1454.269,-1454.269,,389.0,-3.74,-3.67,-3.67,389.0,-3.74,-3.67,-3.67,
03/31/2009,2882.832,1792.988,2650.009,2254.735,395.274,-857.021,1089.844,0.0,0.0,0.0,0.0,1099.363,-9.519,-1279.137,1603.695,-1745.289,0.0,1745.289,-141.594,0.0,0.0,-141.594,58.49,,-83.104,24.958,24.958,0.0,-108.062,0.0,-108.062,-64.19,0.0,-172.252,-172.252,11.45755,390.456,-0.44,-0.38,-0.347892,390.456,-0.44,-0.38,-0.350656,
06/30/2009,3177.0,1945.0,2717.0,2305.0,412.0,-772.0,1232.0,0.0,0.0,0.0,0.0,981.0,251.0,-934.0,2243.0,-1922.0,0.0,1922.0,321.0,0.0,0.0,321.0,-92.0,,229.0,6.0,6.0,0.0,223.0,0.0,223.0,-38.3,-461.7,-277.0,-277.0,80.275,422.0,-0.66,-0.64,-0.451955,422.0,-0.66,-0.64,-0.451955,
09/30/2009,3558.0,2005.0,2702.0,2303.0,399.0,-697.0,1553.0,0.0,0.0,0.0,0.0,1340.0,213.0,-1173.0,2385.0,-1802.0,0.0,1802.0,583.0,0.0,0.0,583.0,-146.0,,437.0,43.0,43.0,0.0,394.0,0.0,394.0,0.0,0.0,394.0,394.0,16.9,449.0,0.88,0.97,1.010913,453.0,0.87,0.96,0.997307,
12/31/2009,3366.0,1954.0,2595.0,2191.0,404.0,-641.0,1412.0,0.0,0.0,0.0,0.0,1358.0,54.0,-844.0,2522.0,-1948.0,0.0,1948.0,574.0,0.0,0.0,574.0,-170.0,,404.0,28.0,28.0,0.0,376.0,0.0,376.0,0.0,0.0,376.0,376.0,35.85205,450.0,0.83,0.9,0.977449,454.9,0.83,0.89,0.968813,
03/31/2010,4289.0,3228.0,4030.0,3681.0,349.0,-802.0,1061.0,0.0,0.0,0.0,0.0,860.0,201.0,-1478.0,2811.0,-1847.0,0.0,1847.0,964.0,0.0,0.0,964.0,-244.0,,720.0,84.0,84.0,0.0,636.0,0.0,636.0,0.0,0.0,636.0,636.0,0.0,451.0,1.41,1.59,1.59,455.0,1.4,1.58,1.58,
06/30/2010,3904.0,3097.0,3835.0,3493.0,342.0,-738.0,807.0,0.0,0.0,0.0,0.0,850.0,-43.0,-723.0,3181.0,-2000.0,0.0,2000.0,1181.0,0.0,0.0,1181.0,-369.0,,812.0,204.0,204.0,0.0,608.0,0.0,608.0,0.0,0.0,608.0,608.0,0.0,452.0,1.34,1.79,1.79,456.0,1.33,1.78,1.78,
09/30/2010,4016.0,3109.0,3815.0,3468.0,347.0,-706.0,907.0,0.0,0.0,0.0,0.0,855.0,52.0,-867.0,3149.0,-1996.0,0.0,1996.0,1153.0,0.0,0.0,1153.0,-335.0,,818.0,15.0,15.0,0.0,803.0,0.0,803.0,0.0,0.0,803.0,803.0,0.0,453.0,1.78,1.81,1.81,457.0,1.76,1.79,1.79,
12/31/2010,3962.0,3023.0,3674.0,3369.0,305.0,-651.0,939.0,0.0,0.0,0.0,0.0,858.0,81.0,-839.0,3123.0,-2091.0,0.0,2091.0,1032.0,0.0,0.0,1032.0,-331.0,,701.0,4.0,4.0,0.0,697.0,0.0,697.0,0.0,0.0,697.0,697.0,0.0,452.7,1.54,1.55,1.55,457.2,1.52,1.53,1.53,
03/31/2011,4082.0,3140.0,3752.0,3436.0,316.0,-612.0,942.0,0.0,0.0,0.0,0.0,856.0,86.0,-534.0,3548.0,-2162.0,0.0,2162.0,1386.0,0.0,0.0,1386.0,-354.0,,1032.0,16.0,16.0,0.0,1016.0,0.0,1016.0,0.0,0.0,1016.0,1016.0,0.0,454.0,2.24,2.27,2.27,460.0,2.21,2.24,2.24,
06/30/2011,3993.0,3136.0,3699.0,3386.0,313.0,-563.0,857.0,0.0,0.0,0.0,0.0,803.0,54.0,-343.0,3650.0,-2255.0,0.0,2255.0,1395.0,0.0,0.0,1395.0,-450.0,,945.0,34.0,34.0,0.0,911.0,0.0,911.0,0.0,0.0,911.0,911.0,0.0,456.0,2.0,2.07,2.07,462.0,1.97,2.04,2.04,
09/30/2011,4154.0,3283.0,3835.0,3571.0,264.0,-552.0,871.0,0.0,0.0,0.0,0.0,875.0,-4.0,-622.0,3532.0,-2297.0,0.0,2297.0,1235.0,0.0,0.0,1235.0,-370.0,,865.0,52.0,52.0,0.0,813.0,0.0,813.0,0.0,0.0,813.0,813.0,0.0,456.0,1.78,1.89,1.89,460.0,1.77,1.88,1.88,
12/31/2011,4050.0,3182.0,3701.0,3457.0,244.0,-519.0,868.0,0.0,0.0,0.0,0.0,807.0,61.0,-861.0,3189.0,-2618.0,0.0,2618.0,571.0,0.0,0.0,571.0,-160.0,0.0,411.0,4.0,4.0,0.0,407.0,0.0,407.0,-26.0,0.0,381.0,381.0,0.0,456.2,0.83516,0.843928,0.843928,458.5,0.83516,0.843884,0.843884,
03/31/2012,4341.0,3414.0,3979.0,3681.0,298.0,-565.0,927.0,0.0,0.0,0.0,0.0,743.0,184.0,-573.0,3768.0,-1910.0,0.0,1910.0,1858.0,0.0,0.0,1858.0,-353.0,,1505.0,102.0,102.0,0.0,1403.0,0.0,1403.0,0.0,-7.0,1396.0,1396.0,-330.2,508.7,2.74,2.94,2.295656,513.1,2.72,2.92,2.276461,
06/30/2012,5055.0,4001.0,4616.0,4281.0,335.0,-615.0,1054.0,0.0,0.0,0.0,0.0,947.0,107.0,-1677.0,3378.0,-3142.0,0.0,3142.0,236.0,0.0,0.0,236.0,-43.0,,193.0,100.0,100.0,0.0,93.0,0.0,93.0,0.0,-1.0,92.0,92.0,86.45,578.0,0.16,0.33,0.481747,583.0,0.16,0.33,0.478285,
09/30/2012,5782.0,4646.0,5254.0,4919.0,335.0,-608.0,1136.0,0.0,0.0,0.0,0.0,1009.0,127.0,-1014.0,4768.0,-3045.0,0.0,3045.0,1723.0,0.0,0.0,1723.0,-535.0,,1188.0,10.0,10.0,0.0,1178.0,0.0,1178.0,0.0,-5.0,1173.0,1173.0,31.2,578.3,2.03,2.05,2.099602,584.1,2.01,2.03,2.083416,
12/31/2012,5624.0,4528.0,5115.0,4754.0,361.0,-587.0,1096.0,0.0,0.0,0.0,0.0,1054.0,42.0,-1151.0,4473.0,-3255.0,0.0,3255.0,1218.0,0.0,0.0,1218.0,-370.0,,848.0,5.0,5.0,0.0,843.0,0.0,843.0,-15.0,-3.0,825.0,825.0,44.85,579.2,1.42,1.43,1.510445,585.6,1.41,1.42,1.496588,
03/31/2013,5551.0,4570.0,5051.0,4677.0,374.0,-481.0,981.0,0.0,0.0,0.0,0.0,995.0,-14.0,-885.0,4666.0,-2991.0,0.0,2991.0,1675.0,0.0,0.0,1675.0,-541.0,,1134.0,78.0,78.0,0.0,1056.0,0.0,1056.0,-13.0,-5.0,1038.0,1038.0,29.9,580.5,1.79,1.92,1.973988,580.5,1.77,1.9,1.951507,
06/30/2013,5638.0,4553.0,5010.0,4619.0,391.0,-457.0,1085.0,0.0,0.0,0.0,0.0,1020.0,65.0,-762.0,4876.0,-3018.0,0.0,3018.0,1858.0,0.0,0.0,1858.0,-631.0,,1227.0,119.0,119.0,0.0,1108.0,0.0,1108.0,-13.0,-4.0,1091.0,1091.0,32.5,581.5,1.88,2.08,2.136715,581.5,1.85,2.05,2.10589,
09/30/2013,5651.0,4560.0,4998.0,4602.0,396.0,-438.0,1091.0,0.0,0.0,0.0,0.0,1006.0,85.0,-849.0,4802.0,-3109.0,0.0,3109.0,1693.0,0.0,0.0,1693.0,-575.0,,1118.0,13.0,13.0,0.0,1105.0,0.0,1105.0,-13.0,-5.0,1087.0,1087.0,24.05,582.3,1.87,1.89,1.930362,591.1,1.84,1.86,1.900687,
12/31/2013,5544.0,4423.0,4839.0,4425.0,414.0,-416.0,1121.0,0.0,0.0,0.0,0.0,993.0,128.0,-957.0,4587.0,-3280.0,0.0,3280.0,1307.0,0.0,0.0,1307.0,-425.0,,882.0,23.0,23.0,0.0,859.0,0.0,859.0,-13.0,-4.0,842.0,842.0,39.0,573.4,1.47,1.51,1.576561,582.6,1.45,1.48,1.546941,
03/31/2014,5370.0,4350.0,4753.0,4337.0,416.0,-403.0,1020.0,0.0,0.0,0.0,0.0,914.0,106.0,-735.0,4635.0,-2932.0,0.0,2932.0,1703.0,0.0,0.0,1703.0,-579.0,,1124.0,-30.0,-30.0,0.0,1154.0,0.0,1154.0,-13.0,-5.0,1136.0,1136.0,14.95,571.0,1.99,1.94,1.963135,571.0,1.96,1.91,1.936182,
06/30/2014,5468.0,4315.0,4712.0,4303.0,409.0,-397.0,1153.0,0.0,0.0,0.0,0.0,995.0,158.0,-704.0,4764.0,-2979.0,0.0,2979.0,1785.0,0.0,0.0,1785.0,-581.0,,1204.0,10.0,10.0,0.0,1194.0,0.0,1194.0,-13.0,-4.0,1177.0,1177.0,11.7,567.5,2.07,2.09,2.112247,567.5,2.04,2.06,2.080617,
09/30/2014,5639.0,4497.0,4887.0,4489.0,398.0,-390.0,1142.0,0.0,0.0,0.0,0.0,994.0,148.0,-993.0,4646.0,-2985.0,0.0,2985.0,1661.0,0.0,0.0,1661.0,-536.0,,1125.0,44.0,44.0,0.0,1081.0,0.0,1081.0,-20.0,-5.0,1056.0,1056.0,8.45,559.9,1.89,1.97,1.979729,567.9,1.86,1.94,1.954879,
12/31/2014,5813.0,4656.0,5045.0,4640.0,405.0,-389.0,1157.0,0.0,0.0,0.0,0.0,985.0,172.0,-1109.0,4704.0,-3284.0,0.0,3284.0,1420.0,0.0,0.0,1420.0,-450.0,,970.0,-29.0,-29.0,0.0,999.0,0.0,999.0,-21.0,-4.0,974.0,974.0,6.5,554.3,1.76,1.71,1.716579,561.8,1.73,1.68,1.69157,
03/31/2015,5647.0,4576.0,4974.0,4568.0,406.0,-398.0,1071.0,0.0,0.0,0.0,0.0,933.0,138.0,-935.0,4712.0,-3049.0,0.0,3049.0,1663.0,0.0,0.0,1663.0,-529.0,,1134.0,-19.0,-19.0,0.0,1153.0,0.0,1153.0,-32.0,-6.0,1115.0,1115.0,4.55,550.2,2.03,2.0,2.000273,557.2,2.0,1.97,1.978166,
06/30/2015,5672.0,4537.0,4937.0,4555.0,382.0,-400.0,1135.0,0.0,0.0,0.0,0.0,996.0,139.0,-1129.0,4543.0,-3307.0,0.0,3307.0,1236.0,0.0,0.0,1236.0,-384.0,,852.0,-11.0,-11.0,0.0,863.0,0.0,863.0,-29.0,-4.0,830.0,830.0,100.75,545.6,1.52,1.5,1.685759,552.0,1.5,1.48,1.662518,
09/30/2015,5900.0,4760.0,5164.0,4778.0,386.0,-404.0,1140.0,0.0,0.0,0.0,0.0,978.0,162.0,-1092.0,4808.0,-3160.0,0.0,3160.0,1648.0,0.0,0.0,1648.0,-530.0,,1118.0,4.0,4.0,0.0,1114.0,0.0,1114.0,-29.0,-6.0,1079.0,1079.0,0.0,540.6,2.0,2.01,2.01,546.3,1.98,1.99,1.99,
12/31/2015,6194.0,4961.0,5384.0,4983.0,401.0,-423.0,1233.0,0.0,0.0,0.0,0.0,1088.0,145.0,-1380.0,4814.0,-3480.0,0.0,3480.0,1334.0,0.0,0.0,1334.0,-426.0,,908.0,-12.0,-12.0,0.0,920.0,0.0,920.0,-68.0,-4.0,848.0,848.0,5.2,530.8,1.6,1.58,1.584778,536.3,1.58,1.56,1.569696,
03/31/2016,6220.0,5056.0,5517.0,5102.0,415.0,-461.0,1164.0,0.0,0.0,0.0,0.0,1027.0,137.0,-1527.0,4693.0,-3223.0,0.0,3223.0,1470.0,0.0,0.0,1470.0,-452.0,,1018.0,5.0,5.0,0.0,1013.0,0.0,1013.0,-37.0,-6.0,970.0,970.0,0.0,523.5,1.85,1.86,1.86,528.0,1.84,1.85,1.85,
06/30/2016,6254.0,5093.0,5571.0,5166.0,405.0,-478.0,1161.0,0.0,0.0,0.0,0.0,987.0,174.0,-1592.0,4662.0,-3295.0,0.0,3295.0,1367.0,0.0,0.0,1367.0,-424.0,,943.0,1.0,1.0,0.0,942.0,0.0,942.0,-65.0,-6.0,871.0,871.0,-15.6,511.699994,1.7,1.7,1.673637,516.499994,1.69,1.69,1.659797,
09/30/2016,6461.0,5277.0,5794.0,5408.0,386.0,-517.0,1184.0,0.0,0.0,0.0,0.0,1020.0,164.0,-1588.0,4873.0,-3361.0,0.0,3361.0,1512.0,0.0,0.0,1512.0,-496.0,,1016.0,11.0,11.0,0.0,1005.0,0.0,1005.0,-37.0,-6.0,962.0,962.0,0.0,501.1,1.92,1.94,1.94,505.9,1.9,1.92,1.92,
12/31/2016,6566.0,5447.0,6009.0,5616.0,393.0,-562.0,1119.0,0.0,0.0,0.0,0.0,1036.0,83.0,-1752.0,4814.0,-3679.0,0.0,3679.0,1135.0,0.0,0.0,1135.0,-342.0,,793.0,2.0,2.0,0.0,791.0,0.0,791.0,-75.0,-6.0,710.0,710.0,0.0,483.5,1.47,1.47,1.47,489.2,1.45,1.45,1.45,
03/31/2017,6535.0,5474.0,6070.0,5654.0,416.0,-596.0,1061.0,0.0,,,0.0,941.0,120.0,-1992.0,4543.0,-3434.0,0.0,3434.0,1109.0,0.0,0.0,1109.0,-314.0,,795.0,-15.0,-15.0,0.0,810.0,0.0,810.0,-53.0,-5.0,752.0,752.0,0.0,482.3,1.56,1.53,1.53,487.9,1.54,1.51,1.51,
06/30/2017,6704.0,5473.0,6128.0,5695.0,433.0,-655.0,1231.0,0.0,0.0,0.0,0.0,1094.0,137.0,-1800.0,4904.0,-3414.0,0.0,3414.0,1490.0,0.0,0.0,1490.0,-443.0,,1047.0,11.0,11.0,0.0,1036.0,0.0,1036.0,-80.0,-8.0,948.0,948.0,0.0,484.0,1.96,1.98,1.98,488.1,1.94,1.96,1.96,
09/30/2017,6985.0,5700.0,6420.0,5989.0,431.0,-720.0,1285.0,0.0,0.0,0.0,0.0,1076.0,209.0,-1833.0,5152.0,-3567.0,0.0,3567.0,1585.0,0.0,0.0,1585.0,-448.0,,1137.0,30.0,30.0,0.0,1107.0,0.0,1107.0,-52.0,-8.0,1047.0,1047.0,138.45,484.9,2.16,2.22,2.506599,489.0,2.14,2.2,2.483129,
12/31/2017,7013.0,5813.0,6604.0,6173.0,431.0,-791.0,1200.0,0.0,0.0,0.0,0.0,1059.0,141.0,-1926.0,5087.0,-3779.0,0.0,3779.0,1308.0,0.0,0.0,1308.0,-2170.0,,-862.0,109.0,109.0,0.0,-971.0,0.0,-971.0,-80.0,-1.0,-1052.0,-1052.0,1849.0,485.7,-2.17,-1.95,1.865349,485.7,-2.17,-1.95,1.856877,
03/31/2018,6909.0,5718.0,6637.0,6185.0,452.0,-919.0,1191.0,0.0,0.0,0.0,0.0,1075.0,116.0,-1674.0,5235.0,-3573.0,0.0,3573.0,1662.0,0.0,0.0,1662.0,-319.0,,1343.0,-3.0,-3.0,0.0,1346.0,0.0,1346.0,-52.0,-10.0,1284.0,1284.0,15.01,486.9,2.64,2.63,2.661758,490.8,2.62,2.61,2.640583,
06/30/2018,7192.0,5551.0,6596.0,6057.0,539.0,-1045.0,1641.0,0.0,0.0,0.0,0.0,1114.0,527.0,-1276.0,5916.0,-3424.0,0.0,3424.0,2492.0,0.0,0.0,2492.0,-575.0,,1917.0,11.0,11.0,0.0,1906.0,0.0,1906.0,-80.0,-12.0,1814.0,1814.0,-244.0,485.1,3.74,3.76,3.259122,488.3,3.71,3.73,3.230307,
09/30/2018,6962.0,5786.0,6895.0,6302.0,593.0,-1109.0,1176.0,0.0,0.0,0.0,0.0,1124.0,52.0,-1268.0,5694.0,-3773.0,0.0,3773.0,1921.0,0.0,0.0,1921.0,-420.0,,1501.0,-1.0,-1.0,0.0,1502.0,0.0,1502.0,-53.0,-9.0,1440.0,1440.0,19.448276,477.8,3.01,3.01,3.052424,480.9,2.99,2.99,3.030441,
12/31/2018,7013.0,5820.0,7048.0,6421.0,627.0,-1228.0,1193.0,0.0,0.0,0.0,0.0,1095.0,98.0,-1638.0,5375.0,-4132.0,0.0,4132.0,1243.0,0.0,0.0,1243.0,21.0,,1264.0,3.0,3.0,0.0,1261.0,0.0,1261.0,-80.0,-9.0,1172.0,1172.0,-290.0,470.0,2.49,2.5,1.882979,472.7,2.48,2.49,1.876503,
03/31/2019,7083.0,5791.0,7092.0,6437.0,655.0,-1301.0,1292.0,0.0,0.0,0.0,0.0,1111.0,181.0,-1693.0,5390.0,-3671.0,0.0,3671.0,1719.0,0.0,0.0,1719.0,-309.0,,1410.0,-2.0,-2.0,0.0,1412.0,0.0,1412.0,-52.0,-12.0,1348.0,1348.0,19.0,469.4,2.87,2.87,2.907968,471.6,2.86,2.86,2.900288,
06/30/2019,7124.0,5746.0,7076.0,6447.0,629.0,-1330.0,1378.0,0.0,0.0,0.0,0.0,1172.0,206.0,-1342.0,5782.0,-3779.0,0.0,3779.0,2003.0,0.0,0.0,2003.0,-387.0,,1616.0,-9.0,-9.0,0.0,1625.0,0.0,1625.0,-80.0,-12.0,1533.0,1533.0,63.0,470.8,3.26,3.24,3.370858,473.0,3.24,3.22,3.353192,
09/30/2019,6959.0,5737.0,7075.0,6492.0,583.0,-1338.0,1222.0,0.0,0.0,0.0,0.0,1073.0,149.0,-1383.0,5576.0,-3872.0,0.0,3872.0,1704.0,0.0,0.0,1704.0,-375.0,,1329.0,-4.0,-4.0,0.0,1333.0,0.0,1333.0,-53.0,-10.0,1270.0,1270.0,85.0,469.5,2.71,2.7,2.877529,471.8,2.69,2.68,2.860161,
12/31/2019,7427.0,6066.0,7270.0,6726.0,544.0,-1204.0,1361.0,0.0,0.0,0.0,0.0,1153.0,208.0,-1818.0,5609.0,-4161.0,0.0,4161.0,1448.0,0.0,0.0,1448.0,-270.0,,1178.0,2.0,2.0,0.0,1176.0,0.0,1176.0,-128.0,-7.0,1041.0,1041.0,113.0,460.9,2.26,2.26,2.508136,463.4,2.25,2.25,2.49385,
03/31/2020,7249.0,6025.0,7109.0,6579.0,530.0,-1084.0,1224.0,0.0,0.0,0.0,0.0,1079.0,145.0,-5423.0,1826.0,-3729.0,0.0,3729.0,-1903.0,0.0,0.0,-1903.0,563.0,,-1340.0,0.0,0.0,0.0,-1340.0,0.0,-1340.0,-77.0,-3.0,-1420.0,-1420.0,37.0,457.6,-3.1,-3.1,-3.02229,457.6,-3.1,-3.1,-3.02229,
06/30/2020,6556.0,5460.0,6318.0,5836.0,482.0,-858.0,1096.0,0.0,0.0,0.0,0.0,930.0,166.0,-4246.0,2310.0,-3770.0,0.0,3770.0,-1460.0,0.0,0.0,-1460.0,543.0,,-917.0,1.0,1.0,0.0,-918.0,0.0,-918.0,-90.0,-1.0,-1009.0,-1009.0,273.0,456.7,-2.21,-2.21,-1.609372,456.7,-2.21,-2.21,-1.612233,
09/30/2020,6723.769,,,,,,,,,,,,,,,,,,,,,802.0,,,586.333,,,,,,586.333,,,586.333,586.333,,,1.657,1.657,1.494,,1.657,1.657,1.494,
12/31/2020,6934.083,,,,,,,,,,,,,,,,,,,,,631.636,,,452.417,,,,,,452.417,,,452.417,452.417,,,0.925,0.925,1.111,,0.925,0.925,1.111,
