Date,Revenue,Sales & Services Revenue,Other Revenue,Cost of Revenue,Cost of Goods & Services,Depreciation & Amortization,Gross Profit,Other Operating Income,Operating Expenses,"Selling, General & Admin",General & Administrative,Other Operating Expense,Operating Income (Loss),Non-Operating (Income) Loss,"Interest Expense, Net",Interest Expense,Interest Income,Foreign Exch (Gain) Loss,(Income) Loss from Affiliates,Other Non-Op (Income) Loss,Pretax Income,Income Tax Expense (Benefit),Income (Loss) from Cont Ops,Net Extraordinary Losses (Gains),Discontinued Operations,XO & Accounting Changes,Income (Loss) Incl. MI,Minority Interest,"Net Income, GAAP",Preferred Dividends,Other Adjustments,"Net Income Avail to Common, GAAP","Net Income Avail to Common, Adj",Net Abnormal Losses (Gains),Basic Weighted Avg Shares,"Basic EPS, GAAP",Basic EPS from Cont Ops,"Basic EPS from Cont Ops, Adjusted",Diluted Weighted Avg Shares,"Diluted EPS, GAAP",Diluted EPS from Cont Ops,"Diluted EPS from Cont Ops, Adjusted",Source: Bloomberg
03/31/1991,44.424999,,,-26.281,,,18.143999,,-8.609,,,,9.535,-0.326,,0.0,,2.308,,-1.982,9.209,-3.869,5.34,0.0,,,5.34,0.0,5.34,0.0,,5.34,5.34,,245.580002,0.0175,0.0175,,245.580002,0.0175,0.0175,0.0175,
06/30/1991,28.246,,,-21.184,,,7.062,,-8.515,,,,-1.453,-2.28,,2.264,,0.0,,0.016,-3.733,1.845,-1.888,0.0,,,-1.888,0.0,-1.888,0.0,,-1.888,-1.888,,245.580002,-0.0075,-0.0075,,245.580002,-0.0075,-0.0075,-0.0075,
09/30/1991,25.048,,,-17.747,,,7.301001,,-7.957,,,,-0.656,-2.34,,2.349,,0.0,,-0.009,-2.996,1.166,-1.83,0.0,,,-1.83,0.0,-1.83,0.0,,-1.83,-1.83,,245.580002,-0.0075,-0.0075,,245.580002,-0.0075,-0.0075,-0.0075,
01/01/1992,42.764999,,,-23.879,,,18.885999,,-12.557,,,,6.329,-2.696,,4.781,,-2.308,,0.223,3.633,-3.954,-0.321,0.0,,,-0.321,0.0,-0.321,0.0,,-0.321,-0.321,,245.58,-0.001667,-0.001667,-0.001667,245.58,-0.001667,-0.001667,-0.001667,
03/31/1992,38.361,,,-24.038,,,14.323,,-8.526,,,,5.797,-2.351,,2.418,,0.0,,-0.067,3.446,-1.031,2.415,0.0,,,2.415,0.0,2.415,0.0,,2.415,2.415,,245.580002,0.01,0.01,,245.580002,0.01,0.01,0.01,
06/30/1992,30.684999,,,-19.577999,,,11.107,,-8.698,,,,2.409,-2.362,,2.361,,0.0,,0.001,0.047,-2.862,-2.815,0.0,,,-2.815,0.0,-2.815,0.0,,-2.815,-2.815,,245.580002,-0.011667,-0.011667,,245.580002,-0.011667,-0.011667,-0.011667,
09/30/1992,32.740002,,,-21.900999,,,10.839003,,-9.124,,,,1.715,-2.323,,2.445,,0.0,,-0.122,-0.608,0.382,-0.226,0.0,,,-0.226,0.0,-0.226,0.0,,-0.226,-0.226,,245.580002,-0.000833,-0.000833,,245.580002,-0.000833,-0.000833,-0.000833,
12/31/1992,45.821999,,,-31.579,,,14.242999,,-6.78,,,,7.463,-2.122,,2.539,,0.0,,-0.417,5.341,-2.488,2.853,0.0,,,2.853,0.0,2.853,0.0,,2.853,2.853,,245.639988,0.011667,0.011667,0.011667,245.639988,0.011667,0.011667,0.011667,
03/31/1993,43.474998,,,-27.603001,,,15.871998,,-8.319,,,,7.553,-1.822,,2.559,,0.0,,-0.737,5.731,-1.836,3.895,0.0,,,3.895,0.0,3.895,0.0,,3.895,3.895,,245.580002,0.015833,0.015833,,245.580002,0.015833,0.015833,0.015833,
06/30/1993,38.379002,,,-25.500999,,,12.878002,,-8.716,,,,4.162,-2.499,,2.472,,0.0,,0.027,1.663,-0.536,1.127,0.0,,,1.127,0.0,1.127,-0.373,,0.754,0.754,,245.832001,0.003333,0.003333,,245.832001,0.003333,0.003333,0.003333,
09/30/1993,33.483002,,,-21.815001,,,11.668001,,-9.135,,,,2.533,-2.455,,2.467,,0.0,,-0.012,0.078,-2.895,-2.817,0.0,,,-2.817,0.0,-2.817,-0.554,,-3.371,-3.371,,246.263992,-0.013333,-0.013333,,246.263992,-0.013333,-0.013333,-0.013333,
12/31/1993,48.958,,,-33.862,,,15.096,,-10.636,,,,4.46,-2.253,,2.838,,0.0,,-0.585,2.207,-0.892,1.315,0.0,,,1.315,0.0,1.315,-0.505,,0.81,0.81,,246.66,0.003333,0.003333,0.003333,246.66,0.003333,0.003333,0.003333,
03/31/1994,65.839996,,,-45.741001,,,20.098995,,-8.532,,,,11.567,-2.864,,2.877,,0.0,,-0.013,8.703,-3.469,5.234,0.0,,,5.234,0.0,5.234,-0.552,,4.682,4.682,,247.007996,0.019167,0.019167,,247.007996,0.019167,0.019167,0.019167,
06/30/1994,56.452999,,,-44.712002,,,11.740997,,-10.23,,,,1.511,-3.796,,3.798,,0.0,,-0.002,-2.285,0.901,-1.384,0.0,,,-1.384,0.0,-1.384,-1.096,,-2.48,-2.48,,263.904007,-0.009167,-0.009167,,263.904007,-0.009167,-0.009167,-0.009167,
09/30/1994,55.757999,,,-45.332001,,,10.425999,,-10.881,,,,-0.455,-4.6,,4.632,,0.0,,-0.032,-5.055,2.024,-3.031,0.0,,,-3.031,0.0,-3.031,-1.41,,-4.441,-4.441,,272.711998,-0.016667,-0.016667,,272.711998,-0.016667,-0.016667,-0.016667,
12/31/1994,59.015999,,,-45.359001,,,13.656998,,-11.346,,,,2.311,-5.312,,5.344,,0.0,,-0.032,-3.001,1.187,-1.814,0.0,,,-1.814,0.0,-1.814,-1.391,,-3.205,-3.205,,272.868,-0.011667,-0.011667,-0.011667,272.868,-0.011667,-0.011667,-0.011667,
03/31/1995,32.587002,,,-20.979,,,11.608002,,-9.761,,,,1.847,-13.073,,5.86,,0.0,,7.213,-11.226,4.405,-6.821,0.0,,,-6.821,0.0,-6.821,-1.379,,-8.2,-8.2,,273.192009,-0.03,-0.03,,273.192009,-0.03,-0.03,-0.03,
06/30/1995,29.621,,,-19.759001,,,9.862,,-10.523,,,,-0.661,-5.751,,5.735,,0.0,,0.016,-6.412,2.515,-3.897,0.0,,,-3.897,0.0,-3.897,-1.391,,-5.288,-5.288,,273.299995,-0.019167,-0.019167,,273.299995,-0.019167,-0.019167,-0.019167,
09/30/1995,29.622999,,,-18.136999,,,11.486,,-9.409,,,,2.077,-119.308003,,5.523,,0.0,,113.785004,-117.231004,45.313,-71.917999,0.0,,,-71.918004,0.0,-71.917999,-1.391,,-73.308999,-73.308999,,273.335999,-0.268333,-0.268333,,273.335999,-0.268333,-0.268333,-0.268333,
12/31/1995,29.252001,,,-16.659,,,12.593001,,-11.385,,,,1.208,-7.982,,7.767,,0.0,,0.215,-6.774,2.792,-3.982,0.0,,,-3.982,0.0,-3.982,-1.392,,-5.374,-5.374,,273.360012,-0.02,-0.02,-0.02,273.360012,-0.02,-0.02,-0.02,
03/31/1996,41.198002,,,-16.575001,,,24.623001,,-10.199,,,,14.424,-3.344,,4.849,,0.0,,-1.505,11.08,-4.431,6.649,0.0,,,6.649,0.0,6.649,-1.391,,5.258,5.258,,273.515991,0.019167,0.019167,0.019167,273.515991,0.019167,0.019167,0.019167,
06/30/1996,37.346001,,,-16.864,,,20.482,,-11.835,,,,8.647,-4.812,,4.78,,0.0,,0.032,3.835,-1.591,2.244,0.0,,,2.244,0.0,2.244,-1.391,,0.853,0.853,,273.576004,0.003333,0.003333,0.003333,273.576004,0.003333,0.003333,0.003333,
09/30/1996,35.497002,,,-17.408001,,,18.089001,,-10.495,,,,7.594,-3.258,,3.241,,0.0,,0.017,4.336,0.029,4.365,0.0,,,4.365,0.0,4.365,-1.391,,2.974,2.974,,274.55999,0.010833,0.010833,0.001667,274.55999,0.010833,0.010833,0.001667,
12/31/1996,49.02,,,-20.202999,,,28.817001,,-12.38,,,,16.437,-4.31,,4.539,,0.0,,-0.229,12.127,-4.561,7.566,0.0,,,7.566,0.0,7.566,-1.393,,6.173,6.173,,273.912,0.0225,0.0225,0.0225,273.912,0.0225,0.0225,0.0225,
03/31/1997,52.792,,,-17.573,,,35.219,,-11.865,,,,23.354,-5.201,,4.561,,0.0,,0.64,18.153,-7.069,11.084,0.0,,,11.084,0.0,11.084,-2.306,,8.778,8.778,,274.259995,0.035,0.035,0.035,282.05999,0.034167,0.034167,0.034167,
06/30/1997,39.407001,,,-17.472,,,21.935001,,-12.189,,,,9.746,-4.091,,4.358,,0.0,,-0.267,5.655,-2.309,3.346,0.0,,,3.346,0.0,3.346,-1.391,,1.955,1.955,,274.44001,0.0075,0.0075,0.0075,275.124001,0.006667,0.006667,0.006667,
09/30/1997,40.772999,,,-17.801001,,,22.971998,,-12.141,,,,10.831,-4.615,,4.614,,0.0,,0.001,6.216,-2.536,3.68,0.0,,,3.68,0.0,3.68,-1.391,,2.289,2.289,,274.908005,0.008333,0.008333,0.008333,275.124001,0.008333,0.008333,0.008333,
12/31/1997,52.154999,,,-15.769,,,36.385999,,-15.803,,,,20.583,-4.716,4.428,4.428,,0.0,,0.288,15.867,-5.643,10.224,0.0,,,10.224,0.0,10.224,-0.93,,9.294,9.294,,293.304,0.031667,0.031667,0.031667,293.304,0.031667,0.031667,0.031667,
03/31/1998,40.791,,,-16.732,,,24.059,,-12.701,,,,11.358,-4.899,,4.255,,0.0,,0.644,6.459,-2.616,3.843,0.0,,,3.843,0.0,3.843,-0.85,,2.993,2.993,,296.196007,0.01,0.01,0.01,303.660004,0.01,0.01,0.01,
06/30/1998,41.667,,,-17.848,,,23.819,,-13.948,,,,9.871,-4.574,,4.579,,0.0,,-0.005,5.297,-2.163,3.134,0.0,,,3.134,0.0,3.134,-0.851,,2.283,2.283,,297.935989,0.0075,0.0075,0.0075,304.52401,0.0075,0.0075,0.0075,
12/31/1998,39.762001,,,-18.240999,,,21.521002,,-17.444,,,,4.077,-4.306,,5.341,,0.0,,-1.035,-0.229,0.229,0.0,0.0,,,0.0,0.0,0.0,-0.85,,-0.85,-0.85,,295.704002,-0.0025,-0.0025,-0.000833,295.704002,-0.0025,-0.0025,-0.000833,
03/31/1999,35.28,,,-20.826,,,14.454,,-11.611,,,,2.843,-6.717,6.718,6.718,,0.0,,-0.001,-3.874,1.432,-2.442,0.0,,,-2.442,0.0,-2.442,-0.851,,-3.293,-3.293,,295.992,-0.010833,-0.010833,-0.010833,298.056,-0.010833,-0.010833,-0.010833,
06/30/1999,41.061,,,-22.578,,,18.483,,-10.606,,,,7.877,-6.172,6.45,6.45,,0.0,,-0.278,1.705,-0.745,0.96,0.0,,,0.96,0.0,0.96,-0.85,,0.11,0.11,,296.424,0.0,0.0,-0.001667,299.676,0.0,0.0,-0.001667,
09/30/1999,45.69,,,-22.299,,,23.391,,-13.374,,,,10.017,-2.462,6.506,6.506,,0.0,,-4.044,7.555,-3.025,4.53,0.0,,,4.53,0.0,4.53,-0.851,,3.679,3.679,,297.084,0.0125,0.0125,0.004167,301.308,0.0125,0.0125,0.004167,
12/31/1999,59.842,,,-21.011,,,38.831,,-18.23,,,,20.601,-12.307,6.144,6.144,,0.0,,6.163,8.294,-2.823,5.471,0.0,,,5.471,0.0,5.471,-0.85,,4.621,4.621,,297.24,0.015833,0.015833,0.01,299.94,0.015833,0.015833,0.01,
03/31/2000,85.12,,,-56.645,,,28.475,,-13.681,,,,14.794,-5.992,5.971,5.971,,0.0,,0.021,8.802,-3.457,5.345,0.0,,,5.345,0.0,5.345,-0.851,,4.494,4.494,,297.576,0.015,0.015,0.009167,300.144,0.015,0.015,0.009167,
06/30/2000,82.447,,,-57.448,,,24.999,,-15.41,,,,9.589,-14.534,5.365,5.365,,0.0,,9.169,-4.945,1.863,-3.082,0.0,,,-3.082,0.0,-3.082,-4.6,0.0,-7.682,-7.682,,320.328,0.004167,0.004167,0.008333,324.264,0.004167,0.004167,0.008333,
09/30/2000,85.463,,,-53.476,,,31.987,,-16.988,,,,14.999,-4.909,5.709,5.709,,0.0,,-0.8,10.09,-3.953,6.137,0.0,,,6.137,0.0,6.137,0.0,,6.137,6.137,,347.712,0.0175,0.0175,0.0175,350.664,0.0175,0.0175,0.0175,
12/31/2000,114.847,,,-57.299,,,57.548,,-21.609,,,,35.939,-7.947,5.833,5.833,,0.0,,2.114,27.992,-10.92,17.072,0.0,,,17.072,0.0,17.072,0.0,,17.072,17.072,1.687,348.384,0.049167,0.049167,0.053333,348.384,0.048333,0.048333,0.0525,
03/31/2001,147.703,,,-58.266,,,89.437,,-28.103,,,,61.334,2.486,4.706,4.706,,0.0,,-7.192,63.82,-24.758,39.062,0.0,,,39.062,0.0,39.062,0.0,0.0,39.062,39.062,,351.816,0.110833,0.110833,0.100833,356.568,0.11,0.11,0.1,
06/30/2001,111.648,,,-52.171,,,59.477,,-28.428,,,,31.049,-8.777,4.704,4.704,,0.0,,4.073,22.272,-8.679,13.593,0.0,,,13.593,0.0,13.593,0.0,0.0,13.593,13.593,,354.108,0.038333,0.038333,0.046667,359.436,0.0375,0.0375,0.045833,
09/30/2001,102.386,,,-55.165,,,47.221,,-25.508,,,,21.713,-5.238,5.126,5.126,,0.0,,0.112,16.475,-6.43,10.045,0.0,,,10.045,-0.014,10.031,0.0,0.0,10.031,10.031,,367.728,0.0275,0.0275,0.029167,372.228,0.026667,0.026667,0.028333,
12/31/2001,78.046,,,-51.822,,,26.224,,-43.117,,,,-16.893,-11.125,6.281,6.281,,0.0,,4.844,-28.018,12.402,-15.616,0.0,,,-15.616,0.014,-15.602,0.0,0.0,-15.602,-15.602,4.934,363.312,-0.040833,-0.040833,-0.028333,368.208,-0.040833,-0.040833,-0.028333,
03/31/2002,73.922,,,-51.112,,,22.81,,-18.947,,,,3.863,-5.093,6.226,6.226,,0.0,,-1.133,-1.23,0.432,-0.798,0.0,,,-0.798,0.0,-0.798,0.0,0.0,-0.798,-0.798,,379.248,-0.0025,-0.0025,0.000833,384.9,-0.0025,-0.0025,0.000833,
06/30/2002,88.335,,,-52.292,,,36.043,,-27.871,,,,8.172,-4.653,6.331,6.331,,0.0,,-1.678,3.519,-1.398,2.121,0.0,,,2.121,0.0,2.121,0.0,0.0,2.121,2.121,,380.844,0.005833,0.005833,0.0125,386.352,0.005833,0.005833,0.0125,
09/30/2002,83.621,,,-49.18,,,34.441,,-21.042,,,,13.399,-4.602,6.314,6.314,,0.0,,-1.712,8.797,-2.672,6.125,0.0,,,6.125,0.0,6.125,0.0,0.0,6.125,6.125,,381.516,0.015833,0.015833,0.010833,385.632,0.015833,0.015833,0.010833,
12/31/2002,101.5,,,-59.05,,,42.45,,-25.418,,,,17.032,-4.341,6.44,6.44,,0.0,,-2.099,12.691,-4.036,8.655,0.0,,,8.655,0.0,8.655,0.0,0.0,8.655,8.655,,381.732,0.0225,0.0225,0.03,385.8,0.0225,0.0225,0.03,
03/31/2003,132.653,,,-65.031,,,67.622,,-30.21,,,,37.412,-89.728,5.625,5.625,,0.0,,84.103,-52.316,19.94,-32.376,6.847,,,-39.223,0.0,-39.223,0.0,0.0,-39.223,-39.223,54.1,382.044,-0.1025,-0.085,0.0575,382.044,-0.1025,-0.085,0.0575,
06/30/2003,124.496,,,-61.465,,,63.031,,-30.486,,,,32.545,-3.647,5.952,5.952,,0.0,,-2.305,28.898,-10.994,17.904,0.0,,,17.904,0.0,17.904,0.0,0.0,17.904,17.904,2.337,383.76,0.046667,0.046667,0.046667,389.724,0.045833,0.045833,0.045833,
09/30/2003,125.471,,,-60.821,,,64.65,,-19.801,,,,44.849,-8.191,,6.972,,0.0,,1.219,36.658,-13.99,23.22,0.0,,,22.668,0.0,22.668,0.0,0.0,22.668,22.668,,386.148,0.058333,0.058333,0.0725,389.22,0.058333,0.058333,0.0725,
12/31/2003,117.544,,,-60.459,,,57.085,,-30.571,,,,26.514,2.397,,5.887,,,,-8.284,28.911,-9.68,19.231,,,,19.231,0.0,19.231,0.0,0.0,19.231,19.231,,386.364,0.05,0.05,0.0425,386.364,0.05,0.05,0.0425,
03/31/2004,134.705,,,-67.611,,,67.094,,-32.962,,,,34.132,-3.419,,5.377,,,,-1.958,30.713,-11.702,19.011,,,,19.011,0.0,19.011,0.0,0.0,19.011,19.011,,388.776,0.049167,0.049167,0.053333,394.392,0.048333,0.048333,0.0525,
06/30/2004,119.208,,,-54.06,,,65.148,,-29.071,,,,36.077,-5.083,5.445,5.445,,0.0,,-0.362,30.994,-11.676,19.318,0.0,,,19.318,0.0,19.318,0.0,0.0,19.318,19.318,2.728,390.312,0.049167,0.049167,0.053333,395.148,0.049167,0.049167,0.053333,
09/30/2004,119.423,,,-62.773,,,56.65,,-15.98,,,,40.67,-11.969,5.577,5.577,,0.0,,6.392,28.701,-10.879,17.822,0.0,,,17.822,0.0,17.822,0.0,0.0,17.822,17.822,6.512,390.576,0.045833,0.045833,0.056667,395.352,0.045,0.045,0.055833,
12/31/2004,150.763,,,-88.719,,,62.044,,-4.852,,,,57.192,-8.976,,5.63,,0.0,,3.346,48.216,-15.989,32.227,0.0,,,32.227,0.0,32.227,0.0,0.0,32.227,32.227,,389.856,0.0825,0.0825,0.090833,394.716,0.081667,0.081667,0.09,
03/31/2005,144.074,,,-74.29,,,69.784,,-28.329,,,,41.455,-8.399,,4.988,,0.0,,3.411,33.056,-12.294,20.762,0.0,,,20.762,0.0,20.762,0.0,0.0,20.762,20.762,,389.796,0.053264,0.053264,0.058952,394.452,0.052635,0.052635,0.058256,
06/30/2005,151.884,,,-66.516,,,85.368,,-23.705,,,,61.663,-5.075,5.134,,,0.0,,-0.059,56.588,-21.166,35.422,0.0,,,35.422,0.0,35.422,0.0,0.0,35.422,35.422,,391.336,0.09,0.09,0.09,396.624,0.08875,0.08875,0.08875,
09/30/2005,161.757,,,-72.313,,,89.444,,-30.421,,,,59.023,-5.339,,5.339,,0.0,,,53.684,-19.928,33.756,0.0,,,33.756,0.0,33.756,0.0,0.0,33.756,33.756,,391.608,0.08625,0.08625,0.08375,397.32,0.085,0.085,0.0825,
12/31/2005,227.213,,,-70.179,,,157.034,,-41.995,,,,115.039,-22.133,7.036,0.0,,0.0,,15.097,92.906,-34.401,58.505,0.0,,,58.505,0.0,58.505,0.0,0.0,58.505,58.505,,390.64,0.15,0.15,0.13625,390.64,0.1475,0.1475,0.13375,
03/31/2006,214.768,,,-94.305,,,120.463,0.0,-28.836,,,,91.627,-6.15,6.15,,,0.0,,0.0,85.477,-31.909,53.568,0.403,,,53.165,0.0,53.165,0.0,0.0,53.165,53.165,,389.44,0.13625,0.1375,0.1375,394.984,0.135,0.13625,0.13625,
06/30/2006,188.666,,,-80.722,,,107.944,,-32.195,,,,75.749,-3.891,,6.023,,0.0,,-2.132,71.858,-24.994,46.864,0.0,,,46.864,0.0,46.864,0.0,0.0,46.864,46.864,,389.928,0.12,0.12,0.12,396.8,0.1175,0.1175,0.1175,
09/30/2006,184.744,,,-81.629,,,103.115,,201.631,,,,304.746,-6.978,,6.978,,0.0,,,297.768,-108.748,189.02,0.0,,,189.02,0.0,189.02,0.0,0.0,189.02,189.02,,385.84,0.49,0.49,0.1175,393.296,0.48,0.48,0.115,
12/31/2006,171.682,,,-85.663,,,86.019,,-29.111,,,,56.908,-1.103,-0.71,0.0,0.0,0.0,,1.103,55.805,-23.679,32.126,0.0,,,32.126,0.0,32.126,0.0,0.0,32.126,32.126,,383.728,0.08375,0.08375,0.08625,383.728,0.08375,0.08375,0.08625,
03/31/2007,191.573,,,-92.39,,,99.183,0.0,-19.998,,,,79.185,-3.924,,3.924,,0.0,,,75.261,-26.714,48.547,0.0,,,48.547,0.0,48.547,0.0,0.0,48.547,48.547,,386.78,0.125,0.125,0.1125,392.188,0.125,0.125,0.1125,
06/30/2007,175.832,,,-83.896,,,91.936,,-21.691,,,,70.245,-3.619,,3.619,,0.0,,,66.626,-25.25,41.376,0.0,,,41.376,0.0,41.376,0.0,0.0,41.376,41.376,,387.716,0.1075,0.1075,0.1,393.624,0.105,0.105,0.0975,
09/30/2007,170.848,,,-86.342,,,84.506,,-28.985,,,,55.521,-3.921,3.921,3.921,,0.0,,0.0,51.6,-16.147,35.453,0.0,,,35.453,0.0,35.453,0.0,0.0,35.453,35.453,,388.272,0.0925,0.0925,0.1,393.756,0.09,0.09,0.0975,
12/31/2007,193.917,,,-85.328,,,108.589,0.0,-38.847,,,,69.742,-5.697,,5.697,,,,,64.045,-21.998,42.047,,,,42.047,,42.047,0.0,0.0,42.047,42.047,,388.848,0.1075,0.1075,0.106924,388.848,0.1075,0.1075,0.106291,
03/31/2008,219.651,,,-106.194,,,113.457,,-37.385,,,,76.072,-5.991,,5.991,,0.0,,,70.081,-24.106,45.975,0.0,,,45.975,0.0,45.975,0.0,0.0,45.975,45.975,,390.864,0.1175,0.1175,0.1175,395.7,0.115,0.115,0.115,
06/30/2008,248.854,,,-108.483,,,140.371,,-46.285,,,,94.086,-6.207,,6.207,,0.0,,,87.879,-33.254,54.625,0.0,,,54.625,0.0,54.625,0.0,0.0,54.625,54.625,,393.868,0.1375,0.1375,0.14,397.924,0.1375,0.1375,0.14,
09/30/2008,244.82,,,-115.387,,,129.433,,-14.716,,,,114.717,-10.486,,10.486,,0.0,,,104.231,-37.241,66.99,0.0,,,66.99,0.0,66.99,0.0,0.0,66.99,66.99,,413.404,0.1625,0.1625,0.16,417.98,0.16,0.16,0.1575,
12/31/2008,232.466,,,-126.706,,,105.76,0.0,-18.623,,,,87.137,-13.705,,13.705,,0.0,,,73.432,-29.732,43.7,0.0,,,43.7,0.0,43.7,0.0,0.0,43.7,43.7,,413.416,0.105,0.105,0.105,413.416,0.105,0.105,0.105,
03/31/2009,233.939,232.145,1.794,-123.911,68.126,55.785,110.028,0.0,-20.131,17.065,17.065,3.066,89.897,-14.226,,14.226,,,,0.0,75.671,-28.091,47.58,0.0,0.0,0.0,47.58,0.0,47.58,0.0,0.0,47.58,45.07255,-2.50745,414.084,0.115,0.115,0.108849,416.444,0.115,0.115,0.108849,
06/30/2009,204.824,204.127,0.697,-99.779,44.671,55.108,105.045,0.0,-50.806,17.117,17.117,33.689,54.239,-15.046,15.046,,,,,0.0,39.193,-13.691,25.502,0.0,0.0,0.0,25.502,0.0,25.502,0.0,0.0,25.502,39.5515,14.0495,414.56,0.0625,0.0625,0.095406,419.26,0.06,0.06,0.09351,
09/30/2009,207.021,206.413,0.608,-103.554,41.517,62.037,103.467,0.0,-28.744,14.921,14.921,13.823,74.723,-14.857,,14.857,,,,0.0,59.866,-20.969,38.897,0.0,0.0,0.0,38.897,0.0,38.897,0.0,0.0,38.897,39.312,0.415,414.588,0.095,0.095,0.094822,419.668,0.0925,0.0925,0.093489,
12/31/2009,233.492,232.268,1.224,-113.643,51.35,62.293,119.849,0.0,-56.439,10.725,10.725,45.714,63.41,-14.85,14.85,,,,,0.0,48.56,-12.196,36.364,0.0,0.0,0.0,36.364,0.0,36.364,0.0,0.0,36.364,48.447,12.083,414.616,0.085,0.085,0.116848,414.616,0.085,0.085,0.114143,
03/31/2010,216.345,214.725,1.62,-132.343,58.845,73.498,84.002,0.0,-23.413,15.746,15.746,7.667,60.589,-14.912,,14.912,,,,0.0,45.677,-16.981,28.696,0.0,0.0,0.0,28.696,0.0,28.696,0.0,0.0,28.696,38.48395,9.78795,415.176,0.07,0.07,0.092693,419.912,0.0675,0.0675,0.09081,
06/30/2010,200.241,199.087,1.154,-129.474,52.748,76.726,70.767,0.0,-18.699,12.853,12.853,5.846,52.068,-15.769,,15.769,,,,0.0,36.299,-14.617,21.682,0.0,0.0,0.0,21.682,0.0,21.682,0.0,0.0,21.682,18.378,-3.304,415.66,0.0525,0.0525,0.044214,419.856,0.0525,0.0525,0.044214,
09/30/2010,224.062,222.935,1.127,-135.523,50.168,85.355,88.539,0.0,-66.266,21.077,21.077,45.189,22.273,-16.758,,16.758,,,,0.0,5.515,-1.617,3.898,0.0,0.0,0.0,3.898,0.0,3.898,0.0,0.0,3.898,26.043,22.145,415.82,0.01,0.01,0.062631,420.9,0.01,0.01,0.062614,
12/31/2010,222.456,221.271,1.185,-142.814,51.31,91.504,79.642,0.0,51.866,24.018,24.018,-75.884,131.508,-20.502,,20.502,,,,0.0,111.006,-61.897,49.109,0.0,0.0,0.0,49.109,0.0,49.109,0.0,0.0,49.109,-6.617,-55.726,415.916,0.12,0.12,-0.01591,415.916,0.12,0.12,-0.01591,
03/31/2011,209.026,207.098,1.928,-140.512,63.388,77.124,68.514,0.0,-32.124,24.299,24.299,7.825,36.39,-17.367,,17.367,,,,0.0,19.023,-6.137,12.886,0.0,0.0,0.0,12.886,0.0,12.886,0.0,0.0,12.886,13.816,0.93,416.576,0.03,0.03,0.033166,421.28,0.03,0.03,0.032208,
06/30/2011,240.696,239.471,1.225,-137.551,54.326,83.225,103.145,0.0,3.473,26.006,26.006,-29.479,106.618,-18.044,,18.044,,,,0.0,88.574,-33.897,54.677,0.0,0.0,0.0,54.677,0.0,54.677,0.0,0.0,54.677,34.113,-20.564,417.056,0.13,0.13,0.081795,421.348,0.13,0.13,0.081195,
09/30/2011,262.117,261.146,0.971,-152.599,62.306,90.293,109.518,0.0,-44.285,27.949,27.949,16.336,65.233,-18.517,,18.517,,,,0.0,46.716,-18.234,28.482,0.0,0.0,0.0,28.482,0.0,28.482,0.0,0.0,28.482,26.133,-2.349,417.14,0.07,0.07,0.062648,421.84,0.07,0.07,0.062648,
12/31/2011,268.025,265.964,2.061,-164.62,72.121,92.499,103.405,0.0,-4.796,16.232,16.232,-11.436,98.609,-17.735,,17.735,,,,0.0,80.874,-54.511,26.363,0.0,0.0,0.0,26.363,0.0,26.363,0.0,0.0,26.363,10.148,-16.215,417.202,0.065,0.065,0.024324,417.202,0.065,0.065,0.024324,
03/31/2012,272.136,270.207,1.929,-198.39,88.033,110.357,73.746,0.0,-27.085,22.549,22.549,4.536,46.661,-16.917,,16.917,,,,0.0,29.744,-11.426,18.318,0.0,0.0,0.0,18.318,0.0,18.318,0.0,0.0,18.318,18.645,0.327,418.256,0.045,0.045,0.044578,421.626,0.045,0.045,0.044578,
06/30/2012,265.657,263.666,1.991,-192.165,77.549,114.616,73.492,0.0,4.587,46.872,46.872,-51.459,78.079,-18.495,,18.495,,,,0.0,59.584,-23.647,35.937,0.0,0.0,0.0,35.937,0.0,35.937,0.0,0.0,35.937,-5.287,-41.224,419.024,0.085,0.085,-0.012618,422.316,0.085,0.085,-0.012618,
09/30/2012,296.874,295.004,1.87,-187.841,77.393,110.448,109.033,0.0,-33.258,23.829,23.829,9.429,75.775,-16.219,,16.219,,,,0.0,59.556,-22.948,36.608,0.0,0.0,0.0,36.608,0.0,36.608,0.0,0.0,36.608,36.776,0.168,419.312,0.085,0.085,0.087706,422.452,0.085,0.085,0.085398,
12/31/2012,369.879,366.701,3.178,-211.937,95.953,115.984,157.942,0.0,-52.324,17.919,17.919,34.405,105.618,-16.662,,16.662,,,,0.0,88.956,-48.089,40.867,0.0,0.0,0.0,40.867,0.0,40.867,0.0,0.0,40.867,50.984,10.117,419.7,0.095,0.095,0.121477,419.7,0.095,0.095,0.119106,
03/31/2013,373.285,370.341,2.944,-246.447,97.794,148.653,126.838,0.0,-39.824,35.704,35.704,4.12,87.014,-16.255,,16.255,,,,0.0,70.759,-27.935,42.824,0.0,0.0,0.0,42.824,0.0,42.824,0.0,0.0,42.824,42.882,0.058,420.3,0.1,0.1,0.102027,422.752,0.1,0.1,0.100137,
06/30/2013,449.68,446.861,2.819,-259.083,107.694,151.389,190.597,0.0,-25.861,21.608,21.608,4.253,164.736,-16.701,,16.701,,,,0.0,148.035,-58.921,89.114,0.0,0.0,0.0,89.114,0.0,89.114,0.0,0.0,89.114,88.948,-0.166,420.698,0.21,0.21,0.211429,423.49,0.21,0.21,0.209608,
09/30/2013,435.85,433.275,2.575,-280.151,111.171,168.98,155.699,0.0,-24.167,24.697,24.697,-0.53,131.532,-15.796,,15.796,,,,0.0,115.736,-45.847,69.889,0.0,0.0,0.0,69.889,0.0,69.889,0.0,0.0,69.889,67.219,-2.67,420.986,0.17,0.17,0.15967,423.453,0.17,0.17,0.15967,
12/31/2013,487.463,482.653,4.81,-308.697,126.667,182.03,178.766,0.0,-11.568,11.735,11.735,-0.167,167.198,-16.19,,16.19,,,,0.0,151.008,-73.062,77.946,0.0,0.0,0.0,77.946,0.0,77.946,0.0,0.0,77.946,67.876,-10.07,418.774,0.19,0.19,0.162083,418.774,0.19,0.19,0.162083,
03/31/2014,509.803,505.106,4.697,-285.921,138.503,147.418,223.882,0.0,-29.395,21.636,21.636,7.759,194.487,-16.557,,16.557,,,,0.0,177.93,-70.899,107.031,0.0,0.0,0.0,107.031,0.0,107.031,0.0,0.0,107.031,107.806,0.775,416.9,0.26,0.26,0.25859,418.513,0.26,0.26,0.25859,
06/30/2014,533.187,532.242,0.945,-296.991,139.428,157.563,236.196,0.756,-26.299,20.127,20.127,6.172,210.653,-16.334,,16.334,,,,0.0,194.319,-75.899,118.42,0.0,0.0,0.0,118.42,0.0,118.42,0.0,0.0,118.42,120.83485,2.41485,417.291,0.28,0.28,0.28957,419.092,0.28,0.28,0.285762,
09/30/2014,512.017,437.034,74.983,-294.394,140.381,154.013,217.623,1.063,-28.345,19.579,19.579,8.766,190.341,-17.422,,17.422,,,,0.0,172.919,-72.131,100.788,0.0,0.0,0.0,100.788,0.0,100.788,0.0,0.0,100.788,54.0211,-46.7669,416.173,0.24,0.24,0.129804,418.093,0.24,0.24,0.128142,
12/31/2014,618.004,464.549,153.455,-327.344,153.579,173.765,290.66,0.0,-779.955,14.919,14.919,765.036,-489.295,-23.471,,23.471,,,,0.0,-512.766,290.995,-221.771,0.0,0.0,0.0,-221.771,0.0,-221.771,0.0,0.0,-221.771,155.0407,376.8117,413.035,-0.54,-0.54,0.375369,413.035,-0.54,-0.54,0.3723,
03/31/2015,464.765,427.576,37.189,-347.768,172.271,175.497,116.997,1.421,-31.123,16.619,16.619,14.504,87.295,-23.566,,23.566,,,,0.0,63.729,-23.474,40.255,0.0,0.0,0.0,40.255,0.0,40.255,0.0,0.0,40.255,40.981,0.726,413.344,0.1,0.1,0.099145,414.771,0.1,0.1,0.099145,
06/30/2015,306.297,309.852,-3.555,-301.416,148.903,152.513,4.881,1.512,-25.355,19.978,19.978,5.377,-18.962,-24.168,,24.168,,,1.512,-1.512,-43.13,15.622,-27.508,0.0,0.0,0.0,-27.508,0.0,-27.508,0.0,0.0,-27.508,-22.98165,4.52635,413.713,-0.07,-0.07,-0.05555,413.713,-0.07,-0.07,-0.059059,
09/30/2015,305.296,285.987,19.309,-295.692,151.366,144.326,9.604,0.0,-10.628,11.102,11.102,-0.474,-1.024,-24.51,,24.51,,,,0.0,-25.534,10.02,-15.514,0.0,0.0,0.0,-15.514,0.0,-15.514,0.0,0.0,-15.514,-0.33,15.184,413.846,-0.04,-0.04,-0.000797,413.846,-0.04,-0.04,-0.00331,
12/31/2015,280.792,266.224,14.568,-301.139,151.263,149.876,-20.347,0.0,-137.324,13.777,13.777,123.547,-157.671,-24.666,,24.666,,,,0.0,-182.337,71.213,-111.124,0.0,0.0,0.0,-111.124,0.0,-111.124,0.0,0.0,-111.124,-7.74807,103.37593,413.875,-0.27,-0.27,-0.018721,413.875,-0.27,-0.27,-0.020224,
03/31/2016,281.941,261.434,20.507,-306.134,144.247,161.887,-24.193,2.009,-33.405,17.77,17.77,15.635,-55.589,-24.375,,24.375,,,-2.009,2.009,-79.964,28.77,-51.194,0.0,0.0,0.0,-51.194,0.0,-51.194,0.0,0.0,-51.194,-64.486751,-13.292751,431.841,-0.12,-0.12,-0.14933,431.841,-0.12,-0.12,-0.150782,
06/30/2016,246.816,271.984,-25.168,-292.564,145.031,147.533,-45.748,0.0,-24.634,19.945,19.945,4.689,-70.382,-26.974,,21.963,,,0.073,4.938,-97.356,34.446,-62.91,0.0,0.0,0.0,-62.91,0.0,-62.91,0.0,0.0,-62.91,-34.831164,28.078836,465.068,-0.14,-0.14,-0.074895,465.068,-0.14,-0.14,-0.079624,
09/30/2016,310.429,301.618,8.811,-281.497,142.007,139.49,28.932,0.0,-25.736,19.776,19.776,5.96,3.196,-21.483,,21.483,,,,0.0,-18.287,8.027,-10.26,0.0,0.0,0.0,-10.26,0.0,-10.26,0.0,0.0,-10.26,-20.001646,-9.741646,465.149,-0.02,-0.02,-0.043001,465.149,-0.02,-0.02,-0.043001,
12/31/2016,316.491,352.228,-35.737,-287.179,145.961,141.218,29.312,0.0,-472.387,15.489,15.489,456.898,-443.075,-20.917,,20.515,,,,0.402,-463.992,171.232,-292.76,0.0,0.0,0.0,-292.76,0.0,-292.76,0.0,0.0,-292.76,3.249984,296.009984,465.15,-0.63,-0.63,0.006987,465.15,-0.63,-0.63,0.006375,
03/31/2017,517.843,481.127,36.716,-296.319,161.219,135.1,221.524,0.0,-31.404,15.447,15.447,15.957,190.12,-21.195,,20.771,,,1.283,-0.859,168.925,-63.205,105.72,0.0,0.0,0.0,105.72,0.0,105.72,0.0,0.0,105.72,85.671593,-20.048407,465.348,0.23,0.23,0.184102,466.888,0.23,0.23,0.184102,
06/30/2017,460.457,443.99,16.467,-303.857,159.535,144.322,156.6,0.0,-99.16,13.882,13.882,85.278,57.44,-20.304,20.619,20.619,0.0,,1.286,-1.601,37.136,-15.609,21.527,0.0,0.0,0.0,21.527,0.0,21.527,0.0,0.0,21.527,57.690703,36.163703,464.768,0.05,0.05,0.124128,466.745,0.05,0.05,0.124128,
09/30/2017,385.416,383.76,1.656,-302.431,156.164,146.267,82.985,0.0,-42.999,23.244,23.244,19.755,39.986,-15.248,20.331,20.331,0.0,,1.417,-6.5,24.738,-7.151,17.587,0.0,0.0,0.0,17.587,0.0,17.587,0.0,0.0,17.587,27.016399,9.429399,462.498,0.04,0.04,0.058414,464.78,0.04,0.04,0.058414,
12/31/2017,400.503,426.756,-26.253,-298.698,155.57,143.128,101.805,0.0,-540.611,19.022,19.022,521.589,-438.806,-20.428,,20.41,,,,0.018,-459.234,414.793,-44.441,0.0,0.0,0.0,-44.441,0.0,-44.441,0.0,0.0,-44.441,54.496447,98.937447,462.371,-0.1,-0.1,0.117863,462.371,-0.1,-0.1,0.113978,
03/31/2018,473.227,465.78,7.447,-226.463,144.335,82.128,246.764,0.0,-69.72,18.613,18.613,51.107,177.044,-20.172,,20.058,,,0.994,-0.88,156.872,-39.641,117.231,0.0,0.0,0.0,117.231,0.0,117.231,0.0,0.0,117.231,126.427185,9.196185,459.715,0.26,0.26,0.275012,461.549,0.25,0.25,0.269925,
06/30/2018,453.447,457.236,-3.789,-300.23,215.32,84.91,153.217,0.0,-75.188,15.533,15.533,59.655,78.029,-23.446,23.328,23.328,0.0,,,0.118,54.583,-12.152,42.431,0.0,0.0,0.0,42.431,0.0,42.431,0.0,0.0,42.431,49.290261,6.859261,451.055,0.09,0.09,0.109278,453.114,0.09,0.09,0.105138,
09/30/2018,545.173,546.684,-1.511,-363.993,242.821,121.172,181.18,0.0,-5.129,20.724,20.724,-15.595,176.051,-14.306,14.191,14.191,0.0,,0.011,0.104,161.745,-39.408,122.337,0.0,0.0,0.0,122.337,0.0,122.337,0.0,0.0,122.337,105.393896,-16.943104,440.772,0.28,0.28,0.239112,443.11,0.28,0.28,0.239112,
12/31/2018,716.301,669.702,46.599,-300.01,170.741,129.269,416.291,0.0,-75.614,15.113,15.113,60.501,340.677,-15.74,15.624,15.624,0.0,,-2.146,2.262,324.937,-49.893,275.044,0.0,0.0,0.0,275.044,0.0,275.044,0.0,0.0,275.044,224.223263,-50.820737,430.978,0.64,0.64,0.520266,430.978,0.64,0.64,0.520266,
03/31/2019,641.681,633.174,8.507,-253.772,161.514,92.258,387.909,0.0,-34.95,15.958,15.958,18.992,352.959,-12.325,12.181,12.181,0.0,,-3.684,3.828,340.634,-77.871,262.763,0.0,0.0,0.0,262.763,0.0,262.763,0.0,0.0,262.763,298.431366,35.668366,423.116,0.62,0.62,0.705318,425.189,0.62,0.62,0.703888,
06/30/2019,534.117,470.482,63.635,-259.569,163.422,96.147,274.548,0.0,-23.743,16.168,16.168,7.575,250.805,-14.71,14.567,14.567,0.0,,,0.143,236.095,-55.086,181.009,0.0,0.0,0.0,181.009,0.0,181.009,0.0,0.0,181.009,145.41364,-35.59536,422.141,0.43,0.43,0.344467,424.349,0.43,0.43,0.344467,
09/30/2019,429.111,418.133,10.978,-280.358,169.469,110.889,148.753,0.0,-18.976,18.391,18.391,0.585,129.777,-13.697,13.554,13.554,0.0,,-3.86,4.003,116.08,-25.722,90.358,0.0,0.0,0.0,90.358,0.0,90.358,0.0,0.0,90.358,118.026875,27.668875,412.456,0.22,0.22,0.286156,414.462,0.22,0.22,0.286156,
12/31/2019,461.368,463.451,-2.083,-280.722,174.283,106.439,180.646,0.0,41.563,15.692,15.692,-57.255,222.209,-14.794,14.65,14.65,0.0,,-69.302,69.446,207.415,-60.475,146.94,0.0,0.0,0.0,146.94,0.0,146.94,0.0,0.0,146.94,115.494865,-31.445135,404.581,0.36,0.36,0.285468,404.581,0.36,0.36,0.282277,
03/31/2020,386.457,370.34,16.117,-264.449,164.314,100.135,122.008,0.0,-35.607,17.126,17.126,18.481,86.401,-14.277,14.211,14.211,0.0,,0.059,0.007,72.124,-18.214,53.91,0.0,0.0,0.0,53.91,0.0,53.91,0.0,0.0,53.91,41.478104,-12.431896,398.343,0.14,0.14,0.104127,399.897,0.13,0.13,0.098912,
06/30/2020,332.348,288.286,44.062,-250.646,156.024,94.622,81.702,0.0,-27.986,23.166,23.166,4.82,53.716,-14.591,14.543,14.543,0.0,,,0.048,39.125,-8.751,30.374,0.0,0.0,0.0,30.374,0.0,30.374,0.0,0.0,30.374,11.608785,-18.765215,398.576,0.08,0.08,0.029126,401.279,0.08,0.08,0.029126,
09/30/2020,361.444,,,,,,,,,,,,55.9,,,,,,,,39.423,,36.709,,,,,,36.709,,,36.709,36.051,,,0.09,0.09,0.094,,0.09,0.09,0.094,
12/31/2020,478.167,,,,,,,,,,,,147.667,,,,,,,,139.546,,114.735,,,,,,114.735,,,114.735,114.2,,,0.275,0.275,0.301,,0.275,0.275,0.301,
