Date,Revenue,Sales & Services Revenue,Cost of Revenue,Cost of Goods & Services,Gross Profit,Other Operating Income,Operating Expenses,"Selling, General & Admin",Research & Development,Other Operating Expense,Operating Income (Loss),Non-Operating (Income) Loss,"Interest Expense, Net",Interest Expense,Interest Income,Foreign Exch (Gain) Loss,(Income) Loss from Affiliates,Other Non-Op (Income) Loss,Pretax Income,Income Tax Expense (Benefit),Income (Loss) from Cont Ops,Net Extraordinary Losses (Gains),Discontinued Operations,XO & Accounting Changes,Income (Loss) Incl. MI,Minority Interest,"Net Income, GAAP",Preferred Dividends,Other Adjustments,"Net Income Avail to Common, GAAP","Net Income Avail to Common, Adj",Net Abnormal Losses (Gains),Basic Weighted Avg Shares,"Basic EPS, GAAP",Basic EPS from Cont Ops,"Basic EPS from Cont Ops, Adjusted",Diluted Weighted Avg Shares,"Diluted EPS, GAAP",Diluted EPS from Cont Ops,"Diluted EPS from Cont Ops, Adjusted",Source: Bloomberg
01/31/1990,10.254999,,,,,,,,,,,,,,,,,,,,,,,,,,3.8,,,3.8,3.8,,15.782664,0.09,0.09,,15.782664,0.09,0.09,0.09,
04/30/1990,13.178999,,,,,,,,,,,,,,,,,,,,,,,,,,2.325,,,2.325,2.325,,16.515331,0.03,0.03,,16.515331,0.03,0.03,0.03,
07/31/1990,11.462999,,,,,,,,,,11.462999,,,,,,,,,,11.462999,,,,,,1.1,,,1.1,1.1,,16.999331,0.03,0.03,0.03,16.999331,0.03,0.03,0.03,
10/31/1990,13.309,,,,,,,,,,,,,,,,,,,,,,,,,,1.226,,,1.226,1.226,,17.100664,0.045,0.045,,17.100664,0.045,0.045,0.045,
01/31/1991,7.316999,,,,,,,,,,,,,,,,,,,,,,,,,,-5.25,,,-5.25,-5.25,,17.161997,-0.345,-0.345,,17.161997,-0.345,-0.345,-0.345,
04/30/1991,9.026999,,,,,,,,,,,,,,,,,,,,,,,,,,-4.342,,,-4.342,-4.342,,17.26933,-0.285,-0.285,,17.26933,-0.285,-0.285,-0.285,
07/31/1991,8.969999,,,,,,,,,,,,,,,,,,,,,,,,,,-3.556,,,-3.556,-3.556,,17.281997,-0.24,-0.24,,17.281997,-0.24,-0.24,-0.24,
10/31/1991,10.21,,,,,,,,,,,,,,,,,,,,,,,,,,-6.226999,,,-6.226999,-6.226999,,17.281331,-0.39,-0.39,,17.281331,-0.39,-0.39,-0.39,
01/31/1992,10.743,,,,,,,,,,,,,,,,,,,,,,,,,,0.755,,,0.755,0.755,,17.255999,0.044912,0.045,0.045,17.255999,0.045,0.045,0.045,
04/30/1992,11.318,,,,,,,,,,,,,,,,,,,,,,,,,,0.773,,,0.773,0.773,,17.377332,0.015,0.015,0.015,17.377332,0.015,0.015,0.015,
07/31/1992,19.334999,,,,,,,,,,,,,,,,,,,,,,,,,,-9.364,,,-9.364,-9.364,,18.852664,-0.51,-0.51,-0.51,18.852664,-0.51,-0.51,-0.51,
10/31/1992,21.882999,,,,,,,,,,,,,,,,,,,,,,,,,,-16.982,,,-16.982,-16.982,,20.262664,-0.84,-0.84,-0.84,20.262664,-0.84,-0.84,-0.84,
01/31/1993,22.360001,,,,,,,,,,,,,,,,,,,,,,,,,,-1.76,,,-1.76,-1.76,,20.125997,-0.09,-0.09,-0.09,20.125997,-0.09,-0.09,-0.09,
04/30/1993,23.659,,,,,,,,,,,,,,,,,,,,,,,,,,-19.84,,,-19.84,-19.84,,20.021999,-1.005,-1.005,-1.005,20.021999,-1.005,-1.005,-1.005,
07/31/1993,24.495001,,,,,,,,,,,,,,,,,,,,,,,,,,-13.705,,,-13.705,-13.705,,20.043332,-0.69,-0.69,-0.69,20.043332,-0.69,-0.69,-0.69,
10/31/1993,22.138,,,,,,,,,,,,,,,,,,,,,,,,,,-11.5,,,-11.5,-11.5,,21.296294,-0.54,0.09,0.09,21.296294,-0.54,0.09,0.09,
01/31/1994,22.907,,-13.964,,8.943,,-10.13,,,,-1.187,-3.883,,1.402,,,,2.481,-5.07,-0.08,-5.15,0.0,,,-5.15,0.0,-5.15,0.0,,-5.15,-5.15,,20.273331,-0.255,-0.255,-0.255,20.273331,-0.255,-0.255,-0.255,
04/30/1994,24.455,,-15.169,,9.286,,-9.812,,,,-0.526,-3.246,,1.024,,,,2.222,-3.772,-0.078,-3.85,0.0,,,-3.85,0.0,-3.85,0.0,,-3.85,-3.85,,20.085998,-0.195,-0.195,-0.195,20.085998,-0.195,-0.195,-0.195,
07/31/1994,23.900999,,-14.801,,9.099999,,-8.159,,,,0.941,-1.774,,1.042,,,,0.732,-0.833,3.887,3.054,0.0,,,3.054,0.0,3.054,0.0,,3.054,3.054,,22.907331,0.135,0.135,0.135,22.907331,0.135,0.135,0.135,
10/31/1994,24.382,,-15.011,,9.371,,-8.176,,,,1.195,-0.817,,1.065,,,,-0.248,0.378,0.871,1.249,0.0,,,1.249,0.0,1.249,-0.089,,1.16,1.16,,21.605332,0.09,0.09,0.09,21.605332,0.09,0.09,0.09,
01/31/1995,23.209999,,-14.336,,8.873999,,-7.894,,,,0.98,-0.637,,1.09,,,,-0.453,0.343,-0.068,0.275,0.0,,,0.275,0.0,0.275,0.0,,0.275,0.275,,23.183998,0.0105,0.0105,0.0105,23.183998,0.0105,0.0105,0.0105,
04/30/1995,23.794001,,-14.342,,9.452001,,-7.934,,,,1.518,-0.875,,1.19,,,,-0.315,0.643,-0.038,0.605,0.0,,,0.605,0.0,0.605,0.0,,0.605,0.605,,23.181997,0.0255,0.0255,0.0255,23.181997,0.0255,0.0255,0.0255,
07/31/1995,25.249001,,-14.738,,10.511001,,-7.587,,,,2.924,-0.019,,1.192,,,,-1.173,2.905,-0.085,2.82,0.0,,,2.82,0.0,2.82,0.0,,2.82,2.82,,23.177997,0.12,0.12,0.12,23.177997,0.12,0.12,0.12,
10/31/1995,24.837,,-14.587,,10.25,,-7.664,,,,2.586,-6.247,,1.269,,,,4.978,-3.661,0.076,-3.585,0.0,,,-3.585,0.0,-3.585,0.0,,-3.585,-3.585,,23.07,-0.15,-0.15,-0.15,23.07,-0.15,-0.15,-0.15,
01/31/1996,22.249001,,-13.287,,8.962001,,-7.263,,,,1.699,-1.022,,1.294,,,,-0.272,0.677,-0.025,0.652,0.0,,,0.652,0.0,0.652,0.0,,0.652,0.652,,23.414,0.03,0.03,0.03,23.414,0.03,0.03,0.03,
04/30/1996,26.775,,-14.595,,12.179999,,-8.105,,,,4.075,-1.135,,1.268,,,,-0.133,2.94,-0.131,2.809,0.0,,,2.809,0.0,2.809,0.0,,2.809,2.809,,23.448,0.12,0.12,0.12,23.448,0.12,0.12,0.12,
07/31/1996,28.871,,-15.534,,13.337,,-7.863,,,,5.474,-1.401,,1.403,,,,-0.002,4.073,0.596,4.669,0.0,,,4.669,0.0,4.669,0.0,,4.669,4.669,,23.586,0.2,0.2,0.175,23.586,0.2,0.2,0.175,
10/31/1996,31.236,,-16.73,,14.506001,,-8.911,,,,5.595,-1.17,,1.347,,,,-0.177,4.425,4.048,8.473,0.0,,,8.473,0.0,8.473,0.0,,8.473,8.473,,23.639999,0.355,0.355,0.175,23.639999,0.355,0.355,0.175,
01/31/1997,28.375999,,-15.713,,12.662999,,-8.558,,,,4.105,-1.209,,1.229,,,,-0.02,2.896,0.414,3.31,0.0,,,3.31,0.0,3.31,0.0,,3.31,3.31,,23.351999,0.14,0.14,0.12,23.84,0.14,0.14,0.12,
04/30/1997,33.662998,,-17.476999,,16.185999,,-9.912,,,,6.274,-1.332,,1.255,,,,0.077,4.942,0.431,5.373,0.0,,,5.373,0.0,5.373,0.0,,5.373,5.373,,23.848,0.225,0.225,0.205,24.486,0.22,0.22,0.2,
07/31/1997,38.949001,,-20.384001,,18.565001,,-11.163,,,,7.402,-1.241,,1.335,,,,-0.094,6.161,1.025,7.186,0.0,,,7.186,0.0,7.186,0.0,,7.186,7.186,,25.290001,0.285,0.285,0.235,26.024,0.275,0.275,0.235,
10/31/1997,26.160999,,-7.913,,18.247999,,-12.143,,,,6.105,-0.171,,0.343,,,,-0.172,5.934,24.795,30.729,15.216,,,15.513001,0.0,15.513,0.0,,15.513,15.513,,29.528,0.525,1.04,0.26,30.497999,0.51,1.01,0.255,
01/31/1998,29.384001,,-11.277,,18.107,,-12.888,,,,5.219,-0.325,,1.109,,,,-0.784,4.894,0.449,5.343,-0.65,,,5.993,0.0,5.993,0.0,,5.993,5.993,,29.615999,0.2,0.18,0.165,30.708,0.195,0.175,0.16,
04/30/1998,37.450001,,-13.027,,24.423,,-15.981,,,,8.442,-1.569,,1.813,,,,-0.244,6.873,0.505,7.378,-1.105,,,8.483,0.0,8.483,0.0,,8.483,8.483,,29.743999,0.285,0.25,0.235,30.886,0.275,0.24,0.225,
07/31/1998,39.709,,-14.873,,24.835999,,-15.404,,,,9.432,-2.003,,1.532,,0.0,,0.471,7.429,0.91,8.339,-1.835,,,10.174,0.0,10.174,0.0,,10.174,10.174,,29.792,0.34,0.28,0.28,30.684,0.33,0.27,0.27,
10/31/1998,40.648998,,-16.587,,24.061998,,-17.455,,,,6.607,-2.716,,1.799,,,,0.917,3.891,32.859001,36.75,21.554001,,,15.196,0.0,15.196,0.0,,15.196,15.196,,29.472,0.515,1.245,0.34,29.955999,0.505,1.225,0.335,
01/31/1999,34.959,,-13.416,,21.542999,,-15.64,,,,5.903,-1.815,,1.849,,,,-0.034,4.088,-1.447,2.641,-1.258,,,3.899,0.0,3.899,0.0,,3.899,3.899,,28.854,0.135,0.09,0.09,29.336,0.135,0.09,0.09,
04/30/1999,41.743,,-15.174,,26.569,,-16.945999,,,,9.623,-1.725,,1.762,,,,-0.037,7.898,-2.604,5.294,-1.841,,,7.135,0.0,7.135,0.0,,7.135,7.135,,27.892,0.255,0.19,0.19,28.142,0.255,0.19,0.19,
07/31/1999,43.403999,,-15.116,,28.287999,,-17.393,,,,10.895,-1.268,,1.322,,,,-0.054,9.627,-3.081,6.546,0.0,,,6.546,0.0,6.546,0.0,,6.546,6.546,,27.945999,0.235,0.235,0.235,28.388,0.23,0.23,0.23,
10/31/1999,45.222,,-15.303,,29.919,,-17.528999,,,,12.39,-1.291,,1.397,,,,-0.106,11.099,-3.579,7.52,-0.066,,,7.586,0.0,7.52,0.0,,7.52,7.52,,28.07,0.265,0.265,0.265,28.598,0.265,0.265,0.265,
01/31/2000,40.403999,,-13.772,,26.631999,,-18.392,,,,8.24,-0.981,,1.381,-0.211,,,-0.189,7.259,-2.432,4.827,0.432,,,4.395,0.0,4.395,0.0,0.0,4.395,4.395,,28.138,0.155,0.17,0.17,28.718,0.155,0.17,0.17,
04/30/2000,50.769001,,-18.285,,32.484001,,-21.107,,,,11.377,-1.208,,1.268,-0.067,,,0.007,10.169,-3.406,6.763,0.0,,,6.763,0.0,6.763,0.0,0.0,6.763,6.763,,28.26,0.24,0.24,0.24,28.875999,0.235,0.235,0.235,
07/31/2000,50.908001,,-17.408001,,33.5,,-20.451,,,,13.049,-1.804,,1.164,-0.092,,,0.732,11.245,-2.584,8.661,0.0,,,8.661,0.0,8.661,0.0,0.0,8.661,8.661,,28.462,0.305,0.305,0.29,29.191999,0.295,0.295,0.28,
10/31/2000,59.136002,,-18.635,,40.501001,,-26.298,,,,14.203,-0.749,,0.931,-0.13,0.0,,-0.052,13.454,-4.305,9.149,0.0,,,9.149,0.0,9.149,0.0,0.0,9.149,9.149,,28.417999,0.32,0.32,0.32,29.236,0.315,0.315,0.315,
01/31/2001,49.976002,,-16.790001,,33.186001,,-23.521,,,,9.665,-0.173,,0.999,-0.162,0.0,,-0.664,9.492,-3.183,6.309,0.0,,,6.309,0.0,6.309,0.0,0.0,6.309,6.309,,28.986,0.22,0.22,0.205,29.636,0.215,0.215,0.2,
04/30/2001,57.181999,,-19.712999,,37.469,,-23.839001,,,,13.63,-0.95,,0.901,-0.111,0.0,,0.16,12.68,-3.97,8.71,0.0,,,8.71,0.0,8.71,0.0,0.0,8.71,8.71,,29.434,0.295,0.295,0.295,30.247999,0.29,0.29,0.29,
07/31/2001,61.365002,,-22.336,,39.029001,,-25.028,,,,14.001,-0.783,,0.914,-0.105,0.0,,-0.026,13.218,-2.857,10.361,0.0,,,10.361,0.0,10.361,0.0,0.0,10.361,10.361,,29.983999,0.345,0.345,0.345,30.768,0.335,0.335,0.335,
10/31/2001,69.684998,,-22.365,,47.319998,,-29.858,,,,17.462,-0.724,,0.924,-0.06,0.0,,-0.14,16.738,-4.982,11.756,0.0,,,11.756,0.0,11.756,0.0,0.0,11.756,11.756,,31.072001,0.38,0.38,0.38,31.072001,0.38,0.38,0.38,
01/31/2002,58.112,,-20.627,,37.485,0.0,-24.378,23.213,,1.165,13.107,0.143,0.858,0.893,-0.035,,,-1.001,13.25,-3.845,9.405,,,,9.405,,9.405,,0.0,9.405,9.405,,60.88,0.155,0.155,0.155,62.15,0.15,0.15,0.15,
04/30/2002,90.563004,,-34.844002,,55.719002,,-38.737999,,,,16.981001,1.321,,2.347,-0.043,0.0,,-3.625,18.302001,-4.941,13.361,0.0,,,13.361001,0.0,13.361,0.0,0.0,13.361,13.361,,30.486,0.22,0.22,0.22,31.128,0.215,0.215,0.215,
07/31/2002,90.563004,,-34.844002,,55.719002,,-38.737999,,,,16.981001,1.321,,2.347,-0.047,0.0,,-3.621,18.302001,-4.941,13.361,0.0,,,13.361001,0.0,13.361,0.0,0.0,13.361,13.361,,30.615999,0.435,0.435,0.435,31.209999,0.43,0.43,0.43,
10/31/2002,94.721001,,-32.598,,62.123001,,-39.923,,,,22.200001,-1.807,,2.193,-0.05,0.0,,-0.336,20.393001,-4.202,16.191,0.0,,,16.191001,0.0,16.191,0.0,0.0,16.191,16.191,,31.334,0.52,0.52,0.52,31.334,0.52,0.52,0.52,
01/31/2003,94.014,,-34.646999,,59.367001,,-39.548,,,,19.819,-1.346,,1.824,-0.034,0.0,,-0.444,18.473,-4.618,13.855,0.0,,,13.855,0.0,13.855,0.0,0.0,13.855,13.855,,30.903999,0.45,0.45,0.45,31.601,0.44,0.44,0.44,
04/30/2003,96.367996,,-33.948002,,62.419994,,-41.268002,,,,21.152,-0.87,,1.688,-0.055,-0.557,,-0.206,20.282,-5.071,15.211,0.0,,,15.211,0.0,15.211,0.0,0.0,15.211,15.211,,31.003,0.49,0.49,0.49,31.789,0.48,0.48,0.48,
07/31/2003,108.442001,,-39.810001,,68.632,,-43.306,,,,25.326,-1.28,,1.655,-0.059,0.0,,-0.316,24.046,-5.383,18.663,0.0,,,18.663,0.0,18.663,0.0,0.0,18.663,18.663,,31.253,0.6,0.6,0.6,32.397999,0.58,0.58,0.58,
10/31/2003,112.966003,,-38.182999,,74.783004,,-45.838001,,,,28.945,-1.259,,1.797,-0.1,0.0,,-0.438,27.686,-6.645,21.041,0.0,,,21.041,0.0,21.041,0.0,0.0,21.041,21.041,,31.743999,0.66,0.66,0.66,33.033001,0.64,0.64,0.64,
01/31/2004,109.734001,,-39.778,,69.956001,,-45.106998,,,,24.849001,-1.011,,1.491,-0.102,0.0,,-0.378,23.838001,-5.483,18.355,0.0,,,18.355001,0.0,18.355,0.0,0.0,18.355,18.355,,32.167,0.57,0.57,0.57,33.542999,0.55,0.55,0.55,
04/30/2004,120.552002,,-42.167,,78.385002,,-50.562,,,,27.823,-0.306,,1.488,-0.089,-0.329,,-0.764,27.517,-5.818,21.698999,0.0,,,21.699,0.0,21.698999,0.0,0.0,21.698999,21.698999,,32.554001,0.67,0.67,0.67,36.521,0.61,0.61,0.61,
07/31/2004,129.078995,,-45.945,,83.133995,,-51.466,,,,31.667999,-1.913,,1.454,-0.069,0.0,,0.528,29.754999,-5.707,24.048,0.0,,,24.048,0.0,24.048,0.0,0.0,24.048,24.048,,32.681999,0.74,0.74,0.74,36.717999,0.67,0.67,0.67,
10/31/2004,130.811005,,-46.456001,,84.355003,,-51.944,,,,32.410999,-1.032,,1.571,-0.092,0.0,,-0.447,31.378999,-2.656,28.723,0.0,,,28.722999,0.0,28.723,0.0,0.0,28.723,28.723,,36.931999,0.79,0.79,0.79,36.931999,0.79,0.79,0.79,
01/31/2005,147.55,,-55.432,,92.118,,-64.835,60.395,,4.44,27.283,-4.928,3.448,3.648,-0.2,0.481,,0.999,22.355,-4.646,17.709,0.0,,,17.709,0.0,17.709,0.0,0.0,17.709,17.709,,35.209,0.5,0.5,0.61,39.479,0.46,0.46,0.54,
04/30/2005,215.494,,-84.785,,130.709,,-88.221,79.474,,8.747,42.488,-7.287,7.855,8.015,-0.16,0.0,,-0.568,35.201,-7.374,27.827,0.0,,,27.827,0.0,27.827,0.0,0.0,27.827,27.827,,43.98,0.63,0.63,0.78,48.104,0.59,0.59,0.73,
07/31/2005,222.932,,-84.103,,138.829,,-91.207,80.755,,10.452,47.622,-10.585,7.964,8.105,-0.141,0.0,,2.621,37.037,0.582,37.619,0.0,,,37.619,0.0,37.619,0.0,0.0,37.619,37.619,,44.122,0.85,0.85,1.11,47.854,0.79,0.79,1.03,
10/31/2005,220.641,,-85.465,,135.176,0.0,-108.273,77.329,,30.944,26.903,-13.039,,8.355,,,,4.684,13.864,-5.297,8.567,,,,8.567,,8.567,,-0.524,8.043,8.043,,48.063,0.19,0.19,0.19,48.063,0.19,0.19,0.19,
01/31/2006,205.739,,-76.578,,129.161,,-94.107,84.446,,9.661,35.054,-14.931,8.345,8.428,-0.083,0.0,,6.586,20.123,-2.169,17.954,0.0,,,17.954,0.0,17.954,0.0,0.0,17.954,17.954,,44.497,0.4,0.4,0.59,47.614,0.39,0.39,0.58,
04/30/2006,211.397,,-80.034,,131.363,,-106.017,88.6,,17.417,25.346,-9.753,7.692,7.787,-0.095,0.0,,2.061,15.593,-1.892,13.701,0.0,,,13.701,0.0,13.701,0.0,0.0,13.701,13.701,,44.52,0.31,0.31,0.64,47.577,0.3,0.3,0.61,
07/31/2006,225.798,,-88.037,,137.761,,-99.833,90.039,,9.794,37.928,-13.639,8.431,8.534,-0.103,0.0,,5.208,24.289,-3.312,20.977,0.0,,,20.977,0.0,20.977,0.0,0.0,20.977,20.977,,44.531,0.47,0.47,0.47,47.482,0.45,0.45,0.45,
10/31/2006,216.026,,-88.334,,127.692,,-106.735,94.757,,11.978,20.957,-7.625,8.392,8.497,-0.105,0.0,,-0.767,13.332,0.27,13.602,0.0,,,13.602,0.0,13.602,0.0,0.0,13.602,13.602,,89.026,0.31,0.31,0.21,95.104,0.3,0.3,-0.2,
01/31/2007,219.42,,-89.508,,129.912,,-112.285,97.523,,14.762,17.627,-10.838,9.492,9.792,-0.3,0.0,,1.346,6.789,-1.441,5.348,0.0,,,5.348,0.0,5.348,0.0,0.0,5.348,5.348,,44.568,0.12,0.12,0.2,47.574,0.12,0.12,0.2,
04/30/2007,225.535,,-99.079,,126.456,,-113.083,100.934,,12.149,13.373,-13.751,10.818,10.918,-0.1,0.0,,2.933,-0.378,-0.149,-0.527,0.0,,,-0.527,0.0,-0.527,0.0,0.0,-0.527,-0.527,,44.645,-0.01,-0.01,0.26,44.645,-0.01,-0.01,0.26,
07/31/2007,251.862,,-105.938,,145.924,,-120.194,104.521,,15.673,25.73,-12.645,10.985,11.085,-0.1,0.0,,1.66,13.085,-4.905,8.18,0.0,,,8.18,0.0,8.18,0.0,0.0,8.18,8.18,,44.778,0.18,0.18,0.73,47.785,0.18,0.18,0.69,
10/31/2007,253.824,,-136.584,,117.24,0.0,-118.441,104.973,,13.468,-1.201,-17.623,,10.888,,,,6.735,-18.824,-5.37,-24.194,,,,-24.194,,-24.194,,0.0,-24.194,-24.194,,44.803704,-0.54,-0.54,-0.54,44.835,-0.54,-0.54,-0.54,
01/31/2008,242.772,,-99.89,,142.882,0.0,-122.108,109.88,,12.228,20.774,-11.287,11.006,11.106,-0.1,,,0.281,9.487,-2.61,6.877,0.0,,,6.877,0.0,6.877,0.0,0.0,6.877,6.877,,44.941,0.15,0.15,0.178049,45.129,0.15,0.15,0.178049,
04/30/2008,259.248,,-109.24,,150.008,0.0,-121.016,107.529,,13.487,28.992,-13.046,11.97,12.07,-0.1,,,1.076,15.946,-4.705,11.241,0.0,,,11.241,0.0,11.241,0.0,0.0,11.241,11.241,0.3419,44.989,0.25,0.25,0.25,47.74,0.25,0.25,0.25,
07/31/2008,278.513,,-123.416,,155.097,0.0,-123.88,110.639,,13.241,31.217,-13.701,15.166,15.266,-0.1,,,-1.465,17.516,0.363,17.879,0.0,,,17.879,0.0,17.879,0.0,0.0,17.879,17.879,,44.993,0.4,0.4,0.4,46.934,0.39,0.39,0.39,
10/31/2008,266.842,,-104.798,,162.044,0.0,-114.542,101.255,,13.287,47.502,-14.244,,12.342,,,,1.902,33.258,-3.779,29.479,0.0,,,29.479,0.0,29.479,0.0,0.0,29.479,29.479,-2.11705,45.102,0.65,0.65,0.6,45.102,0.65,0.65,0.6,
01/31/2009,251.142,251.142,-109.007,109.007,142.135,0.0,-109.355,94.992,7.232,7.131,32.78,-3.312,,11.457,,-6.5,,-1.645,29.468,-5.595,23.873,0.0,0.0,0.0,23.873,0.0,23.873,0.0,0.0,23.873,26.1831,2.3101,45.141,0.53,0.53,0.580029,45.141,0.53,0.53,0.580029,
04/30/2009,260.594,260.594,-111.537,111.537,149.057,0.0,-107.85,93.705,10.065,4.08,41.207,-10.57,10.57,10.83,-0.26,-0.3,,0.3,30.637,-5.988,24.649,0.0,0.0,0.0,24.649,0.0,24.649,0.0,0.0,24.649,27.649,3.0,45.17,0.55,0.55,0.61211,45.523,0.54,0.54,0.605901,
07/31/2009,285.23,285.23,-138.835,138.835,146.395,0.0,-112.47,100.038,7.737,4.695,33.925,-11.24,,11.24,,0.2,,-0.2,22.685,-0.777,21.908,0.0,0.0,0.0,21.908,0.0,21.908,0.0,0.0,21.908,23.8983,1.9903,45.18,0.48,0.48,0.528958,45.694,0.48,0.48,0.523557,
10/31/2009,283.455,283.455,-124.548,124.548,158.907,0.0,-116.963,102.858,8.265,5.84,41.944,-9.906,,10.771,,-0.4,,-0.465,32.038,-1.919,30.119,0.0,0.0,0.0,30.119,0.0,30.119,0.0,0.0,30.119,31.8545,1.7355,45.851,0.67,0.67,0.694739,45.851,0.66,0.66,0.694739,
01/31/2010,260.258,260.258,-110.495,110.495,149.763,0.0,-112.784,100.578,7.626,4.58,36.979,-12.553,,10.225,,2.3,,0.028,24.426,-4.003,20.423,0.0,0.0,0.0,20.423,0.0,20.423,0.0,0.0,20.423,22.568,2.145,45.293,0.45,0.45,0.498267,46.123,0.44,0.44,0.486506,
04/30/2010,289.271,289.271,-125.778,125.778,163.493,0.0,-124.459,111.34,8.573,4.546,39.034,-36.562,,9.73,,-0.4,,27.232,2.472,1.984,4.456,0.0,0.0,0.0,4.456,0.0,4.456,0.0,0.0,4.456,24.346,19.89,45.481,0.1,0.1,0.5353,46.367,0.1,0.1,0.528969,
07/31/2010,295.635,295.635,-119.649,119.649,175.986,0.0,-124.59,111.265,8.588,4.737,51.396,-7.744,7.744,8.729,-0.985,-0.9,,0.9,43.652,-3.925,39.727,0.0,0.0,0.0,39.727,0.0,39.727,0.0,0.0,39.727,44.082,4.355,45.605,0.87,0.87,0.966605,46.402,0.86,0.86,0.953854,
10/31/2010,313.352,313.352,-125.871,125.871,187.481,0.0,-124.977,109.874,10.486,4.617,62.504,-8.628,7.878,7.984,-0.106,0.2,,0.55,53.876,-5.678,48.198,0.0,0.0,0.0,48.198,0.0,48.198,0.0,0.0,48.198,50.9605,2.7625,45.83,1.06,1.06,1.111946,46.827,1.03,1.03,1.088994,
01/31/2011,293.229,293.229,-116.623,116.623,176.606,0.0,-127.893,113.453,9.727,4.713,48.713,-7.685,,6.951,,,,0.734,41.028,-1.813,39.215,0.0,0.0,0.0,39.215,0.0,39.215,0.0,0.0,39.215,40.45,1.235,45.986,0.85,0.85,0.879616,47.391,0.83,0.83,0.85606,
04/30/2011,325.301,325.301,-123.539,123.539,201.762,0.0,-141.506,126.382,10.39,4.734,60.256,-20.536,,4.268,,-0.3,,16.568,39.72,-4.36,35.36,0.0,0.0,0.0,35.36,0.0,35.36,0.0,0.0,35.36,46.07655,10.71655,46.506,0.76,0.76,0.990766,48.239,0.73,0.73,0.952155,
07/31/2011,351.396,351.396,-148.594,148.594,202.802,0.0,-150.835,133.617,11.725,5.493,51.967,-2.831,,3.217,,-0.0005,,-0.3855,49.136,-4.919,44.217,0.0,0.0,0.0,44.217,0.0,44.217,0.0,0.0,44.217,44.217,0.0,47.322,0.93,0.93,0.93,49.009,0.9,0.9,0.9,
10/31/2011,360.908,360.908,-137.275,137.275,223.633,0.0,-157.012,139.685,11.738,5.589,66.621,-3.741,,2.906,,1.1,,-0.265,62.88,-6.242,56.638,0.0,0.0,0.0,56.638,0.0,56.638,0.0,0.0,56.638,63.138,6.5,49.184,1.15,1.15,1.28371,49.184,1.15,1.15,1.282157,
01/31/2012,326.06,326.06,-115.607,115.607,210.453,0.0,-148.725,131.748,11.425,5.552,61.728,-2.981,,3.662,,-0.2,0.0,-0.481,58.747,-4.124,54.623,0.0,0.0,0.0,54.623,0.0,54.623,0.0,0.0,54.623,54.623,0.0,47.674,1.15,1.15,1.15,48.792,1.12,1.12,1.12,
04/30/2012,344.589,344.589,-123.893,123.893,220.696,0.0,-155.256,136.962,13.031,5.263,65.44,-2.761,,3.071,,-0.1,,-0.21,62.679,-7.758,54.921,0.0,0.0,0.0,54.921,0.0,54.921,0.0,0.0,54.921,54.921,0.0,47.708,1.15,1.15,1.15,49.007,1.12,1.12,1.12,
07/31/2012,378.186,378.186,-138.089,138.089,240.097,0.0,-162.847,143.83,13.156,5.861,77.25,-5.942,,2.315,,2.2,,1.427,71.308,-4.433,66.875,0.0,0.0,0.0,66.875,,66.875,0.0,0.0,66.875,70.1276,3.2526,48.11,1.39,1.39,1.457651,49.302,1.36,1.36,1.425973,
10/31/2012,396.301,396.301,-143.537,143.537,252.764,0.0,-173.784,152.363,14.118,7.303,78.98,3.659,,2.723,,-0.4,,-5.982,82.639,-10.492,72.147,0.0,0.0,0.0,72.147,-0.227,71.92,0.0,0.0,71.92,69.19,-2.73,49.386,1.46,1.46,1.401004,49.386,1.46,1.46,1.401004,
01/31/2013,379.839,379.839,-139.341,139.341,240.498,0.0,-171.677,150.653,13.653,7.371,68.821,12.155,,2.567,,-0.5,0.0,-14.222,80.976,-6.041,74.935,0.0,0.0,0.0,74.935,-0.268,74.667,0.0,0.0,74.667,65.9024,-8.7646,48.476,1.54,1.54,1.359485,49.633,1.5,1.5,1.323412,
04/30/2013,384.041,384.041,-129.862,129.862,254.179,0.0,-172.706,150.693,14.49,7.523,81.473,-2.533,,2.444,,0.7,,-0.611,78.94,-3.473,75.467,0.0,0.0,0.0,75.467,-0.331,75.136,0.0,0.0,75.136,75.136,0.0,48.494,1.55,1.55,1.55,49.478,1.52,1.52,1.52,
07/31/2013,411.993,411.993,-143.719,143.719,268.274,0.0,-174.666,152.141,14.865,7.66,93.608,-2.344,,2.258,,0.2,,-0.114,91.264,-2.072,89.192,0.0,0.0,0.0,89.192,-0.241,88.951,0.0,0.0,88.951,88.951,0.0,48.791,1.82,1.82,1.82,49.754,1.79,1.79,1.79,
10/31/2013,411.852,411.852,-147.994,147.994,263.858,0.0,-201.815,157.247,15.819,28.749,62.043,-0.951,,1.9,,-0.5,,-0.449,61.092,-3.779,57.313,0.0,0.0,0.0,57.313,0.083,57.396,0.0,0.0,57.396,71.0863,13.6903,49.723,1.15,1.15,1.429646,49.723,1.15,1.15,1.425331,
01/31/2014,404.98,404.98,-142.051,142.051,262.929,0.0,-181.307,158.088,15.712,7.507,81.622,-2.166,,1.656,,0.9,,-0.39,79.456,-7.191,72.265,0.0,0.0,0.0,72.265,-0.422,71.843,0.0,0.0,71.843,71.843,0.0,48.006,1.5,1.5,1.5,49.006,1.47,1.47,1.47,
04/30/2014,412.317,412.317,-143.818,143.818,268.499,0.0,-179.575,155.804,16.295,7.476,88.924,-1.103,,1.558,,0.0,,-0.455,87.821,-8.185,79.636,0.0,0.0,0.0,79.636,-0.476,79.16,0.0,0.0,79.16,80.072,0.912,47.919,1.65,1.65,1.670986,48.754,1.62,1.62,1.638706,
07/31/2014,432.482,432.482,-151.892,151.892,280.59,0.0,-184.025,161.203,16.07,6.752,96.565,-2.182,,1.499,,-1.1,,1.783,94.383,-5.711,88.672,0.0,0.0,0.0,88.672,-0.605,88.067,0.0,0.0,88.067,91.382,3.315,48.042,1.83,1.83,1.902127,48.922,1.8,1.8,1.867761,
10/31/2014,467.997,467.997,-188.445,188.445,279.552,0.0,-240.178,208.021,18.181,13.976,39.374,-4.499,,3.251,,4.9,,-3.652,34.875,-3.618,31.257,0.0,0.0,0.0,31.257,-0.47,30.787,0.0,0.0,30.787,66.87825,36.09125,49.126,0.63,0.63,1.361362,49.126,0.63,0.63,1.361362,
01/31/2015,445.171,445.171,-168.82,168.82,276.351,0.0,-203.243,173.535,16.113,13.595,73.108,-5.643,,3.941,,1.5,,0.202,67.465,-5.716,61.749,0.0,0.0,0.0,61.749,-0.57,61.179,0.0,0.0,61.179,71.48735,10.30835,48.202,1.27,1.27,1.483079,49.082,1.25,1.25,1.460023,
04/30/2015,434.676,434.676,-166.96,166.96,267.716,0.0,-196.718,167.583,16.819,12.316,70.998,-4.006,,4.692,,0.8,,-1.486,66.992,-5.855,61.137,0.0,0.0,0.0,61.137,-0.424,60.713,0.0,0.0,60.713,69.423,8.71,48.463,1.25,1.25,1.432495,49.163,1.23,1.23,1.407166,
07/31/2015,461.678,461.678,-188.791,188.791,272.887,0.0,-222.576,191.783,18.298,12.495,50.311,-5.71,,4.69,,1.8,,-0.78,44.601,0.642,45.243,0.0,0.0,0.0,45.243,-0.292,44.951,0.0,0.0,44.951,73.096,28.145,48.6,0.92,0.92,1.504033,49.244,0.91,0.91,1.481542,
10/31/2015,455.536,455.536,-202.227,202.227,253.309,0.0,-211.056,179.643,18.36,13.053,42.253,-5.826,,4.78,,6.0,,-4.954,36.427,0.588,37.015,0.0,0.0,0.0,37.015,-0.336,36.679,0.0,0.0,36.679,106.71585,70.03685,49.177,0.76,0.76,2.170036,49.177,0.75,0.75,2.170036,
01/31/2016,449.6,449.6,-187.6,187.6,262.0,0.0,-204.6,173.6,14.8,16.2,57.4,-6.7,,5.3,,1.5,,-0.1,50.7,1.0,51.7,0.0,0.0,0.0,51.7,-0.3,51.4,0.0,0.0,51.4,68.235,16.835,48.8,1.06,1.06,1.398258,48.8,1.05,1.05,1.39498,
04/30/2016,483.8,483.8,-185.3,185.3,298.5,0.0,-208.7,177.7,16.7,14.3,89.8,-7.2,,7.6,,-0.7,,0.3,82.6,-8.2,74.4,0.0,0.0,0.0,74.4,-0.3,74.1,0.0,0.0,74.1,83.1324,9.0324,48.4,1.53,1.53,1.717612,48.9,1.52,1.52,1.704712,
07/31/2016,514.7,514.7,-198.1,198.1,316.6,0.0,-213.9,182.4,15.9,15.6,102.7,-9.3,,8.0,,0.9,,0.4,93.4,-5.2,88.2,0.0,0.0,0.0,88.2,-0.3,87.9,0.0,0.0,87.9,96.61,8.71,48.6,1.81,1.81,1.98786,49.0,1.79,1.79,1.967755,
10/31/2016,518.654,518.654,-222.678,222.678,295.976,0.0,-221.795,189.131,17.941,14.723,74.181,-5.33,,5.321,,-0.2,,0.209,68.851,-8.357,60.494,0.0,0.0,0.0,60.494,0.014,60.508,0.0,0.0,60.508,87.483,26.975,49.193496,1.25,1.25,1.778345,49.281,1.23,1.23,1.777371,
01/31/2017,499.1,499.1,-186.7,186.7,312.4,0.0,-221.7,188.6,16.3,16.8,90.7,-10.6,,7.3,,3.2,,0.1,80.1,-4.3,75.8,0.0,0.0,0.0,75.8,,75.8,0.0,0.0,75.8,80.74,4.94,48.8,1.55,1.55,1.654508,49.4,1.53,1.53,1.63,
04/30/2017,522.4,522.4,-178.5,178.5,343.9,0.0,-226.8,193.3,16.8,16.7,117.1,-7.6,7.7,7.7,0.0,-0.4,,0.3,109.5,-4.6,104.9,0.0,0.0,0.0,104.9,,104.9,0.0,0.0,104.9,110.60307,5.70307,49.0,2.14,2.14,2.257206,49.5,2.12,2.12,2.235214,
07/31/2017,556.0,556.0,-199.8,199.8,356.2,0.0,-243.4,208.7,17.5,17.2,112.8,-5.1,8.3,8.3,0.0,-2.8,,-0.4,107.7,-4.1,103.6,0.0,0.0,0.0,103.6,,103.6,0.0,0.0,103.6,110.945,7.345,48.9,2.12,2.12,2.268814,49.6,2.09,2.09,2.238085,
10/31/2017,561.5,561.5,-208.1,208.1,353.4,0.0,-244.9,208.5,18.6,17.8,108.5,-11.9,10.1,10.1,0.0,1.4,,0.4,96.6,-8.0,88.6,0.0,0.0,0.0,88.6,,88.6,0.0,0.0,88.6,109.465,20.865,48.9,1.811861,1.811861,2.238548,49.9,1.775551,1.775551,2.193687,
01/31/2018,590.0,590.0,-219.1,219.1,370.9,0.0,-280.7,225.9,18.8,36.0,90.2,-15.4,18.4,18.4,0.0,-3.1,,0.1,74.8,-197.3,-122.5,0.0,0.0,0.0,-122.5,,-122.5,0.0,0.0,-122.5,102.1,224.6,48.9,-2.5,-2.5,2.087935,48.9,-2.5,-2.5,2.087935,
04/30/2018,631.3,631.3,-226.8,226.8,404.5,0.0,-329.8,247.9,20.8,61.1,74.7,-20.7,18.7,18.7,0.0,2.1,,-0.1,54.0,6.9,60.9,0.0,0.0,0.0,60.9,,60.9,0.0,0.0,60.9,113.787962,52.887962,49.1,1.24,1.24,2.317474,49.6,1.23,1.23,2.29629,
07/31/2018,660.0,660.0,-233.2,233.2,426.8,0.0,-311.2,251.0,22.5,37.7,115.6,-25.2,22.8,22.8,0.0,2.7,,-0.3,90.4,10.4,100.8,0.0,0.0,0.0,100.8,0.0,100.8,0.0,0.0,100.8,122.266276,21.466276,49.1,2.05,2.05,2.490148,49.7,2.03,2.03,2.461917,
10/31/2018,651.5,651.5,-221.5,221.5,430.0,0.0,-307.3,248.6,22.5,36.2,122.7,-10.0,22.8,22.8,0.0,1.7,,-14.5,112.7,-12.1,100.6,0.0,0.0,0.0,100.6,,100.6,0.0,0.0,100.6,98.904,-1.696,49.9,2.02,2.02,1.982044,49.9,2.02,2.02,1.982044,
01/31/2019,628.1,628.1,-209.6,209.6,418.5,0.0,-307.6,250.0,21.0,36.6,110.9,-17.1,18.2,18.2,0.0,-0.5,,-0.6,93.8,9.4,103.2,0.0,0.0,0.0,103.2,0.0,103.2,0.0,0.0,103.2,129.200015,26.000015,49.3,2.09,2.09,2.62069,49.9,2.07,2.07,2.591042,
04/30/2019,654.3,654.3,-221.7,221.7,432.6,0.0,-285.7,246.8,21.0,17.9,146.9,-18.8,18.5,18.5,0.0,0.4,,-0.1,128.1,-5.7,122.4,0.0,0.0,0.0,122.4,,122.4,0.0,0.0,122.4,117.397059,-5.002941,49.4,2.48,2.48,2.376459,50.0,2.45,2.45,2.349941,
07/31/2019,679.4,679.4,-228.7,228.7,450.7,0.0,-308.5,249.8,21.5,37.2,142.2,-15.2,16.7,16.7,0.0,-1.1,,-0.4,127.0,-6.9,120.1,0.0,0.0,0.0,120.1,,120.1,0.0,0.0,120.1,131.169565,11.069565,49.5,2.43,2.43,2.64989,50.1,2.4,2.4,2.620949,
10/31/2019,691.6,691.6,-236.6,236.6,455.0,0.0,-308.4,250.0,23.3,35.1,146.6,-18.1,14.6,14.6,0.0,3.3,,0.2,128.5,-7.5,121.0,0.0,0.0,0.0,121.0,,121.0,0.0,0.0,121.0,134.716661,13.716661,49.590164,2.44,2.44,2.7166,50.0,2.42,2.42,2.694333,
01/31/2020,646.2,646.2,-219.7,219.7,426.5,0.0,-315.4,258.3,22.2,34.9,111.1,-13.7,11.6,11.6,0.0,1.4,,0.7,97.4,-6.9,90.5,0.0,0.0,0.0,90.5,,90.5,0.0,0.0,90.5,103.931564,13.431564,49.1,1.84,1.84,2.116732,49.7,1.82,1.82,2.090253,
04/30/2020,524.9,524.9,-201.4,201.4,323.5,0.0,-294.9,237.2,23.8,33.9,28.6,-19.6,12.8,12.8,0.0,2.4,,4.4,9.0,2.5,11.5,0.0,0.0,0.0,11.5,,11.5,0.0,0.0,11.5,17.492254,5.992254,49.2,0.23,0.23,0.355534,49.6,0.23,0.23,0.350812,
07/31/2020,578.2,578.2,-217.4,217.4,360.8,0.0,-288.8,232.8,21.8,34.2,72.0,-5.6,5.7,5.7,0.0,-2.5,,2.4,66.4,-11.2,55.2,0.0,0.0,0.0,55.2,,55.2,0.0,0.0,55.2,59.998142,4.798142,49.1,1.13,1.13,1.221958,49.5,1.12,1.12,1.216932,
10/31/2020,675.75,,,,449.1372375,,,,,,170.333,,,,,,,,169.5,,120.633,,,,,,120.633,,,120.633,150.222,,,2.515,2.515,3.081,,2.515,2.515,3.081,
01/31/2021,667.625,,,,447.28872125,,,,,,161.667,,,,,,,,162.5,,112.82,,,,,,112.82,,,112.82,143.667,,,2.318,2.318,2.933,,2.318,2.318,2.933,
