Date,Revenue,Sales & Services Revenue,Cost of Revenue,Cost of Goods & Services,Gross Profit,Other Operating Income,Operating Expenses,"Selling, General & Admin",Selling & Marketing,General & Administrative,Research & Development,Other Operating Expense,Operating Income (Loss),Non-Operating (Income) Loss,"Interest Expense, Net",Interest Expense,Interest Income,Foreign Exch (Gain) Loss,Other Non-Op (Income) Loss,Pretax Income,Income Tax Expense (Benefit),Income (Loss) from Cont Ops,Net Extraordinary Losses (Gains),Discontinued Operations,XO & Accounting Changes,Income (Loss) Incl. MI,Minority Interest,"Net Income, GAAP",Preferred Dividends,Other Adjustments,"Net Income Avail to Common, GAAP","Net Income Avail to Common, Adj",Net Abnormal Losses (Gains),Basic Weighted Avg Shares,"Basic EPS, GAAP",Basic EPS from Cont Ops,"Basic EPS from Cont Ops, Adjusted",Diluted Weighted Avg Shares,"Diluted EPS, GAAP",Diluted EPS from Cont Ops,"Diluted EPS from Cont Ops, Adjusted",Source: Bloomberg
10/29/1989,1523.5,,-1057.199951,,466.300049,,-310.700012,,,,,,155.600006,-12.499999,,27.9,,0.8,-16.200001,143.100007,-58.599998,84.5,0.0,,,84.500009,-1.5,83.0,0.0,,83.0,83.0,,518.400024,0.16,0.16,,518.400024,0.16,0.16,0.16,
01/28/1990,1722.5,,-1173.0,,549.5,,-345.200012,,,,,,204.300003,-28.699999,,28.799999,,-0.2,0.1,175.600004,-68.800003,106.800003,0.0,,,106.800001,-1.6,105.199997,0.0,,105.199997,105.199997,,519.200012,0.2025,0.2025,,519.200012,0.2025,0.2025,0.2025,
04/29/1990,1519.599976,,-1049.300049,,470.299927,,-344.600006,,,,,,125.699997,-27.7,,27.0,,-0.4,1.1,97.999997,-42.0,56.0,0.0,,,55.999997,-1.4,54.599998,0.0,,54.599998,54.599998,,518.400024,0.105,0.105,,518.400024,0.105,0.105,0.105,
07/29/1990,1440.199951,,-978.700012,,461.499939,,-341.200012,,,,,,120.300003,-351.899994,,27.9,,3.1,320.899994,-231.599991,-5.6,-237.199997,0.0,,,-237.199991,-1.2,-238.399994,0.0,,-238.399994,-238.399994,,517.023988,-0.46,-0.46,-0.46,517.023988,-0.46,-0.46,-0.46,
10/28/1990,1594.300049,,-1082.699951,,511.600098,,-308.899994,,,,,,202.699997,-22.400001,,28.200001,,1.6,-7.4,180.299996,-73.699997,106.599998,0.0,,,106.599999,-1.5,105.099998,0.0,,105.099998,105.099998,,510.799988,0.205,0.205,,510.799988,0.205,0.205,0.205,
01/27/1991,1770.900024,,-1152.599976,,618.300049,,-358.799988,,,,,,259.5,-33.799999,,28.799999,,2.8,2.2,225.700001,-88.0,137.699997,0.0,,,137.700001,-2.4,135.300003,0.0,,135.300003,135.300003,,505.200012,0.2675,0.2675,,505.200012,0.2675,0.2675,0.2675,
04/28/1991,1490.800049,,-981.599976,,509.200073,,-346.899994,,,,,,162.300003,-28.100001,,23.700001,,-3.0,7.4,134.200002,-56.099998,78.099998,0.0,,,78.100004,-1.7,76.400002,0.0,,76.400002,76.400002,,506.399994,0.15,0.15,,506.399994,0.15,0.15,0.15,
07/28/1991,1348.099976,,-878.599976,,469.5,,-318.700012,,,,,,150.800003,-16.4,,35.5,,-0.6,-18.5,134.400003,-48.099998,86.300003,0.0,,,86.300005,-1.6,84.699997,0.0,,84.699997,84.699997,,507.540008,0.1675,0.1675,0.1675,507.540008,0.1675,0.1675,0.1675,
10/27/1991,1547.199951,,-993.5,,553.699951,,-314.5,,,,,,239.199997,-24.8,,26.0,,0.3,-1.5,214.399997,-85.199997,129.199997,0.0,,,129.2,0.0,129.199997,0.0,,129.199997,129.199997,,1010.799988,0.255,0.255,,1010.799988,0.255,0.255,0.255,
01/26/1992,1746.300049,,-1078.199951,,668.100098,,-370.299988,,,,,,297.799988,-33.3,,29.6,,0.6,3.1,264.499987,-103.599998,160.899994,0.0,,,160.899989,-0.3,160.600006,0.0,,160.600006,160.600006,,502.799988,0.32,0.32,,502.799988,0.32,0.32,0.32,
04/26/1992,1536.199951,,-986.700012,,549.499939,,-371.399994,,,,,,178.100006,-27.7,,25.5,,0.7,1.5,150.400006,-58.799999,91.599998,0.0,,,91.600007,-0.1,91.5,0.0,,91.5,91.5,,502.600006,0.18,0.18,,502.600006,0.18,0.18,0.18,
08/02/1992,1433.5,,-904.700012,,528.799988,,-351.700012,,,,,,177.100006,-7.099999,,20.799999,,1.8,-15.5,170.000007,-61.200001,108.800003,0.0,,,108.800006,0.4,109.199997,0.0,,109.199997,109.199997,,502.150208,0.22,0.22,0.22,502.150208,0.22,0.22,0.22,
11/02/1992,1695.0,,-1054.0,,641.0,,-372.0,,,,,,269.0,-29.0,,19.0,,,10.0,240.0,-88.0,152.0,249.0,,,-97.0,0.0,-97.0,0.0,,-97.0,-97.0,,502.600006,-0.195,0.3,,502.600006,-0.195,0.3,0.3,
01/31/1993,1789.0,,-1082.0,,707.0,,-406.0,,,,,,301.0,-371.0,,20.0,,,351.0,-70.0,-51.0,-121.0,0.0,,,-121.0,0.0,-121.0,0.0,,-121.0,-121.0,,503.799988,-0.24,-0.24,,503.799988,-0.24,-0.24,-0.24,
05/02/1993,1632.099976,,-1018.200012,,613.899963,,,,,,,,,-18.200001,,18.200001,,,,,,105.0,0.0,,,,0.0,105.0,0.0,,105.0,105.0,,504.600006,0.21,0.21,,504.600006,0.21,0.21,0.21,
08/01/1993,1470.099976,,-873.599976,,596.5,,-805.799988,,,,,,404.600006,-36.6,,25.6,,,11.0,368.000006,-123.599998,121.199997,0.0,,,244.400008,0.0,121.199997,0.0,,121.199997,121.199997,,503.799988,0.24,0.24,0.24,503.799988,0.24,0.24,0.24,
10/31/1993,1763.0,,-1058.0,,705.0,,-411.0,,,,,,294.0,-33.0,,19.0,,,14.0,261.0,-95.0,166.0,0.0,,,166.0,0.0,166.0,0.0,,166.0,166.0,,502.0,0.33,0.33,,502.0,0.33,0.33,0.33,
01/30/1994,1894.0,,-1104.0,,790.0,,-447.0,,,,,,343.0,-27.0,,14.0,,,13.0,316.0,-113.0,203.0,0.0,,,203.0,0.0,203.0,0.0,,203.0,203.0,,502.0,0.405,0.405,,502.0,0.405,0.405,0.405,
05/01/1994,1568.0,,-946.0,,622.0,,-424.0,,,,,,198.0,-15.0,,15.0,,,0.0,183.0,-64.0,119.0,0.0,,,119.0,0.0,119.0,0.0,,119.0,119.0,,502.0,0.235,0.235,,502.0,0.235,0.235,0.235,
07/31/1994,1465.0,,-870.0,,595.0,,-362.0,,,,,,233.0,-30.0,,26.0,,,4.0,203.0,-61.0,142.0,0.0,,,142.0,0.0,142.0,0.0,,142.0,142.0,,502.0,0.285,0.285,0.285,502.0,0.285,0.285,0.285,
10/30/1994,1864.0,,-1088.0,,776.0,,-436.0,,,,,,340.0,-43.0,,26.0,,0.0,17.0,297.0,-100.0,197.0,0.0,,,197.0,0.0,197.0,0.0,,197.0,197.0,,498.0,0.395,0.395,,498.0,0.395,0.395,0.395,
01/29/1995,2040.0,,-1176.0,,864.0,,-492.0,,,,,,372.0,-24.0,,14.0,,0.0,10.0,348.0,-117.0,231.0,0.0,,,231.0,0.0,231.0,0.0,,231.0,231.0,,498.0,0.465,0.465,,498.0,0.465,0.465,0.465,
04/30/1995,1744.0,,-1045.0,,699.0,,-457.0,,,,,,242.0,-52.0,,32.0,,0.0,20.0,190.0,-63.0,127.0,0.0,,,127.0,0.0,127.0,0.0,,127.0,127.0,,498.0,0.255,0.255,,498.0,0.255,0.255,0.255,
07/30/1995,1630.0,,-955.0,,675.0,,-482.0,,,,,,193.0,14.0,,43.0,,0.0,-57.0,207.0,-64.0,143.0,0.0,,,143.0,0.0,143.0,0.0,,143.0,143.0,,500.0,0.285,0.285,0.285,500.0,0.285,0.285,0.285,
10/29/1995,1990.0,,-1143.0,,847.0,,-461.0,,,,,,386.0,-59.0,,35.0,,0.0,24.0,327.0,-108.0,219.0,0.0,,,219.0,0.0,219.0,0.0,,219.0,219.0,,498.0,0.44,0.44,0.44,498.0,0.44,0.44,0.44,
01/28/1996,2217.0,,-1247.0,,970.0,,-535.0,,,,,,435.0,-51.0,,31.0,,0.0,20.0,384.0,-126.0,258.0,0.0,,,258.0,0.0,258.0,0.0,,258.0,258.0,,498.0,0.515,0.515,0.515,498.0,0.515,0.515,0.515,
04/28/1996,1831.0,,-1061.0,,770.0,,-503.0,,,,,,267.0,-50.0,,29.0,,0.0,21.0,217.0,-72.0,145.0,0.0,,,145.0,0.0,145.0,0.0,,145.0,145.0,,498.0,0.29,0.29,0.29,498.0,0.29,0.29,0.29,
07/28/1996,1640.0,,-912.0,,728.0,,-499.0,,,,,,229.0,40.0,,31.0,,0.0,-71.0,269.0,-89.0,180.0,0.0,,,180.0,0.0,180.0,0.0,,180.0,180.0,,496.0,0.365,0.365,0.365,496.0,0.365,0.365,0.365,
10/27/1996,1734.0,,,,,,,,,,,,,,,,,,,,,80.0,-8.0,,,,,88.0,0.0,,88.0,88.0,,492.0,0.18,0.16,0.47,492.0,0.18,0.16,0.47,
01/26/1997,1977.0,,,,,,,,,,,,,,,,,,,,,257.0,-19.0,,,,,276.0,0.0,,276.0,276.0,,467.0,0.59,0.55,0.55,473.0,0.58,0.54,0.54,
04/27/1997,1541.0,,-809.0,,732.0,,-435.0,,,,,,297.0,-82.0,,,,0.0,82.0,215.0,-73.0,142.0,-15.0,,,157.0,,157.0,0.0,,157.0,157.0,,464.0,0.34,0.31,0.31,470.0,0.33,0.3,0.3,
08/03/1997,1362.0,,-705.0,,657.0,,-377.0,,,,,,280.0,-42.0,,42.0,,0.0,0.0,238.0,-83.0,155.0,-37.0,,,192.0,0.0,192.0,0.0,,192.0,192.0,,460.0,0.42,0.34,0.34,466.0,0.41,0.33,0.33,
11/02/1997,1813.0,,-893.0,,920.0,,-493.0,,,,,,427.0,-43.0,43.0,,,0.0,0.0,384.0,-132.0,252.0,-15.0,,,267.0,0.0,267.0,0.0,,267.0,267.0,,458.0,0.58,0.55,0.55,464.0,0.57,0.54,0.54,
02/01/1998,2012.0,,-955.0,,1057.0,,-527.0,,,,,,530.0,-81.0,43.0,,,0.0,38.0,449.0,-152.0,297.0,-9.0,,,306.0,-6.0,300.0,0.0,,300.0,300.0,,457.0,0.66,0.64,0.64,462.0,0.65,0.63,0.63,
05/03/1998,1572.0,,-775.0,,797.0,,-499.0,,,,,,298.0,-327.0,,,,0.0,327.0,-29.0,-7.0,-36.0,54.0,,,-90.0,,-90.0,0.0,,-90.0,-90.0,,453.0,-0.2,-0.08,0.34,453.0,-0.2,-0.08,0.34,
08/02/1998,1299.0,,-610.0,,689.0,,-370.0,,,,,,319.0,-44.0,,,,0.0,44.0,275.0,-93.0,182.0,0.0,,,182.0,0.0,182.0,0.0,,182.0,182.0,,450.0,0.4,0.4,0.38,456.0,0.4,0.4,0.38,
11/01/1998,1804.0,,-830.0,,974.0,,-527.0,,,,,,447.0,-44.0,44.0,,,0.0,0.0,403.0,-139.0,264.0,0.0,,,264.0,0.0,264.0,0.0,,264.0,264.0,,448.0,0.59,0.59,0.59,454.0,0.58,0.58,0.58,
01/31/1999,1832.0,,-856.0,,976.0,,-605.0,,,,,,371.0,-42.0,42.0,,,0.0,0.0,329.0,-110.0,219.0,0.0,,,219.0,0.0,219.0,0.0,,219.0,219.0,,444.0,0.49,0.49,0.49,449.0,0.49,0.49,0.49,
05/02/1999,1492.0,,-730.0,,762.0,,-478.0,,,,,,284.0,-43.0,43.0,,,0.0,0.0,241.0,-79.0,162.0,0.0,,,162.0,0.0,162.0,0.0,,162.0,162.0,,438.0,0.37,0.37,0.37,443.0,0.37,0.37,0.37,
08/01/1999,1296.0,,-634.0,,662.0,,-458.0,,,,,,204.0,-80.0,,,,0.0,80.0,124.0,-45.0,79.0,0.0,,,79.0,0.0,79.0,0.0,,79.0,79.0,,433.0,0.18,0.18,0.28,438.0,0.18,0.18,0.28,
10/31/1999,1819.0,,-860.0,,959.0,,-548.0,,,,,,411.0,-46.0,46.0,,,0.0,0.0,365.0,-130.0,235.0,0.0,,,235.0,0.0,235.0,0.0,,235.0,235.0,,429.0,0.55,0.55,0.55,433.0,0.54,0.54,0.54,
01/30/2000,1972.0,,-904.0,,1068.0,,-595.0,,,,,,473.0,-50.0,50.0,,,0.0,0.0,423.0,-142.0,281.0,0.0,,,281.0,0.0,281.0,0.0,,281.0,281.0,,427.0,0.66,0.66,0.66,431.0,0.65,0.65,0.65,
04/30/2000,1442.0,,-712.0,,730.0,,-486.0,,,,,,244.0,-44.0,44.0,,,0.0,0.0,200.0,-61.0,139.0,0.0,,,139.0,0.0,139.0,0.0,,139.0,139.0,,423.0,0.33,0.33,0.33,432.0,0.32,0.32,0.32,
07/30/2000,1233.0,,-631.0,,602.0,,-465.0,,,,,,137.0,-48.0,,,,0.0,48.0,89.0,-30.0,59.0,0.0,,,59.0,0.0,59.0,0.0,0.0,59.0,59.0,,422.0,0.14,0.14,0.14,430.0,0.14,0.14,0.14,
10/29/2000,1581.0,,-856.0,,725.0,,-362.0,,,,,,363.0,-52.0,,,,0.0,52.0,311.0,-107.0,204.0,0.0,,,204.0,0.0,204.0,0.0,0.0,204.0,204.0,,421.0,0.48,0.48,0.48,431.0,0.47,0.47,0.47,
01/28/2001,1755.0,,-918.0,,837.0,,-377.0,,,,,,460.0,-49.0,49.0,,,,0.0,411.0,-140.0,271.0,,,,271.0,,271.0,,,271.0,271.0,,415.0,0.65,0.65,0.65,419.0,0.65,0.65,0.65,
04/29/2001,1271.0,,-712.0,,559.0,,-322.0,,,,,,237.0,-52.0,52.0,,,0.0,0.0,185.0,-63.0,122.0,0.0,,,122.0,0.0,122.0,0.0,0.0,122.0,122.0,,410.0,0.3,0.3,0.3,411.0,0.3,0.3,0.3,
07/29/2001,1164.0,,-646.0,,518.0,,-406.0,,,,,,112.0,-32.0,,,,0.0,32.0,80.0,-28.0,52.0,0.0,,,52.0,0.0,52.0,0.0,0.0,52.0,52.0,,410.0,0.13,0.13,0.15,411.0,0.13,0.13,0.15,
10/28/2001,1729.0,,-971.0,,758.0,,-444.0,,,,,,314.0,-53.0,,,,0.0,53.0,261.0,-90.0,171.0,0.0,,,171.0,0.0,171.0,0.0,0.0,171.0,171.0,,410.0,0.42,0.42,0.43,411.0,0.42,0.42,0.43,
01/27/2002,1810.0,,-1004.0,,806.0,,-422.0,,,,,,384.0,-77.0,45.0,,,0.0,32.0,307.0,-104.0,203.0,0.0,,,203.0,0.0,203.0,0.0,0.0,203.0,203.0,,410.0,0.49,0.49,0.5,411.0,0.49,0.49,0.5,
04/28/2002,1371.0,,-782.0,,589.0,,-399.0,,,,,,190.0,-44.0,44.0,,,0.0,0.0,146.0,-50.0,96.0,0.0,,,96.0,0.0,96.0,0.0,0.0,96.0,96.0,,410.0,0.23,0.23,0.24,411.0,0.23,0.23,0.24,
07/28/2002,1223.0,,-686.0,,537.0,,-440.0,,,,,,97.0,-13.0,,,,0.0,13.0,84.0,-29.0,55.0,0.0,,,55.0,0.0,55.0,0.0,0.0,55.0,55.0,,411.0,0.13,0.13,0.14,411.0,0.13,0.13,0.14,
10/27/2002,1705.0,,-971.0,,734.0,,-404.0,,,,,,330.0,-45.0,45.0,,,0.0,0.0,285.0,-93.0,192.0,31.0,,,161.0,0.0,161.0,0.0,0.0,161.0,161.0,,410.0,0.39,0.47,0.47,411.0,0.39,0.47,0.47,
01/26/2003,1918.0,,-1056.0,,862.0,,-477.0,,,,,,385.0,-46.0,46.0,,,0.0,0.0,339.0,-108.0,231.0,0.0,,,231.0,0.0,231.0,0.0,0.0,231.0,231.0,,411.0,0.56,0.56,0.56,411.0,0.56,0.56,0.56,
04/27/2003,1600.0,,-920.0,,680.0,,-430.0,,,,,,250.0,-60.0,45.0,,,0.0,15.0,190.0,-61.0,129.0,0.0,,,129.0,0.0,129.0,0.0,0.0,129.0,129.0,,411.0,0.31,0.31,0.31,411.0,0.31,0.31,0.31,
08/03/2003,1455.0,,-858.0,,597.0,,-442.0,,,,,,155.0,-45.0,,,,0.0,45.0,110.0,-36.0,74.0,0.0,,,74.0,0.0,74.0,0.0,0.0,74.0,74.0,,411.0,0.18,0.18,0.18,411.0,0.18,0.18,0.18,
11/02/2003,1909.0,,-1108.0,,801.0,,-447.0,,,,,,354.0,-43.0,43.0,,,0.0,0.0,311.0,-100.0,211.0,0.0,,,211.0,0.0,211.0,0.0,0.0,211.0,211.0,,411.0,0.51,0.51,0.51,412.0,0.51,0.51,0.51,
02/01/2004,2100.0,,-1212.0,,888.0,,-499.0,,,,,,389.0,-42.0,42.0,,,0.0,0.0,347.0,-112.0,235.0,0.0,,,235.0,0.0,235.0,0.0,0.0,235.0,235.0,,411.0,0.57,0.57,0.57,412.0,0.57,0.57,0.57,
05/02/2004,1667.0,,-995.0,,672.0,,-442.0,419.0,278.0,,,23.0,230.0,-27.0,40.0,,,0.0,-13.0,203.0,-61.0,142.0,0.0,,,142.0,0.0,142.0,0.0,,142.0,142.0,,411.0,0.35,0.35,0.33,413.0,0.34,0.34,0.32,
08/01/2004,1433.0,,-872.0,,561.0,,-412.0,,,,,,149.0,-63.0,,,,0.0,63.0,86.0,-27.0,59.0,0.0,,,59.0,0.0,59.0,0.0,0.0,59.0,59.0,,409.0,0.14,0.14,0.17,412.0,0.14,0.14,0.17,
10/31/2004,2091.0,,-1245.0,,846.0,,-465.0,,,,,,381.0,-44.0,44.0,,,0.0,0.0,337.0,-107.0,230.0,0.0,,,230.0,0.0,230.0,0.0,0.0,230.0,230.0,,409.0,0.56,0.56,0.56,412.0,0.56,0.56,0.56,
01/30/2005,2223.0,,-1321.0,,902.0,,-515.0,,,,,,387.0,-43.0,45.0,,,0.0,-2.0,344.0,-109.0,235.0,0.0,,,235.0,0.0,235.0,0.0,0.0,235.0,235.0,,409.0,0.57,0.57,0.57,414.0,0.57,0.57,0.57,
05/01/2005,1736.0,,-1035.0,,701.0,,-444.0,,,,,,257.0,-43.0,45.0,,,0.0,-2.0,214.0,-68.0,146.0,0.0,,,146.0,0.0,146.0,0.0,0.0,146.0,146.0,,409.0,0.36,0.36,0.36,414.0,0.35,0.35,0.35,
07/31/2005,1498.0,,-890.0,,608.0,,-429.0,,,,,,179.0,-44.0,,,,0.0,44.0,135.0,-39.0,96.0,0.0,,,96.0,0.0,96.0,0.0,0.0,96.0,96.0,,409.0,0.23,0.23,0.23,414.0,0.23,0.23,0.23,
10/30/2005,2002.0,,-1156.0,,846.0,,-480.0,,,,,,366.0,-11.0,26.0,,,0.0,-15.0,355.0,-69.0,286.0,-16.0,,,302.0,0.0,302.0,0.0,,302.0,302.0,,409.0,0.74,0.7,0.55,414.0,0.73,0.69,0.55,
01/29/2006,2159.0,,-1251.0,,908.0,,-524.0,,,,,,384.0,-44.0,43.0,,,0.0,1.0,340.0,-101.0,239.0,-15.0,,,254.0,0.0,254.0,0.0,,254.0,254.0,,408.0,0.62,0.59,0.59,414.0,0.61,0.58,0.58,
04/30/2006,1728.0,,-1021.0,,707.0,,-457.0,,,,,,250.0,-42.0,40.0,,,0.0,2.0,208.0,-62.0,146.0,-20.0,,,166.0,0.0,166.0,0.0,0.0,166.0,166.0,,406.0,0.41,0.36,0.36,413.0,0.4,0.35,0.35,
07/30/2006,1454.0,,-845.0,,609.0,,-466.0,,,,,,143.0,-41.0,,,,0.0,41.0,102.0,-14.0,84.0,40.0,,,48.0,0.0,44.0,0.0,0.0,44.0,44.0,,406.0,0.11,0.21,0.18,416.0,0.11,0.2,0.18,
10/29/2006,2153.0,,-1236.0,,917.0,,-477.0,,,,,,440.0,-43.0,41.0,,,0.0,2.0,397.0,-128.0,269.0,-22.0,,,291.0,0.0,291.0,0.0,0.0,291.0,291.0,,395.0,0.74,0.68,0.68,405.0,0.72,0.66,0.66,
01/28/2007,2064.0,,-1213.0,,851.0,,-470.0,,,,,,381.0,-20.0,38.0,,,0.0,-18.0,361.0,-104.0,257.0,-28.0,,,285.0,0.0,285.0,0.0,0.0,285.0,285.0,,384.0,0.74,0.67,0.63,395.0,0.72,0.65,0.61,
04/29/2007,1750.0,,-1052.0,,698.0,,-431.0,,,,,,267.0,-25.0,27.0,,,0.0,-2.0,242.0,-32.0,210.0,-7.0,,,217.0,0.0,217.0,0.0,0.0,217.0,217.0,,384.0,0.57,0.55,0.46,395.0,0.55,0.53,0.44,
07/29/2007,1520.0,,-926.0,,594.0,,-453.0,488.0,309.0,,,-35.0,140.0,-38.0,,38.0,-19.0,0.0,19.0,92.0,-44.0,58.0,-3.0,,,51.0,0.0,61.0,0.0,0.0,61.0,61.0,,382.0,0.16,0.15,0.15,392.0,0.16,0.15,0.15,
10/28/2007,2185.0,,-1293.0,,892.0,0.0,-464.0,437.0,296.0,,,27.0,428.0,-42.0,42.0,,,,0.0,386.0,-118.0,268.0,-2.0,,,270.0,0.0,270.0,0.0,0.0,270.0,270.0,,379.0,0.71,0.71,0.71,388.0,0.7,0.69,0.69,
01/27/2008,2218.0,,-1329.0,,889.0,,-485.0,,,,,,404.0,-46.0,42.0,,,0.0,4.0,358.0,-98.0,260.0,-14.0,,,274.0,0.0,274.0,0.0,0.0,274.0,274.0,,377.0,0.73,0.69,0.66,386.0,0.71,0.67,0.64,
04/27/2008,1880.0,,-1154.0,,726.0,,-472.0,,,,,,254.0,-209.0,37.0,,,0.0,172.0,45.0,9.0,54.0,-478.0,,,532.0,0.0,532.0,0.0,0.0,532.0,532.0,,373.0,1.43,0.14,0.4,381.0,1.4,0.14,0.4,
08/03/2008,1715.0,,-1051.0,,664.0,0.0,-464.0,431.0,263.0,,,33.0,200.0,-50.0,,76.0,,0.0,-26.0,150.0,-61.0,89.0,0.0,,,89.0,0.0,89.0,0.0,0.0,89.0,89.0,,363.0,0.25,0.25,0.27,371.0,0.24,0.24,0.26,
11/02/2008,2250.0,2250.0,-1379.0,1379.0,871.0,0.0,-472.0,447.0,307.0,140.0,29.0,-4.0,399.0,-32.0,32.0,33.0,-1.0,,0.0,367.0,-107.0,260.0,0.0,0.0,0.0,260.0,0.0,260.0,0.0,0.0,260.0,281.0,21.0,357.0,0.71,0.71,0.787115,362.0,0.7,0.7,0.758011,
02/01/2009,2122.0,2122.0,-1285.0,1285.0,837.0,0.0,-482.0,453.0,315.0,138.0,27.0,2.0,355.0,-25.0,25.0,26.0,-1.0,,0.0,330.0,-101.0,229.0,-4.0,-4.0,0.0,233.0,,233.0,0.0,-4.0,229.0,230.0,5.0,355.0,0.65,0.63,0.647887,358.0,0.64,0.63,0.643966,
05/03/2009,1686.0,1686.0,-1001.0,1001.0,685.0,0.0,-399.0,375.0,246.0,129.0,27.0,-3.0,286.0,-26.0,26.0,26.0,0.0,,0.0,260.0,-86.0,174.0,0.0,0.0,0.0,174.0,0.0,174.0,0.0,-3.0,171.0,168.0,-3.0,350.0,0.49,0.49,0.48,351.0,0.49,0.49,0.48,
08/02/2009,1528.0,1528.0,-893.0,893.0,635.0,0.0,-490.0,393.0,209.0,184.0,31.0,66.0,145.0,-23.0,23.0,,,,0.0,122.0,-53.0,69.0,0.0,0.0,0.0,69.0,,69.0,0.0,0.0,69.0,108.0,39.0,346.0,0.2,0.2,0.312139,352.0,0.2,0.2,0.310795,
11/01/2009,2203.0,2203.0,-1280.0,1280.0,923.0,0.0,-445.0,417.0,284.0,133.0,29.0,-1.0,478.0,-27.0,27.0,28.0,-1.0,,0.0,451.0,-147.0,304.0,0.0,0.0,0.0,304.0,,304.0,0.0,-4.0,300.0,300.0,0.0,343.0,0.87,0.87,0.87,346.0,0.87,0.87,0.87,
01/31/2010,2153.0,2153.0,-1282.0,1282.0,871.0,0.0,-480.0,450.0,301.0,149.0,28.0,2.0,391.0,-26.0,26.0,27.0,-1.0,,0.0,365.0,-106.0,259.0,0.0,0.0,0.0,259.0,,259.0,0.0,-5.0,254.0,254.0,0.0,341.0,0.74,0.74,0.74,344.0,0.74,0.74,0.74,
05/02/2010,1802.0,1802.0,-1059.0,1059.0,743.0,0.0,-451.0,408.0,252.0,156.0,31.0,12.0,292.0,-27.0,27.0,29.0,-2.0,,0.0,265.0,-97.0,168.0,0.0,0.0,0.0,168.0,0.0,168.0,0.0,-3.0,165.0,183.0,18.0,339.0,0.49,0.49,0.539823,342.0,0.49,0.49,0.539823,
08/01/2010,1518.0,1518.0,-905.0,905.0,613.0,0.0,-426.0,388.0,221.0,167.0,35.0,3.0,187.0,-26.0,26.0,28.0,-2.0,,0.0,161.0,-48.0,113.0,0.0,0.0,0.0,113.0,,113.0,0.0,0.0,113.0,113.0,0.0,338.0,0.33,0.33,0.33,341.0,0.33,0.33,0.33,
10/31/2010,2172.0,2172.0,-1278.0,1278.0,894.0,0.0,-450.0,417.0,277.0,140.0,31.0,2.0,444.0,-30.0,30.0,32.0,-2.0,,0.0,414.0,-135.0,279.0,0.0,0.0,0.0,279.0,0.0,279.0,0.0,3.0,282.0,282.0,0.0,335.0,0.82,0.82,0.82,338.0,0.82,0.82,0.82,
01/30/2011,2127.0,2127.0,-1289.0,1289.0,838.0,0.0,-479.0,445.0,291.0,154.0,31.0,3.0,359.0,-31.0,31.0,34.0,-3.0,,0.0,328.0,-89.0,239.0,0.0,0.0,0.0,239.0,0.0,239.0,0.0,-3.0,236.0,236.0,0.0,330.0,0.72,0.72,0.72,332.0,0.71,0.71,0.71,
05/01/2011,1813.0,1813.0,-1081.0,1081.0,732.0,0.0,-425.0,391.0,243.0,148.0,33.0,1.0,307.0,-24.0,24.0,27.0,-3.0,,0.0,283.0,-97.0,186.0,0.0,0.0,0.0,186.0,1.0,187.0,0.0,-2.0,185.0,185.0,0.0,321.0,0.58,0.58,0.58,323.0,0.57,0.57,0.57,
07/31/2011,1607.0,1607.0,-968.0,968.0,639.0,0.0,-470.0,366.0,196.0,170.0,34.0,70.0,169.0,-26.0,26.0,29.0,-3.0,,0.0,143.0,-45.0,98.0,0.0,0.0,0.0,98.0,2.0,100.0,0.0,-1.0,99.0,140.0,41.0,321.0,0.31,0.31,0.436137,323.0,0.31,0.31,0.436137,
10/30/2011,2161.0,2161.0,-1307.0,1307.0,854.0,0.0,-438.0,406.0,261.0,145.0,30.0,2.0,416.0,-28.0,28.0,30.0,-2.0,,0.0,388.0,-125.0,263.0,0.0,0.0,0.0,263.0,2.0,265.0,0.0,-2.0,263.0,264.3,1.3,320.0,0.82,0.82,0.825937,322.0,0.82,0.82,0.824037,
01/29/2012,2112.0,2112.0,-1301.0,1301.0,811.0,0.0,-482.0,449.0,297.0,152.0,29.0,4.0,329.0,-26.0,26.0,28.0,-2.0,,0.0,303.0,-102.0,201.0,0.0,0.0,0.0,201.0,4.0,205.0,0.0,-1.0,204.0,206.0,2.0,318.0,0.64,0.64,0.647799,320.0,0.64,0.64,0.64625,
04/29/2012,1821.0,1821.0,-1115.0,1115.0,706.0,0.0,-442.0,400.0,256.0,144.0,32.0,10.0,264.0,-27.0,27.0,29.0,-2.0,,0.0,237.0,-62.0,175.0,0.0,0.0,0.0,175.0,2.0,177.0,0.0,-1.0,176.0,179.0,3.0,316.0,0.56,0.56,0.566456,318.0,0.55,0.55,0.559434,
07/29/2012,1519.0,1519.0,-926.0,926.0,593.0,0.0,-390.0,354.0,191.0,163.0,31.0,5.0,203.0,-25.0,25.0,27.0,-2.0,,0.0,178.0,-54.0,124.0,-1.0,-1.0,0.0,125.0,2.0,127.0,0.0,-1.0,126.0,130.6,5.6,315.0,0.4,0.4,0.414603,317.0,0.4,0.39,0.407666,
10/28/2012,2205.0,2205.0,-1384.0,1384.0,821.0,0.0,-453.0,391.0,236.0,155.0,27.0,35.0,368.0,-33.0,33.0,36.0,-3.0,,0.0,335.0,-105.0,230.0,-13.0,-13.0,0.0,243.0,2.0,245.0,0.0,0.0,245.0,266.0,34.0,314.0,0.78,0.74,0.847134,316.0,0.78,0.73,0.837595,
01/27/2013,2162.0,2162.0,-1400.0,1400.0,762.0,0.0,-485.0,438.0,275.0,163.0,32.0,15.0,277.0,-31.0,31.0,33.0,-2.0,,0.0,246.0,-78.0,168.0,-19.0,-19.0,0.0,187.0,3.0,190.0,0.0,0.0,190.0,201.0,30.0,314.0,0.61,0.54,0.640127,316.0,0.6,0.54,0.634937,
04/28/2013,1962.0,1962.0,-1256.0,1256.0,706.0,0.0,-449.0,409.0,245.0,164.0,35.0,5.0,257.0,-31.0,31.0,33.0,-2.0,,0.0,226.0,-59.0,167.0,-12.0,-12.0,0.0,179.0,2.0,181.0,0.0,0.0,181.0,183.0,14.0,314.0,0.58,0.54,0.582803,317.0,0.57,0.53,0.574164,
07/28/2013,1723.0,1723.0,-1100.0,1100.0,623.0,0.0,-445.0,386.0,191.0,195.0,34.0,25.0,178.0,-30.0,30.0,33.0,-3.0,,0.0,148.0,-33.0,115.0,275.0,275.0,0.0,-160.0,2.0,-158.0,0.0,0.0,-158.0,519.4,402.4,314.0,-0.5,0.37,1.65414,317.0,-0.5,0.37,1.639401,
10/27/2013,2165.0,2165.0,-1388.0,1388.0,777.0,0.0,-472.0,409.0,261.0,148.0,31.0,32.0,305.0,-30.0,30.0,31.0,-1.0,,0.0,275.0,-95.0,180.0,9.0,9.0,0.0,171.0,1.0,172.0,0.0,0.0,172.0,209.0,28.0,314.0,0.55,0.58,0.665605,317.0,0.54,0.57,0.658328,
01/26/2014,2281.0,2281.0,-1467.0,1467.0,814.0,0.0,-453.0,410.0,268.0,142.0,27.0,16.0,361.0,-29.0,29.0,29.0,0.0,,0.0,332.0,-104.0,228.0,-90.0,-90.0,0.0,318.0,7.0,325.0,0.0,0.0,325.0,240.0,5.0,314.0,1.04,0.75,0.764331,316.0,1.03,0.74,0.755823,
04/27/2014,1970.0,1970.0,-1294.0,1294.0,676.0,0.0,-384.0,351.0,217.0,134.0,30.0,3.0,292.0,-30.0,30.0,31.0,-1.0,,0.0,262.0,-79.0,183.0,0.0,0.0,0.0,183.0,1.0,184.0,0.0,0.0,184.0,184.0,11.65,314.0,0.59,0.59,0.623089,316.0,0.58,0.58,0.616867,
08/03/2014,1852.0,1852.0,-1221.0,1221.0,631.0,0.0,-397.0,338.0,189.0,149.0,33.0,26.0,234.0,-30.0,30.0,31.0,-1.0,,0.0,204.0,-69.0,135.0,0.0,0.0,0.0,135.0,2.0,137.0,0.0,0.0,137.0,155.0,18.0,314.0,0.44,0.44,0.493631,316.0,0.43,0.43,0.486962,
11/02/2014,2255.0,2255.0,-1460.0,1460.0,795.0,0.0,-406.0,374.0,243.0,131.0,28.0,4.0,389.0,-25.0,25.0,26.0,-1.0,,0.0,364.0,-116.0,248.0,0.0,0.0,0.0,248.0,0.0,248.0,0.0,0.0,248.0,248.0,0.0,314.0,0.79,0.79,0.79,316.0,0.78,0.78,0.78,
02/01/2015,2234.0,2234.0,-1491.0,1491.0,743.0,0.0,-406.0,374.0,239.0,135.0,25.0,7.0,337.0,-25.0,25.0,26.0,-1.0,,0.0,312.0,-90.0,222.0,0.0,0.0,0.0,222.0,0.0,222.0,0.0,0.0,222.0,222.0,0.0,313.0,0.71,0.71,0.71,314.0,0.71,0.71,0.71,
05/03/2015,1900.0,1900.0,-1218.0,1218.0,682.0,0.0,-397.0,355.0,213.0,142.0,30.0,12.0,285.0,-28.0,28.0,29.0,-1.0,,0.0,257.0,-78.0,179.0,0.0,0.0,0.0,179.0,0.0,179.0,0.0,0.0,179.0,206.0,27.0,311.0,0.58,0.58,0.662379,312.0,0.57,0.57,0.656538,
08/02/2015,1693.0,1693.0,-1131.0,1131.0,562.0,0.0,-519.0,382.0,189.0,193.0,34.0,103.0,43.0,-27.0,27.0,27.0,0.0,,0.0,16.0,1.0,17.0,0.0,0.0,0.0,17.0,0.0,17.0,0.0,0.0,17.0,153.0,136.0,310.0,0.05,0.05,0.493548,312.0,0.05,0.05,0.485897,
11/01/2015,2203.0,2203.0,-1448.0,1448.0,755.0,0.0,-440.0,382.0,226.0,156.0,32.0,26.0,315.0,-28.0,28.0,29.0,-1.0,,0.0,287.0,-93.0,194.0,0.0,0.0,0.0,194.0,0.0,194.0,0.0,0.0,194.0,297.0,103.0,310.0,0.63,0.63,0.958065,312.0,0.62,0.62,0.950128,
01/31/2016,2201.0,2201.0,-1382.0,1382.0,819.0,0.0,-405.0,369.0,223.0,146.0,23.0,13.0,414.0,-27.0,27.0,28.0,-1.0,,0.0,387.0,-122.0,265.0,0.0,0.0,0.0,265.0,0.0,265.0,0.0,0.0,265.0,267.88,2.88,310.0,0.85,0.85,0.864129,312.0,0.85,0.85,0.859231,
05/01/2016,1870.0,1870.0,-1210.0,1210.0,660.0,0.0,-392.0,382.0,228.0,154.0,31.0,-21.0,268.0,-28.0,28.0,29.0,-1.0,,0.0,240.0,-55.0,185.0,0.0,0.0,0.0,185.0,0.0,185.0,0.0,0.0,185.0,203.0,18.0,309.0,0.6,0.6,0.656958,311.0,0.59,0.59,0.647878,
07/31/2016,1687.0,1687.0,-1141.0,1141.0,546.0,0.0,-583.0,401.0,216.0,185.0,38.0,144.0,-37.0,-28.0,28.0,29.0,-1.0,,0.0,-65.0,-16.0,-81.0,0.0,0.0,0.0,-81.0,0.0,-81.0,0.0,0.0,-81.0,143.0,224.0,308.0,-0.26,-0.26,0.464286,310.0,-0.26,-0.26,0.462581,
10/30/2016,2202.0,2202.0,-1351.0,1351.0,851.0,0.0,-394.0,355.0,230.0,125.0,27.0,12.0,457.0,-28.0,28.0,29.0,-1.0,,0.0,429.0,-137.0,292.0,0.0,0.0,0.0,292.0,0.0,292.0,0.0,0.0,292.0,311.0,19.0,308.0,0.95,0.95,1.00974,310.0,0.94,0.94,1.00129,
01/29/2017,2171.0,2171.0,-1360.0,1360.0,811.0,0.0,-606.0,381.0,240.0,141.0,25.0,200.0,205.0,-28.0,28.0,29.0,-1.0,,0.0,177.0,-76.0,101.0,0.0,0.0,0.0,101.0,0.0,101.0,0.0,0.0,101.0,282.0,181.0,306.0,0.33,0.33,0.921569,309.0,0.33,0.33,0.915761,
04/30/2017,1853.0,1853.0,-1175.0,1175.0,678.0,0.0,-380.0,349.0,209.0,140.0,27.0,4.0,298.0,-28.0,28.0,29.0,-1.0,,0.0,270.0,-94.0,176.0,0.0,0.0,0.0,176.0,0.0,176.0,0.0,0.0,176.0,180.0,4.0,304.0,0.58,0.58,0.592105,306.0,0.58,0.58,0.592105,
07/30/2017,1664.0,1664.0,-1066.0,1066.0,598.0,0.0,-158.0,315.0,173.0,142.0,31.0,-188.0,440.0,-23.0,23.0,25.0,-2.0,,0.0,417.0,-99.0,318.0,0.0,0.0,0.0,318.0,0.0,318.0,0.0,0.0,318.0,159.0,-159.0,303.0,1.05,1.05,0.524752,305.0,1.04,1.04,0.518689,
10/29/2017,2161.0,2161.0,-1378.0,1378.0,783.0,0.0,-371.0,368.0,219.0,149.0,30.0,-27.0,412.0,-30.0,30.0,31.0,-1.0,,0.0,382.0,-107.0,275.0,0.0,0.0,0.0,275.0,0.0,275.0,0.0,0.0,275.0,278.0,3.0,301.0,0.91,0.91,0.923588,302.0,0.91,0.91,0.919934,
01/28/2018,2180.0,2180.0,-1414.0,1414.0,766.0,0.0,-523.0,393.0,228.0,165.0,27.0,103.0,243.0,-32.0,32.0,32.0,0.0,,0.0,211.0,74.0,285.0,0.0,0.0,0.0,285.0,0.0,285.0,0.0,0.0,285.0,300.0,15.0,301.0,0.95,0.95,0.996678,301.0,0.95,0.95,0.996678,
04/29/2018,1878.0,1878.0,-1263.0,1263.0,615.0,0.0,-457.0,373.0,220.0,153.0,25.0,59.0,158.0,-42.0,42.0,44.0,-2.0,,0.0,116.0,-43.0,73.0,466.0,466.0,0.0,-393.0,0.0,-393.0,0.0,0.0,-393.0,179.0,106.0,301.0,-1.31,0.24,0.594684,301.0,-1.31,0.24,0.592159,
07/29/2018,1745.0,1745.0,-1197.0,1197.0,548.0,0.0,-296.0,337.0,178.0,159.0,21.0,-62.0,252.0,-89.0,89.0,,,,0.0,163.0,-37.0,126.0,32.0,32.0,0.0,94.0,0.0,94.0,0.0,0.0,94.0,113.0,-13.0,301.0,0.31,0.42,0.375415,302.0,0.31,0.42,0.375415,
10/28/2018,2202.0,2202.0,-1476.0,1476.0,726.0,0.0,-400.0,359.0,211.0,148.0,23.0,18.0,326.0,-90.0,90.0,91.0,-1.0,,0.0,236.0,-56.0,180.0,-14.0,-14.0,0.0,194.0,0.0,194.0,0.0,0.0,194.0,214.0,34.0,301.0,0.64,0.6,0.710963,302.0,0.64,0.6,0.710963,
01/27/2019,2172.0,2172.0,-1466.0,1466.0,706.0,0.0,-381.0,367.0,221.0,146.0,20.0,-6.0,325.0,-91.0,91.0,91.0,0.0,,0.0,234.0,-58.0,176.0,235.0,235.0,0.0,-59.0,0.0,-59.0,0.0,0.0,-59.0,196.0,20.0,301.0,-0.2,0.58,0.651163,302.0,-0.2,0.58,0.646225,
04/28/2019,1953.0,1953.0,-1298.0,1298.0,655.0,0.0,-410.0,365.0,215.0,150.0,23.0,22.0,245.0,-89.0,89.0,89.0,0.0,,0.0,156.0,-33.0,123.0,39.0,39.0,0.0,84.0,0.0,84.0,0.0,0.0,84.0,154.68,31.68,301.0,0.28,0.41,0.513887,302.0,0.28,0.41,0.513887,
07/28/2019,1780.0,1780.0,-1174.0,1174.0,606.0,0.0,-523.0,361.0,195.0,166.0,25.0,137.0,83.0,-84.0,84.0,,,,0.0,-1.0,-4.0,-5.0,3.0,3.0,0.0,-8.0,0.0,-8.0,0.0,0.0,-8.0,125.0,130.0,301.0,-0.03,-0.02,0.415282,301.0,-0.03,-0.02,0.411894,
10/27/2019,2183.0,2183.0,-1445.0,1445.0,738.0,0.0,-421.0,340.0,206.0,134.0,22.0,59.0,317.0,-80.0,80.0,80.0,0.0,,0.0,237.0,-68.0,169.0,3.0,3.0,0.0,166.0,0.0,166.0,0.0,0.0,166.0,237.0,68.0,301.0,0.55,0.56,0.787375,303.0,0.55,0.56,0.784422,
01/26/2020,2162.0,2162.0,-1420.0,1420.0,742.0,0.0,-392.0,385.0,237.0,148.0,22.0,-15.0,350.0,-146.0,146.0,149.0,-3.0,,0.0,204.0,-33.0,171.0,-1037.0,-1037.0,0.0,1208.0,0.0,1208.0,0.0,0.0,1208.0,220.0,49.0,302.0,4.0,0.57,0.728477,304.0,3.97,0.56,0.721184,
04/26/2020,2238.0,2238.0,-1466.0,1466.0,772.0,0.0,-499.0,393.0,239.0,154.0,25.0,81.0,273.0,-55.0,55.0,55.0,0.0,,0.0,218.0,-52.0,166.0,-2.0,-2.0,0.0,168.0,0.0,168.0,0.0,0.0,168.0,253.0,87.0,302.0,0.56,0.55,0.837748,304.0,0.56,0.55,0.836184,
08/02/2020,2108.0,2108.0,-1361.0,1361.0,747.0,0.0,-580.0,451.0,265.0,186.0,24.0,105.0,167.0,-60.0,60.0,,,,0.0,107.0,-21.0,86.0,0.0,0.0,0.0,86.0,0.0,86.0,0.0,0.0,86.0,192.0,106.0,302.0,0.28,0.28,0.635762,304.0,0.28,0.28,0.628684,
10/31/2020,2324.6,,,,802.91684,,,,,,,,420.0,,,,,,,363.364,,276.333,,,,,,276.333,,,276.333,276.333,,,0.9,0.9,0.9,,0.9,0.9,0.9,
01/31/2021,2280.0,,,,791.3424,,,,,,,,386.1,,,,,,,331.6,,252.273,,,,,,252.273,,,252.273,252.273,,,0.838,0.838,0.838,,0.838,0.838,0.838,
