Date,Revenue,Sales & Services Revenue,Cost of Revenue,Cost of Goods & Services,Depreciation & Amortization,Gross Profit,Other Operating Income,Operating Expenses,"Selling, General & Admin",General & Administrative,Research & Development,Other Operating Expense,Operating Income (Loss),Non-Operating (Income) Loss,"Interest Expense, Net",Interest Expense,Interest Income,Foreign Exch (Gain) Loss,Other Non-Op (Income) Loss,Pretax Income,Income Tax Expense (Benefit),Tax Allowance/Credit,Income (Loss) from Cont Ops,Net Extraordinary Losses (Gains),Discontinued Operations,XO & Accounting Changes,Income (Loss) Incl. MI,Minority Interest,"Net Income, GAAP",Preferred Dividends,Other Adjustments,"Net Income Avail to Common, GAAP","Net Income Avail to Common, Adj",Net Abnormal Losses (Gains),Basic Weighted Avg Shares,"Basic EPS, GAAP",Basic EPS from Cont Ops,"Basic EPS from Cont Ops, Adjusted",Diluted Weighted Avg Shares,"Diluted EPS, GAAP",Diluted EPS from Cont Ops,"Diluted EPS from Cont Ops, Adjusted",Source: Bloomberg
10/31/1993,4.053,,-2.72,,,1.333,,-0.771,,,,,0.562,-0.412,,0.434,,0.0,-0.022,0.15,-0.06,,0.09,0.0,,,0.09,0.0,0.09,0.0,,0.09,0.09,,162.720005,0.000417,0.000417,,162.720005,0.000417,0.000417,0.000417,
01/31/1994,4.563,,-3.131,,,1.432,,-0.806,,,,,0.626,-0.073,,0.147,,0.0,-0.074,0.553,-0.221,,0.332,1.633,,,-1.301,0.0,-1.301,0.0,,-1.301,-1.301,,162.720005,-0.007917,0.002125,,162.720005,-0.007917,0.002125,0.002125,
04/30/1994,6.609,,-4.423,,,2.186,,-1.061,,,,,1.125,-0.076,,0.249,,0.0,-0.173,1.049,-0.42,,0.629,0.0,,,0.629,0.0,0.629,0.0,,0.629,0.629,,193.967995,0.003333,0.003333,,193.967995,0.003333,0.003333,0.003333,
07/31/1994,7.569,,-4.474,,,3.095,,-1.296,,,,,1.799,0.159,,0.09,,0.0,-0.249,1.958,-0.787,,1.171,-0.001,,,1.172,0.0,1.172,0.0,,1.172,1.172,,234.408005,0.005,0.005,,234.408005,0.005,0.005,0.005,
10/31/1994,9.687,,-6.17,,,3.517,,-1.505,,,,,2.012,0.092,,,,0.0,-0.092,2.104,-0.842,,1.262,0.0,,,1.262,0.0,1.262,0.0,,1.262,1.262,,237.120003,0.005417,0.005417,,237.120003,0.005417,0.005417,0.005417,
01/31/1995,10.98,,-6.807,,,4.172999,,-1.641,,,,,2.532,0.044,,,,0.0,-0.044,2.576,-0.99,,1.586,0.0,,,1.586,0.0,1.586,0.0,,1.586,1.586,,242.736008,0.006667,0.006667,,242.736008,0.006667,0.006667,0.006667,
04/30/1995,16.004,,-10.687,,,5.316999,,-2.204,,,,,3.113,0.055,,,,0.0,-0.055,3.168,-1.267,,1.901,0.0,,,1.901,0.0,1.901,0.0,,1.901,1.901,,243.072006,0.007917,0.007917,,243.072006,0.007917,0.007917,0.007917,
07/31/1995,21.445999,,-14.089,,,7.356999,,-3.751,,,,,3.606,-0.015,,,,0.0,0.015,3.591,-1.446,,2.145,0.0,,,2.145,0.0,2.145,0.0,,2.145,2.145,,306.744003,0.007083,0.007083,,306.744003,0.007083,0.007083,0.007083,
10/31/1995,26.416,,-18.316999,,,8.099001,,-3.815,,,,,4.284,0.08,,,,0.0,-0.08,4.364,-1.746,,2.618,0.0,,,2.618,0.0,2.618,0.0,,2.618,2.618,,320.064011,0.008333,0.008333,0.008333,320.064011,0.008333,0.008333,0.008333,
01/31/1996,26.070999,,-17.125,,,8.945999,,-4.064,,,,,4.882,0.153,,,,0.0,-0.153,5.035,-2.013,,3.022,0.0,,,3.022,0.0,3.022,0.0,,3.022,3.022,,318.984009,0.009583,0.009583,0.009583,318.984009,0.009583,0.009583,0.009583,
04/30/1996,34.330002,,-25.458,,,8.872002,,-4.334,,,,,4.538,0.112,,,,0.0,-0.112,4.65,-1.861,,2.789,0.0,,,2.789,0.0,2.789,0.0,,2.789,2.789,,321.528008,0.00875,0.00875,0.00875,321.528008,0.00875,0.00875,0.00875,
07/31/1996,31.431,,-22.641001,,,8.789999,,-4.69,,,,,4.1,0.043,,,,0.0,-0.043,4.143,-1.384,,2.759,0.0,,,2.759,0.0,2.759,0.0,,2.759,2.759,,318.095993,0.00875,0.00875,0.00875,318.095993,0.00875,0.00875,0.00875,
10/31/1996,32.516998,,-24.351,,,8.165998,,-4.329,,,,,3.837,0.037,,0.0,,0.0,-0.037,3.874,-1.536,,2.338,0.0,,,2.338,0.0,2.338,0.0,,2.338,2.338,,320.280006,0.0075,0.0075,0.0075,320.280006,0.0075,0.0075,0.0075,
01/31/1997,30.3645,,-20.907,,,9.4575,,-25.4092,,,,,4.9553,0.0858,,0.0,,0.0,-0.0858,5.0411,-2.0295,,3.0116,0.0,,,3.0116,0.0,3.0116,0.0,,3.0116,3.0116,,319.461,0.009583,0.009583,0.009583,319.461,0.009583,0.009583,0.009583,
04/30/1997,33.8068,,-23.976,,,9.8308,,-28.5019,,,,,5.3049,0.1925,,0.0,,0.0,-0.1925,5.4974,-2.1994,,3.298,0.0,,,3.298,0.0,3.298,0.0,,3.298,3.298,,322.2168,0.010417,0.010417,0.010417,322.2168,0.010417,0.010417,0.010417,
07/31/1997,29.587999,,-20.160999,,,9.427,,-4.673,,,,,4.754,0.307,,0.826,,0.0,-1.133,5.061,-1.718,,3.343,0.0,,,3.343,0.0,3.343,0.0,,3.343,3.343,,322.032005,0.010417,0.010417,0.010417,322.032005,0.010417,0.010417,0.010417,
10/31/1997,27.4908,,-18.037001,,,9.453799,0.0,-22.6762,,,,,4.8146,0.3332,-0.1962,0.0,,0.0,-0.137,5.1478,-2.0077,,3.1401,0.0,,,3.1401,0.0,3.1401,0.0,0.0,3.1401,3.1401,,323.0472,0.009583,0.009583,0.009583,323.0472,0.009583,0.009583,0.009583,
01/31/1998,26.1736,,-16.176001,,,9.997599,0.0,-20.7915,,,,,5.3821,0.2785,-0.2493,0.1574,-0.4067,0.0,-0.0292,5.6606,-2.2077,,3.4529,0.0,,,3.4529,0.0,3.4529,0.0,0.0,3.4529,3.4529,,631.3584,0.005417,0.005417,0.005417,645.888,0.005417,0.005417,0.005417,
04/30/1998,30.5687,,-18.718,,,11.8507,,-23.9186,,,,,6.6501,0.4029,,0.0,,0.0,-0.4029,7.053,-2.7505,,4.3025,0.0,,,4.3025,0.0,4.3025,0.0,,4.3025,4.3025,,317.2248,0.01375,0.01375,0.01375,324.6912,0.013333,0.013333,0.013333,
07/31/1998,29.973,,-18.583,,,11.39,,-23.313,,,,,6.66,-0.227,,0.65,-0.371,0.0,-0.052,7.083,-2.762,,4.321,0.0,,,4.321,0.0,4.321,0.0,0.0,4.321,4.321,,317.976,0.01375,0.01375,0.01375,325.944,0.013333,0.013333,0.013333,
10/31/1998,30.1931,,-18.58,,,11.6131,,-23.8462,,,,,6.3469,0.523,,0.1495,-0.4379,0.0,-0.2346,6.8699,-2.6792,,4.1907,0.0,,,4.1907,0.0,4.1907,0.0,0.0,4.1907,4.1907,,318.9672,0.013333,0.013333,0.013333,326.6616,0.012917,0.012917,0.012917,
01/31/1999,32.0543,,-21.558001,,,10.496299,,-24.6161,,,,,7.4382,0.4018,,0.1472,-0.3811,0.0,-0.1679,7.84,-3.0184,,4.8216,0.0,,,4.8216,0.0,4.8216,0.0,,4.8216,4.8216,,319.824,0.015,0.015,0.015,330.4488,0.015,0.015,0.015,
04/30/1999,40.0148,,-24.577,,,15.4378,,-30.2659,,,,,9.7489,0.3068,,0.1447,-0.3127,0.0,-0.1388,10.0557,-3.7708,,6.2849,0.0,,,6.2849,0.0,6.2849,0.0,,6.2849,6.2849,,320.4696,0.02,0.02,0.02,333.5652,0.019167,0.019167,0.019167,
07/31/1999,39.488998,,-21.764999,,,17.723999,,-7.874,,,,,9.85,0.507,,0.143,,0.0,-0.65,10.357,-3.688,,6.668,0.0,,,6.669,0.0,6.668,0.0,,6.668,6.668,,321.755997,0.020833,0.020833,0.020833,334.727989,0.02,0.02,0.02,
10/31/1999,40.5076,,-24.636999,,,15.870601,,-30.6952,,,,,9.8124,0.452,,0.1401,-0.4079,0.0,-0.1842,10.2644,-3.9518,,6.3126,0.0,,,6.3126,0.0,6.3126,0.0,0.0,6.3126,6.3126,,322.176,0.02,0.02,0.02,335.3352,0.019167,0.019167,0.019167,
01/31/2000,44.4064,,-27.362,,,17.0444,,-34.1031,,,,,10.3033,0.4633,,0.138,-0.4464,0.0,-0.1549,10.7666,-4.1481,,6.6185,0.0,,,6.6185,0.0,6.6185,0.0,0.0,6.6185,6.6185,,322.371,0.02,0.02,0.02,337.4712,0.02,0.02,0.02,
04/30/2000,53.8012,,-33.762001,,,20.039199,,-40.6938,,,,,13.1074,0.4422,,0.1355,-0.3148,0.0,-0.2629,13.5496,-5.2135,,8.3361,0.0,,,8.3361,0.0,8.3361,0.0,0.0,8.3361,8.3361,,323.487,0.025,0.025,0.025,338.7894,0.025,0.025,0.025,
07/31/2000,51.327301,,-30.9363,,,20.391001,,-7.3978,,,,,12.9932,0.3998,,0.1368,,0.0,-0.5366,13.393,-5.2309,,8.1621,0.0,,,8.1621,0.0,8.1621,0.0,,8.1621,8.1621,,325.572006,0.025,0.025,0.025,337.332001,0.025,0.025,0.025,
10/31/2000,57.1394,,-35.355999,,,21.783401,,-43.1924,,,,,13.947,0.676,,0.1359,-0.3508,0.0,-0.4611,14.623,-5.7038,,8.9192,0.0,,,8.9192,0.0,8.9192,0.0,0.0,8.9192,8.9192,,327.33,0.026667,0.026667,0.026667,338.7192,0.026667,0.026667,0.026667,
01/31/2001,56.6382,,-34.123001,,,22.515199,,-41.8172,,,,,14.821,0.6322,,0.1509,-0.4621,0.0,-0.321,15.4532,-6.104,,9.3492,0.0,,,9.3492,0.0,9.3492,0.0,0.0,9.3492,9.3492,,328.2798,0.028333,0.028333,0.028333,338.562,0.028333,0.028333,0.028333,
04/30/2001,71.4806,,-43.209999,,,28.270601,,-52.4005,,,,,19.0801,0.1903,,0.1494,-0.2852,0.0,-0.0545,19.2704,-7.7852,,11.4852,0.0,,,11.4852,0.0,11.4852,0.0,0.0,11.4852,11.4852,,330.4386,0.035,0.035,0.035,341.4108,0.033333,0.033333,0.033333,
07/31/2001,68.630997,,-39.362999,,,29.267998,,-8.999,,,,,20.268999,1.428,,0.058,-0.4,0.0,-1.086,21.696999,-8.766,,12.931,0.0,,,12.930999,0.0,12.931,0.0,0.0,12.931,12.931,,331.421997,0.038333,0.038333,0.038333,343.253998,0.038333,0.038333,0.038333,
10/31/2001,72.2825,,-43.231998,,,29.050502,,-51.8187,,,,,20.4638,0.6241,,0.0119,-0.2429,0.0,-0.3931,21.0879,-8.3297,,12.7582,0.0,,,12.7582,0.0,12.7582,0.0,0.0,12.7582,12.7582,,332.7378,0.038333,0.038333,0.038333,344.9286,0.036667,0.036667,0.036667,
01/31/2002,71.3823,,-43.132,,,28.2503,,-52.2232,,,,,19.1591,0.9136,,0.0106,-0.5128,0.0,-0.4114,20.0727,-7.5775,,12.4952,0.0,,,12.4952,0.0,12.4952,0.0,0.0,12.4952,12.4952,,356.498,0.035,0.035,0.035,369.9868,0.035,0.035,0.035,
04/30/2002,90.1581,,-53.014,,,37.1441,,-64.147,,,,,26.0111,0.9814,,0.0093,-0.4938,0.0,-0.4969,26.9925,-10.3921,,16.6004,0.0,,,16.6004,0.0,16.6004,0.0,0.0,16.6004,16.6004,,363.322,0.045,0.045,0.045,374.0632,0.045,0.045,0.045,
07/31/2002,82.633003,,-47.577999,,,35.055004,,-10.75,,,,,24.305,1.199,,0.008,-0.62,0.0,-0.587,25.504,-9.968,,15.536,0.0,,,15.536,0.0,15.536,0.0,0.0,15.536,15.536,,366.455994,0.0425,0.0425,0.0425,376.18399,0.0425,0.0425,0.0425,
10/31/2002,83.4949,,-47.879002,,,35.615898,,-59.7974,,,,,23.6975,0.6108,-0.4551,0.0066,-0.4617,0.0,-0.1557,24.3083,-9.6018,,14.7065,0.0,,,14.7065,0.0,14.7065,0.0,0.0,14.7065,14.7065,,368.9956,0.04,0.04,0.04,376.2252,0.04,0.04,0.04,
01/31/2003,82.7834,,-48.198002,,,34.585398,,-61.0366,,,,,21.7468,0.7679,-0.4817,0.0065,-0.4882,0.0,-0.2862,22.5147,-8.7582,,13.7565,0.0,,,13.7565,0.0,13.7565,0.0,0.0,13.7565,13.7565,,369.4636,0.0375,0.0375,0.0375,376.3512,0.0375,0.0375,0.0375,
04/30/2003,93.9287,,-55.012001,,,38.916699,,-69.32,,,,,24.6087,0.8721,,0.0045,-0.3395,0.0,-0.5371,25.4808,-10.058,,15.4228,0.0,,,15.4228,0.0,15.4228,0.0,0.0,15.4228,15.4228,,364.7804,0.0425,0.0425,0.0425,370.398,0.0425,0.0425,0.0425,
07/31/2003,87.216003,,-51.331001,,,35.885002,,-14.873,,,,,21.011999,0.852,,0.002,-0.361,0.0,-0.493,21.863999,-8.527,,13.337,0.0,,,13.336999,0.0,13.337,0.0,0.0,13.337,13.337,,359.256012,0.0375,0.0375,0.0375,365.368011,0.0375,0.0375,0.0375,
10/31/2003,91.4666,,-51.661999,,,39.804601,,-67.1795,,,,,24.2871,0.9048,-0.2939,0.0016,-0.2955,0.0,-0.6109,25.1919,-9.9508,,15.2411,0.0,,,15.2411,0.0,15.2411,0.0,0.0,15.2411,15.2411,,357.9688,0.0425,0.0425,0.0425,364.7328,0.0425,0.0425,0.0425,
01/31/2004,92.6349,,-50.141998,,,42.492902,,-66.8148,,,,,25.8201,2.8876,-0.2925,0.0006,-0.2931,0.0,-2.5951,28.7077,-11.3399,,17.3678,0.0,,,17.3678,0.0,17.3678,0.0,0.0,17.3678,17.3678,,356.0952,0.05,0.05,0.05,365.9396,0.0475,0.0475,0.045903,
04/30/2004,116.6184,,-58.053001,,,58.565399,,-76.2199,,,,,40.3985,0.1561,-0.3383,0.0005,-0.3388,0.0,0.1822,40.5546,-15.5902,,24.9644,0.0,,,24.9644,0.0,24.9644,0.0,0.0,24.9644,24.9644,,357.4908,0.07,0.07,0.07,367.8948,0.0675,0.0675,0.068866,
07/31/2004,100.075996,,-48.900002,,,51.175995,,-16.916,,,,,34.259998,1.582,,0.0,-0.582,0.0,-1.0,35.841998,-14.195,,21.646999,0.0,,,21.646999,0.0,21.646999,0.0,0.0,21.646999,21.646999,,359.747986,0.06,0.06,0.055,371.283997,0.0575,0.0575,0.0525,
10/31/2004,104.110001,,-52.723999,,,51.386002,,-16.318001,,,,,35.068001,1.974,,,-0.78,0.0,-1.194,37.042001,-14.372,,22.67,0.0,,,22.670001,0.0,22.67,0.0,0.0,22.67,22.67,,360.324004,0.0625,0.0625,0.0625,370.536012,0.06,0.06,0.06,
01/31/2005,110.0145,,,,,,,-73.3909,,,,,36.6236,1.8611,-1.0381,,-1.0381,0.0,-0.823,38.4847,-14.9321,,23.5526,,,,23.5526,0.0,23.5526,0.0,0.0,23.5526,23.5526,,360.4916,0.065,0.065,0.065,372.4848,0.0625,0.0625,0.0625,
04/30/2005,130.426,,,,,,,-82.673,,,,,47.753,1.926,-1.217,,-1.217,,-0.709,49.679,-18.774,,30.905,,,,30.905,,30.905,0.0,0.0,30.905,30.905,,360.716,0.085,0.085,0.085,372.4,0.0825,0.0825,0.0825,
07/31/2005,110.575,,-72.974,,,37.601,,,,,,,37.601,2.1919,,0.062,-1.8729,0.0,-0.381,39.7929,-14.6939,,25.099,0.11,,,24.989,0.0,24.988,0.0,0.0,24.988,24.988,,361.068,0.07,0.07,0.07,373.028,0.07,0.07,0.07,
10/31/2005,116.739,,,,,,0.0,-82.74,,,,,33.999,2.413,-1.775,,,0.0,-0.638,36.412,-13.746,,22.666,-0.147,,,22.813,0.0,22.813,0.0,0.0,22.813,22.813,,361.54,0.0625,0.0625,0.0625,370.92,0.0625,0.06,0.06,
01/31/2006,125.099,,,,,,,-88.084,,,,,37.015,1.709,-1.805,,,0.0,0.096,38.724,-12.606,,26.118,18.265,,,7.853,0.0,7.853,0.0,0.0,7.853,7.853,,361.604,0.0225,0.0725,0.0675,370.544,0.02,0.07,0.065,
04/30/2006,149.512,,,,,,,-96.161,,,,,53.351,0.338,-1.805,,-1.805,0.0,1.467,53.689,-20.509,,33.18,-1.53,,,34.71,0.0,34.71,0.0,0.0,34.71,34.71,,361.172,0.095,0.0925,0.097175,371.536,0.0925,0.09,0.094548,
07/31/2006,137.2,,-72.482,,,64.718,,-17.521,,,,,47.197,-1.497,,0.072,,0.0,1.425,45.7,-14.912,,30.788,-0.785,,,31.573,0.0,31.573,0.0,0.0,31.573,31.573,,361.6,0.0875,0.085,0.085,371.32,0.085,0.0825,0.0825,
10/31/2006,132.121,,-70.231,,,61.89,,-14.997,,,,,46.893,1.462,-3.027,,,0.0,1.565,48.355,-18.01,,30.345,0.0,,,30.345,0.0,30.345,0.0,0.0,30.345,30.345,,362.0,0.085,0.085,0.085,373.5,0.08,0.08,0.08,
01/31/2007,128.925,,-68.536,,,60.389,,-15.225,,,,,45.164,3.528,-3.283,,,0.0,-0.245,48.692,-18.3,,30.392,0.0,,,30.392,0.0,30.392,0.0,0.0,30.392,30.392,,363.008,0.0825,0.0825,0.0825,374.728,0.08,0.08,0.08,
04/30/2007,145.652,,-72.665,,,72.987,,-15.758,,,,,57.229,4.796,-3.54,,,0.0,-1.256,62.025,-23.158,,38.867,0.0,,,38.867,0.0,38.867,0.0,0.0,38.867,38.867,,365.084,0.1075,0.1075,0.1075,375.14,0.1025,0.1025,0.1025,
07/31/2007,153.982,,,,,,,-100.122,,,,,53.859,4.49,,,,0.0,-4.49,58.349,-21.615,,36.734,0.0,,,36.734,0.0,36.734,0.0,0.0,36.734,36.734,,360.404,0.1025,0.1025,0.1025,371.196,0.1,0.1,0.1,
10/31/2007,183.957,,,,,,,-127.33,,,,,56.627,3.539,-2.743,,,,-0.796,60.166,-22.556,,37.61,0.0,0.0,0.0,37.61,0.0,37.61,0.0,0.0,37.61,37.61,,354.232,0.105,0.105,0.105,362.744,0.1025,0.1025,0.1025,
01/31/2008,173.459,,-27.633,,,145.826,,-98.591,,,,,47.235,3.354,-2.472,,,,-0.882,50.589,-18.563,,32.026,0.0,0.0,0.0,32.026,0.0,32.026,0.0,0.0,32.026,32.026,,355.208,0.09,0.09,0.09,365.332,0.0875,0.0875,0.0875,
04/30/2008,221.15,,-43.708,,,177.442,,-108.758,,,,,68.684,2.19,-1.377,,,,-0.813,70.874,-24.397,,46.477,0.0,,0.0,46.477,0.0,46.477,0.0,0.0,46.477,46.477,0.0,348.476,0.1325,0.1325,0.1325,358.828,0.13,0.13,0.13,
07/31/2008,206.282,,-34.506,,,171.776,,-106.404,,,,,65.372,2.65,-0.959,,,,-1.691,68.022,-27.202,0.0,40.82,0.0,,0.0,40.82,0.0,40.82,0.0,0.0,40.82,40.82,0.0,340.752,0.12,0.12,0.12,349.472,0.1175,0.1175,0.1175,
10/31/2008,191.569,191.569,-111.999,103.663,2.542,79.57,0.0,-20.085,17.543,17.543,,0.0,59.485,1.835,-0.581,,,,-1.254,61.32,-24.066,,37.254,0.0,0.0,0.0,37.254,0.0,37.254,0.0,0.0,37.254,36.604,-0.65,333.132,0.1125,0.1125,0.109878,341.28,0.11,0.11,0.108095,
01/31/2009,169.855,169.855,-102.563,94.578,2.218,67.292,0.0,-21.723,19.505,19.505,,0.0,45.569,-1.391,-0.407,,,,1.798,44.178,-17.028,,27.15,0.0,0.0,0.0,27.15,0.0,27.15,0.0,0.0,27.15,27.8,0.65,333.772,0.0825,0.0825,0.083291,336.824,0.08,0.08,0.08193,
04/30/2009,197.326,197.326,-111.859,103.766,2.124,85.467,0.0,-20.587,18.463,18.463,,0.0,64.88,1.016,-0.48,,,,-0.536,65.896,-25.384,,40.512,-1.557,-1.557,0.0,42.069,0.0,42.069,0.0,0.0,42.069,40.512,0.0,334.524,0.125,0.12,0.12,339.128,0.125,0.12,0.12,
07/31/2009,184.332,184.332,-104.403,96.014,2.162,79.929,0.0,-24.541,22.379,22.379,,0.0,55.388,0.946,0.051,,,,-0.997,56.334,-21.708,,34.626,0.0,0.0,0.0,34.626,0.0,34.626,0.0,0.0,34.626,34.626,0.0,335.176,0.1025,0.1025,0.1025,336.856,0.1025,0.1025,0.1025,
10/31/2009,185.461,185.461,-102.876,94.354,2.173,82.585,0.0,-26.093,23.92,23.92,,0.0,56.492,0.56,0.071,0.142,-0.071,,-0.631,57.052,-21.782,,35.27,0.0,0.0,0.0,35.27,0.0,35.27,0.0,0.0,35.27,35.79,0.52,336.18,0.105,0.105,0.106461,339.792,0.105,0.105,0.106461,
01/31/2010,176.601,176.601,-97.914,89.46,2.091,78.687,0.0,-25.455,23.364,23.364,,0.0,53.232,-0.06,-0.042,0.021,-0.063,,0.102,53.172,-17.439,,35.733,0.0,0.0,0.0,35.733,0.0,35.733,0.0,0.0,35.733,36.58227,0.84927,336.432,0.105,0.105,0.108736,339.708,0.105,0.105,0.1075,
04/30/2010,220.349,220.349,-119.851,111.038,2.038,100.498,0.0,-28.372,26.334,26.334,,0.0,72.126,-0.542,0.013,0.038,-0.025,,0.529,71.584,-27.194,,44.39,0.0,0.0,0.0,44.39,0.0,44.39,0.0,0.0,44.39,45.95,1.56,336.896,0.1325,0.1325,0.136392,340.592,0.13,0.13,0.13458,
07/31/2010,190.468,190.468,-104.244,95.092,1.988,86.224,0.0,-29.004,27.016,27.016,,0.0,57.22,0.467,-0.031,,,,-0.436,57.687,-21.453,,36.234,0.0,0.0,0.0,36.234,0.0,36.234,0.0,0.0,36.234,36.949,0.715,337.136,0.1075,0.1075,0.109597,340.348,0.1075,0.1075,0.109597,
10/31/2010,212.667,212.667,-123.813,114.364,2.276,88.854,0.0,-29.26,26.984,26.984,,0.0,59.594,0.569,-0.065,0.015,-0.08,,-0.504,60.163,-22.34,,37.823,0.0,0.0,0.0,37.823,0.0,37.823,0.0,0.0,37.823,37.823,0.0,334.98,0.1125,0.1125,0.1125,337.624,0.1125,0.1125,0.1125,
01/31/2011,207.38,207.38,-121.475,112.118,2.007,85.905,0.0,-25.71,23.703,23.703,,0.0,60.195,0.522,0.284,0.417,-0.133,,-0.806,60.717,-22.824,,37.893,0.0,0.0,0.0,37.893,0.0,37.893,0.0,0.0,37.893,38.283,0.39,324.96,0.1175,0.1175,0.117808,327.82,0.115,0.115,0.11619,
04/30/2011,236.755,236.755,-127.848,118.588,2.067,108.907,0.0,-26.863,24.796,24.796,,0.0,82.044,-1.694,1.673,1.832,-0.159,,0.021,80.35,-30.214,,50.136,0.0,0.0,0.0,50.136,0.0,50.136,0.0,0.0,50.136,50.656,0.52,279.224,0.18,0.18,0.181417,284.132,0.1775,0.1775,0.17933,
07/31/2011,215.443,215.443,-125.856,116.964,2.394,89.587,0.0,-26.131,23.737,23.737,,0.0,63.456,-0.811,,1.693,,,-0.882,62.645,-22.124,,40.521,0.0,0.0,0.0,40.521,0.0,40.521,0.0,0.0,40.521,40.521,0.0,1081.84,0.0375,0.0375,0.0375,1105.856,0.03625,0.03625,0.03625,
10/31/2011,225.626,225.626,-130.401,122.199,3.893,95.225,0.0,-29.849,25.956,25.956,,0.0,65.376,-1.561,2.125,2.187,-0.062,,-0.564,63.815,-22.666,,41.149,0.0,0.0,0.0,41.149,0.0,41.149,0.0,0.0,41.149,42.124,0.975,525.728,0.0775,0.0775,0.080125,535.208,0.0775,0.0775,0.079322,
01/31/2012,227.904,227.904,-128.208,120.027,3.97,99.696,0.0,-36.157,23.416,23.416,,8.771,63.539,-1.323,2.914,3.033,-0.119,,-1.591,62.216,-21.613,,40.603,0.0,0.0,0.0,40.603,0.0,40.603,0.0,0.0,40.603,48.53955,7.93655,256.612,0.16,0.16,0.189156,263.18,0.155,0.155,0.185156,
04/30/2012,244.105,244.105,-128.836,120.49,3.723,115.269,0.0,-27.325,23.602,23.602,,0.0,87.944,-3.397,2.93,3.008,-0.078,,0.467,84.547,-29.076,,55.471,0.0,0.0,0.0,55.471,0.0,55.471,0.0,0.0,55.471,55.666,0.195,253.192,0.22,0.22,0.219857,260.902,0.215,0.215,0.215748,
07/31/2012,226.556,226.556,-127.13,118.821,3.528,99.426,0.0,-29.932,26.404,26.404,,0.0,69.494,-2.016,3.015,,,,-0.999,67.478,-22.582,,44.896,0.0,0.0,0.0,44.896,0.0,44.896,0.0,0.0,44.896,44.36105,-0.53495,252.224,0.18,0.18,0.175879,259.706,0.175,0.175,0.17294,
10/31/2012,238.866,238.866,-133.43,124.332,3.741,105.436,0.0,-31.079,27.338,27.338,,0.0,74.357,-2.769,2.476,2.632,-0.156,,0.293,71.588,-25.743,,45.845,0.0,0.0,0.0,45.845,0.0,45.845,0.0,0.0,45.845,46.04,0.195,248.604,0.185,0.185,0.185194,256.946,0.18,0.18,0.180759,
01/31/2013,266.185,266.185,-169.368,158.705,3.949,96.817,0.0,-34.047,30.098,30.098,,0.0,62.77,-1.653,2.397,2.588,-0.191,,-0.744,61.117,-21.477,,39.64,0.0,0.0,0.0,39.64,0.0,39.64,0.0,0.0,39.64,48.0612,8.4212,249.418,0.16,0.16,0.192693,259.04,0.155,0.155,0.187509,
04/30/2013,277.638,277.638,-162.041,151.279,4.034,115.597,0.0,-32.784,28.75,28.75,,0.0,82.813,-0.808,2.4,2.538,-0.138,,-1.592,82.005,-28.769,,53.236,0.0,0.0,0.0,53.236,0.0,53.236,0.0,0.0,53.236,53.431,0.195,250.54,0.21,0.21,0.213263,261.06,0.205,0.205,0.205747,
07/31/2013,263.697,263.697,-160.625,150.382,4.238,103.072,0.0,-40.02,35.782,35.782,,0.0,63.052,-0.89,2.356,,,,-1.466,62.162,-20.858,,41.304,0.0,0.0,0.0,41.304,0.0,41.304,0.0,0.0,41.304,41.5159,0.2119,250.76,0.165,0.165,0.16556,261.226,0.16,0.16,0.160811,
10/31/2013,279.883,279.883,-172.047,161.952,4.409,107.836,0.0,-42.877,38.468,38.468,,0.0,64.959,-0.714,2.137,2.286,-0.149,,-1.423,64.245,-22.823,,41.422,0.0,0.0,0.0,41.422,0.0,41.422,0.0,0.0,41.422,43.437,2.015,250.92,0.165,0.165,0.173111,261.412,0.16,0.16,0.167708,
01/31/2014,286.434,286.434,-174.888,165.428,3.615,111.546,0.0,-40.062,36.447,36.447,,0.0,71.484,-0.896,2.066,2.209,-0.143,,-1.17,70.588,-25.243,,45.345,0.0,0.0,0.0,45.345,0.0,45.345,0.0,0.0,45.345,48.335,2.99,251.128,0.18,0.18,0.192471,262.202,0.175,0.175,0.186403,
04/30/2014,309.722,309.722,-177.47,169.36,4.659,132.252,0.0,-69.619,35.856,35.856,,29.104,62.633,-1.315,2.023,2.104,-0.081,,-0.708,61.318,-20.441,,40.877,0.0,0.0,0.0,40.877,0.0,40.877,0.0,0.0,40.877,61.189,20.312,251.588,0.16,0.16,0.243211,262.972,0.155,0.155,0.23224,
07/31/2014,287.45,287.45,-170.511,161.96,4.825,116.939,0.0,-41.081,36.256,36.256,,0.0,75.858,-1.974,2.051,2.169,-0.118,,-0.077,73.884,-22.841,,51.043,0.0,0.0,0.0,51.043,0.0,51.043,0.0,0.0,51.043,51.888,0.845,251.918,0.205,0.205,0.205972,263.258,0.195,0.195,0.19821,
10/31/2014,290.386,290.386,-168.078,159.218,2.87,122.308,0.0,-39.907,37.037,37.037,,0.0,82.401,-0.178,1.771,1.91,-0.139,,-1.593,82.223,-29.608,,52.615,0.0,0.0,0.0,52.615,0.0,52.615,0.0,0.0,52.615,52.44535,-0.16965,252.434,0.21,0.21,0.207759,263.034,0.2,0.2,0.199355,
01/31/2015,276.258,276.258,-161.391,152.848,2.857,114.867,0.0,-34.399,27.587,27.587,,3.955,80.468,-0.364,4.505,4.688,-0.183,,-4.141,80.104,-27.911,,52.193,0.0,0.0,0.0,52.193,0.0,52.193,0.0,0.0,52.193,52.0656,-0.1274,252.6,0.205,0.205,0.206119,263.744,0.2,0.2,0.199517,
04/30/2015,297.142,297.142,-169.725,160.477,2.916,127.417,0.0,-32.65,25.94,25.94,,3.794,94.767,-6.471,5.656,5.917,-0.261,,0.815,88.296,-30.733,,57.563,0.0,0.0,0.0,57.563,0.0,57.563,0.0,0.0,57.563,57.3823,-0.1807,252.83,0.23,0.23,0.22696,264.248,0.22,0.22,0.219316,
07/31/2015,282.293,282.293,-163.509,155.247,3.01,118.784,0.0,-32.019,24.64,24.64,,4.369,86.765,-5.319,5.372,5.606,-0.234,,-0.053,81.446,-24.034,,57.412,0.0,0.0,0.0,57.412,0.0,57.412,0.0,0.0,57.412,57.67655,0.26455,249.486,0.23,0.23,0.231182,260.41,0.22,0.22,0.221016,
10/31/2015,288.838,288.838,-167.977,159.632,6.352,120.861,0.0,-34.615,23.535,23.535,,4.728,86.246,-4.486,5.513,5.724,-0.211,,-1.027,81.76,-29.15,,52.61,0.0,0.0,0.0,52.61,0.0,52.61,0.0,0.0,52.61,52.374,-0.236,240.31,0.22,0.22,0.217944,254.288,0.205,0.205,0.204072,
01/31/2016,299.706,299.706,-175.092,166.844,6.886,124.614,0.0,-32.529,20.933,20.933,,4.71,92.085,-0.533,4.968,5.57,-0.602,,-4.435,91.552,-32.548,,59.004,0.0,0.0,0.0,59.004,0.0,59.004,0.0,0.0,59.004,58.9331,-0.0709,234.612,0.25,0.25,0.251194,249.224,0.235,0.235,0.234715,
04/30/2016,347.246,347.246,-189.599,181.26,8.038,157.647,0.0,-35.699,23.341,23.341,,4.32,121.948,-5.38,5.419,5.702,-0.283,,-0.039,116.568,-41.944,,74.624,0.0,0.0,0.0,74.624,0.0,74.624,0.0,0.0,74.624,73.9627,-0.6613,221.088,0.34,0.34,0.334539,236.412,0.32,0.32,0.317203,
07/31/2016,332.659,332.659,-191.195,182.473,8.552,141.464,0.0,-35.273,22.285,22.285,,4.436,106.191,-0.206,6.257,6.61,-0.353,,-6.051,105.985,-21.863,,84.122,0.0,0.0,0.0,84.122,0.0,84.122,0.0,0.0,84.122,72.6151,-11.5069,219.156,0.385,0.385,0.33134,237.038,0.355,0.355,0.306455,
10/31/2016,345.991,345.991,-200.698,191.25,10.522,145.293,0.0,-40.469,25.663,25.663,,4.284,104.824,-2.29,5.622,5.959,-0.337,,-3.332,102.534,64.746,,167.28,0.0,0.0,0.0,167.28,0.0,167.28,0.0,0.0,167.28,65.9097,-101.3703,225.436,0.74,0.74,0.292366,237.758,0.705,0.705,0.278641,
01/31/2017,349.532,349.532,-202.767,193.05,10.996,146.765,0.0,-37.885,22.177,22.177,,4.712,108.88,-8.781,5.76,6.144,-0.384,,3.021,100.099,-34.033,,66.066,0.0,0.0,0.0,66.066,0.0,66.066,0.0,0.0,66.066,64.64295,-1.42305,229.142,0.29,0.29,0.282108,235.588,0.28,0.28,0.27396,
04/30/2017,373.862,373.862,-201.357,191.406,6.514,172.505,0.0,-35.717,25.023,25.023,,4.18,136.788,-5.7,5.506,5.869,-0.363,,0.194,131.088,-40.542,,90.546,0.0,0.0,0.0,90.546,0.0,90.546,0.0,0.0,90.546,86.5091,-4.0369,229.92,0.39,0.39,0.376257,237.135,0.38,0.38,0.362976,
07/31/2017,378.596,378.596,-211.131,200.292,6.058,167.465,0.0,-56.658,26.789,26.789,0.0,23.811,110.807,-4.428,5.485,5.807,-0.322,0.0,-1.057,106.379,-36.01,,70.369,0.0,0.0,0.0,70.369,-0.034,70.335,0.0,0.0,70.335,83.68785,13.35285,230.286,0.31,0.31,0.363408,237.634,0.3,0.3,0.356191,
10/31/2017,419.168,419.168,-255.904,245.368,10.732,163.264,0.0,-39.322,24.136,24.136,,4.454,123.942,-9.814,5.398,5.595,-0.197,,4.416,114.128,-36.568,,77.56,0.0,0.0,0.0,77.56,-0.045,77.515,0.0,0.0,77.515,76.742,-0.773,230.694,0.34,0.34,0.332657,238.791,0.32,0.32,0.316763,
01/31/2018,459.106,459.106,-267.497,255.604,11.956,191.609,0.0,-40.662,23.716,23.716,,4.99,150.947,-6.509,5.561,5.758,-0.197,,0.948,144.438,-41.137,,103.301,0.0,0.0,0.0,103.301,-0.045,103.256,0.0,0.0,103.256,110.784709,7.528709,231.478,0.45,0.45,0.478597,241.36,0.43,0.43,0.461193,
04/30/2018,478.198,478.198,-259.13,247.942,10.77,219.068,0.0,-44.449,28.796,28.796,,4.883,174.619,-3.403,4.134,4.416,-0.282,,-0.731,171.216,-43.811,,127.405,0.0,0.0,0.0,127.405,-0.057,127.348,0.0,0.0,127.348,124.79295,-2.55505,232.01,0.55,0.55,0.537877,242.96,0.52,0.52,0.509484,
07/31/2018,449.223,449.223,-260.798,237.185,9.278,188.425,0.0,-53.588,38.155,38.155,,6.155,134.837,-2.108,3.982,3.982,0.0,,-1.874,132.729,-22.988,,109.741,0.0,0.0,0.0,109.741,0.007,109.748,0.0,0.0,109.748,97.87584,-11.87216,232.995,0.47,0.47,0.420077,244.406,0.45,0.45,0.401424,
10/31/2018,461.368,461.368,-265.45,248.265,9.368,195.918,0.0,-44.478,30.121,30.121,,4.989,151.44,-2.654,3.691,4.651,-0.96,,-1.037,148.786,-34.703,,114.083,0.0,0.0,0.0,114.083,0.0,114.083,0.0,0.0,114.083,113.82742,-0.25558,233.888,0.49,0.49,0.486675,244.826,0.47,0.47,0.468956,
01/31/2019,484.898,484.898,-276.672,261.833,11.12,208.226,0.0,-43.487,27.676,27.676,,4.691,164.739,0.227,4.555,5.233,-0.678,,-4.782,164.966,-33.593,,131.373,0.0,0.0,0.0,131.373,0.0,131.373,0.0,0.0,131.373,121.93548,-9.43752,230.798,0.57,0.57,0.528321,240.66,0.55,0.55,0.510785,
04/30/2019,553.116,553.116,-301.537,286.139,11.428,251.579,0.0,-44.085,28.358,28.358,,4.299,207.494,-3.365,5.084,5.324,-0.24,,-1.719,204.129,-11.388,,192.741,0.0,0.0,0.0,192.741,0.0,192.741,0.0,0.0,192.741,154.90023,-37.84077,227.984,0.85,0.85,0.679435,237.892,0.81,0.81,0.650933,
07/31/2019,542.575,542.575,-299.956,284.211,11.54,242.619,0.0,-49.817,34.002,34.002,,4.275,192.802,-5.732,4.255,4.602,-0.347,,1.477,187.07,-33.574,,153.496,0.0,0.0,0.0,153.496,0.0,153.496,0.0,0.0,153.496,143.0042,-10.4918,229.204,0.67,0.67,0.623917,238.354,0.64,0.64,0.595982,
10/31/2019,554.424,554.424,-299.555,282.735,12.388,254.869,0.0,-49.478,32.649,32.649,,4.441,205.391,-3.309,4.026,4.611,-0.585,,-0.717,202.082,16.098,,218.18,0.0,0.0,0.0,218.18,0.0,218.18,0.0,0.0,218.18,152.59212,-65.58788,231.169,0.94,0.94,0.660089,238.662,0.91,0.91,0.635185,
01/31/2020,575.14,575.14,-315.251,297.02,12.102,259.889,0.0,-49.997,33.191,33.191,,4.704,209.892,-4.818,4.464,4.914,-0.45,,0.354,205.074,-36.367,,168.707,0.0,0.0,0.0,168.707,0.0,168.707,0.0,0.0,168.707,153.05403,-15.65297,232.671,0.73,0.73,0.657813,238.47,0.71,0.71,0.644361,
04/30/2020,550.36,550.36,-307.747,287.414,12.764,242.613,0.0,-47.512,30.635,30.635,,4.113,195.101,-3.301,5.578,5.803,-0.225,,-2.277,191.8,-44.313,,147.487,0.0,0.0,0.0,147.487,0.0,147.487,0.0,0.0,147.487,138.3793,-9.1077,234.133,0.63,0.63,0.591029,238.591,0.62,0.62,0.581827,
07/31/2020,525.659,525.659,-275.228,253.613,11.528,250.431,0.0,-44.716,28.879,28.879,,4.309,205.715,-3.832,4.803,,,,-0.971,201.883,-36.35,,165.533,0.0,0.0,0.0,165.533,0.0,165.533,0.0,0.0,165.533,157.43573,-8.09727,234.863,0.7,0.7,0.67033,238.927,0.69,0.69,0.65611,
10/31/2020,566.556,,,,,268.69484856,,,,,,,223.286,,,,,,,219.5,,,169.5,,,,,,169.5,,,169.5,167.25,,,0.61,0.61,0.694,,0.61,0.61,0.694,
01/31/2021,614.778,,,,,284.8573863,,,,,,,237.571,,,,,,,232.25,,,176.0,,,,,,176.0,,,176.0,177.25,,,0.64,0.64,0.734,,0.64,0.64,0.734,
