Date,Revenue,Sales & Services Revenue,Other Revenue,Cost of Revenue,Cost of Goods & Services,Gross Profit,Other Operating Income,Operating Expenses,"Selling, General & Admin",Selling & Marketing,General & Administrative,Research & Development,Other Operating Expense,Operating Income (Loss),Non-Operating (Income) Loss,"Interest Expense, Net",Interest Expense,Interest Income,Foreign Exch (Gain) Loss,Other Non-Op (Income) Loss,Pretax Income,Income Tax Expense (Benefit),Income (Loss) from Cont Ops,Net Extraordinary Losses (Gains),Discontinued Operations,XO & Accounting Changes,Income (Loss) Incl. MI,Minority Interest,"Net Income, GAAP",Preferred Dividends,Other Adjustments,"Net Income Avail to Common, GAAP","Net Income Avail to Common, Adj",Net Abnormal Losses (Gains),Basic Weighted Avg Shares,"Basic EPS, GAAP",Basic EPS from Cont Ops,"Basic EPS from Cont Ops, Adjusted",Diluted Weighted Avg Shares,"Diluted EPS, GAAP",Diluted EPS from Cont Ops,"Diluted EPS from Cont Ops, Adjusted",Source: Bloomberg
06/30/1992,54.759998,,,,,,,-46.428001,,,,,,8.332,-0.076,,,,0.0,0.076,8.256,-2.5,5.756,0.0,,,5.756,0.0,5.756,-0.117,,5.639,5.639,,264.023987,0.02125,0.02125,,264.023987,0.02125,0.02125,0.02125,
09/30/1992,61.587002,,,,,,,-49.189999,,,,,,12.397,-0.164,,,,0.0,0.164,12.233,-3.607,8.626,0.0,,,8.626,0.0,8.626,-0.118,,8.508,8.508,,262.463989,0.03125,0.03125,,262.463989,0.03125,0.03125,0.03125,
12/31/1992,69.177002,,,,,,,-52.060001,,,,,,17.117001,-0.056,,,,0.0,0.056,17.061001,-5.22,11.841,0.0,,,11.841001,0.0,11.841,-0.078,,11.763,11.763,,264.600006,0.04375,0.04375,,264.600006,0.04375,0.04375,0.04375,
03/31/1993,76.172997,,,,,,,-63.515999,,,,,,12.657,0.962,,,,0.0,-0.962,13.619,-4.382,9.237,0.0,,,9.237,0.0,9.237,-0.001,,9.236,9.236,,300.623993,0.03,0.03,,300.623993,0.03,0.03,0.03,
06/30/1993,81.955002,,,-30.889999,,51.065002,,-39.714001,,,,,,11.351,0.81,,,,0.0,-0.81,12.161,-3.819,8.342,0.0,,,8.342,0.0,8.342,0.0,,8.342,8.342,,363.895996,0.0225,0.0225,,363.895996,0.0225,0.0225,0.0225,
09/30/1993,91.810997,,,-31.143999,,60.666998,,-38.300999,,,,,,22.365999,0.938,,,,0.0,-0.938,23.303999,-7.949,15.355,0.0,,,15.354999,0.0,15.355,0.0,,15.355,15.355,,367.984009,0.04125,0.04125,,367.984009,0.04125,0.04125,0.04125,
12/31/1993,105.324997,,,-31.969,,73.355997,,-45.403,,,,,,27.952999,0.593,,,,0.0,-0.593,28.545999,-9.598,18.948,0.0,,,18.948,0.0,18.948,0.0,,18.948,18.948,,373.575989,0.05125,0.05125,,373.575989,0.05125,0.05125,0.05125,
03/31/1994,115.265999,,,-34.875999,,80.39,,-50.946999,,,,,,29.443001,0.456,,,,0.0,-0.456,29.899001,-10.257,19.642,0.0,,,19.642001,0.0,19.642,0.0,,19.642,19.642,,383.256008,0.05125,0.05125,0.05125,383.256008,0.05125,0.05125,0.05125,
06/30/1994,109.577003,,,-39.095001,,70.482002,,-54.015999,,,,,,16.466,-21.167,,0.0,,0.0,21.167,-4.701,0.01,-4.691,0.0,,,-4.691,0.0,-4.691,0.0,,-4.691,-4.691,,354.903992,-0.01375,-0.01375,,354.903992,-0.01375,-0.01375,-0.01375,
09/30/1994,124.088997,,,-41.286999,,82.801998,,-57.959999,,,,,,24.841999,1.232,,0.0,,0.0,-1.232,26.073999,-8.605,17.469,0.0,,,17.469,0.0,17.469,0.0,,17.469,17.469,,381.880005,0.04625,0.04625,,381.880005,0.04625,0.04625,0.04625,
12/31/1994,147.503006,,,-44.542999,,102.960007,,-61.294998,,,,,,41.665001,-0.081,,0.0,,0.0,0.081,41.584001,-14.237,27.347,0.0,,,27.347,0.0,27.347,0.0,,27.347,27.347,,381.824005,0.07125,0.07125,,381.824005,0.07125,0.07125,0.07125,
03/31/1995,152.707993,,,-47.903,,104.804993,,-67.334,,,,,,37.471001,-5.247,,0.379,,0.0,4.868,32.224001,-10.252,21.972,0.0,,,21.972001,0.0,21.972,0.0,,21.972,21.972,,380.567992,0.0575,0.0575,0.0575,380.567992,0.0575,0.0575,0.0575,
06/30/1995,126.174004,,,-50.041,,76.133003,,-66.655998,,,,,,9.477,2.323,,0.0,,0.0,-2.323,11.8,-4.012,7.788,0.0,,,7.788,0.0,7.788,0.0,,7.788,7.788,,376.608002,0.02125,0.02125,0.02125,376.608002,0.02125,0.02125,0.02125,
09/30/1995,139.953995,,,-53.32,,86.633995,,-67.838997,,,,,,18.795,1.815,,0.0,,0.0,-1.815,20.61,-6.782,13.828,0.0,,,13.828,0.0,13.828,0.0,,13.828,13.828,,362.119995,0.03875,0.03875,0.03875,362.119995,0.03875,0.03875,0.03875,
12/31/1995,161.298004,,,-57.311001,,103.987003,,-71.741997,,,,,,32.244999,-23.343,,0.0,,0.0,23.343,8.901999,-11.269,-2.367,0.0,,,-2.367002,0.0,-2.367,0.0,,-2.367,-2.367,,338.824005,-0.0075,-0.0075,-0.0075,338.824005,-0.0075,-0.0075,-0.0075,
03/31/1996,186.932999,,,-60.556,,126.376999,,-79.495003,,,,,,46.882,-9.411,,0.0,,0.0,9.411,37.471,-12.478,24.993,0.0,,,24.993,0.0,24.993,0.0,,24.993,24.993,,346.984008,0.0725,0.0725,0.0725,346.984008,0.0725,0.0725,0.0725,
06/30/1996,162.337997,,,-66.599998,,95.737999,,-75.417,,,,,,20.320999,-15.438,,0.0,,0.0,15.438,4.882999,-1.626,3.257,0.0,,,3.256999,0.0,3.257,0.0,,3.257,3.257,,352.888,0.00875,0.00875,0.04125,352.888,0.00875,0.00875,0.04125,
09/30/1996,184.266006,,,-71.990997,,112.275009,,-81.509003,,,,,,30.766001,-4.072,,0.0,,0.0,4.072,26.694001,-10.594,16.1,0.0,,,16.100001,0.0,16.1,0.0,,16.1,16.1,,356.343994,0.045,0.045,0.06,356.343994,0.045,0.045,0.06,
12/31/1996,213.712997,,,-77.036003,,136.676994,,-89.656998,,,,,,47.02,1.325,,0.0,,0.0,-1.325,48.345001,-16.099001,32.245998,0.0,,,32.246,0.0,32.245998,0.0,,32.245998,32.245998,,341.343994,0.095,0.095,0.095,359.575989,0.09,0.09,0.09,
03/31/1997,252.578995,,,-82.936996,,169.641999,,-124.072998,,,,,,45.569,23.895,,0.0,,0.0,-23.895,69.464,-23.631001,45.833,0.0,,,45.832999,0.0,45.833,0.0,,45.833,45.833,,363.799984,0.125,0.125,0.125,363.799984,0.125,0.125,0.125,
06/30/1997,224.477997,,,-92.748001,,131.729996,,-91.732002,,,,,,39.998001,2.389,,,,0.0,-2.389,42.387001,-14.115,28.271999,0.0,,,28.272001,0.0,28.271999,0.0,,28.271999,28.271999,,344.776001,0.08,0.08,0.08,369.920013,0.075,0.075,0.075,
09/30/1997,247.380997,,,-99.706001,,147.674995,,-97.871002,,,,,,49.804001,2.145,,,,0.0,-2.145,51.949001,-17.299,34.650002,0.0,,,34.650001,0.0,34.650002,0.0,,34.650002,34.650002,,347.752014,0.1,0.1,0.1,378.420013,0.09,0.09,0.09,
12/31/1997,309.63501,,,-109.329002,,200.306007,,-118.785004,,,,,,81.521004,0.144,,,,0.0,-0.144,81.665004,-27.194,54.471001,0.0,,,54.471003,0.0,54.471001,0.0,,54.471001,54.471001,,357.062012,0.15,0.15,0.165,393.476013,0.14,0.14,0.15,
03/31/1998,357.824005,,,-118.241997,,239.582008,,-130.785995,,,,,,108.795998,5.973,,,,0.0,-5.973,114.768998,-38.217999,76.551003,0.0,,,76.550999,0.0,76.551003,0.0,,76.551003,76.551003,,359.5,0.21,0.21,0.215,397.612,0.19,0.19,0.195,
06/30/1998,338.622986,,,-128.626007,,209.996979,,-127.208,,,,,,82.789001,5.836,,0.0,,0.0,-5.836,88.625001,-29.778,58.847,0.0,,,58.847002,0.0,58.847,0.0,,58.847,58.847,,361.670013,0.16,0.16,0.16,398.743988,0.15,0.15,0.15,
09/30/1998,366.569,,,-139.992004,,226.576996,,-124.399002,,,,,,102.178001,4.044,,0.0,,0.0,-4.044,106.222002,-36.433998,69.788002,0.0,,,69.788003,0.0,69.788002,0.0,,69.788002,69.788002,,365.585999,0.19,0.19,0.195,402.160004,0.17,0.17,0.175,
12/31/1998,433.118011,,,-143.802002,,289.31601,,-147.996002,,,,,,141.320007,6.044,,0.0,,0.0,-6.044,147.364007,-50.104,97.260002,0.0,,,97.260007,0.0,97.260002,0.0,,97.260002,97.260002,,368.339996,0.26,0.26,0.27,403.127991,0.24,0.24,0.245,
03/31/1999,500.13501,,,-159.727997,,340.407013,,-161.705994,,,,,,178.701004,9.129,,0.0,,0.0,-9.129,187.830004,-63.862,123.968002,0.0,,,123.968004,0.0,123.968002,0.0,,123.968002,123.968002,,371.382996,0.33,0.33,0.33,403.197998,0.31,0.31,0.31,
06/30/1999,443.050995,,,-174.806,,268.244995,,-132.330002,,,,,,135.914993,5.846,,0.0,,0.0,-5.846,141.760993,-51.034,90.726997,0.0,,,90.726993,0.0,90.726997,0.0,,90.726997,90.726997,,357.898987,0.25,0.25,0.25,385.423004,0.24,0.24,0.24,
09/30/1999,568.148987,,,-248.261002,,319.887985,,-155.110001,,,,,,164.778,-17.219,,4.873,-5.554,0.0,17.9,147.559,-55.777,91.781998,0.0,,,91.782,0.0,91.781998,0.0,,91.781998,91.781998,,356.959015,0.26,0.26,0.3,384.934998,0.24,0.24,0.28,
12/31/1999,637.367981,,,-287.493011,,349.874969,,-159.259995,,,,,,190.615005,7.031,,9.316,-16.347,0.0,0.0,197.646006,-74.709999,122.935997,0.0,,,122.936007,0.0,122.935997,0.0,,122.935997,122.935997,,358.665985,0.34,0.34,0.37,386.536011,0.32,0.32,0.35,
03/31/2000,582.059998,,,-312.256012,,269.803986,,-191.878998,,,,,,77.925003,-3.115,,10.295,-7.016,0.0,-0.164,74.810003,-28.278999,46.530998,0.0,,,46.531003,0.0,46.530998,0.0,0.0,46.530998,46.530998,,360.730988,0.13,0.13,0.16,380.967987,0.12,0.12,0.15,
06/30/2000,513.874023,,,-297.411011,,216.463013,,-175.531006,,,,,,40.931999,-2.816,,9.402,-6.586,0.0,0.0,38.115999,-14.484,23.632,0.0,,,23.631999,0.0,23.632,0.0,0.0,23.632,23.632,,362.684998,0.07,0.07,0.1,373.601013,0.06,0.06,0.09,
09/30/2000,486.322998,,,-290.171997,,196.151001,,-174.261002,,,,,,21.889999,-1.098,,8.577,-7.479,0.0,0.0,20.792,-7.901,12.891,0.0,,,12.891,0.0,12.891,0.0,0.0,12.891,12.891,,364.799011,0.04,0.04,0.07,371.321014,0.03,0.03,0.06,
12/31/2000,495.355988,,,-267.881012,,227.474976,,-170.024994,,,,,,57.450001,0.55,,7.213,,0.0,-7.763,58.000001,-22.040001,35.959999,0.0,,,35.96,0.0,35.959999,0.0,0.0,35.959999,35.959999,,365.19101,0.1,0.1,0.13,369.815002,0.1,0.1,0.13,
03/31/2001,514.497009,,,-276.399994,,238.097015,,-165.737,,,,,,72.360001,2.801,,6.063,-8.864,0.0,0.0,75.161001,-28.561001,46.599998,0.0,,,46.6,0.0,46.599998,0.0,0.0,46.599998,46.599998,,368.09201,0.13,0.13,0.16,376.334991,0.12,0.12,0.16,
06/30/2001,450.475006,,,-224.748993,,225.726013,,-174.699997,,,,,,51.026001,4.387,,2.537,-6.924,0.0,0.0,55.413001,-21.056999,34.355999,0.0,,,34.356002,0.0,34.355999,0.0,0.0,34.355999,34.355999,,370.20401,0.09,0.09,0.12,382.244995,0.09,0.09,0.12,
09/30/2001,427.760986,,,-220.957001,,206.803985,,-169.843002,,,,,,36.960999,5.789,,1.439,-7.228,0.0,0.0,42.749999,-16.245001,26.504999,0.0,,,26.504998,0.0,26.504999,0.0,0.0,26.504999,26.504999,,371.139008,0.07,0.07,0.1,386.700012,0.07,0.07,0.1,
12/31/2001,453.779999,,,-216.175003,,237.604996,,-195.556,,,,,,42.049,5.998,,1.182,-7.18,0.0,0.0,48.047,-18.257999,29.789,0.0,,,29.789,0.0,29.789,0.0,0.0,29.789,29.789,,372.015015,0.08,0.08,0.13,382.591003,0.08,0.08,0.13,
03/31/2002,407.217987,,,-231.817993,,175.399994,,-531.429016,,,,,,-356.028992,-41.027999,,2.27,-8.172,0.0,46.929999,-397.056991,61.152,-335.904999,0.0,,,-335.904991,0.0,-335.904999,0.0,0.0,-335.904999,-335.904999,,373.813995,-0.9,-0.9,0.08,388.990997,-0.9,-0.9,0.08,
06/30/2002,346.598999,,,-174.996002,,171.602997,,-142.742996,,,,,,28.860001,5.178,,,-6.694,0.0,1.516,34.038001,-11.573,22.465,0.0,,,22.465001,0.0,22.465,0.0,0.0,22.465,22.465,,375.882996,0.06,0.06,0.06,378.489014,0.06,0.06,0.06,
09/30/2002,357.993988,,,-160.041,,197.952988,,-150.554993,,,,,,47.397999,3.86,,,,0.0,-3.86,51.257999,-17.427999,33.830002,0.0,,,33.829999,0.0,33.830002,0.0,,33.830002,33.830002,,375.931,0.09,0.09,0.09,376.687988,0.09,0.09,0.09,
12/31/2002,333.139008,,,-152.944,,180.195007,,-148.164001,,,,,,32.030998,6.497,,,,0.0,-6.497,38.527998,-13.099,25.429001,0.0,,,25.428998,0.0,25.429001,0.0,0.0,25.429001,25.429001,,377.942993,0.07,0.07,0.07,379.138,0.07,0.07,0.07,
03/31/2003,337.608002,,,-154.403,,183.205002,,-156.970001,,,,,,26.235001,6.156,,,-6.894,0.0,0.738,32.391001,-11.013,21.378,0.0,,,21.378001,0.0,21.378,0.0,,21.378,21.378,,378.371002,0.06,0.06,0.06,379.187012,0.06,0.06,0.06,
06/30/2003,306.011993,,,-146.865997,,159.145996,,-160.639999,,,,,,-1.494,5.109,,,,0.0,-5.109,3.615,-1.012,2.603,0.0,,,2.603,0.0,2.603,0.0,,2.603,2.603,,382.520996,0.01,0.01,0.01,384.013,0.01,0.01,0.01,
09/30/2003,302.752991,,,-144.223999,,158.528992,,-174.996994,,,,,,-16.468,4.638,,,,0.0,-4.638,-11.83,3.312,-8.518,0.0,,,-8.518,0.0,-8.518,0.0,0.0,-8.518,-8.518,,382.591003,-0.02,-0.02,-0.02,382.591003,-0.02,-0.02,-0.02,
12/31/2003,318.184998,,,-132.052002,,186.132996,,-174.001999,,,,,,12.131,4.988,,,,0.0,-4.988,17.118999,4.706,21.825001,0.0,,,21.824999,0.0,21.825001,0.0,,21.825001,21.825001,,384.089996,0.06,0.06,0.06,385.941986,0.06,0.06,0.06,
03/31/2004,337.696991,,,-122.057999,,215.638992,,-174.455994,,,,,,41.182999,5.93,,,,0.0,-5.93,47.112998,-13.191,33.922001,0.0,,,33.921999,0.0,33.922001,0.0,,33.922001,33.922001,,384.421997,0.09,0.09,0.09,387.226013,0.09,0.09,0.09,
06/30/2004,287.053,,,-126.659,,160.394,,-163.642,,,,,,-3.248,4.143,,,,0.0,-4.143,0.895,-0.251,0.644,0.0,,,0.644,0.0,0.644,0.0,0.0,0.644,0.644,,385.584,0.0,0.0,0.0,388.426,0.0,0.0,0.0,
09/30/2004,295.467987,,,-121.011002,,174.456985,,-168.507004,,,,,,5.95,4.341,,,,0.0,-4.341,10.291,-2.881,7.41,0.0,,,7.41,0.0,7.41,0.0,,7.41,7.41,,386.200012,0.02,0.02,0.02,387.468994,0.02,0.02,0.02,
12/31/2004,330.535004,,,-111.137001,,219.398003,,-166.669006,,,,,,52.729,5.191,,,,0.0,-5.191,57.92,-16.218,41.702,0.0,,,41.702,0.0,41.702,0.0,0.0,41.702,41.702,,387.210999,0.11,0.11,0.11,388.820007,0.11,0.11,0.11,
03/31/2005,318.783,,,-113.482,,205.301,,-174.136,,,,,,31.165,5.954,,,,0.0,-5.954,37.119,-10.393,26.726,0.0,,,26.726,0.0,26.726,0.0,0.0,26.726,26.726,,387.809,0.07,0.07,0.07,389.289,0.07,0.07,0.07,
06/30/2005,297.328,,,-111.932,,185.396,,-155.919,,,,,,29.477,6.733,,,,0.0,-6.733,36.21,-11.587,24.623,0.0,,,24.623,0.0,24.623,0.0,0.0,24.623,24.623,,388.243,0.06,0.06,0.06,389.923,0.06,0.06,0.06,
09/30/2005,292.646,,,-110.496,,182.15,,-153.897,,,,,,28.253,7.852,,,,0.0,-7.852,36.105,-11.915,24.19,0.0,,,24.19,0.0,24.19,0.0,0.0,24.19,24.19,,387.327,0.06,0.06,0.06,391.164,0.06,0.06,0.06,
12/31/2005,305.905,,,-107.685,,198.22,,-151.186,,,,,,47.034,9.234,,,,0.0,-9.234,56.268,-18.568,37.7,0.0,,,37.7,0.0,37.7,0.0,0.0,37.7,37.7,,385.081,0.1,0.1,0.1,388.275,0.1,0.1,0.1,
03/31/2006,309.482,,,-110.634,,198.848,,-156.243,,,,,,42.605,20.272,,,-35.705,0.0,15.433,62.877,-6.43,56.447,0.0,,,56.447,0.0,56.447,0.0,0.0,56.447,56.447,,379.872,0.15,0.15,0.15,382.297,0.15,0.15,0.15,
06/30/2006,296.318,,,-114.2,,182.118,,-149.236,,,,,,32.882,10.881,,,,0.0,-10.881,43.763,-14.442,29.321,0.0,,,29.321,0.0,29.321,0.0,0.0,29.321,29.321,,376.759,0.08,0.08,0.08,377.527,0.08,0.08,0.08,
09/30/2006,288.507,,,-110.655,,177.852,,-152.406,,,,,,25.446,10.613,,,,0.0,-10.613,36.059,-11.25,24.809,0.0,,,24.809,0.0,24.809,0.0,0.0,24.809,24.809,,363.834,0.07,0.07,0.07,364.547,0.07,0.07,0.07,
12/31/2006,315.148,,,-119.875,,195.273,,-152.532,,,,,,42.741,9.012,,,,0.0,-9.012,51.753,-15.267,36.486,0.0,,,36.486,0.0,36.486,0.0,0.0,36.486,36.486,,342.078,0.11,0.11,0.11,343.099,0.11,0.11,0.11,
03/31/2007,313.029,,,-126.191,,186.838,,-155.127,,,,,,31.711,29.771,-8.014,,-8.014,0.0,-21.757,61.482,5.994,67.476,0.0,,,67.476,0.0,67.476,0.0,0.0,67.476,67.476,,317.764,0.21,0.21,0.15,317.764,0.21,0.21,0.15,
06/30/2007,279.389,,,-125.895,,153.494,,-139.44,,,,,,14.054,-10.361,,0.0,,0.0,10.361,3.693,-3.504,0.189,0.0,,,0.189,0.0,0.189,0.0,0.0,0.189,0.189,,301.967,0.0,0.0,0.03,305.594,0.0,0.0,0.03,
09/30/2007,301.971,,,-118.785,,183.186,,-132.5,,,,,,50.686,-13.304,,0.0,,0.0,13.304,37.382,0.034,37.416,0.0,,,37.416,0.0,37.416,0.0,0.0,37.416,37.416,,294.321,0.13,0.13,0.17,295.437,0.13,0.13,0.17,
12/31/2007,309.335,,,-121.842,,187.493,,-136.186,,,,,,51.307,-0.244,,0.0,,0.0,0.244,51.063,-15.449,35.614,0.0,,,35.614,0.0,35.614,0.0,0.0,35.614,35.614,,281.359,0.13,0.13,0.14,282.482,0.13,0.13,0.14,
03/31/2008,338.916,,,-124.174,,214.742,,-143.294,,,,,,71.448,16.806,-3.906,,-3.906,0.0,-12.9,88.254,-27.079,61.175,0.0,,,61.175,0.0,61.175,0.0,0.0,61.175,61.175,,267.932,0.23,0.236,0.196,268.732,0.23,0.235,0.195,
06/30/2008,298.588,237.146,61.442,-121.906,121.906,176.682,0.0,-125.723,102.471,61.327,41.144,22.57,0.682,50.959,3.221,-3.409,0.0,-3.409,,0.188,54.18,-19.448,34.732,0.0,0.0,0.0,34.732,0.0,34.732,0.0,0.0,34.732,31.9656,-2.7664,259.694,0.13,0.13,0.123089,261.093,0.13,0.13,0.119405,
09/30/2008,269.845,227.594,42.251,-116.558,116.558,153.287,0.0,-125.996,100.827,58.353,42.474,22.938,2.231,27.291,3.046,-3.231,0.0,-3.231,,0.185,30.337,-8.755,21.582,0.0,0.0,0.0,21.582,0.0,21.582,0.0,0.0,21.582,23.03215,1.45015,252.394,0.09,0.09,0.091255,257.615,0.08,0.08,0.085629,
12/31/2008,268.667,208.154,60.513,-102.492,102.492,166.175,0.0,-116.966,90.562,55.042,35.52,22.395,4.009,49.209,2.291,-2.371,0.0,-2.371,,0.08,51.5,-16.548,34.952,0.0,0.0,0.0,34.952,0.0,34.952,0.0,0.0,34.952,37.518,2.566,246.537,0.14,0.14,0.15218,246.799,0.14,0.14,0.150397,
03/31/2009,253.355,197.927,55.428,-93.442,93.442,159.913,0.0,-102.232,80.567,51.686,28.881,18.55,3.115,57.681,19.023,-1.765,0.0,-1.765,,-17.258,76.704,-28.323,48.381,0.0,0.0,0.0,48.381,0.0,48.381,0.0,0.0,48.381,38.7428,-9.6382,245.006,0.2,0.2,0.15813,245.972,0.2,0.2,0.15813,
06/30/2009,214.388,173.842,40.546,-71.806,71.806,142.582,0.0,-64.899,93.278,53.148,40.13,21.482,-49.861,77.683,1.42,-1.569,0.0,-1.569,,0.149,79.103,-28.056,51.047,0.0,0.0,0.0,51.047,0.0,51.047,0.0,0.0,51.047,18.62585,-32.42115,240.784,0.21,0.21,0.077355,242.548,0.21,0.21,0.076331,
09/30/2009,217.929,167.819,50.11,-64.012,64.012,153.917,0.0,-112.484,89.523,50.756,38.767,21.633,1.328,41.433,1.333,-1.259,0.0,-1.259,,-0.074,42.766,-14.78,27.986,0.0,0.0,0.0,27.986,0.0,27.986,0.0,0.0,27.986,28.8492,0.8632,234.29,0.12,0.12,0.123135,236.115,0.12,0.12,0.123135,
12/31/2009,229.864,177.841,52.023,-68.418,68.418,161.446,0.0,-125.316,101.73,58.969,42.761,22.562,1.024,36.13,1.076,-1.049,0.0,-1.049,,-0.027,37.206,-12.794,24.412,0.0,0.0,0.0,24.412,0.0,24.412,0.0,0.0,24.412,26.107,1.695,229.105,0.11,0.11,0.113952,231.09,0.11,0.11,0.113952,
03/31/2010,229.998,178.173,51.825,-70.61,70.61,159.388,0.0,-131.235,102.549,59.574,42.975,25.568,3.118,28.153,21.892,-1.093,0.0,-1.093,,-20.799,50.045,-12.684,37.361,0.0,0.0,0.0,37.361,0.0,37.361,0.0,0.0,37.361,26.92915,-10.43185,226.306,0.17,0.17,0.118994,228.734,0.16,0.16,0.114393,
06/30/2010,206.485,173.155,33.33,-67.416,67.416,139.069,0.0,-116.682,95.141,57.704,37.437,21.541,0.0,22.387,0.865,-0.909,0.0,-0.909,,0.044,23.252,-10.607,12.645,0.0,0.0,0.0,12.645,0.0,12.645,0.0,0.0,12.645,12.645,0.0,224.538,0.06,0.06,0.06,227.575,0.06,0.06,0.06,
09/30/2010,225.869,180.256,45.613,-67.828,67.828,158.041,0.0,-117.18,95.287,56.507,38.78,21.893,0.0,40.861,0.862,-0.907,0.0,-0.907,,0.045,41.723,-15.731,25.992,0.0,0.0,0.0,25.992,0.0,25.992,0.0,0.0,25.992,25.992,0.0,221.28,0.12,0.12,0.12,224.394,0.12,0.12,0.12,
12/31/2010,247.025,172.494,74.531,-72.83,72.83,174.195,0.0,-124.714,102.197,62.437,39.76,22.517,0.0,49.481,1.376,-0.945,0.406,-1.351,,-0.431,50.857,-16.858,33.999,0.0,0.0,0.0,33.999,0.0,33.999,0.0,0.0,33.999,33.999,0.0,218.683,0.16,0.16,0.16,225.158,0.15,0.15,0.15,
03/31/2011,249.551,176.656,72.895,-81.041,81.041,168.51,0.0,-130.925,106.546,67.123,39.423,24.379,0.0,37.585,1.359,-1.359,0.0,-1.359,,0.0,38.944,-4.139,34.805,0.0,0.0,0.0,34.805,0.0,34.805,0.0,0.0,34.805,34.805,0.0,217.949,0.16,0.16,0.16,224.425,0.16,0.16,0.16,
06/30/2011,229.974,179.681,50.293,-82.147,82.147,147.827,0.0,-128.21,103.509,61.995,41.514,24.701,0.0,19.617,0.998,-0.578,0.423,-1.001,,-0.42,20.615,-3.63,16.985,0.0,0.0,0.0,16.985,0.0,16.985,0.0,0.0,16.985,16.985,0.0,218.2,0.08,0.08,0.08,222.948,0.08,0.08,0.08,
09/30/2011,260.696,181.437,79.259,-88.252,88.252,172.444,0.0,-134.284,107.544,65.577,41.967,26.74,0.0,38.16,-0.008,0.172,1.13,-0.958,,-0.164,38.152,-15.473,22.679,0.0,0.0,0.0,22.679,0.0,22.679,0.0,0.0,22.679,22.874,0.195,218.521,0.1,0.1,0.104676,222.125,0.1,0.1,0.100878,
12/31/2011,253.057,177.349,75.708,-84.28,84.28,168.777,0.0,-136.184,108.919,69.683,39.236,27.265,0.0,32.593,0.231,0.082,0.89,-0.808,,-0.313,32.824,-11.236,21.588,0.0,0.0,0.0,21.588,0.0,21.588,0.0,0.0,21.588,21.588,0.0,218.534,0.1,0.1,0.1,221.883,0.1,0.1,0.1,
03/31/2012,266.045,176.689,89.356,-86.241,86.241,179.804,0.0,-143.533,117.271,76.265,41.006,26.262,0.0,36.271,0.412,-0.847,5.604,-6.451,,0.435,36.683,-9.564,27.119,0.0,0.0,0.0,27.119,0.0,27.119,0.0,0.0,27.119,27.119,0.0,218.095,0.12,0.12,0.12,221.755,0.12,0.12,0.12,
06/30/2012,226.161,171.58,54.581,-81.186,81.186,144.975,0.0,-128.412,101.915,62.19,39.725,26.497,0.0,16.563,0.052,0.001,0.571,-0.57,,-0.053,16.615,-6.147,10.468,0.0,0.0,0.0,10.468,0.0,10.468,0.0,0.0,10.468,10.468,0.0,217.51,0.05,0.05,0.05,221.396,0.05,0.05,0.05,
09/30/2012,220.598,168.382,52.216,-80.873,80.873,139.725,0.0,-122.551,95.002,56.641,38.361,27.549,0.0,17.174,-0.087,0.018,0.415,-0.397,,0.069,17.087,-6.493,10.594,0.0,0.0,0.0,10.594,0.0,10.594,0.0,0.0,10.594,10.594,0.0,215.633,0.05,0.05,0.05,219.97,0.05,0.05,0.05,
12/31/2012,257.866,169.183,88.683,-82.082,82.082,175.784,0.0,-136.135,110.506,65.773,44.733,25.629,0.0,39.649,-0.055,-0.025,0.495,-0.52,,0.08,39.594,-14.254,25.34,0.0,0.0,0.0,25.34,0.0,25.34,0.0,0.0,25.34,25.441822,0.101822,212.836,0.12,0.12,0.119537,216.872,0.12,0.12,0.119537,
03/31/2013,184.435,117.432,67.003,-53.711,53.711,130.724,0.0,-135.175,95.985,58.714,37.271,23.439,15.751,-4.451,-1.08,-0.148,0.375,-0.523,,1.228,-5.531,8.755,3.224,66.877,66.877,0.0,-63.653,0.0,-63.653,0.0,0.0,-63.653,77.59595,74.37195,212.516,-0.3,0.01,0.36513,218.778,-0.3,0.01,0.349943,
06/30/2013,170.809,114.965,55.844,-51.011,51.011,119.798,0.0,-116.809,88.315,52.267,36.048,23.691,4.803,2.989,0.202,-0.258,0.286,-0.544,,0.056,3.191,1.071,4.262,-5.705,-5.705,0.0,9.967,0.0,9.967,0.0,0.0,9.967,8.151478,3.889478,213.64,0.05,0.02,0.038155,219.694,0.05,0.02,0.037704,
09/30/2013,172.693,115.577,57.116,-60.104,60.104,112.589,0.0,-101.792,80.194,47.356,32.838,21.379,0.219,10.797,0.185,-0.247,0.281,-0.528,,-0.185,10.982,-3.008,7.974,-7.212,-7.212,0.0,15.186,1.154,16.34,0.0,0.0,16.34,10.499262,1.371262,214.926,0.07,0.04,0.048851,220.429,0.07,0.04,0.046221,
12/31/2013,250.514,169.711,80.803,-88.362,88.362,162.152,0.0,-132.248,105.995,65.67,40.325,22.516,3.737,29.904,2.96,-0.216,0.292,-0.508,,-2.744,32.864,-8.874,23.99,0.0,0.0,0.0,23.99,1.032,25.022,0.0,0.0,25.022,31.966602,6.944602,216.856,0.12,0.12,0.147409,221.561,0.11,0.11,0.141344,
03/31/2014,183.448,115.382,68.066,-57.91,57.91,125.538,0.0,-111.811,86.62,58.883,27.737,21.418,3.773,13.727,-0.059,-0.123,0.245,-0.368,,0.182,13.668,-5.553,8.115,-10.867,-10.867,0.0,18.982,1.272,20.254,0.0,0.0,20.254,-8.78985,-18.17685,218.417,0.09,0.04,-0.040243,222.683,0.09,0.04,-0.041627,
06/30/2014,164.51,116.236,48.274,-57.753,57.753,106.757,0.0,-110.043,87.116,53.103,34.013,19.952,2.975,-3.286,0.223,,,,,-0.223,-3.063,1.707,-1.356,0.0,0.0,0.0,-1.356,1.408,0.052,0.0,0.0,0.052,3.724186,3.672186,219.667,0.0,0.0,0.016954,223.347,0.0,0.0,0.016442,
09/30/2014,170.893,116.969,53.924,-52.88,52.88,118.013,0.0,-103.426,81.556,50.976,30.58,19.615,2.255,14.587,-0.935,,,,,0.935,13.652,-5.275,8.377,0.0,0.0,0.0,8.377,0.774,9.151,0.0,0.0,9.151,14.083651,4.932651,220.285,0.04,0.04,0.063934,223.67,0.04,0.04,0.062053,
