Date,Revenue,Sales & Services Revenue,Cost of Revenue,Cost of Goods & Services,Gross Profit,Other Operating Income,Operating Expenses,"Selling, General & Admin",Depreciation & Amortization,Other Operating Expense,Operating Income (Loss),Non-Operating (Income) Loss,"Interest Expense, Net",Interest Expense,Interest Income,Foreign Exch (Gain) Loss,Other Non-Op (Income) Loss,Pretax Income,Income Tax Expense (Benefit),Income (Loss) from Cont Ops,Net Extraordinary Losses (Gains),Discontinued Operations,XO & Accounting Changes,Income (Loss) Incl. MI,Minority Interest,"Net Income, GAAP",Preferred Dividends,Other Adjustments,"Net Income Avail to Common, GAAP","Net Income Avail to Common, Adj",Net Abnormal Losses (Gains),Basic Weighted Avg Shares,"Basic EPS, GAAP",Basic EPS from Cont Ops,"Basic EPS from Cont Ops, Adjusted",Diluted Weighted Avg Shares,"Diluted EPS, GAAP",Diluted EPS from Cont Ops,"Diluted EPS from Cont Ops, Adjusted",Source: Bloomberg
03/31/1990,352.152008,,-278.200989,,73.951019,,-49.063,,,,24.888,-2.562,,3.983,,,-1.421,22.326,-8.809,13.517,0.0,,,13.517,,13.517,0.0,,13.517,13.517,,72.674998,0.186667,0.186667,,72.674998,0.186667,0.186667,0.186667,
06/30/1990,380.365997,,-297.006012,,83.359985,,-52.638,,,,30.722,-4.062,,4.661,,,-0.599,26.66,-10.588,16.072001,0.0,,,16.072,,16.072001,0.0,,16.072001,16.072001,,72.603004,0.222222,0.222222,,72.603004,0.222222,0.222222,0.222222,
09/30/1990,372.490997,,-293.169006,,79.321991,,-47.702,,,,31.620001,-3.149,,4.4,,,-1.251,28.471001,-11.376,17.094999,0.0,,,17.095,,17.094999,0.0,,17.094999,17.094999,,72.21825,0.235556,0.235556,,72.21825,0.235556,0.235556,0.235556,
12/31/1990,333.239014,,-261.388,,71.851014,,-45.77,,,,26.080999,-1.05,,3.702,,,-2.652,25.030999,-8.98,16.051001,0.0,,,16.050999,,16.051001,0.0,,16.051001,16.051001,,70.332752,0.226667,0.226667,0.226667,70.332752,0.226667,0.226667,0.226667,
03/31/1991,306.213013,,-242.080994,,64.132019,,-46.841,,,,17.291,-2.47,,3.193,,,-0.723,14.821,-5.809,9.012,22.341,,,-13.328999,,-13.329,0.0,,-13.329,-13.329,,71.151748,-0.186667,0.124444,,71.151748,-0.186667,0.124444,0.124444,
06/30/1991,339.222992,,-267.602997,,71.619995,,-48.366001,,,,23.254,-2.513,,2.82,,,-0.307,20.741,-8.274,12.467,0.0,,,12.467,,12.467,0.0,,12.467,12.467,,71.495998,0.173333,0.173333,,71.495998,0.173333,0.173333,0.173333,
09/30/1991,341.699005,,-272.63501,,69.063995,,-48.339001,,,,20.725,0.088,,2.836,,,-2.924,20.813,-8.108,12.705,0.0,,,12.705001,,12.705,0.0,,12.705,12.705,,71.637752,0.177778,0.177778,,71.637752,0.177778,0.177778,0.177778,
12/31/1991,315.397003,,-248.891998,,66.505005,,-48.873001,,,,17.632,-1.602,,2.691,,,-1.089,16.03,-5.221,10.809,0.0,,,10.809,,10.809,0.0,,10.809,10.809,,70.649996,0.151111,0.151111,0.151111,70.649996,0.151111,0.151111,0.151111,
03/31/1992,313.540985,,-249.776993,,63.763992,,-47.028,,,,16.736,-2.015,,2.794,,,-0.779,14.721,-5.715,9.006,0.0,,,9.006,,9.006,0.0,,9.006,9.006,,69.923249,0.128889,0.128889,,69.923249,0.128889,0.128889,0.128889,
06/30/1992,338.549988,,-268.385986,,70.164001,,-47.564999,,,,22.599001,-38.093001,,4.4,,,33.693001,-15.494,6.014,-9.48,0.0,,,-9.48,,-9.48,0.0,,-9.48,-9.48,,69.82875,-0.137778,-0.137778,,69.82875,-0.137778,-0.137778,-0.137778,
09/30/1992,338.862,,-269.43399,,69.428009,,-48.619999,,,,20.808001,-3.626,,4.261,,,-0.635,17.182,-6.667,10.515,0.0,,,10.515001,,10.515,0.0,,10.515,10.515,,69.239252,0.151111,0.151111,,69.239252,0.151111,0.151111,0.151111,
12/31/1992,316.023987,,-246.942001,,69.081986,,-44.536999,,,,24.545,-2.265,,3.009,,,-0.744,22.28,-8.035,14.245,0.0,,,14.245,,14.245,0.0,,14.245,14.245,,68.011877,0.208889,0.208889,0.208889,68.011877,0.208889,0.208889,0.208889,
03/31/1993,312.312988,,-249.100006,,63.212982,,-44.499001,,,,18.714001,-1.691,,2.84,,,-1.149,17.023001,-6.257,10.766,0.0,,,10.766001,,10.766,0.0,,10.766,10.766,,67.934252,0.16,0.16,,67.934252,0.16,0.16,0.16,
06/30/1993,337.692993,,-266.615997,,71.076996,,-45.477001,,,,25.6,-1.084,,2.796,,,-1.712,24.516,-8.79,15.726,0.0,,,15.726,,15.726,0.0,,15.726,15.726,,68.02425,0.231111,0.231111,,68.02425,0.231111,0.231111,0.231111,
09/30/1993,337.924011,,-271.161011,,66.763,,-44.612999,,,,22.15,-1.077,,2.872,,,-1.795,21.073,-8.311,12.762,0.0,,,12.762,,12.762,0.0,,12.762,12.762,,68.161501,0.186667,0.186667,,68.161501,0.186667,0.186667,0.186667,
12/31/1993,322.274994,,-259.091003,,63.183991,,-43.792,,,,19.392,-2.186,,2.888,,,-0.702,17.206,-7.567,9.639,0.0,,,9.639,,9.639,0.0,,9.639,9.639,,67.914,0.142222,0.142222,0.142222,67.914,0.142222,0.142222,0.142222,
03/31/1994,331.704987,,-268.062012,,63.642975,,-48.816002,,,,14.827,-2.374,,3.326,,,-0.952,12.453,-5.044,7.409,0.0,,,7.409,,7.409,0.0,,7.409,7.409,,67.614751,0.111111,0.111111,,67.614751,0.111111,0.111111,0.111111,
06/30/1994,428.729004,,-336.911011,,91.817993,,-62.894001,,,,28.924,-3.795,,6.023,,,-2.228,25.129,-9.463,15.666,0.0,,,15.666,,15.666,0.0,,15.666,15.666,,67.770002,0.231111,0.231111,,67.770002,0.231111,0.231111,0.231111,
09/30/1994,451.108002,,-353.118988,,97.989014,,-65.508003,,,,32.480999,-6.53,,7.623,,,-1.093,25.950999,-9.949,16.002001,0.0,,,16.001999,,16.002001,0.0,,16.002001,16.002001,,67.99275,0.235556,0.235556,,67.99275,0.235556,0.235556,0.235556,
12/31/1994,441.924011,,-340.010986,,101.913025,,-68.255997,,,,33.657001,-5.963,,7.199,,,-1.236,27.694001,-10.838,16.856001,0.0,,,16.856001,,16.856001,0.0,,16.856001,16.856001,,68.00175,0.248889,0.248889,0.248889,68.00175,0.248889,0.248889,0.248889,
03/31/1995,432.578003,,-335.362,,97.216003,,-68.597,,,,28.618999,-6.722,,6.993,,,-0.271,21.896999,-8.622,13.275,0.0,,,13.275,,13.275,0.0,,13.275,13.275,,68.114252,0.193333,0.193333,0.193333,68.114252,0.193333,0.193333,0.193333,
06/30/1995,451.479004,,-344.704987,,106.774017,,-67.875,,,,38.898998,-6.319,,7.037,,,-0.718,32.579998,-12.463,20.117001,0.0,,,20.116998,,20.117001,0.0,,20.117001,20.117001,,68.899499,0.293333,0.293333,0.293333,68.899499,0.293333,0.293333,0.293333,
09/30/1995,453.343994,,-349.265991,,104.078003,,-65.944,,,,38.133999,-3.019,,6.699,,,-3.68,35.114999,-13.086,22.028999,0.0,,,22.028999,,22.028999,0.0,,22.028999,22.028999,,69.3675,0.32,0.32,0.32,69.3675,0.32,0.32,0.32,
12/31/1995,444.908997,,-335.752991,,109.156006,,-71.860001,,,,37.296001,-5.42,,6.184,,,-0.764,31.876001,-10.96,20.916,0.0,,,20.916001,,20.916,0.0,,20.916,20.916,,68.65425,0.306667,0.306667,0.306667,68.65425,0.306667,0.306667,0.306667,
03/31/1996,436.463013,,-332.003998,,104.459015,,-70.486,,,,33.973,-4.493,,5.862,,,-1.369,29.48,-11.272,18.208,0.0,,,18.207999,,18.208,0.0,,18.208,18.208,,68.28075,0.266667,0.266667,0.266667,68.670001,0.266667,0.266667,0.266667,
06/30/1996,466.230988,,-351.654999,,114.575989,,-70.999001,,,,43.577,-8.558,,5.768,,,2.79,35.019,-12.915,22.104,0.0,,,22.104,,22.104,0.0,,22.104,22.104,,67.66425,0.326667,0.326667,0.326667,68.951251,0.32,0.32,0.32,
09/30/1996,481.115997,,-364.858002,,116.257996,,-71.246002,,,,45.012001,-2.878,,5.911,,,-3.033,42.134001,-15.245,26.889,0.0,,,26.889001,,26.889,0.0,,26.889,26.889,,67.223252,0.4,0.4,0.4,68.395502,0.393333,0.393333,0.393333,
12/31/1996,463.921997,,-345.630005,,118.291992,,-74.700996,,,,43.591,-5.204,,5.879,,,-0.675,38.387,-13.478,24.909,0.0,,,24.909,,24.909,0.0,,24.909,24.909,,67.933502,0.366667,0.366667,0.366667,69.4065,0.36,0.36,0.36,
03/31/1997,467.333008,,-351.523987,,115.809021,,-74.814003,,,,40.994999,-5.249,,5.957,,,-0.708,35.745999,-13.101,22.645,0.0,,,22.644999,,22.645,0.0,,22.645,22.645,,68.366999,0.333333,0.333333,0.333333,69.056997,0.33,0.33,0.33,
06/30/1997,518.763,,-389.609009,,129.153991,,-77.902,,,,51.251999,-5.382,,5.986,,,-0.604,45.869999,-16.648001,29.222,0.0,,,29.221998,,29.222,0.0,,29.222,29.222,,68.650497,0.426667,0.426667,0.426667,69.460498,0.42,0.42,0.42,
09/30/1997,534.817993,,-405.197998,,129.619995,,-75.350998,,,,54.269001,-5.373,,6.046,,,-0.673,48.896001,-17.496,31.4,0.0,,,31.400001,,31.4,0.0,,31.4,31.4,,68.844,0.46,0.46,0.46,69.736502,0.45,0.45,0.45,
12/31/1997,515.916992,,-386.117004,,129.799988,,-79.714996,,,,50.084999,-4.76,,5.828,,,-1.068,45.324999,-15.821,29.504,0.0,,,29.503999,,29.504,0.0,,29.504,29.504,,68.313,0.43,0.43,0.43,69.397499,0.43,0.43,0.43,
03/31/1998,526.817,,-379.989,,146.828,0.0,-94.453,80.172,,14.281,52.375,-5.475,5.398,5.94,-0.542,,0.077,46.9,-17.001,29.899,,,,29.899,,29.899,,0.0,29.899,29.899,,68.3865,0.44,0.44,0.44,69.3075,0.433333,0.433333,0.433333,
06/30/1998,563.399,,-418.075989,,145.323011,,-83.054,,,,62.269,-5.639,,6.334,,,-0.695,56.63,-20.073,36.556999,0.0,,,36.557,,36.556999,0.0,,36.556999,36.556999,,68.466002,0.533333,0.533333,0.533333,69.397499,0.526667,0.526667,0.526667,
09/30/1998,393.229004,,-255.412003,,137.817001,,-85.214996,,,,52.602001,-4.677,7.142,7.142,,,-2.465,47.925001,-16.253,31.672001,-5.103,,,36.775001,,36.775002,0.0,,36.775002,36.775002,,68.669998,0.54,0.46,0.46,69.406998,0.53,0.46,0.46,
12/31/1998,397.249,,-256.221,,141.028,0.0,-87.775,,,,53.253,-6.409,5.425,5.452,-5.706001,,6.663001,46.844,-16.551,30.293,-4.914,,,35.207,,35.207,0.0,0.0,35.207,35.207,,68.496,0.51,0.44,0.44,69.192,0.51,0.44,0.44,
03/31/1999,400.046,,-261.256,,138.79,,-85.936,,,,52.854,-2.687,4.621,7.888,-3.267,,-1.934,50.167,-17.732,32.435,-1.231,,,33.666,0.0,33.666,0.0,,33.666,33.666,,68.218,0.5,0.5,0.5,68.781,0.49,0.49,0.49,
06/30/1999,405.268005,,-265.337006,,139.931,,-82.390999,,,,57.540001,-1.739,,9.054,,,-7.315,55.801001,-19.702999,36.098,-3.213,,,39.311002,0.0,39.311001,0.0,,39.311001,39.311001,,67.889999,0.58,0.53,0.53,68.511002,0.57,0.53,0.53,
09/30/1999,384.192993,,-270.683014,,113.509979,,-81.190002,,,,32.32,-4.015,,6.068,,,-2.053,28.305,-9.958,18.347,-4.008,,,22.355,0.0,22.355,0.0,,22.355,22.355,,67.346001,0.33,0.27,0.45,67.852997,0.33,0.27,0.45,
12/31/1999,364.15,,-259.727,,104.423,,-77.583,,,,26.84,-5.318,,4.844,-5.628,,6.102,21.522,-7.504,14.018,-5.22,,,19.238,0.0,19.238,0.0,0.0,19.238,19.238,,64.47,0.22,0.22,0.22,64.695,0.22,0.22,0.22,
03/31/2000,383.796,,-254.106,,129.69,0.0,-81.653,68.374,,13.279,48.037,-5.487,5.633,6.15,-0.517,,-0.146,42.55,-14.89,27.66,,,,27.66,,27.66,0.0,0.0,27.66,27.66,,61.656,0.45,0.45,0.45,61.936,0.45,0.45,0.45,
06/30/2000,387.962,,-251.478,,136.484,0.0,-81.633,68.174,,13.459,54.851,18.731,5.504,5.763,-0.259,,-24.235,73.582,-25.758,47.824,,,,47.824,,47.824,,0.0,47.824,47.824,,60.703,0.79,0.79,0.79,61.341,0.78,0.78,0.78,
09/30/2000,363.093,,-245.043,,118.05,0.0,-80.37,65.995,,14.375,37.68,-4.746,4.801,5.077,-0.276,,-0.055,32.934,-11.525,21.409,,,,21.409,,21.409,,0.0,21.409,21.409,,60.674,0.35,0.35,0.35,61.168,0.35,0.35,0.35,
12/31/2000,356.34,,-235.525,,120.815,,-77.359,,,,43.456,-2.163,4.574,4.574,,,-2.411,41.293,-14.458,26.835,0.0,,,26.835,0.0,26.835,0.0,0.0,26.835,26.835,,60.897,0.44,0.44,0.44,60.897,0.44,0.44,0.44,
03/31/2001,379.28299,,-259.826996,,119.455994,,-82.121002,,,,37.334999,-6.137,,4.779,-0.355,,1.713,31.197999,-10.919,20.278999,0.0,,,20.279,0.0,20.278999,0.0,0.0,20.278999,20.278999,,60.212002,0.34,0.34,0.41,60.773998,0.33,0.33,0.4,
06/30/2001,409.033997,,-279.01001,,130.023987,,-74.836998,,,,55.187,-5.244,,5.151,-0.118,,0.211,49.943,-17.48,32.463001,0.0,,,32.463001,0.0,32.463001,0.0,0.0,32.463001,32.463001,,59.611,0.54,0.54,0.54,60.240002,0.54,0.54,0.54,
09/30/2001,426.212006,,-295.114014,,131.097992,,-84.174004,,,,46.924,-20.176,,5.985,-0.407,,14.598,26.748,-8.879,17.868999,0.0,,,17.869,0.0,17.868999,0.0,0.0,17.868999,17.868999,,59.655998,0.3,0.3,0.44,60.474998,0.3,0.3,0.44,
12/31/2001,372.651,,-258.586,,114.065,,-81.827,,,,32.238,-4.31,5.089,5.272,-0.183,,-0.779,27.928,-9.919,18.009,0.0,,,18.009,0.0,18.009,0.0,0.0,18.009,18.009,,59.974,0.3,0.3,0.3,59.974,0.3,0.3,0.3,
03/31/2002,371.545013,,-255.419998,,116.125015,,-79.310997,,,,36.813999,-5.773,,4.491,-0.45,,1.732,31.040999,-10.244,20.797001,28.076,,,-7.279002,0.0,-7.279,0.0,0.0,-7.279,-7.279,,59.785999,-0.12,0.35,0.35,60.188,-0.12,0.35,0.35,
06/30/2002,391.613,,-265.969,,125.644,0.0,-82.345,82.345,,0.0,43.299,-3.635,3.995,4.153,-0.158,,-0.36,39.664,-13.101,26.563,,,,26.563,,26.563,,0.0,26.563,26.563,,59.808,0.44,0.44,0.44,60.371,0.44,0.44,0.44,
09/30/2002,385.980988,,-273.178009,,112.802979,,-80.863998,,,,31.938999,-2.884,,4.229,-1.306,,-0.039,29.054999,-8.578,20.476999,0.0,,,20.476999,0.0,20.476999,0.0,0.0,20.476999,20.476999,,59.814999,0.34,0.34,0.34,60.07,0.34,0.34,0.34,
12/31/2002,367.208,,-359.984,,7.224,,-79.605,,,,-72.381,-2.926,3.657,4.027,-0.37,0.0,-0.731,-75.307,24.098,-51.209,0.0,,,-51.209,0.0,-51.209,0.0,0.0,-51.209,-51.209,73.345,59.573,-0.86,-0.86,0.37,59.662,-0.86,-0.86,0.37,
03/31/2003,376.470001,,-257.274994,,119.195007,,-91.015999,,,,28.179001,-3.92,,3.944,-0.189,,0.165,24.259001,-7.763,16.496,0.0,,,16.496001,0.0,16.496,0.0,0.0,16.496,16.496,,59.400002,0.28,0.28,0.28,59.455002,0.28,0.28,0.28,
06/30/2003,405.973,,-274.357,,131.616,0.0,-88.705,88.705,,0.0,42.911,-4.665,3.832,4.141,-0.309,,0.833,38.246,-12.239,26.007,,,,26.007,,26.007,,0.0,26.007,26.007,,59.287,0.44,0.44,0.44,59.394,0.44,0.44,0.44,
09/30/2003,425.290985,,-288.949005,,136.34198,,-91.571999,,,,44.77,-4.902,,4.916,-0.226,,0.212,39.868001,-11.734,28.134001,0.0,,,28.134,0.0,28.134001,0.0,0.0,28.134001,28.134001,,59.305,0.47,0.47,0.47,59.723,0.47,0.47,0.47,
12/31/2003,428.257,,-284.985,,143.272,,-89.52,,,,53.752,-4.961,6.547,7.009,-0.462,,-1.586,48.791,-15.125,33.666,0.0,,,33.666,0.0,33.666,0.0,0.0,33.666,33.666,,59.517,0.56,0.56,0.56,60.177,0.56,0.56,0.56,
03/31/2004,448.306,,-305.925995,,142.380005,,-103.702003,,,,38.678001,-6.537,6.319,6.541,-0.222,,0.218,32.141002,-9.964,22.177,0.0,,,22.177002,0.0,22.177,0.0,0.0,22.177,22.177,,59.543999,0.37,0.37,0.37,60.417999,0.37,0.37,0.37,
06/30/2004,479.106995,,-324.347992,,154.759003,,-104.003998,,,,50.755001,-5.483,5.52,5.687,-0.167,,-0.037,45.272001,-14.034,31.238001,0.0,,,31.238001,0.0,31.238001,0.0,0.0,31.238001,31.238001,,59.214001,0.53,0.53,0.53,60.042,0.52,0.52,0.52,
09/30/2004,477.320007,,-326.049988,,151.27002,,-100.639,,,,50.631001,-366.658996,4.964,5.819,-0.855,,361.694996,-316.027996,110.821999,-205.205994,0.0,,,-205.205997,0.0,-205.205994,0.0,0.0,-205.205994,-205.205994,,59.004002,-3.48,-3.48,0.56,59.004002,-3.48,-3.48,0.56,
12/31/2004,485.602,,-342.55,,143.052,,-96.812,,,,46.24,24.205,,5.114,-0.122,,-29.197,70.445,-24.075,46.37,0.0,,,46.37,0.0,46.37,0.0,0.0,46.37,46.37,,59.123,0.78,0.78,0.52,59.75,0.78,0.78,0.52,
03/31/2005,507.061005,,-351.640991,,155.420013,,-113.57,,,,41.849998,-5.097,5.379,5.72,-0.341,,-0.282,36.752999,-11.755,24.997999,0.0,,,24.997999,0.0,24.997999,0.0,0.0,24.997999,24.997999,,59.455002,0.42,0.42,0.42,60.07,0.42,0.42,0.42,
06/30/2005,525.619019,,-363.333008,,162.286011,,-107.388,,,,54.897999,-3.797,5.581,5.742,-0.161,,-1.784,51.100999,-15.427,35.674,0.0,,,35.673999,0.0,35.674,0.0,0.0,35.674,35.674,,59.605999,0.6,0.6,0.6,60.091,0.59,0.59,0.59,
09/30/2005,522.231,,-356.058,,166.173,,-104.414,,,,61.759,-4.282,5.06,5.563,-0.503,0.0,-0.778,57.477,-17.434,40.043,0.0,,,40.043,0.0,40.043,0.0,0.0,40.043,40.043,,59.936,0.67,0.67,0.67,60.49,0.66,0.66,0.66,
12/31/2005,506.338,,-347.63,,158.708,,-103.593,,,,55.115,-3.923,,5.391,-1.367,,-0.101,51.192,-15.87,35.322,0.0,,,35.322,0.0,35.322,0.0,0.0,35.322,35.322,,60.233,0.59,0.59,0.59,60.928,0.58,0.58,0.58,
03/31/2006,549.382996,,-371.501007,,177.881989,,-120.667,,,,57.215,-3.558,4.819,5.527,-0.708,,-1.261,53.657,-16.257999,37.398998,0.0,,,37.399001,0.0,37.398998,0.0,0.0,37.398998,37.398998,,60.717999,0.62,0.62,0.62,61.800999,0.61,0.61,0.61,
06/30/2006,558.151,,-376.423,,181.728,,-115.638,,,,66.09,-0.171,4.593,5.496,-0.903,,-4.422,65.919,-21.456,44.463,0.0,,,44.463,0.0,44.463,0.0,0.0,44.463,44.463,,60.995,0.73,0.73,0.73,62.338,0.71,0.71,0.71,
09/30/2006,567.704,,-378.054,,189.65,,-118.487,,,,71.163,-3.231,4.692,5.244,-0.552,,-1.461,67.932,-21.889,46.043,0.0,,,46.043,0.0,46.043,0.0,0.0,46.043,46.043,,61.11,0.75,0.75,0.75,62.226,0.74,0.74,0.74,
12/31/2006,581.651,,-399.655,,181.996,,-128.528,,,,53.468,-1.639,,6.748,-2.776,,-2.333,51.826,-13.844,37.982,0.0,,,37.982,,37.982,0.0,0.0,37.982,37.982,,60.839,0.62,0.62,0.62,61.88,0.61,0.61,0.61,
03/31/2007,628.21698,,-423.683014,,204.533966,,-136.134995,,,,68.399002,-3.742,5.555,6.868,-1.313,,-1.813,64.657002,-21.011999,43.645,0.0,,,43.645003,0.0,43.645,0.0,0.0,43.645,43.645,,60.209,0.72,0.72,0.72,61.207001,0.71,0.71,0.71,
06/30/2007,660.896973,,-452.27301,,208.623962,,-136.826996,,,,71.796997,-4.981,5.912,6.901,-0.989,,-0.931,66.815997,-21.08,45.736,0.0,,,45.735997,0.0,45.736,0.0,0.0,45.736,45.736,,59.766998,0.77,0.77,0.86,60.882,0.75,0.75,0.84,
09/30/2007,664.093018,,-445.602997,,218.490021,,-140.957001,,,,77.532997,-394.610991,5.31,6.845,-1.535,,389.300991,-317.077994,120.127998,-196.949997,0.0,,,-196.949996,0.0,-196.949997,0.0,0.0,-196.949997,-196.949997,,59.883999,-3.29,-3.29,0.89,59.883999,-3.29,-3.29,0.87,
12/31/2007,665.963,,-454.598,,211.365,0.0,-146.6,,,,64.765,1.945,4.368,6.79,-2.422,,-6.313,66.71,-21.483,45.227,0.0,,,45.227,,45.227,0.0,0.0,45.227,45.227,,60.093,0.75,0.75,0.75,61.221,0.75,0.75,0.75,
03/31/2008,678.867981,,-452.531006,,226.336975,,-150.988007,,,,75.348999,-3.891,4.221,6.505,-2.284,,-0.33,71.457999,-23.08,48.377998,0.0,,,48.377999,0.0,48.377998,0.0,0.0,48.377998,48.377998,,60.040001,0.81,0.81,0.81,60.955002,0.79,0.79,0.79,
06/30/2008,693.482,,-455.647,,237.835,,-151.564,,,,86.271,-2.164,3.795,6.678,-2.883,,-1.631,84.107,-25.098,59.009,0.0,,,59.009,0.0,59.009,0.0,0.0,59.009,59.009,,59.707,0.99,0.99,0.94,60.581,0.97,0.97,0.92,
09/30/2008,642.678,,-434.382,,208.296,,-153.678,,,,54.618,-2.924,2.841,6.053,-3.212,,0.083,51.694,-15.612,36.082,0.0,,,36.082,0.0,36.082,0.0,0.0,36.082,36.082,,59.811,0.6,0.6,0.6,60.485,0.6,0.6,0.6,
12/31/2008,589.279,,-408.476,,180.803,,-134.507,,,,46.296,-69.703,,6.563,-1.884,,65.024,-23.407,15.096,-8.311,0.0,,,-8.311,0.0,-8.311,0.0,0.0,-8.311,-8.311,,59.165,-0.14,-0.14,0.56,59.165,-0.14,-0.14,0.56,
03/31/2009,555.139,555.139,-382.01,382.01,173.129,0.0,-135.245,120.192,15.053,0.0,37.884,-4.335,5.927,6.77,-0.843,,-1.592,33.549,-10.238,23.311,0.0,0.0,0.0,23.311,0.0,23.311,0.0,0.0,23.311,28.058,4.747,58.453,0.4,0.4,0.48001,58.543,0.4,0.4,0.48001,
06/30/2009,545.491,545.491,-369.537,369.537,175.954,0.0,-130.462,115.683,14.779,0.0,45.492,-5.786,6.315,6.78,-0.465,,-0.529,39.706,-11.901,27.805,0.0,0.0,0.0,27.805,-0.038,27.767,0.0,0.0,27.767,28.93375,1.16675,58.459,0.47,0.47,0.494941,58.728,0.47,0.47,0.489867,
09/30/2009,550.71,550.71,-365.482,365.482,185.228,0.0,-129.775,115.75,14.025,0.0,55.453,-6.468,6.551,6.821,-0.27,,-0.083,48.985,-13.832,35.153,0.0,0.0,0.0,35.153,-0.045,35.108,0.0,0.0,35.108,35.44145,0.33345,58.472,0.6,0.6,0.606127,58.842,0.6,0.6,0.605667,
12/31/2009,545.004,545.004,-349.002,349.002,196.002,0.0,-126.562,112.215,14.347,0.0,69.44,-6.874,5.527,6.769,-1.242,,1.347,62.566,-14.873,47.693,0.0,0.0,0.0,47.693,-0.022,47.671,0.0,0.0,47.671,33.69495,-13.99805,58.472,0.81,0.81,0.575882,59.119,0.81,0.81,0.573222,
03/31/2010,530.291,530.291,-352.271,352.271,178.02,0.0,-124.74,110.303,14.437,0.0,53.28,-6.522,6.501,6.726,-0.225,,0.021,46.758,-13.574,33.184,0.0,0.0,0.0,33.184,0.05,33.234,0.0,0.0,33.234,33.33,0.096,58.65,0.57,0.57,0.568286,59.57,0.56,0.56,0.561612,
06/30/2010,552.814,552.814,-361.779,361.779,191.035,0.0,-125.731,110.323,15.408,0.0,65.304,-7.025,6.421,6.657,-0.236,,0.604,58.279,-18.116,40.163,0.0,0.0,0.0,40.163,-0.122,40.041,0.0,0.0,40.041,39.48,-0.561,58.909,0.68,0.68,0.670186,59.894,0.67,0.67,0.660633,
09/30/2010,560.714,560.714,-373.171,373.171,187.543,0.0,-124.664,109.913,14.751,0.0,62.879,-4.917,6.439,6.738,-0.299,,-1.522,57.962,-16.359,41.603,0.0,0.0,0.0,41.603,-0.096,41.507,0.0,0.0,41.507,41.159,-0.348,58.608,0.71,0.71,0.702276,59.525,0.7,0.7,0.694154,
12/31/2010,574.006,574.006,-385.381,385.381,188.625,0.0,-134.926,119.681,15.245,0.0,53.699,-5.769,6.296,6.72,-0.424,,-0.527,47.93,-8.69,39.24,0.0,0.0,0.0,39.24,0.148,39.388,0.0,0.0,39.388,40.184,0.944,58.275,0.66,0.66,0.692098,59.317,0.66,0.66,0.675914,
03/31/2011,611.02,611.02,-397.85,397.85,213.17,0.0,-140.31,124.536,15.774,0.0,72.86,-2.707,6.332,6.622,-0.29,,-3.625,70.153,-21.775,48.378,0.0,0.0,0.0,48.378,0.089,48.467,0.0,0.0,48.467,45.4894,-2.9776,58.33,0.83,0.83,0.779863,59.552,0.81,0.81,0.76,
06/30/2011,633.189,633.189,-415.985,415.985,217.204,0.0,-138.353,122.5,15.853,0.0,78.851,-6.33,6.04,6.429,-0.389,,0.29,72.521,-22.694,49.827,-0.71,-0.71,0.0,50.537,-0.1,50.437,0.0,0.0,50.437,49.727,0.0,58.173,0.87,0.85,0.85,59.348,0.85,0.84,0.84,
09/30/2011,647.088,647.088,-428.524,428.524,218.564,0.0,-138.274,122.693,15.581,0.0,80.29,-6.105,6.032,6.474,-0.442,,0.073,74.185,-22.966,51.219,-1.187,-1.187,0.0,52.406,0.134,52.54,0.0,0.0,52.54,51.353,0.0,58.048,0.91,0.88,0.88,59.058,0.89,0.87,0.87,
12/31/2011,631.618,631.618,-425.765,425.765,205.853,0.0,-398.508,110.799,15.735,271.974,-192.655,-6.668,6.216,6.73,-0.514,,0.452,-199.323,74.518,-124.805,0.0,0.0,0.0,-124.805,-0.324,-125.129,0.0,0.0,-125.129,31.942,157.071,57.903,-2.16,-2.16,0.551647,57.903,-2.16,-2.16,0.551647,
03/31/2012,645.613,645.613,-429.625,429.625,215.988,0.0,-137.691,123.017,14.674,0.0,78.297,-6.663,6.316,6.711,-0.395,,0.347,71.634,-20.66,50.974,-0.822,-0.822,0.0,51.796,-0.134,51.662,0.0,0.0,51.662,50.84,0.0,57.889,0.89,0.88,0.88,58.88,0.88,0.86,0.86,
06/30/2012,657.686,657.686,-436.095,436.095,221.591,0.0,-152.214,122.193,15.274,14.747,69.377,-6.682,6.331,6.785,-0.454,,0.351,62.695,-19.857,42.838,-19.909,-19.909,0.0,62.747,-0.185,62.562,0.0,0.0,62.562,54.533,11.88,57.762,1.08,0.74,0.944098,58.614,1.07,0.73,0.932682,
09/30/2012,645.981,645.981,-426.148,426.148,219.833,0.0,-133.249,119.915,13.174,0.16,86.584,-6.181,6.175,6.618,-0.443,,0.006,80.403,-23.997,56.406,-0.901,-0.901,0.0,57.307,-0.182,57.125,0.0,0.0,57.125,57.1041,0.8801,57.123,1.0,0.99,0.999669,57.873,0.99,0.97,0.985207,
12/31/2012,629.788,629.788,-417.569,417.569,212.219,0.0,-136.036,117.364,14.141,4.531,76.183,-6.31,6.13,6.717,-0.587,,0.18,69.873,-23.901,45.972,0.001,0.001,0.0,45.971,-0.327,45.644,0.0,0.0,45.644,52.46415,6.81915,57.008,0.79,0.79,0.920295,57.783,0.79,0.79,0.908013,
03/31/2013,627.571,627.571,-409.819,409.819,217.752,0.0,-130.852,118.142,12.71,0.0,86.9,-6.206,6.086,6.718,-0.632,,0.12,80.694,-22.752,57.942,0.0,0.0,0.0,57.942,-0.151,57.791,0.0,0.0,57.791,60.679,2.888,57.479,1.01,1.01,1.055673,58.389,0.99,0.99,1.039461,
06/30/2013,648.746,648.746,-426.025,426.025,222.721,0.0,-133.875,120.861,13.014,0.0,88.846,-6.32,6.726,7.245,-0.519,,-0.406,82.526,-27.112,55.414,0.0,0.0,0.0,55.414,-0.54,54.874,0.0,0.0,54.874,61.727,6.853,57.908,0.95,0.95,1.065949,58.828,0.93,0.93,1.046492,
09/30/2013,637.515,637.515,-421.317,421.317,216.198,0.0,-127.189,114.754,12.435,0.0,89.009,-6.807,6.351,6.688,-0.337,,0.456,82.202,-24.719,57.483,0.0,0.0,0.0,57.483,-0.352,57.131,0.0,0.0,57.131,59.985,2.854,58.093,0.98,0.98,1.032568,59.035,0.97,0.97,1.018344,
12/31/2013,681.449,681.449,-454.598,454.598,226.851,0.0,-143.73,127.052,16.678,0.0,83.121,-2.527,5.43,5.809,-0.379,,-2.903,80.594,-30.482,50.112,0.0,0.0,0.0,50.112,-0.406,49.706,0.0,0.0,49.706,57.943,7.831,58.161,0.85,0.84,0.989271,59.156,0.84,1.68,0.989271,
03/31/2014,716.8,716.8,-462.7,462.7,254.1,0.0,-172.6,157.9,,14.7,81.5,-9.6,9.4,9.8,-0.4,,0.2,71.9,-22.9,49.0,0.0,0.0,0.0,49.0,-0.2,48.8,0.0,0.0,48.8,67.75,18.95,58.5,0.83,0.83,1.15812,59.5,0.82,0.82,1.138487,
06/30/2014,750.096,750.096,-488.031,488.031,262.065,0.0,-164.485,159.164,,5.321,97.58,-10.913,9.399,9.764,-0.365,,1.514,86.667,-26.758,59.909,0.0,0.0,0.0,59.909,-0.212,59.697,0.0,0.0,59.697,68.41745,8.72045,58.883,1.01,1.01,1.161922,59.843,1.0,1.0,1.145722,
09/30/2014,727.413,727.413,-476.291,476.291,251.122,0.0,-203.389,144.402,,58.987,47.733,-8.831,9.173,9.556,-0.383,,-0.342,38.902,-10.686,28.216,0.0,0.0,0.0,28.216,-0.137,28.079,0.0,0.0,28.079,30.115,2.036,58.971,0.48,0.48,0.510675,59.903,0.47,0.47,0.503988,
12/31/2014,730.658,730.658,-479.965,479.965,250.693,0.0,-161.102,143.399,,17.703,89.591,-5.765,9.516,10.093,-0.577,,-3.751,83.826,-27.254,56.572,0.0,0.0,0.0,56.572,-0.36,56.212,0.0,0.0,56.212,67.212,11.0,58.526,0.95,0.95,1.148413,59.344,0.95,0.95,1.13536,
03/31/2015,678.8,678.8,-442.0,442.0,236.8,0.0,-150.7,148.6,,2.1,86.1,-9.7,9.4,9.9,-0.5,,0.3,76.4,-24.9,51.5,0.0,0.0,0.0,51.5,-0.3,51.2,0.0,0.0,51.2,61.155,9.955,58.1,0.88,0.88,1.052582,58.9,0.87,0.87,1.039015,
06/30/2015,711.2,711.2,-470.7,470.7,240.5,0.0,-150.3,141.7,,8.6,90.2,-8.6,9.0,9.5,-0.5,,-0.4,81.6,-25.7,55.9,0.0,0.0,0.0,55.9,-0.1,55.8,0.0,0.0,55.8,62.5,6.6,58.0,0.96,0.96,1.075862,58.8,0.95,0.95,1.062245,
09/30/2015,669.9,669.9,-431.7,431.7,238.2,0.0,-145.0,141.4,,3.6,93.2,-8.9,8.6,9.1,-0.5,,0.3,84.3,-27.1,57.2,0.0,0.0,0.0,57.2,-0.3,56.9,0.0,0.0,56.9,60.7,3.5,58.1,0.98,0.98,1.039587,58.8,0.97,0.97,1.029524,
12/31/2015,680.6,680.6,-441.4,441.4,239.2,0.0,-135.7,135.0,,0.7,103.5,-8.9,8.6,9.1,-0.5,,0.3,94.6,-29.0,65.6,0.0,0.0,0.0,65.6,-0.4,65.2,0.0,0.0,65.2,65.8,0.6,58.1,1.12,1.12,1.13253,58.7,1.11,1.11,1.120221,
03/31/2016,660.0,660.0,-426.1,426.1,233.9,0.0,-148.4,132.3,16.5,-0.4,85.5,-8.9,8.6,9.1,-0.5,,0.3,76.6,-21.4,55.2,0.0,0.0,0.0,55.2,-0.2,55.0,0.0,0.0,55.0,54.74,-0.26,58.2,0.95,0.95,0.94055,58.9,0.93,0.93,0.925586,
06/30/2016,712.2,712.2,-449.1,449.1,263.1,0.0,-160.5,160.5,,0.0,102.6,-9.0,8.7,9.2,-0.5,,0.3,93.6,-25.2,68.4,0.0,0.0,0.0,68.4,-0.2,68.2,0.0,0.0,68.2,71.5,3.3,58.3,1.17,1.17,1.226415,59.2,1.15,1.15,1.205743,
09/30/2016,694.2,694.2,-449.2,449.2,245.0,0.0,-141.2,141.2,,0.0,103.8,-8.8,8.7,9.2,-0.5,,0.1,95.0,-31.3,63.7,0.0,0.0,0.0,63.7,-0.2,63.5,0.0,0.0,63.5,63.5,0.0,58.5,1.09,1.09,1.09,59.4,1.07,1.07,1.07,
12/31/2016,681.4,681.4,-433.7,433.7,247.7,0.0,-339.3,125.4,16.6,197.3,-91.6,-9.6,8.5,9.0,-0.5,,1.1,-101.2,37.6,-63.6,0.0,0.0,0.0,-63.6,-0.4,-64.0,0.0,0.0,-64.0,61.1,125.1,58.8,-1.09,-1.09,1.039116,58.8,-1.09,-1.09,1.037551,
03/31/2017,673.4,673.4,-429.5,429.5,243.9,0.0,-150.6,150.6,,0.0,93.3,-5.4,8.5,9.0,-0.5,,-3.1,87.9,-24.6,63.3,0.0,0.0,0.0,63.3,-0.2,63.1,0.0,0.0,63.1,63.1,0.0,59.3,1.06,1.06,1.06,60.3,1.05,1.05,1.05,
06/30/2017,702.5,702.5,-444.3,444.3,258.2,0.0,-152.4,149.8,,2.6,105.8,-6.1,8.4,9.0,-0.6,,-2.3,99.7,-30.4,69.3,0.0,0.0,0.0,69.3,-0.1,69.2,0.0,0.0,69.2,71.1,1.9,59.5,1.16,1.16,1.194958,60.5,1.14,1.14,1.171405,
09/30/2017,695.9,695.9,-441.5,441.5,254.4,0.0,-152.3,151.8,,0.5,102.1,-5.1,8.6,9.3,-0.7,,-3.5,97.0,-28.5,68.5,0.0,0.0,0.0,68.5,-0.3,68.2,0.0,0.0,68.2,68.6,0.4,59.5,1.15,1.15,1.152941,60.4,1.13,1.13,1.136623,
12/31/2017,714.2,714.2,-455.6,455.6,258.6,0.0,-171.3,153.7,18.7,-1.1,87.3,-4.4,8.1,8.8,-0.7,,-3.7,82.9,-111.4,-28.5,0.0,0.0,0.0,-28.5,-0.2,-28.7,0.0,0.0,-28.7,71.0,99.7,59.4,-0.48,-0.48,1.195286,59.4,-0.48,-0.48,1.195286,
03/31/2018,799.1,799.1,-521.2,521.2,277.9,0.0,-183.6,177.6,,6.0,94.3,-9.9,13.8,14.6,-0.8,,-3.9,84.4,-15.7,68.7,0.0,0.0,0.0,68.7,0.0,68.7,0.0,0.0,68.7,75.0,6.3,59.7,1.15,1.15,1.256281,61.0,1.13,1.13,1.233279,
06/30/2018,851.0,851.0,-545.6,545.6,305.4,0.0,-192.4,188.9,,3.5,113.0,-8.1,12.4,12.8,-0.4,,-4.3,104.9,-24.2,80.7,0.0,0.0,0.0,80.7,0.0,80.7,0.0,0.0,80.7,84.8,4.1,59.7,1.35,1.35,1.420436,61.1,1.32,1.32,1.387103,
09/30/2018,855.8,855.8,-544.8,544.8,311.0,0.0,-187.1,179.8,,7.3,123.9,-6.1,11.8,12.3,-0.5,,-5.7,117.8,-20.7,97.1,0.0,0.0,0.0,97.1,-0.1,97.0,0.0,0.0,97.0,98.7,1.7,59.7,1.62,1.62,1.653266,61.1,1.59,1.59,1.617823,
12/31/2018,839.7,839.7,-544.6,544.6,295.1,0.0,-185.0,170.9,35.9,-21.8,110.1,-5.6,10.6,11.2,-0.6,,-5.0,104.5,-15.4,89.1,0.0,0.0,0.0,89.1,0.1,89.2,0.0,0.0,89.2,99.8,10.6,59.5,1.49916,1.49916,1.677311,60.9,1.46,1.46,1.634056,
03/31/2019,831.7,831.7,-526.6,526.6,305.1,0.0,-191.4,187.4,,4.0,113.7,-9.3,11.3,11.9,-0.6,,-2.0,104.4,-21.9,82.5,0.0,0.0,0.0,82.5,-0.1,82.4,0.0,0.0,82.4,88.3,5.9,59.8,1.38,1.38,1.476589,60.7,1.36,1.36,1.457199,
06/30/2019,841.6,841.6,-535.0,535.0,306.6,0.0,-183.8,179.8,28.6,4.0,122.8,-4.3,10.7,11.4,-0.7,,-6.4,118.5,-27.5,91.0,0.0,0.0,0.0,91.0,0.0,91.0,0.0,0.0,91.0,96.2,5.2,59.9,1.52,1.52,1.60601,60.8,1.5,1.5,1.585526,
09/30/2019,772.3,772.3,-494.4,494.4,277.9,0.0,-168.6,166.8,,1.8,109.3,-15.6,11.1,11.7,-0.6,,4.5,93.7,-21.1,72.6,0.0,0.0,0.0,72.6,-0.1,72.5,0.0,0.0,72.5,85.0,12.5,60.0,1.21,1.21,1.416667,60.8,1.19,1.19,1.395592,
12/31/2019,837.5,837.5,-794.6,794.6,42.9,0.0,-178.3,178.3,29.3,-29.3,-135.4,-10.4,11.0,11.8,-0.8,,-0.6,-145.8,33.3,-112.5,0.0,0.0,0.0,-112.5,-0.1,-112.6,0.0,0.0,-112.6,95.3,207.9,59.5,-1.89,-1.89,1.601681,59.5,-1.89,-1.89,1.601681,
03/31/2020,797.9,797.9,-510.8,510.8,287.1,0.0,-198.5,194.5,,4.0,88.6,-8.3,12.1,12.5,-0.4,,-3.8,80.3,-17.5,62.8,0.0,0.0,0.0,62.8,0.0,62.8,0.0,0.0,62.8,67.852,5.052,58.8,1.07,1.07,1.153946,59.6,1.05,1.05,1.134765,
06/30/2020,677.9,677.9,-451.7,451.7,226.2,0.0,-195.7,169.6,,26.1,30.5,-11.6,14.1,14.4,-0.3,,-2.5,18.9,-4.1,14.8,0.0,0.0,0.0,14.8,0.0,14.8,0.0,0.0,14.8,37.3,22.5,58.0,0.26,0.26,0.643103,58.5,0.25,0.25,0.634615,
09/30/2020,670.4,,,,239.1652,,,,,,70.94,,,,,,,59.54,,47.033,,,,,,47.033,,,47.033,44.92,,,0.795,0.795,0.788,,0.795,0.795,0.788,
12/31/2020,735.2,,,,257.32,,,,,,93.44,,,,,,,82.72,,70.7,,,,,,70.7,,,70.7,68.48,,,1.28,1.28,1.195,,1.28,1.28,1.195,
