Date,Revenue,Sales & Services Revenue,Cost of Revenue,Cost of Goods & Services,Gross Profit,Other Operating Income,Operating Expenses,"Selling, General & Admin",Selling & Marketing,General & Administrative,Research & Development,Other Operating Expense,Operating Income (Loss),Non-Operating (Income) Loss,"Interest Expense, Net",Interest Expense,Interest Income,Foreign Exch (Gain) Loss,Other Non-Op (Income) Loss,Pretax Income,Income Tax Expense (Benefit),Income (Loss) from Cont Ops,Net Extraordinary Losses (Gains),Discontinued Operations,XO & Accounting Changes,Income (Loss) Incl. MI,Minority Interest,"Net Income, GAAP",Preferred Dividends,Other Adjustments,"Net Income Avail to Common, GAAP","Net Income Avail to Common, Adj",Net Abnormal Losses (Gains),Basic Weighted Avg Shares,"Basic EPS, GAAP",Basic EPS from Cont Ops,"Basic EPS from Cont Ops, Adjusted",Diluted Weighted Avg Shares,"Diluted EPS, GAAP",Diluted EPS from Cont Ops,"Diluted EPS from Cont Ops, Adjusted",Source: Bloomberg
10/29/1989,14.082,,-5.239,,8.843,,-4.77,,,,,,4.073,0.123,,,,0.0,-0.123,4.196,-1.677,2.519,0.0,,,2.519,0.0,2.519,0.0,,2.519,2.519,,3650.976013,0.000694,0.000694,0.000694,3650.976013,0.000694,0.000694,0.000694,
01/28/1990,16.059999,,-5.543,,10.516999,,-5.652,,,,,,4.865,0.018,,,,0.0,-0.018,4.883,-1.953,2.93,0.0,,,2.93,0.0,2.93,0.0,,2.93,2.93,,3692.73587,0.000799,0.000799,0.000799,3692.73587,0.000799,0.000799,0.000799,
04/29/1990,17.851,,-5.932,,11.919,,-6.401,,,,,,5.518,0.801,,,,0.0,-0.801,6.319,-2.494,3.825,0.0,,,3.825,0.0,3.825,0.0,,3.825,3.825,,4192.416046,0.000903,0.000903,0.000903,4192.416046,0.000903,0.000903,0.000903,
07/29/1990,21.783,,-7.243,,14.54,,-7.605,,,,,,6.935,1.146,,,,0.0,-1.146,8.081,-3.451,4.63,0.0,,,4.63,0.0,4.63,0.0,,4.63,4.63,,4450.176,0.001042,0.001042,0.001042,4450.176,0.001042,0.001042,0.001042,
10/28/1990,32.761002,,-10.814,,21.947002,,-9.706,,,,,,12.241,1.077,,,,0.0,-1.077,13.318,-5.394,7.924,0.0,,,7.924,0.0,7.924,0.0,,7.924,7.924,,4441.824,0.001771,0.001771,0.001771,4441.824,0.001771,0.001771,0.001771,
01/27/1991,43.949001,,-14.746,,29.203001,,-12.988,,,,,,16.215,1.113,,,,0.0,-1.113,17.328,-6.931,10.397,0.0,,,10.397,0.0,10.397,0.0,,10.397,10.397,,4491.36,0.002326,0.002326,0.002326,4491.36,0.002326,0.002326,0.002326,
04/28/1991,49.707001,,-17.288,,32.419001,,-14.564,,,,,,17.855,0.928,,,,0.0,-0.928,0.0,-7.137,11.646,0.0,,,-7.137,0.0,11.646,0.0,,11.646,11.646,,4523.183856,0.002569,0.002569,0.002569,4523.183856,0.002569,0.002569,0.002569,
07/28/1991,56.767,,-19.651,,37.116,,-17.238,,,,,,19.878,1.449,,,,0.0,-1.449,21.327,-8.105,13.222,0.0,,,13.222,0.0,13.222,0.0,,13.222,13.222,,4516.5636,0.002917,0.002917,0.002917,4516.63236,0.002917,0.002917,0.002917,
10/27/1991,63.588001,,-21.851,,41.737001,,-18.271999,,,,,,23.465,1.495,,,,0.0,-1.495,24.96,-9.488,15.472,0.0,,,15.472,0.0,15.472,0.0,,15.472,15.472,,4543.631856,0.003333,0.003333,0.003333,4543.631856,0.003333,0.003333,0.003333,
01/26/1992,73.970001,,-24.527,,49.443001,,-20.958,,,,,,28.485001,1.257,,,,0.0,-1.257,0.0,-11.299,18.443001,0.0,,,-11.299,0.0,18.443001,0.0,,18.443001,18.443001,,4570.416,0.004167,0.004167,0.004167,4570.416,0.004167,0.004167,0.004167,
04/26/1992,91.374001,,-29.278999,,62.095002,,-26.233,,,,,,35.862,1.607,,,,0.0,-1.607,0.0,-14.238,23.231001,0.0,,,-14.238,0.0,23.231001,0.0,,23.231001,23.231001,,4591.151928,0.005,0.005,0.005,4591.151928,0.005,0.005,0.005,
07/26/1992,110.691,,-35.586,,75.105,,-33.53,,,,,,41.575,2.36,,,,0.0,-2.36,43.935,-16.695,27.24,0.0,,,27.24,0.0,27.24,0.0,,27.24,27.24,,4561.115944,0.005972,0.005972,0.005972,4561.115944,0.005972,0.005972,0.005972,
10/24/1992,126.378998,,-40.446999,,85.931999,,-35.466,,,,,,50.466,2.723,,,,0.0,-2.723,53.189,-19.945999,33.243,0.0,,,33.243001,0.0,33.243,0.0,,33.243,33.243,,4610.736145,0.007222,0.007222,0.007222,4610.736145,0.007222,0.007222,0.007222,
01/24/1993,145.070999,,-46.372002,,98.698997,,-39.000999,,,,,,59.698002,2.213,,,,0.0,-2.213,61.911002,-23.216999,38.694,0.0,,,38.694003,0.0,38.694,0.0,,38.694,38.694,,4641.624207,0.008333,0.008333,0.008333,4641.624207,0.008333,0.008333,0.008333,
04/25/1993,172.362,,-56.054001,,116.307999,,-45.023998,,,,,,71.283997,2.794,,,,0.0,-2.794,74.077996,-27.778999,46.299,0.0,,,46.298997,0.0,46.299,0.0,,46.299,46.299,,4658.39978,0.01,0.01,0.01,4658.39978,0.01,0.01,0.01,
07/25/1993,205.223,,-67.655,,137.568,,-55.445,,,,,,82.123,3.827,,,,0.0,-3.827,85.95,-32.231,53.719,0.0,,,53.719,0.0,53.719,0.0,,53.719,53.719,,4650.750522,0.011667,0.011667,0.011667,4650.750522,0.011667,0.011667,0.011667,
10/24/1993,248.457001,,-83.757004,,164.699997,,-66.813004,,,,,,97.887001,4.839,,,,0.0,-4.839,102.726001,-39.241001,63.485001,0.0,,,63.485,0.0,63.485001,0.0,,63.485001,63.485001,,4749.840088,0.013333,0.013333,0.013333,4749.840088,0.013333,0.013333,0.013333,
01/30/1994,302.165985,,-101.522003,,200.643982,,-80.720001,,,,,,119.924004,5.435,,,,0.0,-5.435,125.359004,-47.887001,77.472,0.0,,,77.472003,0.0,77.472,0.0,,77.472,77.472,,4771.007996,0.016111,0.016111,0.016111,4771.007996,0.016111,0.016111,0.016111,
05/01/1994,331.192993,,-109.140999,,222.051994,,-90.464996,,,,,,131.587006,4.892,,,,0.0,-4.892,136.479006,-52.134998,84.344002,0.0,,,84.344007,0.0,84.344002,0.0,,84.344002,84.344002,,4790.268127,0.017778,0.017778,0.017778,4790.268127,0.017778,0.017778,0.017778,
07/31/1994,361.159,,-118.404,,242.755,,-104.037,,,,,,138.718,6.211,,,,0.0,-6.211,144.929,-55.363,89.558,0.0,,,89.566,0.0,89.558,0.0,,89.558,89.558,,4784.49,0.018889,0.018889,0.018889,4784.49,0.018889,0.018889,0.018889,
10/30/1994,433.959015,,-144.244003,,289.715012,,-130.324997,,,,,,159.389999,7.699,,,,0.0,-7.699,167.088999,-63.438,103.651001,0.0,,,103.651,0.0,103.651001,0.0,,103.651001,103.651001,,5477.32782,0.018889,0.018889,0.018889,5477.32782,0.018889,0.018889,0.018889,
01/29/1995,515.982971,,-172.470001,,343.51297,,-156.863007,,,,,,186.649994,-86.789001,,,,0.0,86.789001,99.860992,-37.721001,62.139999,0.0,,,62.139992,0.0,62.139999,0.0,,62.139999,62.139999,,5707.385925,0.011111,0.011111,0.027778,5707.385925,0.011111,0.011111,0.027778,
04/30/1995,581.497009,,-192.981003,,388.516006,,-181.451004,,,,,,207.065002,12.022,,,,0.0,-12.022,219.087003,-83.913002,135.173996,0.0,,,135.174001,0.0,135.173996,0.0,,135.173996,135.173996,,5728.805969,0.023333,0.023333,0.023333,5728.805969,0.023333,0.023333,0.023333,
07/30/1995,701.212,,-232.965,,468.247,,-227.23,,,,,,241.018,11.322,,,,0.0,-11.322,252.34,-96.416,155.924,0.0,,,155.924,0.0,155.924,0.0,,155.924,155.924,,5847.156,0.026667,0.026667,0.026667,5847.156,0.026667,0.026667,0.026667,
10/29/1995,798.291016,,-267.742004,,530.549011,,-251.697998,,,,,,278.851013,12.858,,,,0.0,-12.858,291.709013,-110.321999,181.386993,0.0,,,181.387014,0.0,181.386993,0.0,,181.386993,181.386993,,5674.805969,0.031111,0.031111,0.031111,5869.566101,0.03,0.03,0.03,
01/28/1996,918.51001,,-312.315002,,606.195007,,-284.68399,,,,,,321.510986,15.646,,,,0.0,-15.646,337.156986,-127.419998,209.737,0.0,,,209.736988,0.0,209.737,0.0,,209.737,209.737,,5796.0,0.034444,0.034444,0.034444,5995.601807,0.034444,0.034444,0.034444,
04/28/1996,1087.05603,,-377.153992,,709.902039,,-333.329987,,,,,,376.571991,16.672001,,,,0.0,-16.672001,393.243992,-147.595001,245.649002,0.0,,,245.648991,0.0,245.649002,0.0,,245.649002,245.649002,,5831.603943,0.042556,0.042556,0.042556,6029.640198,0.041111,0.041111,0.041111,
07/28/1996,1292.15,,-452.651,,839.499,,-400.127,,,,,,439.372,3.343,,,,0.0,-3.343,442.715,-166.164,276.551,0.0,,,276.551,0.0,276.551,0.0,,276.551,276.551,,6070.635,0.045556,0.045556,0.046667,6070.635,0.045556,0.045556,0.046667,
10/26/1996,1434.82605,,-501.480011,,933.346039,,-445.596985,,,,,,487.748993,76.585999,,,,0.0,-76.585999,564.334991,-208.804001,355.531006,174.589005,,,180.941986,0.0,180.942001,0.0,,180.942001,180.942001,,5567.444824,0.032556,0.063333,0.052556,6146.262268,0.028889,0.057778,0.052556,
01/25/1997,1592.376953,,-552.518982,,1039.857971,,-508.104004,,,,,,531.754028,74.362999,,,,0.0,-74.362999,606.117027,-224.455002,381.661987,43.202999,,,338.459026,0.0,338.459015,0.0,,338.459015,338.459015,,5928.651123,0.056667,0.064444,0.057556,6212.736145,0.055556,0.061111,0.057556,
04/26/1997,1647.870972,,-571.338989,,1076.531982,,-537.401978,,,,,,539.130005,61.381001,,,,0.0,-61.381001,600.511005,-222.190002,378.321014,0.0,,,378.321003,0.0,378.321014,0.0,,378.321014,378.321014,,5976.098877,0.063333,0.063333,0.057556,6196.068237,0.061111,0.061111,0.057556,
07/26/1997,1765.097,,-616.04,,1149.057,,-571.999,,,,,,577.058,-241.357,,,,0.0,241.357,335.701,-184.744,150.957,0.0,,,150.957,0.0,150.957,0.0,,150.957,150.957,,6259.275,0.024444,0.024444,0.052222,6259.275,0.024444,0.024444,0.052222,
10/25/1997,1868.717041,,-652.18103,,1216.536011,,-614.065979,,,,,,602.469971,42.466999,,,,0.0,-42.466999,644.93697,-181.210999,463.726013,127.191002,,,336.534969,0.0,336.535004,0.0,,336.535004,336.535004,,6118.821167,0.055,0.075556,0.065,6339.510132,0.053333,0.073333,0.065,
01/24/1998,2016.314941,,-696.773987,,1319.540955,,-659.848022,,,,,,659.692993,43.818001,,,,0.0,-43.818001,703.510994,-246.229004,457.282013,0.0,,,457.28199,0.0,457.282013,0.0,,457.282013,457.282013,,6092.081909,0.075,0.075,0.075,6375.030029,0.071667,0.071667,0.071667,
04/25/1998,2183.756104,,-749.72699,,1434.029114,,-742.633972,,,,,,691.39502,52.047001,,,,0.0,-52.047001,743.44202,-260.204987,483.237,418.658997,,,64.578037,0.0,64.578003,0.0,,64.578003,64.578003,,6163.289795,0.01,0.078333,0.075,6457.962158,0.01,0.075,0.075,
07/25/1998,2389.989,,-818.935,,1571.054,,-826.563,532.188,455.353,,,294.375,744.491,11.935,-59.78,,,0.0,47.845,756.426,-264.749,491.677,0.0,,,491.677,0.0,491.677,0.0,,491.677,491.677,,6232.014,0.078333,0.078333,0.083333,6558.9,0.075,0.075,0.08,
10/24/1998,2597.0,,-897.0,,1700.0,,-927.0,,,,,,773.0,14.0,,,-65.0,0.0,51.0,787.0,-275.0,512.0,0.0,,,512.0,0.0,512.0,0.0,,512.0,512.0,,6358.0,0.08,0.08,0.09,6702.0,0.075,0.075,0.085,
01/23/1999,2845.0,,-988.0,,1857.0,,-1042.0,,,,,,815.0,-270.0,,,-79.0,0.0,349.0,545.0,-263.0,282.0,0.0,,,282.0,0.0,282.0,0.0,,282.0,282.0,,6548.0,0.045,0.045,0.0975,6972.0,0.04,0.04,0.095,
05/01/1999,3171.0,,-1112.0,,2059.0,0.0,-1202.0,750.0,656.0,,,452.0,857.0,91.0,-91.0,0.0,-91.0,0.0,0.0,948.0,-312.0,636.0,0.0,,,636.0,,636.0,0.0,0.0,636.0,636.0,,26496.0,0.025,0.025,0.025,28216.0,0.0225,0.0225,0.0225,
07/31/1999,3558.0,,-1261.0,,2297.0,,-1399.0,,,,,,898.0,37.0,,0.0,,0.0,-37.0,935.0,-330.0,605.0,0.0,,,605.0,0.0,605.0,0.0,0.0,605.0,605.0,,6518.0,0.09,0.09,0.11,6902.0,0.08,0.08,0.095,
10/30/1999,3918.0,,-1388.0,,2530.0,0.0,-1495.0,930.0,818.0,,,565.0,1035.0,-279.0,,,-102.0,0.0,381.0,756.0,-341.0,415.0,0.0,,,415.0,0.0,415.0,0.0,0.0,415.0,415.0,,13666.0,0.03,0.03,0.03,14576.0,0.03,0.03,0.03,
01/29/2000,4357.0,,-1539.0,,2818.0,0.0,-1729.0,1080.0,933.0,,,649.0,1089.0,108.0,-120.0,,,,12.0,1197.0,-381.0,816.0,,,,816.0,,816.0,0.0,0.0,816.0,816.0,,13822.0,0.06,0.06,0.06,14774.0,0.055,0.055,0.055,
04/29/2000,4933.0,,-1761.0,,3172.0,0.0,-1971.0,1193.0,1037.0,,,778.0,1201.0,-174.0,-158.0,,,,332.0,1027.0,-386.0,641.0,,,,641.0,,641.0,0.0,0.0,641.0,641.0,,7036.0,0.09,0.09,0.09,7548.0,0.08,0.08,0.08,
07/29/2000,5720.0,,-2058.0,,3662.0,0.0,-2379.0,1376.0,1158.0,,,1003.0,1283.0,299.0,-299.0,,,,219.0,1363.0,-567.0,796.0,0.0,,,796.0,,796.0,0.0,0.0,796.0,796.0,,6888.0,0.115563,0.115563,0.115563,7529.0,0.105725,0.105725,0.115563,
10/28/2000,6519.0,,-2378.0,,4141.0,0.0,-2730.0,1557.0,1362.0,,,1173.0,1411.0,-89.0,,,-230.0,,319.0,1322.0,-524.0,798.0,,,,798.0,,798.0,,0.0,798.0,798.0,,7093.0,0.11,0.11,0.11,7580.0,0.11,0.11,0.11,
01/27/2001,6748.0,,-2581.0,,4167.0,0.0,-2898.0,1630.0,1434.0,,,1268.0,1269.0,38.0,-275.0,,,,237.0,1307.0,-433.0,874.0,,,,874.0,,874.0,0.0,0.0,874.0,874.0,,7144.0,0.12,0.12,0.12,7556.0,0.12,0.12,0.12,
04/28/2001,4728.0,,-4400.0,,328.0,0.0,-2850.0,1546.0,1351.0,,,1304.0,-2522.0,-1043.0,-236.0,,,,1279.0,-3565.0,872.0,-2693.0,,,,-2693.0,,-2693.0,0.0,0.0,-2693.0,-2693.0,,7251.0,-0.37,-0.37,-0.37,7251.0,-0.37,-0.37,-0.37,
07/28/2001,4298.0,,-1862.0,,2436.0,0.0,-2573.0,1341.0,1149.0,,,1232.0,-137.0,429.0,-429.0,,,,230.0,62.0,-55.0,7.0,0.0,,,7.0,,7.0,0.0,0.0,7.0,7.0,,7296.0,0.000959,0.000959,0.000959,7296.0,0.000959,0.000959,0.000959,
10/27/2001,4448.0,,-1756.0,,2692.0,0.0,-2310.0,1247.0,1096.0,,,1063.0,382.0,-725.0,,,,,725.0,-343.0,75.0,-268.0,,,,-268.0,,-268.0,,0.0,-268.0,-268.0,,7307.0,-0.04,-0.04,-0.035,7307.0,-0.04,-0.04,-0.035,
01/26/2002,4816.0,,-1846.0,,2970.0,0.0,-2217.0,1219.0,1071.0,,,998.0,753.0,179.0,-179.0,,,,0.0,932.0,-272.0,660.0,,,,660.0,,660.0,0.0,0.0,660.0,660.0,,7311.0,0.09,0.09,0.09,7496.0,0.09,0.09,0.09,
04/27/2002,4822.0,,-1754.0,,3068.0,0.0,-2194.0,1227.0,1063.0,,,967.0,874.0,150.0,-150.0,,,,0.0,1024.0,-295.0,729.0,,,,729.0,,729.0,0.0,0.0,729.0,729.0,,7306.0,0.1,0.1,0.1,7454.0,0.1,0.1,0.1,
07/27/2002,4829.0,,-1546.0,,3283.0,0.0,-2373.0,1189.0,1034.0,,,1184.0,910.0,566.0,-566.0,,,,379.0,1097.0,-325.0,772.0,0.0,,,772.0,,772.0,0.0,0.0,772.0,772.0,,7280.0,0.106044,0.106044,0.235577,7531.0,0.10251,0.10251,0.231259,
10/26/2002,4845.0,,-1487.0,,3358.0,0.0,-2190.0,1252.0,1098.0,,,938.0,1168.0,-296.0,-179.0,,,,475.0,872.0,-254.0,618.0,,,,618.0,,618.0,,0.0,618.0,618.0,,7249.0,0.09,0.09,0.09,7327.0,0.08,0.08,0.08,
01/25/2003,4713.0,,-1396.0,,3317.0,0.0,-2053.0,1149.0,975.0,,,904.0,1264.0,123.0,-174.0,,,,51.0,1387.0,-396.0,991.0,,,,991.0,,991.0,0.0,0.0,991.0,991.0,,7187.0,0.14,0.14,0.14,7286.0,0.14,0.14,0.14,
04/26/2003,4618.0,,-1349.0,,3269.0,0.0,-2023.0,1203.0,1019.0,,,820.0,1246.0,135.0,,,-161.0,,26.0,1381.0,-394.0,987.0,,,,987.0,,987.0,0.0,0.0,987.0,987.0,,7062.0,0.14,0.14,0.14,7158.0,0.14,0.14,0.14,
07/26/2003,4702.0,,-1413.0,,3289.0,,-2084.0,,,,,,1205.0,499.0,,,-499.0,,331.0,1373.0,-391.0,982.0,0.0,,,982.0,,982.0,0.0,0.0,982.0,982.0,,6998.0,0.140326,0.140326,0.140326,7121.0,0.137902,0.137902,0.137902,
10/25/2003,5101.0,,-1595.0,,3506.0,0.0,-2116.0,1299.0,1087.0,,,817.0,1390.0,138.0,,,-137.0,,-1.0,1528.0,-442.0,1086.0,,,,1086.0,,1086.0,,0.0,1086.0,1086.0,,6932.0,0.16,0.16,0.16,7110.0,0.15,0.15,0.15,
01/24/2004,5398.0,,-1700.0,,3698.0,0.0,-2150.0,1320.0,1110.0,,,830.0,1548.0,259.0,,,-124.0,,-135.0,1807.0,-516.0,1291.0,567.0,,,724.0,,724.0,0.0,0.0,724.0,724.0,,6874.0,0.11,0.19,0.19,7110.0,0.1,0.18,0.18,
05/01/2004,5620.0,,-1753.0,,3867.0,0.0,-2311.0,1384.0,1153.0,,,927.0,1556.0,165.0,,,-127.0,,-38.0,1721.0,-510.0,1211.0,,,,1211.0,,1211.0,0.0,0.0,1211.0,1211.0,,6816.0,0.18,0.18,0.18,7074.0,0.17,0.17,0.17,
07/31/2004,5926.0,,-1871.0,,4055.0,0.0,-2254.0,1349.0,1150.0,,,905.0,1801.0,135.0,,,-124.0,,-11.0,1936.0,-556.0,1380.0,,,,1380.0,,1380.0,,0.0,1380.0,1380.0,,6736.0,0.2,0.2,0.2,6935.0,0.2,0.2,0.2,
10/30/2004,5971.0,,-1956.0,,4015.0,0.0,-2215.0,1350.0,1120.0,,,865.0,1800.0,158.0,-130.0,0.0,-130.0,0.0,-28.0,1958.0,-562.0,1396.0,,,,1396.0,,1396.0,0.0,0.0,1396.0,1396.0,,6635.0,0.21,0.21,0.21,6773.0,0.21,0.21,0.21,
01/29/2005,6062.0,,-2009.0,,4053.0,0.0,-2238.0,1370.0,1142.0,,,868.0,1815.0,142.0,-127.0,0.0,-127.0,0.0,-15.0,1957.0,-557.0,1400.0,0.0,,,1400.0,,1400.0,0.0,0.0,1400.0,1400.0,,6521.0,0.21,0.21,0.22,6652.0,0.21,0.21,0.22,
04/30/2005,6187.0,,-2052.0,,4135.0,0.0,-2311.0,1434.0,1190.0,,,877.0,1824.0,144.0,-142.0,0.0,-142.0,0.0,-2.0,1968.0,-563.0,1405.0,0.0,,,1405.0,,1405.0,0.0,0.0,1405.0,1405.0,,6435.0,0.22,0.22,0.24,6541.0,0.21,0.21,0.23,
07/30/2005,6581.0,,-2113.0,,4468.0,0.0,-2465.0,1526.0,1269.0,,,939.0,2003.0,153.0,,,-153.0,0.0,3.0,2153.0,-613.0,1540.0,0.0,,,1540.0,,1540.0,0.0,0.0,1540.0,1540.0,,6357.0,0.242253,0.242253,0.242253,6482.0,0.237581,0.237581,0.242253,
10/29/2005,6550.0,,-2140.0,,4410.0,0.0,-2786.0,1731.0,1453.0,,,1055.0,1624.0,135.0,-154.0,0.0,-154.0,0.0,19.0,1759.0,-498.0,1261.0,,,,1261.0,,1261.0,0.0,0.0,1261.0,1261.0,,6245.0,0.2,0.2,0.25,6340.0,0.2,0.2,0.25,
01/28/2006,6628.0,,-2162.0,,4466.0,,-2735.0,1713.0,1431.0,,,1022.0,1731.0,185.0,-168.0,0.0,-168.0,0.0,-17.0,1916.0,-541.0,1375.0,0.0,,,1375.0,0.0,1375.0,0.0,0.0,1375.0,1375.0,,6146.0,0.22,0.22,0.23,6248.0,0.22,0.22,0.23,
04/29/2006,7322.0,,-2596.0,,4726.0,,-2985.0,1845.0,1547.0,,,1140.0,1741.0,71.0,-142.0,60.0,-202.0,0.0,71.0,1812.0,-412.0,1400.0,0.0,,,1400.0,0.0,1400.0,0.0,0.0,1400.0,1400.0,,6160.0,0.23,0.23,0.25,6289.0,0.22,0.22,0.24,
07/29/2006,7984.0,,-2839.0,,5145.0,,-3154.0,1911.0,1600.0,,,1243.0,1991.0,143.0,-143.0,88.0,-231.0,0.0,-12.0,2146.0,-602.0,1544.0,0.0,,,1544.0,,1544.0,0.0,0.0,1544.0,1544.0,,6081.0,0.253906,0.253906,0.253906,6211.0,0.248591,0.248591,0.253906,
10/28/2006,8184.0,,-2951.0,,5233.0,,-3133.0,2050.0,1686.0,,,1083.0,2100.0,76.0,-157.0,94.0,-251.0,0.0,81.0,2176.0,-568.0,1608.0,0.0,,,1608.0,0.0,1608.0,0.0,0.0,1608.0,1608.0,,6061.0,0.27,0.27,0.29,6199.0,0.26,0.26,0.28,
01/27/2007,8439.0,,-3051.0,,5388.0,,-3256.0,2066.0,1726.0,,,1190.0,2132.0,203.0,-172.0,95.0,-267.0,,-31.0,2335.0,-414.0,1921.0,,,,1921.0,,1921.0,0.0,0.0,1921.0,1921.0,8.905,6057.0,0.32,0.32,0.32,6291.0,0.31,0.31,0.31,
04/28/2007,8866.0,,-3219.0,,5647.0,,-3449.0,2208.0,1830.0,,,1241.0,2198.0,221.0,-189.0,94.0,-283.0,,-32.0,2419.0,-545.0,1874.0,,,,1874.0,0.0,1874.0,0.0,,1874.0,1874.0,97.5,6034.0,0.31,0.31,0.33,6244.0,0.3,0.3,0.32,
07/28/2007,9433.0,,-3365.0,,6068.0,0.0,-3691.0,2404.0,1973.0,,,1287.0,2377.0,154.0,-103.0,188.0,-291.0,0.0,-51.0,2531.0,-601.0,1930.0,0.0,,,1930.0,,1930.0,0.0,0.0,1930.0,1930.0,,6062.0,0.32,0.32,0.35,6275.0,0.31,0.31,0.34,
10/27/2007,9554.0,,-3414.0,,6140.0,0.0,-3652.0,2420.0,2078.0,,,1232.0,2488.0,134.0,-223.0,96.0,-319.0,,89.0,2622.0,-417.0,2205.0,0.0,,,2205.0,,2205.0,0.0,0.0,2205.0,2205.0,117.5,6087.0,0.36,0.36,0.38,6330.0,0.35,0.35,0.37,
01/26/2008,9831.0,,-3526.0,,6305.0,0.0,-3901.0,2525.0,2158.0,,,1376.0,2404.0,234.0,-212.0,91.0,-303.0,0.0,-22.0,2638.0,-578.0,2060.0,0.0,,,2060.0,,2060.0,0.0,0.0,2060.0,2060.0,,6010.0,0.34,0.34,0.37,6202.0,0.33,0.33,0.36,
04/26/2008,9791.0,,-3521.0,,6270.0,0.0,-4129.0,2529.0,2205.0,,,1600.0,2141.0,168.0,-201.0,68.0,-269.0,,33.0,2309.0,-536.0,1773.0,,,,1773.0,,1773.0,0.0,0.0,1773.0,1773.0,,5942.0,0.3,0.3,0.35,6069.0,0.29,0.29,0.34,
07/26/2008,10364.0,,-3698.0,,6666.0,0.0,-4137.0,2682.0,2164.0,,,1455.0,2529.0,157.0,-188.0,64.0,-252.0,0.0,31.0,2686.0,-672.0,2014.0,0.0,,,2014.0,,2014.0,0.0,0.0,2014.0,2014.0,132.0,5898.0,0.34,0.34,0.36,6034.0,0.33,0.33,0.35,
10/25/2008,10331.0,10331.0,-3650.0,3650.0,6681.0,0.0,-4199.0,2678.0,2283.0,395.0,1406.0,115.0,2482.0,123.0,-195.0,64.0,-259.0,,72.0,2605.0,-404.0,2201.0,0.0,0.0,0.0,2201.0,,2201.0,0.0,0.0,2201.0,2154.87349,-46.12651,5881.0,0.37,0.37,0.366413,5972.0,0.37,0.37,0.362276,
01/24/2009,9089.0,9089.0,-3366.0,3366.0,5723.0,0.0,-3950.0,2535.0,2155.0,380.0,1279.0,136.0,1773.0,95.0,-159.0,63.0,-222.0,,64.0,1868.0,-364.0,1504.0,0.0,0.0,0.0,1504.0,,1504.0,0.0,0.0,1504.0,1567.05,63.05,5848.0,0.26,0.26,0.267963,5864.0,0.26,0.26,0.267963,
04/25/2009,8162.0,8162.0,-2933.0,2933.0,5229.0,0.0,-3622.0,2258.0,1956.0,302.0,1243.0,121.0,1607.0,80.0,-89.0,105.0,-194.0,,9.0,1687.0,-339.0,1348.0,0.0,0.0,0.0,1348.0,,1348.0,0.0,0.0,1348.0,1400.65,52.65,5805.0,0.23,0.23,0.241283,5818.0,0.23,0.23,0.23905,
07/25/2009,8535.0,8535.0,-3074.0,3074.0,5461.0,0.0,-4001.0,2497.0,2009.0,488.0,1280.0,224.0,1460.0,73.0,-56.0,114.0,-170.0,,-17.0,1533.0,-452.0,1081.0,0.0,0.0,0.0,1081.0,,1081.0,0.0,0.0,1081.0,1320.482115,239.482115,5777.0,0.19,0.19,0.228576,5813.0,0.19,0.19,0.228576,
10/24/2009,9021.0,9021.0,-3133.0,3133.0,5888.0,0.0,-3764.0,2435.0,1995.0,440.0,1224.0,105.0,2124.0,115.0,-54.0,114.0,-168.0,,-61.0,2239.0,-452.0,1787.0,0.0,0.0,0.0,1787.0,,1787.0,0.0,0.0,1787.0,1759.226371,-27.773629,5767.0,0.31,0.31,0.305051,5871.0,0.3,0.3,0.295269,
01/23/2010,9815.0,9815.0,-3483.0,3483.0,6332.0,0.0,-3962.0,2577.0,2126.0,451.0,1247.0,138.0,2370.0,-15.0,3.0,158.0,-155.0,,12.0,2355.0,-502.0,1853.0,0.0,0.0,0.0,1853.0,,1853.0,0.0,0.0,1853.0,1909.577329,56.577329,5741.0,0.32,0.32,0.332621,5862.0,0.32,0.32,0.329652,
05/01/2010,10368.0,10368.0,-3738.0,3738.0,6630.0,0.0,-4285.0,2757.0,2278.0,479.0,1411.0,117.0,2345.0,58.0,24.0,182.0,-158.0,,-82.0,2403.0,-211.0,2192.0,0.0,0.0,0.0,2192.0,,2192.0,0.0,0.0,2192.0,2184.631947,-7.368053,5731.0,0.38,0.38,0.381196,5869.0,0.37,0.37,0.368745,
07/31/2010,10836.0,10836.0,-4043.0,4043.0,6793.0,0.0,-4468.0,2946.0,2368.0,578.0,1391.0,131.0,2325.0,93.0,15.0,169.0,-154.0,,-108.0,2418.0,-483.0,1935.0,0.0,0.0,0.0,1935.0,,1935.0,0.0,0.0,1935.0,2018.575258,83.575258,5688.0,0.34,0.34,0.354883,5795.0,0.33,0.33,0.344422,
10/30/2010,10750.0,10750.0,-3995.0,3995.0,6755.0,0.0,-4404.0,2860.0,2402.0,458.0,1431.0,113.0,2351.0,74.0,6.0,166.0,-160.0,,-80.0,2425.0,-495.0,1930.0,0.0,0.0,0.0,1930.0,,1930.0,0.0,0.0,1930.0,1897.5,-32.5,5595.0,0.34,0.34,0.339142,5675.0,0.34,0.34,0.334273,
01/29/2011,10407.0,10407.0,-4146.0,4146.0,6261.0,0.0,-4577.0,2896.0,2444.0,452.0,1478.0,203.0,1684.0,46.0,5.0,161.0,-156.0,,-51.0,1730.0,-209.0,1521.0,0.0,0.0,0.0,1521.0,,1521.0,0.0,0.0,1521.0,1576.334611,55.334611,5531.0,0.27,0.27,0.285,5587.0,0.27,0.27,0.279904,
04/30/2011,10866.0,10866.0,-4207.0,4207.0,6659.0,0.0,-4476.0,2912.0,2446.0,466.0,1430.0,134.0,2183.0,20.0,-8.0,153.0,-161.0,,-12.0,2203.0,-396.0,1807.0,0.0,0.0,0.0,1807.0,,1807.0,0.0,0.0,1807.0,1901.692857,94.692857,5508.0,0.33,0.33,0.34526,5537.0,0.33,0.33,0.34526,
07/30/2011,11195.0,11195.0,-4334.0,4334.0,6861.0,0.0,-5405.0,3052.0,2520.0,532.0,1484.0,869.0,1456.0,11.0,-16.0,148.0,-164.0,,5.0,1467.0,-235.0,1232.0,0.0,0.0,0.0,1232.0,,1232.0,0.0,0.0,1232.0,1766.108824,534.108824,5478.0,0.22,0.22,0.3224,5496.0,0.22,0.22,0.317181,
10/29/2011,11256.0,11256.0,-4366.0,4366.0,6890.0,0.0,-4680.0,3004.0,2452.0,552.0,1375.0,301.0,2210.0,35.0,-16.0,148.0,-164.0,,-19.0,2245.0,-468.0,1777.0,0.0,0.0,0.0,1777.0,,1777.0,0.0,0.0,1777.0,1922.479781,145.479781,5394.0,0.33,0.33,0.356411,5407.0,0.33,0.33,0.356411,
01/28/2012,11527.0,11527.0,-4462.0,4462.0,7065.0,0.0,-4331.0,2892.0,2395.0,497.0,1339.0,100.0,2734.0,15.0,-8.0,150.0,-158.0,,-7.0,2749.0,-567.0,2182.0,0.0,0.0,0.0,2182.0,,2182.0,0.0,0.0,2182.0,1946.7,-235.3,5368.0,0.41,0.41,0.362649,5401.0,0.4,0.4,0.356434,
04/28/2012,11588.0,11588.0,-4419.0,4419.0,7169.0,0.0,-4419.0,2945.0,2383.0,562.0,1358.0,116.0,2750.0,29.0,-10.0,151.0,-161.0,,-19.0,2779.0,-614.0,2165.0,0.0,0.0,0.0,2165.0,,2165.0,0.0,0.0,2165.0,2174.745098,9.745098,5388.0,0.4,0.4,0.403628,5456.0,0.4,0.4,0.401786,
07/28/2012,11690.0,11690.0,-4605.0,4605.0,7085.0,0.0,-4714.0,3128.0,2417.0,711.0,1416.0,170.0,2371.0,15.0,-20.0,147.0,-167.0,,5.0,2386.0,-469.0,1917.0,0.0,0.0,0.0,1917.0,,1917.0,0.0,0.0,1917.0,2138.517539,221.517539,5332.0,0.36,0.36,0.401072,5354.0,0.36,0.36,0.401072,
10/27/2012,11876.0,11876.0,-4637.0,4637.0,7239.0,0.0,-4588.0,2976.0,2416.0,560.0,1431.0,181.0,2651.0,-20.0,-13.0,148.0,-161.0,,33.0,2631.0,-539.0,2092.0,0.0,0.0,0.0,2092.0,,2092.0,0.0,0.0,2092.0,2158.889819,66.889819,5301.0,0.39,0.39,0.407261,5334.0,0.39,0.39,0.40254,
01/26/2013,12098.0,12098.0,-4755.0,4755.0,7343.0,0.0,-4554.0,2971.0,2387.0,584.0,1452.0,131.0,2789.0,-9.0,-13.0,147.0,-160.0,,22.0,2780.0,363.0,3143.0,0.0,0.0,0.0,3143.0,,3143.0,0.0,0.0,3143.0,2320.190789,-822.809211,5318.0,0.59,0.59,0.43629,5357.0,0.59,0.59,0.43629,
04/27/2013,12216.0,12216.0,-4705.0,4705.0,7511.0,0.0,-4569.0,2905.0,2375.0,530.0,1542.0,122.0,2942.0,3.0,-17.0,145.0,-162.0,,14.0,2945.0,-467.0,2478.0,0.0,0.0,0.0,2478.0,,2478.0,0.0,0.0,2478.0,2387.577559,-90.422441,5329.0,0.47,0.47,0.448035,5387.0,0.46,0.46,0.443215,
07/27/2013,12417.0,12417.0,-5070.0,5070.0,7347.0,0.0,-4533.0,2950.0,2360.0,590.0,1517.0,66.0,2814.0,57.0,-28.0,143.0,-171.0,,-29.0,2871.0,-601.0,2270.0,0.0,0.0,0.0,2270.0,,2270.0,0.0,0.0,2270.0,2465.675036,195.675036,5367.0,0.42,0.42,0.459414,5437.0,0.42,0.42,0.45599,
10/26/2013,12085.0,12085.0,-4678.0,4678.0,7407.0,0.0,-4952.0,2926.0,2411.0,515.0,1724.0,302.0,2455.0,85.0,-29.0,140.0,-169.0,,-56.0,2540.0,-544.0,1996.0,0.0,0.0,0.0,1996.0,,1996.0,0.0,0.0,1996.0,2401.999908,405.999908,5378.0,0.37,0.37,0.446634,5430.0,0.37,0.37,0.44477,
01/25/2014,11155.0,11155.0,-5204.0,5204.0,5951.0,0.0,-4284.0,2728.0,2277.0,451.0,1412.0,144.0,1667.0,88.0,-33.0,136.0,-169.0,,-55.0,1755.0,-326.0,1429.0,0.0,0.0,0.0,1429.0,,1429.0,0.0,0.0,1429.0,2004.544011,575.544011,5294.0,0.27,0.27,0.378645,5327.0,0.27,0.27,0.378043,
04/26/2014,11545.0,11545.0,-4539.0,4539.0,7006.0,0.0,-4464.0,2802.0,2342.0,460.0,1565.0,97.0,2542.0,100.0,-24.0,146.0,-170.0,,-76.0,2642.0,-461.0,2181.0,0.0,0.0,0.0,2181.0,,2181.0,0.0,0.0,2181.0,2205.592857,24.592857,5143.0,0.42,0.42,0.428853,5180.0,0.42,0.42,0.424748,
07/26/2014,12357.0,12357.0,-4952.0,4952.0,7405.0,0.0,-4724.0,2981.0,2473.0,508.0,1593.0,150.0,2681.0,97.0,-41.0,142.0,-183.0,,-56.0,2778.0,-531.0,2247.0,0.0,0.0,0.0,2247.0,,2247.0,0.0,0.0,2247.0,2676.92445,429.92445,5121.0,0.44,0.44,0.522735,5172.0,0.43,0.43,0.513125,
10/25/2014,12245.0,12245.0,-4912.0,4912.0,7333.0,0.0,-4991.0,3019.0,2515.0,504.0,1583.0,389.0,2342.0,18.0,-40.0,139.0,-179.0,,22.0,2360.0,-532.0,1828.0,0.0,0.0,0.0,1828.0,,1828.0,0.0,0.0,1828.0,2283.184488,455.184488,5112.0,0.36,0.36,0.446632,5156.0,0.35,0.35,0.438283,
01/24/2015,11936.0,11936.0,-4846.0,4846.0,7090.0,0.0,-4468.0,2798.0,2308.0,490.0,1529.0,141.0,2622.0,251.0,-50.0,139.0,-189.0,,-201.0,2873.0,-476.0,2397.0,0.0,0.0,0.0,2397.0,,2397.0,0.0,0.0,2397.0,2195.51455,-201.48545,5117.0,0.47,0.47,0.429063,5160.0,0.46,0.46,0.420952,
04/25/2015,12137.0,12137.0,-4612.0,4612.0,7525.0,0.0,-4600.0,2959.0,2449.0,510.0,1547.0,94.0,2925.0,110.0,-51.0,139.0,-190.0,,-59.0,3035.0,-598.0,2437.0,0.0,0.0,0.0,2437.0,,2437.0,0.0,0.0,2437.0,2293.90292,-143.09708,5102.0,0.48,0.48,0.449609,5148.0,0.47,0.47,0.442203,
07/25/2015,12843.0,12843.0,-5110.0,5110.0,7733.0,0.0,-4852.0,3085.0,2549.0,536.0,1548.0,219.0,2881.0,52.0,-62.0,149.0,-211.0,,10.0,2933.0,-614.0,2319.0,0.0,0.0,0.0,2319.0,,2319.0,0.0,0.0,2319.0,2552.769134,233.769134,5086.0,0.46,0.46,0.501921,5131.0,0.45,0.45,0.49556,
10/24/2015,12682.0,12682.0,-4850.0,4850.0,7832.0,0.0,-4753.0,2982.0,2443.0,539.0,1560.0,211.0,3079.0,58.0,-66.0,159.0,-225.0,,8.0,3137.0,-707.0,2430.0,0.0,0.0,0.0,2430.0,,2430.0,0.0,0.0,2430.0,2617.240506,187.240506,5080.0,0.48,0.48,0.515205,5113.0,0.48,0.48,0.515205,
01/23/2016,11927.0,11927.0,-4495.0,4495.0,7432.0,0.0,-4138.0,2462.0,2286.0,176.0,1509.0,167.0,3294.0,12.0,-75.0,162.0,-237.0,,63.0,3306.0,-159.0,3147.0,0.0,0.0,0.0,3147.0,,3147.0,0.0,0.0,3147.0,2520.185567,-626.814433,5070.0,0.62,0.62,0.497078,5097.0,0.62,0.62,0.497023,
04/30/2016,12000.0,12000.0,-4279.0,4279.0,7721.0,0.0,-4737.0,3013.0,2447.0,566.0,1626.0,98.0,2984.0,99.0,-95.0,175.0,-270.0,,-4.0,3083.0,-734.0,2349.0,0.0,0.0,0.0,2349.0,,2349.0,0.0,0.0,2349.0,2405.007377,56.007377,5032.0,0.47,0.47,0.477943,5065.0,0.46,0.46,0.471058,
07/30/2016,12638.0,12638.0,-4663.0,4663.0,7975.0,0.0,-4672.0,2976.0,2443.0,533.0,1601.0,95.0,3303.0,91.0,-93.0,180.0,-273.0,,2.0,3394.0,-581.0,2813.0,0.0,0.0,0.0,2813.0,,2813.0,0.0,0.0,2813.0,2828.665535,15.665535,5031.0,0.56,0.56,0.562247,5067.0,0.56,0.56,0.562247,
10/29/2016,12352.0,12352.0,-4468.0,4468.0,7884.0,0.0,-5007.0,2973.0,2418.0,555.0,1545.0,489.0,2877.0,76.0,-97.0,198.0,-295.0,,21.0,2953.0,-631.0,2322.0,0.0,0.0,0.0,2322.0,,2322.0,0.0,0.0,2322.0,2698.079423,376.079423,5027.0,0.46,0.46,0.536718,5066.0,0.46,0.46,0.534236,
01/28/2017,11580.0,11580.0,-4304.0,4304.0,7276.0,0.0,-4383.0,2678.0,2222.0,456.0,1508.0,197.0,2893.0,70.0,-107.0,222.0,-329.0,,37.0,2963.0,-615.0,2348.0,0.0,0.0,0.0,2348.0,,2348.0,0.0,0.0,2348.0,2499.747721,151.747721,5015.0,0.47,0.47,0.498454,5040.0,0.47,0.47,0.498454,
04/29/2017,11940.0,11940.0,-4422.0,4422.0,7518.0,0.0,-4349.0,2713.0,2226.0,487.0,1507.0,129.0,3169.0,22.0,-135.0,219.0,-354.0,,113.0,3191.0,-676.0,2515.0,0.0,0.0,0.0,2515.0,0.0,2515.0,0.0,0.0,2515.0,2638.673256,123.673256,5005.0,0.5,0.5,0.527207,5045.0,0.5,0.5,0.524514,
07/29/2017,12133.0,12133.0,-4587.0,4587.0,7546.0,0.0,-4512.0,2813.0,2318.0,495.0,1499.0,200.0,3034.0,146.0,-138.0,222.0,-360.0,,-8.0,3180.0,-756.0,2424.0,0.0,0.0,0.0,2424.0,0.0,2424.0,0.0,0.0,2424.0,2690.197449,266.197449,4993.0,0.49,0.49,0.538794,5027.0,0.48,0.48,0.532954,
10/28/2017,12136.0,12136.0,-4709.0,4709.0,7427.0,0.0,-4671.0,2891.0,2334.0,557.0,1567.0,213.0,2756.0,206.0,-144.0,235.0,-379.0,,-62.0,2962.0,-568.0,2394.0,0.0,0.0,0.0,2394.0,0.0,2394.0,0.0,0.0,2394.0,2602.129032,208.129032,4959.0,0.48,0.48,0.524729,4994.0,0.48,0.48,0.521676,
01/27/2018,11887.0,11887.0,-4389.0,4389.0,7498.0,0.0,-4425.0,2718.0,2235.0,483.0,1549.0,158.0,3073.0,159.0,-149.0,247.0,-396.0,,-10.0,3232.0,-12010.0,-8778.0,0.0,0.0,0.0,-8778.0,0.0,-8778.0,0.0,0.0,-8778.0,2800.925866,11578.925866,4924.0,-1.78,-1.78,0.568831,4924.0,-1.78,-1.78,0.568831,
04/28/2018,12463.0,12463.0,-4704.0,4704.0,7759.0,0.0,-4625.0,2886.0,2325.0,561.0,1590.0,149.0,3134.0,119.0,-143.0,237.0,-380.0,,24.0,3253.0,-562.0,2691.0,0.0,0.0,0.0,2691.0,0.0,2691.0,0.0,0.0,2691.0,2753.465104,62.465104,4791.0,0.56,0.56,0.574716,4844.0,0.56,0.56,0.572895,
07/28/2018,12844.0,12844.0,-4922.0,4922.0,7922.0,0.0,-4576.0,2891.0,2348.0,543.0,1626.0,59.0,3346.0,246.0,-129.0,224.0,-353.0,,-117.0,3592.0,211.0,3803.0,0.0,0.0,0.0,3803.0,0.0,3803.0,0.0,0.0,3803.0,2865.387368,-937.612632,4672.0,0.81,0.81,0.613311,4722.0,0.81,0.81,0.611437,
10/27/2018,13072.0,13072.0,-4926.0,4926.0,8146.0,0.0,-4341.0,2621.0,2410.0,211.0,1608.0,112.0,3805.0,104.0,-123.0,221.0,-344.0,,19.0,3909.0,-360.0,3549.0,0.0,0.0,0.0,3549.0,0.0,3549.0,0.0,0.0,3549.0,3261.873636,-287.126364,4565.0,0.78,0.78,0.71454,4614.0,0.77,0.77,0.707771,
01/26/2019,12446.0,12446.0,-4673.0,4673.0,7773.0,0.0,-4562.0,2780.0,2271.0,509.0,1557.0,225.0,3211.0,132.0,-105.0,223.0,-328.0,,-27.0,3343.0,-521.0,2822.0,0.0,0.0,0.0,2822.0,0.0,2822.0,0.0,0.0,2822.0,3032.001379,210.001379,4470.0,0.63,0.63,0.6783,4505.0,0.63,0.63,0.676615,
04/27/2019,12958.0,12958.0,-4785.0,4785.0,8173.0,0.0,-4660.0,2944.0,2403.0,541.0,1659.0,57.0,3513.0,102.0,-120.0,211.0,-331.0,,18.0,3615.0,-571.0,3044.0,0.0,0.0,0.0,3044.0,0.0,3044.0,0.0,0.0,3044.0,3039.812419,-4.187581,4370.0,0.7,0.7,0.695609,4415.0,0.69,0.69,0.689052,
07/27/2019,13428.0,13428.0,-4854.0,4854.0,8574.0,0.0,-4884.0,3053.0,2487.0,566.0,1753.0,78.0,3690.0,14.0,-101.0,204.0,-305.0,,87.0,3704.0,-1498.0,2206.0,0.0,0.0,0.0,2206.0,0.0,2206.0,0.0,0.0,2206.0,3145.668247,939.668247,4269.0,0.52,0.52,0.736863,4307.0,0.51,0.51,0.728172,
10/26/2019,13159.0,13159.0,-4695.0,4695.0,8464.0,0.0,-4885.0,2999.0,2480.0,519.0,1666.0,220.0,3579.0,107.0,-95.0,178.0,-273.0,,-12.0,3686.0,-760.0,2926.0,0.0,0.0,0.0,2926.0,0.0,2926.0,0.0,0.0,2926.0,3318.991525,392.991525,4246.0,0.69,0.69,0.781675,4273.0,0.68,0.68,0.771971,
01/25/2020,12005.0,12005.0,-4241.0,4241.0,7764.0,0.0,-4384.0,2734.0,2279.0,455.0,1570.0,80.0,3380.0,154.0,-84.0,158.0,-242.0,,-70.0,3534.0,-656.0,2878.0,0.0,0.0,0.0,2878.0,0.0,2878.0,0.0,0.0,2878.0,2911.26625,33.26625,4242.0,0.68,0.68,0.686296,4260.0,0.68,0.68,0.686296,
04/25/2020,11983.0,11983.0,-4212.0,4212.0,7771.0,0.0,-4357.0,2649.0,2192.0,457.0,1546.0,162.0,3414.0,30.0,-88.0,130.0,-218.0,,58.0,3444.0,-670.0,2774.0,0.0,0.0,0.0,2774.0,0.0,2774.0,0.0,0.0,2774.0,2918.089556,144.089556,4230.0,0.66,0.66,0.689856,4243.0,0.65,0.65,0.683959,
07/25/2020,12154.0,12154.0,-4470.0,4470.0,7684.0,0.0,-4437.0,2712.0,2218.0,494.0,1565.0,160.0,3247.0,59.0,-68.0,119.0,-187.0,,9.0,3306.0,-670.0,2636.0,0.0,0.0,0.0,2636.0,0.0,2636.0,0.0,0.0,2636.0,2978.748253,342.748253,4227.0,0.62,0.62,0.704696,4244.0,0.62,0.62,0.700761,
10/31/2020,11861.696,,,,7646.16785856,,,,,,,,3639.222,,,,,,,3720.789,,2213.9,,,,,,2213.9,,,2213.9,2998.409,,,0.508,0.508,0.706,,0.508,0.508,0.706,
01/31/2021,11661.043,,,,7576.06302667,,,,,,,,3747.222,,,,,,,3824.684,,2530.1,,,,,,2530.1,,,2530.1,3103.545,,,0.597,0.597,0.737,,0.597,0.597,0.737,
