Date,Revenue,Sales & Services Revenue,Cost of Revenue,Cost of Goods & Services,Gross Profit,Other Operating Income,Operating Expenses,"Selling, General & Admin",Other Operating Expense,Operating Income (Loss),Non-Operating (Income) Loss,"Interest Expense, Net",Interest Expense,Interest Income,Foreign Exch (Gain) Loss,Other Non-Op (Income) Loss,Pretax Income,Income Tax Expense (Benefit),Income (Loss) from Cont Ops,Net Extraordinary Losses (Gains),Discontinued Operations,XO & Accounting Changes,Income (Loss) Incl. MI,Minority Interest,"Net Income, GAAP",Preferred Dividends,Other Adjustments,"Net Income Avail to Common, GAAP","Net Income Avail to Common, Adj",Net Abnormal Losses (Gains),Basic Weighted Avg Shares,"Basic EPS, GAAP",Basic EPS from Cont Ops,"Basic EPS from Cont Ops, Adjusted",Diluted Weighted Avg Shares,"Diluted EPS, GAAP",Diluted EPS from Cont Ops,"Diluted EPS from Cont Ops, Adjusted",Source: Bloomberg
12/31/1989,209.101746,,,,,,,,,,,,,,,,,,,,,,,,17.967882,,,17.967882,17.967882,,82.225632,0.22,0.22,,82.225632,0.22,0.22,0.22,
03/31/1990,208.632004,,-174.634003,,33.998001,,-11.779,,,22.219,-0.408,,1.076,,,-0.668,21.811,-8.09,13.721,0.0,,,13.721,0.0,13.721,0.0,,13.721,13.721,,82.304001,0.1675,0.1675,,82.304001,0.1675,0.1675,0.1675,
06/30/1990,234.688995,,-195.712997,,38.975998,,-11.656,,,27.32,-1.202,,1.302,,,-0.1,26.118,-9.68,16.438,0.0,,,16.437999,0.0,16.438,0.0,,16.438,16.438,,82.375999,0.2,0.2,,82.375999,0.2,0.2,0.2,
09/30/1990,239.759003,,-199.175995,,40.583008,,-12.52,,,28.063,-1.366,,1.44,,,-0.074,26.697,-9.78,16.917,0.0,,,16.917,0.0,16.917,0.0,,16.917,16.917,,82.419998,0.205,0.205,,82.419998,0.205,0.205,0.205,
12/31/1990,212.815994,,-170.481003,,42.334991,,-11.222,,,31.113001,-0.865,,0.943,,,-0.078,30.248001,-10.86,19.388,0.0,,,19.388001,0.0,19.388,0.0,0.0,19.388,19.388,,82.474,0.235,0.235,0.235,82.474,0.235,0.235,0.235,
03/31/1991,207.882004,,-174.363998,,33.518005,,-12.986,,,20.532,-1.154,,1.259,,,-0.105,19.378,-7.05,12.328,0.0,,,12.327999,0.0,12.328,0.0,,12.328,12.328,,82.578003,0.15,0.15,,82.578003,0.15,0.15,0.15,
06/30/1991,250.259003,,-205.656006,,44.602997,,-12.328,,,32.275002,-1.382,,1.529,,,-0.147,30.893001,-11.38,19.513,0.0,,,19.513001,0.0,19.513,0.0,,19.513,19.513,,82.650002,0.235,0.235,,82.650002,0.235,0.235,0.235,
09/30/1991,288.890015,,-238.988007,,49.902008,,-14.102,,,35.799999,-1.191,,1.259,,,-0.068,34.608999,-12.52,22.089001,0.0,,,22.088999,0.0,22.089001,0.0,,22.089001,22.089001,,82.802002,0.265,0.265,,82.802002,0.265,0.265,0.265,
12/31/1991,254.039993,,-201.630997,,52.408996,,-12.521,,,39.888,-0.303,,0.493,,,-0.19,39.585,-14.08,25.504999,0.0,,,25.505,0.0,25.504999,0.0,0.0,25.504999,25.504999,,82.919998,0.31,0.31,0.31,82.919998,0.31,0.31,0.31,
03/31/1992,269.105011,,-224.007004,,45.098007,,-14.824,,,30.274,-0.331,,0.553,,0.0,-0.222,29.943,-11.085,18.858,64.959999,,,-46.101999,0.0,-46.102001,0.0,,-46.102001,-46.102001,,83.143997,-0.55,0.23,,83.143997,-0.55,0.23,0.23,
06/30/1992,306.403992,,-251.378998,,55.024994,,-14.861,,,40.164001,-0.251,,0.498,,0.0,-0.247,39.913001,-14.885,25.028,0.0,,,25.028001,0.0,25.028,0.0,,25.028,25.028,,83.32,0.3,0.3,,83.32,0.3,0.3,0.3,
09/30/1992,305.210999,,-242.070999,,63.139999,,-14.846,,,48.293999,-0.06,,0.454,,0.0,-0.394,48.233999,-17.795,30.438999,0.0,,,30.438999,0.0,30.438999,0.0,,30.438999,30.438999,,83.464996,0.36,0.36,,83.464996,0.36,0.36,0.36,
12/31/1992,294.007996,,-227.938995,,66.069001,,-14.155,,,51.914001,-0.163,,0.576,,0.0,-0.413,51.751001,-17.905001,33.846001,0.0,,,33.846,0.0,33.846001,0.0,0.0,33.846001,33.846001,,83.490997,0.41,0.41,0.41,83.490997,0.41,0.41,0.41,
03/31/1993,280.100006,,-223.427994,,56.672012,,-16.25,,,40.422001,-0.216,,0.492,,0.0,-0.276,40.206001,-15.01,25.195999,0.0,,,25.196001,0.0,25.195999,0.0,,25.195999,25.195999,,83.530998,0.3,0.3,,83.530998,0.3,0.3,0.3,
06/30/1993,292.566315,,-237.994003,,54.572311,,-15.998,,,38.574001,-0.19,,0.309,,0.0,-0.119,38.384001,-14.36,24.024,0.0,,,24.024002,0.0,24.024,0.0,,24.024,24.024,,83.546722,0.29,0.29,,83.546722,0.29,0.29,0.29,
09/30/1993,326.10675,,-268.998993,,57.107758,,-15.462,,,41.646,-0.64,,0.701,,0.0,-0.061,41.006,-15.85,25.156,0.0,,,25.156,0.0,25.155581,0.0,,25.155581,25.155581,,83.554413,0.3,0.3,,83.554413,0.3,0.3,0.3,
12/31/1993,294.874939,,-234.931,,59.943939,,-14.572,,,45.372002,-0.718,,0.85,,0.0,-0.132,44.654002,-16.82,27.834,0.0,,,27.834002,0.0,27.834419,0.0,0.0,27.834419,27.834419,,83.566002,0.33,0.33,0.33,83.566002,0.33,0.33,0.33,
03/31/1994,329.132111,,-267.644012,,61.488098,,-18.245001,,,43.243,-0.507,,0.722,,0.0,-0.215,42.736,-16.23,26.506001,0.0,,,26.506,0.0,26.506159,0.0,,26.506159,26.506159,,83.609497,0.32,0.32,,83.609497,0.32,0.32,0.32,
06/30/1994,329.338623,,-267.64801,,61.690613,,-16.691999,,,44.999001,-0.3,,0.716,,0.0,-0.416,44.699001,-17.24,27.459,0.0,,,27.459001,0.0,27.459171,0.0,,27.459171,27.459171,,83.624527,0.33,0.33,,83.624527,0.33,0.33,0.33,
09/30/1994,383.455994,,-307.368988,,76.087006,,-18.315001,,,57.771999,-0.139,,0.6,,0.0,-0.461,57.632999,-22.18,35.452999,0.0,,,35.452999,0.0,35.453285,0.0,,35.453285,35.453285,,83.62722,0.42,0.42,,83.62722,0.42,0.42,0.42,
12/31/1994,361.316254,,-283.316986,,77.999268,,-15.496,,,62.502998,0.548,,0.642,,0.0,-1.19,63.050998,-23.950001,39.101002,0.0,,,39.100997,0.0,39.100384,0.0,0.0,39.100384,39.100384,,83.631203,0.47,0.47,0.47,83.631203,0.47,0.47,0.47,
03/31/1995,365.352997,,-303.931,,61.421997,,-18.238001,,,43.183998,0.943,,0.57,,0.0,-1.513,44.126998,-16.91,27.216999,0.0,,,27.216998,0.0,27.216999,0.0,,27.216999,27.216999,,83.638,0.33,0.33,,83.638,0.33,0.33,0.33,
06/30/1995,371.365997,,-313.790009,,57.575989,,-18.745001,,,38.831001,0.86,,0.304,,0.0,-1.164,39.691001,-15.03,24.660999,0.0,,,24.661002,0.0,24.660999,0.0,,24.660999,24.660999,,83.642998,0.29,0.29,,83.642998,0.29,0.29,0.29,
09/30/1995,375.003998,,-313.498993,,61.505005,,-19.041,,,42.464001,0.774,,0.0,,0.0,-0.774,43.238001,-16.190001,27.048,0.0,,,27.048,0.0,27.048,0.0,,27.048,27.048,,83.648003,0.32,0.32,,83.648003,0.32,0.32,0.32,
12/31/1995,381.898987,,-311.674988,,70.223999,,-17.771999,,,52.452,0.562,,0.0,,0.0,-0.562,53.014,-19.120001,33.894001,0.0,,,33.893999,0.0,33.894001,0.0,0.0,33.894001,33.894001,,83.889999,0.41,0.41,0.41,83.889999,0.41,0.41,0.41,
03/31/1996,381.037994,,-324.333008,,56.704987,,-19.848,,,36.856998,0.272,,0.004,,0.0,-0.276,37.128998,-14.02,23.108999,0.0,,,23.108998,0.0,23.108999,0.0,,23.108999,23.108999,,83.666,0.28,0.28,0.28,83.666,0.28,0.28,0.28,
06/30/1996,398.858002,,-338.56601,,60.291992,,-20.021,,,40.271,0.241,,0.005,,0.0,-0.246,40.512,-15.35,25.162001,0.0,,,25.162,0.0,25.162001,0.0,,25.162001,25.162001,,83.671997,0.3,0.3,0.3,83.671997,0.3,0.3,0.3,
09/30/1996,423.171997,,-359.076996,,64.095001,,-20.731001,,,43.363998,-0.391,,0.58,,0.0,-0.189,42.972998,-16.059999,26.913,0.0,,,26.912999,0.0,26.913,0.0,,26.913,26.913,,83.575996,0.32,0.32,0.32,83.575996,0.32,0.32,0.32,
12/31/1996,416.277008,,-344.572998,,71.70401,,-19.274,,,52.43,-0.952,,1.065,,0.0,-0.113,51.478,-18.778,32.700001,0.0,,,32.7,0.0,32.700001,0.0,,32.700001,32.700001,,81.942001,0.4,0.4,0.4,81.942001,0.4,0.4,0.4,
03/31/1997,379.532013,,-315.912994,,63.619019,,-21.812,,,41.806999,-1.437,,1.691,,0.0,-0.254,40.369999,-15.22,25.15,0.0,,,25.149999,0.0,25.15,0.0,,25.15,25.15,,80.301003,0.31,0.31,0.31,80.301003,0.31,0.31,0.31,
06/30/1997,463.993011,,-380.910004,,83.083008,,-29.271999,,,53.811001,-3.455,,4.961,,-1.302,-0.204,50.356001,-18.85,31.506001,0.0,,,31.506001,0.0,31.506001,0.0,,31.506001,31.506001,,78.792,0.4,0.4,0.4,78.792,0.4,0.4,0.4,
09/30/1997,480.571991,,-400.47699,,80.095001,,-26.971001,,,53.124001,-4.23,,4.624,,0.0,-0.394,48.894,-17.77,31.124001,0.0,,,31.124,0.0,31.124001,0.0,,31.124001,31.124001,,78.833,0.4,0.4,0.4,78.833,0.4,0.4,0.4,
12/31/1997,488.90799,,-401.131989,,87.776001,,-27.476999,,,60.299,-5.127,,4.379,,1.302,-0.554,55.172,-20.541,34.631001,0.0,,,34.631,0.0,34.631001,0.0,,34.631001,34.631001,,78.760002,0.44,0.44,0.44,78.760002,0.44,0.44,0.44,
03/31/1998,437.558014,,-363.470001,,74.088013,,-28.511999,,,45.576,-3.271,,3.849,,0.0,-0.578,42.305,-15.78,26.525,0.0,,,26.525001,0.0,26.525,0.0,,26.525,26.525,,78.848,0.34,0.34,0.34,78.848,0.34,0.34,0.34,
06/30/1998,461.73999,,-378.46701,,83.27298,,-28.452,,,54.820999,-3.093,,3.764,,0.0,-0.671,51.727999,-19.392,32.335999,0.0,,,32.335999,0.0,32.335999,0.0,,32.335999,32.335999,,78.849998,0.41,0.41,0.41,78.849998,0.41,0.41,0.41,
09/30/1998,480.615997,,-400.670013,,79.945984,,-30.631001,,,49.314999,-3.223,,3.745,,0.0,-0.522,46.091999,-16.063,30.028999,0.0,,,30.028999,0.0,30.028999,0.0,,30.028999,30.028999,,77.102997,0.39,0.39,0.39,77.102997,0.39,0.39,0.39,
12/31/1998,496.210999,,-402.881989,,93.32901,,-33.235001,,,60.094002,-2.002,,3.866,,0.0,-1.864,58.092002,-20.014999,38.077,0.0,,,38.077002,0.0,38.077,0.0,,38.077,38.077,,75.820999,0.5,0.5,0.47,75.820999,0.5,0.5,0.47,
03/31/1999,467.886993,,-383.127014,,84.759979,,-32.091999,,,52.667999,-3.044,,3.903,,0.0,-0.859,49.623999,-18.233,31.391001,0.0,,,31.390999,0.0,31.391001,0.0,,31.391001,31.391001,,75.876999,0.41,0.41,0.41,75.876999,0.41,0.41,0.41,
06/30/1999,495.35199,,-398.653015,,96.698975,,-33.796001,,,62.903,-3.306,,3.596,,0.0,-0.29,59.597,-21.641001,37.956001,0.0,,,37.955999,0.0,37.956001,0.0,,37.956001,37.956001,,75.913002,0.5,0.5,0.5,75.913002,0.5,0.5,0.5,
09/30/1999,531.882996,,-440.523987,,91.359009,,-34.155998,,,57.202999,-3.334001,,3.71,,0.0,-0.375999,53.868999,-19.268999,34.599998,0.0,,,34.599999,0.0,34.599998,0.0,,34.599998,34.599998,,75.894997,0.46,0.46,0.46,75.894997,0.46,0.46,0.46,
12/31/1999,701.221008,,-588.219971,,113.001038,,-46.695,,,66.306,-13.899,,13.236,,0.0,0.663,52.407,-20.879999,31.527,0.0,,,31.527001,0.0,31.527,0.0,,31.527,31.527,,75.870003,0.42,0.42,0.42,75.870003,0.42,0.42,0.42,
03/31/2000,922.265015,,-787.583984,,134.681031,,-62.476002,,,72.205002,-20.563001,,23.922001,,0.0,-3.359,51.642001,-20.139999,31.502001,0.0,,,31.502002,0.0,31.502001,0.0,0.0,31.502001,31.502001,,75.727997,0.42,0.42,0.42,75.727997,0.42,0.42,0.42,
06/30/2000,886.651978,,-738.900024,,147.751953,,-62.092999,,,85.658997,-27.487,,25.375999,,0.0,2.111,58.171997,-22.697001,35.474998,0.0,,,35.474997,0.0,35.474998,0.0,0.0,35.474998,35.474998,,73.678001,0.48,0.48,0.5,73.678001,0.48,0.48,0.5,
09/30/2000,843.606995,,-723.439026,,120.167969,,-57.34,,,62.827999,-24.450001,,23.589001,,0.0,0.861,38.377998,-14.958,23.42,0.0,,,23.419998,0.0,23.42,0.0,0.0,23.42,23.42,,72.598999,0.32,0.32,0.34,72.598999,0.32,0.32,0.34,
12/31/2000,819.848022,,-690.137024,,129.710999,,-59.467999,,,70.242996,-58.279001,,24.573999,,0.0,33.705002,11.963995,-5.627,6.337,0.0,,,6.336995,0.0,6.337,0.0,,6.337,6.337,,72.606003,0.09,0.09,0.41,72.606003,0.09,0.09,0.41,
03/31/2001,757.614014,,-661.495972,,96.118042,,-67.625,,,28.493,-22.675001,,23.290001,,0.0,-0.615,5.817999,-2.17,3.648,0.0,,,3.647999,0.0,3.648,0.0,0.0,3.648,3.648,,72.616997,0.05,0.05,0.21,72.616997,0.05,0.05,0.21,
06/30/2001,829.039978,,-707.671021,,121.368958,,-62.993,,,58.375999,-29.129,,23.364,,0.0,5.765,29.246999,-10.909,18.337999,0.0,,,18.337999,0.0,18.337999,0.0,0.0,18.337999,18.337999,,72.544998,0.25,0.25,0.27,72.624001,0.25,0.25,0.27,
09/30/2001,791.458008,,-680.752014,,110.705994,,-55.741001,,,54.965,-86.321001,,22.349001,,0.0,63.972,-31.356001,11.844,-19.511999,0.0,,,-19.512001,0.0,-19.511999,0.0,0.0,-19.511999,-19.511999,,72.565002,-0.27,-0.27,0.22,72.565002,-0.27,-0.27,0.22,
12/31/2001,776.590027,,-660.723022,,115.867004,,-54.533001,,,61.334,-35.884999,,21.691999,,0.0,14.193,25.449,-9.757,15.692,0.0,,,15.692,0.0,15.692,0.0,0.0,15.692,15.692,,72.860001,0.22,0.22,0.25,72.860001,0.22,0.22,0.25,
03/31/2002,812.97699,,-691.098999,,121.877991,,-60.567001,,,61.311001,-19.858999,,20.000999,,0.0,-0.142,41.452001,-15.337,26.115,0.0,,,26.115001,0.0,26.115,0.0,0.0,26.115,26.115,,72.801003,0.36,0.36,0.364,73.496002,0.36,0.36,0.364,
06/30/2002,836.075012,,-695.887024,,140.187988,,-60.368,,,79.82,-17.955,,18.57,,0.0,-0.615,61.865,-22.889999,38.974998,0.0,,,38.975001,0.0,38.974998,0.0,0.0,38.974998,38.974998,,73.417999,0.53,0.53,0.534,74.535004,0.52,0.52,0.524,
09/30/2002,839.276978,,-729.5,,109.776978,,-53.096001,,,56.681,-19.76,,18.718,,0.0,1.042,36.920999,-13.661,23.26,0.0,,,23.259999,0.0,23.26,0.0,0.0,23.26,23.26,,73.533997,0.32,0.32,0.34,74.353996,0.31,0.31,0.33,
12/31/2002,841.628051,,-723.271057,,118.356994,,-63.207996,,,55.148998,-18.189999,,18.297999,,0.0,-0.108,36.958999,-13.463998,23.495003,0.0,,,23.495001,0.0,23.495003,0.0,0.0,23.495003,23.495003,,73.494985,0.32,0.32,0.33,74.42701,0.32,0.32,0.33,
03/31/2003,,,-344.199005,,,,-36.039001,,,10.972,-6.044,,8.32,,0.0,-2.276,4.928,-1.691,3.237,0.0,,,3.237,0.0,3.237,0.0,0.0,3.237,3.237,,73.559998,0.04,0.04,0.04,73.809998,0.04,0.04,0.04,
06/30/2003,839.583,,-737.861,,101.722,0.0,-61.659,61.659,0.0,40.063,-20.368,,18.391,,,1.977,19.695,-6.971,12.724,,,,12.724,,12.724,0.0,0.0,12.724,12.724,,73.602,0.17,0.17,0.195,73.923,0.17,0.17,0.195,
09/30/2003,519.171021,,-457.863007,,61.308014,,-36.152,,,25.156,-2.828,,7.001,,0.0,-4.173,22.328,-7.658,14.67,-3.087,,,17.757,0.0,17.757,0.0,0.0,17.757,17.757,,73.723,0.24,0.2,0.166,74.292999,0.24,0.2,0.166,
12/31/2003,514.737976,,-457.988007,,56.749969,,-39.221001,,,17.528999,-6.371,,6.727,,0.0,-0.356,11.157999,-0.927,10.231,0.0,,,10.230999,0.0,10.231,0.0,0.0,10.231,10.231,,73.862,0.38,0.38,0.41,74.777,0.38,0.38,0.41,
03/31/2004,480.01001,,-427.533997,,52.476013,,-42.972,,,9.504,-6.331,,6.547,,0.0,-0.216,3.173,-0.99,2.183,-22.115999,,,24.298999,0.0,24.299,0.0,0.0,24.299,24.299,,74.049004,0.32,0.03,0.03,75.042,0.32,0.03,0.03,
06/30/2004,509.186005,,-444.479004,,64.707001,,-43.403,,,21.304001,-8.41,,7.597,,0.0,0.813,12.894001,-4.023,8.871,-25.108,,,33.979001,0.0,33.979,0.0,0.0,33.979,33.979,,74.431999,0.46,0.12,0.12,75.444,0.46,0.12,0.12,
09/30/2004,551.445984,,-489.304993,,62.140991,,-39.247002,,,22.893999,-3.745,,6.58,,0.0,-2.835,19.148999,-5.974,13.175,3.305,,,9.869999,0.0,9.87,0.0,0.0,9.87,9.87,,74.928001,0.13,0.18,0.241,75.934998,0.13,0.17,0.23,
12/31/2004,540.967,,-487.298,,53.669,,-46.07,,,53.669,-7.57,,6.61,,0.0,0.96,46.099,-42.882,3.217,-130.01,,,133.227,0.0,133.22,0.0,0.0,133.22,133.22,,73.4,1.82,0.04,0.04,74.32,1.79,0.04,0.04,
03/31/2005,514.057007,,-465.375,,48.682007,,-42.800999,,,5.881,-7.372,14.215,14.215,,0.0,-6.843,-1.491,0.447,-1.044,-6.26,,,5.216,0.0,5.216,0.0,0.0,5.216,5.216,,69.871002,0.07,-0.01,0.06,69.871002,0.07,-0.01,0.06,
06/30/2005,510.929993,,-473.019989,,37.910004,,-37.497002,,,0.413,-17.962,9.829,14.349,-4.52,0.0,8.133,-17.549,11.131,-6.418,0.463,,,-6.881,0.0,-6.881,0.0,0.0,-6.881,-6.881,,62.25,-0.11,-0.1,0.088138,62.25,-0.11,-0.1,0.088138,
09/30/2005,557.794983,,-502.368988,,55.425995,,-41.354,,,14.072,-12.301,,13.629,-3.857,0.0,2.529,1.771,-2.846,-1.075,-0.235,,,-0.84,0.0,-0.84,0.0,0.0,-0.84,-0.84,,61.292,-0.01,-0.02,-0.01,61.292,-0.01,-0.02,-0.01,
12/31/2005,572.403,,-527.071,,45.332,,-39.54,,,5.792,-2.874,,12.318,,0.0,-9.444,2.918,-9.436,-6.518,0.355,,,-6.873,0.022,-6.851,0.0,0.0,-6.851,-6.851,,61.32,-0.11,-0.11,-0.21,61.6,-0.11,-0.11,-0.21,
03/31/2006,596.58197,,-552.97699,,43.60498,,-47.944,,,-4.339,-3.123,7.842,10.813,-2.971,0.0,-4.719,-7.462,2.307,-5.155,-0.314,,,-4.841,-0.313,-5.154,0.0,0.0,-5.154,-5.154,,61.330002,-0.08,-0.09,-0.09,61.330002,-0.08,-0.09,-0.09,
06/30/2006,624.784973,,-595.593018,,29.191956,,-46.872002,,,-17.68,-18.184999,,11.584,-2.097,0.0,8.698,-35.865,16.1,-19.764999,-2.19,,,-17.574999,-3.157,-20.732,0.0,0.0,-20.732,-20.732,,61.337002,-0.34,-0.37,-0.28,61.337002,-0.34,-0.37,-0.28,
09/30/2006,689.901978,,-638.859009,,51.042969,,-54.790001,,,-3.747,-10.686,10.9,12.964,-2.064,0.0,-0.214,-14.433,-7.61,-22.042999,1.467,,,-23.51,-1.483,-24.993,0.0,0.0,-24.993,-24.993,,61.339001,-0.41,-0.38,-0.37,61.339001,-0.41,-0.38,-0.37,
12/31/2006,715.099,,-643.516,,71.583,,-39.001,,,32.582,-60.883,,11.804,-2.935,0.0,52.014,-28.301,-6.191,-34.492,-4.99,,,-29.502,1.29,-28.212,0.0,0.0,-28.212,-28.212,,61.33,-0.46,-0.56,0.32,61.33,-0.46,-0.56,0.299,
03/31/2007,669.599976,,-598.760986,,70.838989,,-40.662998,,,30.176001,-3.424,8.99,12.519,-3.529,0.0,-5.566,26.752001,-6.848,19.903999,-1.246,,,21.150001,-0.399,20.750999,0.0,0.0,20.750999,20.750999,,61.474998,0.34,0.32,0.33,61.972,0.33,0.31,0.32,
06/30/2007,730.135,,-654.773,,75.362,,-44.168,44.168,0.0,31.194,-7.943,7.898,12.157,-4.259,0.0,0.045,23.251,-4.708,18.543,-1.998,,,20.541,-2.928,17.613,0.0,0.0,17.613,17.613,,61.98,0.28,0.25,0.27,62.913,0.28,0.25,0.27,
09/30/2007,767.710022,,-691.627014,,76.083008,,-42.558998,,,33.523998,-5.4,7.845,12.351,-4.506,0.0,-2.445,28.123999,-6.861,21.263,-12.359,,,33.621999,-3.418,30.204,0.0,0.0,30.204,30.204,,62.603001,0.48,0.29,0.314057,63.519001,0.48,0.28,0.30371,
12/31/2007,765.13,,-672.0,,93.13,,-50.117,50.117,0.0,43.013,-5.11,5.755,11.465,-5.71,,-0.645,37.903,2.582,40.485,-12.532,,,53.017,-2.015,51.002,0.0,0.0,51.002,51.002,-12.563,61.684,0.83,0.62,0.4164,62.432,0.82,0.62,0.4164,
03/31/2008,679.320984,,-623.083008,,56.237976,,-46.683998,,,9.554,-5.078,7.755,11.478,-3.723,0.0,-2.677,4.476,-1.048,3.428,-0.344,,,3.772,-2.086,1.686,0.0,0.0,1.686,1.686,,59.484001,0.03,0.02,0.03,60.473999,0.03,0.02,0.03,
06/30/2008,772.907,,-743.078,,29.829,,-45.246,45.246,0.0,-15.417,-6.872,9.073,12.742,-3.669,0.0,-2.201,-22.289,0.677,-21.612,0.131,,,-21.743,-0.488,-22.231,0.0,0.0,-22.231,-22.231,,58.897,-0.38,-0.38,-0.38,58.897,-0.38,-0.38,-0.38,
09/30/2008,793.750977,,-793.888,,-0.137024,,-46.877998,,,-47.014999,-10.173,8.919,12.821,-3.902,0.0,1.254,-57.187999,2.318,-54.869999,0.133,,,-55.002999,-0.378,-55.381001,0.0,0.0,-55.381001,-55.381001,,58.903,-0.94,-0.94,-0.94,58.903,-0.94,-0.94,-0.94,
12/31/2008,635.832,,-645.589,,-9.757,,-46.256,46.256,0.0,-56.013,-126.761,11.891,13.484,-1.593,,114.87,-182.774,28.327,-154.447,0.016,,,-154.463,11.009,-143.454,,0.0,-143.454,-143.454,,58.91,-2.44,-2.43,-1.24,58.91,-2.44,-2.43,-1.24,
03/31/2009,571.408,571.408,-521.139,521.139,50.269,0.0,-66.508,45.106,21.402,-16.239,-10.457,11.28,12.655,-1.375,,-0.823,-26.696,3.773,-22.923,0.364,0.364,0.0,-23.287,2.02,-21.267,0.0,0.0,-21.267,-9.0886,11.8144,58.941,-0.36,-0.35,-0.154198,58.941,-0.36,-0.35,-0.154198,
06/30/2009,631.729,631.729,-531.269,531.269,100.46,0.0,-58.987,50.278,8.709,41.473,-9.743,10.992,12.097,-1.105,,-1.249,31.73,-0.967,30.763,37.085,37.085,0.0,-6.322,-6.638,-12.96,0.0,0.0,-12.96,29.4511,5.3261,58.958,-0.22,0.41,0.499527,59.803,-0.22,0.4,0.489061,
09/30/2009,802.794,802.794,-662.277,662.277,140.517,0.0,-69.829,56.444,13.385,70.688,-10.228,9.181,11.44,-2.259,,1.047,60.46,-2.628,57.832,0.337,0.337,0.0,57.495,-10.664,46.831,0.0,0.0,46.831,55.59005,8.42205,59.331,0.79,0.79,0.936948,61.05,0.77,0.77,0.907953,
12/31/2009,773.059,773.059,-645.278,645.278,127.781,0.0,-67.434,55.162,12.272,60.347,-10.318,10.565,11.019,-0.454,,-0.247,50.029,-0.409,49.62,-6.133,-6.133,0.0,55.753,-16.59,39.163,0.0,0.0,39.163,40.9301,7.9001,60.509,0.65,0.55,0.67643,62.419,0.63,0.53,0.656566,
03/31/2010,754.443,754.443,-669.271,669.271,85.172,0.0,-52.217,44.605,7.612,32.955,-7.28,7.517,8.73,-1.213,,-0.237,25.675,-7.743,17.932,0.76,0.76,0.0,17.172,-5.596,11.576,0.0,0.0,11.576,17.2838,4.9478,60.914,0.19,0.2,0.283741,62.294,0.19,0.2,0.279427,
06/30/2010,803.959,803.959,-708.577,708.577,95.382,0.0,-61.7,54.274,7.426,33.682,-7.39,8.378,9.149,-0.771,,-0.988,26.292,-1.247,25.045,-25.126,-25.126,0.0,50.171,-6.094,44.077,0.0,0.0,44.077,20.15805,1.20705,61.292,0.72,0.31,0.328885,62.609,0.7,0.3,0.319279,
09/30/2010,882.942,882.942,-754.695,754.695,128.247,0.0,-61.117,56.351,4.766,67.13,-6.512,7.231,9.397,-2.166,,-0.719,60.618,-10.309,50.309,0.001,0.001,0.0,50.308,-5.71,44.598,0.0,0.0,44.598,47.6618,3.0628,61.44,0.73,0.73,0.775745,62.759,0.71,0.71,0.758803,
12/31/2010,919.64,919.64,-807.74,807.74,111.9,0.0,-57.293,56.448,0.845,54.607,-7.366,8.256,9.371,-1.115,,-0.89,47.241,-0.758,46.483,0.247,0.247,0.0,46.236,-6.038,40.198,0.0,0.0,40.198,40.99035,0.54535,61.541,0.65,0.66,0.666066,62.919,0.64,0.64,0.648667,
03/31/2011,901.794,901.794,-820.834,820.834,80.96,0.0,-48.777,48.777,0.0,32.183,-3.247,8.752,9.421,-0.669,,-5.505,28.936,-10.459,18.477,0.0,0.0,0.0,18.477,-2.803,15.674,0.0,0.0,15.674,15.274,-0.4,61.85,0.25,0.25,0.246952,63.185,0.25,0.25,0.243669,
06/30/2011,918.739,918.739,-849.464,849.464,69.275,0.0,-45.022,45.022,0.0,24.253,-8.185,8.328,9.229,-0.901,,-0.143,16.068,-1.621,14.447,0.0,0.0,0.0,14.447,-2.924,11.523,0.0,0.0,11.523,11.52105,-0.00195,62.196,0.19,0.19,0.185238,63.208,0.18,0.18,0.179969,
09/30/2011,1048.602,1048.602,-960.518,960.518,88.084,0.0,-40.872,40.872,0.0,47.212,-8.248,8.124,8.953,-0.829,,0.124,38.964,-17.003,21.961,0.0,0.0,0.0,21.961,-4.68,17.281,0.0,0.0,17.281,17.25695,-0.02405,62.266,0.28,0.28,0.277149,62.842,0.27,0.27,0.269617,
12/31/2011,1038.686,1038.686,-931.997,931.997,106.689,0.0,-47.036,47.036,0.0,59.653,-9.475,7.797,8.588,-0.791,,1.678,50.178,164.54,214.718,0.0,0.0,0.0,214.718,-5.693,209.025,0.0,0.0,209.025,209.025,0.0,62.283,3.36,3.36,3.36,62.82,3.33,3.33,3.33,
03/31/2012,984.258,984.258,-878.829,878.829,105.429,0.0,-57.719,57.719,0.0,47.71,-7.359,7.824,8.475,-0.651,,-0.465,40.351,-12.301,28.05,0.0,0.0,0.0,28.05,-6.482,21.568,0.0,0.0,21.568,21.568,0.0,62.31,0.35,0.35,0.35,62.964,0.34,0.34,0.34,
06/30/2012,1058.482,1058.482,-899.578,899.578,158.904,0.0,-63.49,63.49,0.0,95.414,-7.479,7.662,8.383,-0.721,,-0.183,87.935,-29.345,58.59,0.0,0.0,0.0,58.59,-6.844,51.746,0.0,0.0,51.746,51.746,0.0,62.342,0.83,0.83,0.83,62.886,0.82,0.82,0.82,
09/30/2012,1095.626,1095.626,-897.468,897.468,198.158,0.0,-68.555,68.555,0.0,129.603,-6.888,6.573,7.115,-0.542,,0.315,122.715,-40.004,82.711,0.0,0.0,0.0,82.711,-8.598,74.113,0.0,0.0,74.113,74.113,0.0,62.561,1.18,1.18,1.18,63.274,1.17,1.17,1.17,
12/31/2012,1062.47,1062.47,-870.693,870.693,191.777,0.0,-67.542,67.542,0.0,124.235,-6.786,4.927,5.573,-0.646,,1.859,117.449,-34.374,83.075,0.0,0.0,0.0,83.075,-10.131,72.944,0.0,0.0,72.944,72.944,0.0,63.029,1.16,1.16,1.16,63.764,1.15,1.15,1.15,
03/31/2013,861.681,861.681,-703.763,703.763,157.918,0.0,-61.254,61.254,0.0,96.664,-6.21,6.805,7.101,-0.296,,-0.595,90.454,-27.617,62.837,0.0,0.0,0.0,62.837,-6.757,56.08,0.0,0.0,56.08,56.08,0.0,63.226,0.89,0.89,0.89,64.184,0.87,0.87,0.87,
06/30/2013,884.126,884.126,-733.966,733.966,150.16,0.0,-80.994,80.994,0.0,69.166,-7.924,7.09,7.231,-0.141,,0.834,61.242,-19.642,41.6,0.0,0.0,0.0,41.6,-6.114,35.486,0.0,0.0,35.486,38.151,2.665,63.342,0.56,0.56,0.602302,64.142,0.55,0.55,0.591548,
09/30/2013,832.419,832.419,-735.015,735.015,97.404,0.0,-69.496,69.496,0.0,27.908,-6.762,6.414,6.684,-0.27,,0.348,21.146,-17.845,3.301,0.0,0.0,0.0,3.301,-3.469,-0.168,0.0,0.0,-0.168,2.76025,2.92825,63.365,0.0,0.0,0.043561,63.365,0.0,0.0,0.043561,
12/31/2013,861.007,861.007,-750.298,750.298,110.709,0.0,-63.733,63.733,0.0,46.976,-6.847,6.787,6.89,-0.103,,0.06,40.129,-14.302,25.827,0.0,0.0,0.0,25.827,-6.212,19.615,0.0,0.0,19.615,25.7536,6.1386,63.372,0.31,0.31,0.406388,64.294,0.31,0.31,0.405477,
03/31/2014,796.458,796.458,-649.116,649.116,147.342,0.0,-66.431,66.431,0.0,80.911,-6.616,6.605,7.118,-0.513,,0.011,74.295,-22.567,51.728,0.0,0.0,0.0,51.728,-6.294,45.434,0.0,0.0,45.434,45.434,0.0,63.399,0.72,0.72,0.72,64.338,0.71,0.71,0.71,
06/30/2014,888.685,888.685,-740.816,740.816,147.869,0.0,-71.28,71.28,0.0,76.589,-6.045,6.522,6.792,-0.27,,-0.477,70.544,-25.786,44.758,0.0,0.0,0.0,44.758,-6.576,38.182,0.0,0.0,38.182,38.182,0.0,63.537,0.6,0.6,0.6,64.481,0.59,0.59,0.59,
09/30/2014,920.082,920.082,-762.878,762.878,157.204,0.0,-67.829,67.829,0.0,89.375,-7.998,6.745,7.05,-0.305,,1.253,81.377,-26.74,54.637,0.0,0.0,0.0,54.637,-6.938,47.699,0.0,0.0,47.699,47.699,0.0,60.606,0.79,0.79,0.79,61.629,0.77,0.77,0.77,
12/31/2014,819.584,819.584,-699.241,699.241,120.343,0.0,-66.76,66.76,0.0,53.583,68.72,6.766,7.178,-0.412,,-75.486,122.303,-36.604,85.699,0.0,0.0,0.0,85.699,-3.436,82.263,0.0,0.0,82.263,31.90685,-50.35615,58.132,1.42,1.42,0.548869,59.219,1.39,1.39,0.539662,
03/31/2015,663.206,663.206,-531.251,531.251,131.955,0.0,-61.602,61.602,0.0,70.353,-5.714,5.794,6.356,-0.562,,-0.08,64.639,-22.476,42.163,0.0,0.0,0.0,42.163,-1.402,40.761,0.0,0.0,40.761,42.163,0.0,58.076,0.7,0.7,0.7,59.325,0.69,0.69,0.69,
06/30/2015,751.781,751.781,-592.089,592.089,159.692,0.0,-60.264,60.264,0.0,99.428,-4.134,5.726,6.24,-0.514,,-1.592,95.294,-34.818,60.476,0.0,0.0,0.0,60.476,-0.894,59.582,0.0,0.0,59.582,59.582,0.0,57.244,1.04,1.04,1.04,57.778,1.03,1.03,1.03,
09/30/2015,782.368,782.368,-628.414,628.414,153.954,0.0,-71.787,71.787,0.0,82.167,-3.994,5.356,5.889,-0.533,,-1.362,78.173,-24.524,53.649,0.0,0.0,0.0,53.649,-0.473,53.176,0.0,0.0,53.176,53.176,0.0,56.693,0.94,0.94,0.94,57.232,0.93,0.93,0.93,
12/31/2015,775.546,775.546,-603.696,603.696,171.85,0.0,-69.319,69.319,0.0,102.531,-6.609,4.733,5.335,-0.602,,1.876,95.922,-36.406,59.516,0.0,0.0,0.0,59.516,-0.27,59.246,0.0,0.0,59.246,59.246,0.0,56.061,1.06,1.06,1.06,56.699,1.04,1.04,1.04,
03/31/2016,649.775,649.775,-499.346,499.346,150.429,0.0,-59.325,59.325,0.0,91.104,-4.234,5.696,6.636,-0.94,,-1.462,86.87,-28.098,58.772,0.0,0.0,0.0,58.772,0.233,59.005,0.0,0.0,59.005,59.005,0.0,55.535,1.06,1.06,1.06,56.132,1.05,1.05,1.05,
06/30/2016,740.294,740.294,-560.625,560.625,179.669,0.0,-69.753,69.753,0.0,109.916,-3.911,5.338,6.286,-0.948,,-1.427,106.005,-34.654,71.351,0.0,0.0,0.0,71.351,-0.602,70.749,0.0,0.0,70.749,70.749,0.0,55.02,1.29,1.29,1.29,55.602,1.27,1.27,1.27,
09/30/2016,750.913,750.913,-597.961,597.961,152.952,0.0,-74.724,63.262,11.462,78.228,-3.992,5.777,6.795,-1.018,,-1.785,74.236,-23.757,50.479,0.0,0.0,0.0,50.479,-1.176,49.303,0.0,0.0,49.303,57.009,7.706,54.055,0.91,0.91,1.054648,54.68,0.9,0.9,1.040929,
12/31/2016,783.887,783.887,-576.854,576.854,207.033,0.0,-48.823,60.285,-11.462,158.21,-58.228,5.415,6.887,-1.472,,52.813,99.982,-29.29,70.692,0.0,0.0,0.0,70.692,-1.368,69.324,0.0,0.0,69.324,69.955,0.631,53.31,1.300394,1.300394,1.31223,53.946,1.285063,1.285063,1.29676,
03/31/2017,643.025,643.025,-524.439,524.439,118.586,0.0,-60.591,60.591,0.0,57.995,-15.585,6.025,7.827,-1.802,,9.56,42.41,-13.029,29.381,0.0,0.0,0.0,29.381,1.18,30.561,0.0,0.0,30.561,30.561,0.0,52.835,0.58,0.58,0.58,53.422,0.57,0.57,0.57,
06/30/2017,720.753,720.753,-589.913,589.913,130.84,0.0,-56.008,56.008,0.0,74.832,-6.71,6.455,8.21,-1.755,,0.255,68.122,-22.298,45.824,0.0,0.0,0.0,45.824,-0.514,45.31,0.0,0.0,45.31,45.31,0.0,52.796,0.86,0.86,0.86,53.191,0.85,0.85,0.85,
09/30/2017,733.843,733.843,-569.116,569.116,164.727,0.0,-63.35,63.35,0.0,101.377,-6.793,5.815,7.591,-1.776,,0.978,94.584,-31.924,62.66,0.0,0.0,0.0,62.66,-0.973,61.687,0.0,0.0,61.687,61.687,0.0,52.042,1.19,1.19,1.19,52.435,1.18,1.18,1.18,
12/31/2017,757.035,757.035,-637.273,637.273,119.762,0.0,-63.493,63.493,0.0,56.269,-17.46,6.39,8.419,-2.029,,11.07,38.809,-79.929,-41.12,0.0,0.0,0.0,-41.12,-1.038,-42.158,0.0,0.0,-42.158,25.876,68.034,51.173,-0.82,-0.82,0.505657,51.566,-0.82,-0.82,0.499358,
03/31/2018,601.496,601.496,-517.011,517.011,84.485,0.0,-58.031,58.031,0.0,26.454,-14.02,5.376,7.691,-2.315,,8.644,12.434,-3.451,8.983,0.0,0.0,0.0,8.983,-0.698,8.285,0.0,0.0,8.285,8.285,0.0,50.838,0.16,0.16,0.16,51.179,0.16,0.16,0.16,
06/30/2018,698.408,698.408,-604.185,604.185,94.223,0.0,-61.46,61.46,0.0,32.763,-14.787,6.429,8.417,-1.988,,8.358,17.976,-2.267,15.709,0.0,0.0,0.0,15.709,-0.701,15.008,0.0,0.0,15.008,15.008,0.0,50.436,0.3,0.3,0.3,50.59,0.3,0.3,0.3,
09/30/2018,737.671,737.671,-597.724,597.724,139.947,0.0,-58.746,58.746,0.0,81.201,-9.541,5.531,7.93,-2.399,,4.01,71.66,-16.227,55.433,0.0,0.0,0.0,55.433,-1.72,53.713,0.0,0.0,53.713,53.713,0.0,50.065,1.07,1.07,1.07,50.279,1.07,1.07,1.07,
12/31/2018,770.487,770.487,-645.849,645.849,124.638,0.0,-99.812,65.985,33.827,24.826,-12.837,4.628,8.142,-3.514,,8.209,11.989,-11.55,0.439,0.0,0.0,0.0,0.439,-0.858,-0.419,0.0,0.0,-0.419,33.408,33.827,50.073,-0.01,-0.01,0.667186,50.344,-0.01,-0.01,0.661917,
03/31/2019,619.163,619.163,-530.904,530.904,88.259,0.0,-61.828,56.855,4.973,26.431,-12.916,4.934,8.314,-3.38,,7.982,13.515,-6.337,7.178,0.0,0.0,0.0,7.178,-0.199,6.979,0.0,0.0,6.979,10.90767,3.92867,50.1,0.14,0.14,0.217718,50.378,0.14,0.14,0.217718,
06/30/2019,679.13,679.13,-579.989,579.989,99.141,0.0,-67.47,65.811,1.659,31.671,-16.562,5.811,7.81,-1.999,,10.751,15.109,-5.851,9.258,0.0,0.0,0.0,9.258,-0.437,8.821,0.0,0.0,8.821,10.13161,1.31061,50.165,0.18,0.18,0.201966,50.362,0.18,0.18,0.201966,
09/30/2019,704.134,704.134,-589.768,589.768,114.366,0.0,-61.597,60.786,0.811,52.769,-16.04,5.969,7.476,-1.507,,10.071,36.729,-7.721,29.008,0.0,0.0,0.0,29.008,0.336,29.344,0.0,0.0,29.344,29.98469,0.64069,50.179,0.58,0.58,0.597555,50.358,0.58,0.58,0.592723,
12/31/2019,750.212,750.212,-618.688,618.688,131.524,0.0,-67.941,66.599,1.342,63.583,-19.266,5.019,7.59,-2.571,,14.247,44.317,8.554,52.871,0.0,0.0,0.0,52.871,-1.612,51.259,0.0,0.0,51.259,52.31918,1.06018,50.189,1.02,1.02,1.042443,50.42,1.02,1.02,1.041027,
03/31/2020,531.694,531.694,-475.781,475.781,55.913,0.0,-62.141,51.211,10.93,-6.228,-5.748,3.311,5.007,-1.696,,2.437,-11.976,0.659,-11.317,0.0,0.0,0.0,-11.317,-0.274,-11.591,0.0,0.0,-11.591,-2.9563,8.6347,50.236,-0.23,-0.23,-0.058848,50.236,-0.23,-0.23,-0.058848,
06/30/2020,496.259,496.259,-430.619,430.619,65.64,0.0,-60.329,58.855,1.474,5.311,-11.836,5.857,6.507,-0.65,,5.979,-6.525,0.882,-5.643,0.0,0.0,0.0,-5.643,-0.572,-6.215,0.0,0.0,-6.215,-5.05054,1.16446,50.282,-0.12,-0.12,-0.100444,50.282,-0.12,-0.12,-0.100444,
09/30/2020,612.8,,,,105.708,,,,,60.7,,,,,,,42.92,,45.4,,,,,,45.4,,,45.4,32.3,,,0.76,0.76,0.644,,0.76,0.76,0.644,
12/31/2020,729.8,,,,134.2832,,,,,73.5,,,,,,,60.88,,46.9,,,,,,46.9,,,46.9,45.08,,,0.923,0.923,0.898,,0.923,0.923,0.898,
