Date,Revenue,Sales & Services Revenue,Cost of Revenue,Cost of Goods & Services,Gross Profit,Other Operating Income,Operating Expenses,"Selling, General & Admin",Research & Development,Depreciation & Amortization,Other Operating Expense,Operating Income (Loss),Non-Operating (Income) Loss,"Interest Expense, Net",Interest Expense,Interest Income,Foreign Exch (Gain) Loss,(Income) Loss from Affiliates,Other Non-Op (Income) Loss,Pretax Income,Income Tax Expense (Benefit),Income (Loss) from Cont Ops,Net Extraordinary Losses (Gains),Discontinued Operations,XO & Accounting Changes,Income (Loss) Incl. MI,Minority Interest,"Net Income, GAAP",Preferred Dividends,Other Adjustments,"Net Income Avail to Common, GAAP","Net Income Avail to Common, Adj",Net Abnormal Losses (Gains),Basic Weighted Avg Shares,"Basic EPS, GAAP",Basic EPS from Cont Ops,"Basic EPS from Cont Ops, Adjusted",Diluted Weighted Avg Shares,"Diluted EPS, GAAP",Diluted EPS from Cont Ops,"Diluted EPS from Cont Ops, Adjusted",Source: Bloomberg
03/31/1998,10.238,,-5.929,,4.309,,-3.185,,,,,1.124,0.014,,0.0,,0.0,,-0.014,1.138,-0.426,0.712,0.0,,,0.712,0.0,0.712,0.0,,0.712,0.712,,317.471992,0.002292,0.002292,0.002292,327.263992,0.002083,0.002083,0.002083,
06/30/1998,12.668,,-7.326,,5.342,,-3.76,,,,,1.582,0.122,,0.0,,0.0,,-0.122,1.704,-0.638,1.066,0.0,,,1.066,0.0,1.066,0.0,,1.066,1.066,,333.263992,0.003125,0.003125,0.003125,344.303993,0.003125,0.003125,0.003125,
09/30/1998,16.200001,,-8.925,,7.275001,,-4.84,,,,,2.435,0.279,,0.0,,0.0,,-0.279,2.714,-1.014,1.7,0.0,,,1.7,0.0,1.7,0.0,,1.7,1.7,,437.808014,0.003958,0.003958,0.003958,452.015991,0.00375,0.00375,0.00375,
12/31/1998,19.5,,-9.739,,9.761,,-5.984,,,,,3.777,0.306,,0.0,,0.0,,-0.306,4.083,-1.528,2.555,0.0,,,2.555,0.0,2.555,0.0,,2.555,2.555,,439.103989,0.005833,0.005833,0.005833,458.304016,0.005625,0.005625,0.005625,
03/31/1999,20.426001,,-10.711,,9.715,,-5.645,,,,,4.07,0.338,,,-0.276,0.0,,-0.062,4.408,-1.649,2.759,0.0,,,2.759,0.0,2.759,0.0,,2.759,2.759,,439.248001,0.00625,0.00625,0.00625,461.23201,0.006042,0.006042,0.006042,
06/30/1999,21.497999,,-11.149,,10.348999,,-6.486,,,,,3.863,0.218,,0.029,-0.247,0.0,,0.0,4.081,-1.526,2.555,0.0,,,2.555,0.0,2.555,0.0,,2.555,2.555,,439.53598,0.005833,0.005833,0.005833,459.11998,0.005625,0.005625,0.005625,
09/30/1999,22.875999,,-11.873,,11.002999,,-6.827,,,,,4.176,0.392,,0.0,-0.331,0.0,,-0.061,4.568,-1.708,2.86,0.0,,,2.86,0.0,2.86,0.0,,2.86,2.86,,439.775986,0.006458,0.006458,0.006458,460.224014,0.00625,0.00625,0.00625,
12/31/1999,24.104,,-12.427999,,11.676002,,-7.139999,,,,,4.536,0.323,,,-0.411,0.0,,0.088,4.859,-1.828,3.06,0.0,,,3.031,0.0,3.06,0.0,,3.06,3.06,,442.271988,0.006875,0.006875,0.006875,477.744003,0.006458,0.006458,0.006458,
03/31/2000,27.07,,-13.939,,13.131,,-8.008,,,,,5.123,0.406,,,-0.505,0.0,,0.099,5.529,-2.068,3.461,0.0,,,3.461,0.0,3.461,0.0,,3.461,3.461,,444.0,0.007917,0.007917,0.007917,484.488007,0.007083,0.007083,0.007083,
06/30/2000,31.801001,,-16.375999,,15.425001,,-9.384,,,,,6.041,0.376,,0.166,-0.542,0.0,,0.0,6.417,-2.4,4.017,0.0,,,4.017,0.0,4.017,0.0,,4.017,4.017,,444.839996,0.009167,0.009167,0.009167,484.199982,0.008333,0.008333,0.008333,
09/30/2000,37.106998,,-19.110001,,17.996998,,-10.918,,,,,7.079,0.565,,,-0.732,0.0,,0.167,7.644,-2.859,4.785,0.0,,,4.785,0.0,4.785,0.0,,4.785,4.785,,446.015991,0.010833,0.010833,0.010833,482.615982,0.01,0.01,0.01,
12/31/2000,41.053001,,-21.011999,,20.041002,,-12.156,,,,,7.885,0.772,,,-0.87,0.0,,0.098,8.657,-3.237,5.42,0.0,,,5.42,0.0,5.42,0.0,,5.42,5.42,,447.216019,0.012083,0.012083,0.012083,482.832001,0.01125,0.01125,0.01125,
03/31/2001,43.403999,,-22.368999,,21.035,,-12.646,,,,,8.389,0.501,,,-0.746,0.0,,0.245,8.89,-3.325,5.565,0.0,,,5.565,0.0,5.565,0.0,0.0,5.565,5.565,,448.751999,0.0125,0.0125,0.0125,485.568008,0.011667,0.011667,0.011667,
06/30/2001,45.410999,,-23.381001,,22.029999,,-13.156,,,,,8.874,0.467,,,-0.617,0.0,,0.15,9.341,-3.494,5.847,0.0,,,5.847,0.0,5.847,0.0,0.0,5.847,5.847,,453.912003,0.012917,0.012917,0.012917,491.136017,0.012083,0.012083,0.012083,
09/30/2001,45.501999,,-23.108999,,22.393,,-13.07,,,,,9.323,0.434,,,-0.643,0.0,,0.209,9.757,-3.649,6.108,0.0,,,6.108,0.0,6.108,0.0,0.0,6.108,6.108,,460.416,0.013333,0.013333,0.013333,492.359985,0.0125,0.0125,0.0125,
12/31/2001,43.460999,,-21.989,,21.471999,,-12.438,,,,,9.034,-0.892,,,-0.495,0.0,,1.387,8.142,-3.502,4.64,0.0,,,4.64,0.0,4.64,0.0,0.0,4.64,4.64,,462.792024,0.01,0.01,0.0125,486.816,0.009583,0.009583,0.012083,
03/31/2002,46.484001,,-24.188999,,22.295002,,-13.149,,,,,9.146,0.27,,,-0.429,0.0,,0.159,9.416,-2.307,7.109,0.0,,,7.109,0.0,7.109,0.0,0.0,7.109,7.109,,464.76,0.015417,0.015417,0.015417,493.607976,0.014583,0.014583,0.014583,
06/30/2002,54.358002,,-29.348,,25.010002,,-14.308,,,,,10.702,0.451,,,-0.405,0.0,,-0.046,11.153,-2.506,8.647,0.0,,,8.647,0.0,8.647,0.0,0.0,8.647,8.647,,469.896011,0.018333,0.018333,0.018333,505.320007,0.017083,0.017083,0.017083,
09/30/2002,61.233002,,-32.970001,,28.263,,-16.155001,,,,,12.108,0.495,,,-0.471,0.0,,-0.024,12.603,-2.936,9.667,0.0,,,9.667,0.0,9.667,0.0,0.0,9.667,9.667,,476.687988,0.020417,0.020417,0.020417,514.824005,0.01875,0.01875,0.01875,
12/31/2002,67.011002,,-36.194,,30.817001,,-17.575001,,,,,13.242,-1.323,,,-0.503,0.0,,1.826,11.919,-2.78,9.139,0.0,,,9.139,0.0,9.139,0.0,0.0,9.139,9.139,,485.400009,0.01875,0.01875,0.022083,525.503998,0.0175,0.0175,0.020417,
03/31/2003,74.515999,,-40.959,,33.556999,,-19.033001,,,,,14.524,-1.786,,,-0.421,0.0,,2.207,12.738,-2.56,10.178,0.0,,,10.178,0.0,10.178,0.0,0.0,10.178,10.178,,490.560013,0.02125,0.02125,0.024167,527.951981,0.01875,0.01875,0.0225,
06/30/2003,87.445999,,-47.199001,,40.246998,,-23.118999,,,,,17.128,0.418,,,-0.32,0.0,,-0.098,17.546,-4.044,13.502,0.0,,,13.502,0.0,13.502,0.0,0.0,13.502,13.502,,495.079987,0.0275,0.0275,0.0275,529.911987,0.025,0.025,0.025,
09/30/2003,98.111,,-52.967999,,45.143002,,-25.868999,,,,,19.274,0.596,,,-0.617,0.0,,0.021,19.87,-3.91,15.96,0.0,,,15.96,0.0,15.96,0.0,0.0,15.96,15.96,,503.216003,0.03125,0.03125,0.03125,552.656006,0.02875,0.02875,0.02875,
12/31/2003,108.157997,,-58.598,,49.559998,,-28.174,,,,,21.386,0.691,,,-0.77,0.0,,0.079,22.077,-4.352,17.725,0.0,,,17.724999,0.0,17.725,0.0,0.0,17.725,17.725,,511.511993,0.035,0.035,0.035,562.567993,0.03125,0.03125,0.03125,
03/31/2004,119.744,,-65.01,,54.734,,-31.047,27.182,,,3.865,23.687,1.141,-0.84,0.0,-0.84,0.0,,-0.301,24.828,-5.04,19.788,0.0,,,19.788,0.0,19.788,0.0,0.0,19.788,19.788,,515.52,0.03875,0.03875,0.03875,566.608,0.035,0.035,0.035,
06/30/2004,138.719,,-75.558,,63.161,,-35.371,31.543,,,3.828,27.79,0.735,-0.815,0.0,-0.815,0.0,,0.08,28.525,-4.724,23.801,0.0,,,23.801,0.0,23.801,0.0,0.0,23.801,23.801,,520.468,0.045,0.045,0.045,564.656,0.0425,0.0425,0.0425,
09/30/2004,155.429,,-84.585,,70.844,,-39.972,35.889,,,4.083,30.872,1.015,-1.267,0.0,-1.267,0.0,,0.252,31.887,-5.835,26.052,,,,26.052,,26.052,,0.0,26.052,26.052,,526.988,0.05,0.05,0.05,570.884,0.045,0.045,0.045,
12/31/2004,172.781,,-94.657,,78.124,,-42.853,,,,,35.271,1.584,,0.0,-1.467,0.0,,-0.117,36.855,-6.253,30.602,0.0,,,30.602,0.0,30.602,0.0,0.0,30.602,30.602,,532.86,0.0575,0.0575,0.0575,578.76,0.0525,0.0525,0.0525,
03/31/2005,181.681,,-97.994,,83.687,,-46.5,,,,,37.187,1.716,-1.84,0.0,-1.84,0.0,,0.124,38.903,-6.925,31.978,0.0,,,31.978,0.0,31.978,0.0,0.0,31.978,31.978,,537.94,0.06,0.06,0.06,583.284,0.055,0.055,0.055,
06/30/2005,211.711,,-117.768,,93.943,,-51.575,,,,,42.368,1.466,-2.061,0.0,-2.061,0.0,,0.595,43.834,-7.802,36.032,0.0,,,36.032,0.0,36.032,0.0,0.0,36.032,36.032,,542.748,0.0675,0.0675,0.0675,586.216,0.0625,0.0625,0.0625,
09/30/2005,235.536,,-128.175,,107.361,,-60.34,54.759,,,5.581,47.021,2.351,-2.221,0.0,-2.221,0.0,,-0.13,49.372,-8.789,40.583,0.0,,,40.583,0.0,40.583,0.0,0.0,40.583,40.583,0.0,548.744,0.075,0.075,0.075,589.124,0.07,0.07,0.07,
12/31/2005,256.902,,-135.978,,120.924,,-69.884,,,,,51.04,2.123,,0.0,-2.86,0.0,,0.737,53.163,4.51,57.673,0.0,,,57.673,0.0,57.673,0.0,0.0,57.673,57.673,,554.468,0.105,0.105,0.0825,591.696,0.0975,0.0975,0.0775,
03/31/2006,285.479,,-158.588,,126.891,,-73.735,66.705,,,7.03,53.156,3.396,-3.437,0.0,-3.437,0.0,,0.041,56.552,-9.388,47.164,0.0,,,47.164,0.0,47.164,0.0,0.0,47.164,47.164,,558.66,0.085,0.085,0.085,597.416,0.08,0.08,0.08,
06/30/2006,336.836,,-188.32,,148.516,,-87.845,80.044,,,7.801,60.671,5.361,-3.853,0.0,-3.853,0.0,,-1.508,66.032,-10.961,55.071,0.0,,,55.071,0.0,55.071,0.0,0.0,55.071,55.071,,562.168,0.0975,0.0975,0.0975,601.972,0.0925,0.0925,0.0925,
09/30/2006,377.522,,-208.427,,169.095,,-100.331,91.47,,,8.861,68.764,4.176,-4.787,0.0,-4.787,0.0,,0.611,72.94,-11.913,61.027,0.0,,,61.027,0.0,61.027,0.0,0.0,61.027,61.027,,564.808,0.1075,0.1075,0.1075,603.344,0.1,0.1,0.1,
12/31/2006,424.43,,-232.588,,191.842,,-115.49,,,,,76.352,5.935,,0.0,-5.538,0.0,,-0.397,82.287,-12.754,69.533,0.0,,,69.533,0.0,69.533,0.0,0.0,69.533,69.533,,568.084,0.1225,0.1225,0.1225,568.084,0.115,0.115,0.115,
03/31/2007,460.27,,-254.909,,205.361,,-121.759,109.499,,,12.26,83.602,6.654,-6.671,0.0,-6.671,0.0,,0.017,90.256,-14.81,75.446,0.0,,,75.446,0.0,75.446,0.0,0.0,75.446,75.446,,571.608,0.1325,0.1325,0.1325,607.032,0.125,0.125,0.125,
06/30/2007,516.514,,-292.326,,224.188,,-133.517,120.464,,,13.053,90.671,6.979,-6.45,0.0,-6.45,0.0,,-0.529,97.65,-15.373,82.277,0.0,,,82.277,0.0,82.277,0.0,0.0,82.277,82.277,,576.208,0.1425,0.1425,0.1425,608.192,0.135,0.135,0.135,
09/30/2007,558.837,,-317.286,,241.551,,-140.421,126.551,,,13.87,101.13,10.561,-7.917,0.0,-7.917,0.0,,-2.644,111.691,-15.537,96.154,0.0,,,96.154,0.0,96.154,0.0,0.0,96.154,96.154,,1158.236,0.0825,0.0825,0.0825,1218.256,0.08,0.08,0.08,
12/31/2007,599.956,,-341.514,,258.442,0.0,-152.323,137.588,,,14.735,106.119,8.64,,,-8.522,0.0,,-0.118,114.759,-18.503,96.256,0.0,,,96.256,0.0,96.256,0.0,0.0,96.256,96.256,,578.306,0.165,0.165,0.165,604.392,0.16,0.16,0.16,
03/31/2008,643.106,,-366.265,,276.841,,-165.146,148.853,,,16.293,111.695,10.174,-6.22,0.0,-6.22,0.0,,-3.954,121.869,-19.996,101.873,0.0,,,101.873,0.0,101.873,0.0,0.0,101.873,101.873,,576.342,0.175,0.175,0.175,598.104,0.17,0.17,0.17,
06/30/2008,685.427,,-380.867,,304.56,,-184.882,167.105,,,17.777,119.678,4.379,-4.864,0.0,-4.864,0.0,,0.485,124.057,-20.201,103.856,0.0,,,103.856,0.0,103.856,0.0,0.0,103.856,103.856,,579.418,0.18,0.18,0.18,598.664,0.175,0.175,0.175,
09/30/2008,734.726,,-405.936,,328.79,,-186.159,166.685,,,19.474,142.631,-9.433,-5.344,0.0,-5.344,0.0,,14.777,133.198,-20.37,112.828,0.0,,,112.828,0.0,112.828,0.0,0.0,112.828,112.828,,582.682,0.195,0.195,0.195,599.61,0.19,0.19,0.19,
12/31/2008,753.045,,-419.748,,333.297,,-190.631,,,,,142.666,-6.58,,0.0,-50.136,0.0,,56.716,136.086,-23.798,112.288,0.0,,,112.288,0.0,112.288,0.0,0.0,112.288,112.288,,582.522,0.195,0.195,0.195,595.14,0.19,0.19,0.19,
03/31/2009,745.862,745.862,-419.708,419.708,326.154,0.0,-188.024,166.872,,21.152,0.0,138.13,-2.641,-2.47,0.0,-2.47,5.0,,0.111,135.489,-22.357,113.132,0.0,0.0,0.0,113.132,0.0,113.132,0.0,0.0,113.132,112.59575,-0.53625,583.226,0.195,0.195,0.193057,595.986,0.19,0.19,0.1891,
06/30/2009,776.592,776.592,-433.34,433.34,343.252,0.0,-191.582,170.003,,21.579,0.0,151.67,17.496,-2.622,0.0,-2.622,-18.053,,3.179,169.166,-27.911,141.255,0.0,0.0,0.0,141.255,0.0,141.255,0.0,0.0,141.255,140.76555,-0.48945,584.674,0.24,0.24,0.240759,598.544,0.235,0.235,0.234182,
09/30/2009,853.488,853.488,-475.599,475.599,377.889,0.0,-216.107,193.806,,22.301,0.0,161.782,1.917,,,-4.664,-2.62,,5.367,163.699,-27.127,136.572,0.0,0.0,0.0,136.572,0.0,136.572,0.0,0.0,136.572,144.1536,7.5816,587.328,0.235,0.235,0.24544,605.164,0.225,0.225,0.237528,
12/31/2009,902.721,902.721,-520.796,520.796,381.925,0.0,-215.017,190.678,,24.339,0.0,166.908,1.689,-6.139,0.0,-6.139,-6.82,,11.27,168.597,-24.593,144.004,0.0,0.0,0.0,144.004,0.0,144.004,0.0,0.0,144.004,151.3282,7.3242,591.204,0.245,0.245,0.255966,609.23,0.235,0.235,0.247022,
03/31/2010,959.72,959.72,-555.904,555.904,403.816,0.0,-220.799,194.993,,25.806,0.0,183.017,-4.265,-6.054,0.0,-6.054,10.46,,-0.141,178.752,-27.252,151.5,0.0,0.0,0.0,151.5,0.0,151.5,0.0,0.0,151.5,151.4896,-0.0104,595.77,0.255,0.255,0.254275,613.328,0.245,0.245,0.244983,
06/30/2010,1105.154,1105.154,-641.019,641.019,464.135,0.0,-258.22,234.547,,23.673,0.0,205.915,2.093,-6.547,0.0,-6.547,18.962,,-14.508,208.008,-35.833,172.175,0.0,0.0,0.0,172.175,0.0,172.175,0.0,0.0,172.175,172.1919,0.0169,599.778,0.285,0.285,0.287092,616.974,0.28,0.28,0.280027,
09/30/2010,1216.913,1216.913,-699.623,699.623,517.29,0.0,-288.991,262.632,,26.359,0.0,228.299,14.977,-7.053,0.0,-7.053,-22.284,,14.36,243.276,-39.577,203.699,0.0,0.0,0.0,203.699,0.0,203.699,0.0,0.0,203.699,203.44095,-0.25805,603.434,0.34,0.34,0.337139,619.238,0.33,0.33,0.329583,
12/31/2010,1310.602,1310.602,-758.023,758.023,552.579,0.0,-307.958,279.921,0.0,28.037,0.0,244.621,3.923,-6.139,0.0,-6.139,-2.263,,4.479,248.544,-42.378,206.166,0.0,0.0,0.0,206.166,0.0,206.166,0.0,0.0,206.166,206.86605,0.70005,607.262,0.34,0.34,0.340653,623.552,0.33,0.33,0.331122,
03/31/2011,1371.253,1371.253,-782.176,782.176,589.077,0.0,-323.712,296.33,,27.382,0.0,265.365,15.135,-8.937,0.0,-8.937,-10.196,,3.998,280.5,-72.173,208.327,0.0,0.0,0.0,208.327,0.0,208.327,0.0,0.0,208.327,208.10015,-0.22685,608.082,0.345,0.345,0.342224,623.606,0.335,0.335,0.334636,
06/30/2011,1485.242,1485.242,-860.871,860.871,624.371,0.0,-354.413,326.718,,27.695,0.0,269.958,7.647,-9.474,0.0,-9.474,-2.828,,4.655,277.605,-69.56,208.045,0.0,0.0,0.0,208.045,0.0,208.045,0.0,0.0,208.045,207.52955,-0.51545,607.978,0.34,0.34,0.341344,622.954,0.335,0.335,0.334172,
09/30/2011,1600.954,1600.954,-924.886,924.886,676.068,0.0,-383.066,353.161,,29.905,0.0,293.002,-5.038,-9.97,0.0,-9.97,32.534,,-17.526,287.964,-60.845,227.119,0.0,0.0,0.0,227.119,0.0,227.119,0.0,0.0,227.119,226.50085,-0.61815,605.446,0.375,0.375,0.374106,618.594,0.365,0.365,0.364001,
12/31/2011,1663.707,1663.707,-970.689,970.689,693.018,0.0,-384.875,352.456,,32.419,0.0,308.143,14.937,-10.868,0.0,-10.868,12.89,,-16.959,323.08,-82.953,240.127,0.0,0.0,0.0,240.127,0.0,240.127,0.0,0.0,240.127,239.9814,-0.1456,604.708,0.395,0.395,0.396855,617.654,0.39,0.39,0.389765,
03/31/2012,1711.349,1711.349,-984.52,984.52,726.829,0.0,-408.93,374.178,,34.752,0.0,317.899,4.378,-11.072,0.0,-11.072,-5.904,,12.598,322.277,-78.626,243.651,0.0,0.0,0.0,243.651,0.0,243.651,0.0,0.0,243.651,243.50475,-0.14625,606.856,0.4,0.4,0.401256,618.416,0.395,0.395,0.394763,
06/30/2012,1795.22,1795.22,-1030.889,1030.889,764.331,0.0,-432.373,396.771,,35.602,0.0,331.958,3.134,-9.984,0.0,-9.984,20.605,,-13.755,335.092,-83.16,251.932,0.0,0.0,0.0,251.932,0.0,251.932,0.0,0.0,251.932,251.65445,-0.27755,604.45,0.415,0.415,0.416336,614.652,0.41,0.41,0.409548,
09/30/2012,1891.688,1891.688,-1111.898,1111.898,779.79,0.0,-424.404,384.951,,39.453,0.0,355.386,8.997,-12.041,0.0,-12.041,-8.697,,11.741,364.383,-87.482,276.901,0.0,0.0,0.0,276.901,0.0,276.901,0.0,0.0,276.901,276.3355,-0.5655,598.116,0.465,0.465,0.46201,606.264,0.455,0.455,0.454067,
12/31/2012,1948.215,1948.215,-1150.934,1150.934,797.281,0.0,-441.028,401.746,,39.282,0.0,356.253,9.591,,,-11.417,5.741,,-3.915,365.844,-87.065,278.779,0.0,0.0,0.0,278.779,,278.779,0.0,0.0,278.779,278.4631,-0.3159,600.904,0.465,0.465,0.463407,607.554,0.46,0.46,0.45948,
03/31/2013,2020.738,2020.738,-1199.965,1199.965,820.773,0.0,-454.866,413.204,,41.662,0.0,365.907,11.276,-13.247,0.0,-13.247,1.425,,0.546,377.183,-92.974,284.209,0.0,0.0,0.0,284.209,0.0,284.209,0.0,0.0,284.209,288.33,4.121,603.708,0.47,0.47,0.477598,610.352,0.465,0.465,0.471752,
06/30/2013,2161.24,2161.24,-1272.013,1272.013,889.227,0.0,-462.424,420.526,,41.898,0.0,426.803,-6.406,-13.08,0.0,-13.08,19.074,,0.412,420.397,-119.987,300.41,0.0,0.0,0.0,300.41,0.0,300.41,0.0,0.0,300.41,303.9187,3.5087,603.34,0.5,0.5,0.503727,608.892,0.495,0.495,0.500762,
09/30/2013,2305.723,2305.723,-1382.336,1382.336,923.387,0.0,-486.028,443.376,,42.652,0.0,437.359,1.839,-10.696,0.0,-10.696,16.315,,-7.458,439.198,-119.571,319.627,0.0,0.0,0.0,319.627,0.0,319.627,0.0,0.0,319.627,322.85815,3.23115,603.264,0.53,0.53,0.535185,608.55,0.525,0.525,0.530309,
12/31/2013,2355.488,2355.488,-1411.155,1411.155,944.333,0.0,-496.492,450.503,,45.989,0.0,447.841,3.298,-11.873,0.0,-11.873,9.116,,-0.541,451.139,-126.807,324.332,0.0,0.0,0.0,324.332,0.0,324.332,0.0,0.0,324.332,333.3722,9.0402,605.746,0.535,0.535,0.55035,610.856,0.53,0.53,0.544799,
03/31/2014,2422.3,2422.3,-1432.4,1432.4,989.9,0.0,-529.9,485.4,,44.5,0.0,460.0,13.2,-13.5,0.0,-13.5,1.2,,-0.9,473.2,-124.3,348.9,0.0,0.0,0.0,348.9,0.0,348.9,0.0,0.0,348.9,353.83155,4.93155,607.7,0.57,0.57,0.582247,612.9,0.57,0.57,0.578046,
06/30/2014,2517.1,2517.1,-1499.5,1499.5,1017.6,0.0,-529.6,482.9,,46.7,0.0,488.0,13.8,-14.1,0.0,-14.1,0.8,,-0.5,501.8,-129.9,371.9,0.0,0.0,0.0,371.9,0.0,371.9,0.0,0.0,371.9,376.6229,4.7229,607.9,0.61,0.61,0.619547,612.2,0.61,0.61,0.617715,
09/30/2014,2581.0,2581.0,-1569.8,1569.8,1011.2,0.0,-553.7,506.0,,47.7,0.0,457.5,6.2,-16.9,0.3,-17.2,11.2,,-0.5,463.7,-108.1,355.6,0.0,0.0,0.0,355.6,0.0,355.6,0.0,0.0,355.6,364.92945,9.32945,608.1,0.58,0.58,0.600114,612.1,0.58,0.58,0.595242,
12/31/2014,2742.23,2742.23,-1639.384,1639.384,1102.846,0.0,-623.438,562.622,,60.816,0.0,479.408,5.858,-15.433,2.173,-17.606,7.185,,2.39,485.266,-122.409,362.857,0.0,0.0,0.0,362.857,0.0,362.857,0.0,0.0,362.857,374.53295,11.67595,608.822,0.6,0.6,0.615176,612.772,0.59,0.59,0.609054,
03/31/2015,2911.4,2911.4,-1727.2,1727.2,1184.2,0.0,-683.9,610.8,,73.1,0.0,500.3,10.3,-13.0,5.0,-18.0,2.2,,0.5,510.6,-127.7,382.9,0.0,0.0,0.0,382.9,0.0,382.9,0.0,0.0,382.9,402.66,19.76,609.6,0.63,0.63,0.660531,613.9,0.62,0.62,0.652188,
06/30/2015,3085.1,3085.1,-1844.8,1844.8,1240.3,0.0,-694.8,612.0,,82.8,0.0,545.5,3.3,-13.5,4.1,-17.6,10.4,,-0.2,548.8,-128.7,420.1,0.0,0.0,0.0,420.1,0.0,420.1,0.0,0.0,420.1,437.975,17.875,609.9,0.69,0.69,0.71811,613.9,0.68,0.68,0.709117,
09/30/2015,3187.0,3187.0,-1934.6,1934.6,1252.4,0.0,-709.6,627.1,,82.5,0.0,542.8,0.2,-16.4,4.3,-20.7,15.8,0.0,0.4,543.0,-145.8,397.2,0.0,0.0,0.0,397.2,0.0,397.2,0.0,0.0,397.2,415.235,18.035,608.8,0.65,0.65,0.682055,612.7,0.65,0.65,0.679435,
12/31/2015,3233.0,3233.0,-1933.0,1933.0,1300.0,0.0,-747.0,659.0,,88.0,0.0,553.0,8.0,-22.0,5.0,-27.0,14.0,0.0,0.0,561.0,-137.0,424.0,0.0,0.0,0.0,424.0,0.0,424.0,0.0,0.0,424.0,442.065,18.065,608.0,0.7,0.7,0.727081,613.0,0.69,0.69,0.71947,
03/31/2016,3202.0,3202.0,-1915.0,1915.0,1287.0,0.0,-733.0,646.0,,87.0,0.0,554.0,35.0,-26.0,5.0,-31.0,-9.0,0.0,0.0,589.0,-148.0,441.0,0.0,0.0,0.0,441.0,0.0,441.0,0.0,0.0,441.0,459.0,18.0,608.0,0.73,0.73,0.754934,612.0,0.72,0.72,0.749412,
06/30/2016,3370.0,3370.0,-2038.0,2038.0,1332.0,0.0,-741.0,654.0,,87.0,0.0,591.0,4.0,-23.0,5.0,-28.0,20.0,0.0,-1.0,595.0,-343.0,252.0,0.0,0.0,0.0,252.0,0.0,252.0,0.0,0.0,252.0,465.55,213.55,606.0,0.42,0.42,0.768234,609.0,0.41,0.41,0.760657,
09/30/2016,3453.0,3453.0,-2077.0,2077.0,1376.0,0.0,-793.0,701.0,,92.0,0.0,583.0,30.0,-22.0,5.0,-27.0,-7.0,1.0,-1.0,613.0,-170.0,444.0,0.0,0.0,0.0,444.0,0.0,444.0,0.0,0.0,444.0,459.85,15.85,606.0,0.73,0.73,0.758828,609.0,0.73,0.73,0.756026,
12/31/2016,3462.0,3462.0,-2078.0,2078.0,1384.0,0.0,-823.0,730.0,,93.0,0.0,561.0,-1.0,-25.0,4.0,-29.0,26.0,0.0,0.0,560.0,-144.0,416.0,0.0,0.0,0.0,416.0,0.0,416.0,0.0,0.0,416.0,464.26,48.26,607.0,0.69,0.69,0.764843,609.0,0.68,0.68,0.759245,
03/31/2017,3546.0,3546.0,-2194.0,2194.0,1352.0,0.0,-782.0,686.0,,96.0,0.0,570.0,79.0,-26.0,6.0,-32.0,-52.0,0.0,-1.0,649.0,-92.0,557.0,0.0,0.0,0.0,557.0,0.0,557.0,0.0,0.0,557.0,531.0,-26.0,605.0,0.92,0.92,0.877686,607.0,0.92,0.92,0.877166,
06/30/2017,3670.0,3670.0,-2261.0,2261.0,1409.0,0.0,-803.0,709.0,,94.0,0.0,606.0,29.0,-25.0,6.0,-31.0,-5.0,0.0,1.0,635.0,-165.0,470.0,0.0,0.0,0.0,470.0,0.0,470.0,0.0,0.0,470.0,518.0,48.0,589.0,0.8,0.8,0.879457,591.0,0.8,0.8,0.879457,
09/30/2017,3766.0,3766.0,-2337.0,2337.0,1429.0,0.0,-781.0,674.0,,107.0,0.0,648.0,10.0,-28.0,6.0,-34.0,16.0,1.0,2.0,658.0,-164.0,495.0,0.0,0.0,0.0,495.0,0.0,495.0,0.0,0.0,495.0,533.95,38.95,590.0,0.84,0.84,0.905,592.0,0.84,0.84,0.905,
12/31/2017,3828.0,3828.0,-2360.0,2360.0,1468.0,0.0,-811.0,700.0,,111.0,0.0,657.0,56.0,-31.0,5.0,-36.0,-26.0,1.0,1.0,713.0,-732.0,-18.0,0.0,0.0,0.0,-18.0,0.0,-18.0,0.0,0.0,-18.0,646.05,664.05,589.0,-0.03,-0.03,1.096859,589.0,-0.03,-0.03,1.096859,
03/31/2018,3912.0,3912.0,-2401.0,2401.0,1511.0,0.0,-818.0,711.0,,107.0,0.0,693.0,4.0,-35.0,6.0,-41.0,31.0,0.0,0.0,697.0,-177.0,520.0,0.0,0.0,0.0,520.0,0.0,520.0,0.0,0.0,520.0,552.21,32.21,587.0,0.89,0.89,0.940733,589.0,0.88,0.88,0.934686,
06/30/2018,4006.0,4006.0,-2417.0,2417.0,1589.0,0.0,-919.0,805.0,,114.0,0.0,670.0,-47.0,-33.0,7.0,-40.0,80.0,1.0,0.0,623.0,-168.0,456.0,0.0,0.0,0.0,456.0,0.0,456.0,0.0,0.0,456.0,528.79,72.79,585.0,0.78,0.78,0.903915,586.0,0.78,0.78,0.903915,
09/30/2018,4078.0,4078.0,-2480.0,2480.0,1598.0,0.0,-853.0,734.0,,119.0,0.0,745.0,-83.0,-41.0,6.0,-47.0,122.0,0.0,2.0,662.0,-185.0,477.0,0.0,0.0,0.0,477.0,0.0,477.0,0.0,0.0,477.0,513.21,36.21,579.0,0.82,0.82,0.886373,580.0,0.82,0.82,0.882431,
12/31/2018,4129.0,4129.0,-2540.0,2540.0,1589.0,0.0,-896.0,769.0,,120.0,7.0,693.0,122.0,-41.0,8.0,-49.0,-81.0,1.0,0.0,815.0,-168.0,648.0,0.0,0.0,0.0,648.0,0.0,648.0,0.0,0.0,648.0,653.79,5.79,578.0,1.12,1.12,1.131125,579.0,1.12,1.12,1.13,
03/31/2019,4110.0,4110.0,-2575.0,2575.0,1535.0,0.0,-996.0,871.0,,123.0,2.0,539.0,44.0,-41.0,7.0,-48.0,-2.0,0.0,-1.0,583.0,-142.0,441.0,0.0,0.0,0.0,441.0,0.0,441.0,0.0,0.0,441.0,528.58,87.58,573.0,0.77,0.77,0.922478,575.0,0.77,0.77,0.922313,
06/30/2019,4141.0,4141.0,-2629.0,2629.0,1512.0,0.0,-893.0,768.0,,125.0,0.0,619.0,57.0,-39.0,6.0,-45.0,-16.0,0.0,-2.0,676.0,-167.0,509.0,0.0,0.0,0.0,509.0,0.0,509.0,0.0,0.0,509.0,544.21,35.21,564.0,0.9,0.9,0.964911,564.0,0.9,0.9,0.962429,
09/30/2019,4248.0,4248.0,-2681.0,2681.0,1567.0,0.0,-898.0,771.0,,127.0,0.0,669.0,-11.0,-36.0,7.0,-43.0,47.0,-1.0,0.0,658.0,-160.0,497.0,0.0,0.0,0.0,497.0,0.0,497.0,0.0,0.0,497.0,545.0,48.0,551.0,0.9,0.9,0.989111,551.0,0.9,0.9,0.987114,
12/31/2019,4284.0,4284.0,-2749.0,2749.0,1535.0,0.0,-909.0,676.0,,132.0,101.0,626.0,0.0,-34.0,6.0,-40.0,36.0,-57.0,-2.0,626.0,-174.0,395.0,0.0,0.0,0.0,395.0,0.0,395.0,0.0,0.0,395.0,491.0,96.0,548.0,0.72,0.72,0.895985,548.0,0.72,0.72,0.895182,
03/31/2020,4225.0,4225.0,-2747.0,2747.0,1478.0,0.0,-899.0,711.0,,133.0,55.0,579.0,-69.0,-35.0,6.0,-41.0,102.0,-1.0,2.0,510.0,-142.0,367.0,0.0,0.0,0.0,367.0,0.0,367.0,0.0,0.0,367.0,408.0,41.0,546.0,0.67,0.67,0.747253,546.0,0.67,0.67,0.745092,
06/30/2020,4000.0,4000.0,-2615.0,2615.0,1385.0,0.0,-918.0,711.0,,136.0,71.0,467.0,28.0,-28.0,9.0,-37.0,2.0,0.0,-2.0,495.0,-134.0,361.0,0.0,0.0,0.0,361.0,0.0,361.0,0.0,0.0,361.0,413.0,52.0,541.0,0.67,0.67,0.763401,541.0,0.67,0.67,0.763401,
09/30/2020,4136.818,,,,1488.96490274,,,,,,,591.857,,,,,,,,662.667,,456.688,,,,,,456.688,,,456.688,488.077,,,0.844,0.844,0.887,,0.844,0.844,0.887,
12/31/2020,4165.091,,,,1491.47743619,,,,,,,589.571,,,,,,,,639.833,,461.75,,,,,,461.75,,,461.75,471.462,,,0.85,0.85,0.885,,0.85,0.85,0.885,
