Date,Revenue,Sales & Services Revenue,Other Revenue,Cost of Revenue,Cost of Goods & Services,Gross Profit,Other Operating Income,Operating Expenses,"Selling, General & Admin",Depreciation & Amortization,Other Operating Expense,Operating Income (Loss),Non-Operating (Income) Loss,"Interest Expense, Net",Interest Expense,Interest Income,Foreign Exch (Gain) Loss,Other Non-Op (Income) Loss,Pretax Income,Income Tax Expense (Benefit),Income (Loss) from Cont Ops,Net Extraordinary Losses (Gains),Discontinued Operations,XO & Accounting Changes,Income (Loss) Incl. MI,Minority Interest,"Net Income, GAAP",Preferred Dividends,Other Adjustments,"Net Income Avail to Common, GAAP","Net Income Avail to Common, Adj",Net Abnormal Losses (Gains),Basic Weighted Avg Shares,"Basic EPS, GAAP",Basic EPS from Cont Ops,"Basic EPS from Cont Ops, Adjusted",Diluted Weighted Avg Shares,"Diluted EPS, GAAP",Diluted EPS from Cont Ops,"Diluted EPS from Cont Ops, Adjusted",Source: Bloomberg
03/31/1995,209.651993,,,-164.873001,,44.778992,,-28.525999,,,,16.253,0.438,,1.117,,0.0,-1.555,16.691,-6.821,9.87,0.0,,,9.87,0.0,9.87,0.0,,9.87,9.87,,72.904501,0.133333,0.133333,,72.904501,0.133333,0.133333,0.133333,
06/30/1995,208.867996,,,-170.348007,,38.519989,,-31.506001,,,,7.014,-1.798,,1.29,,0.0,0.508,5.216,-3.054,2.162,0.0,,,2.162,0.015,2.177,0.0,,2.177,2.177,,72.353253,0.031111,0.031111,,72.353253,0.031111,0.031111,0.031111,
09/30/1995,210.761993,,,-177.981003,,32.780991,,-31.663,,,,1.118,1.428,,1.188,,0.0,-2.616,2.546,-1.081,1.465,0.0,,,1.465,0.029,1.494,0.0,,1.494,1.494,,71.891999,0.022222,0.022222,,71.891999,0.022222,0.022222,0.022222,
12/31/1995,222.733002,,,-200.024002,,22.709,,-46.118999,,,,-23.41,0.506,,1.286,,0.0,-1.792,-22.904,9.426,-13.478,0.0,,,-13.478,-0.045,-13.523,0.0,,-13.523,-13.523,,72.936,-0.186667,-0.186667,-0.186667,72.936,-0.186667,-0.186667,-0.186667,
03/31/1996,236.936996,,,-199.300995,,37.636002,,-40.408001,,,,-2.772,1.174,,1.1,,0.0,-2.274,-1.598,0.63,-0.968,0.0,,,-0.968,0.0,-0.968,0.0,,-0.968,-0.968,,73.9215,-0.013333,-0.013333,0.031111,73.9215,-0.013333,-0.013333,0.031111,
06/30/1996,257.737,,,-223.343002,,34.393997,,-39.737999,,,,-5.344,-8.921,,1.788,,0.0,7.133,-14.265,5.715,-8.55,0.0,,,-8.55,0.022,-8.528,0.0,,-8.528,-8.528,,74.342251,-0.115556,-0.115556,-0.013333,74.342251,-0.115556,-0.115556,-0.013333,
09/30/1996,272.903015,,,-232.677994,,40.225021,,-40.082001,,,,0.143,0.274,,2.129,,0.0,-2.403,0.417,-0.167,0.25,0.0,,,0.25,0.098,0.348,0.0,,0.348,0.348,,74.29725,0.004444,0.004444,0.004444,74.29725,0.004444,0.004444,0.004444,
12/31/1996,289.552002,,,-275.416992,,14.13501,,-87.714996,,,,-73.580002,4.802,,1.24,,0.0,-6.042,-68.778002,16.681999,-52.096001,0.0,,,-52.096003,-0.043,-52.139,0.0,,-52.139,-52.139,,74.303995,-0.702222,-0.702222,-0.217778,74.303995,-0.702222,-0.702222,-0.217778,
03/31/1997,299.345001,,,-264.276001,,35.069,,-43.636002,,,,-8.567,7.181,,1.841,,0.0,-9.022,-1.386,0.554,-0.832,0.0,,,-0.832,-0.019,-0.851,0.0,,-0.851,-0.851,,74.277002,-0.013333,-0.013333,-0.057778,74.277002,-0.013333,-0.013333,-0.057778,
06/30/1997,301.080994,,,-253.535995,,47.544998,,-46.070999,,,,1.474,9.505,,2.536,,0.0,-12.041,10.979,-4.391,6.588,0.0,,,6.588001,0.002,6.59,0.0,,6.59,6.59,,75.127499,0.088889,0.088889,0.008889,79.787247,0.084444,0.084444,0.008889,
09/30/1997,306.694,,,-254.550995,,52.143005,,-46.167,,,,5.976,-1.542,,2.832,,0.0,-1.29,4.434,-1.774,2.66,0.0,,,2.66,-0.002,2.658,0.0,,2.658,2.658,,74.668502,0.035556,0.035556,0.04,87.641999,0.035556,0.035556,0.04,
12/31/1997,321.230988,,,-267.497009,,53.733979,,-46.877998,,,,6.856,-0.539,,3.066,,0.0,-2.527,6.317,-2.811,3.506,0.0,,,3.506,0.0,3.506,0.0,,3.506,3.506,,74.56275,0.048889,0.048889,0.048889,74.56275,0.044444,0.044444,0.044444,
03/31/1998,330.209015,,,-275.313995,,54.89502,,-47.716999,,,,7.178,0.8,,1.833,,0.0,-2.633,7.978,-3.271,4.707,0.0,,,4.707,0.0,4.707,0.0,,4.707,4.707,,75.032999,0.062222,0.062222,0.062222,86.942247,0.057778,0.057778,0.057778,
06/30/1998,583.804016,,,-480.984985,,102.819031,,-91.277,,,,11.542,-56.276001,,1.987,,0.0,54.289001,-44.734002,16.978001,-27.756001,0.0,,,-27.756001,0.0,-27.756001,0.0,,-27.756001,-27.756001,,131.831998,-0.208889,-0.208889,0.084444,145.721249,-0.208889,-0.208889,0.075556,
09/30/1998,593.278015,,,-505.518005,,87.76001,,-85.581001,,,,2.179,5.809,,2.58,,0.0,-8.389,7.988,-2.92,5.068,0.0,,,5.068,0.0,5.068,0.0,,5.068,5.068,,132.26625,0.04,0.04,0.04,132.522746,0.04,0.04,0.04,
12/31/1998,603.09198,,,-505.557007,,97.534973,,-93.137001,,,,4.398,6.86,,2.166,,0.0,-9.026,11.258,-5.018,6.24,0.0,,,6.24,0.0,6.24,0.0,,6.24,6.24,,132.37425,0.048889,0.048889,0.04,133.440748,0.048889,0.048889,0.04,
03/31/1999,527.848022,,,-433.640991,,94.207031,,-85.524002,,,,8.683,6.008,1.007,1.007,,0.0,-7.015,14.691,-6.398,8.293,0.0,,,8.293,0.0,8.293,0.0,,8.293,8.293,,132.414754,0.062222,0.062222,0.062222,144.188999,0.062222,0.062222,0.062222,
06/30/1999,531.830994,,,-439.48999,,92.341003,,-82.714996,,,,9.626,6.788,0.692,0.692,,0.0,-7.48,16.414,-7.257,9.157,0.0,,,9.157,0.0,9.157,0.0,,9.157,9.157,,132.641999,0.071111,0.071111,0.071111,144.679504,0.066667,0.066667,0.066667,
09/30/1999,529.889,,,-437.674,,92.215,,-80.824,,,,11.391,7.805,,,,,-7.805,19.196,-8.226,10.97,,,,10.97,,10.97,,,10.97,10.97,,132.9795,0.084444,0.084444,0.084444,144.74025,0.075556,0.075556,0.075556,
12/31/1999,572.804016,,,-481.846985,,90.957031,,-77.064003,,,,13.893,11.806,,0.029,,0.0,-11.835,25.699,-10.684,15.015,0.0,,,15.015,0.0,15.015,0.0,,15.015,15.015,,133.155001,0.111111,0.111111,0.093333,143.756996,0.106667,0.106667,0.084444,
03/31/2000,617.409973,,,-517.971985,,99.437988,,-88.288002,,,,11.15,8.936,0.061,0.061,,0.0,-8.997,20.085999,-8.405,11.742,0.0,,,11.681,0.0,11.742,0.0,0.0,11.742,11.742,,132.412497,0.088889,0.088889,0.088889,143.581498,0.08,0.08,0.08,
06/30/2000,621.19397,,,-522.255005,,98.938965,,-86.167,,,,12.772,9.339,,0.0,,0.0,-9.339,22.111,-8.857,13.254,0.0,,,13.254,0.0,13.254,0.0,0.0,13.254,13.254,,131.834247,0.102222,0.102222,0.102222,144.445496,0.093333,0.093333,0.093333,
09/30/2000,647.617004,,,-544.018982,,103.598022,,-88.670998,,,,14.927,10.742,,0.0,,0.0,-10.742,25.669,-10.263,15.406,0.0,,,15.406,0.0,15.406,0.0,0.0,15.406,15.406,,133.251749,0.115556,0.115556,0.115556,150.111008,0.102222,0.102222,0.102222,
12/31/2000,718.689026,,,-608.653015,,110.036011,,-94.799004,,,,15.237,18.903999,,0.0,,0.0,-18.903999,34.141,-13.203,20.938,0.0,,,20.938,0.0,20.938,0.0,,20.938,20.938,,138.161247,0.151111,0.151111,0.12,153.661497,0.137778,0.137778,0.106667,
03/31/2001,751.411011,,,-634.809021,,116.60199,,-97.736,,,,18.865999,11.369,,0.0,,0.0,-11.369,30.235,-11.644,18.591,-0.878,,,19.469,0.0,19.469,0.0,0.0,19.469,19.469,,146.517757,0.133333,0.128889,0.128889,152.792994,0.128889,0.12,0.12,
06/30/2001,786.698975,,,-663.736023,,122.962952,,-101.944,,,,21.018999,11.916,,0.0,,0.0,-11.916,32.934999,-12.517,20.417999,0.0,,,20.417999,0.0,20.417999,0.0,0.0,20.417999,20.417999,,145.725746,0.142222,0.142222,0.142222,151.629747,0.133333,0.133333,0.133333,
09/30/2001,794.682007,,,-668.843994,,125.838013,,-101.622002,,,,24.216,10.703,,0.0,,0.0,-10.703,34.919,-13.269,21.65,0.0,,,21.65,0.0,21.65,0.0,0.0,21.65,21.65,,146.180254,0.146667,0.146667,0.146667,153.193497,0.142222,0.142222,0.142222,
12/31/2001,814.453003,,,-683.604004,,130.848999,,-103.842003,,,,27.007,9.586,,0.0,,0.0,-9.586,36.593,-13.723,22.870001,0.0,,,22.870001,0.0,22.870001,0.0,0.0,22.870001,22.870001,,146.488506,0.155556,0.155556,0.155556,153.256496,0.151111,0.151111,0.151111,
03/31/2002,848.549011,,,-702.768982,,145.780029,,-109.287003,,,,36.493,7.598,2.445,2.445,,0.0,-10.043,44.091,-15.652,28.438999,0.0,,,28.439,0.0,28.438999,0.0,0.0,28.438999,28.438999,,136.502998,0.208889,0.208889,0.208889,142.32825,0.2,0.2,0.2,
06/30/2002,890.112976,,,-725.25,,164.862976,,-113.426003,,,,51.437,5.309,3.667,3.667,,0.0,-8.976,56.746,-20.145,36.601002,0.0,,,36.601,0.0,36.601002,0.0,0.0,36.601002,36.601002,,132.525003,0.275556,0.275556,0.275556,137.25,0.266667,0.266667,0.266667,
09/30/2002,891.953003,,,-721.984985,,169.968018,,-113.985001,,,,55.983002,6.319,3.667,3.667,,0.0,-9.986,62.302002,-22.117001,40.185001,0.0,,,40.185001,0.0,40.185001,0.0,0.0,40.185001,40.185001,,132.704999,0.302222,0.302222,0.302222,136.665004,0.293333,0.293333,0.293333,
12/31/2002,946.289001,,,-769.494019,,176.794982,,-120.037003,,,,56.757999,5.845,,3.667,,0.0,-9.512,62.602999,-22.224001,40.379002,0.0,,,40.378998,0.0,40.379002,0.0,0.0,40.379002,40.379002,,131.14125,0.306667,0.306667,0.306667,135.01575,0.297778,0.297778,0.297778,
03/31/2003,1065.417969,,,-861.27002,,204.147949,,-134.694,,,,69.454002,6.710999,3.677,3.677,,0.0,-10.388,76.165002,-26.658001,49.507,0.0,,,49.507001,0.0,49.507,0.0,0.0,49.507,49.507,,130.450501,0.377778,0.377778,0.377778,134.205749,0.368889,0.368889,0.368889,
06/30/2003,1096.43103,,,-870.005005,,226.426025,,-135.171005,,,,91.254997,7.849,3.667,3.667,,0.0,-11.516,99.103997,-35.676998,63.426998,0.0,,,63.426999,0.0,63.426998,0.0,0.0,63.426998,63.426998,,131.845499,0.48,0.48,0.48,135.915753,0.466667,0.466667,0.466667,
09/30/2003,1149.989014,,,-906.755981,,243.233032,,-141.139008,,,,102.094002,5.085001,4.126,4.126,,0.0,-9.211,107.179002,-39.655998,67.523003,0.0,,,67.523004,0.0,67.523003,0.0,0.0,67.523003,67.523003,,132.891749,0.506667,0.506667,0.506667,136.844999,0.493333,0.493333,0.493333,
12/31/2003,1223.30603,,,-969.257996,,254.048034,,-150.654999,,,,103.392998,7.222,,3.581,,0.0,-10.803,110.614998,-40.928001,69.686996,0.0,,,69.686997,0.0,69.688004,0.0,0.0,69.688004,69.688004,,133.418252,0.52,0.52,0.52,137.551498,0.506667,0.506667,0.506667,
03/31/2004,1287.969971,,,-1023.73999,,264.22998,,-153.518997,,,,110.709999,7.269,3.572,3.572,,0.0,-10.841,117.978999,-43.652,74.327003,0.0,,,74.326998,0.0,74.327003,0.0,0.0,74.327003,74.327003,,131.879997,0.566667,0.566667,0.566667,135.933002,0.546667,0.546667,0.546667,
06/30/2004,1310.01001,,,-1029.810059,,280.199951,,-156.813004,,,,123.387001,7.356,3.574,3.574,,0.0,-10.93,130.743001,-46.741001,84.001999,0.0,,,84.002,0.0,84.001999,0.0,0.0,84.001999,84.001999,,131.392502,0.64,0.64,0.64,135.450005,0.62,0.62,0.62,
09/30/2004,1329.816,,,-1043.317,,286.499,,-158.293,,,,128.206,7.237,,0.0,,0.0,-7.237,135.443,-48.421,87.022,0.0,,,87.022,0.0,87.022,0.0,0.0,87.022,87.022,,132.516,0.66,0.66,0.66,135.9795,0.64,0.64,0.64,
12/31/2004,1384.169,,,-1089.025,,295.144,,-160.778,,,,134.368,8.458,,3.583,,0.0,-12.041,142.826,-51.06,91.766,0.0,,,91.766,0.0,91.766,0.0,0.0,91.766,91.766,,132.96,0.693333,0.693333,0.693333,136.155,0.673333,0.673333,0.673333,
03/31/2005,1565.199951,,,-1119.149048,,446.050903,,-267.576996,,,,178.473999,1.049,12.908,12.908,,,-13.957,179.522999,-66.872002,112.651001,,,,112.650997,,112.651001,,,112.651001,112.651001,,151.129498,0.746667,0.746667,0.746667,154.946995,0.726667,0.726667,0.726667,
06/30/2005,1652.957031,,,-1128.682007,,524.275024,,-316.817993,,,,207.457001,-1.089001,19.673,19.673,,,-18.584,206.368,-76.872002,129.496002,,,,129.495998,,129.496002,,,129.496002,129.496002,,159.421497,0.813333,0.813333,0.813333,163.315498,0.793333,0.793333,0.793333,
09/30/2005,1674.189,,,-1136.751,,537.438,,-327.415,,,,210.023,2.033,13.088,13.088,,,-15.121,212.056,-78.991,133.065,,,,133.065,,133.065,,,133.065,133.065,,160.373001,0.83,0.83,0.83,163.887,0.81,0.81,0.81,
12/31/2005,1718.9,,,-1166.289,,552.611,,-356.747,,,,195.864,5.614,-47.055,12.745,,0.0,41.441,201.478,-75.051,126.427,0.0,,,126.427,0.0,126.427,0.0,0.0,126.427,126.427,,160.803,0.79,0.79,0.79,164.628,0.77,0.77,0.77,
03/31/2006,1938.717,,,-1401.054,,537.663,,-354.944,328.228,,26.716,182.719,10.079,-7.894,12.906,-20.8,0.0,-2.185,192.798,-71.817,120.981,0.0,,,120.981,0.0,120.981,0.0,0.0,120.981,120.981,,160.029,0.76,0.76,0.76,163.344,0.74,0.74,0.74,
06/30/2006,1944.909,,,-1376.396,,568.513,,-361.925,333.29,,28.635,206.588,10.834,-9.752,13.248,-23.0,,-1.082,217.422,-81.968,135.454,,,,135.454,,135.454,0.0,,135.454,135.454,,158.383,0.86,0.86,0.86,161.342,0.84,0.84,0.84,
09/30/2006,1909.136,,,-1333.846,,575.29,,-351.009,322.649,,28.36,224.281,14.42,-13.044,13.156,-26.2,0.0,-1.376,238.701,-91.184,147.517,0.0,,,147.517,0.0,147.517,0.0,0.0,147.517,147.517,,157.891,0.93,0.93,0.93,160.436,0.92,0.92,0.92,
12/31/2006,1940.994,,,-1328.668,,612.326,,-384.912,355.356,,29.556,227.414,20.014,-18.375,13.125,-31.5,0.0,-1.639,247.428,-91.334,156.094,0.0,,,156.094,0.0,156.094,0.0,0.0,156.094,156.094,,158.129,0.99,0.99,0.99,160.513,0.97,0.97,0.97,
03/31/2007,2236.497,,,-1656.54,,579.957,,-399.794,369.495,,30.299,180.163,12.629,-11.6,21.2,-32.8,0.0,-1.029,192.792,-71.051,121.741,0.0,,,121.741,0.0,121.741,0.0,0.0,121.741,121.741,,157.028,0.78,0.78,0.82,159.646,0.76,0.76,0.8,
06/30/2007,2332.492,,,-1633.046,,699.446,,-476.493,442.835,,33.658,222.953,19.13,-17.36,15.64,-33.0,0.0,-1.77,242.083,-90.781,151.302,0.0,,,151.302,0.0,151.302,0.0,0.0,151.302,151.302,,155.095,0.98,0.98,0.98,157.841,0.96,0.96,0.96,
09/30/2007,2522.648,,,-1769.818,,752.83,,-506.962,470.894,,36.068,245.868,19.112,-17.718,19.182,-36.9,0.0,-1.394,264.98,-96.264,168.716,0.0,,,168.716,0.0,168.716,0.0,0.0,168.716,168.716,,153.825,1.1,1.1,1.1,156.031,1.08,1.08,1.08,
12/31/2007,2787.894,,,-1954.934,,832.96,,-549.312,506.768,,42.544,283.648,11.366,-9.805,26.195,-36.0,0.0,-1.561,295.014,-110.679,184.335,0.0,,,184.335,0.0,184.335,0.0,0.0,184.335,184.335,,153.637,1.2,1.2,1.2,155.961,1.18,1.18,1.18,
03/31/2008,2940.608,,,-2199.069,,741.539,,-547.216,,,,194.323,6.527,-4.96,24.74,-29.7,0.0,-1.567,200.85,-75.821,125.029,0.0,,,125.029,0.0,125.029,0.0,0.0,125.029,125.029,,152.166,0.82,0.82,0.82,154.245,0.81,0.81,0.81,
06/30/2008,2977.904,,,-2316.225,,661.679,,-535.359,,,,126.32,7.795,-1.618,23.282,-24.9,0.0,-6.177,134.115,-50.964,83.151,0.0,,,83.151,0.0,83.151,0.0,0.0,83.151,83.151,,149.988,0.55,0.55,0.55,151.68,0.55,0.55,0.55,
09/30/2008,2925.721,,,-2254.694,,671.027,0.0,-514.59,478.973,,35.617,156.437,-32.427,-0.677,22.523,-23.2,0.0,33.104,124.01,-45.032,78.978,-6.496,,,85.474,0.0,85.474,,0.0,85.474,85.474,,146.652,0.58,0.54,0.7,147.802,0.58,0.53,0.69,
12/31/2008,2976.742,,,-2294.191,,682.551,0.0,-563.956,529.658,,34.298,118.595,4.586,-0.96,25.84,-26.8,0.0,-3.626,123.181,-41.835,81.346,-6.895,,,88.241,0.0,88.241,,0.0,88.241,88.241,,146.813,0.6,0.55,0.55,147.159,0.6,0.55,0.55,
03/31/2009,3532.895,292.083,3240.812,-2890.873,2890.873,642.022,0.0,-578.697,544.02,34.677,0.0,63.325,-2.264,3.731,22.131,-18.4,,-1.467,61.061,-22.953,38.108,-6.06,-6.06,0.0,44.168,0.0,44.168,0.0,0.0,44.168,36.483,-1.625,146.847,0.3,0.26,0.248442,147.303,0.3,0.26,0.248442,
06/30/2009,3498.374,296.455,3201.919,-2824.994,2824.994,673.38,0.0,-570.921,535.949,34.972,0.0,102.459,10.12,4.975,21.775,-16.8,,-15.095,112.579,-44.871,67.708,49.283,49.283,0.0,18.425,0.0,18.425,0.0,0.0,18.425,59.2385,-8.4695,146.955,0.13,0.46,0.403106,147.616,0.12,0.46,0.402625,
09/30/2009,3444.11,290.968,3153.142,-2723.515,2723.515,720.595,0.0,-567.833,527.173,40.66,0.0,152.762,-2.685,5.997,20.697,-14.7,,-3.312,150.077,-49.638,100.439,29.81,29.81,0.0,70.629,0.0,70.629,0.0,0.0,70.629,125.16235,24.72335,147.062,0.48,0.68,0.851086,147.784,0.48,0.68,0.847294,
12/31/2009,3428.147,306.62,3121.527,-2660.839,2660.839,767.308,0.0,-583.902,544.656,39.246,0.0,183.406,-2.568,4.572,20.272,-15.7,,-2.004,180.838,-71.758,109.08,0.0,0.0,0.0,109.08,0.0,109.08,0.0,0.0,109.08,170.8092,61.7292,145.751,0.75,0.75,1.171925,146.885,0.74,0.74,1.160255,
03/31/2010,2858.978,288.403,2570.575,-2173.488,2173.488,685.49,0.0,-530.424,494.905,35.519,0.0,155.066,0.157,2.83,20.13,-17.3,,-2.987,155.223,-57.898,97.325,0.0,0.0,0.0,97.325,0.0,97.325,0.0,0.0,97.325,118.72277,21.39777,145.782,0.67,0.67,0.814386,147.281,0.66,0.66,0.805285,
06/30/2010,2868.141,297.633,2570.508,-2096.672,2096.672,771.469,0.0,-766.239,454.254,33.985,278.0,5.23,-1.988,2.095,20.195,-18.1,,-0.107,3.242,-2.221,1.021,0.0,0.0,0.0,1.021,0.0,1.021,0.0,0.0,1.021,147.151,146.13,145.943,0.01,0.01,1.008277,147.3,0.01,0.01,1.002057,
09/30/2010,2835.781,292.601,2543.18,-2027.654,2027.654,808.127,0.0,-516.184,481.345,34.839,0.0,291.943,0.279,2.288,20.388,-18.1,,-2.567,292.222,-102.277,189.945,0.0,0.0,0.0,189.945,0.0,189.945,0.0,0.0,189.945,369.49162,179.54662,146.167,1.3,1.3,2.527873,147.294,1.29,1.29,2.508968,
12/31/2010,3025.016,294.639,2730.377,-2220.185,2220.185,804.831,0.0,-567.785,531.442,36.343,0.0,237.046,-1.2,2.405,19.705,-17.3,,-1.205,235.846,-85.52,150.326,0.0,0.0,0.0,150.326,,150.326,0.0,0.0,150.326,142.1895,-8.1365,146.775,1.02,1.02,0.968758,148.43,1.01,1.01,0.955183,
03/31/2011,3048.938,293.602,2755.336,-2343.059,2343.059,705.879,0.0,-534.406,498.59,35.816,0.0,171.473,-0.569,3.038,20.038,-17.0,,-2.469,170.904,-60.671,110.233,0.0,0.0,0.0,110.233,0.0,110.233,0.0,-1.627,108.606,95.712,-12.894,147.219,0.74,0.74,0.650133,148.175,0.73,0.73,0.642981,
06/30/2011,3033.046,295.452,2737.594,-2318.987,2318.987,714.059,0.0,-358.958,484.879,33.379,-159.3,355.101,1.24,3.579,22.579,-19.0,,-4.819,356.341,-131.846,224.495,0.0,0.0,0.0,224.495,0.0,224.495,0.0,-3.08,221.415,113.83117,-107.58383,146.342,1.51,1.51,0.777843,147.773,1.5,1.5,0.771966,
09/30/2011,2975.543,295.499,2680.044,-2257.079,2257.079,718.464,0.0,-525.851,492.855,32.996,0.0,192.613,-5.314,11.827,28.227,-16.4,,-6.513,187.299,-64.618,122.681,0.0,0.0,0.0,122.681,,122.681,0.0,-1.875,120.806,113.86442,-6.94158,144.415,0.84,0.84,0.788453,145.579,0.83,0.83,0.782317,
12/31/2011,3129.156,287.18,2841.976,-2405.822,2405.822,723.334,0.0,-574.391,539.717,34.674,0.0,148.943,-5.386,11.219,28.219,-17.0,,-5.833,143.557,-57.861,85.696,0.0,0.0,0.0,85.696,,85.696,0.0,0.0,85.696,79.54026,-6.15574,141.196,0.6,0.6,0.563332,142.037,0.6,0.6,0.556661,
03/31/2012,3691.967,305.699,3386.268,-2876.3,2876.3,815.667,0.0,-539.191,502.888,36.303,0.0,276.476,-1.123,7.157,25.557,-18.4,,-6.034,275.353,-104.634,170.719,0.0,0.0,0.0,170.719,0.0,170.719,0.0,-2.472,168.247,84.15514,-84.09186,139.323,1.21,1.21,0.604029,140.167,1.2,1.2,0.60006,
06/30/2012,3517.796,308.134,3209.662,-2824.298,2824.298,693.498,0.0,-548.295,504.575,43.72,0.0,145.203,5.815,6.617,24.617,-18.0,,-12.432,151.018,-59.275,91.743,0.0,0.0,0.0,91.743,0.0,91.743,0.0,-1.139,90.604,92.84362,2.23962,139.015,0.65,0.65,0.667868,139.654,0.65,0.65,0.666037,
09/30/2012,3457.783,289.13,3168.653,-2740.965,2740.965,716.818,0.0,-557.34,521.022,36.318,0.0,159.478,7.6,7.571,24.671,-17.1,,-15.171,167.078,-61.819,105.259,0.0,0.0,0.0,105.259,0.0,105.259,0.0,-1.03,104.229,95.779,-8.45,132.567,0.79,0.79,0.722495,133.251,0.78,0.78,0.716586,
12/31/2012,3445.817,284.025,3161.792,-2679.014,2679.014,766.803,0.0,-588.269,551.752,36.517,0.0,178.534,12.552,7.022,24.622,-17.6,,-19.574,191.086,-71.745,119.341,0.0,0.0,0.0,119.341,0.0,119.341,0.0,0.0,119.341,111.281,-8.06,133.329,0.89,0.89,0.834635,134.109,0.88,0.88,0.8199,
03/31/2013,3520.235,283.572,3236.663,-2746.136,2746.136,774.099,0.0,-557.931,520.3,37.631,0.0,216.168,5.748,8.082,24.582,-16.5,,-13.83,221.916,-86.547,135.369,0.0,0.0,0.0,135.369,0.0,135.369,0.0,-1.155,134.214,183.289,49.075,133.464,1.01,1.01,1.373322,134.3,1.0,1.0,1.365413,
06/30/2013,3582.5,,,,,,,,,,,157.5,,,,,,,176.286,,109.717,,,,,,109.717,,,109.717,109.288,,,0.832,0.832,0.816,,0.832,0.832,0.816,
09/30/2013,3550.125,,,,,,,,,,,190.667,,,,,,,191.286,,120.667,,,,,,120.667,,,120.667,118.5,,,0.926,0.926,0.899,,0.926,0.926,0.899,
