Date,Revenue,Revenue From Electric,Regulated Electric Revenue,Unregulated Electric Revenue,Revenue from Gas,Regulated Gas Revenue,Unregulated Gas Revenue,Other Gas Revenue,Revenue from Water,Other Revenue,Cost of Revenue,Fuel & Purchased Power Cost,Fuel Cost,Purchased Power Cost,Purchased Gas & Water Cost,Purchased Gas Cost,Purchased Water Cost,Other Cost of Revenue,Gross Profit,Operating Expenses,Maintenance Expenses,Depreciation Expenses,Taxes Other Than Income,Other Operating Expense,Operating Income (Loss),Non-Operating (Income) Loss,"Interest Expense, Net",AFUDC - Equity,Interest Expense,Interest Expenses on Bonds,AFUDC - Debts,Other Interest Expenses,Other Non-Op (Income) Loss,Pretax Income,Income Tax Expense (Benefit),Income (Loss) from Cont Ops,Net Extraordinary Losses (Gains),Discontinued Operations,XO & Accounting Changes,Income (Loss) Incl. MI,Minority Interest,"Net Income, GAAP",Preferred Dividends,Other Adjustments,"Net Income Avail to Common, GAAP","Net Income Avail to Common, Adj",Net Abnormal Losses (Gains),Basic Weighted Avg Shares,"Basic EPS, GAAP",Basic EPS from Cont Ops,"Basic EPS from Cont Ops, Adjusted",Diluted Weighted Avg Shares,"Diluted EPS, GAAP",Diluted EPS from Cont Ops,"Diluted EPS from Cont Ops, Adjusted",Source: Bloomberg
03/31/1990,872.299988,872.299988,,,0.0,,,,0.0,,-368.899994,368.899994,368.899994,,0.0,,,,503.399994,-230.0,49.400002,133.100006,47.5,,273.399994,-56.1,,0.9,106.5,106.5,,,-49.5,217.299994,-75.5,141.800003,0.0,,,141.799994,0.0,141.800003,-14.8,,127.000003,127.000003,,302.400009,0.42,0.42,0.42,302.400009,0.42,0.42,0.42,
06/30/1990,846.299988,846.299988,,,0.0,,,,0.0,,-352.399994,352.399994,352.399994,,0.0,,,,493.899994,-243.800003,69.300003,131.300003,43.200001,,250.100006,-107.199997,,1.0,108.199997,108.199997,,,0.0,142.900009,-42.700001,100.199997,0.0,,,100.200008,0.0,100.199997,-14.5,,85.699997,85.699997,,303.599991,0.283333,0.283333,0.283333,303.599991,0.283333,0.283333,0.283333,
09/30/1990,997.5,997.5,,,0.0,,,,0.0,,-402.299988,402.299988,402.299988,,0.0,,,,595.200012,-249.800003,77.099998,128.5,44.200001,,345.399994,-112.400003,,0.4,112.800003,112.800003,,,0.0,232.999991,-58.799999,174.199997,0.0,,,174.199992,0.0,174.199997,-14.2,,159.999997,159.999997,,306.0,0.523333,0.523333,0.523333,306.0,0.523333,0.523333,0.523333,
12/31/1990,745.400024,745.400024,,,0.0,,,,0.0,,-446.0,446.0,446.0,,0.0,,,,299.400024,-189.199997,85.400002,30.5,73.300003,,110.199997,-3.879,,1.0,28.778999,28.778999,,,-23.9,106.320997,-19.1,87.221001,0.0,,,87.220997,0.0,87.221001,-14.7,,72.521001,72.521001,,308.400009,0.233333,0.233333,0.233333,308.400009,0.233333,0.233333,0.233333,
03/31/1991,904.200012,884.200012,,,0.0,,,,0.0,20.0,-268.899994,268.899994,139.699997,129.199997,0.0,,,,635.300018,-382.0,74.800003,112.199997,57.299999,137.699997,253.300003,-92.700003,,4.3,105.800003,105.800003,,,-8.8,160.6,-42.900002,117.699997,0.0,,,117.699999,0.0,117.699997,-13.6,,104.099997,104.099997,,309.900009,0.336667,0.336667,0.336667,309.900009,0.336667,0.336667,0.336667,
06/30/1991,901.200012,875.599976,,,0.0,,,,0.0,25.6,-271.0,271.0,146.800003,124.199997,0.0,,,,630.200012,-388.700012,80.199997,116.300003,56.700001,135.5,241.5,-94.399999,,1.5,105.099998,105.099998,,,-9.2,147.100001,-44.900002,102.199997,0.0,,,102.2,0.0,102.199997,-12.8,,89.399997,89.399997,,311.700005,0.286667,0.286667,0.286667,2.568,0.286667,0.286667,0.286667,
09/30/1991,1063.800049,1042.599976,,,0.0,,,,0.0,21.200001,-319.200012,319.199997,171.699997,147.5,0.0,,,,744.600037,-366.700012,60.700001,112.5,59.599998,133.899994,377.899994,-94.000003,,1.5,103.300003,103.300003,,,-7.8,283.899991,-89.699997,194.199997,0.0,,,194.199994,0.0,194.199997,-12.7,,181.499997,181.499997,,314.099991,0.576667,0.576667,0.576667,314.099991,0.576667,0.576667,0.576667,
12/31/1991,916.5,885.700012,,,0.0,,,,0.0,30.799999,-272.899994,272.900002,126.599998,146.300003,0.0,,,,643.600006,-421.299988,88.900002,109.199997,59.099998,164.100006,222.300003,-91.799998,,0.9,100.099998,100.099998,,,-7.4,130.500005,-33.200001,97.300003,12.4,,,84.900004,0.0,84.900002,-12.4,,72.500002,72.500002,,316.295998,0.27,0.31,0.31,316.295998,0.27,0.31,0.31,
03/31/1992,944.299988,934.599976,,,0.0,,,,0.0,9.7,-322.700012,322.699997,163.699997,159.0,0.0,,,,621.599976,-376.700012,84.400002,114.900002,61.200001,116.199997,244.899994,-93.2,,1.3,102.0,102.0,,,-7.5,151.699994,-45.5,106.199997,-15.6,,,121.799994,0.0,121.800003,-11.8,,110.000003,110.000003,,318.399994,0.345,0.295,0.295,318.399994,0.345,0.295,0.295,
06/30/1992,874.599976,851.799988,,,0.0,,,,0.0,22.799999,-293.299988,293.300003,123.0,170.300003,0.0,,,,581.299988,-394.700012,89.800003,101.900002,54.700001,148.300003,186.600006,-86.1,,1.2,95.5,95.5,,,-8.2,100.500006,-27.799999,72.699997,0.0,,,72.700007,0.0,72.699997,-11.5,,61.199997,61.199997,,320.600006,0.19,0.19,0.19,320.600006,0.19,0.19,0.19,
09/30/1992,1077.099976,1052.300049,,,0.0,,,,0.0,24.799999,-363.200012,363.200012,151.100006,212.100006,0.0,,,,713.899963,-394.5,63.099998,116.800003,60.400002,154.199997,319.399994,-85.6,,1.0,94.0,94.0,,,-7.4,233.799994,-72.900002,160.899994,0.0,,,160.899992,0.0,160.899994,-11.4,,149.499994,149.499994,,323.600006,0.46,0.46,0.46,323.600006,0.46,0.46,0.46,
12/31/1992,895.099976,840.900024,,,0.0,,,,0.0,54.200001,-345.0,345.000008,120.400002,224.600006,0.0,,,,550.099976,-271.799988,43.299999,116.599998,61.700001,50.200001,278.299988,-86.099997,,1.3,82.199997,82.199997,,,5.2,192.199991,-57.400002,134.800003,0.0,,,134.799989,0.0,134.800003,-11.0,,123.800003,123.800003,,322.200012,0.385,0.385,0.385,322.200012,0.385,0.385,0.385,
03/31/1993,1105.800049,1060.599976,,,0.0,,,,0.0,45.200001,-406.299988,406.300003,160.699997,245.600006,0.0,,,,699.500061,-432.399994,82.0,125.599998,65.300003,159.5,267.100006,-85.200001,,1.4,93.900002,93.900002,,,-7.3,181.900005,-48.5,133.399994,0.0,,,133.400005,0.0,133.399994,-11.0,,122.399994,122.399994,,328.200012,0.37,0.37,0.37,328.200012,0.37,0.37,0.37,
06/30/1993,1005.299988,950.799988,,,0.0,,,,0.0,54.5,-351.600006,351.600006,119.800003,231.800003,0.0,,,,653.699982,-413.0,74.300003,126.900002,60.5,151.300003,240.699997,-86.500003,,1.1,94.300003,94.300003,,,-6.7,154.199994,-40.599998,113.599998,0.0,,,113.599995,0.0,113.599998,-10.5,,103.099998,103.099998,,329.799988,0.315,0.315,0.315,329.799988,0.315,0.315,0.315,
09/30/1993,1287.099976,1212.099976,,,0.0,,,,0.0,75.0,-444.799988,444.800003,187.300003,257.5,0.0,,,,842.299988,-439.5,67.800003,128.5,66.900002,176.300003,402.799988,-92.199997,,1.2,100.199997,100.199997,,,-6.8,310.599991,-101.0,209.600006,0.0,,,209.599991,0.0,209.600006,-10.6,,199.000006,199.000006,,332.399994,0.6,0.6,0.6,332.399994,0.6,0.6,0.6,
12/31/1993,1035.699951,963.799988,,,0.0,,,,0.0,71.900002,-366.200012,366.200012,143.100006,223.100006,0.0,,,,669.499939,-452.799988,55.400002,128.5,71.5,197.399994,216.699997,-94.499998,,1.4,85.099998,85.099998,,,10.8,122.199999,-20.1,102.099998,0.0,,,102.099999,0.0,102.099998,-10.0,,92.099998,92.099998,,335.200012,0.275,0.275,0.275,335.200012,0.275,0.275,0.275,
03/31/1994,1167.0,1102.099976,,,0.0,,,,0.0,64.900002,-426.5,426.5,176.300003,250.199997,0.0,,,,740.5,-445.299988,70.5,135.399994,73.199997,166.199997,295.200012,-87.7,,1.2,91.0,91.0,,,-2.1,207.500012,-56.099998,151.399994,0.0,,,151.400014,0.0,151.399994,-10.0,,141.399994,141.399994,,337.0,0.42,0.42,0.42,337.0,0.42,0.42,0.42,
06/30/1994,1109.699951,990.200012,,,0.0,,,,0.0,119.5,-378.700012,378.699997,133.699997,245.0,0.0,,,,730.999939,-442.899994,70.699997,135.699997,72.0,164.5,288.100006,-88.799999,,1.3,91.599998,91.599998,,,-1.5,199.300008,-52.700001,146.600006,0.0,,,146.600007,0.0,146.600006,-10.4,,136.200006,136.200006,,339.0,0.4,0.4,0.4,339.0,0.4,0.4,0.4,
09/30/1994,1209.800049,1151.199951,,,0.0,,,,0.0,58.599998,-431.899994,431.899994,161.5,270.399994,0.0,,,,777.900055,-441.200012,62.200001,132.0,71.0,176.0,336.700012,-91.5,,1.4,93.0,93.0,,,-0.1,245.200012,-73.199997,172.0,0.0,,,172.000015,0.0,172.0,-10.7,,161.3,161.3,,342.200012,0.47,0.47,0.47,342.200012,0.47,0.47,0.47,
12/31/1994,1004.600098,927.299866,,,0.0,,,,0.0,77.299988,-405.300018,405.300033,119.275024,286.025009,0.0,,,,599.30008,-481.100006,59.800014,129.999985,58.400009,232.899979,118.199921,-78.799915,,2.5,84.69999,85.400002,-4.2,3.5,-3.400075,39.400006,10.999996,50.400002,0.0,,,50.400002,0.0,50.400002,-11.1,,39.300002,39.300002,,344.0,0.115,0.115,0.115,344.0,0.115,0.115,0.115,
03/31/1995,1129.300049,1076.300049,,,0.0,,,,0.0,53.0,-432.700012,432.699997,254.0,178.699997,0.0,,,,696.600037,-440.100006,66.900002,135.199997,69.599998,168.399994,256.5,-92.899997,,1.8,95.199997,95.199997,,,-0.5,163.600003,-43.400002,120.199997,0.0,,,120.200001,0.0,120.199997,-11.7,,108.499997,108.499997,,344.600006,0.315,0.315,0.315,344.600006,0.315,0.315,0.315,
06/30/1995,1042.800049,971.099976,,,0.0,,,,0.0,71.699997,-381.5,381.5,226.600006,154.899994,0.0,,,,661.300049,-448.600006,73.599998,135.5,65.400002,174.100006,212.699997,-93.699997,,1.9,96.199997,96.199997,,,-0.6,119.0,-29.200001,89.800003,0.0,,,89.799999,0.0,89.800003,-11.7,,78.100003,78.100003,,345.799988,0.225,0.225,0.225,345.799988,0.225,0.225,0.225,
09/30/1995,1345.0,1276.599976,,,0.0,,,,0.0,68.400002,-476.799988,476.799988,289.299988,187.5,0.0,,,,868.200012,-469.5,62.099998,136.600006,72.0,198.800003,398.700012,-92.1,,1.7,96.0,96.0,,,-2.2,306.600012,-97.199997,209.399994,0.0,,,209.400015,0.0,209.399994,-11.5,,197.899994,197.899994,,348.600006,0.57,0.57,0.57,348.600006,0.57,0.57,0.57,
12/31/1995,1134.599976,1026.400024,,,0.0,,,,0.0,108.199997,-404.299988,404.300003,237.0,167.300003,0.0,,,,730.299988,-451.100006,57.900002,143.699997,66.800003,182.699997,279.200012,-217.2,,1.3,94.300003,94.300003,,,124.199997,62.000012,-12.3,49.700001,0.0,,,49.700012,0.0,49.700001,-9.2,,40.500001,40.500001,,351.799988,0.115,0.115,0.115,351.799988,0.115,0.115,0.115,
03/31/1996,1239.300049,1164.800049,,,0.0,,,,0.0,74.5,-457.299988,457.300003,263.100006,194.199997,0.0,,,,782.000061,-453.100006,59.599998,148.100006,75.800003,169.600006,328.899994,-97.799997,,1.1,95.199997,95.199997,,,3.7,231.099997,-70.099998,161.0,0.0,,,160.999998,0.0,161.0,-10.8,,150.2,150.2,,353.200012,0.425,0.425,0.425,353.200012,0.425,0.425,0.425,
06/30/1996,1121.0,1029.099976,,,0.0,,,,0.0,91.900002,-391.5,391.5,225.600006,165.899994,0.0,,,,729.5,-488.299988,60.299999,153.0,69.599998,205.399994,241.199997,-92.099997,,0.7,95.699997,95.699997,,,-2.9,149.1,-44.299999,104.800003,0.0,,,104.800001,0.0,104.800003,-10.6,,94.200003,94.200003,,354.799988,0.265,0.265,0.265,354.799988,0.265,0.265,0.265,
09/30/1996,1286.699951,1177.099976,,,0.0,,,,0.0,109.599998,-435.5,435.5,256.600006,178.899994,0.0,,,,851.199951,-495.0,67.099998,155.600006,71.900002,200.399994,356.200012,-105.199999,,0.8,102.599998,102.599998,,,3.4,251.000014,-78.199997,172.800003,0.0,,,172.800017,0.0,172.800003,-10.6,,162.200003,162.200003,,357.600006,0.455,0.455,0.455,357.600006,0.455,0.455,0.455,
12/31/1996,1207.0,1049.900024,,,0.0,,,,0.0,157.100006,-432.899994,432.899994,271.299988,161.600006,0.0,,,,774.100006,-499.0,63.900002,158.5,57.599998,219.0,275.100006,-158.900003,,0.4,93.5,93.5,,,65.800003,116.200003,-26.700001,89.5,0.0,,,89.500002,-9.6,79.900002,-14.4,,65.500002,65.500002,,360.799988,0.18,0.18,0.18,360.799988,0.18,0.18,0.18,
03/31/1997,1855.199951,1683.099976,,,0.0,,,,0.0,172.100006,-465.700012,465.699982,281.299988,184.399994,0.0,,,,1389.499939,-1000.390625,54.200001,194.300003,73.5,678.400024,389.100006,-128.6,,-0.4,135.5,135.899994,-0.4,,-7.3,260.500006,-80.0,180.5,0.0,,,180.500006,0.0,180.5,-10.6,,169.9,169.9,,366.0,0.465,0.465,0.465,366.0,0.465,0.465,0.465,
06/30/1997,1634.699951,1435.400024,,,0.0,,,,0.0,199.300003,-423.799988,423.799988,264.299988,159.5,0.0,,,,1210.899963,-928.799988,61.599998,195.699997,66.400002,605.099976,282.100006,-154.299994,,0.5,160.399994,160.800003,-0.4,,-5.6,127.800012,-37.900002,89.900002,0.0,,,89.900011,0.0,89.900002,-10.8,,79.100001,79.100001,,369.399994,0.215,0.215,0.23,369.399994,0.215,0.215,0.23,
09/30/1997,2094.800049,1931.199951,,,0.0,,,,0.0,163.600006,-691.599976,691.599991,493.399994,198.199997,0.0,,,,1403.200073,-934.900024,,200.699997,74.099998,660.099976,468.299988,-304.5,,,162.399994,162.399994,,,142.100006,163.799988,-97.599998,66.199997,0.0,,,66.199989,-4.0,62.200001,-11.7,,50.500001,50.500001,,372.0,0.135,0.135,0.56,372.0,0.135,0.135,0.56,
12/31/1997,2128.100098,2079.899902,,,0.0,,,,0.0,48.200001,-793.0,792.99997,617.599976,175.399994,0.0,,,,1335.100098,-815.0,,228.600006,,586.400024,520.099976,-341.5,,0.0,169.100006,171.5,-2.4,0.0,172.399994,178.599976,-16.6,162.0,0.0,,,161.999976,-46.599998,115.400002,-15.7,0.0,99.700002,99.700002,,374.200012,0.265,0.265,0.265,374.200012,0.265,0.265,0.265,
03/31/1998,2158.100098,1986.199951,,,0.0,,,,0.0,171.899994,-790.299988,790.300003,609.5,180.800003,0.0,,,,1367.80011,-981.900024,,216.699997,74.099998,691.099976,385.899994,-151.8,,,161.5,161.5,,,-9.7,234.099994,-66.5,167.600006,0.0,,,167.599994,-11.5,156.100006,-16.6,,139.500006,139.500006,,386.399994,0.36,0.36,0.36,386.399994,0.36,0.36,0.36,
06/30/1998,1585.2,1364.7,,,0.0,,,,0.0,220.5,-447.9,447.9,244.4,203.5,0.0,,,,1137.3,-1070.2,,170.9,0.0,899.3,67.1,-158.3,,,176.4,176.4,,,-18.1,-91.2,32.2,-59.0,0.0,,,-59.0,-7.0,-66.0,-16.7,,-82.7,-82.7,,391.6,-0.211,-0.211,0.285,391.6,-0.21,-0.21,0.285,
09/30/1998,1544.3,1347.6,,,,,,,,196.7,-501.8,501.8,285.0,216.8,,,,,1042.5,-606.9,,176.4,,430.5,435.6,244.9,,,127.9,127.9,,,-372.8,680.5,-234.9,445.6,,,,445.6,-6.0,439.6,-15.0,,424.6,424.6,,392.2,1.085,1.085,0.57,392.2,1.085,1.085,0.57,
12/31/1998,1178.2,1178.2,,,,,,,,,,,,,,,,,,,,,,,93.8,,,,,,,,,,,74.5,,,,,,74.5,-20.2,,54.3,54.3,,390.2,0.14,0.14,0.14,390.2,0.14,0.1425,0.1395,
03/31/1999,1293.0,1293.0,,,0.0,,,,0.0,,-430.0,430.0,220.0,210.0,,,,,863.0,-541.0,,176.0,0.0,365.0,322.0,-96.0,,,120.0,120.0,,,-24.0,226.0,-66.0,160.0,255.0,,,-95.0,-6.0,-101.0,-16.0,,-117.0,-117.0,,386.8,-0.305,0.355,0.355,386.8,-0.305,0.355,0.355,
06/30/1999,1315.3,1086.7,,,,,,,,228.6,-441.6,441.6,243.1,198.5,,,,,873.7,-574.0,,172.0,,402.0,299.7,-104.0,,,119.0,119.0,,,-15.0,195.7,-55.0,140.7,,,,140.7,-4.0,136.7,-16.6,,120.1,120.1,,384.0,0.315,0.315,0.315,384.0,0.314995,0.315,0.315,
09/30/1999,1663.0,1663.0,,,,,,,,,-517.0,517.0,321.0,196.0,,,,,1146.0,-654.0,,187.0,,467.0,492.0,-113.0,,,132.0,132.0,,,-19.0,379.0,-123.0,256.0,,,,256.0,-4.0,252.0,-17.0,,235.0,235.0,,382.8,0.615,0.615,0.615,382.8,0.615,0.615,0.615,
12/31/1999,1248.7,364.3,,,0.0,,,,0.0,884.4,-416.4,416.4,211.9,204.5,,,,,832.3,-618.0,,172.0,304.0,142.0,214.3,-119.0,,,136.0,136.0,,,-17.0,95.3,-15.0,80.3,0.0,,,80.3,-4.0,76.3,-17.4,,58.9,58.9,,377.6,0.2,0.2,0.2,377.6,0.2,0.2,0.2,
03/31/2000,2069.0,1774.0,,,0.0,,,,0.0,295.0,-699.0,442.0,249.0,193.0,257.0,,,,1370.0,-822.0,,251.0,98.0,473.0,548.0,-304.0,,,201.0,201.0,,,103.0,244.0,-77.0,167.0,-21.0,,,188.0,-2.0,186.0,-18.0,,168.0,168.0,,446.799988,0.375,0.33,0.52,446.799988,0.375,0.33,0.52,
06/30/2000,2051.0,1624.0,,,,,,,0.0,427.0,-666.0,436.0,255.0,181.0,230.0,,,,1385.0,-1052.0,,298.0,108.0,646.0,333.0,-489.0,,,245.0,245.0,,,244.0,-156.0,75.0,-81.0,0.0,,,-81.0,0.0,-81.0,-17.0,,-98.0,-98.0,,475.600006,-0.205,-0.205,0.275,475.600006,-0.205,-0.205,0.275,
09/30/2000,2344.0,,,,,,,,,,-724.0,491.0,307.0,184.0,233.0,,,,1620.0,-940.0,,297.0,115.0,528.0,680.0,-251.0,,,264.0,264.0,,,-13.0,429.0,-153.0,276.0,,,,276.0,,276.0,-16.0,0.0,260.0,260.0,,476.2,0.545,0.545,0.57,479.0,0.545,0.545,0.57,
12/31/2000,2782.0,2078.0,,,,,,,0.0,704.0,-1211.0,478.0,295.0,183.0,733.0,,,,1571.0,-1157.0,,330.0,164.0,663.0,414.0,-265.0,,0.0,248.0,248.0,0.0,0.0,17.0,149.0,-28.0,121.0,0.0,,,121.0,0.0,121.0,-15.0,,106.0,106.0,,489.2,0.436681,0.436681,0.3,489.2,0.436681,0.436681,0.3,
03/31/2001,3198.0,2844.0,,,0.0,,,,0.0,354.0,-1560.0,509.0,321.0,188.0,1051.0,,,,1638.0,-1142.0,,281.0,121.0,740.0,496.0,-214.0,,,230.0,230.0,,,-16.0,282.0,-96.0,186.0,0.0,,,186.0,0.0,186.0,-24.0,,162.0,162.0,,492.600006,0.33,0.33,0.605,497.600006,0.325,0.325,0.6,
06/30/2001,2309.0,1939.0,,,,,,,0.0,370.0,-751.0,497.0,339.0,158.0,254.0,,,,1558.0,-1040.0,,315.0,96.0,629.0,518.0,-207.0,,0.0,231.0,231.0,0.0,0.0,-24.0,311.0,-131.0,180.0,0.0,,,180.0,0.0,180.0,-25.0,0.0,155.0,155.0,,494.799988,0.315,0.315,0.365,500.0,0.31,0.31,0.36,
09/30/2001,2544.0,2168.0,,,,,,,0.0,376.0,-742.0,573.0,403.0,170.0,169.0,,,,1802.0,-1022.0,,310.0,82.0,630.0,780.0,-193.0,,0.0,224.0,224.0,0.0,0.0,-31.0,587.0,-217.0,370.0,0.0,,,370.0,0.0,370.0,-26.0,,344.0,344.0,,496.6,0.69,0.69,0.69,500.6,0.685,0.685,0.685,
12/31/2001,2507.0,1596.0,,,,,,,0.0,911.0,-818.0,470.0,306.0,164.0,348.0,,,,1689.0,-1593.0,0.0,339.0,96.0,1158.0,96.0,-264.0,,0.0,214.0,214.0,0.0,0.0,50.0,-168.0,74.0,-94.0,0.0,,,-94.0,0.0,-94.0,-23.0,0.0,-117.0,-117.0,,521.6,-0.225,-0.225,0.445,521.6,-0.225,-0.225,0.445,
03/31/2002,2634.0,1291.0,,,872.0,,,,0.0,471.0,-923.0,518.0,334.0,184.0,405.0,,,,1711.0,-1000.0,,318.0,114.0,568.0,711.0,-220.0,,0.0,242.0,211.0,0.0,31.0,-22.0,491.0,-169.0,322.0,0.0,,,322.0,0.0,322.0,0.0,,322.0,322.0,,533.599976,0.605,0.605,0.605,538.0,0.6,0.6,0.6,
06/30/2002,2332.0,1350.0,,,504.0,,,,0.0,478.0,-705.0,486.0,326.0,160.0,219.0,,,,1627.0,-1002.0,,319.0,93.0,590.0,625.0,-208.0,,0.0,237.0,209.0,0.0,28.0,-29.0,417.0,-145.0,272.0,0.0,,,272.0,0.0,272.0,0.0,0.0,272.0,272.0,,554.599976,0.49,0.49,0.49,559.799988,0.485,0.485,0.485,
09/30/2002,2545.0,2114.0,,,,,,,0.0,431.0,-700.0,591.0,418.0,173.0,109.0,,,,1845.0,-1009.0,,312.0,97.0,600.0,836.0,-195.0,,0.0,234.0,204.0,0.0,30.0,-39.0,641.0,-211.0,430.0,0.0,,,430.0,0.0,430.0,0.0,,430.0,430.0,,556.599976,0.775,0.775,0.775,559.400024,0.77,0.77,0.77,
12/31/2002,2707.0,2707.0,,,,,,,0.0,,-969.0,543.0,369.0,174.0,426.0,,,,1738.0,-1033.0,0.0,309.0,125.0,599.0,705.0,-212.0,,0.0,233.0,202.0,0.0,31.0,-21.0,493.0,-155.0,338.0,0.0,,,338.0,0.0,338.0,0.0,0.0,338.0,338.0,,603.8,0.56,0.56,0.565,603.8,0.56,0.56,0.565,
03/31/2003,3579.0,3579.0,,,,,,,0.0,,-1370.0,575.0,414.0,161.0,795.0,,,,2209.0,-1224.0,,302.0,154.0,768.0,985.0,-361.0,,0.0,236.0,209.0,0.0,27.0,125.0,624.0,-211.0,413.0,-99.0,,,512.0,0.0,512.0,-4.0,,508.0,508.0,,617.0,0.82,0.665,0.76,619.400024,0.82,0.66,0.76,
06/30/2003,2630.0,1377.0,,,648.0,,,,,605.0,-903.0,513.0,363.0,150.0,390.0,,,,1727.0,-1150.0,,304.0,113.0,733.0,577.0,-188.0,,,241.0,213.0,,28.0,-53.0,389.0,-139.0,250.0,6.0,,,244.0,,244.0,-4.0,,240.0,240.0,,628.8,0.38,0.39,0.39,631.8,0.38,0.39,0.39,
09/30/2003,2853.0,2853.0,,,,,,,0.0,,-922.0,599.0,447.0,152.0,323.0,,,,1931.0,-1254.0,,320.0,106.0,828.0,677.0,-96.0,,0.0,207.0,179.0,0.0,28.0,-111.0,581.0,-251.0,330.0,582.0,,,-252.0,0.0,-252.0,-4.0,,-256.0,-256.0,,645.599976,-0.395,0.505,0.65,645.599976,-0.395,0.505,0.65,
12/31/2003,3016.0,3016.0,,,,,,,0.0,,-1254.0,587.0,443.0,144.0,667.0,,,,1762.0,-1421.0,0.0,280.0,102.0,1039.0,341.0,-366.0,,0.0,276.0,248.0,0.0,28.0,90.0,-25.0,-4.0,-29.0,142.0,,,-171.0,0.0,-171.0,-3.0,,-174.0,-174.0,,650.799988,-0.27,-0.05,0.42,650.799988,-0.27,-0.05,0.42,
03/31/2004,3879.0,1628.0,,,1590.0,,,,0.0,661.0,-1767.0,670.0,518.0,152.0,1097.0,,,,2112.0,-1222.0,,317.0,154.0,751.0,890.0,-181.0,,0.0,236.0,207.0,0.0,29.0,-55.0,709.0,-260.0,449.0,8.0,,,441.0,0.0,441.0,-4.0,,437.0,437.0,,650.0,0.675,0.685,0.69,653.400024,0.67,0.68,0.685,
06/30/2004,3040.0,1530.0,,,784.0,,,,0.0,726.0,-1246.0,721.0,575.0,146.0,525.0,,,,1794.0,-1214.0,,319.0,122.0,773.0,580.0,-182.0,,0.0,226.0,200.0,0.0,26.0,-44.0,398.0,-136.0,262.0,7.0,,,255.0,0.0,255.0,-4.0,0.0,251.0,251.0,,656.8,0.38,0.395,0.405,656.8,0.38,0.395,0.405,
09/30/2004,3292.0,1811.0,,,624.0,,,,0.0,857.0,-1179.0,765.0,612.0,153.0,414.0,,,,2113.0,-1369.0,,328.0,107.0,934.0,744.0,-182.0,,0.0,235.0,235.0,0.0,0.0,-53.0,562.0,-221.0,341.0,0.0,,,341.0,0.0,341.0,-4.0,0.0,337.0,337.0,,662.0,0.51,0.51,0.605,662.0,0.51,0.51,0.605,
12/31/2004,3780.0,-1531.0,,,2716.0,,,,0.0,2595.0,-1484.0,593.0,457.0,136.0,891.0,,,,2296.0,-1774.0,,341.0,136.0,1297.0,522.0,-211.0,,0.0,226.0,281.0,0.0,-55.0,-15.0,311.0,-83.0,228.0,0.0,,,228.0,0.0,224.0,-4.0,0.0,220.0,220.0,,664.0,0.331325,0.331325,0.61,671.8,0.327479,0.327479,0.61,
03/31/2005,4736.0,2036.0,,,1798.0,,,,0.0,902.0,-2197.0,975.0,841.0,134.0,1222.0,,,,2539.0,-1666.0,,346.0,165.0,1155.0,873.0,-192.0,,0.0,243.0,217.0,0.0,26.0,-51.0,681.0,-248.0,433.0,0.0,,,433.0,0.0,433.0,-4.0,0.0,429.0,429.0,,680.6,0.63,0.63,0.725,684.6,0.625,0.625,0.72,
06/30/2005,3646.0,1786.0,,,873.0,,,,0.0,987.0,-1618.0,1065.0,943.0,122.0,553.0,,,,2028.0,-1323.0,,349.0,134.0,840.0,705.0,-193.0,,0.0,225.0,225.0,0.0,0.0,-32.0,512.0,-176.0,336.0,0.0,,,336.0,0.0,336.0,-4.0,0.0,332.0,332.0,,679.400024,0.49,0.49,0.5,684.0,0.485,0.485,0.495,
09/30/2005,4564.0,2810.0,,,895.0,,,,0.0,859.0,-2502.0,1873.0,1752.0,121.0,629.0,,,,2062.0,-1877.0,,355.0,120.0,1402.0,185.0,-173.0,,0.0,238.0,238.0,0.0,0.0,-65.0,12.0,2.0,14.0,-5.0,,,19.0,0.0,19.0,-4.0,0.0,15.0,15.0,,685.799988,0.02,0.015,0.54,690.0,0.02,0.015,0.535,
12/31/2005,5108.0,2024.0,,,2042.0,,,,0.0,1042.0,-2842.0,1305.0,1177.0,128.0,1537.0,,,,2266.0,-1590.0,,362.0,163.0,1065.0,676.0,-249.0,,0.0,269.0,295.0,0.0,,-20.0,427.0,-160.0,267.0,6.0,,,261.0,0.0,261.0,-4.0,0.0,257.0,257.0,,692.6,0.37,0.375,0.51,696.4,0.37,0.375,0.51,
03/31/2006,4951.0,1892.0,,,1967.0,,,,0.0,1092.0,-2266.0,888.0,765.0,123.0,1378.0,,,,2685.0,-1724.0,,377.0,180.0,1167.0,961.0,-211.0,,0.0,253.0,226.0,0.0,27.0,-42.0,750.0,-207.0,543.0,5.0,,,538.0,0.0,538.0,-4.0,,534.0,534.0,,693.0,0.77,0.78,0.83,696.2,0.765,0.775,0.825,
06/30/2006,3496.0,1826.0,,,750.0,,,,0.0,920.0,-1306.0,874.0,758.0,116.0,432.0,,,,2190.0,-1716.0,,393.0,130.0,1193.0,474.0,-198.0,,0.0,247.0,247.0,0.0,0.0,-49.0,276.0,-126.0,150.0,-15.0,,,165.0,0.0,165.0,-4.0,0.0,161.0,161.0,,698.0,0.23,0.21,0.4,701.0,0.23,0.21,0.4,
09/30/2006,3973.0,2273.0,,,668.0,,,,0.0,1032.0,-1522.0,1179.0,1057.0,122.0,343.0,,,,2451.0,-1157.0,,389.0,122.0,646.0,1294.0,-209.0,,0.0,252.0,252.0,0.0,0.0,-43.0,1085.0,-421.0,664.0,1.0,,,663.0,-5.0,658.0,-4.0,0.0,654.0,654.0,,703.8,0.93,0.93,0.94,707.8,0.925,0.925,0.935,
12/31/2006,3922.0,1988.0,,,1536.0,,,,0.0,398.0,-1560.0,776.0,656.0,120.0,784.0,,,,2362.0,-1764.0,,411.0,138.0,1215.0,598.0,-221.0,,0.0,260.0,260.0,0.0,0.0,-39.0,377.0,-177.0,200.0,164.0,,,36.0,-1.0,35.0,-4.0,0.0,31.0,31.0,,702.8,0.044,0.275,0.19,707.6,0.0438,0.275,0.19,
03/31/2007,4661.0,2147.0,,,2171.0,,,,0.0,343.0,-2185.0,1037.0,918.0,119.0,1148.0,,,,2476.0,-1476.0,,409.0,183.0,884.0,1000.0,-206.0,,0.0,255.0,220.0,0.0,35.0,-49.0,794.0,-310.0,484.0,22.0,,,462.0,-5.0,457.0,-4.0,0.0,453.0,453.0,,696.9,0.65,0.68,0.75,701.7,0.65,0.68,0.75,
06/30/2007,3730.0,2110.0,,,862.0,,,,0.0,758.0,-1549.0,1019.0,910.0,109.0,530.0,,,,2181.0,-2561.0,,423.0,140.0,1998.0,-380.0,-231.0,,0.0,274.0,274.0,0.0,0.0,-43.0,-611.0,232.0,-379.0,138.0,,,-517.0,-9.0,-526.0,-4.0,0.0,-530.0,-530.0,,698.2,-0.76,-0.565,0.445,698.2,-0.76,-0.565,0.445,
09/30/2007,3589.0,2635.0,,,605.0,,,,0.0,349.0,-1371.0,1025.0,914.0,111.0,346.0,,,,2218.0,-1620.0,,284.0,113.0,1223.0,598.0,3217.0,,0.0,433.0,433.0,0.0,0.0,-3650.0,3815.0,-1498.0,2317.0,-7.0,,,2324.0,-7.0,2317.0,-4.0,0.0,2313.0,2313.0,,635.6,3.64,3.64,0.86,639.6,3.62,3.625,0.86,
12/31/2007,3647.0,2025.0,,,1445.0,,,,0.0,177.0,-1561.0,822.0,722.0,100.0,739.0,,,,2086.0,-1386.0,,252.0,116.0,1018.0,700.0,-188.0,,0.0,198.0,198.0,0.0,0.0,-10.0,512.0,-207.0,305.0,3.0,,,302.0,1.0,303.0,-4.0,0.0,299.0,299.0,,578.1,0.52,0.52,0.52,578.1,0.52,0.52,0.52,
03/31/2008,4353.0,2381.0,,,1842.0,,,,0.0,130.0,-2043.0,888.0,781.0,107.0,1155.0,,,0.0,2310.0,-1251.0,,254.0,154.0,843.0,1059.0,-222.0,,,219.0,219.0,,,3.0,837.0,-157.0,680.0,0.0,,,680.0,0.0,680.0,0.0,0.0,680.0,680.0,,575.3,1.18,1.18,1.18,578.4,1.18,1.18,1.18,
06/30/2008,3399.0,2293.0,,,982.0,,,,0.0,124.0,-1518.0,883.0,786.0,97.0,635.0,,,0.0,1881.0,-1170.0,,257.0,109.0,804.0,711.0,-207.0,,,206.0,206.0,,,1.0,504.0,-200.0,304.0,2.0,,,302.0,-4.0,298.0,0.0,0.0,298.0,298.0,0.0,577.1,0.52,0.52,0.51,580.7,0.51,0.51,0.5,
09/30/2008,4365.0,3148.0,,,1112.0,,,,0.0,105.0,-2177.0,1485.0,1383.0,102.0,692.0,,,0.0,2188.0,-1133.0,,259.0,112.0,762.0,1055.0,-199.0,,,213.0,213.0,,,-14.0,856.0,-344.0,512.0,0.0,,,512.0,-4.0,508.0,0.0,0.0,508.0,508.0,0.0,578.6,0.88,0.88,0.88,582.0,0.87,0.87,0.87,
12/31/2008,4218.0,2530.0,,,1557.0,,,,0.0,131.0,-1991.0,1062.0,957.0,105.0,929.0,,,,2227.0,-1426.0,,264.0,124.0,1038.0,801.0,-283.0,,0.0,198.0,229.0,0.0,-31.0,85.0,518.0,-178.0,340.0,0.0,,,340.0,0.0,340.0,-9.0,0.0,331.0,331.0,27.3,580.2,0.570493,0.570493,0.570493,582.1,0.568631,0.568631,0.568631,
03/31/2009,4586.0,2819.0,1825.0,994.0,1654.0,330.0,931.0,393.0,0.0,113.0,-2256.0,1249.0,1141.0,108.0,1007.0,1007.0,,0.0,2330.0,-1666.0,,279.0,153.0,1234.0,664.0,-280.0,219.0,,219.0,219.0,,,61.0,384.0,-141.0,243.0,-9.0,-9.0,0.0,252.0,-4.0,248.0,,0.0,248.0,485.0,246.0,585.3,0.42,0.41,0.828635,585.7,0.42,0.41,0.828635,
06/30/2009,3406.0,2571.0,1647.0,924.0,725.0,47.0,389.0,289.0,0.0,110.0,-1454.0,1103.0,998.0,105.0,351.0,351.0,,0.0,1952.0,-1063.0,,271.0,107.0,685.0,889.0,-151.0,220.0,,220.0,220.0,,,-69.0,738.0,-265.0,473.0,15.0,15.0,0.0,458.0,-4.0,454.0,,0.0,454.0,469.0,0.0,593.7,0.76,0.79,0.79,594.0,0.76,0.79,0.79,
09/30/2009,3630.0,2904.0,1905.0,999.0,619.0,26.0,351.0,242.0,0.0,107.0,-1449.0,1168.0,1072.0,96.0,281.0,281.0,,0.0,2181.0,-1093.0,,274.0,106.0,713.0,1088.0,-89.0,217.0,,217.0,217.0,,,-128.0,999.0,-360.0,639.0,41.0,41.0,0.0,598.0,-4.0,594.0,,0.0,594.0,635.0,0.0,595.9,1.0,1.07,1.07,596.3,1.0,1.07,1.07,
12/31/2009,3176.0,1985.0,1100.0,885.0,1079.0,91.0,644.0,344.0,0.0,112.0,-1737.0,1176.0,1074.0,102.0,561.0,561.0,,0.0,1439.0,-1511.0,,314.0,117.0,1080.0,-72.0,-175.0,233.0,,233.0,233.0,,,-58.0,-247.0,170.0,-77.0,-73.0,-73.0,0.0,-4.0,-5.0,-9.0,0.0,0.0,-9.0,380.8,462.8,598.1,-0.01,-0.137101,0.636683,598.1,-0.01,-0.137101,0.636683,
03/31/2010,4168.0,2662.0,1717.0,945.0,1392.0,145.0,782.0,465.0,0.0,114.0,-1928.0,1136.0,1028.0,108.0,792.0,792.0,,0.0,2240.0,-1506.0,,269.0,169.0,1068.0,734.0,-112.0,183.0,,183.0,183.0,,,-71.0,622.0,-295.0,327.0,149.0,149.0,0.0,178.0,-4.0,174.0,,0.0,174.0,586.0,263.0,599.9,0.29,0.54,0.976829,600.9,0.29,0.54,0.976829,
06/30/2010,3333.0,2528.0,1688.0,840.0,700.0,39.0,345.0,316.0,,105.0,-1456.0,1065.0,956.0,109.0,391.0,391.0,,,1877.0,1233.0,,262.0,119.0,-1614.0,3110.0,-213.0,188.0,,188.0,188.0,,,25.0,2897.0,-1134.0,1763.0,-2.0,-2.0,0.0,1765.0,-4.0,1761.0,,0.0,1761.0,467.0,-1292.0,590.4,2.98,2.98,0.790989,591.4,2.98,2.98,0.790989,
09/30/2010,3950.0,3155.0,2083.0,1072.0,689.0,25.0,375.0,289.0,,106.0,-1663.0,1296.0,1180.0,116.0,367.0,367.0,,,2287.0,-1168.0,,263.0,117.0,788.0,1119.0,-166.0,229.0,,229.0,229.0,,,-63.0,953.0,-374.0,579.0,0.0,0.0,0.0,579.0,-4.0,575.0,,0.0,575.0,575.0,0.0,585.0,0.98,0.98,0.98,586.4,0.98,0.98,0.98,
03/31/2011,4057.0,2671.0,1730.0,941.0,1279.0,139.0,602.0,538.0,0.0,107.0,-1810.0,1168.0,1049.0,119.0,642.0,642.0,,0.0,2247.0,-1284.0,,262.0,161.0,861.0,963.0,-170.0,227.0,,227.0,227.0,,,-57.0,793.0,-310.0,483.0,0.0,0.0,0.0,483.0,-4.0,479.0,,0.0,479.0,537.0,58.0,579.8,0.83,0.83,0.926181,580.5,0.82,0.82,0.919914,
06/30/2011,3288.0,2469.0,1728.0,741.0,703.0,44.0,337.0,322.0,0.0,116.0,-1438.0,1073.0,957.0,116.0,365.0,365.0,,0.0,1850.0,-1117.0,,255.0,123.0,739.0,733.0,-177.0,216.0,,216.0,216.0,,,-39.0,556.0,-211.0,345.0,5.0,5.0,0.0,340.0,-4.0,336.0,,0.0,336.0,352.0,11.0,573.4,0.59,0.6,0.613882,575.2,0.58,0.59,0.609124,
09/30/2011,3745.0,2993.0,2136.0,857.0,597.0,25.0,281.0,291.0,0.0,155.0,-1661.0,1326.0,1217.0,109.0,335.0,335.0,,0.0,2084.0,-1256.0,,268.0,129.0,859.0,828.0,-233.0,249.0,,249.0,249.0,,,-16.0,595.0,-203.0,392.0,-4.0,-4.0,0.0,396.0,-4.0,392.0,,0.0,392.0,585.0,197.0,569.4,0.69,0.68,1.027397,571.2,0.69,0.68,1.024888,
12/31/2011,3178.0,2204.0,1520.0,684.0,811.0,79.0,415.0,317.0,0.0,163.0,-1456.0,1034.0,924.0,110.0,422.0,422.0,,0.0,1722.0,-1382.0,,284.0,138.0,960.0,340.0,-110.0,177.0,,177.0,177.0,,,-67.0,230.0,-23.0,207.0,0.0,0.0,0.0,207.0,-6.0,201.0,0.0,0.0,201.0,325.0,124.0,571.2,0.35,0.35,0.568978,571.2,0.35,0.35,0.568978,
03/31/2012,3397.0,2367.0,1724.0,643.0,902.0,99.0,398.0,405.0,0.0,128.0,-1437.0,1025.0,912.0,113.0,412.0,412.0,,0.0,1960.0,-1042.0,,273.0,162.0,607.0,918.0,-138.0,212.0,,212.0,212.0,,,-74.0,780.0,-269.0,511.0,10.0,10.0,0.0,501.0,-7.0,494.0,,0.0,494.0,497.0,-7.0,570.5,0.86,0.88,0.871166,571.9,0.86,0.88,0.86776,
06/30/2012,3005.0,2351.0,1725.0,626.0,503.0,33.0,165.0,305.0,0.0,151.0,-1208.0,993.0,895.0,98.0,215.0,215.0,,0.0,1797.0,-1169.0,,275.0,141.0,753.0,628.0,-165.0,209.0,,209.0,209.0,,,-44.0,463.0,-166.0,297.0,32.0,32.0,0.0,265.0,-7.0,258.0,,0.0,258.0,335.0,45.0,572.0,0.45,0.51,0.585664,573.1,0.45,0.51,0.585664,
09/30/2012,3332.0,2707.0,2046.0,661.0,508.0,34.0,177.0,297.0,0.0,117.0,-1286.0,1095.0,1009.0,86.0,191.0,191.0,,0.0,2046.0,-1495.0,,290.0,119.0,1086.0,551.0,-141.0,197.0,,197.0,197.0,,,-56.0,410.0,-143.0,267.0,52.0,52.0,0.0,215.0,-6.0,209.0,0.0,0.0,209.0,532.0,271.0,573.8,0.36,0.45,0.927152,574.7,0.36,0.45,0.92,
12/31/2012,3167.0,2227.0,1607.0,620.0,809.0,84.0,331.0,394.0,0.0,131.0,-1304.0,945.0,855.0,90.0,359.0,359.0,,0.0,1863.0,-2303.0,,304.0,132.0,1867.0,-440.0,-166.0,215.0,,215.0,215.0,,,-49.0,-606.0,233.0,-373.0,0.0,0.0,0.0,-373.0,-7.0,-380.0,0.0,0.0,-380.0,679.0,1059.0,575.0,-0.66087,-0.66087,1.18087,575.0,-0.66087,-0.66087,1.18087,
03/31/2013,3523.0,2419.0,1761.0,658.0,944.0,132.0,345.0,467.0,0.0,160.0,-1506.0,1039.0,951.0,88.0,467.0,467.0,,0.0,2017.0,-1087.0,,297.0,167.0,623.0,930.0,-141.0,228.0,,228.0,228.0,,,-87.0,789.0,-288.0,501.0,-1.0,-1.0,0.0,502.0,-7.0,495.0,,0.0,495.0,520.0,26.0,576.6,0.86,0.86,0.901838,577.5,0.86,0.86,0.901838,
06/30/2013,2980.0,2232.0,1687.0,545.0,617.0,49.0,208.0,360.0,0.0,131.0,-1260.0,963.0,875.0,88.0,297.0,297.0,,0.0,1720.0,-1172.0,,303.0,141.0,728.0,548.0,-154.0,203.0,,203.0,203.0,,,-49.0,394.0,-116.0,278.0,70.0,70.0,0.0,208.0,-6.0,202.0,,0.0,202.0,329.0,57.0,578.1,0.35,0.47,0.569106,578.9,0.35,0.47,0.568463,
09/30/2013,3432.0,2727.0,2023.0,704.0,520.0,32.0,159.0,329.0,0.0,185.0,-1430.0,1198.0,1107.0,91.0,232.0,232.0,,0.0,2002.0,-968.0,,309.0,134.0,525.0,1034.0,-131.0,217.0,,217.0,217.0,,,-86.0,903.0,-305.0,598.0,23.0,23.0,0.0,575.0,-6.0,569.0,,0.0,569.0,609.0,17.0,579.4,0.98,1.02,1.051087,580.1,0.98,1.02,1.049305,
12/31/2013,3185.0,2326.0,1722.0,604.0,707.0,110.0,218.0,379.0,0.0,152.0,-1378.0,1043.0,952.0,91.0,335.0,335.0,,0.0,1807.0,-1003.0,,299.0,121.0,583.0,804.0,-186.0,229.0,,229.0,229.0,,,-43.0,618.0,-183.0,435.0,0.0,0.0,0.0,435.0,-4.0,431.0,0.0,0.0,431.0,466.0,35.0,581.3,0.74,0.74,0.801651,581.3,0.74,0.74,0.80021,
03/31/2014,3630.0,2805.0,1951.0,854.0,708.0,147.0,117.0,444.0,0.0,117.0,-1962.0,1422.0,1334.0,88.0,540.0,540.0,,0.0,1668.0,-900.0,,308.0,167.0,425.0,768.0,-197.0,237.0,,237.0,237.0,,,-40.0,571.0,-186.0,385.0,0.0,0.0,0.0,385.0,-6.0,379.0,,0.0,379.0,607.0,228.0,581.6,0.65,0.65,1.043673,582.9,0.65,0.65,1.041148,
06/30/2014,2813.0,2017.0,1697.0,320.0,649.0,70.0,228.0,351.0,0.0,147.0,-1044.0,720.0,633.0,87.0,324.0,324.0,,0.0,1769.0,-1375.0,,308.0,134.0,933.0,394.0,-170.0,227.0,,227.0,227.0,,,-57.0,224.0,-63.0,161.0,0.0,0.0,0.0,161.0,-2.0,159.0,,0.0,159.0,361.0,202.0,581.9,0.27,0.27,0.620382,583.9,0.27,0.27,0.61595,
09/30/2014,3050.0,2379.0,2026.0,353.0,555.0,25.0,187.0,343.0,0.0,116.0,-1038.0,829.0,743.0,86.0,209.0,209.0,,0.0,2012.0,-1091.0,,354.0,123.0,614.0,921.0,-162.0,231.0,,231.0,231.0,,,-69.0,759.0,-228.0,531.0,0.0,0.0,0.0,531.0,-2.0,529.0,,0.0,529.0,545.0,16.0,583.1,0.91,0.91,0.93466,584.6,0.9,0.9,0.927369,
12/31/2014,2943.0,2098.0,1786.0,312.0,716.0,92.0,219.0,405.0,0.0,129.0,-1072.0,790.0,690.0,100.0,282.0,282.0,,0.0,1871.0,-1233.0,,322.0,118.0,793.0,638.0,-414.0,498.0,,498.0,498.0,,,-84.0,224.0,25.0,249.0,0.0,0.0,0.0,249.0,-6.0,243.0,0.0,0.0,243.0,490.0,247.0,586.5,0.42,0.42,0.835465,586.5,0.42,0.42,0.835465,
03/31/2015,3409.0,2518.0,2112.0,406.0,795.0,116.0,208.0,471.0,0.0,96.0,-1297.0,1047.0,953.0,94.0,250.0,250.0,,0.0,2112.0,-1110.0,,343.0,165.0,602.0,1002.0,-163.0,223.0,,223.0,223.0,,,-60.0,839.0,-299.0,540.0,0.0,0.0,0.0,540.0,-4.0,536.0,0.0,0.0,536.0,584.0,48.0,587.9,0.91,0.91,0.993366,589.9,0.91,0.91,0.99137,
06/30/2015,2747.0,2130.0,1779.0,351.0,503.0,31.0,87.0,385.0,0.0,114.0,-792.0,681.0,591.0,90.0,111.0,111.0,,0.0,1955.0,-1182.0,,339.0,134.0,709.0,773.0,-165.0,221.0,,221.0,221.0,,,-56.0,608.0,-190.0,418.0,0.0,0.0,0.0,418.0,-5.0,413.0,0.0,0.0,413.0,429.0,16.0,591.5,0.7,0.7,0.725275,592.5,0.7,0.7,0.725275,
09/30/2015,2971.0,2408.0,2020.0,388.0,452.0,21.0,66.0,365.0,0.0,111.0,-796.0,711.0,636.0,75.0,85.0,85.0,0.0,0.0,2175.0,-1052.0,,355.0,133.0,564.0,1123.0,-219.0,230.0,,230.0,230.0,,,-11.0,904.0,-305.0,599.0,0.0,0.0,0.0,599.0,-6.0,593.0,0.0,0.0,593.0,611.0,18.0,594.6,1.0,1.0,1.027582,595.5,1.0,1.0,1.027582,
12/31/2015,2556.0,1914.0,1571.0,343.0,555.0,50.0,110.0,395.0,0.0,87.0,-721.0,616.0,545.0,71.0,105.0,105.0,,0.0,1835.0,-1197.0,,358.0,119.0,720.0,638.0,-161.0,230.0,,230.0,230.0,,,-69.0,477.0,-111.0,366.0,0.0,0.0,0.0,366.0,-9.0,357.0,0.0,0.0,357.0,422.0,65.0,596.7,0.6,0.6,0.707223,596.7,0.6,0.6,0.707223,
03/31/2016,2921.0,2231.0,1842.0,389.0,598.0,65.0,118.0,415.0,0.0,92.0,-821.0,702.0,634.0,68.0,119.0,119.0,0.0,0.0,2100.0,-1218.0,,351.0,164.0,703.0,882.0,-172.0,226.0,,226.0,226.0,,,-54.0,710.0,-179.0,531.0,0.0,0.0,0.0,531.0,-7.0,524.0,0.0,0.0,524.0,572.0,48.0,598.2,0.88,0.88,0.956202,598.2,0.88,0.88,0.956202,
06/30/2016,2598.0,2053.0,1718.0,335.0,449.0,26.0,54.0,369.0,0.0,96.0,-652.0,596.0,551.0,45.0,56.0,56.0,0.0,0.0,1946.0,-1165.0,,361.0,139.0,665.0,781.0,-167.0,239.0,,239.0,239.0,,,-72.0,614.0,-152.0,462.0,0.0,0.0,0.0,462.0,-10.0,452.0,0.0,0.0,452.0,441.0,-11.0,615.6,0.73,0.73,0.716374,617.0,0.73,0.73,0.712172,
09/30/2016,3132.0,2546.0,2147.0,399.0,511.0,46.0,87.0,378.0,0.0,75.0,-677.0,600.0,606.0,-6.0,77.0,77.0,0.0,0.0,2455.0,-1310.0,,400.0,145.0,765.0,1145.0,-187.0,250.0,,250.0,250.0,,,-63.0,958.0,-230.0,728.0,0.0,0.0,0.0,728.0,-38.0,690.0,0.0,0.0,690.0,716.0,26.0,625.9,1.1,1.1,1.143953,626.0,1.1,1.1,1.141534,
12/31/2016,3086.0,2037.0,1641.0,396.0,932.0,363.0,95.0,474.0,0.0,117.0,-741.0,534.0,542.0,-8.0,207.0,207.0,,0.0,2345.0,-1526.0,,447.0,148.0,931.0,819.0,-234.0,295.0,,295.0,295.0,,,-61.0,585.0,-94.0,491.0,0.0,0.0,0.0,491.0,-34.0,457.0,0.0,0.0,457.0,713.0,256.0,625.9,0.73,0.73,1.13916,627.1,0.73,0.73,1.138228,
03/31/2017,3384.0,2193.0,1766.0,427.0,1084.0,448.0,144.0,492.0,0.0,107.0,-863.0,558.0,575.0,-17.0,305.0,305.0,,0.0,2521.0,-1442.0,,469.0,189.0,784.0,1079.0,-130.0,292.0,,292.0,292.0,,,-162.0,949.0,-275.0,674.0,0.0,0.0,0.0,674.0,-42.0,632.0,0.0,0.0,632.0,611.85,-20.15,628.1,1.01,1.01,0.974128,628.1,1.01,1.01,0.974128,
06/30/2017,2813.0,2023.0,1716.0,307.0,691.0,151.0,110.0,430.0,0.0,99.0,-598.0,486.0,498.0,-12.0,112.0,112.0,,0.0,2215.0,-1462.0,,467.0,168.0,827.0,753.0,-200.0,308.0,,308.0,308.0,,,-108.0,553.0,-136.0,417.0,0.0,0.0,0.0,417.0,-27.0,390.0,0.0,0.0,390.0,420.55,30.55,629.2,0.62,0.62,0.668388,629.2,0.62,0.62,0.668388,
09/30/2017,3179.0,2452.0,2072.0,380.0,691.0,94.0,475.0,122.0,0.0,36.0,-683.0,659.0,638.0,21.0,24.0,24.0,,0.0,2496.0,-1344.0,,485.0,162.0,697.0,1152.0,-184.0,305.0,,305.0,305.0,,,-121.0,968.0,-272.0,696.0,0.0,0.0,0.0,696.0,-31.0,665.0,0.0,0.0,665.0,674.48,9.48,642.5,1.03,1.03,1.049774,642.5,1.03,1.03,1.044755,
12/31/2017,3210.0,2108.0,1793.0,315.0,963.0,371.0,134.0,458.0,0.0,139.0,-864.0,604.0,590.0,14.0,260.0,260.0,,0.0,2346.0,-1393.0,,484.0,149.0,760.0,953.0,-333.0,300.0,,300.0,300.0,,,33.0,620.0,713.0,1333.0,0.0,0.0,0.0,1333.0,-21.0,1312.0,0.0,0.0,1312.0,595.55,-716.45,643.9,2.04,2.04,0.924911,643.9,2.04,2.04,0.924911,
03/31/2018,3466.0,2121.0,1703.0,418.0,1017.0,477.0,88.0,452.0,0.0,328.0,-1098.0,758.0,744.0,14.0,340.0,340.0,,0.0,2368.0,-1493.0,,498.0,199.0,796.0,875.0,-214.0,314.0,,314.0,314.0,,,-100.0,661.0,-135.0,526.0,0.0,0.0,0.0,526.0,-23.0,503.0,0.0,0.0,503.0,743.95,240.95,650.5,0.77,0.77,1.143659,650.5,0.77,0.77,1.140407,
06/30/2018,3088.0,2060.0,1778.0,282.0,700.0,151.0,133.0,416.0,0.0,328.0,-710.0,646.0,623.0,23.0,64.0,64.0,,0.0,2378.0,-1636.0,,463.0,166.0,1007.0,742.0,-176.0,361.0,,361.0,361.0,,,-185.0,566.0,-88.0,478.0,0.0,0.0,0.0,478.0,-29.0,449.0,0.0,0.0,449.0,563.55,114.55,653.1,0.69,0.69,0.862885,653.1,0.69,0.69,0.862885,
09/30/2018,3451.0,2492.0,2170.0,322.0,699.0,91.0,204.0,404.0,0.0,260.0,-816.0,811.0,761.0,50.0,5.0,5.0,,0.0,2635.0,-1485.0,,526.0,177.0,782.0,1150.0,-5.0,378.0,,378.0,378.0,,,-373.0,1145.0,-262.0,883.0,0.0,0.0,0.0,883.0,-29.0,854.0,0.0,0.0,854.0,761.79,-92.21,653.9,1.31,1.31,1.164995,654.9,1.3,1.3,1.1592,
12/31/2018,3361.0,1735.0,1705.0,30.0,600.0,336.0,168.0,96.0,0.0,1026.0,-957.0,721.0,686.0,35.0,236.0,236.0,,0.0,2404.0,-1570.0,,513.0,161.0,896.0,834.0,-77.0,440.0,,440.0,440.0,,,-363.0,757.0,-95.0,662.0,0.0,0.0,0.0,662.0,-21.0,641.0,0.0,0.0,641.0,591.5,-49.5,660.9,0.97,0.97,0.894992,660.9,0.97,0.97,0.894992,
03/31/2019,3858.0,1736.0,1420.0,316.0,1568.0,831.0,247.0,490.0,0.0,554.0,-1560.0,830.0,791.0,39.0,730.0,730.0,,0.0,2298.0,-2780.0,,651.0,292.0,1837.0,-482.0,-81.0,469.0,,469.0,469.0,,,-388.0,-563.0,-114.0,-677.0,0.0,0.0,0.0,-677.0,-3.0,-680.0,0.0,0.0,-680.0,615.6,1295.6,793.1,-0.86,-0.86,0.776195,793.1,-0.86,-0.86,0.77359,
06/30/2019,3970.0,2630.0,2455.0,175.0,759.0,275.0,71.0,413.0,0.0,581.0,-969.0,742.0,718.0,24.0,227.0,227.0,,0.0,3001.0,-2540.0,,661.0,284.0,1595.0,461.0,-360.0,452.0,,452.0,452.0,,,-92.0,101.0,-43.0,58.0,0.0,0.0,0.0,58.0,-4.0,54.0,0.0,0.0,54.0,572.24,518.24,802.5,0.07,0.07,0.713072,802.6,0.05,0.05,0.695701,
09/30/2019,4269.0,3115.0,2918.0,197.0,816.0,196.0,204.0,416.0,0.0,338.0,-938.0,785.0,774.0,11.0,153.0,153.0,,0.0,3331.0,-2017.0,,679.0,243.0,1095.0,1314.0,-278.0,451.0,,451.0,451.0,,,-173.0,1036.0,-51.0,985.0,0.0,0.0,0.0,985.0,-10.0,975.0,0.0,0.0,975.0,1078.49,103.49,813.0,1.19,1.19,1.326556,813.0,1.17,1.17,1.297294,
12/31/2019,4475.0,2721.0,2483.0,238.0,1397.0,615.0,302.0,480.0,0.0,357.0,-1095.0,669.0,655.0,14.0,426.0,426.0,,0.0,3380.0,-2159.0,,664.0,221.0,1274.0,1221.0,-68.0,401.0,,401.0,401.0,,,-333.0,1153.0,-143.0,1010.0,0.0,0.0,0.0,1010.0,-1.0,1009.0,0.0,0.0,1009.0,2163.34,1154.34,826.3,1.21,1.21,2.618105,826.3,1.21,1.21,2.606999,
03/31/2020,4496.0,2622.0,2390.0,232.0,1363.0,767.0,83.0,513.0,0.0,511.0,-1097.0,670.0,668.0,2.0,427.0,427.0,,0.0,3399.0,-2768.0,,673.0,284.0,1811.0,631.0,-889.0,490.0,,490.0,490.0,,,399.0,-258.0,19.0,-239.0,0.0,0.0,0.0,-239.0,-31.0,-270.0,0.0,0.0,-270.0,220.59,490.59,838.2,-0.34,-0.34,0.263171,838.2,-0.34,-0.34,0.24529,
06/30/2020,3585.0,2394.0,2217.0,177.0,723.0,261.0,33.0,429.0,0.0,468.0,-590.0,516.0,505.0,11.0,74.0,74.0,,0.0,2995.0,-2455.0,,673.0,256.0,1526.0,540.0,-2228.0,449.0,,449.0,449.0,,,1779.0,-1688.0,556.0,-1132.0,0.0,0.0,0.0,-1132.0,-37.0,-1169.0,-16.0,0.0,-1185.0,812.91,1997.91,839.4,-1.41,-1.41,0.968442,839.4,-1.41,-1.41,0.968442,
09/30/2020,3914.875,,,,,,,,,,,,,,,,,,,,,,,,,,,,,,,,,987.0,,948.667,,,,,,948.667,,,948.667,798.6,,,0.953,0.953,0.938,,0.953,0.953,0.938,
12/31/2020,3633.571,,,,,,,,,,,,,,,,,,,,,,,,,,,,,,,,,939.0,,897.5,,,,,,897.5,,,897.5,629.6,,,2.05,2.05,0.784,,2.05,2.05,0.784,
