Date,Revenue,Sales & Services Revenue,Other Revenue,Cost of Revenue,Cost of Goods & Services,Gross Profit,Other Operating Income,Operating Expenses,"Selling, General & Admin",Depreciation & Amortization,Other Operating Expense,Operating Income (Loss),Non-Operating (Income) Loss,"Interest Expense, Net",Interest Expense,Interest Income,Foreign Exch (Gain) Loss,(Income) Loss from Affiliates,Other Non-Op (Income) Loss,Pretax Income,Income Tax Expense (Benefit),Income (Loss) from Cont Ops,Net Extraordinary Losses (Gains),Discontinued Operations,XO & Accounting Changes,Income (Loss) Incl. MI,Minority Interest,"Net Income, GAAP",Preferred Dividends,Other Adjustments,"Net Income Avail to Common, GAAP","Net Income Avail to Common, Adj",Net Abnormal Losses (Gains),Basic Weighted Avg Shares,"Basic EPS, GAAP",Basic EPS from Cont Ops,"Basic EPS from Cont Ops, Adjusted",Diluted Weighted Avg Shares,"Diluted EPS, GAAP",Diluted EPS from Cont Ops,"Diluted EPS from Cont Ops, Adjusted",Source: Bloomberg
04/29/1989,598.065002,,,-376.342987,,221.722015,,-195.619003,,,,26.103001,4.479,,20.455999,,,,-24.934999,30.582001,-11.0,19.582001,,,,19.582001,,19.582001,-0.005,,19.577001,19.577001,,96.786003,0.203333,0.203333,,96.786003,0.203333,0.203333,0.203333,
07/29/1989,629.203003,,,-396.612,,232.591003,,-205.494003,,,,27.097,2.215,,24.816,,,,-27.031,29.312,-10.56,18.752001,,,,18.752,,18.752001,-0.005,,18.747001,18.747001,,99.257996,0.19,0.19,,99.257996,0.19,0.19,0.19,
10/28/1989,727.179016,,,-454.028015,,273.151001,,-239.386002,,,,33.764999,4.174999,,22.381001,,,,-26.556,37.939999,-13.7,24.24,,,,24.239999,,24.24,-0.005,,24.235,24.235,,105.516003,0.23,0.23,,105.516003,0.23,0.23,0.23,
02/03/1990,1094.61499,,,-699.987976,,394.627014,,-272.346008,,,,122.280998,7.776999,,24.183001,,,,-31.959999,130.057997,-44.540001,85.517998,,,,85.517996,,85.517998,-0.007,,85.510998,85.510998,,103.033733,0.81,0.81,,103.033733,0.81,0.81,0.81,
05/05/1990,742.382019,,,-464.05899,,278.323029,,-238.951996,,,,39.370998,6.559,,21.683001,,,,-28.242001,45.929998,-16.540001,29.389999,,,,29.389997,,29.389999,-0.005,,29.384999,29.384999,,107.750999,0.273333,0.273333,,107.750999,0.273333,0.273333,0.273333,
08/04/1990,774.564026,,,-488.09201,,286.472016,,-249.815994,,,,36.655998,8.255999,,24.621,,,,-32.876999,0.0,-16.16,28.752001,,,,-16.16,,28.752001,-0.005,,28.747001,28.747001,,107.973003,0.266667,0.266667,,107.973003,0.266667,0.266667,0.266667,
11/03/1990,873.48999,,,-547.583008,,325.906982,,-282.255005,,,,43.652,6.905001,,24.517,,,,-31.422001,50.557001,-18.200001,32.356998,,,,32.357,,32.356998,-0.005,,32.351998,32.351998,,110.483997,0.293333,0.293333,,110.483997,0.293333,0.293333,0.293333,
02/02/1991,1215.082031,,,-788.156982,,426.925049,,-297.234009,,,,129.690994,9.687998,,26.211,,,,-35.898998,139.378992,-47.099998,92.308998,,,,92.278994,,92.308998,-0.007,,92.301998,92.301998,,111.201003,0.83,0.83,0.83,111.201003,0.83,0.83,0.83,
05/04/1991,886.008972,,,-561.799011,,324.209961,,-274.923004,,,,49.286999,10.262001,,25.277,,,,-35.539001,59.549,-21.43,38.118999,,,,38.118999,,38.118999,-0.005,,38.113999,38.113999,,111.471004,0.343333,0.343333,,111.471004,0.343333,0.343333,0.343333,
08/03/1991,873.857971,,,-556.309021,,317.54895,,-273.372009,,,,44.176998,11.601002,,25.702999,,,,-37.304001,55.778,-20.1,35.678001,,,,35.677999,,35.678001,-0.005,,35.673001,35.673001,,111.863995,0.32,0.32,,111.863995,0.32,0.32,0.32,
11/02/1991,954.940979,,,-592.921997,,362.018982,,-308.214996,,,,53.804001,7.204,,28.808001,,,,-36.012001,61.008001,-21.959999,39.048,,,,39.048002,,39.048,-0.005,,39.043,39.043,,111.965996,0.35,0.35,,111.965996,0.35,0.35,0.35,
02/01/1992,1321.583984,,,-854.874023,,466.709961,,-330.515015,,,,136.195007,9.626998,,29.598,,,,-39.224998,145.822005,-52.509998,93.311996,,,,93.312007,,93.311996,-0.007,,93.304996,93.304996,,112.424091,0.83,0.83,0.83,112.424091,0.83,0.83,0.83,
05/02/1992,1033.907959,,,-667.20697,,366.700989,,-308.376007,,,,58.325001,13.204,,28.997999,,,,-42.202,71.529001,-26.459999,45.069,,,,45.069002,,45.069,-0.005,,45.064,45.064,,112.148003,0.403333,0.403333,,112.148003,0.403333,0.403333,0.403333,
08/01/1992,974.872009,,,-627.398987,,347.473022,,-301.631989,,,,45.841,12.073,,29.344,,,,-41.417,57.914,-21.43,36.484001,,,,36.483999,,36.484001,-0.005,,36.479001,36.479001,,112.139999,0.33,0.33,,112.139999,0.33,0.33,0.33,
10/31/1992,1165.328003,,,-751.40802,,413.919983,,-355.106995,,,,58.813,11.697001,,31.677,,,,-43.374001,70.51,-26.09,44.419998,,,,44.42,,44.419998,-0.005,,44.414998,44.414998,,112.210999,0.4,0.4,,112.210999,0.4,0.4,0.4,
01/30/1993,1539.879028,,,-997.424011,,542.455017,,-377.40799,,,,165.046997,10.329999,,31.921,,0.0,,-42.250999,175.376996,-64.919998,110.457001,0.0,,,110.456998,0.0,110.457001,-0.007,,110.450001,110.450001,,112.711227,0.98,0.98,0.98,112.711227,0.98,0.98,0.98,
05/01/1993,1163.178955,,,-753.950012,,409.228943,,-347.453003,,,,61.776001,14.372002,,33.002998,,,,-47.375,76.148003,-27.975,48.173,,,,48.173002,,48.173,-0.005,,48.168,48.168,,112.681999,0.43,0.43,,112.681999,0.43,0.43,0.43,
07/31/1993,1150.187988,,,-709.877014,,440.310974,,-332.227997,,,,108.083,-45.793,,33.424,,0.0,,12.369,62.29,-23.049999,39.240002,0.0,,,39.240001,0.0,39.240002,-0.005,,39.235002,39.235002,,112.723,0.35,0.35,,112.723,0.35,0.35,0.35,
10/30/1993,1228.064941,,,-785.968994,,442.095947,,-373.42099,,,,68.675003,12.202,,32.345001,,0.0,,-44.547001,80.877003,-38.5,42.376999,0.0,,,42.377003,0.0,42.376999,-0.005,,42.371999,42.371999,,112.839996,0.38,0.38,,112.839996,0.38,0.38,0.38,
01/29/1994,1589.215942,,,-1056.96106,,532.254882,,-422.085999,,,,110.168999,70.049999,,32.143002,,0.0,,-102.193001,180.218998,-68.875,111.344002,0.0,,,111.343998,0.0,111.344002,-0.007,,111.337002,111.337002,,112.900002,0.99,0.99,0.99,112.900002,0.99,0.99,0.99,
04/30/1994,1283.94104,,,-853.078979,,430.862061,,-370.321014,,,,60.541,17.369999,,30.652,,0.0,,-48.021999,77.910999,-29.605,48.306,0.0,,,48.306,0.0,48.306,0.0,,48.306,48.306,,113.0,0.43,0.43,,113.0,0.43,0.43,0.43,
07/30/1994,1229.864014,,,-774.797974,,455.06604,,-368.451996,,,,86.613998,-32.168999,,32.168999,,0.0,,0.0,54.445,-20.690001,33.755001,0.0,,,33.754999,0.0,33.755001,0.0,,33.755001,33.755001,,113.042,0.3,0.3,,113.042,0.3,0.3,0.3,
10/29/1994,1378.405029,,,-866.249023,,512.156006,,-399.471008,,,,112.684998,-30.747999,,30.747999,,0.0,,0.0,81.936998,-31.135,50.801998,0.0,,,50.801998,0.0,50.801998,0.0,,50.801998,50.801998,,113.003998,0.45,0.45,,113.003998,0.45,0.45,0.45,
01/28/1995,1653.593018,,,-1120.501953,,533.091065,,-445.324005,,,,87.766998,104.050001,,30.712999,,0.0,,-134.763,191.816999,-72.889999,118.927002,0.0,,,118.927,0.0,118.927002,-0.022,,118.905002,118.905002,,113.0,1.05,1.05,1.05,113.0,1.05,1.05,1.05,
04/29/1995,1326.754028,,,-881.927979,,444.82605,,-386.904999,,,,57.921001,20.108,,27.414,,0.0,,-47.521999,78.029001,-29.65,48.379002,0.0,,,48.379002,0.0,48.379002,0.0,,48.379002,48.379002,,113.045998,0.43,0.43,,113.045998,0.43,0.43,0.43,
07/29/1995,1309.891968,,,-824.945984,,484.945984,,-392.5,,,,92.445999,-30.132999,,30.132999,,0.0,,0.0,62.313,-23.68,38.632999,0.0,,,38.632999,0.0,38.632999,0.0,,38.632999,38.632999,,113.115997,0.34,0.34,,113.115997,0.34,0.34,0.34,
10/28/1995,1451.593018,,,-915.525024,,536.067993,,-424.339996,,,,111.727997,-29.433001,,29.433001,,0.0,,0.0,82.294996,-31.27,51.025002,0.0,,,51.024996,0.0,51.025002,0.0,,51.025002,51.025002,,113.264,0.45,0.45,,113.264,0.45,0.45,0.45,
02/03/1996,1829.79895,,,-1271.386963,,558.411987,,-483.341003,,,,75.070999,-28.055001,,33.074001,,0.0,,-5.019,47.015998,-17.870001,29.146,0.0,,,29.145997,0.0,29.146,-0.022,,29.124,29.124,,113.199997,0.26,0.26,0.26,113.199997,0.26,0.26,0.26,
05/04/1996,1453.302002,,,-955.796997,,497.505005,,-427.845001,,,,69.660004,19.866001,,28.584999,,0.0,,-48.451,89.526005,-33.125,56.401001,0.0,,,56.401005,0.0,56.401001,-0.006,,56.395001,56.395001,,113.793999,0.5,0.5,0.5,113.793999,0.5,0.5,0.5,
08/03/1996,1340.32605,,,-871.804016,,468.522034,,-422.065002,,,,46.457001,16.278997,,30.224001,,0.0,,-46.502998,62.735998,-23.209999,39.526001,0.0,,,39.525999,0.0,39.526001,-0.005,,39.521001,39.521001,,114.361,0.35,0.35,0.35,114.361,0.35,0.35,0.35,
11/02/1996,1496.578003,,,-1005.122986,,491.455017,,-457.64801,,,,33.806999,16.380999,,30.308001,,0.0,,-46.688999,50.187998,-18.57,31.618,0.0,,,31.617998,0.0,31.618,-0.006,,31.612,31.612,,114.004997,0.28,0.28,0.28,114.004997,0.28,0.28,0.28,
02/01/1997,1937.379028,,,-1292.041016,,645.338012,,-480.377014,,,,164.960999,11.350001,,31.482,,0.0,,-42.832001,176.311,-65.235001,111.075996,0.0,,,111.075999,0.0,111.075996,-0.005,,111.070996,111.070996,,113.800003,0.98,0.98,0.98,113.800003,0.98,0.98,0.98,
05/03/1997,1515.343994,,,-995.203003,,520.140991,,-444.421997,,,,75.719002,16.754002,,30.459,,0.0,,-47.213001,92.473003,-34.215,58.257999,0.0,,,58.258003,0.0,58.257999,-0.006,,58.251999,58.251999,,112.794998,0.52,0.52,0.52,112.996002,0.52,0.52,0.52,
08/02/1997,1453.151978,,,-946.119019,,507.032959,,-449.354004,,,,57.679001,12.708,,33.48,,0.0,,-46.188,70.387001,-26.045,44.341999,0.0,,,44.342001,0.0,44.341999,-0.005,,44.336999,44.336999,,111.028,0.4,0.4,0.4,111.668999,0.4,0.4,0.4,
11/01/1997,1592.118042,,,-1056.302979,,535.815063,,-479.425995,,,,56.389,13.997997,,33.219002,,0.0,,-47.216999,70.386997,-26.040001,44.347,0.0,,,44.346996,0.0,44.347,-0.005,,44.342,44.342,,110.869003,0.4,0.4,0.4,112.114998,0.4,0.4,0.4,
01/31/1998,2071.137939,,,-1395.666016,,675.471924,,-511.144012,,,,164.328003,12.460003,,32.078999,,0.0,,-44.539001,176.788006,-65.410004,111.377998,0.0,,,111.378002,0.0,111.377998,-0.006,,111.371998,111.371998,,110.5,1.01,1.01,1.01,110.5,1.0,1.0,1.0,
05/02/1998,1682.215942,,,-1117.220947,,564.994995,,-478.893005,,,,86.101997,14.013,33.655998,33.655998,,0.0,,-47.668999,100.114998,-37.044998,63.07,0.0,,,63.07,0.0,63.07,-0.005,,63.065,63.065,,108.322998,0.58,0.58,0.58,108.950996,0.58,0.58,0.58,
08/01/1998,1504.504028,,,-964.143982,,540.360046,,-476.412994,,,,63.946999,12.153999,35.341999,35.341999,,0.0,,-47.495998,76.100998,-28.155001,47.945999,0.0,,,47.945997,0.0,47.945999,-0.006,,47.939999,47.939999,,106.726997,0.45,0.45,0.45,107.609001,0.45,0.45,0.45,
10/31/1998,2021.29895,,,-1368.265991,,653.032959,,-633.882019,,,,19.150999,-96.846003,64.871002,64.871002,,0.0,,31.975,-77.695004,27.49,-50.205002,0.0,,,-50.205004,0.0,-50.205002,-0.006,,-50.211002,-50.211002,,106.82,-0.47,-0.47,0.42,106.82,-0.47,-0.47,0.42,
01/30/1999,2588.721924,,,-1768.463989,,820.257935,,-648.47699,,,,171.781006,-51.218,,62.811001,,0.0,,-11.593,120.563005,-46.115002,74.447998,0.0,,,74.448004,0.0,74.447998,-0.005,,74.442998,74.442998,,106.900002,0.7,0.7,1.12,107.0,0.7,0.7,1.12,
05/01/1999,2184.937012,,,-1392.718018,,792.218994,,-621.526978,,,,170.692001,-62.716999,62.716999,62.716999,,,,0.0,107.975002,-41.029999,66.945,,,,66.945004,,66.945,-0.006,,66.939,66.939,,106.924004,0.63,0.63,0.63,106.968002,0.63,0.63,0.63,
07/31/1999,1951.124023,,,-1223.494019,,727.630005,,-611.838013,,,,115.792,-57.401001,57.401001,57.401001,,0.0,,0.0,58.390999,-22.184999,36.206001,0.0,,,36.205999,0.0,36.206001,-0.003,,36.203001,36.203001,,107.185997,0.34,0.34,0.34,107.700996,0.34,0.34,0.34,
10/30/1999,2071.954102,,,-1380.526978,,691.427124,,-616.723022,,,,74.704002,-18.591,56.238998,56.238998,,0.0,,-37.647999,56.113003,-21.325001,34.787998,0.0,,,34.788002,0.0,34.787998,0.0,,34.787998,34.787998,,106.847,0.33,0.33,0.33,106.847,0.33,0.33,0.33,
01/29/2000,2574.836914,,,-1745.633057,,829.203857,,-702.325012,,,,126.878998,-65.409,,60.208,,0.0,,5.201,61.469997,-35.68,25.790001,0.0,,,25.789997,0.0,25.790001,0.0,0.0,25.790001,25.790001,,100.900002,0.26,0.26,0.55,101.0,0.26,0.26,0.55,
04/29/2000,2145.748,,,-1369.195,,776.553,,-628.441,,,,148.112,-58.726,58.726,58.726,,,,0.0,89.386,-33.965,55.421,129.991,,,-74.57,,-74.57,,,-74.57,-74.57,,95.648,-0.78,0.58,0.58,95.648,-0.78,0.58,0.58,
07/29/2000,1902.068,,,-1227.837,,674.231,,-614.439,,,,59.792,-57.595,57.595,57.595,,,,0.0,2.197,-0.835,1.362,-4.391,,,5.753,,5.753,0.0,,5.753,5.753,,92.742,0.06,0.01,0.01,92.742,0.06,0.01,0.01,
10/28/2000,2047.306,,,-1390.653,,656.653,,-634.948,,,,21.705,-52.518,52.518,52.518,,,,0.0,-30.813,11.705,-19.108,-15.475,,,-3.633,,-3.633,,,-3.633,-3.633,,90.716,-0.04,-0.21,-0.21,90.716,-0.04,-0.21,-0.21,
02/03/2001,2661.956055,,,-1814.462036,,847.494019,,-737.336975,,,,110.156998,-30.067002,,55.483002,,0.0,,-25.416,80.089996,-20.934999,59.154999,-7.445,,,66.599997,0.0,66.599998,0.0,0.0,66.599998,66.599998,,85.599998,0.78,0.69,1.09,85.699997,0.78,0.69,1.09,
05/05/2001,1977.585,,,-1253.007,,724.578,,-634.524,,,,90.054,-48.185,48.185,48.185,,,,0.0,41.869,-16.035,25.834,-3.159,,,28.993,,28.993,,,28.993,28.993,,84.834,0.34,0.3,0.3,85.444,0.34,0.3,0.3,
08/04/2001,1885.563,,,-1238.37,,647.193,,-630.566,,,,16.627,-49.965,47.965,47.965,,,,2.0,-33.338,12.77,-20.568,-1.963,,,-18.605,,-18.605,0.0,,-18.605,-18.605,,83.79,-0.22,-0.24,-0.24,83.79,-0.22,-0.24,-0.24,
11/03/2001,1930.159,,,-1312.956,,617.203,,-634.867,,,,-17.664,-47.557,47.557,47.557,,,,0.0,-65.221,24.98,-40.241,-0.125,,,-40.116,,-40.116,,,-40.116,-40.116,,83.71,-0.48,-0.48,-0.48,83.71,-0.48,-0.48,-0.48,
02/02/2002,2533.965088,,,-1703.369019,,830.596069,,-674.968994,,,,155.626999,12.633999,,46.681,,0.0,,-59.314999,168.260998,-67.5,100.761002,-0.765,,,101.525998,0.0,101.526001,0.0,0.0,101.526001,101.526001,,83.699997,1.21,1.2,1.21,84.099998,1.21,1.2,1.21,
05/04/2002,1974.274,,,-1226.428,,747.846,,-612.308,,,,135.538,-44.736,44.736,44.736,,,,0.0,90.802,-32.69,58.112,530.331,,,-472.219,,-472.219,,,-472.219,-472.219,,84.1,-5.61,0.69,0.69,84.987,-5.56,0.68,0.68,
08/03/2002,1885.741,,,-1197.299,,688.442,,-622.856,,,,65.586,-46.05,46.912,46.912,,,,-0.862,19.536,-7.035,12.501,5.835,,,6.666,,6.666,,,6.666,6.666,,84.597,0.08,0.15,0.15,85.82,0.08,0.15,0.15,
11/02/2002,1857.613,,,-1191.437,,666.176,,-631.622,,,,34.554,-44.264,44.264,44.264,,,,0.0,-9.71,3.495,-6.215,-1.113,,,-5.102,,-5.102,,,-5.102,-5.102,,84.676,-0.06,-0.07,-0.07,84.676,-0.06,-0.07,-0.07,
02/01/2003,2387.891113,,,-1638.969971,,748.921142,,-666.755005,,,,82.166,28.848999,,47.917999,,0.0,,-76.766998,111.014999,-38.764999,72.25,0.0,,,72.25,0.0,72.25,0.0,0.0,72.25,72.25,,84.699997,0.85,0.85,0.77,85.0,0.85,0.85,0.77,
05/03/2003,1891.326,,,-1211.972,,679.354,,-597.88,,,,81.474,-43.425,43.425,43.425,,,,0.0,38.049,-13.7,24.349,,,,24.349,,24.349,,,24.349,24.349,,84.486,0.29,0.29,0.29,84.695,0.29,0.29,0.29,
08/02/2003,1780.327,,,-1186.418,,593.909,0.0,-596.153,507.803,,88.35,-2.244,-76.427,,59.364,,,,17.063,-78.671,28.325,-50.346,,,,-50.346,,-50.346,,0.0,-50.346,-50.346,,83.417,-0.6,-0.6,-0.46,83.417,-0.6,-0.6,-0.46,
11/01/2003,1764.484009,,,-1200.052979,,564.43103,,-606.088013,,,,-41.657001,16.911999,37.338001,37.338001,,0.0,,-54.25,-24.745003,8.91,-15.835,0.0,,,-15.835003,0.0,-15.835,0.0,0.0,-15.835,-15.835,,83.303001,-0.19,-0.19,-0.21,83.303001,-0.19,-0.19,-0.21,
01/31/2004,2299.054,,,-1571.73,,727.324,,-652.588,,,,74.736,6.625,40.938,56.538,,0.0,,-47.563,81.361,-30.185,51.176,0.0,,,51.176,0.0,51.176,0.0,0.0,51.176,51.176,,83.4,0.61,0.61,0.74,83.7,0.61,0.61,0.74,
05/01/2004,1854.39502,,,-1187.5,,666.89502,,-597.73999,,,,69.154999,14.852001,37.952,37.952,,0.0,,-52.804001,84.007,-30.245001,53.762001,0.0,,,53.761999,0.0,53.762001,0.0,0.0,53.762001,53.762001,,83.500999,0.64,0.64,0.68,83.871002,0.64,0.64,0.68,
07/31/2004,1730.055054,,,-1145.845947,,584.209106,,-587.312012,,,,-3.103,-37.566002,37.566002,37.566002,,,,0.0,-40.669002,14.64,-26.028999,,,,-26.029001,,-26.028999,,,-26.028999,-26.028999,,83.737999,-0.31,-0.31,-0.31,83.737999,-0.31,-0.31,-0.31,
10/30/2004,1755.146973,,,-1140.897949,,614.249023,,-608.263977,,,,5.985,-35.188,35.188,35.188,,,,0.0,-29.203,10.515,-18.688,,,,-18.687999,,-18.688,,,-18.688,-18.688,,82.893997,-0.23,-0.23,-0.23,82.893997,-0.23,-0.23,-0.23,
01/29/2005,2303.9,,,-1543.521,,760.379,,-662.166,,,,98.213,72.203,,28.35,,0.0,,-100.553,170.416,-61.795,108.621,0.0,,,108.621,0.0,108.621,0.0,0.0,108.621,108.621,,82.7,1.31,1.31,0.76,83.4,1.3,1.3,0.76,
04/30/2005,1802.999023,,,-1170.271973,,632.727051,,-582.401978,,,,50.325001,9.114998,26.200001,26.200001,,0.0,,-35.314999,59.439999,-21.4,38.040001,0.0,,,38.039999,0.0,38.040001,0.0,0.0,38.040001,38.040001,,83.223999,0.46,0.46,0.46,83.525002,0.46,0.46,0.46,
07/30/2005,1691.878052,,,-1144.025024,,547.853027,,-570.648987,,,,-22.796,3.392,27.242001,27.242001,,0.0,,-30.634001,-19.403999,7.065,-12.339,0.0,,,-12.338999,0.0,-12.339,0.0,0.0,-12.339,-12.339,,82.688004,-0.15,-0.15,-0.1,82.688004,-0.15,-0.15,-0.1,
10/29/2005,1727.105957,,,-1147.109009,,579.996948,,-592.559021,,,,-12.562,8.372999,25.746,25.746,,0.0,,-34.118999,-4.189001,1.51,-2.679,0.0,,,-2.679001,0.0,-2.679,0.0,0.0,-2.679,-2.679,,80.990997,-0.03,-0.03,-0.03,80.990997,-0.03,-0.03,-0.03,
01/28/2006,2338.208,,,-1552.615,,785.593,,-645.273,,,,140.32,-40.382,,26.382,,0.0,,14.0,99.938,-1.475,98.463,0.0,,,98.463,0.0,98.463,0.0,0.0,98.463,98.463,,79.1,1.24,1.24,1.02,79.2,1.24,1.24,1.02,
04/29/2006,1837.462036,,,-1179.437012,,658.025024,,-579.591003,,,,78.433998,17.950001,23.610001,23.610001,,0.0,,-41.560001,96.383999,-35.064999,61.319,0.0,,,61.319,0.0,61.319,0.0,0.0,61.319,61.319,,79.327003,0.77,0.77,0.77,79.382004,0.77,0.77,0.77,
07/29/2006,1733.366,,,-1122.273,,611.093,,-596.231,,,,14.862,-9.385,24.587,24.587,,0.0,,-15.202,5.477,10.25,15.727,0.0,,,15.727,0.0,15.727,0.0,0.0,15.727,15.727,,79.418,0.2,0.2,0.06,80.156,0.2,0.2,0.06,
10/28/2006,1762.613037,,,-1118.312988,,644.300049,,-599.580994,,,,44.719002,-23.434999,23.434999,23.434999,,0.0,,0.0,21.284002,-7.675,13.609,0.0,,,13.609002,0.0,13.609,0.0,0.0,13.609,13.609,,79.633003,0.17,0.17,0.17,80.912003,0.17,0.17,0.17,
02/03/2007,2459.2,,,-1612.3,,846.9,,-677.3,577.59,,99.71,169.6,-26.5,,26.5,,0.0,,12.384,143.1,11.9,155.0,0.0,,,155.0,0.0,155.0,0.0,0.0,155.0,155.0,,79.483,1.95,1.95,1.06,81.147,1.91,1.91,1.03,
05/05/2007,1799.454,,,-1126.091,,673.363,,-587.505,499.375,,88.13,85.858,-17.544,,20.736,,,,0.0,68.314,-25.39,42.924,0.0,,,42.924,0.0,42.924,0.0,0.0,42.924,42.924,0.0,80.197,0.54,0.54,0.54,81.557,0.53,0.53,0.53,
08/04/2007,1689.083,,,-1128.679,,560.404,,-584.88,,,,-24.476,-18.04,22.741,22.741,,0.0,,-4.701,-42.516,17.35,-25.166,0.0,,,-25.166,0.0,-25.166,0.0,0.0,-25.166,-25.166,,80.342,-0.31,-0.31,-0.31,80.342,-0.31,-0.31,-0.31,
11/03/2007,1674.159058,,,-1070.661011,,603.498047,,-609.995972,,,,-6.498,-11.673,23.121,23.121,,0.0,,-11.448,-18.171,6.83,-11.341,0.0,,,-11.341001,0.0,-11.341,0.0,0.0,-11.341,-11.341,,77.918999,-0.15,-0.15,-0.21,77.918999,-0.15,-0.15,-0.21,
02/02/2008,2208.1,,,-1461.2,,746.9,,-642.5,549.1,,93.4,104.4,-45.3,25.0,25.0,,0.0,,15.8,59.1,-11.8,47.3,0.0,,,47.3,0.0,47.3,0.0,0.0,47.3,47.3,,75.2,0.63,0.63,0.62,75.2,0.63,0.63,0.62,
05/03/2008,1713.598,1713.598,,-1118.302,1118.302,595.296,0.0,-568.574,480.921,72.075,15.578,26.722,-22.419,22.113,,,,,0.925,4.303,-1.61,2.693,0.0,0.0,0.0,2.693,0.0,2.693,0.0,0.0,2.693,2.62865,-0.06435,75.2,0.04,0.04,0.034955,75.2,0.04,0.04,0.034955,
08/02/2008,1646.502,1646.502,,-1129.366,1129.366,517.136,0.0,-548.889,479.328,73.021,-3.46,-31.753,-33.847,23.026,,,,,9.809,-65.6,27.26,-38.34,0.0,0.0,0.0,-38.34,0.0,-38.34,0.0,0.0,-38.34,-49.54,-11.2,75.005,-0.51,-0.51,-0.660489,75.005,-0.51,-0.51,-0.660489,
11/01/2008,1546.056,1546.056,,-1046.428,1046.428,499.628,0.0,-564.496,490.663,67.117,6.716,-64.868,-30.102,22.0,,,,,9.269,-94.97,38.9,-56.07,0.0,0.0,0.0,-56.07,0.0,-56.07,0.0,0.0,-56.07,-58.00265,-1.93265,73.454,-0.76,-0.76,-0.789646,73.454,-0.76,-0.76,-0.789646,
01/31/2009,2082.3,2038.9,43.4,-1533.6,1533.6,548.7,0.0,-572.0,481.8,72.1,18.1,-23.3,-202.0,21.7,,,,,177.9,-225.3,76.0,-149.3,0.0,0.0,0.0,-149.3,0.0,-149.3,0.0,0.0,-149.3,-107.8994,41.4006,73.5,-2.03,-2.03,-1.468019,73.5,-2.03,-2.03,-1.468019,
05/02/2009,1505.296,1505.296,,-979.579,979.579,525.717,0.0,-494.24,414.284,65.524,14.432,31.477,-19.164,18.408,,,,,0.0,12.313,-4.65,7.663,0.0,0.0,0.0,7.663,0.0,7.663,0.0,0.0,7.663,6.7188,-0.9442,73.644,0.1,0.1,0.091234,73.644,0.1,0.1,0.087179,
08/01/2009,1455.169,1455.169,,-1001.011,1001.011,454.158,0.0,-476.459,396.721,66.391,13.347,-22.301,-19.396,19.011,,,,,0.0,-41.697,15.04,-26.657,0.0,0.0,0.0,-26.657,0.0,-26.657,0.0,0.0,-26.657,-27.03985,-0.38285,73.827,-0.36,-0.36,-0.36626,73.827,-0.36,-0.36,-0.36626,
10/31/2009,1390.716,1390.716,,-893.008,893.008,497.708,0.0,-482.104,402.12,66.135,13.849,15.604,-20.153,18.357,,,,,0.0,-4.549,12.56,8.011,0.0,0.0,0.0,8.011,0.0,8.011,0.0,0.0,8.011,-2.7294,-10.7404,73.833,0.11,0.11,-0.036967,73.833,0.11,0.11,-0.036967,
01/30/2010,1875.4,1834.0,41.4,-1229.2,1229.2,646.2,0.0,-509.4,431.0,64.8,13.6,136.8,-21.7,18.2,18.2,,,,3.1,115.1,-35.6,79.5,0.0,0.0,0.0,79.5,0.0,79.5,0.0,0.0,79.5,80.0114,0.5114,73.8,1.08,1.08,1.084165,73.8,1.08,1.08,1.084165,
05/01/2010,1482.661,1482.661,,-914.261,914.261,568.4,0.0,-470.268,393.642,63.716,12.91,98.132,-22.018,18.856,,,,,2.208,76.114,-27.28,48.834,0.0,0.0,0.0,48.834,0.0,48.834,0.0,0.0,48.834,48.7664,-0.0676,72.295,0.68,0.68,0.674547,72.295,0.68,0.68,0.674547,
07/31/2010,1420.79,1420.79,,-930.436,930.436,490.354,0.0,-464.33,392.054,64.455,7.821,26.024,-19.436,18.462,18.462,0.0,,,0.0,6.588,0.24,6.828,0.0,0.0,0.0,6.828,0.0,6.828,0.0,0.0,6.828,2.228,-4.6,67.688,0.1,0.1,0.032916,67.688,0.1,0.1,0.032041,
10/30/2010,1373.037,1373.037,,-857.474,857.474,515.563,0.0,-476.022,398.494,64.953,12.575,39.541,-19.125,18.043,,,,,0.0,20.416,-6.035,14.381,0.0,0.0,0.0,14.381,0.0,14.381,0.0,0.0,14.381,14.48581,0.10481,65.923,0.22,0.22,0.219738,65.923,0.22,0.22,0.219738,
01/29/2011,1977.0,1934.3,42.7,-1273.9,1273.9,703.1,0.0,-522.1,441.6,68.4,12.1,181.0,-20.0,18.4,,,,,0.0,161.0,-51.4,109.6,0.0,0.0,0.0,109.6,0.0,109.6,0.0,0.0,109.6,92.025,-17.575,61.8,1.77,1.77,1.489078,62.8,1.75,1.75,1.470143,
04/30/2011,1498.756,1498.756,,-898.886,898.886,599.87,0.0,-464.7,389.267,64.031,11.402,135.17,-15.783,18.275,,,,,1.2,119.387,-42.71,76.677,0.0,0.0,0.0,76.677,0.0,76.677,0.0,0.0,76.677,73.9588,-2.7182,57.463,1.33,1.33,1.287068,58.532,1.31,1.31,1.26356,
07/30/2011,1476.177,1476.177,,-963.523,963.523,512.654,0.0,-469.91,396.037,64.097,9.776,42.744,-18.169,18.422,,,,,0.0,24.575,-7.01,17.565,0.0,0.0,0.0,17.565,0.0,17.565,0.0,0.0,17.565,13.22905,-4.33595,54.262,0.32,0.32,0.2438,55.24,0.32,0.32,0.241507,
10/29/2011,1417.62,1417.62,,-881.079,881.079,536.541,0.0,-479.273,404.766,64.734,9.773,57.268,-17.457,17.75,,,,,0.0,39.811,188.36,228.171,0.0,0.0,0.0,228.171,0.0,228.171,0.0,0.0,228.171,24.826,-203.345,52.107,4.38,4.38,0.476443,52.95,4.31,4.31,0.469679,
01/28/2012,2011.7,2011.7,,-1302.6,1302.6,709.1,0.0,-474.3,440.8,64.8,-31.3,234.8,-17.2,17.6,,,,,0.0,217.6,-76.1,141.5,0.0,0.0,0.0,141.5,0.0,141.5,0.0,0.0,141.5,-88.865,-230.365,50.2,2.82,2.82,-1.770219,51.1,2.77,2.77,-1.770219,
04/28/2012,1586.012,1586.012,,-956.913,956.913,629.099,0.0,-464.526,393.238,64.02,7.268,164.573,-16.62,17.455,,,,,0.0,147.953,-52.97,94.983,0.0,0.0,0.0,94.983,0.0,94.983,0.0,0.0,94.983,94.33495,-0.64805,49.38,1.92,1.92,1.910388,50.31,1.89,1.89,1.877119,
07/28/2012,1525.182,1525.182,,-987.802,987.802,537.38,0.0,-471.502,398.788,64.215,8.499,65.878,-17.526,17.673,,,,,0.0,48.352,-17.33,31.022,0.0,0.0,0.0,31.022,0.0,31.022,0.0,0.0,31.022,30.9297,-0.0923,48.288,0.64,0.64,0.640526,49.232,0.63,0.63,0.628125,
10/27/2012,1486.345,1486.345,,-919.623,919.623,566.722,0.0,-476.987,404.637,65.798,6.552,89.735,-16.99,17.011,,,,,0.0,72.745,-24.231,48.514,0.0,0.0,0.0,48.514,0.0,48.514,0.0,0.0,48.514,46.114,-2.4,47.127,1.03,1.03,0.978505,48.105,1.01,1.01,0.960109,
02/02/2013,2154.1,2154.1,,-1382.8,1382.8,771.3,0.0,-540.6,474.9,65.6,0.1,230.7,-18.8,17.5,,,,,1.5,211.9,-50.5,161.4,0.0,0.0,0.0,161.4,0.0,161.4,0.0,0.0,161.4,136.5,-24.9,47.7,3.38,3.38,2.861635,48.0,3.36,3.36,2.84125,
05/04/2013,1589.381,1589.381,,-937.785,937.785,651.596,0.0,-448.538,390.196,65.116,-6.774,203.058,-22.428,16.31,,,,,6.527,180.63,-63.42,117.21,0.0,0.0,0.0,117.21,0.0,117.21,0.0,0.0,117.21,101.58575,-15.62425,46.936,2.5,2.5,2.164346,46.936,2.5,2.5,2.164346,
08/03/2013,1516.796,1516.796,,-976.822,976.822,539.974,0.0,-467.97,398.218,64.244,5.508,72.004,-15.838,16.246,,,,,0.0,56.166,-19.675,36.491,0.0,0.0,0.0,36.491,0.0,36.491,0.0,0.0,36.491,36.4754,-0.0156,46.327,0.79,0.79,0.787346,46.327,0.79,0.79,0.787346,
11/02/2013,1506.925,1506.925,,-937.407,937.407,569.518,0.0,-475.292,404.406,64.942,5.944,94.226,-15.788,15.789,,,,,0.0,78.438,-27.57,50.868,0.0,0.0,0.0,50.868,0.0,50.868,0.0,0.0,50.868,50.8667,-0.0013,45.155,1.13,1.13,1.126491,45.155,1.13,1.13,1.126491,
02/01/2014,2078.7,2078.7,,-1371.7,1371.7,707.0,0.0,-510.2,439.2,61.2,9.8,196.8,-15.0,16.2,,,,,-1.2,181.8,-62.7,119.1,0.0,0.0,0.0,119.1,0.0,119.1,0.0,0.0,119.1,119.1,0.0,43.9,2.71,2.71,2.71,43.9,2.71,2.71,2.71,
05/03/2014,1588.541,1588.541,,-939.224,939.224,649.317,0.0,-461.036,393.651,61.959,5.426,188.281,-15.638,15.841,,,,,0.0,172.643,-60.96,111.683,0.0,0.0,0.0,111.683,0.0,111.683,0.0,0.0,111.683,111.43015,-0.25285,43.651,2.56,2.56,2.552751,43.651,2.56,2.56,2.552751,
08/02/2014,1512.888,1512.888,,-976.269,976.269,536.619,0.0,-468.327,400.459,62.058,5.81,68.292,-14.953,15.203,,,,,0.0,53.339,-18.89,34.449,0.0,0.0,0.0,34.449,0.0,34.449,0.0,0.0,34.449,34.4165,-0.0325,43.217,0.8,0.8,0.796365,43.217,0.8,0.8,0.796365,
11/01/2014,1499.144,1499.144,,-924.443,924.443,574.701,0.0,-474.83,412.259,62.714,-0.143,99.871,-14.53,14.598,,,,,0.0,85.341,-30.11,55.231,0.0,0.0,0.0,55.231,0.0,55.231,0.0,0.0,55.231,51.431,-3.8,42.369,1.3,1.3,1.213883,42.369,1.3,1.3,1.210312,
01/31/2015,2179.6,2179.6,,-1432.7,1432.7,746.9,0.0,-531.2,457.5,63.9,9.8,215.7,-15.7,15.7,,,,,0.0,200.0,-69.5,130.5,0.0,0.0,0.0,130.5,0.0,130.5,0.0,0.0,130.5,130.695,0.195,41.2,3.17,3.17,3.172209,41.2,3.17,3.17,3.172209,
05/02/2015,1613.418,1613.418,,-960.419,960.419,652.999,0.0,-470.427,403.56,61.153,5.714,182.572,-14.961,15.227,,,,,0.0,167.611,-58.04,109.571,0.0,0.0,0.0,109.571,0.0,109.571,0.0,0.0,109.571,109.54305,-0.02795,41.192,2.66,2.66,2.659328,41.192,2.66,2.66,2.659321,
08/01/2015,1550.844,1550.844,,-1020.331,1020.331,530.513,0.0,-470.445,404.278,60.5,5.667,60.068,-14.468,14.765,,,,,0.0,45.6,-15.65,29.95,0.0,0.0,0.0,29.95,0.0,29.95,0.0,0.0,29.95,29.9162,-0.0338,40.096,0.75,0.75,0.746114,40.096,0.75,0.75,0.746114,
10/31/2015,1472.854,1472.854,,-912.92,912.92,559.934,0.0,-474.719,412.715,65.6,-3.596,85.215,-14.501,14.872,,,,,0.0,70.714,-24.97,45.744,0.0,0.0,0.0,45.744,0.0,45.744,0.0,0.0,45.744,39.744,-6.0,38.341,1.19,1.19,1.036593,38.341,1.19,1.19,1.03351,
01/30/2016,2117.4,2117.4,,-1457.1,1457.1,660.3,0.0,-518.5,449.4,62.8,6.3,141.8,-15.7,16.1,,,,,0.0,126.1,-42.1,84.0,0.0,0.0,0.0,84.0,0.0,84.0,0.0,0.0,84.0,82.0,-2.0,36.4,2.31,2.31,2.252747,36.4,2.31,2.31,2.252747,
04/30/2016,1538.797,1538.797,,-938.579,938.579,600.218,0.0,-464.884,398.344,60.645,5.895,135.334,-15.703,15.714,,,,,0.0,119.631,-42.2,77.431,0.0,0.0,0.0,77.431,0.0,77.431,0.0,0.0,77.431,77.36925,-0.06175,35.652,2.17,2.17,2.170124,35.652,2.17,2.17,2.168268,
07/30/2016,1488.75,1488.75,,-993.359,993.359,495.391,0.0,-460.85,395.144,60.607,5.099,34.541,-15.968,15.979,,,,,0.0,18.573,-6.49,12.083,0.0,0.0,0.0,12.083,0.0,12.083,0.0,0.0,12.083,11.57535,-0.50765,34.536,0.35,0.35,0.335168,34.536,0.35,0.35,0.335168,
10/29/2016,1406.495,1406.495,,-878.865,878.865,527.63,0.0,-476.935,410.563,60.681,5.691,50.695,-15.619,15.619,,,,0.012,0.0,35.076,-12.29,22.798,0.0,0.0,0.0,22.798,0.0,22.798,0.0,0.0,22.798,22.81295,0.01495,33.962,0.67,0.67,0.67172,33.962,0.67,0.67,0.67044,
01/28/2017,1983.9,1983.9,,-1355.6,1355.6,628.3,0.0,-521.7,451.6,61.7,8.4,106.6,-22.2,15.7,,,,0.0,6.5,84.4,-27.5,56.9,0.0,0.0,0.0,56.9,0.0,56.9,0.0,0.0,56.9,61.1,4.2,33.1,1.72,1.72,1.845921,33.1,1.72,1.72,1.845921,
04/29/2017,1452.761,1452.761,,-869.972,869.972,582.789,0.0,-462.839,396.645,60.011,6.183,119.95,-17.489,15.682,,,,0.011,1.807,102.461,-36.17,66.302,0.0,0.0,0.0,66.302,0.0,66.302,0.0,0.0,66.302,66.28965,-0.01235,31.3,2.12,2.12,2.11788,31.3,2.12,2.12,2.11788,
07/29/2017,1463.81,1463.81,,-1007.054,1007.054,456.756,0.0,-467.999,401.698,59.868,6.433,-11.243,-15.798,15.798,,,,0.011,0.0,-27.041,9.95,-17.08,0.0,0.0,0.0,-17.08,0.0,-17.08,0.0,0.0,-17.08,-17.09495,-0.01495,29.363,-0.58,-0.58,-0.582194,29.363,-0.58,-0.58,-0.582194,
10/28/2017,1396.819,1396.819,,-890.076,890.076,506.743,0.0,-470.451,411.164,57.04,2.247,36.292,-14.98,14.98,,,,0.012,0.0,21.312,-6.785,14.539,0.0,0.0,0.0,14.539,0.0,14.539,0.0,0.0,14.539,11.95705,-2.58195,28.9,0.5,0.5,0.413739,28.9,0.5,0.5,0.410659,
02/03/2018,2109.2,2109.2,,-1432.5,1432.5,676.7,0.0,-544.6,480.8,54.7,9.1,132.1,-16.1,16.1,,,,0.8,0.0,116.0,40.8,157.6,0.0,0.0,0.0,157.6,0.0,157.6,0.0,0.0,157.6,83.892,-73.708,28.4,5.55,5.55,2.953944,28.4,5.55,5.55,2.953944,
05/05/2018,1491.42,1491.42,,-903.741,903.741,587.679,0.0,-470.419,405.87,56.003,8.546,117.26,-14.022,14.022,,,,,0.0,103.238,-22.69,80.548,0.0,0.0,0.0,80.548,0.0,80.548,0.0,0.0,80.548,80.61278,0.06478,27.849,2.89,2.89,2.894638,27.849,2.89,2.89,2.892326,
08/04/2018,1500.707,1500.707,,-1017.177,1017.177,483.53,0.0,-473.037,408.362,56.221,8.454,10.493,-14.321,14.321,,,,0.0,0.0,-3.828,0.96,-2.868,0.0,0.0,0.0,-2.868,0.0,-2.868,0.0,0.0,-2.868,-2.88143,-0.01343,27.607,-0.1,-0.1,-0.104373,27.607,-0.1,-0.1,-0.104373,
11/03/2018,1454.965,1454.965,,-954.937,954.937,500.028,0.0,-483.149,418.896,55.762,8.491,16.879,-12.104,12.104,,,,0.0,0.0,4.775,2.65,7.425,0.0,0.0,0.0,7.425,0.0,7.425,0.0,0.0,7.425,4.52342,-2.90158,27.3,0.27,0.27,0.165693,27.3,0.27,0.27,0.163715,
02/02/2019,2056.3,2056.3,,-1415.7,1415.7,640.6,0.0,-522.8,458.0,55.8,9.0,117.8,-14.0,12.1,,,,0.0,1.9,103.8,-18.7,85.1,0.0,0.0,0.0,85.1,0.0,85.1,0.0,0.0,85.1,85.08815,-0.01185,26.5,3.22,3.22,3.210874,26.5,3.22,3.22,3.210874,
05/04/2019,1497.935,1497.935,,-927.767,927.767,570.168,0.0,-465.559,405.16,52.364,8.035,104.609,-3.837,11.237,,,,,-7.4,100.772,-22.17,78.602,0.0,0.0,0.0,78.602,0.0,78.602,0.0,0.0,78.602,72.802,-5.8,26.315,2.99,2.99,2.766559,26.315,2.99,2.99,2.766559,
08/03/2019,1458.845,1458.845,,-1032.014,1032.014,426.831,0.0,-466.734,409.125,54.383,3.226,-39.903,-12.248,12.248,,,,0.0,0.0,-52.151,11.48,-40.671,0.0,0.0,0.0,-40.671,0.0,-40.671,0.0,0.0,-40.671,-44.542,-3.871,25.584,-1.59,-1.59,-1.74101,25.584,-1.59,-1.59,-1.741306,
11/02/2019,1423.659,1423.659,,-926.782,926.782,496.877,0.0,-480.219,418.149,56.143,5.927,16.658,-13.756,11.536,,,,0.0,2.22,2.902,2.56,5.462,0.0,0.0,0.0,5.462,0.0,5.462,0.0,0.0,5.462,5.70216,0.24016,24.9,0.22,0.22,0.229002,24.9,0.22,0.22,0.229002,
02/01/2020,1967.5,1967.5,,-1354.1,1354.1,613.4,0.0,-517.9,458.6,59.5,-0.2,95.5,-13.1,11.2,,,,,1.9,82.4,-14.7,67.7,0.0,0.0,0.0,67.7,0.0,67.7,0.0,0.0,67.7,63.5,-4.2,24.6,2.75,2.75,2.581301,24.6,2.75,2.75,2.579268,
05/02/2020,821.576,821.576,,-688.469,688.469,133.107,0.0,-349.001,290.446,50.901,7.654,-215.894,-12.251,12.27,,,,,-0.019,-228.145,66.17,-161.975,0.0,0.0,0.0,-161.975,0.0,-161.975,0.0,0.0,-161.975,-161.99001,-0.01501,23.354,-6.94,-6.94,-6.936285,23.354,-6.94,-6.94,-6.940643,
08/01/2020,945.183,945.183,,-639.847,639.847,305.336,0.0,-325.756,267.062,50.951,7.743,-20.42,-12.906,12.873,,,,,0.033,-33.326,24.76,-8.566,0.0,0.0,0.0,-8.566,0.0,-8.566,0.0,0.0,-8.566,-8.53993,0.02607,23.2,-0.37,-0.37,-0.3681,23.2,-0.37,-0.37,-0.368875,
10/31/2020,1192.667,,,,,395.965444,,,,,,-4.0,,,,,,,,-19.998,,-26.05,,,,,,-26.05,,,-26.05,-26.05,,,-0.76,-0.76,-0.76,,-0.76,-0.76,-0.76,
01/31/2021,1781.0,,,,,538.7525,,,,,,102.0,,,,,,,,68.75,,53.95,,,,,,53.95,,,53.95,53.95,,,2.128,2.128,2.128,,2.128,2.128,2.128,
