Date,Revenue,Sales & Services Revenue,Cost of Revenue,Cost of Goods & Services,Gross Profit,Other Operating Income,Operating Expenses,"Selling, General & Admin",Depreciation & Amortization,Other Operating Expense,Operating Income (Loss),Non-Operating (Income) Loss,"Interest Expense, Net",Interest Expense,Interest Income,Foreign Exch (Gain) Loss,(Income) Loss from Affiliates,Other Non-Op (Income) Loss,Pretax Income,Income Tax Expense (Benefit),Income (Loss) from Cont Ops,Net Extraordinary Losses (Gains),Discontinued Operations,XO & Accounting Changes,Income (Loss) Incl. MI,Minority Interest,"Net Income, GAAP",Preferred Dividends,Other Adjustments,"Net Income Avail to Common, GAAP","Net Income Avail to Common, Adj",Net Abnormal Losses (Gains),Basic Weighted Avg Shares,"Basic EPS, GAAP",Basic EPS from Cont Ops,"Basic EPS from Cont Ops, Adjusted",Diluted Weighted Avg Shares,"Diluted EPS, GAAP",Diluted EPS from Cont Ops,"Diluted EPS from Cont Ops, Adjusted",Source: Bloomberg
12/31/1989,1288.199951,,-979.0,,309.199951,,-33.0,,,,276.200012,5.1,,11.4,,0.0,,-16.5,281.300013,-106.900002,174.399994,0.0,,,174.400011,0.0,174.399994,0.0,,174.399994,174.399994,,1666.799927,0.105,0.105,,1666.799927,0.105,0.105,0.105,
03/31/1990,1303.699951,,-992.200012,,311.499939,,-34.599998,,,,276.899994,10.999999,,7.8,,0.0,,-18.799999,287.899993,-109.400002,178.5,0.0,,,178.499991,0.0,178.5,0.0,,178.5,178.5,,1657.200073,0.1075,0.1075,,1657.200073,0.1075,0.1075,0.1075,
06/30/1990,1539.5,,-1131.699951,,407.800049,,-33.400002,,,,374.399994,10.2,,,,0.0,,-10.2,384.599994,-146.199997,238.399994,0.0,,,238.399997,0.0,238.399994,0.0,,238.399994,238.399994,,1638.0,0.145833,0.145833,,1638.0,0.145833,0.145833,0.145833,
09/30/1990,1712.300049,,-1315.300049,,397.0,,-37.5,,,,359.5,11.4,,,,0.0,,-11.4,370.9,-138.199997,232.699997,0.0,,,232.700003,0.0,232.699997,0.0,,232.699997,232.699997,,1625.172,0.143333,0.143333,0.143333,1625.172,0.143333,0.143333,0.143333,
12/31/1990,1492.400024,,-1184.699951,,307.700073,,-35.900002,,,,271.799988,0.8,,,,0.0,,-0.8,272.599988,-102.199997,170.399994,0.0,,,170.399991,0.0,170.399994,0.0,,170.399994,170.399994,,1596.0,0.106667,0.106667,,1596.0,0.106667,0.106667,0.106667,
03/31/1991,1439.0,,-1207.099976,,231.900024,,-36.5,,,,195.399994,7.2,,,,0.0,,-7.2,202.599994,-76.0,126.599998,0.0,,,126.599994,0.0,126.599998,0.0,,126.599998,126.599998,,1597.200073,0.079167,0.079167,,1597.200073,0.079167,0.079167,0.079167,
06/30/1991,1511.599976,,-1209.599976,,302.0,,-44.900002,,,,257.100006,7.7,,,,0.0,,-7.7,264.800006,-99.300003,165.5,0.0,,,165.500003,0.0,165.5,0.0,,165.5,165.5,,1598.399963,0.103333,0.103333,,1598.399963,0.103333,0.103333,0.103333,
09/30/1991,1739.400024,,-1416.099976,,323.300048,,-43.5,,,,279.799988,-1.3,,,,0.0,,1.3,278.499988,-104.400002,174.100006,0.0,,,174.099986,0.0,174.100006,0.0,,174.100006,174.100006,,1599.095952,0.109167,0.109167,0.109167,1599.095952,0.109167,0.109167,0.109167,
12/31/1991,1936.599976,,-1568.0,,368.599976,,-42.200001,,,,326.399994,5.2,,,,0.0,,-5.2,331.599994,-123.5,208.100006,0.0,,,208.099994,0.0,208.100006,0.0,,208.100006,208.100006,,1598.399963,0.13,0.13,,1598.399963,0.13,0.13,0.13,
03/31/1992,1655.099976,,-1357.400024,,297.699951,,-36.900002,,,,260.799988,0.8,,,,0.0,,-0.8,261.599988,-97.5,164.100006,0.0,,,164.099988,0.0,164.100006,0.0,,164.100006,164.100006,,1611.0,0.103333,0.103333,,1611.0,0.103333,0.103333,0.103333,
06/30/1992,1853.5,,-1464.0,,389.5,,-36.5,,,,353.0,-1.2,,,,0.0,,1.2,351.8,-131.0,220.800003,0.0,,,220.8,0.0,220.800003,0.0,,220.800003,220.800003,,1615.200073,0.136667,0.136667,,1615.200073,0.136667,0.136667,0.136667,
09/30/1992,2058.800049,,-1679.300049,,379.5,,-32.599998,,,,346.899994,9.9,,,,0.0,,-9.9,356.799994,-133.100006,223.699997,0.0,,,223.699988,0.0,223.699997,0.0,,223.699997,223.699997,,1613.429994,0.14,0.14,0.14,1613.429994,0.14,0.14,0.14,
12/31/1992,2391.399902,,-1894.800049,,496.599854,,-43.200001,,,,453.399994,-26.9,,,,0.0,,26.9,426.499994,-151.399994,275.100006,371.500015,,,-96.400015,0.0,-96.400002,0.0,,-96.400002,-96.400002,,1630.200073,-0.06,0.166667,,1630.200073,-0.06,0.166667,0.166667,
03/31/1993,2026.400024,,-1625.0,,401.400024,,-40.299999,,,,361.100006,-28.0,,,,0.0,,28.0,333.100006,-118.300003,214.800003,0.0,,,214.800003,0.0,214.800003,0.0,,214.800003,214.800003,,1638.299927,0.13,0.13,,1638.299927,0.13,0.13,0.13,
06/30/1993,1936.800049,,-1466.900024,,469.900024,,-41.5,,,,428.399994,-26.700001,,,,0.0,,26.700001,401.699993,-142.600006,259.100006,0.0,,,259.099987,0.0,259.100006,0.0,,259.100006,259.100006,,1636.200073,0.16,0.16,,1636.200073,0.16,0.16,0.16,
09/30/1993,2174.600098,,-1818.0,,356.600098,,-39.200001,,,,317.399994,-404.699997,,157.699997,,0.0,,247.0,-87.300003,9.6,-77.699997,0.0,,,-77.700003,0.0,-77.699997,0.0,,-77.699997,-77.699997,,1608.045045,-0.05,-0.05,-0.05,1608.045045,-0.05,-0.05,-0.05,
12/31/1993,2727.300049,,-2102.899902,,624.400146,,-43.599998,,,,580.799988,4.2,,,,0.0,,-4.2,584.999988,-216.399994,368.600006,0.0,,,368.599994,0.0,368.600006,0.0,,368.600006,368.600006,,1635.899963,0.226667,0.226667,,1635.899963,0.226667,0.226667,0.226667,
03/31/1994,2275.800049,,-1865.800049,,410.0,,-37.400002,,,,372.600006,8.4,,,,,,-8.4,381.000006,-132.600006,248.399994,0.0,,,248.4,0.0,248.399994,0.0,,248.399994,248.399994,,1642.5,0.15,0.15,,1642.5,0.15,0.15,0.15,
06/30/1994,2353.600098,,-1861.0,,492.600098,,-39.599998,,,,453.0,-47.700001,,,,,,47.700001,405.299999,-137.800003,267.5,0.0,,,267.499996,0.0,267.5,0.0,,267.5,267.5,,1638.426086,0.163333,0.163333,,1638.426086,0.163333,0.163333,0.163333,
09/30/1994,2698.399902,,-2259.699951,,438.699951,,-41.599998,,,,397.100006,45.099998,,119.900002,,0.0,,-165.0,442.200004,-216.300003,225.899994,0.0,,,225.900001,0.0,225.899994,0.0,,225.899994,225.899994,,1625.700072,0.14,0.14,0.14,1625.700072,0.14,0.14,0.14,
12/31/1994,3301.699951,,-2510.899902,,790.800049,,-42.299999,,,,748.5,-8.6,,36.5,,,,-27.9,739.9,-257.5,482.399994,0.0,,,482.4,0.0,482.399994,0.0,,482.399994,482.399994,,1583.399963,0.303333,0.303333,,1583.399963,0.303333,0.303333,0.303333,
03/31/1995,2951.0,,-2343.0,,608.0,,-80.0,,,,528.0,-44.0,,44.0,,,,0.0,484.0,-168.0,316.0,0.0,,,316.0,0.0,316.0,0.0,,316.0,316.0,,1587.600037,0.2,0.2,,1587.600037,0.2,0.2,0.2,
06/30/1995,2764.0,,-2201.699951,,562.300049,,-38.700001,,,,523.599976,-35.5,,,,0.0,,35.5,488.099976,-169.899994,318.200012,0.0,,,318.199982,0.0,318.200012,0.0,,318.200012,318.200012,,1595.100037,0.2,0.2,0.2,1595.100037,0.2,0.2,0.2,
09/30/1995,3123.600098,,-2637.600098,,486.0,,-56.799999,,,,429.200012,-24.400001,,141.800003,,0.0,,-117.400002,404.800011,-140.800003,264.0,0.0,,,264.000008,0.0,264.0,0.0,,264.0,264.0,,1598.700072,0.166667,0.166667,0.166667,1598.700072,0.166667,0.166667,0.166667,
12/31/1995,3837.0,,-2974.0,,863.0,,-86.0,,,,777.0,-13.0,,13.0,,,,0.0,764.0,-268.0,496.0,0.0,,,496.0,0.0,496.0,0.0,,496.0,496.0,,1602.0,0.31,0.31,0.31,1602.0,0.31,0.31,0.31,
03/31/1996,4543.0,,-3887.0,,656.0,,-97.0,,,,559.0,-608.0,,83.0,,,,525.0,-49.0,24.0,-25.0,0.0,,,-25.0,0.0,-25.0,0.0,,-25.0,-25.0,,1701.0,-0.013333,-0.013333,-0.013333,1701.0,-0.013333,-0.013333,-0.013333,
06/30/1996,5087.0,,-4131.0,,956.0,,-66.0,,,,890.0,-171.0,,171.0,,,,0.0,719.0,-313.0,406.0,0.0,,,406.0,0.0,406.0,0.0,,406.0,406.0,,2073.0,0.196667,0.196665,0.196667,2073.0,0.196667,0.196667,0.196667,
09/30/1996,5291.0,,-4423.0,,868.0,,-92.0,,,,776.0,-149.0,,212.0,,,,-63.0,627.0,-290.0,337.0,0.0,,,337.0,0.0,337.0,0.0,,337.0,337.0,,2055.0,0.163333,0.163333,0.163333,2055.0,0.163333,0.163333,0.163333,
12/31/1996,6278.0,,-4851.0,,1427.0,,-90.0,,,,1337.0,-36.0,,171.0,,,,-135.0,1301.0,-552.0,749.0,0.0,,,749.0,0.0,749.0,0.0,,749.0,749.0,,2058.0,0.37,0.37,0.333333,2058.0,0.36,0.36,0.323333,
03/31/1997,5481.0,,-4617.0,,864.0,,-108.0,,,,756.0,-184.0,,184.0,,,,0.0,572.0,-239.0,333.0,0.0,,,333.0,0.0,333.0,0.0,,333.0,333.0,,2022.0,0.16,0.16,0.16,2058.0,0.16,0.16,0.16,
06/30/1997,5194.0,,-4134.0,,1060.0,,-69.0,,,,991.0,-185.0,185.0,185.0,,,,0.0,806.0,-333.0,473.0,0.0,,,473.0,0.0,473.0,0.0,,473.0,473.0,,2022.999024,0.23,0.23,0.23,2064.0,0.23,0.23,0.23,
09/30/1997,5520.0,,-4559.0,,961.0,,-100.0,,,,861.0,-153.0,,153.0,,,,0.0,708.0,-297.0,411.0,0.0,,,411.0,0.0,411.0,0.0,,411.0,411.0,,2058.0,0.2,0.2,0.2,2058.0,0.2,0.2,0.2,
12/31/1997,6339.0,,-4847.0,,1492.0,,-4847.0,,,,1492.0,-212.0,134.0,,,,,78.0,1280.0,-525.0,755.0,,,,755.0,,755.0,,,755.0,755.0,,2019.0,0.373333,0.373333,0.373333,2067.0,0.366667,0.366667,0.366667,
03/31/1998,5242.0,,-4393.0,,849.0,,-4393.0,,,,849.0,-198.0,150.0,,,,,48.0,651.0,-267.0,384.0,,,,384.0,,384.0,,,384.0,384.0,,2037.0,0.19,0.19,0.19,2079.0,0.183333,0.183333,0.183333,
06/30/1998,5248.0,,-4325.0,,923.0,,,,,,923.0,-210.0,161.0,,,,,49.0,713.0,-298.0,415.0,,,,415.0,,415.0,,,415.0,415.0,,2043.0,0.2,0.2,0.2,2085.0,0.2,0.2,0.2,
09/30/1998,6147.0,,-5396.0,,751.0,,-61.0,,,,690.0,-177.0,,177.0,,,,0.0,513.0,-217.0,296.0,0.0,,,296.0,0.0,296.0,0.0,,296.0,296.0,,2049.0,0.14,0.14,0.16,2083.0,0.14,0.14,0.16,
12/31/1998,6521.0,,-5371.0,,1150.0,,-108.0,,,,1042.0,-32.0,,163.0,,0.0,,-131.0,1010.0,-366.0,644.0,0.0,,,644.0,-22.0,622.0,0.0,,622.0,622.0,,2050.0,0.3,0.3,0.23,2076.0,0.3,0.3,0.23,
03/31/1999,5475.0,,-4615.0,,860.0,,-107.0,,,,753.0,-300.0,,172.0,,0.0,,128.0,453.0,-206.0,247.0,0.0,,,247.0,-21.0,226.0,0.0,,226.0,226.0,,2054.0,0.11,0.11,0.13,2089.0,0.11,0.11,0.13,
06/30/1999,5489.0,,-4391.0,,1098.0,,-117.0,,,,981.0,-254.0,164.0,164.0,,0.0,,90.0,727.0,-333.0,394.0,0.0,,,394.0,-26.0,368.0,0.0,,368.0,368.0,75.0,2059.0,0.18,0.18,0.2,2086.0,0.18,0.18,0.2,
09/30/1999,5781.0,,-5260.0,,521.0,,-264.0,,,,496.0,-130.0,108.0,108.0,,0.0,,22.0,366.0,-95.0,85.0,0.0,,,271.0,0.0,85.0,0.0,0.0,85.0,85.0,,2062.0,0.04,0.04,0.04,2082.0,0.04,0.04,0.04,
12/31/1999,6940.0,,-5842.0,,1098.0,,-226.0,,,,872.0,57.0,197.0,,,0.0,-11.0,-243.0,929.0,-590.0,339.0,,,,339.0,-24.0,315.0,0.0,0.0,315.0,315.0,,2064.0,0.17,0.17,0.05,2081.0,0.17,0.17,0.05,
03/31/2000,6307.0,,-5549.0,,758.0,0.0,-344.0,,,,414.0,-94.0,121.0,,,0.0,,-27.0,320.0,-223.0,97.0,,,,97.0,-20.0,77.0,0.0,84.0,161.0,161.0,,2069.0,0.08,0.08,0.08,2103.0,0.08,0.08,0.08,
06/30/2000,6053.0,,-4935.0,,1118.0,,-340.0,,,,778.0,50.0,124.0,124.0,,0.0,,-174.0,828.0,-425.0,403.0,0.0,,,403.0,-42.0,361.0,0.0,0.0,361.0,361.0,169.0,2078.0,0.21,0.21,0.26,2123.0,0.21,0.21,0.25,
09/30/2000,6034.0,,-5025.0,,1009.0,,-970.0,,,,39.0,584.0,,84.0,,0.0,,-668.0,623.0,-312.0,311.0,0.0,,,311.0,-22.0,289.0,0.0,0.0,289.0,289.0,,2083.0,0.12,0.12,0.21,2115.0,0.11,0.11,0.2,
12/31/2000,7433.0,,-6283.0,,1150.0,0.0,-293.0,,,,857.0,-199.0,109.0,,,0.0,-82.0,172.0,658.0,-386.0,272.0,278.0,,,-6.0,-30.0,-36.0,0.0,99.0,63.0,63.0,111.8,2082.0,0.03,0.163785,0.217483,2103.0,0.03,0.162192,0.215354,
03/31/2001,6049.0,,-5133.0,,916.0,,-184.0,,,,732.0,-1028.0,98.0,,,0.0,,930.0,-296.0,-238.0,-534.0,,,,-534.0,-33.0,-567.0,0.0,19.0,-548.0,-548.0,,2082.0,-0.26,-0.26,0.22,2098.0,-0.26,-0.26,0.22,
06/30/2001,5960.0,,-4932.0,,1028.0,,-145.0,,,,883.0,-132.0,80.0,,,0.0,,52.0,751.0,-339.0,412.0,0.0,,,412.0,-20.0,392.0,0.0,0.0,392.0,392.0,138.0,2091.0,0.19,0.19,0.23,2107.0,0.19,0.19,0.23,
09/30/2001,5786.0,,-5281.0,,505.0,,-145.0,,,,360.0,-190.0,,198.0,,0.0,,-8.0,170.0,-96.0,74.0,0.0,,,74.0,-21.0,53.0,0.0,0.0,53.0,53.0,,2085.0,0.03,0.03,0.12,2093.0,0.03,0.03,0.12,
12/31/2001,7048.0,,-6399.0,,649.0,,-3.0,,,,646.0,125.0,-55.0,,,,,-70.0,771.0,-299.0,472.0,,,,472.0,-34.0,438.0,,,438.0,438.0,,2039.0,0.21,0.21,0.21,2040.0,0.21,0.21,0.21,
03/31/2002,5856.0,,-5251.0,,605.0,,-2.0,,,,603.0,-109.0,182.0,182.0,,0.0,,-73.0,494.0,-205.0,289.0,0.0,,,289.0,-30.0,259.0,0.0,0.0,259.0,259.0,,2039.0,0.13,0.13,0.13,2045.0,0.13,0.13,0.13,
06/30/2002,5795.0,,-5043.0,,752.0,,-9.0,,,,743.0,-107.0,185.0,,,0.0,,-78.0,636.0,-253.0,383.0,0.0,,,383.0,-19.0,364.0,0.0,0.0,364.0,364.0,-21.0,2041.0,0.18,0.18,0.17,2046.0,0.18,0.18,0.17,
09/30/2002,6662.0,,-6263.0,,399.0,,-7.0,,,,392.0,-103.0,,,,0.0,,103.0,289.0,-96.0,193.0,0.0,,,193.0,-18.0,175.0,0.0,0.0,175.0,175.0,,2041.0,0.09,0.09,0.09,2043.0,0.09,0.09,0.09,
12/31/2002,7170.0,,-6795.0,,375.0,,,,,,,-206.0,187.0,187.0,,,,19.0,,-77.0,92.0,71.0,,,,15.0,36.0,,,36.0,36.0,,2042.0,0.02,0.05,0.05,2044.0,0.02,0.05,0.05,
03/31/2003,6500.0,,-5786.0,,714.0,,,,,,714.0,-127.0,,172.0,,0.0,,-45.0,587.0,-219.0,368.0,0.0,,,368.0,-54.0,314.0,0.0,0.0,314.0,314.0,,2042.0,0.15,0.15,0.15,2043.0,0.15,0.15,0.15,
06/30/2003,6377.0,,-5431.0,,946.0,,,,,,946.0,-82.0,,168.0,,0.0,,-86.0,864.0,-322.0,542.0,0.0,,,542.0,-40.0,502.0,0.0,0.0,502.0,502.0,,2043.0,0.2,0.2,0.2,2084.0,0.19,0.19,0.19,
09/30/2003,7014.0,,-6332.0,,682.0,,-4.0,,,,678.0,-191.0,,147.0,,0.0,,44.0,487.0,-171.0,463.0,0.0,,,316.0,-48.0,415.0,0.0,0.0,415.0,415.0,,2044.0,0.2,0.2,0.17,2095.0,0.2,0.2,0.17,
12/31/2003,8549.0,,-7384.0,,1165.0,,,,,,,-51.0,148.0,148.0,,,,-97.0,,-410.0,704.0,,,,,-16.0,688.0,,,688.0,688.0,,2045.0,0.34,0.34,0.34,2099.0,0.33,0.33,0.33,
03/31/2004,7189.0,,-6153.0,,1036.0,,,,,,1036.0,-73.0,,140.0,,0.0,,-67.0,963.0,-357.0,606.0,0.0,,,606.0,-69.0,537.0,0.0,0.0,537.0,537.0,,2048.0,0.26,0.26,0.26,2110.0,0.26,0.26,0.26,
06/30/2004,7471.0,,-6375.0,,1096.0,,,,,,1096.0,-81.0,,174.0,-23.0,0.0,,-70.0,1015.0,-365.0,650.0,0.0,,,650.0,-46.0,604.0,0.0,0.0,604.0,604.0,,2053.0,0.29,0.29,0.31,2111.0,0.29,0.29,0.31,
09/30/2004,7543.0,,-6792.0,,751.0,,,,,,751.0,-104.0,,167.0,,0.0,,-63.0,647.0,-65.0,582.0,0.0,,,582.0,-66.0,516.0,0.0,0.0,516.0,516.0,,2050.0,0.25,0.25,0.19,2105.0,0.25,0.25,0.19,
01/01/2005,8666.0,,-7550.0,,1116.0,,,,,,1116.0,-32.0,140.0,162.0,-22.0,0.0,,-108.0,1084.0,-372.0,712.0,0.0,,,712.0,-26.0,686.0,0.0,0.0,686.0,686.0,,2042.0,0.34,0.34,0.34,2107.0,0.33,0.33,0.33,
04/02/2005,7829.0,,-6720.0,,1109.0,,,,,,1109.0,16.0,80.0,90.0,-10.0,0.0,,-96.0,1125.0,-414.0,711.0,0.0,,,711.0,-54.0,657.0,0.0,0.0,657.0,657.0,,2044.0,0.32,0.32,0.32,2114.0,0.31,0.31,0.31,
07/02/2005,7715.0,,-6433.0,,1282.0,,,,,,1528.0,-231.0,115.0,134.0,-19.0,0.0,,116.0,1297.0,-439.0,858.0,0.0,,,858.0,-47.0,811.0,0.0,0.0,811.0,811.0,-21.0,2031.0,0.4,0.4,0.39,2096.0,0.39,0.39,0.38,
10/01/2005,7734.0,,-7321.0,,413.0,,,,,,413.0,68.0,142.0,233.0,-17.0,0.0,,-284.0,481.0,-16.0,465.0,36.0,,,429.0,-50.0,379.0,0.0,0.0,379.0,379.0,,1995.0,0.19,0.21,0.18,2053.0,0.19,0.2,0.17,
12/31/2005,8854.0,,-7693.0,,1161.0,,,,,,1161.0,18.0,163.0,181.0,-18.0,0.0,,-181.0,1179.0,-429.0,750.0,0.0,,,750.0,-16.0,734.0,0.0,0.0,734.0,734.0,,1940.0,0.38,0.38,0.36,1999.0,0.37,0.37,0.35,
04/01/2006,8027.0,,-6841.0,,1186.0,,,,,,1186.0,-37.0,103.0,145.0,-42.0,0.0,,-66.0,1149.0,-404.0,745.0,0.0,,,745.0,-12.0,733.0,0.0,0.0,733.0,733.0,,1924.0,0.38,0.38,0.38,1990.0,0.37,0.37,0.37,
07/01/2006,8474.0,,-6734.0,,1740.0,,,,,,1740.0,21.0,133.0,158.0,-25.0,0.0,,-154.0,1761.0,-593.0,1168.0,-30.0,,,1198.0,-73.0,1125.0,0.0,0.0,1125.0,1125.0,-11.94,2071.0,0.54,0.53,0.52,2147.0,0.53,0.51,0.5,
09/30/2006,8652.0,,-7337.0,,1315.0,,,,,,1315.0,-33.0,193.0,151.0,-29.0,0.0,,-89.0,1282.0,-428.0,854.0,-10.0,,,864.0,-82.0,782.0,0.0,0.0,782.0,782.0,,2085.0,0.38,0.38,0.38,2168.0,0.36,0.36,0.36,
12/30/2006,9581.0,,-7907.0,,1674.0,,,,,,1674.0,1016.0,157.0,188.0,-31.0,0.0,121.0,-1294.0,2690.0,-1009.0,1681.0,-25.0,,,1706.0,-5.0,1701.0,0.0,0.0,1701.0,1701.0,,2059.0,0.83,0.81,0.49,2148.0,0.79,0.78,0.47,
03/31/2007,7954.0,,-6441.0,,1513.0,,,,,,1513.0,-9.0,130.0,167.0,-37.0,0.0,,-121.0,1504.0,-582.0,922.0,-12.0,,,934.0,-3.0,931.0,0.0,0.0,931.0,931.0,,2039.0,0.46,0.45,0.45,2129.0,0.44,0.43,0.43,
06/30/2007,9045.0,,-7022.0,,2023.0,,,,,,2023.0,4.0,143.0,183.0,-40.0,0.0,,-147.0,2027.0,-762.0,1265.0,18.0,,,1247.0,-69.0,1178.0,0.0,0.0,1178.0,1178.0,,1982.0,0.59,0.6,0.6,2070.0,0.57,0.58,0.58,
09/29/2007,8930.0,,-7359.0,,1571.0,,,,,,1571.0,-67.0,163.0,208.0,-45.0,0.0,,-96.0,1504.0,-521.0,983.0,6.0,,,977.0,-100.0,877.0,0.0,0.0,877.0,877.0,-39.86,1936.0,0.45,0.46,0.44,2023.0,0.44,0.44,0.42,
12/29/2007,10452.0,,-8419.0,,2033.0,0.0,,,,,2033.0,0.0,123.0,216.0,-93.0,0.0,-123.0,0.0,2033.0,-759.0,1274.0,0.0,,,1274.0,-24.0,1250.0,0.0,0.0,1250.0,1250.0,,1904.0,0.66,0.66,0.66,1989.0,0.63,0.63,0.63,
03/29/2008,8710.0,,-6812.0,,1898.0,,,,,,1898.0,-3.0,147.0,186.0,-39.0,0.0,,-144.0,1895.0,-712.0,1183.0,0.0,,,1183.0,-50.0,1133.0,0.0,0.0,1133.0,1133.0,,1883.0,0.6,0.6,0.6,1960.0,0.58,0.58,0.58,
06/28/2008,9236.0,,-7215.0,,2021.0,,,,,,2021.0,66.0,141.0,161.0,-20.0,0.0,,-207.0,2087.0,-712.0,1375.0,0.0,,,1375.0,-91.0,1284.0,0.0,0.0,1284.0,1284.0,,1900.0,0.68,0.68,0.64,1940.0,0.66,0.66,0.62,
09/27/2008,9445.0,,-7993.0,,1452.0,,,,,,1452.0,-65.0,113.0,149.0,-36.0,0.0,,-48.0,1387.0,-490.0,897.0,0.0,,,897.0,-137.0,760.0,0.0,0.0,760.0,760.0,58.877,1871.0,0.41,0.41,0.44,1903.0,0.4,0.4,0.43,
12/27/2008,9599.0,9599.0,-8382.0,8382.0,1217.0,0.0,114.0,,,-114.0,1331.0,8.0,139.0,168.0,-29.0,,-147.0,0.0,1339.0,-488.0,851.0,0.0,0.0,0.0,851.0,-6.0,845.0,0.0,0.0,845.0,770.12,-74.88,1852.0,0.46,0.46,0.415832,1872.0,0.45,0.45,0.41,
03/28/2009,8087.0,8087.0,-6800.0,6800.0,1287.0,0.0,-305.0,,,305.0,982.0,19.0,128.0,150.0,-22.0,,-147.0,0.0,1001.0,-348.0,653.0,0.0,0.0,0.0,653.0,-40.0,613.0,0.0,0.0,613.0,811.25,198.25,1855.0,0.33,0.33,0.437332,1868.0,0.33,0.33,0.43613,
06/27/2009,8596.0,8596.0,-6998.0,6998.0,1598.0,0.0,-21.0,,,21.0,1577.0,80.0,75.0,134.0,-59.0,,-155.0,0.0,1657.0,-626.0,1031.0,0.0,0.0,0.0,1031.0,-77.0,954.0,0.0,0.0,954.0,967.65,13.65,1857.0,0.51,0.51,0.521082,1874.0,0.51,0.51,0.517284,
10/03/2009,9867.0,9867.0,-8272.0,8272.0,1595.0,0.0,62.0,,,-62.0,1657.0,4.0,124.0,136.0,-12.0,,-128.0,0.0,1661.0,-587.0,1074.0,0.0,0.0,0.0,1074.0,-179.0,895.0,0.0,0.0,895.0,854.7,-40.3,1859.0,0.48,0.48,0.459763,1885.0,0.47,0.47,0.448621,
01/02/2010,9739.0,9739.0,-8325.0,8325.0,1414.0,0.0,-78.0,,,78.0,1336.0,-14.0,103.0,118.0,-15.0,,-89.0,0.0,1322.0,-478.0,844.0,0.0,0.0,0.0,844.0,0.0,844.0,0.0,0.0,844.0,893.22,49.22,1867.0,0.45,0.45,0.478425,1903.0,0.44,0.44,0.465864,
04/03/2010,8580.0,8580.0,-7068.0,7068.0,1512.0,0.0,-1.0,,,1.0,1511.0,24.0,130.0,147.0,-17.0,,-154.0,0.0,1535.0,-537.0,998.0,0.0,0.0,0.0,998.0,-45.0,953.0,0.0,0.0,953.0,953.65,0.65,1940.0,0.49,0.49,0.491572,1973.0,0.48,0.48,0.480329,
07/03/2010,10002.0,10002.0,-7723.0,7723.0,2279.0,0.0,7.0,,,-7.0,2286.0,50.0,89.0,103.0,-14.0,,-139.0,0.0,2336.0,-831.0,1505.0,0.0,0.0,0.0,1505.0,-174.0,1331.0,0.0,0.0,1331.0,1326.45,-4.55,1945.0,0.68,0.68,0.681979,1978.0,0.67,0.67,0.6677,
10/02/2010,9742.0,9742.0,-8221.0,8221.0,1521.0,0.0,-58.0,,,58.0,1463.0,-29.0,87.0,88.0,-1.0,,-58.0,0.0,1434.0,-468.0,966.0,0.0,0.0,0.0,966.0,-131.0,835.0,0.0,0.0,835.0,872.7,37.7,1909.0,0.44,0.44,0.45715,1941.0,0.43,0.43,0.449423,
01/01/2011,10716.0,10716.0,-8776.0,8776.0,1940.0,0.0,63.0,,,-63.0,2003.0,61.0,95.0,100.0,-5.0,,-156.0,0.0,2064.0,-730.0,1334.0,0.0,0.0,0.0,1334.0,-32.0,1302.0,0.0,0.0,1302.0,1261.05,-40.95,1891.0,0.69,0.69,0.666869,1927.0,0.68,0.68,0.658749,
04/02/2011,9077.0,9077.0,-7549.0,7549.0,1528.0,0.0,0.0,,,0.0,1528.0,40.0,83.0,111.0,-28.0,,-123.0,0.0,1568.0,-558.0,1010.0,0.0,0.0,0.0,1010.0,-68.0,942.0,0.0,0.0,942.0,942.0,0.0,1899.0,0.5,0.5,0.5,1934.0,0.49,0.49,0.49,
07/02/2011,10675.0,10675.0,-8229.0,8229.0,2446.0,0.0,-34.0,,,34.0,2412.0,96.0,88.0,113.0,-25.0,,-184.0,0.0,2508.0,-845.0,1663.0,0.0,0.0,0.0,1663.0,-187.0,1476.0,,0.0,1476.0,1495.12,19.12,1883.0,0.78,0.78,0.79401,1912.0,0.77,0.77,0.78,
10/01/2011,10425.0,10425.0,-8558.0,8558.0,1867.0,0.0,-9.0,,,9.0,1858.0,45.0,77.0,111.0,-34.0,,-122.0,0.0,1903.0,-652.0,1251.0,0.0,0.0,0.0,1251.0,-164.0,1087.0,0.0,0.0,1087.0,1092.85,5.85,1840.0,0.59,0.59,0.59394,1864.0,0.58,0.58,0.583138,
12/31/2011,10779.0,10779.0,-8587.0,8587.0,2192.0,0.0,-6.0,,,6.0,2186.0,55.0,90.0,116.0,-26.0,,-145.0,0.0,2241.0,-720.0,1521.0,0.0,0.0,0.0,1521.0,-57.0,1464.0,0.0,0.0,1464.0,1467.9,3.9,1798.0,0.81,0.81,0.816407,1824.0,0.8,0.8,0.802138,
03/31/2012,9629.0,9629.0,-7942.0,7942.0,1687.0,0.0,146.0,,,-146.0,1833.0,43.0,95.0,126.0,-31.0,,-138.0,0.0,1876.0,-650.0,1226.0,0.0,0.0,0.0,1226.0,-83.0,1143.0,0.0,0.0,1143.0,1051.0,-92.0,1793.0,0.64,0.64,0.586168,1818.0,0.63,0.63,0.579395,
06/30/2012,11088.0,11088.0,-8128.0,8128.0,2960.0,0.0,-7.0,,,7.0,2953.0,76.0,93.0,115.0,-22.0,,-169.0,0.0,3029.0,-993.0,2036.0,0.0,0.0,0.0,2036.0,-205.0,1831.0,0.0,0.0,1831.0,1835.55,4.55,1791.0,1.02,1.02,1.024874,1812.0,1.01,1.01,1.012511,
09/29/2012,10782.0,10782.0,-8758.0,8758.0,2024.0,0.0,6.0,,,-6.0,2030.0,84.0,91.0,115.0,-24.0,,-175.0,0.0,2114.0,-724.0,1390.0,0.0,0.0,0.0,1390.0,-146.0,1244.0,0.0,0.0,1244.0,1235.99,-8.01,1793.0,0.69,0.69,0.689342,1817.0,0.68,0.68,0.675592,
12/29/2012,11341.0,11341.0,-9249.0,9249.0,2092.0,0.0,-102.0,,,102.0,1990.0,38.0,72.0,92.0,-20.0,,-110.0,0.0,2028.0,-590.0,1438.0,0.0,0.0,0.0,1438.0,-56.0,1382.0,0.0,0.0,1382.0,1384.3,2.3,1777.0,0.78,0.78,0.77901,1800.0,0.77,0.77,0.771278,
03/30/2013,10554.0,10554.0,-8359.0,8359.0,2195.0,0.0,-51.0,,,51.0,2144.0,131.0,54.0,83.0,-29.0,,-185.0,0.0,2275.0,-654.0,1621.0,0.0,0.0,0.0,1621.0,-108.0,1513.0,0.0,0.0,1513.0,1444.15,-68.85,1804.0,0.84,0.84,0.800527,1825.0,0.83,0.83,0.792274,
06/29/2013,11578.0,11578.0,-8574.0,8574.0,3004.0,0.0,-60.0,,,60.0,2944.0,149.0,83.0,93.0,-10.0,,-232.0,0.0,3093.0,-1059.0,2034.0,0.0,0.0,0.0,2034.0,-187.0,1847.0,0.0,0.0,1847.0,1885.0,38.0,1802.0,1.02,1.02,1.04606,1821.0,1.01,1.01,1.030868,
09/28/2013,11568.0,11568.0,-9409.0,9409.0,2159.0,0.0,-70.0,,,70.0,2089.0,135.0,26.0,81.0,-55.0,,-161.0,0.0,2224.0,-681.0,1543.0,0.0,0.0,0.0,1543.0,-149.0,1394.0,0.0,0.0,1394.0,1406.15,12.15,1786.0,0.78,0.78,0.787318,1805.0,0.77,0.77,0.776731,
12/28/2013,12309.0,12309.0,-7065.0,7065.0,5244.0,0.0,-2592.0,2018.0,561.0,13.0,2652.0,288.0,-49.0,81.0,-130.0,,-239.0,0.0,2940.0,-1036.0,1904.0,0.0,0.0,0.0,1904.0,-64.0,1840.0,0.0,0.0,1840.0,1848.45,8.45,1762.0,1.04,1.04,1.049064,1784.0,1.03,1.03,1.034737,
03/29/2014,11649.0,11649.0,-5972.0,5972.0,5677.0,0.0,-2781.0,2116.0,580.0,85.0,2896.0,279.0,-62.0,67.0,-129.0,,-217.0,0.0,3175.0,-1119.0,2056.0,0.0,0.0,0.0,2056.0,-139.0,1917.0,0.0,0.0,1917.0,1973.95,56.95,1750.0,1.1,1.1,1.127971,1770.0,1.08,1.08,1.112175,
06/28/2014,12466.0,12466.0,-6364.0,6364.0,6102.0,0.0,-2604.0,2047.0,557.0,0.0,3498.0,172.0,50.0,74.0,-24.0,,-222.0,0.0,3670.0,-1251.0,2419.0,0.0,0.0,0.0,2419.0,-174.0,2245.0,0.0,0.0,2245.0,2245.0,0.0,1732.0,1.3,1.3,1.3,1748.0,1.28,1.28,1.28,
09/27/2014,12389.0,12389.0,-9993.0,9993.0,2396.0,0.0,-73.0,,,73.0,2323.0,138.0,38.0,72.0,-34.0,,-176.0,0.0,2461.0,-836.0,1625.0,0.0,0.0,0.0,1625.0,-126.0,1499.0,0.0,0.0,1499.0,1546.45,47.45,1716.0,0.87,0.87,0.901195,1734.0,0.86,0.86,0.887364,
12/27/2014,13391.0,13391.0,-7656.0,7656.0,5735.0,0.0,-2527.0,1935.0,592.0,0.0,3208.0,154.0,58.0,69.0,-11.0,,-212.0,0.0,3362.0,-1118.0,2244.0,0.0,0.0,0.0,2244.0,-62.0,2182.0,0.0,0.0,2182.0,2182.0,0.0,1700.0,1.28,1.28,1.28,1717.0,1.27,1.27,1.27,
03/28/2015,12461.0,12461.0,-6690.0,6690.0,5771.0,0.0,-2665.0,2081.0,584.0,0.0,3106.0,214.0,-8.0,66.0,-74.0,,-206.0,0.0,3320.0,-1092.0,2228.0,0.0,0.0,0.0,2228.0,-120.0,2108.0,0.0,0.0,2108.0,2072.25,-35.75,1699.0,1.24,1.24,1.219688,1715.0,1.23,1.23,1.209155,
06/27/2015,13101.0,13101.0,-6663.0,6663.0,6438.0,0.0,-2676.0,2101.0,575.0,0.0,3762.0,200.0,12.0,62.0,-50.0,,-212.0,0.0,3962.0,-1323.0,2639.0,0.0,0.0,0.0,2639.0,-156.0,2483.0,0.0,0.0,2483.0,2483.0,0.0,1696.0,1.46,1.46,1.46,1711.0,1.46,1.46,1.46,
10/03/2015,13512.0,13512.0,-10364.0,10364.0,3148.0,0.0,-53.0,,,53.0,3095.0,129.0,55.0,68.0,-13.0,,-184.0,0.0,3224.0,-1483.0,1741.0,0.0,0.0,0.0,1741.0,-132.0,1609.0,0.0,0.0,1609.0,2075.45,466.45,1679.0,0.96,0.96,1.236123,1694.0,0.96,0.96,1.235354,
01/02/2016,15244.0,15244.0,-8623.0,8623.0,6621.0,0.0,-2632.0,2025.0,607.0,0.0,3989.0,369.0,24.0,66.0,-42.0,,-474.0,81.0,4358.0,-1448.0,2910.0,0.0,0.0,0.0,2910.0,-30.0,2880.0,0.0,0.0,2880.0,2750.91,-129.09,1654.0,1.74,1.74,1.663186,1668.0,1.73,1.73,1.652608,
04/02/2016,12969.0,12969.0,-6864.0,6864.0,6105.0,0.0,-2742.0,2137.0,605.0,0.0,3363.0,83.0,67.0,81.0,-14.0,,-150.0,0.0,3446.0,-1170.0,2276.0,0.0,0.0,0.0,2276.0,-133.0,2143.0,0.0,0.0,2143.0,2241.58,98.58,1633.0,1.31,1.31,1.372676,1643.0,1.3,1.3,1.36,
07/02/2016,14277.0,14277.0,-7201.0,7201.0,7076.0,0.0,-2931.0,2305.0,626.0,0.0,4145.0,38.0,70.0,88.0,-18.0,,-152.0,44.0,4183.0,-1471.0,2712.0,0.0,0.0,0.0,2712.0,-115.0,2597.0,0.0,0.0,2597.0,2639.0,42.0,1621.0,1.6,1.6,1.628007,1631.0,1.59,1.59,1.615751,
10/01/2016,13142.0,13142.0,-7305.0,7305.0,5837.0,0.0,-2976.0,2287.0,689.0,0.0,2861.0,20.0,99.0,119.0,-20.0,,-150.0,31.0,2881.0,-989.0,1892.0,0.0,0.0,0.0,1892.0,-121.0,1771.0,0.0,0.0,1771.0,1780.0,9.0,1606.0,1.1,1.1,1.108344,1615.0,1.1,1.1,1.105573,
12/31/2016,14784.0,14784.0,-8406.0,8406.0,6378.0,0.0,-2672.0,1985.0,687.0,0.0,3706.0,19.0,99.0,121.0,-22.0,,-118.0,0.0,3725.0,-1237.0,2488.0,0.0,0.0,0.0,2488.0,-9.0,2479.0,0.0,0.0,2479.0,2479.0,0.0,1592.0,1.56,1.56,1.56,1603.0,1.55,1.55,1.55,
04/01/2017,13336.0,13336.0,-6969.0,6969.0,6367.0,0.0,-2617.0,1941.0,676.0,0.0,3750.0,1.0,84.0,115.0,-31.0,,-85.0,0.0,3751.0,-1212.0,2539.0,0.0,0.0,0.0,2539.0,-151.0,2388.0,0.0,0.0,2388.0,2388.0,0.0,1580.0,1.51,1.51,1.51,1591.0,1.5,1.5,1.5,
07/01/2017,14238.0,14238.0,-7717.0,7717.0,6521.0,0.0,-2733.0,2022.0,711.0,0.0,3788.0,-170.0,117.0,134.0,-17.0,,-124.0,177.0,3618.0,-1144.0,2474.0,0.0,0.0,0.0,2474.0,-108.0,2366.0,0.0,0.0,2366.0,2478.0,112.0,1562.0,1.51,1.51,1.586428,1572.0,1.51,1.51,1.581247,
09/30/2017,12779.0,12779.0,-7214.0,7214.0,5565.0,0.0,-2936.0,2228.0,708.0,0.0,2629.0,65.0,85.0,137.0,-52.0,,7.0,-157.0,2694.0,-829.0,1865.0,0.0,0.0,0.0,1865.0,-118.0,1747.0,0.0,0.0,1747.0,1652.0,-95.0,1538.0,1.14,1.14,1.074122,1547.0,1.13,1.13,1.068591,
12/30/2017,15351.0,15351.0,-8737.0,8737.0,6614.0,0.0,-2821.0,2079.0,742.0,0.0,3793.0,-48.0,129.0,146.0,-17.0,,-43.0,-38.0,3745.0,728.0,4473.0,0.0,0.0,0.0,4473.0,-50.0,4423.0,0.0,0.0,4423.0,2837.0,-1586.0,1512.0,2.93,2.93,1.876323,1521.0,2.91,2.91,1.867265,
03/31/2018,14548.0,14548.0,-7541.0,7541.0,7007.0,0.0,-2970.0,2239.0,731.0,0.0,4037.0,-109.0,143.0,172.0,-29.0,,-6.0,-28.0,3928.0,-813.0,3115.0,0.0,0.0,0.0,3115.0,-178.0,2937.0,0.0,0.0,2937.0,2783.0,-154.0,1503.0,1.95,1.95,1.85163,1510.0,1.95,1.95,1.848013,
06/30/2018,15229.0,15229.0,-8348.0,8348.0,6881.0,0.0,-2957.0,2213.0,744.0,0.0,3924.0,-70.0,143.0,175.0,-32.0,,-73.0,0.0,3854.0,-795.0,3059.0,0.0,0.0,0.0,3059.0,-143.0,2916.0,0.0,0.0,2916.0,2806.0,-110.0,1491.0,1.96,1.96,1.881958,1498.0,1.95,1.95,1.876569,
09/29/2018,14306.0,14306.0,-8108.0,8108.0,6198.0,0.0,-3115.0,2321.0,794.0,0.0,3083.0,119.0,159.0,189.0,-30.0,,224.0,-502.0,3202.0,-783.0,2419.0,0.0,0.0,0.0,2419.0,-97.0,2322.0,0.0,0.0,2322.0,2214.0,-108.0,1489.0,1.56,1.56,1.486904,1497.0,1.55,1.55,1.477856,
12/29/2018,15303.0,15303.0,-9001.0,9001.0,6302.0,0.0,-2884.0,2152.0,732.0,0.0,3418.0,13.0,63.0,163.0,-100.0,,-76.0,0.0,3431.0,-645.0,2786.0,0.0,0.0,0.0,2786.0,2.0,2788.0,0.0,0.0,2788.0,2754.0,-34.0,1490.0,1.87,1.87,1.848322,1498.0,1.86,1.86,1.837303,
03/30/2019,14922.0,14922.0,-8376.0,8376.0,6546.0,0.0,-3158.0,2330.0,828.0,0.0,3388.0,3849.0,143.0,198.0,-55.0,,309.0,-4301.0,7237.0,-1647.0,5590.0,-21.0,-21.0,0.0,5611.0,-159.0,5452.0,0.0,0.0,5452.0,2120.0,-3311.0,1530.0,3.56,3.55,1.385621,1537.0,3.55,3.53,1.375804,
06/29/2019,20262.0,20262.0,-12837.0,12837.0,7425.0,0.0,-4674.0,3368.0,1306.0,0.0,2751.0,-742.0,411.0,472.0,-61.0,,1.0,330.0,2009.0,-393.0,1616.0,-366.0,-366.0,0.0,1982.0,-222.0,1760.0,0.0,0.0,1760.0,1861.715059,467.715059,1802.0,0.98,0.79,1.053116,1814.0,0.97,0.79,1.047836,
09/28/2019,19100.0,19100.0,-11822.0,11822.0,7278.0,0.0,-4993.0,3697.0,1296.0,0.0,2285.0,-1027.0,361.0,413.0,-52.0,,-131.0,797.0,1258.0,-344.0,914.0,-291.0,-291.0,0.0,1205.0,-151.0,1054.0,0.0,0.0,1054.0,1375.0,612.0,1804.0,0.58,0.44,0.762195,1816.0,0.58,0.43,0.762195,
12/28/2019,20858.0,20858.0,-13016.0,13016.0,7842.0,0.0,-5001.0,3703.0,1298.0,0.0,2841.0,-209.0,283.0,362.0,-79.0,,-224.0,150.0,2632.0,-459.0,2173.0,26.0,26.0,0.0,2147.0,-40.0,2107.0,0.0,0.0,2107.0,2524.756471,391.756471,1805.0,1.17,1.18,1.398757,1817.0,1.16,1.17,1.385606,
03/28/2020,18009.0,18009.0,-11918.0,11918.0,6091.0,0.0,-4721.0,3388.0,1333.0,0.0,1370.0,-310.0,300.0,365.0,-65.0,,-135.0,145.0,1060.0,-525.0,535.0,15.0,15.0,0.0,520.0,-60.0,460.0,0.0,0.0,460.0,752.749961,277.749961,1808.0,0.25,0.26,0.416344,1816.0,0.25,0.26,0.412946,
06/27/2020,11779.0,11779.0,-7896.0,7896.0,3883.0,0.0,-3832.0,2455.0,1377.0,0.0,51.0,-4891.0,412.0,456.0,-44.0,,-186.0,4665.0,-4840.0,331.0,-4509.0,3.0,3.0,0.0,-4512.0,-209.0,-4721.0,0.0,0.0,-4721.0,-4272.102618,445.897382,1809.0,-2.61,-2.61,-2.361582,1809.0,-2.61,-2.61,-2.363512,
09/30/2020,14579.889,,,,,,,,,,-978.625,,,,,,,,-1658.6,,-1289.6,,,,,,-1289.6,,,-1289.6,-1289.6,,,-0.688,-0.688,-0.686,,-0.688,-0.688,-0.686,
12/31/2020,17430.0,,,,,,,,,,1454.333,,,,,,,,328.433,,332.613,,,,,,332.613,,,332.613,332.613,,,0.079,0.079,0.069,,0.079,0.079,0.069,
