Date,Revenue,Sales & Services Revenue,Cost of Revenue,Cost of Goods & Services,Gross Profit,Other Operating Income,Operating Expenses,"Selling, General & Admin",Prov For Doubtful Accts,Other Operating Expense,Operating Income (Loss),Non-Operating (Income) Loss,"Interest Expense, Net",Interest Expense,Interest Income,Foreign Exch (Gain) Loss,(Income) Loss from Affiliates,Other Non-Op (Income) Loss,Pretax Income,Income Tax Expense (Benefit),Income (Loss) from Cont Ops,Net Extraordinary Losses (Gains),Discontinued Operations,XO & Accounting Changes,Income (Loss) Incl. MI,Minority Interest,"Net Income, GAAP",Preferred Dividends,Other Adjustments,"Net Income Avail to Common, GAAP","Net Income Avail to Common, Adj",Net Abnormal Losses (Gains),Basic Weighted Avg Shares,"Basic EPS, GAAP",Basic EPS from Cont Ops,"Basic EPS from Cont Ops, Adjusted",Diluted Weighted Avg Shares,"Diluted EPS, GAAP",Diluted EPS from Cont Ops,"Diluted EPS from Cont Ops, Adjusted",Source: Bloomberg
03/31/1995,,,,,,,,,,,,,,,,0.0,,0.0,,,,0.0,,,,0.0,,0.0,,,,,276.473257,,,,276.473257,,,,
06/30/1995,,,,,,,,,,,,,,,,0.0,,0.0,,,,0.0,,,,0.0,,0.0,,,,,279.024746,,,,279.024746,,,,
09/30/1995,,,,,,,,,,,,,,,,0.0,,0.0,,,,0.0,,,,0.0,,0.0,,,,,280.209387,,,,280.209387,,,,
12/31/1995,,,,,,,,,,,,,,,,0.0,,0.0,,,,0.0,,,,0.0,,0.0,,,,,279.935988,,,,279.935988,,,,
03/31/1996,84.974998,,-55.904999,,29.07,,-26.5,,,,2.57,-1.069,,1.069,,0.0,,0.0,1.501,-0.578,0.923,0.0,,,0.923,0.0,0.923,0.0,,0.923,0.923,,282.092616,0.002634,0.002634,0.002634,282.092616,0.002634,0.002634,0.002634,
06/30/1996,102.689003,,-67.029999,,35.659004,,-28.073,,,,7.586,-1.555,,1.555,,0.0,,0.0,6.031,-2.32,3.711,0.0,,,3.711,0.0,3.711,0.0,,3.711,3.711,,284.137872,0.01284,0.01284,0.01284,284.137872,0.01284,0.01284,0.01284,
09/30/1996,110.587997,,-68.697998,,41.889999,,-30.756001,,,,11.134,-1.408,,1.408,,0.0,,0.0,9.726,-3.748,5.978,0.0,,,5.978,0.0,5.978,0.0,,5.978,5.978,,290.222996,0.020741,0.020741,0.020741,290.222996,0.020741,0.020741,0.020741,
12/31/1996,194.785004,,-119.266998,,75.518006,,-36.598999,,,,38.918999,-1.161,,1.161,,0.0,,0.0,37.757999,-14.535,23.223,0.0,,,23.222999,0.0,23.223,0.0,,23.223,23.223,,290.952,0.08,0.08,0.08,290.952,0.08,0.08,0.08,
03/31/1997,117.746002,,-76.455002,,41.291,,-35.048,,,,6.243,-0.45,,0.45,,0.0,,0.0,5.793,-2.23,3.563,0.0,,,3.563,0.0,3.563,0.0,,3.563,3.563,,262.602008,0.013333,0.013333,0.013333,289.534507,0.013333,0.013333,0.013333,
06/30/1997,129.332001,,-83.167999,,46.164001,,-35.576,,,,10.588001,-0.788,,0.788,,0.0,,0.0,9.800001,-3.773,6.027001,0.0,,,6.027001,0.0,6.027001,0.0,,6.027001,6.027001,,263.270258,0.022222,0.022222,0.022222,290.405242,0.020049,0.020049,0.020049,
09/30/1997,142.386002,,-88.550003,,53.835999,,-38.771,,,,15.064999,-0.971,,0.971,,0.0,,0.0,14.093999,-5.425,8.668999,0.0,,,8.668998,0.0,8.668999,0.0,,8.668999,8.668999,,263.769748,0.033333,0.033333,0.033333,291.741755,0.02963,0.02963,0.02963,
12/31/1997,273.515991,,-167.520996,,105.994995,,-54.125,,,,51.869999,-0.805,,0.805,,0.0,,0.0,51.064999,-19.667,31.398001,0.0,,,31.397999,0.0,31.398001,0.0,,31.398001,31.398001,,271.633507,0.115556,0.115556,0.115556,300.402013,0.104444,0.104444,0.104444,
03/31/1998,175.531006,,-112.866997,,62.664009,,-49.307999,,,,13.356,-0.735,0.735,0.735,,0.0,,0.0,12.621,-4.89,7.731,0.0,,,7.731,0.0,7.731,0.0,,7.731,7.731,,274.684502,0.028889,0.028889,0.028889,303.331498,0.026667,0.026667,0.026667,
06/30/1998,205.209,,-131.130005,,74.078995,,-54.352001,,,,19.726999,-1.051,1.051,1.051,,0.0,,0.0,18.675999,-6.87,11.806,0.0,,,11.805999,0.0,11.806,0.0,,11.806,11.806,,275.318996,0.042222,0.042222,0.042222,304.397987,0.037778,0.037778,0.037778,
09/30/1998,210.007996,,-132.014008,,77.993988,,-56.486,,,,21.507999,-1.531,1.531,1.531,,0.0,,0.0,19.976999,-7.555,12.422,0.0,,,12.422,0.0,12.422,0.0,,12.422,12.422,,275.832006,0.044444,0.044444,0.044444,304.875,0.04,0.04,0.04,
12/31/1998,353.374,,-213.069,,140.305,,-69.154,,,,71.151,-6.339,,1.61,,,,4.729,64.812,-25.218,39.594,,,,39.594,,39.594,,,39.594,39.594,,273.78,0.13,0.13,0.140889,302.7825,0.117778,0.117778,0.128889,
03/31/1999,227.044006,,-146.179001,,80.865005,,-62.345001,,,,18.52,-0.482,0.482,0.882,-0.4,,,0.0,18.038,-6.711,11.327,,,,11.327,,11.327,,,11.327,11.327,,276.943497,0.04,0.04,0.04,305.590485,0.037778,0.037778,0.037778,
06/30/1999,288.148,,-184.389,,103.759,,-76.476,,,,27.283,-2.375,1.325,1.583,-0.258,0.0,,1.05,24.908,-9.54,15.368,0.0,,,15.368,0.0,15.368,-0.742,0.0,14.626,14.626,,278.1675,0.052667,0.05258,0.055913,306.1575,0.043333,0.043333,0.045556,
09/30/1999,298.868011,,-191.546005,,107.322006,,-79.402,,,,27.92,-1.767,1.974,1.974,,0.0,,-0.207,26.153,-10.168,15.985,0.0,,,15.985,0.0,15.985,-3.902,0.0,12.083,12.083,,295.812,0.04,0.04,0.04,324.234009,0.036667,0.036667,0.036667,
12/31/1999,506.713,,-309.798,,196.915,,-95.923,,,,100.992,-1.73,,2.592,,0.0,,-0.862,99.262,-38.384,60.878,0.0,,,60.878,0.0,60.878,-1.943,0.0,58.935,58.935,,279.216,0.211111,0.211073,0.211111,307.728,0.18,0.18,0.18,
03/31/2000,327.111,,-213.538,,113.573,,-90.354,,,,23.219,-0.5,0.332,2.278,-1.946,0.0,,0.168,22.719,-8.767,13.952,0.0,,,13.952,0.0,13.952,-1.076,0.0,12.876,12.876,,297.0945,0.043333,0.043333,0.043333,325.9395,0.04,0.04,0.04,
06/30/2000,384.503,,-246.458,,138.045,,-97.253,,,,40.792,-4.984,0.618,1.937,-1.319,0.0,,4.366,35.808,-14.273,21.535,0.387,,,21.148,0.0,21.148,-0.337,0.0,20.811,20.811,,304.845,0.066667,0.07,0.076667,335.244,0.063333,0.063333,0.073333,
09/30/2000,377.317993,,-238.328003,,138.98999,,-102.661003,,,,36.328999,-0.799,0.799,1.514,-0.715,0.0,,0.0,35.529998,-13.68,21.85,0.0,,,21.849998,0.0,21.85,0.0,0.0,21.85,21.85,,318.344994,0.07,0.07,0.07,340.497002,0.063333,0.063333,0.063333,
12/31/2000,599.173,,-365.092,,234.081,,-127.019,,,,107.062,-1.634,,2.088,,0.0,,-0.454,105.428,-40.756,64.672,0.0,,,64.672,0.0,64.672,0.0,0.0,64.672,64.672,,327.384,0.196667,0.196667,0.196667,340.032,0.19,0.19,0.19,
03/31/2001,387.319,,-255.858,,131.461,,-113.522,,,,17.939,-0.405,-0.387,1.294,-1.681,0.0,,0.792,17.534,-6.751,10.783,0.0,,,10.783,0.0,10.783,0.0,0.0,10.783,10.783,,336.291,0.033333,0.033333,0.033333,338.292,0.033333,0.033333,0.033333,
06/30/2001,440.361,,-283.274,,157.087,,-121.842,,,,35.245,-0.007,0.204,1.355,-1.151,0.0,,-0.197,35.238,-13.58,21.658,0.0,,,21.658,0.0,21.658,0.0,0.0,21.658,21.658,,336.546,0.063333,0.063333,0.063333,338.556,0.063333,0.063333,0.063333,
09/30/2001,444.745,,-290.45,,154.295,0.0,-128.475,,,,25.82,-2.142,0.763,1.276,-0.513,,,1.379,23.678,-9.126,14.552,,,,14.552,,14.552,0.0,0.0,14.552,14.552,,337.089,0.043333,0.043333,0.043333,339.711,0.043333,0.043333,0.043333,
12/31/2001,714.846,,-441.732,,273.114,,-148.253,,,,124.861,-1.06,1.311,1.539,-0.228,0.0,,-0.251,123.801,-47.713,76.088,0.0,,,76.088,0.0,76.088,0.0,0.0,76.088,76.088,,336.927,0.226667,0.226667,0.226667,339.324,0.223333,0.223333,0.223333,
03/31/2002,489.625,,-316.46,,173.165,,-137.051,,,,36.114,0.556,0.199,1.263,-1.064,0.0,,-0.755,36.67,-14.118,22.552,0.0,,,22.552,0.0,22.552,0.0,0.0,22.552,22.552,,338.403,0.066667,0.083333,0.083333,342.105,0.066667,0.083333,0.083333,
06/30/2002,498.578,,-318.387,,180.191,,-138.062,,,,42.129,-1.094,0.311,1.103,-0.792,0.0,,0.783,41.035,-15.798,25.237,0.0,,,25.237,0.0,25.237,0.0,0.0,25.237,25.237,,341.766,0.073333,0.073333,0.073333,345.417,0.07,0.07,0.07,
09/30/2002,513.504,,-330.921,,182.583,,-148.487,,,,34.096,-1.774,0.392,1.072,-0.68,,,1.382,32.322,-12.444,19.878,,,,19.878,,19.878,0.0,0.0,19.878,19.878,,342.324,0.056667,0.056667,0.056667,344.244,0.056667,0.056667,0.056667,
12/31/2002,827.481018,,-515.463989,,312.017029,,-170.434998,,,,141.582001,-0.15,,1.081,-0.789,0.0,,-0.142,141.432001,-54.452,86.980003,0.0,,,86.980001,0.0,86.980003,0.0,0.0,86.980003,86.980003,,342.456001,0.253333,0.253333,0.253333,343.863007,0.253333,0.253333,0.253333,
05/03/2003,615.568,,-397.78,,217.788,0.0,-163.297,163.297,,0.0,54.491,-1.165,1.248,2.058,-0.81,,,-0.083,53.326,-20.531,32.795,,,,32.795,,32.795,0.0,0.0,32.795,32.795,,342.774,0.096667,0.096667,0.096667,343.593,0.096667,0.096667,0.096667,
08/02/2003,626.028,,-404.921,,221.107,0.0,-173.507,173.507,,0.0,47.6,-0.774,1.439,2.153,-0.714,,,-0.665,46.826,-18.027,28.799,,,,28.799,0.0,28.799,0.0,0.0,28.799,28.799,,343.5,0.083333,0.083333,0.083333,346.797,0.083333,0.083333,0.083333,
11/01/2003,665.211,,-420.214,,244.997,,-184.632,,,,60.365,-1.566,1.555,2.129,-0.574,0.0,,0.011,58.799,-22.638,36.161,0.0,,,36.161,0.0,36.161,0.0,0.0,36.161,36.161,,345.114,0.103333,0.103333,0.103333,349.281,0.103333,0.103333,0.103333,
01/31/2004,893.065,,-564.137,,328.928,0.0,-197.787,,,,131.141,-1.492,1.492,2.042,-0.55,0.0,,-58.951,188.6,-49.973,79.828,0.0,,,138.627,0.0,79.828,0.0,0.0,79.828,79.828,,344.304,0.231853,0.231853,0.231853,347.301,0.229852,0.229852,0.229852,
05/01/2004,710.33,,-457.294,,253.036,0.0,-194.377,194.377,,0.0,58.659,-1.468,,1.468,,,,,57.191,-22.041,35.15,,,,35.15,,35.15,0.0,0.0,35.15,35.15,,341.442,0.103333,0.103333,0.103333,344.001,0.103333,0.103333,0.103333,
07/31/2004,704.234,,-453.861,,250.373,,-201.289,,,,49.084,-0.934,0.934,1.848,-0.914,0.0,,0.0,48.15,-18.558,29.592,0.0,,,29.592,0.0,29.592,0.0,0.0,29.592,29.592,0.676,340.581,0.086667,0.086667,0.09,342.447,0.086667,0.086667,0.09,
10/30/2004,723.967,,-465.568,,258.399,,-204.81,,,,53.589,-1.762,1.762,1.762,0.0,0.0,,0.0,51.827,-19.973,31.854,0.0,,,31.854,0.0,31.854,0.0,0.0,31.854,31.854,,338.67,0.093333,0.093333,0.093333,340.119,0.093333,0.093333,0.093333,
01/29/2005,987.478,,-636.747,,350.731,0.0,-218.512,,,,132.219,-3.742,3.742,5.22,-2.946,0.0,,-101.034,230.979,-47.348,83.654,0.0,,,183.631,0.0,83.654,0.0,0.0,83.654,83.654,-0.676,338.859,0.24687,0.24687,0.244875,341.265,0.245129,0.245129,0.243148,
04/30/2005,749.1,,-494.9,,254.2,0.0,-206.1,206.1,,0.0,48.1,-1.3,,1.3,,,,,46.8,-17.8,29.0,,,,29.0,,29.0,0.0,0.0,29.0,29.0,,333.9,0.086667,0.086667,0.086667,333.9,0.086667,0.086667,0.086667,
07/30/2005,769.0,,-507.6,,261.4,0.0,-214.9,214.9,,0.0,46.5,-2.8,,2.8,,,,,43.7,-16.4,27.3,,,,27.3,,27.3,0.0,0.0,27.3,27.3,,325.2,0.083333,0.083333,0.083333,326.4,0.083333,0.083333,0.083333,
10/29/2005,796.8,,-520.5,,276.3,0.0,-224.1,224.1,,0.0,52.2,-2.2,,2.2,,,,,50.0,-18.9,31.1,,,,31.1,,31.1,0.0,0.0,31.1,31.1,,321.9,0.096667,0.096667,0.096667,322.8,0.096667,0.096667,0.096667,
01/28/2006,1079.017,,-698.648,,380.369,,-243.908,,,,136.461,-1.788,,7.808,-6.02,0.0,,0.0,134.673,-48.174,86.499,0.0,,,86.499,0.0,86.499,0.0,0.0,86.499,86.499,,319.26,0.27,0.27,0.27,320.49,0.27,0.27,0.27,
04/29/2006,856.5,,-570.4,,286.1,0.0,-232.7,232.7,,0.0,53.4,-0.8,,0.8,,,,,52.6,-19.7,32.9,,,,32.9,,32.9,0.0,0.0,32.9,32.9,,318.9,0.103333,0.103333,0.103333,320.4,0.103333,0.103333,0.103333,
07/29/2006,883.6,,-590.3,,293.3,0.0,-245.3,245.3,,0.0,48.0,-1.7,,1.7,,,,,46.3,-17.3,29.0,,,,29.0,,29.0,0.0,0.0,29.0,29.0,,311.1,0.093333,0.093333,0.093333,312.3,0.093333,0.093333,0.093333,
10/28/2006,910.4,,-602.9,,307.5,0.0,-253.9,253.9,,0.0,53.6,-3.0,,3.0,,,,,50.6,-18.1,32.5,,,,32.5,,32.5,0.0,0.0,32.5,32.5,,306.6,0.106667,0.106667,0.106667,308.4,0.106667,0.106667,0.106667,
02/03/2007,1318.9,,-848.6,,470.3,,-314.7,,,,155.6,-2.7,,11.3,,0.0,,-8.6,152.9,-55.8,97.6,0.0,,,97.1,0.0,97.6,0.0,0.0,97.6,97.6,,302.7,0.323333,0.323333,0.323333,304.5,0.32,0.32,0.32,
05/05/2007,975.0,,-649.7,,325.3,0.0,-263.0,263.0,,0.0,62.3,-1.6,1.6,,,,,0.0,60.7,-22.6,38.1,,,,38.1,,38.1,,0.0,38.1,38.1,,297.6,0.126667,0.126667,0.126667,300.0,0.126667,0.126667,0.126667,
08/04/2007,971.2,,-644.6,,326.6,0.0,-273.2,273.2,,0.0,53.4,-1.6,1.6,,,,,0.0,51.8,-19.2,32.6,,,,32.6,,32.6,0.0,0.0,32.6,32.6,,294.6,0.11,0.11,0.11,296.1,0.11,0.11,0.11,
11/03/2007,997.8,,-653.9,,343.9,0.0,-283.7,283.7,,0.0,60.2,-3.7,3.7,,,,,0.0,56.5,-20.6,35.9,0.0,,,35.9,0.0,35.9,0.0,0.0,35.9,35.9,,285.6,0.126667,0.126667,0.126667,287.1,0.126667,0.126667,0.126667,
02/02/2008,1298.6,,-833.3,,465.3,,-310.9,,,,154.4,-3.6,10.3,10.3,,0.0,,-6.7,150.8,-56.1,94.7,0.0,,,94.7,0.0,94.7,0.0,0.0,94.7,94.7,,273.3,0.346667,0.346667,0.346667,273.9,0.346667,0.346667,0.346667,
05/03/2008,1051.3,1051.3,-694.8,694.8,356.5,0.0,-286.8,286.8,,0.0,69.7,-1.6,1.6,,,,,0.0,68.1,-24.5,43.6,0.0,0.0,0.0,43.6,,43.6,0.0,0.0,43.6,43.6,0.0,269.7,0.16,0.16,0.16,270.6,0.16,0.16,0.16,
08/02/2008,1093.1,1093.1,-730.0,730.0,363.1,0.0,-301.5,301.5,,0.0,61.6,-1.9,1.9,,,,,0.0,59.7,-22.1,37.6,0.0,0.0,0.0,37.6,,37.6,0.0,0.0,37.6,37.6,0.0,270.6,0.14,0.14,0.14,271.5,0.14,0.14,0.14,
11/01/2008,1114.0,1114.0,-734.6,734.6,379.4,0.0,-310.1,310.1,,0.0,69.3,-2.3,2.3,,,,,0.0,67.0,-23.9,43.1,0.0,0.0,0.0,43.1,,43.1,0.0,0.0,43.1,43.1,0.0,271.5,0.16,0.16,0.16,273.0,0.156667,0.156667,0.156667,
01/31/2009,1386.5,1386.5,-893.3,893.3,493.2,0.0,-328.0,328.0,,0.0,165.2,-0.9,0.9,,,,,0.0,164.3,-59.1,105.2,0.0,0.0,0.0,105.2,,105.2,0.0,0.0,105.2,106.76,1.56,272.1,0.386667,0.386667,0.392356,273.9,0.383333,0.383333,0.389029,
05/02/2009,1201.1,1201.1,-785.7,785.7,415.4,0.0,-317.8,317.8,,0.0,97.6,-0.8,0.8,,,,,0.0,96.8,-36.4,60.4,0.0,0.0,0.0,60.4,,60.4,0.0,0.0,60.4,60.4,0.0,271.5,0.223333,0.223333,0.223333,273.3,0.22,0.22,0.22,
08/01/2009,1222.8,1222.8,-801.0,801.0,421.8,0.0,-332.6,332.6,,0.0,89.2,-1.3,1.3,,,,,0.0,87.9,-31.0,56.9,0.0,0.0,0.0,56.9,,56.9,0.0,0.0,56.9,56.9,0.0,269.1,0.21,0.21,0.21,270.6,0.21,0.21,0.21,
10/31/2009,1248.7,1248.7,-807.5,807.5,441.2,0.0,-333.6,333.6,,0.0,107.6,-1.6,1.6,,,,,0.0,106.0,-37.8,68.2,0.0,0.0,0.0,68.2,,68.2,0.0,0.0,68.2,68.2,0.0,267.9,0.254573,0.254573,0.254573,269.7,0.252874,0.252874,0.252874,
01/30/2010,1558.6,1558.6,-980.2,980.2,578.4,0.0,-360.0,360.0,,0.0,218.4,-1.5,1.5,,,,,0.0,216.9,-81.9,135.0,0.0,0.0,0.0,135.0,0.0,135.0,0.0,0.0,135.0,135.845,0.845,264.0,0.51,0.51,0.514564,266.1,0.506667,0.506667,0.509842,
05/01/2010,1352.6,1352.6,-902.4,902.4,450.2,0.0,-347.6,347.6,,0.0,102.6,-0.5,1.4,,,,,-0.9,102.1,-38.5,63.6,0.0,0.0,0.0,63.6,,63.6,,0.0,63.6,63.6,0.0,387.9,0.163333,0.163333,0.163333,390.9,0.163333,0.163333,0.163333,
07/31/2010,1377.9,1377.9,-894.4,894.4,483.5,0.0,-355.7,355.7,,0.0,127.8,-2.8,1.6,,,,,1.2,125.0,-47.0,78.0,0.0,0.0,0.0,78.0,,78.0,,0.0,78.0,78.0,0.0,254.6,0.305,0.305,0.305,256.2,0.305,0.305,0.305,
10/30/2010,1426.6,1426.6,-920.6,920.6,506.0,0.0,-365.1,365.1,,0.0,140.9,3.8,1.6,,,,,-5.4,144.7,-51.5,93.2,0.0,0.0,0.0,93.2,,93.2,,0.0,93.2,93.2,0.0,253.8,0.365,0.365,0.365,255.6,0.365,0.365,0.365,
01/29/2011,1725.3,1725.3,-1077.4,1077.4,647.9,0.0,-389.2,389.2,,0.0,258.7,-0.6,1.0,,,,,-0.4,258.1,-95.6,162.5,0.0,0.0,0.0,162.5,0.0,162.5,0.0,0.0,162.5,163.215,0.715,249.4,0.65,0.65,0.654431,251.6,0.645,0.645,0.647842,
04/30/2011,1545.9,1545.9,-1005.1,1005.1,540.8,0.0,-379.1,379.1,,0.0,161.7,-0.2,0.9,,,,,-0.7,161.5,-60.5,101.0,0.0,0.0,0.0,101.0,0.0,101.0,0.0,0.0,101.0,101.0,0.0,245.2,0.41,0.41,0.41,247.0,0.41,0.41,0.41,
07/30/2011,1542.4,1542.4,-1000.0,1000.0,542.4,0.0,-388.9,388.9,,0.0,153.5,-1.2,0.7,,,,,0.5,152.3,-57.4,94.9,0.0,0.0,0.0,94.9,,94.9,0.0,0.0,94.9,94.9,0.0,489.2,0.195,0.195,0.195,492.2,0.195,0.195,0.195,
10/29/2011,1596.6,1596.6,-1036.0,1036.0,560.6,0.0,-395.7,395.7,,0.0,164.9,-0.7,0.6,,,,,0.1,164.2,-59.7,104.5,0.0,0.0,0.0,104.5,,104.5,0.0,0.0,104.5,104.5,0.0,479.2,0.22,0.22,0.22,483.0,0.215,0.215,0.215,
01/28/2012,1945.6,1945.6,-1211.1,1211.1,734.5,0.0,-432.5,432.5,,0.0,302.0,-0.5,0.7,,,,,-0.2,301.5,-113.6,187.9,0.0,0.0,0.0,187.9,,187.9,0.0,0.0,187.9,188.485,0.585,233.2,0.805,0.805,0.808254,235.2,0.8,0.8,0.802487,
04/28/2012,1723.6,1723.6,-1120.9,1120.9,602.7,0.0,-414.7,414.7,,0.0,188.0,0.6,0.5,,,0.0,0.0,-1.1,188.6,-72.5,116.1,0.0,0.0,0.0,116.1,0.0,116.1,0.0,0.0,116.1,116.1,0.0,463.0,0.25,0.25,0.25,465.6,0.25,0.25,0.25,
07/28/2012,1704.6,1704.6,-1105.0,1105.0,599.6,0.0,-415.2,415.2,,0.0,184.4,-1.1,1.1,,,0.0,,0.0,183.3,-64.1,119.2,0.0,0.0,0.0,119.2,0.0,119.2,0.0,0.0,119.2,119.2,0.0,231.3,0.52,0.52,0.52,232.6,0.51,0.51,0.51,
10/27/2012,1720.5,1720.5,-1120.9,1120.9,599.6,0.0,-415.4,415.4,,0.0,184.2,59.9,0.8,,,0.0,,-60.7,244.1,-88.7,155.4,0.0,0.0,0.0,155.4,,155.4,0.0,0.0,155.4,117.3,-38.1,228.8,0.68,0.68,0.512675,230.0,0.68,0.68,0.512675,
02/02/2013,2245.8,2245.8,-1395.0,1395.0,850.8,0.0,-487.3,487.3,,0.0,363.5,-0.6,0.4,,,0.0,,0.2,362.9,-134.3,228.6,0.0,0.0,0.0,228.6,,228.6,0.0,0.0,228.6,228.925,0.325,225.8,1.01,1.01,1.01384,227.1,1.01,1.01,1.011431,
05/04/2013,1865.8,1865.8,-1209.8,1209.8,656.0,0.0,-439.4,439.4,,0.0,216.6,-1.0,0.6,,,0.0,,0.4,215.6,-82.1,133.5,0.0,0.0,0.0,133.5,0.0,133.5,0.0,0.0,133.5,133.5,0.0,224.2,0.6,0.6,0.6,225.2,0.59,0.59,0.59,
08/03/2013,1854.9,1854.9,-1206.2,1206.2,648.7,0.0,-447.4,447.4,,0.0,201.3,-0.5,0.7,,,,,-0.2,200.8,-76.1,124.7,0.0,0.0,0.0,124.7,0.0,124.7,0.0,0.0,124.7,124.7,0.0,223.4,0.56,0.56,0.56,224.3,0.56,0.56,0.56,
11/02/2013,1884.7,1884.7,-1224.8,1224.8,659.9,0.0,-455.6,455.6,,0.0,204.3,-5.5,5.2,,,,,0.3,198.8,-73.4,125.4,0.0,0.0,0.0,125.4,0.0,125.4,0.0,0.0,125.4,125.4,0.0,216.6,0.58,0.58,0.58,217.6,0.58,0.58,0.58,
02/01/2014,2234.9,2234.9,-1409.7,1409.7,825.2,0.0,-477.0,477.0,,0.0,348.2,-9.1,8.9,,,,,0.2,339.1,-126.1,213.0,0.0,0.0,0.0,213.0,0.0,213.0,0.0,0.0,213.0,213.325,0.325,208.1,1.02,1.02,1.025108,209.3,1.02,1.02,1.021553,
05/03/2014,2000.3,2000.3,-1303.7,1303.7,696.6,0.0,-464.7,464.7,,0.0,231.9,-8.1,8.1,,,0.0,,0.0,223.8,-85.5,138.3,0.0,0.0,0.0,138.3,0.0,138.3,0.0,0.0,138.3,138.3,0.0,206.8,0.67,0.67,0.67,207.7,0.67,0.67,0.67,
08/02/2014,2031.1,2031.1,-1337.0,1337.0,694.1,0.0,-489.1,489.1,,0.0,205.0,-8.4,8.4,,,,,0.0,196.6,-75.1,121.5,0.0,0.0,0.0,121.5,0.0,121.5,0.0,0.0,121.5,126.1,4.6,205.8,0.59,0.59,0.612731,206.6,0.59,0.59,0.612265,
11/01/2014,2095.2,2095.2,-1369.9,1369.9,725.3,0.0,-505.6,505.6,,0.0,219.7,-10.4,9.3,,,,,1.1,209.3,-76.3,133.0,0.0,0.0,0.0,133.0,0.0,133.0,0.0,0.0,133.0,142.4,9.4,205.6,0.65,0.65,0.692607,206.6,0.64,0.64,0.685499,
01/31/2015,2475.6,2475.6,-1557.5,1557.5,918.1,0.0,-534.5,534.5,,0.0,383.6,-58.9,54.3,,,,,4.6,324.7,-118.1,206.6,0.0,0.0,0.0,206.6,0.0,206.6,0.0,0.0,206.6,239.0,32.4,205.7,1.0,1.0,1.161886,206.8,1.0,1.0,1.156673,
05/02/2015,2176.7,2176.7,-1427.8,1427.8,748.9,0.0,-516.1,516.1,,0.0,232.8,-119.6,122.2,,,,,-2.6,113.2,-43.7,69.5,0.0,0.0,0.0,69.5,0.0,69.5,0.0,0.0,69.5,146.3,76.8,206.2,0.34,0.34,0.709505,207.1,0.34,0.34,0.709505,
08/01/2015,3011.2,3011.2,-2156.0,2156.0,855.2,0.0,-731.8,731.8,,0.0,123.4,-265.6,263.9,,,,,1.7,-142.2,44.2,-98.0,0.0,0.0,0.0,-98.0,0.0,-98.0,0.0,0.0,-98.0,108.3,206.3,214.3,-0.46,-0.46,0.505366,214.3,-0.46,-0.46,0.502669,
10/31/2015,4945.2,4945.2,-3545.2,3545.2,1400.0,0.0,-1176.3,1176.3,,0.0,223.7,-99.0,98.4,,,,,0.6,124.7,-42.8,81.9,0.0,0.0,0.0,81.9,0.0,81.9,0.0,0.0,81.9,81.9,0.0,234.7,0.35,0.35,0.35,234.7,0.35,0.35,0.35,
01/30/2016,5365.3,5365.3,-3712.7,3712.7,1652.6,0.0,-1182.9,1182.9,,0.0,469.7,-117.2,114.8,,,,,2.4,352.5,-123.5,229.0,0.0,0.0,0.0,229.0,0.0,229.0,0.0,0.0,229.0,235.825,6.825,234.9,0.97,0.97,1.003938,236.0,0.97,0.97,0.998919,
04/30/2016,5085.8,5085.8,-3531.2,3531.2,1554.6,0.0,-1135.9,1135.9,,0.0,418.7,-87.1,87.3,,,,,-0.2,331.6,-98.9,232.7,0.0,0.0,0.0,232.7,0.0,232.7,0.0,0.0,232.7,232.7,0.0,235.3,0.99,0.99,0.99,236.4,0.98,0.98,0.98,
07/30/2016,4996.3,4996.3,-3483.9,3483.9,1512.4,0.0,-1155.2,1155.2,,0.0,357.2,-87.3,87.3,,,0.0,,0.0,269.9,-99.7,170.2,0.0,0.0,0.0,170.2,0.0,170.2,0.0,0.0,170.2,170.2,0.0,235.6,0.72,0.72,0.72,236.7,0.72,0.72,0.72,
10/29/2016,5001.6,5001.6,-3481.1,3481.1,1520.5,0.0,-1178.1,1178.1,,0.0,342.4,-112.2,112.1,,,0.0,,0.1,230.2,-58.6,171.6,0.0,0.0,0.0,171.6,0.0,171.6,0.0,0.0,171.6,171.6,0.0,235.8,0.73,0.73,0.73,236.9,0.72,0.72,0.72,
01/28/2017,5635.3,5635.3,-3828.3,3828.3,1807.0,0.0,-1220.5,1220.5,,0.0,586.5,-88.8,88.8,,,0.0,,0.0,497.7,-175.9,321.8,0.0,0.0,0.0,321.8,0.0,321.8,0.0,0.0,321.8,321.8,0.0,236.1,1.36,1.36,1.36,237.1,1.36,1.36,1.36,
04/29/2017,5287.1,5287.1,-3660.0,3660.0,1627.1,0.0,-1238.3,1187.4,50.9,0.0,388.8,-75.0,74.7,,,0.0,,0.3,313.8,-113.3,200.5,0.0,0.0,0.0,200.5,0.0,200.5,0.0,0.0,200.5,200.5,0.0,236.3,0.85,0.85,0.85,237.3,0.85,0.85,0.85,
07/29/2017,5281.2,5281.2,-3653.4,3653.4,1627.8,0.0,-1208.3,1208.3,,0.0,419.5,-75.9,75.8,,,,,0.1,343.6,-109.8,233.8,0.0,0.0,0.0,233.8,0.0,233.8,0.0,0.0,233.8,233.8,0.0,236.7,0.99,0.99,0.99,237.4,0.98,0.98,0.98,
10/28/2017,5316.6,5316.6,-3650.6,3650.6,1666.0,0.0,-1240.8,1240.8,,0.0,425.2,-70.1,69.7,,,,,0.4,355.1,-115.2,239.9,0.0,0.0,0.0,239.9,0.0,239.9,0.0,0.0,239.9,239.9,0.0,236.9,1.01,1.01,1.01,237.8,1.01,1.01,1.01,
02/03/2018,6360.6,6360.6,-4259.6,4259.6,2101.0,0.0,-1335.4,1370.4,,-35.0,765.6,-74.1,81.6,,,0.0,,-7.5,691.5,348.6,1040.1,0.0,0.0,0.0,1040.1,0.0,1040.1,0.0,0.0,1040.1,432.0155,-608.0845,237.2,4.38,4.38,1.821313,238.2,4.37,4.37,1.817168,
05/05/2018,5553.7,5553.7,-3854.1,3854.1,1699.6,0.0,-1262.0,1262.0,,0.0,437.6,-230.2,230.0,,,0.0,,0.2,207.4,-46.9,160.5,0.0,0.0,0.0,160.5,0.0,160.5,0.0,0.0,160.5,280.55757,120.05757,237.5,0.68,0.68,1.181295,238.5,0.67,0.67,1.173386,
08/04/2018,5525.6,5525.6,-3861.7,3861.7,1663.9,0.0,-1281.4,1281.4,,0.0,382.5,-44.8,46.1,,,,,-1.3,337.7,-63.8,273.9,0.0,0.0,0.0,273.9,0.0,273.9,0.0,0.0,273.9,273.9,0.0,237.9,1.15,1.15,1.15,238.6,1.15,1.15,1.15,
11/03/2018,5538.8,5538.8,-3866.9,3866.9,1671.9,0.0,-1284.1,1284.1,,0.0,387.8,-47.8,47.6,,,,,0.2,340.0,-58.2,281.8,0.0,0.0,0.0,281.8,0.0,281.8,0.0,0.0,281.8,271.235,-10.565,237.9,1.18,1.18,1.140122,238.7,1.18,1.18,1.135739,
02/02/2019,6205.2,6205.2,-4293.1,4293.1,1912.1,0.0,-4059.5,1332.5,,2727.0,-2147.4,-46.7,46.3,,,,,0.4,-2194.1,-112.9,-2307.0,0.0,0.0,0.0,-2307.0,0.0,-2307.0,0.0,0.0,-2307.0,462.0,2769.0,238.0,-9.69,-9.69,1.941176,238.0,-9.69,-9.69,1.941176,
05/04/2019,5808.7,5808.7,-4081.5,4081.5,1727.2,0.0,-1341.7,1341.7,,0.0,385.5,-41.6,41.4,,,,,0.2,343.9,-76.0,267.9,0.0,0.0,0.0,267.9,0.0,267.9,0.0,0.0,267.9,273.1,5.2,238.0,1.13,1.13,1.147479,239.1,1.12,1.12,1.141748,
08/03/2019,5740.6,5740.6,-4092.1,4092.1,1648.5,0.0,-1379.6,1379.6,,0.0,268.9,-40.5,40.1,,,,,0.4,228.4,-48.1,180.3,0.0,0.0,0.0,180.3,0.0,180.3,0.0,0.0,180.3,180.3,0.0,237.6,0.76,0.76,0.76,238.3,0.76,0.76,0.76,
11/02/2019,5746.2,5746.2,-4041.7,4041.7,1704.5,0.0,-1346.1,1346.1,,0.0,358.4,-41.5,41.4,,,,,0.1,316.9,-61.1,255.8,0.0,0.0,0.0,255.8,0.0,255.8,0.0,0.0,255.8,255.8,0.0,236.7,1.08,1.08,1.08,237.5,1.08,1.08,1.08,
02/01/2020,6315.3,6315.3,-4354.8,4354.8,1960.5,0.0,-1711.1,1398.1,,313.0,249.4,-39.9,39.2,,,,,0.7,209.5,-86.5,123.0,0.0,0.0,0.0,123.0,0.0,123.0,0.0,0.0,123.0,425.3,302.3,236.7,0.52,0.52,1.796789,237.5,0.52,0.52,1.792842,
05/02/2020,6286.8,6286.8,-4491.9,4491.9,1794.9,0.0,-1429.0,1429.0,,0.0,365.9,-40.7,40.2,,,,,0.5,325.2,-77.6,247.6,0.0,0.0,0.0,247.6,0.0,247.6,0.0,0.0,247.6,247.6,0.0,236.9,1.05,1.05,1.05,237.4,1.04,1.04,1.04,
08/01/2020,6277.6,6277.6,-4361.4,4361.4,1916.2,0.0,-1541.3,1541.3,,0.0,374.9,-35.0,34.8,,,,,0.2,339.9,-78.4,261.5,0.0,0.0,0.0,261.5,0.0,261.5,0.0,0.0,261.5,261.5,0.0,237.3,1.1,1.1,1.1,238.1,1.1,1.1,1.1,
10/31/2020,6112.773,,,,1835.29896552,,,,,,395.25,,,,,,,,354.5,,275.048,,,,,,275.048,,,275.048,275.048,,,1.154,1.154,1.149,,1.154,1.154,1.149,
01/31/2021,6692.591,,,,2100.46968535,,,,,,628.917,,,,,,,,595.706,,463.6,,,,,,463.6,,,463.6,463.6,,,1.933,1.933,1.94,,1.933,1.933,1.94,
