Date,Revenue,Sales & Services Revenue,Cost of Revenue,Cost of Goods & Services,Gross Profit,Other Operating Income,Operating Expenses,"Selling, General & Admin",Other Operating Expense,Operating Income (Loss),Non-Operating (Income) Loss,"Interest Expense, Net",Interest Expense,Interest Income,Foreign Exch (Gain) Loss,Other Non-Op (Income) Loss,Pretax Income,Income Tax Expense (Benefit),Income (Loss) from Cont Ops,Net Extraordinary Losses (Gains),Discontinued Operations,XO & Accounting Changes,Income (Loss) Incl. MI,Minority Interest,"Net Income, GAAP",Preferred Dividends,Other Adjustments,"Net Income Avail to Common, GAAP","Net Income Avail to Common, Adj",Net Abnormal Losses (Gains),Basic Weighted Avg Shares,"Basic EPS, GAAP",Basic EPS from Cont Ops,"Basic EPS from Cont Ops, Adjusted",Diluted Weighted Avg Shares,"Diluted EPS, GAAP",Diluted EPS from Cont Ops,"Diluted EPS from Cont Ops, Adjusted",Source: Bloomberg
03/31/1990,344.987,,-177.393005,,167.593994,,-109.252998,,,58.341,1.451,,0.318,,0.0,-1.769,59.792,-23.740999,36.050999,0.0,,,36.051,0.0,36.050999,0.0,,36.050999,36.050999,,85.071999,0.42,0.42,,85.071999,0.42,0.42,0.42,
06/30/1990,328.875,,-163.755997,,165.119003,,-102.75,,,62.368999,1.647,,0.329,,0.0,-1.976,64.015999,-25.826,38.189999,0.0,,,38.189999,0.0,38.189999,0.0,,38.189999,38.189999,,84.730003,0.45,0.45,,84.730003,0.45,0.45,0.45,
09/30/1990,352.820007,,-170.570007,,182.25,,-110.905998,,,71.344002,2.148,,0.647,,0.0,-2.795,73.492002,-29.291,44.201,0.0,,,44.201001,0.0,44.201,0.0,,44.201,44.201,,84.593002,0.53,0.53,,84.593002,0.53,0.53,0.53,
12/31/1990,386.871002,,-183.395996,,203.475006,,-120.944,,,82.530998,2.675,,0.133,,0.0,-2.808,85.205998,-31.487,53.719002,0.0,,,53.718998,0.0,53.719002,0.0,,53.719002,53.719002,,84.245003,0.63,0.63,0.63,84.245003,0.63,0.63,0.63,
03/31/1991,368.660004,,-180.444,,188.216003,,-124.554001,,,63.661999,2.655,,1.1,,0.0,-3.755,66.316999,-24.802999,41.514,0.0,,,41.513999,0.0,41.514,0.0,,41.514,41.514,,84.058998,0.49,0.49,,84.058998,0.49,0.49,0.49,
06/30/1991,347.575012,,-165.985992,,181.58902,,-112.394997,,,69.194,1.394,,2.496,,0.0,-3.89,70.588,-27.197001,43.390999,0.0,,,43.391,0.0,43.390999,0.0,,43.390999,43.390999,,84.019997,0.52,0.52,,84.019997,0.52,0.52,0.52,
09/30/1991,362.438995,,-169.298996,,193.139999,,-120.667,,,72.473,1.575,,2.215,,0.0,-3.79,74.048,-28.771999,45.276001,0.0,,,45.276,0.0,45.276001,0.0,,45.276001,45.276001,,83.996002,0.54,0.54,,83.996002,0.54,0.54,0.54,
12/31/1991,395.808014,,-186.358994,,209.44902,,-126.751999,,,82.696999,1.843,,2.41,,0.0,-4.253,84.539999,-31.819,52.721001,0.0,,,52.720999,0.0,52.721001,0.0,,52.721001,52.721001,,83.963997,0.63,0.63,0.63,83.963997,0.63,0.63,0.63,
03/31/1992,385.294006,,-178.630997,,206.66301,,-128.091995,,,78.570999,1.1,,2.457,,0.0,-3.557,79.670999,-30.790001,48.881001,0.0,,,48.880998,0.0,48.881001,0.0,,48.881001,48.881001,,83.905998,0.58,0.58,,83.905998,0.58,0.58,0.58,
06/30/1992,363.915985,,-166.016998,,197.898987,,-120.912003,,,76.987,0.964,,2.443,,0.0,-3.407,77.950999,-30.308001,47.643002,0.0,,,47.642999,0.0,47.643002,0.0,,47.643002,47.643002,,83.887001,0.57,0.57,,83.887001,0.57,0.57,0.57,
09/30/1992,372.592987,,-168.160995,,204.431992,,-123.821999,,,80.610001,0.917,,5.727,,0.0,-6.644,81.527,-30.993999,50.533001,0.0,,,50.533001,0.0,50.533001,0.0,,50.533001,50.533001,,83.856003,0.6,0.6,,83.856003,0.6,0.6,0.6,
12/31/1992,412.548004,,-190.160004,,222.388,,-136.337006,,,86.051003,-0.417,,4.744,,0.0,-4.327,85.634003,-29.907,55.728001,0.0,,,55.727003,0.0,55.728001,0.0,,55.728001,55.728001,,83.769508,0.67,0.67,0.67,83.769508,0.67,0.67,0.67,
03/31/1993,405.747009,,-185.876007,,219.871002,,-139.951996,,,79.918999,1.801,,2.449,,,-4.25,81.719999,-29.929001,51.791,0.0,,,51.790998,0.0,51.791,0.0,,51.791,51.791,,83.520386,0.62,0.62,,83.520386,0.62,0.62,0.62,
06/30/1993,362.868011,,-168.908005,,193.960007,,-130.190002,,,63.77,-58.745001,,2.435,,,56.310001,5.024999,-2.779,2.246,0.0,,,2.245999,0.0,2.246,0.0,,2.246,2.246,,82.984421,0.03,0.03,,82.984421,0.03,0.03,0.03,
09/30/1993,371.973877,,-173.376007,,198.59787,,-134.479004,,,64.119003,0.086,,2.71,,,-2.796,64.205003,-27.209,36.995998,0.0,,,36.996004,0.0,36.99588,0.0,,36.99588,36.99588,,82.56871,0.45,0.45,,82.56871,0.45,0.45,0.45,
12/31/1993,441.178101,,-202.276001,,238.9021,,-165.882996,,,73.018997,11.944,,2.682,,0.0,-14.626,84.962997,-34.134998,50.827999,0.0,,,50.827999,0.0,50.828121,0.0,,50.828121,50.828121,,83.324997,0.61,0.61,0.61,83.324997,0.61,0.61,0.61,
03/31/1994,429.988007,,-196.673996,,233.314011,,-169.475998,,,63.838001,0.948,,3.778,,,-4.726,64.786001,-26.745001,38.041,0.0,,,38.041,0.0,38.041,0.0,,38.041,38.041,,82.542,0.46,0.46,,82.542,0.46,0.46,0.46,
06/30/1994,412.343994,,-189.225006,,223.118988,,-170.970001,,,52.148998,-1.579,,2.522,,,-0.943,50.569998,-21.014,29.556,0.0,,,29.555998,0.0,29.556,0.0,,29.556,29.556,,82.324997,0.36,0.36,,82.324997,0.36,0.36,0.36,
09/30/1994,426.653992,,-195.914001,,230.73999,,-180.929993,,,49.810001,9.001,,2.592,,,-11.593,58.811002,-25.535999,33.275002,0.0,,,33.275002,0.0,33.275002,0.0,,33.275002,33.275002,,82.332001,0.4,0.4,,82.332001,0.4,0.4,0.4,
12/31/1994,478.93399,,-220.070999,,258.862991,,-191.001007,,,67.862,-1.143,,2.413,,,-1.27,66.719,-26.725,39.993999,0.0,,,39.994,0.0,39.993999,0.0,,39.993999,39.993999,,82.400002,0.49,0.49,0.49,82.400002,0.49,0.49,0.49,
03/31/1995,465.627991,,-210.669998,,254.957993,,-200.044006,,,54.914001,3.429,,3.111,,,-6.54,58.343001,-24.504,33.839001,0.0,,,33.839002,0.0,33.839001,0.0,,33.839001,33.839001,,82.418999,0.41,0.41,0.41,82.418999,0.41,0.41,0.41,
06/30/1995,442.265991,,-200.729004,,241.536987,,-186.098007,,,55.438999,-1.892,,3.273,,,-1.381,53.546999,-22.805,30.742001,1.01,,,29.731999,0.0,29.732,0.0,,29.732,29.732,,82.371002,0.36,0.37,0.37,82.371002,0.36,0.37,0.37,
09/30/1995,449.203003,,-202.098999,,247.104004,,-191.082993,,,56.021,-2.22,,3.555,,,-1.335,53.801,-23.542999,30.257999,0.882,,,29.376001,0.0,29.375999,0.0,,29.375999,29.375999,,82.486,0.36,0.371,0.36,82.486,0.36,0.371,0.36,
12/31/1995,500.347992,,-244.186996,,256.160996,,-235.550003,,,20.611,-13.782,,3.024,,,10.758,6.829,-5.342,1.487,0.0,,,1.487,0.0,-5.894,0.0,,-5.894,-5.894,,82.403999,-0.07,-0.01,-0.01,82.403999,-0.07,-0.01,-0.01,
03/31/1996,508.289001,,,,,,,,,,,,,,,,,,,,,,,,18.921,0.0,,18.921,18.921,,82.407997,0.23,0.23,0.59,82.407997,0.23,0.23,0.59,
06/30/1996,486.734009,,,,,,,,,,,,,,,,,,,,,,,,38.056,0.0,,38.056,38.056,,82.377998,0.46,0.46,0.46,82.377998,0.46,0.46,0.46,
09/30/1996,482.199005,,,,,,,,,,,,,,,,,,,,,,,,33.523998,0.0,,33.523998,33.523998,,82.332001,0.41,0.41,0.41,82.332001,0.41,0.41,0.41,
12/31/1996,502.404907,,,,,,,,,502.404907,,,,,,,,,502.404907,,,,,,-25.038,0.0,,-25.038,-25.038,,82.310997,-0.3,-0.3,0.44,82.310997,-0.3,-0.3,0.44,
03/31/1997,490.104004,,-227.195007,,262.908997,,-196.766998,,,66.141998,3.247,,2.385,,0.0,-5.632,69.388998,-27.964001,41.424999,0.0,,,41.424997,0.0,41.424999,0.0,,41.424999,41.424999,,82.125,0.5,0.5,0.5,82.210999,0.5,0.5,0.5,
06/30/1997,463.75,,-214.854004,,248.895996,,-186.828003,,,62.068001,0.987,,2.487,,0.0,-3.474,63.055001,-25.598,37.457001,0.0,,,37.457001,0.0,37.457001,0.0,,37.457001,37.457001,,82.141998,0.46,0.46,0.46,82.259003,0.46,0.46,0.46,
09/30/1997,466.90799,,-222.516006,,244.391984,,-219.337997,,,25.054001,-129.444,,2.152,,0.0,127.292,-104.389999,36.875,-67.514999,0.0,,,-67.514999,0.0,-67.514999,0.0,,-67.514999,-67.514999,,81.901001,-0.82,-0.82,0.55,81.901001,-0.82,-0.82,0.55,
12/31/1997,498.604004,,-218.621994,,279.98201,,-194.632996,,,85.348999,1.747,,1.798,,0.0,-3.545,87.095999,-53.791,33.305,0.0,,,33.304999,0.0,33.305,0.0,,33.305,33.305,,81.199997,0.41,0.41,0.64,81.199997,0.41,0.41,0.64,
03/31/1998,489.450989,,-223.612,,265.838989,,-193.841003,,,71.516998,1.089,,2.223,,0.0,-3.312,72.605998,-29.035,43.570999,0.0,,,43.570998,0.0,43.570999,0.0,,43.570999,43.570999,,80.967003,0.54,0.54,0.54,81.161003,0.54,0.54,0.54,
06/30/1998,474.791,,-219.571,,255.22,,-187.194,,,68.026,2.945,1.935,1.935,,,-4.88,70.971,-28.716,42.255,,,,42.255,,42.255,,,42.255,42.255,,80.668,0.52,0.52,0.52,80.668,0.52,0.52,0.52,
09/30/1998,469.77,,-259.188,,210.582,,-210.898,,,-0.316,3.298,2.135,2.135,,0.0,-5.433,2.982,-3.097,-0.115,0.0,,,-0.115,0.0,-0.115,0.0,0.0,-0.115,-0.115,,80.498,0.0,0.0,0.0,80.498,0.0,0.0,0.0,
12/31/1998,499.647011,,-233.628,,266.019011,,-162.717997,,,103.782002,-7.426,,1.98,,0.0,5.446,96.356002,-39.004,57.352001,0.0,,,57.352002,0.0,57.352001,0.0,0.0,57.352001,57.352001,,80.648,0.71,0.71,0.71,80.648,0.71,0.71,0.71,
03/31/1999,414.077,,-186.078,,227.999,,-149.702,,,78.297,-0.178,1.782,1.782,,,-1.604,78.119,-30.086,48.033,,,,48.033,,48.033,,,48.033,48.033,,,0.6,0.6,0.6,,0.6,0.6,0.6,
06/30/1999,407.841,,-184.26,,223.581,,-146.719,,,76.862,-4.195,1.677,1.677,,,2.518,72.667,-29.924,42.743,,,,42.743,,42.743,,,42.743,42.743,,,0.61,0.61,0.61,,0.61,0.61,0.61,
09/30/1999,417.114,,-187.453,,229.661,,-156.296,,,73.365,4.319,2.164,2.164,,0.0,-6.483,77.684,-28.627,49.057,0.0,,,49.057,0.0,49.057,0.0,0.0,49.057,49.057,,75.588,0.65,0.65,0.65,75.588,0.65,0.65,0.65,
12/31/1999,200.559,,-12.674,,187.885,,-41.046,,,146.839,19.366,1.997,1.997,,0.0,-21.363,166.205,-30.147,63.544,1.299,,,134.759,0.0,58.704,0.0,0.0,58.704,58.704,,74.3088,0.79,0.85,0.85,75.2615,0.78,0.85,0.85,
03/31/2000,321.578,,-115.371,,206.207,,-137.153,,,69.054,-4.618,3.424,3.424,,0.0,1.194,64.436,-24.8,39.636,0.0,,,39.636,0.0,39.636,0.0,0.0,39.636,39.636,,72.135,0.61,0.61,0.61,72.135,0.61,0.61,0.61,
06/30/2000,322.25,,-112.695,,209.555,,-137.262,,,72.293,-2.353,3.294,3.294,,,-0.941,69.94,-25.414,44.526,,,,44.526,,44.526,,,44.526,44.526,,72.275,0.48,0.48,0.48,72.275,0.48,0.48,0.48,
09/30/2000,316.084,,-113.208,,202.876,,-129.944,,,72.932,1.41,2.936,2.936,,0.0,-4.346,74.342,-27.378,46.964,-2.433,,,49.397,0.0,49.397,0.0,0.0,49.397,49.397,,72.391,0.68,0.65,0.65,72.391,0.68,0.65,0.65,
12/31/2000,302.801,,-111.751,,191.05,,-126.394,,,64.656,-0.451,1.782,1.782,,0.0,-1.331,64.205,-26.364,37.841,4.464,,,33.377,0.0,33.377,0.0,0.0,33.377,33.377,,72.495,0.46,0.52,0.52,72.495,0.46,0.52,0.52,
03/31/2001,316.682,,-117.186,,199.496,,-131.257,,,68.239,-0.251,0.488,1.617,-1.129,,-0.237,67.988,-25.509,42.479,,,,42.479,,42.479,,,42.479,42.479,,71.685,0.59,0.59,0.59,71.865,0.59,0.59,0.59,
06/30/2001,318.635,,-112.991,,205.644,,-133.78,,,71.864,-0.898,0.619,1.456,-0.837,0.0,0.279,70.966,-26.654,44.312,0.0,,,44.312,0.0,44.312,0.0,0.0,44.312,44.312,,69.605,0.64,0.64,0.64,70.147,0.63,0.63,0.63,
09/30/2001,324.318,,-111.503,,212.815,,-129.972,,,82.843,-1.127,1.094,1.346,-0.252,0.0,0.033,81.716,-30.654,51.062,0.0,,,51.062,0.0,51.062,0.0,0.0,51.062,51.062,,67.228,0.76,0.76,0.76,68.132,0.75,0.75,0.75,
12/31/2001,321.268,,-113.847,,207.421,,-127.415,,,80.006,-1.942,1.064,1.164,-0.1,0.0,0.878,78.064,-28.817,48.047,0.0,,,49.247,0.0,48.047,0.0,0.0,48.047,48.047,,65.753,0.74,0.74,0.75,66.249,0.73,0.73,0.75,
03/31/2002,328.909,,-113.094,,215.815,,-127.396,,,88.419,-0.367,0.784,0.921,-0.137,0.0,-0.417,88.052,-33.495,54.556,0.0,,,54.557,0.0,54.557,0.0,0.0,54.557,54.557,,64.225,0.85,0.85,0.84,65.257,0.84,0.84,0.83,
06/30/2002,328.463,,-110.56,,217.903,,-129.595,,,88.308,-0.096,1.048,1.173,-0.125,0.0,-0.952,88.212,-33.503,54.709,0.0,,,54.709,0.0,54.709,0.0,0.0,54.709,54.709,,63.204,0.87,0.87,0.87,64.109,0.85,0.85,0.85,
09/30/2002,319.773,,-107.794,,211.979,,-125.43,,,86.549,-1.58,1.1,1.203,-0.103,0.0,0.48,84.969,-32.306,52.663,0.0,,,52.663,0.0,52.663,0.0,0.0,52.663,52.663,,62.222,0.85,0.85,0.85,63.082,0.83,0.83,0.83,
12/31/2002,306.838,,-104.346,,202.492,,-121.215,,,81.277,-1.788,1.469,1.782,-0.313,0.0,0.319,79.489,-27.144,52.345,0.0,,,52.345,0.0,52.345,0.0,0.0,52.345,52.345,,61.53,0.85,0.85,0.85,62.611,0.84,0.84,0.84,
03/31/2003,317.199,,-109.824,,207.375,0.0,-122.676,,,84.699,-4.089,4.25,4.367,-0.117,,-0.161,80.61,-30.631,49.979,,,,49.979,,49.979,0.0,0.0,49.979,49.979,,59.49881,0.84,0.84,0.84,60.215663,0.83,0.83,0.83,
06/30/2003,309.556,,-105.418,,204.138,,-125.143,,,78.995,-6.554,4.788,4.904,-0.116,0.0,1.766,72.441,-27.548,44.893,0.0,,,44.893,0.0,44.893,0.0,0.0,44.893,44.893,,55.094,0.81,0.81,0.82,55.915,0.8,0.8,0.81,
09/30/2003,314.869,,-105.974,,208.895,,-120.914,,,87.981,-5.602,4.859,4.934,-0.075,0.0,0.743,82.379,-24.197,58.182,0.0,,,58.182,0.0,58.182,0.0,0.0,58.182,58.182,,52.91,1.1,1.1,1.03,53.471,1.09,1.09,1.02,
12/31/2003,300.517,,-104.749,,195.768,,-123.696,,,72.072,-8.122,4.975,5.036,-0.061,0.0,3.147,63.95,-24.532,39.418,0.0,,,39.418,0.0,39.418,0.0,0.0,39.418,39.418,,50.512,0.78,0.78,0.9,51.168,0.77,0.77,0.89,
03/31/2004,308.832,,-106.686,,202.146,,-118.911,,,83.235,-6.109,,5.166,-0.113,0.0,1.056,77.126,-29.464,47.662,0.0,,,47.662,0.0,47.662,0.0,0.0,47.662,47.662,,50.129,0.95,0.95,0.96,50.538,0.94,0.94,0.95,
06/30/2004,309.379,,-102.866,,206.513,,-126.625,,,79.888,-4.896,5.128,5.211,-0.083,0.0,-0.232,74.992,-29.004,45.988,0.0,,,45.988,0.0,45.988,0.0,0.0,45.988,45.988,,50.0,0.92,0.92,0.94,50.393,0.91,0.91,0.93,
09/30/2004,472.199005,,-161.763,,310.436005,,-209.274002,,,101.162003,-8.258,8.278,8.877,-0.599,0.0,-0.02,92.904003,-35.150002,57.754002,0.249,,,57.505001,0.0,57.505001,0.0,0.0,57.505001,57.505001,,50.120998,1.15,1.15,1.15,50.120998,1.14,1.14,1.14,
12/31/2004,476.9,,-164.7,,312.2,,-227.3,,,84.9,-13.1,,13.6,-0.569,0.0,0.069,71.8,-24.6,47.2,0.4,,,46.8,0.0,46.8,0.0,0.0,46.8,46.8,,50.323,0.93,0.94,0.94,50.655,0.92,0.93,0.93,
03/31/2005,437.320007,,-152.070999,,285.249008,,-208.522995,,,76.725998,-12.688,13.262,13.401,-0.139,0.0,-0.574,64.037998,-24.27,39.768002,0.396,,,39.371997,0.0,39.372002,0.0,0.0,39.372002,39.372002,,50.396999,0.78,0.79,0.79,50.737999,0.78,0.78,0.78,
06/30/2005,434.476013,,-150.772995,,283.703018,,-202.371002,,,81.332001,-13.97,14.574,14.574,,0.0,-0.604,67.362,-25.399,41.963001,-0.093,,,42.056,0.0,42.056,0.0,0.0,42.056,42.056,,50.573002,0.83,0.83,0.83,50.966999,0.83,0.82,0.82,
09/30/2005,412.501007,,-149.248001,,263.253006,,-191.925003,,,71.328003,-12.986,13.47,13.661,-0.191,0.0,-0.484,58.342003,-20.722,37.619999,0.486,,,37.134003,0.0,37.133999,0.0,0.0,37.133999,37.133999,,50.654999,0.73,0.74,0.74,50.654999,0.73,0.74,0.74,
12/31/2005,431.997009,,-156.268997,,275.728012,,-200.701996,,,75.026001,-14.034,,14.968,-0.747,0.0,-0.187,60.992001,-22.379999,38.612,-0.347,,,38.959001,0.0,38.959,0.0,0.0,38.959,38.959,,50.650002,0.77,0.76,0.76,51.0,0.76,0.75,0.75,
03/31/2006,411.43,,-155.976,,255.454,,-208.101,208.101,0.0,47.353,-8.996,13.699,13.848,-0.149,0.0,-4.703,38.357,-13.711,24.646,-0.022,,,24.668,0.0,24.668,0.0,0.0,24.668,24.668,,50.817,0.49,0.48,0.42,51.04,0.48,0.47,0.41,
06/30/2006,402.959015,,-151.667999,,251.291016,,-196.783005,,,54.507999,-59.449,14.741,14.741,,0.0,44.708,-4.941001,2.199,-2.742,-0.375,,,-2.367001,0.0,-2.367,0.0,0.0,-2.367,-2.367,,50.976002,-0.05,-0.05,0.44,50.976002,-0.05,-0.06,0.43,
09/30/2006,398.087006,,-149.729004,,248.358002,,-190.617996,,,57.740002,-14.35,14.377,14.377,,0.0,-0.027,43.390002,-12.227,31.163,0.0,,,31.163002,0.0,31.163,0.0,0.0,31.163,31.163,,51.098,0.61,0.61,0.61,51.279999,0.61,0.61,0.61,
12/31/2006,427.178009,,-155.906006,,271.272003,,-192.457993,,,78.814003,-13.079,,13.695,,0.0,-0.616,65.735003,-18.243999,47.491001,0.0,,,47.491004,0.0,47.491001,0.0,0.0,47.491001,47.491001,,51.400002,0.92,0.92,0.89,51.400002,0.92,0.92,0.89,
03/31/2007,403.834015,,-149.317001,,254.517014,,-189.317001,,,65.199997,-8.038,12.799,12.799,,0.0,-4.761,57.161997,-21.934,35.228001,0.0,,,35.227997,0.0,35.228001,0.0,0.0,35.228001,35.228001,,51.222,0.69,0.69,0.678,51.551998,0.68,0.68,0.668,
06/30/2007,399.871,,-142.794,,257.077,,-189.595,,,67.482,-13.033,13.909,13.909,,0.0,-0.876,54.449,-18.474,35.975,0.0,,,35.975,0.0,35.975,0.0,0.0,35.975,35.975,,51.449,0.7,0.7,0.7,52.024,0.69,0.69,0.69,
09/30/2007,388.635986,,-143.498001,,245.137985,,-184.416,,,60.722,-12.842,15.517,15.517,,0.0,-2.675,47.88,-15.72,32.16,0.0,,,32.16,0.0,32.16,0.0,0.0,32.16,32.16,,51.616001,0.62,0.62,0.62,52.123001,0.62,0.62,0.62,
12/31/2007,409.8,,-147.9,,261.9,,-188.1,,,73.8,-14.9,,13.1,,0.0,1.8,58.9,-18.2,40.7,0.5,,,40.2,0.0,40.2,0.0,0.0,40.2,40.2,,52.1,0.77,0.78,0.81,52.1,0.77,0.78,0.81,
03/31/2008,377.077,,-142.901,,234.176,,-179.152,179.152,0.0,55.024,-11.756,,12.753,,,-0.997,43.268,-15.491,27.777,0.46,,,27.317,0.0,27.317,0.0,0.0,27.317,27.317,,51.07,0.53,0.54,0.53,51.088,0.52,0.53,0.52,
06/30/2008,363.992,,-136.738,,227.254,,-162.757,162.757,0.0,64.497,-13.983,,12.38,,,1.603,50.514,-17.105,33.409,0.792,,,32.617,0.0,32.617,0.0,0.0,32.617,32.617,,51.005,0.64,0.65,0.68,51.029,0.63,0.65,0.68,
09/30/2008,362.714,,-137.451,,225.263,,-163.134,163.134,0.0,62.129,-43.84,,12.74,,,31.1,18.289,-4.189,14.1,0.34,,,13.76,,13.76,0.0,0.0,13.76,13.76,,50.859,0.27,0.27,0.67,50.879,0.27,0.27,0.67,
12/31/2008,364.9,,-134.5,,230.4,,-164.6,,,65.8,-17.7,12.5,12.5,,0.0,5.2,48.1,-17.5,30.6,2.7,,,27.9,0.0,27.9,0.0,0.0,27.9,27.9,,51.2,0.55,0.6,0.68,51.2,0.55,0.6,0.68,
03/31/2009,339.52,339.52,-127.752,127.752,211.768,0.0,-184.586,158.356,26.23,27.182,-2.229,,12.42,,,-10.191,24.953,-12.449,12.504,0.0,0.0,0.0,12.504,0.0,12.504,0.0,0.0,12.504,28.73632,16.23232,50.714,0.24,0.24,0.566635,50.726,0.24,0.24,0.56,
06/30/2009,332.069,332.069,-126.186,126.186,205.883,0.0,-152.8,151.73,1.07,53.083,-11.42,,11.627,,,-0.207,41.663,-13.887,27.776,0.0,0.0,0.0,27.776,0.0,27.776,0.0,0.0,27.776,29.3027,1.5267,50.824,0.54,0.54,0.576552,50.89,0.54,0.54,0.57,
09/30/2009,332.297,332.297,-121.538,121.538,210.759,0.0,-156.21,153.999,2.211,54.549,-11.325,,11.495,,,-0.17,43.224,-14.669,28.555,0.0,0.0,0.0,28.555,0.0,28.555,0.0,0.0,28.555,30.59696,2.04196,50.9,0.56,0.56,0.601119,51.049,0.56,0.56,0.6,
12/31/2009,340.3,340.3,-124.7,124.7,215.6,0.0,-159.8,152.4,7.4,55.8,-10.6,,10.7,,,-0.1,45.2,-14.7,30.5,0.0,0.0,0.0,30.5,0.0,30.5,0.0,0.0,30.5,36.11,5.61,51.0,0.59,0.59,0.708039,51.0,0.59,0.59,0.7,
03/31/2010,335.12,335.12,-118.363,118.363,216.757,0.0,-147.802,148.045,-0.243,68.955,-10.891,,10.535,,,0.356,58.064,-24.281,33.783,0.399,0.399,0.0,33.384,0.0,33.384,0.0,0.0,33.384,37.5587,3.7757,51.041,0.65,0.66,0.735854,51.219,0.65,0.66,0.733717,
06/30/2010,347.996,347.996,-121.94,121.94,226.056,0.0,-162.836,160.685,2.151,63.22,-12.552,,11.508,,,1.044,50.668,-17.054,33.614,0.0,0.0,0.0,33.614,0.0,33.614,0.0,0.0,33.614,35.369,1.755,51.163,0.65,0.65,0.6913,51.385,0.65,0.65,0.684154,
09/30/2010,367.633,367.633,-121.433,121.433,246.2,0.0,-157.692,157.589,0.103,88.508,-10.824,,11.207,,,-0.383,77.684,-26.512,51.172,0.372,0.372,0.0,50.8,0.0,50.8,0.0,0.0,50.8,35.24895,-15.92305,51.171,0.99,0.99,0.688846,51.362,0.98,0.99,0.679984,
12/31/2010,351.5,351.5,-126.7,126.7,224.8,0.0,-163.9,157.9,6.0,60.9,-11.4,,10.9,,,0.5,49.5,-14.7,34.8,0.0,0.0,0.0,34.8,0.0,34.8,0.0,0.0,34.8,39.93,5.13,51.3,0.68,0.68,0.778363,51.3,0.68,0.68,0.778363,
03/31/2011,349.752,349.752,-120.163,120.163,229.589,0.0,-162.134,160.817,1.317,67.455,-18.878,,12.038,,,6.84,48.577,-16.021,32.556,0.0,0.0,0.0,32.556,0.0,32.556,0.0,0.0,32.556,38.70686,6.15086,51.298,0.63,0.63,0.754549,51.853,0.63,0.63,0.748621,
06/30/2011,346.274,346.274,-120.687,120.687,225.587,0.0,-161.601,157.526,4.075,63.986,-12.123,,12.054,,,0.069,51.863,-16.39,35.473,0.0,0.0,0.0,35.473,0.0,35.473,0.0,0.0,35.473,39.09116,3.61816,51.175,0.69,0.69,0.763872,51.688,0.68,0.68,0.75,
09/30/2011,355.144,355.144,-122.638,122.638,232.506,0.0,-166.861,162.524,4.337,65.645,-12.132,,11.831,,,0.301,53.513,-16.778,36.735,0.0,0.0,0.0,36.735,0.0,36.735,0.0,0.0,36.735,40.31921,3.58421,50.889,0.72,0.72,0.792297,51.203,0.71,0.71,0.78,
12/31/2011,366.4,366.4,-129.9,129.9,236.5,0.0,-162.5,159.4,3.1,74.0,-11.9,,11.9,,,0.0,62.1,-22.3,39.8,0.0,0.0,0.0,39.8,0.0,39.8,0.0,0.0,39.8,42.415,2.615,51.0,0.78,0.78,0.831667,51.0,0.78,0.78,0.831275,
03/31/2012,377.981,377.981,-127.487,127.487,250.494,0.0,-172.469,171.831,0.638,78.025,-11.658,,11.697,,,-0.039,66.367,-22.288,44.079,0.0,0.0,0.0,44.079,0.0,44.079,0.0,0.0,44.079,45.10292,1.02392,50.898,0.86,0.86,0.886143,51.196,0.86,0.86,0.88,
06/30/2012,371.014,371.014,-127.594,127.594,243.42,0.0,-169.844,167.718,2.126,73.576,-11.039,,11.356,,,-0.317,62.537,-20.275,42.262,0.0,0.0,0.0,42.262,0.0,42.262,0.0,0.0,42.262,43.87478,1.61278,50.737,0.83,0.83,0.864749,50.986,0.82,0.82,0.851632,
09/30/2012,378.338,378.338,-131.69,131.69,246.648,0.0,-173.978,171.237,2.741,72.67,-11.705,,11.89,,,-0.185,60.965,-19.462,41.503,0.0,0.0,0.0,41.503,0.0,41.503,0.0,0.0,41.503,43.54416,2.04116,50.68,0.81,0.81,0.859198,51.029,0.81,0.81,0.85,
12/31/2012,387.6,387.6,-137.6,137.6,250.0,0.0,-172.2,169.7,2.5,77.8,-16.9,,11.9,,,5.0,60.9,-18.3,42.6,0.0,0.0,0.0,42.6,0.0,42.6,0.0,0.0,42.6,48.732,6.132,51.1,0.83,0.83,0.953659,51.1,0.83,0.83,0.95,
03/31/2013,387.553,387.553,-133.297,133.297,254.256,0.0,-176.523,175.152,1.371,77.733,-9.129,,9.479,,,-0.35,68.604,-22.729,45.875,0.0,0.0,0.0,45.875,0.0,45.875,0.0,0.0,45.875,46.89844,1.02344,50.707,0.9,0.9,0.924891,51.172,0.89,0.89,0.91,
06/30/2013,381.433,381.433,-133.547,133.547,247.886,0.0,-165.425,164.501,0.924,82.461,-9.421,,9.563,,,-0.142,73.04,-24.888,48.152,0.0,0.0,0.0,48.152,0.0,48.152,0.0,0.0,48.152,49.17164,1.01964,50.545,0.95,0.95,0.972829,50.982,0.94,0.94,0.96,
09/30/2013,398.08,398.08,-142.223,142.223,255.857,0.0,-176.139,173.359,2.78,79.718,-9.105,,9.662,,,-0.557,70.613,-23.71,46.903,0.0,0.0,0.0,46.903,0.0,46.903,0.0,0.0,46.903,49.00376,2.10076,50.443,0.93,0.93,0.971468,50.894,0.92,0.92,0.961277,
12/31/2013,417.8,417.8,-152.1,152.1,265.7,0.0,-187.7,178.3,9.4,78.0,-9.2,,9.6,,,-0.4,68.8,-23.1,45.7,0.0,0.0,0.0,45.7,0.0,45.7,0.0,0.0,45.7,52.826,7.126,50.9,0.9,0.9,1.037839,50.9,0.9,0.9,1.037839,
03/31/2014,406.955,406.955,-144.928,144.928,262.027,0.0,-181.231,177.931,3.3,80.796,-9.436,,9.567,,,-0.131,71.36,-24.036,47.324,0.0,0.0,0.0,47.324,0.0,47.324,0.0,-0.2,47.124,49.9182,2.7942,50.228,0.94,0.94,0.993832,50.684,0.93,0.93,0.98513,
06/30/2014,405.41,405.41,-145.891,145.891,259.519,0.0,-174.56,173.546,1.014,84.959,-9.162,,9.53,,,-0.368,75.797,-25.721,50.076,0.0,0.0,0.0,50.076,0.0,50.076,0.0,0.0,50.076,51.0806,1.0046,49.789,1.0,1.0,1.025941,50.23,0.99,0.99,1.01,
09/30/2014,413.204,413.204,-150.15,150.15,263.054,0.0,-186.322,175.661,10.661,76.732,-9.259,,9.58,,,-0.321,67.473,-23.042,44.431,0.0,0.0,0.0,44.431,0.0,44.431,0.0,0.0,44.431,52.0673,7.6363,49.594,0.89,0.89,1.049871,50.042,0.88,0.88,1.032598,
12/31/2014,448.5,448.5,-165.3,165.3,283.2,0.0,-193.1,192.1,1.0,90.1,-7.5,7.8,7.8,0.0,,-0.3,82.6,-24.6,58.0,0.0,0.0,0.0,58.0,0.0,58.0,0.0,0.0,58.0,59.5,1.5,50.0,1.16,1.16,1.19,50.0,1.16,1.16,1.19,
03/31/2015,433.617,433.617,-152.681,152.681,280.936,0.0,-195.645,195.378,0.267,85.291,-15.002,6.515,6.515,0.0,,8.487,70.289,-24.349,45.94,0.0,0.0,0.0,45.94,0.0,45.94,0.0,-0.293,45.647,52.23787,6.59087,49.699,0.92,0.92,1.051085,49.699,0.91,0.91,1.042616,
06/30/2015,435.874,435.874,-155.938,155.938,279.936,0.0,-191.057,190.091,0.966,88.879,-3.596,4.42,4.42,0.0,,-0.824,85.283,-29.22,56.063,0.0,0.0,0.0,56.063,0.0,56.063,0.0,-0.376,55.687,56.6824,0.9954,49.77,1.12,1.12,1.138887,49.77,1.11,1.11,1.13,
09/30/2015,439.816,439.816,-159.302,159.302,280.514,0.0,-191.146,189.641,1.505,89.368,-3.468,4.387,4.387,0.0,,-0.919,85.9,-28.983,56.917,0.0,0.0,0.0,56.917,0.0,56.917,0.0,-0.386,56.531,58.15832,1.62732,49.396,1.14,1.14,1.177389,49.762,1.13,1.13,1.162702,
12/31/2015,463.5,463.5,-171.3,171.3,292.2,0.0,-201.4,199.7,1.7,90.8,-4.3,5.0,5.0,0.0,,-0.7,86.5,-26.8,59.7,0.0,0.0,0.0,59.7,0.0,59.7,0.0,-0.405,59.295,62.253,2.958,49.3,1.21,1.21,1.262738,49.3,1.2,1.2,1.26,
03/31/2016,459.298,459.298,-164.305,164.305,294.993,0.0,-202.35,201.471,0.879,92.643,-5.093,5.243,5.243,0.0,,-0.15,87.55,-29.448,58.102,0.0,0.0,0.0,58.102,0.0,58.102,0.0,-0.461,57.641,58.19775,0.55675,48.78,1.18,1.18,1.193066,49.175,1.18,1.18,1.191322,
06/30/2016,450.642,450.642,-159.832,159.832,290.81,0.0,-199.861,198.726,1.135,90.949,-4.741,5.183,5.183,0.0,,-0.442,86.208,-27.819,58.389,0.0,0.0,0.0,58.389,0.0,58.389,0.0,-0.493,57.896,59.06322,1.16722,48.611,1.19,1.19,1.215018,48.611,1.18,1.18,1.204011,
09/30/2016,458.92,458.92,-166.27,166.27,292.65,0.0,-200.358,198.365,1.993,92.292,-4.113,4.855,4.855,0.0,,-0.742,88.179,-29.516,58.663,0.0,0.0,0.0,58.663,0.0,58.663,0.0,-0.491,58.172,59.99918,1.82718,48.493,1.2,1.2,1.237275,48.948,1.19,1.19,1.227329,
12/31/2016,480.2,480.2,-176.8,176.8,303.4,0.0,-210.6,207.5,3.1,92.8,-14.4,7.0,7.0,0.0,,7.4,78.4,-24.2,54.2,0.0,0.0,0.0,54.2,0.0,54.2,0.0,-0.425,53.775,65.463,11.688,48.7,1.11,1.11,1.344209,48.7,1.11,1.11,1.344209,
03/31/2017,487.766,487.766,-179.314,179.314,308.452,0.0,-223.454,217.144,6.31,84.998,-3.767,4.829,4.829,0.0,,-1.062,81.231,-24.165,57.066,0.0,0.0,0.0,57.066,0.0,57.066,0.0,-0.406,56.66,61.04282,4.38282,48.324,1.17,1.17,1.263199,48.698,1.16,1.16,1.25,
06/30/2017,485.232,485.232,-179.368,179.368,305.864,0.0,-213.037,208.656,4.381,92.827,-4.008,5.258,5.258,0.0,,-1.25,88.819,-29.24,59.579,0.0,0.0,0.0,59.579,0.0,59.579,0.0,-0.379,59.2,62.57785,3.37785,48.255,1.23,1.23,1.296816,48.255,1.22,1.22,1.29,
09/30/2017,497.669,497.669,-193.071,193.071,304.598,0.0,-251.246,203.349,47.897,53.352,-4.405,5.708,5.708,0.0,,-1.303,48.947,-20.146,28.801,0.0,0.0,0.0,28.801,0.0,28.801,0.0,-0.176,28.625,64.33021,35.70521,48.081,0.6,0.6,1.337955,48.377,0.59,0.59,1.328062,
12/31/2017,494.9,494.9,-191.0,191.0,303.9,0.0,-205.9,201.0,4.9,98.0,-4.2,5.6,5.6,0.0,,-1.4,93.8,-9.1,84.7,0.0,0.0,0.0,84.7,0.0,84.7,0.0,-0.496,84.204,67.369,-16.835,48.1,1.76,1.76,1.400603,48.1,1.75,1.75,1.4,
03/31/2018,491.914,491.914,-188.758,188.758,303.156,0.0,-215.448,211.154,4.294,87.708,-4.29,5.579,5.579,0.0,,-1.289,83.418,-20.082,63.336,0.0,0.0,0.0,63.336,0.0,63.336,0.0,-0.286,63.05,66.89,3.84,47.755,1.32,1.32,1.400691,48.0,1.31,1.31,1.39,
06/30/2018,488.244,488.244,-190.201,190.201,298.043,0.0,-215.22,209.585,5.635,82.823,-3.694,6.13,6.13,0.0,,-2.436,79.129,-18.922,60.207,0.0,0.0,0.0,60.207,0.0,60.207,0.0,-0.228,59.979,66.67109,6.69209,47.594,1.26,1.26,1.40083,47.777,1.25,1.25,1.390069,
09/30/2018,493.19,493.19,-197.634,197.634,295.556,0.0,-312.838,208.533,104.305,-17.282,-4.888,7.244,7.244,0.0,,-2.356,-22.17,-8.913,-31.083,0.0,0.0,0.0,-31.083,0.0,-31.083,0.0,-0.053,-31.136,63.40606,94.54206,46.781,-0.67,-0.67,1.355381,46.803,-0.67,-0.67,1.35,
12/31/2018,524.677,524.677,-215.155,215.155,309.522,0.0,-231.55,224.728,6.822,77.972,-5.718,8.159,8.159,0.0,,-2.441,72.254,-15.084,57.17,0.0,0.0,0.0,57.17,0.0,57.17,0.0,-0.05,57.12,64.46529,7.34529,45.238,1.262655,1.262655,1.425025,45.238,1.262655,1.262655,1.425025,
03/31/2019,499.065,499.065,-199.623,199.623,299.442,0.0,-235.669,230.177,5.492,63.773,-7.535,9.301,9.301,0.0,,-1.766,56.238,-15.048,41.19,0.0,0.0,0.0,41.19,0.0,41.19,0.0,-0.11,41.08,50.57065,9.49065,43.965,0.93,0.93,1.150248,44.065,0.93,0.93,1.145378,
06/30/2019,493.986,493.986,-202.528,202.528,291.458,0.0,-239.634,222.292,17.342,51.824,-7.071,9.239,9.239,0.0,,-2.168,44.753,-12.171,32.582,0.0,0.0,0.0,32.582,0.0,32.582,0.0,-0.06,32.522,46.22218,13.70018,43.4,0.75,0.75,1.065027,43.6,0.75,0.75,1.064224,
09/30/2019,493.593,493.593,-203.723,203.723,289.87,0.0,-630.553,213.318,417.235,-340.683,-6.527,8.71,8.71,0.0,,-2.183,-347.21,28.717,-318.493,0.0,0.0,0.0,-318.493,0.0,-318.493,0.0,0.0,-318.493,47.71613,366.20913,42.533,-7.49,-7.49,1.121861,42.533,-7.49,-7.49,1.12,
12/31/2019,522.071,522.071,-207.061,207.061,315.01,0.0,-248.065,225.906,22.159,66.945,-6.356,7.432,7.432,0.0,,-1.076,60.589,-15.765,44.824,0.0,0.0,0.0,44.824,0.0,44.824,0.0,0.271,45.095,73.2277,28.1327,42.218,1.068146,1.068146,1.734514,42.218,1.068146,1.068146,1.734514,
03/31/2020,486.423,486.423,-202.049,202.049,284.374,0.0,-345.188,237.204,107.984,-60.814,-2.527,6.999,6.999,0.0,,-4.472,-63.341,3.21,-60.131,0.0,0.0,0.0,-60.131,0.0,-60.131,0.0,-0.796,-60.927,30.317997,91.244997,42.028,-1.43,-1.43,0.721376,42.065,-1.45,-1.45,0.719143,
06/30/2020,410.405,410.405,-162.283,162.283,248.122,0.0,-223.807,198.57,25.237,24.315,-4.363,6.171,6.171,0.0,,-1.808,19.952,-5.074,14.878,0.0,0.0,0.0,14.878,-0.019,14.859,0.0,-0.013,14.846,31.221525,16.375525,41.797,0.36,0.36,0.74698,41.797,0.35,0.35,0.741787,
09/30/2020,415.0,,,,251.075,,,,,46.6,,,,,,,41.6,,31.2,,,,,,31.2,,,31.2,38.7,,,0.74,0.74,1.16,,0.74,0.74,1.16,
12/31/2020,431.0,,,,262.048,,,,,49.3,,,,,,,44.3,,33.2,,,,,,33.2,,,33.2,40.7,,,0.79,0.79,1.2,,0.79,0.79,1.2,
