Date,Revenue,Sales & Services Revenue,Cost of Revenue,Cost of Goods & Services,Gross Profit,Other Operating Income,Operating Expenses,"Selling, General & Admin",Other Operating Expense,Operating Income (Loss),Non-Operating (Income) Loss,"Interest Expense, Net",Interest Expense,Interest Income,Foreign Exch (Gain) Loss,Other Non-Op (Income) Loss,Pretax Income,Income Tax Expense (Benefit),Income (Loss) from Cont Ops,Net Extraordinary Losses (Gains),Discontinued Operations,XO & Accounting Changes,Income (Loss) Incl. MI,Minority Interest,"Net Income, GAAP",Preferred Dividends,Other Adjustments,"Net Income Avail to Common, GAAP","Net Income Avail to Common, Adj",Net Abnormal Losses (Gains),Basic Weighted Avg Shares,"Basic EPS, GAAP",Basic EPS from Cont Ops,"Basic EPS from Cont Ops, Adjusted",Diluted Weighted Avg Shares,"Diluted EPS, GAAP",Diluted EPS from Cont Ops,"Diluted EPS from Cont Ops, Adjusted",Source: Bloomberg
03/31/1990,528.642029,,-367.190002,,161.452026,,-104.958,,,56.493999,-0.279,,7.544,,-0.205,-7.06,56.214999,-19.847,36.368,0.0,,,36.367999,0.0,36.368,0.0,,36.368,36.368,,247.591995,0.1475,0.1475,,247.591995,0.1475,0.1475,0.1475,
06/30/1990,561.651001,,-385.006012,,176.644989,,-108.073997,,,68.570999,-2.044,,7.933,,-0.498,-5.391,66.526999,-24.275,42.251999,0.0,,,42.251999,0.0,42.251999,0.0,,42.251999,42.251999,,246.692001,0.17,0.17,,246.692001,0.17,0.17,0.17,
09/30/1990,552.810974,,-381.729004,,171.08197,,-106.901001,,,64.181,-1.105,,7.54,,-0.88,-5.555,63.076,-22.472,40.604,0.0,,,40.603999,0.0,40.604,0.0,,40.604,40.604,,246.011993,0.1675,0.1675,,246.011993,0.1675,0.1675,0.1675,
12/31/1990,567.241028,,-382.828003,,184.413025,,-120.379997,,,64.032997,-5.733,,7.641,,0.367,-2.275,58.299997,-21.844999,36.455002,0.0,,,36.454998,0.0,36.455002,0.0,,36.455002,36.455002,,241.414,0.1525,0.1525,0.1525,241.414,0.1525,0.1525,0.1525,
03/31/1991,553.400024,,-386.846008,,166.554016,,-113.911003,,,52.643002,-4.722,,6.874,,-0.435,-1.717,47.921001,-18.549999,29.371,0.0,,,29.371002,0.0,29.371,0.0,,29.371,29.371,,239.871994,0.1225,0.1225,,239.871994,0.1225,0.1225,0.1225,
06/30/1991,557.046997,,-390.61499,,166.432007,,-112.087997,,,54.344002,0.388,,6.706,,-0.144,-6.95,54.732002,-19.639999,35.091999,0.0,,,35.092002,0.0,35.091999,0.0,,35.091999,35.091999,,239.927994,0.145,0.145,,239.927994,0.145,0.145,0.145,
09/30/1991,534.114014,,-379.179993,,154.934021,,-108.954002,,,45.98,6.052,,4.756,,0.032,-10.84,52.032,-19.149,32.882999,0.0,,,32.882999,0.0,32.882999,0.0,,32.882999,32.882999,,239.712006,0.1375,0.1375,,239.712006,0.1375,0.1375,0.1375,
12/31/1991,551.224976,,-423.410004,,127.814972,,-117.440002,,,10.375,39.028001,,4.826,,-0.098,-43.756001,49.403001,-18.541,30.862,0.0,,,30.862001,0.0,30.862,0.0,,30.862,30.862,,237.811996,0.1325,0.1325,0.1325,237.811996,0.1325,0.1325,0.1325,
03/31/1992,545.713989,,-390.358002,,155.355988,,-108.441002,,,46.915001,-0.635,,4.495,,-0.236,-3.624,46.280001,-16.096001,30.184,-0.564,,,30.748001,0.0,30.747999,0.0,,30.747999,30.747999,,235.639999,0.1275,0.1275,,235.639999,0.1275,0.1275,0.1275,
06/30/1992,574.11499,,-407.700989,,166.414001,,-115.07,,,51.344002,-0.169,,4.784,,0.543,-5.158,51.175002,-19.886999,31.288,0.0,,,31.288003,0.0,31.288,0.0,,31.288,31.288,,233.604004,0.135,0.135,,233.604004,0.135,0.135,0.135,
09/30/1992,569.965027,,-396.876007,,173.08902,,-118.436996,,,54.652,-1.006,,5.461,,-0.171,-4.284,53.646,-19.896,33.75,0.0,,,33.75,0.0,33.75,0.0,,33.75,33.75,,233.188004,0.145,0.145,,233.188004,0.145,0.145,0.145,
01/01/1993,581.786011,,-406.660004,,175.126007,,-124.829002,,,50.297001,-1.063,,5.319,,-0.005,-4.251,49.234001,-15.313,33.921001,0.0,,,33.921001,0.0,33.921001,0.0,,33.921001,33.921001,,228.496004,0.15,0.15,0.15,228.496004,0.15,0.15,0.15,
03/31/1993,566.780029,,-398.665985,,168.114044,,-114.138,,,53.976002,-1.266,,4.246,,-0.024,-2.956,52.710002,-18.945999,33.764,0.0,,,33.764003,0.0,33.764,0.0,,33.764,33.764,,228.408005,0.1475,0.1475,,228.408005,0.1475,0.1475,0.1475,
06/30/1993,594.510986,,-417.337006,,177.173981,,-117.417,,,59.757,2.228,,5.13,,0.225,-7.583,61.985,-22.226,39.758999,0.0,,,39.759,0.0,39.758999,0.0,,39.758999,39.758999,,228.399994,0.175,0.175,,228.399994,0.175,0.175,0.175,
09/30/1993,642.177979,,-442.26001,,199.917969,,-129.091003,,,70.827003,-1.658,,6.04,,0.105,-4.487,69.169004,-26.809,42.360001,0.0,,,42.360003,0.0,42.360001,0.0,,42.360001,42.360001,,228.404007,0.185,0.185,,228.404007,0.185,0.185,0.185,
12/31/1993,680.458984,,-474.993011,,205.465973,,-136.151993,,,69.314003,-7.636,,6.923,,0.577,0.136,61.678003,-19.306999,42.370998,0.0,,,42.371004,0.0,42.370998,0.0,,42.370998,42.370998,,228.399992,0.185,0.185,0.185,228.399992,0.185,0.185,0.185,
03/31/1994,680.72699,,-469.795013,,210.931976,,-142.490997,,,68.441002,-0.45,,6.58,,-0.027,-6.103,67.991002,-25.417999,42.573002,0.0,,,42.573003,0.0,42.573002,0.0,,42.573002,42.573002,,228.703995,0.185,0.185,,228.703995,0.185,0.185,0.185,
06/30/1994,761.223999,,-523.328979,,237.89502,,-151.009003,,,86.886002,-5.437,,8.538,,0.308,-3.409,81.449001,-29.01,52.438999,0.0,,,52.439001,0.0,52.438999,0.0,,52.438999,52.438999,,228.759995,0.23,0.23,,228.759995,0.23,0.23,0.23,
09/30/1994,804.458984,,-559.231018,,245.227966,,-157.149002,,,88.079002,-8.487,,9.91,,0.547,-1.97,79.592003,-27.722,51.869999,0.0,,,51.870002,0.0,51.869999,0.0,,51.869999,51.869999,,228.820007,0.2275,0.2275,,228.820007,0.2275,0.2275,0.2275,
12/31/1994,838.866028,,-585.122009,,253.744019,,-171.785004,,,81.959,-4.131999,,11.433,,-0.119,-7.182,77.827,-22.336,55.491001,0.0,,,55.491,0.0,55.491001,0.0,,55.491001,55.491001,,228.800003,0.2425,0.2425,,228.800003,0.2425,0.2425,0.2425,
03/31/1995,854.129028,,-584.093018,,270.036011,,-176.001999,,,94.033997,-2.015,,8.854,,,-6.839,92.018997,-32.220001,59.799,0.0,,,59.798995,0.0,59.799,0.0,,59.799,59.799,,226.716003,0.265,0.265,,226.716003,0.265,0.265,0.265,
06/30/1995,948.164001,,-645.127991,,303.036011,,-180.080002,,,122.956001,-2.107,,8.688,,,-6.581,120.849001,-41.957001,78.891998,0.0,,,78.892001,0.0,78.891998,0.0,,78.891998,78.891998,,226.751999,0.345,0.345,,226.751999,0.345,0.345,0.345,
09/30/1995,934.54303,,-644.924011,,289.619019,,-177.110992,,,112.508003,-9.313,,9.559,,,-0.246,103.195003,-32.047001,71.148003,0.0,,,71.148002,0.0,71.148003,0.0,,71.148003,71.148003,,226.798004,0.315,0.315,,226.798004,0.315,0.315,0.315,
12/31/1995,1009.041016,,-690.198975,,318.842041,,-209.940002,,,108.902,-7.854,,13.012,,,-5.158,101.048,-32.576,68.472,0.0,,,68.472,0.0,68.472,0.0,,68.472,68.472,,226.800003,0.3,0.3,,226.800003,0.3,0.3,0.3,
03/31/1996,999.473022,,-664.276001,,335.197021,,-206.744995,,,128.451996,-4.397,,11.526,,,-7.129,124.054996,-46.310001,77.745003,0.0,,,77.744995,0.0,77.745003,0.0,,77.745003,77.745003,,227.492004,0.34,0.34,0.34,228.662003,0.34,0.34,0.34,
06/30/1996,1023.422974,,-674.637024,,348.78595,,-204.634995,,,144.151001,-6.421,,10.733,,,-4.312,137.730001,-49.872002,87.858002,0.0,,,87.857999,0.0,87.858002,0.0,,87.858002,87.858002,,227.595993,0.39,0.39,0.39,227.595993,0.39,0.39,0.39,
09/30/1996,1009.388,,-672.982971,,336.405029,,-198.229004,,,138.175995,73.286002,,9.557,,,-82.843002,211.461997,-67.139,144.322998,0.0,,,144.322997,0.0,144.322998,0.0,,144.322998,144.322998,,227.026001,0.64,0.64,0.42,227.026001,0.61,0.61,0.39,
12/31/1996,1044.0,,-697.755981,,346.244019,,-218.348999,,,127.894997,-12.417,,10.161,,,2.256,115.477996,-35.181,80.296997,0.0,,,80.296997,0.0,80.296997,0.0,,80.296997,80.296997,,226.524002,0.35,0.35,0.35,229.419998,0.35,0.35,0.35,
03/31/1997,791.846008,,-514.34198,,277.504028,,-174.205994,,,103.297997,-6.443,,10.987,,,-4.544,96.854996,-32.931,63.924,-14.576,,,78.499997,0.0,78.5,0.0,,78.5,78.5,,225.128006,0.35,0.28,0.28,227.082001,0.35,0.28,0.28,
06/30/1997,929.640991,,-597.599976,,332.041016,,-204.520996,,,127.519997,-1.379,,12.04,,,-10.661,126.140997,-42.888,83.252998,-41.661999,,,124.914995,0.0,124.915001,0.0,,124.915001,124.915001,,223.921997,0.56,0.38,0.27,226.416,0.55,0.37,0.26,
09/30/1997,945.333008,,-603.833008,,341.5,,-207.973007,,,133.526993,-3.357,,11.654,,,-8.297,130.169993,-44.257999,85.912003,-15.844,,,101.755994,0.0,101.755997,0.0,,101.755997,101.755997,,223.404006,0.46,0.38,0.38,227.059998,0.44,0.38,0.38,
12/31/1997,1002.747986,,-626.492981,,376.255005,,-221.093002,,,155.162003,-16.054,,11.482,,,4.572,139.108002,-47.282227,91.824997,-8.435,,,100.260776,0.0,100.260002,0.0,,100.260002,100.260002,,222.800003,0.45,0.42,0.42,227.863998,0.44,0.4,0.4,
03/31/1998,930.496,,-598.372,,332.124,,-214.503,,,117.621,-6.393,6.659,11.839,-5.18,1.079,-1.345,111.228,-37.385,73.843,-16.152,,,89.995,0.0,89.995,0.0,,89.995,89.995,,222.775,0.4,0.33,0.33,224.822,0.4,0.33,0.33,
06/30/1998,1009.772,,-650.857,,358.915,,-224.508,,,134.407,-6.207,7.119,13.925,-6.806,0.637,-1.549,128.2,-43.492,84.708,-15.346,,,100.054,0.0,100.054,0.0,,100.054,100.054,,222.901,0.45,0.38,0.38,224.692,0.45,0.38,0.38,
09/30/1998,1018.532,,-649.471,,369.061,,-224.767,,,144.294,-15.576,16.399,17.505,-1.106,-0.346,-0.477,128.718,-42.937,85.781,-8.191,,,93.972,0.0,93.972,,,93.972,93.972,,223.028,0.42,0.39,0.39,224.44,0.42,0.38,0.38,
12/31/1998,1018.866028,,-652.68103,,366.184998,,-228.593994,,,137.591003,-17.474,,17.159,,,0.315,120.117003,-38.051998,82.065002,-12.759,,,94.824005,0.0,94.823997,0.0,,94.823997,94.823997,,220.520996,0.43,0.37,0.37,224.169998,0.42,0.36,0.36,
03/31/1999,969.755,,-626.882,,342.873,,-233.719,,,109.154,-4.39,4.419,13.623,-9.204,0.277,-0.306,104.764,-35.544,69.22,-523.938,,,593.158,0.0,593.158,0.0,0.0,593.158,593.158,,216.928,2.73,0.32,0.32,218.326,2.72,0.32,0.32,
06/30/1999,1077.85,,-687.705,,390.145,,-241.615,,,148.53,-5.705,8.232,12.329,-4.097,-0.7,-1.827,142.825,-49.515,93.31,0.0,,,93.31,0.0,93.31,0.0,,93.31,93.31,,213.796,0.44,0.44,0.44,215.248,0.44,0.44,0.44,
09/30/1999,1150.531,,-734.564,,415.967,,-234.261,,,181.706,6.373,9.341,12.257,-2.916,-0.049,-15.665,188.079,-66.544,121.535,0.0,,,121.535,0.0,121.535,0.0,,121.535,121.535,,211.238,0.58,0.58,0.53,212.776,0.58,0.58,0.53,
12/31/1999,1248.284058,,-788.809021,,459.475037,,-263.45401,,,196.020996,-16.685,,15.192,,,1.493,179.335996,-58.347,120.988998,0.0,,,120.988996,0.0,120.988998,0.0,,120.988998,120.988998,,201.647995,0.6,0.6,0.62,208.602005,0.58,0.58,0.6,
03/31/2000,1201.917969,,-760.526001,,441.391968,,-249.998901,,,191.393097,-18.404,23.566,23.566,,,-5.162,172.989097,-58.622719,114.366302,-2.953,,,117.319378,0.0,117.319298,0.0,0.0,117.319298,117.319298,,202.796997,0.58,0.56,0.57,204.440002,0.57,0.56,0.57,
06/30/2000,1379.26,,-871.839,,507.421,,-280.898,,,226.523,-17.111,21.593,23.673,-2.08,-3.447,-1.035,209.412,-72.679,136.733,0.0,,,136.733,0.0,136.733,0.0,0.0,136.733,136.733,,202.895,0.67,0.66,0.66,204.683,0.67,0.65,0.65,
09/30/2000,1351.739,,-849.548,,502.191,,-281.1617,,,221.0293,-6.736,21.91,23.566,-1.656,1.386,-16.56,214.2933,-72.9793,142.7,11.833,,,129.481,0.0,130.867,0.0,0.0,130.867,130.867,,202.937,0.65,0.7,0.66,204.736,0.64,0.69,0.65,
12/31/2000,1316.738037,,-849.729004,,467.009033,,-275.138,,,191.871002,-33.056,,26.513,,,6.543,158.815002,-31.469999,127.345001,-7.348,,,134.693003,0.0,134.692993,0.0,0.0,134.692993,134.692993,,201.033997,0.67,0.63,0.72,204.080002,0.66,0.62,0.71,
03/31/2001,1210.174,,-796.951,,413.223,,-284.14,,,129.083,-16.498,19.173,26.304,-7.131,-0.436,-2.239,112.585,-34.64,77.945,-1.141,,,79.086,,79.086,,,79.086,79.086,,203.222,0.39,0.38,0.38,204.468,0.39,0.38,0.38,
06/30/2001,1108.776978,,-741.700012,,367.076965,,-276.678986,,,90.398003,-13.252,20.226999,23.021,-2.794,0.264,-7.239,77.146003,-28.358999,48.786999,-94.512001,,,143.299004,0.0,143.298996,0.0,0.0,143.298996,143.298996,,203.149994,0.7,0.24,0.32,204.352997,0.7,0.24,0.32,
09/30/2001,1081.005,,-773.311,,307.694,,-283.153,,,24.541,-16.681,17.887,21.439,-3.552,-2.371,1.165,7.86,-2.151,5.709,3.102,,,2.607,0.0,2.607,0.0,0.0,2.607,2.607,,203.086,0.01,0.03,0.03,204.21,0.01,0.03,0.03,
12/31/2001,976.054,,-675.975,,300.079,,-223.639,,,76.44,-14.981,17.858,20.246,-2.388,2.543,-5.42,61.459,-11.915,49.544,25.998,,,23.546,0.0,23.546,0.0,0.0,23.546,23.546,,202.925,0.12,0.18,0.26,204.013,0.12,0.18,0.26,
03/31/2002,994.569,,-670.382,,324.187,0.0,-240.722,240.722,0.0,83.465,-13.127,17.123,18.186,-1.063,,-3.996,70.338,-21.922,48.416,296.349,,,-247.933,,-247.933,,0.0,-247.933,-247.933,,202.66,-1.22,0.24,0.24,203.818,-1.22,0.24,0.24,
06/30/2002,1052.714966,,-705.414978,,347.299988,,-251.252701,,,96.047256,-10.228,15.755,16.368999,-0.614,,-5.527,85.819257,-21.618999,64.200256,8.999,,,55.201258,0.0,55.20126,0.0,0.0,55.20126,55.20126,,202.654999,0.27,0.32,0.35,203.712997,0.27,0.32,0.35,
09/30/2002,1030.260986,,-687.130981,,343.130005,,-245.443405,,,97.686569,-20.460999,15.095,16.368999,-1.274,,5.366,77.22557,-20.232,56.993568,0.552,,,56.441569,0.0,56.44157,0.0,0.0,56.44157,56.44157,,202.632996,0.28,0.28,0.31,203.229996,0.28,0.28,0.31,
12/31/2002,1007.817,,-684.784,,323.033,,-270.045,,,52.988,-22.469,13.483,15.68,-2.197,,8.986,30.519,8.25,38.769,23.74,,,15.029,0.0,15.029,0.0,0.0,15.029,15.029,,202.345,0.07,0.19,0.27,202.829,0.07,0.19,0.27,
03/31/2003,998.373,,-650.755,,347.618,,-256.178,,,91.44,-15.859,16.479,,,,-0.62,75.581,-17.892,57.689,-1.782,,,59.471,,59.471,,,59.471,59.471,,202.431,0.29,0.28,0.28,202.949,0.29,0.28,0.28,
06/30/2003,1094.0,,-715.438,,378.562,0.0,-265.476,265.476,0.0,113.086,-18.919,15.666,15.666,,,3.253,94.167,-22.576,71.591,-1.191,,,72.782,0.0,72.782,0.0,0.0,72.782,72.782,,202.527,0.36,0.36,0.36,203.337,0.36,0.36,0.36,
09/30/2003,1122.909,,-739.635,,383.274,0.0,-265.117,265.117,0.0,118.157,-17.9,15.443,,,0.0,2.457,100.257,-25.022,75.235,-9.12,,,84.355,0.0,84.355,0.0,0.0,84.355,84.355,,202.568,0.42,0.37,0.37,204.017,0.42,0.37,0.37,
12/31/2003,1198.014,,-787.046,,410.968,,-289.893,,,121.075,-19.188,14.578,14.578,,,4.61,101.887,-21.186,80.701,4.382,,,76.319,0.0,76.319,0.0,0.0,76.319,76.319,,202.773,0.38,0.4,0.4,204.361,0.37,0.39,0.39,
03/31/2004,1242.38,,-806.515,,435.865,,-303.177,,,132.688,-14.993,14.68,14.68,,,0.313,117.695,-33.886,83.809,0.697,,,83.112,0.0,83.112,0.0,0.0,83.112,83.112,,203.088,0.41,0.41,0.41,204.763,0.41,0.41,0.41,
06/30/2004,1380.36,,-896.619,,483.741,,-312.792,,,170.949,-15.269,15.324,15.324,,,-0.055,155.68,-46.014,109.666,-2.598,,,112.264,0.0,112.264,0.0,0.0,112.264,112.264,,203.263,0.55,0.54,0.54,204.787,0.54,0.53,0.53,
09/30/2004,1383.885,,-911.447,,472.438,,-305.321,,,167.117,-14.288,15.933,15.933,,,-1.645,152.829,-40.185,112.644,-7.62,,,120.264,0.0,120.264,0.0,0.0,120.264,120.264,,203.335,0.59,0.55,0.55,204.714,0.59,0.55,0.55,
12/31/2004,1225.125,,-816.238,,408.887,,-288.871,,,120.016,-8.666,,15.378,,,-6.712,111.35,-15.054,96.296,-0.818,,,97.114,0.0,97.114,0.0,0.0,97.114,97.114,,203.41,0.47,0.47,0.47,204.88,0.47,0.47,0.47,
03/31/2005,1367.755005,,-901.015015,,466.73999,,-327.221985,,,139.518005,-11.878,16.118,16.118,,,-4.24,127.640005,-32.219002,95.420998,-2.713,,,98.134003,0.0,98.134003,0.0,0.0,98.134003,98.134003,,203.649994,0.48,0.47,0.47,204.904007,0.48,0.47,0.47,
06/30/2005,1333.31897,,-864.27301,,469.045959,,-304.162994,,,164.882996,-9.53,15.241,15.241,,,-5.711,155.352995,-45.880001,109.473,-63.728001,,,173.200995,0.0,173.201004,0.0,0.0,173.201004,173.201004,,202.959,0.85,0.54,0.54,203.983994,0.85,0.54,0.54,
09/30/2005,1364.597046,,-882.538025,,482.059021,,-301.005005,,,181.054001,-15.293,16.25,16.25,,,-0.957,165.761001,-42.719002,123.042,0.362,,,122.679999,0.0,122.68,0.0,0.0,122.68,122.68,,202.572006,0.61,0.61,0.61,203.917999,0.6,0.6,0.6,
12/31/2005,1431.85,,-932.188,,499.662,,-279.071,,,220.591,-58.627,,24.622,,,34.005,161.964,-40.32,121.644,5.518,,,116.126,0.0,116.126,0.0,0.0,116.126,116.126,,202.735,0.57,0.58,0.58,203.902,0.57,0.58,0.58,
03/31/2006,1510.213,,-962.304,,547.909,,-335.492,,,212.417,-24.315,21.485,21.485,,,2.83,188.102,-56.812,131.29,-72.538,,,203.828,0.0,203.828,0.0,0.0,203.828,203.828,,203.316,1.0,0.65,0.65,204.96,0.99,0.64,0.64,
06/30/2006,1660.341,,-1045.397,,614.944,,-366.126,,,248.818,-23.36,19.247,19.247,,,4.113,225.458,-66.699,158.759,86.848,,,71.911,0.0,71.911,0.0,0.0,71.911,71.911,,203.897,0.35,0.78,0.78,205.615,0.35,0.77,0.77,
09/30/2006,1605.246948,,-1032.203003,,573.043945,,-347.431,,,225.613007,-19.886,17.184,17.184,,,2.702,205.727007,-50.438999,155.287994,-12.237,,,167.525008,0.0,167.524994,0.0,0.0,167.524994,167.524994,,203.682007,0.82,0.76,0.76,205.313004,0.82,0.76,0.76,
12/31/2006,1679.173,,-1082.631,,596.542,,-385.467,380.148,5.319,211.075,-20.869,19.068,19.068,,,1.801,201.711,-43.088,147.118,28.6,,,130.023,0.0,118.518,0.0,0.0,118.518,118.518,,204.182,0.59,0.72,0.72,205.978,0.57,0.71,0.71,
03/31/2007,1719.348,,-1096.955,,622.393,,-413.183,,,209.21,-21.558,21.838,21.838,,,-0.28,187.652,-53.161,134.491,5.56,,,128.931,0.0,128.931,0.0,0.0,128.931,128.931,,204.457,0.63,0.66,0.66,206.182,0.63,0.65,0.65,
06/30/2007,1824.143,,-1170.526,,653.617,,-391.508,,,262.109,-22.639,22.684,22.684,,,-0.045,239.47,-64.799,174.671,2.476,,,172.195,0.0,172.195,0.0,0.0,172.195,172.195,,204.431,0.84,0.85,0.85,206.145,0.84,0.85,0.85,
09/30/2007,1865.106,,-1196.748,,668.358,,-395.651,,,272.707,-24.642,22.468,22.468,,,2.174,248.065,-65.938,182.127,7.537,,,174.59,0.0,174.59,0.0,0.0,174.59,174.59,,200.85,0.87,0.91,0.91,202.469,0.86,0.9,0.9,
12/31/2007,1883.588,,-1207.494,,676.094,,-419.613,419.613,0.0,256.481,-24.325,22.536,22.536,,,1.789,232.156,-57.024,175.132,-10.232,,,185.364,0.0,185.364,0.0,0.0,185.364,185.364,,195.932,0.95,0.89,0.89,197.286,0.94,0.89,0.89,
03/31/2008,1865.486,,-1185.941,,679.545,0.0,-443.776,443.776,0.0,235.769,-25.964,23.431,,,,2.533,209.805,-61.876,147.929,0.0,,0.0,147.176,0.0,147.176,0.0,0.0,147.176,147.176,,192.424,0.76,0.77,0.77,193.257,0.76,0.77,0.77,
06/30/2008,2010.978,,-1271.359,,739.619,,-446.531,,,293.088,-28.574,27.388,27.388,,,1.186,264.514,-77.604,186.91,51.634,,,135.276,0.0,135.276,0.0,0.0,135.276,135.276,,189.094,0.72,0.99,0.99,190.589,0.71,0.98,0.98,
09/30/2008,1965.776,,-1261.433,,704.343,,-434.992,,,269.351,-13.28,25.924,25.924,,,-12.644,256.071,-65.736,190.335,2.685,,,187.65,0.0,187.65,0.0,0.0,187.65,187.65,,186.488,1.01,1.02,1.02,187.706,1.0,1.01,1.01,
12/31/2008,1726.648,,-1120.148,,606.5,0.0,-375.378,375.378,0.0,231.122,-15.495,19.293,19.293,,,-3.798,215.627,-46.045,169.582,0.0,,0.0,120.727,0.0,120.727,0.0,0.0,120.727,120.727,0.0,185.965,0.65,0.91,0.91,186.207,0.65,0.91,0.91,
03/31/2009,1379.085,1379.085,-896.942,896.942,482.143,0.0,-367.39,367.39,0.0,114.753,-20.662,22.398,,,,-1.736,94.091,-32.997,61.094,7.669,7.669,0.0,53.425,,53.425,0.0,0.0,53.425,84.226,23.132,186.011,0.29,0.33,0.452801,186.121,0.29,0.33,0.452801,
06/30/2009,1390.331,1390.331,-897.021,897.021,493.31,0.0,-364.962,364.962,0.0,128.348,-26.353,24.84,,,,1.513,101.995,-1.121,100.874,3.794,3.794,0.0,97.08,0.0,97.08,0.0,0.0,97.08,112.899,12.025,186.07,0.52,0.54,0.606756,186.292,0.52,0.54,0.604549,
09/30/2009,1499.611,1499.611,-941.345,941.345,558.266,0.0,-378.125,378.125,0.0,180.141,-25.396,26.299,,,,-0.903,154.745,-47.261,107.484,0.6,0.6,0.0,106.884,0.0,106.884,0.0,0.0,106.884,113.074,5.59,186.148,0.57,0.58,0.607441,186.358,0.57,0.58,0.607441,
12/31/2009,1506.661,1506.661,-941.227,941.227,565.434,0.0,-400.635,400.635,0.0,164.799,-24.013,26.838,,,,-2.825,140.786,-38.346,102.44,3.394,3.394,0.0,99.046,0.0,99.046,0.0,0.0,99.046,108.81,6.37,186.31,0.53,0.55,0.584027,187.212,0.53,0.55,0.584026,
03/31/2010,1583.27,1583.27,-971.114,971.114,612.156,0.0,-409.169,409.169,0.0,202.987,-25.927,27.169,,,,-1.242,177.06,-55.575,121.485,13.359,13.359,0.0,108.126,0.0,108.126,0.0,0.0,108.126,123.357,1.872,187.093,0.58,0.65,0.659335,187.886,0.58,0.65,0.659335,
06/30/2010,1786.696,1786.696,-1097.998,1097.998,688.698,0.0,-423.809,423.809,0.0,264.889,-22.234,26.942,,,,-4.708,242.655,-70.762,171.893,2.023,2.023,0.0,169.87,0.0,169.87,0.0,0.0,169.87,172.797,0.904,186.823,0.91,0.92,0.924924,188.72,0.9,0.91,0.91479,
09/30/2010,1802.158,1802.158,-1111.364,1111.364,690.794,0.0,-397.927,397.927,0.0,292.867,-36.121,26.335,28.812,-2.477,,9.786,256.746,-37.437,219.309,-4.45,-4.45,0.0,223.759,0.0,223.759,0.0,0.0,223.759,196.23105,-23.07795,186.721,1.2,1.17,1.050932,188.565,1.19,1.16,1.037613,
12/31/2010,1875.541,1875.541,-1155.423,1155.423,720.118,0.0,-450.721,450.721,0.0,269.397,-25.519,25.895,,,,-0.376,243.878,-52.107,191.771,-6.577,-6.577,0.0,198.348,0.0,198.348,0.0,0.0,198.348,181.7069,-10.0641,186.923,1.06,1.03,0.972095,189.863,1.04,1.01,0.956993,
03/31/2011,1812.078,1812.078,-1100.327,1100.327,711.751,0.0,-453.427,453.427,0.0,258.324,-29.506,28.318,31.036,-2.718,,1.188,228.818,-54.027,174.791,-20.114,-20.114,0.0,194.905,0.0,194.905,0.0,0.0,194.905,167.73635,-7.05465,186.659,1.04,0.94,0.898624,190.09,1.03,0.92,0.882888,
06/30/2011,1994.97,1994.97,-1218.974,1218.974,775.996,0.0,-448.399,448.399,0.0,327.597,-29.634,28.157,31.08,-2.923,,1.477,297.963,-58.765,239.198,-10.571,-10.571,0.0,249.769,0.0,249.769,0.0,0.0,249.769,218.1821,-21.0159,186.443,1.34,1.28,1.170235,189.705,1.32,1.26,1.149218,
09/30/2011,2138.606,2138.606,-1332.324,1332.324,806.282,0.0,-476.64,476.64,0.0,329.642,-30.109,30.061,31.7,-1.639,,0.048,299.533,-76.095,223.438,51.158,51.158,0.0,172.28,0.0,172.28,0.0,0.0,172.28,231.99945,8.56145,185.77,0.93,1.2,1.248853,188.436,0.91,1.19,1.235434,
12/31/2011,1890.962,1890.962,-1172.629,1172.629,718.333,0.0,-434.732,434.732,0.0,283.601,-25.792,29.057,,,,-3.265,257.809,-60.542,197.267,-81.022,-81.022,0.0,278.289,0.0,278.289,0.0,0.0,278.289,191.62205,-5.64495,184.686,1.51,1.07,1.037556,187.208,1.49,1.05,1.019847,
03/31/2012,1954.614,1954.614,-1208.534,1208.534,746.08,0.0,-453.989,453.989,0.0,292.091,-31.816,30.031,31.638,-1.607,,1.785,260.275,-73.866,186.409,-9.654,-9.654,0.0,196.063,0.0,196.063,0.0,0.0,196.063,188.7561,2.3471,183.737,1.07,1.01,1.027317,186.706,1.05,1.0,1.012571,
06/30/2012,2038.289,2038.289,-1261.187,1261.187,777.102,0.0,-466.089,466.089,0.0,311.013,-30.079,29.715,31.473,-1.758,,0.364,280.934,-75.778,205.156,-8.945,-8.945,0.0,214.101,0.0,214.101,0.0,0.0,214.101,210.73125,5.57525,183.494,1.17,1.12,1.148437,185.78,1.15,1.1,1.13001,
09/30/2012,2097.605,2097.605,-1287.466,1287.466,810.139,0.0,-451.943,451.943,0.0,358.196,-34.105,30.399,31.099,-0.7,,3.706,324.091,-90.761,233.33,-7.716,-7.716,0.0,241.046,0.0,241.046,0.0,0.0,241.046,231.4352,-1.8948,181.763,1.33,1.28,1.25328,183.932,1.31,1.27,1.25328,
12/31/2012,2013.831,2013.831,-1240.087,1240.087,773.744,0.0,-469.668,469.668,0.0,304.076,-31.805,30.996,31.756,-0.76,,0.809,272.271,-64.047,208.224,48.364,48.364,0.0,159.86,,159.86,0.0,0.0,159.86,185.80255,-22.42145,177.257,0.9,1.17,1.04821,179.365,0.89,1.16,1.034995,
03/31/2013,1763.977,1763.977,-1082.359,1082.359,681.618,0.0,-416.437,416.437,0.0,265.181,-27.395,30.284,30.872,-0.588,,-2.889,237.786,-70.573,167.213,-42.79,-42.79,0.0,210.003,0.0,210.003,0.0,0.0,210.003,159.7747,-7.4383,173.448,1.21,0.96,0.921168,175.567,1.2,0.95,0.907633,
06/30/2013,1932.411,1932.411,-1176.593,1176.593,755.818,0.0,-435.62,435.62,0.0,320.198,-31.879,30.232,30.986,-0.754,,1.647,288.319,-30.261,258.058,-71.991,-71.991,0.0,330.049,0.0,330.049,0.0,0.0,330.049,325.57809,67.52009,171.111,1.93,1.51,1.90273,173.097,1.91,1.49,1.880071,
09/30/2013,1940.211,1940.211,-1183.864,1183.864,756.347,0.0,-408.264,408.264,0.0,348.083,-30.413,30.236,30.994,-0.758,,0.177,317.67,-91.435,226.235,-42.879,-42.879,0.0,269.114,0.0,269.114,0.0,0.0,269.114,217.2937,-8.9413,170.544,1.58,1.33,1.294121,172.734,1.56,1.31,1.258237,
12/31/2013,1785.922,1785.922,-1106.213,1106.213,679.709,0.0,-412.487,412.487,0.0,267.222,-26.412,29.912,31.693,-1.781,,-3.5,240.81,-68.583,172.227,-21.736,-21.736,0.0,193.963,0.0,193.963,0.0,0.0,193.963,190.12935,17.90235,170.027,1.14,1.01,1.11823,172.265,1.13,1.0,1.103923,
03/31/2014,1802.57,1802.57,-1094.71,1094.71,707.86,0.0,-433.404,433.404,0.0,274.456,-32.846,32.655,33.691,-1.036,,0.191,241.61,-71.569,170.041,9.903,9.903,0.0,160.138,0.0,160.138,0.0,0.0,160.138,168.2605,-1.7805,169.75,0.94,1.0,0.991225,172.013,0.93,0.99,0.979649,
06/30/2014,1962.636,1962.636,-1194.537,1194.537,768.099,0.0,-438.824,438.824,0.0,329.275,-25.728,31.961,32.933,-0.972,,-6.233,303.547,-92.966,210.581,-3.378,-3.378,0.0,213.959,0.0,213.959,0.0,0.0,213.959,116.9299,-93.6511,166.474,1.29,1.26,0.702391,168.857,1.27,1.25,0.695382,
09/30/2014,2009.575,2009.575,-1235.153,1235.153,774.422,0.0,-426.16,426.16,0.0,348.262,-30.199,31.231,32.501,-1.27,,-1.032,318.063,-92.38,225.683,-6.161,-6.161,0.0,231.844,0.0,231.844,0.0,0.0,231.844,221.84243,-3.84057,166.021,1.4,1.36,1.336231,168.343,1.38,1.34,1.317186,
12/31/2014,1977.947,1977.947,-1254.079,1254.079,723.868,0.0,-460.377,460.377,0.0,263.491,-32.504,31.332,32.539,-1.207,,1.172,230.987,-59.152,171.835,2.541,2.541,0.0,169.294,0.0,169.294,0.0,0.0,169.294,192.22975,20.39475,164.589,1.03,1.04,1.167938,166.467,1.02,1.03,1.152515,
03/31/2015,1715.501,1715.501,-1088.342,1088.342,627.159,0.0,-434.634,434.634,0.0,192.525,-27.85,32.037,33.005,-0.968,,-4.187,164.675,-47.485,117.19,-92.32,-92.32,0.0,209.51,0.0,209.51,0.0,0.0,209.51,83.6973,-33.4927,161.65,1.3,0.72,0.517769,163.323,1.28,0.72,0.51493,
06/30/2015,1758.628,1758.628,-1104.06,1104.06,654.568,0.0,-402.695,402.695,0.0,251.873,-30.732,31.988,33.053,-1.065,,-1.256,221.141,-65.507,155.634,-176.762,-176.762,0.0,332.396,0.0,332.396,0.0,0.0,332.396,90.88598,-64.74802,158.64,2.1,0.98,0.572907,160.398,2.07,0.97,0.566329,
09/30/2015,1787.582,1787.582,-1114.974,1114.974,672.608,0.0,-395.688,395.688,0.0,276.92,-31.616,31.983,33.098,-1.115,,-0.367,245.304,-58.821,186.483,0.385,0.385,0.0,186.098,0.0,186.098,0.0,0.0,186.098,185.83935,-0.64365,155.3,1.2,1.2,1.196647,156.56,1.19,1.19,1.185889,
12/31/2015,1694.6,1694.6,-1080.791,1080.791,613.809,0.0,-414.365,414.365,0.0,199.444,-29.954,31.249,32.52,-1.271,,-1.295,169.49,-32.916,136.574,-5.251,-5.251,0.0,141.825,0.0,141.825,0.0,0.0,141.825,139.69232,3.11832,154.986,0.92,0.88,0.901322,156.254,0.91,0.87,0.889957,
03/31/2016,1622.273,1622.273,-1033.009,1033.009,589.264,0.0,-443.448,443.448,0.0,145.816,-18.192,31.714,33.318,-1.604,,-13.522,127.624,-28.268,99.356,0.0,0.0,0.0,99.356,0.0,99.356,0.0,0.0,99.356,90.42828,-8.92772,155.064,0.64,0.64,0.583167,156.161,0.64,0.64,0.58283,
06/30/2016,1686.345,1686.345,-1055.132,1055.132,631.213,0.0,-437.411,437.411,0.0,193.802,-29.303,32.157,33.779,-1.622,,-2.854,164.499,-46.209,118.29,0.0,0.0,0.0,118.29,0.0,118.29,0.0,0.0,118.29,124.49585,6.20585,155.18,0.76,0.76,0.802267,156.595,0.76,0.76,0.79963,
09/30/2016,1707.763,1707.763,-1075.975,1075.975,631.788,0.0,-421.042,421.042,0.0,210.746,-29.57,32.994,33.789,-0.795,,-3.424,181.176,-51.092,130.084,0.0,0.0,0.0,130.084,0.0,130.084,0.0,0.0,130.084,134.1658,4.0818,155.3,0.84,0.84,0.863914,156.798,0.83,0.83,0.856032,
12/31/2016,1777.961,1777.961,-1158.257,1158.257,619.704,0.0,-455.622,455.622,0.0,164.082,51.951,32.777,35.515,-2.738,,-84.728,216.033,-54.871,161.162,0.0,0.0,0.0,161.162,0.0,161.162,0.0,0.0,161.162,116.94464,-44.21736,155.376,1.04,1.04,0.752656,156.816,1.03,1.03,0.74803,
03/31/2017,1813.372,1813.372,-1152.198,1152.198,661.174,0.0,-486.26,486.26,0.0,174.914,57.058,33.829,36.409,-2.58,,-90.887,231.972,-59.725,172.247,0.0,0.0,0.0,172.247,0.0,172.247,0.0,0.0,172.247,114.76984,-57.47716,155.54,1.11,1.11,0.73788,157.399,1.09,1.09,0.724831,
06/30/2017,1737.371,1737.371,-1083.263,1083.263,654.108,0.0,-421.27,421.27,0.0,232.838,-34.778,34.519,36.854,-2.335,,0.259,198.06,-55.585,142.475,-21.583,-21.583,0.0,164.058,0.0,164.058,0.0,0.0,164.058,143.67295,1.19795,155.703,1.05,0.92,0.922737,157.513,1.04,0.9,0.907605,
09/30/2017,1747.775,1747.775,-1098.582,1098.582,649.193,0.0,-410.04,410.04,0.0,239.153,-32.377,33.613,35.372,-1.759,,-1.236,206.776,-47.321,159.455,-19.457,-19.457,0.0,178.912,0.0,178.912,0.0,0.0,178.912,162.3891,2.9341,155.757,1.15,1.02,1.04258,157.555,1.14,1.01,1.028623,
12/31/2017,1007.888,1007.888,-633.794,633.794,374.094,0.0,-281.339,281.339,0.0,92.755,82.869,34.342,36.154,-1.812,,-117.211,175.624,55.822,231.446,-65.002,-65.002,0.0,296.448,0.0,296.448,0.0,0.0,296.448,98.74981,-132.69619,155.74,1.90348,1.486105,0.634068,158.509,1.870228,1.460144,0.622992,
03/31/2018,1637.671,1637.671,-1034.842,1034.842,602.829,0.0,-435.026,435.026,0.0,167.803,-33.552,33.582,35.64,-2.058,,-0.03,134.251,-24.841,109.41,-22.025,-22.025,0.0,131.435,0.0,131.435,0.0,0.0,131.435,116.3178,6.9078,154.52,0.85,0.71,0.752769,157.09,0.84,0.7,0.743974,
06/30/2018,1798.094,1798.094,-1132.858,1132.858,665.236,0.0,-428.775,428.775,0.0,236.461,-25.024,29.562,32.125,-2.563,,-4.538,211.437,-44.981,166.456,26.497,26.497,0.0,139.959,0.0,139.959,0.0,0.0,139.959,173.143,6.687,151.744,0.92,1.1,1.14102,153.938,0.91,1.08,1.12344,
09/30/2018,1747.403,1747.403,-1100.883,1100.883,646.52,0.0,-426.445,426.445,0.0,220.075,-27.059,29.132,31.192,-2.06,,-2.073,193.016,-35.711,157.305,0.0,0.0,0.0,157.305,0.0,157.305,0.0,0.0,157.305,177.029,19.724,147.344,1.07,1.07,1.201467,149.457,1.05,1.05,1.181971,
12/31/2018,1808.95,1808.95,-1163.979,1163.979,644.971,0.0,-426.198,426.198,0.0,218.773,-32.098,29.814,32.015,-2.201,,2.284,186.675,-28.7,157.975,16.406,16.406,0.0,141.569,0.0,141.569,0.0,0.0,141.569,202.2252,44.2502,146.007,0.97,1.08,1.385038,147.94,0.96,1.07,1.369109,
03/31/2019,1724.757,1724.757,-1101.215,1101.215,623.542,0.0,-455.412,408.466,46.946,168.13,-29.812,30.918,31.808,-0.89,,-1.106,138.318,-32.613,105.705,0.0,0.0,0.0,105.705,0.0,105.705,0.0,0.0,105.705,155.753,50.048,145.087,0.73,0.73,1.073515,146.911,0.72,0.72,1.060669,
06/30/2019,1810.706,1810.706,-1138.113,1138.113,672.593,0.0,-396.634,396.634,0.0,275.959,-26.22,30.809,31.754,-0.945,,-4.589,249.739,-51.654,198.085,0.0,0.0,0.0,198.085,0.0,198.085,0.0,0.0,198.085,207.69802,9.61302,145.366,1.36,1.36,1.428794,147.179,1.35,1.35,1.415315,
09/30/2019,1825.345,1825.345,-1151.857,1151.857,673.488,0.0,-390.775,390.775,0.0,282.713,-24.783,30.147,31.41,-1.263,,-5.364,257.93,-51.924,206.006,0.0,0.0,0.0,206.006,0.0,206.006,0.0,0.0,206.006,209.007,3.001,145.372,1.42,1.42,1.437739,147.051,1.4,1.4,1.420408,
12/31/2019,1775.589,1775.589,-1124.274,1124.274,651.315,0.0,-403.223,403.223,0.0,248.092,-51.07,29.418,30.846,-1.428,,21.652,197.022,-28.9,168.122,0.0,0.0,0.0,168.122,0.0,168.122,0.0,0.0,168.122,200.683,32.561,144.966,1.16,1.16,1.384345,146.79,1.15,1.15,1.37182,
03/31/2020,1655.939,1655.939,-1043.696,1043.696,612.243,0.0,-386.941,386.941,0.0,225.302,-11.802,26.085,27.268,-1.183,,-14.283,213.5,-37.221,176.279,0.0,0.0,0.0,176.279,0.0,176.279,0.0,0.0,176.279,177.574,1.295,144.259,1.22,1.22,1.230939,145.782,1.21,1.21,1.218883,
06/30/2020,1499.175,1499.175,-947.577,947.577,551.598,0.0,-366.74,366.74,0.0,184.858,-28.029,27.983,28.711,-0.728,,0.046,156.829,-32.063,124.766,0.0,0.0,0.0,124.766,0.0,124.766,0.0,0.0,124.766,148.44936,23.68336,143.955,0.87,0.87,1.031221,144.995,0.86,0.86,1.023339,
09/30/2020,1629.429,,,,600.94970949,,,,,241.375,,,,,,,212.375,,164.857,,,,,,164.857,,,164.857,184.0,,,1.146,1.146,1.311,,1.146,1.146,1.311,
12/31/2020,1686.929,,,,626.59290776,,,,,250.75,,,,,,,227.25,,174.429,,,,,,174.429,,,174.429,193.667,,,1.196,1.196,1.379,,1.196,1.196,1.379,
