Date,Revenue,Rental Income,Real Estate Sales,Com & Fee Earn/Inc from REO,Mortgage Income,Other Operating Income,Operating Expenses,Property Operating Expenses,Real Estate Tax,Other Property Expense,General & Administrative,Depreciation & Amortization,Provision for Loan Losses,Cost of Real Estate Sold,Other Operating Expenses,Operating Income (Loss),Non-Operating (Income) Loss,Interest Expense,(Income) Loss from Affiliates,Other Non-Op (Income) Loss,Pretax Income,Income Tax Expense (Benefit),Current Income Tax,Deferred Income Tax,Income (Loss) from Cont Ops,Net Extraordinary Losses (Gains),Discontinued Operations,XO & Accounting Changes,Income (Loss) Incl. MI,Minority Interest,"Net Income, GAAP",Preferred Dividends,Other Adjustments,"Net Income Avail to Common, GAAP","Net Income Avail to Common, Adj",Net Abnormal Losses (Gains),Basic Weighted Avg Shares,"Basic EPS, GAAP",Basic EPS from Cont Ops,"Basic EPS from Cont Ops, Adjusted",Diluted Weighted Avg Shares,"Diluted EPS, GAAP",Diluted EPS from Cont Ops,"Diluted EPS from Cont Ops, Adjusted",FFO Reconciliation,D&A of Con Real Estate,D&A of Uncon Real Estate,Impairment of Assets,Disposal of Con Assets,Disposal of Uncon Assets,Disposal of Assets from Disc Ops,Income Taxes,Other FFO Adjustments,Funds from Operations,Other Abnormal Gains/(Losses),Adjusted Funds from Operations,Straight-Line Rent,Stock-Based Compensation,Recurring Capital Expenditure,Accounting Adjustments,Tenant Improv & Leasing Com,Funds Available For Distribution,AFFO Per Diluted Share,FAD Per Diluted Share,Dividend Per Share,AFFO Payout Ratio,FAD Payout Ratio,FFO Payout Ratio,Source: Bloomberg
03/31/1994,25.533001,20.334,,4.091,0.0,1.108,-13.721,9.262,,,0.44,4.019,0.0,,0.0,11.812,-4.05,4.231,,-0.181,7.762,0.0,,,,0.0,,,7.762,,5.599,0.0,,5.599,5.599,,32.091999,0.175,0.175,0.175,32.091999,0.175,0.175,0.175,,,,,,,,,,11.228,,11.228,,,,,,11.228,0.349869,0.349869,0.225,64.30976,64.30976,64.312437,
06/30/1994,26.327,21.509001,,4.265,0.0,0.553,-14.017,9.416,,,0.482,4.119,0.0,,0.0,12.31,-4.538,4.492,,0.046,7.772,0.0,,,,0.0,,,7.772,,5.821,0.0,,5.821,5.821,,32.091999,0.18,0.18,0.18,32.091999,0.18,0.18,0.18,,,,,,,,,,11.661,,11.661,,,,,,11.661,0.363362,0.363362,0.225,61.921786,61.921786,61.924364,
09/30/1994,28.240999,22.558001,,4.663,0.0,1.02,-15.472,10.207,,,0.692,4.573,0.0,,0.0,12.769,-3.1,5.163,,-2.063,9.669,0.0,,,,0.0,,,9.669,,7.685,0.0,,7.685,7.685,,32.243999,0.24,0.24,0.24,32.243999,0.24,0.24,0.24,,,,,,,,,,11.735,,11.735,,,,,,11.735,0.363944,0.363944,0.235,64.570431,64.570431,78.28718,
12/31/1994,28.785999,23.841999,,4.172,0.0,0.772,-14.899,9.043,,,0.531,5.325,0.0,,0.0,13.887,-5.034,5.034,,0.0,8.853,0.0,,,,0.0,,,8.853,,7.111,0.0,,7.111,7.111,,40.608002,0.175,0.175,0.175,40.608002,0.175,0.175,0.175,,,,,,,,,,14.735,,14.735,,,,,,14.735,0.36286,0.36286,0.235,64.763357,64.763357,65.042415,
03/31/1995,29.860001,24.929001,,3.631,0.0,1.3,-15.648,9.529,,,0.527,5.592,0.0,,0.0,14.212,-5.145,5.145,,0.0,9.067,0.0,,,,0.0,,,9.067,,7.416,0.0,,7.416,7.416,,40.784,0.18,0.18,0.18,40.784,0.18,0.18,0.18,,,,,,,,,,11.848,,11.848,,,,,,11.848,0.290506,0.290506,0.235,80.893319,80.893319,80.891289,
06/30/1995,31.441,26.580999,,4.08,0.0,0.78,-16.09,10.137,,,0.442,5.511,0.0,,0.0,15.351,-4.908,4.908,,0.0,10.443,0.0,,,,0.0,,,10.443,,8.29,0.0,,8.29,8.29,,43.958,0.19,0.19,0.19,43.958,0.19,0.19,0.19,,,,,,,,,,13.109,,13.109,,,,,,13.109,0.298216,0.298216,0.235,78.801814,78.801814,86.528341,
09/30/1995,34.645,28.812,,4.786,0.0,1.047,-18.124,11.366,,,0.461,6.297,0.0,,0.0,16.521,-4.87,4.87,,0.0,11.651,0.0,,,,0.0,,,11.651,,9.306,0.0,,9.306,9.306,,48.271999,0.195,0.195,0.195,48.271999,0.195,0.195,0.195,,,,,,,,,,14.888,,14.888,,,,,,14.888,0.308419,0.308419,0.245,79.437402,79.437402,79.439818,
12/31/1995,37.372002,32.609001,,4.223,0.0,0.54,-19.855,12.179,,,0.739,6.937,0.0,,0.0,17.517,-6.218,6.501,,-0.283,11.299,0.0,,,,0.0,,,11.299,,10.007,0.0,,10.007,10.007,,48.301998,0.205,0.205,0.205,48.301998,0.205,0.205,0.205,,,,,,,,,,19.552999,,19.552999,,,,,,19.552999,0.404807,0.404807,0.245,60.522631,60.522631,60.522682,
03/31/1996,41.229,35.334999,,4.031,0.0,1.863,-21.628,13.515,,,1.067,7.046,0.0,,0.0,19.601,-7.981,7.967,,0.014,11.62,0.0,,,,0.0,,,11.62,,9.648,0.0,,9.648,9.648,,48.568001,0.2,0.2,0.2,48.568001,0.2,0.2,0.2,,,,,,,,,,15.823,,15.823,,,,,,15.823,0.325791,0.325791,0.245,75.201671,75.201671,90.722364,
06/30/1996,43.127998,36.379002,,4.784,0.0,1.965,-23.853,13.546,,,1.196,9.111,0.0,,0.0,19.275,-5.032,6.65,,-1.618,14.243,0.0,,,,0.0,,,14.243,,12.299,0.0,,12.299,12.299,,58.287998,0.21,0.21,0.21,58.287998,0.21,0.21,0.21,,,,,,,,,,19.087999,,19.087999,,,,,,19.087999,0.327477,0.327477,0.245,74.814335,74.814335,75.267184,
09/30/1996,46.806,40.000999,,4.771,0.0,2.034,-22.15,13.994,,,1.081,7.075,0.0,,0.0,24.656,-8.093,7.858,,0.235,16.563,0.0,,,,0.0,,,16.563,,14.35,-0.872,,13.478,13.478,,58.714001,0.23,0.23,0.23,58.714001,0.23,0.23,0.23,,,,,,,,,,20.200001,,20.200001,,,,,,20.200001,0.344041,0.344041,0.255,74.119155,74.119155,74.287124,
12/31/1996,52.119999,44.676998,,4.805,0.0,2.638,-27.238999,16.525,,,1.375,9.339,0.0,,0.0,24.881,-5.706,8.869,,-3.163,19.174999,0.0,,,,0.0,,,19.174999,,17.134001,-1.687,,15.447001,15.447001,,58.91,0.26,0.26,0.26,1.06,0.265,0.265,0.265,,,,,,,,,,20.966,,20.966,,,,,,20.966,19.779246,19.779246,0.255,1.28923,1.28923,71.725653,
03/31/1997,53.247002,49.057999,0.0,3.707,0.0,0.482,-28.35,17.191,,,1.316,9.843,0.0,,0.0,24.897,-6.462,8.602,-1.86,-0.28,18.435,0.0,,,,0.0,,,18.435,,16.691999,-1.706,,14.985999,14.985999,,61.624001,0.245,0.245,0.245,69.580002,0.245,0.245,0.245,,,,,,,,,,23.716999,,23.716999,,,,,,23.716999,0.340859,0.340859,0.255,74.810899,74.810899,66.648399,
06/30/1997,55.108002,49.801998,0.0,4.859,0.0,0.447,-29.231001,17.259001,,,1.574,10.398,0.0,,0.0,25.877,-7.463,9.349,-1.784,-0.102,18.414,0.0,,,,0.0,,,18.414,,16.402,-1.706,,14.696,14.696,,63.167999,0.235,0.235,0.235,63.167999,0.235,0.235,0.235,,,,,,,,,,24.406,,24.406,,,,,,24.406,0.386367,0.386367,0.255,65.999506,65.999506,65.983774,
09/30/1997,60.441002,53.729,0.0,5.7,0.0,1.012,-31.762,19.048,,,1.457,11.037,0.0,,0.22,28.679001,-5.357,9.271,-2.489,-1.425,23.322001,0.0,,,,0.0,,,23.322001,,21.281,-4.37,,16.911,16.911,,65.308998,0.26,0.26,0.26,65.308998,0.26,0.26,0.26,,,,,,,,,,26.007,,26.007,,,,,,26.007,0.398215,0.398215,0.59,148.161292,148.161292,71.838353,
12/31/1997,76.725998,68.380997,0.0,7.179,0.0,1.166,-39.161,22.587,,,2.183,13.528,0.0,,0.863,37.565,-10.507,13.074,-2.599,0.032,27.057999,0.0,,,,0.0,,,27.057999,,24.108999,-4.703,,19.405999,19.405999,,75.466003,0.26,0.26,0.26,84.031998,0.26,0.26,0.26,,,,,,,,,,33.125999,,33.125999,,,,,,33.125999,0.394207,0.394207,0.3,76.102158,76.102158,68.191152,
03/31/1998,81.924004,76.834999,0.0,4.596,0.0,0.493,-42.315,25.684,,,2.34,14.26,0.0,,0.031,39.608999,-9.452,12.879,-2.841,-0.586,30.157,0.0,,,,0.0,,,30.157,,26.965,-4.703,,22.262,22.262,,76.654999,0.29,0.29,0.29,88.596001,0.29,0.29,0.29,,,,,,,,,,34.73,,34.73,,,,,,34.73,0.392004,0.392004,0.3,76.529806,76.529806,66.215089,
06/30/1998,87.925003,80.502998,0.0,3.597,0.0,3.825,-46.752,22.486,,,7.711,16.525,0.0,,0.03,41.172999,-11.402,14.346,-2.576,-0.368,29.771,0.0,,,,0.0,,,29.771,,26.561001,-4.703,,21.858001,21.858001,,80.080002,0.27,0.27,0.27,91.830002,0.27,0.27,0.27,,,,,,,,,,36.932999,,36.932999,,,,,,36.932999,0.402189,0.402189,0.3,74.591836,74.591836,65.047521,
09/30/1998,95.500999,87.698997,0.0,7.031,0.0,0.771,-50.151,25.712,,,6.648,17.66,0.0,,0.131,45.35,-13.391,16.701,-2.649,-0.661,31.959,0.0,,,,0.0,,,31.959,,28.150999,-4.702,,23.448999,23.448999,,81.594002,0.29,0.29,0.29,93.278999,0.29,0.29,0.29,,,,,,,,,,39.421001,,39.421001,,,,,,39.421001,0.422614,0.422614,0.34,80.451686,80.451686,70.373556,
12/31/1998,98.695999,92.731003,0.0,8.382,0.0,-2.417,-52.621999,22.243999,,,9.944,20.320999,0.0,,0.113,46.074001,-13.764,16.291,-2.791,0.264,32.310001,0.0,,,,0.0,,,32.310001,,29.027,-5.725,,23.302001,23.302001,,84.393997,0.28,0.28,0.28,96.073997,0.27,0.27,0.27,,,,,,,,,,42.990002,,42.990002,,,,,,42.990002,0.447468,0.447468,0.34,75.983155,75.983155,66.74566,
03/31/1999,112.345001,99.478996,0.0,11.973,0.0,0.893,-60.975001,29.443001,,,10.846,20.454,0.0,,0.232,51.370002,-11.169,15.991,-2.508,-2.314,40.201001,0.0,,,,0.0,,,40.201001,,36.236,-8.842,,27.394,27.394,,86.370003,0.32,0.32,0.32,98.094002,0.32,0.32,0.32,,,,,,,,,,53.073002,,53.073002,,,,,,53.073002,0.541042,0.541042,0.34,62.84167,62.84167,55.299305,
06/30/1999,113.807999,104.369003,0.0,3.795,0.0,5.644,-59.023,29.982,,,8.0,20.934999,0.0,,0.106,54.784998,-12.379,17.129,-2.779,-1.971,42.405998,0.0,,,,0.0,,,42.405998,,38.849998,-9.254,,29.595999,29.595999,,88.352997,0.33,0.33,0.33,98.855003,0.33,0.33,0.33,,,,,,,,,,56.283001,,56.283001,,,,,,56.283001,0.569349,0.569349,0.34,59.717323,59.717323,53.373133,
09/30/1999,173.102005,157.001007,0.0,15.072,0.0,1.029,-90.530998,45.717999,,,11.942,32.737999,0.0,,0.133,82.570999,-19.592999,25.959999,-3.272,-3.095,62.978,0.0,,,,0.0,,,62.978,,62.361,-14.356,,48.005,48.005,,137.720993,0.35,0.35,0.35,138.923004,0.35,0.35,0.35,,,,,,,,,,82.795998,,82.795998,,,,,,82.795998,0.595985,0.595985,0.39,65.437909,65.437909,55.968889,
12/31/1999,181.399994,163.100998,0.0,17.216999,0.0,1.082,-110.922002,73.665001,,,0.0,36.637001,0.0,,0.62,84.710001,-21.99,27.677,-3.054,-2.633,62.720001,0.0,,,,0.0,,,62.720001,,53.438,-12.254,,41.184,41.184,,125.412003,0.33,0.33,0.33,151.960999,0.33,0.33,0.33,,,,,,,,,,86.446999,,86.446999,,,,,,86.446999,0.568876,0.568876,0.39,68.556212,68.556212,54.833599,
03/31/2000,187.595001,171.910004,0.0,13.231,0.0,2.454,-101.115998,56.050999,,,5.164,39.778999,0.0,,0.122,86.479,-15.171,32.681,-2.824,-14.686,71.308,0.0,,,,0.0,,,71.308,,61.111,-12.252,,48.859,48.859,,126.07,0.39,0.39,0.39,146.326004,0.39,0.39,0.39,,,,,,,,,,89.606003,,89.606003,,,,,,89.606003,0.612372,0.612372,0.39,63.686739,63.686739,54.870208,
06/30/2000,201.505997,174.182007,0.0,6.582,0.0,20.742001,-105.819997,58.280998,,,4.51,39.765999,0.0,,3.263,95.685997,-28.621998,36.252998,-4.226,-3.405,67.063999,0.0,,,,0.0,,,67.063999,,57.773998,-12.249,,45.524998,45.524998,,126.597,0.36,0.36,0.36,147.181,0.36,0.36,0.36,,,,,,,,,,93.879997,,93.879997,,,,,,93.879997,0.637854,0.637854,0.39,61.142514,61.142514,52.591609,
09/30/2000,201.598999,182.524994,0.0,5.937,0.0,13.137,-96.974998,49.154999,,,5.825,41.883999,0.0,,0.111,104.624,-28.681999,36.375999,-3.235,-4.459,75.942001,0.0,,,,0.0,,,75.942001,,57.391998,-12.243,,45.148998,45.148998,,127.010002,0.36,0.36,0.36,147.916,0.35,0.35,0.35,,,,,,,,,,97.146004,,97.146004,,,,,,97.146004,0.656765,0.656765,0.43,65.472461,65.472461,56.218471,
12/31/2000,196.235001,168.653,0.0,0.0,0.0,27.855,-119.659,75.555,,,5.645,38.459,0.0,,0.0,76.964,11.14,28.638,-4.271,-35.507,88.104,0.0,,,,0.0,,,88.104,,76.760002,-10.135,,66.625002,66.625002,,127.653999,0.58,0.58,0.58,147.440002,0.57,0.57,0.57,,,,,,,,,,97.222,,97.222,,,,,,97.222,0.6594,0.6594,0.43,65.210756,65.210756,56.42447,
03/31/2001,197.753998,173.998001,0.0,10.76,0.0,12.996,-106.938999,61.659,,,4.027,40.313999,0.0,,0.939,90.816,-6.081001,29.613001,-9.97,-13.562,84.734999,0.0,,,,0.0,,,84.734999,,72.042,-13.272,,58.77,58.77,,128.399002,0.46,0.46,0.45,151.031006,0.45,0.45,0.44,,,,,,,,,,101.526001,,101.526001,,,,,,101.526001,0.67222,0.67222,0.43,63.967193,63.967193,54.38213,
06/30/2001,199.647003,174.453003,0.0,7.896,0.0,17.298,-105.312999,62.202,,,4.688,37.994999,0.0,,0.428,94.334002,-21.21,28.671,-7.315,-0.146,73.124002,0.0,,,,0.0,,,73.124002,,63.490002,-13.815,,49.675002,49.675002,,129.130997,0.39,0.39,0.39,149.572006,0.38,0.38,0.38,,,,,,,,,,104.813004,,104.813004,,,,,,104.813004,0.700753,0.700753,0.43,61.362579,61.362579,52.976252,
09/30/2001,194.438004,171.175003,0.0,4.758,0.0,18.504999,-99.839,59.203999,,,1.437,38.282001,0.0,,0.916,94.598999,9.495,28.042,-7.024,-30.513,104.093999,0.0,,,,0.0,,,104.093999,,90.348999,-13.247,,77.101999,77.101999,,130.104004,0.59,0.59,0.59,158.593994,0.58,0.58,0.58,,,,,,,,,,104.541,,104.541,,,,,,104.541,0.659174,0.659174,0.45,68.26728,68.26728,56.003865,
12/31/2001,415.730995,172.331993,0.0,18.552,0.0,224.847001,-330.475002,9.039001,,,5.407,43.123001,0.0,,272.906,85.254999,9.563995,27.503999,-7.082,-29.985994,44.42,0.0,,,,0.0,,,44.42,,56.527999,-12.108,,44.419999,44.419999,,131.005997,0.339068,0.339068,0.339068,147.642994,0.300861,0.300861,0.300861,,,,,,,,,,35.866995,,35.866995,,,,,,35.866995,0.242931,0.242931,0.45,185.23812,185.23812,163.810757,
03/31/2002,198.339005,168.184998,0.0,20.393,0.0,9.761,-113.862,50.280998,,,7.238,42.337002,0.0,,14.006,84.476999,-19.784999,27.191999,-6.296,-1.111,64.692,0.0,,,,-0.824,,,65.516,,57.386002,-12.108,,45.278002,45.278002,,131.932007,0.34,0.33,0.33,133.531998,0.34,0.33,0.33,,,,,,,,,,101.518997,,101.518997,,,,,,101.518997,0.76026,0.76026,0.45,59.1903,59.1903,58.480679,
06/30/2002,189.710007,172.746994,0.0,3.429,0.0,13.534,-106.818002,48.943001,,,7.224,42.658001,0.0,,7.993,82.892,-18.36,27.614,-6.278,-2.976,64.532,0.0,,,,-3.542,,,68.074,,60.634998,-12.107,,48.527998,48.527998,,134.195999,0.36,0.33,0.33,135.977997,0.36,0.33,0.33,,,,,,,,,,102.001999,,102.001999,,,,,,102.001999,0.750136,0.750136,0.45,59.989117,59.989117,59.173352,
09/30/2002,184.688004,171.945999,0.0,3.817,0.0,8.925,-111.554998,51.689999,,,6.804,44.626999,0.0,,8.434,73.133001,-16.315,29.454,-8.344,-4.795,56.818001,0.0,,,,-0.551,,,57.369001,,50.993,-11.753,,38.595,38.595,,134.817993,0.29,0.29,0.29,136.264008,0.29,0.29,0.29,,,,,,,,,,91.931999,,91.931999,,,,,,91.931999,0.674661,0.674661,0.455,67.441287,67.441287,66.725405,
12/31/2002,179.653,166.865005,0.0,3.856,0.0,8.932,-103.971999,48.244999,,,4.059,43.736,0.0,,7.932,75.681,-32.037,31.757,-6.262,6.542,43.644,0.0,,,,1.458,,,42.186,,38.153,-9.085,,21.568,21.568,,134.934998,0.16,0.17,0.17,135.742996,0.16,0.17,0.17,,,,,,,,,,75.320999,,75.320999,,,,,,75.320999,0.554879,0.554879,0.455,81.999793,81.999793,81.529721,
03/31/2003,186.744003,176.341003,0.0,4.094,0.0,6.309,-119.831001,59.584,,,6.268,46.610001,0.0,,7.369,66.912999,-18.815,31.952,-4.269,-8.868,48.097999,0.0,,,,-3.318,,,51.415999,,46.229,-8.752,,37.477,37.477,,135.17,0.28,0.26,0.26,150.627,0.28,0.26,0.26,,,,,,,,,,77.190002,,77.190002,,,,,,77.190002,0.512458,0.512458,0.455,88.787775,88.787775,79.67612,
06/30/2003,181.065994,168.526993,0.0,3.448,0.0,9.091,-109.160002,52.667,,,5.077,44.629002,0.0,,6.787,71.905998,-24.859999,33.299999,-6.693,-1.747,47.045999,0.0,,,,-1.674,,,48.719999,,43.290001,-8.752,,34.538001,34.538001,,135.386002,0.26,0.25,0.25,136.264008,0.25,0.24,0.24,,,,,,,,,,80.332001,,80.332001,,,,,,80.332001,0.589532,0.589532,0.455,77.179857,77.179857,76.683017,
09/30/2003,185.210007,171.287994,0.0,3.409,0.0,10.513,-112.196999,52.935001,,,4.877,46.162998,0.0,,8.222,73.013003,-21.511001,30.273001,-7.368,-1.394,51.502002,0.0,,,,-3.753,,,55.255002,,49.599998,-9.415,,40.184998,40.184998,,135.705994,0.3,0.27,0.27,136.576996,0.3,0.27,0.27,,,,,,,,,,96.370003,,96.370003,,,,,,96.370003,0.705609,0.705609,0.46,65.191882,65.191882,64.77638,
12/31/2003,459.321996,173.18701,0.0,19.266,0.0,266.869,-384.894998,53.189999,,,5.905,50.612999,0.0,,275.187,74.427,-21.804,30.171,-5.358,-3.009,52.623,0.0,,,,-9.301,,,61.924,,60.113001,-10.402,,49.711001,49.711001,,135.650497,0.44,0.37,0.37,143.858998,0.42,0.36,0.36,,,,,,,,,,93.737,,106.191,,,,,,106.191,0.677844,0.677844,0.46,67.862248,67.862248,66.752723,
03/31/2004,270.402008,181.423996,0.0,4.514,0.0,84.463997,-204.630999,60.125999,,,8.317,50.756001,0.0,,85.431999,65.771,-23.041999,32.195999,-4.525,-4.629,42.729001,0.0,,,,-4.552,,,47.281001,,44.099998,-7.6,,32.885998,32.885998,,138.398,0.24,0.21,0.21,156.913,0.23,0.2,0.2,,,,,,,,,,80.981003,,80.981003,,,,,,80.981003,0.516089,0.516089,0.46,89.131991,89.131991,76.780972,
06/30/2004,198.264999,181.962006,0.0,3.855,0.0,12.448,-125.285999,58.216999,,,5.718,51.264,0.0,,10.087,72.979,-25.807999,32.681999,-5.77,-1.104,47.171001,0.0,,,,-0.552,,,47.723001,,43.147999,-8.401,,34.715999,34.715999,,142.104004,0.24,0.24,0.24,142.886993,0.24,0.24,0.24,,,,,,,,,,86.723999,,86.723999,,,,,,86.723999,0.606941,0.606941,0.46,75.789882,75.789882,75.374748,
09/30/2004,260.520996,157.496994,0.0,8.536,0.0,94.487999,-204.860998,54.154999,,,6.858,48.126999,0.0,,95.721001,55.66,-18.372,27.979,-9.607,0.0,37.288,0.0,,,,-16.562,,,53.85,,50.847,-8.32,,42.527,42.527,,142.272995,0.3,0.18,0.18,157.104996,0.3,0.18,0.18,,,,,,,,,,98.041,,98.041,,,,,,98.041,0.624048,0.624048,0.465,74.513544,74.513544,67.478855,
12/31/2004,188.763,160.911,0.0,27.195,0.0,0.657,-122.658,50.646,,,5.436,50.696,0.0,,15.88,66.105,-23.018,29.171,-5.071,-1.082,43.087,0.0,,,,-10.773,,,53.86,,50.606,-9.456,,41.15,41.15,,142.716,0.29,0.21,0.21,143.666,0.29,0.21,0.21,,,,,,,,,,104.661,,104.661,,,,,,104.661,0.728502,0.728502,0.465,63.829593,63.829593,64.82644,
03/31/2005,268.456,165.882,0.0,11.873,0.0,90.701,-208.651,57.573,,,8.476,53.108,0.0,,89.494,59.805,-28.758,28.9,0.0,-0.142,31.047,0.0,,,,-7.995,,,39.042,,37.101,-11.62,,25.481,25.481,,143.089,0.18,0.12,0.12,157.72,0.18,0.12,0.12,,,,,,,,,,,,,,,,,,,,,0.47,,,,
06/30/2005,278.405,158.977,0.0,16.191,0.0,103.237,-221.814,56.731,,,7.035,52.749,0.0,,105.299,56.591,-10.85,29.634,-15.684,-3.1,45.741,0.0,,,,-9.301,,,55.042,,51.919,-11.62,,40.299,40.299,,143.48,0.28,0.22,0.22,157.696,0.28,0.22,0.22,,,,,,,,,,87.841,,87.841,,,,,,87.841,0.557027,0.557027,0.465,83.478831,83.478831,75.95337,
09/30/2005,292.016,170.022,0.0,12.184,0.0,109.81,-231.258,62.186,,,5.803,59.494,0.0,,103.775,60.758,-28.152,30.523,0.0,-2.371,32.606,0.0,,,,-195.654,,,228.26,,224.967,-11.619,,213.348,213.348,,142.663,1.5,0.13,0.13,158.468,1.48,0.12,0.12,,,,,,,,,,87.175,,87.175,,,,,,87.175,0.550111,0.550111,0.47,85.437293,85.437293,76.9161,
12/31/2005,235.022,144.177,0.0,9.783,0.0,81.062,-197.0,49.904,,,9.689,50.049,0.0,,87.358,38.022,-1.557,24.01,-13.865,-8.588,36.465,0.0,,,,-7.257,,,43.722,,41.675,-11.62,,30.055,30.055,,136.8,0.22,0.17,0.17,149.624,0.2,0.15,0.15,,,,,,,,,,84.548,,84.548,,,,,,84.548,0.56507,0.56507,1.515,268.108483,268.108483,246.139897,
03/31/2006,268.53,192.336,0.0,4.665,0.0,71.529,-207.198,65.866,,,13.938,57.63,0.0,,69.764,61.332,-35.123,37.013,0.0,-1.89,26.209,0.0,,,11.448,-1.768,,,27.977,-5.588,26.793,-12.712,,11.448,11.448,,134.781,0.08,0.07,0.07,149.265,0.08,0.07,0.07,,60.582,4.702,,-0.505,-2.962,,,,67.677,,67.677,,,,,,67.677,0.453402,0.453402,0.47,103.660845,103.660845,93.602066,
06/30/2006,262.011,201.263,0.0,4.065,0.0,56.683,-195.647,69.309,,,6.965,64.333,0.0,,55.04,66.364,-35.497,45.467,-9.696,-0.274,30.867,0.0,,,21.717,-5.945,,,36.812,-5.622,34.972,-13.255,,21.717,21.717,,134.969,0.16,0.12,0.12,149.364,0.16,0.12,0.12,,65.167,4.425,,-1.531,-5.4,,,,78.756,,78.756,,,,,,78.756,0.527276,0.527276,0.47,89.137437,89.137437,80.54679,
09/30/2006,316.47,192.568,0.0,15.715,0.0,108.187,-234.984,63.314,,,6.76,59.432,0.0,,105.478,81.486,-43.843,46.825,0.0,-2.982,37.643,0.0,,,61.734,-41.569,,,79.212,6.083,76.96,-15.226,,61.734,61.734,,135.117,0.46,0.15,0.15,150.947,0.45,0.15,0.15,,64.363,4.568,,-39.537,0.28,,,,97.491,,97.491,,,,,,97.491,0.651721,0.651721,0.48,73.651106,73.651106,133.938764,
12/31/2006,,,,,,,,,,,,,,,,,,,,,,,,,145.095,,,,,-18.858,,,,,,,134.665,0.37,0.37,0.37,149.02,0.37,0.37,0.37,,254.268,18.394,,-42.089,-18.802,,,,338.008,,338.008,,,,,,338.008,2.262542,2.262542,,,,0.0,
03/31/2007,275.617,209.796,0.0,9.261,0.0,56.56,-210.411,122.78,,,13.46,66.375,0.0,,7.796,65.206,-30.411,44.408,0.0,-13.997,34.795,0.0,,,68.563,-50.325,,,85.12,-1.263,83.789,-15.226,,68.563,68.563,,136.823,0.5,0.13,0.13,149.465,0.49,0.13,0.13,,67.739,4.968,,-51.72,-1.96,,,,86.327,,86.327,,,,,,86.327,0.582005,0.582005,0.475,81.614472,81.614472,75.284587,
06/30/2007,281.554,200.68,0.0,14.468,0.0,66.406,-210.695,122.612,,,10.608,67.139,0.0,,10.336,70.859,-37.774,40.185,0.0,-2.411,33.085,0.0,,,37.076,-20.407,,,53.492,-3.579,52.302,-15.226,,37.076,37.076,,136.921,0.27,0.12,0.12,148.129,0.27,0.12,0.12,,68.407,5.61,,-20.361,0.129,,,,87.282,,87.282,,,,,,87.282,0.58923,0.58923,0.48,81.462295,81.462295,75.29855,
09/30/2007,300.565,206.841,0.0,8.973,0.0,84.751,-226.651,137.884,,,3.856,71.438,0.0,,13.473,73.914,-41.615,43.414,0.0,-1.799,32.299,0.0,,,53.387,-37.489,,,69.788,-2.697,68.614,-15.227,,53.387,53.387,,137.576,0.39,0.12,0.12,147.651,0.39,0.12,0.12,,72.076,10.574,,-39.67,0.003,,,,93.673,,93.673,,,,,,93.673,0.634422,0.634422,0.48,75.659454,75.659454,70.496813,
12/31/2007,340.583,234.772,0.0,32.991,0.0,72.82,-237.877,144.595,,,9.765,67.798,0.0,,15.719,102.706,-34.269,43.987,0.0,-9.718,68.437,0.0,,,58.666,-9.412,,,77.849,-3.444,74.762,-12.613,,58.666,58.666,,145.7,0.4,0.35,0.39,153.211,0.4,0.34,0.38,,69.469,5.796,,-9.321,-4.416,,,,116.75,,116.75,,,,,,116.75,0.755825,0.755825,0.475,62.845246,62.845246,59.056544,
03/31/2008,296.643,211.988,,7.896,0.0,76.759,-158.117,145.954,,,12.163,75.707,,,12.287,50.532,-36.622,48.101,-10.099,-1.38,13.91,0.0,,,2.533,0.0,,0.0,17.725,-4.326,17.839,-15.306,,2.533,2.533,0.808,146.331,0.02,0.02,0.02,154.596,0.02,0.02,0.02,,79.121,6.928,,-1.11,-0.019,,,,83.127,,83.127,,,,,,83.127,0.537705,0.537705,0.48,89.268324,89.268324,84.495868,
06/30/2008,305.861,211.613,,8.613,0.0,85.635,-158.86,151.971,,,6.889,75.525,,,9.279,62.197,-35.341,47.841,-6.881,-5.619,26.856,0.0,,,16.257,0.0,,0.0,36.228,-3.662,35.123,-18.866,,16.257,16.257,1.991,146.741,0.11,0.046919,0.059786,154.624,0.11,0.046919,0.059786,,76.575,7.391,,-9.531,-0.479,,,,86.551,,86.551,,,,,,86.551,0.558163,0.558163,0.48,85.996372,85.996372,81.38055,
09/30/2008,308.58,215.264,,0.0,0.0,93.316,-180.398,169.95,,,10.448,74.229,,,1.686,52.267,-27.329,50.071,-0.204,-22.538,24.938,4.239,,,11.49,0.0,,0.0,30.942,-4.363,30.356,-18.866,,11.49,11.49,2.474,146.966,0.08,0.066172,0.08,154.836,0.08,0.066172,0.08,,75.26,14.45,,,,,,-1.299,95.538,,95.538,,,,,,95.538,0.615009,0.615009,0.485,78.8606,78.8606,74.607496,
12/31/2008,382.601,219.824,0.0,0.0,0.0,162.777,-322.497,227.04,,,10.008,82.991,0.0,,2.458,60.104,-40.639,52.823,-6.633,-5.551,19.465,2.09,,,20.128,-3.958,,,25.513,-4.176,24.47,-18.388,,20.128,20.128,,147.622,0.12,0.09,0.16,154.156,0.12,0.09,0.16,,83.996,9.552,,10.641,0.003,-16.961,,1.299,104.482,,104.482,,,,,,104.482,0.45039,0.45039,0.485,107.684371,107.684371,67.655888,
03/31/2009,322.373,217.285,0.0,0.0,0.0,105.088,-273.023,181.454,28.591,152.863,9.88,78.986,,0.0,2.703,49.35,-14.942,51.011,-2.527,-33.542,34.408,2.707,,,23.247,-5.472,-5.472,0.0,42.587,1.06,41.61,-18.363,2.025,23.247,-15.287,-33.062,148.488,0.15,0.12,-0.102951,155.747,0.15,0.12,-0.102951,,80.208,11.218,,-5.119,,,,,110.614,-33.419,77.195,-6.322,2.183,-1.375,1.723,-14.927,60.502,0.495644,0.388463,0.25,50.439471,64.356137,33.562659,
06/30/2009,348.272,218.828,0.0,0.0,0.0,129.444,-319.485,201.215,29.311,171.904,13.6,84.859,,0.0,19.811,28.787,-48.0,50.917,-2.462,-0.455,-19.213,3.187,,,-32.406,-0.928,-0.928,0.0,-15.098,-1.051,-14.043,-18.363,2.656,-32.406,-17.834,15.5,207.29,-0.16,-0.16,-0.086034,207.29,-0.16,-0.16,-0.086034,,86.818,8.251,,-0.049,,,,,61.563,17.271,78.834,-3.727,4.817,-2.07,1.986,-21.785,60.711,0.367047,0.282667,0.17,46.315587,60.141375,61.808229,
09/30/2009,319.962,219.082,0.0,0.0,0.0,100.88,-549.082,174.473,29.202,145.271,11.233,85.88,,0.0,277.496,-229.12,-66.651,56.18,-2.364,12.835,-295.771,-7.947,,,-322.882,10.433,10.433,0.0,-314.151,-9.545,-304.519,-18.363,3.145,-322.882,-24.246,288.203,223.952,-1.44,-1.4,-0.108264,223.952,-1.44,-1.4,-0.113104,,87.647,8.543,,,,,,,-236.237,310.749,74.512,-7.682,1.905,-2.487,2.004,-16.634,54.763,0.321629,0.236383,0.17,52.85601,71.917298,,
12/31/2009,327.639,213.542,0.0,0.0,0.0,114.097,-282.186,184.513,28.334,156.179,13.224,81.518,,0.0,2.931,45.453,-40.577,55.519,-2.543,-12.399,4.876,8.123,,,-3.033,-2.173,-2.173,0.0,15.172,-0.089,15.329,-18.362,2.724,-3.033,-5.026,0.18,224.012,-0.02,-0.03,-0.022436,224.012,-0.02,-0.03,-0.029196,,85.453,8.953,,-13.955,,,,,77.329,-4.752,72.577,-4.624,1.906,-5.487,1.679,-15.706,53.069,0.312858,0.228764,0.17,54.337834,74.312254,49.246777,
03/31/2010,325.559,211.918,0.0,0.0,0.0,113.641,-283.666,216.258,28.519,187.739,13.544,51.336,,0.0,2.528,41.893,-49.372,56.167,-4.929,-1.866,-7.479,0.0,0.0,0.0,-15.264,-10.127,-10.127,0.0,2.648,-0.449,3.099,-18.363,1.572,-15.264,-25.037,0.354,224.153,-0.07,-0.12,-0.111696,224.153,-0.07,-0.12,-0.118421,,84.168,9.563,,-14.151,,,,,63.867,0.354,64.221,-6.641,4.503,-0.49,2.012,-19.543,45.634,0.276582,0.196533,0.17,61.464552,86.49943,59.689668,
06/30/2010,373.986,205.588,0.0,0.0,0.0,168.398,-332.32,82.086,27.489,54.597,160.617,78.956,,0.0,10.661,41.666,-66.624,58.044,-2.016,10.596,-24.958,0.0,0.0,0.0,-42.391,-4.318,-4.318,0.0,-20.64,-1.212,-19.536,-22.855,3.417,-42.391,-22.962,23.747,227.082,-0.19,-0.21,-0.101118,227.082,-0.19,-0.21,-0.105425,,82.005,10.372,,-8.055,,,,,40.719,28.239,68.958,-4.622,2.096,-1.755,2.231,-11.929,58.396,0.29207,0.247335,0.17,58.205241,68.732739,93.65898,
09/30/2010,360.65,228.299,0.0,0.0,0.0,132.351,-312.702,88.763,32.659,56.104,124.653,94.487,,0.0,4.799,47.948,-3.541,61.491,-0.58,-57.37,44.407,1.126,,,34.064,-11.902,-11.902,0.0,57.435,1.041,56.442,-22.378,1.498,34.064,24.189,2.027,251.866,0.13,0.08,0.096039,257.383,0.13,0.08,0.087875,,97.913,7.336,,-11.402,,,,,128.952,-50.96,77.992,-3.675,3.01,-2.406,3.481,-34.039,45.861,0.299965,0.176386,0.17,56.673351,96.379669,33.234847,
12/31/2010,280.812,179.841,0.0,0.0,0.0,100.971,-244.538,154.33,22.406,131.924,10.158,77.77,,0.0,2.28,36.274,-18.547,50.029,-0.455,-31.027,17.727,0.0,0.0,0.0,9.552,-8.092,-8.092,0.0,25.819,0.2,25.862,-16.31,1.985,9.552,1.515,0.055,252.13,0.04,0.01,0.006009,257.42,0.04,0.01,0.006009,,96.098,7.403,,-41.416,,,,,71.837,2.042,73.879,-3.382,1.726,-8.818,4.398,-30.676,39.112,0.283709,0.150197,0.17,59.920519,113.184394,59.665771,
03/31/2011,337.533,190.986,0.0,0.0,0.0,146.547,-295.247,203.834,27.471,176.363,11.197,77.822,,0.0,2.394,42.286,16.303,52.124,-1.073,-67.354,58.589,0.0,0.0,0.0,47.569,-6.2,-6.2,0.0,64.789,1.205,63.706,-16.137,2.253,47.569,41.369,0.0,252.406,0.19,0.16,0.16,258.837,0.19,0.16,0.16,,94.981,7.628,,-79.55,,,,,71.833,0.752,72.585,-7.786,5.909,-0.936,2.964,-25.309,49.68,0.277173,0.189708,0.17,61.333499,89.611353,59.710718,
06/30/2011,315.371,180.009,0.0,0.0,0.0,135.362,-276.199,181.828,26.147,155.681,8.541,83.351,,0.0,2.479,39.172,-51.919,53.814,-1.713,-0.182,-12.747,0.0,0.0,0.0,-29.042,1.111,1.111,0.0,-13.858,-0.706,-13.068,-15.974,2.724,-29.042,-27.931,0.0,252.64,-0.12,-0.11,-0.11,252.64,-0.12,-0.11,-0.11,,100.113,8.639,,-3.205,,,,,75.799,0.594,76.393,-6.534,2.066,-1.392,3.201,-19.545,56.913,0.290233,0.216224,0.17,58.573704,78.622125,56.664336,
09/30/2011,312.289,184.581,0.0,0.0,0.0,127.708,-274.887,182.007,26.355,155.652,9.493,81.068,,0.0,2.319,37.402,-53.031,54.528,-3.104,1.607,-15.629,0.194,,,-32.076,-0.566,-0.566,0.0,-14.869,-0.868,-14.044,-18.032,2.053,-32.076,-32.642,0.0,252.802,-0.13,-0.13,-0.13,252.802,-0.13,-0.13,-0.13,,97.335,8.531,,-0.651,,,,,72.271,3.781,76.052,-8.346,2.367,-3.428,3.263,-25.177,46.784,0.28894,0.177744,0.17,58.835665,95.643169,59.462302,
12/31/2011,303.069,190.891,0.0,0.0,0.0,112.178,-276.381,160.999,22.791,138.208,13.876,85.596,,0.0,15.91,26.688,-54.172,54.937,1.325,-2.09,-27.484,0.0,0.0,0.0,44.965,-87.731,-87.731,0.0,60.247,1.228,58.971,-14.006,1.221,44.965,-29.835,12.931,252.922,0.17,-0.16,-0.117961,259.872,0.17,-0.16,-0.117961,,93.25,8.889,,-86.116,,,,,62.216,16.001,78.217,-5.956,2.254,-5.687,3.303,-21.124,52.228,0.296927,0.198267,0.17,57.253206,85.742782,69.108814,
03/31/2012,265.661,196.693,0.0,0.0,0.0,68.968,-230.02,127.528,27.849,99.679,11.839,88.09,,0.0,2.563,35.641,-58.501,59.299,-1.509,0.711,-22.86,0.0,0.0,0.0,-36.39,-4.75,-4.75,0.0,-18.11,-0.811,-17.467,-18.923,2.087,-36.39,-41.14,0.0,258.365,-0.14,-0.16,-0.16,258.365,-0.14,-0.16,-0.16,,92.256,8.586,,-6.199,,,,,57.442,6.31,63.752,-7.265,6.065,-0.732,1.983,-11.939,53.951,0.238024,0.201431,0.17,71.421493,84.396267,76.463215,
06/30/2012,260.82,197.213,0.0,0.0,0.0,63.607,-220.863,118.238,27.26,90.978,11.594,88.667,,0.0,2.364,39.957,-59.691,59.146,-0.267,0.812,-19.734,0.0,0.0,0.0,-28.482,-2.006,-2.006,0.0,-17.728,-0.466,-17.4,-11.082,1.62,-28.482,-30.488,0.0,266.748,-0.11,-0.12,-0.12,266.748,-0.11,-0.12,-0.12,,92.943,8.64,,-3.214,,,,,69.421,1.029,70.45,-4.351,2.708,-0.973,2.188,-14.212,57.43,0.256786,0.209329,0.17,66.202995,81.211928,65.249708,
09/30/2012,293.258,199.326,0.0,0.0,0.0,93.932,-253.615,152.209,27.303,124.906,8.934,90.202,,0.0,2.27,39.643,-56.933,58.812,-2.28,0.401,-17.29,0.103,,,-28.23,0.362,0.362,0.0,-17.549,-0.459,-17.149,-11.081,2.284,-28.23,-27.868,0.0,270.289,-0.11,-0.11,-0.11,270.289,-0.11,-0.11,-0.11,,95.139,8.782,,-4.076,,,,,71.156,0.851,72.007,-8.123,1.695,-2.119,1.582,-11.502,55.824,0.25903,0.200815,0.17,65.629439,84.654969,64.455562,
12/31/2012,252.653,204.089,0.0,0.0,0.0,48.564,-218.337,110.488,26.971,83.517,14.057,91.527,,0.0,2.265,34.316,-59.775,58.983,-0.618,1.41,-25.459,0.0,0.0,0.0,-33.043,-2.978,-2.978,0.0,-22.481,-0.537,-21.961,-11.082,2.233,-33.043,-36.021,0.0,276.081,-0.12,-0.13,-0.13,276.081,-0.12,-0.13,-0.13,,99.081,8.694,,-2.229,,,,,71.966,4.293,76.259,-5.02,2.472,-3.018,3.114,-15.632,60.408,0.268516,0.212703,0.17,63.311006,79.923752,65.216588,
03/31/2013,257.283,209.879,0.0,0.0,0.0,47.404,-214.646,106.242,29.04,77.202,13.145,92.993,,0.0,2.266,42.637,-6.839,57.181,-49.378,-0.964,35.798,0.0,0.0,0.0,28.043,-8.325,-8.325,0.0,44.123,0.392,43.525,-15.482,2.242,28.043,19.718,0.0,314.936,0.09,0.06,0.06,319.571,0.09,0.06,0.06,,99.78,7.629,,-57.936,,,,,77.908,5.289,83.197,-5.891,6.854,-0.634,2.21,-13.495,74.483,0.258024,0.230999,0.17,65.885344,73.593478,70.18278,
06/30/2013,266.101,215.308,0.0,0.0,0.0,50.793,-223.564,112.192,29.569,82.623,9.707,95.322,,0.0,6.343,42.537,-56.49,57.019,-1.091,0.562,-13.953,0.0,0.0,0.0,61.494,-83.785,-83.785,0.0,69.832,0.842,68.849,-7.355,1.99,61.494,-18.514,3.777,322.489,0.19,-0.07,-0.05741,327.098,0.19,-0.07,-0.058453,,99.259,5.974,,-84.588,,,,,82.981,6.2,89.181,-4.594,3.964,-1.537,2.321,-12.823,78.502,0.270187,0.237834,0.17,62.91931,71.478523,66.130801,
09/30/2013,284.462,221.655,0.0,0.0,0.0,62.807,-243.703,129.984,29.433,100.551,10.373,101.191,,0.0,2.155,40.759,-53.861,56.618,0.027,-2.784,-13.102,4.5,,,-6.067,-9.939,-9.939,0.0,1.337,-0.092,1.289,-7.356,1.705,-6.067,-16.006,0.0,324.895,-0.02,-0.05,-0.05,324.895,-0.02,-0.05,-0.05,,104.438,7.127,0.0,-8.596,,,,,96.81,-2.639,94.171,-4.138,2.776,-1.402,2.54,-21.68,73.972,0.283339,0.222565,0.17,59.998874,76.382334,57.150088,
12/31/2013,272.167,226.575,0.0,0.0,0.0,45.592,-225.658,111.933,29.638,82.295,9.448,103.12,,0.0,1.157,46.509,1.371,57.204,-3.674,-54.901,47.88,0.58,,,69.574,-32.797,-32.797,0.0,81.257,0.952,76.929,-7.355,1.799,69.574,46.21,9.433,326.059,0.21,0.12,0.141723,330.834,0.21,0.12,0.141723,,105.573,10.49,0.0,-92.508,,,,,94.081,3.197,97.278,-2.929,2.008,-10.265,1.983,-20.384,69.49,0.291401,0.20816,0.17,58.338915,81.667765,58.917348,
03/31/2014,264.466,208.646,0.0,0.0,0.0,55.82,-223.723,118.515,29.203,89.312,14.694,88.298,,0.0,2.216,40.743,-30.598,49.261,-2.321,-16.342,10.145,-2.674,,,18.683,-18.1,-18.1,0.0,25.571,0.25,25.237,-6.554,1.526,18.683,0.583,0.0,327.106,0.06,0.0,0.0,331.716,0.06,0.0,0.0,,98.264,6.396,,-35.44,,,5.651,,93.804,-0.621,93.183,-6.701,8.277,-0.337,2.468,-14.363,84.053,0.278674,0.25137,0.17,61.003187,67.629472,60.063537,
06/30/2014,274.292,204.78,0.0,0.0,0.0,69.512,-228.105,124.73,28.652,96.078,10.365,88.5,,0.0,4.51,46.187,82.928,51.448,-60.826,-73.55,129.115,-0.364,,,127.688,-7.776,-7.776,0.0,136.527,1.693,134.734,-7.046,1.449,127.688,122.574,2.662,331.753,0.38,0.36,0.369474,336.414,0.38,0.36,0.367913,,97.641,6.781,0.0,-130.706,,,,,103.097,-0.48,102.617,-5.372,3.189,-1.124,1.69,-19.138,83.311,0.302418,0.245522,0.17,56.213629,69.240244,54.703832,
09/30/2014,261.806,202.067,0.0,0.0,0.0,59.739,-216.4,111.858,29.829,82.029,10.573,85.772,,0.0,8.197,45.406,22.313,47.421,-19.178,-50.556,67.719,0.442,,,61.533,-3.396,-3.396,0.0,71.557,0.795,70.801,-9.268,1.988,61.533,64.505,6.368,341.165,0.18,0.17,0.208073,345.826,0.18,0.17,0.207414,,95.0,7.827,0.453,-65.077,,,-0.997,,99.534,6.054,105.588,-5.848,2.14,-3.279,1.221,-12.276,89.534,0.302629,0.256616,0.17,56.174319,66.246722,56.771555,
12/31/2014,246.288,206.859,0.0,0.0,0.0,39.429,-235.029,96.22,27.658,68.562,13.73,83.705,,0.0,41.374,11.259,-5.949,50.21,-11.992,-32.269,5.31,3.439,,,-3.011,-4.051,-4.051,0.0,12.8,-0.111,12.816,-15.827,1.044,-3.011,33.297,40.359,342.853,-0.01,-0.02,0.097117,342.853,-0.01,-0.02,0.097117,,93.712,7.223,14.953,-37.994,,,-3.439,,71.333,33.44,104.773,-4.249,1.591,-4.688,-0.031,-25.319,73.121,0.298752,0.208499,0.17,56.903343,81.535181,81.70834,
03/31/2015,267.435,214.615,0.0,0.0,0.0,52.82,-214.39,113.926,30.779,83.147,17.004,81.903,,0.0,1.557,53.045,-14.145,49.61,-6.246,-29.219,38.9,-1.484,,,65.244,-28.553,-28.553,0.0,65.969,0.699,65.244,0.0,1.739,65.244,36.691,0.0,344.597,0.19,0.11,0.11,348.653,0.19,0.11,0.11,,85.42,4.928,,-43.403,,,1.484,,114.372,-5.397,108.975,-9.179,10.065,-0.29,2.113,-13.598,99.825,0.310006,0.283977,0.17,54.837577,59.864012,51.242437,
06/30/2015,225.897,201.996,0.0,0.0,0.0,23.901,-184.176,79.579,27.747,51.832,19.238,78.334,,0.0,7.025,41.721,13.986,42.976,-15.123,-41.839,55.707,2.288,,,449.38,-396.17,-396.17,0.0,454.165,4.762,449.38,0.0,1.735,449.38,141.333,88.123,345.098,1.3,0.16,0.409545,349.161,1.3,0.16,0.409545,,78.334,4.817,0.864,-517.821,,,,,20.336,78.759,99.095,-4.086,3.539,-2.097,0.568,-9.319,89.435,0.2815,0.254059,0.17,60.390787,66.91368,288.488395,
09/30/2015,234.537,200.938,0.0,0.0,0.0,33.599,-182.664,87.533,27.702,59.831,11.34,79.898,,0.0,3.893,51.873,21.962,41.615,5.088,-68.665,73.835,3.305,,,76.434,-0.068,-0.068,0.0,77.208,-0.176,76.434,0.0,1.823,76.434,78.728,2.362,345.256,0.22,0.22,0.228028,352.15,0.22,0.22,0.226707,,79.898,12.501,0.0,-71.259,-0.189,-0.066,-3.35,,93.793,6.578,101.298,-5.82,1.73,-2.152,0.28,-15.753,81.406,0.287656,0.231169,0.17,59.098403,73.53942,62.577719,
12/31/2015,221.563,198.516,0.0,0.0,0.0,23.047,-181.257,76.676,26.65,50.026,10.983,77.194,,0.0,16.404,40.306,-23.031,38.934,19.585,-35.488,17.275,-0.181,,,24.252,-7.425,-7.425,0.0,24.519,-0.503,24.252,0.0,1.597,24.252,34.987,18.16,345.267,0.07,0.05,0.101333,349.532,0.07,0.05,0.101333,,77.194,5.001,2.542,-27.549,-0.189,-7.097,0.181,,73.832,28.277,102.804,-4.147,1.503,-5.232,0.698,-13.179,84.044,0.291572,0.238365,0.18,61.734271,75.514373,84.174965,
03/31/2016,224.954,201.803,0.0,0.0,0.0,23.151,-183.363,79.825,29.627,50.198,18.098,77.798,,0.0,7.642,41.591,2.357,37.73,-21.86,-18.227,43.948,-0.343,,,43.307,-0.151,-0.151,0.0,43.756,0.438,43.307,0.0,1.458,43.307,49.561,6.405,345.665,0.12,0.12,0.143379,349.674,0.12,0.12,0.138317,,77.798,3.639,0.0,-33.433,,,0.343,,92.092,7.87,99.962,-3.711,10.378,-0.521,0.634,-17.815,90.385,0.283627,0.256454,0.18,63.463676,70.188151,67.608478,
06/30/2016,183.954,157.91,0.0,0.0,0.0,26.044,-143.351,64.144,24.899,39.245,11.584,61.136,,0.0,6.487,40.603,66.893,29.511,-3.534,-92.87,107.496,0.157,,,109.067,-2.53,-2.53,0.0,110.183,1.101,109.067,0.0,1.527,109.067,114.618,8.081,347.464,0.31,0.3,0.32987,354.433,0.31,0.3,0.3228,,80.161,4.253,0.0,-70.354,,,-0.157,,124.071,-16.713,107.358,-3.794,3.108,-0.741,0.424,-12.727,95.155,0.302901,0.268471,0.18,59.425418,67.046335,50.284918,
09/30/2016,181.673,162.322,0.0,0.0,0.0,19.351,-138.936,60.116,26.001,34.115,12.534,61.82,,0.0,4.466,42.737,65.495,27.283,-12.01,-80.768,108.232,0.359,,,112.014,-4.568,-4.568,0.0,113.159,1.131,112.014,0.0,1.609,112.014,32.432,-75.014,351.856,0.32,0.31,0.092174,358.981,0.32,0.31,0.092174,,80.688,3.772,3.042,-82.698,-5.668,-0.319,-0.359,,111.603,-0.635,110.968,-5.742,3.262,-0.677,0.303,-7.22,102.503,0.309119,0.285539,0.18,58.229922,63.038721,56.749442,
12/31/2016,181.146,160.882,0.0,0.0,0.0,20.264,-139.555,63.027,23.251,39.776,13.173,60.068,,0.0,3.287,41.591,-1.087,25.452,-9.999,-14.366,40.504,0.416,,,47.755,-7.26,-7.26,0.0,48.18,-0.542,47.755,0.0,1.562,47.755,36.745,-3.75,354.711,0.13,0.11,0.103591,359.024,0.13,0.11,0.099555,,79.171,2.523,0.677,-24.504,-0.196,-0.531,-0.416,,103.937,6.561,111.459,-3.86,1.845,-6.391,0.165,-14.802,89.978,0.307852,0.248521,0.19,61.717995,76.452311,64.842251,
03/31/2017,181.075,171.676,0.0,0.0,0.0,9.399,-133.224,50.372,26.511,23.861,19.232,62.023,,,1.597,47.851,19.696,24.162,-4.749,-39.109,67.547,-2.132,,,70.2,-5.366,-5.366,0.0,70.781,0.652,70.2,0.0,1.555,70.2,65.668,0.834,355.282,0.2,0.18,0.184833,360.7,0.2,0.18,0.182312,,81.557,2.495,0.859,-37.046,-1.798,,0.0,,116.919,-1.53,115.389,-3.319,10.48,-1.244,0.542,-5.221,118.182,0.318965,0.326685,0.19,59.567714,58.159948,57.778462,
06/30/2017,189.412,165.836,0.0,0.0,0.0,23.576,-143.371,63.782,26.902,36.88,11.858,67.013,,0.0,0.718,46.041,78.579,21.68,-51.933,-48.326,124.62,-5.426,,,1210.543,-1108.573,-1108.573,0.0,1227.767,11.24,1210.543,0.0,1.649,1210.543,75.911,-26.059,358.952,3.4,0.284077,0.21148,358.952,3.4,0.284077,0.21148,,73.328,2.602,0.0,-1186.351,,,19.658,,131.02,-14.463,116.557,-4.725,3.6,-1.687,0.121,-12.628,102.887,0.321998,0.284233,0.19,59.006658,66.846531,51.577622,
09/30/2017,194.828,169.611,0.0,0.0,0.0,25.217,-150.919,68.46,28.157,40.303,10.075,67.992,,0.0,4.392,43.909,-1.541,20.835,-1.841,-17.453,42.368,-0.359,,,165.269,-123.618,-123.618,0.0,165.627,1.535,165.269,0.0,1.244,165.269,31.461,-10.19,355.905,0.46,0.12,0.088397,362.102,0.46,0.12,0.088397,,68.029,2.171,0.0,-21.952,0.037,-121.348,-0.516,,93.225,14.525,107.75,-4.292,1.943,-5.184,1.232,-8.702,93.991,0.297568,0.259571,0.19,63.850933,73.197838,72.554572,
12/31/2017,215.619,179.391,0.0,0.0,0.0,36.228,-171.031,80.392,27.395,52.997,13.779,76.533,,0.0,0.327,44.588,9.834,21.602,-4.787,-26.649,54.422,8.275,,,188.419,-127.469,-127.469,0.0,190.166,0.689,188.419,0.0,1.333,188.419,39.825,-21.125,356.204,0.52,0.17,0.111804,360.244,0.52,0.17,0.111359,,76.558,2.408,0.0,-149.633,-3.085,,-1.481,,113.875,-5.066,109.87,-4.992,2.467,-6.9,-0.694,-17.485,83.599,0.303084,0.230613,1.05,346.438837,455.3073,328.442766,
03/31/2018,234.557,193.456,0.0,0.0,0.0,41.101,-191.289,91.951,31.146,60.805,21.023,77.529,,,0.786,43.268,40.585,20.0,-8.287,-52.298,83.853,-10.329,,,72.963,-0.124,-0.124,0.0,73.648,0.683,72.963,0.0,1.399,72.963,72.839,0.0,356.74,0.2,0.2,0.2,360.4,0.2,0.2,0.2,,77.529,2.161,0.0,-44.886,-6.217,-0.132,10.329,,112.43,-2.949,109.481,-6.534,12.462,-0.583,-0.545,-7.875,107.805,0.302182,0.297556,0.2,66.185183,67.214137,63.504403,
06/30/2018,210.558,192.093,0.0,0.0,0.0,18.465,-153.646,62.826,31.196,31.63,13.459,75.832,,,1.529,56.912,135.902,20.675,-1.682,-154.895,192.814,-0.063,,,193.845,-2.92,-2.92,0.0,195.671,1.824,193.845,0.0,1.402,193.845,40.757,-150.168,357.054,0.54,0.53,0.114148,362.741,0.54,0.53,0.114148,,75.832,2.119,0.0,-153.208,0.038,,0.063,,120.513,-0.206,120.307,-4.78,3.568,-1.165,-0.46,-12.203,106.669,0.331661,0.294064,0.2,60.302559,68.01245,59.255682,
09/30/2018,231.898,196.912,0.0,0.0,0.0,34.986,-171.431,82.513,31.515,50.998,8.959,78.855,,0.0,1.104,60.467,-8.062,21.462,-5.552,-7.848,52.405,0.897,,,53.025,-0.221,-0.221,0.0,53.523,0.495,53.025,0.0,1.443,53.025,52.893,0.089,357.898,0.15,0.15,0.147788,361.41,0.15,0.15,0.147788,,78.855,2.367,0.0,0.107,-2.008,-0.136,-0.897,,131.808,-5.223,126.585,-6.445,2.208,-1.417,-0.593,-8.483,113.298,0.348415,0.311843,0.215,61.708066,68.944867,54.363923,
12/31/2018,270.857,202.858,,0.0,0.0,67.999,-207.914,114.135,31.412,82.723,12.777,80.001,,,1.001,62.943,0.181,22.869,-5.923,-17.127,63.124,0.667,,,63.896,-0.635,-0.635,0.0,64.426,-0.568,63.896,0.0,1.544,63.896,50.049,-13.212,358.561,0.18,0.18,0.139583,362.536,0.18,0.18,0.139583,,80.001,2.499,2.214,-13.995,-3.908,,-0.667,,129.472,-2.352,128.214,-8.278,1.96,-6.782,-0.734,-15.974,99.95,0.351769,0.274224,0.215,61.11957,78.403047,59.542306,
03/31/2019,264.929,209.965,0.0,0.0,0.0,54.964,-207.95,105.696,32.442,73.254,21.983,75.992,,0.0,4.279,56.979,-11.826,22.132,-4.715,-5.591,45.153,-0.385,,,44.551,-0.155,-0.155,0.0,44.923,0.382,44.551,0.0,1.526,44.551,41.563,-2.833,359.139,0.12,0.12,0.11573,362.362,0.12,0.12,0.112182,,75.992,2.353,,-0.742,-2.499,,0.385,,120.422,-0.09,120.332,-5.932,10.971,-1.036,-1.262,-5.865,118.734,0.330601,0.32621,0.215,65.033158,65.908417,64.138613,
06/30/2019,237.026,213.107,0.0,0.0,0.0,23.919,-174.55,73.161,32.375,40.786,13.42,83.004,,,4.965,62.476,15.709,23.51,-4.143,-35.076,78.185,-6.616,,,71.053,-0.099,-0.099,0.0,71.668,0.621,71.053,0.0,1.504,71.053,38.412,-32.542,362.826,0.2,0.2,0.105869,362.926,0.2,0.2,0.105869,,83.004,2.417,0.0,-32.641,-2.028,,6.616,,129.042,0.309,129.351,-4.852,4.242,-1.508,-1.542,-8.159,119.036,0.354786,0.326494,0.215,60.599945,65.8512,59.913052,
09/30/2019,241.329,215.374,0.0,0.0,0.0,25.955,-174.178,74.537,31.739,42.798,13.72,83.924,,0.0,1.997,67.151,160.732,22.604,-3.736,-179.6,227.883,0.536,,,226.566,-0.112,-0.112,0.0,228.531,1.968,226.566,0.0,1.213,226.566,226.454,0.0,362.416,0.62,0.62,0.62,367.271,0.62,0.62,0.62,,83.924,2.858,0.0,-177.627,-0.332,,-0.536,,136.821,-0.177,136.644,-5.282,2.045,-4.203,-1.742,-8.48,120.195,0.372052,0.327265,0.215,57.787583,65.695965,56.842882,
12/31/2019,230.475,217.387,0.0,0.0,0.0,13.088,-165.824,63.276,32.964,30.312,11.766,84.303,,0.0,6.479,64.651,25.013,21.51,-18.812,-27.711,89.664,-2.221,,,86.802,-0.079,-0.079,0.0,87.522,-0.346,86.802,0.0,0.662,86.802,61.576,-25.147,367.603,0.24,0.24,0.167507,372.464,0.23,0.23,0.162485,,84.303,2.455,0.0,-31.533,-16.38,,2.221,,128.575,11.983,140.558,-4.658,2.543,-5.938,-3.02,-14.857,115.29,0.376763,0.309033,0.235,62.373358,76.043668,67.187793,
03/31/2020,226.369,218.755,0.0,0.0,0.0,7.614,-178.523,62.138,36.727,25.411,21.763,85.359,,,9.263,47.846,-28.294,23.494,-2.539,7.339,19.552,0.06,,,19.456,-0.048,-0.048,0.0,19.66,0.17,19.456,0.0,1.946,19.456,33.768,14.36,368.19,0.05,0.05,0.091714,371.87,0.05,0.05,0.088616,,85.359,2.194,5.626,-9.12,-0.026,,-0.06,0.0,103.599,20.331,123.93,-1.824,12.212,-0.412,-2.558,-7.28,126.014,0.332102,0.337687,0.235,70.761301,69.591061,83.554861,
06/30/2020,238.511,226.374,0.0,0.0,0.0,12.137,-170.616,64.726,36.763,27.963,13.606,86.704,,,5.58,67.895,-27.848,22.841,-2.396,7.403,40.047,0.15,,,39.82,-0.023,-0.023,0.0,40.22,0.356,39.82,0.0,2.151,39.82,47.416,7.619,368.836,0.11,0.11,0.128556,372.573,0.11,0.11,0.128556,,86.704,2.306,0.0,-6.093,0.334,,-0.15,,123.277,19.786,143.063,-6.314,5.387,-0.481,-1.54,-7.611,134.655,0.382595,0.360109,0.235,61.422646,65.257941,70.223156,
