Date,Revenue,Revenue From Electric,Regulated Electric Revenue,Unregulated Electric Revenue,Revenue from Gas,Regulated Gas Revenue,Unregulated Gas Revenue,Revenue from Water,Other Revenue,Intracompany Revenue,Cost of Revenue,Fuel & Purchased Power Cost,Fuel Cost,Purchased Power Cost,Purchased Gas & Water Cost,Other Cost of Revenue,Intracompany Cost,Gross Profit,Operating Expenses,Maintenance Expenses,Depreciation Expenses,Taxes Other Than Income,Other Operating Expense,Operating Income (Loss),Non-Operating (Income) Loss,"Interest Expense, Net",Total Interest Income,AFUDC - Equity,Interest Income,Interest Expense,Interest Expenses on Bonds,AFUDC - Debts,Other Interest Expenses,Other Non-Op (Income) Loss,Pretax Income,Income Tax Expense (Benefit),Income (Loss) from Cont Ops,Net Extraordinary Losses (Gains),Discontinued Operations,XO & Accounting Changes,Income (Loss) Incl. MI,Minority Interest,"Net Income, GAAP",Preferred Dividends,Other Adjustments,"Net Income Avail to Common, GAAP","Net Income Avail to Common, Adj",Net Abnormal Losses (Gains),Basic Weighted Avg Shares,"Basic EPS, GAAP",Basic EPS from Cont Ops,"Basic EPS from Cont Ops, Adjusted",Diluted Weighted Avg Shares,"Diluted EPS, GAAP",Diluted EPS from Cont Ops,"Diluted EPS from Cont Ops, Adjusted",Source: Bloomberg
03/31/1990,815.560974,804.991028,,,0.0,,,0.0,10.57,,-190.166,190.165997,205.520996,-15.355,0.0,,,625.394974,-331.492004,57.452,99.989998,59.007999,115.042,293.903015,-95.395998,,,0.0,,122.252998,121.176003,-0.712,1.789,-26.857,198.507017,-61.959,136.548004,0.0,,,136.548018,0.0,136.548004,-8.924,,127.624004,127.624004,,146.863998,0.87,0.87,0.87,146.863998,0.87,0.87,0.87,
06/30/1990,796.255981,791.221008,,,0.0,,,0.0,5.035,,-195.964996,195.964997,202.255997,-6.291,0.0,,,600.290985,-346.950012,60.240002,99.82,60.237,126.653,253.341003,-88.239002,,,0.0,,119.897003,119.464996,-0.934,1.366,-31.658001,165.102001,-47.339001,117.763,0.0,,,117.763,0.0,117.763,-8.884,,108.879001,108.879001,,146.878006,0.74,0.74,0.74,146.878006,0.74,0.74,0.74,
09/30/1990,893.424011,889.200989,,,0.0,,,0.0,4.223,,-214.417007,214.417006,204.587006,9.83,0.0,,,679.007004,-378.919006,75.453003,99.908997,70.304001,133.253006,300.088013,-84.887005,,,0.0,,118.022003,118.174004,-0.932,0.78,-33.134998,215.201008,-66.056,149.145004,0.0,,,149.145008,0.0,149.145004,-8.764,,140.381004,140.381004,,146.893997,0.95,0.95,0.95,146.893997,0.95,0.95,0.95,
12/31/1990,1071.040039,1063.376953,,,0.0,,,0.0,7.663,,-444.207001,444.207001,175.990997,268.216003,0.0,,,626.833038,-385.223999,86.383003,106.611,60.91,131.320007,241.608994,-90.135002,,,0.0,,118.329002,118.093002,-0.682,0.918,-28.194,151.473991,-40.471001,111.002998,0.0,,,111.002991,0.0,111.002998,-8.607,,102.395998,102.395998,,146.279999,0.7,0.7,0.7,146.279999,0.7,0.7,0.7,
03/31/1991,821.44397,811.97699,,,0.0,,,0.0,9.467,,-176.574005,176.574001,188.179001,-11.605,0.0,,,644.869965,-361.614014,66.459999,103.421997,66.358002,125.374001,283.256012,-90.013999,,,0.349,,116.376999,115.638,-0.537,1.276,-26.014,193.242013,-60.148998,133.093002,0.0,,,133.093015,0.0,133.093002,-8.344,,124.749002,124.749002,,146.925003,0.85,0.85,0.85,146.925003,0.85,0.85,0.85,
06/30/1991,877.369995,872.953979,,,0.0,,,0.0,4.416,,-210.270004,210.27,177.177002,33.092999,0.0,,,667.099991,-376.744995,77.294998,103.071999,63.027,133.350998,290.355011,-90.969998,,,0.468,,113.335999,112.811996,-0.72,1.244,-21.898001,199.385013,-63.860001,135.524994,0.0,,,135.525013,0.0,135.524994,-8.339,,127.185994,127.185994,,146.938995,0.87,0.87,0.87,146.938995,0.87,0.87,0.87,
09/30/1991,942.820007,938.067993,,,0.0,,,0.0,4.752,,-213.419998,213.419995,209.897995,3.522,0.0,,,729.400009,-383.421997,68.976997,103.143997,66.252998,145.048004,345.977997,-101.463999,,,0.327,,109.154999,108.762001,-0.504,0.897,-7.364,244.513998,-81.030998,163.483002,0.0,,,163.483,0.0,163.483002,-8.131,,155.352002,155.352002,,146.949005,1.06,1.06,1.06,146.949005,1.06,1.06,1.06,
12/31/1991,949.903015,941.270996,,,0.0,,,0.0,8.632,,-291.700989,291.700996,183.212997,108.487999,0.0,,,658.202026,-380.257996,76.938004,102.614998,43.035999,157.669006,277.944,-81.845997,,,0.315,,104.976997,104.592003,-0.431,0.816,-22.816,196.098003,-60.161999,135.936005,0.0,,,135.936004,0.0,135.936005,-8.018,,127.918005,127.918005,,148.718994,0.86,0.86,0.86,148.718994,0.86,0.86,0.86,
03/31/1992,895.827026,885.189026,,,0.0,,,0.0,10.638,,-203.240005,203.240004,172.397003,30.843,0.0,,,692.587021,-364.891998,65.796997,105.848,69.239998,124.007004,327.695007,-88.477999,,,0.234,,102.848999,102.390999,-0.497,0.955,-14.137,239.217008,-83.112,156.104996,0.0,,,156.105009,0.0,156.104996,-7.752,,148.352996,148.352996,,146.987,1.01,1.01,1.01,146.987,1.01,1.01,1.01,
06/30/1992,864.901978,858.643982,,,0.0,,,0.0,6.258,,-199.328003,199.328001,168.052002,31.275999,0.0,,,665.573975,-379.652008,72.678001,105.891998,63.622002,137.460007,285.921997,-87.156002,,,0.07,,102.081001,101.074997,-0.15,1.156,-14.855,198.765995,-72.991997,125.774002,0.0,,,125.773999,0.0,125.774002,-7.702,,118.072002,118.072002,,146.996002,0.8,0.8,0.8,146.996002,0.8,0.8,0.8,
09/30/1992,911.546021,908.038025,,,0.0,,,0.0,3.508,,-216.656998,216.656996,186.744995,29.912001,0.0,,,694.889023,-366.182007,61.743,105.957001,64.476997,134.005005,328.707001,-83.326002,,,0.235,,98.997002,98.664001,-0.499,0.832,-15.436,245.380999,-90.011002,155.369995,0.0,,,155.369997,0.0,155.369995,-7.599,,147.770995,147.770995,,147.001999,1.01,1.01,1.01,147.001999,1.01,1.01,1.01,
12/31/1992,885.867981,879.158997,,,0.0,,,0.0,6.709,,-211.246994,211.247002,177.177002,34.07,0.0,,,674.620987,-361.031006,62.584999,101.966003,54.672001,141.807999,313.589996,-97.680998,,,0.824,,92.377998,90.402,-0.25,2.226,6.127,215.908998,-65.111,150.798004,0.0,,,150.797998,0.0,150.798004,-7.445,,143.353004,143.353004,,147.787003,0.97,0.97,0.97,147.787003,0.97,0.97,0.97,
03/31/1993,874.846985,863.570007,,,0.0,,,0.0,11.277,,-203.201996,203.202003,175.048004,28.153999,0.0,,,671.644989,-373.80899,61.731998,110.316002,67.745003,134.016006,297.835999,-83.947003,,,0.375,,91.856003,91.735001,-0.385,0.506,-7.534,213.888996,-78.685997,135.203003,0.0,,,135.202999,0.0,135.203003,-8.143,,127.060003,127.060003,,147.020996,0.86,0.86,0.86,147.020996,0.86,0.86,0.86,
06/30/1993,835.171021,830.531006,,,0.0,,,0.0,4.64,,-201.156006,201.156006,182.199005,18.957001,0.0,,,634.015015,-388.29599,71.306999,108.580002,65.152,143.257004,245.718994,-80.935998,,,0.393,,89.725998,89.283997,-0.402,0.844,-8.397,164.782997,-62.118999,102.664001,0.0,,,102.663997,0.0,102.664001,-7.865,,94.799002,94.799002,,147.026993,0.64,0.64,0.64,147.026993,0.64,0.64,0.64,
09/30/1993,976.247986,972.268982,,,0.0,,,0.0,3.979,,-232.199005,232.199001,206.041,26.158001,0.0,,,744.048981,-396.112,57.900002,105.862,67.514999,164.835007,347.937012,-73.651997,,,0.489,,80.407997,78.677002,-0.501,2.232,-6.267,274.285015,-120.919998,153.365005,0.0,,,153.365017,0.0,153.365005,-7.415,,145.950006,145.950006,,147.033005,0.99,0.99,0.99,147.033005,0.99,0.99,0.99,
12/31/1993,868.945007,861.349976,,,0.0,,,0.0,7.595,,-205.317001,205.317006,186.839005,18.478001,0.0,,,663.628006,-413.70401,60.209999,107.753998,61.036999,184.703003,249.923996,-78.040998,,,0.798,,75.809998,74.612,-0.148,1.346,3.029,171.882998,-41.212002,130.671005,0.0,,,130.670996,0.0,130.671005,-7.414,,123.257005,123.257005,,147.042007,0.85,0.85,0.85,147.042007,0.85,0.85,0.85,
03/31/1994,899.588989,887.14502,,,0.0,,,0.0,12.444,,-238.835999,238.835999,195.029999,43.806,0.0,,,660.752991,-401.149994,56.171001,115.983002,69.314003,159.682007,259.602997,-76.230003,,,0.443,,77.245003,72.561996,-0.31,4.993,-0.572,183.372994,-70.502998,112.870003,0.0,,,112.869996,0.0,112.870003,-7.412,,105.458003,105.458003,,147.050003,0.72,0.72,0.72,147.050003,0.72,0.72,0.72,
06/30/1994,872.690002,867.588013,,,0.0,,,0.0,5.102,,-222.697998,222.698006,175.630005,47.068001,0.0,,,649.992004,-424.783997,66.634003,120.064003,71.239998,166.845993,225.207993,-74.457999,,,0.55,,75.960999,72.278999,-0.548,4.23,-0.953,150.749994,-63.466999,87.282997,0.0,,,87.282995,0.0,87.282997,-7.411,,79.871997,79.871997,,147.054001,0.54,0.54,0.54,147.054001,0.54,0.54,0.54,
09/30/1994,944.388977,941.117981,,,0.0,,,0.0,3.271,,-234.115005,234.115005,179.587006,54.528,0.0,,,710.273972,-433.125,65.177002,122.695999,59.323002,185.929001,277.148987,-76.511999,,,0.581,,73.056999,69.197998,-0.502,4.361,4.036,200.636988,-76.255997,124.380997,0.0,,,124.380991,0.0,124.380997,-7.409,,116.971997,116.971997,,145.669998,0.8,0.8,0.8,145.669998,0.8,0.8,0.8,
12/31/1994,802.672974,795.640991,,,0.0,,,0.0,7.032,,-140.513,140.513,140.513,,0.0,,,662.159974,-434.067993,74.427002,117.671997,55.997002,185.972,228.091995,-76.144996,,,0.11,,67.436996,68.141998,-0.705,,8.818,151.946999,-56.571999,95.375,0.0,,,95.375,0.0,95.375,-7.408,,87.967,87.967,,144.860001,0.61,0.61,0.61,144.860001,0.61,0.61,0.61,
03/31/1995,880.273987,870.387024,,,0.0,,,0.0,9.887,,-204.772003,204.772003,169.660004,35.112,0.0,,,675.501984,-399.286987,52.471001,125.043999,62.645,159.126999,276.214996,-84.743,,,0.315,,74.737,71.223,-0.387,3.901,10.321,191.471997,-77.982002,113.489998,0.0,,,113.489994,0.0,113.489998,-7.407,,106.082998,106.082998,,144.863998,0.73,0.73,0.73,144.863998,0.73,0.73,0.73,
06/30/1995,855.955017,851.213013,,,0.0,,,0.0,4.742,,-208.279007,208.278999,175.531998,32.747002,0.0,,,647.67601,-416.743988,59.903,124.629997,61.459,170.751999,230.932007,-74.462003,,,0.268,,72.634003,70.875,-0.554,2.313,2.096,156.470004,-64.914001,91.556,0.0,,,91.556003,0.0,91.556,-7.404,,84.152,84.152,,144.876007,0.58,0.58,0.58,144.876007,0.58,0.58,0.58,
09/30/1995,1032.28894,1029.041016,,,0.0,,,0.0,3.248,,-244.985992,244.986004,193.675003,51.311001,0.0,,,787.302948,-473.220001,66.405998,125.383003,64.352997,217.078003,314.083008,-77.897,,,0.369,,73.306,72.202003,-0.594,1.698,4.96,236.186008,-88.230003,147.955994,0.0,,,147.956005,0.0,147.955994,-6.544,,141.411994,141.411994,,144.906006,0.98,0.98,0.98,144.906006,0.98,0.98,0.98,
12/31/1995,867.026001,860.807983,,,0.0,,,0.0,6.218,,-191.487,191.487006,177.100006,14.387,0.0,,,675.539001,-467.76001,61.334999,125.554001,63.484001,217.386993,207.779007,-75.002997,,,0.456,,73.630997,72.611,-0.734,1.754,1.828,132.77601,-52.126999,80.649002,0.0,,,80.649011,0.0,80.649002,-6.382,,74.267002,74.267002,,145.119003,0.51,0.51,0.51,145.119003,0.51,0.51,0.51,
03/31/1996,909.578979,898.870972,,,0.0,,,0.0,10.708,,-199.162994,199.163008,175.667007,23.496,0.0,,,710.415985,-447.768005,73.611,132.011002,66.761002,175.384995,262.64801,-70.427996,,,0.388,,72.186996,71.315002,-0.702,1.574,-1.371,192.220014,-76.487,115.733002,0.0,,,115.733014,0.0,115.733002,-7.293,,108.440001,108.440001,,145.119995,0.75,0.75,0.75,145.119995,0.75,0.75,0.75,
06/30/1996,871.320984,865.757019,,,0.0,,,0.0,5.564,,-204.315994,204.315998,166.686996,37.629002,0.0,,,667.00499,-454.868011,78.689003,130.593002,62.993999,182.591995,212.136993,-74.570001,,,0.586,,71.637001,72.227997,-1.06,0.469,3.519,137.566992,-56.407001,81.160004,0.0,,,81.159991,0.0,81.160004,-2.907,,78.253004,78.253004,,145.119995,0.54,0.54,0.54,145.119995,0.54,0.54,0.54,
09/30/1996,977.333984,972.784973,,,0.0,,,0.0,4.549,,-226.565994,226.566006,184.766006,41.799999,0.0,,,750.76799,-594.275024,65.218002,131.959,65.918999,331.178986,156.492996,-70.972001,,,0.456,,72.470001,71.875,-0.826,1.421,-1.042,85.520995,-37.68,47.841,0.0,,,47.840995,0.0,47.841,-2.908,,44.933,44.933,,145.119995,0.31,0.31,0.31,145.119995,0.31,0.31,0.31,
12/31/1996,887.166016,879.04303,,,0.0,,,0.0,8.123,,-215.725006,215.724998,168.417999,47.306999,0.0,,,671.44101,-466.204987,60.266998,132.061996,64.019997,209.856003,205.235992,-74.195002,,,0.9,,71.940002,71.630997,-0.445,0.754,3.155,131.04099,-50.464001,80.577003,0.0,,,80.576989,0.0,80.577003,-2.907,,77.670003,77.670003,,145.119003,0.54,0.54,0.54,145.119003,0.54,0.54,0.54,
03/31/1997,868.604004,852.911987,,,0.0,,,0.0,15.692,,-198.496994,198.497005,152.462006,46.035,0.0,,,670.10701,-467.27301,69.632004,138.414001,68.853996,190.373001,202.834,-76.449998,,,0.223,,71.099998,70.552002,-0.291,0.839,5.573,126.384001,-52.477001,73.906998,0.0,,,73.907,0.0,73.906998,-2.907,,70.999998,70.999998,,145.108994,0.49,0.49,0.49,145.108994,0.49,0.49,0.49,
06/30/1997,892.338013,877.929993,,,0.0,,,0.0,14.408,,-196.908005,196.908001,157.942001,38.966,0.0,,,695.430008,-468.493011,65.098,137.598007,65.646004,200.151001,226.936996,-77.612,,,0.264,,72.152,70.073997,-0.344,2.422,5.724,149.324996,-61.527,87.797997,0.0,,,87.797996,0.0,87.797997,-2.908,,84.889997,84.889997,,145.100006,0.59,0.59,0.59,145.100006,0.59,0.59,0.59,
09/30/1997,1029.659058,985.166992,,,0.0,,,0.0,44.492001,,-228.044006,228.044003,178.804001,49.240002,0.0,,,801.615051,-512.273987,66.214996,130.520996,68.483002,247.054993,289.341003,-80.967001,,,0.263,,75.859001,73.467003,-0.344,2.736,5.371,208.374002,-73.529999,134.843994,0.0,,,134.844004,0.0,134.843994,-2.907,,131.936994,131.936994,,145.098007,0.91,0.91,0.91,145.098007,0.91,0.91,0.91,
12/31/1997,973.398987,940.991028,,,0.0,,,0.0,32.408001,,-213.550995,213.550995,213.550995,,0.0,,,759.847992,-477.959991,,253.466995,62.016998,162.475998,281.888,-79.971,,,,,77.889,72.886002,,5.003,2.082,201.917,-69.466003,132.451004,0.0,,,132.450997,0.0,132.451004,-3.278,,129.173004,129.173004,,145.097,0.89,0.89,0.89,145.097,0.89,0.89,0.89,
03/31/1998,945.0,901.0,,,0.0,,,0.0,44.0,,-208.0,208.0,208.0,,0.0,,,737.0,-504.0,,165.0,71.0,268.0,233.0,-74.0,,,,,74.0,74.0,,0.0,,159.0,-52.0,107.0,0.0,,,107.0,0.0,107.0,-3.0,,104.0,104.0,,145.0,0.72,0.72,0.72,145.0,0.72,0.72,0.72,
06/30/1998,1064.0,992.0,,,0.0,,,0.0,72.0,,-285.0,285.0,285.0,,0.0,,,779.0,-531.0,,162.0,69.0,300.0,248.0,-84.0,,,,,79.0,79.0,,0.0,5.0,164.0,-61.0,103.0,0.0,,,103.0,0.0,103.0,-2.0,,101.0,101.0,,145.0,0.69,0.69,0.69,145.0,0.69,0.69,0.69,
09/30/1998,1199.0,1105.0,,,0.0,,,0.0,94.0,,-359.0,359.0,359.0,,0.0,,,840.0,-574.0,,169.0,67.0,338.0,266.0,-87.0,,,,,83.0,83.0,,0.0,4.0,179.0,-46.0,133.0,0.0,,,133.0,0.0,133.0,-1.0,,132.0,132.0,,145.0,0.91,0.91,0.91,145.0,0.91,0.91,0.91,
12/31/1998,1013.0,904.0,,,0.0,,,0.0,109.0,,-169.0,169.0,169.0,,0.0,,,844.0,-654.0,,165.0,65.0,424.0,190.0,-89.0,,,,,83.0,83.0,,,6.0,101.0,5.0,106.0,0.0,,,106.0,0.0,106.0,,,106.0,106.0,,145.0,0.73,0.73,0.73,145.0,0.73,0.73,0.73,
03/31/1999,1024.0,911.0,,,0.0,,,0.0,113.0,,-231.0,231.0,231.0,,0.0,,,793.0,-578.0,,182.0,71.0,325.0,215.0,-86.0,,,,,83.0,83.0,,,3.0,129.0,-14.0,115.0,0.0,,,115.0,0.0,115.0,0.0,,115.0,115.0,,145.0,0.79,0.79,0.79,145.0,0.79,0.79,0.79,
06/30/1999,1150.0,1006.0,,,0.0,,,0.0,144.0,,-322.0,322.0,322.0,,0.0,,,828.0,-617.0,,182.0,71.0,364.0,211.0,-88.0,,,,,82.0,82.0,,0.0,6.0,123.0,-13.0,110.0,0.0,,,110.0,0.0,110.0,0.0,,110.0,110.0,,145.0,0.76,0.76,0.76,145.0,0.76,0.76,0.76,
09/30/1999,1440.0,1211.0,,,0.0,,,0.0,229.0,,-510.0,510.0,510.0,,0.0,,,930.0,-649.0,,183.0,69.0,397.0,281.0,-99.0,,,,,95.0,95.0,,0.0,4.0,182.0,-21.0,161.0,0.0,,,161.0,0.0,161.0,0.0,,161.0,161.0,,145.0,1.11,1.11,1.11,145.0,1.11,1.11,1.11,
12/31/1999,1114.0,919.0,,,0.0,,,0.0,195.0,,-272.0,272.0,272.0,,0.0,,,842.0,-648.0,,188.0,66.0,394.0,194.0,-85.0,,,,,77.0,24.0,,53.0,8.0,109.0,-12.0,97.0,0.0,,,97.0,0.0,97.0,,,97.0,97.0,,145.0,0.67,0.67,0.67,145.0,0.67,0.67,0.67,
03/31/2000,1182.0,949.0,,,0.0,,,0.0,233.0,,-344.0,344.0,344.0,,0.0,,,838.0,-623.0,,192.0,76.0,355.0,215.0,-85.0,,,,,83.0,83.0,,,2.0,130.0,-13.0,117.0,0.0,,,117.0,0.0,117.0,0.0,,117.0,117.0,,145.0,0.81,0.81,0.84,145.0,0.81,0.81,0.84,
06/30/2000,1428.0,1071.0,,,0.0,,,0.0,357.0,,-579.0,579.0,579.0,,0.0,,,849.0,-646.0,,186.0,74.0,386.0,203.0,-83.0,,,,,82.0,82.0,,0.0,1.0,120.0,-12.0,108.0,0.0,,,108.0,0.0,108.0,0.0,,108.0,108.0,,143.0,0.76,0.76,0.76,143.0,0.76,0.76,0.76,
09/30/2000,1547.0,1109.0,,,0.0,,,0.0,438.0,,-747.0,747.0,747.0,,0.0,,,800.0,-628.0,,202.0,74.0,352.0,172.0,-92.0,,,,,86.0,86.0,,0.0,6.0,80.0,24.0,104.0,0.0,,,104.0,0.0,104.0,0.0,,104.0,104.0,,143.0,0.73,0.73,0.85,143.0,0.73,0.73,0.85,
12/31/2000,,,,,,,,,,,,,,,,,,,,,,,,,-5.0,,,,,,,,,5.0,,,-5.0,,,,,,144.0,,,144.0,144.0,,143.0,0.97,0.97,0.97,143.0,1.94,1.94,0.97,
03/31/2001,1842.0,1024.0,,,0.0,,,0.0,818.0,,-948.0,948.0,948.0,,0.0,,,894.0,-650.0,,184.0,81.0,385.0,244.0,-90.0,,,,,91.0,91.0,,,-1.0,154.0,-19.0,135.0,-3.0,,,138.0,0.0,138.0,0.0,0.0,138.0,138.0,,142.0,0.98,0.96,0.96,142.0,0.97,0.95,0.95,
06/30/2001,1790.0,992.0,,,43.0,,,0.0,755.0,,-908.0,908.0,908.0,,0.0,,,882.0,-734.0,,188.0,77.0,469.0,148.0,-335.0,,,,,104.0,104.0,,0.0,231.0,-187.0,102.0,-85.0,0.0,,,-85.0,0.0,-85.0,-2.0,0.0,-87.0,-87.0,,145.0,-0.6,-0.6,0.48,145.0,-0.6,-0.6,0.48,
09/30/2001,1597.0,1475.0,,,145.0,,,0.0,-23.0,,-601.0,601.0,601.0,,0.0,,,996.0,-772.0,,227.0,74.0,471.0,224.0,-159.0,,,,,135.0,135.0,,,24.0,65.0,4.0,69.0,0.0,,,69.0,0.0,69.0,-6.0,0.0,63.0,63.0,,164.0,0.38,0.38,0.51,165.0,0.38,0.38,0.51,
12/31/2001,2136.0,,,,,,,,,,,,,,,,,,,,,,,2136.0,-14.0,,,,,,,,,14.0,2122.0,,2122.0,,,,,,2122.0,,,2122.0,2122.0,,161.7,1.35,1.35,1.35,162.3,1.34,1.34,1.34,
03/31/2002,1894.0,1894.0,,,,,,0.0,,,-727.0,727.0,727.0,,0.0,,,1167.0,-833.0,,189.0,93.0,551.0,334.0,-145.0,,,,,144.0,136.0,,8.0,1.0,189.0,3.0,192.0,-8.0,,,200.0,0.0,200.0,0.0,0.0,200.0,200.0,,160.725006,1.25,1.2,1.2,161.365005,1.24,1.19,1.19,
06/30/2002,1474.0,1474.0,,,,,,0.0,,,-403.0,403.0,403.0,,0.0,,,1071.0,-884.0,,180.0,81.0,623.0,187.0,-134.0,,,,,141.0,136.0,,5.0,-7.0,53.0,8.0,61.0,-7.0,,,68.0,0.0,68.0,0.0,0.0,68.0,68.0,,161.123993,0.42,0.38,0.38,162.072006,0.42,0.38,0.38,
09/30/2002,1615.0,1615.0,,,,,,0.0,,,-501.0,501.0,501.0,,0.0,,,1114.0,-864.0,,204.0,87.0,573.0,250.0,-136.0,,,,,141.0,135.0,,6.0,-5.0,114.0,25.0,139.0,-22.0,,,161.0,0.0,161.0,0.0,,161.0,161.0,,167.0,0.96,0.83,0.83,168.0,0.96,0.83,0.83,
12/31/2002,1746.0,1746.0,,,,,,0.0,,,-504.0,504.0,504.0,0.0,0.0,,,1242.0,-1065.0,0.0,169.0,96.0,800.0,177.0,-27.0,,,0.0,,144.0,138.0,0.0,6.0,-117.0,150.0,44.0,194.0,-9.0,,,203.0,0.0,203.0,0.0,0.0,203.0,203.0,,167.0,1.22,1.17,1.17,169.0,1.21,1.16,1.16,
03/31/2003,2095.0,2095.0,,,,,,0.0,,,-813.0,813.0,813.0,,0.0,,,1282.0,-1049.0,,197.0,97.0,755.0,233.0,-151.0,,,,,139.0,133.0,,6.0,12.0,82.0,26.0,108.0,-47.0,,,155.0,0.0,155.0,0.0,,155.0,155.0,,167.242004,0.92,0.65,1.07,167.957001,0.92,0.64,1.06,
06/30/2003,1600.0,1600.0,,,,,,0.0,,,-493.0,493.0,493.0,,0.0,,,1107.0,-1059.0,,180.0,87.0,792.0,48.0,-108.0,,,0.0,,138.0,138.0,0.0,0.0,-30.0,-60.0,-13.0,-73.0,2.0,,,-75.0,36.0,-39.0,0.0,0.0,-39.0,-39.0,,167.533997,-0.23,-0.22,0.48,167.903,-0.23,-0.22,0.48,
09/30/2003,1654.0,1654.0,,,,,,0.0,,,-452.0,452.0,452.0,,0.0,,,1202.0,-983.0,,170.0,71.0,742.0,219.0,-102.0,,,,,135.0,135.0,,0.0,-33.0,117.0,43.0,160.0,4.0,,,156.0,20.0,176.0,0.0,,176.0,176.0,,168.0,1.05,1.07,0.68,168.0,1.04,1.06,0.67,
12/31/2003,1692.0,1692.0,,,,,,0.0,,,-483.0,483.0,483.0,,0.0,,,1209.0,-1054.0,,140.0,79.0,835.0,155.0,-84.0,,,,,134.0,134.0,0.0,,-50.0,71.0,67.0,138.0,0.0,,,138.0,91.0,229.0,0.0,,229.0,229.0,,168.382004,1.36,1.36,0.94,168.382004,1.36,1.36,0.94,
03/31/2004,2093.0,886.0,,,729.0,,,,478.0,,-741.0,741.0,741.0,,,,,1352.0,-1035.0,,167.0,85.0,783.0,317.0,-75.0,,,,10.0,131.0,131.0,,,-46.0,242.0,-75.0,167.0,7.0,,,160.0,30.0,190.0,,,190.0,190.0,,170.0,1.12,1.16,0.9,170.0,1.11,1.15,0.89,
06/30/2004,1501.0,1501.0,,,,,,0.0,,,-377.0,377.0,377.0,,,,,1124.0,-1090.0,,179.0,60.0,851.0,34.0,-32.0,,,0.0,,129.0,129.0,0.0,0.0,-97.0,2.0,-18.0,-16.0,0.0,,,-16.0,51.0,35.0,0.0,0.0,35.0,35.0,,173.0,0.2,0.2,0.23,174.0,0.2,0.2,0.23,
09/30/2004,1586.0,958.0,,,160.0,,,0.0,468.0,,-316.0,316.0,316.0,,,,,1270.0,-1148.0,,190.0,86.0,872.0,122.0,-54.0,,,0.0,14.0,131.0,131.0,0.0,0.0,-63.0,68.0,-37.0,31.0,4.0,,,27.0,66.0,93.0,0.0,0.0,93.0,93.0,,173.0,0.54,0.56,0.43,174.2,0.54,0.56,0.43,
12/31/2004,1926.0,1926.0,,,,,,0.0,,,-573.0,573.0,573.0,,,,,1353.0,-1192.0,,208.0,81.0,903.0,161.0,-72.0,,,0.0,,127.0,127.0,0.0,0.0,-55.0,89.0,-36.0,53.0,5.0,,,48.0,65.0,113.0,0.0,0.0,113.0,113.0,,173.0,0.65,0.68,0.95,174.0,0.65,0.68,0.94,
03/31/2005,2309.0,990.0,,,852.0,,,,467.0,,-969.0,969.0,969.0,,,,,1340.0,-1192.0,,208.0,91.0,893.0,148.0,-37.0,,,,14.0,128.0,128.0,,,-77.0,111.0,-38.0,73.0,4.0,,,69.0,53.0,122.0,,,122.0,122.0,,174.0,0.7,0.72,0.88,175.0,0.7,0.72,0.88,
06/30/2005,1941.0,1035.0,,,267.0,,,,639.0,,-638.0,638.0,638.0,,,,,1303.0,-1232.0,,216.0,89.0,927.0,71.0,-101.0,,,,13.0,129.0,129.0,,,-15.0,-30.0,-5.0,-35.0,4.0,,,-39.0,68.0,29.0,,,29.0,29.0,,174.0,0.17,0.19,0.23,175.0,0.17,0.19,0.23,
09/30/2005,2060.0,1409.0,,,210.0,,,0.0,441.0,,-839.0,839.0,839.0,,,,,1221.0,-1278.0,,239.0,66.0,973.0,-57.0,8.0,,,0.0,15.0,129.0,129.0,0.0,0.0,-122.0,-49.0,-10.0,-59.0,25.0,,,-84.0,88.0,4.0,0.0,0.0,4.0,4.0,,176.0,0.17,0.17,0.03,176.6,0.17,0.17,0.03,
12/31/2005,2712.0,1028.0,,,809.0,,,0.0,875.0,,-1084.0,1084.0,1084.0,,,,,1628.0,-1224.0,,206.0,28.0,990.0,404.0,64.0,,,0.0,15.0,133.0,133.0,0.0,0.0,-182.0,468.0,-152.0,316.0,6.0,,,310.0,72.0,382.0,0.0,0.0,382.0,382.0,,176.0,2.14,2.18,2.14,177.4,2.14,2.18,2.14,
03/31/2006,2635.0,1050.0,,,877.0,,,,708.0,,-879.0,309.0,309.0,,635.0,,-65.0,1756.0,-1519.0,,225.0,92.0,1202.0,237.0,-114.0,,,,12.0,133.0,133.0,,,-7.0,123.0,-58.0,65.0,0.0,,,65.0,71.0,136.0,,,136.0,136.0,,177.0,0.77,0.76,0.96,178.0,0.76,0.76,0.96,
06/30/2006,1895.0,1175.0,,,234.0,,,,486.0,,-441.0,409.0,409.0,,93.0,,-61.0,1454.0,-1357.0,,221.0,83.0,1053.0,97.0,-246.0,,,,13.0,134.0,134.0,,,125.0,-149.0,8.0,-141.0,1.0,,,-142.0,109.0,-33.0,,,-33.0,-33.0,,177.0,-0.19,-0.18,-0.01,177.0,-0.19,-0.18,-0.01,
09/30/2006,2196.0,1460.0,,,172.0,,,,564.0,,-517.0,539.0,539.0,,58.0,,-80.0,1679.0,-1312.0,,355.0,74.0,883.0,367.0,-129.0,,,,9.0,123.0,123.0,,,15.0,238.0,-59.0,179.0,1.0,,,178.0,10.0,188.0,,,188.0,188.0,,177.0,1.06,1.07,1.44,178.0,1.06,1.07,1.44,
12/31/2006,2038.0,1052.0,,,566.0,,,0.0,420.0,,-602.0,309.0,309.0,,371.0,,-78.0,1436.0,-964.0,,212.0,68.0,155.0,295.0,-139.0,,,0.0,,135.0,135.0,0.0,0.0,4.0,156.0,-30.0,126.0,44.0,,,82.0,60.0,142.0,0.0,0.0,142.0,142.0,,177.0,0.8,0.71,0.77,178.0,0.8,0.71,0.77,
03/31/2007,2463.0,1094.0,,,874.0,,,0.0,495.0,,-942.0,354.0,354.0,,623.0,,-35.0,1521.0,-1241.0,,224.0,90.0,927.0,280.0,-132.0,,,0.0,6.0,137.0,137.0,0.0,0.0,1.0,148.0,-51.0,97.0,-38.0,,,135.0,-1.0,134.0,0.0,0.0,134.0,134.0,,176.0,0.76,0.54,0.63,177.0,0.76,0.54,0.63,
06/30/2007,1677.0,1210.0,,,311.0,,,0.0,156.0,,-495.0,402.0,402.0,,162.0,,-69.0,1182.0,-1349.0,,240.0,110.0,999.0,-167.0,759.0,,,0.0,9.0,134.0,134.0,0.0,0.0,-884.0,592.0,-243.0,349.0,-37.0,,,386.0,-1.0,385.0,0.0,0.0,385.0,385.0,,174.0,2.21,2.0,0.39,175.0,2.2,1.99,0.38,
09/30/2007,2128.0,1403.0,,,173.0,,,0.0,552.0,,-560.0,518.0,518.0,,59.0,,-17.0,1568.0,-1279.0,,248.0,76.0,955.0,289.0,-102.0,,,0.0,10.0,131.0,131.0,0.0,0.0,-19.0,187.0,-34.0,153.0,-45.0,,,198.0,-1.0,197.0,0.0,0.0,197.0,197.0,,165.0,1.2,0.93,0.83,166.0,1.19,0.92,0.82,
12/31/2007,2207.0,1193.0,,,517.0,,,0.0,497.0,,-747.0,412.0,412.0,,320.0,,15.0,1460.0,-911.0,,220.0,81.0,817.0,340.0,-112.0,,,0.0,0.0,131.0,131.0,0.0,0.0,-19.0,228.0,-36.0,192.0,-64.0,,,256.0,-1.0,255.0,0.0,0.0,255.0,255.0,,162.0,1.57,1.17,1.01,163.0,1.56,1.17,1.01,
03/31/2008,2570.0,1153.0,,,915.0,,,0.0,502.0,,-1266.0,1266.0,1266.0,,,,,1304.0,-875.0,,226.0,80.0,569.0,429.0,-112.0,,,0.0,4.0,124.0,124.0,0.0,0.0,-8.0,317.0,-116.0,201.0,-12.0,,,213.0,-1.0,212.0,0.0,0.0,212.0,212.0,,162.0,1.31,1.23,0.78,163.0,1.3,1.23,0.78,
06/30/2008,2251.0,1173.0,,,397.0,,,0.0,681.0,,-602.0,415.0,415.0,,216.0,,-29.0,1649.0,-1478.0,,216.0,78.0,1184.0,171.0,-123.0,,,0.0,4.0,122.0,122.0,0.0,0.0,5.0,48.0,-18.0,30.0,0.0,,,30.0,-2.0,28.0,0.0,0.0,28.0,28.0,,162.0,0.17,0.17,0.16,163.0,0.17,0.17,0.16,
09/30/2008,2338.0,1440.0,,,225.0,,,0.0,673.0,,-679.0,586.0,586.0,,105.0,,-12.0,1659.0,-1289.0,,235.0,71.0,983.0,370.0,-87.0,,,0.0,5.0,125.0,125.0,0.0,0.0,-33.0,283.0,-97.0,186.0,8.0,,,178.0,-1.0,177.0,0.0,0.0,177.0,177.0,,162.0,1.09,1.04,1.07,163.0,1.08,1.03,1.06,
12/31/2008,2170.0,1108.0,,,615.0,,,0.0,447.0,,-743.0,375.0,375.0,,403.0,,-35.0,1427.0,-912.0,,224.0,75.0,844.0,284.0,-113.0,,,0.0,6.0,132.0,132.0,0.0,0.0,-13.0,171.0,-57.0,114.0,-16.0,,,130.0,-1.0,129.0,0.0,0.0,129.0,129.0,,162.0,0.8,0.8,0.88,162.0,0.8,0.8,0.88,
03/31/2009,2255.0,1118.0,,,793.0,771.0,22.0,,344.0,,-844.0,853.0,853.0,,,,-9.0,1411.0,-1016.0,,232.0,80.0,704.0,395.0,-119.0,129.0,-3.0,,3.0,132.0,132.0,,,-10.0,276.0,-97.0,179.0,0.0,0.0,0.0,179.0,-1.0,178.0,0.0,0.0,178.0,175.0,-3.0,163.0,1.09,1.09,1.08362,163.0,1.09,1.09,1.081595,
06/30/2009,1688.0,1108.0,,,312.0,292.0,20.0,0.0,268.0,,-577.0,577.0,577.0,,,0.0,,1111.0,-896.0,,240.0,61.0,595.0,215.0,-104.0,131.0,-3.0,,3.0,134.0,134.0,,,-27.0,111.0,-27.0,84.0,0.0,0.0,0.0,84.0,-1.0,83.0,,0.0,83.0,83.0,0.0,164.0,0.51,0.51,0.51,164.0,0.51,0.51,0.51,
09/30/2009,1950.0,1289.0,,,209.0,190.0,19.0,0.0,452.0,,-461.0,469.0,469.0,,,0.0,-8.0,1489.0,-1157.0,,266.0,63.0,828.0,332.0,-112.0,132.0,-11.0,,11.0,143.0,143.0,,,-20.0,220.0,-69.0,151.0,0.0,0.0,0.0,151.0,,151.0,0.0,0.0,151.0,151.0,0.0,165.0,0.92,0.92,0.92,165.0,0.92,0.92,0.92,
12/31/2009,2121.0,1188.0,,,556.0,535.0,21.0,0.0,377.0,,-846.0,846.0,846.0,,,0.0,,1275.0,-968.0,,282.0,71.0,615.0,307.0,-132.0,134.0,-2.0,,2.0,136.0,136.0,,,-2.0,175.0,-54.0,121.0,0.0,0.0,0.0,121.0,-1.0,120.0,0.0,0.0,120.0,119.999987,-1.3e-05,165.0,0.72,0.72,0.727273,165.0,0.72,0.72,0.72,
03/31/2010,2453.0,1146.0,,,776.0,755.0,21.0,0.0,531.0,,-995.0,995.0,995.0,,,0.0,,1458.0,-986.0,,251.0,82.0,653.0,472.0,-126.0,137.0,-3.0,,3.0,140.0,140.0,,,-11.0,346.0,-116.0,230.0,0.0,0.0,0.0,230.0,-1.0,229.0,0.0,0.0,229.0,230.0,1.0,166.0,1.38,1.38,1.385542,166.0,1.38,1.38,1.385542,
06/30/2010,1792.0,1208.0,,,253.0,232.0,21.0,0.0,331.0,,-466.0,473.0,473.0,,,0.0,-7.0,1326.0,-1070.0,,253.0,80.0,737.0,256.0,-125.0,133.0,-3.0,,3.0,136.0,136.0,,,-8.0,131.0,-44.0,87.0,0.0,0.0,0.0,87.0,-1.0,86.0,0.0,0.0,86.0,64.0,-22.0,169.0,0.51,0.51,0.378698,169.0,0.51,0.51,0.378698,
09/30/2010,2139.0,1444.0,,,190.0,170.0,20.0,0.0,505.0,,-505.0,523.0,523.0,,,0.0,-18.0,1634.0,-1248.0,,271.0,69.0,908.0,386.0,-128.0,139.0,-3.0,,3.0,142.0,142.0,,,-11.0,258.0,-92.0,166.0,0.0,0.0,0.0,166.0,-3.0,163.0,0.0,0.0,163.0,164.0,1.0,169.0,0.97,0.97,0.970414,170.0,0.96,0.96,0.965882,
12/31/2010,2173.0,1195.0,,,512.0,491.0,21.0,0.0,466.0,,-824.0,824.0,824.0,,,0.0,,1349.0,-999.0,,252.0,77.0,670.0,350.0,-135.0,128.0,-3.0,,3.0,131.0,131.0,,,7.0,215.0,-59.0,156.0,0.0,0.0,0.0,156.0,-4.0,152.0,0.0,0.0,152.0,142.0,-10.0,169.0,0.9,0.9,0.840237,170.0,0.9,0.9,0.840237,
03/31/2011,2431.0,1193.0,,,714.0,689.0,25.0,0.0,524.0,,-1071.0,1071.0,1071.0,,,0.0,,1360.0,-970.0,,245.0,83.0,642.0,390.0,-109.0,123.0,-3.0,,3.0,126.0,126.0,,,-14.0,281.0,-103.0,178.0,0.0,0.0,0.0,178.0,-2.0,176.0,0.0,0.0,176.0,187.0,11.0,169.0,1.04,1.04,1.106509,170.0,1.04,1.04,1.104706,
06/30/2011,2028.0,1240.0,,,265.0,242.0,23.0,0.0,523.0,,-771.0,771.0,771.0,,,0.0,,1257.0,-969.0,,248.0,77.0,644.0,288.0,-112.0,122.0,-2.0,,2.0,124.0,124.0,,,-10.0,176.0,24.0,200.0,0.0,0.0,0.0,200.0,2.0,202.0,0.0,0.0,202.0,117.0,-85.0,169.0,1.19,1.19,0.692308,170.0,1.19,1.19,0.69,
09/30/2011,2265.0,1517.0,,,180.0,159.0,21.0,0.0,568.0,,-866.0,866.0,866.0,,,0.0,,1399.0,-1000.0,,259.0,79.0,662.0,399.0,-113.0,117.0,-3.0,,3.0,120.0,120.0,,,-4.0,286.0,-101.0,185.0,0.0,0.0,0.0,185.0,-2.0,183.0,0.0,0.0,183.0,175.0,-8.0,169.0,1.08,1.08,1.035503,170.0,1.07,1.07,1.022941,
12/31/2011,2163.0,1204.0,,,437.0,415.0,22.0,0.0,522.0,,-829.0,829.0,829.0,,,0.0,,1334.0,-988.0,,238.0,73.0,677.0,346.0,-101.0,121.0,-2.0,,2.0,123.0,123.0,,,-20.0,245.0,-87.0,158.0,1.0,1.0,0.0,157.0,-7.0,150.0,0.0,0.0,150.0,153.0,2.0,169.0,0.88,0.88,0.905325,170.0,0.88,0.88,0.891765,
03/31/2012,2239.0,1198.0,,,534.0,509.0,25.0,0.0,507.0,,-889.0,889.0,889.0,,,0.0,,1350.0,-1038.0,,227.0,95.0,716.0,312.0,-81.0,111.0,-2.0,,2.0,113.0,113.0,,,-30.0,231.0,-73.0,158.0,0.0,0.0,0.0,158.0,-2.0,156.0,0.0,0.0,156.0,151.0,-5.0,170.0,0.91,0.91,0.888235,170.0,0.91,0.91,0.880588,
06/30/2012,2013.0,1290.0,,,241.0,214.0,27.0,0.0,482.0,,-697.0,697.0,697.0,,,0.0,,1316.0,-1022.0,,244.0,79.0,699.0,294.0,-76.0,106.0,-3.0,,3.0,109.0,109.0,,,-30.0,218.0,-70.0,148.0,1.0,1.0,0.0,147.0,-1.0,146.0,0.0,0.0,146.0,143.0,-4.0,170.0,0.86,0.87,0.841176,171.0,0.86,0.87,0.841176,
09/30/2012,2190.0,1543.0,,,181.0,160.0,21.0,0.0,466.0,,-761.0,761.0,761.0,,,0.0,,1429.0,-1023.0,,259.0,78.0,686.0,406.0,-69.0,107.0,-2.0,,2.0,109.0,109.0,,,-38.0,337.0,-108.0,229.0,-1.0,-1.0,0.0,230.0,-3.0,227.0,,0.0,227.0,225.0,-1.0,172.0,1.32,1.31,1.30814,172.0,1.31,1.3,1.294186,
12/31/2012,2349.0,1262.0,,,417.0,432.0,-15.0,0.0,670.0,,-949.0,949.0,949.0,,,0.0,,1400.0,-1133.0,,265.0,80.0,788.0,267.0,-93.0,107.0,-3.0,,3.0,110.0,110.0,,,-14.0,174.0,-35.0,139.0,56.0,56.0,0.0,83.0,-2.0,81.0,0.0,0.0,81.0,147.0,10.0,172.0,0.47,0.79,0.854651,173.0,0.47,0.79,0.847803,
03/31/2013,2516.0,1219.0,,,631.0,604.0,27.0,0.0,666.0,,-1024.0,1024.0,1024.0,,,0.0,,1492.0,-1082.0,,259.0,94.0,729.0,410.0,-70.0,107.0,-2.0,,2.0,109.0,109.0,,,-37.0,340.0,-105.0,235.0,0.0,0.0,0.0,235.0,-1.0,234.0,0.0,0.0,234.0,228.0,-6.0,173.0,1.35,1.35,1.317919,173.0,1.34,1.34,1.305318,
06/30/2013,2225.0,1265.0,,,279.0,248.0,31.0,0.0,681.0,,-940.0,940.0,940.0,,,0.0,,1285.0,-1062.0,,268.0,84.0,710.0,223.0,-72.0,109.0,-3.0,,3.0,112.0,112.0,,,-37.0,151.0,-44.0,107.0,0.0,0.0,0.0,107.0,-2.0,105.0,0.0,0.0,105.0,114.0,9.0,174.0,0.6,0.6,0.655172,175.0,0.6,0.6,0.651429,
09/30/2013,2387.0,1458.0,,,195.0,161.0,34.0,0.0,734.0,,-967.0,967.0,967.0,,,0.0,,1420.0,-1091.0,,284.0,84.0,723.0,329.0,-53.0,104.0,-2.0,,2.0,106.0,106.0,,,-51.0,276.0,-76.0,200.0,0.0,0.0,0.0,200.0,-2.0,198.0,0.0,0.0,198.0,193.0,-5.0,175.0,1.13,1.13,1.102857,176.0,1.13,1.13,1.101591,
12/31/2013,2533.0,1257.0,,,501.0,461.0,40.0,0.0,775.0,,-1124.0,1124.0,1124.0,,,0.0,,1409.0,-1168.0,,283.0,78.0,807.0,241.0,-86.0,107.0,-2.0,,2.0,109.0,109.0,,,-21.0,155.0,-29.0,126.0,0.0,0.0,0.0,126.0,-2.0,124.0,0.0,0.0,124.0,176.0,52.0,177.0,0.7,0.7,0.99435,177.0,0.7,0.7,0.993785,
03/31/2014,3930.0,1412.0,,,856.0,804.0,52.0,0.0,1889.0,-227.0,-2155.0,2155.0,2155.0,,,0.0,,1775.0,-1215.0,,280.0,95.0,840.0,560.0,-75.0,108.0,-2.0,,2.0,110.0,110.0,,,-33.0,485.0,-158.0,327.0,0.0,0.0,0.0,327.0,-1.0,326.0,0.0,0.0,326.0,325.0,-1.0,177.0,1.84,1.84,1.836158,177.0,1.84,1.84,1.83435,
06/30/2014,2698.0,1279.0,,,274.0,229.0,45.0,0.0,1343.0,-198.0,-1276.0,1276.0,1276.0,,,0.0,,1422.0,-1173.0,,282.0,87.0,804.0,249.0,-73.0,103.0,-3.0,,3.0,106.0,106.0,,,-30.0,176.0,-50.0,126.0,0.0,0.0,0.0,126.0,-2.0,124.0,0.0,0.0,124.0,117.0,-7.0,177.0,0.7,0.7,0.661017,177.0,0.7,0.7,0.660452,
09/30/2014,2595.0,1358.0,,,198.0,149.0,49.0,0.0,1039.0,,-1119.0,1119.0,1119.0,,,0.0,,1476.0,-1237.0,,293.0,86.0,858.0,239.0,-61.0,105.0,-2.0,,2.0,107.0,107.0,,,-44.0,178.0,-21.0,157.0,0.0,0.0,0.0,157.0,-1.0,156.0,0.0,0.0,156.0,154.0,-2.0,177.0,0.88,0.88,0.870056,177.0,0.88,0.88,0.868701,
12/31/2014,3078.0,1152.91,,,411.153,349.768,61.385,0.0,1513.937,,-1329.0,1329.0,1329.0,,,0.0,,1749.0,-1207.0,,290.0,84.0,833.0,542.0,-106.0,103.0,-3.0,,3.0,106.0,106.0,,,3.0,436.0,-135.0,301.0,0.0,0.0,0.0,301.0,-2.0,299.0,0.0,0.0,299.0,297.0,-2.0,177.0,1.68,1.68,1.677966,177.0,1.68,1.68,1.668701,
03/31/2015,2984.0,1136.01,,,618.287,528.904,89.383,0.0,1229.703,,-1398.0,1398.0,1398.0,,,0.0,,1586.0,-1125.0,,209.0,100.0,816.0,461.0,-65.0,106.0,-4.0,,4.0,110.0,110.0,,,-41.0,396.0,-122.0,274.0,0.0,0.0,0.0,274.0,-1.0,273.0,0.0,0.0,273.0,297.5,24.5,178.0,1.53,1.53,1.671348,178.0,1.53,1.53,1.66764,
06/30/2015,2268.0,1085.964,,,184.895,145.103,39.792,0.0,997.141,,-942.0,942.0,942.0,,,0.0,,1326.0,-1122.0,,220.0,91.0,811.0,204.0,-73.0,113.0,-2.0,,2.0,115.0,115.0,,,-40.0,131.0,-26.0,105.0,0.0,0.0,0.0,105.0,4.0,109.0,0.0,0.0,109.0,155.0,46.0,179.0,0.61,0.61,0.865922,179.0,0.61,0.61,0.865922,
09/30/2015,2598.0,1386.0,,,214.0,153.0,61.0,0.0,998.0,,-1328.0,1328.0,1328.0,,,0.0,,1270.0,-830.0,,196.0,91.0,543.0,440.0,-74.0,112.0,-4.0,,4.0,116.0,116.0,,,-38.0,366.0,-102.0,264.0,0.0,0.0,0.0,264.0,1.0,265.0,0.0,0.0,265.0,253.0,-12.0,179.0,1.47,1.47,1.413408,180.0,1.47,1.47,1.403333,
12/31/2015,2487.0,1164.0,,,426.0,358.0,68.0,0.0,897.0,,-1329.0,1329.0,1329.0,,,0.0,,1158.0,-1024.0,,227.0,82.0,715.0,134.0,-77.0,106.0,-3.0,,3.0,109.0,109.0,,,-29.0,57.0,20.0,77.0,0.0,0.0,0.0,77.0,3.0,80.0,0.0,0.0,80.0,180.0,100.0,179.0,0.45,0.45,1.005587,180.0,0.45,0.45,1.005556,
03/31/2016,2566.0,1153.0,,,587.0,520.0,67.0,0.0,826.0,,-1341.0,1341.0,1341.0,,,0.0,,1225.0,-844.0,,229.0,99.0,516.0,381.0,-58.0,102.0,-11.0,,11.0,113.0,113.0,,,-44.0,323.0,-83.0,240.0,0.0,0.0,0.0,240.0,7.0,247.0,0.0,0.0,247.0,274.0,27.0,179.0,1.38,1.38,1.530726,180.0,1.37,1.37,1.52,
06/30/2016,2262.0,1215.0,,,300.0,231.0,69.0,0.0,747.0,,-1131.0,1131.0,1131.0,,,0.0,,1131.0,-875.0,,243.0,91.0,541.0,256.0,-61.0,111.0,-3.0,,3.0,114.0,114.0,,,-50.0,195.0,-50.0,145.0,0.0,0.0,0.0,145.0,7.0,152.0,0.0,0.0,152.0,176.35,24.35,179.0,0.84,0.84,0.98,180.0,0.84,0.84,0.98,
09/30/2016,2928.0,1608.0,,,223.0,160.0,63.0,0.0,1097.0,,-1537.0,1537.0,1537.0,,,0.0,,1391.0,-884.0,,230.0,92.0,562.0,507.0,-72.0,111.0,-3.0,,3.0,114.0,114.0,,,-39.0,435.0,-110.0,325.0,0.0,0.0,0.0,325.0,13.0,338.0,0.0,0.0,338.0,353.0,15.0,179.0,1.88,1.88,1.972067,180.0,1.88,1.88,1.963333,
12/31/2016,2874.0,1249.0,,,516.0,413.0,103.0,0.0,1109.0,,-1521.0,1067.0,1067.0,,,0.0,,1353.0,-1052.0,,274.0,88.0,690.0,301.0,-149.0,128.0,-3.0,,3.0,131.0,131.0,,,21.0,152.0,-28.0,124.0,0.0,0.0,0.0,124.0,7.0,131.0,0.0,0.0,131.0,152.0,21.0,179.0,0.731844,0.731844,0.849162,179.0,0.731844,0.731844,0.849162,
03/31/2017,3236.0,1175.0,,,662.0,557.0,105.0,0.0,1399.0,,-1709.0,1709.0,1709.0,,,0.0,,1527.0,-958.0,,249.0,109.0,600.0,569.0,-65.0,122.0,-3.0,,3.0,125.0,125.0,,,-57.0,504.0,-110.0,394.0,0.0,0.0,0.0,394.0,6.0,400.0,0.0,0.0,400.0,322.0,-78.0,179.0,2.23,2.23,1.798883,179.0,2.23,2.23,1.794246,
06/30/2017,2855.0,1218.0,,,333.0,220.0,113.0,0.0,1304.0,,-1644.0,1644.0,1644.0,,,0.0,,1211.0,-891.0,,249.0,97.0,545.0,320.0,-88.0,131.0,-2.0,,2.0,133.0,133.0,,,-43.0,232.0,-57.0,175.0,0.0,0.0,0.0,175.0,2.0,177.0,0.0,0.0,177.0,194.0,17.0,179.0,0.99,0.99,1.083799,179.0,0.99,0.99,1.083799,
09/30/2017,3245.0,1434.0,,,267.0,152.0,115.0,0.0,1544.0,,-1906.0,1906.0,1906.0,,,0.0,,1339.0,-905.0,,258.0,91.0,556.0,434.0,-97.0,142.0,-4.0,,4.0,146.0,146.0,,,-45.0,337.0,-74.0,263.0,0.0,0.0,0.0,263.0,7.0,270.0,0.0,0.0,270.0,265.0,-5.0,179.0,1.51,1.51,1.480447,179.0,1.51,1.51,1.480447,
12/31/2017,3271.0,1275.0,,,579.0,459.0,120.0,0.0,1417.0,,-1905.0,1462.0,1462.0,,,0.0,,1366.0,-1059.0,,274.0,94.0,691.0,307.0,-93.0,129.0,-3.0,,3.0,132.0,132.0,,,-36.0,214.0,66.0,280.0,0.0,0.0,0.0,280.0,7.0,287.0,0.0,0.0,287.0,271.0,-16.0,179.0,1.603352,1.603352,1.513966,179.0,1.603352,1.603352,1.513966,
03/31/2018,3753.0,1205.0,,,669.0,550.0,119.0,0.0,1879.0,,-2326.0,2326.0,2326.0,,,0.0,,1427.0,-923.0,,281.0,111.0,531.0,504.0,-85.0,132.0,-3.0,,3.0,135.0,135.0,,,-47.0,419.0,-68.0,351.0,0.0,0.0,0.0,351.0,10.0,361.0,0.0,0.0,361.0,328.63,-32.37,180.0,2.01,2.01,1.825722,180.0,2.0,2.0,1.820167,
06/30/2018,3159.0,1276.0,,,377.0,255.0,122.0,0.0,1506.0,,-1877.0,1877.0,1877.0,,,0.0,,1282.0,-953.0,,272.0,97.0,584.0,329.0,-74.0,132.0,-3.0,,3.0,135.0,135.0,,,-58.0,255.0,-19.0,236.0,0.0,0.0,0.0,236.0,-2.0,234.0,0.0,0.0,234.0,247.79,13.79,181.0,1.29,1.29,1.369006,181.0,1.29,1.29,1.366188,
09/30/2018,3550.0,1521.0,,,286.0,164.0,122.0,0.0,1743.0,,-2135.0,2135.0,2135.0,,,0.0,,1415.0,-986.0,,273.0,99.0,614.0,429.0,-60.0,139.0,-3.0,,3.0,142.0,142.0,,,-79.0,369.0,-34.0,335.0,0.0,0.0,0.0,335.0,-1.0,334.0,0.0,0.0,334.0,391.58,57.58,182.0,1.84,1.84,2.151538,182.0,1.84,1.84,2.151538,
12/31/2018,3750.0,1296.0,,,589.0,467.0,122.0,0.0,1865.0,,-2273.0,1827.0,1827.0,,,0.0,,1477.0,-1145.0,,298.0,98.0,749.0,332.0,-159.0,144.0,-3.0,,3.0,147.0,147.0,,,15.0,173.0,23.0,196.0,0.0,0.0,0.0,196.0,-5.0,191.0,0.0,0.0,191.0,180.01,-10.99,181.0,1.055249,1.055249,0.99453,181.0,1.055249,1.055249,0.99453,
03/31/2019,3514.0,1235.0,1235.0,,761.0,645.0,116.0,0.0,1518.0,,-1967.0,1967.0,1967.0,,,0.0,,1547.0,-1005.0,,296.0,118.0,591.0,542.0,-80.0,148.0,-4.0,,4.0,152.0,152.0,,,-68.0,462.0,-54.0,408.0,0.0,0.0,0.0,408.0,-7.0,401.0,0.0,0.0,401.0,374.0,-27.0,182.0,2.2,2.2,2.054945,183.0,2.19,2.19,2.042459,
06/30/2019,2888.0,1190.0,,,364.0,243.0,121.0,0.0,1334.0,,-1618.0,1618.0,1618.0,,,0.0,,1270.0,-970.0,,305.0,92.0,573.0,300.0,-100.0,151.0,-3.0,,3.0,154.0,154.0,,,-51.0,200.0,-21.0,179.0,0.0,0.0,0.0,179.0,3.0,182.0,0.0,0.0,182.0,193.27,11.27,183.0,0.99,0.99,1.05612,184.0,0.99,0.99,1.05125,
09/30/2019,3119.0,1520.0,,,281.0,155.0,126.0,0.0,1318.0,,-1657.0,1657.0,1657.0,,,0.0,,1462.0,-1012.0,,322.0,101.0,589.0,450.0,-86.0,158.0,-4.0,,4.0,162.0,162.0,,,-72.0,364.0,-47.0,317.0,0.0,0.0,0.0,317.0,2.0,319.0,0.0,0.0,319.0,351.79,32.79,183.0,1.74,1.74,1.92235,184.0,1.73,1.73,1.908207,
12/31/2019,3148.0,1284.0,,,577.0,439.0,138.0,0.0,1287.0,,-1609.0,1182.0,1182.0,,,0.0,,1539.0,-1124.0,,340.0,103.0,681.0,415.0,-117.0,167.0,-6.0,,6.0,173.0,173.0,,,-50.0,298.0,-30.0,268.0,0.0,0.0,0.0,268.0,-1.0,267.0,0.0,0.0,267.0,246.94,-20.06,191.0,1.397906,1.397906,1.29288,191.0,1.397906,1.397906,1.291204,
03/31/2020,3022.0,1216.0,1212.0,4.0,710.0,540.0,170.0,0.0,1096.0,,-1435.0,1435.0,1435.0,,,0.0,,1587.0,-1041.0,,353.0,119.0,569.0,546.0,-155.0,165.0,-10.0,,10.0,175.0,175.0,,,-10.0,391.0,-49.0,342.0,0.0,0.0,0.0,342.0,-2.0,340.0,0.0,0.0,340.0,312.1,-27.9,192.0,1.77,1.77,1.625521,192.0,1.76,1.76,1.614688,
06/30/2020,2583.0,1312.0,1309.0,3.0,423.0,251.0,172.0,0.0,848.0,,-1163.0,1163.0,1163.0,,,0.0,,1420.0,-1053.0,,350.0,84.0,619.0,367.0,-84.0,173.0,-6.0,,6.0,179.0,179.0,,,-89.0,283.0,-6.0,277.0,0.0,0.0,0.0,277.0,0.0,277.0,0.0,0.0,277.0,326.45,49.45,192.0,1.44,1.44,1.70026,193.0,1.44,1.44,1.696218,
