Date,Revenue,Revenue From Electric,Regulated Electric Revenue,Unregulated Electric Revenue,Revenue from Gas,Regulated Gas Revenue,Unregulated Gas Revenue,Revenue from Water,Other Revenue,Intracompany Revenue,Cost of Revenue,Fuel & Purchased Power Cost,Fuel Cost,Purchased Power Cost,Purchased Gas & Water Cost,Purchased Gas Cost,Other Cost of Revenue,Intracompany Cost,Gross Profit,Operating Expenses,Maintenance Expenses,Depreciation Expenses,Taxes Other Than Income,Other Operating Expense,Operating Income (Loss),Non-Operating (Income) Loss,"Interest Expense, Net",AFUDC - Equity,Interest Expense,Interest Expenses on Bonds,AFUDC - Debts,Other Interest Expenses,Other Non-Op (Income) Loss,Pretax Income,Income Tax Expense (Benefit),(Income) Loss from Affiliates,Income (Loss) from Cont Ops,Net Extraordinary Losses (Gains),Discontinued Operations,XO & Accounting Changes,Income (Loss) Incl. MI,Minority Interest,"Net Income, GAAP",Preferred Dividends,Other Adjustments,"Net Income Avail to Common, GAAP","Net Income Avail to Common, Adj",Net Abnormal Losses (Gains),Basic Weighted Avg Shares,"Basic EPS, GAAP",Basic EPS from Cont Ops,"Basic EPS from Cont Ops, Adjusted",Diluted Weighted Avg Shares,"Diluted EPS, GAAP",Diluted EPS from Cont Ops,"Diluted EPS from Cont Ops, Adjusted",Source: Bloomberg
03/31/1990,855.416016,855.416016,,,0.0,,,0.0,0.0,,-283.936005,283.936005,148.337997,135.598007,0.0,,,,571.480011,-365.522003,89.096001,101.237,49.424,125.764999,205.957993,-17.056997,,18.457001,59.994999,62.368999,-6.733,4.359,-24.481001,188.900995,-61.855999,,127.044998,0.0,,,127.044996,0.0,127.044998,-12.961,,114.083998,114.083998,,135.04265,0.8475,0.8475,0.8475,135.04265,0.8475,0.8475,0.8475,
06/30/1990,870.315002,870.315002,,,0.0,,,0.0,0.0,,-288.416992,288.416992,156.238998,132.177994,0.0,,,,581.89801,-388.725006,103.350998,101.095001,46.783001,137.496002,193.173004,-23.008999,,19.256001,62.556999,65.286003,-7.025,4.296,-20.292,170.164005,-53.228001,,116.935997,0.0,,,116.936005,0.0,116.935997,-12.979,,103.956997,103.956997,,135.043983,0.765,0.765,0.765,135.043983,0.765,0.765,0.765,
09/30/1990,1105.022949,1105.022949,,,0.0,,,0.0,0.0,,-343.523987,343.524002,207.975006,135.548996,0.0,,,,761.498962,-391.428986,91.370003,101.108002,52.931999,146.018997,370.070007,-44.680002,,20.628,64.038002,66.458,-8.227,5.807,1.27,325.390006,-111.625,,213.764999,0.0,,,213.765006,0.0,213.764999,-12.863,,200.901999,200.901999,,135.047991,1.485,1.485,1.485,135.047991,1.485,1.485,1.485,
12/31/1990,850.713013,850.713013,,,0.0,,,0.0,0.0,,-285.790985,285.791,147.746002,138.044998,0.0,,,,564.922028,-425.627991,120.014,102.321999,47.948002,155.343994,139.294006,-33.203004,,20.834999,64.745003,66.220001,-8.309,6.834,-10.707,106.091002,-25.649,,80.442001,0.0,,,80.442002,0.0,80.442001,-13.813,,66.629002,66.629002,,135.05265,0.495,0.495,0.495,135.05265,0.495,0.495,0.495,
03/31/1991,886.638,886.638,,,0.0,,,0.0,0.0,,-265.718994,265.719009,133.964005,131.755005,0.0,,,,620.919006,-385.651001,88.262001,105.039001,50.273998,142.076004,235.268005,-32.764999,,21.040001,64.791,66.697998,-8.146,6.239,-10.986,202.503006,-65.103996,,137.399002,0.0,,,137.39901,0.0,137.399002,-14.009,,123.390002,123.390002,,135.057319,0.915,0.915,0.915,135.057319,0.915,0.915,0.915,
06/30/1991,893.638,893.638,,,0.0,,,0.0,0.0,,-288.084991,288.084999,161.742996,126.342003,0.0,,,,605.553009,-379.294006,77.363998,106.265999,49.903,145.761002,226.259003,-24.250999,,16.882,66.43,69.170998,-6.536,3.795,-25.297001,202.008003,-63.613998,,138.393997,0.0,,,138.394005,0.0,138.393997,-13.729,,124.664997,124.664997,,135.203315,0.915,0.915,0.915,135.203315,0.915,0.915,0.915,
09/30/1991,1096.416016,1096.416016,,,0.0,,,0.0,0.0,,-329.889008,329.888992,191.274994,138.613998,0.0,,,,766.527008,-408.641998,87.166,106.554001,55.988998,158.932999,357.88501,-33.235999,,7.614,71.307999,69.178001,-2.799,4.929,-30.458,324.649011,-116.842003,,207.807007,0.0,,,207.807008,0.0,207.807007,-13.523,,194.284007,194.284007,,135.81799,1.44,1.44,1.44,135.81799,1.44,1.44,1.44,
12/31/1991,940.268005,940.268005,,,0.0,,,0.0,0.0,,-319.872009,319.871994,170.742996,149.128998,0.0,,,,620.395996,-439.524994,101.887001,113.764999,48.521999,175.350998,180.871002,-30.264995,,5.168,71.575996,69.614998,-1.91,3.871,-36.143002,150.606008,-50.583,,100.023003,0.0,,,100.023007,0.0,100.023003,-13.422,,86.601003,86.601003,,136.403988,0.63,0.63,0.63,136.403988,0.63,0.63,0.63,
03/31/1992,981.330017,981.330017,,,0.0,,,0.0,0.0,,-309.007996,309.008011,164.779007,144.229004,0.0,,,,672.322021,-450.210999,102.558998,123.962997,54.508999,169.179993,222.110992,-51.594997,,2.81,72.005997,69.355003,-1.103,3.754,-17.601,170.515996,-64.151001,,106.364998,0.0,,,106.364995,0.0,106.364998,-13.32,,93.044998,93.044998,,136.467984,0.675,0.675,0.675,136.467984,0.675,0.675,0.675,
06/30/1992,899.31897,899.31897,,,0.0,,,0.0,0.0,,-275.225006,275.225006,140.393005,134.832001,0.0,,,,624.093964,-422.643005,99.611,123.282997,52.217999,147.531006,201.451004,-62.082001,,4.051,76.581001,65.457001,-1.589,12.713,-10.448,139.369003,-52.431,,86.938004,0.0,,,86.938003,0.0,86.938004,-14.361,,72.577003,72.577003,,136.571316,0.54,0.54,0.54,136.571316,0.54,0.54,0.54,
09/30/1992,1139.525024,1139.525024,,,0.0,,,0.0,0.0,,-350.071014,350.070999,216.757996,133.313004,0.0,,,,789.45401,-434.395996,92.310997,123.257004,58.112,160.716003,355.058014,-51.839002,,4.391,85.803001,66.160004,-1.565,21.208,-29.573,303.219012,-112.699997,,190.518997,0.0,,,190.519015,0.0,190.518997,-15.297,,175.221997,175.221997,,136.572649,1.275,1.275,1.275,136.572649,1.275,1.275,1.275,
12/31/1992,941.309998,941.309998,,,0.0,,,0.0,0.0,,-266.128998,266.128997,137.662994,128.466003,0.0,,,,675.181,-439.472992,108.681,120.835999,50.653999,159.302002,235.707993,-37.410996,,4.224,67.228996,64.674004,-1.506,4.061,-25.594,198.296997,-74.036003,,124.261002,0.0,,,124.260994,0.0,124.261002,-13.429,,110.832002,110.832002,,136.545986,0.825,0.825,0.825,136.545986,0.825,0.825,0.825,
03/31/1993,1007.78302,1007.78302,,,0.0,,,0.0,0.0,,-292.987,292.987007,168.171005,124.816002,0.0,,,,714.796021,-440.145996,91.345001,127.827003,57.597,163.376999,274.649994,-45.511998,,3.644,67.348999,66.887001,-2.556,3.018,-18.193001,229.137996,-87.454002,,141.684006,0.0,,,141.683993,0.0,141.684006,-13.386,,128.298006,128.298006,,136.572649,0.945,0.945,0.945,136.572649,0.945,0.945,0.945,
06/30/1993,987.218018,987.218018,,,0.0,,,0.0,0.0,,-298.679993,298.680008,161.630005,137.050003,0.0,,,,688.538025,-444.688995,93.931999,125.291,54.970001,170.496002,243.848999,-42.989002,,4.909,63.595001,63.771,-3.044,2.868,-15.697,200.859997,-78.389999,,122.470001,0.0,,,122.469998,0.0,122.470001,-13.542,,108.928001,108.928001,,136.572649,0.795,0.795,0.795,136.572649,0.795,0.795,0.795,
09/30/1993,1289.994019,1289.994019,,,0.0,,,0.0,0.0,,-380.032013,380.031998,233.151993,146.880005,0.0,,,,909.962006,-467.792999,100.338997,126.223999,61.487999,179.742004,442.169006,-38.840003,,2.884,67.274002,64.827003,-1.417,3.864,-25.549999,403.329004,-161.919998,,241.408997,0.0,,,241.409005,0.0,241.408997,-12.551,,228.857997,228.857997,,136.572649,1.68,1.68,1.68,136.572649,1.68,1.68,1.68,
12/31/1993,996.880981,996.880981,,,0.0,,,0.0,0.0,,-295.579987,295.580002,169.292999,126.287003,0.0,,,,701.300994,-444.944,89.841003,109.098999,57.625,188.378998,256.356995,-52.588,,5.784,60.701,60.862,-2.842,2.681,-2.329,203.768995,-82.917,,120.851997,0.0,,,120.851995,0.0,120.851997,-12.95,,107.901997,107.901997,,136.572649,0.78,0.78,0.78,136.572649,0.78,0.78,0.78,
03/31/1994,1055.19397,1055.19397,,,0.0,,,0.0,0.0,,-306.204987,306.205002,169.046005,137.158997,0.0,,,,748.988983,-436.201996,96.643997,113.848,60.750999,164.959,312.786987,-26.736999,,6.254,59.882,61.014,-3.199,2.067,-26.891001,286.049988,-112.432999,,173.617004,0.0,,,173.61699,0.0,173.617004,-12.322,,161.295005,161.295005,,136.572649,1.185,1.185,1.185,136.572649,1.185,1.185,1.185,
06/30/1994,1083.310059,1083.310059,,,0.0,,,0.0,0.0,,-323.01001,323.009995,183.029999,139.979996,0.0,,,,760.300049,-517.880981,99.456001,116.166,61.916,240.343002,242.419006,-32.292001,,5.627,65.692001,66.166,-2.878,2.404,-27.773001,210.127006,-82.125,,128.001999,0.0,,,128.002006,0.0,128.001999,-12.385,,115.616999,115.616999,,136.572649,0.84,0.84,0.84,136.572649,0.84,0.84,0.84,
09/30/1994,1215.807983,1215.807983,,,0.0,,,0.0,0.0,,-343.141998,343.141998,198.197998,144.944,0.0,,,,872.665985,-454.007996,106.666,113.320999,61.653999,172.367004,418.65799,-22.576004,,7.181,64.092003,64.383003,-3.328,3.037,-34.334999,396.081986,-152.341003,,243.740997,0.0,,,243.740983,0.0,243.740997,-12.472,,231.268997,231.268997,,136.572649,1.695,1.695,1.695,136.572649,1.695,1.695,1.695,
12/31/1994,1185.953979,1185.953979,,,0.0,,,0.0,0.0,,-287.316986,287.317001,154.744995,132.572006,0.0,,,,898.636993,-679.312988,126.849998,118.764999,67.265999,366.432007,219.324005,-75.416999,,8.349,71.084999,65.649002,-3.87,9.306,12.681,143.907006,-50.390999,,93.515999,0.0,,,93.516007,0.0,93.515999,-12.545,,80.970999,80.970999,,136.572649,0.6,0.6,0.6,136.572649,0.6,0.6,0.6,
03/31/1995,1111.064941,1111.064941,,,0.0,,,0.0,0.0,,-283.627014,283.626999,169.367996,114.259003,0.0,,,,827.437927,-458.023987,,112.735001,63.159,282.130005,369.414001,-38.878004,,5.928,72.523003,72.523003,0.0,,-27.716999,330.535998,-129.259995,,201.276001,0.0,,,201.276003,0.0,201.276001,-12.735,,188.541001,188.541001,,136.572649,1.38,1.38,1.38,136.572649,1.38,1.38,1.38,
06/30/1995,1052.402954,1052.402954,,,0.0,,,0.0,0.0,,-289.304993,289.305008,167.408005,121.897003,0.0,,,,763.097961,-499.221985,,113.699997,61.159,324.363007,263.876007,-37.813998,,6.3,72.684998,72.684998,0.0,,-28.570999,226.062009,-88.539001,,137.522995,0.0,,,137.523007,0.0,137.522995,-12.677,,124.845995,124.845995,,136.572649,0.915,0.915,0.915,136.572649,0.915,0.915,0.915,
09/30/1995,1379.978027,1379.978027,,,0.0,,,0.0,0.0,,-344.976013,344.975998,222.688995,122.287003,0.0,,,,1035.002014,-530.494995,,115.055,67.133003,348.307007,504.506989,-37.365004,,5.972,72.119003,72.119003,,,-28.782,467.141985,-181.942001,,285.200012,0.0,,,285.199984,0.0,285.200012,-12.409,,272.791012,272.791012,,136.572649,1.995,1.995,1.995,136.572649,1.995,1.995,1.995,
12/31/1995,1133.238037,1133.238037,,,0.0,,,0.0,0.0,,-294.610992,294.611,184.761002,109.849998,0.0,,,,838.627045,-627.372986,,116.640999,61.985001,448.747009,211.253998,-54.014999,,4.882,58.085999,58.085999,,,0.811,157.238999,-66.699997,,90.539001,0.0,,,90.539002,0.0,90.539001,-11.082,,79.457002,79.457002,,136.572649,0.585,0.585,0.585,136.572649,0.585,0.585,0.585,
03/31/1996,2859.100098,1162.077026,,,1697.022949,,,0.0,,,-1764.564941,285.830002,176.544998,109.285004,1478.734985,,,,1094.535156,-518.835022,,122.737,66.025002,330.072998,575.700012,-156.107,,3.421,71.462997,71.462997,,,88.065002,419.593012,-126.492996,,293.100006,0.0,,,293.100016,0.0,293.100006,-11.1,,282.000006,282.000006,,241.025305,1.17,1.17,1.17,241.025305,1.17,1.17,1.17,
06/30/1996,2559.300049,1060.800049,,,1407.300049,,,0.0,91.199997,,-1257.900024,281.0,182.199997,98.800003,976.900024,,,,1301.400024,-822.200012,,195.800003,83.300003,543.099976,479.200012,-89.800003,,,123.800003,123.800003,,,-34.0,389.400009,-152.300003,,237.100006,0.0,,,237.100006,0.0,237.100006,-11.0,,226.100006,226.100006,,241.599972,0.93,0.93,0.93,241.599972,0.93,0.93,0.93,
09/30/1996,3133.399902,1256.699951,,,1795.199951,,,0.0,81.5,,-1641.699951,284.199997,214.699997,69.5,1357.5,,,,1491.699951,-838.599976,,196.600006,87.900002,554.099976,653.099976,-81.5,,,125.900002,125.900002,,,-44.400002,571.599976,-218.199997,,353.399994,0.0,,,353.399979,-2.2,351.200012,-11.0,,340.200012,340.200012,,240.39998,1.41,1.41,1.41,240.39998,1.41,1.41,1.41,
12/31/1996,3750.600098,1034.822998,,,2471.376953,,,0.0,244.399994,,-1965.435059,364.269989,185.054993,179.214996,1601.165039,,,,1785.165039,-1334.564941,,274.263,104.775002,955.526978,450.600006,-36.193009,,,178.037003,178.037003,,,-141.843994,414.406997,-200.807007,,213.600006,16.700001,,,196.899989,-4.0,192.899994,-11.1,,181.799994,181.799994,,237.647315,0.765,0.84,0.84,237.647315,0.765,0.84,0.84,
03/31/1997,3785.800049,1133.295044,,,2652.504883,,,0.0,,,-2623.491943,250.000008,171.020004,78.980003,2373.491943,,,,1162.308105,-552.307983,,125.846001,67.165001,359.296997,610.0,-180.521001,,3.95,70.023003,70.023003,,,114.447998,429.478999,-117.778999,,311.700012,0.0,,,311.7,0.0,311.700012,-11.0,,300.700012,300.700012,,239.733313,1.26,1.26,1.26,241.525977,1.245,1.245,1.245,
06/30/1997,3112.800049,1095.400024,,,1865.300049,,,0.0,152.100006,,-1780.699951,364.100006,167.5,196.600006,1416.599976,,,,1332.100098,-980.099976,,205.399994,89.199997,685.5,352.0,-56.599998,,,111.599998,111.599998,,,-55.0,295.400002,-125.0,,170.399994,0.0,,,170.400002,-1.8,168.600006,-11.0,,157.600006,157.600006,,239.866635,0.645,0.645,0.645,239.866635,0.645,0.645,0.645,
09/30/1997,4820.600098,2246.0,,,2392.5,,,0.0,182.100006,,-3232.199951,1263.5,208.5,1055.0,1968.699951,,,,1588.400146,-982.099976,,213.5,95.300003,673.299988,606.299988,-94.699999,,,120.599998,120.599998,,,-25.9,511.599989,-203.699997,,307.899994,0.0,,,307.899992,1.6,309.5,-11.1,,298.4,298.4,,239.933305,1.245,1.245,1.245,239.933305,1.24498,1.245,1.245,
12/31/1997,4589.700195,1524.704956,,,2743.89502,,,0.0,321.100006,,-2771.808105,825.399994,195.779999,629.619995,1946.407959,,,,1817.89209,-1416.192017,,296.253998,117.135002,1002.802979,401.700012,-1.878998,,,169.576996,169.576996,,,-167.697998,399.821014,-192.421005,,207.399994,0.0,,,207.400009,-22.799999,184.600006,-39.700001,,144.900005,144.900005,,235.599972,0.615,1.155,1.155,241.499976,0.6,1.14,1.14,
03/31/1998,4114.799805,1557.099976,,,2363.199951,,,0.0,194.5,,-2633.0,764.300003,152.800003,611.5,1868.699951,,,,1481.799805,-873.400024,,222.199997,82.0,569.200012,608.400024,-54.100002,,,100.400002,100.400002,,,-46.299999,554.300022,-210.800003,,343.5,8.0,,,335.500019,-15.4,320.100006,-6.5,,313.600006,313.600006,,240.066647,1.305,1.335,1.335,240.066647,1.305,1.335,1.335,
06/30/1998,4013.699951,1530.900024,,,2221.800049,,,0.0,261.0,,-2474.100098,678.299988,194.0,484.299988,1795.800049,,,,1539.599854,-990.799988,,223.5,91.5,675.799988,548.799988,-89.200005,,,122.800003,122.800003,,,-33.599998,459.599983,-163.399994,,296.200012,0.0,,,296.199989,-16.700001,279.5,-5.1,,274.4,274.4,,240.333309,1.14,1.14,1.14,240.333309,1.14,1.14,1.14,
09/30/1998,5298.200195,2850.800049,,,2213.899902,,,0.0,233.5,,-3478.800049,1712.499969,243.399994,1469.099976,1766.300049,,,,1819.400146,-993.599976,,238.399994,95.800003,659.400024,825.799988,-93.599998,,,138.699997,138.699997,,,-45.099998,732.199989,-273.5,,458.700012,0.0,,,458.699989,-30.0,428.700012,-4.9,,423.800012,423.800012,,239.435319,1.77,1.77,1.77,241.666642,1.755,1.755,1.755,
12/31/1998,4183.299805,1435.199951,,,2505.100098,,,0.0,243.0,,-2594.100098,527.893814,176.800003,351.093811,2066.199951,,,,1589.199707,-1139.199951,,224.899994,80.699997,833.599976,450.0,-63.100006,,,152.100006,152.100006,,,-89.0,386.899994,-129.300003,,257.600006,0.0,,,257.599991,-33.900002,223.699997,-4.5,,219.199997,219.199997,,241.333309,0.9,0.9,0.9,241.333309,0.9,0.9,0.9,
03/31/1999,4178.0,1536.0,,,2393.0,,,0.0,249.0,,-2589.0,649.0,165.0,484.0,1940.0,,,,1589.0,-944.0,,225.0,99.0,620.0,645.0,-94.0,,,132.0,132.0,,,-38.0,551.0,-209.0,,342.0,-660.0,,,1002.0,-35.0,967.0,-5.0,,962.0,962.0,,241.999976,3.975001,1.245,1.245,241.999976,3.960001,1.245,1.245,
06/30/1999,4691.0,1780.0,,,2641.0,,,0.0,270.0,,-3167.0,860.0,195.0,665.0,2307.0,,,,1524.0,-993.0,,233.0,87.0,673.0,531.0,-83.0,,,120.0,120.0,,,-37.0,448.0,-127.0,,321.0,0.0,,,321.0,-33.0,288.0,-5.0,,283.0,283.0,,242.866634,1.155,1.155,1.155,243.266638,1.155,1.155,1.155,
09/30/1999,6676.0,3124.0,,,3236.0,,,0.0,316.0,,-4687.0,1763.0,227.0,1536.0,2924.0,,,,1989.0,-1123.0,,246.0,105.0,772.0,866.0,-111.0,,,131.0,153.0,-22.0,,-20.0,755.0,-283.0,,472.0,0.0,,,472.0,-31.0,441.0,-5.0,,436.0,436.0,,243.333309,1.8,1.8,1.8,243.666642,1.785,1.785,1.785,
12/31/1999,6197.0,5621.0,,,274.0,,,0.0,302.0,,-4464.0,999.0,177.0,822.0,3465.0,,,,1733.0,-1980.0,,264.0,80.0,1636.0,-247.0,-65.0,,,239.0,217.0,,,-174.0,-312.0,166.0,,-146.0,0.0,,,-146.0,-43.0,-189.0,-5.0,,-194.0,-194.0,,243.999976,-0.795,-0.795,1.215,244.666642,-0.795,-0.795,1.215,
03/31/2000,7290.0,2449.0,,,4546.0,,,0.0,295.0,,-5449.0,1386.0,180.0,1206.0,4063.0,,,,1841.0,-1029.0,,260.0,102.0,667.0,812.0,-138.0,,,185.0,185.0,,,-47.0,674.0,-250.0,,424.0,0.0,,,424.0,-31.0,393.0,-5.0,,388.0,388.0,,244.666642,1.59,1.59,1.59,244.666642,1.59,1.59,1.59,
06/30/2000,10926.0,3819.0,,,6816.0,,,0.0,291.0,,-8814.0,2568.0,188.0,2380.0,6246.0,,,,2112.0,-1318.0,,102.0,304.0,912.0,794.0,-185.0,,,228.0,228.0,,,-43.0,609.0,-191.0,,418.0,0.0,,,418.0,-89.0,329.0,-5.0,,324.0,324.0,,245.066646,1.32,1.32,1.32,245.799984,1.32,1.32,1.32,
09/30/2000,15284.0,7293.0,,,7694.0,,,0.0,297.0,,-12871.0,5676.0,215.0,5461.0,7195.0,,,,2413.0,-1319.0,,300.0,111.0,908.0,1094.0,205.0,,,242.0,257.0,-15.0,,-447.0,1299.0,-498.0,,801.0,0.0,,,801.0,-31.0,770.0,-4.0,,766.0,766.0,,245.46665,3.12,3.12,2.115,246.999975,3.105,3.105,2.1,
12/31/2000,14284.0,4814.0,,,10299.0,,,0.0,-829.0,,-13317.0,3151.0,198.0,2953.0,10166.0,,,,967.0,-1388.0,,505.0,,883.0,-421.0,942.0,,,256.0,241.0,,,-1198.0,521.0,-81.0,,440.0,0.0,,,440.0,-156.0,284.0,-5.0,,279.0,279.0,,245.999975,1.14,1.14,1.41,248.333308,1.14,1.14,1.41,
03/31/2001,5553.0,5553.0,,,,,,0.0,,,,,,,,,,,,-4376.0,,,,4376.0,1177.0,-136.0,,,228.0,228.0,,,-92.0,1041.0,-327.0,,714.0,96.0,,,618.0,-160.0,458.0,-4.0,0.0,454.0,454.0,,248.433304,1.83,2.22,2.22,250.666642,1.8,2.19,2.19,
06/30/2001,4127.0,4127.0,,,,,,0.0,,,,,,,,,,,,-3304.0,,,,3304.0,823.0,-123.0,,,217.0,217.0,,,-94.0,700.0,-236.0,,464.0,0.0,,,464.0,-45.0,419.0,-4.0,,415.0,415.0,,257.666641,1.62,1.62,1.62,259.699966,1.59,1.59,1.59,
09/30/2001,4552.0,4552.0,,,,,,0.0,,,,,,,,,,,,-3138.0,,,,3138.0,1414.0,-76.0,,,191.0,191.0,0.0,0.0,-115.0,1338.0,-480.0,,858.0,0.0,,,858.0,-62.0,796.0,-4.0,,792.0,792.0,,258.333307,3.06,3.06,3.06,260.333307,3.03,3.03,3.03,
12/31/2001,3965.0,3965.0,,,,,,0.0,,,,,,,,,,,,-3438.0,,,,3438.0,527.0,-135.0,,,134.0,134.0,,,1.0,392.0,-107.0,,285.0,0.0,,,285.0,-60.0,225.0,-2.0,,223.0,223.0,,258.666641,0.87,0.87,1.05,260.333307,0.84,0.84,1.02,
03/31/2002,3308.0,1587.0,,,1307.0,,,0.0,414.0,,-1317.0,423.0,315.0,108.0,894.0,,,,1991.0,-1323.0,,344.0,127.0,852.0,668.0,-96.0,,,198.0,198.0,,,-102.0,572.0,-158.0,,414.0,0.0,,,414.0,-32.0,382.0,-3.0,0.0,379.0,379.0,,262.566644,1.44,1.44,1.44,263.866632,1.44,1.44,1.44,
06/30/2002,3617.0,1582.0,,,1868.0,,,0.0,167.0,,-1423.0,434.0,312.0,122.0,989.0,,,,2194.0,-1352.0,,397.0,132.0,823.0,842.0,-59.0,,,274.0,274.0,,,-215.0,783.0,-247.0,,536.0,0.0,,,536.0,-62.0,474.0,-4.0,0.0,470.0,470.0,,276.866631,1.71,1.71,1.56,278.066643,1.68,1.68,1.53,
09/30/2002,3982.0,2238.0,,,1613.0,,,0.0,131.0,,-1788.0,844.0,553.0,291.0,944.0,,,,2194.0,-1654.0,,425.0,139.0,1090.0,540.0,-188.0,,0.0,314.0,314.0,0.0,0.0,-126.0,352.0,-108.0,,244.0,0.0,,,244.0,-14.0,230.0,-3.0,0.0,227.0,227.0,,277.999972,0.81,0.81,0.81,277.999972,0.81,0.81,0.81,
12/31/2002,4756.0,4756.0,,,,,,0.0,,,,,,,,,,,,-4363.0,,,,4363.0,393.0,-341.0,,,341.0,341.0,,,0.0,52.0,-105.0,,-53.0,0.0,,,-53.0,1.0,-52.0,-3.0,,-55.0,-55.0,,297.333304,-0.18,-0.18,0.96,297.666637,-0.18,-0.18,0.96,
03/31/2003,6172.0,1279.0,,,879.0,,,0.0,4014.0,,-4040.0,548.0,548.0,,3492.0,,,,2132.0,-1245.0,,431.0,140.0,674.0,887.0,-250.0,,0.0,326.0,326.0,0.0,0.0,-76.0,637.0,-195.0,,442.0,167.0,,,275.0,-50.0,225.0,-3.0,,222.0,222.0,,298.99997,0.75,1.29,1.26,298.99997,0.75,1.29,1.26,
06/30/2003,5152.0,1122.0,,,636.0,,,0.0,3394.0,,-3033.0,,,,2664.0,,,,2119.0,-1453.0,,438.0,134.0,881.0,666.0,-20.0,,,325.0,325.0,,,-305.0,646.0,-195.0,,451.0,-23.0,,,474.0,-50.0,424.0,-7.0,0.0,417.0,417.0,,300.666637,1.32,1.32,1.32,300.99997,1.32,1.32,1.32,
09/30/2003,5549.0,1387.0,,,590.0,,,,3572.0,,-3444.0,695.0,695.0,,2749.0,,,,2105.0,-1564.0,,473.0,127.0,964.0,541.0,-569.0,,,375.0,375.0,,,194.0,-28.0,22.0,,-6.0,-44.0,,,38.0,11.0,49.0,-3.0,0.0,46.0,46.0,,301.666636,0.15,0.0,0.72,302.333303,0.15,0.0,0.72,
12/31/2003,5457.0,5457.0,,,,,,0.0,,,-3202.0,579.0,579.0,,2623.0,,,,2255.0,-2002.0,0.0,413.0,125.0,1464.0,253.0,-3175.0,,0.0,308.0,308.0,0.0,0.0,2867.0,-2922.0,1019.0,,-1903.0,156.0,,,-2059.0,38.0,-2021.0,-2.0,,-2023.0,-2023.0,,302.666636,-6.690001,-6.18,0.66,302.666636,-6.690001,-6.18,0.66,
03/31/2004,5636.0,1252.0,,,1007.0,,,0.0,3377.0,,-3553.0,564.0,564.0,,2989.0,,,,2083.0,-1372.0,,434.0,154.0,784.0,711.0,-575.0,,0.0,356.0,356.0,0.0,0.0,219.0,136.0,-33.0,,103.0,-246.0,,,349.0,-38.0,311.0,-2.0,0.0,309.0,309.0,,303.99997,1.02,0.21,0.96,315.666635,0.99,0.21,0.96,
06/30/2004,5316.0,1269.0,,,656.0,,,0.0,3391.0,,-3163.0,605.0,605.0,,2558.0,,,,2153.0,-1371.0,,420.0,124.0,827.0,782.0,-196.0,,0.0,336.0,336.0,0.0,0.0,-140.0,586.0,-134.0,,452.0,-26.0,,,478.0,-43.0,435.0,-3.0,,432.0,432.0,,308.666636,1.38,1.29,1.26,309.333302,1.35,1.26,1.26,
09/30/2004,5081.0,1413.0,,,608.0,,,0.0,3060.0,,-2811.0,394.0,394.0,,2417.0,,,,2270.0,-1403.0,,500.0,125.0,778.0,867.0,-277.0,,0.0,329.0,329.0,0.0,0.0,-52.0,590.0,-147.0,,443.0,-8.0,,,451.0,-62.0,389.0,-2.0,0.0,387.0,387.0,,312.666635,1.23,1.2,1.11,324.333301,1.2,1.17,1.08,
12/31/2004,6046.0,1169.0,,,862.0,,,0.0,4015.0,,-3745.0,397.0,397.0,0.0,3348.0,,,,2301.0,-1613.0,0.0,469.0,127.0,1017.0,688.0,-27.0,,0.0,314.0,314.0,0.0,0.0,-287.0,661.0,-245.0,,416.0,3.0,,,413.0,-55.0,358.0,-2.0,,356.0,356.0,,315.666635,1.14,0.75,1.2,327.666634,1.08,0.9,0.51,
03/31/2005,5328.0,1259.0,,,1168.0,,,0.0,2901.0,,-3099.0,349.0,349.0,,2750.0,,,,2229.0,-1442.0,,481.0,153.0,808.0,787.0,944.0,,0.0,290.0,290.0,,,-1234.0,1731.0,-451.0,,1280.0,-8.0,,,1288.0,-420.0,868.0,-2.0,0.0,866.0,866.0,,317.999968,2.73,2.7,1.38,329.999967,2.64,2.61,1.29,
06/30/2005,5274.0,1226.0,,,743.0,,,0.0,3305.0,,-3005.0,392.0,392.0,,2613.0,,,,2269.0,-1501.0,,462.0,145.0,894.0,768.0,-205.0,,0.0,295.0,295.0,0.0,0.0,-90.0,563.0,-157.0,,406.0,19.0,,,387.0,-78.0,309.0,-2.0,0.0,307.0,307.0,,308.999969,0.99,1.05,0.99,321.333301,0.96,1.02,0.96,
09/30/2005,3028.0,1614.0,,,742.0,,,0.0,672.0,,-804.0,488.0,488.0,,316.0,,,,2224.0,-1317.0,,406.0,134.0,777.0,907.0,514.0,,0.0,228.0,228.0,0.0,0.0,-742.0,1421.0,-487.0,,934.0,883.0,,,51.0,-10.0,41.0,-3.0,0.0,38.0,38.0,,308.666636,0.12,2.97,1.77,321.333301,0.12,2.88,1.68,
12/31/2005,2667.0,1307.0,,,1026.0,,,0.0,334.0,,-529.0,381.0,381.0,,148.0,,,,2138.0,-1579.0,,379.0,139.0,1061.0,559.0,75.0,,0.0,253.0,253.0,0.0,0.0,-328.0,634.0,-187.0,,447.0,-189.0,,,636.0,-30.0,606.0,-5.0,0.0,601.0,601.0,,309.666636,1.98,1.35,1.35,320.666635,1.92,1.29,1.29,
03/31/2006,1620.0,1286.0,,,,,,0.0,334.0,,-388.0,382.0,382.0,,6.0,,,,1232.0,-894.0,,273.0,86.0,535.0,338.0,-24.0,,,103.0,103.0,0.0,0.0,-79.0,314.0,-108.0,,206.0,-155.0,,,361.0,-3.0,358.0,0.0,0.0,358.0,358.0,,309.333302,1.17,0.66,0.66,320.999968,1.11,0.63,0.63,
06/30/2006,2903.0,2027.0,,,93.0,,,0.0,783.0,,-1083.0,971.0,971.0,,112.0,,,,1820.0,-1585.0,,444.0,154.0,987.0,235.0,15.0,,0.0,185.0,185.0,0.0,0.0,-200.0,250.0,-51.0,,199.0,-159.0,,,358.0,-3.0,355.0,0.0,0.0,355.0,355.0,,412.666625,0.87,0.48,0.72,419.666625,0.84,0.48,0.72,
09/30/2006,3279.0,2403.0,,,71.0,,,0.0,805.0,,-1164.0,1104.0,1104.0,,60.0,,,,2115.0,-1490.0,,442.0,151.0,897.0,625.0,174.0,,0.0,182.0,182.0,0.0,0.0,-356.0,799.0,-310.0,,489.0,-282.0,,,771.0,-8.0,763.0,0.0,0.0,763.0,763.0,,417.999958,1.83,1.14,0.87,420.999958,1.8,1.14,0.87,
12/31/2006,2822.0,1962.0,0.0,0.0,2378.0,0.0,0.0,0.0,-1518.0,0.0,-1076.0,915.0,915.0,,161.0,,,0.0,1746.0,-1579.0,,386.0,143.0,1050.0,167.0,13.0,,0.0,162.0,162.0,0.0,0.0,-175.0,180.0,19.0,,199.0,-187.0,,,386.0,1.0,387.0,0.0,0.0,387.0,387.0,,418.666625,0.93,0.48,0.69,421.666625,0.93,0.48,0.69,
03/31/2007,3035.0,2052.0,,,339.0,,,0.0,644.0,,-1080.0,820.0,820.0,,260.0,,,,1955.0,-1356.0,,433.0,174.0,749.0,599.0,-121.0,,,163.0,163.0,0.0,0.0,-42.0,478.0,-139.0,,339.0,-20.0,,,359.0,-2.0,357.0,0.0,0.0,357.0,357.0,,418.999958,0.84,0.81,0.9,422.666624,0.84,0.81,0.9,
06/30/2007,2966.0,2128.0,,,108.0,,,0.0,730.0,,-1051.0,969.0,969.0,,82.0,,,,1915.0,-1425.0,,439.0,153.0,833.0,490.0,-38.0,,0.0,159.0,159.0,0.0,0.0,-121.0,452.0,-152.0,,300.0,6.0,,,294.0,-1.0,293.0,0.0,0.0,293.0,293.0,,419.999958,0.69,0.72,0.72,422.333291,0.69,0.72,0.72,
09/30/2007,3688.0,2682.0,,,64.0,,,0.0,942.0,,-1329.0,1277.0,1277.0,,52.0,,,,2359.0,-1429.0,,474.0,173.0,782.0,930.0,-57.0,,0.0,177.0,177.0,0.0,0.0,-120.0,873.0,-304.0,,569.0,-34.0,,,603.0,4.0,607.0,0.0,0.0,607.0,607.0,,419.999958,1.44,1.35,1.35,421.666625,1.44,1.35,1.35,
03/31/2008,3337.0,2233.0,,,357.0,,,0.0,747.0,,-1231.0,952.0,952.0,,279.0,,,,2106.0,-1373.0,,413.0,175.0,785.0,733.0,-47.0,,0.0,182.0,182.0,0.0,0.0,-135.0,686.0,-222.0,,464.0,-2.0,,,466.0,-1.0,465.0,0.0,0.0,465.0,465.0,,420.999958,1.11,1.11,1.05,422.333291,1.11,1.11,1.05,
06/30/2008,3229.0,2279.0,,,113.0,,,0.0,837.0,,-1126.0,1043.0,1043.0,,83.0,,,,2103.0,-1453.0,,418.0,158.0,877.0,650.0,-147.0,,0.0,194.0,194.0,0.0,0.0,-47.0,503.0,-167.0,,336.0,-13.0,,,349.0,2.0,351.0,0.0,0.0,351.0,351.0,,421.333291,0.84,0.81,0.81,422.666624,0.84,0.81,0.81,
09/30/2008,3508.0,2603.0,,,86.0,,,0.0,819.0,,-1411.0,1333.0,1333.0,,78.0,,,,2097.0,-1440.0,,432.0,170.0,838.0,657.0,-311.0,,0.0,176.0,176.0,0.0,0.0,135.0,346.0,-132.0,,214.0,1.0,,,213.0,2.0,215.0,0.0,0.0,215.0,215.0,,421.666625,0.51,0.51,0.99,422.666624,0.51,0.51,0.99,
12/31/2008,3133.0,2210.0,,,234.0,,,0.0,689.0,,-1252.0,1079.0,1079.0,,173.0,,,,1881.0,-1394.0,,407.0,136.0,851.0,487.0,-131.0,,0.0,189.0,189.0,0.0,0.0,-58.0,356.0,-95.0,,261.0,-69.0,,,330.0,1.0,331.0,0.0,0.0,331.0,331.0,,421.666625,0.78,0.63,0.81,422.666624,0.78,0.63,0.81,
03/31/2009,3312.0,2545.0,2545.0,,300.0,300.0,,0.0,467.0,,-1219.0,997.0,997.0,,222.0,222.0,0.0,,2093.0,-1412.0,,414.0,193.0,805.0,681.0,-156.0,184.0,,184.0,184.0,,,-28.0,525.0,-179.0,,346.0,-3.0,-3.0,0.0,349.0,-5.0,344.0,0.0,0.0,344.0,354.1,13.1,427.333291,0.81,0.81,0.828627,427.666624,0.81,0.81,0.828627,
06/30/2009,2913.0,2388.0,2388.0,,94.0,94.0,,0.0,431.0,,-983.0,929.0,929.0,,54.0,54.0,0.0,,1930.0,-1402.0,,407.0,160.0,835.0,528.0,-67.0,186.0,,186.0,186.0,,,-119.0,461.0,-177.0,,284.0,2.0,2.0,0.0,282.0,-6.0,276.0,0.0,0.0,276.0,299.0,21.0,429.33329,0.63,0.66,0.696429,429.666624,0.63,0.66,0.696429,
09/30/2009,3396.0,2784.0,2784.0,,78.0,78.0,,0.0,534.0,,-1138.0,1097.0,1097.0,,41.0,41.0,0.0,,2258.0,-1813.0,,432.0,175.0,1206.0,445.0,-111.0,190.0,,190.0,190.0,,,-79.0,334.0,-244.0,17.0,107.0,1.0,1.0,0.0,106.0,3.0,109.0,0.0,0.0,109.0,507.55,397.55,432.999957,0.24,0.24,1.172172,433.33329,0.24,0.24,1.157424,
12/31/2009,3110.0,2316.0,,,176.0,,,0.0,618.0,,-1104.0,988.0,988.0,,116.0,116.0,0.0,,2006.0,-1411.0,,403.0,157.0,851.0,595.0,-101.0,89.0,,191.0,191.0,,,12.0,494.0,-158.0,53.0,336.0,-12.0,-12.0,0.0,348.0,-2.0,346.0,0.0,0.0,346.0,312.84,20.39,435.33329,0.78,0.78,0.826839,435.666623,0.78,0.78,0.826803,
03/31/2010,3594.0,2625.0,2625.0,,271.0,271.0,,0.0,698.0,,-1287.0,1097.0,1097.0,,190.0,190.0,0.0,,2307.0,-1546.0,,456.0,193.0,897.0,761.0,-90.0,210.0,,210.0,210.0,,,-120.0,671.0,-226.0,,445.0,0.0,0.0,0.0,445.0,,445.0,0.0,0.0,445.0,486.7,41.7,436.666623,1.02,1.02,1.114581,436.999956,1.02,1.02,1.114581,
06/30/2010,3287.0,2531.0,2531.0,,86.0,86.0,,0.0,670.0,,-1117.0,1071.0,1071.0,,46.0,46.0,0.0,,2170.0,-2184.0,,426.0,163.0,1595.0,-14.0,-88.0,212.0,,212.0,212.0,,,-124.0,-102.0,-116.0,,-218.0,-1.0,-1.0,0.0,-217.0,-5.0,-222.0,0.0,0.0,-222.0,384.44,607.44,437.999956,-0.51,-0.51,0.877716,437.999956,-0.51,-0.51,0.876849,
09/30/2010,3946.0,3077.0,3077.0,,78.0,78.0,,0.0,791.0,,-1361.0,1325.0,1325.0,,36.0,36.0,0.0,,2585.0,-1552.0,,447.0,182.0,923.0,1033.0,-66.0,202.0,,202.0,202.0,,,-136.0,967.0,-301.0,,666.0,0.0,0.0,0.0,666.0,4.0,670.0,,0.0,670.0,750.0,80.0,439.999956,1.53,1.53,1.704546,440.666623,1.53,1.53,1.704546,
12/31/2010,3445.0,2490.0,2490.0,,184.0,184.0,,0.0,771.0,,-1160.0,1051.0,1051.0,,109.0,109.0,0.0,,2285.0,-1910.0,,457.0,164.0,983.0,681.0,-7.0,-85.0,,216.0,216.0,,,92.0,674.0,-247.0,,427.0,-2.0,-2.0,0.0,429.0,-2.0,427.0,0.0,0.0,427.0,309.43,-115.57,442.333289,0.965334,0.960813,0.69954,442.666622,0.964608,0.96009,0.699015,
03/31/2011,3663.0,2573.0,2573.0,,235.0,235.0,,0.0,855.0,,-1339.0,1188.0,1188.0,,151.0,151.0,0.0,,2324.0,-1510.0,,454.0,186.0,870.0,814.0,-68.0,219.0,,219.0,219.0,,,-151.0,746.0,-233.0,,513.0,0.0,0.0,0.0,513.0,-2.0,511.0,0.0,0.0,511.0,514.5,3.5,443.333289,1.14,1.14,1.160526,443.666622,1.14,1.14,1.14789,
06/30/2011,3534.0,2576.0,2576.0,,94.0,94.0,,0.0,864.0,,-1285.0,1222.0,1222.0,,63.0,63.0,0.0,,2249.0,-1570.0,,437.0,169.0,964.0,679.0,-46.0,203.0,,203.0,203.0,,,-157.0,633.0,-192.0,,441.0,0.0,0.0,0.0,441.0,-6.0,435.0,,0.0,435.0,444.0,9.0,443.999956,0.99,0.99,0.999999,444.333289,0.99,0.99,0.999999,
09/30/2011,3964.0,3016.0,3016.0,,81.0,81.0,,0.0,867.0,,-1388.0,1340.0,1340.0,,48.0,48.0,0.0,,2576.0,-1809.0,,455.0,183.0,1171.0,767.0,-90.0,213.0,,213.0,213.0,,,-123.0,677.0,-208.0,,469.0,-1.0,-1.0,0.0,470.0,2.0,472.0,,0.0,472.0,671.0,200.0,444.0004,1.059999,1.059999,1.511259,444.0004,1.059999,1.059999,1.510449,
12/31/2011,3368.0,2424.0,2424.0,,147.0,147.0,,0.0,797.0,,-1133.0,1047.0,1047.0,,86.0,86.0,0.0,,2235.0,-1718.0,,460.0,166.0,1092.0,517.0,15.0,-89.0,,224.0,224.0,,,74.0,532.0,-119.0,,290.0,0.0,0.0,0.0,290.0,-2.0,288.0,0.0,0.0,288.0,320.5,32.5,444.999955,0.64719,0.64719,0.720225,445.333289,0.646707,0.646707,0.719685,
03/31/2012,3630.0,2501.0,2501.0,,171.0,171.0,,0.0,958.0,,-1327.0,1225.0,1225.0,,102.0,102.0,0.0,,2303.0,-1808.0,,479.0,184.0,1145.0,495.0,-95.0,224.0,,224.0,224.0,,,-129.0,400.0,-103.0,,297.0,-2.0,-2.0,0.0,299.0,-4.0,295.0,0.0,0.0,295.0,635.0,342.0,446.000401,0.66,0.649998,1.423764,446.000401,0.66,0.649998,1.416816,
06/30/2012,3577.0,2628.0,2628.0,,81.0,81.0,,0.0,868.0,,-1287.0,1245.0,1245.0,,42.0,42.0,0.0,,2290.0,-1504.0,,475.0,171.0,858.0,786.0,-123.0,232.0,,232.0,232.0,,,-109.0,663.0,-214.0,,449.0,1.0,1.0,0.0,448.0,-4.0,444.0,,0.0,444.0,452.0,7.0,446.000401,0.99,0.99,1.013451,446.000401,0.99,0.99,1.005693,
09/30/2012,6722.0,5763.0,5763.0,,77.0,77.0,,0.0,882.0,,-2746.0,2706.0,2706.0,,40.0,40.0,0.0,,3976.0,-2898.0,,666.0,326.0,1906.0,1078.0,-236.0,401.0,,401.0,401.0,,,-165.0,842.0,-248.0,,594.0,-4.0,-4.0,0.0,598.0,-4.0,594.0,,0.0,594.0,1160.0,570.0,699.0,0.85,0.84,1.659514,699.0,0.85,0.84,1.655451,
12/31/2012,5695.0,4729.0,4729.0,,140.0,140.0,,0.0,826.0,,-2208.0,2128.0,2128.0,,80.0,80.0,0.0,,3487.0,-2720.0,,669.0,304.0,1747.0,767.0,-221.0,335.0,,385.0,385.0,,,-114.0,546.0,-140.0,,406.0,-31.0,-31.0,0.0,437.0,-2.0,435.0,,0.0,435.0,482.25,78.25,703.0,0.618777,0.57468,0.685989,707.0,0.615276,0.571429,0.682107,
03/31/2013,5898.0,4889.0,4889.0,,185.0,185.0,,0.0,824.0,,-2261.0,2157.0,2157.0,,104.0,104.0,0.0,,3637.0,-2422.0,,660.0,343.0,1419.0,1215.0,-251.0,367.0,,367.0,367.0,,,-116.0,964.0,-330.0,,634.0,0.0,0.0,0.0,634.0,,634.0,0.0,0.0,634.0,714.0,80.0,705.0,0.89,0.89,1.012766,705.0,0.89,0.89,1.003475,
06/30/2013,5879.0,4834.0,4834.0,,94.0,94.0,,0.0,951.0,,-2168.0,2125.0,2125.0,,43.0,43.0,0.0,,3711.0,-2890.0,,678.0,323.0,1889.0,821.0,-311.0,381.0,,381.0,381.0,,,-70.0,510.0,-165.0,,345.0,3.0,3.0,0.0,342.0,-3.0,339.0,0.0,0.0,339.0,585.35,243.35,706.0,0.48,0.48,0.829108,706.0,0.48,0.48,0.824688,
09/30/2013,6217.0,5685.0,5685.0,,83.0,83.0,,0.0,449.0,,-2161.0,2143.0,2143.0,,18.0,18.0,0.0,,4056.0,-2396.0,,672.0,319.0,1405.0,1660.0,-291.0,378.0,,378.0,378.0,,,-87.0,1369.0,-423.0,,946.0,-62.0,-62.0,0.0,1008.0,-4.0,1004.0,0.0,0.0,1004.0,997.95,55.95,706.0,1.42,1.33,1.413527,706.0,1.42,1.33,1.409249,
12/31/2013,4270.0,4888.0,4888.0,,149.0,149.0,,0.0,-767.0,,-969.0,925.0,925.0,,44.0,44.0,0.0,,3301.0,-2226.0,,623.0,283.0,1320.0,1075.0,-205.0,233.0,,416.0,416.0,,,-28.0,870.0,-253.0,,617.0,-75.0,-75.0,0.0,692.0,-4.0,688.0,0.0,0.0,688.0,644.35,31.35,706.0,0.974504,0.868272,0.912677,706.0,0.974504,0.868272,0.912677,
03/31/2014,6263.0,5550.0,5550.0,,222.0,222.0,,0.0,491.0,,-2252.0,2136.0,2136.0,,116.0,116.0,0.0,,4011.0,-2649.0,,755.0,350.0,1544.0,1362.0,-273.0,404.0,,404.0,404.0,,,-131.0,1089.0,-339.0,,750.0,843.0,843.0,0.0,-93.0,-4.0,-97.0,0.0,0.0,-97.0,841.0,95.0,706.0,-0.14,1.05,1.191218,706.0,-0.14,1.05,1.184561,
06/30/2014,5708.0,5138.0,5138.0,,107.0,107.0,,0.0,463.0,,-1972.0,1934.0,1934.0,,38.0,38.0,0.0,,3736.0,-2447.0,,762.0,311.0,1374.0,1289.0,-281.0,403.0,,403.0,403.0,,,-122.0,1008.0,-282.0,,726.0,113.0,113.0,0.0,613.0,-4.0,609.0,0.0,0.0,609.0,769.5,47.5,707.0,0.86,1.02,1.088402,707.0,0.86,1.02,1.087185,
09/30/2014,6395.0,5861.0,5861.0,,85.0,85.0,,0.0,449.0,,-2307.0,2280.0,2280.0,,27.0,27.0,0.0,,4088.0,-2469.0,,788.0,275.0,1406.0,1619.0,-268.0,405.0,,405.0,405.0,,,-137.0,1351.0,-460.0,,891.0,-378.0,-378.0,0.0,1269.0,5.0,1274.0,0.0,0.0,1274.0,941.0,45.0,707.0,1.8,1.25,1.330976,707.0,1.8,1.25,1.313649,
12/31/2014,5559.0,5001.0,5001.0,,159.0,159.0,,0.0,399.0,,-1936.0,1869.0,1869.0,,67.0,67.0,0.0,,3623.0,-2635.0,,761.0,277.0,1597.0,988.0,-302.0,410.0,,410.0,410.0,,,-108.0,686.0,-588.0,,98.0,-2.0,-2.0,0.0,100.0,-3.0,97.0,0.0,0.0,97.0,583.5,488.5,707.0,0.14,0.14,0.83,707.0,0.14,0.14,0.83,
03/31/2015,6065.0,5457.0,5457.0,,231.0,231.0,,0.0,377.0,,-2156.0,2045.0,2045.0,,111.0,111.0,0.0,,3909.0,-2453.0,,777.0,264.0,1412.0,1456.0,-316.0,403.0,,403.0,403.0,,,-87.0,1140.0,-364.0,,776.0,-91.0,-91.0,0.0,867.0,-3.0,864.0,0.0,0.0,864.0,772.0,-1.0,708.0,1.22,1.09,1.090395,708.0,1.22,1.09,1.088588,
06/30/2015,5589.0,5090.0,5090.0,,96.0,96.0,,0.0,403.0,,-1865.0,1839.0,1839.0,,26.0,26.0,0.0,,3724.0,-2478.0,,790.0,279.0,1409.0,1246.0,-308.0,403.0,,403.0,403.0,,,-95.0,938.0,-334.0,,604.0,57.0,57.0,0.0,547.0,-4.0,543.0,0.0,0.0,543.0,601.0,1.0,692.0,0.78,0.87,0.868497,692.0,0.78,0.87,0.868497,
09/30/2015,6483.0,6017.0,6017.0,,89.0,89.0,,0.0,377.0,,-2195.0,2174.0,2174.0,,21.0,21.0,0.0,,4288.0,-2600.0,,774.0,293.0,1533.0,1688.0,-328.0,402.0,,402.0,402.0,,,-74.0,1360.0,-420.0,,940.0,5.0,5.0,0.0,935.0,-3.0,932.0,0.0,0.0,932.0,1118.0,181.0,688.0,1.35,1.36,1.625,688.0,1.35,1.36,1.623081,
12/31/2015,4234.0,4815.0,4815.0,,120.0,120.0,,0.0,-701.0,,-1280.0,1297.0,1297.0,,-17.0,-17.0,0.0,,2954.0,-2266.0,,712.0,293.0,1261.0,688.0,-216.0,135.0,,319.0,319.0,,,81.0,472.0,-138.0,,334.0,-148.0,-148.0,0.0,482.0,-5.0,477.0,0.0,0.0,477.0,448.25,119.25,688.0,0.693314,0.478198,0.651526,688.0,0.693314,0.478198,0.651526,
03/31/2016,5377.0,5053.0,5053.0,,169.0,169.0,,0.0,155.0,,-1637.0,1588.0,1588.0,,49.0,49.0,0.0,,3740.0,-2500.0,,793.0,295.0,1412.0,1240.0,-411.0,489.0,,489.0,489.0,,,-78.0,829.0,-252.0,,577.0,-122.0,-122.0,0.0,699.0,-5.0,694.0,0.0,0.0,694.0,654.0,82.0,689.0,1.01,0.83,0.949202,689.0,1.01,0.83,0.949013,
06/30/2016,5213.0,4965.0,4965.0,,97.0,97.0,,0.0,151.0,,-1530.0,1521.0,1521.0,,9.0,9.0,0.0,,3683.0,-2424.0,,790.0,290.0,1344.0,1259.0,-382.0,478.0,,478.0,478.0,,,-96.0,877.0,-253.0,,624.0,112.0,112.0,0.0,512.0,-3.0,509.0,0.0,0.0,509.0,698.0,77.0,689.0,0.74,0.9,1.013062,690.0,0.74,0.9,1.011594,
09/30/2016,6576.0,6303.0,6303.0,,89.0,89.0,,0.0,184.0,,-2037.0,2031.0,2031.0,,6.0,6.0,0.0,,4539.0,-2585.0,,819.0,302.0,1464.0,1954.0,-438.0,464.0,,464.0,464.0,,,-26.0,1516.0,-515.0,,1001.0,-180.0,-180.0,0.0,1181.0,-5.0,1176.0,0.0,0.0,1176.0,1099.0,103.0,689.0,1.7,1.44,1.595065,691.0,1.7,1.44,1.589059,
12/31/2016,5577.0,4900.0,4900.0,,508.0,508.0,,0.0,169.0,,-1686.0,1485.0,1485.0,,201.0,201.0,0.0,,3891.0,-3003.0,,892.0,255.0,1856.0,888.0,-376.0,264.0,,485.0,485.0,,,112.0,512.0,-136.0,,376.0,598.0,598.0,0.0,-222.0,-5.0,-227.0,0.0,0.0,-227.0,516.5,145.5,697.0,-0.325681,0.532281,0.741033,697.0,-0.325681,0.532281,0.741033,
03/31/2017,5729.0,4913.0,4913.0,,646.0,646.0,,0.0,170.0,,-1707.0,1449.0,1449.0,,258.0,258.0,0.0,,4022.0,-2620.0,,859.0,304.0,1457.0,1402.0,-341.0,491.0,,491.0,491.0,,,-150.0,1061.0,-344.0,,717.0,0.0,0.0,0.0,717.0,-1.0,716.0,0.0,0.0,716.0,717.31,1.31,700.0,1.02,1.02,1.024729,700.0,1.02,1.02,1.021871,
06/30/2017,5555.0,5118.0,5118.0,,275.0,275.0,,0.0,162.0,,-1617.0,1541.0,1541.0,,76.0,76.0,0.0,,3938.0,-2585.0,,835.0,307.0,1443.0,1353.0,-335.0,486.0,,486.0,486.0,,,-151.0,1018.0,-327.0,,691.0,2.0,2.0,0.0,689.0,-3.0,686.0,0.0,0.0,686.0,709.0,21.0,700.0,0.98,0.98,1.012857,700.0,0.98,0.98,1.01,
09/30/2017,6482.0,6091.0,6091.0,,247.0,247.0,,0.0,144.0,,-1931.0,1863.0,1863.0,,68.0,68.0,0.0,,4551.0,-2890.0,,900.0,313.0,1677.0,1661.0,-340.0,498.0,,498.0,498.0,,,-158.0,1321.0,-364.0,,957.0,2.0,2.0,0.0,955.0,-1.0,954.0,0.0,0.0,954.0,1105.26,149.26,700.0,1.36,1.36,1.578943,700.0,1.36,1.36,1.573229,
12/31/2017,5799.0,5055.0,5055.0,,566.0,566.0,,0.0,178.0,,-1727.0,1497.0,1497.0,,230.0,230.0,0.0,,4072.0,-2863.0,,933.0,309.0,1621.0,1209.0,-343.0,511.0,,511.0,511.0,,,-168.0,866.0,-161.0,,705.0,2.0,2.0,0.0,703.0,0.0,703.0,0.0,0.0,703.0,656.0,-49.0,700.0,1.0,1.0,0.937143,700.0,1.0,1.0,0.93,
03/31/2018,6135.0,5284.0,5284.0,,700.0,700.0,,0.0,151.0,,-1989.0,1676.0,1676.0,,313.0,313.0,0.0,,4146.0,-2890.0,,967.0,316.0,1607.0,1256.0,-453.0,515.0,,515.0,515.0,,,-62.0,803.0,-181.0,,622.0,0.0,0.0,0.0,622.0,-2.0,620.0,0.0,0.0,620.0,899.0,279.0,701.0,0.88,0.88,1.282454,701.0,0.88,0.88,1.278003,
06/30/2018,5643.0,5178.0,5178.0,,291.0,291.0,,0.0,174.0,,-1663.0,1574.0,1574.0,,89.0,89.0,0.0,,3980.0,-3001.0,,973.0,315.0,1713.0,979.0,-372.0,518.0,,518.0,518.0,,,-146.0,607.0,-100.0,,507.0,5.0,5.0,0.0,502.0,-2.0,500.0,0.0,0.0,500.0,789.51,284.51,703.0,0.71,0.71835,1.123058,704.0,0.71,0.717102,1.121236,
09/30/2018,6628.0,6216.0,6216.0,,230.0,230.0,,0.0,182.0,,-1989.0,1931.0,1931.0,,58.0,58.0,0.0,,4639.0,-3060.0,,1039.0,323.0,1698.0,1579.0,-349.0,517.0,,517.0,517.0,,,-168.0,1230.0,-168.0,,1062.0,-4.0,-4.0,0.0,1066.0,16.0,1082.0,0.0,0.0,1082.0,1171.1,93.1,713.0,1.51,1.51,1.642496,714.0,1.51,1.51,1.640392,
12/31/2018,6115.0,5419.0,5419.0,,552.0,552.0,,0.0,144.0,,-1887.0,1650.0,1650.0,,237.0,237.0,0.0,,4228.0,-3357.0,,1095.0,326.0,1936.0,871.0,-438.0,544.0,,544.0,544.0,,,-106.0,433.0,1.0,,434.0,-20.0,-20.0,0.0,454.0,10.0,464.0,0.0,0.0,464.0,605.0,161.0,716.0,0.65,0.620112,0.844972,716.0,0.65,0.620112,0.844972,
03/31/2019,6163.0,5285.0,5285.0,,728.0,728.0,,0.0,150.0,,-1936.0,1609.0,1609.0,,327.0,327.0,0.0,,4227.0,-2854.0,,1089.0,343.0,1422.0,1373.0,-385.0,543.0,,543.0,543.0,,,-158.0,988.0,-95.0,,893.0,0.0,0.0,0.0,893.0,7.0,900.0,0.0,0.0,900.0,902.37,2.37,727.0,1.24,1.24,1.241224,727.0,1.24,1.24,1.241224,
06/30/2019,5873.0,5423.0,5423.0,,280.0,280.0,,0.0,170.0,,-1717.0,1641.0,1641.0,,76.0,76.0,0.0,,4156.0,-2858.0,,1089.0,334.0,1435.0,1298.0,-409.0,542.0,,542.0,542.0,,,-133.0,889.0,-141.0,,748.0,0.0,0.0,0.0,748.0,84.0,832.0,-12.0,0.0,820.0,820.79,0.79,728.0,1.12,1.12,1.127459,728.0,1.12,1.12,1.121085,
09/30/2019,6940.0,6515.0,6515.0,,223.0,223.0,,0.0,202.0,,-2026.0,1978.0,1978.0,,48.0,48.0,0.0,,4914.0,-2985.0,,1186.0,335.0,1464.0,1929.0,-418.0,572.0,,572.0,572.0,,,-154.0,1511.0,-188.0,,1323.0,0.0,0.0,0.0,1323.0,19.0,1342.0,-15.0,0.0,1327.0,1308.0,-19.0,729.0,1.82,1.82,1.794239,729.0,1.82,1.82,1.793937,
12/31/2019,6103.0,5392.0,5392.0,,528.0,528.0,,0.0,183.0,,-1774.0,1598.0,1598.0,,176.0,176.0,0.0,,4329.0,-3220.0,,1184.0,295.0,1741.0,1109.0,-400.0,547.0,,547.0,547.0,,,-147.0,709.0,-95.0,,614.0,7.0,7.0,0.0,607.0,67.0,674.0,-14.0,0.0,660.0,681.16,14.16,730.0,0.88,0.913699,0.933096,731.0,0.88,0.889576,0.908947,
03/31/2020,5949.0,5124.0,5124.0,,638.0,638.0,,0.0,187.0,,-1646.0,1447.0,1447.0,,199.0,199.0,0.0,,4303.0,-2815.0,,1130.0,345.0,1340.0,1488.0,-461.0,551.0,,551.0,551.0,,,-90.0,1027.0,-137.0,,890.0,0.0,0.0,0.0,890.0,48.0,938.0,-39.0,0.0,899.0,974.79,75.79,734.0,1.24,1.24,1.328052,736.0,1.24,1.24,1.328052,
06/30/2020,5421.0,4963.0,4963.0,,263.0,263.0,,0.0,195.0,,-1408.0,1349.0,1349.0,,59.0,59.0,0.0,,4013.0,-2836.0,,1150.0,334.0,1352.0,1177.0,-2385.0,554.0,,554.0,554.0,,,1831.0,-1208.0,316.0,,-892.0,0.0,0.0,0.0,-892.0,90.0,-802.0,-15.0,0.0,-817.0,808.21,1625.21,735.0,-1.13,-1.13,1.099605,735.0,-1.13,-1.13,1.08117,
09/30/2020,7037.4,,,,,,,,,,,,,,,,,,5017.595826,,,,,,1665.0,,,,,,,,,1602.2,,,1331.25,,,,,,1331.25,,,1331.25,1330.0,,,1.787,1.787,1.801,,1.787,1.787,1.801,
12/31/2020,6267.4,,,,,,,,,,,,,,,,,,4604.408084,,,,,,1068.8,,,,,,,,,900.75,,,808.25,,,,,,808.25,,,808.25,800.5,,,1.41,1.41,1.065,,1.41,1.41,1.065,
