Date,Revenue,Revenue From Electric,Revenue from Gas,Other Gas Revenue,Revenue from Water,Other Revenue,Cost of Revenue,Fuel & Purchased Power Cost,Fuel Cost,Purchased Power Cost,Purchased Gas & Water Cost,Purchased Gas Cost,Purchased Water Cost,Other Cost of Revenue,Gross Profit,Operating Expenses,Maintenance Expenses,Depreciation Expenses,Taxes Other Than Income,Other Operating Expense,Operating Income (Loss),Non-Operating (Income) Loss,"Interest Expense, Net",Total Interest Income,AFUDC - Equity,Interest Expense,Interest Expenses on Bonds,AFUDC - Debts,Other Interest Expenses,Other Non-Op (Income) Loss,Pretax Income,Income Tax Expense (Benefit),Income (Loss) from Cont Ops,Net Extraordinary Losses (Gains),Discontinued Operations,XO & Accounting Changes,Income (Loss) Incl. MI,Minority Interest,"Net Income, GAAP",Preferred Dividends,Other Adjustments,"Net Income Avail to Common, GAAP","Net Income Avail to Common, Adj",Net Abnormal Losses (Gains),Basic Weighted Avg Shares,"Basic EPS, GAAP",Basic EPS from Cont Ops,"Basic EPS from Cont Ops, Adjusted",Diluted Weighted Avg Shares,"Diluted EPS, GAAP",Diluted EPS from Cont Ops,"Diluted EPS from Cont Ops, Adjusted",Source: Bloomberg
03/31/1990,1494.583984,1082.064941,296.609009,,0.0,115.910004,-478.529999,357.190002,357.190002,,121.339996,,,,1016.053986,-737.325989,130.774994,84.195999,283.782013,238.572998,278.727997,-62.504,,,1.276,62.493,57.556999,-0.473,5.409,1.287,216.223997,-78.150002,138.074005,0.0,,,138.073995,0.0,138.074005,-9.28,,128.794005,128.794005,,228.156998,0.56,0.56,0.56,228.156998,0.56,0.56,0.56,
06/30/1990,1263.269043,1064.062012,145.901001,,0.0,53.306,-414.877991,361.914001,361.914001,,52.964001,,,,848.391052,-730.328003,146.662994,84.999001,267.092987,231.572998,118.063004,-47.037999,,,1.366,61.549999,57.441002,-0.508,4.617,-13.146,71.025004,-21.959999,49.064999,0.0,,,49.065005,0.0,49.064999,-9.28,,39.784999,39.784999,,228.171997,0.18,0.18,0.18,228.171997,0.18,0.18,0.18,
09/30/1990,1613.827026,1463.863037,91.411003,,0.0,58.553001,-396.503998,368.813995,368.813995,,27.690001,,,,1217.323029,-741.94397,106.117996,86.292999,311.868988,237.664001,475.378998,-76.942002,,,1.786,64.609001,59.576,-0.663,5.696,14.119,398.436996,-135.179993,263.256989,0.0,,,263.257004,0.0,263.256989,-9.276,,253.980989,253.980989,,228.199005,1.11,1.11,1.11,228.199005,1.11,1.11,1.11,
12/31/1990,1367.208008,1134.774048,164.052002,,0.0,68.382004,-399.320007,347.067993,347.067993,,52.251999,,,,967.888,-750.047974,125.961998,87.311996,296.363007,240.410995,217.839996,-42.772996,,,2.119,66.630997,61.111,-0.786,6.306,-21.739,175.067,-53.970001,121.097,0.0,,,121.096999,0.0,121.097,-9.242,,111.855,111.855,,228.199005,0.49,0.49,,228.199005,0.49,0.49,0.49,
03/31/1991,1479.386963,1070.685059,292.647003,,0.0,116.055,-484.415009,372.845001,372.845001,,111.57,,,,994.971954,-783.518005,147.490005,88.817001,301.985992,245.225006,211.453995,-49.407,,,2.815,69.639,66.009003,-1.132,4.762,-17.417,162.046995,-55.349998,106.696999,0.0,,,106.696996,0.0,106.696999,-9.226,,97.470999,97.470999,,228.238998,0.43,0.43,0.43,228.238998,0.43,0.43,0.43,
06/30/1991,1330.645996,1137.696045,137.572998,,0.0,55.376999,-409.165009,366.298004,366.298004,,42.867001,,,,921.480988,-762.554993,132.320007,88.554001,290.377014,251.304001,158.925995,-60.444998,,,3.642,69.642998,66.32,-1.465,4.788,-5.556,98.480997,-33.830002,64.651001,0.0,,,64.650995,0.0,64.651001,-9.221,,55.430001,55.430001,,228.270004,0.24,0.24,0.24,228.270004,0.24,0.24,0.24,
09/30/1991,1720.295044,1572.456055,87.630997,,0.0,60.208,-419.197998,395.898987,395.898987,,23.299,,,,1301.097046,-781.531982,111.359001,90.505997,329.501007,250.166,519.565002,-59.990002,,,1.958,74.691002,69.781998,-0.787,5.696,-12.743,459.575001,-156.210007,303.36499,0.0,,,303.364994,0.0,303.36499,-9.218,,294.14699,294.14699,,228.300995,1.29,1.29,1.29,228.300995,1.29,1.29,1.29,
12/31/1991,1342.72998,1115.980957,160.481003,,0.0,66.267998,-351.151001,305.53299,305.53299,,45.618,,,,991.578979,-786.137024,129.731995,91.948997,306.014008,258.441986,205.442001,-67.585002,,,1.871,75.774002,69.25,-0.752,7.276,-6.318,137.856999,-45.66,92.196999,0.0,,,92.196999,0.0,92.196999,-9.167,,83.029999,83.029999,,228.322006,0.36,0.36,,228.322006,0.36,0.36,0.36,
03/31/1992,1456.105957,1053.010986,283.764008,,0.0,119.331001,-419.227997,321.036011,321.036011,,98.192001,,,,1036.87796,-789.812988,124.169998,93.148003,319.11499,253.380005,247.065002,-69.853004,,,2.216,74.132004,69.975998,-1.078,5.234,-2.063,177.211999,-60.73,116.482002,0.0,,,116.481999,0.0,116.482002,-9.168,,107.314002,107.314002,,228.337006,0.47,0.47,0.47,228.337006,0.47,0.47,0.47,
06/30/1992,1280.109985,1072.0,150.917007,,0.0,57.193001,-332.891998,284.692993,284.692993,,48.199001,,,,947.217987,-760.356995,123.674004,94.609001,281.862,260.212006,186.860992,-67.294997,,,2.081,72.922997,69.032997,-1.014,4.904,-3.547,119.565996,-42.029999,77.536003,0.0,,,77.535997,0.0,77.536003,-9.055,,68.481003,68.481003,,229.039993,0.3,0.3,0.3,229.039993,0.3,0.3,0.3,
09/30/1992,1717.876953,1566.45105,96.449997,,0.0,54.976002,-386.502014,360.812012,360.812012,,25.690001,,,,1331.374939,-789.549011,122.334999,95.995003,308.424011,262.795013,541.825989,-67.178998,,,2.183,72.321999,68.181999,-1.063,5.203,-2.96,474.64699,-165.210007,309.437012,0.0,,,309.436984,0.0,309.437012,-9.382,,300.055012,300.055012,,233.214996,1.3,1.3,1.3,233.214996,1.3,1.3,1.3,
12/31/1992,1478.811035,1200.592041,197.212006,,0.0,81.007004,-423.625,350.531006,350.531006,,73.094002,,,,1055.186035,-832.260986,158.815002,97.109001,290.171997,286.165009,222.925003,-69.792002,,,2.833,72.219002,67.250999,-1.379,6.347,0.406,153.133001,-52.5,100.633003,0.0,,,100.633001,0.0,100.633003,-8.738,,91.895003,91.895003,,233.923996,0.39,0.39,0.39,233.923996,0.39,0.39,0.39,
03/31/1993,1586.084961,1135.383057,317.997009,,0.0,132.705002,-467.174988,347.528992,347.528992,,119.646004,,,,1118.909973,-817.036987,142.542999,98.538002,298.654999,277.300995,301.872986,-67.542997,,,3.037,72.908997,69.855003,-1.402,4.456,-2.329,234.329989,-80.389999,153.940002,0.0,,,153.93999,0.0,153.940002,-8.908,,145.032002,145.032002,,233.942001,0.62,0.62,0.62,233.942001,0.62,0.62,0.62,
06/30/1993,1396.01001,1169.280029,168.404007,,0.0,58.326,-424.600006,363.613007,363.613007,,60.987,,,,971.410004,-792.695007,138.195007,100.378998,284.838013,269.28299,178.714996,-71.744002,,,1.7,74.357002,70.668999,-0.785,4.473,-0.913,106.970994,-44.52,62.451,0.0,,,62.450994,0.0,62.451,-8.903,,53.548,53.548,,233.962006,0.23,0.23,0.23,233.962006,0.23,0.23,0.23,
09/30/1993,1799.685059,1629.463989,107.375,,0.0,62.846001,-418.674011,389.893005,389.893005,,28.781,,,,1381.011047,-804.549988,125.765999,101.806,304.928986,272.049011,576.460999,-76.254001,,,1.16,76.429001,71.315002,-0.535,5.649,0.985,500.206998,-175.369995,324.837006,0.0,,,324.837003,0.0,324.837006,-8.904,,315.933005,315.933005,,233.973999,1.35,1.35,1.35,233.973999,1.35,1.35,1.35,
12/31/1993,1483.614014,1197.537964,214.613007,,0.0,71.462997,-397.088013,316.794006,316.794006,,80.293999,,,,1086.526001,-826.491028,164.289993,103.007004,270.860992,288.333008,260.035004,-78.010998,,,1.325,74.447998,69.917,-0.612,5.143,4.888,182.024006,-64.730003,117.293999,0.0,,,117.294003,0.0,117.293999,-8.902,,108.391999,108.391999,,234.039993,0.46,0.46,0.46,234.039993,0.46,0.46,0.46,
03/31/1994,1697.76001,1147.791016,394.062988,,0.0,155.906006,-520.65802,342.110992,342.110992,,178.546997,,,,1177.10199,-806.526001,133.582001,103.765999,290.967987,278.209991,370.575989,-74.936003,,,2.072,75.466003,70.472,-0.912,5.906,1.542,295.639985,-106.330002,189.309998,0.0,,,189.309983,0.0,189.309998,-8.899,,180.410997,180.410997,,234.445007,0.77,0.77,0.77,234.445007,0.77,0.77,0.77,
06/30/1994,1392.087036,1145.750977,189.498993,,0.0,56.837002,-394.027008,320.444,123.285004,197.158997,73.583,,,,998.060028,-785.309998,140.707993,104.554001,263.134003,276.914001,212.75,-70.537998,,,2.579,74.127998,71.853996,-1.135,3.409,-1.011,142.212002,-55.0,87.211998,0.0,,,87.212002,0.0,87.211998,-8.897,,78.314998,78.314998,,234.830002,0.33,0.33,0.33,234.830002,0.33,0.33,0.33,
09/30/1994,1821.990967,1642.822998,115.238998,,0.0,63.929001,-406.618988,375.678986,176.442993,199.235992,30.940001,,,,1415.371979,-800.057007,110.674004,106.098,303.631012,279.653992,615.315002,-79.006,,,1.781,77.389,73.627998,-0.784,4.545,3.398,536.309003,-196.440002,339.868988,0.0,,,339.869,0.0,339.868988,-8.896,,330.972988,330.972988,,234.889008,1.41,1.41,1.41,234.889008,1.41,1.41,1.41,
12/31/1994,1461.248047,1204.107056,191.306,,0.0,65.834999,-375.118988,316.984985,316.984985,,58.133999,,,,1086.129059,-810.427002,121.214996,107.938004,269.958008,311.31601,275.701996,-77.002998,,,1.922,78.253998,73.106003,-0.845,5.993,0.671,198.698998,-80.82,117.878998,0.0,,,117.878998,0.0,117.878998,-8.895,,108.983998,108.983998,,234.899994,0.47,0.47,0.47,234.899994,0.47,0.47,0.47,
03/31/1995,1668.785034,1223.307983,318.955994,,0.0,126.521004,-472.567993,361.530006,113.846001,247.684006,111.038002,,,,1196.217041,-798.520996,131.488998,109.156998,275.765991,282.109009,397.696014,-78.557003,,,1.513,81.023003,74.556,-0.736,7.203,-0.953,319.139012,-118.110001,201.029007,0.0,,,201.029011,0.0,201.029007,-8.893,,192.136007,192.136007,,234.910004,0.82,0.82,0.82,234.910004,0.82,0.82,0.82,
06/30/1995,1459.852051,1230.572021,172.074005,,0.0,57.206001,-475.393005,422.969002,113.193001,309.776001,52.424,,,,984.459045,-791.106018,123.958,114.012001,252.302994,300.833008,193.352997,-79.741997,,,1.363,81.019997,74.484001,-0.658,7.194,0.085,113.611,-37.209999,76.401001,0.0,,,76.401001,0.0,76.401001,-8.892,,67.509001,67.509001,,234.921005,0.29,0.29,0.29,234.921005,0.29,0.29,0.29,
09/30/1995,1879.875977,1703.088989,113.678001,,0.0,63.109001,-474.42099,449.397995,158.994003,290.403992,25.023001,,,,1405.454987,-809.869019,111.044998,115.653999,308.897003,274.27301,595.585999,-80.230001,,,0.485,83.346001,75.655998,-0.232,7.922,-2.631,515.355998,-182.059998,333.29599,0.0,,,333.296,0.0,333.29599,-8.891,,324.40499,324.40499,,234.938995,1.38,1.38,1.38,234.938995,1.38,1.38,1.38,
12/31/1995,1528.384033,1232.438965,208.647995,,0.0,87.296997,-448.734009,377.430008,118.070999,259.359009,71.304001,,,,1079.650024,-828.346008,145.610001,116.953003,283.265991,282.516998,251.304001,-77.940004,,,0.402,83.660004,77.221001,-0.196,6.635,-5.318,173.363997,-60.240002,113.124001,0.0,,,113.123995,0.0,113.124001,-8.889,,104.235001,104.235001,,234.951996,0.44,0.44,0.44,234.951996,0.44,0.44,0.44,
03/31/1996,1867.36499,1286.267944,406.864014,,0.0,174.233002,-668.72699,487.886993,183.888,303.998993,180.839996,,,,1198.638,-840.937012,125.025002,132.565002,306.036011,277.311005,357.700989,-63.763003,,,0.513,78.980003,74.369003,-0.241,4.852,-14.704,293.937986,-105.459999,188.477997,0.0,,,188.477987,0.0,188.477997,-6.035,,182.442997,182.442997,,234.962997,0.78,0.78,0.78,234.962997,0.78,0.78,0.78,
06/30/1996,1539.734985,1244.30603,223.427994,,0.0,72.000999,-538.531006,441.977013,120.389,321.588013,96.554001,,,,1001.203979,-808.046021,123.915001,119.981003,277.473999,286.675995,193.158005,-80.353002,,,0.745,81.385002,78.106003,-0.35,3.629,-0.287,112.805003,-41.389999,71.415001,0.0,,,71.415003,0.0,71.415001,-4.608,,66.807001,66.807001,,234.973999,0.28,0.28,0.28,234.973999,0.28,0.28,0.28,
09/30/1996,1920.340942,1708.145996,141.121002,,0.0,71.073997,-519.093994,480.499008,145.942001,334.557007,38.595001,,,,1401.246948,-809.547974,100.369003,121.273003,302.98999,284.915985,591.698975,-83.501003,,,0.883,83.119003,77.956001,-0.415,5.578,1.265,508.197971,-180.210007,327.988007,0.0,,,327.987965,0.0,327.988007,-4.606,,323.382007,323.382007,,234.981003,1.38,1.38,1.38,234.981003,1.38,1.38,1.38,
12/31/1996,1632.295044,1302.396973,243.656998,,0.0,86.240997,-538.047974,435.765991,123.056,312.709991,102.281998,,,,1094.24707,-826.054016,109.328003,122.593002,279.699005,314.43399,268.192993,-78.916002,,,1.327,80.038002,77.389,-0.623,3.272,0.205,189.276991,-69.129997,120.147003,0.0,,,120.146994,0.0,120.147003,-4.61,,115.537003,115.537003,,234.988998,0.49,0.49,0.49,234.988998,0.49,0.49,0.49,
03/31/1997,1886.147949,1268.949951,455.019989,,0.0,162.177994,-726.774048,504.062012,151.354004,352.708008,222.712006,,,,1159.373901,-819.716003,114.222,123.751999,304.962006,276.779999,339.657898,-80.859997,,,1.8,82.283997,78.751999,-0.882,4.414,0.376,258.797901,-92.190002,166.60791,0.0,,,166.607899,0.0,166.60791,-4.604,,162.00391,162.00391,,235.001007,0.689375,0.689375,0.689375,235.001007,0.689375,0.689375,0.689375,
06/30/1997,1504.013916,1228.365967,213.376007,,0.0,62.271999,-522.054993,436.647011,122.426003,314.221008,85.407997,,,,981.958923,-825.93103,146.858994,124.931999,270.802002,283.338013,156.027954,-83.129001,,,1.52,81.734001,79.192001,-0.745,3.287,2.915,72.898953,-25.34,47.558956,0.0,,,47.558953,0.0,47.558956,-4.603,,42.955956,42.955956,,235.016006,0.182779,0.182779,0.182779,235.016006,0.182779,0.182779,0.182779,
09/30/1997,2011.027954,1786.146973,157.623001,,0.0,67.258003,-572.466003,525.740983,188.707993,337.03299,46.724998,,,,1438.561951,-813.031006,106.228996,126.389,312.709015,267.70401,625.531006,-85.086001,,,0.756,83.221001,80.330002,-0.371,3.262,2.621,540.445005,-185.399994,355.044983,0.0,,,355.045011,0.0,355.044983,-4.601,,350.443983,350.443983,,235.029999,1.491061,1.491061,1.491061,235.029999,1.491061,1.491061,1.491061,
12/31/1997,1720.063965,1352.112061,267.860992,,0.0,100.091003,-604.16803,479.795013,134.335999,345.459015,124.373001,,,,1115.895935,-808.815002,107.477997,127.706001,292.608002,281.02301,307.080994,-86.680006,,,0.372,85.822006,79.884003,-0.182,6.12,1.23,220.400987,-76.790001,143.610992,0.0,,,143.610987,0.0,143.610992,-4.536,,139.074993,139.074993,,235.235001,0.591217,0.591217,0.591217,235.235001,0.591217,0.591217,0.591217,
03/31/1998,1853.046997,1291.322998,399.170013,,0.0,162.554001,-682.242981,492.804001,134.554001,358.25,189.438995,,,,1170.804016,-824.281982,117.974998,128.257996,302.218994,275.829987,346.522003,-77.129,,,0.512,80.042,79.057999,-0.263,1.247,-2.401,269.393003,-92.940002,176.453003,0.0,,,176.453001,0.0,176.453003,-4.536,,171.917003,171.917003,,235.490005,0.73,0.73,0.73,235.490005,0.73,0.73,0.73,
06/30/1998,1561.041016,1286.319946,196.561996,,0.0,78.158997,-535.197998,448.295998,123.870003,324.425995,86.902,,,,1025.843018,-841.776978,132.709,129.264999,290.415009,289.388,184.065994,-82.064004,,,0.575,86.757004,76.985001,-0.294,10.066,-4.118,102.00199,-35.490002,66.512001,0.0,,,66.511988,0.0,66.512001,-4.536,,61.976001,61.976001,,234.992004,0.264,0.264,0.264,234.992004,0.264,0.264,0.264,
09/30/1998,2061.623047,1818.855957,139.927994,,0.0,102.838997,-586.539001,525.308991,203.186005,322.122986,61.23,,,,1475.084046,-844.79303,115.259003,130.205994,326.062988,273.265015,630.291016,-88.076,,,0.647,80.402,76.820999,-0.332,3.913,8.321,542.215016,-190.660004,351.554993,0.0,,,351.555012,0.0,351.554993,-4.537,,347.017993,347.017993,,233.628006,1.49,1.49,1.49,233.628006,1.49,1.49,1.49,
12/31/1998,1617.337036,1277.947021,223.949005,,0.0,115.441002,-466.117004,366.379997,117.396004,248.983994,99.737,,,,1151.220032,-851.13501,111.470001,130.785004,289.404999,319.475006,300.084991,-78.536001,,,0.697,78.624001,75.806999,-0.357,3.174,0.609,221.548991,-86.32,135.229004,0.0,,,135.228991,0.0,135.229004,-3.398,,131.831004,131.831004,,233.098007,0.56,0.56,0.56,233.098007,0.56,0.56,0.56,
03/31/1999,1776.586,1193.5,381.342,,,201.744,-585.897,405.366,117.54,287.826,180.531,,,,1190.689,-830.487,105.426,132.709,300.38,291.972,360.202,-78.422,,,0.972,80.223,75.843,-0.454,4.834,-0.829,281.78,-101.735,180.045,,,,180.045,0.0,180.045,-3.398,,176.647,176.647,,230.997,0.76,0.76,0.76,230.997,0.76,0.76,0.76,
06/30/1999,1479.081,1162.543,189.7,,,126.838,-480.89,402.878,121.427,281.451,78.012,,,,998.191,-800.302,107.089,133.615,284.979,274.619,197.889,-79.889,,,0.937,79.855,75.82,-0.438,4.473,0.971,118.0,-48.204,69.796,,,,69.796,0.0,69.796,-3.398,,66.398,66.398,,225.982,0.3,0.3,0.3,225.982,0.3,0.3,0.3,
09/30/1999,2346.241,2005.523,154.548,,,186.17,-838.934,757.762,110.402,647.36,81.172,,,,1507.307,-893.438,115.753,134.47,317.826,325.389,613.869,-83.879,,,0.859,89.212,84.498,-0.457,5.171,-4.474,529.99,-190.585,339.405,,,,339.405,,339.405,-3.399,,336.006,336.006,,220.293,1.5,1.5,1.5,220.293,1.5,1.5,1.5,
12/31/1999,1963.376953,1430.977051,274.613007,,0.0,257.786987,-833.507019,688.066986,80.681,607.385986,145.440002,,,,1129.869934,-808.353027,105.168999,125.356003,276.610992,301.217987,321.516998,-138.241001,,,1.042,88.083,83.232002,-0.546,5.397,51.200001,183.275997,-58.313,124.962997,0.0,,,124.962998,0.0,124.962997,-3.399,,121.563998,121.563998,,216.311996,0.58,0.58,0.58,216.311996,0.57,0.57,0.57,
03/31/2000,2318.591,1512.248,469.473,,0.0,336.87,-1081.724,815.426,86.265,729.161,266.298,,,,1236.867,-852.733,106.832,142.722,291.081,312.098,384.134,-89.976,,,-0.577,93.554,83.313,-1.755,11.996,-4.155,294.158,-102.625,191.533,0.0,,,191.533,0.0,191.533,-3.398,,188.135,188.135,,212.641,0.88,0.88,0.88,212.641,0.88,0.88,0.88,
06/30/2000,2041.894,1531.262,247.016,,0.0,263.616,-998.608,834.07,47.381,786.689,164.538,,,,1043.286,-838.972,128.14,145.618,275.349,289.865,204.314,-100.234,,,0.485,99.185,87.658,-1.032,12.559,1.534,104.08,-31.936,72.144,0.0,,,72.144,0.0,72.144,-3.398,,68.746,68.746,,211.966,0.33,0.33,0.33,212.074,0.33,0.33,0.33,
09/30/2000,2820.779,2328.22,177.891,,0.0,314.668,-1445.915,1313.994,105.544,1208.45,131.921,,,,1374.864,-859.261,114.971,150.786,330.041,263.463,515.603,-99.528,,,0.542,108.15,95.399,-1.148,13.899,-8.08,416.075,-132.805,283.27,0.0,,,283.27,0.0,283.27,-3.399,,279.871,279.871,,211.974,1.32,1.32,1.4,212.069,1.32,1.32,1.4,
12/31/2000,2250.125977,1566.397949,367.589996,,0.0,316.139008,-1258.323975,1030.175987,111.625999,918.549988,228.147995,,,,991.802002,-761.927979,108.102997,147.281006,225.371994,281.171997,229.875,-140.591998,,,0.849,106.556,97.624001,-2.141,11.073,34.884998,89.283002,-39.801998,49.480999,0.0,,,49.481004,0.0,49.480999,-3.398,,46.082999,46.082999,,212.003998,0.22,0.22,0.53,212.003998,0.21,0.21,0.52,
03/31/2001,2886.264,1707.374,701.819,,,477.071,-1649.852,1192.663,184.057,1008.606,457.189,,,,1236.412,-832.746,128.446,135.084,307.808,261.408,403.666,-103.981,,,0.243,108.157,99.208,-1.538,10.487,-3.933,299.685,-117.173,182.512,,,,182.512,,182.512,-3.398,0.0,179.114,179.114,,212.039556,0.84,0.84,0.84,212.697492,0.84,0.84,0.84,
06/30/2001,2112.215,1531.949,305.394,,0.0,274.872,-1020.601,852.046,46.019,806.027,168.555,,,,1091.614,-789.075,116.341,136.868,256.484,279.382,302.539,-113.299,,,0.258,106.207,98.355,-1.684,9.536,7.35,189.24,-85.166,104.074,0.0,,,104.074,0.0,104.074,-3.398,0.0,100.676,100.676,,212.115,0.48,0.48,0.48,212.555,0.48,0.48,0.48,
09/30/2001,2627.556,2247.336,166.601,,0.0,213.619,-1258.755,1171.887,99.845,1072.042,86.868,,,,1368.801,-806.321,101.128,133.011,313.583,258.599,562.48,-105.671,,,0.286,107.883,100.587,-1.934,9.23,-1.926,456.809,-176.069,280.74,0.0,,,280.74,0.0,280.74,-3.398,0.0,277.342,277.342,,212.206033,1.31,1.31,1.31,213.170793,1.3,1.3,1.3,
12/31/2001,1942.603,1401.204,292.143,,0.0,249.256,-889.898,753.928,52.698,701.23,135.97,,,,1052.705,-729.176,84.377,121.244,261.077,262.478,323.529,-110.309,,,0.494,108.634,98.799,-2.734,12.569,2.169,213.22,-84.712,128.508,0.0,,,128.508,0.0,128.508,-3.398,,125.11,125.11,,212.231,0.59,0.59,0.59,213.145,0.59,0.59,0.59,
03/31/2002,2056.0,1301.0,474.0,,0.0,281.0,-965.0,735.0,65.0,670.0,230.0,,,,1091.0,-724.0,100.0,120.0,267.0,237.0,367.0,-88.0,,,4.0,105.0,94.0,0.0,11.0,-13.0,279.0,-110.0,169.0,,,,169.0,0.0,169.0,-3.0,-20.0,146.0,146.0,,212.3,0.68,0.68,0.68,213.3,0.68,0.68,0.68,
06/30/2002,1848.0,1400.0,242.0,,0.0,206.0,-868.0,749.0,47.0,702.0,119.0,,,,980.0,-719.0,99.0,122.0,269.0,229.0,261.0,-99.0,,,2.0,105.0,99.0,-2.0,8.0,-4.0,162.0,-61.0,101.0,0.0,,,101.0,0.0,101.0,-3.0,0.0,98.0,98.0,,212.8,0.46,0.46,0.46,213.9,0.46,0.46,0.46,
09/30/2002,2539.49,2127.038,156.029,,0.0,256.423,-1221.916,1147.379,83.462,1063.917,74.537,,,,1317.574,-750.277,98.757,126.162,301.163,224.195,567.297,-99.553,,,1.983,109.082,102.619,-1.697,8.16,-7.546,467.744,-181.202,286.542,0.0,,,286.542,0.0,286.542,-2.831,,283.711,283.711,,213.219,1.34,1.34,1.34,214.22,1.33,1.33,1.33,
12/31/2002,2057.028,1424.026,331.785,,0.0,301.217,-1032.097,861.327,93.987,767.34,170.77,,,,1024.931,-762.314,89.96,125.822,276.532,270.0,262.617,-93.162,,,1.866,121.925,89.514,-1.321,33.732,-26.897,169.455,-46.424,123.031,1.879,,,121.152,0.0,121.152,-2.831,,118.321,118.321,,213.674,0.55,0.56,0.56,214.755,0.55,0.56,0.56,
03/31/2003,2570.0,1493.0,620.0,,0.0,457.0,-1413.0,1050.0,185.0,865.0,363.0,,,,1157.0,-801.0,92.0,129.0,284.0,296.0,356.0,-100.0,,,0.0,106.0,100.0,-2.0,8.0,-6.0,256.0,-99.0,157.0,0.0,,,157.0,0.0,157.0,-3.0,0.0,154.0,154.0,,214.2,0.72,0.72,0.72,215.1,0.72,0.72,0.72,
06/30/2003,2176.0,1561.0,326.0,,0.0,289.0,-1201.0,1008.0,102.0,906.0,193.0,,,,975.0,-770.0,91.0,130.0,270.0,370.0,205.0,-95.0,,,4.0,104.0,99.0,-3.0,8.0,-5.0,110.0,-41.0,69.0,0.0,,,69.0,0.0,69.0,-3.0,0.0,66.0,66.0,,219.3,0.29,0.29,0.29,220.3,0.29,0.29,0.29,
09/30/2003,2801.0,2249.0,184.0,,0.0,368.0,-1452.0,1351.0,131.0,1220.0,101.0,,,,1349.0,-815.0,94.0,134.0,295.0,292.0,534.0,-101.0,,,4.0,108.0,102.0,-3.0,9.0,-3.0,433.0,-173.0,260.0,0.0,,,260.0,0.0,260.0,-3.0,,257.0,257.0,,225.0,1.17,1.17,1.17,226.0,1.16,1.16,1.16,
12/31/2003,2279.0,1559.0,362.0,,0.0,358.0,-1213.0,1023.0,87.0,936.0,190.0,,,,1066.0,-744.0,75.0,136.0,267.0,266.0,322.0,-262.0,,,5.0,117.0,101.0,-4.0,20.0,150.0,60.0,-10.0,50.0,-3.0,,,53.0,0.0,53.0,-3.0,,50.0,50.0,,225.5,0.21,0.19,0.65,226.5,0.21,0.19,0.65,
03/31/2004,2685.0,1539.0,645.0,,0.0,501.0,-1516.0,1116.0,185.0,931.0,400.0,,,,1169.0,-809.0,,137.0,282.0,390.0,360.0,-97.0,,,6.0,114.0,114.0,0.0,0.0,-11.0,263.0,-105.0,158.0,0.0,,,158.0,0.0,158.0,-3.0,0.0,155.0,155.0,,226.2,0.69,0.69,0.69,227.5,0.68,0.68,0.68,
06/30/2004,2164.0,1531.0,283.0,,0.0,350.0,-1184.0,1029.0,139.0,890.0,155.0,,,,980.0,-751.0,,137.0,255.0,359.0,229.0,-91.0,,,6.0,108.0,106.0,-4.0,6.0,-11.0,138.0,-46.0,92.0,3.0,,,89.0,0.0,89.0,-3.0,0.0,86.0,86.0,,234.0,0.37,0.38,0.38,234.9,0.37,0.38,0.38,
09/30/2004,2734.0,2168.0,182.0,,0.0,384.0,-1449.0,1363.0,148.0,1215.0,86.0,,,,1285.0,-802.0,,140.0,278.0,384.0,483.0,-77.0,,,6.0,109.0,105.0,-4.0,8.0,-26.0,406.0,-153.0,253.0,4.0,,,249.0,0.0,249.0,-3.0,0.0,246.0,246.0,,241.5,1.02,1.04,1.04,242.2,1.01,1.03,1.03,
12/31/2004,4362.0,2828.0,792.0,,,742.0,-2530.0,2112.0,260.0,1852.0,418.0,,,,1832.0,-1554.0,746.0,278.0,530.0,,278.0,-212.0,,,14.0,224.0,212.0,-10.0,22.0,2.0,66.0,44.0,110.0,2.0,,,108.0,,108.0,-6.0,0.0,102.0,102.0,,484.4,0.42,0.44,0.44,485.8,0.42,0.44,0.44,
03/31/2005,2800.0,1513.0,728.0,,0.0,559.0,-1583.0,1131.0,191.0,940.0,452.0,,,,1217.0,-825.0,,141.0,270.0,414.0,392.0,-98.0,,,7.0,110.0,107.0,-5.0,8.0,-5.0,294.0,-110.0,184.0,0.0,,,184.0,0.0,184.0,-3.0,0.0,181.0,181.0,,242.7,0.75,0.75,0.75,243.4,0.75,0.75,0.75,
06/30/2005,2395.0,1640.0,354.0,,0.0,401.0,-1298.0,1097.0,139.0,958.0,201.0,,,,1097.0,-832.0,,146.0,281.0,405.0,265.0,-105.0,,,0.0,114.0,113.0,0.0,1.0,-9.0,160.0,-39.0,121.0,3.0,,,118.0,0.0,118.0,-3.0,0.0,115.0,115.0,,243.4,0.47,0.48,0.48,244.2,0.47,0.48,0.48,
09/30/2005,3337.0,2502.0,232.0,,0.0,603.0,-1877.0,1744.0,222.0,1522.0,133.0,,,,1460.0,-890.0,,147.0,323.0,420.0,570.0,-107.0,,,0.0,120.0,111.0,0.0,9.0,-13.0,463.0,-173.0,290.0,2.0,,,288.0,0.0,288.0,-3.0,0.0,285.0,285.0,,244.4,1.17,1.17,1.17,245.4,1.16,1.17,1.17,
03/31/2006,3317.0,1759.0,843.0,,0.0,715.0,-1995.0,1439.0,255.0,1184.0,556.0,,,,1322.0,-909.0,,151.0,318.0,440.0,413.0,-122.0,,,1.0,126.0,113.0,-1.0,14.0,-3.0,291.0,-108.0,183.0,-1.0,,,184.0,0.0,184.0,-3.0,0.0,181.0,181.0,,245.5,0.74,0.74,0.86,246.5,0.74,0.74,0.86,
06/30/2006,2555.0,1666.0,349.0,,0.0,540.0,-1353.0,1164.0,145.0,1019.0,189.0,,,,1202.0,-889.0,,153.0,299.0,437.0,313.0,-119.0,,,1.0,130.0,119.0,-1.0,12.0,-10.0,194.0,-65.0,129.0,2.0,,,127.0,0.0,127.0,-3.0,0.0,124.0,124.0,,245.0,0.5,0.51,0.51,246.7,0.5,0.51,0.51,
09/30/2006,3441.0,2478.0,211.0,,0.0,752.0,-1887.0,1787.0,200.0,1587.0,100.0,,,,1554.0,-1039.0,0.0,155.0,328.0,556.0,515.0,-139.0,,,2.0,161.0,123.0,-2.0,40.0,-20.0,376.0,-142.0,234.0,0.0,,,234.0,0.0,234.0,-3.0,0.0,231.0,231.0,,249.0,0.93,0.93,0.95,250.0,0.92,0.92,0.94,
12/31/2006,2649.0,1731.0,446.0,,0.0,472.0,-1376.0,1139.0,-47.0,1186.0,237.0,,,,1273.0,-886.0,0.0,136.0,304.0,446.0,387.0,-90.0,,,2.0,93.0,86.0,-2.0,9.0,-1.0,297.0,-92.0,205.0,2.0,,,203.0,0.0,203.0,-2.0,0.0,201.0,201.0,,257.0,0.78,0.78,0.78,258.1,0.78,0.78,0.78,
03/31/2007,3357.0,1787.0,849.0,,0.0,721.0,-1851.0,1337.0,219.0,1118.0,514.0,,,,1506.0,-976.0,,158.0,328.0,490.0,530.0,-115.0,,,2.0,131.0,118.0,-2.0,15.0,-14.0,415.0,-154.0,261.0,2.0,,,259.0,0.0,259.0,-3.0,0.0,256.0,256.0,,258.0,0.99,1.0,1.02,259.100006,0.99,1.0,1.02,
06/30/2007,2957.0,1896.0,422.0,,0.0,639.0,-1640.0,1390.0,136.0,1254.0,250.0,,,,1317.0,-974.0,,160.0,317.0,497.0,343.0,-116.0,,,2.0,128.0,116.0,-2.0,14.0,-10.0,227.0,-76.0,151.0,-3.0,,,154.0,0.0,154.0,-3.0,0.0,151.0,151.0,,264.9,0.58,0.57,0.58,266.2,0.58,0.57,0.58,
09/30/2007,3579.0,2477.0,234.0,,0.0,868.0,-1984.0,1871.0,136.0,1735.0,113.0,,,,1595.0,-1050.0,,163.0,343.0,544.0,545.0,-106.0,,,2.0,129.0,116.0,-2.0,15.0,-21.0,439.0,-126.0,313.0,-2.0,,,315.0,0.0,315.0,-3.0,0.0,312.0,312.0,,271.0,1.15,1.14,1.18,272.0,1.15,1.14,1.18,
12/31/2007,3228.0,1951.0,520.0,,0.0,757.0,-1750.0,1454.0,133.0,1321.0,296.0,,,,1478.0,-1048.0,,164.0,335.0,549.0,430.0,-125.0,,,2.0,129.0,120.0,-4.0,13.0,-2.0,305.0,-96.0,209.0,-1.0,,,210.0,0.0,210.0,-3.0,0.0,207.0,207.0,,271.6,0.76,0.76,0.71,272.5,0.76,0.76,0.71,
03/31/2008,3577.0,1873.0,846.0,,0.0,858.0,-1989.0,1492.0,201.0,1291.0,497.0,,,,1588.0,-1051.0,,165.0,349.0,537.0,537.0,-87.0,,,2.0,126.0,113.0,-3.0,16.0,-37.0,450.0,-147.0,303.0,-3.0,,,306.0,0.0,306.0,-3.0,0.0,303.0,303.0,,272.200012,1.11,1.1,0.87,273.0,1.11,1.1,0.87,
06/30/2008,3149.0,1957.0,426.0,,0.0,766.0,-1729.0,1486.0,124.0,1362.0,243.0,,,,1420.0,-1082.0,,182.0,328.0,572.0,338.0,135.0,,,2.0,128.0,131.0,-3.0,0.0,-261.0,473.0,-190.0,283.0,-272.0,,,555.0,0.0,555.0,-3.0,0.0,552.0,552.0,,272.7,2.02,1.03,1.03,273.5,2.02,1.03,1.03,
09/30/2008,3858.0,2922.0,273.0,,0.0,663.0,-2327.0,2195.0,179.0,2016.0,132.0,,,,1531.0,-1129.0,,183.0,356.0,590.0,402.0,-125.0,,,2.0,139.0,135.0,-2.0,6.0,-12.0,277.0,-92.0,185.0,0.0,,,185.0,0.0,185.0,-3.0,0.0,182.0,182.0,,273.2,0.66,0.66,0.98,273.8,0.66,0.66,0.98,
12/31/2008,2998.0,1859.0,552.0,,178.0,409.0,-1539.0,1239.0,159.0,1080.0,300.0,,,,1459.0,-1078.0,,186.0,332.0,560.0,381.0,-140.0,,,2.0,150.0,140.0,-1.0,11.0,-8.0,241.0,-78.0,163.0,0.0,0.0,0.0,163.0,0.0,163.0,-3.0,0.0,160.0,160.0,0.0,273.6,0.58,0.58,0.58,274.2,0.58,0.58,0.58,
03/31/2009,3423.0,1803.0,888.0,,0.0,732.0,-1872.0,1374.0,235.0,1139.0,498.0,498.0,,0.0,1551.0,-1132.0,,192.0,359.0,581.0,419.0,-142.0,141.0,-3.0,3.0,144.0,142.0,-2.0,4.0,1.0,277.0,-94.0,183.0,0.0,0.0,0.0,183.0,0.0,183.0,-3.0,0.0,180.0,214.0,34.0,273.9,0.66,0.66,0.781307,274.5,0.66,0.66,0.781307,
06/30/2009,2845.0,1955.0,334.0,,0.0,556.0,-1287.0,1151.0,86.0,1065.0,136.0,136.0,,0.0,1558.0,-1186.0,,197.0,367.0,622.0,372.0,-139.0,152.0,-3.0,3.0,155.0,151.0,-2.0,6.0,-13.0,233.0,-80.0,153.0,0.0,0.0,0.0,153.0,0.0,153.0,-3.0,0.0,150.0,131.0,-19.0,274.5,0.55,0.55,0.477231,275.3,0.55,0.55,0.477231,
09/30/2009,3489.0,2604.0,208.0,,0.0,677.0,-1510.0,1421.0,83.0,1338.0,89.0,89.0,,0.0,1979.0,-1294.0,,200.0,418.0,676.0,685.0,-151.0,151.0,-4.0,4.0,155.0,148.0,-3.0,10.0,0.0,534.0,-195.0,339.0,0.0,0.0,0.0,339.0,0.0,339.0,-3.0,0.0,336.0,319.0,-17.0,275.1,1.22,1.22,1.159578,276.0,1.22,1.22,1.158406,
12/31/2009,3273.0,1958.0,513.0,,0.0,802.0,-1573.0,1333.0,99.0,1234.0,240.0,240.0,,0.0,1700.0,-1277.0,,201.0,400.0,676.0,423.0,-147.0,151.0,-5.0,5.0,156.0,149.0,-2.0,9.0,-4.0,276.0,-71.0,205.0,0.0,0.0,0.0,205.0,0.0,205.0,-3.0,0.0,202.0,203.0,1.0,276.9,0.73,0.73,0.733117,278.2,0.73,0.73,0.733117,
03/31/2010,3462.0,1889.0,773.0,,0.0,800.0,-1636.0,1293.0,150.0,1143.0,343.0,343.0,,0.0,1826.0,-1334.0,,204.0,428.0,702.0,492.0,-141.0,144.0,-5.0,5.0,149.0,150.0,-3.0,2.0,-3.0,351.0,-122.0,229.0,0.0,0.0,0.0,229.0,0.0,229.0,-3.0,0.0,226.0,264.0,38.0,281.4,0.8,0.8,0.938166,282.7,0.8,0.8,0.934418,
06/30/2010,3017.0,2256.0,274.0,,0.0,487.0,-1294.0,1227.0,87.0,1140.0,67.0,67.0,,0.0,1723.0,-1294.0,,211.0,405.0,678.0,429.0,-137.0,145.0,-4.0,4.0,149.0,148.0,-3.0,4.0,-8.0,292.0,-106.0,186.0,0.0,0.0,0.0,186.0,,186.0,-3.0,0.0,183.0,144.0,-39.0,282.0,0.65,0.65,0.510638,283.5,0.64,0.64,0.502434,
09/30/2010,3707.0,2814.0,229.0,,0.0,664.0,-1604.0,1531.0,106.0,1425.0,73.0,73.0,0.0,0.0,2103.0,-1398.0,,211.0,449.0,738.0,705.0,-147.0,153.0,-4.0,4.0,157.0,152.0,-2.0,7.0,-6.0,558.0,-205.0,353.0,0.0,0.0,0.0,353.0,0.0,353.0,-3.0,0.0,350.0,372.0,22.0,283.0,1.24,1.24,1.314488,284.6,1.23,1.23,1.307301,
12/31/2010,3140.0,2105.0,484.0,,0.0,551.0,-1198.0,1020.0,115.0,905.0,178.0,178.0,,0.0,1942.0,-1448.0,,215.0,440.0,793.0,494.0,-143.0,149.0,-3.0,3.0,152.0,147.0,-2.0,7.0,-6.0,351.0,-115.0,236.0,0.0,0.0,0.0,236.0,0.0,236.0,-3.0,0.0,233.0,201.0,-32.0,289.3,0.8,0.81,0.694781,291.0,0.8,0.8,0.690034,
03/31/2011,3349.0,1869.0,755.0,,0.0,725.0,-1349.0,1041.0,176.0,865.0,308.0,308.0,,0.0,2000.0,-1374.0,,218.0,458.0,698.0,626.0,-143.0,148.0,-4.0,4.0,152.0,147.0,-2.0,7.0,-5.0,483.0,-169.0,314.0,0.0,0.0,0.0,314.0,0.0,314.0,-3.0,0.0,311.0,289.0,-22.0,292.0,1.07,1.07,0.989726,293.6,1.06,1.06,0.985068,
06/30/2011,2993.0,2153.0,333.0,,0.0,507.0,-1199.0,1088.0,68.0,1020.0,111.0,111.0,,0.0,1794.0,-1396.0,,219.0,445.0,732.0,398.0,-147.0,150.0,-2.0,2.0,152.0,146.0,-1.0,7.0,-3.0,251.0,-83.0,168.0,0.0,0.0,0.0,168.0,0.0,168.0,-3.0,0.0,165.0,166.0,1.0,292.7,0.57,0.57,0.567134,294.3,0.56,0.56,0.563398,
09/30/2011,3629.0,2861.0,220.0,,0.0,548.0,-1385.0,1312.0,73.0,1239.0,73.0,73.0,0.0,0.0,2244.0,-1488.0,,222.0,483.0,783.0,756.0,-145.0,142.0,-2.0,2.0,144.0,145.0,-1.0,0.0,3.0,611.0,-225.0,386.0,0.0,0.0,0.0,386.0,0.0,386.0,-3.0,0.0,383.0,390.0,7.0,292.9,1.31,1.31,1.331512,294.6,1.3,1.3,1.323761,
12/31/2011,2915.0,1983.0,426.0,,0.0,506.0,-1069.0,938.0,95.0,843.0,131.0,131.0,,0.0,1846.0,-1387.0,,225.0,406.0,756.0,459.0,-142.0,142.0,-4.0,4.0,146.0,145.0,-2.0,3.0,0.0,317.0,-124.0,193.0,0.0,0.0,0.0,193.0,0.0,193.0,-3.0,0.0,190.0,219.0,29.0,292.9,0.65,0.65,0.747695,294.8,0.65,0.65,0.747695,
03/31/2012,3078.0,1862.0,645.0,,0.0,571.0,-1085.0,889.0,108.0,781.0,196.0,196.0,,0.0,1993.0,-1432.0,,233.0,450.0,749.0,561.0,-147.0,150.0,,,150.0,145.0,,5.0,-3.0,414.0,-134.0,280.0,0.0,0.0,0.0,280.0,0.0,280.0,-3.0,0.0,277.0,295.0,18.0,292.9,0.95,0.95,1.00717,294.5,0.94,0.94,1.001121,
06/30/2012,2771.0,2090.0,300.0,,0.0,381.0,-837.0,775.0,46.0,729.0,62.0,62.0,,0.0,1934.0,-1459.0,,236.0,433.0,790.0,475.0,-155.0,151.0,-2.0,2.0,153.0,149.0,-1.0,5.0,4.0,320.0,-106.0,214.0,0.0,0.0,0.0,214.0,0.0,214.0,,0.0,214.0,178.0,-36.0,292.9,0.73,0.73,0.607716,294.4,0.73,0.73,0.607716,
09/30/2012,3438.0,2810.0,216.0,,,412.0,-1045.0,989.0,59.0,930.0,56.0,56.0,,,2393.0,-1542.0,,240.0,476.0,826.0,851.0,-150.0,151.0,-1.0,1.0,152.0,146.0,,6.0,-1.0,701.0,-261.0,440.0,0.0,0.0,0.0,440.0,0.0,440.0,,0.0,440.0,423.0,-17.0,292.9,1.5,1.5,1.444179,294.6,1.49,1.49,1.432295,
12/31/2012,2901.0,2003.0,458.0,,0.0,440.0,-920.0,773.0,97.0,676.0,147.0,147.0,,0.0,1981.0,-1528.0,,246.0,465.0,817.0,453.0,-146.0,147.0,-1.0,1.0,148.0,145.0,-1.0,4.0,-1.0,307.0,-100.0,207.0,0.0,0.0,0.0,207.0,0.0,207.0,0.0,0.0,207.0,203.0,-4.0,292.9,0.71,0.71,0.693069,294.5,0.7,0.7,0.686418,
03/31/2013,3184.0,1958.0,742.0,,0.0,484.0,-1104.0,854.0,147.0,707.0,250.0,250.0,,0.0,2080.0,-1554.0,,251.0,473.0,830.0,526.0,-277.0,278.0,-1.0,1.0,279.0,143.0,,136.0,-1.0,249.0,-57.0,192.0,0.0,0.0,0.0,192.0,0.0,192.0,0.0,0.0,192.0,301.0,109.0,292.9,0.66,0.66,1.027654,294.2,0.65,0.65,1.020496,
06/30/2013,2818.0,2018.0,366.0,,0.0,434.0,-944.0,826.0,58.0,768.0,118.0,118.0,,0.0,1874.0,-1488.0,,255.0,457.0,776.0,386.0,-149.0,150.0,-1.0,1.0,151.0,145.0,,6.0,-1.0,237.0,-65.0,172.0,0.0,0.0,0.0,172.0,0.0,172.0,0.0,0.0,172.0,160.0,-12.0,292.9,0.59,0.59,0.546262,294.3,0.59,0.59,0.546262,
09/30/2013,3484.0,2822.0,225.0,,0.0,437.0,-1076.0,1002.0,56.0,946.0,74.0,74.0,,0.0,2408.0,-1553.0,,258.0,500.0,795.0,855.0,-141.0,145.0,-1.0,1.0,146.0,145.0,-1.0,2.0,-4.0,714.0,-250.0,464.0,0.0,0.0,0.0,464.0,0.0,464.0,0.0,0.0,464.0,434.0,-30.0,292.9,1.58,1.58,1.481734,294.3,1.58,1.58,1.478063,
12/31/2013,2868.0,1957.0,488.0,,0.0,423.0,-929.0,737.0,60.0,677.0,192.0,192.0,0.0,0.0,1939.0,-1462.0,,261.0,464.0,737.0,477.0,-139.0,142.0,-2.0,2.0,144.0,145.0,-1.0,,-3.0,338.0,-104.0,234.0,0.0,0.0,0.0,234.0,0.0,234.0,0.0,0.0,234.0,187.0,-47.0,292.9,0.8,0.8,0.638443,294.4,0.79,0.79,0.630353,
03/31/2014,3789.0,2237.0,882.0,,0.0,670.0,-1519.0,1119.0,156.0,963.0,400.0,400.0,,0.0,2270.0,-1585.0,,261.0,499.0,825.0,685.0,-126.0,135.0,-1.0,1.0,136.0,146.0,-1.0,-9.0,-9.0,559.0,-198.0,361.0,0.0,0.0,0.0,361.0,0.0,361.0,0.0,0.0,361.0,350.0,-11.0,292.9,1.23,1.23,1.194947,294.1,1.23,1.23,1.192598,
06/30/2014,2911.0,2134.0,395.0,,98.0,284.0,-968.0,817.0,34.0,783.0,151.0,151.0,,0.0,1943.0,-1488.0,,265.0,467.0,756.0,455.0,-141.0,149.0,-1.0,1.0,150.0,147.0,-1.0,4.0,-8.0,314.0,-102.0,212.0,0.0,0.0,0.0,212.0,0.0,212.0,0.0,0.0,212.0,189.0,-23.0,292.9,0.73,0.73,0.645271,294.0,0.72,0.72,0.641769,
09/30/2014,3390.0,2786.0,237.0,,46.0,321.0,-992.0,916.0,41.0,875.0,76.0,76.0,,0.0,2398.0,-1579.0,,270.0,452.0,857.0,819.0,-124.0,149.0,-1.0,1.0,150.0,145.0,,5.0,-25.0,695.0,-259.0,436.0,0.0,0.0,0.0,436.0,,436.0,0.0,0.0,436.0,436.0,0.0,292.9,1.49,1.49,1.49,294.0,1.48,1.48,1.48,
12/31/2014,2829.0,1956.0,420.0,,0.0,453.0,-1035.0,851.0,54.0,797.0,184.0,184.0,,0.0,1794.0,-1544.0,,275.0,458.0,811.0,250.0,-160.0,158.0,2.0,-2.0,156.0,149.0,1.0,6.0,2.0,90.0,-9.0,81.0,0.0,0.0,0.0,81.0,,81.0,0.0,0.0,81.0,157.0,76.0,292.9,0.28,0.28,0.536019,294.0,0.28,0.28,0.536019,
03/31/2015,3616.0,2135.0,732.0,,0.0,749.0,-1300.0,1038.0,154.0,884.0,262.0,262.0,0.0,0.0,2316.0,-1590.0,,279.0,497.0,814.0,726.0,-157.0,160.0,-1.0,1.0,161.0,156.0,-1.0,6.0,-3.0,569.0,-199.0,370.0,0.0,0.0,0.0,370.0,,370.0,0.0,0.0,370.0,365.0,-5.0,292.9,1.26,1.26,1.246159,293.9,1.26,1.26,1.242987,
06/30/2015,2788.0,2040.0,324.0,,0.0,424.0,-780.0,691.0,31.0,660.0,89.0,89.0,,0.0,2008.0,-1536.0,,276.0,458.0,802.0,472.0,-152.0,161.0,-1.0,1.0,162.0,156.0,-1.0,7.0,-9.0,320.0,-101.0,219.0,0.0,0.0,0.0,219.0,,219.0,0.0,0.0,219.0,228.0,9.0,292.9,0.75,0.75,0.778423,294.0,0.74,0.74,0.770612,
09/30/2015,3443.0,2762.0,237.0,,0.0,444.0,-955.0,891.0,31.0,860.0,64.0,64.0,0.0,0.0,2488.0,-1658.0,,285.0,504.0,869.0,830.0,-153.0,161.0,-1.0,1.0,162.0,157.0,-1.0,6.0,-8.0,677.0,-249.0,428.0,0.0,0.0,0.0,428.0,,428.0,0.0,0.0,428.0,424.0,-4.0,292.9,1.46,1.46,1.447593,294.2,1.45,1.45,1.436404,
12/31/2015,2707.0,1895.0,416.0,,0.0,396.0,-681.0,602.0,32.0,570.0,79.0,79.0,0.0,0.0,2026.0,-1627.0,,290.0,478.0,859.0,399.0,-166.0,166.0,-1.0,1.0,167.0,163.0,-1.0,5.0,0.0,233.0,-57.0,176.0,0.0,0.0,0.0,176.0,,176.0,0.0,0.0,176.0,178.0,2.0,293.2,0.6,0.6,0.607094,294.6,0.6,0.6,0.606789,
03/31/2016,3156.0,1912.0,676.0,,0.0,568.0,-920.0,762.0,71.0,691.0,158.0,158.0,,0.0,2236.0,-1594.0,,297.0,510.0,787.0,642.0,-168.0,167.0,-2.0,2.0,169.0,163.0,-1.0,7.0,1.0,474.0,-164.0,310.0,0.0,0.0,0.0,310.0,,310.0,0.0,0.0,310.0,348.0,38.0,293.7,1.05,1.05,1.184883,294.8,1.05,1.05,1.178901,
06/30/2016,2794.0,2035.0,421.0,421.0,0.0,338.0,-672.0,591.0,33.0,558.0,81.0,81.0,0.0,0.0,2122.0,-1607.0,,302.0,485.0,820.0,515.0,-159.0,168.0,-2.0,2.0,170.0,167.0,-2.0,5.0,-9.0,356.0,-124.0,232.0,0.0,0.0,0.0,232.0,,232.0,0.0,0.0,232.0,179.0,-53.0,299.1,0.78,0.78,0.598462,300.4,0.77,0.77,0.593569,
09/30/2016,3417.0,2769.0,235.0,,0.0,413.0,-908.0,827.0,29.0,798.0,81.0,81.0,0.0,0.0,2509.0,-1569.0,,305.0,528.0,736.0,940.0,-129.0,175.0,-3.0,3.0,178.0,174.0,-1.0,5.0,-46.0,811.0,-314.0,497.0,0.0,0.0,0.0,497.0,,497.0,0.0,0.0,497.0,460.0,-37.0,304.5,1.63,1.63,1.510673,305.9,1.62,1.62,1.499045,
12/31/2016,2707.0,2024.0,446.0,,0.0,237.0,-589.0,431.0,39.0,392.0,158.0,158.0,0.0,0.0,2118.0,-1640.0,,311.0,508.0,821.0,478.0,-175.0,176.0,-2.0,2.0,178.0,173.0,-2.0,7.0,-1.0,303.0,-96.0,207.0,0.0,0.0,0.0,207.0,,207.0,0.0,0.0,207.0,211.0,4.0,304.8,0.68,0.68,0.692257,306.2,0.67,0.67,0.683063,
03/31/2017,3228.0,1934.0,862.0,,0.0,432.0,-806.0,485.0,100.0,385.0,321.0,321.0,,0.0,2422.0,-1651.0,,329.0,542.0,780.0,771.0,-156.0,179.0,-2.0,2.0,181.0,178.0,-1.0,4.0,-23.0,615.0,-227.0,388.0,0.0,0.0,0.0,388.0,,388.0,0.0,0.0,388.0,386.0,-2.0,305.1,1.27,1.27,1.265159,306.3,1.27,1.27,1.26347,
06/30/2017,2633.0,1965.0,435.0,,0.0,233.0,-595.0,446.0,38.0,408.0,149.0,149.0,,0.0,2038.0,-1574.0,,332.0,511.0,731.0,464.0,-187.0,178.0,-2.0,2.0,180.0,179.0,-2.0,3.0,9.0,277.0,-102.0,175.0,0.0,0.0,0.0,175.0,,175.0,0.0,0.0,175.0,178.0,3.0,305.4,0.57,0.57,0.582842,306.8,0.57,0.57,0.579778,
09/30/2017,3211.0,2675.0,296.0,,0.0,240.0,-605.0,490.0,30.0,460.0,115.0,115.0,0.0,0.0,2606.0,-1692.0,,337.0,544.0,811.0,914.0,-187.0,182.0,-3.0,3.0,185.0,183.0,-2.0,4.0,5.0,727.0,-270.0,457.0,0.0,0.0,0.0,457.0,,457.0,0.0,0.0,457.0,453.0,-4.0,307.8,1.48,1.48,1.471735,309.3,1.48,1.48,1.467068,
12/31/2017,2961.0,2039.0,540.0,,0.0,382.0,-619.0,395.0,47.0,348.0,224.0,224.0,,0.0,2342.0,-1798.0,,342.0,558.0,898.0,544.0,-167.0,181.0,-4.0,4.0,185.0,187.0,-2.0,0.0,-14.0,377.0,128.0,505.0,0.0,0.0,0.0,505.0,,505.0,0.0,0.0,505.0,247.0,-258.0,310.1,1.63,1.63,0.796517,311.8,1.62,1.62,0.792547,
03/31/2018,3364.0,1877.0,939.0,,0.0,548.0,-855.0,477.0,124.0,353.0,378.0,378.0,,0.0,2509.0,-1754.0,,348.0,570.0,836.0,755.0,-210.0,191.0,-4.0,4.0,195.0,190.0,-2.0,7.0,19.0,545.0,-117.0,428.0,0.0,0.0,0.0,428.0,,428.0,0.0,0.0,428.0,428.0,0.0,310.4,1.38,1.38,1.38,311.6,1.37,1.37,1.37,
06/30/2018,2696.0,1951.0,489.0,,0.0,256.0,-620.0,426.0,38.0,388.0,194.0,194.0,,0.0,2076.0,-1650.0,,354.0,540.0,756.0,426.0,-200.0,194.0,-3.0,3.0,197.0,190.0,-2.0,9.0,6.0,226.0,-38.0,188.0,0.0,0.0,0.0,188.0,,188.0,0.0,0.0,188.0,189.0,1.0,310.8,0.6,0.6,0.608108,311.9,0.6,0.6,0.603206,
09/30/2018,3328.0,2783.0,298.0,,0.0,247.0,-748.0,584.0,39.0,545.0,164.0,164.0,0.0,0.0,2580.0,-1754.0,,360.0,597.0,797.0,826.0,-216.0,201.0,-4.0,4.0,205.0,195.0,-3.0,13.0,15.0,610.0,-175.0,435.0,0.0,0.0,0.0,435.0,,435.0,0.0,0.0,435.0,489.0,54.0,311.1,1.4,1.4,1.571842,312.3,1.39,1.39,1.562911,
12/31/2018,2949.0,2001.0,601.0,,0.0,347.0,-725.0,419.0,62.0,357.0,306.0,306.0,,0.0,2224.0,-1567.0,,377.0,559.0,631.0,657.0,-255.0,221.0,-1.0,1.0,222.0,204.0,-3.0,21.0,34.0,402.0,-71.0,331.0,0.0,0.0,0.0,331.0,,331.0,0.0,0.0,331.0,243.0,-88.0,313.8,1.06,1.06,0.774379,315.0,1.05,1.05,0.770635,
03/31/2019,3514.0,1941.0,1034.0,,0.0,539.0,-916.0,474.0,106.0,368.0,442.0,442.0,,0.0,2598.0,-1812.0,,413.0,605.0,794.0,786.0,-233.0,244.0,-3.0,3.0,247.0,221.0,-3.0,29.0,-11.0,553.0,-108.0,445.0,0.0,0.0,0.0,445.0,-21.0,424.0,0.0,0.0,424.0,444.05,20.05,322.5,1.31,1.31,1.376899,323.4,1.31,1.31,1.371998,
06/30/2019,2744.0,1971.0,449.0,,0.0,324.0,-509.0,378.0,26.0,352.0,131.0,131.0,,0.0,2235.0,-1777.0,,418.0,578.0,781.0,458.0,-260.0,259.0,-4.0,4.0,263.0,219.0,-3.0,47.0,1.0,198.0,-19.0,179.0,0.0,0.0,0.0,179.0,-27.0,152.0,0.0,0.0,152.0,189.0,37.0,328.3,0.46,0.46,0.575693,329.2,0.46,0.46,0.572394,
09/30/2019,3365.0,2753.0,306.0,,0.0,306.0,-612.0,514.0,31.0,483.0,98.0,98.0,0.0,0.0,2753.0,-1886.0,,421.0,618.0,847.0,867.0,-248.0,258.0,-4.0,4.0,262.0,220.0,-3.0,45.0,-10.0,619.0,-116.0,503.0,0.0,0.0,0.0,503.0,-30.0,473.0,0.0,0.0,473.0,513.0,40.0,332.2,1.42,1.42,1.54425,333.2,1.42,1.42,1.540048,
12/31/2019,2951.0,2029.0,600.0,,0.0,322.0,-595.0,386.0,43.0,343.0,209.0,209.0,,0.0,2356.0,-1791.0,,432.0,606.0,753.0,565.0,-200.0,217.0,-3.0,3.0,220.0,229.0,-3.0,-6.0,-17.0,365.0,-52.0,313.0,0.0,0.0,0.0,313.0,-18.0,295.0,0.0,0.0,295.0,288.0,-7.0,332.5,0.89,0.89,0.866165,333.6,0.88,0.88,0.859017,
03/31/2020,3234.0,1906.0,931.0,,0.0,397.0,-618.0,386.0,78.0,308.0,232.0,232.0,,0.0,2616.0,-1808.0,,470.0,638.0,700.0,808.0,-361.0,317.0,-5.0,5.0,322.0,224.0,-3.0,101.0,44.0,447.0,-55.0,392.0,0.0,0.0,0.0,392.0,-17.0,375.0,0.0,0.0,375.0,451.0,76.0,333.6,1.13,1.13,1.351918,334.6,1.12,1.12,1.347137,
06/30/2020,2719.0,1983.0,453.0,,0.0,283.0,-480.0,403.0,23.0,380.0,77.0,77.0,,0.0,2239.0,-1760.0,,476.0,604.0,680.0,479.0,-268.0,242.0,-5.0,5.0,247.0,234.0,-2.0,15.0,26.0,211.0,-9.0,202.0,0.0,0.0,0.0,202.0,-12.0,190.0,0.0,0.0,190.0,201.0,11.0,334.1,0.57,0.57,0.601616,335.0,0.57,0.57,0.601616,
09/30/2020,3428.667,,,,,,,,,,,,,,,,,,,,870.333,,,,,,,,,,691.0,,522.2,,,,,,522.2,,,522.2,517.0,,,1.538,1.538,1.519,,1.538,1.538,1.519,
12/31/2020,3108.167,,,,,,,,,,,,,,,,,,,,497.333,,,,,,,,,,373.0,,278.0,,,,,,278.0,,,278.0,266.0,,,0.865,0.865,0.781,,0.865,0.865,0.781,
