Date,Revenue,Sales & Services Revenue,Cost of Revenue,Cost of Goods & Services,Gross Profit,Other Operating Income,Operating Expenses,"Selling, General & Admin",Research & Development,Depreciation & Amortization,Other Operating Expense,Operating Income (Loss),Non-Operating (Income) Loss,"Interest Expense, Net",Interest Expense,Interest Income,Foreign Exch (Gain) Loss,(Income) Loss from Affiliates,Other Non-Op (Income) Loss,Pretax Income,Income Tax Expense (Benefit),Income (Loss) from Cont Ops,Net Extraordinary Losses (Gains),Discontinued Operations,XO & Accounting Changes,Income (Loss) Incl. MI,Minority Interest,"Net Income, GAAP",Preferred Dividends,Other Adjustments,"Net Income Avail to Common, GAAP","Net Income Avail to Common, Adj",Net Abnormal Losses (Gains),Basic Weighted Avg Shares,"Basic EPS, GAAP",Basic EPS from Cont Ops,"Basic EPS from Cont Ops, Adjusted",Diluted Weighted Avg Shares,"Diluted EPS, GAAP",Diluted EPS from Cont Ops,"Diluted EPS from Cont Ops, Adjusted",Source: Bloomberg
03/31/1990,253.322006,,-167.638,,85.684006,,-59.394001,,,,,26.290001,-0.289,,2.602,,0.0,,-2.313,26.001001,-10.471,15.53,0.0,,,15.530001,0.0,15.53,0.0,,15.53,15.53,,161.300003,0.095,0.095,,161.300003,0.095,0.095,0.095,
06/30/1990,273.834991,,-178.335999,,95.498993,,-58.637001,,,,,36.862,-1.108,,3.682,,0.0,,-2.574,35.753999,-14.421,21.333,0.0,,,21.333,0.0,21.333,0.0,,21.333,21.333,,161.710007,0.13,0.13,,161.710007,0.13,0.13,0.13,
09/30/1990,267.846985,,-177.018005,,90.828979,,-57.644001,,,,,33.185001,-0.831,,3.408,,0.0,,-2.577,32.354001,-13.12,19.233999,0.0,,,19.234001,0.0,19.233999,0.0,,19.233999,19.233999,,162.334,0.12,0.12,,162.334,0.12,0.12,0.12,
12/31/1990,283.748993,,-185.660995,,98.087997,,-57.647999,,,,,40.439999,-21.687,,3.485,,0.0,,18.202,18.752999,-10.92,7.833,0.0,,,7.832999,0.0,7.833,0.0,,7.833,7.833,,161.929993,0.05,0.05,,161.929993,0.05,0.05,0.05,
03/31/1991,252.955002,,-172.391998,,80.563004,,-60.466999,,,,,20.096001,-18.564999,,2.237,,0.0,,16.327999,1.531002,-0.672,0.859,48.991001,,,-48.132,0.0,-48.132,0.0,,-48.132,-48.132,,163.195999,-0.295,0.12,,163.195999,-0.295,0.12,0.12,
06/30/1991,275.388,,-176.330994,,99.057007,,-65.363998,,,,,33.693001,-0.226,,1.752,,0.0,,-1.526,33.467001,-13.702,19.764999,0.0,,,19.765001,0.0,19.764999,0.0,,19.764999,19.764999,,163.776001,0.12,0.12,,163.776001,0.12,0.12,0.12,
09/30/1991,270.612,,-177.408005,,93.203995,,-64.008003,,,,,29.195999,0.793,,1.717,,0.0,,-2.51,29.988999,-12.288,17.701,0.0,,,17.700999,0.0,17.701,0.0,,17.701,17.701,,164.179993,0.11,0.11,,164.179993,0.11,0.11,0.11,
12/31/1991,294.872009,,-187.796997,,107.075012,,-65.369003,,,,,41.706001,-13.171,,1.547,,0.0,,11.624,28.535002,-12.762,15.773,0.0,,,15.773002,0.0,15.773,0.0,,15.773,15.773,,166.031998,0.095,0.095,,166.031998,0.095,0.095,0.095,
03/31/1992,276.26001,,-183.968994,,92.291016,,-66.254997,,,,,26.035999,1.002,,1.242,,0.0,,-2.244,27.037999,-11.404,15.634,0.0,,,15.633999,0.0,15.634,0.0,,15.634,15.634,,164.335999,0.095,0.095,,164.335999,0.095,0.095,0.095,
06/30/1992,276.354004,,-179.505005,,96.848999,,-60.605999,,,,,36.243,0.354,,1.054,,0.0,,-1.408,36.597,-15.166,21.431,0.0,,,21.431,0.0,21.431,0.0,,21.431,21.431,,164.457993,0.13,0.135,,164.457993,0.13,0.135,0.135,
09/30/1992,278.309998,,-179.406006,,98.903992,,-61.59,,,,,37.313999,0.721,,0.859,,0.0,,-1.58,38.034999,-15.761,22.274,0.0,,,22.274,0.0,22.274,0.0,,22.274,22.274,,164.567993,0.135,0.135,,164.567993,0.135,0.135,0.135,
12/31/1992,303.408997,,-190.822998,,112.585999,,-70.841003,,,,,41.744999,1.376,,0.874,,0.0,,-2.25,43.120999,-17.114,26.007,0.0,,,26.006999,0.0,26.007,0.0,,26.007,26.007,,162.544006,0.16,0.16,0.16,162.544006,0.16,0.16,0.16,
03/31/1993,275.872986,,-179.046997,,96.825989,,-65.574997,,,,,31.250999,-0.641,,1.901,,0.0,,-1.26,30.609999,-12.492,18.118,0.0,,,18.118,0.0,18.118,0.0,,18.118,18.118,,150.792007,0.12,0.12,,150.792007,0.12,0.12,0.12,
06/30/1993,298.484985,,-190.490997,,107.993988,,-67.170998,,,,,40.823002,-1.545,,1.943,,0.0,,-0.398,39.278002,-16.028999,23.249001,0.0,,,23.249003,0.0,23.249001,0.0,,23.249001,23.249001,,149.820007,0.155,0.155,,149.820007,0.155,0.155,0.155,
09/30/1993,311.786987,,-198.362,,113.424988,,-68.186996,,,,,45.237999,-51.004002,,3.507,,0.0,,47.497002,-5.766003,-0.692,-6.458,0.0,,,-6.458003,0.0,-6.458,0.0,,-6.458,-6.458,,149.985992,-0.045,-0.045,,149.985992,-0.045,-0.045,-0.045,
12/31/1993,331.071991,,-212.529007,,118.542984,,-116.825996,,,,,1.717,46.157,,3.572,,0.0,,-49.729,47.874,-19.268,28.606001,0.0,,,28.606,0.0,28.606001,0.0,,28.606001,28.606001,,149.845994,0.19,0.19,0.19,149.845994,0.19,0.19,0.19,
03/31/1994,319.359009,,-205.154999,,114.20401,,-70.263,,,,,43.941002,-2.4,,3.493,,0.0,,-1.093,41.541002,-17.239,24.302,0.0,,,24.302002,0.0,24.302,0.0,,24.302,24.302,,148.167999,0.165,0.165,,148.167999,0.165,0.165,0.165,
06/30/1994,342.687012,,-222.386993,,120.300018,,-69.431,,,,,50.868999,-1.781,,3.581,,0.0,,-1.8,49.087999,-20.372,28.716,0.0,,,28.716,0.0,28.716,0.0,,28.716,28.716,,146.766006,0.195,0.195,,146.766006,0.195,0.195,0.195,
09/30/1994,359.286987,,-228.042999,,131.243988,,-75.665001,,,,,55.578999,-1.855,,3.884,,0.0,,-2.029,53.723999,-22.768,30.955999,0.0,,,30.955999,0.0,30.955999,0.0,,30.955999,30.955999,,148.322006,0.21,0.21,,148.322006,0.21,0.21,0.21,
12/31/1994,400.662994,,-249.722,,150.940994,,-87.223,,,,,63.717999,-0.594,,4.666,,0.0,,-4.072,63.123999,-26.752001,36.372002,0.0,,,36.371998,0.0,36.372002,0.0,,36.372002,36.372002,,151.175994,0.24,0.24,0.24,151.175994,0.24,0.24,0.24,
03/31/1995,384.192993,,-252.123001,,132.069992,,-78.834999,,,,,53.235001,-2.743,,4.999,,0.0,,-2.256,50.492001,-21.02,29.472,0.0,,,29.472,0.0,29.472,0.0,,29.472,29.472,,152.324005,0.195,0.195,,152.324005,0.195,0.195,0.195,
06/30/1995,407.406006,,-262.809998,,144.596008,,-81.078003,,,,,63.518002,-2.932,,4.922,,0.0,,-1.99,60.586002,-24.771999,35.813999,0.0,,,35.814002,0.0,35.813999,0.0,,35.813999,35.813999,,152.973999,0.235,0.235,,152.973999,0.235,0.235,0.235,
09/30/1995,412.027008,,-264.444,,147.583008,,-81.483002,,,,,66.099998,-3.165,,5.398,,0.0,,-2.233,62.934999,-24.954,37.980999,0.0,,,37.980998,0.0,37.980999,0.0,,37.980999,37.980999,,151.617996,0.25,0.25,,151.617996,0.25,0.25,0.25,
12/31/1995,419.332001,,-259.503998,,159.828003,,-79.834999,,,,,79.992996,-4.768,,5.853,,0.0,,-1.085,75.224996,-30.841999,44.382999,0.0,,,44.382997,0.0,44.382999,0.0,,44.382999,44.382999,,148.511002,0.3,0.3,0.3,148.511002,0.3,0.3,0.3,
03/31/1996,287.136993,,,,,,-230.147003,,,,,56.990002,-3.288,,3.664,,0.0,,-0.376,53.702002,-21.292999,32.409,-4.436,,,36.845003,0.0,36.845001,0.0,,36.845001,36.845001,,146.669006,0.25,0.25,0.25,147.380005,0.25,0.22,0.22,
06/30/1996,300.812012,,-172.028,,128.784012,,-66.628998,,,,,62.154999,-4.848,,3.571,,0.0,,1.277,57.306999,-22.722,34.584999,-6.545,,,41.129999,0.0,41.130001,0.0,,41.130001,41.130001,,145.923004,0.28,0.24,0.025,152.332993,0.27,0.23,0.24,
09/30/1996,302.712006,,-172.251999,,130.460007,,-63.16,,,,,67.300003,-3.437,,4.191,,0.0,,-0.754,63.863003,-25.322001,38.541,-7.263,,,45.804003,0.0,45.804001,0.0,,45.804001,45.804001,,144.751999,0.32,0.27,0.27,147.755005,0.31,0.26,0.26,
12/31/1996,332.136993,,,,,,-251.681,,,,,80.456001,7.221,,5.013,,0.0,,-12.234,87.677001,-40.115002,47.562,-6.276,,,53.837999,0.0,53.838001,0.0,,53.838001,53.838001,,144.727005,0.37,0.33,0.32,148.813995,0.36,0.32,0.31,
03/31/1997,312.062,,-182.703,,129.359,0.0,-60.812,60.812,,,0.0,68.547,-4.097,,4.469,,,,-0.372,64.45,-25.909,38.541,-6.176,,,44.717,,44.717,0.0,0.0,44.717,44.717,,145.176,0.31,0.27,0.27,148.953,0.3,0.26,0.26,
06/30/1997,342.966003,,-196.028,,146.938004,,-69.174004,,,,,77.764,37.456,,5.335,,0.0,,-42.791,115.22,-54.029999,61.189999,4.727,,,56.463001,0.0,56.463001,0.0,,56.463001,56.463001,,144.574997,0.39,0.42,0.3,148.115005,0.38,0.41,0.29,
09/30/1997,344.085999,,-200.985992,,143.100006,,-60.362999,,,,,82.737,-3.74,,5.229,,0.0,,-1.489,78.996999,-31.757,47.240002,0.0,,,47.239999,0.0,47.240002,0.0,,47.240002,47.240002,,144.225998,0.33,0.33,0.33,147.625,0.32,0.32,0.32,
12/31/1997,366.972992,,-199.218994,,167.753998,,-72.893997,,,,,94.860001,-30.389,,5.764,,0.0,,24.625,64.471001,-25.917,38.554001,3.237,,,35.317001,0.0,35.317001,0.0,,35.317001,35.317001,,142.955002,0.25,0.27,0.38,146.360001,0.24,0.26,0.37,
03/31/1998,353.094,,-201.97,,151.124,0.0,-70.13,70.13,,,0.0,80.994,-6.311,,7.032,,0.0,,-0.721,74.683,-29.948,44.735,0.0,,,44.735,0.0,44.735,0.0,0.0,44.735,44.735,,141.704,0.32,0.32,0.32,144.812,0.31,0.31,0.31,
06/30/1998,393.463989,,-223.453003,,170.010986,,-77.828003,,,,,92.182999,-7.573,,8.222,,0.0,,-0.649,84.609999,-33.978001,50.632,0.0,,,50.631998,0.0,50.632,0.0,,50.632,50.632,,141.365005,0.36,0.36,0.36,144.429993,0.35,0.35,0.35,
09/30/1998,425.414001,,-246.509003,,178.904998,,-79.258003,,,,,99.647003,-9.335,,12.719,,0.0,,-3.384,90.312003,-36.783001,53.528999,0.0,,,53.529002,0.0,53.528999,0.0,,53.528999,53.528999,,141.794006,0.38,0.38,0.38,144.863007,0.37,0.37,0.37,
12/31/1998,449.006,,,,,0.0,,,,,,92.828,-15.188,,14.728,,,,0.46,77.64,-33.103,44.537,,,,44.537,0.0,44.537,0.0,0.0,44.537,44.537,,143.611,0.31,0.31,0.31,143.611,0.31,0.31,0.31,
03/31/1999,421.504,,-248.758,,172.746,,-83.936,,,,,88.81,-14.653,15.135,15.135,,0.0,,-0.482,74.157,-30.256,43.9,0.0,,,43.901,0.0,43.901,0.0,,43.901,43.901,,139.127,0.32,0.32,0.32,141.656,0.31,0.31,0.31,
06/30/1999,442.586,,-256.729,,185.857,,-88.977,,,,,96.88,-6.751,15.291,15.291,,,,-8.54,90.129,-38.023,52.106,,,,52.106,,52.106,0.0,0.0,52.106,52.106,,138.107,0.38,0.38,0.38,140.528,0.37,0.37,0.37,
09/30/1999,444.365,,-252.126,,192.239,,-80.07,,,,,112.169,-14.031,15.14,15.14,,0.0,,-1.109,98.138,-40.04,58.098,0.0,,,58.098,0.0,58.098,0.0,,58.098,58.098,,137.268,0.42,0.42,0.42,139.303,0.42,0.42,0.42,
12/31/1999,464.239,,-274.756,,189.483,,-72.783,,,,,116.7,-13.178,15.405,15.405,,0.0,,-2.227,103.522,-41.75,61.774,0.0,,,61.772,0.0,61.772,0.0,,61.772,61.772,,137.4,0.46,0.46,0.46,137.919,0.45,0.45,0.45,
03/31/2000,451.081,,-270.087,,180.994,,-93.39,,,,,87.604,-15.421,16.374,16.374,,0.0,,-0.953,72.183,-29.956,42.227,0.0,,,42.227,0.0,42.227,0.0,0.0,42.227,42.227,,133.917,0.32,0.32,0.32,135.15,0.31,0.31,0.31,
06/30/2000,305.54,,-144.86,,160.68,,-89.286,,,,,71.394,-13.363,15.131,15.131,,0.0,,-1.768,58.031,-24.552,33.479,-21.083,,,54.562,-1.484,53.078,0.0,0.0,53.078,53.078,,134.089,0.4,0.24,0.24,135.777,0.39,0.24,0.24,
09/30/2000,323.942,,-154.194,,169.748,,-84.035,84.035,,,0.0,85.713,-16.113,16.137,16.137,,0.0,,-0.024,69.6,-29.425,40.175,-25.976,,,66.151,-1.833,64.318,0.0,0.0,64.318,64.318,,134.355,0.48,0.29,0.29,135.796,0.47,0.28,0.28,
12/31/2000,108.637,,,,,,-51.589,,,,,63.889,-7.203,,8.158,,0.0,,-0.955,56.686,-24.367,32.319,-13.626,,,45.945,-3.783,68.377,,,68.377,68.377,,135.239,0.5,0.31,0.31,137.277,0.5,0.31,0.31,
03/31/2001,285.2,,-116.5,,168.7,,-98.4,,,,,70.3,-11.4,12.9,12.9,,,,-1.5,58.9,-23.9,35.0,-14.0,,,49.0,-0.9,48.1,0.0,0.0,48.1,48.1,,136.0,0.35,0.25,0.25,137.6,0.35,0.25,0.25,
06/30/2001,289.5,,-117.9,,171.6,,-95.4,,,,,76.2,-10.5,11.8,11.8,,0.0,,-1.3,65.7,-26.8,38.9,8.8,,,30.1,-0.6,29.5,0.0,0.0,29.5,29.5,,136.5,0.22,0.28,0.28,138.4,0.21,0.28,0.28,
09/30/2001,282.4,,-113.1,,169.3,,-88.8,,,,,80.5,-16.2,12.3,12.3,,0.0,,3.9,64.3,-27.5,36.8,0.0,,,36.8,-1.0,35.8,0.0,0.0,35.8,35.8,,137.418,0.26,0.26,0.26,140.24,0.26,0.26,0.26,
12/31/2001,281.9,,-103.5,,178.4,,-91.3,,,,,87.1,-71.4,10.8,10.8,,0.0,,60.6,15.7,-7.0,8.7,0.0,,,8.7,0.0,9.1,0.0,0.0,9.1,9.1,,137.3,0.07,0.07,0.36,139.837,0.07,0.07,0.36,
03/31/2002,259.0,,-104.5,,154.5,,-75.2,,,,,79.3,-8.6,10.0,10.0,,0.0,,-1.4,70.7,-28.0,42.7,0.3,,,42.4,-0.7,41.7,0.0,0.0,41.7,41.7,,136.4,0.31,0.31,0.31,139.3,0.3,0.3,0.3,
06/30/2002,268.0,,-104.7,,163.3,,-75.7,,,,,87.6,-8.3,10.1,10.1,,0.0,,-1.8,79.3,-30.7,48.6,0.4,,,48.2,-0.8,47.4,0.0,0.0,47.4,47.4,,137.0,0.35,0.35,0.35,139.8,0.34,0.34,0.34,
09/30/2002,289.7,,-113.2,,176.5,,-86.8,,,,,89.7,-8.4,10.4,10.4,,0.0,,-2.0,81.3,-31.8,49.5,10.8,,,38.7,0.2,38.9,0.0,0.0,38.9,38.9,,135.9,0.29,0.37,0.37,137.6,0.28,0.36,0.36,
12/31/2002,287.9,,-94.4,,193.5,,-97.1,,,,,96.4,-9.1,10.6,10.6,,0.0,,-1.5,87.3,-33.6,53.7,2.5,,,51.2,-1.2,50.0,0.0,0.0,50.0,50.0,,137.5,0.36,0.38,0.38,137.5,0.36,0.38,0.38,
03/31/2003,301.6,,-127.0,,174.6,,-93.9,,,,,80.7,-7.9,11.7,11.7,,0.0,,-3.8,72.8,-27.1,45.7,1.3,,,44.4,-0.6,43.8,0.0,0.0,43.8,43.8,,135.4,0.32,0.33,0.33,136.8,0.32,0.33,0.33,
06/30/2003,317.0,,-137.7,,179.3,,-94.0,,,,,85.3,-5.4,10.8,10.8,,0.0,,-5.4,79.9,-29.5,50.4,7.4,,,43.0,-1.1,41.9,0.0,0.0,41.9,41.9,,134.9,0.31,0.36,0.36,137.0,0.31,0.36,0.36,
09/30/2003,309.8,,-129.0,,180.8,,-91.9,,,,,88.9,-5.6,8.6,8.6,,0.0,,-3.0,83.3,-29.6,53.7,1.6,,,52.1,-0.9,51.2,0.0,0.0,51.2,51.2,,134.5,0.38,0.39,0.39,136.4,0.38,0.39,0.39,
12/31/2003,297.0,,-119.2,,177.8,,-90.0,,,,,87.8,-37.4,8.5,8.5,,0.0,,28.9,50.4,-18.4,32.0,3.3,,,28.7,-0.7,28.0,0.0,0.0,28.0,28.0,,133.1,0.21,0.24,0.41,135.3,0.21,0.23,0.4,
03/31/2004,313.6,,-133.2,,180.4,,-92.6,,,,,87.8,-13.5,8.4,8.4,,0.0,,5.1,74.3,-30.7,52.0,0.4,,,43.2,-0.8,50.8,0.0,0.0,50.8,50.8,,132.9,0.38,0.39,0.39,135.1,0.38,0.38,0.38,
06/30/2004,318.9,,-133.6,,185.3,,-91.4,,,,,93.9,23.9,8.2,8.2,,0.0,,-32.1,117.8,-43.9,73.9,0.0,,,73.9,-0.7,73.2,0.0,0.0,73.2,73.2,,131.9,0.56,0.56,0.42,133.7,0.55,0.55,0.41,
09/30/2004,319.9,,-134.4,,185.5,,-89.8,,,,,95.7,-6.8,9.2,9.2,,0.0,,-2.4,88.9,-34.8,54.1,0.1,,,54.0,-0.8,53.2,0.0,0.0,53.2,53.2,,130.7,0.4,0.41,0.41,132.5,0.4,0.4,0.4,
12/31/2004,327.6,,-138.3,,189.3,,-89.6,,,,,99.7,-7.0,,9.1,,0.0,,-2.1,92.7,-36.6,56.1,-2.3,,,58.4,-0.9,57.5,0.0,0.0,57.5,57.5,,129.8,0.44,0.43,0.43,132.2,0.43,0.42,0.42,
03/31/2005,343.4,,-142.5,,200.9,,-98.9,,,,,102.0,-6.4,9.1,9.1,,0.0,,-2.7,95.6,-35.7,59.9,0.0,,,59.9,-1.3,58.6,0.0,0.0,58.6,58.6,,129.8,0.45,0.45,0.44,132.4,0.44,0.44,0.43,
06/30/2005,363.4,,-147.8,,215.6,,-108.9,,,,,106.7,-7.4,9.8,9.8,,0.0,,-2.4,99.3,-35.4,63.9,0.0,,,63.9,-1.3,62.6,0.0,0.0,62.6,62.6,,129.8,0.48,0.48,-0.02,132.7,0.47,0.47,-0.02,
09/30/2005,375.3,,-153.0,,222.3,,-115.0,,,,,107.3,-3.8,8.6,8.6,,0.0,,-4.8,103.5,-40.0,63.5,0.0,,,63.5,-1.0,62.5,0.0,0.0,62.5,62.5,,129.9,0.48,0.48,0.48,132.5,0.47,0.47,0.47,
12/31/2005,361.3,,-150.9,,210.4,,-104.4,,,,,106.0,-8.8,,8.1,,0.0,,0.7,97.2,-33.1,64.1,0.0,,,64.1,-1.3,62.8,0.0,0.0,62.8,62.8,,129.5,0.48,0.48,0.464,132.0,0.48,0.48,0.464,
03/31/2006,374.0,,-151.1,,222.9,,-113.7,,,,,109.2,-7.4,7.9,7.9,,0.0,,-0.5,101.8,-38.0,63.8,0.0,,,63.8,-0.9,62.9,0.0,0.0,62.9,62.9,,129.0,0.49,0.49,0.5024,131.5,0.48,0.48,0.492,
06/30/2006,387.7,,-159.3,,228.4,,-118.0,,,,,110.4,-7.2,8.2,8.2,,0.0,,-1.0,103.2,-32.5,70.7,0.0,,,70.7,-1.1,69.6,0.0,0.0,69.6,69.6,,128.1,0.54,0.54,0.4979,130.4,0.53,0.53,0.4886,
09/30/2006,394.6,,-157.9,,236.7,,-116.1,,,,,120.6,-7.4,7.9,7.9,,0.0,,-0.5,113.2,-33.3,79.9,0.0,,,79.9,-1.0,78.9,0.0,0.0,78.9,78.9,,126.4,0.62,0.62,0.52,128.4,0.61,0.61,0.512,
12/31/2006,390.0,,-156.6,,233.4,,-122.1,,,,,111.3,-9.1,,7.9,,0.0,,1.2,102.2,-37.6,64.6,0.0,,,64.6,-1.5,63.1,0.0,0.0,63.1,63.1,,125.0,0.5,0.5,0.57,127.2,0.5,0.5,0.57,
03/31/2007,405.1,,-169.3,,235.8,,-118.8,,,,,117.0,-7.2,7.4,7.4,,0.0,,-0.2,109.8,-39.4,70.4,0.0,,,70.4,-1.4,69.0,0.0,0.0,69.0,69.0,,124.9,0.55,0.55,0.59,127.3,0.54,0.54,0.579,
06/30/2007,454.5,,-189.9,,264.6,,-144.8,,,,,119.8,-9.3,10.4,10.4,,0.0,,-1.1,110.5,-39.1,71.4,0.0,,,71.4,-1.3,70.1,0.0,0.0,70.1,70.1,,134.9,0.52,0.52,0.58,138.6,0.51,0.51,0.57,
09/30/2007,492.5,,-194.3,,298.2,,-169.0,,,,,129.2,-18.7,19.9,19.9,,0.0,,-1.2,110.5,-40.9,69.6,0.0,,,69.6,-1.7,67.9,0.0,0.0,67.9,67.9,,137.4,0.49,0.49,0.59,140.6,0.48,0.48,0.58,
12/31/2007,490.9,,-198.5,,292.4,,-172.2,,,,,120.2,-20.3,,20.8,,0.0,,-0.5,99.9,-32.5,67.4,0.0,,,67.4,-1.7,65.7,0.0,0.0,65.7,65.7,,130.9,0.5,0.5,0.6,133.8,0.49,0.49,0.59,
03/31/2008,503.1,,-206.2,,296.9,0.0,-170.7,132.8,,,37.9,126.2,-19.4,,19.7,,,,-0.3,106.8,-39.4,67.4,0.0,,,67.4,-1.7,65.7,0.0,0.0,65.7,65.7,,129.6,0.51,0.51,0.71,132.1,0.5,0.5,0.7,
06/30/2008,501.9,,-204.4,,297.5,0.0,-169.8,131.8,,,38.0,127.7,-16.4,,17.3,,,,-0.9,111.3,-38.7,72.6,,,,72.6,-1.8,70.8,0.0,0.0,70.8,70.8,,129.0,0.55,0.55,0.65,131.5,0.54,0.54,0.64,
09/30/2008,484.1,,-197.0,,287.1,0.0,-179.9,138.5,,,41.4,107.2,-15.4,,16.9,,,,-1.5,91.8,-18.0,73.8,0.0,,,73.8,-1.5,72.3,0.0,0.0,72.3,72.3,,127.5,0.57,0.57,0.57,129.8,0.56,0.56,0.56,
12/31/2008,446.6,,-184.4,,262.2,,-146.1,,,,,116.1,-13.9,,17.4,,,,-3.5,102.2,-37.0,65.2,0.0,,,65.2,-1.2,64.0,0.0,0.0,64.0,64.0,,126.3,0.5,0.5,0.5162,128.0,0.49,0.49,0.5094,
03/31/2009,446.6,446.6,-187.0,187.0,259.6,0.0,-158.6,122.0,,36.6,0.0,101.0,-11.9,,14.3,,,,-2.4,89.1,-34.1,55.0,-1.1,-1.1,0.0,56.1,-1.7,54.4,0.0,0.0,54.4,53.3,0.0,126.2,0.43,0.42,0.42,127.4,0.43,0.42,0.42,
06/30/2009,429.1,429.1,-180.4,180.4,248.7,0.0,-146.7,111.1,,35.6,0.0,102.0,-11.4,,14.5,,,,-3.1,90.6,-32.7,57.9,-3.2,-3.2,0.0,61.1,-1.5,59.6,0.0,0.0,59.6,56.4,0.0,126.3,0.47,0.44,0.44,127.8,0.47,0.44,0.44,
09/30/2009,425.0,425.0,-177.5,177.5,247.5,0.0,-147.5,111.2,,36.3,0.0,100.0,-13.9,,14.1,,,,-0.2,86.1,-28.7,57.4,-4.0,-4.0,0.0,61.4,-1.7,59.7,0.0,0.0,59.7,55.7,0.0,126.4,0.47,0.44,0.44,128.0,0.47,0.44,0.44,
12/31/2009,435.4,435.4,-183.8,183.8,251.6,0.0,-168.7,130.2,0.0,38.5,0.0,82.9,-13.7,14.1,14.1,0.0,0.0,0.0,-0.4,69.2,-12.6,56.6,-5.3,-5.3,0.0,61.9,-1.7,60.2,0.0,0.0,60.2,65.3,10.4,126.4,0.48,0.44,0.516614,127.5,0.47,0.43,0.511569,
03/31/2010,443.0,443.0,-190.1,190.1,252.9,0.0,-148.6,109.5,,39.1,0.0,104.3,-14.7,,14.2,,,,0.5,89.6,-33.7,55.9,-2.7,-2.7,0.0,58.6,-1.9,56.7,0.0,0.0,56.7,54.0,0.0,126.3,0.45,0.43,0.43,128.1,0.44,0.42,0.42,
06/30/2010,460.7,460.7,-188.3,188.3,272.4,0.0,-166.6,126.9,,39.7,0.0,105.8,-13.3,,14.1,,,,-0.8,92.5,-32.7,59.8,-13.6,-13.6,0.0,73.4,-2.1,71.3,0.0,0.0,71.3,57.7,0.0,125.7,0.57,0.46,0.46,127.3,0.56,0.45,0.45,
09/30/2010,473.8,473.8,-188.2,188.2,285.6,0.0,-175.4,134.0,,41.4,0.0,110.2,-13.3,,14.0,,,,-0.7,96.9,-33.3,63.6,-15.2,-15.2,0.0,78.8,-2.3,76.5,0.0,0.0,76.5,61.3,0.0,124.3,0.62,0.5,0.5,125.8,0.61,0.49,0.49,
12/31/2010,482.0,482.0,-193.3,193.3,288.7,0.0,-179.0,137.0,,42.0,0.0,109.7,-13.5,,13.8,,,,-0.3,96.2,-32.2,64.0,0.0,0.0,0.0,64.0,-1.8,62.2,0.0,0.0,62.2,62.2,0.0,123.1,0.51,0.51,0.51,124.9,0.5,0.5,0.5,
03/31/2011,472.6,472.6,-192.0,192.0,280.6,0.0,-171.5,128.8,,42.7,0.0,109.1,-13.5,,13.8,,,,-0.3,95.6,-36.3,59.3,0.0,0.0,0.0,59.3,-2.0,57.3,0.0,0.0,57.3,57.3,0.0,122.8,0.47,0.47,0.47,124.7,0.46,0.46,0.46,
06/30/2011,487.1,487.1,-188.7,188.7,298.4,0.0,-183.8,142.7,,41.1,0.0,114.6,-23.3,,13.7,,,,9.6,91.3,-54.2,37.1,0.0,0.0,0.0,37.1,-2.6,34.5,0.0,0.0,34.5,62.3,27.8,122.8,0.28,0.28,0.507329,124.6,0.28,0.28,0.503114,
09/30/2011,490.4,490.4,-186.6,186.6,303.8,0.0,-182.2,141.7,,40.5,0.0,121.6,-13.1,,13.7,,,,-0.6,108.5,-39.2,69.3,0.0,0.0,0.0,69.3,-2.6,66.7,0.0,0.0,66.7,66.7,0.0,121.8,0.55,0.55,0.55,123.3,0.54,0.54,0.54,
12/31/2011,509.7,509.7,-191.5,191.5,318.2,0.0,-192.5,151.3,,41.2,0.0,125.7,-12.9,,13.9,,,,-1.0,112.8,-38.3,74.5,-1.5,-1.5,0.0,76.0,-1.6,74.4,0.0,0.0,74.4,72.9,0.0,120.3,0.62,0.61,0.61,122.2,0.61,0.6,0.6,
03/31/2012,505.9,505.9,-187.4,187.4,318.5,0.0,-190.2,149.8,,40.4,0.0,128.3,-12.5,,13.8,,,,-1.3,115.8,-42.5,73.3,-0.4,-0.4,0.0,73.7,-2.2,71.5,0.0,0.0,71.5,71.1,0.0,120.0,0.6,0.59,0.59,122.4,0.58,0.58,0.58,
06/30/2012,513.3,513.3,-187.2,187.2,326.1,0.0,-197.1,156.8,,40.3,0.0,129.0,-11.5,,13.7,,,,-2.2,117.5,-41.0,76.5,-2.3,-2.3,0.0,78.8,-2.4,76.4,0.0,0.0,76.4,74.1,0.0,120.3,0.63,0.61,0.61,122.8,0.62,0.6,0.6,
09/30/2012,520.0,520.0,-188.4,188.4,331.6,0.0,-201.1,161.5,,39.6,0.0,130.5,-11.7,,13.6,,,,-1.9,118.8,-39.7,79.1,-1.0,-1.0,0.0,80.1,-2.2,77.9,0.0,0.0,77.9,79.3,2.4,119.7,0.65,0.64,0.66249,122.2,0.64,0.63,0.64964,
12/31/2012,533.8,533.8,-196.5,196.5,337.3,0.0,-245.1,205.4,,39.7,0.0,92.2,-13.0,,14.3,,,,-1.3,79.2,-32.8,46.4,-1.8,-1.8,0.0,48.2,-1.9,46.3,0.0,0.0,46.3,71.8,27.3,119.8,0.39,0.37,0.599332,122.4,0.38,0.36,0.583039,
03/31/2013,566.5,566.5,-195.1,195.1,371.4,0.0,-222.4,174.5,,47.9,0.0,149.0,-17.6,,17.7,,,,-0.1,131.4,-47.2,84.2,-19.0,-19.0,0.0,103.2,-2.1,101.1,0.0,0.0,101.1,82.1,0.0,120.5,0.84,0.68,0.68,123.1,0.82,0.67,0.67,
06/30/2013,586.9,586.9,-198.2,198.2,388.7,0.0,-230.6,186.5,,44.1,0.0,158.1,-14.1,,17.6,,,,-3.5,144.0,-51.7,92.3,0.0,0.0,0.0,92.3,-1.8,90.5,0.0,0.0,90.5,90.5,0.0,121.0,0.75,0.75,0.75,123.6,0.73,0.73,0.73,
09/30/2013,572.0,572.0,-196.8,196.8,375.2,0.0,-225.2,173.4,,51.8,0.0,150.0,-16.9,,17.5,,,,-0.6,133.1,-47.0,86.1,0.6,0.6,0.0,85.5,-2.0,83.5,0.0,0.0,83.5,84.1,0.0,121.6,0.69,0.69,0.69,123.9,0.67,0.67,0.67,
12/31/2013,578.5,578.5,-197.2,197.2,381.3,0.0,-227.2,181.4,,45.8,0.0,154.1,-32.2,,17.4,,,,14.8,121.9,-43.0,78.9,0.0,0.0,0.0,78.9,-2.2,76.7,0.0,0.0,76.7,82.6,5.9,121.8,0.63,0.63,0.678161,124.2,0.62,0.62,0.667504,
03/31/2014,584.5,584.5,-206.8,206.8,377.7,0.0,-225.8,175.4,,50.4,0.0,151.9,-19.4,,17.3,,,,2.1,132.5,-46.2,86.3,0.0,0.0,0.0,86.3,-2.4,83.9,0.0,0.0,83.9,83.9,0.0,122.0,0.69,0.69,0.69,124.4,0.67,0.67,0.67,
06/30/2014,613.9,613.9,-212.3,212.3,401.6,0.0,-234.2,183.5,,50.7,0.0,167.4,-16.9,,17.4,,,,-0.5,150.5,-56.0,94.5,0.0,0.0,0.0,94.5,-1.7,92.8,0.0,0.0,92.8,92.8,0.0,122.0,0.76,0.76,0.76,124.3,0.75,0.75,0.75,
09/30/2014,613.4,613.4,-211.0,211.0,402.4,0.0,-248.7,197.8,,50.9,0.0,153.7,-13.9,,17.1,,,,-3.2,139.8,-45.4,94.4,0.0,0.0,0.0,94.4,-1.7,92.7,0.0,0.0,92.7,97.7,5.0,121.1,0.77,0.77,0.806771,123.5,0.75,0.75,0.790486,
12/31/2014,624.6,624.6,-214.6,214.6,410.0,0.0,-244.8,195.0,,49.8,0.0,165.2,-13.7,,16.7,,,,-3.0,151.5,-52.7,98.8,0.0,0.0,0.0,98.8,-0.8,98.0,0.0,0.0,98.0,98.0,0.0,119.7,0.82,0.82,0.82,122.0,0.8,0.8,0.8,
03/31/2015,651.8,651.8,-215.1,215.1,436.7,0.0,-282.5,232.9,,49.6,0.0,154.2,-16.6,,16.1,,,,0.5,137.6,-48.0,89.6,0.0,0.0,0.0,89.6,-1.3,88.3,0.0,0.0,88.3,101.5,13.2,119.4,0.74,0.74,0.850084,121.7,0.73,0.73,0.838463,
06/30/2015,678.1,678.1,-220.8,220.8,457.3,0.0,-268.8,218.7,,50.1,0.0,188.5,-30.1,,16.2,,,,13.9,158.4,-45.9,112.5,0.0,0.0,0.0,112.5,-1.5,111.0,0.0,0.0,111.0,112.2,1.2,118.6,0.94,0.94,0.946037,120.9,0.92,0.92,0.929926,
09/30/2015,667.4,667.4,-226.5,226.5,440.9,0.0,-266.6,217.2,,49.4,0.0,174.3,-1.4,15.4,15.8,-0.4,,,-14.0,172.9,-53.2,119.7,0.0,0.0,0.0,119.7,-1.8,117.9,0.0,0.0,117.9,111.5,-6.4,118.4,1.0,1.0,0.941723,120.6,0.98,0.98,0.926932,
12/31/2015,666.3,666.3,-225.0,225.0,441.3,0.0,-264.4,215.5,,48.9,0.0,176.9,-9.2,14.9,15.7,-0.8,,,-5.7,167.7,-54.7,113.0,0.0,0.0,0.0,113.0,-1.1,111.9,0.0,0.0,111.9,111.6,-0.3,118.6,0.94,0.94,0.940978,120.7,0.93,0.93,0.927514,
03/31/2016,728.3,728.3,-253.3,253.3,475.0,0.0,-298.8,243.1,,55.7,0.0,176.2,-22.2,18.3,20.1,-1.8,,,3.9,154.0,-51.6,102.4,0.0,0.0,0.0,102.4,-0.3,102.1,0.0,0.0,102.1,118.4,16.3,118.8,0.86,0.86,0.996633,120.8,0.85,0.85,0.984934,
06/30/2016,811.3,811.3,-285.8,285.8,525.5,0.0,-299.8,231.6,,68.2,0.0,225.7,-24.4,23.1,23.6,-0.5,,,1.3,201.3,-68.3,133.0,0.0,0.0,0.0,133.0,-2.1,130.9,0.0,0.0,130.9,134.8,3.9,119.2,1.1,1.1,1.130872,121.1,1.08,1.08,1.112205,
09/30/2016,804.1,804.1,-288.0,288.0,516.1,0.0,-304.0,233.4,,70.6,0.0,212.1,-21.9,24.0,24.3,-0.3,,,-2.1,190.2,-55.3,134.9,0.0,0.0,0.0,134.9,-2.1,132.8,0.0,0.0,132.8,137.2,4.4,119.5,1.11,1.11,1.148117,121.3,1.09,1.09,1.126274,
12/31/2016,801.2,801.2,-286.3,286.3,514.9,0.0,-303.8,232.9,,70.9,0.0,211.1,-28.4,23.2,24.1,-0.9,,,5.2,182.7,-57.9,124.8,0.0,0.0,0.0,124.8,-1.8,123.0,0.0,0.0,123.0,135.3,12.3,119.7,1.027569,1.027569,1.130326,121.2,1.014851,1.014851,1.116337,
03/31/2017,832.2,832.2,-300.8,300.8,531.4,0.0,-312.8,241.5,,71.3,0.0,218.6,-22.9,23.5,24.2,-0.7,,,-0.6,195.7,-40.3,155.4,0.0,0.0,0.0,155.4,-2.1,153.3,0.0,0.0,153.3,154.0,0.7,120.0,1.28,1.28,1.283333,121.9,1.26,1.26,1.265742,
06/30/2017,856.7,856.7,-293.7,293.7,563.0,0.0,-297.1,226.6,,70.5,0.0,265.9,-23.3,23.8,24.6,-0.8,,,-0.5,242.6,-75.0,167.6,0.0,0.0,0.0,167.6,-2.2,165.4,0.0,0.0,165.4,165.4,0.0,120.3,1.37,1.37,1.37,121.9,1.36,1.36,1.36,
09/30/2017,834.8,834.8,-297.3,297.3,537.5,0.0,-382.8,310.4,,72.4,0.0,154.7,-18.7,20.8,21.4,-0.6,,,-2.1,136.0,-35.5,100.5,0.0,0.0,0.0,100.5,-4.2,96.3,0.0,0.0,96.3,155.6,59.3,120.1,0.8,0.8,1.295587,121.4,0.79,0.79,1.278468,
12/31/2017,838.5,838.5,-318.9,318.9,519.6,0.0,-327.0,253.5,0.0,73.5,0.0,192.6,-20.3,21.8,22.7,-0.9,,,-1.5,172.3,2.1,174.4,0.0,0.0,0.0,174.4,-2.1,172.3,0.0,0.0,172.3,141.693114,-30.606886,120.1,1.44,1.44,1.179793,121.2,1.42,1.42,1.167468,
03/31/2018,865.7,865.7,-342.8,342.8,522.9,0.0,-378.7,300.5,,78.2,0.0,144.2,-21.0,22.8,23.9,-1.1,,,-1.8,123.2,-29.4,93.8,0.0,0.0,0.0,93.8,-2.9,90.9,0.0,0.0,90.9,141.5,50.6,120.2,0.76,0.76,1.177205,121.3,0.75,0.75,1.167148,
06/30/2018,876.9,876.9,-348.6,348.6,528.3,0.0,-334.7,257.5,,77.2,0.0,193.6,-24.2,25.3,26.4,-1.1,,,-1.1,169.4,-23.3,146.1,0.0,0.0,0.0,146.1,-1.3,144.8,0.0,0.0,144.8,172.1,27.3,120.3,1.2,1.2,1.43059,121.4,1.19,1.19,1.414876,
09/30/2018,834.2,834.2,-376.7,376.7,457.5,0.0,-393.4,317.5,,75.9,0.0,64.1,-25.4,26.2,26.7,-0.5,,,-0.8,38.7,0.9,39.6,0.0,0.0,0.0,39.6,-1.2,38.4,0.0,0.0,38.4,141.7,103.3,120.5,0.32,0.32,1.175934,121.6,0.32,0.32,1.169507,
12/31/2018,835.3,835.3,-372.2,372.2,463.1,0.0,-417.0,337.9,,79.1,0.0,46.1,-21.1,25.4,26.5,-1.1,,,-4.3,25.0,1.7,26.7,0.0,0.0,0.0,26.7,-1.1,25.6,0.0,0.0,25.6,137.4,111.8,120.6,0.21,0.21,1.139303,121.4,0.21,0.21,1.130923,
03/31/2019,846.1,846.1,-387.5,387.5,458.6,0.0,-1076.5,998.9,,77.6,0.0,-617.9,-24.6,26.0,26.7,-0.7,,,-1.4,-642.5,88.1,-554.4,0.0,0.0,0.0,-554.4,-1.5,-555.9,0.0,0.0,-555.9,117.9,673.8,120.7,-4.6,-4.6,0.976802,121.6,-4.6,-4.6,0.941118,
06/30/2019,880.0,880.0,-376.9,376.9,503.1,0.0,-389.3,306.8,,82.5,0.0,113.8,-24.8,27.1,27.6,-0.5,,,-2.3,89.0,-20.7,68.3,0.0,0.0,0.0,68.3,-1.5,66.8,0.0,0.0,66.8,141.2,74.4,120.8,0.55,0.55,1.168874,122.0,0.55,0.55,1.159836,
09/30/2019,875.7,875.7,-374.5,374.5,501.2,0.0,-379.6,295.5,,84.1,0.0,121.6,-25.1,25.7,28.0,-2.3,,,-0.6,96.5,-14.0,82.5,0.0,0.0,0.0,82.5,-1.4,81.1,0.0,0.0,81.1,153.0,71.9,121.0,0.67,0.67,1.264463,122.3,0.66,0.66,1.247899,
12/31/2019,905.8,905.8,-382.9,382.9,522.9,0.0,-475.9,389.0,,86.9,0.0,47.0,-23.1,28.1,29.3,-1.2,,,-5.0,23.9,-13.1,10.8,0.0,0.0,0.0,10.8,-1.6,9.2,0.0,0.0,9.2,156.2,147.0,121.1,0.08,0.08,1.289843,122.3,0.07,0.07,1.271962,
03/31/2020,957.9,957.9,-414.1,414.1,543.8,0.0,-407.9,316.0,,91.9,0.0,135.9,14.6,29.6,30.7,-1.1,,,-44.2,150.5,-36.0,114.5,0.0,0.0,0.0,114.5,-1.9,112.6,0.0,0.0,112.6,150.2,37.6,121.3,0.93,0.93,1.238252,122.6,0.92,0.92,1.226688,
06/30/2020,982.8,982.8,-409.3,409.3,573.5,0.0,-406.7,309.9,,96.8,0.0,166.8,-44.1,35.8,36.6,-0.8,,,8.3,122.7,-26.6,96.1,0.0,0.0,0.0,96.1,-0.2,95.9,0.0,0.0,95.9,156.9,61.0,121.4,0.79,0.79,1.292422,122.7,0.78,0.78,1.277148,
09/30/2020,945.8,,,,559.762272,,,,,,,229.143,,,,,,,,183.0,,121.21,,,,,,121.21,,,121.21,172.889,,,0.993,0.993,1.345,,0.993,0.993,1.345,
12/31/2020,931.267,,,,549.27990194,,,,,,,220.143,,,,,,,,167.0,,119.7,,,,,,119.7,,,119.7,163.0,,,0.995,0.995,1.301,,0.995,0.995,1.301,
