Date,Revenue,Revenue From Electric,Revenue from Gas,Revenue from Water,Other Revenue,Intracompany Revenue,Cost of Revenue,Fuel & Purchased Power Cost,Fuel Cost,Purchased Power Cost,Purchased Gas & Water Cost,Other Cost of Revenue,Gross Profit,Operating Expenses,Maintenance Expenses,Depreciation Expenses,Taxes Other Than Income,Other Operating Expense,Operating Income (Loss),Non-Operating (Income) Loss,"Interest Expense, Net",Total Interest Income,AFUDC - Equity,Interest Income,Interest Expense,Interest Expenses on Bonds,AFUDC - Debts,Other Interest Expenses,Other Non-Op (Income) Loss,Pretax Income,Income Tax Expense (Benefit),Tax Allowance/Credit,Income (Loss) from Cont Ops,Net Extraordinary Losses (Gains),Discontinued Operations,XO & Accounting Changes,Income (Loss) Incl. MI,Minority Interest,"Net Income, GAAP",Preferred Dividends,Other Adjustments,"Net Income Avail to Common, GAAP","Net Income Avail to Common, Adj",Net Abnormal Losses (Gains),Basic Weighted Avg Shares,"Basic EPS, GAAP",Basic EPS from Cont Ops,"Basic EPS from Cont Ops, Adjusted",Diluted Weighted Avg Shares,"Diluted EPS, GAAP",Diluted EPS from Cont Ops,"Diluted EPS from Cont Ops, Adjusted",Source: Bloomberg
03/31/1990,1590.838013,1563.249023,0.0,0.0,27.589001,,-577.505981,577.506012,182.776001,394.730011,0.0,,1013.332031,-651.468994,100.299004,177.332001,48.005001,325.833008,361.863007,-99.847,,,2.834,,140.641998,112.712997,-4.71,32.639,-37.960999,262.016007,-79.391998,,182.623993,0.0,,,182.624009,0.0,182.623993,-10.975,,171.648993,171.648993,,436.947998,0.395,0.395,0.395,436.947998,0.395,0.395,0.395,
06/30/1990,1594.777954,1548.487061,0.0,0.0,46.291,,-637.469971,637.469986,199.453995,438.015991,0.0,,957.307983,-597.442993,100.344002,178.300003,44.847,273.951996,359.86499,-108.023006,,,3.16,,141.697006,110.566002,-5.36,36.491001,-30.514,251.841984,-93.791,,158.050995,0.0,,,158.050984,0.0,158.050995,-11.672,,146.378995,146.378995,,436.947998,0.335,0.335,0.335,436.947998,0.335,0.335,0.335,
09/30/1990,2257.584961,2168.386963,0.0,0.0,89.197998,,-958.039001,958.039017,249.445999,708.593018,0.0,,1299.545959,-692.95697,92.041,180.227005,53.124001,367.565002,606.588989,-109.160002,,,3.308,,143.858002,115.875,-5.103,33.085999,-31.389999,497.428987,-200.707993,,296.721008,0.0,,,296.720994,0.0,296.721008,-10.745,,285.976008,285.976008,,436.947998,0.655,0.655,0.655,436.947998,0.655,0.655,0.655,
12/31/1990,1755.329956,1706.161011,0.0,0.0,49.168999,,-726.288025,726.287979,195.716995,530.570984,0.0,,1029.041931,-616.45697,82.653999,179.820999,31.545,322.437012,412.584991,-103.587997,,,3.924,,144.016998,115.346001,-5.774,34.445,-36.505001,308.996994,-115.906998,,193.089996,0.0,,,193.089997,0.0,193.089996,-10.734,,182.355996,182.355996,,439.411987,0.415,0.415,0.415,439.411987,0.415,0.415,0.415,
03/31/1991,1669.995972,1642.281982,0.0,0.0,27.714001,,-596.788025,596.78801,176.959,419.82901,0.0,,1073.207947,-649.210999,108.759003,190.253998,51.752998,298.445007,423.997009,-121.666001,,,4.459,,140.442001,114.224998,-6.155,32.372002,-14.317,302.331008,-119.786003,,182.544998,0.0,,,182.545005,0.0,182.544998,-10.71,,171.834998,171.834998,,436.950012,0.395,0.395,0.395,436.950012,0.395,0.395,0.395,
06/30/1991,1695.060059,1646.05603,0.0,0.0,49.004002,,-579.382996,579.383011,130.320999,449.062012,0.0,,1115.677063,-747.143982,93.920998,188.787994,49.771999,414.662994,368.53299,-116.424995,,,4.438,,136.369995,115.990997,-5.867,26.246,-15.507,252.107995,-74.013,,178.095001,0.0,,,178.094994,0.0,178.095001,-10.602,,167.493001,167.493001,,436.950012,0.385,0.385,0.385,436.950012,0.385,0.385,0.385,
09/30/1991,2250.843994,2162.748047,0.0,0.0,88.096001,,-979.580017,979.580017,205.869995,773.710022,0.0,,1271.263977,-689.83197,85.222,192.266998,50.827,361.515991,581.432007,-127.119005,,,2.114,,140.587006,121.183998,-4.962,24.365,-11.354,454.313001,-195.518997,,258.794006,0.0,,,258.794004,0.0,258.794006,-10.469,,248.325006,248.325006,,436.950012,0.57,0.57,0.57,436.950012,0.57,0.57,0.57,
12/31/1991,1940.099976,1846.91394,0.0,0.0,93.185997,,-756.249023,756.248993,195.850006,560.398987,0.0,,1183.850952,-865.812988,95.098,195.690994,50.647999,524.375977,318.037994,-128.789998,,,4.989,,151.600998,139.600006,-8.016,20.017,-17.822001,189.247997,-63.681999,,125.566002,0.0,,,125.565998,0.0,125.566002,-10.219,,115.347002,115.347002,,452.339996,0.255,0.255,0.255,452.339996,0.255,0.255,0.255,
03/31/1992,1714.42395,1685.302979,0.0,0.0,29.121,,-607.517029,607.517014,173.585007,433.932007,0.0,,1106.906921,-689.312012,101.200996,196.628998,52.412998,339.069,417.595001,-134.530005,,,5.153,,139.464005,118.727997,-5.538,26.274,0.219,283.064997,-115.200996,,167.863998,0.0,,,167.864,0.0,167.863998,-11.217,,156.646998,156.646998,,441.481995,0.355,0.355,0.355,441.481995,0.355,0.355,0.355,
06/30/1992,1765.449951,1709.812012,0.0,0.0,55.638,,-595.241028,595.240982,167.884995,427.355988,0.0,,1170.208923,-741.942017,92.893997,195.751999,52.383999,400.911987,428.266998,-135.573003,,,4.782,,132.772003,113.755997,-11.956,30.972,7.583,292.693995,-124.918999,,167.774994,0.0,,,167.774996,0.0,167.774994,-9.669,,158.105994,158.105994,,445.635986,0.355,0.355,0.355,445.635986,0.355,0.355,0.355,
09/30/1992,2549.958984,2456.579102,0.0,0.0,93.379997,,-1073.777954,1073.777985,258.782013,814.995972,0.0,,1476.18103,-818.64801,82.470001,204.860992,51.838001,479.479004,657.53302,-156.743003,,,4.279,,123.983002,115.646004,-13.541,21.878,37.039001,500.790017,-217.615997,,283.174011,0.0,,,283.174019,0.0,283.174011,-10.876,,272.298011,272.298011,,447.721985,0.61,0.61,0.61,447.721985,0.61,0.61,0.61,
12/31/1992,1954.166992,1870.30603,0.0,0.0,83.861,,-810.463989,810.464004,235.748001,574.716003,0.0,,1143.703003,-760.098022,85.434998,209.757996,50.365002,414.540009,383.605011,-135.154006,,,5.786,,131.781006,114.870003,-13.965,30.875999,9.159,248.451005,-86.264,,162.186996,0.0,,,162.187005,0.0,162.186996,-10.238,,151.948996,151.948996,,446.90799,0.34,0.34,0.34,446.90799,0.34,0.34,0.34,
03/31/1993,1784.96106,1700.970947,0.0,0.0,83.989998,,-675.651978,675.651993,214.802994,460.848999,0.0,,1109.309082,-741.590027,90.600998,227.261002,61.188,362.540009,367.718994,-133.158001,,,5.016,,129.026001,127.072998,-11.526,13.479,9.148,234.560993,-75.214996,,159.345993,0.0,,,159.345997,0.0,159.345993,-10.471,,148.874993,148.874993,,447.735992,0.335,0.335,0.335,447.735992,0.335,0.335,0.335,
06/30/1993,1767.737061,1689.57605,0.0,0.0,78.161003,,-674.732971,674.733017,165.994003,508.739014,0.0,,1093.004089,-687.507996,87.211998,228.080002,53.507999,318.708008,405.496002,-141.585,,,5.075,,126.139999,118.736,-11.93,19.334,20.52,263.911002,-112.551003,,151.360001,0.0,,,151.36,0.0,151.360001,-10.212,,141.148001,141.148001,,447.739014,0.32,0.32,0.32,447.739014,0.32,0.32,0.32,
09/30/1993,2423.873047,2263.060059,0.0,0.0,160.813004,,-1144.954956,1144.955002,221.335007,923.619995,0.0,,1278.918091,-757.197021,84.646004,230.212997,54.287998,388.049988,521.721008,-128.184997,,,4.797,,119.922997,137.389008,-35.188,17.722,13.059,393.536012,-172.263,,221.272995,0.0,,,221.273011,0.0,221.272995,-10.02,,211.252995,211.252995,,447.755005,0.47,0.47,0.47,447.755005,0.47,0.47,0.47,
12/31/1993,1844.428955,1743.392944,0.0,0.0,101.036003,,-837.659973,837.659988,231.867996,605.791992,0.0,,1006.768982,-619.705017,100.541,236.445999,51.015999,231.701996,387.063995,-134.071995,,,5.112,,131.910995,144.802002,-27.356001,14.465,7.273,252.992,-104.971001,,148.020996,0.0,,,148.020999,0.0,148.020996,-10.297,,137.723996,137.723996,,447.790009,0.31,0.31,0.31,447.790009,0.31,0.31,0.31,
03/31/1994,1728.745972,1676.678955,0.0,0.0,52.067001,,-681.867004,681.86702,192.352005,489.515015,0.0,,1046.878967,-687.669006,84.176003,235.921997,54.556999,313.014008,359.209991,-126.001004,,,3.924,,129.076004,125.082001,-14.399,18.393,0.849,233.208987,-90.828003,,142.380997,0.0,,,142.380985,0.0,142.380997,-10.02,,132.360996,132.360996,,447.799011,0.3,0.3,0.3,447.799011,0.3,0.3,0.3,
06/30/1994,1858.520996,1746.437988,0.0,0.0,112.083,,-736.025024,736.025009,198.679001,537.346008,0.0,,1122.495972,-725.205994,88.308998,234.904007,52.801998,349.19101,397.290009,-136.290003,,,3.565,,134.134003,127.655998,-15.798,22.275999,5.721,261.000006,-109.177002,,151.822998,0.0,,,151.823004,0.0,151.822998,-10.02,,141.802998,141.802998,,447.799011,0.32,0.32,0.32,447.799011,0.32,0.32,0.32,
09/30/1994,2678.120117,2529.782959,0.0,0.0,148.337006,,-1197.192993,1197.192993,274.377991,922.815002,0.0,,1480.927124,-855.322998,77.268997,245.619995,54.075001,478.359009,625.604004,-135.608006,,,3.807,,135.462006,130.037003,-14.851,20.275999,3.953,489.995998,-195.660995,,294.334991,0.0,,,294.335003,-11.416,282.919006,-10.02,,272.899006,272.899006,,447.799011,0.61,0.61,0.61,447.799011,0.61,0.61,0.61,
12/31/1994,2041.714966,1845.64502,0.0,0.0,196.070007,,-836.323975,836.32399,223.110001,613.213989,0.0,,1205.390991,-829.632996,82.217003,224.007996,49.903,473.505005,375.757996,-133.612004,,,3.052,,148.160004,144.677994,-15.392,18.874001,-11.496,242.145992,-84.987,,157.158997,0.0,,,157.158992,-12.771,144.388,-10.764,,133.624,133.624,,447.799011,0.3,0.3,0.3,447.799011,0.3,0.3,0.3,
03/31/1995,1822.032959,1721.772949,0.0,0.0,100.260002,,-651.557007,651.557007,164.464996,487.09201,0.0,,1170.475952,-741.05603,97.894997,243.332993,54.789001,345.039001,429.420013,-140.281003,,,5.524,,135.050003,128.742996,-17.332001,23.639,10.755,289.13901,-111.725998,,177.412994,0.0,,,177.413013,-11.651,165.761993,-12.217,,153.544993,153.544993,,447.618988,0.34,0.34,0.34,447.618988,0.34,0.34,0.34,
06/30/1995,1860.837036,1737.838013,0.0,0.0,122.999001,,-688.728027,688.727982,138.998001,549.72998,0.0,,1172.109009,-756.846985,84.830002,253.218002,53.588001,365.210999,415.261993,-127.784995,,,4.999,,134.522995,129.485001,-18.228001,23.266001,-1.739,287.476998,-104.821999,,182.654999,0.0,,,182.655,-11.443,171.212006,-11.339,,159.873006,159.873006,,446.812988,0.36,0.36,0.36,446.812988,0.36,0.36,0.36,
09/30/1995,2670.006104,2509.8479,0.0,0.0,160.158005,,-1131.10498,1131.104996,213.557999,917.546997,0.0,,1538.901123,-888.002014,86.487999,253.720001,50.612,497.182007,650.898987,-138.066004,,,4.392,,136.242004,140.912994,-19.347,14.676,6.216,512.832983,-202.602005,,310.230988,0.0,,,310.230978,-11.284,298.946991,-11.378,,287.568991,287.568991,,445.855011,0.65,0.65,0.65,445.855011,0.65,0.65,0.65,
12/31/1995,2051.795898,1903.071045,0.0,0.0,148.725006,,-804.60498,804.604965,177.095993,627.508972,0.0,,1247.190918,-838.026978,89.335999,263.990997,50.868999,433.830994,409.164001,-137.124006,,,4.167,,140.337006,140.201996,-19.582001,19.716999,0.954,272.039995,-108.647003,,163.393005,0.0,,,163.392992,-13.319,150.074005,-11.925,,138.149005,138.149005,,444.485992,0.31,0.31,0.31,444.485992,0.31,0.31,0.31,
03/31/1996,1967.654053,1760.134033,0.0,0.0,207.520004,,-670.611023,670.610977,143.177994,527.432983,0.0,,1297.04303,-836.008972,84.112999,264.527008,59.686001,427.683014,461.033997,-156.865994,,,4.402,,155.981995,150.985992,-18.764999,23.761,5.286,304.168002,-111.476997,,192.690994,0.0,,,192.691005,-13.724,178.966995,-11.878,,167.088995,167.088995,,443.626007,0.38,0.38,0.38,451.59201,0.37,0.37,0.37,
06/30/1996,1813.745972,1610.989014,0.0,0.0,202.757004,,-723.244995,723.24501,162.503006,560.742004,0.0,,1090.500977,-630.815002,67.611,299.134003,45.898998,218.171005,459.686005,-150.221996,,,3.066,,148.770996,146.472,-19.577,21.875999,4.517,309.464008,-127.721001,,181.742996,0.0,,,181.743008,-14.145,167.598007,-11.868,,155.730007,155.730007,,441.035004,0.35,0.35,0.35,441.035004,0.35,0.35,0.35,
09/30/1996,2568.184082,2346.160889,0.0,0.0,222.022995,,-1187.973022,1187.973007,249.384995,938.588013,0.0,,1380.21106,-683.448975,67.460999,302.276001,46.943001,266.769012,696.762024,-166.893995,,,3.466,,150.382996,149.682999,-21.586,22.285999,19.976999,529.868029,-228.356003,,301.511993,0.0,,,301.512026,-12.812,288.700012,-11.881,,276.819013,276.819013,,436.476013,0.63,0.63,0.63,436.476013,0.63,0.63,0.63,
12/31/1996,2194.899902,1865.725952,0.0,0.0,329.174011,,-891.713989,891.714004,212.597,679.117004,0.0,,1303.185913,-879.677979,112.203003,306.864014,44.175999,416.434998,423.507996,-169.878005,,,4.645,,170.477005,156.261002,-7.669,21.885,4.046,253.629991,-95.820999,,157.809006,0.0,,,157.808992,-28.830999,128.977997,-11.868,,117.109997,117.109997,,429.365997,0.273,0.273,0.273,429.365997,0.273,0.273,0.273,
03/31/1997,2000.724976,1695.401001,0.0,0.0,305.324005,,-828.906982,828.907013,200.233002,628.674011,0.0,,1171.817993,-718.682007,96.154999,340.121002,40.308998,242.097,453.135986,-172.421001,,,2.003,,176.095001,152.425003,-7.589,31.259001,-1.671,280.714985,-96.075996,,184.639008,0.0,,,184.638989,-27.965,156.673996,-11.862,,144.811996,144.811996,,419.665009,0.35,0.35,0.35,425.917999,0.34,0.34,0.34,
06/30/1997,2167.181885,1843.963013,0.0,0.0,323.218994,,-781.987976,781.987976,194.328003,587.659973,0.0,,1385.193909,-942.833008,116.848,342.253998,32.681999,451.049011,442.360992,-169.404997,,,1.897,,172.199997,152.382004,-5.183,25.000999,-0.898,272.955995,-113.541,,159.414993,0.0,,,159.414995,-9.724,149.690994,-10.669,,139.021995,139.021995,,408.309998,0.34,0.34,0.34,408.309998,0.34,0.34,0.34,
09/30/1997,2737.781006,2433.525879,0.0,0.0,304.255005,,-1363.849976,1363.850006,463.069,900.781006,0.0,,1373.93103,-717.508972,89.883003,342.421997,32.338001,252.865997,656.421997,-182.673007,,,1.691,,172.723007,144.139008,-5.417,34.000999,11.641,473.74899,-186.115997,,287.632996,0.0,,,287.632993,-0.779,286.854004,-10.063,,276.791004,276.791004,,394.075989,0.7,0.7,0.7,394.075989,0.7,0.7,0.7,
12/31/1997,2329.312012,1980.109985,0.0,0.0,349.201996,,-953.255005,953.255005,216.369995,736.88501,0.0,,1376.057007,-892.976013,103.113998,337.203003,28.671,423.988007,483.080994,-191.500995,,,2.409,,177.981995,135.054001,-5.811,48.738998,15.928,291.579998,-141.266998,,150.313004,0.0,,,150.313,-0.532,149.781006,-10.406,,139.375006,139.375006,,376.688995,0.37,0.37,0.37,387.153015,0.36,0.36,0.36,
03/31/1998,1909.560059,1622.688965,0.0,0.0,286.871002,,-743.827026,743.826981,167.320999,576.505981,0.0,,1165.733032,-703.213013,101.969002,411.320007,40.762001,149.162003,462.519989,-170.226994,,,2.781,,194.524994,179.108994,-5.797,21.212999,-21.517,292.292995,-136.718994,,155.574005,0.0,,,155.574001,-1.508,154.065994,-10.056,,144.009995,144.009995,,370.278992,0.389,0.389,0.389,378.973999,0.38,0.38,0.38,
06/30/1998,1939.035034,1618.781982,0.0,0.0,320.252991,,-665.713013,665.712982,100.259003,565.453979,0.0,,1273.322021,-1560.531006,98.597,404.031006,33.194,1024.708984,-287.209015,542.333018,,,2.908,,161.384003,147.505005,-6.44,20.319,-700.809021,255.124003,-99.010002,,156.113998,0.0,,,156.114001,-0.859,155.253998,-9.952,,145.301998,145.301998,,360.251007,0.4,0.4,0.4,360.251007,0.4,0.4,0.4,
09/30/1998,2753.647949,2610.62793,0.0,0.0,143.020004,,-1403.583984,1403.584,101.438004,1302.145996,0.0,,1350.063965,-724.676025,,408.765991,32.459999,283.450012,625.388,-211.091003,,,0.0,,177.940002,165.802002,-4.822,16.959999,33.151001,414.296997,-189.363007,,224.934006,0.0,,,224.93399,0.279,225.210999,-8.916,,216.294998,216.294998,,353.285004,0.61,0.61,0.61,357.735992,0.6,0.6,0.6,
12/31/1998,2614.900879,2245.180908,0.0,0.0,369.720001,,-1307.02002,1307.013,131.981995,1175.031006,0.0,,1307.880859,-753.325012,106.070999,437.882996,26.584,182.787003,554.55603,-338.723002,,,3.26,,168.151001,159.584,-7.865,16.431999,173.832001,215.833029,-43.455002,,172.378006,0.0,,,172.378027,-0.912,171.466003,-9.076,,162.390003,162.390003,,352.184998,0.46,0.46,0.46,356.279999,0.46,0.46,0.46,
03/31/1999,2095.899902,1684.837036,0.0,0.0,411.062988,,-841.299988,841.300003,114.438004,726.862,0.0,,1254.599915,-851.578979,,423.980988,39.154999,388.442993,403.020996,-156.356005,,,,,174.755005,151.820999,,22.934,-18.399,246.664991,-93.059998,,153.604996,0.0,,,153.604994,-0.962,152.643005,-9.432,,143.211005,143.211005,,348.326996,0.411,0.411,0.4,353.898407,0.405,0.405,0.4,
06/30/1999,2120.898926,1725.704956,0.0,0.0,395.194,,-638.669983,638.669998,116.669998,522.0,0.0,,1482.228943,-1104.530029,,429.518005,29.677999,645.333984,377.699005,-163.824997,,,,,205.102997,169.533997,,35.569,-41.278,213.874008,-74.652,,139.222,0.0,,,139.222008,-1.046,138.175995,-9.754,,128.421995,128.421995,,347.20401,0.37,0.37,0.37,347.20401,0.37,0.37,0.37,
09/30/1999,2962.797119,2846.873047,0.0,0.0,115.924004,,-1114.545044,1114.544998,176.800003,937.744995,0.0,,1848.252075,-1204.553955,,486.190002,29.978001,688.385986,643.697998,-218.523994,,,0.0,,239.813995,205.505997,-4.994,39.301998,-21.290001,425.174004,-146.192001,,278.981995,0.0,,,278.982002,-0.98,278.0,-22.665001,,255.334999,255.334999,,347.207001,0.74,0.74,0.74,348.201996,0.73,0.73,0.73,
12/31/1999,2516.404,1290.585,0.0,0.0,1225.819,,-1259.485,1259.485,256.092,1003.393,0.0,,1256.919,-930.337,,455.311,25.189,449.837,326.582,-220.301,,,0.0,96.0,274.328,367.139,,-97.805,41.973,106.281,19.904,,121.191,0.0,,,126.185,2.988,124.181,-28.149,0.0,96.032,96.032,,349.262,0.27,0.27,0.51,349.262,0.27,0.27,0.51,
03/31/2000,2723.320068,1829.69104,0.0,0.0,893.629028,,-835.724976,835.725006,331.589996,504.13501,0.0,,1887.595093,-1364.854004,,494.265015,40.076,830.513,522.741028,-292.249998,,,,,323.684998,255.707001,,67.977997,-31.434999,230.49103,-89.164001,,141.326996,0.0,,,141.327028,-0.897,140.429993,-30.889,,109.540993,109.540993,,344.921997,0.32,0.32,0.32,345.632996,0.32,0.32,0.32,
06/30/2000,2749.164062,1853.024048,0.0,0.0,896.140015,,-945.578003,945.578003,258.507996,687.070007,0.0,,1803.58606,-1246.85498,,485.846008,30.035,730.973999,556.731018,-296.790989,,,,,335.35199,276.622986,,58.729,-38.561001,259.940029,-92.333,,167.606995,0.0,,,167.607029,-0.561,167.046005,-29.879,,137.167006,137.167006,,331.695007,0.41,0.41,0.41,331.695007,0.41,0.41,0.41,
09/30/2000,3653.202881,3493.003906,0.0,0.0,160.199005,,-1389.76001,1389.76004,335.704987,1054.055054,0.0,,2263.442871,-1301.784058,,535.008972,30.337999,736.437012,961.658997,-297.152012,,,0.0,,342.786011,270.606995,-3.472,75.651001,-45.633999,664.506985,-272.619995,,391.886993,0.0,,,391.88699,-0.988,390.898987,-30.747999,0.0,360.150988,360.150988,,325.811005,1.11,1.11,1.11,326.769012,1.1,1.1,1.1,
12/31/2000,2591.313,694.281,0.0,0.0,1897.032,,-2791.937,2791.937,351.197,2440.74,0.0,,-200.624,-3594.507,,417.88,28.551,3148.076,-3795.131,-28.449,,,,,386.177,585.063,,0.0,-357.728,-3823.58,1503.117,,-2522.821,0.0,,,-2320.463,2.446,-2520.375,-29.484,0.0,-2549.859,-2549.859,,325.811,-7.83,-7.83,-0.16,325.811,-7.83,-7.83,-0.16,
03/31/2001,2195.0,1511.0,,,684.0,,-1966.0,1966.0,242.0,1724.0,,,229.0,-940.0,,223.0,30.0,687.0,-711.0,-354.0,,,,46.0,381.0,381.0,,,19.0,-1065.0,436.0,,-629.0,-12.0,,,-617.0,,-617.0,,0.0,-617.0,-617.0,,326.0,-1.89,-1.93,-1.93,326.0,-1.89,-1.93,-1.93,
06/30/2001,2446.0,1590.0,,,856.0,,-1076.0,1076.0,269.0,807.0,,,1370.0,-917.0,,230.0,29.0,658.0,453.0,-363.0,,,,45.0,347.0,347.0,,,61.0,90.0,-31.0,,59.0,161.0,,,-102.0,,-102.0,-23.0,0.0,-125.0,-125.0,,326.0,-0.31,0.18,0.18,326.0,-0.31,0.18,0.18,
09/30/2001,3882.0,2725.0,,,1157.0,,-1074.0,1074.0,315.0,759.0,,,2808.0,-1033.0,,242.0,28.0,763.0,1775.0,-414.0,,,,39.0,449.0,449.0,,,4.0,1361.0,-560.0,,801.0,1214.0,,,-413.0,,-413.0,-23.0,0.0,-436.0,-436.0,,326.0,-1.27,2.46,2.46,326.0,-1.27,2.46,2.46,
12/31/2001,2539.0,2294.0,,,245.0,,-782.0,782.0,302.0,480.0,,,1757.0,1808.0,,278.0,27.0,-2113.0,3565.0,98.0,,,,152.0,405.0,405.0,,,-351.0,3663.0,-1492.0,,2171.0,4.0,,,2167.0,,2167.0,-68.0,0.0,2099.0,2099.0,,326.0,6.43865,6.45092,6.45092,326.0,6.43865,6.45092,6.45092,
03/31/2002,2488.0,1906.0,,,582.0,,-511.0,511.0,256.0,255.0,,,1977.0,-1668.0,,242.0,39.0,1387.0,309.0,-214.0,,,,116.0,359.0,359.0,,,-29.0,95.0,-16.0,,79.0,-5.0,,,84.0,,84.0,-23.0,0.0,61.0,61.0,,326.0,0.26,0.24,0.24,329.0,0.26,0.24,0.24,
06/30/2002,2824.0,2161.0,0.0,0.0,663.0,,-535.0,535.0,285.0,250.0,0.0,,2289.0,-1085.0,,263.0,36.0,786.0,1204.0,-254.0,,,0.0,,341.0,317.0,0.0,24.0,-87.0,950.0,-289.0,,661.0,-10.0,,,671.0,0.0,671.0,-6.0,,665.0,665.0,,326.0,2.04,2.01,0.56,329.0,2.02,1.99,0.56,
09/30/2002,3706.0,2713.0,0.0,0.0,993.0,,-1872.0,1872.0,354.0,1518.0,0.0,,1834.0,-1050.0,,256.0,35.0,759.0,784.0,-263.0,,,0.0,,333.0,306.0,0.0,27.0,-70.0,521.0,-175.0,,346.0,-7.0,,,353.0,0.0,353.0,-1.0,,352.0,352.0,,326.0,1.08,1.06,1.06,329.0,1.07,1.05,1.05,
12/31/2002,1978.0,1748.0,,,230.0,,-674.0,674.0,274.0,400.0,,,1304.0,-1395.0,,264.0,35.0,1096.0,-91.0,40.0,,,,61.0,299.0,299.0,,,-278.0,-51.0,89.0,,38.0,62.0,,,-24.0,,-24.0,0.0,0.0,-24.0,-24.0,,326.0,-0.07,0.18,0.18,326.0,-0.07,0.18,0.18,
03/31/2003,2523.0,1814.0,0.0,0.0,709.0,,-777.0,777.0,334.0,443.0,0.0,,1746.0,-1430.0,,289.0,51.0,1090.0,316.0,-218.0,,,0.0,46.0,328.0,299.0,0.0,29.0,-64.0,98.0,-32.0,,66.0,9.0,,,57.0,,57.0,0.0,0.0,57.0,57.0,,326.0,0.17,0.19,0.19,328.0,0.17,0.19,0.19,
06/30/2003,3125.0,2386.0,0.0,0.0,739.0,,-1520.0,1520.0,293.0,1227.0,0.0,,1605.0,-1130.0,,252.0,51.0,827.0,475.0,-454.0,,,0.0,,319.0,290.0,0.0,29.0,135.0,21.0,13.0,,34.0,0.0,,,34.0,-10.0,24.0,0.0,0.0,24.0,24.0,,326.0,0.07,0.07,0.53,329.0,0.07,0.07,0.53,
09/30/2003,3421.0,2794.0,0.0,0.0,627.0,,-1252.0,1252.0,239.0,1013.0,0.0,,2169.0,-1344.0,,253.0,50.0,1041.0,825.0,-104.0,,,0.0,,262.0,262.0,0.0,0.0,-158.0,721.0,-260.0,,461.0,-84.0,,,545.0,0.0,544.0,,0.0,544.0,544.0,,326.0,1.67,1.41,1.41,330.0,1.65,1.4,1.4,
12/31/2003,2241.0,1859.0,0.0,0.0,382.0,,-809.0,809.0,210.0,599.0,0.0,,1432.0,-1173.0,,317.0,48.0,808.0,259.0,-257.0,,,,11.0,259.0,259.0,,,9.0,2.0,133.0,,135.0,-63.0,,,198.0,-1.0,197.0,-1.0,0.0,196.0,196.0,,326.0,0.6,0.41,0.41,329.0,0.19,0.41,0.41,
03/31/2004,2116.0,1696.0,0.0,0.0,420.0,,-807.0,807.0,227.0,580.0,0.0,,1309.0,-1069.0,,256.0,45.0,768.0,240.0,-144.0,,,0.0,,239.0,239.0,0.0,0.0,-95.0,96.0,-43.0,,53.0,-45.0,,,98.0,-1.0,97.0,-1.0,0.0,96.0,96.0,,326.0,0.3,0.16,0.08,330.0,0.3,0.16,0.08,
06/30/2004,2565.0,2176.0,,,389.0,,-878.0,878.0,384.0,494.0,,,1687.0,-1115.0,,266.0,53.0,796.0,572.0,-1192.0,,,,,252.0,252.0,,,940.0,-620.0,264.0,,-356.0,-25.0,,,-331.0,-43.0,-374.0,,0.0,-374.0,-374.0,,326.0,-1.15,-1.15,-1.15,326.0,-1.15,-1.15,-1.15,
09/30/2004,3188.0,2655.0,0.0,0.0,533.0,,-1330.0,1330.0,415.0,915.0,0.0,,1858.0,-1030.0,,232.0,50.0,748.0,828.0,-257.0,,,0.0,9.0,254.0,254.0,0.0,0.0,12.0,571.0,-181.0,,390.0,-500.0,,,890.0,-76.0,813.0,,0.0,813.0,813.0,,326.0,2.49,0.96,1.03,330.0,2.46,0.95,1.02,
12/31/2004,2327.0,1919.0,,,408.0,,-711.0,711.0,401.0,310.0,,,1616.0,-1165.0,974.0,268.0,38.0,-115.0,451.0,-221.0,,,,,,,,,221.0,230.0,52.0,,282.0,-120.0,,,402.0,-23.0,379.0,-1.0,0.0,378.0,378.0,,326.0,1.16,0.791411,0.79,330.0,1.15,0.786364,0.79,
03/31/2005,2446.0,1908.0,,,538.0,,-807.0,807.0,419.0,388.0,,,1639.0,-1191.0,,259.0,52.0,880.0,448.0,-125.0,,,,,214.0,214.0,,,-89.0,323.0,-104.0,,219.0,-6.0,,,225.0,-24.0,201.0,,0.0,201.0,201.0,,326.0,0.61,0.59,0.64,331.0,0.61,0.59,0.64,
06/30/2005,2649.0,2203.0,,,446.0,,-1142.0,1142.0,399.0,743.0,,,1507.0,-1098.0,,267.0,50.0,781.0,409.0,-148.0,,,,,204.0,204.0,,,-56.0,261.0,-34.0,,227.0,-16.0,,,243.0,-42.0,201.0,-5.0,0.0,196.0,196.0,,326.0,0.61,0.55,0.54,331.0,0.61,0.55,0.54,
09/30/2005,3783.0,3084.0,0.0,0.0,699.0,,-991.0,991.0,489.0,502.0,0.0,,2792.0,-1949.0,,270.0,51.0,1628.0,843.0,-196.0,,,0.0,,198.0,198.0,0.0,0.0,-2.0,647.0,-129.0,,518.0,-20.0,,,538.0,-76.0,462.0,,0.0,462.0,462.0,,326.0,1.41,1.33,1.26,332.0,1.39,1.31,1.24,
12/31/2005,2974.0,2305.0,,,669.0,,-767.0,767.0,503.0,264.0,,,2207.0,-1599.0,,265.0,50.0,1284.0,608.0,-76.0,,,50.0,,178.0,206.0,-28.0,,-52.0,532.0,-190.0,,342.0,21.0,,,321.0,-49.0,272.0,,,272.0,272.0,,326.0,0.834356,0.898773,0.898773,334.0,0.814371,0.814371,0.665389,
03/31/2006,2751.0,2217.0,,,534.0,,-1474.0,1474.0,461.0,1013.0,,,1277.0,-815.0,,292.0,56.0,467.0,462.0,-130.0,,,,,200.0,200.0,,,-70.0,332.0,-111.0,,221.0,-62.0,,,283.0,-25.0,258.0,,0.0,258.0,258.0,,326.0,0.78,0.56,0.56,331.0,0.78,0.56,0.56,
06/30/2006,3001.0,2521.0,,,480.0,,-1149.0,1149.0,380.0,769.0,,,1852.0,-1262.0,,339.0,54.0,869.0,590.0,-275.0,,,,,209.0,209.0,,,66.0,315.0,-95.0,,220.0,9.0,,,211.0,-34.0,177.0,,0.0,177.0,177.0,,326.0,0.54,0.53,0.55,331.0,0.54,0.53,0.55,
09/30/2006,3802.0,3079.0,,,723.0,,-1522.0,1522.0,486.0,1036.0,,,2280.0,-1317.0,,293.0,,1024.0,963.0,-129.0,,,,,199.0,199.0,,,-70.0,834.0,-310.0,,524.0,2.0,,,522.0,-64.0,458.0,-13.0,0.0,445.0,445.0,,326.0,1.38,1.39,1.32,330.0,1.38,1.39,1.32,
12/31/2006,3068.0,2495.0,0.0,0.0,573.0,,-1031.0,1031.0,430.0,601.0,0.0,,2037.0,-1564.0,,257.0,,1307.0,473.0,-112.0,,,,,199.0,199.0,0.0,0.0,-87.0,347.0,-66.0,,295.0,-22.0,,,303.0,-16.0,301.0,-13.0,0.0,288.0,288.0,,326.0,0.88,0.8,0.65,330.0,0.87,0.8,0.65,
03/31/2007,2912.0,2222.0,0.0,0.0,690.0,,-803.0,803.0,486.0,317.0,0.0,,2109.0,-1482.0,,313.0,0.0,1169.0,627.0,-149.0,,,0.0,39.0,198.0,198.0,0.0,0.0,-10.0,478.0,-129.0,,349.0,-3.0,,,352.0,-19.0,333.0,-13.0,0.0,320.0,320.0,,326.0,1.01,1.0,1.0,330.0,1.01,1.0,1.0,
06/30/2007,3047.0,2459.0,0.0,0.0,588.0,,-1267.0,1267.0,438.0,829.0,0.0,,1780.0,-1279.0,,313.0,0.0,966.0,501.0,-364.0,,,0.0,45.0,188.0,188.0,0.0,0.0,221.0,137.0,0.0,,137.0,-2.0,,,139.0,-46.0,93.0,,0.0,93.0,93.0,,326.0,0.29,0.28,0.28,330.0,0.28,0.28,0.28,
09/30/2007,3942.0,3213.0,0.0,0.0,729.0,,-1786.0,1786.0,502.0,1284.0,0.0,,2156.0,-1257.0,,310.0,0.0,947.0,899.0,-102.0,,,0.0,,191.0,191.0,0.0,0.0,-89.0,797.0,-263.0,,534.0,4.0,,,530.0,-69.0,461.0,-13.0,0.0,448.0,448.0,,326.0,1.4,1.41,1.41,330.0,1.39,1.4,1.4,
12/31/2007,2967.0,2337.0,0.0,0.0,630.0,,-1180.0,1254.0,449.0,805.0,0.0,,1787.0,-1481.0,,306.0,0.0,1175.0,483.0,-79.0,,,0.0,70.0,175.0,175.0,0.0,0.0,-26.0,387.0,-100.0,,250.0,3.0,,,284.0,-10.0,211.0,-13.0,0.0,198.0,198.0,,326.0,0.64,0.65,0.65,330.0,0.64,0.65,0.65,
03/31/2008,3113.0,2379.0,,0.0,734.0,,-1230.0,1230.0,537.0,693.0,,,1883.0,-1272.0,,311.0,,961.0,611.0,-125.0,,,,,171.0,171.0,,,-46.0,486.0,-161.0,,325.0,5.0,,,320.0,-21.0,299.0,-13.0,5.0,291.0,291.0,11.05,326.0,0.91,0.92,0.886,329.0,0.91,0.92,0.886,
06/30/2008,3477.0,2849.0,,,628.0,,-1580.0,1580.0,554.0,1026.0,,,1897.0,-1447.0,,334.0,,1113.0,450.0,-69.0,,,,,165.0,165.0,,,-96.0,381.0,-83.0,,298.0,1.0,,,297.0,-36.0,261.0,,0.0,261.0,261.0,-36.4,326.0,0.79,0.79,0.678,329.0,0.79,0.79,0.678,
09/30/2008,4294.0,3467.0,,0.0,827.0,0.0,-1968.0,1968.0,635.0,1333.0,,,2326.0,-1362.0,0.0,327.0,0.0,1035.0,964.0,-194.0,,,0.0,9.0,176.0,176.0,0.0,0.0,27.0,770.0,-277.0,,493.0,-6.0,,,499.0,-60.0,439.0,-13.0,0.0,426.0,426.0,,326.0,1.33,1.31,1.31,328.0,1.33,1.31,1.31,
12/31/2008,3228.0,2551.0,,0.0,677.0,,-1214.0,1214.0,421.0,793.0,,,2014.0,-1531.0,,338.0,,1193.0,483.0,-186.0,,,0.0,,190.0,190.0,,,-4.0,297.0,-75.0,,222.0,,,,222.0,-5.0,217.0,-13.0,0.0,204.0,204.0,,326.0,0.66,0.66,0.625767,328.0,0.66,0.66,1.281951,
03/31/2009,2812.0,2188.0,,0.0,624.0,,-927.0,927.0,387.0,540.0,,0.0,1885.0,-1332.0,,342.0,,990.0,553.0,-165.0,177.0,-10.0,,10.0,187.0,187.0,,,-12.0,388.0,-122.0,,266.0,-3.0,-3.0,0.0,269.0,-19.0,250.0,,0.0,250.0,319.1,72.1,326.0,0.76,0.75,0.978834,327.0,0.76,0.75,0.970489,
06/30/2009,2834.0,2272.0,,,562.0,,-911.0,911.0,328.0,583.0,,,1923.0,-2287.0,,347.0,,1940.0,-364.0,-146.0,165.0,-17.0,,17.0,182.0,182.0,,,-19.0,-510.0,524.0,,14.0,7.0,7.0,0.0,7.0,-23.0,-16.0,,0.0,-16.0,320.95,329.95,326.0,-0.05,-0.03,0.984509,327.0,-0.05,-0.03,0.979021,
09/30/2009,3664.0,3065.0,,0.0,599.0,,-1438.0,1438.0,406.0,1032.0,,0.0,2226.0,-1458.0,,365.0,,1093.0,768.0,-92.0,125.0,-62.0,60.0,2.0,187.0,187.0,,,-33.0,676.0,-232.0,,444.0,1.0,1.0,0.0,443.0,-40.0,403.0,,0.0,403.0,442.35,38.35,326.0,1.23,1.23,1.356902,329.0,1.22,1.22,1.336565,
12/31/2009,3050.0,2433.0,,0.0,617.0,,-992.0,992.0,397.0,595.0,,0.0,2058.0,-1619.0,,365.0,,1254.0,439.0,-141.0,172.0,-3.0,,3.0,175.0,175.0,,,-31.0,298.0,-71.0,,227.0,1.0,1.0,0.0,226.0,-14.0,212.0,,0.0,212.0,83.2,-129.8,326.0,0.65,0.65,0.255215,328.0,0.65,0.65,0.254268,
03/31/2010,2810.0,2159.0,,0.0,651.0,,-903.0,903.0,295.0,608.0,,0.0,1907.0,-1409.0,,369.0,,1040.0,498.0,-105.0,122.0,-46.0,27.0,19.0,168.0,168.0,,,-17.0,393.0,-150.0,,243.0,-6.0,-6.0,0.0,249.0,-13.0,236.0,,0.0,236.0,272.9,42.9,326.0,0.72,0.7,0.837117,328.0,0.72,0.7,0.830793,
06/30/2010,2741.0,2246.0,,0.0,495.0,,-866.0,866.0,254.0,612.0,,0.0,1875.0,-1524.0,,380.0,,1144.0,351.0,-131.0,146.0,-29.0,25.0,4.0,175.0,175.0,,,-15.0,220.0,136.0,,356.0,-1.0,-1.0,0.0,357.0,,357.0,-13.0,0.0,344.0,209.55,-133.45,326.0,1.05,1.05,0.642791,327.0,1.05,1.05,0.641896,
09/30/2010,3788.0,3097.0,,0.0,691.0,,-1446.0,1446.0,328.0,1118.0,,0.0,2342.0,-1480.0,,378.0,,1102.0,862.0,-88.0,147.0,-28.0,24.0,4.0,175.0,175.0,,,-59.0,774.0,-247.0,,527.0,4.0,4.0,0.0,523.0,-13.0,510.0,,0.0,510.0,483.0,-31.0,326.0,1.56,1.57,1.481595,328.0,1.56,1.57,1.475488,
12/31/2010,3069.0,2479.0,,0.0,590.0,,-888.0,888.0,295.0,593.0,,0.0,2181.0,-1767.0,,395.0,,1372.0,414.0,-143.0,185.0,,,,185.0,185.0,,,-42.0,271.0,-93.0,,178.0,0.0,0.0,0.0,178.0,1.0,179.0,-13.0,0.0,166.0,195.25,29.25,326.0,0.51,0.51,0.598926,329.0,0.5,0.51,0.598906,
03/31/2011,2782.0,2230.0,,0.0,552.0,,-766.0,766.0,258.0,508.0,,0.0,2016.0,-1566.0,,417.0,,1149.0,450.0,-169.0,163.0,-33.0,29.0,4.0,196.0,196.0,,,6.0,281.0,-65.0,,216.0,2.0,2.0,0.0,214.0,,214.0,-14.0,0.0,200.0,211.0,9.0,326.0,0.613497,0.619632,0.647239,328.0,0.609756,0.615854,0.643293,
06/30/2011,2983.0,2445.0,,0.0,538.0,,-905.0,905.0,256.0,649.0,,0.0,2078.0,-1698.0,,435.0,,1263.0,380.0,-126.0,146.0,-57.0,27.0,30.0,203.0,203.0,,,-20.0,254.0,-62.0,,192.0,1.0,1.0,0.0,191.0,,191.0,-15.0,0.0,176.0,184.8,7.8,326.0,0.54,0.54,0.566871,329.0,0.54,0.54,0.563708,
09/30/2011,3822.0,3385.0,,0.0,437.0,,-1536.0,1536.0,272.0,1264.0,,0.0,2286.0,-1501.0,,430.0,,1071.0,785.0,-127.0,181.0,-22.0,18.0,4.0,203.0,203.0,,,-54.0,658.0,-232.0,,426.0,-15.0,-15.0,0.0,441.0,0.0,441.0,-15.0,0.0,426.0,411.0,0.0,326.0,1.31,1.26,1.26,329.0,1.3,1.25,1.25,
12/31/2011,2517.0,2513.0,,0.0,4.0,,-666.0,666.0,98.0,568.0,,0.0,1851.0,-1411.0,,368.0,,1043.0,440.0,-109.0,103.0,-22.0,22.0,,125.0,125.0,,,6.0,331.0,-95.0,,236.0,1060.0,1060.0,0.0,-824.0,,-824.0,-15.0,0.0,-839.0,294.0,73.0,326.0,-2.57,0.68,0.90184,329.0,-2.57,0.66,0.881884,
03/31/2012,2415.0,2415.0,,0.0,0.0,,-692.0,692.0,77.0,615.0,,0.0,1723.0,-1334.0,,388.0,,946.0,389.0,-102.0,72.0,-54.0,20.0,34.0,126.0,126.0,,,30.0,287.0,-91.0,,196.0,84.0,84.0,0.0,112.0,,112.0,-19.0,0.0,93.0,182.0,5.0,326.0,0.28,0.54,0.558282,329.0,0.28,0.54,0.555198,
06/30/2012,2653.0,2653.0,,0.0,0.0,,-883.0,883.0,61.0,822.0,,0.0,1770.0,-1350.0,,400.0,,950.0,420.0,-113.0,67.0,-67.0,27.0,40.0,134.0,134.0,,,46.0,307.0,-100.0,,207.0,109.0,109.0,0.0,98.0,-1.0,97.0,-23.0,0.0,74.0,195.35,12.35,326.0,0.23,0.56,0.599233,334.0,0.22,0.55,0.586976,
09/30/2012,3734.0,3734.0,,0.0,0.0,,-1695.0,1695.0,83.0,1612.0,,0.0,2039.0,-1326.0,,399.0,,927.0,713.0,-103.0,70.0,-61.0,23.0,38.0,131.0,131.0,,,33.0,610.0,-228.0,,382.0,167.0,167.0,0.0,215.0,,215.0,-25.0,0.0,190.0,319.3,-37.7,326.0,0.58,1.09,0.979448,329.0,0.58,1.09,0.97541,
12/31/2012,3060.0,3057.0,,0.0,3.0,,-870.0,870.0,88.0,782.0,,0.0,2190.0,-1425.0,,375.0,,1050.0,765.0,-107.0,127.0,-4.0,,4.0,131.0,131.0,,,-20.0,658.0,154.0,,812.0,1326.0,1326.0,0.0,-514.0,,-514.0,-25.0,0.0,-539.0,566.0,-221.0,326.0,-1.65,2.42,1.736196,329.0,-1.65,2.39,1.718267,
03/31/2013,2632.0,2632.0,,0.0,0.0,,-853.0,853.0,73.0,780.0,,0.0,1779.0,-1287.0,,414.0,,873.0,492.0,-108.0,76.0,-55.0,21.0,34.0,131.0,131.0,,,32.0,384.0,-98.0,,286.0,-12.0,-12.0,0.0,298.0,0.0,298.0,-27.0,0.0,271.0,267.0,8.0,326.0,0.83,0.79,0.819018,329.0,0.82,0.78,0.804316,
06/30/2013,3046.0,3046.0,,0.0,0.0,,-1157.0,1157.0,81.0,1076.0,,0.0,1889.0,-1960.0,,418.0,,1542.0,-71.0,-113.0,99.0,-34.0,,34.0,133.0,133.0,,,14.0,-184.0,102.0,,-82.0,-12.0,-12.0,0.0,-70.0,0.0,-70.0,-24.0,0.0,-94.0,490.0,596.0,326.0,-0.29,-0.33,1.503067,326.0,-0.29,-0.33,1.498221,
09/30/2013,3960.0,3960.0,,0.0,0.0,,-1808.0,1808.0,95.0,1713.0,,0.0,2152.0,-1363.0,,392.0,,971.0,789.0,-124.0,109.0,-28.0,,28.0,137.0,137.0,,,15.0,665.0,-177.0,,488.0,25.0,25.0,0.0,463.0,0.0,463.0,-25.0,0.0,438.0,478.0,15.0,326.0,1.34,1.42,1.466258,328.0,1.34,1.41,1.455732,
12/31/2013,2943.0,2943.0,,0.0,0.0,,-1073.0,1073.0,75.0,998.0,,0.0,1870.0,-1365.0,,398.0,,967.0,505.0,-146.0,143.0,,,,143.0,143.0,,,3.0,359.0,-70.0,,289.0,-37.0,-37.0,0.0,326.0,0.0,326.0,-25.0,0.0,301.0,258.95,-5.05,326.0,0.92,0.81,0.794325,328.0,0.92,0.81,0.794325,
03/31/2014,2926.0,2926.0,,0.0,0.0,,-1143.0,1143.0,1143.0,,,0.0,1783.0,-1452.0,,410.0,85.0,957.0,331.0,-126.0,141.0,,,,141.0,141.0,,,-15.0,205.0,19.0,,224.0,22.0,22.0,0.0,202.0,0.0,202.0,-26.0,0.0,176.0,294.0,96.0,326.0,0.54,0.61,0.90184,329.0,0.54,0.61,0.901793,
06/30/2014,3016.0,3016.0,,0.0,0.0,,-1239.0,1239.0,71.0,1168.0,,0.0,1777.0,-1202.0,,414.0,,788.0,575.0,-109.0,139.0,,,,139.0,139.0,,,-30.0,466.0,-84.0,,382.0,-184.0,-184.0,0.0,566.0,0.0,566.0,-30.0,0.0,536.0,352.0,0.0,326.0,1.64,1.08,1.08,329.0,1.63,1.07,1.07,
09/30/2014,4356.0,4356.0,,0.0,0.0,,-2182.0,2182.0,77.0,2105.0,,0.0,2174.0,-1300.0,,424.0,0.0,876.0,874.0,-130.0,141.0,,,,141.0,141.0,,,-11.0,744.0,-220.0,,524.0,16.0,16.0,0.0,508.0,,508.0,-28.0,0.0,480.0,497.0,1.0,326.0,1.47,1.52,1.52454,329.0,1.46,1.51,1.51304,
12/31/2014,3114.0,3114.0,,0.0,0.0,,-1029.0,1029.0,,1029.0,,0.0,2085.0,-1392.0,,472.0,87.0,833.0,693.0,-128.0,138.0,,,,138.0,138.0,,,-10.0,565.0,-159.0,,406.0,-39.0,-39.0,0.0,445.0,3.0,448.0,-28.0,0.0,420.0,355.39,-25.61,326.0,1.29,1.17,1.090153,329.0,1.27,1.15,1.072158,
03/31/2015,2512.0,2512.0,,0.0,0.0,,-786.0,786.0,786.0,,,0.0,1726.0,-1188.0,,463.0,89.0,636.0,538.0,-114.0,143.0,,,,143.0,143.0,,,-29.0,424.0,-106.0,,318.0,0.0,0.0,0.0,318.0,9.0,327.0,-28.0,0.0,299.0,294.0,-5.0,326.0,0.92,0.92,0.90184,329.0,0.91,0.91,0.894802,
06/30/2015,2908.0,2908.0,0.0,0.0,0.0,,-1078.0,1078.0,1078.0,,,0.0,1830.0,-1306.0,,481.0,82.0,743.0,524.0,-112.0,138.0,,,,138.0,138.0,,,-26.0,412.0,-6.0,,406.0,0.0,0.0,0.0,406.0,1.0,407.0,-28.0,0.0,379.0,379.0,0.0,326.0,1.16,1.16,1.16,328.0,1.15,1.15,1.15,
09/30/2015,3763.0,3763.0,,0.0,0.0,,-1785.0,1785.0,1785.0,,,0.0,1978.0,-1370.0,,506.0,84.0,780.0,608.0,-121.0,138.0,,,,138.0,138.0,,,-17.0,487.0,-82.0,,405.0,-43.0,-43.0,0.0,448.0,1.0,449.0,-28.0,0.0,421.0,379.0,1.0,326.0,1.29,1.16,1.162577,328.0,1.28,1.15,1.153049,
12/31/2015,2341.0,2341.0,,0.0,0.0,,-618.0,618.0,618.0,,,0.0,1723.0,-1383.0,,467.0,81.0,835.0,340.0,-96.0,136.0,,,,136.0,136.0,,,-40.0,244.0,-291.0,,-47.0,8.0,8.0,0.0,-55.0,5.0,-50.0,-29.0,0.0,-79.0,287.0,358.0,326.0,-0.24,-0.22,0.880368,328.0,-0.24,-0.22,0.871463,
03/31/2016,2440.0,2440.0,0.0,0.0,0.0,,-794.0,794.0,794.0,,,0.0,1646.0,-1198.0,,477.0,92.0,629.0,448.0,-115.0,140.0,,,,140.0,140.0,,,-25.0,333.0,-28.0,,305.0,-1.0,-1.0,0.0,306.0,5.0,311.0,-30.0,0.0,281.0,278.0,-2.0,326.0,0.86,0.86,0.852761,329.0,0.85,0.85,0.843921,
06/30/2016,2777.0,2777.0,0.0,0.0,0.0,,-1064.0,1064.0,1064.0,,,0.0,1713.0,-1332.0,,505.0,85.0,742.0,381.0,-122.0,144.0,,,,144.0,144.0,,,-22.0,259.0,51.0,,310.0,2.0,2.0,0.0,308.0,3.0,311.0,-31.0,0.0,280.0,295.65,13.65,326.0,0.86,0.87,0.906902,330.0,0.84,0.86,0.901364,
09/30/2016,3767.0,3767.0,,0.0,0.0,,-1719.0,1719.0,1719.0,,,0.0,2048.0,-1353.0,,521.0,92.0,740.0,695.0,-124.0,147.0,,,,147.0,147.0,,,-23.0,571.0,-120.0,,451.0,0.0,0.0,0.0,451.0,1.0,452.0,-31.0,0.0,421.0,421.0,0.0,326.0,1.29,1.29,1.29,330.0,1.27,1.27,1.27,
12/31/2016,2884.0,2884.0,,0.0,0.0,,-951.0,951.0,951.0,,,0.0,1933.0,-1367.0,,504.0,84.0,779.0,566.0,-140.0,150.0,,,,150.0,150.0,,,-10.0,426.0,-63.0,,363.0,-13.0,-13.0,0.0,376.0,0.0,376.0,-31.0,0.0,345.0,332.0,0.0,326.0,1.06,1.02,1.02,330.0,1.05,1.01,1.01,
03/31/2017,2463.0,2463.0,0.0,0.0,0.0,,-784.0,784.0,784.0,,,0.0,1679.0,-1200.0,,499.0,100.0,601.0,479.0,-127.0,152.0,,,,152.0,152.0,,,-25.0,352.0,40.0,,392.0,0.0,0.0,0.0,392.0,1.0,393.0,-31.0,0.0,362.0,365.25,3.25,326.0,1.11,1.11,1.120399,329.0,1.1,1.1,1.109878,
06/30/2017,2965.0,2965.0,,0.0,0.0,,-1175.0,1175.0,1175.0,,,0.0,1790.0,-1320.0,,512.0,86.0,722.0,470.0,-135.0,159.0,,,,159.0,159.0,,,-24.0,335.0,-26.0,,309.0,0.0,0.0,0.0,309.0,0.0,309.0,-31.0,0.0,278.0,288.4,10.4,326.0,0.85,0.85,0.884663,329.0,0.85,0.85,0.881611,
09/30/2017,3672.0,3672.0,,0.0,0.0,,-1783.0,1783.0,1783.0,,,0.0,1889.0,-1336.0,,524.0,98.0,714.0,553.0,-121.0,162.0,,,,162.0,162.0,,,-41.0,432.0,69.0,,501.0,0.0,0.0,0.0,501.0,1.0,502.0,-32.0,0.0,470.0,470.0,0.0,326.0,1.44,1.44,1.44,328.0,1.43,1.43,1.43,
12/31/2017,3220.0,3220.0,,0.0,0.0,,-1131.0,1131.0,1131.0,,,0.0,2089.0,-2127.0,,506.0,93.0,1528.0,-38.0,-132.0,166.0,,,,166.0,166.0,,,-34.0,-170.0,-364.0,,-534.0,0.0,0.0,0.0,-534.0,19.0,-515.0,-30.0,0.0,-545.0,357.0,902.0,326.0,-1.67,-1.67,1.095092,328.0,-1.67,-1.67,1.08,
03/31/2018,2564.0,2564.0,0.0,0.0,0.0,,-926.0,926.0,926.0,,,0.0,1638.0,-1308.0,,462.0,107.0,739.0,330.0,-119.0,170.0,,,,170.0,170.0,,,-51.0,211.0,31.0,0.0,242.0,0.0,0.0,0.0,242.0,6.0,248.0,-30.0,0.0,218.0,270.14,52.14,326.0,0.67,0.67,0.82865,327.0,0.67,0.67,0.82865,
06/30/2018,2815.0,2815.0,,0.0,0.0,,-1112.0,1112.0,1112.0,,,0.0,1703.0,-1283.0,,463.0,97.0,723.0,420.0,-131.0,180.0,,,,180.0,180.0,,,-49.0,289.0,9.0,,298.0,0.0,0.0,0.0,298.0,8.0,306.0,-30.0,0.0,276.0,278.9,2.9,326.0,0.85,0.85,0.855521,327.0,0.84,0.84,0.848869,
09/30/2018,4269.0,4269.0,,0.0,0.0,,-2306.0,2306.0,2306.0,,,0.0,1963.0,-1224.0,,466.0,97.0,661.0,739.0,-112.0,188.0,,,,188.0,188.0,,,-76.0,627.0,-83.0,,544.0,0.0,0.0,0.0,544.0,0.0,544.0,-31.0,0.0,513.0,515.37,2.37,326.0,1.57,1.57,1.58089,327.0,1.57,1.57,1.577248,
12/31/2018,3009.0,3009.0,,0.0,0.0,,-1062.0,1062.0,1062.0,,,0.0,1947.0,-3988.0,,480.0,94.0,3414.0,-2041.0,-175.0,196.0,,,,196.0,196.0,,,-21.0,-2216.0,782.0,,-1434.0,-34.0,-34.0,0.0,-1400.0,0.0,-1400.0,-30.0,0.0,-1430.0,305.0,1769.0,326.0,-4.39,-4.49,0.935583,326.0,-4.39,-4.49,0.935583,
03/31/2019,2824.0,2824.0,,0.0,0.0,,-1005.0,1005.0,1005.0,,,0.0,1819.0,-1467.0,,480.0,110.0,877.0,352.0,-156.0,194.0,,,,194.0,194.0,,,-38.0,196.0,112.0,,308.0,0.0,0.0,0.0,308.0,0.0,308.0,-30.0,0.0,278.0,208.84,-69.16,326.0,0.85,0.85,0.640613,327.0,0.85,0.85,0.638502,
06/30/2019,2812.0,2812.0,,0.0,0.0,,-1135.0,1135.0,1135.0,,,0.0,1677.0,-1177.0,,321.0,93.0,763.0,500.0,-156.0,211.0,,,,211.0,211.0,,,-55.0,344.0,78.0,,422.0,0.0,0.0,0.0,422.0,0.0,422.0,-30.0,0.0,392.0,569.0,177.0,326.0,1.2,1.2,1.745399,327.0,1.2,1.2,1.741284,
09/30/2019,3741.0,3741.0,,0.0,0.0,,-1708.0,1708.0,1708.0,,,0.0,2033.0,-1397.0,,459.0,99.0,839.0,636.0,-156.0,214.0,,,,214.0,214.0,,,-58.0,480.0,22.0,,502.0,0.0,0.0,0.0,502.0,0.0,502.0,-31.0,0.0,471.0,508.92,37.92,347.0,1.36,1.36,1.466628,349.0,1.35,1.35,1.458653,
12/31/2019,2970.0,2970.0,,0.0,0.0,,-991.0,991.0,991.0,,,0.0,1979.0,-1692.0,,470.0,97.0,1125.0,287.0,-180.0,222.0,,,,222.0,222.0,,,-42.0,107.0,66.0,,173.0,0.0,0.0,0.0,173.0,0.0,173.0,-30.0,0.0,143.0,360.0,217.0,360.0,0.4,0.4,1.0,361.0,0.4,0.4,1.0,
03/31/2020,2790.0,2790.0,,0.0,0.0,,-928.0,928.0,928.0,,,0.0,1862.0,-1560.0,,484.0,111.0,965.0,302.0,-173.0,225.0,,,,225.0,225.0,,,-52.0,129.0,84.0,,213.0,0.0,0.0,0.0,213.0,0.0,213.0,-30.0,0.0,183.0,228.0,45.0,363.0,0.5,0.5,0.628099,364.0,0.5,0.5,0.623626,
06/30/2020,2987.0,2987.0,,0.0,0.0,,-1068.0,1068.0,1068.0,,,0.0,1919.0,-1419.0,,489.0,103.0,827.0,500.0,-148.0,229.0,,,,229.0,229.0,,,-81.0,352.0,-4.0,,348.0,0.0,0.0,0.0,348.0,0.0,348.0,-30.0,0.0,318.0,350.0,32.0,375.0,0.85,0.85,0.933333,376.0,0.85,0.85,0.933333,
09/30/2020,3635.2,,,,,,,,,,,,,,,,,,707.5,,,,,,,,,,,619.0,,,559.5,,,,,,559.5,,,559.5,519.0,,,1.307,1.307,1.444,,1.307,1.307,1.444,
12/31/2020,3156.0,,,,,,,,,,,,,,,,,,664.5,,,,,,,,,,,600.0,,,510.5,,,,,,510.5,,,510.5,509.667,,,1.285,1.285,1.259,,1.285,1.285,1.259,
