Date,Revenue,Sales & Services Revenue,Cost of Revenue,Cost of Goods & Services,Gross Profit,Other Operating Income,Operating Expenses,"Selling, General & Admin",Research & Development,Other Operating Expense,Operating Income (Loss),Non-Operating (Income) Loss,"Interest Expense, Net",Interest Expense,Interest Income,Foreign Exch (Gain) Loss,(Income) Loss from Affiliates,Other Non-Op (Income) Loss,Pretax Income,Income Tax Expense (Benefit),Income (Loss) from Cont Ops,Net Extraordinary Losses (Gains),Discontinued Operations,XO & Accounting Changes,Income (Loss) Incl. MI,Minority Interest,"Net Income, GAAP",Preferred Dividends,Other Adjustments,"Net Income Avail to Common, GAAP","Net Income Avail to Common, Adj",Net Abnormal Losses (Gains),Basic Weighted Avg Shares,"Basic EPS, GAAP",Basic EPS from Cont Ops,"Basic EPS from Cont Ops, Adjusted",Diluted Weighted Avg Shares,"Diluted EPS, GAAP",Diluted EPS from Cont Ops,"Diluted EPS from Cont Ops, Adjusted",Source: Bloomberg
09/30/1992,975.0,,-744.0,,231.0,,-113.0,,,,118.0,-1.0,,0.0,,0.0,,1.0,117.0,-44.0,73.0,2.0,,,71.0,0.0,71.0,0.0,,71.0,71.0,,162.600006,0.325,0.335,,162.600006,0.325,0.335,0.335,
03/31/1993,941.0,,-711.0,,230.0,,-106.0,,,,124.0,-2.0,,2.0,,0.0,,0.0,122.0,-46.0,76.0,476.0,,,-400.0,0.0,-400.0,0.0,,-400.0,-400.0,,164.399994,-2.435,0.46,,164.399994,-2.435,0.46,0.46,
06/30/1993,1012.0,,-750.0,,262.0,,-116.0,,,,146.0,0.0,,2.0,,0.0,,-2.0,146.0,-54.0,92.0,0.0,,,92.0,0.0,92.0,0.0,,92.0,92.0,,164.399994,0.45,0.45,,164.399994,0.45,0.45,0.45,
09/30/1993,970.0,,-746.0,,224.0,,-111.0,,,,113.0,-4.0,,0.0,,0.0,,4.0,109.0,-48.0,61.0,0.0,,,61.0,0.0,61.0,0.0,,61.0,61.0,,164.399994,0.255,0.255,,164.399994,0.255,0.255,0.255,
12/31/1993,980.0,,-799.0,,181.0,,-113.0,,,,68.0,-6.0,,2.0,,0.0,,4.0,62.0,-24.0,38.0,13.0,,,25.0,0.0,38.0,0.0,,38.0,38.0,,165.199996,0.14,0.14,0.14,165.199996,0.14,0.14,0.14,
03/31/1994,983.0,,-756.0,,227.0,,-110.0,,,,117.0,-25.0,,25.0,,0.0,,0.0,92.0,-36.0,56.0,0.0,,,56.0,0.0,56.0,0.0,,56.0,56.0,,165.199997,0.34,0.34,,165.199997,0.34,0.34,0.34,
06/30/1994,1047.0,,-772.0,,275.0,,-121.0,,,,154.0,-18.0,,21.0,,0.0,,-3.0,136.0,-53.0,83.0,0.0,,,83.0,0.0,83.0,0.0,,83.0,83.0,,165.800003,0.5,0.5,,165.800003,0.5,0.5,0.5,
09/30/1994,1130.0,,-838.0,,292.0,,-113.0,,,,179.0,-27.0,,21.0,,0.0,,6.0,152.0,-59.0,93.0,0.0,,,93.0,0.0,93.0,0.0,,93.0,93.0,,165.399994,0.56,0.56,,165.399994,0.56,0.56,0.56,
12/31/1994,1169.0,,-850.0,,319.0,,-133.0,,,,186.0,-16.0,,20.0,,0.0,,-4.0,170.0,-66.0,104.0,0.0,,,104.0,0.0,104.0,0.0,,104.0,104.0,,166.199996,0.625,0.625,,166.199996,0.625,0.625,0.625,
03/31/1995,1232.0,,-882.0,,350.0,,-122.0,,,,228.0,-15.0,,19.0,,0.0,,-4.0,213.0,-81.0,132.0,0.0,,,132.0,0.0,132.0,0.0,,132.0,132.0,,166.199997,0.79,0.79,,166.199997,0.79,0.79,0.79,
06/30/1995,1321.0,,-927.0,,394.0,,-129.0,,,,265.0,-10.0,,20.0,,0.0,,-10.0,255.0,-97.0,158.0,0.0,,,158.0,0.0,158.0,0.0,,158.0,158.0,,166.399994,0.95,0.95,,166.399994,0.95,0.95,0.95,
09/30/1995,1266.0,,-858.0,,408.0,,-148.0,,,,260.0,-21.0,,19.0,,0.0,,2.0,239.0,-91.0,148.0,0.0,,,148.0,0.0,148.0,0.0,,148.0,148.0,,163.800003,0.905,0.905,,163.800003,0.905,0.905,0.905,
12/31/1995,1221.0,,-869.0,,352.0,,-141.0,,,,211.0,-19.0,,21.0,,0.0,,-2.0,192.0,-71.0,121.0,0.0,,,121.0,0.0,121.0,0.0,,121.0,121.0,,161.800004,0.75,0.75,,161.800004,0.75,0.75,0.75,
03/31/1996,1261.0,,-940.0,,321.0,,-130.0,,,,191.0,-13.0,,15.0,,0.0,,-2.0,178.0,-66.0,112.0,0.0,,,112.0,0.0,112.0,0.0,,112.0,112.0,,161.199996,0.695,0.695,0.695,161.199996,0.695,0.695,0.695,
06/30/1996,1241.0,,-922.0,,319.0,,-129.0,,,,190.0,-13.0,,20.0,,0.0,,-7.0,177.0,-65.0,112.0,0.0,,,112.0,0.0,112.0,0.0,,112.0,112.0,,159.199997,0.705,0.705,0.655,159.199997,0.705,0.705,0.655,
09/30/1996,1167.0,,-873.0,,294.0,,-125.0,,,,169.0,-13.0,,16.0,,0.0,,-3.0,156.0,-60.0,96.0,0.0,,,96.0,0.0,96.0,0.0,,96.0,96.0,,157.0,0.61,0.61,0.61,157.0,0.61,0.61,0.61,
12/31/1996,1113.0,,-868.0,,245.0,,-132.0,,,,113.0,-17.0,,16.0,,0.0,,1.0,96.0,-36.0,60.0,0.0,,,60.0,0.0,60.0,0.0,,60.0,60.0,,156.399994,0.385,0.385,0.385,156.399994,0.385,0.385,0.385,
03/31/1997,1171.0,,-911.0,,260.0,0.0,-126.0,78.0,,48.0,134.0,-20.0,19.0,,,,,1.0,114.0,-42.0,72.0,,,,72.0,,72.0,0.0,0.0,72.0,72.0,,155.2,0.46,0.46,0.46,156.4,0.46,0.46,0.46,
06/30/1997,1208.0,,-925.0,,283.0,0.0,-126.0,84.0,,42.0,157.0,-16.0,22.0,,,,,-6.0,141.0,-51.0,90.0,,,,90.0,,90.0,0.0,0.0,90.0,90.0,,156.2,0.57,0.57,0.57,157.4,0.57,0.57,0.57,
09/30/1997,1145.0,,-857.0,,288.0,0.0,-140.0,85.0,,55.0,148.0,0.0,26.0,,,,,-26.0,148.0,-52.0,96.0,,,,96.0,,96.0,0.0,0.0,96.0,96.0,,157.8,0.61,0.61,0.61,158.0,0.61,0.61,0.61,
12/31/1997,1154.0,,-889.0,,265.0,0.0,-136.0,90.0,,46.0,129.0,-86.0,20.0,,,,,66.0,43.0,-15.0,28.0,,,,28.0,,28.0,,0.0,28.0,28.0,,156.4,0.18,0.18,0.575,158.0,0.175,0.175,0.57,
03/31/1998,1148.0,,-894.0,,254.0,,-121.0,,,,133.0,-19.0,,21.0,,0.0,,-2.0,114.0,-40.0,74.0,0.0,,,74.0,0.0,74.0,0.0,,74.0,74.0,,156.800004,0.475,0.475,0.475,158.399994,0.47,0.47,0.47,
06/30/1998,1165.0,,-868.0,,297.0,,-133.0,,,,164.0,-15.0,,21.0,,0.0,,-6.0,149.0,-52.0,97.0,0.0,,,97.0,0.0,97.0,0.0,,97.0,97.0,,158.0,0.61,0.61,0.61,159.800004,0.605,0.605,0.605,
09/30/1998,1131.0,,-870.0,,261.0,0.0,-120.0,75.0,,45.0,141.0,-18.0,28.0,,,,,-10.0,123.0,-43.0,80.0,,,,80.0,,80.0,0.0,0.0,80.0,80.0,,158.2,0.505,0.505,0.505,159.0,0.5,0.5,0.5,
12/31/1998,1037.0,,-914.0,,123.0,,-127.0,,,,-4.0,-22.0,,26.0,,0.0,,-4.0,-26.0,24.0,-2.0,0.0,,,-2.0,0.0,-2.0,0.0,,-2.0,-2.0,,158.199997,-0.01,-0.01,0.07,159.0,-0.01,-0.01,0.07,
03/31/1999,1023.0,,-829.0,,194.0,0.0,-123.0,76.0,,47.0,71.0,-34.0,26.0,31.0,-5.0,0.0,,8.0,37.0,-12.0,25.0,0.0,,,25.0,0.0,25.0,0.0,0.0,25.0,25.0,,157.4,0.16,0.16,0.2,157.6,0.155,0.155,0.195,
06/30/1999,1122.0,,-897.0,,225.0,,-129.0,,,,96.0,-32.0,28.0,28.0,,0.0,,4.0,64.0,-21.0,43.0,0.0,,,43.0,0.0,43.0,0.0,,43.0,43.0,,156.0,0.275,0.275,0.275,156.800003,0.27,0.27,0.27,
09/30/1999,1190.0,,-976.0,,214.0,,-139.0,,,,75.0,-26.0,35.0,35.0,,0.0,,-9.0,49.0,-16.0,33.0,0.0,,,33.0,0.0,33.0,0.0,,33.0,33.0,,156.0,0.21,0.21,0.21,156.8,0.21,0.21,0.21,
12/31/1999,1255.0,,-1029.0,,226.0,,-151.0,,,,75.0,-152.0,37.0,37.0,,0.0,,115.0,-77.0,25.0,-52.0,0.0,,,-52.0,0.0,-52.0,0.0,0.0,-52.0,-52.0,,156.2,-0.332906,-0.332906,0.1,156.2,-0.332906,-0.332906,0.1,
03/31/2000,1217.0,,-967.0,,250.0,0.0,-118.0,80.0,,38.0,132.0,-30.0,33.0,35.0,-2.0,,,-3.0,102.0,-34.0,68.0,,,,68.0,,68.0,0.0,0.0,68.0,68.0,,155.0,0.44,0.44,0.44,155.2,0.44,0.44,0.44,
06/30/2000,1316.0,,-1026.0,,290.0,0.0,-117.0,81.0,,36.0,173.0,-45.0,32.0,34.0,-2.0,0.0,,13.0,128.0,-42.0,86.0,0.0,,,86.0,0.0,86.0,0.0,0.0,86.0,86.0,,153.0,0.56,0.56,0.56,153.8,0.56,0.56,0.56,
09/30/2000,1387.0,,-1092.0,,295.0,0.0,-128.0,90.0,,38.0,167.0,-22.0,37.0,38.0,-1.0,,-38.0,23.0,145.0,-48.0,97.0,,,,97.0,,97.0,,0.0,97.0,97.0,,153.2,0.635,0.635,0.72,153.4,0.635,0.635,0.72,
12/31/2000,1372.0,,-1137.0,,235.0,,-132.0,,,,103.0,-25.0,37.0,37.0,,0.0,,-12.0,78.0,-26.0,52.0,0.0,,,52.0,0.0,52.0,0.0,0.0,52.0,52.0,,153.2,0.34,0.34,0.34,153.4,0.34,0.34,0.34,
03/31/2001,1344.0,,-1112.0,,232.0,0.0,-136.0,98.0,,38.0,96.0,-41.0,35.0,36.0,-1.0,,,6.0,55.0,-18.0,37.0,,,,37.0,,37.0,,0.0,37.0,37.0,,153.4,0.24,0.24,0.24,154.2,0.24,0.24,0.24,
06/30/2001,1402.0,,-1149.0,,253.0,,-155.0,,,,98.0,-341.0,35.0,37.0,-2.0,0.0,,306.0,-243.0,96.0,-147.0,0.0,,,-147.0,0.0,-147.0,0.0,0.0,-147.0,-147.0,,153.6,-0.96,-0.96,0.275,153.6,-0.96,-0.96,0.275,
09/30/2001,1373.0,,-1134.0,,239.0,,-140.0,,,,99.0,-60.0,34.0,36.0,-2.0,0.0,,26.0,39.0,-12.0,27.0,0.0,,,27.0,0.0,27.0,0.0,0.0,27.0,27.0,,153.800003,0.18,0.18,0.3,154.0,0.18,0.18,0.3,
12/31/2001,1271.0,,-1102.0,,169.0,,-144.0,,,,25.0,-166.0,31.0,31.0,,0.0,,135.0,-141.0,50.0,-92.0,0.0,,,-91.0,0.0,-92.0,0.0,0.0,-92.0,-92.0,,153.8,-0.6,-0.6,-0.08,153.8,-0.6,-0.6,-0.08,
03/31/2002,1236.0,,-1031.0,,205.0,0.0,-128.0,90.0,,38.0,77.0,-44.0,30.0,31.0,-1.0,0.0,,14.0,33.0,-9.0,24.0,18.0,,,6.0,0.0,6.0,0.0,0.0,6.0,6.0,,154.0,0.035,0.15,0.15,154.2,0.035,0.15,0.15,
06/30/2002,1395.0,,-1166.0,,229.0,,-148.0,,,,81.0,-21.0,31.0,32.0,-1.0,0.0,,-10.0,60.0,-16.0,44.0,0.0,,,44.0,0.0,44.0,0.0,0.0,44.0,44.0,,154.2,0.29,0.29,0.29,154.6,0.29,0.29,0.29,
09/30/2002,1374.0,,-1172.0,,202.0,,-141.0,,,,61.0,-30.0,30.0,32.0,-2.0,0.0,,0.0,28.0,-4.0,24.0,0.0,,,24.0,0.0,24.0,0.0,0.0,24.0,24.0,,154.2,0.155,0.155,0.15,154.4,0.155,0.155,0.15,
12/31/2002,1315.0,,-1178.0,,137.0,,-148.0,,,,-11.0,-22.0,24.0,27.0,-3.0,0.0,,-2.0,-33.0,24.0,-13.0,0.0,,,-9.0,0.0,-13.0,0.0,0.0,-13.0,-13.0,,154.2,-0.08,-0.08,-0.06,154.2,-0.08,-0.08,-0.06,
03/31/2003,1441.0,,-1257.0,,184.0,,-143.0,,,,41.0,-12.0,31.0,32.0,-1.0,0.0,,-19.0,29.0,-11.0,18.0,-3.0,,,21.0,0.0,21.0,0.0,0.0,21.0,21.0,,154.2,0.135,0.115,0.045,154.4,0.135,0.115,0.045,
06/30/2003,1481.0,,-1240.0,,241.0,,-150.0,,,,91.0,-44.0,31.0,33.0,-2.0,0.0,,13.0,47.0,-12.0,35.0,0.0,,,35.0,0.0,35.0,0.0,0.0,35.0,35.0,,154.2,0.23,0.23,0.31,154.6,0.23,0.23,0.31,
09/30/2003,1444.0,,-1244.0,,200.0,,-144.0,,,,56.0,-527.0,30.0,31.0,-1.0,0.0,,497.0,-471.0,135.0,-336.0,0.0,,,-336.0,,-336.0,0.0,0.0,-336.0,-336.0,,154.4,-2.175,-2.175,1.035,154.4,-2.175,-2.175,1.035,
12/31/2003,1434.0,,-1249.0,,185.0,,-150.0,,,,35.0,-23.0,30.0,32.0,-2.0,0.0,,-7.0,12.0,-2.0,10.0,0.0,,,10.0,0.0,10.0,0.0,0.0,10.0,10.0,,154.2,0.065,0.065,0.065,155.0,0.065,0.065,0.065,
03/31/2004,1597.0,,-1362.0,,235.0,,-153.0,,,,82.0,-95.0,29.0,31.0,-2.0,0.0,,66.0,-13.0,7.0,-6.0,0.0,,,-6.0,0.0,-6.0,0.0,0.0,-6.0,-6.0,,154.4,-0.035,-0.035,0.26,154.4,-0.035,-0.035,0.26,
06/30/2004,1676.0,,-1406.0,,270.0,,-150.0,,,,120.0,-110.0,28.0,30.0,-2.0,0.0,,82.0,10.0,74.0,84.0,0.0,,,84.0,0.0,84.0,0.0,0.0,84.0,84.0,,154.8,0.54,0.54,0.415,156.2,0.535,0.535,0.41,
09/30/2004,1649.0,,-1392.0,,257.0,,-142.0,,,,115.0,-67.0,29.0,30.0,-1.0,0.0,,38.0,48.0,-10.0,38.0,0.0,,,38.0,0.0,38.0,0.0,0.0,38.0,38.0,,155.2,0.25,0.25,0.395,156.6,0.245,0.245,0.395,
12/31/2004,1658.0,,-1442.0,,216.0,,-152.0,,,,64.0,-56.0,,35.0,-3.0,7.0,,17.0,8.0,35.0,54.0,0.0,,,43.0,0.0,54.0,0.0,0.0,54.0,54.0,,156.2,0.345,0.345,0.345,158.4,0.34,0.34,0.34,
03/31/2005,1762.0,,-1363.0,,399.0,,-148.0,,,,251.0,-34.0,30.0,33.0,-3.0,0.0,,4.0,217.0,-55.0,162.0,0.0,,,162.0,0.0,162.0,0.0,0.0,162.0,162.0,,159.0,1.02,1.02,1.06,162.0,1.0,1.0,1.04,
06/30/2005,1752.0,,-1378.0,,374.0,0.0,-161.0,122.0,,39.0,213.0,91.0,25.0,30.0,-5.0,0.0,-171.0,55.0,304.0,-98.0,206.0,0.0,,,206.0,0.0,206.0,0.0,0.0,206.0,206.0,72.8,161.4,1.276332,1.276332,1.5,164.0,1.255,1.255,1.475,
09/30/2005,1816.0,,-1464.0,,352.0,,-150.0,,,,202.0,-25.0,100.0,103.0,-3.0,0.0,,-75.0,177.0,-54.0,123.0,0.0,,,123.0,0.0,123.0,0.0,0.0,123.0,123.0,,162.6,0.755,0.755,0.77345,164.0,0.75,0.75,0.7683,
12/31/2005,1729.0,,-1450.0,,279.0,,-157.0,,,,122.0,26.0,,,,0.0,,-26.0,148.0,-19.0,66.0,0.0,,,129.0,0.0,66.0,0.0,0.0,66.0,66.0,,162.8,0.405,0.405,0.45,164.2,0.405,0.405,0.45,
03/31/2006,1803.0,,-1472.0,,331.0,,-140.0,,,,191.0,-26.0,22.0,28.0,-6.0,0.0,,4.0,165.0,-60.0,105.0,0.0,,,105.0,0.0,105.0,0.0,0.0,105.0,105.0,,163.0,0.64,0.64,0.685,164.8,0.635,0.635,0.68,
06/30/2006,1929.0,,-1579.0,,350.0,,-157.0,,,,193.0,-22.0,21.0,21.0,0.0,0.0,,1.0,171.0,-57.0,114.0,0.0,,,114.0,0.0,114.0,0.0,0.0,114.0,114.0,,163.8,0.695,0.695,0.705,166.0,0.685,0.685,0.695,
09/30/2006,1966.0,,-1650.0,,316.0,,-145.0,,,,171.0,-35.0,21.0,26.0,-5.0,0.0,,14.0,136.0,-41.0,95.0,0.0,,,95.0,0.0,95.0,0.0,0.0,95.0,95.0,,164.2,0.58,0.58,0.625,166.2,0.575,0.575,0.62,
12/31/2006,1081.0,,-813.0,,268.0,,-68.0,121.0,,-53.0,200.0,-155.0,13.0,23.0,-9.0,0.0,,141.0,120.0,-9.0,113.0,18.0,,,93.0,0.0,95.0,0.0,0.0,95.0,95.0,,165.2,0.575,0.685,0.765,167.2,0.57,0.675,0.755,
03/31/2007,1637.0,,-1351.0,,286.0,,-132.0,,,,154.0,-14.0,17.0,27.0,-10.0,0.0,,-3.0,140.0,-47.0,93.0,16.0,,,77.0,0.0,77.0,0.0,0.0,77.0,77.0,,167.8,0.46,0.555,0.61,170.0,0.455,0.55,0.605,
06/30/2007,1764.0,,-1455.0,,309.0,,-147.0,,,,162.0,-11.0,14.0,24.0,-10.0,0.0,,-3.0,151.0,-49.0,102.0,-3.0,,,105.0,0.0,105.0,0.0,0.0,105.0,105.0,,168.4,0.62,0.605,0.7,171.0,0.61,0.595,0.69,
09/30/2007,1692.0,,-1385.0,,307.0,,-147.0,,,,160.0,-120.0,16.0,27.0,-11.0,0.0,,104.0,40.0,-15.0,25.0,5.0,,,20.0,0.0,20.0,0.0,0.0,20.0,20.0,,165.2,0.12,0.15,0.635,167.2,0.12,0.15,0.635,
12/31/2007,1737.0,,-1447.0,,290.0,,-150.0,110.0,,40.0,140.0,-1.0,15.0,22.0,,0.0,,-14.0,139.0,-38.0,101.0,3.0,,,98.0,0.0,98.0,0.0,0.0,98.0,98.0,,161.0,0.61,0.63,0.655,163.0,0.605,0.625,0.65,
03/31/2008,1727.0,,-1390.0,,337.0,,-152.0,,,,185.0,-32.0,16.0,25.0,-9.0,0.0,,16.0,153.0,-38.0,115.0,-18.0,,,133.0,0.0,133.0,0.0,0.0,133.0,133.0,,156.4,0.85,0.735,0.75,158.4,0.84,0.73,0.745,
06/30/2008,1834.0,,-1513.0,,321.0,,-146.0,,,,175.0,-22.0,18.0,25.0,-7.0,0.0,,4.0,153.0,-38.0,115.0,0.0,,,115.0,0.0,115.0,0.0,0.0,115.0,115.0,,152.2,0.755,0.755,0.78,154.8,0.74,0.74,0.765,
09/30/2008,1819.0,,-1497.0,,322.0,,-146.0,,,,176.0,-28.0,19.0,23.0,-4.0,0.0,,9.0,148.0,-48.0,100.0,0.0,,,100.0,0.0,100.0,0.0,0.0,100.0,100.0,,148.4,0.675,0.675,0.685,150.2,0.665,0.665,0.675,
12/31/2008,1346.0,,-1200.0,,146.0,0.0,-117.0,95.0,,22.0,29.0,-54.0,17.0,,,,,37.0,-25.0,23.0,-2.0,0.0,,,-2.0,0.0,-2.0,0.0,0.0,-2.0,-2.0,,144.8,-0.015,-0.015,0.085,144.8,-0.015,-0.015,0.085,
03/31/2009,1129.0,1129.0,-950.0,950.0,179.0,0.0,-154.0,94.0,34.0,26.0,25.0,-23.0,19.0,21.0,-2.0,,,4.0,2.0,0.0,2.0,0.0,0.0,0.0,2.0,0.0,2.0,0.0,0.0,2.0,18.0,16.0,145.0,0.015,0.015,0.124138,145.8,0.015,0.015,0.124138,
06/30/2009,1253.0,1253.0,-993.0,993.0,260.0,0.0,-129.0,98.0,34.0,-3.0,131.0,-25.0,20.0,22.0,-2.0,,,5.0,106.0,-41.0,65.0,0.0,0.0,0.0,65.0,0.0,65.0,0.0,0.0,65.0,61.05,-3.95,145.0,0.445,0.445,0.421034,146.2,0.445,0.445,0.417982,
09/30/2009,1337.0,1337.0,-1009.0,1009.0,328.0,0.0,-137.0,104.0,33.0,0.0,191.0,-21.0,19.0,20.0,-1.0,,,2.0,170.0,-69.0,101.0,0.0,0.0,0.0,101.0,0.0,101.0,0.0,0.0,101.0,103.95,2.95,145.2,0.7,0.7,0.715909,147.0,0.69,0.69,0.710068,
12/31/2009,1186.0,1186.0,-886.0,886.0,300.0,0.0,-304.0,95.0,32.0,177.0,-4.0,-22.0,20.0,22.0,-2.0,,,2.0,-26.0,11.0,-15.0,17.0,17.0,0.0,-32.0,0.0,-32.0,0.0,0.0,-32.0,100.0,115.0,145.0,-0.22,-0.105,0.689655,145.0,-0.22,-0.105,0.688103,
03/31/2010,1370.0,1370.0,-1053.0,1053.0,317.0,0.0,-128.0,95.0,33.0,0.0,189.0,-32.0,25.0,26.0,-1.0,,,7.0,157.0,-52.0,105.0,4.0,4.0,0.0,101.0,0.0,101.0,0.0,0.0,101.0,105.0,0.0,144.4,0.695,0.725,0.725,146.6,0.685,0.715,0.715,
06/30/2010,1502.0,1502.0,-1118.0,1118.0,384.0,0.0,-138.0,102.0,33.0,3.0,246.0,-32.0,25.0,27.0,-2.0,,,7.0,214.0,-73.0,141.0,-7.0,-7.0,0.0,148.0,0.0,148.0,0.0,0.0,148.0,144.95,3.95,144.6,1.025,0.98,1.00242,147.0,1.01,0.96,0.98687,
09/30/2010,1507.0,1507.0,-1085.0,1085.0,422.0,0.0,-156.0,114.0,42.0,0.0,266.0,-22.0,25.0,26.0,-1.0,,,-3.0,244.0,-82.0,162.0,-8.0,-8.0,0.0,170.0,0.0,170.0,0.0,0.0,170.0,162.0,0.0,143.8,1.185,1.126564,1.126564,146.6,1.165,1.110429,1.110429,
12/31/2010,1463.0,1463.0,-1112.0,1112.0,351.0,0.0,-190.0,120.0,44.0,26.0,161.0,-140.0,24.0,26.0,-2.0,,,116.0,21.0,-4.0,17.0,-2.0,-2.0,0.0,19.0,0.0,19.0,0.0,0.0,19.0,104.0,87.0,144.0,0.125,0.115,0.722222,147.8,0.125,0.115,0.703634,
03/31/2011,1758.0,1758.0,-1300.0,1300.0,458.0,0.0,-144.0,108.0,36.0,0.0,314.0,-13.0,19.0,21.0,-2.0,,,-6.0,301.0,-100.0,201.0,-39.0,-39.0,0.0,240.0,0.0,240.0,0.0,0.0,240.0,191.0,-10.0,141.4,1.7,1.42,1.350778,144.6,1.66,1.39,1.320844,
06/30/2011,1885.0,1885.0,-1411.0,1411.0,474.0,0.0,-141.0,118.0,38.0,-15.0,333.0,-13.0,18.0,20.0,-2.0,,,-5.0,320.0,-101.0,219.0,-1.0,-1.0,0.0,220.0,0.0,220.0,0.0,0.0,220.0,209.0,-10.0,141.4,1.55,1.55,1.478077,145.0,1.51,1.51,1.441034,
09/30/2011,1812.0,1812.0,-1379.0,1379.0,433.0,0.0,-162.0,114.0,41.0,7.0,271.0,-17.0,20.0,21.0,-1.0,,,-3.0,254.0,-80.0,174.0,0.0,0.0,0.0,174.0,0.0,174.0,0.0,0.0,174.0,179.0,5.0,139.1,1.25,1.25,1.286844,142.4,1.22,1.22,1.255113,
12/31/2011,1723.0,1723.0,-1519.0,1519.0,204.0,0.0,-185.0,141.0,44.0,0.0,19.0,-14.0,19.0,21.0,-2.0,,,-5.0,5.0,7.0,12.0,0.0,0.0,0.0,12.0,0.0,12.0,0.0,0.0,12.0,110.0,98.0,136.9,0.09,0.18,0.803506,140.1,0.09,0.09,0.7895,
03/31/2012,1821.0,1821.0,-1390.0,1390.0,431.0,0.0,-167.0,126.0,41.0,0.0,264.0,-20.0,19.0,21.0,-2.0,,,1.0,244.0,-85.0,159.0,1.0,1.0,0.0,158.0,0.0,158.0,0.0,0.0,158.0,172.0,13.0,137.3,1.15,1.15,1.252731,140.7,1.12,1.13,1.222395,
06/30/2012,1853.0,1853.0,-1372.0,1372.0,481.0,0.0,-164.0,121.0,43.0,0.0,317.0,-49.0,28.0,29.0,-1.0,,,21.0,268.0,-91.0,177.0,-2.0,-2.0,0.0,179.0,0.0,179.0,0.0,0.0,179.0,206.75,29.75,138.1,1.3,1.28,1.497104,141.2,1.27,1.26,1.470694,
09/30/2012,2259.0,2259.0,-1734.0,1734.0,525.0,0.0,-262.0,173.0,52.0,37.0,263.0,-45.0,48.0,50.0,-2.0,0.0,,-3.0,218.0,-64.0,154.0,0.0,0.0,0.0,154.0,0.0,154.0,0.0,0.0,154.0,246.0,92.0,152.9,1.01,1.01,1.608895,156.4,0.99,0.99,1.578235,
12/31/2012,2169.0,2169.0,-1844.0,1844.0,325.0,0.0,-369.0,224.0,62.0,83.0,-44.0,-42.0,48.0,48.0,0.0,0.0,0.0,-6.0,-86.0,34.0,-52.0,0.0,0.0,0.0,-52.0,-2.0,-54.0,0.0,0.0,-54.0,248.44,302.44,153.6,-0.35,-0.35,1.617448,153.6,-0.35,-0.35,1.617448,
03/31/2013,2307.0,2307.0,-1691.0,1691.0,616.0,0.0,-223.0,171.0,49.0,3.0,393.0,-48.0,47.0,48.0,-1.0,0.0,,1.0,345.0,-97.0,248.0,0.0,0.0,0.0,248.0,-1.0,247.0,0.0,0.0,247.0,253.0,6.0,154.4,1.6,1.6,1.638601,156.7,1.57,1.57,1.60829,
06/30/2013,2440.0,2440.0,-1763.0,1763.0,677.0,0.0,-249.0,180.0,51.0,18.0,428.0,-46.0,46.0,47.0,-1.0,0.0,0.0,0.0,382.0,-116.0,266.0,0.0,0.0,0.0,266.0,-2.0,264.0,0.0,0.0,264.0,293.7,29.7,154.4,1.71,1.71,1.902202,156.7,1.69,1.69,1.879534,
09/30/2013,2338.0,2338.0,-1649.0,1649.0,689.0,0.0,-210.0,159.0,48.0,3.0,479.0,-45.0,44.0,46.0,-2.0,0.0,,1.0,434.0,-125.0,309.0,0.0,0.0,0.0,309.0,-1.0,308.0,0.0,0.0,308.0,263.0,-45.0,154.0,2.0,2.0,1.707792,156.4,1.97,1.97,1.682276,
12/31/2013,2265.0,2265.0,-1471.0,1471.0,794.0,0.0,-232.0,135.0,45.0,52.0,562.0,-44.0,43.0,45.0,-2.0,0.0,0.0,1.0,518.0,-169.0,349.0,0.0,0.0,0.0,349.0,-3.0,346.0,0.0,0.0,346.0,210.0,-136.0,153.2,2.26,2.26,1.370757,155.6,2.22,2.22,1.345964,
03/31/2014,2305.0,2305.0,-1710.0,1710.0,595.0,0.0,-234.0,168.0,53.0,13.0,361.0,-39.0,42.0,45.0,-3.0,0.0,0.0,-3.0,322.0,-88.0,234.0,0.0,0.0,0.0,234.0,-1.0,233.0,,0.0,233.0,251.59,18.59,151.4,1.54,1.54,1.661757,153.0,1.52,1.52,1.641503,
06/30/2014,2460.0,2460.0,-1803.0,1803.0,657.0,0.0,-221.0,172.0,56.0,-7.0,436.0,-37.0,45.0,48.0,-3.0,0.0,0.0,-8.0,399.0,-107.0,292.0,-2.0,-2.0,0.0,294.0,-2.0,292.0,0.0,0.0,292.0,290.0,0.0,149.5,1.96,1.94,1.94,151.3,1.93,1.92,1.92,
09/30/2014,2413.0,2413.0,-1777.0,1777.0,636.0,0.0,-298.0,171.0,56.0,71.0,338.0,-40.0,45.0,50.0,-5.0,0.0,0.0,-5.0,298.0,-86.0,212.0,0.0,0.0,0.0,212.0,-2.0,210.0,0.0,0.0,210.0,326.15,116.15,148.7,1.41,1.41,2.193342,150.3,1.39,1.39,2.162788,
12/31/2014,2349.0,2349.0,-2016.0,2016.0,333.0,0.0,-306.0,244.0,62.0,0.0,27.0,-56.0,55.0,60.0,-5.0,0.0,0.0,1.0,-29.0,46.0,17.0,0.0,0.0,0.0,17.0,-1.0,16.0,0.0,0.0,16.0,231.6,215.6,148.5,0.11,0.11,1.559596,150.0,0.11,0.11,1.547333,
03/31/2015,2443.0,2443.0,-1787.0,1787.0,656.0,0.0,-345.0,180.0,56.0,109.0,311.0,-55.0,66.0,70.0,-4.0,0.0,0.0,-11.0,256.0,-84.0,172.0,0.0,0.0,0.0,172.0,-1.0,171.0,0.0,0.0,171.0,272.0,101.0,148.7,1.15,1.15,1.829186,149.7,1.14,1.14,1.814683,
06/30/2015,2533.0,2533.0,-1813.0,1813.0,720.0,0.0,-251.0,194.0,57.0,0.0,469.0,-66.0,66.0,70.0,-4.0,0.0,0.0,0.0,403.0,-104.0,299.0,0.0,0.0,0.0,299.0,-2.0,297.0,0.0,0.0,297.0,300.0,3.0,148.6,2.0,2.0,2.018843,149.8,1.98,1.98,2.000027,
09/30/2015,2447.0,2447.0,-1752.0,1752.0,695.0,0.0,-263.0,183.0,59.0,21.0,432.0,-79.0,66.0,70.0,-4.0,0.0,0.0,13.0,353.0,-95.0,258.0,0.0,0.0,0.0,258.0,-2.0,256.0,0.0,0.0,256.0,293.0,37.0,148.6,1.73,1.73,1.971736,149.8,1.71,1.71,1.956996,
12/31/2015,2225.0,2225.0,-1716.0,1716.0,509.0,0.0,-337.0,210.0,74.0,53.0,172.0,-55.0,65.0,69.0,-4.0,0.0,0.0,-10.0,117.0,8.0,125.0,0.0,0.0,0.0,125.0,-1.0,124.0,0.0,0.0,124.0,239.0,115.0,148.4,0.83,0.83,1.610512,149.5,0.83,0.83,1.599231,
03/31/2016,2236.0,2236.0,-1602.0,1602.0,634.0,0.0,-235.0,183.0,54.0,-2.0,399.0,-76.0,64.0,70.0,-6.0,0.0,0.0,12.0,323.0,-72.0,251.0,0.0,0.0,0.0,251.0,0.0,251.0,0.0,0.0,251.0,255.0,4.0,147.8,1.7,1.7,1.725304,148.8,1.69,1.69,1.716882,
06/30/2016,2297.0,2297.0,-1692.0,1692.0,605.0,0.0,-229.0,174.0,55.0,0.0,376.0,-52.0,63.0,71.0,-8.0,0.0,0.0,-11.0,324.0,-67.0,257.0,0.0,0.0,0.0,257.0,-2.0,255.0,0.0,0.0,255.0,244.8,-10.2,147.8,1.73,1.73,1.656292,148.9,1.71,1.71,1.641498,
09/30/2016,2287.0,2287.0,-1666.0,1666.0,621.0,0.0,-265.0,181.0,54.0,30.0,356.0,-67.0,64.0,71.0,-7.0,0.0,0.0,3.0,289.0,-56.0,233.0,0.0,0.0,0.0,233.0,-1.0,232.0,0.0,0.0,232.0,275.0,43.0,147.2,1.57,1.57,1.868207,148.2,1.56,1.56,1.850148,
12/31/2016,2188.0,2188.0,-1683.0,1683.0,505.0,0.0,-232.0,161.0,54.0,17.0,273.0,-139.0,64.0,69.0,-5.0,0.0,0.0,75.0,134.0,-4.0,130.0,0.0,0.0,0.0,130.0,-2.0,128.0,0.0,0.0,128.0,223.0,95.0,146.5,0.88,0.88,1.522184,147.5,0.87,0.87,1.514068,
03/31/2017,2303.0,2303.0,-1698.0,1698.0,605.0,32.0,-236.0,179.0,57.0,0.0,401.0,-60.0,60.0,61.0,-1.0,0.0,0.0,0.0,341.0,-62.0,279.0,0.0,0.0,0.0,279.0,-1.0,278.0,0.0,0.0,278.0,278.0,0.0,146.2,1.9,1.9,1.9,147.2,1.89,1.89,1.89,
06/30/2017,2419.0,2419.0,-1789.0,1789.0,630.0,30.0,-240.0,181.0,58.0,1.0,420.0,-61.0,61.0,61.0,0.0,,,0.0,359.0,-65.0,294.0,0.0,0.0,0.0,294.0,-2.0,292.0,0.0,0.0,292.0,292.0,0.0,145.3,2.01,2.01,2.01,146.4,2.0,2.0,2.0,
09/30/2017,2465.0,2465.0,-1794.0,1794.0,671.0,32.0,-239.0,180.0,59.0,0.0,464.0,-61.0,61.0,62.0,-1.0,0.0,,0.0,403.0,-79.0,324.0,0.0,0.0,0.0,324.0,-1.0,323.0,0.0,0.0,323.0,319.0,-4.0,144.3,2.24,2.24,2.210672,145.5,2.22,2.22,2.192509,
12/31/2017,2362.0,2362.0,-1905.0,1905.0,457.0,37.0,-249.0,189.0,53.0,7.0,245.0,-59.0,59.0,60.0,-1.0,5.0,-12.0,7.0,186.0,305.0,491.0,0.0,0.0,0.0,491.0,0.0,491.0,0.0,0.0,491.0,148.85,-342.15,143.4,3.423989,3.423989,1.038006,145.3,3.379215,3.379215,1.024432,
03/31/2018,2607.0,2607.0,-2026.0,2026.0,581.0,76.0,-248.0,190.0,56.0,2.0,409.0,-59.0,59.0,60.0,-1.0,,,0.0,350.0,-60.0,290.0,0.0,0.0,0.0,290.0,0.0,290.0,0.0,0.0,290.0,324.23,34.23,142.8,2.03,2.03,2.270518,144.8,2.0,2.0,2.236395,
06/30/2018,2621.0,2621.0,-1917.0,1917.0,704.0,40.0,-253.0,189.0,60.0,4.0,491.0,-61.0,61.0,63.0,-2.0,,,0.0,430.0,-84.0,346.0,0.0,0.0,0.0,346.0,-2.0,344.0,0.0,0.0,344.0,319.0,-25.0,141.9,2.42,2.42,2.248062,144.0,2.39,2.39,2.216389,
09/30/2018,2547.0,2547.0,-1819.0,1819.0,728.0,30.0,-235.0,175.0,60.0,0.0,523.0,-64.0,58.0,58.0,0.0,,,6.0,459.0,-46.0,413.0,0.0,0.0,0.0,413.0,-1.0,412.0,0.0,0.0,412.0,333.0,-79.0,140.6,2.93,2.93,2.368421,142.4,2.89,2.89,2.335225,
12/31/2018,2376.0,2376.0,-1910.0,1910.0,466.0,3.0,-334.0,167.0,59.0,108.0,135.0,-64.0,57.0,57.0,0.0,,,7.0,71.0,-36.0,35.0,0.0,0.0,0.0,35.0,-1.0,34.0,0.0,0.0,34.0,196.37,162.37,139.8,0.25,0.25,1.404649,141.1,0.24,0.24,1.390744,
03/31/2019,2380.0,2380.0,-1806.0,1806.0,574.0,23.0,-277.0,187.0,58.0,32.0,320.0,-56.0,56.0,57.0,-1.0,,,0.0,264.0,-55.0,209.0,0.0,0.0,0.0,209.0,0.0,209.0,0.0,0.0,209.0,248.0,39.0,139.0,1.5,1.5,1.784173,140.1,1.49,1.49,1.768373,
06/30/2019,2363.0,2363.0,-1774.0,1774.0,589.0,22.0,-240.0,165.0,57.0,18.0,371.0,-55.0,55.0,55.0,0.0,,,0.0,316.0,-57.0,259.0,0.0,0.0,0.0,259.0,-1.0,258.0,0.0,0.0,258.0,277.0,19.0,137.8,1.87,1.87,2.01016,139.1,1.85,1.85,1.986592,
09/30/2019,2325.0,2325.0,-1751.0,1751.0,574.0,20.0,-224.0,163.0,59.0,2.0,370.0,-57.0,54.0,55.0,-1.0,,,3.0,313.0,-46.0,267.0,0.0,0.0,0.0,267.0,-1.0,266.0,0.0,0.0,266.0,267.0,1.0,136.8,1.95,1.95,1.951754,137.8,1.93,1.93,1.937257,
12/31/2019,2205.0,2205.0,-1708.0,1708.0,497.0,0.0,-435.0,176.0,60.0,199.0,62.0,-53.0,53.0,54.0,-1.0,,,0.0,9.0,18.0,27.0,0.0,0.0,0.0,27.0,-1.0,26.0,0.0,0.0,26.0,196.0,170.0,135.9,0.19,0.19,1.442237,137.1,0.19,0.19,1.429971,
03/31/2020,2241.0,2241.0,-1664.0,1664.0,577.0,26.0,-235.0,160.0,61.0,14.0,368.0,-52.0,52.0,53.0,-1.0,,,0.0,316.0,-56.0,260.0,0.0,0.0,0.0,260.0,-2.0,258.0,0.0,0.0,258.0,277.0,19.0,136.0,1.9,1.9,2.036765,136.5,1.89,1.89,2.029194,
06/30/2020,1924.0,1924.0,-1553.0,1553.0,371.0,31.0,-348.0,155.0,52.0,141.0,54.0,-55.0,55.0,55.0,0.0,,,0.0,-1.0,31.0,30.0,0.0,0.0,0.0,30.0,-3.0,27.0,0.0,0.0,27.0,116.0,89.0,135.3,0.2,0.2,0.857354,136.1,0.2,0.2,0.853931,
09/30/2020,2033.813,,,,474.63093981,,,,,,263.1,,,,,,,,207.333,,174.375,,,,,,174.375,,,174.375,173.0,,,1.236,1.236,1.28,,1.236,1.236,1.28,
12/31/2020,2085.563,,,,490.48270634,,,,,,276.4,,,,,,,,222.889,,188.125,,,,,,188.125,,,188.125,186.333,,,1.341,1.341,1.374,,1.341,1.341,1.374,
