Date,Revenue,Rental Income,Real Estate Sales,Com & Fee Earn/Inc from REO,Mortgage Income,Other Operating Income,Operating Expenses,Property Operating Expenses,Real Estate Tax,Other Property Expense,General & Administrative,Depreciation & Amortization,Provision for Loan Losses,Cost of Real Estate Sold,Other Operating Expenses,Operating Income (Loss),Non-Operating (Income) Loss,Interest Expense,(Income) Loss from Affiliates,Other Non-Op (Income) Loss,Pretax Income,Income Tax Expense (Benefit),Income (Loss) from Cont Ops,Net Extraordinary Losses (Gains),Discontinued Operations,XO & Accounting Changes,Income (Loss) Incl. MI,Minority Interest,"Net Income, GAAP",Preferred Dividends,Other Adjustments,"Net Income Avail to Common, GAAP","Net Income Avail to Common, Adj",Net Abnormal Losses (Gains),Basic Weighted Avg Shares,"Basic EPS, GAAP",Basic EPS from Cont Ops,"Basic EPS from Cont Ops, Adjusted",Diluted Weighted Avg Shares,"Diluted EPS, GAAP",Diluted EPS from Cont Ops,"Diluted EPS from Cont Ops, Adjusted",FFO Reconciliation,D&A of Con Real Estate,D&A of Uncon Real Estate,D&A of Non-Real Estate Assets,D&A from Disc Ops,Impairment of Assets,Disposal of Con Assets,Disposal of Uncon Assets,Disposal of Assets from Disc Ops,Income Taxes,Other FFO Adjustments,Funds from Operations,Other Abnormal Gains/(Losses),Adjusted Funds from Operations,Recurring Capital Expenditure,Accounting Adjustments,Funds Available For Distribution,AFFO Per Diluted Share,FAD Per Diluted Share,Dividend Per Share,AFFO Payout Ratio,FAD Payout Ratio,FFO Payout Ratio,Source: Bloomberg
03/31/1994,41.311001,38.969002,,1.254,0.0,1.088,-25.89,17.093,,,2.416,6.381,0.0,,0.0,15.421,-5.302,5.302,,0.0,10.119,0.0,,0.0,,,10.119,,6.984,,,6.984,6.984,,37.556,0.185,0.185,0.185,37.556,0.185,0.185,0.185,,,,,,,,,,,,16.5,,16.5,,,16.5,0.439344,0.439344,0.24,54.626908,54.626908,65.339395,
06/30/1994,50.139999,48.057999,,1.23,0.0,0.852,-31.455,21.648001,,,1.341,8.466,0.0,,0.0,18.684999,-8.216,8.216,,0.0,10.469,0.0,,0.0,,,10.469,,7.533,,,7.533,7.533,,42.768002,0.175,0.175,0.175,42.768002,0.175,0.175,0.175,,,,,,,,,,,,18.934999,,18.934999,,,18.934999,0.442738,0.442738,0.2475,55.902196,55.902196,72.817536,
09/30/1994,61.459,57.832001,,1.159,0.0,2.468,-38.406,27.179001,,,1.188,10.039,0.0,,0.0,23.053,-10.813,9.934,,0.879,12.24,0.0,,0.0,,,12.24,,9.454,,,9.454,9.454,,57.175999,0.165,0.165,0.165,57.175999,0.165,0.165,0.165,,,,,,,,,,,,23.158001,,23.158001,,,23.158001,0.40503,0.40503,0.255,62.958281,62.958281,64.750839,
12/31/1994,78.124001,75.867996,,1.096,0.0,1.16,-52.251,36.826,,,1.108,12.387,0.0,,1.93,25.873,-12.713,13.592,,-0.879,13.16,0.0,,0.0,,,13.16,,10.447,,,10.447,10.447,,67.472,0.155,0.155,0.155,67.472,0.155,0.155,0.155,,,,,,,,,,,,27.476999,,27.476999,,,27.476999,0.407236,0.407236,0.26,63.845106,63.845106,53.353715,
03/31/1995,91.706001,89.25,,1.862,0.0,0.594,-57.55,38.783001,,,2.158,16.608999,0.0,,0.0,34.156001,-20.936001,20.936001,,0.0,13.22,0.0,,0.0,,,13.22,,10.345,,,10.345,10.345,,68.194,0.15,0.15,0.15,68.194,0.15,0.15,0.15,,,,,,,,,,,,29.829,,29.829,,,29.829,0.437414,0.437414,0.265,60.583354,60.583354,60.974218,
06/30/1995,92.845001,89.824997,,1.899,0.0,1.121,-58.859,39.612,,,1.936,17.311001,0.0,,0.0,33.985999,-20.441999,20.441999,,0.0,13.544,0.0,,-2.0,,,15.544,,12.482,,,11.287024,11.287024,,68.655998,0.165,0.135,0.135,68.655998,0.165,0.135,0.135,,,,,,,,,,,,30.855,,30.855,,,30.855,0.449414,0.449414,0.265,58.96561,58.96561,58.98882,
09/30/1995,99.127998,93.556999,,1.7,1.934,1.937,-63.213,43.153999,,,1.997,18.062,0.0,,0.0,35.914999,-19.886999,19.886999,,0.0,16.028,0.0,,-1.542,,,17.57,,14.504,,,10.918,10.918,,68.802002,0.16,0.16,0.16,68.802002,0.16,0.16,0.16,,,,,,,,,,,,31.299999,,31.299999,,,31.299999,0.454929,0.454929,0.265,58.250894,58.250894,58.40256,
12/31/1995,105.233002,99.815002,,1.569,2.928,0.921,-67.732997,45.266998,,,2.038,20.427999,0.0,,0.0,37.5,1.063,20.554001,,-21.617001,38.563,0.0,,1.542,,,37.021,,30.388,,0.0,25.06,25.06,,69.197998,0.36,0.385,0.385,69.197998,0.36,0.385,0.385,,,,,,,,,,,,33.499001,,33.499001,,,33.499001,0.484104,0.484104,0.295,60.937368,60.937368,64.649689,
03/31/1997,141.386993,134.235001,,1.578,3.683,1.891,-84.735,52.882999,,,2.975,28.877001,0.0,,0.0,56.652001,-20.264,23.896,0.0,-3.632,36.388001,0.0,,0.0,,,36.388001,,32.962002,,,23.901002,23.901002,,103.582,0.23,0.23,0.23,120.334,0.225,0.225,0.225,,,,,,,,,,,,48.758999,,48.758999,,,48.758999,0.405197,0.405197,0.3125,77.122943,77.122943,68.850878,
06/30/1997,164.936996,156.563995,,1.532,4.328,2.513,-98.060998,60.931999,,,3.231,33.897999,0.0,,0.0,66.875998,-28.247999,28.247999,0.0,0.0,38.627998,0.0,,0.0,,,38.627998,,35.709,,,23.830999,23.830999,,117.879997,0.2,0.2,0.2,134.371994,0.2,0.2,0.2,,,,,,,,,,,,57.341999,,57.341999,,,57.341999,0.426741,0.426741,0.3125,73.229481,73.229481,80.255312,
09/30/1997,203.354004,192.181,,1.254,6.81,3.109,-120.883998,73.713997,,,3.831,43.339001,0.0,,0.0,82.470001,-32.150002,32.441002,0.0,-0.291,50.319999,0.0,,0.0,,,50.319999,,47.234001,,,30.886002,30.886002,,147.514008,0.21,0.21,0.21,164.649994,0.205,0.205,0.205,,,,,,,,,,,,73.039001,,73.039001,,,73.039001,0.443602,0.443602,0.3125,70.446093,70.446093,64.005531,
12/31/1997,237.641006,224.753006,,1.333,5.545,6.012,-143.779998,88.223,,,5.027,50.529999,0.0,,0.0,93.863003,-29.347001,39.262001,0.0,-9.915,64.516002,0.0,,0.0,,,64.516002,,60.687,,,38.962,38.962,,156.100006,0.25,0.25,0.25,174.658005,0.245,0.245,0.245,,,,,,,,,,,,78.333,,78.333,,,78.333,0.448494,0.448494,0.335,74.694488,74.694488,104.554914,
03/31/1998,286.341003,277.226013,,1.36,4.931,2.824,-176.057002,106.787003,,,4.88,64.389999,0.0,,0.0,110.283997,-49.008998,50.877998,0.0,-1.869,61.274998,0.0,,0.0,,,61.274998,,57.587002,,,35.895002,35.895002,,186.722,0.19,0.19,0.19,208.199997,0.19,0.19,0.19,,,,,,,,,,,,97.263,,97.263,,,97.263,0.467161,0.467161,0.335,71.709695,71.709695,66.374673,
06/30/1998,307.049988,294.144012,,1.43,5.29,6.186,-187.867997,114.957001,,,5.391,67.519997,0.0,,0.0,119.181999,-46.825001,56.048,0.0,-9.223,72.356998,0.0,,0.0,,,72.356998,,67.735001,,,46.043001,46.043001,,194.809998,0.235,0.235,0.235,216.457993,0.235,0.235,0.235,,,,,,,,,,,,103.004997,,103.004997,,,103.004997,0.475866,0.475866,0.335,70.397972,70.397972,63.660016,
09/30/1998,339.299011,329.71701,,1.414,4.184,3.984,-214.643002,132.832001,,,5.327,76.484001,0.0,,0.0,124.656002,-63.554001,65.179001,0.0,-1.625,61.102001,0.0,,0.0,,,61.102001,,56.571999,,,34.880999,34.880999,,194.177994,0.18,0.18,0.18,220.632004,0.18,0.18,0.18,,,,,,,,,,,,108.269997,,108.269997,,,108.269997,0.490727,0.490727,0.335,68.266117,68.266117,59.148428,
12/31/1998,404.759003,392.472992,,1.418,4.159,6.709,-254.507001,154.912003,,,6.12,93.474998,0.0,,0.0,150.251999,-68.250999,77.237,0.0,-8.986,82.000999,0.0,,0.0,,,82.000999,,76.311996,,,48.469997,48.469997,,226.880005,0.215,0.215,0.215,254.852005,0.21,0.21,0.21,,,,,,,,,,,,131.774002,,131.774002,,,131.774002,0.517061,0.517061,0.355,68.65729,68.65729,63.386555,
03/31/1999,416.136993,406.062012,,1.234,2.895,6.046,-256.930995,154.162994,,,5.867,96.901001,0.0,,0.0,159.306,-58.626,80.042,0.0,-21.416,100.68,0.0,,0.0,,,100.68,,93.554001,,,64.177,64.177,,237.912002,0.27,0.27,0.27,237.912002,0.27,0.27,0.27,,,,,,,,,,,,174.735992,,174.735992,,,174.735992,0.734456,0.734456,0.355,48.335068,48.335068,47.459599,
06/30/1999,422.321991,413.115997,0.0,1.18,2.749,5.277,-262.093997,156.813995,,,5.047,100.233002,0.0,,0.0,160.227997,-55.726995,80.117996,0.0,-24.391001,104.501001,0.0,,0.451,,,104.050001,,96.662003,,,68.928003,68.928003,,241.115997,0.285,0.2875,0.285,268.772003,0.285,0.2865,0.285,,,,,,,,,,,,151.166,,151.166,,,151.166,0.562432,0.562432,0.355,63.118729,63.118729,57.412382,
09/30/1999,435.187988,424.779999,0.0,1.018,2.858,6.532,-266.635998,161.242996,,,5.022,100.371002,0.0,,0.0,168.551995,-65.620999,84.128998,0.0,-18.507999,102.930996,0.0,,0.0,,,102.930996,,95.890999,,,67.883999,67.883999,,244.623992,0.28,0.28,0.28,244.623992,0.275,0.275,0.275,,,,,,,,,,,,183.251007,,183.251007,,,183.251007,0.749113,0.749113,0.38,50.726661,50.726661,50.726598,
12/31/1999,479.367188,467.779999,0.0,1.538,4.057,5.996,-295.850997,178.307999,,,6.36,111.182999,0.0,,0.0,183.520004,-67.764002,96.984001,0.0,-29.219999,115.756002,0.0,,0.0,,,115.756002,,107.774002,,,79.696003,79.696003,,253.576004,0.315,0.315,0.315,278.971985,0.315,0.315,0.315,,,,,,,,,,,,195.912003,,195.912003,,,195.912003,0.702264,0.702264,0.38,54.110698,54.110698,49.267015,
03/31/2000,481.187012,473.546997,0.0,1.4,2.762,3.478,-300.766009,182.182007,,,6.698,111.886002,0.0,,0.0,180.421005,-72.231004,96.452003,-4.223,-19.997999,108.190001,0.0,,0.0,,,108.190001,,101.139,,,72.751,72.751,,255.595994,0.285,0.285,0.285,281.37201,0.285,0.285,0.285,,,,,,,,,,,,180.011993,,180.011993,,,180.011993,0.639765,0.639765,0.38,59.3968,59.3968,53.955293,
06/30/2000,493.113007,479.192993,,1.334,2.737,9.849,-299.67,180.526001,,,6.518,112.625999,0.0,,0.0,193.443001,-24.019001,96.514,-4.841,-67.653999,169.424,0.0,,0.0,,,169.424,,152.658997,,,125.392996,125.392996,,258.144012,0.485,0.485,0.485,293.01999,0.48,0.48,0.48,,,,,,,,,,,,189.820007,,189.820007,,,189.820007,0.647806,0.647806,0.38,58.659568,58.659568,51.648929,
09/30/2000,531.729004,501.278992,0.0,1.876,2.783,25.791,-335.60901,218.376007,,,6.138,110.328003,0.0,,0.767,196.119995,-13.535997,96.433998,-5.525,-77.373001,182.583998,0.0,,0.0,,,182.583998,,169.315994,,,141.372993,141.372993,,262.824006,0.54,0.54,0.54,304.988006,0.53,0.53,0.53,,,,,,,,,,,,193.789001,,193.789001,,,193.789001,0.635399,0.635399,0.408,64.211646,64.211646,55.266809,
12/31/2000,524.310977,501.027018,0.0,1.91,2.91,18.464,-325.262981,185.763985,,,7.031,111.126996,0.0,,21.341,199.047999,-62.573998,82.694999,12.28,-32.401001,136.474001,0.0,,5.592,,,130.882001,,126.337009,,0.0,97.993011,97.993011,,259.495988,0.485,0.485,0.49,285.683994,0.44,0.44,0.445,,,,,,,,,,,,196.988984,,196.988984,,,196.988984,0.689535,0.689535,0.407,59.025324,59.025324,53.648496,
03/31/2001,521.893005,510.674988,0.0,1.972,2.744,6.502,-323.725995,204.483994,,,6.754,111.845001,0.0,,0.643,198.167,-52.026999,91.294998,-0.35,-38.917999,146.140001,0.0,,0.959,,,145.181001,,135.279999,,0.0,106.754,106.754,,265.197998,0.4,0.41,0.28,297.18399,0.4,0.405,0.275,,,,,,,,,,,,199.653,,199.653,,,199.653,0.671816,0.671816,0.4075,60.656477,60.656477,54.127912,
06/30/2001,522.638977,509.428009,0.0,2.168,6.019,5.024,-349.283994,227.617996,,,7.325,113.349998,0.0,,0.991,195.126999,-85.179997,96.519997,-6.553,-4.787,109.947002,0.0,,0.205,,,109.742002,,102.931,,0.0,74.038,74.038,,266.358002,0.28,0.26,0.26,293.940002,0.275,0.255,0.255,,,,,,,,,,,,202.548004,,202.548004,,,202.548004,0.689079,0.689079,0.4075,59.13687,59.13687,53.58779,
09/30/2001,525.95,518.096,0.0,1.665,0.023,6.166,-330.8,207.394,,,9.525,113.881,0.0,,0.0,195.15,-91.004,90.736,-0.925,1.193,104.146,0.0,,2.818,,,101.328,,93.851,,0.0,69.511,69.511,,268.252014,0.26,0.27,0.27,296.390992,0.26,0.27,0.27,,,,,,,,,,,,208.755997,,208.755997,,,208.755997,0.704326,0.704326,0.433,61.47718,61.47718,61.477039,
12/31/2001,584.153011,533.299983,0.0,1.693,0.0,49.16,-339.488006,161.526001,,,11.81,118.015005,0.0,,48.137,258.582001,-44.515007,69.424004,14.607,-39.515997,214.066994,0.0,,-3.028,,,217.094994,,141.523002,,0.0,117.163002,117.163002,,200.737504,0.71,0.71,1.07,200.737504,0.71,0.71,1.07,,,,,,,,,,,,213.781029,,213.781029,,,213.781029,1.064978,1.064978,0.4325,40.611167,40.611167,48.741523,
03/31/2002,490.962,485.144,0.0,1.718,0.0,4.1,-315.493,193.701,,,10.8,110.992,0.0,,0.0,175.469,-80.124,85.716,-0.226,-5.366,95.345,0.0,,-12.78,,,108.125,,100.878,,0.0,76.353,76.353,,271.094,0.28,0.23,0.23,297.229,0.28,0.23,0.23,,,,,,,,,,,,192.07,,192.07,,,192.07,0.646202,0.646202,0.4325,66.929527,66.929527,61.044492,
06/30/2002,484.216,476.418,0.0,2.592,0.0,5.206,-310.567,188.576,,,11.527,110.464,0.0,,0.0,173.649,-88.851,88.157,-0.007,0.701,84.798,0.0,,-36.361,,,121.159,,113.297,,0.0,89.041,89.041,,273.146,0.33,0.2,0.2,299.494,0.32,0.2,0.2,,,,,,,,,,,,196.858002,,196.858002,,,196.858002,0.657302,0.657302,0.4325,65.799284,65.799284,60.010588,
09/30/2002,471.256989,466.378998,0.0,2.647,2.231,0.0,-311.205005,191.201004,,,10.673,109.331001,0.0,,0.0,160.052002,-109.749001,84.485001,7.851,17.413,50.303001,0.0,,-43.900002,,,94.203003,,88.661003,,0.0,64.473003,64.473003,,273.942993,0.24,0.09,0.15,299.057007,0.23,0.08,0.14,,,,,,,,,,,,169.914001,,169.914001,,,169.914001,0.568166,0.568166,0.433,76.210132,76.210132,69.729394,
12/31/2002,451.127014,445.209015,0.0,2.625,3.293,0.0,-302.527003,181.520004,,,13.492,107.514999,0.0,,0.0,148.599998,-79.228,82.666,-3.728,0.29,69.371998,0.0,,-57.182999,,,126.554997,,118.476997,,0.0,94.294998,94.294998,,269.705994,0.35,0.15,0.15,294.713989,0.35,0.15,0.15,,,,,,,,,,,,181.529999,,181.529999,,,181.529999,0.615953,0.615953,0.433,70.297558,70.297558,70.370185,
03/31/2003,441.627991,435.803009,0.0,2.488,0.0,3.337,-300.853994,183.899994,,,11.176,105.778,0.0,,0.0,140.773998,-79.726997,80.754997,-1.319,0.291,61.047001,0.0,,-83.525002,,,144.572003,,135.347,,0.0,111.167,111.167,,270.678,0.41,0.13,0.13,294.507996,0.41,0.13,0.13,,,,,,,,,,,,169.852997,,169.852997,,,169.852997,0.576735,0.576735,0.433,75.077841,75.077841,68.923129,
06/30/2003,443.907013,434.733002,0.0,5.39,0.0,3.784,-296.459007,181.563004,,,8.97,105.926003,0.0,,0.0,147.447998,-83.484,84.806,-1.612,0.29,63.963998,0.0,,-81.725998,,,145.689996,,136.391006,,0.0,112.154006,112.154006,,271.380005,0.41,0.13,0.13,299.21701,0.41,0.13,0.13,,,,,,,,,,,,170.229004,,170.229004,,,170.229004,0.568915,0.568915,0.433,76.109806,76.109806,69.029366,
09/30/2003,445.380005,435.687988,0.0,3.083,0.0,6.609,-301.424008,186.139008,,,9.133,106.152,0.0,,0.0,143.956001,-85.157999,83.014999,1.852,0.291,58.798002,0.0,,-87.461998,,,146.26,,132.139008,,0.0,112.575009,112.575009,,272.786987,0.41,0.12,0.12,297.94101,0.41,0.12,0.12,,,,,,,,,,,,168.475998,,168.475998,,,168.475998,0.565468,0.565468,0.433,76.57379,76.57379,70.027781,
12/31/2003,424.958995,419.051008,0.0,3.412,0.0,9.607999,-218.363986,134.358001,,,9.531001,74.474984,0.0,,0.0,122.454006,-84.024012,77.479012,6.255,0.29,38.429994,0.0,,-136.437004,,,174.866998,,119.43396,,-20.237,90.742961,90.742961,,274.457,0.34,-0.11,-0.11,299.516,0.32,-0.12,-0.12,,,,,,,,,,,,,,,,,,,,0.431,,,,
03/31/2004,464.769,459.654,0.0,3.007,0.0,2.108,-323.345,197.747,,,9.988,115.61,0.0,,0.0,141.424,-86.256,81.284,7.406,-2.434,55.168,0.0,,-69.684,,,124.852,,117.065,,0.0,98.308999,98.308999,,277.498,0.35,0.12,0.12,301.781006,0.35,0.12,0.12,,,,,,,,,,,,156.106995,,156.106995,,,156.106995,0.517286,0.517286,0.433,83.706163,83.706163,76.881883,
06/30/2004,491.502,485.062,0.0,3.534,0.0,2.906,-347.81,210.781,,,13.048,123.981,0.0,,0.0,143.692,-86.674,88.254,0.391,-1.971,57.018,0.0,,-77.927,,,134.945,,127.29,,0.0,113.637,113.637,,278.949005,0.39,0.12,0.12,302.200989,0.39,0.11,0.11,,,,,,,,,,,,14.465011,,14.465011,,,14.465011,0.047866,0.047866,0.433,904.617551,904.617551,834.047046,
09/30/2004,456.564,454.128,0.0,2.436,0.0,0.0,-341.232,213.101,,,11.961,116.17,0.0,,0.0,115.332,-80.657,83.643,-0.331,-2.655,34.675,0.0,,-63.682,,,98.357,,87.509,,0.0,74.163,74.163,,280.167,0.26,0.05,0.05,304.028,0.26,0.05,0.05,,,,,,,,,,,,153.225,,153.225,,,153.225,0.503983,0.503983,0.4325,85.816355,85.816355,79.081238,
12/31/2004,451.944,449.416,0.0,2.528,0.0,0.0,-425.685,308.147,,,14.32,103.218,0.0,,0.0,112.307,-80.237,86.048,-0.141,-5.67,32.07,0.0,,-132.153,,,164.223,,150.633,,0.0,142.642,142.642,,282.329,0.5,0.05,0.05,306.841,0.48,0.05,0.05,,,,,,,,,,,,174.291,,174.291,,,174.291,0.568017,0.568017,0.4315,75.965995,75.965995,72.410378,
03/31/2005,443.964,441.392,0.0,2.572,0.0,0.0,-325.828,192.527,,,18.07,115.231,0.0,,0.0,118.136,-21.31,91.198,0.058,-69.946,96.826,0.0,,-139.778,,,236.604,,227.039,,0.0,214.014,214.014,,284.511,0.75,0.26,0.26,308.576,0.74,0.26,0.26,,,,,,,,,,,,229.817,,229.817,,,229.817,0.744766,0.744766,0.4325,58.071909,58.071909,53.54304,
06/30/2005,415.23,412.207,0.0,3.023,0.0,0.0,-298.967,177.377,,,13.758,107.832,0.0,,0.0,116.263,-88.102,90.733,0.157,-2.788,28.161,0.0,,-116.962,,,145.123,,141.344,,0.0,128.326,128.326,,285.283,0.45,0.04,0.04,309.979,0.44,0.04,0.04,,,,,,,,,,,,173.488,,173.488,,,173.488,0.559677,0.559677,0.4325,77.276767,77.276767,71.120134,
09/30/2005,430.758,428.357,0.0,2.401,0.0,0.0,-321.681,195.869,,,14.442,111.37,0.0,,0.0,109.077,-91.618,93.937,0.235,-2.554,17.459,0.0,,-252.691,,,270.15,,267.524,,,250.247,250.247,,286.182,0.87,-0.01,-0.01,286.182,0.87,-0.01,-0.01,,,,,,,,,,,,175.192,,175.192,,,175.192,0.61217,0.61217,0.4325,70.650324,70.650324,70.650324,
12/31/2005,396.307,390.462,0.0,2.244,0.0,3.601,-302.105,172.809,,,24.135,105.161,0.0,,0.0,94.202,-71.59,92.982,-2.25,-19.142,22.612,0.0,,-205.039,,,227.651,,225.886,,-4.359,215.205,215.205,,287.064,0.75,0.035,0.035,313.903,0.685,0.03,0.03,,,,,,,,,,,,206.129,,206.129,,,206.129,0.656665,0.656665,0.4425,67.385995,67.385995,61.618103,
03/31/2006,462.458,459.971,0.0,2.487,0.0,0.0,-335.658,193.942,,,13.04,128.676,0.0,,0.0,126.8,-105.408,107.293,0.23,-2.115,21.392,0.0,377.815,-360.26,,,381.652,1.412,377.815,-10.095,0.0,367.72,367.72,,288.88,1.27,0.03,0.03,314.049,1.25,0.03,0.03,,128.676,1.55,-1.796,18.047,,,-0.329,-340.826,,,174.454,,174.454,-28.05,,146.404,0.554375,0.465238,0.4425,79.81964,95.112534,73.273986,
06/30/2006,467.533,465.213,0.0,2.32,0.0,0.0,-327.212,177.722,,,9.584,139.906,0.0,,0.0,140.321,-103.752,105.887,0.145,-2.28,36.569,0.0,537.972,-126.274,,,162.843,3.448,160.157,-20.168,0.0,150.084,150.084,,289.46,0.52,0.08,0.08,314.698,0.51,0.08,0.08,,271.924,2.563,-3.682,25.429,,,-0.352,-450.693,,,366.441,,366.441,-30.852,,335.589,1.163179,1.065247,0.4425,38.042289,41.539665,34.954072,
09/30/2006,465.35,463.279,0.0,2.071,0.0,0.0,-324.566,166.863,,,14.448,143.255,0.0,,0.0,140.784,-102.025,112.093,0.172,-10.24,38.759,0.0,69.811,-33.385,,,72.144,2.336,69.811,-25.741,,56.356,56.356,,290.036,0.19,0.08,0.08,315.886,0.19,0.08,0.08,,131.683,0.91,-1.885,11.524,,,-0.018,-5.495,,-13.455,195.411,,195.411,-33.831,5.4,166.98,0.616872,0.527122,0.4425,71.732821,83.946474,65.677434,
12/31/2006,321.67,319.447,0.0,2.223,0.0,0.0,-148.094,135.549,,,12.545,95.671,0.0,,0.0,98.363,-136.552,102.659,-0.286,34.179,13.088,0.0,465.061,-500.996,,,514.084,-0.284,465.061,-7.455,-3.965,457.606,457.606,,291.669,1.57,-0.15,-0.04,317.076,1.44,-0.15,-0.04,,137.033,0.865,-2.225,14.877,,,,-461.586,8.005,,154.501,,154.501,-31.175,,123.326,0.486433,0.388282,0.4625,95.079805,119.114582,87.298872,
03/31/2007,475.849,473.582,0.0,2.267,0.0,0.0,-355.282,206.384,,,9.369,138.932,0.0,,0.597,120.567,-110.904,112.877,0.229,-2.202,9.663,0.0,126.237,-117.483,,,127.146,0.929,126.237,-7.424,0.0,118.813,118.813,,292.251,0.41,0.01,0.01,316.265,0.4,0.01,0.01,,152.821,0.943,-2.035,1.853,,,,-100.118,-0.187,,173.019,,173.019,-29.945,,143.074,0.546156,0.451631,0.4625,84.682737,102.406604,78.122107,
06/30/2007,491.56,489.124,0.0,2.436,0.0,0.0,-355.618,200.715,,,11.447,143.456,0.0,,0.0,135.942,-117.398,125.4,0.134,-8.136,18.544,-0.101,282.401,-265.027,,,283.47,1.231,282.401,-7.416,0.0,274.985,274.985,,284.424,0.97,0.04,0.04,307.631,0.95,0.03,0.03,,143.456,1.138,-2.138,13.611,,,,-247.666,,,184.617,,184.617,-29.067,,155.55,0.599151,0.504818,0.4625,77.192559,91.617221,71.253514,
09/30/2007,501.102,498.868,0.0,2.234,0.0,0.0,-362.078,205.725,,,12.366,143.987,0.0,,0.0,139.024,-120.861,130.245,-3.177,-6.207,18.163,-0.77,457.707,-440.952,,,458.345,,457.707,-3.628,-6.144,447.246,447.246,,272.086,1.64,0.02,0.02,294.331,1.62,0.02,0.02,,143.987,1.181,-1.964,10.307,,,-2.629,-426.957,,-5.808,172.196,,172.196,-29.092,,143.104,0.584074,0.485396,0.4625,79.185224,95.283002,73.079383,
12/31/2007,505.017,502.771,0.0,2.246,0.0,0.0,-337.722,183.534,,,10.911,143.277,0.0,,0.0,167.295,-116.502,124.888,-0.147,-8.239,50.793,-1.053,123.277,-91.345,,,141.085,2.709,123.277,-3.645,-0.01,119.632,119.632,,269.197,0.44,0.1,0.1,290.658,0.44,0.1,0.1,,143.277,1.117,-2.142,7.102,,,,-78.043,,,193.835,,193.835,-26.863,,166.972,0.665805,0.573533,0.4825,72.46872,84.127724,67.034982,
03/31/2008,502.641,500.347,,2.294,0.0,0.0,-221.937,209.52,,,12.417,141.195,0.0,,0.0,139.509,-118.58,121.678,0.095,-3.193,20.929,-2.995,147.528,-129.594,,,147.528,-0.272,138.123,-3.633,0.0,134.49,134.49,1.442,268.784,0.5,0.018215,0.02858,289.317,0.5,0.018215,0.0272,,141.195,1.034,-2.051,6.385,,,,-122.517,,0.366,168.035,,168.035,-26.725,,141.31,0.579909,0.487678,0.4825,83.202715,98.938279,77.179326,
06/30/2008,513.283,510.567,0.0,2.716,0.0,0.0,-215.115,203.341,,,11.774,139.812,0.0,,0.0,158.356,-117.58,121.689,0.095,-4.204,40.776,-1.628,139.993,-100.845,,,139.993,-1.394,130.251,-3.626,0.0,126.625,126.625,0.0,269.608,0.47,0.119,0.119,290.445,0.46,0.117,0.117,,139.812,1.006,-2.03,6.782,,,,-92.28,,-3.456,184.807,,184.807,-27.149,,157.658,0.635342,0.542007,0.4825,75.943354,89.020941,70.390115,
09/30/2008,511.006,508.619,0.0,2.387,0.0,0.0,-217.449,207.6,,,9.849,145.382,0.0,0.0,0.0,148.175,-120.764,124.755,-0.25,-3.741,27.411,-1.317,187.125,-161.031,,,187.125,-0.11,175.874,-3.628,0.0,172.246,172.246,0.0,270.345,0.64,0.041484,0.041484,290.795,0.63,0.041484,0.041484,,145.382,1.063,-1.976,8.38,,,,-150.255,,0.447,186.428,,186.428,-29.702,,156.726,0.640173,0.53818,0.4825,75.370243,89.65407,69.968815,
12/31/2008,501.119,497.801,0.0,3.318,0.0,0.0,-206.587,195.676,,,10.911,146.718,0.0,,0.0,147.814,-226.151,132.045,-2.709,96.815,-78.337,0.653,-38.233,-39.451,,,-38.233,-0.889,-36.626,-3.62,0.0,-40.246,-40.246,,271.293,-0.15,-0.29,0.14,271.293,-0.15,-0.29,0.14,,146.718,1.054,-2.212,8.254,,,-2.876,-27.805,,-1.289,79.102,,79.102,-26.501,,52.601,0.273226,0.181689,0.4825,176.593585,265.563502,165.481116,
03/31/2009,483.078,480.215,0.0,2.863,0.0,0.0,-350.691,198.488,52.539,145.949,10.394,141.809,,0.0,0.0,132.387,-118.169,123.502,-2.57,-2.763,14.218,-2.128,85.421,-73.331,-73.331,0.0,85.421,0.065,80.795,-3.62,0.0,77.175,3.844,0.0,272.324,0.28,0.03,0.03,288.853,0.28,0.03,0.03,,141.809,0.183,-1.898,8.679,,,-2.765,-61.871,,-0.064,165.939,-3.437,162.659,-26.382,,136.277,0.56233,0.471124,0.4825,85.803717,102.414544,79.183513,
06/30/2009,480.333,477.921,0.0,2.412,0.0,0.0,-353.389,188.768,51.357,137.411,10.201,143.296,,0.0,11.124,126.944,-114.346,115.67,2.032,-3.356,12.598,-0.259,105.932,-93.593,-93.593,0.0,105.932,0.002,100.205,-3.62,0.0,96.585,14.116,11.124,272.901,0.35,0.03,0.051726,289.338,0.35,0.03,0.051726,,143.296,0.248,-1.894,8.051,,,0.006,-83.927,,0.399,168.493,-11.259,157.392,-26.567,,130.825,0.543212,0.451521,0.4825,88.823446,106.861072,78.148488,
09/30/2009,480.241,477.588,0.0,2.653,0.0,0.0,-351.586,197.54,54.579,142.961,9.881,144.165,,0.0,0.0,128.655,-119.167,121.166,-3.808,1.809,9.488,-0.459,143.365,-134.336,-134.336,0.0,143.365,0.315,135.981,-3.619,0.0,132.362,-1.974,0.0,273.658,0.48,0.02,0.02,290.215,0.48,0.02,0.02,,144.165,0.225,-1.777,5.487,,,-3.959,-129.135,,-0.785,154.282,-4.127,150.309,-27.871,,122.438,0.517208,0.421305,0.3375,65.254176,80.108218,59.864129,
12/31/2009,461.274,458.856,0.0,2.418,0.0,0.0,-334.32,183.155,52.931,130.224,8.518,142.647,,0.0,0.0,126.954,-143.983,140.611,-3.528,6.9,-17.029,0.037,47.311,-64.307,-64.307,0.0,47.315,0.167,45.296,-3.62,0.0,41.676,-22.631,0.0,275.519,0.15,-0.08,-0.08,275.519,0.15,-0.08,-0.08,,142.647,0.103,-1.786,6.241,,,-3.971,-60.366,,0.065,126.791,-29.676,97.269,-25.03,,72.239,0.333131,0.247407,0.3375,101.311415,136.414679,73.339324,
03/31/2010,464.999,462.577,0.0,2.422,0.0,0.0,-354.991,198.228,55.575,142.653,10.721,146.042,,0.0,0.0,110.008,-119.256,114.111,-0.014,5.159,-9.248,-0.159,57.856,-67.263,-67.263,0.0,57.856,0.25,55.483,-3.62,0.0,51.863,-15.4,0.0,280.645,0.18,-0.04,-0.04,280.645,0.18,-0.04,-0.04,,146.042,0.011,-1.693,6.692,,,-0.478,-60.036,,0.388,145.412,4.888,150.453,-27.311,,123.142,0.506088,0.414221,0.3375,66.687952,81.478314,65.137463,
06/30/2010,447.379,444.333,0.0,3.046,0.0,0.0,-347.05,174.264,52.35,121.914,10.089,162.697,,0.0,0.0,100.329,-110.421,113.723,-4.62,1.318,-10.092,0.147,10.089,-20.034,-20.034,0.0,10.089,0.185,9.961,-3.618,0.0,6.343,-13.691,0.0,282.217,0.02,-0.05,-0.05,282.217,0.02,-0.05,-0.05,,162.697,-0.004,-1.62,12.189,,,-5.079,-0.217,,0.243,174.865,0.153,175.171,-26.647,,148.524,0.583827,0.495016,0.3375,57.808177,68.179663,54.469584,
09/30/2010,453.96,451.832,0.0,2.128,0.0,0.0,-348.696,180.157,56.205,123.952,10.221,158.318,,0.0,0.0,105.264,-105.268,121.116,-22.732,6.884,-0.004,-0.291,29.826,-30.121,-30.121,0.0,29.826,0.188,28.783,-3.617,0.0,25.166,-3.794,1.161,282.717,0.09,-0.01,-0.01342,282.717,0.09,-0.01,-0.01342,,158.318,-0.856,-1.585,15.646,,,-22.544,-9.285,,-0.012,166.079,6.53,172.761,-29.694,,143.067,0.57439,0.475664,0.3375,58.757988,70.953391,57.452771,
12/31/2010,460.748,458.868,0.0,1.88,0.0,0.0,-384.245,172.712,51.922,120.79,8.852,157.301,,0.0,45.38,76.503,-124.91,120.136,,4.774,-48.407,-0.009,198.212,-246.628,-246.628,0.0,198.212,0.103,189.383,-3.513,0.0,185.87,-15.144,45.614,285.916,0.65,-0.212503,-0.052967,285.916,0.65,-0.212589,-0.053053,,157.301,-0.77,-1.724,14.352,,,0.0,-228.418,,0.887,136.43,48.065,184.498,-25.922,,158.576,0.607225,0.52191,0.4575,75.34276,87.658842,95.878157,
03/31/2011,466.356,464.55,0.0,1.806,0.0,0.0,-350.403,180.515,52.139,128.376,11.433,158.455,,0.0,0.0,115.953,-124.682,120.528,,4.154,-8.729,-0.184,133.066,-141.979,-141.979,0.0,133.066,0.04,127.331,-3.466,0.0,123.865,-18.114,0.0,292.895,0.42,-0.04,-0.04,292.895,0.42,-0.04,-0.04,,158.455,-0.75,-1.385,10.855,,,,-123.754,,0.395,173.456,1.751,175.207,-25.94,,149.267,0.564334,0.480782,0.3375,59.805038,70.19811,56.989705,
06/30/2011,480.367,478.419,0.0,1.948,0.0,0.0,-340.51,175.15,54.803,120.347,10.908,154.452,,0.0,0.0,139.857,-124.529,119.997,,4.532,15.328,-0.202,581.753,-566.627,-566.627,0.0,581.753,-0.071,555.924,-3.467,0.0,552.457,-18.387,-4.217,294.663,1.88,-0.048089,-0.0624,312.199,1.85,-0.048089,-0.0624,,154.452,-0.755,-1.521,7.081,,,,-557.458,,0.72,180.734,5.983,186.717,26.193,,212.91,0.59807,0.681969,0.3375,56.431478,49.489062,55.024933,
09/30/2011,493.872,490.944,0.0,2.928,0.0,0.0,-349.058,179.246,57.109,122.137,10.121,159.691,,0.0,0.0,144.814,-114.314,112.449,,1.865,30.5,-0.283,112.977,-82.76,-82.76,0.0,112.977,-0.387,107.848,-3.466,0.0,104.382,21.622,0.0,295.831,0.35,0.09,0.09,312.844,0.35,0.08,0.08,,159.691,-0.758,-1.297,5.762,,,,-76.866,,0.935,196.591,-3.482,193.109,-27.294,,165.815,0.617269,0.530025,0.3375,54.676297,63.676296,50.787148,
12/31/2011,492.35,490.006,0.0,2.344,0.0,0.0,-337.628,169.546,52.331,117.215,11.144,156.938,,0.0,0.0,154.722,-122.156,113.525,,8.631,32.566,-0.06,107.401,-74.895,-74.895,0.0,107.401,-0.414,102.482,-3.466,0.0,99.016,24.121,0.0,295.99,0.33,0.081493,0.081493,312.731,0.33,0.081493,0.081493,,156.938,-0.799,-1.317,10.295,,,,-67.209,,-0.057,201.372,3.26,204.632,-25.496,,179.136,0.654339,0.572812,0.5675,86.728783,99.072684,83.414936,
03/31/2012,446.448,444.384,0.0,2.064,0.0,0.0,-331.972,170.038,52.44,117.598,13.688,148.246,,0.0,0.0,114.476,-127.732,118.011,0.0,9.721,-13.256,-0.17,152.167,-165.593,-165.593,0.0,152.167,-0.45,145.299,-3.466,0.0,141.833,-22.611,1.149,298.805,0.47,-0.06,-0.075671,298.805,0.47,-0.06,-0.075671,,148.246,-0.8,-1.354,26.862,,,,-132.956,,0.049,188.298,3.555,191.853,-25.94,,165.913,0.608613,0.526324,0.3375,55.45398,64.124044,53.556962,
06/30/2012,448.351,446.139,0.0,2.212,0.0,0.0,-319.791,160.962,53.422,107.54,13.391,145.438,,0.0,0.0,128.56,-127.873,114.627,,13.246,0.687,-0.213,108.315,-107.841,-107.841,0.0,108.315,-0.319,103.264,-3.467,0.0,99.797,-7.359,0.685,300.193,0.33,-0.029,-0.024514,300.193,0.33,-0.029,-0.026718,,145.438,-0.797,-1.427,27.56,,,,-70.747,,,204.556,10.448,215.004,25.94,,240.944,0.676862,0.758525,0.3375,49.862421,44.494239,49.529291,
09/30/2012,451.699,448.647,0.0,3.052,0.0,0.0,-308.767,159.347,53.064,106.283,10.083,139.337,,0.0,0.0,142.932,-50.529,113.222,0.003,-62.696,92.403,-0.222,236.323,-144.142,-144.142,0.0,236.323,0.312,226.139,-2.386,-5.15,218.603,74.548,0.087,301.336,0.73,0.247103,0.247392,318.773,0.72,0.247103,0.247376,,139.337,-0.798,-1.43,29.497,,,,-103.394,,,292.311,-59.792,232.519,-28.686,,203.833,0.729419,0.63943,0.3375,46.269719,52.781388,34.792019,
12/31/2012,452.483,450.238,0.0,2.245,0.0,0.0,-304.236,153.742,53.007,100.735,10.072,140.422,,0.0,0.0,148.247,-47.572,109.76,0.011,-62.199,100.675,0.088,384.399,-283.636,-283.636,0.0,384.399,-0.387,367.017,-1.036,-0.002,365.979,86.041,3.698,310.398,1.18,0.265282,0.277196,327.108,1.17,0.265282,0.276587,,140.422,-0.798,-1.135,27.63,,,,-240.981,,-0.06,308.052,-64.159,243.893,-24.954,,218.939,0.745604,0.669317,0.7675,102.936694,114.669104,77.334497,
03/31/2013,504.722,502.562,0.0,2.16,0.0,0.0,-400.476,187.759,65.095,122.664,16.495,196.222,,0.0,0.0,104.246,-269.18,194.467,46.366,28.347,-164.934,-0.405,1061.034,-1226.373,-1226.373,0.0,1061.034,-0.025,1017.686,-1.036,0.0,1016.65,-209.723,0.0,337.532,3.01,-0.621343,-0.621343,337.532,3.01,-0.623353,-0.623353,,196.222,-1.015,-1.216,23.816,,,,-1198.672,,,79.108,147.061,226.169,-26.237,,199.932,0.639517,0.565329,0.4,62.54721,70.755257,170.668959,
06/30/2013,617.217,614.544,0.0,2.673,0.0,0.0,-553.24,213.851,76.742,137.109,16.085,323.304,,0.0,0.0,63.977,-122.06,122.95,8.174,-9.064,-58.083,-0.428,336.732,-395.243,-395.243,0.0,336.732,0.815,324.759,-1.036,0.0,323.723,-86.136,-14.616,359.653,0.9,-0.198858,-0.239498,359.653,0.9,-0.198956,-0.239596,,323.304,-1.493,-1.257,7.146,,,,-389.601,,0.007,274.617,-7.349,267.268,-29.069,,238.199,0.710989,0.63366,0.4,56.259635,63.12537,52.386123,
09/30/2013,626.629,624.063,0.0,2.566,0.0,0.0,-506.233,215.089,75.916,139.173,14.437,276.707,,0.0,0.0,120.396,-133.369,120.035,3.209,10.125,-12.973,-0.492,391.717,-405.182,-405.182,0.0,391.717,0.311,377.192,-1.037,0.0,376.155,-31.282,-2.255,359.811,1.05,-0.080673,-0.08694,359.811,1.05,-0.080673,-0.08694,,276.707,0.136,-1.855,2.902,,0.0,-0.016,-401.595,,0.0,267.27,7.438,274.708,-29.069,,245.639,0.730834,0.653499,0.4,54.732006,61.20901,53.849815,
12/31/2013,639.134,636.835,0.0,2.299,0.0,0.0,-415.457,217.555,76.246,141.309,15.162,182.74,,0.0,0.0,223.677,-154.692,149.402,0.407,4.883,68.985,0.156,115.87,-46.729,-46.729,0.0,115.87,-0.563,110.976,-1.036,0.0,109.94,63.163,-0.048,359.919,0.31,0.175626,0.175492,375.86,0.3,0.175626,0.175492,,182.74,0.236,-1.18,0.516,,,0.009,-45.167,,0.001,251.426,37.502,288.928,-25.968,,262.96,0.768712,0.699622,0.65,84.557052,92.907286,93.048193,
03/31/2014,633.442,630.725,0.0,2.717,0.0,0.0,-434.183,231.44,82.094,149.346,17.576,185.167,,0.0,0.0,199.259,-117.339,113.049,1.409,2.881,81.92,-0.24,82.732,-1.052,-1.052,0.0,82.732,-0.504,79.135,-1.036,0.0,78.099,77.077,0.03,360.47,0.22,0.21,0.213824,376.384,0.22,0.21,0.21008,,185.167,0.535,-1.188,,,,,-0.071,,,265.635,0.02,265.655,-26.47,,239.185,0.705808,0.635481,0.5,70.840752,78.680519,67.850622,
06/30/2014,652.568,649.766,0.0,2.802,0.0,0.0,-424.258,220.37,83.055,137.315,13.752,190.136,,0.0,0.0,228.31,-110.454,115.924,7.616,-13.086,117.856,-0.646,117.72,-0.51,-0.51,0.0,117.72,-0.588,112.69,-1.036,0.0,111.654,95.417,-15.727,360.809,0.31,0.31,0.264453,377.118,0.31,0.31,0.264453,,190.136,0.761,-1.16,,,-14.903,,-0.153,,,290.777,5.107,295.884,-28.079,,267.805,0.784593,0.710136,0.5,63.727339,70.409066,62.042218,
09/30/2014,664.078,662.001,0.0,2.077,0.0,0.0,-420.804,220.367,80.568,139.799,9.968,190.469,,0.0,0.0,243.274,-11.762,118.251,1.176,-107.665,231.512,-0.26,231.19,0.062,0.062,0.0,231.19,-0.708,221.744,-1.037,0.0,220.707,106.076,-114.693,361.409,0.61,0.61,0.293507,377.954,0.61,0.61,0.293507,,190.469,0.675,-1.137,,,-113.641,0.0,0.001,,,305.812,3.388,309.2,-25.868,,283.332,0.818089,0.749647,0.5,61.118047,66.698079,59.090062,
12/31/2014,664.66,662.819,0.0,1.841,0.0,0.0,-414.128,211.387,79.684,131.703,9.652,193.089,,0.0,0.0,250.532,-23.325,109.967,-2.249,-84.393,227.207,-0.248,227.041,-0.082,-0.082,0.0,227.041,-0.744,217.739,-1.036,0.0,216.703,129.049,-87.572,362.018,0.6,0.6,0.356471,378.886,0.59,0.59,0.356471,,193.089,0.498,-1.158,0.0,,-84.141,-4.902,0.044,,,328.691,-2.984,325.707,-25.261,,300.446,0.859644,0.792972,0.5,58.163626,63.053926,55.069655,
03/31/2015,666.371,664.606,0.0,1.765,0.0,0.0,-448.04,233.757,86.432,147.325,19.762,194.521,,0.0,0.0,218.331,-28.219,108.782,-2.963,-77.6,190.112,-0.043,190.224,-0.155,-0.155,0.0,190.224,-0.643,182.522,-3.68,-2.789,178.842,98.737,-79.95,363.098,0.49,0.49,0.271929,380.327,0.49,0.49,0.271929,,194.521,0.149,-1.261,,,-79.951,,0.0,,,299.359,-0.357,299.002,-27.27,,271.732,0.786171,0.714469,0.5525,70.277345,77.330115,67.013734,
06/30/2015,679.112,676.508,0.0,2.604,0.0,0.0,-432.857,222.916,83.119,139.797,15.659,194.282,,0.0,0.0,246.255,52.575,110.866,-12.466,-150.975,298.83,-0.326,298.618,-0.114,-0.114,0.0,298.618,-0.844,286.42,-0.833,0.0,285.587,136.671,-148.802,363.476,0.79,0.79,0.376011,380.491,0.78,0.78,0.376011,,194.282,0.146,-1.263,,,-148.802,,0.0,,,341.304,-16.043,325.261,-28.079,,297.182,0.854845,0.781049,0.5525,64.631566,70.738227,58.839184,
09/30/2015,696.289,694.245,0.0,2.044,0.0,0.0,-438.695,227.439,84.962,142.477,15.197,196.059,,0.0,0.0,257.594,-51.89,114.298,1.041,-63.449,205.704,-0.329,205.456,-0.081,-0.081,0.0,205.456,-0.986,196.692,-0.833,0.0,195.859,128.839,-66.939,363.579,0.54,0.54,0.354363,380.663,0.53,0.53,0.354152,,196.059,0.145,-1.243,,,-66.939,-0.1,,,,331.559,8.927,340.486,-29.604,,310.882,0.894657,0.81687,0.5525,61.755488,67.636207,60.585717,
12/31/2015,703.193,701.219,0.0,1.974,0.0,0.0,-416.135,221.056,85.289,135.767,14.046,181.033,,0.0,0.0,287.058,-73.166,110.541,-0.637,-36.738,213.892,-0.219,213.72,-0.047,-0.047,0.0,213.72,-1.1,204.486,-1.581,-0.697,202.989,163.5,-39.442,363.828,0.56,0.56,0.449388,381.22,0.55,0.55,0.446537,,181.033,0.148,-1.214,,,-39.442,0.0,0.0,,,351.564,1.489,353.053,-24.808,,328.245,0.926135,0.861059,0.5525,59.656504,64.165205,57.177348,
03/31/2016,619.083,616.165,0.0,2.918,0.0,0.0,-402.458,212.856,80.196,132.66,16.717,172.885,,0.0,0.0,216.625,3515.713,213.492,1.104,-3730.309,3732.338,-0.35,3731.831,0.157,0.157,0.0,3731.831,-0.764,3587.758,-0.773,0.0,3586.985,-148.059,-3735.201,364.592,9.84,9.84,-0.406095,382.243,9.76,9.76,-0.406095,,172.885,0.239,-1.408,,,-3723.479,,-0.015,,,178.516,110.965,289.481,-22.758,,266.723,0.757322,0.697784,8.50375,1122.871246,1218.679646,1736.762654,
06/30/2016,595.154,594.939,0.0,0.215,0.0,0.0,-389.136,194.713,77.415,117.298,18.296,176.127,,0.0,0.0,206.018,22.76,86.472,0.8,-110.032,228.778,-0.413,228.4,-0.035,-0.035,0.0,228.4,-0.781,218.839,-0.772,0.0,218.067,160.676,-57.356,365.047,0.6,0.6,0.440152,382.065,0.59,0.59,0.439879,,176.127,0.285,-1.227,,,-57.356,,0.0,,,344.676,-54.317,290.359,-22.974,,267.385,0.759973,0.699842,0.50375,66.285269,71.980569,53.352257,
09/30/2016,606.074,605.856,0.0,0.218,0.0,0.0,-396.701,205.076,81.343,123.733,12.395,179.23,,0.0,,209.373,8.299,86.352,-7.75,-86.901,217.672,-0.426,217.492,-0.246,-0.246,0.0,217.492,-0.823,208.316,-0.773,0.0,207.543,113.224,-94.073,365.109,0.57,0.57,0.31011,382.373,0.56,0.56,0.31011,,179.23,0.186,-1.297,,,-90.036,-8.841,-0.028,,,295.11,2.08,297.19,-24.432,,272.758,0.777225,0.71333,3.50375,450.802315,491.18244,433.482654,
12/31/2016,605.489,605.273,0.0,0.216,0.0,0.0,-381.419,193.58,78.433,115.147,10.432,177.407,,0.0,0.0,224.07,78.341,95.93,1.045,-175.316,302.411,-0.424,302.381,-0.394,-0.394,0.0,302.381,0.459,277.25,-0.773,0.0,276.477,102.927,-173.156,365.256,0.76,0.76,0.281794,381.86,0.75,0.75,0.281794,,177.407,0.23,-1.292,0.0,,-173.184,0.0,0.0,,,305.228,-2.608,302.62,-21.231,,281.389,0.792489,0.73689,0.50375,63.565519,68.361583,60.282055,
03/31/2017,604.1,603.92,0.0,0.18,0.0,0.0,-399.729,206.588,81.728,124.86,14.173,178.968,,,0.0,204.371,-54.168,106.21,1.073,-53.115,150.203,-0.262,149.941,0.0,0.0,0.0,149.941,-0.788,143.742,-0.773,0.0,142.969,87.069,-55.9,366.605,0.39,0.39,0.237501,382.28,0.39,0.39,0.237501,,178.968,0.31,-1.298,,,-36.707,-0.068,,,,289.585,-5.864,283.721,-21.749,,261.972,0.742181,0.685288,0.50375,67.874267,73.509211,63.773078,
06/30/2017,612.48,612.299,0.0,0.181,0.0,0.0,-401.93,208.408,87.503,120.905,13.626,179.896,,,0.0,210.55,-6.17,91.224,0.682,-85.736,204.38,-0.22,204.16,0.0,0.0,0.0,204.16,-0.765,196.041,-0.773,0.0,195.268,107.565,-87.703,366.82,0.53,0.53,0.293236,382.692,0.53,0.53,0.293236,,179.896,0.309,-1.282,,,-87.726,0.0,,,,293.819,0.072,293.891,-23.026,,270.865,0.767957,0.707789,0.50375,65.596121,71.17239,62.890955,
09/30/2017,624.122,623.951,0.0,0.171,0.0,0.0,-406.336,209.669,84.087,125.582,12.567,184.1,,,0.0,217.786,-73.362,91.145,0.398,-18.181,144.424,-0.228,144.196,0.0,0.0,0.0,144.196,-0.801,138.229,-0.772,0.0,137.457,120.129,-17.328,366.996,0.37,0.37,0.327331,382.945,0.37,0.37,0.324751,,184.1,0.311,-1.228,,0.0,-17.328,0.0,,,,308.478,-3.64,304.838,-20.735,,284.103,0.796036,0.74189,0.50375,63.282315,67.900918,59.931092,
12/31/2017,630.704,630.519,0.0,0.185,0.0,0.0,-415.94,201.604,82.177,119.427,11.858,200.785,,0.0,1.693,214.764,-84.912,95.311,1.217,-11.616,129.852,0.232,130.084,0.0,0.0,0.0,130.084,0.321,125.442,-0.773,0.0,124.669,111.069,-13.6,367.442,0.34,0.34,0.302276,383.105,0.34,0.34,0.302276,,200.785,-0.879,-1.215,,,-15.296,-0.005,,,,313.022,3.765,316.787,-18.969,,297.818,0.826893,0.77738,0.50375,60.92079,64.801034,59.132875,
03/31/2018,633.016,632.831,0.0,0.185,0.0,0.0,-436.147,223.56,91.914,131.646,16.278,196.309,,,0.0,196.869,23.892,116.104,0.977,-140.973,220.761,-0.213,220.548,0.0,0.0,0.0,220.548,-0.68,211.809,-0.773,0.0,211.036,68.823,-142.213,367.8,0.57,0.57,0.187121,383.018,0.57,0.57,0.187121,,196.309,0.116,-1.145,,,-142.213,0.0,,,,272.162,21.444,293.606,-17.751,,275.855,0.766559,0.720214,0.54,70.44465,74.977695,72.975654,
06/30/2018,639.808,639.62,0.0,0.188,0.0,0.0,-422.154,216.71,89.482,127.228,12.502,192.942,,,0.0,217.654,-98.97,94.131,1.031,3.808,118.684,-0.274,118.41,0.0,0.0,0.0,118.41,-0.793,113.602,-0.772,0.0,112.83,111.886,-0.944,367.93,0.31,0.31,0.304096,383.423,0.31,0.31,0.304096,,192.942,0.248,-1.115,,,0.051,0.0,,,,308.971,2.213,311.184,-44.781,,266.403,0.811595,0.694802,0.54,66.535689,77.720003,64.304482,
09/30/2018,652.867,652.677,0.0,0.19,0.0,0.0,-428.136,220.176,87.388,132.788,12.64,194.618,,,0.702,224.731,-0.605,111.219,0.985,-111.599,224.126,-0.28,223.846,0.0,0.0,0.0,223.846,-0.75,214.937,-0.773,0.0,214.164,100.194,-113.97,368.028,0.58,0.58,0.272246,383.884,0.58,0.58,0.272246,,194.618,0.246,-1.137,,0.702,-114.672,0.0,,,,302.08,17.747,319.827,-26.751,,293.076,0.833134,0.763449,0.54,64.815466,70.731605,65.788904,
12/31/2018,652.743,652.553,0.0,0.19,0.0,0.0,-433.437,219.188,89.03,130.158,12.393,201.856,,0.0,0.0,219.306,-96.807,91.906,0.674,4.227,122.499,-0.111,122.388,0.0,0.0,0.0,122.388,-0.779,117.187,-0.772,0.0,116.415,116.447,0.032,368.445,0.32,0.32,0.31605,384.296,0.31,0.31,0.310083,,201.856,0.101,-1.164,,,0.024,0.0,,,,321.654,2.439,324.093,-18.454,,305.639,0.843342,0.795322,0.54,64.030954,67.897042,61.855379,
03/31/2019,662.494,662.302,0.0,0.192,0.0,0.0,-452.504,232.908,91.442,141.466,15.381,204.215,,0.0,0.0,209.99,-100.495,94.938,0.707,4.85,109.495,-0.238,109.257,0.0,0.0,0.0,109.257,-0.799,104.539,-0.773,0.0,103.766,103.786,0.02,369.558,0.28,0.28,0.280838,385.184,0.28,0.28,0.280052,,204.215,0.019,-1.182,,,0.021,,,,,310.758,3.252,314.01,-15.98,,298.03,0.815221,0.773734,0.5675,69.613044,73.34561,67.487938,
06/30/2019,669.517,669.374,0.0,0.143,0.0,0.0,-439.113,224.276,91.446,132.83,14.329,200.508,,,0.0,230.404,91.141,108.902,-68.765,-131.278,321.545,-0.246,321.299,0.0,0.0,0.0,321.299,-0.821,308.968,-0.772,0.0,308.196,169.163,-139.033,370.342,0.83,0.83,0.456775,386.107,0.83,0.83,0.456775,,200.508,-0.049,-1.121,,,-138.856,-69.522,,,,310.666,21.052,331.718,-47.51,,284.208,0.859135,0.736086,0.5675,66.054818,77.096958,67.651138,
09/30/2019,685.145,685.12,0.0,0.025,0.0,0.0,-447.347,224.452,87.546,136.906,11.417,211.478,,,0.0,237.798,40.313,85.936,1.152,-127.401,278.111,-0.265,277.846,0.0,0.0,0.0,277.846,-0.83,267.106,-0.773,0.0,266.333,133.869,-132.464,370.768,0.72,0.72,0.361059,386.896,0.71,0.71,0.361059,,211.478,-0.285,-1.932,,0.0,-130.565,0.0,,,,354.939,-3.06,351.879,-22.969,,328.91,0.909492,0.850125,0.5675,62.397438,66.754881,59.280845,
12/31/2019,683.919,683.895,0.0,0.024,0.0,0.0,-453.204,226.692,95.705,130.987,11.63,214.882,,,0.0,230.715,67.561,100.3,0.961,-168.822,298.276,3.03,301.306,0.0,0.0,0.0,301.306,-0.847,289.764,-0.772,0.0,288.992,110.788,-178.204,371.155,0.78,0.78,0.298495,387.143,0.77,0.77,0.298495,,214.882,-2.249,0.612,,,-178.237,0.0,,,,334.695,15.766,350.461,-20.817,,329.644,0.905249,0.851479,0.5675,62.689901,66.648764,62.932061,
03/31/2020,682.329,682.305,0.0,0.024,0.0,0.0,-468.197,241.257,97.732,143.525,14.518,212.422,,0.0,0.0,214.132,118.592,85.59,1.157,-205.339,332.724,-0.053,332.671,0.0,0.0,0.0,332.671,-0.875,308.606,-0.773,0.0,307.833,99.856,-207.977,371.582,0.83,0.83,0.268732,386.949,0.83,0.83,0.268732,,212.422,-0.243,-1.287,,,-207.977,,,,,333.938,1.15,335.088,-21.589,,313.499,0.865975,0.810182,0.6025,69.57479,74.366034,67.041833,
06/30/2020,653.532,653.532,0.0,0.0,0.0,0.0,-440.909,223.098,95.038,128.06,11.835,205.976,,,0.0,212.623,59.045,81.885,1.042,-141.972,271.668,-0.187,271.481,0.0,0.0,0.0,271.481,-0.88,260.888,-0.772,0.0,260.116,115.85,-144.266,371.795,0.7,0.7,0.311596,385.913,0.7,0.7,0.311596,,205.976,-0.219,-1.02,,,-144.266,0.0,,,,330.3,0.52,330.82,-22.923,,307.897,0.85724,0.79784,0.6025,70.283714,75.516352,67.8191,
09/30/2020,643.125,,,,,,,,,,,,,,,382.667,,,,,123.833,,,,,,,,119.0,,,119.0,108.778,,,0.308,0.308,0.3,,0.308,0.308,0.3,,,,,,,,,,,,,,,,,,,,,,,,
12/31/2020,640.125,,,,,,,,,,,,,,,352.143,,,,,120.167,,,,,,,,115.5,,,115.5,105.933,,,0.292,0.292,0.29,,0.292,0.292,0.29,,,,,,,,,,,,,,,,,,,,,,,,
