Date,Revenue,Sales & Services Revenue,Other Revenue,Cost of Revenue,Cost of Goods & Services,Depreciation & Amortization,Gross Profit,Other Operating Income,Operating Expenses,"Selling, General & Admin",Research & Development,Prov For Doubtful Accts,Other Operating Expense,Operating Income (Loss),Non-Operating (Income) Loss,"Interest Expense, Net",Interest Expense,Interest Income,Foreign Exch (Gain) Loss,(Income) Loss from Affiliates,Other Non-Op (Income) Loss,Pretax Income,Income Tax Expense (Benefit),Income (Loss) from Cont Ops,Net Extraordinary Losses (Gains),Discontinued Operations,XO & Accounting Changes,Income (Loss) Incl. MI,Minority Interest,"Net Income, GAAP",Preferred Dividends,Other Adjustments,"Net Income Avail to Common, GAAP","Net Income Avail to Common, Adj",Net Abnormal Losses (Gains),Basic Weighted Avg Shares,"Basic EPS, GAAP",Basic EPS from Cont Ops,"Basic EPS from Cont Ops, Adjusted",Diluted Weighted Avg Shares,"Diluted EPS, GAAP",Diluted EPS from Cont Ops,"Diluted EPS from Cont Ops, Adjusted",Source: Bloomberg
12/31/1989,188.768982,,,,,,,,,,,,,,,,,,,,,,,,,,,,,20.023998,,,20.023998,20.023998,,125.789989,0.158333,0.158333,,125.789989,0.158333,0.158333,0.158333,
03/31/1990,205.093994,,,-93.422997,,,111.670998,,-67.549004,,,,,44.122002,-7.033,,6.988,,,,0.045,37.089002,-11.551,25.538,,,,25.538002,,25.538,,,25.538,25.538,,125.598003,0.203333,0.203333,,125.598003,0.203333,0.203333,0.203333,
06/30/1990,126.991997,,,-54.698002,,,72.293995,,-59.949001,,,,,12.345,-6.56,,6.542,,,,0.018,5.785,-0.345,5.44,,,,5.44,,5.44,,,5.44,5.44,,125.538002,0.043333,0.043333,,125.538002,0.043333,0.043333,0.043333,
09/30/1990,107.165001,,,-42.23,,,64.935001,,-63.344002,,,,,1.591,-6.006,,6.806,,,,-0.8,-4.415,2.723,-1.692,,,,-1.692,,-1.692,,,-1.692,-1.692,,126.899998,-0.013333,-0.013333,,126.899998,-0.013333,-0.013333,-0.013333,
12/31/1990,219.964996,,,-97.883003,,,122.081993,,-75.098,,,,,46.984001,-7.384,,7.637,,0.0,,-0.253,39.600001,-9.937,29.663,0.0,,,29.663001,0.0,29.663,0.0,,29.663,29.663,,125.115006,0.236667,0.236667,0.236667,125.115006,0.236667,0.236667,0.236667,
03/31/1991,226.651001,,,-98.292999,,,128.358002,,-80.862,,,,,47.495998,-7.268,,7.114,,,,0.154,40.227999,-12.564,27.664,,,,27.663998,,27.664,,,27.664,27.664,,124.799995,0.221667,0.221667,,124.799995,0.221667,0.221667,0.221667,
06/30/1991,119.036003,,,-49.02,,,70.016003,,-65.773003,,,,,4.243,-8.192,,7.86,,,,0.332,-3.949,3.553,-0.396,,,,-0.396,,-0.396,,,-0.396,-0.396,,118.799995,-0.003333,-0.003333,,118.799995,-0.003333,-0.003333,-0.003333,
09/30/1991,115.199997,,,-25.087,,,90.112997,,-59.139,,,,,30.974001,-6.418,,6.724,,,,-0.306,24.556001,-7.897,16.659,,,,16.659001,,16.659,,,16.659,16.659,,124.943996,0.133333,0.133333,,124.943996,0.133333,0.133333,0.133333,
12/31/1991,218.744003,,,-109.725998,,,109.018005,,-75.153999,,,,,33.863998,-10.141,,10.247,,0.0,,-0.106,23.722998,-3.482,20.240999,0.0,,,20.240998,0.0,20.240999,0.0,,20.240999,20.240999,,123.762006,0.161667,0.161667,0.161667,123.762006,0.161667,0.161667,0.161667,
03/31/1992,245.207993,,,-135.884995,,,109.322998,,-58.972,,,,,50.351002,-10.783,,11.383,,0.0,,-0.6,39.568001,-13.463,26.105,0.0,,,26.105001,0.0,26.105,0.0,,26.105,26.105,,125.255997,0.208333,0.208333,,125.255997,0.208333,0.208333,0.208333,
06/30/1992,161.352005,,,-98.941002,,,62.411003,,-53.733002,,,,,8.678,-8.756,,8.842,,0.0,,-0.086,-0.078,3.704,3.626,0.0,,,3.626,0.0,3.626,0.0,,3.626,3.626,,125.304005,0.028333,0.028333,,125.304005,0.028333,0.028333,0.028333,
09/30/1992,144.429001,,,-78.818001,,,65.611,,-51.252998,,,,,14.358,-7.834,,8.246,,0.0,,-0.412,6.524,0.637,7.161,0.0,,,7.161,0.0,7.161,0.0,,7.161,7.161,,125.399998,0.056667,0.056667,,125.399998,0.056667,0.056667,0.056667,
12/31/1992,261.38501,,,-159.350998,,,102.034012,,-60.994999,,,,,41.039001,-8.257,,8.94,,0.0,,-0.683,32.782001,-9.648,23.134001,0.0,,,23.134001,0.0,23.134001,0.0,,23.134001,23.134001,,125.491974,0.185,0.185,0.185,125.491974,0.185,0.185,0.185,
03/31/1993,269.819,,,-155.014999,,,114.804001,,-59.455002,,,,,55.348999,-8.781,,9.064,,0.0,,-0.283,46.567999,-15.773,30.795,0.0,,,30.794999,0.0,30.795,0.0,,30.795,30.795,,125.636002,0.245,0.245,,125.636002,0.245,0.245,0.245,
06/30/1993,207.781998,,,-138.705994,,,69.076004,,-55.098,,,,,13.978,-8.778,,8.633,,0.0,,0.145,5.199999,3.631,8.831,0.0,,,8.830999,0.0,8.831,0.0,,8.831,8.831,,125.716003,0.07,0.07,,125.716003,0.07,0.07,0.07,
09/30/1993,272.744995,,,-188.485992,,,84.259003,,-59.472,,,,,24.787001,-10.686,,10.811,,0.0,,-0.125,14.101001,-5.489,8.612,0.0,,,8.612001,0.0,8.612,0.0,,8.612,8.612,,128.779999,0.0675,0.0675,,128.779999,0.0675,0.0675,0.0675,
12/31/1993,344.447998,,,-238.843994,,,105.604004,,-69.221001,,,,,36.382999,-8.777,,10.22,,0.0,,-1.443,27.605999,-2.389,25.216999,0.0,,,25.216999,0.0,25.216999,0.0,,25.216999,25.216999,,137.839996,0.1825,0.1825,,137.839996,0.1825,0.1825,0.1825,
03/31/1994,439.537994,,,-304.540009,,,134.997986,,-74.018997,,,,,60.979,-9.666,,9.998,,0.0,,-0.332,51.313,-14.954,36.359001,0.0,,,36.358999,0.0,36.359001,0.0,,36.359001,36.359001,,137.916,0.2625,0.2625,,137.916,0.2625,0.2625,0.2625,
06/30/1994,316.122009,,,-243.764999,,,72.35701,,-62.303001,,,,,10.054,-10.755,,10.931,,0.0,,-0.176,-0.701,6.758,6.057,0.0,,,6.057,0.0,6.057,0.0,,6.057,6.057,,138.024002,0.045,0.045,,138.024002,0.045,0.045,0.045,
09/30/1994,297.712006,,,-223.354004,,,74.358002,,-61.511002,,,,,12.847,-10.577,,11.387,,0.0,,-0.81,2.27,0.111,2.381,0.0,,,2.381,0.0,2.381,0.0,,2.381,2.381,,138.104004,0.0175,0.0175,,138.104004,0.0175,0.0175,0.0175,
12/31/1994,343.90799,,,-248.593002,,,95.314987,,-68.946999,,,,,26.368,-9.744,,11.589,,0.0,,-1.845,16.624,-0.692,15.932,0.0,,,15.932,0.0,15.932,0.0,,15.932,15.932,,138.100006,0.115,0.115,,138.100006,0.115,0.115,0.115,
03/31/1995,404.69101,,,-287.182007,,,117.509003,,-69.196999,,,,,48.312,-13.477,,12.866,,0.0,,0.611,34.835,-7.081,27.754,0.0,,,27.754,0.0,27.754,0.0,,27.754,27.754,,138.539993,0.2,0.2,,138.539993,0.2,0.2,0.2,
06/30/1995,316.533997,,,-247.520996,,,69.013,,-63.980999,,,,,5.032,-12.231,,12.678,,0.0,,-0.447,-7.199,6.037,-1.162,0.0,,,-1.162,0.0,-1.162,0.0,,-1.162,-1.162,,138.811996,-0.0075,-0.0075,,138.811996,-0.0075,-0.0075,-0.0075,
09/30/1995,270.992004,,,-198.330002,,,72.662003,,-58.203999,,,,,14.458,-14.101,,12.674,,0.0,,1.427,0.357,1.327,1.684,0.0,,,1.684,0.0,1.684,0.0,,1.684,1.684,,139.384003,0.0125,0.0125,,139.384003,0.0125,0.0125,0.0125,
12/31/1995,433.769989,,,-282.949005,,,150.820984,,-75.593002,,,,,75.231003,-130.982997,,11.88,,0.0,,119.102997,-55.751994,29.024,-26.728001,0.0,,,-26.727994,0.0,-26.728001,0.0,,-26.728001,-26.728001,,139.960008,-0.19,-0.19,-0.19,139.960008,-0.19,-0.19,-0.19,
03/31/1996,640.278015,,,-497.053009,,,143.225006,,-73.821999,,,,,69.403,-8.305,,10.474,,0.0,,-2.169,61.098,-22.372,38.726002,0.0,,,38.726,0.0,38.726002,0.0,,38.726002,38.726002,,140.139999,0.2775,0.2775,,140.139999,0.2775,0.2775,0.2775,
06/30/1996,391.766998,,,-316.447998,,,75.319,,-66.335999,,,,,8.983,-7.252,,9.938,,0.0,,-2.686,1.731,-0.803,0.928,0.0,,,0.928,0.0,0.928,0.0,,0.928,0.928,,140.451996,0.0075,0.0075,0.0175,140.451996,0.0075,0.0075,0.0175,
09/30/1996,357.010986,,,-283.747986,,,73.263,,-69.403,,,,,3.86,-11.062,,10.311,,0.0,,0.751,-7.202,3.515,-3.687,0.0,,,-3.687,0.0,-3.687,0.0,,-3.687,-3.687,,141.067993,-0.025,-0.025,,141.067993,-0.025,-0.025,-0.025,
12/31/1996,472.743011,,,-353.287994,,,119.455017,,-72.913002,,,,,46.542,-12.208,,11.102,,0.0,,1.106,34.334,-10.922,23.412001,0.0,,,23.412,0.0,23.412001,0.0,,23.412001,23.412001,,141.339996,0.165,0.165,0.165,141.339996,0.165,0.165,0.165,
03/31/1997,312.480988,,,-175.908997,,,136.571991,,-87.235001,,,,,49.337002,-9.566,,9.723,,0.0,,-0.157,39.771002,-14.533,25.238001,-2.552,,,27.790002,0.0,27.790001,0.0,,27.790001,27.790001,,141.848007,0.195,0.1775,0.1775,141.848007,0.195,0.1775,0.1775,
06/30/1997,177.895996,,,-99.589996,,,78.306,,-69.800003,,,,,8.506,-21.689,,9.219,,0.0,,12.47,-13.183001,5.452,-7.731,1.532,,,-9.263,0.0,-9.263,0.0,,-9.263,-9.263,,141.156006,-0.065,-0.055,-0.005,141.156006,-0.065,-0.055,-0.005,
09/30/1997,165.337006,,,-82.723999,,,82.613007,,-63.540001,,,,,19.073,5.7,,9.714,,0.0,,-15.414,24.773,-8.423,16.35,-0.637,,,16.986999,0.0,16.987,0.0,,16.987,16.987,,144.740005,0.1175,0.1125,0.05,144.740005,0.1175,0.1125,0.05,
12/31/1997,278.320007,,,-207.526993,,,70.793014,,-21.474001,,,,,49.319,16.717001,,6.247,,0.0,,-22.964001,66.036001,-25.705999,40.330002,-2.213,,,42.543002,0.0,42.542999,0.0,,42.542999,42.542999,,147.199996,0.29,0.275,0.275,147.975996,0.2875,0.2725,0.2725,
03/31/1998,283.449,,,-185.584,,,97.865,,-49.544,,,,,48.321,-10.145,9.166,9.166,,0.0,,0.979,38.176,-13.524,24.652,4.604,,,20.048,0.0,20.048,0.0,,20.048,20.048,,147.736,0.135,0.165,0.165,147.736,0.135,0.165,0.165,
06/30/1998,180.764,,,-124.128,,,56.636,,-44.463,,,,,12.173,-8.695015,9.236,9.236,,0.0,,-0.540985,3.477985,-1.203,2.275,0.0,,,2.274985,0.0,2.275,0.0,,2.275,2.275,,148.2,0.015,0.015,0.015,148.2,0.015,0.015,0.015,
09/30/1998,156.73,,,-101.227,,,55.503,,-42.706,,,,,12.797,-8.498,9.415,9.415,,0.0,,-0.917,4.299,-2.262,2.037,0.0,,,2.037,0.0,2.037,0.0,,2.037,2.037,,148.028,0.015,0.015,0.015,148.512,0.015,0.015,0.015,
12/31/1998,248.444,,,-198.975,,,49.469,,-51.321,,,,,-1.852,-93.533,12.483,12.483,,0.0,,81.05,-95.385,39.371,-56.014,12.463,,,-68.477,0.0,-68.477,0.0,,-68.477,-68.477,81.84,146.444,-0.4675,-0.3825,0.11,146.444,-0.4675,-0.3775,0.11,
03/31/1999,417.534,,,-318.355,,,99.179,,-42.955,,,,,56.224,-8.59,9.263,9.263,,0.0,,-0.673,47.634,-17.895,29.739,0.0,,,29.739,0.0,29.739,0.0,,29.739,29.739,,141.032,0.21,0.21,0.21,141.268,0.21,0.21,0.21,
06/30/1999,190.574,,,-121.609,,,68.965,,-48.596,,,,,20.369,-8.388,8.965,8.965,,0.0,,-0.577,11.981,-4.743,7.238,0.0,,,7.238,0.0,7.238,0.0,,7.238,7.238,,135.84,0.0525,0.0525,0.0475,136.608,0.0525,0.0525,0.0475,
09/30/1999,193.181,,,-127.733,,,65.448,,-48.141,,,,,17.307,-7.503,8.559,8.559,,0.0,,-1.056,9.804,-4.074,5.73,0.0,,,5.73,0.0,5.73,0.0,,5.73,5.73,,134.976,0.0425,0.0425,0.0425,137.092,0.0425,0.0425,0.0425,
12/31/1999,261.449,,,-189.148,,,72.301,,-23.448,,,,,48.853,-9.788,10.345,10.345,,0.0,,-0.557,39.065,-12.644,26.421,0.0,,,26.421,0.0,26.421,0.0,,26.421,26.421,,132.08,0.2,0.2,0.2,133.844,0.1975,0.1975,0.1975,
03/31/2000,374.877,,,-249.786,,,125.091,,-49.343,,,,,75.748,-14.361,15.795,15.795,,0.0,,-1.434,61.387,-22.284,39.103,0.0,,,39.103,0.0,39.103,0.0,,39.103,39.103,,130.64,0.3,0.3,0.3,132.44,0.295,0.295,0.295,
06/30/2000,338.436,,,-203.36,,,135.076,0.0,-84.405,23.515,,,60.89,50.671,-25.2,,19.239,,,-0.99,6.951,25.471,-9.246,16.225,,,,16.225,,16.225,0.0,0.0,16.225,16.225,,130.548,0.125,0.125,0.125,132.608,0.1225,0.1225,0.1225,
09/30/2000,335.284,,,-249.406,,,85.878,,-43.252,,,,,42.626,-15.465,21.176,21.176,,0.0,,-5.711,27.161,-8.02,19.141,0.0,,,19.141,0.0,19.141,0.0,0.0,19.141,19.141,,129.876,0.145,0.145,0.145,132.6,0.145,0.145,0.145,
12/31/2000,603.621,,,-431.674,,,171.947,,-126.758,,,,,45.189,4.136,19.451,19.451,,0.0,,-23.587,49.325,-17.621,31.704,0.0,,,31.704,0.0,31.704,0.0,0.0,31.704,31.704,,130.2,0.245,0.245,0.245,130.2,0.2375,0.2375,0.2375,
03/31/2001,851.157,,,-682.699,,,168.458,,-60.185,,,,,108.273,1.464,11.467,11.467,,0.0,,-12.931,109.737,-38.471,71.266,0.0,,,71.266,0.0,71.266,0.0,0.0,71.266,71.266,,129.66,0.55,0.55,0.55,132.876,0.54,0.54,0.54,
06/30/2001,345.544,,,-216.838,,,128.706,0.0,-77.933,30.405,,,47.528,50.773,-2.506,,9.345,,,-6.839,0.0,48.267,-16.83,31.437,,,,31.437,,31.437,0.0,0.0,31.437,31.437,,129.272,0.245,0.245,0.245,133.354,0.235,0.235,0.235,
09/30/2001,165.842,,,-71.247,,,94.595,,-52.698,,,,,41.897,-3.589,10.188,10.188,,0.0,,-6.599,38.308,-13.508,24.8,0.0,,,24.8,0.0,24.8,0.0,0.0,24.8,24.8,,127.824,0.195,0.195,0.195,131.124,0.19,0.19,0.19,
12/31/2001,324.022,,,-203.999,,,120.023,,-66.438,,,,,53.585,-10.366,10.098,10.098,,0.0,,0.268,43.219,-18.914,24.305,0.0,,,24.305,0.0,24.305,0.0,0.0,24.305,24.305,,128.259,0.195,0.195,0.195,128.259,0.195,0.195,0.195,
03/31/2002,294.043,,,-149.934,,,144.109,,-49.891,,,,,94.218,-13.646,9.579,9.579,,0.0,,4.067,80.572,-28.2,52.372,5.519,,,46.853,0.0,46.853,0.0,0.0,46.853,46.853,,127.132,0.37,0.41,0.41,130.126,0.36,0.4,0.4,
06/30/2002,226.671,,,-124.744,,,101.927,,-47.894,,,,,54.033,-11.401,9.259,9.259,,0.0,,2.142,42.632,-13.443,29.189,-9.0,,,38.189,0.0,38.189,0.0,0.0,38.189,38.189,3.642,126.56,0.3,0.23,0.26,129.998,0.295,0.225,0.255,
09/30/2002,214.418,,,-113.664,,,100.754,,-49.879,,,,,50.875,-10.071,9.344,9.344,,0.0,,0.727,40.804,-14.118,26.686,0.0,,,26.686,0.0,26.686,0.0,0.0,26.686,26.686,,124.652,0.215,0.215,0.215,127.336,0.21,0.21,0.21,
12/31/2002,293.802,,,-147.335,,,146.467,,-62.702,,,,,83.765,-19.555,10.605,10.605,,0.0,,8.95,64.21,-21.831,42.379,5.519,,,36.86,0.0,36.86,0.0,0.0,36.86,36.86,0.0,124.816,0.295,0.34,0.34,124.816,0.295,0.34,0.34,
03/31/2003,342.322,,,-181.885,,,160.437,,-51.117,,,,,109.32,-17.625,12.321,12.321,,0.0,,5.304,91.695,-27.216,64.479,3.556,,,60.923,0.0,60.923,0.0,0.0,60.923,60.923,5.5,124.126,0.49,0.52,0.52,126.666,0.48,0.51,0.51,
06/30/2003,218.496,,,-105.651,,,112.845,,-56.028,,,,,56.817,-9.263,10.782,10.782,,0.0,,-1.519,47.554,-16.159,31.395,0.0,,,31.395,0.0,31.395,0.0,0.0,31.395,31.395,5.5,124.116,0.255,0.255,0.255,126.84,0.25,0.25,0.25,
09/30/2003,185.515,,,-76.745,,,108.77,,-54.593,,,,,54.177,-11.152,11.355,11.355,,0.0,,-0.203,43.025,-14.536,28.489,0.0,,,28.489,-0.277,28.212,0.0,0.0,28.212,28.212,5.5,124.106,0.225,0.225,0.225,126.672,0.225,0.225,0.225,
12/31/2003,300.944,,,-151.725,,,149.219,,-67.316,,,,,81.903,-8.286,,11.308,,0.0,,-3.022,73.617,-23.881,49.736,0.0,,,49.736,-0.265,49.471,0.0,0.0,49.471,49.471,,124.09,0.4,0.4,0.39,126.62,0.39,0.39,0.38,
03/31/2004,400.427,,,-219.363,,,181.064,,-61.537,,,,,119.527,-11.358,12.259,12.259,,0.0,,-0.901,108.169,-37.729,70.44,0.0,,,70.44,-0.37,70.07,0.0,0.0,70.07,70.07,,124.512,0.565,0.565,0.565,127.062,0.55,0.55,0.55,
06/30/2004,240.64,,,-115.192,,,125.448,,-78.291,,,,,47.157,151.426,11.503,11.503,,0.0,,-162.929,198.583,-67.397,131.186,0.0,,,131.186,-0.359,130.827,0.0,0.0,130.827,130.827,-100.3,124.038,1.055,1.055,0.25,126.76,1.03,1.03,0.24,
09/30/2004,205.847,,,-85.047,,,120.8,,-56.273,,,,,64.527,-10.357,12.191,12.191,,0.0,,-1.834,54.17,-18.382,35.788,0.0,,,35.788,-0.105,35.683,0.0,0.0,35.683,35.683,,122.838,0.29,0.29,0.29,125.66,0.285,0.285,0.285,
12/31/2004,198.269,,,-74.524,,,123.745,,-65.251,,,,,58.494,34.327,6.567,6.567,,0.0,,-40.894,92.821,-31.445,61.376,18.936,,,42.44,0.834,43.274,0.0,0.0,43.274,43.274,-30.64,122.068,0.355,0.51,0.26,122.068,0.355,0.51,0.26,
03/31/2005,401.276,,,-249.934,,,151.342,,-24.146,23.627,,,0.519,127.196,-10.96,12.187,12.187,,0.0,,-1.227,116.236,-41.445,74.791,-1.615,,,76.406,0.0,76.406,0.0,0.0,76.406,76.406,,242.848,0.315,0.31,0.31,248.7,0.305,0.3,0.3,
06/30/2005,230.194,,,-138.927,,,91.267,,-37.808,30.492,,,7.316,53.459,50.996,9.988,9.988,,0.0,,-60.984,104.455,-46.502,57.953,-6.366,,,64.319,0.0,64.319,0.0,0.0,64.319,64.319,,121.472,0.795,0.72,0.445,123.99,0.78,0.705,0.435,
09/30/2005,229.372,,,-127.438,,,101.934,,-47.245,47.245,,,0.0,54.689,8.722,10.932,10.932,,0.0,,-19.654,63.411,-17.6,45.811,-0.68,,,46.491,0.0,46.491,0.0,0.0,46.491,46.491,,121.181,0.38,0.37,0.33,123.576,0.38,0.37,0.33,
12/31/2005,280.398,,,-119.906,,,160.492,,-69.221,,,,,91.271,21.47,6.835,6.835,,0.0,,-28.305,112.741,-42.035,70.706,-1.481,,,72.187,0.652,72.839,0.0,0.0,72.839,72.839,-18.854444,121.14,0.6,0.59,0.44,121.14,0.6,0.59,0.44,
03/31/2006,430.119,,,-272.757,,,157.362,,-29.705,29.705,,,0.0,127.657,-12.783,12.957,12.957,,0.0,,-0.174,114.874,-42.515,72.359,0.0,,,72.359,0.0,72.359,0.0,0.0,72.359,72.359,,119.579,0.61,0.61,0.61,121.789,0.59,0.59,0.59,
06/30/2006,251.207,,,-151.946,,,99.261,,-25.142,28.05,,,-2.908,74.119,-10.119,9.995,9.995,,0.0,,0.124,64.0,-20.091,43.909,0.0,,,43.909,0.0,43.909,0.0,0.0,43.909,43.909,,120.128,0.37,0.37,0.37,122.044,0.36,0.36,0.36,
09/30/2006,232.801,,,-113.613,,,119.188,0.0,-58.053,32.904,,,25.149,61.135,-12.22,,12.29,,,-0.07,0.0,48.915,-17.12,31.795,,,,31.795,0.0,31.795,0.0,0.0,31.795,31.795,,120.172,0.26,0.26,0.3,122.103,0.26,0.26,0.3,
12/31/2006,353.783,,,-208.879,,,144.904,,-35.292,,,,,109.612,-11.67,11.81,11.81,,0.0,,-0.14,97.942,-29.98,67.962,-4.261,,,72.223,0.0,72.223,0.0,0.0,72.223,72.223,,120.63,0.6,0.56,0.59,122.43,0.59,0.56,0.59,
03/31/2007,456.546,,,-291.395,,,165.151,0.0,-66.297,66.297,,,0.0,98.854,-11.129,,12.28,,,-0.109,-1.042,87.725,-31.107,56.618,,,,56.618,,56.618,0.0,0.0,56.618,56.618,,121.217,0.47,0.47,0.47,122.757,0.46,0.46,0.45,
06/30/2007,293.24,,,-186.238,,,107.002,0.0,-45.483,45.483,,,0.0,61.519,110.584,,9.483,,,-0.666,-119.401,172.103,-64.76,107.343,,,,107.343,,107.343,,0.0,107.343,107.343,,121.356,0.88,0.88,0.27,122.837,0.87,0.87,0.26,
09/30/2007,226.806,,,-137.078,,,89.728,,-32.36,32.198,,,0.162,57.368,-7.93,11.557,11.557,,0.0,,-3.627,49.438,-16.513,32.925,0.0,,,32.925,0.0,32.925,0.0,0.0,32.925,32.925,,121.38,0.27,0.27,0.27,122.838,0.27,0.27,0.27,
12/31/2007,384.814,,,-239.195,,,145.619,,-51.687,51.387,,,0.3,93.932,-1.32,12.065,12.065,,,,-10.745,92.612,-32.015,60.597,,,,60.597,0.0,60.597,0.0,,60.597,60.597,,121.535,0.5,0.5,0.46,122.884,0.49,0.49,0.45,
03/31/2008,535.774,,,-344.055,,,191.719,0.0,-72.296,71.741,,,0.555,119.423,-8.835,,13.653,,0.0,-1.294,-3.524,110.588,-40.068,70.52,0.0,,,70.52,0.0,70.52,0.0,0.0,70.52,70.52,,121.891,0.58,0.58,0.63,122.927,0.57,0.57,0.62,
06/30/2008,334.009,,,-199.384,,,134.625,0.0,-33.492,32.654,,0.0,0.838,101.133,-11.056,,14.327,,0.0,-1.697,-1.574,90.077,-34.686,55.391,0.0,,,55.391,0.0,55.391,0.0,0.0,55.391,55.391,,126.243,0.44,0.44,0.44,127.321,0.44,0.44,0.44,
09/30/2008,297.827,,,-169.792,,,128.035,,-3.508,-38.199,,,41.707,124.527,27.355,13.012,13.012,,0.0,,-40.367,151.882,-55.684,96.198,0.0,,,96.198,0.0,96.198,0.0,0.0,96.198,96.198,,130.54,0.74,0.74,0.74,131.558,0.73,0.73,0.73,
12/31/2008,408.878,,,-278.291,,,130.587,,-56.898,44.9,,,11.998,73.689,-15.712,17.402,17.402,,0.0,,-1.69,57.977,-24.482,33.495,0.0,,,33.495,0.0,33.495,0.0,0.0,33.495,33.495,,130.595,0.26,0.26,0.26,131.298,0.26,0.26,0.26,
03/31/2009,469.403,469.403,,-300.206,255.617,44.589,169.197,0.0,-33.061,29.75,,,3.311,136.136,-17.531,,19.243,,,-1.122,-0.59,118.605,-46.612,71.993,0.0,0.0,0.0,71.993,0.0,71.993,0.0,0.0,71.993,66.43745,-5.55555,130.743,0.55,0.55,0.508153,131.4,0.55,0.55,0.50772,
06/30/2009,238.04,238.04,,-130.531,84.343,46.188,107.509,0.0,-39.995,35.581,,,4.414,67.514,-24.152,,26.46,,,-1.61,-0.698,43.362,-16.717,26.645,0.0,0.0,0.0,26.645,0.0,26.645,0.0,0.0,26.645,26.4981,-0.1469,130.83,0.2,0.2,0.202538,131.443,0.2,0.2,0.198882,
09/30/2009,218.357,218.357,,-113.993,64.287,49.706,104.364,0.0,-64.432,59.906,,,4.526,39.932,-29.932,,32.393,,,-1.95,-0.511,10.0,-7.091,2.909,0.0,0.0,0.0,2.909,0.0,2.909,0.0,0.0,2.909,5.38485,2.47585,130.85,0.02,0.02,0.041153,131.505,0.02,0.02,0.038827,
12/31/2009,344.027,344.027,,-173.699,118.104,55.595,170.328,0.0,-57.119,51.466,,,5.653,113.209,-31.579,,33.683,,,-1.827,-0.277,81.63,-26.248,55.382,0.0,0.0,0.0,55.382,0.0,55.382,0.0,0.0,55.382,53.2192,-2.1628,130.864,0.42,0.42,0.406676,131.567,0.42,0.42,0.403561,
03/31/2010,436.64,436.64,,-226.98,165.101,61.879,209.66,0.0,-40.547,39.212,,,1.335,169.113,-31.08,,34.134,,,-2.527,-0.527,138.033,-49.968,88.065,0.0,0.0,0.0,88.065,0.0,88.065,0.0,0.0,88.065,86.45495,-1.61005,134.084,0.66,0.66,0.644782,135.009,0.65,0.65,0.638074,
06/30/2010,257.515,257.515,,-133.492,68.275,65.217,124.023,0.0,-45.494,44.416,,,1.078,78.529,-31.507,,34.08,,,-2.42,-0.153,47.022,-17.022,30.0,0.0,0.0,0.0,30.0,0.0,30.0,0.0,0.0,30.0,32.7872,2.7872,147.575,0.2,0.2,0.222173,148.289,0.2,0.2,0.218796,
09/30/2010,257.335,257.335,,-133.879,65.331,68.548,123.456,0.0,-35.274,34.333,,,0.941,88.182,-30.937,,33.861,,,-2.646,-0.278,57.245,-20.723,36.522,0.0,0.0,0.0,36.522,0.0,36.522,0.0,0.0,36.522,32.24695,-4.27505,149.133,0.24,0.24,0.216229,149.775,0.24,0.24,0.211457,
12/31/2010,422.905,422.905,,-248.646,174.005,74.641,174.259,0.0,-39.604,37.59,,,2.014,134.655,-21.735,,26.082,,,,-4.347,112.92,-39.807,73.113,0.0,0.0,0.0,73.113,0.0,73.113,0.0,0.0,73.113,73.6447,0.5317,149.152,0.49,0.49,0.493756,149.935,0.49,0.49,0.493546,
03/31/2011,472.695,472.695,,-234.802,156.404,78.398,237.893,0.0,-17.481,38.891,,,-21.41,220.412,-26.048,,32.852,,,-2.358,-4.446,194.364,-72.109,122.255,0.0,0.0,0.0,122.255,0.0,122.255,0.0,0.0,122.255,108.5361,-13.7189,149.271,0.82,0.82,0.727108,150.002,0.82,0.82,0.727108,
06/30/2011,367.791,367.791,,-172.487,90.601,81.886,195.304,0.0,-42.134,40.936,,,1.198,153.17,-15.241,,33.287,,,,-18.046,137.929,-50.175,87.754,0.0,0.0,0.0,87.754,0.0,87.754,0.0,0.0,87.754,78.30105,-9.45295,149.444,0.59,0.59,0.523949,150.111,0.58,0.58,0.517027,
09/30/2011,362.644,362.644,,-182.244,94.901,87.343,180.4,0.0,134.584,44.745,,,-179.329,314.984,-29.405,,32.503,,,,-3.098,285.579,-106.665,178.914,0.0,0.0,0.0,178.914,0.0,178.914,0.0,0.0,178.914,60.0901,-118.8239,149.441,1.2,1.2,0.402099,150.301,1.19,1.19,0.399427,
12/31/2011,436.804,436.804,,-214.784,123.114,91.67,222.02,0.0,-49.267,47.722,,,1.545,172.753,-31.496,,37.686,,,,-6.19,141.257,-50.411,90.846,0.0,0.0,0.0,90.846,0.0,90.846,0.0,0.0,90.846,83.1097,-7.7363,149.45,0.61,0.61,0.556104,150.378,0.6,0.6,0.548554,
03/31/2012,449.96,449.96,,-253.004,145.479,107.525,196.956,0.0,-43.66,42.942,,,0.718,153.296,-36.571,,41.252,,,-2.212,-2.469,116.725,-44.69,72.035,0.0,0.0,0.0,72.035,0.0,72.035,0.0,0.0,72.035,69.71255,-2.32245,149.494,0.48,0.48,0.466323,150.216,0.48,0.48,0.464539,
06/30/2012,337.804,337.804,,-212.735,97.054,115.681,125.069,0.0,-43.665,41.778,,,1.887,81.404,-35.38,,40.629,,,,-5.249,46.024,-14.578,31.446,0.0,0.0,0.0,31.446,,31.446,0.0,0.0,31.446,31.9595,0.5135,149.582,0.21,0.21,0.213659,150.149,0.21,0.21,0.21342,
09/30/2012,364.057,364.057,,-225.465,93.854,131.611,138.592,0.0,-52.831,51.481,,,1.35,85.761,-37.472,,40.46,,,,-2.988,48.289,-11.585,36.704,0.0,0.0,0.0,36.704,-4.831,31.873,0.0,0.0,31.873,32.40535,0.53235,149.604,0.21,0.21,0.216608,150.388,0.21,0.21,0.21354,
12/31/2012,406.273,406.273,,-223.662,85.059,138.603,182.611,0.0,-56.106,50.614,,,5.492,126.505,-60.476,,62.445,,,,-1.969,66.029,-24.721,41.308,-14.918,-14.918,0.0,56.226,-8.185,48.041,0.0,0.0,48.041,32.38525,-0.73775,149.779,0.32,0.22,0.21622,150.825,0.32,0.22,0.215109,
03/31/2013,415.883,415.883,,-227.889,84.853,143.036,187.994,0.0,-43.515,39.785,,,3.73,144.479,-35.471,,37.752,,,,-2.281,109.008,-34.768,74.24,-35.041,-35.041,0.0,109.281,-9.026,100.255,0.0,0.0,100.255,65.69695,0.48295,150.327,0.67,0.44,0.437027,150.949,0.66,0.43,0.433199,
06/30/2013,473.093,473.093,,-250.153,87.68,162.473,222.94,0.0,-60.96,54.822,,,6.138,161.98,-35.343,,37.384,,,,-2.041,126.637,-38.078,88.559,-5.559,-5.559,0.0,94.118,-7.262,86.856,0.0,0.0,86.856,84.73225,3.43525,150.525,0.58,0.54,0.562911,151.393,0.57,0.54,0.562691,
09/30/2013,479.606,479.606,,-259.115,89.642,169.473,220.491,0.0,-53.427,48.171,,,5.256,167.064,-33.244,,35.554,,,,-2.31,133.82,-33.501,100.319,-2.291,-2.291,0.0,102.61,-14.354,88.256,0.0,0.0,88.256,84.34455,-1.62045,150.679,0.59,0.57,0.559763,151.663,0.58,0.57,0.559315,
12/31/2013,493.429,493.429,,-270.536,92.386,178.15,222.893,0.0,-41.812,58.071,,,-16.259,181.081,-29.388,,31.998,,0.0,,-2.61,151.693,-73.159,78.534,-53.272,-53.272,0.0,131.806,-16.601,115.205,0.0,0.0,115.205,47.53875,-14.39425,150.772,0.76,0.41,0.315302,153.017,0.75,0.4,0.30593,
03/31/2014,661.625,670.979,-9.354,-254.447,102.336,152.111,407.178,0.0,-50.387,48.968,,,1.419,356.791,-29.417,,31.968,,0.0,,-2.551,327.374,-116.335,211.039,0.104,0.104,0.0,210.935,-18.742,192.193,0.0,0.0,192.193,191.2102,-1.0868,151.371,1.27,1.27,1.263189,152.759,1.26,1.26,1.252886,
06/30/2014,526.168,534.693,-8.525,-268.411,111.192,157.219,257.757,0.0,-32.986,63.283,,,-30.297,224.771,-29.294,,31.873,,0.0,,-2.579,195.477,-59.089,136.388,-1.876,-1.876,0.0,138.264,-27.343,110.921,0.0,0.0,110.921,95.25135,-13.79365,151.744,0.73,0.72,0.627711,152.57,0.73,0.72,0.627711,
09/30/2014,578.723,576.902,1.821,-286.483,110.905,175.578,292.24,0.0,-60.737,57.131,,,3.606,231.503,-34.713,,35.717,,0.0,,-1.004,196.79,-64.496,132.294,0.0,0.0,0.0,132.294,-33.739,98.555,0.0,0.0,98.555,77.6081,-20.9469,151.557,0.65,0.65,0.512072,152.33,0.65,0.65,0.512072,
12/31/2014,637.966,606.194,31.772,-313.931,119.541,194.39,324.035,0.0,-283.705,68.752,,,214.953,40.33,-36.26,,36.979,,0.0,,-0.719,4.07,25.828,29.898,0.401,0.401,0.0,29.497,-44.201,-14.704,0.0,0.0,-14.704,71.579578,85.882578,151.605,-0.1,-0.1,0.472145,152.633,-0.1,-0.1,0.462674,
03/31/2015,677.958,671.223,6.735,-320.124,125.379,194.745,357.834,0.0,-43.075,63.126,,,-20.051,314.759,-36.277,,37.216,,0.0,,-0.939,278.482,-57.314,221.168,0.0,0.0,0.0,221.168,-47.741,173.427,0.0,0.0,173.427,163.53,-9.897,152.036,1.14,1.14,1.075601,152.756,1.14,1.14,1.07521,
06/30/2015,465.19,435.329,29.861,-329.728,132.909,196.819,135.462,0.0,-102.428,65.404,,,37.024,33.034,-34.144,,36.833,,0.0,,-2.689,-1.11,64.857,63.747,0.0,0.0,0.0,63.747,-58.211,5.536,0.0,0.0,5.536,-9.226,-14.762,152.454,0.04,0.04,-0.060517,152.877,0.04,0.04,-0.060517,
09/30/2015,453.785,422.715,31.07,-345.113,136.886,208.227,108.672,0.0,61.383,60.633,,,-122.016,170.055,-33.886,,36.547,,0.0,,-2.661,136.169,-35.936,100.233,0.0,0.0,0.0,100.233,-59.446,40.787,0.0,0.0,40.787,-28.13515,-68.92215,152.551,0.27,0.27,-0.184431,152.854,0.27,0.27,-0.184431,
12/31/2015,528.641,424.732,103.909,-347.293,127.868,219.425,181.348,0.0,-136.057,60.762,0.0,,75.295,45.291,-32.271,,35.935,,0.0,,-3.664,13.02,-76.282,-63.262,0.0,0.0,0.0,-63.262,-71.317,-134.579,0.0,0.0,-134.579,-147.318558,-12.739558,152.633,-0.88,-0.88,-0.965182,152.633,-0.88,-0.88,-0.965182,
03/31/2016,544.743,436.074,108.669,-356.803,135.572,221.231,187.94,0.0,-60.739,57.942,,,2.797,127.201,-31.34,,36.18,,0.0,,-4.84,95.861,-7.436,88.425,0.0,0.0,0.0,88.425,-82.789,5.636,0.0,0.0,5.636,10.541,4.905,156.72,0.04,0.04,0.06726,157.195,0.04,0.04,0.06726,
06/30/2016,447.768,362.224,85.544,-371.133,146.504,224.629,76.635,0.0,-401.127,77.299,,,323.828,-324.492,-28.661,,36.305,,0.0,,-7.644,-353.153,172.346,-180.807,0.0,0.0,0.0,-180.807,-77.838,-258.645,0.0,0.0,-258.645,-63.210984,195.434016,166.801,-1.55,-1.55,-0.37896,166.801,-1.55,-1.55,-0.37896,
09/30/2016,490.099,463.37,26.729,-384.168,147.08,237.088,105.931,0.0,2.526,61.43,,,-63.956,108.457,-25.269,,35.984,,0.0,,-10.715,83.188,-13.084,70.104,0.0,0.0,0.0,70.104,-78.12,-8.016,0.0,0.0,-8.016,-47.859,-39.843,172.867,-0.05,-0.05,-0.276854,172.867,-0.05,-0.05,-0.280484,
12/31/2016,430.728,374.377,56.351,-798.708,625.205,173.503,-367.98,0.0,-298.214,22.275,,,275.939,-666.194,-53.964,,22.69,,0.0,,31.274,-720.158,210.943,-509.215,-400.43,-400.43,0.0,-108.785,-83.173,-191.958,0.0,0.0,-191.958,-352.01582,240.37218,171.524,-1.119132,-3.453674,-2.052283,171.524,-1.119132,-3.453674,-2.052283,
03/31/2017,744.986,753.427,-8.441,-428.113,196.195,231.918,316.873,0.0,74.104,71.957,,,-146.061,390.977,-39.607,,42.655,,0.0,,-3.048,351.37,-100.665,250.705,0.0,0.0,0.0,250.705,-86.713,163.992,0.0,0.0,163.992,75.879,-88.113,173.213,0.95,0.95,0.438068,173.511,0.95,0.95,0.438068,
06/30/2017,653.075,642.416,10.659,-438.226,197.409,240.817,214.849,0.0,-24.722,52.67,,,-27.948,190.127,-37.773,44.078,44.078,0.0,,,-6.305,152.354,-29.709,122.645,0.0,0.0,0.0,122.645,-81.519,41.126,0.0,0.0,41.126,31.927002,-9.198998,173.462,0.24,0.24,0.184058,173.582,0.24,0.24,0.184058,
09/30/2017,637.646,623.788,13.858,-441.881,195.321,246.56,195.765,0.0,-57.738,66.263,,,-8.525,138.027,-43.851,50.377,50.377,0.0,0.0,,-6.526,94.176,11.281,105.457,0.0,0.0,0.0,105.457,-82.117,23.34,0.0,0.0,23.34,16.83415,-6.50585,173.476,0.13,0.13,0.09704,173.675,0.13,0.13,0.09254,
12/31/2017,914.313,866.211,48.102,-716.261,393.591,322.67,198.052,0.0,-100.795,56.003,0.0,,44.792,97.257,-68.249,55.731,55.731,0.0,0.0,,12.518,29.008,1247.682,1276.69,-102.645,-102.645,0.0,1379.335,-99.264,1280.071,0.0,0.0,1280.071,31.713,-1145.713,218.937,5.85,5.377922,0.14485,219.712,5.83,5.36282,0.14485,
03/31/2018,1211.049,1249.444,-38.395,-867.984,475.291,392.693,343.065,0.0,-2293.397,39.815,,,2253.582,-1950.332,-58.041,57.911,57.911,0.0,,,0.13,-2008.373,429.84,-1578.533,-133.554,-133.554,0.0,-1444.979,-141.015,-1585.994,0.0,0.0,-1585.994,37.537,1757.085,264.877,-5.987662,-6.491874,0.141715,264.877,-5.987662,-6.491874,0.141715,
06/30/2018,1030.295,1004.545,25.75,-847.641,475.932,371.709,182.654,0.0,-297.304,62.959,,,234.345,-114.65,-57.25,57.12,57.12,0.0,,,0.13,-171.9,94.922,-76.978,-213.324,-213.324,0.0,136.346,-118.54,17.806,0.0,0.0,17.806,-84.966,110.552,265.03,0.07,-0.734529,-0.32059,265.154,0.07,-0.734529,-0.32059,
09/30/2018,1038.818,1053.121,-14.303,-851.497,463.481,388.016,187.321,0.0,-334.772,51.816,,,282.956,-147.451,-51.857,56.18,56.18,0.0,,,-4.323,-199.308,71.961,-127.347,-190.795,-190.795,0.0,63.448,-103.141,-39.693,0.0,0.0,-39.693,-61.641,168.847,259.56,-0.15,-0.49,0.159886,259.56,-0.15,-0.49,0.159886,
12/31/2018,1231.453,1429.349,-197.896,-894.692,478.072,416.62,336.761,0.0,-907.452,129.63,,,777.822,-570.691,-127.159,57.747,57.747,0.0,,,69.412,-697.85,99.788,-598.062,163.911,163.911,0.0,-761.973,125.286,-636.687,0.0,0.0,-636.687,326.929,799.705,254.642,-2.5,-2.35,1.283877,254.642,-2.5,-2.35,0.790507,
03/31/2019,1213.972,1275.169,-61.197,-873.767,482.654,391.113,340.205,0.0,-164.749,48.978,,,115.771,175.456,53.469,56.573,56.573,0.0,,,-110.042,228.925,-38.234,190.691,0.0,0.0,0.0,190.691,0.0,190.691,0.0,0.0,190.691,211.872999,21.181999,254.879,0.75,0.75,0.831269,255.226,0.75,0.75,0.831269,
06/30/2019,960.53,902.617,57.913,-845.713,473.3,372.413,114.817,0.0,181.213,86.208,,,-267.421,296.03,-131.599,50.503,50.503,0.0,,,81.096,164.431,-38.865,125.566,0.0,0.0,0.0,125.566,0.0,125.566,0.0,0.0,125.566,21.997,-103.569,255.099,0.49,0.49,0.086229,255.223,0.49,0.49,0.084202,
09/30/2019,943.307,771.263,172.044,-866.756,475.763,390.993,76.551,0.0,-238.08,79.376,,,158.704,-161.529,-285.842,47.709,47.709,0.0,,,238.133,-447.371,86.343,-361.028,0.0,0.0,0.0,-361.028,0.0,-361.028,0.0,0.0,-361.028,-14.349,346.679,255.235,-1.41,-1.41,-0.056219,255.235,-1.41,-1.41,-0.056219,
12/31/2019,948.356,850.801,97.555,-859.046,474.82,384.226,89.31,0.0,-1551.377,38.444,,,1512.933,-1462.067,-81.389,45.066,45.066,0.0,,,36.323,-1543.456,366.532,-1176.924,0.0,0.0,0.0,-1176.924,0.0,-1176.924,0.0,0.0,-1176.924,-7.173,1169.751,255.384,-4.61,-4.61,-0.028087,255.384,-4.61,-4.61,-0.029639,
03/31/2020,959.802,717.621,242.181,-837.74,480.214,357.526,122.062,0.0,1.296,34.938,,,-36.234,123.358,-257.675,62.374,62.374,0.0,,,195.301,-134.317,-32.822,-167.139,0.0,0.0,0.0,-167.139,0.0,-167.139,0.0,0.0,-167.139,35.893,203.032,255.435,-0.65,-0.65,0.140517,255.435,-0.65,-0.65,0.140517,
06/30/2020,818.117,500.648,317.469,-767.061,443.965,323.096,51.056,0.0,-437.968,43.341,,,394.627,-386.912,20.834,65.386,65.386,0.0,,,-86.22,-366.078,103.003,-263.075,0.0,0.0,0.0,-263.075,0.0,-263.075,0.0,0.0,-263.075,-75.468186,187.606814,255.524,-1.03,-1.03,-0.295347,255.524,-1.03,-1.03,-0.295796,
09/30/2020,865.667,,,,,,7.9641364,,,,,,,-16.0,,,,,,,,-61.15,,-51.75,,,,,,-51.75,,,-51.75,-44.343,,,-0.152,-0.152,-0.225,,-0.152,-0.152,-0.225,
12/31/2020,936.667,,,,,,10.0223369,,,,,,,45.0,,,,,,,,0.825,,3.025,,,,,,3.025,,,3.025,2.3,,,0.052,0.052,0.009,,0.052,0.052,0.009,
