Date,Revenue,Sales & Services Revenue,Cost of Revenue,Cost of Goods & Services,Gross Profit,Other Operating Income,Operating Expenses,"Selling, General & Admin",Research & Development,Other Operating Expense,Operating Income (Loss),Non-Operating (Income) Loss,"Interest Expense, Net",Interest Expense,Interest Income,Foreign Exch (Gain) Loss,(Income) Loss from Affiliates,Other Non-Op (Income) Loss,Pretax Income,Income Tax Expense (Benefit),Income (Loss) from Cont Ops,Net Extraordinary Losses (Gains),Discontinued Operations,XO & Accounting Changes,Income (Loss) Incl. MI,Minority Interest,"Net Income, GAAP",Preferred Dividends,Other Adjustments,"Net Income Avail to Common, GAAP","Net Income Avail to Common, Adj",Net Abnormal Losses (Gains),Basic Weighted Avg Shares,"Basic EPS, GAAP",Basic EPS from Cont Ops,"Basic EPS from Cont Ops, Adjusted",Diluted Weighted Avg Shares,"Diluted EPS, GAAP",Diluted EPS from Cont Ops,"Diluted EPS from Cont Ops, Adjusted",Source: Bloomberg
03/31/1991,11.009999,,,,,,,,,,,,,,,,,,,,,,,,,,0.584,,,0.584,0.584,,335.999969,0.001875,0.001875,,335.999969,0.001875,0.001875,0.001875,
06/30/1991,11.796999,,,,,,,,,,,,,,,,,,,,,,,,,,0.859,,,0.859,0.859,,335.999969,0.0025,0.0025,,335.999969,0.0025,0.0025,0.0025,
09/30/1991,11.753999,,,,,,,,,,,,,,,,,,,,,,,,,,0.738,,,0.738,0.738,,335.999969,0.002188,0.002188,,335.999969,0.002188,0.002188,0.002188,
12/31/1991,12.494002,,-35.491001,,-22.996999,,-6.957,,,,4.607,0.043,,0.146,,0.0,,-0.189,4.65,-1.784,2.866,0.0,,,2.866,0.0,0.685,0.0,,0.685,0.685,,,0.002031,0.002031,,,0.002031,0.002031,0.002031,
03/31/1992,14.939,,-11.727,,3.212,,-1.922,,,,1.29,0.007,,0.031,,0.0,,-0.038,1.297,-0.495,0.802,0.0,,,0.802,0.0,0.802,0.0,,0.802,0.802,,336.0,0.002188,0.002188,,336.0,0.002188,0.002188,0.002188,
06/30/1992,16.85,,-13.058,,3.792001,,-2.021,,,,1.771,0.039,,0.028,,0.0,,-0.067,1.81,-0.672,1.138,0.0,,,1.138,0.0,1.138,0.0,,1.138,1.138,,378.687988,0.002969,0.002969,,378.687988,0.002969,0.002969,0.002969,
09/30/1992,18.714001,,-14.578,,4.136001,,-2.205,,,,1.931,0.17,,0.0,,0.0,,-0.17,2.101,-0.788,1.313,0.0,,,1.313,0.0,1.313,0.0,,1.313,1.313,,464.0,0.002813,0.002813,,464.0,0.002813,0.002813,0.002813,
12/31/1992,20.356001,,-15.489,,4.867001,,-2.829,,,,2.038,0.13,,0.0,,0.0,,-0.13,2.168,-0.798,1.37,0.0,,,1.37,0.0,1.37,0.0,,1.37,1.37,,438.4,0.003281,0.003281,0.003281,438.4,0.003281,0.003281,0.003281,
03/31/1993,26.714001,,-20.927999,,5.786001,,-3.262,,,,2.524,0.072,,0.0,,0.0,,-0.072,2.596,-0.978,1.618,0.0,,,1.618,0.0,1.618,0.0,,1.618,1.618,,470.399994,0.003437,0.003437,,470.399994,0.003437,0.003437,0.003437,
06/30/1993,29.500999,,-23.062,,6.438999,,-3.421,,,,3.018,0.046,,0.0,,0.0,,-0.046,3.064,-1.153,1.911,0.0,,,1.911,0.0,1.911,0.0,,1.911,1.911,,470.399994,0.004062,0.004062,,470.399994,0.004062,0.004062,0.004062,
09/30/1993,30.711,,-23.214001,,7.497,,-3.757,,,,3.74,-0.018,,0.071,,0.0,,-0.053,3.722,-1.484,2.238,0.0,,,2.238,0.0,2.238,0.0,,2.238,2.238,,470.399994,0.004688,0.004688,,470.399994,0.004688,0.004688,0.004688,
12/31/1993,177.942001,,-169.194,,8.748001,,-5.151,,,,3.597,0.065,,,,0.0,,-0.065,3.662,-1.33,2.332,0.0,,,2.332,0.0,2.332,0.0,,2.332,2.332,,470.464,0.005,0.005,0.005,470.464,0.005,0.005,0.005,
03/31/1994,83.082001,,-73.364998,,9.717003,,-5.448,,,,4.269,0.055,,0.006,,0.0,,-0.061,4.324,-1.643,2.681,0.0,,,2.681,0.0,2.681,0.0,,2.681,2.681,,471.040009,0.005625,0.005625,,471.040009,0.005625,0.005625,0.005625,
06/30/1994,89.969002,,-79.022003,,10.946999,,-6.182,,,,4.765,0.072,,0.003,,0.0,,-0.075,4.837,-1.92,2.917,0.0,,,2.917,0.0,2.917,0.0,,2.917,2.917,,471.488007,0.00625,0.00625,,471.488007,0.00625,0.00625,0.00625,
09/30/1994,100.699997,,-88.056,,12.643997,,-6.981,,,,5.663,0.066,,0.036,,0.0,,-0.102,5.729,-2.216,3.513,0.0,,,3.513,0.0,3.513,0.0,,3.513,3.513,,486.015991,0.006875,0.006875,,486.015991,0.006875,0.006875,0.006875,
12/31/1994,110.752998,,-97.708,,13.044998,,-7.271,,,,5.774,0.112,,0.023,,0.0,,-0.135,5.886,-2.274,3.612,0.0,,,3.612,0.0,3.612,0.0,,3.612,3.612,,487.136,0.0075,0.0075,0.0075,487.136,0.0075,0.0075,0.0075,
03/31/1995,118.029999,,-102.220001,,15.809998,,-8.983,,,,6.827,0.134,,0.035,,0.0,,-0.169,6.961,-2.696,4.265,0.0,,,4.265,0.0,4.265,0.0,,4.265,4.265,,487.743988,0.00875,0.00875,,487.743988,0.00875,0.00875,0.00875,
06/30/1995,135.154007,,-118.540001,,16.614006,,-9.386,,,,7.228,0.162,,0.034,,0.0,,-0.196,7.39,-2.864,4.526,0.0,,,4.526,0.0,4.526,0.0,,4.526,4.526,,487.29599,0.009375,0.009375,,487.29599,0.009375,0.009375,0.009375,
09/30/1995,138.518005,,-121.955002,,16.563004,,-9.199,,,,7.364,0.224,,0.006,,0.0,,-0.23,7.588,-2.756,4.832,0.0,,,4.832,0.0,4.832,0.0,,4.832,4.832,,489.312012,0.009688,0.009688,,489.312012,0.009688,0.009688,0.009688,
12/31/1995,152.757996,,-135.567993,,17.190003,,-9.732,,,,7.458,0.237,,0.011,,0.0,,-0.248,7.695,-2.991,4.704,0.0,,,4.704,0.0,4.704,0.0,,4.704,4.704,,493.152,0.009687,0.009687,0.009687,493.152,0.009687,0.009687,0.009687,
03/31/1996,168.389008,,-148.985001,,19.404007,,-10.387,,,,9.017,0.222,,0.013,,0.0,,-0.235,9.239,-3.659,5.58,0.0,,,5.58,0.0,5.58,0.0,,5.58,5.58,,482.59201,0.011563,0.011563,0.011563,495.455994,0.01125,0.01125,0.01125,
06/30/1996,184.723999,,-162.796997,,21.927002,,-12.255,,,,9.672,0.892,,0.013,,0.0,,-0.905,10.564,-4.161,6.403,0.0,,,6.403,0.0,6.403,0.0,,6.403,6.403,,512.255981,0.0125,0.0125,0.0125,530.208008,0.012187,0.012187,0.012187,
09/30/1996,194.324005,,-172.315994,,22.008011,,-11.668,,,,10.34,1.104,,0.013,,0.0,,-1.117,11.444,-4.43,7.014,0.0,,,7.014,0.0,7.014,0.0,,7.014,7.014,,535.64801,0.013125,0.013125,0.013125,535.64801,0.013125,0.013125,0.013125,
12/31/1996,226.177994,,-200.783997,,25.393997,,-14.793,,,,10.601,1.232,,0.02,,0.0,,-1.252,11.833,-4.682,7.151,0.0,,,7.151,0.0,7.151,0.0,,7.151,7.151,,523.392032,0.01375,0.01375,0.01375,531.552,0.013437,0.013437,0.013437,
03/31/1997,261.98999,,-237.298004,,24.691986,,-13.298,,,,11.394,1.241,,0.018,,0.0,,-1.259,12.635,-4.994,7.641,0.0,,,7.641,0.0,7.641,0.0,,7.641,7.641,,520.544006,0.014687,0.014687,0.014687,525.952026,0.014375,0.014375,0.014375,
06/30/1997,300.515015,,-274.906006,,25.609009,,-13.733,,,,11.876,1.285,,0.018,,0.0,,-1.303,13.161,-5.03,8.131,0.0,,,8.131,0.0,8.131,0.0,,8.131,8.131,,520.447998,0.015625,0.015625,0.015625,527.231995,0.015625,0.015625,0.015625,
09/30/1997,319.937012,,-291.589996,,28.347015,,-15.758,,,,12.589,1.58,,0.029,,0.0,,-1.609,14.169,-5.556,8.613,0.0,,,8.612999,0.0,8.613,0.0,,8.613,8.613,,524.799988,0.01625,0.01625,0.01625,531.007996,0.01625,0.01625,0.01625,
12/31/1997,348.191986,,-315.372986,,32.819,,-19.827999,,,,12.991,1.75,,0.16,,0.0,,-1.91,14.741,-5.697,9.044,0.0,,,9.044,0.0,9.044,0.0,,9.044,9.044,,527.64801,0.017188,0.017188,0.017188,534.59198,0.016875,0.016875,0.016875,
03/31/1998,371.362,,-338.492004,,32.869995,,-18.826,,,,14.044,2.124,,0.014,,0.0,,-2.138,16.168,-6.29,9.878,0.0,,,9.878,0.0,9.878,0.0,,9.878,9.878,,528.864014,0.01875,0.01875,0.01875,537.280029,0.018437,0.018437,0.018437,
06/30/1998,807.406006,,-743.557007,,63.848999,,-39.265999,,,,24.583,-6.767,,6.867,,0.0,,-0.1,17.816,-8.248,9.568,0.0,,,9.568,0.0,9.568,0.0,,9.568,9.568,,529.599976,0.018125,0.018125,0.02,538.271973,0.017812,0.017812,0.019687,
09/30/1998,807.31897,,-738.544006,,68.774963,,-43.153,,,,25.622,-5.118,,6.912,,0.0,,-1.794,20.504,-9.201,11.303,0.0,,,11.302999,0.0,11.303,0.0,,11.303,11.303,,529.952026,0.02125,0.02125,0.02125,538.911987,0.02125,0.02125,0.02125,
12/31/1998,838.784973,,-764.403992,,74.380981,,-47.744999,,,,26.636,-4.884,,6.437,,0.0,,-1.553,21.752,-9.827,11.925,0.0,,,11.925,0.0,11.925,0.0,,11.925,11.925,,530.320007,0.0225,0.0225,0.0225,542.192017,0.021875,0.021875,0.021875,
03/31/1999,899.086975,,-823.646973,,75.440002,,-46.439999,,,,29.0,-4.829,,6.222,-1.393,0.0,,0.0,24.171,-10.628,13.543,0.0,,,13.543,0.0,13.543,0.0,,13.543,13.543,,531.375977,0.025625,0.025625,0.025625,546.463989,0.025,0.025,0.025,
06/30/1999,996.749023,,-869.989014,,126.76001,,-81.897003,,,,44.862999,-31.187001,,23.231001,-1.444,0.0,,9.4,13.675998,-6.658,7.018,6.597,,,0.420998,0.0,0.421,0.0,,0.421,0.421,,544.880005,0.000625,0.0125,0.02375,559.231995,0.000625,0.0125,0.023125,
09/30/1999,1083.495972,,-958.987,,124.508972,,-78.761002,,,,45.748001,-14.729,,15.794,-1.065,0.0,,0.0,31.019001,-13.471,17.548,0.553,,,16.995002,0.0,16.995001,0.0,,16.995001,16.995001,,615.679993,0.0275,0.02875,0.02875,629.664001,0.026875,0.028125,0.028125,
12/31/1999,1305.771973,,-1174.281982,,131.48999,,-87.096001,,,,44.394001,152.205995,,14.763,-1.861,0.0,,-165.107994,196.599996,-77.341003,119.259003,0.0,,,119.258992,0.0,119.259003,0.0,,119.259003,119.259003,,616.512024,0.19375,0.19375,0.031875,630.447998,0.189375,0.189375,0.03125,
03/31/2000,1472.540039,,-1343.062988,,129.477051,,-83.371002,,,,46.105999,-9.851,,14.201,-1.381,0.0,,-2.969,36.254999,-14.823,21.431999,0.0,,,21.431999,0.0,21.431999,0.0,0.0,21.431999,21.431999,,616.640016,0.035,0.035,0.035,627.296016,0.034375,0.034375,0.034375,
06/30/2000,1650.250977,,-1515.963989,,134.286987,,-87.420998,,,,46.866001,-163.520997,,13.183,-2.046,0.0,,152.383997,-116.654996,42.478001,-74.176003,0.0,,,-74.176995,0.0,-74.177002,0.0,,-74.177002,-74.177002,,604.992004,-0.1225,-0.1225,0.0375,616.112,-0.120625,-0.120625,0.036875,
09/30/2000,1732.151001,,-1603.650024,,128.500977,,-82.686996,,,,45.813999,-3.749,,10.861,-2.774,0.0,,-4.338,42.064999,-17.292,24.773001,0.898,,,23.874999,0.0,23.875,0.0,0.0,23.875,23.875,,613.296021,0.03875,0.04,0.04,628.640015,0.038125,0.039375,0.039375,
03/31/2001,2090.54,,-1945.641,,144.899,0.0,-89.798,89.798,,0.0,55.101,-7.734,7.734,9.144,-1.41,,,0.0,47.367,-19.288,28.079,,,,28.079,0.0,28.079,0.0,0.0,28.079,28.079,,1240.64,0.0225,0.0225,0.0225,1274.144,0.021875,0.021875,0.021875,
06/30/2001,2247.343018,,-2097.059082,,150.283936,0.0,-92.589996,92.59,,-4e-06,57.694,-7.013,6.355,8.629,-2.274,0.0,0.658,0.0,50.681,-20.437,30.243999,0.0,,,30.244,0.0,30.243999,0.0,0.0,30.243999,30.243999,,624.080016,0.04875,0.04875,0.04875,641.023984,0.0475,0.0475,0.0475,
09/30/2001,2381.252,,-2236.799,,144.453,0.0,-84.222,84.222,,0.0,60.231,-7.015,6.58,8.417,-1.837,,0.435,0.0,53.216,-20.653,32.563,0.372,,,32.191,0.0,32.191,0.0,0.0,32.191,32.191,,627.056,0.05125,0.05125,0.05125,644.896,0.05,0.05,0.05,
12/31/2001,1868.86499,,-1712.632855,,156.232135,0.0,-92.081007,92.081007,,0.0,64.151,-7.170998,6.43,8.029,-1.599,0.0,0.741,-2e-06,56.98,-22.794,34.186001,0.0,,,34.186,0.0,34.185999,0.0,0.0,34.185999,34.185999,,619.824,0.055,0.055,0.055,633.48,0.05375,0.05375,0.05375,
03/31/2002,2551.021973,,-2376.36499,,174.656982,,-96.387001,,,,78.269997,-8.105,,8.128,-1.06,0.0,,1.037,70.164996,-26.195999,43.969002,0.0,,,43.968997,0.0,43.969002,0.0,0.0,43.969002,43.969002,,621.487976,0.07125,0.07125,0.07125,636.599976,0.06875,0.06875,0.06875,
06/30/2002,3167.523926,,-2955.419922,,212.104004,,-121.310997,,,,90.792999,-11.368,10.335,11.654,-1.319,0.0,1.033,0.0,79.424999,-30.725,48.700001,0.0,,,48.699999,0.0,48.700001,0.0,0.0,48.700001,48.700001,,626.936,0.0775,0.0775,0.0775,642.216,0.07625,0.07625,0.07625,
09/30/2002,3187.458008,,-2975.996094,,211.461914,,-112.162003,,,,99.300003,-12.388,,12.555,-1.391,0.0,,1.224,86.912003,-33.470001,53.442001,0.0,,,53.442002,0.0,53.442001,0.0,0.0,53.442001,53.442001,,622.632019,0.08625,0.08625,0.08625,635.59198,0.08375,0.08375,0.08375,
12/31/2002,3364.509093,,-3139.313994,,225.195099,0.0,-121.831999,121.831999,,0.0,103.363001,-11.862,10.607,11.553,-0.946,0.0,1.255,1e-06,91.501,-34.776,56.724996,0.0,,,56.725,0.0,56.724996,0.0,0.0,56.724996,56.724996,,620.655936,0.091395,0.091395,0.091395,634.936048,0.08934,0.08934,0.08934,
03/31/2003,3223.980957,,-3014.36792,,209.613037,,-101.786003,,,,107.827003,-11.373,,10.702,-0.868,0.0,,1.539,96.454004,-36.805,59.648998,1.028,,,58.621004,0.0,58.620998,0.0,0.0,58.620998,58.620998,,620.375977,0.095,0.09625,0.09625,632.599976,0.0925,0.09375,0.09375,
06/30/2003,3334.197021,,-3116.961914,,217.235107,,-106.955002,,,,110.279999,-14.864,,14.04,-0.721,0.0,,1.545,95.415999,-36.41,59.006001,0.0,,,59.005999,0.0,59.006001,0.0,0.0,59.006001,59.006001,,626.687992,0.09375,0.09375,0.09875,640.168032,0.0925,0.0925,0.0975,
09/30/2003,3248.602051,,-3041.824951,,206.7771,,-93.286003,,,,113.490997,-9.11,,8.43,-0.756,0.0,,1.436,104.380997,-39.839001,64.542,0.0,,,64.541996,0.0,64.542,0.0,0.0,64.542,64.542,,629.328003,0.1025,0.1025,0.1025,640.184021,0.10125,0.10125,0.10125,
12/31/2003,3487.737,,-3255.024,,232.713,0.0,-115.186,115.186,,0.0,117.527,-8.476,7.2,8.245,-1.045,0.0,1.276,0.0,109.051,-41.62,67.431,,,,67.431,0.0,67.431,0.0,0.0,67.431,67.431,,618.92,0.10875,0.10875,0.10875,628.104,0.1075,0.1075,0.1075,
03/31/2004,3627.814941,,-3406.028076,,221.786865,,-95.244003,,,,126.542999,-13.226,,12.71,-0.824,0.0,,1.34,113.316999,-43.354,69.962997,0.0,,,69.962999,0.0,69.962997,0.0,0.0,69.962997,69.962997,,618.664001,0.1125,0.1125,0.11,628.567993,0.11125,0.11125,0.11,
06/30/2004,3779.504883,,-3555.98291,,223.521973,,-96.723,,,,126.799004,-20.819,,20.16,-0.801,0.0,,1.46,105.980004,-40.560001,65.419998,0.0,,,65.420002,0.0,65.419998,0.0,0.0,65.419998,65.419998,,618.031982,0.10375,0.10375,0.1175,628.416016,0.10375,0.10375,0.1175,
09/30/2004,3767.689941,,-3532.280029,,235.409912,,-105.806,,,,129.604004,-29.335,,4.248,-0.867,0.0,,25.954,100.269004,-38.352001,61.917,0.0,,,61.917003,0.0,61.917,0.0,0.0,61.917,61.917,,609.007996,0.10125,0.10125,0.12625,617.40802,0.1,0.1,0.125,
12/31/2004,3939.718,,-3676.247,,263.471,,-128.43,,,,135.05,21.031,,4.554,-1.345,0.0,,-24.24,156.081,-50.17,80.907,0.0,,,105.911,0.0,80.907,0.0,0.0,80.907,80.907,,598.48,0.13375,0.13375,0.13375,607.52,0.13375,0.13375,0.13375,
03/31/2005,3839.122,,-3574.158,,264.964,,-126.631,126.631,,0.0,138.333,-3.8,3.147,4.747,-1.6,0.0,0.653,0.0,134.533,-49.257,85.276,0.0,,,85.276,0.0,85.276,0.0,0.0,85.276,85.276,,589.072,0.145,0.145,0.14125,597.048,0.1425,0.1425,0.13875,
06/30/2005,3944.254,,-3667.507,,276.747,,-128.353,128.353,,0.0,148.394,-2.873,2.231,4.683,-2.452,0.0,0.642,0.0,145.521,-43.521,102.0,0.0,,,102.0,0.0,102.0,0.0,0.0,102.0,102.0,,593.14,0.1725,0.1725,0.155,602.128,0.17,0.17,0.15,
09/30/2005,3847.642,,-3554.442,,293.2,,-132.067,132.067,,0.0,161.133,-2.229,1.596,5.102,-3.506,0.0,0.633,0.0,158.904,-57.21,101.694,0.0,,,101.694,0.0,101.694,0.0,0.0,101.694,101.694,,585.248,0.175,0.175,0.1725,595.432,0.17,0.17,0.1675,
12/31/2005,4634.982,,-4270.893,,364.089,,-168.949,,,,195.14,-19.098,,22.468,-3.442,0.0,,0.072,176.042,-65.012,111.03,0.0,,,111.03,0.0,111.03,0.0,0.0,111.03,111.03,,588.0,0.1875,0.1875,0.1925,592.0,0.1875,0.1875,0.1925,
03/31/2006,4444.6,,-4100.0,,344.6,,-161.1,161.1,,0.0,183.5,-16.0,15.5,20.5,-5.0,0.0,0.5,0.0,167.5,-62.8,104.7,0.0,,,104.7,0.0,104.7,0.0,0.0,104.7,104.7,0.0,586.0,0.1775,0.1775,0.1775,596.4,0.175,0.175,0.175,
06/30/2006,4452.1,,-4088.5,,363.6,,-171.1,171.1,,0.0,192.5,-20.0,19.7,23.7,-4.0,0.0,0.3,0.0,172.5,-64.7,107.8,0.0,,,107.8,0.0,107.8,0.0,0.0,107.8,107.8,0.0,564.8,0.19,0.19,0.19,573.6,0.1875,0.1875,0.1875,
09/30/2006,4330.2,,-3955.9,,374.3,,-168.6,168.6,,0.0,205.7,-24.5,24.1,26.4,-2.3,0.0,0.4,0.0,181.2,-66.5,114.7,0.0,,,114.7,0.0,114.7,0.0,0.0,114.7,114.7,0.0,544.4,0.21,0.21,0.21,552.8,0.2075,0.2075,0.2075,
12/31/2006,4327.1,,-3933.4,,393.7,,-149.6,,,,244.1,-23.1,,25.1,-2.4,0.0,,0.4,221.0,-72.8,148.2,1.0,,,147.2,0.0,147.2,0.0,0.0,147.2,147.2,,542.0,0.27,0.27,0.255,548.0,0.27,0.27,0.255,
03/31/2007,4508.9,,-4088.6,,420.3,,-168.0,168.0,,0.0,252.3,-42.8,19.4,22.2,-2.8,0.0,0.4,23.0,209.5,-76.6,132.9,-0.8,,,133.7,0.0,133.7,0.0,0.0,133.7,133.7,,1086.4,0.1225,0.1225,0.1325,1101.6,0.1225,0.12,0.13,
06/30/2007,4574.8,,-4135.7,,439.1,,-176.0,176.0,,0.0,263.1,-19.2,23.0,25.6,-2.6,0.0,0.4,-4.2,243.9,-89.2,154.7,2.0,,,152.7,0.0,152.7,0.0,0.0,152.7,152.7,,527.2,0.29,0.295,0.29,534.0,0.285,0.29,0.285,
09/30/2007,5358.2,,-4918.1,,440.1,,-174.4,174.4,,0.0,265.7,-28.7,28.6,31.3,-2.7,0.0,0.3,-0.2,237.0,-90.3,146.7,3.8,,,142.9,0.0,142.9,0.0,0.0,142.9,142.9,,508.4,0.28,0.285,0.305,514.6,0.28,0.285,0.305,
12/31/2007,5553.4,,-5091.0,,462.4,,-182.9,182.9,,0.0,279.5,-25.4,25.2,29.3,-4.1,0.0,0.2,0.0,254.1,-88.0,166.1,27.6,,,138.5,0.0,138.5,0.0,0.0,138.5,138.5,,504.6,0.275,0.33,0.35,512.0,0.27,0.325,0.345,
03/31/2008,5490.8,,-5024.7,,466.1,0.0,-171.5,171.5,,0.0,294.6,-18.2,18.0,23.3,-5.3,0.0,0.2,0.0,276.4,-98.1,178.3,1.1,,,177.2,0.0,177.2,0.0,0.0,177.2,177.2,,504.6,0.35,0.355,0.355,511.4,0.345,0.35,0.35,
06/30/2008,5530.8,,-5028.2,,502.6,0.0,-185.9,185.9,,0.0,316.7,-13.8,13.7,17.0,-3.3,0.0,0.1,0.0,302.9,-111.0,191.9,1.7,,,190.2,0.0,190.2,0.0,0.0,190.2,190.2,,497.4,0.38,0.385,0.385,504.0,0.375,0.38,0.38,
09/30/2008,5450.5,,-4930.1,,520.4,0.0,-189.7,189.7,,0.0,330.7,-15.6,13.6,15.7,-2.1,0.0,,2.0,315.1,-112.1,203.0,1.1,,,201.9,0.0,201.9,0.0,0.0,201.9,201.9,,494.2,0.41,0.41,0.41,500.6,0.405,0.405,0.405,
12/31/2008,5505.9,,-4954.1,,551.8,,-213.3,213.3,,0.0,338.5,-19.3,19.3,21.6,-2.3,,,0.0,319.2,-112.8,206.4,-0.4,,,206.8,0.0,206.8,0.0,0.0,206.8,206.8,,495.2,0.42,0.415,0.43,499.8,0.415,0.415,0.43,
03/31/2009,5422.8,5422.8,-4888.7,4888.7,534.1,0.0,-178.6,178.6,,0.0,355.5,-16.2,16.2,17.1,-0.9,,,0.0,339.3,-124.6,214.7,0.3,0.3,0.0,214.4,0.0,214.4,0.0,0.0,214.4,214.7,0.0,495.2,0.435,0.435,0.435,498.6,0.43,0.43,0.43,
06/30/2009,5496.8,5496.8,-4904.2,4904.2,592.6,0.0,-212.4,212.4,,0.0,380.2,-76.4,76.4,77.6,-1.2,,,0.0,303.8,-111.7,192.1,-0.2,-0.2,0.0,192.3,0.0,192.3,0.0,0.0,192.3,190.0,-2.1,513.2,0.37,0.37,0.370226,517.6,0.37,0.37,0.365943,
09/30/2009,5613.0,5613.0,-5001.9,5001.9,611.1,0.0,-252.7,252.7,,0.0,358.4,-46.0,46.0,48.0,-2.0,,,0.0,312.4,-115.6,196.8,-0.8,-0.8,0.0,197.6,0.0,197.6,0.0,0.0,197.6,224.9,28.1,549.0,0.36,0.36,0.409654,554.4,0.36,0.35,0.400686,
12/31/2009,8197.0,8197.0,-7509.3,7509.3,687.7,0.0,-284.1,284.1,,0.0,403.6,-50.5,50.5,51.7,-1.2,,,0.0,353.1,-130.0,223.1,-0.2,-0.2,0.0,223.3,0.0,223.3,0.0,0.0,223.3,250.43,27.33,549.8,0.41,0.41,0.455493,556.2,0.4,0.4,0.449137,
03/31/2010,11138.4,11138.4,-10475.2,10475.2,663.2,0.0,-208.5,208.5,,0.0,454.7,-41.1,41.1,42.8,-1.7,,,0.0,413.6,-153.0,260.6,0.4,0.4,0.0,260.2,0.0,260.2,0.0,0.0,260.2,280.7,20.1,549.8,0.47,0.47,0.510549,555.8,0.47,0.47,0.506164,
06/30/2010,11288.8,11288.8,-10531.3,10531.3,757.5,0.0,-227.2,227.2,,0.0,530.3,-41.5,41.5,42.0,-0.5,,,0.0,488.8,-181.5,307.3,17.4,17.4,0.0,289.9,,289.9,0.0,0.0,289.9,323.7,16.4,544.5,0.53,0.56,0.59449,550.1,0.53,0.56,0.589813,
09/30/2010,11251.8,11251.8,-10487.7,10487.7,764.1,0.0,-236.1,236.1,,0.0,528.0,-40.0,40.0,42.2,-2.2,,,0.0,488.0,-180.9,307.1,5.6,5.6,0.0,301.5,,301.5,0.0,0.0,301.5,324.3,17.2,531.7,0.57,0.58,0.60993,537.0,0.56,0.57,0.60203,
12/31/2010,11294.2,11294.2,-10520.8,10520.8,773.4,0.0,-215.5,215.5,,0.0,557.9,-39.6,39.6,40.1,-0.5,,,0.0,518.3,-188.7,329.6,0.0,0.0,0.0,329.6,,329.6,,0.0,329.6,352.225,22.625,527.5,0.62,0.62,0.667725,532.9,0.62,0.62,0.662456,
03/31/2011,11094.5,11094.5,-10349.0,10349.0,745.5,0.0,-193.1,193.1,,0.0,552.4,-39.3,39.3,39.7,-0.4,,,0.0,513.1,-186.6,326.5,0.0,0.0,0.0,326.5,0.0,326.5,0.0,0.0,326.5,326.5,0.0,529.0,0.62,0.62,0.62,533.9,0.61,0.61,0.61,
06/30/2011,11361.4,11361.4,-10577.3,10577.3,784.1,0.0,-204.8,204.8,,0.0,579.3,-48.8,48.8,50.3,-1.5,,0.0,0.0,530.5,-196.3,334.2,0.0,0.0,0.0,334.2,0.0,334.2,0.0,0.0,334.2,334.2,0.0,502.6,0.66,0.66,0.66,507.0,0.66,0.66,0.66,
09/30/2011,11571.0,11571.0,-10735.2,10735.2,835.8,0.0,-230.7,230.7,,0.0,605.1,-88.4,88.4,94.3,-5.9,,0.0,0.0,516.7,-192.0,324.7,0.0,0.0,0.0,324.7,0.0,324.7,0.0,0.0,324.7,337.5,12.8,487.2,0.67,0.67,0.692734,490.8,0.66,0.66,0.68608,
12/31/2011,12101.4,12101.4,-11256.9,11256.9,844.5,0.0,-268.0,268.0,0.0,0.0,576.5,-110.8,110.8,115.4,-4.6,,,0.0,465.7,-173.7,292.0,0.0,0.0,0.0,292.0,-1.6,290.4,0.0,0.0,290.4,316.865,26.465,485.3,0.6,0.6,0.652926,489.0,0.59,0.59,0.644121,
03/31/2012,12132.6,12132.6,-11300.6,11300.6,832.0,0.0,-265.1,265.1,,0.0,566.9,-129.7,129.7,132.0,-2.3,,0.0,0.0,437.2,-167.0,270.2,0.0,0.0,0.0,270.2,-2.4,267.8,0.0,0.0,267.8,284.2,16.4,485.3,0.55,0.55,0.585617,489.7,0.55,0.55,0.58349,
06/30/2012,27504.6,27504.6,-25417.5,25417.5,2087.1,0.0,-1587.7,1587.7,,0.0,499.4,-167.8,172.1,174.4,-2.3,,-4.3,0.0,331.6,-178.2,153.4,0.4,0.4,0.0,153.0,-3.4,149.6,0.0,0.0,149.6,377.3,227.3,807.8,0.19,0.19,0.467071,823.9,0.18,0.18,0.455883,
09/30/2012,26761.6,26761.6,-24658.7,24658.7,2102.9,0.0,-1282.2,1282.2,,0.0,820.7,-148.7,153.8,155.2,-1.4,0.0,-5.1,0.0,672.0,-256.1,415.9,20.0,20.0,0.0,395.9,-4.5,391.4,0.0,0.0,391.4,442.13,30.73,812.9,0.48,0.51,0.543892,829.6,0.47,0.5,0.537042,
12/31/2012,27365.1,27365.1,-25067.4,25067.4,2297.7,0.0,-1390.8,1390.8,0.0,0.0,906.9,-147.3,152.8,157.4,-4.6,0.0,-5.5,0.0,759.6,-235.5,524.1,13.1,13.1,0.0,511.0,-6.9,504.1,0.0,0.0,504.1,611.225,94.025,817.3,0.62,0.63,0.747859,832.4,0.61,0.62,0.732957,
03/31/2013,26019.9,26019.9,-24057.8,24057.8,1962.1,0.0,-1119.0,1119.0,,0.0,843.1,-204.0,213.8,215.4,-1.6,0.0,-9.8,0.0,639.1,-259.1,380.0,1.9,1.9,0.0,378.1,-5.1,373.0,0.0,0.0,373.0,510.3,135.4,818.7,0.46,0.46,0.623305,832.5,0.45,0.45,0.612643,
06/30/2013,26381.9,26381.9,-24266.8,24266.8,2115.1,0.0,-1110.8,1110.8,,0.0,1004.3,-119.5,126.5,127.6,-1.1,0.0,-7.0,0.0,884.8,-310.4,574.4,23.9,23.9,0.0,550.5,-7.5,543.0,0.0,0.0,543.0,653.0,86.1,815.2,0.67,0.7,0.80103,828.4,0.66,0.68,0.783935,
09/30/2013,25915.6,25915.6,-23921.4,23921.4,1994.2,0.0,-1118.7,1118.7,,0.0,875.5,-95.4,101.7,127.4,-25.7,0.0,-6.3,0.0,780.1,-326.5,453.6,15.5,15.5,0.0,438.1,-11.4,426.7,0.0,0.0,426.7,557.6,115.4,810.2,0.53,0.55,0.688225,822.9,0.52,0.54,0.680236,
12/31/2013,25781.4,25781.4,-23720.4,23720.4,2061.0,0.0,-1232.2,1232.2,,0.0,828.8,-102.5,112.2,125.7,-13.5,0.0,-9.7,0.0,726.3,-208.0,518.3,12.3,12.3,0.0,506.0,-4.1,501.9,0.0,0.0,501.9,664.22,150.02,790.7,0.63,0.65,0.84004,802.6,0.63,0.64,0.826918,
03/31/2014,23685.0,23685.0,-21934.6,21934.6,1750.4,0.0,-1041.2,1041.2,,0.0,709.2,-113.4,113.4,124.5,-11.1,0.0,,0.0,595.8,-261.3,334.5,0.0,0.0,0.0,334.5,-6.2,328.3,0.0,0.0,328.3,508.5,180.2,775.4,0.42,0.42,0.655791,786.4,0.42,0.42,0.649145,
06/30/2014,25111.0,25111.0,-23103.3,23103.3,2007.7,0.0,-1041.7,1041.7,,0.0,966.0,-124.4,124.4,134.7,-10.3,0.0,,0.0,841.6,-318.9,522.7,0.0,0.0,0.0,522.7,-7.5,515.2,0.0,0.0,515.2,667.7,152.5,758.1,0.68,0.68,0.880755,758.1,0.67,0.67,0.871161,
09/30/2014,25778.5,25778.5,-23705.5,23705.5,2073.0,0.0,-1088.6,1088.6,,0.0,984.4,-186.1,186.1,201.6,-15.5,0.0,,0.0,798.3,-209.2,589.1,0.0,0.0,0.0,589.1,-6.8,582.3,0.0,0.0,582.3,683.9,101.6,738.1,0.79,0.79,0.926568,746.0,0.78,0.78,0.916193,
12/31/2014,26312.6,26312.6,-24218.6,24218.6,2094.0,0.0,-1151.2,1151.2,,0.0,942.8,-112.3,112.3,122.1,-9.8,0.0,,0.0,830.5,-241.8,588.7,0.0,0.0,0.0,588.7,-6.9,581.8,0.0,0.0,581.8,626.1,44.3,730.0,0.8,0.8,0.857671,737.9,0.79,0.79,0.850035,
03/31/2015,24899.6,24899.6,-23065.6,23065.6,1834.0,0.0,-1007.4,1007.4,,0.0,826.6,-111.1,111.1,116.4,-5.3,0.0,,0.0,715.5,-268.4,447.1,0.0,0.0,0.0,447.1,-6.0,441.1,0.0,0.0,441.1,540.6,99.5,728.4,0.61,0.61,0.742175,735.4,0.6,0.6,0.735301,
06/30/2015,25454.2,25454.2,-23323.0,23323.0,2131.2,0.0,-998.5,998.5,,0.0,1132.7,-126.3,126.3,132.3,-6.0,0.0,,0.0,1006.4,-400.3,606.1,0.0,0.0,0.0,606.1,-6.0,600.1,0.0,0.0,600.1,709.5,109.4,675.4,0.89,0.89,1.050489,681.4,0.88,0.88,1.040552,
09/30/2015,25222.6,25222.6,-23049.1,23049.1,2173.5,0.0,-1007.3,1007.3,,0.0,1166.2,-120.6,120.6,128.4,-7.8,0.0,,0.0,1045.6,-378.2,667.4,0.0,0.0,0.0,667.4,-5.7,661.7,0.0,0.0,661.7,691.6,29.9,676.3,0.98,0.98,1.022623,682.2,0.97,0.97,1.013829,
12/31/2015,26175.4,26175.4,-23912.2,23912.2,2263.2,0.0,-1049.4,1049.4,,0.0,1213.8,-117.5,117.5,123.2,-5.7,0.0,,0.0,1096.3,-317.4,778.9,0.0,0.0,0.0,778.9,-5.4,773.5,0.0,0.0,773.5,793.1,19.6,676.8,1.14,1.14,1.171838,682.7,1.13,1.13,1.15871,
03/31/2016,24791.8,24791.8,-22944.8,22944.8,1847.0,0.0,-906.2,906.2,,0.0,940.8,-129.8,129.8,138.6,-8.8,0.0,,0.0,811.0,-278.8,532.2,0.0,0.0,0.0,532.2,-6.1,526.1,0.0,0.0,526.1,512.5,-13.6,645.0,0.82,0.82,0.794574,649.7,0.81,0.81,0.789067,
06/30/2016,25222.3,25222.3,-23061.1,23061.1,2161.2,0.0,-904.9,904.9,,0.0,1256.3,-126.5,126.5,136.8,-10.3,0.0,,0.0,1129.8,-402.7,727.1,0.0,0.0,0.0,727.1,-6.4,720.7,0.0,0.0,720.7,706.9,-13.8,631.3,1.14,1.14,1.119753,635.7,1.13,1.13,1.108292,
09/30/2016,25410.1,25410.1,-23136.0,23136.0,2274.1,0.0,-858.1,858.1,,0.0,1416.0,-265.1,265.1,273.4,-8.3,0.0,,0.0,1150.9,-422.4,728.5,0.0,0.0,0.0,728.5,-5.6,722.9,0.0,0.0,722.9,799.9,77.0,622.6,1.16,1.16,1.284774,627.1,1.15,1.15,1.272787,
12/31/2016,24863.3,24863.3,-22525.1,22525.1,2338.2,0.0,-863.5,863.5,,0.0,1474.7,-139.3,139.3,146.0,-6.7,0.0,,0.0,1335.4,104.4,1439.8,0.0,0.0,0.0,1439.8,-5.1,1434.7,0.0,0.0,1434.7,862.4,-572.3,609.1,2.36,2.36,1.415859,613.5,2.34,2.34,1.407156,
03/31/2017,24654.9,24654.9,-22782.2,22782.2,1872.7,0.0,-818.1,818.1,,0.0,1054.6,-139.4,139.4,145.7,-6.3,,,0.0,915.2,-364.9,550.3,0.0,0.0,0.0,550.3,-4.0,546.3,0.0,0.0,546.3,576.2,29.9,601.0,0.91,0.91,0.958735,605.1,0.9,0.9,0.949413,
06/30/2017,25347.5,25347.5,-23186.3,23186.3,2161.2,0.0,-782.6,782.6,,0.0,1378.6,-137.7,137.7,146.5,-8.8,,,0.0,1240.9,-435.4,805.5,0.0,0.0,0.0,805.5,-3.7,801.8,0.0,0.0,801.8,781.6,-20.2,582.9,1.38,1.38,1.340882,585.6,1.37,1.37,1.335505,
09/30/2017,24683.4,24683.4,-22445.7,22445.7,2237.7,0.0,-759.3,759.3,,0.0,1478.4,-134.1,134.1,147.7,-13.6,,,0.0,1344.3,-499.3,845.0,0.0,0.0,0.0,845.0,-3.3,841.7,0.0,0.0,841.7,862.3,20.6,571.8,1.47,1.47,1.508045,574.7,1.46,1.46,1.495845,
12/31/2017,25378.8,25378.8,-22888.3,22888.3,2490.5,0.0,-908.1,908.1,0.0,0.0,1582.4,-153.8,153.8,168.0,-14.2,,,0.0,1428.6,902.3,2330.9,0.0,0.0,0.0,2330.9,-3.3,2327.6,0.0,0.0,2327.6,991.5,-1336.1,565.0,4.12,4.12,1.754867,568.4,4.1,4.1,1.749367,
03/31/2018,24769.4,24769.4,-22890.0,22890.0,1879.4,0.0,-917.8,917.8,,0.0,961.6,-142.0,142.0,154.0,-12.0,,,0.0,819.6,-193.7,625.9,0.0,0.0,0.0,625.9,-2.7,623.2,0.0,0.0,623.2,687.8,64.6,562.8,1.11,1.11,1.222104,567.1,1.1,1.1,1.213913,
06/30/2018,25641.8,25641.8,-23437.6,23437.6,2204.2,0.0,-892.0,892.0,,0.0,1312.2,-142.5,142.5,151.3,-8.8,,,0.0,1169.7,-290.3,879.4,0.0,0.0,0.0,879.4,-2.1,877.3,0.0,0.0,877.3,944.1,66.8,561.9,1.56,1.56,1.680192,565.5,1.55,1.55,1.668126,
09/30/2018,25563.2,25563.2,-23211.8,23211.8,2351.4,0.0,-862.8,862.8,,0.0,1488.6,-138.0,138.0,151.0,-13.0,,,0.0,1350.6,-276.8,1073.8,0.0,0.0,0.0,1073.8,-2.2,1071.6,0.0,0.0,1071.6,1071.5,-0.1,562.9,1.9,1.9,1.903535,567.9,1.89,1.89,1.889824,
12/31/2018,25821.111,,,,2613.0964332,,,,,,2152.0,,,,,,,,2004.5,,1184.8,,,,,,1184.8,,,1184.8,1522.8,,,2.084,2.084,2.671,,2.084,2.084,2.671,
03/31/2019,25475.5,,,,1971.8037,,,,,,1507.0,,,,,,,,1201.333,,746.0,,,,,,746.0,,,746.0,1044.0,,,1.317,1.317,1.876,,1.317,1.317,1.876,
