Date,Revenue,Sales & Services Revenue,Cost of Revenue,Cost of Goods & Services,Gross Profit,Other Operating Income,Operating Expenses,"Selling, General & Admin",Research & Development,Other Operating Expense,Operating Income (Loss),Non-Operating (Income) Loss,"Interest Expense, Net",Interest Expense,Interest Income,Foreign Exch (Gain) Loss,Other Non-Op (Income) Loss,Pretax Income,Income Tax Expense (Benefit),Income (Loss) from Cont Ops,Net Extraordinary Losses (Gains),Discontinued Operations,XO & Accounting Changes,Income (Loss) Incl. MI,Minority Interest,"Net Income, GAAP",Preferred Dividends,Other Adjustments,"Net Income Avail to Common, GAAP","Net Income Avail to Common, Adj",Net Abnormal Losses (Gains),Basic Weighted Avg Shares,"Basic EPS, GAAP",Basic EPS from Cont Ops,"Basic EPS from Cont Ops, Adjusted",Diluted Weighted Avg Shares,"Diluted EPS, GAAP",Diluted EPS from Cont Ops,"Diluted EPS from Cont Ops, Adjusted",Source: Bloomberg
03/31/1990,941.599976,,-703.099976,,238.5,,-147.300003,,,,91.199997,-11.5,,22.6,,,-11.1,79.699997,-29.5,50.200001,-3.5,,,53.699997,0.0,53.700001,0.0,,53.700001,53.700001,,291.312012,0.185,0.172985,,291.312012,0.185,0.172985,0.172985,
06/30/1990,952.799988,,-709.200012,,243.599976,,-149.899994,,,,93.699997,-14.0,,18.4,,,-4.4,79.699997,-29.5,50.200001,-3.4,,,53.599998,0.0,53.599998,0.0,,53.599998,53.599998,,286.799988,0.18625,0.175,,286.799988,0.18625,0.175,0.175,
09/30/1990,893.099976,,-664.5,,228.599976,,-144.100006,,,,84.5,-32.0,,20.1,,,11.9,52.5,-18.6,33.900002,-1.9,,,35.8,0.0,35.799999,0.0,,35.799999,35.799999,,282.552002,0.12625,0.12,,282.552002,0.12625,0.12,0.12,
12/31/1990,851.5,,-674.200012,,177.299988,,-151.699997,,,,25.6,12.5,,17.9,,,-30.4,38.1,-3.4,34.700001,-1.2,,,35.9,0.0,35.900002,0.0,,35.900002,35.900002,,273.600008,0.13125,0.12625,,273.600008,0.13125,0.12625,0.12625,
03/31/1991,818.0,,-638.0,,180.0,,-151.0,,,,29.0,-52.0,,20.0,,,32.0,-23.0,9.0,-14.0,-2.0,,,-12.0,0.0,-12.0,0.0,,-12.0,-12.0,,271.575989,-0.04375,-0.05125,,271.575989,-0.04375,-0.05125,-0.05125,
06/30/1991,855.0,,-660.0,,195.0,,-146.0,,,,49.0,-11.0,,19.0,,,-8.0,38.0,-11.0,27.0,-3.0,,,30.0,0.0,30.0,0.0,,30.0,30.0,,271.727997,0.11125,0.1,,271.727997,0.11125,0.1,0.1,
09/30/1991,842.0,,-648.0,,194.0,,-150.0,,,,44.0,-14.0,,20.0,,,-6.0,30.0,-9.0,21.0,-2.0,,,23.0,0.0,23.0,0.0,,23.0,23.0,,272.175995,0.085,0.0775,,272.175995,0.085,0.0775,0.0775,
12/31/1991,866.0,,-662.0,,204.0,,-191.0,,,,13.0,24.0,,21.0,,,-45.0,37.0,-9.0,28.0,-5.0,,,33.0,0.0,33.0,0.0,,33.0,33.0,,272.799984,0.12125,0.1025,0.1025,272.799984,0.12125,0.1025,0.1025,
03/31/1992,949.0,,-727.0,,222.0,,-164.0,,,,58.0,-17.0,,22.0,,,-5.0,41.0,-10.0,31.0,267.0,,,-236.0,0.0,-236.0,0.0,,-236.0,-236.0,,273.600006,-0.8625,0.11375,,273.600006,-0.8625,0.11375,0.11375,
06/30/1992,1064.0,,-808.0,,256.0,,-181.0,,,,75.0,-19.0,,22.0,,,-3.0,56.0,-15.0,41.0,0.0,,,41.0,0.0,41.0,0.0,,41.0,41.0,,275.600006,0.148766,0.14875,,275.600006,0.148766,0.14875,0.14875,
09/30/1992,1012.0,,-789.0,,223.0,,-186.0,,,,37.0,-2.0,,23.0,,,-21.0,35.0,-7.0,28.0,0.0,,,28.0,0.0,28.0,0.0,,28.0,28.0,,276.799988,0.1,0.1,,276.799988,0.1,0.1,0.1,
12/31/1992,844.0,,-633.0,,211.0,,-152.0,,,,59.0,-13.0,,16.0,,,-3.0,46.0,-9.0,37.0,-2.0,,,39.0,0.0,39.0,0.0,,39.0,39.0,,276.799984,0.1425,0.13375,0.13375,276.799984,0.1425,0.13375,0.13375,
03/31/1993,1086.0,,-811.0,,275.0,,-180.0,,,,95.0,-15.0,,22.0,,,-7.0,80.0,-27.0,53.0,3.0,,,50.0,0.0,50.0,0.0,,50.0,50.0,,277.600006,0.1775,0.18875,,277.600006,0.1775,0.18875,0.18875,
06/30/1993,1147.0,,-868.0,,279.0,,-189.0,,,,90.0,-10.0,,19.0,,,-9.0,80.0,-27.0,53.0,0.0,,,53.0,0.0,53.0,0.0,,53.0,53.0,,278.799988,0.1925,0.1925,,278.799988,0.1925,0.1925,0.1925,
09/30/1993,1053.0,,-787.0,,266.0,,-185.0,,,,81.0,-16.0,,20.0,,,-4.0,65.0,-21.0,44.0,0.0,,,44.0,0.0,44.0,0.0,,44.0,44.0,,279.200012,0.1575,0.1575,,279.200012,0.1575,0.1575,0.1575,
12/31/1993,1115.0,,-818.0,,297.0,,-246.0,,,,51.0,-14.0,,14.0,,,0.0,37.0,-7.0,30.0,4.0,,,26.0,0.0,26.0,0.0,,26.0,26.0,,281.200012,0.09,0.1025,0.1025,281.200012,0.09,0.1025,0.1025,
03/31/1994,1371.0,,-998.0,,373.0,,-247.0,,,,126.0,-19.0,,23.0,,,-4.0,107.0,-33.0,74.0,0.0,,,74.0,0.0,74.0,0.0,,74.0,74.0,,292.399994,0.2525,0.2525,,292.399994,0.2525,0.2525,0.2525,
06/30/1994,1545.0,,-1116.0,,429.0,,-282.0,,,,147.0,-22.0,,23.0,,,-1.0,125.0,-39.0,86.0,0.0,,,86.0,0.0,86.0,0.0,,86.0,86.0,,305.200012,0.2825,0.2825,,305.200012,0.2825,0.2825,0.2825,
09/30/1994,1531.0,,-1120.0,,411.0,,-273.0,,,,138.0,-12.0,,25.0,,,-13.0,126.0,-42.0,84.0,0.0,,,84.0,0.0,84.0,0.0,,84.0,84.0,,305.200012,0.275,0.275,,305.200012,0.275,0.275,0.275,
12/31/1994,1605.0,,-1163.0,,442.0,,-293.0,,,,149.0,-19.0,,20.0,,,-1.0,130.0,-41.0,89.0,0.0,,,89.0,0.0,89.0,0.0,,89.0,89.0,,308.799988,0.2875,0.2875,0.2875,308.799988,0.2875,0.2875,0.2875,
03/31/1995,1731.0,,-1265.0,,466.0,,-286.0,,,,180.0,-17.0,,23.0,,,-6.0,163.0,-55.0,108.0,0.0,,,108.0,0.0,108.0,0.0,,108.0,108.0,,311.600008,0.3475,0.3475,,311.600008,0.3475,0.3475,0.3475,
06/30/1995,1758.0,,-1289.0,,469.0,,-296.0,,,,173.0,-9.0,,23.0,,,-14.0,164.0,-54.0,110.0,0.0,,,110.0,0.0,110.0,0.0,,110.0,110.0,,311.600008,0.3525,0.3525,,311.600008,0.3525,0.3525,0.3525,
09/30/1995,1672.0,,-1243.0,,429.0,,-279.0,,,,150.0,-12.0,,22.0,,,-10.0,138.0,-47.0,91.0,0.0,,,91.0,0.0,91.0,0.0,,91.0,91.0,,310.799988,0.295,0.295,,310.799988,0.295,0.295,0.295,
12/31/1995,1661.0,,-1231.0,,430.0,,-293.0,,,,137.0,-10.0,,28.0,,,-18.0,127.0,-37.0,90.0,0.0,,,90.0,0.0,90.0,0.0,,90.0,90.0,,308.0,0.29,0.29,,308.0,0.29,0.29,0.29,
03/31/1996,1736.0,,-1278.0,,458.0,,-304.0,,,,154.0,-13.0,,21.0,,,-8.0,141.0,-46.0,95.0,0.0,,,95.0,0.0,95.0,0.0,,95.0,95.0,,310.799988,0.3075,0.3075,0.3175,311.476013,0.305,0.305,0.315,
06/30/1996,1782.0,,-1306.0,,476.0,,-313.0,,,,163.0,-14.0,,22.0,,,-8.0,149.0,-46.0,103.0,0.0,,,103.0,0.0,103.0,0.0,,103.0,103.0,,310.799988,0.33,0.33,0.34,314.503998,0.3275,0.3275,0.3375,
09/30/1996,1719.0,,-1281.0,,438.0,,-311.0,,,,127.0,-12.0,,21.0,,,-9.0,115.0,-30.0,85.0,0.0,,,85.0,0.0,85.0,0.0,,85.0,85.0,,309.200012,0.2775,0.2775,0.2875,311.928009,0.2725,0.2725,0.2825,
12/31/1996,1724.0,,-1300.0,,424.0,,-334.0,,,,90.0,-10.0,,21.0,,,-11.0,80.0,-14.0,66.0,0.0,,,66.0,0.0,66.0,0.0,,66.0,66.0,,308.399992,0.2125,0.2125,0.2875,311.600008,0.21,0.21,0.285,
03/31/1997,1789.0,,-1307.0,,482.0,,-332.0,,,,150.0,-5.0,,20.0,,,-15.0,145.0,-44.0,101.0,0.0,,,101.0,0.0,101.0,0.0,,101.0,101.0,,308.399994,0.3275,0.3275,0.3275,312.799988,0.3225,0.3225,0.3225,
06/30/1997,1909.0,,-1371.0,,538.0,,-351.0,,,,187.0,-5.0,,20.0,,,-15.0,182.0,-56.0,126.0,0.0,,,126.0,0.0,126.0,0.0,,126.0,126.0,,308.399994,0.41,0.41,0.41,313.200012,0.4025,0.4025,0.4025,
09/30/1997,1931.0,,-1390.0,,541.0,,-353.0,,,,188.0,-93.0,,22.0,,,71.0,95.0,-41.0,54.0,0.0,,,54.0,0.0,54.0,0.0,,54.0,54.0,,308.399994,0.175,0.175,0.45,314.799988,0.1725,0.1725,0.4425,
12/31/1997,1934.0,,-1388.0,,546.0,,-371.0,,,,175.0,71.0,,24.0,,,-95.0,246.0,-63.0,183.0,54.0,,,129.0,0.0,129.0,0.0,,129.0,129.0,,304.0,0.425,0.6025,0.425,311.600008,0.415,0.5875,0.415,
03/31/1998,1687.0,,-1214.0,,473.0,,-345.0,,,,128.0,27.0,,22.0,,,-49.0,155.0,-50.0,105.0,0.0,,,105.0,0.0,105.0,0.0,,105.0,105.0,,288.0,0.3625,0.3625,0.3625,294.799988,0.355,0.355,0.355,
06/30/1998,1712.0,,-1200.0,,512.0,,-346.0,,,,166.0,-5.0,,23.0,,,-18.0,161.0,-47.0,114.0,0.0,,,114.0,0.0,114.0,0.0,,114.0,114.0,,284.399994,0.4,0.4,0.3925,291.200012,0.3925,0.3925,0.385,
09/30/1998,1620.0,,-1192.0,,428.0,,-332.0,,,,96.0,-17.0,,23.0,,,-6.0,79.0,-21.0,58.0,0.0,,,58.0,0.0,58.0,0.0,,58.0,58.0,,284.399994,0.205,0.205,0.3,289.200012,0.2,0.2,0.295,
12/31/1998,1606.0,,-1153.0,,453.0,,-361.0,,,,92.0,-2.0,,20.0,,,-18.0,90.0,-18.0,72.0,0.0,,,72.0,0.0,72.0,0.0,,72.0,72.0,,284.799988,0.255,0.255,0.3225,287.600006,0.2525,0.2525,0.3175,
03/31/1999,1604.0,,-1133.0,,471.0,,-313.0,,,,158.0,-20.0,21.0,21.0,,,-1.0,138.0,-43.0,95.0,11.0,,,84.0,0.0,84.0,0.0,,84.0,84.0,,284.799988,0.295,0.3325,0.3325,288.799988,0.2925,0.33,0.33,
06/30/1999,2202.0,,-1584.0,,618.0,,-441.0,,,,177.0,-40.0,44.0,44.0,,,-4.0,137.0,-19.0,118.0,-7.0,,,125.0,0.0,125.0,0.0,,125.0,125.0,,286.799988,0.435,0.4125,0.42,291.200012,0.4275,0.405,0.4125,
09/30/1999,2118.0,,-1543.0,,575.0,,-301.0,,,,274.0,102.0,47.0,47.0,,,-149.0,376.0,-201.0,175.0,-9.0,,,184.0,0.0,184.0,0.0,,184.0,184.0,,292.799988,0.63,0.5975,0.3375,299.600006,0.615,0.585,0.3325,
12/31/1999,2081.0,,-1532.0,,549.0,,-455.0,,,,94.0,198.0,47.0,47.0,0.0,0.0,-245.0,292.0,-77.0,215.0,-9.0,,,224.0,0.0,224.0,0.0,,224.0,224.0,-105.0,294.8,0.76,0.7275,0.3725,300.4,0.745,0.715,0.3675,
03/31/2000,2184.0,,-1581.0,,603.0,,-408.0,,,,195.0,-19.0,,44.0,,,-25.0,176.0,-63.0,113.0,-18.0,,,131.0,0.0,131.0,0.0,0.0,131.0,131.0,,291.600006,0.45,0.3875,0.38,295.200012,0.4425,0.38,0.375,
06/30/2000,2169.0,,-1564.0,,605.0,,-404.0,,,,201.0,-15.0,45.0,45.0,,,-30.0,186.0,-63.0,123.0,-22.0,,,145.0,0.0,145.0,0.0,0.0,145.0,145.0,,292.799988,0.4975,0.4225,0.42,296.399994,0.49,0.415,0.4125,
09/30/2000,2008.0,,-1492.0,,516.0,,-373.0,,,,143.0,-38.0,42.0,42.0,,,-4.0,105.0,-36.0,69.0,-24.0,,,93.0,0.0,93.0,0.0,0.0,93.0,93.0,,288.0,0.3225,0.24,0.2675,291.200012,0.32,0.2375,0.2675,
12/31/2000,1948.0,,-1455.0,,493.0,,-383.0,,,,110.0,-25.0,51.0,51.0,0.0,0.0,-26.0,85.0,-27.0,58.0,-26.0,,,84.0,0.0,84.0,0.0,0.0,84.0,84.0,14.0,278.4,0.3025,0.21,0.26,280.4,0.3,0.2075,0.2575,
03/31/2001,1983.0,,-1497.0,,486.0,,-389.0,,,,97.0,7.0,,42.0,,,-49.0,104.0,-54.0,50.0,0.0,,,50.0,0.0,50.0,0.0,0.0,50.0,50.0,,276.0,0.1825,0.1825,0.265,280.399994,0.18,0.18,0.2625,
06/30/2001,1871.0,,-1400.0,,471.0,,-356.0,,,,115.0,-41.0,38.0,38.0,,,3.0,74.0,-25.0,49.0,0.0,,,49.0,0.0,49.0,0.0,0.0,49.0,49.0,,278.0,0.175,0.175,0.2375,282.799988,0.1725,0.1725,0.235,
09/30/2001,1750.0,,-1326.0,,424.0,,-356.0,,,,68.0,-7.0,33.0,33.0,,,-26.0,61.0,-21.0,40.0,0.0,,,40.0,0.0,40.0,0.0,0.0,40.0,40.0,,278.399994,0.145,0.145,0.1675,283.600006,0.1425,0.1425,0.165,
12/31/2001,1695.0,,-1280.0,,415.0,,-347.0,,,,68.0,-29.0,29.0,29.0,0.0,0.0,0.0,39.0,-9.0,30.0,0.0,,,30.0,0.0,30.0,0.0,0.0,30.0,30.0,17.0,278.4,0.105,0.105,0.1625,282.4,0.105,0.105,0.1625,
03/31/2002,1723.0,,-1286.0,,437.0,,-365.0,,,,72.0,-24.0,,27.0,,,-3.0,48.0,-15.0,33.0,0.0,,,33.0,0.0,33.0,0.0,0.0,33.0,33.0,,280.399994,0.12,0.12,0.2375,284.799988,0.1175,0.1175,0.2325,
06/30/2002,1881.0,,-1364.0,,517.0,,-355.0,,,,162.0,-35.0,27.0,27.0,,,8.0,127.0,-39.0,88.0,0.0,,,88.0,0.0,88.0,0.0,0.0,88.0,88.0,,282.799988,0.31,0.31,0.3175,288.399994,0.3025,0.3025,0.31,
09/30/2002,1830.0,,-1316.0,,514.0,,-353.0,,,,161.0,-29.0,26.0,26.0,,,3.0,132.0,-39.0,93.0,0.0,,,93.0,0.0,93.0,0.0,0.0,93.0,93.0,,283.200012,0.33,0.33,0.32,287.600006,0.325,0.325,0.315,
12/31/2002,1775.0,,-1306.0,,469.0,,-347.0,,,,122.0,-30.0,24.0,24.0,0.0,0.0,6.0,92.0,-25.0,67.0,0.0,,,67.0,0.0,67.0,0.0,0.0,67.0,67.0,2.0,283.6,0.2375,0.2375,0.245,286.4,0.235,0.235,0.245,
03/31/2003,1925.0,,-1415.0,,510.0,,-384.0,,,,126.0,-27.0,24.0,24.0,,,3.0,99.0,-27.0,72.0,0.0,,,72.0,0.0,72.0,0.0,0.0,72.0,72.0,,284.6,0.2525,0.2525,0.2675,288.4,0.25,0.25,0.265,
06/30/2003,2027.0,,-1498.0,,529.0,,-395.0,,,,134.0,-12.0,24.0,24.0,,,-12.0,122.0,-29.0,93.0,0.0,,,93.0,0.0,93.0,0.0,0.0,93.0,93.0,,290.0,0.32,0.32,0.3425,294.0,0.3175,0.3175,0.34,
09/30/2003,2026.0,,-1479.0,,547.0,,-384.0,,,,163.0,-21.0,20.0,20.0,,,1.0,142.0,-35.0,107.0,0.0,,,107.0,0.0,107.0,0.0,0.0,107.0,107.0,,303.6,0.35,0.35,0.3675,308.8,0.345,0.345,0.36,
12/31/2003,2083.0,,-1505.0,,578.0,,-411.0,,,,167.0,-22.0,19.0,19.0,0.0,0.0,3.0,145.0,-31.0,114.0,0.0,,,114.0,0.0,114.0,0.0,0.0,114.0,114.0,8.0,306.8,0.37,0.37,0.3975,313.6,0.36,0.36,0.3875,
03/31/2004,2238.0,,-1621.0,,617.0,,-421.0,,,,196.0,-23.0,19.0,19.0,,,4.0,173.0,-39.0,134.0,0.0,,,134.0,0.0,134.0,0.0,0.0,134.0,134.0,,306.2,0.435,0.435,0.45,314.2,0.425,0.425,0.44,
06/30/2004,2403.0,,-1726.0,,677.0,,-453.0,,,,224.0,-21.0,19.0,19.0,,,2.0,203.0,-42.0,161.0,0.0,,,161.0,0.0,161.0,0.0,0.0,161.0,161.0,,304.200012,0.53,0.53,0.545,312.399994,0.515,0.515,0.53,
09/30/2004,2543.0,,-1836.0,,707.0,,-478.0,,,,229.0,-18.0,20.0,20.0,,,-2.0,211.0,-41.0,170.0,0.0,,,170.0,0.0,170.0,0.0,0.0,170.0,170.0,,305.600006,0.56,0.56,0.58,313.799988,0.545,0.545,0.565,
12/31/2004,2633.0,,-1899.0,,734.0,,-496.0,,,,238.0,-44.0,,20.0,,,24.0,194.0,-11.0,183.0,0.0,,,183.0,0.0,183.0,0.0,0.0,183.0,183.0,,307.6,0.595,0.595,0.59,315.6,0.58,0.58,0.575,
03/31/2005,2654.0,,-1913.0,,741.0,,-488.0,,,,253.0,-17.0,22.0,22.0,,0.0,-5.0,236.0,-49.0,187.0,0.0,,,187.0,0.0,187.0,0.0,0.0,187.0,187.0,,306.2,0.61,0.61,0.63,314.4,0.595,0.595,0.615,
06/30/2005,2834.0,,-2039.0,,795.0,,-515.0,,,,280.0,-13.0,22.0,22.0,,0.0,-9.0,267.0,-58.0,209.0,0.0,,,209.0,0.0,209.0,0.0,0.0,209.0,209.0,,299.6,0.7,0.7,0.715,306.8,0.685,0.685,0.7,
09/30/2005,2767.0,,-1983.0,,784.0,,-512.0,,,,272.0,-25.0,24.0,24.0,,0.0,1.0,247.0,-50.0,197.0,-2.0,,,199.0,0.0,199.0,0.0,0.0,199.0,199.0,4.0,298.2,0.665,0.66,0.675,304.8,0.65,0.645,0.66,
12/31/2005,2817.0,,-2042.0,,775.0,,-526.0,,,,249.0,-3.0,22.0,22.0,,0.0,-19.0,246.0,-35.0,211.0,1.0,,,210.0,0.0,210.0,0.0,0.0,210.0,210.0,,298.6,0.705,0.71,0.74,305.4,0.69,0.695,0.72,
03/31/2006,2991.0,,-2149.0,,842.0,,-559.0,,,,283.0,-32.0,28.0,28.0,,0.0,4.0,251.0,-45.0,206.0,-2.0,,,208.0,0.0,208.0,0.0,0.0,208.0,208.0,6.0,300.8,0.69,0.685,0.705,306.2,0.68,0.675,0.695,
06/30/2006,3186.0,,-2307.0,,879.0,,-581.0,,,,298.0,-20.0,28.0,28.0,,0.0,-8.0,278.0,-25.0,253.0,0.0,,,253.0,0.0,253.0,0.0,0.0,253.0,253.0,6.0,303.4,0.835,0.835,0.855,308.6,0.82,0.82,0.84,
09/30/2006,3083.0,,-2289.0,,794.0,,-551.0,,,,243.0,-22.0,25.0,25.0,,0.0,-3.0,221.0,-11.0,210.0,-38.0,,,248.0,0.0,248.0,0.0,0.0,248.0,248.0,5.0,301.0,0.825,0.7,0.715,306.0,0.81,0.69,0.705,
12/31/2006,3102.0,,-2300.0,,802.0,0.0,-574.0,501.0,,73.0,228.0,11.0,46.0,46.0,0.0,0.0,-57.0,239.0,2.0,241.0,0.0,,,241.0,0.0,241.0,0.0,0.0,241.0,241.0,,298.0,0.81,0.81,0.845,303.0,0.795,0.795,0.83,
03/31/2007,3113.0,,-2227.0,,886.0,,-587.0,,,,299.0,-36.0,30.0,30.0,,0.0,6.0,263.0,-34.0,229.0,-5.0,,,234.0,0.0,234.0,0.0,0.0,234.0,234.0,,295.2,0.795,0.78,0.81,300.0,0.78,0.765,0.795,
06/30/2007,3248.0,,-2346.0,,902.0,,-613.0,,,,289.0,-33.0,41.0,41.0,,0.0,-8.0,256.0,-16.0,240.0,-6.0,,,246.0,0.0,246.0,0.0,0.0,246.0,246.0,9.0,294.8,0.835,0.815,0.845,300.6,0.82,0.8,0.83,
09/30/2007,3298.0,,-2381.0,,917.0,,-616.0,,,,301.0,-38.0,37.0,37.0,,0.0,1.0,263.0,-25.0,238.0,-20.0,,,258.0,0.0,258.0,0.0,0.0,258.0,258.0,11.0,294.0,0.875,0.81,0.85,300.8,0.855,0.795,0.835,
12/31/2007,3374.0,,-2428.0,,946.0,0.0,-658.0,574.0,,84.0,288.0,-29.0,39.0,39.0,0.0,0.0,-10.0,259.0,-7.0,252.0,-4.0,,,256.0,0.0,256.0,0.0,0.0,256.0,256.0,,294.4,0.87,0.855,0.9,301.0,0.855,0.835,0.875,
03/31/2008,3496.0,,-2532.0,,964.0,,-641.0,,,,323.0,-37.0,38.0,38.0,,0.0,-1.0,286.0,-42.0,244.0,-3.0,,,247.0,0.0,247.0,0.0,0.0,247.0,247.0,9.0,295.4,0.835,0.825,0.855,301.0,0.82,0.81,0.84,
06/30/2008,4279.0,,-3069.0,,1210.0,0.0,-815.0,704.0,,111.0,395.0,-41.0,,44.0,,0.0,-3.0,354.0,-21.0,333.0,0.0,,,333.0,0.0,333.0,0.0,0.0,333.0,333.0,,322.4,1.035,1.035,1.035,327.2,1.015,1.015,1.015,
09/30/2008,4114.0,,-2964.0,,1150.0,0.0,-776.0,659.0,,117.0,374.0,-20.0,37.0,37.0,,,-17.0,354.0,-39.0,315.0,,,,315.0,,315.0,,0.0,315.0,315.0,,332.4,0.95,0.95,0.95,336.8,0.935,0.935,0.935,
12/31/2008,3487.0,,-2626.0,,861.0,,-698.0,598.0,,100.0,163.0,-29.0,38.0,,,,-9.0,134.0,29.0,163.0,0.0,,,163.0,,163.0,,0.0,163.0,163.0,,331.6,0.49,0.49,0.54,333.2,0.49,0.49,0.54,
03/31/2009,2813.0,2813.0,-2174.0,2174.0,639.0,0.0,-656.0,558.0,98.0,0.0,-17.0,-46.0,37.0,40.0,-3.0,,9.0,-63.0,11.0,-52.0,0.0,0.0,0.0,-52.0,2.0,-50.0,0.0,0.0,-50.0,-36.0,14.0,332.2,-0.15,-0.15,-0.108369,332.2,-0.15,-0.15,-0.108369,
06/30/2009,2901.0,2901.0,-2189.0,2189.0,712.0,0.0,-649.0,554.0,95.0,0.0,63.0,-33.0,41.0,42.0,-1.0,,-8.0,30.0,1.0,31.0,0.0,0.0,0.0,31.0,-2.0,29.0,0.0,0.0,29.0,39.0,10.0,333.8,0.085,0.085,0.116836,335.2,0.085,0.085,0.114833,
09/30/2009,3028.0,3028.0,-2178.0,2178.0,850.0,0.0,-652.0,553.0,99.0,0.0,198.0,-32.0,38.0,40.0,-2.0,,-6.0,166.0,28.0,194.0,0.0,0.0,0.0,194.0,-1.0,193.0,0.0,0.0,193.0,205.0,12.0,334.0,0.58,0.58,0.613773,338.4,0.57,0.57,0.605461,
12/31/2009,3131.0,3131.0,-2241.0,2241.0,890.0,0.0,-690.0,587.0,103.0,0.0,200.0,-30.0,34.0,39.0,-5.0,,-4.0,170.0,42.0,212.0,0.0,0.0,0.0,212.0,-1.0,211.0,0.0,0.0,211.0,229.0,18.0,333.4,0.635,0.635,0.686863,337.6,0.625,0.625,0.678318,
03/31/2010,3103.0,3103.0,-2201.0,2201.0,902.0,0.0,-688.0,587.0,101.0,0.0,214.0,-27.0,35.0,152.0,-117.0,,-8.0,187.0,-31.0,156.0,0.0,0.0,0.0,156.0,-1.0,155.0,0.0,0.0,155.0,207.744,52.744,334.2,0.46,0.46,0.621616,339.2,0.46,0.46,0.615495,
06/30/2010,3378.0,3378.0,-2387.0,2387.0,991.0,0.0,-707.0,604.0,103.0,0.0,284.0,-33.0,34.0,37.0,-3.0,,-1.0,251.0,-22.0,229.0,0.0,0.0,0.0,229.0,-3.0,226.0,0.0,0.0,226.0,232.0,6.0,334.7,0.67,0.67,0.693158,340.4,0.66,0.66,0.677627,
09/30/2010,3571.0,3571.0,-2480.0,2480.0,1091.0,0.0,-755.0,651.0,104.0,0.0,336.0,-31.0,33.0,39.0,-6.0,,-2.0,305.0,-36.0,269.0,0.0,0.0,0.0,269.0,-1.0,268.0,0.0,0.0,268.0,272.0,4.0,167.6,1.59,1.59,1.622912,170.3,1.57,1.57,1.593488,
12/31/2010,3663.0,3663.0,-2565.0,2565.0,1098.0,0.0,-761.0,644.0,117.0,0.0,337.0,-44.0,34.0,40.0,-6.0,,10.0,293.0,-10.0,283.0,0.0,0.0,0.0,283.0,-3.0,280.0,0.0,0.0,280.0,291.0,11.0,337.8,0.83,0.83,0.861456,342.8,0.815,0.815,0.847089,
03/31/2011,3803.0,3803.0,-2682.0,2682.0,1121.0,0.0,-770.0,665.0,105.0,0.0,351.0,-16.0,32.0,36.0,-4.0,,-16.0,335.0,-49.0,286.0,0.0,0.0,0.0,286.0,1.0,287.0,0.0,0.0,287.0,289.0,2.0,340.1,0.84,0.84,0.84975,345.7,0.83,0.83,0.835785,
06/30/2011,4090.0,4090.0,-2862.0,2862.0,1228.0,0.0,-805.0,698.0,107.0,0.0,423.0,-27.0,31.0,37.0,-6.0,,-4.0,396.0,-58.0,338.0,0.0,0.0,0.0,338.0,-2.0,336.0,0.0,0.0,336.0,338.0,2.0,340.9,0.99,0.99,0.991493,345.7,0.97,0.97,0.975785,
09/30/2011,4123.0,4123.0,-2900.0,2900.0,1223.0,0.0,-772.0,668.0,104.0,0.0,451.0,-19.0,29.0,35.0,-6.0,,-10.0,432.0,-65.0,367.0,0.0,0.0,0.0,367.0,-2.0,365.0,0.0,0.0,365.0,367.0,2.0,338.1,1.07,1.07,1.085478,341.9,1.07,1.07,1.07585,
12/31/2011,4033.0,4033.0,-2817.0,2817.0,1216.0,0.0,-808.0,707.0,101.0,0.0,408.0,-18.0,26.0,27.0,-1.0,,-8.0,390.0,-29.0,361.0,0.0,0.0,0.0,361.0,1.0,362.0,0.0,0.0,362.0,366.0,4.0,334.2,1.08,1.08,1.095153,338.1,1.07,1.07,1.081831,
03/31/2012,3960.0,3960.0,-2754.0,2754.0,1206.0,0.0,-807.0,702.0,105.0,0.0,399.0,-31.0,28.0,33.0,-5.0,,3.0,368.0,-57.0,311.0,0.0,0.0,0.0,311.0,0.0,311.0,0.0,0.0,311.0,313.0,2.0,335.4,0.93,0.93,0.933214,339.8,0.91,0.91,0.915886,
06/30/2012,4068.0,4068.0,-2815.0,2815.0,1253.0,0.0,-796.0,690.0,106.0,0.0,457.0,-38.0,30.0,32.0,-2.0,,8.0,419.0,-37.0,382.0,0.0,0.0,0.0,382.0,0.0,382.0,0.0,0.0,382.0,392.0,10.0,337.0,1.13,1.13,1.163205,339.5,1.12,1.12,1.149455,
09/30/2012,3950.0,3950.0,-2747.0,2747.0,1203.0,0.0,-789.0,687.0,102.0,0.0,414.0,-38.0,42.0,46.0,-4.0,,-4.0,376.0,-29.0,347.0,0.0,0.0,0.0,347.0,-2.0,345.0,0.0,0.0,345.0,363.0,18.0,337.6,1.02,1.02,1.075237,339.8,1.02,1.02,1.072972,
12/31/2012,4333.0,4333.0,-3132.0,3132.0,1201.0,0.0,-941.0,815.0,126.0,0.0,260.0,-172.0,108.0,116.0,-8.0,,64.0,88.0,92.0,180.0,0.0,0.0,0.0,180.0,-1.0,179.0,0.0,0.0,179.0,316.0,137.0,381.3,0.47,0.47,0.828744,384.4,0.46,0.46,0.8164,
03/31/2013,5310.0,5310.0,-3735.0,3735.0,1575.0,0.0,-1110.0,958.0,152.0,0.0,465.0,-65.0,75.0,75.0,0.0,,-10.0,400.0,-20.0,380.0,0.0,0.0,0.0,380.0,-2.0,378.0,0.0,0.0,378.0,400.0,22.0,471.9,0.8,0.8,0.847637,475.1,0.79,0.79,0.836306,
06/30/2013,5602.0,5602.0,-3870.0,3870.0,1732.0,0.0,-1121.0,960.0,161.0,0.0,611.0,-77.0,71.0,74.0,-3.0,,6.0,534.0,-37.0,497.0,0.0,0.0,0.0,497.0,-3.0,494.0,0.0,0.0,494.0,519.0,25.0,473.4,1.04,1.04,1.096324,476.3,1.04,1.04,1.092488,
09/30/2013,5607.0,5607.0,-3883.0,3883.0,1724.0,0.0,-1133.0,967.0,166.0,0.0,591.0,-70.0,63.0,85.0,-22.0,,7.0,521.0,-7.0,514.0,0.0,0.0,0.0,514.0,-4.0,510.0,0.0,0.0,510.0,536.0,26.0,474.0,1.08,1.08,1.130802,477.2,1.07,1.07,1.124484,
12/31/2013,5527.0,5527.0,-3881.0,3881.0,1646.0,0.0,-1166.0,1001.0,165.0,0.0,480.0,-51.0,62.0,79.0,-17.0,,-11.0,429.0,53.0,482.0,0.0,0.0,0.0,482.0,-3.0,479.0,0.0,0.0,479.0,516.0,37.0,474.7,1.01,1.16,1.087002,478.2,1.0,1.14,1.087002,
03/31/2014,5492.0,5492.0,-3858.0,3858.0,1634.0,0.0,-1124.0,962.0,162.0,0.0,510.0,-57.0,62.0,67.0,-5.0,,-5.0,453.0,-12.0,441.0,0.0,0.0,0.0,441.0,-2.0,439.0,0.0,0.0,439.0,483.0,44.0,475.8,0.92,0.92,1.015132,478.8,0.92,0.92,1.011896,
06/30/2014,5767.0,5767.0,-4025.0,4025.0,1742.0,0.0,-1796.0,984.0,168.0,644.0,-54.0,111.0,55.0,62.0,-7.0,,-166.0,57.0,115.0,172.0,0.0,0.0,0.0,172.0,-1.0,171.0,0.0,0.0,171.0,511.2,340.2,475.9,0.36,0.36,1.074175,478.5,0.36,0.36,1.070972,
09/30/2014,5728.0,5728.0,-3916.0,3916.0,1812.0,0.0,-1124.0,961.0,163.0,0.0,688.0,-46.0,56.0,62.0,-6.0,,-10.0,642.0,-37.0,605.0,0.0,0.0,0.0,605.0,-3.0,602.0,0.0,0.0,602.0,616.0,14.0,474.8,1.27,1.27,1.297388,477.2,1.26,1.26,1.289338,
12/31/2014,5565.0,5565.0,-3847.0,3847.0,1718.0,0.0,-1057.0,903.0,154.0,0.0,661.0,-52.0,54.0,59.0,-5.0,,-2.0,609.0,-24.0,585.0,0.0,0.0,0.0,585.0,-4.0,581.0,0.0,0.0,581.0,602.0,21.0,470.0,1.24,1.24,1.280851,472.5,1.23,1.23,1.274444,
03/31/2015,5223.0,5223.0,-3593.0,3593.0,1630.0,0.0,-1073.0,915.0,158.0,0.0,557.0,-52.0,57.0,59.0,-2.0,,-5.0,505.0,-38.0,467.0,0.0,0.0,0.0,467.0,-1.0,466.0,0.0,0.0,466.0,473.0,7.0,467.9,1.0,1.0,1.0109,470.0,0.99,0.99,1.004894,
06/30/2015,5372.0,5372.0,-3675.0,3675.0,1697.0,0.0,-1059.0,901.0,158.0,0.0,638.0,-40.0,59.0,60.0,-1.0,,-19.0,598.0,-63.0,535.0,0.0,0.0,0.0,535.0,0.0,535.0,0.0,0.0,535.0,545.6,10.6,467.6,1.14,1.14,1.166809,469.2,1.14,1.14,1.162592,
09/30/2015,5203.0,5203.0,-3597.0,3597.0,1606.0,0.0,-1063.0,907.0,156.0,0.0,543.0,-56.0,59.0,59.0,0.0,,-3.0,487.0,-42.0,445.0,0.0,0.0,0.0,445.0,1.0,446.0,0.0,0.0,446.0,526.45,80.45,465.1,0.96,0.96,1.131907,466.4,0.96,0.96,1.131907,
12/31/2015,5057.0,5057.0,-3427.0,3427.0,1630.0,0.0,-1026.0,873.0,153.0,0.0,604.0,-49.0,57.0,60.0,-3.0,,-8.0,555.0,-21.0,534.0,0.0,0.0,0.0,534.0,-2.0,532.0,0.0,0.0,532.0,542.3,10.3,461.4,1.15,1.15,1.175336,462.7,1.15,1.15,1.172261,
03/31/2016,4813.0,4813.0,-3291.0,3291.0,1522.0,0.0,-1041.0,892.0,149.0,0.0,481.0,-39.0,57.0,59.0,-2.0,,-18.0,442.0,-39.0,403.0,0.0,0.0,0.0,403.0,1.0,404.0,0.0,0.0,404.0,444.95,40.95,458.6,0.88,0.88,0.970235,459.8,0.88,0.88,0.96906,
06/30/2016,5080.0,5080.0,-3419.0,3419.0,1661.0,0.0,-1046.0,897.0,149.0,0.0,615.0,-62.0,57.0,59.0,-2.0,,5.0,553.0,-61.0,492.0,0.0,0.0,0.0,492.0,-1.0,491.0,0.0,0.0,491.0,514.75,23.75,457.0,1.08,1.08,1.126368,458.3,1.07,1.07,1.121822,
09/30/2016,4987.0,4987.0,-3371.0,3371.0,1616.0,0.0,-999.0,853.0,146.0,0.0,617.0,-44.0,59.0,60.0,-1.0,,-15.0,573.0,-51.0,522.0,0.0,0.0,0.0,522.0,1.0,523.0,0.0,0.0,523.0,538.95,15.95,453.9,1.15,1.15,1.187376,455.6,1.15,1.15,1.185009,
12/31/2016,4867.0,4867.0,-3319.0,3319.0,1548.0,0.0,-1008.0,863.0,145.0,0.0,540.0,19.0,60.0,62.0,-2.0,,-79.0,559.0,-51.0,508.0,0.0,0.0,0.0,508.0,-4.0,504.0,0.0,0.0,504.0,563.5,59.5,450.5,1.12,1.12,1.250832,452.4,1.12,1.12,1.250832,
03/31/2017,4848.0,4848.0,-3307.0,3307.0,1541.0,0.0,-1019.0,799.0,143.0,77.0,522.0,-55.0,61.0,65.0,-4.0,,-6.0,467.0,-33.0,434.0,0.0,0.0,0.0,434.0,0.0,434.0,0.0,0.0,434.0,435.0,1.0,448.8,0.97,0.97,0.969251,451.0,0.96,0.96,0.962217,
06/30/2017,5132.0,5132.0,-3448.0,3448.0,1684.0,0.0,-1041.0,817.0,150.0,74.0,643.0,-71.0,60.0,64.0,-4.0,,11.0,572.0,-55.0,517.0,0.0,0.0,0.0,517.0,-1.0,516.0,0.0,0.0,516.0,516.65,0.65,446.3,1.16,1.16,1.157629,448.6,1.15,1.15,1.151449,
09/30/2017,5211.0,5211.0,-3466.0,3466.0,1745.0,0.0,-1049.0,821.0,147.0,81.0,696.0,998.0,60.0,69.0,-9.0,,-1058.0,1694.0,-293.0,1401.0,0.0,0.0,0.0,1401.0,0.0,1401.0,0.0,0.0,1401.0,573.3,-827.7,442.6,3.16,3.16,1.2953,445.2,3.14,3.14,1.280836,
12/31/2017,5213.0,5213.0,-3535.0,3535.0,1678.0,0.0,-1006.0,805.0,144.0,57.0,672.0,-37.0,65.0,75.0,-10.0,,-28.0,635.0,-1.0,634.0,0.0,0.0,0.0,634.0,0.0,634.0,0.0,0.0,634.0,599.65,-34.35,440.3,1.44,1.44,1.361912,443.3,1.43,1.43,1.352513,
03/31/2018,5251.0,5251.0,-3573.0,3573.0,1678.0,0.0,-1045.0,826.0,156.0,63.0,633.0,-68.0,70.0,80.0,-10.0,,-2.0,565.0,-78.0,487.0,0.0,0.0,0.0,487.0,1.0,488.0,0.0,0.0,488.0,488.0,0.0,438.8,1.11,1.11,1.11,441.7,1.1,1.1,1.1,
06/30/2018,5487.0,5487.0,-3671.0,3671.0,1816.0,0.0,-1046.0,827.0,145.0,74.0,770.0,-76.0,68.0,80.0,-12.0,,8.0,694.0,-83.0,611.0,0.0,0.0,0.0,611.0,-1.0,610.0,0.0,0.0,610.0,610.0,0.0,435.2,1.4,1.4,1.4,437.3,1.39,1.39,1.39,
09/30/2018,5412.0,5412.0,-3597.0,3597.0,1815.0,0.0,-1027.0,813.0,138.0,76.0,788.0,-349.0,67.0,74.0,-7.0,,282.0,439.0,-23.0,416.0,0.0,0.0,0.0,416.0,0.0,416.0,0.0,0.0,416.0,641.75,225.75,433.5,0.96,0.96,1.480392,436.3,0.95,0.95,1.467419,
12/31/2018,5459.0,5459.0,-3670.0,3670.0,1789.0,0.0,-1014.0,804.0,145.0,65.0,775.0,-49.0,66.0,66.0,0.0,,-17.0,726.0,-94.0,632.0,0.0,0.0,0.0,632.0,-1.0,631.0,0.0,0.0,631.0,623.1,-7.9,429.9,1.46,1.46,1.449407,432.4,1.46,1.46,1.44173,
03/31/2019,5305.0,5305.0,-3573.0,3573.0,1732.0,0.0,-1073.0,826.0,156.0,91.0,659.0,-56.0,66.0,66.0,0.0,,-10.0,603.0,-81.0,522.0,0.0,0.0,0.0,522.0,0.0,522.0,0.0,0.0,522.0,533.0,11.0,424.0,1.23,1.23,1.257075,425.9,1.23,1.23,1.255828,
06/30/2019,5533.0,5533.0,-3697.0,3697.0,1836.0,0.0,-1058.0,816.0,151.0,91.0,778.0,-40.0,63.0,63.0,0.0,,-23.0,738.0,-102.0,636.0,0.0,0.0,0.0,636.0,0.0,636.0,0.0,0.0,636.0,650.0,14.0,421.6,1.51,1.51,1.541746,423.1,1.5,1.5,1.533089,
09/30/2019,5314.0,5314.0,-3512.0,3512.0,1802.0,0.0,-1032.0,764.0,147.0,121.0,770.0,-52.0,54.0,,,,-2.0,718.0,-116.0,602.0,0.0,0.0,0.0,602.0,-1.0,601.0,0.0,0.0,601.0,636.0,35.0,416.6,1.44,1.44,1.526644,418.4,1.44,1.44,1.523652,
12/31/2019,5238.0,5238.0,-3556.0,3556.0,1682.0,0.0,-1026.0,689.0,152.0,185.0,656.0,-124.0,53.0,,,,71.0,532.0,-79.0,453.0,0.0,0.0,0.0,453.0,-1.0,452.0,0.0,0.0,452.0,605.0,153.0,413.3,1.09,1.09,1.463828,415.8,1.09,1.09,1.457965,
03/31/2020,4789.0,4789.0,-3302.0,3302.0,1487.0,0.0,-805.0,857.0,153.0,-205.0,682.0,-61.0,34.0,34.0,0.0,,27.0,621.0,-183.0,438.0,0.0,0.0,0.0,438.0,0.0,438.0,0.0,0.0,438.0,447.0,9.0,409.3,1.07,1.07,1.092109,411.1,1.07,1.07,1.091893,
06/30/2020,3856.0,3856.0,-2877.0,2877.0,979.0,0.0,-817.0,691.0,126.0,0.0,162.0,-115.0,38.0,38.0,0.0,,77.0,47.0,7.0,54.0,0.0,0.0,0.0,54.0,-3.0,51.0,0.0,0.0,51.0,279.26008,228.26008,400.4,0.13,0.13,0.697453,401.3,0.13,0.13,0.697453,
09/30/2020,4204.632,,,,1348.8459456,,,,,,551.0,,,,,,,483.444,,406.667,,,,,,406.667,,,406.667,415.667,,,1.016,1.016,1.04,,1.016,1.016,1.04,
12/31/2020,4407.526,,,,1429.44883232,,,,,,584.0,,,,,,,544.444,,439.222,,,,,,439.222,,,439.222,451.0,,,1.103,1.103,1.126,,1.103,1.103,1.126,
