Date,Revenue,Revenue From Electric,Regulated Electric Revenue,Unregulated Electric Revenue,Other Electric Revenue,Revenue from Gas,Revenue from Water,Other Revenue,Cost of Revenue,Fuel & Purchased Power Cost,Fuel Cost,Purchased Power Cost,Purchased Gas & Water Cost,Other Cost of Revenue,Gross Profit,Operating Expenses,Maintenance Expenses,Depreciation Expenses,Taxes Other Than Income,Other Operating Expense,Operating Income (Loss),Non-Operating (Income) Loss,"Interest Expense, Net",Total Interest Income,AFUDC - Equity,Interest Income,Interest Expense,Interest Expenses on Bonds,AFUDC - Debts,Other Interest Expenses,Other Non-Op (Income) Loss,Pretax Income,Income Tax Expense (Benefit),Income (Loss) from Cont Ops,Net Extraordinary Losses (Gains),Discontinued Operations,XO & Accounting Changes,Income (Loss) Incl. MI,Minority Interest,"Net Income, GAAP",Preferred Dividends,Other Adjustments,"Net Income Avail to Common, GAAP","Net Income Avail to Common, Adj",Net Abnormal Losses (Gains),Basic Weighted Avg Shares,"Basic EPS, GAAP",Basic EPS from Cont Ops,"Basic EPS from Cont Ops, Adjusted",Diluted Weighted Avg Shares,"Diluted EPS, GAAP",Diluted EPS from Cont Ops,"Diluted EPS from Cont Ops, Adjusted",Source: Bloomberg
03/31/1990,889.429993,859.312012,,,,30.118,0.0,0.0,-236.820999,217.067001,177.774002,39.292999,19.754,,652.608994,-380.854004,57.966,102.672997,45.464001,174.751007,271.755005,-113.330997,,,1.223,,157.563995,152.309006,-1.391,6.646,-43.009998,158.424008,-53.624001,104.800003,0.0,,,104.800007,0.0,104.800003,-16.124001,,88.676003,88.676003,,202.595001,0.44,0.44,0.44,202.595001,0.44,0.44,0.44,
06/30/1990,939.281006,921.572021,,,,17.709,0.0,0.0,-237.712006,225.660999,200.723999,24.937,12.051,,701.569,-392.880005,60.134998,105.383003,46.719002,180.643005,308.688995,-119.179006,,,0.963,,157.658005,152.134003,-1.134,6.658,-37.515999,189.509989,-64.325996,125.183998,0.0,,,125.183993,0.0,125.183998,-15.813,,109.370998,109.370998,,200.214005,0.55,0.55,0.55,200.214005,0.55,0.55,0.55,
09/30/1990,1227.248047,1212.817017,,,,14.431,0.0,0.0,-308.169006,298.930996,252.731995,46.199001,9.238,,919.079041,-445.589996,67.252998,108.369003,45.341,224.626999,473.489014,-103.557997,,,1.273,,158.003998,154.436996,-1.451,5.018,-53.173,369.931016,-144.764008,225.167007,0.0,,,225.167009,0.0,225.167007,-15.574,,209.593007,209.593007,,194.972,1.07,1.07,1.07,194.972,1.07,1.07,1.07,
12/31/1990,926.103027,900.41803,,,,25.684999,0.0,0.0,-242.800003,222.124992,176.983994,45.140999,20.674999,,683.303024,-424.731995,92.377998,76.470001,41.285999,214.598007,258.571014,-120.058004,,,1.74,,156.563004,153.184006,-1.45,4.829,-34.764999,138.51301,-52.560001,85.953003,0.0,,,85.953009,0.0,85.953003,-15.275,,70.678003,70.678003,,185.727005,0.381,0.38,0.38,185.727005,0.381,0.38,0.38,
03/31/1991,892.986023,865.049988,,,,27.936001,0.0,0.0,-223.923996,206.449001,158.397003,48.051998,17.475,,669.062027,-408.332001,64.595001,104.832001,44.991001,193.914001,260.730011,-117.292992,,,1.861,,156.136993,151.787003,-1.871,6.221,-36.983002,143.437019,-43.153999,100.282997,0.0,,,100.28302,0.0,100.282997,-14.827,,85.455997,85.455997,,184.613998,0.46,0.46,0.46,184.613998,0.46,0.46,0.46,
06/30/1991,981.356018,966.570007,,,,14.786,0.0,0.0,-246.013,236.680004,173.940002,62.740002,9.333,,735.343018,-460.631989,68.825996,94.555,48.77,248.481003,274.710999,-131.363001,,,2.426,,157.498001,151.248001,-2.325,8.575,-23.709,143.347997,-46.509998,96.837997,0.0,,,96.837999,0.0,96.837997,-14.909,,81.928997,81.928997,,183.979996,0.45,0.45,0.45,183.979996,0.45,0.45,0.45,
09/30/1991,1255.114014,1242.000977,,,,13.113,0.0,0.0,-309.803986,301.188,247.057999,54.130001,8.616,,945.310028,-480.537994,61.296001,102.797997,51.512001,264.932007,464.772003,-119.549005,,,1.977,,152.962006,148.158005,-1.832,6.636,-31.436001,345.222998,-125.367996,219.854996,0.0,,,219.855002,0.0,219.854996,-16.5,,203.354996,203.354996,,181.977005,1.12,1.12,1.12,181.977005,1.12,1.12,1.12,
12/31/1991,921.973022,900.856995,,,,21.115999,0.0,0.0,-211.362,196.800003,156.591003,40.209,14.562,,710.611023,-400.033997,88.103996,96.679001,38.973999,176.276993,310.576996,-120.826994,,,1.657,,153.052994,148.604004,-1.364,5.813,-30.569,189.750002,-62.118999,127.630997,0.0,,,127.631003,0.0,127.630997,-16.339001,,111.291996,111.291996,,180.089005,0.61,0.61,0.61,180.089005,0.61,0.61,0.61,
03/31/1992,916.46698,893.598022,,,,22.868999,0.0,0.0,-226.604004,214.290997,164.380997,49.91,12.313,,689.862976,-439.170013,69.134003,105.282997,50.57,214.182999,250.692993,-77.818,,,2.419,,140.972,135.972,-1.695,6.695,-60.735001,172.874994,-61.648998,111.225998,0.0,,,111.225995,0.0,111.225998,-15.949,,95.276998,95.276998,,177.981995,0.54,0.54,0.54,177.981995,0.54,0.54,0.54,
06/30/1992,958.120972,944.083984,,,,14.037,0.0,0.0,-231.179001,223.014004,164.701004,58.313,8.165,,726.941971,-462.039001,83.223999,105.403999,47.028,226.382996,264.903015,-114.732995,,,1.884,,139.257996,134.003006,-1.293,6.548,-22.641001,150.17002,-51.911999,98.258003,0.0,,,98.258021,0.0,98.258003,-16.156,,82.102003,82.102003,,177.044006,0.46,0.46,0.46,177.044006,0.46,0.46,0.46,
09/30/1992,1237.894043,1224.973022,,,,12.921,0.0,0.0,-307.636993,300.052994,233.104996,66.947998,7.584,,930.25705,-480.153015,66.527,107.198997,48.453999,257.972992,450.104004,-114.455995,,,1.508,,137.218994,131.029007,-1.047,7.237,-21.254999,335.648009,-115.671997,219.975998,0.0,,,219.976012,0.0,219.975998,-15.398,,204.577998,204.577998,,176.151001,1.16,1.16,1.16,176.151001,1.16,1.16,1.16,
12/31/1992,1004.017029,980.900024,,,,23.117001,0.0,0.0,-265.94101,250.791004,197.283005,53.507999,15.15,,738.076019,-535.109009,82.950996,107.071999,51.842999,293.243011,202.966995,-104.423005,,,1.544,,136.811005,128.664001,-1.059,9.206,-30.844,98.54399,-27.23,71.314003,0.0,,,71.31399,0.0,71.314003,-15.634,,55.680003,55.680003,,175.136993,0.32,0.32,0.32,175.136993,0.32,0.32,0.32,
03/31/1993,926.411987,897.265991,,,,29.146,0.0,0.0,-233.748001,217.917995,161.104996,56.813,15.83,,692.663986,-468.13501,66.383003,110.129997,48.41,243.212006,224.529007,-111.268007,,,2.152,,128.807007,123.719002,-1.526,6.614,-15.387,113.261,-41.362999,71.898003,-93.841007,,,165.739008,0.0,165.738998,-14.585,,151.153998,151.153998,,175.108994,0.86,0.32,0.32,175.108994,0.86,0.32,0.32,
06/30/1993,1070.102051,1051.484009,,,,18.618,0.0,0.0,-260.681,249.425995,170.705994,78.720001,11.255,,809.421051,-477.921997,81.328003,109.092003,48.633999,238.867996,331.498993,-109.678999,,,2.174,,131.779999,123.110001,-1.495,10.165,-19.927,221.819994,-76.565002,145.255005,0.0,,,145.254992,0.0,145.255005,-14.395,,130.860004,130.860004,,174.746002,0.75,0.75,0.75,174.746002,0.75,0.75,0.75,
09/30/1993,1410.95105,1397.006958,,,,13.944,0.0,0.0,-378.606995,369.639999,296.960999,72.679001,8.967,,1032.344055,-522.372986,74.022003,110.676003,48.598999,289.075989,509.971008,-111.330006,,,1.451,,128.712006,121.502998,-0.953,8.162,-15.931,398.641002,-151.227005,247.414001,0.0,,,247.413997,0.0,247.414001,-13.984,,233.430001,233.430001,,174.533997,1.34,1.34,1.34,174.533997,1.34,1.34,1.34,
12/31/1993,1077.873047,1048.588989,,,,29.284,0.0,0.0,-322.709991,302.145005,232.287003,69.858002,20.565001,,755.163056,-576.65802,84.932999,113.608002,53.507999,324.609009,178.505005,-112.776002,,,2.272,,123.871002,120.467003,-1.504,4.908,-8.823,65.729003,-15.648,50.081001,0.0,,,50.081003,0.0,50.081001,-13.595,,36.486001,36.486001,,175.169998,0.21,0.21,0.21,175.169998,0.21,0.21,0.21,
03/31/1994,1406.03894,1340.251953,,,,54.078999,0.0,11.708,-439.523987,439.523994,314.727997,124.795998,,,966.514954,-679.09198,,160.809006,72.851997,445.431,287.423004,-153.996005,,,3.535,,171.893005,160.395004,-2.642,14.14,-14.362,133.426999,-41.75,91.677002,0.0,,,91.676999,0.0,91.677002,-20.941999,,70.735003,70.735003,,230.585007,0.31,0.31,0.31,230.585007,0.31,0.31,0.31,
06/30/1994,1586.297974,1551.672974,,,,22.766001,0.0,11.859,-467.544006,467.543999,357.710999,109.833,,,1118.753967,-703.065979,,160.856003,70.067001,472.143005,415.687988,-161.172005,,,3.135,,167.783005,158.865997,-2.527,11.444,-3.476,254.515984,-89.752998,164.763,0.0,,,164.762985,0.0,164.763,-20.426001,,144.337,144.337,,229.440994,0.63,0.63,0.63,229.440994,0.63,0.63,0.63,
09/30/1994,1805.524048,1776.982056,,,,17.107,0.0,11.435,-502.886993,502.886986,430.717987,72.168999,,,1302.637054,-835.231018,,166.386993,71.445999,597.39801,467.406006,-170.246997,,,2.603,,169.949997,160.927994,-2.228,11.25,2.9,297.159009,-133.654007,163.505005,0.0,,,163.505002,0.0,163.505005,-20.306,,143.199005,143.199005,,227.470993,0.63,0.63,0.63,227.470993,0.63,0.63,0.63,
12/31/1994,1165.428955,1128.862061,,,,25.01,0.0,11.557,-387.345001,387.34499,343.23999,44.105,,,778.083954,-747.89502,,168.843994,69.869003,509.182007,30.188999,-160.007994,,,2.63,,168.330994,170.871994,-2.541,,-5.693,-129.818995,133.432999,3.614,0.0,,,3.614004,0.0,3.614,-20.044001,,-16.430001,-16.430001,,227.395996,-0.07,-0.07,-0.07,227.395996,-0.07,-0.07,-0.07,
03/31/1995,1337.400024,1277.48999,,,,40.669998,0.0,19.24,-371.468994,371.468994,288.959991,82.509003,,,965.93103,-707.48999,,170.479996,76.635002,460.375,258.44101,-147.373996,,,2.494,,167.423996,160.630997,-2.197,8.99,-17.556,111.067013,-36.240002,74.827003,-35.415001,,,110.242013,0.0,110.241997,-19.85,,90.391996,90.391996,,227.414993,0.4,0.244,0.244,227.414993,0.4,0.244,0.244,
06/30/1995,1572.06897,1539.160034,,,,20.118,0.0,12.791,-405.235992,405.236008,312.803009,92.432999,,,1166.832977,-721.041016,,169.557007,73.872002,477.612,445.791992,-153.236006,,,2.353,,164.697006,161.042007,-2.007,5.662,-9.108,292.555986,-110.803001,181.753006,0.0,,,181.752984,0.0,181.753006,-19.049999,,162.703007,162.703007,,227.748001,0.71,0.71,0.71,227.748001,0.71,0.71,0.71,
09/30/1995,1937.454956,1910.286987,,,,15.073,0.0,12.095,-572.013,572.013008,464.751007,107.262001,,,1365.441956,-739.258972,,176.093002,76.209,486.957001,626.182983,-164.279,,,2.206,,162.084,157.759995,-1.978,6.302,4.401,461.903984,-178.330994,283.572998,0.0,,,283.57299,0.0,283.572998,-20.455,,263.117998,263.117998,,227.751007,1.16,1.16,1.16,227.751007,1.16,1.16,1.16,
12/31/1995,1427.504028,1394.203979,,,,28.131001,0.0,5.169,-403.766998,403.766998,329.375,74.391998,,,1023.73703,-784.887024,,174.710999,73.209999,536.966003,238.850006,-205.660992,,,2.576,,165.026993,154.417999,-2.186,12.795,43.209999,33.189014,-10.808,22.381001,0.0,,,22.381014,0.0,22.381001,-18.614,,3.767001,3.767001,,227.759995,0.01,0.01,0.015,227.759995,0.01,0.01,0.015,
03/31/1996,1598.991943,1413.067993,,,,57.473,0.0,128.451004,-533.921021,533.921005,375.764008,158.156998,,,1065.070923,-722.66803,,194.567001,88.971001,439.130005,342.403015,-363.714003,,,2.558,,182.552002,172.843002,-2.138,11.847,183.720001,-21.310988,-47.68,-68.990997,0.0,,,-68.990988,0.0,-68.990997,-18.080999,,-87.071997,-87.071997,,227.781006,-0.38,-0.38,-0.38,227.781006,-0.38,-0.38,-0.38,
06/30/1996,1852.525024,1674.609985,,,,28.990999,0.0,148.923996,-594.702026,594.702011,405.549011,189.153,,,1257.822998,-757.80603,,195.100006,89.942001,472.764008,500.016998,-165.843008,,,2.796,,182.473007,174.703995,-2.329,10.098,-13.834,334.173991,-127.473,206.701004,0.0,,,206.700991,0.0,206.701004,-18.378,,188.323004,188.323004,,228.035995,0.83,0.83,0.83,228.035995,0.83,0.83,0.83,
09/30/1996,2138.272949,1966.968994,,,,21.402,0.0,149.901993,-705.593018,705.592987,527.768982,177.824005,,,1432.679932,-832.976013,,196.936996,90.571999,545.46698,599.703979,-105.195994,,,2.399,,179.983994,164.794998,-2.032,17.221001,-72.389,494.507986,-193.395004,301.113007,0.0,,,301.112982,0.0,301.113007,-21.233,,279.880007,279.880007,,228.604004,1.22,1.22,1.22,228.604004,1.22,1.22,1.22,
12/31/1996,1573.735962,1396.292969,,,,26.59,0.0,150.852997,-506.412994,506.41301,326.803009,179.610001,,,1067.322968,-830.726013,,204.343994,83.785004,542.596985,236.597,-127.449003,,,2.198,,170.229004,162.190002,-1.848,9.887,-40.582001,109.147997,-52.611,56.536999,0.0,,,56.536997,0.0,56.536999,-17.641001,,38.895998,38.895998,,231.889999,0.17,0.17,0.18,231.889999,0.17,0.17,0.18,
03/31/1997,2045.753052,1451.925049,,,,57.495998,0.0,536.33197,-819.703979,819.70401,398.742004,420.962006,,,1226.049072,-853.830994,,228.029007,92.990997,532.810974,372.217987,-174.531993,,,3.033,,194.957993,185.490005,-2.437,11.905,-17.393,197.685994,-67.028999,130.656998,0.0,,,130.656995,0.0,130.656998,-20.895,,109.761997,109.761997,,235.132996,0.47,0.47,0.47,235.229996,0.47,0.47,0.47,
06/30/1997,2178.090088,1502.741943,,,,23.025,0.0,652.322998,-809.504028,809.504028,339.778015,469.726013,,,1368.58606,-934.698975,,241.285995,90.205002,603.208008,433.886993,-181.759004,,,3.035,,214.018005,205.309998,-2.44,11.148,-29.224001,252.127989,-88.838997,163.289001,0.0,,,163.288992,0.0,163.289001,-17.013,,146.276001,146.276001,,238.578003,0.61,0.61,0.61,238.639008,0.61,0.61,0.61,
09/30/1997,2797.586914,1998.057983,,,,17.516001,0.0,782.013,-1165.745972,1165.746002,509.532013,656.213989,,,1631.840942,-959.223999,,246.735992,92.233002,620.255005,672.617004,-457.211998,,,1.777,,223.994995,208.908997,-1.455,16.541,234.994003,215.405006,-117.375,98.029999,0.0,,,98.030006,0.0,98.029999,-17.087999,,80.941999,80.941999,,242.171997,0.33,0.33,1.05,242.171997,0.33,0.33,1.05,
12/31/1997,2540.291016,1586.105957,,,,39.307999,0.0,914.877014,-1200.897949,1200.898011,428.989014,771.908997,,,1339.393067,-960.95697,,263.957001,90.010002,606.98999,378.436005,-250.095995,,,2.212,,207.981995,197.557007,-1.605,12.03,44.326,128.34001,-198.098007,-69.758003,0.0,,,-69.757997,0.0,-69.758003,-19.539,,-89.297003,-89.297003,,234.992004,-0.38,-0.38,0.12,234.992004,-0.38,-0.38,0.12,
03/31/1998,2313.092041,1320.052002,,,,50.424999,0.0,942.61499,-1127.636963,1127.637024,348.963013,778.674011,,,1185.455078,-899.947998,,252.457993,95.793999,551.695984,285.506989,-165.876004,,,2.349,,199.798004,191.576004,-1.88,10.102,-31.573,119.630984,-48.398998,71.232002,0.0,,,71.231986,0.0,71.232002,-22.954,,48.278002,48.278002,,245.919998,0.2,0.2,0.2,246.188171,0.2,0.2,0.2,
06/30/1998,2508.813965,1502.357056,,,,24.188,0.0,982.268982,-1136.118042,1136.117981,327.854004,808.263977,,,1372.695923,-899.986023,,245.089005,90.318001,564.578979,472.709991,-181.199,,,3.274,,202.681,191.309998,-2.682,14.053,-18.208,291.510992,-66.582001,224.929001,0.0,,,224.928991,0.0,224.929001,-20.653999,,204.275002,204.275002,,246.451996,0.83,0.83,0.829987,246.501007,0.83,0.83,0.83,
09/30/1998,4587.446777,2032.463013,,,,17.003,0.0,2537.980957,-3003.918945,3003.919006,579.960999,2423.958008,,,1583.527832,-992.85498,,256.375,91.032997,645.447021,590.672974,-236.830002,,,4.027,,190.927002,182.899002,-3.453,11.481,49.93,353.842971,-77.838997,276.003998,0.0,,,276.003974,0.0,276.003998,-25.018,,250.985998,250.985998,,246.615997,1.02,1.02,1.02,246.772995,1.02,1.02,1.02,
12/31/1998,2085.418945,1281.449951,,,,23.739,0.0,780.22998,-1023.797974,1023.797974,449.25,574.547974,,,1061.620972,-898.656006,,231.007004,85.008003,582.640991,162.964996,167.042005,,,2.815,,196.481003,169.815994,-2.746,29.410999,-360.708008,330.007001,-73.915001,256.09201,0.0,,,256.092,0.0,256.09201,-20.562,,235.53001,235.53001,,246.595993,0.96,0.96,0.96,246.994003,0.96,0.96,0.96,
03/31/1999,1639.921997,1238.583008,,,,37.730999,0.0,363.608002,-776.771973,776.772003,402.972992,373.799011,,,863.150024,-659.715027,,197.042007,83.066002,379.605011,203.434998,-80.647003,,,5.411,,126.593002,122.530998,-4.479,8.541,-40.535,122.787995,-45.173,77.614998,0.0,,,77.614995,0.0,77.611,-15.434,,62.177,62.177,,246.578995,0.25,0.25,0.21,246.716003,0.25,0.25,0.21,
06/30/1999,2316.404053,1613.135986,,,,22.149,0.0,681.119019,-1167.697998,1167.698029,490.871002,676.827026,,,1148.706055,-774.755005,,177.181,83.052727,514.520996,373.950989,-73.049995,,,7.348,,151.179993,120.164001,-5.926,36.942001,-70.781998,300.900994,-86.432999,214.468002,0.0,,,214.467995,0.0,214.468002,-14.691,,199.777002,199.777002,,246.796005,0.81,0.81,0.72,247.207001,0.81,0.81,0.72,
09/30/1999,3064.534912,2019.512939,,,,18.441,0.0,1026.581055,-1724.06604,1724.065979,584.210999,1139.85498,,,1340.468872,-738.755981,,173.188004,93.028,472.540009,601.713013,-90.047002,,,7.877,,123.470001,116.612999,-6.064,12.921,-25.546,511.666011,-210.796997,300.868988,0.0,,,300.869014,0.0,300.867188,-14.648,,286.219188,286.219188,,246.253998,1.16,1.16,1.15,246.386993,1.16,1.16,1.15,
12/31/1999,1752.366943,1400.182007,,,,32.034,0.0,320.151001,-856.822998,856.823013,604.820007,252.003006,,,895.543945,-822.989014,,197.457993,80.137001,545.395996,72.555,-37.377006,,,8.655,,135.518005,117.569,-6.116,24.066999,-89.486,35.177995,-14.264,20.914,0.0,,,20.913995,0.0,20.914,-16.632,,4.282,4.282,,240.931,0.02,0.02,0.08,240.931,0.02,0.02,0.08,
03/31/2000,1811.491943,1352.895996,,,,45.881001,0.0,412.714996,-867.297974,867.298004,497.753998,369.544006,,,944.19397,-657.588989,,178.276001,79.616997,399.696014,286.605011,-90.659996,,,7.695,,127.853996,113.658997,-6.088,20.283001,-29.499001,195.945015,-82.824997,113.120003,0.0,,,113.120018,0.0,113.120003,-14.259,,98.861003,98.861003,,236.608002,0.42,0.42,0.48,236.671997,0.42,0.42,0.48,
06/30/2000,2137.788086,1664.687988,,,,28.396,0.0,444.70401,-966.95697,966.957001,464.436005,502.520996,,,1170.831116,-737.29303,,178.748993,83.540001,475.003998,433.537994,-33.193001,,,8.041,,135.942001,118.461998,-5.889,23.368999,-94.708,400.344994,-149.863007,250.481995,0.0,,,250.481987,0.0,250.481995,-13.29,,237.191995,237.191995,,228.097,1.04,1.04,0.98,228.097,1.04,1.04,0.98,
09/30/2000,3431.554932,2385.086914,,,,21.815001,0.0,1024.652954,-1952.927002,1952.927002,794.781982,1158.14502,,,1478.62793,-884.791016,,188.966995,103.188004,592.635986,593.836975,-74.512007,,,9.163,,137.264008,121.463997,-6.776,22.576,-53.589001,519.324968,-207.927002,311.39801,0.0,,,311.397966,0.0,311.39801,-11.464,,299.934011,299.934011,,222.158997,1.35,1.35,1.35,224.352005,1.34,1.34,1.34,
12/31/2000,2635.313,1817.015,,,,69.77999,0.0,748.5181,-1521.534,1521.5341,888.863,632.6711,,,1113.779,-882.177,,200.133,103.9988,578.046,231.6021,-138.542008,,,7.122999,,137.532,123.486,-5.361001,19.407,8.133007,93.060092,-38.30598,54.75398,0.0,,,54.754112,0.0,54.75398,-11.446,,43.30798,43.30798,,219.5823,0.2,0.2,0.32,223.9194,0.19,0.19,0.31,
03/31/2001,2652.427,1872.545,,,,110.384,0.0,669.498,-1489.742,1489.742,1125.863,363.879,,,1162.685,-801.718,,203.077,102.463,496.178,360.967,-86.958,,,4.943,,172.946,128.971,-3.939,47.914,-81.045,274.009,-108.429,165.58,0.0,,,165.58,0.0,165.58,-11.425,,154.155,154.155,,219.917,0.7,0.7,0.76,223.786,0.69,0.69,0.75,
06/30/2001,2506.275,1990.838,,,,30.548,0.0,484.889,-1271.514,1271.514,1025.619,245.895,,,1234.761,-754.212,,183.372,89.662,481.178,480.549,-64.415,,,6.644,,176.626,130.732,-5.492,51.386,-105.567,416.134,-165.842,250.292,0.0,,,250.292,0.0,250.292,-11.386,,238.906,238.906,,221.114,1.08,1.08,1.08,225.706,1.06,1.06,1.06,
09/30/2001,2576.889,1986.338,,,,18.212,0.0,572.339,-1204.512,1204.512,925.452,279.06,,,1372.377,-764.721,,127.65,103.593,533.478,607.656,-100.193,,,7.672,,204.835,126.67,-6.287,84.452,-96.97,507.463,-185.3,322.163,0.0,,,322.163,0.0,322.163,-9.679,,312.484,312.484,,221.676,1.41,1.41,1.26,224.83,1.39,1.39,1.24,
12/31/2001,1885.307,1395.107,,,,26.758,0.0,463.442,-737.342,737.342,604.745,132.597,,,1147.965,-1023.8,,206.933,104.132,712.735,124.165,-120.219,,,6.95,,166.733,158.547,-5.701,13.887,-39.564,3.946,3.88,7.826,-23.482,,,31.308,0.0,31.308,-10.657,,20.651,20.651,,221.05,0.09,-0.01,0.18,224.584,0.09,-0.01,0.18,
03/31/2002,1860.834,1401.009,,,,46.377,0.0,413.448,-638.347,638.347,468.861,169.486,,,1222.487,-1278.157,,205.124,102.37,970.663,-55.67,-43.211,,,6.682,,138.076,123.527,-5.638,20.187,-88.183,-98.881,25.898,-72.983,0.0,,,-72.983,0.0,-72.983,-5.94,,-78.923,-78.923,,221.943,-0.36,-0.36,0.8,226.166,-0.36,-0.36,0.8,
06/30/2002,2096.581,1686.758,,,,24.982,0.0,384.841,-704.931,704.931,471.413,233.518,0.0,,1391.65,-905.491,,205.876,82.194,617.421,486.159,-90.04,,,8.323,,144.713,121.393,-6.291,29.611,-46.35,396.119,-148.534,247.585,0.0,,,247.585,0.0,247.585,-5.932,,241.653,241.653,,224.331,1.08,1.08,1.19,228.848,1.06,1.06,1.17,
09/30/2002,2468.875,2037.957,,,,18.953,0.0,411.965,-894.689,894.689,672.217,222.472,,,1574.186,-910.497,,214.408,107.189,588.9,663.689,-68.211,,,8.726,,156.326,131.905,-6.548,30.969,-79.389,595.478,-228.678,366.8,0.0,,,366.8,0.0,366.8,-5.924,,360.876,360.876,,223.714,1.61,1.61,1.52,227.054,1.59,1.59,1.5,
12/31/2002,1878.746,1520.692,,,,35.04,0.0,323.014,-748.963,748.963,542.106,206.857,,,1129.783,-1019.372,,213.774,88.709,716.889,110.411,-86.117,,,7.928,,159.318,130.779,-6.059,34.598,-65.273,24.294,57.377,81.671,0.0,,,81.671,0.0,81.671,-5.916,,75.755,75.755,,222.191,0.34,0.34,0.35,226.639,0.33,0.33,0.34,
03/31/2003,2037.723,1601.738,,,,80.238,0.0,355.747,-756.739,756.739,388.04,368.699,,,1280.984,-917.581,,211.046,97.737,608.798,363.403,47.016,,,7.286,,129.771,117.737,-5.719,17.753,-169.501,410.419,-152.418,258.001,-142.922,,,400.923,0.0,400.923,-5.916,,395.007,395.007,,223.673,1.77,1.13,1.15,228.231,1.73,1.1,1.12,
06/30/2003,2353.908936,1925.94104,,,,33.698002,0.0,394.269989,-943.031006,943.031006,496.014008,447.016998,0.0,,1410.87793,-949.302002,,205.445999,100.504997,643.351013,461.575989,-124.225994,,,9.74,,130.733994,121.935997,-7.449,16.247,3.232,337.349995,-125.833,211.516998,0.0,,,211.516995,0.0,211.516998,-5.876,0.0,205.640998,205.640998,,226.608994,0.91,0.91,1.2,231.578995,0.89,0.89,1.17,
09/30/2003,2700.125,2235.618,,,,25.866,0.0,438.641,-1125.483,1125.483,596.046,529.437,,,1574.642,-955.637,,220.667,105.36,629.61,619.005,-26.539,,,9.936,,128.546,118.46,-7.968,18.054,-92.071,592.466,-220.816,371.65,0.0,,,371.65,0.0,371.65,-5.876,,365.774,365.774,,228.106,1.6,1.6,1.6,232.515,1.57,1.57,1.57,
12/31/2003,2103.161,1633.878,,,,46.373,0.0,422.91,-866.465,866.465,507.116,359.349,,,1236.696,-1228.468,,213.344,102.058,913.066,8.228,-44.998,,,15.747,,117.276,113.704,-12.055,15.627,-56.531,-36.77,8.993,-27.777,5.848,,,-33.625,0.0,-33.625,-5.855,0.0,-39.48,-39.48,,228.759,-0.17,-0.14,0.38,233.361,-0.17,-0.14,0.38,
03/31/2004,2251.549,1701.327,,,,83.816,0.0,466.406,-985.944,985.944,550.127,435.817,,,1265.605,-886.771,,210.648,97.303,578.82,378.834,-59.821,,,7.463,,120.521,119.46,-5.154,6.215,-53.237,319.013,-105.997,213.016,0.0,,,213.016,0.0,213.016,-5.855,,207.161,207.161,,230.265,0.9,0.9,0.9,234.979,0.88,0.88,0.88,
06/30/2004,2485.097,1952.049,,,,38.146,0.0,494.902,-1043.807,1043.807,488.368,555.439,0.0,,1441.29,-946.978,,215.64,103.283,628.055,494.312,-57.106,,,8.016,,124.804,116.211,-4.97,13.563,-59.682,437.206,-166.195,271.011,0.0,,,271.011,0.0,271.011,-5.829,0.0,265.182,265.182,,228.715,1.16,1.16,1.16,232.775,1.14,1.14,1.14,
09/30/2004,2963.581055,2389.275879,,,,33.627998,0.0,540.677002,-1404.883057,1404.882996,805.885986,598.997009,,,1558.697998,-987.226013,,236.324997,112.568001,638.333008,571.471985,-108.648998,,,13.093,,111.973999,113.488998,-8.394,6.879,9.768,462.822987,-174.776001,288.046997,0.0,,,288.046986,0.0,288.046997,-5.803,,282.243997,282.243997,,226.882996,1.24,1.24,1.41,231.128006,1.22,1.22,1.39,
12/31/2004,4846.994,3779.852,,,,105.816,,961.326,-2265.582,2265.582,1287.654,977.928,,,2581.412,-2163.518,1304.644,465.96,193.466,199.448,417.894,-258.068,,,22.02,69.482,243.448,228.448,-14.444,29.444,106.122,159.826,162.122,321.948,,,,321.948,,321.948,-12.074,,309.874,309.874,,443.300706,1.4,1.4,1.4,452.437296,1.36,1.36,1.36,
03/31/2005,2110.182,1702.017,,,,26.855,0.0,381.31,-930.609,930.609,498.986,431.623,0.0,,1179.573,-868.565,,215.521,90.616,562.428,311.008,-39.021,,,12.602,,111.474,107.266,-7.277,11.485,-59.851,271.987,-92.242,179.745,1.366,,,178.379,0.0,178.379,-6.383,0.0,171.996,171.996,,214.128023,0.8,0.81,0.81,218.633202,0.79,0.8,0.8,
06/30/2005,2445.391,2044.666,,,,12.532,0.0,388.193,-1027.922,1027.922,419.36,608.562,,,1417.469,-901.895,,204.42,95.016,602.459,515.574,-68.366,,,10.918,,113.06,105.781,-5.996,13.275,-33.776,447.208,-151.849,295.359,2.811,,,292.548,0.0,292.548,-6.398,0.0,286.15,286.15,,211.134467,1.36,1.37,1.37,215.568534,1.33,1.34,1.34,
09/30/2005,2898.258,2490.265,,,,12.343,0.0,395.65,-1355.859,1355.859,607.307,748.552,0.0,,1542.399,-888.059,0.0,217.215,98.717,572.127,654.34,-68.764,,,5.894,,123.264,111.101,-6.516,18.679,-48.606,585.576,-222.08,363.496,7.108,,,356.388,0.0,356.388,-6.436,0.0,349.952,349.952,,207.906762,1.68,1.71,1.71,212.335619,1.65,1.68,1.68,
12/31/2005,2652.416,2209.882,,,,25.93,0.0,416.604,-1382.872,1382.872,650.362,732.51,0.0,,1269.544,-958.477,0.0,219.221,98.172,641.084,311.067,-88.002,,,16.322,,127.806,116.186,-9.587,21.207,-23.482,223.065,-93.113,129.952,33.509,,,96.443,0.0,96.443,-6.21,0.0,90.233,90.233,,207.496,0.43,0.59,0.59,211.267,0.43,0.59,0.59,
03/31/2006,2568.031,2092.933,,,,37.415,0.0,437.683,-1301.541,1301.541,840.171,461.37,0.0,,1266.49,-871.727,,205.388,103.338,563.001,394.763,-72.028,,,15.459,,128.697,120.481,-9.045,17.261,-41.21,322.735,-118.83,203.905,2.239,,,201.666,0.0,201.666,-8.038,0.0,193.628,193.628,,207.732341,0.93,0.94,0.91,211.374512,0.92,0.93,0.9,
06/30/2006,2628.502,2177.71,,,,13.612,0.0,437.18,-1239.027,1239.027,661.619,577.408,,,1389.475,-902.182,,217.943,91.13,593.109,487.293,-87.935,,,8.908,,132.5,122.67,-5.405,15.235,-35.657,399.358,-122.901,276.457,-13.119,,,289.576,0.0,289.576,-7.774,0.0,281.802,281.802,,207.982485,1.35,1.29,1.24,211.557985,1.33,1.27,1.22,
09/30/2006,3254.719,2761.124,,,,12.495,0.0,481.1,-1595.335,1595.335,987.558,607.777,0.0,,1659.384,-1014.976,0.0,232.042,133.527,649.407,644.408,-45.227,,,7.721,,136.404,125.907,-4.538,15.035,-83.456,599.181,-202.437,396.744,1.05,,,395.694,0.0,395.694,-6.811,0.0,388.883,388.883,,208.382863,1.87,1.87,1.84,212.40477,1.83,1.83,1.8,
12/31/2006,2480.905,2031.364,,,,20.708,0.0,428.833,-1146.407,1146.407,654.725,491.682,,,1334.498,-1055.603,,232.419,100.567,722.617,278.895,3.753,,,7.806,,152.421,129.393,-4.943,27.971,-148.368,282.648,1.126,283.774,10.326,,,273.448,0.0,273.448,-5.16,0.0,268.288,268.288,,205.741365,1.3,1.35,0.82,210.615114,1.27,1.32,0.79,
03/31/2007,2694.06,2111.46,,,,84.951,0.0,497.649,-1231.651,1231.651,787.412,444.239,,,1462.409,-1023.815,,232.41,122.683,668.722,438.594,-74.113,,,17.258,,144.785,123.099,-10.529,32.215,-53.414,364.481,-146.065,218.416,0.0,,,218.416,0.0,218.416,-6.221,0.0,212.195,212.195,,200.549935,1.06,1.06,1.05,206.13344,1.03,1.03,1.02,
06/30/2007,2769.352,2194.644,,,,42.909,0.0,531.799,-1196.602,1196.602,595.602,601.0,,,1572.75,-1094.71,,238.653,116.348,739.709,478.04,-97.799,,,7.459,,153.224,124.057,-4.386,33.553,-47.966,380.241,-106.451,273.79,0.0,,,273.79,0.0,273.79,-6.188,0.0,267.602,267.602,,196.97914,1.36,1.36,1.36,203.423646,1.32,1.32,1.32,
09/30/2007,3289.087,2646.546,,,,30.154,,612.387,-1329.905,1329.905,809.283,520.622,,,1959.182,-1148.85,,239.064,129.123,780.663,810.332,-111.958,,,9.367,,180.408,133.165,-5.26,52.503,-59.083,698.374,-230.84,467.534,,,,467.534,,467.534,-6.375,0.0,461.159,461.159,,194.864359,2.37,2.37,2.37,200.532942,2.3,2.3,2.3,
12/31/2007,2731.9,2093.654,,,,48.058,0.0,590.188,-1163.626,1163.626,742.536,421.09,,,1568.274,-1238.873,,253.585,120.905,864.383,329.401,-68.127,,,8.658,,128.634,125.768,-4.857,37.723,-51.849,231.274,-31.06,200.214,0.0,,,200.214,0.0,200.214,-6.321,0.0,193.893,193.893,,193.9892,1.0,1.0,1.16,200.9397,0.96,0.96,1.12,
03/31/2008,2864.734,2046.227,,,,89.395,0.0,729.112,-1161.143,1161.143,540.501,620.642,,,1703.591,-1097.358,,244.985,108.571,743.802,606.233,-99.483,,,9.286,,150.566,123.144,-5.116,32.538,-41.797,506.75,-193.003,313.747,0.0,,,313.747,0.0,313.747,-4.998,0.0,308.749,308.749,,192.639605,1.6,1.6,1.6,198.300041,1.56,1.56,1.56,
06/30/2008,3264.271,2524.222,,,,53.985,0.0,686.064,-1475.039,1475.039,726.836,748.203,,,1789.232,-1221.123,,247.977,125.942,847.204,568.109,-109.168,,,9.085,,142.996,119.903,-4.937,28.03,-24.743,458.941,-183.012,275.929,0.0,,,275.929,0.0,275.929,-4.975,0.0,270.954,270.954,,191.326928,1.42,1.42,1.51,197.864459,1.37,1.37,1.46,
09/30/2008,3963.884,3209.0,,,,41.981,0.0,712.903,-2034.282,2034.282,1270.16,764.122,,,1929.602,-1177.51,,263.656,140.819,773.035,752.092,-108.566,,,10.411,,156.036,128.746,-5.939,33.229,-37.059,643.526,-168.239,475.287,0.0,,,475.287,0.0,475.287,-4.998,0.0,470.289,470.289,,190.379009,2.47,2.47,2.56,194.96083,2.41,2.41,2.5,
12/31/2008,3000.867,2293.71,,,,56.495,0.0,650.662,-1398.499,1398.499,1040.267,358.232,,,1602.368,-1245.635,,274.243,121.62,849.772,356.733,-122.418,,,15.74,,159.325,129.106,-9.274,39.493,-21.167,234.315,-58.744,175.571,0.0,,,175.571,0.0,175.571,-4.997,0.0,170.574,170.574,,189.379904,0.9,0.9,1.0,192.242637,0.89,0.89,0.99,
03/31/2009,2789.112,2026.916,1917.0,74.0,35.916,74.049,0.0,688.147,-1169.587,1169.587,846.332,323.255,,0.0,1619.525,-1112.998,,257.852,134.397,720.749,506.527,-103.148,74.112,-63.334,16.947,46.387,137.446,127.965,-9.812,19.293,29.036,403.379,-163.046,240.333,0.0,0.0,0.0,240.333,0.0,240.333,-4.998,0.0,235.335,251.072,15.737,192.593601,1.22,1.22,1.303636,198.058002,1.2,1.2,1.279457,
06/30/2009,2520.789,1918.446,1702.0,65.0,151.446,28.834,0.0,573.509,-843.99,843.99,521.071,322.919,,0.0,1676.799,-1202.303,,260.689,122.401,819.213,474.496,-152.044,69.487,-74.674,15.782,58.892,144.161,125.157,-8.483,27.487,82.557,322.452,-90.641,231.811,0.0,0.0,0.0,231.811,0.0,231.811,-4.998,0.0,226.813,296.016,69.203,196.105002,1.16,1.16,1.509477,198.243169,1.14,1.14,1.489081,
09/30/2009,2937.095,2195.461,2103.0,58.0,34.461,24.03,0.0,717.604,-947.437,947.437,559.129,388.308,,0.0,1989.658,-1189.354,,280.641,128.851,779.862,800.304,-59.723,65.005,-79.5,14.77,64.73,144.505,130.132,-8.252,22.625,-5.282,740.581,-280.414,460.167,0.0,0.0,0.0,460.167,0.0,460.167,-4.998,0.0,455.169,455.626,0.457,193.424904,2.35,2.35,2.355571,195.875241,2.32,2.32,2.322333,
12/31/2009,2498.654,1739.193,1662.0,9.0,68.193,45.298,0.0,714.163,-742.86,742.86,382.139,360.721,,0.0,1755.794,-1252.595,,283.592,118.211,850.792,503.199,-85.82,65.634,-78.697,12.046,66.651,144.331,151.019,-6.688,,20.186,417.379,-98.639,318.74,0.0,0.0,0.0,318.74,0.0,318.74,-4.965,0.0,313.775,314.478,0.703,188.996969,1.66,1.66,1.663931,191.255405,1.64,1.64,1.643676,
03/31/2010,2759.347,2006.931,1915.0,83.0,8.931,96.027,0.0,656.389,-1033.571,1033.571,558.668,474.903,,0.0,1725.776,-1249.062,,269.204,135.412,844.446,476.714,-110.215,109.693,-61.505,13.296,48.209,171.198,166.932,-8.001,12.267,0.522,366.499,-147.685,218.814,0.0,0.0,0.0,218.814,0.0,218.814,-5.015,0.0,213.799,213.799,0.0,189.202684,1.13,1.13,1.13,191.283703,1.12,1.12,1.12,
06/30/2010,2862.95,2214.108,1908.0,62.0,244.108,31.136,0.0,617.706,-1048.004,1048.004,631.546,416.458,,0.0,1814.946,-1188.705,,255.567,126.968,806.17,626.241,-102.051,84.434,-53.422,17.63,35.792,137.856,127.302,-10.323,20.877,17.617,524.19,-203.907,320.283,0.0,0.0,0.0,320.283,0.0,320.283,-5.017,0.0,315.266,319.166,3.9,188.77624,1.67,1.67,1.690711,190.717958,1.65,1.65,1.670449,
09/30/2010,3332.176,2638.752,2470.0,71.0,97.752,27.263,0.0,666.161,-1233.557,1233.557,748.863,484.694,,0.0,2098.619,-1327.977,,264.621,138.217,925.139,770.642,-88.105,73.151,-53.975,15.064,38.911,127.126,126.078,-8.949,9.997,14.954,682.537,-184.636,497.901,0.0,0.0,0.0,497.901,0.0,497.901,-5.015,0.0,492.886,493.092,0.206,185.962431,2.65,2.65,2.651568,187.777172,2.62,2.62,2.621097,
12/31/2010,2533.104,1880.845,1818.0,62.845,,43.232,0.0,609.027,-862.866,862.866,579.505,283.361,,0.0,1670.238,-1276.458,,280.502,133.702,862.254,393.78,-79.461,63.265,-75.722,13.391,62.331,138.987,146.692,-7.705,,16.196,314.319,-81.012,233.307,0.0,0.0,0.0,233.307,0.0,233.307,-5.015,0.0,228.292,184.242,-44.05,180.199914,1.27,1.27,1.022431,181.577475,1.26,1.26,1.017404,
03/31/2011,2541.208,1865.899,1775.0,64.0,26.899,71.123,0.0,604.186,-870.311,870.311,507.693,362.618,,0.0,1670.897,-1160.006,,264.885,125.234,769.887,510.891,-92.963,83.564,-44.036,17.289,26.747,127.6,136.134,-8.534,,9.399,417.928,-164.25,253.678,0.0,0.0,0.0,253.678,0.0,253.678,-5.015,0.0,248.663,248.663,0.0,178.834342,1.39,1.39,1.39,180.08383,1.38,1.38,1.38,
06/30/2011,2803.279,2212.038,1976.0,64.0,172.038,28.891,0.0,562.35,-1014.56,1014.56,563.333,451.227,,0.0,1788.719,-1229.981,,264.206,129.215,836.56,558.738,-87.187,70.225,-56.674,20.753,35.921,126.899,136.049,-9.15,,16.962,471.551,-150.953,320.598,0.0,0.0,0.0,320.598,0.0,320.598,-5.015,0.0,315.583,315.583,0.0,177.80889,1.77,1.77,1.77,178.92518,1.76,1.76,1.76,
09/30/2011,3395.553,2733.601,2646.0,70.0,17.601,26.439,0.0,635.513,-1325.317,1325.317,849.982,475.335,,0.0,2070.236,-1469.327,,283.581,152.044,1033.702,600.909,-86.971,72.834,-54.754,21.516,33.238,127.588,137.301,-9.713,,14.137,513.938,119.131,633.069,0.0,0.0,0.0,633.069,0.0,633.069,-5.015,0.0,628.054,405.054,-223.0,176.950469,3.55,3.55,2.289081,177.72302,3.53,3.53,2.275239,
12/31/2011,2489.032,1861.98,1817.0,18.0,26.98,39.366,0.0,587.686,-847.494,847.494,571.707,275.787,,0.0,1641.538,-1298.843,,289.531,129.533,879.779,342.695,-92.478,73.705,-57.835,24.747,33.088,131.54,142.036,-10.496,,18.773,250.217,-90.19,160.027,0.0,0.0,0.0,160.027,0.0,160.027,-5.887,0.0,154.14,154.14,0.0,176.161769,0.87,0.87,0.87,177.08257,0.87,0.87,0.87,
03/31/2012,2383.659,1784.841,1710.0,39.0,35.841,46.008,0.0,552.81,-823.803,823.803,538.837,284.966,,0.0,1559.856,-1616.713,,280.215,137.17,1199.328,-56.857,-90.045,72.055,-65.299,24.307,40.992,137.354,146.745,-9.391,,17.99,-146.902,0.162,-146.74,0.0,0.0,0.0,-146.74,0.0,-146.74,-4.943,0.0,-151.683,71.817,223.5,176.865363,-0.86,-0.86,0.406055,177.388045,-0.86,-0.86,0.39995,
06/30/2012,2518.6,1934.55,1753.0,21.0,160.55,23.879,0.0,560.171,-782.455,782.455,437.157,345.298,,0.0,1736.145,-1393.161,,274.755,138.111,980.295,342.984,-94.602,81.566,-57.567,28.282,29.285,139.133,149.616,-10.483,,13.036,248.382,122.201,370.583,0.0,0.0,0.0,370.583,0.0,370.583,-5.582,0.0,365.001,365.001,0.0,177.166519,2.06,2.06,2.06,177.565351,2.06,2.06,2.06,
09/30/2012,2963.56,2320.36,2236.0,45.0,39.36,23.557,0.0,619.643,-932.822,932.822,596.27,336.552,,0.0,2030.738,-1339.886,,281.74,149.049,909.097,690.852,-115.679,104.911,-42.886,18.396,24.49,147.797,155.8,-8.003,,10.768,575.173,-232.503,342.67,0.0,0.0,0.0,342.67,0.0,342.67,-5.582,0.0,337.088,337.088,0.0,177.517846,1.9,1.9,1.9,177.975075,1.89,1.89,1.89,
12/31/2012,2436.26,1830.897,1729.0,74.0,27.897,37.392,0.0,567.971,-753.555,753.555,464.571,288.984,,0.0,1682.705,-1358.503,,307.874,132.969,917.66,324.202,-101.637,90.216,-54.783,21.773,33.01,144.999,154.434,-9.435,,11.421,222.565,79.285,301.85,0.0,0.0,0.0,301.85,0.0,301.85,-5.582,0.0,296.268,296.268,0.0,177.742807,1.67,1.67,1.67,178.042364,1.66,1.66,1.66,
03/31/2013,2608.874,1949.28,1870.0,52.0,27.28,53.321,0.0,606.273,-883.462,883.462,510.333,373.129,,0.0,1725.412,-1331.367,,300.876,151.095,879.396,394.045,-110.527,96.904,-51.057,12.751,38.306,147.961,153.149,-5.188,,13.623,283.518,-116.536,166.982,0.0,0.0,0.0,166.982,0.0,166.982,-5.582,0.0,161.4,161.4,0.0,178.027961,0.91,0.91,0.91,178.413287,0.9,0.9,0.9,
06/30/2013,2738.208,2177.21,1954.0,47.0,176.21,33.881,0.0,527.117,-975.352,975.352,489.608,485.744,,0.0,1762.856,-1416.344,,297.516,144.888,973.94,346.512,-105.344,92.187,-56.79,16.249,40.541,148.977,155.768,-6.791,,13.157,241.168,-73.113,168.055,0.0,0.0,0.0,168.055,0.0,168.055,-4.332,0.0,163.723,163.723,0.0,178.196525,0.92,0.92,0.92,178.614383,0.92,0.92,0.92,
09/30/2013,3351.959,2704.8,2593.0,46.0,65.8,26.113,0.0,621.046,-1210.799,1210.799,818.254,392.545,,0.0,2141.16,-1752.266,,325.149,156.95,1270.167,388.894,-120.159,109.945,-41.106,17.676,23.43,151.051,157.504,-6.453,,10.214,268.735,-24.553,244.182,0.0,0.0,0.0,244.182,0.0,244.182,-4.332,0.0,239.85,423.55,183.7,178.283721,1.35,1.35,2.375708,178.65221,1.34,1.34,2.368255,
12/31/2013,2691.906,2111.07,2017.0,65.0,29.07,41.039,0.0,539.797,-930.538,930.538,627.624,302.914,,0.0,1761.368,-1535.715,,337.503,147.416,1050.796,225.653,-62.521,39.645,-116.401,19.378,97.023,156.046,163.114,-7.068,,22.876,163.132,-11.78,151.352,0.0,0.0,0.0,151.352,0.0,151.352,-4.423,0.0,146.929,179.329,32.4,178.332416,0.82,0.82,1.005588,178.751436,0.82,0.82,1.001257,
03/31/2014,3208.843,2226.463,2089.0,119.0,18.463,78.22,0.0,904.16,-1118.456,1118.456,543.829,574.627,,0.0,2090.387,-1350.51,,328.724,154.468,867.318,739.877,-116.858,105.154,-50.377,15.129,35.248,155.531,162.551,-7.02,,11.704,623.019,-216.966,406.053,0.0,0.0,0.0,406.053,0.0,406.053,-4.879,0.0,401.174,407.774,6.6,178.797829,2.24,2.24,2.280643,179.055967,2.24,2.24,2.27686,
06/30/2014,2996.65,2373.842,2157.0,53.0,163.842,35.469,0.0,587.339,-1121.979,1121.979,604.081,517.898,,0.0,1874.671,-1420.194,,331.742,152.736,935.716,454.477,-131.453,116.778,-39.033,14.788,24.245,155.811,164.327,-8.516,,14.675,323.024,-128.743,194.281,0.0,0.0,0.0,194.281,0.0,194.281,-4.898,0.0,189.383,196.883,7.5,179.354103,1.06,1.06,1.097733,180.045432,1.05,1.05,1.091656,
09/30/2014,3458.11,2824.055,2679.0,66.0,79.055,28.039,0.0,606.016,-1324.007,1324.007,858.901,465.106,,0.0,2134.103,-1641.244,,332.079,159.735,1149.43,492.859,-96.178,89.534,-66.284,16.737,49.547,155.818,164.482,-8.664,,6.644,396.681,-161.765,234.916,0.0,0.0,0.0,234.916,0.0,234.916,-4.879,0.0,230.037,410.82975,180.79275,179.610067,1.28,1.28,2.287343,180.527116,1.27,1.27,2.271471,
12/31/2014,2831.318,2167.542,2033.0,92.0,42.542,40.067,0.0,623.709,-983.53,983.53,625.747,357.783,,0.0,1847.788,-1528.114,,326.093,137.667,1064.354,319.674,-112.544,103.553,-56.794,18.148,38.646,160.347,169.724,-9.377,,8.991,207.13,-82.124,125.006,0.0,0.0,0.0,125.006,0.0,125.006,-4.879,0.0,120.127,145.807,25.68,180.245555,0.67,0.67,0.808935,181.603441,0.66,0.66,0.801407,
03/31/2015,2920.09,2217.989,2093.0,60.0,64.989,59.511,0.0,642.59,-972.476,972.476,630.453,342.023,,0.0,1947.614,-1404.845,,331.986,157.523,915.336,542.769,-89.369,80.349,-79.871,11.738,68.133,160.22,166.337,-6.117,,9.02,453.4,-150.471,302.929,0.0,0.0,0.0,302.929,0.0,302.929,-4.879,0.0,298.05,302.65,4.6,179.658981,1.66,1.66,1.68458,180.480523,1.65,1.65,1.675488,
06/30/2015,2713.231,2246.148,1976.0,86.0,184.148,27.777,0.0,439.306,-872.631,872.631,549.702,322.929,,0.0,1840.6,-1463.217,,340.354,156.378,966.485,377.383,-123.88,108.137,-51.679,11.974,39.705,159.816,165.86,-6.044,,15.743,253.503,-99.781,153.722,0.0,0.0,0.0,153.722,0.0,153.722,-4.879,0.0,148.843,149.943,1.1,179.521276,0.83,0.83,0.835238,180.119837,0.83,0.83,0.835238,
09/30/2015,3371.406,2825.143,2690.0,67.0,68.143,24.517,0.0,521.746,-1189.233,1189.233,739.449,449.784,,0.0,2182.173,-3147.189,,334.841,158.134,2654.214,-965.016,-120.882,110.877,-53.183,14.129,39.054,164.06,171.349,-7.289,,10.005,-1085.898,367.665,-718.233,0.0,0.0,0.0,-718.233,0.0,-718.233,-4.794,0.0,-723.027,340.673,1063.7,179.151832,-4.04,-4.04,1.901588,179.151832,-4.04,-4.04,1.897422,
12/31/2015,2508.523,2019.398,1960.0,36.0,23.398,30.941,0.0,458.184,-808.635,808.635,532.565,276.07,,0.0,1699.888,-1954.188,,330.095,147.386,1476.707,-254.3,-166.366,105.137,-54.236,14.067,40.169,159.373,166.55,-7.177,,61.229,-420.666,525.515,104.849,0.0,0.0,0.0,104.849,0.0,104.849,-5.276,0.0,99.573,282.503518,182.930518,178.387574,0.56,0.56,1.58365,179.069948,0.56,0.56,1.581559,
03/31/2016,2609.852,2042.16,1893.0,55.0,94.16,45.613,0.0,522.079,-767.29,767.29,504.967,262.323,,0.0,1842.562,-1344.344,,334.273,149.778,860.293,498.218,-123.031,112.444,-51.685,18.932,32.753,164.129,173.811,-9.682,,10.587,375.187,-139.945,235.242,0.0,0.0,0.0,235.242,0.0,235.242,-5.276,0.0,229.966,242.494347,12.528347,178.578536,1.29,1.29,1.357914,178.97638,1.28,1.28,1.35,
06/30/2016,2462.562,2093.331,1813.0,72.0,208.331,25.121,0.0,344.11,-624.137,624.137,381.465,242.672,,0.0,1838.425,-1396.167,,335.668,149.249,911.25,442.258,-118.641,110.264,-60.235,13.86,46.375,170.499,177.631,-7.132,,8.377,323.617,248.973,572.59,0.0,0.0,0.0,572.59,0.0,572.59,-5.276,0.0,567.314,557.714,-9.6,178.808149,3.17,3.17,3.119064,179.503582,3.16,3.16,3.106519,
09/30/2016,3124.703,2624.562,2458.0,67.0,99.562,24.796,0.0,475.345,-836.097,836.097,460.99,375.107,,0.0,2288.606,-1516.546,,340.399,149.076,1027.071,772.06,-120.95,114.21,-52.985,15.451,37.534,167.195,174.902,-7.707,,6.74,651.11,-257.906,393.204,0.0,0.0,0.0,393.204,0.0,393.204,-5.034,0.0,388.17,415.67,27.5,179.023351,2.17,2.17,2.321876,179.990888,2.16,2.16,2.312786,
12/31/2016,2648.528,2106.604,2030.0,42.0,34.604,33.819,0.0,508.105,-802.202,802.202,461.778,340.424,,0.0,1846.326,-4445.328,,336.848,144.399,3964.081,-2599.002,-132.675,116.761,-47.785,19.32,28.465,164.546,174.201,-9.655,,15.914,-2731.677,966.138,-1765.539,0.0,0.0,0.0,-1765.539,0.0,-1765.539,-3.529,0.0,-1769.068,55.532,1824.6,179.128425,-9.88,-9.88,0.310012,179.128425,-9.88,-9.88,0.305988,
03/31/2017,2588.458,1991.74,1859.0,78.0,54.74,43.351,0.0,553.367,-775.334,775.334,417.566,357.768,,0.0,1813.124,-1617.631,,347.265,156.353,1114.013,195.493,-101.679,86.49,-75.557,19.008,56.549,162.047,171.089,-9.042,,15.189,93.814,-7.763,86.051,0.0,0.0,0.0,86.051,0.0,86.051,-3.446,0.0,82.605,294.46915,211.86415,179.335063,0.46,0.46,1.642005,179.842053,0.46,0.46,1.638057,
06/30/2017,2618.55,2271.22,2060.0,46.0,165.22,30.075,0.0,317.255,-812.444,812.444,395.947,416.497,,0.0,1806.106,-1637.267,,350.328,153.264,1133.675,168.839,-92.583,60.381,-102.473,22.376,80.097,162.854,173.377,-10.523,,32.202,76.256,337.112,413.368,0.0,0.0,0.0,413.368,0.0,413.368,-3.446,0.0,409.922,561.74315,151.82115,179.475346,2.28,2.28,3.129918,180.234694,2.27,2.27,3.112353,
09/30/2017,3243.628,2793.798,2611.0,78.0,104.798,26.585,0.0,423.245,-1021.09,1021.09,612.95,408.14,,0.0,2222.538,-1463.535,,354.739,159.474,949.322,759.003,-115.564,84.229,-82.67,24.338,58.332,166.899,178.391,-11.492,,31.335,643.439,-241.795,401.644,0.0,0.0,0.0,401.644,0.0,401.644,-3.446,0.0,398.198,438.419,40.221,179.563819,2.22,2.22,2.441578,180.464069,2.21,2.21,2.432875,
12/31/2017,2623.845,2222.137,2120.0,51.0,51.137,38.845,0.0,362.863,-810.673,810.673,565.127,245.546,,0.0,1813.172,-1576.1,,337.647,148.466,1089.987,237.072,-82.658,47.959,-122.585,29.366,93.219,170.544,184.356,-13.812,,34.699,154.414,-630.125,-475.711,0.0,0.0,0.0,-475.711,0.0,-475.711,-3.403,0.0,-479.114,187.674,666.788,180.303505,-2.66,-2.66,1.040878,180.303505,-2.66,-2.66,1.038142,
03/31/2018,2723.881,2248.262,2142.0,69.0,37.262,56.695,0.0,418.924,-839.319,839.319,443.296,396.023,,0.0,1884.562,-1548.898,,347.065,165.218,1036.615,335.664,-155.801,124.445,-45.213,28.343,16.87,169.658,182.923,-13.265,,31.356,179.863,-43.663,136.2,0.0,0.0,0.0,136.2,0.0,136.2,-3.439,0.0,132.761,401.30096,268.53996,180.707575,0.73,0.73,2.22072,181.431968,0.73,0.73,2.210114,
06/30/2018,2668.77,2330.225,2033.0,69.0,228.225,29.943,0.0,308.602,-882.836,882.836,465.802,417.034,,0.0,1785.934,-1694.337,,350.485,158.547,1185.305,91.597,-123.333,74.842,-102.804,31.67,71.134,177.646,192.314,-14.668,,48.491,-31.736,280.596,248.86,0.0,0.0,0.0,248.86,0.0,248.86,-3.439,0.0,245.421,522.44319,277.02219,180.823203,1.36,1.36,2.889249,182.98263,1.34,1.34,2.853926,
09/30/2018,3104.319,2697.887,2577.0,76.0,44.887,26.352,0.0,380.08,-1168.649,1168.649,729.269,439.38,,0.0,1935.67,-1664.635,,324.628,161.916,1178.091,271.035,-14.223,-29.368,-209.435,32.354,177.081,180.067,195.311,-15.244,,43.591,256.812,283.006,539.818,0.0,0.0,0.0,539.818,0.0,539.818,-3.439,0.0,536.379,883.35885,346.97985,181.002303,2.96,2.96,4.880374,183.664583,2.92,2.92,4.809204,
12/31/2018,2512.482,2107.738,1967.412,84.583,55.743,43.446,0.0,361.298,-915.788,915.788,509.426,406.362,,0.0,1596.694,-1825.625,,347.343,156.27,1322.012,-228.931,-350.28,343.966,-37.235,37.235,,381.201,197.775,-17.797,201.223,6.314,-579.211,516.889,-62.322,0.0,0.0,0.0,-62.322,0.0,-62.322,-3.577,0.0,-65.899,111.16981,177.06881,183.083673,-0.36,-0.36,0.607208,183.083673,-0.36,-0.36,0.607147,
03/31/2019,2609.584,2121.024,2011.0,84.0,26.024,54.948,0.0,433.612,-817.837,817.837,478.33,339.507,,0.0,1791.747,-1508.493,,357.274,158.575,992.644,283.254,18.163,-82.821,-266.365,38.216,228.149,183.544,200.993,-17.449,,64.658,301.417,-42.771,258.646,0.0,0.0,0.0,258.646,0.0,258.646,-4.109,0.0,254.537,531.827,277.29,189.575187,1.34,1.34,2.805362,192.234191,1.32,1.32,2.762459,
06/30/2019,2666.209,2345.727,2065.0,75.0,205.727,30.699,0.0,289.783,-813.184,813.184,467.323,345.861,,0.0,1853.025,-1514.25,,363.496,163.408,987.346,338.775,-96.784,50.914,-133.387,37.169,96.218,184.301,201.112,-16.811,,45.87,241.991,-1.458,240.533,0.0,0.0,0.0,240.533,0.0,240.533,-4.109,0.0,236.424,473.75501,237.33101,193.019269,1.22,1.22,2.454444,194.238315,1.22,1.22,2.441855,
09/30/2019,3140.575,2812.934,2625.0,63.0,124.934,27.269,0.0,300.372,-913.278,913.278,596.939,316.339,,0.0,2227.297,-1707.368,,379.219,165.731,1162.418,519.929,-121.269,71.183,-115.456,33.161,82.295,186.639,201.412,-14.773,,50.086,398.66,-29.201,369.459,0.0,0.0,0.0,369.459,0.0,369.459,-4.219,0.0,365.24,696.31794,331.07794,198.932387,1.84,1.84,3.500274,200.492935,1.82,1.82,3.47132,
12/31/2019,2462.306,2150.296,2076.923,62.888,10.485,41.037,0.0,270.973,-678.199,678.199,487.046,191.153,,0.0,1784.107,-1535.567,,380.026,156.031,999.51,248.54,-102.19,10.265,-177.677,36.428,141.249,187.942,203.865,-15.923,,91.925,146.35,243.255,389.605,0.0,0.0,0.0,389.605,0.0,389.605,-4.58,0.0,385.025,546.995,161.97,199.11074,1.93,1.93,2.74719,200.909656,1.92,1.92,2.726183,
03/31/2020,2427.179,2050.638,1947.0,54.0,49.638,43.976,0.0,332.565,-614.017,614.017,397.403,216.614,,0.0,1813.162,-1413.406,,399.71,170.294,843.402,399.756,-347.656,371.045,-35.953,35.953,,406.998,205.589,-15.444,216.853,-23.389,52.1,71.194,123.294,0.0,0.0,0.0,123.294,0.0,123.294,-4.58,0.0,118.714,290.934,172.22,199.790016,0.59,0.59,1.456199,200.901349,0.59,0.59,1.447237,
06/30/2020,2412.788,2190.557,1940.0,53.0,197.557,22.495,0.0,199.736,-552.966,552.966,341.005,211.961,,0.0,1859.822,-1420.511,,403.769,158.646,858.096,439.311,14.917,-108.537,-313.193,28.37,284.823,204.656,216.799,-12.143,,93.62,454.228,-89.115,365.113,0.0,0.0,0.0,365.113,0.0,365.113,-4.58,0.0,360.533,536.963,176.43,200.17801,1.8,1.8,2.682428,200.886749,1.79,1.79,2.668256,
09/30/2020,2963.0,,,,,,,,,,,,,,,,,,,,464.0,,,,,,,,,,,665.0,,503.0,,,,,,503.0,,,503.0,488.667,,,2.453,2.453,2.423,,2.453,2.453,2.423,
12/31/2020,2506.5,,,,,,,,,,,,,,,,,,,,156.0,,,,,,,,,,,149.0,,152.0,,,,,,152.0,,,152.0,133.333,,,0.657,0.657,0.679,,0.657,0.657,0.679,
