Date,Revenue,Rental Income,Base Rent,Recoveries from Tenants,Percentage Rent,Other Rental Income,Real Estate Sales,Com & Fee Earn/Inc from REO,Mortgage Income,Other Operating Income,Operating Expenses,Property Operating Expenses,General & Administrative,Depreciation & Amortization,Provision for Loan Losses,Cost of Real Estate Sold,Other Operating Expenses,Operating Income (Loss),Non-Operating (Income) Loss,Interest Expense,(Income) Loss from Affiliates,Other Non-Op (Income) Loss,Pretax Income,Income Tax Expense (Benefit),Income (Loss) from Cont Ops,Net Extraordinary Losses (Gains),Discontinued Operations,XO & Accounting Changes,Income (Loss) Incl. MI,Minority Interest,"Net Income, GAAP",Preferred Dividends,Other Adjustments,"Net Income Avail to Common, GAAP","Net Income Avail to Common, Adj",Net Abnormal Losses (Gains),Basic Weighted Avg Shares,"Basic EPS, GAAP",Basic EPS from Cont Ops,"Basic EPS from Cont Ops, Adjusted",Diluted Weighted Avg Shares,"Diluted EPS, GAAP",Diluted EPS from Cont Ops,"Diluted EPS from Cont Ops, Adjusted",FFO Reconciliation,D&A of Con Real Estate,D&A of Uncon Real Estate,D&A of Non-Real Estate Assets,Disposal of Con Assets,Disposal of Uncon Assets,Abnormal Losses/(Gains),Net Income to Partners,Deficit/Distributions to Partners,Other FFO Adjustments,Funds from Operations,Other Abnormal Gains/(Losses),Adjusted Funds from Operations,Funds Available For Distribution,AFFO Per Diluted Share,FAD Per Diluted Share,Dividend Per Share,AFFO Payout Ratio,FAD Payout Ratio,FFO Payout Ratio,Source: Bloomberg
03/31/2004,10.926,9.996,,,,,0.0,0.813,0.0,0.117,-10.555,4.908,2.97,2.677,0.0,,0.0,0.371,-6.277,6.367,-0.261,0.171,-5.906,0.0,,0.0,,,-5.906,,-6.032,0.0,0.0,-6.032,-6.032,,,,,,,,,,,,,,,,,,,,-3.758,,-3.758,-3.758,,,0.0,,,0.0,
06/30/2004,13.929,13.014,,,,,0.0,0.562,0.0,0.353,-12.428,6.066,3.273,3.089,0.0,,0.0,1.501,-7.973,8.406,-0.433,0.0,-6.472,0.0,,0.0,,,-6.472,,-7.036,0.0,0.0,-7.036,-7.036,,,,,,,,,,,,,,,,,,,,,,,,,,0.0,,,,
09/30/2004,18.168,17.536,,,,,,0.603,,0.029,-9.751,6.846,2.905,5.057,,,,3.36,-8.368,9.741,-0.404,-0.969,-5.008,,,,,,,,-5.077,,-2.943,-8.02,-8.02,,15.241832,-0.53,-0.53,-0.53,15.241832,-0.53,-0.53,-0.53,,,,,,,,,,,,,,,,,0.1113,,,,
12/31/2004,22.948,22.110001,,,,,0.0,0.873,0.0,-0.035,-17.031,8.246,3.317,4.729,0.0,,0.739,5.917,-6.26,3.977,-0.289,2.572,-0.343,0.0,,0.0,,,-0.343,,-0.317,0.0,0.0,-0.317,-0.317,,31.17,-0.01,-0.01,-0.01,31.17,-0.01,-0.01,-0.01,,,,,,,,,,,4.421,,4.421,4.421,0.141835,0.141835,0.2278,160.609048,160.609048,200.497625,
03/31/2005,22.908,22.222,,,,,0.0,0.635,0.0,0.051,-11.855,8.878,2.977,5.73,0.0,,0.107,5.216,-5.912,6.239,-0.317,-0.01,-0.696,0.0,,0.0,,,-0.696,,-0.64,0.0,0.0,-0.64,-0.64,,31.16995,-0.02,-0.02,-0.02,31.16995,-0.02,-0.02,-0.02,,,,,,,,,,,,,,,,,0.23,,,,
06/30/2005,24.551,23.819,,,,,0.0,0.662,0.0,0.07,-12.361,9.041,3.32,6.213,0.0,,0.168,5.809,-7.139,7.493,-0.288,-0.066,-1.33,0.0,,0.0,,,-1.33,,-1.22,0.0,0.0,-1.22,-1.22,,31.858839,-0.04,-0.04,-0.04,31.858839,-0.04,-0.04,-0.04,,,,,,,,,,,4.781,,4.781,4.781,0.150068,0.150068,0.23,153.263605,153.263605,153.263605,
09/30/2005,42.346,36.245,,,,,,4.93,,1.171,-23.47,13.879,9.591,9.535,,,,9.341,-12.453,14.588,-1.355,-0.78,-3.112,,,,,,,,-2.859,0.0,0.0,-2.859,-2.859,,37.4657,-0.08,-0.08,-0.08,37.4657,-0.08,-0.08,-0.08,,,,,,,,,,,7.26,,7.26,7.26,0.193777,0.193777,0.23,118.692989,118.692989,118.692989,
12/31/2005,45.683,38.354,,,,,0.0,5.415,0.0,1.914,-32.926,14.165,8.213,9.527,0.0,,1.021,12.757,-13.019,14.229,-1.21,0.0,-0.262,0.0,,0.0,,,-0.262,,-0.247,0.0,0.0,-0.247,-0.247,,41.4315,0.0,0.0,0.0,41.4315,0.0,0.0,0.0,,,,,,,,,,,10.096,,10.096,10.096,0.243679,0.243679,0.2275,93.360403,93.360403,116.110378,
03/31/2006,45.37,40.096,,,,,0.0,5.209,0.0,0.065,-24.62,15.375,9.245,9.276,0.0,,0.318,11.156,-10.364,11.985,-1.139,-0.482,0.792,0.0,0.738,0.0,,,0.792,,0.738,0.0,0.0,0.738,0.738,,51.593729,0.01,0.01,0.01,55.70943,0.01,0.01,0.01,,6.473,1.2,2.553,0.054,,,,,,11.018,,11.018,11.018,0.197776,0.197776,0.23,116.293056,116.293056,107.701558,
06/30/2006,48.531,42.02,,,,,0.0,5.356,0.0,1.155,-24.584,15.837,8.747,9.057,0.0,,0.024,14.866,-11.549,12.784,-1.087,-0.148,3.317,0.0,3.092,0.0,,,3.317,,3.092,0.0,0.0,3.092,3.092,,51.625135,0.06,0.06,0.06,55.991088,0.06,0.06,0.06,,6.648,1.247,1.951,0.225,,,,,,13.163,,13.163,13.163,0.235091,0.235091,0.23,97.834462,97.834462,90.205736,
09/30/2006,51.188,44.682,,,,,,5.404,,1.102,-25.495,16.897,8.598,9.253,,,,16.44,-11.827,13.429,-1.34,-0.262,4.613,,4.307,,,,,,4.307,0.0,0.0,4.307,4.307,,52.501864,0.08,0.08,0.08,57.072838,0.07,0.07,0.07,,6.945,1.153,1.944,0.306,,,,,,14.655,,14.655,14.655,0.256777,0.256777,0.23,89.571837,89.571837,82.398012,
12/31/2006,52.175,45.116,,,,,0.0,6.896,0.0,0.163,-24.65,15.64,9.01,9.586,0.0,,0.836,17.103,-9.964,12.755,-1.127,-1.664,7.139,0.0,6.739,0.0,,,7.139,,6.739,0.0,0.0,6.739,6.739,,64.026198,0.11,0.11,0.11,68.264744,0.1,0.1,0.1,,7.265,1.173,1.923,0.4,,,,,,17.5,,17.5,17.5,0.256151,0.256151,0.23,89.790954,89.790954,84.148717,
03/31/2007,53.776,48.374,,,,,0.0,5.263,0.0,0.139,-36.155,17.869,9.24,8.796,0.0,,0.25,17.621,-10.751,13.396,-1.197,-1.448,6.87,0.0,6.47,0.0,,,6.87,,6.47,0.0,0.0,6.47,6.47,,64.058756,0.1,0.1,0.1,68.786185,0.1,0.1,0.1,,7.585,1.062,0.807,0.384,,,,,,16.308,,16.308,16.308,0.237082,0.237082,0.23,97.012647,97.012647,90.345314,
06/30/2007,60.217999,51.080002,,,,,0.0,5.325,0.0,3.813,-36.819001,18.569,8.968,9.123,0.0,,0.159,23.399,-14.245,15.437,-1.192,0.0,9.154,0.0,8.695,0.0,,,9.154,,8.695,0.0,0.0,8.695,8.695,,64.43914,0.13,0.13,0.13,69.248848,0.13,0.13,0.13,,8.695,1.025,0.807,0.515,0.005,,,,,18.878,,18.878,18.878,0.271241,0.271241,0.23,84.795416,84.795416,78.509386,
09/30/2007,66.927,58.236,,,,,0.0,5.266,0.0,3.425,-41.112,21.004,9.326,10.598,0.0,,0.184,25.815,-13.721,16.079,-1.304,-1.054,12.094,0.0,9.828,0.0,,,12.094,0.869,11.338,-1.51,0.0,9.828,9.828,,64.901249,0.15,0.15,0.15,70.567078,0.15,0.15,0.15,,10.137,1.004,,,0.015,,-1.054,,,20.799,,20.799,20.799,0.294741,0.294741,0.23,78.034655,78.034655,71.769255,
12/31/2007,64.714,59.674,,,,,0.0,5.101,0.0,-0.061,-29.526,20.338,9.188,11.284,0.0,,0.172,23.732,-13.529,16.103,-1.607,-0.967,10.203,0.0,34.584,0.0,,,10.203,,9.591,0.0,0.0,9.591,9.591,,65.386067,0.15,0.15,0.17,70.99562,0.15,0.15,0.17,,33.779,4.039,4.159,2.508,0.043,,,-1.438,-1.054,76.621,,76.621,76.621,1.086766,1.086766,0.25,23.004029,23.004029,21.334251,
03/31/2008,65.707,60.502,,,,,0.0,5.077,0.0,0.128,-31.982,21.803,10.179,11.581,,,0.164,21.98,-15.938,17.383,-1.222,-0.223,6.042,0.0,5.671,0.0,,,6.042,,5.671,0.0,0.0,5.671,5.671,0.0,66.165159,0.09,0.09,0.09,71.699461,0.09,0.09,0.09,,9.76,1.052,1.278,0.51,,,,-1.438,,16.833,,16.833,16.833,0.234772,0.234772,0.25,106.486457,106.486457,98.267034,
06/30/2008,67.336,61.865,,,,,0.0,5.343,0.0,0.128,-32.416,22.233,10.183,11.697,0.0,,1.428,21.795,-13.566,17.021,-1.373,-2.082,8.229,0.113,6.497,0.0,,,8.342,,6.497,0.0,0.0,6.497,6.497,0.0,73.900524,0.09,0.09,0.09,79.572767,0.09,0.09,0.09,,9.975,1.058,1.159,1.963,,,,-1.437,,19.215,,19.215,19.215,0.241477,0.241477,0.25,103.529491,103.529491,96.149524,
09/30/2008,69.848,64.262,,,,,0.0,5.417,0.0,0.169,-33.109,22.793,10.316,12.355,0.0,,0.039,24.345,-12.455,16.963,-2.015,-2.493,11.89,-0.003,9.916,0.0,,,11.887,,9.916,0.0,0.0,9.916,9.916,0.0,82.184631,0.13,0.13,0.13,87.710663,0.13,0.13,0.13,,10.791,1.534,1.066,2.118,,,,-1.438,,23.987,,23.987,23.987,0.273479,0.273479,0.25,91.41479,91.41479,85.655387,
12/31/2008,70.36,65.157,,,,,0.0,5.108,0.0,0.095,-46.018,22.759,9.23,13.933,0.0,,0.096,24.342,-6.635,17.304,-2.322,-8.347,17.707,-0.629,15.033,0.0,,,17.078,,17.078,0.0,0.0,17.078,17.078,0.0,85.58137,0.17,0.17,0.17,90.837769,0.17,0.17,0.17,,12.308,1.428,0.991,2.518,,,,-1.437,,30.841,,30.841,30.841,0.339517,0.339517,0.25,73.633936,73.633936,69.498395,
03/31/2009,69.247,64.028,0.0,4.619,0.0,59.409,0.0,5.219,0.0,0.0,-47.324,24.128,10.591,12.523,,0.0,0.082,21.923,9.487,16.636,-1.895,-24.228,31.41,-0.648,27.619,0.0,0.0,0.0,30.762,3.392,27.619,0.0,0.0,27.619,5.136,-22.483,85.940389,0.32,0.32,0.059762,91.222295,0.32,0.32,0.059762,,11.43,1.395,0.523,,,,,-1.438,,42.921,-21.56,21.361,21.361,0.234164,0.234164,0.25,106.762669,106.762669,50.057308,
06/30/2009,69.065,63.79,0.0,5.085,0.0,58.705,0.0,5.275,0.0,0.0,-66.691,23.038,10.612,12.84,,0.0,20.201,2.374,-8.112,16.379,-1.641,-6.626,-5.738,-0.943,-7.541,0.0,0.0,0.0,-6.681,1.082,-7.541,0.0,0.0,-7.541,-11.234,-3.693,86.397618,-0.09,-0.09,-0.130027,91.607503,-0.09,-0.09,-0.130313,,11.554,1.414,0.725,,0.188,,,-1.437,,5.985,15.671,21.656,21.656,0.2364,0.2364,0.0,0.0,0.0,0.0,
09/30/2009,71.113,65.922,0.0,5.542,0.0,60.38,0.0,5.191,0.0,0.0,-47.896,24.286,9.791,13.797,,0.0,0.022,23.217,-14.917,18.127,-1.752,-1.458,8.3,-0.726,5.967,0.0,0.0,0.0,7.574,1.777,5.967,0.0,0.0,5.967,5.967,0.0,86.437877,0.07,0.07,0.07,91.548984,0.07,0.07,0.07,,12.959,1.475,0.198,,-0.02,,,-1.438,,20.918,0.452,21.37,21.37,0.233427,0.233427,0.0,0.0,0.0,0.0,
12/31/2009,70.721,65.445,0.0,5.683,0.0,59.762,0.0,5.276,0.0,0.0,-46.348,22.944,9.23,13.243,,0.0,0.931,24.373,-14.952,18.676,-1.676,-2.048,9.421,-1.983,5.932,0.0,0.0,0.0,7.438,1.763,5.932,0.0,0.0,5.932,6.405,0.473,86.588048,0.07,0.07,0.073971,91.364431,0.07,0.07,0.073971,,12.474,1.521,0.201,,0.007,,,-1.438,,20.46,0.984,21.444,21.444,0.234708,0.234708,0.13,55.387876,55.387876,55.016844,
03/31/2010,67.587,62.035,0.0,5.892,0.0,56.143,0.0,5.552,0.0,0.0,-46.724,23.179,11.056,12.419,,0.0,0.07,20.863,-14.639,17.678,-1.501,-1.538,6.224,-1.045,3.568,0.0,0.0,0.0,5.179,1.628,3.568,0.0,0.0,3.568,3.568,0.0,86.873472,0.04,0.04,0.04,91.666076,0.04,0.04,0.04,,11.659,1.754,0.183,,,,,-1.438,,17.354,0.474,17.828,17.828,0.194489,0.194489,0.1,51.416915,51.416915,50.059624,
06/30/2010,68.777,63.124,0.0,6.338,0.0,56.786,0.0,5.653,0.0,0.0,-45.971,22.398,11.229,12.202,,0.0,0.142,22.806,-13.667,16.233,-1.559,-1.007,9.139,-1.214,6.18,0.0,0.0,0.0,7.925,1.762,6.18,0.0,0.0,6.18,6.18,0.0,87.367967,0.07,0.07,0.07,92.304831,0.07,0.07,0.07,,11.494,2.255,0.094,,,,,-1.437,,20.348,0.558,20.906,20.906,0.226489,0.226489,0.1,44.152316,44.152316,42.936882,
09/30/2010,71.979,66.128,0.0,6.796,0.0,59.332,0.0,5.851,0.0,0.0,-48.418,23.07,10.618,12.519,,0.0,2.211,23.561,-12.991,15.702,-1.736,-0.975,10.57,-1.088,7.667,0.0,0.0,0.0,9.482,1.827,7.667,0.0,0.0,7.667,9.667,2.0,87.484731,0.09,0.09,0.110499,92.189852,0.09,0.09,0.110499,,11.715,2.172,0.122,,0.065,,,-1.438,,22.13,2.627,24.757,24.757,0.268544,0.268544,0.1,37.237893,37.237893,39.532188,
12/31/2010,73.154,67.088,0.0,6.902,0.0,60.186,0.0,6.066,0.0,0.0,-49.569,24.023,11.525,13.209,,0.0,0.812,23.585,-11.982,15.335,-1.957,-1.396,11.603,-0.815,8.916,0.0,0.0,0.0,10.788,1.879,8.916,0.0,0.0,8.916,8.916,0.0,87.565487,0.1,0.1,0.1,92.348254,0.1,0.1,0.1,,12.195,2.088,0.251,,0.0,,,-1.437,,23.892,1.24,25.132,25.132,0.272309,0.272309,0.1,36.722985,36.722985,36.650547,
03/31/2011,74.481,68.514,0.0,7.024,0.0,61.49,0.0,5.967,0.0,0.0,-50.451,24.959,11.658,13.585,,0.0,0.249,24.03,-13.636,16.414,-1.811,-0.967,10.394,-0.254,8.301,0.0,0.0,0.0,10.14,1.844,8.301,0.0,0.0,8.301,8.301,0.0,88.045951,0.09,0.09,0.09,92.812067,0.09,0.09,0.09,,12.365,2.075,0.308,,0.036,,,-1.438,,23.491,0.677,24.168,24.168,0.260397,0.260397,0.14,53.764024,53.764024,52.705291,
06/30/2011,78.04,71.896,0.0,7.596,0.0,64.3,0.0,6.144,0.0,0.0,-52.188,24.094,12.432,14.092,,0.0,1.57,25.852,-12.924,16.261,-2.376,-0.961,12.928,-0.411,10.609,0.0,0.0,0.0,12.517,1.91,10.609,0.0,0.0,10.609,10.609,0.0,91.439042,0.12,0.12,0.12,96.010848,0.12,0.12,0.12,,12.677,2.057,0.412,,-0.366,,,-1.437,,25.862,2.01,27.872,27.872,0.290301,0.290301,0.14,48.225885,48.225885,49.499133,
09/30/2011,84.097,77.744,0.0,8.269,0.0,69.475,0.0,6.353,0.0,0.0,-52.882,25.866,12.306,14.364,,0.0,0.346,31.215,-13.925,16.756,-1.873,-0.958,17.29,0.062,15.261,0.0,0.0,0.0,17.352,2.092,15.261,0.0,0.0,15.261,15.261,0.0,94.314429,0.16,0.16,0.16,98.867803,0.16,0.16,0.16,,12.958,1.979,0.651,,0.512,,,-1.438,,32.015,0.786,32.801,32.801,0.331569,0.331569,0.14,42.223476,42.223476,41.24323,
12/31/2011,93.212,81.752,0.0,8.292,0.0,73.46,0.0,11.46,0.0,0.0,-58.833,26.705,13.287,15.973,,0.0,2.868,34.379,-15.413,18.323,-1.227,-1.683,18.966,-0.552,16.278,0.0,0.0,0.0,18.414,2.132,16.278,0.0,0.0,16.278,18.415,2.137,94.530814,0.17,0.17,0.194804,99.085766,0.17,0.17,0.191567,,14.647,1.82,1.004,,0.003,,,-1.437,,34.447,0.002,34.449,34.449,0.347495,0.347495,0.14,40.288318,40.288318,38.419351,
03/31/2012,90.987,84.401,0.0,8.557,0.0,75.844,0.0,6.586,0.0,0.0,-58.217,28.444,12.64,16.524,,0.0,0.609,32.77,-9.302,18.071,-2.296,-6.473,23.468,-0.95,20.214,0.0,0.0,0.0,22.518,2.3,20.214,0.0,0.0,20.214,20.214,0.0,94.888078,0.21,0.21,0.21,99.927352,0.21,0.21,0.21,,14.633,1.774,1.052,,-5.429,,,-1.438,,33.106,1.053,34.159,34.159,0.341838,0.341838,0.2,58.507188,58.507188,57.323795,
06/30/2012,94.951,88.292,0.0,9.008,0.0,79.284,0.0,6.659,0.0,0.0,-57.076,27.436,12.545,16.626,,0.0,0.469,37.875,-11.496,15.854,-2.698,-1.66,26.379,-1.634,22.413,0.0,0.0,0.0,24.745,2.325,22.413,0.0,0.0,22.413,22.413,0.0,102.107535,0.22,0.22,0.22,106.653965,0.22,0.22,0.22,,14.861,1.828,0.988,,0.0,,,-1.437,,40.978,0.469,41.447,41.447,0.388612,0.388612,0.2,51.465228,51.465228,49.835295,
09/30/2012,109.791,103.56,0.0,9.495,0.0,94.065,0.0,6.231,0.0,0.0,-66.307,31.494,12.559,19.768,,0.0,2.486,43.484,-0.275,18.423,-2.854,-15.294,43.209,-1.656,38.606,0.0,0.0,0.0,41.553,2.938,38.606,0.0,0.0,38.606,38.606,0.0,104.252227,0.37,0.37,0.37,108.755316,0.37,0.37,0.37,,16.886,1.741,2.09,,-13.62,,,-1.438,,47.203,2.486,49.689,49.689,0.456888,0.456888,0.2,43.774403,43.774403,44.171865,
12/31/2012,113.667,107.437,0.0,9.756,0.0,97.681,0.0,6.23,0.0,0.0,-70.555,34.523,12.71,21.535,,0.0,1.787,43.112,-3.066,19.502,-3.011,-13.425,40.046,-1.173,36.076,0.0,0.0,0.0,38.873,2.786,36.076,0.0,0.0,36.076,36.076,0.0,107.830985,0.34,0.34,0.34,112.007741,0.33,0.33,0.33,,17.921,1.671,2.633,,-11.581,,,-1.437,,48.069,1.787,49.856,49.856,0.445112,0.445112,0.25,56.165628,56.165628,56.081354,
03/31/2013,119.322,113.144,0.0,10.221,0.0,102.923,0.0,6.178,0.0,0.0,-72.593,36.347,12.769,23.025,,0.0,0.452,46.729,-10.79,17.366,-2.623,-3.953,35.939,-2.008,31.425,0.0,0.0,0.0,33.931,2.494,31.425,0.0,0.0,31.425,31.425,0.0,110.314668,0.28,0.28,0.28,114.967087,0.28,0.28,0.28,,18.921,1.494,2.869,,-2.556,,,-1.438,,53.209,0.452,53.661,53.661,0.466751,0.466751,0.25,53.561752,53.561752,51.830831,
06/30/2013,126.246,119.45,0.0,12.11,0.0,107.34,0.0,6.796,0.0,0.0,-72.871,35.664,13.739,22.785,,0.0,0.683,53.375,-13.416,18.362,-2.914,-2.032,39.959,-2.858,34.466,0.0,0.0,0.0,37.101,2.624,34.466,0.0,0.0,34.466,34.466,0.0,110.731153,0.31,0.31,0.31,113.962981,0.31,0.31,0.31,,19.156,1.491,2.553,-0.8,0.0,,,-1.438,,58.052,0.796,58.848,58.848,0.510128,0.510128,0.4,78.411667,78.411667,76.297907,
09/30/2013,133.111,126.175,0.0,12.294,0.0,113.881,0.0,6.936,0.0,0.0,-77.047,37.249,13.943,23.428,,0.0,2.427,56.064,-21.431,16.264,-3.405,8.572,34.633,-2.281,29.245,0.0,0.0,0.0,32.352,3.092,29.245,0.0,0.0,29.245,38.398,9.153,110.827793,0.26,0.26,0.346465,115.477145,0.26,0.26,0.339262,,19.539,1.455,2.776,0.0,0.0,,,-1.438,,54.669,12.414,67.083,67.083,0.572704,0.572704,0.4,69.84412,69.84412,81.090046,
12/31/2013,141.934,135.23,0.0,12.692,0.0,122.538,0.0,6.704,0.0,0.0,-84.619,39.774,13.795,25.994,,0.0,5.056,57.315,27.694,20.095,-2.711,-45.078,85.009,-2.837,76.94,0.0,0.0,0.0,82.172,5.221,76.94,0.0,0.0,76.94,76.94,0.0,113.495805,0.66,0.66,0.66,114.560673,0.66,0.66,0.66,,21.327,1.236,3.265,-0.16,-43.476,,,-1.437,,62.916,5.513,68.429,68.429,0.566974,0.566974,0.4,70.549919,70.549919,72.157038,
03/31/2014,152.587,145.464,0.0,13.463,0.0,132.001,0.0,7.123,0.0,0.0,-92.189,46.049,15.709,28.375,,0.0,2.056,60.398,-16.359,19.598,-2.419,-0.82,44.039,-2.83,37.34,0.0,0.0,0.0,41.209,3.869,37.34,0.0,-0.117,37.223,37.223,0.0,115.438325,0.32,0.32,0.32,121.062845,0.32,0.32,0.32,,23.24,1.106,3.726,,,,,-1.438,,67.843,1.823,69.666,69.666,0.568621,0.568621,0.4,70.345658,70.345658,68.06204,
06/30/2014,160.724,153.286,0.0,14.508,0.0,138.778,0.0,7.438,0.0,0.0,-90.063,44.93,15.469,28.271,,0.0,1.393,70.661,-21.14,20.658,-6.042,6.524,49.521,-3.513,41.665,0.0,0.0,0.0,46.008,4.339,41.665,0.0,0.0,41.665,41.665,0.0,115.653489,0.36,0.36,0.36,121.254222,0.36,0.36,0.36,,23.722,1.067,3.109,7.785,-3.438,,,-1.437,,76.812,1.343,78.155,78.155,0.636124,0.636124,0.47,73.884959,73.884959,70.766469,
09/30/2014,169.067,160.054,0.0,15.385,0.0,144.669,0.0,9.013,0.0,0.0,-91.574,46.224,15.665,29.249,,0.0,0.436,77.493,-19.306,20.681,-3.155,1.78,58.187,1.006,54.228,0.0,0.0,0.0,59.193,4.962,54.228,0.0,0.0,54.228,54.228,0.0,115.726911,0.47,0.47,0.47,121.617554,0.47,0.47,0.47,,25.005,1.131,2.759,2.5,-0.378,,,-1.438,,88.769,0.373,89.142,89.142,0.724894,0.724894,0.47,64.837087,64.837087,61.273246,
12/31/2014,165.184,160.136,0.0,15.716,0.0,144.42,0.0,5.048,0.0,0.0,-95.268,45.64,14.506,29.181,,0.0,5.941,69.916,-18.197,21.072,-2.947,0.072,51.719,-2.233,45.122,0.0,0.0,0.0,49.486,4.36,45.122,0.0,0.0,45.122,45.122,0.0,116.032453,0.39,0.39,0.39,121.652351,0.39,0.39,0.39,,24.852,1.091,2.8,0.0,-0.206,,,-1.437,,76.582,7.615,84.197,84.197,0.68332,0.68332,0.47,68.781845,68.781845,71.211581,
03/31/2015,173.154,165.404,0.0,16.51,0.0,148.894,0.0,7.75,0.0,0.0,-97.718,50.172,16.249,30.428,,0.0,0.869,75.436,-14.552,21.431,-5.507,-1.372,60.884,-2.248,53.742,0.0,0.0,0.0,58.636,4.893,53.742,0.0,0.0,53.742,53.742,0.0,116.117615,0.46,0.46,0.46,122.595718,0.46,0.46,0.46,,26.118,1.057,2.797,,-2.857,,,-1.274,,84.476,0.818,85.294,85.294,0.688435,0.688435,0.47,68.270773,68.270773,64.79,
06/30/2015,185.86,178.364,0.0,17.34,0.0,161.024,0.0,7.496,0.0,0.0,-104.253,51.492,16.655,31.552,,0.0,4.554,81.607,-18.466,22.811,-3.001,-1.344,63.141,-2.185,55.339,0.0,0.0,0.0,60.956,5.608,55.339,0.0,0.0,55.339,55.339,0.0,116.861678,0.47,0.47,0.47,124.47589,0.47,0.47,0.47,,27.311,1.058,2.444,-0.4,0.0,,,-1.271,,90.089,4.315,94.404,94.404,0.749249,0.749249,0.59,78.74549,78.74549,76.533639,
09/30/2015,197.497,188.774,0.0,18.226,0.0,170.548,0.0,8.723,0.0,0.0,-100.193,52.486,16.716,30.711,,0.0,0.28,97.304,-15.543,20.811,-3.403,-1.865,81.761,-3.561,71.718,0.0,0.0,0.0,78.2,6.493,71.718,0.0,0.0,71.718,70.617,-1.101,122.644837,0.58,0.58,0.575785,130.398111,0.58,0.58,0.571557,,27.792,1.052,1.445,-1.101,0.0,,,-1.272,,106.127,0.721,106.848,106.848,0.812149,0.812149,0.59,72.64679,72.64679,68.182888,
12/31/2015,225.759,215.567,0.0,19.895,0.0,195.672,0.0,10.192,0.0,0.0,-185.45,62.848,18.138,40.766,,0.0,63.698,40.309,-25.411,31.741,-3.297,-3.033,14.898,-3.154,8.675,0.0,0.0,0.0,11.744,3.07,8.675,0.0,0.0,8.675,8.675,0.0,123.531844,0.07,0.07,0.07,131.021387,0.07,0.07,0.07,,34.703,1.066,4.408,0.0,0.0,,,-1.271,,50.651,64.447,115.098,115.098,0.869444,0.869444,0.59,67.859464,67.859464,143.894075,
03/31/2016,229.403,220.043,0.0,20.555,0.0,199.488,0.0,9.36,0.0,0.0,-135.775,65.423,23.402,42.897,,0.0,4.053,93.628,-1.456,31.359,-29.753,-0.15,92.172,-2.765,82.592,0.0,0.0,0.0,89.407,6.816,82.592,0.0,0.0,82.592,82.592,0.0,124.754174,0.66,0.66,0.66,131.956094,0.66,0.66,0.66,,36.436,1.015,4.736,1.544,-26.923,,,-1.271,,104.945,8.932,113.877,113.877,0.856624,0.856624,0.59,68.875044,68.875044,70.136703,
06/30/2016,244.273,233.445,0.0,21.654,0.0,211.791,0.0,10.828,0.0,0.0,-133.971,66.371,20.512,43.95,,0.0,3.138,110.302,-16.489,32.802,-3.358,-12.955,93.813,-3.773,83.044,0.0,0.0,0.0,90.04,6.996,83.044,0.0,0.0,83.044,83.044,0.0,124.914467,0.66,0.66,0.66,132.025915,0.66,0.66,0.66,,37.388,1.239,4.836,-11.358,0.0,,,-1.271,,120.874,4.036,124.91,124.91,0.936228,0.936228,0.78,83.313038,83.313038,80.607314,
09/30/2016,257.183,247.178,0.0,22.727,0.0,224.451,0.0,10.005,0.0,0.0,-134.459,66.434,19.537,46.555,,0.0,1.933,122.724,8.968,33.494,-41.134,-1.328,131.692,-4.466,118.088,0.0,0.0,0.0,127.226,9.137,118.088,0.0,0.0,118.088,118.088,0.0,125.752291,0.94,0.94,0.94,133.763472,0.93,0.93,0.93,,39.971,1.227,4.853,0.0,-37.509,,,-1.272,,134.495,3.044,137.539,137.539,1.021751,1.021751,0.78,76.339506,76.339506,72.92969,
12/31/2016,261.016,251.367,,22.355,,229.012,,9.649,0.0,0.0,-137.832,67.332,18.355,49.158,,,2.987,123.184,-27.925,35.824,-7.849,2.613,95.259,-4.843,82.403,0.0,0.0,0.0,90.416,8.013,82.403,0.0,0.0,82.403,73.938,-8.465,124.929284,0.659597,0.659597,0.591839,124.929284,0.659597,0.659597,0.591839,,41.563,1.024,6.042,1.349,-4.767,,,-1.271,,134.356,4.207,138.563,138.563,1.027676,1.027676,0.78,75.899412,75.899412,72.480201,
03/31/2017,263.008,254.348,0.0,22.855,0.0,231.493,0.0,8.66,0.0,0.0,-138.805,70.565,18.808,49.432,,0.0,0.0,124.203,-31.345,35.97,-3.579,-1.046,92.858,-3.124,82.282,0.0,0.0,0.0,89.734,7.453,82.282,0.0,0.0,82.282,82.282,0.0,125.605403,0.65,0.65,0.65,132.618644,0.64,0.64,0.64,,41.913,1.363,6.161,,,,,-1.271,,137.901,1.269,139.17,139.17,1.031423,1.031423,0.78,75.623654,75.623654,71.045326,
06/30/2017,276.003,265.109,0.0,24.313,0.0,240.796,0.0,10.894,0.0,0.0,-139.596,71.099,21.865,46.632,,0.0,0.0,136.407,-39.442,37.456,-3.838,5.824,96.965,-2.867,87.006,0.0,0.0,0.0,94.098,7.112,87.006,0.0,0.0,87.006,87.006,0.0,125.673156,0.69,0.69,0.69,132.783402,0.69,0.69,0.69,,42.513,1.475,2.687,6.019,,,,-0.704,,146.108,1.29,147.398,147.398,1.091153,1.091153,0.78,71.484025,71.484025,67.090824,
09/30/2017,284.156,274.471,0.0,25.882,0.0,248.589,0.0,9.685,0.0,0.0,-144.275,76.702,19.498,48.075,,0.0,0.0,139.881,-35.643,39.766,-3.99,-0.133,104.238,-3.163,93.764,0.0,0.0,0.0,101.075,7.363,93.764,0.0,0.0,93.764,93.764,0.0,125.717517,0.74,0.74,0.74,133.044473,0.74,0.74,0.74,,43.303,1.429,2.316,,,,,-0.572,,147.603,5.628,153.231,153.231,1.134285,1.134285,0.78,68.765785,68.765785,66.434736,
12/31/2017,281.842,271.702,0.0,25.351,0.0,246.351,0.0,10.14,0.0,0.0,-140.728,72.781,18.79,49.157,,0.0,0.0,141.114,82.672,40.319,-3.924,-119.067,223.786,5.529,215.983,0.0,0.0,0.0,229.315,13.377,215.983,0.0,0.0,215.983,89.069,-126.914,126.007129,1.71,1.71,0.706857,134.676639,1.69,1.69,0.706857,,44.931,1.222,2.427,,,-118.808,,-0.572,,158.56,-6.83,151.73,151.73,1.123692,1.123692,0.78,69.414039,69.414039,61.986353,
03/31/2018,285.485,274.92,0.0,27.034,0.0,247.886,0.0,10.565,0.0,0.0,-151.573,78.36,21.464,51.749,,0.0,0.0,133.912,-37.14,40.966,-3.597,-0.229,96.772,-1.342,88.256,0.0,0.0,0.0,95.43,7.174,88.256,0.0,0.0,88.256,88.256,0.0,125.772439,0.7,0.7,0.7,132.68256,0.7,0.7,0.7,,47.238,1.512,2.639,,,,,-0.572,,146.247,1.209,147.456,147.456,1.093167,1.093167,0.78,71.35231,71.35231,67.08001,
06/30/2018,296.813,286.649,0.0,28.521,0.0,258.128,0.0,10.164,0.0,0.0,-152.097,78.554,21.651,51.892,,0.0,0.0,144.716,-39.906,43.347,-3.429,-0.012,104.81,-2.097,95.153,0.0,0.0,0.0,102.713,7.56,95.153,0.0,0.0,95.153,95.153,0.0,125.87413,0.75,0.75,0.75,132.772772,0.75,0.75,0.75,,48.107,1.638,1.953,,,0.0,,-0.572,,153.839,1.176,155.015,155.015,1.150112,1.150112,0.86,74.775294,74.775294,70.366911,
09/30/2018,306.953,296.833,0.0,30.105,0.0,266.728,0.0,10.12,0.0,0.0,-153.362,81.372,19.707,52.283,,0.0,0.0,153.591,-11.266,45.926,-3.622,-31.038,142.325,-2.638,130.418,0.0,0.0,0.0,139.687,9.269,130.418,0.0,0.0,130.418,99.611,-30.807,126.466837,1.03,1.03,0.787645,134.24029,1.02,1.02,0.787645,,48.673,1.781,1.835,,,-30.807,,-0.572,,160.597,1.14,161.737,161.737,1.197955,1.197955,0.86,71.789031,71.789031,67.723233,
12/31/2018,307.353,296.445,0.0,29.847,0.0,266.598,0.0,10.908,0.0,0.0,-150.676,79.116,18.434,53.126,,,0.0,156.677,-44.26,48.197,-3.804,-0.133,112.417,-3.167,101.462,0.0,0.0,0.0,109.25,7.788,101.462,0.0,0.0,101.462,101.462,0.0,126.466837,0.8,0.8,0.8,134.24029,0.8,0.8,0.8,,49.569,2.133,1.913,,,0.0,,-0.572,,162.293,3.195,165.488,165.488,1.222938,1.222938,0.86,70.322467,70.322467,67.015509,
03/31/2019,311.546,300.8,0.0,29.797,0.0,271.003,,10.746,0.0,0.0,-163.069,85.732,22.678,54.659,,,0.0,148.477,-44.504,47.36,-2.63,-0.226,103.973,-1.813,94.77,0.0,0.0,0.0,102.16,7.39,94.77,0.0,0.0,94.77,94.77,0.0,127.037247,0.74,0.74,0.74,134.289716,0.74,0.74,0.74,,50.773,1.872,2.288,,,,,-0.572,,156.521,1.162,157.683,157.683,1.158137,1.158137,0.86,74.257222,74.257222,69.800239,
06/30/2019,323.602,311.285,0.0,31.701,0.0,279.584,0.0,12.317,0.0,0.0,-165.609,87.852,23.351,54.406,,0.0,0.0,157.993,-42.589,47.448,-3.121,-1.738,115.404,-2.715,104.828,0.0,0.0,0.0,112.689,7.861,104.828,0.0,0.0,104.828,103.623,-1.205,127.585436,0.82,0.82,0.812185,135.654761,0.81,0.81,0.801117,,51.144,1.912,1.809,,,-1.205,,-0.572,,165.777,1.185,166.962,166.962,1.217256,1.217256,0.9,73.936814,73.936814,69.265877,
09/30/2019,337.505,324.505,0.0,33.588,0.0,290.917,0.0,13.0,0.0,0.0,-174.867,96.297,22.519,56.051,,0.0,0.0,162.638,-42.591,46.908,-2.704,-1.613,120.047,-4.052,108.087,0.0,0.0,0.0,115.995,7.908,108.087,0.0,0.0,108.087,108.087,0.0,128.776549,0.84,0.84,0.84,137.318475,0.83,0.83,0.83,,51.828,2.16,1.184,,,0.0,,-0.572,,170.595,1.186,171.781,171.781,1.238334,1.238334,0.9,72.678268,72.678268,67.938037,
12/31/2019,335.801,321.974,0.0,33.301,0.0,288.673,0.0,13.827,0.0,0.0,-171.156,95.545,20.87,54.741,,,0.0,164.645,-41.638,44.81,-2.819,-0.353,123.007,-2.728,112.282,0.0,0.0,0.0,120.279,7.997,112.282,0.0,0.0,112.282,112.282,0.0,129.313513,0.87,0.87,0.87,137.436403,0.86,0.86,0.86,,52.512,2.1,0.676,,0.0,0.0,,-0.572,,174.995,1.209,176.204,176.204,1.268367,1.268367,0.9,70.957407,70.957407,66.505993,
03/31/2020,332.452,320.316,0.0,33.613,0.0,286.703,,12.136,0.0,0.0,-175.261,96.975,23.011,55.275,,,0.0,157.191,-38.85,44.358,-5.043,-0.465,118.341,-2.179,108.179,0.0,0.0,0.0,116.162,7.983,108.179,0.0,0.0,108.179,108.179,0.0,129.288629,0.84,0.84,0.84,137.13956,0.83,0.83,0.83,,52.926,2.164,0.617,,,,,-0.572,,171.297,1.209,172.506,172.506,1.243778,1.243778,0.9,72.360194,72.360194,67.928665,
06/30/2020,327.246,314.39,0.0,35.078,0.0,279.312,0.0,12.856,0.0,0.0,-177.253,95.898,25.337,56.018,,0.0,0.0,149.993,-35.559,41.039,-5.044,-0.436,114.434,-3.177,102.911,0.0,0.0,0.0,111.257,8.346,102.911,0.0,0.0,102.911,102.911,,128.932152,0.8,0.8,0.8,129.082468,0.8,0.8,0.8,,53.367,2.224,0.538,,,0.0,,-0.572,,166.814,3.056,169.87,169.87,1.232933,1.232933,0.9,72.99667,72.99667,69.561869,
09/30/2020,333.25,,,,,,,,,,,,,,,,,,,,,,106.0,,,,,,,,102.0,,,102.0,101.0,,,0.77,0.77,0.78,,0.77,0.77,0.78,,,,,,,,,,,,,,,,,,,,,
12/31/2020,335.25,,,,,,,,,,,,,,,,,,,,,,109.0,,,,,,,,105.0,,,105.0,104.0,,,0.79,0.79,0.805,,0.79,0.79,0.805,,,,,,,,,,,,,,,,,,,,,
