Date,Revenue,Sales & Services Revenue,Financing Revenue,Other Revenue,Cost of Revenue,Cost of Goods & Services,Cost of Financing Revenue,Gross Profit,Other Operating Income,Operating Expenses,"Selling, General & Admin",Depreciation & Amortization,Prov For Doubtful Accts,Other Operating Expense,Operating Income (Loss),Non-Operating (Income) Loss,"Interest Expense, Net",Interest Expense,Interest Income,Foreign Exch (Gain) Loss,(Income) Loss from Affiliates,Other Non-Op (Income) Loss,Pretax Income,Income Tax Expense (Benefit),Income (Loss) from Cont Ops,Net Extraordinary Losses (Gains),Discontinued Operations,XO & Accounting Changes,Income (Loss) Incl. MI,Minority Interest,"Net Income, GAAP",Preferred Dividends,Other Adjustments,"Net Income Avail to Common, GAAP","Net Income Avail to Common, Adj",Net Abnormal Losses (Gains),Basic Weighted Avg Shares,"Basic EPS, GAAP",Basic EPS from Cont Ops,"Basic EPS from Cont Ops, Adjusted",Diluted Weighted Avg Shares,"Diluted EPS, GAAP",Diluted EPS from Cont Ops,"Diluted EPS from Cont Ops, Adjusted",Source: Bloomberg
03/31/1990,23600.599609,,,,-21111.800781,,,2488.798828,,-1458.599976,,,,,1030.199951,-106.000008,,166.100006,,,,-60.099998,924.199943,-380.399994,543.799988,0.0,,,543.799949,-37.599998,506.200012,0.0,,506.200012,506.200012,,920.400024,0.55,0.55,0.55,920.400024,0.55,0.55,0.55,
06/30/1990,26871.699219,,,,-23798.599609,,,3073.09961,,-1666.900024,,,,,1406.199951,-43.299996,,128.899994,,,,-85.599998,1362.899955,-565.5,797.400024,0.0,,,797.399955,-26.700001,770.700012,0.0,,770.700012,770.700012,,920.799988,0.835,0.835,0.835,920.799988,0.835,0.835,0.835,
09/30/1990,22986.900391,,,,-21106.300781,,,1880.59961,,-1702.599976,,,,,178.0,-3.399994,,144.0,,,,-140.600006,174.600006,-63.400002,111.199997,0.0,,,111.200004,-9.5,101.699997,0.0,,101.699997,101.699997,,925.599976,0.11,0.11,0.11,925.599976,0.11,0.11,0.11,
12/31/1990,24190.800781,,,,-23236.599609,,,954.201172,,-2034.0,,,,,-1079.800049,113.099998,,125.400002,,3.0,,-241.5,-966.700051,478.899994,-487.799988,0.0,,,-487.800057,-30.700001,-518.500122,0.0,,-518.500122,-518.500122,,935.0,-0.56,-0.56,-0.56,935.0,-0.56,-0.56,-0.56,
03/31/1991,21341.0,,,,-20572.900391,,,768.099609,,-1815.5,,,,,-1047.400024,-108.900002,,196.0,,,,-87.099998,-1156.300026,294.299988,-862.0,0.0,,,-862.000038,-22.4,-884.400024,0.0,,-884.400024,-884.400024,,942.799988,-0.94,-0.94,-0.94,942.799988,-0.94,-0.94,-0.94,
06/30/1991,23846.699219,,,,-22161.400391,,,1685.298828,,-1885.900024,,,,,-200.600006,-93.800003,,201.0,,,,-107.199997,-294.400009,-15.7,-310.100006,0.0,,,-310.100009,-13.4,-323.5,0.0,,-323.5,-323.5,,946.200012,-0.34,-0.34,-0.34,946.200012,-0.34,-0.34,-0.34,
09/30/1991,21116.699219,,,,-19746.800781,,,1369.898438,,-1803.599976,,,,,-433.700012,-54.699997,,240.0,,,,-185.300003,-488.400009,-70.599998,-559.0,0.0,,,-559.000007,-15.4,-574.400024,0.0,,-574.400024,-574.400024,,954.200012,-0.6,-0.6,-0.6,954.200012,-0.6,-0.6,-0.6,
12/31/1991,21981.900391,,,,-20484.699219,,,1497.201172,,-2229.0,,,,,-731.799927,83.899994,,265.600006,,-81.0,,-268.5,-647.899933,187.399994,-460.500092,0.0,,,-460.499939,-15.2,-475.700012,-22.0,,-497.700012,-497.700012,,963.200012,-0.52,-0.52,-0.52,963.200012,-0.52,-0.52,-0.52,
03/31/1992,24558.0,,,,-21961.0,,,2597.0,,-1932.0,,,,,665.0,-160.0,,264.0,,,,-104.0,505.0,-271.0,234.0,6883.200195,,,-6649.200195,-11.0,-6660.200195,-48.0,,-6708.200195,-6708.200195,,968.0,-6.925,0.19,,968.0,-6.925,0.19,0.19,
06/30/1992,26843.0,,,,-23729.0,,,3114.0,,-2075.0,,,,,1039.0,-53.0,,233.0,,,,-180.0,986.0,-569.0,417.0,0.0,,,417.0,-30.0,387.0,-48.0,,339.0,339.0,,972.0,0.35,0.35,,972.0,0.35,0.35,0.35,
09/30/1992,23325.0,,,,-21670.0,,,1655.0,,-2114.0,,,,,-459.0,33.0,,182.0,,,,-215.0,-426.0,181.0,-245.0,0.0,,,-245.0,-27.0,-272.0,-48.0,,-320.0,-320.0,,974.0,-0.33,-0.33,,974.0,-0.33,-0.33,-0.33,
12/31/1992,25406.300781,,,,-24388.300781,,,1018.0,,-2124.699951,,,,,-1106.699951,-85.0,,181.699997,,73.0,,-169.699997,-1191.699951,364.299988,-827.400024,0.0,,,-827.399963,-12.4,-839.799805,-65.399986,0.0,-905.199791,-905.199791,,976.799988,-0.93,-0.93,-0.93,976.799988,-0.93,-0.93,-0.93,
03/31/1993,26763.0,,,,-23430.0,,,3333.0,,-2165.0,,,,,1168.0,-102.0,,234.0,,,,-132.0,1066.0,-468.0,598.0,0.0,,,598.0,-26.0,572.0,-72.0,,500.0,500.0,,980.0,0.51,0.51,,980.0,0.51,0.51,0.51,
06/30/1993,29419.0,,,,-25601.0,,,3818.0,,-2387.0,,,,,1431.0,-37.0,,202.0,,,,-165.0,1394.0,-570.0,824.0,0.0,,,824.0,-49.0,775.0,-72.0,,703.0,703.0,,982.0,0.72,0.72,,982.0,0.72,0.72,0.72,
09/30/1993,24498.0,,,,-21696.0,,,2802.0,,-2322.0,,,,,480.0,46.0,,214.0,,,,-260.0,526.0,-32.0,494.0,0.0,,,494.0,-31.0,463.0,-72.0,,391.0,391.0,,988.0,0.4,0.4,,988.0,0.4,0.4,0.4,
12/31/1993,27841.0,,,,-24119.0,,,3722.0,,-3100.0,,,,,622.0,395.0,,157.0,,-419.0,,-133.0,1017.0,-280.0,737.0,0.0,,,737.0,-18.0,719.0,-72.0,0.0,647.0,647.0,,996.0,0.65,0.65,0.65,996.0,0.65,0.65,0.65,
03/31/1994,30402.0,,,,-25774.0,,,4628.0,,-2406.0,,,,,2222.0,-456.0,,176.0,,,,280.0,1766.0,-825.0,941.0,0.0,,,941.0,-37.0,904.0,-72.0,,832.0,832.0,,1000.0,0.83,0.83,,1000.0,0.83,0.83,0.83,
06/30/1994,33772.0,,,,-27888.0,,,5884.0,,-3018.0,,,,,2866.0,42.0,,163.0,,,,-205.0,2908.0,-1161.0,1747.0,0.0,,,1747.0,-36.0,1711.0,-72.0,,1639.0,1639.0,,1005.0,1.63,1.63,,1005.0,1.63,1.63,1.63,
09/30/1994,30622.0,,,,-25764.0,,,4858.0,,-2982.0,,,,,1876.0,38.0,,190.0,,,,-228.0,1914.0,-737.0,1177.0,0.0,,,1177.0,-35.0,1124.0,-72.0,,1052.0,1052.0,,1014.0,1.04,1.04,,1014.0,1.04,1.04,1.04,
12/31/1994,33643.0,,,,-28384.0,,,5259.0,,-3540.0,,,,,1719.0,482.0,,192.0,,-376.0,,-298.0,2201.0,-606.0,1595.0,0.0,,,1595.0,-44.0,1569.0,-71.0,0.0,1498.0,1498.0,,1020.0,1.47,1.47,1.47,1020.0,1.47,1.47,1.47,
03/31/1995,34783.0,,,,-29108.0,,,5675.0,,-3157.0,,,,,2518.0,61.0,,166.0,,,,-227.0,2579.0,-988.0,1591.0,0.0,,,1591.0,-41.0,1550.0,-72.0,,1478.0,1478.0,,1025.0,1.44,1.44,1.44,1025.0,1.44,1.44,1.44,
06/30/1995,36389.0,,,,-30139.0,,,6250.0,,-3627.0,,,,,2623.0,61.0,,174.0,,,,-235.0,2684.0,-1053.0,1631.0,0.0,,,1631.0,-59.0,1572.0,-69.0,,1503.0,1503.0,,1040.0,1.45,1.45,1.45,1040.0,1.45,1.45,1.45,
09/30/1995,31418.0,,,,-27118.0,,,4300.0,,-3568.0,,,,,732.0,-170.0,,151.0,,,,19.0,562.0,-157.0,405.0,0.0,,,405.0,-48.0,357.0,-55.0,,302.0,302.0,,1083.0,0.28,0.28,0.28,1083.0,0.28,0.28,0.28,
12/31/1995,34547.0,,,,-24230.0,,,10317.0,,-9509.0,,,,,808.0,59.0,,131.0,,,,-190.0,867.0,-181.0,699.0,0.0,,,686.0,-39.0,660.0,-104.0,,556.0,556.0,,1136.0,0.49,0.49,0.46,1136.0,0.49,0.49,0.46,
03/31/1996,36261.0,,,,-29967.0,,,6294.0,,-5167.0,,,,,1127.0,-40.0,,172.0,,,,-132.0,1087.0,-413.0,674.0,0.0,,,674.0,-21.0,653.0,-19.0,,634.0,634.0,,1168.0,0.54,0.54,0.54,1168.0,0.53,0.53,0.53,
06/30/1996,37937.0,,,,-31583.0,,,6354.0,,-3750.0,,,,,2604.0,34.0,,210.0,,,,-244.0,2638.0,-694.0,1944.0,0.0,,,1944.0,-41.0,1903.0,-16.0,,1887.0,1887.0,,1172.050049,1.61,1.61,1.61,1178.0,1.56,1.56,1.56,
09/30/1996,33960.0,,,,-28943.0,,,5017.0,,-3990.0,,,,,1027.0,200.0,,155.0,,,,-355.0,1227.0,-474.0,753.0,0.0,,,753.0,-67.0,686.0,-16.0,,670.0,670.0,,1175.438965,0.57,0.57,0.57,1183.0,0.56,0.56,0.56,
12/31/1996,38833.0,,,,-28093.0,,,10740.0,,-9374.0,,,,,1366.0,631.0,,158.0,,,,-789.0,1997.0,-585.0,1256.0,0.0,,,1412.0,-52.0,1204.0,-14.0,,1190.0,1190.0,,1178.218018,1.01,1.01,1.1,1187.0,0.99,0.99,1.08,
03/31/1997,36202.0,,,,-28039.0,,,8163.0,,-5648.0,,,,,2515.0,-89.0,,194.0,,,,-105.0,2426.0,-898.0,1528.0,0.0,,,1528.0,-59.0,1469.0,-14.0,,1455.0,1455.0,,1187.0,1.23,1.23,1.23,1213.0,1.2,1.2,1.2,
06/30/1997,40265.0,,,,-31081.0,,,9184.0,,-5050.0,,,,,4134.0,-352.0,,206.0,,,,146.0,3782.0,-1182.0,2600.0,0.0,,,2600.0,-70.0,2530.0,-14.0,,2516.0,2516.0,,1192.416992,2.11,2.11,2.03,1193.0,2.06,2.06,1.98,
09/30/1997,36096.0,,,,-29838.0,,,6258.0,,-4515.0,,,,,1743.0,61.0,,192.0,,,,-253.0,1804.0,-595.0,1209.0,0.0,,,1209.0,-84.0,1125.0,-13.0,,1112.0,1112.0,,1198.0,0.93,0.93,0.93,1230.0,0.91,0.91,0.91,
12/31/1997,4410.0,,,,-4103.0,,,307.0,,-186.0,,,,,121.0,-23.0,,22.0,,,,1.0,98.0,-52.0,46.0,0.0,,,46.0,-2.0,48.0,-13.0,0.0,35.0,35.0,,1204.72998,1.48,1.48,1.48,1204.957031,1.45,1.45,1.45,
03/31/1998,36584.0,,,,-27954.0,,,8630.0,,-6014.0,,,,,2616.0,16068.0,,199.0,,,,-16267.0,18684.0,-972.0,17712.0,0.0,,,17712.0,-66.0,17646.0,-95.0,,17551.0,17551.0,,1212.0,14.48,14.48,1.4,1233.0,14.23,14.23,1.36,
06/30/1998,37289.0,,,,-28142.0,,,9147.0,,-5674.0,,,,,3473.0,128.0,,208.0,,,,-336.0,3601.0,-1192.0,2409.0,0.0,,,2409.0,-29.0,2381.0,-4.0,,2377.0,2377.0,,1210.0,1.96,1.96,1.96,1243.0,1.91,1.91,1.91,
09/30/1998,32640.0,,,,-27083.0,,,5557.0,,-4191.0,,,,,1366.0,147.0,,198.0,,,,-345.0,1513.0,-482.0,1031.0,0.0,,,1031.0,-30.0,1001.0,-4.0,,997.0,997.0,,1209.0,0.82,0.82,0.82,1240.0,0.8,0.8,0.8,
12/31/1998,37903.0,,,,-29639.0,,,8264.0,,-6742.0,,,,,1522.0,173.0,,224.0,,0.0,,-397.0,1695.0,-530.0,1068.0,0.0,,,1165.0,-24.0,1043.0,-4.0,,1039.0,1039.0,,1208.140015,0.86,0.86,1.37,1236.905029,0.84,0.84,1.35,
03/31/1999,37549.0,,,,-29625.0,,,7924.0,0.0,-5322.0,1777.0,,391.0,3154.0,2602.0,88.0,-55.0,285.0,-340.0,,-34.0,1.0,2690.0,-893.0,1797.0,-205.0,,,2002.0,-23.0,1979.0,-4.0,0.0,1975.0,1975.0,,1211.0,1.64,1.47,1.47,1237.0,1.6,1.43,1.43,
06/30/1999,41907.0,,,,-32621.0,,,9286.0,,-6160.0,2296.0,,372.0,3492.0,3126.0,-3.0,-346.0,337.0,,,,349.0,3123.0,-1034.0,2089.0,-280.0,,,2369.0,-31.0,2338.0,-3.0,,2335.0,2335.0,,1211.0,1.93,1.7,1.82,1237.0,1.89,1.66,1.78,
09/30/1999,37280.0,,,,-29867.0,,,7413.0,,-5951.0,,,383.0,,1462.0,-6.0,371.0,371.0,,,,-365.0,1456.0,-473.0,983.0,-155.0,,,1138.0,-24.0,1114.0,-4.0,,1110.0,1110.0,,1206.0,0.92,0.79,0.86,1231.0,0.9,0.78,0.84,
12/31/1999,43922.0,,,,-33607.0,,,10315.0,,-8109.0,,,,,2702.0,-368.0,-16.0,368.0,-384.0,0.0,,384.0,2334.0,-915.0,1837.0,0.0,,,1419.0,-31.0,1806.0,-3.0,,1803.0,1803.0,,1210.0,1.5,1.5,1.5,1227.0,1.47,1.47,1.47,
03/31/2000,42904.0,,,,-33801.0,,,9103.0,0.0,-6138.0,2265.0,,454.0,3419.0,2965.0,18.0,-368.0,318.0,-686.0,,32.0,318.0,2983.0,-1022.0,1961.0,-147.0,,,2108.0,-29.0,2079.0,-7.0,0.0,2072.0,2072.0,,1199.0,1.73,1.61,1.61,1222.0,1.7,1.58,1.58,
06/30/2000,44499.0,,,,-35806.0,,,8693.0,0.0,-6516.0,2458.0,,411.0,3647.0,2177.0,91.0,-389.0,327.0,-716.0,,-29.0,327.0,2268.0,-728.0,1540.0,2090.0,,,-550.0,-27.0,-577.0,-3.0,0.0,-580.0,-580.0,,1205.0,-0.48,1.26,1.26,1222.0,-0.47,1.24,1.24,
09/30/2000,40055.0,,,,-32121.0,,,7934.0,,-6504.0,,,482.0,,1430.0,-46.0,-15.0,367.0,-382.0,,,61.0,1384.0,-449.0,935.0,0.0,,,935.0,-47.0,888.0,-4.0,0.0,884.0,884.0,,1643.0,0.54,0.54,0.54,1678.0,0.53,0.53,0.53,
12/31/2000,42600.0,,,,-33905.0,,,8695.0,,-7068.0,,,,,1627.0,-28.0,,371.0,,0.0,,-343.0,1599.0,-506.0,1093.0,0.0,,,1093.0,-16.0,1077.0,-1.0,,1076.0,1076.0,,1873.0,0.57,0.57,0.64,1873.0,0.57,0.57,0.64,
03/31/2001,42446.0,,,,-33375.0,,,9071.0,,-7148.0,,,686.0,,1923.0,-290.0,112.0,367.0,-255.0,0.0,,178.0,1633.0,-571.0,1062.0,0.0,,,1062.0,-3.0,1059.0,-4.0,0.0,1055.0,1055.0,,1828.0,0.58,0.58,0.58,1868.0,0.56,0.56,0.56,
06/30/2001,42314.0,,,,-36132.0,,,6182.0,0.0,-6924.0,2336.0,,572.0,4016.0,-742.0,-274.0,-218.0,330.0,-548.0,,162.0,330.0,-1016.0,284.0,-732.0,0.0,,,-732.0,-20.0,-752.0,-3.0,0.0,-755.0,-755.0,,1819.0,-0.42,-0.42,-0.42,1819.0,-0.42,-0.42,-0.42,
09/30/2001,36324.0,,,,-29480.0,,,6844.0,,-7302.0,,,879.0,,-458.0,-510.0,308.0,308.0,,0.0,,202.0,-968.0,285.0,-683.0,0.0,,,-683.0,-9.0,-692.0,0.0,0.0,-692.0,-692.0,,1812.0,-0.39,-0.39,-0.39,1806.0,-0.39,-0.39,-0.39,
12/31/2001,40711.0,,,,-39334.0,,,1377.0,,-8154.0,,,,,-6777.0,-393.0,,372.0,-149.0,0.0,,170.0,-7170.0,2130.0,-5040.0,37.0,,,-5077.0,9.0,-5068.0,-4.0,0.0,-5072.0,-5072.0,,1807.0,-2.81,-2.79,0.56,1806.0,-2.81,-2.79,0.56,
03/31/2002,39461.0,,,,-31911.0,,,7550.0,,-7267.0,,,960.0,,283.0,-310.0,361.0,361.0,,,,-51.0,-27.0,20.0,-7.0,1014.0,,,-1021.0,-73.0,-1094.0,,,-1094.0,-1094.0,,1807.0,-0.61,-0.05,-0.05,1805.0,-0.61,-0.05,-0.05,
06/30/2002,42207.0,,,,-34130.0,,,8077.0,,-6890.0,,,771.0,,1187.0,-184.0,336.0,336.0,,,,-152.0,1003.0,-289.0,714.0,49.0,,,665.0,-95.0,570.0,,,570.0,570.0,,1813.0,0.31,0.34,0.34,2112.0,0.29,0.31,0.31,
09/30/2002,39338.0,,,,-32436.0,,,6902.0,,-6969.0,,,792.0,,-67.0,21.0,340.0,340.0,,,,-361.0,-46.0,-81.0,-127.0,82.0,,,-209.0,-117.0,-326.0,,,-326.0,-326.0,,1822.0,-0.18,-0.14,-0.14,1820.0,-0.18,-0.14,-0.14,
12/31/2002,41250.0,,,,-34034.0,,,7216.0,,-7043.0,,,752.0,,173.0,-152.0,331.0,331.0,,,,-179.0,21.0,49.0,70.0,118.0,,,-48.0,-82.0,-130.0,-15.0,0.0,-145.0,-145.0,,1819.0,-0.07,-0.07,-0.07,1829.0,-0.07,-0.07,-0.07,
03/31/2003,40815.0,,,,-32699.0,,,8116.0,,-6039.0,,,1188.0,,2077.0,-737.0,313.0,313.0,,,,424.0,1340.0,-337.0,1003.0,5.0,,,998.0,-102.0,896.0,,,896.0,896.0,,1832.0,0.49,0.49,0.49,2117.0,0.45,0.45,0.45,
06/30/2003,40582.0,,,,-33258.0,,,7324.0,,-6583.0,,,679.0,,741.0,-23.0,229.0,229.0,,0.0,,-206.0,718.0,-194.0,524.0,9.0,,,515.0,-98.0,417.0,0.0,0.0,417.0,417.0,,1832.0,0.23,0.23,0.23,2124.0,0.22,0.22,0.22,
09/30/2003,36742.0,,,,-29933.0,,,6809.0,,-6430.0,,,529.0,,379.0,48.0,362.0,362.0,,0.0,,-410.0,427.0,-140.0,287.0,267.0,,,20.0,-45.0,-25.0,0.0,0.0,-25.0,-25.0,,1831.0,-0.01,0.13,0.13,1843.0,-0.01,0.13,0.13,
12/31/2003,46199.0,,,,-40115.0,,,6084.0,,-7590.0,,,-148.0,,-1506.0,360.0,419.0,419.0,,0.0,,-779.0,-1146.0,548.0,-598.0,126.0,,,-724.0,-69.0,-793.0,0.0,0.0,-793.0,-793.0,2061.0,1832.0,-0.43,-0.43,0.695,1843.0,-0.43,-0.43,0.695,
03/31/2004,44723.0,,,,-35504.0,,,9219.0,,-6172.0,,,1212.0,,3047.0,-184.0,240.0,385.0,-145.0,0.0,,-56.0,2863.0,-819.0,2044.0,7.0,,,2037.0,-85.0,1952.0,0.0,0.0,1952.0,1952.0,8.557,1832.0,1.07,1.07,1.07,2124.0,0.94,0.95,0.95,
06/30/2004,42802.0,,,,-35256.0,,,7546.0,,-5944.0,,,182.0,,1602.0,-100.0,184.0,312.0,-128.0,0.0,,-84.0,1502.0,-268.0,1234.0,-3.0,,,1237.0,-72.0,1165.0,0.0,0.0,1165.0,1165.0,82.772,1831.0,0.64,0.64,0.68,2126.0,0.57,0.57,0.61,
09/30/2004,39121.0,,,,-32426.0,,,6695.0,,-6020.0,,,339.0,,675.0,43.0,14.0,397.0,-383.0,0.0,,-57.0,718.0,-197.0,521.0,193.0,,,328.0,-62.0,266.0,0.0,0.0,266.0,266.0,57.0,1825.0,0.15,0.25,0.28,2126.0,0.15,0.24,0.27,
12/31/2004,44930.0,,,,-38502.0,,,6428.0,,-7249.0,,,,,-821.0,608.0,,127.0,-480.0,0.0,,-255.0,-213.0,340.0,127.0,-40.0,,,167.0,-63.0,104.0,0.0,0.0,104.0,104.0,,1829.0,0.06,0.04,0.29,2126.0,0.6,0.3,0.28,
03/31/2005,44895.0,,,,-37402.0,,,7493.0,,-6279.0,,,,,1214.0,-192.0,249.0,402.0,-153.0,0.0,,-57.0,1022.0,-124.0,898.0,-35.0,,,933.0,-58.0,875.0,0.0,0.0,875.0,875.0,,1827.0,0.48,0.46,0.52,2123.0,0.44,0.42,0.47,
06/30/2005,44548.0,,,,-38245.0,,,6303.0,,-6110.0,,,-17.0,,193.0,533.0,-464.0,187.0,-651.0,0.0,,-69.0,726.0,301.0,1027.0,-3.0,,,1030.0,-84.0,946.0,0.0,0.0,946.0,946.0,,1839.0,0.51,0.51,0.51,2129.0,0.47,0.47,0.47,
09/30/2005,40510.0,,,,-35257.0,,,5253.0,,-6165.0,,,182.0,,-912.0,69.0,64.0,371.0,-307.0,0.0,,-133.0,-843.0,314.0,-529.0,-7.0,,,-522.0,-54.0,-576.0,0.0,0.0,-576.0,-576.0,111.0,1851.0,-0.31,-0.31,-0.25,1851.0,-0.31,-0.31,-0.25,
12/31/2005,46549.0,,,,-40870.0,,,5679.0,,-6580.0,,,,,-901.0,999.0,,260.0,-138.0,0.0,,-1121.0,98.0,385.0,483.0,249.0,,,234.0,-84.0,150.0,0.0,0.0,150.0,150.0,,1859.0,0.08,0.21,0.28,1859.0,0.08,0.21,0.28,
03/31/2006,40801.0,,,,-38445.0,,,2356.0,0.0,-4649.0,2985.0,,46.0,1618.0,-2293.0,-52.0,-430.0,346.0,-776.0,0.0,-79.0,561.0,-2345.0,981.0,-1364.0,0.0,,,-1364.0,-59.0,-1423.0,0.0,0.0,-1423.0,-1423.0,,1863.0,-0.76,-0.76,0.03,1863.0,-0.76,-0.76,0.03,
06/30/2006,41878.0,,,,-38042.0,,,3836.0,,-4673.0,,,50.0,,-837.0,169.0,37.0,347.0,-310.0,0.0,,-206.0,-668.0,364.0,-304.0,-6.0,,,-298.0,-19.0,-317.0,0.0,0.0,-317.0,-317.0,220.0,1875.0,-0.17,-0.17,-0.05,1875.0,-0.17,-0.17,-0.05,
09/30/2006,37095.0,,,,-39561.0,,,-2466.0,,-4586.0,,,97.0,,-7052.0,688.0,-627.0,,,0.0,,-61.0,-6364.0,1160.0,-5204.0,-4.0,,,-5200.0,-48.0,-5248.0,0.0,0.0,-5248.0,-5248.0,4408.0,1882.0,-2.79,-2.79,-0.45,1882.0,-2.79,-2.79,-0.45,
12/31/2006,40275.0,,,,-40607.0,,,-332.0,,-5473.0,,,,,-5805.0,101.0,,373.0,-329.0,0.0,,-145.0,-5704.0,153.0,-5551.0,-10.0,,,-5541.0,-84.0,-5625.0,0.0,0.0,-5625.0,-5625.0,,1887.0,-2.98,-2.98,-1.03,1887.0,-2.98,-2.98,-1.03,
03/31/2007,43005.0,,,,-36850.0,,,6155.0,,-6022.0,4074.0,,58.0,1890.0,133.0,-179.0,580.0,580.0,,0.0,,-401.0,-46.0,-181.0,-227.0,-3.0,,,-224.0,-58.0,-282.0,0.0,0.0,-282.0,-282.0,73.45,1892.0,-0.15,-0.15,-0.11,1892.0,-0.15,-0.15,-0.11,
06/30/2007,44242.0,,,,-38364.0,,,5878.0,,-5073.0,,,121.0,,805.0,121.0,18.0,577.0,-559.0,0.0,,-139.0,926.0,-123.0,803.0,-32.0,,,835.0,-85.0,750.0,0.0,0.0,750.0,750.0,-463.0,1895.0,0.4,0.38,0.14,2726.0,0.31,0.3,0.13,
09/30/2007,41078.0,,,,-35408.0,,,5670.0,,-5098.0,,,194.0,,572.0,-728.0,563.0,563.0,,0.0,,165.0,-156.0,-162.0,-318.0,0.0,,,-318.0,-62.0,-380.0,0.0,0.0,-380.0,-380.0,350.0,2003.0,-0.19,-0.19,-0.01,2003.0,-0.19,-0.19,-0.01,
12/31/2007,44116.0,,,,-40637.0,,,3479.0,,-5635.0,,,,,-2156.0,-2316.0,,532.0,-413.0,0.0,,2197.0,-4472.0,1761.0,-2711.0,-7.0,,,-2704.0,-107.0,-2811.0,0.0,0.0,-2811.0,-2811.0,,2113.0,-1.33,-1.33,-0.23,2113.0,-1.33,-1.33,-0.23,
03/31/2008,43292.0,,,,-37473.0,,,5819.0,0.0,-5438.0,3109.0,,344.0,1985.0,381.0,-95.0,69.0,558.0,-489.0,,-142.0,168.0,286.0,-95.0,191.0,-1.0,,,192.0,-122.0,70.0,0.0,0.0,70.0,70.0,0.0,2188.0,0.03,0.03,0.03,2208.0,0.03,0.03,0.03,
06/30/2008,41102.0,,,,-41921.0,,,-819.0,0.0,-7903.0,2955.0,,598.0,4350.0,-8722.0,-337.0,114.0,515.0,-401.0,,36.0,187.0,-9059.0,443.0,-8616.0,-8.0,,,-8608.0,-89.0,-8697.0,0.0,0.0,-8697.0,-8697.0,,2237.0,-3.89,-3.89,-0.63,2237.0,-3.89,-3.89,-0.63,
09/30/2008,31746.0,,,,-26921.0,,,4825.0,0.0,-4974.0,2740.0,,399.0,1835.0,-149.0,-424.0,155.0,493.0,-338.0,,-13.0,282.0,-573.0,463.0,-110.0,,,,-110.0,-51.0,-161.0,0.0,0.0,-161.0,-161.0,,2279.0,-0.07,-0.07,-1.32,2279.0,-0.07,-0.07,-1.32,
12/31/2008,28974.0,,,,-28531.0,,,443.0,,-4989.0,,,,,-4546.0,-606.0,,495.0,-226.0,0.0,,337.0,-5152.0,-874.0,-6026.0,0.0,,,-6026.0,48.0,-5978.0,0.0,0.0,-5978.0,-5978.0,,2382.0,-2.51,-2.51,-1.91,2382.0,-2.51,-2.51,-1.91,
03/31/2009,24390.0,20980.0,3410.0,,-22865.0,21413.0,1452.0,1525.0,0.0,-4094.0,2009.0,1435.0,402.0,248.0,-2569.0,907.0,363.0,469.0,-106.0,,89.0,-1359.0,-1662.0,227.0,-1435.0,0.0,0.0,0.0,-1435.0,8.0,-1427.0,0.0,0.0,-1427.0,-1772.8,-345.8,2397.0,-0.6,-0.6,-0.739591,2397.0,-0.6,-0.6,-0.744264,
06/30/2009,26810.0,23610.0,3200.0,,-24666.0,23346.0,1320.0,2144.0,0.0,-3529.0,2056.0,964.0,419.0,90.0,-1385.0,3626.0,287.0,359.0,-72.0,,-136.0,-3777.0,2241.0,15.0,2256.0,-5.0,-5.0,0.0,2261.0,,2261.0,0.0,0.0,2261.0,-767.15,-3023.15,3001.0,0.75,0.75,-0.255631,3352.0,0.69,0.69,-0.255631,
09/30/2009,30272.0,27250.0,3022.0,,-26129.0,24817.0,1312.0,4143.0,0.0,-3130.0,1956.0,862.0,125.0,187.0,1013.0,99.0,234.0,301.0,-67.0,,-108.0,-225.0,1112.0,-99.0,1013.0,0.0,0.0,0.0,1013.0,-16.0,997.0,0.0,0.0,997.0,833.85,-163.15,3259.0,0.31,0.31,0.255861,3587.0,0.29,0.29,0.244516,
12/31/2009,33424.0,30641.0,2783.0,,-29811.0,28582.0,1229.0,3613.0,0.0,-2593.0,2172.0,676.0,84.0,-339.0,1020.0,-387.0,251.0,316.0,-65.0,,-222.0,358.0,633.0,73.0,706.0,0.0,0.0,0.0,706.0,180.0,886.0,0.0,0.0,886.0,2050.8,1164.8,3310.0,0.267674,0.267674,0.619577,3672.0,0.241285,0.241285,0.558497,
03/31/2010,31566.0,31566.0,,,-26298.0,25139.0,1159.0,5268.0,0.0,-3048.0,2220.0,660.0,-41.0,209.0,2220.0,-85.0,479.0,542.0,-63.0,,-142.0,-252.0,2135.0,-50.0,2085.0,0.0,0.0,0.0,2085.0,0.0,2085.0,0.0,0.0,2085.0,1939.4,-145.6,3365.0,0.62,0.62,0.576345,4569.0,0.5,0.5,0.468133,
06/30/2010,35067.0,32564.0,2503.0,,-28946.0,27828.0,1118.0,6121.0,0.0,-3006.0,2424.0,494.0,,88.0,3115.0,-268.0,436.0,518.0,-82.0,,-124.0,-44.0,2847.0,-251.0,2596.0,0.0,0.0,0.0,2596.0,3.0,2599.0,0.0,0.0,2599.0,2736.15,137.15,3411.0,0.76,0.76,0.802155,4610.0,0.61,0.61,0.639751,
09/30/2010,29893.0,27592.0,2301.0,,-25287.0,24233.0,1054.0,4606.0,0.0,-2618.0,2025.0,426.0,,167.0,1988.0,-101.0,319.0,415.0,-96.0,,-118.0,-100.0,1887.0,-199.0,1688.0,0.0,0.0,0.0,1688.0,-1.0,1687.0,0.0,0.0,1687.0,1776.05,89.05,3446.0,0.49,0.49,0.515395,4174.0,0.43,0.43,0.451334,
12/31/2010,32428.0,30230.0,2198.0,,-28265.0,27251.0,1014.0,4163.0,0.0,-2706.0,2371.0,444.0,,-109.0,1457.0,-1177.0,225.0,332.0,-107.0,,-154.0,1106.0,280.0,-92.0,188.0,0.0,0.0,0.0,188.0,2.0,190.0,0.0,0.0,190.0,1499.1,1309.1,3572.0,0.053191,0.053191,0.419681,4292.0,0.044268,0.044268,0.349278,
03/31/2011,33114.0,31038.0,2076.0,,-27699.0,26776.0,923.0,5415.0,0.0,-2680.0,2143.0,430.0,-54.0,161.0,2735.0,41.0,142.0,251.0,-109.0,,-167.0,-16.0,2776.0,-220.0,2556.0,0.0,0.0,0.0,2556.0,-5.0,2551.0,0.0,0.0,2551.0,2616.65,65.65,3771.0,0.68,0.68,0.693888,4266.0,0.61,0.61,0.625389,
06/30/2011,35527.0,33476.0,2051.0,,-30178.0,29253.0,925.0,5349.0,0.0,-2928.0,2345.0,378.0,21.0,184.0,2421.0,185.0,61.0,202.0,-141.0,,-135.0,-111.0,2606.0,-206.0,2400.0,0.0,0.0,0.0,2400.0,-2.0,2398.0,0.0,0.0,2398.0,2470.8,72.8,3799.0,0.63,0.63,0.650382,4102.0,0.59,0.59,0.607747,
09/30/2011,33047.0,31043.0,2004.0,,-28532.0,27617.0,915.0,4515.0,0.0,-2866.0,2202.0,481.0,5.0,178.0,1649.0,197.0,51.0,181.0,-130.0,,-104.0,-144.0,1846.0,-194.0,1652.0,0.0,0.0,0.0,1652.0,-3.0,1649.0,0.0,0.0,1649.0,1765.35,116.35,3800.0,0.43,0.43,0.464566,4031.0,0.41,0.41,0.438864,
12/31/2011,34576.0,32611.0,1965.0,,-30550.0,29699.0,851.0,4026.0,0.0,-2658.0,2370.0,554.0,,-266.0,1368.0,85.0,69.0,183.0,-114.0,,-94.0,-60.0,1453.0,12161.0,13614.0,0.0,0.0,0.0,13614.0,1.0,13615.0,0.0,0.0,13615.0,775.6,-12839.4,3802.0,3.58101,3.58101,0.203998,4042.0,3.368382,3.368382,0.191885,
03/31/2012,32445.0,30525.0,1920.0,,-27760.0,26934.0,826.0,4685.0,0.0,-2862.0,2135.0,590.0,-16.0,153.0,1823.0,215.0,82.0,185.0,-103.0,,-95.0,-202.0,2038.0,-640.0,1398.0,0.0,0.0,0.0,1398.0,-2.0,1396.0,0.0,0.0,1396.0,1534.45,138.45,3803.0,0.37,0.37,0.403484,4055.0,0.35,0.35,0.384143,
06/30/2012,33211.0,31328.0,1883.0,,-28668.0,27870.0,798.0,4543.0,0.0,-2960.0,2233.0,589.0,-23.0,161.0,1583.0,12.0,102.0,188.0,-86.0,,-101.0,-13.0,1595.0,-557.0,1038.0,0.0,0.0,0.0,1038.0,2.0,1040.0,0.0,0.0,1040.0,1318.85,278.85,3815.0,0.27,0.27,0.345701,4014.0,0.26,0.26,0.329469,
09/30/2012,32172.0,30247.0,1925.0,,-27414.0,26650.0,764.0,4758.0,0.0,-2974.0,2092.0,645.0,55.0,182.0,1784.0,462.0,113.0,198.0,-85.0,,-129.0,-446.0,2246.0,-613.0,1633.0,0.0,0.0,0.0,1633.0,-2.0,1631.0,0.0,0.0,1631.0,1449.0,-182.0,3814.0,0.43,0.43,0.379916,3972.0,0.41,0.41,0.364179,
12/31/2012,35731.0,34467.0,1264.0,,-32312.0,31585.0,727.0,3419.0,0.0,-2810.0,2581.0,,61.0,168.0,609.0,1150.0,-146.0,142.0,-288.0,,-263.0,-741.0,1759.0,-216.0,1543.0,0.0,0.0,0.0,1543.0,3.0,1546.0,0.0,0.0,1546.0,1459.55,-86.45,3827.0,0.403972,0.403972,0.381382,4009.0,0.385632,0.385632,0.364068,
03/31/2013,35649.0,33858.0,1791.0,,-30711.0,30005.0,706.0,4938.0,0.0,-3164.0,2481.0,483.0,40.0,160.0,1774.0,349.0,162.0,206.0,-44.0,,-214.0,-297.0,2123.0,-511.0,1612.0,0.0,0.0,0.0,1612.0,-1.0,1611.0,0.0,0.0,1611.0,1597.35,-13.65,3923.0,0.41,0.41,0.407176,4072.0,0.4,0.4,0.396648,
06/30/2013,37923.0,36079.0,1844.0,,-33229.0,32524.0,705.0,4694.0,0.0,-3256.0,2488.0,558.0,53.0,157.0,1438.0,381.0,150.0,207.0,-57.0,,-273.0,-258.0,1819.0,-585.0,1234.0,0.0,0.0,0.0,1234.0,-1.0,1233.0,0.0,0.0,1233.0,1520.95,287.95,3933.0,0.31,0.31,0.386715,4084.0,0.3,0.3,0.370507,
09/30/2013,35775.0,33857.0,1918.0,,-30792.0,30030.0,762.0,4983.0,0.0,-3281.0,2382.0,632.0,46.0,221.0,1702.0,389.0,154.0,204.0,-50.0,,-293.0,-250.0,2091.0,-818.0,1273.0,0.0,0.0,0.0,1273.0,-1.0,1272.0,0.0,0.0,1272.0,1387.7,115.7,3942.0,0.32,0.32,0.352029,4096.0,0.31,0.31,0.338247,
12/31/2013,37570.0,35575.0,1995.0,,-33323.0,32636.0,687.0,4247.0,0.0,-3683.0,2646.0,738.0,69.0,230.0,564.0,443.0,164.0,212.0,-48.0,,-289.0,-318.0,1007.0,2049.0,3056.0,0.0,0.0,0.0,3056.0,10.0,3066.0,0.0,0.0,3066.0,2979.25,-86.75,3941.0,0.777975,0.777975,0.755963,4090.0,0.749633,0.749633,0.728423,
03/31/2014,35876.0,33876.0,2000.0,,-31699.0,31021.0,678.0,4177.0,0.0,-3411.0,2476.0,706.0,39.0,190.0,766.0,493.0,138.0,208.0,-70.0,,-419.0,-212.0,1259.0,-270.0,989.0,0.0,0.0,0.0,989.0,0.0,989.0,0.0,0.0,989.0,1041.1,52.1,3946.0,0.25,0.25,0.263837,4094.0,0.24,0.24,0.252726,
06/30/2014,37411.0,35365.0,2046.0,,-31930.0,31247.0,683.0,5481.0,0.0,-3580.0,2551.0,742.0,104.0,183.0,1901.0,217.0,156.0,207.0,-51.0,,-67.0,-306.0,2118.0,-803.0,1315.0,0.0,0.0,0.0,1315.0,-4.0,1311.0,0.0,0.0,1311.0,1598.95,287.95,3940.0,0.33,0.33,0.405825,4088.0,0.32,0.32,0.390438,
09/30/2014,34920.0,32779.0,2141.0,,-30870.0,30197.0,673.0,4050.0,0.0,-3558.0,2489.0,808.0,74.0,187.0,492.0,529.0,125.0,204.0,-79.0,,-388.0,-266.0,1021.0,-188.0,833.0,0.0,0.0,0.0,833.0,2.0,835.0,0.0,0.0,835.0,932.1,97.1,3861.0,0.22,0.22,0.241414,4010.0,0.21,0.21,0.234214,
12/31/2014,35870.0,33762.0,2108.0,,-33225.0,32560.0,665.0,2645.0,0.0,-5472.0,4326.0,842.0,88.0,216.0,-2827.0,-337.0,114.0,178.0,-64.0,,-401.0,624.0,-3164.0,1257.0,-1907.0,0.0,0.0,0.0,-1907.0,3.0,-1904.0,0.0,0.0,-1904.0,2292.35,4035.25,3903.0,-0.48783,-0.48783,0.58733,3903.0,-0.48783,-0.48783,0.58733,
03/31/2015,33900.0,31800.0,2100.0,,-29119.0,28472.0,647.0,4781.0,0.0,-3538.0,3538.0,,,0.0,1243.0,536.0,101.0,165.0,-64.0,,-437.0,-200.0,1779.0,-625.0,1154.0,0.0,0.0,0.0,1154.0,-1.0,1153.0,0.0,0.0,1153.0,1136.75,-16.25,3963.0,0.29,0.29,0.286841,4001.0,0.29,0.29,0.285939,
06/30/2015,37263.0,35105.0,2158.0,,-32071.0,30326.0,1745.0,5192.0,0.0,-2544.0,2544.0,,,0.0,2648.0,638.0,104.0,190.0,-86.0,,-486.0,-256.0,3286.0,-1125.0,2161.0,0.0,0.0,0.0,2161.0,-1.0,2160.0,0.0,0.0,2160.0,2170.4,10.4,3974.0,0.54,0.54,0.54615,4007.0,0.54,0.54,0.542595,
09/30/2015,38144.0,35818.0,2326.0,,-33118.0,31213.0,1905.0,5026.0,0.0,-2386.0,2386.0,,,0.0,2640.0,651.0,127.0,206.0,-79.0,,-314.0,-464.0,3291.0,-1099.0,2192.0,0.0,0.0,0.0,2192.0,0.0,2192.0,0.0,0.0,2192.0,2177.15,-14.85,3969.0,0.55,0.55,0.548539,3999.0,0.55,0.55,0.546287,
12/31/2015,40251.0,37843.0,2408.0,,-36440.0,34435.0,2005.0,3811.0,0.0,-3361.0,3361.0,,,0.0,450.0,1446.0,123.0,212.0,-89.0,,-581.0,-988.0,1896.0,-32.0,1864.0,0.0,0.0,0.0,1864.0,4.0,1868.0,0.0,0.0,1868.0,2121.23,253.23,3972.0,0.470292,0.470292,0.534046,4002.0,0.466767,0.466767,0.530042,
03/31/2016,37718.0,35257.0,2461.0,,-32577.0,30517.0,2060.0,5141.0,0.0,-2690.0,2690.0,,,0.0,2451.0,1200.0,120.0,200.0,-80.0,,-541.0,-779.0,3651.0,-1196.0,2455.0,0.0,0.0,0.0,2455.0,-3.0,2452.0,0.0,0.0,2452.0,2572.0,120.0,3970.0,0.62,0.62,0.647859,3996.0,0.61,0.61,0.64003,
06/30/2016,39485.0,36932.0,2553.0,,-34606.0,32348.0,2258.0,4879.0,0.0,-2661.0,2661.0,,,0.0,2218.0,657.0,140.0,212.0,-72.0,,-398.0,-399.0,2875.0,-903.0,1972.0,0.0,0.0,0.0,1972.0,-2.0,1970.0,0.0,0.0,1970.0,2093.55,123.55,3973.0,0.5,0.5,0.526944,3997.0,0.49,0.49,0.520911,
09/30/2016,35943.0,33331.0,2612.0,,-32646.0,30446.0,2200.0,3297.0,0.0,-2535.0,2535.0,,,0.0,762.0,625.0,161.0,238.0,-77.0,,-403.0,-383.0,1387.0,-426.0,961.0,0.0,0.0,0.0,961.0,-4.0,957.0,0.0,0.0,957.0,1052.1,95.1,3974.0,0.24,0.24,0.264746,4000.0,0.24,0.24,0.263775,
12/31/2016,38654.0,36027.0,2627.0,,-35213.0,32884.0,2329.0,3441.0,0.0,-3086.0,3086.0,,,0.0,355.0,-1484.0,80.0,301.0,-221.0,,-438.0,1842.0,-1129.0,341.0,-788.0,0.0,0.0,0.0,-788.0,-2.0,-790.0,0.0,0.0,-790.0,897.7,1687.7,3975.0,-0.198742,-0.198742,0.225836,4003.0,-0.198742,-0.198742,0.222867,
03/31/2017,39146.0,36475.0,2669.0,2.0,-34918.0,32700.0,2218.0,4228.0,0.0,-2764.0,2764.0,,,0.0,1464.0,787.0,201.0,293.0,-92.0,,-346.0,-642.0,2251.0,-652.0,1599.0,0.0,0.0,0.0,1599.0,-7.0,1592.0,0.0,0.0,1592.0,1583.0,-9.0,3976.0,0.4,0.4,0.398139,3999.0,0.4,0.4,0.397749,
06/30/2017,39853.0,37113.0,2738.0,2.0,-35545.0,33342.0,2203.0,4308.0,0.0,-2756.0,2756.0,,,0.0,1552.0,714.0,182.0,291.0,-109.0,,-273.0,-623.0,2266.0,-211.0,2055.0,0.0,0.0,0.0,2055.0,-8.0,2047.0,0.0,0.0,2047.0,2249.0,202.0,3977.0,0.51,0.51,0.565502,3996.0,0.51,0.51,0.560551,
09/30/2017,36451.0,33646.0,2802.0,3.0,-32534.0,30275.0,2259.0,3917.0,0.0,-2919.0,2919.0,,,0.0,998.0,772.0,175.0,298.0,-123.0,,-316.0,-631.0,1770.0,-191.0,1579.0,0.0,0.0,0.0,1579.0,-7.0,1572.0,0.0,0.0,1572.0,1769.9,197.9,3972.0,0.4,0.4,0.445594,3996.0,0.39,0.39,0.439525,
12/31/2017,41326.0,38419.0,2904.0,3.0,-37371.0,35004.0,2367.0,3955.0,0.0,-3088.0,3088.0,,,0.0,867.0,1005.0,171.0,308.0,-137.0,,-266.0,-910.0,1872.0,652.0,2524.0,0.0,0.0,0.0,2524.0,-4.0,2520.0,0.0,0.0,2520.0,1001.1,-1518.9,3975.0,0.633962,0.633962,0.251849,4001.0,0.629843,0.629843,0.250212,
03/31/2018,41959.0,39012.0,2943.0,4.0,-38091.0,35753.0,2338.0,3868.0,0.0,-2747.0,2747.0,,,0.0,1121.0,798.0,143.0,289.0,-146.0,,-224.0,-717.0,1919.0,-174.0,1745.0,0.0,0.0,0.0,1745.0,-9.0,1736.0,0.0,0.0,1736.0,1755.0,19.0,3974.0,0.44,0.44,0.441621,3997.0,0.43,0.43,0.434754,
06/30/2018,38920.0,35905.0,3009.0,6.0,-35556.0,33194.0,2362.0,3364.0,0.0,-2778.0,2778.0,,,0.0,586.0,763.0,134.0,301.0,-167.0,,-60.0,-837.0,1349.0,-280.0,1069.0,0.0,0.0,0.0,1069.0,-3.0,1066.0,0.0,0.0,1066.0,927.57,-138.43,3977.0,0.27,0.27,0.233234,3999.0,0.27,0.27,0.233234,
09/30/2018,37666.0,34660.0,2998.0,8.0,-33920.0,31568.0,2352.0,3746.0,0.0,-2882.0,2882.0,,,0.0,864.0,230.0,169.0,343.0,-174.0,,32.0,-431.0,1094.0,-101.0,993.0,0.0,0.0,0.0,993.0,-2.0,991.0,0.0,0.0,991.0,1245.1,254.1,3976.0,0.25,0.25,0.313154,4000.0,0.25,0.25,0.313154,
12/31/2018,41793.0,38717.0,3068.0,8.0,-38165.0,35754.0,2411.0,3628.0,0.0,-2996.0,2996.0,,,0.0,632.0,-649.0,105.0,295.0,-190.0,,129.0,415.0,-17.0,-95.0,-112.0,0.0,0.0,0.0,-112.0,-4.0,-116.0,0.0,0.0,-116.0,1005.17,1121.17,3972.0,-0.029204,-0.029204,0.253064,3997.0,-0.029204,-0.029204,0.251298,
03/31/2019,40342.0,37239.0,3097.0,6.0,-36297.0,33942.0,2355.0,4045.0,0.0,-2843.0,2843.0,,,0.0,1202.0,408.0,42.0,245.0,-203.0,,-25.0,-425.0,1610.0,-427.0,1183.0,0.0,0.0,0.0,1183.0,-37.0,1146.0,0.0,0.0,1146.0,1731.0,585.0,3973.0,0.29,0.29,0.435691,3997.0,0.29,0.29,0.435691,
06/30/2019,38853.0,35758.0,3089.0,6.0,-36038.0,33657.0,2381.0,2815.0,0.0,-2725.0,2725.0,,,0.0,90.0,115.0,37.0,244.0,-207.0,,-87.0,-65.0,205.0,-55.0,150.0,0.0,0.0,0.0,150.0,-2.0,148.0,0.0,0.0,148.0,1277.56,1129.56,3984.0,0.04,0.04,0.320673,4013.0,0.04,0.04,0.320673,
09/30/2019,36990.0,33931.0,3045.0,14.0,-34650.0,32282.0,2368.0,2340.0,0.0,-2601.0,2601.0,,,0.0,-261.0,242.0,69.0,276.0,-207.0,,16.0,-327.0,-19.0,442.0,423.0,0.0,0.0,0.0,423.0,2.0,425.0,0.0,0.0,425.0,1017.09,592.09,3970.0,0.11,0.11,0.256194,4007.0,0.11,0.11,0.256194,
12/31/2019,39715.0,36671.0,3029.0,15.0,-37180.0,34812.0,2368.0,2535.0,0.0,-2992.0,2992.0,,,0.0,-457.0,-1979.0,92.0,255.0,-163.0,,64.0,1823.0,-2436.0,764.0,-1672.0,0.0,0.0,0.0,-1672.0,0.0,-1672.0,0.0,0.0,-1672.0,859.94,2531.94,3960.0,-0.422222,-0.422222,0.217157,3999.0,-0.422222,-0.422222,0.210921,
03/31/2020,34320.0,31340.0,2967.0,13.0,-33446.0,30522.0,2924.0,874.0,0.0,-2432.0,2432.0,,,0.0,-1558.0,412.0,65.0,227.0,-162.0,,41.0,-518.0,-1146.0,-847.0,-1993.0,0.0,0.0,0.0,-1993.0,0.0,-1993.0,0.0,0.0,-1993.0,-919.0,1074.0,3963.0,-0.5,-0.5,-0.231895,3963.0,-0.5,-0.5,-0.231895,
06/30/2020,19371.0,16622.0,2739.0,10.0,-20165.0,17932.0,2233.0,-794.0,0.0,-1965.0,1965.0,,,0.0,-2759.0,3843.0,316.0,450.0,-134.0,,25.0,-4184.0,1084.0,34.0,1118.0,0.0,0.0,0.0,1118.0,-1.0,1117.0,0.0,0.0,1117.0,-1677.08,-2794.08,3975.0,0.28,0.28,-0.421907,3992.0,0.28,0.28,-0.421907,
09/30/2020,33712.5,,,,,,,4189.7895,,,,,,,764.429,,,,,,,,613.5,,724.2,,,,,,724.2,,,724.2,614.714,,,0.145,0.145,0.141,,0.145,0.145,0.141,
12/31/2020,33851.875,,,,,,,2738.95520625,,,,,,,-416.714,,,,,,,,-633.667,,-647.4,,,,,,-647.4,,,-647.4,-674.714,,,-0.19,-0.19,-0.19,,-0.19,-0.19,-0.19,
