Date,Revenue,Sales & Services Revenue,Other Revenue,Cost of Revenue,Cost of Goods & Services,Depreciation & Amortization,Gross Profit,Other Operating Income,Operating Expenses,"Selling, General & Admin",General & Administrative,Research & Development,Other Operating Expense,Operating Income (Loss),Non-Operating (Income) Loss,"Interest Expense, Net",Interest Expense,Interest Income,Foreign Exch (Gain) Loss,(Income) Loss from Affiliates,Other Non-Op (Income) Loss,Pretax Income,Income Tax Expense (Benefit),Current Income Tax,Deferred Income Tax,Income (Loss) from Cont Ops,Net Extraordinary Losses (Gains),Discontinued Operations,XO & Accounting Changes,Income (Loss) Incl. MI,Minority Interest,"Net Income, GAAP",Preferred Dividends,Other Adjustments,"Net Income Avail to Common, GAAP","Net Income Avail to Common, Adj",Net Abnormal Losses (Gains),Basic Weighted Avg Shares,"Basic EPS, GAAP",Basic EPS from Cont Ops,"Basic EPS from Cont Ops, Adjusted",Diluted Weighted Avg Shares,"Diluted EPS, GAAP",Diluted EPS from Cont Ops,"Diluted EPS from Cont Ops, Adjusted",Source: Bloomberg
12/31/2010,8.310314,8.311575,-0.001261,-6.97091,2.716039,4.254871,1.339404,0.0,-1.207691,1.207691,1.207691,,0.0,0.131713,-0.473124,0.473124,0.486304,-0.01318,0.0,,0.0,-0.341411,0.0,,,-0.341411,0.0,0.0,0.0,-0.341411,0.0,-0.341411,0.0,0.0,-0.341411,-8.55763,0.0,,,,,,,,,
09/30/2011,10.963589,10.970811,-0.007222,-7.404156,3.724037,3.680119,3.559433,0.0,-0.755114,0.755114,0.755114,,0.0,2.804319,-0.715698,0.715698,0.717879,-0.002181,,,0.0,2.088621,0.0,,,2.088621,0.0,0.0,0.0,2.088621,0.0,2.088621,0.0,0.0,2.088621,-6.323572,0.0,,,,,,,,,
12/31/2011,14.16911,14.171262,-0.002152,-8.009349,3.728008,4.281341,6.159761,0.0,-1.427052,1.427052,1.427052,,0.0,4.732709,-13.689953,0.711098,0.713126,-0.002028,,,12.978855,-8.957244,0.0,,,-8.957244,0.0,0.0,0.0,-8.957244,0.0,-8.957244,0.0,0.0,-8.957244,-0.501139,8.456105,14.0,-0.64,-0.64,-0.03754,14.0,-0.64,-0.64,-0.03754,
03/31/2012,14.986,16.351,-1.365,-8.43,3.673,4.757,6.556,0.0,-4.611,1.184,1.184,0.0,3.427,1.945,-0.468,0.88,0.881,-0.001,,,-0.412,1.477,0.0,,,1.477,0.0,0.0,0.0,1.477,,1.477,0.0,0.0,1.477,4.5918,3.1148,14.697496,0.09,0.09,0.312421,14.697496,0.09,0.09,0.301927,
06/30/2012,13.922,16.03,-2.108,-10.07,4.411,5.659,3.852,0.0,-1.653,1.653,1.653,0.0,0.0,2.199,11.425,1.172,1.173,-0.001,,0.054,-12.651,13.624,0.0,,,13.624,0.0,0.0,0.0,13.624,0.0,13.624,0.0,0.0,13.624,5.78175,-7.84225,14.697496,0.926961,0.926961,0.393383,14.697496,0.926961,0.926961,0.393383,
09/30/2012,15.918,16.814,-0.896,-11.078,4.942,6.136,4.84,0.0,-1.65,1.65,1.65,0.0,0.0,3.19,-2.738,1.129,1.13,-0.001,,,1.609,0.452,0.0,,,0.452,0.0,0.0,0.0,0.452,0.0,0.452,0.0,0.0,0.452,2.704,2.252,14.0,0.03,0.03,0.193143,14.0,0.03,0.03,0.190857,
12/31/2012,25.534921,26.606077,-1.071156,-18.269887,8.298617,9.97127,7.265034,0.0,-5.906949,5.906949,5.906949,,0.0,1.358085,1.647482,0.426294,0.426294,0.0,0.0,0.000346,-2.074126,3.005567,-54.903,,,-51.897433,0.0,0.0,0.0,-51.897433,0.0,-51.897433,0.0,0.0,-51.897433,-52.983693,-1.08626,34.626648,-1.5,-1.5,-1.535238,34.629689,-1.5,-1.5,-1.535238,
03/31/2013,27.366,28.909,-1.543,-17.776,7.038,10.738,9.59,0.0,-2.471,2.471,2.471,,0.0,7.119,1.439,0.485,0.485,0.0,0.0,,-1.924,8.558,-3.162,,,5.396,0.0,0.0,0.0,5.396,0.0,5.396,0.0,0.0,5.396,4.396,-1.0,37.059,0.15,0.15,0.118622,37.206,0.15,0.15,0.118622,
06/30/2013,44.538,45.394,-0.856,-23.39,8.575,14.815,21.148,0.0,-2.621,2.621,2.621,0.0,0.0,18.527,3.746,0.535,0.535,0.0,,0.0,-4.281,22.273,-7.802,,,14.471,0.0,0.0,0.0,14.471,0.0,14.471,0.0,0.0,14.471,11.971,-2.5,39.402282,0.37,0.37,0.303815,39.718574,0.36,0.36,0.297057,
09/30/2013,54.576,57.791,-3.215,-26.247,8.824,17.423,28.329,0.0,-2.121,2.121,2.121,0.0,0.0,26.208,-2.513,1.088,1.089,-0.001,,,1.425,23.695,-9.099,,,14.596,0.0,0.0,0.0,14.596,0.0,14.596,0.0,0.0,14.596,15.64,1.044,44.385107,0.33,0.33,0.35237,44.697609,0.33,0.33,0.35237,
12/31/2013,74.304,75.908,-1.604,-34.359,10.738,23.621,39.945,0.0,-3.823,3.823,3.823,,0.0,36.122,-4.307,5.95,5.95,0.0,,,-1.643,31.815,-11.691,,,20.124,0.0,0.0,0.0,20.124,0.0,20.124,0.0,0.0,20.124,19.104,-1.02,47.076306,0.43,0.43,0.405809,47.411602,0.42,0.42,0.398486,
03/31/2014,96.948,98.004,-1.056,-45.17,14.197,30.973,51.778,0.0,-4.771,4.557,4.557,,0.214,47.007,-9.817,6.505,6.505,0.0,0.0,,3.312,37.19,-13.601,,,23.589,0.0,0.0,0.0,23.589,0.0,23.589,0.0,0.0,23.589,22.367,-1.222,48.447,0.49,0.49,0.46168,48.867,0.48,0.48,0.454993,
06/30/2014,123.384,127.004,-3.62,-59.878,19.857,40.021,63.506,0.0,-3.934,3.934,3.934,0.0,0.0,59.572,-16.585,7.739,7.739,0.0,,,8.846,42.987,-15.163,,15.163,27.824,0.0,0.0,0.0,27.824,-0.071,27.753,0.0,0.0,27.753,35.9464,8.1224,50.777,0.55,0.55,0.706529,51.142,0.54,0.54,0.698821,
09/30/2014,137.596,139.127,-1.531,-69.116,23.746,45.37,68.48,0.0,-6.495,6.495,6.495,,0.0,61.985,6.634,9.846,9.846,0.0,,,-16.48,68.619,-23.978,3.982,19.996,44.641,0.0,0.0,0.0,44.641,-0.902,43.739,0.0,0.0,43.739,34.9442,-9.6968,55.152,0.79,0.79,0.617243,55.442,0.79,0.79,0.6151,
12/31/2014,148.22,131.583,16.637,-87.404,33.763,53.641,60.816,0.0,-6.28,6.28,6.28,,0.0,54.536,101.624,10.424,10.424,0.0,,,-112.048,156.16,-56.243,,,99.917,0.0,0.0,0.0,99.917,-1.243,98.674,0.0,0.0,98.674,28.583,-71.334,56.787,1.74,1.74,0.481448,57.045,1.73,1.73,0.479514,
03/31/2015,144.961,101.401,43.56,-91.728,32.051,59.677,53.233,0.0,-8.236,8.236,8.236,,0.0,44.997,-35.188,10.497,10.497,0.0,,,24.691,9.809,-3.37,0.945,2.425,6.439,0.0,0.0,0.0,6.439,-0.59,5.849,0.0,0.0,5.849,22.985,16.546,58.386,0.1,0.1,0.383568,58.626,0.1,0.1,0.38223,
06/30/2015,144.365,119.063,25.302,-87.048,29.952,57.096,57.317,0.0,-331.135,7.684,7.684,,323.451,-273.818,-54.266,10.274,10.274,0.0,,,43.992,-328.084,116.732,,,-211.352,0.0,0.0,0.0,-211.352,-0.935,-212.287,0.0,0.0,-212.287,25.176958,237.463958,61.469,-3.45,-3.45,0.409589,61.469,-3.45,-3.45,0.409589,
09/30/2015,147.45,111.946,35.504,-85.456,33.081,52.375,61.994,0.0,-281.263,7.526,7.526,,273.737,-219.269,-18.234,10.633,10.633,0.0,,,7.601,-237.503,81.461,,,-156.042,0.0,0.0,0.0,-156.042,-0.739,-156.781,0.0,0.0,-156.781,26.22455,183.00555,65.251,-2.4,-2.4,0.401903,65.251,-2.4,-2.4,0.401903,
12/31/2015,154.826,114.323,40.503,-76.004,27.455,48.549,78.822,0.0,-226.132,8.522,8.522,,217.61,-147.31,-46.012,10.106,10.106,0.0,,,35.906,-193.322,6.487,,,-186.835,0.0,0.0,0.0,-186.835,-0.574,-187.409,0.0,0.0,-187.409,8.319,195.728,66.85,-2.8,-2.8,0.124443,66.85,-2.8,-2.8,0.124443,
03/31/2016,92.598,87.481,5.117,-71.289,29.22,42.069,21.309,0.0,-43.795,12.979,12.979,,30.816,-22.486,-13.141,10.013,10.013,0.0,,,3.128,-35.627,0.0,0.0,0.0,-35.627,0.0,0.0,0.0,-35.627,2.715,-32.912,0.0,0.0,-32.912,1.595,34.507,71.026,-0.46,-0.46,0.022457,71.026,-0.46,-0.46,0.022457,
06/30/2016,111.95,112.483,-0.533,-69.393,29.522,39.871,42.557,0.0,-177.876,9.524,9.524,,168.352,-135.319,-21.434,10.019,10.019,0.0,,,11.415,-156.753,-0.368,,,-157.121,0.0,0.0,0.0,-157.121,1.631,-155.49,0.0,0.0,-155.49,18.905,174.395,71.719,-2.17,-2.17,0.263598,71.719,-2.17,-2.17,0.261643,
09/30/2016,141.74,142.131,-0.391,-79.162,34.416,44.746,62.578,0.0,-56.276,9.908,9.908,,46.368,6.302,-6.902,10.234,10.234,0.0,,,-3.332,-0.6,0.0,0.0,0.0,-0.6,0.0,0.0,0.0,-0.6,-1.63,-2.23,0.0,0.0,-2.23,41.704,43.934,77.167,-0.03,-0.03,0.540438,77.167,-0.03,-0.03,0.539337,
12/31/2016,181.996,185.012,-3.016,-87.725,36.396,51.329,94.271,0.0,-10.208,10.208,10.208,,0.0,84.063,-55.799,10.418,10.418,0.0,,,45.381,28.264,0.176,,,28.44,0.0,0.0,0.0,28.44,-2.842,25.598,0.0,0.0,25.598,72.372,46.774,80.315,0.32,0.32,0.901102,80.51,0.32,0.32,0.900971,
03/31/2017,233.556,233.628,-0.072,-104.222,45.293,58.929,129.334,0.0,-14.598,13.744,13.744,,0.854,114.736,28.295,12.225,12.225,0.0,,,-40.52,143.031,-1.957,,,141.074,0.0,0.0,0.0,141.074,-4.801,136.273,0.0,0.0,136.273,97.44502,-38.82798,93.161,1.46,1.46,1.045985,93.364,1.46,1.46,1.044122,
06/30/2017,274.119,268.851,5.268,-123.406,48.233,75.173,150.713,0.0,-13.72,11.892,11.892,,1.828,136.993,28.714,8.245,8.245,0.0,,,-36.959,165.707,-1.579,,,164.128,0.0,0.0,0.0,164.128,-5.723,158.405,0.0,0.0,158.405,129.98771,-28.41729,98.142,1.61,1.61,1.324486,98.354,1.61,1.61,1.321071,
09/30/2017,309.253,300.931,8.322,-142.281,54.702,87.579,166.972,0.0,-16.333,11.888,11.888,,4.445,150.639,-67.834,9.192,9.192,0.0,,,58.642,82.805,-0.857,0.857,0.0,81.948,0.0,0.0,0.0,81.948,-8.924,73.024,0.0,0.0,73.024,131.065,58.041,98.144,0.74,0.74,1.335436,98.369,0.74,0.74,1.330033,
12/31/2017,394.911,389.937,4.974,-171.104,66.026,105.078,223.807,0.0,-14.427,11.145,11.145,,3.282,209.38,-103.734,10.892,10.892,0.0,,,92.842,105.646,23.961,,,129.607,0.0,0.0,0.0,129.607,-15.048,114.559,0.0,0.0,114.559,153.494,38.935,98.169,1.17,1.17,1.563569,98.368,1.16,1.16,1.55581,
03/31/2018,445.847,478.154,-32.307,-184.505,69.289,115.216,261.342,2.041,-28.044,16.325,16.325,,11.719,235.339,-10.104,13.701,13.701,0.0,,,-3.597,225.235,-47.081,,,178.154,0.0,0.0,0.0,178.154,-15.342,162.812,0.0,0.0,162.812,162.131,-0.681,98.555,1.65,1.65,1.645081,98.769,1.65,1.65,1.643105,
06/30/2018,480.0,524.0,-44.0,-213.0,83.0,130.0,267.0,2.0,-33.0,15.0,15.0,,18.0,236.0,58.0,16.0,16.0,0.0,,,-74.0,294.0,7.0,,,301.0,0.0,0.0,0.0,301.0,-82.0,219.0,0.0,0.0,219.0,226.995764,7.995764,98.614,2.22,2.22,2.301861,98.797,2.22,2.22,2.300931,
09/30/2018,496.0,533.0,-37.0,-234.0,88.0,146.0,262.0,3.0,-35.0,14.0,14.0,,21.0,230.0,-27.0,19.0,19.0,0.0,,,8.0,203.0,-43.0,43.0,0.0,160.0,0.0,0.0,0.0,160.0,-3.0,157.0,0.0,0.0,157.0,165.009,8.009,98.638,1.59,1.59,1.672875,98.818,1.59,1.59,1.671048,
12/31/2018,625.833,622.313,3.52,-357.49,125.852,231.638,268.343,2.477,-80.578,19.515,19.515,,61.063,190.242,201.53,37.931,37.931,0.0,,,-239.461,391.772,-85.612,,,306.16,0.0,0.0,0.0,306.16,0.5,306.66,0.0,0.0,306.66,148.169,-158.491,122.51,2.5,2.5,1.209444,122.739,2.5,2.5,1.208716,
03/31/2019,879.0,861.0,18.0,-500.0,178.0,322.0,379.0,2.0,-45.0,27.0,27.0,,18.0,336.0,-326.0,46.0,46.0,0.0,,,280.0,10.0,33.0,,,43.0,0.0,0.0,0.0,43.0,-33.0,10.0,0.0,0.0,10.0,229.0,219.0,164.852,0.06,0.06,1.389125,165.061,0.06,0.06,1.386782,
06/30/2019,1023.0,1016.0,7.0,-570.0,211.0,359.0,453.0,3.0,-40.0,22.0,22.0,,18.0,416.0,42.0,49.0,49.0,0.0,,,-91.0,458.0,-102.0,,,356.0,0.0,0.0,0.0,356.0,-7.0,349.0,0.0,0.0,349.0,280.0,-69.0,164.839,2.12,2.12,1.698627,165.019,2.11,2.11,1.691866,
09/30/2019,984.0,972.0,12.0,-580.0,215.0,365.0,404.0,2.0,-46.0,19.0,19.0,,27.0,360.0,130.0,38.0,38.0,0.0,,,-168.0,490.0,-102.0,,,388.0,0.0,0.0,0.0,388.0,-20.0,368.0,0.0,0.0,368.0,239.0,-129.0,162.543,2.27,2.27,1.47038,162.78,2.26,2.26,1.467519,
12/31/2019,1149.0,1102.0,47.0,-630.0,229.0,401.0,519.0,2.0,-858.0,36.0,36.0,,822.0,-337.0,-259.0,39.0,39.0,0.0,,,220.0,-596.0,124.0,,,-472.0,0.0,0.0,0.0,-472.0,-15.0,-487.0,0.0,0.0,-487.0,307.209866,794.209866,159.998,-3.04,-3.04,1.920086,160.154,-3.04,-3.04,1.919039,
03/31/2020,984.0,897.0,87.0,-643.0,236.0,407.0,341.0,2.0,-1058.0,24.0,24.0,,1034.0,-715.0,398.0,48.0,48.0,0.0,,,-446.0,-317.0,-83.0,,,-400.0,0.0,0.0,0.0,-400.0,128.0,-272.0,0.0,0.0,-272.0,230.000044,502.000044,158.291,-1.72,-1.72,1.45302,158.494,-1.72,-1.72,1.447313,
06/30/2020,633.0,423.0,210.0,-505.0,162.0,343.0,128.0,2.0,-2592.0,20.0,20.0,,2572.0,-2462.0,-630.0,46.0,46.0,0.0,,13.0,571.0,-3092.0,681.0,,,-2411.0,0.0,0.0,0.0,-2411.0,18.0,-2393.0,0.0,0.0,-2393.0,45.0,2438.0,157.829,-15.16,-15.16,0.285119,157.829,-15.16,-15.16,0.285119,
09/30/2020,708.364,,,,,,122.546972,,,,,,,119.911,,,,,,,,74.897,,,,59.617,,,,,,59.617,,,59.617,61.146,,,0.416,0.416,0.418,,0.416,0.416,0.418,
12/31/2020,744.455,,,,,,148.5187725,,,,,,,153.589,,,,,,,,96.953,,,,79.02,,,,,,79.02,,,79.02,78.956,,,0.49,0.49,0.543,,0.49,0.49,0.543,
