Date,Revenue,Sales & Services Revenue,Cost of Revenue,Cost of Goods & Services,Gross Profit,Other Operating Income,Operating Expenses,"Selling, General & Admin",Other Operating Expense,Operating Income (Loss),Non-Operating (Income) Loss,"Interest Expense, Net",Interest Expense,Interest Income,Other Investment (Inc) Loss,Foreign Exch (Gain) Loss,Other Non-Op (Income) Loss,Pretax Income,Income Tax Expense (Benefit),Income (Loss) from Cont Ops,Net Extraordinary Losses (Gains),Discontinued Operations,XO & Accounting Changes,Income (Loss) Incl. MI,Minority Interest,"Net Income, GAAP",Preferred Dividends,Other Adjustments,"Net Income Avail to Common, GAAP","Net Income Avail to Common, Adj",Net Abnormal Losses (Gains),Basic Weighted Avg Shares,"Basic EPS, GAAP",Basic EPS from Cont Ops,"Basic EPS from Cont Ops, Adjusted",Diluted Weighted Avg Shares,"Diluted EPS, GAAP",Diluted EPS from Cont Ops,"Diluted EPS from Cont Ops, Adjusted",Source: Bloomberg
11/30/1989,206.783005,,-135.569,,71.214005,,-62.604,,,8.61,1.187,,0.619,,,0.0,-1.806,9.797,-3.811,5.986,0.0,,,5.986,0.0,5.986,0.0,,5.986,5.986,,166.439999,0.036667,0.036667,,166.439999,0.036667,0.036667,0.036667,
02/28/1990,227.425995,,-152.440994,,74.985001,,-61.229,,,13.756,1.659,,0.196,,,0.0,-1.855,15.415,-6.139,9.276,0.0,,,9.276,0.0,9.276,0.0,,9.276,9.276,,166.439999,0.054167,0.054167,,166.439999,0.054167,0.054167,0.054167,
05/31/1990,217.457001,,-140.845001,,76.612,,-64.942001,,,11.67,1.282,,0.128,,,0.0,-1.41,12.952,-5.17,7.782,0.0,,,7.782,0.0,7.782,0.0,,7.782,7.782,,166.445995,0.046667,0.046667,,166.445995,0.046667,0.046667,0.046667,
08/31/1990,222.729004,,-146.098007,,76.630997,,-68.961998,,,7.669,1.797,,0.122,,,0.0,-1.919,9.466,-3.777,5.689,0.0,,,5.689,0.0,5.689,0.0,,5.689,5.689,,166.455,0.034167,0.034167,0.034167,166.455,0.034167,0.034167,0.034167,
11/30/1990,224.714996,,-143.087006,,81.627991,,-68.484001,,,13.144,-0.389,,0.388,,,0.0,0.001,12.755,-4.975,7.78,0.0,,,7.78,0.0,7.78,0.0,,7.78,7.78,,166.481998,0.046667,0.046667,,166.481998,0.046667,0.046667,0.046667,
02/28/1991,257.212006,,-168.970001,,88.242004,,-68.987,,,19.254999,-0.017,,0.017,,,0.0,0.0,19.237999,-7.25,11.988,0.0,,,11.987999,0.0,11.988,0.0,,11.988,11.988,,166.565998,0.070833,0.070833,,166.565998,0.070833,0.070833,0.070833,
05/31/1991,250.128998,,-156.376999,,93.751999,,-74.595001,,,19.157,-0.002,,0.002,,,0.0,0.0,19.155,-6.935,12.22,0.0,,,12.22,0.0,12.22,0.0,,12.22,12.22,,166.775997,0.073333,0.073333,,166.775997,0.073333,0.073333,0.073333,
08/31/1991,257.289001,,-167.714996,,89.574005,,-76.995003,,,12.579,-0.001,,0.002,,,0.0,-0.001,12.578,-4.324,8.254,0.0,,,8.254,0.0,8.254,0.0,,8.254,8.254,,167.13,0.05,0.05,0.05,167.13,0.05,0.05,0.05,
11/30/1991,263.898987,,-165.856995,,98.041992,,-79.557999,,,18.483999,0.0,,0.0,,,0.0,0.0,18.483999,-6.878,11.606,0.0,,,11.605999,0.0,11.606,0.0,,11.606,11.606,,167.346004,0.07,0.07,,167.346004,0.07,0.07,0.07,
02/29/1992,317.802002,,-205.113007,,112.688995,,-84.0,,,28.688999,0.001,,0.0,,,0.0,-0.001,28.689999,-10.676,18.014,0.0,,,18.014,0.0,18.014,0.0,,18.014,18.014,,167.601002,0.106667,0.106667,,167.601002,0.106667,0.106667,0.106667,
05/31/1992,279.812012,,-172.266006,,107.546005,,-83.469002,,,24.077,0.0,,0.0,,,0.0,0.0,24.077,-8.961,15.116,0.0,,,15.115999,0.0,15.116,0.0,,15.116,15.116,,167.892002,0.09,0.09,,167.892002,0.09,0.09,0.09,
08/31/1992,297.190979,,-190.604019,,106.58696,,-88.897987,,,17.689005,-0.001,,0.0,,,0.0,0.001,17.688005,-6.751998,10.936001,0.0,,,10.936007,0.0,10.936001,0.0,,10.936001,10.936001,,168.084606,0.066667,0.066667,0.066667,168.084606,0.066667,0.066667,0.066667,
11/30/1992,304.608002,,-189.863007,,114.744995,,-92.522003,,,22.223,-0.206,,0.206,,,0.0,0.0,22.017,-8.23,13.787,0.0,,,13.787,0.0,13.787,0.0,,13.787,13.787,,168.317997,0.083333,0.083333,,168.317997,0.083333,0.083333,0.083333,
02/28/1993,356.461121,,-230.732895,,125.728226,,-92.407585,,,33.320644,0.0,,0.0,,,0.0,0.0,33.320644,-12.5319,20.788746,0.0,,,20.788744,0.0,20.788746,0.0,,20.788746,20.788746,,168.73074,0.123333,0.123333,,168.73074,0.123333,0.123333,0.123333,
05/31/1993,310.080536,,-190.61586,,119.464676,,-91.919861,,,27.544806,0.0,,0.0,,,0.0,0.0,27.544806,-10.09,17.454805,0.0,,,17.454805,0.0,17.454805,0.0,,17.454805,17.454805,,168.899815,0.103333,0.103333,,168.899815,0.103333,0.103333,0.103333,
08/31/1993,326.281128,,-208.561783,,117.719345,,-97.887833,,,19.83152,-0.206,,,,,0.0,0.206,19.62552,-7.639388,11.986132,0.0,,,11.986132,0.0,11.986132,0.0,,11.986132,11.986132,,169.041663,0.073333,0.073333,,169.041663,0.073333,0.073333,0.073333,
11/30/1993,335.09201,,-209.143997,,125.948013,,-101.658997,,,24.289,0.0,,0.0,,,0.0,0.0,24.289,-9.339,14.95,-1.139,,,16.089,0.0,16.0888,0.0,,16.0888,16.0888,,169.109997,0.096667,0.09,,169.109997,0.096667,0.09,0.09,
02/28/1994,398.767609,,-262.175995,,136.591614,,-100.844002,,,35.748001,-13.727,,0.0,,,0.0,13.727,22.021001,0.0,22.021,0.0,,,22.021001,0.0,22.021,0.0,,22.021,22.021,,169.436405,0.13,0.13,,169.436405,0.13,0.13,0.13,
05/31/1994,349.210999,,-217.656998,,131.554001,,-103.516998,,,28.037001,0.0,,0.0,,,0.0,0.0,28.037001,-10.465,17.572001,0.0,,,17.572001,0.0,17.572001,0.0,,17.572001,17.572001,,169.662003,0.103333,0.103333,,169.662003,0.103333,0.103333,0.103333,
08/31/1994,345.369812,,-233.209,,112.160812,,-100.116997,,,12.043,13.727,,0.0,,,0.0,-13.727,25.77,-18.353001,7.417,0.0,,,7.416999,0.0,7.417239,0.0,,7.417239,7.417239,,169.742397,0.043333,0.043333,0.043333,169.742397,0.043333,0.043333,0.043333,
11/30/1994,356.291992,,-228.940994,,127.350998,,-101.885002,,,25.466,0.0,,0.0,,,0.0,0.0,25.466,-9.88,15.586,0.0,,,15.585999,0.0,15.586,0.0,,15.586,15.586,,169.796997,0.093333,0.093333,,169.796997,0.093333,0.093333,0.093333,
02/28/1995,420.925995,,-288.458008,,132.467987,,-104.594002,,,27.874001,0.0,,0.0,,,0.0,0.0,27.874001,-10.834,17.040001,0.0,,,17.040001,0.0,17.040001,0.0,,17.040001,17.040001,,170.073006,0.1,0.1,,170.073006,0.1,0.1,0.1,
05/31/1995,379.835999,,-248.576004,,131.259995,,-104.842003,,,26.417999,0.0,,0.0,,,0.0,0.0,26.417999,-10.012,16.406,0.0,,,16.405999,0.0,16.406,0.0,,16.406,16.406,,170.121002,0.096667,0.096667,,170.121002,0.096667,0.096667,0.096667,
08/31/1995,389.835999,,-267.092987,,122.743012,,-108.128998,,,14.614,0.0,,0.0,,,0.0,0.0,14.614,-5.54,9.074,0.0,,,9.074,0.0,9.074,0.0,,9.074,9.074,,170.19,0.053333,0.053333,0.053333,170.19,0.053333,0.053333,0.053333,
11/30/1995,396.164001,,-258.953003,,137.210999,,-113.505997,,,23.705,0.0,,0.0,,,0.0,0.0,23.705,-9.197,14.508,0.0,,,14.508,0.0,14.508,0.0,,14.508,14.508,,170.297997,0.086667,0.086667,0.086667,170.297997,0.086667,0.086667,0.086667,
02/29/1996,448.273987,,-308.30899,,139.964996,,-113.925003,,,26.040001,0.0,,0.0,,,0.0,0.0,26.040001,-10.103,15.937,0.0,,,15.937001,0.0,15.937,0.0,,15.937,15.937,,170.444996,0.093333,0.093333,0.093333,170.444996,0.093333,0.093333,0.093333,
05/31/1996,427.94101,,-283.932007,,144.009003,,-113.522003,,,30.487,0.0,,0.0,,,0.0,0.0,30.487,-11.707,18.780001,0.0,,,18.78,0.0,18.780001,0.0,,18.780001,18.780001,,170.499001,0.11,0.11,0.11,170.499001,0.11,0.11,0.11,
08/31/1996,442.247986,,-305.001007,,137.246979,,-118.712997,,,18.534,0.0,,0.0,,,0.0,0.0,18.534,-7.171,11.363,0.0,,,11.363,0.0,11.363,0.0,,11.363,11.363,,170.511006,0.066667,0.066667,0.066667,170.511006,0.066667,0.066667,0.066667,
11/30/1996,454.881989,,-300.302002,,154.579987,,-126.232002,,,28.348,0.0,,0.0,,,0.0,0.0,28.348,-10.988,17.360001,0.0,,,17.36,0.0,17.360001,0.0,,17.360001,17.360001,,170.574005,0.103333,0.103333,0.103333,170.574005,0.103333,0.103333,0.103333,
02/28/1997,530.258972,,-366.093994,,164.164978,,-131.658005,,,32.507,0.0,,0.0,,,0.0,0.0,32.507,-12.505,20.002001,0.0,,,20.002,0.0,20.002001,0.0,,20.002001,20.002001,,171.126,0.116667,0.116667,0.116667,171.603,0.116667,0.116667,0.116667,
05/31/1997,498.403992,,-330.671997,,167.731995,,-130.317001,,,37.415001,0.0,,0.0,,,0.0,0.0,37.415001,-14.327,23.087999,0.0,,,23.088001,0.0,23.087999,0.0,,23.087999,23.087999,,171.446994,0.133333,0.133333,0.133333,172.080003,0.133333,0.133333,0.133333,
08/31/1997,511.428009,,-353.091003,,158.337006,,-135.130997,,,23.205999,0.0,,0.0,,,0.0,0.0,23.205999,-8.98,14.226,0.0,,,14.225999,0.0,14.226,0.0,,14.226,14.226,,171.591996,0.085,0.085,0.085,171.591996,0.085,0.085,0.085,
11/30/1997,542.747009,,-356.420013,,186.326996,,-146.975006,,,39.352001,0.0,,0.0,,,0.0,0.0,39.352001,-15.025,24.327,0.0,,,24.327001,0.0,24.327,0.0,,24.327,24.327,,171.733994,0.14,0.14,0.14,172.748002,0.14,0.14,0.14,
02/28/1998,635.877014,,-436.699005,,199.178009,,-154.826996,,,44.351002,0.0,,0.0,,,0.0,0.0,44.351002,-16.754,27.597,0.0,,,27.597002,0.0,27.597,0.0,,27.597,27.597,,171.940002,0.16,0.16,0.16,173.179992,0.16,0.16,0.16,
05/31/1998,585.807007,,-385.69101,,200.115997,,-149.973007,,,50.143002,0.0,,0.0,,,0.0,0.0,50.143002,-18.799999,31.343,0.0,,,31.343003,0.0,31.343,0.0,,31.343,31.343,,172.167999,0.18,0.18,0.18,173.453995,0.18,0.18,0.18,
08/29/1998,597.499023,,-409.846008,,187.653015,,-155.509995,,,32.143002,0.0,,0.0,,,0.0,0.0,32.143002,-12.122,20.021,0.0,,,20.021002,0.0,20.021,0.0,,20.021,20.021,,172.192001,0.12,0.12,0.12,173.462006,0.12,0.12,0.12,
11/28/1998,628.015991,,-412.299011,,215.71698,,-168.248001,,,47.469002,0.0,,0.0,,,0.0,0.0,47.469002,-17.860001,29.608999,0.0,,,29.609001,0.0,29.608999,0.0,,29.608999,29.608999,,172.231995,0.17,0.17,0.17,173.468994,0.17,0.17,0.17,
02/27/1999,752.21698,,-509.721008,,242.495972,,-175.623001,,,66.873001,0.0,,0.0,,,0.0,0.0,66.873001,-25.200001,41.673,0.0,,,41.673,0.0,41.673,0.0,,41.673,41.673,,172.429001,0.24,0.24,0.24,173.766998,0.24,0.24,0.24,
05/29/1999,678.856995,,-440.631989,,238.225006,,-172.457993,,,65.766998,0.0,,0.0,,,0.0,0.0,65.766998,-24.0,41.766998,0.0,,,41.766998,0.0,41.766998,0.0,,41.766998,41.766998,,172.651993,0.24,0.24,0.24,174.041,0.24,0.24,0.24,
08/28/1999,692.091003,,-470.790009,,221.300994,,-178.731003,,,42.57,0.0,,0.0,,,0.0,0.0,42.57,-15.54,27.030001,0.0,,,27.03,0.0,27.030001,0.0,,27.030001,27.030001,,172.731995,0.16,0.16,0.16,174.054993,0.16,0.16,0.16,
11/27/1999,713.520996,,-466.179993,,247.341003,,-189.757004,,,57.584,0.0,,0.0,,,0.0,0.0,57.584,-21.0,36.584,0.0,,,36.584,0.0,36.583,0.0,0.0,36.583,36.583,,172.804001,0.21,0.21,0.21,173.994003,0.21,0.21,0.21,
02/26/2000,858.5,,-574.36499,,284.13501,,-197.554001,,,86.581001,0.0,,0.0,,,0.0,0.0,86.581001,-31.6,54.980999,0.0,,,54.981001,0.0,54.980999,0.0,0.0,54.980999,54.980999,,171.682999,0.32,0.32,0.32,172.552994,0.32,0.32,0.32,
05/27/2000,770.776001,,-498.34201,,272.433991,,-193.438004,,,78.996002,0.0,,0.0,,,0.0,0.0,78.996002,-28.865,50.131001,0.0,,,50.131002,0.0,50.131001,0.0,0.0,50.131001,50.131001,,171.134003,0.29,0.29,0.29,172.110001,0.29,0.29,0.29,
08/26/2000,789.84198,,-538.028992,,251.812988,,-204.063004,,,47.75,0.0,,0.0,,,0.0,0.0,47.75,-17.429001,30.320999,0.0,,,30.320999,0.0,30.322001,0.0,0.0,30.322001,30.322001,,171.169006,0.18,0.18,0.18,171.990997,0.18,0.18,0.18,
11/25/2000,820.14801,,-535.734009,,284.414001,,-219.175995,,,65.237999,0.0,,0.0,,,0.0,0.0,65.237999,-23.777,41.460999,0.0,,,41.460999,0.0,41.460999,0.0,0.0,41.460999,41.460999,,171.177002,0.24,0.24,0.24,172.061996,0.24,0.24,0.24,
03/03/2001,1037.368042,,-698.908997,,338.459045,,-243.246994,,,95.211998,0.0,,0.0,,,0.0,0.0,95.211998,-34.757,60.455002,0.0,,,60.454998,0.0,60.455002,0.0,0.0,60.455002,60.455002,,171.459,0.35,0.35,0.35,172.682007,0.35,0.35,0.35,
06/02/2001,887.036987,,-574.60498,,312.432007,,-228.197998,,,84.234001,0.0,,0.0,,,0.0,0.0,84.234001,-30.745001,53.488998,0.0,,,53.489,0.0,53.488998,0.0,0.0,53.488998,53.488998,,171.740005,0.31,0.31,0.31,173.029007,0.31,0.31,0.31,
09/01/2001,920.809021,,-630.013977,,290.795044,,-237.057999,,,53.737,0.0,,0.0,,,0.0,0.0,53.737,-19.636999,34.099998,0.0,,,34.100001,0.0,34.099998,0.0,0.0,34.099998,34.099998,,171.901993,0.2,0.2,0.2,173.240997,0.2,0.2,0.2,
12/01/2001,977.132996,,-642.719971,,334.413025,,-255.347,,,79.066002,0.0,,0.0,,,0.0,0.0,79.066002,-28.858999,50.207001,0.0,,,50.207003,0.0,50.207001,0.0,0.0,50.207001,50.207001,,172.251999,0.29,0.29,0.29,173.597,0.29,0.29,0.29,
03/02/2002,1105.165039,,-740.419983,,364.745056,,-264.322998,,,100.421997,0.0,,0.0,,,0.0,0.0,100.421997,-36.653999,63.768002,0.0,,,63.767998,0.0,63.768002,0.0,0.0,63.768002,63.768002,,172.598007,0.37,0.37,0.37,173.934006,0.37,0.37,0.37,
06/01/2002,1022.08197,,-666.734985,,355.346985,,-259.188995,,,96.157997,0.0,,0.0,,,0.0,0.0,96.157997,-35.098,61.060001,0.0,,,61.059997,0.0,61.060001,0.0,0.0,61.060001,61.060001,,173.074005,0.35,0.35,0.35,174.356995,0.35,0.35,0.35,
08/31/2002,1058.271973,,-716.857971,,341.414002,,-275.438995,,,65.974998,0.0,,0.0,,,0.0,0.0,65.974998,-24.080999,41.894001,0.0,,,41.893999,0.0,41.894001,0.0,0.0,41.894001,41.894001,,173.276993,0.24,0.24,0.24,174.322006,0.24,0.24,0.24,
11/30/2002,1108.636963,,-727.804993,,380.83197,,-290.315002,,,90.516998,0.0,,0.0,,,0.0,0.0,90.516998,-33.039001,57.478001,0.0,,,57.477997,0.0,57.478001,0.0,0.0,57.478001,57.478001,,173.076996,0.33,0.33,0.33,173.942001,0.33,0.33,0.33,
03/01/2003,1256.182983,,-838.661987,,417.520996,,-303.01001,,,114.511002,0.0,,0.0,,,0.0,0.0,114.511002,-41.796001,72.714996,0.0,,,72.715001,0.0,72.714996,0.0,0.0,72.714996,72.714996,,172.151001,0.42,0.42,0.42,173.037003,0.42,0.42,0.42,
05/31/2003,1176.876953,,-768.494995,,408.381958,,-298.766998,,,109.614998,0.0,,0.0,,,0.0,0.0,109.614998,-40.009998,69.605003,0.0,,,69.605,0.0,69.605003,0.0,0.0,69.605003,69.605003,,172.074997,0.4,0.4,0.4,173.048996,0.4,0.4,0.4,
08/30/2003,1208.474,,-810.826111,,397.647889,,-322.565949,,,75.082008,0.0,,0.0,,,0.0,0.0,75.082008,-27.405,47.677006,0.0,,,47.677008,0.0,47.677006,0.0,0.0,47.677006,47.677006,,172.080978,0.28,0.28,0.28,173.388016,0.27,0.27,0.27,
11/29/2003,1244.682983,,-813.357971,,431.325012,,-331.428986,,,99.896004,0.0,,0.0,,,0.0,0.0,99.896004,-36.459,63.437,0.0,,,63.437004,0.0,63.437,0.0,0.0,63.437,63.437,,172.352997,0.37,0.37,0.37,173.641006,0.37,0.37,0.37,
02/28/2004,1402.798,,-928.984,,473.814,,-345.56,,,128.254,0.0,,0.0,,,0.0,0.0,128.254,-46.813,81.441,0.0,,,81.441,0.0,81.441,0.0,0.0,81.441,81.441,,172.061,0.47,0.47,0.47,173.003,0.47,0.47,0.47,
05/29/2004,1310.159,,-852.783,,457.376,,-341.14,,,116.236,0.0,,0.0,,,0.0,0.0,116.236,-42.426,73.81,0.0,,,73.81,0.0,73.81,0.0,0.0,73.81,73.81,,170.862,0.43,0.43,0.43,171.571,0.43,0.43,0.43,
08/28/2004,1324.248017,,-901.153029,,423.094988,,-354.869,,,68.226,0.0,,,,,0.0,,68.226,-25.244,42.982,0.0,,,42.982,0.0,42.982,0.0,0.0,42.982,42.982,,167.804003,0.256144,0.256144,0.256144,168.280994,0.255418,0.255418,0.255418,
11/27/2004,1380.244995,,-919.893005,,460.35199,,-375.187012,,,85.165001,0.0,,0.0,,,0.0,0.0,85.165001,-30.736,54.429001,0.0,,,54.429001,0.0,54.429001,0.0,0.0,54.429001,54.429001,,167.619003,0.32,0.32,0.32,168.007996,0.32,0.32,0.32,
02/26/2005,1586.754,,-1065.835,,520.919,,-394.422,,,126.497,0.0,,0.0,,,0.0,0.0,126.497,-46.424,80.073,0.0,,,80.073,0.0,80.073,0.0,0.0,80.073,80.073,,167.723,0.48,0.48,0.48,168.361,0.48,0.48,0.48,
05/28/2005,1427.966,,-948.614,,479.352,,-394.4,,,84.952,0.0,,0.0,,,0.0,0.0,84.952,-31.178,53.774,0.0,,,53.774,0.0,53.774,0.0,0.0,53.774,53.774,,166.858,0.32,0.32,0.32,167.16,0.32,0.32,0.32,
08/27/2005,1429.843,,-974.227,,455.616,,-409.435,,,46.181,0.0,,0.0,,,0.0,0.0,46.181,-16.948,29.233,0.0,,,29.233,0.0,29.233,0.0,0.0,29.233,29.233,,164.963,0.18,0.18,0.18,165.057,0.18,0.18,0.18,
11/26/2005,1511.457,,-1003.254,,508.203,0.0,-425.291,425.291,0.0,82.912,-1.342,1.342,2.193,-0.851,,0.0,0.0,81.57,-30.181,51.389,0.0,,,51.389,0.0,51.389,0.0,0.0,51.389,51.389,,159.33,0.32,0.32,0.32,160.472,0.32,0.32,0.32,
02/25/2006,1735.683,,-1165.194,,570.489,0.0,-438.177,438.177,0.0,132.312,-45.758,0.758,2.956,-2.198,,0.0,45.0,86.554,-32.025,54.529,0.0,,,54.529,0.0,54.529,0.0,0.0,54.529,54.529,,155.293,0.35,0.35,0.53,156.755,0.35,0.35,0.53,
05/27/2006,1569.516,,-1041.789,,527.727,,-435.366,,,92.361,-1.007,1.007,3.093,-2.086,,0.0,0.0,91.354,-34.44,56.914,0.0,,,56.914,0.0,56.914,0.0,0.0,56.914,56.914,,154.26,0.37,0.37,0.37,154.566,0.37,0.37,0.37,
08/26/2006,1578.116,,-1066.229,,511.887,0.0,-457.167,,,54.72,1.799,3.054,4.853,-1.799,,0.0,-4.853,56.519,-19.387,37.132,0.0,,,37.132,0.0,32.279,0.0,0.0,32.279,32.279,,153.71,0.21,0.21,0.21,307.42,0.21,0.21,0.21,
11/25/2006,1600.264,,-1047.382,,552.882,0.0,-461.755,461.755,0.0,91.127,-4.059,4.059,5.506,-1.447,,0.0,0.0,87.068,-32.944,54.124,0.0,,,54.124,0.0,54.124,0.0,0.0,54.124,54.124,,150.461,0.36,0.36,0.36,150.961,0.36,0.36,0.36,
03/03/2007,1947.38,,-1294.87,,652.51,0.0,-509.204,509.204,0.0,143.306,-1.159,1.159,4.667,-3.508,,0.0,0.0,142.147,-51.604,90.543,0.0,,,90.543,0.0,90.543,0.0,0.0,90.543,90.543,,150.656,0.6,0.6,0.6,150.925,0.6,0.6,0.6,
06/02/2007,1654.776,,-1077.765,,577.011,,-484.137,,,92.874,0.057,-0.057,3.167,-3.224,,0.0,0.0,92.931,-32.557,60.374,0.0,,,60.374,0.0,60.374,0.0,0.0,60.374,60.374,3.705,149.758,0.4,0.4,0.43,150.495,0.4,0.4,0.43,
09/01/2007,1631.885,,-1092.225,,539.66,,-478.334,478.334,0.0,61.326,-1.576,1.576,4.087,-2.511,,0.0,0.0,59.75,-21.937,37.813,0.0,,,37.813,0.0,37.813,0.0,0.0,37.813,37.813,,145.572,0.26,0.26,0.26,146.16,0.26,0.26,0.26,
12/01/2007,1683.043,,-1107.018,,576.025,0.0,-490.885,490.885,0.0,85.14,-2.526,2.526,4.611,-2.085,,,0.0,82.614,-30.668,51.946,0.0,,,51.946,0.0,51.946,0.0,0.0,51.946,51.946,0.0,140.936,0.37,0.37,0.37,141.324,0.37,0.37,0.37,
03/01/2008,1832.611,,-1233.528,,599.083,0.0,-502.62,502.62,0.0,96.463,-0.011,0.011,3.355,-3.344,,,0.0,96.452,-33.149,63.303,,,,63.303,,63.303,0.0,0.0,63.303,63.303,,140.439,0.45,0.45,0.45,140.617,0.45,0.45,0.45,
05/31/2008,1702.197,,-1112.755,,589.442,0.0,-487.835,487.835,0.0,101.607,-0.388,0.388,3.361,-2.973,,,0.0,101.219,-36.546,64.673,0.0,0.0,0.0,64.673,0.0,64.673,0.0,0.0,64.673,64.673,0.0,139.696,0.46,0.46,0.46,139.92,0.46,0.46,0.46,
08/30/2008,1765.777,,-1184.525,,581.252,,-499.156,,,82.096,-0.619,0.619,3.259,-2.64,,0.0,0.0,81.477,-28.326,53.151,0.0,,,53.151,0.0,53.151,0.0,0.0,53.151,53.151,,139.701,0.38,0.38,0.38,140.114,0.38,0.38,0.38,
11/29/2008,1753.833,1753.833,-1139.38,1139.38,614.453,0.0,-522.049,522.049,0.0,92.404,0.382,-0.382,3.217,-3.599,,,0.0,92.786,-33.497,59.289,0.0,0.0,0.0,59.289,0.0,59.289,0.0,0.0,59.289,60.3628,1.0738,139.817,0.42,0.42,0.431727,140.237,0.42,0.42,0.427657,
02/28/2009,1992.26,1992.26,-1320.956,1320.956,671.304,0.0,-537.218,537.218,0.0,134.086,-1.781,1.781,3.345,-1.564,,,0.0,132.305,-48.165,84.14,0.0,0.0,0.0,84.14,0.0,84.14,0.0,0.0,84.14,88.01075,3.87075,139.996,0.6,0.6,0.628666,140.456,0.6,0.6,0.627558,
05/30/2009,1843.089,1843.089,-1175.897,1175.897,667.192,0.0,-528.158,528.158,0.0,139.034,-2.337,2.337,3.216,-0.879,,,0.0,136.697,-48.976,87.721,0.0,0.0,0.0,87.721,0.0,87.721,0.0,0.0,87.721,93.91875,6.19775,140.319,0.63,0.63,0.669323,141.195,0.62,0.62,0.663895,
08/29/2009,1811.424,1811.424,-1186.168,1186.168,625.256,0.0,-533.511,533.511,0.0,91.745,-2.608,2.608,3.161,-0.553,,,0.0,89.137,-29.021,60.116,0.0,0.0,0.0,60.116,0.0,60.116,0.0,0.0,60.116,60.36885,0.25285,139.441,0.43,0.43,0.432935,140.199,0.43,0.43,0.431804,
11/28/2009,1822.906,1822.906,-1164.684,1164.684,658.222,0.0,-548.551,548.551,0.0,109.671,-2.94,2.94,3.335,-0.395,,,0.0,106.731,-39.11,67.621,0.0,0.0,0.0,67.621,0.0,67.621,0.0,0.0,67.621,69.27265,1.65165,138.686,0.49,0.49,0.499493,139.271,0.49,0.49,0.499493,
02/27/2010,2090.23,2090.23,-1349.399,1349.399,740.831,0.0,-559.48,559.48,0.0,181.351,-3.099,3.099,3.368,-0.269,,,0.0,178.252,-66.043,112.209,0.0,0.0,0.0,112.209,0.0,112.209,0.0,0.0,112.209,113.7261,1.5171,137.48,0.82,0.82,0.827219,138.142,0.81,0.81,0.820982,
05/29/2010,1996.989,1996.989,-1266.761,1266.761,730.228,0.0,-560.165,560.165,0.0,170.063,-2.865,2.865,3.297,-0.432,,,0.0,167.198,-62.847,104.351,0.0,0.0,0.0,104.351,0.0,104.351,0.0,0.0,104.351,104.507,0.156,134.766,0.77,0.77,0.77547,135.789,0.77,0.77,0.771149,
08/28/2010,1956.846,1956.846,-1278.127,1278.127,678.719,0.0,-564.206,564.206,0.0,114.513,-2.836,2.836,3.337,-0.501,-0.501,,0.501,111.677,-37.723,73.954,0.0,0.0,0.0,73.954,0.0,73.954,0.0,0.0,73.954,78.6626,4.7086,132.049,0.56,0.56,0.595708,133.181,0.56,0.56,0.595355,
11/27/2010,1996.941,1996.941,-1277.376,1277.376,719.565,0.0,-597.983,597.983,0.0,121.582,-3.131,,3.518,,-0.387,,0.0,118.451,-44.136,74.315,0.0,0.0,0.0,74.315,0.0,74.315,0.0,0.0,74.315,76.40995,2.09495,127.984,0.58,0.58,0.597027,129.141,0.58,0.58,0.596222,
02/26/2011,2263.169,2263.169,-1455.802,1455.802,807.367,0.0,-607.002,607.002,0.0,200.365,-4.16,,4.582,,-0.422,,0.0,196.205,-73.025,123.18,0.0,0.0,0.0,123.18,0.0,123.18,0.0,0.0,123.18,123.3308,0.1508,124.619,0.99,0.99,0.989663,125.701,0.98,0.98,0.9812,
05/28/2011,2153.395,2153.395,-1373.639,1373.639,779.756,0.0,-595.403,595.403,0.0,184.353,-6.689,,7.144,,-0.455,,0.0,177.664,-66.563,111.101,0.0,0.0,0.0,111.101,0.0,111.101,0.0,0.0,111.101,112.54335,1.44235,121.546,0.91,0.91,0.925932,122.656,0.91,0.91,0.921759,
08/27/2011,2134.33,2134.33,-1408.723,1408.723,725.607,0.0,-593.835,593.835,0.0,131.772,-6.934,,7.202,,-0.268,,0.0,124.838,-44.989,79.849,0.0,0.0,0.0,79.849,0.0,79.849,0.0,0.0,79.849,82.31055,2.46155,119.292,0.67,0.67,0.689992,120.444,0.66,0.66,0.680437,
11/26/2011,2148.287,2148.287,-1390.715,1390.715,757.572,0.0,-627.585,627.585,0.0,129.987,-1.555,,6.712,,-0.234,,-4.923,128.432,-48.082,80.35,0.0,0.0,0.0,80.35,0.0,80.35,0.0,0.0,80.35,85.01245,4.66245,117.649,0.68,0.68,0.722594,118.591,0.68,0.68,0.719315,
02/25/2012,2458.636,2458.636,-1601.237,1601.237,857.399,0.0,-642.052,642.052,0.0,215.347,-0.436,,6.425,,-0.208,,-5.781,214.911,-78.492,136.419,0.0,0.0,0.0,136.419,0.0,136.419,0.0,0.0,136.419,136.9429,0.5239,117.528,1.16,1.16,1.165194,118.304,1.15,1.15,1.154428,
05/26/2012,2359.957,2359.957,-1514.684,1514.684,845.273,0.0,-652.014,652.014,0.0,193.259,0.786,,5.635,,-0.274,,-6.147,194.045,-69.505,124.54,0.0,0.0,0.0,124.54,0.0,124.54,0.0,0.0,124.54,126.0688,1.5288,116.815,1.07,1.07,1.079218,117.633,1.06,1.06,1.072996,
08/25/2012,2364.125,2364.125,-1564.422,1564.422,799.703,0.0,-674.083,662.583,11.5,125.62,0.93,,6.318,,-0.211,,-7.037,126.55,-45.619,80.931,0.0,0.0,0.0,80.931,0.0,80.931,0.0,0.0,80.931,88.7847,7.8537,116.396,0.7,0.7,0.762781,117.267,0.69,0.69,0.756973,
11/24/2012,2421.688,2421.688,-1594.894,1594.894,826.794,0.0,-699.825,699.825,0.0,126.969,-0.685,,7.122,,-0.075,,-6.362,126.284,-46.005,80.279,0.0,0.0,0.0,80.279,,80.279,0.0,0.0,80.279,82.138,1.859,115.521,0.69,0.69,0.711022,116.197,0.69,0.69,0.705999,
03/02/2013,2893.997,2893.997,-1926.947,1926.947,967.05,0.0,-750.073,750.073,0.0,216.977,0.76,,6.775,,-0.109,,-7.426,217.737,-77.592,140.145,0.0,0.0,0.0,140.145,0.0,140.145,0.0,0.0,140.145,140.68775,0.54275,115.455,1.21,1.21,1.218551,115.92,1.21,1.21,1.214682,
06/01/2013,2573.506,2573.506,-1681.048,1681.048,892.458,0.0,-704.038,704.038,0.0,188.42,1.216,,6.071,,-0.091,,-7.196,189.636,-68.698,120.938,0.0,0.0,0.0,120.938,0.0,120.938,0.0,0.0,120.938,121.79795,0.85995,114.977,1.05,1.05,1.059324,115.478,1.05,1.05,1.057447,
08/31/2013,2502.266,2502.266,-1633.823,1633.823,868.443,0.0,-712.852,712.852,0.0,155.591,1.449,,5.92,,-0.147,,-7.222,157.04,-54.827,102.213,0.0,0.0,0.0,102.213,0.0,102.213,0.0,0.0,102.213,102.7382,0.5252,115.04,0.89,0.89,0.893065,115.61,0.88,0.88,0.884543,
11/30/2013,2499.691,2499.691,-1642.85,1642.85,856.841,0.0,-736.522,736.522,0.0,120.319,0.541,,6.923,,-0.058,,-7.406,120.86,-42.833,78.027,0.0,0.0,0.0,78.027,0.0,78.027,0.0,0.0,78.027,79.88925,1.86225,114.581,0.68,0.68,0.697229,115.084,0.68,0.68,0.696182,
03/01/2014,2716.621,2716.621,-1814.327,1814.327,902.294,0.0,-762.037,762.037,0.0,140.257,0.2,,7.374,,-0.046,,-7.528,140.457,-49.588,90.869,0.0,0.0,0.0,90.869,0.0,90.869,0.0,0.0,90.869,93.5665,2.6975,113.788,0.8,0.8,0.822288,114.141,0.8,0.8,0.822288,
05/31/2014,2658.964,2658.964,-1748.111,1748.111,910.853,0.0,-790.045,767.049,22.996,120.808,0.499,,7.959,,-0.058,,-8.4,121.307,-40.16,81.147,0.0,0.0,0.0,81.147,0.0,81.147,0.0,0.0,81.147,97.36,16.213,113.829,0.71,0.71,0.855318,114.15,0.71,0.71,0.852032,
08/30/2014,2614.054,2614.054,-1752.757,1752.757,861.297,0.0,-821.229,756.611,64.618,40.068,0.062,,7.782,,-0.028,,-7.816,40.13,-5.67,34.46,0.0,0.0,0.0,34.46,0.0,34.46,0.0,0.0,34.46,84.41755,49.95755,113.941,0.3,0.3,0.740888,114.308,0.3,0.3,0.737043,
11/29/2014,2556.422,2556.422,-1703.475,1703.475,852.947,0.0,-782.288,773.427,8.861,70.659,0.334,,7.66,,-0.03,,-7.964,70.993,-29.616,41.377,0.0,0.0,0.0,41.377,0.0,41.377,0.0,0.0,41.377,51.63615,10.25915,114.157,0.36,0.36,0.452326,114.475,0.36,0.36,0.449619,
02/28/2015,2798.268,2798.268,-1867.181,1867.181,931.087,0.0,-813.539,805.309,8.23,117.548,0.688,,7.357,,-0.07,,-7.975,118.236,-41.53,76.706,0.0,0.0,0.0,76.706,0.0,76.706,0.0,0.0,76.706,85.989,9.283,114.468,0.67,0.67,0.751206,114.68,0.67,0.67,0.750947,
05/30/2015,2728.176,2728.176,-1785.011,1785.011,943.165,0.0,-816.88,812.19,4.69,126.285,1.718,,6.795,,-0.043,,-8.47,128.003,-48.06,79.943,0.0,0.0,0.0,79.943,0.0,79.943,0.0,0.0,79.943,85.1673,5.2243,114.511,0.7,0.7,0.743748,114.755,0.7,0.7,0.743748,
08/31/2015,2723.636,,,,912.63595088,,,,,124.857,,,,,,,,126.889,,80.667,,,,,,80.667,,,80.667,81.5,,,0.699,0.699,0.703,,0.699,0.699,0.703,
11/30/2015,2676.0,,,,,,,,,92.2,,,,,,,,93.4,,59.6,,,,,,59.6,,,59.6,59.6,,,0.52,0.52,0.525,,0.52,0.52,0.525,
