Date,Revenue,Sales & Services Revenue,Other Revenue,Cost of Revenue,Cost of Goods & Services,Depreciation & Amortization,Gross Profit,Other Operating Income,Operating Expenses,Research & Development,Other Operating Expense,Operating Income (Loss),Non-Operating (Income) Loss,"Interest Expense, Net",Interest Expense,Interest Income,Foreign Exch (Gain) Loss,(Income) Loss from Affiliates,Other Non-Op (Income) Loss,Pretax Income,Income Tax Expense (Benefit),Income (Loss) from Cont Ops,Net Extraordinary Losses (Gains),Discontinued Operations,XO & Accounting Changes,Income (Loss) Incl. MI,Minority Interest,"Net Income, GAAP",Preferred Dividends,Other Adjustments,"Net Income Avail to Common, GAAP","Net Income Avail to Common, Adj",Net Abnormal Losses (Gains),Basic Weighted Avg Shares,"Basic EPS, GAAP",Basic EPS from Cont Ops,"Basic EPS from Cont Ops, Adjusted",Diluted Weighted Avg Shares,"Diluted EPS, GAAP",Diluted EPS from Cont Ops,"Diluted EPS from Cont Ops, Adjusted",Source: Bloomberg
08/31/1989,1647.453003,,,,,,,,-1538.984009,,,108.469002,-48.810999,,46.842999,,,,1.968,59.658003,-29.236,30.422001,0.0,,,30.422003,0.0,30.422001,0.0,,30.422001,30.422001,,210.863998,0.145,0.145,,210.863998,0.145,0.145,0.145,
11/30/1989,1724.149048,,,,,,,,-1596.234985,,,127.914001,-47.101,,43.653,,,,3.448,80.813002,-43.808998,37.004002,0.0,,,37.004004,0.0,37.004002,0.0,,37.004002,37.004002,,212.863998,0.175,0.175,,212.863998,0.175,0.175,0.175,
02/28/1990,1729.256958,,,,,,,,-1667.583008,,,61.674,-50.815001,,46.534,,,,4.281,10.858999,-5.646,5.213,0.0,,,5.212999,0.0,5.213,0.0,,5.213,5.213,,212.427994,0.025,0.025,,212.427994,0.025,0.025,0.025,
05/31/1990,1914.209961,,,,,,,,-1798.687988,,,115.522003,-48.428999,,51.078999,,,,-2.65,67.093004,-23.968,43.125,0.0,,,43.125004,0.0,43.125,0.0,,43.125,43.125,,212.003996,0.2,0.2,0.2,212.003996,0.2,0.2,0.2,
08/31/1990,1916.516968,,,,,,,,-1787.281982,,,129.235001,-46.720001,,43.630001,,,,3.09,82.515,-39.455002,43.060001,0.0,,,43.059998,0.0,43.060001,0.0,,43.060001,43.060001,,213.412003,0.2025,0.2025,,213.412003,0.2025,0.2025,0.2025,
11/30/1990,1993.092041,,,,,,,,-1867.334961,,,125.757004,-49.114001,,42.109001,,,,7.005,76.643003,-39.168999,37.473999,0.0,,,37.474004,0.0,37.473999,0.0,,37.473999,37.473999,,212.171997,0.1775,0.1775,,212.171997,0.1775,0.1775,0.1775,
02/28/1991,1864.485962,,,,,,,,-1832.972046,,,31.514,-200.229004,,46.209,,,,154.020004,-168.715004,63.074001,-105.640999,0.0,,,-105.641003,0.0,-105.640999,0.0,,-105.640999,-105.640999,,213.259995,-0.495,-0.495,,213.259995,-0.495,-0.495,-0.495,
05/31/1991,1914.20105,,,,,,,,-1799.913941,,,114.286994,-63.787992,,49.932003,,,,13.855989,50.499002,-19.493999,31.004999,0.0,,,31.005003,0.0,31.004999,0.0,,31.004999,31.004999,,214.526,0.145,0.145,0.145,214.526,0.145,0.145,0.145,
08/31/1991,1825.785034,,,,,,,,-1745.5,,,80.285004,-46.763999,,42.778999,,,,3.985,33.521004,-16.291,17.23,0.0,,,17.230004,0.0,17.23,0.0,,17.23,17.23,,215.108002,0.08,0.08,,215.108002,0.08,0.08,0.08,
11/30/1991,1943.406006,,,,,,,,-1844.463013,,,98.943001,-48.314998,,41.766998,,,,6.548,50.628003,-24.101,26.527,0.0,,,26.527003,0.0,26.527,0.0,,26.527,26.527,,214.888,0.1225,0.1225,,214.888,0.1225,0.1225,0.1225,
02/29/1992,1889.536011,,,,,,,,-1886.165039,,,3.371,-301.360996,,39.356998,,,,262.003998,-297.989996,104.632004,-193.358002,0.0,,,-193.357992,0.0,-193.358002,0.0,,-193.358002,-193.358002,,215.768005,-0.895,-0.895,,215.768005,-0.895,-0.895,-0.895,
05/31/1992,1891.333008,,,,,,,,-1796.964966,,,94.367996,-27.354999,,40.411999,,,,-13.057,67.012997,-31.194,35.819,0.0,,,35.818997,0.0,35.819,0.0,,35.819,35.819,,216.39,0.165,0.165,0.165,216.39,0.165,0.165,0.165,
08/31/1992,1864.936035,,,,,,,,-1795.212036,,,69.723999,-49.507999,,41.487999,,0.0,,8.02,20.216,-10.068,10.148,55.943001,,,-45.795001,0.0,-45.794998,0.0,,-45.794998,-45.794998,,217.108002,-0.21,0.0475,,217.108002,-0.21,0.0475,0.0475,
11/30/1992,1964.67395,,,,,,,,-1852.019043,,,112.654999,-42.136,,40.382,,0.0,,1.754,70.518999,-35.118,35.401001,0.0,,,35.400999,0.0,35.401001,0.0,,35.401001,35.401001,,217.167999,0.1625,0.1625,,217.167999,0.1625,0.1625,0.1625,
02/28/1993,1939.781006,,,,,,,,-1881.459961,,,58.320999,-41.446002,,40.136002,,0.0,,1.31,16.874998,-8.387,8.488,0.0,,,8.487998,0.0,8.488,0.0,,8.488,8.488,,220.468002,0.0375,0.0375,,220.468002,0.0375,0.0375,0.0375,
05/31/1993,2038.651978,,,,,,,,-416.859009,,,1621.792969,-1525.827034,,38.917,,0.0,,1486.910034,95.965935,-40.194,55.771999,0.0,,,55.771935,0.0,55.771999,0.0,,55.771999,55.771999,,220.755996,0.2525,0.2525,0.2525,220.755996,0.2525,0.2525,0.2525,
08/31/1993,2015.724976,,,,,,,,-1913.817993,,,101.906998,-41.071998,,37.266998,,,,3.805,60.834999,-27.983999,32.851002,0.0,,,32.851,0.0,32.851002,0.0,,32.851002,32.851002,,220.744003,0.15,0.15,,220.744003,0.15,0.15,0.15,
11/30/1993,2121.524902,,,,,,,,-1971.807007,,,149.718002,-39.179,,36.584,,,,2.595,110.539003,-50.848,59.691002,0.0,,,59.691003,0.0,59.691002,0.0,,59.691002,59.691002,,223.399994,0.2675,0.2675,,223.399994,0.2675,0.2675,0.2675,
02/28/1994,2077.414062,,,,,,,,-1992.097046,,,85.317001,-27.6,,35.132,,,,-7.532,57.717001,-26.549999,31.167,0.0,,,31.167002,0.0,31.167,0.0,,31.167,31.167,,225.779999,0.1375,0.1375,,225.779999,0.1375,0.1375,0.1375,
05/31/1994,2264.791992,,,,,,,,-2071.102051,,,193.690002,-44.319,,33.409,,,,10.91,149.371002,-68.709999,80.661003,0.0,,,80.661003,0.0,80.661003,0.0,,80.661003,80.661003,,226.276,0.3575,0.3575,0.3575,226.276,0.3575,0.3575,0.3575,
08/31/1994,2231.126953,,,,,,,,-2088.14209,,,142.985001,-35.717999,,32.987,,,,2.731,107.267001,-46.125,61.141998,0.0,,,61.142001,0.0,61.141998,0.0,,61.141998,61.141998,,226.455994,0.27,0.27,,226.455994,0.27,0.27,0.27,
11/30/1994,2358.764893,,,,,,,,-2182.388916,,,176.376007,-25.256,,30.462,,0.0,,-5.206,151.120007,-64.981003,86.139,0.0,,,86.139004,0.0,86.139,0.0,,86.139,86.139,,225.539993,0.3825,0.3825,,225.539993,0.3825,0.3825,0.3825,
02/28/1995,2332.593994,,,,,,,,-2234.922119,,,97.671997,13.041998,,26.933001,,,,-39.974998,110.713995,-47.606998,63.106998,0.0,,,63.106997,0.0,63.106998,0.0,,63.106998,63.106998,,225.496002,0.28,0.28,,225.496002,0.28,0.28,0.28,
05/31/1995,2469.586914,,,,,,,,-2295.476074,,,174.110992,-21.128,,24.305,,0.0,,-3.177,152.982992,-65.782997,87.199997,0.0,,,87.199995,0.0,87.199997,0.0,,87.199997,87.199997,,226.404008,0.385,0.385,0.385,226.404008,0.385,0.385,0.385,
08/31/1995,2453.394043,,,,,,,,-2304.164062,,,149.229996,-19.343999,,23.844999,,,,-4.501,129.885996,-54.551998,75.334,0.0,,,75.333998,0.0,75.334,0.0,,75.334,75.334,,226.751999,0.3325,0.3325,0.3325,226.751999,0.3325,0.3325,0.3325,
11/30/1995,2547.011963,,,,,,,,-2376.106934,,,170.904999,-15.952999,,24.174999,,0.0,,-8.222,154.952,-65.081001,89.871002,0.0,,,89.870998,0.0,89.871002,0.0,,89.871002,89.871002,,229.039993,0.3925,0.3925,0.3925,229.039993,0.3925,0.3925,0.3925,
02/28/1996,2535.469971,,,,,,,,-2457.5271,,,77.943001,-25.306,,24.871,,,,0.435,52.637001,-25.481001,27.156,0.0,,,27.156,0.0,27.156,0.0,,27.156,27.156,,229.031998,0.1175,0.1175,0.1175,229.031998,0.1175,0.1175,0.1175,
05/31/1996,2737.74292,,,,,,,,-2511.99707,,,225.746002,-23.262,,22.708,,0.0,,0.554,202.484002,-87.068001,115.416,0.0,,,115.416001,0.0,115.416,0.0,,115.416,115.416,,229.384004,0.5025,0.5025,0.5025,229.384004,0.5025,0.5025,0.5025,
08/31/1996,2692.312012,,,-1828.546997,,,863.765015,,-733.846985,,,129.917999,-22.179001,,21.759001,,0.0,,0.42,107.738999,-45.789001,61.950001,0.0,,,61.949997,0.0,61.950001,0.0,,61.950001,61.950001,,229.867996,0.27,0.27,0.27,229.867996,0.27,0.27,0.27,
11/30/1996,2852.368896,,,-1879.83606,,,972.532836,,-787.606018,,,184.927002,-4.548999,,24.073999,,0.0,,-19.525,180.378003,-76.661003,103.717003,0.0,,,103.717,0.0,103.717003,0.0,,103.717003,103.717003,,230.264008,0.45,0.45,0.395,230.264008,0.45,0.45,0.395,
02/28/1997,3534.044922,,,-2571.101074,,,962.943848,,-829.79303,,,133.151001,-26.347999,,26.084999,,0.0,,0.263,106.803002,-45.785,61.018002,0.0,,,61.018002,0.0,61.018002,0.0,,61.018002,61.018002,,291.459992,0.21,0.21,0.21,294.906006,0.205,0.205,0.205,
05/31/1997,3961.190918,,,-3921.780029,,,39.410889,,,,,39.410999,-25.433,,31.0,,0.0,,-5.567,13.977999,-54.400002,-40.422001,0.0,,,-40.422003,0.0,-40.422001,0.0,,-40.422001,-40.422001,,292.221984,-0.14,-0.14,0.455,292.21875,-0.14,-0.14,0.455,
08/31/1997,3866.490967,,,-2667.021973,,,1199.468994,,-895.564026,,,303.904999,-19.118999,,29.667999,,0.0,,-10.549,284.786,-120.009003,164.776993,0.0,,,164.776997,0.0,164.776993,0.0,,164.776993,164.776993,,292.674012,0.565,0.565,0.565,297.418,0.555,0.555,0.555,
11/30/1997,3942.018066,,,-2741.86792,,,1200.150146,,-911.200989,,,288.949005,-32.230001,,32.110001,,0.0,,0.12,256.719004,-106.894997,149.824005,0.0,,,149.824007,0.0,149.824005,0.0,,149.824005,149.824005,,292.950012,0.51,0.51,0.51,298.556,0.5,0.5,0.5,
02/28/1998,3986.303955,,,-2884.73291,,,1101.571045,,-934.190002,,,167.380997,-103.710999,,34.473,,0.0,,69.237999,63.669998,-50.834,12.836,-4.875,,,17.710998,0.0,17.711,0.0,,17.711,17.711,,293.48001,0.06,0.045,0.325,298.317994,0.06,0.045,0.325,
05/31/1998,4077.99707,,,,,,,,-3755.572021,,,322.424988,-28.107,,27.9,,0.0,,0.207,294.317988,-123.599998,170.718002,0.0,,,170.71799,0.0,170.718002,0.0,,170.718002,170.718002,,294.5,0.58,0.58,0.58,299.338012,0.57,0.57,0.57,
08/31/1998,4082.302002,,,-2850.503906,,,1231.798096,,-947.955017,,,283.842987,-28.494999,,25.233999,,0.0,,3.261,255.347988,-105.969002,149.378998,0.0,,,149.378986,0.0,149.378998,0.0,,149.378998,149.378998,,294.868012,0.51,0.51,0.51,298.742004,0.5,0.5,0.5,
11/30/1998,4209.236816,,,-2907.763916,,,1301.4729,,-964.486023,,,336.987,-24.583004,,24.853001,,0.0,,-0.269997,312.403996,-129.647995,182.755997,0.0,,,182.756001,0.0,182.755997,0.0,,182.755997,182.755997,,295.108002,0.62,0.62,0.62,297.85199,0.61,0.61,0.61,
02/28/1999,4098.417969,,,-2911.830078,,,1186.587891,,-1034.550049,,,152.037994,-30.769,,25.159,,0.0,,5.61,121.268994,-43.436001,77.833,0.0,,,77.832993,0.0,77.833,0.0,,77.833,77.833,,296.328002,0.26,0.26,0.445,301.944,0.26,0.26,0.44,
05/31/1999,4383.513184,,,-2992.156006,,,1391.357178,,-1001.138977,,,390.217987,-18.175,,22.945,,0.0,,-4.77,372.042987,-150.677994,221.365005,0.0,,,221.364993,0.0,221.365005,0.0,,221.365005,221.365005,,298.0,0.74,0.74,0.74,304.0,0.73,0.73,0.73,
08/31/1999,4319.977051,,,-3049.570068,,,1270.406982,,-986.599976,,,283.807007,-20.927,,20.059,,0.0,,0.868,262.880007,-103.846001,159.033997,0.0,,,159.034006,0.0,159.033997,0.0,0.0,159.033997,159.033997,,298.170013,0.53,0.53,0.53,303.84201,0.52,0.52,0.52,
11/30/1999,4570.104004,,,-3215.186035,,,1354.917969,,-1050.383057,,,304.535004,-21.607001,,26.589001,,0.0,,-4.982,282.928003,-111.745003,171.182999,0.0,,,171.183,0.0,171.182999,0.0,0.0,171.182999,171.182999,,293.415009,0.58,0.58,0.58,298.080994,0.57,0.57,0.57,
02/29/2000,4518.057129,,,-3280.464111,,,1237.593018,,-1031.120972,,,206.472,-19.474,,30.282,,0.0,,-10.808,186.998,-73.870003,113.127998,0.0,,,113.127997,0.0,113.127998,0.0,0.0,113.127998,113.127998,,289.294006,0.39,0.39,0.39,293.666992,0.39,0.39,0.39,
05/31/2000,4848.807129,,,-3339.687012,,,1509.120117,,-1082.859985,,,426.26001,-21.325999,,29.129999,,0.0,,-7.804,404.934011,-159.942993,244.990997,0.0,,,244.991017,0.0,244.990997,0.0,0.0,244.990997,244.990997,,286.0,0.86,0.86,0.86,290.0,0.85,0.85,0.85,
08/31/2000,4778.73584,,,-3373.014893,,,1405.720947,,-1094.754028,,,310.96701,-36.722001,,34.318001,,0.0,,2.404,274.245009,-105.584999,168.660004,0.0,,,168.66001,0.0,168.660004,0.0,0.0,168.660004,168.660004,,284.714996,0.59,0.59,0.59,288.725006,0.58,0.58,0.58,
11/30/2000,4894.920898,,,-3469.194092,,,1425.726807,,-1080.314941,,,345.411987,-30.284002,,35.337002,,0.0,,-5.053,315.127985,-121.323997,193.804001,0.0,,,193.803988,0.0,193.804001,0.0,0.0,193.804001,193.804001,,285.083008,0.68,0.68,0.68,289.824005,0.67,0.67,0.67,
02/28/2001,4838.779785,,,-3555.458984,,,1283.320801,,-1092.015991,,,191.304993,-32.815999,,34.196999,,0.0,,-1.381,158.488994,-49.799999,108.689003,0.0,,,108.688995,0.0,,0.0,0.0,,,,288.042999,0.38,0.38,0.38,292.570007,0.37,0.37,0.37,
05/31/2001,5117.0,,,-3959.0,,,1158.0,,-935.0,,,223.0,-43.0,,,,,,43.0,180.0,-67.0,113.0,,,,113.0,,113.0,,,113.0,113.0,,297.0,0.38,0.38,0.38,302.0,0.38,0.38,0.38,
08/31/2001,5037.0,,,-3739.0,,,1298.0,,-1063.0,,,235.0,-35.0,,38.0,,0.0,,-3.0,200.0,-76.0,124.0,15.0,,,109.0,0.0,109.0,0.0,0.0,109.0,109.0,,298.0,0.37,0.42,0.42,302.0,0.36,0.41,0.41,
11/30/2001,5135.0,,,-3792.0,,,1343.0,,-1026.0,,,317.0,78.0,,36.0,,0.0,,-114.0,395.0,-150.0,245.0,0.0,,,245.0,0.0,245.0,0.0,0.0,245.0,245.0,,298.0,0.82,0.82,0.58,302.0,0.81,0.81,0.57,
02/28/2002,5019.0,,,-3717.0,,,1302.0,,-1065.0,,,237.0,-43.0,,36.0,,0.0,,7.0,194.0,-74.0,120.0,0.0,,,120.0,0.0,120.0,0.0,0.0,120.0,120.0,,298.0,0.4,0.4,0.4,304.0,0.39,0.39,0.39,
05/31/2002,5416.0,,,-3920.0,,,1496.0,,-1083.0,,,413.0,-42.0,,29.0,,0.0,,13.0,371.0,-135.0,236.0,0.0,,,236.0,0.0,236.0,0.0,0.0,236.0,236.0,,298.0,0.79,0.79,0.79,304.0,0.78,0.78,0.78,
08/31/2002,5445.0,,,-4021.0,,,1424.0,,-1141.0,,,283.0,-28.0,,31.0,,0.0,,-3.0,255.0,-97.0,158.0,0.0,,,158.0,0.0,158.0,0.0,0.0,158.0,158.0,,298.0,0.53,0.53,0.53,302.0,0.52,0.52,0.52,
11/30/2002,5667.0,,,-4091.0,,,1576.0,,-1149.0,,,427.0,-32.0,,28.0,,0.0,,4.0,395.0,-150.0,245.0,0.0,,,245.0,0.0,245.0,0.0,0.0,245.0,245.0,,298.0,0.82,0.82,0.82,303.0,0.81,0.81,0.81,
02/28/2003,5545.0,,,-4137.0,,,1408.0,,-1139.0,,,269.0,-32.0,,29.0,,0.0,,3.0,237.0,-90.0,147.0,0.0,,,147.0,0.0,147.0,0.0,0.0,147.0,147.0,,298.0,0.49,0.49,0.49,303.0,0.49,0.49,0.49,
05/31/2003,5830.0,,,-4187.0,,,1643.0,,-1151.0,,,492.0,-41.0,,30.0,,0.0,,11.0,451.0,-171.0,280.0,0.0,,,280.0,0.0,280.0,0.0,0.0,280.0,280.0,,298.0,0.94,0.94,0.94,303.0,0.92,0.92,0.92,
08/31/2003,5687.0,,,-4210.0,,,1477.0,,-1145.0,,,332.0,-136.0,,5.0,,0.0,,131.0,196.0,-68.0,128.0,0.0,,,128.0,0.0,128.0,0.0,0.0,128.0,128.0,,298.0,0.43,0.43,0.62,303.0,0.42,0.42,0.61,
11/30/2003,5920.0,,,-4280.0,,,1640.0,,-1174.0,,,466.0,-320.0,,35.0,,0.0,,285.0,146.0,-55.0,91.0,0.0,,,91.0,0.0,91.0,0.0,0.0,91.0,91.0,,298.0,0.31,0.31,0.9,304.0,0.3,0.3,0.87,
02/29/2004,6062.0,,,-4455.0,,,1607.0,,-1221.0,,,386.0,-52.0,,36.0,,0.0,,16.0,334.0,-127.0,207.0,0.0,,,207.0,0.0,207.0,0.0,0.0,207.0,207.0,,299.0,0.69,0.69,0.72,303.0,0.68,0.68,0.71,
05/31/2004,7041.0,,,-5373.0,,,1668.0,,-983.0,,,685.0,-42.0,,,,,,42.0,643.0,-231.0,412.0,,,,412.0,,412.0,,,412.0,412.0,,,,,,304.0,1.36,1.36,1.36,
08/31/2004,6975.0,,,-4989.0,,,1986.0,0.0,-1407.0,,,579.0,-45.0,13.0,39.0,,0.0,,32.0,534.0,-204.0,330.0,0.0,,,330.0,0.0,169.0,0.0,0.0,169.0,169.0,,300.0,0.563333,0.563333,0.563333,300.0,0.563333,0.563333,0.563333,
11/30/2004,7334.0,,,-5216.0,,,2118.0,,-1470.0,,,648.0,-94.0,,38.0,,0.0,,56.0,554.0,-200.0,354.0,0.0,,,354.0,0.0,354.0,0.0,0.0,354.0,354.0,,301.0,1.18,1.18,1.24,307.0,1.15,1.15,1.21,
02/28/2005,7339.0,,,-5710.0,,,1629.0,,-1077.0,,,552.0,-38.0,34.0,34.0,,0.0,,4.0,514.0,-197.0,317.0,0.0,,,317.0,0.0,317.0,0.0,0.0,317.0,317.0,,302.0,1.05,1.05,1.05,308.0,1.03,1.03,1.03,
05/31/2005,7715.0,,,-5907.0,,,1808.0,,-1068.0,,,740.0,-29.0,28.0,49.0,,0.0,,1.0,711.0,-263.0,448.0,0.0,,,448.0,0.0,448.0,0.0,0.0,448.0,448.0,,301.0,1.49,1.49,1.49,308.0,1.46,1.46,1.46,
08/31/2005,7707.0,,,-6064.0,,,1643.0,,-1059.0,,,584.0,-35.0,24.0,24.0,,0.0,,11.0,549.0,-210.0,339.0,0.0,,,339.0,0.0,339.0,0.0,0.0,339.0,339.0,49.0,303.0,1.12,1.12,1.28,308.0,1.1,1.1,1.25,
11/30/2005,8090.0,,,-6199.0,,,1891.0,,-1101.0,,,790.0,-30.0,30.0,30.0,,0.0,,0.0,760.0,-289.0,471.0,0.0,,,471.0,0.0,471.0,0.0,0.0,471.0,471.0,,303.0,1.55,1.55,1.55,308.0,1.53,1.53,1.53,
02/28/2006,8003.0,,,-6145.0,,,1858.0,,-1145.0,,,713.0,-30.0,28.0,28.0,,0.0,,2.0,683.0,-255.0,428.0,0.0,,,428.0,0.0,428.0,0.0,0.0,428.0,428.0,,305.0,1.41,1.41,1.41,310.0,1.38,1.38,1.38,
05/31/2006,8494.0,,,-564.0,,,7930.0,0.0,-7003.0,,,927.0,-20.0,22.0,60.0,,0.0,,-2.0,907.0,-339.0,568.0,0.0,,,568.0,0.0,568.0,0.0,0.0,568.0,568.0,,305.0,1.86,1.86,1.86,312.0,1.82,1.82,1.82,
08/31/2006,8545.0,,,-6606.0,,,1939.0,,-1155.0,,,784.0,-14.0,9.0,9.0,,0.0,,5.0,770.0,-295.0,475.0,0.0,,,475.0,0.0,475.0,0.0,0.0,475.0,475.0,,306.0,1.55,1.55,1.55,310.0,1.53,1.53,1.53,
11/30/2006,8926.0,,,-6888.0,,,2038.0,,-1199.0,,,839.0,-16.0,17.0,17.0,,0.0,,-1.0,823.0,-312.0,511.0,0.0,,,511.0,0.0,511.0,0.0,0.0,511.0,511.0,77.75,307.0,1.67,1.67,1.92,311.0,1.64,1.64,1.89,
02/28/2007,8592.0,,,-6783.0,,,1809.0,,-1168.0,,,641.0,-12.0,11.0,11.0,,0.0,,1.0,629.0,-209.0,420.0,0.0,,,420.0,0.0,420.0,0.0,0.0,420.0,420.0,-6.22,307.0,1.37,1.37,1.35,311.0,1.35,1.35,1.33,
05/31/2007,9151.0,,,-591.0,,,8560.0,0.0,-5212.0,,,3348.0,-19.0,,16.0,,0.0,,3.0,3329.0,-383.0,2946.0,0.0,,,2946.0,0.0,2946.0,0.0,0.0,2946.0,2946.0,,619.0,3.94,5.92,1.92,311.0,1.96,1.96,1.9,
08/31/2007,9199.0,,,-7082.0,,,2117.0,0.0,-1303.0,,,814.0,-27.0,25.0,25.0,,0.0,,2.0,787.0,-293.0,494.0,0.0,,,494.0,0.0,494.0,0.0,0.0,494.0,494.0,,308.0,1.6,1.6,1.6,312.0,1.58,1.58,1.58,
11/30/2007,9451.0,,,-7318.0,,,2133.0,0.0,-1350.0,,,783.0,-15.0,15.0,15.0,,0.0,,0.0,768.0,-289.0,479.0,0.0,,,479.0,0.0,479.0,0.0,0.0,479.0,479.0,,309.0,1.55,1.55,1.55,312.0,1.54,1.54,1.54,
02/29/2008,9437.0,,,-7487.0,,,1950.0,,-1309.0,,,641.0,-13.0,10.0,10.0,,0.0,,3.0,628.0,-235.0,393.0,0.0,,,393.0,0.0,393.0,0.0,0.0,393.0,393.0,,309.0,1.27,1.27,1.27,312.0,1.26,1.26,1.26,
05/31/2008,9866.0,,,-7813.0,,,2053.0,0.0,-1334.0,,,719.0,-886.0,4.0,,,0.0,,882.0,-167.0,-74.0,-241.0,0.0,,,-241.0,0.0,-241.0,0.0,0.0,-241.0,-241.0,696.0,310.0,-0.78,-0.78,1.465,310.0,-0.78,-0.78,1.465,
08/31/2008,9970.0,9970.0,,-8037.0,7545.0,492.0,1933.0,0.0,-1303.0,,1303.0,630.0,-12.0,9.0,18.0,-9.0,,,3.0,618.0,-234.0,384.0,0.0,0.0,0.0,384.0,0.0,384.0,0.0,0.0,384.0,384.0,0.0,311.0,1.24,1.24,1.24,313.0,1.23,1.23,1.23,
11/30/2008,9538.0,9538.0,,-7414.0,6923.0,491.0,2124.0,0.0,-1340.0,,1340.0,784.0,-10.0,10.0,18.0,-8.0,,,0.0,774.0,-281.0,493.0,0.0,0.0,0.0,493.0,0.0,493.0,0.0,0.0,493.0,493.0,0.0,311.0,1.59,1.59,1.59,312.0,1.59,1.59,1.59,
02/28/2009,8137.0,8137.0,,-6664.0,6168.0,496.0,1473.0,0.0,-1291.0,,1291.0,182.0,-23.0,19.0,25.0,-6.0,,,4.0,159.0,-62.0,97.0,0.0,0.0,0.0,97.0,0.0,97.0,0.0,0.0,97.0,97.0,0.0,311.0,0.31,0.31,0.31,312.0,0.31,0.31,0.31,
05/31/2009,7852.0,7852.0,,-6299.0,5803.0,496.0,1553.0,0.0,-2402.0,,2402.0,-849.0,-25.0,21.0,24.0,-3.0,,,4.0,-874.0,-2.0,-876.0,0.0,0.0,0.0,-876.0,0.0,-876.0,0.0,0.0,-876.0,206.6,1082.6,311.0,-2.82,-2.82,0.664309,311.0,-2.82,-2.82,0.661029,
08/31/2009,8009.0,8009.0,,-6571.0,6076.0,495.0,1438.0,0.0,-1123.0,,1123.0,315.0,-21.0,18.0,21.0,-3.0,,,3.0,294.0,-113.0,181.0,0.0,0.0,0.0,181.0,0.0,181.0,0.0,0.0,181.0,181.0,0.0,312.0,0.58,0.58,0.58,312.0,0.58,0.58,0.58,
11/30/2009,8596.0,8596.0,,-6813.0,6326.0,487.0,1783.0,0.0,-1212.0,,1212.0,571.0,-24.0,15.0,17.0,-2.0,,,9.0,547.0,-202.0,345.0,0.0,0.0,0.0,345.0,0.0,345.0,0.0,0.0,345.0,345.0,0.0,312.0,1.1,1.1,1.1,314.0,1.1,1.1,1.1,
02/28/2010,8701.0,8701.0,,-7064.0,6576.0,488.0,1637.0,0.0,-1221.0,,1221.0,416.0,-35.0,19.0,20.0,-1.0,,,16.0,381.0,-142.0,239.0,0.0,0.0,0.0,239.0,0.0,239.0,0.0,0.0,239.0,239.0,0.0,312.0,0.76,0.76,0.76,315.0,0.76,0.76,0.76,
05/31/2010,9428.0,9428.0,,-7445.0,6957.0,488.0,1983.0,0.0,-1287.0,,1287.0,696.0,-24.0,19.0,21.0,-2.0,,,5.0,672.0,-253.0,419.0,0.0,0.0,0.0,419.0,0.0,419.0,0.0,0.0,419.0,430.7,11.7,316.0,1.33,1.33,1.362975,316.0,1.33,1.33,1.362975,
08/31/2010,9457.0,9457.0,,-7614.0,7135.0,479.0,1843.0,0.0,-1215.0,,1215.0,628.0,-25.0,18.0,19.0,-1.0,,,7.0,603.0,-223.0,380.0,0.0,0.0,0.0,380.0,0.0,380.0,0.0,0.0,380.0,380.0,0.0,314.0,1.21,1.21,1.21,315.0,1.2,1.2,1.2,
11/30/2010,9632.0,9632.0,,-7710.0,7208.0,502.0,1922.0,0.0,-1453.0,,1453.0,469.0,-32.0,23.0,26.0,-3.0,,,9.0,437.0,-154.0,283.0,0.0,0.0,0.0,283.0,0.0,283.0,0.0,0.0,283.0,368.32,85.32,314.0,0.9,0.9,1.172994,316.0,0.89,0.89,1.16,
02/28/2011,9663.0,9663.0,,-7917.0,7424.0,493.0,1746.0,0.0,-1353.0,,1353.0,393.0,-33.0,24.0,26.0,-2.0,,,9.0,360.0,-129.0,231.0,0.0,0.0,0.0,231.0,0.0,231.0,0.0,0.0,231.0,244.65,13.65,317.0,0.73,0.73,0.771767,317.0,0.73,0.73,0.771767,
05/31/2011,10552.0,10552.0,,-8274.0,7775.0,499.0,2278.0,0.0,-1390.0,0.0,1390.0,888.0,-23.0,12.0,15.0,-3.0,0.0,0.0,11.0,865.0,-307.0,558.0,0.0,0.0,0.0,558.0,0.0,558.0,0.0,0.0,558.0,559.3,1.3,318.0,1.75,1.75,1.758805,318.0,1.75,1.75,1.754088,
08/31/2011,10521.0,10521.0,,-8446.0,7937.0,509.0,2075.0,0.0,-1338.0,,1338.0,737.0,-13.0,11.0,13.0,-2.0,,,2.0,724.0,-260.0,464.0,0.0,0.0,0.0,464.0,0.0,464.0,0.0,0.0,464.0,464.0,0.0,316.0,1.46,1.46,1.46,318.0,1.46,1.46,1.46,
11/30/2011,10587.0,10587.0,,-8410.0,7892.0,518.0,2177.0,0.0,-1397.0,,1397.0,780.0,-3.0,7.0,9.0,-2.0,,,-4.0,777.0,-280.0,497.0,0.0,0.0,0.0,497.0,0.0,497.0,0.0,0.0,497.0,497.0,0.0,315.0,1.57,1.57,1.57,316.0,1.57,1.57,1.57,
02/29/2012,10564.0,10564.0,,-8500.0,7957.0,543.0,2064.0,0.0,-1251.0,,1251.0,813.0,-21.0,12.0,15.0,-3.0,,,9.0,792.0,-271.0,521.0,0.0,0.0,0.0,521.0,0.0,521.0,0.0,0.0,521.0,489.4,-31.6,314.0,1.66,1.66,1.558599,316.0,1.65,1.65,1.55,
05/31/2012,11008.0,11008.0,,-8614.0,8071.0,543.0,2394.0,0.0,-1538.0,,1538.0,856.0,-8.0,9.0,15.0,-6.0,,0.0,-1.0,848.0,-298.0,550.0,0.0,0.0,0.0,550.0,0.0,550.0,0.0,0.0,550.0,634.0,84.0,317.0,1.73,1.73,2.0,317.0,1.73,1.73,1.994984,
08/31/2012,10792.0,10792.0,,-8654.0,8081.0,573.0,2138.0,0.0,-1396.0,,1396.0,742.0,-15.0,10.0,12.0,-2.0,,,5.0,727.0,-268.0,459.0,0.0,0.0,0.0,459.0,0.0,459.0,0.0,0.0,459.0,461.6,2.6,315.0,1.46,1.46,1.465397,316.0,1.45,1.45,1.458228,
11/30/2012,11107.0,11107.0,,-8961.0,8369.0,592.0,2146.0,0.0,-1428.0,,1428.0,718.0,-26.0,18.0,23.0,-5.0,,,8.0,692.0,-254.0,438.0,0.0,0.0,0.0,438.0,0.0,438.0,0.0,0.0,438.0,446.45,8.45,314.0,1.39,1.39,1.421815,315.0,1.39,1.39,1.416825,
02/28/2013,10953.0,10953.0,,-8899.0,8300.0,599.0,2054.0,0.0,-1465.0,,1465.0,589.0,-25.0,9.0,19.0,-10.0,,,16.0,564.0,-203.0,361.0,0.0,0.0,0.0,361.0,0.0,361.0,0.0,0.0,361.0,391.0,30.0,315.0,1.14,1.14,1.24127,317.0,1.13,1.13,1.224637,
05/31/2013,11435.0,11435.0,,-8898.0,8276.0,622.0,2537.0,0.0,-2035.0,0.0,2035.0,502.0,-30.0,24.0,28.0,-4.0,,,6.0,472.0,-169.0,303.0,0.0,0.0,0.0,303.0,0.0,303.0,0.0,0.0,303.0,679.0,376.0,317.0,0.96,0.96,2.141956,319.0,0.95,0.95,2.13,
08/31/2013,11024.0,11024.0,,-8819.0,8180.0,639.0,2205.0,0.0,-1410.0,,1410.0,795.0,-29.0,27.0,31.0,-4.0,,,2.0,766.0,-277.0,489.0,0.0,0.0,0.0,489.0,0.0,489.0,0.0,0.0,489.0,489.0,0.0,316.0,1.54,1.54,1.54,319.0,1.53,1.53,1.53,
11/30/2013,11403.0,11403.0,,-9002.0,8355.0,647.0,2401.0,0.0,-1478.0,,1478.0,923.0,-35.0,30.0,33.0,-3.0,,,5.0,888.0,-329.0,559.0,0.0,0.0,0.0,559.0,0.0,559.0,0.0,0.0,559.0,559.0,0.0,315.0,1.774603,1.774603,1.774603,319.0,1.752351,1.752351,1.752351,
02/28/2014,11301.0,11301.0,,-9145.0,8493.0,652.0,2156.0,0.0,-1515.0,,1515.0,641.0,-47.0,38.0,42.0,-4.0,,,9.0,594.0,-216.0,378.0,0.0,0.0,0.0,378.0,0.0,378.0,0.0,0.0,378.0,378.0,0.0,303.0,1.24,1.24,1.24,307.0,1.23,1.23,1.23,
05/31/2014,11839.0,11839.0,,-9036.0,8387.0,649.0,2803.0,0.0,-1539.0,0.0,1539.0,1264.0,-46.0,47.0,54.0,-7.0,0.0,0.0,-1.0,1218.0,-438.0,780.0,0.0,0.0,0.0,780.0,0.0,780.0,0.0,0.0,780.0,788.88,8.88,293.0,2.66,2.66,2.692423,296.0,2.46,2.46,2.49,
08/31/2014,11684.0,11684.0,,-9155.0,8504.0,651.0,2529.0,0.0,-1467.0,,1467.0,1062.0,-50.0,48.0,51.0,-3.0,,,2.0,1012.0,-359.0,653.0,0.0,0.0,0.0,653.0,0.0,653.0,0.0,0.0,653.0,653.0,0.0,285.0,2.29,2.29,2.29,289.0,2.26,2.26,2.26,
11/30/2014,11939.0,11939.0,,-9323.0,8672.0,651.0,2616.0,0.0,-1528.0,,1528.0,1088.0,-42.0,47.0,51.0,-4.0,,,-5.0,1046.0,-383.0,663.0,0.0,0.0,0.0,663.0,0.0,663.0,0.0,0.0,663.0,663.0,0.0,283.0,2.34,2.34,2.34,287.0,2.31,2.31,2.31,
02/28/2015,11716.0,11716.0,,-9153.0,8501.0,652.0,2563.0,0.0,-1525.0,,1525.0,1038.0,-53.0,58.0,62.0,-4.0,,,-5.0,985.0,-357.0,628.0,0.0,0.0,0.0,628.0,0.0,628.0,0.0,0.0,628.0,628.0,0.0,283.0,2.21,2.21,2.21,287.0,2.18,2.18,2.18,
05/31/2015,12114.0,12114.0,,-9074.0,8417.0,657.0,3040.0,0.0,-4361.0,,4361.0,-1321.0,-95.0,68.0,71.0,-3.0,,,27.0,-1416.0,521.0,-895.0,0.0,0.0,0.0,-895.0,0.0,-895.0,0.0,0.0,-895.0,795.0,1690.0,283.0,-3.16,-3.16,2.809187,283.0,-3.16,-3.16,2.809187,
08/31/2015,12279.0,12279.0,,-9472.0,8824.0,648.0,2807.0,0.0,-1663.0,,1663.0,1144.0,-60.0,63.0,68.0,-5.0,,,-3.0,1084.0,-392.0,692.0,0.0,0.0,0.0,692.0,0.0,692.0,0.0,0.0,692.0,692.0,0.0,282.0,2.45,2.45,2.45,286.0,2.42,2.42,2.42,
11/30/2015,12453.0,12453.0,,-9587.0,8934.0,653.0,2866.0,0.0,-1729.0,,1729.0,1137.0,-82.0,74.0,78.0,-4.0,,,8.0,1055.0,-364.0,691.0,0.0,0.0,0.0,691.0,0.0,691.0,0.0,0.0,691.0,728.0,37.0,279.0,2.47,2.47,2.609319,283.0,2.44,2.44,2.570742,
02/29/2016,12654.0,12796.0,-142.0,-9783.0,9120.0,663.0,2871.0,0.0,-2007.0,,2007.0,864.0,-82.0,81.0,87.0,-6.0,,,1.0,782.0,-275.0,507.0,0.0,0.0,0.0,507.0,0.0,507.0,0.0,0.0,507.0,507.0,0.0,272.0,1.86,1.86,1.86,275.0,1.84,1.84,1.84,
05/31/2016,12979.0,13022.0,-43.0,-9697.0,9030.0,667.0,3282.0,0.0,-3350.0,,3350.0,-68.0,-113.0,97.0,103.0,-6.0,,,16.0,-181.0,111.0,-70.0,0.0,0.0,0.0,-70.0,0.0,-70.0,0.0,0.0,-70.0,897.0,967.0,269.230769,-0.26,-0.26,3.331714,269.230769,-0.26,-0.26,3.331714,
08/31/2016,14663.0,14663.0,,-11328.0,10589.0,739.0,3335.0,0.0,-2071.0,,2071.0,1264.0,-122.0,113.0,119.0,-6.0,,,9.0,1142.0,-427.0,715.0,0.0,0.0,0.0,715.0,0.0,715.0,0.0,0.0,715.0,760.0,45.0,265.0,2.69,2.69,2.867925,269.0,2.65,2.65,2.817286,
11/30/2016,14931.0,14931.0,,-11563.0,10823.0,740.0,3368.0,0.0,-2201.0,,2201.0,1167.0,-89.0,119.0,123.0,-4.0,,,-30.0,1078.0,-378.0,700.0,0.0,0.0,0.0,700.0,0.0,700.0,0.0,0.0,700.0,778.4,78.4,266.0,2.63,2.63,2.926316,270.0,2.59,2.59,2.88037,
02/28/2017,14997.0,15138.0,-141.0,-11812.0,11050.0,762.0,3185.0,0.0,-2160.0,,2160.0,1025.0,-126.0,122.0,128.0,-6.0,,,4.0,899.0,-337.0,562.0,0.0,0.0,0.0,562.0,0.0,562.0,0.0,0.0,562.0,625.0,63.0,266.0,2.11,2.11,2.349624,271.0,2.07,2.07,2.302472,
05/31/2017,15728.0,15885.0,-157.0,-11832.0,11078.0,754.0,3896.0,0.0,-2315.0,0.0,2315.0,1581.0,-121.0,125.0,142.0,-17.0,,0.0,-4.0,1460.0,-440.0,1020.0,0.0,0.0,0.0,1020.0,0.0,1020.0,0.0,0.0,1020.0,1138.0,118.0,267.0,3.81,3.81,4.262172,271.0,3.75,3.75,4.185424,
08/31/2017,15297.0,15297.0,,-12056.0,11305.0,751.0,3241.0,0.0,-2270.0,,2270.0,971.0,11.0,114.0,125.0,-11.0,,,-125.0,982.0,-386.0,596.0,0.0,0.0,0.0,596.0,0.0,596.0,0.0,0.0,596.0,683.0,87.0,268.0,2.22,2.22,2.548507,272.0,2.19,2.19,2.509853,
11/30/2017,16313.0,16313.0,,-12803.0,12047.0,756.0,3510.0,0.0,-2395.0,,2395.0,1115.0,24.0,124.0,124.0,0.0,,,-148.0,1139.0,-364.0,775.0,0.0,0.0,0.0,775.0,0.0,775.0,0.0,0.0,775.0,775.0,0.0,268.0,2.89,2.89,2.89,272.0,2.84,2.84,2.84,
02/28/2018,16526.0,15936.0,590.0,-13260.0,12474.0,786.0,3266.0,0.0,-2408.0,,2408.0,858.0,16.0,125.0,125.0,0.0,,,-141.0,874.0,1200.0,2074.0,0.0,0.0,0.0,2074.0,0.0,2074.0,0.0,0.0,2074.0,980.0,-1094.0,268.0,7.74,7.74,3.656716,273.0,7.59,7.59,3.582674,
05/31/2018,17314.0,16694.0,620.0,-13077.0,12275.0,802.0,4237.0,0.0,-2747.0,0.0,2747.0,1490.0,-132.0,147.0,163.0,-16.0,,0.0,-15.0,1358.0,-231.0,1127.0,0.0,0.0,0.0,1127.0,0.0,1127.0,0.0,0.0,1127.0,1605.0,478.0,266.43026,4.23,4.23,6.024091,271.0,4.15,4.15,5.913838,
08/31/2018,17052.0,15989.0,1063.0,-13579.0,12771.0,808.0,3473.0,0.0,-2402.0,,2402.0,1071.0,30.0,112.0,138.0,-26.0,,,-142.0,1101.0,-266.0,835.0,0.0,0.0,0.0,835.0,0.0,835.0,0.0,0.0,835.0,933.0,98.0,265.0,3.15,3.15,3.520755,269.0,3.1,3.1,3.464312,
11/30/2018,17824.0,17824.0,,-14073.0,13245.0,828.0,3751.0,0.0,-2583.0,,2583.0,1168.0,9.0,131.0,131.0,0.0,,,-140.0,1177.0,-242.0,935.0,0.0,0.0,0.0,935.0,0.0,935.0,0.0,0.0,935.0,935.0,0.0,262.0,3.56,3.56,3.56,266.0,3.51,3.51,3.51,
02/28/2019,17010.0,16020.0,990.0,-13612.0,12761.0,851.0,3398.0,0.0,-2487.0,,2487.0,911.0,20.0,135.0,135.0,0.0,,,-155.0,931.0,-192.0,739.0,0.0,0.0,0.0,739.0,0.0,739.0,0.0,0.0,739.0,797.0,58.0,261.0,2.83,2.83,3.05364,263.0,2.8,2.8,3.020532,
05/31/2019,17807.0,17218.0,589.0,-13602.0,12736.0,866.0,4205.0,0.0,-2889.0,,2889.0,1316.0,-3870.0,136.0,136.0,0.0,,,3734.0,-2554.0,585.0,-1969.0,0.0,0.0,0.0,-1969.0,0.0,-1969.0,0.0,0.0,-1969.0,1320.0,3289.0,260.0,-7.56,-7.56,5.076923,260.0,-7.56,-7.56,5.076923,
08/31/2019,17048.0,16033.0,1015.0,-13552.0,12673.0,879.0,3496.0,0.0,-2519.0,,2519.0,977.0,19.0,137.0,137.0,0.0,,,-156.0,996.0,-251.0,745.0,0.0,0.0,0.0,745.0,0.0,745.0,0.0,0.0,745.0,800.0,55.0,260.0,2.86,2.86,3.076923,262.0,2.84,2.84,3.049924,
11/30/2019,17324.0,17324.0,,-14052.0,13151.0,901.0,3272.0,0.0,-2718.0,,2718.0,554.0,18.0,151.0,151.0,0.0,,,-169.0,572.0,-12.0,560.0,0.0,0.0,0.0,560.0,0.0,560.0,0.0,0.0,560.0,660.0,100.0,261.0,2.15,2.15,2.528736,262.0,2.13,2.13,2.511679,
02/29/2020,17487.0,16513.0,974.0,-14375.0,13467.0,908.0,3112.0,0.0,-2701.0,,2701.0,411.0,9.0,155.0,155.0,0.0,,,-164.0,420.0,-105.0,315.0,0.0,0.0,0.0,315.0,0.0,315.0,0.0,0.0,315.0,371.0,56.0,261.0,1.21,1.21,1.421456,262.0,1.2,1.2,1.41374,
05/31/2020,17358.0,16576.0,782.0,-13894.0,12967.0,927.0,3464.0,0.0,-2989.0,,2989.0,475.0,-794.0,174.0,174.0,0.0,,,620.0,-319.0,-15.0,-334.0,0.0,0.0,0.0,-334.0,0.0,-334.0,0.0,0.0,-334.0,663.0,997.0,261.0,-1.28,-1.28,2.54023,261.0,-1.28,-1.28,2.539923,
08/31/2020,17490.444,,,,,,4510.7855076,,,,,908.071,,,,,,,,877.933,,657.231,,,,,,657.231,,,657.231,650.353,,,2.449,2.449,2.522,,2.449,2.449,2.522,
11/30/2020,17853.667,,,,,,4415.74745911,,,,,847.0,,,,,,,,812.867,,621.077,,,,,,621.077,,,621.077,595.471,,,2.243,2.243,2.336,,2.243,2.243,2.336,
