Date,Revenue,Revenue From Electric,Regulated Electric Revenue,Unregulated Electric Revenue,Revenue from Gas,Revenue from Water,Other Revenue,Intracompany Revenue,Cost of Revenue,Fuel & Purchased Power Cost,Fuel Cost,Purchased Power Cost,Purchased Gas & Water Cost,Other Cost of Revenue,Gross Profit,Operating Expenses,Maintenance Expenses,Depreciation Expenses,Taxes Other Than Income,Other Operating Expense,Operating Income (Loss),Non-Operating (Income) Loss,"Interest Expense, Net",Total Interest Income,AFUDC - Equity,Interest Expense,Interest Expenses on Bonds,AFUDC - Debts,Other Interest Expenses,Other Non-Op (Income) Loss,Pretax Income,Income Tax Expense (Benefit),Income (Loss) from Cont Ops,Net Extraordinary Losses (Gains),Discontinued Operations,XO & Accounting Changes,Income (Loss) Incl. MI,Minority Interest,"Net Income, GAAP",Preferred Dividends,Other Adjustments,"Net Income Avail to Common, GAAP","Net Income Avail to Common, Adj",Net Abnormal Losses (Gains),Basic Weighted Avg Shares,"Basic EPS, GAAP",Basic EPS from Cont Ops,"Basic EPS from Cont Ops, Adjusted",Diluted Weighted Avg Shares,"Diluted EPS, GAAP",Diluted EPS from Cont Ops,"Diluted EPS from Cont Ops, Adjusted",Source: Bloomberg
03/31/1997,604.773987,604.773987,,,0.0,0.0,0.0,,-109.100998,109.100998,109.100998,,0.0,,495.672989,-325.428009,,99.958,61.536999,163.932999,170.244995,-46.468001,,,,59.963001,52.625,-0.38,7.718,-13.495,123.776994,-43.896,79.880997,0.0,,,79.880994,0.0,79.880997,-6.981,,72.899997,72.899997,,144.345001,0.505,0.505,0.505,144.345001,0.505,0.505,0.505,
06/30/1997,593.25,593.25,,,0.0,0.0,0.0,,-100.689003,100.689003,100.689003,,0.0,,492.560997,-323.871002,,86.614998,55.436001,181.820007,168.690002,-45.211999,,,,59.286999,51.713001,-0.381,7.955,-14.075,123.478004,-42.736,80.741997,0.0,,,80.742003,0.0,80.741997,-6.981,,73.760997,73.760997,,144.468002,0.511,0.511,0.511,144.468002,0.511,0.511,0.511,
09/30/1997,652.659973,652.659973,,,0.0,0.0,0.0,,-111.723999,111.723999,111.723999,,0.0,,540.935974,-345.602997,,106.402,58.986,180.214996,195.332993,-45.376999,,,,57.411999,50.799,-1.056,7.669,-12.035,149.955994,-54.277,95.679001,0.0,,,95.678993,0.0,95.679001,-6.981,,88.698001,88.698001,,144.585999,0.613,0.613,0.613,144.585999,0.613,0.613,0.613,
12/31/1997,970.750977,970.750977,,,0.0,0.0,0.0,,-164.753006,164.753006,164.753006,0.0,0.0,,805.997971,-600.507996,0.0,138.455994,106.204002,355.847992,205.490005,-85.311003,,,,104.049004,97.678001,-1.652,8.023,-18.738001,120.179003,-42.889,77.290001,0.0,,,77.290003,0.0,77.290001,-6.875,,70.415001,70.415001,,196.457001,0.358,0.358,0.358,196.457001,0.358,0.358,0.358,
03/31/1998,1199.993042,1199.993042,,,0.0,0.0,0.0,,-209.692993,209.692993,209.692993,,0.0,,990.300049,-667.685974,0.0,167.572998,136.373993,363.739014,322.614014,-112.743,,,0.0,134.306,129.613998,-1.481,6.173,-21.563,209.871014,-76.890999,132.979996,0.0,,,132.980015,0.0,132.979996,-9.328,,123.651996,123.651996,,222.406998,0.555972,0.555972,0.555972,222.406998,0.555972,0.555972,0.555972,
06/30/1998,1463.977051,1463.762939,,,0.0,0.0,0.214,,-326.291992,326.291992,326.291992,,0.0,,1137.685059,-870.85498,,193.690002,135.108002,542.057007,266.829987,-136.205002,,,,136.205002,137.391998,-1.187,0.0,0.0,130.624985,-52.208,78.417,30.521999,,,47.894985,0.0,47.895,-18.462999,,29.432001,29.432001,,223.987,0.13,0.269997,0.27,223.987,0.13,0.27,0.27,
09/30/1998,1721.987061,1458.015015,,,0.0,0.0,263.971985,,-291.22699,291.22699,291.22699,,0.0,,1430.760071,-1002.713989,,198.328995,138.470993,665.914001,428.04599,-133.742996,,,,133.742996,136.203995,-2.461,0.0,0.0,294.302994,-111.643997,182.658997,0.0,,,182.658997,0.0,182.658997,-19.568001,,163.090996,163.090996,,229.481995,0.71,0.71,0.71,229.481995,0.71,0.71,0.71,
12/31/1998,1967.490112,1967.490112,,,0.0,0.0,0.0,,-159.414993,159.414993,159.414993,,0.0,,1808.075119,-1494.948975,,244.578003,140.953003,1109.417969,313.12616,-142.149004,,,,132.188004,134.701004,-2.513,0.0,9.961,170.977156,-57.835999,113.141151,0.0,,,113.141157,0.0,113.141151,-18.440001,,94.701151,94.701151,,229.615997,0.41,0.41,0.41,229.615997,0.41,0.41,0.41,
03/31/1999,1422.552002,1283.323975,,,0.0,0.0,139.227997,,-204.356995,204.356995,204.356995,,0.0,,1218.195007,-841.848999,0.0,191.212997,138.093994,512.541992,376.346008,-126.695999,,,0.0,126.695999,129.380997,-2.685,0.0,0.0,249.650009,-93.547997,156.102005,0.0,,,156.102013,0.0,156.101593,-19.381001,,136.720592,136.720592,,229.139999,0.6,0.6,0.6,229.139999,0.6,0.6,0.6,
06/30/1999,1523.880981,1481.269043,,,0.0,0.0,42.612,,-204.272995,204.272995,204.272995,,0.0,,1319.607986,-945.507019,,215.393997,139.466003,590.646973,374.101013,-127.983002,,,,127.983002,131.358994,-3.376,0.0,0.0,246.118011,-101.417,144.701004,0.0,,,144.701012,0.0,144.701004,-19.379,,125.322004,125.322004,,227.367004,0.55,0.55,0.55,227.367004,0.55,0.55,0.55,
09/30/1999,1732.390991,1533.718018,,,0.0,0.0,198.673004,,-269.755005,269.755005,269.755005,,0.0,,1462.635986,-1021.219971,,321.17099,144.584,555.465027,441.415985,-122.302002,,,,122.302002,125.711998,-3.41,0.0,0.0,319.113983,-114.283997,204.830002,0.0,,,204.829987,0.0,204.830002,-19.007,,185.823002,185.823002,,226.432007,0.82,0.82,0.82,226.432007,0.82,0.82,0.82,
12/31/1999,1645.964966,1160.55603,,,0.0,0.0,485.408997,,-198.598999,198.600998,198.600998,,0.0,,1447.365967,-1103.185059,,211.572998,121.907997,769.703979,344.178986,-118.833,,,,118.833,122.717003,-3.884,0.0,0.0,225.345985,-86.200996,139.145004,0.0,,,139.144989,0.0,139.147003,-18.712,,120.435003,120.435003,,227.235992,0.53,0.53,0.53,227.235992,0.53,0.53,0.53,
03/31/2000,1607.930054,1280.930054,,,0.0,0.0,327.0,,-179.190002,179.190002,179.190002,,0.0,,1428.740051,-1054.895996,0.0,202.084,141.054993,711.757019,373.843994,-116.738998,,,0.0,116.738998,122.843002,-6.104,0.0,0.0,257.104996,-97.899002,159.205994,0.0,,,159.205994,0.0,159.205994,-18.288,,140.917994,140.917994,,224.858994,0.63,0.63,0.63,224.858994,0.63,0.63,0.63,
06/30/2000,1702.104004,1348.685059,,,0.0,0.0,353.419006,,-393.868011,306.352997,306.352997,,87.514999,,1308.235992,-944.143982,,224.794006,137.977005,581.372986,364.09201,-117.221001,,,,117.221001,124.242996,-7.022,0.0,0.0,246.87101,-95.141998,151.729004,0.0,,,151.729012,0.0,151.729004,-17.125,,134.604004,134.604004,,223.542007,0.6,0.6,0.6,223.992996,0.6,0.6,0.6,
09/30/2000,1891.64502,1462.707031,,,0.0,0.0,428.937988,,-200.800995,200.800995,200.800995,,0.0,,1690.844025,-1232.270996,,280.884003,138.054001,813.333008,458.572998,-116.948997,,,,116.948997,123.272003,-6.323,0.0,0.0,341.624001,-129.199997,212.423996,0.0,,,212.424004,0.0,212.421997,-14.237,,198.184997,198.184997,,221.845993,0.89,0.89,0.89,221.845993,0.89,0.89,0.89,
12/31/2000,1827.281982,1102.600952,,,0.0,0.0,724.68103,,-207.936996,207.936996,207.936996,,0.0,,1619.344986,-1310.947021,,225.921997,130.595001,954.429993,308.39801,-115.504997,,,,115.504997,123.114998,-7.61,0.0,0.0,192.893013,-54.561001,138.332001,0.0,,,138.332012,0.0,138.334,-13.071,,125.263,125.263,,219.759995,0.57,0.57,0.57,219.759995,0.57,0.57,0.57,
03/31/2001,1985.740967,1311.28894,,,0.0,0.0,674.452026,,-677.395996,324.57901,324.57901,,352.816986,,1308.344971,-992.039001,,227.214005,119.421997,645.403015,316.306,-109.396004,,,0.0,109.396004,118.219002,-8.823,,0.0,206.909996,-83.768997,123.140999,8.499,,,114.641999,0.0,114.641998,-16.934,0.0,97.707998,97.707998,,218.106995,0.45,0.49,0.51,218.903,0.45,0.49,0.51,
06/30/2001,1804.146,1260.511,,,0.0,0.0,543.635,,-474.085,300.528,300.528,,173.557,,1330.061,-942.638,,206.606,92.186,643.846,387.423,-104.046,,,0.0,104.046,116.342,-12.296,0.0,0.0,283.377,-120.439,162.938,0.0,,,162.938,0.0,162.938,-16.919,0.0,146.019,146.019,,218.372,0.67,0.67,0.67,219.54,0.67,0.67,0.67,
09/30/2001,1951.645996,1437.022949,,,0.0,0.0,514.622986,,-422.089996,300.526001,300.526001,,121.564003,,1529.556,-990.059021,,210.764008,112.292,667.002991,539.497009,-107.452003,,,0.0,107.452003,114.468002,-7.016,0.0,0.0,432.045006,-181.283997,250.761002,0.0,,,250.761009,0.0,250.761002,-16.674,0.0,234.087002,234.087002,,218.593994,1.07,1.07,1.07,220.164993,1.06,1.06,1.06,
12/31/2001,2257.829,1720.213,,,0.0,0.0,537.616,,-667.985,495.892,495.892,,172.093,,1589.844,-1147.948,,244.966,131.44,771.542,441.896,-162.764,,,0.0,162.764,170.102,-7.338,0.0,0.0,279.132,-88.965,190.167,0.0,,,190.167,0.0,190.167,-21.534,0.0,168.633,168.633,,262.974,0.64,0.64,0.64,264.43,0.64,0.64,0.64,
03/31/2002,2853.278076,2053.976074,,,,0.0,799.302002,,-870.267029,664.039978,664.039978,,206.227005,,1983.011047,-1492.074951,,309.373993,171.988007,1010.713013,490.936005,-278.721985,,,0.0,278.721985,260.464996,-5.814,24.070999,0.0,212.21402,-93.945999,118.267998,0.0,,,118.268021,0.0,118.267998,0.0,,118.267998,118.267998,,292.790985,0.4,0.4,0.45,294.343994,0.4,0.4,0.45,
06/30/2002,2898.572998,2210.315918,,,,0.0,688.257019,,-912.242004,766.288025,766.288025,,145.953995,,1986.330994,-1360.416992,,300.404999,145.106003,914.906006,625.914001,-250.281998,,,0.0,250.281998,231.781998,-6.605,25.105,0.0,375.632004,-167.733994,207.897995,0.0,,,207.89801,0.0,207.897995,0.0,,207.897995,207.897995,,293.079987,0.71,0.71,0.71,294.588989,0.71,0.71,0.71,
09/30/2002,3451.184082,2717.460938,,,,0.0,733.723022,,-1370.478027,1274.678955,1274.678955,,95.799004,,2080.706055,-1353.540039,0.0,310.416992,176.850006,866.27301,727.166016,-220.397003,,,0.0,220.397003,212.477005,-6.303,14.223,0.0,506.769012,-221.923996,284.845001,0.0,,,284.845016,0.0,284.845001,0.0,0.0,284.845001,284.845001,,293.328003,0.97,0.97,1.19,294.277008,0.97,0.97,1.19,
12/31/2002,2828.797,1777.335,,,,0.0,1051.462,,-901.274,757.138,757.138,,144.136,,1927.523,-1608.464,0.0,338.454,156.385,1113.625,319.059,-215.805,,,0.0,215.805,206.009,-5.752,15.548,0.0,103.254,-45.211,58.043,88.821,,,-30.778,0.0,-30.778,0.0,0.0,-30.778,-30.778,,293.013,-0.1,0.2,0.7,294.171,-0.1,0.2,0.7,
03/31/2003,3233.756,2315.064,,,,0.0,918.692,,-1422.275,1192.81,1192.81,,229.465,,1811.481,-1402.19,,324.862,178.282,899.046,409.291,-206.04,,,0.0,206.04,200.65,-9.152,14.542,0.0,203.251,-93.773,109.478,-109.024,,,218.502,0.0,218.502,0.0,,218.502,218.502,,293.886,0.74,0.39,0.65,294.877,0.74,0.39,0.65,
06/30/2003,2853.099121,2082.658936,,,,0.0,770.440002,,-1162.130981,1038.317017,1038.317017,,123.814003,,1690.96814,-1456.833984,,354.190002,162.884995,939.758972,234.134003,-191.656006,,,0.0,191.656006,199.278,-7.622,0.0,0.0,42.477997,-18.283001,24.195,68.223003,,,-44.028007,0.0,-44.028,-13.86,0.0,-57.888,-57.888,,294.165985,-0.2,0.03,0.52,295.888,-0.2,0.03,0.52,
09/30/2003,3422.813965,2525.758057,,,,0.0,897.05603,,-1304.620972,1199.407959,1199.407959,,105.212997,,2118.192993,-1513.746948,,389.401001,177.498993,946.846985,604.445984,-309.581001,,,0.0,192.593002,199.106003,-6.513,0.0,116.987999,294.864983,-135.151001,159.714005,-1.026,,,160.739982,0.0,160.740005,-8.021,,152.719006,152.719006,,299.421997,0.51,0.51,0.95,300.751007,0.5,0.5,0.95,
12/31/2003,2798.792,2263.079,,,,0.0,535.713,,-1058.134,924.923,924.923,,133.211,,1740.658,-1404.867,,319.547,120.014,965.306,335.791,-25.989,,,0.0,193.926,202.539,-8.613,0.0,-167.937,309.802,-158.267,151.535,36.157,,,115.378,0.0,115.378,-5.946,,109.432,109.432,,326.856,0.33,0.44,0.42,328.425,0.33,0.44,0.41,
03/31/2004,2996.538,2177.033,,,0.0,0.0,819.505,,-1134.326,1134.326,1134.326,0.0,0.0,,1862.212,-1403.279,,456.052,178.99,768.237,458.933,-166.04,,,0.0,166.04,172.51,-6.47,0.0,0.0,292.893,-115.086,177.807,-1.473,,,179.28,0.0,179.28,-5.281,0.0,173.999,173.999,,327.057,0.53,0.53,0.65,329.034,0.53,0.53,0.65,
06/30/2004,2992.162,2170.57,,,,0.0,821.592,,-1095.135,1095.135,1095.135,,,,1897.027,-1338.956,,417.141,157.732,764.083,558.071,-174.262,,,0.0,174.262,179.542,-5.28,0.0,0.0,383.809,-176.56,207.249,3.204,,,204.045,0.0,204.045,-5.389,0.0,198.656,198.656,,327.284,0.62,0.61,0.61,329.103,0.62,0.61,0.61,
09/30/2004,3385.468018,2526.970947,,,0.0,0.0,858.497009,,-1285.35498,1285.35498,1285.35498,,,,2100.113037,-1438.477051,,471.35199,177.451996,789.672974,661.635986,-145.811996,,,0.0,145.811996,152.348007,-6.536,0.0,0.0,515.82399,-214.345001,301.479004,-2.497,,,303.975989,0.0,303.976013,-5.354,0.0,298.622013,298.622013,,327.498993,0.91,0.9,0.97,329.098999,0.91,0.9,0.96,
12/31/2004,2832.0,2501.0,,,0.0,0.0,331.0,,-955.0,955.0,206.0,749.0,0.0,,1877.0,-1368.0,,409.0,164.0,795.0,509.0,-111.0,,,0.0,159.0,166.0,-7.0,0.0,-48.0,398.0,-167.0,231.0,24.0,,,207.0,0.0,207.0,-5.0,0.0,202.0,202.0,,328.0,0.61,0.69,0.72,329.0,0.61,0.69,0.72,
03/31/2005,2750.0,2437.0,,,0.0,0.0,313.0,,-895.0,895.0,895.0,,0.0,,1855.0,-1463.0,,454.0,185.0,824.0,392.0,-123.0,,,0.0,164.0,164.0,0.0,0.0,-41.0,269.0,-121.0,148.0,-12.0,,,160.0,0.0,160.0,-7.0,0.0,153.0,153.0,,328.0,0.49,0.43,0.48,329.0,0.48,0.42,0.47,
06/30/2005,2843.0,2478.0,,,0.0,0.0,365.0,,-933.0,933.0,933.0,,,,1910.0,-1376.0,,455.0,168.0,753.0,534.0,-110.0,,,0.0,157.0,162.0,-5.0,0.0,-47.0,424.0,-241.0,183.0,5.0,,,178.0,0.0,178.0,-4.0,0.0,174.0,174.0,,328.0,0.54,0.54,0.71,330.0,0.54,0.54,0.71,
09/30/2005,3504.0,3117.0,,,0.0,,387.0,,-1287.0,1287.0,1287.0,,,,2217.0,-1574.0,,518.0,188.0,868.0,643.0,-71.0,,,,154.0,162.0,-8.0,,-83.0,572.0,-237.0,335.0,,,,335.0,,335.0,-3.0,,332.0,332.0,,328.0,1.01,1.01,1.04,330.0,1.01,1.01,1.04,
12/31/2005,2892.0,2514.0,,,0.0,0.0,378.0,,-896.0,896.0,269.0,627.0,,,1996.0,-1490.0,,443.0,172.0,875.0,506.0,-128.0,,,0.0,165.0,172.0,-7.0,0.0,-37.0,1642.0,-155.0,223.0,30.0,,,1457.0,0.0,193.0,-3.0,0.0,190.0,190.0,,328.0,0.58,0.67,0.77,330.0,0.58,0.67,0.77,
03/31/2006,2705.0,2511.0,,,0.0,0.0,194.0,,-998.0,998.0,998.0,,0.0,,1707.0,-1236.0,,369.0,193.0,674.0,471.0,-115.0,,,0.0,158.0,165.0,-7.0,0.0,-43.0,356.0,-135.0,221.0,-2.0,,,223.0,0.0,223.0,-2.0,0.0,221.0,221.0,,329.0,0.67,0.67,0.67,330.0,0.67,0.67,0.67,
06/30/2006,2751.0,2553.0,,,0.0,0.0,198.0,,-991.0,991.0,991.0,,0.0,,1760.0,-1090.0,,345.0,173.0,572.0,670.0,-140.0,,,0.0,171.0,178.0,-7.0,0.0,-31.0,530.0,-216.0,314.0,10.0,,,304.0,0.0,304.0,-2.0,0.0,302.0,302.0,,328.0,0.92,0.94,0.94,330.0,0.91,0.93,0.93,
09/30/2006,3364.0,3115.0,,,0.0,0.0,249.0,,-1317.0,1317.0,1317.0,,0.0,,2047.0,-1188.0,,396.0,187.0,605.0,859.0,-132.0,,,0.0,178.0,185.0,-7.0,0.0,-46.0,727.0,-273.0,454.0,,,,454.0,0.0,454.0,-2.0,0.0,452.0,452.0,,322.0,1.41,1.4,1.41,325.0,1.4,1.39,1.4,
12/31/2006,2680.0,2492.0,,,0.0,0.0,188.0,,-947.0,947.0,283.0,664.0,0.0,,1733.0,-1129.0,,348.0,167.0,614.0,604.0,-160.0,,,0.0,188.0,193.0,-5.0,0.0,-28.0,444.0,-170.0,274.0,,,,274.0,0.0,274.0,-1.0,0.0,273.0,273.0,,318.0,0.85,0.85,0.84,321.0,0.84,0.84,0.83,
03/31/2007,2973.0,2764.0,,,,,209.0,,-1121.0,1121.0,1121.0,,,,1852.0,-1215.0,,407.0,203.0,605.0,637.0,-147.0,,,,180.0,185.0,-5.0,,-33.0,490.0,-200.0,290.0,,,,290.0,,290.0,0.0,0.0,290.0,290.0,,314.0,0.92,0.92,0.92,316.0,0.92,0.92,0.92,
06/30/2007,3109.0,2904.0,,,0.0,0.0,205.0,,-1185.0,1185.0,1185.0,,0.0,,1924.0,-1196.0,,405.0,189.0,602.0,728.0,-168.0,,,0.0,198.0,205.0,-7.0,0.0,-30.0,560.0,-222.0,338.0,,,,338.0,0.0,338.0,0.0,0.0,338.0,338.0,,304.0,1.11,1.11,1.11,308.0,1.1,1.1,1.1,
09/30/2007,3641.0,3394.0,,,,,247.0,,-1495.0,1495.0,1495.0,,,,2146.0,-1296.0,,450.0,197.0,649.0,850.0,-164.0,,,,194.0,203.0,-9.0,,-30.0,686.0,-273.0,413.0,,,,413.0,,413.0,0.0,0.0,413.0,413.0,,304.0,1.36,1.36,1.36,307.0,1.34,1.34,1.34,
12/31/2007,3079.0,2882.0,,,0.0,0.0,197.0,,-1213.0,1213.0,1213.0,,0.0,,1866.0,-1266.0,0.0,395.0,165.0,706.0,600.0,-144.0,,,0.0,171.0,182.0,-11.0,0.0,-27.0,456.0,-188.0,268.0,0.0,,,268.0,0.0,268.0,0.0,0.0,268.0,268.0,,304.0,0.88,0.88,0.9,308.0,0.87,0.87,0.89,
03/31/2008,3277.0,3030.0,,,0.0,0.0,247.0,,-1328.0,1328.0,328.0,1000.0,0.0,,1949.0,-1331.0,,422.0,215.0,694.0,618.0,-154.0,,,0.0,171.0,179.0,-8.0,0.0,-17.0,464.0,-187.0,277.0,0.0,,,277.0,-1.0,276.0,0.0,0.0,276.0,276.0,,304.0,0.91,0.91,0.88,307.0,0.9,0.9,0.87,
06/30/2008,3245.0,3024.0,,,0.0,0.0,221.0,,-1386.0,1386.0,1386.0,,0.0,,1859.0,-1277.0,,414.0,180.0,683.0,582.0,-159.0,,,0.0,175.0,188.0,-13.0,0.0,-16.0,423.0,-160.0,263.0,0.0,,,263.0,0.0,263.0,0.0,0.0,263.0,263.0,0.0,304.0,0.86,0.86,0.86,307.0,0.85,0.85,0.85,
09/30/2008,3904.0,3649.0,,,0.0,0.0,255.0,,-1662.0,1662.0,356.0,1306.0,0.0,,2242.0,-1396.0,,459.0,201.0,736.0,846.0,-137.0,,,0.0,177.0,192.0,-15.0,0.0,-40.0,709.0,-238.0,471.0,0.0,,,471.0,0.0,471.0,0.0,0.0,471.0,471.0,0.0,304.0,1.55,1.55,1.55,307.0,1.54,1.54,1.54,
12/31/2008,3201.0,2990.0,,,0.0,0.0,211.0,,-1255.0,1255.0,340.0,915.0,0.0,,1946.0,-1229.0,,435.0,182.0,612.0,717.0,-193.0,,,0.0,179.0,195.0,-16.0,0.0,14.0,524.0,-192.0,332.0,0.0,,,332.0,0.0,332.0,0.0,0.0,332.0,332.0,38.0,304.0,1.09,1.09,1.21,306.0,1.09,1.09,1.21,
03/31/2009,3334.0,3020.0,,,,,314.0,,-1455.0,1455.0,312.0,1143.0,,,1879.0,-1533.0,,588.0,211.0,734.0,346.0,-177.0,166.0,,,166.0,194.0,-28.0,,11.0,169.0,-54.0,115.0,0.0,0.0,0.0,115.0,4.0,119.0,0.0,0.0,119.0,345.0,226.0,304.0,0.39,0.39,1.134868,306.0,0.39,0.39,1.128562,
06/30/2009,3271.0,2791.0,,,,0.0,480.0,,-1300.0,1300.0,276.0,1024.0,,0.0,1971.0,-1169.0,,418.0,184.0,567.0,802.0,-146.0,173.0,,,173.0,206.0,-33.0,,-27.0,656.0,-248.0,408.0,0.0,0.0,0.0,408.0,6.0,414.0,0.0,0.0,414.0,258.65,-155.35,304.0,1.36,1.36,0.850822,305.0,1.36,1.36,0.850656,
09/30/2009,3408.0,3248.0,,,,0.0,160.0,,-1615.0,1615.0,302.0,1313.0,,0.0,1793.0,-1306.0,,449.0,192.0,665.0,487.0,-129.0,320.0,,,320.0,355.0,-35.0,,-191.0,358.0,-128.0,230.0,0.0,0.0,0.0,230.0,4.0,234.0,0.0,0.0,234.0,339.34,105.34,304.0,0.77,0.77,1.11625,306.0,0.77,0.77,1.114248,
12/31/2009,2960.0,1888.0,,,,0.0,1072.0,,-1513.0,1513.0,263.0,1250.0,,0.0,1447.0,-1400.0,,323.0,166.0,911.0,47.0,-191.0,188.0,,,188.0,223.0,-35.0,,3.0,-144.0,246.0,102.0,0.0,0.0,0.0,102.0,2.0,104.0,0.0,0.0,104.0,309.64,-413.64,304.0,0.342105,0.342105,-1.018553,306.0,0.339869,0.339869,-1.018553,
03/31/2010,3299.0,3067.0,,,,0.0,165.0,67.0,-1572.0,1572.0,334.0,1238.0,,0.0,1727.0,-1311.0,,405.0,205.0,701.0,416.0,-156.0,172.0,,,172.0,213.0,-41.0,,-16.0,260.0,-111.0,149.0,0.0,0.0,0.0,149.0,6.0,155.0,0.0,0.0,155.0,246.8,91.8,304.0,0.51,0.51,0.811842,306.0,0.51,0.51,0.81,
06/30/2010,3139.0,2373.0,,,,0.0,766.0,,-1413.0,1413.0,350.0,1063.0,,0.0,1726.0,-1200.0,,351.0,176.0,673.0,526.0,-136.0,167.0,,,167.0,207.0,-40.0,,-31.0,390.0,-134.0,256.0,0.0,0.0,0.0,256.0,9.0,265.0,0.0,0.0,265.0,249.75,-15.25,304.0,0.87,0.87,0.821546,305.0,0.87,0.87,0.82,
09/30/2010,3728.0,2757.0,,,,0.0,971.0,,-1719.0,1719.0,400.0,1319.0,,0.0,2009.0,-1594.0,,358.0,206.0,1030.0,415.0,-121.0,167.0,,,167.0,208.0,-41.0,,-46.0,294.0,-119.0,175.0,0.0,0.0,0.0,175.0,4.0,179.0,0.0,0.0,179.0,389.45,210.45,304.0,0.59,0.59,1.281086,305.0,0.59,0.59,1.28,
12/31/2010,3173.0,2205.0,2152.0,53.0,,0.0,968.0,,-1352.0,1352.0,348.0,1004.0,,0.0,1821.0,-1534.0,,361.0,189.0,984.0,287.0,-150.0,174.0,,,174.0,217.0,-43.0,,-24.0,137.0,-59.0,78.0,0.0,0.0,0.0,78.0,5.0,83.0,0.0,0.0,83.0,236.0,153.0,304.0,0.27,0.27,0.776316,306.0,0.27,0.27,0.77,
03/31/2011,3576.0,2332.0,,,,0.0,1244.0,,-1639.0,1639.0,453.0,1186.0,,0.0,1937.0,-1587.0,,357.0,237.0,993.0,350.0,-192.0,213.0,,,213.0,231.0,-18.0,,-21.0,158.0,-111.0,47.0,0.0,0.0,0.0,47.0,5.0,52.0,0.0,0.0,52.0,257.8,205.8,342.0,0.15,0.15,0.753801,343.0,0.15,0.15,0.75,
06/30/2011,4060.0,2590.0,,,,0.0,1470.0,,-1855.0,1855.0,635.0,1220.0,,0.0,2205.0,-1684.0,,377.0,242.0,1065.0,521.0,-214.0,245.0,,,245.0,265.0,-20.0,,-31.0,307.0,-114.0,193.0,0.0,0.0,0.0,193.0,10.0,203.0,0.0,0.0,203.0,298.4,95.4,418.0,0.48,0.48,0.713876,420.0,0.48,0.48,0.707143,
09/30/2011,4719.0,3041.0,,,,0.0,1678.0,,-1981.0,1981.0,632.0,1349.0,,0.0,2738.0,-1681.0,,419.0,269.0,993.0,1057.0,-202.0,250.0,,,250.0,267.0,-17.0,,-48.0,855.0,-325.0,530.0,0.0,0.0,0.0,530.0,2.0,532.0,0.0,0.0,532.0,582.4,50.4,418.0,1.27,1.27,1.393301,420.0,1.27,1.27,1.39,
12/31/2011,3860.0,2427.0,2243.0,184.0,,0.0,1433.0,,-1785.0,1785.0,597.0,1188.0,,0.0,2075.0,-2305.0,,331.0,230.0,1744.0,-230.0,353.0,230.0,,,230.0,245.0,-15.0,,-583.0,123.0,-24.0,99.0,0.0,0.0,0.0,99.0,-1.0,98.0,0.0,0.0,98.0,324.8,226.8,418.0,0.23,0.23,0.777033,420.0,0.23,0.23,0.77,
03/31/2012,3990.0,2540.0,,,,0.0,1450.0,,-1800.0,1800.0,541.0,1259.0,,0.0,2190.0,-1444.0,,354.0,272.0,818.0,746.0,-218.0,229.0,,,229.0,246.0,-17.0,,-11.0,528.0,-222.0,306.0,0.0,0.0,0.0,306.0,,306.0,0.0,0.0,306.0,343.8,37.8,418.0,0.73,0.73,0.822488,420.0,0.73,0.73,0.82,
06/30/2012,3755.0,2323.0,,,,0.0,1432.0,,-1698.0,1698.0,656.0,1042.0,,0.0,2057.0,-1500.0,,347.0,232.0,921.0,557.0,-242.0,255.0,,,255.0,274.0,-19.0,,-13.0,315.0,-127.0,188.0,0.0,0.0,0.0,188.0,-1.0,187.0,0.0,0.0,187.0,237.85,50.85,417.0,0.45,0.45,0.570384,419.0,0.45,0.45,0.570384,
09/30/2012,4052.0,2670.0,,,,0.0,1382.0,,-1699.0,1699.0,636.0,1063.0,,0.0,2353.0,-1451.0,,333.0,257.0,861.0,902.0,-173.0,212.0,,,212.0,230.0,-18.0,,-39.0,729.0,-307.0,422.0,-3.0,-3.0,0.0,425.0,,425.0,0.0,0.0,425.0,462.71,40.71,417.0,1.02,1.01,1.109616,419.0,1.01,1.0,1.09716,
12/31/2012,3493.0,2267.0,2084.0,183.0,,0.0,1226.0,,-1517.0,1517.0,638.0,879.0,,0.0,1976.0,-2015.0,,346.0,224.0,1445.0,-39.0,-219.0,233.0,,,233.0,251.0,-18.0,,-14.0,-258.0,105.0,-153.0,-5.0,-5.0,0.0,-148.0,,-148.0,0.0,0.0,-148.0,337.33,490.33,418.0,-0.35,-0.36,0.80701,419.0,-0.35,-0.36,0.80701,
03/31/2013,3723.0,2388.0,,,,0.0,1335.0,,-1576.0,1576.0,630.0,946.0,,0.0,2147.0,-1499.0,,352.0,265.0,882.0,648.0,-342.0,243.0,,,243.0,258.0,-15.0,,99.0,306.0,-114.0,192.0,-4.0,-4.0,0.0,196.0,,196.0,0.0,0.0,196.0,313.51,121.51,418.0,0.47,0.45933,0.750024,419.0,0.47,0.45933,0.74933,
06/30/2013,3507.0,2217.0,,,,0.0,1290.0,,-1494.0,1494.0,628.0,866.0,,0.0,2013.0,-1971.0,,372.0,240.0,1359.0,42.0,-272.0,233.0,,,233.0,256.0,-23.0,,39.0,-230.0,62.0,-168.0,-4.0,-4.0,0.0,-164.0,,-164.0,0.0,0.0,-164.0,390.08,558.08,418.0,-0.39,-0.4,0.933206,418.0,-0.39,-0.4,0.933206,
09/30/2013,4032.0,2526.0,2337.0,189.0,,0.0,1506.0,,-1777.0,1777.0,657.0,1120.0,,0.0,2255.0,-1747.0,,628.0,242.0,877.0,508.0,-222.0,236.0,,,236.0,257.0,-21.0,,-14.0,286.0,-77.0,209.0,-9.0,-9.0,0.0,218.0,,218.0,0.0,0.0,218.0,384.98,175.98,418.0,0.52,0.5,0.921005,419.0,0.52,0.5,0.92,
12/31/2013,3633.0,2323.0,2323.0,,,0.0,1310.0,,-1612.0,1612.0,581.0,1031.0,,0.0,2021.0,-1634.0,,389.0,231.0,1014.0,387.0,-179.0,204.0,,,204.0,245.0,-41.0,,-25.0,208.0,-66.0,142.0,0.0,0.0,0.0,142.0,,142.0,0.0,0.0,142.0,635.79,493.79,418.0,0.34,0.34,1.521029,419.0,0.34,0.34,1.518496,
03/31/2014,4182.0,2732.0,,,,0.0,1450.0,,-2072.0,2072.0,617.0,1455.0,,0.0,2110.0,-1719.0,,266.0,271.0,1182.0,391.0,-221.0,236.0,,,236.0,265.0,-29.0,,-15.0,170.0,-48.0,122.0,-86.0,-86.0,0.0,208.0,,208.0,0.0,0.0,208.0,62.8,-59.2,419.0,0.5,0.29,0.149881,420.0,0.49,0.29,0.149048,
06/30/2014,3496.0,2256.0,,,,0.0,1240.0,,-1633.0,1633.0,550.0,1083.0,,0.0,1863.0,-1571.0,,322.0,228.0,1021.0,292.0,-202.0,230.0,,,230.0,262.0,-32.0,,-28.0,90.0,-26.0,64.0,0.0,0.0,0.0,64.0,,64.0,0.0,0.0,64.0,204.93,140.93,420.0,0.16,0.16,0.487929,421.0,0.15,0.15,0.484751,
09/30/2014,3888.0,2554.0,,,,0.0,1334.0,,-1732.0,1732.0,544.0,1188.0,,0.0,2156.0,-1440.0,,343.0,239.0,858.0,716.0,-231.0,247.0,,,247.0,275.0,-28.0,,-16.0,485.0,-152.0,333.0,0.0,0.0,0.0,333.0,,333.0,0.0,0.0,333.0,375.1,42.1,420.0,0.79,0.79,0.893095,421.0,0.79,0.79,0.89,
12/31/2014,3483.0,2329.0,2329.0,,,0.0,1154.0,,-1559.0,1559.0,569.0,990.0,,0.0,1924.0,-2261.0,,301.0,224.0,1736.0,-337.0,-237.0,242.0,,,242.0,271.0,-29.0,,-5.0,-574.0,268.0,-306.0,0.0,0.0,0.0,-306.0,,-306.0,0.0,0.0,-306.0,338.13,644.13,421.0,-0.73,-0.73,0.803159,421.0,-0.73,-0.73,0.8,
03/31/2015,3897.0,2800.0,,,,0.0,1097.0,,-1626.0,1626.0,513.0,1113.0,,0.0,2271.0,-1677.0,,351.0,269.0,1057.0,594.0,-228.0,245.0,,,245.0,279.0,-34.0,,-17.0,366.0,-144.0,222.0,0.0,0.0,0.0,222.0,,222.0,0.0,0.0,222.0,262.07,40.07,421.0,0.53,0.53,0.622494,423.0,0.53,0.53,0.622494,
06/30/2015,3465.0,2508.0,,,,0.0,957.0,,-1372.0,1372.0,383.0,989.0,,0.0,2093.0,-1539.0,,381.0,242.0,916.0,554.0,-252.0,235.0,-14.0,14.0,249.0,282.0,-33.0,,17.0,302.0,-115.0,187.0,0.0,0.0,0.0,187.0,,187.0,0.0,0.0,187.0,225.07,38.07,422.0,0.44,0.44,0.533341,423.0,0.44,0.44,0.53,
09/30/2015,4123.0,2872.0,2872.0,,,0.0,1251.0,,-1691.0,1691.0,482.0,1209.0,,0.0,2432.0,-1524.0,,438.0,236.0,850.0,908.0,-287.0,249.0,-10.0,10.0,259.0,285.0,-26.0,,38.0,621.0,-226.0,395.0,0.0,0.0,0.0,395.0,,395.0,0.0,0.0,395.0,426.0,31.0,423.0,0.94,0.94,1.007092,424.0,0.93,0.93,1.003113,
12/31/2015,3541.0,2456.0,2456.0,,,0.0,1085.0,,-1484.0,1484.0,477.0,1007.0,,0.0,2057.0,-1821.0,,380.0,231.0,1210.0,236.0,-632.0,247.0,-15.0,15.0,262.0,286.0,-24.0,,385.0,-396.0,170.0,-226.0,0.0,0.0,0.0,-226.0,,-226.0,0.0,0.0,-226.0,244.64,470.64,423.0,-0.53,-0.53,0.578345,424.0,-0.53,-0.53,0.578345,
03/31/2016,3869.0,2796.0,2796.0,,,0.0,1073.0,,-1505.0,1505.0,381.0,1124.0,,0.0,2364.0,-1588.0,,390.0,280.0,918.0,776.0,-235.0,263.0,,,263.0,288.0,-25.0,,-28.0,541.0,-213.0,328.0,0.0,0.0,0.0,328.0,,328.0,0.0,0.0,328.0,336.52,8.52,424.0,0.78,0.78,0.793679,426.0,0.77,0.77,0.79,
06/30/2016,3401.0,2464.0,2464.0,,,0.0,937.0,,-1327.0,1327.0,438.0,889.0,,0.0,2074.0,-3049.0,,397.0,241.0,2411.0,-975.0,-244.0,254.0,-9.0,9.0,263.0,289.0,-26.0,,-10.0,-1219.0,130.0,-1089.0,0.0,0.0,0.0,-1089.0,0.0,-1089.0,0.0,0.0,-1089.0,238.3,1327.3,425.0,-2.56,-2.56,0.560706,425.0,-2.56,-2.56,0.560706,
09/30/2016,3917.0,2987.0,2987.0,,,0.0,930.0,,-1429.0,1429.0,450.0,979.0,,0.0,2488.0,-1627.0,,409.0,265.0,953.0,861.0,-230.0,247.0,-11.0,11.0,258.0,286.0,-28.0,,-17.0,631.0,-251.0,380.0,0.0,0.0,0.0,380.0,0.0,380.0,0.0,0.0,380.0,384.27,4.27,425.0,0.89,0.89,0.904165,427.0,0.89,0.89,0.9,
12/31/2016,3375.0,2533.0,2533.0,,,0.0,842.0,,-1218.0,1218.0,397.0,821.0,,0.0,2157.0,-11081.0,,437.0,256.0,10388.0,-8924.0,-261.0,261.0,-9.0,9.0,270.0,294.0,-24.0,,0.0,-9185.0,3389.0,-5796.0,0.0,0.0,0.0,-5796.0,0.0,-5796.0,0.0,0.0,-5796.0,162.7535,5958.7535,431.0,-13.44,-13.44,0.377618,431.0,-13.44,-13.44,0.377618,
03/31/2017,2855.0,2813.0,2813.0,,,0.0,42.0,,-995.0,995.0,204.0,791.0,,0.0,1860.0,-1232.0,,333.0,242.0,657.0,628.0,-219.0,225.0,-8.0,8.0,233.0,249.0,-16.0,,-6.0,409.0,-152.0,257.0,52.0,52.0,0.0,205.0,0.0,205.0,0.0,0.0,205.0,315.28,58.28,443.0,0.46,0.58,0.711693,444.0,0.46,0.58,0.711261,
06/30/2017,2624.0,2598.0,2598.0,,,0.0,26.0,,-813.0,813.0,163.0,650.0,,0.0,1811.0,-1237.0,,332.0,230.0,675.0,574.0,-223.0,225.0,-9.0,9.0,234.0,248.0,-14.0,,-2.0,351.0,-132.0,219.0,45.0,45.0,0.0,174.0,0.0,174.0,0.0,0.0,174.0,238.4,19.4,444.0,0.39,0.49,0.536937,445.0,0.39,0.49,0.533596,
09/30/2017,2910.0,2671.0,2671.0,,,0.0,239.0,,-900.0,900.0,126.0,774.0,,0.0,2010.0,-1277.0,,374.0,238.0,665.0,733.0,-230.0,249.0,,,249.0,262.0,-13.0,,-19.0,503.0,-202.0,301.0,-95.0,-95.0,0.0,396.0,0.0,396.0,0.0,0.0,396.0,282.8,-18.2,444.0,0.89,0.68,0.636937,446.0,0.89,0.68,0.636937,
12/31/2017,2681.0,2466.0,2466.0,,,0.0,215.0,,-812.0,812.0,101.0,711.0,,0.0,1869.0,-1364.0,,296.0,237.0,831.0,505.0,-334.0,241.0,,,241.0,254.0,-13.0,,93.0,171.0,-1232.0,-1061.0,1438.0,1438.0,0.0,-2499.0,0.0,-2499.0,0.0,0.0,-2499.0,-64.65,996.35,445.0,-5.62,-2.39,-0.145281,445.0,-5.62,-2.39,-0.151011,
03/31/2018,2862.0,2614.0,2614.0,,,0.0,248.0,,-959.0,959.0,139.0,820.0,,0.0,1903.0,-1323.0,,277.0,254.0,792.0,580.0,-166.0,222.0,-11.0,11.0,233.0,252.0,-19.0,,-56.0,414.0,-233.0,181.0,-1188.0,-1188.0,0.0,1369.0,0.0,1369.0,-156.0,0.0,1213.0,198.0,173.0,476.0,2.55,0.05,0.415966,478.0,2.54,0.05,0.411925,
06/30/2018,2625.0,2385.0,2385.0,,,0.0,240.0,,-825.0,825.0,128.0,697.0,,0.0,1800.0,-1100.0,,176.0,240.0,684.0,700.0,-291.0,327.0,-12.0,12.0,339.0,359.0,-20.0,,-36.0,409.0,-101.0,308.0,9.0,9.0,0.0,299.0,0.0,299.0,-165.0,0.0,134.0,187.0,44.0,477.0,0.28,0.3,0.392034,479.0,0.28,0.3,0.391858,
09/30/2018,3064.0,2804.0,2804.0,,,0.0,260.0,,-1013.0,1013.0,137.0,876.0,,0.0,2051.0,-1341.0,,350.0,252.0,739.0,710.0,-190.0,228.0,-11.0,11.0,239.0,260.0,-21.0,,-38.0,520.0,-121.0,399.0,857.0,857.0,0.0,-458.0,0.0,-458.0,-54.0,0.0,-512.0,386.0,41.0,503.0,-1.02,0.68,0.767396,505.0,-1.02,0.68,0.761188,
12/31/2018,2710.0,2664.0,2664.0,,,0.0,46.0,,-850.0,850.0,134.0,716.0,,0.0,1860.0,-1348.0,,331.0,247.0,770.0,512.0,-343.0,228.0,-12.0,12.0,240.0,258.0,-18.0,,115.0,169.0,13.0,182.0,44.0,44.0,0.0,138.0,0.0,138.0,-10.0,0.0,128.0,299.22,127.22,512.0,0.25,0.34,0.584414,514.0,0.25,0.34,0.584414,
03/31/2019,2883.0,2661.0,2661.0,,,0.0,222.0,,-912.0,912.0,131.0,781.0,,0.0,1971.0,-1342.0,,297.0,261.0,784.0,629.0,-181.0,222.0,-13.0,13.0,235.0,258.0,-23.0,,-41.0,448.0,-93.0,355.0,35.0,35.0,0.0,320.0,0.0,320.0,-5.0,0.0,315.0,426.0,76.0,530.0,0.59,0.66,0.803774,533.0,0.59,0.66,0.802589,
06/30/2019,2516.0,2298.0,2298.0,,,0.0,218.0,,-740.0,740.0,129.0,611.0,,0.0,1776.0,-1191.0,,346.0,239.0,606.0,585.0,-163.0,234.0,-9.0,9.0,243.0,266.0,-23.0,,-71.0,422.0,-81.0,341.0,29.0,29.0,0.0,312.0,0.0,312.0,-4.0,0.0,308.0,322.0,-15.0,532.0,0.58,0.63,0.605263,533.0,0.58,0.63,0.601857,
09/30/2019,2963.0,2782.0,2782.0,,,0.0,181.0,,-920.0,920.0,122.0,798.0,,0.0,2043.0,-1362.0,,347.0,257.0,758.0,681.0,-185.0,230.0,-12.0,12.0,242.0,268.0,-26.0,,-45.0,496.0,-107.0,389.0,-2.0,-2.0,0.0,391.0,0.0,391.0,0.0,0.0,391.0,410.0,21.0,538.0,0.73,0.72,0.762082,542.0,0.72,0.72,0.758745,
12/31/2019,2673.0,2626.0,2626.0,,,0.0,47.0,,-852.0,852.0,115.0,737.0,,0.0,1821.0,-1206.0,,146.0,251.0,809.0,615.0,-864.0,231.0,-11.0,11.0,242.0,260.0,-18.0,,633.0,-249.0,68.0,-181.0,-70.0,-70.0,0.0,-111.0,0.0,-111.0,0.0,0.0,-111.0,224.0,405.0,540.0,-0.2,-0.335185,0.414815,540.0,-0.2,-0.335185,0.414815,
03/31/2020,2709.0,2521.0,2521.0,,,0.0,188.0,,-792.0,792.0,98.0,694.0,,0.0,1917.0,-1385.0,,317.0,267.0,801.0,532.0,-568.0,238.0,-7.0,7.0,245.0,274.0,-29.0,,330.0,-36.0,60.0,24.0,-50.0,-50.0,0.0,74.0,0.0,74.0,0.0,0.0,74.0,290.57,266.57,541.0,0.14,0.05,0.537098,543.0,0.14,0.05,0.537098,
06/30/2020,2522.0,2410.0,2410.0,,,0.0,112.0,,-690.0,690.0,77.0,613.0,,0.0,1832.0,-1317.0,,321.0,253.0,743.0,515.0,-142.0,233.0,-12.0,12.0,245.0,269.0,-24.0,,-91.0,373.0,-66.0,307.0,-2.0,-2.0,0.0,309.0,0.0,309.0,0.0,0.0,309.0,46.36,-260.64,542.0,0.57,0.57,0.085535,543.0,0.57,0.57,0.085535,
09/30/2020,2907.4,,,,,,,,,,,,,,,,,,,,753.5,,,,,,,,,,530.0,,426.25,,,,,,426.25,,,426.25,426.833,,,0.783,0.783,0.761,,0.783,0.783,0.761,
12/31/2020,2767.8,,,,,,,,,,,,,,,,,,,,587.0,,,,,,,,,,364.0,,374.75,,,,,,374.75,,,374.75,265.0,,,0.69,0.69,0.515,,0.69,0.69,0.515,
