Date,Net Revenue,Net Interest Income,Total Interest Income,Interest Income,Investment Income,Total Interest Expense,Total Non-Interest Income,Trading Securities G/L,Trading Account Profits/Losses,Investment & Loan Inc (Loss),Other Income (Loss),Commissions & Fees Earned,Other Operating Income (Losses),Provision for Loan Losses,Net Revenue after Provisions,Total Non-Interest Expense,Commissions & Fees Paid,Other Operating Expenses,Operating Income (Loss),Non-Operating (Income) Loss,Other Non-Op (Income) Loss,"Pretax Income (Loss), GAAP",Income Tax Expense (Benefit),(Income) Loss from Affiliates,Income (Loss) from Cont Ops,Net Extraordinary Losses (Gains),Discontinued Operations,XO & Accounting Changes,Income (Loss) Incl. MI,Minority Interest,"Net Income, GAAP",Preferred Dividends,Other Adjustments,"Net Income Avail to Common, GAAP","Net Income Avail to Common, Adj",Net Abnormal Losses (Gains),Basic Weighted Avg Shares,"Basic EPS, GAAP",Basic EPS from Cont Ops,"Basic EPS from Cont Ops, Adjusted",Diluted Weighted Avg Shares,"Diluted EPS, GAAP",Diluted EPS from Cont Ops,"Diluted EPS from Cont Ops, Adjusted",Source: Bloomberg
03/31/1990,89.681001,59.301001,147.402998,116.599998,30.802999,-88.101997,30.38,6.942,,,,18.024,5.414,-23.962,65.719001,-60.709001,2.377,58.332001,5.01,0.0,0.0,5.01,-1.54,,3.47,0.0,,,3.47,0.0,3.47,0.0,,3.47,3.47,,114.806095,0.030546,0.030546,,114.806095,0.030546,0.030546,0.030546,
06/30/1990,95.674003,59.028004,148.529003,116.396004,32.132999,-89.500999,36.645999,10.197,,,,18.993,7.456,-9.274,86.400003,-62.26,2.351,59.909,24.139999,0.0,0.0,24.139999,-7.949,,16.191,0.0,,,16.191,0.0,16.191,0.0,,16.191,16.191,,114.857273,0.140233,0.140233,,114.857273,0.140233,0.140233,0.140233,
09/30/1990,93.598999,61.154999,149.951996,117.838997,32.112999,-88.796997,32.444,7.87,,,,19.16,5.414,-9.486,84.112998,-63.344,2.871,60.473,20.768999,0.0,0.0,20.768999,-5.827,,14.942,0.0,,,14.941999,0.0,14.942,0.0,,14.942,14.942,,114.875241,0.130514,0.130514,,114.875241,0.130514,0.130514,0.130514,
12/31/1990,101.115995,63.155994,154.359996,119.365997,34.993999,-91.204002,37.960001,-26.997,,,,61.957001,3.0,-20.921,80.194995,-68.967003,,68.967003,11.228,2.152,-2.152,13.38,-0.118,,13.262,0.0,,,13.262,0.0,13.262,0.0,,13.262,13.262,,113.709552,0.11663,0.11663,0.11663,113.709552,0.11663,0.11663,0.11663,
03/31/1991,99.728999,62.971001,144.501999,112.004997,32.497002,-81.530998,36.757998,0.134,,,,32.634998,3.989,-14.497,85.231999,-64.819,,64.819,20.413,,,20.413,-6.358,,14.055,0.0,,,14.055,0.0,14.055,0.0,,14.055,14.055,,113.205396,0.123572,0.123572,,113.205396,0.123572,0.123572,0.123572,
06/30/1991,105.216003,64.574003,142.561003,110.870003,31.691,-77.987,40.642,-0.771,,,,36.201,5.212,-14.0,91.216003,-71.393997,,71.393997,19.822001,,,19.822001,-4.223,,15.599,0.0,,,15.599,0.0,15.599,0.0,,15.599,15.599,,113.407058,0.137457,0.137457,,113.407058,0.137457,0.137457,0.137457,
09/30/1991,112.541005,66.506004,144.745003,109.748001,34.997002,-78.238998,46.035001,-0.412,,,,41.742001,4.705,-12.548,99.993005,-77.702003,,77.702003,22.291,-0.645,0.645,21.646,-5.15,,16.496,0.0,,,16.496,0.0,16.496,0.0,,16.496,16.496,,114.062463,0.145787,0.145787,,114.062463,0.145787,0.145787,0.145787,
12/31/1991,152.506999,84.742,208.787998,147.240997,61.547001,-124.045998,67.764999,0.196,,,,62.592999,4.976,-12.898,139.608999,-94.971002,16.1,78.871002,44.638,-6.455,6.455,38.183,-11.311,,26.872,0.0,,,26.872,0.0,26.872,0.0,,26.872,26.872,,114.105677,0.236036,0.236036,0.236036,114.105677,0.236036,0.236036,0.236036,
03/31/1992,130.341999,77.416,154.615997,105.601997,49.014,-77.199997,52.925999,-0.485,,,,47.272999,6.138,-11.41,118.931999,-82.228996,,82.228996,36.702999,0.0,0.0,36.702999,-11.951,,24.752001,0.0,,,24.751999,0.0,24.752001,0.0,,24.752001,24.752001,,133.71028,0.185358,0.185358,,133.71028,0.185358,0.185358,0.185358,
06/30/1992,138.283005,80.236004,152.003002,102.175003,49.827999,-71.766998,58.047001,0.195,,,,51.908001,5.944,-10.557,127.726004,-88.797997,,88.797997,38.928001,0.0,0.0,38.928001,-12.849,,26.079,0.0,,,26.079001,0.0,26.079,0.0,,26.079,26.079,,134.140013,0.193689,0.193689,,134.140013,0.193689,0.193689,0.193689,
09/30/1992,140.342002,81.732002,146.821999,98.531998,48.290001,-65.089996,58.609999,-0.603,,,,53.667999,5.545,-10.744,129.598001,-90.004997,,90.004997,39.592999,0.0,0.0,39.592999,-13.056,,26.537001,0.0,,,26.536999,0.0,26.537001,0.0,,26.537001,26.537001,,134.548138,0.197854,0.197854,,134.548138,0.197854,0.197854,0.197854,
12/31/1992,138.976004,83.550004,145.796002,98.249001,47.547001,-62.245998,55.426,-0.785,,,,49.326,6.885,-10.46,128.516004,-88.444,,88.444,40.071999,-11.0,11.0,29.071999,-17.275,,11.797,0.0,,,11.796999,0.0,11.797,0.0,,11.797,11.797,,134.865036,0.087472,0.087472,0.087472,134.865036,0.087472,0.087472,0.087472,
03/31/1993,161.375003,87.493999,151.450001,100.581001,50.868999,-63.956001,73.881003,0.958,,,,68.161003,4.762,-9.247,152.128003,-106.927002,0.0,106.927002,45.201,0.0,0.0,45.201,-15.469,,29.732,0.0,,,29.732,0.0,29.732,0.0,,29.732,29.732,,151.785588,0.195771,0.195771,,151.785588,0.195771,0.195771,0.195771,
06/30/1993,163.630002,88.128002,151.565002,102.999001,48.566002,-63.437,75.501999,0.678,,,,70.612,4.212,-9.171,154.459002,-113.255997,0.0,113.255997,41.202999,0.0,0.0,41.202999,-15.394,,25.809,0.0,,,25.808999,0.0,25.809,0.0,,25.809,25.809,,151.775991,0.168697,0.168697,,151.775991,0.168697,0.168697,0.168697,
09/30/1993,174.81,90.577,156.605999,109.278999,47.327,-66.028999,84.233,-0.081,,,,78.847,5.467,-9.097,165.713,-121.464996,0.0,121.464996,44.248001,0.0,0.0,44.248001,-16.900999,,27.347,0.0,,,27.347002,0.0,27.347,0.0,,27.347,27.347,,152.971562,0.17911,0.17911,,152.971562,0.17911,0.17911,0.17911,
12/31/1993,198.450005,97.259003,165.361,126.055,39.306,-68.101997,101.191002,-0.75,,,,95.829002,6.112,-8.182,190.268005,-150.25,0.0,150.25,40.018002,0.0,0.0,40.018002,-16.823999,,23.194,0.0,,,23.194003,0.0,23.194,0.0,,23.194,23.194,,159.093496,0.145787,0.145787,0.145787,159.093496,0.145787,0.145787,0.145787,
03/31/1994,235.598005,100.073006,166.238007,131.143005,35.095001,-66.165001,135.524999,14.668,,,,115.862999,4.994,-5.759,229.839005,-169.481995,0.0,169.481995,60.356998,0.0,0.0,60.356998,-20.552999,,39.804001,0.0,,,39.803999,0.0,39.804001,0.0,,39.804001,39.804001,,164.759289,0.24159,0.24159,,164.759289,0.24159,0.24159,0.24159,
06/30/1994,217.590999,99.463997,170.195999,134.723999,35.472,-70.732002,118.127002,7.674,,,,105.177002,5.276,-2.928,214.662999,-165.389999,0.0,165.389999,49.272999,0.0,0.0,49.272999,-12.522,,36.750999,0.0,,,36.750998,0.0,36.750999,0.0,,36.750999,36.750999,,164.836126,0.220763,0.220763,,164.836126,0.220763,0.220763,0.220763,
09/30/1994,204.964002,99.278,178.974998,141.847,37.127998,-79.696999,105.686002,0.238,,,,98.024002,7.424,-4.231,200.733002,-145.464996,0.0,145.464996,55.268002,0.0,0.0,55.268002,-17.669001,,37.598999,0.0,,,37.599001,0.0,37.598999,0.0,,37.598999,37.598999,,163.261214,0.23326,0.23326,,163.261214,0.23326,0.23326,0.23326,
12/31/1994,195.046996,95.646,185.648998,146.5,39.148998,-90.002998,99.400996,-2.627,,,,10.216,91.811996,-4.264,190.782996,-147.919006,0.0,147.919006,42.863998,0.0,0.0,42.863998,-9.95,,32.914001,0.0,,,32.913998,0.0,32.914001,0.0,,32.914001,32.914001,,164.519217,0.199937,0.199937,0.199937,164.519217,0.199937,0.199937,0.199937,
03/31/1995,206.473004,92.318005,191.384007,153.128006,38.256001,-99.066002,114.154999,0.462,,,,107.570999,6.122,-4.148,202.325004,-147.904007,0.0,147.904007,54.421001,0.0,0.0,54.421001,-19.813999,,34.606998,0.0,,,34.607002,0.0,34.606998,0.0,,34.606998,34.606998,,163.774987,0.212433,0.212433,,163.774987,0.212433,0.212433,0.212433,
06/30/1995,210.147993,95.352997,202.751999,164.957001,37.794998,-107.399002,114.794997,0.025,,,,106.727997,8.042,-3.216,206.931993,-145.514008,0.0,145.514008,61.417999,0.0,0.0,61.417999,-20.665001,,40.752998,0.0,,,40.752998,0.0,40.752998,0.0,,40.752998,40.752998,,164.408787,0.245756,0.245756,,164.408787,0.245756,0.245756,0.245756,
09/30/1995,225.003997,98.606995,211.530998,175.561996,35.969002,-112.924004,126.397003,0.025,,,,118.704002,7.668,-5.921,219.082997,-151.052002,0.0,151.052002,68.030998,0.0,0.0,68.030998,-24.201,,43.830002,0.0,,,43.829998,0.0,43.830002,0.0,,43.830002,43.830002,,160.682805,0.274913,0.274913,,160.682805,0.274913,0.274913,0.274913,
12/31/1995,245.591004,104.375004,216.861004,180.800003,36.061001,-112.486,141.216,1.932,,,,95.857002,43.426998,-7.307,238.284004,-169.197006,0.0,169.197006,69.086998,0.0,0.0,69.086998,-23.389,,45.698002,0.0,,,45.697998,0.0,45.698002,0.0,,45.698002,45.698002,,164.399169,0.274913,0.274913,0.274913,164.399169,0.274913,0.274913,0.274913,
03/31/1996,241.955006,105.378002,217.652004,161.074005,56.577999,-112.274002,136.577004,0.258,,,,122.049004,14.27,-8.033,233.922006,-175.585999,0.0,175.585999,58.335999,0.0,0.0,58.335999,-20.895,,37.441002,0.0,,,37.440998,0.0,37.441002,0.0,,37.441002,37.441002,,160.512353,0.23326,0.23326,0.23326,166.456627,0.224929,0.224929,0.224929,
06/30/1996,242.674,112.954002,225.973999,163.291,62.682999,-113.019997,129.719997,0.052,,,,116.462997,13.205,-7.559,235.115,-167.996994,0.0,167.996994,67.117996,0.0,0.0,67.117996,-24.771,,42.347,0.0,,,42.346996,0.0,42.347,0.0,,42.347,42.347,,163.97665,0.258252,0.258252,0.258252,163.97665,0.258252,0.258252,0.258252,
09/30/1996,257.468,115.049004,225.777,165.843002,59.933998,-110.727997,142.418996,0.044,,,,128.908997,13.466,-8.853,248.615,-171.112,0.0,171.112,77.502998,-3.8,3.8,73.702998,-26.906,,46.797001,0.0,,,46.796998,0.0,46.797001,0.0,,46.797001,46.797001,,160.497938,0.291574,0.291574,0.308236,165.217838,0.283244,0.283244,0.299905,
12/31/1996,280.239997,117.806995,227.093998,168.988998,58.105,-109.287003,162.433002,-3.035,,,,165.468002,,-11.232,269.007997,-185.990997,0.0,185.990997,83.016998,0.0,0.0,83.016998,-29.695,,53.321999,0.0,,,53.321998,0.0,53.321999,0.0,,53.321999,53.321999,,160.017794,0.333228,0.333228,0.333228,164.120691,0.324897,0.324897,0.324897,
03/31/1997,254.585002,115.509003,222.326004,169.078003,53.248001,-106.817001,139.075999,0.029,,,,124.418999,14.628,-12.526,242.059002,-178.309006,0.0,178.309006,63.75,0.0,0.0,63.75,-23.17,,40.580002,0.0,,,40.58,-2.017,38.563,0.0,,38.563,38.563,,155.048223,0.249921,0.249921,0.249921,159.064684,0.24159,0.24159,0.24159,
06/30/1997,272.195013,119.018009,230.912006,176.268005,54.644001,-111.893997,153.177003,-0.789,,,,135.203003,18.763,-12.504,259.691013,-184.041,0.0,184.041,75.650009,0.0,0.0,75.650009,-27.268999,,48.381012,0.0,,,48.38101,-2.017,46.364014,0.0,,46.364014,46.364014,,153.662976,0.299905,0.299905,0.299899,157.799483,0.291574,0.291574,0.291574,
09/30/1997,303.953995,123.607994,241.744995,181.996994,59.748001,-118.137001,180.346001,-0.023,,,,159.983002,20.386,-12.753,291.200995,-202.078995,0.0,202.078995,89.121994,0.0,0.0,89.121994,-32.417,,56.704994,0.0,,,56.704994,-2.017,54.687996,0.0,,54.687996,54.687996,,153.766226,0.35822,0.35822,0.35822,158.1644,0.349889,0.349889,0.349889,
12/31/1997,320.491997,124.961002,246.310001,183.888,62.422001,-121.348999,195.530995,0.07,,,,195.384995,0.076,-13.332,307.159997,-212.544998,0.0,212.544998,94.614998,0.0,0.0,94.614998,-34.738998,,59.875999,0.0,,,59.875999,-2.019,57.856998,0.0,,57.856998,57.856998,,154.128724,0.374881,0.374881,0.374881,158.69017,0.366551,0.366551,0.366551,
03/31/1998,317.116992,127.139992,257.040993,185.748993,71.292,-129.901001,189.977,0.029,,,,174.431,15.517,-13.515,303.601991,-228.891006,0.0,228.891006,74.710999,0.0,0.0,74.710999,-26.339001,,48.372002,0.0,,,48.371998,-2.017,46.355,0.0,,46.355,46.355,,153.827439,0.299905,0.299905,0.299905,158.69257,0.291574,0.291574,0.291574,
06/30/1998,352.112003,132.188995,276.121002,181.651001,94.470001,-143.932007,219.923008,-0.091,,,,201.889008,18.125,-12.785,339.327003,-256.352997,0.0,256.352997,82.973999,0.0,0.0,82.973999,-28.211,,54.763,0.0,,,54.762999,-2.017,52.745998,0.0,,52.745998,52.745998,,153.527344,0.341559,0.341559,0.341559,158.026368,0.333228,0.333228,0.333228,
09/30/1998,402.58101,277.525009,431.131012,184.255005,246.876007,-153.606003,125.056001,0.009,,,,104.012001,21.035,-13.127,389.45401,-290.690002,0.0,290.690002,98.764,0.0,0.0,98.764,-34.926998,,63.837002,0.0,,,63.837002,-2.017,61.82,0.0,,61.82,61.82,,153.965489,0.399874,0.399874,0.399874,157.825895,0.391543,0.391543,0.391543,
12/31/1998,454.232012,3.685007,169.484003,186.313004,-16.829,-165.798996,450.547005,4.029,,,,458.324005,-11.806,-11.924,442.308012,-337.765015,0.0,337.765015,104.542999,0.0,0.0,104.542999,-37.064999,,67.477997,0.0,,,67.478001,-2.019,65.459,0.0,,65.459,65.459,,153.64858,0.424866,0.424866,0.424866,158.570143,0.416535,0.416535,0.416535,
03/31/1999,434.730006,148.167007,300.266006,183.852005,116.414001,-152.098999,286.562998,-0.034,,,,266.391998,20.205,-14.826,419.904005,-334.779999,0.0,334.779999,85.124001,0.0,0.0,85.124001,-30.077999,,55.046001,0.0,,,55.046001,-2.017,53.028999,0.0,,53.028999,53.028999,,155.793661,0.341559,0.341559,0.341559,160.566368,0.333228,0.333228,0.333228,
06/30/1999,440.589003,146.367989,293.176994,185.427994,107.749001,-146.809006,294.221014,-0.038,,,,267.502014,26.757,-14.979,425.610003,-328.674011,0.0,328.674011,96.935997,0.0,0.0,96.935997,-33.945,,62.991001,0.0,,,62.990997,-2.017,60.973999,0.0,,60.973999,60.973999,,156.901616,0.391543,0.391543,0.391543,161.670715,0.374881,0.374881,0.374881,
09/30/1999,433.638995,147.327003,303.211998,193.404999,109.806999,-155.884995,286.311991,1.859,,,,249.860992,34.591999,-14.11,419.528995,-312.423004,0.0,312.423004,107.106003,0.0,0.0,107.106003,-35.671001,,71.434998,0.0,,,71.435001,-2.017,69.417999,0.0,,69.417999,69.417999,,157.404565,0.441527,0.441527,0.441527,161.062118,0.433196,0.433196,0.433196,
12/31/1999,403.656007,147.648003,310.508995,203.229996,107.278999,-162.860992,256.008004,0.47,,,,256.673004,-1.135,-14.008,389.648006,-291.304993,0.0,291.304993,98.343002,0.0,0.0,98.343002,-32.212002,,66.130997,0.0,,,66.131001,-2.019,64.112,0.0,,64.112,64.112,,157.249718,0.408204,0.408204,0.408204,160.010595,0.399874,0.399874,0.399874,
03/31/2000,367.890997,145.494003,319.298996,214.007996,105.291,-173.804993,222.396994,1.601,,,,184.705994,36.09,-15.497,352.393997,-290.862,0.0,290.862,61.532001,0.0,0.0,61.532001,-19.992001,,41.540001,0.0,,,41.540001,-2.017,39.522999,0.0,0.0,39.522999,39.522999,,156.522285,0.249921,0.249921,0.249921,159.104303,0.249921,0.249921,0.249921,
06/30/2000,402.683018,151.85701,344.119003,230.990005,113.128998,-192.261993,250.826008,0.084,,,,218.210007,32.532001,-17.077,385.606018,-299.635986,0.0,299.635986,85.970001,0.0,0.0,85.970001,-28.528999,,57.441002,0.0,,,57.441002,-2.017,55.424,0.0,0.0,55.424,55.424,,156.78397,0.349889,0.349889,0.349889,158.26404,0.349889,0.349889,0.349889,
09/30/2000,411.350995,150.148994,352.581993,241.082993,111.499001,-202.432999,261.202001,-0.234,,,,222.362,39.074001,-16.593,394.757995,-308.218994,0.0,308.218994,86.539001,0.0,0.0,86.539001,-18.575001,,67.963997,0.0,,,67.964001,-2.017,65.946999,0.0,0.0,65.946999,65.946999,,155.441951,0.424866,0.424866,0.424866,157.267723,0.416535,0.416535,0.416535,
12/31/2000,479.845977,150.85099,347.045998,246.431,100.614998,-196.195007,328.994987,-5.658,,,,345.329987,-10.677,-18.186001,461.659976,-350.628998,0.0,350.628998,111.030998,0.0,0.0,111.030998,-37.325001,,73.706001,0.0,,,73.705997,-2.019,71.686996,0.0,0.0,71.686996,71.686996,,155.449149,0.466519,0.466519,0.466519,157.609836,0.458188,0.458188,0.458188,
03/31/2001,473.416,151.317,321.153,228.702,92.451,-169.836,322.099,-0.15,,,,270.244,52.005,-18.989,454.427,-359.67,0.0,359.67,94.757,0.0,0.0,94.757,-32.385,,62.372,8.168,,,54.204,,54.204,,0.0,54.204,54.204,,155.214997,0.349889,0.399874,0.399874,159.546182,0.341559,0.391543,0.391543,
06/30/2001,552.869,166.868,307.106,207.196,99.91,-140.238,386.001,-3.39,,,,288.485,100.906,-17.436,535.433,-397.769,0.0,397.769,137.664,0.0,0.0,137.664,-48.65,,89.014,3.225,,,85.789,,85.789,,0.0,85.789,85.789,,153.516486,0.558157,0.583149,0.583149,158.291792,0.541495,0.566488,0.566488,
09/30/2001,544.717,172.939,288.18,196.711,91.469,-115.241,371.778,0.038,,,,346.104,25.636,-22.778,521.939,-395.239,0.0,395.239,126.7,4.549,-4.549,131.249,-42.24,,89.009,0.0,,,89.009,,89.009,0.0,0.0,89.009,89.009,,152.63666,0.583149,0.583149,0.566488,157.079264,0.566488,0.566488,0.549826,
03/31/2002,509.284,184.352,257.98,168.252,89.728,-73.628,324.932,-0.034,,,,282.158,42.808,-25.922,483.362,-349.517,0.0,349.517,133.845,0.0,0.0,133.845,-43.605,,90.24,0.0,,,90.24,-3.159,87.081,0.0,0.0,87.081,87.081,,152.190119,0.574818,0.574818,0.574818,156.445464,0.558157,0.558157,0.558157,
06/30/2002,513.747,177.166,248.7,168.166,80.534,-71.534,336.581,-2.317,,,,290.445,48.453,-23.108,490.639,-354.775,,354.775,135.864,0.0,0.0,135.864,-45.399,,90.465,,,,90.465,,90.465,,0.0,90.465,90.465,,152.064923,0.59148,0.59148,0.59148,156.753085,0.574818,0.574818,0.574818,
09/30/2002,578.336,188.641,260.577,169.566,91.011,-71.936,389.695,-0.011,,,,354.223,35.483,-20.18,558.156,-421.378,0.0,421.378,136.778,2.25,-2.25,139.028,-43.457,,95.571,0.0,,,95.571,,95.571,0.0,0.0,95.571,95.571,,152.086886,0.624802,0.624802,0.624802,156.321825,0.608141,0.608141,0.608141,
12/31/2002,466.182,205.455,274.938,165.485,109.453,-69.483,260.727,-2.268,,,,221.679,41.316,-22.796,443.386,-294.972,,294.972,148.414,0.0,0.0,148.414,-49.147,,97.017,0.0,,,99.267,6.317,103.334,0.0,0.0,103.334,103.334,,152.079266,0.679474,0.679474,0.679474,155.739252,0.663507,0.663507,0.663507,
03/31/2003,636.458,194.28,255.796,158.669,97.127,-61.516,442.178,-1.056,,,,420.153,23.081,-27.45,609.008,-424.205,0.0,424.205,184.803,0.0,0.0,184.803,-62.615,,122.188,0.0,,,122.188,-3.159,119.029,0.0,0.0,119.029,119.029,,152.164911,0.783086,0.783086,0.783086,156.396248,0.758094,0.758094,0.758094,
06/30/2003,748.371,199.751,265.799,161.222,104.577,-66.048,548.62,-0.752,,,,513.656,35.716,-27.501,720.87,-549.336,,549.336,171.534,0.0,0.0,171.534,-53.182,,118.352,,,,118.352,,118.352,,0.0,118.352,118.352,,152.641623,0.774755,0.774755,0.774755,158.286795,0.749763,0.749763,0.749763,
09/30/2003,738.481,212.978,276.258,167.147,109.111,-63.28,525.503,4.178,,,,483.997,37.328,-16.355,722.126,-541.91,,541.91,180.216,0.0,0.0,180.216,-61.933,,118.283,,,,118.283,,118.283,0.0,0.0,118.283,118.283,,152.012461,0.774755,0.774755,0.774755,156.762352,0.758094,0.758094,0.758094,
12/31/2003,583.0,196.442,253.184,173.136,80.048,-56.742,386.558,22.506,,,,310.916,53.136,-15.392,567.608,-390.339,,390.339,177.269,0.0,0.0,177.269,-67.959,,109.31,0.0,,,109.31,8.335,117.645,0.0,0.0,117.645,117.645,,151.847641,0.774757,0.774757,0.774757,156.958223,0.74953,0.74953,0.74953,
03/31/2004,566.133987,196.008999,254.014999,173.595001,80.419998,-58.006001,370.124988,2.885,,,,341.493988,25.746,-14.229,551.904987,-371.976013,0.0,371.976013,179.929001,0.0,0.0,179.929001,-60.658001,,119.271004,0.0,,,119.271,0.0,119.271004,0.0,0.0,119.271004,119.271004,,150.689649,0.791416,0.791416,0.791416,155.686822,0.766424,0.766424,0.766424,
06/30/2004,565.905,213.606,277.815,178.513,99.302,-64.209,352.299,5.014,,,,322.0,25.285,-12.292,553.613,-375.68,0.0,375.68,177.933,-8.4,8.4,169.533,-51.149,,118.384,0.0,,,118.384,0.0,118.384,0.0,0.0,118.384,118.384,,149.720938,0.791416,0.791416,0.824739,154.245168,0.766424,0.766424,0.799747,
09/30/2004,545.863983,218.25,300.182999,201.641998,98.541,-81.932999,327.613983,20.382999,,,,268.790985,38.439999,-10.044,535.819983,-365.596008,0.0,365.596008,170.223999,0.0,0.0,170.223999,-56.623001,,113.600998,0.0,,,113.600998,0.0,113.600998,0.0,0.0,113.600998,113.600998,,149.186766,0.758094,0.758094,0.758094,153.462522,0.741432,0.741432,0.741432,
12/31/2004,541.594,228.446,334.789,228.678,106.111,-106.343,313.148,-0.534,,,,313.455,0.227,-11.783,529.811,-382.688,0.0,382.688,147.123,0.0,0.0,147.123,-43.971,,103.152,0.0,,,103.152,,103.152,0.0,0.0,103.152,103.152,,149.181968,0.691448,0.691448,0.691448,153.311273,0.674787,0.674787,0.674787,
03/31/2005,550.325,227.447,384.876,242.439,142.437,-157.429,322.878,13.168,,,,273.093,36.617,-13.109,537.216,-384.537,,384.537,152.679,,,152.679,-49.864,,102.815,-3.015,,,105.83,0.0,105.83,,,105.83,105.83,,149.707734,0.708109,0.683117,0.683117,153.686992,0.691448,0.666456,0.666456,
06/30/2005,584.995,241.608,438.385,281.004,157.381,-196.777,343.387,0.075,,,,291.295,52.017,-15.786,569.209,-419.031,,419.031,150.178,,,150.178,-47.473,,102.705,,,,102.705,,102.705,,,102.705,102.705,,149.982207,0.683117,0.683117,0.683117,154.745243,0.666456,0.666456,0.666456,
09/30/2005,606.759,260.16,497.438,318.751,178.687,-237.278,346.599,10.472,,,,287.88,48.247,-22.608,584.151,-426.175,0.0,426.175,157.976,0.0,0.0,157.976,-49.862,,108.114,-4.83,,,112.944,0.0,112.944,0.0,0.0,112.944,112.944,,151.053359,0.749763,0.71644,0.71644,155.95811,0.724771,0.691448,0.691448,
12/31/2005,572.478,254.812,519.475,357.106,162.369,-264.663,317.666,19.994,,,,258.491,39.181,-16.175,556.303,-409.96,0.0,409.96,146.343,0.0,0.0,146.343,-42.695,,103.648,-2.271,,,105.919,,105.919,0.0,0.0,105.919,105.919,,150.617621,0.691448,0.683117,0.683117,155.285897,0.674787,0.666456,0.666456,
03/31/2006,451.465,245.721,533.369,382.657,150.712,-287.648,205.744,-68.924,,,,245.039,29.629,-17.799,433.666,-443.215,,443.215,-9.549,,,-9.549,12.959,,3.41,-211.618,,,215.028,0.0,215.028,,,215.028,215.028,,150.634427,1.424549,0.024992,0.024992,154.968997,1.391227,0.024992,0.024992,
09/30/2006,573.006,251.621,612.598,441.854,170.744,-360.977,321.385,20.587,,,,249.254,51.544,-23.694,549.312,-435.057,0.0,435.057,114.255,-21.3,21.3,92.955,-25.776,,67.179,0.069,,,67.11,0.0,67.11,0.0,0.0,67.11,67.11,,149.027119,0.449858,0.449858,0.541495,153.075999,0.441527,0.441527,0.533165,
06/30/2007,519.731,239.432,594.903,431.806,163.097,-355.471,280.299,8.601,,,,217.735,53.963,-44.408,475.323,-412.54,0.0,412.54,62.783,-44.7,44.7,18.083,3.861,,21.944,-0.179,,,22.123,0.0,22.123,0.0,0.0,22.123,22.123,,151.095372,0.149953,0.149953,0.341559,154.533259,0.141622,0.141622,0.333228,
09/30/2007,441.279,237.804,582.735,429.277,153.458,-344.931,203.475,4.774,,,,164.276,34.425,-43.352,397.927,-375.812,0.0,375.812,22.115,-45.81,45.81,-23.695,9.33,,-14.365,-0.209,,,-14.156,0.0,-14.156,0.0,0.0,-14.156,-14.156,,151.317443,-0.091638,-0.091638,0.108299,151.317443,-0.091638,-0.091638,0.108299,
12/31/2007,318.974,225.987,545.136,545.136,,-319.149,92.987,5.082,,,,50.114,37.791,-156.519,162.455,-490.485,,490.485,-328.03,-71.074,71.074,-399.104,146.342,,-252.762,-4.137,,,-248.625,,-248.625,0.0,0.0,-248.625,-248.625,,158.853425,-1.566171,-1.591163,-1.143805,158.853425,-1.566171,-1.591163,-1.143805,
03/31/2008,677.168,228.092,476.443,341.374,135.069,-248.351,449.076,61.849,,,,349.975,37.252,-240.0,437.168,-512.877,,512.877,-75.709,74.6,-74.6,-1.109,8.146,,7.037,-0.883,,,7.92,0.0,7.92,0.0,0.0,7.92,7.92,,151.387065,0.049984,0.046484,-0.283244,152.040071,0.049984,0.044177,-0.283244,
06/30/2008,637.941,238.895,415.485,291.874,123.611,-176.59,399.046,-8.385,,,,357.258,50.173,-220.0,417.941,-465.843,0.0,465.843,-47.902,,,-47.902,28.821,,-19.081,,,,-19.081,0.0,-19.081,0.0,0.0,-19.081,-19.081,,206.081158,-0.099968,-0.099968,-0.099968,206.081158,-0.099968,-0.099968,-0.099968,
09/30/2008,528.32,223.147,383.243,287.846,95.397,-160.096,305.173,-14.461,,,,264.059,55.575,-340.0,188.32,-371.774,,371.774,-183.454,-30.5,30.5,-213.954,88.859,,-125.095,,,,-125.095,0.0,-125.095,0.0,,-125.095,-125.095,,234.323346,-0.532316,-0.540902,-0.455044,234.323346,-0.532316,-0.540902,-0.455044,
12/31/2008,542.966,204.948,331.554,257.146,74.408,-126.606,337.56,0.0,0.0,,0.0,313.121,24.439,-280.0,262.966,-349.658,0.0,349.658,-86.692,0.0,0.0,-86.692,30.988,,-55.704,,,,-55.704,,-55.704,,0.0,-55.704,-55.704,,234.325919,-0.236074,-0.236074,-0.174869,234.325919,-0.236074,-0.236074,-0.174869,
03/31/2009,604.456,196.587,270.093,206.604,63.489,-73.506,407.869,0.967,0.0,0.967,0.0,382.743,24.159,-300.0,304.456,-417.328,0.0,417.328,-112.872,0.0,0.0,-112.872,47.777,,-65.095,0.0,0.0,0.0,-65.095,-2.75,-67.845,-14.956,0.0,-82.801,-80.50195,2.29905,234.399646,-0.35009,-0.35009,-0.343439,234.399646,-0.35009,-0.35009,-0.343439,
06/30/2009,491.364,199.086,255.495,198.391,57.104,-56.409,292.278,0.222,0.0,0.222,0.0,258.982,33.074,-260.0,231.364,-411.932,0.0,411.932,-180.568,0.0,0.0,-180.568,74.538,,-106.03,-0.548,-0.548,0.0,-105.482,-2.844,-108.326,-14.856,0.0,-123.182,-115.3554,8.3746,234.40103,-0.528864,-0.528864,-0.492128,234.40103,-0.528864,-0.528864,-0.493137,
09/30/2009,494.719,190.901,236.36,185.265,51.095,-45.459,303.818,2.22,0.0,2.22,0.0,243.246,58.352,-185.0,309.719,-349.901,0.0,349.901,-40.182,0.0,0.0,-40.182,15.368,,-24.814,10.2,10.2,0.0,-35.014,-2.969,-37.983,-14.876,0.0,-52.859,-36.22465,6.43435,234.457597,-0.22232,-0.185267,-0.154504,234.457597,-0.22232,-0.185267,-0.157823,
12/31/2009,436.091,189.894,230.991,181.853,49.138,-41.097,246.197,-0.911,0.0,-0.911,0.0,224.199,22.909,-135.0,301.091,-390.356,0.0,390.356,-89.265,0.0,0.0,-89.265,38.111,,-51.154,1.69,1.69,0.0,-52.844,-2.839,-55.683,-14.897,0.0,-70.58,-34.8569,34.0331,249.369828,-0.282061,-0.272659,-0.13978,249.369828,-0.282061,-0.272659,-0.13978,
03/31/2010,423.644,180.395,219.496,173.659,45.837,-39.101,243.249,-1.906,0.0,-1.906,0.0,199.037,46.118,-105.0,318.644,-337.978,0.0,337.978,-19.334,0.0,0.0,-19.334,16.518,,-2.816,7.077,7.077,0.0,-9.893,-2.844,-12.737,-14.918,0.0,-27.655,-23.2724,-2.6944,245.802399,-0.114467,-0.08585,-0.09468,245.802399,-0.114467,-0.08585,-0.096811,
06/30/2010,426.001,182.064,220.365,174.258,46.107,-38.301,243.937,0.075,0.0,0.075,0.0,217.409,26.453,-70.0,356.001,-337.311,0.0,337.311,18.69,0.0,0.0,18.69,1.659,,20.349,-0.129,-0.129,0.0,20.478,-2.844,17.634,-14.938,0.0,2.696,5.50565,2.93865,242.762933,0.009662,0.009662,0.022679,249.399284,0.009662,0.009662,0.021445,
09/30/2010,428.848,186.143,223.165,177.231,45.934,-37.022,242.705,-2.928,0.0,-2.928,0.0,214.96,30.673,-50.0,378.848,-341.49,0.0,341.49,37.358,0.0,0.0,37.358,-3.29,,34.068,0.358,0.358,0.0,33.71,-2.875,30.835,-14.96,0.0,15.875,16.97595,0.74295,238.89011,0.068754,0.068754,0.071062,243.195748,0.068754,0.068754,0.071062,
12/31/2010,387.4,182.236,217.26,134.064,83.196,-35.024,205.164,15.681,0.0,15.681,0.0,158.195,31.288,-45.0,342.4,-328.294,0.0,328.294,14.106,0.0,0.0,14.106,6.637,,20.743,3.435,3.435,0.0,17.308,-2.84,14.468,-63.154,0.0,-48.686,-36.55465,8.69635,239.095,-0.2,-0.2,-0.152888,239.095,-0.2,-0.2,-0.163628,
03/31/2011,369.09,172.755,207.605,163.912,43.693,-34.85,196.335,0.798,0.0,0.798,0.0,165.266,30.271,-1.0,368.09,-313.796,0.0,313.796,54.294,0.0,0.0,54.294,-12.162,,42.132,-0.871,-0.871,0.0,43.003,-2.844,40.159,0.0,0.0,40.159,47.9021,8.6141,261.174,0.15,0.15,0.183411,265.556,0.15,0.15,0.182438,
06/30/2011,360.453,172.86,206.757,161.016,45.741,-33.897,187.593,0.001,0.0,0.001,0.0,159.858,27.734,-1.0,359.453,-344.455,0.0,344.455,14.998,0.0,0.0,14.998,4.167,,19.165,-3.671,-3.671,0.0,22.836,-2.844,19.992,0.0,0.0,19.992,20.94575,4.62475,261.289,0.08,0.06,0.080163,262.756,0.08,0.06,0.077601,
09/30/2011,397.227,176.34,208.36,162.462,45.898,-32.02,220.887,35.162,0.0,35.162,0.0,164.41,21.315,-32.0,365.227,-322.708,0.0,322.708,42.519,0.0,0.0,42.519,-8.367,,34.152,-4.828,-4.828,0.0,38.98,-2.875,36.105,0.0,0.0,36.105,26.7803,-4.4967,261.284,0.14,0.12,0.102495,262.803,0.14,0.12,0.102495,
12/31/2011,360.073,178.877,209.715,167.84,41.875,-30.838,181.196,0.203,0.0,0.203,0.0,149.203,31.79,-10.0,350.073,-312.036,0.0,312.036,38.037,0.0,0.0,38.037,0.526,,38.563,0.752,0.752,0.0,37.811,-2.871,34.94,0.0,0.0,34.94,38.3414,2.6494,260.372,0.14,0.14,0.147256,260.372,0.13,0.13,0.140175,
03/31/2012,374.37,171.929,201.503,162.023,39.48,-29.574,202.441,0.328,0.0,0.328,0.0,173.697,28.416,-8.0,366.37,-321.994,0.0,321.994,44.376,0.0,0.0,44.376,-10.57,,33.806,0.435,0.435,0.0,33.371,-2.844,30.527,,0.0,30.527,30.8372,-0.1248,253.527,0.12,0.12,0.121633,255.369,0.12,0.12,0.119511,
06/30/2012,331.582,172.675,200.735,161.514,39.221,-28.06,158.907,5.065,0.0,5.065,0.0,130.991,22.851,-15.0,316.582,-527.177,0.0,527.177,-210.595,0.0,0.0,-210.595,88.178,,-122.417,-0.487,-0.487,0.0,-121.93,-2.844,-124.774,0.0,0.0,-124.774,-124.28665,0.97435,249.104,-0.5,-0.5,-0.498935,249.104,-0.5,-0.5,-0.498935,
09/30/2012,337.003,173.465,200.516,164.18,36.336,-27.051,163.538,0.0,0.0,0.0,0.0,137.198,26.34,-40.0,297.003,-263.169,0.0,263.169,33.834,0.0,0.0,33.834,-5.26,,28.574,-0.108,-0.108,0.0,28.682,-2.875,25.807,0.0,0.0,25.807,27.38315,1.68415,246.628,0.1,0.1,0.11103,248.306,0.1,0.1,0.106783,
12/31/2012,317.041,170.598,196.199,162.517,33.682,-25.601,146.443,-4.7,0.0,-4.7,0.0,127.485,23.658,-15.0,302.041,-271.361,0.0,271.361,30.68,0.0,0.0,30.68,12.914,,43.594,0.012,0.012,0.0,43.582,-2.901,40.681,0.0,0.0,40.681,52.5932,11.9002,246.132,0.17,0.17,0.213679,246.132,0.17,0.17,0.213679,
03/31/2013,317.809,161.382,186.399,153.754,32.645,-25.017,156.427,0.024,0.0,0.024,0.0,132.468,23.935,-15.0,302.809,-240.54,0.0,240.54,62.269,0.0,0.0,62.269,-17.73,,44.539,-0.43,-0.43,0.0,44.969,-2.813,42.156,-1.188,0.0,40.968,40.9397,0.4017,240.87,0.17,0.17,0.169966,242.799,0.17,0.17,0.169966,
06/30/2013,302.651,160.019,183.991,151.388,32.603,-23.972,142.632,-0.351,0.0,-0.351,0.0,121.328,21.655,-15.0,287.651,-227.408,0.0,227.408,60.243,0.0,0.0,60.243,-15.008,,45.235,-0.001,-0.001,0.0,45.236,-2.843,42.393,-1.55,0.0,40.843,41.21965,0.37765,239.248,0.17,0.17,0.172288,240.891,0.17,0.17,0.171568,
09/30/2013,309.313,158.838,182.61,149.889,32.721,-23.772,150.475,-0.096,0.0,-0.096,0.0,126.272,24.299,-10.0,299.313,-433.556,0.0,433.556,-134.243,0.0,0.0,-134.243,31.094,,-103.149,-0.123,-0.123,0.0,-103.026,-2.875,-105.901,-1.55,0.0,-107.451,-106.86745,0.70655,236.895,-0.45,-0.45,-0.451117,236.895,-0.45,-0.45,-0.451117,
12/31/2013,292.178,157.135,179.053,145.705,33.348,-21.918,135.043,2.183,0.0,2.183,0.0,114.905,17.955,-15.0,277.178,-260.097,0.0,260.097,17.081,0.0,0.0,17.081,36.555,,53.636,0.006,0.006,0.0,53.63,-2.934,50.696,-1.55,0.0,49.146,91.051,41.899,236.753,0.21,0.21,0.384582,236.753,0.21,0.21,0.384582,
03/31/2014,298.089,152.359,173.584,139.064,34.52,-21.225,145.73,5.657,0.0,5.657,0.0,129.147,10.926,-10.0,288.089,-218.044,0.0,218.044,70.045,0.0,0.0,70.045,-20.066,,49.979,0.0,0.0,0.0,49.979,-2.813,47.166,-1.55,0.0,45.616,52.1463,6.5303,235.183,0.19,0.19,0.221726,237.401,0.19,0.19,0.217507,
06/30/2014,283.669,156.768,177.359,142.747,34.612,-20.591,126.901,-1.923,0.0,-1.923,0.0,116.277,12.547,-5.0,278.669,-163.162,0.0,163.162,115.507,0.0,0.0,115.507,-33.578,,81.929,0.0,0.0,0.0,81.929,-2.859,79.07,-1.55,0.0,77.52,46.5529,-30.9671,235.797,0.33,0.33,0.197428,237.25,0.33,0.33,0.197428,
09/30/2014,317.356,159.541,178.858,144.538,34.32,-19.317,157.815,-0.862,0.0,-0.862,0.0,145.984,12.693,-6.0,311.356,-244.016,0.0,244.016,67.34,0.0,0.0,67.34,-16.842,,50.498,0.0,0.0,0.0,50.498,-2.875,47.623,-1.55,0.0,46.073,69.71025,23.63725,235.329,0.2,0.2,0.296225,236.862,0.19,0.19,0.289793,
12/31/2014,278.648,159.05,179.448,112.99,66.458,-20.398,119.598,0.0,0.0,0.0,0.0,107.107,12.491,-6.0,272.648,-207.309,0.0,207.309,65.339,0.0,0.0,65.339,-13.699,,51.64,0.0,0.0,0.0,51.64,-2.98,48.66,-1.55,0.0,47.11,24.10715,-23.00285,235.448,0.2,0.2,0.102388,235.448,0.2,0.2,0.102302,
03/31/2015,286.555,156.866,178.068,144.576,33.492,-21.202,129.689,0.276,0.0,0.276,0.0,116.481,12.932,-5.0,281.555,-376.221,0.0,376.221,-94.666,0.0,0.0,-94.666,22.261,,-72.405,0.0,0.0,0.0,-72.405,-2.758,-75.163,-1.55,0.0,-76.713,47.777,124.49,232.816,-0.33,-0.33,0.205214,232.816,-0.33,-0.33,0.204714,
06/30/2015,296.941,166.64,187.03,153.375,33.655,-20.39,130.301,0.008,0.0,0.008,0.0,114.5,15.793,-2.0,294.941,-218.394,0.0,218.394,76.547,0.0,0.0,76.547,-21.59,,54.957,0.0,0.0,0.0,54.957,-2.851,52.106,-1.55,0.0,50.556,48.801,-1.755,232.8,0.22,0.22,0.209626,234.669,0.22,0.22,0.209626,
09/30/2015,288.665,163.562,183.687,151.021,32.666,-20.125,125.103,-0.345,0.0,-0.345,0.0,108.823,16.625,-1.0,287.665,-215.436,0.0,215.436,72.229,0.0,0.0,72.229,-8.897,,63.332,0.0,0.0,0.0,63.332,-2.977,60.355,-1.55,0.0,58.805,56.7432,-2.0618,233.111,0.25,0.25,0.243417,235.058,0.25,0.25,0.241229,
12/31/2015,298.884,166.652,187.62,152.993,34.627,-20.968,132.232,1.439,0.0,1.439,0.0,118.794,11.999,-1.0,297.884,-243.74,0.0,243.74,54.144,0.0,0.0,54.144,-2.715,,51.429,0.0,0.0,0.0,51.429,-2.848,48.581,-1.55,0.0,47.031,60.03165,13.00065,237.983,0.2,0.2,0.252252,240.072,0.2,0.2,0.252252,
03/31/2016,306.379,172.074,193.664,159.981,33.683,-21.59,134.305,1.574,0.0,1.574,0.0,116.053,16.678,-3.0,303.379,-226.927,0.0,226.927,76.452,0.0,0.0,76.452,-24.239,,52.213,0.0,0.0,0.0,52.213,-2.851,49.362,-1.55,0.0,47.812,52.49785,4.68585,234.651,0.2,0.2,0.223727,236.666,0.2,0.2,0.219799,
06/30/2016,321.778,176.264,197.376,164.007,33.369,-21.112,145.514,0.099,0.0,0.099,0.0,129.949,15.466,-4.0,317.778,-226.822,0.0,226.822,90.956,0.0,0.0,90.956,-30.016,,60.94,0.0,0.0,0.0,60.94,-2.852,58.088,-1.55,0.0,56.538,73.74415,17.20615,231.573,0.24,0.24,0.318449,233.576,0.24,0.24,0.313664,
09/30/2016,333.74,185.195,206.972,174.882,32.09,-21.777,148.545,-0.2,0.0,-0.2,0.0,122.942,25.803,-4.0,329.74,-233.558,0.0,233.558,96.182,0.0,0.0,96.182,-28.547,,67.635,0.0,0.0,0.0,67.635,-2.883,64.752,-1.55,0.0,63.202,62.3076,-0.8944,231.856,0.27,0.27,0.268734,234.092,0.27,0.27,0.266179,
12/31/2016,319.628,195.551,219.897,185.294,34.603,-24.346,124.077,-0.132,0.0,-0.132,0.0,110.354,13.855,0.0,319.628,-237.897,0.0,237.897,81.731,0.0,0.0,81.731,-24.008,,57.723,0.0,0.0,0.0,57.723,-2.879,54.844,-1.55,0.0,53.294,56.3386,3.0446,232.731,0.23,0.23,0.242076,235.59,0.23,0.23,0.242076,
03/31/2017,306.647,189.708,218.811,185.343,33.468,-29.103,116.939,0.044,0.0,0.044,0.0,100.518,16.377,1.0,307.647,-222.205,0.0,222.205,85.442,0.0,0.0,85.442,-27.054,,58.388,0.0,0.0,0.0,58.388,-2.82,55.568,-1.55,0.0,54.018,53.8282,-0.1898,233.076,0.23,0.23,0.230947,236.855,0.23,0.23,0.229199,
06/30/2017,328.374,200.701,235.341,196.624,38.717,-34.64,127.673,0.405,0.0,0.405,0.0,109.568,17.7,2.0,330.374,-217.917,0.0,217.917,112.457,0.0,0.0,112.457,-17.253,,95.204,0.0,0.0,0.0,95.204,-2.852,92.352,-1.55,0.0,90.802,97.38845,6.58645,233.482,0.39,0.39,0.417113,236.263,0.38,0.38,0.407878,
09/30/2017,322.234,209.817,248.145,208.054,40.091,-38.328,112.417,0.006,0.0,0.006,0.0,113.704,-1.293,0.0,322.234,-236.869,0.0,236.869,85.365,0.0,0.0,85.365,-13.596,,71.769,0.0,0.0,0.0,71.769,-2.883,68.886,-1.55,0.0,67.336,81.95515,14.61915,233.749,0.29,0.29,0.350612,236.34,0.28,0.28,0.341856,
12/31/2017,375.278,242.088,287.633,241.791,45.842,-45.545,133.19,0.137,0.0,0.137,0.0,117.955,15.098,-3.0,372.278,-346.67,0.0,346.67,25.608,0.0,0.0,25.608,-73.989,,-48.381,0.0,0.0,0.0,-48.381,-2.91,-51.291,-1.55,0.0,-52.841,73.3281,126.1691,265.169,-0.2,-0.2,0.276533,265.169,-0.2,-0.2,0.275806,
03/31/2018,437.19,301.173,363.355,303.825,59.53,-62.182,136.017,0.086,0.0,0.086,0.0,110.465,25.466,1.0,438.19,-313.265,0.0,313.265,124.925,0.0,0.0,124.925,-29.931,,94.994,0.0,0.0,0.0,94.994,-2.82,92.174,-1.55,0.0,90.624,113.78186,23.15786,326.489,0.28,0.28,0.348501,330.344,0.27,0.27,0.340102,
06/30/2018,438.457,310.932,387.811,329.075,58.736,-76.879,127.525,0.031,0.0,0.031,0.0,105.278,22.216,0.0,438.457,-332.768,0.0,332.768,105.689,0.0,0.0,105.689,-19.697,,85.992,0.0,0.0,0.0,85.992,-2.852,83.14,-1.55,0.0,81.59,117.85764,36.26764,325.153,0.25,0.25,0.362468,328.426,0.25,0.25,0.360429,
09/30/2018,654.672,305.7,393.669,337.04,56.629,-87.969,348.972,212.859,0.0,212.859,0.0,115.808,20.305,-2.0,652.672,-294.031,0.0,294.031,358.641,0.0,0.0,358.641,-83.925,,274.716,0.0,0.0,0.0,274.716,-2.883,271.833,-1.55,0.0,270.283,116.5214,-153.7616,324.406,0.83,0.83,0.359184,327.252,0.83,0.83,0.359184,
12/31/2018,412.786,302.512,401.186,341.388,59.798,-98.674,110.274,-0.028,0.0,-0.028,0.0,100.254,10.048,-6.0,406.786,-281.932,0.0,281.932,124.854,0.0,0.0,124.854,-24.049,,100.805,0.0,0.0,0.0,100.805,-2.91,97.895,-1.55,0.0,96.345,117.74455,21.39955,321.505,0.3,0.3,0.366229,323.885,0.3,0.3,0.366071,
03/31/2019,435.553,294.508,400.615,345.216,55.399,-106.107,141.045,0.031,0.0,0.031,0.0,118.36,22.654,-9.0,426.553,-296.09,0.0,296.09,130.463,0.0,0.0,130.463,-27.058,,103.405,0.0,0.0,0.0,103.405,-2.82,100.585,-1.55,0.0,99.035,122.95157,23.91657,317.435,0.31,0.31,0.387328,319.581,0.31,0.31,0.384837,
06/30/2019,461.603,303.61,412.089,359.428,52.661,-108.479,157.993,0.316,0.0,0.316,0.0,129.723,27.954,-13.0,448.603,-300.394,0.0,300.394,148.209,0.0,0.0,148.209,-34.467,0.0,113.742,0.0,0.0,0.0,113.742,-2.852,110.89,-1.55,0.0,109.34,132.96416,23.62416,314.063,0.35,0.35,0.423368,315.786,0.35,0.35,0.423368,
09/30/2019,472.411,300.676,407.494,362.012,45.482,-106.818,171.735,0.097,0.0,0.097,0.0,142.38,29.258,-15.0,457.411,-307.672,0.0,307.672,149.739,0.0,0.0,149.739,-35.796,0.0,113.943,0.0,0.0,0.0,113.943,-2.883,111.06,-1.55,0.0,109.51,131.16074,21.65074,311.888,0.35,0.35,0.420538,313.805,0.35,0.35,0.418994,
12/31/2019,494.7,311.393,404.142,358.898,45.244,-92.749,183.307,-0.003,0.0,-0.003,0.0,153.936,29.374,-10.0,484.7,-327.447,0.0,327.447,157.253,0.0,0.0,157.253,-35.97,,121.283,0.0,0.0,0.0,121.283,-2.91,118.373,-1.55,0.0,116.823,137.07702,20.25402,311.25,0.38,0.38,0.440408,313.353,0.37,0.37,0.434636,
03/31/2020,477.558,302.802,378.368,330.465,47.903,-75.566,174.756,0.025,0.0,0.025,0.0,164.217,10.514,-145.0,332.558,-311.319,0.0,311.319,21.239,0.0,0.0,21.239,-4.767,,16.472,0.0,0.0,0.0,16.472,-2.852,13.62,-1.55,0.0,12.07,17.00753,4.93753,311.597,0.04,0.04,0.054582,313.17,0.04,0.04,0.054582,
06/30/2020,511.613,305.344,346.624,306.196,40.428,-41.28,206.269,-1.493,0.0,-1.493,0.0,180.514,27.248,-110.0,401.613,-332.168,0.0,332.168,69.445,0.0,0.0,69.445,-12.78,0.0,56.665,0.0,0.0,0.0,56.665,-2.851,53.814,-1.55,0.0,52.264,75.36356,23.09956,312.09,0.17,0.17,0.24148,312.936,0.17,0.17,0.24148,
09/30/2020,881.727,,,,,,,,,,,,,,,,,,,,,146.033,,,272.688,,,,,,272.688,,,272.688,109.475,,,0.547,0.547,0.18,,0.547,0.547,0.18,
12/31/2020,790.273,,,,,,,,,,,,,,,,,,,,,237.0,,,155.875,,,,,,155.875,,,155.875,192.125,,,0.269,0.269,0.329,,0.269,0.269,0.329,
