Date,Revenue,Sales & Services Revenue,Cost of Revenue,Cost of Goods & Services,Gross Profit,Other Operating Income,Operating Expenses,"Selling, General & Admin",Other Operating Expense,Operating Income (Loss),Non-Operating (Income) Loss,"Interest Expense, Net",Interest Expense,Interest Income,Foreign Exch (Gain) Loss,(Income) Loss from Affiliates,Other Non-Op (Income) Loss,Pretax Income,Income Tax Expense (Benefit),Income (Loss) from Cont Ops,Net Extraordinary Losses (Gains),Discontinued Operations,XO & Accounting Changes,Income (Loss) Incl. MI,Minority Interest,"Net Income, GAAP",Preferred Dividends,Other Adjustments,"Net Income Avail to Common, GAAP","Net Income Avail to Common, Adj",Net Abnormal Losses (Gains),Basic Weighted Avg Shares,"Basic EPS, GAAP",Basic EPS from Cont Ops,"Basic EPS from Cont Ops, Adjusted",Diluted Weighted Avg Shares,"Diluted EPS, GAAP",Diluted EPS from Cont Ops,"Diluted EPS from Cont Ops, Adjusted",Source: Bloomberg
12/31/1989,43.948997,,,,,,,,,,,,,,,,,,,,,,,,,3.072,,,3.072,3.072,,389.377103,0.007901,0.007901,,389.377103,0.007901,0.007901,0.007901,
03/31/1990,44.441002,,-27.757,,16.684002,,-11.223,,,5.461,-0.553,,,,0.0,,0.553,4.908,-1.767,3.141,0.0,,,3.141,0.0,3.141,0.0,,3.141,3.141,,390.971827,0.008121,0.008121,,390.971827,0.008121,0.008121,0.008121,
06/30/1990,45.365002,,-29.167999,,16.197002,,-10.384,,,5.813,-0.529,,,,0.0,,0.529,5.284,-1.902,3.382,0.0,,,3.382,0.0,3.382,0.0,,3.382,3.382,,392.566508,0.00856,0.00856,,392.566508,0.00856,0.00856,0.00856,
09/30/1990,46.327,,-29.135,,17.191999,,-11.18,,,6.012,-0.462,,,,0.0,,0.462,5.55,-1.998,3.552,0.0,,,3.552,0.0,3.552,0.0,,3.552,3.552,,392.839863,0.008999,0.008999,,392.839863,0.008999,0.008999,0.008999,
12/31/1990,47.047001,,-25.987,,21.060001,,-14.944,,,6.116,-0.367,,,,0.0,,0.367,5.749,-2.07,3.679,0.0,,,3.679,0.0,3.679,0.0,,3.679,3.679,,388.377848,0.009438,0.009438,0.009438,388.377848,0.009438,0.009438,0.009438,
03/31/1991,47.660999,,-30.469999,,17.191,,-10.596,,,6.595,-0.439,,,,0.0,,0.439,6.156,-2.216,3.94,0.0,,,3.94,0.0,3.94,0.0,,3.94,3.94,,398.94523,0.009877,0.009877,,398.94523,0.009877,0.009877,0.009877,
06/30/1991,71.419998,,-43.949001,,27.470997,,-19.493,,,7.978,-1.143,,,,0.0,,1.143,6.835,-2.461,4.374,0.0,,,4.374,0.0,4.374,0.0,,4.374,4.374,,424.022081,0.010316,0.010316,,424.022081,0.010316,0.010316,0.010316,
09/30/1991,82.388,,-49.686001,,32.702,,-24.414,,,8.288,-0.646,,,,0.0,,0.646,7.642,-2.751,4.891,0.0,,,4.891,0.0,4.891,0.0,,4.891,4.891,,463.006126,0.010535,0.010535,,463.006126,0.010535,0.010535,0.010535,
12/31/1991,79.863998,,-43.654999,,36.208999,,-27.419001,,,8.79,-0.772,,,,0.0,,0.772,8.018,-2.886,5.132,0.0,,,5.132,0.0,5.132,0.0,,5.132,5.132,,464.889375,0.011193,0.011193,0.011193,464.889375,0.011193,0.011193,0.011193,
03/31/1992,81.278,,-51.870998,,29.407001,,-19.993,,,9.414,-0.583,,,,0.0,,0.583,8.831,-3.356,5.475,0.0,,,5.475,0.0,5.475,0.0,,5.475,5.475,,465.375378,0.011852,0.011852,,465.375378,0.011852,0.011852,0.011852,
06/30/1992,82.317001,,-52.312,,30.005001,,-20.351,,,9.654,-0.472,,,,0.0,,0.472,9.182,-3.489,5.693,0.0,,,5.693,0.0,5.693,0.0,,5.693,5.693,,466.195487,0.012346,0.012346,,466.195487,0.012346,0.012346,0.012346,
09/30/1992,83.656998,,-52.542999,,31.113998,,-21.173,,,9.941,-0.471,,,,0.0,,0.471,9.47,-3.599,5.871,0.0,,,5.871,0.0,5.871,0.0,,5.871,5.871,,467.0865,0.012346,0.012346,,467.0865,0.012346,0.012346,0.012346,
12/31/1992,84.837997,,-47.168999,,37.668998,,-27.441,,,10.228,-0.632,,,,0.0,,0.632,9.596,-3.646,5.95,0.0,,,5.95,0.0,5.95,0.0,,5.95,5.95,,466.4385,0.01284,0.01284,0.01284,466.4385,0.01284,0.01284,0.01284,
03/31/1993,99.723,,-64.016998,,35.706001,,-24.215,,,11.491,-0.867,,,,0.0,,0.867,10.624,-3.834,6.79,0.0,,,6.79,0.0,6.79,0.0,,6.79,6.79,,493.472239,0.014074,0.014321,,493.472239,0.014074,0.014321,0.014321,
06/30/1993,111.18,,-70.525002,,40.654999,,-27.323,,,13.332,-0.976,,,,0.0,,0.976,12.356,-4.695,7.661,0.0,,,7.661,0.0,7.661,0.0,,7.661,7.661,,519.331524,0.014815,0.014815,,519.331524,0.014815,0.014815,0.014815,
09/30/1993,116.439003,,-73.981003,,42.458,,-28.382999,,,14.075,-0.845,,,,0.0,,0.845,13.23,-5.292,7.938,0.0,,,7.938,0.0,7.938,0.0,,7.938,7.938,,534.788979,0.014815,0.014815,,534.788979,0.014815,0.014815,0.014815,
12/31/1993,127.349998,,-81.158997,,46.191001,,-31.347,,,14.844,-1.028,,,,0.0,,1.028,13.816,-5.512,8.304,0.0,,,8.304,0.0,8.304,0.0,,8.304,8.304,,535.423486,0.015556,0.015556,0.015556,535.423486,0.015556,0.015556,0.015556,
03/31/1994,139.852005,,-89.470001,,50.382004,,-30.34,,,20.042,-4.415,,,,0.0,,4.415,15.627,-6.251,9.376,0.0,,,9.376,0.0,9.376,0.0,,9.376,9.376,,534.667494,0.017037,0.017037,,534.667494,0.017037,0.017037,0.017037,
06/30/1994,139.800995,,-88.266998,,51.533997,,-35.952999,,,15.581,1.209,,,,0.0,,-1.209,16.79,-6.716,10.074,0.0,,,10.074,0.0,10.074,0.0,,10.074,10.074,,547.18202,0.018519,0.018519,,547.18202,0.018519,0.018519,0.018519,
09/30/1994,143.660995,,-116.209999,,27.450996,,-8.484,,,18.966999,-1.813,,,,0.0,,1.813,17.153999,-6.861,10.293,0.0,,,10.292999,0.0,10.293,0.0,,10.293,10.293,,619.163979,0.018519,0.018519,,619.163979,0.018519,0.018519,0.018519,
12/31/1994,140.276001,,-61.967999,,78.308002,,-63.691002,,,14.617,-1.414,,8.71,,0.0,,-7.296,13.203,-5.282,7.921,0.0,,,7.921,0.0,7.921,0.0,,7.921,7.921,,544.805987,0.018519,0.018519,0.018519,544.805987,0.018519,0.018519,0.018519,
03/31/1995,152.604996,,-95.818001,,56.786995,,-37.345001,,,19.441999,-1.731,,,,0.0,,1.731,17.710999,-7.262,10.449,0.0,,,10.448999,0.0,10.449,0.0,,10.449,10.449,,540.877481,0.019259,0.019259,,540.877481,0.019259,0.019259,0.019259,
06/30/1995,173.470001,,-104.915001,,68.555,,-45.693001,,,22.862,-2.554,,,,0.0,,2.554,20.308,-8.326,11.982,0.0,,,11.981999,0.0,11.982,0.0,,11.982,11.982,,586.021505,0.020741,0.020741,,586.021505,0.020741,0.020741,0.020741,
09/30/1995,176.921997,,-135.628998,,41.292999,,-12.657,,,28.636,-6.413,,,,0.0,,6.413,22.223,-9.111,13.112,0.0,,,13.112,0.0,13.112,0.0,,13.112,13.112,,619.163979,0.021481,0.021481,0.021481,619.163979,0.021481,0.021481,0.021481,
12/31/1995,200.382996,,-90.280998,,110.101998,,-260.751007,,,-150.649002,-8.124,,,,0.0,,8.124,-158.773002,63.367001,-95.405998,0.0,,,-95.406001,0.0,-95.405998,0.0,,-95.405998,-95.405998,,618.921014,-0.155556,-0.155556,-0.155556,618.921014,-0.155556,-0.155556,-0.155556,
03/31/1996,215.059006,,,,,,-176.326004,,,38.733002,-5.655,,,,0.0,,5.655,33.078001,-13.445,19.632999,0.0,,,19.633002,0.0,19.632999,0.0,,19.632999,19.632999,,697.477512,0.028148,0.028148,0.028148,697.477512,0.028148,0.028148,0.028148,
06/30/1996,217.516006,,,,,,-178.285004,,,39.230999,-5.076,,,,0.0,,5.076,34.154999,-13.957,20.198,0.0,,,20.197999,0.0,20.198,0.0,,20.198,20.198,,701.149504,0.028889,0.028889,0.028889,701.149504,0.028889,0.028889,0.028889,
09/30/1996,215.332001,,,,,,-178.233994,,,37.098,-4.294,,,,0.0,,4.294,32.803999,-13.335,19.469,0.0,,,19.468999,0.0,19.469,0.0,,19.469,19.469,,701.716501,0.027407,0.027407,0.027407,701.716501,0.027407,0.027407,0.027407,
12/31/1996,231.542007,,,,,,-193.054001,,,38.487999,18.368,,,,0.0,,-18.368,56.855999,-14.017,20.408001,0.0,,,42.838999,0.0,20.408001,0.0,,20.408001,20.408001,,627.884973,0.025926,0.031111,0.031111,627.884973,0.025926,0.031111,0.031111,
03/31/1997,228.319,,,,,,-186.522003,,,41.797001,-3.487,,,,0.0,,3.487,38.310001,-15.707,22.603001,0.0,,,22.603001,0.0,22.603001,0.0,,22.603001,22.603001,,689.593517,0.032593,0.032593,0.032593,707.022022,0.031852,0.031852,0.031852,
06/30/1997,238.386002,,,,,,-199.748001,,,38.638,-3.341,,,,0.0,,3.341,35.297,-14.472,20.825001,0.0,,,20.825,0.0,20.825001,0.0,,20.825001,20.825001,,700.029001,0.03,0.03,0.03,720.400486,0.028889,0.028889,0.028889,
09/30/1997,238.255005,,,,,,-196.251999,,,42.002998,-2.701,,,,0.0,,2.701,39.301998,-16.114,23.188,0.0,,,23.187998,0.0,23.188,0.0,,23.188,23.188,,729.823511,0.031852,0.031852,0.031852,729.823511,0.031852,0.031852,0.031852,
12/31/1997,291.341003,,,,,,-240.441024,,,50.899995,-2.349001,,22.006001,,0.0,,-19.657,48.550994,-19.905999,28.645002,0.0,,,28.644995,0.0,28.645002,0.0,,28.645002,28.645002,,750.289446,0.038519,0.038519,0.038519,811.944013,0.035556,0.035556,0.035556,
03/31/1998,273.82901,,,,,,-224.445007,,,49.383999,-3.367,,,,0.0,,3.367,46.016999,-18.867001,27.15,0.0,,,27.149998,0.0,27.15,0.0,,27.15,27.15,,725.152502,0.037778,0.037778,0.037778,748.777502,0.036296,0.036296,0.036296,
06/30/1998,311.220001,,,,,,-258.39801,,,52.821999,-4.228,,,,0.0,,4.228,48.593998,-19.924,28.67,0.0,,,28.669999,0.0,28.67,0.0,,28.67,28.67,,748.116005,0.037778,0.037778,0.037778,773.370003,0.036667,0.036667,0.036667,
09/30/1998,309.542999,,,,,,-256.609009,,,52.933998,-3.998,,,,0.0,,3.998,48.935998,-20.063,28.872999,0.0,,,28.872998,0.0,28.872999,0.0,,28.872999,28.872999,,737.613007,0.038889,0.038889,0.038889,764.442032,0.037778,0.037778,0.037778,
12/31/1998,339.078003,,,,,,-284.57901,,,54.499001,-4.362,,,,0.0,,4.362,50.137001,-20.556,29.580999,0.0,,,29.581001,0.0,29.580999,0.0,,29.580999,29.580999,,738.063034,0.04,0.04,0.04,765.108009,0.038889,0.038889,0.038889,
03/31/1999,337.128998,,,,,,-276.506012,,,60.623001,-3.985,,,,0.0,,3.985,56.638001,-23.222,33.416,0.0,,,33.416001,0.0,33.416,0.0,,33.416,33.416,,739.376999,0.045556,0.045556,0.045556,767.276985,0.043333,0.043333,0.043333,
06/30/1999,343.252014,,,,,,-280.738007,,,62.514,-4.315,,,,0.0,,4.315,58.199,-23.861,34.338001,0.0,,,34.338,0.0,34.338001,0.0,,34.338001,34.338001,,740.988007,0.046667,0.046667,0.046667,763.812012,0.045,0.045,0.045,
09/30/1999,352.662994,,,,,,-288.093994,,,64.569,-4.913,,,,0.0,,4.913,59.656,-24.459,35.196999,0.0,,,35.197001,0.0,35.196999,0.0,,35.196999,35.196999,,739.355988,0.048333,0.048333,0.048333,755.843994,0.046667,0.046667,0.046667,
12/31/1999,374.501007,,,,,,-309.122009,,,65.378998,-6.197,,,,0.0,,6.197,59.181998,-24.264999,34.917,0.0,,,34.916998,0.0,34.917,0.0,,34.917,34.917,,735.720016,0.046667,0.046667,0.046667,753.371979,0.046667,0.046667,0.046667,
03/31/2000,396.402008,,,,,,-317.447998,,,78.954002,-5.806,,,,0.0,,5.806,73.148002,-29.990999,43.157001,0.0,,,43.157003,0.0,43.157001,0.0,0.0,43.157001,43.157001,,735.73201,0.058333,0.058333,0.058333,753.257996,0.056667,0.056667,0.056667,
06/30/2000,416.43399,,,,,,-337.04599,,,79.388,-3.072,,,,0.0,,3.072,76.316,-31.289,45.027,0.0,,,45.027001,0.0,45.027,0.0,0.0,45.027,45.027,,737.945984,0.061667,0.061667,0.058333,758.406006,0.06,0.06,0.056667,
09/30/2000,406.188995,,,,,,-327.966003,,,78.223,-2.388,,,,0.0,,2.388,75.835,-31.093,44.742001,0.0,,,44.741999,0.0,44.742001,0.0,0.0,44.742001,44.742001,,740.603989,0.06,0.06,0.058333,762.269989,0.058333,0.058333,0.056667,
12/31/2000,434.581,,-31.055,,403.526,0.0,-325.785,,,77.741,-3.005,4.988,,,,,-1.983,74.736,-30.641,44.095,,,,44.095,,44.095,,0.0,44.095,44.095,,742.32,0.06,0.06,0.06,762.93,0.058333,0.058333,0.058333,
03/31/2001,527.651,,-99.826,,427.825,0.0,-341.22,,,86.605,-1.996,3.817,,,,,-1.821,84.609,-33.844,50.765,,,,50.765,,50.765,0.0,0.0,50.765,50.765,,1116.972,0.045,0.045,0.045,1145.1,0.045,0.045,0.045,
06/30/2001,543.624,,-98.482,,445.142,0.0,-356.763,,,88.379,-1.731,3.237,,,,,-1.506,86.648,-34.659,51.989,,,,51.989,,51.989,0.0,0.0,51.989,51.989,,1119.348,0.046667,0.046667,0.046667,1147.512,0.045,0.045,0.045,
09/30/2001,539.231,,-101.196,,438.035,0.0,-348.82,,,89.215,-1.501,2.501,,,,,-1.0,87.714,-35.085,52.629,,,,52.629,,52.629,0.0,0.0,52.629,52.629,,747.776,0.07,0.07,0.07,766.164,0.0675,0.0675,0.0675,
12/31/2001,721.711004,,-278.264,,443.447004,0.0,-353.949002,,,89.498002,-5.755,5.755,,,0.0,,-90.961998,174.705,-35.223,52.834002,0.0,,,139.482,0.0,52.834002,0.0,0.0,52.834002,52.834002,,752.204,0.07,0.07,0.07,770.784,0.0675,0.0675,0.0675,
03/31/2002,632.843,,-111.212,,521.631,0.0,-412.202,,,109.429,-2.687,2.687,,,,,0.0,106.742,-41.629,65.113,,,,65.113,,65.113,,0.0,65.113,65.113,,762.676,0.085,0.085,0.085,780.608,0.0825,0.0825,0.0825,
06/30/2002,632.426,,-111.059,,521.367,0.0,-410.502,,,110.865,-1.611,2.178,,,,,-0.567,109.254,-42.609,66.645,,,,66.645,,66.645,,0.0,66.645,66.645,,765.68,0.0875,0.0875,0.0875,781.896,0.085,0.085,0.085,
09/30/2002,636.098,,-111.284,,524.814,0.0,-414.565,,,110.249,-1.804,1.804,,,,,0.0,108.445,-42.294,66.151,,,,66.151,,66.151,,0.0,66.151,66.151,,768.192,0.085,0.085,0.085,780.1,0.085,0.085,0.085,
12/31/2002,668.861,,-122.973,,545.888,0.0,-432.051,,,113.837,-1.988,2.5,,,,,-0.512,111.849,-43.621,68.228,,,,68.228,,68.228,0.0,0.0,68.228,68.228,,765.632,0.09,0.09,0.09,776.612,0.0875,0.0875,0.0875,
03/31/2003,707.498,,-135.112,,572.386,0.0,-447.789,,,124.597,-2.977,2.977,,,,,0.0,121.62,-47.432,74.188,,,,74.188,,74.188,,0.0,74.188,74.188,,768.548,0.0975,0.0975,0.0975,778.984,0.095,0.095,0.095,
06/30/2003,738.615,,-131.117,,607.498,0.0,-475.438,,,132.06,-3.474,3.474,,,,,0.0,128.586,-50.148,78.438,,,,78.438,,78.438,,0.0,78.438,78.438,,773.18,0.1025,0.1025,0.1025,783.244,0.1,0.1,0.1,
09/30/2003,796.052,,-139.542,,656.51,0.0,-520.215,,,136.295,-4.472,4.472,,,,,0.0,131.823,-51.411,80.412,,,,80.412,,80.412,,0.0,80.412,80.412,,774.504,0.105,0.105,0.105,786.112,0.1025,0.1025,0.1025,
12/31/2003,837.325012,,-481.347992,,355.97702,,-216.960999,,,139.016006,-4.632,,,,0.0,,4.632,134.384007,-52.41,81.973999,0.0,,,81.974007,0.0,81.973999,0.0,,81.973999,81.973999,,775.607971,0.105,0.105,0.105,786.651978,0.105,0.105,0.105,
03/31/2004,908.877014,,-574.590027,,334.286987,,-172.949005,,,161.337997,-4.732,,,,0.0,,4.732,156.605997,-60.896999,95.709,2.911,,,92.797998,0.0,92.797997,0.0,0.0,92.797997,92.797997,,778.219972,0.12,0.1225,0.1225,788.252016,0.1175,0.1225,0.1225,
06/30/2004,919.77301,,-576.890991,,342.882019,,-180.970001,,,161.912003,-4.486,,,,0.0,,4.486,157.426003,-61.331001,96.095001,1.061,,,95.034002,0.0,95.033997,0.0,0.0,95.033997,95.033997,,780.20398,0.1225,0.1225,0.1225,789.515992,0.12,0.1225,0.1225,
09/30/2004,934.692,,-256.115,,678.577,,-504.879,,,173.698,-4.395,4.395,,,,,0.0,169.303,-65.008,104.295,11.938,,,92.357,,92.357,,,92.357,92.357,,781.336,0.1175,0.1325,0.1325,789.888,0.1175,0.1325,0.1325,
12/31/2004,966.404,,-615.848,,350.556,,-187.944,,,162.612,-4.581,,,,0.0,,4.581,158.031,-59.232,98.799,1.346,,,97.453,0.0,97.453,0.0,,97.453,97.453,,779.932,0.125,0.1275,0.1275,788.936,0.1225,0.125,0.125,
03/31/2005,973.114,,-609.753,,363.361,,-175.345,,,188.016,39.79,,,,0.0,,-39.79,227.806,-88.161,139.645,0.619,,,139.026,0.0,139.026,0.0,0.0,139.026,139.026,,773.532,0.18,0.18,0.1475,781.98,0.1775,0.1775,0.145,
06/30/2005,996.426,,-682.871,,313.555,,-126.31,,,187.245,-1.28,1.28,1.28,,0.0,,0.0,185.965,-71.968,113.997,0.0,,,113.997,0.0,113.997,0.0,0.0,113.997,113.997,,763.516,0.15,0.15,0.15,772.908,0.1475,0.1475,0.1475,
09/30/2005,1011.645,,-710.467,,301.178,,-129.659,129.659,0.0,171.519,-3.429,3.429,3.429,,0.0,,0.0,168.09,-58.751,109.339,-3.6,,,112.939,0.0,112.939,0.0,0.0,112.939,112.939,-5.69,749.624,0.15,0.145,0.1375,758.704,0.15,0.145,0.1375,
12/31/2005,1078.293,,-670.632,,407.661,,-209.045,,,198.616,37.474,,,,0.0,,-37.474,236.09,-87.714,148.376,-2.1,,,150.476,0.0,150.476,0.0,0.0,150.476,150.476,,734.24,0.205,0.2025,0.1425,741.88,0.2025,0.2,0.14,
03/31/2006,1096.668,,-758.062,,338.606,,-145.653,,,192.953,-6.106,6.106,6.106,,0.0,,0.0,186.847,-70.636,116.211,0.0,,,116.211,0.0,116.211,0.0,0.0,116.211,116.211,,717.404,0.1625,0.1625,0.1625,727.132,0.16,0.16,0.16,
06/30/2006,1057.494,,-743.357,,314.137,0.0,-137.569,137.569,0.0,176.568,-10.351,,10.351,,0.0,,,166.217,-61.639,104.578,-13.091,,,117.669,0.0,117.669,0.0,0.0,117.669,117.669,,700.452,0.1675,0.15,0.15,710.204,0.165,0.1475,0.1475,
09/30/2006,1122.517,,-802.233,,320.284,0.0,-139.905,139.905,0.0,180.379,-11.582,,11.582,,0.0,,,168.797,-63.641,105.156,-4.932,,,110.088,0.0,110.088,0.0,0.0,110.088,110.088,,693.704,0.1575,0.1525,0.1525,703.5,0.1575,0.15,0.15,
12/31/2006,930.051,,-640.633,,289.418,,-128.994,154.384,-25.39,160.424,-10.596,10.924,10.596,,0.0,,-0.328,172.27,-58.061,91.767,-14.179,,,128.388,0.0,105.946,0.0,0.0,105.946,105.946,,662.1624,0.16,0.1375,0.145,699.624,0.1525,0.13,0.1375,
03/31/2007,944.0,,-639.0,,305.0,,-128.0,128.0,0.0,177.0,-9.0,9.0,9.0,,0.0,,0.0,168.0,-65.0,103.0,-11.0,,,114.0,0.0,114.0,0.0,0.0,114.0,114.0,,680.0,0.1675,0.15,0.15,690.4,0.165,0.1475,0.1475,
06/30/2007,939.0,,-624.0,,315.0,,-133.0,,,182.0,-11.0,11.0,11.0,,0.0,,0.0,171.0,-66.0,105.0,-3.0,,,108.0,0.0,108.0,0.0,0.0,108.0,108.0,,669.6,0.1625,0.1575,0.1675,679.6,0.16,0.155,0.165,
09/30/2007,924.0,,-612.0,,312.0,,-120.0,120.0,0.0,192.0,-12.0,12.0,12.0,,0.0,,0.0,180.0,-68.0,112.0,-9.0,,,121.0,0.0,121.0,0.0,0.0,121.0,121.0,,658.8,0.1825,0.17,0.1775,666.4,0.1825,0.1675,0.175,
12/31/2007,1105.0,,-754.0,,351.0,0.0,-169.0,169.0,0.0,182.0,-36.0,,36.0,,0.0,0.0,0.0,146.0,-55.0,91.0,-5.0,,,96.0,0.0,96.0,0.0,0.0,96.0,96.0,,663.6,0.145,0.1375,0.1375,663.6,0.145,0.1375,0.1375,
03/31/2008,1306.0,,-865.0,,441.0,0.0,-211.0,211.0,0.0,230.0,-69.0,69.0,,,,,0.0,161.0,-62.0,99.0,-230.0,,,329.0,0.0,329.0,0.0,0.0,329.0,329.0,,656.0,0.5,0.1525,0.206,661.6,0.4975,0.15,0.203,
06/30/2008,1292.0,,-849.0,,443.0,0.0,-216.0,216.0,0.0,227.0,-61.0,,61.0,,,,,166.0,-64.0,102.0,2.0,,,100.0,0.0,100.0,0.0,0.0,100.0,100.0,,653.6,0.1525,0.155,0.215,659.2,0.15,0.155,0.215,
09/30/2008,1038.0,,-622.0,,416.0,0.0,-199.0,199.0,0.0,217.0,-35.0,,57.0,,,,-19.0,182.0,-107.0,75.0,-3.0,,,78.0,0.0,78.0,0.0,0.0,78.0,78.0,,650.0,0.12,0.115,0.205,655.2,0.12,0.115,0.2025,
12/31/2008,1040.0,,-612.0,,428.0,0.0,-198.0,198.0,0.0,230.0,-100.0,60.0,73.0,,,3.0,40.0,130.0,-53.0,80.0,18.0,,,62.0,0.0,62.0,0.0,0.0,62.0,62.0,,633.6,0.0975,0.125,0.22,633.6,0.0975,0.125,0.22,
03/31/2009,1023.0,1023.0,-600.0,600.0,423.0,0.0,-198.0,198.0,0.0,225.0,-54.0,54.0,,,,1.0,0.0,171.0,-66.0,106.0,3.0,3.0,0.0,103.0,0.0,103.0,0.0,0.0,103.0,119.75,13.75,622.0,0.165,0.17,0.192524,624.0,0.165,0.17,0.192035,
06/30/2009,1000.0,1000.0,-590.0,590.0,410.0,0.0,-176.0,176.0,0.0,234.0,-55.0,55.0,,,,4.0,0.0,179.0,-68.0,115.0,-25.0,-25.0,0.0,140.0,0.0,140.0,0.0,0.0,140.0,117.418605,2.418605,620.0,0.225,0.185,0.189385,623.2,0.225,0.185,0.188881,
09/30/2009,992.0,992.0,-579.0,579.0,413.0,0.0,-182.0,182.0,0.0,231.0,-52.0,52.0,,,,5.0,0.0,179.0,-60.0,124.0,9.0,9.0,0.0,115.0,0.0,115.0,0.0,0.0,115.0,119.97619,-4.02381,615.6,0.1875,0.2,0.194893,620.8,0.185,0.1975,0.191018,
12/31/2009,1062.0,1062.0,-611.0,611.0,451.0,0.0,-195.0,195.0,0.0,256.0,-51.0,51.0,,,,2.0,0.0,205.0,-79.0,128.0,10.0,10.0,0.0,118.0,0.0,118.0,0.0,0.0,118.0,121.703704,-6.296296,618.8,0.19,0.2075,0.196677,618.8,0.19,0.2075,0.196677,
03/31/2010,1008.0,1008.0,-598.0,598.0,410.0,0.0,-172.0,172.0,0.0,238.0,-45.0,45.0,,,,3.0,0.0,193.0,-73.0,123.0,2.0,2.0,0.0,121.0,0.0,121.0,0.0,0.0,121.0,123.0,0.0,610.0,0.1975,0.2025,0.2025,614.8,0.1975,0.2,0.2,
06/30/2010,1022.0,1022.0,-586.0,586.0,436.0,0.0,-185.0,185.0,0.0,251.0,-46.0,46.0,,,,3.0,0.0,205.0,-78.0,130.0,3.0,3.0,0.0,127.0,0.0,127.0,0.0,0.0,127.0,130.0,0.0,605.6,0.21,0.215,0.215,610.4,0.2075,0.2125,0.2125,
09/30/2010,1025.0,1025.0,-589.0,589.0,436.0,0.0,-185.0,185.0,0.0,251.0,-49.0,49.0,,,,5.0,0.0,202.0,-73.0,134.0,2.0,2.0,0.0,132.0,0.0,132.0,0.0,0.0,132.0,134.0,0.0,598.8,0.22,0.225,0.225,603.6,0.2175,0.2225,0.2225,
12/31/2010,1078.0,1078.0,-613.0,613.0,465.0,0.0,-198.0,198.0,0.0,267.0,-74.0,48.0,,,,3.0,26.0,193.0,-77.0,119.0,3.0,3.0,0.0,116.0,0.0,116.0,0.0,0.0,116.0,135.25,16.25,599.2,0.195,0.2,0.225717,599.2,0.195,0.2,0.225717,
03/31/2011,1048.0,1048.0,-624.0,624.0,424.0,0.0,-203.0,203.0,0.0,221.0,-45.0,45.0,,,,2.0,0.0,176.0,-64.0,114.0,2.0,2.0,0.0,112.0,0.0,112.0,0.0,0.0,112.0,126.758621,12.758621,583.6,0.1925,0.195,0.217201,590.8,0.19,0.1925,0.214095,
06/30/2011,1065.0,1065.0,-624.0,624.0,441.0,0.0,-190.0,190.0,0.0,251.0,-109.0,,49.0,,,4.0,60.0,142.0,-49.0,97.0,7.0,7.0,0.0,90.0,0.0,90.0,0.0,0.0,90.0,138.25,41.25,570.0,0.1575,0.17,0.242544,576.8,0.155,0.1675,0.239015,
09/30/2011,1063.0,1063.0,-631.0,631.0,432.0,0.0,-189.0,189.0,0.0,243.0,-69.0,,45.0,,,8.0,24.0,174.0,-55.0,127.0,0.0,0.0,0.0,127.0,0.0,127.0,0.0,0.0,127.0,142.529412,15.529412,564.4,0.225,0.225,0.252532,570.4,0.2225,0.2225,0.249725,
12/31/2011,1161.0,1161.0,-663.0,663.0,498.0,0.0,-217.0,217.0,0.0,281.0,-44.0,44.0,,,,4.0,0.0,237.0,-88.0,153.0,10.0,10.0,0.0,143.0,0.0,143.0,0.0,0.0,143.0,154.272727,1.272727,569.2,0.2525,0.2675,0.271034,569.2,0.2525,0.2675,0.269736,
03/31/2012,1097.0,1097.0,-653.0,653.0,444.0,0.0,-205.0,205.0,0.0,239.0,-43.0,,43.0,,,3.0,0.0,196.0,-67.0,132.0,0.0,0.0,0.0,132.0,0.0,132.0,0.0,0.0,132.0,141.545455,9.545455,554.8,0.2375,0.2375,0.255129,562.0,0.235,0.235,0.251985,
06/30/2012,1087.0,1087.0,-626.0,626.0,461.0,0.0,-204.0,204.0,0.0,257.0,-38.0,44.0,,,,3.0,-6.0,219.0,-60.0,162.0,1.0,1.0,0.0,161.0,0.0,161.0,0.0,0.0,161.0,149.285714,-12.714286,544.4,0.295,0.2975,0.274221,551.2,0.2925,0.2925,0.269433,
09/30/2012,1107.0,1107.0,-636.0,636.0,471.0,0.0,-206.0,206.0,0.0,265.0,-48.0,,48.0,,,3.0,0.0,217.0,-80.0,140.0,1.0,1.0,0.0,139.0,0.0,139.0,0.0,0.0,139.0,145.166667,5.166667,539.6,0.2575,0.26,0.269027,546.4,0.255,0.2575,0.266956,
12/31/2012,1145.0,1145.0,-649.0,649.0,496.0,0.0,-209.0,209.0,0.0,287.0,-38.0,38.0,,,,2.0,0.0,249.0,-93.0,158.0,-21.0,-21.0,0.0,179.0,0.0,179.0,0.0,0.0,179.0,160.545455,2.545455,540.2,0.33,0.295,0.297196,540.2,0.33,0.29,0.294712,
03/31/2013,1152.0,1152.0,-712.0,712.0,440.0,0.0,-229.0,229.0,0.0,211.0,-41.0,,41.0,,,5.0,0.0,170.0,-58.0,117.0,0.0,0.0,0.0,117.0,0.0,117.0,0.0,0.0,117.0,148.824742,31.824742,533.6,0.22,0.22,0.278907,540.4,0.2175,0.2175,0.276391,
06/30/2013,1198.0,1198.0,-680.0,680.0,518.0,0.0,-245.0,245.0,0.0,273.0,-41.0,,41.0,,,1.0,0.0,232.0,-81.0,152.0,1.0,1.0,0.0,151.0,0.0,151.0,0.0,0.0,151.0,165.815789,13.815789,530.0,0.285,0.2875,0.31286,537.2,0.2825,0.2825,0.308218,
09/30/2013,1201.0,1201.0,-684.0,684.0,517.0,0.0,-237.0,237.0,0.0,280.0,-41.0,,41.0,,,1.0,0.0,239.0,-79.0,161.0,2.0,2.0,0.0,159.0,0.0,159.0,0.0,0.0,159.0,174.15103,13.15103,519.6,0.305,0.31,0.335164,527.6,0.3025,0.305,0.329926,
12/31/2013,1263.0,1263.0,-700.0,700.0,563.0,0.0,-266.0,266.0,0.0,297.0,-40.0,40.0,,,,73.0,0.0,257.0,-110.0,220.0,-1.0,-1.0,0.0,221.0,0.0,221.0,0.0,0.0,221.0,172.108694,-47.891306,523.8,0.425,0.42,0.328577,523.8,0.42,0.42,0.32857,
03/31/2014,1234.0,1234.0,-721.0,721.0,513.0,0.0,-242.0,242.0,0.0,271.0,-41.0,,41.0,,,4.0,0.0,230.0,-66.0,168.0,0.0,0.0,0.0,168.0,0.0,168.0,0.0,0.0,168.0,177.428706,9.428706,508.8,0.33,0.33,0.34872,517.2,0.325,0.325,0.34323,
06/30/2014,1253.0,1253.0,-703.0,703.0,550.0,0.0,-243.0,243.0,0.0,307.0,-40.0,,41.0,,,0.0,-1.0,267.0,-101.0,166.0,0.0,0.0,0.0,166.0,0.0,166.0,0.0,0.0,166.0,168.083962,2.083962,498.6,0.33,0.33,0.337112,506.8,0.325,0.325,0.329112,
09/30/2014,1263.0,1263.0,-705.0,705.0,558.0,0.0,-243.0,243.0,0.0,315.0,-41.0,,41.0,,,85.0,0.0,274.0,-120.0,239.0,0.0,0.0,0.0,239.0,0.0,239.0,0.0,0.0,239.0,185.351333,-53.648667,495.2,0.48,0.48,0.374296,503.6,0.475,0.475,0.36847,
12/31/2014,1316.0,1316.0,-752.0,752.0,564.0,0.0,-247.0,247.0,0.0,317.0,-41.0,,41.0,,,2.0,0.0,276.0,-97.0,181.0,0.0,0.0,0.0,181.0,0.0,181.0,0.0,0.0,181.0,188.760136,7.760136,494.4,0.365,0.365,0.381796,494.4,0.365,0.365,0.380696,
03/31/2015,1275.0,1275.0,-723.0,723.0,552.0,0.0,-238.0,238.0,0.0,314.0,-40.0,,41.0,,,0.0,-1.0,274.0,-96.0,178.0,0.0,0.0,0.0,178.0,0.0,178.0,0.0,0.0,178.0,185.622982,7.622982,477.6,0.375,0.375,0.388658,486.0,0.365,0.365,0.380685,
06/30/2015,1298.0,1298.0,-710.0,710.0,588.0,0.0,-262.0,262.0,0.0,326.0,-134.0,,49.0,,,1.0,85.0,192.0,-66.0,127.0,0.0,0.0,0.0,127.0,0.0,127.0,0.0,0.0,127.0,200.436205,73.436205,473.0,0.27,0.27,0.423755,480.8,0.265,0.265,0.417737,
09/30/2015,1313.0,1313.0,-713.0,713.0,600.0,0.0,-258.0,258.0,0.0,342.0,-41.0,,41.0,,,34.0,0.0,301.0,-117.0,218.0,0.0,0.0,0.0,218.0,0.0,218.0,0.0,0.0,218.0,212.391304,-5.608696,465.8,0.47,0.47,0.455971,474.0,0.46,0.46,0.448167,
12/31/2015,1368.0,1368.0,-763.0,763.0,605.0,0.0,-276.0,276.0,0.0,329.0,-39.0,,39.0,,,-3.0,0.0,290.0,-98.0,189.0,0.0,0.0,0.0,189.0,0.0,189.0,0.0,0.0,189.0,203.92308,14.92308,463.2,0.405,0.405,0.440248,463.2,0.405,0.405,0.437217,
03/31/2016,1331.0,1331.0,-734.0,734.0,597.0,0.0,-258.0,258.0,0.0,339.0,-47.0,,40.0,,,146.0,7.0,292.0,-149.0,289.0,0.0,0.0,0.0,289.0,0.0,289.0,0.0,0.0,289.0,225.516899,-63.483101,447.0,0.65,0.65,0.504512,454.6,0.635,0.635,0.495354,
06/30/2016,1363.0,1363.0,-727.0,727.0,636.0,0.0,-274.0,274.0,0.0,362.0,-40.0,,40.0,,,0.0,0.0,322.0,-110.0,212.0,0.0,0.0,0.0,212.0,0.0,212.0,0.0,0.0,212.0,219.117647,7.117647,444.0,0.475,0.475,0.493508,451.2,0.47,0.47,0.485775,
09/30/2016,1380.0,1380.0,-737.0,737.0,643.0,0.0,-274.0,274.0,0.0,369.0,-41.0,,41.0,,,0.0,0.0,328.0,-114.0,214.0,0.0,0.0,0.0,214.0,0.0,214.0,0.0,0.0,214.0,227.65,13.65,438.4,0.49,0.49,0.519274,445.4,0.48,0.48,0.510647,
12/31/2016,1431.0,1431.0,-761.0,761.0,670.0,0.0,-295.0,295.0,0.0,375.0,-42.0,,42.0,,,1.0,0.0,333.0,-119.0,215.0,0.0,0.0,0.0,215.0,0.0,215.0,0.0,0.0,215.0,228.65,13.65,439.8,0.49,0.49,0.519895,439.8,0.49,0.49,0.519895,
03/31/2017,1394.0,1394.0,-752.0,752.0,642.0,0.0,-277.0,277.0,0.0,365.0,-42.0,,42.0,,,26.0,0.0,323.0,-102.0,247.0,0.0,0.0,0.0,247.0,0.0,247.0,0.0,0.0,247.0,247.789474,0.789474,429.1,0.58,0.58,0.577463,438.5,0.56,0.56,0.561801,
06/30/2017,1386.0,1386.0,-748.0,748.0,638.0,0.0,-266.0,276.0,-10.0,372.0,-42.0,,44.0,,,0.0,-2.0,330.0,-109.0,221.0,0.0,0.0,0.0,221.0,0.0,221.0,0.0,0.0,221.0,236.571429,15.571429,423.6,0.52,0.52,0.558478,432.5,0.51,0.51,0.546003,
09/30/2017,1400.0,1400.0,-746.0,746.0,654.0,0.0,-284.0,284.0,0.0,370.0,-45.0,,45.0,,,5.0,0.0,325.0,-98.0,232.0,0.0,0.0,0.0,232.0,0.0,232.0,0.0,0.0,232.0,238.27907,6.27907,420.2,0.55,0.55,0.567061,429.1,0.54,0.54,0.554633,
12/31/2017,1516.0,1516.0,-778.0,778.0,738.0,0.0,-313.0,313.0,0.0,425.0,-45.0,45.0,45.0,0.0,,1.0,0.0,380.0,151.0,532.0,-14.0,-14.0,0.0,546.0,0.0,546.0,0.0,0.0,546.0,272.0,-260.0,425.0,1.285,1.25,0.64,425.0,1.285,1.25,0.638235,
03/31/2018,1440.0,1440.0,-759.0,759.0,681.0,0.0,-73.0,305.0,-232.0,608.0,-45.0,,45.0,,,0.0,0.0,563.0,-140.0,423.0,0.0,0.0,0.0,423.0,0.0,423.0,0.0,0.0,423.0,290.823529,-132.176471,413.1,1.02,1.02,0.704003,421.6,1.0,1.0,0.686488,
06/30/2018,1420.0,1420.0,-739.0,739.0,681.0,0.0,-323.0,320.0,3.0,358.0,-42.0,45.0,45.0,0.0,,7.0,-3.0,316.0,-72.0,251.0,0.0,0.0,0.0,251.0,0.0,251.0,0.0,0.0,251.0,280.947368,29.947368,408.4,0.61,0.61,0.687922,416.4,0.6,0.6,0.67192,
09/30/2018,1412.0,1412.0,-749.0,749.0,663.0,0.0,-307.0,305.0,2.0,356.0,-52.0,45.0,45.0,0.0,,1.0,7.0,304.0,-78.0,227.0,0.0,0.0,0.0,227.0,0.0,227.0,0.0,0.0,227.0,101.757576,-125.242424,403.8,0.56,0.56,0.252,412.0,0.55,0.55,0.246014,
12/31/2018,1551.0,1551.0,-822.0,822.0,729.0,0.0,-298.0,298.0,0.0,431.0,-59.0,55.0,55.0,0.0,,2.0,4.0,372.0,-88.0,286.0,0.0,0.0,0.0,286.0,0.0,286.0,0.0,0.0,286.0,399.311377,113.311377,404.7,0.71,0.71,0.986685,404.7,0.71,0.71,0.986685,
03/31/2019,1502.0,1502.0,-798.0,798.0,704.0,0.0,-331.0,341.0,-10.0,373.0,-115.0,59.0,59.0,0.0,,-2.0,56.0,258.0,-31.0,225.0,0.0,0.0,0.0,225.0,0.0,225.0,0.0,0.0,225.0,300.065789,75.065789,391.7,0.58,0.58,0.76606,399.1,0.56,0.56,0.748088,
06/30/2019,1512.0,1512.0,-785.0,785.0,727.0,0.0,-343.0,343.0,0.0,384.0,-93.0,64.0,64.0,0.0,,-8.0,29.0,291.0,-60.0,223.0,0.0,0.0,0.0,223.0,0.0,223.0,0.0,0.0,223.0,285.300813,62.300813,392.5,0.57,0.57,0.726881,399.6,0.56,0.56,0.715908,
09/30/2019,3128.0,3128.0,-1617.0,1617.0,1511.0,0.0,-1137.0,1137.0,0.0,374.0,-118.0,164.0,164.0,0.0,,22.0,-46.0,256.0,-53.0,225.0,0.0,0.0,0.0,225.0,-27.0,198.0,0.0,0.0,198.0,544.663484,346.663484,584.8,0.34,0.34,0.931367,596.9,0.33,0.33,0.910773,
12/31/2019,4045.0,4045.0,-2109.0,2109.0,1936.0,0.0,-1458.0,1463.0,-5.0,478.0,-200.0,194.0,194.0,0.0,,17.0,6.0,278.0,-54.0,241.0,0.0,0.0,0.0,241.0,6.0,247.0,0.0,0.0,247.0,400.821727,153.821727,694.7,0.36,0.36,0.576971,694.7,0.36,0.36,0.576971,
03/31/2020,3769.0,3769.0,-2167.0,2167.0,1602.0,0.0,-973.0,1404.0,-431.0,629.0,-167.0,187.0,187.0,0.0,,-6.0,-20.0,462.0,-79.0,377.0,0.0,0.0,0.0,377.0,15.0,392.0,0.0,0.0,392.0,291.249683,-100.750317,678.1,0.58,0.58,0.429508,691.2,0.57,0.57,0.424239,
06/30/2020,3465.0,3465.0,-1920.0,1920.0,1545.0,0.0,-1380.0,1377.0,3.0,165.0,-173.0,174.0,174.0,0.0,,-10.0,-1.0,-8.0,27.0,9.0,0.0,0.0,0.0,9.0,-7.0,2.0,0.0,0.0,2.0,204.057457,202.057457,670.0,0.0,0.0,0.304563,680.8,0.0,0.0,0.296794,
09/30/2020,3598.0,,,,1960.91,,,,,1163.929,,,,,,,,968.667,,396.467,,,,,,396.467,,,396.467,748.524,,,0.588,0.588,1.161,,0.588,0.588,1.161,
12/31/2020,3875.65,,,,2181.99095,,,,,1296.714,,,,,,,,849.417,,524.467,,,,,,524.467,,,524.467,856.905,,,0.789,0.789,1.325,,0.789,0.789,1.325,
