Date,Revenue,Sales & Services Revenue,Cost of Revenue,Cost of Goods & Services,Gross Profit,Other Operating Income,Operating Expenses,"Selling, General & Admin",Depreciation & Amortization,Other Operating Expense,Operating Income (Loss),Non-Operating (Income) Loss,"Interest Expense, Net",Interest Expense,Interest Income,Foreign Exch (Gain) Loss,Other Non-Op (Income) Loss,Pretax Income,Income Tax Expense (Benefit),(Income) Loss from Affiliates,Income (Loss) from Cont Ops,Net Extraordinary Losses (Gains),Discontinued Operations,XO & Accounting Changes,Income (Loss) Incl. MI,Minority Interest,"Net Income, GAAP",Preferred Dividends,Other Adjustments,"Net Income Avail to Common, GAAP","Net Income Avail to Common, Adj",Net Abnormal Losses (Gains),Basic Weighted Avg Shares,"Basic EPS, GAAP",Basic EPS from Cont Ops,"Basic EPS from Cont Ops, Adjusted",Diluted Weighted Avg Shares,"Diluted EPS, GAAP",Diluted EPS from Cont Ops,"Diluted EPS from Cont Ops, Adjusted",Source: Bloomberg
04/29/1989,1877.0,,-1224.0,,653.0,,-574.0,,,,79.0,-21.0,,21.0,,,0.0,58.0,-22.0,,36.0,0.0,,,36.0,0.0,36.0,0.0,,36.0,36.0,,128.800003,0.28,0.28,,128.800003,0.28,0.28,0.28,
07/29/1989,1983.0,,-1303.0,,680.0,,-576.0,,,,104.0,-27.0,,27.0,,,0.0,77.0,-29.0,,48.0,0.0,,,48.0,0.0,48.0,0.0,,48.0,48.0,,129.0,0.37,0.37,,129.0,0.37,0.37,0.37,
10/28/1989,2165.0,,-1409.0,,756.0,,-613.0,,,,143.0,-29.0,,29.0,,,0.0,114.0,-44.0,,70.0,0.0,,,70.0,0.0,70.0,0.0,,70.0,70.0,,129.399994,0.54,0.54,,129.399994,0.54,0.54,0.54,
01/27/1990,2795.0,,-1823.0,,972.0,,-683.0,,,,289.0,-24.0,,24.0,,,0.0,265.0,-90.0,,175.0,0.0,,,175.0,0.0,175.0,-0.4,,174.6,174.6,,128.955002,1.355,1.355,,128.955002,1.355,1.355,1.355,
04/28/1990,2065.0,,-1347.0,,718.0,,-636.0,,,,82.0,-22.0,,22.0,,,0.0,60.0,-22.0,,38.0,0.0,,,38.0,0.0,38.0,0.0,,38.0,38.0,,129.199997,0.29,0.29,,129.199997,0.29,0.29,0.29,
07/28/1990,2191.0,,-1441.0,,750.0,,-642.0,,,,108.0,-28.0,,28.0,,,0.0,80.0,-30.0,,50.0,0.0,,,50.0,0.0,50.0,0.0,,50.0,50.0,,129.399994,0.39,0.39,,129.399994,0.39,0.39,0.39,
10/26/1990,2469.0,,-1624.0,,845.0,,-691.0,,,,154.0,-26.0,,26.0,,,0.0,128.0,-48.0,,80.0,0.0,,,80.0,0.0,80.0,0.0,,80.0,80.0,,129.5,0.62,0.62,,129.5,0.62,0.62,0.62,
01/26/1991,3064.0,,-2122.0,,942.0,,-698.0,,,,244.0,-19.0,,19.0,,,0.0,225.0,-76.0,,149.0,0.0,,,149.0,0.0,149.0,-0.3,,148.7,148.7,,129.627502,1.15,1.15,1.15,129.627502,1.15,1.15,1.15,
04/27/1991,2127.0,,-1421.0,,706.0,,-667.0,,,,39.0,-18.0,,18.0,,,0.0,21.0,-8.0,,13.0,113.0,,,-100.0,0.0,-100.0,0.0,,-100.0,-100.0,,129.699997,-0.77,0.101241,,129.699997,-0.77,0.101241,0.101241,
07/27/1991,2228.0,,-1509.0,,719.0,,-664.0,,,,55.0,-22.0,,22.0,,,0.0,33.0,-12.0,,21.0,0.0,,,21.0,0.0,21.0,0.0,,21.0,21.0,,130.0,0.16,0.16,,130.0,0.16,0.16,0.16,
10/26/1991,2423.0,,-1625.0,,798.0,,-706.0,,,,92.0,-27.0,,27.0,,,0.0,65.0,-24.0,,41.0,0.0,,,41.0,0.0,41.0,0.0,,41.0,41.0,,130.100006,0.31,0.31,,130.100006,0.31,0.31,0.31,
01/25/1992,3136.0,,-2129.0,,1007.0,,-799.0,,,,208.0,-410.0,,20.0,,,390.0,-202.0,74.0,,-128.0,0.0,,,-128.0,0.0,-128.0,-0.1,,-128.1,-128.1,,130.322998,-0.98,-0.98,-0.98,130.322998,-0.98,-0.98,-0.98,
04/25/1992,2096.0,,-1393.0,,703.0,,-654.0,,,,49.0,-22.0,,22.0,,,0.0,27.0,-10.0,,17.0,0.0,,,17.0,0.0,17.0,0.0,,17.0,17.0,,130.399994,0.13,0.13,,130.399994,0.13,0.13,0.13,
07/25/1992,2230.0,,-1484.0,,746.0,,-670.0,,,,76.0,-24.0,,24.0,,,0.0,52.0,-19.0,,33.0,0.0,,,33.0,0.0,33.0,0.0,,33.0,33.0,,130.5,0.25,0.25,,130.5,0.25,0.25,0.25,
10/24/1992,2501.0,,-1644.0,,857.0,,-729.0,,,,128.0,-25.0,,25.0,,,0.0,103.0,-38.0,,65.0,0.0,,,65.0,0.0,65.0,0.0,,65.0,65.0,,130.699997,0.5,0.5,,130.699997,0.5,0.5,0.5,
01/30/1993,3135.0,,-2162.0,,973.0,,-702.0,,,,271.0,-16.0,,16.0,,0.0,0.0,255.0,-90.0,,165.0,0.0,,,165.0,0.0,165.0,0.0,,165.0,165.0,,131.218002,1.26,1.26,1.26,131.218002,1.26,1.26,1.26,
05/01/1993,2135.0,,-1478.0,,657.0,,-679.0,,,,-22.0,-16.0,,16.0,,,0.0,-38.0,14.0,,-24.0,0.0,,,-24.0,0.0,-24.0,0.0,,-24.0,-24.0,,131.300003,-0.18,-0.18,,131.300003,-0.18,-0.18,-0.18,
07/31/1993,2288.0,,-1599.0,,689.0,,-686.0,,,,3.0,-19.0,,19.0,,,0.0,-16.0,6.0,,-10.0,0.0,,,-10.0,0.0,-10.0,0.0,,-10.0,-10.0,,131.5,-0.08,-0.08,,131.5,-0.08,-0.08,-0.08,
10/30/1993,2387.0,,-1603.0,,784.0,,-766.0,,,,18.0,-582.0,,24.0,,0.0,558.0,-564.0,214.0,,-350.0,0.0,,,-350.0,0.0,-350.0,0.0,,-350.0,-350.0,,131.600006,-2.66,-2.66,,131.600006,-2.66,-2.66,-2.66,
01/29/1994,2816.0,,-2067.0,,749.0,,-741.0,,,,8.0,-188.0,,20.0,,0.0,168.0,-180.0,69.0,,-111.0,0.0,,,-111.0,0.0,-111.0,0.0,,-111.0,-111.0,,131.699997,-0.84,-0.84,-0.84,131.699997,-0.84,-0.84,-0.84,
04/30/1994,1760.0,,-1229.0,,531.0,,-569.0,,,,-38.0,-20.0,,20.0,,,0.0,-58.0,20.0,,-38.0,0.0,,,-38.0,0.0,-38.0,0.0,,-38.0,-38.0,,131.899994,-0.29,-0.29,,131.899994,-0.29,-0.29,-0.29,
07/30/1994,1862.0,,-1292.0,,570.0,,-574.0,,,,-4.0,-43.0,,27.0,,0.0,16.0,-47.0,5.0,,-42.0,0.0,,,-42.0,0.0,-42.0,0.0,,-42.0,-42.0,,132.100006,-0.32,-0.32,,132.100006,-0.32,-0.32,-0.32,
10/29/1994,2094.0,,-1400.0,,694.0,,-612.0,,,,82.0,-27.0,,30.0,,0.0,-3.0,55.0,-18.0,,37.0,0.0,,,37.0,0.0,37.0,0.0,,37.0,37.0,,132.199997,0.28,0.28,,132.199997,0.28,0.28,0.28,
01/28/1995,2560.0,,-1705.0,,855.0,,-679.0,,,,176.0,-30.0,,30.0,,0.0,0.0,146.0,-56.0,,90.0,0.0,,,90.0,0.0,90.0,0.0,,90.0,90.0,,132.300003,0.69,0.69,0.69,132.300003,0.69,0.69,0.69,
04/29/1995,1794.0,,-1305.0,,489.0,,-605.0,,,,-116.0,-17.0,,32.0,,0.0,-15.0,-133.0,53.0,,-80.0,0.0,,,-80.0,0.0,-80.0,0.0,,-80.0,-80.0,,132.5,-0.6,-0.6,,132.5,-0.6,-0.6,-0.6,
07/29/1995,1922.0,,-1334.0,,588.0,,-591.0,,,,-3.0,-16.0,,33.0,,0.0,-17.0,-19.0,8.0,,-11.0,0.0,,,-11.0,0.0,-11.0,0.0,,-11.0,-11.0,,132.699997,-0.09,-0.09,,132.699997,-0.09,-0.09,-0.09,
10/28/1995,2071.0,,-1419.0,,652.0,,-567.0,,,,85.0,-28.0,,30.0,,0.0,-2.0,57.0,-23.0,,34.0,0.0,,,34.0,0.0,34.0,0.0,,34.0,34.0,,132.800003,0.26,0.26,,132.800003,0.26,0.26,0.26,
01/27/1996,2437.0,,-1677.0,,760.0,,-642.0,,,,118.0,-256.0,,24.0,,0.0,232.0,-138.0,31.0,,-107.0,0.0,,,-107.0,0.0,-107.0,0.0,,-107.0,-107.0,,132.899994,-0.8,-0.8,-0.8,132.899994,-0.8,-0.8,-0.8,
04/27/1996,1570.0,,-1119.0,,451.0,,-460.0,,,,-9.0,-16.0,,17.0,,0.0,-1.0,-25.0,10.0,,-15.0,7.0,,,-22.0,0.0,-22.0,0.0,,-22.0,-22.0,,133.100006,-0.17,-0.11,-0.11,133.100006,-0.17,-0.11,-0.11,
07/27/1996,1607.0,,-1095.0,,512.0,,-460.0,,,,52.0,-9.0,,15.0,,0.0,-6.0,43.0,-17.0,,26.0,4.0,,,22.0,0.0,22.0,0.0,,22.0,22.0,,134.300003,0.17,0.19,0.19,135.100006,0.17,0.19,0.19,
10/26/1996,1790.0,,-1199.0,,591.0,,-469.0,,,,122.0,7.0,,13.0,,0.0,-20.0,129.0,-52.0,,77.0,8.0,,,69.0,0.0,69.0,0.0,,69.0,69.0,,133.600006,0.52,0.58,0.58,134.399994,0.52,0.58,0.58,
01/25/1997,2050.0,,-1370.0,,680.0,,-494.0,,,,186.0,-13.0,,14.0,,0.0,-1.0,173.0,-68.0,,105.0,5.0,,,100.0,0.0,100.0,0.0,,100.0,100.0,,134.0,0.74,0.79,0.79,134.800003,0.74,0.78,0.78,
04/26/1997,1539.0,,-1074.0,,465.0,,-429.0,,,,36.0,-7.0,,11.0,,0.0,-4.0,29.0,-12.0,,17.0,16.0,,,1.0,0.0,1.0,0.0,,1.0,1.0,,134.100006,0.01,0.13,0.13,135.199997,0.01,0.13,0.13,
07/26/1997,1500.0,,-1037.0,,463.0,,-413.0,,,,50.0,-9.0,,11.0,,0.0,-2.0,41.0,-15.0,,26.0,207.0,,,-181.0,0.0,-181.0,0.0,,-181.0,-181.0,,134.5,-1.35,0.19,0.19,136.0,-1.33,0.19,0.19,
10/25/1997,1107.0,,-741.0,,366.0,,-282.0,,,,84.0,-8.0,,8.0,,0.0,0.0,76.0,-26.0,,50.0,-5.0,,,55.0,0.0,55.0,0.0,,55.0,55.0,,134.899994,0.41,0.37,0.37,136.300003,0.4,0.37,0.37,
01/31/1998,2002.0,,-1367.0,,635.0,0.0,-453.0,410.0,,43.0,182.0,0.0,,12.0,,,-12.0,182.0,-67.0,,115.0,,,,115.0,0.0,115.0,0.0,0.0,115.0,115.0,,134.9,0.85,0.85,0.85,135.8,0.85,0.85,0.85,
05/02/1998,1058.0,,-748.0,,310.0,,-305.0,,,,5.0,9.0,,10.0,,0.0,-19.0,14.0,-6.0,,8.0,13.0,,,-5.0,0.0,-5.0,0.0,,-5.0,-5.0,,135.100006,-0.04,0.06,-0.08,136.399994,-0.04,0.06,-0.08,
08/01/1998,1043.0,,-736.0,,307.0,,-290.0,,,,17.0,-7.0,,7.0,,0.0,0.0,10.0,-4.0,,6.0,19.0,,,-13.0,0.0,-13.0,0.0,,-13.0,-13.0,,135.399994,-0.09,0.04,0.04,136.0,-0.09,0.04,0.04,
10/31/1998,1122.0,,-840.0,,282.0,,-340.0,,,,-58.0,-18.0,,18.0,,0.0,0.0,-76.0,36.0,,-40.0,115.0,,,-155.0,0.0,-155.0,0.0,,-155.0,-155.0,,135.600006,-1.14,-0.29,-0.29,135.600006,-1.14,-0.29,-0.29,
01/31/1999,1332.0,,-1053.0,,279.0,,-339.0,,,,-60.0,73.0,,9.0,,0.0,-82.0,13.0,16.0,,29.0,-8.0,,,37.0,0.0,37.0,0.0,,37.0,37.0,,135.600006,0.27,0.21,0.21,135.600006,0.27,0.21,0.21,
05/01/1999,1079.0,,-791.0,,288.0,,-302.0,,,,-14.0,-16.0,,11.0,,0.0,5.0,-30.0,8.0,,-11.0,3.0,,,-25.0,0.0,-11.0,0.0,0.0,-11.0,-11.0,,136.7,-0.080468,-0.080468,-0.08,136.7,-0.080468,-0.080468,-0.08,
07/31/1999,981.0,,-730.0,,251.0,,-274.0,,,,-23.0,-39.0,,17.0,,0.0,22.0,-62.0,26.0,,-36.0,-6.0,,,-30.0,0.0,-30.0,0.0,0.0,-30.0,-30.0,,137.300003,-0.22,-0.26,0.06,137.300003,-0.22,-0.26,0.06,
10/30/1999,1087.0,,-785.0,,302.0,,-273.0,,,,29.0,-15.0,,17.0,,0.0,-2.0,14.0,-6.0,,8.0,0.0,,,8.0,0.0,8.0,0.0,0.0,8.0,8.0,,137.399994,0.06,0.06,0.07,138.399994,0.06,0.06,0.07,
01/29/2000,1179.0,,-850.0,,329.0,,-312.0,,,,17.0,135.0,,20.0,,0.0,-155.0,152.0,-65.0,,87.0,14.0,,,73.0,0.0,73.0,0.0,0.0,73.0,73.0,,137.399994,0.53,0.63,0.31,138.199997,0.53,0.63,0.31,
04/29/2000,1108.0,,-787.0,,321.0,,-298.0,,,,23.0,1.0,,,,0.0,-1.0,24.0,-9.0,,15.0,10.0,,,5.0,0.0,15.0,0.0,0.0,15.0,15.0,,137.6,0.11,0.11,0.11,138.5,0.11,0.11,0.11,
07/29/2000,971.0,,-692.0,,279.0,,-262.0,,,,17.0,4.0,,,,0.0,-4.0,21.0,-8.0,,13.0,3.0,,,10.0,0.0,9.0,0.0,0.0,9.0,9.0,,137.699997,0.07,0.09,0.09,139.0,0.07,0.09,0.09,
10/30/2000,1085.0,,-751.0,,334.0,,-278.0,,,,56.0,-9.0,,,,0.0,9.0,47.0,-18.0,,29.0,4.0,,,25.0,0.0,25.0,0.0,0.0,25.0,25.0,,137.899994,0.18,0.21,0.21,139.5,0.18,0.21,0.21,
02/03/2001,1256.0,,-871.0,,385.0,,-293.0,,,,92.0,,,,,,,,,,42.0,330.0,,,,0.0,-288.0,0.0,0.0,-288.0,-288.0,,139.600006,-2.08,0.31,0.26,139.600006,-2.06,0.31,0.26,
05/05/2001,1072.0,,-746.0,,326.0,,-269.0,,,,57.0,-4.0,,,,0.0,4.0,53.0,-21.0,,32.0,-5.0,,,37.0,0.0,37.0,0.0,0.0,37.0,37.0,,138.600006,0.27,0.23,0.23,139.699997,0.27,0.23,0.23,
07/29/2001,1048.0,,-742.0,,306.0,,-265.0,,,,41.0,-37.0,,,,0.0,37.0,4.0,0.0,,4.0,18.0,,,-14.0,0.0,-14.0,0.0,0.0,-14.0,-14.0,,139.5,-0.1,0.03,0.2,140.800003,-0.1,0.03,0.2,
11/03/2001,1104.0,,-777.0,,327.0,,-267.0,,,,60.0,-9.0,8.0,,,0.0,1.0,51.0,-18.0,,33.0,0.0,,,33.0,0.0,33.0,0.0,0.0,33.0,33.0,,139.8,0.24,0.24,0.24,150.8,0.23,0.23,0.23,
02/02/2002,1155.0,,-806.0,,349.0,,-276.0,,,,73.0,-6.0,,,,0.0,6.0,67.0,-25.0,,42.0,6.0,,,36.0,0.0,36.0,0.0,0.0,36.0,36.0,,139.699997,0.25,0.29,0.34,150.600006,0.24,0.28,0.327,
05/04/2002,1090.0,,-770.0,,320.0,,-256.0,,,,64.0,-7.0,,8.0,-1.0,0.0,0.0,57.0,-19.0,,38.0,18.0,,,20.0,0.0,20.0,0.0,0.0,20.0,20.0,,140.100006,0.14,0.27,0.27,150.899994,0.14,0.26,0.26,
08/03/2002,1085.0,,-773.0,,312.0,,-258.0,,,,54.0,-3.0,,9.0,-2.0,0.0,-4.0,51.0,-18.0,,33.0,2.0,,,31.0,0.0,31.0,0.0,0.0,31.0,31.0,,140.699997,0.22,0.23,0.23,151.0,0.21,0.22,0.22,
11/02/2002,1120.0,,-777.0,,343.0,,-272.0,,,,71.0,-12.0,5.0,8.0,-3.0,0.0,7.0,59.0,-24.0,,43.0,-1.0,,,36.0,0.0,45.0,0.0,0.0,45.0,45.0,,140.9,0.32,0.32,0.3,150.7,0.31,0.31,0.29,
02/01/2003,1214.0,,-845.0,,369.0,,-291.0,,,,78.0,-7.0,,8.0,-1.0,0.0,0.0,71.0,-23.0,,48.0,-9.0,,,57.0,0.0,57.0,0.0,0.0,57.0,57.0,,140.100006,0.41,0.35,0.35,150.800003,0.39,0.33,0.33,
05/03/2003,1128.0,,-782.0,,346.0,,-279.0,,,,67.0,-5.0,,7.0,-2.0,0.0,0.0,62.0,-23.0,,39.0,1.0,,,38.0,0.0,38.0,0.0,0.0,38.0,38.0,,141.100006,0.27,0.28,0.28,151.300003,0.26,0.27,0.27,
08/02/2003,1123.0,,-791.0,,332.0,,-273.0,,,,59.0,-4.0,,6.0,-2.0,0.0,0.0,55.0,-18.0,,37.0,1.0,,,36.0,0.0,36.0,0.0,0.0,36.0,36.0,,141.300003,0.25,0.26,0.26,152.100006,0.24,0.25,0.25,
11/01/2003,1123.0,,-792.0,,331.0,,-271.0,,,,60.0,-3.0,,4.0,-1.0,0.0,0.0,57.0,-18.0,,37.0,1.0,,,38.0,0.0,36.0,0.0,0.0,36.0,36.0,,141.699997,0.43,0.43,0.43,153.199997,0.41,0.41,0.41,
01/31/2004,1334.0,,-922.0,,412.0,,-298.0,,,,114.0,-4.0,,7.0,-3.0,0.0,0.0,110.0,-39.0,,71.0,0.0,,,71.0,0.0,71.0,0.0,0.0,71.0,71.0,,141.699997,0.5,0.5,0.5,155.0,0.47,0.47,0.47,
05/01/2004,1186.0,,-825.0,,361.0,,-283.0,,,,78.0,-4.0,,6.0,-2.0,0.0,0.0,74.0,-27.0,,47.0,-1.0,,,48.0,0.0,48.0,0.0,0.0,48.0,48.0,,143.600006,0.33,0.33,0.33,156.199997,0.31,0.31,0.31,
07/31/2004,1268.0,,-899.0,,369.0,,-308.0,,,,61.0,-4.0,,6.0,-2.0,0.0,0.0,57.0,-12.0,,45.0,-37.0,,,82.0,0.0,82.0,0.0,0.0,82.0,82.0,,150.800003,0.55,0.3,0.31,157.100006,0.53,0.29,0.3,
10/30/2004,1366.0,,-940.0,,426.0,,-309.0,,,,117.0,-4.0,,5.0,-1.0,0.0,0.0,113.0,-39.0,,74.0,0.0,,,74.0,0.0,74.0,0.0,0.0,74.0,74.0,,154.5,0.47,0.47,0.47,157.399994,0.47,0.47,0.47,
01/29/2005,1535.0,,-1058.0,,477.0,,-342.0,,,,135.0,-5.0,,5.0,-2.0,0.0,2.0,130.0,-41.0,,89.0,0.0,,,89.0,0.0,89.0,0.0,0.0,89.0,89.0,,154.7,0.58,0.58,0.58,157.8,0.57,0.57,0.57,
04/30/2005,1377.0,,-959.0,,418.0,,-324.0,283.0,,41.0,94.0,-3.0,3.0,6.0,-3.0,0.0,0.0,91.0,-33.0,,58.0,0.0,,,58.0,0.0,58.0,0.0,0.0,58.0,58.0,,155.1,0.37,0.37,0.37,158.1,0.37,0.37,0.37,
07/30/2005,1304.0,,-927.0,,377.0,,-306.0,265.0,,41.0,71.0,0.0,3.0,6.0,-3.0,0.0,-3.0,71.0,-27.0,,44.0,0.0,,,44.0,0.0,44.0,0.0,0.0,44.0,44.0,,155.6,0.29,0.29,0.29,158.3,0.28,0.28,0.28,
10/29/2005,1408.0,,-978.0,,430.0,,-326.0,280.0,,46.0,104.0,-2.0,2.0,5.0,-3.0,0.0,0.0,102.0,-37.0,,65.0,-1.0,,,66.0,0.0,66.0,0.0,0.0,66.0,66.0,,155.2,0.43,0.42,0.42,157.4,0.42,0.41,0.41,
01/28/2006,1564.0,,-1080.0,,484.0,,-344.0,,,,140.0,1.0,,6.0,-4.0,0.0,-3.0,141.0,-45.0,,96.0,0.0,,,96.0,0.0,96.0,0.0,0.0,96.0,96.0,,156.7,0.62,0.62,0.62,156.7,0.61,0.61,0.61,
04/29/2006,1365.0,,-946.0,,419.0,,-326.0,283.0,,43.0,93.0,-1.0,-3.0,1.0,-4.0,0.0,4.0,92.0,-34.0,,58.0,-1.0,,,59.0,0.0,59.0,0.0,0.0,59.0,59.0,,154.7,0.38,0.37,0.37,156.7,0.38,0.37,0.37,
07/29/2006,1303.0,,-942.0,,361.0,,-317.0,273.0,,44.0,44.0,-19.0,1.0,6.0,-5.0,0.0,18.0,25.0,-11.0,,14.0,0.0,,,14.0,0.0,14.0,0.0,0.0,14.0,14.0,,154.9,0.09,0.09,0.16,156.7,0.09,0.09,0.16,
10/28/2006,1430.0,,-1008.0,,422.0,,-328.0,284.0,,44.0,94.0,7.0,1.0,6.0,-5.0,,-8.0,101.0,-36.0,,65.0,0.0,,,65.0,0.0,65.0,0.0,0.0,65.0,65.0,0.0,155.0,0.42,0.42,0.42,156.8,0.42,0.42,0.42,
02/03/2007,1652.0,,-1118.0,,534.0,,-367.0,323.0,,44.0,167.0,7.0,-2.0,10.0,-12.0,0.0,-5.0,174.0,-64.0,,110.0,-3.0,,,113.0,0.0,113.0,0.0,0.0,113.0,113.0,,156.9,0.72,0.7,0.7,156.9,0.72,0.7,0.7,
05/05/2007,1316.0,,-956.0,,360.0,,-333.0,290.0,,43.0,27.0,0.0,,5.0,-5.0,0.0,0.0,27.0,-10.0,,17.0,0.0,,,17.0,0.0,17.0,0.0,0.0,17.0,17.0,,154.8,0.11,0.11,0.11,156.5,0.11,0.11,0.11,
08/04/2007,1283.0,,-981.0,,302.0,,-330.0,286.0,,44.0,-28.0,-1.0,0.0,5.0,-5.0,0.0,1.0,-29.0,11.0,,-18.0,0.0,,,-18.0,0.0,-18.0,0.0,0.0,-18.0,-18.0,0.0,154.0,-0.12,-0.12,-0.12,154.0,-0.12,-0.12,-0.12,
11/03/2007,1356.0,,-975.0,,381.0,,-439.0,289.0,,150.0,-58.0,0.0,10.0,15.0,-5.0,0.0,-10.0,-58.0,24.0,,-34.0,-1.0,,,-33.0,0.0,-33.0,0.0,0.0,-33.0,-33.0,,153.6,-0.22,-0.22,0.21,153.6,-0.22,-0.22,0.21,
02/02/2008,1482.0,,-1105.0,,377.0,0.0,-345.0,311.0,,34.0,32.0,-22.0,1.0,6.0,-5.0,0.0,21.0,10.0,61.0,,71.0,-1.0,,,72.0,0.0,72.0,0.0,0.0,72.0,72.0,,154.9,0.46,0.45,0.1273,154.9,0.46,0.45,0.1273,
05/03/2008,1309.0,1309.0,-943.0,943.0,366.0,0.0,-350.0,299.0,32.0,19.0,16.0,-1.0,1.0,5.0,-4.0,,0.0,15.0,-12.0,,3.0,0.0,0.0,0.0,3.0,0.0,3.0,0.0,0.0,3.0,21.0,18.0,153.8,0.02,0.02,0.136541,155.0,0.02,0.02,0.136129,
08/02/2008,1302.0,1302.0,-941.0,941.0,361.0,0.0,-333.0,299.0,33.0,1.0,28.0,0.0,2.0,4.0,-2.0,,-2.0,28.0,-10.0,,18.0,0.0,0.0,0.0,18.0,0.0,18.0,0.0,0.0,18.0,18.65,0.65,154.0,0.11,0.11,0.121104,155.4,0.11,0.11,0.114183,
11/01/2008,1309.0,1309.0,-954.0,954.0,355.0,0.0,-322.0,287.0,32.0,3.0,33.0,4.0,1.0,4.0,-3.0,,-5.0,37.0,-13.0,,24.0,0.0,0.0,0.0,24.0,0.0,24.0,0.0,0.0,24.0,27.0,3.0,154.1,0.16,0.16,0.175211,155.6,0.16,0.16,0.175211,
01/31/2009,1317.0,1317.0,-939.0,939.0,378.0,0.0,-558.0,289.0,33.0,236.0,-180.0,0.0,1.0,3.0,-2.0,,-1.0,-180.0,56.0,,-124.0,1.0,1.0,0.0,-125.0,0.0,-125.0,0.0,0.0,-125.0,39.0,163.0,154.1,-0.81,-0.81,0.253082,154.1,-0.81,-0.81,0.247755,
05/02/2009,1216.0,1216.0,-860.0,860.0,356.0,0.0,-306.0,278.0,28.0,0.0,50.0,-1.0,2.0,3.0,-1.0,,-1.0,49.0,-18.0,,31.0,0.0,0.0,0.0,31.0,0.0,31.0,0.0,0.0,31.0,31.0,0.0,155.3,0.2,0.2,0.2,155.5,0.2,0.2,0.2,
08/01/2009,1099.0,1099.0,-819.0,819.0,280.0,0.0,-280.0,252.0,28.0,0.0,0.0,-2.0,3.0,3.0,0.0,,-1.0,-2.0,1.0,,-1.0,-1.0,-1.0,0.0,0.0,0.0,0.0,0.0,0.0,0.0,-1.0,0.0,155.9,0.0,-0.006414,-0.006414,155.9,0.0,-0.006414,-0.006414,
10/31/2009,1214.0,1214.0,-885.0,885.0,329.0,0.0,-339.0,274.0,29.0,36.0,-10.0,-3.0,3.0,4.0,-1.0,,0.0,-13.0,7.0,,-6.0,0.0,0.0,0.0,-6.0,0.0,-6.0,0.0,0.0,-6.0,16.0,22.0,156.4,-0.04,-0.04,0.102302,156.4,-0.04,-0.04,0.100665,
01/30/2010,1325.0,1325.0,-958.0,958.0,367.0,0.0,-327.0,295.0,27.0,5.0,40.0,-1.0,2.0,3.0,-1.0,,-1.0,39.0,-16.0,,23.0,0.0,0.0,0.0,23.0,0.0,23.0,0.0,0.0,23.0,27.210526,4.210526,156.9,0.14,0.14,0.173426,156.9,0.14,0.14,0.166836,
05/01/2010,1281.0,1281.0,-888.0,888.0,393.0,0.0,-306.0,280.0,26.0,0.0,87.0,-3.0,3.0,4.0,-1.0,,0.0,84.0,-30.0,,54.0,0.0,0.0,0.0,54.0,0.0,54.0,0.0,0.0,54.0,54.0,0.0,156.5,0.35,0.35,0.35,157.3,0.34,0.34,0.34,
07/31/2010,1096.0,1096.0,-791.0,791.0,305.0,0.0,-294.0,268.0,26.0,0.0,11.0,-1.0,2.0,3.0,-1.0,,-1.0,10.0,-4.0,,6.0,0.0,0.0,0.0,6.0,0.0,6.0,0.0,0.0,6.0,6.0,0.0,156.1,0.04,0.04,0.04,156.9,0.04,0.04,0.04,
10/30/2010,1280.0,1280.0,-892.0,892.0,388.0,0.0,-314.0,287.0,27.0,0.0,74.0,-1.0,2.0,3.0,-1.0,,-1.0,73.0,-21.0,,52.0,0.0,0.0,0.0,52.0,0.0,52.0,0.0,0.0,52.0,52.0,0.0,155.4,0.33,0.33,0.33,156.2,0.33,0.33,0.33,
01/29/2011,1392.0,1392.0,-962.0,962.0,430.0,0.0,-340.0,303.0,27.0,10.0,90.0,0.0,2.0,4.0,-2.0,,-2.0,90.0,-33.0,,57.0,0.0,0.0,0.0,57.0,0.0,57.0,0.0,0.0,57.0,61.0,4.0,156.2,0.36,0.36,0.390525,156.2,0.36,0.36,0.385608,
04/30/2011,1452.0,1452.0,-977.0,977.0,475.0,0.0,-325.0,298.0,27.0,0.0,150.0,-1.0,2.0,4.0,-2.0,,-1.0,149.0,-55.0,,94.0,0.0,0.0,0.0,94.0,0.0,94.0,0.0,0.0,94.0,94.0,0.0,154.4,0.61,0.61,0.61,155.7,0.6,0.6,0.6,
07/30/2011,1275.0,1275.0,-887.0,887.0,388.0,0.0,-329.0,301.0,28.0,0.0,59.0,-1.0,1.0,3.0,-2.0,,0.0,58.0,-21.0,,37.0,0.0,0.0,0.0,37.0,0.0,37.0,0.0,0.0,37.0,37.0,0.0,153.7,0.24,0.24,0.24,155.2,0.24,0.24,0.24,
10/29/2011,1394.0,1394.0,-941.0,941.0,453.0,0.0,-347.0,320.0,27.0,0.0,106.0,-1.0,1.0,2.0,-1.0,,0.0,105.0,-39.0,,66.0,0.0,0.0,0.0,66.0,0.0,66.0,0.0,0.0,66.0,66.0,0.0,152.3,0.43,0.43,0.43,153.6,0.43,0.43,0.43,
01/28/2012,1502.0,1502.0,-1022.0,1022.0,480.0,0.0,-358.0,325.0,28.0,5.0,122.0,1.0,2.0,4.0,-2.0,,-3.0,123.0,-42.0,,81.0,0.0,0.0,0.0,81.0,0.0,81.0,0.0,0.0,81.0,82.05,1.05,153.1,0.53,0.53,0.535924,153.1,0.53,0.53,0.535924,
04/28/2012,1578.0,1578.0,-1041.0,1041.0,537.0,0.0,-335.0,306.0,29.0,0.0,202.0,-1.0,1.0,3.0,-2.0,,0.0,201.0,-73.0,,128.0,0.0,0.0,0.0,128.0,0.0,128.0,0.0,0.0,128.0,128.0,0.0,151.8,0.84,0.84,0.84,154.3,0.83,0.83,0.83,
07/28/2012,1367.0,1367.0,-939.0,939.0,428.0,0.0,-335.0,306.0,29.0,0.0,93.0,0.0,1.0,2.0,-1.0,,-1.0,93.0,-34.0,,59.0,0.0,0.0,0.0,59.0,0.0,59.0,0.0,0.0,59.0,59.0,0.0,151.4,0.39,0.39,0.39,153.9,0.39,0.39,0.39,
10/27/2012,1524.0,1524.0,-1019.0,1019.0,505.0,0.0,-349.0,319.0,30.0,0.0,156.0,-1.0,1.0,3.0,-2.0,,0.0,155.0,-49.0,,106.0,0.0,0.0,0.0,106.0,0.0,106.0,0.0,0.0,106.0,106.0,0.0,151.0,0.7,0.7,0.7,153.9,0.69,0.69,0.69,
02/02/2013,1713.0,1713.0,-1149.0,1149.0,564.0,0.0,-405.0,363.0,30.0,12.0,159.0,-1.0,2.0,3.0,-1.0,,-1.0,158.0,-54.0,,104.0,0.0,0.0,0.0,104.0,0.0,104.0,0.0,0.0,104.0,111.0,7.0,153.2,0.68,0.68,0.724543,153.2,0.68,0.68,0.724543,
05/04/2013,1638.0,1638.0,-1077.0,1077.0,561.0,0.0,-346.0,315.0,31.0,0.0,215.0,1.0,1.0,3.0,-2.0,,-2.0,216.0,-78.0,,138.0,0.0,0.0,0.0,138.0,0.0,138.0,0.0,0.0,138.0,139.0,1.0,150.4,0.92,0.92,0.924202,152.7,0.9,0.9,0.906549,
08/03/2013,1454.0,1454.0,-1001.0,1001.0,453.0,0.0,-345.0,314.0,31.0,0.0,108.0,-2.0,1.0,2.0,-1.0,,1.0,106.0,-40.0,,66.0,0.0,0.0,0.0,66.0,0.0,66.0,0.0,0.0,66.0,68.0,2.0,149.5,0.44,0.44,0.454849,151.4,0.44,0.44,0.45321,
11/02/2013,1622.0,1622.0,-1085.0,1085.0,537.0,0.0,-375.0,340.0,35.0,0.0,162.0,-2.0,2.0,3.0,-1.0,,0.0,160.0,-56.0,0.0,104.0,0.0,0.0,0.0,104.0,0.0,104.0,0.0,0.0,104.0,105.0,1.0,147.7,0.7,0.7,0.7109,149.5,0.7,0.7,0.706689,
02/01/2014,1791.0,1791.0,-1209.0,1209.0,582.0,0.0,-401.0,365.0,36.0,0.0,181.0,0.0,1.0,3.0,-2.0,,-1.0,181.0,-60.0,,121.0,0.0,0.0,0.0,121.0,0.0,121.0,0.0,0.0,121.0,123.3,2.3,148.4,0.81,0.81,0.830863,148.4,0.81,0.81,0.825499,
05/03/2014,1868.0,1868.0,-1222.0,1222.0,646.0,0.0,-392.0,355.0,36.0,1.0,254.0,0.0,1.0,3.0,-2.0,,-1.0,254.0,-92.0,,162.0,0.0,0.0,0.0,162.0,0.0,162.0,0.0,0.0,162.0,164.0,2.0,145.4,1.12,1.12,1.127923,147.6,1.1,1.1,1.11355,
08/02/2014,1641.0,1641.0,-1116.0,1116.0,525.0,0.0,-381.0,343.0,36.0,2.0,144.0,0.0,1.0,2.0,-1.0,,-1.0,144.0,-52.0,0.0,92.0,0.0,0.0,0.0,92.0,0.0,92.0,0.0,0.0,92.0,93.0,1.0,144.5,0.63,0.63,0.643599,146.4,0.63,0.63,0.636831,
11/01/2014,1731.0,1731.0,-1157.0,1157.0,574.0,0.0,-387.0,353.0,34.0,0.0,187.0,0.0,1.0,3.0,-2.0,,-1.0,187.0,-67.0,0.0,120.0,0.0,0.0,0.0,120.0,0.0,120.0,0.0,0.0,120.0,121.0,1.0,143.6,0.84,0.84,0.842618,145.7,0.82,0.82,0.826863,
01/31/2015,1911.0,1911.0,-1282.0,1282.0,629.0,0.0,-409.0,375.0,33.0,1.0,220.0,4.0,2.0,3.0,-1.0,,-6.0,224.0,-78.0,,146.0,0.0,0.0,0.0,146.0,0.0,146.0,0.0,0.0,146.0,144.65,-1.35,144.3,1.01,1.01,1.002426,144.3,1.01,1.01,1.000644,
05/02/2015,1916.0,1916.0,-1246.0,1246.0,670.0,0.0,-380.0,345.0,35.0,0.0,290.0,0.0,1.0,3.0,-2.0,,-1.0,290.0,-106.0,,184.0,0.0,0.0,0.0,184.0,0.0,184.0,0.0,0.0,184.0,184.0,0.0,140.1,1.31,1.31,1.31,142.1,1.29,1.29,1.29,
08/01/2015,1695.0,1695.0,-1142.0,1142.0,553.0,0.0,-367.0,331.0,36.0,0.0,186.0,-1.0,1.0,2.0,-1.0,,0.0,185.0,-66.0,0.0,119.0,0.0,0.0,0.0,119.0,0.0,119.0,0.0,0.0,119.0,119.0,0.0,139.6,0.85,0.85,0.85,141.3,0.84,0.84,0.84,
10/31/2015,1794.0,1794.0,-1187.0,1187.0,607.0,0.0,-490.0,352.0,38.0,100.0,117.0,0.0,1.0,3.0,-2.0,,-1.0,117.0,-37.0,,80.0,0.0,0.0,0.0,80.0,0.0,80.0,0.0,0.0,80.0,141.0,61.0,139.3,0.57,0.57,1.012204,140.9,0.57,0.57,1.002931,
01/30/2016,2007.0,2007.0,-1332.0,1332.0,675.0,0.0,-431.0,387.0,39.0,5.0,244.0,1.0,1.0,3.0,-2.0,,-2.0,245.0,-87.0,,158.0,0.0,0.0,0.0,158.0,0.0,158.0,0.0,0.0,158.0,165.25,7.25,138.9,1.14,1.14,1.189705,138.9,1.14,1.14,1.189705,
04/30/2016,1987.0,1987.0,-1291.0,1291.0,696.0,0.0,-400.0,361.0,39.0,0.0,296.0,2.0,0.0,3.0,-3.0,,-2.0,298.0,-107.0,,191.0,0.0,0.0,0.0,191.0,0.0,191.0,0.0,0.0,191.0,191.0,0.0,136.5,1.4,1.4,1.4,137.8,1.39,1.39,1.39,
07/30/2016,1780.0,1780.0,-1193.0,1193.0,587.0,0.0,-389.0,350.0,39.0,0.0,198.0,0.0,1.0,3.0,-2.0,,-1.0,198.0,-71.0,,127.0,0.0,0.0,0.0,127.0,0.0,127.0,0.0,0.0,127.0,127.0,0.0,134.4,0.94,0.94,0.94,135.5,0.94,0.94,0.94,
10/29/2016,1886.0,1886.0,-1246.0,1246.0,640.0,0.0,-412.0,366.0,40.0,6.0,228.0,-1.0,1.0,3.0,-2.0,,0.0,227.0,-70.0,,157.0,0.0,0.0,0.0,157.0,0.0,157.0,0.0,0.0,157.0,152.0,-5.0,132.9,1.18,1.18,1.143717,134.0,1.17,1.17,1.132687,
01/28/2017,2113.0,2113.0,-1400.0,1400.0,713.0,0.0,-435.0,395.0,40.0,0.0,278.0,3.0,0.0,2.0,-2.0,,-3.0,281.0,-92.0,,189.0,0.0,0.0,0.0,189.0,0.0,189.0,0.0,0.0,189.0,196.0,7.0,133.3,1.42,1.42,1.470368,133.3,1.42,1.42,1.470368,
04/29/2017,2001.0,2001.0,-1321.0,1321.0,680.0,0.0,-412.0,371.0,41.0,0.0,268.0,1.0,0.0,3.0,-3.0,,-1.0,269.0,-89.0,,180.0,0.0,0.0,0.0,180.0,0.0,180.0,0.0,0.0,180.0,180.0,0.0,131.4,1.37,1.37,1.37,132.6,1.36,1.36,1.36,
07/29/2017,1701.0,1701.0,-1198.0,1198.0,503.0,0.0,-431.0,339.0,42.0,50.0,72.0,1.0,-1.0,3.0,-4.0,,0.0,73.0,-22.0,,51.0,0.0,0.0,0.0,51.0,0.0,51.0,0.0,0.0,51.0,81.0,30.0,131.3,0.39,0.39,0.616908,132.0,0.39,0.39,0.616908,
10/28/2017,1870.0,1870.0,-1290.0,1290.0,580.0,0.0,-425.0,368.0,44.0,13.0,155.0,1.0,0.0,3.0,-3.0,,-1.0,156.0,-54.0,,102.0,0.0,0.0,0.0,102.0,0.0,102.0,0.0,0.0,102.0,110.0,8.0,126.0,0.81,0.81,0.873016,126.4,0.81,0.81,0.873016,
02/03/2018,2210.0,2210.0,-1517.0,1517.0,693.0,0.0,-617.0,423.0,46.0,148.0,76.0,4.0,-1.0,3.0,-4.0,,-3.0,80.0,-129.0,,-49.0,0.0,0.0,0.0,-49.0,0.0,-49.0,0.0,0.0,-49.0,155.0,204.0,120.6,-0.4,-0.4,1.28524,120.6,-0.4,-0.4,1.28524,
05/05/2018,2025.0,2025.0,-1359.0,1359.0,666.0,0.0,-442.0,385.0,45.0,12.0,224.0,5.0,-2.0,3.0,-5.0,,-3.0,229.0,-64.0,,165.0,0.0,0.0,0.0,165.0,0.0,165.0,0.0,0.0,165.0,174.0,9.0,118.7,1.39,1.39,1.46588,119.1,1.38,1.38,1.455567,
08/04/2018,1782.0,1782.0,-1243.0,1243.0,539.0,0.0,-427.0,380.0,44.0,3.0,112.0,3.0,-1.0,3.0,-4.0,,-2.0,115.0,-27.0,,88.0,0.0,0.0,0.0,88.0,0.0,88.0,0.0,0.0,88.0,88.37,0.37,116.6,0.76,0.76,0.75789,117.1,0.75,0.75,0.75316,
11/03/2018,1860.0,1860.0,-1272.0,1272.0,588.0,0.0,-444.0,398.0,44.0,2.0,144.0,2.0,-2.0,3.0,-5.0,,0.0,146.0,-16.0,,130.0,0.0,0.0,0.0,130.0,0.0,130.0,0.0,0.0,130.0,108.0,-22.0,114.5,1.14,1.14,0.943231,115.0,1.14,1.14,0.943231,
02/02/2019,2272.0,2272.0,-1537.0,1537.0,735.0,0.0,-516.0,451.0,45.0,20.0,219.0,4.0,-4.0,2.0,-6.0,,0.0,223.0,-65.0,,158.0,0.0,0.0,0.0,158.0,0.0,158.0,0.0,0.0,158.0,177.0,19.0,113.3,1.39,1.39,1.562224,113.3,1.39,1.39,1.557696,
05/04/2019,2078.0,2078.0,-1389.0,1389.0,689.0,0.0,-461.0,416.0,44.0,1.0,228.0,6.0,-4.0,2.0,-6.0,,-2.0,234.0,-62.0,,172.0,0.0,0.0,0.0,172.0,0.0,172.0,0.0,0.0,172.0,173.0,1.0,112.4,1.53,1.53,1.539146,113.1,1.52,1.52,1.528842,
08/03/2019,1774.0,1774.0,-1240.0,1240.0,534.0,0.0,-453.0,393.0,46.0,14.0,81.0,4.0,-2.0,3.0,-5.0,,-2.0,85.0,-25.0,,60.0,0.0,0.0,0.0,60.0,0.0,60.0,0.0,0.0,60.0,72.0,12.0,110.8,0.55,0.55,0.649819,111.1,0.55,0.55,0.649819,
11/02/2019,1932.0,1932.0,-1312.0,1312.0,620.0,0.0,-456.0,411.0,44.0,1.0,164.0,7.0,-3.0,3.0,-6.0,,-4.0,171.0,-46.0,,125.0,0.0,0.0,0.0,125.0,0.0,125.0,0.0,0.0,125.0,126.0,1.0,106.9,1.16,1.16,1.178672,107.2,1.16,1.16,1.169328,
02/01/2020,2221.0,2221.0,-1521.0,1521.0,700.0,0.0,-524.0,430.0,45.0,49.0,176.0,6.0,-2.0,2.0,-4.0,,-4.0,182.0,-48.0,,134.0,0.0,0.0,0.0,134.0,0.0,134.0,0.0,0.0,134.0,160.0,26.0,104.8,1.278626,1.278626,1.526718,104.9,1.277407,1.277407,1.525262,
05/02/2020,1176.0,1176.0,-905.0,905.0,271.0,0.0,-376.0,316.0,44.0,16.0,-105.0,0.0,1.0,3.0,-2.0,,-1.0,-105.0,-5.0,,-110.0,0.0,0.0,0.0,-110.0,0.0,-110.0,0.0,0.0,-110.0,-70.0,40.0,104.3,-1.06,-1.06,-0.671141,104.3,-1.06,-1.06,-0.676491,
08/01/2020,2077.0,2077.0,-1539.0,1539.0,538.0,0.0,-469.0,387.0,44.0,38.0,69.0,1.0,2.0,,,,-3.0,70.0,-25.0,,45.0,0.0,0.0,0.0,45.0,0.0,45.0,0.0,0.0,45.0,75.0,30.0,105.1,0.43,0.43,0.713606,105.1,0.43,0.43,0.713606,
10/31/2020,1867.105,,,,535.7844508,,,,,,76.515,,,,,,,82.171,,,30.533,,,,,,30.533,,,30.533,58.418,,,0.428,0.428,0.505,,0.428,0.428,0.505,
01/31/2021,2217.789,,,,661.01201145,,,,,,177.6,,,,,,,178.071,,,109.0,,,,,,109.0,,,109.0,127.824,,,1.162,1.162,1.185,,1.162,1.162,1.185,
