Date,Revenue,Sales & Services Revenue,Cost of Revenue,Cost of Goods & Services,Gross Profit,Other Operating Income,Operating Expenses,"Selling, General & Admin",Research & Development,Other Operating Expense,Operating Income (Loss),Non-Operating (Income) Loss,"Interest Expense, Net",Interest Expense,Interest Income,Foreign Exch (Gain) Loss,Other Non-Op (Income) Loss,Pretax Income,Income Tax Expense (Benefit),Zakat Expenses,Income (Loss) from Cont Ops,Net Extraordinary Losses (Gains),Discontinued Operations,XO & Accounting Changes,Income (Loss) Incl. MI,Minority Interest,"Net Income, GAAP",Preferred Dividends,Other Adjustments,"Net Income Avail to Common, GAAP","Net Income Avail to Common, Adj",Net Abnormal Losses (Gains),Basic Weighted Avg Shares,"Basic EPS, GAAP",Basic EPS from Cont Ops,"Basic EPS from Cont Ops, Adjusted",Diluted Weighted Avg Shares,"Diluted EPS, GAAP",Diluted EPS from Cont Ops,"Diluted EPS from Cont Ops, Adjusted",Source: Bloomberg
03/31/1993,7.904,,-3.837,,4.067,,-3.734,,,,0.333,-0.043,,0.043,,0.0,0.0,0.29,-0.026,,0.264,0.0,,,0.264,0.0,0.264,0.0,,0.264,0.264,,32.472,0.00875,0.00875,,32.472,0.00875,0.00875,0.00875,
06/30/1993,9.032,,-4.399,,4.632999,,-3.932,,,,0.701,-0.049,,0.049,,0.0,0.0,0.652,-0.08,,0.572,0.0,,,0.572,0.0,0.572,0.0,,0.572,0.572,,32.992001,0.0175,0.0175,,32.992001,0.0175,0.0175,0.0175,
09/30/1993,9.841,,-4.841,,5.0,,-3.903,,,,1.097,0.031,,0.037,,0.0,-0.068,1.128,-0.124,,1.004,0.0,,,1.004,0.0,1.004,0.0,,1.004,1.004,,39.568001,0.025,0.025,,39.568001,0.025,0.025,0.025,
12/31/1993,11.651,,-5.761,,5.89,,-3.944,,,,1.946,-0.106,,0.038,,0.0,0.068,1.84,0.368,0.405,1.803,0.0,,,2.208,0.0,1.803,0.0,,1.803,1.803,,39.880001,0.04625,0.04625,,39.880001,0.04625,0.04625,0.04625,
03/31/1994,10.037,,-4.833,,5.204,,-4.087,,,,1.117,-0.506,,0.04,,0.0,0.466,0.611,-0.055,,0.556,0.0,,,0.556,0.0,0.556,0.0,,0.556,0.556,,44.48,0.0125,0.0125,,44.48,0.0125,0.0125,0.0125,
06/30/1994,11.628,,-6.093,,5.535,,-4.734,,,,0.801,0.331,,0.036,,0.0,-0.367,1.132,-0.116,,1.016,0.0,,,1.016,0.0,1.016,0.0,,1.016,1.016,,42.776001,0.02375,0.02375,,42.776001,0.02375,0.02375,0.02375,
09/30/1994,12.479,,-6.451,,6.028,,-5.081,,,,0.947,0.745,,0.049,,0.0,-0.794,1.692,-0.172,,1.52,0.0,,,1.52,0.0,1.52,0.0,,1.52,1.52,,43.431999,0.035,0.035,,43.431999,0.035,0.035,0.035,
12/31/1994,14.833,,-6.436,,8.397,,-6.039,,,,2.358,-0.037,,0.047,,0.0,-0.01,2.321,-0.227,,2.094,0.0,,,2.094,0.0,2.094,0.0,,2.094,2.094,,44.088,0.0475,0.0475,0.0475,44.088,0.0475,0.0475,0.0475,
03/31/1995,9.206,,-3.971,,5.235,,-4.819,,,,0.416,0.057,,0.041,,0.0,-0.098,0.473,-0.057,,0.416,0.0,,,0.416,0.0,0.416,0.0,,0.416,0.416,,40.936001,0.01,0.01,,40.936001,0.01,0.01,0.01,
06/30/1995,13.938,,-6.588,,7.35,,-6.076,,,,1.274,-0.01,,0.041,,0.0,-0.031,1.264,-0.14,,1.124,0.0,,,1.124,0.0,1.124,0.0,,1.124,1.124,,40.664001,0.025,0.025,,40.664001,0.025,0.025,0.025,
09/30/1995,12.054,,-5.6,,6.454,,-4.982,,,,1.472,-0.801,,0.357,,0.0,0.444,0.671,-0.106,,0.565,0.0,,,0.565,0.0,0.565,0.0,,0.565,0.565,,40.664001,0.0125,0.0125,,40.664001,0.0125,0.0125,0.0125,
12/31/1995,14.927,,-6.565,,8.362,,-6.565,,,,1.797,0.185,,0.356,,0.0,-0.541,1.982,-0.22,,1.762,0.0,,,1.762,0.0,1.762,0.0,,1.762,1.762,,44.016,0.04,0.04,0.04,44.016,0.04,0.04,0.04,
03/31/1996,11.236,,-5.244,,5.992,,-5.853,,,,0.139,-0.067,,0.096,,0.0,-0.029,0.072,-0.016,,0.056,0.0,,,0.056,0.0,0.056,0.0,,0.056,0.056,,44.119999,0.00125,0.00125,0.00125,44.119999,0.00125,0.00125,0.00125,
06/30/1996,15.129,,-7.386,,7.743,,-6.205,,,,1.538,-0.129,,0.129,,0.0,0.0,1.409,-0.303,,1.106,0.0,,,1.106,0.0,1.106,0.0,,1.106,1.106,,42.599998,0.02625,0.02625,0.02625,44.824001,0.025,0.025,0.025,
09/30/1996,17.938,,-8.312,,9.625999,,-6.662,,,,2.964,-0.251,,0.259,,0.0,-0.008,2.713,-0.592,,2.121,0.0,,,2.121,0.0,2.121,0.0,,2.121,2.121,,42.688,0.04875,0.04875,0.04875,44.959999,0.0475,0.0475,0.0475,
12/31/1996,21.714001,,-9.473,,12.241001,,-9.764,,,,2.477,-0.328,,0.335,,0.0,-0.007,2.149,-0.34,,1.809,0.0,,,1.809,0.0,1.809,0.0,,1.809,1.809,,43.032,0.0425,0.0425,0.0425,45.256,0.04,0.04,0.04,
03/31/1997,15.821,,-7.529,,8.292,,-7.863,,,,0.429,-0.306,,0.312,,0.0,-0.006,0.123,-0.032,,0.091,0.0,,,0.091,0.0,0.091,0.0,,0.091,0.091,,43.392,0.0025,0.0025,0.0025,45.984,0.0025,0.0025,0.0025,
06/30/1997,19.938999,,-8.995,,10.943999,,-8.441,,,,2.503,-0.546,,0.56,,0.0,-0.014,1.957,-0.507,,1.45,0.0,,,1.45,0.0,1.45,0.0,,1.45,1.45,,43.912,0.0325,0.0325,0.0325,46.736,0.03125,0.03125,0.03125,
09/30/1997,23.915001,,-11.13,,12.785001,,-9.117,,,,3.668,-0.501,,0.533,,0.0,-0.032,3.167,-0.73,,2.437,0.0,,,2.437,0.0,2.437,0.0,,2.437,2.437,,44.336,0.055,0.055,0.055,47.84,0.05125,0.05125,0.05125,
12/31/1997,32.096001,,-30.853001,,1.243,,-12.944,,,,-11.701,-37.018,0.568,0.698,-0.13,0.0,36.45,-48.719,14.153,,-34.566002,0.0,,,-34.566,0.0,-34.566002,0.0,,-34.566002,-34.566002,37.841999,55.752,-0.62,-0.62,0.05875,55.752,-0.62,-0.62,0.05875,
03/31/1998,40.104,,-19.602,,20.502,,-19.464,,,,1.038,-1.112,1.112,1.475,-0.363,0.0,0.0,-0.074,-0.121,,-0.195,0.0,,,-0.195,0.0,-0.195,0.0,,-0.195,-0.195,,95.256,-0.0025,-0.0025,-0.0025,95.256,-0.0025,-0.0025,-0.0025,
06/30/1998,49.397,,-22.199,,27.198,,-21.541,,,,5.657,-1.096,1.096,1.198,-0.102,,0.0,4.561,-1.128,,3.433,,,,3.433,,3.433,0.0,,3.433,3.433,,96.168,0.03625,0.03625,0.03625,100.904,0.03375,0.03375,0.03375,
09/30/1998,56.013,,-26.705,,29.308,,-20.423,,,,8.885,-0.615,0.615,0.865,-0.25,0.0,0.0,8.27,-2.539,,5.731,0.0,,,5.731,0.0,5.731,0.0,,5.731,5.731,,110.896,0.05125,0.05125,0.05125,114.152,0.05,0.05,0.05,
12/31/1998,51.351002,,-23.754,,27.597002,,-27.070999,,,,0.526,-1.648,,1.661,,0.0,-0.013,-1.122,1.982,,0.86,0.0,,,0.86,0.0,0.86,0.0,,0.86,0.86,,114.664001,0.0075,0.0075,0.0075,114.666664,0.0075,0.0075,0.0075,
03/31/1999,38.821,,-38.827,,-0.006,,-25.688,,,,-25.694,-1.208,1.226,1.226,0.0,0.0,-0.018,-26.902,0.0,,-26.902,0.0,,,-26.902,0.0,-26.902,0.0,0.0,-26.902,-26.902,,113.088,-0.2375,-0.2375,-0.2375,113.088,-0.2375,-0.2375,-0.2375,
06/30/1999,46.316,,-21.571,,24.745,,-22.671,,,,2.074,-0.777,0.981,0.981,0.0,,-0.204,1.297,-0.367,,0.93,,,,0.93,,0.93,0.0,,0.93,0.93,,113.576,0.00875,0.00875,0.00875,115.768,0.0075,0.0075,0.0075,
09/30/1999,45.569,,-21.382,,24.187,,-21.576,,,,2.611,-1.868,,1.576,,0.0,0.292,0.743,-0.55,,0.193,0.0,,,0.193,0.0,0.193,0.0,0.0,0.193,0.193,,114.487999,0.00125,0.00125,0.005,116.183998,0.00125,0.00125,0.005,
12/31/1999,48.06,,-40.29,,7.77,,-28.41,,,,-20.63,-8.11,,4.26,,0.0,3.85,-28.74,-1.38,,-30.13,0.0,,,-30.12,0.0,-30.13,0.0,0.0,-30.13,-30.13,,114.016,-0.26375,-0.26375,-0.17625,114.016,-0.26375,-0.26375,-0.17625,
03/31/2000,36.678001,,-17.518999,,19.159002,,-22.891001,,,,-3.732,-2.01,2.092,2.092,0.0,0.0,-0.082,-5.742,1.836,,-3.906,0.0,,,-3.906,0.0,-3.906,0.0,0.0,-3.906,-3.906,,115.16,-0.03375,-0.03375,-0.03375,115.16,-0.03375,-0.03375,-0.03375,
06/30/2000,52.560001,,-29.861,,22.699001,,-27.142,,,,-4.443,-2.132,2.753,2.753,,0.0,-0.621,-6.575,0.0,,-6.575,0.0,,,-6.575,0.0,-6.575,0.0,0.0,-6.575,-6.575,7.302,115.688,-0.05625,-0.05625,0.00625,115.688,-0.05625,-0.05625,0.00625,
09/30/2000,39.911999,,-29.214001,,10.697998,,-24.194,,,,-13.496,-2.084,2.772,2.772,,0.0,-0.688,-15.58,-2.569,,-18.149,0.0,,,-18.149,0.0,-18.149,0.0,0.0,-18.149,-18.149,12.722,115.872,-0.15625,-0.15625,-0.04625,115.872,-0.15625,-0.15625,-0.04625,
03/31/2001,50.472,,-23.181,,27.291,,-19.466999,,,,7.824,-3.266,3.454,3.454,0.0,0.0,-0.188,4.558,-0.684,,3.874,0.0,,,3.874,0.0,3.874,0.0,0.0,3.874,3.874,,116.488,0.03375,0.03375,0.03375,116.832,0.03375,0.03375,0.03375,
06/30/2001,51.395,,-22.700001,,28.694999,,-20.125,,,,8.57,-1.954,2.004,2.004,,0.0,-0.05,6.616,-0.992,,5.624,0.0,,,5.624,0.0,5.624,0.0,0.0,5.624,5.624,,117.68,0.0475,0.0475,0.0475,123.44,0.045,0.045,0.045,
09/30/2001,47.499,,-21.537,,25.962,,-17.058,11.005,,6.053,8.904,-2.666,2.846,2.846,,0.0,-0.18,6.238,-0.065,,6.173,0.0,,,6.173,0.0,6.173,0.0,0.0,6.173,6.173,,121.04,0.05125,0.05125,0.05125,129.784,0.0475,0.0475,0.0475,
12/31/2001,65.007004,,-30.122999,,34.884005,,-22.870001,,,,12.014,-0.683,,1.119,,0.0,-0.436,11.331,-1.068,,10.263,0.0,,,10.263,0.0,10.263,0.0,0.0,10.263,10.263,,124.440002,0.0825,0.0825,0.0825,133.856003,0.07625,0.07625,0.07625,
03/31/2002,58.098,,-26.799,,31.299,,-20.908,,,,10.391,-0.194,0.318,0.318,0.0,0.0,-0.124,10.197,-1.529,,8.668,0.0,,,8.668,0.0,8.668,0.0,0.0,8.668,8.668,,133.2,0.065,0.065,0.065,142.376,0.06125,0.06125,0.06125,
06/30/2002,63.595001,,-30.777,,32.818001,,-21.222,,,,11.596,-0.352,0.825,0.825,,0.0,-0.473,11.244,-1.687,,9.557,0.0,,,9.557,0.0,9.557,0.0,0.0,9.557,9.557,,134.352008,0.07,0.07,0.07,142.544008,0.0675,0.0675,0.0675,
09/30/2002,64.455002,,-30.632,,33.823002,,-21.004999,,,,12.818,-0.289,0.39,0.39,,0.0,-0.101,12.529,-1.879,,10.65,0.0,,,10.65,0.0,10.65,0.0,0.0,10.65,10.65,,135.0,0.07875,0.07875,0.07875,142.056,0.075,0.075,0.075,
12/31/2002,74.931984,,-35.851998,,39.079986,,-23.708003,,,,15.371998,-0.146,,0.146,,0.0,0.303,14.922998,-2.239,,12.683998,0.0,,,12.683998,0.0,12.683998,0.0,0.0,12.683998,12.683998,,136.807992,0.092714,0.092714,0.092714,143.74396,0.08824,0.08824,0.08824,
03/31/2003,69.170998,,-33.127998,,36.043,,-22.233,,,,13.81,-0.153,,0.26,,0.0,-0.107,13.657,-4.507,,9.15,0.0,,,9.15,0.0,9.15,0.0,0.0,9.15,9.15,,138.664,0.06625,0.06625,0.06625,144.256,0.06375,0.06375,0.06375,
06/30/2003,75.162003,,-36.041,,39.121003,,-23.618999,,,,15.502,-1.002,,0.445,,0.0,0.557,14.5,-4.785,,9.715,0.0,,,9.715,0.0,9.715,0.0,0.0,9.715,9.715,,137.968004,0.07,0.07,0.07,143.78,0.0675,0.0675,0.0675,
09/30/2003,70.232002,,-31.240999,,38.991003,,-21.222,,,,17.768999,-2.205,,2.24,,0.0,-0.035,15.563999,-4.699,,10.865,0.0,,,10.864999,0.0,10.865,0.0,0.0,10.865,10.865,,131.836,0.0825,0.0825,0.0825,137.432008,0.08,0.08,0.08,
12/31/2003,97.414001,,-46.043999,,51.370003,,-28.542,,,,22.827999,-2.701,,1.999,,0.0,0.702,20.126999,-5.164,,14.963,0.0,,,14.962999,0.0,14.963,0.0,0.0,14.963,14.963,,131.339996,0.115,0.115,0.115,156.184006,0.105,0.105,0.105,
03/31/2004,108.861,,-55.441002,,53.419998,,-31.558001,,,,21.862,-2.933,,2.101,,0.0,0.832,18.929,-6.246,,12.683,0.0,,,12.683,0.0,12.683,0.0,0.0,12.683,12.683,,132.848008,0.095,0.095,0.095,140.440004,0.09,0.09,0.09,
06/30/2004,119.294998,,-58.271,,61.023998,,-33.810001,,,,27.214001,-1.782,,2.006,,0.0,-0.224,25.432001,-7.506,,17.926001,0.0,,,17.926001,0.0,17.926001,0.0,0.0,17.926001,17.926001,,134.408004,0.1325,0.1325,0.1325,142.475996,0.125,0.125,0.125,
09/30/2004,110.768997,,-51.789001,,58.979996,,-33.320999,,,,25.659,-2.383,,1.954,,0.0,0.429,23.276,-6.452,,16.823999,0.0,,,16.824,0.0,16.823999,0.0,0.0,16.823999,16.823999,,135.820008,0.125,0.125,0.125,163.42,0.11,0.11,0.11,
12/31/2004,143.726,,-67.991,,75.735,,-41.344,,,,34.391,-2.119,,2.031,,0.0,0.088,32.272,-8.21,,24.062,0.0,,,24.062,0.0,24.062,0.0,0.0,24.062,24.062,,137.42,0.175,0.175,0.175,163.944,0.155,0.155,0.155,
03/31/2005,108.317,,-49.731,,58.586,,-37.451,,,,21.135,-1.261,1.995,1.995,,0.0,-0.734,19.874,-5.167,,14.707,0.0,,,14.707,0.0,14.707,0.0,0.0,14.707,14.707,,139.108,0.105,0.105,0.105,165.112,0.095,0.095,0.095,
06/30/2005,130.966,,-59.639,,71.327,,-39.001,,,,32.326,0.88,1.972,1.972,,0.0,-2.852,33.206,-8.634,,24.572,0.0,,,24.572,0.0,24.572,0.0,0.0,24.572,24.572,,139.038,0.175,0.175,0.175,163.98,0.155,0.155,0.155,
09/30/2005,113.031,,-52.911,,60.12,,-33.779,,,,26.341,-2.903,1.954,1.954,,0.0,0.949,23.438,-6.094,,17.344,0.0,,,17.344,0.0,17.344,0.0,0.0,17.344,17.344,,139.554,0.125,0.125,0.125,164.584,0.11,0.11,0.11,
12/31/2005,156.246994,,-69.585999,,86.660995,,-40.509998,,,,46.151001,-0.445,-0.643,2.001,,0.0,1.088,45.706001,-11.564,,34.141998,0.0,,,34.142001,0.0,34.141998,0.0,0.0,34.141998,34.141998,,138.936005,0.245,0.245,0.245,162.444,0.215,0.215,0.215,
03/31/2006,117.339,,-56.491,,60.848,,-41.982,,,,18.866,-1.223,1.924,1.924,,0.0,-0.701,17.643,-4.984,,12.659,0.0,,,12.659,0.0,12.659,0.0,0.0,12.659,12.659,,138.326,0.09,0.09,0.09,162.622,0.085,0.085,0.085,
06/30/2006,138.55,,-64.639,,73.911,,-44.862,,,,29.049,0.772,1.953,1.953,,0.0,-2.725,29.821,-8.41,,21.411,0.0,,,21.411,0.0,21.411,0.0,0.0,21.411,21.411,,138.218,0.155,0.155,0.155,161.602,0.14,0.14,0.14,
09/30/2006,133.212,,-57.501,,75.711,,-41.744,,,,33.967,-0.818,2.266,2.266,,0.0,-1.448,33.149,-6.079,,27.07,0.0,,,27.07,0.0,27.07,0.0,0.0,27.07,27.07,,134.956,0.2,0.2,0.2,158.104,0.18,0.18,0.18,
12/31/2006,185.899002,,-81.456001,,104.443001,,-49.369999,,,,55.073002,-3.075,2.813,2.813,,0.0,0.262,51.998002,-12.242,,39.756001,0.0,,,39.756002,0.0,39.756001,0.0,0.0,39.756001,39.756001,,131.345993,0.305,0.305,0.305,155.240005,0.265,0.265,0.265,
03/31/2007,161.363,,-71.541,,89.822,,-53.84,,,,35.982,-0.331,2.74,2.74,,0.0,-2.409,35.651,-9.387,,26.264,0.0,,,26.264,0.0,26.264,0.0,0.0,26.264,26.264,,132.084,0.2,0.2,0.2,156.068,0.175,0.175,0.175,
06/30/2007,184.296,,-85.15,,99.146,,-57.983,,,,41.163,-1.395,2.564,2.564,,0.0,-1.169,39.768,-10.683,,29.085,0.0,,,29.085,0.0,29.085,0.0,0.0,29.085,29.085,,133.484,0.22,0.22,0.22,157.826,0.19,0.19,0.19,
09/30/2007,191.104,,-84.081,,107.023,,-55.2,,,,51.823,-1.288,2.245,2.245,,0.0,-0.957,50.535,-15.77,,34.765,0.0,,,34.765,0.0,34.765,0.0,0.0,34.765,34.765,,135.13,0.255,0.255,0.255,159.536,0.225,0.225,0.225,
12/31/2007,242.634,,-105.395,,137.239,,-74.375,,,,62.864,2.335,2.681,2.681,,0.0,-5.016,65.199,-18.602,,46.597,0.0,,,46.597,0.0,46.597,0.0,0.0,46.597,46.597,,136.224,0.34,0.34,0.34,161.426,0.3,0.3,0.3,
03/31/2008,236.906,,-106.111,,130.795,0.0,-75.689,52.579,,23.11,55.106,-3.782,,3.8,,,-0.018,51.324,-14.81,,36.514,,,,36.514,,36.521,0.0,0.0,36.521,36.521,0.0,136.992,0.27,0.27,0.27,161.488,0.24,0.24,0.24,
06/30/2008,260.978,,-114.364,,146.614,0.0,-81.941,58.394,,23.547,64.673,0.037,,3.6,,,-3.637,64.71,-20.059,,44.651,,,,44.651,,44.617,0.0,0.0,44.617,44.617,,138.054,0.32,0.32,0.32,162.344,0.29,0.29,0.29,
09/30/2008,276.74,,-121.478,,155.262,0.0,-78.612,56.973,,21.639,76.65,1.456,,3.5,,,-4.956,78.106,-23.354,,54.752,,,,54.752,,54.779,0.0,0.0,54.779,54.779,,139.211,0.39,0.39,0.39,163.124,0.35,0.35,0.35,
12/31/2008,302.35,,-128.879,,173.471,0.0,-85.409,63.741,,21.668,88.062,8.116,,3.436,,,-11.552,96.178,-31.194,,64.984,0.0,,,64.984,0.0,64.984,0.0,0.0,64.984,64.984,,139.679,0.47,0.47,0.47,162.728,0.41,0.41,0.41,
03/31/2009,271.996,271.996,-114.281,114.281,157.715,0.0,-74.349,51.94,22.409,0.0,83.366,-1.754,2.178,2.778,-0.6,-0.9,0.476,81.612,-27.34,,54.272,0.0,0.0,0.0,54.272,0.0,54.272,0.0,0.0,54.272,53.0253,-1.2467,143.819,0.38,0.38,0.368695,162.578,0.35,0.35,0.342332,
06/30/2009,277.978,277.978,-116.03,116.03,161.948,0.0,-77.287,54.055,23.232,0.0,84.661,-2.819,,1.727,,,1.092,81.842,-26.189,,55.653,0.0,0.0,0.0,55.653,0.0,55.653,0.0,0.0,55.653,55.65365,0.00065,149.948,0.37,0.37,0.371153,161.354,0.35,0.35,0.350004,
09/30/2009,285.553,285.553,-122.736,122.736,162.817,0.0,-73.498,52.204,21.294,0.0,89.319,-2.902,,1.238,,,1.664,86.417,-26.382,,60.035,0.0,0.0,0.0,60.035,0.0,60.035,0.0,0.0,60.035,59.84,-0.195,151.573,0.4,0.4,0.394793,160.287,0.38,0.38,0.378783,
12/31/2009,311.56,311.56,-135.511,135.511,176.049,0.0,-86.108,61.742,24.366,0.0,89.941,0.581,0.705,1.139,-0.434,,-1.286,90.522,-30.269,,60.253,0.0,0.0,0.0,60.253,0.0,60.253,0.0,0.0,60.253,60.253,0.0,152.163,0.4,0.4,0.4,161.241,0.38,0.38,0.38,
03/31/2010,287.298,287.298,-121.944,121.944,165.354,0.0,-81.011,56.208,24.803,0.0,84.343,-0.917,0.97,1.224,-0.254,0.2,-0.253,83.426,-27.531,,55.895,0.0,0.0,0.0,55.895,0.0,55.895,0.0,0.0,55.895,55.895,0.0,152.899,0.37,0.37,0.37,161.604,0.35,0.35,0.35,
06/30/2010,331.133,331.133,-147.81,147.81,183.323,0.0,-93.508,65.199,28.309,0.0,89.815,1.026,0.708,0.9,-0.192,,-1.734,90.841,-31.387,,59.454,0.0,0.0,0.0,59.454,0.0,59.454,0.0,0.0,59.454,62.47455,3.02055,154.495,0.38,0.38,0.404379,161.643,0.37,0.37,0.388687,
09/30/2010,332.497,332.497,-150.389,150.389,182.108,0.0,-96.321,67.801,28.52,0.0,85.787,0.736,,0.349,,,-1.085,86.523,-23.568,,62.955,0.0,0.0,0.0,62.955,0.0,62.955,0.0,0.0,62.955,64.58,1.625,158.215,0.4,0.4,0.408179,160.925,0.39,0.39,0.400098,
12/31/2010,437.509,437.509,-204.653,204.653,232.856,0.0,-132.489,97.486,35.003,0.0,100.367,1.543,0.053,0.412,-0.359,,-1.596,101.91,-31.84,,70.07,0.248,0.248,0.0,69.822,0.0,69.822,0.0,0.0,69.822,73.45,3.38,158.867,0.44,0.44,0.462336,161.51,0.43,0.43,0.450927,
03/31/2011,375.969,375.969,-179.457,179.457,196.512,0.0,-120.196,82.607,37.589,0.0,76.316,-0.938,0.086,0.35,-0.264,,0.852,75.378,-23.772,,51.606,0.291,0.291,0.0,51.315,0.0,51.315,0.0,0.0,51.315,51.606,0.0,159.4,0.32,0.32,0.32,162.31,0.32,0.32,0.32,
06/30/2011,391.555,391.555,-186.144,186.144,205.411,0.0,-163.608,124.127,39.481,0.0,41.803,1.775,0.349,0.435,-0.086,,-2.124,43.578,-13.755,,29.823,0.514,0.514,0.0,29.309,0.0,29.309,0.0,0.0,29.309,55.173,25.35,159.796,0.18,0.19,0.345271,162.55,0.18,0.18,0.335952,
09/30/2011,371.327,371.327,-169.43,169.43,201.897,0.0,-116.488,81.3,35.188,0.0,85.409,-1.437,1.371,1.526,-0.155,,0.066,83.972,-19.582,,64.39,-0.329,-0.329,0.0,64.719,0.0,64.719,0.0,0.0,64.719,64.975,0.585,158.665,0.41,0.41,0.409511,160.798,0.4,0.4,0.403638,
12/31/2011,405.212,405.212,-180.427,180.427,224.785,0.0,-115.117,80.197,34.92,0.0,109.668,-1.515,2.407,3.175,-0.768,,-0.892,108.153,-31.318,,76.835,0.705,0.705,0.0,76.13,0.0,76.13,0.0,0.0,76.13,76.835,0.0,155.647,0.49,0.49,0.49,157.611,0.48,0.49,0.49,
03/31/2012,348.452,348.452,-165.725,165.725,182.727,0.0,-114.431,77.86,36.571,0.0,68.296,-1.413,2.638,3.066,-0.428,,-1.225,66.883,-18.058,,48.825,0.686,0.686,0.0,48.139,0.0,48.139,0.0,0.0,48.139,48.825,0.0,154.485,0.31,0.32,0.32,156.972,0.31,0.31,0.31,
06/30/2012,338.291,338.291,-168.262,168.262,170.029,0.0,-109.308,71.798,37.51,0.0,60.721,-2.631,2.391,2.768,-0.377,,0.24,58.09,-15.685,,42.405,1.312,1.312,0.0,41.093,0.0,41.093,0.0,0.0,41.093,46.825,4.42,153.172,0.27,0.28,0.305702,155.033,0.27,0.27,0.29851,
09/30/2012,332.23,332.23,-158.877,158.877,173.353,0.0,-99.116,69.523,29.593,0.0,74.237,-5.003,2.828,3.096,-0.268,,2.175,69.234,-13.285,,55.949,0.044,0.044,0.0,55.905,0.0,55.905,0.0,0.0,55.905,56.144,0.195,150.878,0.37,0.37,0.372115,152.327,0.37,0.37,0.37128,
12/31/2012,386.385,386.385,-181.01,181.01,205.375,0.0,-105.299,70.482,33.704,1.113,100.076,-2.371,2.22,2.729,-0.509,,0.151,97.705,-19.528,,78.177,0.916,0.916,0.0,77.261,0.0,77.261,0.0,0.0,77.261,78.90045,0.72345,148.103,0.52,0.53,0.53274,149.419,0.52,0.52,0.524842,
03/31/2013,348.583,348.583,-164.596,164.596,183.987,0.0,-114.857,78.173,36.684,0.0,69.13,-1.942,2.706,2.897,-0.191,,-0.764,67.188,-15.552,,51.636,0.0,0.0,0.0,51.636,0.0,51.636,0.0,0.0,51.636,51.636,0.0,144.629,0.36,0.36,0.36,146.291,0.35,0.35,0.35,
06/30/2013,389.329,389.329,-199.288,199.288,190.041,0.0,-119.769,80.168,39.601,0.0,70.272,-3.668,3.493,3.767,-0.274,,0.175,66.604,-16.446,,50.158,0.0,0.0,0.0,50.158,0.0,50.158,0.0,0.0,50.158,50.158,0.0,142.085,0.35,0.35,0.35,143.774,0.35,0.35,0.35,
09/30/2013,358.141,358.141,-185.251,185.251,172.89,0.0,-109.351,76.365,32.986,0.0,63.539,-3.493,3.44,3.696,-0.256,,0.053,60.046,-13.56,,46.486,0.0,0.0,0.0,46.486,0.0,46.486,0.0,0.0,46.486,46.486,0.0,141.863,0.33,0.33,0.33,144.231,0.32,0.32,0.32,
12/31/2013,400.319,400.319,-210.228,210.228,190.091,0.0,-152.29,88.033,38.425,25.832,37.801,-2.653,3.394,3.731,-0.337,,-0.741,35.148,-6.413,,28.735,0.0,0.0,0.0,28.735,0.0,28.735,0.0,0.0,28.735,49.735,21.0,141.25,0.2,0.2,0.352106,143.441,0.2,0.2,0.346402,
03/31/2014,351.542,351.542,-183.01,183.01,168.532,0.0,-126.081,81.942,36.326,7.813,42.451,-3.246,3.444,3.708,-0.264,,-0.198,39.205,-9.311,,29.894,0.0,0.0,0.0,29.894,0.0,29.894,0.0,0.0,29.894,36.294,6.4,140.932,0.21,0.21,0.257528,143.828,0.21,0.21,0.254498,
06/30/2014,369.38,369.38,-186.662,186.662,182.718,0.0,-123.354,83.5,36.307,3.547,59.364,-2.287,3.357,3.629,-0.272,,-1.07,57.077,-12.319,,44.758,0.0,0.0,0.0,44.758,0.0,44.758,0.0,0.0,44.758,47.458,2.7,141.574,0.32,0.32,0.335217,144.12,0.31,0.31,0.328734,
09/30/2014,375.366,375.366,-190.98,190.98,184.386,0.0,-114.377,76.295,34.022,4.06,70.009,0.454,3.265,3.663,-0.398,,-3.719,70.463,-17.606,,52.857,0.0,0.0,0.0,52.857,0.0,52.857,0.0,0.0,52.857,55.957,3.1,141.433,0.37,0.37,0.395643,143.413,0.37,0.37,0.391616,
12/31/2014,434.366,434.366,-219.629,219.629,214.737,0.0,-127.317,90.258,36.096,0.963,87.42,-4.636,3.122,3.593,-0.471,,1.514,82.784,-10.032,,72.752,0.0,0.0,0.0,72.752,0.0,72.752,0.0,0.0,72.752,82.852,10.1,140.634,0.52,0.52,0.589132,142.52,0.51,0.51,0.580867,
03/31/2015,344.517,344.517,-168.62,168.62,175.897,0.0,-110.143,75.369,34.774,0.0,65.754,-2.714,3.414,3.661,-0.247,,-0.7,63.04,-15.13,,47.91,0.0,0.0,0.0,47.91,0.0,47.91,0.0,0.0,47.91,48.04,0.13,139.768,0.34,0.34,0.343712,141.472,0.34,0.34,0.340919,
06/30/2015,392.975,392.975,-203.36,203.36,189.615,0.0,-119.084,83.958,35.126,0.0,70.531,-4.083,3.063,3.358,-0.295,,1.02,66.448,-15.948,,50.5,0.0,0.0,0.0,50.5,0.0,50.5,0.0,0.0,50.5,50.5,0.0,140.063,0.36,0.36,0.36,141.491,0.36,0.36,0.36,
09/30/2015,381.928,381.928,-201.189,201.189,180.739,0.0,-104.757,73.557,31.2,0.0,75.982,-4.806,3.351,3.67,-0.319,,1.455,71.176,1.896,,73.072,0.0,0.0,0.0,73.072,0.0,73.072,0.0,0.0,73.072,72.735,-0.337,139.596,0.52,0.52,0.521039,140.525,0.52,0.52,0.517602,
12/31/2015,437.647,437.647,-230.337,230.337,207.31,0.0,-113.813,81.553,31.994,0.266,93.497,11.285,3.091,3.397,-0.306,,-14.376,104.782,-34.578,,70.204,0.0,0.0,0.0,70.204,0.0,70.204,0.0,0.0,70.204,53.369232,-16.834768,138.0,0.51,0.51,0.386734,138.97,0.51,0.51,0.386734,
03/31/2016,379.472,379.472,-201.782,201.782,177.69,0.0,-120.313,83.033,37.28,0.0,57.377,-1.757,3.187,3.447,-0.26,,-1.43,55.62,-54.495,,1.125,0.0,0.0,0.0,1.125,0.0,1.125,0.0,0.0,1.125,41.857283,40.732283,137.496,0.01,0.01,0.304425,138.779,0.01,0.01,0.303505,
06/30/2016,402.729,402.729,-219.407,219.407,183.322,0.0,-118.11,79.902,38.208,0.0,65.212,-5.359,4.032,4.36,-0.328,,1.327,59.853,-14.485,,45.368,0.0,0.0,0.0,45.368,,45.368,0.0,0.0,45.368,46.438878,1.070878,137.861,0.33,0.33,0.336853,138.993,0.33,0.33,0.336853,
09/30/2016,405.228,405.228,-213.852,213.852,191.376,0.0,-110.527,76.688,33.839,0.0,80.849,-5.641,5.4,5.736,-0.336,,0.241,75.208,-16.575,,58.633,0.0,0.0,0.0,58.633,,58.633,0.0,0.0,58.633,61.55643,2.92343,136.963,0.43,0.43,0.449438,137.938,0.43,0.43,0.449438,
12/31/2016,474.738,474.738,-260.005,260.005,214.733,0.0,-122.453,83.795,38.444,0.214,92.28,-7.004,4.05,4.528,-0.478,,2.954,85.276,-23.776,,61.5,0.0,0.0,0.0,61.5,0.0,61.5,0.0,0.0,61.5,65.188413,3.688413,136.242,0.45,0.45,0.478475,137.543,0.45,0.45,0.476816,
03/31/2017,406.814,406.814,-215.493,215.493,191.321,0.0,-132.235,90.252,41.983,0.0,59.086,-3.522,4.182,4.453,-0.271,,-0.66,55.564,-12.993,,42.571,0.0,0.0,0.0,42.571,0.0,42.571,0.0,0.0,42.571,44.52984,1.95884,136.359,0.31,0.31,0.326563,138.239,0.31,0.31,0.32417,
06/30/2017,434.124,434.124,-227.392,227.392,206.732,0.0,-140.102,97.056,43.046,0.0,66.63,-3.09,4.117,4.472,-0.355,,-1.027,63.54,-12.127,,51.413,0.0,0.0,0.0,51.413,0.0,51.413,0.0,0.0,51.413,52.473657,1.060657,136.865,0.38,0.38,0.383397,138.449,0.37,0.37,0.377661,
09/30/2017,464.712,464.712,-241.821,241.821,222.891,0.0,-135.805,92.932,42.873,0.0,87.086,-2.553,3.331,3.819,-0.488,,-0.778,84.533,-21.004,,63.529,0.0,0.0,0.0,63.529,0.0,63.529,0.0,0.0,63.529,67.503493,3.974493,137.849,0.46,0.46,0.489692,139.419,0.46,0.46,0.488508,
12/31/2017,494.784,494.784,-256.952,256.952,237.832,0.0,-160.673,93.735,43.368,23.57,77.159,-1.731,3.41,4.06,-0.65,,-1.679,75.428,-125.718,,-50.29,0.0,0.0,0.0,-50.29,0.0,-50.29,0.0,0.0,-50.29,76.954528,127.244528,138.723,-0.36,-0.36,0.554735,138.723,-0.36,-0.36,0.554735,
03/31/2018,439.618,439.618,-221.704,221.704,217.914,0.0,-162.422,107.683,44.561,10.178,55.492,-0.877,3.096,4.052,-0.956,,-2.219,54.615,-15.42,,39.195,0.0,0.0,0.0,39.195,0.0,39.195,0.0,0.0,39.195,51.467985,12.272985,138.504,0.28,0.28,0.371599,140.994,0.28,0.28,0.367046,
06/30/2018,452.707,452.707,-220.156,220.156,232.551,0.0,-143.885,97.456,46.429,0.0,88.666,-5.713,3.336,3.992,-0.656,,2.377,82.953,-11.39,,71.563,0.0,0.0,0.0,71.563,0.0,71.563,0.0,0.0,71.563,72.540043,0.977043,137.749,0.52,0.52,0.52661,140.149,0.51,0.51,0.516971,
09/30/2018,434.898,434.898,-212.824,212.824,222.074,0.0,-133.522,91.525,41.997,0.0,88.552,-3.134,3.063,4.042,-0.979,,0.071,85.418,-12.267,,73.151,0.0,0.0,0.0,73.151,0.0,73.151,0.0,0.0,73.151,75.800012,2.649012,138.19,0.53,0.53,0.54852,140.327,0.52,0.52,0.538877,
12/31/2018,448.463,448.463,-220.684,220.684,227.779,0.0,-141.883,92.519,43.951,5.413,85.896,-1.779,2.751,4.061,-1.31,,-0.972,84.117,14.399,,98.516,0.0,0.0,0.0,98.516,0.0,98.516,0.0,0.0,98.516,80.575739,-17.940261,136.834,0.72,0.72,0.588858,138.509,0.71,0.71,0.580476,
03/31/2019,444.736,444.736,-210.875,210.875,233.861,0.0,-152.779,104.49,47.68,0.609,81.082,-6.325,4.459,5.516,-1.057,,1.866,74.757,-13.009,,61.748,0.0,0.0,0.0,61.748,0.0,61.748,0.0,0.0,61.748,67.722,5.974,135.541,0.46,0.46,0.499642,137.165,0.45,0.45,0.493553,
06/30/2019,481.998,481.998,-248.59,248.59,233.408,0.0,-169.671,113.713,52.957,3.001,63.737,-5.614,6.834,7.272,-0.438,,-1.22,58.123,-12.005,,46.118,0.0,0.0,0.0,46.118,0.0,46.118,0.0,0.0,46.118,54.946,8.828,135.519,0.34,0.34,0.405449,137.084,0.34,0.34,0.404398,
09/30/2019,471.248,471.248,-241.661,241.661,229.587,0.0,-155.199,105.149,50.05,0.0,74.388,-7.262,6.97,7.582,-0.612,,0.292,67.126,-5.079,,62.047,0.0,0.0,0.0,62.047,0.0,62.047,0.0,0.0,62.047,67.215942,5.168942,134.741,0.46,0.46,0.498853,136.05,0.46,0.46,0.497993,
12/31/2019,489.044,489.044,-256.407,256.407,232.637,0.0,-178.584,121.089,53.172,4.323,54.053,-12.143,6.797,7.341,-0.544,,5.346,41.91,-40.226,,1.684,0.0,0.0,0.0,1.684,0.0,1.684,0.0,0.0,1.684,62.756848,61.072848,134.279,0.01,0.01,0.467362,135.691,0.01,0.01,0.460088,
03/31/2020,450.923,450.923,-231.555,231.555,219.368,0.0,-190.873,116.242,53.847,20.784,28.495,-5.297,6.612,6.961,-0.349,,-1.315,23.198,-7.774,,15.424,0.0,0.0,0.0,15.424,0.0,15.424,0.0,0.0,15.424,49.59789,34.17389,133.596,0.12,0.12,0.371253,134.927,0.11,0.11,0.363277,
06/30/2020,482.015,482.015,-229.815,229.815,252.2,0.0,-152.39,88.676,56.012,7.702,99.81,-17.916,6.835,6.962,-0.127,,11.081,81.894,-20.637,,61.257,0.0,0.0,0.0,61.257,0.0,61.257,0.0,0.0,61.257,75.38926,14.13226,130.831,0.47,0.47,0.576234,131.687,0.47,0.47,0.576234,
09/30/2020,472.1,,,,234.430697,,,,,,80.522,,,,,,,74.433,,,56.533,,,,,,56.533,,,56.533,69.95,,,0.437,0.437,0.558,,0.437,0.437,0.558,
12/31/2020,499.8,,,,248.9004,,,,,,89.167,,,,,,,83.011,,,62.2,,,,,,62.2,,,62.2,74.717,,,0.483,0.483,0.589,,0.483,0.483,0.589,
