Date,Revenue,Sales & Services Revenue,Cost of Revenue,Cost of Goods & Services,Gross Profit,Other Operating Income,Operating Expenses,"Selling, General & Admin",Research & Development,Other Operating Expense,Operating Income (Loss),Non-Operating (Income) Loss,"Interest Expense, Net",Interest Expense,Interest Income,Foreign Exch (Gain) Loss,(Income) Loss from Affiliates,Other Non-Op (Income) Loss,Pretax Income,Income Tax Expense (Benefit),Income (Loss) from Cont Ops,Net Extraordinary Losses (Gains),Discontinued Operations,XO & Accounting Changes,Income (Loss) Incl. MI,Minority Interest,"Net Income, GAAP",Preferred Dividends,Other Adjustments,"Net Income Avail to Common, GAAP","Net Income Avail to Common, Adj",Net Abnormal Losses (Gains),Basic Weighted Avg Shares,"Basic EPS, GAAP",Basic EPS from Cont Ops,"Basic EPS from Cont Ops, Adjusted",Diluted Weighted Avg Shares,"Diluted EPS, GAAP",Diluted EPS from Cont Ops,"Diluted EPS from Cont Ops, Adjusted",Source: Bloomberg
03/31/1990,813.450012,,-582.445007,,231.005005,,-153.253006,,,,77.751999,-21.055999,,36.821999,,0.0,,-15.766,56.696,-16.292,40.403999,0.0,,,40.404,-2.389,38.014999,0.0,,38.014999,38.014999,,144.184006,0.2625,0.2625,,144.184006,0.2625,0.2625,0.2625,
06/30/1990,987.280029,,-718.715027,,268.565002,,-164.720993,,,,103.844002,-21.890999,,37.466999,,0.0,,-15.576,81.953003,-25.186001,56.766998,0.0,,,56.767002,-2.026,54.741001,0.0,,54.741001,54.741001,,144.492004,0.38,0.38,,144.492004,0.38,0.38,0.38,
09/30/1990,941.01001,,-698.752991,,242.257019,,-162.671005,,,,79.585999,-25.821001,,38.845001,,0.0,,-13.024,53.764997,-15.866,37.898998,0.0,,,37.898997,-2.419,35.48,0.0,,35.48,35.48,,144.839996,0.245,0.245,,144.839996,0.245,0.245,0.245,
12/31/1990,980.500977,,-771.198975,,209.302002,,-163.181,,,,46.120998,-19.069998,,37.487999,,9.9,,-28.318001,27.051,1.285,28.336,0.0,,,28.336,-1.284,27.052,0.0,,27.052,27.052,,139.444,0.1875,0.1875,,139.444,0.1875,0.1875,0.1875,
03/31/1991,877.388,,-653.562988,,223.825012,,-145.779007,,,,78.045998,-20.709001,,35.158001,,0.0,,-14.449,57.336997,-17.659,39.678001,0.0,,,39.677997,-0.965,38.713001,0.0,,38.713001,38.713001,,144.056,0.2675,0.2675,,144.056,0.2675,0.2675,0.2675,
06/30/1991,1046.654053,,-764.935974,,281.718079,,-160.130997,,,,121.586998,-30.387,,32.966,,0.0,,-2.579,91.199998,-28.016001,63.183998,0.0,,,63.183998,-0.707,62.477001,0.0,,62.477001,62.477001,,144.923996,0.43,0.43,,144.923996,0.43,0.43,0.43,
09/30/1991,967.43103,,-737.437988,,229.993042,,-151.063004,,,,78.93,-17.566,,29.864,,0.0,,-12.298,61.364,-18.83,42.534,9.206,,,33.328,-0.817,32.511002,0.0,,32.511002,32.511002,,145.516006,0.2225,0.285,,145.516006,0.2225,0.285,0.285,
12/31/1991,1007.976013,,-787.780029,,220.195984,,-174.063995,,,,46.132,2.945,,26.695,,-3.4,,-26.24,49.077,-18.344,30.733,0.0,,,30.733,-0.557,30.176001,0.0,,30.176001,30.176001,,140.802,0.21,0.21,0.21,140.802,0.21,0.21,0.21,
03/31/1992,933.874023,,-688.015991,,245.858032,,-156.151993,,,,89.706001,-11.472,,22.506001,,0.0,,-11.034,78.234001,-22.208,56.026001,192.899986,,,-136.873985,-1.53,-138.404007,0.0,,-138.404007,-138.404007,,146.748001,-0.9425,0.3725,,146.748001,-0.9425,0.3725,0.3725,
06/30/1992,1061.087036,,-785.60498,,275.482056,,-176.714005,,,,98.767998,-3.673,,26.405001,,0.0,,-22.732,95.094997,-29.148001,65.946999,0.0,,,65.946997,-1.381,64.566002,0.0,,64.566002,64.566002,,147.259995,0.4375,0.4375,,147.259995,0.4375,0.4375,0.4375,
09/30/1992,976.257019,,-744.265015,,231.992004,,-163.748993,,,,68.242996,-13.518,,23.445,,0.0,,-9.927,54.724997,-11.69,43.035,2.247,,,40.787997,-0.948,39.84,0.0,,39.84,39.84,,147.352005,0.27,0.285,,147.352005,0.27,0.285,0.285,
12/31/1992,1002.445007,,-770.021973,,232.423034,,-182.306,,,,50.117001,5.098002,,22.573999,,1.4,,-29.072001,55.215003,-23.988001,31.226999,73.199996,,,-41.972994,0.225,-41.748001,0.0,,-41.748001,-41.748001,,147.599992,-0.285,0.21,0.21,147.599992,-0.285,0.21,0.21,
03/31/1993,901.661987,,-666.129028,,235.532959,,-162.233994,,,,73.299004,-10.91,,18.42,,0.0,,-7.51,62.389004,-16.32,46.069,0.0,,,46.069004,-0.629,45.439999,0.0,,45.439999,45.439999,,147.723999,0.3075,0.3075,,147.723999,0.3075,0.3075,0.3075,
06/30/1993,979.289978,,-727.218994,,252.070984,,-167.160004,,,,84.911003,0.021,,19.674999,,0.0,,-19.695999,84.932003,-22.261,62.671001,4.683,,,57.988003,-0.117,57.870998,0.0,,57.870998,57.870998,,147.651993,0.39,0.4225,,147.651993,0.39,0.4225,0.4225,
09/30/1993,926.512024,,-704.309998,,222.202026,,-169.501999,,,,52.700001,-6.22,,17.465,,0.0,,-11.245,46.48,-10.428,36.051998,0.0,,,36.052,-0.766,35.285999,0.0,,35.285999,35.285999,,147.832001,0.2375,0.2375,,147.832001,0.2375,0.2375,0.2375,
12/31/1993,946.468994,,-737.627991,,208.841003,,-189.779999,,,,19.061001,-172.564007,,18.089001,,0.0,,154.475006,-153.503006,52.161999,-101.341003,0.0,,,-101.341007,-0.972,-102.313004,0.0,,-102.313004,-102.313004,,148.0,-0.6925,-0.6925,-0.6925,148.0,-0.6925,-0.6925,-0.6925,
03/31/1994,908.299988,,-654.916992,,253.382996,,-180.623993,,,,72.759003,9.941,,16.407,,0.0,,-26.348,82.700003,-21.688,61.012001,0.0,,,61.012003,-14.925,46.087002,0.0,,46.087002,46.087002,,148.087997,0.31,0.31,,148.087997,0.31,0.31,0.31,
06/30/1994,1053.764038,,-748.771973,,304.992065,,-185.335999,,,,119.655998,-0.386,,16.723,,0.0,,-16.337,119.269999,-31.679001,87.591003,0.0,,,87.590998,-20.274,67.317001,0.0,,67.317001,67.317001,,148.279999,0.455,0.455,,148.279999,0.455,0.455,0.455,
09/30/1994,1009.609009,,-750.14801,,259.460999,,-189.625,,,,69.835999,-6.627999,,18.205999,,0.0,,-11.578,63.207999,-13.169,50.039001,0.0,,,50.039,-15.344,34.695,0.0,,34.695,34.695,,149.192001,0.2325,0.2325,,149.192001,0.2325,0.2325,0.2325,
12/31/1994,1039.126953,,-787.763,,251.363953,,-198.914993,,,,52.449001,-3.927,,16.664,,11.1,,-23.837,48.522001,-12.364,36.158001,0.0,,,36.158001,-10.857,25.301001,0.0,,25.301001,25.301001,,149.600006,0.17,0.17,,149.600006,0.17,0.17,0.17,
03/31/1995,1006.599976,,-728.5,,278.099976,,-179.699997,,,,98.400002,-1.899999,,16.299999,,0.0,,-14.4,96.500003,-23.5,73.0,3.5,,,69.500003,-17.1,52.400002,0.0,,52.400002,52.400002,,150.136,0.35,0.375,0.375,150.136,0.35,0.375,0.375,
06/30/1995,1118.599976,,-793.599976,,325.0,,-194.100006,,,,130.899994,-10.599999,,18.4,,0.0,,-7.8,120.299994,-33.200001,87.099998,1.3,,,85.799994,-8.1,77.699997,0.0,,77.699997,77.699997,,150.675995,0.515,0.5225,,150.675995,0.515,0.5225,0.5225,
09/30/1995,1141.199951,,-836.900024,,304.299927,,-221.199997,,,,83.099998,-39.400001,,23.700001,,0.0,,15.7,43.699998,31.1,74.800003,0.5,,,74.299998,-17.200001,57.099998,0.0,,57.099998,57.099998,,151.391998,0.3775,0.38,,151.391998,0.3775,0.38,0.38,
12/31/1995,1184.400024,,-908.299988,,276.100037,,-224.100006,,,,52.0,-0.600001,,25.6,,-0.2,,-24.799999,51.399999,-10.1,41.299999,-3.4,,,44.699999,-16.299999,28.4,0.0,,28.4,28.4,,151.600006,0.1875,0.165,,151.600006,0.1875,0.165,0.165,
03/31/1996,861.200012,,-638.099976,,223.100036,,-166.199997,,,,56.900002,-4.2,,22.6,,,,-18.4,52.700002,-19.299999,33.400002,-21.799999,,,55.200002,,55.200001,0.0,,55.200001,55.200001,,147.199996,0.375,0.2275,0.2275,151.972,0.3625,0.22,0.22,
06/30/1996,973.700012,,-721.5,,252.200012,,-187.899994,,,,64.300003,2.199999,,22.700001,,,,-24.9,66.500002,-19.700001,46.799999,-9.5,,,56.300001,,56.299999,0.0,,56.299999,56.299999,,148.156006,0.38,0.315,0.315,152.235992,0.37,0.3075,0.3075,
09/30/1996,1023.799988,,-758.599976,,265.200012,,-196.600006,,,,68.599998,2.0,,26.799999,,,,-28.799999,70.599998,-19.1,51.5,-3.1,,,54.599998,,54.599998,0.0,,54.599998,54.599998,,152.212006,0.3675,0.3475,0.3475,152.212006,0.36,0.34,0.34,
12/31/1996,1092.0,,-811.200012,,280.799988,,-211.800003,,,,69.0,-22.9,,30.9,,,,-8.0,46.1,-14.9,31.200001,-13.4,,,44.6,,44.599998,0.0,,44.599998,44.599998,,148.800004,0.3,0.21,0.21,152.399992,0.2925,0.2025,0.2025,
03/31/1997,992.900024,,-753.299988,,239.600036,,-188.800003,,,,50.799999,-20.7,,30.1,,,,-9.4,30.099999,-6.5,23.6,-18.799999,,,42.399998,-2.4,40.0,0.0,,40.0,40.0,,148.800004,0.2675,0.1425,0.1425,152.399992,0.2625,0.14,0.14,
06/30/1997,1134.300049,,-830.299988,,304.000061,,-211.5,,,,92.5,-10.1,,28.700001,,,,-18.6,82.4,-18.9,63.5,-12.1,,,75.6,-2.9,72.699997,0.0,,72.699997,72.699997,,148.800003,0.4875,0.4075,0.4075,153.199997,0.475,0.395,0.395,
09/30/1997,1059.400024,,-779.299988,,280.100037,,-192.199997,,,,87.900002,-12.499999,,27.799999,,,,-15.3,75.400002,-17.4,58.0,-7.8,,,65.800003,-2.899963,62.900002,0.0,,62.900002,62.900002,,148.800003,0.4225,0.37,0.37,153.600006,0.4075,0.3575,0.3575,
12/31/1997,1072.400024,,-827.5,,244.900024,,-206.800003,,,,38.099998,-276.800007,,31.700001,,,,245.100006,-238.700009,78.0,-160.699997,-148.199997,,,-12.500012,-0.7,-13.2,0.0,,-13.2,-13.2,,143.199996,-0.0925,-1.125,0.135,143.199996,-0.0925,-1.125,0.1325,
03/31/1998,1022.4,,-757.3,,265.1,,-203.4,,,,61.7,-24.6,24.6,26.7,-2.1,,,0.0,37.1,-9.4,27.7,36.1,,,-8.4,-0.9,-9.3,,,-9.3,-9.3,,139.2,-0.0675,0.1925,0.1925,143.2,-0.065,0.1875,0.1875,
06/30/1998,1155.1,,-846.1,,309.0,0.0,-188.7,150.9,,37.8,120.3,-28.2,28.2,28.2,0.0,,,0.0,92.1,-23.6,68.5,,,,68.5,-0.9,67.6,,0.0,67.6,67.6,,138.4,0.4875,0.4875,0.4875,142.8,0.4725,0.4725,0.4725,
09/30/1998,1128.7,,-842.6,,286.1,0.0,-180.3,143.3,,37.0,105.8,-28.5,28.5,28.5,0.0,,,0.0,77.3,-19.3,58.0,,,,58.0,-2.5,55.5,0.0,0.0,55.5,55.5,,135.2,0.41,0.41,0.41,138.8,0.4,0.4,0.4,
12/31/1998,1115.900024,,-841.700012,,274.200012,,-198.0,,,,76.199997,-26.999998,,32.099998,,,,-5.1,49.199999,-11.8,37.400002,42.700001,,,-5.300002,-1.9,-7.2,0.0,,-7.2,-7.2,,131.600008,-0.055,0.27,0.27,134.800004,-0.0525,0.265,0.265,
03/31/1999,974.7,,-718.6,,256.1,,-186.8,,,,69.3,-27.9,27.9,30.2,-2.3,,,0.0,41.4,-10.5,30.9,,,,30.9,-0.6,30.3,,,30.3,30.3,,129.2,0.235,0.235,0.235,132.0,0.23,0.23,0.23,
06/30/1999,1107.400024,,-798.5,,308.900024,,-188.199997,,,,120.699997,-26.799999,26.799999,30.799999,-4.0,,,0.0,93.899998,-23.799999,70.099998,-18.0,,,88.099998,-1.2,86.900002,0.0,,86.900002,86.900002,,127.199997,0.6825,0.5425,0.5425,131.199997,0.6625,0.525,0.525,
09/30/1999,1034.3,,-775.0,,259.3,0.0,-172.6,135.8,,36.8,86.7,-15.1,26.8,28.5,-1.7,,,-11.7,71.6,-5.6,66.0,,,,66.0,-1.9,64.1,0.0,0.0,64.1,64.1,,125.6,0.51,0.51,0.45,129.2,0.495,0.495,0.435,
12/31/1999,1077.7,,-799.8,,277.9,,-180.2,,,,97.7,-25.1,27.6,27.6,,,,-2.5,72.6,-18.4,54.2,21.4,,,32.8,-1.4,31.4,0.0,,31.4,31.4,,122.0,0.2575,0.4325,0.4325,125.2,0.25,0.4225,0.4225,
03/31/2000,1003.599976,,-761.700012,,241.899963,,-174.800003,,,,67.099998,-22.999999,23.0,24.799999,-1.8,,,0.0,44.099999,-10.6,33.5,,,,33.499999,-0.7,32.799999,,,32.799999,32.799999,,121.599998,0.27,0.27,0.27,125.199997,0.2625,0.2625,0.2625,
06/30/2000,1010.9,,-714.0,,296.9,,-174.0,,,,122.9,-82.2,25.6,26.5,-0.9,,,56.6,40.7,-1.9,38.8,,,,38.8,-0.8,38.0,,,38.0,38.0,,121.6,0.3125,0.3125,0.3125,126.0,0.3,0.3,0.3,
09/30/2000,958.6,,-696.6,,262.0,,-160.4,,,,101.6,-25.5,25.5,26.3,-0.8,,,0.0,76.1,-18.4,57.7,66.7,,,-9.0,-1.2,-10.2,0.0,0.0,-10.2,-10.2,,121.6,-0.085,0.465,0.465,126.4,-0.08,0.4475,0.4475,
12/31/2000,952.3,,-699.6,,252.7,,-167.8,,,,84.9,-18.6,22.1,22.1,,,,-3.5,66.3,-14.4,51.9,0.0,,,51.9,-1.9,50.0,0.0,0.0,50.0,50.0,,122.4,0.41,0.41,0.41,127.2,0.3925,0.3925,0.3925,
03/31/2001,447.2,,-326.3,,120.9,,-85.3,,,,35.6,-20.8,-20.2,14.4,-34.6,,,41.0,14.8,0.0,14.8,40.9,,,-26.1,-0.4,-26.5,0.0,0.0,-26.5,-26.5,,123.2,-0.215,0.1175,0.12,123.2,-0.215,0.1175,0.12,
06/30/2001,523.200012,,-364.200012,,159.0,,-89.199997,,,,69.800003,-513.500006,13.7,15.4,-1.7,,,499.800006,-443.700003,145.0,-298.700012,0.9,,,-299.600003,-0.2,-299.799988,0.0,0.0,-299.799988,-299.799988,,124.599998,-2.405,-2.3975,0.3175,124.599998,-2.405,-2.3975,0.3175,
09/30/2001,482.8,,-367.4,,115.4,,-80.8,,,,34.6,-18.2,13.4,14.4,-1.0,,,4.8,16.4,-1.6,14.8,-7.4,,,22.2,-0.9,21.3,0.0,0.0,21.3,21.3,,124.8,0.17,0.11,0.145,128.0,0.165,0.1075,0.1425,
12/31/2001,489.8,,-443.3,,46.5,,,,,,46.5,-110.0,,14.1,,,,95.9,-63.5,28.6,-34.9,-3.0,,,-31.9,-0.8,-32.7,,,-32.7,-32.7,,125.2,-0.26,-0.285,0.1925,128.0,-0.26,-0.285,0.1875,
03/31/2002,434.2,,-322.8,,111.4,,-78.5,,,,32.9,-22.4,-10.5,15.4,-25.9,,,32.9,10.5,-1.0,9.5,,,,9.5,-0.5,9.0,0.0,,9.0,9.0,,129.6,0.0725,0.0725,0.0725,129.6,0.07,0.07,0.07,
06/30/2002,482.4,,-353.1,,129.3,,-78.1,,,,51.2,-27.5,17.0,17.0,,0.0,,10.5,23.7,-3.9,19.8,0.0,,,19.8,-0.6,19.2,0.0,0.0,19.2,19.2,,130.372,0.1475,0.1475,0.1825,134.232,0.1425,0.1425,0.1775,
09/30/2002,476.6,,-350.1,,126.5,,-75.1,,,,51.4,-12.1,15.7,15.7,,,,-3.6,39.3,-10.1,29.2,0.0,,,29.2,-1.0,28.2,0.0,0.0,28.2,28.2,,140.224,0.2,0.2,0.2,143.756,0.1975,0.1975,0.1975,
12/31/2002,459.7,,-329.7,,130.0,,-74.5,,,,55.5,-39.1,23.5,23.5,,,,15.6,16.4,-2.4,14.0,3.3,,,10.7,-1.3,9.4,0.0,0.0,9.4,9.4,,140.4,0.0675,0.09,0.16,143.2,0.065,0.0875,0.155,
03/31/2003,434.0,,-325.2,,108.8,,-76.9,,,,31.9,-28.8,25.3,25.3,,,,3.5,3.1,-0.5,2.6,0.0,,,2.6,-0.7,1.9,0.0,0.0,1.9,1.9,,140.604,0.0125,0.0125,0.0125,142.684,0.0125,0.0125,0.0125,
06/30/2003,510.0,,-370.7,,139.3,,-82.3,,,,57.0,-28.6,23.4,23.4,,0.0,,5.2,28.4,-6.3,22.1,0.0,,,22.1,-0.4,21.7,0.0,0.0,21.7,21.7,,140.816,0.155,0.155,0.155,142.136,0.1525,0.1525,0.1525,
09/30/2003,470.5,,-344.4,,126.1,,-77.3,,,,48.8,-62.9,23.0,23.0,,,,39.9,-14.1,11.1,-3.0,0.0,,,-3.0,-0.4,-3.4,0.0,0.0,-3.4,-3.4,,140.8,-0.025,-0.025,0.12,142.4,-0.025,-0.025,0.1175,
12/31/2003,506.9,,-360.2,,146.7,,-87.8,,,,58.9,-35.4,24.4,24.4,,,,11.0,23.5,-2.5,21.0,13.3,,,7.7,-1.4,6.3,0.0,0.0,6.3,6.3,,140.8,0.045,0.14,0.1925,142.4,0.045,0.1375,0.19,
03/31/2004,505.7,,-377.6,,128.1,,-88.8,,,,39.3,-31.4,20.4,20.4,,,,11.0,7.9,0.1,8.0,1.8,,,6.2,-0.7,5.5,0.0,0.0,5.5,5.5,,142.0,0.0375,0.05,0.0975,145.6,0.0375,0.05,0.095,
06/30/2004,534.3,,-377.6,,156.7,,-82.1,,,,74.6,-21.9,20.6,20.6,,,,1.3,52.7,-11.6,41.1,10.1,,,31.0,-0.3,30.7,0.0,0.0,30.7,30.7,,144.82,0.2125,0.2825,0.295,149.392,0.205,0.2725,0.285,
09/30/2004,497.5,,-359.7,,137.8,,-82.9,,,,54.9,-16.5,19.9,19.9,,,,-3.4,38.4,-7.2,31.2,0.6,,,30.6,-1.1,29.5,0.0,0.0,29.5,29.5,,146.0,0.2025,0.2075,0.21,151.2,0.195,0.1975,0.2,
12/31/2004,513.7,,-359.3,,154.4,,-94.4,,,,60.0,-24.1,,20.0,,,,4.1,35.9,63.2,99.1,2.9,,,96.2,-1.7,94.5,0.0,0.0,94.5,94.5,,147.2,0.6425,0.6625,0.23,153.2,0.6175,0.635,0.22,
09/30/2005,510.0,,-367.8,,142.2,,-86.0,,,,56.2,-62.2,13.3,13.3,,,,48.9,-6.0,5.2,-0.8,1.4,,,-2.2,-2.2,-4.4,0.0,0.0,-4.4,-4.4,,151.46,-0.03,-0.02,0.2066,151.46,-0.03,-0.02,0.2066,
12/31/2005,522.2,,-360.1,,162.1,,-96.5,,,,65.6,30.8,,15.0,-4.2,0.0,,-41.6,96.4,-49.0,47.4,19.9,,,27.5,-2.2,25.3,0.0,0.0,25.3,25.3,,112.0,0.1675,0.1675,0.2325,158.4,0.16,0.16,0.2225,
03/31/2006,594.1,,-400.4,,193.7,,-89.5,,,,104.2,-38.9,8.4,8.4,,,,30.5,65.3,-25.0,40.3,0.6,,,39.7,-2.0,37.7,0.0,0.0,37.7,37.7,,153.376,0.2475,0.25,0.3725,158.604,0.2375,0.24,0.3575,
06/30/2006,592.3,,-407.9,,184.4,,-93.1,,,,91.3,-46.2,9.2,0.0,,,,37.0,45.1,-7.3,37.8,-11.0,,,48.8,-2.5,46.3,0.0,0.0,46.3,46.3,,154.64,0.3,0.2275,0.375,159.568,0.29,0.22,0.3675,
09/30/2006,572.2,,-412.6,,159.6,,-95.1,,,,64.5,-7.9,7.5,7.5,,0.0,,0.4,56.6,-16.0,40.6,3.5,,,37.1,-2.0,35.1,0.0,0.0,35.1,35.1,,153.496,0.2275,0.2525,0.2875,158.032,0.2225,0.245,0.2775,
12/31/2006,587.3,,-415.6,,171.7,,-106.1,,,,65.6,-12.4,,26.1,-9.1,0.0,,-4.6,53.2,-20.0,33.2,19.7,,,13.5,-1.3,12.2,0.0,0.0,12.2,12.2,,151.8,0.08,0.21,0.24,156.6,0.08,0.205,0.235,
03/31/2007,674.1,,-463.3,,210.8,,-124.9,,,,85.9,-8.6,8.4,8.4,,,,0.2,77.3,-20.3,57.0,9.3,,,47.7,-1.9,45.8,0.0,0.0,45.8,45.8,,151.728,0.3025,0.3625,0.5325,156.368,0.2925,0.3525,0.5175,
06/30/2007,657.9,,-447.9,,210.0,,-101.6,,,,108.4,-100.8,10.0,10.0,,0.0,,90.8,7.6,8.0,15.6,5.7,,,9.9,-1.3,8.6,0.0,0.0,8.6,8.6,,151.432,0.0575,0.095,0.4925,155.508,0.055,0.0925,0.48,
09/30/2007,626.6,,-440.2,,186.4,,-94.3,,,,92.1,-33.3,8.6,8.6,,0.0,,24.7,58.8,-14.5,44.3,4.3,,,40.0,-2.9,37.1,0.0,0.0,37.1,37.1,,150.42,0.245,0.275,0.35,154.656,0.24,0.27,0.345,
12/31/2007,674.3,,-478.7,,195.6,0.0,-114.4,86.2,,28.2,81.2,-19.4,18.1,19.1,-1.0,0.0,-0.2,1.5,61.8,-2.2,59.6,5.0,,,54.6,-3.5,51.1,0.0,0.0,51.1,51.1,,149.6,0.275,0.31,0.34,154.2,0.265,0.295,0.325,
03/31/2008,750.2,,-499.2,,251.0,,-105.5,,,,145.5,-0.1,8.7,8.7,,0.0,,-8.6,145.4,-42.2,103.2,6.4,,,96.8,-2.9,93.9,0.0,0.0,93.9,93.9,,148.836,0.63,0.675,0.615,153.15,0.615,0.655,0.595,
06/30/2008,806.6,,-536.4,,270.2,,-113.0,,,,157.2,-18.7,8.3,8.3,,0.0,,10.4,138.5,-42.5,96.0,7.8,,,88.2,-3.8,84.4,0.0,0.0,84.4,84.4,,148.662,0.57,0.62,0.665,152.946,0.55,0.6,0.645,
09/30/2008,820.8,,-580.8,,240.0,,-105.3,,,,134.7,-20.8,7.5,7.5,,0.0,,13.3,113.9,-23.3,90.6,5.9,,,84.7,-4.7,80.0,0.0,0.0,80.0,80.0,,147.91,0.54,0.58,0.58,152.028,0.525,0.565,0.565,
12/31/2008,737.7,,-518.0,,219.7,,-106.8,81.2,,25.6,112.9,-38.8,7.4,7.4,,0.0,-0.2,31.6,74.1,-17.4,56.7,4.8,,,51.9,-5.6,46.3,0.0,0.0,46.3,46.3,,145.2,0.32,0.355,0.52,148.0,0.315,0.345,0.51,
03/31/2009,690.5,690.5,-453.9,453.9,236.6,0.0,-122.6,80.1,20.0,22.5,114.0,-5.3,7.0,,,,-1.7,0.0,108.7,-33.4,75.3,4.4,4.4,0.0,70.9,-1.8,69.1,0.0,0.0,69.1,85.61959,12.11959,144.6,0.475,0.505,0.592113,146.8,0.47,0.5,0.582558,
06/30/2009,700.3,700.3,-477.3,477.3,223.0,0.0,-125.8,74.7,21.0,30.1,97.2,-6.7,6.5,,,,0.2,0.0,90.5,-13.6,76.9,5.2,5.2,0.0,71.7,-2.4,69.3,0.0,0.4,69.7,78.282459,3.382459,144.4,0.475,0.51,0.542122,146.8,0.47,0.505,0.528042,
09/30/2009,713.3,713.3,-510.0,510.0,203.3,0.0,-135.3,79.8,23.2,32.3,68.0,-5.3,6.2,,,,-0.9,0.0,62.7,-27.2,35.5,6.1,6.1,0.0,29.4,-1.4,28.0,0.0,0.0,28.0,57.527824,23.427824,144.13,0.195,0.235,0.399139,146.29,0.19,0.23,0.390147,
12/31/2009,722.1,722.1,-502.4,502.4,219.7,0.0,-164.2,87.7,28.6,47.9,55.5,-7.4,7.3,,,,0.1,0.0,48.1,21.2,69.3,2.5,2.5,0.0,66.8,-4.7,62.1,0.0,0.0,62.1,86.235676,21.635676,144.2,0.43,0.445,0.598028,146.4,0.425,0.44,0.587785,
03/31/2010,756.5,756.5,-489.5,489.5,267.0,0.0,-131.1,90.9,23.5,16.7,135.9,-9.1,10.0,,,,-0.9,0.0,126.8,-40.7,86.1,5.7,5.7,0.0,80.4,-3.0,77.4,0.0,0.0,77.4,97.245,14.145,144.6,0.53,0.57,0.672511,146.6,0.53,0.57,0.666487,
06/30/2010,776.8,776.8,-512.2,512.2,264.6,0.0,-133.2,95.6,22.3,15.3,131.4,-9.4,9.4,,,,0.0,0.0,122.0,-33.8,88.2,19.3,19.3,0.0,68.9,-3.2,65.7,0.0,0.5,66.2,94.845,9.345,144.966,0.45,0.585,0.654257,146.796,0.45,0.58,0.64366,
09/30/2010,772.5,772.5,-517.8,517.8,254.7,0.0,-127.6,99.9,24.0,3.7,127.1,-8.6,9.6,,,,-1.0,0.0,118.5,-32.3,86.2,0.3,0.3,0.0,85.9,-3.0,82.9,0.0,0.0,82.9,83.5,0.3,144.682,0.57,0.57,0.577128,146.11,0.565,0.57,0.572053,
12/31/2010,810.5,810.5,-546.1,546.1,264.4,0.0,-271.7,124.8,30.7,116.2,-7.3,-9.5,10.3,,,,-0.8,0.0,-16.8,-25.2,-42.0,8.3,8.3,0.0,-50.3,-3.2,-53.5,0.0,0.0,-53.5,75.345,120.545,143.6,-0.37,-0.315,0.524686,143.6,-0.37,-0.315,0.52445,
03/31/2011,795.0,795.0,-506.9,506.9,288.1,0.0,-133.1,105.9,22.7,4.5,155.0,-9.0,9.9,,,,-0.9,0.0,146.0,-40.6,105.4,8.0,8.0,0.0,97.4,-3.4,94.0,0.0,0.0,94.0,103.82,1.82,143.0,0.655,0.71,0.726014,144.2,0.65,0.705,0.717622,
06/30/2011,812.2,812.2,-513.4,513.4,298.8,0.0,-143.2,108.9,25.0,9.3,155.6,-8.8,10.5,,,,-1.7,0.0,146.8,-25.7,121.1,8.9,8.9,0.0,112.2,-5.0,107.2,0.0,0.0,107.2,109.62,-6.48,143.212,0.745,0.805,0.765439,144.37,0.745,0.805,0.760116,
09/30/2011,862.1,862.1,-574.7,574.7,287.4,0.0,-151.8,110.6,27.8,13.4,135.6,-8.6,9.1,,,,-0.5,0.0,127.0,-29.8,97.2,6.3,6.3,0.0,90.9,-4.1,86.8,0.0,0.0,86.8,95.895,2.795,141.942,0.61,0.655,0.675593,143.068,0.605,0.65,0.669536,
12/31/2011,908.6,908.6,-615.5,615.5,293.1,0.0,-152.0,117.1,29.7,5.2,141.1,-10.4,9.9,,,,0.5,0.0,130.7,-40.4,90.3,8.6,8.6,0.0,81.7,-3.8,77.9,0.0,0.0,77.9,110.645,24.145,140.4,0.555,0.615,0.78807,141.4,0.55,0.61,0.780756,
03/31/2012,940.7,940.7,-593.4,593.4,347.3,0.0,-159.3,129.1,28.5,1.7,188.0,-11.2,11.3,,,,-0.1,0.0,176.8,-44.8,132.0,7.4,7.4,0.0,124.6,-5.5,119.1,0.0,0.0,119.1,129.425,2.925,138.4,0.855,0.91,0.935152,139.4,0.855,0.91,0.930983,
06/30/2012,905.2,905.2,-567.4,567.4,337.8,0.0,-162.3,128.3,28.4,5.6,175.5,-11.8,11.5,,,,0.3,0.0,163.7,-45.3,118.4,8.1,8.1,0.0,110.3,-5.4,104.9,0.0,0.0,104.9,120.275,7.275,137.247,0.76,0.82,0.87634,138.253,0.76,0.82,0.872621,
09/30/2012,821.9,821.9,-523.9,523.9,298.0,0.0,-152.3,118.7,28.1,5.5,145.7,-10.0,9.8,,,,0.2,0.0,135.7,-29.9,105.8,11.2,11.2,0.0,94.6,-4.6,90.0,0.0,0.4,90.4,103.605,2.005,137.373,0.65,0.73,0.754188,138.388,0.65,0.73,0.744488,
12/31/2012,915.5,915.5,-594.0,594.0,321.5,0.0,-180.4,132.4,29.6,18.4,141.1,-10.8,10.4,,,,0.4,0.0,130.3,-21.3,109.0,2.8,2.8,0.0,106.2,-4.0,102.2,0.0,0.0,102.2,100.76,-4.24,137.6,0.74,0.76,0.732267,138.6,0.74,0.76,0.729408,
03/31/2013,910.7,910.7,-557.1,557.1,353.6,0.0,-159.2,121.9,28.0,9.3,194.4,-10.8,10.5,,,,0.3,0.0,183.6,-45.4,138.2,3.2,3.2,0.0,135.0,-4.1,130.9,0.0,0.0,130.9,139.17,5.07,137.1,0.95,0.97,1.015098,138.1,0.94,0.96,0.996713,
06/30/2013,876.0,876.0,-548.5,548.5,327.5,0.0,-160.9,127.3,27.7,5.9,166.6,-11.2,11.1,,,,0.1,0.0,155.4,-35.7,119.7,-1.5,-1.5,0.0,121.2,-3.2,118.0,0.0,0.0,118.0,119.67,3.17,136.328,0.86,0.85,0.877809,137.141,0.86,0.85,0.873115,
09/30/2013,957.4,957.4,-653.0,653.0,304.4,0.0,-186.0,124.9,29.0,32.1,118.4,-9.9,9.8,,,,0.1,0.0,108.5,-32.0,76.5,56.6,56.6,0.0,19.9,-2.0,17.9,0.0,0.2,18.1,106.67,31.97,134.146,0.13,0.55,0.795178,134.962,0.13,0.55,0.786881,
12/31/2013,386.6,386.6,-171.2,171.2,215.4,0.0,-156.1,122.0,30.9,3.2,59.3,-3.6,4.9,,,,-1.3,0.0,55.7,-18.5,37.2,5.3,5.3,0.0,31.9,-4.8,27.1,0.0,-2.7,24.4,-4.62,-34.32,133.499,0.182773,0.222474,-0.034607,134.448,0.181483,0.220903,-0.034607,
03/31/2014,756.9,756.9,-463.9,463.9,293.0,0.0,-150.1,114.6,25.8,9.7,142.9,-11.3,11.6,,,,-0.3,0.0,131.6,-34.6,97.0,26.6,26.6,0.0,70.4,-4.8,65.6,0.0,0.0,65.6,100.52,8.32,133.1,0.49,0.7,0.755222,134.3,0.49,0.7,0.755222,
06/30/2014,794.9,794.9,-478.8,478.8,316.1,0.0,-168.5,119.6,32.5,16.4,147.6,-13.2,13.2,,,,0.0,0.0,134.4,-36.4,98.0,-15.3,-15.3,0.0,113.3,-4.2,109.1,0.0,0.0,109.1,108.24,14.44,133.3,0.82,0.72,0.812003,134.4,0.81,0.71,0.812003,
09/30/2014,819.1,819.1,-535.6,535.6,283.5,0.0,-213.3,140.7,30.2,42.4,70.2,-12.9,12.8,,,,0.1,0.0,57.3,-3.6,53.7,-6.4,-6.4,0.0,60.1,-3.8,56.3,0.0,0.0,56.3,87.939538,38.039538,133.4,0.42,0.39,0.659217,134.3,0.42,0.39,0.659217,
12/31/2014,887.8,887.8,-569.5,569.5,318.3,0.0,-264.2,214.9,37.8,11.5,54.1,-13.6,13.6,,,0.0,0.0,0.0,40.5,18.4,58.9,-19.4,-19.4,0.0,78.3,-1.8,76.5,0.0,0.0,76.5,109.680038,52.580038,133.5,0.57,0.43,0.821573,134.3,0.57,0.43,0.821512,
03/31/2015,659.4,659.4,-408.7,408.7,250.7,0.0,-346.8,297.9,26.6,22.3,-96.1,-14.1,14.0,,,0.0,0.1,0.0,-110.2,49.1,-61.1,-15.6,-15.6,0.0,-45.5,-1.3,-46.8,0.0,0.0,-46.8,150.05,212.45,133.6,-0.35,-0.47,1.123129,133.6,-0.35,-0.47,1.120195,
06/30/2015,887.1,887.1,-581.3,581.3,305.8,0.0,-205.3,156.0,39.0,10.3,100.5,-24.6,24.7,,,0.0,-0.1,0.0,75.9,-17.8,58.1,-688.2,-688.2,0.0,746.3,-4.0,742.3,0.0,-2.0,740.3,70.848283,18.748283,133.714,5.54,0.4,0.529849,134.445,5.52,0.4,0.529849,
09/30/2015,830.7,830.7,-610.4,610.4,220.3,0.0,-219.8,137.0,37.2,45.6,0.5,-20.2,20.2,,,0.0,0.0,0.0,-19.7,25.1,5.4,5.0,5.0,0.0,0.4,-2.8,-2.4,0.0,0.0,-2.4,30.230473,27.630473,133.8,-0.02,0.02,0.225938,134.4,-0.02,0.02,0.225584,
12/31/2015,899.3,899.3,-600.7,600.7,298.6,0.0,-353.7,147.0,40.9,165.8,-55.1,-21.4,21.2,,,0.0,0.2,0.0,-76.5,-103.8,-180.3,22.4,22.4,0.0,-202.7,-1.4,-204.1,0.0,0.0,-204.1,146.918228,328.618228,133.7,-1.53,-1.36,1.098865,133.7,-1.53,-1.36,1.097878,
03/31/2016,606.4,606.4,-390.4,390.4,216.0,0.0,-153.8,110.1,34.2,9.5,62.2,-15.8,15.8,,,0.0,0.0,0.0,46.4,-20.4,26.0,-22.7,-22.7,0.0,48.7,-0.4,48.3,0.0,-0.1,48.2,39.66,14.16,133.8,0.36,0.19,0.296413,134.3,0.36,0.19,0.295436,
06/30/2016,615.3,615.3,-379.9,379.9,235.4,0.0,-152.9,110.6,33.2,9.1,82.5,-15.2,15.2,,,0.0,0.0,0.0,67.3,-20.5,46.8,-20.2,-20.2,0.0,67.0,-1.8,65.2,0.0,-0.1,65.1,62.934649,18.034649,133.9,0.49,0.34,0.470012,134.6,0.49,0.34,0.470012,
09/30/2016,628.8,628.8,-414.2,414.2,214.6,0.0,-144.6,99.9,30.6,14.1,70.0,-15.0,15.4,,,0.0,-0.4,0.0,55.0,-6.5,48.5,-31.1,-31.1,0.0,79.6,0.1,79.7,0.0,0.1,79.8,58.5,9.8,134.0,0.59,0.36,0.436567,134.7,0.59,0.36,0.432754,
12/31/2016,688.4,688.4,-423.2,423.2,265.2,0.0,-236.7,137.9,36.5,62.3,28.5,-16.4,16.5,,,0.0,-0.1,0.0,12.1,-2.7,9.4,-7.0,-7.0,0.0,16.4,-0.5,15.9,0.0,0.0,15.9,77.453689,68.553689,133.9,0.12,0.07,0.578444,134.8,0.12,0.07,0.578444,
03/31/2017,596.0,596.0,-379.8,379.8,216.2,0.0,-150.8,114.3,28.2,8.3,65.4,-11.0,15.7,,,,-0.1,-4.6,54.4,-9.4,45.0,168.8,168.8,0.0,-123.8,-0.4,-124.2,0.0,-0.2,-124.4,59.200004,14.800004,133.966,-0.93,0.33,0.441903,135.082,-0.93,0.33,0.439563,
06/30/2017,656.8,656.8,-422.4,422.4,234.4,0.0,-169.4,130.5,32.0,6.9,65.0,-13.0,17.2,,,,-0.1,-4.1,52.0,-3.3,48.7,-26.6,-26.6,0.0,75.3,-0.6,74.7,0.0,-0.2,74.5,63.6,15.7,134.2,0.56,0.36,0.47392,135.6,0.56,0.36,0.47392,
09/30/2017,646.2,646.2,-380.3,380.3,265.9,0.0,-191.8,154.5,30.2,7.1,74.1,-14.8,18.4,,,,0.0,-3.6,59.3,11.6,70.9,15.1,15.1,0.0,55.8,-0.6,55.2,0.0,0.3,55.5,95.6,25.0,134.4,0.41,0.52,0.71131,135.9,0.41,0.52,0.703959,
12/31/2017,979.6,979.6,-594.8,594.8,384.8,0.0,-311.3,201.1,51.1,59.1,73.5,-58.4,27.8,,,,0.1,30.5,15.1,-263.0,-247.9,-779.0,-779.0,0.0,531.1,-1.0,530.1,0.0,0.7,530.8,154.805,403.005,134.5,3.94,-1.85,1.150967,134.5,3.94,-1.85,1.14632,
03/31/2018,1107.9,1107.9,-605.4,605.4,502.5,0.0,-177.5,192.5,64.9,-79.9,325.0,-34.3,33.9,,,,-0.1,0.5,290.7,-60.5,230.2,-39.4,-39.4,0.0,269.6,-2.4,267.2,0.0,-1.0,266.2,213.9,-12.9,134.589,1.98,1.69,1.589283,136.157,1.96,1.67,1.575256,
06/30/2018,1154.4,1154.4,-664.0,664.0,490.4,0.0,-357.1,200.3,75.9,80.9,133.3,-34.6,34.4,,,,0.0,0.2,98.7,1.1,99.8,-32.7,-32.7,0.0,132.5,-2.8,129.7,0.0,-0.4,129.3,203.3,106.7,134.767,0.96,0.72,1.50853,136.246,0.96,0.72,1.503142,
09/30/2018,923.6,923.6,-528.4,528.4,395.2,0.0,-290.1,194.6,70.1,25.4,105.1,-32.2,33.4,,,,0.0,-1.2,72.9,-22.0,50.9,-23.9,-23.9,0.0,74.8,-2.0,72.8,0.0,-0.3,72.5,96.399986,47.799986,134.852,0.54,0.36,0.714858,136.357,0.54,0.36,0.71055,
12/31/2018,1099.4,1099.4,-607.7,607.7,491.7,0.0,-314.2,202.6,76.8,34.8,177.5,-31.4,31.4,,,0.0,0.0,0.0,146.1,10.6,156.7,122.1,122.1,0.0,34.6,-2.2,32.4,0.0,-0.7,31.7,191.9,38.1,133.7,0.24,1.17,1.435303,135.1,0.24,1.17,1.435303,
03/31/2019,1192.1,1192.1,-647.4,647.4,544.7,0.0,-262.9,183.9,71.2,7.8,281.8,-37.9,34.5,,,,,3.4,243.9,-36.3,207.6,-9.6,-9.6,0.0,217.2,-1.5,215.7,0.0,-0.7,215.0,228.6,23.2,131.887,1.63,1.56,1.733302,133.214,1.62,1.55,1.724156,
06/30/2019,1206.1,1206.1,-655.6,655.6,550.5,0.0,-282.7,196.9,73.1,12.7,267.8,-42.8,39.5,,,,0.0,3.3,225.0,-30.6,194.4,18.1,18.1,0.0,176.3,-1.8,174.5,0.0,-0.5,174.0,219.699996,27.599996,131.098,1.32,1.46,1.675846,132.269,1.32,1.46,1.668666,
09/30/2019,1014.3,1014.3,-581.9,581.9,432.4,0.0,-272.5,188.3,77.4,6.8,159.9,-40.4,41.6,,,,0.0,-1.2,119.5,-8.7,110.8,21.3,21.3,0.0,89.5,0.9,90.4,0.0,-0.3,90.1,123.899999,12.499999,130.4,0.69,0.85,0.950153,131.6,0.69,0.85,0.944985,
12/31/2019,1197.3,1197.3,-641.3,641.3,556.0,0.0,-443.9,223.8,76.4,143.7,112.1,-45.5,42.9,,,,0.0,2.6,66.6,-35.9,30.7,33.5,33.5,0.0,-2.8,-0.4,-3.2,0.0,0.0,-3.2,229.999935,199.699935,129.7,-0.02,0.23,1.773323,130.9,-0.02,0.23,1.755592,
03/31/2020,1250.0,1250.0,-688.5,688.5,561.5,0.0,-270.1,189.4,67.3,13.4,291.4,-43.0,40.8,,,,,2.2,248.4,-34.7,213.7,7.5,7.5,0.0,206.2,0.0,206.2,0.0,-0.5,205.7,239.1,25.9,129.527,1.59,1.65,1.845947,130.466,1.58,1.64,1.838519,
06/30/2020,1155.3,1155.3,-632.6,632.6,522.7,0.0,-254.8,171.0,64.3,19.5,267.9,-42.9,40.7,,,,,2.2,225.0,-29.2,195.8,10.8,10.8,0.0,185.0,-0.6,184.4,0.0,-0.5,183.9,223.5,28.8,129.7,1.42,1.5,1.723207,130.6,1.41,1.49,1.710521,
09/30/2020,1073.769,,,,456.9960864,,,,,,208.0,,,,,,,,169.875,,144.9,,,,,,144.9,,,144.9,144.9,,,1.108,1.108,1.108,,1.108,1.108,1.108,
12/31/2020,1267.692,,,,588.37388796,,,,,,313.714,,,,,,,,277.25,,237.9,,,,,,237.9,,,237.9,237.9,,,1.814,1.814,1.816,,1.814,1.814,1.816,
