Date,Net Revenue,Net Interest Income,Total Interest Income,Interest Income,Investment Income,Total Interest Expense,Total Non-Interest Income,Trading Securities G/L,Trading Account Profits/Losses,Investments & Loans Income (Loss),Other Income (Loss),Commissions & Fees Earned,Other Operating Income (Losses),Provision for Loan Losses,Net Revenue after Provisions,Total Non-Interest Expense,Commissions & Fees Paid,Other Operating Expenses,Operating Income (Loss),Non-Operating (Income) Loss,Other Non-Operating (Income) Loss,"Pretax Income (Loss), GAAP",Income Tax Expense (Benefit),Income (Loss) from Cont Ops,Net Extraordinary Losses (Gains),Discontinued Operations,Extraordinary & Accounting Items,Income (Loss) incl. Minority Interest,Minority Interest,"Net Income, GAAP",Preferred Dividends,Other Adjustments,"Net Income Avail to Common, GAAP","Net Income Avail to Common, Adj",Net Abnormal Losses (Gains),Basic Weighted Avg Shares,"Basic EPS, GAAP",Basic EPS from Cont Ops,"Basic EPS from Cont Ops, Adjusted",Diluted Weighted Avg Shares,"Diluted EPS, GAAP",Diluted EPS from Cont Ops,"Diluted EPS from Cont Ops, Adjusted",Source: Bloomberg
03/31/1990,528.000056,378.400055,2957.299957,2701.199951,256.100006,-2578.899902,149.600001,0.9,,,,120.5,28.200001,-75.0,453.000056,-66.300003,0.0,66.300003,386.700012,0.0,0.0,386.700012,-110.099998,276.600006,0.0,,,276.600014,0.0,276.600006,0.0,,276.600006,276.600006,,1045.599976,0.265,0.265,,1045.599976,0.265,0.265,0.265,
06/30/1990,551.099911,395.499908,3002.100006,2732.0,270.100006,-2606.600098,155.600002,3.5,,,,128.800003,23.299999,-75.0,476.099911,-70.400002,0.0,70.400002,405.700012,0.0,0.0,405.700012,-116.099998,289.600006,0.0,,,289.600014,0.0,289.600006,0.0,,289.600006,289.600006,,1055.199951,0.275,0.275,,1055.199951,0.275,0.275,0.275,
09/30/1990,574.400153,404.100159,3035.30011,2750.600098,284.700012,-2631.199951,170.299994,0.3,,,,138.399994,31.6,-80.0,494.400153,-72.0,0.0,72.0,422.399994,0.0,0.0,422.399994,-122.900002,299.5,0.0,,,299.499992,0.0,299.5,0.0,,299.5,299.5,,1044.800049,0.2875,0.2875,,1044.800049,0.2875,0.2875,0.2875,
12/31/1990,589.499911,414.999908,3074.299957,2774.199951,300.100006,-2659.300049,174.500003,2.3,,,,148.300003,23.9,-80.0,509.499911,-77.300003,0.0,77.300003,432.200012,0.0,0.0,432.200012,-124.900002,307.299988,0.0,,,307.300011,0.0,307.299988,0.0,,307.299988,307.299988,,1032.939941,0.2975,0.2975,,1032.939941,0.2975,0.2975,0.2975,
03/31/1991,604.69986,427.299866,3137.599915,2833.399902,304.200012,-2710.300049,177.399995,3.3,,,,155.399994,18.700001,-80.0,524.69986,-71.800003,0.0,71.800003,452.899994,0.0,0.0,452.899994,-132.899994,320.0,0.0,,,320.0,0.0,320.0,0.0,,320.0,320.0,,1078.0,0.2975,0.2975,,1078.0,0.2975,0.2975,0.2975,
06/30/1991,571.199999,437.399994,3131.599945,2879.199951,252.399994,-2694.199951,133.800005,-53.200001,,,,163.600006,23.4,-130.0,441.199999,-78.300003,0.0,78.300003,362.899994,239.100006,-239.100006,602.0,-184.300003,417.700012,86.199997,,,331.5,0.0,331.5,0.0,,331.5,331.5,,1096.400024,0.3025,0.38,,1096.400024,0.3025,0.38,0.38,
09/30/1991,662.399906,455.999908,3158.299957,2932.199951,226.100006,-2702.300049,206.399997,5.1,,,,173.199997,28.1,-80.0,582.399906,-81.5,0.0,81.5,500.899994,0.0,0.0,500.899994,-150.199997,350.700012,0.0,,,350.699997,0.0,350.700012,0.0,,350.700012,350.700012,,1097.599976,0.32,0.32,,1097.599976,0.32,0.32,0.32,
12/31/1991,692.700005,457.300003,3165.499954,2958.199951,207.300003,-2708.199951,235.400002,16.799999,,,,182.800003,35.799999,-80.0,612.700005,-87.400002,0.0,87.400002,525.299988,-0.1,0.1,525.199988,-158.600006,366.600006,5.799999,,,360.799982,0.0,360.799988,0.0,,360.799988,360.799988,,1101.680054,0.3275,0.335,,1101.680054,0.3275,0.335,0.335,
03/31/1992,725.200062,488.900055,3234.600006,3057.0,177.600006,-2745.699951,236.300007,6.5,,,,193.600006,36.200001,-80.0,645.200062,-86.099998,0.0,86.099998,559.099976,0.0,0.0,559.099976,-171.199997,387.899994,6.3,,,381.599978,0.0,381.600006,0.0,,381.600006,381.600006,,1098.0,0.3475,0.3525,,1098.0,0.3475,0.3525,0.3525,
06/30/1992,770.9,518.199997,3388.899948,3158.199951,230.699997,-2870.699951,252.700003,4.4,,,,203.800003,44.5,-80.0,690.9,-94.900002,0.0,94.900002,596.0,0.0,0.0,596.0,-185.300003,410.700012,8.7,,,401.999997,0.0,402.0,0.0,,402.0,402.0,,1096.800049,0.3675,0.375,,1096.800049,0.3675,0.375,0.375,
09/30/1992,786.500048,506.900055,3389.799957,3168.199951,221.600006,-2882.899902,279.599993,13.4,,,,214.899994,51.299999,-80.0,706.500048,-96.900002,0.0,96.900002,609.599976,0.0,0.0,609.599976,-187.399994,422.200012,9.3,,,412.899981,0.0,412.899994,0.0,,412.899994,412.899994,,1096.800049,0.3775,0.385,,1096.800049,0.3775,0.385,0.385,
12/31/1992,800.40015,544.000153,3520.700104,3266.600098,254.100006,-2976.699951,256.399997,-1.3,,,,221.699997,36.0,-80.0,720.40015,-103.099998,0.0,103.099998,617.299988,0.0,0.0,617.299988,-189.100006,428.200012,1.7,,,426.499982,0.0,426.5,0.0,,426.5,426.5,,1100.644044,0.3875,0.39,0.39,1100.644044,0.3875,0.39,0.39,
03/31/1993,884.900095,603.900101,3581.800003,3383.0,198.800003,-2977.899902,280.999994,3.6,,,,230.399994,47.0,-45.0,839.900095,-136.199997,0.0,136.199997,703.700012,0.0,0.0,703.700012,-220.0,483.700012,40.099998,,,443.600014,0.0,443.600006,0.0,,443.600006,443.600006,,1101.199951,0.4025,0.44,,1101.199951,0.4025,0.44,0.44,
06/30/1993,915.500102,632.100098,3614.300049,3428.800049,185.5,-2982.199951,283.400005,-0.8,,,,234.800003,49.400002,-45.0,870.500102,-143.0,0.0,143.0,727.5,0.0,0.0,727.5,-228.899994,498.600006,39.799999,,,458.800007,0.0,458.799988,0.0,,458.799988,458.799988,,1099.599976,0.4175,0.4525,,1099.599976,0.4175,0.4525,0.4525,
09/30/1993,974.30014,661.70015,3759.100052,3536.300049,222.800003,-3097.399902,312.599991,3.5,,,,242.899994,66.199997,-45.0,929.30014,-141.199997,0.0,141.199997,788.099976,0.0,0.0,788.099976,-260.299988,527.799988,50.599998,,,477.199989,0.0,477.200012,0.0,,477.200012,477.200012,,1096.800049,0.435,0.4825,,1096.800049,0.435,0.4825,0.4825,
12/31/1993,978.299892,635.299896,3877.799896,3608.899902,268.899994,-3242.5,342.999996,-7.3,,,,252.899994,97.400002,-40.0,938.299892,-152.600006,0.0,152.600006,785.700012,0.0,0.0,785.700012,-253.800003,531.900024,38.5,,,493.400009,0.0,493.399994,0.0,,493.399994,493.399994,,1096.443968,0.45,0.485,0.485,1096.443968,0.45,0.485,0.485,
03/31/1994,995.100005,664.399994,3972.899994,3730.5,242.399994,-3308.5,330.700011,1.9,,,,269.700012,59.099998,-40.0,955.100005,-183.800003,0.0,183.800003,771.299988,0.0,0.0,771.299988,-252.5,518.799988,8.3,,,510.499988,0.0,510.5,0.0,,510.5,510.5,,1098.0,0.465,0.4725,,1098.0,0.465,0.4725,0.4725,
06/30/1994,1010.499993,721.299988,5162.299988,4432.5,729.799988,-4441.0,289.200005,0.8,,,,266.600006,21.799999,-35.0,975.499993,-183.899994,0.0,183.899994,791.599976,0.0,0.0,791.599976,-213.800003,577.799988,5.2,,,572.599973,0.0,572.599976,0.0,,572.599976,572.599976,,1098.800049,0.52,0.525,,1098.800049,0.52,0.525,0.525,
09/30/1994,1028.400049,727.700043,4435.200043,4038.800049,396.399994,-3707.5,300.700006,0.0,,,,272.100006,28.6,-40.0,988.400049,-185.399994,0.0,185.399994,803.0,0.0,0.0,803.0,-260.299988,542.700012,0.0,,,542.700012,0.0,542.700012,0.0,,542.700012,542.700012,,1098.800049,0.495,0.495,,1098.800049,0.495,0.495,0.495,
12/31/1994,1005.200226,710.800232,4743.000183,4214.700195,528.299988,-4032.199951,294.399994,-0.4,,,,269.399994,25.4,-35.0,970.200226,-190.399994,0.0,190.399994,779.799988,0.0,0.0,779.799988,-235.300003,544.5,-8.4,,,552.899985,0.0,552.900024,0.0,,552.900024,552.900024,,1095.599976,0.505,0.4975,0.4975,1095.599976,0.505,0.4975,0.4975,
03/31/1995,1012.199726,708.399719,4986.099915,4328.399902,657.700012,-4277.700195,303.800007,0.0,,,,267.600006,36.200001,-35.0,977.199726,-180.100006,0.0,180.100006,797.099976,0.0,0.0,797.099976,-233.100006,564.0,-2.5,,,566.499969,0.0,566.5,0.0,,566.5,566.5,,1094.800049,0.5175,0.51525,,1094.800049,0.5175,0.51525,0.51525,
06/30/1995,1010.499994,721.299988,5162.299988,4432.5,729.799988,-4441.0,289.200006,0.0,,,,266.600006,22.6,-35.0,975.499994,-183.899994,0.0,183.899994,791.599976,0.0,0.0,791.599976,-213.800003,577.799988,5.2,,,572.599973,0.0,572.599976,0.0,,572.599976,572.599976,,1098.800049,0.52,0.52475,,1098.800049,0.52,0.52475,0.52475,
09/30/1995,1071.799805,777.499817,5336.200012,4602.5,733.700012,-4558.700195,294.299988,0.0,,,,271.799988,22.5,-35.0,1036.799805,-183.899994,0.0,183.899994,852.900024,0.0,0.0,852.900024,-248.0,604.900024,8.1,,,596.800024,0.0,596.799988,0.0,,596.799988,596.799988,,1100.0,0.5425,0.54975,,1100.0,0.5425,0.54975,0.54975,
12/31/1995,1131.499988,839.799988,5586.400086,4790.600098,795.799988,-4746.600098,291.7,0.0,,,,280.0,11.7,-35.0,1096.499988,-543.099976,0.0,543.099976,553.400024,0.0,0.0,553.400024,-145.100006,408.299988,0.0,,,408.300018,0.0,408.299988,0.0,,408.299988,408.299988,,1103.199952,0.37,0.37,0.37,1103.199952,0.37,0.37,0.37,
03/31/1996,1192.50011,885.500121,5757.799926,4926.399902,831.400024,-4872.299805,306.999989,0.0,,,,287.799988,19.200001,-45.0,1147.50011,-188.0,0.0,188.0,959.5,0.0,0.0,959.5,-284.600006,674.900024,20.700001,,,654.199993,0.0,654.200012,-2.0,,652.200012,652.200012,,1097.400024,0.59,0.61,0.61,1097.400024,0.59,0.61,0.61,
06/30/1996,1197.700067,883.700073,5831.999878,5051.399902,780.599976,-4948.299805,313.999994,0.0,,,,295.899994,18.1,-50.0,1147.700067,-190.5,0.0,190.5,957.200012,0.0,0.0,957.200012,-281.700012,675.5,7.7,,,667.8,0.0,667.799988,-11.3,,656.499988,656.499988,,1083.5,0.61,0.61,0.61,1083.5,0.61,0.61,0.61,
09/30/1996,1223.899695,899.999695,5992.69989,5215.899902,776.799988,-5092.700195,323.9,0.0,,,,303.5,20.4,-50.0,1173.899695,-194.199997,0.0,194.199997,979.700012,0.0,0.0,979.700012,-289.100006,690.599976,0.0,,,690.600006,0.0,690.599976,-12.1,,678.499976,678.499976,,1074.900024,0.63,0.63,0.63,1074.900024,0.63,0.63,0.63,
12/31/1996,1259.899609,922.799622,6189.499817,5366.299805,823.200012,-5266.700195,337.099987,0.0,,,,308.799988,28.299999,-50.0,1209.899609,-201.300003,0.0,201.300003,1008.599976,0.0,0.0,1008.599976,-295.600006,713.0,0.0,,,712.99997,0.0,713.0,-16.6,,696.4,696.4,,1061.199951,0.66,0.66,0.66,1070.0,0.65,0.65,0.65,
03/31/1997,1292.999884,949.69989,6328.900085,5483.600098,845.299988,-5379.200195,343.299994,0.0,,,,313.399994,29.9,-40.0,1252.999884,-216.800003,0.0,216.800003,1036.199951,0.0,0.0,1036.199951,-301.799988,734.400024,0.3,,,734.099963,0.0,734.099976,-16.1,,717.999975,717.999975,,1062.400024,0.68,0.68,0.68,1069.400024,0.67,0.67,0.67,
06/30/1997,1319.000378,970.400391,6514.200195,5621.200195,893.0,-5543.799805,348.599987,0.0,,,,316.299988,32.299999,-40.0,1279.000378,-218.800003,0.0,218.800003,1060.199951,0.0,0.0,1060.199951,-308.899994,751.299988,-1.4,,,752.699957,0.0,752.700012,-16.200001,,736.500011,736.500011,,1050.599976,0.7,0.7,0.7,1061.400024,0.69,0.69,0.69,
09/30/1997,1346.299694,993.499695,6651.099792,5721.799805,929.299988,-5657.600098,352.799999,0.0,,,,319.5,33.299999,-20.0,1326.299694,-230.199997,0.0,230.199997,1096.099976,0.0,0.0,1096.099976,-318.799988,777.299988,2.3,,,774.999988,0.0,775.0,-16.1,,758.9,758.9,,1043.199951,0.73,0.73,0.73,1050.599976,0.72,0.72,0.72,
12/31/1997,1389.599939,1035.799927,6884.199829,5889.299805,994.900024,-5848.399902,353.800012,0.0,,,,324.700012,29.1,0.0,1389.599939,-244.800003,0.0,244.800003,1144.800049,0.0,0.0,1144.800049,-339.200012,805.599976,11.6,,,794.000037,0.0,794.0,-16.1,,777.9,777.9,,1038.199951,0.75,0.76,0.76,1046.400024,0.74,0.75,0.75,
03/31/1998,1412.600037,1035.900024,7024.500122,6001.600098,1022.900024,-5988.600098,376.700012,0.0,,,,321.200012,55.5,5.0,1417.600037,-251.899994,0.0,251.899994,1165.699951,0.0,0.0,1165.699951,-333.200012,832.5,8.3,,,824.199939,0.0,824.187988,-16.200001,,807.987988,807.987988,,1036.800049,0.78,0.79,0.79,1045.5,0.77,0.78,0.78,
06/30/1998,1433.399994,1031.5,7351.799805,6222.799805,1129.0,-6320.299805,401.899994,0.0,,,,322.399994,79.5,10.0,1443.399994,-253.399994,0.0,253.399994,1190.0,0.0,0.0,1190.0,-339.600006,850.400024,2.4,,,847.999994,0.0,848.0,-16.1,,831.9,831.9,,1028.599976,0.81,0.81,0.809998,1036.800049,0.8,0.8,0.8,
09/30/1998,1460.099854,1066.599854,7723.699951,6598.5,1125.199951,-6657.100098,393.5,0.0,,,,324.0,69.5,15.0,1475.099854,-259.100006,0.0,259.100006,1216.0,0.0,0.0,1216.0,-353.799988,862.200012,4.8,,,857.400012,0.0,857.400024,-16.1,,841.300024,841.300024,,1025.400024,0.82,0.83,0.83,1033.5,0.81,0.82,0.82,
12/31/1998,1308.199883,976.499878,7894.999878,6852.899902,1042.099976,-6918.5,331.700005,0.0,,,,261.600006,70.099998,20.0,1328.199883,-254.5,0.0,254.5,1073.699951,0.0,0.0,1073.699951,-174.399994,899.299988,10.8,,,888.499957,0.0,888.5,-18.200001,,870.299999,870.299999,,1025.099976,0.85,0.86,0.86,1033.699951,0.84,0.86,0.86,
03/31/1999,1534.599781,1159.599792,8283.599792,7433.799805,849.799988,-7124.0,374.999989,0.0,,,,316.799988,58.200001,20.0,1554.599781,-259.399994,0.0,259.399994,1295.199951,0.0,0.0,1295.199951,-361.5,933.700012,8.8,,,924.899951,0.0,924.900024,-18.1,,906.800024,906.800024,,1026.800049,0.88,0.89,0.89,1034.593994,0.88,0.88,0.88,
06/30/1999,1562.200195,1187.900208,8563.700012,7865.5,698.200012,-7375.799805,374.299988,0.0,,,,320.299988,54.0,25.0,1587.200195,-264.093994,0.0,264.093994,1323.099976,0.0,0.0,1323.099976,-365.100006,958.0,0.4,,,957.599969,0.0,957.599976,-19.700001,,937.899975,937.899975,,1025.099976,0.92,0.92,0.92,1032.300049,0.91,0.91,0.91,
09/30/1999,1594.39962,1240.499634,9078.499634,8444.099609,634.400024,-7838.0,353.899986,0.0,,,,319.799988,34.099998,40.0,1634.39962,-264.100006,0.0,264.100006,1370.300049,0.0,0.0,1370.300049,-379.299988,991.0,0.0,,,991.000061,0.0,991.0,-20.0,,971.0,971.0,,1022.299988,0.95,0.95,0.95,1029.199951,0.94,0.94,0.94,
12/31/1999,1675.701576,1305.501587,9569.401001,8928.500977,640.900024,-8263.899414,370.199989,0.0,,,,325.299988,44.900002,35.0,1710.701576,-259.605988,0.0,259.605988,1451.099976,0.0,0.0,1451.099976,-412.700012,1038.400024,0.0,,,1038.399963,0.0,1038.400024,-20.0,,1018.400024,1018.400024,,1019.900024,1.0,1.0,1.0,1026.699951,0.99,0.99,0.99,
03/31/2000,1694.59964,1361.999634,9973.499634,9291.099609,682.400024,-8611.5,332.600006,0.0,,,,332.100006,0.5,30.0,1724.59964,-277.5,0.0,277.5,1447.099976,0.0,0.0,1447.099976,-384.700012,1062.400024,0.0,,,1062.399963,0.0,1062.400024,-20.0,0.0,1042.400024,1042.400024,,1013.200012,1.03,1.03,1.03,1018.599976,1.02,1.02,1.02,
06/30/2000,1691.999989,1398.799988,10364.500183,9568.700195,795.799988,-8965.700195,293.200001,0.0,,,,339.0,-45.799999,30.0,1721.999989,-274.700012,0.0,274.700012,1447.300049,0.0,0.0,1447.300049,-383.100006,1064.199951,-32.700001,,,1096.900043,0.0,1096.900024,-32.200001,0.0,1064.700024,1064.700024,,1004.400024,1.06,1.03,1.06,1010.0,1.05,1.02,1.05,
09/30/2000,1769.500397,1427.600403,10862.100403,9985.400391,876.700012,-9434.5,341.899994,0.0,,,,340.899994,1.0,30.0,1799.500397,-284.0,0.0,284.0,1515.5,0.0,0.0,1515.5,-392.700012,1122.800049,-1.3,,,1124.099988,0.0,1124.099976,-33.400002,0.0,1090.699974,1090.699974,,998.0,1.09,1.09,1.09,1003.400024,1.09,1.09,1.09,
12/31/2000,1825.600354,1485.500366,11581.000366,10557.900391,1023.099976,-10095.5,340.099988,0.0,,,,339.299988,0.8,30.0,1855.600354,-283.0,0.0,283.0,1572.599976,0.0,0.0,1572.599976,-405.899994,1166.699951,2.5,,,1164.199982,0.0,1164.199951,-35.200001,0.0,1128.99995,1128.99995,,998.0,1.13,1.13,1.13,1005.400024,1.12,1.13,1.13,
03/31/2001,2077.699993,1707.299988,11995.200378,11131.400391,863.799988,-10287.900391,370.400005,0.0,,,,343.100006,27.299999,25.0,2102.699993,-293.899994,0.0,293.899994,1808.800049,-321.100006,321.100006,1487.700043,-362.200012,1125.5,-167.899994,,,1293.400024,0.0,1293.400024,-33.299999,0.0,1260.100025,1260.100025,,1000.0,1.26,1.09,1.21,1006.299988,1.25,1.08,1.2,
06/30/2001,2280.999786,1899.39978,12217.89978,11498.299805,719.599976,-10318.5,381.600006,0.0,,,,357.100006,24.5,30.0,2310.999786,-301.799988,0.0,301.799988,2009.199951,-107.099998,107.099998,1902.099953,-499.700012,1402.400024,0.0,,,1402.39994,0.0,1402.400024,-34.700001,0.0,1367.700024,1367.700024,,1001.0,1.37,1.37,1.28,1006.700012,1.36,1.36,1.27,
09/30/2001,2511.999786,2079.099792,12447.299988,11836.5,610.799988,-10368.200195,432.899994,0.0,,,,383.899994,49.0,30.0,2541.999786,-317.5,0.0,317.5,2224.5,-619.799988,619.799988,1604.700012,-375.200012,1229.5,0.0,,,1229.5,0.0,1229.5,-35.0,0.0,1194.5,1194.5,,1000.0,1.19,1.19,1.34,1006.900024,1.19,1.19,1.33,
12/31/2001,2852.799976,2404.299988,12509.200378,12011.900391,497.299988,-10104.900391,448.499989,0.0,,,,398.299988,50.200001,30.0,2882.799976,-297.100006,0.0,297.100006,2585.699951,186.699997,-186.699997,2772.399948,-803.599976,1968.800049,0.0,,,1968.799973,0.0,1968.800049,-35.0,0.0,1933.800049,1933.800049,,1000.0,1.93,1.93,1.4,1005.200012,1.92,1.92,1.4,
03/31/2002,2841.599817,2430.399811,12576.399811,12170.799805,405.600006,-10146.0,411.200006,0.0,,,,407.600006,3.6,-28.0,2813.599817,-283.799988,0.0,283.799988,2529.800049,-958.900024,958.900024,1570.900024,-362.299988,1208.599976,0.0,,,1208.600037,0.0,1208.599976,-32.799999,0.0,1175.799976,1175.799976,,996.0,1.18,1.18,1.49,1001.700012,1.17,1.17,1.48,
06/30/2002,2997.200768,2532.100769,12746.200378,12326.400391,419.799988,-10214.099609,465.099998,0.0,,,,423.5,41.599998,-33.0,2964.200768,-292.5,0.0,292.5,2671.699951,-722.900024,722.900024,1948.799927,-485.100006,1463.699951,0.0,,,1463.699921,0.0,1463.699951,-24.1,0.0,1439.599951,1439.599951,,995.0,1.45,1.45,1.56,1000.400024,1.44,1.44,1.55,
09/30/2002,3145.399803,2591.299805,12765.0,12382.5,382.5,-10173.700195,554.099998,0.0,,,,463.0,91.099998,-25.0,3120.399803,-302.799988,0.0,302.799988,2817.600098,-1516.300049,1516.300049,1301.300049,-307.0,994.299988,0.0,,,994.300049,0.0,994.299988,-21.6,0.0,972.699987,972.699987,,990.0,0.98,0.98,1.62,994.0,0.97,0.97,1.61,
12/31/2002,3630.0,3012.3,12764.9,12385.2,379.7,-9752.6,617.7,0.0,,,,522.3,95.4,-40.9,3589.1,-304.9,0.0,304.9,3284.2,-2057.2,2057.2,1227.0,-274.8,952.2,0.0,,,952.2,0.0,952.2,-19.9,0.0,932.3,932.3,,989.0,0.94,0.94,1.67,992.4,0.94,0.94,1.66,
03/31/2003,4029.0,3368.0,12896.0,12590.0,306.0,-9528.0,661.0,0.0,,,,547.0,114.0,-23.0,4006.0,-341.0,0.0,341.0,3665.0,-1017.0,1017.0,2648.0,-707.0,1941.0,0.0,,,1941.0,0.0,1941.0,-30.0,0.0,1911.0,1911.0,,987.0,1.94,1.94,1.85,990.0,1.93,1.93,1.84,
06/30/2003,4365.0,3501.0,12592.0,12256.0,336.0,-9091.0,864.0,0.0,,,,632.0,232.0,-26.0,4339.0,-351.0,0.0,351.0,3988.0,-2623.0,2623.0,1365.0,-263.0,1102.0,0.0,,,1102.0,0.0,1102.0,-34.0,0.0,1068.0,1068.0,,979.0,1.09,1.09,1.86,982.0,1.09,1.09,1.86,
09/30/2003,4206.0,3489.0,12558.0,12271.0,287.0,-9069.0,717.0,0.0,,,,613.0,104.0,-28.0,4178.0,-348.0,0.0,348.0,3830.0,-429.0,429.0,3401.0,-920.0,2481.0,-185.0,,,2666.0,0.0,2666.0,-42.0,0.0,2624.0,2624.0,,973.0,2.7,2.51,1.84,976.0,2.69,2.5,1.83,
12/31/2003,3817.0,3211.0,12874.0,12637.0,237.0,-9663.0,606.0,0.0,,,,619.0,-13.0,-23.0,3794.0,-435.0,0.0,435.0,3359.0,-360.0,360.0,2999.0,-803.0,2196.0,0.0,,,2196.0,0.0,2196.0,-44.0,0.0,2152.0,2152.0,,974.0,2.21,2.21,1.77,974.0,2.21,2.21,1.77,
03/31/2004,3935.0,3196.0,12344.0,12115.0,229.0,-9148.0,739.0,0.0,,,,737.0,2.0,-32.0,3903.0,-359.0,0.0,359.0,3544.0,-986.0,986.0,2558.0,-659.0,1899.0,0.0,,,1899.0,0.0,1899.0,-43.0,0.0,1856.0,1856.0,,972.0,1.91,1.91,2.04,975.0,1.9,1.9,2.03,
06/30/2004,3600.0,3113.0,12055.0,11794.0,261.0,-8942.0,487.0,0.0,,,,487.0,0.0,12.0,3612.0,-375.0,0.0,375.0,3237.0,-1956.0,1956.0,1281.0,-169.0,1112.0,0.0,,,1112.0,0.0,1112.0,-40.0,0.0,1072.0,1072.0,,969.0,1.11,1.11,1.96,970.0,1.1,1.1,1.91,
09/30/2004,,,,,,,,,,,,,,,,,,,,,,,,,,,,,,2415.0,,,2415.0,2415.0,,970.0,2.45,2.45,1.86,970.0,2.45,2.45,1.86,
12/31/2004,,,,,,,,,,,,,,,,,,,,,,,,,,,,,,1541.0,,,1541.0,1541.0,,969.0,1.59,1.59,1.59,972.0,1.59,1.59,1.59,
03/31/2005,2465.0,3787.0,14761.0,14761.0,,-10974.0,-1322.0,-2403.0,,,,1223.0,-142.0,-57.0,2408.0,-416.0,0.0,416.0,1992.0,0.0,0.0,1992.0,-217.0,1775.0,-65.0,,,1840.0,,1840.0,-121.0,0.0,1719.0,1719.0,,969.0,1.77,1.71,1.71,998.0,1.76,1.7,1.7,
06/30/2005,2327.0,2897.0,11292.0,11292.0,,-8395.0,-570.0,-2255.0,,,,1667.0,18.0,-125.0,2202.0,-529.0,0.0,529.0,1673.0,0.0,0.0,1673.0,-333.0,1340.0,2.0,,,1338.0,,1338.0,-122.0,0.0,1216.0,1216.0,,970.0,1.25,1.25,1.25,971.0,1.25,1.25,1.25,
09/30/2005,2961.0,2664.0,10384.0,10384.0,,-7720.0,297.0,-919.0,,,,1130.0,86.0,-172.0,2789.0,-635.0,0.0,635.0,2154.0,0.0,0.0,2154.0,-406.0,1748.0,3.0,,,1745.0,,1745.0,-122.0,0.0,1623.0,1623.0,,970.0,1.68,1.68,1.68,998.0,1.66,1.66,1.66,
12/31/2005,2610.0,2157.0,8407.0,8407.0,,-6250.0,453.0,-802.0,,,,1285.0,-30.0,-87.0,2523.0,-771.0,0.0,771.0,1752.0,0.0,0.0,1752.0,-321.0,1431.0,7.0,,,1424.0,,1424.0,-121.0,0.0,1303.0,1303.0,,970.0,1.34,1.35,1.35,998.0,1.34,1.35,1.35,
03/31/2006,3277.0,2012.0,10504.0,5082.0,5422.0,-8492.0,1265.0,37.0,,,,1211.0,17.0,-79.0,3198.0,-762.0,0.0,762.0,2436.0,0.0,0.0,2436.0,-409.0,2027.0,-1.0,,,2028.0,-2.0,2026.0,-122.0,0.0,1904.0,1904.0,,971.0,1.96,1.96,1.96,998.0,1.94,1.94,1.94,
06/30/2006,3664.0,1867.0,10995.0,5204.0,5791.0,-9128.0,1797.0,800.0,,,,928.0,69.0,-144.0,3520.0,-855.0,0.0,855.0,2665.0,0.0,0.0,2665.0,-610.0,2055.0,-6.0,,,2061.0,-3.0,2058.0,-127.0,0.0,1931.0,1931.0,,971.0,1.99,1.98,1.98,999.0,1.97,1.96,1.96,
09/30/2006,-213.0,1528.0,11185.0,5209.0,5976.0,-9657.0,-1741.0,-3028.0,,,,1215.0,72.0,-145.0,-358.0,-912.0,0.0,912.0,-1270.0,0.0,0.0,-1270.0,639.0,-631.0,-4.0,,,-627.0,-2.0,-629.0,-131.0,0.0,-760.0,-760.0,,972.0,-0.79,-0.79,-0.79,972.0,-0.79,-0.79,-0.79,
03/31/2007,2007.0,1194.0,11006.0,5385.0,5621.0,-9812.0,813.0,-436.0,,,,1256.0,-7.0,-249.0,1758.0,-866.0,0.0,866.0,892.0,0.0,0.0,892.0,73.0,965.0,3.0,,,962.0,-1.0,961.0,-135.0,,826.0,826.0,,973.0,0.85,0.85,0.85,974.0,0.85,0.85,0.85,
06/30/2007,3423.0,1193.0,11266.0,5625.0,5641.0,-10073.0,2230.0,1116.0,,,,1066.0,48.0,-434.0,2989.0,-852.0,0.0,852.0,2137.0,0.0,0.0,2137.0,-187.0,1950.0,3.0,,,1947.0,0.0,1947.0,-118.0,,1829.0,1829.0,,973.0,1.88,1.88,1.88,1001.0,1.86,1.86,1.86,
09/30/2007,2.0,1058.0,11472.0,5572.0,5900.0,-10414.0,-1056.0,-2388.0,,,,1301.0,31.0,-1087.0,-1085.0,-903.0,0.0,903.0,-1988.0,0.0,0.0,-1988.0,582.0,-1406.0,-3.0,,,-1403.0,4.0,-1399.0,-119.0,,-1518.0,-1518.0,,974.0,-1.56,-1.56,-1.56,974.0,-1.56,-1.56,-1.56,
12/31/2007,-2238.0,1136.0,11022.0,5636.0,5386.0,-9886.0,-3374.0,-4832.0,,,,1577.0,-119.0,-2794.0,-5032.0,-1156.0,0.0,1156.0,-6188.0,0.0,0.0,-6188.0,2623.0,-3565.0,12.0,,,-3577.0,18.0,-3559.0,-141.0,,-3700.0,-3700.0,,974.0,-3.8,-3.79,-3.79,974.0,-3.8,-3.79,-3.79,
03/31/2008,-998.0,1690.0,10942.0,5662.0,5280.0,-9252.0,-2688.0,-4629.0,,,,2086.0,-145.0,-3073.0,-4071.0,-1042.0,0.0,1042.0,-5113.0,0.0,0.0,-5113.0,2928.0,-2185.0,1.0,,,-2186.0,0.0,-2186.0,-322.0,,-2508.0,-2508.0,,975.0,-2.57,-2.57,-2.57,975.0,-2.57,-2.57,-2.57,
06/30/2008,3368.0,2057.0,10464.0,5769.0,4695.0,-8407.0,1311.0,-561.0,,,,1908.0,-36.0,-5085.0,-1717.0,-1023.0,0.0,1023.0,-2740.0,0.0,0.0,-2740.0,476.0,-2264.0,33.0,,,-2297.0,-3.0,-2300.0,-303.0,,-2603.0,-2603.0,,1025.0,-2.54,-2.51,-2.51,1025.0,-2.54,-2.51,-2.51,
09/30/2008,-2076.0,2355.0,10763.0,5742.0,5021.0,-8408.0,-4431.0,-6158.0,,,,1704.0,23.0,-8763.0,-10839.0,-1074.0,0.0,1074.0,-11913.0,0.0,0.0,-11913.0,-17011.0,-28924.0,95.0,,,-29019.0,25.0,-28994.0,-419.0,,-29413.0,-29413.0,,2262.0,-13.0,-12.96,-12.96,2262.0,-13.0,-12.96,-12.96,
12/31/2008,-11983.0,2680.0,10954.0,5519.0,5435.0,-8274.0,-14663.0,-17555.0,,,,2956.0,-64.0,-11030.0,-23013.0,-1791.0,0.0,1791.0,-24804.0,0.0,0.0,-24804.0,-142.0,-24946.0,280.0,,,-25226.0,-1.0,-25227.0,-25.0,,-25252.0,-25252.0,,5652.0,-4.47,-4.42,-4.42,5652.0,-4.47,-4.42,-4.42,
03/31/2009,-2134.0,3248.0,10436.0,5598.0,4838.0,-7188.0,-5382.0,-7247.0,0.0,-7247.0,0.0,1944.0,-79.0,-20334.0,-22468.0,-1340.0,0.0,1340.0,-23808.0,0.0,0.0,-23808.0,623.0,-23185.0,0.0,0.0,0.0,-23185.0,17.0,-23168.0,-29.0,0.0,-23197.0,-23197.0,51.35,5666.0,-4.09,-4.09,-4.085007,5666.0,-4.09,-4.09,-4.085007,
06/30/2009,4855.0,3735.0,9980.0,5611.0,4369.0,-6245.0,1120.0,-546.0,0.0,-546.0,0.0,1856.0,-190.0,-18225.0,-13370.0,-1387.0,0.0,1387.0,-14757.0,0.0,0.0,-14757.0,-23.0,-14780.0,0.0,0.0,0.0,-14780.0,26.0,-14754.0,-411.0,0.0,-15165.0,-15165.0,123.5,5681.0,-2.67,-2.67,-2.647685,5681.0,-2.67,-2.67,-2.648261,
09/30/2009,3726.0,3830.0,9675.0,5290.0,4385.0,-5845.0,-104.0,-2210.0,0.0,-2210.0,0.0,2117.0,-11.0,-21896.0,-18170.0,-857.0,0.0,857.0,-19027.0,0.0,0.0,-19027.0,143.0,-18884.0,0.0,0.0,0.0,-18884.0,12.0,-18872.0,-883.0,0.0,-19755.0,-19755.0,7.15,5685.0,-3.47,-3.47,-3.473676,5685.0,-3.47,-3.47,-3.473676,
12/31/2009,6354.0,11262.0,28919.0,15923.0,12996.0,-17657.0,-4908.0,-10702.0,0.0,-10702.0,0.0,6040.0,-246.0,-52292.0,-45938.0,-3261.0,0.0,3261.0,-49199.0,0.0,0.0,-49199.0,362.0,-48837.0,0.0,0.0,0.0,-48837.0,36.0,-48801.0,-2445.0,0.0,-51246.0,-51246.0,371.15,5688.0,-9.01,-9.01,-8.944,5688.0,-9.01,-9.01,-8.944,
03/31/2010,1123.0,2789.0,39446.0,37619.0,1827.0,-36657.0,-1666.0,-70.0,0.0,-70.0,0.0,233.0,-1829.0,-11939.0,-10816.0,-780.0,0.0,780.0,-11596.0,0.0,0.0,-11596.0,67.0,-11529.0,0.0,0.0,0.0,-11529.0,-1.0,-11530.0,-1527.0,0.0,-13057.0,-13057.0,80.6,5692.0,-2.29,-2.29,-2.279761,5692.0,-2.29,-2.29,-2.279761,
06/30/2010,4531.0,4207.0,39392.0,37632.0,1760.0,-35185.0,324.0,-114.0,0.0,-114.0,0.0,294.0,144.0,-4295.0,236.0,-1450.0,0.0,1450.0,-1214.0,0.0,0.0,-1214.0,-9.0,-1223.0,0.0,0.0,0.0,-1223.0,5.0,-1218.0,-1907.0,0.0,-3125.0,-3125.0,103.35,5694.0,-0.55,-0.55,-0.530673,5694.0,-0.55,-0.55,-0.531849,
09/30/2010,5147.0,4776.0,38320.0,36666.0,1654.0,-33544.0,371.0,-244.0,0.0,-244.0,0.0,304.0,311.0,-4696.0,451.0,-1791.0,0.0,1791.0,-1340.0,0.0,0.0,-1340.0,9.0,-1331.0,0.0,0.0,0.0,-1331.0,-8.0,-1339.0,-2116.0,0.0,-3455.0,-3455.0,139.1,5695.0,-0.61,-0.61,-0.582248,5695.0,-0.61,-0.61,-0.585575,
12/31/2010,5237.0,4637.0,37112.0,35666.0,1446.0,-32475.0,600.0,52.0,0.0,52.0,0.0,253.0,295.0,-3772.0,1465.0,-1415.0,0.0,1415.0,50.0,0.0,0.0,50.0,15.0,65.0,0.0,0.0,0.0,65.0,8.0,73.0,-2154.0,0.0,-2081.0,-2081.0,-46.15,5696.0,-0.37,-0.37,-0.373446,5696.0,-0.37,-0.37,-0.378102,
03/31/2011,5530.0,4960.0,37115.0,35590.0,1525.0,-32155.0,570.0,31.0,0.0,31.0,0.0,237.0,302.0,-10587.0,-5057.0,-1412.0,0.0,1412.0,-6469.0,0.0,0.0,-6469.0,-2.0,-6471.0,0.0,0.0,0.0,-6471.0,,-6471.0,-2216.0,0.0,-8687.0,-8687.0,-8.45,5698.0,-1.52,-1.52,-1.526053,5698.0,-1.52,-1.52,-1.526053,
06/30/2011,3675.0,4972.0,36774.0,35333.0,1441.0,-31802.0,-1297.0,115.0,0.0,115.0,0.0,265.0,-1677.0,-5802.0,-2127.0,-858.0,0.0,858.0,-2985.0,0.0,0.0,-2985.0,93.0,-2892.0,0.0,0.0,0.0,-2892.0,-1.0,-2893.0,-2282.0,0.0,-5175.0,-5175.0,27.95,5730.0,-0.9,-0.9,-0.898264,5730.0,-0.9,-0.9,-0.898264,
09/30/2011,644.0,5186.0,35794.0,34334.0,1460.0,-30608.0,-4542.0,-189.0,0.0,-189.0,0.0,291.0,-4644.0,-4159.0,-3515.0,-1570.0,0.0,1570.0,-5085.0,0.0,0.0,-5085.0,0.0,-5085.0,0.0,0.0,0.0,-5085.0,,-5085.0,-2494.0,0.0,-7579.0,-7579.0,77.35,5760.0,-1.32,-1.32,-1.30237,5760.0,-1.32,-1.32,-1.306571,
12/31/2011,3940.0,4163.0,33260.0,33205.0,55.0,-29097.0,-223.0,241.0,0.0,241.0,0.0,370.0,-834.0,-5366.0,-1426.0,-980.0,0.0,980.0,-2406.0,0.0,0.0,-2406.0,-1.0,-2407.0,0.0,0.0,0.0,-2407.0,1.0,-2406.0,-2622.0,0.0,-5028.0,-5028.0,53.95,5760.0,-0.87,-0.87,-0.86355,5760.0,-0.87,-0.87,-0.86355,
03/31/2012,5873.0,5197.0,33784.0,32570.0,1214.0,-28587.0,676.0,52.0,0.0,52.0,0.0,375.0,249.0,-2000.0,3873.0,-1155.0,0.0,1155.0,2718.0,0.0,0.0,2718.0,0.0,2718.0,0.0,0.0,0.0,2718.0,1.0,2719.0,-2817.0,0.0,-98.0,-98.0,22.1,5761.0,-0.02,-0.02,-0.013175,5761.0,-0.02,-0.02,-0.016164,
06/30/2012,2813.0,5428.0,33171.0,32023.0,1148.0,-27743.0,-2615.0,-468.0,0.0,-468.0,0.0,395.0,-2542.0,3041.0,5854.0,-735.0,0.0,735.0,5119.0,0.0,0.0,5119.0,0.0,5119.0,0.0,0.0,0.0,5119.0,-5.0,5114.0,-2929.0,0.0,2185.0,2185.0,60.45,5762.0,0.38,0.38,0.3897,5893.0,0.37,0.37,0.380258,
09/30/2012,4717.0,5317.0,31669.0,30593.0,1076.0,-26352.0,-600.0,96.0,0.0,96.0,0.0,378.0,-1074.0,-2079.0,2638.0,-825.0,0.0,825.0,1813.0,0.0,0.0,1813.0,0.0,1813.0,0.0,0.0,0.0,1813.0,8.0,1821.0,-2929.0,0.0,-1108.0,-1108.0,35.1,5762.0,-0.19,-0.19,-0.186203,5762.0,-0.19,-0.19,-0.186203,
12/31/2012,6138.0,5559.0,30566.0,29520.0,1046.0,-25007.0,579.0,94.0,0.0,94.0,0.0,339.0,146.0,1890.0,8028.0,-458.0,0.0,458.0,7570.0,0.0,0.0,7570.0,0.0,7570.0,0.0,0.0,0.0,7570.0,,7570.0,-2928.0,-4224.0,418.0,418.0,40.95,5762.0,0.07,0.07,0.079651,5893.0,0.07,0.07,0.076949,
03/31/2013,7792.0,6304.0,30180.0,29224.0,956.0,-23876.0,1488.0,109.0,0.0,109.0,0.0,568.0,811.0,957.0,8749.0,-635.0,0.0,635.0,8114.0,0.0,0.0,8114.0,50571.0,58685.0,0.0,0.0,0.0,58685.0,,58685.0,-59368.0,0.0,-683.0,-683.0,14.95,5762.0,-0.12,-0.12,-0.115941,5762.0,-0.12,-0.12,-0.117405,
06/30/2013,7292.0,5667.0,28978.0,28056.0,922.0,-23311.0,1625.0,284.0,0.0,284.0,0.0,485.0,856.0,5383.0,12675.0,-595.0,0.0,595.0,12080.0,0.0,0.0,12080.0,-1985.0,10095.0,0.0,0.0,0.0,10095.0,-11.0,10084.0,-10243.0,0.0,-159.0,-159.0,-17.55,5762.0,-0.03,-0.03,-0.03064,5762.0,-0.03,-0.03,-0.033046,
09/30/2013,7371.0,5582.0,29067.0,28299.0,768.0,-23485.0,1789.0,621.0,0.0,621.0,0.0,741.0,427.0,2609.0,9980.0,119.0,0.0,-119.0,10099.0,0.0,0.0,10099.0,-1355.0,8744.0,0.0,0.0,0.0,8744.0,-7.0,8737.0,-8617.0,0.0,120.0,120.0,59.8,5762.0,0.02,0.02,0.031204,5893.0,0.02,0.02,0.030148,
12/31/2013,8096.0,4851.0,29324.0,28659.0,665.0,-24473.0,3245.0,113.0,0.0,113.0,0.0,2136.0,996.0,,8096.0,178.0,0.0,-178.0,8274.0,0.0,0.0,8274.0,-1816.0,6458.0,0.0,0.0,0.0,6458.0,-1.0,6457.0,-7191.0,0.0,-734.0,-734.0,-22.75,5762.0,-0.13,-0.13,-0.131335,5762.0,-0.13,-0.13,-0.133948,
03/31/2014,7998.0,4738.0,29179.0,28588.0,591.0,-24441.0,3260.0,95.0,0.0,95.0,0.0,4355.0,-1190.0,774.0,8772.0,-863.0,0.0,863.0,7909.0,0.0,0.0,7909.0,-2584.0,5325.0,0.0,0.0,0.0,5325.0,,5325.0,-5692.0,0.0,-367.0,-367.0,0.0,5762.0,-0.06,-0.06,-0.06,5762.0,-0.06,-0.06,-0.06,
06/30/2014,4836.0,4904.0,28746.0,28165.0,581.0,-23842.0,-68.0,-451.0,0.0,-451.0,0.0,383.0,,1639.0,6475.0,-1056.0,0.0,1056.0,5419.0,0.0,0.0,5419.0,-1752.0,3667.0,0.0,0.0,0.0,3667.0,-1.0,3666.0,-3712.0,0.0,-46.0,-46.0,-24.7,5762.0,-0.01,-0.01,-0.01227,5762.0,-0.01,-0.01,-0.014287,
09/30/2014,5974.0,5184.0,28354.0,27779.0,575.0,-23170.0,790.0,171.0,0.0,171.0,0.0,826.0,-207.0,1085.0,7059.0,-1367.0,0.0,1367.0,5692.0,0.0,0.0,5692.0,-1787.0,3905.0,0.0,0.0,0.0,3905.0,,3905.0,-3999.0,0.0,-94.0,-94.0,-7.15,5762.0,-0.02,-0.02,-0.017555,5762.0,-0.02,-0.02,-0.021241,
12/31/2014,3150.0,5142.0,28126.0,27588.0,538.0,-22984.0,-1992.0,187.0,0.0,187.0,0.0,323.0,-2502.0,466.0,3616.0,-1486.0,0.0,1486.0,2130.0,0.0,0.0,2130.0,-818.0,1312.0,0.0,0.0,0.0,1312.0,0.0,1312.0,-1920.0,0.0,-608.0,-608.0,-11.05,5762.0,-0.11,-0.11,-0.107437,5762.0,-0.11,-0.11,-0.111918,
03/31/2015,3798.0,5067.0,27568.0,27044.0,524.0,-22501.0,-1269.0,342.0,0.0,342.0,0.0,308.0,-1919.0,533.0,4331.0,-1573.0,0.0,1573.0,2758.0,0.0,0.0,2758.0,-870.0,1888.0,0.0,0.0,0.0,1888.0,,1888.0,-1796.0,0.0,92.0,92.0,-5.2,5762.0,0.02,0.02,0.015064,5893.0,0.02,0.02,0.015064,
06/30/2015,9353.0,5677.0,27126.0,26682.0,444.0,-21449.0,3676.0,514.0,0.0,514.0,0.0,556.0,2606.0,-1033.0,8320.0,-1470.0,0.0,1470.0,6850.0,0.0,0.0,6850.0,-2210.0,4640.0,0.0,0.0,0.0,4640.0,0.0,4640.0,-4359.0,0.0,281.0,281.0,-1.95,5762.0,0.05,0.05,0.048429,5893.0,0.05,0.05,0.048429,
09/30/2015,3557.0,5588.0,27377.0,26980.0,397.0,-21789.0,-2031.0,299.0,0.0,299.0,0.0,259.0,-2589.0,1550.0,5107.0,-2077.0,0.0,2077.0,3030.0,0.0,0.0,3030.0,-1070.0,1960.0,0.0,0.0,0.0,1960.0,,1960.0,-2202.0,0.0,-242.0,-242.0,0.0,5762.0,-0.04,-0.04,-0.04,5762.0,-0.04,-0.04,-0.04,
12/31/2015,5618.0,5077.0,27371.0,26993.0,378.0,-22294.0,541.0,181.0,0.0,181.0,0.0,225.0,135.0,-255.0,5363.0,-1793.0,0.0,1793.0,3570.0,0.0,0.0,3570.0,-1103.0,2467.0,0.0,0.0,0.0,2467.0,-1.0,2466.0,-2859.0,0.0,-393.0,-393.0,-5.2,5762.0,-0.07,-0.07,-0.069108,5762.0,-0.07,-0.07,-0.070902,
03/31/2016,2228.0,4769.0,27332.0,26961.0,371.0,-22563.0,-2541.0,69.0,0.0,69.0,0.0,203.0,-2813.0,1184.0,3412.0,-1726.0,0.0,1726.0,1686.0,0.0,0.0,1686.0,-550.0,1136.0,0.0,0.0,0.0,1136.0,,1136.0,-919.0,0.0,217.0,217.0,0.0,5762.0,0.04,0.04,0.04,5893.0,0.04,0.04,0.04,
06/30/2016,4191.0,5286.0,26600.0,26256.0,344.0,-21314.0,-1095.0,398.0,0.0,398.0,0.0,174.0,-1667.0,1601.0,5792.0,-1448.0,0.0,1448.0,4344.0,0.0,0.0,4344.0,-1398.0,2946.0,0.0,0.0,0.0,2946.0,0.0,2946.0,-2869.0,0.0,77.0,77.0,0.0,5762.0,0.01,0.01,0.01,5893.0,0.01,0.01,0.01,
09/30/2016,5586.0,5435.0,25951.0,25611.0,340.0,-20516.0,151.0,467.0,0.0,467.0,0.0,175.0,-491.0,673.0,6259.0,-1536.0,0.0,1536.0,4723.0,0.0,0.0,4723.0,-1527.0,3196.0,0.0,0.0,0.0,3196.0,0.0,3196.0,-2977.0,0.0,219.0,219.0,0.0,5762.0,0.04,0.04,0.04,5893.0,0.04,0.04,0.04,
12/31/2016,10431.0,5805.0,26138.0,25814.0,324.0,-20333.0,4626.0,322.0,0.0,322.0,0.0,414.0,3890.0,-1303.0,9128.0,-1548.0,0.0,1548.0,7580.0,0.0,0.0,7580.0,-2545.0,5035.0,0.0,0.0,0.0,5035.0,0.0,5035.0,-5471.0,0.0,-436.0,-436.0,0.0,5762.0,-0.08,-0.08,-0.08,5762.0,-0.08,-0.08,-0.08,
03/31/2017,5546.0,5346.0,27384.0,27047.0,337.0,-22038.0,200.0,-9.0,0.0,-9.0,0.0,249.0,-40.0,396.0,5942.0,-1786.0,0.0,1786.0,4156.0,0.0,0.0,4156.0,-1383.0,2773.0,0.0,0.0,0.0,2773.0,0.0,2773.0,-2779.0,0.0,-6.0,-6.0,0.0,5762.0,0.0,0.0,0.0,5762.0,0.0,0.0,0.0,
06/30/2017,5049.0,5002.0,27393.0,27011.0,382.0,-22391.0,47.0,385.0,0.0,385.0,0.0,353.0,-691.0,1267.0,6316.0,-1529.0,0.0,1529.0,4787.0,0.0,0.0,4787.0,-1587.0,3200.0,0.0,0.0,0.0,3200.0,0.0,3200.0,-3117.0,0.0,83.0,83.0,0.0,5762.0,0.01,0.01,0.01,5893.0,0.01,0.01,0.01,
09/30/2017,6492.0,5274.0,27461.0,27047.0,414.0,-22187.0,1218.0,313.0,0.0,313.0,0.0,1194.0,-289.0,-182.0,6310.0,-1762.0,0.0,1762.0,4548.0,0.0,0.0,4548.0,-1525.0,3023.0,0.0,0.0,0.0,3023.0,0.0,3023.0,-3048.0,0.0,-25.0,-25.0,0.0,5762.0,0.0,0.0,0.0,5762.0,0.0,0.0,0.0,
12/31/2017,6184.0,5111.0,27618.0,27214.0,404.0,-22507.0,1073.0,833.0,0.0,833.0,0.0,431.0,-191.0,560.0,6744.0,-1788.0,0.0,1788.0,4956.0,0.0,0.0,4956.0,-11489.0,-6533.0,0.0,0.0,0.0,-6533.0,0.0,-6533.0,0.0,0.0,-6533.0,-6533.0,9900.0,5762.0,-1.13,-1.13,0.584346,5762.0,-1.13,-1.13,0.584346,
03/31/2018,6847.0,5232.0,28514.0,28034.0,480.0,-23282.0,1615.0,250.0,0.0,250.0,0.0,320.0,1045.0,217.0,7064.0,-1672.0,0.0,1672.0,5392.0,0.0,0.0,5392.0,-1131.0,4261.0,0.0,0.0,0.0,4261.0,0.0,4261.0,-938.0,0.0,3323.0,3323.0,0.0,5762.0,0.58,0.58,0.58,5893.0,0.56,0.56,0.56,
06/30/2018,6122.0,5377.0,28857.0,28307.0,550.0,-23480.0,745.0,277.0,0.0,277.0,0.0,239.0,229.0,1296.0,7418.0,-1825.0,0.0,1825.0,5593.0,0.0,0.0,5593.0,-1136.0,4457.0,0.0,0.0,0.0,4457.0,0.0,4457.0,-4459.0,0.0,-2.0,-2.0,0.0,5762.0,0.0,0.0,0.0,5762.0,0.0,0.0,0.0,
09/30/2018,6192.0,5369.0,29344.0,28723.0,621.0,-23975.0,823.0,166.0,0.0,166.0,0.0,271.0,386.0,716.0,6908.0,-1852.0,0.0,1852.0,5056.0,0.0,0.0,5056.0,-1045.0,4011.0,0.0,0.0,0.0,4011.0,0.0,4011.0,-3975.0,0.0,36.0,36.0,0.0,5762.0,0.01,0.01,0.01,5893.0,0.01,0.01,0.01,
12/31/2018,4842.0,4973.0,30334.0,29541.0,793.0,-25361.0,-131.0,259.0,0.0,259.0,0.0,149.0,-539.0,1080.0,5922.0,-1864.0,0.0,1864.0,4058.0,0.0,0.0,4058.0,-828.0,3230.0,0.0,0.0,0.0,3230.0,0.0,3230.0,-3241.0,0.0,-11.0,-11.0,0.0,5762.0,0.0,0.0,0.0,5762.0,0.0,0.0,0.0,
03/31/2019,4232.0,4796.0,30637.0,29862.0,775.0,-25841.0,-564.0,-698.0,0.0,133.0,-831.0,134.0,0.0,650.0,4882.0,-1855.0,0.0,1855.0,3027.0,,,3027.0,-627.0,2400.0,0.0,0.0,0.0,2400.0,0.0,2400.0,-2361.0,0.0,39.0,39.0,593.0,5762.0,0.01,0.01,0.109684,5893.0,0.01,0.01,0.109684,
06/30/2019,5047.0,5227.0,30286.0,29511.0,775.0,-25059.0,-180.0,-293.0,0.0,461.0,-754.0,113.0,0.0,1225.0,6272.0,-1951.0,0.0,1951.0,4321.0,0.0,0.0,4321.0,-889.0,3432.0,0.0,0.0,0.0,3432.0,0.0,3432.0,-3365.0,0.0,67.0,67.0,637.0,5762.0,0.01,0.01,0.12218,5893.0,0.01,0.01,0.118094,
09/30/2019,5171.0,5229.0,29541.0,28858.0,683.0,-24312.0,-58.0,253.0,0.0,253.0,0.0,402.0,-713.0,1857.0,7028.0,-2029.0,0.0,2029.0,4999.0,0.0,0.0,4999.0,-1036.0,3963.0,0.0,0.0,0.0,3963.0,0.0,3963.0,-3977.0,0.0,-14.0,-14.0,0.0,5762.0,0.0,0.0,0.0,5762.0,0.0,0.0,0.0,
12/31/2019,7158.0,5850.0,29334.0,28759.0,575.0,-23484.0,1308.0,923.0,0.0,923.0,0.0,301.0,84.0,279.0,7437.0,-2207.0,0.0,2207.0,5230.0,0.0,0.0,5230.0,-865.0,4365.0,0.0,0.0,0.0,4365.0,0.0,4365.0,-4266.0,0.0,99.0,99.0,0.0,5762.0,0.017182,0.017182,0.017182,5893.0,0.0168,0.0168,0.0168,
03/31/2020,5221.0,5347.0,29426.0,28938.0,488.0,-24079.0,-126.0,-434.0,0.0,-158.0,-276.0,308.0,0.0,-2583.0,2638.0,-2060.0,0.0,2060.0,578.0,,,578.0,-117.0,461.0,0.0,0.0,0.0,461.0,0.0,461.0,-476.0,0.0,-15.0,-15.0,637.0,5867.0,0.0,0.0,0.106017,5867.0,0.0,0.0,0.106017,
06/30/2020,4998.0,5777.0,27291.0,27007.0,284.0,-21514.0,-779.0,-869.0,0.0,149.0,-1018.0,90.0,0.0,-12.0,4986.0,-1772.0,0.0,1772.0,3214.0,0.0,0.0,3214.0,-669.0,2545.0,0.0,0.0,0.0,2545.0,0.0,2545.0,-2532.0,0.0,13.0,13.0,660.0,5867.0,0.0,0.0,0.114709,5893.0,0.0,0.0,0.111997,
09/30/2020,,,,,,,,,,,,,,,,,,,,,,3266.0,,2215.0,,,,,,2215.0,,,2215.0,2215.0,,,,,0.5,,,,0.5,
12/31/2020,,,,,,,,,,,,,,,,,,,,,,3225.5,,2780.0,,,,,,2780.0,,,2780.0,2780.0,,,,,0.39,,,,0.39,
