Date,Revenue,Sales & Services Revenue,Cost of Revenue,Cost of Goods & Services,Gross Profit,Other Operating Income,Operating Expenses,"Selling, General & Admin",Research & Development,Depreciation & Amortization,Other Operating Expense,Operating Income (Loss),Non-Operating (Income) Loss,"Interest Expense, Net",Interest Expense,Interest Income,Foreign Exch (Gain) Loss,Other Non-Op (Income) Loss,Pretax Income,Income Tax Expense (Benefit),Income (Loss) from Cont Ops,Net Extraordinary Losses (Gains),Discontinued Operations,XO & Accounting Changes,Income (Loss) Incl. MI,Minority Interest,"Net Income, GAAP",Preferred Dividends,Other Adjustments,"Net Income Avail to Common, GAAP","Net Income Avail to Common, Adj",Net Abnormal Losses (Gains),Basic Weighted Avg Shares,"Basic EPS, GAAP",Basic EPS from Cont Ops,"Basic EPS from Cont Ops, Adjusted",Diluted Weighted Avg Shares,"Diluted EPS, GAAP",Diluted EPS from Cont Ops,"Diluted EPS from Cont Ops, Adjusted",Source: Bloomberg
07/03/2004,1461,,-900,,561,,-467,,,,,94,-40,,0.0,,0.0,40,54,-11,43,0.0,,,43,0.0,43,0.0,0.0,43,43.0,,,,,,,,,,
10/02/2004,1430,,-872,,558,,-459,,,,,99,-28,,0.0,-8.0,0.0,36,71,-14,57,0.0,,,57,0.0,57,0.0,0.0,57,57.0,,384.0,0.15,0.15,0.19,390.0,0.15,0.15,0.19,
12/31/2004,1428,,-914,,514,0.0,-453,204.0,,,249.0,61,-55,5.0,,,,50,6,-1,5,,,,5,,5,0.0,0.0,5,5.0,29.9,400.0,0.01,0.01,0.08,412.0,0.01,0.01,0.08,
04/01/2005,1442,,-862,,580,,-455,,,,,125,-31,-8.0,6.0,-14.0,-1.0,40,94,-9,85,,,,85,,85,,,85,85.0,16.0,401.0,0.21,0.21,0.25,416.0,0.2,0.2,0.24,
07/01/2005,1472,,-860,,612,,-468,,,,,144,-8,-17.0,1.0,-18.0,,25,136,-14,122,,,,122,,122,,,122,122.0,,403.0,0.3,0.3,0.31,420.0,0.29,0.29,0.3,
09/30/2005,1450,,-828,,622,,-470,,,,,152,26,-1.0,22.0,-23.0,,-25,178,-14,164,,,,164,,164,,,164,164.0,-15.0,408.0,0.4,0.4,0.36,428.0,0.38,0.38,0.35,
12/31/2005,1479,,-833,,646,,-449,,,,,197,8,,56.0,-36.0,2.0,-30,205,-13,192,0.0,,,192,0.0,192,0.0,0.0,192,192.0,,409.0,0.47,0.47,0.47,429.0,0.45,0.45,0.45,
03/31/2006,1526,,-835,,691,,-484,,,,,207,11,-12.0,24.0,-36.0,,1,218,-13,205,-7.0,,,212,,212,,,212,212.0,,408.0,0.52,0.5,0.5,425.0,0.5,0.48,0.48,
06/30/2006,1599,,-864,,735,,-484,,,,,251,6,17.0,25.0,-8.0,0.0,-23,257,3,260,0.0,,,260,0.0,260,0.0,0.0,260,260.0,-15.0,406.0,0.64,0.64,0.6,424.0,0.61,0.61,0.57,
09/29/2006,1619,,-873,,746,,-481,,,,,265,2,-7.0,33.0,-40.0,,5,267,-10,257,,,,257,,257,,,257,257.0,14.3,409.0,0.63,0.63,0.66,424.0,0.61,0.61,0.64,
12/31/2006,1615,,-1053,,562,,-601,,,,,-39,-2812,22.0,82.0,-60.0,0.0,2790,-2851,128,-2723,0.0,,,-2723,0.0,-2723,0.0,0.0,-2723,-2723.0,,,,,,,,,,
03/30/2007,1361,,-1562,,-201,,-450,,,,,-651,-201,198.0,210.0,-12.0,0.0,3,-852,313,-539,0.0,,,-539,0.0,-539,0.0,0.0,-539,-539.0,3.0,,,,,,,,,
06/29/2007,1376,,-809,,567,,-835,,,,,-268,-188,190.0,204.0,-14.0,0.0,-2,-456,168,-288,0.0,,,-288,0.0,-288,0.0,0.0,-288,-288.0,,,,,,,,,,
09/28/2007,1446,,-869,,577,,-779,,,,,-202,-194,196.0,207.0,-11.0,0.0,-2,-396,135,-261,0.0,,,-261,0.0,-261,0.0,0.0,-261,-261.0,,,,,,,,,,
12/31/2007,1539,,-581,,958,,-1096,,,,,-138,-651,,213.0,-13.0,0.0,451,-789,270,-519,0.0,,,-519,0.0,-519,0.0,0.0,-519,-519.0,,,,,,,,,,
06/27/2008,1472,,-840,,632,,-766,,,,,-134,-149,157.0,169.0,-12.0,0.0,-8,-283,99,-184,0.0,,,-184,0.0,-184,0.0,0.0,-184,-184.0,234.65,,,,,,,,,
09/26/2008,1409,,-821,,588,,-592,,,,,-4,-3543,169.0,177.0,-8.0,0.0,3374,-3547,66,-3481,0.0,,,-3481,-16.0,-3497,0.0,0.0,-3497,-3497.0,2276.95,,,,,,,,,
12/31/2008,940,,-680,,260,,-801,,,,,-541,-3742,,129.0,-9.0,0.0,3622,-4283,281,-4002,0.0,,,-4002,15.0,-3987,0.0,0.0,-3987,-3987.0,,,,,,,,,,
04/03/2009,840,840.0,-664,664.0,176,0.0,-527,137.0,244.0,122.0,24.0,-351,2096,167.0,173.0,-6.0,,-2263,1745,11,1756,0.0,0.0,0.0,1756,0.0,1756,0.0,0.0,1756,299.35,-1456.65,,,,,,,,,
07/03/2009,824,824.0,-631,631.0,193,0.0,-538,123.0,211.0,122.0,82.0,-345,-114,131.0,135.0,-4.0,,-17,-459,-25,-484,0.0,0.0,0.0,-484,0.0,-484,0.0,0.0,-484,-443.7,40.3,,,,,,,,,
10/02/2009,893,893.0,-626,626.0,267,0.0,-528,122.0,193.0,122.0,91.0,-261,-138,130.0,133.0,-3.0,,8,-399,-11,-410,0.0,0.0,0.0,-410,0.0,-410,0.0,0.0,-410,-350.85,59.15,,,,,,,,,
12/31/2009,951,951.0,-642,642.0,309,0.0,-570,117.0,185.0,120.0,148.0,-261,-124,128.0,130.0,-2.0,,-4,-385,271,-114,0.0,0.0,0.0,-114,0.0,-114,0.0,0.0,-114,-22.35,91.65,,,,,,,,,
04/02/2010,1020,1020.0,-651,651.0,369,0.0,-429,116.0,191.0,121.0,1.0,-60,-200,145.0,148.0,-3.0,,55,-260,4,-256,0.0,0.0,0.0,-256,0.0,-256,0.0,0.0,-256,-220.9,35.1,,,,,,,,,
07/02/2010,1108,1108.0,-693,693.0,415,0.0,-433,128.0,190.0,121.0,-6.0,-18,-515,146.0,,,,369,-533,-5,-538,0.0,0.0,0.0,-538,0.0,-538,0.0,0.0,-538,-230.55,307.45,197.0,-2.73,-2.73,-1.170305,197.0,-2.73,-2.73,-1.170305,
09/30/2010,1148,1148.0,-706,706.0,442,0.0,-441,126.0,201.0,121.0,-7.0,1,-157,144.0,146.0,-2.0,,13,-156,0,-156,0.0,0.0,0.0,-156,0.0,-156,0.0,0.0,-156,-153.4,2.6,,,,,,,,,
12/31/2010,1182,1182.0,-718,718.0,464,0.0,-448,132.0,200.0,104.0,12.0,16,-145,147.0,148.0,-1.0,,-2,-129,26,-103,0.0,0.0,0.0,-103,0.0,-103,0.0,0.0,-103,-16.55,86.45,,,,,,,,,
04/01/2011,1194,1194.0,-710,710.0,484,0.0,-487,131.0,202.0,63.0,91.0,-3,-148,149.0,,,,-1,-151,3,-148,0.0,0.0,0.0,-148,0.0,-148,0.0,0.0,-148,4.1,152.1,,,,,,,,,
07/02/2011,1223,1223.0,-706,706.0,517,0.0,-486,137.0,207.0,63.0,79.0,31,-193,150.0,,,,43,-162,-6,-168,0.0,0.0,0.0,-168,0.0,-168,0.0,0.0,-168,73.8,241.8,213.0,-0.79,-0.79,0.346479,215.0,-0.79,-0.79,0.334651,
09/30/2011,1142,1142.0,-661,661.0,481,0.0,-371,129.0,200.0,62.0,-20.0,110,-184,131.0,,,,53,-74,-14,-88,0.0,0.0,0.0,-88,0.0,-88,0.0,0.0,-88,-6.1,81.9,246.0,-0.36,-0.36,-0.024797,248.0,-0.36,-0.36,-0.029758,
12/31/2011,1013,1013.0,-600,600.0,413,0.0,-277,113.0,188.0,44.0,-68.0,136,-131,133.0,,,,-2,5,-11,-6,0.0,0.0,0.0,-6,0.0,-6,0.0,0.0,-6,-295.25,-289.25,246.0,-0.02439,-0.02439,-1.200203,246.0,-0.02439,-0.02439,-1.200203,
03/30/2012,950,950.0,-548,548.0,402,0.0,-234,102.0,181.0,3.0,-52.0,168,-163,133.0,,,,30,5,-14,-9,0.0,0.0,0.0,-9,0.0,-9,0.0,0.0,-9,-23.3,-14.3,247.0,-0.04,-0.04,-0.094332,251.0,-0.04,-0.04,-0.096972,
06/29/2012,1029,1029.0,-589,589.0,440,0.0,-328,116.0,188.0,4.0,20.0,112,-135,125.0,,,,10,-23,-11,-34,0.0,0.0,0.0,-34,0.0,-34,0.0,0.0,-34,-15.8,18.2,248.0,-0.14,-0.14,-0.06371,250.0,-0.14,-0.14,-0.0672,
09/28/2012,1009,1009.0,-585,585.0,424,0.0,-297,110.0,187.0,3.0,-3.0,127,-137,125.0,,,,12,-10,-14,-24,0.0,0.0,0.0,-24,0.0,-24,0.0,0.0,-24,-19.45,4.55,249.0,-0.1,-0.1,-0.078112,251.0,-0.1,-0.1,-0.081873,
12/31/2012,957,957.0,-582,582.0,375,0.0,-319,110.0,186.0,3.0,20.0,56,-128,127.0,,,,1,-72,37,-35,0.0,0.0,0.0,-35,0.0,-35,0.0,0.0,-35,40.4,75.4,248.0,-0.14,-0.14,0.162903,252.0,-0.14,-0.14,0.160317,
03/29/2013,981,981.0,-583,583.0,398,0.0,-294,111.0,182.0,3.0,-2.0,104,-142,121.0,,,,21,-38,-10,-48,0.0,0.0,0.0,-48,0.0,-48,0.0,0.0,-48,-35.65,12.35,252.0,-0.19,-0.19,-0.141468,256.0,-0.19,-0.19,-0.141758,
06/28/2013,1038,1038.0,-597,597.0,441,0.0,-316,115.0,187.0,4.0,10.0,125,-184,125.0,,,,59,-59,-6,-65,0.0,0.0,0.0,-65,0.0,-65,0.0,0.0,-65,-20.15,44.85,255.0,-0.25,-0.25,-0.07902,259.0,-0.25,-0.25,-0.07902,
09/27/2013,1085,1085.0,-612,612.0,473,0.0,-316,120.0,191.0,3.0,2.0,157,-119,118.0,,,,1,38,-15,23,0.0,0.0,0.0,23,0.0,23,0.0,0.0,23,24.95,1.95,258.0,0.09,0.09,0.096705,261.0,0.09,0.09,0.096705,
12/31/2013,1082,1082.0,-607,607.0,475,0.0,-330,118.0,195.0,3.0,14.0,145,-254,119.0,,,,135,-109,-9,-118,0.0,0.0,0.0,-118,0.0,-118,0.0,0.0,-118,-1.0,117.0,259.0,-0.46,-0.46,-0.003861,260.0,-0.46,-0.46,-0.003861,
04/04/2014,1127,1127.0,-622,622.0,505,0.0,-350,126.0,210.0,3.0,11.0,155,-162,102.0,,,,60,-7,-16,-23,0.0,0.0,0.0,-23,0.0,-23,0.0,0.0,-23,22.5,45.5,280.0,-0.08,-0.08,0.080357,285.0,-0.08,-0.08,0.079649,
07/04/2014,1191,1191.0,-654,654.0,537,0.0,-357,128.0,219.0,4.0,6.0,180,-83,82.0,,,,1,97,-11,86,0.0,0.0,0.0,86,0.0,86,0.0,0.0,86,90.55,4.55,303.0,0.28,0.28,0.298845,308.0,0.28,0.28,0.294773,
10/03/2014,1213,1213.0,-651,651.0,562,0.0,-347,122.0,213.0,4.0,8.0,215,-92,81.0,,,,11,123,2,125,0.0,0.0,0.0,125,0.0,125,0.0,0.0,125,136.7,11.7,304.0,0.41,0.41,0.449671,309.0,0.4,0.4,0.437864,
12/31/2014,1103,1103.0,-582,582.0,521,0.0,-343,123.0,204.0,4.0,12.0,178,-87,78.0,,,,9,91,-28,63,0.0,0.0,0.0,63,0.0,63,0.0,0.0,63,77.3,14.3,304.0,0.21,0.21,0.254276,310.0,0.2,0.2,0.246129,
