Date,Revenue,Revenue From Electric,Revenue from Gas,Revenue from Water,Other Revenue,Cost of Revenue,Fuel & Purchased Power Cost,Fuel Cost,Purchased Power Cost,Purchased Gas & Water Cost,Purchased Gas Cost,Purchased Water Cost,Other Cost of Revenue,Gross Profit,Operating Expenses,Maintenance Expenses,Depreciation Expenses,Taxes Other Than Income,Other Operating Expense,Operating Income (Loss),Non-Operating (Income) Loss,"Interest Expense, Net",Total Interest Income,AFUDC - Equity,Interest Income,Interest Expense,Interest Expenses on Bonds,AFUDC - Debts,Other Interest Expenses,Other Non-Op (Income) Loss,Pretax Income,Income Tax Expense (Benefit),Income (Loss) from Cont Ops,Net Extraordinary Losses (Gains),Discontinued Operations,XO & Accounting Changes,Income (Loss) Incl. MI,Minority Interest,"Net Income, GAAP",Preferred Dividends,Other Adjustments,"Net Income Avail to Common, GAAP","Net Income Avail to Common, Adj",Net Abnormal Losses (Gains),Basic Weighted Avg Shares,"Basic EPS, GAAP",Basic EPS from Cont Ops,"Basic EPS from Cont Ops, Adjusted",Diluted Weighted Avg Shares,"Diluted EPS, GAAP",Diluted EPS from Cont Ops,"Diluted EPS from Cont Ops, Adjusted",Source: Bloomberg
12/31/1989,334.621002,0.0,334.621002,0.0,0.0,-227.115997,0.0,0.0,0.0,227.115997,,,,107.505005,-63.167,,,,63.167,44.338001,-11.351,,,,,11.987,11.987,,,-0.636,32.987001,-11.436,21.551001,0.0,,,21.551001,0.0,21.551001,-0.338,,21.213001,21.213001,,43.512001,0.49,0.49,0.49,43.512001,0.49,0.49,0.49,
03/31/1990,375.247009,0.0,375.247009,0.0,0.0,-238.925003,0.0,0.0,0.0,238.925003,,,,136.322006,-68.599998,,,,68.599998,67.722,-11.984,,,,,11.429,11.429,,,0.555,55.738,-19.750999,35.987,0.0,,,35.987001,0.0,35.987,-0.324,,35.663,35.663,,43.731998,0.815,0.815,0.815,43.731998,0.815,0.815,0.815,
06/30/1990,157.880997,0.0,157.880997,0.0,0.0,-92.466003,0.0,0.0,0.0,92.466003,,,,65.414993,-60.185001,,,,60.185001,5.23,-9.902,,,,,10.184,10.184,,,-0.282,-4.672,2.606,-2.066,0.0,,,-2.066,0.0,-2.066,-0.322,,-2.388,-2.388,,43.966,-0.055,-0.055,-0.055,43.966,-0.055,-0.055,-0.055,
09/30/1990,133.147995,0.0,133.147995,0.0,0.0,-73.771004,0.0,0.0,0.0,73.771004,,,,59.376991,-60.112999,,,,60.112999,-0.736,-16.537,,,,,11.199,11.199,,,5.338,-17.273,7.441,-9.832,0.0,,,-9.832,0.0,-9.832,-0.321,,-10.153,-10.153,,44.202,-0.23,-0.23,-0.23,44.202,-0.23,-0.23,-0.23,
12/31/1990,295.335999,0.0,295.335999,0.0,0.0,-182.783997,0.0,0.0,0.0,182.783997,,,,112.552002,-64.606003,,,,64.606003,47.945999,-11.442,,,,,11.694,11.694,,,-0.252,36.503999,-12.518,23.986,0.0,,,23.985999,0.0,23.986,-0.328,,23.658,23.658,,45.105999,0.525,0.525,0.525,45.105999,0.525,0.525,0.525,
03/31/1991,378.979004,0.0,378.979004,0.0,0.0,-242.389999,0.0,0.0,0.0,242.389999,,,,136.589005,-71.741997,,,,71.741997,64.847,-11.069,,,,,11.504,11.504,,,-0.435,53.778,-19.072001,34.706001,0.0,,,34.706,0.0,34.706001,-0.276,,34.430001,34.430001,,46.866001,0.735,0.735,0.735,46.866001,0.735,0.735,0.735,
06/30/1991,159.320999,0.0,159.320999,0.0,0.0,-87.023003,0.0,0.0,0.0,87.023003,,,,72.297997,-64.596001,,,,64.596001,7.702,-10.601,,,,,10.708,10.708,,,-0.107,-2.899,0.497,-2.402,0.0,,,-2.402,0.0,-2.402,-0.282,,-2.684,-2.684,,47.208,-0.055,-0.055,-0.055,47.208,-0.055,-0.055,-0.055,
09/30/1991,130.227997,0.0,130.227997,0.0,0.0,-67.720001,0.0,0.0,0.0,67.720001,,,,62.507996,-62.268002,,,,62.268002,0.24,-11.811,,,,,13.022,13.022,,,-1.211,-11.571,4.703,-6.868,0.0,,,-6.868,0.0,-6.868,-0.282,,-7.15,-7.15,,47.459999,-0.15,-0.15,-0.15,47.459999,-0.15,-0.15,-0.15,
12/31/1991,300.197998,0.0,300.197998,0.0,0.0,-185.938995,0.0,0.0,0.0,185.938995,,,,114.259003,-70.152,,,,70.152,44.106998,-12.138,,,,,14.091,14.091,,,-1.953,31.968999,-10.727,21.242001,0.0,,,21.241999,0.0,21.242001,-0.275,,20.967001,20.967001,,47.698002,0.44,0.44,0.44,47.698002,0.44,0.44,0.44,
03/31/1992,395.273987,0.0,395.273987,0.0,0.0,-245.261993,0.0,0.0,0.0,245.261993,,,,150.011993,-75.046997,,,,75.046997,74.964996,-10.571,,,,,11.786,11.786,,,-1.215,64.393996,-21.297001,43.097,0.0,,,43.096995,0.0,43.097,-0.261,,42.836,42.836,,47.976002,0.895,0.895,0.895,47.976002,0.895,0.895,0.895,
06/30/1992,176.292007,0.0,176.292007,0.0,0.0,-101.525002,0.0,0.0,0.0,101.525002,,,,74.767006,-65.18,,,,65.18,9.587,-10.796,,,,,10.776,10.776,,,0.02,-1.209,-0.392,-1.601,0.0,,,-1.601,0.0,-1.601,-0.261,,-1.862,-1.862,,48.240002,-0.04,-0.04,-0.04,48.240002,-0.04,-0.04,-0.04,
09/30/1992,122.835999,0.0,122.835999,0.0,0.0,-57.773998,0.0,0.0,0.0,57.773998,,,,65.062001,-67.920998,,,,67.920998,-2.859,-11.095,,,,,10.747,10.747,,,0.348,-13.954,6.616,-7.338,0.0,,,-7.338,0.0,-7.338,-0.203,,-7.541,-7.541,,48.599998,-0.155,-0.155,-0.155,48.599998,-0.155,-0.155,-0.155,
12/31/1992,334.100006,0.0,334.100006,0.0,0.0,-212.300003,0.0,0.0,0.0,212.300003,,,,121.800003,-76.699997,,,,76.699997,45.099998,-11.4,,,,,11.7,11.7,,,-0.3,33.699999,-11.6,22.1,0.0,,,22.099998,0.0,22.1,-0.9,,21.2,21.2,,48.799999,0.435,0.435,0.435,48.799999,0.435,0.435,0.435,
03/31/1993,448.200012,0.0,448.200012,0.0,0.0,-291.600006,0.0,0.0,0.0,291.600006,,,,156.600006,-78.900002,,,,78.900002,77.699997,-9.3,,,,,11.6,11.6,,,-2.3,68.399997,-23.299999,45.099998,0.0,,,45.099997,0.0,45.099998,-1.2,,43.899998,43.899998,,49.0,0.895,0.895,0.895,49.0,0.895,0.895,0.895,
06/30/1993,197.699997,0.0,197.699997,0.0,0.0,-115.699997,0.0,0.0,0.0,115.699997,,,,82.0,-74.0,,,,74.0,8.0,-11.2,,,,,11.6,11.6,,,-0.4,-3.2,0.9,-2.3,0.0,,,-2.3,0.0,-2.3,-1.1,,-3.4,-3.4,,49.400002,-0.07,-0.07,-0.07,49.400002,-0.07,-0.07,-0.07,
09/30/1993,150.300003,0.0,150.300003,0.0,0.0,-81.400002,0.0,0.0,0.0,81.400002,,,,68.900001,-71.599998,,,,71.599998,-2.7,-8.2,,,,,11.8,11.8,,,-3.6,-10.9,3.5,-7.4,0.0,,,-7.4,0.0,-7.4,-1.1,,-8.5,-8.5,,49.599998,-0.17,-0.17,-0.17,49.599998,-0.17,-0.17,-0.17,
12/31/1993,361.899994,0.0,361.899994,0.0,0.0,-229.699997,0.0,0.0,0.0,229.699997,,,,132.199997,-80.5,,,,80.5,51.700001,-10.8,,,,,12.4,12.4,,,-1.6,40.900001,-14.6,26.299999,0.0,,,26.300001,0.0,26.299999,-1.1,,25.199999,25.199999,,49.799999,0.505,0.505,0.505,49.799999,0.505,0.505,0.505,
03/31/1994,500.200012,0.0,500.200012,0.0,0.0,-328.5,0.0,0.0,0.0,328.5,,,,171.700012,-84.900002,,,,84.900002,86.800003,-9.2,,,,,11.8,11.8,,,-2.6,77.600003,-27.200001,50.400002,0.0,,,50.400002,0.0,50.400002,-1.1,,49.300002,49.300002,,50.200001,0.985,0.985,0.985,50.200001,0.985,0.985,0.985,
06/30/1994,191.199997,0.0,191.199997,0.0,0.0,-106.0,0.0,0.0,0.0,106.0,,,,85.199997,-78.0,,,,78.0,7.2,-11.3,,,,,11.7,11.7,,,-0.4,-4.1,0.3,-3.8,0.0,,,-3.8,0.0,-3.8,-1.1,,-4.9,-4.9,,50.400002,-0.095,-0.095,-0.095,50.400002,-0.095,-0.095,-0.095,
09/30/1994,146.600006,0.0,146.600006,0.0,0.0,-72.599998,0.0,0.0,0.0,72.599998,,,,74.000008,-77.800003,,,,77.800003,-3.8,-11.1,,,,,11.7,11.7,,,-0.6,-14.9,5.2,-9.7,0.0,,,-9.7,0.0,-9.7,-1.2,,-10.9,-10.9,,50.400002,-0.225,-0.225,-0.225,50.400002,-0.225,-0.225,-0.225,
12/31/1994,328.799988,0.0,328.799988,0.0,0.0,-188.100006,0.0,0.0,0.0,188.100006,,,,140.699982,-81.5,,,,81.5,59.200001,-56.299998,,,,,13.2,13.2,,,43.099998,2.900002,-1.1,1.8,0.0,,,1.800002,0.0,1.8,-1.1,,0.7,0.7,,51.0,0.015,0.015,0.015,51.0,0.015,0.015,0.015,
03/31/1995,448.200012,0.0,448.200012,0.0,0.0,-269.899994,0.0,0.0,0.0,269.899994,,,,178.300018,-88.0,,,,88.0,90.300003,-34.2,,,,,12.2,12.2,,,22.0,56.100003,-18.799999,37.299999,0.0,,,37.300004,0.0,37.299999,-1.1,,36.199999,36.199999,,51.400002,0.705,0.705,0.705,51.400002,0.705,0.705,0.705,
06/30/1995,177.5,0.0,177.5,0.0,0.0,-84.800003,0.0,0.0,0.0,84.800003,,,,92.699997,-77.699997,,,,77.699997,15.0,-12.5,,,,,11.1,11.1,,,1.4,2.5,-1.1,1.4,0.0,,,1.4,0.0,1.4,-1.1,,0.3,0.3,,52.599998,0.005,0.005,0.005,52.599998,0.005,0.005,0.005,
09/30/1995,108.5,0.0,108.5,0.0,0.0,-29.0,0.0,0.0,0.0,29.0,,,,79.5,-80.800003,,,,80.800003,-1.3,-12.7,,,,,11.0,11.0,,,1.7,-14.0,4.3,-9.7,0.0,,,-9.7,0.0,-9.7,-1.1,,-10.8,-10.8,,54.8,-0.2,-0.2,-0.2,54.8,-0.2,-0.2,-0.2,
12/31/1995,328.799988,0.0,328.799988,0.0,0.0,-188.800003,0.0,0.0,0.0,188.800003,,,,139.999985,-80.800003,,,,80.800003,59.200001,-11.2,,,,,12.8,12.8,,,-1.6,48.000001,-17.799999,30.200001,0.0,,,30.200001,0.0,30.200001,-1.1,,29.100001,29.100001,,55.099998,0.53,0.53,0.53,55.099998,0.53,0.53,0.53,
03/31/1996,478.799988,0.0,478.799988,0.0,0.0,-308.0,0.0,0.0,0.0,308.0,,,,170.799988,-91.800003,,,,91.800003,79.0,-5.7,,,,,12.4,12.4,,,-6.7,73.3,-27.200001,46.099998,0.0,,,46.099999,0.0,46.099998,-1.1,,44.999998,44.999998,,55.299999,0.81,0.81,0.81,55.299999,0.81,0.81,0.81,
06/30/1996,241.100006,0.0,241.100006,0.0,0.0,-141.0,0.0,0.0,0.0,141.0,,,,100.100006,-82.900002,,,,82.900002,17.200001,-9.4,,,,,11.7,11.7,,,-2.3,7.800001,-3.1,4.7,0.0,,,4.700001,0.0,4.7,-1.1,,3.6,3.6,,55.400002,0.06,0.06,0.06,55.400002,0.06,0.06,0.06,
09/30/1996,171.5,0.0,171.5,0.0,0.0,-82.5,0.0,0.0,0.0,82.5,,,,89.0,-82.099998,,,,82.099998,6.9,-8.5,,,,,12.2,12.2,,,-3.7,-1.6,0.6,-1.0,0.0,,,-1.0,0.0,-1.0,-1.1,,-2.1,-2.1,,55.599998,-0.04,-0.04,-0.04,55.599998,-0.04,-0.04,-0.04,
12/31/1996,379.600006,0.0,379.600006,0.0,0.0,-231.100006,0.0,0.0,0.0,231.100006,,,,148.5,-88.300003,,,,88.300003,60.200001,-11.2,,,,,13.6,13.6,,,-2.4,49.0,-18.299999,30.700001,0.0,,,30.700001,0.0,30.700001,-1.1,,29.600001,29.600001,,55.799999,0.53,0.53,0.53,55.900002,0.53,0.53,0.53,
03/31/1997,496.700012,0.0,496.700012,0.0,0.0,-315.700012,0.0,0.0,0.0,315.700012,,,,181.0,-92.0,,,,92.0,89.0,-10.0,,,,,13.7,13.7,,,-3.7,79.0,-28.9,50.099998,0.0,,,50.100001,0.0,50.099998,-1.1,,48.999998,48.999998,,56.0,0.88,0.88,0.88,56.0,0.87,0.87,0.87,
06/30/1997,216.699997,0.0,216.699997,0.0,0.0,-117.5,0.0,0.0,0.0,117.5,,,,99.199997,-84.099998,,,,84.099998,15.1,-10.2,,,,,12.5,12.5,,,-2.3,4.9,-2.0,2.9,0.0,,,2.9,0.0,2.9,-1.5,,1.4,1.4,,56.200001,0.03,0.03,0.03,56.299999,0.03,0.03,0.03,
09/30/1997,194.600006,0.0,194.600006,0.0,0.0,-102.199997,0.0,0.0,0.0,102.199997,,,,92.400009,-85.199997,,,,85.199997,7.2,-10.5,,,,,12.4,12.4,,,-1.9,-3.3,2.4,-0.9,0.0,,,-0.9,0.0,-0.9,-2.5,,-3.4,-3.4,,56.5,-0.06,-0.06,-0.06,56.5,-0.06,-0.06,-0.06,
12/31/1997,402.299988,0.0,402.299988,0.0,0.0,-257.100006,0.0,0.0,0.0,257.100006,,,,145.199982,-92.800003,,,,92.800003,52.400002,-8.900001,,,,,14.1,14.1,,,-5.2,43.500001,-15.4,28.1,0.0,,,28.100001,0.0,28.1,-2.4,,25.7,25.7,,56.700001,0.45,0.45,0.45,56.799999,0.45,0.45,0.45,
03/31/1998,479.700012,0.0,479.700012,0.0,0.0,-305.700012,0.0,0.0,0.0,305.700012,,,,174.0,-90.699997,,,,90.699997,83.300003,-11.2,,,,,14.1,14.1,,,-2.9,72.100003,-25.799999,46.299999,0.0,,,46.300004,0.0,46.299999,-1.2,,45.099999,45.099999,,56.900002,0.79,0.79,0.79,57.0,0.79,0.79,0.79,
06/30/1998,247.0,0.0,247.0,0.0,0.0,-150.600006,0.0,0.0,0.0,150.600006,,,,96.399994,-87.599998,,,,87.599998,8.8,-12.4,,,,,13.0,13.0,,,-0.6,-3.6,3.9,0.3,0.0,,,0.3,0.0,0.3,-1.5,,-1.2,-1.2,,57.099998,-0.02,-0.02,-0.02,57.200001,-0.02,-0.02,-0.02,
09/30/1998,205.4,0.0,205.4,0.0,0.0,-78.5,0.0,0.0,0.0,78.5,,,,126.9,-103.8,,,,103.8,23.1,-9.0,,,0.0,,13.2,13.2,,,-4.2,14.1,-1.5,12.6,0.0,,,12.6,0.0,12.6,-1.6,,11.0,11.0,,57.2,0.19,0.19,0.19,57.3,0.19,0.19,0.19,
12/31/1998,323.899994,0.0,323.899994,0.0,0.0,-187.0,0.0,0.0,0.0,187.0,,,,136.899994,-89.199997,,,,89.199997,47.700001,-22.1,,,,,14.2,14.2,,,7.9,25.600001,-8.2,17.4,0.0,,,17.400001,0.0,17.4,-1.5,,15.9,15.9,,57.400002,0.28,0.28,0.28,57.700001,0.28,0.28,0.28,
03/31/1999,375.100006,0.0,375.100006,0.0,0.0,-232.0,0.0,0.0,0.0,232.0,,,,143.100006,-90.699997,,,,90.699997,52.400002,-13.8,,,,,13.6,13.6,,,0.2,38.600001,-12.8,25.799999,0.0,,,25.800001,0.0,25.799999,-1.6,,24.199999,24.199999,,57.599998,0.42,0.42,0.42,57.599998,0.42,0.42,0.42,
06/30/1999,185.600006,0.0,185.600006,0.0,0.0,-61.099998,0.0,0.0,0.0,61.099998,,,,124.500008,-95.0,,,,95.0,29.5,-18.5,,,,,12.9,12.9,,,5.6,11.0,-2.3,8.7,0.0,,,8.700001,0.0,8.7,-1.5,,7.2,7.2,,57.400002,0.12,0.12,0.12,57.5,0.12,0.12,0.12,
09/30/1999,183.7,0.0,183.7,0.0,0.0,-64.3,0.0,0.0,0.0,64.3,,,,119.4,-94.4,,,,,25.0,68.8,,,,,12.3,12.3,,,-81.1,93.8,-15.8,28.6,0.0,,,78.0,0.0,28.6,-1.5,,27.1,27.1,,57.0,0.48,0.48,0.09,57.0,0.48,0.48,0.09,
12/31/1999,182.300003,0.0,182.300003,0.0,0.0,-54.599998,0.0,0.0,0.0,54.599998,,,,127.700005,-94.199997,,21.200001,,94.199997,33.5,-5.3,,,,0.3,12.2,12.2,,1.5,-6.6,28.2,-9.6,18.6,0.0,,,18.6,0.0,18.6,-1.5,,17.1,17.1,,56.900002,0.3,0.3,0.3,57.0,0.3,0.3,0.3,
03/31/2000,160.1,0.0,160.1,0.0,0.0,-30.7,0.0,0.0,0.0,30.7,,,,129.4,-91.9,,21.9,,91.9,37.5,0.0,,,,0.1,12.4,12.4,,1.6,-12.3,37.5,-13.2,24.3,0.0,,,24.3,0.0,24.3,-1.6,,22.7,22.7,,55.5,0.41,0.41,0.41,55.5,0.41,0.41,0.41,
06/30/2000,131.8,0.0,131.8,0.0,0.0,-11.6,0.0,0.0,0.0,11.6,,,,120.2,-81.8,,20.3,,81.8,38.4,-15.1,,,,0.1,13.3,13.3,,1.5,1.9,23.3,-7.9,15.4,0.0,,,15.4,0.0,15.4,-1.5,,13.9,13.9,,54.2,0.26,0.26,0.26,54.2,0.26,0.26,0.26,
09/30/2000,133.2,0.0,133.2,0.0,0.0,-15.0,0.0,0.0,0.0,15.0,,,,118.2,-89.8,,19.8,,-20.1,28.4,-3.0,,,,,13.7,13.7,,,-10.7,25.4,-6.5,18.9,0.0,,,18.9,0.0,18.9,-1.5,,17.4,17.4,,54.1,0.32,0.32,0.27,54.2,0.32,0.32,0.27,
12/31/2000,294.8,0.0,294.8,0.0,0.0,-130.8,0.0,0.0,0.0,130.8,,,,164.0,-108.7,,26.4,,82.3,55.3,-19.5,,,,0.1,24.7,23.2,,1.5,-5.1,35.8,-13.3,22.5,0.0,,,22.5,0.0,22.5,0.0,0.0,22.5,22.5,,54.3,0.41,0.41,0.415896,54.6,0.41,0.41,0.414364,
03/31/2001,175.699997,0.0,175.699997,0.0,0.0,-37.0,0.0,0.0,0.0,37.0,,,,138.699997,-97.599998,,,,97.599998,41.099998,-26.300001,,,,,23.200001,23.200001,,,3.1,14.799997,-5.5,9.3,0.0,,,9.299997,0.0,9.3,0.0,,9.3,9.3,,54.599998,0.17,0.17,0.17,55.200001,0.17,0.17,0.17,
06/30/2001,175.7,0.0,175.7,0.0,0.0,-37.0,0.0,0.0,0.0,37.0,,,,138.7,-97.6,,,,97.6,41.1,-26.3,,,,0.3,23.2,20.4,,2.8,3.4,14.8,-5.5,9.3,0.0,,,9.3,0.0,9.3,0.0,0.0,9.3,9.3,,54.6,0.17,0.17,0.17,55.2,0.17,0.17,0.17,
09/30/2001,228.2,0.0,228.2,0.0,0.0,-93.5,0.0,0.0,0.0,93.5,,,,134.7,-87.0,,,,,47.7,6.6,,,,1.7,22.4,19.4,,,-27.3,54.3,-2.1,9.4,0.0,,,52.2,0.0,9.4,-4.6,0.0,4.8,4.8,,55.0,0.09,0.09,0.09,55.3,0.09,0.09,0.09,
03/31/2002,492.9,,492.9,,,-320.7,,,,320.7,,,,172.2,-100.8,,23.1,,77.7,71.4,6.2,,,,,22.7,22.7,,,-28.9,77.6,-27.5,50.1,,,,50.1,,50.1,0.0,0.0,50.1,50.1,,55.7,0.9,0.9,0.9,56.0,0.89,0.89,0.89,
06/30/2002,161.2,,161.2,,,-24.4,,,,24.4,,,,136.8,-94.9,65.2,22.5,7.2,,41.9,-22.9,,,,,21.2,21.2,,,1.7,19.0,-6.7,12.3,,,,12.3,,12.3,,,12.3,12.3,,56.0,0.22,0.22,0.22,56.5,0.22,0.22,0.22,
09/30/2002,193.0,,193.0,,,-57.0,,,,57.0,,,,136.0,-97.6,69.1,21.4,7.1,,38.4,-23.8,,,,,21.4,21.4,,,2.4,14.6,-5.2,9.4,,,,9.4,,9.4,,,9.4,9.4,,56.2,0.17,0.17,0.17,56.6,0.17,0.17,0.17,
12/31/2002,249.7,0.0,249.7,0.0,0.0,-89.6,0.0,0.0,0.0,89.6,,,,160.1,-99.2,0.0,22.1,22.2,9.4,60.9,-11.1,,,0.0,,20.7,20.7,0.0,0.0,-9.6,49.8,-18.6,31.2,0.0,,,31.2,0.0,31.2,0.0,0.0,31.2,31.2,,56.5,0.55,0.55,0.55,57.1,0.54,0.54,0.54,
03/31/2003,352.5,0.0,352.5,0.0,0.0,-148.6,0.0,0.0,0.0,148.6,,,,203.9,-102.4,72.2,22.3,7.9,72.2,101.5,-3.8,,,0.0,0.1,19.9,19.9,0.0,0.0,-16.0,97.7,-38.1,59.6,7.8,,,51.8,0.0,51.8,0.0,,51.8,51.8,,60.3,0.86,0.99,0.99,60.7,0.85,0.98,0.98,
06/30/2003,186.6,0.0,186.6,0.0,0.0,-45.4,0.0,0.0,0.0,45.4,,,,141.2,-100.3,0.0,22.7,7.7,69.9,40.9,-9.9,,,0.0,,18.2,18.2,0.0,0.0,-8.3,31.0,-12.1,18.9,0.0,,,18.9,0.0,18.9,0.0,,18.9,18.9,,63.5,0.3,0.3,0.3,64.2,0.29,0.29,0.29,
09/30/2003,166.3,0.0,166.3,0.0,0.0,-29.2,0.0,0.0,0.0,29.2,,,,137.1,-94.8,65.6,23.6,5.6,65.6,42.3,-5.8,,,0.0,,19.2,19.2,0.0,0.0,-13.4,36.5,-14.3,22.2,0.0,,,22.2,0.0,22.2,0.0,,22.2,22.2,,64.0,0.35,0.35,0.27,64.8,0.34,0.34,0.26,
12/31/2003,277.6,0.0,277.6,0.0,0.0,-115.8,0.0,0.0,0.0,115.8,,,,161.8,-104.5,145.2,22.4,6.8,,57.3,0.5,,,0.0,,18.1,17.7,0.0,0.0,-18.6,57.8,-22.5,35.3,0.2,,,35.1,0.0,35.1,0.0,0.0,35.1,35.1,,64.6,0.543344,0.54644,0.54644,65.1,0.539171,0.539171,0.539171,
03/31/2004,651.0,0.0,651.0,0.0,0.0,-392.8,0.0,0.0,0.0,392.8,,,,258.2,-125.0,92.9,24.2,7.9,92.9,133.2,-15.4,,,0.0,,15.9,15.9,0.0,0.0,-0.5,117.8,-41.1,76.7,0.0,,,76.7,-11.0,65.7,0.0,,65.7,65.7,,64.6,1.02,1.02,1.02,65.4,1.0,1.0,1.0,
06/30/2004,294.0,0.0,294.0,0.0,0.0,-129.0,0.0,0.0,0.0,129.0,,,,165.0,-112.0,0.0,24.0,7.0,81.0,53.0,-15.0,,,0.0,,16.0,16.0,0.0,0.0,-1.0,38.0,-14.0,24.0,0.0,,,24.0,-3.0,21.0,0.0,,21.0,21.0,,64.8,0.34,0.34,0.34,65.6,0.33,0.33,0.33,
09/30/2004,262.0,0.0,262.0,0.0,0.0,-105.0,0.0,0.0,0.0,105.0,,,,157.0,-111.0,83.0,23.0,5.0,83.0,46.0,-17.0,,,0.0,,17.0,17.0,0.0,0.0,0.0,29.0,-9.0,20.0,0.0,,,20.0,0.0,20.0,0.0,,20.0,20.0,,65.1,0.31,0.31,0.31,65.8,0.31,0.31,0.31,
12/31/2004,625.0,0.0,625.0,0.0,0.0,-367.2,0.0,0.0,0.0,367.2,,,,257.8,-158.0,201.1,27.8,10.1,,99.8,-23.6,,,0.0,,22.1,22.1,0.0,0.0,1.5,76.2,-25.9,50.3,0.0,,,50.3,-4.0,46.3,0.0,0.0,46.3,46.3,,70.7,0.65488,0.65488,0.65488,71.2,0.650281,0.650281,0.650281,
03/31/2005,912.0,,912.0,,,-572.0,,,,572.0,,,,340.0,-159.0,,33.0,11.0,115.0,181.0,-25.0,,,,,26.0,26.0,,,-1.0,156.0,-55.0,101.0,,,,101.0,-13.0,88.0,,,88.0,88.0,,76.9,1.15,1.15,1.15,77.6,1.14,1.14,1.14,
06/30/2005,431.0,0.0,431.0,0.0,0.0,-209.0,0.0,0.0,0.0,209.0,,,,222.0,-156.0,,33.0,10.0,113.0,66.0,-25.0,,,0.0,,26.0,26.0,0.0,0.0,-1.0,41.0,-14.0,27.0,0.0,,,27.0,-3.0,24.0,0.0,0.0,24.0,24.0,,77.1,0.31,0.31,0.31,77.8,0.3,0.3,0.3,
09/30/2005,393.0,0.0,393.0,0.0,0.0,-191.0,0.0,0.0,0.0,191.0,,,,202.0,-148.0,,33.0,9.0,106.0,54.0,-27.0,,,0.0,,27.0,27.0,0.0,0.0,0.0,27.0,-10.0,17.0,0.0,,,17.0,-2.0,15.0,0.0,0.0,15.0,15.0,,77.5,0.19,0.19,0.19,78.1,0.19,0.19,0.19,
12/31/2005,982.0,0.0,982.0,0.0,0.0,-654.0,0.0,0.0,0.0,654.0,,,,328.0,-187.0,,34.0,10.0,143.0,141.0,-33.0,,,0.0,,30.0,30.0,0.0,0.0,3.0,108.0,-38.0,70.0,0.0,,,70.0,-4.0,66.0,0.0,0.0,66.0,66.0,,77.7,0.85,0.85,0.85,78.2,0.85,0.85,0.85,
03/31/2006,1044.0,0.0,1044.0,0.0,0.0,-655.0,0.0,0.0,0.0,655.0,,,,389.0,-161.0,,34.0,10.0,117.0,228.0,-32.0,,,0.0,,30.0,30.0,0.0,0.0,2.0,196.0,-67.0,129.0,0.0,,,129.0,-19.0,110.0,0.0,0.0,110.0,110.0,,77.9,1.42,1.42,1.42,78.2,1.41,1.41,1.41,
06/30/2006,436.0,0.0,436.0,0.0,0.0,-219.0,0.0,0.0,0.0,219.0,,,,217.0,-157.0,,34.0,10.0,113.0,60.0,-31.0,,,0.0,,29.0,29.0,0.0,0.0,2.0,29.0,-12.0,17.0,0.0,,,17.0,-16.0,1.0,0.0,0.0,1.0,1.0,,77.7,0.25,0.25,0.25,78.1,0.25,0.25,0.25,
09/30/2006,434.0,0.0,434.0,0.0,0.0,-190.0,0.0,0.0,0.0,190.0,,,,244.0,-154.0,,33.0,10.0,111.0,90.0,-32.0,,,0.0,,32.0,32.0,0.0,0.0,0.0,58.0,-22.0,36.0,0.0,,,36.0,,36.0,0.0,0.0,36.0,36.0,,77.5,0.46,0.46,0.46,77.9,0.46,0.46,0.46,
12/31/2006,704.0,0.0,704.0,0.0,0.0,-415.0,0.0,0.0,0.0,415.0,,,,289.0,-179.0,0.0,37.0,10.0,132.0,110.0,-31.0,,,0.0,,32.0,32.0,0.0,0.0,-1.0,79.0,-28.0,51.0,0.0,,,51.0,-4.0,47.0,0.0,0.0,47.0,47.0,,77.4,0.6,0.6,0.6,77.7,0.6,0.6,0.6,
03/31/2007,973.0,0.0,973.0,0.0,0.0,-595.0,0.0,0.0,0.0,595.0,,,,378.0,-162.0,,35.0,11.0,116.0,216.0,-30.0,,,0.0,,31.0,31.0,0.0,0.0,-1.0,186.0,-62.0,124.0,0.0,,,124.0,-22.0,102.0,0.0,0.0,102.0,102.0,,77.5,1.31,1.31,1.31,77.9,1.3,1.3,1.3,
06/30/2007,467.0,0.0,467.0,0.0,0.0,-233.0,0.0,0.0,0.0,233.0,,,,234.0,-156.0,,36.0,9.0,111.0,78.0,-27.0,,,0.0,,27.0,27.0,0.0,0.0,0.0,51.0,-19.0,32.0,0.0,,,32.0,-2.0,30.0,0.0,0.0,30.0,30.0,,77.5,0.4,0.4,0.4,77.9,0.4,0.4,0.4,
09/30/2007,369.0,0.0,369.0,0.0,0.0,-159.0,0.0,0.0,0.0,159.0,,,,210.0,-155.0,,37.0,11.0,107.0,55.0,-34.0,,,0.0,,34.0,34.0,0.0,0.0,,21.0,-8.0,13.0,0.0,,,13.0,,13.0,0.0,0.0,13.0,13.0,,77.0,0.17,0.17,0.17,77.4,0.17,0.17,0.17,
12/31/2007,685.0,0.0,685.0,0.0,0.0,-382.0,0.0,0.0,0.0,382.0,,,,303.0,-163.0,,36.0,10.0,117.0,140.0,-30.0,,,0.0,,33.0,33.0,0.0,0.0,-3.0,110.0,-38.0,72.0,0.0,,,72.0,-6.0,66.0,0.0,0.0,66.0,66.0,,76.1,0.86,0.86,0.86,76.4,0.86,0.86,0.86,
03/31/2008,1012.0,0.0,1012.0,0.0,0.0,-657.0,0.0,0.0,0.0,657.0,,,,355.0,-167.0,,36.0,12.0,119.0,188.0,-29.0,,,0.0,,30.0,30.0,0.0,0.0,-1.0,159.0,-54.0,105.0,0.0,,,105.0,-16.0,89.0,0.0,0.0,89.0,89.0,,76.0,1.17,1.17,1.17,76.3,1.16,1.16,1.16,
06/30/2008,444.0,0.0,444.0,0.0,0.0,-275.0,0.0,0.0,0.0,275.0,,,,169.0,-163.0,,38.0,11.0,114.0,6.0,-23.0,,,0.0,,26.0,26.0,0.0,0.0,-3.0,-17.0,7.0,-10.0,0.0,,,-10.0,-1.0,-11.0,0.0,0.0,-11.0,-11.0,,76.2,-0.15,-0.15,0.3,76.2,-0.15,-0.15,0.3,
09/30/2008,539.0,0.0,539.0,0.0,0.0,-261.0,0.0,0.0,0.0,261.0,,,,278.0,-152.0,,38.0,10.0,104.0,126.0,-27.0,,,0.0,,29.0,29.0,0.0,0.0,-2.0,99.0,-39.0,60.0,0.0,,,60.0,5.0,65.0,0.0,0.0,65.0,65.0,,76.4,0.85,0.85,0.28,76.6,0.85,0.85,0.28,
12/31/2008,805.0,0.0,805.0,0.0,0.0,-461.0,0.0,0.0,0.0,461.0,,,,344.0,-186.0,,40.0,11.0,135.0,158.0,-30.0,,,0.0,,30.0,30.0,0.0,0.0,0.0,128.0,-46.0,82.0,0.0,,,82.0,-8.0,74.0,0.0,0.0,74.0,74.0,,76.5,0.97,0.97,0.97,76.7,0.97,0.97,0.97,
03/31/2009,995.0,,995.0,,,-589.0,,,,589.0,589.0,,,406.0,-176.0,,39.0,12.0,125.0,230.0,-23.0,25.0,,,,25.0,25.0,,,-2.0,207.0,-72.0,135.0,0.0,0.0,0.0,135.0,-16.0,119.0,0.0,0.0,119.0,119.0,0.0,76.7,1.55,1.55,1.55,76.8,1.55,1.55,1.55,
06/30/2009,377.0,,377.0,0.0,0.0,-152.0,,,,152.0,152.0,,,225.0,-170.0,,39.0,12.0,119.0,55.0,-21.0,24.0,,,,24.0,24.0,,,-3.0,34.0,-13.0,21.0,0.0,0.0,0.0,21.0,-1.0,20.0,0.0,0.0,20.0,20.0,0.0,76.7,0.26,0.26,0.26,76.9,0.26,0.26,0.26,
09/30/2009,307.0,,307.0,0.0,,-99.0,,,,99.0,99.0,,,208.0,-165.0,,40.0,10.0,115.0,43.0,-24.0,26.0,,,,26.0,26.0,,,-2.0,19.0,-7.0,12.0,0.0,0.0,0.0,12.0,0.0,12.0,0.0,0.0,12.0,12.0,0.0,76.9,0.16,0.16,0.16,77.2,0.16,0.16,0.16,
12/31/2009,638.0,,638.0,0.0,0.0,-302.0,,,,302.0,302.0,,0.0,336.0,-188.0,,40.0,10.0,138.0,148.0,-24.0,26.0,,,,26.0,26.0,,,-2.0,124.0,-43.0,81.0,0.0,0.0,0.0,81.0,-10.0,71.0,0.0,0.0,71.0,71.0,0.0,77.0,0.92,0.92,0.92,77.4,0.92,0.92,0.92,
03/31/2010,1003.0,,1003.0,0.0,0.0,-571.0,,,,571.0,571.0,,0.0,432.0,-179.0,,40.0,14.0,125.0,253.0,-26.0,28.0,,,,28.0,28.0,,,-2.0,227.0,-82.0,145.0,0.0,0.0,0.0,145.0,-11.0,134.0,0.0,0.0,134.0,134.0,0.0,77.2,1.74,1.74,1.74,77.6,1.73,1.73,1.73,
06/30/2010,359.0,,359.0,0.0,0.0,-141.0,,,,141.0,141.0,,0.0,218.0,-170.0,,39.0,12.0,119.0,48.0,-26.0,26.0,,,,26.0,26.0,,,0.0,22.0,-8.0,14.0,0.0,0.0,0.0,14.0,,14.0,0.0,0.0,14.0,14.0,0.0,77.4,0.17,0.17,0.17,77.8,0.17,0.17,0.17,
09/30/2010,346.0,,346.0,0.0,0.0,-120.0,,,,120.0,120.0,,0.0,226.0,-164.0,,40.0,10.0,114.0,62.0,-28.0,27.0,,,,27.0,27.0,,,1.0,34.0,-13.0,21.0,0.0,0.0,0.0,21.0,1.0,22.0,0.0,0.0,22.0,22.0,0.0,77.5,0.29,0.29,0.29,77.9,0.29,0.29,0.29,
12/31/2010,665.0,,665.0,0.0,0.0,-332.0,,,,332.0,332.0,,0.0,333.0,-196.0,,41.0,10.0,145.0,137.0,-31.0,29.0,,,,29.0,29.0,,,2.0,106.0,-36.0,70.0,0.0,0.0,0.0,70.0,-6.0,64.0,0.0,0.0,64.0,68.0,4.0,77.6,0.82,0.82,0.876289,78.1,0.81,0.81,0.861216,
03/31/2011,878.0,,878.0,0.0,,-455.0,,,,455.0,455.0,,,423.0,-185.0,,41.0,13.0,131.0,238.0,-28.0,29.0,,,,29.0,29.0,,,-1.0,210.0,-76.0,134.0,0.0,0.0,0.0,134.0,-10.0,124.0,0.0,0.0,124.0,127.0,3.0,77.7,1.6,1.6,1.634492,78.0,1.59,1.59,1.628462,
06/30/2011,375.0,0.0,375.0,0.0,0.0,-134.0,0.0,0.0,0.0,134.0,134.0,,0.0,241.0,-181.0,,42.0,12.0,127.0,60.0,-30.0,32.0,,,,32.0,32.0,,,-2.0,30.0,-11.0,19.0,0.0,0.0,0.0,19.0,-1.0,18.0,0.0,0.0,18.0,26.0,8.0,77.9,0.23,0.23,0.333761,78.5,0.23,0.23,0.331911,
09/30/2011,295.0,,295.0,0.0,0.0,-112.0,,,,112.0,112.0,,0.0,183.0,-159.0,,43.0,11.0,105.0,24.0,-30.0,31.0,,,,31.0,31.0,,,-1.0,-6.0,2.0,-4.0,0.0,0.0,0.0,-4.0,1.0,-3.0,0.0,0.0,-3.0,2.0,5.0,78.1,-0.04,-0.04,0.025608,78.1,-0.04,-0.04,0.02402,
12/31/2011,790.0,0.0,790.0,0.0,,-396.0,0.0,0.0,0.0,396.0,396.0,,,394.0,-276.0,,60.0,21.0,195.0,118.0,-41.0,44.0,,,,44.0,44.0,,,-3.0,77.0,-40.0,37.0,0.0,0.0,0.0,37.0,-4.0,33.0,0.0,0.0,33.0,78.0,45.0,87.8,0.37,0.37,0.888383,88.4,0.37,0.37,0.87905,
03/31/2012,1404.0,,1404.0,0.0,0.0,-719.0,,,,719.0,719.0,,0.0,685.0,-423.0,,104.0,64.0,255.0,262.0,-43.0,47.0,,,,47.0,47.0,,,-4.0,219.0,-80.0,139.0,0.0,0.0,0.0,139.0,-9.0,130.0,0.0,0.0,130.0,136.0,6.0,116.7,1.12,1.12,1.165381,117.0,1.11,1.11,1.161282,
06/30/2012,686.0,0.0,686.0,0.0,0.0,-240.0,0.0,0.0,0.0,240.0,240.0,,0.0,446.0,-355.0,,102.0,32.0,221.0,91.0,-36.0,44.0,-1.0,1.0,,45.0,45.0,,,-8.0,55.0,-20.0,35.0,0.0,0.0,0.0,35.0,-1.0,34.0,0.0,0.0,34.0,36.0,2.0,116.9,0.28,0.28,0.307956,117.2,0.28,0.28,0.297065,
09/30/2012,614.0,,614.0,0.0,0.0,-215.0,,,,215.0,215.0,,0.0,399.0,-345.0,,104.0,27.0,214.0,54.0,-39.0,45.0,,,,45.0,45.0,,,-6.0,15.0,-6.0,9.0,0.0,0.0,0.0,9.0,0.0,9.0,0.0,0.0,9.0,10.175,1.175,117.1,0.08,0.08,0.086892,117.5,0.08,0.08,0.086892,
12/31/2012,1218.0,0.0,1218.0,0.0,0.0,-617.0,0.0,0.0,0.0,617.0,617.0,,0.0,601.0,-398.0,,105.0,42.0,251.0,203.0,-42.0,47.0,-2.0,2.0,,49.0,49.0,,,-5.0,161.0,-58.0,103.0,0.0,0.0,0.0,103.0,-5.0,98.0,0.0,0.0,98.0,101.531,3.531,117.2,0.84,0.84,0.866305,117.7,0.84,0.84,0.866305,
03/31/2013,1709.0,,1709.0,0.0,,-973.0,,,,973.0,973.0,,0.0,736.0,-437.0,,107.0,71.0,259.0,299.0,-41.0,43.0,-3.0,3.0,,46.0,46.0,,,-2.0,258.0,-94.0,164.0,0.0,0.0,0.0,164.0,-10.0,154.0,0.0,0.0,154.0,154.0,0.0,117.4,1.31,1.31,1.31,117.7,1.31,1.31,1.31,
06/30/2013,816.0,,816.0,0.0,0.0,-353.0,0.0,0.0,0.0,353.0,353.0,,0.0,463.0,-340.0,,103.0,43.0,194.0,123.0,-39.0,43.0,-3.0,3.0,,46.0,46.0,,,-4.0,84.0,-33.0,51.0,1.0,1.0,0.0,50.0,-1.0,49.0,0.0,0.0,49.0,39.0,-11.0,117.8,0.41,0.42,0.33107,118.2,0.41,0.42,0.326937,
09/30/2013,574.0,,574.0,0.0,0.0,-174.0,,,,174.0,174.0,,0.0,400.0,-330.0,,104.0,27.0,199.0,70.0,-30.0,34.0,-3.0,3.0,,37.0,37.0,,,-4.0,40.0,-16.0,24.0,-1.0,-1.0,0.0,25.0,,25.0,0.0,0.0,25.0,24.0,0.0,118.2,0.21,0.2,0.2,118.5,0.21,0.2,0.2,
12/31/2013,1329.0,0.0,1329.0,0.0,0.0,-723.0,0.0,0.0,0.0,723.0,723.0,,0.0,606.0,-423.0,,93.0,49.0,281.0,183.0,-48.0,42.0,-8.0,8.0,,50.0,50.0,,,6.0,135.0,-46.0,89.0,0.0,0.0,0.0,89.0,-7.0,82.0,0.0,0.0,82.0,82.0,0.0,118.3,0.69,0.69,0.69,118.7,0.68,0.68,0.68,
03/31/2014,2462.0,,2462.0,0.0,0.0,-1400.0,,,,1400.0,1400.0,,0.0,1062.0,-470.0,,93.0,88.0,289.0,592.0,-43.0,46.0,,,,46.0,46.0,,,-3.0,549.0,-203.0,346.0,50.0,50.0,0.0,296.0,-12.0,284.0,0.0,0.0,284.0,353.0,19.0,118.5,2.39,2.82,2.978903,118.9,2.38,2.81,2.969798,
06/30/2014,889.0,0.0,889.0,0.0,0.0,-402.0,0.0,0.0,0.0,402.0,402.0,,0.0,487.0,-348.0,,95.0,42.0,211.0,139.0,-43.0,44.0,-1.0,1.0,,45.0,45.0,,,-1.0,96.0,-37.0,59.0,-1.0,-1.0,0.0,60.0,-2.0,58.0,0.0,0.0,58.0,57.0,0.0,118.8,0.49,0.48,0.48,119.2,0.49,0.48,0.48,
09/30/2014,589.0,,589.0,0.0,0.0,-198.0,0.0,0.0,0.0,198.0,198.0,,0.0,391.0,-313.0,,93.0,30.0,190.0,78.0,-41.0,43.0,-1.0,1.0,,44.0,44.0,,,-2.0,37.0,-14.0,23.0,31.0,31.0,0.0,-8.0,0.0,-8.0,0.0,0.0,-8.0,20.0,-3.0,119.0,-0.06,0.19,0.168067,119.4,-0.06,0.19,0.164874,
12/31/2014,1445.0,0.0,1445.0,0.0,0.0,-765.0,0.0,0.0,0.0,765.0,765.0,,0.0,680.0,-394.0,,99.0,48.0,247.0,286.0,-38.0,41.0,-3.0,3.0,,44.0,44.0,,,-3.0,248.0,-96.0,152.0,0.0,0.0,0.0,152.0,-4.0,148.0,0.0,0.0,148.0,149.0,1.0,119.1,1.24,1.24,1.25105,119.5,1.24,1.24,1.248368,
03/31/2015,1721.0,,1721.0,0.0,0.0,-935.0,,,,935.0,935.0,,0.0,786.0,-422.0,,97.0,76.0,249.0,364.0,-41.0,44.0,,,,44.0,44.0,,,-3.0,323.0,-118.0,205.0,0.0,0.0,0.0,205.0,-12.0,193.0,0.0,0.0,193.0,193.0,0.0,119.3,1.62,1.62,1.62,119.6,1.62,1.62,1.62,
06/30/2015,674.0,,674.0,0.0,,-222.0,,,,222.0,222.0,,0.0,452.0,-345.0,,98.0,38.0,209.0,107.0,-38.0,42.0,,,,42.0,42.0,,,-4.0,69.0,-25.0,44.0,0.0,0.0,0.0,44.0,-2.0,42.0,0.0,0.0,42.0,42.0,0.0,119.5,0.35,0.35,0.35,119.8,0.35,0.35,0.35,
09/30/2015,584.0,0.0,553.0,0.0,31.0,-146.0,0.0,0.0,0.0,140.0,140.0,0.0,6.0,438.0,-379.0,,98.0,28.0,253.0,59.0,-40.0,43.0,,,,43.0,43.0,,,-3.0,19.0,-7.0,12.0,0.0,0.0,0.0,12.0,-1.0,11.0,0.0,0.0,11.0,41.0,30.0,119.6,0.09,0.09,0.342809,120.0,0.09,0.09,0.34,
12/31/2015,962.0,0.0,930.0,0.0,32.0,-342.0,0.0,0.0,0.0,335.0,335.0,,7.0,620.0,-404.0,,104.0,39.0,261.0,216.0,-41.0,42.0,,,,46.0,46.0,,,-1.0,175.0,-63.0,112.0,0.0,0.0,0.0,112.0,-5.0,107.0,0.0,0.0,107.0,112.0,5.0,,,,,,,,,
03/31/2016,1334.0,0.0,1334.0,0.0,,-578.0,0.0,0.0,0.0,578.0,578.0,0.0,0.0,756.0,-408.0,,102.0,62.0,244.0,348.0,-44.0,47.0,,,,47.0,47.0,,,-3.0,304.0,-111.0,193.0,0.0,0.0,0.0,193.0,-11.0,182.0,0.0,0.0,182.0,184.0,2.0,120.1,1.52,1.52,1.532057,120.4,1.51,1.51,1.526611,
06/30/2016,571.0,0.0,571.0,0.0,,-191.0,0.0,0.0,0.0,191.0,191.0,0.0,0.0,380.0,-407.0,,104.0,37.0,266.0,-27.0,-45.0,48.0,,,,48.0,48.0,,,-3.0,-72.0,24.0,-48.0,0.0,0.0,0.0,-48.0,-3.0,-51.0,0.0,0.0,-51.0,-12.0,39.0,120.3,-0.43,-0.43,-0.099751,120.5,-0.43,-0.43,-0.106349,
09/30/2016,543.0,,518.0,0.0,25.0,-135.0,,,,133.0,133.0,,2.0,408.0,-396.0,,116.0,29.0,251.0,12.0,-1.0,39.0,,,,39.0,39.0,,,-38.0,11.0,-7.0,4.0,0.0,0.0,0.0,4.0,0.0,4.0,0.0,0.0,4.0,25.0,21.0,,,,,,,,,
12/31/2016,1109.0,0.0,1078.0,0.0,31.0,-488.0,0.0,0.0,0.0,480.0,480.0,,8.0,621.0,-436.0,,122.0,42.0,272.0,185.0,-6.0,42.0,,,,42.0,42.0,,,-36.0,179.0,-69.0,110.0,0.0,0.0,0.0,110.0,,110.0,0.0,0.0,110.0,151.0,41.0,,,,,,,,,
03/31/2017,1560.0,0.0,1521.0,0.0,39.0,-726.0,0.0,0.0,0.0,719.0,719.0,0.0,7.0,834.0,-445.0,,120.0,70.0,255.0,389.0,0.0,46.0,,,,46.0,46.0,,,-46.0,389.0,-150.0,239.0,0.0,0.0,0.0,239.0,0.0,239.0,0.0,0.0,239.0,239.0,0.0,,,,,,,,,
06/30/2017,716.0,0.0,684.0,0.0,32.0,-238.0,0.0,0.0,0.0,232.0,232.0,0.0,6.0,478.0,-382.0,,124.0,44.0,214.0,96.0,-16.0,48.0,,,,48.0,48.0,,,-32.0,80.0,-31.0,49.0,0.0,0.0,0.0,49.0,0.0,49.0,0.0,0.0,49.0,49.0,0.0,,,,,,,,,
09/30/2017,565.0,0.0,532.0,0.0,33.0,-141.0,0.0,0.0,0.0,134.0,134.0,0.0,7.0,424.0,-357.0,,125.0,26.0,206.0,67.0,0.0,51.0,,,,51.0,51.0,,,-51.0,67.0,-52.0,15.0,0.0,0.0,0.0,15.0,0.0,15.0,0.0,0.0,15.0,15.0,0.0,,,,,,,,,
12/31/2017,1079.0,0.0,1050.0,0.0,29.0,-525.0,0.0,0.0,0.0,516.0,516.0,,9.0,554.0,-447.0,,131.0,44.0,272.0,107.0,-33.0,55.0,,,,55.0,55.0,,,-22.0,74.0,-134.0,-60.0,0.0,0.0,0.0,-60.0,0.0,-60.0,0.0,0.0,-60.0,-60.0,0.0,,,,,,,,,
03/31/2018,1639.0,0.0,1631.0,0.0,8.0,-727.0,0.0,0.0,0.0,720.0,720.0,0.0,7.0,912.0,-524.0,,129.0,77.0,318.0,388.0,-5.0,59.0,,,,59.0,59.0,,,-54.0,383.0,-104.0,279.0,0.0,0.0,0.0,279.0,0.0,279.0,0.0,0.0,279.0,321.0,42.0,,,,,,,,,
06/30/2018,730.0,,710.0,0.0,20.0,-233.0,0.0,0.0,0.0,228.0,228.0,0.0,5.0,497.0,-448.0,,126.0,48.0,274.0,49.0,-25.0,59.0,,,,59.0,59.0,,,-34.0,24.0,-55.0,-31.0,0.0,0.0,0.0,-31.0,0.0,-31.0,0.0,0.0,-31.0,-2.56,28.44,,,,,,,,,
09/30/2018,492.0,,487.0,,5.0,-104.0,,,,104.0,104.0,,0.0,388.0,-14.0,,119.0,32.0,-137.0,374.0,-12.0,52.0,,,,52.0,52.0,,,-40.0,362.0,-316.0,46.0,0.0,0.0,0.0,46.0,,46.0,0.0,0.0,46.0,-199.69,-245.69,,,,,,,,,
12/31/2018,1048.0,,,0.0,2.0,-487.0,0.0,0.0,0.0,487.0,487.0,,0.0,561.0,-457.0,,126.0,54.0,277.0,104.0,-37.0,58.0,,,,58.0,58.0,,,-21.0,67.0,11.0,78.0,0.0,0.0,0.0,78.0,0.0,78.0,0.0,0.0,78.0,-164.53,-242.53,152.68003,0.510872,0.510872,0.86272,152.68003,0.510872,0.510872,0.86272,
03/31/2019,1474.0,,1476.0,0.0,-2.0,-686.0,0.0,0.0,0.0,686.0,686.0,0.0,0.0,788.0,-435.0,,118.0,82.0,235.0,353.0,-6.0,59.0,,,,59.0,59.0,,,-53.0,347.0,-77.0,270.0,0.0,0.0,0.0,270.0,0.0,270.0,0.0,0.0,270.0,270.0,0.0,,,,,,,,,
06/30/2019,689.0,,688.0,0.0,1.0,-191.0,0.0,0.0,0.0,191.0,191.0,0.0,0.0,498.0,-364.0,,119.0,46.0,199.0,134.0,-22.0,59.0,,,,59.0,59.0,,,-37.0,112.0,-6.0,106.0,0.0,0.0,0.0,106.0,0.0,106.0,0.0,0.0,106.0,87.83,-18.17,,,,,,,,,
09/30/2019,498.0,,498.0,0.0,,-79.0,0.0,0.0,0.0,79.0,79.0,0.0,0.0,419.0,-454.0,,121.0,33.0,300.0,-35.0,-16.0,56.0,,,,56.0,56.0,,,-40.0,-51.0,22.0,-29.0,0.0,0.0,0.0,-29.0,0.0,-29.0,0.0,0.0,-29.0,43.68,72.68,,,,,,,,,
12/31/2019,1131.0,,1131.0,0.0,0.0,-363.0,,,,363.0,363.0,,0.0,768.0,-450.0,,128.0,52.0,269.0,318.0,-11.0,58.0,,,,58.0,58.0,,,-47.0,307.0,-69.0,238.0,0.0,0.0,0.0,238.0,0.0,238.0,0.0,0.0,238.0,298.49,60.49,,,,,,,,,
03/31/2020,1249.0,,1240.0,0.0,9.0,-439.0,0.0,0.0,0.0,439.0,439.0,0.0,0.0,810.0,-450.0,,120.0,72.0,258.0,360.0,-6.0,58.0,,,,58.0,58.0,,,-52.0,354.0,-79.0,275.0,0.0,0.0,0.0,275.0,0.0,275.0,0.0,0.0,275.0,275.0,0.0,,2.75,2.75,2.75,,2.75,2.75,2.75,
06/30/2020,636.0,,638.0,0.0,-2.0,-144.0,,,,144.0,144.0,,0.0,492.0,-390.0,,123.0,47.0,220.0,102.0,-15.0,57.0,,,,57.0,57.0,,,-42.0,87.0,-16.0,71.0,0.0,0.0,0.0,71.0,0.0,71.0,0.0,0.0,71.0,71.0,0.0,,,,,,,,,
