Date,Revenue,Sales & Services Revenue,Cost of Revenue,Cost of Goods & Services,Gross Profit,Other Operating Income,Operating Expenses,"Selling, General & Admin",Research & Development,Other Operating Expense,Operating Income (Loss),Non-Operating (Income) Loss,"Interest Expense, Net",Interest Expense,Interest Income,Foreign Exch (Gain) Loss,Other Non-Op (Income) Loss,Pretax Income,Income Tax Expense (Benefit),Income (Loss) from Cont Ops,Net Extraordinary Losses (Gains),Discontinued Operations,XO & Accounting Changes,Income (Loss) Incl. MI,Minority Interest,"Net Income, GAAP",Preferred Dividends,Other Adjustments,"Net Income Avail to Common, GAAP","Net Income Avail to Common, Adj",Net Abnormal Losses (Gains),Basic Weighted Avg Shares,"Basic EPS, GAAP",Basic EPS from Cont Ops,"Basic EPS from Cont Ops, Adjusted",Diluted Weighted Avg Shares,"Diluted EPS, GAAP",Diluted EPS from Cont Ops,"Diluted EPS from Cont Ops, Adjusted",Source: Bloomberg
04/30/1989,104.959999,,-67.017998,,37.942001,,-36.915001,,,,1.027,-1.181,,2.391,,,-1.21,-0.154,-0.02,-0.174,0.0,,,-0.174,0.0,-0.174,-0.191,,-0.365,-0.365,,20.724001,-0.02,-0.02,,20.724001,-0.02,-0.02,-0.02,
07/31/1989,119.563004,,-73.871002,,45.692001,,-38.411999,,,,7.28,-1.33,,2.341,,,-1.011,5.95,-0.303,5.647,0.0,,,5.647,0.0,5.647,-0.075,,5.572,5.572,,22.634001,0.25,0.25,,22.634001,0.25,0.25,0.25,
10/31/1989,127.988998,,-79.313004,,48.675995,,-41.526001,,,,7.15,-1.277,,2.208,,,-0.931,5.873,-0.45,5.423,0.0,,,5.423,0.0,5.423,-0.078,,5.345,5.345,,22.924999,0.23,0.23,,22.924999,0.23,0.23,0.23,
01/31/1990,139.735992,,-86.098,,53.637992,,-44.019001,,,,9.619,-1.476,,2.15,,,-0.674,8.143,-0.168,7.975,0.0,,,7.975,0.0,7.975,-0.07,,7.905,7.905,,22.884001,0.35,0.35,0.35,22.884001,0.35,0.35,0.35,
04/30/1990,109.969002,,-70.379997,,39.589005,,-39.528999,,,,0.06,-1.695,,2.101,,,-0.406,-1.635,0.122,-1.513,1.173,,,-2.686,0.0,-2.686,-0.07,,-2.756,-2.756,,22.771,-0.12,-0.07,,22.771,-0.12,-0.07,-0.07,
07/31/1990,117.122002,,-74.522003,,42.599998,,-39.534,,,,3.066,-1.566,,1.911,,,-0.345,1.5,-0.535,0.965,0.0,,,0.965,0.0,0.965,-0.07,,0.895,0.895,,22.753,0.04,0.04,,22.753,0.04,0.04,0.04,
10/31/1990,118.644997,,-76.197998,,42.446999,,-40.132,,,,2.315,-2.523,,1.676,,,0.847,-0.208,-0.129,-0.337,0.0,,,-0.337,0.0,-0.337,-0.07,,-0.407,-0.407,,22.672001,-0.02,-0.02,,22.672001,-0.02,-0.02,-0.02,
01/31/1991,130.606003,,-84.524002,,46.082001,,-43.929001,,,,2.153,-0.468,,1.456,,,-0.988,1.685,-0.033,1.652,0.0,,,1.652,0.0,1.652,-0.069,,1.583,1.583,,22.749001,0.06,0.06,0.06,22.749001,0.06,0.06,0.06,
04/30/1991,106.226997,,-68.179001,,38.047997,,-39.814999,,,,-1.767,-0.551,,1.272,,,-0.721,-2.318,-0.007,-2.325,0.0,,,-2.325,0.0,-2.325,-0.069,,-2.394,-2.394,,22.677,-0.11,-0.11,,22.677,-0.11,-0.11,-0.11,
07/31/1991,118.085999,,-76.200996,,41.885002,,-40.880001,,,,1.005,-1.228,,1.281,,,-0.053,-0.223,-0.008,-0.231,0.0,,,-0.231,0.0,-0.231,-0.069,,-0.3,-0.3,,22.729,-0.01,-0.01,,22.729,-0.01,-0.01,-0.01,
10/31/1991,122.125999,,-77.742996,,44.383003,,-41.514999,,,,2.868,-1.318,,1.188,,,0.13,1.55,-0.006,1.544,0.0,,,1.544,0.0,1.544,-0.079,,1.465,1.465,,22.957001,0.06,0.06,,22.957001,0.06,0.06,0.06,
01/31/1992,125.327003,,-79.001999,,46.325004,,-43.546001,,,,2.779,-1.218,,0.966,,,0.252,1.561,-0.088,1.473,0.0,,,1.473,0.0,1.473,-0.079,,1.394,1.394,,22.937,0.06,0.06,0.06,22.937,0.06,0.06,0.06,
04/30/1992,112.852997,,-71.411003,,41.441994,,-41.137001,,,,0.305,-1.239,,0.857,,,0.382,-0.934,-0.006,-0.94,0.0,,,-0.94,0.0,-0.94,-0.078,,-1.018,-1.018,,22.879999,-0.04,-0.04,,22.879999,-0.04,-0.04,-0.04,
07/30/1992,130.042999,,-81.736,,48.306999,,-44.403999,,,,3.903,-1.82,,1.565,,,0.255,2.083,-0.509,1.574,0.0,,,1.574,0.0,1.574,-0.078,,1.496,1.496,,22.996,0.07,0.07,,22.996,0.07,0.07,0.07,
10/31/1992,146.126999,,-90.587997,,55.539001,,-46.319,,,,9.22,-2.368,,1.667,,,0.701,6.852,-2.001,4.851,0.0,,,4.851,0.0,4.851,-0.079,,4.772,4.772,,23.219,0.21,0.21,,23.219,0.21,0.21,0.21,
01/31/1993,150.843994,,-92.587997,,58.255997,,-50.523998,,,,7.732,-2.03,,1.555,,,0.475,5.702,-1.494,4.208,0.583,,,3.625,0.0,3.625,-0.077,,3.548,3.548,,23.665001,0.15,0.17,0.17,23.665001,0.15,0.17,0.17,
04/30/1993,128.384003,,-81.681,,46.703003,,-45.029999,,,,1.673,-2.364,,2.391,,,-0.027,-0.691,-0.051,-0.742,2.273,,,-3.015,0.0,-3.015,-0.078,,-3.093,-3.093,,23.902,-0.13,-0.03,,23.902,-0.13,-0.03,-0.03,
07/31/1993,146.059006,,-94.058998,,52.000008,,-49.296001,,,,2.704,-1.934,,2.69,,,-0.756,0.77,-0.314,0.456,0.24,,,0.216,0.0,0.216,-0.077,,0.139,0.139,,24.563999,0.01,0.02,,24.563999,0.01,0.02,0.02,
10/31/1993,154.095993,,-101.929001,,52.166992,,-51.625,,,,0.542,-3.521,,3.019,,,0.502,-2.979,-0.105,-3.084,0.0,,,-3.084,0.0,-3.084,-0.077,,-3.161,-3.161,,24.254,-0.13,-0.13,,24.254,-0.13,-0.13,-0.13,
01/31/1994,39.351989,,-14.805,,24.546989,,-48.414005,,,,-23.867,-3.021,,2.93,,,0.091,-26.888,2.37,-24.518,23.890999,,,-48.408999,0.0,-48.409,0.0,,-48.409,-48.409,,23.916001,-2.02,-1.03,-1.03,23.916001,-2.02,-1.03,-1.03,
04/30/1994,130.632004,,-87.291,,43.341003,,-43.421001,,,,-0.08,-2.452,,2.806,,,-0.354,-2.532,-0.141,-2.673,0.0,,,-2.673,0.0,-2.673,0.0,,-2.673,-2.673,,24.306999,-0.11,-0.11,,24.306999,-0.11,-0.11,-0.11,
07/31/1994,114.166,,-71.278999,,42.887001,,-42.034,,,,0.853,1.804,,3.093,,,-4.897,2.657,-0.372,2.285,2.801,,,-0.516,0.0,-0.516,0.0,,-0.516,-0.516,,24.316999,-0.02,0.09,,24.316999,-0.02,0.09,0.09,
10/31/1994,123.198997,,-76.842003,,46.356995,,-65.638,,,,-19.281,-3.469,,3.207,,,0.262,-22.75,-0.223,-22.973,70.186996,,,-93.159997,0.0,-93.160004,0.0,,-93.160004,-93.160004,,24.337,-3.83,-0.95,,24.337,-3.83,-0.95,-0.95,
01/31/1995,68.116997,,-28.896,,39.220997,,-33.310001,,,,5.911,1.758,,2.849,,,-4.607,7.669,-0.021,7.648,-7.509,,,15.157,0.0,15.157,0.0,,15.157,15.157,,24.344,0.62,0.31,0.31,24.344,0.62,0.31,0.31,
04/30/1995,93.224998,,-57.688,,35.536999,,-36.366001,,,,-0.829,-12.493,,2.228,,,10.265,-13.322,-0.009,-13.331,-12.653,,,-0.678,0.0,-0.678,0.0,,-0.678,-0.678,,24.344,-0.03,-0.55,-0.55,24.344,-0.03,-0.55,-0.55,
07/31/1995,109.599998,,-67.100998,,42.499001,,-37.823002,,,,4.676,-5.855,,2.549,,,3.306,-1.179,-0.006,-1.185,-1.699,,,0.514,0.0,0.514,0.0,,0.514,0.514,,24.344,0.02,-0.05,-0.05,24.344,0.02,-0.05,-0.05,
10/31/1995,111.994003,,-66.702003,,45.292,,-39.390999,,,,5.901,-1.663,,2.656,,,-0.993,4.238,-0.007,4.231,0.0,,,4.231,0.0,4.231,-0.075,,4.156,4.156,,24.346001,0.17,0.17,,24.346001,0.17,0.17,0.17,
01/31/1996,119.755997,,-70.251999,,49.503998,,-56.111,,,,-6.607,12.614,,2.97,,,-15.584,6.007,-0.003,6.004,0.0,,,6.004,0.0,6.004,-0.075,,5.929,5.929,,24.768999,0.24,0.24,0.24,24.768999,0.24,0.24,0.24,
04/30/1996,100.219002,,-59.631001,,40.588001,,-37.806,,,,2.782,-2.281,,2.632,,,-0.351,0.501,0.465,0.966,0.0,,,0.966,0.0,0.966,0.0,,0.966,0.966,,24.15,0.04,0.04,0.04,25.049999,0.04,0.04,0.04,
07/31/1996,102.955002,,,,,,,,,,2.223,,,,,,,,,2.223,0.15,,,,0.0,2.073,0.0,,2.073,2.073,,25.599001,0.08,0.08,0.08,25.599001,0.08,0.08,0.08,
10/31/1996,124.109001,,-72.920998,,51.188004,,-41.119999,,,,10.068,-4.075,,2.556,,,1.519,5.993,-0.09,5.903,0.0,,,5.903,0.0,5.903,0.0,,5.903,5.903,,25.665001,0.23,0.23,0.3,25.805,0.23,0.23,0.3,
02/01/1997,134.065002,,-79.579,,54.486002,,-44.203,,,,10.283,-8.896,,2.138,,,6.758,1.387,0.075,1.462,0.0,,,1.462,0.0,1.462,-0.075,,1.387,1.387,,24.702999,0.06,0.06,0.331,25.999001,0.05,0.05,0.308,
05/03/1997,114.184998,,-66.313004,,47.871994,,-43.431,,,,4.441,-2.242,,2.545,,0.0,-0.303,2.199,-0.017,2.182,0.0,,,2.182,0.0,2.182,0.0,,2.182,2.182,,24.915001,0.08,0.08,0.08,26.379,0.08,0.08,0.08,
08/02/1997,120.024002,,-70.896004,,49.127998,,-43.108002,,,,6.02,-1.843,,2.528,,0.0,-0.685,4.177,-0.044,4.133,0.0,,,4.133,0.0,4.133,0.0,,4.133,4.133,,25.468,0.16,0.16,0.16,27.163,0.15,0.15,0.15,
11/01/1997,147.046005,,-86.387001,,60.659004,,-48.361,,,,12.298,-2.721,,2.541,,,0.18,9.577,-0.055,9.522,0.169,,,9.353,0.0,9.353,0.0,,9.353,9.353,,25.702,0.36,0.37,0.37,27.364,0.34,0.35,0.35,
01/31/1998,154.852005,,-89.601997,,65.250008,,-51.918999,,,,13.331,-20.424,,2.56,,0.0,17.864,-7.093,0.076,-7.017,0.0,,,-7.017,0.0,-7.017,0.0,,-7.017,-7.017,,25.768999,-0.28,-0.28,0.4,25.768999,-0.28,-0.28,0.4,
05/02/1998,133.807999,,-75.987,,57.820999,,-51.984001,,,,5.837,-2.33,2.889,2.889,,0.0,-0.559,3.507,0.281,3.788,0.0,,,3.788,0.0,3.788,0.0,,3.788,3.788,,25.915001,0.13,0.13,0.13,27.684999,0.13,0.13,0.13,
08/01/1998,132.048996,,-74.297997,,57.750999,,-51.615002,,,,6.136,0.523,2.18,2.18,,0.0,-2.703,6.659,-0.034,6.625,3.651,,,2.974,0.0,2.974,0.0,,2.974,2.974,,26.034,0.11,0.25,0.2,27.544001,0.11,0.24,0.2,
10/31/1998,129.764008,,-71.686996,,58.077011,,-50.187,,,,7.89,-1.455,2.094,2.094,,0.0,-0.639,6.435,-0.162,6.273,0.0,,,6.273,0.0,6.273,0.0,,6.273,6.273,,25.6,0.24,0.24,0.24,26.403,0.23,0.23,0.23,
01/30/1999,154.126999,,-83.897003,,70.229996,,-54.054001,,,,16.176001,-1.692,,2.087,,0.0,-0.395,14.484001,23.753,38.237,-1.856,,,40.093001,0.0,40.092999,0.0,,40.092999,40.092999,,24.292999,1.65,1.57,0.85,30.106001,1.36,1.3,0.58,
05/01/1999,128.656006,,-71.096001,,57.560005,,-49.414001,,,,8.146,-1.335,1.996,1.996,,0.0,-0.661,6.811,-2.744,4.067,0.0,,,4.067,0.0,4.067,-0.075,,3.992,3.992,,23.594,0.17,0.17,0.17,24.629,0.16,0.16,0.16,
07/31/1999,121.003998,,-64.786003,,56.217995,,-47.789001,,,,8.429,-1.461,2.041,2.041,,0.0,-0.58,6.968,-2.745,4.223,0.047,,,4.176,0.0,4.176,-0.075,,4.101,4.101,,22.427999,0.18,0.18,0.18,23.701,0.17,0.18,0.18,
10/30/1999,139.901993,,-75.142998,,64.758995,,-53.397999,,,,11.361,-1.654,2.058,2.058,,0.0,-0.404,9.707,-3.85,5.857,-0.347,,,6.204,0.0,6.204,-0.075,,6.129,6.129,,21.785999,0.28,0.27,0.27,27.471001,0.26,0.25,0.25,
01/29/2000,168.761993,,-90.542999,,78.218994,,-58.986,,,,19.233,-1.537,,2.057,,0.0,-0.52,17.696,-6.386,11.31,-0.165,,,11.475,0.0,11.475,-0.075,,11.4,11.4,,21.759001,0.51,0.503,0.503,27.252001,0.455,0.44,0.44,
04/29/2000,146.644,,-78.338,,68.306,,-56.434,,,,11.872,-1.682,1.682,2.101,-0.419,,0.0,10.19,-3.997,6.193,0.232,,,5.961,,5.961,,,5.961,5.961,,21.587,0.27,0.28,0.28,26.993,0.25,0.26,0.26,
07/29/2000,143.242996,,-74.277,,68.965996,,-58.092999,,,,10.873,-1.832,,2.093,-0.261,0.0,0.0,9.041,-3.51,5.531,2.969,,,2.562,0.0,2.562,-0.074,0.0,2.488,2.488,,21.496,0.12,0.25,0.25,27.014,0.13,0.24,0.24,
10/28/2000,176.085999,,-93.424004,,82.661995,,-66.241997,,,,16.42,-2.08,2.08,2.274,-0.194,,0.0,14.34,-5.555,8.785,,,,8.785,,8.785,,,8.785,8.785,,21.469999,0.41,0.41,0.41,26.976999,0.36,0.36,0.36,
02/03/2001,213.363998,,-110.984001,,102.379997,,-77.925003,,,,24.455,-5.039,,2.15,-0.544,0.0,3.433,19.416,-7.094,12.322,0.032,,,12.29,0.0,12.29,-0.074,0.0,12.216,12.216,,21.499001,0.57,0.57,0.67,27.073,0.49,0.49,0.59,
05/05/2001,171.662,,-89.821,,81.841,,-66.956,,,,14.885,-1.535,1.535,2.158,-0.623,,0.0,13.35,-5.012,8.338,,,,8.338,,8.338,,,8.338,8.338,,21.846,0.38,0.38,0.38,27.324,0.34,0.34,0.34,
08/04/2001,166.483,,-88.178,,78.305,,-66.744,,,,11.561,-1.683,1.888,2.157,-0.269,,-0.205,9.878,-3.695,6.183,,,,6.183,,6.183,,,6.183,6.183,,21.962,0.28,0.28,0.28,27.455,0.26,0.26,0.26,
11/03/2001,185.535,,-99.814,,85.721,,-70.694,,,,15.027,-2.159,2.159,2.234,-0.075,,0.0,12.868,-4.877,7.991,0.708,,,7.283,,7.283,,,7.283,7.283,,21.907,0.33,0.36,0.36,27.234,0.3,0.33,0.33,
02/02/2002,222.477005,,-119.014,,103.463005,,-76.318001,,,,27.145,-7.377,,2.149,-0.167,0.0,5.395,19.768,-3.957,15.811,0.545,,,15.266,0.0,15.266,-0.074,0.0,15.192,15.192,,21.809999,0.7,0.72,0.7,27.171,0.59,0.61,0.6,
05/04/2002,190.593,,-100.445,,90.148,,-75.226,,,,14.922,-1.672,1.672,1.965,-0.293,,0.0,13.25,-5.048,8.202,,,,8.202,,8.202,,,8.202,8.202,,21.876,0.37,0.37,0.37,27.314,0.33,0.33,0.33,
08/03/2002,174.842,,-91.991,,82.851,,-74.666,,,,8.185,-1.922,1.922,2.114,-0.192,,0.0,6.263,-2.3,3.963,,,,3.963,,3.963,,,3.963,3.963,,21.914,0.18,0.18,0.18,22.416,0.17,0.17,0.17,
11/02/2002,213.157,,-112.318,,100.839,,-82.197,,,,18.642,-2.162,2.162,2.236,-0.074,,0.0,16.48,-6.373,10.107,,,,10.107,,10.107,,,10.107,10.107,,21.785,0.46,0.46,0.46,26.985,0.41,0.41,0.41,
02/01/2003,249.715,,-133.477,,116.238,,-88.744,,,,27.494,-4.663,2.114,2.229,-0.115,0.0,2.549,22.831,-8.658,14.173,0.165,,,14.008,0.0,14.008,0.0,0.0,14.008,14.008,,21.71,0.55,0.56,0.62,26.988,0.55,0.56,0.62,
05/03/2003,192.746,,-104.654,,88.092,,-80.653,,,,7.439,-2.032,2.032,2.206,-0.174,,0.0,5.407,-2.07,3.337,,,,3.337,,3.337,,,3.337,3.337,,21.743,0.15,0.15,0.15,22.009,0.15,0.15,0.15,
08/02/2003,179.478,,-95.989,,83.489,,-80.271,,,,3.218,-4.591,2.149,2.366,-0.217,0.0,2.442,-1.373,0.482,-0.891,0.0,,,-0.891,0.0,-0.891,0.0,0.0,-0.891,-0.891,,21.754,-0.04,-0.04,-0.04,21.754,-0.04,-0.04,-0.04,
11/01/2003,212.483,,-113.355,,99.128,,-82.426,,,,16.702,-1.51,1.51,1.59,-0.08,,0.0,15.192,-5.78,9.412,,,,9.412,,9.412,,,9.412,9.412,,21.751,0.43,0.43,0.43,22.081,0.42,0.42,0.42,
01/31/2004,252.672,,-134.603,,118.069,,-89.153,,,,28.915,-3.591,1.598,1.74,-0.142,0.0,1.993,25.324,-8.039,17.285,0.88,,,16.405,0.0,16.397,0.0,0.0,16.397,16.397,,21.7465,0.74,0.78,0.78,23.24,0.67,0.71,0.71,
05/01/2004,225.526,,-114.848,,110.678,,-99.23,,,,11.448,-2.028,1.882,2.035,-0.153,,0.146,9.42,-3.596,5.824,,,,5.824,,5.824,,,5.824,5.824,,21.763,0.26,0.26,0.26,22.227,0.26,0.26,0.26,
07/31/2004,245.939,,-124.05,,121.889,,-112.115,,,,9.774,-2.71,2.896,2.899,-0.003,0.0,-0.186,7.064,-2.289,4.775,0.021,,,4.754,0.0,4.754,0.0,0.0,4.754,4.754,,21.903,0.21,0.21,0.21,22.391,0.21,0.21,0.21,
10/30/2004,288.39801,,-145.029999,,143.368011,,-119.488998,,,,23.879,-3.805,,3.204,-0.066,0.0,0.667,20.074,-7.691,12.383,0.44,,,11.943,0.0,11.943,-0.073,0.0,11.87,11.87,,22.041,0.54,0.56,0.58,22.489,0.47,0.49,0.51,
01/29/2005,352.818,,-177.669,,175.149,0.0,-131.013,131.013,,0.0,44.136,-3.64,3.046,3.235,-0.189,0.0,0.594,40.496,-15.05,25.446,-0.25,,,25.696,0.0,25.696,-0.73,0.0,24.966,24.966,,22.326,1.15,1.14,1.14,26.833,0.98,0.99,0.99,
04/30/2005,286.084991,,-139.531998,,146.552994,,-127.255997,,,,19.297001,-5.571,2.704,3.056,-0.352,0.0,2.867,13.726001,-5.3,8.426,-0.065,,,8.491001,0.0,8.491,-0.073,0.0,8.418,8.418,,22.525,0.37,0.37,0.53,26.898001,0.34,0.33,0.46,
07/30/2005,275.167999,,-136.210007,,138.957993,,-124.947998,,,,14.01,-2.745,2.568,2.821,-0.253,0.0,0.177,11.265,-4.499,6.766,0.0,,,6.766,0.0,6.766,-0.069,0.0,6.697,6.697,,22.702,0.29,0.29,0.29,27.142,0.27,0.27,0.27,
10/29/2005,316.335999,,-154.824997,,161.511002,,-133.225006,,,,28.285999,-1.88,2.669,2.871,-0.202,0.0,-0.789,26.405999,-10.168,16.238001,0.095,,,16.142999,0.0,16.143,-0.067,0.0,16.076,16.076,,22.797001,0.71,0.71,0.73,27.346001,0.61,0.62,0.64,
01/28/2006,406.287,,-200.902,,205.385,,-151.898,,,,53.487,-2.414,,2.734,-0.318,0.0,-0.002,51.073,-19.877,31.196,-0.09,,,31.286,0.0,31.286,-0.064,0.0,31.222,31.222,,23.193,1.35,1.34,1.34,27.672,1.15,1.15,1.15,
04/29/2006,315.018,,-153.649,,161.369,,-141.866,,,,19.503,-2.023,1.914,2.274,-0.36,0.0,0.109,17.48,-6.814,10.666,0.189,,,10.477,0.0,10.477,-0.064,0.0,10.413,10.413,0.109,23.042,0.45,0.46,0.46,27.436,0.4,0.41,0.41,
07/29/2006,304.301,,-150.911,,153.39,,-140.619,,,,12.771,-2.64,2.16,2.267,-0.107,0.0,0.48,10.131,-4.187,5.944,0.0,,,5.944,0.0,5.944,-0.064,0.0,5.88,5.88,0.48,22.988,0.26,0.26,0.28,27.34,0.24,0.24,0.26,
10/28/2006,364.298004,,-182.843994,,181.45401,,-150.992004,,,,30.462,-4.031,2.948,2.964,-0.016,0.0,1.083,26.431,-10.456,15.975,0.098,,,15.877,0.0,15.877,-0.064,0.0,15.813,15.813,,22.284,0.71,0.71,0.76,26.624001,0.62,0.62,0.66,
02/03/2007,476.861,,-242.239,,234.622,,-175.208,,,,59.414,-2.338,2.905,2.983,-0.078,0.0,-0.567,57.076,-21.414,35.662,0.314,,,35.348,0.0,35.348,-0.064,0.0,35.284,35.284,,22.27,1.59,1.6,1.58,26.872,1.35,1.36,1.35,
05/05/2007,334.651,,-162.807,,171.844,,-159.073,159.073,,0.0,12.771,-8.997,2.402,2.422,-0.02,0.0,6.595,3.774,-1.571,2.203,0.0,,,2.203,0.0,2.203,-0.064,0.0,2.139,2.139,4.28675,22.391,0.1,0.1,0.29,26.804,0.1,0.1,0.26,
08/04/2007,327.97699,,-164.358002,,163.618988,,-166.059006,,,,-2.44,-3.158,3.0,3.059,-0.059,0.0,0.158,-5.598,2.658,-2.94,1.225,,,-4.165,0.0,-4.165,-0.054,0.0,-4.219,-4.219,,22.415001,-0.19,-0.13,0.0,22.415001,-0.19,-0.13,0.0,
11/03/2007,372.496002,,-184.445007,,188.050995,,-174.194,,,,13.857,-3.56,3.504,3.544,-0.04,0.0,0.056,10.297,-4.687,5.61,0.01,,,5.600001,0.0,5.6,-0.049,0.0,5.551,5.551,,22.454,0.25,0.25,0.41,26.917999,0.23,0.23,0.36,
02/02/2008,466.995,,-239.294,,227.701,,-197.026,,,,30.675,-6.413,,3.545,-0.025,0.0,2.893,24.262,-20.647,3.615,0.368,,,3.247,0.0,3.247,-0.114,0.0,3.133,3.133,2.893,22.502,0.14,0.16,0.97,22.502,0.14,0.16,0.97,
05/03/2008,356.935,356.935,-175.54,175.54,181.395,0.0,21.792,180.046,,-201.838,203.187,-2.945,2.945,3.2,-0.255,,0.0,200.242,-70.802,129.44,0.093,0.093,0.0,129.347,0.0,129.347,-0.049,0.0,129.298,139.64,10.249,21.05,6.14,6.15,6.633729,25.371,5.14,5.14,5.543965,
08/02/2008,353.138,353.138,-171.814,171.814,181.324,0.0,-176.681,173.42,,3.261,4.643,-2.873,2.873,2.897,-0.024,,0.0,1.77,-7.161,-5.391,5.361,5.361,0.0,-10.752,0.0,-10.752,-0.05,0.0,-10.802,-3.099,2.342,18.513,-0.58,-0.29,-0.167396,18.513,-0.58,-0.29,-0.167396,
11/01/2008,389.767,389.767,-191.853,191.853,197.914,0.0,-181.649,179.365,,2.284,16.265,-3.255,3.255,3.284,-0.029,,0.0,13.01,-4.019,8.991,0.025,0.025,0.0,8.966,0.0,8.966,-0.049,0.0,8.917,10.585,1.643,18.638,0.48,0.48,0.567926,23.375,0.43,0.43,0.500289,
01/31/2009,451.722,451.722,-232.373,232.373,219.349,0.0,-180.252,180.534,,-0.282,39.097,-3.405,3.405,3.419,-0.014,,0.0,35.692,-12.513,23.179,-0.016,-0.016,0.0,23.195,0.0,23.195,-0.05,0.0,23.145,23.053,-0.076,18.737,1.23,1.23,1.230346,23.223,1.05,1.05,1.046727,
05/02/2009,370.366,370.366,-181.144,181.144,189.222,0.0,-186.342,181.369,,4.973,2.88,-8.202,3.083,3.091,-0.008,,5.119,-5.322,-0.281,-5.603,0.159,0.159,0.0,-5.762,0.0,-5.762,-0.05,0.0,-5.812,0.90235,6.55535,18.852,-0.31,-0.3,0.047865,18.852,-0.31,-0.3,0.047727,
08/01/2009,334.658,334.658,-164.713,164.713,169.945,0.0,-171.918,168.598,,3.32,-1.973,-1.862,1.862,1.866,-0.004,,0.0,-3.835,1.172,-2.663,0.059,0.059,0.0,-2.722,0.0,-2.722,-0.049,0.0,-2.771,-0.534,2.178,21.798,-0.13,-0.12,-0.024498,21.798,-0.13,-0.12,-0.024498,
10/31/2009,390.302,390.302,-190.136,190.136,200.166,0.0,-180.913,178.342,,2.571,19.253,-1.85,1.85,1.851,-0.001,,0.0,17.403,-5.88,11.523,0.08,0.08,0.0,11.443,0.0,11.443,-0.049,0.0,11.394,13.164,1.69,21.952,0.52,0.52,0.599672,23.741,0.5,0.5,0.571185,
01/30/2010,479.026,479.026,-242.489,242.489,236.537,0.0,-192.457,189.96,,2.497,44.08,-1.838,1.439,1.44,-0.001,,0.399,42.242,-16.413,25.829,-0.025,-0.025,0.0,25.854,0.0,25.854,-0.05,0.0,25.804,27.73635,1.95735,23.279,1.11,1.107393,1.191475,23.981,1.08,1.078958,1.160578,
05/01/2010,400.853,400.853,-192.782,192.782,208.071,0.0,-193.52,191.077,,2.443,14.551,-0.235,0.235,0.236,-0.001,,0.0,14.316,-5.753,8.563,-0.053,-0.053,0.0,8.616,0.0,8.616,-0.049,0.0,8.567,10.13,1.616,23.462,0.37,0.36,0.431762,23.898,0.36,0.36,0.427621,
07/31/2010,363.654,363.654,-179.61,179.61,184.044,0.0,-187.466,185.465,,2.001,-3.422,-0.227,0.227,0.231,-0.004,,0.0,-3.649,1.253,-2.396,0.787,0.787,0.0,-3.183,0.0,-3.183,-0.049,0.0,-3.232,-0.829,1.616,23.48,-0.14,-0.1,-0.035307,23.48,-0.14,-0.1,-0.035307,
10/30/2010,464.838,464.838,-228.097,228.097,236.741,0.0,-210.062,207.942,,2.12,26.679,-0.306,,0.306,,,0.0,26.373,-9.406,16.967,0.05,0.05,0.0,16.917,0.0,16.917,-0.049,0.0,16.868,18.283,1.365,23.069,0.73,0.73,0.792535,23.562,0.72,0.72,0.777932,
01/29/2011,560.494,560.494,-287.503,287.503,272.991,0.0,-224.716,222.713,,2.003,48.275,-0.354,0.354,0.357,-0.003,,0.0,47.921,-16.508,31.413,0.552,0.552,0.0,30.861,0.0,30.861,-0.049,0.0,30.812,32.661,1.297,22.825,1.35,1.37,1.430931,23.5,1.31,1.34,1.395191,
04/30/2011,481.502,481.502,-233.96,233.96,247.542,0.0,-222.017,220.773,,1.244,25.525,-0.514,0.514,0.516,-0.002,,0.0,25.011,-10.036,14.975,0.182,0.182,0.0,14.793,0.0,14.793,-0.049,0.0,14.744,15.682,0.756,22.94,0.64,0.65,0.683609,23.564,0.63,0.63,0.662083,
07/30/2011,470.591,470.591,-233.307,233.307,237.284,0.0,-235.633,235.286,,0.347,1.651,-1.081,1.081,1.097,-0.016,,0.0,0.57,-0.22,0.35,0.742,0.742,0.0,-0.392,0.0,-0.392,-0.049,0.0,-0.441,6.003,5.702,23.126,-0.02,0.01,0.259578,23.635,-0.02,0.01,0.251252,
10/29/2011,616.525,616.525,-306.068,306.068,310.457,0.0,-264.545,264.2,,0.345,45.912,-1.869,1.869,1.885,-0.016,,0.0,44.043,-17.882,26.161,0.073,0.073,0.0,26.088,0.0,26.088,-0.049,0.0,26.039,26.538,0.426,23.407,1.11,1.12,1.133763,23.976,1.09,1.09,1.107768,
01/28/2012,723.369,723.369,-368.677,368.677,354.692,0.0,-283.91,283.169,,0.741,70.782,-1.628,1.628,1.659,-0.031,,0.0,69.154,-27.656,41.498,0.028,0.028,0.0,41.47,0.0,41.47,-0.046,0.0,41.424,42.099,0.647,23.462,1.77,1.77,1.794348,24.095,1.72,1.72,1.746852,
04/28/2012,600.144,600.144,-293.48,293.48,306.664,0.0,-270.657,270.522,,0.135,36.007,-1.117,1.117,1.132,-0.015,,0.0,34.89,-14.099,20.791,0.177,0.177,0.0,20.614,0.0,20.614,-0.046,0.0,20.568,20.83,0.085,23.597,0.87,0.88,0.882739,24.231,0.85,0.86,0.863508,
07/28/2012,543.522,543.522,-270.463,270.463,273.059,0.0,-257.214,256.81,,0.404,15.845,-1.207,1.207,1.217,-0.01,,0.0,14.638,-4.629,10.009,0.041,0.041,0.0,9.968,0.0,9.968,-0.035,0.0,9.933,10.231,0.257,23.743,0.41,0.41,0.430906,23.915,0.4,0.41,0.420746,
10/27/2012,664.458,664.458,-330.046,330.046,334.412,0.0,-280.204,279.847,,0.357,54.208,-1.301,1.301,1.342,-0.041,,0.0,52.907,-10.686,42.221,0.094,0.094,0.0,42.127,0.0,42.127,-0.033,0.0,42.094,42.413,0.225,23.584,1.78,1.79,1.79838,23.996,1.76,1.76,1.769377,
02/02/2013,796.693,796.693,-412.453,412.453,384.24,0.0,-321.433,305.292,,16.141,62.807,-1.406,1.406,1.406,0.0,,0.0,61.401,-22.488,38.913,0.15,0.15,0.0,38.763,,38.763,-0.033,0.0,38.73,49.142,10.262,23.377,1.66,1.66,2.102152,23.787,1.63,1.64,2.071412,
05/04/2013,591.388,591.388,-292.951,292.951,298.437,0.0,-272.713,271.384,,1.329,25.724,-1.039,1.039,1.061,-0.022,,0.0,24.685,-10.176,14.509,0.099,0.099,0.0,14.41,0.0,14.41,-0.033,0.0,14.377,18.163,3.687,23.295,0.62,0.62,0.779695,23.732,0.61,0.61,0.76536,
08/03/2013,574.746,574.746,-291.938,291.938,282.808,0.0,-267.28,274.42,,-7.14,15.528,-1.14,1.14,1.158,-0.018,,0.0,14.388,-5.923,8.465,0.125,0.125,0.0,8.34,0.0,8.34,0.0,0.0,8.34,7.107,-1.358,23.274,0.36,0.36,0.305362,23.523,0.35,0.36,0.302269,
11/02/2013,666.332,666.332,-334.171,334.171,332.161,0.0,-285.182,283.702,,1.48,46.979,-1.19,1.19,1.199,-0.009,,0.0,45.789,-17.993,27.796,0.046,0.046,0.0,27.75,0.0,27.75,0.0,0.0,27.75,28.716,0.92,23.329,1.19,1.19,1.230914,23.604,1.18,1.18,1.218976,
02/01/2014,792.506,792.506,-406.862,406.862,385.644,0.0,-310.44,304.768,,5.672,75.204,-1.206,1.206,1.206,0.0,,0.0,73.998,-31.786,42.212,0.059,0.059,0.0,42.153,,42.153,0.0,0.0,42.153,45.776,3.564,23.291,1.81,1.81,1.965394,23.6,1.79,1.79,1.941017,
05/03/2014,628.825,628.825,-312.881,312.881,315.944,0.0,-292.226,293.337,,-1.111,23.718,-0.701,0.701,0.733,-0.032,,0.0,23.017,-8.919,14.098,0.125,0.125,0.0,13.973,0.0,13.973,0.0,0.0,13.973,16.502,2.404,23.369,0.6,0.6,0.706149,23.692,0.59,0.6,0.701469,
08/02/2014,615.474,615.474,-313.729,313.729,301.745,0.0,-291.661,290.239,,1.422,10.084,-0.782,0.782,0.8,-0.018,,0.0,9.302,-4.534,4.768,0.074,0.074,0.0,4.694,0.0,4.694,0.0,0.0,4.694,7.888,3.12,23.496,0.2,0.2,0.335717,23.622,0.2,0.2,0.33208,
11/01/2014,722.915,722.915,-364.426,364.426,358.489,0.0,-311.929,310.893,,1.036,46.56,-7.941,0.891,0.914,-0.023,,7.05,38.619,-9.869,28.75,0.088,0.088,0.0,28.662,,28.662,,0.0,28.662,37.487,8.737,23.602,1.21,1.22,1.588298,23.76,1.21,1.21,1.577719,
01/31/2015,892.63,892.63,-468.397,468.397,424.233,0.0,-337.329,336.395,,0.934,86.904,-0.853,0.853,0.89,-0.037,,0.0,86.051,-34.294,51.757,1.361,1.361,0.0,50.396,,50.396,0.0,0.0,50.396,53.29,1.533,23.563,2.14,2.2,2.261597,23.759,2.12,2.18,2.244523,
05/02/2015,660.597,660.597,-334.264,334.264,326.333,0.0,-310.079,307.433,,2.646,16.254,-0.645,0.645,0.66,-0.015,,0.0,15.609,-5.664,9.945,0.067,0.067,0.0,9.878,,9.878,,0.0,9.878,12.17,2.225,23.55,0.42,0.42,0.516773,23.775,0.42,0.42,0.513586,
08/01/2015,655.525,655.525,-335.434,335.434,320.091,0.0,-307.595,306.422,,1.173,12.496,-0.928,0.928,0.945,-0.017,,0.0,11.568,-3.975,7.593,0.073,0.073,0.0,7.52,,7.52,,0.0,7.52,8.48,0.887,23.538,0.32,0.32,0.360269,23.616,0.32,0.32,0.357559,
10/31/2015,773.898,773.898,-400.012,400.012,373.886,0.0,-321.836,321.685,,0.151,52.05,-1.33,1.33,1.33,0.0,,0.0,50.72,-17.865,32.855,0.348,0.348,0.0,32.507,,32.507,,0.0,32.507,32.193,-0.662,22.834,1.42,1.44,1.409871,22.917,1.42,1.43,1.401113,
01/30/2016,932.214,932.214,-509.058,509.058,423.156,0.0,-352.705,348.782,,3.923,70.451,3.185,1.5,1.5,0.0,,-4.685,73.636,-28.648,44.988,0.324,0.324,0.0,44.664,,44.664,0.0,0.0,44.664,45.61775,0.62975,21.595,2.07,2.08,2.112422,21.693,2.06,2.07,2.09903,
04/30/2016,648.793,648.793,-319.096,319.096,329.697,0.0,-311.8,308.243,,3.557,17.897,-1.137,1.137,1.163,-0.026,,0.0,16.76,-6.196,10.564,0.154,0.154,0.0,10.41,,10.41,,0.0,10.41,12.953,2.389,20.815,0.5,0.51,0.622292,20.99,0.5,0.5,0.613816,
07/30/2016,625.557,625.557,-310.82,310.82,314.737,0.0,-294.717,302.662,,-7.945,20.02,1.179,1.306,1.316,-0.01,,-2.485,21.199,-6.695,14.504,-0.074,-0.074,0.0,14.578,,14.578,0.0,0.0,14.578,6.918,-7.586,20.195,0.72,0.72,0.34256,20.244,0.72,0.72,0.34256,
10/29/2016,710.822,710.822,-355.187,355.187,355.635,0.0,-315.287,314.698,,0.589,40.348,-1.488,1.488,1.489,-0.001,,0.0,38.86,-12.912,25.948,0.053,0.053,0.0,25.895,,25.895,0.0,0.0,25.895,25.548,-0.4,19.912,1.3,1.3,1.283045,19.962,1.3,1.3,1.279962,
01/28/2017,883.169,883.169,-465.712,465.712,417.457,0.0,-353.762,350.765,,2.997,63.695,10.9,1.316,1.326,-0.01,,-12.216,74.595,-27.752,46.843,0.295,0.295,0.0,46.548,,46.548,0.0,0.0,46.548,41.826,-5.017,19.383,2.4,2.42,2.15787,19.493,2.39,2.4,2.142626,
04/29/2017,643.368,643.368,-324.455,324.455,318.913,0.0,-316.087,315.968,,0.119,2.826,-1.209,1.177,1.177,0.0,,0.032,1.617,-0.62,0.997,0.112,0.112,0.0,0.885,,0.885,0.0,0.0,0.885,1.099,0.102,19.189,0.05,0.05,0.057272,19.293,0.05,0.05,0.055287,
07/29/2017,616.506,616.506,-309.999,309.999,306.507,0.0,-308.493,308.435,,0.058,-1.986,-1.273,1.249,1.255,-0.006,,0.024,-3.259,-0.616,-3.875,0.073,0.073,0.0,-3.948,,-3.948,0.0,0.0,-3.948,-4.152,-0.277,19.152,-0.21,-0.2,-0.216792,19.152,-0.21,-0.2,-0.216792,
10/28/2017,716.759,716.759,-362.761,362.761,353.998,0.0,-506.376,322.719,,183.657,-152.378,-1.478,1.451,1.454,-0.003,,0.027,-153.856,-10.95,-164.806,0.015,0.015,0.0,-164.821,,-164.821,0.0,0.0,-164.821,19.701,184.507,19.265,-8.56,-8.55,1.022632,19.265,-8.56,-8.55,1.022632,
02/03/2018,689.392,689.392,-372.064,372.064,317.328,0.0,-269.211,262.719,0.0,6.492,48.117,-1.519,1.529,1.537,-0.008,0.0,-0.01,46.598,1.826,48.424,-7.621,-7.621,0.0,56.045,,56.045,0.0,0.0,56.045,32.5113,-15.9127,19.266,2.91,2.51,1.687496,19.33,2.9,2.51,1.686787,
05/05/2018,486.219,486.219,-248.213,248.213,238.006,0.0,-234.294,233.176,,1.118,3.712,-1.02,1.028,1.047,-0.019,,-0.008,2.692,-0.836,1.856,4.187,4.187,0.0,-2.331,,-2.331,0.0,0.0,-2.331,2.734,0.878,19.278,-0.12,0.1,0.14182,19.455,-0.12,0.1,0.14182,
08/04/2018,487.015,487.015,-255.546,255.546,231.469,0.0,-230.394,230.423,,-0.029,1.075,-1.074,1.103,1.113,-0.01,,-0.029,0.001,-0.026,-0.025,-0.01,-0.01,0.0,-0.015,,-0.015,0.0,0.0,-0.015,-0.698,-0.673,19.342,0.0,0.0,-0.036087,19.342,0.0,-0.000517,-0.036087,
11/03/2018,539.828,539.828,-277.91,277.91,261.918,0.0,-235.531,235.601,,-0.07,26.387,-0.807,0.837,0.984,-0.147,,-0.03,25.58,-5.886,19.694,5.307,5.307,0.0,14.387,,14.387,0.0,0.0,14.387,19.046,-0.648,19.462,0.74,1.01,0.978625,19.637,0.73,1.0,0.967001,
02/02/2019,675.491,675.491,-359.828,359.828,315.663,0.0,-265.02,262.876,0.0,2.144,50.643,-0.657,0.373,0.971,-0.598,0.0,0.284,49.986,-20.287,29.699,93.67,93.67,0.0,-63.971,0.0,-63.971,0.0,0.0,-63.971,42.359,12.66,19.323,-3.31,1.54,2.192154,19.445,-3.31,1.53,2.181067,
05/04/2019,495.651,495.651,-250.743,250.743,244.908,0.0,-235.824,236.555,,-0.731,9.084,0.252,-0.166,0.848,-1.014,,-0.086,9.336,-2.866,6.47,0.124,0.124,0.0,6.346,,6.346,0.0,0.0,6.346,5.909,-0.561,17.645,0.36,0.37,0.334882,17.85,0.36,0.36,0.328571,
08/03/2019,486.573,486.573,-250.04,250.04,236.533,0.0,-233.571,231.796,,1.775,2.962,-0.254,0.347,0.835,-0.488,,-0.093,2.708,-1.915,0.793,0.216,0.216,0.0,0.577,,0.577,0.0,0.0,0.577,2.51,1.717,15.959,0.04,0.05,0.157278,16.028,0.04,0.05,0.157125,
11/02/2019,537.263,537.263,-273.061,273.061,264.202,0.0,-238.259,237.46,,0.799,25.943,-0.51,0.602,0.808,-0.206,,-0.092,25.433,-6.454,18.979,0.08,0.08,0.0,18.899,,18.899,0.0,0.0,18.899,19.367,0.388,14.465,1.31,1.31,1.338887,14.529,1.3,1.31,1.336705,
02/01/2020,677.579,677.579,-360.107,360.107,317.472,0.0,-272.143,260.612,0.0,11.531,45.329,-0.371,0.495,0.848,-0.353,,-0.124,44.958,-9.443,35.515,-0.047,-0.047,0.0,35.562,0.0,35.562,0.0,0.0,35.562,35.665,0.15,14.108,2.52,2.52,2.527998,14.277,2.49,2.49,2.500506,
05/02/2020,279.232,279.232,-159.088,159.088,120.144,0.0,-276.162,189.042,,87.12,-156.018,-0.732,0.856,1.049,-0.193,,-0.124,-156.75,22.126,-134.624,0.153,0.153,0.0,-134.777,,-134.777,0.0,0.0,-134.777,-138.088,-3.464,14.11,-9.55,-9.54,-9.786534,14.11,-9.55,-9.54,-9.786534,
08/01/2020,391.217,391.217,-224.217,224.217,167.0,0.0,-188.994,187.261,,1.733,-21.994,-1.736,1.918,1.918,0.0,,-0.182,-23.73,4.806,-18.924,0.112,0.112,0.0,-19.036,0.0,-19.036,0.0,0.0,-19.036,-16.953,1.971,14.179,-1.34,-1.33,-1.195641,14.179,-1.34,-1.33,-1.195641,
10/31/2020,455.25,,,,211.8414825,,,,,,3.52,,,,,,,-1.16,,-2.102,,,,,,-2.102,,,-2.102,-2.102,,,-0.147,-0.147,-0.147,,-0.147,-0.147,-0.147,
01/31/2021,652.75,,,,296.5639075,,,,,,53.8,,,,,,,53.133,,31.75,,,,,,31.75,,,31.75,31.75,,,2.223,2.223,2.223,,2.223,2.223,2.223,
