Date,Revenue,Sales & Services Revenue,Financing Revenue,Cost of Revenue,Cost of Goods & Services,Cost of Financing Revenue,Gross Profit,Other Operating Income,Operating Expenses,"Selling, General & Admin",Prov For Doubtful Accts,Other Operating Expense,Operating Income (Loss),Non-Operating (Income) Loss,"Interest Expense, Net",Interest Expense,Interest Income,Foreign Exch (Gain) Loss,Other Non-Op (Income) Loss,Pretax Income,Income Tax Expense (Benefit),Income (Loss) from Cont Ops,Net Extraordinary Losses (Gains),Discontinued Operations,XO & Accounting Changes,Income (Loss) Incl. MI,Minority Interest,"Net Income, GAAP",Preferred Dividends,Other Adjustments,"Net Income Avail to Common, GAAP","Net Income Avail to Common, Adj",Net Abnormal Losses (Gains),Basic Weighted Avg Shares,"Basic EPS, GAAP",Basic EPS from Cont Ops,"Basic EPS from Cont Ops, Adjusted",Diluted Weighted Avg Shares,"Diluted EPS, GAAP",Diluted EPS from Cont Ops,"Diluted EPS from Cont Ops, Adjusted",Source: Bloomberg
03/31/1990,12431.0,,,-8057.0,,,4374.0,,-2929.0,,,,1445.0,-49.0,,217.0,,,-168.0,1396.0,-432.0,964.0,0.0,,,964.0,-14.0,950.0,0.0,,950.0,950.0,,10791.312012,0.088333,0.088333,0.088333,10791.312012,0.088333,0.088333,0.088333,
06/30/1990,14214.0,,,-9184.0,,,5030.0,,-3351.0,,,,1679.0,-58.0,,196.0,,,-138.0,1621.0,-513.0,1108.0,0.0,,,1108.0,-20.0,1088.0,0.0,,1088.0,1088.0,,10694.327637,0.101667,0.101667,0.101667,10694.327637,0.101667,0.101667,0.101667,
09/30/1990,14050.0,,,-9221.0,,,4829.0,,-3273.0,,,,1556.0,-68.0,,228.0,,,-160.0,1488.0,-446.0,1042.0,0.0,,,1042.0,-16.0,1026.0,0.0,,1026.0,1026.0,,10596.528076,0.096667,0.096667,0.096667,10596.528076,0.096667,0.096667,0.096667,
12/31/1990,16967.0,,,-11396.0,,,5571.0,,-3856.0,,,,1715.0,9.0,,277.0,,,-286.0,1724.0,-453.0,1271.0,0.0,,,1271.0,-32.0,1239.0,0.0,,1239.0,1239.0,,10503.539796,0.118333,0.118333,0.118333,10503.539796,0.118333,0.118333,0.118333,
03/31/1991,13139.0,,,-8391.0,,,4748.0,,-3216.0,,,,1532.0,-17.0,,211.0,,,-194.0,1515.0,-489.0,1026.0,1799.0,,,-773.0,-27.0,-800.0,0.0,,-800.0,-800.0,,10462.332275,-0.076667,0.095833,0.095833,10462.332275,-0.076667,0.095833,0.095833,
06/30/1991,14601.0,,,-9308.0,,,5293.0,,-3573.0,,,,1720.0,-52.0,,225.0,,,-173.0,1668.0,-518.0,1150.0,0.0,,,1150.0,-19.0,1131.0,0.0,,1131.0,1131.0,,10444.932129,0.108333,0.108333,0.108333,10444.932129,0.108333,0.108333,0.108333,
09/30/1991,14290.0,,,-9374.0,,,4916.0,,-3464.0,,,,1452.0,73.0,,215.0,,,-288.0,1525.0,-483.0,1042.0,0.0,,,1042.0,,1042.0,0.0,,1042.0,1042.0,,10420.87207,0.1,0.1,0.1,10420.87207,0.1,0.1,0.1,
12/31/1991,17349.0,,,-12035.0,,,5314.0,,-3499.0,,,,1815.0,-15.0,,217.0,,,-202.0,1800.0,-511.0,1289.0,0.0,,,1289.0,-26.0,1263.0,0.0,,1263.0,1263.0,,10384.28394,0.121667,0.121667,0.121667,10384.28394,0.121667,0.121667,0.121667,
03/31/1992,12278.0,,,-7385.0,,,4893.0,,-3453.0,,,,1440.0,-20.0,,167.0,,,-147.0,1420.0,-444.0,976.0,-94.0,,,1070.0,-12.0,1058.0,0.0,,1058.0,1058.0,,10333.283936,0.1025,0.093333,0.093333,10333.283936,0.1025,0.093333,0.093333,
06/30/1992,13984.0,,,-8536.0,,,5448.0,,-3738.0,,,,1710.0,-6.0,,197.0,,,-191.0,1704.0,-555.0,1149.0,-86.0,,,1235.0,-19.0,1216.0,0.0,,1216.0,1216.0,,10274.400146,0.118333,0.11,0.11,10274.400146,0.118333,0.11,0.11,
09/30/1992,13972.0,,,-8630.0,,,5342.0,,-4002.0,,,,1340.0,117.0,,183.0,,,-300.0,1457.0,-453.0,1004.0,-114.0,,,1118.0,-8.0,1110.0,0.0,,1110.0,1110.0,,10250.088135,0.108333,0.0975,0.0975,10250.088135,0.108333,0.0975,0.0975,
12/31/1992,16040.0,,,-9951.0,,,6089.0,,-4314.0,,,,1775.0,-30.0,,191.0,,,-161.0,1745.0,-516.0,1229.0,-126.0,,,1355.0,-14.0,1341.0,0.0,,1341.0,1341.0,,10256.75976,0.130833,0.1175,0.1175,10256.75976,0.130833,0.1175,0.1175,
03/31/1993,11678.0,,,-6779.0,,,4899.0,,-3342.0,,,,1557.0,9.0,,147.0,,,-156.0,1566.0,-518.0,1048.0,730.0,,,318.0,-20.0,298.0,0.0,,298.0,298.0,,10255.283936,0.028333,0.1,0.1,10255.283936,0.028333,0.1,0.1,
06/30/1993,13469.0,,,-8691.0,,,4778.0,,-3880.0,,,,898.0,51.0,,144.0,,,-195.0,949.0,-322.0,627.0,-736.0,,,1363.0,-29.0,1334.0,0.0,,1334.0,1334.0,,10247.592041,0.13,0.058333,0.058333,10247.592041,0.13,0.058333,0.058333,
09/30/1993,13119.0,,,-7466.0,,,5653.0,,-3821.0,,,,1832.0,69.0,,120.0,,,-189.0,1901.0,-704.0,1197.0,-71.0,,,1268.0,-62.0,1206.0,0.0,,1206.0,1206.0,,10242.492188,0.118333,0.111667,0.111667,10242.492188,0.118333,0.111667,0.111667,
12/31/1993,16832.0,,,-9516.0,,,7316.0,,-5535.0,,,,1781.0,90.0,,105.0,,,-195.0,1871.0,-408.0,1463.0,-54.0,,,1517.0,-40.0,1477.0,0.0,,1477.0,1477.0,,10239.51636,0.145,0.14,0.14,10239.51636,0.145,0.14,0.14,
03/31/1994,12621.0,,,-6980.0,,,5641.0,,-3916.0,,,,1725.0,73.0,,91.0,,,-164.0,1798.0,-548.0,1250.0,151.0,,,1099.0,-31.0,1068.0,0.0,,1068.0,1068.0,,10247.088135,0.103333,0.118333,0.118333,10247.088135,0.103333,0.118333,0.118333,
06/30/1994,14725.0,,,-8360.0,,,6365.0,,-4098.0,,,,2267.0,78.0,,104.0,,,-182.0,2345.0,-735.0,1610.0,32.0,,,1578.0,-56.0,1522.0,0.0,,1522.0,1522.0,,10262.280029,0.148333,0.151667,0.151667,10262.280029,0.148333,0.151667,0.151667,
09/30/1994,14481.0,,,-8079.0,,,6402.0,,-4413.0,,,,1989.0,71.0,,121.0,,,-192.0,2060.0,-570.0,1490.0,89.0,,,1401.0,-33.0,1368.0,0.0,,1368.0,1368.0,,10266.084229,0.133333,0.141667,0.141667,10266.084229,0.133333,0.141667,0.141667,
12/31/1994,17489.0,,,-10088.0,,,7401.0,,-4940.0,,,,2461.0,167.0,,94.0,,,-261.0,2628.0,-893.0,1735.0,917.0,,,818.0,-50.0,768.0,0.0,,768.0,768.0,,10246.883789,0.075,0.165,0.165,10246.883789,0.075,0.165,0.165,
03/31/1995,14948.0,,,-8232.0,,,6716.0,,-4654.0,,,,2062.0,59.0,,126.0,,,-185.0,2121.0,-710.0,1411.0,0.0,,,1411.0,-39.0,1372.0,0.0,,1372.0,1372.0,,10199.531982,0.135,0.135,0.135,10199.531982,0.135,0.135,0.135,
06/30/1995,17630.0,,,-9662.0,,,7968.0,,-5358.0,,,,2610.0,26.0,,158.0,,,-184.0,2636.0,-864.0,1772.0,0.0,,,1772.0,-46.0,1726.0,0.0,,1726.0,1726.0,,10128.917725,0.17,0.17,0.17,10128.917725,0.17,0.17,0.17,
09/30/1995,17151.0,,,-9008.0,,,8143.0,,-5715.0,,,,2428.0,5.0,,190.0,,,-195.0,2433.0,-783.0,1650.0,0.0,,,1650.0,-40.0,1610.0,0.0,,1610.0,1610.0,,10058.105713,0.16,0.16,0.16,10058.105713,0.16,0.16,0.16,
12/31/1995,19547.0,,,-11144.0,,,8403.0,,-5689.0,,,,2714.0,37.0,,175.0,,,-212.0,2751.0,-807.0,1944.0,0.0,,,1944.0,-79.0,1865.0,0.0,,1865.0,1865.0,,10020.0,0.186667,0.186667,0.186667,10020.0,0.186667,0.186667,0.186667,
03/31/1996,16931.0,,,-8668.0,,,8263.0,,-5912.0,,,,2351.0,27.0,,143.0,,,-170.0,2378.0,-801.0,1577.0,0.0,,,1577.0,-60.0,1517.0,0.0,,1517.0,1517.0,,9978.804199,0.153333,0.153333,0.153333,10162.212158,0.15,0.15,0.15,
06/30/1996,18901.0,,,-9793.0,,,9108.0,,-6246.0,,,,2862.0,34.0,,137.0,,,-171.0,2896.0,-927.0,1969.0,0.0,,,1969.0,-61.0,1908.0,0.0,,1908.0,1908.0,,9933.030029,0.193333,0.193333,0.193333,10130.97583,0.19,0.19,0.19,
09/30/1996,19861.0,,,-10143.0,,,9718.0,,-6944.0,,,,2774.0,-9.0,,175.0,,,-166.0,2765.0,-910.0,1855.0,0.0,,,1855.0,-67.0,1788.0,0.0,,1788.0,1788.0,,9893.028076,0.18,0.18,0.18,10092.857666,0.176667,0.176667,0.176667,
12/31/1996,22848.0,,,-13313.0,,,9535.0,,-6507.0,,,,3028.0,8.0,,140.0,,,-148.0,3036.0,-888.0,2148.0,0.0,,,2148.0,-81.0,2067.0,0.0,,2067.0,2067.0,,9872.885742,0.21,0.21,0.21,10098.0,0.206667,0.206667,0.206667,
03/31/1997,19998.0,,,-10110.0,,,9888.0,,-7285.0,,,,2603.0,11.0,,158.0,,,-169.0,2614.0,-882.0,1732.0,0.0,,,1732.0,-55.0,1677.0,0.0,,1677.0,1677.0,,9855.0,0.17,0.17,0.17,10062.0,0.166667,0.166667,0.166667,
06/30/1997,21860.0,,,-11486.0,,,10374.0,,-7069.0,,,,3305.0,-22.0,,165.0,,,-143.0,3283.0,-1069.0,2214.0,0.0,,,2214.0,-52.0,2162.0,0.0,,2162.0,2162.0,,9822.0,0.22,0.22,0.22,10029.0,0.216667,0.216667,0.216667,
09/30/1997,21806.0,,,-11279.0,,,10527.0,,-7580.0,,,,2947.0,-16.0,,215.0,,,-199.0,2931.0,-850.0,2081.0,0.0,,,2081.0,-67.0,2014.0,0.0,,2014.0,2014.0,,9807.0,0.206667,0.206667,0.206667,10023.0,0.2,0.2,0.2,
12/31/1997,24876.0,,,-14862.0,,,10014.0,,-9015.0,,,,999.0,1592.0,,259.0,,,-1851.0,2591.0,-175.0,2416.0,0.0,,,2416.0,-66.0,2350.0,0.0,,2350.0,2350.0,,9807.0,0.24,0.24,0.24,10032.0,0.233333,0.233333,0.233333,
03/31/1998,22459.0,,,-11490.0,,,10969.0,,-7978.0,,,,2991.0,-20.0,,207.0,,,-187.0,2971.0,-1024.0,1947.0,0.0,,,1947.0,-56.0,1891.0,0.0,,1891.0,1891.0,,9807.0,0.193333,0.193333,0.193333,10005.0,0.19,0.19,0.19,
06/30/1998,24928.0,,,-12871.0,,,12057.0,,-8425.0,,,,3632.0,-37.0,,204.0,,,-167.0,3595.0,-1084.0,2511.0,0.0,,,2511.0,-61.0,2450.0,0.0,,2450.0,2450.0,,9810.0,0.25,0.25,0.25,9987.0,0.246667,0.246667,0.246667,
09/30/1998,23978.0,,,-12247.0,,,11731.0,,-8249.0,,,,3482.0,-15.0,,199.0,,,-184.0,3467.0,-1115.0,2352.0,0.0,,,2352.0,-68.0,2284.0,0.0,,2284.0,2284.0,,9804.0,0.233333,0.233333,0.233333,9975.0,0.23,0.23,0.23,
12/31/1998,28455.0,,,-14638.0,,,13817.0,,-10042.0,,,,3775.0,-66.0,,273.0,,,-207.0,3709.0,-958.0,2751.0,0.0,,,2751.0,-80.0,2671.0,0.0,,2671.0,2671.0,,9771.0,0.273333,0.273333,0.273333,10017.0,0.266667,0.266667,0.266667,
03/31/1999,24062.0,,,-11680.0,,,12382.0,,-9037.0,,,,3345.0,-47.0,184.0,184.0,,,-137.0,3298.0,-1089.0,2209.0,0.0,,,2209.0,-54.0,2155.0,0.0,,2155.0,2155.0,,9816.999023,0.22,0.22,0.22,9981.999023,0.22,0.22,0.22,
06/30/1999,27205.0,,,-13394.0,,,13811.0,,-9641.0,,,,4170.0,38.0,220.0,220.0,,,-258.0,4208.0,-1280.0,2928.0,0.0,,,2928.0,-108.0,2820.0,0.0,,2820.0,2820.0,,9830.000977,0.29,0.29,0.29,9992.000977,0.28,0.28,0.28,
09/30/1999,27112.0,,,-13488.0,,,13624.0,,-9638.0,,,,3986.0,-76.0,191.0,191.0,,,-115.0,3910.0,-1165.0,2745.0,0.0,,,2745.0,-92.0,2653.0,0.0,,2653.0,2653.0,,9840.0,0.27,0.27,0.27,9999.0,0.266667,0.266667,0.266667,
12/31/1999,32453.0,,,-16755.0,,,15698.0,,-11401.0,,,,4297.0,229.0,215.0,215.0,,,-444.0,4526.0,-1326.0,3200.0,0.0,,,3200.0,-111.0,3089.0,0.0,,3089.0,3089.0,,9858.0,0.313333,0.313333,0.313333,9966.0,0.31,0.31,0.31,
03/31/2000,29925.0,,,-14430.0,,,15495.0,,-11247.0,,521.0,,4248.0,-141.0,253.0,253.0,,,-112.0,4107.0,-1417.0,2690.0,0.0,,,2690.0,-98.0,2592.0,0.0,0.0,2592.0,2592.0,,9870.0,0.26,0.26,0.26,10032.0,0.26,0.26,0.26,
06/30/2000,32727.0,,,-16018.0,,,16709.0,,-11645.0,,,,5064.0,-68.0,259.0,259.0,,,-191.0,4996.0,-1521.0,3475.0,0.0,,,3475.0,-97.0,3378.0,0.0,0.0,3378.0,3378.0,,9892.0,0.34,0.34,0.34,10056.0,0.34,0.34,0.34,
09/30/2000,31901.0,,,-15824.0,,,16077.0,,-11456.0,,,,4621.0,19.0,148.0,148.0,,,-167.0,4640.0,-1350.0,3290.0,0.0,,,3290.0,-110.0,3180.0,0.0,0.0,3180.0,3180.0,,9906.0,0.32,0.32,0.32,10068.0,0.32,0.32,0.32,
12/31/2000,34864.0,,,-16662.0,,,18202.0,,-13089.0,,,,5113.0,17.0,151.0,151.0,,,-168.0,5130.0,-1423.0,3707.0,0.0,,,3707.0,-122.0,3585.0,0.0,0.0,3585.0,3585.0,,9920.0,0.36,0.36,0.36,10073.0,0.36,0.36,0.36,
03/31/2001,30434.0,,,-14691.0,,,15743.0,,-11068.0,,,,4675.0,-119.0,255.0,255.0,,,-136.0,4556.0,-1437.0,3119.0,444.0,,,2675.0,-102.0,2573.0,0.0,0.0,2573.0,2573.0,,9934.0,0.26,0.3,0.3,10067.0,0.26,0.3,0.3,
06/30/2001,31821.0,,,-15380.0,,,16441.0,,-10964.0,,,,5477.0,120.0,115.0,115.0,,,-235.0,5597.0,-1599.0,3998.0,0.0,,,3998.0,-101.0,3897.0,0.0,0.0,3897.0,3897.0,,9936.0,0.39,0.39,0.39,10065.0,0.39,0.39,0.39,
09/30/2001,29454.0,,,-14244.0,,,15210.0,,-10624.0,,567.0,,4586.0,-123.0,244.0,244.0,,,-121.0,4463.0,-1123.0,3340.0,0.0,,,3340.0,-59.0,3281.0,0.0,0.0,3281.0,3281.0,,9933.0,0.33,0.33,0.33,10045.0,0.33,0.33,0.33,
12/31/2001,33970.0,,,-15380.0,,,18590.0,,-13049.0,,,,5541.0,-108.0,203.0,203.0,,,-95.0,5433.0,-1414.0,4019.0,0.0,,,4019.0,-86.0,3933.0,0.0,0.0,3933.0,3933.0,,9832.5,0.4,0.4,0.4,9832.5,0.39,0.39,0.39,
03/31/2002,30466.0,,,-18184.0,,,12282.0,,-7168.0,,662.0,,5114.0,-31.0,157.0,157.0,,,-126.0,5083.0,-1489.0,6097.0,1015.0,,,2579.0,-76.0,2503.0,,,2503.0,2503.0,,9931.0,0.25,0.35,0.35,10033.0,0.25,0.35,0.35,
06/30/2002,33246.0,,,-19983.0,,,13263.0,,-7638.0,,785.0,,5625.0,72.0,75.0,75.0,,,-147.0,5697.0,-1181.0,4516.0,0.0,,,4516.0,-90.0,4426.0,0.0,0.0,4426.0,4426.0,,9942.0,0.45,0.45,0.45,10029.0,0.44,0.44,0.44,
09/30/2002,32262.0,,,-19112.0,,,13150.0,,-8131.0,,640.0,,5019.0,329.0,212.0,212.0,,,-541.0,5348.0,-1177.0,4171.0,0.0,,,4171.0,-84.0,4087.0,0.0,0.0,4087.0,4087.0,,9951.0,0.41,0.41,0.41,10017.0,0.41,0.41,0.41,
12/31/2002,35223.0,,,-23120.0,,,12103.0,,-9376.0,,,,2727.0,362.0,2626.0,125.0,,,-2988.0,3089.0,89.0,675.0,0.0,,,3178.0,-76.0,3102.0,0.0,0.0,3102.0,3102.0,,9964.0,0.31,0.31,0.31,10006.5,0.31,0.31,0.31,
03/31/2003,30401.0,,,-17729.0,,,12672.0,,-8275.0,,760.0,,4397.0,-78.0,208.0,208.0,,,-130.0,4319.0,-1035.0,3284.0,215.0,,,3069.0,-70.0,2999.0,,0.0,2999.0,2999.0,,9983.0,0.3,0.32,0.32,10044.0,0.3,0.32,0.32,
06/30/2003,33225.0,,,-14958.0,,,18267.0,,-13183.0,,978.0,,5084.0,-2.0,215.0,215.0,,,-213.0,5082.0,-1216.0,3866.0,0.0,,,3866.0,-72.0,3794.0,0.0,0.0,3794.0,3794.0,,10008.0,0.38,0.38,0.38,10066.0,0.38,0.38,0.38,
09/30/2003,33188.0,,,-14847.0,,,18341.0,,-13185.0,,,,5156.0,41.0,,282.0,,,-323.0,5197.0,-1099.0,4098.0,372.0,,,3726.0,-77.0,3649.0,0.0,0.0,3649.0,3649.0,,10031.0,0.36,0.4,0.4,10085.0,0.36,0.4,0.4,
12/31/2003,36771.0,,,-17919.0,,,18852.0,,-13314.0,,,,5538.0,78.0,236.0,236.0,,,-314.0,5616.0,-965.0,4651.0,0.0,,,4651.0,-91.0,4560.0,0.0,0.0,4560.0,4560.0,,10054.0,0.45,0.45,0.45,10105.0,0.45,0.45,0.45,
03/31/2004,33213.0,,,-15289.0,,,17924.0,,-13617.0,,955.0,,4307.0,-2.0,239.0,239.0,,,-237.0,4305.0,-982.0,3323.0,0.0,,,3323.0,-83.0,3240.0,0.0,0.0,3240.0,3240.0,,10139.0,0.32,0.32,0.32,10186.0,0.32,0.32,0.32,
06/30/2004,36711.0,,,-17943.0,,,18768.0,,-14233.0,,1004.0,,4535.0,392.0,49.0,49.0,,,-441.0,4927.0,-816.0,4111.0,0.0,,,4111.0,-187.0,3924.0,0.0,0.0,3924.0,3924.0,,10387.0,0.38,0.38,0.38,10431.0,0.38,0.38,0.38,
09/30/2004,38083.0,,,-22488.0,,,15595.0,,-10186.0,,785.0,,5409.0,-51.0,355.0,355.0,,,-304.0,5358.0,-1038.0,4320.0,,,,4320.0,-269.0,4051.0,0.0,0.0,4051.0,4051.0,,10566.0,0.38,0.38,0.38,10610.0,0.38,0.38,0.38,
12/31/2004,43744.0,,,-21301.0,,,22443.0,,-15769.0,,,,6674.0,190.0,336.0,336.0,,,-526.0,6908.0,-843.0,6021.0,0.0,,,6065.0,-390.0,5631.0,0.0,0.0,5631.0,5631.0,,10580.0,0.53,0.53,0.53,10626.0,0.53,0.53,0.53,
03/31/2005,34033.0,,,-19783.0,,,14250.0,,-9750.0,,902.0,,4500.0,60.0,381.0,381.0,,,-441.0,4560.0,-784.0,3776.0,-405.0,,,4181.0,-216.0,3965.0,0.0,0.0,3965.0,3965.0,,10597.0,0.37,0.34,0.34,10641.0,0.37,0.33,0.33,
06/30/2005,35943.0,,,-20998.0,,,14945.0,,-9699.0,,958.0,,5246.0,413.0,336.0,336.0,,,-749.0,5659.0,-993.0,4666.0,-271.0,,,4937.0,-290.0,4647.0,0.0,0.0,4647.0,4647.0,,10604.0,0.44,0.41,0.41,10650.0,0.44,0.41,0.41,
09/30/2005,36021.0,,,-20383.0,,,15638.0,,-9844.0,,1095.0,,5794.0,140.0,339.0,339.0,,,-479.0,5934.0,-1112.0,4822.0,-85.0,,,4907.0,-230.0,4677.0,0.0,0.0,4677.0,4677.0,,10585.0,0.44,0.43,0.43,10623.0,0.44,0.43,0.43,
12/31/2005,40276.0,,,-23247.0,,,17029.0,,-9691.0,,,,7338.0,191.0,376.0,376.0,,,-567.0,6946.0,-1146.0,6383.0,2711.0,,,3089.0,-250.0,3422.0,0.0,0.0,3422.0,3422.0,,10526.0,0.33,0.58,0.58,10563.0,0.32,0.58,0.58,
03/31/2006,35119.0,,,-20298.0,,,14821.0,,-9859.0,,822.0,,4962.0,165.0,349.0,349.0,,,-514.0,5127.0,-981.0,4146.0,-513.0,,,4659.0,-219.0,4440.0,0.0,0.0,4440.0,4440.0,,10442.0,0.43,0.38,0.38,10480.0,0.43,0.38,0.38,
06/30/2006,37101.0,,,-21311.0,,,15790.0,,-10070.0,,896.0,,5720.0,360.0,439.0,439.0,,,-799.0,6080.0,-1063.0,5017.0,-145.0,,,5162.0,-216.0,4946.0,0.0,0.0,4946.0,4946.0,,10362.0,0.48,0.46,0.46,10400.0,0.48,0.46,0.46,
09/30/2006,37307.0,,,-22167.0,,,15140.0,,-9584.0,,793.0,,5556.0,266.0,467.0,467.0,,,-733.0,5822.0,-875.0,4947.0,-117.0,,,5064.0,-198.0,4866.0,0.0,0.0,4866.0,4866.0,,10317.0,0.47,0.46,0.46,10348.0,0.47,0.46,0.46,
12/31/2006,40785.0,,,-24554.0,,,16231.0,,-9256.0,,,,6975.0,257.0,268.0,413.0,,,-525.0,1056.0,-1060.0,6172.0,-496.0,,,492.0,-227.0,6441.0,0.0,0.0,6441.0,6441.0,,10294.0,0.63,0.58,0.58,10326.0,0.62,0.58,0.58,
03/31/2007,38689.0,,,-21951.0,,,16738.0,,-10533.0,,936.0,,6205.0,178.0,533.0,533.0,,,-711.0,6383.0,-1232.0,5151.0,357.0,,,4794.0,-223.0,4571.0,0.0,0.0,4571.0,4571.0,,10284.0,0.44,0.48,0.48,10317.0,0.44,0.48,0.48,
06/30/2007,40960.0,,,-23867.0,,,17093.0,,-11052.0,,1057.0,,6041.0,1246.0,422.0,422.0,,,-1668.0,7287.0,-1453.0,5834.0,231.0,,,5603.0,-221.0,5382.0,0.0,0.0,5382.0,5382.0,,10268.0,0.52,0.55,0.55,10303.0,0.52,0.54,0.54,
09/30/2007,42128.0,,,-24887.0,,,17241.0,,-11394.0,,1190.0,,5847.0,94.0,473.0,473.0,,,-567.0,5941.0,-640.0,5301.0,-448.0,,,5749.0,-190.0,5559.0,0.0,0.0,5559.0,5559.0,,10177.0,0.55,0.5,0.56,10215.0,0.54,0.5,0.56,
12/31/2007,47692.0,,,-28595.0,,,19097.0,,-11625.0,,,,7472.0,445.0,236.0,565.0,,,-681.0,7917.0,-830.0,7087.0,109.0,,,6978.0,-282.0,6696.0,0.0,0.0,6696.0,6696.0,,10048.0,0.67,0.68,0.68,10083.0,0.67,0.68,0.68,
03/31/2008,41653.0,,,-24973.0,,,16680.0,575.0,-11550.0,,1343.0,,5705.0,-351.0,,602.0,,,-251.0,5354.0,-841.0,4513.0,47.0,,,4466.0,-162.0,4304.0,0.0,0.0,4304.0,4304.0,,9978.0,0.43,0.44,0.44,10006.0,0.43,0.44,0.44,
06/30/2008,46840.0,,,-27893.0,,,18947.0,0.0,-12037.0,,1469.0,,6910.0,-278.0,,554.0,,,-276.0,6632.0,-1054.0,5578.0,322.0,,,5256.0,-184.0,5072.0,0.0,0.0,5072.0,5072.0,,9958.0,0.51,0.54,0.56,9982.0,0.51,0.54,0.56,
09/30/2008,46690.0,,,-29647.0,,,17043.0,,-12183.0,,1641.0,,4860.0,312.0,525.0,525.0,,,-837.0,5172.0,-539.0,4633.0,165.0,,,4468.0,-156.0,4312.0,0.0,0.0,4312.0,4312.0,,9953.0,0.43,0.45,0.45,9970.0,0.43,0.45,0.45,
12/31/2008,46320.0,,,-29652.0,,,16668.0,0.0,-13705.0,,3065.0,,2963.0,-339.0,202.0,472.0,-371.0,,238.0,2624.0,1382.0,4006.0,145.0,,,3861.0,-139.0,3722.0,-75.0,0.0,3647.0,3647.0,,10461.0,0.35,0.36,0.51,10466.0,0.35,0.36,0.5,
03/31/2009,38010.0,24127.0,13883.0,-23933.0,18812.0,5121.0,14077.0,428.0,-11673.0,,2336.0,9337.0,2832.0,-206.0,,376.0,,,-170.0,2626.0,309.0,2935.0,21.0,21.0,0.0,2914.0,-85.0,2829.0,-75.0,0.0,2754.0,2683.9,-91.1,10564.0,0.26,0.26,0.254061,10564.0,0.26,0.26,0.251376,
06/30/2009,39074.0,26078.0,12996.0,-24051.0,19583.0,4468.0,15023.0,34.0,-11750.0,,2817.0,8933.0,3307.0,-185.0,,348.0,,,-163.0,3122.0,-227.0,2895.0,194.0,194.0,0.0,2701.0,-12.0,2689.0,-75.0,0.0,2614.0,2585.7,-222.3,10609.0,0.25,0.26,0.243727,10609.0,0.25,0.26,0.239046,
09/30/2009,37361.0,25143.0,12218.0,-23408.0,19280.0,4128.0,13953.0,438.0,-12222.0,,2868.0,9354.0,2169.0,-194.0,,352.0,,,-158.0,1975.0,484.0,2459.0,-40.0,-40.0,0.0,2499.0,-5.0,2494.0,-75.0,0.0,2419.0,2484.25,105.25,10638.0,0.23,0.22,0.233526,10638.0,0.23,0.22,0.229894,
12/31/2009,40940.0,28429.0,12511.0,-25605.0,21506.0,4099.0,15335.0,106.0,-12625.0,,2840.0,9785.0,2816.0,-242.0,,402.0,,0.0,-160.0,2574.0,521.0,3095.0,-20.0,-20.0,0.0,3115.0,-102.0,3013.0,-75.0,0.0,2938.0,2888.1,-29.9,10656.0,0.28,0.27,0.27103,10661.0,0.28,0.27,0.267195,
03/31/2010,35854.0,23673.0,12181.0,-22059.0,18259.0,3800.0,13795.0,350.0,-11115.0,,2187.0,8928.0,3030.0,-223.0,,343.0,,,-120.0,2807.0,-443.0,2364.0,366.0,366.0,0.0,1998.0,-53.0,1945.0,-75.0,0.0,1870.0,2277.6,41.6,10671.0,0.17,0.21,0.213438,10687.0,0.17,0.21,0.213438,
06/30/2010,36650.0,24504.0,12146.0,-21562.0,17917.0,3645.0,15088.0,278.0,-10893.0,,2007.0,8886.0,4473.0,-301.0,,430.0,,,-129.0,4172.0,-866.0,3306.0,101.0,101.0,0.0,3205.0,-96.0,3109.0,-75.0,0.0,3034.0,3168.8,33.8,10685.0,0.28,0.29,0.296565,10702.0,0.28,0.29,0.293158,
09/30/2010,35186.0,23601.0,11585.0,-20941.0,17368.0,3573.0,14245.0,187.0,-10600.0,,1637.0,8963.0,3832.0,-249.0,,393.0,,,-144.0,3583.0,-319.0,3264.0,1052.0,1052.0,0.0,2212.0,-157.0,2055.0,-75.0,0.0,1980.0,3010.55,-21.45,10674.0,0.18,0.28,0.282045,10691.0,0.18,0.28,0.277994,
12/31/2010,40889.0,28659.0,12230.0,-24802.0,21192.0,3610.0,16087.0,336.0,-12629.0,,1352.0,11277.0,3794.0,-254.0,,434.0,,,-180.0,3540.0,591.0,4131.0,-633.0,-633.0,0.0,4764.0,-229.0,4535.0,-75.0,0.0,4460.0,3921.9,94.9,10636.0,0.42,0.36,0.368738,10654.0,0.42,0.36,0.368738,
03/31/2011,34704.0,21991.0,12713.0,-21036.0,17452.0,3584.0,13668.0,0.0,-9647.0,,1140.0,8507.0,4021.0,3413.0,,355.0,,,-3768.0,7434.0,-3942.0,3492.0,-35.0,-35.0,0.0,3527.0,-94.0,3433.0,0.0,0.0,3433.0,3037.65,-360.35,10611.0,0.32,0.31,0.286274,10641.0,0.31,0.31,0.276136,
06/30/2011,34999.0,22908.0,12091.0,-21761.0,18163.0,3598.0,13238.0,624.0,-9154.0,,792.0,8362.0,4708.0,-172.0,,321.0,,,-149.0,4536.0,-892.0,3644.0,-194.0,-194.0,0.0,3838.0,-74.0,3764.0,0.0,0.0,3764.0,3571.3,1.3,10604.0,0.35,0.33,0.336788,10639.0,0.35,0.33,0.330122,
09/30/2011,34808.0,23138.0,11670.0,-21034.0,17478.0,3556.0,13774.0,556.0,-10388.0,,961.0,9427.0,3942.0,-175.0,,356.0,,,-181.0,3767.0,-437.0,3330.0,65.0,65.0,0.0,3265.0,-41.0,3224.0,-881.0,0.0,2343.0,2340.05,-67.95,10580.0,0.22,0.23,0.221177,10607.0,0.22,0.23,0.221177,
12/31/2011,37713.0,26486.0,11227.0,-21225.0,18097.0,3128.0,16488.0,0.0,-12124.0,,1058.0,11066.0,4364.0,156.0,,267.0,,,-423.0,4520.0,-467.0,4053.0,240.0,240.0,0.0,3813.0,-83.0,3730.0,0.0,0.0,3730.0,1893.25,-2076.75,10566.0,0.35,0.38,0.179183,10591.0,0.35,0.37,0.173914,
03/31/2012,34523.0,23527.0,10996.0,-21791.0,18606.0,3185.0,12732.0,0.0,-9193.0,,863.0,8330.0,3539.0,395.0,,315.0,,,-710.0,3934.0,-665.0,3269.0,197.0,197.0,0.0,3072.0,-38.0,3034.0,0.0,0.0,3034.0,3131.65,-99.35,10581.0,0.29,0.3,0.295969,10611.0,0.29,0.3,0.295969,
06/30/2012,36004.0,25003.0,11001.0,-22840.0,19861.0,2979.0,13164.0,0.0,-9147.0,,743.0,8404.0,4017.0,170.0,,351.0,,,-521.0,4187.0,-496.0,3691.0,553.0,553.0,0.0,3138.0,-33.0,3105.0,0.0,0.0,3105.0,3871.85,213.85,10574.0,0.29,0.35,0.366167,10611.0,0.29,0.34,0.360154,
09/30/2012,35467.0,24539.0,10928.0,-22063.0,19265.0,2798.0,13404.0,0.0,-9993.0,,1122.0,8871.0,3411.0,613.0,,294.0,,,-907.0,4024.0,-557.0,3467.0,-41.0,-41.0,0.0,3508.0,-17.0,3491.0,0.0,0.0,3491.0,3573.8,123.8,10523.0,0.33,0.33,0.339618,10568.0,0.33,0.33,0.339618,
12/31/2012,38336.0,27080.0,11256.0,-22205.0,19523.0,2682.0,16131.0,0.0,-11436.0,,1144.0,10292.0,4695.0,574.0,,393.0,,,-967.0,5269.0,-820.0,4449.0,303.0,303.0,0.0,4146.0,-135.0,4011.0,0.0,0.0,4011.0,4514.85,200.85,10447.0,0.38,0.41,0.432167,10500.0,0.38,0.41,0.429129,
03/31/2013,33328.0,22187.0,11141.0,-20360.0,17978.0,2382.0,12968.0,0.0,-10223.0,,1457.0,8766.0,2745.0,1394.0,,324.0,,,-1718.0,4139.0,-508.0,3631.0,120.0,120.0,0.0,3511.0,16.0,3527.0,0.0,0.0,3527.0,2419.85,-1227.15,10374.0,0.34,0.35,0.233261,10433.0,0.34,0.35,0.232378,
06/30/2013,34955.0,24502.0,10453.0,-21566.0,19178.0,2388.0,13389.0,0.0,-9548.0,,1010.0,8538.0,3841.0,-108.0,,326.0,,,-218.0,3733.0,-310.0,3423.0,124.0,124.0,0.0,3299.0,-166.0,3133.0,0.0,0.0,3133.0,3342.15,85.15,10263.0,0.3,0.32,0.32565,10328.0,0.3,0.31,0.318245,
09/30/2013,35298.0,25152.0,10146.0,-22351.0,20127.0,2224.0,12947.0,0.0,-9469.0,,789.0,8680.0,3478.0,142.0,,338.0,,,-480.0,3620.0,-348.0,3272.0,91.0,91.0,0.0,3181.0,10.0,3191.0,0.0,0.0,3191.0,3319.7,37.7,10151.0,0.31,0.32,0.327032,10223.0,0.31,0.32,0.323688,
12/31/2013,39356.0,28701.0,10655.0,-24807.0,22534.0,2273.0,14549.0,0.0,-10721.0,,1562.0,9159.0,3828.0,831.0,,345.0,,,-1176.0,4659.0,490.0,5149.0,1785.0,1785.0,0.0,3364.0,-158.0,3206.0,0.0,0.0,3206.0,4766.1,-224.9,10090.0,0.32,0.49,0.472359,10162.0,0.32,0.49,0.467869,
03/31/2014,33352.0,23850.0,9502.0,-21029.0,19142.0,1887.0,12323.0,0.0,-8946.0,,984.0,7962.0,3377.0,-58.0,,365.0,,,-307.0,3319.0,-619.0,2700.0,-252.0,-252.0,0.0,2952.0,47.0,2999.0,0.0,0.0,2999.0,2754.15,7.15,10045.0,0.3,0.27,0.274181,10123.0,0.3,0.27,0.270706,
06/30/2014,31922.0,26098.0,5824.0,-21688.0,20664.0,1024.0,10234.0,0.0,-7221.0,,948.0,6273.0,3013.0,63.0,,401.0,,,-464.0,3076.0,-192.0,2884.0,-661.0,-661.0,0.0,3545.0,0.0,3545.0,0.0,0.0,3545.0,2887.9,3.9,10031.0,0.35,0.29,0.287898,10110.0,0.35,0.28,0.280386,
09/30/2014,31849.0,25890.0,5959.0,-21463.0,20402.0,1061.0,10386.0,0.0,-7176.0,,858.0,6318.0,3210.0,-6.0,,377.0,,,-371.0,3204.0,-401.0,2803.0,-706.0,-706.0,0.0,3509.0,28.0,3537.0,0.0,0.0,3537.0,2832.3,1.3,10039.0,0.35,0.28,0.28213,10119.0,0.35,0.28,0.280128,
12/31/2014,33427.0,30921.0,2506.0,-24614.0,24262.0,352.0,8813.0,0.0,-4640.0,4200.0,,440.0,4173.0,-295.0,,437.0,,,-142.0,3878.0,-188.0,3690.0,-1649.0,-1649.0,0.0,5339.0,-187.0,5152.0,0.0,0.0,5152.0,4125.7,622.7,10050.0,0.51,0.36,0.410517,10127.0,0.51,0.35,0.410517,
03/31/2015,26097.0,23683.0,2414.0,-19634.0,19295.0,339.0,6463.0,0.0,-4706.0,4415.0,,291.0,1757.0,-136.0,,389.0,,,-253.0,1621.0,-6294.0,-4673.0,8936.0,8936.0,0.0,-13609.0,36.0,-13573.0,0.0,0.0,-13573.0,1639.25,6276.25,10067.0,-1.35,-0.45,0.171675,10067.0,-1.35,-0.45,0.171675,
06/30/2015,28446.0,26056.0,2390.0,-21652.0,21229.0,423.0,6794.0,0.0,-4673.0,4385.0,,288.0,2121.0,491.0,,414.0,,,-905.0,2612.0,-800.0,1812.0,2947.0,2947.0,0.0,-1135.0,-225.0,-1360.0,0.0,0.0,-1360.0,2125.85,538.85,10087.0,-0.13,0.17,0.210751,10158.0,-0.13,0.17,0.210751,
09/30/2015,27859.0,25527.0,2332.0,-21114.0,20528.0,586.0,6745.0,169.0,-4553.0,4258.0,,295.0,2361.0,-311.0,,440.0,,,-129.0,2050.0,-135.0,1915.0,-630.0,-630.0,0.0,2545.0,-39.0,2506.0,0.0,0.0,2506.0,2550.9,674.9,10103.0,0.25,0.19,0.252489,10173.0,0.25,0.19,0.252489,
12/31/2015,32757.0,30543.0,2214.0,-25200.0,24247.0,953.0,7557.0,1135.0,-6507.0,4772.0,,1735.0,2185.0,-282.0,,463.0,,,-181.0,1903.0,742.0,2645.0,-3759.0,-3759.0,0.0,6404.0,-103.0,6301.0,-18.0,0.0,6283.0,3408.865,884.865,9745.0,0.64,0.26,0.354219,9821.0,0.64,0.26,0.350099,
03/31/2016,27836.0,25314.0,2522.0,-22433.0,21003.0,1430.0,5403.0,9.0,-4867.0,4608.0,,259.0,545.0,-307.0,,440.0,,,-133.0,238.0,177.0,415.0,308.0,308.0,0.0,107.0,121.0,228.0,-289.0,0.0,-61.0,987.35,740.35,9288.0,-0.01,0.03,0.106304,9383.0,-0.01,0.03,0.106304,
06/30/2016,30344.0,28028.0,2316.0,-24117.0,23159.0,958.0,6227.0,3150.0,-5185.0,4883.0,,302.0,4192.0,-368.0,,567.0,,,-199.0,3824.0,-461.0,3363.0,541.0,541.0,0.0,2822.0,86.0,2908.0,-152.0,0.0,2756.0,2035.35,-1261.65,9079.0,0.3,0.36,0.224182,9187.0,0.3,0.36,0.22267,
09/30/2016,29038.0,26814.0,2224.0,-22267.0,21650.0,617.0,6771.0,227.0,-4581.0,4343.0,,238.0,2417.0,-343.0,,483.0,,,-140.0,2074.0,-18.0,2056.0,105.0,105.0,0.0,1951.0,76.0,2027.0,-33.0,0.0,1994.0,2747.05,648.05,8904.0,0.22,0.24,0.308519,9016.0,0.22,0.23,0.301878,
12/31/2016,32469.0,30234.0,2235.0,-25253.0,24469.0,784.0,7216.0,619.0,-4724.0,4543.0,,181.0,3111.0,-218.0,,536.0,,,-318.0,2893.0,766.0,3659.0,0.0,0.0,0.0,3659.0,8.0,3667.0,-181.0,0.0,3486.0,4454.5,968.5,8795.0,0.4,0.39,0.506481,8901.0,0.39,0.39,0.498808,
03/31/2017,26880.0,24616.0,2264.0,-22003.0,20864.0,1139.0,4877.0,0.0,-5127.0,4287.0,,840.0,-250.0,197.0,,564.0,,,-761.0,-53.0,105.0,52.0,239.0,239.0,0.0,-187.0,104.0,-83.0,-34.0,0.0,-117.0,803.0,681.0,8714.0,-0.01,0.01,0.092151,8811.0,-0.01,0.01,0.08729,
06/30/2017,29097.0,27075.0,2022.0,-23454.0,22280.0,1174.0,5643.0,0.0,-4846.0,4152.0,,694.0,797.0,330.0,,637.0,,,-967.0,1127.0,38.0,1165.0,146.0,146.0,0.0,1019.0,38.0,1057.0,-182.0,0.0,875.0,1876.0,855.0,8671.0,0.1,0.12,0.217161,8760.0,0.1,0.12,0.217161,
09/30/2017,30663.0,28765.0,1898.0,-25078.0,24288.0,790.0,5585.0,0.0,-6560.0,4741.0,,1819.0,-975.0,1721.0,,718.0,,,-2439.0,746.0,551.0,1297.0,106.0,106.0,0.0,1191.0,169.0,1360.0,-36.0,0.0,1324.0,1825.0,395.0,8665.0,0.15,0.16,0.210617,8732.0,0.15,0.16,0.205236,
12/31/2017,31603.0,30512.0,1091.0,-36390.0,35618.0,772.0,-4787.0,0.0,-7066.0,4389.0,,2677.0,-11853.0,-1118.0,,834.0,,,284.0,-12971.0,1918.0,-11053.0,-182.0,-182.0,0.0,-10871.0,53.0,-10818.0,-184.0,0.0,-11002.0,-4218.0,6966.0,8676.0,-1.27,-1.29,-0.486169,8676.0,-1.27,-1.29,-0.487095,
03/31/2018,27788.0,26002.0,1786.0,-22823.0,21541.0,1282.0,4965.0,0.0,-4893.0,4088.0,,805.0,72.0,206.0,,639.0,,,-845.0,278.0,50.0,328.0,1441.0,1441.0,0.0,-1113.0,-34.0,-1147.0,-37.0,0.0,-1184.0,735.0,478.0,8683.0,-0.14,0.03,0.084648,8696.0,-0.14,0.03,0.084648,
06/30/2018,29162.0,27151.0,2011.0,-23190.0,22418.0,772.0,5972.0,0.0,-5102.0,4346.0,,756.0,870.0,366.0,,686.0,,,-1052.0,1236.0,-505.0,731.0,63.0,63.0,0.0,668.0,132.0,800.0,-185.0,0.0,615.0,1500.0,822.0,8688.0,0.07,0.08,0.172652,8699.0,0.07,0.08,0.172652,
09/30/2018,23392.0,21282.0,2110.0,-19261.0,18557.0,704.0,4131.0,0.0,-26921.0,4100.0,,22821.0,-22790.0,-172.0,,590.0,,,-418.0,-22962.0,-52.0,-23014.0,-155.0,-155.0,0.0,-22859.0,90.0,-22769.0,-39.0,0.0,-22808.0,1092.0,24055.0,8694.0,-2.62,-2.64,0.125604,8694.0,-2.62,-2.64,0.125604,
12/31/2018,26499.0,24336.0,2163.0,-22042.0,21356.0,686.0,4457.0,0.0,-4565.0,3630.0,,935.0,-108.0,439.0,,642.0,,,-1081.0,331.0,366.0,697.0,-163.0,-163.0,0.0,860.0,-99.0,761.0,-187.0,0.0,574.0,1025.0,614.0,8700.0,0.07,0.06,0.117816,8701.0,0.07,0.06,0.117816,
03/31/2019,22202.0,20257.0,1945.0,-17496.0,16819.0,677.0,4706.0,0.0,-4043.0,3402.0,,641.0,663.0,459.0,,520.0,,,-979.0,1122.0,-140.0,982.0,-2663.0,-2663.0,0.0,3645.0,-57.0,3588.0,-40.0,0.0,3548.0,1137.0,252.0,8711.0,0.41,0.1,0.130525,8711.0,0.4,0.1,0.128929,
06/30/2019,23414.0,21371.0,2043.0,-18696.0,18050.0,646.0,4718.0,0.0,-4896.0,3425.0,,1471.0,-178.0,-118.0,,382.0,,,-264.0,-296.0,181.0,-115.0,-219.0,-219.0,0.0,104.0,23.0,127.0,-188.0,0.0,-61.0,1387.0,1667.0,8724.0,-0.01,-0.03,0.158987,8724.0,-0.01,-0.03,0.158987,
09/30/2019,23360.0,21504.0,1856.0,-19381.0,18791.0,590.0,3979.0,0.0,-4697.0,3293.0,,1404.0,-718.0,-531.0,,791.0,,,-260.0,-1249.0,-41.0,-1290.0,8093.0,8093.0,0.0,-9383.0,-40.0,-9423.0,-42.0,0.0,-9465.0,466.0,1838.0,8730.0,-1.08,-0.15,0.053379,8730.0,-1.08,-0.15,0.053379,
12/31/2019,26238.0,24355.0,1883.0,-20281.0,19662.0,619.0,5957.0,0.0,-5101.0,3829.0,,1272.0,856.0,715.0,,423.0,,,-1138.0,1571.0,-727.0,844.0,123.0,123.0,0.0,721.0,7.0,728.0,-190.0,0.0,538.0,1846.0,1185.0,8736.0,0.06,0.08,0.21131,8742.0,0.06,0.07,0.205553,
03/31/2020,20523.0,18814.0,1709.0,-16835.0,16331.0,504.0,3688.0,0.0,-3793.0,3065.0,,728.0,-105.0,6579.0,,370.0,,,-6949.0,6474.0,-63.0,6411.0,178.0,178.0,0.0,6233.0,-34.0,6199.0,-43.0,0.0,6156.0,420.0,-5914.0,8742.0,0.7,0.72,0.048044,8742.0,0.7,0.72,0.043496,
06/30/2020,17750.0,16060.0,1690.0,-16304.0,15647.0,657.0,1446.0,0.0,-5523.0,3079.0,,2444.0,-4077.0,1738.0,,396.0,,,-2134.0,-2339.0,199.0,-2140.0,-7.0,-7.0,0.0,-2133.0,145.0,-1988.0,-192.0,0.0,-2180.0,-1135.0,1052.0,8750.0,-0.26,-0.27,-0.129714,8750.0,-0.26,-0.27,-0.149771,
09/30/2020,18825.455,,,,,,3755.6782725,,,,,,287.64,,,,,,,-351.333,,-616.5,,,,,,-616.5,,,-616.5,-478.509,,,-0.124,-0.124,-0.038,,-0.124,-0.124,-0.038,
12/31/2020,22090.818,,,,,,5655.69122436,,,,,,1422.0,,,,,,,898.167,,405.0,,,,,,405.0,,,405.0,575.29,,,0.007,0.007,0.08,,0.007,0.007,0.08,
