Date,Revenue,Sales & Services Revenue,Cost of Revenue,Cost of Goods & Services,Gross Profit,Other Operating Income,Operating Expenses,"Selling, General & Admin",Other Operating Expense,Operating Income (Loss),Non-Operating (Income) Loss,"Interest Expense, Net",Interest Expense,Interest Income,Foreign Exch (Gain) Loss,(Income) Loss from Affiliates,Other Non-Op (Income) Loss,Pretax Income,Income Tax Expense (Benefit),Income (Loss) from Cont Ops,Net Extraordinary Losses (Gains),Discontinued Operations,XO & Accounting Changes,Income (Loss) Incl. MI,Minority Interest,"Net Income, GAAP",Preferred Dividends,Other Adjustments,"Net Income Avail to Common, GAAP","Net Income Avail to Common, Adj",Net Abnormal Losses (Gains),Basic Weighted Avg Shares,"Basic EPS, GAAP",Basic EPS from Cont Ops,"Basic EPS from Cont Ops, Adjusted",Diluted Weighted Avg Shares,"Diluted EPS, GAAP",Diluted EPS from Cont Ops,"Diluted EPS from Cont Ops, Adjusted",Source: Bloomberg
08/27/1989,1501.800049,,-805.299988,,696.500061,,-511.5,,,185.0,-8.2,,8.2,,,,,176.8,-69.599998,107.199997,-7.7,,,114.900002,,114.900002,,,114.900002,114.900002,,659.200012,0.17375,0.1625,,659.200012,0.17375,0.1625,0.1625,
11/26/1989,1626.599976,,-873.700012,,752.899963,,-594.700012,,,158.199997,-8.0,,8.0,,,,,150.199997,-58.799999,91.400002,,,,91.399998,,91.400002,,,91.400002,91.400002,,659.200012,0.13875,0.1375,,659.200012,0.13875,0.1375,0.1375,
02/25/1990,1612.199951,,-875.799988,,736.399963,,-564.099976,,,172.300003,-8.4,,8.4,,,,,163.900003,-64.099998,99.800003,,,,99.800005,,99.800003,,,99.800003,99.800003,,659.200012,0.15125,0.15,,659.200012,0.15125,0.15,0.15,
05/27/1990,1707.699951,,-930.299988,,777.399963,,-647.799988,,,129.600006,-7.800001,,36.700001,,,,-28.9,121.800005,-46.5,75.300003,0.0,,,75.300005,0.0,75.300003,,,75.300003,75.300003,,652.400024,0.115,0.115,0.115,652.400024,0.115,0.115,0.115,
08/26/1990,1739.5,,-911.0,,828.5,,-611.700012,,,216.800003,-13.0,,13.0,,,,,203.800003,-80.0,123.800003,-5.7,,,129.500003,,129.5,,,129.5,129.5,,656.400024,0.1975,0.1875,,656.400024,0.1975,0.1875,0.1875,
11/25/1990,1836.800049,,-962.700012,,874.100037,,-657.400024,,,216.699997,-15.9,,15.9,,,,,200.799997,-82.599998,118.199997,,,,118.199999,,118.199997,,,118.199997,118.199997,,657.599976,0.18,0.18,,657.599976,0.18,0.18,0.18,
02/24/1991,1747.599976,,-877.099976,,870.5,,-640.599976,,,229.899994,-15.6,,15.6,,,,,214.299994,-83.0,131.300003,-2.8,,,134.099993,,134.100006,,,134.100006,134.100006,,658.799988,0.2025,0.2,,658.799988,0.2025,0.2,0.2,
05/26/1991,1829.300049,,-971.299988,,858.000061,,-694.700012,,,163.300003,-16.599998,,39.599998,,,,-23.0,146.700005,-55.799999,90.900002,0.0,,,90.900006,0.0,90.900002,,,90.900002,90.900002,,660.0,0.1375,0.1375,0.1375,660.0,0.1375,0.1375,0.1375,
08/25/1991,1916.5,,-1001.900024,,914.599976,,-664.099976,,,250.5,-16.1,,16.1,,,,,234.4,-92.300003,142.100006,,,,142.099997,,142.100006,,,142.100006,142.100006,,661.200012,0.215,0.215,,661.200012,0.215,0.215,0.215,
11/24/1991,1992.5,,-1045.599976,,946.900024,,-712.5,,,234.399994,-12.2,,12.2,,,,,222.199994,-93.900002,128.300003,,,,128.299993,,128.300003,,,128.300003,128.300003,,662.400024,0.1925,0.1925,,662.400024,0.1925,0.1925,0.1925,
02/23/1992,1868.300049,,-983.400024,,884.900024,,-652.700012,,,232.199997,-12.6,,12.6,,,,,219.599997,-87.5,132.100006,,,,132.099997,,132.100006,,,132.100006,132.100006,,664.0,0.2,0.2,,664.0,0.2,0.2,0.2,
05/31/1992,2000.5,,-1092.300049,,908.199951,,-722.599976,,,185.600006,-17.299999,,35.0,,,,-17.700001,168.300007,-65.199997,103.099998,10.0,,,93.10001,0.0,93.099998,0.0,,93.099998,93.099998,,663.200012,0.14,0.155,0.155,663.200012,0.14,0.155,0.155,
08/30/1992,2019.599976,,-1042.300049,,977.299927,,-700.099976,,,277.200012,-16.5,,16.5,,,,,260.700012,-101.099998,159.600006,,,,159.600014,,159.600006,,,159.600006,159.600006,,655.200012,0.2425,0.2425,,655.200012,0.2425,0.2425,0.2425,
11/29/1992,2096.899902,,-1080.300049,,1016.599854,,-773.799988,,,242.800003,-17.1,,17.1,,,,,225.700003,-87.599998,138.100006,,,,138.100004,,138.100006,,,138.100006,138.100006,,654.400024,0.2125,0.2125,,654.400024,0.2125,0.2125,0.2125,
02/28/1993,2010.699951,,-1069.300049,,941.399902,,-684.5,,,256.899994,-19.799999,,19.799999,,0.0,,0.0,237.099995,-96.199997,140.899994,0.0,,,140.899998,0.0,140.899994,0.0,,140.899994,140.899994,,654.400024,0.215,0.215,,654.400024,0.215,0.215,0.215,
05/30/1993,2007.400024,,-1105.699951,,901.700073,,-761.0,,,140.699997,-20.200001,,20.200001,,0.0,,0.0,120.499996,-53.0,67.5,0.0,,,67.499996,0.0,67.5,0.0,,67.5,67.5,,646.0,0.105,0.105,0.105,646.0,0.105,0.105,0.105,
08/29/1993,1306.300049,,,,,,,,,,,,,,,,,,,129.0,-36.799999,,,,0.0,165.800003,0.0,,165.800003,165.800003,,639.599976,0.26,0.2025,,639.599976,0.26,0.2025,0.2025,
11/28/1993,1448.599976,,,,,,,,,,,,,,,,,,,126.0,-14.7,,,,0.0,140.699997,0.0,,140.699997,140.699997,,636.400024,0.22,0.1975,,636.400024,0.22,0.1975,0.1975,
02/27/1994,1277.599976,,,,,,,,,,,,,,,,,,,110.800003,-34.200001,,,,0.0,145.0,0.0,,145.0,145.0,,636.0,0.2275,0.175,,636.0,0.2275,0.175,0.175,
05/29/1994,1294.699951,,,,,,,,,1294.699951,,,,,,,,,,-25.799999,-44.200001,,,,0.0,18.4,0.0,,18.4,18.4,,634.0,0.03,-0.04,-0.04,634.0,0.03,-0.04,-0.04,
08/28/1994,1156.699951,,-460.200012,,696.499939,,-486.5,,,210.0,-22.1,,22.1,,0.0,,0.0,187.9,-69.900002,118.0,-32.799999,,,150.799997,0.0,150.800003,0.0,,150.800003,150.800003,,632.400024,0.2375,0.1875,,632.400024,0.2375,0.1875,0.1875,
11/27/1994,1417.300049,,-595.099976,,822.200073,,-581.700012,,,240.5,-25.4,,25.4,,0.0,,0.0,215.1,-80.300003,134.800003,-14.4,,,149.199997,0.0,149.199997,0.0,,149.199997,149.199997,,630.799988,0.2375,0.2125,,630.799988,0.2375,0.2125,0.2125,
02/26/1995,1224.199951,,-520.900024,,703.299927,,-514.599976,,,188.699997,-165.300007,,25.700001,,0.0,,139.600006,23.39999,-3.2,20.200001,14.8,,,5.39999,0.0,5.4,0.0,,5.4,5.4,,631.599976,0.0075,0.0325,,631.599976,0.0075,0.0325,0.0325,
05/28/1995,1228.5,,-446.799988,,781.700012,,-731.900024,,,49.799999,-71.599998,,28.0,,0.0,,43.599998,-21.799999,8.5,-13.3,-75.300003,,,62.000004,0.0,62.0,0.0,,62.0,62.0,,633.200012,0.1,-0.02,-0.02,633.200012,0.1,-0.02,-0.02,
08/27/1995,1276.300049,,-525.599976,,750.700073,,-505.299988,,,245.399994,-27.0,,27.0,,0.0,,0.0,218.399994,-81.5,136.899994,0.0,,,136.899994,0.0,136.899994,0.0,,136.899994,136.899994,,633.599976,0.215,0.215,0.215,633.599976,0.215,0.215,0.215,
11/26/1995,1448.400024,,-596.099976,,852.300049,,-598.400024,,,253.899994,-25.799999,,25.799999,,0.0,,0.0,228.099995,-82.400002,145.699997,0.0,,,145.699993,0.0,145.699997,0.0,,145.699997,145.699997,,635.200012,0.23,0.23,0.23,635.200012,0.23,0.23,0.23,
02/25/1996,1309.199951,,-533.099976,,776.099976,,-568.099976,,,208.0,-25.1,,25.1,,0.0,,0.0,182.9,-66.599998,116.300003,0.0,,,116.300001,0.0,116.300003,0.0,,116.300003,116.300003,,636.799988,0.1825,0.1825,0.1825,636.799988,0.1825,0.1825,0.1825,
05/26/1996,1382.099976,,-586.200012,,795.899964,,-643.200012,,,152.699997,-26.300001,,38.700001,,0.0,,-12.4,126.399996,-48.900002,77.5,0.0,,,77.499994,0.0,77.5,0.0,,77.5,77.5,,636.799988,0.1225,0.1225,0.1225,636.799988,0.1225,0.1225,0.1225,
08/25/1996,1315.599976,,-535.799988,,779.799988,,-553.599976,,,226.199997,-72.0,,22.799999,,0.0,,49.200001,154.199997,-56.5,97.699997,0.0,,,97.699997,0.0,97.699997,0.0,,97.699997,97.699997,,631.599976,0.155,0.155,0.2,640.799988,0.1525,0.1525,0.1975,
11/24/1996,1560.099976,,-659.400024,,900.699951,,-630.5,,,270.200012,-23.0,,24.5,,0.0,,-1.5,247.200012,-90.5,156.699997,0.0,,,156.700012,0.0,156.699997,0.0,,156.699997,156.699997,,626.0,0.25,0.25,0.25,639.599976,0.245,0.245,0.245,
02/23/1997,1289.599976,,-548.299988,,741.299988,,-515.099976,,,226.199997,-30.700001,,25.200001,,0.0,,5.5,195.499996,-72.699997,122.800003,0.0,,,122.799999,0.0,122.800003,0.0,,122.800003,122.800003,,630.0,0.195,0.195,0.195,647.200012,0.19,0.19,0.19,
05/25/1997,1444.0,,-584.900024,,859.099976,,-722.799988,,,136.300003,-29.499998,,42.099998,,0.0,,-12.6,106.800005,-38.599998,68.199997,0.0,,,68.200007,0.0,68.199997,0.0,,68.199997,68.199997,,642.799988,0.105,0.105,0.105,660.0,0.1025,0.1025,0.1025,
08/24/1997,1416.5,,-543.900024,,872.599976,,-626.5,,,246.100006,-30.300001,,31.200001,,,,-0.9,215.800005,-81.5,134.300003,0.0,,,134.300005,0.0,134.300003,0.0,,134.300003,134.300003,,638.799988,0.21,0.21,0.21,654.799988,0.205,0.205,0.205,
11/24/1997,1638.300049,,-653.700012,,984.600037,,-693.900024,,,290.700012,-194.499996,,27.299999,,,,167.199997,96.200016,-31.6,64.599998,0.0,,,64.600016,0.0,64.599998,0.0,,64.599998,64.599998,,632.799988,0.1025,0.1025,0.2575,649.200012,0.1,0.1,0.255,
02/23/1998,1424.699951,,-552.400024,,872.299927,,-634.900024,,,237.399994,-28.999999,,26.799999,,,,2.2,208.399995,-77.300003,131.100006,0.0,,,131.099992,0.0,131.100006,0.0,,131.100006,131.100006,,633.200012,0.2075,0.2075,0.2075,651.200012,0.2025,0.2025,0.2025,
05/31/1998,1553.5,,-639.299988,,914.200012,,-738.200012,,,176.0,-32.699999,,44.299999,,,,-11.6,143.300001,-51.5,91.800003,0.0,,,91.800001,0.0,91.800003,0.0,,91.800003,91.800003,,633.200012,0.1475,0.1475,0.1475,650.0,0.1425,0.1425,0.1425,
08/30/1998,1473.1,,-583.7,,889.4,0.0,-634.1,634.1,0.0,255.3,-27.2,29.8,,,,,0.0,228.1,-83.1,145.0,0.0,,,145.0,0.0,145.0,0.0,0.0,145.0,145.0,,616.2,0.235,0.235,0.235,629.4,0.23,0.23,0.23,
11/29/1998,1677.4,,-699.0,,978.4,,-667.8,,,310.6,-83.3,29.4,,,,,53.9,227.3,-83.699,143.601,0.0,,,143.601,0.0,143.601,0.0,,143.601,143.601,,611.6,0.235,0.235,0.2875,627.0,0.23,0.23,0.28,
02/28/1999,1495.1,,-618.8,,876.3,0.0,-618.8,618.8,0.0,257.5,-36.9,31.4,,,,,0.0,220.6,-79.5,141.1,0.0,,,141.1,0.0,141.1,0.0,0.0,141.1,141.1,,614.2,0.23,0.23,0.23,633.4,0.225,0.225,0.225,
05/30/1999,1600.5,,-692.0,,908.5,,-714.2,,,194.3,-31.8,28.8,,,,,3.0,162.5,-57.701,104.799,0.0,,,104.799,0.0,104.799,0.0,,104.799,104.799,,610.0,0.1725,0.1725,0.1725,627.6,0.1675,0.1675,0.1675,
08/29/1999,1573.6,,-621.4,,952.2,0.0,-677.2,677.2,0.0,275.0,-29.2,32.7,,,,,0.0,245.8,-87.3,158.5,,,,158.5,,158.5,0.0,0.0,158.5,158.5,,1216.8,0.13,0.13,0.13,1256.8,0.125,0.125,0.125,
11/28/1999,1817.2,,-728.2,,1089.0,,-760.0,,,329.0,-31.0,34.1,,,,,-3.1,298.0,-104.3,193.7,0.0,,,193.7,0.0,193.7,0.0,0.0,193.7,193.7,,607.0,0.32,0.32,0.32,626.2,0.31,0.31,0.31,
02/27/2000,1619.6,,-650.6,,969.0,,-687.4,,,281.6,-42.0,36.5,,,,,5.5,239.6,-86.3,153.3,0.0,,,153.3,0.0,153.3,0.0,0.0,153.3,153.3,,599.8,0.255,0.255,0.255,612.6,0.25,0.25,0.25,
05/28/2000,1689.8,,-697.4,,992.4,,-779.1,,,213.3,-46.4,48.6,,,,,-2.2,166.9,-58.0,108.9,0.0,,,108.9,0.0,108.9,0.0,0.0,108.9,108.9,,577.8,0.19,0.19,0.19,591.6,0.185,0.185,0.185,
08/27/2000,1674.9,,-653.3,,1021.6,,-725.5,,,296.1,-51.8,54.8,,,,,-3.0,244.3,-85.4,158.9,,,,158.9,,158.9,,,158.9,158.9,,567.4,0.28,0.28,0.28,581.0,0.275,0.275,0.275,
11/26/2000,1895.2,,-753.1,,1142.1,,-785.7,,,356.4,-46.5,52.4,,,,,-5.9,309.9,-107.2,202.7,,,,202.7,,202.7,,,202.7,202.7,,565.8,0.36,0.36,0.36,580.4,0.35,0.35,0.35,
02/25/2001,1701.6,,-708.0,,993.6,,-697.8,,,295.8,-53.4,55.4,,,,,-2.0,242.4,-84.9,157.5,,,,157.5,,157.5,,,157.5,157.5,,568.6,0.275,0.275,0.275,587.6,0.27,0.27,0.27,
05/27/2001,1321.0,,-726.799988,,594.200012,,-239.5,,,354.700012,-136.300003,,,,0.0,,136.300003,218.400009,-72.400002,146.0,0.0,,,146.000007,0.0,146.0,0.0,0.0,146.0,146.0,,569.599976,0.255,0.255,0.215,587.200012,0.25,0.25,0.21,
08/26/2001,1404.0,,-721.0,,683.0,,-371.2,,,311.8,-25.4,48.9,,,0.0,,-23.5,286.4,-95.4,191.0,3.0,,,188.0,0.0,188.0,0.0,0.0,188.0,188.0,,569.4,0.33,0.335,0.32,589.6,0.32,0.325,0.31,
11/25/2001,2342.6,,-1039.8,,1302.8,,-917.1,,,385.7,-174.4,68.7,,,,,105.7,211.3,-80.5,130.8,,,,130.8,,130.8,,,130.8,130.8,,614.8,0.215,0.215,0.33,636.6,0.205,0.205,0.315,
02/24/2002,3104.5,,-1498.4,,1606.1,,-1307.8,,,298.3,-177.8,146.8,,,,,31.0,120.5,-38.0,82.5,,,,82.5,,82.5,,,82.5,82.5,,731.2,0.115,0.115,0.15,755.8,0.11,0.11,0.145,
05/26/2002,2324.0,,-1508.0,,816.0,,-538.0,,,278.0,-196.0,154.6,,,0.0,,41.4,82.0,-25.0,57.0,0.0,,,57.0,0.0,57.0,0.0,0.0,57.0,57.0,,734.0,0.08,0.08,0.13,756.0,0.075,0.075,0.125,
08/25/2002,2362.0,,-1386.0,,976.0,,-533.0,,,443.0,-180.0,142.0,,,0.0,,38.0,263.0,-87.0,176.0,0.0,,,176.0,0.0,176.0,0.0,0.0,176.0,176.0,,734.0,0.24,0.24,0.285,752.0,0.235,0.235,0.28,
11/24/2002,2953.0,,-1711.0,,1242.0,,-677.0,,,565.0,-150.0,140.0,,,0.0,,10.0,415.0,-139.0,276.0,0.0,,,276.0,0.0,276.0,0.0,0.0,276.0,276.0,,736.0,0.375,0.375,0.395,754.0,0.365,0.365,0.385,
02/23/2003,2645.0,,-1567.0,,1078.0,0.0,-571.0,571.0,0.0,507.0,-144.0,135.0,,,0.0,,22.0,363.0,-123.0,240.0,0.0,,,240.0,,240.0,0.0,0.0,240.0,240.0,,738.0,0.325,0.325,0.345,758.0,0.315,0.315,0.335,
05/25/2003,2546.0,,-1482.0,,1064.0,,-611.0,,,453.0,-117.0,138.0,,,0.0,,-21.0,336.0,-111.0,225.0,0.0,,,225.0,0.0,225.0,0.0,0.0,225.0,225.0,,740.0,0.305,0.305,0.33,758.0,0.295,0.295,0.32,
08/24/2003,2518.0,,-1474.0,,1044.0,,-576.0,,,468.0,-129.0,134.0,134.0,,0.0,,-5.0,339.0,-112.0,227.0,0.0,,,227.0,0.0,227.0,0.0,0.0,227.0,227.0,,744.0,0.305,0.305,0.32,764.0,0.295,0.295,0.31,
11/23/2003,3060.0,,-1797.0,,1263.0,,-658.0,,,605.0,-139.0,127.0,127.0,,0.0,,12.0,466.0,-158.0,308.0,0.0,,,308.0,0.0,308.0,0.0,0.0,308.0,308.0,,748.0,0.41,0.41,0.435,766.0,0.405,0.405,0.425,
02/22/2004,2703.0,,-1638.0,,1065.0,,-589.0,,,476.0,-113.0,123.0,123.0,,0.0,,-10.0,363.0,-121.0,242.0,0.0,,,242.0,0.0,242.0,0.0,0.0,242.0,242.0,,750.0,0.32,0.32,0.325,766.0,0.315,0.315,0.32,
05/30/2004,2789.0,,-1675.0,,1114.0,,-586.0,,,528.0,-113.0,124.0,124.0,,0.0,,-11.0,415.0,-137.0,278.0,0.0,,,278.0,0.0,278.0,0.0,0.0,278.0,278.0,,772.0,0.37,0.37,0.4,830.0,0.34,0.34,0.37,
08/29/2004,2585.0,,-1581.0,,1004.0,,-611.0,,,393.0,-127.0,111.0,115.0,-4.0,0.0,,16.0,266.0,-83.0,183.0,0.0,,,183.0,0.0,183.0,0.0,0.0,183.0,183.0,,758.0,0.24,0.24,0.285,832.0,0.225,0.225,0.27,
11/28/2004,3168.0,,-1881.0,,1287.0,,-637.0,,,650.0,-112.0,125.0,125.0,,0.0,,-13.0,538.0,-171.0,367.0,0.0,,,367.0,0.0,367.0,0.0,0.0,367.0,367.0,,740.0,0.495,0.495,0.505,754.0,0.485,0.485,0.495,
02/27/2005,2772.0,,-1695.0,,1077.0,,-580.0,,,497.0,-87.0,107.0,107.0,,0.0,,-20.0,410.0,-180.0,230.0,0.0,,,230.0,0.0,230.0,0.0,0.0,230.0,230.0,,732.0,0.315,0.315,0.405,810.0,0.29,0.29,0.37,
05/29/2005,2719.0,,-1667.0,,1052.0,,-590.0,,,462.0,228.0,,110.0,,0.0,,-338.0,690.0,-230.0,460.0,0.0,,,460.0,0.0,460.0,0.0,0.0,460.0,460.0,,738.0,0.625,0.625,0.375,814.0,0.57,0.57,0.32,
08/28/2005,2679.0,,-1686.0,,993.0,,-532.0,,,461.0,-80.0,76.0,81.0,-5.0,0.0,,4.0,381.0,-129.0,252.0,0.0,,,252.0,0.0,252.0,0.0,0.0,252.0,252.0,,730.0,0.345,0.345,0.355,804.0,0.32,0.32,0.325,
11/27/2005,3293.0,,-2090.0,,1203.0,,-559.0,,,644.0,-84.0,90.0,98.0,-8.0,0.0,,-6.0,560.0,-190.0,370.0,0.0,,,370.0,0.0,370.0,0.0,0.0,370.0,370.0,,710.0,0.52,0.52,0.542,768.0,0.485,0.485,0.505,
02/26/2006,2877.0,,-1891.0,,986.0,,-528.0,,,458.0,-89.0,85.0,92.0,-7.0,0.0,,4.0,369.0,-123.0,246.0,0.0,,,246.0,0.0,246.0,0.0,0.0,246.0,246.0,,710.0,0.345,0.345,0.35,728.0,0.34,0.34,0.345,
05/28/2006,2863.0,,-1878.0,,985.0,,-560.0,,,425.0,-107.0,89.0,96.0,-7.0,0.0,,18.0,318.0,-96.0,222.0,0.0,,,222.0,0.0,222.0,0.0,0.0,222.0,222.0,,716.0,0.31,0.31,0.323,728.0,0.305,0.305,0.3175,
08/27/2006,2860.4,,-1796.7,,1063.7,,-574.8,,,488.9,-84.0,89.8,96.5,-6.7,0.0,,-5.8,404.9,-138.0,266.9,0.0,,,266.9,0.0,266.9,0.0,0.0,266.9,266.9,,704.0,0.38,0.38,0.38,726.2,0.37,0.37,0.37,
11/26/2006,3467.0,,-2188.0,,1279.0,,-605.0,,,674.0,-86.0,94.0,100.0,-6.0,0.0,,-8.0,588.0,-203.0,385.0,0.0,,,385.0,0.0,385.0,0.0,0.0,385.0,385.0,,688.0,0.56,0.56,0.559,714.0,0.54,0.54,0.539,
02/25/2007,3054.0,,-1982.0,,1072.0,,-585.0,,,487.0,-92.0,91.0,100.0,-9.0,0.0,,1.0,395.0,-127.0,268.0,0.0,,,268.0,0.0,268.0,0.0,0.0,268.0,268.0,,692.0,0.385,0.385,0.385,720.0,0.37,0.37,0.37,
05/27/2007,3060.6,,-1988.3,,1072.3,,-625.2,,,447.1,-131.0,91.2,100.5,-9.3,0.0,,39.8,316.1,-92.0,224.1,0.0,,,224.1,0.0,224.1,0.0,0.0,224.1,224.1,,692.0,0.325,0.325,0.365,719.8,0.31,0.31,0.345,
08/26/2007,3072.0,,-1915.8,,1156.2,0.0,-631.6,631.6,0.0,524.6,-127.8,101.3,107.0,-5.7,0.0,22.4,26.5,396.8,-130.3,288.9,0.0,,,288.9,,288.9,0.0,0.0,288.9,288.9,,659.8,0.425,0.425,0.425,689.8,0.405,0.405,0.405,
11/25/2007,3703.4,,-2372.2,,1331.2,,-641.3,,,689.9,-91.1,114.1,120.4,-6.3,0.0,,-23.0,598.8,-208.3,390.5,0.0,,,390.5,0.0,390.5,0.0,0.0,390.5,390.5,,656.0,0.595,0.595,0.615,684.8,0.57,0.57,0.59,
02/24/2008,3405.6,,-2051.4,,1354.2,,-653.8,,,700.4,-77.9,100.3,107.4,-7.1,0.0,,-22.4,622.5,-192.4,430.1,0.0,,,430.1,0.0,430.1,0.0,0.0,430.1,430.1,,674.0,0.64,0.64,0.459,699.4,0.615,0.615,0.4405,
05/25/2008,3471.1,,-2438.9,,1032.2,,-698.3,,,333.9,-57.5,89.0,97.2,-8.2,0.0,,-31.5,276.4,-91.2,185.2,0.0,,,185.2,0.0,185.2,0.0,0.0,185.2,185.2,,674.2,0.275,0.275,0.38,701.2,0.265,0.265,0.365,
08/24/2008,3497.3,3497.3,-2305.6,2305.6,1191.7,0.0,-720.7,718.0,2.7,471.0,-86.6,86.6,93.1,-6.5,,30.8,0.0,384.4,-133.2,282.0,0.0,0.0,0.0,282.0,-3.5,278.5,0.0,0.0,278.5,337.855,59.355,672.8,0.415,0.415,0.502162,701.0,0.395,0.395,0.479672,
11/23/2008,4010.8,4010.8,-2791.2,2791.2,1219.6,0.0,-603.3,729.6,-126.3,616.3,-96.3,96.3,101.9,-5.6,,33.3,0.0,520.0,-173.1,380.2,0.0,0.0,0.0,380.2,-2.0,378.2,0.0,0.0,378.2,474.625,96.425,666.4,0.57,0.57,0.712222,694.0,0.545,0.545,0.683941,
02/22/2009,3537.4,3537.4,-2259.9,2259.9,1277.5,0.0,-671.8,670.6,1.2,605.7,-98.6,98.6,104.0,-5.4,,15.7,0.0,507.1,-231.7,291.1,0.0,0.0,0.0,291.1,-2.2,288.9,0.0,0.0,288.9,270.28,-18.62,658.4,0.44,0.44,0.410511,680.4,0.425,0.425,0.397633,
05/31/2009,3645.7,3645.7,-2101.1,2101.1,1544.6,0.0,-912.8,833.7,79.1,631.8,-101.2,101.2,105.3,-4.1,,12.2,0.0,530.6,-182.4,360.4,0.0,0.0,0.0,360.4,-1.6,358.8,0.0,0.0,358.8,311.28,-47.52,657.8,0.545,0.545,0.473214,673.4,0.535,0.535,0.464433,
08/30/2009,3482.4,3482.4,-2041.6,2041.6,1440.8,0.0,-747.9,748.7,-0.8,692.9,-91.9,91.9,94.2,-2.3,,24.2,0.0,601.0,-203.2,422.0,0.0,0.0,0.0,422.0,-1.4,420.6,0.0,0.0,420.6,429.38,8.78,1306.0,0.32,0.32,0.328775,1345.6,0.31,0.31,0.316525,
11/29/2009,4034.7,4034.7,-2306.4,2306.4,1728.3,0.0,-849.6,824.7,24.9,878.7,-88.5,88.5,90.1,-1.6,,38.2,0.0,790.2,-261.6,566.8,0.0,0.0,0.0,566.8,-1.3,565.5,0.0,0.0,565.5,543.54,-21.96,657.4,0.86,0.86,0.826802,681.2,0.83,0.83,0.797763,
02/28/2010,3589.3,3589.3,-2229.5,2229.5,1359.8,0.0,-798.2,791.9,6.3,561.6,-94.2,94.2,95.6,-1.4,,24.0,0.0,467.4,-157.9,333.5,0.0,0.0,0.0,333.5,-1.0,332.5,0.0,0.0,332.5,339.795,7.295,663.6,0.5,0.5,0.512048,689.4,0.48,0.48,0.490582,
05/30/2010,3529.2,3529.2,-2257.9,2257.9,1271.3,0.0,-798.4,797.4,1.0,472.9,-127.0,127.0,128.5,-1.5,,15.3,0.0,345.9,-148.5,212.7,0.0,0.0,0.0,212.7,-0.8,211.9,0.0,0.0,211.9,243.93,32.03,664.2,0.32,0.32,0.367254,689.7,0.31,0.31,0.35644,
08/29/2010,3533.1,3533.1,-2008.8,2008.8,1524.3,0.0,-763.9,762.9,1.0,760.4,-90.3,90.3,91.7,-1.4,,26.5,0.0,670.1,-223.0,473.6,0.0,0.0,0.0,473.6,-1.5,472.1,0.0,0.0,472.1,427.45,-44.65,647.3,0.73,0.73,0.660358,671.9,0.7,0.7,0.633547,
11/28/2010,4066.6,4066.6,-2432.6,2432.6,1634.0,0.0,-811.1,810.1,1.0,822.9,-81.6,81.6,83.2,-1.6,,34.7,0.0,741.3,-160.7,615.3,0.0,0.0,0.0,615.3,-1.4,613.9,0.0,0.0,613.9,596.95,-16.95,642.1,0.96,0.96,0.929684,664.5,0.92,0.92,0.894492,
02/27/2011,3646.2,3646.2,-2215.4,2215.4,1430.8,0.0,-776.0,790.2,-14.2,654.8,-85.0,85.0,87.0,-2.0,,5.4,0.0,569.8,-181.7,393.5,0.0,0.0,0.0,393.5,-1.4,392.1,0.0,0.0,392.1,361.87,-30.23,638.9,0.61,0.61,0.566395,660.1,0.59,0.59,0.544204,
05/29/2011,3634.3,3634.3,-2269.9,2269.9,1364.4,0.0,-828.0,828.8,-0.8,536.4,-89.4,89.4,91.8,-2.4,0.0,29.8,0.0,447.0,-155.7,321.1,0.0,0.0,0.0,321.1,-0.9,320.2,0.0,0.0,320.2,343.68,23.48,642.5,0.5,0.5,0.534911,664.4,0.48,0.48,0.51534,
08/28/2011,3847.6,3847.6,-2401.1,2401.1,1446.5,0.0,-807.6,807.5,0.1,638.9,-85.4,85.4,87.2,-1.8,0.0,28.3,0.0,553.5,-177.5,404.3,0.0,0.0,0.0,404.3,1.3,405.6,0.0,0.0,405.6,429.465,23.865,647.9,0.63,0.63,0.662857,667.0,0.61,0.61,0.64578,
11/27/2011,4623.8,4623.8,-3029.1,3029.1,1594.7,0.0,-877.8,877.1,0.7,716.9,-87.2,87.2,92.6,-5.4,0.0,28.9,0.0,629.7,-209.4,449.2,0.0,0.0,0.0,449.2,-4.4,444.8,0.0,0.0,444.8,507.755,62.955,646.3,0.69,0.69,0.785634,665.8,0.67,0.67,0.764555,
02/26/2012,4120.1,4120.1,-2612.7,2612.7,1507.4,0.0,-838.8,838.7,0.1,668.6,-96.0,96.0,100.6,-4.6,0.0,15.5,0.0,572.6,-187.3,400.8,0.0,0.0,0.0,400.8,-9.3,391.5,0.0,0.0,391.5,366.465,-25.035,647.9,0.61,0.61,0.56562,667.3,0.58,0.58,0.542483,
05/27/2012,4066.4,4066.4,-2570.3,2570.3,1496.1,0.0,-958.1,857.4,100.7,538.0,-83.3,83.3,87.8,-4.5,,15.5,0.0,454.7,-135.4,334.8,0.0,0.0,0.0,334.8,-9.4,325.4,0.0,0.0,325.4,403.8,78.4,650.1,0.5,0.5,0.621135,668.3,0.49,0.49,0.607313,
08/26/2012,4051.0,4051.0,-2422.7,2422.7,1628.3,0.0,-848.2,839.0,9.2,780.1,-83.0,83.0,87.0,-4.0,0.0,23.1,0.0,697.1,-158.1,562.1,0.0,0.0,0.0,562.1,-13.2,548.9,0.0,0.0,548.9,438.3,-110.6,650.4,0.84,0.84,0.673893,667.4,0.82,0.82,0.654282,
11/25/2012,4881.8,4881.8,-3139.5,3139.5,1742.3,0.0,-913.3,910.6,2.7,829.0,-75.5,75.5,79.8,-4.3,0.0,32.9,0.0,753.5,-245.4,541.0,0.0,0.0,0.0,541.0,0.6,541.6,0.0,0.0,541.6,577.4,35.8,648.1,0.84,0.84,0.890912,664.5,0.82,0.82,0.873875,
02/24/2013,4430.6,4430.6,-2907.9,2907.9,1522.7,0.0,-880.6,874.5,6.1,642.1,-76.6,76.6,80.7,-4.1,0.0,21.3,0.0,565.5,-174.2,412.6,0.0,0.0,0.0,412.6,-14.2,398.4,0.0,0.0,398.4,420.9,22.5,648.5,0.61,0.61,0.649036,665.1,0.6,0.6,0.633829,
05/26/2013,4410.7,4410.7,-2880.1,2880.1,1530.6,0.0,-930.0,928.2,1.8,600.6,-81.8,81.8,82.0,-0.2,0.0,21.5,0.0,518.8,-163.5,376.8,0.0,0.0,0.0,376.8,-10.5,366.3,0.0,0.0,366.3,373.3,7.0,647.4,0.57,0.57,0.576614,665.2,0.55,0.55,0.560523,
08/25/2013,4372.7,4372.7,-2759.7,2759.7,1613.0,0.0,-878.2,875.4,2.8,734.8,-78.8,78.8,83.4,-4.6,0.0,24.1,0.0,656.0,-212.0,468.1,0.0,0.0,0.0,468.1,-8.8,459.3,0.0,0.0,459.3,462.4,3.1,643.0,0.71,0.71,0.719129,660.3,0.7,0.7,0.704695,
11/24/2013,4875.7,4875.7,-3114.0,3114.0,1761.7,0.0,-891.6,890.9,0.7,870.1,-68.7,68.7,74.1,-5.4,0.0,26.1,0.0,801.4,-266.7,560.8,0.0,0.0,0.0,560.8,-10.9,549.9,0.0,0.0,549.9,537.2,-12.7,633.2,0.87,0.87,0.848389,650.0,0.84,0.84,0.820462,
02/23/2014,4377.4,4377.4,-2864.7,2864.7,1512.7,0.0,-842.1,842.1,0.0,670.6,-75.5,75.5,80.6,-5.1,0.0,22.8,0.0,595.1,-200.9,417.0,0.0,0.0,0.0,417.0,-6.4,410.6,0.0,0.0,410.6,396.2,-14.4,623.5,0.66,0.66,0.635445,640.2,0.64,0.64,0.617507,
05/25/2014,4283.8,4283.8,-2801.4,2801.4,1482.4,0.0,-800.5,865.9,-65.4,681.9,-79.4,79.4,85.3,-5.9,0.0,16.6,0.0,602.5,-203.7,415.4,0.0,0.0,0.0,415.4,-10.8,404.6,0.0,0.0,404.6,365.265,-39.335,614.8,0.66,0.66,0.59412,632.2,0.65,0.65,0.587781,
08/24/2014,4268.4,4268.4,-2829.7,2829.7,1438.7,0.0,-881.2,867.2,14.0,557.5,-78.5,78.5,82.8,-4.3,0.0,26.0,0.0,479.0,-152.6,352.4,0.0,0.0,0.0,352.4,-7.2,345.2,0.0,0.0,345.2,381.0,35.8,612.6,0.56,0.56,0.621939,629.1,0.55,0.55,0.606907,
11/23/2014,4712.2,4712.2,-3093.1,3093.1,1619.1,0.0,-1060.1,845.5,214.6,559.0,-77.3,77.3,81.4,-4.1,0.0,27.1,0.0,481.7,-153.4,355.4,0.0,0.0,0.0,355.4,-9.3,346.1,0.0,0.0,346.1,499.4,153.3,602.6,0.58,0.58,0.828742,618.4,0.56,0.56,0.807898,
02/22/2015,4350.9,4350.9,-2975.0,2975.0,1375.9,0.0,-838.7,789.4,49.3,537.2,-80.0,80.0,83.6,-3.6,0.0,13.1,0.0,457.2,-116.5,353.8,0.0,0.0,0.0,353.8,-10.6,343.2,0.0,0.0,343.2,420.4,77.2,598.2,0.57,0.57,0.702775,613.8,0.56,0.56,0.685774,
05/31/2015,4298.8,4298.8,-2783.3,2783.3,1515.5,0.0,-1091.9,825.9,266.0,423.6,-79.6,79.6,80.8,-1.2,0.0,18.1,0.0,344.0,-164.3,197.8,0.0,0.0,0.0,197.8,-11.0,186.8,0.0,0.0,186.8,385.7,198.9,599.9,0.31,0.31,0.64294,614.9,0.3,0.3,0.623467,
08/30/2015,4207.9,4207.9,-2653.3,2653.3,1554.6,0.0,-871.3,811.2,60.1,683.3,-75.3,75.3,78.5,-3.2,0.0,25.7,0.0,608.0,-198.6,435.1,0.0,0.0,0.0,435.1,-8.5,426.6,0.0,0.0,426.6,489.3,62.7,601.7,0.71,0.71,0.813196,615.5,0.69,0.69,0.791868,
11/29/2015,4424.9,4424.9,-2884.3,2884.3,1540.6,0.0,-634.9,772.7,-137.8,905.7,-73.8,73.8,78.0,-4.2,0.0,23.2,0.0,831.9,-311.5,543.6,0.0,0.0,0.0,543.6,-14.1,529.5,0.0,0.0,529.5,499.6,-29.9,599.4,0.88,0.88,0.8335,612.4,0.87,0.87,0.821176,
02/28/2016,4002.4,4002.4,-2644.9,2644.9,1357.5,0.0,-771.2,755.8,15.4,586.3,-77.2,77.2,80.9,-3.7,0.0,16.2,0.0,509.1,-157.6,367.7,0.0,0.0,0.0,367.7,-6.0,361.7,0.0,0.0,361.7,397.3,35.6,595.6,0.61,0.61,0.667058,608.5,0.59,0.59,0.648505,
05/29/2016,3927.9,3927.9,-2551.1,2551.1,1376.8,0.0,-844.7,779.2,65.5,532.1,-77.5,77.5,82.2,-4.7,0.0,23.3,0.0,454.6,-87.5,390.4,0.0,0.0,0.0,390.4,-10.8,379.6,0.0,0.0,379.6,401.3,21.7,598.4,0.63,0.63,0.670622,611.2,0.62,0.62,0.655504,
08/28/2016,3907.9,3907.9,-2491.0,2491.0,1416.9,0.0,-771.1,712.2,58.9,645.8,-73.9,73.9,77.1,-3.2,0.0,24.2,0.0,571.9,-176.6,419.5,0.0,0.0,0.0,419.5,-10.5,409.0,0.0,0.0,409.0,476.6,67.6,600.0,0.68,0.68,0.794333,612.4,0.67,0.67,0.780385,
11/27/2016,4112.1,4112.1,-2592.6,2592.6,1519.5,0.0,-750.6,708.1,42.5,768.9,-75.5,75.5,77.7,-2.2,,29.8,0.0,693.4,-227.4,495.8,0.0,0.0,0.0,495.8,-14.0,481.8,0.0,0.0,481.8,510.0,28.2,588.8,0.82,0.82,0.866168,599.7,0.8,0.8,0.847024,
02/26/2017,3793.2,3793.2,-2485.5,2485.5,1307.7,0.0,-765.2,687.6,77.6,542.5,-76.4,76.4,79.6,-3.2,0.0,11.1,0.0,466.1,-107.0,370.2,0.0,0.0,0.0,370.2,-12.4,357.8,0.0,0.0,357.8,423.1,65.3,580.7,0.62,0.62,0.728603,591.4,0.61,0.61,0.720416,
05/28/2017,3806.6,3806.6,-2486.9,2486.9,1319.7,0.0,-710.5,693.4,17.1,609.2,-69.3,69.3,69.3,0.0,0.0,19.9,0.0,539.9,-144.2,415.6,0.0,0.0,0.0,415.6,-6.7,408.9,0.0,0.0,408.9,430.3,21.4,579.0,0.7,0.7,0.743178,588.9,0.69,0.69,0.726339,
08/27/2017,3769.2,3769.2,-2455.9,2455.9,1313.3,0.0,-708.0,702.8,5.2,605.3,-51.9,72.4,74.5,-2.1,,23.7,-20.5,553.4,-168.5,408.6,0.0,0.0,0.0,408.6,-3.9,404.7,0.0,0.0,404.7,419.38,14.68,576.5,0.7,0.7,0.727459,586.9,0.69,0.69,0.715013,
11/26/2017,4198.7,4198.7,-2752.5,2752.5,1446.2,0.0,-737.2,735.6,1.6,709.0,-54.1,74.9,77.9,-3.0,,23.8,-20.8,654.9,-234.9,443.8,0.0,0.0,0.0,443.8,-13.3,430.5,0.0,0.0,430.5,479.721,49.221,571.3,0.75,0.75,0.839701,580.3,0.74,0.74,0.82482,
02/25/2018,3882.3,3882.3,-2625.8,2625.8,1256.5,0.0,-687.0,679.5,7.5,569.5,-66.1,89.3,93.4,-4.1,0.0,16.6,-23.2,503.4,432.5,952.5,0.0,0.0,0.0,952.5,-11.1,941.4,0.0,0.0,941.4,460.4,-481.0,572.5,1.64,1.64,0.804192,582.7,1.62,1.62,0.794532,
05/27/2018,3890.2,3890.2,-2470.6,2470.6,1419.6,0.0,-883.5,732.2,151.3,536.1,-112.2,137.1,,,,20.6,-24.9,423.9,-86.4,358.1,0.0,0.0,0.0,358.1,-3.7,354.4,0.0,0.0,354.4,445.96,91.56,587.1,0.59,0.59,0.759598,593.5,0.59,0.59,0.744271,
08/26/2018,4094.0,4094.0,-2751.2,2751.2,1342.8,0.0,-741.3,742.7,-1.4,601.5,-112.6,133.5,135.8,-2.3,,17.7,-20.9,488.9,-110.7,395.9,0.0,0.0,0.0,395.9,-3.6,392.3,0.0,0.0,392.3,427.6,35.3,598.0,0.66,0.66,0.71505,603.3,0.65,0.65,0.708512,
11/25/2018,4411.2,4411.2,-2901.5,2901.5,1509.7,0.0,-962.7,753.3,209.4,547.0,-111.7,132.7,,,,22.5,-21.0,435.3,-106.6,351.2,0.0,0.0,0.0,351.2,-7.8,343.4,0.0,0.0,343.4,509.2,165.8,599.4,0.57,0.57,0.849516,604.5,0.57,0.57,0.844276,
02/24/2019,4198.3,4198.3,-2755.3,2755.3,1443.0,0.0,-791.7,696.6,95.1,651.3,-109.4,130.8,,,,11.8,-21.4,541.9,-95.8,457.9,0.0,0.0,0.0,457.9,-11.1,446.8,0.0,0.0,446.8,506.3,59.5,600.4,0.74,0.74,0.843271,604.5,0.74,0.74,0.838428,
05/26/2019,4161.7,4161.7,-2700.4,2700.4,1461.3,0.0,-745.2,743.2,2.0,716.1,-100.2,124.8,,,,20.0,-24.6,615.9,-54.7,581.2,0.0,0.0,0.0,581.2,-11.0,570.2,0.0,0.0,570.2,507.4,-62.8,603.7,0.95,0.95,0.840484,609.3,0.94,0.94,0.836931,
08/25/2019,4002.5,4002.5,-2613.0,2613.0,1389.5,0.0,-727.1,718.9,8.2,662.4,-88.5,118.7,,,,21.8,-30.2,573.9,-67.2,528.5,0.0,0.0,0.0,528.5,-7.9,520.6,0.0,0.0,520.6,484.5,-36.1,606.0,0.86,0.86,0.799505,611.5,0.85,0.85,0.790965,
11/24/2019,4420.8,4420.8,-2851.7,2851.7,1569.1,0.0,-757.9,759.0,-1.1,811.2,-89.2,119.4,,,,24.9,-30.2,722.0,-155.5,591.4,0.0,0.0,0.0,591.4,-10.6,580.8,0.0,0.0,580.8,579.9,-0.9,607.4,0.96,0.96,0.954725,612.3,0.95,0.95,0.94853,
02/23/2020,4180.3,4180.3,-2777.1,2777.1,1403.2,0.0,-752.4,746.6,5.8,650.8,-79.5,109.8,,,,10.8,-30.3,571.3,-118.2,463.9,0.0,0.0,0.0,463.9,-9.8,454.1,0.0,0.0,454.1,474.9,20.8,607.9,0.75,0.75,0.781214,612.8,0.74,0.74,0.773943,
05/31/2020,5023.0,5023.0,-3254.9,3254.9,1768.1,0.0,-938.6,927.1,11.5,829.5,-96.5,118.6,,,,33.6,-22.1,733.0,-139.6,627.0,0.0,0.0,0.0,627.0,-1.3,625.7,0.0,0.0,625.7,673.1,47.4,610.9,1.03,1.03,1.101817,616.1,1.02,1.02,1.096936,
08/31/2020,4192.214,,,,1492.6377947,,,,,733.727,,,,,,,,653.583,,524.833,,,,,,524.833,,,524.833,533.667,,,0.87,0.87,0.869,,0.87,0.87,0.869,
11/30/2020,4534.643,,,,1604.22065411,,,,,828.182,,,,,,,,748.333,,604.0,,,,,,604.0,,,604.0,606.833,,,0.985,0.985,0.994,,0.985,0.985,0.994,
