Date,Revenue,Sales & Services Revenue,Cost of Revenue,Cost of Goods & Services,Gross Profit,Other Operating Income,Operating Expenses,"Selling, General & Admin",Research & Development,Depreciation & Amortization,Prov For Doubtful Accts,Other Operating Expense,Operating Income (Loss),Non-Operating (Income) Loss,"Interest Expense, Net",Interest Expense,Interest Income,Foreign Exch (Gain) Loss,(Income) Loss from Affiliates,Other Non-Op (Income) Loss,Pretax Income,Income Tax Expense (Benefit),Income (Loss) from Cont Ops,Net Extraordinary Losses (Gains),Discontinued Operations,XO & Accounting Changes,Income (Loss) Incl. MI,Minority Interest,"Net Income, GAAP",Preferred Dividends,Other Adjustments,"Net Income Avail to Common, GAAP","Net Income Avail to Common, Adj",Net Abnormal Losses (Gains),Basic Weighted Avg Shares,"Basic EPS, GAAP",Basic EPS from Cont Ops,"Basic EPS from Cont Ops, Adjusted",Diluted Weighted Avg Shares,"Diluted EPS, GAAP",Diluted EPS from Cont Ops,"Diluted EPS from Cont Ops, Adjusted",Source: Bloomberg
03/31/1990,821.257996,,-576.909973,,244.348022,,-168.626999,,,,,,75.721001,0.0,,,,0.0,,,75.721001,-28.735001,46.986,0.0,,,46.986,,46.986,0.0,,46.986,46.986,,174.303005,0.271111,0.271111,,174.303005,0.271111,0.271111,0.271111,
06/30/1990,842.664001,,-595.458984,,247.205017,,-164.416,,,,,,82.789001,0.0,,,,0.0,,,82.789001,-31.181999,51.606998,0.0,,,51.607002,,51.606998,0.0,,51.606998,51.606998,,174.316498,0.297778,0.297778,,174.316498,0.297778,0.297778,0.297778,
09/30/1990,862.288025,,-601.570984,,260.717041,,-176.278,,,,,,84.439003,0.0,,,,0.0,,,84.439003,-32.298,52.140999,0.0,,,52.141003,,52.140999,0.0,,52.140999,52.140999,,173.564999,0.302222,0.302222,,173.564999,0.302222,0.302222,0.302222,
12/31/1990,793.184021,,-520.845947,,272.338074,,-188.376999,,,,,,83.960999,6.309,,5.136,,0.0,,-11.445,90.269998,-34.408001,55.861996,0.0,,,55.861997,,55.861996,0.0,,55.861996,55.861996,,171.923624,0.32,0.32,,171.923624,0.32,0.32,0.32,
03/31/1991,809.177002,,-565.325012,,243.85199,,-174.569,,,,,,69.282997,0.0,,,,0.0,,,69.282997,-26.17,43.112999,0.0,,,43.112997,,43.112999,0.0,,43.112999,43.112999,,171.596249,0.253333,0.253333,,171.596249,0.253333,0.253333,0.253333,
06/30/1991,884.926025,,-624.408997,,260.517029,,-176.787994,,,,,,83.728996,0.0,,,,0.0,,,83.728996,-31.816999,51.911999,0.0,,,51.911997,,51.911999,0.0,,51.911999,51.911999,,171.555754,0.302222,0.302222,,171.555754,0.302222,0.302222,0.302222,
09/30/1991,897.773987,,-624.606995,,273.166992,,-187.391998,,,,,,85.775002,0.0,,,,0.0,,,85.775002,-32.765999,53.008999,0.0,,,53.009003,,53.008999,0.0,,53.008999,53.008999,,171.591751,0.311111,0.311111,,171.591751,0.311111,0.311111,0.311111,
12/31/1991,842.765076,,-559.201965,,283.563111,,-190.836029,,,,,,92.727013,3.513,,5.383,,0.0,,-8.896,96.240013,-36.597,59.643005,0.0,,,59.643013,,59.643005,0.0,,59.643005,59.643005,,171.614257,0.346667,0.346667,0.346667,171.614257,0.346667,0.346667,0.346667,
03/31/1992,959.070984,,-672.405029,,286.665955,,-203.735001,,,,,,82.931,0.0,,,,0.0,,,82.931,-31.479,51.452,0.0,,,51.452,,51.452,0.0,,51.452,51.452,,186.050995,0.275556,0.275556,,186.050995,0.275556,0.275556,0.275556,
06/30/1992,1013.596008,,-714.969971,,298.626038,,-201.619995,,,,,,97.005997,0.0,,,,0.0,,,97.005997,-36.908001,60.098,0.0,,,60.097996,,60.098,0.0,,60.098,60.098,,186.102001,0.32,0.32,,186.102001,0.32,0.32,0.32,
09/30/1992,1049.421997,,-735.112976,,314.309021,,-217.951996,,,,,,96.357002,0.0,,,,0.0,,,96.357002,-36.651001,59.706001,0.0,,,59.706001,,59.706001,0.0,,59.706001,59.706001,,186.130497,0.32,0.32,,186.130497,0.32,0.32,0.32,
12/31/1992,994.661987,,-659.242981,,335.419006,,-234.969986,,,,,,100.449013,5.667,,1.871,,0.0,,-7.538,106.116013,-40.402,65.714005,0.0,,,65.714013,,65.714005,0.0,,65.714005,65.714005,,171.827991,0.366667,0.366667,0.366667,171.827991,0.366667,0.366667,0.366667,
03/31/1993,1037.91394,,-727.492981,,310.420959,,-219.613998,,,,,,90.806999,0.0,,,,0.0,,,90.806999,-34.416,56.390999,1.055,,,55.335999,,55.335999,0.0,,55.335999,55.335999,,186.268501,0.3,0.306667,,186.268501,0.3,0.306667,0.306667,
06/30/1993,1106.176025,,-779.893982,,326.282043,,-219.983994,,,,,,106.297997,0.0,,,,0.0,,,106.297997,-40.393002,65.904999,0.0,,,65.904995,,65.904999,0.0,,65.904999,65.904999,,186.310501,0.353333,0.353333,,186.310501,0.353333,0.353333,0.353333,
09/30/1993,1144.838989,,-797.440002,,347.398987,,-239.300995,,,,,,108.098,0.0,,,,0.0,,,108.098,-45.078999,63.019001,0.0,,,63.019001,,63.019001,0.0,,63.019001,63.019001,,186.340496,0.34,0.34,,186.340496,0.34,0.34,0.34,
12/31/1993,1095.36499,,-718.211121,,377.153869,,-261.217041,,,,,,115.937019,4.689,,1.584,,0.0,,-6.273,120.626019,-47.072998,73.553009,0.0,,,73.553021,,73.552994,0.0,,73.552994,73.552994,,186.380997,0.393333,0.393333,0.393333,186.380997,0.393333,0.393333,0.393333,
03/31/1994,1162.074951,,-815.617981,,346.45697,,-243.356003,,,,,,103.100998,0.0,,,,0.0,,0.0,103.100998,-40.209999,62.890999,0.0,,,62.890999,0.0,62.890999,0.0,,62.890999,62.890999,,186.703503,0.34,0.34,,186.703503,0.34,0.34,0.34,
06/30/1994,1219.801025,,-856.984009,,362.817017,,-246.406006,,,,,,116.411003,0.0,,,,0.0,,,116.411003,-45.400002,71.011002,0.0,,,71.011002,0.0,71.011002,0.0,,71.011002,71.011002,,186.751499,0.38,0.38,,186.751499,0.38,0.38,0.38,
09/30/1994,1268.416992,,-886.137024,,382.279968,,-262.731995,,,,,,119.547997,0.0,,,,0.0,,,119.547997,-46.624001,72.924004,0.0,,,72.923996,0.0,72.924004,0.0,,72.924004,72.924004,,186.385506,0.393333,0.393333,,186.385506,0.393333,0.393333,0.393333,
12/31/1994,1208.12207,,-784.959961,,423.162109,,-292.797974,,,,,,130.364014,5.444,,1.321,,0.0,,-6.765,135.808014,-54.086006,81.722,0.0,,,81.722008,0.0,81.722,0.0,,81.722,81.722,,184.428005,0.44,0.44,0.44,184.428005,0.44,0.44,0.44,
03/31/1995,1281.22998,,-898.676025,,382.553955,,-269.007996,,,,,,113.545998,0.0,,,,0.0,,0.0,113.545998,-44.509998,69.036003,0.0,,,69.035999,0.0,69.036003,0.0,,69.036003,69.036003,,184.006496,0.373333,0.373333,0.373333,184.006496,0.373333,0.373333,0.373333,
06/30/1995,1308.712036,,-917.755981,,390.956055,,-267.307007,,,,,,123.649002,0.0,,,,0.0,,,123.649002,-48.717999,74.931,0.0,,,74.931004,0.0,74.931,0.0,,74.931,74.931,,184.137005,0.406667,0.406667,0.406667,184.137005,0.406667,0.406667,0.406667,
09/30/1995,1362.480957,,-953.986023,,408.494934,,-281.302002,,,,,,127.193001,0.0,,,,0.0,,,127.193001,-50.241001,76.952003,0.0,,,76.952,0.0,76.952003,0.0,,76.952003,76.952003,,184.168499,0.42,0.42,0.42,184.168499,0.42,0.42,0.42,
12/31/1995,1309.480835,,-884.284851,,425.195984,,-280.95697,,,,,,144.239014,0.0,,,,0.0,,0.0,144.239014,-58.157009,90.960999,0.0,,,86.082005,-2.712,88.248993,0.0,,88.248993,88.248993,,183.385506,0.48,0.48,0.48,183.385506,0.48,0.48,0.48,
03/31/1996,1399.921997,,-990.302002,,409.619995,,-287.514008,,,,,,122.106003,0.0,,0.0,,0.0,,0.0,122.106003,-48.231998,73.874001,0.0,,,73.874004,0.0,73.874001,0.0,,73.874001,73.874001,,182.713497,0.4,0.4,0.4,182.713497,0.4,0.4,0.4,
06/30/1996,1444.873047,,-1020.932007,,423.94104,,-290.365997,,,,,,133.574997,0.0,,0.0,,0.0,,0.0,133.574997,-52.762001,80.813004,0.0,,,80.812996,0.0,80.813004,0.0,,80.813004,80.813004,,182.103001,0.446667,0.446667,0.446667,182.103001,0.446667,0.446667,0.446667,
09/30/1996,1474.83606,,-1039.563965,,435.272095,,-300.476013,,,,,,134.796005,0.0,,0.0,,0.0,,0.0,134.796005,-53.243999,81.552002,0.0,,,81.552006,0.0,81.552002,0.0,,81.552002,81.552002,,181.172997,0.453333,0.453333,0.453333,181.172997,0.453333,0.453333,0.453333,
12/31/1996,1400.843018,,-952.172974,,448.670044,,-292.227966,,,,,,156.442001,0.9,,8.498,,0.0,,-9.398,157.342001,-60.918999,96.422981,0.0,,,96.423002,-2.586,93.836983,0.0,,93.836983,93.836983,,180.296997,0.52,0.52,0.52,180.296997,0.52,0.52,0.52,
03/31/1997,1457.645996,,-1028.379028,,429.266968,,-302.704987,,,,,,126.561996,0.0,,0.0,,0.0,,0.0,126.561996,-49.966999,76.595001,0.0,,,76.594997,0.0,76.595001,0.0,,76.595001,76.595001,,179.941498,0.43,0.43,0.43,180.657005,0.42,0.42,0.42,
06/30/1997,1510.456055,,-1065.33606,,445.119995,,-306.704987,,,,,,138.414993,0.0,,0.0,,0.0,,0.0,138.414993,-54.674,83.740997,0.0,,,83.740993,0.0,83.740997,0.0,,83.740997,83.740997,,180.018005,0.47,0.47,0.47,180.751999,0.46,0.46,0.46,
09/30/1997,1555.776001,,-1091.80896,,463.967041,,-325.601013,,,,,,138.365997,0.0,,0.0,,0.0,,0.0,138.365997,-54.653999,83.711998,0.0,,,83.711998,0.0,83.711998,0.0,,83.711998,83.711998,,179.447006,0.47,0.47,0.47,180.024002,0.47,0.47,0.47,
12/31/1997,1481.366943,,-993.117981,,488.248962,,-317.811005,,,,,,170.438004,-6.635,,13.365,,0.0,,-6.73,163.803004,-63.908001,99.894997,0.0,,,99.895003,-1.546,98.348999,0.0,,98.348999,98.348999,,178.972,0.55,0.55,0.55,179.520996,0.55,0.55,0.55,
06/30/1998,1619.383057,,-1141.97998,,477.403076,,-335.446014,,,,,,141.957001,0.0,,0.0,,0.0,,0.0,141.957001,-56.073002,85.884003,0.0,,,85.883999,0.0,85.884003,0.0,,85.884003,85.884003,,178.858994,0.48,0.48,0.48,179.447006,0.48,0.48,0.48,
09/30/1998,1760.102051,,-1245.677002,,514.425049,,-371.928986,,,,,,142.496002,0.0,,0.0,,0.0,,0.0,142.496002,-56.356998,86.139,0.0,,,86.139004,0.0,86.139,0.0,,86.139,86.139,,180.391998,0.48,0.48,0.48,181.186005,0.48,0.48,0.48,
12/31/1998,1701.409058,,-1137.465942,,563.943115,,-391.506989,,,,,,172.436005,0.0,,0.0,,0.0,,0.0,172.436005,-68.663002,103.773003,0.0,,,103.773003,0.0,103.773003,0.0,,103.773003,103.773003,,179.574005,0.58,0.58,0.58,180.307007,0.58,0.58,0.58,
03/31/1999,1901.357056,,-1350.467041,,550.890015,,-408.395996,,,,,,142.494003,0.0,12.443,12.443,,0.0,,-12.443,142.494003,-56.428001,86.066002,0.0,,,86.066002,0.0,86.066002,0.0,,86.066002,86.066002,,179.783997,0.48,0.48,0.48,180.292007,0.48,0.48,0.48,
06/30/1999,2022.894043,,-1432.837036,,590.057007,,-436.798004,,,,,,153.259003,-13.375,13.375,13.375,,0.0,,0.0,139.884003,-60.689999,92.568001,0.0,,,79.194004,0.0,92.569,0.0,,92.569,92.569,,179.031998,0.52,0.52,0.52,179.589005,0.52,0.52,0.52,
09/30/1999,2082.229004,,-1479.064941,,603.164062,,-453.102997,,,,,,150.061005,-13.11,13.11,13.11,,0.0,,0.0,136.951005,-59.424,90.637001,0.0,,,77.527005,0.0,90.637001,0.0,,90.637001,90.637001,,178.546005,0.51,0.51,0.51,179.026001,0.51,0.51,0.51,
12/31/1999,1975.207031,,-1325.187988,,650.019043,,-467.765991,,,,,,182.253006,-2.558999,2.558999,2.558999,,0.0,,0.0,179.694007,-73.903,108.349998,0.0,,,105.791007,0.0,108.349998,0.0,,108.349998,108.349998,,177.714005,0.61,0.61,0.61,178.059006,0.61,0.61,0.61,
03/31/2000,2070.991943,,-1450.939941,,620.052002,,-467.322998,,,,,,152.729004,0.0,15.16,15.16,,,,-15.16,152.729004,-61.0,91.728996,,,,91.729004,,91.728996,,,91.728996,91.728996,,176.774002,0.52,0.52,0.52,177.074005,0.52,0.52,0.52,
06/30/2000,2129.376953,,-1479.706055,,649.670898,,-488.843994,,,,,,160.826996,0.0,16.023001,16.023001,,,,-16.023001,160.826996,-64.234001,96.593002,,,,96.592995,,96.593002,,,96.593002,96.593002,,176.339996,0.55,0.55,0.55,176.709,0.55,0.55,0.55,
09/30/2000,2150.572021,,-1494.775024,,655.796997,,-502.403015,,,,,,153.393997,0.0,16.122999,16.122999,,,,-16.122999,153.393997,-61.665001,91.728996,,,,91.728996,,91.728996,,,91.728996,91.728996,,174.192001,0.53,0.53,0.53,174.459,0.53,0.53,0.53,
12/31/2000,2018.916016,,-1338.938965,,679.977051,,-500.177002,,,,,,179.800003,0.0,16.190001,16.190001,,0.0,,-16.190001,179.800003,-74.528,105.272003,0.0,,,105.272003,0.0,105.272003,0.0,0.0,105.272003,105.272003,,172.761993,0.61,0.61,0.61,173.024994,0.61,0.61,0.61,
03/31/2001,2054.971924,,-1431.812988,,623.158936,,-474.369995,,,,,,148.789001,0.0,15.685,15.685,,0.0,,-15.685,148.789001,-59.515999,89.273003,0.0,,,89.273003,0.0,89.273003,0.0,0.0,89.273003,89.273003,,172.087006,0.52,0.52,0.52,172.826004,0.52,0.52,0.52,
06/30/2001,2118.976074,,-1475.999023,,642.977051,,-485.164001,,,,,,157.813004,0.0,15.097,15.097,,0.0,,-15.097,157.813004,-63.125,94.688004,0.0,,,94.688004,0.0,94.688004,0.0,0.0,94.688004,94.688004,,172.483002,0.55,0.55,0.55,173.360992,0.55,0.55,0.55,
09/30/2001,2099.190918,,-1468.879028,,630.31189,,-483.286011,,,,,,147.026001,0.0,13.956,13.956,,0.0,,-13.956,147.026001,-58.810001,88.216003,0.0,,,88.216,0.0,88.216003,0.0,0.0,88.216003,88.216003,,173.080994,0.51,0.51,0.51,173.981995,0.51,0.51,0.51,
12/31/2001,1947.529053,,-1322.483032,,625.046021,,-508.739014,,,,,,116.306999,-88.599998,14.678,14.678,,0.0,,73.921997,27.707002,-17.415001,24.969999,0.0,,,10.292001,0.0,24.969999,0.0,0.0,24.969999,24.969999,,173.389008,0.14,0.14,0.52,174.395004,0.14,0.14,0.51,
03/31/2002,1977.743042,,-1373.774048,,603.968994,,-461.066986,,,,,,142.901993,-24.316,16.448999,16.448999,,0.0,,7.867,118.585993,-55.875,62.710999,395.089996,,,-332.379003,0.0,-332.378998,0.0,0.0,-332.378998,-332.378998,,173.876999,-1.912,0.361,0.361,174.882004,-1.901,0.359,0.359,
06/30/2002,2130.924072,,-1486.692017,,644.232056,,-486.519989,,,,,,157.712006,0.0,16.409,16.409,,0.0,,-16.409,157.712006,-61.665001,96.046997,0.0,,,96.047005,0.0,96.046997,0.0,0.0,96.046997,96.046997,,174.445007,0.55,0.55,0.55,175.348007,0.55,0.55,0.55,
09/30/2002,2156.759033,,-1506.965942,,649.793091,,-494.632996,,,,,,155.160004,0.0,14.81,14.81,,0.0,,-14.81,155.160004,-61.132999,94.027,0.0,,,94.027004,0.0,94.027,0.0,0.0,94.027,94.027,,174.709,0.54,0.54,0.54,175.251007,0.54,0.54,0.54,
12/31/2002,1993.500977,,-1337.317017,,656.18396,,-506.221985,,,,,,149.962006,-11.972,11.972,11.972,,0.0,,0.0,137.990005,-59.563,90.399002,0.0,,,78.427006,0.0,90.399002,0.0,0.0,90.399002,90.399002,,174.434006,0.52,0.52,0.52,174.945007,0.52,0.52,0.52,
03/31/2003,2021.858032,,-1383.517944,,638.340088,,-479.450989,,,,,,158.889008,-13.694,13.694,13.694,,0.0,,0.0,145.195007,-56.771,88.424004,19.541,,,68.883007,0.0,68.883003,0.0,0.0,68.883003,68.883003,,174.145996,0.4,0.51,0.51,174.602005,0.39,0.51,0.51,
06/30/2003,2152.793945,,-1501.411011,,651.382935,,-490.006012,,,,,,161.376999,-13.35,13.35,13.35,,0.0,,0.0,148.026999,-57.879002,90.148003,0.0,,,90.147997,0.0,90.148003,0.0,0.0,90.148003,90.148003,,173.895004,0.52,0.52,0.52,174.460007,0.52,0.52,0.52,
09/30/2003,2189.387939,,-1537.438965,,651.948975,,-493.92099,,,,,,158.028,-12.982,12.982,12.982,,0.0,,0.0,145.046,-56.713001,88.333,0.0,,,88.332998,0.0,88.333,0.0,0.0,88.333,88.333,,173.947998,0.51,0.51,0.51,174.429001,0.51,0.51,0.51,
12/31/2003,2085.26,,-1404.316,,680.944,,-535.957,,,,,,144.987,-11.512,11.512,11.512,,0.0,,0.0,133.475,-46.738,86.737,0.0,,,86.737,0.0,86.737,0.0,0.0,86.737,86.737,,173.994,0.5,0.5,0.5,174.467,0.5,0.5,0.5,
03/31/2004,2196.99,,-1510.08,,686.91,,-514.537,,,,,,172.373,-9.977,9.977,9.977,,0.0,,0.0,162.396,-62.198,100.198,0.0,,,100.198,0.0,100.198,0.0,0.0,100.198,100.198,,174.32,0.57,0.57,0.57,174.9,0.57,0.57,0.57,
06/30/2004,2297.686,,-1604.621,,693.065,,-529.132,,,,,,163.933,0.0,9.87,9.87,,,,-9.87,163.933,-62.787,101.146,,,,101.146,,101.146,,,101.146,101.146,,174.829,0.58,0.58,0.58,175.644,0.58,0.58,0.58,
09/30/2004,2349.283,,-1649.89,,699.393,0.0,-541.675,541.675,,,,0.0,157.718,0.0,,9.307,,,,-9.307,157.718,-59.825,97.893,,,,97.893,,97.893,0.0,0.0,97.893,97.893,,174.792,0.56,0.56,0.56,175.813,0.56,0.56,0.56,
12/31/2004,2253.308,,-1502.953,,750.355,,-608.46,,,,,,141.895,9.977,8.106,8.106,,,,-18.083,151.872,-55.557,96.315,,,,96.315,,96.315,,,96.315,96.315,,174.687,0.55,0.55,0.55,175.66,0.54,0.54,0.54,
03/31/2005,2342.200928,,-1605.720947,,736.47998,,-564.27002,,,,,,172.210007,0.0,7.947,7.947,,0.0,,-7.947,172.210007,-65.612,106.598,0.0,,,106.598007,0.0,106.598,0.0,0.0,106.598,106.598,,174.772003,0.61,0.61,0.61,176.035995,0.61,0.61,0.61,
06/30/2005,2475.656982,,-1714.400024,,761.256958,,-581.419006,,,,,,179.837997,0.0,7.263,7.263,,0.0,,-7.263,179.837997,-68.871002,110.967003,0.0,,,110.966995,0.0,110.967003,0.0,0.0,110.967003,110.967003,,174.270004,0.64,0.64,0.64,175.231995,0.63,0.63,0.63,
09/30/2005,2555.50293,,-1777.000977,,778.501953,,-598.403015,,,,,,180.098999,0.0,8.159,8.159,,0.0,,-8.159,180.098999,-69.223,110.875999,0.0,,,110.875999,0.0,110.875999,0.0,0.0,110.875999,110.875999,,173.929001,0.64,0.64,0.64,174.884995,0.63,0.63,0.63,
12/31/2005,2409.689,,-1621.842,,787.847,,-610.93,,,,,,176.917,0.0,6.195,6.195,,0.0,,-6.195,176.917,-67.924,108.993,0.0,,,108.993,0.0,108.993,0.0,0.0,108.993,108.993,,174.054,0.62,0.62,0.62,175.007,0.63,0.63,0.63,
03/31/2006,2553.552002,,-1750.074951,,803.477051,,-618.981995,,,,,,184.494995,0.0,7.172,7.172,,0.0,,-7.172,184.494995,-70.57,113.925003,0.0,,,113.924995,0.0,113.925003,0.0,0.0,113.925003,113.925003,,172.772995,0.66,0.66,0.66,173.684998,0.66,0.66,0.66,
06/30/2006,2661.804932,,-1836.623047,,825.181885,,-629.687988,,,,,,195.494003,0.0,6.415,6.415,,0.0,,-6.415,195.494003,-74.814003,120.68,0.0,,,120.68,0.0,120.68,0.0,0.0,120.68,120.68,,172.186005,0.7,0.7,0.7,173.078995,0.7,0.7,0.7,
09/30/2006,2699.641113,,-1868.345947,,831.295166,,-634.445007,,,,,,196.850006,0.0,6.708,6.708,,0.0,,-6.708,196.850006,-75.516998,121.333,0.0,,,121.333008,0.0,121.333,0.0,0.0,121.333,121.333,,170.912003,0.71,0.71,0.71,171.737,0.71,0.71,0.71,
12/31/2006,2542.944,,-1727.403,,815.541,,-621.464,,,,,,194.077,0.0,-9.014,11.281,,0.0,,9.014,194.077,-74.61,119.467,0.0,,,119.467,0.0,119.467,0.0,0.0,119.467,119.467,,170.464,0.7,0.7,0.7,171.449,0.7,0.7,0.7,
03/31/2007,2648.843,,-1816.899,,831.944,,-635.834,,,,,,196.11,0.0,6.671,6.671,,0.0,,-6.671,196.11,-74.557,121.553,0.0,,,121.553,0.0,121.553,0.0,0.0,121.553,121.553,,170.466,0.71,0.71,0.71,171.501,0.71,0.71,0.71,
06/30/2007,2769.527,,-1899.942,,869.585,,-659.769,,,,,,209.816,0.0,5.173,5.173,,0.0,,-5.173,209.816,-79.695,130.121,0.0,,,130.121,0.0,130.121,0.0,0.0,130.121,130.121,,170.318,0.76,0.76,0.76,171.38,0.76,0.76,0.76,
09/30/2007,2797.556,,-1973.068,,824.488,,-617.101,,,,,,207.387,0.0,4.706,4.706,,0.0,,-4.706,207.387,-78.807,128.58,0.0,,,128.58,0.0,128.58,0.0,0.0,128.58,128.58,,168.819,0.76,0.76,0.76,169.825,0.76,0.76,0.76,
12/31/2007,2627.269,,-1849.063,,778.206,,-574.774,,,,,,203.432,0.0,,,,0.0,,0.0,203.432,-77.347,126.085,0.0,,,126.085,0.0,126.085,0.0,0.0,126.085,126.085,,166.955,0.76,0.76,0.76,167.931,0.75,0.75,0.75,
03/31/2008,2739.473,,-1919.99,,819.483,,-627.802,,,,,,191.681,0.0,7.154,7.154,,0.0,,-7.154,191.681,-68.138,123.543,0.0,,,123.543,0.0,123.543,0.0,0.0,123.543,123.543,,164.977,0.75,0.75,0.75,165.706,0.75,0.75,0.75,
06/30/2008,2873.485,,-2021.272,,852.213,,-636.502,,,,,,215.711,0.0,7.332,7.332,,0.0,,-7.332,215.711,-82.638,133.073,0.0,,,133.073,0.0,133.073,0.0,0.0,133.073,133.073,,163.411,0.81,0.81,0.81,164.127,0.81,0.81,0.81,
09/30/2008,2882.115,,-2033.11,,849.005,,-638.163,,,,,,210.842,0.0,7.391,7.391,,0.0,,-7.391,210.842,-79.825,131.017,0.0,,,131.017,0.0,131.017,0.0,0.0,131.017,131.017,,161.603,0.81,0.81,0.81,162.276,0.81,0.81,0.81,
12/31/2008,2520.19,,-1768.401,,751.789,,-569.943,,,,,,181.846,-31.612,9.844,9.844,,0.0,,21.768,150.234,-62.45,87.784,0.0,,,87.784,0.0,87.784,0.0,0.0,87.784,87.784,,159.452,0.55,0.55,0.55,159.909,0.55,0.55,0.55,
03/31/2009,2444.496,2444.496,-1712.295,1712.295,732.201,0.0,-587.533,565.012,,22.521,,0.0,144.668,0.0,,0.007096,,,,-0.007096,144.668,-55.509,89.159,0.0,0.0,0.0,89.159,,89.159,0.0,0.0,89.159,89.159,0.0,159.444,0.56,0.56,0.56,159.663,0.56,0.56,0.56,
06/30/2009,2535.045,2535.045,-1790.19,1790.19,744.855,0.0,-578.805,556.394,,22.411,,0.0,166.05,0.0,-0.006752,,,,,0.006752,166.05,-62.44,103.61,0.0,0.0,0.0,103.61,,103.61,0.0,0.0,103.61,103.61,0.0,159.513,0.65,0.65,0.65,159.766,0.65,0.65,0.65,
09/30/2009,2606.757,2606.757,-1841.511,1841.511,765.246,0.0,-594.54,571.978,,22.562,,0.0,170.706,0.0,-6.662,,,,,6.662,170.706,-63.067,107.639,0.0,0.0,0.0,107.639,,107.639,0.0,0.0,107.639,107.639,0.0,159.541,0.67,0.67,0.67,159.876,0.67,0.67,0.67,
12/31/2009,2471.214,2471.214,-1703.754,1703.754,767.46,0.0,-604.719,581.802,,22.917,,0.0,162.741,0.0,6.602,,,,,-6.602,162.741,-63.574,99.167,0.0,0.0,0.0,99.167,,99.167,0.0,0.0,99.167,99.167,0.0,159.144,0.62,0.62,0.62,159.52,0.62,0.62,0.62,
03/31/2010,2602.115,2602.115,-1841.64,1841.64,760.475,0.0,-598.36,576.217,,22.143,,0.0,162.115,0.0,-6.733,,,,,6.733,162.115,-61.506,100.609,0.0,0.0,0.0,100.609,,100.609,0.0,0.0,100.609,100.609,0.0,158.771,0.63,0.63,0.63,159.179,0.63,0.63,0.63,
06/30/2010,2847.186,2847.186,-2024.876,2024.876,822.31,0.0,-621.517,598.331,,23.186,,0.0,200.793,0.0,6.693,,,,,-6.693,200.793,-76.326,124.467,0.0,0.0,0.0,124.467,,124.467,0.0,0.0,124.467,124.467,0.0,158.26,0.79,0.79,0.79,158.662,0.78,0.78,0.78,
09/30/2010,2950.56,2950.56,-2097.529,2097.529,853.031,0.0,-640.542,618.449,,22.093,,0.0,212.489,0.0,6.562,,,,,-6.562,212.489,-80.704,131.785,0.0,0.0,0.0,131.785,,131.785,0.0,0.0,131.785,131.785,0.0,157.573,0.84,0.84,0.84,157.98,0.83,0.83,0.83,
12/31/2010,2807.728,2807.728,-1990.6,1990.6,817.128,0.0,-630.742,608.832,0.0,21.91,,0.0,186.386,0.0,6.61,,,0.0,0.0,-6.61,186.386,-67.736,118.65,0.0,0.0,0.0,118.65,,118.65,0.0,0.0,118.65,118.65,0.0,157.543,0.753128,0.753128,0.753128,158.318,0.749441,0.749441,0.749441,
03/31/2011,2974.198,2974.198,-2125.404,2125.404,848.794,0.0,-656.814,634.269,,22.545,,0.0,191.98,0.0,6.5,,,,,-6.5,191.98,-65.465,126.515,0.0,0.0,0.0,126.515,,126.515,0.0,0.0,126.515,126.515,0.0,157.633,0.8,0.8,0.8,158.656,0.8,0.8,0.8,
06/30/2011,3184.984,3184.984,-2268.87,2268.87,916.114,0.0,-674.563,651.635,,22.928,,0.0,241.551,0.0,6.236,,,,,-6.236,241.551,-89.739,151.812,0.0,0.0,0.0,151.812,,151.812,,0.0,151.812,151.812,0.0,157.248,0.97,0.97,0.97,158.243,0.96,0.96,0.96,
09/30/2011,3285.56,3285.56,-2337.028,2337.028,948.532,0.0,-701.432,679.967,,21.465,,0.0,247.1,0.0,6.244,,,,,-6.244,247.1,-95.268,151.832,0.0,0.0,0.0,151.832,,151.832,0.0,0.0,151.832,151.832,0.0,156.206,0.97,0.97,0.97,157.148,0.97,0.97,0.97,
12/31/2011,3014.135,3014.135,-2121.535,2121.535,892.6,0.0,-682.425,660.428,0.0,21.997,,0.0,210.175,0.0,5.628,,,0.0,0.0,-5.628,210.175,-75.218,134.957,0.0,0.0,0.0,134.957,,134.957,0.0,0.0,134.957,134.957,0.0,155.567,0.87,0.87,0.87,156.662,0.86,0.86,0.86,
03/31/2012,3181.288,3181.288,-2262.177,2262.177,919.111,0.0,-690.943,667.958,,22.985,,0.0,228.168,0.0,4.715,,,,,-4.715,228.168,-81.913,146.255,0.0,0.0,0.0,146.255,,146.255,0.0,0.0,146.255,146.255,0.0,155.81,0.94,0.94,0.94,156.949,0.93,0.93,0.93,
06/30/2012,3337.836,3337.836,-2365.55,2365.55,972.286,0.0,-704.981,680.246,,24.735,,0.0,267.305,0.0,5.019,,,,,-5.019,267.305,-98.687,168.618,0.0,0.0,0.0,168.618,,168.618,,0.0,168.618,168.618,0.0,155.753,1.08,1.08,1.08,156.772,1.08,1.08,1.08,
09/30/2012,3375.778,3375.778,-2399.742,2399.742,976.036,0.0,-704.503,678.894,,25.609,,0.0,271.533,0.0,4.971,,,,,-4.971,271.533,-98.59,172.943,0.0,0.0,0.0,172.943,,172.943,0.0,0.0,172.943,172.943,0.0,155.147,1.11,1.11,1.11,156.135,1.11,1.11,1.11,
12/31/2012,3118.966,3118.966,-2208.308,2208.308,910.658,0.0,-658.732,633.678,,25.054,,0.0,251.926,0.0,4.914,4.914,0.0,,,-4.914,251.926,-91.701,160.225,0.0,0.0,0.0,160.225,,160.225,0.0,0.0,160.225,160.225,0.0,154.952,1.03,1.03,1.03,155.895,1.03,1.03,1.03,
03/31/2013,3198.802,3198.802,-2277.054,2277.054,921.748,0.0,-699.611,673.612,,25.999,,0.0,222.137,0.0,3.353,,,0.0,,-3.353,222.137,-77.748,144.389,0.0,0.0,0.0,144.389,,144.389,0.0,0.0,144.389,144.389,0.0,154.891,0.93,0.93,0.93,155.931,0.93,0.93,0.93,
06/30/2013,3675.997,3675.997,-2570.889,2570.889,1105.108,0.0,-790.38,753.527,,36.853,,0.0,314.728,0.0,7.852,,,0.0,,-7.852,314.728,-98.371,216.357,0.0,0.0,0.0,216.357,,216.357,0.0,0.0,216.357,182.00532,-34.35168,155.05,1.4,1.4,1.173849,156.144,1.39,1.39,1.17,
09/30/2013,3685.243,3685.243,-2584.32,2584.32,1100.923,0.0,-829.177,793.957,,35.22,,0.0,271.746,0.0,7.031,,,0.0,,-7.031,271.746,-98.0,173.746,0.0,0.0,0.0,173.746,,173.746,0.0,0.0,173.746,175.696,1.95,154.567,1.12,1.12,1.136698,155.663,1.12,1.12,1.132527,
12/31/2013,3517.801,3517.801,-2425.66,2425.66,1092.141,0.0,-856.448,820.563,,35.885,,0.0,235.693,0.0,6.094,6.094,0.0,0.0,,-6.094,235.693,-85.226,150.467,0.0,0.0,0.0,150.467,,150.467,0.0,0.0,150.467,150.467,0.0,154.047,0.98,0.98,0.98,155.122,0.97,0.97,0.97,
03/31/2014,3624.897,3624.897,-2540.267,2540.267,1084.63,0.0,-840.658,803.802,,36.856,,0.0,243.972,0.0,6.206,,,,,-6.206,243.972,-86.488,157.484,0.0,0.0,0.0,157.484,,157.484,0.0,0.0,157.484,157.484,0.0,153.729,1.02,1.02,1.02,154.796,1.02,1.02,1.02,
06/30/2014,3908.387,3908.387,-2729.219,2729.219,1179.168,0.0,-868.988,832.205,,36.783,,0.0,310.18,0.0,6.224,,,,,-6.224,310.18,-112.453,197.727,0.0,0.0,0.0,197.727,,197.727,0.0,0.0,197.727,197.727,0.0,153.463,1.29,1.29,1.29,154.532,1.28,1.28,1.28,
09/30/2014,3985.909,3985.909,-2802.487,2802.487,1183.422,0.0,-885.139,850.156,,34.983,,0.0,298.283,0.0,6.283,,,0.0,,-6.283,298.283,-107.767,190.516,0.0,0.0,0.0,190.516,,190.516,0.0,0.0,190.516,192.466,1.95,153.018,1.25,1.25,1.2578,154.098,1.24,1.24,1.252654,
12/31/2014,3822.454,3822.454,-2675.913,2675.913,1146.541,0.0,-881.237,841.546,,39.691,,0.0,265.304,0.0,5.479,5.479,0.0,0.0,,-5.479,265.304,-99.745,165.559,0.0,0.0,0.0,165.559,,165.559,0.0,0.0,165.559,163.14165,-2.41735,152.996,1.08,1.08,1.066313,154.084,1.07,1.07,1.054311,
03/31/2015,3736.051,3736.051,-2623.232,2623.232,1112.819,0.0,-861.438,825.554,,35.884,,0.0,251.381,0.0,5.327,,,0.0,,-5.327,251.381,-90.371,161.01,0.0,0.0,0.0,161.01,,161.01,0.0,0.0,161.01,161.01,0.0,152.656,1.05,1.05,1.05,153.574,1.05,1.05,1.05,
06/30/2015,3940.401,3940.401,-2762.071,2762.071,1178.33,0.0,-868.213,832.61,,35.603,,0.0,310.117,0.0,5.674,,,0.0,,-5.674,310.117,-114.744,195.373,0.0,0.0,0.0,195.373,,195.373,0.0,0.0,195.373,195.373,0.0,152.134,1.28,1.28,1.28,152.989,1.28,1.28,1.28,
09/30/2015,3921.802,3921.802,-2752.577,2752.577,1169.225,0.0,-868.65,834.372,,34.278,,0.0,300.575,0.0,5.055,,,0.0,,-5.055,300.575,-112.559,188.016,0.0,0.0,0.0,188.016,,188.016,0.0,0.0,188.016,188.016,0.0,151.354,1.24,1.24,1.24,152.143,1.24,1.24,1.24,
12/31/2015,3681.79,3681.79,-2586.312,2586.312,1095.478,0.0,-833.87,797.959,,35.911,,0.0,261.608,0.0,4.298,,,0.0,,-4.298,261.608,-100.335,161.273,0.0,0.0,0.0,161.273,,161.273,0.0,0.0,161.273,159.20015,-2.07285,150.552,1.07,1.07,1.057443,151.355,1.07,1.07,1.056305,
03/31/2016,3718.267,3718.267,-2613.796,2613.796,1104.471,0.0,-857.826,823.172,,34.654,,0.0,246.645,0.0,4.822,,,0.0,,-4.822,246.645,-88.62,158.025,0.0,0.0,0.0,158.025,,158.025,0.0,0.0,158.025,158.025,0.0,149.593,1.06,1.06,1.06,150.342,1.05,1.05,1.05,
06/30/2016,3899.638,3899.638,-2734.186,2734.186,1165.452,0.0,-865.4,829.489,,35.911,,0.0,300.052,0.0,4.665,,,0.0,,-4.665,300.052,-108.683,191.369,0.0,0.0,0.0,191.369,,191.369,0.0,0.0,191.369,191.369,0.0,149.241,1.28,1.28,1.28,150.029,1.28,1.28,1.28,
09/30/2016,3941.743,3941.743,-2743.142,2743.142,1198.601,0.0,-907.244,869.562,,37.682,,0.0,291.357,0.0,5.244,,,0.0,,-5.244,291.357,-106.031,185.326,0.0,0.0,0.0,185.326,,185.326,0.0,0.0,185.326,185.326,0.0,148.899,1.24,1.24,1.24,149.727,1.24,1.24,1.24,
12/31/2016,3780.065,3780.065,-2648.982,2648.982,1131.083,0.0,-894.797,855.557,,39.24,,0.0,236.286,0.0,4.794,,,0.0,,-4.794,236.286,-83.766,152.52,0.0,0.0,0.0,152.52,,152.52,0.0,0.0,152.52,152.52,0.0,148.478,1.03,1.03,1.03,149.177,1.02,1.02,1.02,
03/31/2017,3905.641,3905.641,-2749.92,2749.92,1155.721,0.0,-918.616,877.356,,38.132,3.128,0.0,237.105,6.67,0.605,6.779,-6.174,0.0,,-7.275,243.775,-83.615,160.16,0.0,0.0,0.0,160.16,,160.16,0.0,0.0,160.16,160.16,0.0,148.154,1.08,1.08,1.08,148.788,1.08,1.08,1.08,
06/30/2017,4100.178,4100.178,-2860.466,2860.466,1239.712,0.0,-948.721,906.943,,39.232,2.546,0.0,290.991,6.146,0.568,7.446,-6.878,0.0,,-6.714,297.137,-107.165,189.972,0.0,0.0,0.0,189.972,,189.972,0.0,0.0,189.972,189.972,0.0,147.079,1.29,1.29,1.29,147.65,1.29,1.29,1.29,
09/30/2017,4095.906,4095.906,-2869.016,2869.016,1226.89,0.0,-975.284,931.5,,40.276,3.508,0.0,251.606,-5.251,0.0,9.038,-9.038,0.0,,5.251,246.355,-87.913,158.442,0.0,0.0,0.0,158.442,,158.442,0.0,0.0,158.442,170.026,11.584,146.72,1.08,1.08,1.158847,147.222,1.08,1.08,1.158684,
12/31/2017,4207.076,4207.076,-2923.001,2923.001,1284.075,0.0,-1062.074,1012.023,0.0,50.051,,0.0,222.001,0.0,17.423,,,0.0,,-17.423,222.001,-113.818,108.183,0.0,0.0,0.0,108.183,,108.183,0.0,0.0,108.183,165.455,57.272,146.629,0.74,0.74,1.128392,147.211,0.73,0.73,1.119047,
03/31/2018,4586.294,4586.294,-3150.487,3150.487,1435.807,0.0,-1194.835,1133.771,,58.363,2.701,0.0,240.972,-11.653,0.802,24.109,-23.307,0.0,,10.851,229.319,-52.743,176.576,0.0,0.0,0.0,176.576,,176.576,0.0,0.0,176.576,186.459,9.883,146.727,1.2,1.2,1.270789,147.322,1.2,1.2,1.267084,
06/30/2018,4822.065,4822.065,-3300.479,3300.479,1521.586,0.0,-1210.334,1148.217,,58.451,3.666,0.0,311.252,-10.981,25.525,26.476,-0.951,,,-14.544,300.271,-73.299,226.972,0.0,0.0,0.0,226.972,,226.972,0.0,0.0,226.972,233.553,6.581,146.748,1.55,1.55,1.591524,147.26,1.54,1.54,1.58469,
09/30/2018,4722.922,4722.922,-3238.687,3238.687,1484.235,0.0,-1185.287,1119.266,,61.082,4.939,0.0,298.948,-7.213,21.881,25.084,-3.203,,,-14.668,291.735,-71.508,220.227,0.0,0.0,0.0,220.227,,220.227,0.0,0.0,220.227,217.635,-2.592,146.763,1.5,1.5,1.482901,147.453,1.49,1.49,1.472422,
12/31/2018,4603.792,4603.792,-3061.633,3061.633,1542.159,0.0,-1283.616,1214.036,,63.739,5.841,0.0,258.543,-4.256,21.38,26.256,-4.876,0.0,,-17.124,254.287,-67.588,186.699,0.0,0.0,0.0,186.699,,186.699,0.0,0.0,186.699,198.434,11.735,146.392,1.28,1.28,1.355498,147.099,1.27,1.27,1.349776,
03/31/2019,4736.833,4736.833,-3228.665,3228.665,1508.168,0.0,-1269.851,1203.905,,61.977,3.969,0.0,238.317,-26.805,23.029,23.883,-0.854,0.0,,3.776,211.512,-51.262,160.25,0.0,0.0,0.0,160.25,,160.25,0.0,0.0,160.25,187.214,26.964,145.981,1.1,1.1,1.282455,146.694,1.09,1.09,1.273811,
06/30/2019,4457.931,4457.931,-2975.227,2975.227,1482.704,0.0,-1195.493,1127.296,,62.684,5.513,0.0,287.211,-5.012,22.586,23.262,-0.676,,,-17.574,282.199,-72.68,209.519,-14.911,-14.911,0.0,224.43,,224.43,0.0,0.0,224.43,215.396,5.877,146.075,1.536403,1.43,1.474558,146.736,1.529482,1.43,1.470052,
09/30/2019,5015.023,5015.023,-3390.597,3390.597,1624.426,0.0,-1340.508,1269.893,,68.922,1.693,0.0,283.918,20.615,24.77,26.485,-1.715,,,-45.385,304.533,-77.046,227.487,0.0,0.0,0.0,227.487,,227.487,0.0,0.0,227.487,213.835999,-13.651001,145.572,1.56,1.56,1.468936,146.189,1.56,1.56,1.466621,
12/31/2019,4706.189,4706.189,-3121.095,3121.095,1585.094,0.0,-1520.809,1250.141,,73.235,3.281,194.152,64.285,-52.159,21.002,22.047,-1.045,,,31.157,12.126,-3.208,8.918,0.0,0.0,0.0,8.918,,8.918,0.0,0.0,8.918,196.655,187.737,145.325,0.06,0.06,1.353208,146.105,0.06,0.06,1.344946,
03/31/2020,4559.532,4559.532,-3058.741,3058.741,1500.791,0.0,-1311.925,1232.743,,70.443,7.3,1.439,188.866,-9.921,19.836,20.969,-1.133,,,-9.915,178.945,-42.41,136.535,0.0,0.0,0.0,136.535,,136.535,0.0,0.0,136.535,154.037956,17.502956,145.052,0.94,0.94,1.06195,145.623,0.94,0.94,1.060194,
06/30/2020,3823.227,3823.227,-2532.74,2532.74,1290.487,0.0,-1581.402,971.589,,66.733,11.3,531.78,-290.915,-13.521,24.876,25.465,-0.589,,,-11.355,-304.436,-59.065,-363.501,200.871,200.871,0.0,-564.372,,-564.372,0.0,0.0,-564.372,188.100838,551.601838,144.262,-3.912132,-2.52,1.303883,144.262,-3.912132,-2.52,1.303611,
09/30/2020,4372.667,,,,1466.02406509,,,,,,,,297.5,,,,,,,,271.286,,208.0,,,,,,208.0,,,208.0,204.833,,,1.393,1.393,1.374,,1.393,1.393,1.374,
12/31/2020,4296.889,,,,1479.93450938,,,,,,,,265.5,,,,,,,,260.286,,184.0,,,,,,184.0,,,184.0,193.167,,,1.32,1.32,1.317,,1.32,1.32,1.317,
