Date,Revenue,Sales & Services Revenue,Cost of Revenue,Cost of Goods & Services,Gross Profit,Other Operating Income,Operating Expenses,"Selling, General & Admin",Other Operating Expense,Operating Income (Loss),Non-Operating (Income) Loss,"Interest Expense, Net",Interest Expense,Interest Income,Foreign Exch (Gain) Loss,(Income) Loss from Affiliates,Other Non-Op (Income) Loss,Pretax Income,Income Tax Expense (Benefit),Income (Loss) from Cont Ops,Net Extraordinary Losses (Gains),Discontinued Operations,XO & Accounting Changes,Income (Loss) Incl. MI,Minority Interest,"Net Income, GAAP",Preferred Dividends,Other Adjustments,"Net Income Avail to Common, GAAP","Net Income Avail to Common, Adj",Net Abnormal Losses (Gains),Basic Weighted Avg Shares,"Basic EPS, GAAP",Basic EPS from Cont Ops,"Basic EPS from Cont Ops, Adjusted",Diluted Weighted Avg Shares,"Diluted EPS, GAAP",Diluted EPS from Cont Ops,"Diluted EPS from Cont Ops, Adjusted",Source: Bloomberg
09/30/1988,2656.0,,,,,,,,,,,,,,,,,,,,,,,,,63.5,,,63.5,63.5,,114.599998,0.555,0.555,0.555,114.599998,0.555,0.555,0.555,
12/31/1988,2827.199951,,,,,,,,,,,,,,,,,,,,,,,,,56.400002,,,56.400002,56.400002,,114.800003,0.49,0.49,0.49,114.800003,0.49,0.49,0.49,
03/31/1989,2642.899902,,,,,,,,,,,,,,,,,,,,,,,,,94.5,,,94.5,94.5,,115.244003,0.82,0.78,0.78,115.244003,0.82,0.78,0.78,
06/30/1989,2811.0,,,,,,,,,,,,,,,,,,,,,,,,,27.1,,,27.1,27.1,,115.318001,0.235,0.195,0.195,115.318001,0.235,0.195,0.195,
09/30/1989,2679.100098,,,,,,,,,,,,,,,,,,,,,,,,,70.5,,,70.5,70.5,,115.573769,0.61,0.57,0.57,115.573769,0.61,0.57,0.57,
12/31/1989,2736.299805,,,,,,,,,,,,,,,,,,,,,,,,,14.700003,,,14.700003,14.700003,,117.599998,0.125,0.095,0.095,117.599998,0.125,0.095,0.095,
03/31/1990,2691.699951,,-2078.199951,,613.5,,-490.299988,,,123.199997,-76.499999,,96.599998,,-5.7,,-14.4,46.699998,-25.4,21.299999,-4.4,,,25.699998,-4.8,20.9,0.0,,20.9,20.9,,115.933998,0.18,0.142047,,115.933998,0.18,0.142047,0.142047,
06/30/1990,2870.800049,,-2233.0,,637.800049,,-510.100006,,,127.699997,-124.200003,,83.800003,,19.299999,,21.1,3.499994,-11.7,-8.2,-0.6,,,-7.600006,-1.8,-9.4,0.0,,-9.4,-9.4,,116.300003,-0.08,-0.085159,,116.300003,-0.08,-0.085159,-0.085159,
09/30/1990,2899.699951,,-2290.300049,,609.399902,,-507.399994,,,102.0,-149.300005,,80.300003,,27.1,,41.900002,-47.300005,-7.4,-54.700001,5.0,,,-59.700005,-1.7,-61.400002,0.0,,-61.400002,-61.400002,,116.667999,-0.53,-0.487143,,116.667999,-0.53,-0.487143,-0.487143,
12/31/1990,2810.300049,,-2203.600098,,606.699951,,-491.799988,,,114.900002,-47.800002,,67.5,,31.4,,-51.099998,67.1,-49.700001,17.4,0.0,,,17.399999,-5.8,11.6,0.0,,11.6,11.6,,116.807,0.1,0.1,0.1,116.807,0.1,0.1,0.1,
03/31/1991,2497.0,,-1962.599976,,534.400024,,-459.600006,,,74.800003,-139.599998,,81.699997,,11.7,,46.200001,-64.799994,-19.700001,-84.5,0.0,,,-84.499995,-5.6,-90.099998,0.0,,-90.099998,-90.099998,,116.989998,-0.77,-0.77,,116.989998,-0.77,-0.77,-0.77,
06/30/1991,2791.300049,,-2159.100098,,632.199951,,-484.5,,,147.699997,-73.900002,,81.900002,,11.0,,-19.0,73.799995,-48.299999,25.5,0.0,,,25.499996,-3.0,22.5,0.0,,22.5,22.5,,117.040001,0.19,0.19,,117.040001,0.19,0.19,0.19,
09/30/1991,2838.300049,,-2151.199951,,687.100098,,-493.700012,,,193.399994,-79.100002,,80.400002,,12.1,,-13.4,114.299992,-55.799999,58.5,-6.8,,,65.299993,-6.2,59.099998,0.0,,59.099998,59.099998,,117.132004,0.505,0.446946,,117.132004,0.505,0.446946,0.446946,
12/31/1991,2780.199951,,-2132.399902,,647.800049,,-473.899994,,,173.899994,-7.000001,,73.800003,,12.6,,-79.400002,166.899993,-72.400002,94.5,-15.3,,,109.799991,-4.7,105.099998,0.0,0.0,105.099998,105.099998,,129.268006,0.88,0.761641,0.761641,129.268006,0.88,0.761641,0.761641,
03/31/1992,2778.300049,,-2107.899902,,670.400146,,-492.700012,,,177.699997,-57.300002,,63.400002,,10.2,,-16.299999,120.399995,-49.099998,71.300003,1010.599976,,,-939.299979,-5.2,-944.5,0.0,,-944.5,-944.5,,141.505997,-6.67,0.47,,141.505997,-6.67,0.47,0.47,
06/30/1992,3066.300049,,-2322.100098,,744.199951,,-493.399994,,,250.800003,-58.199997,,67.199997,,18.9,,-27.9,192.600006,-79.300003,113.300003,0.0,,,113.300003,-6.4,106.900002,0.0,,106.900002,106.900002,,142.417999,0.75,0.75,,142.417999,0.75,0.75,0.75,
09/30/1992,3012.800049,,-2283.100098,,729.699951,,-505.899994,,,223.800003,-57.600002,,52.400002,,25.200001,,-20.0,166.200001,-68.0,98.199997,0.0,,,98.200001,-6.7,91.5,0.0,,91.5,91.5,,143.350006,0.635,0.635,,143.350006,0.635,0.635,0.635,
12/31/1992,2927.5,,-2258.699951,,668.800049,,-505.299988,,,163.5,10.399997,,49.900002,,22.799999,,-83.099998,173.899997,-66.199997,107.699997,15.300001,,,92.399999,-4.9,87.5,0.0,0.0,87.5,87.5,,143.944,0.61,0.715,0.715,143.944,0.61,0.715,0.715,
03/31/1993,2814.0,,-2109.199951,,704.800049,,-487.5,,,217.300003,-58.1,,44.0,,25.6,,-11.5,159.200003,-65.800003,93.400002,0.0,,,93.4,-6.3,87.099998,0.0,,87.099998,87.099998,,144.753998,0.6,0.6,,144.753998,0.6,0.6,0.6,
06/30/1993,3000.300049,,-2224.600098,,775.699951,,-481.0,,,294.700012,-48.300001,,44.200001,,30.0,,-25.9,246.400011,-87.099998,159.300003,14.6,,,144.700012,-7.1,137.600006,0.0,,137.600006,137.600006,,145.574005,0.95,1.05,,145.574005,0.95,1.05,1.05,
09/30/1993,2913.100098,,-2165.0,,748.100098,,-483.5,,,264.600006,-42.999998,,38.799999,,27.4,,-23.200001,221.600008,-78.0,143.600006,0.0,,,143.600008,-7.4,136.199997,0.0,,136.199997,136.199997,,147.862,0.92,0.92,,147.862,0.92,0.92,0.92,
12/31/1993,2916.0,,-2214.199951,,701.800049,,-470.100006,,,231.699997,-47.000002,,35.400002,,30.1,,-18.5,184.699995,-65.300003,119.400002,86.300007,,,33.099985,-6.2,26.9,0.0,0.0,26.9,26.9,,150.110794,0.17,0.74,0.74,150.110794,0.17,0.74,0.74,
03/31/1994,2909.600098,,-2195.399902,,714.200195,,-470.399994,,,243.800003,-54.000001,,33.200001,,31.0,,-10.2,189.800002,-69.599998,120.199997,0.0,,,120.200004,-4.2,116.0,0.0,,116.0,116.0,,150.953003,0.77,0.77,,150.953003,0.77,0.77,0.77,
06/30/1994,3052.300049,,-2260.399902,,791.900146,,-477.799988,,,314.100006,-61.9,,34.5,,48.799999,,-21.4,252.200006,-84.0,168.199997,0.0,,,168.200006,-5.0,163.199997,0.0,,163.199997,163.199997,,151.240997,1.08,1.08,,151.240997,1.08,1.08,1.08,
09/30/1994,3115.800049,,-2362.399902,,753.400146,,-492.0,,,261.399994,-24.299999,,32.599998,,-4.2,,-4.1,237.099995,-78.300003,158.800003,0.0,,,158.799992,-7.5,151.300003,0.0,,151.300003,151.300003,,151.306,1.0,1.0,,151.306,1.0,1.0,1.0,
12/31/1994,3210.5,,-2453.199951,,757.300049,,-518.0,,,239.300003,-28.9,,29.1,,2.0,,-2.2,210.400003,-66.800003,143.600006,0.0,,,143.6,-7.1,136.5,0.0,0.0,136.5,136.5,,151.367996,0.9,0.9,0.9,151.367996,0.9,0.9,0.9,
03/31/1995,3243.300049,,-2487.399902,,755.900146,,-483.5,,,272.399994,-59.8,,32.0,,24.9,,2.9,212.599994,-71.800003,140.800003,0.0,,,140.799991,-7.5,133.300003,0.0,,133.300003,133.300003,,151.464996,0.88,0.88,,151.464996,0.88,0.88,0.88,
06/30/1995,3350.800049,,-2550.600098,,800.199951,,-478.100006,,,322.100006,-45.999999,,36.299999,,3.0,,6.7,276.100007,-93.599998,182.5,0.0,,,182.500009,-8.7,173.800003,0.0,,173.800003,173.800003,,151.742004,1.15,1.15,,151.742004,1.15,1.15,1.15,
09/30/1995,3305.100098,,-2558.399902,,746.700195,,-470.0,,,276.700012,-34.300001,,33.200001,,-5.6,,6.7,242.400012,-74.0,168.399994,0.0,,,168.400012,-10.9,157.5,0.0,,157.5,157.5,,152.294998,1.03,1.03,,152.294998,1.03,1.03,1.03,
12/31/1995,3266.699951,,-2497.199951,,769.5,,-505.299988,,,264.200012,-33.3,,33.5,,-4.9,,4.7,230.900012,-75.400002,155.5,0.0,,,155.50001,-9.1,146.399994,0.0,0.0,146.399994,146.399994,,152.899994,0.96,0.96,0.96,152.899994,0.96,0.96,0.96,
03/31/1996,3245.5,,-2481.199951,,764.300049,,-471.0,,,293.299988,-47.9,,32.0,,1.9,,14.0,245.399988,-81.699997,163.699997,0.0,,,163.699991,-11.9,151.800003,0.0,,151.800003,151.800003,,154.300003,0.98,0.98,0.98,156.199997,0.97,0.97,0.97,
06/30/1996,3329.5,,-2534.300049,,795.199951,,-463.399994,,,331.799988,-47.000001,,35.400002,,4.7,,6.9,284.799986,-85.599998,199.199997,0.0,,,199.199988,-11.3,187.899994,0.0,,187.899994,187.899994,,155.100006,1.22,1.22,1.22,157.100006,1.2,1.2,1.2,
09/30/1996,3267.699951,,-2519.5,,748.199951,,-461.399994,,,286.799988,-21.9,,33.200001,,-0.7,,-10.6,264.899987,-83.800003,181.100006,0.0,,,181.099984,-10.9,170.199997,0.0,,170.199997,170.199997,,155.300003,1.09,1.09,1.09,156.699997,1.09,1.09,1.09,
12/31/1996,3270.100098,,-2491.699951,,778.400147,,-494.299988,,,284.100006,-913.799988,,28.0,,1.5,,884.299988,-629.699982,230.5,-399.200012,0.0,,,-399.199982,-9.0,-408.200012,0.0,,-408.200012,-408.200012,,155.699997,-2.62,-2.62,1.06,155.699997,-2.62,-2.62,1.06,
03/31/1997,3208.699951,,-2453.100098,,755.599853,,-466.299988,,,289.299988,-35.5,,31.0,,-3.1,,7.6,253.799988,-82.099998,171.699997,-10.2,,,181.89999,-11.5,170.399994,0.0,,170.399994,170.399994,,156.399994,1.09,1.02,1.02,158.0,1.08,1.01,1.01,
06/30/1997,3289.899902,,-2524.600098,,765.299804,,-462.399994,,,302.899994,-32.7,,32.5,,-3.1,,3.3,270.199994,-76.800003,193.399994,-10.5,,,203.899991,-11.7,192.199997,0.0,,192.199997,192.199997,,155.800003,1.23,1.17,1.17,157.699997,1.22,1.16,1.16,
09/30/1997,3298.699951,,-2536.300049,,762.399902,,-465.799988,,,296.600006,-25.6,,28.4,,-10.1,,7.3,271.000006,-74.300003,196.699997,-9.3,,,206.000003,-11.9,194.100006,0.0,,194.100006,194.100006,,156.199997,1.25,1.19,1.19,158.300003,1.22,1.16,1.16,
12/31/1997,3268.0,,-2501.599121,,766.400879,,-492.200012,,,274.200012,-281.300001,,27.6,,-17.799999,,271.5,-7.099989,12.3,5.2,-6.3,,,11.500011,-9.5,2.0,0.0,,2.0,2.0,,156.5,0.01,-0.03,1.1,158.600006,0.01,-0.03,1.1,
03/31/1998,3094.0,,-2331.199951,,762.800049,,-459.0,,,303.799988,29.000001,,30.299999,,-5.3,,-54.0,332.799989,-112.5,220.300003,34.700001,,,185.599988,-8.8,176.800003,0.0,,176.800003,176.800003,,156.800003,1.13,1.35,1.11,159.0,1.11,1.33,1.09,
06/30/1998,3137.5,,-2392.699951,,744.800049,,-451.899994,,,292.899994,-20.9,,34.0,,-9.2,,-3.9,271.999994,-65.900002,206.100006,0.0,,,206.099992,-7.1,199.0,0.0,,199.0,199.0,,157.199997,1.26,1.26,1.26,159.300003,1.25,1.25,1.25,
09/30/1998,3191.699951,,-2469.800049,,721.899902,,-471.5,,,250.399994,3.199997,,41.400002,,-0.3,,-44.299999,253.599991,-58.900002,194.699997,0.0,,,194.699989,-9.7,185.0,0.0,,185.0,185.0,,156.399994,1.19,1.19,1.19,157.800003,1.17,1.17,1.17,
12/31/1998,3203.100098,,-2479.199951,,723.900147,,-498.700012,,,225.199997,-49.399998,,42.099998,,12.2,,-4.9,175.799999,-48.400002,127.400002,0.0,,,127.399997,-5.9,121.5,0.0,,121.5,121.5,,155.899994,0.78,0.78,0.74,157.100006,0.77,0.77,0.73,
03/31/1999,2991.2,,-2331.4,,659.8,,-444.8,,,215.0,-175.8,37.7,37.7,,-34.6,,172.7,39.2,-9.2,30.0,0.0,,,30.0,-4.5,25.5,0.0,,25.5,25.5,,156.0,0.16,0.16,0.9,157.8,0.16,0.16,0.9,
06/30/1999,3048.7,,-2435.2,,613.5,,-475.2,,,138.3,-36.8,39.6,39.6,,1.1,,-3.9,101.5,-29.3,72.2,0.0,,,72.2,-6.5,65.7,0.0,,65.7,65.7,,156.1,0.42,0.42,0.42,159.6,0.41,0.41,0.41,
09/30/1999,3288.8,,-2764.6,,524.2,,-515.4,,,8.8,108.2,46.2,46.2,,-1.3,,-153.1,117.0,4.2,121.2,0.0,,,121.2,-12.1,109.1,0.0,,109.1,109.1,-26.8,156.3,0.7,0.7,0.53,159.5,0.69,0.69,0.52,
12/31/1999,3677.1,,-2954.2,,722.9,,-581.3,,,141.6,-66.1,55.900002,55.9,,7.2,,2.999998,75.5,-21.3,54.2,0.0,,,54.2,-17.2,37.0,0.0,,37.0,37.0,,156.3,0.23,0.23,0.27,158.8,0.23,0.23,0.27,
03/31/2000,3536.5,,-2788.6,,747.9,,-559.7,,,188.2,-71.1,62.1,62.1,,5.1,,3.9,117.1,-36.9,80.2,0.0,,,80.2,-16.6,63.6,0.0,,63.6,63.6,,156.3,0.41,0.41,0.41,158.7,0.4,0.4,0.4,
06/30/2000,3474.699951,,-2741.199951,,733.5,,-553.299988,,,180.199997,-82.300002,69.900002,69.900002,,-1.4,,13.8,97.899995,-27.299999,70.599998,0.0,,,70.599996,-10.9,59.700001,0.0,,59.700001,59.700001,,156.399994,0.38,0.38,0.41,158.699997,0.38,0.38,0.41,
09/30/2000,3482.4,,-2865.3,,617.1,,-549.2,,,67.9,-76.4,73.7,73.7,,-2.9,,5.6,-8.5,11.9,3.4,0.0,,,3.4,-10.0,-6.6,0.0,,-6.6,-6.6,,157.0,-0.04,-0.04,-0.06,158.2,-0.04,-0.04,-0.06,
12/31/2000,3526.4,,-2883.9,,642.5,,-575.1,,,67.4,-215.4,76.9,76.9,,-7.5,,146.0,-148.0,42.0,-106.0,0.0,,,-106.0,4.0,-102.0,0.0,,-102.0,-102.0,,157.6,-0.65,-0.65,-0.11,159.4,-0.65,-0.65,-0.11,
03/31/2001,3414.2,,-2785.6,,628.6,,-547.9,,,80.7,-136.4,68.7,68.7,,-9.9,,77.6,-55.7,16.8,-38.9,0.0,,,-38.9,-7.8,-46.7,0.0,0.0,-46.7,-46.7,,158.2,-0.3,-0.3,-0.03,158.2,-0.3,-0.3,-0.03,
06/30/2001,3582.5,,-2912.1,,670.4,,-565.8,,,104.6,-81.6,74.5,74.5,,-5.4,,12.5,23.0,-6.5,16.5,0.0,,,16.5,-8.7,7.8,0.0,0.0,7.8,7.8,,158.8,0.05,0.05,0.05,161.2,0.05,0.05,0.05,
09/30/2001,3677.9,,-2994.3,,683.6,,-568.0,,,115.6,-101.2,77.7,77.7,,-2.6,,26.1,14.4,-2.0,12.4,0.0,,,12.4,-3.1,9.3,0.0,0.0,9.3,9.3,,159.9,0.06,0.06,0.06,161.6,0.06,0.06,0.06,
12/31/2001,3472.6,,-2927.5,,545.1,,-567.1,,,-22.0,-232.5,71.5,71.5,,18.0,,143.0,-254.5,61.1,-193.4,0.0,,,-193.4,19.4,-174.0,0.0,0.0,-174.0,-174.0,,163.1,-1.07,-1.07,-0.29,163.1,-1.07,-1.07,-0.29,
03/31/2002,3311.199,,-2761.1,,550.099,,-529.3999,,,20.7,-92.8,58.9,61.0,-2.1,13.3,,20.6,-72.1,22.39999,-49.69998,0.0,,,-49.70001,-13.5,-63.19998,0.0,0.0,-63.19998,-63.19998,,163.2,-0.39,-0.39,-0.39,163.2,-0.39,-0.39,-0.39,
06/30/2002,3478.799,,-2787.396,,691.403,,-553.4,,,138.0,-72.8,55.1,59.6,-4.5,-6.1,,23.8,65.2,-20.3,44.9,0.0,,,44.9,-16.0,28.9,0.0,0.0,28.9,28.9,,163.3,0.18,0.18,0.18,164.3,0.18,0.18,0.18,
09/30/2002,3529.6,,-2854.9,,674.7,,-556.5,,,118.2,-50.1,56.1,61.8,-5.7,-26.0,,20.0,68.1,-22.7,45.4,0.0,,,45.4,-11.7,33.7,0.0,0.0,33.7,33.7,,166.5,0.2,0.2,0.2,166.5,0.2,0.2,0.2,
12/31/2002,3507.7,,-2880.4,,627.3,,-571.7,,,55.6,-73.9,59.2,59.2,,8.6,,6.1,-18.3,-1187.6,-1205.9,0.0,,,-1205.9,-15.0,-1220.9,0.0,0.0,-1220.9,-1220.9,1184.2,175.3,0.0,0.0,0.0,175.3,0.0,0.0,0.0,
03/31/2003,3545.8,,-2962.8,,583.0,,-571.3,,,11.7,-167.0,53.2,58.4,-5.2,0.9,,112.9,-155.3,-31.0,-186.3,0.0,,,-186.3,-10.2,-196.5,0.0,0.0,-196.5,-196.5,,175.3,-1.12,-1.12,-1.12,175.3,-1.12,-1.12,-1.12,
06/30/2003,3754.1,,-3041.6,,712.5,,-594.0,,,118.5,-150.8,75.8,82.4,-6.6,18.1,,56.9,-32.3,-14.0,0.0,0.0,,,-46.3,-13.3,-53.0,0.0,0.0,-53.0,-53.0,,175.3,0.0,0.0,0.0,175.3,0.0,0.0,0.0,
09/30/2003,3906.4,,-3195.6,,710.8,,-586.0,,,124.8,-234.2,72.3,78.9,-6.6,10.8,,151.1,-109.4,-1.3,-110.7,0.0,,,-110.7,-8.7,-119.4,0.0,0.0,-119.4,-119.4,,175.3,-0.68,-0.68,-0.68,175.3,-0.68,-0.68,-0.68,
12/31/2003,3909.301,,-3333.304,,575.997,,-587.7,,,0.0,-380.4,77.2,77.2,,10.3,,292.9,-380.4,-62.5,4.7,0.0,,,-442.9,-4.7,0.0,0.0,0.0,0.0,0.0,357.4,175.3,0.0,0.0,0.0,175.3,0.0,0.0,0.0,
03/31/2004,4290.9,,-3465.7,,825.2,,-684.9,,,140.3,-155.2,77.0,84.2,-7.2,5.9,,72.3,-14.9,-55.7,-70.6,0.0,,,-70.6,-6.3,-76.9,0.0,0.0,-76.9,-76.9,,175.3,-0.44,-0.44,-0.44,175.3,-0.44,-0.44,-0.44,
06/30/2004,4508.9,,-3582.8,,926.1,,-689.7,,,236.4,-130.4,80.6,87.0,-6.4,-2.2,,52.0,106.0,-60.6,45.4,0.0,,,45.4,-20.3,25.1,0.0,0.0,25.1,25.1,,175.3,0.14,0.14,0.14,176.8,0.14,0.14,0.14,
09/30/2004,4713.7,,-3766.6,,947.1,,-700.4,,,246.7,-163.0,86.0,95.0,-9.0,10.5,,66.5,83.7,-28.9,54.8,0.0,,,54.8,-18.3,36.5,0.0,0.0,36.5,36.5,,175.4,0.21,0.21,0.21,177.9,0.21,0.21,0.21,
12/31/2004,4832.0,,-3874.0,,958.0,,-808.0,,,150.0,54.0,,101.0,,-4.0,,-151.0,204.0,-64.0,140.0,0.0,,,140.0,-15.0,125.0,0.0,0.0,125.0,125.0,,175.0,0.71,0.71,-0.1,208.0,0.62,0.62,-0.06,
03/31/2005,4767.0,,-3819.0,,948.0,,-686.0,,,262.0,-106.0,88.0,102.0,-14.0,12.0,,6.0,156.0,-67.0,89.0,0.0,,,89.0,-21.0,68.0,0.0,0.0,68.0,68.0,,176.0,0.39,0.39,0.42,208.0,0.35,0.35,0.38,
06/30/2005,4992.0,,-3945.0,,1047.0,,-746.0,,,301.0,-114.0,88.0,101.0,-13.0,0.0,,26.0,187.0,-85.0,102.0,0.0,,,102.0,-33.0,69.0,0.0,0.0,69.0,69.0,-23.0,176.0,0.39,0.39,0.26,208.0,0.34,0.34,0.23,
09/30/2005,5030.0,,-4008.0,,1022.0,,-707.0,,,315.0,-77.0,90.0,103.0,-13.0,8.0,,-21.0,238.0,-71.0,167.0,0.0,,,167.0,-25.0,142.0,0.0,0.0,142.0,142.0,,176.0,0.81,0.81,0.66,209.0,0.7,0.7,0.55,
12/31/2005,4934.0,,-4028.0,,906.0,,-708.0,,,198.0,-195.0,,105.0,-19.0,0.0,,109.0,3.0,-27.0,-24.0,11.0,,,-35.0,-16.0,-51.0,0.0,0.0,-51.0,-51.0,,176.0,-0.29,-0.23,0.37,176.0,-0.29,-0.23,0.37,
03/31/2006,4462.0,,-3608.0,,854.0,,-615.0,,,239.0,-113.0,82.0,102.0,-20.0,0.0,,31.0,126.0,-68.0,58.0,-28.0,,,86.0,-12.0,74.0,0.0,0.0,74.0,74.0,,177.0,0.42,0.26,0.18,207.0,0.37,0.23,0.16,
06/30/2006,4738.0,,-3952.0,,786.0,,-630.0,,,156.0,-131.0,88.0,103.0,-15.0,-4.0,,47.0,25.0,-47.0,-22.0,-35.0,,,13.0,-11.0,2.0,0.0,0.0,2.0,2.0,,177.0,0.01,-0.19,0.01,177.0,0.01,-0.19,0.01,
09/30/2006,4913.0,,-4060.0,,853.0,,-611.0,,,242.0,-240.0,90.0,105.0,-15.0,,,150.0,2.0,-59.0,-57.0,-28.0,,,-29.0,-19.0,-48.0,0.0,0.0,-48.0,-48.0,,177.0,-0.27,-0.43,0.28,177.0,-0.27,-0.43,0.28,
12/31/2006,4638.0,,-4116.0,,522.0,,-690.0,,,-168.0,-187.0,,137.0,-36.0,3.0,,83.0,-355.0,114.0,-241.0,48.0,,,-289.0,-69.0,-358.0,0.0,0.0,-358.0,-358.0,,178.0,-2.02,-1.74,0.5,178.0,-2.02,-1.74,0.5,
03/31/2007,4499.0,,-3741.0,,758.0,,-663.0,,,95.0,-120.0,95.0,125.0,-30.0,0.0,,25.0,-25.0,-63.0,-88.0,64.0,,,-152.0,-22.0,-174.0,0.0,0.0,-174.0,-174.0,,180.0,-0.96,-0.61,0.11,180.0,-0.96,-0.61,0.11,
06/30/2007,4921.0,,-3967.0,,954.0,,-692.0,,,262.0,-166.0,94.0,120.0,-26.0,12.0,,60.0,96.0,-51.0,45.0,-27.0,,,72.0,-16.0,56.0,0.0,0.0,56.0,56.0,,196.0,0.28,0.15,0.19,231.0,0.26,0.14,0.17,
09/30/2007,5064.0,,-4051.0,,1013.0,,-670.0,,,343.0,-75.0,70.0,106.0,-36.0,,,5.0,268.0,-95.0,173.0,-509.0,,,682.0,-14.0,668.0,0.0,0.0,668.0,668.0,,211.0,3.17,0.76,0.8,244.0,2.75,0.67,0.7,
12/31/2007,5160.0,,-4161.0,,999.0,,-737.0,,,262.0,-137.0,63.0,99.0,-36.0,-11.0,,85.0,125.0,-46.0,79.0,9.0,,,70.0,-18.0,52.0,0.0,0.0,52.0,52.0,51.0,216.0,0.24,0.28,0.52,239.0,0.23,0.27,0.48,
03/31/2008,4942.0,,-3961.0,,981.0,0.0,-635.0,635.0,0.0,346.0,-96.0,60.0,89.0,-29.0,8.0,,28.0,250.0,-77.0,173.0,0.0,,,173.0,-26.0,147.0,0.0,0.0,147.0,147.0,17.992,240.0,0.6125,0.6125,,244.0,0.602459,0.602459,,
06/30/2008,5239.0,,-4196.0,,1043.0,,-735.0,,,308.0,-141.0,58.0,76.0,-18.0,0.0,,83.0,167.0,-74.0,93.0,0.0,,,93.0,-18.0,75.0,0.0,0.0,75.0,75.0,,241.0,0.31,0.31,0.67,243.0,0.31,0.31,0.67,
09/30/2008,5172.0,,-4316.0,,856.0,,-627.0,,,229.0,-111.0,60.0,73.0,-13.0,7.0,,44.0,118.0,-66.0,52.0,0.0,,,52.0,-21.0,31.0,0.0,0.0,31.0,31.0,,241.0,0.13,0.13,0.44,243.0,0.13,0.13,0.44,
12/31/2008,4135.0,,-3666.0,,469.0,0.0,-603.0,603.0,0.0,-134.0,-215.0,,82.0,,,,133.0,-349.0,8.0,-341.0,0.0,,,-341.0,11.0,-330.0,0.0,0.0,-330.0,-330.0,32.5,241.0,-1.37,-1.37,-1.2352,241.0,-1.37,-1.37,-1.2352,
03/31/2009,3536.0,3536.0,-3219.0,3219.0,317.0,0.0,-588.0,533.0,55.0,-271.0,-94.0,60.0,64.0,-4.0,24.0,,10.0,-365.0,17.0,-348.0,0.0,0.0,0.0,-348.0,15.0,-333.0,0.0,0.0,-333.0,-308.05,24.95,241.0,-1.38,-1.38,-1.278216,241.0,-1.38,-1.38,-1.278216,
06/30/2009,3943.0,3943.0,-3353.0,3353.0,590.0,0.0,-750.0,614.0,136.0,-160.0,-111.0,76.0,79.0,-3.0,-17.0,0.0,52.0,-271.0,18.0,-253.0,0.0,0.0,0.0,-253.0,32.0,-221.0,0.0,0.0,-221.0,-190.449996,30.550004,241.0,-0.92,-0.92,-0.790249,241.0,-0.92,-0.92,-0.793236,
09/30/2009,4385.0,4385.0,-3523.0,3523.0,862.0,0.0,-633.0,617.0,16.0,229.0,-89.0,81.0,85.0,-4.0,-6.0,,14.0,140.0,-38.0,102.0,0.0,0.0,0.0,102.0,-30.0,72.0,0.0,0.0,72.0,119.45,47.45,242.0,0.3,0.3,0.493595,245.0,0.3,0.3,0.493595,
12/31/2009,4437.0,4437.0,-3581.0,3581.0,856.0,0.0,-660.0,640.0,20.0,196.0,-57.0,66.0,83.0,-17.0,7.0,,-16.0,139.0,-4.0,135.0,0.0,0.0,0.0,135.0,-28.0,107.0,0.0,0.0,107.0,106.95,-0.05,242.0,0.44,0.44,0.441942,245.0,0.44,0.44,0.439796,
03/31/2010,4270.0,4270.0,-3456.0,3456.0,814.0,0.0,-607.0,605.0,2.0,207.0,-178.0,71.0,74.0,-3.0,109.0,,-2.0,29.0,-53.0,-24.0,0.0,0.0,0.0,-24.0,-23.0,-47.0,0.0,0.0,-47.0,-67.6,-20.6,242.0,-0.19,-0.19,-0.279339,242.0,-0.19,-0.19,-0.279339,
06/30/2010,4528.0,4528.0,-3686.0,3686.0,842.0,0.0,-676.0,670.0,6.0,166.0,-84.0,75.0,77.0,-2.0,12.0,0.0,-3.0,82.0,-43.0,39.0,0.0,0.0,0.0,39.0,-11.0,28.0,0.0,0.0,28.0,42.75,14.75,242.0,0.11,0.11,0.176653,244.0,0.11,0.11,0.170451,
09/30/2010,4962.0,4962.0,-4120.0,4120.0,842.0,0.0,-648.0,640.0,8.0,194.0,-152.0,87.0,90.0,-3.0,5.0,,60.0,42.0,-55.0,-13.0,0.0,0.0,0.0,-13.0,-7.0,-20.0,0.0,0.0,-20.0,-16.1,3.9,242.0,-0.08,-0.08,-0.066529,242.0,-0.08,-0.08,-0.066529,
12/31/2010,5072.0,5072.0,-4190.0,4190.0,882.0,0.0,-939.0,715.0,224.0,-57.0,-88.0,72.0,75.0,-3.0,33.0,,-17.0,-145.0,-21.0,-166.0,0.0,0.0,0.0,-166.0,-11.0,-177.0,0.0,0.0,-177.0,-17.0,160.0,242.0,-0.731405,-0.731405,-0.070248,242.0,-0.731405,-0.731405,-0.070248,
03/31/2011,5402.0,5402.0,-4461.0,4461.0,941.0,0.0,-677.0,668.0,9.0,264.0,-78.0,71.0,74.0,-3.0,3.0,,4.0,186.0,-62.0,124.0,0.0,0.0,0.0,124.0,-21.0,103.0,0.0,0.0,103.0,100.5,-2.5,243.0,0.42,0.42,0.41358,246.0,0.42,0.42,0.409837,
06/30/2011,5620.0,5620.0,-4572.0,4572.0,1048.0,0.0,-799.0,753.0,46.0,249.0,-129.0,78.0,81.0,-3.0,6.0,0.0,45.0,120.0,-64.0,56.0,0.0,0.0,0.0,56.0,-9.0,47.0,-7.0,0.0,40.0,133.47,93.47,244.0,0.16,0.16,0.547008,247.0,0.16,0.16,0.538421,
09/30/2011,6062.0,6062.0,-4973.0,4973.0,1089.0,0.0,-702.0,677.0,25.0,387.0,-82.0,80.0,86.0,-6.0,4.0,,-2.0,305.0,-94.0,211.0,0.0,0.0,0.0,211.0,-43.0,168.0,-7.0,0.0,161.0,196.0,35.0,244.0,0.66,0.66,0.803279,281.0,0.6,0.6,0.724555,
12/31/2011,5683.0,5683.0,-4815.0,4815.0,868.0,0.0,-747.0,724.0,23.0,121.0,-114.0,85.0,89.0,-4.0,14.0,,15.0,7.0,19.0,26.0,0.0,0.0,0.0,26.0,-1.0,25.0,-7.0,0.0,18.0,6.0,-12.0,244.0,0.07,0.07,0.02459,247.0,0.07,0.07,0.021417,
03/31/2012,5533.0,5533.0,-4607.0,4607.0,926.0,0.0,-677.0,662.0,15.0,249.0,-193.0,97.0,101.0,-4.0,11.0,0.0,85.0,56.0,-48.0,8.0,0.0,0.0,0.0,8.0,-12.0,-4.0,-7.0,0.0,-11.0,82.0,93.0,244.0,-0.05,-0.05,0.336066,244.0,-0.05,-0.05,0.331148,
06/30/2012,5150.0,5150.0,-4141.0,4141.0,1009.0,0.0,-723.0,697.0,26.0,286.0,-120.0,79.0,83.0,-4.0,6.0,,35.0,166.0,-63.0,103.0,0.0,0.0,0.0,103.0,-11.0,92.0,-7.0,0.0,85.0,146.0,61.0,245.0,0.35,0.35,0.595918,281.0,0.33,0.33,0.547082,
09/30/2012,5264.0,5264.0,-4315.0,4315.0,949.0,0.0,-678.0,652.0,26.0,271.0,-85.0,82.0,86.0,-4.0,3.0,,0.0,186.0,-53.0,133.0,0.0,0.0,0.0,133.0,-16.0,117.0,-7.0,0.0,110.0,124.0,14.0,245.0,0.45,0.45,0.506122,281.0,0.41,0.41,0.459822,
12/31/2012,5045.0,5045.0,-4100.0,4100.0,945.0,0.0,-815.0,707.0,108.0,130.0,-98.0,82.0,87.0,-5.0,6.0,,10.0,32.0,-39.0,-7.0,0.0,0.0,0.0,-7.0,14.0,7.0,-7.0,0.0,0.0,91.0,91.0,245.0,0.0,0.0,0.371429,247.0,0.0,0.0,0.368421,
03/31/2013,4853.0,4853.0,-3940.0,3940.0,913.0,0.0,-652.0,645.0,7.0,261.0,-211.0,80.0,85.0,-5.0,123.0,,8.0,50.0,-19.0,31.0,0.0,0.0,0.0,31.0,2.0,33.0,-7.0,0.0,26.0,108.0,82.0,245.0,0.1,0.1,0.440816,248.0,0.1,0.1,0.430645,
06/30/2013,4894.0,4894.0,-3846.0,3846.0,1048.0,0.0,-704.0,691.0,13.0,344.0,-88.0,95.0,102.0,-7.0,-5.0,,-2.0,256.0,-63.0,193.0,0.0,0.0,0.0,193.0,-5.0,188.0,-7.0,0.0,181.0,198.0,17.0,246.0,0.74,0.74,0.804878,282.0,0.67,0.67,0.730284,
09/30/2013,5002.0,5002.0,-3946.0,3946.0,1056.0,0.0,-707.0,686.0,21.0,349.0,-100.0,94.0,100.0,-6.0,-2.0,,8.0,249.0,-54.0,195.0,0.0,0.0,0.0,195.0,-22.0,173.0,-7.0,0.0,166.0,180.0,14.0,246.0,0.67,0.67,0.731707,278.0,0.62,0.62,0.67036,
12/31/2013,4791.0,4791.0,-3690.0,3690.0,1101.0,0.0,-753.0,736.0,17.0,348.0,-90.0,82.0,105.0,-23.0,2.0,0.0,6.0,258.0,-2.0,256.0,0.0,0.0,0.0,256.0,-21.0,235.0,-7.0,0.0,228.0,205.0,-23.0,247.0,0.92,0.92,0.82996,280.0,0.84,0.84,0.757857,
03/31/2014,4469.0,4469.0,-3518.0,3518.0,951.0,0.0,-708.0,667.0,41.0,243.0,-273.0,99.0,105.0,-6.0,153.0,,21.0,-30.0,-8.0,-38.0,0.0,0.0,0.0,-38.0,-13.0,-51.0,-7.0,0.0,-58.0,112.0,170.0,248.0,-0.23,-0.23,0.451613,248.0,-0.23,-0.23,0.451613,
06/30/2014,4656.0,4656.0,-3532.0,3532.0,1124.0,0.0,-722.0,698.0,24.0,402.0,-110.0,89.0,102.0,-13.0,-2.0,,23.0,292.0,-60.0,232.0,0.0,0.0,0.0,232.0,-19.0,213.0,0.0,0.0,213.0,223.0,10.0,276.0,0.77,0.77,0.807971,281.0,0.76,0.76,0.795587,
09/30/2014,4657.0,4657.0,-3516.0,3516.0,1141.0,0.0,-668.0,653.0,15.0,473.0,-174.0,104.0,108.0,-4.0,31.0,,39.0,299.0,-100.0,199.0,0.0,0.0,0.0,199.0,-38.0,161.0,0.0,0.0,161.0,241.7,80.7,275.0,0.58,0.58,0.878909,279.0,0.58,0.58,0.869247,
12/31/2014,4356.0,4356.0,-3340.0,3340.0,1016.0,0.0,-717.0,702.0,15.0,299.0,-173.0,108.0,113.0,-5.0,57.0,0.0,8.0,126.0,2002.0,2128.0,0.0,0.0,0.0,2128.0,1.0,2129.0,0.0,0.0,2129.0,-4.95,-2133.95,272.0,7.82,7.82,-0.018199,277.0,7.68,7.68,-0.023791,
03/31/2015,4024.0,4024.0,-3066.0,3066.0,958.0,0.0,-624.0,608.0,16.0,334.0,25.0,102.0,107.0,-5.0,16.0,,-143.0,359.0,-123.0,236.0,0.0,0.0,0.0,236.0,-12.0,224.0,0.0,0.0,224.0,149.95,-74.05,270.0,0.83,0.83,0.55537,274.0,0.82,0.82,0.549745,
06/30/2015,4172.0,4172.0,-3027.0,3027.0,1145.0,0.0,-694.0,648.0,46.0,451.0,-123.0,106.0,110.0,-4.0,13.0,,4.0,328.0,-120.0,208.0,0.0,0.0,0.0,208.0,-16.0,192.0,0.0,0.0,192.0,230.95,38.95,270.0,0.71,0.71,0.85537,274.0,0.7,0.7,0.842153,
09/30/2015,4184.0,4184.0,-3000.0,3000.0,1184.0,0.0,-653.0,633.0,20.0,531.0,-100.0,95.0,102.0,-7.0,33.0,,-28.0,431.0,-126.0,305.0,0.0,0.0,0.0,305.0,-34.0,271.0,0.0,0.0,271.0,270.95,-0.05,269.0,1.01,1.01,1.007249,274.0,0.99,0.99,0.989818,
12/31/2015,4063.0,4063.0,-3071.0,3071.0,992.0,0.0,-757.0,725.0,32.0,235.0,-745.0,110.0,116.0,-6.0,15.0,0.0,620.0,-510.0,137.0,-373.0,0.0,0.0,0.0,-373.0,-7.0,-380.0,0.0,0.0,-380.0,258.95,638.95,269.0,-1.42,-1.42,0.962639,269.0,-1.42,-1.42,0.955279,
03/31/2016,3691.0,3691.0,-2701.0,2701.0,990.0,0.0,-626.0,615.0,11.0,364.0,-97.0,87.0,91.0,-4.0,-2.0,,12.0,267.0,-78.0,189.0,0.0,0.0,0.0,189.0,-5.0,184.0,0.0,0.0,184.0,194.35,10.35,267.0,0.69,0.69,0.727903,271.0,0.68,0.68,0.718192,
06/30/2016,3879.0,3879.0,-2813.0,2813.0,1066.0,0.0,-641.0,593.0,48.0,425.0,-124.0,100.0,104.0,-4.0,-1.0,,25.0,301.0,-93.0,208.0,0.0,0.0,0.0,208.0,-6.0,202.0,0.0,0.0,202.0,299.0,97.0,264.0,0.76,0.76,1.132576,268.0,0.75,0.75,1.11194,
09/30/2016,3847.0,3847.0,-2736.0,2736.0,1111.0,0.0,-734.0,599.0,135.0,377.0,-67.0,86.0,90.0,-4.0,-1.0,,-18.0,310.0,10.0,320.0,0.0,0.0,0.0,320.0,-3.0,317.0,0.0,0.0,317.0,310.0,-7.0,262.0,1.21,1.21,1.183206,266.0,1.19,1.19,1.163684,
12/31/2016,3741.0,3741.0,-2685.0,2685.0,1056.0,0.0,-618.0,602.0,16.0,438.0,-109.0,84.0,87.0,-3.0,-9.0,0.0,34.0,329.0,238.0,567.0,0.0,0.0,0.0,567.0,-6.0,561.0,0.0,0.0,561.0,246.4,-314.6,260.0,2.157692,2.157692,0.947692,260.0,2.157692,2.157692,0.947692,
03/31/2017,3699.0,3699.0,-2760.0,2760.0,939.0,0.0,-605.0,576.0,29.0,334.0,-95.0,87.0,87.0,0.0,-1.0,,9.0,239.0,-70.0,169.0,0.0,0.0,0.0,169.0,-3.0,166.0,0.0,0.0,166.0,188.35,22.35,252.0,0.66,0.66,0.747421,256.0,0.65,0.65,0.737305,
06/30/2017,3686.0,3686.0,-2785.0,2785.0,901.0,0.0,-606.0,579.0,27.0,295.0,-105.0,86.0,89.0,-3.0,-2.0,,21.0,190.0,-36.0,154.0,0.0,0.0,0.0,154.0,-7.0,147.0,0.0,0.0,147.0,177.0,30.0,252.0,0.58,0.58,0.702381,256.0,0.58,0.58,0.697187,
09/30/2017,3921.0,3921.0,-3054.0,3054.0,867.0,0.0,-591.0,545.0,46.0,276.0,-114.0,81.0,84.0,-3.0,-1.0,,34.0,162.0,-30.0,132.0,0.0,0.0,0.0,132.0,-3.0,129.0,0.0,0.0,129.0,179.35,50.35,250.0,0.52,0.52,0.7174,254.0,0.5,0.5,0.698228,
12/31/2017,4071.0,4071.0,-3081.0,3081.0,990.0,0.0,-612.0,579.0,33.0,378.0,-91.0,72.0,75.0,-3.0,4.0,0.0,15.0,287.0,-377.0,-90.0,0.0,0.0,0.0,-90.0,-6.0,-96.0,0.0,0.0,-96.0,245.65,341.65,244.0,-0.39,-0.39,1.006762,244.0,-0.39,-0.39,1.006762,
03/31/2018,3830.0,3830.0,-2976.0,2976.0,854.0,0.0,-628.0,591.0,37.0,226.0,-113.0,76.0,76.0,0.0,-7.0,,44.0,113.0,-33.0,80.0,0.0,0.0,0.0,80.0,-5.0,75.0,0.0,0.0,75.0,122.0,47.0,240.0,0.31,0.31,0.508333,244.0,0.31,0.31,0.502623,
06/30/2018,3841.0,3841.0,-2949.0,2949.0,892.0,0.0,-586.0,588.0,-2.0,306.0,-123.0,78.0,78.0,0.0,0.0,,45.0,183.0,-19.0,164.0,0.0,0.0,0.0,164.0,-7.0,157.0,0.0,0.0,157.0,151.0,-6.0,239.0,0.66,0.66,0.631799,241.0,0.65,0.65,0.625104,
09/30/2018,3928.0,3928.0,-3028.0,3028.0,900.0,0.0,-558.0,553.0,5.0,342.0,171.0,76.0,82.0,-6.0,-2.0,,-245.0,513.0,-159.0,354.0,0.0,0.0,0.0,354.0,-3.0,351.0,0.0,0.0,351.0,159.21,-191.79,236.0,1.49,1.49,0.674619,238.0,1.48,1.48,0.67416,
12/31/2018,3876.0,3876.0,-3008.0,3008.0,868.0,0.0,-584.0,580.0,4.0,284.0,-82.0,81.0,85.0,-4.0,-13.0,0.0,14.0,202.0,-92.0,110.0,0.0,0.0,0.0,110.0,0.0,110.0,0.0,0.0,110.0,120.0,10.0,233.0,0.47,0.47,0.515021,235.0,0.47,0.47,0.512553,
03/31/2019,3598.0,3598.0,-2879.0,2879.0,719.0,0.0,-650.0,547.0,103.0,69.0,-107.0,82.0,85.0,-3.0,-7.0,,32.0,-38.0,-6.0,-44.0,0.0,0.0,0.0,-44.0,-17.0,-61.0,0.0,0.0,-61.0,29.0,90.0,232.0,-0.26,-0.26,0.125,232.0,-0.26,-0.26,0.125,
06/30/2019,3632.0,3632.0,-2855.0,2855.0,777.0,0.0,-590.0,586.0,4.0,187.0,-105.0,88.0,88.0,0.0,0.0,,17.0,82.0,-26.0,56.0,0.0,0.0,0.0,56.0,-2.0,54.0,0.0,0.0,54.0,58.0,4.0,233.0,0.23,0.23,0.248927,234.0,0.23,0.23,0.247094,
09/30/2019,3802.0,3802.0,-2965.0,2965.0,837.0,0.0,-593.0,572.0,21.0,244.0,-123.0,88.0,88.0,0.0,,,35.0,121.0,-31.0,90.0,0.0,0.0,0.0,90.0,-2.0,88.0,0.0,0.0,88.0,105.0,17.0,233.0,0.38,0.38,0.450644,234.0,0.38,0.38,0.450644,
12/31/2019,3713.0,3713.0,-2903.0,2903.0,810.0,0.0,-695.0,618.0,77.0,115.0,-103.0,74.0,79.0,-5.0,-32.0,0.0,61.0,12.0,-411.0,-399.0,0.0,0.0,0.0,-399.0,7.0,-392.0,0.0,0.0,-392.0,-116.95,275.05,234.0,-1.68,-1.68,-0.499786,234.0,-1.68,-1.68,-0.504573,
03/31/2020,3056.0,3056.0,-2552.0,2552.0,504.0,0.0,-772.0,581.0,191.0,-268.0,-100.0,70.0,73.0,-3.0,-1.0,,31.0,-368.0,-249.0,-617.0,0.0,0.0,0.0,-617.0,-2.0,-619.0,0.0,0.0,-619.0,-318.79,300.21,234.0,-2.65,-2.65,-1.36235,234.0,-2.65,-2.65,-1.367051,
06/30/2020,2144.0,2144.0,-2216.0,2216.0,-72.0,0.0,-698.0,451.0,247.0,-770.0,-119.0,82.0,85.0,-3.0,4.0,,33.0,-889.0,186.0,-703.0,0.0,0.0,0.0,-703.0,7.0,-696.0,0.0,0.0,-696.0,-437.0,259.0,234.0,-2.97,-2.97,-1.867521,234.0,-2.97,-2.97,-1.867521,
