Date,Revenue,Sales & Services Revenue,Cost of Revenue,Cost of Goods & Services,Gross Profit,Other Operating Income,Operating Expenses,"Selling, General & Admin",Research & Development,Other Operating Expense,Operating Income (Loss),Non-Operating (Income) Loss,"Interest Expense, Net",Interest Expense,Interest Income,Foreign Exch (Gain) Loss,(Income) Loss from Affiliates,Other Non-Op (Income) Loss,Pretax Income,Income Tax Expense (Benefit),Income (Loss) from Cont Ops,Net Extraordinary Losses (Gains),Discontinued Operations,XO & Accounting Changes,Income (Loss) Incl. MI,Minority Interest,"Net Income, GAAP",Preferred Dividends,Other Adjustments,"Net Income Avail to Common, GAAP","Net Income Avail to Common, Adj",Net Abnormal Losses (Gains),Basic Weighted Avg Shares,"Basic EPS, GAAP",Basic EPS from Cont Ops,"Basic EPS from Cont Ops, Adjusted",Diluted Weighted Avg Shares,"Diluted EPS, GAAP",Diluted EPS from Cont Ops,"Diluted EPS from Cont Ops, Adjusted",Source: Bloomberg
03/31/1990,447.42099,,-290.578003,,156.842987,,-110.393997,,,,46.449001,1.004,,0.57,,0.0,,-1.574,47.453001,-18.601999,28.851,0.0,,,28.851002,0.0,28.851,0.0,,28.851,28.851,,109.996002,0.2625,0.2625,,109.996002,0.2625,0.2625,0.2625,
06/30/1990,495.682007,,-328.315002,,167.367005,,-115.246002,,,,52.120998,0.659,,0.115,,0.0,,-0.774,52.779998,-20.690001,32.09,0.0,,,32.089997,0.0,32.09,0.0,,32.09,32.09,,110.36,0.29,0.29,,110.36,0.29,0.29,0.29,
09/30/1990,503.477997,,-333.309998,,170.167999,,-119.637001,,,,50.530998,1.308,,0.309,,0.0,,-1.617,51.838998,-20.32,31.518999,0.0,,,31.518998,0.0,31.518999,0.0,,31.518999,31.518999,,110.108,0.2875,0.2875,,110.108,0.2875,0.2875,0.2875,
12/31/1990,488.627991,,-306.835999,,181.791992,,-127.177002,,,,54.615002,1.804,,0.647,,0.0,,-2.451,56.419002,-22.104,34.314999,0.0,,,34.315002,0.0,34.314999,0.0,,34.314999,34.314999,,108.424004,0.315,0.315,0.315,108.424004,0.315,0.315,0.315,
03/31/1991,475.937988,,-309.229004,,166.708984,,-121.612,,,,45.097,1.426,,0.557,,0.0,,-1.983,46.523,-18.238001,28.285,0.0,,,28.284999,0.0,28.285,0.0,,28.285,28.285,,108.047997,0.2625,0.2625,,108.047997,0.2625,0.2625,0.2625,
06/30/1991,540.307007,,-354.141998,,186.165009,,-132.852997,,,,53.312,1.144,,0.468,,0.0,,-1.612,54.456,-21.349001,33.106998,0.0,,,33.106999,0.0,33.106998,0.0,,33.106998,33.106998,,108.178001,0.31,0.31,,108.178001,0.31,0.31,0.31,
09/30/1991,541.242981,,-354.428986,,186.813995,,-136.289001,,,,50.525002,0.971,,0.39,,0.0,,-1.361,51.496001,-19.910999,31.584999,0.0,,,31.585002,0.0,31.584999,0.0,,31.584999,31.584999,,108.265999,0.29,0.29,,108.265999,0.29,0.29,0.29,
12/31/1991,519.747009,,-330.89801,,188.848999,,-133.539993,,,,55.308998,1.61,,0.402,,0.0,,-2.012,56.918998,-22.159,34.759998,0.0,,,34.759998,0.0,34.759998,0.0,,34.759998,34.759998,,106.447998,0.325,0.325,0.325,106.447998,0.325,0.325,0.325,
03/31/1992,532.262024,,-345.822998,,186.439026,,-140.630997,,,,45.807999,0.538,,0.458,,0.0,,-0.996,46.345999,-18.075001,28.271,0.0,,,28.270998,0.0,28.271,0.0,,28.271,28.271,,106.842003,0.265,0.265,,106.842003,0.265,0.265,0.265,
06/30/1992,606.346985,,-391.239014,,215.107971,,-154.362,,,,60.745998,-0.659,,0.958,,0.0,,-0.299,60.086998,-24.072001,36.014999,0.0,,,36.014998,0.0,36.014999,0.0,,36.014999,36.014999,,106.713997,0.335,0.335,,106.713997,0.335,0.335,0.335,
09/30/1992,627.182983,,-399.907013,,227.27597,,-165.352997,,,,61.923,-0.529,,0.424,,0.0,,0.105,61.394,-24.313,37.081001,0.0,,,37.081001,0.0,37.081001,0.0,,37.081001,37.081001,,104.473999,0.35,0.35,,104.473999,0.35,0.35,0.35,
12/31/1992,598.629028,,-367.924011,,230.705017,,-170.751007,,,,59.953999,-0.559,,0.426,,0.0,,0.133,59.394999,-23.52,35.875,0.0,,,35.874999,0.0,35.875,0.0,,35.875,35.875,,104.964814,0.34,0.34,0.34,104.964814,0.34,0.34,0.34,
03/31/1993,606.182983,,-377.811005,,228.371979,,-172.371994,,,,56.0,0.598,,0.346,,0.0,,-0.944,56.598,-22.413,34.185001,0.82,,,33.365,0.0,33.365002,0.0,,33.365002,33.365002,,105.530342,0.31,0.325,,105.530342,0.31,0.325,0.325,
06/30/1993,660.406982,,-418.734985,,241.671997,,-182.341003,,,,59.331001,-0.647,,0.348,,0.0,,0.299,58.684001,-23.239,35.445,0.0,,,35.445001,0.0,35.445,0.0,,35.445,35.445,,104.484001,0.34,0.34,,104.484001,0.34,0.34,0.34,
09/30/1993,698.835022,,-447.381989,,251.453033,,-184.167007,,,,67.286003,-0.476,,0.478,,0.0,,-0.002,66.810003,-28.096001,38.714001,0.0,,,38.714002,0.0,38.714001,0.0,,38.714001,38.714001,,103.010002,0.375,0.375,,103.010002,0.375,0.375,0.375,
12/31/1993,662.973022,,-409.605988,,253.367034,,-183.024002,,,,70.343002,-2.406,,0.555,,0.0,,1.851,67.937002,-27.014,40.923,0.0,,,40.923002,0.0,40.923,0.0,,40.923,40.923,,102.263382,0.4,0.4,0.4,102.263382,0.4,0.4,0.4,
03/31/1994,706.369019,,-450.743011,,255.626007,,-185.432999,,,,70.193001,-0.615,,0.339,,0.0,,0.276,69.578001,-28.040001,41.537998,0.0,,,41.538,0.0,41.537998,0.0,,41.537998,41.537998,,102.461456,0.405,0.405,,102.461456,0.405,0.405,0.405,
06/30/1994,768.554016,,-499.761993,,268.792023,,-197.589996,,,,71.202003,-0.308,,0.671,,0.0,,-0.363,70.894003,-28.57,42.324001,0.0,,,42.324004,0.0,42.324001,0.0,,42.324001,42.324001,,102.520279,0.415,0.415,,102.520279,0.415,0.415,0.415,
09/30/1994,779.299988,,-505.764008,,273.53598,,-200.261002,,,,73.275002,-1.174,,0.503,,0.0,,0.671,72.101002,-29.056,43.044998,0.0,,,43.045002,0.0,43.044998,0.0,,43.044998,43.044998,,102.538002,0.42,0.42,,102.538002,0.42,0.42,0.42,
12/31/1994,768.853027,,-495.052002,,273.801025,,-203.852997,,,,69.947998,-53.766,,0.357,,0.0,,53.409,16.181998,-15.215,0.967,0.0,,,0.966998,0.0,0.967,0.0,,0.967,0.967,,102.292,0.01,0.01,0.01,102.292,0.01,0.01,0.01,
03/31/1995,806.827026,,-515.122009,,291.705017,,-213.529999,,,,78.175003,0.202,,0.083,,0.0,,-0.285,78.377003,-31.507999,46.868999,0.0,,,46.869004,0.0,46.868999,0.0,,46.868999,46.868999,,102.433998,0.46,0.46,0.46,102.433998,0.46,0.46,0.46,
06/30/1995,813.518005,,-527.096985,,286.421021,,-219.091003,,,,67.330002,-1.304,,1.08,,0.0,,0.224,66.026002,-26.542,39.484001,0.0,,,39.484002,0.0,39.484001,0.0,,39.484001,39.484001,,102.438004,0.385,0.385,0.385,102.438004,0.385,0.385,0.385,
09/30/1995,849.963013,,-548.950989,,301.012024,,-216.895996,,,,84.115997,-1.95,,1.564,,0.0,,0.386,82.165997,-33.030998,49.134998,0.0,,,49.134999,0.0,49.134998,0.0,,49.134998,49.134998,,102.449997,0.48,0.48,0.48,102.449997,0.48,0.48,0.48,
12/31/1995,806.60199,,-504.381989,,302.220001,,-215.550003,,,,86.669998,-1.09,,1.533,,0.0,,-0.443,85.579998,-34.403,51.176998,0.0,,,51.176998,0.0,51.176998,0.0,,51.176998,51.176998,,102.608002,0.495,0.495,0.495,102.608002,0.495,0.495,0.495,
03/31/1996,842.646973,,-542.148987,,300.497986,,-216.470993,,,,84.027,-0.208,,0.271,,0.0,,-0.063,83.819,-33.695,50.124001,0.0,,,50.124001,0.0,50.124001,0.0,,50.124001,50.124001,,102.293999,0.49,0.49,0.49,102.762001,0.49,0.49,0.49,
06/30/1996,888.624023,,-579.017029,,309.606995,,-227.179993,,,,82.427002,0.428,,0.303,,0.0,,-0.731,82.855002,-33.307999,49.547001,0.0,,,49.547003,0.0,49.547001,0.0,,49.547001,49.547001,,101.115997,0.49,0.49,0.49,102.835999,0.48,0.48,0.48,
09/30/1996,901.857971,,-582.323975,,319.533997,,-233.737,,,,85.796997,1.614,,0.088,,0.0,,-1.702,87.410997,-35.139,52.271999,0.0,,,52.271997,0.0,52.271999,0.0,,52.271999,52.271999,,102.494003,0.51,0.51,0.51,102.907997,0.51,0.51,0.51,
12/31/1996,904.078,,-566.503,,337.575,,-244.297,,,,93.278,1.525,,0.566,,0.0,,-2.091,94.803,-38.22,56.583,0.0,,,56.583,0.0,56.583,0.0,,56.583,56.583,,103.302,0.55,0.55,0.55,104.582,0.54,0.54,0.54,
03/31/1997,985.556,,-632.276,,353.28,,-261.305,,,,91.975,-0.195,,1.148,,0.0,,-0.953,91.78,-37.171,54.609,0.0,,,54.609,0.0,54.609,0.0,,54.609,54.609,,104.398,0.52,0.52,0.52,105.878,0.52,0.52,0.52,
06/30/1997,1051.206055,,-680.177002,,371.029053,,-273.044006,,,,97.985001,-1.248,,1.428,,0.0,,-0.18,96.737001,-39.178001,57.558998,0.0,,,57.558999,0.0,57.558998,0.0,,57.558998,57.558998,,100.888,0.57,0.57,0.57,102.288002,0.56,0.56,0.56,
09/30/1997,1066.927002,,-693.775024,,373.151978,,-277.338013,,,,95.814003,-0.889,,1.436,,0.0,,-0.547,94.925003,-38.445,56.48,0.0,,,56.480003,0.0,56.48,0.0,,56.48,56.48,,98.970001,0.57,0.57,0.57,100.669998,0.56,0.56,0.56,
12/31/1997,1032.87,,-635.98,,396.89,,-289.506,,,,107.385,-1.191,,1.449,,0.0,,-0.258,106.194,-43.009,63.185,0.0,,,63.185,0.0,63.185,0.0,,63.185,63.185,,98.164,0.64,0.64,0.64,99.882,0.63,0.63,0.63,
03/31/1998,1057.107,,-671.952,,385.155,,-287.564,,,,97.591,-1.504,1.345,1.683,-0.338,,,0.159,96.087,-38.915,57.172,,,,57.172,,57.172,,,57.172,57.172,,194.44862,0.295,0.295,0.295,197.963472,0.29,0.29,0.29,
06/30/1998,1118.969971,,-717.010986,,401.958984,,-301.192993,,,,100.765999,-1.186,,1.614,,0.0,,-0.428,99.579999,-40.330002,59.25,0.0,,,59.249997,0.0,59.25,0.0,,59.25,59.25,,97.247002,0.61,0.61,0.61,99.061996,0.6,0.6,0.6,
09/30/1998,1120.037964,,-714.72699,,405.310974,,-309.067993,,,,96.242996,-1.975,,1.55,,0.0,,0.425,94.267996,-38.179001,56.089001,0.0,,,56.088995,0.0,56.089001,0.0,,56.089001,56.089001,,96.519997,0.58,0.58,0.58,98.010002,0.57,0.57,0.57,
12/31/1998,1045.154,,-639.908,,405.246,,-291.864,,,,113.382,-2.47,1.805,1.805,,0.0,,0.665,110.912,-44.919,65.993,0.0,,,65.993,0.0,65.993,0.0,,65.993,65.993,,93.937,0.7,0.7,0.7,95.333,0.69,0.69,0.69,
03/31/1999,1090.843,,-687.981,,402.862,,-306.596,,,,96.266,-1.707,1.323,1.733,-0.41,,,0.384,94.559,-38.296,56.263,,,,56.263,,56.263,,,56.263,56.263,,92.833727,0.61,0.61,0.61,94.210765,0.6,0.6,0.6,
06/30/1999,1146.175,,-730.16,,416.015,,-328.544,,,,87.471,-2.507,2.624,2.943,-0.319,,,-0.117,84.964,-34.411,50.553,,,,50.553,,50.553,,,50.553,50.553,,92.820417,0.54,0.54,0.54,94.511981,0.53,0.53,0.53,
09/30/1999,1175.393,,-752.657,,422.736,,-342.354,,,,80.382,-3.48,4.885,5.276,-0.391,,,-1.405,76.902,-31.145,45.757,,,,45.757,,45.757,,,45.757,45.757,,92.840777,0.49,0.49,0.49,94.352612,0.49,0.49,0.49,
12/31/1999,1145.704,,-774.772,,370.932,,-317.823,,,,53.109,-5.784,5.644,5.644,,0.0,,0.14,47.325,-19.167,28.158,0.0,,,28.158,0.0,28.158,0.0,,28.158,28.158,,92.851,0.31,0.31,0.31,94.186,0.3,0.3,0.3,
03/31/2000,1222.449,,-840.001,,382.448,,-307.671,,,,74.777,-5.514,5.605,6.102,-0.497,,,-0.091,69.263,-28.052,41.211,,,,41.211,,41.211,,,41.211,41.211,,92.91778,0.44,0.44,0.44,94.416374,0.44,0.44,0.44,
06/30/2000,1271.651,,-880.463,,391.188,,-318.287,,,,72.901,20.648,6.145,6.585,-0.44,,,-26.793,93.549,-37.887,55.662,,,,55.662,,55.662,,,55.662,55.662,,93.0541,0.6,0.6,0.6,94.447965,0.59,0.59,0.59,
09/30/2000,1273.038,,-863.853,,409.185,,-317.607,,,,91.578,-7.595,5.956,6.398,-0.442,,,1.639,83.983,-35.876,48.107,,,,48.107,,48.107,,,48.107,48.107,,93.097895,0.52,0.52,0.52,94.074751,0.51,0.51,0.51,
12/31/2000,1209.906,,-807.39,,402.516,,-306.652,,,,95.864,-11.064,4.776,5.318,-0.542,0.0,,6.288,84.8,-36.877,47.923,0.0,,,47.923,0.0,47.923,0.0,0.0,47.923,47.923,,92.945,0.51,0.51,0.51,93.956,0.51,0.51,0.51,
03/31/2001,1219.42,,-824.509,,394.911,,-311.222,,,,83.689,-8.884,3.456,4.001,-0.545,0.0,,5.428,74.805,-32.63,42.175,0.0,,,42.175,0.0,42.175,0.0,0.0,42.175,42.175,,93.026,0.45,0.45,0.45,94.297,0.45,0.45,0.45,
06/30/2001,1225.04,,-830.124,,394.916,,-301.228,,,,93.688,-70.526,2.412,2.967,-0.555,0.0,,68.114,23.162,-8.342,14.82,0.0,,,14.82,0.0,14.82,0.0,0.0,14.82,14.82,,93.757,0.16,0.16,0.56,95.253,0.15,0.15,0.55,
09/30/2001,1199.358,,-803.507,,395.851,,-300.474,,,,95.377,-0.981,1.456,2.169,-0.713,0.0,,-0.475,94.396,-38.374,56.022,0.0,,,56.022,0.0,56.022,0.0,0.0,56.022,56.022,,93.36,0.6,0.6,0.6,94.906,0.59,0.59,0.59,
12/31/2001,1110.499,,-706.89,,403.609,,-298.72,,,,104.889,0.028,0.523,1.537,-1.014,0.0,,-0.551,104.917,-43.404,61.513,0.0,,,61.513,0.0,61.513,0.0,0.0,61.513,61.513,,92.589,0.66,0.66,0.65,94.456,0.65,0.65,0.64,
03/31/2002,1125.265,,-742.236,,383.029,,-293.069,,,,89.96,8.778,0.555,1.534,-0.979,0.0,,-9.333,98.738,-40.28,58.458,23.921,,,34.537,0.0,34.537,0.0,0.0,34.537,34.537,,92.619,0.37,0.63,0.59,95.428,0.36,0.62,0.58,
06/30/2002,1194.792,,-795.23,,399.562,,-305.298,,,,94.264,-2.299,0.49,1.407,-0.917,0.0,,1.809,91.965,-37.466,54.499,0.0,,,54.499,0.0,54.499,0.0,0.0,54.499,54.499,,92.751999,0.59,0.59,0.6,95.384343,0.57,0.57,0.58,
09/30/2002,1203.4,,-800.84,,402.56,,-302.37,,,,100.19,1.1,0.251,1.363,-1.112,0.0,,-1.351,101.29,-41.337,59.953,0.0,,,59.953,0.0,59.953,0.0,0.0,59.953,59.953,,91.871851,0.65,0.65,0.65,93.589859,0.64,0.64,0.64,
12/31/2002,1120.441,,-707.38,,413.061,,-306.259,,,,106.802,-0.958,0.294,1.859,-1.565,0.0,,0.664,105.844,-43.266,62.578,0.0,,,62.578,0.0,62.578,0.0,0.0,62.578,62.578,,90.678,0.69,0.69,0.68,92.812,0.67,0.67,0.66,
03/31/2003,1139.269,,-729.16,,410.109,,-318.702,,,,91.407,-3.363,0.662,1.435,-0.773,0.0,,2.701,88.044,-35.64,52.404,0.0,,,52.404,0.0,52.404,0.0,0.0,52.404,52.404,,90.865346,0.58,0.58,0.58,92.584753,0.57,0.57,0.57,
06/30/2003,1172.661,,-754.528,,418.133,,-325.353,,,,92.78,1.054,0.845,1.574,-0.729,,,-1.899,93.834,-37.841,55.993,,,,55.993,,55.993,,,55.993,55.993,,90.834004,0.61,0.61,0.61,92.369529,0.6,0.6,0.6,
09/30/2003,1200.669,,-775.805,,424.864,0.0,-330.543,330.543,,0.0,94.321,0.442,0.775,1.523,-0.748,0.0,0.056,-1.273,94.763,-37.927,56.836,0.0,,,56.836,0.0,56.836,0.0,0.0,56.836,56.836,,90.650797,0.63,0.63,0.62,92.524441,0.62,0.62,0.61,
12/31/2003,1154.415,,-716.02,,438.395,,-330.206,,,,108.189,-3.74,0.386,1.483,-1.097,0.0,,3.354,104.449,-42.711,61.738,0.0,,,61.738,0.0,61.738,0.0,0.0,61.738,61.738,,90.574,0.68,0.68,0.69,92.098,0.67,0.67,0.68,
03/31/2004,1227.8,,-780.334,,447.466,,-346.717,,,,100.749,0.365,0.181,1.413,-1.232,0.0,,-0.546,101.114,-38.554,62.56,0.0,,,62.56,0.0,62.56,0.0,0.0,62.56,62.56,,90.219,0.69,0.69,0.68,91.273,0.69,0.69,0.68,
06/30/2004,1255.974,,-796.147,,459.827,,-352.936,,,,106.891,0.472,-0.052,1.24,-1.292,0.0,,-0.42,107.363,-40.744,66.619,0.0,,,66.619,0.0,66.619,0.0,0.0,66.619,66.619,,90.236,0.74,0.74,0.74,91.724,0.72,0.72,0.72,
09/30/2004,1301.06,,-821.774,,479.286,,-371.839,,,,107.444,1.422,,1.214,-1.766,0.0,,-0.87,108.866,-41.177,67.689,0.0,,,67.689,0.0,67.689,0.0,0.0,67.689,67.689,,90.295,0.75,0.75,0.75,91.691,0.74,0.74,0.74,
12/31/2004,1264.955,,-744.878,,520.077,,-395.856,,,,124.221,3.576,-1.565,0.521,-2.086,0.0,,-2.011,127.797,-37.741,90.056,0.0,,,90.056,0.0,90.056,0.0,0.0,90.056,90.056,,90.08,1.0,1.0,0.89,92.01,0.98,0.98,0.87,
03/31/2005,1334.88,,-836.004,,498.876,0.0,-390.2,390.2,,0.0,108.676,6.62,-1.957,0.49,-2.447,0.0,-0.42,-4.243,115.296,-42.504,72.792,0.0,,,72.792,0.0,72.792,0.0,0.0,72.792,72.792,,90.395437,0.81,0.81,0.81,92.460093,0.79,0.79,0.79,
06/30/2005,1372.808,,-845.679,,527.129,0.0,-400.163,400.163,,0.0,126.966,2.017,-1.964,0.438,-2.402,0.0,-0.89,0.837,128.983,-47.394,81.589,0.0,,,81.589,0.0,81.589,0.0,0.0,81.589,81.589,,89.48947,0.91,0.91,0.91,91.080031,0.89,0.89,0.89,
09/30/2005,1428.342,,-880.18,,548.162,0.0,-412.567,412.567,,0.0,135.595,3.785,-2.81,0.453,-3.263,0.0,-0.811,-0.164,139.38,-51.271,88.109,0.0,,,88.109,0.0,88.109,0.0,0.0,88.109,88.109,,89.06469,0.98,0.98,0.98,91.130323,0.97,0.97,0.97,
12/31/2005,1390.606,,-803.232,,587.374,0.0,-439.622,,,,147.752,6.677,-4.288,0.482,-4.77,0.0,-2.389,-262.949,417.378,-45.181,103.834,0.0,,,372.197,0.0,103.834,0.0,0.0,103.834,103.834,,89.33,1.17,1.17,1.07,91.68,1.13,1.13,1.03,
03/31/2006,1419.117,,-848.79,,570.327,0.0,-435.91,435.91,,0.0,134.417,5.95,-4.866,0.493,-5.359,0.0,-1.207,0.123,140.367,-54.134,86.233,0.0,,,86.233,0.0,86.233,0.0,0.0,86.233,86.233,,89.637735,0.96,0.96,0.96,92.484701,0.93,0.93,0.93,
06/30/2006,1482.88,,-899.575,,583.305,0.0,-438.761,438.761,,0.0,144.544,8.325,-4.879,0.502,-5.381,0.0,-0.862,-2.584,152.869,-59.13,93.739,0.0,,,93.739,0.0,93.739,0.0,0.0,93.739,93.739,,89.342642,1.05,1.05,1.035,92.104424,1.02,1.02,1.005,
09/30/2006,1519.499,,-920.412,,599.087,0.0,-447.774,447.774,,0.0,151.313,5.491,-5.086,0.485,-5.571,0.0,-0.48,0.075,156.804,-52.31,104.494,0.0,,,104.494,0.0,104.494,0.0,0.0,104.494,104.494,,87.258559,1.2,1.2,1.2,89.682032,1.16,1.16,1.16,
12/31/2006,1462.158,,-860.727,,601.431,,-453.634,453.634,,0.0,147.797,5.186,-4.739,0.446,-5.185,0.0,,-0.447,152.983,-54.05,98.933,0.0,,,98.933,0.0,98.933,0.0,0.0,98.933,98.933,,86.029,1.15,1.15,1.09,87.551,1.13,1.13,1.07,
03/31/2007,1546.658,,-914.57,,632.088,,-469.503,,,,162.585,3.136,-3.445,0.577,-4.022,0.0,,0.309,165.721,-63.934,101.787,0.0,,,101.787,0.0,101.787,0.0,0.0,101.787,101.787,,83.979114,1.21,1.21,1.2,86.758949,1.17,1.17,1.16,
06/30/2007,1601.011,,-960.546,,640.465,,-473.89,,,,166.575,3.677,-3.497,0.519,-4.016,0.0,,-0.18,170.252,-65.461,104.791,0.0,,,104.791,0.0,104.791,0.0,0.0,104.791,104.791,,84.130074,1.25,1.25,1.25,86.775154,1.21,1.21,1.21,
09/30/2007,1658.592,,-999.003,,659.589,,-485.257,,,,174.332,2.852,-2.423,0.721,-3.144,0.0,,-0.429,177.184,-68.034,109.15,0.0,,,109.15,0.0,109.15,0.0,0.0,109.15,109.15,,82.233231,1.33,1.33,1.33,84.864258,1.29,1.29,1.29,
12/31/2007,1611.753,,-940.272,,671.481,,-504.32,,,,167.161,1.543,0.214,1.157,-0.943,0.0,,-1.757,168.704,-64.312,104.392,0.0,,,104.392,0.0,104.392,0.0,0.0,104.392,104.392,,79.324996,1.32,1.32,1.37,81.837403,1.28,1.28,1.33,
03/31/2008,1661.046,,-981.112,,679.934,,-494.111,,,,185.823,0.677,0.629,1.433,-0.804,0.0,,-1.306,186.5,-72.262,114.238,0.0,,,114.238,0.0,114.238,0.0,0.0,114.238,114.238,,77.933996,1.47,1.47,1.46,80.131555,1.43,1.43,1.42,
06/30/2008,1756.856,,-1050.979,,705.877,,-521.042,,,,184.835,-0.455,2.529,3.765,-1.236,0.0,,-2.074,184.38,-71.201,113.179,0.0,,,113.179,0.0,113.179,0.0,0.0,113.179,113.179,,76.542071,1.48,1.48,1.53,79.012567,1.43,1.43,1.48,
09/30/2008,1839.475,,-1097.127,,742.348,,-510.891,,,,231.457,-2.767,2.791,4.393,-1.602,0.0,,-0.024,228.69,-88.667,140.023,0.0,,,140.023,0.0,140.023,0.0,0.0,140.023,140.023,,75.967774,1.84,1.84,1.83,78.279422,1.79,1.79,1.78,
12/31/2008,1592.655,,-912.592,,680.063,,-499.506,,,,180.557,-6.909,3.467,4.894,-1.427,0.0,,3.442,173.648,-65.733,107.915,0.0,,,107.915,0.0,107.915,0.0,0.0,107.915,107.915,6.031,75.882116,1.42,1.42,1.5,77.754362,1.39,1.39,1.47,
03/31/2009,1465.248,1465.248,-835.833,835.833,629.415,0.0,-470.201,470.201,,0.0,159.214,-0.746,1.817,2.218,-0.401,,-0.076,-0.995,158.468,-62.09,96.378,0.0,0.0,0.0,96.378,0.0,96.378,0.0,-2.242,94.136,96.422774,2.286774,74.260401,1.27,1.27,1.298441,75.14246,1.25,1.25,1.280433,
06/30/2009,1533.263,1533.263,-908.295,908.295,624.968,0.0,-471.039,471.039,,0.0,153.929,-2.303,2.045,2.318,-0.273,,-0.707,0.965,151.626,-59.16,92.466,0.0,0.0,0.0,92.466,0.0,92.466,0.0,-2.142,90.324,95.524,5.2,73.44336,1.23,1.23,1.300649,74.558636,1.21,1.21,1.279744,
09/30/2009,1589.665,1589.665,-929.72,929.72,659.945,0.0,-473.225,473.225,,0.0,186.72,46.7,1.824,2.198,-0.374,,-0.578,-47.946,233.42,-88.856,144.564,0.0,0.0,0.0,144.564,0.0,144.564,0.0,-3.321,141.243,113.24105,-28.00195,74.047973,1.91,1.91,1.529293,75.202845,1.88,1.88,1.507648,
12/31/2009,1633.815,1633.815,-949.617,949.617,684.198,0.0,-518.837,518.837,,0.0,165.361,-1.538,1.722,2.032,-0.31,,-0.136,-0.048,163.823,-66.459,97.364,0.0,0.0,0.0,97.364,-0.306,97.058,0.0,-2.249,94.809,109.40305,14.59405,73.398,1.29,1.29,1.490545,74.66,1.27,1.27,1.465473,
03/31/2010,1672.354,1672.354,-966.612,966.612,705.742,0.0,-522.857,522.857,,0.0,182.885,-1.895,1.789,2.03,-0.241,,0.08,0.026,180.99,-81.573,99.417,0.0,0.0,0.0,99.417,-0.244,99.173,0.0,-2.202,96.971,96.971,0.0,72.576633,1.34,1.34,1.34,73.854681,1.31,1.31,1.31,
06/30/2010,1783.696,1783.696,-1036.61,1036.61,747.086,0.0,-532.171,532.171,,0.0,214.915,-2.119,1.94,2.22,-0.28,,0.171,0.008,212.796,-83.129,129.667,0.0,0.0,0.0,129.667,-0.59,129.077,0.0,1.422,130.499,130.499,0.0,71.691961,1.820274,1.820274,1.820274,72.931206,1.73,1.73,1.73,
09/30/2010,1899.412,1899.412,-1109.688,1109.688,789.724,0.0,-538.451,538.451,,0.0,251.273,-1.429,1.63,1.954,-0.324,,0.006,-0.207,249.844,-98.547,151.297,0.0,0.0,0.0,151.297,-0.892,150.405,0.0,-3.492,146.913,146.913,0.0,69.923864,2.1,2.1,2.1,71.168281,2.06,2.06,2.06,
12/31/2010,1826.696,1826.696,-1063.564,1063.564,763.132,0.0,-551.73,551.73,,0.0,211.402,-1.254,1.613,1.983,-0.37,,-0.075,-0.284,210.148,-76.947,133.201,0.0,0.0,0.0,133.201,-0.991,132.21,0.0,-3.0,129.21,128.98408,-0.22592,69.205,1.87,1.87,1.863797,70.648,1.83,1.83,1.826802,
03/31/2011,1883.612,1883.612,-1053.998,1053.998,829.614,0.0,-567.0,567.0,,0.0,262.614,-1.45,1.398,1.878,-0.48,,,0.052,261.164,-102.076,159.088,0.0,0.0,0.0,159.088,-1.155,157.933,0.0,-3.48,154.453,154.453,0.0,69.403432,2.23,2.23,2.23,70.906732,2.18,2.18,2.18,
06/30/2011,2003.022,2003.022,-1140.628,1140.628,862.394,0.0,-597.112,597.112,,0.0,265.282,-1.456,1.453,1.98,-0.527,,,0.003,263.826,-92.257,171.569,0.0,0.0,0.0,171.569,-1.684,169.885,0.0,-3.228,166.657,158.122251,-8.534749,69.608563,2.39,2.39,2.271592,71.122909,2.34,2.34,2.22,
09/30/2011,2114.647,2114.647,-1201.648,1201.648,912.999,0.0,-609.959,609.959,,0.0,303.04,-2.581,2.026,2.579,-0.553,,,0.555,300.459,-116.412,184.047,0.0,0.0,0.0,184.047,-1.926,182.121,0.0,-3.285,178.836,178.836,0.0,69.846233,2.56,2.56,2.56,71.280405,2.51,2.51,2.51,
12/31/2011,2076.904,2076.904,-1171.119,1171.119,905.785,0.0,-684.292,684.292,,0.0,221.493,4.585,2.146,2.654,-0.508,,-0.053,-6.678,226.078,-74.37,151.708,0.0,0.0,0.0,151.708,-3.224,148.484,0.0,-2.724,145.76,159.1277,13.3677,69.895,2.08,2.08,2.276668,71.385,2.04,2.04,2.227262,
03/31/2012,2193.445,2193.445,-1219.113,1219.113,974.332,0.0,-669.971,669.971,,0.0,304.361,-1.848,2.462,3.057,-0.595,,,-0.614,302.513,-113.055,189.458,0.0,0.0,0.0,189.458,-1.942,187.516,0.0,-3.351,184.165,184.165,0.0,70.132777,2.63,2.63,2.63,71.655759,2.57,2.57,2.57,
06/30/2012,2249.275,2249.275,-1270.932,1270.932,978.343,0.0,-664.343,664.343,,0.0,314.0,-3.271,2.308,2.91,-0.602,,,0.963,310.729,-117.628,193.101,0.0,0.0,0.0,193.101,-2.397,190.704,0.0,-3.451,187.253,187.253,0.0,69.937085,2.68,2.68,2.68,71.30764,2.63,2.63,2.63,
09/30/2012,2281.205,2281.205,-1287.245,1287.245,993.96,0.0,-739.634,739.634,,0.0,254.326,-3.606,4.044,4.751,-0.707,,,-0.438,250.72,-92.916,157.804,0.0,0.0,0.0,157.804,-2.41,155.394,0.0,-2.748,152.646,152.646,0.0,69.625081,2.19,2.19,2.19,70.960547,2.15,2.15,2.15,
12/31/2012,2226.12,2226.12,-1256.595,1256.595,969.525,0.0,-711.087,711.087,,0.0,258.438,-4.611,4.604,5.36,-0.756,,,0.007,253.827,-95.341,158.486,0.0,0.0,0.0,158.486,-2.219,156.267,0.0,-2.705,153.562,172.612,19.05,69.557,2.21,2.21,2.481591,70.809,2.17,2.17,2.439034,
03/31/2013,2280.435,2280.435,-1248.699,1248.699,1031.736,0.0,-688.431,688.431,,0.0,343.305,-1.381,2.268,3.166,-0.898,,,-0.887,341.924,-127.397,214.527,0.0,0.0,0.0,214.527,-2.689,211.838,0.0,-3.595,208.243,208.243,0.0,69.562387,2.99,2.99,2.99,70.774614,2.94,2.94,2.94,
06/30/2013,2381.561,2381.561,-1334.577,1334.577,1046.984,0.0,-696.912,696.912,,0.0,350.072,-2.552,2.405,3.201,-0.796,,,0.147,347.52,-126.767,220.753,0.0,0.0,0.0,220.753,-3.093,217.66,0.0,-3.091,214.569,214.569,0.0,69.664697,3.08,3.08,3.08,70.80105,3.03,3.03,3.03,
09/30/2013,2398.53,2398.53,-1347.164,1347.164,1051.366,0.0,-704.651,704.651,,0.0,346.715,-2.854,2.912,3.734,-0.822,,,-0.058,343.861,-130.786,213.075,0.0,0.0,0.0,213.075,-2.286,210.789,0.0,-3.001,207.788,207.788,0.0,69.46106,2.99,2.99,2.99,70.547071,2.95,2.95,2.95,
12/31/2013,2377.232,2377.232,-1370.835,1370.835,1006.397,0.0,-749.635,749.635,,0.0,256.762,-2.467,2.404,3.123,-0.719,,,0.063,254.295,-94.902,159.393,0.0,0.0,0.0,159.393,-2.644,156.749,0.0,-1.985,154.764,182.771,28.007,69.14,2.24,2.24,2.643491,70.191,2.2,2.2,2.599011,
03/31/2014,2385.627,2385.627,-1309.656,1309.656,1075.971,0.0,-721.632,721.632,,0.0,354.339,-2.726,2.223,2.863,-0.64,,,0.503,351.613,-132.558,219.055,0.0,0.0,0.0,219.055,-2.402,216.653,0.0,-2.948,213.705,213.705,0.0,68.699561,3.11,3.11,3.11,69.677438,3.07,3.07,3.07,
06/30/2014,2506.104,2506.104,-1425.418,1425.418,1080.686,0.0,-739.935,739.935,,0.0,340.751,-2.326,2.344,2.757,-0.413,,0.0,-0.018,338.425,-129.348,209.077,0.0,0.0,0.0,209.077,-3.162,205.915,0.0,-2.393,203.522,221.86175,18.33975,68.453602,2.97,2.97,3.241053,69.341885,2.94,2.94,3.204483,
09/30/2014,2562.263,2562.263,-1459.479,1459.479,1102.784,0.0,-717.271,717.271,,0.0,385.513,-2.878,1.747,2.377,-0.63,,0.0,1.131,382.635,-149.585,233.05,0.0,0.0,0.0,233.05,-2.728,230.322,0.0,-2.613,227.709,228.08665,0.37765,68.296018,3.33,3.33,3.339677,69.111945,3.3,3.3,3.305464,
12/31/2014,2510.959,2510.959,-1456.158,1456.158,1054.801,0.0,-788.287,788.287,,0.0,266.514,-4.801,1.712,2.096,-0.384,,0.0,3.089,261.713,-110.599,151.114,0.0,0.0,0.0,151.114,-2.275,148.839,0.0,-1.638,147.201,210.047,62.846,67.899,2.17,2.17,3.093521,68.705,2.14,2.14,3.054722,
03/31/2015,2439.661,2439.661,-1345.918,1345.918,1093.743,0.0,-742.496,742.496,,0.0,351.247,-3.608,1.444,1.636,-0.192,,0.0,2.164,347.639,-133.493,214.146,0.0,0.0,0.0,214.146,-3.131,211.015,0.0,-2.229,208.786,210.614,1.828,67.229653,3.11,3.11,3.132755,67.982362,3.07,3.07,3.096889,
06/30/2015,2522.565,2522.565,-1449.133,1449.133,1073.432,0.0,-716.715,716.715,,0.0,356.717,-8.031,3.907,4.184,-0.277,,4.302,-0.178,348.686,-123.451,225.235,0.0,0.0,0.0,225.235,-4.687,220.548,0.0,-2.16,218.388,220.03085,1.64285,66.65213,3.28,3.28,3.301183,67.317131,3.25,3.25,3.274405,
09/30/2015,2532.9,2532.9,-1471.021,1471.021,1061.879,0.0,-721.15,721.15,,0.0,340.729,-21.282,13.435,13.899,-0.464,,5.972,1.875,319.447,-122.825,196.622,0.0,0.0,0.0,196.622,-4.421,192.201,0.0,-1.805,190.396,197.0843,6.6883,64.720037,2.94,2.94,3.045182,65.289144,2.92,2.92,3.022441,
12/31/2015,2478.258,2478.258,-1475.883,1475.883,1002.375,0.0,-750.749,750.749,,0.0,251.626,-16.693,13.62,13.852,-0.232,,1.467,1.606,234.933,-85.762,149.171,0.0,0.0,0.0,149.171,-3.939,145.232,0.0,-1.359,143.873,158.7521,14.8791,62.1,2.32,2.32,2.556395,62.55,2.3,2.3,2.537875,
03/31/2016,2506.538,2506.538,-1461.485,1461.485,1045.053,0.0,-727.961,727.961,,0.0,317.092,-19.508,13.56,13.725,-0.165,,6.388,-0.44,297.584,-105.94,191.644,0.0,0.0,0.0,191.644,-4.931,186.713,0.0,-1.747,184.966,192.64375,7.67775,61.668682,3.0,3.0,3.123851,62.099801,2.98,2.98,3.103636,
06/30/2016,2563.668,2563.668,-1523.609,1523.609,1040.059,0.0,-734.47,734.47,,0.0,305.589,-22.609,16.644,16.806,-0.162,,5.427,0.538,282.98,-103.535,179.445,0.0,0.0,0.0,179.445,-6.769,172.676,0.0,-1.546,171.13,164.45965,-6.67035,60.891298,2.81,2.81,2.700873,61.301545,2.79,2.79,2.681188,
09/30/2016,2596.288,2596.288,-1556.536,1556.536,1039.752,0.0,-717.165,717.165,,0.0,322.587,-29.402,17.877,18.024,-0.147,,10.333,1.192,293.185,-99.776,193.409,0.0,0.0,0.0,193.409,-7.536,185.873,0.0,-1.632,184.241,183.8864,-0.3546,60.01655,3.07,3.07,3.063928,60.416151,3.05,3.05,3.044131,
12/31/2016,2470.71,2470.71,-1481.017,1481.017,989.693,0.0,-815.464,815.464,,0.0,174.229,-28.92,17.534,17.777,-0.243,,9.045,2.341,145.309,-76.969,68.34,0.0,0.0,0.0,68.34,-7.674,60.666,0.0,-0.518,60.148,146.4443,86.2963,59.171,1.02,1.02,2.474934,59.566,1.01,1.01,2.458751,
03/31/2017,2541.129,2541.129,-1521.937,1521.937,1019.192,0.0,-726.691,726.691,,0.0,292.501,-21.828,18.52,18.713,-0.193,,8.374,-5.066,270.673,-87.82,182.853,0.0,0.0,0.0,182.853,-8.109,174.744,0.0,-1.47,173.274,170.118,-3.156,58.720066,2.95,2.95,2.897102,59.202882,2.93,2.93,2.876692,
06/30/2017,2615.269,2615.269,-1575.313,1575.313,1039.956,0.0,-810.876,810.876,,0.0,229.08,-21.884,22.003,22.468,-0.465,,6.121,-6.24,207.196,-100.237,106.959,0.0,0.0,0.0,106.959,-9.038,97.921,0.0,-0.643,97.278,160.487,63.209,58.012731,1.68,1.68,2.76641,58.287312,1.67,1.67,2.754438,
09/30/2017,2635.999,2635.999,-1618.819,1618.819,1017.18,0.0,-739.442,739.442,,0.0,277.738,-27.74,23.083,23.79,-0.707,,10.635,-5.978,249.998,-79.182,170.816,0.0,0.0,0.0,170.816,-8.81,162.006,0.0,-1.409,160.597,167.116,6.519,57.316532,2.8,2.8,2.915668,57.521348,2.79,2.79,2.903332,
12/31/2017,2633.0,2633.0,-1611.0,1611.0,1022.0,0.0,-786.0,786.0,,0.0,236.0,-28.0,22.0,24.0,-2.0,,12.0,-6.0,208.0,-46.0,162.0,0.0,0.0,0.0,162.0,-11.0,151.0,0.0,-1.0,150.0,167.424,17.424,56.681,2.64,2.64,2.953794,56.954,2.63,2.63,2.935931,
03/31/2018,2766.0,2766.0,-1674.0,1674.0,1092.0,0.0,-757.0,757.0,,0.0,335.0,-28.0,25.0,25.0,0.0,,11.0,-8.0,307.0,-66.0,241.0,0.0,0.0,0.0,241.0,-9.0,232.0,0.0,-2.0,230.0,236.0,6.0,56.1,4.09,4.09,4.206774,56.4,4.07,4.07,4.176383,
06/30/2018,2861.0,2861.0,-1750.0,1750.0,1111.0,0.0,-767.0,767.0,,0.0,344.0,-20.0,21.0,23.0,-2.0,,,-1.0,324.0,-76.0,248.0,0.0,0.0,0.0,248.0,-11.0,237.0,0.0,-2.0,235.0,247.0,12.0,56.109809,4.19,4.19,4.402082,56.552644,4.16,4.16,4.372192,
09/30/2018,2831.429,2831.429,-1752.194,1752.194,1079.235,0.0,-890.113,890.113,,0.0,189.122,-18.105,20.35,22.353,-2.003,,3.731,-5.976,171.017,-55.972,115.045,0.0,0.0,0.0,115.045,-10.668,104.377,0.0,-0.883,103.494,239.523,136.029,56.33963,1.84,1.84,4.251412,56.803857,1.82,1.82,4.214714,
12/31/2018,2763.0,2763.0,-1697.0,1697.0,1066.0,0.0,-776.0,776.0,0.0,0.0,290.0,-11.0,16.0,18.0,-2.0,,1.0,-6.0,279.0,-60.0,219.0,0.0,0.0,0.0,219.0,-10.0,209.0,0.0,-1.0,208.0,222.42,14.42,56.058,3.71,3.71,3.967676,56.377,3.68,3.68,3.935778,
03/31/2019,2799.0,2799.0,-1704.0,1704.0,1095.0,0.0,-732.0,732.0,,0.0,363.0,-12.0,19.0,19.0,0.0,,,-7.0,351.0,-89.0,262.0,0.0,0.0,0.0,262.0,-9.0,253.0,0.0,-3.0,250.0,250.0,0.0,55.6,4.5,4.5,4.5,55.9,4.48,4.48,4.48,
06/30/2019,2893.0,2893.0,-1772.0,1772.0,1121.0,0.0,-741.0,741.0,,0.0,380.0,-14.0,21.0,22.0,-1.0,,0.0,-7.0,366.0,-94.0,272.0,0.0,0.0,0.0,272.0,-12.0,260.0,0.0,-2.0,258.0,256.0,-2.0,55.139799,4.69,4.69,4.642745,55.378936,4.67,4.67,4.633885,
09/30/2019,2947.0,2947.0,-1848.0,1848.0,1099.0,0.0,-761.0,761.0,,0.0,338.0,-16.0,20.0,21.0,-1.0,,,-4.0,322.0,-78.0,244.0,0.0,0.0,0.0,244.0,-11.0,233.0,0.0,-2.0,231.0,231.79,0.79,54.125184,4.27,4.27,4.28248,54.354904,4.25,4.25,4.264534,
12/31/2019,2847.0,2847.0,-1765.0,1765.0,1082.0,0.0,-901.0,901.0,0.0,0.0,181.0,-11.0,19.0,,,,,-8.0,170.0,-53.0,117.0,0.0,0.0,0.0,117.0,-14.0,103.0,0.0,-1.0,102.0,210.21,108.21,53.8,1.89,1.89,3.907249,54.1,1.88,1.88,3.880185,
03/31/2020,3001.0,3001.0,-1880.0,1880.0,1121.0,0.0,-962.0,962.0,,0.0,159.0,-17.0,21.0,21.0,0.0,,0.0,-4.0,142.0,43.0,185.0,0.0,0.0,0.0,185.0,-12.0,173.0,0.0,-2.0,171.0,230.370072,59.370072,53.6,3.2,3.2,4.297949,53.8,3.19,3.19,4.293533,
06/30/2020,2837.0,2837.0,-1821.0,1821.0,1016.0,0.0,-811.0,811.0,,0.0,205.0,-21.0,28.0,28.0,0.0,,,-7.0,184.0,-55.0,129.0,0.0,0.0,0.0,129.0,-15.0,114.0,0.0,-1.0,113.0,203.0,90.0,53.5,2.11,2.11,3.794393,53.7,2.1,2.1,3.775978,
