Date,Revenue,Sales & Services Revenue,Cost of Revenue,Cost of Goods & Services,Gross Profit,Other Operating Income,Operating Expenses,"Selling, General & Admin",Selling & Marketing,General & Administrative,Depreciation & Amortization,Other Operating Expense,Operating Income (Loss),Non-Operating (Income) Loss,"Interest Expense, Net",Interest Expense,Foreign Exch (Gain) Loss,(Income) Loss from Affiliates,Other Non-Op (Income) Loss,Pretax Income,Income Tax Expense (Benefit),Current Income Tax,Deferred Income Tax,Tax Allowance/Credit,Income (Loss) from Cont Ops,Net Extraordinary Losses (Gains),Discontinued Operations,XO & Accounting Changes,Income (Loss) Incl. MI,Minority Interest,"Net Income, GAAP",Preferred Dividends,Other Adjustments,"Net Income Avail to Common, GAAP","Net Income Avail to Common, Adj",Net Abnormal Losses (Gains),Basic Weighted Avg Shares,"Basic EPS, GAAP",Basic EPS from Cont Ops,"Basic EPS from Cont Ops, Adjusted",Diluted Weighted Avg Shares,"Diluted EPS, GAAP",Diluted EPS from Cont Ops,"Diluted EPS from Cont Ops, Adjusted",Source: Bloomberg
03/31/1990,1654.531006,,-1366.45105,,288.079956,,-164.541,,,,,,123.539001,-47.013,,54.091,,,-7.078,76.526002,-36.860001,,,,39.666,0.0,,,39.666001,0.0,39.666,0.0,,39.666,39.666,,242.916,0.163333,0.163333,,242.916,0.163333,0.163333,0.163333,
06/30/1990,1222.598999,,-1089.422974,,133.176025,,-171.707001,,,,,,-38.530998,-41.565,,51.792,,,-10.227,-80.095998,7.977,,,,-72.119003,0.0,,,-72.118998,0.0,-72.119003,0.0,,-72.119003,-72.119003,,242.985008,-0.296667,-0.296667,,242.985008,-0.296667,-0.296667,-0.296667,
09/30/1990,1741.889038,,-1124.791992,,617.097046,,-201.697998,,,,,,415.398987,-46.386002,,55.227001,,,-8.841,369.012985,-89.029999,,,,279.983002,0.0,,,279.982986,0.0,279.983002,0.0,,279.983002,279.983002,,243.173996,1.153333,1.153333,,243.173996,1.153333,1.153333,1.153333,
12/31/1990,2328.486084,,-1871.725952,,456.760132,,-251.059006,,,,,,205.701004,44.356998,,63.09,-7.347,,-100.099998,250.058002,-14.875,,,,235.182999,0.0,,,235.183002,0.0,235.182999,0.0,,235.182999,235.182999,,241.544997,0.966667,0.966667,0.966667,241.544997,0.966667,0.966667,0.966667,
03/31/1991,1957.803955,,-1643.984985,,313.81897,,-215.091995,,,,,,98.726997,27.266998,,49.945,,,-77.211998,125.993996,-50.330002,,,,75.664001,0.0,,,75.663994,0.0,75.664001,0.0,,75.664001,75.664001,,243.198006,0.31,0.31,0.31,243.198006,0.31,0.31,0.31,
06/30/1991,1391.729004,,-1129.661987,,262.067017,,-220.434998,,,,,,41.632,2.237003,,39.210999,,,-41.448002,43.869003,23.912001,,,,67.780998,0.0,,,67.781004,0.0,67.780998,0.0,,67.780998,67.780998,,243.266991,0.28,0.28,,243.266991,0.28,0.28,0.28,
09/30/1991,1311.427002,,-1074.074951,,237.352051,,-197.475998,,,,,,39.875999,-26.209002,,41.129002,,,-14.92,13.666998,-21.169001,,,,-7.502,0.0,,,-7.502003,0.0,-7.502,0.0,,-7.502,-7.502,,243.305992,-0.03,-0.03,,243.305992,-0.03,-0.03,-0.03,
12/31/1991,1605.88501,,-1390.875,,215.01001,,-250.729004,,,,,,-35.719002,-31.648999,,47.564999,-6.375,,-9.541,-67.368001,15.733,,,,-51.634998,0.0,,,-51.635001,0.0,-51.634998,0.0,,-51.634998,-51.634998,,243.207,-0.213333,-0.213333,-0.213333,243.207,-0.213333,-0.213333,-0.213333,
03/31/1992,1429.927002,,-1231.661011,,198.265991,,-182.264999,,,,,,16.000999,-22.208002,,42.823002,,,-20.615,-6.207003,-17.211,,,,-23.417999,0.0,,,-23.418003,0.0,-23.417999,0.0,,-23.417999,-23.417999,,243.285004,-0.096667,-0.096667,,243.285004,-0.096667,-0.096667,-0.096667,
06/30/1992,1457.723022,,-1201.160034,,256.562988,,-197.945999,,,,,,58.617001,-17.457001,,39.854,,,-22.396999,41.16,-36.771999,,,,4.388,0.0,,,4.388,0.0,4.388,0.0,,4.388,4.388,,248.963997,0.02,0.02,,248.963997,0.02,0.02,0.02,
09/30/1992,1411.775024,,-1136.290039,,275.484985,,-207.240005,,,,,,68.245003,-23.635,,32.618,,,-8.983,44.610003,-35.938999,,,,8.671,0.0,,,8.671003,0.0,8.671,0.0,,8.671,8.671,,277.779007,0.036667,0.036667,,277.779007,0.036667,0.036667,0.036667,
12/31/1992,1575.574951,,-1260.218994,,315.355957,,-282.987,,,,,,32.368999,11.552998,,31.804001,0.707,,-44.063999,43.921997,-26.018,,,,17.903999,0.0,,,17.903997,0.0,17.903999,0.0,,17.903999,17.903999,,277.756509,0.07,0.07,0.07,277.756509,0.07,0.07,0.07,
03/31/1993,1565.168945,,-1292.314941,,272.854004,,-206.951004,,,,,,65.903,-16.067001,,30.113001,-1.199,,-12.847,49.835999,-46.362,,,,3.474,-29.459,,,32.932999,0.0,32.932999,0.0,,32.932999,32.932999,,277.788002,0.12,0.013333,,277.788002,0.12,0.013333,0.013333,
06/30/1993,1414.740967,,-1279.527954,,135.213013,,-222.554001,,,,,,-87.341003,-36.392,,30.396999,-1.41,,7.405,-123.733003,-21.364,,,,-145.097,0.0,,,-145.097003,0.0,-145.097,0.0,,-145.097,-145.097,,277.80899,-0.523333,-0.523333,,277.80899,-0.523333,-0.523333,-0.523333,
09/30/1993,1248.866943,,-987.104004,,261.762939,,-234.039001,,,,,,27.724001,-35.384999,,36.272999,2.565,,-3.453,-7.660998,-14.749,,,,-22.41,0.0,,,-22.409997,0.0,-22.41,0.0,,-22.41,-22.41,,277.77301,-0.08,-0.08,,277.77301,-0.08,-0.08,-0.08,
12/31/1993,1650.744019,,-1497.582031,,153.161988,,-247.462006,,,,,,-94.300003,-47.618001,,59.832001,1.832,,-14.046,-141.918004,8.289,,,,-133.628998,0.0,,,-133.629004,0.0,-133.628998,0.0,,-133.628998,-133.628998,,277.799994,-0.483333,-0.483333,-0.483333,277.799994,-0.483333,-0.483333,-0.483333,
03/31/1994,1857.628052,,-1435.496948,,422.131104,,-227.960007,,,,,,194.171005,-51.021002,,60.566002,2.053,,-11.598,143.150003,-59.493999,,,,83.655998,0.0,,,83.656003,0.0,83.655998,0.0,,83.655998,83.655998,,278.714996,0.3,0.3,,278.714996,0.3,0.3,0.3,
06/30/1994,1488.225952,,-1218.130005,,270.095947,,-213.376007,,,,,,56.720001,-53.266,,59.728001,1.226,,-7.688,3.454001,-20.184999,,,,-16.731001,0.0,,,-16.730999,0.0,-16.731001,0.0,,-16.731001,-16.731001,,279.014992,-0.06,-0.06,,279.014992,-0.06,-0.06,-0.06,
09/30/1994,1494.041992,,-1232.498047,,261.543945,,-217.830002,,,,,,43.714001,-11.085,,62.126999,2.223,,-53.264999,32.629001,-34.541,,,,-1.912,0.0,,,-1.911999,0.0,-1.912,0.0,,-1.912,-1.912,,278.98201,-0.006667,-0.006667,,278.98201,-0.006667,-0.006667,-0.006667,
12/31/1994,1762.088013,,-1443.373047,,318.714966,,-229.167999,,,,,,89.546997,-32.968002,,62.728001,-4.571,,-25.188999,56.578995,-47.877998,,,,8.701,0.0,,,8.700997,0.0,8.701,0.0,,8.701,8.701,,279.0,0.03,0.03,0.03,279.0,0.03,0.03,0.03,
03/31/1995,1892.21106,,-1571.677979,,320.533081,,-225.966003,,,,,,94.567001,17.605005,,64.950996,3.567,,-86.123001,112.172006,-87.010002,,,,25.162001,0.0,,,25.162004,0.0,25.162001,0.0,,25.162001,25.162001,,278.98201,0.09,0.09,,278.98201,0.09,0.09,0.09,
06/30/1995,1773.32605,,-1470.215942,,303.110107,,-235.927002,,,,,,67.182999,-58.303001,,63.026001,-2.533,,-2.19,8.879998,-49.098999,,,,-40.219002,0.0,,,-40.219001,0.0,-40.219002,0.0,,-40.219002,-40.219002,,278.985008,-0.143333,-0.143333,,278.985008,-0.143333,-0.143333,-0.143333,
09/30/1995,1641.904053,,-1408.821045,,233.083008,,-263.696014,,,,,,-30.613001,-37.530002,,58.879002,1.135,,-22.483999,-68.143003,-36.439999,,,,-104.583,0.0,,,-104.583002,0.0,-104.583,0.0,,-104.583,-104.583,,279.021011,-0.376667,-0.376667,,279.021011,-0.376667,-0.376667,-0.376667,
12/31/1995,1994.865967,,-1663.009033,,331.856934,,-206.498993,,,,,,125.358002,-530.91599,,60.609001,-3.644,,473.950989,-405.557988,130.785004,,,,-274.77301,0.0,,,-274.772984,0.0,-274.77301,0.0,,-274.77301,-274.77301,,279.0,-0.983333,-0.983333,-0.983333,279.0,-0.983333,-0.983333,-0.983333,
03/31/1996,2214.537109,,-1846.420044,,368.117065,,-213.945007,,,,,,154.171997,-32.667001,,52.805,-2.127,,-18.011,121.504997,-55.528,,,,65.976997,0.0,,,65.976997,0.0,65.976997,0.0,,65.976997,65.976997,,279.002998,0.236667,0.236667,0.236667,279.002998,0.236667,0.236667,0.236667,
06/30/1996,2094.840088,,-1781.078979,,313.761108,,-213.574997,,,,,,100.185997,407.529985,,41.902,-0.516,,-448.915985,507.715982,-131.268997,,,,376.446991,0.0,,,376.446984,0.0,376.446991,0.0,,376.446991,376.446991,,279.396011,1.346667,1.346667,0.093333,279.396011,1.346667,1.346667,0.093333,
09/30/1996,1746.573975,,-1451.277954,,295.296021,,-214.570007,,,,,,80.725998,90.009997,,33.594002,-0.282,,-123.321999,170.735995,-72.908997,,,,97.827003,0.0,,,97.826998,0.0,97.827003,0.0,,97.827003,97.827003,,279.47699,0.35,0.35,0.096667,279.47699,0.35,0.35,0.096667,
12/31/1996,2216.235107,,-1773.724976,,442.510131,,-255.673996,,,,,,186.835999,27.150996,,37.200001,1.112,,-65.462997,213.986995,-94.139,,,,119.848,0.0,,,119.847995,0.0,119.848,0.0,,119.848,119.848,,279.299994,0.43,0.43,0.42,279.299994,0.43,0.43,0.42,
03/31/1997,2396.830078,,-2068.394043,,328.436035,,-200.636993,,,,,,127.799004,-13.001001,,33.652,-1.383,,-19.268,114.798003,-110.209999,,,,4.588,0.0,,,4.588004,0.0,4.588,0.0,,4.588,4.588,,278.135994,0.016667,0.016667,0.016667,278.135994,0.016667,0.016667,0.016667,
06/30/1997,1833.959961,,-1530.918945,,303.041016,,-236.117004,,,,,,66.924004,9.276997,,33.755001,1.832,,-44.863998,76.201001,-34.543999,,,,41.657001,0.0,,,41.657002,0.0,41.657001,0.0,,41.657001,41.657001,,274.161003,0.15,0.15,0.11,275.361009,0.15,0.15,0.11,
09/30/1997,1884.578003,,-1550.359009,,334.218994,,-281.212006,,,,,,53.007,-16.055,,33.819,-1.045,,-16.719,36.952,-14.273,,,,22.679001,0.0,,,22.679,0.0,22.679001,0.0,,22.679001,22.679001,,272.429993,0.083333,0.083333,0.083333,273.932991,0.083333,0.083333,0.083333,
12/31/1997,2118.35498,,-1824.042969,,294.312011,,-305.028992,,,,,,-10.717,-90.648999,,34.923,-4.477,,60.202999,-101.365999,39.942001,,,,-61.424,0.0,,,-61.423998,0.0,-61.424,0.0,,-61.424,-61.424,,274.799994,-0.223333,-0.223333,-0.163333,274.799994,-0.223333,-0.223333,-0.163333,
03/31/1998,1825.789,,-1463.796,,361.993,,-392.532,,,,,,-30.539,63.442,33.988,33.988,0.0,,-97.43,32.903,-45.497,,,,-12.594,0.0,,,-12.594,0.0,-12.594,0.0,0.0,-12.594,-12.594,,270.237,-0.046667,-0.046667,-0.046667,270.237,-0.046667,-0.046667,-0.046667,
06/30/1998,1608.459,,-1319.86,,288.599,,-302.856,,,,,,-14.257,-6.59,33.329,33.329,0.0,,-26.739,-20.847,-0.872,,,,-21.719,0.0,,,-21.719,0.0,-21.719,0.0,0.0,-21.719,-21.719,,269.712,-0.08,-0.08,-0.08,269.712,-0.08,-0.08,-0.08,
09/30/1998,1528.484,,-1261.033,,267.451,,-256.186,,,,,,11.265,-18.131,41.709,41.709,1.357,,-24.935,-6.866,0.547,,,,-6.319,0.0,,,-6.319,0.0,-6.319,0.0,0.0,-6.319,-6.319,,267.804,-0.023333,-0.023333,-0.023333,267.804,-0.023333,-0.023333,-0.023333,
12/31/1998,1616.025024,,-1458.530029,,157.494995,,-308.143005,,,,,,-150.647995,-368.653016,,43.908001,-0.839,,325.584015,-519.301011,101.040001,,,,-418.260986,0.0,,,-418.26101,0.0,-418.260986,0.0,,-418.260986,-418.260986,,267.447006,-1.566667,-1.566667,-0.373333,267.447006,-1.566667,-1.566667,-0.373333,
03/31/1999,1539.0,,-1255.0,,284.0,,-264.0,,,,,,20.0,75.0,39.0,39.0,0.0,,-114.0,95.0,-24.0,,,,71.0,0.0,,,71.0,0.0,71.0,0.0,0.0,71.0,71.0,,268.5,0.263333,0.263333,0.153333,269.7,0.263333,0.263333,0.153333,
06/30/1999,1533.0,,-1099.0,,434.0,,-287.0,,,,,,147.0,-38.0,38.0,38.0,9.0,,-9.0,109.0,-32.0,,,,77.0,0.0,,,77.0,0.0,77.0,0.0,0.0,77.0,77.0,,268.8,0.286667,0.286667,0.136667,270.3,0.286667,0.286667,0.136667,
09/30/1999,1977.0,,-1343.0,,634.0,,-275.0,,,,,,359.0,-39.0,39.0,39.0,,,0.0,320.0,-162.0,,,,158.0,0.0,,,158.0,0.0,158.0,0.0,0.0,158.0,158.0,,269.4,0.59,0.59,0.2,271.5,0.583333,0.583333,0.193333,
12/31/1999,2268.836914,,-1609.949951,,658.886963,,-349.447998,,,,,,309.438995,-131.910996,,42.237999,-6.041,,95.713997,177.527999,-46.432999,,,,131.095001,0.0,,,131.095,0.0,131.095001,,,131.095001,131.095001,,269.397012,0.483333,0.483333,0.656667,272.099991,0.483333,0.483333,0.646667,
03/31/2000,2831.0,,-2182.0,,649.0,,-276.0,,,,,,373.0,1.0,38.0,38.0,0.0,,-39.0,374.0,-150.0,,,,224.0,0.0,,,224.0,0.0,224.0,0.0,0.0,224.0,224.0,,269.7,0.83,0.83,0.83,271.5,0.823333,0.823333,0.823333,
06/30/2000,2714.0,,-2013.0,,701.0,,-314.0,,,,,,387.0,-39.0,39.0,39.0,-2.0,,2.0,348.0,-146.0,,,,202.0,0.0,,,202.0,0.0,202.0,0.0,0.0,202.0,202.0,,269.4,0.75,0.75,0.75,271.5,0.746667,0.746667,0.746667,
09/30/2000,2887.0,,-2083.0,,804.0,,-332.0,,,,,,472.0,-42.0,42.0,42.0,,,0.0,430.0,-173.0,,,,257.0,0.0,,,257.0,0.0,257.0,0.0,0.0,257.0,257.0,,266.4,0.963333,0.963333,0.963333,269.4,0.953333,0.953333,0.953333,
12/31/2000,3685.0,,-2943.0,,742.0,,-301.0,,,,,,441.0,78.0,,43.0,-43.0,,-78.0,519.0,-179.0,,,,340.0,0.0,,,340.0,0.0,340.0,0.0,,340.0,340.0,,266.400009,1.276667,1.276667,1.14,266.400009,1.276667,1.276667,1.14,
12/31/2001,2881.0,,-2209.0,,672.0,,-513.0,,,,,,159.0,-58.0,,62.0,-6.0,,2.0,101.0,-47.0,,,,54.0,0.0,,,54.0,0.0,54.0,0.0,0.0,54.0,54.0,,266.099991,0.203333,0.203333,0.32,266.099991,0.203333,0.203333,0.32,
03/31/2002,2958.0,,-2379.0,,579.0,,-319.0,,,,,,260.0,-30.0,66.0,66.0,,,-36.0,230.0,-102.0,,,,128.0,-13.0,,,141.0,,141.0,,,141.0,141.0,,263.52,0.533333,0.483333,0.483333,266.4,0.526667,0.48,0.48,
06/30/2002,2694.0,,-2071.0,,623.0,,-347.0,,,,,,276.0,-49.0,67.0,67.0,10.0,,-28.0,227.0,-98.0,,,,129.0,-20.0,,,149.0,,149.0,,,149.0,149.0,,264.606,0.56,0.486667,0.486667,268.5,0.553333,0.48,0.48,
09/30/2002,2724.0,,-2121.0,,603.0,,-357.0,,,,,,246.0,-305.0,61.0,61.0,6.0,,238.0,-59.0,-46.0,,,,-105.0,31.0,,,-136.0,,-136.0,0.0,,-136.0,-136.0,,264.984,-0.513333,-0.396667,-0.396667,264.9,-0.513333,-0.396667,-0.396667,
12/31/2002,3297.0,,-2336.0,,961.0,,-278.0,,,,,,683.0,-1114.0,,65.0,-3.0,,1052.0,-431.0,60.0,,,,-371.0,0.0,,,-371.0,0.0,-371.0,0.0,0.0,-371.0,-371.0,,265.200006,-1.4,-1.4,0.55,265.200006,-1.4,-1.4,0.55,
03/31/2003,4254.0,,-3556.0,,698.0,,-404.0,,,,,,294.0,35.0,74.0,74.0,13.0,,-122.0,329.0,-139.0,,,,190.0,14.0,,,176.0,,176.0,,,176.0,176.0,,267.3,0.66,0.71,0.71,267.195,0.66,0.71,0.71,
06/30/2003,3199.0,,-2601.0,,598.0,,-410.0,,,,,,188.0,-63.0,77.0,77.0,-12.0,,-2.0,125.0,-62.0,,,,63.0,-189.0,,,252.0,,252.0,,,252.0,252.0,,265.842,0.95,0.236667,0.236667,267.0,0.943333,0.236667,0.236667,
09/30/2003,3230.0,,-2654.0,,576.0,,-344.0,,,,,,232.0,-7.0,73.0,73.0,2.0,,-68.0,225.0,-79.0,,,,146.0,,,,146.0,,146.0,0.0,,146.0,146.0,,267.3,0.55,0.55,0.55,267.42,0.546667,0.546667,0.546667,
12/31/2003,3628.0,,-2984.0,,644.0,,-453.0,,,,,,191.0,-89.0,,69.0,10.0,,10.0,102.0,-34.0,,,,68.0,0.0,,,68.0,0.0,68.0,-5.0,0.0,63.0,63.0,,267.599991,0.236667,0.236667,0.34,267.599991,0.236667,0.236667,0.34,
03/31/2004,4488.0,,-3701.0,,787.0,,-379.0,,,,,,408.0,17.0,57.0,57.0,3.0,,-77.0,425.0,-144.0,,,,281.0,,,,281.0,,281.0,-12.0,,269.0,269.0,,266.079,1.01,1.01,1.01,304.2,0.923333,0.923333,0.923333,
06/30/2004,3803.0,,-3054.0,,749.0,,-380.0,,,,,,369.0,73.0,60.0,60.0,-15.0,,-118.0,442.0,-161.0,,,,281.0,-7.0,,,288.0,0.0,288.0,-12.0,0.0,276.0,276.0,,267.447,1.036667,1.01,0.966667,304.2,0.946667,0.923333,0.883333,
09/30/2004,3830.0,,-3174.0,,656.0,,-383.0,,,,,,273.0,38.0,62.0,62.0,9.0,,-109.0,311.0,-133.0,,,,178.0,,,,178.0,,178.0,-12.0,,166.0,166.0,,269.439,0.616667,0.616667,0.616667,307.2,0.58,0.58,0.58,
12/31/2004,4612.0,,-3776.0,,836.0,,-484.0,,,,,,352.0,27.0,,62.0,40.0,,-129.0,379.0,-150.0,,,,229.0,0.0,,,229.0,0.0,229.0,-12.0,0.0,217.0,217.0,,275.04,0.796667,0.796667,0.653333,309.0,0.74,0.74,0.58,
03/31/2005,4957.0,,-4107.0,,850.0,,-446.0,,,,,,404.0,52.0,61.0,61.0,2.0,,-115.0,456.0,-237.0,,,,219.0,0.0,,,219.0,0.0,219.0,-12.0,0.0,207.0,207.0,19.0,271.179,0.763333,0.763333,0.833333,309.6,0.706667,0.706667,0.766667,
06/30/2005,4963.0,,-4124.0,,839.0,,-416.0,,,,,,423.0,65.0,54.0,54.0,9.0,,-128.0,488.0,-189.0,,,,299.0,0.0,,,299.0,0.0,299.0,-12.0,0.0,287.0,287.0,-4.0,272.133,1.056667,1.056667,1.043333,311.1,0.963333,0.963333,0.95,
09/30/2005,5769.0,,-4931.0,,838.0,,-407.0,,,,,,431.0,133.0,54.0,54.0,5.0,,-192.0,564.0,-292.0,,,,272.0,0.0,,,272.0,0.0,272.0,-12.0,0.0,260.0,260.0,31.0,273.576,0.95,0.95,1.063333,313.2,0.866667,0.866667,0.966667,
12/31/2005,7058.0,,-5911.0,,1147.0,,-463.0,,,,,,684.0,34.0,,55.0,-16.0,,-73.0,718.0,-266.0,,,,452.0,0.0,,,452.0,0.0,452.0,-12.0,0.0,440.0,440.0,,314.4,1.436667,1.436667,1.34,314.4,1.436667,1.436667,1.34,
03/31/2006,7159.0,,-5760.0,,1399.0,,-478.0,,,,,,921.0,250.0,57.0,57.0,0.0,,-307.0,1171.0,-472.0,,,,699.0,0.0,,,699.0,0.0,699.0,-12.0,0.0,687.0,687.0,-186.0,275.031,2.5,2.5,1.823333,314.802,2.22,2.22,1.63,
06/30/2006,6718.0,,-5310.0,,1408.0,,-467.0,,,,,,941.0,157.0,44.0,44.0,-3.0,,-198.0,1098.0,-532.0,,,,566.0,0.0,,,566.0,0.0,566.0,-12.0,0.0,554.0,554.0,-32.0,275.215,2.01,2.01,1.89,315.5,1.79,1.79,1.69,
09/30/2006,7035.0,,-5545.0,,1490.0,,-600.0,,,,,,890.0,46.0,49.0,49.0,-2.0,,-93.0,936.0,-639.0,,,,297.0,0.0,,,297.0,0.0,297.0,-12.0,0.0,285.0,285.0,105.0,288.35,1.03,1.03,1.39,316.0,0.94,0.94,1.27,
12/31/2006,7155.0,,-5769.0,,1386.0,0.0,-546.0,371.0,254.0,,,175.0,840.0,3.0,,51.0,0.0,-32.0,-22.0,843.0,-484.0,,,,359.0,0.0,,,359.0,0.0,359.0,-8.0,0.0,351.0,351.0,,316.4,1.13,1.13,1.13,316.4,1.13,1.13,1.13,
03/31/2007,7319.0,,-6084.0,,1235.0,,-479.0,,,,,,756.0,-9.0,64.0,64.0,0.0,,-55.0,747.0,-377.0,,,,370.0,0.0,,,370.0,0.0,370.0,0.0,0.0,370.0,370.0,,310.525,1.19,1.19,1.19,317.3,1.17,1.17,1.17,
06/30/2007,7421.0,,-5921.0,,1500.0,,-510.0,,,,,,990.0,63.0,62.0,62.0,0.0,,-125.0,1053.0,-496.0,,,,557.0,0.0,,,557.0,0.0,557.0,0.0,0.0,557.0,557.0,,311.971,1.78,1.78,1.78,318.6,1.75,1.75,1.75,
09/30/2007,7451.0,,-6081.0,,1370.0,,-547.0,,,,,,823.0,-6.0,59.0,59.0,0.0,,-53.0,817.0,-422.0,,,,395.0,0.0,,,395.0,0.0,395.0,0.0,0.0,395.0,395.0,33.0,313.617,1.26,1.26,1.37,319.9,1.23,1.23,1.33,
12/31/2007,9456.0,,-7644.0,,1812.0,,-697.0,,,,,,1115.0,-28.0,,71.0,0.0,,-43.0,1087.0,-577.0,,,,510.0,0.0,,,510.0,0.0,510.0,0.0,0.0,510.0,510.0,,313.176,1.63,1.63,1.89,319.6,1.59,1.59,1.84,
03/31/2008,10647.0,,-8157.0,,2490.0,0.0,-1006.0,385.0,233.0,,,621.0,1484.0,-14.0,,67.0,,10.0,-63.0,1470.0,-718.0,,,,752.0,0.0,,,752.0,7.0,759.0,0.0,0.0,759.0,759.0,0.0,317.506,2.39,2.39,2.39,323.8,2.34,2.34,2.34,
06/30/2008,11711.0,,-9313.0,,2398.0,0.0,-628.0,423.0,267.0,,,205.0,1770.0,-47.0,,65.0,,19.0,-37.0,1723.0,-812.0,,,,911.0,0.0,,,911.0,-11.0,900.0,0.0,0.0,900.0,900.0,0.0,320.936,2.81,2.81,2.81,326.2,2.76,2.76,2.76,
09/30/2008,11396.0,,-8661.0,,2735.0,0.0,-1158.0,436.0,266.0,,,722.0,1577.0,-78.0,,68.0,,-52.0,62.0,1499.0,-725.0,,,,774.0,0.0,0.0,0.0,774.0,1.0,775.0,0.0,0.0,775.0,775.0,0.0,322.365,2.4,2.4,2.4,327.4,2.37,2.37,2.37,
12/31/2008,7380.0,,-6410.0,,970.0,,-766.0,,,,,,204.0,-199.0,67.0,67.0,0.0,,132.0,5.0,-85.0,,,,-80.0,0.0,,,-80.0,6.0,-74.0,0.0,0.0,-74.0,-74.0,,322.9,-0.23,-0.23,-0.15,322.9,-0.23,-0.23,-0.15,
03/31/2009,6915.0,6915.0,-5182.0,5182.0,1733.0,0.0,-1553.0,417.0,257.0,160.0,486.0,650.0,180.0,-120.0,,77.0,,41.0,2.0,60.0,-77.0,,,,-17.0,0.0,0.0,0.0,-17.0,-42.0,-59.0,0.0,0.0,-59.0,-175.6,-116.6,323.431,-0.18,-0.18,-0.542929,323.431,-0.18,-0.18,-0.542929,
06/30/2009,6751.0,6751.0,-4705.0,4705.0,2046.0,0.0,-1738.0,381.0,245.0,136.0,558.0,799.0,308.0,-91.0,,95.0,,75.0,-79.0,217.0,-115.0,,,,102.0,0.0,0.0,0.0,102.0,-2.0,100.0,0.0,0.0,100.0,-2.05,-102.05,323.975,0.31,0.31,-0.006328,325.8,0.31,0.31,-0.006328,
09/30/2009,7270.0,7270.0,-5069.0,5069.0,2201.0,0.0,-1684.0,388.0,240.0,148.0,626.0,670.0,517.0,17.0,,97.0,,49.0,-163.0,534.0,-182.0,,,,352.0,0.0,0.0,0.0,352.0,-11.0,341.0,,0.0,341.0,229.6,-111.4,324.066,1.05,1.05,0.708498,326.0,1.05,1.05,0.708282,
12/31/2009,8678.0,8678.0,-6005.0,6005.0,2673.0,0.0,-1751.0,469.0,266.0,203.0,584.0,698.0,922.0,-211.0,,91.0,,64.0,56.0,711.0,-341.0,,,,370.0,0.0,0.0,0.0,370.0,-12.0,358.0,0.0,0.0,358.0,431.9,73.9,326.4,1.1,1.1,1.323223,326.4,1.1,1.1,1.323223,
03/31/2010,9259.0,9259.0,-6540.0,6540.0,2719.0,0.0,-1630.0,408.0,253.0,155.0,542.0,680.0,1089.0,-123.0,,84.0,,85.0,-46.0,966.0,-398.0,,,,568.0,0.0,0.0,0.0,568.0,-30.0,538.0,0.0,0.0,538.0,468.95,-69.05,324.768,1.66,1.66,1.443954,327.0,1.65,1.65,1.438838,
06/30/2010,7732.0,7732.0,-5316.0,5316.0,2416.0,0.0,-1654.0,404.0,245.0,159.0,558.0,692.0,762.0,-65.0,,83.0,,6.0,-24.0,697.0,-301.0,,,,396.0,0.0,0.0,0.0,396.0,-21.0,375.0,,0.0,375.0,365.25,-9.75,325.383,1.15,1.15,1.122523,327.482,1.15,1.15,1.120227,
09/30/2010,7864.0,7864.0,-5330.0,5330.0,2534.0,0.0,-2238.0,383.0,232.0,151.0,584.0,1271.0,296.0,995.0,,94.0,,83.0,-1172.0,1291.0,-200.0,,,,1091.0,0.0,0.0,0.0,1091.0,63.0,1154.0,0.0,0.0,1154.0,452.4,-701.6,325.452,3.54,3.54,1.390067,327.6,3.52,3.52,1.378364,
12/31/2010,9007.0,9007.0,-6221.0,6221.0,2786.0,0.0,-2012.0,488.0,291.0,197.0,633.0,891.0,774.0,-417.0,,100.0,,348.0,-31.0,357.0,-274.0,,,,83.0,0.0,0.0,0.0,83.0,-25.0,58.0,0.0,0.0,58.0,75.85,17.85,330.5,0.18,0.18,0.229501,330.5,0.18,0.18,0.229501,
03/31/2011,10215.0,10215.0,-7040.0,7040.0,3175.0,0.0,-1891.0,447.0,283.0,164.0,558.0,886.0,1284.0,201.0,,99.0,,48.0,-348.0,1485.0,-511.0,,,,974.0,0.0,0.0,0.0,974.0,-45.0,929.0,0.0,0.0,929.0,521.5,-407.5,335.818,2.77,2.77,1.552925,339.2,2.74,2.74,1.538644,
06/30/2011,9853.0,9853.0,-6841.0,6841.0,3012.0,0.0,-1907.0,421.0,247.0,174.0,588.0,898.0,1105.0,-144.0,,97.0,,49.0,-2.0,961.0,-392.0,,,,569.0,0.0,0.0,0.0,569.0,38.0,607.0,0.0,0.0,607.0,661.6,54.6,337.235,1.8,1.8,1.961837,340.4,1.78,1.78,1.9404,
09/30/2011,8665.0,8665.0,-6181.0,6181.0,2484.0,0.0,-2238.0,443.0,266.0,177.0,586.0,1209.0,246.0,-33.0,,94.0,,36.0,-97.0,213.0,54.0,169.0,-252.0,29.0,267.0,0.0,0.0,0.0,267.0,31.0,298.0,0.0,0.0,298.0,520.45,222.45,337.38,0.89,0.89,1.542623,340.2,0.88,0.88,1.53388,
12/31/2011,9733.0,9733.0,-6712.0,6712.0,3021.0,0.0,-2217.0,460.0,273.0,187.0,674.0,1083.0,804.0,-1002.0,,93.0,0.0,940.0,-31.0,-198.0,64.0,,,,-134.0,0.0,0.0,0.0,-134.0,3.0,-131.0,0.0,0.0,-131.0,386.85,517.85,337.5,-0.39,-0.39,1.146222,337.5,-0.39,-0.39,1.14437,
03/31/2012,2896.0,2896.0,-270.0,270.0,2626.0,0.0,-1684.0,132.0,,132.0,662.0,890.0,942.0,-75.0,,104.0,,,-29.0,867.0,-328.0,,,,539.0,-21.0,-21.0,0.0,560.0,-15.0,545.0,0.0,0.0,545.0,471.1,-52.9,338.0,1.61,1.550296,1.393787,340.3,1.61,1.54829,1.392839,
06/30/2012,3324.0,3324.0,-332.0,332.0,2992.0,0.0,-1822.0,144.0,,144.0,746.0,932.0,1170.0,-108.0,,105.0,,,3.0,1062.0,-522.0,,,,540.0,5.0,5.0,0.0,535.0,14.0,549.0,0.0,0.0,549.0,604.3,50.3,338.5,1.62,1.636632,1.785229,340.4,1.61,1.624689,1.772456,
09/30/2012,3072.0,3072.0,-359.0,359.0,2713.0,0.0,-1665.0,134.0,,134.0,728.0,803.0,1048.0,-58.0,,104.0,,,-46.0,990.0,-480.0,,,,510.0,-82.0,-82.0,0.0,592.0,-35.0,557.0,0.0,0.0,557.0,356.05,-118.95,338.6,1.65,1.402835,1.051536,340.0,1.64,1.398824,1.048971,
12/31/2012,5718.0,5718.0,-2840.0,2840.0,2878.0,0.0,-2326.0,387.0,212.0,175.0,744.0,1195.0,552.0,-67.0,,106.0,,,-39.0,485.0,-229.0,,,,256.0,-120.0,-120.0,0.0,376.0,-2.0,374.0,0.0,0.0,374.0,358.7,104.7,340.5,1.1,0.745962,1.053451,340.5,1.1,0.745962,1.053451,
03/31/2013,6106.0,6106.0,-3054.0,3054.0,3052.0,0.0,-1318.0,383.0,225.0,158.0,689.0,246.0,1734.0,-140.0,,106.0,,,34.0,1594.0,-451.0,,,,1143.0,-130.0,-130.0,0.0,1273.0,3.0,1276.0,0.0,0.0,1276.0,590.45,-555.55,339.2,3.76,3.38,1.740713,342.6,3.72,3.34,1.71843,
06/30/2013,3069.0,3069.0,-421.0,421.0,2648.0,0.0,-506.0,196.0,28.0,168.0,614.0,-304.0,2142.0,-135.0,,117.0,,,18.0,2007.0,-407.0,,,,1600.0,-16.0,-16.0,0.0,1616.0,-185.0,1431.0,0.0,0.0,1431.0,326.55,-1088.45,340.1,4.21,4.16,0.960159,344.0,4.16,4.11,0.945901,
09/30/2013,2720.0,2720.0,-375.0,375.0,2345.0,0.0,-1578.0,179.0,27.0,152.0,681.0,718.0,767.0,-87.0,,86.0,,,1.0,680.0,-324.0,,,,356.0,-62.0,-62.0,0.0,418.0,2.0,420.0,0.0,0.0,420.0,361.65,3.65,339.0,1.24,1.06,1.066814,343.3,1.23,1.05,1.060632,
12/31/2013,2722.0,2722.0,-461.0,461.0,2261.0,0.0,-1892.0,204.0,,204.0,714.0,974.0,369.0,-91.0,,97.0,,,-6.0,278.0,633.0,,,,911.0,-1004.0,-1004.0,0.0,1915.0,10.0,1925.0,0.0,0.0,1925.0,1658.55,737.55,329.62,5.84,2.76,5.031703,334.3,5.76,2.73,4.936252,
03/31/2014,2673.0,2673.0,-393.0,393.0,2280.0,0.0,-1515.0,142.0,,142.0,726.0,647.0,765.0,-162.0,,81.0,,,81.0,603.0,-239.0,,,,364.0,-57.0,-57.0,0.0,421.0,-35.0,386.0,0.0,0.0,386.0,395.0,66.0,318.1,1.21,1.14,1.351776,322.6,1.2,1.13,1.334588,
06/30/2014,2829.0,2829.0,-421.0,421.0,2408.0,0.0,-1232.0,143.0,,143.0,785.0,304.0,1176.0,-110.0,,85.0,,,25.0,1066.0,-92.0,,,,974.0,44.0,44.0,0.0,930.0,1.0,931.0,0.0,0.0,931.0,254.8,-720.2,309.7,3.01,3.15,0.819503,314.1,2.96,3.1,0.8071,
09/30/2014,2678.0,2678.0,-423.0,423.0,2255.0,0.0,-1616.0,139.0,,139.0,838.0,639.0,639.0,-48.0,,75.0,,,-27.0,591.0,-232.0,,,,359.0,-671.0,-671.0,0.0,1030.0,-22.0,1008.0,0.0,0.0,1008.0,265.6,-71.4,300.7,3.352178,1.120718,0.883272,305.0,3.304918,1.104918,0.87082,
12/31/2014,2557.0,2557.0,-511.0,511.0,2046.0,0.0,-1759.0,164.0,,164.0,875.0,720.0,287.0,-111.0,,82.0,,,29.0,176.0,-181.0,,,,-5.0,2.0,2.0,0.0,-7.0,-1.0,-8.0,0.0,0.0,-8.0,47.05,53.05,285.834964,-0.03,-0.02,0.164605,289.0,-0.03,-0.02,0.163564,
03/31/2015,1538.0,1538.0,-278.0,278.0,1260.0,0.0,-1914.0,147.0,,147.0,956.0,811.0,-654.0,-73.0,,85.0,,,-12.0,-727.0,351.0,,,,-376.0,13.0,13.0,0.0,-389.0,0.0,-389.0,0.0,0.0,-389.0,-283.0,93.0,283.5,-1.37,-1.32,-0.998236,283.5,-1.37,-1.32,-0.998236,
06/30/2015,1953.0,1953.0,-356.0,356.0,1597.0,0.0,-2202.0,151.0,,151.0,1028.0,1023.0,-605.0,-104.0,,86.0,,,18.0,-709.0,156.0,,,,-553.0,14.0,14.0,0.0,-567.0,0.0,-567.0,0.0,0.0,-567.0,-147.0,406.0,284.3,-1.99,-1.94,-0.517059,284.3,-1.99,-1.94,-0.517059,
09/30/2015,1671.0,1671.0,-893.0,893.0,778.0,0.0,-1251.0,119.0,,119.0,988.0,144.0,-473.0,-66.0,,84.0,,,-18.0,-539.0,300.0,,,,-239.0,13.0,13.0,0.0,-252.0,-27.0,-279.0,0.0,0.0,-279.0,-266.0,0.0,283.5,-0.98,-0.94,-0.94,283.5,-0.98,-0.94,-0.94,
12/31/2015,1474.0,1474.0,-852.0,852.0,622.0,0.0,-2732.0,140.0,,140.0,983.0,1609.0,-2110.0,-173.0,,86.0,,,87.0,-2283.0,492.0,,,,-1791.0,8.0,8.0,0.0,-1799.0,-22.0,-1821.0,0.0,0.0,-1821.0,-413.0,1400.0,283.2,-6.43,-6.4,-1.458333,283.2,-6.43,-6.4,-1.458333,
03/31/2016,973.0,973.0,-644.0,644.0,329.0,0.0,-1098.0,98.0,,98.0,868.0,132.0,-769.0,-65.0,,85.0,,,-20.0,-834.0,346.0,,,,-488.0,0.0,0.0,0.0,-488.0,-21.0,-509.0,-6.0,0.0,-515.0,-515.0,0.0,299.8,-1.72,-1.72,-1.72,299.8,-1.72,-1.72,-1.72,
06/30/2016,1224.0,1224.0,-277.0,277.0,947.0,0.0,-1585.0,106.0,,106.0,797.0,682.0,-638.0,-40.0,,85.0,,,-45.0,-678.0,305.0,,,,-373.0,0.0,0.0,0.0,-373.0,-19.0,-392.0,-12.0,0.0,-404.0,-347.0,57.0,313.2,-1.29,-1.29,-1.107918,313.2,-1.29,-1.29,-1.108008,
09/30/2016,1177.0,1177.0,-670.0,670.0,507.0,0.0,-995.0,106.0,,106.0,811.0,78.0,-488.0,-145.0,,84.0,,,61.0,-633.0,316.0,,,,-317.0,0.0,0.0,0.0,-317.0,-22.0,-339.0,-12.0,0.0,-351.0,-346.15,4.85,313.2,-1.12,-1.12,-1.105204,313.2,-1.12,-1.12,-1.105204,
12/31/2016,1388.0,1388.0,-970.0,970.0,418.0,0.0,-1977.0,105.0,,105.0,768.0,1104.0,-1559.0,-150.0,,84.0,,,66.0,-1709.0,-3189.0,,,,-4898.0,0.0,0.0,0.0,-4898.0,6.0,-4892.0,-11.0,0.0,-4903.0,-311.6,4591.4,313.3,-15.65,-15.65,-0.994574,313.3,-15.65,-15.65,-0.995037,
03/31/2017,1258.0,1258.0,-589.0,589.0,669.0,0.0,-890.0,95.0,,95.0,737.0,58.0,-221.0,-88.0,,84.0,,,4.0,-309.0,13.0,,,,-296.0,0.0,0.0,0.0,-296.0,-28.0,-324.0,-12.0,0.0,-336.0,-332.45,3.55,313.9,-1.07,-1.07,-1.059095,313.9,-1.07,-1.07,-1.059095,
06/30/2017,1197.0,1197.0,-657.0,657.0,540.0,0.0,-886.0,95.0,,95.0,741.0,50.0,-346.0,-79.0,,82.0,,,-3.0,-425.0,8.0,,,,-417.0,0.0,0.0,0.0,-417.0,-32.0,-449.0,-11.0,0.0,-460.0,-441.1,18.9,314.4,-1.46,-1.46,-1.40299,314.4,-1.46,-1.46,-1.40299,
09/30/2017,1348.0,1348.0,-718.0,718.0,630.0,0.0,-3140.0,111.0,,111.0,759.0,2270.0,-2510.0,-57.0,,79.0,,,-22.0,-2567.0,1974.0,,,,-593.0,0.0,0.0,0.0,-593.0,-31.0,-624.0,-11.0,0.0,-635.0,806.4,1441.4,314.5,-2.02,-2.02,2.56407,314.5,-2.02,-2.02,2.563148,
12/31/2017,1663.0,1663.0,-866.0,866.0,797.0,0.0,-3189.0,125.0,,125.0,646.0,2418.0,-2392.0,-85.0,,80.0,,,5.0,-2477.0,-158.0,,,,-2635.0,0.0,0.0,0.0,-2635.0,-42.0,-2677.0,-12.0,0.0,-2689.0,-579.7,2109.3,313.6,-8.57,-8.57,-1.848533,313.6,-8.57,-8.57,-1.848533,
03/31/2018,1346.0,1346.0,-685.0,685.0,661.0,0.0,-587.0,110.0,,110.0,417.0,60.0,74.0,-66.0,,103.0,,,-37.0,8.0,-73.0,,,,-65.0,0.0,0.0,0.0,-65.0,-41.0,-106.0,-11.0,0.0,-117.0,-85.3,31.7,309.5,-0.38,-0.38,-0.275606,309.5,-0.38,-0.38,-0.277577,
06/30/2018,1534.0,1534.0,-780.0,780.0,754.0,0.0,-624.0,129.0,,129.0,444.0,51.0,130.0,-103.0,,98.0,,,5.0,27.0,-114.0,,,,-87.0,0.0,0.0,0.0,-87.0,-43.0,-130.0,-12.0,0.0,-142.0,-122.25,19.75,297.5,-0.48,-0.48,-0.410924,297.5,-0.48,-0.48,-0.413613,
09/30/2018,1793.0,1793.0,-804.0,804.0,989.0,0.0,-787.0,143.0,,143.0,489.0,155.0,202.0,-78.0,,99.0,,,-21.0,124.0,-121.0,,,,3.0,0.0,0.0,0.0,3.0,-45.0,-42.0,-11.0,0.0,-53.0,-57.74,-4.74,294.3,-0.18,-0.18,-0.196194,294.3,-0.18,-0.18,-0.196194,
12/31/2018,1650.0,1650.0,-807.0,807.0,843.0,0.0,-715.0,91.0,,91.0,533.0,91.0,128.0,-67.0,,99.0,,,-32.0,61.0,-27.0,,,,34.0,0.0,0.0,0.0,34.0,-38.0,-4.0,-12.0,0.0,-16.0,-2.57,13.43,291.5,-0.05,-0.05,-0.008816,291.5,-0.05,-0.05,-0.008816,
03/31/2019,1572.0,1572.0,-713.0,713.0,859.0,0.0,-619.0,87.0,,87.0,498.0,34.0,240.0,-71.0,,98.0,,,-27.0,169.0,-94.0,,,,75.0,0.0,0.0,0.0,75.0,-43.0,32.0,-4.0,0.0,28.0,33.53,5.53,297.4,0.09,0.09,0.112744,299.7,0.09,0.09,0.108452,
06/30/2019,1660.0,1660.0,-808.0,808.0,852.0,0.0,-604.0,89.0,,89.0,494.0,21.0,248.0,-82.0,,97.0,,,-15.0,166.0,-132.0,,,,34.0,0.0,0.0,0.0,34.0,-40.0,-6.0,0.0,0.0,-6.0,-20.22,-14.22,302.2,-0.02,-0.02,-0.066909,302.2,-0.02,-0.02,-0.067055,
09/30/2019,1580.0,1580.0,-791.0,791.0,789.0,0.0,-684.0,90.0,,90.0,544.0,50.0,105.0,-155.0,,90.0,,,65.0,-50.0,-116.0,,,,-166.0,0.0,0.0,0.0,-166.0,-46.0,-212.0,0.0,0.0,-212.0,-209.63,2.37,302.5,-0.7,-0.7,-0.692992,302.5,-0.7,-0.7,-0.692992,
12/31/2019,1683.0,1683.0,-845.0,845.0,838.0,0.0,-823.0,131.0,,131.0,586.0,106.0,15.0,-79.0,,95.0,,,-16.0,-64.0,-119.0,,,,-183.0,0.0,0.0,0.0,-183.0,-39.0,-222.0,0.0,0.0,-222.0,-219.63,2.37,302.8,-0.73,-0.73,-0.72533,302.8,-0.73,-0.73,-0.72533,
03/31/2020,1354.0,1354.0,-723.0,723.0,631.0,0.0,-2978.0,102.0,,102.0,561.0,2315.0,-2347.0,-98.0,,113.0,,,-15.0,-2445.0,79.0,,,,-2366.0,0.0,0.0,0.0,-2366.0,-67.0,-2433.0,0.0,0.0,-2433.0,-156.72,2276.28,304.0,-8.0,-8.0,-0.515526,304.0,-8.0,-8.0,-0.515526,
06/30/2020,833.0,833.0,-366.0,366.0,467.0,0.0,-621.0,89.0,,89.0,509.0,23.0,-154.0,-118.0,,119.0,,,-1.0,-272.0,9.0,,,,-263.0,0.0,0.0,0.0,-263.0,-57.0,-320.0,0.0,0.0,-320.0,-321.58,-1.58,305.0,-1.05,-1.05,-1.054361,305.0,-1.05,-1.05,-1.05518,
09/30/2020,1219.75,,,,,,,,,,,,9.42,,,,,,,-101.414,,,,,-156.023,,,,,,-156.023,,,-156.023,-156.023,,,-0.468,-0.468,-0.468,,-0.468,-0.468,-0.468,
12/31/2020,1466.714,,,,,,,,,,,,176.165,,,,,,,137.771,,,,,41.015,,,,,,41.015,,,41.015,41.015,,,0.17,0.17,0.17,,0.17,0.17,0.17,
