Date,Revenue,Sales & Services Revenue,Other Operating Income,Operating Expenses,Depreciation & Amortization,Prov For Doubtful Accts,Other Operating Expense,Operating Income (Loss),Non-Operating (Income) Loss,"Interest Expense, Net",Interest Expense,Interest Income,Foreign Exch (Gain) Loss,(Income) Loss from Affiliates,Other Non-Op (Income) Loss,Pretax Income,Income Tax Expense (Benefit),Income (Loss) from Cont Ops,Net Extraordinary Losses (Gains),Discontinued Operations,XO & Accounting Changes,Income (Loss) Incl. MI,Minority Interest,"Net Income, GAAP",Preferred Dividends,Other Adjustments,"Net Income Avail to Common, GAAP","Net Income Avail to Common, Adj",Net Abnormal Losses (Gains),Basic Weighted Avg Shares,"Basic EPS, GAAP",Basic EPS from Cont Ops,"Basic EPS from Cont Ops, Adjusted",Diluted Weighted Avg Shares,"Diluted EPS, GAAP",Diluted EPS from Cont Ops,"Diluted EPS from Cont Ops, Adjusted",Source: Bloomberg
12/31/1989,43.563999,,,-38.389,,,,5.175,-4.054,,4.054,,0.0,,0.0,1.121,-0.561,0.56,0.0,,,0.56,0.0,0.56,0.0,,0.56,0.56,,141.36905,0.004097,0.004097,,141.36905,0.004097,0.004097,0.004097,
03/31/1990,56.658001,,,-48.396999,,,,8.261,-4.603,,4.603,,0.0,,0.0,3.658,-1.829,1.829,0.0,,,1.829,0.0,1.829,0.0,,1.829,1.829,,141.386126,0.012876,0.012876,,141.386126,0.012876,0.012876,0.012876,
06/30/1990,57.508999,,,-49.744999,,,,7.764,-4.566,,4.566,,0.0,,0.0,3.198,-1.599,1.599,0.0,,,1.599,0.0,1.599,0.0,,1.599,1.599,,141.386126,0.01112,0.01112,,141.386126,0.01112,0.01112,0.01112,
09/30/1990,54.062,,,-48.471001,,,,5.591,-4.413,,4.413,,0.0,,0.0,1.178,-0.522,0.656,0.0,,,0.656,0.0,0.656,0.0,,0.656,0.656,,141.386133,0.004682,0.004682,0.004682,141.386133,0.004682,0.004682,0.004682,
12/30/1990,57.049,,,-50.376999,,,,6.672,-4.238,,4.238,,0.0,,0.0,2.434,-1.094,1.34,0.0,,,1.34,0.0,1.34,0.0,,1.34,1.34,,141.36905,0.009364,0.009364,,141.36905,0.009364,0.009364,0.009364,
03/31/1991,61.882,,,-50.808998,,,,11.073,-3.706,,3.706,,0.0,,0.0,7.367,-3.316,4.051,0.0,,,4.051,0.0,4.051,0.0,,4.051,4.051,,166.451197,0.024582,0.024582,,166.451197,0.024582,0.024582,0.024582,
06/30/1991,60.028999,,,-50.117001,,,,9.912,-3.058,,3.058,,0.0,,0.0,6.854,-3.084,3.77,0.0,,,3.77,0.0,3.77,0.0,,3.77,3.77,,191.601699,0.019899,0.019899,,191.601699,0.019899,0.019899,0.019899,
09/30/1991,66.287003,,,-58.043999,,,,8.243,-3.095,,3.095,,0.0,,0.0,5.148,-2.318,2.83,0.0,,,2.83,0.0,2.83,0.0,,2.83,2.83,,192.131367,0.014632,0.014632,0.014632,192.131367,0.014632,0.014632,0.014632,
12/31/1991,71.001999,,,-62.455002,,,,8.547,-2.356,,2.356,,0.0,,0.0,6.191,-2.724,3.467,-1.255,,,4.722,0.0,4.722,0.0,,4.722,4.722,,205.441315,0.022826,0.016973,,205.441315,0.022826,0.016973,0.016973,
03/31/1992,77.517998,,,-63.181999,,,,14.336,-1.934,,1.934,,0.0,,0.0,12.402,-5.46,6.942,0.0,,,6.942,0.0,6.942,0.0,,6.942,6.942,,217.093927,0.031605,0.031605,,217.093927,0.031605,0.031605,0.031605,
06/30/1992,76.696999,,,-63.984001,,,,12.713,-1.48,,1.48,,0.0,,0.0,11.233,-4.83,6.403,0.0,,,6.403,0.0,6.403,0.0,,6.403,6.403,,216.911664,0.029849,0.029849,,216.911664,0.029849,0.029849,0.029849,
09/30/1992,76.666,,,-66.688004,,,,9.978,-1.385,,1.385,,0.0,,0.0,8.593,-3.524,5.069,0.458,,,4.611,0.0,4.611,0.0,,4.611,4.611,,219.736547,0.02107,0.022826,0.022826,219.736547,0.02107,0.022826,0.022826,
12/31/1992,79.824997,,,-69.556999,,,,10.268,-1.391,,1.391,,0.0,,0.0,8.877,-3.796,5.081,0.0,,,5.081,0.0,5.081,0.0,,5.081,5.081,,217.139481,0.023704,0.023704,,217.139481,0.023704,0.023704,0.023704,
03/31/1993,87.623001,,,-70.086998,,,,17.535999,-1.149,,1.149,,0.0,,0.0,16.386999,-7.015,9.372,0.0,,,9.371999,0.0,9.372,0.0,,9.372,9.372,,223.859952,0.04214,0.04214,,223.859952,0.04214,0.04214,0.04214,
06/30/1993,89.878998,,,-70.917,,,,18.962,-1.1,,1.1,,0.0,,0.0,17.862,-7.684,10.178,0.0,,,10.178,0.0,10.178,0.0,,10.178,10.178,,228.997126,0.044774,0.044774,,228.997126,0.044774,0.044774,0.044774,
09/30/1993,89.440002,,,-65.028,,,,24.412001,-11.099,,1.174,,0.0,,9.925,13.313001,-5.699,7.614,0.0,,,7.614001,0.0,7.614,0.0,,7.614,7.614,,233.211668,0.032483,0.032483,0.032483,233.211668,0.032483,0.032483,0.032483,
12/31/1993,101.481003,,,-86.149002,,,,15.332,-1.23,,1.23,,0.0,,0.0,14.102,-5.782,8.32,2.55,,,5.77,0.0,5.77,0.0,,5.77,5.77,,235.596091,0.025021,0.035556,,235.596091,0.025021,0.035556,0.035556,
03/31/1994,115.757004,,,-90.212997,,,,25.544001,-1.168,,1.168,,0.0,,0.0,24.376001,-9.993,14.383,0.0,,,14.383001,0.0,14.383,0.0,,14.383,14.383,,239.491688,0.060576,0.060576,,239.491688,0.060576,0.060576,0.060576,
06/30/1994,112.487999,,,-86.636002,,,,25.851999,-1.108,,1.108,,0.0,,0.0,24.743999,-9.65,15.094,0.0,,,15.094,0.0,15.094,0.0,,15.094,15.094,,241.496433,0.06321,0.06321,,241.496433,0.06321,0.06321,0.06321,
09/30/1994,108.639999,,,-89.341003,,,,19.299,-0.791,,0.791,,0.0,,0.0,18.508,-7.219,11.289,0.0,,,11.289,0.0,11.289,0.0,,11.289,11.289,,241.734375,0.047407,0.047407,0.047407,241.734375,0.047407,0.047407,0.047407,
12/31/1994,115.416,,,-96.081001,,,,19.334999,-0.719,,0.719,,0.0,,0.0,18.615999,-7.307,11.309,0.0,,,11.308999,0.0,11.309,0.0,,11.309,11.309,,241.871065,0.047407,0.047407,,241.871065,0.047407,0.047407,0.047407,
03/31/1995,144.776001,,,-112.952003,,,,31.823999,-1.148,,1.148,,0.0,,0.0,30.675999,-12.04,18.636,0.0,,,18.635999,0.0,18.636,0.0,,18.636,18.636,,242.908867,0.077037,0.077037,,242.908867,0.077037,0.077037,0.077037,
06/30/1995,136.977005,,,-105.280998,,,,31.695999,-1.164,,1.164,,0.0,,0.0,30.531999,-11.983,18.549,0.0,,,18.548999,0.0,18.549,0.0,,18.549,18.549,,243.359433,0.077037,0.077037,,243.359433,0.077037,0.077037,0.077037,
09/30/1995,133.925003,,,-108.910004,,,,25.014999,-0.59,,0.59,,0.0,,0.0,24.424999,-9.588,14.837,0.0,,,14.836999,0.0,14.837,0.0,,14.837,14.837,,244.99463,0.061235,0.061235,0.061235,244.99463,0.061235,0.061235,0.061235,
12/31/1995,151.942993,,,-126.515999,,,,25.427,-0.654,,0.654,,0.0,,0.0,24.773,-9.724,15.049,0.0,,,15.049,0.0,15.049,0.0,,15.049,15.049,,246.121885,0.062222,0.062222,,246.121885,0.062222,0.062222,0.062222,
03/31/1996,184.826004,,,-143.035995,,,,41.790001,-0.688,,0.688,,0.0,,0.0,41.102001,-16.132,24.969999,0.0,,,24.970001,0.0,24.969999,0.0,,24.969999,24.969999,,248.467509,0.100741,0.100741,,248.467509,0.100741,0.100741,0.100741,
06/30/1996,184.356003,,,-143.641006,,,,40.715,-0.92,,0.92,,0.0,,0.0,39.795,-15.619,24.176001,0.0,,,24.176,0.0,24.176001,0.0,,24.176001,24.176001,,249.455257,0.097778,0.097778,0.097778,249.455257,0.097778,0.097778,0.097778,
09/30/1996,174.887,,,-177.504,,,,33.993999,-1.253,,1.253,,0.0,,0.0,32.740999,-12.85,19.891001,0.0,,,19.890999,0.0,19.891001,0.0,0.0,19.891001,19.891001,,249.214502,0.08,0.08,0.08,249.214502,0.08,0.08,0.08,
12/31/1996,179.814,,,-146.017,,19.348,,33.797,-1.075,1.075,1.075,,0.0,,0.0,32.722,-12.845,19.877,0.0,,,19.877,0.0,19.877,0.0,0.0,19.877,19.877,,249.62625,0.08,0.08,0.08,249.62625,0.08,0.08,0.08,
03/31/1997,218.295,,,-164.307,,19.497,,53.988,-1.411,1.411,1.411,,0.0,,0.0,52.577,-20.635,31.942,0.0,,,31.942,0.0,31.942,0.0,0.0,31.942,31.942,49.538,251.289,0.128889,0.128889,0.324444,251.289,0.128889,0.128889,0.324444,
06/30/1997,214.926,,,-162.899,,17.765,,52.027,-0.997,0.997,0.997,,0.0,,0.0,51.03,-20.029,31.001,0.0,,,31.001,0.0,31.001,0.0,0.0,31.001,31.001,,252.25875,0.124444,0.124444,0.124444,252.25875,0.124444,0.124444,0.124444,
09/30/1997,205.553,,0.0,-163.344,,20.284,,42.209,-0.229,0.229,0.229,,0.0,,0.0,41.98,-16.477,25.503,0.0,,,25.503,0.0,25.503,0.0,0.0,25.503,25.503,,243.900005,0.102222,0.102222,0.102222,250.078509,0.102222,0.102222,0.102222,
12/31/1997,212.598,,,-171.28,,21.972,,41.318,-0.433,0.433,0.433,,0.0,,0.0,40.885,-16.048,24.837,0.0,,,24.837,0.0,24.837,0.0,0.0,24.837,24.837,20.9,244.8285,0.1,0.1,0.186667,251.3055,0.1,0.1,0.18,
03/31/1998,279.175,,,-210.872,,23.747,,68.303,-1.64,1.64,1.64,,0.0,,0.0,66.663,-26.165,40.498,0.0,,,40.498,0.0,40.498,0.0,0.0,40.498,40.498,190.5,249.156,0.16,0.16,0.926667,255.453,0.16,0.16,0.906667,
06/30/1998,277.489,,,-212.619,,24.661,,64.87,-1.242,1.242,1.242,,0.0,,0.0,63.628,-24.973,38.655,0.0,,,38.655,0.0,38.655,0.0,0.0,38.655,38.655,75.9,376.3065,0.1,0.1,0.3,386.823,0.1,0.1,0.3,
09/30/1998,271.282,,,-262.26,,,,57.187,-3.084,,3.084,,0.0,,0.0,54.103,-21.249001,32.854,0.0,,,32.853999,0.0,32.854,0.0,,32.854,32.854,,251.371002,0.13,0.13,0.13,258.295013,0.13,0.13,0.13,
12/31/1998,276.401,,,-224.088,,29.095,,52.313,-1.36,1.36,1.36,,0.0,,0.0,50.953,-19.998,30.955,0.0,,,30.955,0.0,30.955,0.0,0.0,30.955,30.955,,251.653,0.12,0.12,0.12,258.114,0.12,0.12,0.12,
03/31/1999,309.871,,,-230.655,,29.877,,79.216,-0.682,0.682,0.682,,0.0,,0.0,78.534,-30.827,47.707,0.0,,,47.707,0.0,47.707,0.0,0.0,47.707,47.707,,251.905,0.19,0.19,0.19,256.497,0.19,0.19,0.19,
06/30/1999,352.472992,,,-286.270996,,,,66.202003,-2.406,,,,0.0,,2.406,63.796004,-25.039,38.757,0.0,,,38.757004,0.0,38.757,0.0,,38.757,38.757,,251.972,0.15,0.15,0.15,256.513,0.15,0.15,0.15,
09/30/1999,324.907,,,-335.765937,,,,57.306988,-3.937,,3.937,,0.0,,0.0,53.369988,-20.944,32.427,0.0,,,32.425988,0.0,32.426,0.0,0.0,32.426,32.426,,251.219497,0.13,0.13,0.13,255.79,0.13,0.13,0.13,
12/31/1999,335.920994,,0.0,-342.124996,,34.173,,62.141998,-5.691,5.691,,,0.0,,0.0,56.450998,-22.159,34.292,0.0,,,34.291998,0.0,34.292,0.0,0.0,34.292,34.292,,241.916,0.14,0.14,0.14,245.014999,0.14,0.14,0.14,
03/31/2000,375.769999,,0.0,-351.934011,,32.885,,89.606003,-6.503,6.503,,,0.0,,0.0,83.103003,-32.616001,50.487,0.0,,,50.487002,0.0,50.487,0.0,0.0,50.487,50.487,,241.063004,0.21,0.21,0.21,244.979004,0.21,0.21,0.21,
06/30/2000,356.545999,,0.0,-346.547,,34.353,,78.904999,-6.767,6.767,,,0.0,,0.0,72.137999,-28.315001,43.823002,0.0,,,43.822998,0.0,43.823002,0.0,0.0,43.823002,43.823002,,242.078003,0.18,0.18,0.18,245.917007,0.18,0.18,0.18,
09/30/2000,373.468,,0.0,-302.761,,34.451,,70.707,-12.808,6.404,6.404,,0.0,,6.404,57.899,-25.238,32.661,0.0,,,32.661,0.0,39.065,0.0,0.0,39.065,39.065,,242.816,0.16,0.16,0.16,254.788,0.16,0.16,0.16,
12/31/2000,434.237,,0.0,-362.079,,35.905,,72.158,-6.036,6.036,,,0.0,,0.0,66.122,-25.944,40.178,,,,40.178,0.0,40.178,0.0,0.0,40.178,40.178,,243.234,0.17,0.17,0.17,264.297,0.16,0.16,0.16,
03/31/2001,448.093,,,-362.556,,33.051,,85.537,-5.272,5.272,5.272,,0.0,,0.0,80.265,-31.525,48.74,0.0,,,48.74,0.0,48.74,0.0,0.0,48.74,48.74,10.3,244.117,0.2,0.2,0.24,263.1,0.19,0.19,0.23,
06/30/2001,,,,,,,,,,,,,,,,89.156,,,,,,,,54.138,0.0,0.0,54.138,54.138,,245.048,0.22,0.22,0.22,264.305,0.21,0.21,0.21,
09/30/2001,452.408,,0.0,-362.838,,38.809,,89.57,-8.324,4.162,4.162,,0.0,,4.162,81.246,-33.486,47.76,0.0,,,47.76,0.0,51.922,0.0,0.0,51.922,51.922,,245.297,0.21,0.21,0.21,265.568,0.2,0.2,0.2,
12/31/2001,458.943014,,,-445.510996,,,,87.188004,-4.116,,,,0.0,,4.116,83.072004,-32.605999,50.466,0.0,,,50.466005,0.0,50.466,0.0,0.0,50.466,50.466,,243.649002,0.21,0.21,0.21,263.36499,0.2,0.2,0.2,
03/31/2002,536.234998,,,-418.184003,,,,118.051003,-4.086,,,,0.0,,4.086,113.965003,-44.729,69.236,0.0,,,69.236003,0.0,69.236,0.0,0.0,69.236,69.236,,241.227005,0.29,0.29,0.29,260.821014,0.27,0.27,0.27,
06/30/2002,546.991,,0.0,-433.41,,45.485,,113.581,-3.557,3.557,,,,,0.0,110.024,-43.049,66.975,,,,66.975,-0.359,66.616,0.0,0.0,66.616,66.616,,241.227,0.28,0.28,0.28,260.821,0.26,0.26,0.26,
09/30/2002,548.002,,0.0,-490.962,,46.354,,57.04,-3.784,3.784,,,,,0.0,53.256,-38.842,14.414,,,,14.414,-0.65,60.118,0.0,0.0,60.118,60.118,,239.052,0.25,0.25,0.25,257.74,0.24,0.24,0.24,
12/31/2002,563.112,,0.0,-460.645,,46.307,,102.467,-3.761,3.761,,,,,0.0,98.706,-38.128,60.578,,,,60.578,-0.922,59.656,,0.0,59.656,59.656,,238.589,0.25,0.25,0.25,257.255,0.24,0.24,0.24,
03/31/2003,601.455,,0.0,-468.691,,45.017,,132.764,-3.712,3.712,,,,,0.0,129.052,-49.924,79.128,,,,79.128,-1.063,78.065,,0.0,78.065,78.065,,238.673,0.33,0.33,0.37,256.993,0.31,0.31,0.35,
06/30/2003,600.679,,0.0,-471.274,,46.448,,129.405,-3.802,3.802,3.802,0.0,,,0.0,125.603,-48.561,77.042,,,,77.042,-1.121,75.921,,0.0,75.921,75.921,,239.108,0.32,0.32,0.32,257.379,0.3,0.3,0.3,
09/30/2003,608.504,,0.0,-495.148,,49.054,,113.356,-7.28,3.64,3.64,,0.0,,3.64,106.076,-38.699,67.377,0.0,,,67.377,-1.235,69.782,0.0,0.0,69.782,69.782,,239.965,0.29,0.29,0.29,251.863,0.28,0.28,0.28,
12/31/2003,698.466,,0.0,-577.323,,58.087,,121.143,-4.454,4.454,,,,,0.0,116.689,-44.238,72.451,,,,72.451,-1.14,71.311,,0.0,71.311,71.311,,241.322,0.295501,0.295501,2.42958,246.153,0.289702,0.289702,2.381897,
03/31/2004,774.329,,0.0,-621.36,,59.578,,152.969,-4.708,4.708,,,,,0.0,148.261,-56.391,91.87,,,,91.87,-1.395,90.475,,0.0,90.475,90.475,,242.901,0.37,0.37,0.37,247.163,0.37,0.37,0.37,
06/30/2004,754.827,,0.0,-605.433,,62.514,,149.394,-3.64,3.64,3.64,0.0,,,0.0,145.754,-54.891,90.863,,,,90.863,-1.58,89.283,,0.0,89.283,89.283,,243.175,0.37,0.37,0.37,247.136,0.36,0.36,0.36,
09/30/2004,738.189,,0.0,-613.315,,59.895,,124.874,-3.382,3.382,,,,,0.0,121.492,-45.861,75.631,,,,75.631,-1.601,74.03,0.0,0.0,74.03,74.03,,243.432,0.3,0.3,0.3,246.695,0.3,0.3,0.3,
12/31/2004,760.095,,0.0,-690.761,,62.086,,69.334,-3.218,3.218,,,,,0.0,66.116,-48.788,17.328,,,,17.328,-0.662,78.752,0.0,0.0,78.752,78.752,,243.714,0.32,0.32,0.32,247.379,0.32,0.32,0.32,
03/31/2005,852.875,,0.0,-751.178,,64.573,,101.697,-3.815,3.815,,,,,0.0,97.882,-61.793,36.089,,,,36.089,-0.899,99.763,0.0,0.0,99.763,99.763,,245.03,0.41,0.41,0.41,248.888,0.4,0.4,0.4,
06/30/2005,953.303,,0.0,-703.638,,105.412,,249.665,-2.852,2.852,,,0.0,,0.0,246.813,-53.791,193.022,0.0,,,193.022,-0.838,86.772,0.0,0.0,86.772,86.772,,246.785,0.35,0.35,0.39,250.654,0.35,0.35,0.39,
09/30/2005,917.186,,0.0,-787.368,,79.733,,129.818,-4.232,,4.225,,,,0.007,125.586,-48.679,76.907,0.965,,,75.942,-0.401,75.541,0.0,0.0,75.541,75.541,,240.964,0.31,0.31,0.31,244.697,0.31,0.31,0.31,
03/31/2006,1009.489,,0.0,-856.495,,82.732,,152.994,-11.401,8.402,,,,,2.999,141.593,-54.232,87.361,-0.51,,,87.871,-0.658,87.213,0.0,0.0,87.213,87.213,,240.686,0.36,0.36,0.37,243.42,0.36,0.36,0.37,
06/30/2006,996.866,,0.0,-858.822,,90.116,,138.044,-10.877,,11.288,,,,-0.411,127.167,-48.707,78.46,0.078,,,78.382,-1.077,77.305,0.0,0.0,77.305,77.305,,240.842,0.32,0.32,0.32,243.561,0.32,0.32,0.32,
09/30/2006,,,,,,,,,,,,,,,,103.061,,,-11.732,,,,,74.436,0.0,0.0,74.436,74.436,,240.605,0.31,0.26,0.27,243.24,0.31,0.26,0.27,
12/31/2006,741.916,,0.0,-809.322,,302.683,,-67.406,-6.13,,20.832,,0.0,,-14.702,-73.536,28.282,-45.254,10.963,,,-56.217,0.133,-56.205,0.0,0.0,-56.205,-56.205,,240.759,-0.23,-0.175366,-0.23,240.759,-0.23,-0.171917,0.06,
03/31/2007,988.528,,0.0,-844.105,,118.808,,144.423,-33.33,,33.242,,0.0,,0.088,111.093,-42.783,68.31,2.581,,,65.729,-0.69,65.039,0.0,0.0,65.039,65.039,,241.652,0.27,0.28,0.28,244.4,0.27,0.28,0.28,
06/30/2007,921.37,,0.0,-835.987,,142.734,,85.383,-59.039,,61.625,,0.0,,-2.586,26.344,-10.131,16.213,4.09,,,12.123,-0.217,11.906,0.0,0.0,11.906,11.906,,242.355,0.05,0.07,0.16,246.794,0.05,0.07,0.16,
09/30/2007,924.109,,0.0,-819.956,,122.707,,104.153,-63.702,,63.694,,0.0,,0.008,40.451,-14.922,25.529,-4.663,,,30.192,0.282,30.474,0.0,0.0,30.474,30.474,,242.463,0.12,0.1,0.1,245.137,0.12,0.1,0.1,
12/31/2007,943.777,,0.0,-845.368,,132.706,,98.409,-62.392,-2.163,63.321,-65.484,0.0,,64.555,36.017,-11.071,24.946,12.266,,,12.68,-0.22,12.46,0.0,0.0,12.46,12.46,,242.733,0.05,0.1,0.11,244.118,0.05,0.1,0.11,
03/31/2008,1023.534,,,-899.442,,128.97,,124.092,139.524,-1.127,64.294,-65.421,,,-138.397,263.616,-101.826,161.79,27.732,,,134.058,-0.8,133.258,0.0,0.0,133.258,133.258,-123.904,243.187,0.55,0.66,0.15,243.734,0.55,0.66,0.15,
06/30/2008,980.53,,,-876.809,,124.837,,103.721,-55.17,-2.721,62.956,-65.677,0.0,,57.891,48.551,-16.308,32.243,9.808,,,22.435,-5.385,17.05,0.0,0.0,17.05,17.05,-3.292,243.268,0.07,0.11,0.1,245.778,0.07,0.11,0.1,
09/30/2008,940.185,,,-858.261,,120.039,,81.924,-57.163,,59.716,,,,-2.553,24.761,-4.784,19.977,4.597,,,15.38,-4.569,10.811,,,10.811,10.811,,243.286,0.04,0.06,0.09,244.805,0.04,0.06,0.09,
12/31/2008,964.254,,,-878.133,,125.664,,86.121,-46.889,,58.473,,,,-11.584,39.232,-12.617,26.615,14.331,,,12.284,-5.254,7.03,0.0,0.0,7.03,7.03,-10.6392,243.485,0.03,0.09,0.0465,244.366,0.03,0.09,0.0465,
03/31/2009,1025.328,1025.328,0.0,-904.097,59.588,139.377,844.509,121.231,-38.367,,55.003,,,,-16.636,82.864,-29.691,53.173,0.604,0.604,0.0,52.569,-6.553,46.016,0.0,0.0,46.016,35.8417,-10.7783,244.774,0.19,0.19,0.146428,245.229,0.19,0.19,0.146048,
06/30/2009,995.016,995.016,0.0,-884.408,59.188,136.749,825.22,110.608,-52.124,,54.182,,,,-2.058,58.484,-20.206,38.278,-1.02,-1.02,0.0,39.298,-6.705,32.593,0.0,0.0,32.593,30.27365,-1.29935,244.834,0.13,0.13,0.12365,245.914,0.13,0.13,0.12365,
09/30/2009,978.158,978.158,0.0,-880.567,60.424,143.745,820.143,97.591,-53.801,,54.3,,,,-0.499,43.79,-12.495,31.295,-0.626,-0.626,0.0,31.921,-6.476,25.445,0.0,0.0,25.445,25.10695,0.28795,245.234,0.1,0.1,0.10238,247.514,0.1,0.1,0.101163,
12/31/2009,1039.152,1039.152,0.0,-929.996,61.034,,868.962,109.156,-52.895,,54.456,,,-10.4,8.839,56.261,-19.468,36.793,-3.36,-3.36,0.0,40.153,-6.025,34.128,0.0,0.0,34.128,31.2178,0.4498,246.648,0.14,0.13,0.126568,249.171,0.14,0.12,0.121805,
03/31/2010,1114.839,1114.839,0.0,-979.882,61.217,156.905,918.665,134.957,-51.108,,53.574,,,,-2.466,83.849,-29.983,53.866,0.447,0.447,0.0,53.419,-6.479,46.94,0.0,0.0,46.94,46.61025,-0.77675,247.555,0.19,0.19,0.188282,249.867,0.19,0.19,0.186891,
06/30/2010,1098.056,1098.056,0.0,-977.454,61.883,149.731,915.571,120.602,-49.795,,52.53,,,,-2.735,70.807,-25.094,45.713,0.0,0.0,0.0,45.713,-6.056,39.657,0.0,0.0,39.657,39.6024,-0.0546,248.39,0.16,0.16,0.159436,251.198,0.16,0.16,0.159436,
09/30/2010,1093.62,1093.62,0.0,-983.747,59.813,156.742,923.934,109.873,-49.92,,52.827,,,,-2.907,59.953,-19.947,40.006,0.126,0.126,0.0,39.88,-4.587,35.293,0.0,0.0,35.293,35.70175,0.28275,248.526,0.14,0.14,0.143654,250.972,0.14,0.14,0.141127,
12/31/2010,1182.603,1182.603,0.0,-1058.297,61.258,163.946,997.039,124.306,-52.053,,52.742,,,,-0.689,72.253,-26.041,46.212,12.976,12.976,0.0,33.236,-5.057,28.179,0.0,0.0,28.179,41.24145,0.08645,248.6,0.12,0.17,0.165895,252.372,0.11,0.16,0.160343,
03/31/2011,1254.76,1254.76,0.0,-1106.917,64.628,172.069,1042.289,147.843,-50.843,,51.037,,,,-0.194,97.0,-35.034,61.966,-0.146,-0.146,0.0,62.112,-6.588,55.524,0.0,0.0,55.524,55.339,-0.039,250.038,0.22,0.22,0.221322,253.727,0.22,0.22,0.219846,
06/30/2011,1224.566,1224.566,0.0,-1084.999,64.201,170.787,1020.798,139.567,-50.894,,51.033,,,,-0.139,88.673,-31.757,56.916,1.583,1.583,0.0,55.333,-6.722,48.611,0.0,0.0,48.611,50.86805,0.67405,251.765,0.19,0.2,0.202046,255.235,0.19,0.2,0.202046,
09/30/2011,1219.622,1219.622,0.0,-1100.712,65.605,178.873,1035.107,118.91,-46.819,,50.018,,,,-3.199,72.091,-22.387,49.704,-0.255,-0.255,0.0,49.959,-6.231,43.728,0.0,0.0,43.728,49.6961,6.2231,252.157,0.17,0.17,0.197084,255.124,0.17,0.17,0.194392,
12/31/2011,1388.647,1388.647,0.0,-1276.973,73.466,195.127,1203.507,111.674,-57.033,,70.659,,,,-13.626,54.641,-16.893,37.748,1.227,1.227,0.0,36.521,-5.674,30.847,0.0,0.0,30.847,40.5877,8.5137,252.175,0.13,0.13,0.160951,256.032,0.13,0.13,0.160951,
03/31/2012,1485.257,1485.257,0.0,-1328.726,78.394,201.261,1250.332,156.531,-85.813,,88.763,,,,-2.95,70.718,-24.727,45.991,1.395,1.395,0.0,44.596,-6.906,37.69,0.0,0.0,37.69,47.51005,1.51905,253.316,0.15,0.15,0.16029,255.699,0.15,0.15,0.155941,
06/30/2012,1471.978,1471.978,0.0,-1327.273,85.712,214.563,1241.561,144.705,-71.273,,75.166,,,,-3.893,73.432,-25.291,48.141,3.021,3.021,0.0,45.12,-8.166,36.954,0.0,0.0,36.954,48.0331,-0.1079,254.496,0.14,0.16,0.156651,256.03,0.14,0.16,0.156651,
09/30/2012,1438.859,1438.859,0.0,-1319.85,91.563,,1228.287,119.009,-50.329,,76.916,,,,-26.587,68.68,-19.663,49.017,1.389,1.389,0.0,47.628,-6.685,40.943,,,40.943,48.96695,-0.05005,254.516,0.16,0.16,0.166127,256.784,0.16,0.16,0.159805,
12/31/2012,1480.894,1480.894,0.0,-1380.448,93.225,234.565,1287.223,100.446,-13.446,,71.804,,,,-58.358,87.0,-31.691,55.309,1.812,1.812,0.0,53.497,-5.215,48.282,0.0,0.0,48.282,51.83405,1.74005,254.534,0.19,0.19,0.203643,258.322,0.19,0.19,0.196736,
03/31/2013,1482.962,1482.962,0.0,-1381.765,93.875,,1287.89,101.197,-63.712,,69.429,,,,-5.717,37.485,-9.718,27.767,0.0,0.0,0.0,27.767,-4.665,23.102,0.0,0.0,23.102,27.7085,-0.0585,256.152,0.09,0.09,0.08996,260.55,0.09,0.09,0.089775,
06/30/2013,1464.341,1464.341,0.0,-1402.791,96.464,240.926,1306.327,61.55,-44.865,,69.934,,,,-25.069,16.685,-4.662,12.023,0.0,0.0,0.0,12.023,-4.654,7.369,0.0,0.0,7.369,11.26315,-0.75985,258.522,0.03,0.03,0.025565,262.62,0.03,0.03,0.025565,
09/30/2013,1421.243,1421.243,0.0,-1490.483,99.351,255.436,1391.132,-69.24,-69.616,,70.747,,,,-1.131,-138.856,65.509,-73.347,0.0,0.0,0.0,-73.347,-23.298,-96.645,0.0,0.0,-96.645,-96.5683,0.0767,261.927,-0.37,-0.37,-0.368684,261.927,-0.37,-0.37,-0.369707,
12/31/2013,1483.545,,,,,,,165.5,,,,,,,,107.145,,65.8,,,,,,65.8,,,65.8,71.971,,,0.234,0.234,0.254,,0.234,0.234,0.254,
03/31/2014,1556.5,,,,,,,114.0,,,,,,,,68.0,,40.567,,,,,,40.567,,,40.567,44.5,,,0.153,0.153,0.156,,0.153,0.153,0.156,
