Date,Revenue,Sales & Services Revenue,Financing Revenue,Cost of Revenue,Cost of Goods & Services,Cost of Financing Revenue,Gross Profit,Other Operating Income,Operating Expenses,"Selling, General & Admin",Research & Development,Other Operating Expense,Operating Income (Loss),Non-Operating (Income) Loss,"Interest Expense, Net",Interest Expense,Interest Income,Other Investment (Inc) Loss,Foreign Exch (Gain) Loss,Other Non-Op (Income) Loss,Pretax Income,Income Tax Expense (Benefit),Income (Loss) from Cont Ops,Net Extraordinary Losses (Gains),Discontinued Operations,XO & Accounting Changes,Income (Loss) Incl. MI,Minority Interest,"Net Income, GAAP",Preferred Dividends,Other Adjustments,"Net Income Avail to Common, GAAP","Net Income Avail to Common, Adj",Net Abnormal Losses (Gains),Basic Weighted Avg Shares,"Basic EPS, GAAP",Basic EPS from Cont Ops,"Basic EPS from Cont Ops, Adjusted",Diluted Weighted Avg Shares,"Diluted EPS, GAAP",Diluted EPS from Cont Ops,"Diluted EPS from Cont Ops, Adjusted",Source: Bloomberg
12/31/1989,201.636993,,,,,,,,,,,,,,,,,,,,,,,,,,,,9.629,,,9.629,9.629,,276.59198,0.034375,0.034375,,276.59198,0.034375,0.034375,0.034375,
04/01/1990,217.565002,,,-159.807007,,,57.757996,,-33.255001,,,,24.503,-3.948,,2.833,,,,1.115,20.555,-8.479,12.076,0.0,,,12.076,0.0,12.076,0.0,,12.076,12.076,,284.191986,0.0425,0.0425,,284.191986,0.0425,0.0425,0.0425,
07/01/1990,249.690002,,,-183.326996,,,66.363007,,-34.362999,,,,32.0,-4.087,,2.747,,,,1.34,27.913,-11.847,16.066,0.648,,,15.418,0.0,15.418,0.0,,15.418,15.418,,284.735992,0.054375,0.056875,,284.735992,0.054375,0.056875,0.056875,
09/30/1990,203.076996,,,-152.225998,,,50.850998,,-37.247002,,,,13.604,-3.151,,2.135,,,,1.016,10.453,-3.232,7.221,0.766,,,6.455,0.0,6.455,0.0,,6.455,6.455,,284.735992,0.0225,0.025,,284.735992,0.0225,0.025,0.025,
12/31/1990,194.268,,,-140.191,,,54.077,,-40.809,,,,13.268,-9.572,,3.722,,,,5.85,3.696,-0.751,2.945,-0.936,,,3.881,0.0,3.881,0.0,,3.881,3.881,,284.767968,0.01375,0.010625,0.010625,284.767968,0.01375,0.010625,0.010625,
03/31/1991,196.201004,,,-150.436005,,,45.764999,,-35.935001,,,,9.83,-2.41,,2.036,,,,0.374,7.42,-2.9,4.52,0.0,,,4.52,0.0,4.52,0.0,,4.52,4.52,,284.976013,0.015625,0.015625,,284.976013,0.015625,0.015625,0.015625,
06/30/1991,265.324005,,,-196.149994,,,69.174011,,-39.636002,,,,29.538,-2.888,,2.001,,,,0.887,26.65,-10.35,16.299999,0.0,,,16.3,0.0,16.299999,0.0,,16.299999,16.299999,,290.287994,0.05625,0.05625,,290.287994,0.05625,0.05625,0.05625,
09/29/1991,240.626007,,,-181.783005,,,58.843002,,-42.576,,,,16.267,-2.944,,2.714,,,,0.23,13.323,-4.4,8.923,0.0,,,8.923,0.0,8.923,0.0,,8.923,8.923,,291.519989,0.030625,0.030625,,291.519989,0.030625,0.030625,0.030625,
12/31/1991,237.712,,,-177.771,,,59.941,,-46.931,,,,13.01,-2.309,,1.511,,,,0.798,10.701,-3.472,7.229,0.0,,,7.229,0.0,7.229,0.0,,7.229,7.229,,271.776,0.026875,0.026875,0.026875,271.776,0.026875,0.026875,0.026875,
03/29/1992,247.421997,,,-185.136002,,,62.285995,,-45.575001,,,,16.711,-2.33,,1.446,,,,0.884,14.381,-5.637,8.744,0.0,,,8.744,0.0,8.744,0.0,,8.744,8.744,,289.455994,0.03,0.03,,289.455994,0.03,0.03,0.03,
06/28/1992,273.949005,,,-201.891998,,,72.057007,,-40.410999,,,,31.646,-1.867,,1.456,,,,0.411,29.779,-12.018,17.761,0.388,,,17.373,0.0,17.372999,0.0,,17.372999,17.372999,,290.368011,0.06,0.06125,,290.368011,0.06,0.06125,0.06125,
09/27/1992,271.75,,,-199.128006,,,72.621994,,-48.620998,,,,24.000999,-3.086,,1.087,,,,1.999,20.914999,-7.716,13.199,0.0,,,13.198999,0.0,13.199,0.0,,13.199,13.199,,290.488007,0.045,0.045,,290.488007,0.045,0.045,0.045,
12/31/1992,312.163,,,-222.715,,,89.448,,-64.609,,,,24.839,-1.105,,1.879,,,,-0.774,23.734,-9.265,14.469,0.0,,,14.469,0.0,14.469,0.0,,14.469,14.469,,284.2,0.05125,0.05125,0.05125,322.6,0.045,0.045,0.045,
03/28/1993,269.584991,,,-194.130005,,,75.454987,,-50.285,,,,25.17,-0.143,,0.481,,,,-0.338,25.027,-9.886,15.141,30.327999,,,-15.186999,0.0,-15.187,0.0,,-15.187,-15.187,,303.208008,-0.05,0.05,,303.208008,-0.05,0.05,0.05,
06/27/1993,334.377991,,,-243.524994,,,90.852997,,-50.787998,,,,40.064999,0.091,,0.261,,,,-0.352,40.155999,-16.361,23.795,0.0,,,23.794999,0.0,23.795,0.0,,23.795,23.795,,303.623993,0.07875,0.07875,,303.623993,0.07875,0.07875,0.07875,
09/26/1993,284.376007,,,-208.201004,,,76.175003,,-48.32,,,,27.855,-0.769,,0.073,,,,0.696,27.086,-10.661,16.424999,0.0,,,16.424999,0.0,16.424999,0.0,,16.424999,16.424999,,303.743988,0.05375,0.05375,,303.743988,0.05375,0.05375,0.05375,
12/31/1993,329.089,,,-234.413,,,94.676,,-60.936,,,,33.74,-59.494,,1.23,,,,58.264,-25.754,-11.164,-36.918,0.0,,,-36.918,0.0,-36.918,0.0,,-36.918,-36.918,,305.424,-0.12125,-0.12125,-0.12125,305.424,-0.12125,-0.12125,-0.12125,
03/31/1994,258.600006,,,-181.800003,,,76.800003,,,,,,76.800003,,,,,,,,,,21.0,0.0,,,,0.0,21.0,0.0,,21.0,21.0,,,0.03375,0.03375,,,0.03375,0.03375,0.03375,
06/26/1994,296.899994,,,-203.300003,,,93.599991,,,,,,93.599998,,,,,,,,,,27.5,-7.1,,,,0.0,34.599998,0.0,,34.599998,34.599998,,,0.0575,0.045,,,0.0575,0.045,0.045,
09/25/1994,291.899994,,,-201.600006,,,90.299988,,,,,,90.300003,,,,,,,,,,22.5,-1.1,,,,0.0,23.6,0.0,,23.6,23.6,,,0.0775,0.075,,,0.0775,0.075,0.075,
12/31/1994,412.693,,,-301.389,,,111.304,,-70.519,,,,40.785,-0.029,,2.019,,,,-1.99,40.756,-15.691,25.065,0.0,,,25.065,0.0,25.065,0.0,,25.065,25.065,,304.792,0.0825,0.0825,0.0825,304.792,0.0825,0.0825,0.0825,
03/26/1995,294.885986,,,-204.494995,,,90.390991,,-51.785,,,,38.605999,-0.973,,,,,,0.973,37.632999,-13.818,23.815001,0.184,,,23.630999,0.0,23.631001,0.0,,23.631001,23.631001,,304.23999,0.0775,0.0775,0.0775,304.23999,0.0775,0.0775,0.0775,
06/25/1995,355.631012,,,-245.889999,,,109.741013,,-57.339001,,,,52.402,-0.148,,0.281,,,,-0.133,52.254,-19.061001,33.193001,-0.189,,,33.382,0.0,33.382,0.0,,33.382,33.382,,299.003998,0.1125,0.1125,0.1125,299.003998,0.1125,0.1125,0.1125,
09/24/1995,327.100006,,,-230.300003,,,96.800003,,-58.550999,,,,38.249001,,,,,,,,,,23.5,-0.2,,,,0.0,23.712999,0.0,,23.712999,23.712999,,299.104004,0.08,0.08,0.08,299.104004,0.08,0.08,0.08,
12/31/1995,372.899994,,,-258.399994,,,114.5,,-66.547997,,,,47.952,,,,,,,,,,30.6,-1.2,,,,0.0,31.778,0.0,,31.778,31.778,,299.200012,0.105,0.1,0.1,299.200012,0.105,0.1,0.1,
03/31/1996,371.050995,,,-255.274002,,,115.776993,,-61.751999,,,,54.025002,-1.654,,,,,,1.654,52.371001,-19.377001,32.993999,0.0,,,32.994001,0.0,32.993999,0.0,,32.993999,32.993999,,299.944,0.11,0.11,0.11,300.451996,0.11,0.11,0.11,
06/30/1996,392.803986,,,-267.942993,,,124.860992,,-63.742001,,,,61.118999,2.293,,,,,,-2.293,63.411999,-23.464001,39.948002,0.0,,,39.947999,0.0,39.948002,0.0,,39.948002,39.948002,,301.899994,0.13,0.13,0.13,301.899994,0.13,0.13,0.13,
09/29/1996,385.842987,,,-265.375,,,120.467987,,-71.290001,,,,49.178001,3.508,,,,,,-3.508,52.686001,-19.482,33.203999,0.0,,,33.204001,0.0,33.203999,0.0,,33.203999,33.203999,,301.855988,0.11,0.11,0.11,302.220001,0.11,0.11,0.11,
12/31/1996,381.529,,,-252.541,,,128.988,,-72.665,,,,56.323,2.83,,,,,,-2.83,59.153,-21.89,37.263,-22.619,,,59.882,0.0,59.882,0.0,,59.882,59.882,,301.772,0.1975,0.1225,0.1225,318.836,0.1875,0.1175,0.1175,
03/30/1997,427.095001,,,-288.881012,,,138.213989,,-75.566002,,,,62.647999,1.389,,,,,,-1.389,64.036999,-23.695,40.341999,0.0,,,40.341999,0.0,40.341999,0.0,,40.341999,40.341999,,302.515991,0.135,0.135,0.135,306.660004,0.13,0.13,0.13,
06/29/1997,444.084991,,,-293.765991,,,150.319,,-79.875,,,,70.444,7.626,,,,,,-7.626,78.07,-28.886,49.183998,0.0,,,49.184,0.0,49.183998,0.0,,49.183998,49.183998,,302.812012,0.16,0.16,0.16,307.208008,0.16,0.16,0.16,
09/28/1997,444.221985,,,-299.044006,,,145.177979,,-83.925003,,,,61.252998,3.984,,,,,,-3.984,65.236998,-24.138,41.098999,0.0,,,41.098998,0.0,41.098999,0.0,,41.098999,41.098999,,303.584015,0.135,0.135,0.135,308.355988,0.135,0.135,0.135,
12/31/1997,447.167,,,-294.661,,,152.506,,-89.203,,,,63.303,5.654,,,,,,-5.654,68.957,-25.513,43.444,0.0,,,43.444,0.0,43.444,0.0,,43.444,43.444,,304.3,0.145,0.145,0.145,308.962,0.14,0.14,0.14,
03/29/1998,466.527008,,,-316.652008,,,149.875,,-79.068001,,,,70.806999,-0.415,,,,,,0.415,70.391999,-25.694,44.698002,0.0,,,44.697999,0.0,44.698002,0.0,,44.698002,44.698002,,303.667999,0.145,0.145,0.145,308.402008,0.145,0.145,0.145,
06/28/1998,517.164001,,,-339.635986,,,177.528015,,-96.643997,,,,80.884003,6.36,,,,,,-6.36,87.244003,-31.843,55.401001,0.0,,,55.401002,0.0,55.401001,0.0,,55.401001,55.401001,,303.859985,0.18,0.18,0.18,309.089996,0.18,0.18,0.18,
09/27/1998,517.197998,,,-346.05899,,,171.139008,,-94.598999,,,,76.540001,5.942,,,,,,-5.942,82.482001,-30.110001,52.372002,0.0,,,52.372,0.0,52.372002,0.0,,52.372002,52.372002,,304.868011,0.17,0.17,0.17,309.806,0.17,0.17,0.17,
12/31/1998,563.067017,,,-370.938995,,,192.128021,,-106.954002,,,,85.174004,10.937,,,,,,-10.937,96.111004,-35.082001,61.028999,0.0,,,61.029003,0.0,61.028999,0.0,,61.028999,61.028999,,305.350006,0.2,0.2,0.2,310.10199,0.195,0.195,0.195,
03/28/1999,558.567,,,-369.433,,,189.134,,-100.459,,,,88.675,4.309,-1.489,,,,,-2.82,92.984,-33.94,59.044,0.0,,,59.044,0.0,59.044,0.0,,59.044,59.044,,306.092,0.195,0.195,0.195,311.372,0.19,0.19,0.19,
06/27/1999,608.716,,,-395.722,,,212.994,,-115.478,,,,97.516,10.46899,-1.992,,,,,-8.47699,107.98499,-39.415,68.57,0.0,,,68.56999,0.0,68.57,0.0,,68.57,68.57,,306.162,0.225,0.225,0.225,311.212,0.22,0.22,0.22,
09/26/1999,623.193,,,-418.535,,,204.658,,-110.775,,,,93.883,9.048,-2.09,,,,,-6.958,102.931,-37.569,65.362,0.0,,,65.362,0.0,65.362,0.0,,65.362,65.362,,304.392,0.215,0.215,0.215,309.208,0.21,0.21,0.21,
12/31/1999,662.463,,,-433.563,,,228.9,,-120.8,,,,108.1,8.793,-2.443,,,,,-6.35,116.893,-42.668,74.22461,0.0,,,74.225,0.0,74.225,0.0,,74.225,74.225,,302.528,0.245,0.245,0.245,307.244,0.24,0.24,0.24,
03/26/2000,681.112976,,,-449.808014,,,231.304962,,-121.669998,,,,109.635002,24.794001,-2.872,,,,,-21.922001,134.429003,-54.202,80.226997,0.0,,,80.227003,0.0,80.226997,0.0,0.0,80.226997,80.226997,,302.89801,0.26,0.26,0.24,307.712006,0.26,0.26,0.24,
06/25/2000,754.973,,,-497.827,,,257.146,,-132.177,,,,124.969,14.895,-3.424,,,,,-11.471,139.864,-49.277,90.587,0.0,,,90.587,0.0,90.587,0.0,0.0,90.587,90.587,,303.337,0.3,0.3,0.3,308.104,0.29,0.29,0.29,
09/24/2000,714.119,,,-474.505,,,239.614,,-125.194,,,,114.42,14.32,-5.323,,,,,-8.997,128.74,-45.702,83.038,0.0,,,83.038,0.0,83.038,0.0,0.0,83.038,83.038,,302.674,0.27,0.27,0.27,307.612,0.27,0.27,0.27,
12/31/2000,756.16,,,-493.407,,,262.753,,-133.983,,,,128.77,16.753,-5.964,,,,,-10.789,145.523,-51.662,93.861,0.0,,,93.861,0.0,93.861,0.0,0.0,93.861,93.861,,302.56,0.31,0.31,0.31,307.158,0.31,0.31,0.31,
03/25/2001,809.875,,,-550.998,,,258.877,,-121.144,,,,137.733,3.879,-4.8,,-4.8,,,0.921,141.612,-49.564,92.048,,,,92.048,,92.048,,,92.048,92.048,,301.922,0.3,0.3,0.3,306.063,0.3,0.3,0.3,
06/24/2001,914.329,,,-602.548,,,311.781,,-138.671,,,,173.11,4.777,-4.8,,-4.8,,,0.023,177.887,-62.26,115.627,,,,115.627,,115.627,,,115.627,115.627,,302.621,0.38,0.38,0.38,306.569,0.38,0.38,0.38,
09/23/2001,909.176,,,-595.443,,,313.733,,-144.527,,,,169.206,2.674,-4.499,,,,,1.825,171.88,-60.159,111.721,,,,111.721,,111.721,,,111.721,111.721,,303.108,0.37,0.37,0.37,306.818,0.36,0.36,0.36,
12/31/2001,905.887,,,-593.004,,,312.883,,-119.446,,,,193.437,-11.361,-3.386,,,,,14.747,182.076,-63.726,118.35,0.0,,,118.35,0.0,118.35,0.0,0.0,118.35,118.35,,302.343,0.39,0.39,0.39,305.512,0.39,0.39,0.39,
03/31/2002,927.845,,,-612.568,,,315.277,,-145.705,,,,169.572,13.632,-2.2,,-2.2,,,-11.432,183.204,-63.206,119.998,0.0,,,119.998,0.0,119.998,0.0,0.0,119.998,119.998,,302.475,0.4,0.4,0.4,305.618,0.39,0.39,0.39,
06/30/2002,1001.094,,,-666.006,,,335.088,,-155.811,,,,179.277,41.089,-4.4,,-4.4,,,-36.689,220.366,-76.025,144.341,0.0,,,144.341,0.0,144.341,0.0,0.0,144.341,144.341,,302.209,0.48,0.48,0.48,305.194,0.47,0.47,0.47,
09/29/2002,1135.499,,,-738.649,,,396.85,,-177.055,,,,219.795,32.14,-4.894,,,,,-27.246,251.935,-86.918,165.017,0.0,,,165.017,0.0,165.017,0.0,0.0,165.017,165.017,,302.109,0.55,0.55,0.55,304.783,0.54,0.54,0.54,
12/31/2002,1026.532,,,-655.906,,,370.626,,-160.795,,,,209.831,20.491,-5.047,0.0,,,0.0,-15.444,230.322,-79.461,150.861,0.0,,,150.861,0.0,150.861,0.0,0.0,150.861,150.861,,302.395,0.5,0.5,0.5,305.037,0.49,0.49,0.49,
03/30/2003,1113.691,,,-710.659,,,403.032,,-167.88,,,,235.152,49.098,-5.957,,-5.957,,,-43.141,284.25,-98.066,186.184,0.0,,,186.184,0.0,186.184,0.0,0.0,186.184,186.184,,302.364,0.62,0.62,0.62,304.56,0.61,0.61,0.61,
06/29/2003,1218.872,,,-775.654,,,443.218,,-180.648,,,,262.57,46.195,-6.388,,,,,-39.807,308.765,-106.523,202.242,0.0,,,202.242,0.0,202.242,0.0,0.0,202.242,202.242,,302.164,0.67,0.67,0.67,304.339,0.66,0.66,0.66,
09/28/2003,1133.641,,,-730.351,,,403.29,,-164.684,,,,238.606,51.578,-5.64,,,,,-45.938,290.184,-100.112,190.072,0.0,,,190.072,0.0,190.072,0.0,0.0,190.072,190.072,,302.313,0.63,0.63,0.63,304.58,0.62,0.62,0.62,
12/31/2003,1158.07,,,-742.044,,,416.026,,-167.488,,,,248.538,34.298,-5.103,,,,,-29.195,282.836,-100.406,182.43,0.0,,,182.43,0.0,182.43,0.0,0.0,182.43,182.43,,302.244,0.6,0.6,0.6,304.404,0.6,0.6,0.6,
03/28/2004,1165.7,,,-725.572,,,440.128,,-177.52,,,,262.608,54.57,-4.97,,,,,-49.6,317.178,-112.599,204.579,0.0,,,204.579,0.0,204.579,0.0,0.0,204.579,204.579,,297.832,0.69,0.69,0.69,299.932,0.68,0.68,0.68,
06/27/2004,1327.81,,,-824.392,,,503.418,,-173.367,,,,330.051,53.271,,,,,,-53.271,383.322,-136.079,247.243,0.0,,,247.243,0.0,247.243,0.0,0.0,247.243,247.243,,294.304,0.84,0.84,0.84,296.396,0.83,0.83,0.83,
09/26/2004,1300.684,,,-806.116,,,494.568,,-191.328,,,,303.24,51.773,,,,,,-51.773,355.013,-126.03,228.983,0.0,,,228.983,0.0,228.983,0.0,0.0,228.983,228.983,,294.031,0.78,0.78,0.78,295.824,0.77,0.77,0.77,
12/31/2004,1221.0,,,-759.575012,,,461.424988,,-184.429001,,,,276.993011,40.180998,,6.800001,,,,-46.980999,317.174009,-115.012001,208.962006,0.0,,,202.162008,0.0,208.962006,0.0,0.0,208.962006,208.962006,,294.01001,0.71,0.71,0.71,295.410004,0.71,0.71,0.71,
03/27/2005,1324.276,,,-806.434,,,517.842,0.0,-172.7,172.7,,0.0,345.142,7.129,-25.1,8.9,-34.0,,,17.971,352.271,-125.056,227.215,0.0,,,227.215,0.0,227.215,0.0,0.0,227.215,227.215,,293.148,0.78,0.78,0.78,294.161,0.77,0.77,0.77,
06/26/2005,1333.264038,,,-832.830017,,,500.434021,,-137.074997,,,,363.359009,4.688999,-23.299999,9.1,-32.400002,,,18.611002,368.048008,-130.656998,237.391006,0.0,,,237.39101,0.0,237.391006,0.0,0.0,237.391006,237.391006,,280.576996,0.85,0.85,0.85,281.181,0.84,0.84,0.84,
09/25/2005,1512.594971,,,-869.879028,,,642.715942,,-231.854004,,,,410.862,-0.079,-20.6,8.1,-28.700001,,,20.679001,410.782999,-145.828995,264.95401,0.0,,,264.954004,0.0,264.95401,0.0,0.0,264.95401,264.95401,,274.415009,0.97,0.97,0.97,275.459991,0.96,0.96,0.96,
12/31/2005,1503.697021,,,-932.570007,,,571.127014,,-220.479004,,,,350.64801,6.008999,-24.669001,10.1,-34.769001,,,18.660002,356.657009,-126.612999,230.044006,0.0,,,230.04401,0.0,230.044006,0.0,0.0,230.044006,230.044006,,273.071991,0.84,0.84,0.84,273.338013,0.84,0.84,0.84,
03/26/2006,1380.991,,,-836.146,,,544.845,0.0,-185.659,185.659,,0.0,359.186,7.317,-27.3,15.1,-42.4,,,19.983,366.503,-131.94,234.563,0.0,,,234.563,0.0,234.563,0.0,0.0,234.563,234.563,,272.966,0.86,0.86,0.86,273.623,0.86,0.86,0.86,
06/25/2006,1377.046997,,,-860.721008,,,516.325989,,-141.852005,,,,374.473999,5.884999,-24.799999,14.7,-39.5,,,18.915001,380.358998,-136.929001,243.429993,0.0,,,243.429997,0.0,243.429993,0.0,0.0,243.429993,243.429993,,267.487,0.91,0.91,0.91,268.130005,0.91,0.91,0.91,
09/24/2006,1733.26001,,,-983.661011,,,749.598999,,-265.612,,,,483.987,4.659,-24.200001,13.5,-37.700001,,,19.541,488.646,-175.912003,312.734009,0.0,,,312.733997,0.0,312.734009,0.0,0.0,312.734009,312.734009,,260.269989,1.2,1.2,1.2,261.229004,1.2,1.2,1.2,
12/31/2006,1694.279,,,-1061.478,,,632.801,,-253.295,,,,379.506,2.126001,,7.099999,-90.304,,,81.078,381.632001,-136.306,252.426,0.0,,,245.326001,0.0,252.426,0.0,0.0,252.426,252.426,,258.138,0.97,0.97,0.97,259.158,0.96,0.96,0.96,
04/01/2007,1288.037964,,,-806.054993,,,481.982971,,-192.570999,,,,289.411987,8.743999,-29.6,21.1,-50.700001,,,20.856001,298.155987,-105.846001,192.309998,0.0,,,192.309986,0.0,192.309998,0.0,0.0,192.309998,192.309998,,257.325989,0.75,0.75,0.75,258.15799,0.74,0.74,0.74,
07/01/2007,1620.218018,,,-1015.051025,,,605.166992,,-160.134995,,,,445.032013,5.334999,-27.4,18.0,-45.400002,,,22.065002,450.367012,-159.876999,290.48999,0.0,,,290.490013,0.0,290.48999,0.0,0.0,290.48999,290.48999,,253.154999,1.15,1.15,1.15,254.016998,1.14,1.14,1.14,
09/30/2007,1639.871948,,,-999.049988,,,640.82196,,-235.360001,,,,405.462006,5.352999,-24.4,19.200001,-43.599998,,,19.046999,410.815004,-145.848999,264.966003,0.0,,,264.966005,0.0,264.966003,0.0,0.0,264.966003,264.966003,,247.057007,1.07,1.07,1.07,247.613998,1.07,1.07,1.07,
12/31/2007,1594.916,,,-996.619,,,598.297,,-312.642,,,,285.655,2.826,-33.903,23.2,-57.103,,,31.077,288.481,-102.404,186.077,0.0,,,186.077,0.0,186.077,0.0,0.0,186.077,186.077,,239.39,0.78,0.78,0.78,239.845,0.78,0.78,0.78,
03/30/2008,1399.602,,,-888.558,,,511.044,,-219.991,219.991,,0.0,291.053,2.042,-30.7,24.6,-55.3,,0.0,28.658,293.095,-105.514,187.581,0.0,,,187.581,0.0,187.581,0.0,0.0,187.581,187.581,,237.078,0.79,0.79,0.79,237.25,0.79,0.79,0.79,
06/29/2008,1679.409,,,-1080.338,,,599.071,,-253.208,253.208,,0.0,345.863,2.24,-34.4,28.0,-62.4,,0.0,32.16,348.103,-125.316,222.787,0.0,,,222.787,0.0,222.787,0.0,0.0,222.787,222.787,,235.067,0.95,0.95,0.95,235.314,0.95,0.95,0.95,
09/28/2008,1534.8,,,-1015.095,,,519.705,,-251.703,251.703,,0.0,268.002,1.525,-42.3,37.5,-79.8,,0.0,40.775,269.527,-102.986,166.541,0.0,,,166.541,0.0,166.541,0.0,0.0,166.541,166.541,,233.081,0.71,0.71,0.78,233.42,0.71,0.71,0.78,
12/31/2008,1342.918,,,-959.559,,,383.359,0.0,-246.046,246.046,,0.0,137.313,0.725,,3.316,,,,-4.041,138.038,-46.094,91.944,14.135,,,77.809,0.0,77.809,0.0,0.0,77.809,77.809,0.0,231.786,0.34,0.4,0.4,232.037,0.34,0.4,0.4,
03/29/2009,1383.099,1278.432,104.667,-863.997,804.386,59.611,519.102,0.0,-276.884,242.022,,34.862,242.218,-7.793,9.746,9.746,0.0,-1.953,,0.0,234.425,-106.372,128.053,10.706,10.706,0.0,117.347,0.0,117.347,0.0,0.0,117.347,189.9183,61.8653,232.263,0.51,0.55,0.817686,232.65,0.5,0.55,0.815916,
06/28/2009,1259.701,1135.734,123.967,-903.132,748.539,154.593,356.569,0.0,-272.882,229.364,,43.518,83.687,-0.523,-105.319,0.84,-106.159,-0.317,,106.159,83.164,-49.787,33.377,13.627,13.627,0.0,19.75,0.0,19.75,0.0,0.0,19.75,81.37125,47.99425,232.616,0.08,0.14,0.349809,233.52,0.08,0.14,0.345525,
09/27/2009,1245.458,1108.465,136.993,-874.95,738.331,136.619,370.508,0.0,-271.399,219.45,,51.949,99.109,0.065,-112.929,0.882,-113.811,-0.947,,113.811,99.174,-42.793,56.381,29.898,29.898,0.0,26.483,0.0,26.483,0.0,0.0,26.483,114.21215,57.83115,232.677,0.11,0.24,0.490861,233.875,0.11,0.24,0.487274,
12/31/2009,893.651,764.499,129.152,-743.856,609.678,134.178,149.795,0.0,-378.723,256.387,,122.336,-228.928,-9.175,-107.812,10.212,-118.024,-1.037,,118.024,-238.103,90.933,-147.17,71.526,71.526,0.0,-218.696,0.0,-218.696,0.0,0.0,-218.696,-67.6516,79.5184,232.72,-0.94,-0.63,-0.2907,232.72,-0.94,-0.63,-0.2907,
03/28/2010,1207.172,1037.335,169.837,-770.797,657.788,113.009,436.375,0.0,-283.586,235.35,,48.236,152.789,-22.579,-136.557,23.455,-160.012,-0.876,,160.012,130.21,-61.469,68.741,35.416,35.416,0.0,33.325,0.0,33.325,0.0,0.0,33.325,100.0944,31.3534,232.864,0.14,0.3,0.429841,234.228,0.14,0.29,0.423858,
06/27/2010,1308.806,1135.101,173.705,-816.5,738.117,78.383,492.306,0.0,-273.554,243.429,,30.125,218.752,-22.04,-136.454,23.591,-160.045,-1.551,,160.045,196.712,-57.425,139.287,68.13,68.13,0.0,71.157,0.0,71.157,0.0,0.0,71.157,158.86825,19.58125,233.314,0.3,0.6,0.68092,234.853,0.3,0.59,0.673377,
09/26/2010,1259.96,1087.115,172.845,-798.138,707.309,90.829,461.822,0.0,-309.452,241.976,,67.476,152.37,-21.863,-136.593,23.102,-159.695,-1.239,,159.695,130.507,-36.79,93.717,4.888,4.888,0.0,88.829,0.0,88.829,0.0,0.0,88.829,137.5764,43.8594,233.504,0.38,0.4,0.589182,234.786,0.38,0.4,0.586806,
12/31/2010,1083.398,917.076,166.322,-768.854,646.01,122.844,314.544,0.0,-277.824,260.153,,17.671,36.72,-103.68,-135.246,20.209,-155.455,-1.776,,240.702,-66.96,24.884,-42.076,4.69,4.69,0.0,-46.766,0.0,-46.766,0.0,0.0,-46.766,24.8207,66.8967,233.535,-0.2,-0.18,0.106283,233.535,-0.2,-0.18,0.106283,
03/27/2011,1224.93,1063.044,161.886,-774.819,711.178,63.641,450.111,0.0,-257.114,234.115,,22.999,192.997,-10.083,-137.944,11.481,-149.425,-1.398,,149.425,182.914,-63.654,119.26,0.0,0.0,0.0,119.26,0.0,119.26,0.0,0.0,119.26,134.20935,14.94935,233.82,0.51,0.51,0.573986,235.903,0.51,0.51,0.573371,
06/26/2011,1505.597,1339.744,165.853,-921.677,871.476,50.201,583.92,0.0,-282.018,268.424,,13.594,301.902,-9.602,-139.19,11.35,-150.54,-1.748,,150.54,292.3,-101.72,190.58,0.0,0.0,0.0,190.58,0.0,190.58,0.0,0.0,190.58,194.61715,4.03715,234.336,0.81,0.81,0.830505,236.168,0.81,0.81,0.827094,
09/25/2011,1397.256,1232.699,164.557,-885.404,817.308,68.096,511.852,0.0,-269.164,256.735,,12.429,242.688,-8.791,-139.591,11.27,-150.861,-2.479,,150.861,233.897,-50.303,183.594,0.0,0.0,0.0,183.594,0.0,183.594,0.0,0.0,183.594,197.309,13.715,233.8,0.79,0.79,0.843922,235.861,0.78,0.78,0.838149,
12/31/2011,1183.93,1026.777,157.153,-806.662,706.326,100.336,377.268,0.0,-284.888,265.918,,18.97,92.38,-8.827,-136.684,11.165,-147.849,-2.338,,147.849,83.553,-28.909,54.644,-51.036,-51.036,0.0,105.68,0.0,105.68,0.0,0.0,105.68,66.9745,12.3305,229.827,0.46,0.24,0.291413,231.968,0.46,0.24,0.291413,
04/01/2012,1429.691,1273.369,156.322,-877.129,816.859,60.27,552.562,0.0,-277.104,265.653,,11.451,275.458,-9.562,-132.484,11.495,-143.979,-1.933,,143.979,265.896,-93.861,172.035,0.0,0.0,0.0,172.035,0.0,172.035,0.0,0.0,172.035,179.47815,7.44315,228.988,0.75,0.75,0.783788,231.284,0.74,0.74,0.772182,
07/01/2012,1729.66,1569.047,160.613,-1048.683,1005.23,43.453,680.977,0.0,-289.464,283.244,,6.22,391.513,-9.364,-133.235,11.595,-144.83,-2.231,,144.83,382.149,-134.899,247.25,0.0,0.0,0.0,247.25,0.0,247.25,0.0,0.0,247.25,251.293,4.043,228.838,1.08,1.08,1.098126,230.923,1.07,1.07,1.087508,
09/30/2012,1250.295,1089.268,161.027,-766.664,711.364,55.3,483.631,0.0,-266.529,257.359,,9.17,217.102,-9.991,-136.2,11.438,-147.638,-1.447,,147.638,207.111,-73.11,134.001,0.0,0.0,0.0,134.001,0.0,134.001,0.0,0.0,134.001,139.9615,5.9605,226.02,0.59,0.59,0.619244,227.989,0.59,0.59,0.616144,
12/31/2012,1170.86,1010.898,159.962,-785.914,688.941,96.973,384.946,0.0,-268.843,267.209,,1.634,116.103,-9.747,-131.609,11.505,-143.114,-1.758,0.0,143.114,106.356,-35.717,70.639,0.0,0.0,0.0,70.639,0.0,70.639,0.0,0.0,70.639,71.7011,1.0621,224.635,0.31,0.31,0.319189,226.726,0.31,0.31,0.314685,
03/31/2013,1571.213,1414.248,156.965,-948.47,894.806,53.664,622.743,0.0,-274.437,271.499,,2.938,348.306,-9.776,-132.556,11.391,-143.947,-1.615,,143.947,338.53,-114.401,224.129,0.0,0.0,0.0,224.129,0.0,224.129,0.0,0.0,224.129,226.0387,1.9097,224.429,1.0,1.0,1.007172,226.148,0.99,0.99,0.998444,
06/30/2013,1794.307,1631.466,162.841,-1086.399,1029.596,56.803,707.908,0.0,-276.087,281.384,,-5.297,431.821,-9.468,-133.546,11.238,-144.784,-1.77,,144.784,422.353,-150.614,271.739,0.0,0.0,0.0,271.739,0.0,271.739,0.0,0.0,271.739,271.5115,-0.2275,223.052,1.22,1.22,1.217257,224.47,1.21,1.21,1.208987,
09/29/2013,1343.718,1180.284,163.434,-818.517,763.969,54.548,525.201,0.0,-273.662,273.016,,0.646,251.539,-10.208,-136.795,11.369,-148.164,-1.161,,148.164,241.331,-78.615,162.716,0.0,0.0,0.0,162.716,0.0,162.716,0.0,0.0,162.716,163.1359,0.4199,221.936,0.73,0.73,0.735058,223.486,0.73,0.73,0.731879,
12/31/2013,1190.634,1032.292,158.342,-804.565,707.547,97.018,386.069,0.0,-264.033,264.451,0.0,-0.418,122.036,-9.945,-135.021,11.258,-146.279,-1.313,0.0,146.279,112.091,-36.682,75.409,0.0,0.0,0.0,75.409,0.0,75.409,0.0,0.0,75.409,75.1373,-0.2717,220.546,0.34,0.34,0.340688,222.241,0.34,0.34,0.338777,
03/30/2014,1726.048,1571.688,154.36,-1038.745,979.557,59.188,687.303,0.0,-276.421,276.421,,0.0,410.882,-2.018,-137.72,3.677,-141.397,-1.659,,141.397,408.864,-142.947,265.917,0.0,0.0,0.0,265.917,0.0,265.917,0.0,0.0,265.917,265.917,0.0,218.986,1.21,1.21,1.21,220.493,1.21,1.21,1.21,
06/29/2014,2000.699,1834.285,166.414,-1166.848,1110.146,56.702,833.851,0.0,-286.156,286.156,,0.0,547.695,1.379,-148.116,0.393,-148.509,-1.772,,148.509,549.074,-194.921,354.153,0.0,0.0,0.0,354.153,0.0,354.153,0.0,0.0,354.153,354.89725,0.74425,217.762,1.63,1.63,1.629748,219.161,1.62,1.62,1.623396,
09/28/2014,1301.604,1130.558,171.046,-797.596,735.958,61.638,504.008,0.0,-279.935,279.935,,0.0,224.073,1.432,-153.159,0.077,-153.236,-1.509,,153.236,225.505,-75.439,150.066,0.0,0.0,0.0,150.066,0.0,150.066,0.0,0.0,150.066,150.066,0.0,215.572,0.7,0.7,0.7,216.893,0.69,0.69,0.69,
12/31/2014,1200.157,1031.15,169.007,-823.499,716.94,106.559,376.658,0.0,-278.325,278.325,0.0,0.0,98.333,1.544,0.015,0.015,0.0,-1.559,0.0,0.0,99.877,-25.402,74.475,0.0,0.0,0.0,74.475,0.0,74.475,0.0,0.0,74.475,74.475,0.0,213.064,0.35,0.35,0.35,214.439,0.35,0.35,0.35,
03/29/2015,1672.945,1510.57,162.375,-985.078,920.295,64.783,687.867,0.0,-277.749,277.749,,0.0,410.118,1.313,-145.477,0.009,-145.486,-1.322,,145.486,411.431,-141.577,269.854,0.0,0.0,0.0,269.854,0.0,269.854,0.0,0.0,269.854,269.854,0.0,210.629,1.28,1.28,1.28,211.788,1.27,1.27,1.27,
06/28/2015,1824.392,1650.783,173.609,-1059.932,1003.569,56.363,764.46,0.0,-301.944,301.944,,0.0,462.516,1.441,-150.275,0.009,-150.284,-1.45,,150.284,463.957,-164.147,299.81,0.0,0.0,0.0,299.81,0.0,299.81,0.0,0.0,299.81,299.81,0.0,207.65,1.44,1.44,1.44,208.59,1.44,1.44,1.44,
09/27/2015,1317.43,1140.321,177.109,-814.729,746.282,68.447,502.701,0.0,-286.865,286.865,,0.0,215.836,-1.668,4.879,4.879,0.0,-3.211,,0.0,214.168,-73.821,140.347,0.0,0.0,0.0,140.347,0.0,140.347,0.0,0.0,140.347,142.492,2.145,203.598,0.69,0.69,0.699869,204.58,0.69,0.69,0.699869,
12/31/2015,1180.635,1007.07,173.565,-798.846,686.138,112.708,381.789,0.0,-314.564,314.564,,0.0,67.225,-6.618,-146.595,7.22,-153.815,-0.602,,153.815,60.607,-18.411,42.196,0.0,0.0,0.0,42.196,0.0,42.196,0.0,0.0,42.196,42.196,0.0,189.681,0.22,0.22,0.22,190.621,0.22,0.22,0.22,
03/27/2016,1749.968,1576.61,173.358,-1069.372,986.33,83.042,680.596,0.0,-291.768,291.768,,0.0,388.828,-6.402,-145.358,7.168,-152.526,-0.766,0.0,152.526,382.426,-131.937,250.489,0.0,0.0,0.0,250.489,0.0,250.489,0.0,0.0,250.489,250.489,0.0,183.429,1.37,1.37,1.37,184.204,1.36,1.36,1.36,
06/26/2016,1861.077,1670.113,190.964,-1128.911,1062.555,66.356,732.166,0.0,-319.844,319.844,,0.0,412.322,-6.406,-149.915,7.094,-157.009,-0.688,0.0,157.009,405.916,-125.485,280.431,0.0,0.0,0.0,280.431,0.0,280.431,0.0,0.0,280.431,280.431,0.0,180.587,1.55,1.55,1.55,181.339,1.55,1.55,1.55,
09/25/2016,1274.813,1091.63,183.183,-803.727,724.611,79.116,471.086,0.0,-292.71,292.71,,0.0,178.376,-5.406,-152.299,7.706,-160.005,-2.3,0.0,160.005,172.97,-58.905,114.065,0.0,0.0,0.0,114.065,0.0,114.065,0.0,0.0,114.065,114.065,0.0,178.438,0.64,0.64,0.64,179.32,0.64,0.64,0.64,
12/31/2016,1110.6,933.023,177.577,-763.652,646.214,117.438,346.948,0.0,-277.538,277.538,,0.0,69.41,-6.811,7.702,7.702,0.0,-0.891,0.0,0.0,62.599,-15.42,47.179,0.0,0.0,0.0,47.179,0.0,47.179,0.0,0.0,47.179,47.179,0.0,176.616,0.27,0.27,0.27,177.642,0.27,0.27,0.27,
03/26/2017,1501.932,1328.711,173.221,-940.766,853.888,86.878,561.166,0.0,-271.984,271.984,,0.0,289.182,-4.498,-143.055,7.673,-150.728,-0.879,0.0,148.432,284.684,-98.315,186.369,0.0,0.0,0.0,186.369,0.0,186.369,0.0,0.0,186.369,186.369,0.0,176.001,1.06,1.06,1.06,177.07,1.05,1.05,1.05,
06/25/2017,1765.169,1577.135,188.034,-1074.798,1004.173,70.625,690.371,0.0,-291.084,291.084,,0.0,399.287,-4.854,-149.703,7.726,-157.429,-0.577,0.0,155.134,394.433,-135.566,258.867,0.0,0.0,0.0,258.867,0.0,258.867,0.0,0.0,258.867,258.867,0.0,174.409,1.48,1.48,1.48,175.324,1.48,1.48,1.48,
09/24/2017,1151.195,962.136,189.059,-763.245,687.823,75.422,387.95,0.0,-293.538,293.538,,0.0,94.412,-4.517,-155.935,7.896,-163.831,-1.083,0.0,161.535,89.895,-21.686,68.209,0.0,0.0,0.0,68.209,0.0,68.209,0.0,0.0,68.209,68.209,0.0,169.85,0.4,0.4,0.4,170.688,0.4,0.4,0.4,
12/31/2017,1228.928,1047.045,181.883,-806.158,726.446,79.712,422.77,0.0,-323.57,323.57,,0.0,99.2,-4.373,-153.416,7.709,-161.125,-1.041,,158.83,94.827,-86.513,8.314,0.0,0.0,0.0,8.314,0.0,8.314,0.0,0.0,8.314,80.524,72.21,167.894,0.049519,0.049519,0.479612,168.819,0.049248,0.049248,0.476984,
04/01/2018,1542.121,1363.947,178.174,-968.676,890.174,78.502,573.445,0.0,-337.028,290.186,,46.842,236.417,-6.267,-146.351,7.69,-154.041,-1.203,0.0,153.821,230.15,-55.387,174.763,0.0,0.0,0.0,174.763,0.0,174.763,0.0,0.0,174.763,210.64628,35.88328,168.139,1.04,1.04,1.25281,169.174,1.03,1.03,1.242109,
07/01/2018,1713.223,1525.121,188.102,-1063.859,993.036,70.823,649.364,0.0,-325.417,313.047,,12.37,323.947,-4.55,-150.911,7.728,-158.639,-2.533,0.0,157.994,319.397,-77.059,242.338,0.0,0.0,0.0,242.338,0.0,242.338,0.0,0.0,242.338,253.517,11.179,166.589,1.45,1.45,1.521811,167.204,1.45,1.45,1.516858,
09/30/2018,1315.669,1123.945,191.724,-844.756,776.53,68.226,470.913,0.0,-321.497,306.665,,14.832,149.416,-8.224,-158.251,7.762,-166.013,1.106,0.0,165.369,141.192,-27.337,113.855,0.0,0.0,0.0,113.855,0.0,113.855,0.0,0.0,113.855,129.791,15.936,165.927,0.69,0.69,0.782217,166.664,0.68,0.68,0.775618,
12/31/2018,1145.862,955.633,190.229,-818.999,692.056,126.943,326.863,0.0,-323.12,303.763,,19.357,3.743,-7.853,-159.588,7.704,-167.292,1.679,0.0,165.762,-4.11,4.605,0.495,0.0,0.0,0.0,0.495,0.0,0.495,0.0,0.0,0.495,27.997988,27.502988,162.073,0.0,0.0,0.172749,163.014,0.0,0.0,0.168715,
03/31/2019,1384.38,1195.637,188.743,-935.013,848.198,86.815,449.367,0.0,-282.255,268.625,,13.63,167.112,3.287,-152.073,7.731,-159.804,-6.358,,155.144,170.399,-42.454,127.945,0.0,0.0,0.0,127.945,0.0,127.945,0.0,0.0,127.945,156.872,28.927,159.311,0.8,0.8,0.98469,160.026,0.8,0.8,0.980764,
06/30/2019,1632.619,1434.004,198.615,-1058.322,979.266,79.056,574.297,0.0,-318.04,307.617,,10.423,256.257,-0.176,-159.293,7.784,-167.077,-3.571,,163.04,256.081,-60.45,195.631,0.0,0.0,0.0,195.631,0.0,195.631,0.0,0.0,195.631,232.608,36.977,158.813,1.23,1.23,1.464666,159.425,1.23,1.23,1.46194,
09/29/2019,1272.519,1068.942,203.577,-836.015,748.878,87.137,436.504,0.0,-316.66,309.031,,7.629,119.844,-2.588,-168.051,7.789,-175.84,-2.041,,172.68,117.256,-30.693,86.563,0.0,0.0,0.0,86.563,0.0,86.563,0.0,0.0,86.563,109.66798,23.10498,156.239,0.55,0.55,0.701924,156.944,0.55,0.55,0.697218,
12/31/2019,1072.271,874.095,198.176,-792.777,653.456,139.321,279.494,0.0,-267.099,266.428,,0.671,12.395,1.284,-167.71,7.774,-175.484,-4.401,0.0,170.827,13.679,-0.183,13.496,0.0,0.0,0.0,13.496,0.0,13.496,0.0,0.0,13.496,30.78199,17.28599,153.947,0.09,0.09,0.199952,154.913,0.09,0.09,0.199952,
03/29/2020,1298.244,1099.788,198.456,-912.76,780.868,131.892,385.484,0.0,-277.971,277.971,,0.0,107.513,-12.947,-162.246,7.755,-170.001,5.347,0.0,169.846,94.566,-24.871,69.695,0.0,0.0,0.0,69.695,0.0,69.695,0.0,0.0,69.695,78.986,9.291,153.004,0.46,0.46,0.516235,153.744,0.45,0.45,0.510432,
06/28/2020,865.227,669.274,195.953,-715.012,561.646,153.366,150.215,0.0,-266.314,224.365,,41.949,-116.099,-1.856,-160.492,7.769,-168.261,-5.757,,168.105,-117.955,25.738,-92.217,0.0,0.0,0.0,-92.217,0.0,-92.217,0.0,0.0,-92.217,-53.861,38.356,153.199,-0.6,-0.6,-0.351575,153.199,-0.6,-0.6,-0.351575,
09/30/2020,864.0,,,,,,245.3328,,,,,,70.075,,,,,,,,78.463,,44.017,,,,,,44.017,,,44.017,57.688,,,0.306,0.306,0.351,,0.306,0.306,0.351,
12/31/2020,761.333,,,,,,190.72914316,,,,,,9.9,,,,,,,,16.017,,-0.75,,,,,,-0.75,,,-0.75,11.2,,,0.051,0.051,0.071,,0.051,0.051,0.071,
