Date,Revenue,Sales & Services Revenue,Cost of Revenue,Cost of Goods & Services,Depreciation & Amortization,Gross Profit,Other Operating Income,Operating Expenses,"Selling, General & Admin",Selling & Marketing,General & Administrative,Research & Development,Other Operating Expense,Operating Income (Loss),Non-Operating (Income) Loss,"Interest Expense, Net",Interest Expense,Interest Income,Foreign Exch (Gain) Loss,Other Non-Op (Income) Loss,Pretax Income,Income Tax Expense (Benefit),Income (Loss) from Cont Ops,Net Extraordinary Losses (Gains),Discontinued Operations,XO & Accounting Changes,Income (Loss) Incl. MI,Minority Interest,"Net Income, GAAP",Preferred Dividends,Other Adjustments,"Net Income Avail to Common, GAAP","Net Income Avail to Common, Adj",Net Abnormal Losses (Gains),Basic Weighted Avg Shares,"Basic EPS, GAAP",Basic EPS from Cont Ops,"Basic EPS from Cont Ops, Adjusted",Diluted Weighted Avg Shares,"Diluted EPS, GAAP",Diluted EPS from Cont Ops,"Diluted EPS from Cont Ops, Adjusted",Source: Bloomberg
12/31/1989,3.891,,-1.746,,,2.145,,-1.47,,,,,,0.675,0.012,,0.018,,0.0,-0.03,0.687,-0.206,0.481,0.0,,,0.481,0.0,0.481,0.0,,0.481,0.481,,22.528,0.02125,0.02125,,22.528,0.02125,0.02125,0.02125,
03/31/1990,4.942,,-2.673,,,2.269,,-1.548,,,,,,0.721,0.06,,0.012,,0.0,-0.072,0.781,-0.234,0.547,0.0,,,0.547,0.0,0.547,0.0,,0.547,0.547,,26.176001,0.02125,0.02125,,26.176001,0.02125,0.02125,0.02125,
06/30/1990,5.821,,-2.723,,,3.098,,-2.114,,,,,,0.984,0.221,,0.0,,0.0,-0.221,1.205,-0.427,0.778,0.0,,,0.778,0.0,0.778,0.0,,0.778,0.778,,32.424,0.02375,0.02375,,32.424,0.02375,0.02375,0.02375,
09/30/1990,5.185,,-2.292,,,2.893,,-2.092,,,,,,0.801,0.277,,0.001,,0.0,-0.278,1.078,-0.257,0.822,0.0,,,0.821,0.0,0.822,0.0,,0.822,0.822,,32.818464,0.025,0.025,,32.818464,0.025,0.025,0.025,
12/31/1990,3.622,,-1.997,,,1.625,,-1.977,,,,,,-0.352,0.241,,0.0,,0.0,-0.241,-0.111,0.033,-0.078,0.0,,,-0.078,0.0,-0.078,0.0,,-0.078,-0.078,,30.664,-0.0025,-0.0025,,30.664,-0.0025,-0.0025,-0.0025,
03/31/1991,4.043,,-1.931,,,2.112,,-2.196,,,,,,-0.084,0.205,,0.0,,0.0,-0.205,0.121,-0.036,0.085,0.0,,,0.085,0.0,0.085,0.0,,0.085,0.085,,32.344002,0.0025,0.0025,,32.344002,0.0025,0.0025,0.0025,
06/30/1991,4.347,,-2.142,,,2.205,,-1.906,,,,,,0.299,0.178,,0.0,,0.0,-0.178,0.477,-0.158,0.319,0.0,,,0.319,0.0,0.319,0.0,,0.319,0.319,,32.335999,0.01,0.01,,32.335999,0.01,0.01,0.01,
09/30/1991,5.046,,-2.394,,,2.652,,-2.292,,,,,,0.36,0.168,,0.0,,0.0,-0.168,0.528,-0.153,0.375,0.0,,,0.375,0.0,0.375,0.0,,0.375,0.375,,32.341545,0.01125,0.01125,,32.341545,0.01125,0.01125,0.01125,
12/31/1991,5.316,,-2.65,,,2.666,,-2.374,,,,,,0.292,0.152,,0.0,,0.0,-0.152,0.444,-0.133,0.311,0.0,,,0.311,0.0,0.311,0.0,,0.311,0.311,,32.391998,0.01,0.01,,32.391998,0.01,0.01,0.01,
03/31/1992,6.403,,-3.251,,,3.152,,-2.582,,,,,,0.57,0.132,,0.0,,0.0,-0.132,0.702,-0.21,0.492,0.0,,,0.492,0.0,0.492,0.0,,0.492,0.492,,32.695999,0.015,0.015,,32.695999,0.015,0.015,0.015,
06/30/1992,7.365,,-3.847,,,3.518,,-2.923,,,,,,0.595,0.339,,0.0,,0.0,-0.339,0.934,-0.28,0.654,0.0,,,0.654,0.0,0.654,0.0,,0.654,0.654,,32.464001,0.02,0.02,,32.464001,0.02,0.02,0.02,
09/30/1992,7.16,,-3.721,,,3.439,,-3.553,,,,,,-0.114,0.136,,0.0,,0.0,-0.136,0.022,0.0,0.022,0.0,,,0.022,0.0,0.022,0.0,,0.022,0.022,,32.392353,0.00125,0.00125,,32.392353,0.00125,0.00125,0.00125,
12/31/1992,5.441,,-2.872,,,2.569,,-3.095,,,,,,-0.526,-0.155,,0.0,,0.0,0.155,-0.681,0.204,-0.477,0.0,,,-0.477,0.0,-0.477,0.0,,-0.477,-0.477,,31.280001,-0.015,-0.015,,31.280001,-0.015,-0.015,-0.015,
03/27/1993,6.43,,-3.563,,,2.867,,-2.958,,,,,,-0.091,-0.043,,0.0,,0.0,0.043,-0.134,-0.04,-0.174,0.0,,,-0.174,0.0,-0.174,0.0,,-0.174,-0.174,,31.4,-0.005,-0.005,,31.4,-0.005,-0.005,-0.005,
06/30/1993,6.634,,-3.63,,,3.004,,-3.195,,,,,,-0.191,0.022,,0.0,,,-0.022,-0.169,0.0,-0.169,0.0,,,-0.169,0.0,-0.169,0.0,,-0.169,-0.169,,31.504,-0.005,-0.005,,31.504,-0.005,-0.005,-0.005,
09/30/1993,5.634,,-3.664,,,1.97,,-2.907,,,,,,-0.937,-0.154,,0.0,,0.0,0.154,-1.091,0.136,-0.955,0.0,,,-0.955,0.0,-0.955,0.0,,-0.955,-0.955,,31.571119,-0.03,-0.03,,31.571119,-0.03,-0.03,-0.03,
12/25/1993,7.647316,,-4.109,,,3.538316,,-2.999,,,,,,0.539,0.064,,0.0,,,-0.064,0.603,-0.19,0.413,0.0,,,0.413,0.0,0.413415,0.0,,0.413415,0.413415,,32.379566,0.0125,0.0125,,32.379566,0.0125,0.0125,0.0125,
03/26/1994,9.907,,-5.343,,,4.564,,-3.306,,,,,,1.258,0.016,,0.0,,,-0.016,1.274,-0.4,0.874,0.0,,,0.874,0.0,0.873989,0.0,,0.873989,0.873989,,32.880001,0.02625,0.02625,,32.880001,0.02625,0.02625,0.02625,
06/25/1994,10.948,,-5.855,,,5.093,,-3.478,,,,,,1.615,0.126,,0.0,,,-0.126,1.741,-0.545,1.196,0.0,,,1.196,0.0,1.196,0.0,,1.196,1.196,,34.071999,0.035,0.035,,34.071999,0.035,0.035,0.035,
09/24/1994,8.553684,,-5.558,,,2.995684,,-3.74,,,,,,-0.744,1.456,,0.0,,0.0,-1.456,0.712,-0.2,0.512,0.0,,,0.512,0.0,0.511596,0.0,,0.511596,0.511596,,34.816002,0.015,0.015,,34.816002,0.015,0.015,0.015,
12/31/1994,10.199,,-5.343,,,4.856,,-3.984,,,,,,0.872,0.032,,0.0,,,-0.032,0.904,-0.26,0.644,0.0,,,0.644,0.0,0.644,0.0,,0.644,0.644,,35.231998,0.01875,0.01875,,35.231998,0.01875,0.01875,0.01875,
03/25/1995,9.031,,-4.893,,,4.138,,-4.019,,,,,,0.119,0.094,,0.0,,,-0.094,0.213,-0.06,0.153,0.0,,,0.153,0.0,0.153,0.0,,0.153,0.153,,35.279999,0.00375,0.00375,,35.279999,0.00375,0.00375,0.00375,
06/24/1995,11.301,,-5.67,,,5.631,,-5.086,,,,,,0.545,0.073,,0.0,,,-0.073,0.618,-0.13,0.488,0.0,,,0.488,0.0,0.488,0.0,,0.488,0.488,,35.271999,0.01375,0.01375,,35.271999,0.01375,0.01375,0.01375,
09/30/1995,10.599,,-6.185,,,4.414,,-3.509,,,,,,0.905,-0.12,,0.0,,,0.12,0.785,-0.2,0.585,0.0,,,0.585,0.0,0.585,0.0,,0.585,0.585,,35.904,0.01625,0.01625,0.01625,35.904,0.01625,0.01625,0.01625,
12/30/1995,18.691999,,-8.385,,,10.306999,,-7.219,,,,,,3.088,-0.63,,0.0,,,0.63,2.458,-0.74,1.718,0.0,,,1.718,0.0,1.718,0.0,,1.718,1.718,,42.183998,0.04,0.04,0.04,42.183998,0.04,0.04,0.04,
03/30/1996,22.294001,,-9.948,,,12.346001,,-8.046,,,,,,4.3,0.594,,0.0,,,-0.594,4.894,-1.474,3.42,0.0,,,3.42,0.0,3.42,0.0,,3.42,3.42,,49.355999,0.07,0.07,0.07,49.355999,0.07,0.07,0.07,
06/29/1996,26.233,,-11.629,,,14.604,,-8.796,,,,,,5.808,0.699,,0.0,,,-0.699,6.507,-2.401,4.106,0.0,,,4.106,0.0,4.106,0.0,,4.106,4.106,,53.512001,0.0775,0.0775,0.0775,53.512001,0.0775,0.0775,0.0775,
09/28/1996,24.372,,-11.291,,,13.080999,,-9.605,,,,,,3.476,-0.278,,0.0,,,0.278,3.198,-1.085,2.113,0.0,,,2.113,0.0,2.113,0.0,,2.113,2.113,,55.084,0.0375,0.0375,0.075,55.084,0.0375,0.0375,0.075,
12/28/1996,27.110001,,-11.954,,,15.156,,-9.209,,,,,,5.947,0.961,,0.0,,,-0.961,6.908,-2.5,4.408,0.0,,,4.408,0.0,4.408,0.0,,4.408,4.408,,51.515999,0.085,0.085,0.085,54.548,0.08,0.08,0.08,
03/29/1997,28.0,,-12.449,,,15.551,,-9.52,,,,,,6.031,1.31,,0.0,,,-1.31,7.341,-2.69,4.651,0.0,,,4.651,0.0,4.651,0.0,,4.651,4.651,,51.816002,0.09,0.09,0.09,54.647999,0.085,0.085,0.085,
06/28/1997,26.948,,-11.941,,,15.007,,-8.988,,,,,,6.019,1.377,,0.0,,,-1.377,7.396,-2.65,4.746,0.0,,,4.746,0.0,4.746,0.0,,4.746,4.746,,52.139999,0.09,0.09,0.09,54.703999,0.0875,0.0875,0.0875,
09/27/1997,24.631001,,-11.148,,,13.483001,,-9.085,,,,,,4.398,1.526,,0.0,,,-1.526,5.924,-2.0,3.924,0.0,,,3.924,0.0,3.924,0.0,,3.924,3.924,,54.848,0.0725,0.0725,0.0725,54.848,0.0725,0.0725,0.0725,
12/27/1997,26.121,,-12.74,,,13.381,,-11.383,,,,,,1.998,1.215,,0.09,,,-1.305,3.213,-1.15,2.063,0.0,,,2.063,0.0,2.063377,0.0,,2.063377,2.063377,,52.528,0.04,0.04,0.04,55.16,0.0375,0.0375,0.0375,
03/28/1998,30.197001,,-14.662,,,15.535001,,-12.628,,,,,,2.907,1.363,,,,,-1.363,4.27,-1.55,2.72,0.0,,,2.72,0.0,2.72,0.0,,2.72,2.72,,52.787998,0.0525,0.0525,0.0525,55.035999,0.05,0.05,0.05,
06/27/1998,34.425999,,-15.91,,,18.515999,,-13.234,,,,,,5.282,1.507,,,,,-1.507,6.789,-2.5,4.289,0.0,,,4.289,0.0,4.289,0.0,,4.289,4.289,,53.335999,0.08,0.08,0.08,55.228001,0.0775,0.0775,0.0775,
09/26/1998,24.82,,-12.579,,,12.240999,,-11.574,,,,,,0.667,1.249,,,,,-1.249,1.916,-0.6,1.316,0.0,,,1.316,0.0,1.316,0.0,,1.316,1.316,,53.484001,0.025,0.025,0.025,55.200001,0.0225,0.0225,0.0225,
12/26/1998,24.632,,-12.791,,,11.841,,-9.886,,,,,,1.955,1.222,,,-1.253,,0.031,3.177,-1.14,2.037,0.0,,,2.037,0.0,2.037,0.0,,2.037,2.037,,53.36,0.0375,0.0375,0.0375,54.552,0.0375,0.0375,0.0375,
03/27/1999,19.362,,-11.533,,,7.829,,-10.231,,,,,,-2.402,0.694,,,-0.991,,0.297,-1.708,0.62,-1.088,0.0,,,-1.088,0.0,-1.088,0.0,,-1.088,-1.088,,53.459999,-0.02,-0.02,-0.02,53.459999,-0.02,-0.02,-0.02,
06/26/1999,20.007999,,-12.093,,,7.914999,,-10.984,,,,,,-3.069,0.681,,,-0.848,,0.167,-2.388,0.855,-1.533,0.0,,,-1.533,0.0,-1.533,0.0,,-1.533,-1.533,,55.364,-0.0275,-0.0275,-0.0075,55.364,-0.0275,-0.0275,-0.0075,
09/25/1999,20.138,,-13.916,,,6.222,,-12.184,,,,,,-5.962,1.059,,,-0.92,,-0.139,-4.903,1.74,-3.163,0.0,,,-3.163,0.0,-3.163,0.0,,-3.163,-3.163,,55.007999,-0.0575,-0.0575,-0.005,55.007999,-0.0575,-0.0575,-0.005,
12/25/1999,21.295,,-13.032,,,8.263,,-13.555,,,,,,-5.292,0.822,,,-0.853,,0.031,-4.47,1.6,-2.87,0.0,,,-2.87,0.0,-2.87,0.0,,-2.87,-2.87,,61.048,-0.0475,-0.0475,-0.0475,61.048,-0.0475,-0.0475,-0.0475,
03/25/2000,23.252001,,-13.524,,,9.728001,,-14.094,,,,,,-4.366,0.982,,,-1.026,,0.044,-3.384,1.2,-2.184,0.0,,,-2.184,0.0,-2.184,0.0,,-2.184,-2.184,,61.272,-0.035,-0.035,-0.035,61.272,-0.035,-0.035,-0.035,
07/01/2000,22.083,,-13.975,,,8.108,,-13.131,,,,,,-5.023,0.88,,,-0.888,,0.008,-4.143,1.5,-2.643,0.0,,,-2.643,0.0,-2.643,0.0,,-2.643,-2.643,,61.308,-0.0425,-0.0425,-0.0425,61.308,-0.0425,-0.0425,-0.0425,
09/30/2000,27.115999,,-23.073,,,4.042999,,-16.721001,,,,,,-12.678,-4.344,,,-0.8,,5.144,-17.022,6.1,-10.922,0.0,,,-10.922,0.0,-10.922,0.0,,-10.922,-10.922,,61.488,-0.1775,-0.1775,-0.0375,61.488,-0.1775,-0.1775,-0.0375,
12/30/2000,44.550999,,-31.280001,,,13.270998,,-20.23,,,,,,-6.959,0.194,,,-0.318,,0.124,-6.765,0.0,-6.765,0.0,,,-6.765,0.0,-6.765,0.0,,-6.765,-6.765,,61.548,-0.11,-0.11,-0.11,61.548,-0.11,-0.11,-0.11,
03/31/2001,43.741001,,-29.271999,,,14.469002,,-21.596001,,,,,,-7.127,-0.764,,,-0.277,,1.041,-7.891,-0.054,-7.945,0.0,,,-7.945,0.0,-7.945,0.0,,-7.945,-7.945,,61.868,-0.1275,-0.1275,-0.1275,61.868,-0.1275,-0.1275,-0.1275,
06/30/2001,44.938,,-26.290001,,,18.647999,,-18.403999,,,,,,0.244,-1.36,,,-0.258,,1.618,-1.116,-0.097,-1.213,0.0,,,-1.213,0.0,-1.213,0.0,,-1.213,-1.213,,61.904,-0.02,-0.02,-0.0975,61.904,-0.02,-0.02,-0.0975,
09/29/2001,45.262,,-29.335,,,15.927,,-19.372,14.03,8.519,,,5.342,-3.445,-1.465,,,-0.173,,1.638,-4.91,-0.018,-4.928,,,,-4.928,,-4.928,,0.0,-4.928,-4.928,0.5252,62.28,-0.08,-0.08,-0.0725,62.28,-0.08,-0.08,-0.0725,
12/29/2001,47.584999,,-29.916,,,17.668999,,-16.875,,,,,,0.794,-2.286,,,-0.088,,2.374,-1.492,-0.081,-1.573,0.0,,,-1.573,0.0,-1.573,0.0,0.0,-1.573,-1.573,,64.276001,-0.025,-0.025,0.0,64.276001,-0.025,-0.025,0.0,
03/30/2002,46.401001,,-28.372999,,,18.028002,,-16.889999,,,,,,1.138,-1.135,,,-0.17,,1.305,0.003,4.423,4.426,0.0,,,4.426,0.0,4.426,0.0,0.0,4.426,4.426,,75.788002,0.0575,0.0575,0.0625,80.727997,0.055,0.055,0.06,
06/29/2002,48.008,,-29.86,,,18.148,,-17.111,12.252,,,,4.859,1.037,-0.545,-0.142,,-0.142,0.0,0.687,0.492,,0.492,0.0,,,,0.0,0.492,0.0,0.0,0.492,0.492,,77.028,0.0075,0.0075,0.0075,81.816,0.005,0.005,0.005,
09/28/2002,48.198002,,-30.226999,,,17.971003,,-16.712999,,,,,,1.258,-0.511,,,-0.173,,0.684,0.747,-3.913,-3.166,0.0,,,-3.166,0.0,-3.166,0.0,0.0,-3.166,-3.166,,84.428,-0.0375,-0.0375,-0.0375,84.428,-0.0375,-0.0375,-0.0375,
12/28/2002,49.002,,-31.207,,,17.795,0.0,-18.818,14.057,8.88,,,4.761,-1.023,0.151,,,-0.176,,0.025,-0.872,-0.002,-0.874,0.207,,,-1.081,0.0,-1.081,0.0,0.0,-1.081,-1.081,,77.9,-0.015,-0.0125,-0.0125,77.9,-0.015,-0.0125,-0.0125,
03/29/2003,50.297001,,-31.985001,,,18.312,,-18.007,,,,,,0.305,0.092,,,-0.243,,0.151,0.397,-0.052,0.345,0.0,,,0.345,0.0,0.345,0.0,0.0,0.345,0.345,,78.32,0.005,0.005,0.005,80.139999,0.005,0.005,0.005,
06/28/2003,52.332001,,-33.852001,,,18.48,,-17.445999,,,,,,1.034,0.037,,,-0.137,,0.1,1.071,-0.052,1.019,0.0,,,1.019,0.0,1.019,0.0,0.0,1.019,1.019,,78.624,0.0125,0.0125,0.0125,80.944,0.0125,0.0125,0.0125,
09/27/2003,52.346001,,-33.353001,,,18.993,,-16.284,,,,,,2.709,-0.04,,,-0.129,,0.169,2.669,-0.07,2.599,0.0,,,2.599,0.0,2.599,0.0,0.0,2.599,2.599,,79.22,0.0325,0.0325,0.0325,83.103996,0.0325,0.0325,0.0325,
12/27/2003,49.882,,-30.46,,,19.422,0.0,-18.361,14.325,9.031,,,4.036,1.061,0.017,,,-0.108,,0.091,1.078,-0.038,1.04,,,,1.04,,1.04,0.0,0.0,1.04,1.04,,79.916,0.0125,0.0125,0.0125,83.588,0.0125,0.0125,0.0125,
03/27/2004,55.647999,,-35.056999,,,20.591,,-17.745001,,,,,,2.846,-0.151,,,-0.116,,0.267,2.695,-0.106,2.589,0.0,,,2.589,0.0,2.589,0.0,0.0,2.589,2.589,,80.844002,0.0325,0.0325,0.0325,85.171997,0.03,0.03,0.03,
06/26/2004,59.224998,,-37.039001,,,22.185997,,-18.759001,,,,,,3.427,0.071,,,-0.125,,0.054,3.498,-0.173,3.325,0.0,,,3.325,0.0,3.325,0.0,0.0,3.325,3.325,,81.435996,0.04,0.04,0.05,85.884004,0.0375,0.0375,0.0475,
09/25/2004,63.950001,,-40.779999,,,23.170002,,-17.917999,,,,,,5.252,0.404,,,-0.191,,-0.213,5.656,-0.446,5.21,0.0,,,5.21,0.0,5.21,0.0,0.0,5.21,5.21,,81.928,0.0625,0.0625,0.0625,86.1,0.06,0.06,0.06,
12/25/2004,66.176,,-41.968,,,24.208,,-19.618,15.268,9.248,,,4.35,4.59,0.278,,,-0.259,,-0.019,4.868,-0.294,4.574,,,,4.574,,4.574,,,4.574,4.574,,82.588,0.055,0.055,0.055,87.044,0.0525,0.0525,0.0525,
03/26/2005,69.237,,-42.464,,,26.773,,-19.592,14.75,7.299,,,4.842,7.181,0.373,0.091,0.555,-0.464,,-0.464,7.554,-1.506,6.048,,,,6.048,,6.048,,0.0,6.048,6.048,,84.516,0.0725,0.0725,0.0725,89.764,0.0675,0.0675,0.0675,
06/25/2005,74.053,,-43.963,,,30.09,,-20.639,15.539,8.748,,,5.1,9.451,0.707,,,-0.64,,-0.067,10.158,-2.0,8.158,,,,8.158,,8.158,,0.0,8.158,8.158,,87.356,0.0925,0.0925,0.0925,91.552,0.09,0.09,0.09,
09/24/2005,78.217,,-46.264,,,31.953,,-20.544,,,,,,11.409,0.706,,0.0,-0.856,0.0,0.15,12.115,-2.639,9.476,0.0,,,9.476,0.0,9.476,0.0,0.0,9.476,9.476,,88.136,0.1075,0.1075,0.1075,92.648,0.1,0.1,0.1,
12/24/2005,87.956,,-50.974,,,36.982,,-24.976,19.005,11.142,,,5.971,12.006,-2.94,0.035,1.33,-1.295,,2.905,9.066,-3.35,5.716,,,,5.716,,5.716,,0.0,5.716,5.716,,88.702,0.065,0.065,0.105,93.602,0.06,0.06,0.095,
03/25/2006,100.985,,-57.864,,,43.121,,-26.729,19.942,11.073,,,6.787,16.392,1.022,,,-0.978,,-0.044,17.414,-6.25,11.164,,,,11.164,,11.164,,,11.164,11.164,,90.378,0.125,0.125,0.125,94.69,0.12,0.12,0.12,
06/24/2006,119.685,,-69.296,,,50.389,,-31.209,24.248,13.141,,,6.961,19.18,0.037,0.544,1.725,-1.181,,-0.581,19.217,-7.2,12.017,,,,12.017,,12.017,,0.0,12.017,12.017,,91.152,0.13,0.13,0.135,95.032,0.125,0.125,0.13,
09/30/2006,154.054,,-91.014,,,63.04,,-43.841,,,,,,19.199,-11.673,,1.198,-0.628,0.0,11.103,7.526,-9.0,-1.474,0.0,,,-1.474,0.0,-1.474,0.0,0.0,-1.474,-1.474,,101.866,-0.015,-0.015,0.055,101.866,-0.015,-0.015,0.055,
12/30/2006,163.212,,-88.985,,,74.227,,-47.71,35.58,21.039,,,12.13,26.517,-0.581,0.733,0.994,-0.261,0.0,-0.152,25.936,-9.85,16.086,0.0,,,16.086,0.0,16.086,0.0,0.0,16.086,16.086,,105.234,0.155,0.155,0.1835,108.788,0.15,0.15,0.178,
03/31/2007,181.086,,-97.538,,,83.548,,-48.744,36.399,19.71,,,12.345,34.804,-0.52,,,-0.516,0.0,1.036,34.284,-12.65,21.634,0.0,,,21.634,0.0,21.634,0.0,0.0,21.634,21.634,,106.62,0.205,0.205,0.215,109.526,0.2,0.2,0.21,
06/30/2007,191.505,,-101.427,,,90.078,,-50.146,37.35,21.24,,,12.796,39.932,0.606,-0.488,0.365,-0.853,0.0,-0.118,40.538,-15.79,24.748,0.0,,,24.748,0.0,24.748,0.0,0.0,24.748,24.748,,107.625,0.23,0.23,0.24,110.019,0.22,0.22,0.23,
09/29/2007,202.564,,-102.326,,,100.238,,-52.301,38.315,23.321,,,13.986,47.937,-0.206,-0.048,1.137,-1.185,0.0,0.254,47.731,-15.621,32.11,0.0,,,32.11,0.0,32.11,0.0,0.0,32.11,32.11,,216.024,0.15,0.15,0.165,220.686,0.145,0.145,0.16,
12/29/2007,371.445,,-203.61,,,167.835,0.0,-117.716,91.32,56.986,,,26.396,50.119,-402.322,29.407,31.66,-2.253,,372.915,-352.203,-6.405,-358.608,0.0,,,-358.608,0.0,-358.608,0.0,0.0,-358.608,-358.608,,216.882,-1.655,-1.655,0.065,216.882,-1.655,-1.655,0.065,
03/29/2008,431.048,,-166.489,,,264.559,0.0,-158.448,107.994,68.262,,,50.454,106.111,-18.627,18.468,19.339,-0.871,,0.159,87.484,-31.498,55.986,0.0,,,55.986,0.0,55.986,0.0,0.0,55.986,55.986,0.0,255.253,0.22,0.22,0.22,259.798,0.22,0.22,0.22,
06/28/2008,429.492,,-184.729,,,244.763,0.0,-130.759,103.526,68.483,,,27.233,114.004,-19.094,13.499,14.103,-0.604,,5.595,94.91,-33.531,61.379,0.0,,,61.379,0.0,61.379,0.0,0.0,61.379,61.379,,255.676,0.24,0.24,0.27,259.39,0.24,0.24,0.27,
09/27/2008,442.513,,-176.571,,,265.942,,-152.691,106.086,67.793,,,46.605,113.251,-222.584,21.642,22.441,-0.799,0.0,200.942,-109.333,-35.041,-144.374,0.0,,,-144.374,0.0,-144.374,0.0,0.0,-144.374,-144.374,,256.06,-0.56,-0.56,0.3,256.06,-0.56,-0.56,0.3,
12/27/2008,429.233,429.233,-199.274,199.274,,229.959,0.0,-136.238,99.807,65.002,34.805,23.793,12.638,93.721,-36.977,33.896,34.342,-0.446,,3.081,56.744,-18.586,38.158,0.0,0.0,0.0,38.158,0.0,38.158,0.0,0.0,38.158,38.158,0.0,256.212,0.15,0.15,0.15,258.433,0.15,0.15,0.15,
03/28/2009,402.014,402.014,-188.375,188.375,,213.639,0.0,-2478.491,97.282,58.472,38.81,24.428,2356.781,-2264.852,-33.539,32.865,33.212,-0.347,,0.674,-2298.391,-11.728,-2310.119,0.0,0.0,0.0,-2310.119,0.0,-2310.119,0.0,0.0,-2310.119,32.54625,2342.66525,256.374,-9.01,-9.01,0.126948,256.374,-9.01,-9.01,0.126948,
06/27/2009,403.12,403.12,-191.975,191.975,,211.145,0.0,-132.399,95.967,58.928,37.039,23.407,13.025,78.746,-34.679,33.949,34.155,-0.206,,0.73,44.067,-13.316,30.751,0.0,0.0,0.0,30.751,0.0,30.751,0.0,0.0,30.751,30.751,0.0,256.556,0.12,0.12,0.12,258.908,0.12,0.12,0.12,
09/26/2009,402.767,402.767,-195.959,195.959,,206.808,0.0,-131.097,92.692,56.575,36.117,24.754,13.651,75.711,-32.261,33.086,33.248,-0.162,,-0.825,43.45,-18.882,24.568,0.0,0.0,0.0,24.568,0.0,24.568,0.0,0.0,24.568,26.38735,1.81935,257.038,0.1,0.1,0.102659,259.884,0.09,0.09,0.097001,
12/26/2009,412.448,412.448,-196.003,196.003,,216.445,0.0,-144.476,105.789,64.597,41.192,24.621,14.066,71.969,-30.876,31.619,31.804,-0.185,,-0.743,41.093,-14.998,26.095,0.0,0.0,0.0,26.095,0.0,26.095,0.0,0.0,26.095,26.41155,0.31655,258.024,0.1,0.1,0.102361,260.804,0.1,0.1,0.101214,
03/27/2010,418.112,418.112,-204.473,204.473,,213.639,0.0,-151.738,98.712,61.461,37.251,26.74,26.286,61.901,-31.143,31.92,32.321,-0.401,,-0.777,30.758,-10.14,20.618,0.0,0.0,0.0,20.618,0.0,20.618,0.0,0.0,20.618,28.87885,8.26085,258.653,0.08,0.08,0.111651,261.478,0.08,0.08,0.111593,
06/26/2010,420.693,420.693,-167.28,167.28,,253.413,0.0,-174.639,91.851,59.425,32.426,25.691,57.097,78.774,-33.027,33.332,33.653,-0.321,,-0.305,45.747,-18.299,27.448,0.0,0.0,0.0,27.448,0.0,27.448,0.0,0.0,27.448,27.9654,0.5174,259.107,0.11,0.11,0.10793,262.106,0.1,0.1,0.101974,
09/25/2010,428.299,428.299,-208.284,208.284,,220.015,0.0,-362.722,99.361,61.891,37.47,27.254,236.107,-142.707,-29.882,,29.329,,,0.553,-172.589,35.615,-136.974,0.0,0.0,0.0,-136.974,0.0,-136.974,0.0,0.0,-136.974,35.09425,172.06825,259.188,-0.53,-0.53,0.135401,259.188,-0.53,-0.53,0.133874,
12/25/2010,432.571,432.571,-207.837,207.837,,224.734,0.0,-153.014,108.364,67.911,40.453,28.557,16.093,71.72,-59.191,28.502,28.909,-0.407,,30.689,12.529,-1.589,10.94,0.0,0.0,0.0,10.94,0.0,10.94,0.0,0.0,10.94,31.80435,20.86435,259.624,0.04,0.04,0.122502,263.146,0.04,0.04,0.119288,
03/26/2011,438.651,438.651,-218.243,218.243,,220.408,0.0,-65.02,109.908,71.049,38.859,30.333,-75.221,155.388,-26.561,27.725,28.185,-0.46,,-1.164,128.827,-46.382,82.445,0.0,0.0,0.0,82.445,0.0,82.445,0.0,0.0,82.445,25.19105,-57.25395,260.825,0.32,0.32,0.096582,264.03,0.31,0.31,0.093154,
06/25/2011,451.082,451.082,-216.521,216.521,,234.561,0.0,-160.645,112.736,72.981,39.755,29.325,18.584,73.916,-29.492,28.188,28.673,-0.485,,1.304,44.424,-8.228,36.196,0.0,0.0,0.0,36.196,0.0,36.196,0.0,0.0,36.196,39.08395,2.88795,261.784,0.14,0.14,0.149298,265.167,0.14,0.14,0.149298,
09/24/2011,467.045,467.045,-223.846,223.846,,243.199,0.0,-169.778,114.844,75.112,39.732,28.877,26.057,73.421,-31.815,28.571,29.079,-0.508,,3.244,41.606,-14.037,27.569,0.0,0.0,0.0,27.569,0.0,27.569,0.0,0.0,27.569,35.3248,7.7558,262.164,0.11,0.11,0.134743,264.878,0.1,0.1,0.129281,
12/24/2011,472.711,472.711,-223.341,223.341,,249.37,0.0,-182.611,123.955,77.46,46.495,28.342,30.314,66.759,-26.855,28.847,29.509,-0.662,,-1.992,39.904,-19.092,20.812,0.0,0.0,0.0,20.812,0.0,20.812,0.0,0.0,20.812,31.51425,10.70225,262.717,0.08,0.08,0.119955,264.958,0.08,0.08,0.119955,
03/24/2012,471.165,471.165,-245.055,245.055,,226.11,0.0,-215.976,119.942,78.539,41.403,29.297,66.737,10.134,-68.742,27.922,28.512,-0.59,,40.82,-58.608,18.335,-40.273,0.0,0.0,0.0,-40.273,0.0,-40.273,0.0,0.0,-40.273,20.93035,61.20335,263.9,-0.15,-0.15,0.079312,263.9,-0.15,-0.15,0.079312,
06/23/2012,470.228,470.228,-225.588,225.588,,244.64,0.0,-164.113,119.789,76.368,43.421,26.229,18.095,80.527,-25.52,24.898,25.593,-0.695,,0.622,55.007,-31.413,23.594,0.0,0.0,0.0,23.594,0.0,23.594,0.0,0.0,23.594,28.5106,4.9166,264.609,0.09,0.09,0.107746,267.294,0.09,0.09,0.107746,
09/29/2012,588.548,588.548,-314.231,314.231,,274.317,0.0,-318.02,178.67,89.947,88.723,47.094,92.256,-43.703,-54.261,56.28,56.673,-0.393,,-2.019,-97.964,20.197,-77.767,0.0,0.0,0.0,-77.767,0.0,-77.767,0.0,0.0,-77.767,0.3975,78.1645,264.938,-0.29,-0.29,0.0015,264.938,-0.29,-0.29,0.0015,
12/29/2012,631.362,631.362,-349.689,349.689,,281.673,0.0,-218.444,148.834,94.443,54.391,51.509,18.101,63.229,-70.582,71.821,72.081,-0.26,,-1.239,-7.353,10.471,3.118,0.0,0.0,0.0,3.118,0.0,3.118,0.0,0.0,3.118,-0.0696,-3.1876,266.344,0.01,0.01,-0.000261,269.379,0.01,0.01,-0.001833,
03/30/2013,612.663,612.663,-333.337,333.337,,279.326,0.0,-273.784,152.847,88.614,64.233,49.621,71.316,5.542,-79.29,75.842,76.049,-0.207,,3.448,-73.748,22.644,-51.104,0.0,0.0,0.0,-51.104,0.0,-51.104,0.0,0.0,-51.104,-11.0666,40.0374,268.175,-0.19,-0.19,-0.041266,268.175,-0.19,-0.19,-0.041266,
06/29/2013,626.136,626.136,-316.378,316.378,,309.758,0.0,-248.606,143.387,82.911,60.476,47.779,57.44,61.152,-68.075,66.858,67.162,-0.304,,1.217,-6.923,-4.027,-10.95,0.0,0.0,0.0,-10.95,0.0,-10.95,0.0,0.0,-10.95,12.7126,23.6626,269.43,-0.04,-0.04,0.047183,269.43,-0.04,-0.04,0.047183,
09/28/2013,622.118,622.118,-331.487,331.487,,290.631,0.0,-1326.836,124.749,76.758,47.991,48.737,1153.35,-1036.205,-68.732,65.252,65.783,-0.531,,3.48,-1104.937,-8.965,-1113.902,0.0,0.0,0.0,-1113.902,0.0,-1113.902,0.0,0.0,-1113.902,19.6741,1133.5761,270.867,-4.11,-4.11,0.072634,270.867,-4.11,-4.11,0.072634,
12/28/2013,612.448,612.448,-306.852,306.852,,305.596,0.0,-244.311,151.076,83.257,67.819,48.669,44.566,61.285,-62.704,60.934,61.29,-0.356,,1.77,-1.419,-3.932,-5.351,0.0,0.0,0.0,-5.351,0.0,-5.351,0.0,0.0,-5.351,12.63775,17.98875,272.708,-0.02,-0.02,0.046342,272.708,-0.02,-0.02,0.045963,
03/29/2014,625.008,625.008,-316.329,316.329,,308.679,0.0,-258.429,140.766,78.657,62.109,49.915,67.748,50.25,-62.0,54.3,54.449,-0.149,,7.7,-11.75,-5.015,-16.765,0.0,0.0,0.0,-16.765,0.0,-16.765,0.0,0.0,-16.765,16.8569,33.6219,274.589,-0.06,-0.06,0.06139,274.589,-0.06,-0.06,0.06139,
06/28/2014,632.6,632.6,-319.8,319.8,,312.8,0.0,-236.6,147.7,83.0,64.7,52.5,36.4,76.2,-53.6,52.1,52.4,-0.3,,1.5,22.6,-11.3,11.3,0.0,0.0,0.0,11.3,0.0,11.3,0.0,0.0,11.3,23.78,12.48,276.843,0.04,0.04,0.085897,279.205,0.04,0.04,0.084698,
09/27/2014,660.644,660.644,-27.619,27.619,,633.025,0.0,-541.06,151.958,86.786,65.172,52.116,336.986,91.965,-53.296,51.966,52.461,-0.495,,1.33,38.669,-10.553,28.116,0.0,0.0,0.0,28.116,0.0,28.116,0.0,0.0,28.116,40.14035,12.02435,277.856,0.101189,0.101189,0.144465,286.938,0.097986,0.097986,0.139892,
12/27/2014,652.8,652.8,-314.2,314.2,,338.6,0.0,-235.1,147.3,86.0,61.3,52.0,35.8,103.5,-59.4,52.1,52.5,-0.4,,7.3,44.1,-14.9,29.2,0.0,0.0,0.0,29.2,0.0,29.2,0.0,0.0,29.2,44.345,15.145,278.671,0.1,0.1,0.15913,283.176,0.1,0.1,0.153483,
03/28/2015,655.5,655.5,-319.5,319.5,,336.0,0.0,-226.2,143.3,83.0,60.3,53.3,29.6,109.8,-49.0,49.1,49.4,-0.3,,-0.1,60.8,-13.0,47.8,0.0,0.0,0.0,47.8,0.0,47.8,0.0,0.0,47.8,49.1663,1.3663,280.338,0.17,0.17,0.175382,287.58,0.17,0.17,0.174751,
06/27/2015,693.9,693.9,-315.2,242.1,73.1,378.7,0.0,-262.7,167.4,94.3,73.1,56.0,39.3,116.0,-69.3,52.1,52.4,-0.3,,17.2,46.7,-17.3,29.4,0.0,0.0,0.0,29.4,0.0,29.4,0.0,0.0,29.4,59.755,30.355,281.184,0.1,0.1,0.212512,292.612,0.1,0.1,0.203738,
09/26/2015,702.8,702.8,-323.4,323.4,,379.4,0.0,-253.7,165.9,99.7,66.2,53.8,34.0,125.7,-100.2,50.9,51.2,-0.3,,49.3,25.5,-0.3,25.2,0.0,0.0,0.0,25.2,0.0,25.2,0.0,0.0,25.2,60.643478,35.443478,282.072,0.09,0.09,0.214993,294.778,0.09,0.09,0.210238,
12/26/2015,695.2,695.2,-316.1,242.7,73.4,379.1,0.0,-253.0,176.4,99.4,77.0,51.7,24.9,126.1,-11.4,39.0,39.2,-0.2,,-27.6,114.7,-29.8,84.9,0.0,0.0,0.0,84.9,0.0,84.9,0.0,0.0,84.9,76.135341,-8.764659,282.976,0.3,0.3,0.269052,291.971,0.29,0.29,0.259981,
03/26/2016,693.3,693.3,-308.3,237.5,70.8,385.0,0.0,-248.9,163.2,100.8,62.4,59.1,26.6,136.1,-44.2,38.9,39.1,-0.2,,5.3,91.9,-23.0,68.9,0.0,0.0,0.0,68.9,0.0,68.9,0.0,0.0,68.9,75.357178,6.457178,282.474,0.24,0.24,0.266776,287.857,0.24,0.24,0.262432,
06/25/2016,717.4,717.4,-324.3,246.4,77.9,393.1,0.0,-253.7,171.5,109.0,62.5,58.8,23.4,139.4,-38.3,38.9,39.1,-0.2,,-0.6,101.1,-16.3,84.8,0.0,0.0,0.0,84.8,0.0,84.8,0.0,0.0,84.8,92.045055,7.245055,277.853,0.31,0.31,0.331272,282.302,0.3,0.3,0.325664,
09/24/2016,726.8,726.8,-320.7,320.7,,406.1,0.0,-259.0,171.2,105.8,65.4,62.5,25.3,147.1,-39.5,37.8,37.9,-0.1,,1.7,107.6,-15.4,92.2,0.0,0.0,0.0,92.2,0.0,92.2,0.0,0.0,92.2,97.658996,5.458996,277.549,0.33,0.33,0.351862,282.494,0.33,0.33,0.349324,
12/31/2016,734.4,734.4,-329.6,256.1,73.5,404.8,0.0,-258.8,179.8,110.0,69.8,54.4,24.6,146.0,-29.9,40.1,40.4,-0.3,,-10.2,116.1,-29.6,86.5,0.0,0.0,0.0,86.5,0.0,86.5,0.0,0.0,86.5,85.49939,-1.00061,278.663,0.31,0.31,0.30682,284.224,0.3,0.3,0.29648,
04/01/2017,715.4,715.4,-326.7,261.5,65.2,388.7,0.0,611.1,220.8,103.4,117.4,55.4,-887.3,999.8,-32.2,35.6,37.5,-1.9,,-3.4,967.6,-440.8,526.8,0.0,0.0,0.0,526.8,0.0,526.8,0.0,0.0,526.8,103.456581,-423.343419,280.215,1.88,1.88,0.369204,286.01,1.84,1.84,0.35983,
07/01/2017,806.1,806.1,-396.5,317.4,79.1,409.6,0.0,-294.6,210.9,145.4,65.5,62.5,21.2,115.0,-40.5,38.0,39.1,-1.1,,2.5,74.5,-15.0,59.5,0.0,0.0,0.0,59.5,0.0,59.5,0.0,0.0,59.5,76.73679,17.23679,280.824,0.21,0.21,0.273256,287.638,0.21,0.21,0.269925,
09/30/2017,802.9,802.9,-385.0,305.8,79.2,417.9,0.0,-308.5,230.3,139.7,90.6,60.5,17.7,109.4,-37.0,35.6,36.1,-0.5,,1.4,72.4,10.3,82.7,0.0,0.0,0.0,82.7,0.0,82.7,0.0,0.0,82.7,88.334173,5.634173,279.543,0.3,0.3,0.315995,284.741,0.29,0.29,0.309787,
12/30/2017,791.1,791.1,-366.6,286.8,79.8,424.5,0.0,-290.4,217.4,139.5,77.9,54.8,18.2,134.1,-38.3,40.2,41.0,-0.8,,-1.9,95.8,310.9,406.7,0.0,0.0,0.0,406.7,0.0,406.7,0.0,0.0,406.7,81.09534,-325.60466,276.856,1.47,1.47,0.292915,280.802,1.45,1.45,0.290448,
03/31/2018,789.3,789.3,-374.2,294.4,79.8,415.1,0.0,-1019.3,214.3,130.5,83.8,56.8,748.2,-604.2,-86.8,36.8,38.9,-2.1,,50.0,-691.0,9.6,-681.4,0.0,0.0,0.0,-681.4,0.0,-681.4,0.0,0.0,-681.4,77.854379,759.254379,277.114,-2.46,-2.46,0.280947,277.114,-2.46,-2.46,0.279863,
06/30/2018,824.0,824.0,-388.0,308.6,79.4,436.0,0.0,-302.9,227.4,141.1,86.3,54.4,21.1,133.1,-27.8,33.0,34.5,-1.5,,-5.2,105.3,7.6,112.9,0.0,0.0,0.0,112.9,0.0,112.9,0.0,0.0,112.9,88.930662,-23.969338,273.729,0.41,0.41,0.324886,275.569,0.41,0.41,0.323019,
09/29/2018,813.5,813.5,-392.4,311.9,80.5,421.1,0.0,-321.9,251.6,133.5,118.1,52.7,17.6,99.2,-27.9,32.4,34.3,-1.9,,-4.5,71.3,-20.8,50.5,0.0,0.0,0.0,50.5,0.0,50.5,0.0,0.0,50.5,85.466077,34.966077,272.72,0.19,0.19,0.313384,274.981,0.18,0.18,0.307158,
12/29/2018,830.7,830.7,-396.6,315.6,81.0,434.1,0.0,-293.6,224.6,146.0,78.6,53.2,15.8,140.5,-36.2,34.8,36.1,-1.3,,1.4,104.3,-5.7,98.6,0.0,0.0,0.0,98.6,0.0,98.6,0.0,0.0,98.6,83.005664,-15.594336,270.59,0.36,0.36,0.306758,272.372,0.36,0.36,0.302746,
03/30/2019,818.4,818.4,-776.0,695.6,80.4,42.4,0.0,-365.6,223.4,133.5,89.9,57.3,84.9,-323.2,-30.5,34.0,34.8,-0.8,,-3.5,-353.7,81.1,-272.6,0.0,0.0,0.0,-272.6,0.0,-272.6,0.0,0.0,-272.6,86.85061,359.45061,269.235,-1.01,-1.01,0.322583,269.235,-1.01,-1.01,0.322583,
06/29/2019,852.4,852.4,-407.6,329.0,78.6,444.8,0.0,-299.5,223.5,143.6,79.9,61.4,14.6,145.3,-31.0,33.9,35.1,-1.2,,-2.9,114.3,-20.4,93.9,0.0,0.0,0.0,93.9,0.0,93.9,0.0,0.0,93.9,111.879698,17.979698,268.932,0.35,0.35,0.416015,270.789,0.35,0.35,0.416015,
09/28/2019,865.9,865.9,-616.4,616.4,,249.5,0.0,-336.0,225.6,141.8,83.8,60.4,50.0,-86.5,-36.2,33.5,34.8,-1.3,,2.7,-122.7,-0.8,-123.5,0.0,0.0,0.0,-123.5,0.0,-123.5,0.0,0.0,-123.5,-402.441197,-278.941197,268.894,-0.459289,-0.459289,-1.496654,268.894,-0.459289,-0.459289,-1.496654,
12/28/2019,850.5,850.5,-416.7,353.1,63.6,433.8,0.0,-309.0,233.4,144.9,88.5,61.2,14.4,124.8,-27.4,30.7,32.8,-2.1,,-3.3,97.4,288.4,385.8,0.0,0.0,0.0,385.8,0.3,386.1,0.0,0.0,386.1,106.244263,-279.855737,267.893,1.44,1.44,0.396592,269.721,1.43,1.43,0.392425,
03/28/2020,756.1,756.1,-360.3,297.4,62.9,395.8,0.0,-239.4,177.1,110.6,66.5,49.3,13.0,156.4,-37.5,30.0,31.3,-1.3,,7.5,118.9,-24.1,94.8,0.0,0.0,0.0,94.8,1.5,96.3,0.0,0.0,96.3,99.658923,3.415534,263.238,0.37,0.37,0.378804,264.506,0.36,0.36,0.372913,
06/27/2020,822.9,822.9,-356.8,293.9,62.9,466.1,0.0,-275.1,208.8,103.5,105.3,55.1,11.2,191.0,-22.6,26.9,27.4,-0.5,,-4.3,168.4,-32.0,136.4,0.0,0.0,0.0,136.4,1.5,137.9,0.0,0.0,137.9,142.34544,4.544071,259.87,0.53,0.53,0.548136,261.047,0.53,0.53,0.547407,
09/30/2020,989.0,,,,,655.59821,,,,,,,,381.091,,,,,,,350.833,,215.75,,,,,,215.75,,,215.75,274.231,,,0.82,0.82,1.056,,0.82,0.82,1.056,
12/31/2020,1102.222,,,,,728.41443092,,,,,,,,407.556,,,,,,,378.778,,232.0,,,,,,232.0,,,232.0,296.444,,,0.854,0.854,1.152,,0.854,0.854,1.152,
