Date,Revenue,Sales & Services Revenue,Cost of Revenue,Cost of Goods & Services,Gross Profit,Other Operating Income,Operating Expenses,"Selling, General & Admin",Other Operating Expense,Operating Income (Loss),Non-Operating (Income) Loss,"Interest Expense, Net",Interest Expense,Interest Income,Foreign Exch (Gain) Loss,(Income) Loss from Affiliates,Other Non-Op (Income) Loss,Pretax Income,Income Tax Expense (Benefit),Income (Loss) from Cont Ops,Net Extraordinary Losses (Gains),Discontinued Operations,XO & Accounting Changes,Income (Loss) Incl. MI,Minority Interest,"Net Income, GAAP",Preferred Dividends,Other Adjustments,"Net Income Avail to Common, GAAP","Net Income Avail to Common, Adj",Net Abnormal Losses (Gains),Basic Weighted Avg Shares,"Basic EPS, GAAP",Basic EPS from Cont Ops,"Basic EPS from Cont Ops, Adjusted",Diluted Weighted Avg Shares,"Diluted EPS, GAAP",Diluted EPS from Cont Ops,"Diluted EPS from Cont Ops, Adjusted",Source: Bloomberg
03/31/1990,3055.0,,-2487.0,,568.0,,-344.0,,,224.0,-33.0,,70.0,,,,-37.0,191.0,-62.0,129.0,0.0,,,129.0,0.0,129.0,0.0,,129.0,129.0,,571.187988,0.225,0.225,0.225,571.187988,0.225,0.225,0.225,
06/30/1990,3184.0,,-2625.0,,559.0,,-346.0,,,213.0,-39.0,,70.0,,,,-31.0,174.0,-53.0,121.0,0.0,,,121.0,0.0,121.0,0.0,,121.0,121.0,,555.828003,0.22,0.22,0.22,555.828003,0.22,0.22,0.22,
09/30/1990,2961.0,,-2464.0,,497.0,,-333.0,,,164.0,-36.0,,69.0,,,,-33.0,128.0,-23.0,105.0,0.0,,,105.0,0.0,105.0,0.0,,105.0,105.0,,547.64398,0.19,0.19,0.19,547.64398,0.19,0.19,0.19,
12/31/1990,3143.0,,-2650.0,,493.0,,-364.0,,,129.0,-20.0,,69.0,,,,-49.0,109.0,-2.0,107.0,0.0,,,107.0,0.0,107.0,0.0,,107.0,107.0,,538.968018,0.2025,0.2025,0.2025,538.968018,0.2025,0.2025,0.2025,
03/31/1991,2903.0,,-2477.0,,426.0,,-339.0,,,87.0,-6.0,,71.0,,,,-65.0,81.0,-18.0,63.0,0.0,,,63.0,0.0,63.0,0.0,,63.0,63.0,,541.012024,0.1175,0.1175,0.1175,541.012024,0.1175,0.1175,0.1175,
06/30/1991,3047.0,,-2552.0,,495.0,,-372.0,,,123.0,25.0,,66.0,,,,-91.0,148.0,-59.0,89.0,0.0,,,89.0,0.0,89.0,0.0,,89.0,89.0,,544.763977,0.1625,0.1625,0.1625,544.763977,0.1625,0.1625,0.1625,
09/30/1991,2877.0,,-2395.0,,482.0,,-1154.0,,,-672.0,-87.0,,62.0,,,,25.0,-759.0,219.0,-540.0,0.0,,,-540.0,0.0,-540.0,0.0,,-540.0,-540.0,,548.132019,-0.985,-0.985,-0.985,548.132019,-0.985,-0.985,-0.985,
12/31/1991,3004.0,,-2488.0,,516.0,,-345.0,,,171.0,-31.0,,58.0,,,,-27.0,140.0,-25.0,115.0,0.0,,,115.0,0.0,115.0,0.0,,115.0,115.0,,551.159973,0.205,0.205,0.205,551.159973,0.205,0.205,0.205,
03/31/1992,2979.0,,-2468.0,,511.0,,-328.0,,,183.0,-22.0,,64.0,,,,-42.0,161.0,-39.0,122.0,1247.0,,,-1125.0,0.0,-1125.0,0.0,,-1125.0,-1125.0,,557.872009,-2.0175,0.2175,0.2175,557.872009,-2.0175,0.2175,0.2175,
06/30/1992,3075.0,,-2526.0,,549.0,,-338.0,,,211.0,-20.0,,52.0,,,,-32.0,191.0,-51.0,140.0,0.0,,,140.0,0.0,140.0,0.0,,140.0,140.0,,562.867981,0.2475,0.2475,0.2475,562.867981,0.2475,0.2475,0.2475,
09/30/1992,2936.0,,-2410.0,,526.0,,-323.0,,,203.0,-27.0,,53.0,,,,-26.0,176.0,-41.0,135.0,0.0,,,135.0,0.0,135.0,0.0,,135.0,135.0,,567.0,0.2375,0.2375,0.2375,567.0,0.2375,0.2375,0.2375,
12/31/1992,3052.0,,-2519.0,,533.0,,-347.0,,,186.0,-12.0,,51.0,,,,-39.0,174.0,-36.0,138.0,0.0,,,138.0,0.0,138.0,0.0,,138.0,138.0,,568.03998,0.2425,0.2425,0.2425,568.03998,0.2425,0.2425,0.2425,
03/31/1993,2901.0,,-2354.0,,547.0,,-314.0,,,233.0,-29.0,,45.0,,,,-16.0,204.0,-58.0,146.0,245.0,,,-99.0,0.0,-99.0,0.0,,-99.0,-99.0,,568.359985,-0.175,0.255,0.255,568.359985,-0.175,0.255,0.255,
06/30/1993,3055.0,,-2466.0,,589.0,,-336.0,,,253.0,-21.0,,43.0,,,,-22.0,232.0,-65.0,167.0,0.0,,,167.0,0.0,167.0,0.0,,167.0,167.0,,564.835999,0.295,0.295,0.295,564.835999,0.295,0.295,0.295,
09/30/1993,2812.0,,-2257.0,,555.0,,-329.0,,,226.0,-14.0,,36.0,,,,-22.0,212.0,-47.0,165.0,0.0,,,165.0,0.0,165.0,0.0,,165.0,165.0,,565.708008,0.29,0.29,0.29,565.708008,0.29,0.29,0.29,
12/31/1993,3059.0,,-2474.0,,585.0,,-359.0,,,226.0,36.0,,33.0,,,,-69.0,262.0,-84.0,178.0,0.0,,,178.0,0.0,178.0,0.0,,178.0,178.0,,566.299988,0.315,0.315,0.315,566.299988,0.315,0.315,0.315,
03/31/1994,2986.0,,-2402.0,,584.0,,-314.0,,,270.0,-20.0,,,,0.0,,20.0,250.0,-81.0,169.0,0.0,,,169.0,0.0,169.0,0.0,,169.0,169.0,,568.911987,0.3,0.3,0.3,568.911987,0.3,0.3,0.3,
06/30/1994,3187.0,,-2541.0,,646.0,,-346.0,,,300.0,-11.0,,,,0.0,,11.0,289.0,-93.0,196.0,0.0,,,196.0,0.0,196.0,0.0,,196.0,196.0,,566.528015,0.345,0.345,0.345,566.528015,0.345,0.345,0.345,
09/30/1994,3110.0,,-2503.0,,607.0,,-325.0,,,282.0,-6.0,,,,0.0,,6.0,276.0,-87.0,189.0,0.0,,,189.0,0.0,189.0,0.0,,189.0,189.0,,566.041992,0.335,0.335,0.335,566.041992,0.335,0.335,0.335,
12/31/1994,3534.0,,-2853.0,,681.0,,-381.0,,,300.0,26.0,,,,0.0,,-26.0,326.0,-91.0,235.0,0.0,,,235.0,-30.0,205.0,0.0,,205.0,205.0,,566.12799,0.365,0.365,0.365,566.12799,0.365,0.365,0.365,
03/31/1995,3419.0,,-2747.0,,672.0,,-358.0,,,314.0,-11.0,,,,0.0,,11.0,303.0,-105.0,198.0,0.0,,,198.0,0.0,198.0,0.0,,198.0,198.0,,567.530029,0.35,0.35,0.35,567.530029,0.35,0.35,0.35,
06/30/1995,3630.0,,-2902.0,,728.0,,-374.0,,,354.0,-9.0,,,,0.0,,9.0,345.0,-118.0,227.0,0.0,,,227.0,0.0,227.0,0.0,,227.0,227.0,,567.892029,0.4,0.4,0.4,567.892029,0.4,0.4,0.4,
09/30/1995,3499.0,,-2800.0,,699.0,,-369.0,,,330.0,-8.0,,,,0.0,,8.0,322.0,-105.0,217.0,0.0,,,217.0,0.0,217.0,0.0,,217.0,217.0,,566.210022,0.385,0.385,0.385,566.203125,0.385,0.385,0.385,
12/31/1995,3798.0,,-3090.0,,708.0,,-402.0,,,306.0,21.0,,,,0.0,,-21.0,327.0,-58.0,269.0,0.0,,,269.0,-36.0,233.0,0.0,,233.0,233.0,,565.892028,0.415,0.415,0.415,565.892028,0.415,0.415,0.415,
03/31/1996,3778.0,,-3012.0,,766.0,,-401.0,,,365.0,-23.0,,,,0.0,,23.0,342.0,-117.0,225.0,0.0,,,225.0,0.0,225.0,0.0,,225.0,225.0,,565.700012,0.4,0.4,0.4,576.924011,0.39,0.39,0.39,
06/30/1996,3347.0,,-3235.0,,112.0,,-366.0,,,-254.0,687.0,,,,0.0,,-687.0,433.0,-161.0,272.0,0.0,,,272.0,0.0,272.0,0.0,,272.0,272.0,,565.538025,0.48,0.48,0.465,578.723999,0.47,0.47,0.47,
09/30/1996,3348.0,,-2598.0,,750.0,,-379.0,,,371.0,10.0,,,,0.0,,-10.0,381.0,-128.0,253.0,0.0,,,253.0,0.0,253.0,0.0,,253.0,253.0,,565.702026,0.45,0.45,0.45,575.0,0.44,0.44,0.44,
12/31/1996,3498.0,,-2761.0,,737.0,,-365.0,,,372.0,43.0,,,,0.0,,-43.0,415.0,-127.0,288.0,0.0,,,288.0,-18.0,270.0,0.0,,270.0,270.0,,565.695984,0.48,0.48,0.48,586.955994,0.46,0.46,0.46,
03/31/1997,3327.0,,-2605.0,,722.0,,-365.0,,,357.0,33.0,,42.0,,,,-75.0,390.0,-131.0,259.0,0.0,,,259.0,0.0,259.0,0.0,,259.0,259.0,,566.994019,0.46,0.46,0.46,575.55603,0.45,0.45,0.45,
06/30/1997,3578.0,,-2764.0,,814.0,,-386.0,,,428.0,30.0,,39.0,,,,-69.0,458.0,-153.0,305.0,0.0,,,305.0,0.0,305.0,0.0,,305.0,305.0,,565.383972,0.54,0.54,0.54,586.538025,0.52,0.52,0.52,
09/30/1997,3657.0,,-2840.0,,817.0,,-394.0,,,423.0,8.0,,50.0,,,,-58.0,431.0,-139.0,292.0,0.0,,,292.0,0.0,292.0,0.0,,292.0,292.0,,564.5,0.52,0.52,0.52,581.099976,0.5,0.5,0.5,
12/31/1997,2325.8,,-1526.0,,799.8,,-539.4,,,260.4,-1.1,22.9,22.9,,0.0,,-21.8,259.3,-81.2,178.1,0.0,,,178.1,0.0,178.1,0.0,,178.1,178.1,-11.539067,126.820559,1.41,1.41,1.32,128.699466,1.38,1.38,1.29,
03/31/1998,5569.0,,-4249.0,,1320.0,,-702.0,,,618.0,-31.0,,63.0,,,,-32.0,587.0,-191.0,396.0,0.0,,,396.0,0.0,396.0,0.0,,396.0,396.0,,808.0,0.49,0.49,0.49,825.0,0.48,0.48,0.48,
06/30/1998,5904.0,,-4450.0,,1454.0,,-745.0,,,709.0,-17.0,,63.0,,,,-46.0,692.0,-216.0,476.0,0.0,,,476.0,0.0,476.0,0.0,,476.0,476.0,,793.299988,0.6,0.6,0.6,820.700012,0.58,0.58,0.58,
09/30/1998,5861.0,,-4370.0,,1491.0,,-739.0,,,752.0,-54.0,,63.0,,,,-9.0,698.0,-224.0,474.0,0.0,,,474.0,0.0,474.0,0.0,,474.0,474.0,,803.400024,0.6,0.6,0.6,817.200012,0.58,0.58,0.58,
12/31/1998,6221.0,,-4620.0,,1601.0,,-822.0,,,779.0,15.0,87.0,87.0,,,,-102.0,794.0,-237.0,557.0,0.0,,,557.0,0.0,557.0,0.0,,557.0,557.0,,797.0,0.7,0.7,0.7,811.0,0.69,0.69,0.69,
03/31/1999,5582.0,,-4192.0,,1390.0,,-699.0,,,691.0,-45.0,73.0,,,,,-28.0,646.0,-206.0,440.0,,,,440.0,,440.0,,,440.0,440.0,,793.1,0.55,0.55,0.55,806.6,0.55,0.55,0.55,
06/30/1999,5958.0,,-4625.0,,1333.0,,-745.0,,,588.0,208.0,59.0,59.0,,,,-267.0,796.0,-256.0,540.0,0.0,,,540.0,,540.0,0.0,0.0,540.0,540.0,,789.5,0.68,0.68,0.68,806.8,0.67,0.67,0.67,
09/30/1999,6036.0,,-4574.0,,1462.0,,-699.0,,,763.0,60.0,60.0,60.0,,,,-120.0,823.0,-269.0,554.0,0.0,,,554.0,,554.0,0.0,0.0,554.0,554.0,,791.4,0.7,0.7,0.7,809.3,0.68,0.68,0.68,
12/31/1999,6159.0,,-4482.0,,1677.0,,-1073.0,,,604.0,-621.0,73.0,73.0,,,,548.0,-17.0,24.0,7.0,0.0,,,7.0,,7.0,0.0,0.0,7.0,7.0,,794.0,0.01,0.01,0.79,810.0,0.01,0.01,0.78,
03/31/2000,6044.0,,-4450.0,,1594.0,,-758.0,,,836.0,-97.0,111.0,,,,,-14.0,739.0,-233.0,506.0,,,,506.0,,506.0,,,506.0,506.0,,796.6,0.64,0.64,0.64,806.7,0.63,0.63,0.63,
06/30/2000,6309.0,,-4575.0,,1734.0,,-763.0,,,971.0,-96.0,129.0,129.0,,,,-33.0,875.0,-258.0,617.0,0.0,,,617.0,,617.0,0.0,0.0,617.0,617.0,,799.8,0.77,0.77,0.76,810.5,0.76,0.76,0.75,
09/30/2000,6216.0,,-4484.0,,1732.0,,-791.0,,,941.0,-519.0,125.0,125.0,,,,394.0,422.0,-140.0,282.0,0.0,,,282.0,,282.0,0.0,0.0,282.0,282.0,,800.7,0.35,0.35,0.76,806.4,0.35,0.35,0.76,
12/31/2000,6454.0,,-4751.0,,1703.0,,-822.0,,,881.0,-519.0,116.0,116.0,,,,403.0,362.0,-108.0,254.0,0.0,,,254.0,,254.0,0.0,0.0,254.0,254.0,,804.0,0.32,0.32,0.71,812.0,0.31,0.31,0.7,
03/31/2001,5944.0,,-4499.0,,1445.0,,-747.0,,,698.0,-705.0,111.0,111.0,,,,594.0,-7.0,48.0,41.0,0.0,,,41.0,,41.0,0.0,0.0,41.0,41.0,,809.4,0.05,0.05,0.51,815.2,0.05,0.05,0.51,
06/30/2001,6066.0,,-4559.0,,1507.0,,-772.0,,,735.0,-747.0,103.0,103.0,,,,644.0,-12.0,62.0,50.0,0.0,,,50.0,,50.0,0.0,0.0,50.0,50.0,,811.4,0.06,0.06,0.55,816.7,0.06,0.06,0.55,
09/30/2001,5789.0,,-4452.0,,1337.0,,-738.0,,,599.0,-1097.0,99.0,99.0,,,,998.0,-498.0,190.0,-308.0,0.0,,,-308.0,,-308.0,0.0,0.0,-308.0,-308.0,,813.3,-0.38,-0.38,0.44,813.3,-0.38,-0.38,0.44,
12/31/2001,5853.0,,-4481.0,,1372.0,,-656.0,,,716.0,-621.0,92.0,92.0,,,,529.0,95.0,23.0,118.0,0.0,,,118.0,,118.0,0.0,0.0,118.0,118.0,,815.0,0.14,0.14,0.55,818.0,0.14,0.14,0.55,
03/31/2002,5199.0,,-4027.0,,1172.0,,-613.0,,,559.0,-32.0,87.0,87.0,,,,-55.0,527.0,-151.0,376.0,0.0,,,376.0,,376.0,0.0,0.0,376.0,376.0,,817.0,0.46,0.46,0.45,820.4,0.46,0.46,0.45,
06/30/2002,5651.0,,-4304.0,,1347.0,,-660.0,,,687.0,-372.0,88.0,88.0,,,,284.0,315.0,144.0,459.0,0.0,,,459.0,,459.0,0.0,0.0,459.0,459.0,,819.400024,0.56,0.56,0.55,823.299988,0.56,0.56,0.55,
09/30/2002,5569.0,,-4236.0,,1333.0,,-698.0,,,635.0,-75.0,86.0,86.0,,,,-11.0,560.0,-148.0,412.0,0.0,,,412.0,,412.0,0.0,0.0,412.0,412.0,,821.099976,0.5,0.5,0.5,823.299988,0.5,0.5,0.5,
12/31/2002,5855.0,,-4487.0,,1368.0,,-741.0,,,627.0,-2974.0,83.0,83.0,,,,2891.0,-2347.0,880.0,-1467.0,0.0,,,-1467.0,,-1467.0,0.0,0.0,-1467.0,-1467.0,,824.0,-1.78,-1.78,0.5,824.0,-1.78,-1.78,0.5,
03/31/2003,5399.0,,-4240.0,,1159.0,,-703.0,,,456.0,-83.0,84.0,84.0,,,,-1.0,373.0,-99.0,274.0,20.0,,,254.0,,254.0,0.0,0.0,254.0,254.0,,856.799988,0.3,0.32,0.32,857.5,0.3,0.32,0.32,
06/30/2003,5749.0,,-4485.0,,1264.0,,-757.0,,,507.0,-60.0,87.0,87.0,,,,-27.0,447.0,-128.0,319.0,0.0,,,319.0,,319.0,0.0,0.0,319.0,319.0,,859.900024,0.37,0.37,0.37,860.900024,0.37,0.37,0.37,
09/30/2003,5768.0,,-4483.0,,1285.0,,-727.0,,,558.0,-105.0,82.0,82.0,,,,23.0,453.0,-109.0,344.0,0.0,,,344.0,,344.0,0.0,0.0,344.0,344.0,,862.0,0.4,0.4,0.4,864.599976,0.4,0.4,0.4,
12/31/2003,6187.0,,-4755.0,,1432.0,,-759.0,,,673.0,-306.0,,82.0,,,-38.0,262.0,367.0,40.0,407.0,0.0,,,407.0,,407.0,0.0,0.0,407.0,407.0,,864.0,0.47,0.47,0.49,866.0,0.47,0.47,0.49,
03/31/2004,6178.0,,-4930.0,,1248.0,,-808.0,,,440.0,-35.0,84.0,84.0,,,,-49.0,405.0,-110.0,295.0,0.0,,,295.0,,295.0,0.0,0.0,295.0,295.0,,861.0,0.34,0.34,0.36,864.0,0.34,0.34,0.36,
06/30/2004,6388.0,,-5228.0,,1160.0,,-823.0,,,337.0,186.0,82.0,82.0,,,,-268.0,523.0,-162.0,361.0,0.0,,,361.0,,361.0,0.0,0.0,361.0,361.0,,860.0,0.42,0.42,0.45,863.400024,0.42,0.42,0.45,
09/30/2004,6395.0,,-5087.0,,1308.0,,-820.0,,,488.0,-2.0,81.0,81.0,,,,-79.0,486.0,-114.0,372.0,0.0,,,372.0,,372.0,0.0,0.0,372.0,372.0,,860.599976,0.43,0.43,0.47,864.299988,0.43,0.43,0.47,
12/31/2004,6640.0,,-5340.0,,1300.0,,-865.0,,,435.0,-159.0,,84.0,,0.0,,75.0,276.0,-13.0,263.0,0.0,,,263.0,-10.0,253.0,0.0,0.0,253.0,253.0,,854.0,0.3,0.3,0.58,857.0,0.3,0.3,0.57,
03/31/2005,6449.0,,-5082.0,,1367.0,,-854.0,,,513.0,-28.0,91.0,91.0,,0.0,,-63.0,485.0,-127.0,358.0,0.0,,,358.0,0.0,358.0,0.0,0.0,358.0,358.0,,852.5,0.42,0.42,0.49,856.4,0.42,0.42,0.49,
06/30/2005,7028.0,,-5503.0,,1525.0,,-935.0,,,590.0,-72.0,86.0,86.0,,0.0,,-14.0,518.0,-244.0,274.0,-28.0,,,302.0,0.0,302.0,0.0,0.0,302.0,302.0,,854.9,0.36,0.33,0.57,858.3,0.36,0.33,0.57,
09/30/2005,6900.0,,-5302.0,,1598.0,,-982.0,,,616.0,-40.0,83.0,83.0,,0.0,,-43.0,576.0,-149.0,427.0,-37.0,,,464.0,0.0,464.0,0.0,0.0,464.0,464.0,,851.3,0.54,0.5,0.57,855.6,0.54,0.5,0.57,
12/31/2005,7275.0,,-5637.0,,1638.0,,-936.0,,,702.0,15.0,,96.0,,21.0,,-132.0,717.0,-212.0,505.0,-9.0,,,514.0,0.0,514.0,0.0,0.0,514.0,514.0,,836.0,0.61,0.6,0.66,836.0,0.61,0.6,0.66,
03/31/2006,7241.0,,-5600.0,,1641.0,,-1002.0,,,639.0,-64.0,89.0,89.0,,0.0,,-25.0,575.0,-144.0,431.0,-5.0,,,436.0,0.0,436.0,0.0,0.0,436.0,436.0,,830.0,0.52,0.51,0.62,835.8,0.52,0.51,0.61,
06/30/2006,7898.0,,-6027.0,,1871.0,,-1086.0,,,785.0,-77.0,94.0,94.0,,0.0,,-17.0,708.0,-187.0,521.0,0.0,,,521.0,0.0,521.0,0.0,0.0,521.0,521.0,,825.0,0.63,0.63,0.73,830.3,0.63,0.63,0.73,
09/30/2006,7952.0,,-6111.0,,1841.0,,-1037.0,,,804.0,-70.0,97.0,97.0,,0.0,,-27.0,734.0,-193.0,541.0,0.0,,,541.0,0.0,541.0,0.0,0.0,541.0,541.0,,817.5,0.66,0.66,0.75,821.5,0.66,0.66,0.75,
12/31/2006,8276.0,,-6358.0,,1918.0,0.0,-1085.0,1085.0,0.0,833.0,-52.0,,94.0,,,,-42.0,781.0,-196.0,585.0,,,,585.0,0.0,585.0,0.0,0.0,585.0,585.0,,811.0,0.72,0.72,0.72,817.0,0.72,0.72,0.72,
03/31/2007,8041.0,,-6150.0,,1891.0,,-1089.0,1089.0,0.0,802.0,-86.0,78.0,97.0,-19.0,5.0,,3.0,716.0,-190.0,526.0,0.0,,,526.0,0.0,526.0,0.0,0.0,526.0,526.0,116.35,794.5,0.66,0.66,0.81,802.2,0.66,0.66,0.81,
06/30/2007,8538.0,,-6491.0,,2047.0,,-1127.0,,,920.0,-90.0,90.0,110.0,-20.0,7.0,,-7.0,830.0,-219.0,611.0,0.0,,,611.0,0.0,611.0,0.0,0.0,611.0,611.0,,768.3,0.79,0.79,0.9,778.7,0.78,0.78,0.88,
09/30/2007,8735.0,,-6646.0,,2089.0,,-1144.0,,,945.0,-108.0,108.0,124.0,-16.0,7.0,,-7.0,837.0,-219.0,618.0,0.0,,,618.0,0.0,618.0,0.0,0.0,618.0,618.0,,748.0,0.83,0.83,0.92,758.4,0.81,0.81,0.9,
12/31/2007,9275.0,,-7013.0,,2262.0,0.0,-1205.0,1205.0,0.0,1057.0,-119.0,99.0,125.0,-26.0,15.0,,5.0,938.0,-249.0,689.0,0.0,,,689.0,0.0,689.0,0.0,0.0,689.0,689.0,,747.0,0.92,0.92,1.04,758.0,0.91,0.91,1.03,
03/31/2008,8895.0,,-6672.0,,2223.0,,-1255.0,,,968.0,-93.0,90.0,115.0,-25.0,11.0,,-8.0,875.0,-232.0,643.0,0.0,,,643.0,0.0,643.0,0.0,0.0,643.0,643.0,,743.4,0.87,0.87,1.04,752.9,0.85,0.85,1.02,
06/30/2008,9674.0,,-7323.0,,2351.0,,-1290.0,,,1061.0,-77.0,86.0,115.0,-29.0,3.0,,-12.0,984.0,-261.0,723.0,0.0,,,723.0,0.0,723.0,0.0,0.0,723.0,723.0,,743.9,0.97,0.97,1.12,753.4,0.96,0.96,1.11,
09/30/2008,9275.0,,-7476.0,,1799.0,0.0,-1309.0,1309.0,0.0,490.0,544.0,91.0,112.0,-21.0,12.0,,-647.0,1034.0,-315.0,719.0,,,,719.0,,719.0,0.0,0.0,719.0,719.0,,730.9,0.98,0.98,1.49,737.6,0.97,0.97,1.48,
12/31/2008,8712.0,,-6523.0,,2189.0,,-1179.0,1179.0,0.0,1010.0,-102.0,87.0,114.0,-27.0,26.0,,-11.0,908.0,-201.0,707.0,0.0,,,707.0,0.0,707.0,0.0,0.0,707.0,707.0,,729.0,0.97,0.97,1.05,730.0,0.97,0.97,1.05,
03/31/2009,7570.0,7570.0,-5756.0,5756.0,1814.0,0.0,-1152.0,1152.0,0.0,662.0,-119.0,105.0,117.0,-12.0,22.0,-6.0,-2.0,543.0,-144.0,399.0,0.0,0.0,0.0,399.0,-2.0,397.0,0.0,0.0,397.0,469.15,72.15,737.7,0.54,0.54,0.635963,739.3,0.54,0.54,0.635963,
06/30/2009,7566.0,7566.0,-5682.0,5682.0,1884.0,0.0,-1084.0,1084.0,0.0,800.0,-174.0,117.0,123.0,-6.0,5.0,-9.0,61.0,626.0,-166.0,460.0,0.0,0.0,0.0,460.0,-10.0,450.0,0.0,0.0,450.0,542.3,92.3,747.7,0.6,0.6,0.725291,750.1,0.6,0.6,0.72305,
09/30/2009,7700.0,7700.0,-5797.0,5797.0,1903.0,0.0,-1034.0,1034.0,0.0,869.0,-71.0,103.0,110.0,-7.0,5.0,-8.0,-29.0,798.0,-179.0,619.0,0.0,0.0,0.0,619.0,-11.0,608.0,0.0,0.0,608.0,682.1,74.1,760.8,0.8,0.8,0.896556,764.0,0.8,0.8,0.896556,
12/31/2009,8072.0,8072.0,-6651.0,6651.0,1421.0,0.0,-1158.0,1158.0,0.0,263.0,-40.0,101.0,109.0,-8.0,13.0,-3.0,-71.0,223.0,-60.0,163.0,0.0,0.0,0.0,163.0,-13.0,150.0,0.0,0.0,150.0,386.6,236.6,764.3,0.2,0.2,0.505822,769.5,0.2,0.2,0.505822,
03/31/2010,7776.0,7776.0,-5858.0,5858.0,1918.0,0.0,-1111.0,1111.0,0.0,807.0,-105.0,98.0,107.0,-9.0,11.0,-4.0,0.0,702.0,-206.0,496.0,0.0,0.0,0.0,496.0,-7.0,489.0,0.0,0.0,489.0,581.3,92.3,765.7,0.63,0.63,0.759175,771.7,0.63,0.63,0.749606,
06/30/2010,7926.0,7926.0,-5967.0,5967.0,1959.0,0.0,-1110.0,1110.0,0.0,849.0,-82.0,84.0,91.0,-7.0,-3.0,-9.0,10.0,767.0,-209.0,558.0,-16.0,-16.0,0.0,574.0,-8.0,566.0,0.0,0.0,566.0,632.55,82.55,769.6,0.74,0.72,0.82192,777.3,0.73,0.71,0.816201,
09/30/2010,8139.0,8139.0,-6170.0,6170.0,1969.0,0.0,-1129.0,1129.0,0.0,840.0,-18.0,82.0,96.0,-14.0,-3.0,-3.0,-58.0,822.0,-245.0,577.0,-19.0,-19.0,0.0,596.0,2.0,598.0,0.0,0.0,598.0,716.8,137.8,776.5,0.77,0.75,0.923117,782.8,0.76,0.74,0.916035,
12/31/2010,8749.0,8749.0,-6917.0,6917.0,1832.0,0.0,-1289.0,1289.0,0.0,543.0,-84.0,83.0,92.0,-9.0,7.0,-12.0,6.0,459.0,-115.0,344.0,-25.0,-25.0,0.0,369.0,0.0,369.0,0.0,0.0,369.0,420.05,76.05,782.3,0.47,0.44,0.536942,792.0,0.47,0.44,0.536023,
03/31/2011,8672.0,8672.0,-6424.0,6424.0,2248.0,0.0,-1232.0,1232.0,0.0,1016.0,-70.0,86.0,99.0,-13.0,8.0,-9.0,-15.0,946.0,-256.0,690.0,-18.0,-18.0,0.0,708.0,-3.0,705.0,0.0,0.0,705.0,773.45,86.45,785.5,0.9,0.87,0.984659,797.7,0.88,0.86,0.968374,
06/30/2011,9086.0,9086.0,-6664.0,6664.0,2422.0,0.0,-1248.0,1248.0,0.0,1174.0,-74.0,82.0,96.0,-14.0,10.0,-14.0,-4.0,1100.0,-304.0,796.0,-14.0,-14.0,0.0,810.0,0.0,810.0,0.0,0.0,810.0,859.05,63.05,785.0,1.03,1.01,1.094331,785.0,1.02,1.0,1.080318,
09/30/2011,9298.0,9298.0,-7033.0,7033.0,2265.0,0.0,-1303.0,1303.0,0.0,962.0,-69.0,75.0,90.0,-15.0,5.0,-13.0,2.0,893.0,-207.0,686.0,-177.0,-177.0,0.0,863.0,-1.0,862.0,0.0,0.0,862.0,753.25,68.25,778.2,1.11,0.88,0.967939,786.9,1.1,0.87,0.956733,
12/31/2011,9473.0,9473.0,-8435.0,8435.0,1038.0,0.0,-1616.0,1616.0,0.0,-578.0,-79.0,75.0,91.0,-16.0,27.0,-15.0,-8.0,-657.0,350.0,-307.0,0.0,0.0,0.0,-307.0,-3.0,-310.0,0.0,0.0,-310.0,-272.1,37.9,774.7,-0.4,-0.4,-0.351233,784.3,-0.4,-0.4,-0.351677,
03/31/2012,9307.0,9307.0,-6880.0,6880.0,2427.0,0.0,-1231.0,1231.0,0.0,1196.0,-74.0,75.0,89.0,-14.0,10.0,-10.0,-1.0,1122.0,-297.0,825.0,0.0,0.0,0.0,825.0,-2.0,823.0,0.0,0.0,823.0,902.3,79.3,777.3,1.06,1.06,1.160813,788.1,1.04,1.04,1.140622,
06/30/2012,9435.0,9435.0,-6922.0,6922.0,2513.0,0.0,-1226.0,1226.0,0.0,1287.0,-64.0,73.0,87.0,-14.0,3.0,-14.0,2.0,1223.0,-318.0,905.0,0.0,0.0,0.0,905.0,-3.0,902.0,0.0,0.0,902.0,989.1,87.1,781.4,1.15,1.15,1.265805,790.5,1.14,1.14,1.250183,
09/30/2012,9342.0,9342.0,-6808.0,6808.0,2534.0,0.0,-1238.0,1238.0,0.0,1296.0,-72.0,74.0,88.0,-14.0,15.0,-12.0,-5.0,1224.0,-278.0,946.0,0.0,0.0,0.0,946.0,4.0,950.0,0.0,0.0,950.0,1012.4,62.4,783.6,1.21,1.21,1.291986,792.5,1.2,1.2,1.278738,
12/31/2012,9581.0,9581.0,-7681.0,7681.0,1900.0,0.0,-1523.0,1523.0,0.0,377.0,-71.0,71.0,87.0,-16.0,38.0,-9.0,-29.0,306.0,-51.0,255.0,0.0,0.0,0.0,255.0,-4.0,251.0,0.0,0.0,251.0,307.55,56.55,787.2,0.32,0.32,0.390689,796.4,0.32,0.32,0.390689,
03/31/2013,9328.0,9328.0,-6783.0,6783.0,2545.0,0.0,-1229.0,1229.0,0.0,1316.0,-56.0,67.0,84.0,-17.0,2.0,-9.0,-4.0,1260.0,-291.0,969.0,0.0,0.0,0.0,969.0,-3.0,966.0,0.0,0.0,966.0,1049.2,83.2,785.8,1.23,1.23,1.3352,797.1,1.21,1.21,1.314378,
06/30/2013,9693.0,9693.0,-7027.0,7027.0,2666.0,0.0,-1281.0,1281.0,0.0,1385.0,-56.0,65.0,80.0,-15.0,1.0,-11.0,1.0,1329.0,-307.0,1022.0,0.0,0.0,0.0,1022.0,-1.0,1021.0,0.0,0.0,1021.0,1132.15,111.15,787.6,1.3,1.3,1.437468,798.1,1.28,1.28,1.419268,
09/30/2013,9647.0,9647.0,-6942.0,6942.0,2705.0,0.0,-1242.0,1242.0,0.0,1463.0,-79.0,65.0,80.0,-15.0,21.0,-11.0,4.0,1384.0,-377.0,1007.0,0.0,0.0,0.0,1007.0,-17.0,990.0,0.0,0.0,990.0,1068.0,78.0,786.3,1.26,1.26,1.35826,797.1,1.24,1.24,1.337855,
12/31/2013,10387.0,10387.0,-7612.0,7612.0,2775.0,0.0,-1438.0,1438.0,0.0,1337.0,102.0,61.0,83.0,-22.0,10.0,-5.0,-168.0,1439.0,-475.0,964.0,0.0,0.0,0.0,964.0,-17.0,947.0,0.0,0.0,947.0,978.6,31.6,785.9,1.2,1.2,1.245197,797.0,1.19,1.19,1.229649,
03/31/2014,9679.0,9679.0,-6967.0,6967.0,2712.0,0.0,-1339.0,1339.0,0.0,1373.0,38.0,57.0,79.0,-22.0,14.0,-6.0,-103.0,1411.0,-375.0,1036.0,0.0,0.0,0.0,1036.0,-19.0,1017.0,0.0,0.0,1017.0,1079.1,62.1,784.9,1.3,1.3,1.374825,796.4,1.28,1.28,1.357976,
06/30/2014,10253.0,10253.0,-7296.0,7296.0,2957.0,0.0,-1375.0,1375.0,0.0,1582.0,-59.0,55.0,80.0,-25.0,5.0,-11.0,10.0,1523.0,-397.0,1126.0,0.0,0.0,0.0,1126.0,-27.0,1099.0,0.0,0.0,1099.0,1175.05,76.05,784.5,1.4,1.4,1.497833,795.4,1.38,1.38,1.475612,
09/30/2014,10108.0,10108.0,-7128.0,7128.0,2980.0,0.0,-1344.0,1344.0,0.0,1636.0,-56.0,53.0,77.0,-24.0,11.0,-10.0,2.0,1580.0,-388.0,1192.0,0.0,0.0,0.0,1192.0,-25.0,1167.0,0.0,0.0,1167.0,1246.3,79.3,784.5,1.49,1.49,1.588655,795.0,1.47,1.47,1.569748,
12/31/2014,10266.0,10266.0,-7566.0,7566.0,2700.0,0.0,-1460.0,1460.0,0.0,1240.0,64.0,51.0,82.0,-31.0,4.0,-9.0,-110.0,1304.0,-329.0,975.0,0.0,0.0,0.0,975.0,-19.0,956.0,0.0,0.0,956.0,974.85,18.85,783.8,1.22,1.22,1.243748,794.1,1.2,1.2,1.223738,
03/31/2015,9213.0,9213.0,-6362.0,6362.0,2851.0,0.0,-1230.0,1230.0,0.0,1621.0,-57.0,77.0,77.0,0.0,,,-20.0,1564.0,-418.0,1146.0,0.0,0.0,0.0,1146.0,-30.0,1116.0,0.0,0.0,1116.0,1201.15,85.15,783.8,1.42,1.42,1.53247,794.0,1.41,1.41,1.517242,
06/30/2015,9775.0,9775.0,-6814.0,6814.0,2961.0,0.0,-1242.0,1242.0,0.0,1719.0,-57.0,77.0,77.0,0.0,,,-20.0,1662.0,-440.0,1222.0,0.0,0.0,0.0,1222.0,-28.0,1194.0,0.0,0.0,1194.0,1277.85,83.85,783.3,1.52,1.52,1.631367,792.9,1.51,1.51,1.615751,
09/30/2015,9611.0,9611.0,-6654.0,6654.0,2957.0,0.0,-1202.0,1202.0,0.0,1755.0,-48.0,72.0,72.0,0.0,,,-24.0,1707.0,-431.0,1276.0,0.0,0.0,0.0,1276.0,-12.0,1264.0,0.0,0.0,1264.0,1350.45,86.45,780.4,1.62,1.62,1.730459,789.5,1.6,1.6,1.7095,
12/31/2015,9982.0,9982.0,-6917.0,6917.0,3065.0,0.0,-1332.0,1332.0,0.0,1733.0,-80.0,84.0,84.0,0.0,,,-4.0,1653.0,-450.0,1203.0,0.0,0.0,0.0,1203.0,-9.0,1194.0,0.0,0.0,1194.0,1294.75,100.75,771.8,1.55,1.55,1.677572,780.8,1.53,1.53,1.659034,
03/31/2016,9522.0,9522.0,-6547.0,6547.0,2975.0,0.0,-1280.0,1280.0,0.0,1695.0,-67.0,85.0,85.0,0.0,,,-18.0,1628.0,-402.0,1226.0,0.0,0.0,0.0,1226.0,-10.0,1216.0,0.0,0.0,1216.0,1297.25,81.25,767.9,1.58,1.58,1.689348,779.6,1.56,1.56,1.66422,
06/30/2016,9991.0,9991.0,-6821.0,6821.0,3170.0,0.0,-1329.0,1329.0,0.0,1841.0,-86.0,85.0,85.0,0.0,,,1.0,1755.0,-428.0,1327.0,0.0,0.0,0.0,1327.0,-8.0,1319.0,0.0,0.0,1319.0,1410.0,91.0,763.3,1.73,1.73,1.847242,774.9,1.7,1.7,1.817435,
09/30/2016,9804.0,9804.0,-6903.0,6903.0,2901.0,0.0,-1367.0,1367.0,0.0,1534.0,98.0,82.0,82.0,0.0,,,-180.0,1632.0,-384.0,1248.0,0.0,0.0,0.0,1248.0,-8.0,1240.0,0.0,0.0,1240.0,1321.9,81.9,763.7,1.62,1.62,1.730915,774.4,1.6,1.6,1.705759,
12/31/2016,9985.0,9985.0,-6879.0,6879.0,3106.0,0.0,-1493.0,1493.0,0.0,1613.0,-181.0,86.0,86.0,0.0,,,95.0,1432.0,-387.0,1045.0,0.0,0.0,0.0,1045.0,-11.0,1034.0,0.0,0.0,1034.0,1208.9,174.9,762.4,1.36,1.36,1.585651,772.3,1.34,1.34,1.566466,
03/31/2017,9492.0,9492.0,-6529.0,6529.0,2963.0,0.0,-1422.0,1422.0,0.0,1541.0,183.0,75.0,75.0,0.0,,,-258.0,1724.0,-392.0,1332.0,0.0,0.0,0.0,1332.0,-6.0,1326.0,0.0,0.0,1326.0,1409.85,83.85,763.1,1.74,1.74,1.84753,773.9,1.71,1.71,1.818347,
06/30/2017,10078.0,10078.0,-7024.0,7024.0,3054.0,0.0,-1456.0,1456.0,0.0,1598.0,180.0,79.0,79.0,0.0,,,-259.0,1778.0,-378.0,1400.0,0.0,0.0,0.0,1400.0,-8.0,1392.0,0.0,0.0,1392.0,1537.6,145.6,764.2,1.82,1.82,2.012039,774.0,1.8,1.8,1.988114,
09/30/2017,10121.0,10121.0,-7054.0,7054.0,3067.0,0.0,-1524.0,1524.0,0.0,1543.0,235.0,81.0,81.0,0.0,,,-316.0,1778.0,-416.0,1362.0,0.0,0.0,0.0,1362.0,-17.0,1345.0,0.0,0.0,1345.0,1497.75,152.75,762.2,1.76,1.76,1.965035,771.4,1.74,1.74,1.938017,
12/31/2017,10843.0,10843.0,-7540.0,7540.0,3303.0,0.0,-1684.0,1684.0,0.0,1619.0,48.0,81.0,81.0,0.0,,,-129.0,1667.0,-4174.0,-2507.0,0.0,0.0,0.0,-2507.0,-12.0,-2519.0,0.0,0.0,-2519.0,-2196.9,322.1,758.8,-3.32,-3.32,-2.895229,758.8,-3.32,-3.32,-2.895514,
03/31/2018,10392.0,10392.0,-7191.0,7191.0,3201.0,0.0,-1475.0,1475.0,0.0,1726.0,185.0,83.0,83.0,0.0,,,-268.0,1911.0,-459.0,1452.0,0.0,0.0,0.0,1452.0,-13.0,1439.0,0.0,0.0,1439.0,1671.28,232.28,750.6,1.92,1.92,2.226592,761.0,1.89,1.89,2.19523,
06/30/2018,10919.0,10919.0,-7614.0,7614.0,3305.0,0.0,-1528.0,1528.0,0.0,1777.0,221.0,95.0,95.0,0.0,11.0,,-327.0,1998.0,-718.0,1280.0,0.0,0.0,0.0,1280.0,-13.0,1267.0,0.0,0.0,1267.0,1811.14,544.14,745.5,1.7,1.7,2.42943,755.0,1.68,1.68,2.400715,
09/30/2018,10762.0,10762.0,-7556.0,7556.0,3206.0,0.0,-1524.0,1524.0,0.0,1682.0,176.0,44.0,99.0,-55.0,-15.0,,-205.0,1858.0,498.0,2356.0,0.0,0.0,0.0,2356.0,-18.0,2338.0,0.0,0.0,2338.0,1750.85,-587.15,741.8,3.15,3.15,2.360272,752.0,3.11,3.11,2.329215,
12/31/2018,9729.0,9729.0,-6685.0,6685.0,3044.0,0.0,-1524.0,1524.0,0.0,1520.0,200.0,90.0,90.0,0.0,,,-290.0,1720.0,20.0,1740.0,0.0,0.0,0.0,1740.0,-19.0,1721.0,0.0,0.0,1721.0,1682.65,-38.35,734.0,2.34,2.34,2.292439,743.9,2.31,2.31,2.258447,
03/31/2019,8884.0,8884.0,-5879.0,5879.0,3005.0,0.0,-1363.0,1363.0,0.0,1642.0,200.0,85.0,85.0,0.0,,,-285.0,1842.0,-406.0,1436.0,0.0,0.0,0.0,1436.0,-20.0,1416.0,0.0,0.0,1416.0,1482.36,66.36,729.7,1.94,1.94,2.031465,738.8,1.92,1.92,2.009821,
06/30/2019,9243.0,9243.0,-6094.0,6094.0,3149.0,0.0,-1387.0,1387.0,0.0,1762.0,220.0,85.0,85.0,0.0,43.0,,-348.0,1982.0,-426.0,1556.0,0.0,0.0,0.0,1556.0,-15.0,1541.0,0.0,0.0,1541.0,1639.75,98.75,723.2,2.13,2.13,2.267353,733.0,2.1,2.1,2.23472,
09/30/2019,9086.0,9086.0,-6038.0,6038.0,3048.0,0.0,-1296.0,1296.0,0.0,1752.0,215.0,32.0,96.0,-64.0,-43.0,,-204.0,1967.0,-319.0,1648.0,0.0,0.0,0.0,1648.0,-24.0,1624.0,0.0,0.0,1624.0,1585.84,-38.16,717.6,2.26,2.26,2.209922,726.7,2.23,2.23,2.177489,
12/31/2019,9496.0,9496.0,-6328.0,6328.0,3168.0,0.0,-1473.0,1473.0,0.0,1695.0,73.0,91.0,91.0,0.0,0.0,,-164.0,1768.0,-178.0,1590.0,0.0,0.0,0.0,1590.0,-28.0,1562.0,0.0,0.0,1562.0,1776.56,214.56,713.5,2.19,2.19,2.489923,722.6,2.16,2.16,2.456928,
03/31/2020,8463.0,8463.0,-5534.0,5534.0,2929.0,0.0,-1238.0,1238.0,0.0,1691.0,244.0,29.0,73.0,-44.0,,,-273.0,1935.0,-329.0,1606.0,0.0,0.0,0.0,1606.0,-25.0,1581.0,0.0,0.0,1581.0,1629.98,48.98,709.6,2.23,2.23,2.297041,717.0,2.21,2.21,2.278312,
06/30/2020,7477.0,7477.0,-5276.0,5276.0,2201.0,0.0,-1183.0,1183.0,0.0,1018.0,201.0,68.0,90.0,-22.0,-3.0,-15.0,-251.0,1219.0,-120.0,1099.0,0.0,0.0,0.0,1099.0,-18.0,1081.0,0.0,0.0,1081.0,1116.2,35.2,702.3,1.54,1.54,1.589349,708.1,1.53,1.53,1.57971,
09/30/2020,7622.5,,,,2414.731775,,,,,1442.167,,,,,,,,1403.3,,1043.067,,,,,,1043.067,,,1043.067,1044.25,,,1.478,1.478,1.487,,1.478,1.478,1.487,
12/31/2020,8382.833,,,,2784.10649596,,,,,1726.0,,,,,,,,1772.1,,1327.8,,,,,,1327.8,,,1327.8,1326.313,,,1.888,1.888,1.901,,1.888,1.888,1.901,
