Date,Revenue,Sales & Services Revenue,Other Revenue,Cost of Revenue,Cost of Goods & Services,Depreciation & Amortization,Gross Profit,Other Operating Income,Operating Expenses,"Selling, General & Admin",General & Administrative,Research & Development,Other Operating Expense,Operating Income (Loss),Non-Operating (Income) Loss,"Interest Expense, Net",Interest Expense,Interest Income,Foreign Exch (Gain) Loss,(Income) Loss from Affiliates,Other Non-Op (Income) Loss,Pretax Income,Income Tax Expense (Benefit),Income (Loss) from Cont Ops,Net Extraordinary Losses (Gains),Discontinued Operations,XO & Accounting Changes,Income (Loss) Incl. MI,Minority Interest,"Net Income, GAAP",Preferred Dividends,Other Adjustments,"Net Income Avail to Common, GAAP","Net Income Avail to Common, Adj",Net Abnormal Losses (Gains),Basic Weighted Avg Shares,"Basic EPS, GAAP",Basic EPS from Cont Ops,"Basic EPS from Cont Ops, Adjusted",Diluted Weighted Avg Shares,"Diluted EPS, GAAP",Diluted EPS from Cont Ops,"Diluted EPS from Cont Ops, Adjusted",Source: Bloomberg
12/31/1989,63.324001,,,-35.278,,,28.046001,,-6.656,,,,,21.389999,16.242,,1.001,,,,-17.243,37.631999,-12.572,25.059999,0.0,,,25.06,0.0,25.059999,0.0,,25.059999,25.059999,,96.704002,0.2575,0.2575,,96.704002,0.2575,0.2575,0.2575,
03/31/1990,46.173,,,-33.456001,,,12.716999,,-6.213,,,,,6.504,4.518,,0.937,,,,-5.455,11.022,-4.214,6.808,0.0,,,6.808,0.0,6.808,0.0,,6.808,6.808,,96.720001,0.0725,0.0725,,96.720001,0.0725,0.0725,0.0725,
06/30/1990,42.875,,,-35.926998,,,6.948002,,-6.321,,,,,0.627,7.412,,0.613,,,,-8.025,8.039,-2.468,5.571,0.0,,,5.571,0.0,5.571,0.0,,5.571,5.571,,96.720001,0.0575,0.0575,,96.720001,0.0575,0.0575,0.0575,
09/30/1990,46.834,,,-40.214001,,,6.619999,,-6.758,,,,,-0.138,13.201,,0.0,,,,-13.201,13.063,-2.94,10.123,0.0,,,10.123,0.0,10.123,0.0,,10.123,10.123,,96.704004,0.105,0.105,0.105,96.704004,0.105,0.105,0.105,
12/31/1990,51.641998,,,-37.931999,,,13.709999,,-7.981,,,,,5.729,15.016,,0.011,,,,-15.027,20.745001,-7.0,13.745,0.0,,,13.745001,0.0,13.745,0.0,,13.745,13.745,,96.720001,0.1425,0.1425,,96.720001,0.1425,0.1425,0.1425,
03/31/1991,48.300999,,,-39.249001,,,9.051998,,-7.857,,,,,1.195,2.47,,0.168,,,,-2.638,3.665,-0.797,2.868,0.0,,,2.868,0.0,2.868,0.0,,2.868,2.868,,96.727997,0.03,0.03,,96.727997,0.03,0.03,0.03,
06/30/1991,41.728001,,,-34.007,,,7.721001,,-5.259,,,,,2.462,2.358,,0.111,,,,-2.469,4.82,-2.12,2.7,0.0,,,2.7,0.0,2.7,0.0,,2.7,2.7,,96.732002,0.0275,0.0275,,96.732002,0.0275,0.0275,0.0275,
09/30/1991,48.754002,,,-40.979,,,7.775002,,-5.241,,,,,2.534,1.757,,0.09,,,,-1.847,4.291,-2.363,1.928,0.0,,,1.928,0.0,1.928,0.0,,1.928,1.928,,97.949996,0.02,0.02,0.02,97.949996,0.02,0.02,0.02,
12/31/1991,63.23,,,-50.251999,,,12.978001,,-6.461,,,,,6.517,1.87,,0.143,,,,-2.013,8.387,-3.307,5.08,0.0,,,5.08,0.0,5.08,0.0,,5.08,5.08,,96.732002,0.0525,0.0525,,96.732002,0.0525,0.0525,0.0525,
03/31/1992,54.683998,,,-46.120998,,,8.563,,-6.134,,,,,2.429,1.732,,0.155,,,,-1.887,4.161,-1.955,2.206,0.0,,,2.206,0.0,2.206,0.0,,2.206,2.206,,96.736,0.0225,0.0225,,96.736,0.0225,0.0225,0.0225,
06/30/1992,53.396,,,-46.049,,,7.347,,-4.664,,,,,2.683,2.194,,0.144,,,,-2.338,4.877,-1.885,2.992,0.0,,,2.992,0.0,2.992,0.0,,2.992,2.992,,96.912003,0.03,0.03,,96.912003,0.03,0.03,0.03,
09/30/1992,59.188,,,-51.094002,,,8.093998,,-4.218,,,,,3.876,-1.811,,0.19,,,,1.621,2.065,-1.494,0.571,0.0,,,0.571,0.0,0.571,0.0,,0.571,0.571,,98.253996,0.0075,0.0075,0.0075,98.253996,0.0075,0.0075,0.0075,
12/31/1992,80.001999,,,-61.505001,,,18.496998,,-8.667,,,,,9.83,2.489,,0.322,,,,-2.811,12.319,-5.1,7.219,0.0,,,7.219,0.0,7.219,0.0,,7.219,7.219,,96.987999,0.075,0.075,,96.987999,0.075,0.075,0.075,
03/31/1993,81.245003,,,-63.001999,,,18.243004,,-7.664,,,,,10.579,1.836,,0.085,,,,-1.921,12.415,-5.147,7.268,0.0,,,7.268001,0.0,7.268,0.0,,7.268,7.268,,97.071999,0.075,0.075,,97.071999,0.075,0.075,0.075,
06/30/1993,72.095001,,,-58.333,,,13.762001,,-6.764,,,,,6.998,1.024,,0.308,,,,-1.332,8.022,-3.091,4.931,0.0,,,4.931,0.0,4.931,0.0,,4.931,4.931,,97.379997,0.05,0.05,,97.379997,0.05,0.05,0.05,
09/30/1993,72.705002,,,-60.625,,,12.080002,,-5.292,,,,,6.788,2.374,,0.21,,,,-2.584,9.162,-4.03,5.132,0.0,,,5.132,0.0,5.132,0.0,,5.132,5.132,,97.472,0.0525,0.0525,0.0525,97.472,0.0525,0.0525,0.0525,
12/31/1993,80.643997,,,-62.328999,,,18.314999,,-8.39,,,,,9.925,1.511,,0.182,,0.0,,-1.693,11.436,-4.183,7.253,-4.0,,,11.253,0.0,11.253,0.0,,11.253,11.253,,97.472,0.115,0.075,,97.472,0.115,0.075,0.075,
03/31/1994,86.359001,,,-69.883003,,,16.475998,,-7.54,,,,,8.936,1.679,,0.041,,0.0,,-1.72,10.615,-4.46,6.155,0.0,,,6.155,0.0,6.155,0.0,,6.155,6.155,,97.632004,0.0625,0.0625,,97.632004,0.0625,0.0625,0.0625,
06/30/1994,77.052002,,,-64.289001,,,12.763,,-7.563,,,,,5.2,1.601,,0.111,,0.0,,-1.712,6.801,-2.141,4.66,0.0,,,4.66,0.0,4.66,0.0,,4.66,4.66,,97.767998,0.0475,0.0475,,97.767998,0.0475,0.0475,0.0475,
09/30/1994,78.642998,,,-66.994003,,,11.648995,,-11.329,,,,,0.32,2.031,,0.051,,0.0,,-2.082,2.351,0.552,2.903,0.0,,,2.903,0.0,2.903,0.0,,2.903,2.903,,97.864,0.03,0.03,0.03,97.864,0.03,0.03,0.03,
12/31/1994,78.555,,,-64.877998,,,13.677002,,-8.251,,,,,5.426,1.471,,0.099,,0.0,,-1.57,6.897,-2.481,4.416,0.0,,,4.416,0.0,4.416,0.0,,4.416,4.416,,97.916,0.045,0.045,,97.916,0.045,0.045,0.045,
03/31/1995,76.109001,,,-61.276001,,,14.833,,-9.166,,,,,5.667,3.493,,0.044,,0.0,,-3.537,9.16,-3.34,5.82,0.0,,,5.82,0.0,5.82,0.0,,5.82,5.82,,97.987999,0.06,0.06,,97.987999,0.06,0.06,0.06,
06/30/1995,76.413002,,,-63.516998,,,12.896004,,-7.887,,,,,5.009,2.397,,0.094,,0.0,,-2.491,7.406,-2.822,4.584,0.0,,,4.584,0.0,4.584,0.0,,4.584,4.584,,98.292,0.0475,0.0475,,98.292,0.0475,0.0475,0.0475,
09/30/1995,83.852997,,,-87.683998,,,-3.831001,,-9.001,,,,,-12.832,4.164,,0.17,,0.0,,-4.334,-8.668,3.599,-5.069,0.0,,,-5.069,0.0,-5.069,0.0,,-5.069,-5.069,,98.376,-0.0525,-0.0525,-0.0525,98.376,-0.0525,-0.0525,-0.0525,
12/31/1995,87.260002,,,-66.835999,,,20.424004,,-6.968,,,,,13.456,1.282,,0.079,,0.0,,-1.361,14.738,-5.27,9.468,-1.625,,,11.093,0.0,11.093,0.0,,11.093,11.093,,98.412003,0.1125,0.095,,98.412003,0.1125,0.095,0.095,
03/31/1996,93.911003,,,-69.313004,,,24.598,,-10.707,,,,,13.891,1.395,,0.248,,0.0,,-1.643,15.286,-5.484,9.802,-1.225,,,11.027,0.0,11.027,0.0,,11.027,11.027,,98.620003,0.1125,0.1,,98.620003,0.1125,0.1,0.1,
06/30/1996,99.702003,,,-70.957001,,,28.745003,,-9.063,,,,,19.681999,1.751,,0.063,,0.0,,-1.814,21.432999,-8.783,12.65,-0.508,,,13.157999,0.0,13.158,0.0,,13.158,13.158,,98.972,0.1325,0.1275,0.1275,98.972,0.1325,0.1275,0.1275,
09/30/1996,106.599998,,,-81.919998,,,24.68,,-7.27,,,,,17.41,2.362,,0.288,,0.0,,-2.65,19.772,-6.266,13.506,-23.782,,,37.288,0.0,37.287998,0.0,,37.287998,37.287998,,99.04,0.3775,0.1375,0.1375,99.04,0.3775,0.1375,0.1375,
12/31/1996,116.725998,,,-79.372002,,,37.353996,,-7.506,,,,,29.848,2.033,,0.003,,0.0,,-2.036,31.881,-11.756,20.125,0.0,,,20.125,0.0,20.125,0.0,,20.125,20.125,,99.304001,0.205,0.205,0.205,100.968002,0.2,0.2,0.2,
03/31/1997,130.772995,,,-87.786003,,,42.986992,,-10.775,,,,,32.212002,2.3,,,,0.0,,-2.3,34.512002,-12.094,22.417999,0.0,,,22.418002,0.0,22.417999,0.0,,22.417999,22.417999,,99.428001,0.225,0.225,0.225,100.760002,0.22,0.22,0.22,
06/30/1997,123.362999,,,-86.004997,,,37.358002,,-8.24,,,,,29.118,6.746,,0.143,,0.0,,-6.889,35.864,-12.216,23.648001,0.0,,,23.648,0.0,23.648001,0.0,,23.648001,23.648001,,99.667999,0.235,0.235,0.2125,101.059998,0.235,0.235,0.2125,
09/30/1997,135.559998,,,-94.622002,,,40.937996,,-11.926,,,,,29.011999,-1.572,,4.066,,0.0,,-2.494,27.439999,-9.445,17.995001,0.0,,,17.994999,0.0,17.995001,0.0,,17.995001,17.995001,,99.832,0.18,0.18,0.2475,101.199996,0.1775,0.1775,0.245,
12/31/1997,144.112,,,-95.140999,,,48.971001,,-11.887,,,,,37.084,8.903,,0.025,,0.0,,-8.928,45.987,-16.822001,29.165001,0.0,,,29.165,0.0,29.165001,0.0,,29.165001,29.165001,,100.012001,0.29,0.29,0.29,102.132004,0.285,0.285,0.285,
03/31/1998,140.822006,,,-100.568001,,,40.254005,,-12.791,,,,,27.462999,3.092,,0.034,,0.0,,-3.126,30.554999,-11.218,19.337,0.0,,,19.336999,0.0,19.337,0.0,,19.337,19.337,,100.103996,0.195,0.195,0.195,101.218002,0.19,0.19,0.19,
06/30/1998,153.901993,,,-113.170998,,,40.730995,,-11.273,,,,,29.458,24.239001,,0.572,,0.0,,-24.811001,53.697001,-19.836,33.861,0.0,,,33.861001,0.0,33.861,0.0,,33.861,33.861,,100.155998,0.34,0.34,0.21,101.080002,0.335,0.335,0.205,
09/30/1998,153.201004,,,-125.536003,,,27.665001,,-13.111,,,,,14.554,13.038,,0.311,,0.0,,-13.349,27.592,-8.801,18.791,0.0,,,18.791,0.0,18.791,0.0,,18.791,18.791,,100.0,0.19,0.19,0.19,101.199997,0.19,0.19,0.19,
12/31/1998,143.864,,,-117.034,,,26.83,0.0,-5.349,,,,,21.481,-1.602,1.602,1.602,0.0,,0.794,0.0,19.879,-7.862,12.811,,,,12.811,0.0,12.811,0.0,0.0,12.811,12.811,,98.364,0.13,0.13,0.13,99.328,0.13,0.13,0.13,
03/31/1999,155.374,,,-136.316,,,19.058,0.0,-6.661,,,,,12.397,-1.877,,1.877,,,0.867,,10.52,-4.035,7.352,,,,7.352,,7.352,0.0,0.0,7.352,7.352,,98.396,0.075,0.075,0.075,99.188,0.075,0.075,0.075,
06/30/1999,129.283997,,,-99.228996,,,30.055,,-12.334,,,,,17.721001,1.768,,1.928,,,,-3.696,19.489001,-7.293,12.196,0.0,,,12.196001,0.0,12.196,0.0,,12.196,12.196,,98.503998,0.125,0.125,0.12,99.865997,0.12,0.12,0.115,
09/30/1999,130.718002,,,-110.892998,,,19.825005,,-13.984,,,,,5.841,11.104,1.074,1.074,,,,-12.178,16.945001,-6.516,10.429,0.0,,,10.429001,0.0,10.429,0.0,,10.429,10.429,,98.678001,0.105,0.105,0.1,100.152,0.105,0.105,0.1,
12/31/1999,135.194,,,-102.834999,,,32.359001,,-11.715,,,,,20.643999,3.848,0.821,0.821,,0.0,,-4.669,24.491999,-10.372,14.12,0.0,,,14.12,0.0,14.12,0.0,,14.12,14.12,,98.853996,0.145,0.145,0.125,99.528,0.14,0.14,0.125,
03/31/2000,140.240997,,,-103.417,,,36.823997,,-15.509,,,,,21.315001,11.841,0.801,0.801,,,,-12.642,33.156001,-13.883,19.273001,0.0,,,19.273,0.0,19.273001,0.0,0.0,19.273001,19.273001,,98.884003,0.195,0.195,0.135,99.655998,0.195,0.195,0.135,
06/30/2000,149.759995,,,-103.835999,,,45.923996,,-17.993,,,,,27.931,2.274,0.767,0.767,,,,-3.041,30.205,-11.648,18.556999,0.0,,,18.557,0.0,18.556999,0.0,,18.556999,18.556999,,99.141998,0.185,0.185,0.185,100.454002,0.185,0.185,0.185,
09/30/2000,173.927,,,-117.696,,,56.231,,-18.255,,,,,37.976,3.927,0.687,0.687,,,,-4.614,41.903,-17.894,24.009,0.0,,,24.009,0.0,24.009,0.0,,24.009,24.009,,99.388,0.24,0.24,0.24,100.638,0.24,0.24,0.24,
12/31/2000,189.748001,,,-112.024002,,,77.723999,,-14.879,,,,,62.845001,-6.97,,0.607,,,,6.363,55.875001,-22.035,33.84,0.0,,,33.840001,0.0,33.84,0.0,0.0,33.84,33.84,,99.636002,0.34,0.34,0.34,100.862,0.335,0.335,0.335,
03/31/2001,218.817001,,,-129.860001,,,88.957001,,-23.416,,,,,65.541,3.326,0.068,0.068,,,,-3.394,68.867,-27.118,41.749001,0.0,,,41.749,0.0,41.749001,0.0,0.0,41.749001,41.749001,,100.393997,0.415,0.415,0.415,102.278,0.41,0.41,0.41,
06/30/2001,212.572998,,,-132.460999,,,80.112,,-20.603001,,,,,59.508999,6.607,0.374,0.374,,,,-6.981,66.115999,-25.679001,40.437,0.0,,,40.436998,0.0,40.437,0.0,0.0,40.437,40.437,,100.933998,0.4,0.4,0.385,102.512001,0.395,0.395,0.38,
09/30/2001,146.38,,,-90.702,,,55.678,,-9.969,,,,,45.709,0.752,0.381,0.381,,-1.133,,0.0,46.461,-18.209,28.252,0.024,,,28.228,0.0,28.228,0.0,0.0,28.228,28.228,,99.814,0.285,0.285,0.295,100.534,0.28,0.28,0.295,
12/31/2001,143.883,,,-110.005,,,33.878,0.0,-4.483,,,,,29.395,0.7,,0.392,,,,0.0,30.095,-11.968,18.127,2.523,,,15.604,0.0,15.604,0.0,0.0,15.604,15.604,,99.472,0.155,0.155,0.155,100.156,0.155,0.155,0.155,
03/31/2002,132.344,,,-112.523,,,19.821,0.0,-6.117,,,,,13.704,0.432,,0.338,,,,0.0,14.136,-6.007,8.129,-2.743,,,10.872,0.0,10.872,0.0,0.0,10.872,10.872,,99.576,0.11,0.081636,0.08,100.53,0.11,0.081636,0.08,
06/30/2002,159.912,,,-117.192,,,42.72,,-20.144,,,,,22.576,26.901,0.684,0.684,,,,-27.585,49.477,-21.259,28.218,0.0,,,28.218,0.0,28.218,0.0,0.0,28.218,28.218,,99.71,0.285,0.285,0.185,101.148,0.28,0.28,0.18,
09/30/2002,123.916,,,-92.739,,,31.177,,-21.372,,,,,9.805,-0.49,0.25,0.25,,,,0.24,9.315,-4.416,4.899,-3.924,,,8.823,0.0,8.823,0.0,0.0,8.823,8.823,,99.842,0.09,0.05,0.055,100.922,0.085,0.05,0.055,
12/31/2002,113.313,,,-99.292,,,14.021,0.0,-10.98,,,,,3.041,-2.317,,2.77,,,,0.0,0.724,-0.117,0.607,,,,0.607,0.0,0.607,0.0,0.0,0.607,0.607,,99.958,0.005,0.005,0.005,100.934,0.005,0.005,0.005,
03/31/2003,126.32,,,-107.296,,,19.024,0.0,-11.536,,,,,7.488,-2.999,,3.032,,,,0.0,4.489,-1.915,2.574,,,,2.574,0.0,2.574,0.0,0.0,2.574,2.574,,100.046,0.025,0.025,0.025,101.078,0.025,0.025,0.025,
06/30/2003,136.553,,,-113.775,,,22.778,,-5.83,,,,,16.948,-2.642,3.247,3.247,,0.0,,-0.605,14.306,-6.144,8.162,0.0,,,8.162,0.0,8.162,0.0,0.0,8.162,8.162,,100.09,0.08,0.08,0.08,101.362,0.08,0.08,0.08,
09/30/2003,139.098,,,-107.687,,,31.411,,-12.657,,,,,18.754,0.383,,3.24,,,,-3.623,19.137,-6.473,6.53,0.0,,,12.664,0.0,6.53,0.0,0.0,6.53,6.53,,100.216,0.065,0.065,0.065,101.39,0.065,0.065,0.065,
12/31/2003,138.894,,,-115.795,,,23.099,0.0,-9.102,,,,,13.997,-3.842,,3.222,,,,0.0,10.155,-4.526,5.629,,,,5.629,0.0,5.629,0.0,0.0,5.629,5.629,,100.308,0.055,0.055,0.055,101.334,0.055,0.055,0.055,
03/31/2004,151.186,,,-128.062,,,23.124,0.0,-9.789,,,,,13.335,-2.803,,3.112,,,,0.0,10.532,-4.484,6.048,,,,6.048,0.0,6.048,0.0,0.0,6.048,6.048,,100.526,0.06,0.06,0.06,101.806,0.06,0.06,0.06,
06/30/2004,147.498,,,-129.236,,,18.262,,-9.516,,,,,8.746,-1.877,3.114,3.114,,0.0,,-1.237,6.869,-2.522,4.347,0.0,,,4.347,0.0,4.347,0.0,0.0,4.347,4.347,,100.808,0.045,0.045,0.045,101.76,0.045,0.045,0.045,
09/30/2004,164.068,,,-138.244,,,25.824,,-9.254,,,,,16.57,-36.966,,3.247,,2.2,,31.519,-20.396,7.772,-12.624,0.0,,,-12.624,0.0,-12.624,0.0,0.0,-12.624,-12.624,,100.854,-0.125,-0.125,-0.125,101.764,-0.125,-0.125,-0.125,
12/31/2004,174.679,,,-134.514,,,40.165,,-9.246,,,,,30.919,35.521,2.348,3.309,-0.961,,,-37.869,66.44,-27.13,39.31,0.0,,,39.31,0.0,39.31,0.0,0.0,39.31,39.31,,101.086,0.39,0.39,0.18,102.512,0.385,0.385,0.175,
03/31/2005,185.45,,,-138.271,,,47.179,,-9.593,,,,,37.586,-0.083,3.246,3.246,,0.0,,-3.163,37.503,-15.153,22.35,0.0,,,22.35,0.0,22.35,0.0,0.0,22.35,22.35,,101.91,0.22,0.22,0.215,103.782,0.215,0.215,0.21,
06/30/2005,207.387,,,-144.889,,,62.498,,-11.68,,,,,50.818,-0.366,3.127,3.127,,0.0,,-2.761,50.452,-20.627,29.825,0.0,,,29.825,0.0,29.825,0.0,0.0,29.825,29.825,,102.466,0.29,0.29,0.285,104.472,0.285,0.285,0.28,
09/30/2005,233.21,,,-162.831,,,70.379,,-10.496,,,,,59.883,0.791,,2.96,,0.8,,-4.551,60.674,-24.553,36.121,0.0,,,36.121,0.0,36.121,0.0,0.0,36.121,36.121,,103.24,0.35,0.35,0.295,105.5,0.34,0.34,0.285,
12/31/2005,255.388,,,-163.519,,,91.869,,-11.938,,,,,79.931,3.685,0.05,2.58,-2.53,,,-3.735,83.616,-32.802,50.814,0.0,,,50.814,0.0,50.814,0.0,0.0,50.814,50.814,,103.986,0.49,0.49,0.47,106.174,0.48,0.48,0.46,
03/31/2006,290.83,,,-180.185,,,110.645,,-13.957,,,,,96.688,6.125,-0.51,1.946,-2.456,0.0,,-5.615,102.813,-38.24,64.573,0.0,,,64.573,0.0,64.573,0.0,0.0,64.573,64.573,,104.628,0.615,0.615,0.595,106.114,0.61,0.61,0.59,
06/30/2006,319.796,,,-169.429,,,150.367,0.0,-38.125,,,,,112.242,15.369,-3.985,1.281,-5.266,,,-9.737,127.611,-47.636,79.975,,,,79.975,,79.975,0.0,0.0,79.975,79.975,-7.33525,210.038,0.38,0.38,0.345,212.838,0.375,0.375,0.345,
09/30/2006,358.799,,,-224.937,,,133.862,,-12.929,,,,,120.933,13.276,,0.837,-2.215,0.3,,-12.198,134.209,-35.713,98.496,0.0,,,98.496,0.0,98.496,0.0,0.0,98.496,98.496,,105.0,0.94,0.94,0.89,105.66,0.93,0.93,0.88,
12/31/2006,386.399,,,-199.467,,,186.932,0.0,-40.764,,,,,146.168,27.212,-0.325,0.919,-1.244,0.0,1.504,-26.887,173.38,-64.098,110.786,0.0,,,110.786,0.0,110.786,0.0,0.0,110.786,110.786,,103.312,1.07,1.07,1.07,104.776,1.06,1.06,1.06,
03/31/2007,372.536,,,-232.408,,,140.128,,-13.35,,,,,126.778,39.421,0.879,1.913,-1.034,0.0,,-40.3,166.199,-59.338,106.861,0.0,,,106.861,0.0,106.861,0.0,0.0,106.861,106.861,,103.239,1.04,1.04,0.81,104.832,1.02,1.02,0.79,
06/30/2007,421.274,,,-267.15,,,154.124,,-11.538,,,,,142.586,37.578,-0.962,3.26,-4.222,,,-34.244,180.164,-64.96,115.204,,,,115.204,,115.204,0.0,0.0,115.204,115.204,-11.8768,103.323,1.11,1.11,1.0,105.313,1.09,1.09,0.98,
09/30/2007,449.449,,,-279.12,,,170.329,,-11.9,,,,,158.429,20.569,3.04,4.034,-0.994,0.0,,-23.609,178.998,-62.588,116.41,0.0,,,116.41,0.0,116.41,0.0,0.0,116.41,116.41,,103.475,1.13,1.13,1.08,105.498,1.1,1.1,1.05,
12/31/2007,456.663,,,-235.795,,,220.868,0.0,-57.887,,,,,162.981,1.45,3.716,4.831,-1.115,0.0,3.545,-5.166,164.431,-60.146,107.83,0.0,,,107.83,0.0,107.83,0.0,0.0,107.83,107.83,,103.509,1.04,1.04,0.98,105.615,1.02,1.02,0.96,
03/31/2008,473.644,,,-305.83,,,167.814,,-14.09,,,,,153.724,7.114,3.553,4.773,-1.22,0.0,,-10.667,160.838,-58.784,102.054,0.0,,,102.054,0.0,102.054,0.0,0.0,102.054,102.054,,103.883,0.98,0.98,0.97,106.09,0.96,0.96,0.95,
06/30/2008,522.517,,,-274.168,,,248.349,,-66.455,,,,,181.894,13.662,3.617,4.651,-1.034,0.0,,-12.367,195.556,-70.187,125.369,0.0,,,125.369,0.0,125.369,0.0,0.0,125.369,125.369,,104.53,1.2,1.2,1.22,106.689,1.18,1.18,1.2,
09/30/2008,583.719,,,-386.445,,,197.274,,-15.654,,,,,181.62,11.305,2.765,4.434,-1.669,0.0,,-14.07,192.925,-66.44,126.485,0.0,,,126.485,0.0,126.485,0.0,0.0,126.485,126.485,,105.211,1.2,1.2,1.14,107.3,1.18,1.18,1.12,
12/31/2008,623.754,620.87,2.884,-385.7,330.928,54.772,238.054,0.0,-15.634,15.148,15.148,1.677,-1.191,222.42,-1.786,1.914,3.7,-1.786,,5.889,-0.128,220.634,-81.248,145.275,0.0,0.0,0.0,145.275,0.0,145.275,0.0,0.0,145.275,144.34195,-0.93305,105.249,1.38,1.38,1.371433,106.431,1.36,1.36,1.351233,
03/31/2009,520.3,517.674,2.626,-320.407,263.294,57.113,199.893,0.0,-16.555,16.434,16.434,2.176,-2.055,183.338,-0.432,0.404,2.554,-2.15,,4.222,0.028,182.906,-83.39,103.738,0.0,0.0,0.0,103.738,0.0,103.738,0.0,0.0,103.738,102.733,-1.005,105.317,0.99,0.99,0.975465,106.372,0.98,0.98,0.970552,
06/30/2009,384.359,381.845,2.514,-263.26,204.523,58.737,121.099,0.0,-14.944,14.172,14.172,2.777,-2.005,106.155,-2.743,2.694,2.893,-0.199,,,0.049,103.412,-35.391,68.021,14.977,14.977,0.0,53.044,0.0,53.044,0.0,0.0,53.044,66.7494,-1.2716,105.425,0.5,0.64,0.633146,106.695,0.5,0.64,0.628082,
09/30/2009,358.276,355.525,2.751,-252.135,190.682,61.453,106.141,0.0,-15.686,13.341,13.341,3.041,-0.696,90.455,-3.856,4.05,4.443,-0.393,,,-0.194,86.599,-31.623,54.976,3.488,3.488,0.0,51.488,0.0,51.488,0.0,0.0,51.488,54.241,-0.735,105.464,0.49,0.52,0.514308,106.868,0.48,0.51,0.503122,
12/31/2009,396.242,393.156,3.086,-269.415,208.698,60.717,126.827,0.0,-21.443,20.639,20.639,1.815,-1.011,105.384,-4.37,4.385,4.694,-0.309,,,-0.015,101.014,-37.212,63.802,0.567,0.567,0.0,63.235,0.0,63.235,0.0,0.0,63.235,63.102,-0.7,105.575,0.6,0.61,0.597698,107.238,0.59,0.6,0.593472,
03/31/2010,436.579,433.739,2.84,-311.973,248.48,63.493,124.606,0.0,-22.9,20.543,20.543,3.342,-0.985,101.706,-3.728,3.751,4.038,-0.287,,,-0.023,97.978,-23.873,74.105,27.358,27.358,0.0,46.747,0.0,46.747,0.0,0.0,46.747,73.505,-0.6,105.711,0.44,0.7,0.695339,107.484,0.43,0.68,0.674418,
06/30/2010,483.384,480.165,3.219,-350.791,285.583,65.208,132.593,0.0,-21.119,20.114,20.114,3.254,-2.249,111.474,-2.806,3.021,3.961,-0.94,,,-0.215,108.668,-43.785,64.883,101.598,101.598,0.0,-36.715,0.0,-36.715,0.0,0.0,-36.715,63.383,-1.5,105.743,-0.35,0.61,0.599406,107.444,-0.35,0.61,0.596039,
09/30/2010,558.957,555.348,3.609,-402.438,329.198,73.24,156.519,0.0,-23.287,20.183,20.183,3.851,-0.747,133.232,-2.656,4.19,4.465,-0.275,,,-1.534,130.576,-47.285,83.291,0.246,0.246,0.0,83.045,0.0,83.045,0.0,0.0,83.045,82.8126,-0.4784,105.814,0.78,0.78,0.782624,107.452,0.77,0.77,0.765548,
12/31/2010,594.642,590.639,4.003,-403.226,330.046,73.18,191.416,0.0,-20.69,19.889,19.889,3.47,-2.669,170.726,-3.971,4.137,4.451,-0.314,,,-0.166,166.755,-62.39,104.365,0.215,0.215,0.0,104.15,0.0,104.15,0.0,0.0,104.15,102.665,-1.7,106.031,0.98,0.98,0.968255,107.852,0.96,0.96,0.944238,
03/31/2011,604.406,600.729,3.677,-416.2,340.039,76.161,188.206,0.0,-23.941,24.406,24.406,3.64,-4.105,164.265,-4.925,5.157,5.513,-0.356,,,-0.232,159.34,-60.379,98.961,0.171,0.171,0.0,98.79,0.0,98.79,0.0,0.0,98.79,96.361,-2.6,106.515,0.92,0.92,0.904671,108.595,0.91,0.91,0.886058,
06/30/2011,644.095,639.992,4.103,-444.695,365.586,79.109,199.4,0.0,-24.982,24.071,24.071,4.399,-3.488,174.418,-1.595,2.318,3.221,-0.903,,,-0.723,172.823,-62.995,109.828,0.002,0.002,0.0,109.826,0.0,109.826,0.0,0.0,109.826,109.20368,-0.62432,106.962,1.02,1.02,1.020958,108.784,1.01,1.01,1.004261,
09/30/2011,700.751,697.414,3.337,-483.949,396.931,87.018,216.802,0.0,-23.7,23.086,23.086,4.255,-3.641,193.102,-4.953,3.792,4.17,-0.378,,,1.161,188.149,-66.635,121.514,0.094,0.094,0.0,121.42,0.0,121.42,0.0,0.0,121.42,119.114,-2.4,107.066,1.13,1.13,1.112529,108.782,1.11,1.11,1.087938,
12/31/2011,732.588,729.306,3.282,-477.32,391.032,86.288,255.268,0.0,-24.729,26.163,26.163,3.249,-4.683,230.539,-2.104,2.125,2.461,-0.336,,,-0.021,228.435,-84.138,144.297,0.011,0.011,0.0,144.286,0.0,144.286,0.0,0.0,144.286,141.297,-3.0,107.186,1.34,1.34,1.318241,108.788,1.32,1.32,1.292423,
03/31/2012,769.982,766.313,3.669,-539.142,448.208,90.934,230.84,0.0,-23.815,27.805,27.805,3.83,-7.82,207.025,-2.107,2.065,2.421,-0.356,,,0.042,204.918,-75.155,129.763,0.044,0.044,0.0,129.719,0.0,129.719,0.0,0.0,129.719,124.863,-4.9,107.385,1.2,1.2,1.16276,109.042,1.18,1.18,1.135063,
06/30/2012,819.785,815.885,3.9,-559.117,463.935,95.182,260.668,0.0,-28.013,25.576,25.576,4.299,-1.862,232.655,-1.773,2.082,2.411,-0.329,,,-0.309,230.882,-80.939,149.943,0.018,0.018,0.0,149.925,0.0,149.925,0.0,0.0,149.925,148.743,-1.2,107.016,1.4,1.4,1.389914,108.425,1.38,1.38,1.368932,
09/30/2012,829.447,826.084,3.363,-562.48,447.335,115.145,266.967,0.0,-27.587,27.763,27.763,4.682,-4.858,239.38,-1.035,1.001,1.36,-0.359,,,0.034,238.345,-88.739,149.606,-7.509,-7.509,0.0,157.115,0.0,157.115,0.0,0.0,157.115,146.606,-3.0,105.695,1.48,1.41,1.387067,107.086,1.46,1.39,1.361985,
12/31/2012,844.572,841.015,3.557,-573.47,466.871,106.599,271.102,0.0,-30.555,32.421,32.421,3.353,-5.219,240.547,5.786,0.882,1.308,-0.426,,,-6.668,246.333,-86.722,159.611,0.008,0.008,0.0,159.603,0.0,159.603,0.0,0.0,159.603,150.711,-8.9,105.867,1.5,1.5,1.423588,107.412,1.48,1.48,1.397141,
03/31/2013,838.309,835.407,2.902,-574.17,461.737,112.433,264.139,0.0,-31.219,32.836,32.836,3.696,-5.313,232.92,-0.768,0.871,1.186,-0.315,,,-0.103,232.152,-81.085,151.067,-0.013,-0.013,0.0,151.08,0.0,151.08,0.0,0.0,151.08,147.667,-3.4,106.326,1.41,1.41,1.358814,107.786,1.39,1.39,1.358456,
06/30/2013,840.197,836.653,3.544,-568.78,450.99,117.79,271.417,0.0,-31.457,31.09,31.09,4.373,-4.006,239.96,150.405,1.75,2.091,-0.341,,,-152.155,390.365,-139.387,250.978,-15.181,-15.181,0.0,266.159,0.0,266.159,0.0,0.0,266.159,155.978,-95.0,106.43,2.49,2.35,1.465545,107.826,2.46,2.32,1.438951,
09/30/2013,864.536,861.078,3.458,-591.971,473.17,118.801,272.565,0.0,-29.331,29.903,29.903,3.813,-4.385,243.234,2.213,0.973,1.544,-0.571,,,-3.186,245.447,-85.65,159.797,0.0,0.0,0.0,159.797,0.0,159.797,0.0,0.0,159.797,156.997,-2.8,106.522,1.49,1.49,1.473846,108.057,1.47,1.47,1.444088,
12/31/2013,889.152,886.069,3.083,-594.285,474.048,120.237,294.867,0.0,-30.836,32.243,32.243,4.257,-5.664,264.031,-1.086,0.741,1.194,-0.453,,,0.345,262.945,-89.763,173.182,0.0,0.0,0.0,173.182,0.0,173.182,0.0,0.0,173.182,169.482,-3.7,107.149,1.61,1.61,1.581741,108.577,1.59,1.59,1.555923,
03/31/2014,893.43,890.6,2.83,-604.13,480.167,123.963,289.3,0.0,-33.958,34.431,34.431,3.625,-4.098,255.342,20.085,1.235,1.725,-0.49,,,-21.32,275.427,-100.838,174.589,0.019,0.019,0.0,174.57,0.0,174.57,0.0,0.0,174.57,158.989,-15.6,107.692,1.61,1.61,1.476331,109.081,1.59,1.59,1.446987,
06/30/2014,952.087,948.1,3.987,-644.217,515.239,128.978,307.87,0.0,-35.958,34.222,34.222,3.864,-2.128,271.912,23.166,1.062,1.435,-0.373,,,-24.228,295.078,-102.788,192.29,0.011,0.011,0.0,192.279,0.0,192.279,0.0,0.0,192.279,175.99,-16.3,108.137,1.77,1.77,1.627473,109.285,1.75,1.75,1.600849,
09/30/2014,985.038,981.528,3.51,-690.829,540.458,150.371,294.209,0.0,-30.707,34.243,34.243,4.159,-7.695,263.502,-0.638,0.033,0.3,-0.267,,,0.605,262.864,-94.159,168.705,0.017,0.017,0.0,168.688,0.0,168.688,0.0,0.0,168.688,163.705,-5.0,108.226,1.55,1.55,1.512622,109.3,1.53,1.53,1.484254,
12/31/2014,1060.787,1056.607,4.18,-697.695,559.463,138.232,363.092,0.0,-32.721,32.736,32.736,4.158,-4.173,330.371,0.019,0.295,0.59,-0.295,,,-0.314,330.39,-126.767,203.623,0.015,0.015,0.0,203.608,0.0,203.608,0.0,-1.258,202.35,174.73111,-27.63389,107.973,1.87,1.87,1.618285,108.843,1.86,1.86,1.606112,
03/31/2015,885.67,881.929,3.741,-617.347,467.099,150.248,268.323,0.0,-36.997,34.995,34.995,4.857,-2.855,231.326,0.019,0.036,2.6,-2.564,,,-0.055,231.345,-77.803,153.542,-0.001,-0.001,0.0,153.543,0.0,153.543,0.0,-0.974,152.569,103.0852,-49.4828,107.646,1.42,1.42,0.957631,108.37,1.41,1.41,0.95339,
06/30/2015,661.445,658.237,3.208,-495.605,350.64,144.965,165.84,0.0,-30.791,29.253,29.253,3.329,-1.791,135.049,-4.829,4.548,6.136,-1.588,,,0.281,130.22,-39.321,90.899,0.027,0.027,0.0,90.872,0.0,90.872,0.0,-0.558,90.314,24.09545,-66.24555,107.652,0.84,0.84,0.223827,108.469,0.83,0.83,0.219267,
09/30/2015,553.8,550.742,3.058,-500.868,326.274,174.594,52.932,0.0,-77.715,37.728,37.728,3.76,36.227,-24.783,-5.293,4.304,5.697,-1.393,,,0.989,-30.076,2.486,-27.59,0.006,0.006,0.0,-27.596,0.0,-27.596,0.0,0.638,-26.958,-3.3447,23.6073,107.74,-0.26,-0.26,-0.031044,107.74,-0.26,-0.26,-0.040886,
12/31/2015,487.847,483.879,3.968,-418.773,276.644,142.129,69.074,0.0,-30.404,32.074,32.074,2.919,-4.589,38.67,-4.052,3.791,4.524,-0.733,,,0.261,34.618,-18.72,15.898,-0.104,-0.104,0.0,16.002,0.0,16.002,0.0,-0.26,15.742,-0.62335,-16.26135,107.852,0.15,0.15,-0.00578,108.409,0.15,0.15,-0.00578,
03/31/2016,438.191,434.96,3.231,-363.128,221.611,141.517,75.063,0.0,-33.442,33.811,33.811,2.315,-2.684,41.621,-4.269,4.922,5.721,-0.799,,,-0.653,37.352,-12.178,25.174,3.969,3.969,0.0,21.205,0.0,21.205,0.0,-0.483,20.722,-29.95734,-54.64834,108.014,0.19,0.23,-0.277347,108.466,0.19,0.23,-0.277347,
06/30/2016,366.486,363.503,2.983,-324.836,186.146,138.69,41.65,0.0,-54.906,46.496,46.496,2.707,5.703,-13.256,-5.095,5.629,6.407,-0.778,,,-0.534,-18.351,-2.842,-21.193,0.007,0.007,0.0,-21.2,0.0,-21.2,0.0,-0.451,-21.651,-51.17224,-29.52824,108.047,-0.2,-0.2,-0.473611,108.047,-0.2,-0.2,-0.473611,
09/30/2016,331.708,328.615,3.093,-390.655,214.404,176.251,-58.947,0.0,-34.054,33.802,33.802,2.328,-2.076,-93.001,-33.285,5.405,6.261,-0.856,,,27.88,-126.286,53.417,-72.869,-0.034,-0.034,0.0,-72.835,0.0,-72.835,0.0,-0.448,-73.283,-34.9293,38.3877,108.07,-0.68,-0.68,-0.32321,108.07,-0.68,-0.68,-0.324789,
12/31/2016,368.59,365.479,3.111,-381.526,247.679,133.847,-12.936,0.0,-36.228,34.262,34.262,2.808,-0.842,-49.164,-3.678,4.065,5.055,-0.99,,,-0.387,-52.842,18.288,-34.554,0.509,0.509,0.0,-35.063,0.0,-35.063,0.0,0.446,-34.617,-23.93462,10.17338,108.276,-0.33,-0.33,-0.221052,108.276,-0.33,-0.33,-0.236042,
03/31/2017,405.283,401.959,3.324,-449.606,296.829,152.777,-44.323,0.0,-21.349,33.519,33.519,2.719,-14.889,-65.672,-4.572,4.746,6.084,-1.338,,,-0.174,-70.244,21.771,-48.473,0.345,0.345,0.0,-48.818,0.0,-48.818,0.0,0.445,-48.373,-45.7637,2.2643,108.565,-0.45,-0.45,-0.421533,108.565,-0.45,-0.45,-0.429143,
06/30/2017,498.564,494.302,4.262,-482.506,337.463,145.043,16.058,0.0,-44.086,42.89,42.89,3.058,-1.862,-28.028,-5.575,4.664,6.364,-1.7,,,0.911,-33.603,10.478,-23.125,-1.326,-1.326,0.0,-21.799,0.0,-21.799,0.0,0.458,-21.341,-27.00988,-4.34288,108.572,-0.21,-0.22,-0.248774,108.572,-0.21,-0.22,-0.26,
09/30/2017,532.304,527.018,5.286,-521.222,367.346,153.876,11.082,0.0,-40.759,40.331,40.331,3.462,-3.034,-29.677,1.768,0.357,2.244,-1.887,,,-2.125,-27.909,6.198,-21.711,0.821,0.821,0.0,-22.532,0.0,-22.532,0.0,0.462,-22.07,-14.73372,6.51528,108.588,-0.21,-0.2,-0.135685,108.588,-0.21,-0.2,-0.14,
12/31/2017,564.087,561.069,3.018,-516.35,373.083,143.267,47.737,0.0,-44.128,46.459,46.459,3.234,-5.565,3.609,-3.608,4.049,5.773,-1.724,,,-0.441,0.001,500.641,500.642,0.536,0.536,0.0,500.106,0.0,500.106,0.0,-3.537,496.569,-1.6575,-498.7625,108.683,4.57,4.57,-0.015251,109.095,4.55,4.55,-0.021818,
03/31/2018,577.484,574.471,3.013,-531.231,385.556,145.675,46.253,0.0,-47.417,48.236,48.236,4.436,-5.255,-1.164,-4.391,4.181,6.028,-1.847,,,0.21,-5.555,3.922,-1.633,10.246,10.246,0.0,-11.879,0.0,-11.879,0.0,0.717,-11.162,-7.80468,-6.88868,108.868,-0.12,-0.008414,-0.071689,108.868,-0.12,-0.008414,-0.071689,
06/30/2018,648.872,637.548,11.324,-589.09,444.511,144.579,59.782,0.0,-53.476,52.31,52.31,5.479,-4.313,6.306,-3.945,3.884,5.993,-2.109,,,0.061,2.361,-10.535,-8.174,-0.166,-0.166,0.0,-8.008,0.0,-8.008,0.0,0.717,-7.291,-41.6351,-34.1781,108.905,-0.08,-0.08,-0.382307,108.905,-0.08,-0.08,-0.393834,
09/30/2018,696.825,693.677,3.148,-599.741,449.46,150.281,97.084,0.0,-72.871,52.252,52.252,5.018,15.601,24.213,-2.989,4.134,6.471,-2.337,,,-1.145,21.224,-16.859,4.365,-0.278,-0.278,0.0,4.643,0.0,4.643,0.0,0.105,4.748,40.5718,36.1018,108.948,0.02,0.041029,0.372396,109.397,0.02,0.017459,0.347466,
12/31/2018,740.598,737.358,3.24,-629.053,487.593,141.46,111.545,0.0,-57.256,54.508,,7.019,-4.271,54.289,-44.573,2.27,4.72,-2.45,,,42.303,9.716,-1.352,8.364,-10.595,-10.595,0.0,18.959,0.0,18.959,0.0,-0.777,18.182,79.73251,72.14551,109.142,0.17,0.07,0.730539,109.425,0.17,0.07,0.729315,
03/31/2019,720.868,717.653,3.215,-584.88,441.719,143.161,135.988,0.0,-40.842,43.506,43.506,7.262,-9.926,95.146,1.789,4.106,6.167,-2.061,,,-5.895,96.935,-25.078,71.857,10.966,10.966,0.0,60.891,0.0,60.891,0.0,0.784,61.675,58.14211,-14.49889,109.406,0.55,0.65,0.531434,109.503,0.55,0.65,0.517594,
06/30/2019,687.974,684.788,3.186,-587.825,444.528,143.297,100.149,0.0,-268.023,46.59,46.59,7.066,214.367,-167.874,-18.778,3.908,6.257,-2.349,,,14.87,-186.652,32.031,-154.621,0.062,0.062,0.0,-154.683,0.0,-154.683,0.0,0.772,-153.911,58.4355,212.2845,109.425,-1.42,-1.42,0.534023,109.425,-1.42,-1.42,0.52,
09/30/2019,649.05,645.759,3.291,-566.737,431.85,134.887,82.313,0.0,-43.292,49.812,49.812,6.121,-12.641,39.021,-10.242,5.436,8.043,-2.607,,,4.806,28.779,13.11,41.889,0.713,0.713,0.0,41.176,0.0,41.176,0.0,0.769,41.945,46.0234,3.3654,108.896,0.37,0.391732,0.422636,108.95,0.37,0.376544,0.407434,
12/31/2019,614.657,611.398,3.259,-519.337,389.206,130.131,95.32,0.0,-63.952,49.808,,6.878,7.266,31.368,13.499,3.886,6.1,-2.214,,,-17.385,44.867,-14.138,30.729,0.124,0.124,0.0,30.605,0.0,30.605,0.0,-0.991,29.614,12.28805,-17.44995,108.555,0.27,0.27,0.113197,108.724,0.27,0.27,0.109502,
03/31/2020,633.639,630.29,3.349,-549.749,417.743,132.006,83.89,0.0,-602.431,41.978,,6.214,554.239,-518.541,-15.34,2.529,6.095,-3.566,,,12.811,-533.881,113.413,-420.468,0.072,0.072,0.0,-420.54,0.0,-420.54,0.0,-1.003,-421.543,12.757,434.228,108.557,-3.88,-3.88,0.117514,108.557,-3.88,-3.88,0.117514,
06/30/2020,317.364,314.405,2.959,-316.908,206.747,110.161,0.456,0.0,-58.04,43.108,43.108,3.638,11.294,-57.584,-6.001,5.354,6.125,-0.771,,,0.647,-63.585,17.578,-46.007,-0.408,-0.408,0.0,-45.599,0.0,-45.599,0.0,-0.331,-45.93,-40.82172,5.51628,107.439,-0.43,-0.43,-0.379953,107.439,-0.43,-0.43,-0.379953,
09/30/2020,212.842,,,,,,47.68299326,,,,,,,-96.65,,,,,,,,-104.407,,-87.975,,,,,,-87.975,,,-87.975,-79.5,,,-0.75,-0.75,-0.754,,-0.75,-0.75,-0.754,
12/31/2020,208.933,,,,,,48.74197957,,,,,,,-99.2,,,,,,,,-104.76,,-93.05,,,,,,-93.05,,,-93.05,-78.233,,,-1.259,-1.259,-0.653,,-1.259,-1.259,-0.653,
