Date,Revenue,Sales & Services Revenue,Financing Revenue,Other Revenue,Cost of Revenue,Cost of Goods & Services,Cost of Financing Revenue,Depreciation & Amortization,Gross Profit,Other Operating Income,Operating Expenses,"Selling, General & Admin",Selling & Marketing,General & Administrative,Research & Development,Other Operating Expense,Operating Income (Loss),Non-Operating (Income) Loss,"Interest Expense, Net",Interest Expense,Interest Income,Foreign Exch (Gain) Loss,(Income) Loss from Affiliates,Other Non-Op (Income) Loss,Pretax Income,Income Tax Expense (Benefit),Income (Loss) from Cont Ops,Net Extraordinary Losses (Gains),Discontinued Operations,XO & Accounting Changes,Income (Loss) Incl. MI,Minority Interest,"Net Income, GAAP",Preferred Dividends,Other Adjustments,"Net Income Avail to Common, GAAP","Net Income Avail to Common, Adj",Net Abnormal Losses (Gains),Basic Weighted Avg Shares,"Basic EPS, GAAP",Basic EPS from Cont Ops,"Basic EPS from Cont Ops, Adjusted",Diluted Weighted Avg Shares,"Diluted EPS, GAAP",Diluted EPS from Cont Ops,"Diluted EPS from Cont Ops, Adjusted",Source: Bloomberg
07/31/1989,120.500999,,,,,,,,,,-121.728996,,,,,,-1.228,-5.613,,,,0.0,,5.613,-6.841,2.6,-4.241,0.0,,,-4.241,0.0,-4.241,0.0,,-4.241,-4.241,,420.144012,-0.01,-0.01,,420.144012,-0.01,-0.01,-0.01,
10/31/1989,135.740997,,,,,,,,,,-133.395996,,,,,,2.345,-2.613,,,,0.0,,2.613,-0.268,0.102,-0.166,0.0,,,-0.166,0.0,-0.166,0.0,,-0.166,-0.166,,426.679993,0.0,0.0,0.0,426.679993,0.0,0.0,0.0,
01/31/1990,148.735001,,,,,,,,,,-151.996002,,,,,,-3.261,-2.988,,,,0.0,,2.988,-6.249,2.374,-3.875,0.0,,,-3.875,0.0,-3.875,0.0,,-3.875,-3.875,,423.496002,-0.01,-0.01,,423.496002,-0.01,-0.01,-0.01,
04/30/1990,532.81897,,,,,,,,,,-350.971985,,,,,,181.847,32.044998,,,,0.0,,-32.044998,213.891998,-82.081001,131.811005,0.0,,,131.810997,0.0,131.811005,0.0,,131.811005,131.811005,,422.339996,0.30875,0.30875,,422.339996,0.30875,0.30875,0.30875,
07/31/1990,128.214996,,,,,,,,,,-131.319,,,,,,-3.104,-5.644,,,,0.0,,5.644,-8.748,3.359,-5.389,0.0,,,-5.389,0.0,-5.389,0.0,,-5.389,-5.389,,422.976016,-0.0125,-0.0125,,422.976016,-0.0125,-0.0125,-0.0125,
10/31/1990,151.889008,,,,,,,,,,-152.591003,,,,,,-0.702,-3.117,,,,0.0,,3.117,-3.819,1.467,-2.352,0.0,,,-2.352,0.0,-2.352,0.0,,-2.352,-2.352,,423.328,-0.00625,-0.00625,-0.00625,423.328,-0.00625,-0.00625,-0.00625,
01/31/1991,169.207001,,,,,,,,,,-171.097,,,,,,-1.89,-10.895,,,,0.0,,10.895,-12.785,6.305,-6.48,0.0,,,-6.48,0.0,-6.48,0.0,,-6.48,-6.48,,425.079984,-0.015,-0.015,-0.015,425.079984,-0.015,-0.015,-0.015,
04/30/1991,611.932007,,,,,,,,,,-403.444,,,,,,208.488007,42.449001,,,,0.0,,-42.449001,250.937008,-96.608002,154.328995,0.0,,,154.329006,0.0,154.328995,0.0,,154.328995,154.328995,,425.728,0.36125,0.36125,0.36125,425.728,0.36125,0.36125,0.36125,
07/31/1991,164.386002,,,,,,,,,,-166.906006,,,,,,-2.52,-6.303,,,,0.0,,6.303,-8.823,3.397,-5.426,0.0,,,-5.426,0.0,-5.426,0.0,,-5.426,-5.426,,426.544008,-0.0125,-0.0125,-0.0125,426.544008,-0.0125,-0.0125,-0.0125,
10/31/1991,93.962997,,,,,,,,,,-114.247002,,,,,,-20.284,8.26,,,,0.0,,-8.26,-12.024,5.197,-6.827,-2.82,,,-4.007,0.0,-3.333,0.0,,-3.333,-3.333,,426.600008,-0.01,-0.015,-0.0015,426.600008,-0.01,-0.015,-0.015,
01/31/1992,232.229004,,,,,,,,,,-224.707993,,,,,,7.521,0.758,,,,0.0,,-0.758,8.279,-3.17,5.109,0.0,,,5.109,0.0,5.109,0.0,,5.109,5.109,,437.399992,0.0125,0.0125,0.0125,437.399992,0.0125,0.0125,0.0125,
04/30/1992,735.817993,,,,,,,,,,-479.968994,,,,,,255.848999,20.979,,,,0.0,,-20.979,276.827999,-107.431,169.397003,2.82,,,166.576999,0.0,166.576996,0.0,,166.576996,166.576996,,450.651976,0.38,0.4,0.4,450.651976,0.38,0.4,0.4,
07/31/1992,171.884003,,,,,,,,,,-171.132996,,,,,,0.751,-12.37,,,,0.0,,12.37,-11.619,4.508,-7.111,0.0,,,-7.111,0.0,-7.111,0.0,,-7.111,-7.111,,424.911988,-0.0175,-0.0175,-0.0175,424.911988,-0.0175,-0.0175,-0.0175,
10/31/1992,203.044006,,,,,,,,,,-224.330002,,,,,,-21.285999,14.739,,,,0.0,,-14.739,-6.546999,2.54,-4.007,0.0,,,-4.006999,0.0,-4.007,0.0,,-4.007,-4.007,,426.600008,-0.01,-0.01,-0.01,426.600008,-0.01,-0.01,-0.01,
01/31/1993,169.856995,,,,,,,,,,-150.464005,,,,,,19.393,-11.348,,,,0.0,,11.348,8.045,-2.35,5.695,-2.888,,,8.583,0.0,8.583,0.0,,8.583,8.583,,429.787996,0.02,0.0125,0.0125,429.787996,0.02,0.0125,0.0125,
04/30/1993,529.478027,,,,,,,,,,-252.442001,,,,,,277.036011,8.979,,0.0,,0.0,,-8.979,286.015011,-109.574997,176.440002,-6.8,,,183.240014,0.0,183.240005,0.0,,183.240005,183.240005,,430.575988,0.4275,0.4225,0.4225,430.575988,0.4275,0.4225,0.4225,
07/31/1993,98.662003,,,,,,,,,,-94.867996,,,,,,3.794,-18.169001,,,,0.0,,18.169001,-14.375001,6.132,-8.243,-2.802,,,-5.441001,0.0,-5.441,0.0,,-5.441,-5.441,,423.592012,-0.0125,-0.02,-0.02,423.592012,-0.0125,-0.02,-0.02,
10/31/1993,126.611,,,,,,,,,,-112.524002,,,,,,14.087,-21.954,,,,0.0,,21.954,-7.867,3.694,-4.173,-3.241,,,-0.932,0.0,-0.932,0.0,,-0.932,-0.932,,422.708008,-0.0025,-0.0025,-0.0025,422.708008,-0.0025,-0.0025,-0.0025,
01/31/1994,223.337997,,,,,,,,,,-196.604004,,,,,,26.733999,-38.188999,,,,0.0,,38.188999,-11.455,-6.479,-17.934,-30.489997,,,12.555997,0.0,12.556,0.0,,12.556,12.556,,427.567992,0.03,-0.0425,-0.0425,427.567992,0.03,-0.0425,-0.0425,
04/30/1994,766.721008,,,,,,,,,,-551.497009,,,,,,215.223999,101.656998,,0.0,,0.0,,-101.656998,316.880997,-3.347,194.345001,0.0,,,313.533997,0.0,194.345001,0.0,,194.345001,194.345001,,428.652008,0.4525,0.4525,0.4525,428.652008,0.4525,0.4525,0.4525,
07/31/1994,136.906006,,,,,,,,,,-119.027,,,,,,17.879,-22.676001,,,,0.0,,22.676001,-4.797001,1.837,-2.96,0.0,,,-2.960001,0.0,-2.96,0.0,,-2.96,-2.96,,420.503996,-0.0075,-0.0075,-0.0075,420.503996,-0.0075,-0.0075,-0.0075,
10/31/1994,166.845993,,,,,,,,,,-138.738007,,,,,,28.108,-30.136999,,,,0.0,,30.136999,-2.028999,0.777,-1.252,0.0,,,-1.251999,0.0,-1.252,0.0,,-1.252,-1.252,,420.0,-0.0025,-0.0025,-0.0025,420.0,-0.0025,-0.0025,-0.0025,
01/31/1995,261.459015,,,,,,,,,,-207.559006,,,,,,53.900002,-40.798,,,,0.0,,40.798,13.102002,-5.018,8.084,0.0,,,8.084002,0.0,8.084,0.0,,8.084,8.084,,422.631988,0.02,0.02,0.02,422.631988,0.02,0.02,0.02,
04/30/1995,217.341003,,,,,,,,,,-171.307007,,,,,,46.034,101.084999,,,,0.0,,-101.084999,147.118999,-53.001999,94.116997,-9.269997,,,103.386997,0.0,103.387001,0.0,,103.387001,103.387001,,426.338012,0.2425,0.22,0.22,426.338012,0.2425,0.22,0.22,
07/31/1995,200.742004,,,,,,,,,,-155.203003,,,,,,45.539001,-37.056,,0.0,,0.0,,37.056,8.483001,-3.257,5.226,0.0,,,5.226001,0.0,5.226,0.0,,5.226,5.226,,428.411988,0.0125,0.0125,0.0125,428.411988,0.0125,0.0125,0.0125,
10/31/1995,220.046005,,,,,,,,,,-185.753006,,,,,,34.292999,-47.763,,0.0,,0.0,,47.763,-13.470001,5.172,-8.298,0.0,,,-8.298001,0.0,-8.298,0.0,,-8.298,-8.298,,415.799988,-0.02,-0.02,-0.02,415.799988,-0.02,-0.02,-0.02,
01/31/1996,305.127991,,,,,,,,,,-254.824997,,,,,,50.303001,-59.185001,,0.0,,0.0,,59.185001,-8.882,3.411,-5.471,0.0,,,-5.471,0.0,-5.471,0.0,,-5.471,-5.471,,413.444,-0.0125,-0.0125,-0.0125,413.444,-0.0125,-0.0125,-0.0125,
04/30/1996,916.905029,,,,,,,,,,-798.526001,,,,,,118.378998,180.783997,,0.0,,0.0,,-180.783997,299.162995,-113.452003,185.710999,0.0,,,185.710992,0.0,185.710999,0.0,,185.710999,185.710999,,421.559996,0.4375,0.4375,0.4375,421.559996,0.4375,0.4375,0.4375,
07/31/1996,20.075001,,,,,,,,,,-70.445,,,,,,-50.369999,4.484,,0.0,,0.0,,-4.484,-45.885999,17.391001,-28.495001,23.731001,,,-52.225999,0.0,-52.226002,0.0,,-52.226002,-52.226002,,415.291992,-0.125,-0.0675,-0.0675,415.291992,-0.125,-0.0675,-0.0675,
10/31/1996,40.172001,,,,,,,,,,-85.827003,,,,,,-45.654999,1.17,,2.027,,0.0,,-3.197,-44.484999,16.860001,-27.625,46.502996,,,-74.127994,0.0,-74.127998,0.0,,-74.127998,-74.127998,,416.067992,-0.1775,-0.0675,-0.0675,416.067992,-0.1775,-0.0675,-0.0675,
01/31/1997,155.137,,,,,,,,,,-174.593994,,,,,,-20.298,-2.12,,3.618,,0.0,,-1.498,-22.418,8.496,-13.922,11.404,,,-25.326,0.0,-25.326,0.0,,-25.326,-25.326,,416.164,-0.06,-0.0325,-0.0325,416.164,-0.06,-0.0325,-0.0325,
04/30/1997,877.745972,,,,,,,,,,-540.760986,,,,,,336.984985,0.862,,5.996,,0.0,,-6.858,337.846985,-124.028,213.819,14.384001,,,199.434984,0.0,199.434998,0.0,,199.434998,199.434998,,423.704012,0.475,0.5125,0.5125,423.704012,0.475,0.5075,0.5075,
07/31/1997,37.388,,,,,,,,,,-91.670998,,,,,,-54.283001,-1.226,8.238,8.238,,0.0,,-7.012,-55.509001,20.648001,-34.861,3.274,,,-38.135,0.0,-38.134998,0.0,,-38.134998,-38.134998,,416.40799,-0.0925,-0.0825,-0.0825,416.40799,-0.0925,-0.0825,-0.0825,
10/31/1997,82.070999,,,,,,,,,,-122.668999,,,,,,-40.598,-9.230999,13.355,13.355,,0.0,,-4.124,-49.828999,19.379999,-30.448999,10.781999,,,-41.230999,0.0,-41.230999,0.0,,-41.230999,-41.230999,,418.208008,-0.0975,-0.0725,-0.0725,418.208008,-0.0975,-0.0725,-0.0725,
01/31/1998,208.683,,,,,,,,,,-211.425995,,,,,,-13.503,-10.428,,12.371,,0.0,,-1.943,-23.931,9.094,-14.837,-229.415009,,,214.578009,0.0,214.578,0.0,,214.578,214.578,,420.2,0.51,-0.035,-0.035,420.2,0.51,-0.035,-0.035,
04/30/1998,998.237,,,,,,,,,,-548.976013,,,,,,449.260986,-34.877,,23.216,,0.0,,11.661,414.383986,-157.466003,256.917999,0.0,,,256.917983,0.0,256.917999,0.0,,256.917999,256.917999,,422.447998,0.6075,0.6075,0.6075,433.436005,0.5925,0.5925,0.5925,
07/31/1998,69.097,,,,,,,,,,-112.545998,,,,,,-43.449001,0.674,14.692,14.692,,0.0,,-15.366,-42.775002,16.235001,-26.540001,1.199,,,-27.739001,0.0,-27.739,0.0,,-27.739,-27.739,,419.903992,-0.065,-0.0625,-0.0625,419.903992,-0.065,-0.0625,-0.0625,
10/31/1998,82.070999,,,,,,,,,,-130.0,,,,,,-47.929001,-2.320001,15.508,15.508,,0.0,,-13.188,-50.249002,19.094,-31.155001,0.018,,,-31.173002,0.0,-31.173,0.0,,-31.173,-31.173,,396.488007,-0.0775,-0.0775,-0.0775,396.488007,-0.0775,-0.0775,-0.0775,
01/31/1999,291.482,,,,,,,,,,-276.143,,,,,,15.339,-19.927,23.689,23.689,,0.0,,-3.762,-4.588,1.743,-2.845,20.251,,,-23.096,0.0,-23.096,0.0,,-23.096,-23.096,,389.924,-0.06,-0.0075,-0.0075,389.924,-0.06,-0.0075,-0.0075,
04/30/1999,1168.094971,,,,,,,,,,-687.765015,,,,,,480.329987,2.818,,9.818,,0.0,,-12.636,483.147986,-183.595993,299.552002,2.178,,,297.373993,0.0,297.373993,0.0,,297.373993,297.373993,,389.85199,0.7625,0.765,0.765,394.372009,0.755,0.7575,0.7575,
07/31/1999,121.559998,,,,,,,,,,-172.548996,,,,,,-50.988998,-8.808,,11.474,,0.0,,-2.666,-59.796999,22.723,-37.074001,0.0,,,-37.073999,0.0,-37.074001,0.0,0.0,-37.074001,-37.074001,,390.85199,-0.095,-0.095,-0.095,390.85199,-0.095,-0.095,-0.095,
10/31/1999,209.945999,,,,,,,,,,-261.395996,,,,,,-51.450001,-20.707,23.344,23.344,,0.0,,-2.637,-72.157001,27.42,-44.737,0.0,,,-44.737,0.0,-44.737,0.0,0.0,-44.737,-44.737,,391.256012,-0.115,-0.115,-0.115,391.256012,-0.115,-0.115,-0.115,
01/31/2000,512.507019,,,,,,,,,,-477.38501,,,,,,35.122002,-48.645,,50.271,,0.0,,-1.626,-13.522998,6.448,-7.075,0.0,,,-7.074998,0.0,-7.075,0.0,0.0,-7.075,-7.075,,393.432007,-0.0175,-0.0175,-0.0175,393.432007,-0.0175,-0.0175,-0.0175,
04/30/2000,1607.930054,,,,,,,,,,,,,,,,,,,,,,,,,,340.781006,,,,,,340.781006,0.0,,340.781006,340.781006,,392.996002,0.8675,0.8675,0.8675,395.220001,0.8625,0.8625,0.8625,
07/31/2000,304.109985,,,,,,,,,,-396.803986,,,,,,-92.694,-60.497002,63.198002,63.198002,,0.0,,-2.701,-153.191002,38.247002,-51.745998,0.0,,,-114.944,0.0,-51.745998,0.0,0.0,-51.745998,-51.745998,,373.044006,-0.1375,-0.1375,-0.1375,373.044006,-0.1375,-0.1375,-0.1375,
10/31/2000,337.473999,,,,,,,,,,-362.40799,,,,,,-24.934,-61.421999,63.973,63.973,,0.0,,-2.551,-86.355999,36.701,-49.654999,0.0,,,-49.654999,0.0,-49.654999,0.0,0.0,-49.654999,-49.654999,,365.612,-0.135,-0.135,-0.135,365.612,-0.135,-0.135,-0.135,
01/31/2001,656.0,,,,,,,,,,-583.31897,,,,,,72.681,-64.888997,68.047997,68.047997,,0.0,,-3.159,7.792003,-3.332,4.46,0.0,,,4.460003,0.0,4.46,0.0,0.0,4.46,4.46,,365.196014,0.01,0.01,0.01,368.144012,0.01,0.01,0.01,
04/30/2001,1683.753,,,,,,,,,,-931.189,,,,,,752.564,-0.399,,,,0.0,,0.399,752.165,-267.946,373.689,-4.414,,,488.633,0.0,378.103,0.0,0.0,378.103,378.103,,366.616,1.0325,1.02,1.02,373.628,1.0125,1.0,1.0,
07/31/2001,328.980988,,,,,,,,,,-352.195007,,,,,,-23.214001,-28.524,29.805,29.805,,0.0,,-1.281,-51.738001,20.954,-30.784,0.0,,,-30.784001,0.0,-30.784,0.0,0.0,-30.784,-30.784,,367.716003,-0.085,-0.085,-0.085,367.716003,-0.085,-0.085,-0.085,
10/31/2001,373.895996,,,,,,,,,,-392.272003,,,,,,-18.375999,-28.701,-20.087,29.785,-49.872002,0.0,,48.788002,-47.076999,19.066,-28.011,0.0,,,-28.010999,0.0,-28.011,0.0,0.0,-28.011,-28.011,,364.575989,-0.075,-0.075,-0.075,364.575989,-0.075,-0.075,-0.075,
01/31/2002,733.531982,,,,,,,,,,-657.757019,,,,,,75.775002,-29.905,-23.297001,30.733,-54.029999,0.0,,53.201999,45.870002,-20.158001,29.615999,0.0,,,25.712001,0.0,29.615999,0.0,0.0,29.615999,29.615999,,365.872009,0.08,0.08,0.08,376.362,0.08,0.08,0.08,
04/30/2002,1881.327,,,,,,,,,,-1087.847,,,,,,793.48,-27.599,25.818,25.818,,0.0,,1.781,765.881,-302.297,463.584,0.0,,,463.584,0.0,463.584,0.0,0.0,463.584,463.584,,365.06,1.27,1.27,1.27,376.168,1.23,1.23,1.23,
07/31/2002,431.365997,,,,,,,,,,-408.489014,,,,,,22.877001,-38.783001,-55.945999,22.274,-78.220001,0.0,,94.729002,-15.906,6.362,-9.544,0.0,,,-9.544,0.0,-9.544,0.0,0.0,-9.544,-9.544,,362.417999,-0.025,-0.025,0.005,362.417999,-0.025,-0.025,0.005,
10/31/2002,471.395996,,,,,,,,,,-463.686005,,,,,,7.71,-69.955,-70.028,22.698,-92.725998,0.0,,139.982998,-62.245,24.898001,-37.347,0.0,,,-37.346999,0.0,-37.347,0.0,0.0,-37.347,-37.347,,357.76001,-0.105,-0.105,-0.02,357.76001,-0.105,-0.105,-0.02,
01/31/2003,958.413025,,,,,,,,,,-713.304016,,,,,,245.108994,-22.174999,-32.412998,24.816999,-57.23,0.0,,54.588,222.933994,-90.621002,132.313004,0.0,,,132.312992,0.0,132.313004,0.0,0.0,132.313004,132.313004,,357.540009,0.37,0.37,0.15,364.346008,0.365,0.365,0.15,
04/30/2003,1909.755,,,,,,,,,,-1035.088,,,,,,874.667,-32.373,-46.154,22.855,-69.009,0.0,,78.527,842.294,-347.652,494.642,0.0,,,494.642,0.0,494.642,0.0,0.0,494.642,494.642,,358.628,1.38,1.38,1.4,365.23,1.355,1.355,1.375,
07/31/2003,495.384003,,,,,,,,,,-455.053009,,,,,,40.331001,-21.502,-47.755001,23.197001,-70.952003,0.0,,69.257003,18.829001,-7.31,11.519,6.359,,,5.160001,0.0,5.16,0.0,0.0,5.16,5.16,,358.890015,0.015,0.03,0.03,365.84201,0.015,0.03,0.03,
10/31/2003,568.872,,,,-282.926,,,,285.946,,-250.077,,,,,,35.869,-18.735,19.899,19.899,,0.0,,-1.164,17.134,-6.758,10.376,0.0,,,10.376,0.0,10.376,0.0,0.0,10.376,10.376,,355.656,0.03,0.03,0.03,362.222,0.03,0.03,0.03,
01/31/2004,977.157,,,,,,,,,,-781.292,,,,,,195.865,-19.745,-96.282,21.361,-117.643,0.0,,116.027,176.12,-69.394,106.726,0.0,,,106.726,0.0,106.726,0.0,0.0,106.726,106.726,,353.464,0.3,0.3,0.27,361.968,0.295,0.295,0.265,
04/30/2004,2191.793,,,,,,,,,,-1224.999,,,,,,966.794,-14.72,-82.503,20.099,-102.602,0.0,,97.223,952.074,-376.439,575.635,0.0,,,575.635,0.0,575.635,0.0,0.0,575.635,575.635,,348.6,1.65,1.65,1.65,356.388,1.615,1.615,1.615,
07/31/2004,486.550995,,,,-369.369995,,,,117.181,,-160.195999,,,,,,-43.014999,-15.784999,-21.927,17.792999,-39.720001,0.0,,37.712001,-58.799999,22.058001,-36.742001,0.0,,,-36.741998,0.0,-36.742001,0.0,0.0,-36.742001,-36.742001,,337.269989,-0.11,-0.11,-0.11,337.269989,-0.11,-0.11,-0.11,
10/31/2004,541.953003,,,,-420.333008,,,,121.619995,,-184.867004,,,,,,-63.247002,-16.570999,-30.471001,18.080999,-48.551998,0.0,,47.041998,-79.818001,29.945999,-49.872002,0.0,,,-49.872002,0.0,-49.872002,0.0,0.0,-49.872002,-49.872002,,329.372009,-0.15,-0.15,-0.15,329.372009,-0.15,-0.15,-0.15,
01/31/2005,1036.235962,,,,-641.549988,,,,394.685974,,-248.113998,,,,,,146.572006,6.706,-37.519001,13.026,-50.544998,0.0,,30.812998,153.278007,-59.542,93.736,0.0,,,93.736007,0.0,93.736,0.0,0.0,93.736,93.736,,329.039001,0.28,0.28,0.28,334.875,0.28,0.28,0.28,
04/30/2005,2355.279,,,,-1015.836,,,,1339.443,,-327.5,920.677,,,,-593.177,1011.943,-8.888,-46.631,13.467,-60.098,0.0,,55.519,1003.055,-386.267,616.788,0.0,,,616.788,0.0,616.788,0.0,0.0,616.788,616.788,,661.54,0.945,0.945,0.945,673.664,0.93,0.93,0.93,
07/31/2005,614.992981,,,,-466.575012,,,,148.417969,,-189.251999,,,,,,-40.834,-5.035,-36.818001,12.435,-49.252998,0.0,,41.852998,-45.869,17.545,-28.323999,0.0,,,-28.324,0.0,-28.323999,0.0,0.0,-28.323999,-28.323999,,330.713989,-0.09,-0.09,-0.09,330.713989,-0.09,-0.09,-0.09,
10/31/2005,605.04303,,,,-522.080994,,,,82.962036,,-206.548996,,,,,,-123.586998,-9.542,-42.625,12.385,-55.009998,0.0,,52.166998,-133.128998,46.854,-86.275002,0.0,,,-86.274998,0.0,-86.275002,0.0,0.0,-86.275002,-86.275002,,326.046997,-0.26,-0.26,-0.26,326.046997,-0.26,-0.26,-0.26,
01/31/2006,1156.746948,,,,-778.590027,,,,378.156921,,-344.246002,,,,,,33.910999,-8.503,-38.862999,12.211,-51.074001,0.0,,47.366001,25.407999,-13.295,12.113,0.0,,,12.112999,0.0,12.113,0.0,0.0,12.113,12.113,,327.289001,0.04,0.04,0.13686,331.934998,0.04,0.04,0.1355,
04/30/2006,1197.97,,,,-378.802,,,,819.168,,-151.644,,,,,,667.524,-3.452,,12.028,-47.87,0.0,,39.294,664.072,-264.045,400.027,-192.867,,,592.894,0.0,592.894,0.0,0.0,592.894,592.894,,493.779,1.200727,0.810134,0.847317,509.409,1.163886,0.785276,0.846176,
07/31/2006,342.77,,,,-381.732,,,,-38.962,,-149.071,,,,,,-188.033,-5.941,-13.575,12.135,-25.71,0.0,,19.516,-193.974,76.135,-117.839,13.538,,,-131.377,0.0,-131.377,0.0,0.0,-131.377,-131.377,,323.671,-0.41,-0.36,-0.36,323.671,-0.41,-0.36,-0.36,
10/31/2006,396.083,,,,-424.827,,,,-28.744,,-162.972,,,,,,-191.716,-6.903,-17.884,12.091,-29.975,0.0,,24.787,-198.619,77.622,-120.997,35.463,,,-156.46,0.0,-156.46,0.0,0.0,-156.46,-156.46,,321.742,-0.49,-0.38,-0.38,321.742,-0.49,-0.38,-0.38,
01/31/2007,931.179,,,,-646.259,,,,284.92,,-253.968,,,,,,30.952,-8.827,-23.895,12.066,-35.961,0.0,,32.722,22.125,-0.181,21.944,82.196,,,-60.252,0.0,-60.252,0.0,0.0,-60.252,-60.252,,322.35,-0.19,0.07,0.07,326.048,-0.18,0.07,0.07,
04/30/2007,2216.221,,,,-1069.839,,,,1146.382,,-272.744,,,,,,873.638,132.628,,10.628,-43.375,0.0,,-99.881,1006.266,-415.037,591.229,676.793,,,-85.564,0.0,-85.564,0.0,0.0,-85.564,-85.564,,322.991,-0.26,1.83,1.87,326.195,-0.26,1.81,1.85,
07/31/2007,339.371,,,,-428.644,,,,-89.273,0.0,-144.109,144.109,,,,0.0,-233.382,49.802,,,-41.838,,,-7.964,-183.58,73.757,-109.823,192.757,,,-302.58,0.0,-302.58,0.0,0.0,-302.58,-302.58,,323.864,-0.93,-0.34,-0.34,323.864,-0.93,-0.34,-0.34,
10/31/2007,329.947,,,,-437.092,,,,-107.145,0.0,-151.278,151.278,,,,0.0,-258.423,36.6,-2.692,24.053,-26.745,,,-33.908,-221.823,86.89,-134.933,367.338,,,-502.271,,-502.271,0.0,0.0,-502.271,-502.271,,324.694,-1.55,-0.42,-0.42,324.694,-1.55,-0.42,-0.42,
01/31/2008,894.804,,,,-649.041,,,,245.763,0.0,-247.32,247.32,,,,0.0,-1.557,1.973,,,,,,-1.973,0.416,6.674,7.09,54.448,,,-47.358,0.0,-47.358,0.0,0.0,-47.358,-47.358,,325.074,-0.15,0.02,0.02,327.202,-0.15,0.02,0.02,
04/30/2008,2418.06,,,,-1073.416,,,,1344.644,0.0,-246.191,246.191,,,,0.0,1098.453,35.865,,,-35.865,,,-5.74,1140.058,-456.445,683.613,140.051,,,543.562,0.0,543.562,0.0,0.0,543.562,543.562,77.48,325.608,1.669375,2.099497,2.337452,325.608,1.669375,2.099497,2.337452,
07/31/2008,271.909,254.062,17.847,,-360.138,360.138,,,-88.229,0.0,-123.386,123.386,,,,0.0,-211.615,-1.355,5.696,23.543,-17.847,,,-4.341,-212.97,84.547,-128.423,4.296,4.296,0.0,-132.719,0.0,-132.719,0.0,0.0,-132.719,-124.90715,3.51585,327.141,-0.41,-0.39,-0.381814,327.141,-0.41,-0.39,-0.381814,
10/31/2008,351.469,334.422,17.047,,-438.765,438.765,,,-87.296,0.0,-138.036,138.036,,,,0.0,-225.332,-2.121,9.218,26.265,-17.047,,,-7.097,-227.453,94.292,-133.161,2.713,2.713,0.0,-135.874,0.0,-135.874,0.0,0.0,-135.874,-129.3013,3.8597,329.81,-0.41,-0.4,-0.392048,329.81,-0.41,-0.4,-0.392048,
01/31/2009,993.446,934.842,58.604,,-684.567,684.567,,,308.879,0.0,-208.814,208.814,,,,0.0,100.065,1.674,-31.936,26.668,-58.604,,,30.262,101.739,-34.909,66.83,19.467,19.467,0.0,47.363,0.0,47.363,0.0,0.0,47.363,70.53435,3.70435,337.338,0.14,0.2,0.209091,338.687,0.14,0.2,0.209091,
04/30/2009,2466.753,2405.735,61.018,,-1106.566,1106.566,,,1360.187,0.0,-184.436,184.436,,,,0.0,1175.751,2.303,,,,,,-2.303,1178.054,-470.245,707.809,0.906,0.906,0.0,706.903,0.0,706.903,0.0,0.0,706.903,707.809,0.0,336.859,2.09,2.09,2.09,337.963,2.08,2.08,2.08,
07/31/2009,275.505,263.218,12.287,,-386.45,386.45,,,-110.945,0.0,-103.217,103.217,,,,0.0,-214.162,3.289,9.228,21.515,-12.287,,,-12.517,-210.873,80.256,-130.617,3.017,3.017,0.0,-133.634,0.0,-133.634,0.0,0.0,-133.634,-129.81035,0.80665,334.533,-0.4,-0.39,-0.388035,334.533,-0.4,-0.39,-0.388035,
10/31/2009,326.081,313.968,12.113,,-410.949,410.949,,,-84.868,0.0,-129.685,129.685,,,,0.0,-214.553,1.7,9.193,21.306,-12.113,,,-10.893,-212.853,86.381,-126.472,2.115,2.115,0.0,-128.587,0.0,-128.587,0.0,0.0,-128.587,-124.1619,2.3101,335.346,-0.38,-0.38,-0.37025,335.346,-0.38,-0.38,-0.373111,
01/31/2010,934.852,886.506,48.346,,-645.747,645.747,,,289.105,0.0,-194.661,194.661,,,,0.0,94.444,3.007,-24.88,23.466,-48.346,,,21.873,97.451,-43.848,53.603,2.968,2.968,0.0,50.635,0.0,50.635,0.0,0.0,50.635,62.0232,8.4202,332.999,0.15,0.16,0.186256,334.297,0.15,0.16,0.185188,
04/30/2010,2337.894,2288.235,49.659,,-1024.85,1024.85,,,1313.044,0.0,-203.936,203.936,,,,0.0,1109.108,1.302,,,,,,-1.302,1110.41,-417.978,692.432,1.604,1.604,0.0,690.828,0.0,690.828,0.0,0.0,690.828,692.432,0.0,326.255,2.11,2.11,2.11,327.314,2.1,2.11,2.11,
07/31/2010,274.474,264.172,10.302,,-368.016,335.005,33.011,,-93.542,0.0,-117.029,117.029,,,,0.0,-210.571,3.254,12.66,22.962,-10.302,,,-15.914,-207.317,79.679,-127.638,3.043,3.043,0.0,-130.681,0.0,-130.681,0.0,0.0,-130.681,-110.42005,17.21795,319.69,-0.41,-0.4,-0.345397,319.69,-0.41,-0.4,-0.346142,
10/31/2010,119.59,109.093,10.497,,-231.975,199.618,32.357,,-112.385,0.0,-74.983,74.983,,,,0.0,-187.368,3.852,12.495,22.992,-10.497,,,-16.347,-183.516,72.072,-111.444,-2.395,-2.395,0.0,-109.049,0.0,-109.049,0.0,0.0,-109.049,-114.71255,-3.26855,306.804,-0.36,-0.36,-0.373895,306.804,-0.36,-0.36,-0.373895,
01/31/2011,680.296,624.284,56.012,,-494.884,370.194,124.69,,185.412,0.0,-213.339,190.639,,,,22.7,-27.927,1.959,-31.35,24.662,-56.012,,,29.391,-25.968,14.934,-11.034,1.687,1.687,0.0,-12.721,0.0,-12.721,0.0,0.0,-12.721,12.5539,23.5879,305.144,-0.04,-0.04,0.041141,305.144,-0.04,-0.04,0.037301,
04/30/2011,2045.259,1988.265,56.994,,-824.248,744.742,79.506,,1221.011,0.0,-178.958,178.958,,,,0.0,1042.053,2.285,,,,,,-2.285,1044.338,-401.505,642.833,-15.728,-15.728,0.0,658.561,0.0,658.561,0.0,0.0,658.561,644.6218,1.7888,305.283,2.15,2.1,2.111555,306.118,2.14,2.09,2.095843,
07/31/2011,100.623,90.283,10.34,,-212.584,182.357,30.227,,-111.961,0.0,-92.653,92.653,,,,0.0,-204.614,4.013,12.596,22.936,-10.34,,,-16.609,-200.601,81.446,-119.155,55.943,55.943,0.0,-175.098,0.0,-175.098,0.0,0.0,-175.098,-26.61155,92.54345,305.491,-0.57,-0.39,-0.087111,305.491,-0.57,-0.39,-0.087111,
10/31/2011,129.194,119.273,9.921,,-227.613,196.54,31.073,,-98.419,0.0,-108.012,103.755,,,,4.257,-206.431,2.502,12.952,22.873,-9.921,,,-15.454,-203.929,80.916,-123.013,18.711,18.711,0.0,-141.724,0.0,-141.724,0.0,0.0,-141.724,-111.63155,11.38145,299.895,-0.47,-0.41,-0.372235,299.895,-0.47,-0.41,-0.372235,
01/31/2012,663.28,623.804,39.476,,-455.24,378.765,76.475,,208.04,0.0,-211.736,211.736,,,,0.0,-3.696,2.67,17.312,23.543,-6.231,,,-19.982,-1.026,-2.541,-3.567,-0.218,-0.218,0.0,-3.349,0.0,-3.349,0.0,0.0,-3.349,0.62755,4.19455,292.963,-0.01,-0.01,0.002142,292.963,-0.01,-0.01,0.002142,
04/30/2012,2000.674,1960.611,40.063,,-806.258,759.787,46.471,,1194.416,0.0,-213.383,210.231,,,,3.152,981.033,0.593,16.718,22.737,-6.019,,,-17.311,981.626,-389.923,591.703,5.6,5.6,0.0,586.103,0.0,586.103,0.0,0.0,586.103,603.92135,12.21835,293.103,2.0,2.02,2.060441,293.985,1.99,2.01,2.051561,
07/31/2012,96.489,86.616,9.873,,-193.424,166.702,26.722,,-96.935,0.0,-75.478,75.478,,,,0.0,-172.413,3.144,16.021,22.077,-6.056,,,-19.165,-169.269,63.619,-105.65,1.791,1.791,0.0,-107.441,0.0,-107.441,0.0,0.0,-107.441,-104.514,1.136,277.155,-0.39,-0.38,-0.377096,277.155,-0.39,-0.38,-0.377096,
10/31/2012,137.263,127.404,9.859,,-212.011,184.896,27.115,,-74.748,0.0,-90.327,90.327,,,,0.0,-165.075,2.787,17.469,23.39,-5.921,,,-20.256,-162.288,61.089,-101.199,4.044,4.044,0.0,-105.243,0.0,-105.243,0.0,0.0,-105.243,-99.5545,1.6445,271.145,-0.39,-0.37,-0.367163,271.145,-0.39,-0.37,-0.367163,
01/31/2013,471.979,433.679,38.3,,-377.618,296.781,62.456,,94.361,0.0,-186.997,186.997,,,,0.0,-92.636,-3.632,13.595,19.428,-5.833,,,-9.963,-96.268,79.353,-16.915,0.793,0.793,0.0,-17.708,0.0,-17.708,0.0,0.0,-17.708,-56.6513,-39.7363,271.542,-0.07,-0.06,-0.208628,271.542,-0.07,-0.06,-0.208628,
04/30/2013,2200.212,2159.415,40.797,,-747.438,392.316,329.004,,1452.774,0.0,-251.667,234.489,,,,17.178,1201.107,-71.271,3.656,9.402,-5.746,,,67.615,1129.836,-440.914,688.922,24.582,24.582,0.0,664.34,0.0,664.34,0.0,0.0,664.34,693.44335,4.52135,272.385,2.438974,2.529222,2.545821,277.593,2.393216,2.48177,2.498058,
07/31/2013,127.195,115.998,11.197,,-210.053,165.496,25.937,4.254,-82.858,0.0,-96.697,92.443,7.123,85.32,,0.0,-179.555,-4.939,8.563,14.446,-5.883,,,-3.624,-184.494,71.224,-113.27,1.917,1.917,0.0,-115.187,0.0,-115.187,0.0,0.0,-115.187,-112.207,1.063,273.08,-0.42,-0.42,-0.410894,273.08,-0.42,-0.42,-0.416107,
10/31/2013,134.34,123.714,10.626,,-207.063,99.761,85.207,4.573,-72.723,0.0,-94.092,89.519,13.601,75.918,,0.0,-166.815,-12.547,7.657,13.801,-6.144,,,4.89,-179.362,76.347,-103.015,1.928,1.928,0.0,-104.943,0.0,-104.943,0.0,0.0,-104.943,-109.107,-6.092,273.907,-0.39,-0.38,-0.398336,273.907,-0.39,-0.38,-0.402241,
01/31/2014,199.77,162.401,37.369,,-349.665,204.591,119.807,6.544,-149.895,0.0,-174.448,167.904,77.943,89.961,,0.0,-324.343,-23.482,8.033,13.872,-5.839,,,15.449,-347.825,135.074,-212.751,1.96,1.96,0.0,-214.711,0.0,-214.711,0.0,0.0,-214.711,-212.268,0.483,274.11,-0.78,-0.78,-0.77439,274.11,-0.78,-0.78,-0.778238,
04/30/2014,2562.99,2524.088,38.902,,-819.399,644.574,147.548,6.974,1743.591,0.0,-268.191,261.217,140.096,121.121,,0.0,1475.4,3.397,8.195,13.803,-5.608,,,-11.592,1478.797,-549.664,929.133,19.135,19.135,0.0,909.998,0.0,909.998,0.0,0.0,909.998,919.9331,-9.1999,274.223,3.31846,3.388239,3.35469,283.011,3.215416,3.283028,3.250521,
07/31/2014,133.586,124.287,9.299,,-197.726,168.277,4.364,8.601,-64.14,0.0,-97.2,88.599,8.145,80.454,,0.0,-161.34,-14.476,8.547,13.795,-5.248,,,5.929,-175.816,66.965,-108.851,7.381,7.381,0.0,-116.232,0.0,-116.232,0.0,0.0,-116.232,-107.623483,1.227517,274.575,-0.42,-0.4,-0.391964,274.575,-0.42,-0.4,-0.395529,
10/31/2014,134.628,134.628,,,-221.697,192.883,0.385,10.5,-87.069,0.0,-97.379,86.879,12.513,74.366,,0.0,-184.448,-16.125,13.843,13.843,0.0,,,2.282,-200.573,87.346,-113.227,-1.229,-1.229,0.0,-111.998,0.0,-111.998,0.0,0.0,-111.998,-114.205021,-0.978021,275.106,-0.41,-0.41,-0.415131,275.106,-0.41,-0.41,-0.415131,
01/31/2015,509.074,509.074,,,-394.678,326.214,39.283,14.11,114.396,0.0,-189.547,175.437,87.569,87.868,,0.0,-75.151,-15.714,,9.048,,,,6.666,-90.865,55.554,-35.311,1.637,1.637,0.0,-36.948,0.0,-36.948,0.0,0.0,-36.948,-34.203716,1.107284,275.19,-0.13,-0.13,-0.124291,275.19,-0.13,-0.13,-0.125976,
04/30/2015,2301.37,2301.37,,,-816.389,756.262,30.961,14.731,1484.981,0.0,-269.376,254.645,165.455,89.19,,0.0,1215.605,-5.546,3.842,8.56,-4.718,,,1.704,1210.059,-465.926,744.133,5.292,5.292,0.0,738.841,0.0,738.841,0.0,0.0,738.841,744.153031,0.020031,275.26,2.68,2.7,2.703455,277.612,2.66,2.68,2.680072,
07/31/2015,137.718,137.718,,,-213.508,184.419,2.005,13.01,-75.79,0.0,-98.192,85.182,8.531,76.651,,0.0,-173.982,-13.127,8.575,8.575,0.0,4.599,,-0.047,-187.109,90.604,-96.505,3.154,3.154,0.0,-99.659,0.0,-99.659,0.0,0.0,-99.659,-97.053,-0.548,275.765,-0.36,-0.35,-0.351941,275.765,-0.36,-0.35,-0.351987,
10/31/2015,128.415,128.415,,,-226.401,196.861,1.182,13.991,-97.986,0.0,-135.847,121.856,12.965,108.891,,0.0,-233.833,-3.886,5.379,14.181,-8.802,0.023,,-1.516,-237.719,95.201,-142.518,2.489,2.489,0.0,-145.007,0.0,-145.007,0.0,0.0,-145.007,-129.495,13.023,266.267,-0.55,-0.54,-0.486335,266.267,-0.55,-0.54,-0.49109,
01/31/2016,474.543,474.543,,,-392.513,327.984,35.734,16.508,82.03,0.0,-201.872,185.364,93.708,91.656,,0.0,-119.842,-26.658,21.351,23.573,-2.222,3.516,,1.791,-146.5,67.851,-78.649,3.08,3.08,0.0,-81.729,0.0,-81.729,0.0,0.0,-81.729,-78.551,0.098,231.904,-0.35,-0.34,-0.338722,231.904,-0.35,-0.34,-0.339577,
04/30/2016,2297.477,2297.477,,,-853.13,853.13,,,1444.347,0.0,-283.498,283.498,,,,0.0,1160.849,-20.042,21.147,22.633,-1.486,-0.331,,-0.774,1140.807,-439.582,701.225,0.563,0.563,0.0,700.662,0.0,700.662,0.0,0.0,700.662,715.227,14.002,222.099,3.154728,3.157263,3.220307,229.335,3.05519,3.057645,3.1187,
07/31/2016,125.185,125.185,,,-211.086,182.202,1.417,13.815,-85.901,0.0,-98.823,85.008,7.561,77.447,,0.0,-184.724,-18.825,18.832,21.466,-2.634,0.021,,-0.028,-203.549,82.523,-121.026,2.647,2.647,0.0,-123.673,0.0,-123.673,0.0,0.0,-123.673,-121.536,-0.51,220.484,-0.56,-0.55,-0.551224,220.484,-0.56,-0.55,-0.552313,
10/31/2016,131.332,131.332,,,-225.702,195.791,,15.839,-94.37,0.0,-113.652,97.813,12.001,85.812,,0.0,-208.022,-20.447,21.06,22.62,-1.56,0.006,,-0.619,-228.469,85.054,-143.415,2.805,2.805,0.0,-146.22,0.0,-146.22,0.0,0.0,-146.22,-143.055,0.36,215.535,-0.68,-0.67,-0.663721,215.535,-0.68,-0.67,-0.66833,
01/31/2017,451.882,451.882,,,-388.777,330.601,28.348,15.332,63.105,0.0,-187.897,172.565,84.101,88.464,,0.0,-124.792,-25.806,25.743,25.94,-0.197,-0.08,,0.143,-150.598,49.386,-101.212,3.302,3.302,0.0,-104.514,0.0,-104.514,0.0,0.0,-104.514,-101.212,0.0,207.862,-0.5,-0.49,-0.49,207.862,-0.5,-0.49,-0.49,
04/30/2017,2327.915,2327.915,,,-818.812,818.812,,,1509.103,0.0,-275.581,275.581,,,0.0,0.0,1233.522,-21.619,19.253,22.925,-3.672,0.0,0.0,2.366,1211.903,-425.333,786.57,3.218,3.218,0.0,783.352,0.0,783.352,0.0,0.0,783.352,786.57,0.0,207.17,3.77,3.79,3.79,208.605,3.75,3.76,3.76,
07/31/2017,137.802,124.27,,13.532,-227.715,227.715,,,-89.913,0.0,-95.249,95.249,,,,0.0,-185.162,-20.057,19.833,21.277,-1.444,-0.131,,0.355,-205.219,77.401,-127.818,2.749,2.749,0.0,-130.567,0.0,-130.567,0.0,0.0,-130.567,-127.818,0.0,207.935,-0.63,-0.62,-0.62,207.935,-0.63,-0.62,-0.62,
10/31/2017,140.854,124.613,,16.241,-240.019,240.019,,,-99.165,0.0,-116.846,116.846,,,,0.0,-216.011,-20.254,19.954,21.265,-1.311,0.117,,0.183,-236.265,87.953,-148.312,5.254,5.254,0.0,-153.566,0.0,-153.566,0.0,0.0,-153.566,-148.312,0.0,209.065,-0.74,-0.71,-0.71,209.065,-0.74,-0.71,-0.71,
01/31/2018,488.426,488.426,,,-416.601,355.364,29.191,16.442,71.825,0.0,-169.098,152.656,64.209,88.447,,0.0,-97.273,-23.532,23.861,24.56,-0.699,-0.021,,-0.308,-120.805,-122.12,-242.925,2.72,2.72,0.0,-245.645,0.0,-245.645,0.0,0.0,-245.645,-93.525,149.4,209.08,-1.18,-1.16,-0.447317,209.08,-1.18,-1.16,-0.447317,
04/30/2018,2392.849,2392.849,,,-855.394,855.394,,,1537.455,0.0,-286.959,286.959,,,,0.0,1250.496,-19.475,18.863,22.27,-3.407,0.13,,0.482,1231.021,-85.057,1145.964,3.037,3.037,0.0,1142.927,0.0,1142.927,0.0,0.0,1142.927,1145.964,0.0,209.23,5.45,5.47,5.47,210.527,5.42,5.43,5.43,
07/31/2018,145.183,130.499,,14.684,-221.56,221.56,,,-76.377,0.0,-105.74,105.74,,,,0.0,-182.117,-16.648,16.693,21.19,-4.497,0.003,,-0.048,-198.765,49.968,-148.797,3.873,3.873,0.0,-152.67,0.0,-152.67,0.0,0.0,-152.67,-148.797,0.0,207.673,-0.74,-0.72,-0.72,207.673,-0.74,-0.72,-0.72,
10/31/2018,148.871,130.139,,18.732,-250.815,250.815,,,-101.944,0.0,-113.319,113.319,,,,0.0,-215.263,-16.727,16.686,21.191,-4.505,0.124,,-0.083,-231.99,61.053,-170.937,5.339,5.339,0.0,-176.276,0.0,-176.276,0.0,0.0,-176.276,-170.937,0.0,205.52,-0.86,-0.83,-0.83,205.52,-0.86,-0.83,-0.83,
01/31/2019,468.384,418.75,,49.634,-421.026,421.026,,,47.358,0.0,-185.458,185.458,,,,0.0,-138.1,-20.564,20.575,22.833,-2.258,0.033,,-0.044,-158.664,38.885,-119.779,6.675,6.675,0.0,-126.454,0.0,-126.454,0.0,0.0,-126.454,-119.779,0.0,205.532,-0.62,-0.58,-0.58,205.532,-0.62,-0.58,-0.58,
04/30/2019,2332.443,2332.443,,,-863.521,863.521,,,1468.922,0.0,-317.65,317.65,,,,0.0,1151.272,-16.693,16.585,21.837,-5.252,0.139,,-0.031,1134.579,-249.81,884.769,6.86,6.86,0.0,877.909,0.0,877.909,0.0,0.0,877.909,884.769,0.0,202.675,4.32,4.36,4.36,204.199,4.29,4.32,4.32,
07/31/2019,150.362,136.222,,14.14,-229.392,229.392,,,-79.03,0.0,-116.136,116.136,,,,0.0,-195.166,-11.948,13.045,21.071,-8.026,-0.009,,-1.088,-207.114,61.39,-145.724,4.523,4.523,0.0,-150.247,0.0,-150.247,0.0,0.0,-150.247,-145.724,0.0,202.037,-0.74,-0.72,-0.72,202.037,-0.74,-0.72,-0.72,
10/31/2019,160.801,141.795,,19.006,-253.206,253.206,,,-92.405,0.0,-150.334,150.334,,,,0.0,-242.739,-18.567,19.081,21.306,-2.225,-0.105,,-0.409,-261.306,77.752,-183.554,4.445,4.445,0.0,-187.999,0.0,-187.999,0.0,0.0,-187.999,-183.554,0.0,198.079,-0.95,-0.93,-0.93,198.079,-0.95,-0.93,-0.93,
01/31/2020,519.205,454.833,,64.372,-462.521,462.521,,,56.684,0.0,-209.288,209.288,,,,0.0,-152.604,-24.426,23.908,26.305,-2.397,0.139,,0.379,-177.03,49.004,-128.026,1.657,1.657,0.0,-129.683,0.0,-129.683,0.0,0.0,-129.683,-128.026,0.0,194.077,-0.67,-0.66,-0.66,194.077,-0.67,-0.66,-0.66,
04/30/2020,1809.352,1809.352,,,-767.157,767.157,,,1042.195,0.0,-374.603,268.603,,,,106.0,667.592,-25.516,25.806,27.412,-1.606,0.198,,-0.488,642.076,-178.616,463.46,3.057,3.057,0.0,460.403,0.0,460.403,0.0,0.0,460.403,463.46,0.0,192.475,2.39,2.4,2.4,193.726,2.37,2.39,2.39,
07/31/2020,601.03,581.423,,19.607,-315.036,315.036,,,285.994,0.0,-133.038,133.038,,,,0.0,152.956,-28.914,30.966,32.125,-1.159,-0.392,,-1.66,124.042,-30.486,93.556,2.297,2.297,0.0,91.259,0.0,91.259,0.0,0.0,91.259,93.556,0.0,192.598,0.473832,0.485758,0.485758,192.598,0.473832,0.485758,0.485758,
10/31/2020,175.429,,,,,,,,,,,,,,,,-239.333,,,,,,,,-224.75,,-190.6,,,,,,-190.6,,,-190.6,-175.2,,,-0.986,-0.986,-0.94,,-0.986,-0.986,-0.94,
01/31/2021,538.429,,,,,,,,,,,,,,,,-148.667,,,,,,,,-134.025,,-116.06,,,,,,-116.06,,,-116.06,-101.22,,,-0.602,-0.602,-0.562,,-0.602,-0.602,-0.562,
