Date,Revenue,Sales & Services Revenue,Cost of Revenue,Cost of Goods & Services,Gross Profit,Other Operating Income,Operating Expenses,"Selling, General & Admin",Other Operating Expense,Operating Income (Loss),Non-Operating (Income) Loss,"Interest Expense, Net",Interest Expense,Interest Income,Foreign Exch (Gain) Loss,(Income) Loss from Affiliates,Other Non-Op (Income) Loss,Pretax Income,Income Tax Expense (Benefit),Income (Loss) from Cont Ops,Net Extraordinary Losses (Gains),Discontinued Operations,XO & Accounting Changes,Income (Loss) Incl. MI,Minority Interest,"Net Income, GAAP",Preferred Dividends,Other Adjustments,"Net Income Avail to Common, GAAP","Net Income Avail to Common, Adj",Net Abnormal Losses (Gains),Basic Weighted Avg Shares,"Basic EPS, GAAP",Basic EPS from Cont Ops,"Basic EPS from Cont Ops, Adjusted",Diluted Weighted Avg Shares,"Diluted EPS, GAAP",Diluted EPS from Cont Ops,"Diluted EPS from Cont Ops, Adjusted",Source: Bloomberg
04/01/1990,681.244019,,-399.320007,,281.924011,,-197.311005,,,84.612999,-5.203,,5.715,,,,-0.512,79.409999,-32.32,47.09,0.0,,,47.089999,0.0,47.09,0.0,,47.09,47.09,,360.743988,0.13,0.13,,360.743988,0.13,0.13,0.13,
07/01/1990,535.861023,,-314.161987,,221.699036,,-164.505997,,,57.193001,54.863,,6.047,,,,-60.91,112.056001,-46.212002,65.844002,0.0,,,65.843999,0.0,65.844002,0.0,,65.844002,65.844002,,360.743988,0.1825,0.1825,0.1825,360.743988,0.1825,0.1825,0.1825,
09/30/1990,735.437988,,-433.43399,,302.003998,,-201.362,,,100.641998,-7.908,,8.201,,,,-0.293,92.733998,-36.176998,56.556999,0.0,,,56.557,0.0,56.556999,0.0,,56.556999,56.556999,,360.743988,0.1575,0.1575,,360.743988,0.1575,0.1575,0.1575,
12/31/1990,763.065918,,-441.444,,321.621918,,-213.488998,,,108.133003,-30.815,,6.356,,,,24.459,77.318003,-30.927,46.390999,0.0,,,46.391003,0.0,46.390999,0.0,,46.390999,46.390999,,360.743988,0.1275,0.1275,0.1275,360.743988,0.1275,0.1275,0.1275,
03/31/1991,684.565002,,-411.832001,,272.733002,,-188.638,,,84.095001,-5.14,,5.835,,,,-0.695,78.955001,-30.319,48.636002,0.0,,,48.636001,0.0,48.636002,0.0,,48.636002,48.636002,,360.743988,0.135,0.135,,360.743988,0.135,0.135,0.135,
06/30/1991,585.166016,,-339.463013,,245.703003,,-186.177002,,,59.526001,-7.224,,7.828,,0.0,,-0.604,52.302001,-20.399,31.903,0.0,,,31.903001,0.0,31.903,0.0,,31.903,31.903,,360.743988,0.0875,0.0875,0.0875,360.743988,0.0875,0.0875,0.0875,
09/29/1991,765.502014,,-445.747986,,319.754028,,-202.942001,,,116.811996,-8.625,,9.059,,,,-0.434,108.186996,-44.102001,64.084999,0.0,,,64.084995,0.0,64.084999,0.0,,64.084999,64.084999,,360.743988,0.1775,0.1775,,360.743988,0.1775,0.1775,0.1775,
12/31/1991,863.932007,,-497.361115,,366.570892,,-236.701996,,,129.869003,-5.855999,,6.546999,,,,-0.691,124.013004,-49.109001,74.903999,0.0,,,74.904003,0.0,74.903999,0.0,,74.903999,74.903999,,360.743988,0.2075,0.2075,0.2075,360.743988,0.2075,0.2075,0.2075,
03/29/1992,800.96698,,-463.437988,,337.528992,,-233.276001,,,104.252998,-5.221,,5.912,,,,-0.691,99.031998,-40.108002,58.924,0.0,,,58.923996,0.0,58.924,0.0,,58.924,58.924,,360.743988,0.1625,0.1625,0.1625,360.743988,0.1625,0.1625,0.1625,
06/28/1992,621.840027,,-355.049011,,266.791016,,-210.117996,,,56.673,-5.731,,6.415,,,,-0.684,50.942,-16.466999,34.474998,0.0,,,34.475001,0.0,34.474998,0.0,,34.474998,34.474998,,360.743988,0.0975,0.0975,0.0975,360.743988,0.0975,0.0975,0.0975,
09/27/1992,827.474976,,-474.683014,,352.791962,,-232.227997,,,120.564003,-7.971,,8.592,,,,-0.621,112.593003,-45.713001,66.879997,0.0,,,66.880002,0.0,66.879997,0.0,,66.879997,66.879997,,360.743988,0.185,0.185,,360.743988,0.185,0.185,0.185,
12/31/1992,969.522888,,-540.217896,,429.304992,,-282.566986,,,146.738007,-8.317,,8.789,,,,-0.472,138.421007,-56.102001,82.319023,0.0,,,82.319006,0.0,82.319023,0.0,,82.319023,82.319023,,360.744628,0.2275,0.2275,0.2275,360.744628,0.2275,0.2275,0.2275,
04/04/1993,897.788025,,-510.769012,,387.019012,,-273.244995,,,113.774002,73.081,,8.28,,0.0,,-81.361,186.855002,-81.800003,105.055,103.907997,,,1.147002,0.0,1.147,0.0,,1.147,1.147,,360.743988,0.0025,0.29,,360.743988,0.0025,0.29,0.29,
07/04/1993,618.429993,,-363.596008,,254.833984,,-205.768005,,,49.066002,-6.192,,7.509,,0.0,,-1.317,42.874002,-16.849001,26.025,0.0,,,26.025001,0.0,26.025,0.0,,26.025,26.025,,360.743988,0.0725,0.0725,,360.743988,0.0725,0.0725,0.0725,
10/03/1993,935.661987,,-544.815979,,390.846008,,-257.174011,,,133.671997,-6.345,,6.902,,0.0,,-0.557,127.326997,-53.355999,73.971001,0.0,,,73.970998,0.0,73.971001,0.0,,73.971001,73.971001,,360.497894,0.205,0.205,,360.497894,0.205,0.205,0.205,
12/31/1993,1036.369019,,-576.320923,,460.048096,,-299.332001,,,160.716003,-6.896999,,7.533001,,0.0,,-0.636002,153.819004,-61.63699,92.181999,0.0,,,92.182014,0.0,92.181999,0.0,,92.181999,92.181999,,353.955992,0.26,0.26,0.26,353.955992,0.26,0.26,0.26,
04/03/1994,883.890015,,-526.728027,,357.161987,,-261.569,,,95.593002,-7.526,,9.253,,0.0,,-1.727,88.067002,-35.050999,53.015999,0.0,,,53.016003,0.0,53.015999,0.0,,53.015999,53.015999,,349.656006,0.1525,0.1525,,349.656006,0.1525,0.1525,0.1525,
07/03/1994,675.982971,,-403.100006,,272.882965,,-222.313004,,,50.57,-8.503,,9.595,,0.0,,-1.092,42.066999,-16.742001,25.325001,0.0,,,25.324999,0.0,25.325001,0.0,,25.325001,25.325001,,348.380005,0.0725,0.0725,,348.380005,0.0725,0.0725,0.0725,
10/02/1994,966.510986,,-561.968018,,404.542969,,-259.578003,,,144.964996,-10.309,,11.171,,0.0,,-0.862,134.655997,-53.592999,81.063004,0.0,,,81.062998,0.0,81.063004,0.0,,81.063004,81.063004,,347.23175,0.2325,0.2325,,347.23175,0.2325,0.2325,0.2325,
12/31/1994,1079.886963,,-605.759888,,474.127075,,-290.654999,,,183.472,-115.123997,,7.23,,0.0,,107.893997,68.348003,-43.533009,24.814989,0.0,,,24.814994,0.0,24.814989,0.0,,24.814989,24.814989,,346.980012,0.0725,0.0725,0.0725,346.980012,0.0725,0.0725,0.0725,
04/02/1995,867.445984,,-503.360992,,364.084991,,-253.548004,,,110.537003,-9.144,,9.89,,0.0,,-0.746,101.393002,-40.759998,60.632999,0.0,,,60.633004,0.0,60.632999,0.0,,60.632999,60.632999,,346.911987,0.175,0.175,,346.911987,0.175,0.175,0.175,
07/02/1995,722.268982,,-423.763,,298.505981,,-235.716995,,,62.789001,-7.849,,8.675,,0.0,,-0.826,54.940001,-21.617001,33.323002,0.0,,,33.323001,0.0,33.323002,0.0,,33.323002,33.323002,,346.552002,0.095,0.095,,346.552002,0.095,0.095,0.095,
10/01/1995,981.101013,,-572.442993,,408.65802,,-261.709991,,,146.947998,-13.424,,13.942,,0.0,,-0.518,133.523998,-51.396999,82.126999,0.0,,,82.126998,0.0,82.126999,0.0,,82.126999,82.126999,,322.519989,0.255,0.255,,322.519989,0.255,0.255,0.255,
12/31/1995,1119.850952,,-626.706909,,493.144043,,-302.783112,,,190.360992,-14.265,,15.061,,0.0,,-0.796,176.095992,-70.259987,105.835999,0.0,,,105.836005,0.0,105.835999,0.0,,105.835999,105.835999,,309.336,0.3425,0.3425,0.3425,309.336,0.3425,0.3425,0.3425,
03/31/1996,931.513977,,-549.747986,,381.765991,,-270.35199,,,111.414001,-12.224,,13.116,,0.0,,-0.892,99.190001,-39.775002,59.415001,0.0,,,59.415,0.0,59.415001,0.0,,59.415001,59.415001,,309.256012,0.192,0.192,0.192,314.399994,0.19,0.19,0.19,
06/30/1996,796.343018,,-469.798004,,326.545013,,-247.395004,,,79.150002,-10.958,,12.221,,0.0,,-1.263,68.192002,-27.344999,40.847,0.0,,,40.847003,0.0,40.847,0.0,,40.847,40.847,,308.575989,0.132,0.132,0.132,313.600006,0.13,0.13,0.13,
09/30/1996,1072.33606,,-613.973999,,458.362061,,-287.526001,,,170.835999,-13.457,,14.246,,0.0,,-0.789,157.378998,-63.109001,94.269997,0.0,,,94.269997,0.0,94.269997,0.0,,94.269997,94.269997,,307.424011,0.305,0.305,0.305,310.0,0.305,0.305,0.305,
12/31/1996,1189.11499,,-668.569092,,520.545898,,-318.813995,,,201.731995,-46.756001,,12.453,,0.0,,34.303001,154.975994,-76.321991,78.654007,0.0,,,78.654003,0.0,78.654007,0.0,,78.654007,78.654007,,307.415986,0.255,0.255,0.37,310.812012,0.255,0.255,0.365,
03/31/1997,1002.468994,,-589.281006,,413.187988,,-284.005005,,,129.182999,-15.682,,16.75,,0.0,,-1.068,113.500999,-44.606998,68.893997,0.0,,,68.894,0.0,68.893997,0.0,,68.893997,68.893997,,306.332001,0.225,0.225,0.225,309.429993,0.225,0.225,0.225,
06/30/1997,905.729004,,-530.317993,,375.411011,,-276.26001,,,99.151001,-15.851,,16.427,,0.0,,-0.576,83.300001,-32.736,50.563999,0.0,,,50.564001,0.0,50.563999,0.0,,50.563999,50.563999,,306.227997,0.165,0.165,0.165,310.127991,0.165,0.165,0.165,
09/28/1997,1151.609985,,-672.604004,,479.005981,,-292.592987,,,186.412994,-20.558001,,21.176001,,0.0,,-0.618,165.854994,-65.181999,100.672997,0.0,,,100.672995,0.0,100.672997,0.0,,100.672997,100.672997,,294.90799,0.34,0.34,0.34,298.832001,0.335,0.335,0.335,
12/31/1997,1242.427979,,-696.692993,,545.734985,,-330.272003,,,215.462997,-24.164,,24.785,,0.0,,-0.621,191.298998,-75.179001,116.120003,0.0,,,116.119997,0.0,116.120003,0.0,,116.120003,116.120003,,286.488007,0.405,0.405,0.405,290.309998,0.4,0.4,0.4,
03/31/1998,1098.07605,,-652.340027,,445.736023,,-299.369995,,,146.365997,-22.706,,23.639,,0.0,,-0.933,123.659997,-48.227001,75.432999,0.0,,,75.432996,0.0,75.432999,0.0,,75.432999,75.432999,,286.752014,0.265,0.265,0.265,290.921997,0.26,0.26,0.26,
07/05/1998,880.398987,,-522.715027,,357.68396,,-258.30899,,,99.375,-20.744,,21.549,,0.0,,-0.805,78.631,-30.666,47.965,0.0,,,47.965,0.0,47.965,0.0,,47.965,47.965,,287.019989,0.165,0.165,0.165,291.503998,0.165,0.165,0.165,
10/04/1998,1217.237,,-706.605,,510.632,0.0,-311.658,311.658,0.0,198.974,-22.691,67.936,70.238,-2.302,0.0,,-45.245,176.283,-68.75,107.533,0.0,,,107.533,0.0,107.533,0.0,0.0,107.533,107.533,,286.876,0.375,0.375,0.375,290.868,0.37,0.37,0.37,
12/31/1998,1239.902954,,-743.396973,,496.505981,,-298.558014,,,197.947998,-19.516,,20.205,,0.0,,-0.689,178.431998,-68.474998,109.957001,0.0,,,109.957,0.0,109.957001,0.0,,109.957001,109.957001,,286.932007,0.385,0.385,0.385,291.063995,0.38,0.38,0.38,
04/04/1999,945.151978,,-562.164001,,382.987976,,-266.753998,,,116.234001,225.344997,19.341999,19.341999,,0.0,,-244.686996,341.578999,-116.908997,224.669998,0.0,,,224.670002,0.0,224.669998,0.0,,224.669998,224.669998,,283.589996,0.79,0.79,0.21,286.585999,0.785,0.785,0.21,
07/04/1999,853.239014,,-512.796021,,340.442993,,-241.371002,,,99.071999,-17.015,17.014999,17.638,-0.623,0.0,,0.0,82.056998,-32.001999,50.055,0.0,,,50.054999,0.0,50.055,0.0,,50.055,50.055,,280.002014,0.18,0.18,0.18,282.675995,0.175,0.175,0.175,
10/03/1999,1066.695,,-634.042,,432.653,,-268.575,,,164.078,-20.507,21.721,22.268,-0.547,0.0,,-1.214,143.571,-55.993,87.578,0.0,,,87.578,0.0,87.578,0.0,,87.578,87.578,,279.008,0.315,0.315,0.315,281.668,0.31,0.31,0.31,
12/31/1999,1105.838,,-645.722,,460.116,,-281.14,,,178.976,-18.309,14.755,18.052,-3.297,0.0,,3.554,160.667,-62.66,98.007,0.0,,,98.007,0.0,98.007,0.0,,98.007,98.007,,277.472,0.355,0.355,0.355,279.584,0.35,0.35,0.35,
04/02/2000,993.115,,-605.097,,388.018,,-261.1,,,126.918,-10.23,18.946,18.946,,0.0,,-8.716,116.688,-45.508,71.18,0.0,,,71.18,0.0,71.18,0.0,0.0,71.18,71.18,,276.91,0.255,0.255,0.24,278.432,0.255,0.255,0.24,
07/02/2000,836.204,,-502.07,,334.134,,-250.722,,,83.412,-17.843,16.725,17.843,-1.118,0.0,,1.118,65.569,-25.573,39.996,0.0,,,39.996,0.0,39.996,0.0,0.0,39.996,39.996,,274.83,0.145,0.145,0.145,277.064,0.145,0.145,0.145,
10/01/2000,1196.755,,-696.431,,500.324,,-303.688,,,196.636,-21.152,17.724,21.152,-3.428,0.0,,3.428,175.484,-68.079,107.405,0.0,,,107.405,0.0,107.405,0.0,0.0,107.405,107.405,,273.672,0.39,0.39,0.39,275.38,0.39,0.39,0.39,
12/31/2000,1194.902,,-667.553,,527.349,,-311.665,,,215.684,-26.786,23.015,23.015,,0.0,,3.771,188.898,-72.936,115.962,0.0,,,115.962,0.0,115.962,0.0,0.0,115.962,115.962,,273.188,0.425,0.425,0.425,275.974,0.42,0.42,0.42,
04/01/2001,988.002,,-637.954,,350.048,,-205.892,,,144.156,-17.297,17.569,18.541,-0.972,,,-0.272,126.859,-47.953,78.906,,,,78.906,,78.906,,,78.906,78.906,,273.5,0.29,0.29,0.29,276.454,0.285,0.285,0.285,
07/01/2001,817.326,,-517.258,,300.068,,-200.517,,,99.551,-16.927,35.663,36.633,-0.97,,,-18.736,82.624,-30.185,52.439,,,,52.439,,52.439,,,52.439,52.439,,272.82,0.19,0.19,0.19,275.64,0.19,0.19,0.19,
09/30/2001,1178.909,,-753.403,,425.506,,-216.519,,,208.987,1.09,17.844,18.147,-0.303,,,-18.934,210.077,-89.315,120.762,,,,120.762,,120.762,,,120.762,120.762,-1.1,271.738,0.445,0.445,0.455,274.426,0.44,0.44,0.45,
12/31/2001,1152.98,,-759.914,,393.066,,-224.049,,,169.017,-245.036,16.207,16.722,-0.515,,,228.829,-76.019,31.068,-44.951,,,,-44.951,,-44.951,,,-44.951,-44.951,171.8,271.906,-0.165,-0.165,0.465,274.9,-0.165,-0.165,0.46,
03/31/2002,988.506,,-624.024,,364.482,,-202.741,,,161.741,-24.227,15.465,16.244,-0.779,,,8.762,137.514,-50.469,87.045,,,,87.045,,87.045,,,87.045,87.045,5.698,273.414,0.32,0.32,0.34,276.438,0.315,0.315,0.335,
06/30/2002,823.462,,-509.43,,314.032,,-195.875,,,118.157,-18.4,15.863,15.994,-0.131,,,2.537,99.757,-36.609,63.148,,,,63.148,,63.148,,,63.148,63.148,1.7,273.662,0.23,0.23,0.235,276.004,0.23,0.23,0.235,
09/29/2002,1152.321,,-716.587,,435.734,,-200.746,,,234.988,-40.572,16.896,14.12,-1.866,,,28.318,194.416,-71.351,123.065,,,,123.065,,123.065,,,123.065,123.065,16.8,274.358,0.45,0.45,0.51,276.692,0.445,0.445,0.505,
12/31/2002,1156.028,,-709.84,,446.188,,-216.758,,,229.43,-23.552,14.374,15.274,-0.9,,,9.178,205.878,-75.558,130.32,,,,130.32,,130.32,,,130.32,130.32,8.37,270.818,0.48,0.48,0.51,272.674,0.48,0.48,0.51,
03/30/2003,953.162,,-596.879,,356.283,,-187.552,,,168.731,-14.611,14.611,15.612,-1.001,,,0.0,154.12,-56.562,97.558,,,,97.558,,97.558,,,97.558,97.558,,266.732,0.365,0.365,0.365,268.456,0.365,0.365,0.365,
06/29/2003,849.115,,-515.249,,333.866,,-201.388,,,132.478,-19.55,15.544,15.939,-0.395,,,4.006,112.928,-41.444,71.484,,,,71.484,,71.484,,,71.484,71.484,2.606,262.26,0.275,0.275,0.285,263.966,0.27,0.27,0.28,
09/28/2003,1191.019,,-723.067,,467.952,,-212.107,,,255.845,-18.61,17.258,17.361,-0.103,,,1.352,237.235,-86.263,150.972,7.368,,,143.604,,143.604,,,143.604,143.604,0.2,261.304,0.57,0.59,0.59,263.298,0.545,0.57,0.57,
12/31/2003,1179.255,,-707.411,,471.844,,-215.395,,,256.449,-27.905,18.069,18.306,-0.237,,,9.836,228.544,-83.606,144.938,,,,144.938,,144.938,,,144.938,144.938,7.189,260.3,0.57,0.57,0.6,262.564,0.55,0.55,0.58,
04/04/2004,1013.09,,-625.632,,387.458,,-204.133,,,183.325,-14.854,14.854,15.399,-0.545,,,0.0,168.471,-61.323,107.148,,,,107.148,,107.148,,,107.148,107.148,,259.76,0.42,0.42,0.42,262.054,0.41,0.41,0.41,
07/04/2004,893.688,,-533.204,,360.484,,-209.561,,,150.923,-15.488,15.488,15.844,-0.356,,,0.0,135.435,11.782,147.217,,,,147.217,,147.217,,,147.217,147.217,-61.1,258.912,0.58,0.58,0.34,261.707,0.56,0.56,0.33,
10/03/2004,1254.51,,-756.408,,498.102,,-216.696,,,281.404,-18.252,18.252,18.486,-0.234,,,0.0,263.152,-96.923,166.229,,,,166.229,,166.229,,,166.229,166.229,,249.569,0.68,0.68,0.68,252.683,0.66,0.66,0.66,
12/31/2004,1267.963,,-764.287,,503.676,,-217.15,,,286.526,-17.939,,17.939,-0.251,,,0.251,268.587,-98.301,170.286,,,,170.286,,170.286,,,170.286,170.286,,246.874,0.71,0.71,0.71,250.457,0.68,0.68,0.68,
04/03/2005,1126.414,,-695.584,,430.83,,-233.158,,,197.672,-19.404,19.404,19.669,-0.265,,,0.0,178.268,-65.246,113.022,,,,113.022,,113.022,,,113.022,113.022,,246.544,0.47,0.47,0.47,250.323,0.45,0.45,0.45,
07/03/2005,988.447,,-595.152,,393.295,,-226.658,,,166.637,-20.625,40.029,40.839,-0.81,,,-19.404,146.012,-52.789,93.223,,,,93.223,,93.223,,,93.223,93.223,,245.18,0.39,0.39,0.39,248.993,0.37,0.37,0.37,
10/02/2005,1368.24,,-849.939,,518.301,,-228.168,,,290.133,-108.544,23.358,23.701,-0.343,,,85.186,181.589,-67.437,114.152,,,,114.152,,114.152,,,114.152,114.152,54.588,244.672,0.48,0.48,0.7,248.368,0.46,0.46,0.69,
12/31/2005,1346.117,,-821.936,,524.181,,-225.002,,,287.485,-35.949,,24.255,-0.425,,,12.119,251.536,-92.82,170.41,,,,158.716,,170.41,0.0,0.0,170.41,170.41,,241.81,0.7,0.7,0.73,245.42,0.69,0.69,0.72,
04/02/2006,1139.507,,-707.365,,432.142,,-216.794,,,215.348,-28.534,25.21,25.701,-0.491,,,3.324,186.814,-64.343,122.471,,,,122.471,,122.471,,,122.471,122.471,,239.71,0.52,0.52,0.52,243.147,0.5,0.5,0.5,
07/02/2006,1051.912,,-644.077,,407.835,,-221.478,,,186.357,-31.73,52.714,53.531,-0.817,,,-20.984,154.627,-56.73,97.897,,,,97.897,,97.897,,,97.897,97.897,1.8,236.596,0.42,0.42,0.42,240.124,0.41,0.41,0.41,
10/01/2006,1416.202,,-870.733,,545.469,,-221.734,,,323.735,-33.511,84.574,85.8,-1.226,,,-51.063,290.224,-105.103,185.121,,,,185.121,,185.121,,,185.121,185.121,1.113,234.048,0.81,0.81,0.82,237.681,0.78,0.78,0.78,
12/31/2006,1336.61,,-854.54,,482.07,,-200.11,,,281.96,-37.12,,32.884,-0.292,,,4.528,244.84,-91.27,153.57,,,,153.57,,153.57,,0.0,153.57,153.57,,231.76,0.68,0.68,0.7,235.29,0.65,0.65,0.67,
04/01/2007,1153.109,,-739.078,,414.031,,-216.433,,,197.598,-55.8,28.29,29.051,-0.761,,,27.51,141.798,-48.325,93.473,,,,93.473,,93.473,,,93.473,93.473,25.313,230.652,0.42,0.42,0.53,233.708,0.4,0.4,0.51,
07/01/2007,1051.916,,-722.478,,329.438,,-216.87,,,112.568,-108.941,29.243,29.809,-0.566,,,79.698,3.627,-0.073,3.554,,,,3.554,,3.554,,,3.554,3.554,78.117,229.124,0.02,0.02,0.36,231.963,0.01,0.01,0.35,
09/30/2007,1399.469,,-891.394,,508.075,,-227.414,,,280.661,-184.945,33.238,33.83,-0.592,,,151.707,95.716,-32.932,62.784,,,,62.784,,62.784,,,62.784,62.784,94.446,227.977,0.28,0.28,0.71,230.388,0.27,0.27,0.68,
12/31/2007,1342.222,,-924.745,,417.477,,-232.762,232.762,0.0,184.715,-85.614,-0.562,,-0.562,,,86.176,99.101,-44.758,54.343,,,,54.343,,54.343,,,54.343,54.343,,227.681,0.24,0.24,0.56,229.722,0.24,0.24,0.54,
03/30/2008,1160.342,,-758.736,,401.606,,-248.515,,,153.091,-55.059,25.681,26.455,-0.774,,,29.378,98.032,-34.787,63.245,,,,63.245,,63.245,,,63.245,63.245,20.673,227.577,0.29,0.29,0.38,228.926,0.28,0.28,0.37,
06/29/2008,1105.437,,-722.926,,382.511,,-266.612,,,115.899,-45.396,50.896,51.943,-1.047,,,-5.5,70.503,-29.036,41.467,,,,41.467,,41.467,,,41.467,41.467,25.5,227.43,0.19,0.19,0.3,228.664,0.18,0.18,0.29,
09/28/2008,1489.609,,-988.38,,501.229,,-272.401,,,228.828,-33.792,77.47,78.775,-1.305,,,-43.678,195.036,-70.498,124.538,,,,124.538,,124.538,,,124.538,124.538,21.27,227.466,0.56,0.56,0.66,228.67,0.54,0.54,0.61,
12/31/2008,1377.38,,-879.854,,497.526,,-284.057,284.057,0.0,213.469,-85.018,24.965,24.965,,,,60.053,128.451,-46.296,82.155,,,,82.155,,82.155,,,82.155,82.155,,227.447,0.37,0.37,0.6,228.504,0.36,0.36,0.59,
04/05/2009,1236.031,1236.031,-795.803,795.803,440.228,0.0,-287.294,274.456,12.838,152.934,-23.896,23.896,24.173,-0.277,,,0.0,129.038,-53.144,75.894,0.0,0.0,0.0,75.894,,75.894,0.0,0.0,75.894,84.2387,8.3447,227.478,0.34,0.34,0.370316,228.284,0.33,0.33,0.366554,
07/05/2009,1171.183,1171.183,-717.893,717.893,453.29,0.0,-336.614,298.71,37.904,116.676,-22.734,22.734,23.002,-0.268,,,0.0,93.942,-22.644,71.298,0.0,0.0,0.0,71.298,,71.298,,0.0,71.298,97.998,26.7,227.556,0.32,0.32,0.430654,228.489,0.31,0.31,0.426855,
10/04/2009,1484.118,1484.118,-895.02,895.02,589.098,0.0,-309.474,301.466,8.008,279.624,-22.302,22.302,22.45,-0.148,,,0.0,257.322,-95.299,162.023,0.0,0.0,0.0,162.023,,162.023,0.0,0.0,162.023,168.523,6.5,228.008,0.73,0.73,0.73911,229.553,0.71,0.71,0.738316,
12/31/2009,1407.336,1407.336,-836.815,836.815,570.521,0.0,-358.165,334.04,24.125,212.356,-21.527,21.527,21.711,-0.184,,,0.0,190.829,-64.05,126.779,0.0,0.0,0.0,126.779,,126.779,0.0,0.0,126.779,144.379,17.6,228.332,0.57,0.57,0.63232,229.644,0.55,0.55,0.62664,
04/04/2010,1407.843,1407.843,-813.863,813.863,593.98,0.0,-340.646,340.646,0.0,253.334,-23.749,23.749,23.964,-0.215,,,0.0,229.585,-82.191,147.394,0.0,0.0,0.0,147.394,,147.394,0.0,0.0,147.394,158.87155,11.47755,227.966,0.66,0.66,0.696909,229.551,0.64,0.64,0.69,
07/04/2010,1233.242,1233.242,-686.704,686.704,546.538,0.0,-422.114,336.98,85.134,124.424,-22.78,22.78,23.057,-0.277,,,0.0,101.644,-54.921,46.723,0.0,0.0,0.0,46.723,,46.723,0.0,0.0,46.723,118.12344,71.40044,227.59,0.21,0.21,0.519019,230.324,0.2,0.2,0.51,
10/03/2010,1547.115,1547.115,-891.895,891.895,655.22,0.0,-355.572,357.624,-2.052,299.648,-22.259,22.259,22.596,-0.337,,,0.0,277.389,-97.22,180.169,0.0,0.0,0.0,180.169,,180.169,0.0,0.0,180.169,182.47391,2.30491,227.608,0.81,0.81,0.801703,230.491,0.78,0.78,0.79,
12/31/2010,1482.809,1482.809,-863.339,863.339,619.47,0.0,-391.578,391.227,0.351,227.892,-27.646,27.646,28.087,-0.441,,,0.0,200.246,-64.733,135.513,0.0,0.0,0.0,135.513,,135.513,0.0,0.0,135.513,140.12926,4.61626,227.72,0.61,0.61,0.615358,230.813,0.59,0.59,0.61,
04/03/2011,1564.223,1564.223,-908.038,908.038,656.185,0.0,-379.636,377.798,1.838,276.549,-24.477,24.477,25.267,-0.79,,,0.0,252.072,-91.957,160.115,0.0,0.0,0.0,160.115,,160.115,0.0,0.0,160.115,164.71888,4.60388,227.134,0.704936,0.704936,0.725206,230.194,0.695565,0.695565,0.715565,
07/03/2011,1325.171,1325.171,-760.851,760.851,564.32,0.0,-335.966,345.918,-9.952,228.354,-23.351,23.351,23.941,-0.59,,,0.0,205.003,-74.984,130.019,0.0,0.0,0.0,130.019,,130.019,0.0,0.0,130.019,129.04,-0.979,226.934,0.572938,0.572938,0.568623,230.301,0.564561,0.564561,0.56031,
10/02/2011,1624.249,1624.249,-944.068,944.068,680.181,0.0,-359.065,356.878,2.187,321.116,-23.041,23.041,23.637,-0.596,,,0.0,298.075,-101.38,196.695,0.0,0.0,0.0,196.695,,196.695,0.0,0.0,196.695,199.36155,2.66655,226.549,0.86,0.86,0.879993,229.849,0.86,0.86,0.871601,
12/31/2011,1567.145,1567.145,-935.939,935.939,631.206,0.0,-402.197,397.156,5.041,229.009,-21.314,21.314,21.935,-0.621,,,0.0,207.695,-65.562,142.133,0.0,0.0,0.0,142.133,,142.133,0.0,0.0,142.133,155.88002,13.74702,225.655,0.629869,0.629869,0.690789,229.117,0.620351,0.620351,0.680351,
04/01/2012,1732.064,1732.064,-988.668,988.668,743.396,0.0,-408.866,405.562,3.304,334.53,-24.024,24.024,24.67,-0.646,,,0.0,310.506,-111.855,198.651,0.0,0.0,0.0,198.651,,198.651,0.0,0.0,198.651,216.9434,18.2924,225.234,0.881976,0.881976,0.963191,228.655,0.86878,0.86878,0.94878,
07/01/2012,1414.444,1414.444,-795.923,795.923,618.521,0.0,-396.25,391.405,4.845,222.271,-24.344,24.344,25.048,-0.704,,,0.0,197.927,-62.242,135.685,0.0,0.0,0.0,135.685,,135.685,0.0,0.0,135.685,151.70471,16.01971,225.651,0.601305,0.601305,0.672298,228.853,0.592892,0.592892,0.662892,
09/30/2012,1746.709,1746.709,-1003.952,1003.952,742.757,0.0,-441.027,420.972,20.055,301.73,-24.535,24.535,25.12,-0.585,,,0.0,277.195,-100.479,176.716,0.0,0.0,0.0,176.716,,176.716,0.0,0.0,176.716,197.17424,20.45824,225.316,0.8,0.8,0.875101,228.608,0.77,0.77,0.85949,
12/31/2012,1751.035,1751.035,-995.827,995.827,755.208,0.0,-502.591,485.857,16.734,252.617,-22.666,22.666,23.671,-1.005,,,0.0,229.951,-80.072,149.879,0.0,0.0,0.0,149.879,,149.879,0.0,0.0,149.879,168.06012,18.18112,223.979,0.669165,0.669165,0.750339,227.264,0.659493,0.659493,0.739493,
03/31/2013,1827.426,1827.426,-978.089,978.089,849.337,0.0,-457.52,450.669,6.851,391.817,-23.633,23.633,24.341,-0.708,,,0.0,368.184,-126.278,241.906,0.0,0.0,0.0,241.906,,241.906,0.0,0.0,241.906,249.277,7.371,224.405,1.06,1.06,1.110835,227.706,1.06,1.06,1.092371,
06/30/2013,1508.514,1508.514,-789.94,789.94,718.574,0.0,-449.657,446.07,3.587,268.917,-21.094,21.094,21.799,-0.705,,,0.0,247.823,-88.319,159.504,0.0,0.0,0.0,159.504,,159.504,0.0,0.0,159.504,161.9024,2.3984,223.924,0.712313,0.712313,0.723024,226.84,0.703156,0.703156,0.71373,
09/29/2013,1853.886,1853.886,-998.335,998.335,855.551,0.0,-484.915,481.986,2.929,370.636,-21.759,21.759,22.455,-0.696,,,0.0,348.877,-115.892,232.985,0.0,0.0,0.0,232.985,,232.985,0.0,0.0,232.985,235.28767,2.30267,223.993,1.03,1.03,1.050424,226.887,1.03,1.03,1.040149,
12/31/2013,1956.253,1956.253,-1098.867,1098.867,857.386,0.0,-549.081,543.783,5.298,308.305,-21.87,21.87,22.919,-1.049,,,0.0,286.435,-100.36,186.075,0.0,0.0,0.0,186.075,,186.075,0.0,0.0,186.075,192.59944,6.52444,224.362,0.829352,0.829352,0.858432,227.357,0.818427,0.818427,0.847123,
03/30/2014,1871.813,1871.813,-1000.323,1000.323,871.49,0.0,-467.884,464.959,2.925,403.606,-21.285,21.285,22.231,-0.946,,,0.0,382.321,-129.826,252.495,0.0,0.0,0.0,252.495,,252.495,0.0,0.0,252.495,262.62785,10.13285,224.213,1.11,1.11,1.171332,227.046,1.11,1.11,1.154629,
06/29/2014,1578.35,1578.35,-860.876,860.876,717.474,0.0,-440.191,438.944,1.247,277.283,-20.553,20.734,21.872,-1.138,,,-0.181,256.73,-88.562,168.168,0.0,0.0,0.0,168.168,,168.168,0.0,0.0,168.168,170.0465,1.8785,222.788,0.754834,0.754834,0.763266,224.981,0.747476,0.747476,0.755826,
09/28/2014,1961.578,1961.578,-1101.441,1101.441,860.137,0.0,-501.469,485.097,16.372,358.668,-13.245,20.773,21.898,-1.125,,,-7.528,345.423,-121.682,223.741,0.0,0.0,0.0,223.741,,223.741,0.0,0.0,223.741,232.9502,9.2092,221.873,1.0,1.0,1.049926,223.877,1.0,1.0,1.041135,
12/31/2014,2010.027,2010.027,-1122.962,1122.962,887.065,0.0,-543.518,518.441,25.077,343.547,-21.978,20.74,21.597,-0.857,,,1.238,321.569,-119.061,202.508,0.0,0.0,0.0,202.508,,202.508,0.0,0.0,202.508,232.371,29.863,221.445,0.914484,0.914484,1.04934,223.547,0.905886,0.905886,1.039473,
04/05/2015,1937.8,1937.8,-1036.957,1036.957,900.843,0.0,-516.677,514.01,2.667,384.166,-9.362,19.202,20.007,-0.805,,,-9.84,374.804,-130.067,244.737,0.0,0.0,0.0,244.737,,244.737,0.0,0.0,244.737,248.023,3.286,220.644,1.1,1.1,1.124087,222.719,1.1,1.1,1.114754,
07/05/2015,1578.825,1578.825,-843.417,843.417,735.408,0.0,-727.908,455.545,272.363,7.5,-23.636,18.877,20.033,-1.156,,,4.759,-16.136,-83.805,-99.941,0.0,0.0,0.0,-99.941,,-99.941,0.0,0.0,-99.941,175.01975,274.96075,219.613,-0.455078,-0.455078,0.796946,219.613,-0.455078,-0.455078,0.796946,
10/04/2015,1960.779,1960.779,-1068.715,1068.715,892.064,0.0,-589.05,500.306,88.744,303.014,-56.376,46.967,47.845,-0.878,,,9.409,246.638,-91.867,154.771,0.0,0.0,0.0,154.771,,154.771,0.0,0.0,154.771,257.24,102.469,218.731,0.707586,0.707586,1.176056,220.075,0.703265,0.703265,1.168874,
12/31/2015,1909.222,1909.222,-1031.504,1031.504,877.718,0.0,-511.282,499.448,11.834,366.436,-46.537,20.726,21.423,-0.697,0.0,,25.811,319.899,-92.01,227.889,0.0,0.0,0.0,227.889,,227.889,0.0,0.0,227.889,237.044,9.155,217.237,1.04,1.04,1.091177,218.542,1.04,1.04,1.081891,
04/03/2016,1828.812,1828.812,-1011.436,1011.436,817.376,0.0,-477.867,471.734,6.133,339.509,0.22,21.005,21.35,-0.345,,,-21.225,339.729,-109.897,229.832,0.0,0.0,0.0,229.832,0.0,229.832,0.0,0.0,229.832,238.891,9.059,216.295,1.06,1.06,1.104468,217.487,1.06,1.06,1.101653,
07/03/2016,1637.671,1637.671,-890.273,890.273,747.398,0.0,-484.636,462.531,22.105,262.762,-29.466,21.338,21.611,-0.273,,,8.128,233.296,-87.34,145.956,0.0,0.0,0.0,145.956,0.0,145.956,0.0,0.0,145.956,182.612,36.656,213.394,0.683974,0.683974,0.85575,214.504,0.680435,0.680435,0.851322,
10/02/2016,2003.454,2003.454,-1152.606,1152.606,850.848,0.0,-476.824,474.494,2.33,374.024,-46.187,24.387,24.741,-0.354,,,21.8,327.837,-100.434,227.403,0.0,0.0,0.0,227.403,0.0,227.403,0.0,0.0,227.403,277.348,49.945,213.879,1.063232,1.063232,1.296752,215.161,1.056897,1.056897,1.289025,
12/31/2016,1970.244,1970.244,-1227.975,1227.975,742.269,0.0,-512.781,506.619,6.162,229.488,-30.869,23.413,24.246,-0.833,,,7.456,198.619,-81.766,116.853,0.0,0.0,0.0,116.853,0.0,116.853,0.0,0.0,116.853,249.659,132.806,212.855,0.55,0.55,1.172906,213.934,0.55,0.55,1.17078,
04/02/2017,1879.678,1879.678,-970.326,970.326,909.352,0.0,-712.115,459.386,252.729,197.237,-28.876,23.741,23.97,-0.229,,,5.135,168.361,-70.113,98.248,0.0,0.0,0.0,98.248,26.796,125.044,0.0,0.0,125.044,278.1228,153.0788,212.933,0.58,0.58,1.306152,214.522,0.58,0.58,1.293581,
07/02/2017,1662.991,1662.991,-897.144,897.144,765.847,0.0,-445.355,443.374,1.981,320.492,-39.375,24.126,24.424,-0.298,,,15.249,281.117,-78.39,202.727,0.0,0.0,0.0,202.727,0.774,203.501,0.0,0.0,203.501,231.756,28.255,213.086,0.955018,0.955018,1.087617,214.64,0.948104,0.948104,1.079743,
10/01/2017,2033.121,2033.121,-1090.185,1090.185,942.936,0.0,-481.472,477.452,4.02,461.464,-60.663,24.589,24.922,-0.333,,,36.074,400.801,-126.788,274.013,0.0,0.0,0.0,274.013,-0.71,273.303,0.0,0.0,273.303,276.809,3.506,212.038,1.288934,1.288934,1.305469,213.392,1.280756,1.280756,1.297185,
12/31/2017,1939.636,1939.636,-1102.395,1102.395,837.241,0.0,-503.025,505.28,-2.255,334.216,-73.827,25.826,26.75,-0.924,,,48.001,260.389,-78.84,181.549,0.0,0.0,0.0,181.549,-0.416,181.133,0.0,0.0,181.133,213.797,32.664,211.107,0.858015,0.858015,1.012742,212.596,0.852006,0.852006,1.005649,
04/01/2018,1971.959,1971.959,-997.899,997.899,974.06,0.0,-493.548,485.324,8.224,480.512,-31.281,29.339,31.554,-2.215,,,1.942,449.231,-98.512,350.719,0.0,0.0,0.0,350.719,-0.516,350.203,0.0,0.0,350.203,297.541,-52.662,210.734,1.65,1.65,1.411927,211.955,1.65,1.65,1.401542,
07/01/2018,1751.615,1751.615,-958.195,958.195,793.42,0.0,-477.696,449.548,28.148,315.724,-55.718,34.952,36.764,-1.812,,,20.766,260.006,-36.687,223.319,0.0,0.0,0.0,223.319,3.536,226.855,0.0,0.0,226.855,241.815,14.96,209.568,1.08,1.08,1.153874,210.378,1.08,1.08,1.15111,
09/30/2018,2079.593,2079.593,-1216.1,1216.1,863.493,0.0,-457.23,453.921,3.309,406.263,-49.409,36.916,38.735,-1.819,,,12.493,356.854,-91.441,265.413,0.0,0.0,0.0,265.413,-1.7,263.713,0.0,0.0,263.713,326.654,62.941,209.775,1.257123,1.257123,1.557164,210.681,1.251717,1.251717,1.550467,
12/31/2018,1987.902,1987.902,-1043.55,1043.55,944.352,0.0,-523.187,486.036,37.151,421.165,-77.195,37.63,39.805,-2.175,,,39.565,343.97,-12.37,331.6,0.0,0.0,0.0,331.6,5.191,336.791,0.0,0.0,336.791,270.41,-66.381,210.016,1.6,1.6,1.287569,211.06,1.6,1.6,1.285488,
03/31/2019,2016.488,2016.488,-1123.984,1123.984,892.504,0.0,-453.635,453.573,0.062,438.869,-42.935,37.458,39.406,-1.948,,,5.477,395.934,-92.053,303.881,0.0,0.0,0.0,303.881,0.477,304.358,0.0,0.0,304.358,333.968,29.61,209.323,1.45,1.45,1.595467,210.327,1.45,1.45,1.590781,
06/30/2019,1767.217,1767.217,-892.473,892.473,874.744,0.0,-464.674,453.793,10.881,410.07,-46.901,33.776,37.801,-4.025,,,13.125,363.169,-49.898,313.271,0.0,0.0,0.0,313.271,-0.431,312.84,0.0,0.0,312.84,274.82,-38.02,209.639,1.48,1.48,1.31092,210.817,1.48,1.48,1.299654,
09/29/2019,2134.422,2134.422,-1191.104,1191.104,943.318,0.0,-482.503,481.363,1.14,460.815,-53.455,35.456,36.335,-0.879,,,17.999,407.36,-82.178,325.182,0.0,0.0,0.0,325.182,0.125,325.307,0.0,0.0,325.307,340.369,15.062,209.853,1.539463,1.539463,1.62194,211.312,1.539463,1.539463,1.610741,
12/31/2019,2068.125,2068.125,-1156.213,1156.213,911.912,0.0,-625.714,517.2,108.514,286.198,-71.877,37.435,38.58,-1.145,0.0,0.0,34.442,214.321,-9.903,204.418,0.0,0.0,0.0,204.418,2.769,207.187,0.0,0.0,207.187,272.045,64.858,209.135,0.98,0.98,1.30081,210.491,0.98,0.98,1.288127,
03/29/2020,2037.317,2037.317,-1170.695,1170.695,866.622,0.0,-483.822,475.384,8.438,382.8,-47.788,36.255,37.839,-1.584,,,11.533,335.012,-66.229,268.783,0.0,0.0,0.0,268.783,2.354,271.137,0.0,0.0,271.137,345.122,73.985,208.912,1.297853,1.297853,1.651997,210.147,1.290225,1.290225,1.642288,
06/28/2020,1707.329,1707.329,-914.777,914.777,792.552,0.0,-409.179,408.949,0.23,383.373,-49.296,38.079,38.856,-0.777,,,11.217,334.077,-66.035,268.042,0.0,0.0,0.0,268.042,0.859,268.901,0.0,0.0,268.901,273.907,5.006,208.249,1.29,1.29,1.315286,209.07,1.29,1.29,1.313944,
09/30/2020,2137.867,,,,961.6125766,,,,,494.2,,,,,,,,425.636,,357.833,,,,,,357.833,,,357.833,354.0,,,1.707,1.707,1.708,,1.707,1.707,1.708,
12/31/2020,2070.0,,,,907.0533,,,,,402.4,,,,,,,,318.909,,297.667,,,,,,297.667,,,297.667,283.333,,,1.399,1.399,1.363,,1.399,1.399,1.363,
