Date,Revenue,Sales & Services Revenue,Other Revenue,Cost of Revenue,Cost of Goods & Services,Depreciation & Amortization,Gross Profit,Other Operating Income,Operating Expenses,"Selling, General & Admin",Research & Development,Other Operating Expense,Operating Income (Loss),Non-Operating (Income) Loss,"Interest Expense, Net",Interest Expense,Interest Income,Foreign Exch (Gain) Loss,Other Non-Op (Income) Loss,Pretax Income,Income Tax Expense (Benefit),Current Income Tax,Deferred Income Tax,Income (Loss) from Cont Ops,Net Extraordinary Losses (Gains),Discontinued Operations,XO & Accounting Changes,Income (Loss) Incl. MI,Minority Interest,"Net Income, GAAP",Preferred Dividends,Other Adjustments,"Net Income Avail to Common, GAAP","Net Income Avail to Common, Adj",Net Abnormal Losses (Gains),Basic Weighted Avg Shares,"Basic EPS, GAAP",Basic EPS from Cont Ops,"Basic EPS from Cont Ops, Adjusted",Diluted Weighted Avg Shares,"Diluted EPS, GAAP",Diluted EPS from Cont Ops,"Diluted EPS from Cont Ops, Adjusted",Source: Bloomberg
03/31/1993,0.279,,,-1.044,,,-0.765,,-0.18,,,,-0.945,0.024,,,,0.0,-0.024,-0.921,0.0,,,-0.921,0.0,,,-0.921,0.0,-0.921,0.0,,-0.921,-0.921,,7.896,-0.1175,-0.1175,,7.896,-0.1175,-0.1175,-0.1175,
06/30/1993,0.0,,,-1.079,,,-1.079,,-0.178,,,,-1.257,0.015,,,,0.0,-0.015,-1.242,0.0,,,-1.242,0.0,,,-1.242,0.0,-1.242,0.0,,-1.242,-1.242,,7.896,-0.1575,-0.1575,,7.896,-0.1575,-0.1575,-0.1575,
09/30/1993,0.0,,,-1.136,,,-1.136,,-0.212,,,,-1.348,-0.011,,,,0.0,0.011,-1.359,0.0,,,-1.359,0.0,,,-1.359,0.0,-1.359,0.0,,-1.359,-1.359,,2.0,-0.68,-0.68,,2.0,-0.68,-0.68,-0.68,
12/31/1993,0.0,,,-0.74,,,-0.74,,-0.662,,,,-1.402,0.032,,,,0.0,-0.032,-1.37,0.0,,,-1.37,0.0,,,-1.37,0.0,-1.37,0.0,,-1.37,-1.37,,16.84,-0.0825,-0.0825,,16.84,-0.0825,-0.0825,-0.0825,
03/31/1994,0.0,,,0.0,,,0.0,,-2.177,,,,-2.177,0.042,,,,0.0,-0.042,-2.135,0.0,,,-2.135,0.0,,,-2.135,0.0,-2.135,0.0,,-2.135,-2.135,,25.608,-0.0825,-0.0825,,25.608,-0.0825,-0.0825,-0.0825,
06/30/1994,0.0,,,,,,,,-2.509,,,,-2.509,0.044,,,,0.0,-0.044,-2.465,0.0,,,-2.465,0.0,,,-2.465,0.0,-2.465,0.0,,-2.465,-2.465,,25.628,-0.0975,-0.0975,,25.628,-0.0975,-0.0975,-0.0975,
09/30/1994,0.0,,,0.0,,,0.0,,-3.235,,,,-3.235,0.143,,,,0.0,-0.143,-3.092,0.0,,,-3.092,0.0,,,-3.092,0.0,-3.092,0.0,,-3.092,-3.092,,28.488001,-0.1075,-0.1075,,28.488001,-0.1075,-0.1075,-0.1075,
12/31/1994,0.243,,,0.0,,,0.243,,-4.33,,,,-4.087,0.279,,,,0.0,-0.279,-3.808,0.0,,,-3.808,0.0,,,-3.808,0.0,-3.808,0.0,,-3.808,-3.808,,29.492001,-0.13,-0.13,,29.492001,-0.13,-0.13,-0.13,
03/31/1995,1.482,,,,,,,,-3.782,,,,-2.3,0.336,,,,0.0,-0.336,-1.964,0.0,,,-1.964,0.0,,,-1.964,0.0,-1.964,0.0,,-1.964,-1.964,,31.719999,-0.0625,-0.0625,,31.719999,-0.0625,-0.0625,-0.0625,
06/30/1995,1.953,,,,,,,,-5.129,,,,-3.176,0.283,,,,0.0,-0.283,-2.893,0.0,,,-2.893,0.0,,,-2.893,0.0,-2.893,0.0,,-2.893,-2.893,,31.736,-0.09,-0.09,,31.736,-0.09,-0.09,-0.09,
09/30/1995,2.26,,,,,,,,-5.462,,,,-3.202,0.205,,,,0.0,-0.205,-2.997,0.0,,,-2.997,0.0,,,-2.997,0.0,-2.997,0.0,,-2.997,-2.997,,31.76,-0.095,-0.095,,31.76,-0.095,-0.095,-0.095,
12/31/1995,4.213,,,,,,,,-6.738,,,,-2.525,0.237,,,,0.0,-0.237,-2.288,0.0,,,-2.288,0.0,,,-2.288,0.0,-2.288,0.0,,-2.288,-2.288,,35.380001,-0.065,-0.065,,35.380001,-0.065,-0.065,-0.065,
03/31/1996,6.274,,,,,,,,-8.99,,,,-2.716,0.678,,,,0.0,-0.678,-2.038,0.0,,,-2.038,0.0,,,-2.038,0.0,-2.038,0.0,,-2.038,-2.038,,40.136002,-0.05,-0.05,-0.05,40.136002,-0.05,-0.05,-0.05,
06/30/1996,8.413,,,,,,,,-10.595,,,,-2.182,0.586,,,,0.0,-0.586,-1.596,0.0,,,-1.596,0.0,,,-1.596,0.0,-1.596,0.0,,-1.596,-1.596,,40.416,-0.04,-0.04,-0.04,40.416,-0.04,-0.04,-0.04,
09/30/1996,12.917,,,,,,,,-13.663,,,,-0.746,-2.606,,,,0.0,2.606,-3.352,0.0,,,-3.352,0.0,,,-3.352,0.0,-3.352,0.0,,-3.352,-3.352,,40.716,-0.0825,-0.0825,-0.005,40.716,-0.0825,-0.0825,-0.005,
12/31/1996,14.181,,,,,,,,-14.407,,,,-0.226,0.452,,,,0.0,-0.452,0.226,0.0,,,0.226,0.0,,,0.226,0.0,0.226,0.0,,0.226,0.226,,44.375999,0.005,0.005,0.005,44.375999,0.005,0.005,0.005,
03/31/1997,17.858999,,,,,,,,-17.304001,,,,0.555,0.478,,,,0.0,-0.478,1.033,-0.052,,,0.981,0.0,,,0.981,0.0,0.981,0.0,,0.981,0.981,,45.812,0.0225,0.0225,0.0225,45.812,0.0225,0.0225,0.0225,
06/30/1997,21.191999,,,,,,,,-19.669001,,,,1.523,0.525,,,,0.0,-0.525,2.048,-0.106,,,1.942,0.0,,,1.942,0.0,1.942,0.0,,1.942,1.942,,45.736,0.0425,0.0425,0.0425,45.736,0.0425,0.0425,0.0425,
09/30/1997,22.662001,,,,,,,,-20.733999,,,,1.928,1.271,,,,0.0,-1.271,3.199,-0.155,,,3.044,0.0,,,3.044,0.0,3.044,0.0,,3.044,3.044,,49.591999,0.0625,0.0625,0.0625,49.591999,0.0625,0.0625,0.0625,
12/31/1997,26.638,,,,,,,,-23.354,,,,3.284,1.392,,,,0.0,-1.392,4.676,-0.235,,,4.441,0.0,,,4.441,0.0,4.441,0.0,,4.441,4.441,,48.066002,0.09,0.09,0.09,52.118,0.085,0.085,0.085,
03/31/1998,30.379,,,,,,,,-26.299,,,,4.08,0.066,,,,0.0,-0.066,4.146,-0.58,,,3.566,0.0,,,3.566,0.0,3.566,0.0,,3.566,3.566,,52.939999,0.065,0.065,0.085,57.832001,0.06,0.06,0.08,
06/30/1998,33.092999,,,,,,,,-28.841999,,,,4.251,1.804,,,,0.0,-1.804,6.055,-0.848,,,5.207,0.0,,,5.207,0.0,5.207,0.0,,5.207,5.207,,53.220001,0.1,0.1,0.1,57.334,0.09,0.09,0.09,
09/30/1998,34.692001,,,,,,,,-31.636,,,,3.056,-9.159,,,,0.0,9.159,-6.103,-0.683,,,-6.786,0.0,,,-6.786,0.0,-6.786,0.0,,-6.786,-6.786,,53.641998,-0.125,-0.125,0.08,53.641998,-0.125,-0.125,0.075,
12/31/1998,36.647003,,,,,,,,-35.852997,,,,0.794005,0.932001,,,,0.0,-0.932001,1.726005,-0.241,,,1.485005,0.0,,,1.485005,0.0,1.485,0.0,,1.485,1.485,,55.563999,0.025,0.025,0.115,58.675999,0.025,0.025,0.115,
03/31/1999,37.630001,,,,,,,,-39.623001,,,,-1.993,0.083,,,,0.0,-0.083,-1.91,0.0,,,-1.91,0.0,,,-1.91,0.0,-1.91,0.0,,-1.91,-1.91,,55.757999,-0.035,-0.035,-0.035,55.757999,-0.035,-0.035,-0.035,
06/30/1999,37.893002,,,,,,,,-45.618999,,,,-7.726,0.339,-1.556,,,0.0,1.217,-7.387,0.0,,,-7.387,0.0,,,-7.387,0.0,-7.387,0.0,,-7.387,-7.387,,55.922001,-0.13,-0.13,-0.13,55.922001,-0.13,-0.13,-0.13,
09/30/1999,35.415001,,,,,,,,-45.862999,,,,-10.448,-0.618,-1.236,,,0.0,1.854,-11.066,0.0,,,-11.066,0.0,,,-11.066,0.0,-11.066,0.0,,-11.066,-11.066,,56.380001,-0.195,-0.195,-0.195,56.380001,-0.195,-0.195,-0.195,
12/31/1999,46.023998,,,,,,,,-52.96299,,,,-6.939001,-0.265998,-1.234,,-1.234,0.0,1.499998,-7.204999,0.8,,,-6.405,0.0,,,-6.404999,0.0,-6.405,0.0,,-6.405,-6.405,,57.040001,-0.11,-0.11,-0.11,57.040001,-0.11,-0.11,-0.11,
03/31/2000,40.754002,,,-41.334,,,-0.579998,,-14.811,,,,-15.391,7.224,,1.897,,0.0,-9.121,-8.166999,0.0,,,-8.167,0.0,,,-8.166999,0.0,-8.167,0.0,0.0,-8.167,-8.167,,60.612,-0.135,-0.135,-0.135,60.612,-0.135,-0.135,-0.135,
06/30/2000,46.014999,,,-45.407001,,,0.607998,,-15.0,,,,-14.392,7.802,,3.011,,0.0,-10.813,-6.59,0.0,,,-6.59,0.0,,,-6.59,0.0,-6.59,0.0,0.0,-6.59,-6.59,,63.798,-0.105,-0.105,-0.105,63.798,-0.105,-0.105,-0.105,
09/30/2000,51.981998,,,-51.880001,,,0.101997,,-15.848,,,,-15.746,8.148,,2.886,,0.0,-11.034,-7.598,0.0,,,-7.598,0.0,,,-7.598,0.0,-7.598,0.0,0.0,-7.598,-7.598,,64.064003,-0.12,-0.12,-0.12,64.064003,-0.12,-0.12,-0.12,
12/31/2000,55.416,,,-53.935001,,,1.480999,,-18.532,,,,-17.051001,6.749,-6.749,2.735,-9.484,0.0,0.0,-10.302,-0.205,,,-10.507,-3.137,,,-7.37,0.0,-7.37,0.0,0.0,-7.37,-7.37,,64.369003,-0.11,-0.16,-0.16,64.369003,-0.11,-0.16,-0.16,
03/31/2001,51.120998,,,-55.959,,,-4.838001,,-16.561001,,,,-21.399,9.063,2.61,2.61,,0.0,-11.673,-12.336,-0.255,,,-12.591,-2.279,,,-10.312,0.0,-10.312,0.0,0.0,-10.312,-10.312,,65.745003,-0.16,-0.19,-0.19,65.745003,-0.16,-0.19,-0.19,
06/30/2001,56.050999,,,-55.154999,,,0.896,,-18.591,,,,-17.695,8.029,,2.535,,0.0,-10.564,-9.666,-0.225,,,-9.891,0.0,,,-9.891,0.0,-9.891,0.0,0.0,-9.891,-9.891,,66.075996,-0.15,-0.15,-0.15,66.075996,-0.15,-0.15,-0.15,
09/30/2001,57.319,,,-50.661999,,,6.657001,,-17.886,,,,-11.229,-6.373,,2.547,,0.0,3.826,-17.602,-0.225,,,-17.827,0.0,,,-17.827,0.0,-17.827,0.0,0.0,-17.827,-17.827,,66.370003,-0.27,-0.27,-0.182,66.370003,-0.27,-0.27,-0.182,
12/31/2001,54.771999,,,-50.498001,,,4.273998,,-18.65,,,,-14.376,-130.603999,,2.436,,0.0,128.167999,-144.98,-0.225,,,-145.205002,0.0,,,-145.205,0.0,-145.205002,0.0,0.0,-145.205002,-145.205002,,66.565002,-2.18,-2.18,-0.222835,66.565002,-2.18,-2.18,-0.223,
03/31/2002,29.014,,,-33.743,,,-4.729,,-14.168,,,,-18.896999,5.759,2.538,2.538,,0.0,-8.297,-13.138,-0.303,,,-13.441,0.0,,,-13.441,0.0,-13.441,0.0,0.0,-13.441,-13.441,,66.863998,-0.2,-0.2,-0.2,66.863998,-0.2,-0.2,-0.2,
06/30/2002,29.059,,,-37.716999,,,-8.657999,,-12.748,,,,-21.406,4.165,,2.389,,0.0,-6.554,-17.241,-0.3,,,-17.541,0.0,,,-17.541,0.0,-17.541,0.0,0.0,-17.541,-17.541,,67.440002,-0.26,-0.26,-0.27,67.440002,-0.26,-0.26,-0.27,
09/30/2002,22.389999,,,-47.405998,,,-25.015999,,-12.147,,,,-37.162998,-0.948,2.45,2.45,,0.0,-1.502,-38.110998,-0.3,,,-38.410999,0.0,,,-38.410998,0.0,-38.410999,0.0,0.0,-38.410999,-38.410999,,67.739998,-0.57,-0.57,-0.45,67.739998,-0.57,-0.57,-0.45,
12/31/2002,21.149,,,-33.483002,,,-12.334002,,-8.084,,,,-20.417999,-46.856999,,2.425,,0.0,44.431999,-67.274998,-0.217,,,-67.491997,0.0,,,-67.491998,0.0,-67.491997,0.0,0.0,-67.491997,-67.491997,,67.567001,-1.0,-1.0,-0.333,67.567001,-1.0,-1.0,-0.333,
03/31/2003,12.509,,,-30.186001,,,-17.677001,,-7.377,,,,-25.054001,-30.47,2.439,2.439,,0.0,28.031,-55.524001,-0.26,,,-55.784,0.0,,,-55.784001,0.0,-55.784,0.0,0.0,-55.784,-55.784,,68.986,-0.81,-0.81,-0.36,68.986,-0.81,-0.81,-0.36,
06/30/2003,11.036,,,-29.870001,,,-18.834001,,-7.984,,,,-26.818001,0.159,2.439,2.439,,0.0,-2.598,-26.659001,-0.241,,,-26.9,0.0,,,-26.900001,0.0,-26.9,0.0,0.0,-26.9,-26.9,,71.894997,-0.37,-0.37,-0.37,71.894997,-0.37,-0.37,-0.37,
09/30/2003,13.249,,,-28.618999,,,-15.37,,-8.585,,,,-23.955,-18.867001,2.299,2.299,,0.0,16.568001,-42.822001,-0.19,,,-43.012001,0.0,,,-43.012001,0.0,-43.012001,0.0,0.0,-43.012001,-43.012001,,72.184998,-0.6,-0.6,-0.33,72.184998,-0.6,-0.6,-0.33,
12/31/2003,10.298,,,-27.57,,,-17.271999,,-6.255,,,,-23.527,-17.454,,2.384,,0.0,15.07,-40.981,0.214,,,-40.766998,0.0,,,-40.767,0.0,-40.766998,0.0,0.0,-40.766998,-40.766998,,72.411003,-0.56,-0.56,-0.34,72.411003,-0.56,-0.56,-0.34,
03/31/2004,5.483,,,-25.112,,,-19.629,,-5.938,,,,-25.566999,-11.752,3.52,3.52,,0.0,8.232,-37.319,-0.108,,,-37.426998,0.288,,,-37.715,0.0,-37.715,0.0,0.0,-37.715,-37.715,,72.642998,-0.52,-0.52,-0.38,72.642998,-0.52,-0.52,-0.38,
06/30/2004,5.163,,,-25.565001,,,-20.402,,-6.004,,,,-26.406,-37.095001,4.868,4.868,,0.0,32.227001,-63.501001,-0.099,,,-63.599998,0.0,,,-63.600001,0.0,-63.599998,0.0,0.0,-63.599998,-63.599998,,72.929001,-0.87,-0.87,-0.4,72.929001,-0.87,-0.87,-0.4,
09/30/2004,2.332,,,-17.648001,,,-15.316001,,-4.766,,,,-20.082001,-5.636,4.623,4.623,,0.0,1.013,-25.718001,0.0,,,-25.718,0.258,,,-25.976001,0.0,-25.976,0.0,0.0,-25.976,-25.976,,73.322998,-0.35,-0.35,-0.344,73.322998,-0.35,-0.35,-0.344,
12/31/2004,2.325,,,-21.061,,,-18.736,,-4.573,,,,-23.309,-13.692,,4.23,-0.192,0.0,9.654,-37.001,-0.271,,,-37.272,0.254,,,-37.526,0.0,-37.526,0.0,0.0,-37.526,-37.526,,79.289,-0.47,-0.47,-0.32,79.289,-0.47,-0.47,-0.32,
03/31/2005,2.915,,,-17.764,,,-14.849,,-3.144,,,,-17.993,-2.291,4.317,4.317,,0.0,-2.026,-20.284,0.0,,,-20.284,-0.153,,,-20.131,0.0,-20.131001,0.0,0.0,-20.131001,-20.131001,,83.049004,-0.24,-0.24,-0.24,83.049004,-0.24,-0.24,-0.24,
06/30/2005,2.676,,,-26.556,,,-23.88,,-3.18,,,,-27.059999,1.75,4.13,4.13,,0.0,-5.88,-25.309999,0.156,,,-25.153999,-0.009,,,-25.144999,0.0,-25.145,0.0,0.0,-25.145,-25.145,,83.303001,-0.3,-0.3,-0.3,83.303001,-0.3,-0.3,-0.3,
09/30/2005,1.228,,,-27.356001,,,-26.128001,,-3.009,,,,-29.136999,-1.07,3.81,3.81,,0.0,-2.74,-30.206999,0.0,,,-30.207001,0.003,,,-30.209999,0.0,-30.209999,0.0,0.0,-30.209999,-30.209999,,83.414001,-0.36,-0.36,-0.36,83.414001,-0.36,-0.36,-0.36,
12/31/2005,1.027,,,-23.941999,,,-22.914999,,-3.68,,,,-26.594,-1.511,,3.796,-2.299,0.0,0.014,-28.105,0.395,,,-27.711,-0.155,,,-27.555,0.0,-27.556,0.0,0.0,-27.556,-27.556,,83.519997,-0.33,-0.33,-0.33,83.519997,-0.33,-0.33,-0.33,
03/31/2006,6.465,,,0.0,,,6.465,,-28.834,,,,-22.368999,5.063,3.859,3.859,,0.0,-8.922,-17.306,0.0,,,-17.306,0.0,,,-17.306,0.0,-17.306,0.0,0.0,-17.306,-17.306,,83.626999,-0.21,-0.21,-0.21,83.626999,-0.21,-0.21,-0.21,
06/30/2006,6.855,,,0.0,,,6.855,,-26.035,,,,-19.18,-1.34,,3.891,-2.6,0.0,0.049,-20.52,0.0,,,-20.52,0.0,,,-20.52,0.0,-20.52,0.0,0.0,-20.52,-20.52,,83.786003,-0.24,-0.24,-0.18,83.786003,-0.24,-0.24,-0.18,
09/30/2006,7.268,,,0.0,,,7.268,,-23.025,,,,-15.757,-0.081,4.077,4.077,,0.0,-3.996,-15.838,0.0,,,-15.838,0.0,,,-15.838,0.0,-15.838,0.0,0.0,-15.838,-15.838,,83.851997,-0.19,-0.19,-0.19,83.851997,-0.19,-0.19,-0.19,
12/31/2006,7.056,,,0.0,,,7.056,,-26.834,,,,-19.778,-0.724,0.881999,6.083,-5.201001,0.0,-0.157999,-20.502,0.0,,,-20.502001,0.0,,,-20.502,0.0,-20.502001,0.0,0.0,-20.502001,-20.502001,,83.931,-0.24,-0.24,-0.24,83.931,-0.24,-0.24,-0.24,
03/31/2007,7.422,,,0.0,,,7.422,,-27.705,,,,-20.283001,-1.864,5.93,5.93,,0.0,-4.066,-22.147001,0.0,,,-22.146999,0.0,,,-22.147001,0.0,-22.146999,0.0,0.0,-22.146999,-22.146999,,83.985001,-0.26,-0.26,-0.26,83.985001,-0.26,-0.26,-0.26,
06/30/2007,10.576,,,,,,,,-26.763,,,,-16.187,-2.252,2.252,5.965,-3.713,0.0,0.0,-18.439,0.0,,,-18.439,0.0,,,-18.439,0.0,-18.439,0.0,0.0,-18.439,-18.439,,84.136,-0.22,-0.22,-0.22,84.136,-0.22,-0.22,-0.22,
09/30/2007,6.69,,,0.0,,,6.69,,-28.065,,,,-21.375,-3.119,3.119,6.002,-2.883,0.0,0.0,-24.494,0.0,,,-24.494,0.0,,,-24.494,0.0,-24.494,0.0,0.0,-24.494,-24.494,,84.213,-0.29,-0.29,-0.29,84.213,-0.29,-0.29,-0.29,
12/31/2007,9.752,,,0.0,,,9.752,,-37.187,,,,-27.434999,5.634,-5.635,6.134,-11.769,0.0,0.001,-21.801,0.0,,,-21.801001,0.0,,,-21.801,0.0,-21.801001,0.0,0.0,-21.801001,-21.801001,,84.404999,-0.26,-0.26,-0.26,84.404999,-0.26,-0.26,-0.26,
03/31/2008,1.307,,,0.0,,,1.307,,-37.431999,,,,-36.125,-4.032,6.173,6.173,,0.0,-2.141,-40.157,0.0,,,-40.157001,0.0,,,-40.157,0.0,-40.157001,0.0,0.0,-40.157001,-40.157001,,84.601997,-0.47,-0.47,-0.47,84.601997,-0.47,-0.47,-0.47,
06/30/2008,0.614,,,0.0,,,0.614,,-41.317001,,,,-40.702999,-4.86,6.213,6.213,,0.0,-1.353,-45.562999,0.0,,,-45.563,0.0,,,-45.562999,0.0,-45.563,0.0,0.0,-45.563,-45.563,,84.871002,-0.54,-0.54,-0.54,84.871002,-0.54,-0.54,-0.54,
09/30/2008,1.061,,,0.0,,,1.061,,-40.854,,,,-39.792999,-5.001,6.254,6.254,,0.0,-1.253,-44.793999,0.0,,,-44.793999,0.0,,,-44.793999,0.0,-44.793999,0.0,0.0,-44.793999,-44.793999,,92.385002,-0.48,-0.48,-0.48,92.385002,-0.48,-0.48,-0.48,
12/31/2008,0.937,,,0.0,,,0.937,,-43.605,,,,-42.668,-5.738,5.739,6.298,-0.559,0.0,-0.001,-48.406,0.0,,,-48.406,0.0,,,-48.406,0.0,-48.406,0.0,0.0,-48.406,-48.406,,97.283,-0.5,-0.5,-0.5,97.283,-0.5,-0.5,-0.5,
03/31/2009,0.671,,0.671,,,,,0.0,-34.917,4.821,29.587,0.509,-34.246,-5.79,,6.338,,,-0.548,-40.036,0.0,0.0,0.0,-40.036,0.0,0.0,0.0,-40.036,0.0,-40.036,0.0,0.0,-40.036,-39.70515,0.33085,97.34,-0.41,-0.41,-0.407902,97.34,-0.41,-0.41,-0.407902,
06/30/2009,0.789,,0.789,,,,,0.0,-33.527,4.086,29.035,0.406,-32.738,-7.297,,6.382,,,0.915,-40.035,0.0,0.0,0.0,-40.035,0.0,0.0,0.0,-40.035,0.0,-40.035,0.0,0.0,-40.035,-38.9261,1.1089,97.643,-0.41,-0.41,-0.398657,97.643,-0.41,-0.41,-0.398657,
09/30/2009,0.939,,0.939,,,,,0.0,-32.502,4.841,26.535,1.126,-31.563,-11.794,,6.531,,,5.263,-43.357,0.0,0.0,0.0,-43.357,0.0,0.0,0.0,-43.357,0.0,-43.357,0.0,0.0,-43.357,-39.13655,4.22045,98.03,-0.44,-0.44,-0.39923,98.03,-0.44,-0.44,-0.39923,
12/31/2009,6.866,,6.866,,,,,0.029,-48.118,13.832,34.286,0.0,-41.223,-47.22,,12.875,,,34.345,-88.443,0.0,0.0,0.0,-88.443,0.0,0.0,0.0,-88.443,0.0,-88.443,0.0,0.0,-88.443,-53.80385,34.63915,118.759,-0.74,-0.74,-0.453051,118.759,-0.74,-0.74,-0.453051,
03/31/2010,17.288,,17.288,,,,,0.115,-37.233,5.794,31.439,0.0,-19.83,-15.572,,11.779,,,3.793,-35.402,-0.327,,,-35.729,0.0,0.0,0.0,-35.729,0.0,-35.729,0.0,0.0,-35.729,-33.21155,2.51745,119.727,-0.3,-0.3,-0.277394,119.727,-0.3,-0.3,-0.278973,
06/30/2010,49.847,,49.847,,,,,0.145,-36.368,7.485,28.883,0.0,13.624,-10.249,,10.391,,,-0.142,3.375,-0.331,,,3.044,0.0,0.0,0.0,3.044,0.0,3.044,0.0,0.0,3.044,2.94975,-0.09425,121.63,0.03,0.03,0.024252,128.291,0.02,0.02,0.019265,
09/30/2010,16.872,,16.872,,,,,0.139,-39.067,8.458,30.609,0.0,-22.056,-10.303,,10.515,,,-0.212,-32.359,0.658,,,-31.701,0.0,0.0,0.0,-31.701,0.0,-31.701,0.0,0.0,-31.701,-31.79135,-0.09035,122.189,-0.26,-0.26,-0.260182,122.189,-0.26,-0.26,-0.260739,
12/31/2010,85.87,0.0,85.87,,,,,0.0,-43.558,10.765,32.774,0.019,42.312,-9.77,,10.637,,,-0.867,32.542,0.0,0.0,0.0,32.542,0.0,0.0,0.0,32.542,0.0,32.542,0.0,0.0,32.542,32.555,0.013,122.966,0.264642,0.264642,0.264748,180.204,0.180584,0.180584,0.180656,
03/31/2011,31.973,0.0,31.973,0.0,0.0,,31.973,0.0,-47.798,10.825,36.282,0.691,-15.825,-10.687,,10.759,,,-0.072,-26.512,,0.0,0.0,-26.512,0.0,0.0,0.0,-26.512,0.0,-26.512,0.0,0.0,-26.512,-26.49055,0.02145,123.467,-0.21,-0.21,-0.214556,123.467,-0.21,-0.21,-0.214556,
06/30/2011,16.811,0.0,16.811,0.0,0.0,,16.811,0.0,-57.925,11.858,46.047,0.02,-41.114,-10.756,,10.888,,,-0.132,-51.87,0.0,0.0,0.0,-51.87,0.0,0.0,0.0,-51.87,0.0,-51.87,0.0,0.0,-51.87,-51.87,0.0,125.33,-0.41,-0.41,-0.41,125.33,-0.41,-0.41,-0.41,
09/30/2011,16.782,0.0,16.782,0.0,0.0,,16.782,0.0,-58.886,14.282,44.604,0.0,-42.104,-10.974,,11.019,,,-0.045,-53.078,0.0,0.0,0.0,-53.078,0.0,0.0,0.0,-53.078,0.0,-53.078,0.0,0.0,-53.078,-53.078,0.0,126.26,-0.42,-0.42,-0.42,126.26,-0.42,-0.42,-0.42,
12/31/2011,28.889,2.012,26.877,0.0,0.0,,28.889,0.0,-73.029,21.152,51.877,0.0,-44.14,-10.94,,11.153,,,-0.213,-55.08,0.0,0.0,0.0,-55.08,0.0,0.0,0.0,-55.08,0.0,-55.08,0.0,0.0,-55.08,-55.08,0.0,126.388,-0.44,-0.44,-0.44,126.388,-0.44,-0.44,-0.44,
03/31/2012,36.179,19.279,16.9,-0.011,0.011,,36.168,0.0,-70.356,21.396,48.96,0.0,-34.188,-11.238,,11.29,,,-0.052,-45.426,0.0,0.0,0.0,-45.426,0.0,0.0,0.0,-45.426,0.0,-45.426,0.0,0.0,-45.426,-45.426,0.0,127.203,-0.36,-0.36,-0.36,127.203,-0.36,-0.36,-0.36,
06/30/2012,86.542,29.727,56.815,-0.016,0.016,,86.526,0.0,-71.307,19.719,51.588,0.0,15.219,-11.115,,11.43,,,-0.315,4.104,-0.067,,,4.037,0.0,0.0,0.0,4.037,0.0,4.037,0.0,0.0,4.037,4.037,0.0,129.224,0.03,0.03,0.03,137.969,0.03,0.03,0.03,
09/30/2012,60.492,43.695,16.797,-0.031,0.031,,60.461,0.0,-70.599,20.52,50.079,0.0,-10.138,-11.546,,11.573,,,-0.027,-21.684,-0.026,,,-21.71,0.0,0.0,0.0,-21.71,0.0,-21.71,0.0,0.0,-21.71,-21.71,0.0,130.851,-0.17,-0.17,-0.17,130.851,-0.17,-0.17,-0.17,
12/31/2012,113.845,43.301,70.544,-0.099,0.099,,113.746,0.0,-83.492,23.729,59.763,0.0,30.254,-11.394,,11.765,,,-0.371,18.86,-0.081,,,18.779,0.0,0.0,0.0,18.779,0.0,18.779,0.0,0.0,18.779,18.779,0.0,131.711,0.14,0.14,0.14,139.118,0.14,0.14,0.14,
03/31/2013,71.077,48.289,22.788,-0.15,0.15,,70.927,0.0,-75.024,22.261,52.763,0.0,-4.097,-11.529,,11.728,,,-0.199,-15.626,-0.043,,,-15.669,0.0,0.0,0.0,-15.669,0.0,-15.669,0.0,0.0,-15.669,-15.669,0.0,134.345,-0.12,-0.12,-0.12,134.345,-0.12,-0.12,-0.12,
06/30/2013,101.675,54.099,47.576,-0.157,0.157,,101.518,0.0,-84.199,23.249,60.95,0.0,17.319,-19.819,,10.293,,,9.526,-2.5,-0.071,,,-2.571,0.0,0.0,0.0,-2.571,0.0,-2.571,0.0,0.0,-2.571,3.78015,6.35115,142.284,-0.02,-0.02,0.026568,142.284,-0.02,-0.02,0.024637,
09/30/2013,85.123,60.201,24.922,-0.155,0.155,,84.968,0.0,-98.151,26.447,71.704,0.0,-13.183,-8.805,,7.699,,,1.106,-21.988,-0.049,,,-22.037,0.0,0.0,0.0,-22.037,0.0,-22.037,0.0,0.0,-22.037,-21.06785,0.96915,155.067,-0.14,-0.14,-0.135863,155.067,-0.14,-0.14,-0.135863,
12/31/2013,97.072,72.854,24.218,-0.167,0.167,,96.905,0.0,-113.048,38.028,75.02,0.0,-16.143,-26.59,,8.932,,,17.658,-42.733,-0.137,,,-42.87,0.0,0.0,0.0,-42.87,0.0,-42.87,0.0,0.0,-42.87,-31.06925,11.80075,161.914,-0.26,-0.26,-0.191887,161.914,-0.26,-0.26,-0.191887,
03/31/2014,89.792,69.651,20.141,-0.168,0.168,,89.624,0.0,-112.559,36.974,75.585,0.0,-22.935,-10.973,,11.443,,,-0.47,-33.908,-0.049,,,-33.957,0.0,0.0,0.0,-33.957,0.0,-33.957,0.0,0.0,-33.957,-33.78475,0.17225,165.357,-0.21,-0.21,-0.204314,165.357,-0.21,-0.21,-0.208958,
06/30/2014,99.582,84.025,15.557,-0.187,0.187,,99.395,0.0,-125.582,40.899,84.683,0.0,-26.187,-10.616,,11.406,,,-0.79,-36.803,-0.07,,,-36.873,0.0,0.0,0.0,-36.873,0.0,-36.873,0.0,0.0,-36.873,-36.873,0.0,167.914,-0.22,-0.22,-0.22,167.914,-0.22,-0.22,-0.22,
09/30/2014,198.147,97.837,100.31,-0.221,0.221,,197.926,0.0,-127.983,39.446,88.537,0.0,69.943,-10.578,,11.463,,,-0.885,59.365,-0.072,,,59.293,0.0,0.0,0.0,59.293,0.0,59.293,0.0,0.0,59.293,59.293,0.0,168.592,0.35,0.35,0.35,189.046,0.33,0.33,0.33,
12/31/2014,123.973,106.049,17.924,-2.428,2.428,,121.545,0.0,-147.169,48.452,98.717,0.0,-25.624,-11.576,,12.516,,,-0.94,-37.2,0.256,,,-36.944,0.0,0.0,0.0,-36.944,0.0,-36.944,0.0,0.0,-36.944,-36.944,0.0,169.924,-0.22,-0.22,-0.22,169.924,-0.22,-0.22,-0.22,
03/31/2015,159.275,115.33,43.945,-2.974,2.974,,156.301,0.0,-163.236,44.871,118.365,0.0,-6.935,-11.057,,12.687,,,-1.63,-17.992,-0.367,,,-18.359,0.0,0.0,0.0,-18.359,0.0,-18.359,0.0,0.0,-18.359,-18.359,0.0,172.07,-0.11,-0.11,-0.11,172.07,-0.11,-0.11,-0.11,
06/30/2015,162.984,142.406,20.578,-6.254,6.254,,156.73,0.0,-164.124,51.679,112.445,0.0,-7.394,16.824,,11.494,,,-28.318,9.43,-0.136,,,9.294,0.0,0.0,0.0,9.294,0.0,9.294,0.0,0.0,9.294,-8.3691,-17.6631,178.676,0.05,0.05,-0.04684,186.493,0.05,0.05,-0.04684,
09/30/2015,187.611,161.259,26.352,-8.04,8.04,,179.571,0.0,-179.672,47.599,132.073,0.0,-0.101,-39.472,,11.209,,,28.263,-39.573,-0.009,,,-39.582,0.0,0.0,0.0,-39.582,0.0,-39.582,0.0,0.0,-39.582,-20.41415,19.16785,181.387,-0.22,-0.22,-0.112545,181.387,-0.22,-0.22,-0.114326,
12/31/2015,243.881,182.021,61.86,-9.704,9.704,,234.177,0.0,-169.097,52.467,116.63,0.0,65.08,-9.39,,10.213,,,-0.823,55.69,-0.512,,,55.178,0.0,0.0,0.0,55.178,0.0,55.178,0.0,0.0,55.178,55.4809,0.3029,186.269,0.3,0.3,0.297854,193.367,0.29,0.29,0.291566,
03/31/2016,263.464,183.267,80.197,-6.005,6.005,,257.459,0.0,-221.42,64.596,156.824,0.0,36.039,-11.592,,10.134,,,1.458,24.447,-0.4,,,24.047,0.0,0.0,0.0,24.047,0.0,24.047,0.0,0.0,24.047,25.9645,1.9175,187.184,0.13,0.13,0.138711,192.625,0.12,0.12,0.129955,
06/30/2016,246.288,212.116,34.172,-12.367,12.367,,233.921,0.0,-189.332,66.792,120.269,2.271,44.589,-9.379,,9.662,,,-0.283,35.21,-0.785,,,34.425,0.0,0.0,0.0,34.425,0.0,34.425,0.0,0.0,34.425,36.45625,2.03125,187.682,0.18,0.18,0.194245,193.015,0.18,0.18,0.190524,
09/30/2016,269.469,236.623,32.846,-20.205,20.205,,249.264,0.0,-226.972,75.776,143.184,8.012,22.292,16.01,,9.479,,,-25.489,38.302,-1.425,,,36.877,0.0,0.0,0.0,36.877,0.0,36.877,0.0,0.0,36.877,26.41915,-10.45785,188.029,0.2,0.2,0.140506,194.265,0.19,0.19,0.136167,
12/31/2016,326.498,250.398,76.1,-19.61,19.61,,306.888,0.0,-264.809,96.085,161.585,7.139,42.079,-32.634,,9.47,,,23.164,9.445,-0.572,,,8.873,0.0,0.0,0.0,8.873,0.0,8.873,0.0,0.0,8.873,29.02105,20.14805,188.598,0.05,0.05,0.153878,195.187,0.05,0.05,0.153224,
03/31/2017,384.082,264.807,119.275,-14.824,9.44,5.384,369.258,0.0,-502.505,87.229,407.92,7.356,-133.247,-64.736,5.939,5.939,0.0,,58.797,-197.983,10.9,,,-187.083,0.0,0.0,0.0,-187.083,0.0,-187.083,0.0,0.0,-187.083,-74.98975,112.09325,195.26,-0.96,-0.96,-0.384051,195.26,-0.96,-0.96,-0.385928,
06/30/2017,326.444,291.667,34.777,-20.26,14.876,5.384,306.184,0.0,-298.925,90.066,201.786,7.073,7.259,-16.643,0.384,0.384,0.0,,16.259,-9.384,-3.1,,,-12.484,0.0,0.0,0.0,-12.484,0.0,-12.484,0.0,0.0,-12.484,31.0381,43.5221,205.141,-0.06,-0.06,0.151301,205.141,-0.06,-0.06,0.151301,
09/30/2017,381.534,322.029,59.505,-22.036,22.036,,359.498,0.0,-344.54,91.271,269.612,-16.343,14.958,28.396,0.204,0.204,0.0,,-28.6,43.354,-7.3,,,36.054,0.0,0.0,0.0,36.054,0.0,36.054,0.0,0.0,36.054,10.4518,-25.6022,206.796,0.17,0.17,0.050542,212.61,0.17,0.17,0.049581,
12/31/2017,444.156,321.809,122.347,-22.359,22.359,,421.797,0.0,-554.038,97.709,446.711,9.618,-132.241,-16.036,,0.373,,,15.663,-148.277,-1.352,,,-149.629,0.0,0.0,0.0,-149.629,0.0,-149.629,0.0,0.0,-149.629,-68.1036,81.5254,205.309,-0.708729,-0.708729,-0.322578,205.309,-0.708729,-0.708729,-0.322578,
03/31/2018,382.282,334.505,47.777,-18.106,12.722,5.384,364.176,0.0,-431.286,121.498,303.103,6.685,-67.11,26.756,0.385,0.385,0.0,,-27.141,-40.354,-0.786,,,-41.14,0.0,0.0,0.0,-41.14,0.0,-41.14,0.0,0.0,-41.14,-45.54471,-4.40471,211.681,-0.19,-0.19,-0.215157,211.681,-0.19,-0.19,-0.215157,
06/30/2018,521.516,365.524,155.992,-24.856,19.472,5.384,496.66,0.0,-413.421,108.029,298.089,7.303,83.239,-29.231,0.398,0.398,0.0,,28.833,54.008,-1.614,,,52.394,0.0,0.0,0.0,52.394,0.0,52.394,0.0,0.0,52.394,102.5829,50.1889,212.21,0.25,0.25,0.483403,215.103,0.24,0.24,0.473325,
09/30/2018,449.683,367.715,81.968,-24.795,24.795,,424.888,0.0,-393.769,96.522,292.527,4.72,31.119,-0.143,0.405,0.405,0.0,,-0.262,30.976,-1.8,,,29.176,0.0,0.0,0.0,29.176,0.0,29.176,0.0,0.0,29.176,52.05982,22.88382,212.627,0.14,0.14,0.244841,215.964,0.14,0.14,0.244841,
12/31/2018,528.402,399.156,129.246,-26.366,26.366,,502.036,0.0,-420.061,108.358,304.238,7.465,81.975,-11.258,,0.355,,,10.903,70.717,-1.654,,,69.063,0.0,0.0,0.0,69.063,0.0,69.063,0.0,0.0,69.063,96.73047,27.66747,213.013,0.32,0.32,0.454106,216.042,0.32,0.32,0.448065,
03/31/2019,497.857,396.249,101.608,-22.588,17.204,5.384,475.269,0.0,-401.199,123.983,270.545,6.671,74.07,30.027,0.335,0.335,0.0,,-30.362,104.097,-1.785,,,102.312,0.0,0.0,0.0,102.312,0.0,102.312,0.0,0.0,102.312,98.05269,-4.25931,214.065,0.48,0.48,0.458051,217.061,0.47,0.47,0.450377,
06/30/2019,529.932,433.897,96.035,-29.406,24.022,5.384,500.526,0.0,-401.914,105.943,289.363,6.608,98.612,10.059,0.316,0.316,0.0,,-10.375,108.671,-3.353,,,105.318,0.0,0.0,0.0,105.318,0.0,105.318,0.0,0.0,105.318,125.95994,20.64194,214.62,0.49,0.49,0.586897,217.483,0.48,0.48,0.574913,
09/30/2019,551.581,453.998,97.583,-30.04,30.04,,521.541,0.0,-387.225,102.608,281.336,3.281,134.316,13.703,0.597,0.597,0.0,,-14.3,148.019,-19.748,,,128.271,0.0,0.0,0.0,128.271,0.0,128.271,0.0,0.0,128.271,140.34139,12.07039,215.199,0.6,0.6,0.652147,217.791,0.59,0.59,0.645422,
12/31/2019,579.389,490.778,88.611,-32.215,26.831,5.384,547.174,0.0,-452.166,136.177,312.867,3.122,95.008,30.996,0.607,0.607,0.0,,-31.603,126.004,-14.999,,,111.005,0.0,0.0,0.0,111.005,0.0,111.005,0.0,0.0,111.005,104.30909,-6.69591,215.77,0.51,0.51,0.483427,218.542,0.51,0.51,0.479361,
03/31/2020,568.507,486.727,81.78,-27.319,21.935,5.384,541.188,0.0,-1205.192,111.148,1085.287,8.757,-664.004,-40.072,0.602,0.602,0.0,,39.47,-704.076,-16.566,,,-720.642,0.0,0.0,0.0,-720.642,0.0,-720.642,0.0,0.0,-720.642,-656.9348,63.7072,216.721,-3.33,-3.33,-3.031247,216.721,-3.33,-3.33,-3.03604,
06/30/2020,688.043,500.29,187.753,-33.364,27.98,5.384,654.679,0.0,-423.906,117.998,286.601,19.307,230.773,76.491,0.6,0.6,0.0,,-77.091,307.264,-16.966,,,290.298,0.0,0.0,0.0,290.298,0.0,290.298,0.0,0.0,290.298,232.56673,-57.73127,217.549,1.33,1.33,1.069031,220.434,1.32,1.32,1.058102,
09/30/2020,617.278,,,,,,579.69194258,,,,,,135.322,,,,,,,150.8,,,,117.591,,,,,,117.591,,,117.591,150.791,,,0.52,0.52,0.661,,0.52,0.52,0.661,
12/31/2020,652.611,,,,,,612.22743132,,,,,,131.022,,,,,,,172.75,,,,117.609,,,,,,117.609,,,117.609,161.445,,,0.509,0.509,0.714,,0.509,0.509,0.714,
