Date,Revenue,Sales & Services Revenue,Cost of Revenue,Cost of Goods & Services,Gross Profit,Other Operating Income,Operating Expenses,"Selling, General & Admin",Research & Development,Other Operating Expense,Operating Income (Loss),Non-Operating (Income) Loss,"Interest Expense, Net",Interest Expense,Interest Income,Foreign Exch (Gain) Loss,(Income) Loss from Affiliates,Other Non-Op (Income) Loss,Pretax Income,Income Tax Expense (Benefit),Income (Loss) from Cont Ops,Net Extraordinary Losses (Gains),Discontinued Operations,XO & Accounting Changes,Income (Loss) Incl. MI,Minority Interest,"Net Income, GAAP",Preferred Dividends,Other Adjustments,"Net Income Avail to Common, GAAP","Net Income Avail to Common, Adj",Net Abnormal Losses (Gains),Basic Weighted Avg Shares,"Basic EPS, GAAP",Basic EPS from Cont Ops,"Basic EPS from Cont Ops, Adjusted",Diluted Weighted Avg Shares,"Diluted EPS, GAAP",Diluted EPS from Cont Ops,"Diluted EPS from Cont Ops, Adjusted",Source: Bloomberg
09/24/1988,784.939026,,,,,,,,,,,,,,,,,,,,,,,,,,142.710999,,,142.710999,142.710999,,5854.80957,0.024375,0.024375,0.024375,5854.80957,0.024375,0.024375,0.024375,
12/31/1988,727.340027,,,,,,,,,,,,,,,,,,,,,,,,,,85.801003,,,85.801003,85.801003,,5968.768066,0.014375,0.014375,0.014375,5968.768066,0.014375,0.014375,0.014375,
04/01/1989,713.083008,,,,,,,,,,,,,,,,,,,,,,,,,,97.003998,,,97.003998,97.003998,,5934.208008,0.01625,0.01625,0.01625,5934.208008,0.01625,0.01625,0.01625,
07/01/1989,747.336975,,,,,,,,,,,,,,,,,,,,,,,,,,99.319,,,99.319,99.319,,6025.759766,0.016562,0.016562,0.016562,6025.759766,0.016562,0.016562,0.016562,
09/30/1989,771.437988,,,,,,,,,,,,,,,,,,,,,,,,,,71.998001,,,71.998001,71.998001,,6055.456055,0.011875,0.011875,0.011875,6055.456055,0.011875,0.011875,0.011875,
12/31/1989,894.974976,,,,,,,,,,,,,,,,,,,,,,,,,,122.699997,,,122.699997,122.699997,,6148.160156,0.02,0.02,0.02,6148.160156,0.02,0.02,0.02,
03/31/1990,894.45697,,-439.199005,,455.257965,,-252.722,,,,202.535995,19.231998,,23.479,,0.021,,-42.731998,221.767994,-78.0,143.768005,0.0,,,143.767994,0.0,143.768005,0.0,,143.768005,143.768005,,6295.711914,0.022813,0.022813,0.022813,6295.711914,0.022813,0.022813,0.022813,
06/30/1990,968.301025,,-468.989014,,499.312012,,-281.88501,,,,217.427002,44.765998,,25.041,,-0.277,,-69.529999,262.193,-91.5,170.692993,0.0,,,170.693,0.0,170.692993,0.0,,170.692993,170.692993,,6520.768066,0.02625,0.02625,0.02625,6520.768066,0.02625,0.02625,0.02625,
09/29/1990,1012.440979,,-486.408997,,526.031982,,-293.415985,,,,232.615997,31.308001,,24.622,,0.617,,-56.547001,263.923998,-92.0,171.923996,0.0,,,171.923998,0.0,171.923996,0.0,,171.923996,171.923996,,6613.791992,0.025937,0.025937,0.025937,6613.791992,0.025937,0.025937,0.025937,
12/29/1990,1046.074951,,-535.690979,,510.383972,,-304.627991,,,,205.755997,32.62,,26.221001,,-3.05,,-55.791,238.375996,-74.5,163.876007,0.0,,,163.875996,0.0,163.876007,0.0,,163.876007,163.876007,,6388.12793,0.025,0.025,0.025,6388.12793,0.025,0.025,0.025,
03/30/1991,1132.777954,,-550.401001,,582.376953,,-313.22699,,,,269.149994,29.260999,,25.41,,0.443,,-55.113998,298.410992,-101.0,197.410995,0.0,,,197.410992,0.0,197.410995,0.0,,197.410995,197.410995,,6645.503906,0.029687,0.029687,0.029687,6645.503906,0.029687,0.029687,0.029687,
06/29/1991,1252.686035,,-590.017029,,662.669006,,-339.78299,,,,322.885986,26.917,,23.065001,,-1.011,,-48.971001,349.802987,-119.0,230.802994,0.0,,,230.802987,0.0,230.802994,0.0,,230.802994,230.802994,,6712.576172,0.034375,0.034375,0.034375,6712.576172,0.034375,0.034375,0.034375,
09/28/1991,1187.703003,,-595.830994,,591.872009,,-353.868988,,,,238.003006,37.725999,,14.394,,-2.361,,-49.758999,275.729005,-74.0,201.729004,0.0,,,201.729005,0.0,201.729004,0.0,,201.729004,201.729004,,6703.423828,0.03,0.03,0.03,6703.423828,0.03,0.03,0.03,
12/28/1991,1205.448975,,-579.309998,,626.138977,,-376.238007,,,,249.901001,20.785001,,18.917,,-0.322,,-39.380001,270.686002,-82.0,188.686005,0.0,,,188.686002,0.0,188.686005,0.0,,188.686005,188.686005,,6522.175776,0.028438,0.028438,0.028438,6522.175776,0.028438,0.028438,0.028438,
03/28/1992,1241.291016,,-581.424011,,659.867004,,-391.536987,,,,268.329987,9.740999,,14.494,,1.724,,-25.959,278.070986,-94.0,184.070999,0.0,,,184.070986,0.0,184.070999,0.0,,184.070999,184.070999,,6834.720215,0.026875,0.026875,0.026875,6834.720215,0.026875,0.026875,0.026875,
06/27/1992,1319.692993,,-610.570007,,709.122986,,-426.570007,,,,282.553009,23.607,,15.288,,0.868,,-39.763,306.160009,-93.0,213.160004,0.0,,,213.160009,0.0,213.160004,0.0,,213.160004,213.160004,,6811.744141,0.03125,0.03125,0.03125,6811.744141,0.03125,0.03125,0.03125,
09/26/1992,1426.166992,,-640.870972,,785.296021,,-457.437012,,,,327.859009,25.899999,,11.808,,-1.99,,-35.717999,353.759008,-113.0,240.759003,0.0,,,240.759008,0.0,240.759003,0.0,,240.759003,240.759003,,6880.512207,0.035,0.035,0.035,6880.512207,0.035,0.035,0.035,
12/26/1992,1856.833008,,-724.541992,,1132.291016,,-520.987,,,,611.304016,19.255,,13.069,,-0.602,,-31.722,630.559016,-202.0,428.55899,0.0,,,428.559016,0.0,428.55899,0.0,,428.55899,428.55899,,6679.136224,0.061562,0.061562,0.061562,6679.136224,0.061562,0.061562,0.061562,
03/27/1993,2023.55896,,-718.151001,,1305.407959,,-486.640991,,,,818.767029,24.179002,,12.693,,0.0,,-36.872002,842.946031,-295.0,547.945984,0.0,,,547.946031,0.0,547.945984,0.0,,547.945984,547.945984,,7084.096191,0.0775,0.0775,0.0775,7084.096191,0.0775,0.0775,0.0775,
06/26/1993,2129.560059,,-765.348999,,1364.21106,,-519.629028,,,,844.58197,28.955001,,6.591,,0.0,,-35.546001,873.536972,-305.0,568.536987,0.0,,,568.536972,0.0,568.536987,0.0,,568.536987,568.536987,,7016.335938,0.08125,0.08125,0.08125,7016.335938,0.08125,0.08125,0.08125,
09/25/1993,2239.8479,,-833.094971,,1406.75293,,-537.155029,,,,869.598022,29.83,,12.316,,0.0,,-42.146,899.428022,-315.0,584.427979,0.0,,,584.428022,0.0,584.427979,0.0,,584.427979,584.427979,,7040.448242,0.083125,0.083125,0.083125,7040.448242,0.083125,0.083125,0.083125,
12/31/1993,2389.032959,,-935.405029,,1453.62793,,-594.575012,,,,859.052979,55.035997,,18.4,,0.0,,-73.435997,914.088976,-320.0,594.088989,0.0,,,594.088976,0.0,594.088989,0.0,,594.088989,594.088989,,7056.0,0.084375,0.084375,0.084375,7056.0,0.084375,0.084375,0.084375,
04/02/1994,2660.0,,-1124.0,,1536.0,,-609.0,,,,927.0,44.0,,11.0,,0.0,,-55.0,971.0,-354.0,617.0,0.0,,,617.0,0.0,617.0,0.0,,617.0,617.0,,7072.0,0.0875,0.0875,0.0875,7072.0,0.0875,0.0875,0.0875,
07/02/1994,2770.0,,-1156.0,,1614.0,,-642.0,,,,972.0,37.0,,9.0,,0.0,,-46.0,1009.0,-369.0,640.0,0.0,,,640.0,0.0,640.0,0.0,,640.0,640.0,,6992.0,0.09125,0.09125,0.09125,6992.0,0.09125,0.09125,0.09125,
10/01/1994,2863.0,,-1273.0,,1590.0,,-620.0,,,,970.0,68.0,,16.0,,0.0,,-84.0,1038.0,-379.0,659.0,0.0,,,659.0,0.0,659.0,0.0,,659.0,659.0,,6944.0,0.095,0.095,0.095,6944.0,0.095,0.095,0.095,
12/31/1994,3228.0,,-2023.0,,1205.0,,-687.0,,,,518.0,67.0,,21.0,,0.0,,-88.0,585.0,-213.0,372.0,0.0,,,372.0,0.0,372.0,0.0,,372.0,372.0,,6928.0,0.05375,0.05375,0.05375,6928.0,0.05375,0.05375,0.05375,
04/01/1995,3557.0,,-1609.0,,1948.0,,-681.0,,,,1267.0,149.0,,7.0,,0.0,,-156.0,1416.0,-527.0,889.0,0.0,,,889.0,0.0,889.0,0.0,,889.0,889.0,,6976.0,0.1275,0.1275,0.1275,6976.0,0.1275,0.1275,0.1275,
07/01/1995,3894.0,,-1805.0,,2089.0,,-763.0,,,,1326.0,73.0,,10.0,,0.0,,-83.0,1399.0,-520.0,879.0,0.0,,,879.0,0.0,879.0,0.0,,879.0,879.0,,7104.0,0.12375,0.12375,0.12375,7104.0,0.12375,0.12375,0.12375,
09/30/1995,4171.0,,-2008.0,,2163.0,,-774.0,,,,1389.0,94.0,,7.0,,0.0,,-101.0,1483.0,-552.0,931.0,0.0,,,931.0,0.0,931.0,0.0,,931.0,931.0,,7112.0,0.13125,0.13125,0.13125,7112.0,0.13125,0.13125,0.13125,
12/30/1995,4580.0,,-2389.0,,2191.0,,-921.0,,,,1270.0,70.0,,5.0,,0.0,,-75.0,1340.0,-473.0,867.0,0.0,,,867.0,0.0,867.0,0.0,,867.0,867.0,,7096.0,0.1225,0.1225,0.1225,7096.0,0.1225,0.1225,0.1225,
03/30/1996,4644.0,,-2421.0,,2223.0,,-918.0,,,,1305.0,71.0,,5.0,,0.0,,-76.0,1376.0,-482.0,894.0,0.0,,,894.0,0.0,894.0,0.0,,894.0,894.0,,6624.0,0.135,0.135,0.135,7040.0,0.1275,0.1275,0.1275,
06/29/1996,4621.0,,-2150.0,,2471.0,,-956.0,,,,1515.0,86.0,,3.0,,0.0,,-89.0,1601.0,-560.0,1041.0,0.0,,,1041.0,0.0,1041.0,0.0,,1041.0,1041.0,,6608.0,0.1575,0.1575,0.1575,7104.0,0.1475,0.1475,0.1475,
09/28/1996,5142.0,,-2201.0,,2941.0,,-1014.0,,,,1927.0,91.0,,6.0,,0.0,,-97.0,2018.0,-706.0,1312.0,0.0,,,1312.0,0.0,1312.0,0.0,,1312.0,1312.0,,6560.0,0.2,0.2,0.2,7080.0,0.185,0.185,0.185,
12/28/1996,6440.0,,-2392.0,,4048.0,,-1242.0,,,,2806.0,133.0,,11.0,,0.0,,-144.0,2939.0,-1029.0,1910.0,0.0,,,1910.0,0.0,1910.0,0.0,,1910.0,1910.0,,6576.0,0.29,0.29,0.29,7176.0,0.265,0.265,0.265,
03/29/1997,6448.0,,-2307.0,,4141.0,,-1274.0,,,,2867.0,208.0,,7.0,,0.0,,-215.0,3075.0,-1092.0,1983.0,0.0,,,1983.0,0.0,1983.0,0.0,,1983.0,1983.0,,6556.0,0.3025,0.3025,0.3025,7200.0,0.275,0.275,0.275,
06/28/1997,5960.0,,-2343.0,,3617.0,,-1279.0,,,,2338.0,212.0,,7.0,,0.0,,-219.0,2550.0,-905.0,1645.0,0.0,,,1645.0,0.0,1645.0,0.0,,1645.0,1645.0,,6540.0,0.2525,0.2525,0.2525,7188.0,0.23,0.23,0.23,
09/27/1997,6155.0,,-2604.0,,3551.0,,-1262.0,,,,2289.0,151.0,,6.0,,0.0,,-157.0,2440.0,-866.0,1574.0,0.0,,,1574.0,0.0,1574.0,0.0,,1574.0,1574.0,,6540.0,0.24,0.24,0.24,7188.0,0.22,0.22,0.22,
12/27/1997,6507.0,,-2691.0,,3816.0,,-1423.0,,,,2393.0,201.0,,7.0,,0.0,,-208.0,2594.0,-851.0,1743.0,0.0,,,1743.0,0.0,1743.0,0.0,,1743.0,1743.0,,6532.0,0.2675,0.2675,0.2675,7140.0,0.245,0.245,0.245,
03/28/1998,6001.0,,-2749.0,,3252.0,,-1306.0,,,,1946.0,35.0,,7.0,,0.0,,-42.0,1981.0,-708.0,1273.0,0.0,,,1273.0,0.0,1273.0,0.0,,1273.0,1273.0,,6564.0,0.195,0.195,0.22,7100.0,0.18,0.18,0.2025,
06/27/1998,5927.0,,-3027.0,,2900.0,,-1294.0,,,,1606.0,144.0,,8.0,,0.0,,-152.0,1750.0,-578.0,1172.0,0.0,,,1172.0,0.0,1172.0,0.0,,1172.0,1172.0,,6764.0,0.175,0.175,0.175,7074.0,0.165,0.165,0.165,
09/26/1998,6731.0,,-3192.0,,3539.0,,-1399.0,,,,2140.0,186.0,,8.0,,0.0,,-194.0,2326.0,-767.0,1559.0,0.0,,,1559.0,0.0,1559.0,0.0,,1559.0,1559.0,,6710.0,0.23,0.23,0.23,7010.0,0.2225,0.2225,0.2225,
12/26/1998,7614.0,,-3176.0,,4438.0,,-1618.0,,,,2820.0,260.0,,11.0,,0.0,,-271.0,3080.0,-1016.0,2064.0,0.0,,,2064.0,0.0,2064.0,0.0,,2064.0,2064.0,,6652.0,0.31,0.31,0.31,6956.0,0.295,0.295,0.295,
03/27/1999,7103.0,,-2912.0,,4191.0,,-1554.0,,,,2637.0,347.0,,9.0,,0.0,,-356.0,2984.0,-985.0,1999.0,0.0,,,1999.0,0.0,1999.0,0.0,,1999.0,1999.0,,6648.0,0.3,0.3,0.3,6956.0,0.285,0.285,0.285,
06/26/1999,6746.0,,-2771.0,,3975.0,,-1655.0,,,,2320.0,290.0,,11.0,,0.0,,-301.0,2610.0,-861.0,1749.0,0.0,,,1749.0,0.0,1749.0,0.0,,1749.0,1749.0,,6620.0,0.265,0.265,0.265,6892.0,0.255,0.255,0.255,
09/25/1999,7328.0,,-3026.0,,4302.0,,-1913.0,,,,2389.0,-17.0,,8.0,,0.0,,9.0,2372.0,-914.0,1458.0,0.0,,,1458.0,0.0,1458.0,0.0,,1458.0,1458.0,,6650.0,0.22,0.22,0.285,6944.0,0.21,0.21,0.275,
12/25/1999,8212.0,,-3176.0,,5036.0,,-2223.0,,,,2813.0,449.0,,8.0,-162.0,0.0,,-295.0,3262.0,-1154.0,2108.0,0.0,,,2108.0,0.0,2108.0,0.0,,2108.0,2108.0,,6672.0,0.315,0.315,0.36,6968.0,0.305,0.305,0.345,
04/01/2000,7993.0,,-2989.0,,5004.0,,-2388.0,,,,2616.0,578.0,,12.0,-206.0,0.0,,-384.0,3194.0,-498.0,2696.0,0.0,,,2696.0,0.0,2696.0,0.0,0.0,2696.0,2696.0,,6683.0,0.4,0.4,0.385,6995.0,0.385,0.385,0.355,
07/01/2000,8300.0,,-3283.0,,5017.0,,-2588.0,,,,2429.0,2320.0,,9.0,-198.0,0.0,,-2131.0,4749.0,-1612.0,3137.0,0.0,,,3137.0,0.0,3137.0,0.0,0.0,3137.0,3137.0,,6710.0,0.47,0.47,0.52,7005.0,0.45,0.45,0.5,
09/30/2000,8731.0,,-3148.0,,5583.0,,-2718.0,,,,2865.0,958.0,,5.0,-267.0,0.0,,-696.0,3823.0,-1314.0,2509.0,0.0,,,2509.0,0.0,2509.0,0.0,0.0,2509.0,2509.0,,6719.0,0.37,0.37,0.43,7007.0,0.36,0.36,0.41,
12/30/2000,8702.0,,-3230.0,,5472.0,,-2878.0,,,,2594.0,781.0,-239.0,9.0,-248.0,0.0,,-542.0,3375.0,-1182.0,2193.0,0.0,,,2193.0,0.0,2193.0,0.0,0.0,2193.0,2193.0,,6723.0,0.33,0.33,0.39,6938.0,0.32,0.32,0.38,
03/31/2001,6677.0,,-3225.0,,3452.0,,-2735.0,,,,717.0,189.0,-221.0,12.0,-233.0,0.0,,32.0,906.0,-421.0,485.0,0.0,,,485.0,0.0,485.0,0.0,0.0,485.0,485.0,614.0,6721.0,0.07,0.07,0.16,6899.0,0.07,0.07,0.16,
06/30/2001,6334.0,,-3307.0,,3027.0,,-2687.0,,,,340.0,6.0,-148.0,13.0,-161.0,0.0,,142.0,346.0,-150.0,196.0,0.0,,,196.0,0.0,196.0,0.0,0.0,196.0,196.0,123.0,6725.0,0.03,0.03,0.05,6889.0,0.03,0.03,0.05,
09/29/2001,6545.0,,-3553.0,,2992.0,,-2603.0,,,,389.0,-252.0,-110.0,16.0,-126.0,0.0,,362.0,137.0,-31.0,106.0,0.0,,,106.0,0.0,106.0,0.0,0.0,106.0,106.0,549.0,6718.0,0.02,0.02,0.1,6876.0,0.02,0.02,0.1,
12/29/2001,6983.0,,-3402.0,,3581.0,,-2573.0,,,,1008.0,-214.0,479.0,15.0,-95.0,0.0,,294.0,794.0,-290.0,504.0,0.0,,,504.0,0.0,504.0,0.0,0.0,504.0,504.0,,6700.0,0.07,0.07,0.23,6852.0,0.07,0.07,0.21,
03/30/2002,6781.0,,-3301.0,,3480.0,,-2165.0,,,,1315.0,2.0,-55.0,24.0,-79.0,0.0,,53.0,1317.0,-381.0,936.0,0.0,,,936.0,0.0,936.0,0.0,0.0,936.0,936.0,86.0,6684.0,0.14,0.14,0.15,6861.0,0.14,0.14,0.15,
06/29/2002,6319.0,,-3350.0,,2969.0,,-2316.0,,,,653.0,-30.0,-56.0,25.0,-81.0,0.0,,86.0,623.0,-177.0,446.0,0.0,,,446.0,0.0,446.0,0.0,0.0,446.0,446.0,174.0,6677.0,0.07,0.07,0.09,6803.0,0.07,0.07,0.09,
09/28/2002,6504.0,,-3331.0,,3173.0,,-2203.0,,,,970.0,-53.0,-51.0,18.0,-69.0,0.0,,104.0,917.0,-231.0,686.0,0.0,,,686.0,0.0,686.0,0.0,0.0,686.0,686.0,82.0,6646.0,0.1,0.1,0.12,6712.0,0.1,0.1,0.11,
12/28/2002,7160.0,,-3464.0,,3696.0,,-2232.0,,,,1464.0,239.0,-108.0,17.0,-69.0,0.0,,-187.0,1703.0,-298.0,1405.0,0.0,,,1405.0,0.0,1049.0,0.0,0.0,1049.0,1049.0,,6597.0,0.16,0.16,0.11,6660.0,0.15,0.15,0.11,
03/30/2003,6751.0,,-3239.0,,3512.0,,-2121.0,1018.0,,1103.0,1391.0,-75.0,-54.0,14.0,-68.0,0.0,,129.0,1316.0,-401.0,915.0,0.0,,,915.0,0.0,915.0,0.0,0.0,915.0,915.0,0.0,6556.0,0.14,0.14,0.14,6610.0,0.14,0.14,0.14,
06/28/2003,6816.0,,-3348.0,,3468.0,,-2192.0,1079.0,,1113.0,1276.0,-5.0,-49.0,18.0,-67.0,0.0,,54.0,1271.0,-375.0,896.0,0.0,,,896.0,0.0,896.0,0.0,0.0,896.0,896.0,0.0,6525.0,0.14,0.14,0.14,6580.0,0.14,0.14,0.14,
09/27/2003,7833.0,,-3275.0,,4558.0,,-2249.0,1046.0,,1203.0,2309.0,-34.0,-35.0,12.0,-47.0,0.0,,69.0,2275.0,-618.0,1657.0,0.0,,,1657.0,0.0,1657.0,0.0,0.0,1657.0,1657.0,0.0,6517.0,0.25,0.25,0.25,6625.0,0.25,0.25,0.25,
12/27/2003,8741.0,,-3185.0,,5556.0,,-2076.0,,,,3480.0,-900.0,-48.0,18.0,-66.0,0.0,,948.0,2580.0,-407.0,2173.0,0.0,,,2173.0,0.0,2173.0,0.0,0.0,2173.0,2173.0,0.0,6512.0,0.33,0.33,0.33,6671.0,0.33,0.33,0.33,
03/27/2004,8091.0,,-3221.0,,4870.0,,-2394.0,1141.0,,1253.0,2476.0,68.0,-53.0,18.0,-71.0,0.0,,-15.0,2544.0,-814.0,1730.0,0.0,,,1730.0,0.0,1730.0,0.0,0.0,1730.0,1730.0,,6480.0,0.27,0.27,0.27,6624.0,0.26,0.26,0.26,
06/26/2004,8049.0,,-3269.0,,4780.0,,-2399.0,,,,2381.0,39.0,-50.0,15.0,-65.0,0.0,,11.0,2420.0,-663.0,1757.0,0.0,,,1757.0,0.0,1757.0,0.0,0.0,1757.0,1757.0,,6449.0,0.27,0.27,0.27,6558.0,0.27,0.27,0.27,
09/25/2004,8471.0,,-3752.0,,4719.0,,-2346.0,,,,2373.0,53.0,-62.0,13.0,-75.0,0.0,,9.0,2426.0,-520.0,1906.0,0.0,,,1906.0,0.0,1906.0,0.0,0.0,1906.0,1906.0,,6375.0,0.3,0.3,0.3,6442.0,0.3,0.3,0.3,
12/25/2004,9598.0,,-4221.0,,5377.0,,-2298.0,,,,3079.0,-52.0,,54.0,-90.0,0.0,,88.0,3027.0,-904.0,2123.0,0.0,,,2123.0,0.0,2123.0,0.0,0.0,2123.0,2123.0,,6296.0,0.34,0.34,0.34,6352.0,0.33,0.33,0.33,
04/02/2005,9434.0,,-3836.0,,5598.0,,-2566.0,1262.0,,1304.0,3032.0,119.0,-117.0,4.0,-121.0,0.0,,-2.0,3151.0,-973.0,2178.0,0.0,,,2178.0,0.0,2178.0,0.0,0.0,2178.0,2178.0,,6211.0,0.35,0.35,0.35,6211.0,0.35,0.35,0.35,
07/02/2005,9231.0,,-4028.0,,5203.0,,-2554.0,,,,2649.0,105.0,-128.0,5.0,-133.0,0.0,,23.0,2754.0,-716.0,2038.0,0.0,,,2038.0,0.0,2038.0,0.0,0.0,2038.0,2038.0,6.92,6144.0,0.33,0.33,0.34,6215.0,0.33,0.33,0.34,
10/01/2005,9960.0,,-4012.0,,5948.0,,-2819.0,,,,3129.0,114.0,-139.0,6.0,-145.0,0.0,,25.0,3243.0,-1248.0,1995.0,0.0,,,1995.0,0.0,1995.0,0.0,0.0,1995.0,1995.0,19.0,6062.0,0.33,0.33,0.33,6144.0,0.32,0.32,0.32,
12/31/2005,10201.0,,-3901.0,,6300.0,,-2968.0,,,,3309.0,130.0,-174.0,4.0,-178.0,0.0,,44.0,3439.0,-1009.0,2453.0,0.0,,,2430.0,0.0,2453.0,0.0,0.0,2453.0,2453.0,,6007.0,0.41,0.41,0.42,6142.0,0.4,0.4,0.41,
04/01/2006,8940.0,,-3997.0,,4943.0,,-3225.0,1644.0,,1581.0,1718.0,156.0,-161.0,7.0,-168.0,0.0,,5.0,1874.0,-517.0,1357.0,0.0,,,1357.0,0.0,1357.0,0.0,0.0,1357.0,1357.0,,5854.0,0.23,0.23,0.23,5954.0,0.23,0.23,0.23,
07/01/2006,8009.0,,-3838.0,,4171.0,,-3099.0,1593.0,,1506.0,1072.0,181.0,-145.0,7.0,-152.0,0.0,,-36.0,1253.0,-368.0,885.0,0.0,,,885.0,0.0,885.0,0.0,0.0,885.0,885.0,,5801.0,0.15,0.15,0.15,5868.0,0.15,0.15,0.15,
09/30/2006,8739.0,,-4445.0,,4294.0,,-2814.0,1425.0,,1389.0,1480.0,334.0,-141.0,6.0,-147.0,0.0,,-193.0,1814.0,-513.0,1301.0,0.0,,,1301.0,0.0,1301.0,0.0,0.0,1301.0,1301.0,106.0,5769.0,0.23,0.23,0.21,5832.0,0.22,0.22,0.2,
12/30/2006,9694.0,,-4884.0,,4810.0,,-2860.0,,,,1950.0,177.0,-165.0,4.0,-169.0,0.0,,-12.0,2127.0,-626.0,1501.0,0.0,,,1501.0,0.0,1501.0,0.0,0.0,1501.0,1501.0,,5764.0,0.26,0.26,0.3,5866.0,0.26,0.26,0.3,
03/31/2007,8852.0,,-4420.0,,4432.0,,-2682.0,1277.0,,1405.0,1750.0,123.0,-181.0,3.0,-184.0,0.0,,58.0,1873.0,-237.0,1636.0,0.0,,,1636.0,0.0,1636.0,0.0,0.0,1636.0,1636.0,75.0,5777.0,0.28,0.28,0.24,5874.0,0.28,0.28,0.24,
06/30/2007,8680.0,,-4605.0,,4075.0,,-2643.0,1284.0,,1359.0,1432.0,97.0,-188.0,4.0,-192.0,0.0,,91.0,1529.0,-251.0,1278.0,0.0,,,1278.0,0.0,1278.0,0.0,0.0,1278.0,1278.0,82.0,5809.0,0.22,0.22,0.2,5917.0,0.22,0.22,0.2,
09/29/2007,10090.0,,-4919.0,,5171.0,,-2899.0,1378.0,,1521.0,2272.0,231.0,-197.0,5.0,-202.0,0.0,,-34.0,2503.0,-712.0,1791.0,0.0,,,1791.0,0.0,1791.0,0.0,0.0,1791.0,1791.0,128.0,5837.0,0.31,0.31,0.33,5967.0,0.3,0.3,0.32,
12/29/2007,10712.0,,-4486.0,,6226.0,,-2943.0,1462.0,,1481.0,3283.0,-19.0,-230.0,-4.0,-226.0,,,249.0,3264.0,-990.0,2274.0,,,,2274.0,0.0,2274.0,0.0,,2274.0,2274.0,,5841.0,0.39,0.39,0.42,5988.0,0.38,0.38,0.41,
03/29/2008,9673.0,,-4466.0,,5207.0,,-2816.0,1349.0,,1467.0,2391.0,-220.0,-198.0,0.0,-198.0,0.0,,418.0,2171.0,-728.0,1443.0,0.0,,,1443.0,0.0,1443.0,0.0,0.0,1443.0,1443.0,329.0,5787.0,0.25,0.25,0.29,5879.0,0.25,0.25,0.29,
06/28/2008,9470.0,,-4221.0,,5249.0,,-2898.0,1430.0,,1468.0,2351.0,-38.0,-129.0,8.0,-137.0,0.0,,167.0,2313.0,-712.0,1601.0,0.0,,,1601.0,0.0,1601.0,0.0,0.0,1601.0,1601.0,96.0,5699.0,0.28,0.28,0.29,5800.0,0.28,0.28,0.29,
09/27/2008,10217.0,,-4198.0,,6019.0,,-2887.0,1416.0,,1471.0,3132.0,-299.0,-126.0,0.0,-126.0,0.0,,425.0,2833.0,-819.0,2014.0,0.0,,,2014.0,0.0,2014.0,0.0,0.0,2014.0,2014.0,196.0,5603.0,0.36,0.36,0.39,5692.0,0.35,0.35,0.38,
12/27/2008,8226.0,,-3857.0,,4369.0,0.0,-2579.0,1263.0,,1316.0,1790.0,-1421.0,-22.0,109.0,-131.0,0.0,,1443.0,369.0,-135.0,234.0,0.0,,,234.0,0.0,234.0,0.0,0.0,234.0,234.0,,5562.0,0.04,0.04,0.18,5623.0,0.04,0.04,0.18,
03/28/2009,7145.0,7145.0,-3907.0,3907.0,3238.0,0.0,-2591.0,1198.0,1317.0,76.0,647.0,-18.0,-72.0,0.0,-72.0,,62.0,28.0,629.0,0.0,629.0,0.0,0.0,0.0,629.0,0.0,629.0,0.0,0.0,629.0,727.8,98.8,5573.0,0.11,0.11,0.130594,5634.0,0.11,0.11,0.127536,
06/27/2009,8024.0,8024.0,-3945.0,3945.0,4079.0,0.0,-4091.0,2695.0,1303.0,93.0,-12.0,-38.0,-37.0,1.0,-38.0,,41.0,34.0,-50.0,-348.0,-398.0,0.0,0.0,0.0,-398.0,0.0,-398.0,0.0,0.0,-398.0,1151.05,1549.05,5595.0,-0.07,-0.07,0.205728,5595.0,-0.07,-0.07,0.205728,
09/26/2009,9389.0,9389.0,-3985.0,3985.0,5404.0,0.0,-2825.0,1320.0,1430.0,75.0,2579.0,-47.0,-33.0,1.0,-34.0,,41.0,39.0,2532.0,-676.0,1856.0,0.0,0.0,0.0,1856.0,0.0,1856.0,0.0,0.0,1856.0,1948.3,92.3,5537.0,0.34,0.34,0.351869,5616.0,0.33,0.33,0.346435,
12/26/2009,10569.0,10569.0,-3729.0,3729.0,6840.0,0.0,-4343.0,1468.0,1603.0,1272.0,2497.0,96.0,-24.0,1.0,-25.0,,-13.0,-59.0,2593.0,-311.0,2282.0,0.0,0.0,0.0,2282.0,0.0,2282.0,0.0,0.0,2282.0,3105.05,823.05,5523.0,0.41,0.41,0.562204,5650.0,0.4,0.4,0.545673,
03/27/2010,10299.0,10299.0,-3770.0,3770.0,6529.0,0.0,-3081.0,1514.0,1564.0,3.0,3448.0,-2.0,-26.0,0.0,-26.0,,35.0,-7.0,3446.0,-1004.0,2442.0,0.0,0.0,0.0,2442.0,0.0,2442.0,0.0,0.0,2442.0,2417.95,-24.05,5529.0,0.44,0.44,0.437321,5681.0,0.43,0.43,0.425767,
06/26/2010,10765.0,10765.0,-3530.0,3530.0,7235.0,0.0,-3254.0,1584.0,1666.0,4.0,3981.0,204.0,,,-29.0,,9.0,-184.0,4185.0,-1298.0,2887.0,0.0,0.0,0.0,2887.0,0.0,2887.0,0.0,0.0,2887.0,2885.05,-1.95,5563.0,0.52,0.52,0.518614,5711.0,0.51,0.51,0.509659,
09/25/2010,11102.0,11102.0,-3781.0,3781.0,7321.0,0.0,-3185.0,1506.0,1675.0,4.0,4136.0,115.0,-38.0,0.0,-38.0,,28.0,-105.0,4251.0,-1296.0,2955.0,0.0,0.0,0.0,2955.0,0.0,2955.0,0.0,0.0,2955.0,2925.75,-29.25,5575.0,0.53,0.53,0.524798,5694.0,0.52,0.52,0.514863,
12/25/2010,11457.0,11457.0,-4051.0,4051.0,7406.0,0.0,-3383.0,1705.0,1671.0,7.0,4023.0,140.0,-29.0,0.0,-29.0,,41.0,-152.0,4163.0,-983.0,3180.0,0.0,0.0,0.0,3180.0,0.0,3180.0,0.0,0.0,3180.0,3160.5,-19.5,5554.0,0.57,0.57,0.569049,5698.0,0.56,0.56,0.556578,
04/02/2011,12847.0,12847.0,-4962.0,4962.0,7885.0,0.0,-3727.0,1775.0,1916.0,36.0,4158.0,213.0,-22.0,6.0,-28.0,,62.0,-253.0,4371.0,-1211.0,3160.0,0.0,0.0,0.0,3160.0,0.0,3160.0,0.0,0.0,3160.0,3158.05,-1.95,5452.0,0.58,0.58,0.579246,5606.0,0.56,0.56,0.559652,
07/02/2011,13032.0,13032.0,-5130.0,5130.0,7902.0,0.0,-3967.0,1905.0,1986.0,76.0,3935.0,-4.0,,,-20.0,,67.0,-43.0,3931.0,-977.0,2954.0,0.0,0.0,0.0,2954.0,0.0,2954.0,0.0,0.0,2954.0,2981.3,27.3,5294.0,0.56,0.56,0.563147,5441.0,0.54,0.54,0.545017,
10/01/2011,14233.0,14233.0,-5215.0,5215.0,9018.0,0.0,-4233.0,2017.0,2140.0,76.0,4785.0,107.0,-15.0,0.0,-15.0,,63.0,-155.0,4892.0,-1424.0,3468.0,0.0,0.0,0.0,3468.0,0.0,3468.0,0.0,0.0,3468.0,3432.25,-35.75,5194.0,0.67,0.67,0.660811,5340.0,0.65,0.65,0.643305,
12/31/2011,13887.0,13887.0,-4935.0,4935.0,8952.0,0.0,-4353.0,1973.0,2308.0,72.0,4599.0,-12.0,0.0,35.0,-35.0,,12.0,0.0,4587.0,-1227.0,3360.0,0.0,0.0,0.0,3360.0,0.0,3360.0,0.0,0.0,3360.0,3382.75,22.75,5069.0,0.66,0.66,0.667341,5242.0,0.64,0.64,0.64434,
03/31/2012,12906.0,12906.0,-4641.0,4641.0,8265.0,0.0,-4455.0,1973.0,2401.0,81.0,3810.0,4.0,3.0,31.0,-28.0,,19.0,-26.0,3814.0,-1076.0,2738.0,0.0,0.0,0.0,2738.0,0.0,2738.0,0.0,0.0,2738.0,2718.5,-19.5,4999.0,0.55,0.55,0.543809,5192.0,0.53,0.53,0.526244,
06/30/2012,13501.0,13501.0,-4947.0,4947.0,8554.0,0.0,-4722.0,2131.0,2513.0,78.0,3832.0,102.0,-4.0,21.0,-25.0,,16.0,-114.0,3934.0,-1107.0,2827.0,0.0,0.0,0.0,2827.0,0.0,2827.0,0.0,0.0,2827.0,2837.4,10.4,5022.0,0.56,0.56,0.564994,5199.0,0.54,0.54,0.542,
09/29/2012,13457.0,13457.0,-4942.0,4942.0,8515.0,0.0,-4674.0,1995.0,2605.0,74.0,3841.0,80.0,-9.0,14.0,-23.0,,30.0,-101.0,3921.0,-949.0,2972.0,0.0,0.0,0.0,2972.0,0.0,2972.0,0.0,0.0,2972.0,2943.4,-28.6,4996.0,0.59,0.59,0.589151,5153.0,0.58,0.58,0.57445,
12/29/2012,13477.0,13477.0,-5660.0,5660.0,7817.0,0.0,-4662.0,1958.0,2629.0,75.0,3155.0,49.0,3.0,24.0,-21.0,,16.0,-68.0,3204.0,-736.0,2468.0,0.0,0.0,0.0,2468.0,0.0,2468.0,0.0,0.0,2468.0,2448.5,-19.5,4968.0,0.5,0.5,0.492854,5095.0,0.48,0.48,0.476173,
03/30/2013,12580.0,12580.0,-5514.0,5514.0,7066.0,0.0,-4547.0,1947.0,2527.0,73.0,2519.0,-76.0,50.0,73.0,-23.0,0.0,23.0,3.0,2443.0,-398.0,2045.0,0.0,0.0,0.0,2045.0,0.0,2045.0,0.0,0.0,2045.0,2028.1,-16.9,4948.0,0.41,0.41,0.409883,5080.0,0.4,0.4,0.396673,
06/29/2013,12811.0,12811.0,-5341.0,5341.0,7470.0,0.0,-4751.0,2165.0,2516.0,70.0,2719.0,-26.0,34.0,60.0,-26.0,,-19.0,11.0,2693.0,-693.0,2000.0,0.0,0.0,0.0,2000.0,0.0,2000.0,0.0,0.0,2000.0,1992.85,-7.15,4978.0,0.4,0.4,0.400331,5106.0,0.39,0.39,0.3886,
09/28/2013,13483.0,13483.0,-5069.0,5069.0,8414.0,0.0,-4910.0,1970.0,2742.0,198.0,3504.0,420.0,32.0,56.0,-24.0,,14.0,-466.0,3924.0,-974.0,2950.0,0.0,0.0,0.0,2950.0,0.0,2950.0,0.0,0.0,2950.0,2745.25,-204.75,4981.0,0.59,0.59,0.551144,5100.0,0.58,0.58,0.539853,
12/28/2013,13834.0,13834.0,-5263.0,5263.0,8571.0,0.0,-5022.0,2006.0,2826.0,190.0,3549.0,2.0,24.0,55.0,-31.0,,13.0,-39.0,3551.0,-926.0,2625.0,0.0,0.0,0.0,2625.0,0.0,2625.0,0.0,0.0,2625.0,2690.0,65.0,4971.0,0.53,0.53,0.541139,5103.0,0.51,0.51,0.522738,
03/29/2014,12764.0,12764.0,-5151.0,5151.0,7613.0,0.0,-5103.0,2047.0,2846.0,210.0,2510.0,160.0,2.0,37.0,-35.0,,11.0,-173.0,2670.0,-740.0,1930.0,0.0,0.0,0.0,1930.0,0.0,1930.0,0.0,0.0,1930.0,2012.55,82.55,4974.0,0.39,0.39,0.404614,5117.0,0.38,0.38,0.396132,
06/28/2014,13831.0,13831.0,-4914.0,4914.0,8917.0,0.0,-5073.0,2061.0,2859.0,153.0,3844.0,78.0,11.0,49.0,-38.0,,14.0,-103.0,3922.0,-1126.0,2796.0,0.0,0.0,0.0,2796.0,0.0,2796.0,0.0,0.0,2796.0,2823.3,27.3,4981.0,0.56,0.56,0.566814,5123.0,0.55,0.55,0.555329,
09/27/2014,14554.0,14554.0,-5096.0,5096.0,9458.0,0.0,-4918.0,1979.0,2842.0,97.0,4540.0,10.0,18.0,53.0,-35.0,,17.0,-45.0,4550.0,-1233.0,3317.0,0.0,0.0,0.0,3317.0,0.0,3317.0,0.0,0.0,3317.0,3341.05,24.05,4880.0,0.68,0.68,0.684641,5045.0,0.66,0.66,0.664767,
12/27/2014,14721.0,14721.0,-5100.0,5100.0,9621.0,0.0,-5168.0,2049.0,2990.0,129.0,4453.0,206.0,20.0,53.0,-33.0,,27.0,-253.0,4659.0,-998.0,3661.0,0.0,0.0,0.0,3661.0,0.0,3661.0,0.0,0.0,3661.0,3546.6,-114.4,4769.0,0.77,0.77,0.743678,4940.0,0.74,0.74,0.716842,
03/28/2015,12781.0,12781.0,-5051.0,5051.0,7730.0,0.0,-5115.0,1953.0,2995.0,167.0,2615.0,58.0,10.0,42.0,-32.0,,13.0,-81.0,2673.0,-681.0,1992.0,0.0,0.0,0.0,1992.0,0.0,1992.0,0.0,0.0,1992.0,2039.45,47.45,4741.0,0.42,0.42,0.430173,4914.0,0.41,0.41,0.419656,
06/27/2015,13195.0,13195.0,-4947.0,4947.0,8248.0,0.0,-5352.0,1949.0,3087.0,316.0,2896.0,87.0,25.0,53.0,-28.0,,,-112.0,2983.0,-277.0,2706.0,0.0,0.0,0.0,2706.0,0.0,2706.0,0.0,0.0,2706.0,2802.85,96.85,4759.0,0.57,0.57,0.588958,4909.0,0.55,0.55,0.569729,
09/26/2015,14465.0,14465.0,-5354.0,5354.0,9111.0,0.0,-4919.0,1910.0,2927.0,82.0,4192.0,61.0,85.0,116.0,-31.0,,,-146.0,4253.0,-1144.0,3109.0,0.0,0.0,0.0,3109.0,0.0,3109.0,0.0,0.0,3109.0,3013.506329,-95.493671,4747.0,0.65,0.65,0.634823,4876.0,0.64,0.64,0.620416,
12/26/2015,14914.0,14914.0,-5324.0,5324.0,9590.0,0.0,-5291.0,2118.0,3119.0,54.0,4299.0,4.0,93.0,126.0,-33.0,,,-97.0,4303.0,-690.0,3613.0,0.0,0.0,0.0,3613.0,0.0,3613.0,0.0,0.0,3613.0,3596.1,-16.9,4722.0,0.77,0.77,0.761563,4876.0,0.74,0.74,0.736534,
04/02/2016,13702.0,13702.0,-5572.0,5572.0,8130.0,0.0,-5562.0,2226.0,3246.0,90.0,2568.0,-60.0,156.0,208.0,-52.0,,-6.0,-90.0,2508.0,-462.0,2046.0,0.0,0.0,0.0,2046.0,0.0,2046.0,0.0,0.0,2046.0,2113.2385,67.2385,4722.0,0.43,0.43,0.44753,4875.0,0.42,0.42,0.433793,
07/02/2016,13533.0,13533.0,-5560.0,5560.0,7973.0,0.0,-6655.0,2007.0,3145.0,1503.0,1318.0,352.0,136.0,187.0,-51.0,,,-488.0,1670.0,-340.0,1330.0,0.0,0.0,0.0,1330.0,0.0,1330.0,0.0,0.0,1330.0,2157.797104,827.797104,4729.0,0.28,0.28,0.45629,4866.0,0.27,0.27,0.440119,
10/01/2016,15778.0,15778.0,-5795.0,5795.0,9983.0,0.0,-5521.0,2006.0,3069.0,446.0,4462.0,-144.0,124.0,180.0,-56.0,,,20.0,4318.0,-940.0,3378.0,0.0,0.0,0.0,3378.0,0.0,3378.0,0.0,0.0,3378.0,3663.297797,285.297797,4734.0,0.71,0.71,0.773827,4877.0,0.69,0.69,0.748499,
12/31/2016,16374.0,16374.0,-6269.0,6269.0,10105.0,0.0,-5579.0,2158.0,3280.0,141.0,4526.0,-86.0,95.0,158.0,-63.0,,,-9.0,4440.0,-878.0,3562.0,0.0,0.0,0.0,3562.0,0.0,3562.0,0.0,0.0,3562.0,3696.5332,134.5332,4735.0,0.75,0.75,0.780683,4881.0,0.73,0.73,0.757563,
04/01/2017,14796.0,14796.0,-5636.0,5636.0,9160.0,0.0,-5528.0,2099.0,3311.0,118.0,3632.0,183.0,70.0,146.0,-76.0,,-11.0,-242.0,3815.0,-851.0,2964.0,0.0,0.0,0.0,2964.0,0.0,2964.0,0.0,0.0,2964.0,2985.45,21.45,4723.0,0.63,0.63,0.632109,4881.0,0.61,0.61,0.614395,
07/01/2017,14763.0,14763.0,-5667.0,5667.0,9096.0,0.0,-5254.0,1850.0,3262.0,142.0,3842.0,730.0,20.0,156.0,-136.0,,-8.0,-742.0,4572.0,-1764.0,2808.0,0.0,0.0,0.0,2808.0,0.0,2808.0,0.0,0.0,2808.0,6300.600048,3492.600048,4710.0,0.6,0.6,1.337707,4845.0,0.58,0.58,1.300867,
09/30/2017,16149.0,16149.0,-6085.0,6085.0,10064.0,0.0,-4923.0,1661.0,3209.0,53.0,5141.0,789.0,54.0,191.0,-137.0,,110.0,-953.0,5930.0,-1414.0,4516.0,0.0,0.0,0.0,4516.0,0.0,4516.0,0.0,0.0,4516.0,3437.691756,-1078.308244,4688.0,0.96,0.96,0.733296,4821.0,0.94,0.94,0.716331,
12/30/2017,17053.0,17053.0,-6275.0,6275.0,10778.0,0.0,-5343.0,1842.0,3253.0,248.0,5435.0,600.0,61.0,153.0,-92.0,,,-661.0,6035.0,-6722.0,-687.0,0.0,0.0,0.0,-687.0,0.0,-687.0,0.0,0.0,-687.0,253.830297,940.830297,4683.0,-0.15,-0.15,0.054202,4683.0,-0.15,-0.15,0.050903,
03/31/2018,16066.0,16066.0,-6335.0,6335.0,9731.0,0.0,-5261.0,1900.0,3311.0,50.0,4470.0,541.0,21.0,112.0,-91.0,,-82.0,-480.0,5011.0,-557.0,4454.0,0.0,0.0,0.0,4454.0,0.0,4454.0,0.0,0.0,4454.0,3523.649431,-930.350569,4674.0,0.95,0.95,0.753883,4790.0,0.93,0.93,0.735772,
06/30/2018,16962.0,16962.0,-6543.0,6543.0,10419.0,0.0,-5146.0,1725.0,3371.0,50.0,5273.0,256.0,8.0,116.0,-108.0,,,-264.0,5529.0,-523.0,5006.0,0.0,0.0,0.0,5006.0,0.0,5006.0,0.0,0.0,5006.0,4982.656364,-23.343636,4649.0,1.08,1.08,1.071769,4747.0,1.05,1.05,1.045082,
09/29/2018,19163.0,19163.0,-6803.0,6803.0,12360.0,0.0,-5011.0,1605.0,3428.0,-22.0,7349.0,-207.0,0.0,109.0,-109.0,,,207.0,7142.0,-744.0,6398.0,0.0,0.0,0.0,6398.0,0.0,6398.0,0.0,0.0,6398.0,6273.40968,-124.59032,4574.0,1.4,1.4,1.371537,4648.0,1.38,1.38,1.353195,
12/29/2018,18657.0,18657.0,-7430.0,7430.0,11227.0,0.0,-5003.0,1520.0,3433.0,50.0,6224.0,-589.0,1.0,131.0,-130.0,,,588.0,5635.0,-440.0,5195.0,0.0,0.0,0.0,5195.0,0.0,5195.0,0.0,0.0,5195.0,4706.879164,-488.120836,4549.0,1.14,1.14,1.034706,4619.0,1.12,1.12,1.014323,
03/30/2019,16061.0,16061.0,-6972.0,6972.0,9089.0,0.0,-4915.0,1583.0,3332.0,0.0,4174.0,373.0,3.0,138.0,-135.0,,,-376.0,4547.0,-573.0,3974.0,0.0,0.0,0.0,3974.0,0.0,3974.0,0.0,0.0,3974.0,3644.114359,-329.885641,4492.0,0.88,0.88,0.811245,4564.0,0.87,0.87,0.79772,
06/29/2019,16505.0,16505.0,-6627.0,6627.0,9878.0,0.0,-5261.0,1639.0,3438.0,184.0,4617.0,107.0,10.0,135.0,-125.0,,,-117.0,4724.0,-545.0,4179.0,0.0,0.0,0.0,4179.0,0.0,4179.0,0.0,0.0,4179.0,4217.544286,38.544286,4466.0,0.94,0.94,0.944367,4523.0,0.92,0.92,0.928522,
09/28/2019,19190.0,19190.0,-7895.0,7895.0,11295.0,0.0,-4848.0,1486.0,3208.0,154.0,6447.0,272.0,-7.0,107.0,-114.0,,,-265.0,6719.0,-729.0,5990.0,0.0,0.0,0.0,5990.0,0.0,5990.0,0.0,0.0,5990.0,5753.60415,-236.39585,4391.0,1.36,1.36,1.310318,4433.0,1.35,1.35,1.296674,
12/28/2019,20209.0,20209.0,-8331.0,8331.0,11878.0,0.0,-5081.0,1542.0,3384.0,155.0,6797.0,1271.0,0.0,109.0,-109.0,,,-1271.0,8068.0,-1163.0,6905.0,0.0,0.0,0.0,6905.0,0.0,6905.0,0.0,0.0,6905.0,5978.09165,-926.90835,4319.0,1.6,1.6,1.384138,4373.0,1.58,1.58,1.368038,
03/28/2020,19828.0,19828.0,-7812.0,7812.0,12016.0,0.0,-4978.0,1541.0,3275.0,162.0,7038.0,-424.0,42.0,135.0,-93.0,,,382.0,6614.0,-953.0,5661.0,0.0,0.0,0.0,5661.0,0.0,5661.0,0.0,0.0,5661.0,5896.211523,235.211523,4266.0,1.33,1.33,1.382141,4312.0,1.31,1.31,1.364548,
06/27/2020,19728.0,19728.0,-9221.0,9221.0,10507.0,0.0,-4810.0,1447.0,3354.0,9.0,5697.0,238.0,103.0,186.0,-83.0,,,-341.0,5935.0,-830.0,5105.0,0.0,0.0,0.0,5105.0,0.0,5105.0,0.0,0.0,5105.0,4886.726132,-218.273868,4246.0,1.2,1.2,1.150901,4284.0,1.19,1.19,1.139049,
09/30/2020,18221.735,,,,10394.95316545,,,,,,5419.381,,,,,,,,5552.238,,4418.682,,,,,,4418.682,,,4418.682,4704.517,,,1.04,1.04,1.1,,1.04,1.04,1.1,
12/31/2020,17345.97,,,,10075.4066745,,,,,,5095.095,,,,,,,,5345.048,,4281.609,,,,,,4281.609,,,4281.609,4552.483,,,1.01,1.01,1.068,,1.01,1.01,1.068,
