Date,Revenue,Sales & Services Revenue,Cost of Revenue,Cost of Goods & Services,Gross Profit,Other Operating Income,Operating Expenses,"Selling, General & Admin",General & Administrative,Depreciation & Amortization,Other Operating Expense,Operating Income (Loss),Non-Operating (Income) Loss,"Interest Expense, Net",Interest Expense,Interest Income,Foreign Exch (Gain) Loss,(Income) Loss from Affiliates,Other Non-Op (Income) Loss,Pretax Income,Income Tax Expense (Benefit),Income (Loss) from Cont Ops,Net Extraordinary Losses (Gains),Discontinued Operations,XO & Accounting Changes,Income (Loss) Incl. MI,Minority Interest,"Net Income, GAAP",Preferred Dividends,Other Adjustments,"Net Income Avail to Common, GAAP","Net Income Avail to Common, Adj",Net Abnormal Losses (Gains),Basic Weighted Avg Shares,"Basic EPS, GAAP",Basic EPS from Cont Ops,"Basic EPS from Cont Ops, Adjusted",Diluted Weighted Avg Shares,"Diluted EPS, GAAP",Diluted EPS from Cont Ops,"Diluted EPS from Cont Ops, Adjusted",Source: Bloomberg
09/30/1988,2373.0,,,,,,,,,,,,,,,,,,,,,,,,,,,201.0,,,201.0,201.0,,231.033997,0.87,0.87,0.87,231.033997,0.87,0.87,0.87,
12/31/1988,2498.0,,,,,,,,,,,,,,,,,,,,,,,,,,,206.0,,,206.0,206.0,,227.623993,0.905,0.905,0.905,227.623993,0.905,0.905,0.905,
03/31/1989,2627.0,,,,,,,,,,,,,,,,,,,,,,0.0,,,,,223.0,,,223.0,223.0,,221.0,0.98,0.98,,221.0,0.98,0.98,0.98,
06/30/1989,2960.0,,,,,,,,,,,,,,,,,,,,,,0.0,,,,,229.0,,,229.0,229.0,,218.600006,1.02,1.02,,218.600006,1.02,1.02,1.02,
09/30/1989,2883.0,,,,,,,,,,,,,,,,,,,,,,0.0,,,,,215.0,,,215.0,215.0,,217.800003,0.955,0.955,,217.800003,0.955,0.955,0.955,
12/31/1989,2908.0,,,,,,,,,,,2908.0,,,,,,,,,,2908.0,0.0,,,,,197.0,,,197.0,197.0,,217.600006,0.905,0.905,0.905,217.600006,0.905,0.905,0.905,
03/31/1990,3165.0,,-2554.0,,611.0,,-245.0,,,,,366.0,-66.0,,66.0,,0.0,,0.0,300.0,-120.0,180.0,0.0,,,180.0,0.0,180.0,0.0,,180.0,180.0,,217.600006,0.825,0.825,,217.600006,0.825,0.825,0.825,
06/30/1990,3241.0,,-2608.0,,633.0,,-257.0,,,,,376.0,-69.0,,69.0,,0.0,,0.0,307.0,-122.0,185.0,0.0,,,185.0,0.0,185.0,0.0,,185.0,185.0,,218.199997,0.85,0.85,,218.199997,0.85,0.85,0.85,
09/30/1990,3267.0,,-2634.0,,633.0,,-263.0,,,,,370.0,-70.0,,70.0,,0.0,,0.0,300.0,-119.0,181.0,0.0,,,181.0,0.0,181.0,0.0,,181.0,181.0,,218.600006,0.83,0.83,,218.600006,0.83,0.83,0.83,
12/31/1990,3287.0,,-2662.0,,625.0,,-302.0,,,,,323.0,-284.0,,72.0,,0.0,,212.0,39.0,-16.0,23.0,0.0,,,23.0,0.0,23.0,0.0,,23.0,23.0,,219.0,0.1,0.1,,219.0,0.1,0.1,0.1,
03/31/1991,3097.0,,-2544.0,,553.0,,-259.0,,,,,294.0,-79.0,,79.0,,0.0,,0.0,215.0,-83.0,132.0,0.0,,,132.0,0.0,132.0,0.0,,132.0,132.0,,219.800003,0.6,0.6,,219.800003,0.6,0.6,0.6,
06/30/1991,3114.0,,-2601.0,,513.0,,-267.0,,,,,246.0,-81.0,,81.0,,0.0,,0.0,165.0,-61.0,104.0,0.0,,,104.0,0.0,104.0,0.0,,104.0,104.0,,220.399994,0.475,0.475,,220.399994,0.475,0.475,0.475,
09/30/1991,3277.0,,-2764.0,,513.0,,-261.0,,,,,252.0,-79.0,,79.0,,0.0,,0.0,173.0,-64.0,109.0,0.0,,,109.0,0.0,109.0,0.0,,109.0,109.0,,221.399994,0.49,0.49,,221.399994,0.49,0.49,0.49,
12/31/1991,3215.0,,-2701.0,,514.0,,-293.0,,,,,221.0,-136.0,,76.0,,0.0,,60.0,85.0,-31.0,54.0,215.0,,,-161.0,0.0,-161.0,0.0,,-161.0,-161.0,,223.199997,-0.735,0.228262,,223.199997,-0.735,0.228262,0.228262,
03/31/1992,3356.0,,-2856.0,,500.0,,-272.0,,,,,228.0,-71.0,,71.0,,0.0,,0.0,157.0,-53.0,104.0,52.0,,,52.0,0.0,52.0,0.0,,52.0,52.0,,238.199997,0.22,0.44,,238.199997,0.22,0.44,0.44,
06/30/1992,3386.0,,-2869.0,,517.0,,-283.0,,,,,234.0,-50.0,,50.0,,0.0,,0.0,184.0,-70.0,114.0,2.0,,,112.0,0.0,112.0,0.0,,112.0,112.0,,244.0,0.46,0.47,,244.0,0.46,0.47,0.47,
09/30/1992,3478.0,,-2974.0,,504.0,,-283.0,,,,,221.0,-59.0,,59.0,,0.0,,0.0,162.0,-62.0,100.0,2.0,,,98.0,0.0,98.0,0.0,,98.0,98.0,,244.399994,0.405,0.415,,244.399994,0.405,0.415,0.415,
12/31/1992,3378.0,,-2917.0,,461.0,,-293.0,,,,,168.0,-465.0,,67.0,,0.0,,398.0,-297.0,121.0,-176.0,0.0,,,-176.0,0.0,-176.0,0.0,,-176.0,-176.0,,245.0,-0.73,-0.73,-0.73,245.0,-0.73,-0.73,-0.73,
03/31/1993,3362.0,,-2917.0,,445.0,,-271.0,,,,,174.0,-73.0,,73.0,,0.0,,0.0,101.0,-37.0,64.0,0.0,,,64.0,0.0,64.0,0.0,,64.0,64.0,,245.600006,0.26,0.26,,245.600006,0.26,0.26,0.26,
06/30/1993,3506.0,,-3012.0,,494.0,,-293.0,,,,,201.0,-79.0,,79.0,,0.0,,0.0,122.0,-45.0,77.0,0.0,,,77.0,0.0,77.0,0.0,,77.0,77.0,,246.199997,0.31,0.31,,246.199997,0.31,0.31,0.31,
09/30/1993,3405.0,,-2923.0,,482.0,,-284.0,,,,,198.0,-79.0,,79.0,,0.0,,0.0,119.0,-71.0,48.0,0.0,,,48.0,0.0,48.0,0.0,,48.0,48.0,,246.800003,0.195,0.195,,246.800003,0.195,0.195,0.195,
12/31/1993,3412.0,,-2237.0,,1175.0,,-938.0,,,,,237.0,-79.0,,79.0,,0.0,,0.0,158.0,-58.0,100.0,0.0,,,100.0,0.0,100.0,0.0,,100.0,100.0,,247.199996,0.405,0.405,0.405,247.199996,0.405,0.405,0.405,
03/31/1994,3414.0,,-2921.0,,493.0,,-282.0,,,,,211.0,-77.0,,77.0,,0.0,,0.0,134.0,-43.0,91.0,75.0,,,16.0,-15.0,1.0,0.0,,1.0,1.0,,248.399994,0.01,0.31,,248.399994,0.01,0.31,0.31,
06/30/1994,3633.0,,-3096.0,,537.0,,-298.0,,,,,239.0,-86.0,,86.0,,0.0,,0.0,153.0,-50.0,103.0,0.0,,,103.0,-12.0,91.0,0.0,,91.0,91.0,,249.199997,0.36,0.36,,249.199997,0.36,0.36,0.36,
09/30/1994,3792.0,,-3205.0,,587.0,,-311.0,,,,,276.0,-92.0,,92.0,,0.0,,0.0,184.0,-61.0,123.0,0.0,,,123.0,-12.0,111.0,0.0,,111.0,111.0,,249.600006,0.45,0.45,,249.600006,0.45,0.45,0.45,
12/31/1994,4127.0,,-2755.0,,1372.0,,-1034.0,,,,,338.0,-94.0,,94.0,,0.0,,0.0,244.0,-82.0,162.0,0.0,,,162.0,-8.0,154.0,0.0,,154.0,154.0,,251.199996,0.61,0.61,0.61,251.199996,0.61,0.61,0.61,
03/31/1995,4492.0,,-3637.0,,855.0,,-345.0,,,,,510.0,-104.0,,104.0,,0.0,,0.0,406.0,-146.0,260.0,0.0,,,260.0,-14.0,246.0,0.0,,246.0,246.0,,252.800003,0.97,0.97,,252.800003,0.97,0.97,0.97,
06/30/1995,5084.0,,-4001.0,,1083.0,,-391.0,,,,,692.0,-138.0,,138.0,,0.0,,0.0,554.0,-195.0,359.0,0.0,,,359.0,-43.0,316.0,0.0,,316.0,316.0,,253.600006,1.25,1.25,,253.600006,1.25,1.25,1.25,
09/30/1995,5145.0,,-4037.0,,1108.0,,-388.0,,,,,720.0,-129.0,,129.0,,0.0,,0.0,591.0,-210.0,381.0,0.0,,,381.0,-53.0,328.0,0.0,,328.0,328.0,,258.700012,1.27,1.27,,258.700012,1.27,1.27,1.27,
12/31/1995,5076.0,,-3252.0,,1824.0,,-1225.0,,,,,599.0,-122.0,,122.0,,0.0,,0.0,477.0,-168.0,309.0,0.0,,,309.0,-46.0,263.0,0.0,,263.0,263.0,,260.799988,1.01,1.01,1.01,260.799988,1.01,1.01,1.01,
03/31/1996,4798.0,,-3819.0,,979.0,,-595.0,,,,,384.0,-48.0,,125.0,,0.0,,-77.0,336.0,-163.0,173.0,0.0,,,173.0,-75.0,98.0,0.0,,98.0,98.0,,268.899994,0.36,0.36,0.46,278.600006,0.36,0.36,0.46,
06/30/1996,5093.0,,-4310.0,,783.0,,-429.0,,,,,354.0,-137.0,,137.0,,0.0,,0.0,217.0,-80.0,137.0,0.0,,,137.0,-38.0,99.0,0.0,,99.0,99.0,,299.100006,0.33,0.33,0.33,299.600006,0.33,0.33,0.33,
09/30/1996,5108.0,,-4307.0,,801.0,,-438.0,,,,,363.0,-136.0,,136.0,,0.0,,0.0,227.0,-86.0,141.0,0.0,,,141.0,-30.0,111.0,0.0,,111.0,111.0,,300.0,0.37,0.37,0.37,301.299988,0.37,0.37,0.37,
12/31/1996,5144.0,,-3659.0,,1485.0,,-1166.0,,,,,319.0,-297.0,,132.0,,0.0,,165.0,22.0,-1.0,21.0,0.0,,,21.0,-26.0,-5.0,0.0,,-5.0,-5.0,,300.200012,-0.02,-0.02,0.33,290.899994,-0.02,-0.02,0.33,
03/31/1997,4862.0,,-3956.0,,906.0,,-668.0,,,,,238.0,-130.0,,150.0,,0.0,,-20.0,108.0,-40.0,68.0,0.0,,,68.0,-34.0,34.0,0.0,,34.0,34.0,,300.600006,0.11,0.11,0.11,300.899994,0.11,0.11,0.11,
06/30/1997,5034.0,,-4337.0,,697.0,,-444.0,,,,,253.0,-810.0,,125.0,,0.0,,685.0,-557.0,167.0,-390.0,0.0,,,-390.0,-29.0,-419.0,0.0,,-419.0,-419.0,,301.100006,-1.39,-1.39,0.2,302.299988,-1.39,-1.39,0.2,
09/30/1997,5119.0,,-4335.0,,784.0,,-456.0,,,,,328.0,-120.0,,120.0,,0.0,,0.0,208.0,-71.0,137.0,0.0,,,137.0,-35.0,102.0,0.0,,102.0,102.0,,302.299988,0.34,0.34,0.34,304.600006,0.34,0.34,0.34,
12/31/1997,5081.0,,-3603.0,,1478.0,,-1151.0,,,,,327.0,-70.0,,95.0,,0.0,,-25.0,257.0,-94.0,163.0,0.0,,,163.0,-31.0,132.0,0.0,,132.0,132.0,,302.200012,0.44,0.44,0.38,303.0,0.44,0.44,0.38,
03/31/1998,6006.0,,-5103.0,,903.0,,-561.0,,,,,342.0,-157.0,,158.0,,0.0,,-1.0,185.0,-63.0,122.0,0.0,,,122.0,-22.0,100.0,0.0,,100.0,100.0,,407.399994,0.25,0.25,0.25,409.600006,0.25,0.25,0.25,
06/30/1998,5833.0,,-4944.0,,889.0,,-556.0,,,,,333.0,-162.0,156.0,156.0,,0.0,,6.0,171.0,-49.0,122.0,0.0,,,122.0,-19.0,103.0,0.0,,103.0,103.0,,411.799988,0.25,0.25,0.26,414.200012,0.25,0.25,0.26,
09/30/1998,6032.0,,-5219.0,,813.0,,-539.0,,,,,274.0,-291.0,147.0,147.0,,0.0,,144.0,-17.0,23.0,6.0,0.0,,,6.0,-8.0,-2.0,0.0,,-2.0,-2.0,,412.200012,-0.01,-0.01,0.2,412.299988,-0.01,-0.01,0.2,
12/31/1998,6108.0,,-5239.0,,869.0,,-607.0,,,,,262.0,-172.0,153.0,153.0,,0.0,,19.0,90.0,-6.0,84.0,0.0,,,84.0,-38.0,46.0,0.0,,46.0,46.0,,412.6,0.11,0.11,0.14,414.2,0.11,0.11,0.14,
03/31/1999,6032.0,,-5235.0,,797.0,,-561.0,,,,,236.0,-142.0,143.0,143.0,,0.0,,-1.0,94.0,-28.0,66.0,0.0,,,66.0,-34.0,32.0,0.0,,32.0,32.0,,412.0,0.08,0.08,0.08,412.1,0.08,0.08,0.08,
06/30/1999,5996.0,,-5071.0,,925.0,,-606.0,,,,,319.0,-355.0,123.0,123.0,,0.0,,232.0,-36.0,18.0,-18.0,13.0,,,-31.0,-40.0,-71.0,0.0,,-71.0,-71.0,,413.0,-0.17,-0.14,0.24,413.0,-0.17,-0.14,0.24,
09/30/1999,6251.0,,-5244.0,,1007.0,,-553.0,,,,,454.0,-212.0,134.0,134.0,,0.0,,78.0,242.0,-54.0,188.0,3.0,,,185.0,-43.0,142.0,0.0,,142.0,142.0,,413.5,0.34,0.35,0.46,416.799988,0.34,0.35,0.46,
12/31/1999,6294.0,,-5173.0,,1121.0,,-589.0,,,,,532.0,-384.0,141.0,141.0,,0.0,,243.0,148.0,-22.0,126.0,0.0,,,126.0,-46.0,80.0,0.0,,80.0,80.0,,413.3,0.19,0.19,0.55,413.3,0.19,0.19,0.55,
03/31/2000,6371.0,,-5213.0,,1158.0,,-584.0,,,,,574.0,-139.0,131.0,131.0,,0.0,,8.0,435.0,-136.0,299.0,-134.0,,,433.0,-55.0,378.0,0.0,0.0,378.0,378.0,,413.5,0.91,0.59,0.6,423.0,0.91,0.59,0.6,
06/30/2000,6780.0,,-5445.0,,1335.0,,-624.0,,,,,711.0,-231.0,156.0,156.0,,0.0,,75.0,480.0,-142.0,338.0,0.0,,,338.0,-68.0,270.0,0.0,,270.0,270.0,,421.0,0.64,0.64,0.75,421.0,0.64,0.64,0.75,
09/30/2000,7801.0,,-6462.0,,1339.0,,-616.0,,,,,723.0,-412.0,278.0,278.0,,0.0,,134.0,311.0,-71.0,240.0,310.0,,,-70.0,-65.0,-135.0,0.0,0.0,-135.0,-135.0,,481.600006,-0.28,0.36,0.53,481.700012,-0.28,0.36,0.53,
12/31/2000,7228.0,,-5982.0,,1246.0,,-746.0,,,,,500.0,-1003.0,251.0,251.0,,0.0,,752.0,-503.0,232.0,-271.0,50.0,,,-321.0,-50.0,-371.0,0.0,,-371.0,-371.0,,481.4,-0.77,-0.67,0.28,481.4,-0.77,-0.67,0.28,
03/31/2001,6894.0,,-5890.0,,1004.0,,-659.0,,,,,345.0,-258.0,248.0,272.0,-24.0,0.0,,10.0,87.0,-27.0,60.0,62.0,,,-2.0,-42.0,-44.0,0.0,0.0,-44.0,-44.0,,482.700012,-0.09,0.04,0.04,483.700012,-0.09,0.04,0.04,
06/30/2001,6686.0,,-5648.0,,1038.0,,-653.0,,,,,385.0,-817.0,235.0,275.0,-40.0,0.0,,582.0,-432.0,156.0,-276.0,0.0,,,-276.0,-37.0,-313.0,0.0,0.0,-313.0,-313.0,,483.100006,-0.65,-0.65,0.13,483.100006,-0.65,-0.65,0.13,
09/30/2001,6529.0,,-5550.0,,979.0,,-597.0,,,,,382.0,-669.0,226.0,235.0,-9.0,0.0,,443.0,-287.0,45.0,-242.0,0.0,,,-242.0,-33.0,-275.0,0.0,0.0,-275.0,-275.0,,482.899994,-0.57,-0.57,0.14,482.899994,-0.57,-0.57,0.14,
12/31/2001,6254.0,,-5296.0,,958.0,,-635.0,,,,,323.0,-956.0,147.0,147.0,,0.0,,809.0,-633.0,96.0,-537.0,0.0,,,-537.0,-35.0,-572.0,0.0,0.0,-572.0,-572.0,,481.9,-1.19,-1.19,0.12,481.9,-1.19,-1.19,0.12,
03/31/2002,6038.0,,-4847.0,,1191.0,,-857.0,,,,,334.0,-195.0,205.0,,,0.0,,-10.0,139.0,-43.0,96.0,,,,96.0,-31.0,65.0,0.0,0.0,65.0,65.0,,482.299988,-2.31,0.13,0.12,484.299988,-2.31,0.13,0.12,
06/30/2002,6305.0,,-5262.0,,1043.0,,-557.0,,,,,486.0,-250.0,199.0,199.0,,0.0,,51.0,236.0,10.0,246.0,0.0,,,246.0,-31.0,215.0,0.0,0.0,215.0,215.0,,482.700012,0.45,0.45,0.35,484.700012,0.45,0.45,0.35,
09/30/2002,6343.0,,-5299.0,,1044.0,,-574.0,,,,,470.0,-202.0,186.0,186.0,,0.0,,16.0,268.0,-85.0,183.0,0.0,,,183.0,-38.0,145.0,0.0,0.0,145.0,145.0,,481.100006,0.3,0.3,0.32,482.299988,0.3,0.3,0.32,
12/31/2002,6290.0,,-5262.0,,1028.0,,-578.0,,,,,450.0,-722.0,193.0,193.0,,0.0,,529.0,-272.0,172.0,-100.0,0.0,,,-100.0,-30.0,-130.0,0.0,0.0,-130.0,-130.0,,479.6,-0.27,-0.27,0.33,479.6,-0.27,-0.27,0.33,
03/31/2003,5979.0,,-4826.0,,1153.0,,-821.0,,,,,332.0,-207.0,184.0,184.0,,0.0,,23.0,125.0,-37.0,88.0,7.0,,,81.0,-37.0,44.0,0.0,0.0,44.0,44.0,,479.0,0.09,0.1,0.135699,480.100006,0.09,0.1,0.135389,
06/30/2003,6158.0,,-4992.0,,1166.0,,-810.0,,,,,356.0,-276.0,194.0,194.0,,0.0,,82.0,80.0,40.0,120.0,-3.0,,,123.0,-35.0,88.0,0.0,0.0,88.0,88.0,,479.0,0.19,0.18,0.18,480.200012,0.19,0.18,0.18,
09/30/2003,6053.0,,-4905.0,,1148.0,,-793.0,,,,,355.0,-290.0,204.0,204.0,,,,86.0,65.0,66.0,131.0,-9.0,,,140.0,-18.0,122.0,,,122.0,122.0,,479.799988,0.25,0.23,0.23,481.799988,0.25,0.23,0.23,
12/31/2003,6467.0,,-5579.0,,888.0,,-563.0,,,,,325.0,-185.0,185.0,185.0,,0.0,,99.0,41.0,34.0,75.0,3.0,,,72.0,-24.0,48.0,0.0,0.0,48.0,48.0,,480.6,0.099875,0.106117,0.106117,482.3,0.099523,0.099523,0.043541,
03/31/2004,6364.0,,-5160.0,,1204.0,,-869.0,,,,,335.0,-210.0,196.0,196.0,,0.0,,14.0,125.0,-41.0,84.0,-3.0,,,87.0,-14.0,73.0,0.0,0.0,73.0,73.0,,484.399994,0.15,0.14,0.175,487.399994,0.15,0.14,0.174,
06/30/2004,6486.0,,-5175.0,,1311.0,,-828.0,,,,,483.0,-321.0,183.0,183.0,,0.0,,138.0,162.0,-28.0,134.0,-92.0,,,226.0,-33.0,193.0,0.0,0.0,193.0,193.0,,485.600006,0.4,0.21,0.41,488.200012,0.4,0.21,0.41,
09/30/2004,6016.0,,-4758.0,,1258.0,,-790.0,,,,,468.0,-135.0,180.0,180.0,,0.0,,-45.0,333.0,-113.0,220.0,685.0,,,-465.0,-5.0,-470.0,0.0,0.0,-470.0,-470.0,,486.399994,-0.97,0.44,0.44,509.0,-0.91,0.44,0.44,
12/31/2004,6603.0,,-5097.0,,1506.0,,-574.0,,,,,932.0,-747.0,,176.0,,,,571.0,185.0,-15.0,208.0,-12.0,,,182.0,-13.0,169.0,0.0,0.0,169.0,169.0,,486.9,0.35,0.32,0.43,489.0,0.35,0.32,0.43,
03/31/2005,5593.0,,-4481.0,,1112.0,,-739.0,494.0,,,245.0,373.0,-271.0,168.0,168.0,,0.0,,103.0,102.0,-2.0,100.0,21.0,,,79.0,-2.0,77.0,0.0,0.0,77.0,77.0,,486.1,0.16,0.2,0.34,486.1,0.16,0.2,0.34,
06/30/2005,5860.0,,-4747.0,,1113.0,,-721.0,,,,,392.0,-132.0,155.0,155.0,,0.0,,-23.0,260.0,-166.0,94.0,14.0,,,80.0,-3.0,77.0,0.0,0.0,77.0,77.0,-14.0,485.9,0.16,0.19,0.16,487.4,0.16,0.19,0.16,
09/30/2005,5925.0,,-4841.0,,1084.0,,-720.0,459.0,,,261.0,364.0,-5.0,121.0,121.0,0.0,0.0,,-116.0,359.0,377.0,736.0,-290.0,,,1026.0,-3.0,1023.0,0.0,0.0,1023.0,1023.0,,486.0,2.1,1.51,0.31,507.1,2.03,1.46,0.27,
12/31/2005,4322.0,,-3710.0,,612.0,,-671.0,,,,,-59.0,-376.0,,151.0,,0.0,,225.0,-435.0,198.0,-237.0,-161.0,,,-76.0,-1.0,-77.0,0.0,0.0,-77.0,-77.0,,486.0,-0.16,-0.49,-0.2,486.0,-0.16,-0.49,-0.2,
03/31/2006,5526.0,,-4535.0,,991.0,,-757.0,472.0,,,285.0,234.0,-1457.0,149.0,149.0,,0.0,,1308.0,-1223.0,16.0,-1207.0,24.0,,,-1231.0,-5.0,-1236.0,0.0,0.0,-1236.0,-1236.0,,486.3,-2.54,-2.49,0.12,486.3,-2.54,-2.49,0.12,
06/30/2006,5716.0,,-4608.0,,1108.0,,-733.0,457.0,,,276.0,375.0,-276.0,148.0,148.0,,0.0,,128.0,99.0,-33.0,66.0,-21.0,,,87.0,-4.0,83.0,0.0,0.0,83.0,83.0,,486.9,0.17,0.13,-0.44,487.2,0.17,0.13,-0.44,
09/30/2006,5429.0,,-4245.0,,1184.0,,-428.0,465.0,,,-37.0,756.0,-162.0,144.0,144.0,0.0,,,18.0,594.0,-204.0,390.0,161.0,,,229.0,-5.0,224.0,0.0,0.0,224.0,224.0,,482.5,0.47,0.81,0.46,484.9,0.46,0.8,0.45,
12/31/2006,5324.0,,-4233.0,,1091.0,,-1005.0,,,,,86.0,3632.0,-50.0,80.0,,0.0,,-3582.0,3718.0,-1668.0,2050.0,68.0,,,1982.0,-3.0,1979.0,0.0,0.0,1979.0,1979.0,,448.7,4.41,4.56,0.47,496.4,3.98,4.13,0.44,
03/31/2007,5217.0,,-4155.0,,1062.0,,-691.0,435.0,,,256.0,371.0,235.0,61.0,61.0,,,,-296.0,606.0,-143.0,463.0,23.0,,,440.0,-6.0,434.0,0.0,0.0,434.0,434.0,,445.3,0.98,1.03,0.46,448.4,0.97,1.02,0.45,
06/30/2007,5291.0,,-4197.0,,1094.0,,-695.0,441.0,,,254.0,399.0,-105.0,80.0,80.0,,0.0,,25.0,294.0,-89.0,205.0,10.0,,,195.0,-5.0,190.0,0.0,0.0,190.0,190.0,,428.0,0.44,0.46,0.52,431.2,0.44,0.46,0.52,
09/30/2007,5541.0,,-4405.0,,1136.0,,-701.0,455.0,,,246.0,435.0,-120.0,77.0,77.0,,,,43.0,315.0,-89.0,226.0,3.0,,,223.0,-6.0,217.0,0.0,0.0,217.0,217.0,,422.3,0.51,0.52,0.57,425.6,0.51,0.52,0.57,
12/31/2007,5841.0,,-4558.0,,1283.0,,-769.0,,,,,514.0,-75.0,79.0,79.0,,0.0,,-4.0,439.0,-94.0,345.0,11.0,,,334.0,-7.0,327.0,0.0,0.0,327.0,327.0,-45.0,423.8,0.78,0.8,0.69,423.8,0.78,0.8,0.69,
03/31/2008,5668.0,,-4261.0,,1407.0,0.0,-1087.0,472.0,,,615.0,320.0,-106.0,81.0,99.0,-18.0,0.0,,41.0,214.0,-59.0,155.0,17.0,,,138.0,-5.0,133.0,0.0,0.0,133.0,133.0,,420.6,0.32,0.36,0.45,423.3,0.31,0.35,0.44,
06/30/2008,5807.0,,-4305.0,,1502.0,0.0,-1109.0,459.0,,,650.0,393.0,-91.0,81.0,108.0,-27.0,,30.0,10.0,302.0,-97.0,235.0,1.0,,,234.0,-7.0,227.0,0.0,0.0,227.0,227.0,,421.1,0.54,0.54,0.56,422.6,0.54,0.54,0.56,
09/30/2008,6808.0,,-5202.0,,1606.0,0.0,-1197.0,507.0,,,690.0,409.0,-139.0,144.0,,,,,0.0,270.0,-118.0,152.0,,,,152.0,-3.0,149.0,0.0,0.0,149.0,149.0,,421.2,0.35,0.35,0.35,423.4,0.35,0.35,0.35,
12/31/2008,6546.0,,-4789.0,,1757.0,,-1494.0,,,,,263.0,-2183.0,,180.0,-12.0,0.0,,2015.0,-1920.0,112.0,-1808.0,-5.0,,,-1803.0,12.0,-1791.0,0.0,0.0,-1791.0,-1791.0,,421.1,-4.25,-4.22,0.63,422.2,-4.25,-4.22,0.63,
03/31/2009,5668.0,5668.0,-3731.0,3731.0,1937.0,0.0,-1255.0,500.0,500.0,343.0,412.0,682.0,-164.0,164.0,173.0,-9.0,,-27.0,0.0,518.0,-230.0,261.0,0.0,0.0,0.0,261.0,-4.0,257.0,,0.0,257.0,34.0,-223.0,423.1,0.61,0.61,0.080359,423.1,0.61,0.61,0.080359,
06/30/2009,5802.0,5802.0,-3781.0,3781.0,2021.0,0.0,-1328.0,508.0,508.0,367.0,453.0,693.0,-173.0,173.0,180.0,-7.0,,-32.0,0.0,520.0,-348.0,140.0,0.0,0.0,0.0,140.0,-4.0,136.0,,0.0,136.0,86.0,-50.0,425.3,0.32,0.32,0.20221,425.4,0.32,0.32,0.20221,
09/30/2009,5919.0,5919.0,-3758.0,3758.0,2161.0,0.0,-1403.0,527.0,527.0,378.0,498.0,758.0,-169.0,169.0,177.0,-8.0,,0.0,0.0,589.0,-212.0,377.0,0.0,0.0,0.0,377.0,-6.0,371.0,,0.0,371.0,157.0,-214.0,426.1,0.87,0.87,0.368458,428.7,0.87,0.87,0.368458,
12/31/2009,5977.0,5977.0,-3950.0,3950.0,2027.0,0.0,-2292.0,496.0,496.0,384.0,1412.0,-265.0,-163.0,163.0,172.0,-9.0,,10.0,0.0,-428.0,321.0,-97.0,0.0,0.0,0.0,-97.0,-4.0,-101.0,,0.0,-101.0,102.95,203.95,426.7,-0.24,-0.24,0.24127,426.7,-0.24,-0.24,0.23797,
03/31/2010,5807.0,5807.0,-4464.0,4464.0,1343.0,0.0,-1369.0,421.0,421.0,371.0,577.0,-26.0,-149.0,149.0,158.0,-9.0,,-2.0,0.0,-175.0,24.0,-153.0,0.0,0.0,0.0,-153.0,-9.0,-162.0,,0.0,-162.0,16.0,178.0,428.8,-0.38,-0.38,0.037313,428.8,-0.38,-0.38,0.035112,
06/30/2010,6121.0,6121.0,-4490.0,4490.0,1631.0,0.0,-1356.0,472.0,472.0,363.0,521.0,275.0,-157.0,157.0,164.0,-7.0,,7.0,7.0,118.0,-25.0,100.0,0.0,0.0,0.0,100.0,-7.0,93.0,0.0,0.0,93.0,181.7,88.7,429.6,0.22,0.22,0.422952,433.4,0.21,0.21,0.414661,
09/30/2010,6720.0,6720.0,-4758.0,4758.0,1962.0,0.0,-1263.0,504.0,504.0,362.0,397.0,699.0,-152.0,152.0,162.0,-10.0,,22.0,0.0,547.0,-170.0,399.0,0.0,0.0,0.0,399.0,-2.0,397.0,0.0,0.0,397.0,366.0,-31.0,430.1,0.92,0.92,0.850965,433.8,0.91,0.91,0.838538,
12/31/2010,6531.0,6531.0,-4770.0,4770.0,1761.0,0.0,-1279.0,533.0,533.0,360.0,386.0,482.0,-150.0,150.0,159.0,-9.0,,37.0,0.0,332.0,-50.0,319.0,0.0,0.0,0.0,319.0,-3.0,316.0,0.0,0.0,316.0,305.0,-11.0,434.7,0.74,0.74,0.701633,434.7,0.73,0.73,0.701633,
03/31/2011,6387.0,6387.0,-4625.0,4625.0,1762.0,0.0,-1258.0,485.0,485.0,340.0,433.0,504.0,-136.0,136.0,150.0,-14.0,,65.0,0.0,368.0,-123.0,310.0,-49.0,-49.0,0.0,359.0,-5.0,354.0,0.0,0.0,354.0,332.0,27.0,430.2,0.82,0.71,0.771734,433.8,0.81,0.7,0.762241,
06/30/2011,6648.0,6648.0,-4880.0,4880.0,1768.0,0.0,-1338.0,484.0,484.0,336.0,518.0,430.0,-137.0,137.0,150.0,-13.0,,52.0,0.0,293.0,-118.0,227.0,0.0,0.0,0.0,227.0,-8.0,219.0,0.0,0.0,219.0,333.0,114.0,428.6,0.51,0.51,0.776948,430.5,0.51,0.51,0.774808,
09/30/2011,6632.0,6632.0,-4793.0,4793.0,1839.0,0.0,-1328.0,477.0,477.0,335.0,516.0,511.0,-130.0,130.0,144.0,-14.0,,0.0,0.0,381.0,84.0,465.0,0.0,0.0,0.0,465.0,3.0,468.0,0.0,0.0,468.0,224.45,-243.55,432.3,1.08,1.08,0.5192,435.2,1.08,1.08,0.5192,
12/31/2011,6367.0,6367.0,-4662.0,4662.0,1705.0,0.0,-1151.0,441.0,441.0,321.0,389.0,554.0,-138.0,138.0,152.0,-14.0,,23.0,0.0,416.0,-154.0,285.0,0.0,0.0,0.0,285.0,-4.0,281.0,0.0,0.0,281.0,334.25,53.25,436.3,0.65,0.65,0.766101,436.3,0.65,0.65,0.766101,
03/31/2012,6655.0,6655.0,-4984.0,4984.0,1671.0,0.0,-1290.0,513.0,513.0,362.0,415.0,381.0,-168.0,168.0,183.0,-15.0,,44.0,0.0,213.0,-70.0,187.0,-5.0,-5.0,0.0,192.0,-4.0,188.0,,0.0,188.0,233.0,50.0,434.1,0.43,0.42,0.536743,438.6,0.43,0.42,0.533999,
06/30/2012,7077.0,7077.0,-5270.0,5270.0,1807.0,0.0,-1431.0,474.0,474.0,366.0,591.0,376.0,-172.0,172.0,179.0,-7.0,,-26.0,0.0,204.0,-57.0,121.0,-16.0,-16.0,0.0,137.0,-3.0,134.0,,0.0,134.0,201.0,83.0,434.8,0.31,0.27,0.462282,438.2,0.31,0.27,0.459411,
09/30/2012,7026.0,7026.0,-5140.0,5140.0,1886.0,0.0,-1403.0,527.0,527.0,383.0,493.0,483.0,-163.0,163.0,197.0,-34.0,,34.0,0.0,320.0,-130.0,224.0,-14.0,-14.0,0.0,238.0,-1.0,237.0,,0.0,237.0,331.0,108.0,435.1,0.54,0.51,0.760745,439.8,0.54,0.51,0.755566,
12/31/2012,7075.0,7075.0,-5193.0,5193.0,1882.0,0.0,-1426.0,578.0,578.0,375.0,473.0,456.0,-169.0,169.0,184.0,-15.0,,9.0,0.0,287.0,-74.0,222.0,-10.0,-10.0,0.0,232.0,3.0,235.0,0.0,0.0,235.0,269.882353,44.882353,441.5,0.54,0.52,0.611285,441.5,0.53,0.51,0.611285,
03/31/2013,7090.0,7090.0,-5220.0,5220.0,1870.0,0.0,-1476.0,567.0,567.0,379.0,530.0,394.0,-164.0,164.0,177.0,-13.0,,-10.0,0.0,230.0,69.0,289.0,-26.0,-26.0,0.0,315.0,3.0,318.0,,0.0,318.0,243.0,-49.0,441.5,0.72,0.66,0.550396,446.1,0.71,0.65,0.540159,
06/30/2013,7335.0,7335.0,-5414.0,5414.0,1921.0,0.0,-1390.0,515.0,515.0,396.0,479.0,531.0,-168.0,168.0,181.0,-13.0,,-36.0,0.0,363.0,-94.0,233.0,-24.0,-24.0,0.0,257.0,2.0,259.0,0.0,0.0,259.0,237.0,2.0,444.9,0.58,0.53,0.532704,448.5,0.57,0.52,0.524459,
09/30/2013,5975.0,5975.0,-4048.0,4048.0,1927.0,0.0,-1378.0,473.0,473.0,397.0,508.0,549.0,-146.0,146.0,161.0,-15.0,,16.0,0.0,403.0,-38.0,381.0,5.0,5.0,0.0,376.0,6.0,382.0,0.0,0.0,382.0,438.65,51.65,445.9,0.86,0.87,0.983741,449.7,0.85,0.86,0.974854,
12/31/2013,5848.0,5848.0,-4040.0,4040.0,1808.0,0.0,-1435.0,444.0,444.0,367.0,624.0,373.0,-134.0,134.0,150.0,-16.0,,-9.0,0.0,239.0,559.0,789.0,359.0,359.0,0.0,430.0,6.0,436.0,0.0,0.0,436.0,690.0,-105.0,440.40404,0.99,1.8,1.566743,445.3,0.98,1.78,1.544204,
03/31/2014,5724.0,5724.0,-4034.0,4034.0,1690.0,0.0,-1686.0,428.0,428.0,347.0,911.0,4.0,-143.0,143.0,164.0,-21.0,,-33.0,0.0,-139.0,80.0,-92.0,7.0,7.0,0.0,-99.0,4.0,-95.0,0.0,0.0,-95.0,270.7496,358.7496,435.6,-0.21,-0.2,0.621556,435.6,-0.21,-0.2,0.621556,
06/30/2014,5899.0,5899.0,-4060.0,4060.0,1839.0,0.0,-1523.0,436.0,436.0,355.0,732.0,316.0,-164.0,164.0,176.0,-12.0,,41.0,0.0,152.0,-22.0,171.0,13.0,13.0,0.0,158.0,3.0,161.0,0.0,0.0,161.0,383.7,209.7,428.9,0.37,0.4,0.894614,432.1,0.37,0.4,0.885304,
09/30/2014,6051.0,6051.0,-4055.0,4055.0,1996.0,0.0,-1286.0,467.0,467.0,358.0,461.0,710.0,-158.0,158.0,172.0,-14.0,,-72.0,0.0,552.0,-147.0,333.0,-16.0,-16.0,0.0,349.0,6.0,355.0,0.0,0.0,355.0,393.0,54.0,425.3,0.84,0.8,0.924054,428.6,0.83,0.79,0.915992,
12/31/2014,5943.0,5943.0,-4105.0,4105.0,1838.0,0.0,-1389.0,462.0,462.0,346.0,581.0,449.0,-142.0,142.0,165.0,-23.0,,-136.0,0.0,307.0,-34.0,137.0,9.0,9.0,0.0,128.0,6.0,134.0,0.0,0.0,134.0,195.25,52.25,424.9,0.32,0.34,0.45952,424.9,0.32,0.34,0.45952,
03/31/2015,5517.0,5517.0,-3844.0,3844.0,1673.0,0.0,-1130.0,406.0,406.0,323.0,401.0,543.0,-137.0,137.0,159.0,-22.0,,35.0,0.0,406.0,-130.0,311.0,0.0,0.0,0.0,311.0,2.0,313.0,0.0,0.0,313.0,355.37,42.37,421.2,0.74,0.74,0.843708,423.7,0.74,0.74,0.84,
06/30/2015,5714.0,5714.0,-3968.0,3968.0,1746.0,0.0,-1336.0,403.0,403.0,328.0,605.0,410.0,-144.0,144.0,164.0,-20.0,,62.0,0.0,266.0,-110.0,218.0,0.0,0.0,0.0,218.0,9.0,227.0,0.0,0.0,227.0,476.0,249.0,420.0,0.54,0.54,1.133333,421.9,0.54,0.54,1.130187,
09/30/2015,5691.0,5691.0,-3891.0,3891.0,1800.0,0.0,-1330.0,417.0,417.0,329.0,584.0,470.0,-141.0,141.0,158.0,-17.0,,-13.0,0.0,329.0,-106.0,210.0,0.0,0.0,0.0,210.0,10.0,220.0,0.0,0.0,220.0,430.0,210.0,415.09434,0.53,0.53,1.035909,417.5,0.53,0.53,1.032994,
12/31/2015,5443.0,5443.0,-3765.0,3765.0,1678.0,0.0,-1280.0,419.0,419.0,314.0,547.0,398.0,-133.0,133.0,163.0,-30.0,,33.0,0.0,265.0,-120.0,178.0,0.0,0.0,0.0,178.0,0.0,178.0,0.0,0.0,178.0,482.2,304.2,413.953488,0.43,0.43,1.164865,416.3,0.43,0.43,1.160723,
03/31/2016,5110.0,5110.0,-3611.0,3611.0,1499.0,0.0,-1059.0,376.0,376.0,284.0,399.0,440.0,-123.0,123.0,160.0,-37.0,,63.0,0.0,317.0,-41.0,339.0,5.0,5.0,0.0,334.0,0.0,334.0,0.0,0.0,334.0,303.0,-36.0,410.8,0.81,0.82,0.737585,414.0,0.81,0.82,0.733043,
06/30/2016,5322.0,5322.0,-4112.0,4112.0,1210.0,0.0,-1095.0,386.0,386.0,301.0,408.0,115.0,-129.0,129.0,172.0,-43.0,,45.0,0.0,-14.0,9.0,40.0,0.0,0.0,0.0,40.0,0.0,40.0,0.0,0.0,40.0,350.0,310.0,411.2,0.1,0.1,0.851167,414.7,0.1,0.1,0.847528,
09/30/2016,5266.0,5266.0,-3622.0,3622.0,1644.0,0.0,-1139.0,380.0,380.0,314.0,445.0,505.0,-132.0,132.0,181.0,-49.0,,43.0,0.0,373.0,-107.0,309.0,0.0,0.0,0.0,309.0,3.0,312.0,0.0,0.0,312.0,354.0,42.0,411.2,0.76,0.76,0.860895,415.3,0.75,0.75,0.851132,
12/31/2016,5000.0,5000.0,-3544.0,3544.0,1456.0,0.0,-1077.0,409.0,409.0,302.0,366.0,379.0,-135.0,135.0,182.0,-47.0,,47.0,0.0,244.0,-96.0,195.0,-24.0,-24.0,0.0,219.0,-1.0,218.0,0.0,0.0,218.0,233.0,39.0,415.6,0.53,0.47,0.560635,415.6,0.53,0.47,0.560635,
03/31/2017,5132.0,5132.0,-3638.0,3638.0,1494.0,0.0,-1097.0,393.0,393.0,320.0,384.0,397.0,-180.0,142.0,187.0,-45.0,,48.0,38.0,217.0,-73.0,192.0,-17.0,-17.0,0.0,209.0,0.0,209.0,0.0,0.0,209.0,211.0,19.0,412.1,0.51,0.47,0.512012,416.0,0.5,0.46,0.505673,
06/30/2017,5383.0,5383.0,-3749.0,3749.0,1634.0,0.0,-1474.0,393.0,393.0,334.0,747.0,160.0,-183.0,137.0,186.0,-49.0,,20.0,46.0,-23.0,87.0,84.0,4.0,4.0,0.0,80.0,0.0,80.0,0.0,0.0,80.0,294.0,210.0,412.9,0.19,0.2,0.712037,416.4,0.19,0.2,0.704323,
09/30/2017,5517.0,5517.0,-3713.0,3713.0,1804.0,0.0,-1146.0,401.0,401.0,350.0,395.0,658.0,-201.0,152.0,198.0,-46.0,,45.0,49.0,457.0,-136.0,366.0,-29.0,-29.0,0.0,395.0,0.0,395.0,0.0,0.0,395.0,399.1,33.1,412.9,0.96,0.89,0.966578,417.4,0.95,0.88,0.9593,
12/31/2017,5711.0,5711.0,-4086.0,4086.0,1625.0,0.0,-1287.0,447.0,447.0,339.0,501.0,338.0,-141.0,141.0,187.0,-46.0,,64.0,0.0,197.0,1207.0,1468.0,8.0,8.0,0.0,1460.0,0.0,1460.0,0.0,0.0,1460.0,602.0,-866.0,412.4,3.54,3.56,1.459748,417.8,3.5,3.52,1.447238,
03/31/2018,5621.0,5621.0,-3948.0,3948.0,1673.0,0.0,-1178.0,421.0,421.0,325.0,432.0,495.0,-139.0,135.0,180.0,-45.0,,95.0,4.0,356.0,-89.0,362.0,-368.0,-368.0,0.0,730.0,-1.0,729.0,0.0,0.0,729.0,392.0,31.0,413.5,1.76,0.87,0.948005,418.2,1.74,0.86,0.934127,
06/30/2018,5833.0,5833.0,-3922.0,3922.0,1911.0,0.0,-1252.0,451.0,451.0,330.0,471.0,659.0,-169.0,133.0,183.0,-50.0,,70.0,36.0,490.0,-130.0,430.0,23.0,23.0,0.0,407.0,-2.0,405.0,0.0,0.0,405.0,501.0,73.0,413.2,0.98,1.03,1.212488,417.7,0.97,1.02,1.194767,
09/30/2018,5901.0,5901.0,-3887.0,3887.0,2014.0,0.0,-1303.0,405.0,405.0,335.0,563.0,711.0,-158.0,133.0,184.0,-51.0,,92.0,25.0,553.0,-83.0,562.0,0.0,0.0,0.0,562.0,0.0,562.0,0.0,0.0,562.0,622.0,60.0,407.4,1.38,1.38,1.526755,411.4,1.37,1.37,1.515843,
12/31/2018,5951.0,5951.0,-3798.0,3798.0,2153.0,0.0,-1207.0,446.0,446.0,338.0,423.0,946.0,-564.0,135.0,187.0,-52.0,,79.0,429.0,382.0,-143.0,318.0,0.0,0.0,0.0,318.0,-2.0,316.0,0.0,0.0,316.0,681.0,365.0,406.6,0.79,0.79,1.674865,406.6,0.78,0.78,1.674865,
03/31/2019,5643.0,5643.0,-3929.0,3929.0,1714.0,0.0,-1153.0,413.0,413.0,315.0,425.0,561.0,-143.0,133.0,184.0,-51.0,,114.0,10.0,418.0,-106.0,426.0,0.0,0.0,0.0,426.0,-2.0,424.0,0.0,0.0,424.0,439.0,15.0,400.5,1.06,1.06,1.09613,403.2,1.05,1.05,1.087202,
06/30/2019,5667.0,5667.0,-3901.0,3901.0,1766.0,0.0,-1302.0,402.0,402.0,321.0,579.0,464.0,-130.0,122.0,177.0,-55.0,,80.0,8.0,334.0,-128.0,286.0,0.0,0.0,0.0,286.0,6.0,292.0,0.0,0.0,292.0,470.0,178.0,396.1,0.74,0.74,1.186569,398.2,0.73,0.73,1.177012,
09/30/2019,5568.0,5568.0,-3772.0,3772.0,1796.0,0.0,-1212.0,387.0,387.0,327.0,498.0,584.0,-132.0,123.0,177.0,-54.0,,27.0,9.0,452.0,-137.0,342.0,0.0,0.0,0.0,342.0,2.0,344.0,0.0,0.0,344.0,426.0,82.0,392.6,0.88,0.88,1.085074,395.4,0.87,0.87,1.077385,
12/31/2019,5498.0,5498.0,-3666.0,3666.0,1832.0,0.0,-1310.0,445.0,445.0,343.0,522.0,522.0,-122.0,113.0,168.0,-55.0,,29.0,9.0,400.0,-263.0,166.0,0.0,0.0,0.0,166.0,-1.0,165.0,0.0,0.0,165.0,425.0,260.0,392.1,0.42,0.42,1.083907,395.6,0.42,0.42,1.07723,
03/31/2020,5352.0,5352.0,-3746.0,3746.0,1606.0,0.0,-1511.0,418.0,418.0,323.0,770.0,95.0,-111.0,117.0,163.0,-46.0,,-31.0,-6.0,-16.0,-94.0,-141.0,0.0,0.0,0.0,-141.0,0.0,-141.0,0.0,0.0,-141.0,231.0,372.0,392.6,-0.36,-0.36,0.588385,392.6,-0.36,-0.36,0.587529,
06/30/2020,4866.0,4866.0,-3427.0,3427.0,1439.0,0.0,-1076.0,332.0,332.0,312.0,432.0,363.0,-102.0,116.0,156.0,-40.0,,72.0,-14.0,261.0,-67.0,266.0,0.0,0.0,0.0,266.0,0.0,266.0,0.0,0.0,266.0,339.91,73.91,393.1,0.67,0.67,0.864691,393.1,0.67,0.67,0.858018,
09/30/2020,4984.667,,,,1383.2450925,,,,,,,297.25,,,,,,,,183.75,,181.25,,,,,,181.25,,,181.25,180.375,,,0.446,0.446,0.479,,0.446,0.446,0.479,
12/31/2020,5096.667,,,,1546.8384345,,,,,,,377.5,,,,,,,,260.75,,252.75,,,,,,252.75,,,252.75,247.25,,,0.608,0.608,0.638,,0.608,0.608,0.638,
