Date,Revenue,Sales & Services Revenue,Other Revenue,Cost of Revenue,Cost of Goods & Services,Gross Profit,Other Operating Income,Operating Expenses,"Selling, General & Admin",Research & Development,Depreciation & Amortization,Other Operating Expense,Operating Income (Loss),Non-Operating (Income) Loss,"Interest Expense, Net",Interest Expense,Interest Income,Foreign Exch (Gain) Loss,(Income) Loss from Affiliates,Other Non-Op (Income) Loss,Pretax Income,Income Tax Expense (Benefit),Income (Loss) from Cont Ops,Net Extraordinary Losses (Gains),Discontinued Operations,XO & Accounting Changes,Income (Loss) Incl. MI,Minority Interest,"Net Income, GAAP",Preferred Dividends,Other Adjustments,"Net Income Avail to Common, GAAP","Net Income Avail to Common, Adj",Net Abnormal Losses (Gains),Basic Weighted Avg Shares,"Basic EPS, GAAP",Basic EPS from Cont Ops,"Basic EPS from Cont Ops, Adjusted",Diluted Weighted Avg Shares,"Diluted EPS, GAAP",Diluted EPS from Cont Ops,"Diluted EPS from Cont Ops, Adjusted",Source: Bloomberg
06/30/1993,31.392,,,-9.471,,21.921,,-18.046,,,,,3.875,0.021,,0.103,,,,-0.124,3.896,-1.645,2.251,0.765,,,1.486,0.0,1.486,-0.984,,0.502,0.502,,68.568001,0.02125,0.0325,,68.568001,0.02125,0.0325,0.0325,
09/30/1993,32.446999,,,,,,,,,,,,,,,,,,,,,,,,,,,,1.425,-0.984,,0.441,0.441,,68.0,0.0075,0.0075,,68.0,0.0075,0.0075,0.0075,
12/31/1993,40.084,,,-13.398,,26.686,,-19.084,,,,,7.602,0.01,,0.176,,,,-0.186,7.612,-3.425,4.187,0.0,,,4.187,0.0,4.187,-0.152,,4.035,4.035,,90.143997,0.045,0.045,,90.143997,0.045,0.045,0.045,
03/31/1994,38.451,,,-12.782,,25.669001,,-18.650999,,,,,7.018,-0.039,,0.247,,,,-0.208,6.979,-3.144,3.835,0.0,,,3.835,0.0,3.835,0.0,,3.835,3.835,,92.344002,0.04125,0.04125,,92.344002,0.04125,0.04125,0.04125,
06/30/1994,44.469002,,,-14.673,,29.796001,,-23.150999,,,,,6.645,-0.014,,0.245,,,,-0.231,6.631,-3.01,3.621,0.0,,,3.621,0.0,3.621,0.0,,3.621,3.621,,92.152,0.03875,0.03875,,92.152,0.03875,0.03875,0.03875,
09/30/1994,45.998001,,,-14.718,,31.280001,,-25.188,,,,,6.092,-0.013,,,,,,0.013,6.079,-2.801,3.946,0.0,,,3.278,0.0,3.484,0.0,,3.484,3.484,,93.571999,0.0375,0.0375,,93.571999,0.0375,0.0375,0.0375,
12/31/1994,54.827999,,,-26.896,,27.931999,,-31.104,,,,,-3.172,16.813,,,,,,-16.813,13.641,-6.006,7.635,0.0,,,7.635,0.0,7.635,0.0,,7.635,7.635,,93.068001,0.08,0.08,,93.068001,0.08,0.08,0.08,
03/31/1995,54.161999,,,-24.202999,,29.959,,-29.238001,,,,,0.721,11.74,,,,0.0,,-11.74,12.461,-5.184,7.277,0.0,,,7.277,0.0,7.277,0.0,,7.277,7.277,,93.884003,0.08,0.08,,93.884003,0.08,0.08,0.08,
06/30/1995,60.240002,,,-30.458,,29.782001,,-33.030998,,,,,-3.249,16.837,,,,,,-16.837,13.588,-6.114,7.474,0.0,,,7.474,0.0,7.474,0.0,,7.474,7.474,,95.372002,0.08,0.08,0.08,95.372002,0.08,0.08,0.08,
09/30/1995,66.637001,,,-31.118,,35.519001,,-36.557999,,,,,-1.039,7.36,,,,,,-7.36,6.321,-3.644,2.677,0.0,,,2.677,0.098,2.775,0.0,,2.775,2.775,,93.099998,0.065,0.065,,93.099998,0.065,0.065,0.065,
12/31/1995,96.473999,,,-37.077999,,59.396,,-38.396,,,,,21.0,-0.863,,,,0.0,,0.863,20.137,-8.669,11.468,0.0,,,11.468,0.025,11.493,0.0,,11.493,11.493,,97.491997,0.12,0.12,0.13,97.491997,0.12,0.12,0.13,
03/31/1996,90.834,,,-34.146999,,56.687,,-36.965,,,,,19.722,0.827,,,,0.0,,-0.827,20.549,-8.837,11.712,0.0,,,11.712,0.0,11.712,0.0,,11.712,11.712,,99.293999,0.12,0.12,0.12,99.293999,0.12,0.12,0.12,
06/30/1996,97.405998,,,-38.966999,,58.438999,,-37.236,,,,,21.202999,0.939,,,,0.0,,-0.939,22.141999,-9.521,12.621,0.0,,,12.620999,0.0,12.621,0.0,,12.621,12.621,,100.094002,0.13,0.13,0.13,100.094002,0.13,0.13,0.13,
09/30/1996,109.957001,,,-42.790001,,67.167,,-44.755001,,,,,22.412001,-32.134998,,,,0.0,,32.134998,-9.722998,-9.665,-19.388,0.0,,,-19.387998,0.0,-19.388,0.0,,-19.388,-19.388,,100.918999,-0.19,-0.19,0.13,100.918999,-0.19,-0.19,0.13,
12/31/1996,125.366997,,,-50.522999,,74.843998,,-43.325001,,,,,31.518999,1.316,,0.0,,0.0,,-1.316,32.834999,-13.793,19.042,0.0,,,19.041999,0.0,19.042,0.0,,19.042,19.042,,93.327003,0.2,0.2,0.2,101.950996,0.19,0.19,0.19,
03/31/1997,119.125,,,-45.282001,,73.842999,,-44.223,,,,,29.620001,1.754,,0.0,,0.0,,-1.754,31.374001,-13.174,18.200001,0.0,,,18.200001,0.0,18.200001,0.0,,18.200001,18.200001,,94.260002,0.19,0.19,0.19,101.822998,0.18,0.18,0.18,
06/30/1997,126.348999,,,-48.451,,77.897999,,-49.056,,,,,28.841999,2.157,,0.0,,0.0,,-2.157,30.998999,-12.544,18.455,0.0,,,18.454999,0.0,18.455,0.0,,18.455,18.455,,95.325996,0.19,0.19,0.19,102.653,0.18,0.18,0.18,
09/30/1997,140.397995,,,-58.558998,,81.838997,,-55.207001,,,,,26.632,2.033,,0.0,,0.0,,-2.033,28.665,-11.232,17.433001,0.0,,,17.433,0.0,17.433001,0.0,,17.433001,17.433001,,96.216003,0.18,0.18,0.18,103.446999,0.17,0.17,0.17,
12/31/1997,162.667007,,,-66.403,,96.264008,,-55.118999,,,,,41.145,2.202,,0.0,,0.0,,-2.202,43.347,-17.702999,25.643999,0.0,,,25.644001,0.0,25.643999,0.0,,25.643999,25.643999,,97.837997,0.26,0.26,0.26,104.412003,0.25,0.25,0.25,
03/31/1998,149.565002,,,-52.158001,,97.407001,,-57.210999,,,,,40.195999,-6.664,,0.0,,0.0,,6.664,33.531999,-13.433,20.099001,0.0,,,20.099,0.0,20.099001,0.0,,20.099001,20.099001,,99.515999,0.2,0.2,0.26,105.486,0.19,0.19,0.23,
06/30/1998,160.992004,,,-62.861,,98.131004,,-62.668999,,,,,35.462002,2.2,,0.0,,0.0,,-2.2,37.662002,-14.68,22.982,0.0,,,22.982002,0.0,22.982,0.0,,22.982,22.982,,101.272003,0.23,0.23,0.23,106.476997,0.22,0.22,0.22,
09/30/1998,168.733002,,,-66.490997,,102.242004,,-68.195,,,,,34.047001,2.533,,0.0,,0.0,,-2.533,36.580001,-16.958,19.622,0.0,,,19.622001,0.0,19.622,0.0,,19.622,19.622,,101.511002,0.19,0.19,0.23,105.936996,0.19,0.19,0.23,
12/31/1998,190.380005,,,-79.349998,,111.030006,,-65.288002,,,,,45.742001,2.476,,,-2.476,0.0,,0.0,48.218001,-18.129999,30.087999,0.0,,,30.088001,0.0,30.087999,0.0,,30.087999,30.087999,,101.478996,0.3,0.3,0.3,104.515999,0.29,0.29,0.29,
03/31/1999,171.328003,,,-60.376999,,110.951004,,-66.915001,,,,,44.035999,-1.826,,,-2.6,0.0,,4.426,42.209999,-13.369,28.841,0.0,,,28.840999,0.0,28.841,0.0,,28.841,28.841,,103.535004,0.28,0.28,0.28,210.339996,0.27,0.27,0.27,
06/30/1999,185.658005,,,-74.427002,,111.231003,,-71.595001,,,,,39.636002,1.074,,,-2.572,0.0,,1.498,40.710002,-14.294,26.416,0.0,,,26.416002,0.0,26.416,0.0,,26.416,26.416,,104.228996,0.25,0.25,0.26,106.837997,0.25,0.25,0.26,
09/30/1999,186.867996,,,-74.899002,,111.968994,,-110.388,,,,,1.581,6.528,,,-0.604,0.0,,-5.924,8.109,-5.183,2.926,0.0,,,2.926,0.0,2.926,0.0,,2.926,2.926,,99.573997,0.03,0.03,0.2,101.802002,0.03,0.03,0.2,
12/31/1999,222.897,,,-97.418,,125.479,0.0,-94.509,79.518,,,14.991,30.97,-4.991,5.0,5.7,-0.7,0.0,,-0.009,25.979,-9.517,16.462,0.0,,,16.462,0.0,16.462,0.0,0.0,16.462,16.462,,88.537,0.185934,0.185934,0.246,90.672,0.181555,0.181555,0.235,
03/31/2000,193.318,,,-87.796,,105.522,,-92.66,,,,,12.862,7.147,5.716,6.192,-0.476,0.0,,-12.863,20.009,-8.805,11.204,8.417,,,2.787,0.0,2.787,0.0,0.0,2.787,2.787,2.03,87.04,0.03,0.13,0.15,90.512,0.03,0.12,0.14,
06/30/2000,220.825,,,-102.965,,117.86,,-97.774,,,,,20.086,-0.304,6.084,7.397,-1.313,0.5,,-6.28,19.782,-7.912,11.87,9.488,,,2.382,0.0,2.382,0.0,0.0,2.382,2.382,-6.262,86.291,0.03,0.14,0.09,88.757,0.03,0.13,0.08,
09/30/2000,219.87,,,-108.802,,111.068,,-110.715,,,,,0.353,-2.269,,0.0,,0.0,,2.269,-1.916,-1.276,3.898,0.0,,,-3.192,0.0,3.898,0.0,0.0,3.898,3.898,,86.074,0.05,0.05,0.05,88.396,0.05,0.05,0.05,
12/31/2000,260.095,,,-135.075,,125.02,0.0,-112.372,93.339,,,19.033,12.648,-1.515,5.133,5.511,-0.378,0.0,,-3.618,11.133,-7.236,3.897,0.0,,,3.897,0.0,3.897,0.0,0.0,3.897,3.897,,86.048,0.05,0.05,-0.01,86.816,0.04,0.04,-0.02,
03/31/2001,224.756,,,-109.136,,115.62,,-108.624,,,,,6.996,-9.19,5.355,5.861,-0.506,0.0,,3.835,-2.194,0.812,-1.382,52.198,,,-53.58,0.0,-53.58,0.0,0.0,-53.58,-53.58,0.507,86.551,-0.62,-0.02,-0.01,86.87,-0.62,-0.02,-0.01,
06/30/2001,247.566,,,-112.701,,134.865,,-107.24,,,,,27.625,-48.399,5.262,5.52,-0.258,-0.1,,43.237,-20.774,10.555,-10.219,-1.765,,,-8.454,0.0,-8.454,0.0,0.0,-8.454,-8.454,15.524,86.341,-0.1,-0.12,0.06,86.341,-0.1,-0.12,0.06,
09/30/2001,219.625,,,-82.717003,,136.907997,,-95.099998,,,,,41.807999,-39.365001,,5.499,-0.43,0.0,,34.296001,2.442998,5.041,7.484,15.55,,,-8.066002,0.0,-8.066,0.0,0.0,-8.066,-8.066,,84.511002,-0.1,0.09,0.29,84.511002,-0.1,0.09,0.29,
03/31/2002,201.095001,,,-88.341003,,112.753998,,-96.878998,,,,,15.875,-22.515001,,5.631,-0.3,0.0,,17.184001,-6.640001,2.324,-4.316,0.0,,,-4.316001,0.0,-4.316,0.0,0.0,-4.316,-4.316,,84.612999,-0.05,-0.05,0.113,132.966995,-0.05,-0.05,0.07,
06/30/2002,236.156998,,,-106.044998,,130.112,,-95.433998,,,,,34.678001,-7.362,,5.74,-0.458,0.0,,2.08,27.316002,-9.061,18.254999,0.0,,,18.255002,0.0,18.254999,0.0,0.0,18.254999,18.254999,,83.719002,0.22,0.22,0.23,132.298996,0.16,0.16,0.17,
09/30/2002,220.526993,,,-93.502998,,127.023994,,-97.903,,,,,29.121,-5.491,,5.893,-0.575,0.0,,0.173,23.63,-8.034,15.596,0.0,,,15.596,0.0,15.596,0.0,0.0,15.596,15.596,,82.129997,0.19,0.19,0.19,129.210007,0.15,0.15,0.15,
12/31/2002,229.813995,,,-108.599998,,121.213997,,-101.933998,,,,,19.280001,-39.302001,,5.942,-0.635,0.0,,33.995001,-20.022,5.604,-14.418,0.0,,,-14.418,0.0,-14.418,0.0,0.0,-14.418,-14.418,,81.378998,-0.18,-0.18,0.11,81.378998,-0.18,-0.18,0.11,
03/31/2003,204.281998,,,-102.333,,101.948997,,-93.329002,,,,,8.62,-10.877,,6.047,-0.435,,,5.265,-2.257,0.745,-1.512,0.0,,,-1.512,0.0,-1.512,0.0,0.0,-1.512,-1.512,,80.491997,-0.02,-0.02,0.065,128.595993,-0.02,-0.02,0.04,
06/30/2003,213.317993,,,-103.440002,,109.877991,,-90.031998,,,,,19.846001,-0.09,,6.136,-0.594,,,-5.452,19.756001,-6.902,12.854,0.0,,,12.854001,0.0,12.854,0.0,0.0,12.854,12.854,,79.234001,0.16,0.16,0.13,127.959,0.13,0.13,0.1,
09/30/2003,196.904007,,,-94.377998,,102.526009,,-88.535004,,,,,13.991,-5.82,,6.305,-0.531,,,0.046,8.171,-2.697,5.474,0.0,,,5.474,0.0,5.474,0.0,0.0,5.474,5.474,,78.026001,0.07,0.07,0.07,128.934006,0.07,0.07,0.07,
12/31/2003,243.942001,,,-110.514999,,133.427002,,-98.302002,,,,,35.125,-25.239001,,0.914,-0.736,,,25.061001,9.885999,-3.009,6.877,0.0,,,6.876999,0.0,6.877,0.0,0.0,6.877,6.877,,126.087997,0.05,0.05,0.18,129.826004,0.05,0.05,0.18,
03/31/2004,208.667007,,,-95.475998,,113.19101,,-95.767998,,,,,17.423,-14.1,,,,,,14.1,3.323,-2.859,0.464,0.0,,,0.464,0.0,0.464,0.0,0.0,0.464,0.464,,130.311005,0.0,0.0,0.09,133.179993,0.0,0.0,0.09,
06/30/2004,227.856995,,,-114.386002,,113.470993,,-97.684998,,,,,15.786,0.066,,,,,,-0.066,15.852,-4.824,11.028,0.0,,,11.028,0.0,11.028,0.0,0.0,11.028,11.028,,132.128998,0.08,0.08,0.12,135.335007,0.08,0.08,0.12,
09/30/2004,201.888,,,-100.195999,,101.692001,,-91.882004,,,,,9.81,-7.308,,,,,,7.308,2.502,-2.342,0.16,0.0,,,0.16,0.0,0.16,0.0,0.0,0.16,0.16,,121.766998,0.0,0.0,0.05,124.318001,0.0,0.0,0.05,
12/31/2004,255.409,,,-124.441,,130.968,,-102.2,,,,,28.768,-16.284,,,,,,16.284,12.484,-7.489,4.995,0.0,,,4.995,0.0,4.995,0.0,0.0,4.995,4.995,,110.279,0.05,0.05,0.15,112.402,0.04,0.04,0.14,
03/31/2005,199.824,,,-95.278,,104.546,,-97.653,,,,,6.893,-24.434,1.345,,,0.0,,23.089,-17.541,2.834,-14.707,0.0,,,-14.707,0.0,-14.707,0.0,0.0,-14.707,-14.707,18.219,111.324,-0.13,-0.13,0.03,112.416,-0.13,-0.13,0.03,
06/30/2005,274.569,,,-140.517,,134.052,0.0,-112.52,102.727,,,9.793,21.532,-22.033,3.318,,,0.0,,18.715,-0.501,-0.318,-0.819,0.0,,,-0.819,0.0,-0.819,0.0,0.0,-0.819,-0.819,,111.88,-0.01,-0.01,0.12,111.88,-0.01,-0.01,0.12,
09/30/2005,225.311,,,-112.104,,113.207,0.0,-103.995,94.33,,,9.665,9.212,-11.285,3.12,,,0.0,,8.165,-2.073,0.352,-1.721,0.0,,,-1.721,0.0,-1.721,0.0,0.0,-1.721,-1.721,,112.542,-0.02,-0.02,0.06,112.542,-0.02,-0.02,0.06,
12/31/2005,289.3,,,-138.712,,150.588,,-118.812,,,,,31.776,-0.792,3.289,,-2.142,0.0,,2.934,30.984,-10.743,14.81,0.0,,,20.241,0.0,14.81,0.0,0.0,14.81,14.81,,113.27,0.13,0.13,0.16,115.56,0.13,0.13,0.16,
03/31/2006,230.929,,,-105.349,,125.58,,-108.51,,,,,17.07,-6.507,4.363,4.363,,0.0,,2.144,10.563,-2.793,7.77,0.0,,,7.77,0.0,7.77,0.0,0.0,7.77,7.77,5.107,113.769,0.07,0.07,0.11,115.798,0.07,0.07,0.11,
06/30/2006,284.093,,,-137.283,,146.81,,-116.215,,,,,30.595,-4.306,4.479,4.479,,0.0,,-0.173,26.289,-8.045,18.244,0.0,,,18.244,0.0,18.244,0.0,0.0,18.244,18.244,2.372,113.525,0.16,0.16,0.18,115.743,0.16,0.16,0.18,
09/30/2006,241.36,,,-116.259,,125.101,,-109.138,,,,,15.963,-4.389,3.848,,,0.0,,0.541,11.574,-1.966,9.608,0.0,,,9.608,0.0,9.608,0.0,0.0,9.608,9.608,,113.523,0.08,0.08,0.08,116.255,0.08,0.08,0.08,
12/31/2006,303.939,,,-146.439,,157.5,,-115.958,,,,,41.542,-4.096,3.891,3.891,,0.0,,0.205,37.446,-14.873,22.573,0.0,,,22.573,0.0,22.573,0.0,0.0,22.573,22.573,0.272,111.498,0.2,0.2,0.2,115.693,0.2,0.2,0.2,
03/31/2007,264.197,,,-123.713,,140.484,,-122.01,,,,,18.474,-6.301,6.263,6.263,,0.0,,0.038,12.173,-3.981,8.192,0.0,,,8.192,0.0,8.192,0.0,0.0,8.192,8.192,0.36,103.521,0.08,0.08,0.08,108.263,0.08,0.08,0.08,
06/30/2007,292.848,,,-136.842,,156.006,,-135.567,,,,,20.439,-3.584,5.398,,,0.0,,-1.814,16.855,-4.876,11.979,-2.069,,,14.048,0.0,14.048,0.0,0.0,14.048,14.048,,104.259,0.13,0.11,0.11,109.571,0.13,0.11,0.11,
09/30/2007,268.274,,,-124.071,,144.203,,-121.677,,,,,22.526,-4.92,5.223,,,0.0,,-0.303,17.606,-5.943,11.663,-0.831,,,12.494,0.0,12.494,0.0,0.0,12.494,12.494,,104.728,0.12,0.11,0.11,109.197,0.11,0.1,0.1,
12/31/2007,343.156,,,-146.538,,196.618,,-129.595,,,,,67.023,-4.156,5.27,5.27,,0.0,,-1.114,62.867,-24.82,38.047,-0.772,,,38.819,0.0,38.819,0.0,0.0,38.819,38.819,0.29705,101.709,0.38,0.37,0.37,105.915,0.37,0.36,0.36,
03/31/2008,290.099,,,-130.6,,159.499,0.0,-133.169,126.246,,,6.923,26.33,-4.192,4.715,,,,,-0.523,22.138,-7.545,14.593,-6.951,,,21.544,0.0,21.544,0.0,0.0,21.544,21.544,0.0,97.79,0.22,0.15,0.15,101.363,0.21,0.14,0.14,
06/30/2008,343.939,,,-156.478,,187.461,0.0,-139.886,133.421,,,6.465,47.575,-5.11,4.96,,,,,0.15,42.465,-12.337,30.128,0.228,,,29.9,0.0,29.9,0.0,0.0,29.9,29.9,0.0,94.845,0.32,0.32,0.32,98.895,0.3,0.3,0.3,
09/30/2008,297.706,,,-128.49,,169.216,0.0,-134.534,127.707,,,6.827,34.682,-5.857,4.997,,,,,0.86,28.825,-10.044,18.781,0.0,,,18.781,0.0,18.781,0.0,0.0,18.781,18.781,,94.539,0.2,0.2,0.2,98.552,0.19,0.19,0.19,
12/31/2008,347.321,,,-152.381,,194.94,,-139.159,,,,,55.781,-4.468,4.597,4.597,,0.0,,-0.129,51.313,-17.667,33.646,0.0,,,33.646,0.0,33.646,0.0,0.0,33.646,33.646,,93.811,0.36,0.36,0.36,96.599,0.35,0.35,0.35,
03/31/2009,273.533,258.007,15.526,-116.644,116.644,156.889,0.0,-122.438,115.564,,6.874,0.0,34.451,-5.426,4.18,,,,,1.246,29.025,-9.029,19.996,0.0,0.0,0.0,19.996,0.0,19.996,0.0,0.0,19.996,19.996,0.0,93.898,0.21,0.21,0.21,95.763,0.21,0.21,0.21,
06/30/2009,269.971,253.233,16.738,-117.1,117.1,152.871,0.0,-122.11,115.367,,6.743,0.0,30.761,-5.143,4.011,,,,,1.132,25.618,-8.433,17.185,0.0,0.0,0.0,17.185,0.0,17.185,0.0,0.0,17.185,17.185,0.0,94.37,0.18,0.18,0.18,96.523,0.18,0.18,0.18,
09/30/2009,267.469,251.426,16.043,-118.12,118.12,149.349,0.0,-121.828,115.049,,6.779,0.0,27.521,-5.041,4.914,,,,,0.127,22.48,-2.413,20.067,0.0,0.0,0.0,20.067,0.0,20.067,0.0,0.0,20.067,20.067,0.0,94.872,0.21,0.21,0.21,97.657,0.21,0.21,0.21,
12/31/2009,328.827,276.686,52.141,-146.499,146.499,182.328,0.0,-140.584,131.023,0.0,6.627,2.934,41.744,-3.341,2.927,,,0.0,0.0,0.414,38.403,-12.687,25.716,0.0,0.0,0.0,25.716,0.0,25.716,0.0,0.0,25.716,27.6231,1.9071,95.493,0.27,0.27,0.289268,99.241,0.26,0.26,0.279217,
03/31/2010,295.833,282.312,13.521,-123.046,123.046,172.787,0.0,-143.589,130.568,,9.51,3.511,29.198,-1.632,3.384,,,,,-1.752,27.566,-8.163,19.403,0.0,0.0,0.0,19.403,,19.403,0.0,0.0,19.403,19.967,0.564,95.693,0.2,0.2,0.208657,99.649,0.19,0.19,0.19566,
06/30/2010,314.195,284.855,29.34,-138.336,138.336,175.859,0.0,-141.629,130.322,,8.977,2.33,34.23,-3.823,3.18,,,,,0.643,30.407,-10.294,20.113,0.0,0.0,0.0,20.113,0.0,20.113,0.0,0.0,20.113,21.522,1.409,95.657,0.21,0.21,0.224991,98.855,0.2,0.2,0.214253,
09/30/2010,296.122,280.077,16.045,-125.897,125.897,170.225,0.0,-137.462,127.488,,8.725,1.249,32.763,-3.378,3.005,,,,,0.373,29.385,-9.31,20.075,0.0,0.0,0.0,20.075,0.0,20.075,0.0,0.0,20.075,20.831,0.756,95.473,0.21,0.21,0.218187,98.797,0.2,0.2,0.207652,
12/31/2010,382.304,319.873,62.431,-164.959,164.959,217.345,0.0,-164.271,154.796,,8.662,0.813,53.074,-6.347,6.047,,,,,0.3,46.727,-10.033,36.694,0.0,0.0,0.0,36.694,0.0,36.694,0.0,0.0,36.694,37.186,0.492,95.895,0.38,0.38,0.387778,99.567,0.37,0.37,0.374941,
03/31/2011,329.567,314.065,15.502,-133.316,133.316,196.251,0.0,-150.47,141.672,,8.798,0.0,45.781,-3.166,2.784,,,,,0.382,42.615,-13.424,29.191,0.0,0.0,0.0,29.191,0.0,29.191,0.0,0.0,29.191,29.2326,0.0416,96.442,0.3,0.3,0.303111,99.451,0.29,0.29,0.290418,
06/30/2011,365.543,327.977,37.566,-152.461,152.461,213.082,0.0,-161.514,152.758,,8.756,0.0,51.568,-3.368,2.797,,,,,0.571,48.2,-15.977,32.223,0.0,0.0,0.0,32.223,0.0,32.223,0.0,0.0,32.223,32.2685,0.0455,96.886,0.33,0.33,0.333056,99.34,0.32,0.32,0.320458,
09/30/2011,345.784,326.794,18.99,-142.696,142.696,203.088,0.0,-155.838,148.461,,7.377,0.0,47.25,-2.823,2.282,,,,,0.541,44.427,-13.963,30.464,0.0,0.0,0.0,30.464,0.0,30.464,0.0,0.0,30.464,30.47505,0.01105,96.057,0.32,0.32,0.31726,98.259,0.31,0.31,0.310112,
12/31/2011,427.694,351.273,76.421,-180.282,180.282,247.412,0.0,-177.949,170.816,,7.133,0.0,69.463,-2.521,2.104,,,,,0.417,66.942,-21.918,45.024,0.0,0.0,0.0,45.024,0.0,45.024,0.0,0.0,45.024,45.0513,0.0273,94.691,0.48,0.48,0.475772,97.037,0.46,0.46,0.460281,
03/31/2012,369.171,349.183,19.988,-146.463,146.463,222.708,0.0,-169.152,162.518,,6.634,0.0,53.556,-3.173,2.195,,,,,0.978,50.383,-16.162,34.221,0.0,0.0,0.0,34.221,0.0,34.221,0.0,0.0,34.221,34.221,0.0,93.416,0.37,0.37,0.37,96.199,0.36,0.36,0.36,
06/30/2012,397.482,354.978,42.504,-161.247,161.247,236.235,0.0,-173.513,165.221,,7.11,1.182,62.722,-2.229,2.153,,,,,0.076,60.493,-19.009,41.484,0.0,0.0,0.0,41.484,0.0,41.484,0.0,0.0,41.484,42.349,0.865,93.35,0.44,0.44,0.453658,95.423,0.43,0.43,0.439065,
09/30/2012,374.406,355.779,18.627,-151.143,151.143,223.263,0.0,-173.495,164.888,,7.663,0.944,49.768,-2.957,2.209,,,,,0.748,46.811,-15.436,31.375,0.0,0.0,0.0,31.375,0.0,31.375,0.0,0.0,31.375,32.279,0.904,93.522,0.34,0.34,0.345149,95.611,0.33,0.33,0.339455,
12/31/2012,474.749,382.1,92.649,-200.214,200.214,274.535,0.0,-194.874,186.216,0.0,8.364,0.294,79.661,-1.752,2.302,,,0.0,,-0.55,77.909,-19.086,58.823,0.0,0.0,0.0,58.823,0.0,58.823,0.0,0.0,58.823,59.223,0.4,93.488,0.63,0.63,0.633482,95.716,0.61,0.61,0.614179,
03/31/2013,406.754,382.964,23.79,-163.737,163.737,243.017,0.0,-189.012,180.478,,8.434,0.1,54.005,-2.225,2.436,,,,,-0.211,51.78,-15.105,36.675,0.0,0.0,0.0,36.675,0.0,36.675,0.0,0.0,36.675,36.74,0.065,93.595,0.39,0.39,0.392542,95.537,0.38,0.38,0.38068,
06/30/2013,446.047,397.161,48.886,-177.904,177.904,268.143,0.0,-194.156,185.629,,8.421,0.106,73.987,-2.424,2.144,,,,,0.28,71.563,-25.049,46.514,0.0,0.0,0.0,46.514,0.0,46.514,0.0,0.0,46.514,46.5829,0.0689,93.574,0.5,0.5,0.497819,95.188,0.49,0.49,0.490724,
09/30/2013,410.705,386.667,24.038,-161.735,161.735,248.97,0.0,-190.227,181.546,,8.609,0.072,58.743,-2.119,2.124,,,,,-0.005,56.624,-18.43,38.194,0.0,0.0,0.0,38.194,0.0,38.194,0.0,0.0,38.194,38.2408,0.0468,92.689,0.41,0.41,0.412571,94.355,0.4,0.4,0.400496,
12/31/2013,520.707,418.476,102.231,-210.108,210.108,310.599,0.0,-221.842,212.805,0.0,8.978,0.059,88.757,-2.285,2.133,,,0.0,,0.152,86.472,-25.054,61.418,0.0,0.0,0.0,61.418,0.0,61.418,0.0,0.0,61.418,61.45635,0.03835,92.205,0.67,0.67,0.666519,93.946,0.65,0.65,0.650408,
03/31/2014,446.702,432.385,14.317,-170.821,170.821,275.881,0.0,-216.711,204.617,,8.738,3.356,59.17,-2.479,2.25,,,0.0,,0.229,56.691,-18.955,37.736,0.0,0.0,0.0,37.736,0.0,37.736,0.0,0.0,37.736,39.863,2.127,91.669,0.41,0.41,0.434858,93.209,0.4,0.4,0.42282,
06/30/2014,519.82,451.983,67.837,-203.178,203.178,316.642,0.0,-234.881,218.537,,9.7,6.644,81.761,-2.505,2.68,,,0.0,,-0.175,79.256,-26.216,53.04,0.0,0.0,0.0,53.04,0.0,53.04,0.0,0.0,53.04,57.658,4.618,89.521,0.59,0.59,0.644072,90.744,0.58,0.58,0.63089,
09/30/2014,470.94,447.634,23.306,-188.059,188.059,282.881,0.0,-233.49,217.025,,10.45,6.015,49.391,-2.943,2.656,,,0.0,,0.287,46.448,-12.602,33.846,0.0,0.0,0.0,33.846,0.0,33.846,0.0,0.0,33.846,37.695,3.849,88.513,0.38,0.38,0.42587,89.708,0.38,0.38,0.422906,
12/31/2014,583.979,461.732,122.247,-235.875,235.875,348.104,0.0,-252.264,235.888,,10.524,5.852,95.84,-3.552,3.301,,,0.0,,0.251,92.288,-33.144,59.144,0.0,0.0,0.0,59.144,0.0,59.144,0.0,0.0,59.144,62.887,3.743,87.647,0.67,0.67,0.717503,88.956,0.66,0.66,0.702077,
03/31/2015,471.186,457.882,13.304,-177.762,177.762,293.424,0.0,-244.742,229.522,,10.128,5.092,48.682,-4.442,3.48,,,0.0,,0.962,44.24,-15.889,28.351,0.0,0.0,0.0,28.351,0.0,28.351,0.0,0.0,28.351,31.575,3.224,86.539,0.33,0.33,0.364864,87.773,0.32,0.32,0.356731,
06/30/2015,547.936,474.054,73.882,-210.495,210.495,337.441,0.0,-252.221,237.991,,10.547,3.683,85.22,-5.708,5.24,,,0.0,,0.468,79.512,-28.357,51.155,0.0,0.0,0.0,51.155,0.0,51.155,0.0,0.0,51.155,53.674,2.519,83.203,0.61,0.61,0.645097,84.271,0.61,0.61,0.639892,
09/30/2015,500.166,470.865,29.301,-193.602,193.602,306.564,0.0,-254.09,236.355,,11.247,6.488,52.474,-0.682,6.049,,,0.0,,-5.367,51.792,-21.426,30.366,0.0,0.0,0.0,30.366,0.0,30.366,0.0,0.0,30.366,35.533094,5.167094,82.989,0.37,0.37,0.428166,84.113,0.36,0.36,0.42143,
12/31/2015,643.768,508.42,135.348,-257.217,257.217,386.551,0.0,-284.93,258.809,,15.209,10.912,101.621,-4.954,6.013,,,0.0,,-1.059,96.667,-30.904,65.763,0.0,0.0,0.0,65.763,0.0,65.763,0.0,0.0,65.763,72.8558,7.0928,82.677,0.8,0.8,0.88121,83.89,0.78,0.78,0.864549,
03/31/2016,557.266,525.211,32.055,-212.041,212.041,345.225,0.0,-280.796,257.411,,15.017,8.368,64.429,-4.122,6.006,,,,,-1.884,60.307,-15.32,44.987,0.0,0.0,0.0,44.987,0.0,44.987,0.0,0.0,44.987,51.204684,6.217684,82.451,0.55,0.55,0.621032,83.464,0.54,0.54,0.614495,
06/30/2016,609.998,543.238,66.76,-231.422,231.422,378.576,0.0,-295.277,272.009,,15.235,8.033,83.299,-6.108,7.356,,,0.0,,-1.248,77.191,-25.565,51.626,0.0,0.0,0.0,51.626,0.0,51.626,0.0,0.0,51.626,58.099977,6.473977,82.559,0.63,0.63,0.703739,83.711,0.62,0.62,0.697337,
09/30/2016,574.059,540.584,33.475,-223.122,223.122,350.937,0.0,-302.211,269.902,,15.752,16.557,48.726,-3.978,5.932,,,0.0,,-1.954,44.748,-14.264,30.484,0.0,0.0,0.0,30.484,0.0,30.484,0.0,0.0,30.484,43.093854,12.609854,82.638,0.37,0.37,0.521477,83.803,0.36,0.36,0.51047,
12/31/2016,703.217,566.902,136.315,-279.063,279.063,424.154,0.0,-315.467,289.862,,15.965,9.64,108.687,-2.502,5.822,,,0.0,,-3.32,106.185,-39.7,66.485,0.0,0.0,0.0,66.485,0.0,66.485,0.0,0.0,66.485,75.346107,8.861107,82.637,0.8,0.8,0.911772,83.939,0.79,0.79,0.895566,
03/31/2017,625.169,589.9,35.269,-237.609,237.609,387.56,0.0,-334.046,304.244,,16.53,13.272,53.514,-5.017,5.906,,,0.0,,-0.889,48.497,-12.064,36.433,0.0,0.0,0.0,36.433,0.0,36.433,0.0,0.0,36.433,46.006999,9.573999,82.835,0.44,0.44,0.555405,84.095,0.43,0.43,0.543847,
06/30/2017,843.731,705.425,138.306,-352.004,352.004,491.727,0.0,-590.115,408.226,,83.557,98.332,-98.388,-44.363,43.956,,,,,0.407,-142.751,50.47,-92.281,0.0,0.0,0.0,-92.281,0.0,-92.281,0.0,0.0,-92.281,-25.078665,67.202335,89.297,-1.03,-1.03,-0.280846,89.297,-1.03,-1.03,-0.280846,
09/30/2017,828.085,725.56,102.525,-332.207,332.207,495.878,0.0,-520.227,421.163,,68.564,30.5,-24.349,-37.591,38.762,,,0.0,,-1.171,-61.94,13.76,-48.18,0.0,0.0,0.0,-48.18,0.0,-48.18,0.0,0.0,-48.18,-48.157068,0.022932,90.624,-0.53,-0.53,-0.531394,90.624,-0.53,-0.53,-0.531394,
12/31/2017,1014.509,778.0,236.509,-398.378,398.378,616.131,0.0,-553.237,465.371,,71.52,16.346,62.894,-34.517,36.312,39.708,-3.396,0.0,,-1.795,28.377,78.93,107.307,0.0,0.0,0.0,107.307,0.0,107.307,0.0,0.0,107.307,56.112956,-51.194044,90.785,1.18,1.18,0.618086,92.152,1.16,1.16,0.604461,
03/31/2018,963.565,810.011,153.554,-357.209,357.209,606.356,0.0,-615.067,487.745,,68.056,59.266,-8.711,-34.16,35.059,,,0.0,,-0.899,-42.871,23.284,-19.587,0.0,0.0,0.0,-19.587,0.0,-19.587,0.0,0.0,-19.587,24.428748,44.015748,91.005,-0.22,-0.22,0.268433,91.005,-0.22,-0.22,0.263663,
06/30/2018,1001.336,866.772,134.564,-367.637,367.637,633.699,0.0,-547.603,460.803,,66.838,19.962,86.096,-11.024,37.604,,,,,-26.58,75.072,-28.802,46.27,0.0,0.0,0.0,46.27,0.0,46.27,0.0,0.0,46.27,93.938956,47.668956,91.048,0.51,0.51,1.031752,92.156,0.5,0.5,1.017264,
09/30/2018,921.674,852.94,68.734,-336.112,336.112,585.562,0.0,-532.838,447.537,,68.187,17.114,52.724,-14.771,26.984,,,,,-12.213,37.953,-26.2,11.753,0.0,0.0,0.0,11.753,0.0,11.753,0.0,0.0,11.753,20.702153,8.949153,90.854,0.13,0.13,0.227862,92.148,0.13,0.13,0.227117,
12/31/2018,1088.878,893.0,195.878,-407.842,407.842,681.036,0.0,-551.43,488.056,0.0,52.52,10.854,129.606,-18.64,24.561,,,,,-5.921,110.966,-26.946,84.02,0.0,0.0,0.0,84.02,0.0,84.02,0.0,0.0,84.02,79.871064,-4.148936,90.4,0.93,0.93,0.883529,91.701,0.92,0.92,0.874756,
03/31/2019,970.444,877.306,93.138,-346.645,346.645,623.799,0.0,-575.0,518.77,,53.458,2.772,48.799,-27.746,24.847,,,,,2.899,21.053,-0.258,20.795,0.0,0.0,0.0,20.795,0.0,20.795,0.0,0.0,20.795,28.692222,7.897222,89.882,0.23,0.23,0.319221,91.004,0.23,0.23,0.316779,
06/30/2019,1070.882,929.708,141.174,-387.999,387.999,682.883,0.0,-566.881,514.976,,52.263,-0.358,116.002,-24.996,24.749,,,,,0.247,91.006,12.4,103.406,0.0,0.0,0.0,103.406,0.0,103.406,0.0,0.0,103.406,69.221789,-34.184211,90.112,1.15,1.15,0.768175,91.188,1.13,1.13,0.755124,
09/30/2019,1000.502,934.216,66.286,-365.056,365.056,635.446,0.0,-566.299,512.159,,52.398,1.742,69.147,-16.049,24.073,,,,,-8.024,53.098,-11.71,41.388,0.0,0.0,0.0,41.388,0.0,41.388,0.0,0.0,41.388,39.854667,-1.533333,89.846,0.46,0.46,0.443589,90.887,0.46,0.46,0.443129,
12/31/2019,1203.493,986.016,217.477,-450.868,450.868,752.625,0.0,-616.486,557.519,0.0,53.66,5.307,136.139,-25.557,26.136,,,,,-0.579,110.582,-42.881,67.701,0.0,0.0,0.0,67.701,0.0,67.701,0.0,0.0,67.701,81.381,13.68,89.428,0.76,0.76,0.910017,90.561,0.75,0.75,0.901058,
03/31/2020,1018.891,923.161,95.73,-341.278,341.278,677.613,0.0,-552.895,496.639,,54.696,1.56,124.718,-27.864,26.349,,,,,1.515,96.854,-21.757,75.097,0.0,0.0,0.0,75.097,0.0,75.097,0.0,0.0,75.097,83.53886,8.44186,89.219,0.84,0.84,0.936335,90.066,0.83,0.83,0.92373,
06/30/2020,973.135,972.818,0.317,-322.551,322.551,650.584,0.0,-550.933,494.84,,53.936,2.157,99.651,-40.695,30.296,,,,,10.399,58.956,-3.879,55.077,0.0,0.0,0.0,55.077,0.0,55.077,0.0,0.0,55.077,82.479985,27.402985,89.323,0.62,0.62,0.92339,89.78,0.61,0.61,0.915224,
09/30/2020,929.125,,,,,598.6352375,,,,,,,56.2,,,,,,,,28.0,,15.62,,,,,,15.62,,,15.62,46.85,,,0.184,0.184,0.523,,0.184,0.184,0.523,
12/31/2020,969.625,,,,,616.67180375,,,,,,,20.29,,,,,,,,-7.563,,-1.937,,,,,,-1.937,,,-1.937,22.9,,,-0.034,-0.034,0.276,,-0.034,-0.034,0.276,
