Date,Net Revenue,Net Interest Income,Total Interest Income,Interest Income,Investment Income,Total Interest Expense,Total Non-Interest Income,Trading Securities G/L,Trading Account Profits/Losses,Investments & Loans Income (Loss),Other Income (Loss),Commissions & Fees Earned,Other Operating Income (Losses),Provision for Loan Losses,Net Revenue after Provisions,Total Non-Interest Expense,Commissions & Fees Paid,Other Operating Expenses,Operating Income (Loss),Non-Operating (Income) Loss,(Income) Loss from Affiliates,Other Non-Operating (Income) Loss,"Pretax Income (Loss), GAAP",Income Tax Expense (Benefit),Current Income Tax,Deferred Income Tax,Tax Allowance/Credit,Income (Loss) from Cont Ops,Net Extraordinary Losses (Gains),Discontinued Operations,Extraordinary & Accounting Items,Income (Loss) incl. Minority Interest,Minority Interest,"Net Income, GAAP",Preferred Dividends,Other Adjustments,"Net Income Avail to Common, GAAP","Net Income Avail to Common, Adj",Net Abnormal Losses (Gains),Basic Weighted Avg Shares,"Basic EPS, GAAP",Basic EPS from Cont Ops,"Basic EPS from Cont Ops, Adjusted",Diluted Weighted Avg Shares,"Diluted EPS, GAAP",Diluted EPS from Cont Ops,"Diluted EPS from Cont Ops, Adjusted",Source: Bloomberg
12/31/2007,1085.2,0.0,0.0,0.0,,0.0,1085.2,62.1,,,,980.3,42.8,,1085.2,-779.4,,779.4,305.8,15.1,21.0,-36.1,320.9,-91.3,,,,229.6,,,,229.6,-53.7,175.9,,,175.9,175.9,,393.6,0.45,0.45,0.49,407.6,0.43,0.43,0.47,
03/31/2008,866.1,0.0,0.0,0.0,0.0,0.0,866.1,-44.3,,,,887.0,23.4,,866.1,-682.3,0.0,682.3,183.8,1.4,17.9,-19.3,185.2,-73.8,,,,111.4,,,,111.4,43.8,155.2,0.0,,155.2,155.2,,387.8,0.4,0.4,0.4,399.4,0.39,0.39,0.39,
06/30/2008,975.9,0.0,0.0,0.0,0.0,0.0,975.9,40.3,,,,902.3,33.3,,975.9,-695.6,0.0,695.6,280.3,-0.3,9.6,-9.3,280.0,-77.2,,,,202.8,,,,202.8,-40.0,162.8,0.0,,162.8,162.8,,387.6,0.42,0.42,0.42,399.0,0.41,0.41,0.41,
09/30/2008,830.0,0.0,0.0,0.0,0.0,0.0,830.0,2.8,,,,812.4,14.8,,830.0,-632.0,0.0,632.0,198.0,-12.7,8.0,4.7,185.3,-49.2,,,,136.1,,,,136.1,-4.3,131.8,0.0,,131.8,131.8,,386.0,0.34,0.34,0.34,397.9,0.33,0.33,0.33,
12/31/2008,577.6,0.0,0.0,0.0,0.0,0.0,577.6,-56.8,,,,603.7,30.7,0.0,577.6,-549.9,0.0,549.9,17.1,-21.2,,21.2,6.5,-35.8,,,,-29.3,0.0,,,-29.3,61.2,31.9,0.0,0.0,31.9,31.9,,386.3,0.08,0.08,0.17,394.8,0.08,0.08,0.17,
03/31/2009,548.6,0.0,0.0,0.0,,,548.6,0.0,0.0,0.0,0.0,536.4,12.2,,548.6,-573.3,0.0,573.3,-24.7,-12.8,-2.5,15.3,-37.5,-20.3,,,,-57.8,0.0,0.0,0.0,-57.8,88.5,30.7,0.0,0.0,30.7,30.7,56.225,394.1,0.08,0.08,0.220566,399.9,0.08,0.08,0.220566,
06/30/2009,625.1,0.0,0.0,0.0,,,625.1,0.0,0.0,0.0,0.0,610.0,15.1,,625.1,-563.1,0.0,563.1,62.0,2.2,-7.5,5.3,64.2,-36.0,,,,28.2,0.0,0.0,0.0,28.2,47.5,75.7,0.0,0.0,75.7,75.7,31.46,410.6,0.184364,0.184364,0.260984,416.8,0.181622,0.181622,0.257102,
09/30/2009,705.8,0.0,0.0,0.0,,,705.8,0.0,0.0,0.0,0.0,686.4,19.4,,705.8,-552.1,0.0,552.1,153.7,-5.3,-7.9,13.2,148.4,-43.7,,,,104.7,0.0,0.0,0.0,104.7,0.5,105.2,0.0,0.0,105.2,105.2,0.65,431.6,0.24,0.24,0.24525,437.7,0.24,0.24,0.241485,
12/31/2009,747.8,0.0,0.0,0.0,,,747.8,0.0,0.0,0.0,0.0,730.0,17.8,,747.8,-561.4,0.0,561.4,186.4,-4.0,-9.1,13.1,182.4,-48.2,,,,134.2,0.0,0.0,0.0,134.2,-23.3,110.9,0.0,0.0,110.9,110.9,8.1,434.1,0.26,0.26,0.27413,440.1,0.25,0.25,0.268405,
03/31/2010,719.1,0.0,0.0,0.0,,,719.1,0.0,0.0,0.0,0.0,707.4,11.7,,719.1,-479.1,0.0,479.1,240.0,24.6,-5.8,-18.8,264.6,-50.1,,,,214.5,0.0,0.0,0.0,214.5,-119.5,95.0,0.0,0.0,95.0,95.0,15.3,439.0,0.22,0.22,0.251253,442.4,0.21,0.21,0.244584,
06/30/2010,787.0,0.0,0.0,0.0,,,787.0,0.0,0.0,0.0,0.0,770.8,16.2,,787.0,-528.4,0.0,528.4,258.6,16.3,-10.4,-5.9,274.9,-36.7,,,,238.2,0.0,0.0,0.0,238.2,-197.4,40.8,0.0,0.0,40.8,40.8,51.545,455.0,0.09,0.09,0.202956,457.8,0.09,0.09,0.202593,
09/30/2010,953.1,0.0,0.0,0.0,,,953.1,0.0,0.0,0.0,0.0,919.9,33.2,,953.1,-918.5,0.0,918.5,34.6,47.3,-10.7,-36.6,81.9,-54.5,,,,27.4,0.0,0.0,0.0,27.4,127.3,154.7,0.0,0.0,154.7,154.7,17.8,476.6,0.32,0.32,0.361939,479.1,0.32,0.32,0.357153,
12/31/2010,1028.5,0.0,0.0,0.0,,,1028.5,0.0,0.0,0.0,0.0,994.4,34.1,,1028.5,-857.8,0.0,857.8,170.7,41.7,-13.3,-28.4,212.4,-55.7,,,,156.7,0.0,0.0,0.0,156.7,18.5,175.2,0.0,0.0,175.2,175.2,17.355,470.5,0.37,0.37,0.409256,473.1,0.37,0.37,0.406684,
03/31/2011,1027.3,0.0,0.0,0.0,,,1027.3,0.0,0.0,0.0,0.0,994.8,32.5,,1027.3,-887.1,0.0,887.1,140.2,34.7,-6.7,-28.0,174.9,-75.6,,,,99.3,0.0,0.0,0.0,99.3,78.2,177.5,0.0,0.0,177.5,177.5,5.0,469.9,0.38,0.38,0.388381,472.1,0.38,0.38,0.388381,
06/30/2011,1070.0,0.0,0.0,0.0,,,1070.0,0.0,0.0,0.0,0.0,1038.1,31.9,,1070.0,-901.7,0.0,901.7,168.3,36.5,-10.8,-25.7,204.8,-75.4,,,,129.4,0.0,0.0,0.0,129.4,53.6,183.0,0.0,0.0,183.0,183.0,6.9,465.5,0.39,0.39,0.407948,467.4,0.39,0.39,0.404763,
09/30/2011,997.8,0.0,0.0,0.0,,,997.8,0.0,0.0,0.0,0.0,971.2,26.6,,997.8,-863.1,0.0,863.1,134.7,7.8,-8.1,0.3,142.5,-59.1,,,,83.4,0.0,0.0,0.0,83.4,83.5,166.9,0.0,0.0,166.9,166.9,2.9,459.5,0.36,0.36,0.369532,461.0,0.36,0.36,0.366291,
12/31/2011,997.1,0.0,0.0,0.0,,,997.1,0.0,0.0,0.0,0.0,952.6,44.5,,997.1,-681.1,0.0,681.1,316.0,69.9,-4.9,-65.0,385.9,-76.0,,,,309.9,0.0,0.0,0.0,309.9,-107.6,202.3,0.0,0.0,202.3,202.3,5.74,456.8,0.44,0.44,0.455429,458.3,0.44,0.44,0.452525,
03/31/2012,1033.7,0.0,0.0,0.0,,,1033.7,0.0,0.0,0.0,0.0,1000.9,32.8,,1033.7,-925.8,0.0,925.8,107.9,40.5,-9.7,-30.8,148.4,-73.6,,,,74.8,0.0,0.0,0.0,74.8,119.1,193.9,0.0,0.0,193.9,193.9,0.9,454.3,0.43,0.43,0.428792,455.9,0.43,0.43,0.428792,
06/30/2012,981.8,0.0,0.0,0.0,,,981.8,0.0,0.0,0.0,0.0,955.9,25.9,,981.8,-704.8,0.0,704.8,277.0,9.8,-6.9,-2.9,286.8,-61.2,,,,225.6,-2.0,-2.0,0.0,227.6,-73.7,153.9,0.0,0.0,153.9,153.9,0.7,453.8,0.34,0.33,0.336271,455.3,0.34,0.33,0.331537,
09/30/2012,1013.9,0.0,0.0,0.0,,,1013.9,0.0,0.0,0.0,0.0,989.6,24.3,,1013.9,-828.2,0.0,828.2,185.7,40.3,-5.2,-35.1,226.0,-72.3,,,,153.7,-3.2,-3.2,0.0,156.9,13.7,170.6,0.0,0.0,170.6,170.6,1.9,451.3,0.38,0.37,0.375138,452.8,0.38,0.37,0.374196,
12/31/2012,1046.7,0.0,0.0,0.0,,,1046.7,0.0,0.0,0.0,0.0,1020.1,26.6,,1046.7,-869.0,0.0,869.0,177.7,-4.9,,4.9,172.8,-55.6,,,,117.2,-10.8,-10.8,0.0,128.0,30.7,158.7,0.0,0.0,158.7,158.7,1.6,449.9,0.35,0.32874,0.332296,451.2,0.35,0.326064,0.32961,
03/31/2013,1112.2,0.0,0.0,0.0,,,1112.2,0.0,0.0,0.0,0.0,1087.0,25.2,,1112.2,-845.2,0.0,845.2,267.0,14.8,-8.1,-6.7,281.8,-86.3,,,,195.5,-4.1,-4.1,0.0,199.6,22.6,222.2,0.0,0.0,222.2,222.2,0.9,447.8,0.5,0.487048,0.489058,449.0,0.49,0.480869,0.482873,
06/30/2013,1135.5,0.0,0.0,0.0,,,1135.5,0.0,,0.0,0.0,1107.2,28.3,,1135.5,-861.6,0.0,861.6,273.9,17.9,-6.9,-11.0,291.8,-83.5,,,,208.3,4.6,4.6,0.0,203.7,-1.1,202.6,0.0,0.0,202.6,202.6,1.0,449.1,0.45,0.46,0.463594,450.1,0.45,0.46,0.462222,
09/30/2013,1171.8,0.0,0.0,0.0,,,1171.8,0.0,0.0,0.0,0.0,1140.2,31.6,,1171.8,-885.8,0.0,885.8,286.0,57.0,-10.3,-46.7,343.0,-92.9,,,,250.1,1.4,1.4,0.0,248.7,-20.6,228.1,0.0,0.0,228.1,228.1,0.0,447.9,0.51,0.51,0.51,448.8,0.51,0.51,0.51,
12/31/2013,1225.1,0.0,0.0,0.0,,,1225.1,0.0,0.0,0.0,0.0,1193.9,31.2,,1225.1,-881.9,0.0,881.9,343.2,-4.6,-10.2,14.8,338.6,-74.2,,,,264.4,-66.4,-66.4,0.0,330.8,-43.4,287.4,0.0,0.0,287.4,287.4,-32.435,445.0,0.65,0.5,0.423742,445.9,0.64,0.5,0.423742,
03/31/2014,1269.5,0.0,0.0,0.0,,,1269.5,0.0,0.0,0.0,0.0,1235.1,34.4,,1269.5,-1025.2,0.0,1025.2,244.3,53.5,-10.0,-43.5,297.8,-89.0,,,,208.8,2.0,2.0,0.0,206.8,-19.0,187.8,0.0,0.0,187.8,187.8,25.22,436.8,0.43,0.43,0.492262,437.4,0.43,0.43,0.487659,
06/30/2014,1289.9,0.0,0.0,0.0,,,1289.9,0.0,0.0,0.0,0.0,1251.6,38.3,,1289.9,-890.6,0.0,890.6,399.3,24.3,-5.5,-18.8,423.6,-107.0,,,,316.6,-0.2,-0.2,0.0,316.8,-42.3,274.5,0.0,0.0,274.5,274.5,2.21,435.7,0.63,0.63,0.634634,436.4,0.63,0.63,0.634634,
09/30/2014,1311.0,0.0,0.0,0.0,,,1311.0,0.0,0.0,0.0,0.0,1277.6,33.4,,1311.0,-981.4,0.0,981.4,329.6,17.5,-10.9,-6.6,347.1,-94.9,,,,252.2,0.6,0.6,0.0,251.6,4.4,256.0,0.0,0.0,256.0,256.0,0.0,434.3,0.59,0.59,0.59,434.8,0.59,0.59,0.59,
12/31/2014,1276.7,0.0,0.0,0.0,,,1276.7,0.0,0.0,0.0,0.0,1244.0,32.7,,1276.7,-970.5,0.0,970.5,306.2,20.4,-6.4,-14.0,326.6,-99.7,,,,226.9,1.0,1.0,0.0,225.9,43.9,269.8,0.0,0.0,269.8,269.8,27.3,433.2,0.62,0.63,0.688135,433.6,0.62,0.62,0.682961,
03/31/2015,1291.6,0.0,0.0,0.0,,,1291.6,0.0,0.0,0.0,0.0,1261.6,30.0,,1291.6,-904.6,,904.6,387.0,-1.7,-11.8,13.5,385.3,-101.3,,,,284.0,0.0,0.0,0.0,284.0,-24.4,259.6,0.0,0.0,259.6,259.6,-8.185,432.2,0.6,0.6,0.58171,432.5,0.6,0.6,0.581075,
06/30/2015,1318.1,0.0,0.0,0.0,,,1318.1,0.0,0.0,0.0,0.0,1282.0,36.1,,1318.1,-950.9,0.0,950.9,367.2,-13.8,-12.0,25.8,353.4,-109.4,,,,244.0,0.0,0.0,0.0,244.0,13.3,257.3,0.0,0.0,257.3,257.3,3.64,431.9,0.6,0.6,0.604168,432.2,0.6,0.6,0.604168,
09/30/2015,1273.5,0.0,0.0,0.0,,,1273.5,0.0,0.0,0.0,0.0,1247.3,26.2,,1273.5,-922.9,0.0,922.9,350.6,-8.9,-8.2,17.1,341.7,-100.4,,,,241.3,0.0,0.0,0.0,241.3,8.0,249.3,0.0,0.0,249.3,249.3,-3.112778,428.8,0.58,0.58,0.574131,429.1,0.58,0.58,0.572746,
12/31/2015,1239.7,0.0,0.0,0.0,,,1239.7,0.0,0.0,0.0,0.0,1211.5,28.2,,1239.7,-959.7,0.0,959.7,280.0,1.7,-3.1,1.4,281.7,-86.9,,,,194.8,0.0,0.0,0.0,194.8,7.1,201.9,0.0,0.0,201.9,201.9,23.6,422.9,0.48,0.48,0.533223,423.2,0.48,0.48,0.533223,
03/31/2016,1148.7,0.0,0.0,0.0,,,1148.7,0.0,0.0,0.0,0.0,1125.8,22.9,,1148.7,-881.8,0.0,881.8,266.9,-37.2,12.2,25.0,229.7,-71.9,,,,157.8,0.0,0.0,0.0,157.8,3.2,161.0,0.0,0.0,161.0,161.0,34.3,418.7,0.38,0.38,0.466444,418.9,0.38,0.38,0.461881,
06/30/2016,1189.4,0.0,0.0,0.0,0.0,,1189.4,0.0,0.0,0.0,0.0,1159.0,30.4,,1189.4,-850.0,0.0,850.0,339.4,-19.2,-4.6,23.8,320.2,-83.7,,,,236.5,0.0,0.0,0.0,236.5,-11.0,225.5,0.0,0.0,225.5,225.5,-4.835,418.8,0.54,0.54,0.526898,419.1,0.54,0.54,0.526898,
09/30/2016,1201.6,0.0,0.0,0.0,,,1201.6,0.0,0.0,0.0,0.0,1182.7,18.9,,1201.6,-856.3,0.0,856.3,345.3,0.4,-5.5,5.1,345.7,-89.8,,,,255.9,0.0,0.0,0.0,255.9,-14.7,241.2,0.0,0.0,241.2,241.2,-13.35,412.6,0.58,0.58,0.55223,412.9,0.58,0.58,0.547668,
12/31/2016,1194.7,0.0,0.0,0.0,,,1194.7,0.0,0.0,0.0,0.0,1173.5,21.2,,1194.7,-890.7,0.0,890.7,304.0,7.0,-11.4,4.4,311.0,-92.9,,,,218.1,0.0,0.0,0.0,218.1,8.4,226.5,0.0,0.0,226.5,226.5,7.90037,408.6,0.55,0.55,0.573667,409.0,0.55,0.55,0.569316,
03/31/2017,1192.6,0.0,0.0,0.0,,,1192.6,0.0,0.0,0.0,0.0,1172.9,19.7,,1192.6,-905.5,0.0,905.5,287.1,2.8,-17.7,14.9,289.9,-75.7,,,,214.2,0.0,0.0,0.0,214.2,-2.2,212.0,0.0,0.0,212.0,212.0,10.0,407.7,0.52,0.52,0.544518,408.0,0.52,0.52,0.54451,
06/30/2017,1254.4,0.0,0.0,0.0,0.0,,1254.4,0.0,0.0,0.0,0.0,1238.4,16.0,,1254.4,-903.8,0.0,903.8,350.6,-8.4,-10.5,18.9,342.2,-92.6,,,,249.6,0.0,0.0,0.0,249.6,-10.0,239.6,0.0,0.0,239.6,239.6,-13.6,409.9,0.58,0.58,0.551354,410.3,0.58,0.58,0.546854,
09/30/2017,1337.7,0.0,0.0,0.0,,,1337.7,0.0,0.0,0.0,0.0,1322.2,15.5,,1337.7,-945.7,0.0,945.7,392.0,5.7,-12.9,7.2,397.7,-123.1,,,,274.6,0.0,0.0,0.0,274.6,-7.1,267.5,0.0,0.0,267.5,267.5,-8.4,410.0,0.65,0.65,0.631951,410.5,0.65,0.65,0.629537,
12/31/2017,1375.6,0.0,0.0,0.0,,,1375.6,0.0,0.0,0.0,0.0,1359.2,16.4,,1375.6,-986.5,0.0,986.5,389.1,10.3,-3.6,-6.7,399.4,23.2,,,,422.6,0.0,0.0,0.0,422.6,-14.4,408.2,0.0,0.0,408.2,408.2,-156.36129,410.0,1.0,1.0,0.614241,410.6,0.99,0.99,0.609188,
03/31/2018,1355.8,0.0,0.0,0.0,,,1355.8,0.0,0.0,0.0,0.0,1298.9,56.9,,1355.8,-1007.5,0.0,1007.5,348.3,-14.7,-9.7,24.4,333.6,-68.4,,,,265.2,0.0,0.0,0.0,265.2,-11.3,253.9,0.0,0.0,253.9,253.9,-9.6,411.3,0.62,0.62,0.59397,411.8,0.62,0.62,0.59397,
06/30/2018,1360.6,0.0,0.0,0.0,,,1360.6,0.0,0.0,0.0,0.0,1305.0,55.6,,1360.6,-1028.4,0.0,1028.4,332.2,-18.0,-7.3,25.3,314.2,-72.3,,,,241.9,0.0,0.0,0.0,241.9,3.2,245.1,0.0,0.0,245.1,245.1,20.254,413.9,0.59,0.59,0.641107,414.1,0.59,0.59,0.638911,
09/30/2018,1341.8,0.0,0.0,0.0,,,1341.8,0.0,0.0,0.0,0.0,1294.8,47.0,,1341.8,-991.6,0.0,991.6,350.2,-7.9,-11.8,19.7,342.3,-61.1,,,,281.2,0.0,0.0,0.0,281.2,-11.6,269.6,0.0,0.0,269.6,269.6,-11.0,413.2,0.65,0.65,0.625847,413.4,0.65,0.65,0.623391,
12/31/2018,1255.9,0.0,0.0,0.0,,,1255.9,0.0,0.0,0.0,0.0,1209.0,46.9,,1255.9,-1052.1,0.0,1052.1,203.8,-55.8,-5.0,60.8,148.0,-53.2,,,,94.8,0.0,0.0,0.0,94.8,19.4,114.2,0.0,0.0,114.2,114.2,126.592198,410.0,0.28,0.28,0.587298,410.1,0.28,0.28,0.587298,
03/31/2019,1214.6,0.0,0.0,0.0,,,1214.6,0.0,0.0,0.0,0.0,1164.8,49.8,,1214.6,-975.5,0.0,975.5,239.1,17.7,-15.0,-2.7,256.8,-66.2,,,,190.6,0.0,0.0,0.0,190.6,-12.9,177.7,0.0,0.0,177.7,177.7,40.115,401.6,0.44,0.44,0.542368,401.9,0.44,0.44,0.539813,
06/30/2019,1439.4,0.0,0.0,0.0,,,1439.4,0.0,0.0,0.0,0.0,1381.1,58.3,,1439.4,-1370.0,0.0,1370.0,69.4,7.1,-12.1,5.0,76.5,-14.5,,,,62.0,0.0,0.0,0.0,62.0,-21.9,40.1,0.0,0.0,40.1,40.1,201.131,431.6,0.09,0.09,0.558923,433.8,0.09,0.09,0.553649,
09/30/2019,1720.6,0.0,0.0,0.0,,,1720.6,0.0,0.0,0.0,0.0,1657.1,63.5,,1720.6,-1408.5,0.0,1408.5,312.1,4.5,-19.8,15.3,316.6,-74.0,,,,242.6,0.0,0.0,0.0,242.6,-11.1,231.5,-64.4,0.0,167.1,167.1,158.4,462.8,0.36,0.36,0.703328,466.9,0.36,0.36,0.699259,
12/31/2019,1742.8,0.0,0.0,0.0,,,1742.8,0.0,0.0,0.0,0.0,1682.0,60.8,,1742.8,-1405.4,0.0,1405.4,337.4,-14.4,-9.5,23.9,323.0,-80.4,213.0,22.1,-154.7,242.6,0.0,0.0,0.0,242.6,-3.6,239.0,-59.2,0.0,179.8,179.8,115.5,454.1,0.4,0.4,0.650297,457.9,0.39,0.39,0.642238,
03/31/2020,1598.9,0.0,0.0,0.0,,,1598.9,0.0,0.0,0.0,0.0,1538.9,60.0,,1598.9,-1302.0,0.0,1302.0,296.9,-119.5,-16.9,136.4,177.4,-57.4,,,,120.0,0.0,0.0,0.0,120.0,20.7,140.7,-59.2,0.0,81.5,81.5,52.0,455.7,0.18,0.18,0.292956,458.9,0.18,0.18,0.292956,
06/30/2020,1419.0,0.0,0.0,0.0,,,1419.0,0.0,0.0,0.0,0.0,1373.3,45.7,,1419.0,-1352.4,0.0,1352.4,66.6,38.8,-11.2,-27.6,105.4,-43.4,,,,62.0,0.0,0.0,0.0,62.0,37.7,99.7,-59.2,0.0,40.5,40.5,151.28,460.1,0.09,0.09,0.416822,463.1,0.09,0.09,0.416668,
09/30/2020,1504.0,,,,,,,,,,,,,,,,,,368.5,,,,347.3,,,,,161.229,,,,,,161.229,,,161.229,161.229,,,0.367,0.367,0.443,,0.367,0.367,0.443,
12/31/2020,1509.111,,,,,,,,,,,,,,,,,,361.444,,,,336.1,,,,,170.8,,,,,,170.8,,,170.8,170.8,,,0.353,0.353,0.431,,0.353,0.353,0.431,
