Date,Revenue,Sales & Services Revenue,Cost of Revenue,Cost of Goods & Services,Gross Profit,Other Operating Income,Operating Expenses,"Selling, General & Admin",Other Operating Expense,Operating Income (Loss),Non-Operating (Income) Loss,"Interest Expense, Net",Interest Expense,Interest Income,Foreign Exch (Gain) Loss,Other Non-Op (Income) Loss,Pretax Income,Income Tax Expense (Benefit),Income (Loss) from Cont Ops,Net Extraordinary Losses (Gains),Discontinued Operations,XO & Accounting Changes,Income (Loss) Incl. MI,Minority Interest,"Net Income, GAAP",Preferred Dividends,Other Adjustments,"Net Income Avail to Common, GAAP","Net Income Avail to Common, Adj",Net Abnormal Losses (Gains),Basic Weighted Avg Shares,"Basic EPS, GAAP",Basic EPS from Cont Ops,"Basic EPS from Cont Ops, Adjusted",Diluted Weighted Avg Shares,"Diluted EPS, GAAP",Diluted EPS from Cont Ops,"Diluted EPS from Cont Ops, Adjusted",Source: Bloomberg
12/31/1989,211.535004,,-192.399994,,19.13501,,-14.924,,,4.211,1.47,,0.304,,0.0,-1.774,5.681,-2.386,3.295,0.0,,,3.295,0.0,3.295,0.0,,3.295,3.295,,87.856003,0.0375,0.0375,,87.856003,0.0375,0.0375,0.0375,
03/31/1990,218.807007,,-197.529999,,21.277008,,-15.674,,,5.604,0.311,,0.304,,0.0,-0.615,5.915,-2.485,3.43,0.0,,,3.43,0.0,3.43,0.0,,3.43,3.43,,88.512001,0.03875,0.03875,,88.512001,0.03875,0.03875,0.03875,
06/30/1990,221.113998,,-197.444,,23.669998,,-17.523001,,,6.147,0.128,,0.304,,0.0,-0.432,6.275,-2.635,3.64,0.0,,,3.64,0.0,3.64,0.0,,3.64,3.64,,90.632004,0.04,0.04,,90.632004,0.04,0.04,0.04,
09/30/1990,230.300995,,-205.968994,,24.332001,,-18.533001,,,5.799,1.14,,0.303,,0.0,-1.443,6.939,-2.914,4.025,0.0,,,4.025,0.0,4.025,0.0,,4.025,4.025,,92.072,0.0425,0.0425,0.0425,92.072,0.0425,0.0425,0.0425,
12/31/1990,264.19101,,-238.337997,,25.853012,,-18.563,,,7.29,0.891,,0.137,,0.0,-1.028,8.181,-3.434,4.747,0.0,,,4.747,0.0,4.747,0.0,,4.747,4.747,,93.832001,0.05,0.05,,93.832001,0.05,0.05,0.05,
03/31/1991,277.436005,,-250.089005,,27.347,,-19.819,,,7.528,1.132,,0.137,,0.0,-1.269,8.66,-3.648,5.012,0.0,,,5.012,0.0,5.012,0.0,,5.012,5.012,,94.751999,0.0525,0.0525,,94.751999,0.0525,0.0525,0.0525,
06/30/1991,264.052002,,-234.522995,,29.529007,,-20.747999,,,8.781,0.187,,0.137,,0.0,-0.324,8.968,-3.759,5.209,0.0,,,5.209,0.0,5.209,0.0,,5.209,5.209,,95.571999,0.055,0.055,,95.571999,0.055,0.055,0.055,
09/30/1991,230.608994,,-202.667999,,27.940995,,-19.235001,,,8.707,0.607,,0.138,,0.0,-0.745,9.314,-3.897,5.417,0.0,,,5.417,0.0,5.417,0.0,,5.417,5.417,,91.932,0.0575,0.0575,0.0575,91.932,0.0575,0.0575,0.0575,
12/31/1991,253.673004,,-224.567993,,29.105011,,-19.808001,,,9.297,0.601,,0.086,,0.0,-0.687,9.898,-4.158,5.74,0.0,,,5.74,0.0,5.74,0.0,,5.74,5.74,,96.059998,0.06,0.06,,96.059998,0.06,0.06,0.06,
03/31/1992,270.053009,,-239.503006,,30.550003,,-20.497999,,,10.053,3.895,,0.086,,0.0,-3.981,13.948,-5.858,8.09,0.0,,,8.090001,0.0,8.09,0.0,,8.09,8.09,,96.424004,0.085,0.085,,96.424004,0.085,0.085,0.085,
06/30/1992,283.42099,,-253.621994,,29.798996,,-20.243,,,9.556,1.245,,0.086,,0.0,-1.331,10.801,-4.536,6.265,0.0,,,6.265,0.0,6.265,0.0,,6.265,6.265,,96.272003,0.065,0.065,,96.272003,0.065,0.065,0.065,
09/30/1992,299.281006,,-269.351013,,29.929993,,-20.322001,,,9.608,1.617,,0.084,,0.0,-1.701,11.225,-4.715,6.51,0.0,,,6.51,0.0,6.51,0.0,,6.51,6.51,,96.351996,0.0675,0.0675,0.0675,96.351996,0.0675,0.0675,0.0675,
12/31/1992,298.612,,-264.579987,,34.032013,,-23.113001,,,10.919,1.033,,0.211,,0.0,-1.244,11.952,-5.035,6.917,0.0,,,6.917,0.0,6.917,0.0,,6.917,6.917,,96.603996,0.07,0.07,,96.603996,0.07,0.07,0.07,
03/31/1993,286.296997,,-248.669006,,37.627991,,-26.486,,,11.142,1.204,,0.211,,0.0,-1.415,12.346,-5.124,7.222,0.0,,,7.222,0.0,7.222,0.0,,7.222,7.222,,96.891998,0.0725,0.0725,,96.891998,0.0725,0.0725,0.0725,
06/30/1993,273.890015,,-234.878006,,39.012009,,-27.083,,,11.929,0.575,,0.211,,0.0,-0.786,12.504,-5.243,7.261,0.0,,,7.261,0.0,7.261,0.0,,7.261,7.261,,97.276001,0.0725,0.0725,,97.276001,0.0725,0.0725,0.0725,
09/30/1993,284.127014,,-247.223007,,36.904007,,-24.837,,,12.067,0.469,,0.212,,0.0,-0.681,12.536,-5.266,7.27,0.0,,,7.27,0.0,7.27,0.0,,7.27,7.27,,100.064004,0.0725,0.0725,0.0725,100.064004,0.0725,0.0725,0.0725,
12/31/1993,260.609985,,-226.425003,,34.184982,,-22.507999,,,11.677,0.662,,0.198,,0.0,-0.86,12.339,-5.059,7.28,0.0,,,7.28,0.0,7.28,0.0,,7.28,7.28,,100.400002,0.0725,0.0725,,100.400002,0.0725,0.0725,0.0725,
03/31/1994,272.645996,,-238.162994,,34.483002,,-22.535,,,11.948,0.223,,0.198,,0.0,-0.421,12.171,-4.871,7.3,0.0,,,7.3,0.0,7.3,0.0,,7.3,7.3,,100.720001,0.0725,0.0725,,100.720001,0.0725,0.0725,0.0725,
06/30/1994,263.768005,,-227.162994,,36.605011,,-24.607,,,11.998,0.047,,0.198,,0.0,-0.245,12.045,-4.77,7.275,0.0,,,7.275,0.0,7.275,0.0,,7.275,7.275,,100.491997,0.0725,0.0725,,100.491997,0.0725,0.0725,0.0725,
09/30/1994,368.730011,,-332.609009,,36.121002,,-39.925999,,,-3.805,-1.375,,0.198,,0.0,1.177,-5.18,2.09,-3.09,0.0,,,-3.09,0.0,-3.09,0.0,,-3.09,-3.09,,100.136,-0.03,-0.03,-0.03,100.136,-0.03,-0.03,-0.03,
12/31/1994,412.355988,,-368.588013,,43.767975,,-31.74,,,12.028,0.058,,0.554,,0.0,-0.612,12.086,-4.786,7.3,0.0,,,7.3,0.0,7.3,0.0,,7.3,7.3,,100.896004,0.0725,0.0725,0.0725,100.896004,0.0725,0.0725,0.0725,
03/31/1995,396.746002,,-350.936005,,45.809998,,-33.779999,,,12.03,0.476,,0.554,,0.0,-1.03,12.506,-4.954,7.552,0.0,,,7.552,0.0,7.552,0.0,,7.552,7.552,,100.676003,0.075,0.075,0.075,100.676003,0.075,0.075,0.075,
06/30/1995,444.626007,,-395.005005,,49.621002,,-35.542999,,,14.078,-0.169,,0.554,,0.0,-0.385,13.909,-5.507,8.402,0.0,,,8.402,0.0,8.402,0.0,,8.402,8.402,,101.652,0.0825,0.0825,0.0825,101.652,0.0825,0.0825,0.0825,
09/30/1995,469.32901,,-419.303009,,50.026001,,-35.499001,,,14.527,0.353,,0.554,,0.0,-0.907,14.88,-5.892,8.988,0.0,,,8.988,0.0,8.988,0.0,,8.988,8.988,,102.68,0.0875,0.0875,0.0875,102.68,0.0875,0.0875,0.0875,
12/31/1995,471.122009,,-421.822998,,49.299011,,-33.973999,,,15.325,0.487,,0.694,,0.0,-1.181,15.812,-6.262,9.55,0.0,,,9.55,0.0,9.55,0.0,,9.55,9.55,,102.043999,0.0925,0.0925,0.0925,103.208,0.0925,0.0925,0.0925,
03/31/1996,487.020996,,-434.303009,,52.717987,,-36.542,,,16.176001,0.182,,0.694,,0.0,-0.876,16.358001,-6.478,9.88,0.0,,,9.88,0.0,9.88,0.0,,9.88,9.88,,102.400002,0.0975,0.0975,0.0975,103.924004,0.095,0.095,0.095,
06/30/1996,436.820007,,-383.458008,,53.362,,-36.709999,,,16.652,0.533,,0.694,,0.0,-1.227,17.185,-6.805,10.38,0.0,,,10.380001,0.0,10.38,0.0,,10.38,10.38,,102.959999,0.1,0.1,0.1,104.396004,0.1,0.1,0.1,
09/30/1996,404.006989,,-351.321991,,52.684998,,-36.23,,,16.455,1.011,,0.695,,0.0,-1.706,17.466,-6.916,10.55,0.0,,,10.55,0.0,10.55,0.0,,10.55,10.55,,102.940004,0.1025,0.1025,0.1025,103.392,0.1025,0.1025,0.1025,
12/31/1996,433.648987,,-380.207001,,53.441986,,-36.452,,,16.99,1.007,,0.605,,0.0,-1.612,17.997,-7.127,10.87,0.0,,,10.87,0.0,10.87,0.0,,10.87,10.87,,103.531998,0.105,0.105,0.105,103.531998,0.105,0.105,0.105,
03/31/1997,437.734985,,-382.704987,,55.029999,,-37.269001,,,17.761,1.146,,0.709,,0.0,-1.855,18.907,-7.487,11.42,0.0,,,11.42,0.0,11.42,0.0,,11.42,11.42,,102.736,0.11,0.11,0.11,103.739998,0.11,0.11,0.11,
06/30/1997,430.177002,,-373.230011,,56.946991,,-38.351002,,,18.596001,1.222,,0.387,,0.0,-1.609,19.818001,-7.848,11.97,0.0,,,11.970001,0.0,11.97,0.0,,11.97,11.97,,102.963997,0.1175,0.1175,0.1175,104.052002,0.115,0.115,0.115,
09/30/1997,479.054993,,-410.756012,,68.298981,,-48.084999,,,20.214001,0.513,,1.258,,0.0,-1.771,20.727001,-8.092,12.635,0.0,,,12.635001,0.0,12.635,0.0,,12.635,12.635,,103.031996,0.1225,0.1225,0.1225,104.724,0.12,0.12,0.12,
12/31/1997,506.359009,,-440.786987,,65.572021,,-45.321999,,,20.25,0.751,,0.564,,0.0,-1.315,21.001,-8.191,12.81,0.0,,,12.81,0.0,12.81,0.0,,12.81,12.81,,102.867996,0.125,0.125,0.125,104.171997,0.1225,0.1225,0.1225,
03/31/1998,524.776001,,-455.773987,,69.002014,,-47.285,,,21.716999,0.121,,0.394,,0.0,-0.515,21.837999,-8.518,13.32,0.0,,,13.319999,0.0,13.32,0.0,,13.32,13.32,,102.711998,0.13,0.13,0.13,104.188004,0.1275,0.1275,0.1275,
06/30/1998,525.033997,,-457.678986,,67.355011,,-44.881001,,,22.474001,0.279,,0.804,,0.0,-1.083,22.753001,-8.873,13.88,0.0,,,13.880001,0.0,13.88,0.0,,13.88,13.88,,103.092003,0.135,0.135,0.135,105.136002,0.1325,0.1325,0.1325,
09/30/1998,544.976013,,-476.377991,,68.598022,,-46.555,,,22.042999,1.149,,0.594,,0.0,-1.743,23.191999,-8.817,14.375,0.0,,,14.374999,0.0,14.375,0.0,,14.375,14.375,,102.283997,0.14,0.14,0.14,103.711998,0.1375,0.1375,0.1375,
12/31/1998,555.171997,,-486.85199,,68.320007,,-45.154999,,,23.165001,0.889,0.279,0.279,,0.0,-1.168,24.054001,-8.899,15.155,0.0,,,15.155001,0.0,15.155,0.0,,15.155,15.155,,102.496002,0.1475,0.1475,0.1475,104.956001,0.145,0.145,0.145,
03/31/1999,779.874023,,-667.58197,,112.292053,,-84.150002,,,28.142,-2.27,2.494,2.494,,0.0,-0.224,25.872,-9.702,16.17,0.0,,,16.170001,0.0,16.17,0.0,,16.17,16.17,,102.884003,0.1575,0.1575,0.1575,106.003998,0.1525,0.1525,0.1525,
06/30/1999,771.905029,,-663.442017,,108.463013,,-79.947998,,,28.514999,-1.697,2.683,2.683,,0.0,-0.986,26.817999,-10.058,16.76,0.0,,,16.76,0.0,16.76,0.0,,16.76,16.76,,103.596001,0.1625,0.1625,0.1625,106.683998,0.1575,0.1575,0.1575,
09/30/1999,768.05603,,-659.802002,,108.254028,,-79.780998,,,28.473,-0.695,3.35,3.35,,0.0,-2.655,27.778,-10.418,17.360001,0.0,,,17.359999,0.0,17.360001,0.0,,17.360001,17.360001,,103.903999,0.1675,0.1675,0.1675,106.192001,0.1625,0.1625,0.1625,
12/31/1999,809.088013,,-705.357971,,103.730042,,-73.702003,,,30.028,-39.260001,,2.103,,0.0,37.157001,-9.232002,3.463,-5.769,0.0,,,-5.769001,0.0,-5.769,0.0,0.0,-5.769,-5.769,,104.584,-0.055,-0.055,0.17,104.584,-0.055,-0.055,0.17,
03/31/2000,881.799011,,-772.309998,,109.489014,,-79.280998,,,30.208,-1.246,,2.586,,0.0,-1.34,28.962,-10.862,18.1,0.0,,,18.1,0.0,18.1,0.0,0.0,18.1,18.1,,104.292,0.1725,0.1725,0.1725,105.075996,0.1725,0.1725,0.1725,
06/30/2000,857.828003,,-745.93103,,111.896973,,-80.188004,,,31.709,-1.149,,3.522,,0.0,-2.373,30.559999,-11.46,19.1,0.0,,,19.099999,0.0,19.1,0.0,0.0,19.1,19.1,,104.875999,0.1825,0.1825,0.1825,105.900002,0.18,0.18,0.18,
09/30/2000,870.227,,-759.648,,110.579,,-77.911,,,32.668,-1.636,3.209,3.209,,0.0,-1.573,31.032,-11.482,19.55,0.0,,,19.55,0.0,19.55,0.0,0.0,19.55,19.55,,105.156,0.185,0.185,0.185,106.692,0.1825,0.1825,0.1825,
12/31/2000,929.182007,,-816.526001,,112.656006,,-79.469002,,,33.187,-1.533,,3.045,-0.986,0.0,-0.526,31.654,-11.554,20.1,0.0,,,20.1,0.0,20.1,0.0,0.0,20.1,20.1,,105.727997,0.19,0.19,0.19,107.671997,0.185,0.185,0.185,
03/31/2001,1009.869019,,-888.455994,,121.413025,,-86.286003,,,35.126999,-1.174,,2.863,-1.025,0.0,-0.664,33.952999,-12.393,21.559999,0.0,,,21.559999,0.0,21.559999,0.0,0.0,21.559999,21.559999,,106.024002,0.2025,0.2025,0.2025,108.596001,0.1975,0.1975,0.1975,
06/30/2001,1041.416992,,-911.955994,,129.460999,,-92.691002,,,36.77,-1.306,,2.797,-0.89,0.0,-0.601,35.464001,-12.944,22.52,0.0,,,22.52,0.0,22.52,0.0,0.0,22.52,22.52,,106.956001,0.21,0.21,0.21,109.816002,0.205,0.205,0.205,
09/30/2001,976.525,,-835.382,,141.143,,-102.375,,,38.768,-1.633,2.183,3.0,-0.817,0.0,-0.55,37.135,-13.555,23.58,0.0,,,23.58,0.0,23.58,0.0,0.0,23.58,23.58,,107.18,0.22,0.22,0.22,109.644,0.215,0.215,0.215,
12/31/2001,1028.186035,,-890.664978,,137.521057,,-96.518997,,,41.001999,-1.201,1.645,2.263,-0.618,0.0,-0.444,39.800999,-13.931,25.870001,0.0,,,25.869999,0.0,25.870001,0.0,0.0,25.870001,25.870001,,107.559998,0.24,0.24,0.24,110.304001,0.235,0.235,0.235,
03/31/2002,1146.610962,,-1000.070984,,146.539978,,-104.18,,,42.360001,-1.007,1.382,1.825,-0.443,0.0,-0.375,41.353001,-14.473,26.879999,0.0,,,26.880001,0.0,26.879999,0.0,0.0,26.879999,26.879999,,107.907997,0.25,0.25,0.25,110.363998,0.245,0.245,0.245,
06/30/2002,1169.121948,,-1021.02301,,148.098938,,-104.551003,,,43.548,-0.593,,1.714,-0.744,0.0,-0.377,42.955,-15.035,27.92,0.0,,,27.920001,0.0,27.92,0.0,0.0,27.92,27.92,,108.667999,0.255,0.255,0.255,111.362,0.25,0.25,0.25,
09/30/2002,1211.742,,-1060.225,,151.517,,-106.057,,,45.46,-0.815,1.14,1.694,-0.554,0.0,-0.325,44.645,-15.625,29.02,0.0,,,29.02,0.0,29.02,0.0,0.0,29.02,29.02,,108.982,0.265,0.265,0.265,111.12,0.26,0.26,0.26,
12/31/2002,1218.680054,,-1067.634033,,151.046021,,-104.203003,,,46.842999,-0.474,0.98,1.231,-0.251,0.0,-0.506,46.368999,-16.229,30.139999,0.0,,,30.139998,0.0,30.139999,0.0,0.0,30.139999,30.139999,,109.559998,0.275,0.275,0.275,111.608002,0.27,0.27,0.27,
03/31/2003,1202.605957,,-1043.744995,,158.860962,,-110.347,,,48.514,-0.083,0.638,0.777,-0.139,0.0,-0.555,48.431,-16.951,31.48,0.0,,,31.48,0.0,31.48,0.0,0.0,31.48,31.48,,109.879997,0.285,0.285,0.285,112.382004,0.28,0.28,0.28,
06/30/2003,1131.10498,,-972.991028,,158.113953,,-107.564003,,,50.549999,0.004,0.164,0.557,-0.393,0.0,-0.168,50.553999,-17.694,32.860001,0.0,,,32.859999,0.0,32.860001,0.0,0.0,32.860001,32.860001,,110.667999,0.295,0.295,0.295,113.286003,0.29,0.29,0.29,
09/30/2003,1063.21,,-905.344,,157.866,,-106.658,,,51.208,0.377,0.114,0.687,-0.573,0.0,-0.491,51.585,-18.055,33.53,0.0,,,33.53,0.0,33.53,0.0,0.0,33.53,33.53,,111.076,0.3,0.3,0.3,113.962,0.295,0.295,0.295,
12/31/2003,1135.129028,,-972.867004,,162.262024,,-109.844002,,,52.417999,-0.418,-0.144,0.816,-0.96,0.0,0.562,51.999999,-18.200001,33.799999,0.0,,,33.799999,0.0,33.799999,0.0,0.0,33.799999,33.799999,,111.708,0.305,0.305,0.305,114.671997,0.295,0.295,0.295,
03/31/2004,1123.884033,,-955.971985,,167.912048,,-115.126999,,,52.785,0.715,0.172,0.756,-0.584,0.0,-0.887,53.5,-18.725,34.775002,0.0,,,34.774999,0.0,34.775002,0.0,0.0,34.775002,34.775002,,111.989998,0.31,0.31,0.31,114.685997,0.305,0.305,0.305,
06/30/2004,1119.536011,,-960.41803,,159.117981,,-112.487,,,46.631001,-0.585,,0.649,-0.573,0.0,0.509,46.046001,-16.115999,29.93,0.0,,,29.930001,0.0,29.93,0.0,0.0,29.93,29.93,,112.547997,0.265,0.265,0.265,115.110001,0.26,0.26,0.26,
09/30/2004,1215.686,,-1040.303,,175.383,,-128.951,,,46.432,0.446,0.396,1.344,-0.948,0.0,-0.842,46.878,-16.408,30.47,0.0,,,30.47,0.0,30.47,0.0,0.0,30.47,30.47,,112.842,0.27,0.27,0.27,114.952,0.265,0.265,0.265,
12/31/2004,1283.300049,,-1094.562012,,188.738037,,-141.505005,,,47.233002,-1.89,1.085,1.895,-0.81,0.0,0.805,45.343002,-16.479,28.864,0.0,,,28.864002,0.0,28.864,0.0,0.0,28.864,28.864,,113.435997,0.255,0.255,0.255,115.900002,0.25,0.25,0.25,
03/31/2005,1383.195,,-1181.719,,201.476,0.0,-154.083,154.083,0.0,47.393,-1.918,0.67,1.647,-0.977,0.0,1.248,45.475,-17.643,27.832,0.0,,,27.832,0.0,27.832,0.0,0.0,27.832,27.832,,113.906,0.245,0.245,0.245,116.888,0.24,0.24,0.24,
06/30/2005,1449.046997,,-1240.170044,,208.876953,,-150.195007,,,58.681999,-1.197,0.372,1.486,-1.114,0.0,0.825,57.484999,-20.879999,36.605,0.0,,,36.605,0.0,36.605,0.0,0.0,36.605,36.605,,114.893997,0.32,0.32,0.32,117.764,0.31,0.31,0.31,
09/30/2005,1519.459,,-1312.246,,207.213,,-145.63,,,61.583,-0.41,,1.443,-1.448,0.0,0.415,61.173,-22.866,38.307,0.0,,,38.307,0.0,38.307,0.0,0.0,38.307,38.307,,114.132,0.335,0.335,0.335,118.968,0.32,0.32,0.32,
12/31/2005,1683.458008,,-1471.520996,,211.937012,,-144.524002,,,67.413002,-0.186,-0.841,1.619,-2.46,0.0,1.027,67.227002,-24.202,43.025002,0.0,,,43.025002,0.0,43.025002,0.0,0.0,43.025002,43.025002,,115.924004,0.37,0.37,0.37,119.332001,0.36,0.36,0.36,
03/31/2006,1832.45,,-1606.113,,226.337,,-156.897,,,69.44,0.11,-0.886,1.768,-2.654,0.0,0.776,69.55,-25.05,44.5,0.0,,,44.5,0.0,44.5,0.0,0.0,44.5,44.5,,116.428,0.38,0.38,0.38,120.23,0.37,0.37,0.37,
06/30/2006,1926.071,,-1682.806,,243.265,,-163.694,,,79.571,-0.477,-1.061,1.951,-3.012,0.0,1.538,79.094,-28.462,50.632,0.0,,,50.632,0.0,50.632,0.0,0.0,50.632,50.632,,116.964,0.435,0.435,0.435,120.538,0.42,0.42,0.42,
09/30/2006,1979.291,,-1726.582,,252.709,,-167.577,,,85.132,0.0,-4.925,2.158,-7.083,0.0,4.925,85.132,-30.69,58.726,,,,54.442,0.0,58.726,0.0,0.0,58.726,58.726,,117.276,0.50075,0.50075,0.480751,117.276,0.50075,0.50075,0.480751,
12/31/2006,2018.508057,,-1747.057983,,271.450073,,-177.076004,,,94.374001,1.349,-2.654,1.594,-4.248,0.0,1.305,95.723001,-34.460999,61.262001,0.0,,,61.262002,0.0,61.262001,0.0,0.0,61.262001,61.262001,,117.625999,0.52,0.52,0.52,121.293999,0.505,0.505,0.505,
03/31/2007,2091.704,,-1800.88,,290.824,,-188.335,,,102.489,2.552,-3.331,1.954,-5.285,0.0,0.779,105.041,-37.815,67.226,0.0,,,67.226,0.0,67.226,0.0,0.0,67.226,67.226,,118.129,0.57,0.57,0.57,121.805,0.55,0.55,0.55,
06/30/2007,2083.689,,-1767.073,,316.616,,-200.912,,,115.704,1.159,-2.415,2.175,-4.59,0.0,1.256,116.863,-42.113,74.75,0.0,,,74.75,0.0,74.75,0.0,0.0,74.75,74.75,,118.961,0.63,0.63,0.63,122.501,0.61,0.61,0.61,
09/30/2007,2280.069,,-1947.61,,332.459,0.0,-203.07,203.07,0.0,129.389,1.626,-3.345,2.296,-5.641,0.0,1.719,131.015,-47.123,83.892,0.0,,,83.892,0.0,83.892,0.0,0.0,83.892,83.892,,119.504,0.7,0.7,0.7,123.194,0.68,0.68,0.68,
12/31/2007,2471.817,,-2083.847,,387.97,,-246.714,,,141.256,12.449,-3.279,1.301,-4.58,0.0,-9.17,153.705,-55.335,98.37,0.0,,,98.37,0.0,98.37,0.0,0.0,98.37,98.37,,120.118,0.82,0.82,0.78,124.078,0.79,0.79,0.75,
03/31/2008,2664.794,,-2230.2,,434.594,,-280.442,,,154.152,1.022,-2.729,0.569,-3.298,0.0,1.707,155.174,-55.862,99.312,0.0,,,99.312,0.0,99.312,0.0,0.0,99.312,99.312,,120.955,0.82,0.82,0.82,124.28,0.8,0.8,0.8,
06/30/2008,2918.927,,-2467.283,,451.644,,-282.773,,,168.871,0.936,-2.372,0.987,-3.359,0.0,1.436,169.807,-61.13,108.677,0.0,,,108.677,0.0,108.677,0.0,0.0,108.677,108.677,,121.474,0.89,0.89,0.89,124.624,0.87,0.87,0.87,
09/30/2008,3196.621,,-2736.343,,460.278,0.0,-281.498,281.498,0.0,178.78,-0.055,-2.653,1.557,-4.21,0.0,2.708,178.725,-64.342,114.383,0.0,,,114.383,0.0,114.383,0.0,0.0,114.383,114.383,,121.867,0.94,0.94,0.94,124.559,0.92,0.92,0.92,
12/31/2008,3232.653,3232.653,-2795.234,2795.234,437.419,0.0,-256.351,256.351,0.0,181.068,0.513,-3.373,1.229,-4.602,,2.86,181.581,-65.465,116.116,0.0,0.0,0.0,116.116,0.234,116.35,0.0,0.0,116.35,115.5154,-0.8346,122.217,0.95,0.95,0.945166,123.977,0.94,0.94,0.933268,
03/31/2009,2975.452,2975.452,-2571.828,2571.828,403.624,0.0,-232.936,232.936,0.0,170.688,-0.061,-1.792,0.797,-2.589,,1.853,170.627,-61.457,109.17,0.0,0.0,0.0,109.17,0.117,109.287,0.0,0.0,109.287,109.3702,0.0832,122.605,0.89,0.89,0.892053,124.358,0.88,0.88,0.880669,
06/30/2009,2706.724,2706.724,-2334.861,2334.861,371.863,0.0,-225.189,225.189,0.0,146.674,1.393,-2.063,0.402,-2.465,,0.67,148.067,-53.381,94.686,0.0,0.0,0.0,94.686,0.214,94.9,0.0,0.0,94.9,94.8545,-0.0455,122.953,0.77,0.77,0.77147,124.748,0.76,0.76,0.759635,
10/02/2009,2552.547,2552.547,-2204.57,2204.57,347.977,0.0,-225.834,225.834,0.0,122.143,1.713,-3.001,0.488,-3.489,,1.288,123.856,-44.616,79.24,0.0,0.0,0.0,79.24,0.077,79.317,0.0,0.0,79.317,79.40085,0.08385,123.309,0.64,0.64,0.643918,125.116,0.63,0.63,0.63067,
01/01/2010,2477.785,2477.785,-2128.576,2128.576,349.209,0.0,-235.728,235.728,0.0,113.481,-0.333,-0.226,0.612,-0.838,,0.559,113.148,-40.747,72.401,0.0,0.0,0.0,72.401,0.036,72.437,0.0,0.0,72.437,78.25325,5.81625,123.622,0.59,0.59,0.633004,125.302,0.58,0.58,0.626418,
04/02/2010,2586.974,2586.974,-2223.793,2223.793,363.181,0.0,-241.177,241.177,0.0,122.004,-0.844,-0.091,0.705,-0.796,,0.935,121.16,-43.593,77.567,0.0,0.0,0.0,77.567,-0.067,77.5,0.0,0.0,77.5,77.4909,-0.0091,123.911,0.63,0.63,0.625375,125.565,0.62,0.62,0.619928,
07/02/2010,2507.725,2507.725,-2235.537,2235.537,272.188,0.0,-227.105,227.105,0.0,45.083,-7.844,6.2,8.174,-1.974,,1.644,37.239,-17.999,19.24,0.0,0.0,0.0,19.24,-0.197,19.043,0.0,0.0,19.043,79.32,60.277,124.328,0.15,0.15,0.63799,125.967,0.15,0.15,0.628514,
10/01/2010,2343.033,2343.033,-1995.006,1995.006,348.027,0.0,-228.512,228.512,0.0,119.515,0.872,-0.8,0.383,-1.183,,-0.072,120.387,-43.308,77.079,0.0,0.0,0.0,77.079,-0.085,76.994,0.0,0.0,76.994,77.2163,0.2223,124.669,0.62,0.62,0.61937,126.067,0.61,0.61,0.611763,
12/31/2010,2356.175,2356.175,-2025.137,2025.137,331.038,0.0,-227.419,227.419,0.0,103.619,0.104,-0.097,0.827,-0.924,,-0.007,103.723,-37.026,66.697,0.0,0.0,0.0,66.697,-0.874,65.823,0.0,0.0,65.823,71.219,5.396,124.988,0.53,0.53,0.569807,126.64,0.52,0.52,0.562609,
03/30/2011,2558.016,2558.016,-2168.835,2168.835,389.181,0.0,-261.166,261.166,0.0,128.015,-1.534,1.571,2.72,-1.149,,-0.037,126.481,-45.14,81.341,0.0,0.0,0.0,81.341,-1.091,80.25,0.0,0.0,80.25,85.5695,5.3195,125.402,0.64,0.64,0.682362,127.363,0.63,0.63,0.671766,
07/01/2011,2744.178,2744.178,-2331.466,2331.466,412.712,0.0,-273.332,273.332,0.0,139.38,1.921,1.251,2.568,-1.317,,-3.172,141.301,-49.365,91.936,0.0,0.0,0.0,91.936,-1.26,90.676,0.0,0.0,90.676,90.3835,-0.2925,125.903,0.72,0.72,0.717882,127.578,0.71,0.71,0.707707,
09/30/2011,2723.295,2723.295,-2296.733,2296.733,426.562,0.0,-278.658,278.658,0.0,147.904,-2.748,1.157,2.684,-1.527,,1.591,145.156,-49.909,95.247,0.0,0.0,0.0,95.247,-0.967,94.28,0.0,0.0,94.28,94.34435,0.06435,126.463,0.75,0.75,0.746023,127.537,0.74,0.74,0.740505,
12/30/2011,2631.768,2631.768,-2210.726,2210.726,421.042,0.0,-279.09,279.09,0.0,141.952,-2.398,2.267,3.662,-1.395,,0.131,139.554,-48.118,91.436,0.0,0.0,0.0,91.436,-1.726,89.71,0.0,0.0,89.71,90.13185,0.42185,126.921,0.71,0.71,0.710141,128.087,0.7,0.7,0.703293,
03/30/2012,2702.851,2702.851,-2276.647,2276.647,426.204,0.0,-293.066,293.066,0.0,133.138,-0.823,0.933,2.496,-1.563,,-0.11,132.315,-44.869,87.446,0.0,0.0,0.0,87.446,-3.513,83.933,0.0,0.0,83.933,83.9317,-0.0013,127.412,0.66,0.66,0.658743,128.726,0.65,0.65,0.64999,
06/29/2012,2772.874,2772.874,-2339.793,2339.793,433.081,0.0,-279.715,279.715,0.0,153.366,-1.995,0.665,2.99,-2.325,,1.33,151.371,-50.381,100.99,0.0,0.0,0.0,100.99,-3.09,97.9,0.0,0.0,97.9,97.8909,-0.0091,127.922,0.77,0.77,0.765239,128.82,0.76,0.76,0.759929,
09/28/2012,2786.285,2786.285,-2339.623,2339.623,446.662,0.0,-279.045,279.045,0.0,167.617,2.479,1.772,2.538,-0.766,,-4.251,170.096,-59.014,111.082,0.0,0.0,0.0,111.082,-3.671,107.411,0.0,0.0,107.411,103.411,-4.0,128.338,0.84,0.84,0.805771,129.252,0.83,0.83,0.799053,
12/28/2012,2759.641,2759.641,-2323.918,2323.918,435.723,0.0,-275.454,275.454,0.0,160.269,-3.958,2.604,3.694,-1.09,,1.354,156.311,-51.788,104.523,0.0,0.0,0.0,104.523,-5.513,99.01,0.0,0.0,99.01,98.9619,-0.0481,128.644,0.77,0.77,0.769269,129.669,0.76,0.76,0.759629,
03/29/2013,2835.084,2835.084,-2370.183,2370.183,464.901,0.0,-299.698,299.698,0.0,165.203,-3.295,1.936,3.035,-1.099,,1.359,161.908,-54.819,107.089,0.0,0.0,0.0,107.089,-2.688,104.401,0.0,0.0,104.401,104.401,0.0,129.096,0.81,0.81,0.81,130.73,0.8,0.8,0.8,
06/28/2013,3080.995,3080.995,-2613.991,2613.991,467.004,0.0,-298.645,298.645,0.0,168.359,0.064,1.454,2.786,-1.332,,-1.518,168.423,-56.334,112.089,0.0,0.0,0.0,112.089,-3.218,108.871,0.0,0.0,108.871,108.5967,-0.2743,129.536,0.84,0.84,0.838352,131.295,0.83,0.83,0.827911,
09/27/2013,3142.656,3142.656,-2667.965,2667.965,474.691,0.0,-299.543,299.543,0.0,175.148,-0.242,1.517,3.391,-1.874,,-1.275,174.906,-58.425,116.481,0.0,0.0,0.0,116.481,-5.67,110.811,0.0,0.0,110.811,110.811,0.0,129.896,0.85,0.85,0.85,132.013,0.84,0.84,0.84,
12/27/2013,3068.891,3068.891,-2615.2,2615.2,453.691,0.0,-308.644,308.644,0.0,145.047,1.874,,,-1.987,,0.113,146.921,-47.972,98.949,0.0,0.0,0.0,98.949,-5.217,93.732,0.0,0.0,93.732,120.1948,26.4628,130.121,0.72,0.72,0.923716,132.18,0.71,0.71,0.910203,
03/28/2014,3176.033,3176.033,-2659.48,2659.48,516.553,0.0,-394.119,394.119,0.0,122.434,9.96,2.112,5.116,-3.004,,-12.072,132.394,-41.594,90.8,0.0,0.0,0.0,90.8,-7.34,83.46,0.0,0.0,83.46,101.43845,17.97845,130.384,0.64,0.64,0.777998,132.579,0.63,0.63,0.765606,
06/27/2014,3231.791,3231.791,-2670.052,2670.052,561.739,0.0,-437.802,437.802,0.0,123.937,-5.891,2.941,5.565,-2.624,,2.95,118.046,-46.737,71.309,0.0,0.0,0.0,71.309,-6.467,64.842,0.0,0.0,64.842,112.61105,47.76905,130.738,0.5,0.5,0.861349,132.611,0.49,0.49,0.850219,
09/26/2014,3218.442,3218.442,-2676.642,2676.642,541.8,0.0,-405.15,405.15,0.0,136.65,8.155,-1.321,0.947,-2.268,,-6.834,144.805,-53.751,91.054,0.0,0.0,0.0,91.054,-4.98,86.074,0.0,0.0,86.074,116.539,30.465,130.795,0.66,0.66,0.891005,132.217,0.65,0.65,0.880417,
12/26/2014,3187.005,3187.005,-2667.559,2667.559,519.446,0.0,-361.223,361.223,0.0,158.223,-3.528,3.042,5.318,-2.276,,0.486,154.695,-48.5,106.195,0.0,0.0,0.0,106.195,-6.116,100.079,0.0,0.0,100.079,100.0647,-0.0143,128.652,0.78,0.78,0.777794,129.973,0.77,0.77,0.76989,
03/27/2015,2903.332,2903.332,-2412.388,2412.388,490.944,0.0,-357.899,357.899,0.0,133.045,-4.083,2.968,4.548,-1.58,,1.115,128.962,-40.852,88.11,0.0,0.0,0.0,88.11,-6.143,81.967,0.0,0.0,81.967,91.42375,9.45675,125.992,0.65,0.65,0.725631,127.166,0.64,0.64,0.714365,
06/26/2015,2907.541,2907.541,-2422.944,2422.944,484.597,0.0,-384.163,384.163,0.0,100.434,-3.246,3.812,5.509,-1.697,,-0.566,97.188,0.12,97.308,0.0,0.0,0.0,97.308,-6.246,91.062,0.0,0.0,91.062,121.20785,30.14585,123.392,0.74,0.74,0.982299,124.601,0.73,0.73,0.971939,
10/02/2015,3116.954,3116.954,-2643.603,2643.603,473.351,0.0,-419.525,419.525,0.0,53.826,-4.535,2.42,4.129,-1.709,,2.115,49.291,-12.022,37.269,0.0,0.0,0.0,37.269,-7.406,29.863,0.0,0.0,29.863,120.2198,90.3568,121.841,0.25,0.25,0.986694,122.548,0.24,0.24,0.977318,
01/01/2016,2847.934,2847.934,-2407.46,2407.46,440.474,0.0,-381.024,381.024,0.0,59.45,-1.663,1.323,3.543,-2.22,,0.34,57.787,-7.481,50.306,0.0,0.0,0.0,50.306,-3.792,46.514,0.0,0.0,46.514,87.3877,40.8737,120.888,0.38,0.38,0.722882,121.959,0.38,0.38,0.715143,
04/01/2016,2781.763,2781.763,-2337.547,2337.547,444.216,0.0,-357.435,357.435,0.0,86.781,3.675,-0.064,2.2,-2.264,,-3.611,90.456,-27.067,63.389,0.0,0.0,0.0,63.389,1.861,65.25,0.0,0.0,65.25,93.2679,28.0179,120.216,0.54277,0.54277,0.775836,121.143,0.53862,0.53862,0.7699,
07/01/2016,2693.873,2693.873,-2242.424,2242.424,451.449,0.0,-341.893,341.893,0.0,109.556,-6.749,3.948,4.572,-0.624,,2.801,102.807,-31.87,70.937,0.0,0.0,0.0,70.937,-1.882,69.055,0.0,0.0,69.055,97.1202,28.0652,119.85,0.58,0.58,0.810348,121.446,0.57,0.57,0.801092,
09/30/2016,2640.587,2640.587,-2208.895,2208.895,431.692,0.0,-348.881,348.881,0.0,82.811,-47.138,2.205,4.945,-2.74,,44.933,35.673,-5.79,29.883,0.0,0.0,0.0,29.883,-0.239,29.644,0.0,0.0,29.644,118.4377,88.7937,119.551,0.25,0.25,0.990688,121.358,0.24,0.24,0.971667,
12/30/2016,2551.604,2551.604,-2132.292,2132.292,419.312,0.0,-330.684,330.684,0.0,88.628,-2.748,2.032,3.518,-1.486,,0.716,85.88,-24.727,61.153,0.0,0.0,0.0,61.153,-0.617,60.536,0.0,0.0,60.536,85.72385,25.18785,119.438,0.5,0.5,0.717727,121.851,0.5,0.5,0.70671,
03/31/2017,2302.567,2302.567,-1883.283,1883.283,419.284,0.0,-351.111,351.111,0.0,68.173,-7.682,1.667,3.755,-2.088,,6.015,60.491,-16.326,44.165,0.0,0.0,0.0,44.165,5.853,50.018,0.0,0.0,50.018,72.1086,22.0906,119.484,0.42,0.42,0.6035,121.714,0.41,0.41,0.591496,
06/30/2017,2514.751,2514.751,-2055.386,2055.386,459.365,0.0,-330.89,330.89,0.0,128.475,-1.079,1.931,4.054,-2.123,,-0.852,127.396,-38.767,88.629,0.0,0.0,0.0,88.629,0.403,89.032,0.0,0.0,89.032,94.93435,5.90235,119.206,0.74,0.74,0.796389,121.079,0.74,0.74,0.788748,
09/29/2017,2653.865,2653.865,-2179.575,2179.575,474.29,0.0,-367.298,367.298,0.0,106.992,12.457,-2.343,0.708,-3.051,,-10.114,119.449,-26.021,93.428,0.0,0.0,0.0,93.428,0.714,94.142,0.0,0.0,94.142,103.231,9.089,120.694872,0.78,0.78,0.855306,120.694872,0.78,0.78,0.855306,
12/29/2017,1783.999,1783.999,-1441.905,1441.905,342.094,0.0,-346.764,346.764,0.0,-4.67,-2.033,3.258,7.092,-3.834,,-1.225,-6.703,-27.2,-33.903,-36.464,-36.464,0.0,2.561,-0.398,2.163,0.0,0.0,2.163,57.775,92.076,124.122,0.02,-0.27,0.466009,125.145,0.02,-0.27,0.465755,
03/30/2018,2870.295,2870.295,-2268.667,2268.667,601.628,0.0,-532.873,532.873,0.0,68.755,-20.104,17.443,19.228,-1.785,,2.661,48.651,-51.856,-3.205,-55.137,-55.137,0.0,51.932,-3.345,48.587,0.0,0.0,48.587,123.713,130.263,141.785,0.34,-0.04,0.874373,141.785,0.34,-0.04,0.874373,
06/29/2018,2933.623,2933.623,-2325.028,2325.028,608.595,0.0,-446.083,446.083,0.0,162.512,-15.879,22.511,23.788,-1.277,,-6.632,146.633,-31.174,115.459,-34.612,-34.612,0.0,150.071,0.151,150.222,0.0,0.0,150.222,141.549,25.939,142.015,1.05,0.79,0.980706,143.029,1.05,0.79,0.971355,
09/28/2018,2991.856,2991.856,-2385.625,2385.625,606.231,0.0,-445.385,445.385,0.0,160.846,-18.446,24.564,26.652,-2.088,,-6.118,142.4,-215.402,-73.002,-41.579,-41.579,0.0,-31.423,-6.118,-37.541,0.0,-0.105,-37.646,143.895477,223.120477,142.196,-0.26,-0.54,1.026882,142.196,-0.26,-0.54,1.026882,
12/28/2018,3083.788,3083.788,-2515.268,2515.268,568.52,0.0,-455.39,455.39,0.0,113.13,-20.939,23.221,25.325,-2.104,,-2.282,92.191,-22.758,69.433,-60.158,-60.158,0.0,129.591,-5.295,124.296,0.0,-0.259,124.037,110.633,46.754,142.154,0.87,0.45,0.78358,143.578,0.86,0.45,0.775635,
03/29/2019,3091.596,3091.596,-2474.755,2474.755,616.841,0.0,-514.16,514.16,0.0,102.681,9.151,27.753,29.423,-1.67,,-36.904,111.832,7.947,119.779,57.006,57.006,0.0,62.773,-5.856,56.917,0.0,0.0,56.917,132.31,18.387,138.335,0.41,0.83,0.962461,139.316,0.41,0.82,0.951981,
06/28/2019,3169.622,3169.622,-2543.488,2543.488,626.134,0.0,-536.18,536.18,0.0,89.954,3.445,15.58,18.978,-3.398,,-19.025,93.399,1.981,95.38,-435.684,-435.684,0.0,531.064,-6.622,524.442,0.0,0.0,524.442,184.233,95.475,136.611,3.83,0.65,1.353039,137.823,3.8,0.65,1.342736,
09/27/2019,3392.862,3392.862,-2727.329,2727.329,665.533,0.0,-566.447,566.447,0.0,99.086,-45.549,7.805,10.12,-2.315,,37.744,53.537,-24.124,29.413,-120.378,-120.378,0.0,149.791,-7.467,142.324,0.0,-0.104,142.22,167.488225,145.646225,134.526,1.06,0.16,1.245025,136.105,1.04,0.16,1.230102,
12/27/2019,3360.049,3360.049,-2715.478,2715.478,644.571,0.0,-493.226,493.226,0.0,151.345,102.824,13.871,14.817,-0.946,,-116.695,254.169,-68.489,185.68,-77.587,-77.587,0.0,263.267,-6.257,257.01,0.0,-0.132,256.878,287.377825,108.086825,133.134,1.93,1.35,2.158561,134.618,1.91,1.33,2.132915,
03/27/2020,3427.18,3427.18,-2779.045,2779.045,648.135,0.0,-480.357,480.357,0.0,167.778,-344.583,14.169,15.154,-0.985,,330.414,-176.805,61.122,-115.683,-29.88,-29.88,0.0,-85.803,-6.284,-92.087,0.0,0.0,-92.087,-89.135,32.832,132.531,-0.69,-0.92,-0.67256,132.531,-0.69,-0.92,-0.67256,
06/26/2020,3260.057,3260.057,-2631.031,2631.031,629.026,0.0,-434.65,434.65,0.0,194.376,109.305,16.944,18.193,-1.249,,-126.249,303.681,-67.674,236.007,-18.043,-18.043,0.0,254.05,-9.121,244.929,0.0,0.0,244.929,241.797,14.911,130.215,1.88,1.74,1.856906,131.263,1.87,1.73,1.843596,
09/30/2020,3416.375,,,,673.87996875,,,,,254.375,,,,,,,231.333,,167.5,,,,,,167.5,,,167.5,168.5,,,1.317,1.317,1.292,,1.317,1.317,1.292,
12/31/2020,3475.143,,,,681.128028,,,,,244.833,,,,,,,241.2,,172.0,,,,,,172.0,,,172.0,174.0,,,1.276,1.276,1.317,,1.276,1.276,1.317,
