Date,Revenue,Sales & Services Revenue,Cost of Revenue,Cost of Goods & Services,Gross Profit,Other Operating Income,Operating Expenses,"Selling, General & Admin",Research & Development,Other Operating Expense,Operating Income (Loss),Non-Operating (Income) Loss,"Interest Expense, Net",Interest Expense,Interest Income,Foreign Exch (Gain) Loss,(Income) Loss from Affiliates,Other Non-Op (Income) Loss,Pretax Income,Income Tax Expense (Benefit),Income (Loss) from Cont Ops,Net Extraordinary Losses (Gains),Discontinued Operations,XO & Accounting Changes,Income (Loss) Incl. MI,Minority Interest,"Net Income, GAAP",Preferred Dividends,Other Adjustments,"Net Income Avail to Common, GAAP","Net Income Avail to Common, Adj",Net Abnormal Losses (Gains),Basic Weighted Avg Shares,"Basic EPS, GAAP",Basic EPS from Cont Ops,"Basic EPS from Cont Ops, Adjusted",Diluted Weighted Avg Shares,"Diluted EPS, GAAP",Diluted EPS from Cont Ops,"Diluted EPS from Cont Ops, Adjusted",Source: Bloomberg
12/31/1997,2990.0,,-1910.3,,1079.7,,-647.9,,,,431.8,-51.6,39.6,39.6,,,,12.0,380.2,-124.4,255.8,0.9,,,254.9,0.0,254.9,0.0,,254.9,254.9,,287.88475,0.879581,0.879581,0.942408,299.297,0.858639,0.858639,0.921466,
03/31/1998,3169.3,,-2001.2,,1168.1,,-677.3,,,,490.8,-49.6,49.6,49.6,,0.0,,0.0,441.2,-140.0,301.2,0.3,,,300.9,0.0,300.9,0.0,0.0,300.9,300.9,,295.1905,1.026178,1.026178,1.026178,305.17025,0.984293,0.984293,0.984293,
06/30/1998,4948.7,,-3302.4,,1646.3,,-996.6,,,,649.7,-64.2,64.2,64.2,,0.0,,0.0,585.5,-185.4,400.1,1.0,,,399.1,0.0,399.1,0.0,0.0,399.1,399.1,,385.29475,1.04712,1.04712,1.04712,393.79425,1.005236,1.005236,1.005236,
09/30/1998,5112.4,,-3443.1,,1669.3,,-1357.6,,,,311.7,-356.5,,152.8,,0.0,,203.7,-44.8,24.2,-20.6,0.2,,,-20.8,0.0,-20.8,0.0,,-20.8,-20.8,,386.15425,-0.041885,-0.041885,0.52356,394.606,-0.041885,-0.041885,0.52356,
12/31/1998,5213.5,,-3401.6,,1811.9,,-1083.1,,,,728.8,-803.2,123.5,123.5,,,,679.7,-74.4,-33.3,-107.7,2.4,,,-110.1,,-110.1,0.0,0.0,-110.1,-110.1,,387.2525,-0.293194,-0.293194,1.172775,387.2525,-0.293194,-0.293194,1.172775,
03/31/1999,5238.7,,-3387.8,,1850.9,,-1122.8,,,,728.1,-419.9,115.0,115.0,,,,304.9,308.2,-146.2,162.0,42.5,,,119.5,0.0,119.5,0.0,0.0,119.5,119.5,,389.377375,0.293194,0.418848,1.403141,398.1395,0.293194,0.418848,1.403141,
06/30/1999,5819.8,,-3783.3,,2036.5,,-1334.6,,,,701.9,-302.7,107.9,107.9,,,,194.8,399.2,-187.0,212.2,0.5,,,211.7,0.0,211.7,0.0,0.0,211.7,211.7,,391.573875,0.544503,0.544503,1.780105,399.61975,0.544503,0.544503,1.759162,
09/30/1999,8899.9,,-5896.9,,3003.0,,-1749.2,,,,1253.8,-643.6,169.9,231.4,,0.0,,473.7,610.2,-206.5,403.7,0.3,,,403.4,0.0,403.4,0.0,0.0,403.4,403.4,,794.885177,0.502618,0.502618,0.502618,812.165425,0.502618,0.502618,0.502618,
12/31/1999,6638.8,,-4191.9,,2446.9,,-1158.9,,,,1288.0,-263.7,164.7,164.7,,0.0,,99.0,1024.3,-263.9,760.4,0.2,,,760.2,-3.2,757.0,0.0,0.0,757.0,757.0,,404.2515,1.884817,1.884817,1.968586,409.886,1.842932,1.842932,1.926702,
03/31/2000,7070.0,,-4455.3,,2614.7,,-1266.8,,,,1347.9,-206.3,206.3,206.3,,0.0,,0.0,1141.6,-285.0,856.6,0.0,,,856.6,-1.1,855.5,0.0,0.0,855.5,855.5,,402.747375,2.136126,2.136126,2.136126,408.429625,2.094241,2.094241,2.094241,
06/30/2000,7417.8,,-4549.8,,2868.0,,-1349.5,,,,1518.5,-188.8,195.7,195.7,,,,-6.9,1329.7,-332.4,997.3,0.0,,,997.3,0.0,997.3,0.0,0.0,997.3,997.3,,402.795125,2.471204,2.471204,2.471204,408.859375,2.429319,2.429319,2.429319,
09/30/2000,7805.3,,-4734.2,,3071.1,,-1394.7,,,,1676.4,1299.5,278.1,278.1,,0.0,,-1577.6,2975.9,-1047.1,1928.8,0.0,,,1928.8,-18.7,1910.1,0.0,0.0,1910.1,1910.1,,402.269875,4.732984,4.732984,2.722513,408.907125,4.691099,4.691099,2.680628,
12/31/2000,8029.0,,-4974.4,,3054.6,,-1716.9,,,,1337.7,200.6,,,,0.0,,-200.6,1538.3,-525.0,1013.3,683.4,,,329.9,-12.5,317.4,0.0,0.0,317.4,317.4,,414.279,0.753927,2.429319,2.052356,420.72525,0.753927,2.387435,2.010471,
03/31/2001,8809.8,,-5514.5,,3295.3,,-1838.4,,,,1456.9,31.2,,,,0.0,,-31.2,1488.1,-366.0,1122.1,10.3,,,1111.8,-11.7,1100.1,0.0,0.0,1100.1,1100.1,,417.549875,2.638743,2.638743,3.057592,423.518625,2.596859,2.638743,3.057592,
06/30/2001,8680.4,,-5388.2,,3292.2,,-1574.4,,,,1717.8,-290.3,178.9,,,,,111.4,1427.5,-303.4,1124.1,-67.8,,,1191.9,-14.9,1177.0,0.0,0.0,1177.0,1177.0,,431.779375,2.722513,2.554974,2.890052,437.891375,2.680628,2.513089,2.848168,
09/30/2001,8523.6,,-5055.2,,3468.4,,-2011.0,,,,1457.4,-380.0,330.5,330.5,,0.0,,49.5,1077.4,22.1,1099.5,-181.3,,,1280.8,-8.4,1272.4,0.0,0.0,1272.4,1272.4,,461.957375,2.764398,2.34555,3.183246,467.0905,2.722513,2.34555,3.183246,
12/31/2001,8578.7,,-5234.4,,3344.3,,-1965.3,,,,1379.0,-253.0,189.2,208.8,-19.6,0.0,,63.8,1126.0,-192.8,933.2,-264.7,,,1197.9,1.5,1199.4,0.0,0.0,1199.4,1199.4,,471.43575,2.554974,1.968586,1.968586,477.428375,2.513089,1.968586,1.968586,
03/31/2002,8611.4,,-5630.0,,2981.4,,-1887.1,,,,1094.3,-3124.5,225.6,255.1,-29.5,,,2898.9,-2030.2,-23.2,-2053.4,4323.0,,,-6376.4,-1.6,-6378.0,0.0,0.0,-6378.0,-6378.0,,475.470625,-13.403141,-4.314136,2.052356,475.470625,-13.403141,-4.314136,2.052356,
06/30/2002,9099.4,,-5813.8,,3285.6,,-2073.2,,,,1212.4,-1420.2,250.3,285.6,-35.3,0.0,,1169.9,-207.8,-187.4,-395.2,2235.3,,,-2630.5,-0.7,-2631.2,0.0,0.0,-2631.2,-2631.2,,476.043625,-5.528796,-0.837696,1.507853,476.043625,-5.528796,-0.837696,1.507853,
09/30/2002,9372.8,,-6414.8,,2958.0,,-2325.2,,,,632.8,-2230.5,327.5,327.5,,,,1903.0,-1597.7,203.2,-1394.5,47.7,,,-1442.2,-0.6,-1442.8,0.0,0.0,-1442.8,-1442.8,,476.01975,-3.015707,-2.931937,1.089005,477.380625,-3.015707,-2.931937,1.089005,
12/31/2002,8927.4,,-5732.0,,3195.4,,-2145.1,,,,1050.3,-261.8,263.0,289.0,-26.0,,,-1.2,788.5,-221.9,566.6,-20.0,,,586.6,-0.7,585.9,0.0,0.0,585.9,585.9,,476.21075,1.21466,1.172775,1.172775,477.5955,1.21466,1.172775,1.172775,
03/31/2003,8988.5,,-5855.5,,3133.0,,-2470.3,,,,662.7,-367.0,277.8,299.8,-22.0,,,89.2,295.7,-170.4,125.3,0.0,,,125.3,-1.0,124.3,0.0,0.0,124.3,124.3,,476.186875,0.251309,0.251309,1.21466,477.73875,0.251309,0.251309,1.21466,
06/30/2003,9412.6,,-6013.7,,3398.9,,-2190.6,,,,1208.3,-399.8,247.6,287.6,-40.0,0.0,,152.2,808.5,-241.1,567.4,0.0,,,567.4,-0.9,566.5,0.0,0.0,566.5,566.5,,476.30625,1.172775,1.172775,1.340314,526.15725,1.13089,1.13089,1.298429,
09/30/2003,9273.0,,-6115.0,,3158.0,,-1970.0,,,,1188.0,-1277.0,,271.0,-20.0,,,1026.0,-89.0,-126.0,-215.0,81.0,,,-296.0,-1.0,-297.0,0.0,0.0,-297.0,-297.0,,476.521131,-0.628272,-0.460733,1.424084,476.521131,-0.628272,-0.460733,1.424084,
12/31/2003,9700.7,,-6226.0,,3474.7,,-2208.7,,,,1266.0,-275.5,239.2,265.2,-26.0,,,36.3,990.5,-267.9,722.6,,,,722.6,-3.4,719.2,0.0,0.0,719.2,719.2,,476.78375,1.507853,1.507853,1.549738,531.935,1.424084,1.424084,1.465969,
03/31/2004,10041.2,,-6502.4,,3538.8,,-2150.0,,,,1388.8,-343.3,212.1,226.1,-14.0,,,131.2,1045.5,-258.2,787.3,0.0,,,787.3,-4.9,782.4,0.0,0.0,782.4,782.4,,477.26125,1.633508,1.633508,1.842932,529.5475,1.549738,1.549738,1.717277,
06/30/2004,10451.0,,-6647.6,,3803.4,,-2219.1,,,,1584.3,-300.3,207.8,223.8,-16.0,,,92.5,1284.0,-358.5,925.5,0.0,,,925.5,-2.9,922.6,0.0,0.0,922.6,922.6,,477.9775,1.926702,1.926702,2.010471,530.478625,1.801047,1.801047,1.884817,
09/30/2004,8700.0,,-5584.0,,3116.0,,-1754.0,,,,1362.0,-609.0,,241.0,-35.0,,,403.0,753.0,-236.0,517.0,60.0,,,457.0,-3.0,454.0,0.0,0.0,454.0,454.0,,478.9325,0.963351,1.21466,2.052356,529.093875,0.921466,1.13089,1.884817,
12/31/2004,9601.0,,-6244.0,,3357.0,,-1965.0,,,,1392.0,-362.0,179.0,216.0,-37.0,,,183.0,1030.0,-306.0,724.0,-9.0,,,733.0,-3.0,730.0,0.0,0.0,730.0,730.0,,479.41,1.507853,1.507853,1.842932,526.6825,1.424084,1.424084,1.717277,
04/01/2005,9993.0,,-6502.0,,3491.0,,-1960.0,,,,1531.0,-758.0,177.0,208.0,-31.0,,,581.0,773.0,-373.0,400.0,207.0,,,193.0,-1.0,192.0,0.0,0.0,192.0,192.0,,479.8875,0.418848,0.837696,2.136126,520.9525,0.418848,0.795812,2.010471,
07/01/2005,9997.0,,-6470.0,,3527.0,,-1972.0,,,,1555.0,-52.0,174.0,198.0,-24.0,,,-122.0,1503.0,-425.0,1078.0,-117.0,,,1195.0,-2.0,1193.0,0.0,0.0,1193.0,1193.0,,481.08125,2.471204,2.219895,2.052356,513.07375,2.34555,2.136126,1.968586,
09/30/2005,9935.0,,-6555.0,,3380.0,,-2327.0,,,,1053.0,-169.0,,193.0,-31.0,,,7.0,884.0,-14.0,870.0,-50.0,,,920.0,-3.0,917.0,0.0,0.0,917.0,917.0,,481.55875,1.884817,1.801047,1.801047,507.82125,1.842932,1.717277,1.717277,
12/30/2005,9597.0,,-6373.0,,3224.0,,-1977.0,,,,1247.0,-175.0,151.0,188.0,-37.0,,,24.0,1072.0,-266.0,806.0,247.0,,,559.0,-3.0,556.0,0.0,0.0,556.0,556.0,,478.21625,1.172775,1.675393,1.675393,503.52375,1.13089,1.633508,1.633508,
03/31/2006,10087.0,,-6681.0,,3406.0,,-2010.0,,,,1396.0,-145.0,155.0,188.0,-33.0,,,-10.0,1251.0,-290.0,961.0,65.0,,,896.0,-1.0,895.0,0.0,0.0,895.0,895.0,,482.03625,1.842932,2.010471,2.010471,503.04625,1.801047,1.926702,1.926702,
06/30/2006,4715.0,,-3229.0,,1486.0,,-1188.0,,,,298.0,-83.0,56.0,65.0,-9.0,,,27.0,215.0,-45.0,170.0,-698.0,,,868.0,0.0,868.0,0.0,0.0,868.0,868.0,,483.23,1.801047,0.356021,0.52356,494.69,1.759162,0.34555,0.513089,
09/29/2006,4616.0,,-3024.0,,1592.0,,-1039.0,,,,553.0,-4.0,,,,,,4.0,549.0,291.0,327.0,-922.0,,,1762.0,-1.0,1248.0,0.0,0.0,1248.0,1248.0,,476.545,2.617801,0.680628,0.495916,488.005,2.565445,0.670157,0.492147,
12/29/2006,4365.0,,-2871.0,,1494.0,,-1157.0,,,,337.0,-132.0,52.0,66.0,-14.0,,,80.0,205.0,-41.0,164.0,-630.0,,,794.0,-1.0,793.0,0.0,0.0,793.0,793.0,86.0,473.68,1.675393,0.34555,0.526911,486.095,1.643979,0.335079,0.511832,
03/30/2007,4490.0,,-2986.0,,1504.0,,-1223.0,,,,281.0,-129.0,53.0,64.0,-11.0,,,76.0,152.0,12.0,164.0,-671.0,,,835.0,0.0,835.0,0.0,0.0,835.0,835.0,,470.815,1.769634,0.34555,0.34555,483.23,1.73822,0.34555,0.34555,
06/29/2007,4702.0,,-3104.0,,1598.0,,-1184.0,,,,414.0,-3303.0,49.0,78.0,-29.0,,,3254.0,-2889.0,-163.0,-3052.0,497.0,,,-3549.0,-2.0,-3551.0,0.0,0.0,-3551.0,-3551.0,,472.725,-7.518325,-6.460733,-2.342618,472.725,-7.518325,-6.460733,-2.342618,
09/28/2007,4952.0,,-3274.0,,1678.0,,-1218.0,,,,460.0,-116.0,,105.0,-50.0,,,61.0,344.0,-134.0,210.0,28.0,,,182.0,-1.0,181.0,0.0,0.0,181.0,181.0,,473.68,0.376963,0.439791,0.596859,477.5,0.376963,0.439791,0.596859,
12/28/2007,4870.0,,-3177.0,,1693.0,0.0,-1194.0,1194.0,,0.0,499.0,-7.0,59.0,117.0,-58.0,,,-52.0,492.0,-122.0,370.0,6.0,,,364.0,-1.0,363.0,0.0,0.0,363.0,363.0,,470.815,0.774869,0.78534,0.78534,474.635,0.764398,0.774869,0.774869,
03/28/2008,4863.0,,-3185.0,,1678.0,0.0,-1236.0,1204.0,,32.0,442.0,-90.0,90.0,115.0,-25.0,,,0.0,352.0,-79.0,273.0,-8.0,,,281.0,-1.0,280.0,0.0,0.0,280.0,280.0,,464.13,0.60733,0.586043,0.630858,466.995,0.596859,0.579728,0.626987,
06/27/2008,5215.0,,-3364.0,,1851.0,0.0,-1234.0,1234.0,,0.0,617.0,-372.0,75.0,91.0,-16.0,,,297.0,245.0,-45.0,200.0,-277.0,,,477.0,-1.0,476.0,0.0,0.0,476.0,476.0,,460.31,1.036649,0.429319,0.429319,464.13,1.026178,0.429319,0.429319,
09/26/2008,5284.0,,-3417.0,,1867.0,0.0,-1301.0,1301.0,,0.0,566.0,-218.0,62.0,73.0,-11.0,,,156.0,348.0,-86.0,262.0,0.0,,0.0,432.0,2.0,434.0,0.0,0.0,434.0,434.0,89.05,453.625,0.95288,0.586387,0.782695,456.49,0.95288,0.575916,0.770992,
12/26/2008,4426.0,4426.0,-2869.0,2869.0,1557.0,0.0,-1144.0,1140.0,,4.0,413.0,-57.0,61.0,73.0,-12.0,,,-4.0,356.0,-84.0,272.0,-5.0,-5.0,0.0,277.0,,277.0,0.0,0.0,277.0,286.0,14.0,451.715,0.617801,0.596859,0.633142,453.625,0.60733,0.596859,0.627721,
03/27/2009,4150.0,4150.0,-2715.0,2715.0,1435.0,0.0,-3989.0,1200.0,,2789.0,-2554.0,-60.0,67.0,78.0,-11.0,,,-7.0,-2614.0,60.0,-2554.0,12.0,12.0,0.0,-2566.0,-1.0,-2567.0,,0.0,-2567.0,255.3,2810.3,451.715,-5.675393,-5.65445,0.565179,451.715,-5.675393,-5.65445,0.565179,
06/26/2009,4152.0,4152.0,-2677.0,2677.0,1475.0,0.0,-1141.0,1110.0,,31.0,334.0,-65.0,65.0,74.0,-9.0,,,0.0,269.0,-24.0,245.0,-43.0,-43.0,0.0,288.0,-1.0,287.0,0.0,0.0,287.0,269.0,25.0,451.715,0.638743,0.544503,0.595508,453.625,0.628272,0.534031,0.589143,
09/25/2009,4322.0,4322.0,-2741.0,2741.0,1581.0,0.0,-1272.0,1177.0,,95.0,309.0,-82.0,64.0,76.0,-12.0,,,18.0,227.0,-24.0,203.0,-4.0,-4.0,0.0,207.0,-2.0,205.0,0.0,0.0,205.0,269.85,68.85,452.67,0.450262,0.439791,0.59613,454.58,0.450262,0.439791,0.591249,
12/25/2009,4155.0,4155.0,-2616.0,2616.0,1539.0,0.0,-1134.0,1123.0,,11.0,405.0,-57.0,66.0,75.0,-9.0,,,-9.0,348.0,-51.0,297.0,-6.0,-6.0,0.0,303.0,-1.0,302.0,0.0,0.0,302.0,306.0,10.0,454.58,0.670157,0.649215,0.673149,457.445,0.659686,0.649215,0.671075,
03/26/2010,4094.0,4094.0,-2603.0,2603.0,1491.0,0.0,-1066.0,1094.0,,-28.0,425.0,-64.0,67.0,75.0,-8.0,,,-3.0,361.0,-53.0,308.0,-4.0,-4.0,0.0,312.0,-2.0,310.0,0.0,0.0,310.0,272.7,-33.3,454.58,0.680628,0.670157,0.599894,456.49,0.680628,0.670157,0.597209,
06/25/2010,4274.0,4274.0,-2693.0,2693.0,1581.0,0.0,-1206.0,1163.0,,43.0,375.0,-149.0,64.0,71.0,-7.0,,,85.0,226.0,26.0,252.0,-4.0,-4.0,0.0,256.0,-2.0,254.0,0.0,0.0,254.0,354.0,104.0,469.86,0.544503,0.534031,0.753416,473.68,0.534031,0.52356,0.743117,
09/24/2010,4493.0,4493.0,-2824.0,2824.0,1669.0,0.0,-1276.0,1206.0,,70.0,393.0,-58.0,56.0,63.0,-7.0,,,2.0,335.0,-60.0,275.0,7.0,7.0,0.0,268.0,-2.0,266.0,0.0,0.0,266.0,324.45,51.45,473.68,0.565445,0.575916,0.684956,477.5,0.554974,0.575916,0.683665,
12/24/2010,4379.0,4379.0,-2750.0,2750.0,1629.0,0.0,-923.0,1137.0,,-214.0,706.0,-53.0,53.0,62.0,-9.0,,,0.0,653.0,-163.0,490.0,-169.0,-169.0,0.0,659.0,0.0,659.0,0.0,0.0,659.0,352.8,-137.2,466.04,1.413613,1.04712,0.757017,469.86,1.403141,1.04712,0.755118,
03/25/2011,3992.0,3992.0,-2444.0,2444.0,1548.0,0.0,-1111.0,1085.0,,26.0,437.0,-60.0,54.0,63.0,-9.0,,,6.0,377.0,-57.0,320.0,4.0,4.0,0.0,316.0,-1.0,315.0,0.0,0.0,315.0,349.8,30.8,450.76,0.701571,0.712042,0.776023,455.535,0.691099,0.701571,0.769183,
06/24/2011,4292.0,4292.0,-2640.0,2640.0,1652.0,0.0,-1177.0,1142.0,,35.0,475.0,-55.0,52.0,59.0,-7.0,,,3.0,420.0,-58.0,362.0,4.0,4.0,0.0,358.0,1.0,359.0,0.0,0.0,359.0,401.0,38.0,446.94,0.806283,0.816754,0.897213,453.625,0.795812,0.804629,0.888399,
09/30/2011,4691.0,4691.0,-2911.0,2911.0,1780.0,0.0,-1279.0,1270.0,,9.0,501.0,-59.0,52.0,60.0,-8.0,,,7.0,442.0,-48.0,394.0,-8.0,-8.0,0.0,402.0,-2.0,400.0,0.0,0.0,400.0,444.0,52.0,445.03,0.900524,0.879581,0.997686,449.805,0.890052,0.86911,0.984715,
12/30/2011,2478.0,2478.0,-1579.0,1579.0,899.0,0.0,-713.0,677.0,,36.0,186.0,-51.0,53.0,58.0,-5.0,,-10.0,-2.0,135.0,-27.0,98.0,-224.0,-224.0,0.0,322.0,0.0,322.0,0.0,0.0,322.0,123.0,25.0,443.12,0.722513,0.219895,0.277577,447.895,0.722513,0.219895,0.275712,
03/30/2012,2542.0,2542.0,-1634.0,1634.0,908.0,0.0,-680.0,660.0,,20.0,228.0,-59.0,55.0,59.0,-4.0,,-2.0,4.0,169.0,-33.0,134.0,-189.0,-189.0,0.0,323.0,0.0,323.0,0.0,0.0,323.0,140.0,6.0,442.165,0.732984,0.303665,0.316624,447.895,0.722513,0.303665,0.316624,
06/29/2012,2655.0,2655.0,-1685.0,1685.0,970.0,0.0,-852.0,829.0,,23.0,118.0,-53.0,54.0,59.0,-5.0,,-7.0,-1.0,65.0,6.0,64.0,-181.0,-181.0,0.0,245.0,1.0,246.0,0.0,0.0,246.0,188.0,123.0,442.165,0.554974,0.146597,0.425181,448.85,0.544503,0.146597,0.42063,
09/28/2012,2728.0,2728.0,-1728.0,1728.0,1000.0,0.0,-847.0,749.0,,98.0,153.0,-481.0,28.0,33.0,-5.0,,-7.0,453.0,-328.0,-294.0,-629.0,-210.0,-210.0,0.0,-419.0,0.0,-419.0,,0.0,-419.0,154.0,783.0,441.21,-0.95288,-1.424084,0.34904,441.21,-0.95288,-1.424084,0.34904,
12/28/2012,2600.0,2600.0,-1668.0,1668.0,932.0,0.0,-697.0,682.0,,15.0,235.0,-29.0,20.0,24.0,-4.0,,-6.0,9.0,206.0,-39.0,161.0,-4.0,-4.0,0.0,165.0,-2.0,163.0,0.0,0.0,163.0,181.9,22.9,445.03,0.366492,0.356021,0.408736,451.715,0.356021,0.356021,0.406716,
03/29/2013,2474.0,2474.0,-1591.0,1591.0,883.0,0.0,-788.0,766.0,,22.0,95.0,-42.0,22.0,25.0,-3.0,,-6.0,20.0,53.0,2.0,49.0,-21.0,-21.0,0.0,70.0,2.0,72.0,0.0,0.0,72.0,155.0,104.0,445.03,0.167539,0.115183,0.348291,452.67,0.167539,0.115183,0.344931,
06/28/2013,2537.0,2537.0,-1606.0,1606.0,931.0,0.0,-769.0,712.0,,57.0,162.0,-21.0,20.0,26.0,-6.0,,-6.0,1.0,141.0,-23.0,112.0,-23.0,-23.0,0.0,135.0,0.0,135.0,0.0,0.0,135.0,206.8,94.8,442.165,0.303665,0.251309,0.467698,449.805,0.293194,0.251309,0.462067,
09/27/2013,2761.0,2761.0,-1730.0,1730.0,1031.0,0.0,-769.0,731.0,,38.0,262.0,-21.0,22.0,25.0,-3.0,,-30.0,-1.0,241.0,-52.0,159.0,-4.0,-4.0,0.0,163.0,3.0,166.0,0.0,0.0,166.0,226.0,64.0,442.165,0.376963,0.366492,0.511121,449.805,0.366492,0.356021,0.498305,
12/27/2013,2493.0,2493.0,-1575.0,1575.0,918.0,0.0,-574.0,571.0,,3.0,344.0,-22.0,21.0,24.0,-3.0,,-4.0,1.0,322.0,-70.0,248.0,-24.0,-24.0,0.0,272.0,-2.0,270.0,0.0,0.0,270.0,196.0,-50.0,443.12,0.60733,0.554974,0.442318,449.805,0.596859,0.544503,0.433343,
03/28/2014,2480.0,2480.0,-1578.0,1578.0,902.0,0.0,-643.0,635.0,,8.0,259.0,-23.0,22.0,25.0,-3.0,,-5.0,1.0,236.0,-39.0,192.0,-15.0,-15.0,0.0,207.0,0.0,207.0,0.0,0.0,207.0,221.0,29.0,440.255,0.460733,0.429319,0.501982,447.895,0.460733,0.429319,0.494067,
06/27/2014,2660.0,2660.0,-1675.0,1675.0,985.0,0.0,-688.0,671.0,,17.0,297.0,-20.0,20.0,24.0,-4.0,,215.0,0.0,277.0,-55.0,437.0,-1015.0,-1015.0,0.0,1452.0,-2.0,1450.0,0.0,0.0,1450.0,254.0,-181.0,437.39,3.319372,0.994764,0.580717,445.03,3.256545,0.973822,0.567108,
09/26/2014,2703.0,2703.0,-1721.0,1721.0,982.0,0.0,-1181.0,1161.0,,20.0,-199.0,-19.0,20.0,24.0,-4.0,,0.0,-1.0,-218.0,140.0,-78.0,14.0,14.0,0.0,-92.0,3.0,-89.0,0.0,0.0,-89.0,255.0,330.0,438.0,-0.2,-0.17,0.582192,438.0,-0.2,-0.17,0.582192,
12/26/2014,2478.0,2478.0,-1569.0,1569.0,909.0,0.0,-710.0,652.0,,58.0,199.0,-17.0,21.0,24.0,-3.0,,,-4.0,182.0,-19.0,163.0,2.0,2.0,0.0,161.0,1.0,162.0,0.0,0.0,162.0,212.35,48.35,401.1,0.408377,0.408377,0.529419,407.785,0.397906,0.397906,0.516473,
03/27/2015,2430.0,2430.0,-1549.0,1549.0,881.0,0.0,-660.0,648.0,,12.0,221.0,-22.0,21.0,25.0,-4.0,,0.0,1.0,199.0,-18.0,181.0,16.0,16.0,0.0,165.0,2.0,167.0,0.0,0.0,167.0,233.0,50.0,401.1,0.418848,0.460733,0.580903,407.785,0.408377,0.450262,0.572875,
06/26/2015,2489.0,2489.0,-1573.0,1573.0,916.0,0.0,-663.0,625.0,,38.0,253.0,-16.0,22.0,26.0,-4.0,,,-6.0,237.0,-49.0,188.0,32.0,32.0,0.0,156.0,0.0,156.0,0.0,0.0,156.0,248.0,60.0,402.055,0.387435,0.471204,0.616831,407.785,0.387435,0.460733,0.607869,
09/25/2015,8749.0,8749.0,-7190.0,7190.0,1559.0,0.0,-1428.0,1031.0,,397.0,131.0,27.0,209.0,213.0,-4.0,,0.0,-136.0,158.0,-135.0,23.0,-346.0,-346.0,0.0,369.0,-20.0,349.0,0.0,0.0,349.0,684.0,681.0,625.716,0.554974,0.004795,1.093148,625.716,0.554974,0.002007,1.09036,
12/25/2015,4696.0,4696.0,-3439.0,3439.0,1257.0,0.0,-847.0,847.0,,0.0,410.0,-24.0,70.0,72.0,-2.0,-11.0,,7.0,386.0,-83.0,303.0,-187.0,-187.0,0.0,490.0,-40.0,450.0,0.0,0.0,450.0,347.864,84.864,618.5535,0.722513,0.450262,0.589867,623.424,0.722513,0.450262,0.586387,
03/25/2016,4733.0,4733.0,-3446.0,3446.0,1287.0,0.0,-959.0,899.0,,60.0,328.0,-31.0,63.0,65.0,-2.0,3.0,,5.0,297.0,-41.0,256.0,725.0,725.0,0.0,-469.0,-61.0,-530.0,0.0,0.0,-530.0,545.05,350.05,619.031,-0.858639,0.356021,0.917644,622.7555,-0.858639,0.34555,0.907648,
06/24/2016,5154.0,5154.0,-3732.0,3732.0,1422.0,0.0,-922.0,895.0,,27.0,500.0,-20.0,65.0,66.0,-1.0,-166.0,,166.0,480.0,-78.0,402.0,-57.0,-57.0,0.0,459.0,-76.0,383.0,0.0,0.0,383.0,424.441707,98.441707,406.83,0.935258,0.855999,1.094909,409.858042,0.935258,0.840147,1.080332,
09/30/2016,6254.0,6254.0,-4566.0,4566.0,1688.0,0.0,-1750.0,1549.0,,201.0,-62.0,-40.0,86.0,90.0,-4.0,-10.0,,11.0,-102.0,5.0,-97.0,1035.0,1035.0,0.0,-1132.0,-39.0,-1171.0,0.0,0.0,-1171.0,671.969,807.969,728.3,-1.61,-0.155156,0.954235,728.3,-1.61,-0.16,0.94939,
12/31/2016,7086.0,7086.0,-4972.0,4972.0,2114.0,0.0,-1648.0,1570.0,,78.0,466.0,-81.0,103.0,110.0,-7.0,3.0,,30.0,385.0,27.0,412.0,34.0,34.0,0.0,378.0,-49.0,329.0,0.0,0.0,329.0,470.162,107.162,937.2,0.35,0.4,0.51127,947.4,0.35,0.39,0.503112,
03/31/2017,7267.0,7267.0,-4986.0,4986.0,2281.0,0.0,-1825.0,1726.0,,99.0,456.0,-63.0,113.0,118.0,-5.0,-8.0,,11.0,393.0,-508.0,-115.0,0.0,0.0,0.0,-115.0,-33.0,-148.0,0.0,0.0,-148.0,462.48,610.48,939.2,-0.16,-0.16,0.492419,939.2,-0.16,-0.16,0.49,
06/30/2017,7683.0,7683.0,-5252.0,5252.0,2431.0,0.0,-1658.0,1609.0,,49.0,773.0,-55.0,111.0,115.0,-4.0,-1.0,,14.0,718.0,-89.0,629.0,0.0,0.0,0.0,629.0,-74.0,555.0,0.0,0.0,555.0,644.0,89.0,935.4,0.59,0.59,0.688476,944.4,0.59,0.59,0.68424,
09/30/2017,8136.0,8136.0,-5623.0,5623.0,2513.0,0.0,-1394.0,1253.0,0.0,141.0,1119.0,-57.0,120.0,123.0,-3.0,0.0,,0.0,1062.0,-135.0,927.0,0.0,0.0,0.0,927.0,-52.0,875.0,0.0,0.0,875.0,813.0,-62.0,929.4,0.93,0.93,0.874758,938.0,0.93,0.93,0.863902,
12/31/2017,5305.0,5305.0,-3607.0,3607.0,1698.0,0.0,-1473.0,1319.0,,154.0,225.0,-55.0,102.0,109.0,-7.0,0.0,,0.0,170.0,-217.0,-47.0,-318.0,-318.0,0.0,271.0,-41.0,230.0,0.0,0.0,230.0,349.0,437.0,926.1,0.25,-0.08,0.390887,926.1,0.25,-0.08,0.390887,
03/31/2018,5630.0,5630.0,-3806.0,3806.0,1824.0,0.0,-1490.0,1490.0,,0.0,334.0,-80.0,98.0,99.0,-1.0,1.0,,8.0,254.0,-36.0,218.0,-265.0,-265.0,0.0,483.0,-45.0,438.0,0.0,0.0,438.0,228.0,55.0,926.2,0.47,0.2,0.258044,932.5,0.47,0.2,0.258044,
06/30/2018,6282.0,6282.0,-4194.0,4194.0,2088.0,0.0,-1441.0,1441.0,,0.0,647.0,-40.0,95.0,100.0,-5.0,-14.0,,14.0,607.0,-61.0,546.0,-258.0,-258.0,0.0,804.0,-81.0,723.0,0.0,0.0,723.0,497.0,32.0,925.6,0.78,0.51,0.546672,930.7,0.78,0.51,0.544383,
09/30/2018,6183.0,6183.0,-4126.0,4126.0,2057.0,0.0,-1493.0,1392.0,,101.0,564.0,-49.0,102.0,102.0,0.0,-12.0,,7.0,515.0,117.0,632.0,-193.0,-193.0,0.0,825.0,-54.0,771.0,0.0,0.0,771.0,520.0,-58.0,924.8,0.83,0.640138,0.577422,930.5,0.83,0.64,0.577422,
12/31/2018,5464.0,5464.0,-3739.0,3739.0,1725.0,0.0,-1438.0,1438.0,,0.0,287.0,-43.0,84.0,91.0,-7.0,-5.0,,6.0,244.0,-108.0,136.0,-263.0,-263.0,0.0,399.0,-44.0,355.0,0.0,0.0,355.0,228.0,136.0,921.6,0.39,0.12,0.263672,925.2,0.38,0.12,0.263672,
03/31/2019,5779.0,5779.0,-3935.0,3935.0,1844.0,0.0,-1458.0,1458.0,,0.0,386.0,-65.0,91.0,97.0,-6.0,0.0,,7.0,321.0,-47.0,274.0,-284.0,-284.0,0.0,558.0,-43.0,515.0,0.0,0.0,515.0,296.118,65.118,902.5,0.57,0.27,0.338081,905.9,0.57,0.27,0.338081,
06/30/2019,6451.0,6451.0,-4307.0,4307.0,2144.0,0.0,-1623.0,1388.0,,235.0,521.0,-57.0,119.0,147.0,-28.0,-1.0,,1.0,464.0,-239.0,225.0,-4051.0,-4051.0,0.0,4276.0,-84.0,4192.0,0.0,0.0,4192.0,565.0,424.0,870.9,4.81,0.16,0.648754,875.2,4.79,0.16,0.644461,
09/30/2019,6274.0,6274.0,-4294.0,4294.0,1980.0,0.0,-1960.0,1960.0,,0.0,20.0,7.0,46.0,66.0,-20.0,-6.0,,8.0,27.0,627.0,654.0,0.0,0.0,0.0,654.0,-42.0,612.0,0.0,0.0,612.0,615.0,3.0,786.7,0.77,0.77,0.781747,791.7,0.77,0.77,0.773789,
12/31/2019,5576.0,5576.0,-3773.0,3773.0,1803.0,0.0,-1538.0,1427.0,,111.0,265.0,-9.0,49.0,62.0,-13.0,-2.0,,5.0,256.0,-65.0,191.0,0.0,0.0,0.0,191.0,-32.0,159.0,0.0,0.0,159.0,306.0,147.0,769.9,0.21,0.21,0.397454,774.0,0.21,0.21,0.397454,
03/31/2020,5444.0,5444.0,-3643.0,3643.0,1801.0,0.0,-1513.0,1451.0,,62.0,288.0,-39.0,57.0,62.0,-5.0,-3.0,,5.0,249.0,-13.0,236.0,0.0,0.0,0.0,236.0,-23.0,213.0,0.0,0.0,213.0,317.0,104.0,754.8,0.28,0.28,0.419979,757.1,0.28,0.28,0.417366,
06/30/2020,5343.0,5343.0,-3511.0,3511.0,1832.0,0.0,-1944.0,1334.0,,610.0,-112.0,-11.0,55.0,58.0,-3.0,-5.0,,8.0,-123.0,1.0,-122.0,0.0,0.0,0.0,-122.0,-60.0,-182.0,0.0,0.0,-182.0,78.0,260.0,744.0,-0.24,-0.24,0.104839,744.0,-0.24,-0.24,0.104839,
09/30/2020,5600.063,,,,1877.25311886,,,,,,687.917,,,,,,,,654.9,,543.4,,,,,,543.4,,,543.4,523.857,,,0.712,0.712,0.711,,0.712,0.712,0.711,
12/31/2020,5332.0,,,,1728.52776,,,,,,443.889,,,,,,,,389.571,,237.0,,,,,,237.0,,,237.0,297.0,,,0.353,0.353,0.398,,0.353,0.353,0.398,
