Date,Revenue,Sales & Services Revenue,Other Revenue,Cost of Revenue,Cost of Goods & Services,Gross Profit,Other Operating Income,Operating Expenses,"Selling, General & Admin",Selling & Marketing,General & Administrative,Research & Development,Other Operating Expense,Operating Income (Loss),Non-Operating (Income) Loss,"Interest Expense, Net",Interest Expense,Interest Income,Foreign Exch (Gain) Loss,Other Non-Op (Income) Loss,Pretax Income,Income Tax Expense (Benefit),Income (Loss) from Cont Ops,Net Extraordinary Losses (Gains),Discontinued Operations,XO & Accounting Changes,Income (Loss) Incl. MI,Minority Interest,"Net Income, GAAP",Preferred Dividends,Other Adjustments,"Net Income Avail to Common, GAAP","Net Income Avail to Common, Adj",Net Abnormal Losses (Gains),Basic Weighted Avg Shares,"Basic EPS, GAAP",Basic EPS from Cont Ops,"Basic EPS from Cont Ops, Adjusted",Diluted Weighted Avg Shares,"Diluted EPS, GAAP",Diluted EPS from Cont Ops,"Diluted EPS from Cont Ops, Adjusted",Source: Bloomberg
09/30/1989,3.355,,,-1.693,,1.662,,-1.42,,,,,,0.242,-0.003,,0.019,,0.0,-0.016,0.239,-0.085,0.154,0.023,,,0.131,0.0,0.131,0.0,,0.131,0.131,,65.663984,0.002222,0.002778,,65.663984,0.002222,0.002778,0.002778,
12/31/1989,4.285,,,-2.509,,1.776,,-1.424,,,,,,0.352,0.047,,0.01,,0.0,-0.057,0.399,-0.145,0.254,0.08,,,0.174,0.0,0.174,0.0,,0.174,0.174,,65.663984,0.002778,0.003889,,65.663984,0.002778,0.003889,0.003889,
03/31/1990,3.965,,,-2.015,,1.95,,-1.291,,,,,,0.659,0.07,,0.007,,0.0,-0.077,0.729,-0.262,0.467,0.224,,,0.243,0.0,0.243,0.0,,0.243,0.243,,63.593984,0.003889,0.007222,,63.593984,0.003889,0.007222,0.007222,
06/30/1990,3.556,,,-2.19,,1.366,,-1.221,,,,,,0.145,0.04,,0.007,,0.0,-0.047,0.185,-0.123,0.062,1.146,,,-1.084,0.0,-1.084,0.0,,-1.084,-1.084,,63.377983,-0.017222,0.001111,,63.377983,-0.017222,0.001111,0.001111,
09/30/1990,6.018,,,-3.872,,2.146,,-1.252,,,,,,0.894,0.116,,0.014,,0.0,-0.13,1.01,-0.39,0.62,0.0,,,0.62,0.0,0.62,0.0,,0.62,0.62,,63.521985,0.01,0.01,,63.521985,0.01,0.01,0.01,
12/31/1990,5.026,,,-2.883,,2.143,,-1.269,,,,,,0.874,0.042,,0.006,,0.0,-0.048,0.916,-0.331,0.585,0.0,,,0.585,0.0,0.585,0.0,,0.585,0.585,,63.503986,0.008889,0.008889,,63.503986,0.008889,0.008889,0.008889,
03/31/1991,3.83,,,-1.794,,2.036,,-1.315,,,,,,0.721,0.134,,0.003,,0.0,-0.137,0.855,-0.307,0.548,0.0,,,0.548,0.0,0.548,0.0,,0.548,0.548,,63.593984,0.008889,0.008889,,63.593984,0.008889,0.008889,0.008889,
06/30/1991,5.863,,,-3.904,,1.959,,-1.334,,,,,,0.625,0.117,,0.002,,0.0,-0.119,0.742,-0.314,0.428,0.0,,,0.428,0.0,0.428,0.0,,0.428,0.428,,63.647984,0.006667,0.006667,,63.647984,0.006667,0.006667,0.006667,
09/30/1991,5.579,,,-2.928,,2.651,,-1.428,,,,,,1.223,0.136,,0.0,,0.0,-0.136,1.359,-0.489,0.87,0.0,,,0.87,0.0,0.87,0.0,,0.87,0.87,,64.781983,0.013333,0.013333,,64.781983,0.013333,0.013333,0.013333,
12/31/1991,5.866,,,-3.076,,2.79,,-1.399,,,,,,1.391,0.124,,0.002,,0.0,-0.126,1.515,-0.546,0.969,0.0,,,0.969,0.0,0.969,0.0,,0.969,0.969,,65.861982,0.015,0.015,,65.861982,0.015,0.015,0.015,
03/31/1992,5.434,,,-2.823,,2.611,,-1.452,,,,,,1.159,0.376,,0.0,,0.0,-0.376,1.535,-0.552,0.983,-0.028,,,1.011,0.0,1.011,0.0,,1.011,1.011,,66.935984,0.015,0.014167,,66.935984,0.015,0.014167,0.014167,
06/30/1992,7.017,,,-3.94,,3.077,,-1.557,,,,,,1.52,0.162,,0.0,,0.0,-0.162,1.682,-0.612,1.07,-0.039,,,1.109,0.0,1.109,0.0,,1.109,1.109,,67.367981,0.016667,0.015833,,67.367981,0.016667,0.015833,0.015833,
09/30/1992,6.427,,,-3.337,,3.09,,-1.486,,,,,,1.604,0.201,,,,0.0,-0.201,1.805,-0.657,1.148,-0.025,,,1.173,0.0,1.173,0.0,,1.173,1.173,,67.391985,0.0175,0.0175,,67.391985,0.0175,0.0175,0.0175,
12/31/1992,9.899,,,-6.44,,3.459,,-1.714,,,,,,1.745,0.145,,0.0,,0.0,-0.145,1.89,-0.612,1.278,-0.91,,,2.188,0.0,2.188,0.0,,2.188,2.188,,69.251982,0.031667,0.018333,,69.251982,0.031667,0.018333,0.018333,
03/31/1993,6.746,,,-3.297,,3.449,,-1.709,,,,,,1.74,0.152,,0.0,,0.0,-0.152,1.892,-0.607,1.285,-0.025,,,1.31,0.0,1.31,0.0,,1.31,1.31,,70.231985,0.01875,0.01875,,70.231985,0.01875,0.01875,0.01875,
06/30/1993,9.517,,,-5.406,,4.111,,-1.938,,,,,,2.173,0.129,,0.0,,0.0,-0.129,2.302,-0.741,1.561,-0.027,,,1.588,0.0,1.588,0.0,,1.588,1.588,,93.919975,0.01625,0.01625,,93.919975,0.01625,0.01625,0.01625,
09/30/1993,9.218,,,-5.133,,4.085001,,-2.09,,,,,,1.995,0.262,,0.0,,0.0,-0.262,2.257,-0.819,1.438,0.0,,,1.438,0.0,1.438,0.0,,1.438,1.438,,71.519979,0.02,0.02,,71.519979,0.02,0.02,0.02,
12/31/1993,10.141,,,-5.722,,4.419,,-2.594,,,,,,1.825,0.595,,,,0.0,-0.595,2.42,-0.748,1.672,0.0,,,1.672,0.0,1.672,0.0,,1.672,1.672,,72.33598,0.02375,0.02375,,72.33598,0.02375,0.02375,0.02375,
03/31/1994,8.851,,,-4.683,,4.168,,-2.284,,,,,,1.884,0.168,,0.0,,0.0,-0.168,2.052,-0.761,1.291,0.0,,,1.291,0.0,1.291,0.0,,1.291,1.291,,72.342001,0.018333,0.018333,,72.342001,0.018333,0.018333,0.018333,
06/30/1994,10.18,,,-4.975,,5.205,,-2.067,,,,,,3.138,-0.063,,0.0,,0.0,0.063,3.075,-1.217,1.858,0.0,,,1.858,0.0,1.858,0.0,,1.858,1.858,,71.981998,0.025,0.025,,71.981998,0.025,0.025,0.025,
09/30/1994,9.649,,,-4.579,,5.07,,-2.436,,,,,,2.634,0.169,,0.0,,0.0,-0.169,2.803,-0.972,1.831,0.0,,,1.831,0.0,1.831,0.0,,1.831,1.831,,71.741999,0.025,0.025,,71.741999,0.025,0.025,0.025,
12/31/1994,11.405,,,-5.363,,6.042,,-2.968,,,,,,3.074,0.172,,0.0,,0.0,-0.172,3.246,-1.241,2.005,0.0,,,2.005,0.0,2.005,0.0,,2.005,2.005,,72.282,0.028333,0.028333,,72.282,0.028333,0.028333,0.028333,
03/31/1995,10.405,,,-4.933,,5.472,,-2.835,,,,,,2.637,0.213,,0.0,,0.0,-0.213,2.85,-1.076,1.774,0.0,,,1.774,0.0,1.774,0.0,,1.774,1.774,,72.323999,0.025,0.025,,72.323999,0.025,0.025,0.025,
06/30/1995,14.665,,,-8.071,,6.594,,-3.136,,,,,,3.458,0.285,,0.0,,0.0,-0.285,3.743,-1.375,2.368,0.0,,,2.368,0.0,2.368,0.0,,2.368,2.368,,73.043999,0.031667,0.031667,,73.043999,0.031667,0.031667,0.031667,
09/30/1995,16.15,,,-7.911,,8.239,,-3.504,,,,,,4.735,0.239,,,,0.0,-0.239,4.974,-1.879,3.095,0.0,,,3.095,0.0,3.095,0.0,,3.095,3.095,,74.052,0.041667,0.041667,,74.052,0.041667,0.041667,0.041667,
12/31/1995,16.518999,,,-8.27,,8.248999,,-3.821,,,,,,4.428,0.073,,,,0.0,-0.073,4.501,-1.742,2.759,0.0,,,2.759,0.0,2.759,0.0,,2.759,2.759,,74.681997,0.036667,0.036667,,74.681997,0.036667,0.036667,0.036667,
03/31/1996,16.561001,,,-8.721,,7.840001,,-3.569,,,,,,4.271,0.2,,,,0.0,-0.2,4.471,-1.71,2.761,0.0,,,2.761,0.0,2.761,0.0,,2.761,2.761,,75.060001,0.036667,0.036667,0.036667,75.060001,0.036667,0.036667,0.036667,
06/30/1996,18.327999,,,-8.691,,9.636999,,-3.865,,,,,,5.772,0.155,,,,0.0,-0.155,5.927,-2.274,3.653,2.62,,,1.033,0.0,1.033,0.0,,1.033,1.033,,75.827997,0.026667,0.048333,,75.827997,0.026667,0.048333,0.048333,
09/30/1996,18.35,,,-8.343,,10.007,,-4.106,,,,,,5.901,0.251,,,,0.0,-0.251,6.152,-2.349,3.803,0.0,,,3.803,0.0,3.803,0.0,,3.803,3.803,,76.157999,0.05,0.05,0.05,76.157999,0.05,0.05,0.05,
12/31/1996,21.348,,,-11.174,,10.174,,-4.334,,,,,,5.84,0.262,,,,0.0,-0.262,6.102,-2.324,3.778,0.15,,,3.628,0.0,3.628,0.0,,3.628,3.628,,76.5,0.048333,0.050333,0.05,76.5,0.048333,0.050333,0.05,
03/31/1997,22.061001,,,-11.749,,10.312001,,-4.469,,,,,,5.843,0.198,,,,0.0,-0.198,6.041,-2.306,3.735,0.089,,,3.646,0.0,3.646,0.0,,3.646,3.646,,71.767998,0.0525,0.0525,0.0525,76.543999,0.0475,0.05,0.05,
06/30/1997,20.841,,,-9.81,,11.030999,,-4.374,,,,,,6.657,0.135,,,,0.0,-0.135,6.792,-2.353,4.439,0.211,,,4.228,0.0,4.228,0.0,,4.228,4.228,,75.944,0.055,0.0575,0.0575,75.944,0.055,0.0575,0.0575,
09/30/1997,20.059,,,-8.818,,11.241,,-4.643,,,,,,6.598,0.389,,,,0.0,-0.389,6.987,-2.56,4.427,0.261,,,4.166,0.0,4.166,0.0,,4.166,4.166,,78.132004,0.0525,0.05575,0.0575,78.132004,0.0525,0.05575,0.0575,
12/31/1997,27.384001,,,-13.743,,13.641001,,-5.906,,,,,,7.735,0.403,,,,0.0,-0.403,8.138,-3.065,5.073,-0.054,,,5.127,0.0,5.127,0.0,,5.127,5.127,,75.211998,0.0675,0.0675,0.0675,78.491997,0.065,0.065,0.065,
03/31/1998,27.247,,,-12.731,,14.516,,-6.302,,,,,,8.214,0.398,,,,0.0,-0.398,8.612,-3.215,5.397,0.191,,,5.206,0.0,5.206,0.0,,5.206,5.206,,75.632004,0.07,0.0725,0.0725,79.543999,0.065,0.0675,0.0675,
06/30/1998,45.628,,,-24.705,,20.923,0.0,-8.95,7.558,4.129,,,1.392,11.973,0.419,,,-0.363,0.0,-0.056,12.392,-4.587,7.805,0.27,,,7.535,0.0,7.535,0.0,0.0,7.535,7.535,,78.94,0.0975,0.098873,0.1,83.388,0.09,0.093238,0.0925,
09/30/1998,49.125,,,-26.907,,22.218,,-8.491,,,,,,13.727,0.499,,0.0,,0.0,-0.499,14.226,-5.457,8.769,-0.024,,,8.793,0.0,8.793,0.0,,8.793,8.793,,79.244003,0.11,0.11,0.11,83.996002,0.105,0.105,0.105,
12/31/1998,47.583,,,-25.875999,,21.707001,,-10.747,,,,,,10.96,0.645,,0.02,,0.0,-0.665,11.605,-4.485,7.12,0.249,,,6.871,0.0,6.871,0.0,,6.871,6.871,,79.727997,0.0875,0.09,0.105,84.720001,0.0825,0.085,0.1,
03/31/1999,43.991001,,,-23.812,,20.179001,,-8.026,,,,,,12.153,0.593,,0.008,,0.0,-0.601,12.746,-4.479,8.267,0.531,,,7.736,0.0,7.736,0.0,,7.736,7.736,,80.019997,0.1,0.105,0.105,84.755997,0.095,0.1,0.1,
06/30/1999,52.827992,,,-30.647997,,22.179995,,-9.296001,,,,,,12.883999,0.152,,0.065,,0.0,-0.217,13.035999,-4.465999,8.570002,0.002,,,8.568,0.0,8.568,0.0,,8.568,8.568,,83.71202,0.1,0.1,0.1,87.663984,0.0975,0.0975,0.0975,
09/30/1999,43.426998,,,-23.421,,20.005999,,-8.831,,,,,,11.175,1.559,,0.106,,0.0,-1.665,12.734,-4.195,8.539,0.332,,,8.207,0.0,8.207,0.0,,8.207,8.207,,81.311996,0.1,0.105,0.105,84.031998,0.1,0.1,0.1,
12/31/1999,54.083,,,-36.098999,,17.984001,,-11.555,,,,,,6.429,-0.169,,0.468,,0.0,-0.299,6.26,-2.059,4.201,0.0,,,4.201,0.0,4.201,0.0,,4.201,4.201,,81.416,0.05,0.05,0.05,84.328003,0.05,0.05,0.05,
03/31/2000,58.421001,,,-31.264999,,27.156002,,-11.601,,,,,,15.555,-0.165,,0.567,,0.0,-0.402,15.39,-5.214,10.176,0.0,,,10.176,0.0,10.176,0.0,,10.176,10.176,,81.900002,0.12,0.12,0.12,85.697998,0.12,0.12,0.12,
06/30/2000,75.060997,,,-41.73,,33.330997,,-15.576,,,,,,17.754999,-0.513,,0.814,,0.0,-0.301,17.241999,-5.812,11.43,0.0,,,11.429999,0.0,11.43,0.0,,11.43,11.43,,82.433998,0.14,0.14,0.14,87.047997,0.13,0.13,0.13,
09/30/2000,77.008003,,,-42.375999,,34.632004,,-15.944,,,,,,18.688,-0.119,,0.679,-0.56,0.0,0.0,18.569,-6.685,11.884,0.0,,,11.884,0.0,11.884,0.0,,11.884,11.884,,84.309998,0.14,0.14,0.14,89.089996,0.135,0.135,0.135,
12/31/2000,80.732002,,,-45.965,,34.767002,,-14.934,,,,,,19.833,0.292,,0.096,,0.0,-0.388,20.125,-7.245,12.88,0.0,,,12.88,0.0,12.88,0.0,,12.88,12.88,,86.517998,0.15,0.15,0.15,91.667999,0.14,0.14,0.14,
03/31/2001,98.203003,,,-58.521,,39.682003,,-16.326,,,,,,23.356001,0.61,,0.074,,0.0,-0.684,23.966001,-8.628,15.338,0.0,,,15.338001,0.0,15.338,0.0,0.0,15.338,15.338,,87.934998,0.17,0.17,0.17,91.966003,0.17,0.17,0.17,
06/30/2001,94.917,,,-52.401001,,42.515999,,-18.653,,,,,,23.863001,0.4,,0.071,,0.0,-0.471,24.263001,-8.734,15.529,0.0,,,15.529001,0.0,15.529,0.0,,15.529,15.529,,86.272003,0.18,0.18,0.18,92.651001,0.17,0.17,0.17,
09/30/2001,92.567001,,,-53.518002,,39.049,,-16.983999,,,,,,22.065001,0.772,,0.047,-0.819,0.0,0.0,22.837001,-8.221,14.616,0.0,,,14.616001,0.0,14.616,0.0,0.0,14.616,14.616,,88.952003,0.16,0.16,0.16,92.723999,0.16,0.16,0.16,
12/31/2001,98.226997,,,-59.216,,39.010998,,-19.174999,,,,,,19.836,0.53,,0.041,-0.571,0.0,0.0,20.366,-7.332,13.034,0.0,,,13.034001,0.0,13.034,0.0,0.0,13.034,13.034,,88.982002,0.15,0.15,0.15,92.247002,0.14,0.14,0.14,
03/31/2002,99.783997,,,-59.692001,,40.091995,,-19.219999,,,,,,20.872,0.312,,0.053,-0.365,0.0,0.0,21.184,-7.626,13.558,0.0,,,13.558,0.0,13.558,0.0,0.0,13.558,13.558,,89.608002,0.15,0.15,0.15,92.483002,0.15,0.15,0.15,
06/30/2002,119.195999,,,-76.127998,,43.068001,,-19.195,,,,,,23.872999,0.213,,0.05,-0.263,0.0,0.0,24.085999,-8.229,15.857,0.0,,,15.856999,0.0,15.857,0.0,0.0,15.857,15.857,,92.012001,0.17,0.17,0.17,92.012001,0.17,0.17,0.17,
09/30/2002,93.977997,,,-58.865002,,35.112995,,-17.486,,,,,,17.627001,0.164,,0.023,-0.187,0.0,0.0,17.791001,-6.493,11.298,0.0,,,11.298001,0.0,11.298,0.0,0.0,11.298,11.298,,88.084999,0.13,0.13,0.13,89.579002,0.13,0.13,0.13,
12/31/2002,102.563004,,,-65.696999,,36.866005,,-18.635,,,,,,18.231001,0.159,,0.032,-0.191,0.0,0.0,18.390001,-6.713,11.677,0.0,,,11.677001,0.0,11.677,0.0,0.0,11.677,11.677,,87.68,0.13,0.13,0.13,88.811996,0.13,0.13,0.13,
03/31/2003,98.898003,,,-60.494999,,38.403004,,-19.112,,,,,,19.291,0.105,,0.029,-0.134,0.0,0.0,19.396,-7.08,12.316,0.0,,,12.316,0.0,12.316,0.0,0.0,12.316,12.316,,87.741997,0.14,0.14,0.14,88.940002,0.14,0.14,0.14,
06/30/2003,109.188,,,-66.234,,42.954,,-20.832,,,,,,22.122,0.092,,0.026,-0.118,0.0,0.0,22.214,-8.108,14.106,0.0,,,14.106,0.0,14.106,0.0,0.0,14.106,14.106,,89.75,0.16,0.16,0.16,89.75,0.16,0.16,0.16,
09/30/2003,108.940002,,,-66.282997,,42.657005,,-21.096001,,,,,,21.561001,0.261,,0.026,-0.287,0.0,0.0,21.822001,-7.965,13.857,0.0,,,13.857001,0.0,13.857,0.0,0.0,13.857,13.857,,88.514999,0.16,0.16,0.16,91.069,0.15,0.15,0.15,
12/31/2003,112.73,,,-68.021,,44.709,,-22.116,,,,,,22.593,0.278,-0.278,0.003,-0.281,,0.0,22.871,-8.348,14.523,,,,14.523,,14.523,,,14.523,14.523,,89.231,0.16,0.16,0.16,92.0,0.16,0.16,0.16,
03/31/2004,119.708,,,-72.389,,47.319,,-21.82,,,,,,25.499001,0.196,,0.052,-0.248,0.0,0.0,25.695001,-9.379,16.316,0.0,,,16.316001,0.0,16.316,0.0,0.0,16.316,16.316,,89.653999,0.18,0.18,0.18,92.077003,0.18,0.18,0.18,
06/30/2004,126.037003,,,-72.744003,,53.292999,,-24.139999,,,,,,29.153,0.164,,0.026,-0.19,0.0,0.0,29.317,-11.698,17.618999,0.0,,,17.619,0.0,17.618999,0.0,0.0,17.618999,17.618999,,89.480003,0.2,0.2,0.2,92.291,0.19,0.19,0.19,
09/30/2004,124.096001,,,-73.533997,,50.562004,,-24.339001,,,,,,26.223,0.456,,0.003,-0.459,0.0,0.0,26.679,-10.005,16.674,0.0,,,16.673999,0.0,16.674,0.0,0.0,16.674,16.674,,90.286003,0.18,0.18,0.18,92.485001,0.18,0.18,0.18,
12/31/2004,135.96,,,-81.211,,54.749,,-26.788,,,,,,27.961,0.345,-0.345,0.014,-0.359,0.0,0.0,28.306,-10.614,17.692,0.0,,,17.692,0.0,17.692,0.0,0.0,17.692,17.692,,90.65,0.2,0.2,0.2,92.957,0.19,0.19,0.19,
03/31/2005,134.382004,,,-77.105003,,57.277,,-26.250999,,,,,,31.025999,0.061,-0.061,0.11,-0.171,0.0,0.0,31.086999,-11.658,19.429001,0.0,,,19.428999,0.0,19.429001,0.0,0.0,19.429001,19.429001,,91.211998,0.21,0.21,0.21,93.420998,0.21,0.21,0.21,
06/30/2005,141.425003,,,-81.563004,,59.862,,-26.003,,,,,,33.859001,-0.088,,0.261,-0.173,0.0,0.0,33.771001,-12.065,21.705999,0.0,,,21.706002,0.0,21.705999,0.0,0.0,21.705999,21.705999,,90.890999,0.24,0.24,0.24,92.998001,0.23,0.23,0.23,
09/30/2005,136.983,,,-80.428,,56.555,,-25.994,,,,,,30.561,0.268,-0.268,0.175,-0.443,0.0,0.0,30.829,-11.407,19.422,0.0,,,19.422,0.0,19.422,0.0,0.0,19.422,19.422,,91.562,0.21,0.21,0.21,93.998,0.21,0.21,0.21,
12/31/2005,147.417007,,,-81.933998,,65.483009,,-31.433001,,,,,,34.049999,0.293,-0.293,0.132,-0.425,0.0,0.0,34.342999,-12.707,21.636,0.0,,,21.635999,0.0,21.636,0.0,0.0,21.636,21.636,,91.351997,0.24,0.24,0.24,93.637001,0.23,0.23,0.23,
03/31/2006,145.494995,,,-81.813004,,63.681992,,-28.966,,,,,,34.716,0.141,-0.141,0.59,-0.731,0.0,0.0,34.857,-11.397,23.459999,0.0,,,23.459999,0.0,23.459999,0.0,0.0,23.459999,23.459999,,91.952003,0.26,0.26,0.26,94.389999,0.25,0.25,0.25,
06/30/2006,162.31,,,-91.583,,70.727,0.0,-30.697,22.01,13.975,,,8.687,40.03,0.009,-0.009,0.458,-0.467,0.0,0.0,40.039,-14.634,25.405,0.0,,,25.405,0.0,25.405,0.0,0.0,25.405,25.405,,93.124,0.27,0.27,0.27,93.124,0.27,0.27,0.27,
09/30/2006,150.615005,,,-87.307999,,63.307007,,-30.388,,,,,,32.918999,1.34,-1.34,0.216,-1.556,0.0,0.0,34.258999,-12.847,21.412001,0.0,,,21.411999,0.0,21.412001,0.0,0.0,21.412001,21.412001,,91.056,0.24,0.24,0.24,92.892998,0.23,0.23,0.23,
12/31/2006,167.244003,,,-94.255997,,72.988007,,-33.368999,,,,,,39.618999,0.107,-0.107,0.299,-0.406,0.0,0.0,39.725999,-11.938,27.788,0.0,,,27.788,0.0,27.788,0.0,0.0,27.788,27.788,,90.210999,0.31,0.31,0.28,92.246002,0.3,0.3,0.27,
03/31/2007,168.903,,,-97.219002,,71.683998,,-30.909,,,,,,40.775002,0.219,-0.219,0.439,-0.658,0.0,0.0,40.994002,-14.614,26.379999,0.0,,,26.380001,0.0,26.379999,0.0,0.0,26.379999,26.379999,,89.892998,0.29,0.29,0.29,91.752998,0.29,0.29,0.29,
06/30/2007,179.705,,,-100.882,,78.823,,-32.108,,,,,,46.715,-0.017,0.017,0.803,-0.786,0.0,0.0,46.698,-16.634,30.064,0.963,,,29.101,0.0,29.101,0.0,0.0,29.101,29.101,,91.237,0.32,0.32,0.32,91.237,0.32,0.32,0.32,
09/30/2007,175.326,,,-105.804,,69.522,,-33.719,23.76,13.952,,,9.959,35.803,1.266,-1.266,0.083,-1.349,0.0,0.0,37.069,-13.53,23.539,0.0,,,23.539,0.0,23.539,0.0,0.0,23.539,23.539,,89.168,0.26,0.26,0.26,90.833,0.26,0.26,0.26,
12/31/2007,191.869,,,-106.903,,84.966,0.0,-38.67,27.266,13.803,,,11.404,46.296,0.235,-0.235,0.104,-0.339,,0.0,46.531,-17.101,29.43,0.279,,,29.151,,29.151,0.0,0.0,29.151,29.151,,89.393,0.33,0.33,0.33,90.922,0.32,0.32,0.32,
03/31/2008,187.48,,,-110.485,,76.995,0.0,-34.451,23.111,13.597,,,11.34,42.544,-0.316,0.316,0.583,-0.267,,0.0,42.228,-15.43,26.798,0.186,,,26.612,0.0,26.612,0.0,0.0,26.612,26.612,0.0,87.615,0.3,0.31,0.31,88.907,0.3,0.3,0.3,
06/30/2008,188.701,,,-113.038,,75.663,,-36.449,,,,,,39.214,-0.968,0.968,1.158,-0.19,0.0,0.0,38.246,-12.95,25.296,0.376,,,24.92,0.0,24.92,0.0,0.0,24.92,24.92,,88.145,0.28,0.29,0.29,88.145,0.28,0.29,0.29,
09/30/2008,183.098,169.804,13.294,-110.569,110.569,72.529,0.0,-36.937,25.391,13.932,11.459,11.546,0.0,35.592,0.136,-0.136,0.427,-0.563,,0.0,35.728,-13.219,22.509,0.0,0.0,0.0,22.509,0.0,22.509,0.0,0.0,22.509,22.509,0.0,85.744,0.26,0.26,0.26,86.622,0.26,0.26,0.26,
12/31/2008,190.204,175.344,14.86,-112.831,112.831,77.373,0.0,-35.761,25.57,13.845,11.725,10.191,0.0,41.612,-0.378,0.378,0.524,-0.146,,0.0,41.234,-13.249,27.985,0.0,0.0,0.0,27.985,0.0,27.985,0.0,0.0,27.985,27.985,0.0,84.314,0.33,0.33,0.33,84.958,0.33,0.33,0.33,
03/31/2009,180.408,167.678,12.73,-110.17,110.17,70.238,0.0,-33.162,22.468,12.873,9.595,10.694,0.0,37.076,-0.185,0.185,0.241,-0.056,,0.0,36.891,-12.089,24.802,0.0,0.0,0.0,24.802,0.0,24.802,0.0,0.0,24.802,24.802,0.0,82.873,0.3,0.3,0.3,83.48,0.3,0.3,0.3,
06/30/2009,191.883,174.333,17.55,-112.624,112.624,79.259,0.0,-35.653,25.183,14.281,10.902,10.47,0.0,43.606,-0.149,0.149,0.165,-0.016,,0.0,43.457,-15.651,27.806,0.0,0.0,0.0,27.806,0.0,27.806,0.0,0.0,27.806,27.806,0.0,84.261,0.33,0.33,0.33,84.261,0.33,0.33,0.33,
09/30/2009,182.331,170.929,11.402,-107.94,107.94,74.391,0.0,-32.454,22.306,12.125,10.181,10.148,0.0,41.937,-0.049,0.049,0.09,-0.041,,0.0,41.888,-15.614,26.274,0.0,0.0,0.0,26.274,0.0,26.274,0.0,0.0,26.274,26.274,0.0,83.87,0.31,0.31,0.31,84.823,0.31,0.31,0.31,
12/31/2009,210.861,198.848,12.013,-121.781,121.781,89.08,0.0,-41.717,29.378,14.866,14.512,12.339,0.0,47.363,-0.139,0.139,0.143,-0.004,,0.0,47.224,-17.247,29.977,0.0,0.0,0.0,29.977,0.0,29.977,0.0,0.0,29.977,29.977,0.0,84.341,0.36,0.36,0.36,85.224,0.35,0.35,0.35,
03/31/2010,215.549,199.158,16.391,-129.036,129.036,86.513,0.0,-42.854,28.853,16.765,12.088,14.001,0.0,43.659,-0.177,0.177,0.186,-0.009,,0.0,43.482,-11.847,31.635,0.0,0.0,0.0,31.635,0.0,31.635,0.0,0.0,31.635,31.635,0.0,84.694,0.37,0.37,0.37,85.48,0.37,0.37,0.37,
06/30/2010,227.845,215.426,12.419,-132.709,132.709,95.136,0.0,-45.842,31.51,17.119,14.391,14.332,0.0,49.294,-1.092,1.092,1.199,-0.107,,0.0,48.202,-18.218,29.984,0.0,0.0,0.0,29.984,0.0,29.984,0.0,0.0,29.984,32.73805,2.75405,85.998,0.35,0.35,0.380684,85.998,0.35,0.35,0.380684,
09/30/2010,234.822,225.363,9.459,-137.789,137.789,97.033,0.0,-44.258,28.868,16.362,12.506,15.39,0.0,52.775,-2.875,2.875,2.892,-0.017,,0.0,49.9,-18.129,31.771,0.0,0.0,0.0,31.771,0.0,31.771,0.0,0.0,31.771,31.771,0.0,85.469,0.37,0.37,0.37,86.147,0.37,0.37,0.37,
12/31/2010,242.635,227.175,15.46,-139.816,139.816,102.819,0.0,-47.83,31.993,16.979,15.014,15.837,0.0,54.989,-2.455,2.455,2.487,-0.032,,0.0,52.534,-16.489,36.045,0.0,0.0,0.0,36.045,0.0,36.045,0.0,0.0,36.045,36.045,0.0,85.77,0.42,0.42,0.42,86.523,0.42,0.42,0.42,
03/31/2011,240.185,227.16,13.025,-144.895,144.895,95.29,0.0,-44.787,29.071,16.929,12.142,15.716,0.0,50.503,-1.649,1.649,1.71,-0.061,,0.0,48.854,-15.773,33.081,0.0,0.0,0.0,33.081,0.0,33.081,0.0,0.0,33.081,33.081,0.0,86.218,0.38,0.38,0.38,86.972,0.38,0.38,0.38,
06/30/2011,249.255,234.132,15.123,-145.063,145.063,104.192,0.0,-46.142,29.69,17.791,11.899,16.452,0.0,58.05,-1.826,1.826,1.841,-0.015,,0.0,56.224,-19.65,36.574,0.0,0.0,0.0,36.574,0.0,36.574,0.0,0.0,36.574,36.574,0.0,87.09,0.42,0.42,0.42,87.09,0.42,0.42,0.42,
09/30/2011,248.338,236.074,12.264,-143.912,143.912,104.426,0.0,-46.629,31.693,18.754,12.939,14.936,0.0,57.797,-1.327,1.327,1.456,-0.129,,0.0,56.47,-19.995,36.475,0.0,0.0,0.0,36.475,0.0,36.475,0.0,0.0,36.475,36.475,0.0,86.403,0.42,0.42,0.42,87.134,0.42,0.42,0.42,
12/31/2011,255.858,242.306,13.552,-148.449,148.449,107.409,0.0,-46.621,31.546,18.164,13.382,15.075,0.0,60.788,-1.342,1.342,1.448,-0.106,,0.0,59.446,-20.921,38.525,0.0,0.0,0.0,38.525,0.0,38.525,0.0,0.0,38.525,38.525,0.0,86.572,0.45,0.45,0.45,87.371,0.44,0.44,0.44,
03/31/2012,256.304,241.295,15.009,-152.921,152.921,103.383,0.0,-46.886,31.415,18.994,12.421,15.471,0.0,56.497,-1.379,1.379,1.464,-0.085,,0.0,55.118,-18.461,36.657,0.0,0.0,0.0,36.657,0.0,36.657,0.0,0.0,36.657,36.657,0.0,86.824,0.42,0.42,0.42,87.592,0.42,0.42,0.42,
06/30/2012,266.609,252.623,13.986,-158.097,158.097,108.512,0.0,-47.359,31.965,20.588,11.377,15.394,0.0,61.153,-0.519,0.519,1.375,-0.856,,0.0,60.634,-17.307,43.327,0.0,0.0,0.0,43.327,0.0,43.327,0.0,0.0,43.327,43.327,0.0,87.051,0.5,0.5,0.5,87.051,0.5,0.5,0.5,
09/30/2012,271.001,258.137,12.864,-155.073,155.073,115.928,0.0,-48.412,33.767,20.189,13.578,14.645,0.0,67.516,-1.154,1.154,1.341,-0.187,,0.0,66.362,-23.887,42.475,0.0,0.0,0.0,42.475,0.0,42.475,0.0,0.0,42.475,42.475,0.0,86.109,0.49,0.49,0.49,86.605,0.49,0.49,0.49,
12/31/2012,278.694,265.484,13.21,-156.457,156.457,122.237,0.0,-62.809,47.118,19.937,27.181,15.691,0.0,59.428,-1.071,1.071,1.261,-0.19,,0.0,58.357,-17.852,40.505,0.0,0.0,0.0,40.505,0.0,40.505,0.0,0.0,40.505,49.298,8.793,86.084,0.47,0.47,0.572673,86.639,0.47,0.47,0.57149,
03/31/2013,281.543,264.862,16.681,-166.953,166.953,114.59,0.0,-48.881,32.885,20.935,11.95,15.996,0.0,65.709,-0.901,0.901,1.034,-0.133,,0.0,64.808,-18.812,45.996,0.0,0.0,0.0,45.996,0.0,45.996,0.0,0.0,45.996,45.996,0.0,86.12,0.53,0.53,0.53,86.705,0.53,0.53,0.53,
06/30/2013,298.148,286.085,12.063,-173.911,173.911,124.237,0.0,-51.343,34.473,20.558,13.915,16.87,0.0,72.894,-2.571,2.571,2.701,-0.13,,0.0,70.323,-22.654,47.669,0.0,0.0,0.0,47.669,0.0,47.669,0.0,0.0,47.669,46.88185,-0.78715,86.525,0.55,0.55,0.54183,86.525,0.55,0.55,0.540903,
09/30/2013,295.661,283.882,11.779,-166.936,166.936,128.725,0.0,-51.381,35.708,21.458,14.25,15.673,0.0,77.344,-0.149,0.149,0.28,-0.131,,0.0,77.195,-27.407,49.788,0.0,0.0,0.0,49.788,0.0,49.788,0.0,0.0,49.788,49.788,0.0,85.294,0.58,0.58,0.58,85.854,0.58,0.58,0.58,
12/31/2013,288.844,288.598,0.246,-165.824,165.824,123.02,0.0,-48.777,32.635,20.503,12.132,16.142,0.0,74.243,-0.138,0.138,0.267,-0.129,,0.0,74.105,-25.744,48.361,0.0,0.0,0.0,48.361,0.0,48.361,0.0,0.0,48.361,46.476,-1.885,85.45,0.57,0.57,0.543897,85.986,0.56,0.56,0.538078,
03/31/2014,300.929,285.662,15.267,-176.398,176.398,124.531,0.0,-53.149,35.663,22.034,13.629,17.486,0.0,71.382,-0.178,0.178,0.262,-0.084,,0.0,71.204,-24.447,46.757,0.0,0.0,0.0,46.757,0.0,46.757,0.0,0.0,46.757,46.757,0.0,84.981,0.55,0.55,0.55,85.467,0.55,0.55,0.55,
06/30/2014,315.166,314.592,0.574,-179.047,179.047,136.119,0.0,-53.231,35.784,22.483,13.301,17.447,0.0,82.888,-0.263,0.263,0.296,-0.033,,0.0,82.625,-30.096,52.529,0.0,0.0,0.0,52.529,0.0,52.529,0.0,0.0,52.529,52.529,0.0,83.74,0.63,0.63,0.63,84.276,0.62,0.62,0.62,
09/30/2014,301.474,300.971,0.503,-174.884,174.884,126.59,0.0,-54.964,38.173,21.663,16.51,16.791,0.0,71.626,-0.209,0.209,0.266,-0.057,,0.0,71.417,-25.329,46.088,0.0,0.0,0.0,46.088,0.0,46.088,0.0,0.0,46.088,46.0516,-0.0364,82.195,0.56,0.56,0.560273,82.589,0.56,0.56,0.559559,
12/31/2014,311.294,310.803,0.491,-180.259,180.259,131.035,0.0,-51.37,33.689,22.175,11.514,17.681,0.0,79.665,-0.309,0.309,0.337,-0.028,,0.0,79.356,-25.474,53.882,0.0,0.0,0.0,53.882,0.0,53.882,0.0,0.0,53.882,53.882,0.0,81.432,0.66,0.66,0.66,81.634,0.66,0.66,0.66,
03/31/2015,309.709,309.14,0.569,-177.894,177.894,131.815,0.0,-54.613,37.091,21.674,15.417,17.522,0.0,77.202,-0.636,0.636,0.669,-0.033,,0.0,76.566,-25.854,50.712,0.0,0.0,0.0,50.712,0.0,50.712,0.0,0.0,50.712,50.712,0.0,80.88,0.63,0.63,0.63,81.094,0.63,0.63,0.63,
06/30/2015,333.713,332.641,1.072,-187.299,187.299,146.414,0.0,-57.042,37.541,23.492,14.049,19.501,0.0,89.372,-0.271,0.271,0.322,-0.051,,0.0,89.101,-28.562,60.539,0.0,0.0,0.0,60.539,0.0,60.539,0.0,0.0,60.539,60.539,0.0,80.904,0.75,0.75,0.75,81.086,0.75,0.75,0.75,
09/30/2015,321.618,320.014,1.604,-183.663,183.663,137.955,0.0,-57.418,38.864,21.751,17.113,18.554,0.0,80.537,-0.107,0.107,0.22,-0.113,,0.0,80.43,-29.064,51.366,0.0,0.0,0.0,51.366,0.0,51.366,0.0,0.0,51.366,51.39525,0.02925,80.545,0.64,0.64,0.638094,80.735,0.64,0.64,0.638094,
12/31/2015,332.872,332.238,0.634,-190.445,190.445,142.427,0.0,-57.64,38.778,22.231,16.547,18.862,0.0,84.787,-0.185,0.185,0.276,-0.091,,0.0,84.602,-25.254,59.348,0.0,0.0,0.0,59.348,0.0,59.348,0.0,0.0,59.348,59.1036,-0.2444,79.473,0.75,0.75,0.743694,79.77,0.74,0.74,0.736936,
03/31/2016,333.186,332.894,0.292,-194.273,194.273,138.913,0.0,-59.083,39.229,22.732,16.497,19.854,0.0,79.83,-0.432,0.432,0.486,-0.054,,0.0,79.398,-25.515,53.883,0.0,0.0,0.0,53.883,0.0,53.883,0.0,0.0,53.883,54.0403,0.1573,78.805,0.68,0.68,0.685747,79.167,0.68,0.68,0.681987,
06/30/2016,366.97,366.459,0.511,-205.27,205.27,161.7,0.0,-45.195,40.722,23.365,17.357,23.964,-19.491,116.505,-0.399,0.399,0.448,-0.049,,0.0,116.106,-31.836,84.27,0.0,0.0,0.0,84.27,0.0,84.27,0.0,0.0,84.27,60.65485,-23.61515,78.841,1.07,1.07,0.769331,79.261,1.06,1.06,0.762058,
09/30/2016,345.028,344.334,0.694,-194.763,194.763,150.265,0.0,-58.848,39.109,22.127,16.982,19.739,0.0,91.417,-0.034,0.034,0.142,-0.108,,0.0,91.383,-29.139,62.244,0.0,0.0,0.0,62.244,0.0,62.244,0.0,0.0,62.244,62.3701,0.1261,78.413,0.79,0.79,0.795405,78.844,0.79,0.79,0.791599,
12/31/2016,348.553,347.704,0.849,-198.146,198.146,150.407,0.0,-61.801,40.928,21.903,19.025,20.873,0.0,88.606,-0.124,0.124,0.184,-0.06,,0.0,88.482,-29.668,58.814,0.0,0.0,0.0,58.814,0.0,58.814,0.0,0.0,58.814,59.12405,0.31005,77.814,0.76,0.76,0.759813,78.18,0.75,0.75,0.753966,
03/31/2017,353.767,353.251,0.516,-206.727,206.727,147.04,0.0,-58.309,37.508,23.571,13.937,20.801,0.0,88.731,-0.236,0.236,0.278,-0.042,,0.0,88.495,-28.451,60.044,0.0,0.0,0.0,60.044,0.0,60.044,0.0,0.0,60.044,60.54515,0.50115,77.597,0.77,0.77,0.780251,77.932,0.77,0.77,0.776431,
06/30/2017,383.769,383.443,0.326,-219.398,219.398,164.371,0.0,-65.423,43.103,25.696,17.407,23.34,-1.02,98.948,-0.354,0.354,0.392,-0.038,,0.0,98.594,-33.903,64.691,0.0,0.0,0.0,64.691,0.0,64.691,0.0,0.0,64.691,64.028,-0.663,77.602,0.83,0.83,0.825082,78.064,0.83,0.83,0.821507,
09/30/2017,361.284,361.284,,-203.915,203.915,157.369,0.0,-60.312,41.088,,,20.929,-1.705,97.057,-0.042,0.042,0.189,-0.147,,0.0,97.015,-30.145,66.87,0.0,0.0,0.0,66.87,0.0,66.87,0.0,0.0,66.87,65.76175,-1.10825,77.283,0.87,0.87,0.850921,77.646,0.86,0.86,0.845727,
12/31/2017,357.209,357.209,,-207.1,207.1,150.109,0.0,-65.319,43.094,,,22.414,-0.189,84.79,-0.104,0.104,0.25,-0.146,,0.0,84.686,76.557,161.243,0.0,0.0,0.0,161.243,0.0,161.243,0.0,0.0,161.243,161.12015,-0.12285,77.218,2.09,2.09,2.086562,77.565,2.08,2.08,2.078416,
03/31/2018,374.048,374.048,,-218.517,218.517,155.531,0.0,-64.824,42.233,,,22.591,0.0,90.707,-0.604,0.604,0.734,-0.13,,0.0,90.103,-21.017,69.086,0.0,0.0,0.0,69.086,0.0,69.086,0.0,0.0,69.086,69.21872,0.13272,77.247,0.89,0.89,0.89607,77.546,0.89,0.89,0.891712,
06/30/2018,378.256,378.256,,-223.606,223.606,154.65,0.0,-69.7,45.294,,,24.406,0.0,84.95,-0.595,0.595,0.747,-0.152,,0.0,84.355,-16.519,67.836,0.0,0.0,0.0,67.836,0.0,67.836,0.0,0.0,67.836,67.836,0.0,77.585,0.87,0.87,0.87,77.585,0.87,0.87,0.87,
09/30/2018,392.543,392.543,,-220.112,220.112,172.431,0.0,-69.209,45.183,,,24.026,0.0,103.222,0.144,-0.144,0.147,-0.291,,0.0,103.366,-19.815,83.551,0.0,0.0,0.0,83.551,0.0,83.551,0.0,0.0,83.551,83.551,0.0,77.188,1.08,1.08,1.08,77.537,1.08,1.08,1.08,
12/31/2018,386.275,386.275,,-227.284,227.284,158.991,0.0,-70.787,46.797,,,23.99,0.0,88.204,0.104,-0.104,0.148,-0.252,,0.0,88.308,-20.219,68.089,0.0,0.0,0.0,68.089,0.0,68.089,0.0,0.0,68.089,70.1035,2.0145,77.216,0.88,0.88,0.907888,77.409,0.88,0.88,0.906024,
03/31/2019,380.364,380.364,,-235.594,235.594,144.77,0.0,-68.329,44.887,,,23.442,0.0,76.441,-0.069,0.069,0.224,-0.155,,0.0,76.372,-17.12,59.252,0.0,0.0,0.0,59.252,0.0,59.252,0.0,0.0,59.252,61.23806,1.98606,77.177,0.77,0.77,0.793476,77.286,0.77,0.77,0.793476,
06/30/2019,393.509,393.509,,-240.04,240.04,153.469,0.0,-74.051,49.131,,,24.92,0.0,79.418,-0.229,0.229,0.407,-0.178,,0.0,79.189,-18.196,60.993,0.0,0.0,0.0,60.993,0.0,60.993,0.0,0.0,60.993,63.23502,2.24202,77.157,0.79,0.79,0.819563,77.157,0.79,0.79,0.819058,
09/30/2019,438.005,438.005,,-245.791,245.791,192.214,0.0,-74.027,49.436,,,24.591,0.0,118.187,0.352,-0.352,0.156,-0.508,,0.0,118.539,-29.169,89.37,0.0,0.0,0.0,89.37,0.0,89.37,0.0,0.0,89.37,89.37632,0.00632,76.972,1.16,1.16,1.161154,77.067,1.16,1.16,1.160082,
12/31/2019,419.119,419.119,,-249.267,249.267,169.852,0.0,-76.148,48.961,,,27.187,0.0,93.704,0.19,-0.19,0.156,-0.346,,0.0,93.894,-21.796,72.098,0.0,0.0,0.0,72.098,0.0,72.098,0.0,0.0,72.098,71.86258,-0.23542,76.879,0.94,0.94,0.934749,76.935,0.94,0.94,0.934749,
03/31/2020,429.406,429.406,,-258.571,258.571,170.835,0.0,-78.897,47.391,,,28.308,3.198,91.938,0.032,-0.032,0.165,-0.197,,0.0,91.97,-18.115,73.855,0.0,0.0,0.0,73.855,0.0,73.855,0.0,0.0,73.855,76.01881,2.16381,76.683,0.96,0.96,0.991338,76.884,0.96,0.96,0.988144,
06/30/2020,410.537,410.537,,-254.835,254.835,155.702,0.0,-78.904,49.002,,,29.902,0.0,76.798,-0.125,0.125,0.211,-0.086,,0.0,76.673,-15.328,61.345,0.0,0.0,0.0,61.345,0.0,61.345,0.0,0.0,61.345,62.49524,1.15024,76.615,0.8,0.8,0.815705,76.849,0.8,0.8,0.814968,
09/30/2020,446.583,,,,,186.45733416,,,,,,,,106.318,,,,,,,105.692,,82.189,,,,,,82.189,,,82.189,81.975,,,1.082,1.082,1.063,,1.082,1.082,1.063,
12/31/2020,435.167,,,,,172.29567031,,,,,,,,91.291,,,,,,,91.158,,71.044,,,,,,71.044,,,71.044,70.725,,,0.928,0.928,0.916,,0.928,0.928,0.916,
