Date,Revenue,Sales & Services Revenue,Cost of Revenue,Cost of Goods & Services,Gross Profit,Other Operating Income,Operating Expenses,"Selling, General & Admin",Selling & Marketing,Research & Development,Other Operating Expense,Operating Income (Loss),Non-Operating (Income) Loss,"Interest Expense, Net",Interest Expense,Interest Income,Foreign Exch (Gain) Loss,(Income) Loss from Affiliates,Other Non-Op (Income) Loss,Pretax Income,Income Tax Expense (Benefit),Income (Loss) from Cont Ops,Net Extraordinary Losses (Gains),Discontinued Operations,XO & Accounting Changes,Income (Loss) Incl. MI,Minority Interest,"Net Income, GAAP",Preferred Dividends,Other Adjustments,"Net Income Avail to Common, GAAP","Net Income Avail to Common, Adj",Net Abnormal Losses (Gains),Basic Weighted Avg Shares,"Basic EPS, GAAP",Basic EPS from Cont Ops,"Basic EPS from Cont Ops, Adjusted",Diluted Weighted Avg Shares,"Diluted EPS, GAAP",Diluted EPS from Cont Ops,"Diluted EPS from Cont Ops, Adjusted",Source: Bloomberg
09/30/1988,2199.0,,,,,,,,,,,,,,,,,,,,,,,,,,,240.0,,,240.0,240.0,,2704.224121,0.08875,0.08875,0.08875,2704.224121,0.08875,0.08875,0.08875,
12/31/1988,2200.0,,,,,,,,,,,,,,,,,,,,,,,,,,,184.0,,,184.0,184.0,,2676.360107,0.06875,0.06875,0.06875,2676.360107,0.06875,0.06875,0.06875,
03/31/1989,2445.0,,,,,,,,,,,,,,,,,,,,,,,,,,,317.0,,,317.0,317.0,,2669.471924,0.11875,0.11875,0.11875,2669.471924,0.11875,0.11875,0.11875,
06/30/1989,2390.0,,,,,,,,,,,,,,,,,,,,,,,,,,,297.0,,,297.0,297.0,,2669.664062,0.11125,0.11125,0.11125,2669.664062,0.11125,0.11125,0.11125,
09/30/1989,2451.0,,,,,,,,,,,,,,,,,,,,,,,,,,,265.0,,,265.0,265.0,,2650.0,0.1,0.1,0.1,2650.0,0.1,0.1,0.1,
12/31/1989,2471.0,,,,,,,,,,,,,,,,,,,,,,,,,,,203.0,,,203.0,203.0,,2662.295898,0.07625,0.07625,0.07625,2662.295898,0.07625,0.07625,0.07625,
04/01/1990,2838.0,,-912.0,,1926.0,,-1270.0,,,,,656.0,-253.0,,88.0,,0.0,,165.0,403.0,-159.0,244.0,0.0,,,244.0,0.0,244.0,0.0,,244.0,244.0,,2640.0,0.091,0.091,,2640.0,0.091,0.091,0.091,
07/01/1990,2825.0,,-988.0,,1837.0,,-1258.0,,,,,579.0,-80.0,,0.0,,0.0,,80.0,499.0,-146.0,353.0,0.0,,,353.0,0.0,353.0,0.0,,353.0,353.0,,2648.800049,0.1325,0.1325,,2648.800049,0.1325,0.1325,0.1325,
09/30/1990,2869.0,,-1012.0,,1857.0,,-1377.0,,,,,480.0,-45.0,,40.0,,0.0,,5.0,435.0,-121.0,314.0,0.0,,,314.0,0.0,314.0,0.0,,314.0,314.0,,2664.800048,0.1175,0.1175,,2664.800048,0.1175,0.1175,0.1175,
12/30/1990,2700.0,,-1025.0,,1675.0,,-1398.0,,,,,277.0,9.0,,73.0,,0.0,,-82.0,286.0,-54.0,232.0,0.0,,,232.0,0.0,232.0,0.0,,232.0,232.0,,2664.595944,0.0875,0.0875,0.0875,2664.595944,0.0875,0.0875,0.0875,
03/31/1991,3149.0,,-1039.0,,2110.0,,-1488.0,,,,,622.0,-13.0,,37.0,,0.0,,-24.0,609.0,-191.0,418.0,0.0,,,418.0,0.0,418.0,0.0,,418.0,418.0,,2664.800049,0.15625,0.15625,,2664.800049,0.15625,0.15625,0.15625,
06/30/1991,3031.0,,-984.0,,2047.0,,-1441.0,,,,,606.0,-27.0,,36.0,,0.0,,-9.0,579.0,-173.0,406.0,0.0,,,406.0,0.0,406.0,0.0,,406.0,406.0,,2664.800049,0.1525,0.1525,,2664.800049,0.1525,0.1525,0.1525,
09/29/1991,3119.0,,-1079.0,,2040.0,,-1514.0,,,,,526.0,-5.0,,31.0,,0.0,,-26.0,521.0,-158.0,363.0,0.0,,,363.0,0.0,363.0,0.0,,363.0,363.0,,2664.800049,0.136125,0.13625,,2664.800049,0.136125,0.13625,0.13625,
12/29/1991,3148.0,,-1102.0,,2046.0,,-1636.0,,,,,410.0,-81.0,,25.0,,0.0,,56.0,329.0,-55.0,274.0,0.0,,,274.0,0.0,274.0,0.0,,274.0,274.0,,2664.98804,0.103625,0.10375,0.10375,2664.98804,0.103625,0.10375,0.10375,
03/29/1992,3357.0,,-1127.0,,2230.0,,-1617.0,,,,,613.0,31.0,,21.0,,0.0,,-52.0,644.0,-192.0,452.0,595.0,,,-143.0,0.0,-143.0,0.0,,-143.0,-143.0,,2664.0,-0.055,0.16875,,2664.0,-0.055,0.16875,0.16875,
06/28/1992,3413.0,,-1119.0,,2294.0,,-1657.0,,,,,637.0,-1.0,,27.0,,0.0,,-26.0,636.0,-184.0,452.0,0.0,,,452.0,0.0,452.0,0.0,,452.0,452.0,,2643.199951,0.17,0.17,,2643.199951,0.17,0.17,0.17,
09/27/1992,3480.0,,-1198.0,,2282.0,,-1708.0,,,,,574.0,-6.0,,35.0,,0.0,,-29.0,568.0,-154.0,414.0,0.0,,,414.0,0.0,414.0,0.0,,414.0,414.0,,2622.0,0.1575,0.1575,,2622.0,0.1575,0.1575,0.1575,
01/03/1993,3503.0,,-1234.0,,2269.0,,-1816.0,,,,,453.0,-94.0,,41.0,,0.0,,53.0,359.0,-52.0,307.0,0.0,,,307.0,0.0,307.0,0.0,,307.0,307.0,,2620.800048,0.1175,0.1175,0.1175,2620.800048,0.1175,0.1175,0.1175,
04/04/1993,3560.0,,-1163.0,,2397.0,,-1717.0,,,,,680.0,20.0,,31.0,,0.0,,-51.0,700.0,-197.0,503.0,0.0,,,503.0,0.0,503.0,0.0,,503.0,503.0,,2621.600098,0.1925,0.1925,,2621.600098,0.1925,0.1925,0.1925,
07/04/1993,3541.0,,-1148.0,,2393.0,,-1718.0,,,,,675.0,-5.0,,33.0,,0.0,,-28.0,670.0,-175.0,495.0,0.0,,,495.0,0.0,495.0,0.0,,495.0,495.0,,2621.199951,0.1875,0.1875,,2621.199951,0.1875,0.1875,0.1875,
10/03/1993,3506.0,,-1188.0,,2318.0,,-1722.0,,,,,596.0,-14.0,,29.0,,0.0,,-15.0,582.0,-128.0,454.0,0.0,,,454.0,0.0,454.0,0.0,,454.0,454.0,,2606.800049,0.175,0.175,,2606.800049,0.175,0.175,0.175,
12/31/1993,3531.0,,-1292.0,,2239.0,,-1796.0,,,,,443.0,-63.0,,33.0,,0.0,,30.0,380.0,-45.0,335.0,0.0,,,335.0,0.0,335.0,0.0,,335.0,335.0,,2580.800048,0.13,0.13,0.13,2580.800048,0.13,0.13,0.13,
04/03/1994,3690.0,,-1181.0,,2509.0,,-1769.0,,,,,740.0,-4.0,,36.0,,0.0,,-32.0,736.0,-192.0,544.0,0.0,,,544.0,0.0,544.0,0.0,,544.0,544.0,,2572.399902,0.2125,0.2125,,2572.399902,0.2125,0.2125,0.2125,
06/30/1994,3916.0,,-1287.0,,2629.0,,-1871.0,,,,,758.0,4.0,,33.0,,0.0,,-37.0,762.0,-203.0,559.0,0.0,,,559.0,0.0,559.0,0.0,,559.0,559.0,,2573.199951,0.215,0.215,,2573.199951,0.215,0.215,0.215,
09/30/1994,4038.0,,-1364.0,,2674.0,,-1949.0,,,,,725.0,-12.0,,32.0,,0.0,,-20.0,713.0,-188.0,525.0,0.0,,,525.0,0.0,525.0,0.0,,525.0,525.0,,2573.199951,0.205,0.205,,2573.199951,0.205,0.205,0.205,
01/01/1995,4090.0,,-1467.0,,2623.0,,-2039.0,,,,,584.0,-114.0,,41.0,,0.0,,73.0,470.0,-92.0,378.0,0.0,,,378.0,0.0,378.0,0.0,,378.0,378.0,,2570.399904,0.1475,0.1475,0.1475,2570.399904,0.1475,0.1475,0.1475,
04/02/1995,4496.0,,-1447.0,,3049.0,,-2073.0,,,,,976.0,-55.0,,45.0,,0.0,,10.0,921.0,-267.0,654.0,0.0,,,654.0,0.0,654.0,0.0,,654.0,654.0,,2572.399904,0.255,0.255,,2572.399904,0.255,0.255,0.255,
07/02/1995,4762.0,,-1562.0,,3200.0,,-2237.0,,,,,963.0,-32.0,,38.0,,0.0,,-6.0,931.0,-270.0,661.0,0.0,,,661.0,0.0,661.0,0.0,,661.0,661.0,,2582.399904,0.255,0.255,,2582.399904,0.255,0.255,0.255,
10/01/1995,4738.0,,-1543.0,,3195.0,,-2314.0,,,,,881.0,-9.0,,32.0,,0.0,,-23.0,872.0,-249.0,623.0,0.0,,,623.0,0.0,623.0,0.0,,623.0,623.0,,2591.0,0.24,0.24,,2591.0,0.24,0.24,0.24,
12/31/1995,4846.0,,-1683.0,,3163.0,,-2472.0,,,,,691.0,-98.0,,28.0,,0.0,,70.0,593.0,-128.0,465.0,0.0,,,465.0,0.0,465.0,0.0,,465.0,465.0,,2588.800049,0.18,0.18,,2588.800049,0.18,0.18,0.18,
03/31/1996,5334.0,,-1719.0,,3615.0,,-2424.0,,,,,1191.0,-67.0,,35.0,,0.0,,32.0,1124.0,-334.0,790.0,0.0,,,790.0,0.0,790.0,0.0,,790.0,790.0,,2665.399902,0.295,0.295,0.295,2724.135986,0.29,0.29,0.29,
06/30/1996,5382.0,,-1732.0,,3650.0,,-2475.0,,,,,1175.0,-56.0,,30.0,,0.0,,26.0,1119.0,-328.0,791.0,0.0,,,791.0,0.0,791.0,0.0,,791.0,791.0,,2665.800049,0.3,0.3,0.3,2727.600098,0.29,0.29,0.29,
09/29/1996,5402.0,,-1715.0,,3687.0,,-2533.0,,,,,1154.0,-95.0,,32.0,,0.0,,63.0,1059.0,-309.0,750.0,0.0,,,750.0,0.0,750.0,0.0,,750.0,750.0,,2665.800049,0.28,0.28,0.28,2727.199951,0.275,0.275,0.275,
12/31/1996,5502.0,,-1852.0,,3650.0,,-2867.0,,,,,783.0,-52.0,,28.0,,0.0,,24.0,731.0,-175.0,556.0,0.0,,,556.0,0.0,556.0,0.0,,556.0,556.0,,2664.399902,0.21,0.21,0.21,2712.199952,0.205,0.205,0.205,
03/30/1997,5715.0,,-1772.0,,3943.0,,-2616.0,,,,,1327.0,-25.0,,33.0,,0.0,,-8.0,1302.0,-393.0,909.0,0.0,,,909.0,0.0,909.0,0.0,,909.0,909.0,,2666.199951,0.34,0.34,0.34,2737.0,0.33,0.33,0.33,
06/29/1997,5698.0,,-1749.0,,3949.0,,-2662.0,,,,,1287.0,7.0,,35.0,,0.0,,-42.0,1294.0,-385.0,909.0,0.0,,,909.0,0.0,909.0,0.0,,909.0,909.0,,2665.0,0.34,0.34,0.34,2737.600098,0.335,0.335,0.335,
09/28/1997,5586.0,,-1750.0,,3836.0,,-2665.0,,,,,1171.0,26.0,,36.0,,0.0,,-62.0,1197.0,-342.0,855.0,0.0,,,855.0,0.0,855.0,0.0,,855.0,855.0,,2670.199951,0.32,0.32,0.32,2727.800049,0.315,0.315,0.315,
12/28/1997,5630.0,,-1881.0,,3749.0,,-2912.0,,,,,837.0,-54.0,,16.0,,0.0,,38.0,783.0,-153.0,630.0,0.0,,,630.0,0.0,630.0,0.0,,630.0,630.0,,2684.199952,0.235,0.235,0.235,2800.0,0.225,0.225,0.225,
03/29/1998,5840.0,,-1798.0,,4042.0,,-2594.0,,,,,1448.0,-154.0,,28.0,,0.0,,126.0,1294.0,-375.0,919.0,0.0,,,919.0,0.0,919.0,0.0,,919.0,919.0,,2784.8479,0.33,0.33,0.36,2827.691894,0.325,0.325,0.355,
06/28/1998,5874.0,,-1827.0,,4047.0,,-2646.0,,,,,1401.0,-10.0,,26.0,,0.0,,-16.0,1391.0,-373.0,1018.0,0.0,,,1018.0,0.0,1018.0,0.0,,1018.0,1018.0,,2789.041992,0.365,0.365,0.365,2827.778076,0.36,0.36,0.36,
09/27/1998,5811.0,,-1790.0,,4021.0,,-2662.0,,,,,1359.0,-38.0,,26.0,,0.0,,12.0,1321.0,-357.0,964.0,0.0,,,964.0,0.0,964.0,0.0,,964.0,964.0,,2794.201904,0.345,0.345,0.345,2835.293946,0.34,0.34,0.34,
01/03/1999,6470.0,,-2189.0,,4281.0,,-3274.0,,,,,1007.0,-831.0,,30.0,,0.0,,801.0,176.0,-74.0,102.0,0.0,,,102.0,0.0,102.0,0.0,,102.0,102.0,,2840.800048,0.035,0.035,0.255,2840.800048,0.035,0.035,0.25,
04/04/1999,6739.0,,-2070.0,,4669.0,,-2994.0,,,,,1675.0,-53.0,,54.0,-54.0,,,53.0,1622.0,-484.0,1138.0,0.0,,,1138.0,0.0,1138.0,0.0,,1138.0,1138.0,,2780.399902,0.41,0.41,0.41,2839.399902,0.4,0.4,0.4,
07/04/1999,6971.0,,-2123.0,,4848.0,,-3184.0,,,,,1664.0,-35.0,,53.0,-53.0,,,35.0,1629.0,-465.0,1164.0,0.0,,,1164.0,0.0,1164.0,0.0,,1164.0,1164.0,,2780.199952,0.42,0.42,0.42,2842.399902,0.41,0.41,0.41,
10/03/1999,6884.0,,-2068.0,,4816.0,,-3252.0,,,,,1564.0,-33.0,,46.0,-63.0,,,50.0,1531.0,-420.0,1111.0,0.0,,,1111.0,0.0,1111.0,0.0,,1111.0,1111.0,,2779.800048,0.4,0.4,0.4,2838.0,0.39,0.39,0.39,
01/02/2000,6877.0,,-2181.0,,4696.0,,-3757.0,2861.0,,,896.0,939.0,32.0,53.0,53.0,,0.0,,-85.0,971.0,-217.0,754.0,0.0,,,754.0,0.0,754.0,0.0,0.0,754.0,754.0,42.0,2839.0,0.265,0.265,0.28,2839.0,0.265,0.265,0.28,
04/02/2000,7319.0,,-2241.0,,5078.0,,-3217.0,,,,,1861.0,31.0,-31.0,46.0,-77.0,,,0.0,1892.0,-578.0,1314.0,,,,1314.0,,1314.0,,0.0,1314.0,1314.0,,2779.4,0.475,0.475,0.475,2822.0,0.465,0.465,0.465,
07/02/2000,7670.0,,-2261.0,,5409.0,,-3542.0,,,,,1867.0,46.0,,53.0,-88.0,,,-11.0,1913.0,-550.0,1363.0,0.0,,,1363.0,0.0,1363.0,0.0,0.0,1363.0,1363.0,,2983.0,0.46,0.46,0.46,3094.899902,0.44,0.44,0.44,
10/01/2000,7438.0,,-2191.0,,5247.0,,-3506.0,,,,,1741.0,93.0,,45.0,-124.0,,,-14.0,1834.0,-511.0,1323.0,0.0,,,1323.0,0.0,1323.0,0.0,0.0,1323.0,1323.0,,2998.399902,0.44,0.44,0.44,3113.399902,0.43,0.43,0.43,
12/31/2000,7298.0,,-2214.0,,5084.0,,-3900.0,2943.0,,,957.0,1184.0,23.0,-89.0,31.0,,,,66.0,1207.0,-271.0,936.0,0.0,,,936.0,0.0,936.0,0.0,0.0,936.0,936.0,,3117.9,0.3,0.3,0.305,3117.9,0.3,0.3,0.305,
04/01/2001,7855.0,,-2311.0,,5544.0,,-3425.0,,,,,2119.0,98.0,,33.0,-125.0,,,-6.0,2217.0,-665.0,1552.0,0.0,,,1552.0,0.0,1552.0,0.0,0.0,1552.0,1552.0,,3020.399902,0.51,0.51,0.51,3106.899902,0.5,0.5,0.5,
07/01/2001,8179.0,,-2372.0,,5807.0,,-3631.0,,,,,2176.0,-47.0,,50.0,-120.0,,,117.0,2129.0,-647.0,1482.0,0.0,,,1482.0,0.0,1482.0,0.0,0.0,1482.0,1482.0,,3029.300049,0.49,0.49,0.52,3110.5,0.48,0.48,0.51,
09/30/2001,8058.0,,-2396.0,,5662.0,,-3602.0,,,,,2060.0,48.0,,39.0,-106.0,,,19.0,2108.0,-579.0,1529.0,0.0,,,1529.0,0.0,1529.0,0.0,0.0,1529.0,1529.0,,3039.199951,0.5,0.5,0.51,3110.899902,0.49,0.49,0.5,
12/30/2001,8403.0,,-2489.0,,5914.0,,-4439.0,3280.0,,,1159.0,1475.0,-31.0,-74.0,60.0,,,,105.0,1444.0,-339.0,1105.0,0.0,,,1105.0,0.0,1105.0,0.0,0.0,1105.0,1105.0,,3121.2,0.36,0.36,0.38,3121.2,0.36,0.36,0.38,
03/31/2002,8743.0,,-2457.0,,6286.0,,-3674.0,,,,,2612.0,9.0,,34.0,-76.0,,,33.0,2621.0,-787.0,1834.0,0.0,,,1834.0,0.0,1834.0,0.0,0.0,1834.0,1834.0,,3042.0,0.6,0.6,0.6,3115.399902,0.59,0.59,0.59,
06/30/2002,9073.0,,-2582.0,,6491.0,,-3949.0,,,,,2542.0,-114.0,,44.0,-74.0,,,144.0,2428.0,-774.0,1654.0,0.0,,,1654.0,0.0,1654.0,0.0,0.0,1654.0,1654.0,,3003.399902,0.55,0.55,0.61,3069.300049,0.54,0.54,0.6,
09/29/2002,9079.0,,-2611.0,,6468.0,,-3958.0,,,,,2510.0,-117.0,,39.0,-51.0,,,129.0,2393.0,-668.0,1725.0,0.0,,,1725.0,0.0,1725.0,0.0,0.0,1725.0,1725.0,,2974.399902,0.58,0.58,0.58,3026.699951,0.57,0.57,0.57,
12/29/2002,9403.0,,-2797.0,,6606.0,,-4592.0,,,,,2014.0,-165.0,,43.0,-55.0,,,177.0,1849.0,-465.0,1384.0,0.0,,,1384.0,0.0,1384.0,0.0,0.0,1384.0,1384.0,,2973.399902,0.47,0.47,0.47,3005.0,0.46,0.46,0.46,
03/30/2003,9821.0,,-2722.0,,7099.0,,-4189.0,,,,,2910.0,19.0,,38.0,-38.0,,,-19.0,2929.0,-859.0,2070.0,,,,2070.0,,2070.0,,,2070.0,2070.0,,2968.4,0.7,0.7,0.7,3018.5,0.69,0.69,0.69,
06/29/2003,10332.0,,-2966.0,,7366.0,,-4478.0,,,,,2888.0,-832.0,,50.0,-43.0,,,825.0,2056.0,-846.0,1210.0,0.0,,,1210.0,0.0,1210.0,0.0,0.0,1210.0,1210.0,,2967.699951,0.41,0.41,0.71,3015.899902,0.4,0.4,0.7,
09/28/2003,10455.0,,-2980.0,,7475.0,,-4605.0,,,,,2870.0,79.0,,75.0,-63.0,,,-91.0,2949.0,-877.0,2072.0,0.0,,,2072.0,0.0,2072.0,0.0,0.0,2072.0,2072.0,,2968.0,0.7,0.7,0.7,3008.300049,0.69,0.69,0.69,
12/28/2003,11254.0,,-3508.0,,7746.0,,-5543.0,,,,,2203.0,171.0,,44.0,-33.0,,,-182.0,2374.0,-529.0,1845.0,0.0,,,1845.0,0.0,1845.0,0.0,0.0,1845.0,1845.0,,3005.399902,0.62,0.62,0.57,3005.399902,0.62,0.62,0.57,
03/28/2004,11559.0,,-3367.0,,8192.0,,-4735.0,,,,,3457.0,47.0,6.0,45.0,-39.0,,,-53.0,3504.0,-1011.0,2493.0,,,,2493.0,,2493.0,,,2493.0,2493.0,,2967.8,0.84,0.84,0.84,3004.6,0.83,0.83,0.83,
06/27/2004,11484.0,,-3162.0,,8322.0,,-4893.0,,3711.0,,1182.0,3429.0,6.0,0.0,52.0,-35.0,,,-23.0,0.0,-977.0,2458.0,0.0,,,-977.0,0.0,2458.0,0.0,0.0,2458.0,2458.0,,2968.199951,0.83,0.83,0.83,3005.300049,0.82,0.82,0.82,
09/26/2004,11553.0,,-3187.0,,8366.0,,-5052.000488,,3854.0,,1198.000488,3313.999756,-40.0,0.0,30.0,-49.0,,,59.0,0.0,-933.0,2341.0,0.0,,,-933.0,0.0,2341.0,0.0,0.0,2341.0,2341.0,,2968.100098,0.79,0.79,0.79,3009.0,0.78,0.78,0.78,
01/02/2005,12752.0,,-3706.0,,9046.0,,-6382.0,,,,,2664.0,-39.0,,60.0,-156.0,,,135.0,2625.0,-1408.0,1217.0,0.0,,,1217.0,0.0,1217.0,0.0,0.0,1217.0,1217.0,,3013.5,0.41,0.41,0.67,3013.5,0.41,0.41,0.67,
04/03/2005,12832.0,,-3496.0,,9336.0,,-5511.0,4127.0,,,1384.0,3825.0,102.0,-69.0,15.0,-84.0,,,-33.0,3927.0,-1088.0,2839.0,0.0,,,2839.0,0.0,2839.0,0.0,0.0,2839.0,2839.0,,2972.1,0.96,0.96,0.96,3023.7,0.94,0.94,0.94,
07/03/2005,12762.0,,-3522.0,,9240.0,,-5803.0,,,,,3437.0,-171.0,-94.0,15.0,-109.0,,,265.0,3266.0,-678.0,2588.0,0.0,,,2588.0,0.0,2588.0,0.0,0.0,2588.0,2588.0,,2973.7,0.87,0.87,0.91,3024.7,0.86,0.86,0.9,
10/02/2005,12310.0,,-3354.0,,8956.0,,-5700.0,,4161.0,,1539.0,3256.0,164.0,-101.0,22.0,-123.0,,,-63.0,3420.0,-882.0,2538.0,0.0,,,2538.0,0.0,2538.0,0.0,0.0,2538.0,2538.0,,2974.6,0.85,0.85,0.85,3006.2,0.85,0.85,0.85,
01/01/2006,12610.0,,-3638.0,,8972.0,,-6659.0,,,,,2313.0,190.0,,2.0,-171.0,,,-21.0,2503.0,-408.0,2095.0,0.0,,,2095.0,0.0,2095.0,0.0,0.0,2095.0,2095.0,,3013.5,0.7,0.7,0.7,3013.5,0.7,0.7,0.7,
04/02/2006,12992.0,,-3612.0,,9380.0,,-5627.0,4095.0,,,1532.0,3753.0,862.0,-181.0,16.0,-197.0,,,-681.0,4615.0,-1310.0,3305.0,0.0,,,3305.0,0.0,3305.0,0.0,0.0,3305.0,3305.0,,2974.5,1.11,1.11,1.0,2992.7,1.1,1.1,0.99,
07/02/2006,13363.0,,-3788.0,,9575.0,,-6179.0,,,,,3396.0,207.0,-196.0,13.0,-209.0,,,-11.0,3603.0,-783.0,2820.0,0.0,,,2820.0,0.0,2820.0,0.0,0.0,2820.0,2820.0,,2954.0,0.96,0.96,0.99,2974.4,0.95,0.95,0.98,
10/01/2006,13287.0,,-3650.0,,9637.0,,-6010.0,,4291.0,,1719.0,3627.0,34.0,-194.0,13.0,-207.0,,,160.0,3661.0,-901.0,2760.0,0.0,,,2760.0,0.0,2760.0,0.0,0.0,2760.0,2760.0,,2920.0,0.95,0.95,0.99,2948.1,0.94,0.94,0.98,
12/31/2006,13682.0,,-4007.0,,9675.0,,-6742.0,,,,,2933.0,-225.0,-195.0,21.0,-216.0,,,420.0,2708.0,-540.0,2168.0,0.0,,,2168.0,0.0,2168.0,0.0,0.0,2168.0,2168.0,,2930.7,0.75,0.75,0.82,2930.7,0.74,0.74,0.81,
04/01/2007,15037.0,,-4385.0,,10652.0,,-6454.0,,,,,4198.0,-546.0,-33.0,62.0,-95.0,,,579.0,3652.0,-1079.0,2573.0,0.0,,,2573.0,0.0,2573.0,0.0,0.0,2573.0,2573.0,,2894.2,0.89,0.89,1.17,2924.3,0.88,0.88,1.16,
07/01/2007,15131.0,,-4358.0,,10773.0,,-6895.0,,,,,3878.0,153.0,-36.0,59.0,-95.0,,,-117.0,4031.0,-950.0,3081.0,0.0,,,3081.0,0.0,3081.0,0.0,0.0,3081.0,3081.0,,2895.1,1.06,1.06,1.06,2922.5,1.05,1.05,1.05,
09/30/2007,14970.0,,-4274.0,,10696.0,,-6733.0,,,,,3963.0,-695.0,-52.0,82.0,-134.0,,,747.0,3268.0,-720.0,2548.0,0.0,,,2548.0,0.0,2548.0,0.0,0.0,2548.0,2548.0,,2887.7,0.88,0.88,1.06,2912.9,0.88,0.88,1.06,
12/30/2007,15957.0,,-4734.0,,11223.0,,-8049.0,,,,,3174.0,-842.0,,93.0,-128.0,,,877.0,2332.0,42.0,2374.0,0.0,,,2374.0,0.0,2374.0,0.0,0.0,2374.0,2374.0,,2889.2,0.82,0.82,0.88,2889.2,0.82,0.82,0.88,
03/30/2008,16194.0,,-4614.0,,11580.0,0.0,-6835.0,,5123.0,,1712.0,4745.0,2.0,16.0,98.0,-82.0,,,-18.0,4747.0,-1149.0,3598.0,0.0,,,3598.0,0.0,3598.0,0.0,0.0,3598.0,3598.0,,2832.3,1.27,1.27,1.27,2866.3,1.26,1.26,1.26,
06/29/2008,16450.0,,-4751.0,,11699.0,0.0,-7443.0,5507.0,,,1936.0,4256.0,119.0,16.0,105.0,-89.0,,,-135.0,4375.0,-1048.0,3327.0,0.0,,,3327.0,0.0,3327.0,0.0,0.0,3327.0,3327.0,,2809.8,1.18,1.18,1.19,2844.8,1.17,1.17,1.18,
09/28/2008,15921.0,,-4774.0,,11147.0,0.0,-7056.0,,5195.0,,1861.0,4091.0,199.0,25.0,122.0,-97.0,,,-224.0,4290.0,-980.0,3310.0,0.0,,,3310.0,0.0,3310.0,0.0,0.0,3310.0,3310.0,,2790.9,1.19,1.19,1.19,2831.3,1.17,1.17,1.17,
12/28/2008,15182.0,,-4372.0,,10810.0,,-7663.0,5665.0,,,1998.0,3147.0,370.0,-76.0,110.0,-186.0,,,-294.0,3517.0,-803.0,2714.0,0.0,,,2714.0,0.0,2714.0,0.0,0.0,2714.0,2714.0,-88.0,2801.6,0.97,0.97,0.94,2801.6,0.97,0.97,0.94,
03/29/2009,15026.0,15026.0,-4251.0,4251.0,10775.0,0.0,-6126.0,4608.0,,1518.0,0.0,4649.0,-6.0,81.0,106.0,-25.0,,,-75.0,4643.0,-1136.0,3507.0,0.0,0.0,0.0,3507.0,0.0,3507.0,0.0,0.0,3507.0,3507.0,0.0,2765.9,1.27,1.27,1.27,2789.8,1.26,1.26,1.26,
06/28/2009,15239.0,15239.0,-4450.0,4450.0,10789.0,0.0,-6435.0,4797.0,,1638.0,0.0,4354.0,-91.0,85.0,110.0,-25.0,,,6.0,4263.0,-1055.0,3208.0,0.0,0.0,0.0,3208.0,0.0,3208.0,0.0,0.0,3208.0,3032.5,-175.5,2756.2,1.16,1.16,1.100247,2782.0,1.15,1.15,1.086916,
09/27/2009,15081.0,15081.0,-4434.0,4434.0,10647.0,0.0,-6384.0,4767.0,,1617.0,0.0,4263.0,-18.0,114.0,142.0,-28.0,,,-96.0,4245.0,-900.0,3345.0,0.0,0.0,0.0,3345.0,0.0,3345.0,0.0,0.0,3345.0,3270.25,-74.75,2756.3,1.21,1.21,1.186464,2793.0,1.2,1.2,1.173237,
01/03/2010,16551.0,16551.0,-5312.0,5312.0,11239.0,0.0,-8915.0,5629.0,,2213.0,1073.0,2324.0,280.0,81.0,93.0,-12.0,,,-361.0,2604.0,-398.0,2206.0,0.0,0.0,0.0,2206.0,0.0,2206.0,0.0,0.0,2206.0,2846.0,640.0,2796.5,0.79,0.79,1.017701,2796.5,0.79,0.79,1.017701,
04/04/2010,15631.0,15631.0,-4528.0,4528.0,11103.0,0.0,-6336.0,4779.0,,1557.0,0.0,4767.0,1513.0,81.0,108.0,-27.0,,,-1594.0,6280.0,-1754.0,4526.0,0.0,0.0,0.0,4526.0,0.0,4526.0,0.0,0.0,4526.0,3616.0,-910.0,2755.4,1.64,1.64,1.312332,2797.3,1.62,1.62,1.294686,
07/04/2010,15330.0,15330.0,-4630.0,4630.0,10700.0,0.0,-6404.0,4756.0,,1648.0,0.0,4296.0,-76.0,58.0,101.0,-43.0,,,18.0,4220.0,-771.0,3449.0,0.0,0.0,0.0,3449.0,0.0,3449.0,0.0,0.0,3449.0,3395.65,-53.35,2756.6,1.25,1.25,1.231825,2796.0,1.23,1.23,1.210919,
10/03/2010,14982.0,14982.0,-4594.0,4594.0,10388.0,0.0,-6366.0,4709.0,,1657.0,0.0,4022.0,197.0,95.0,108.0,-13.0,,,-292.0,4219.0,-802.0,3417.0,0.0,0.0,0.0,3417.0,0.0,3417.0,0.0,0.0,3417.0,3417.0,0.0,2751.6,1.24,1.24,1.24,2786.4,1.23,1.23,1.23,
01/02/2011,15644.0,15644.0,-5040.0,5040.0,10604.0,0.0,-7162.0,5180.0,,1982.0,0.0,3442.0,-1214.0,114.0,138.0,-24.0,,,1100.0,2228.0,-286.0,1942.0,0.0,0.0,0.0,1942.0,0.0,1942.0,0.0,0.0,1942.0,2864.0,922.0,2781.6,0.7,0.7,1.029623,2781.6,0.7,0.7,1.029623,
04/03/2011,16173.0,16173.0,-4778.0,4778.0,11395.0,0.0,-6794.0,5056.0,,1738.0,0.0,4601.0,-91.0,104.0,125.0,-21.0,,,-13.0,4510.0,-1034.0,3476.0,0.0,0.0,0.0,3476.0,0.0,3476.0,0.0,0.0,3476.0,3747.0,271.0,2738.4,1.27,1.27,1.368317,2772.7,1.25,1.25,1.347739,
07/03/2011,16597.0,16597.0,-5172.0,5172.0,11425.0,0.0,-7686.0,5215.0,,1882.0,589.0,3739.0,-317.0,111.0,129.0,-18.0,,,206.0,3422.0,-646.0,2776.0,0.0,0.0,0.0,2776.0,0.0,2776.0,0.0,0.0,2776.0,3532.4,756.4,2740.5,1.01,1.01,1.288962,2781.3,1.0,1.0,1.271959,
10/02/2011,16005.0,16005.0,-5072.0,5072.0,10933.0,0.0,-7013.0,5240.0,,1773.0,0.0,3920.0,191.0,117.0,134.0,-17.0,,,-308.0,4111.0,-909.0,3202.0,0.0,0.0,0.0,3202.0,0.0,3202.0,0.0,0.0,3202.0,3443.0,241.0,2737.0,1.17,1.17,1.257947,2778.2,1.15,1.15,1.236747,
01/01/2012,16255.0,16255.0,-5338.0,5338.0,10917.0,0.0,-7593.0,5458.0,,2155.0,-20.0,3324.0,-3006.0,148.0,183.0,-35.0,,,2858.0,318.0,-100.0,218.0,0.0,0.0,0.0,218.0,0.0,218.0,0.0,0.0,218.0,3129.0,2911.0,2768.9,0.08,0.08,1.130052,2768.9,0.08,0.08,1.130052,
04/01/2012,16139.0,16139.0,-4915.0,4915.0,11224.0,0.0,-6660.0,5015.0,,1645.0,0.0,4564.0,481.0,130.0,147.0,-17.0,,,-611.0,5045.0,-1135.0,3910.0,0.0,0.0,0.0,3910.0,0.0,3910.0,0.0,0.0,3910.0,3804.0,-106.0,2736.9,1.43,1.43,1.389894,2774.9,1.41,1.41,1.3718,
07/01/2012,16475.0,16475.0,-5143.0,5143.0,11332.0,0.0,-7160.0,4965.0,,1766.0,429.0,4172.0,-2137.0,129.0,143.0,-14.0,0.0,0.0,2008.0,2035.0,-627.0,1408.0,0.0,0.0,0.0,1408.0,0.0,1408.0,0.0,0.0,1408.0,3644.0,2236.0,2747.4,0.51,0.51,1.326345,2798.2,0.5,0.5,1.299085,
09/30/2012,17052.0,17052.0,-5597.0,5597.0,11455.0,0.0,-7830.0,5228.0,,1923.0,679.0,3625.0,-30.0,120.0,135.0,-15.0,0.0,0.0,-90.0,3595.0,-966.0,2629.0,0.0,0.0,0.0,2629.0,339.0,2968.0,0.0,0.0,2968.0,3521.0,553.0,2757.4,1.08,1.08,1.276928,2818.1,1.05,1.05,1.246232,
12/30/2012,17558.0,17558.0,-6003.0,6003.0,11555.0,0.0,-8047.0,5661.0,,2331.0,55.0,3508.0,-408.0,89.0,107.0,-18.0,,,319.0,3100.0,-533.0,2567.0,0.0,0.0,0.0,2567.0,0.0,2567.0,0.0,0.0,2567.0,3376.0,809.0,2833.4,0.91,0.91,1.191501,2833.4,0.91,0.91,1.191501,
03/31/2013,17505.0,17505.0,-5554.0,5554.0,11951.0,0.0,-7071.0,5223.0,,1784.0,64.0,4880.0,-619.0,104.0,125.0,-21.0,0.0,,515.0,4261.0,-764.0,3497.0,0.0,0.0,0.0,3497.0,0.0,3497.0,0.0,0.0,3497.0,4071.25,574.25,2790.2,1.25,1.25,1.459125,2858.8,1.22,1.22,1.420871,
06/30/2013,17877.0,17877.0,-5489.0,5489.0,12388.0,0.0,-7322.0,5376.0,,1946.0,0.0,5066.0,-273.0,101.0,118.0,-17.0,0.0,,172.0,4793.0,-960.0,3833.0,0.0,0.0,0.0,3833.0,0.0,3833.0,0.0,0.0,3833.0,4289.0,456.0,2809.7,1.36,1.36,1.526497,2893.0,1.33,1.33,1.487622,
09/29/2013,17575.0,17575.0,-5344.0,5344.0,12231.0,0.0,-7534.0,5314.0,,2042.0,178.0,4697.0,-1030.0,87.0,105.0,-18.0,0.0,0.0,943.0,3667.0,-685.0,2982.0,0.0,0.0,0.0,2982.0,0.0,2982.0,0.0,0.0,2982.0,3919.0,937.0,2818.4,1.06,1.06,1.390505,2881.2,1.04,1.04,1.365212,
12/29/2013,18355.0,18355.0,-5955.0,5955.0,12400.0,0.0,-8666.0,5917.0,,2411.0,338.0,3734.0,-984.0,116.0,134.0,-18.0,0.0,0.0,868.0,2750.0,769.0,3519.0,0.0,0.0,0.0,3519.0,0.0,3519.0,0.0,0.0,3519.0,3561.0,42.0,2815.2,1.25,1.25,1.264919,2872.0,1.23,1.23,1.244624,
03/30/2014,18115.0,18115.0,-5455.0,5455.0,12660.0,0.0,-7032.0,5183.0,,1831.0,18.0,5628.0,-204.0,118.0,136.0,-18.0,0.0,,86.0,5424.0,-697.0,4727.0,0.0,0.0,0.0,4727.0,0.0,4727.0,0.0,0.0,4727.0,4426.0,-301.0,2826.8,1.67,1.67,1.565728,2874.7,1.64,1.64,1.535293,
06/29/2014,19495.0,19495.0,-6039.0,6039.0,13456.0,0.0,-7490.0,5481.0,,2005.0,4.0,5966.0,-340.0,114.0,128.0,-14.0,0.0,,226.0,5626.0,-1300.0,4326.0,0.0,0.0,0.0,4326.0,0.0,4326.0,0.0,0.0,4326.0,4775.0,449.0,2826.4,1.53,1.53,1.689428,2874.2,1.51,1.51,1.666217,
09/28/2014,18467.0,18467.0,-5399.0,5399.0,13068.0,0.0,-7491.0,5468.0,,2023.0,0.0,5577.0,1233.0,112.0,130.0,-18.0,0.0,,-1345.0,6810.0,-2061.0,4749.0,0.0,0.0,0.0,4749.0,0.0,4749.0,0.0,0.0,4749.0,4292.0,-457.0,2814.4,1.69,1.69,1.525014,2864.3,1.66,1.66,1.50045,
12/28/2014,18254.0,18254.0,-5853.0,5853.0,12401.0,0.0,-8613.0,5822.0,,2635.0,156.0,3788.0,-1085.0,122.0,139.0,-17.0,0.0,,963.0,2703.0,-182.0,2521.0,0.0,0.0,0.0,2521.0,0.0,2521.0,0.0,0.0,2521.0,3612.0,1091.0,2801.111111,0.9,0.9,1.289488,2845.3,0.89,0.89,1.273439,
03/29/2015,17374.0,17374.0,-5282.0,5282.0,12092.0,0.0,-6746.0,4847.0,,1899.0,0.0,5346.0,229.0,119.0,138.0,-19.0,0.0,,-348.0,5575.0,-1255.0,4320.0,0.0,0.0,0.0,4320.0,0.0,4320.0,0.0,0.0,4320.0,4163.74,-156.26,2782.6,1.55,1.55,1.496349,2826.0,1.53,1.53,1.474706,
06/28/2015,17787.0,17787.0,-5357.0,5357.0,12430.0,0.0,-7513.0,5384.0,,2129.0,0.0,4917.0,824.0,107.0,131.0,-24.0,0.0,,-931.0,5741.0,-1225.0,4516.0,0.0,0.0,0.0,4516.0,0.0,4516.0,0.0,0.0,4516.0,3934.6,-581.4,2772.3,1.63,1.63,1.419255,2812.0,1.61,1.61,1.403243,
09/27/2015,17102.0,17102.0,-5224.0,5224.0,11878.0,0.0,-7245.0,5081.0,,2154.0,10.0,4633.0,-511.0,91.0,123.0,-32.0,0.0,,420.0,4122.0,-764.0,3358.0,0.0,0.0,0.0,3358.0,0.0,3358.0,0.0,0.0,3358.0,3780.9,422.9,2768.4,1.21,1.21,1.365735,2807.2,1.2,1.2,1.350648,
01/03/2016,17811.0,17811.0,-5673.0,5673.0,12138.0,0.0,-8969.0,5891.0,,2864.0,214.0,3169.0,589.0,107.0,160.0,-53.0,0.0,,-696.0,3758.0,-543.0,3215.0,0.0,0.0,0.0,3215.0,0.0,3215.0,0.0,0.0,3215.0,4048.45,833.45,2803.3,1.16,1.16,1.444173,2803.3,1.15,1.15,1.444173,
04/03/2016,17482.0,17482.0,-5329.0,5329.0,12153.0,0.0,-6701.0,4688.0,,2013.0,0.0,5452.0,-158.0,77.0,160.0,-83.0,0.0,,81.0,5294.0,-837.0,4457.0,0.0,0.0,0.0,4457.0,0.0,4457.0,0.0,0.0,4457.0,4655.0,198.0,2757.2,1.62,1.62,1.688307,2803.8,1.59,1.59,1.660618,
07/03/2016,18482.0,18482.0,-5336.0,5336.0,13146.0,0.0,-7469.0,5176.0,,2264.0,29.0,5677.0,-773.0,102.0,190.0,-88.0,0.0,,671.0,4904.0,-907.0,3997.0,0.0,0.0,0.0,3997.0,0.0,3997.0,0.0,0.0,3997.0,4610.0,613.0,2745.4,1.46,1.46,1.679172,2794.2,1.43,1.43,1.649383,
10/02/2016,17820.0,17820.0,-5486.0,5486.0,12334.0,0.0,-6950.0,4772.0,,2178.0,0.0,5384.0,-103.0,95.0,192.0,-97.0,0.0,0.0,8.0,5281.0,-1009.0,4272.0,0.0,0.0,0.0,4272.0,0.0,4272.0,0.0,0.0,4272.0,4334.85,62.85,2731.6,1.56,1.56,1.586927,2785.4,1.53,1.53,1.552564,
01/01/2017,18106.0,18106.0,-5534.0,5534.0,12572.0,0.0,-7949.0,5309.0,,2640.0,0.0,4623.0,-299.0,84.0,184.0,-100.0,0.0,,215.0,4324.0,-510.0,3814.0,0.0,0.0,0.0,3814.0,0.0,3814.0,0.0,0.0,3814.0,4152.0,338.0,2764.5,1.38,1.38,1.501899,2764.5,1.38,1.38,1.501899,
04/02/2017,17766.0,17766.0,-5409.0,5409.0,12357.0,0.0,-6833.0,4763.0,,2070.0,0.0,5524.0,51.0,83.0,204.0,-121.0,0.0,,-134.0,5575.0,-1153.0,4422.0,0.0,0.0,0.0,4422.0,0.0,4422.0,0.0,0.0,4422.0,4794.0,372.0,2706.6,1.63,1.63,1.771226,2754.5,1.61,1.61,1.745052,
07/02/2017,18839.0,18839.0,-5846.0,5846.0,12993.0,0.0,-7585.0,5289.0,,2296.0,0.0,5408.0,-660.0,122.0,227.0,-105.0,0.0,,538.0,4748.0,-921.0,3827.0,0.0,0.0,0.0,3827.0,0.0,3827.0,0.0,0.0,3827.0,4661.75,834.75,2691.9,1.42,1.42,1.731769,2741.5,1.4,1.4,1.704487,
10/01/2017,19650.0,19650.0,-6925.0,6925.0,12725.0,0.0,-8008.0,5423.0,,2585.0,0.0,4717.0,73.0,155.0,229.0,-74.0,0.0,,-228.0,4790.0,-1026.0,3764.0,0.0,0.0,0.0,3764.0,0.0,3764.0,0.0,0.0,3764.0,4278.7,514.7,2684.6,1.4,1.4,1.593794,2737.7,1.37,1.37,1.558005,
12/31/2017,20195.0,20195.0,-7259.0,7259.0,12936.0,0.0,-10096.0,6045.0,,3643.0,408.0,2840.0,-280.0,189.0,274.0,-85.0,0.0,,91.0,2560.0,-13273.0,-10713.0,0.0,0.0,0.0,-10713.0,0.0,-10713.0,0.0,0.0,-10713.0,3851.0,14564.0,2684.9,-3.99,-3.99,1.434318,2684.9,-3.99,-3.99,1.434318,
04/01/2018,20009.0,20009.0,-6614.0,6614.0,13395.0,0.0,-7667.0,5263.0,,2404.0,0.0,5728.0,-247.0,145.0,259.0,-114.0,0.0,,102.0,5481.0,-1114.0,4367.0,0.0,0.0,0.0,4367.0,0.0,4367.0,0.0,0.0,4367.0,4639.0,272.0,2682.2,1.63,1.63,1.72955,2731.9,1.6,1.6,1.699564,
07/01/2018,20830.0,20830.0,-6927.0,6927.0,13903.0,0.0,-8382.0,5743.0,,2639.0,0.0,5521.0,-548.0,127.0,253.0,-126.0,0.0,,421.0,4973.0,-1019.0,3954.0,0.0,0.0,0.0,3954.0,0.0,3954.0,0.0,0.0,3954.0,4751.0,797.0,2682.3,1.47,1.47,1.771241,2721.3,1.45,1.45,1.742875,
09/30/2018,20348.0,20348.0,-6589.0,6589.0,13759.0,0.0,-9177.0,5543.0,5543.0,2508.0,1126.0,4582.0,-159.0,68.0,243.0,-175.0,,,91.0,4423.0,-489.0,3934.0,0.0,0.0,0.0,3934.0,0.0,3934.0,0.0,0.0,3934.0,4622.0,688.0,2683.2,1.47,1.47,1.72257,2727.6,1.44,1.44,1.692236,
12/30/2018,20394.0,20394.0,-6961.0,6961.0,13433.0,0.0,-9215.0,5991.0,,3224.0,0.0,4218.0,-1096.0,54.0,250.0,-196.0,,0.0,1042.0,3122.0,-80.0,3042.0,0.0,0.0,0.0,3042.0,0.0,3042.0,0.0,0.0,3042.0,4415.0,1373.0,2724.0,1.12,1.12,1.620778,2724.0,1.12,1.12,1.620778,
03/31/2019,20021.0,20021.0,-6615.0,6615.0,13406.0,0.0,-8967.0,5219.0,,2858.0,890.0,4439.0,-17.0,3.0,102.0,-99.0,,,14.0,4422.0,-673.0,3749.0,0.0,0.0,0.0,3749.0,0.0,3749.0,0.0,0.0,3749.0,4815.0,1066.0,2660.8,1.41,1.41,1.809606,2698.8,1.39,1.39,1.78499,
06/30/2019,20562.0,20562.0,-6940.0,6940.0,13622.0,0.0,-8212.0,5546.0,,2666.0,0.0,5410.0,1631.0,-5.0,83.0,-88.0,0.0,,-1626.0,7041.0,-1434.0,5607.0,0.0,0.0,0.0,5607.0,0.0,5607.0,0.0,0.0,5607.0,5971.0,364.0,2652.5,2.11,2.11,2.251084,2691.7,2.08,2.08,2.215231,
09/29/2019,20729.0,20729.0,-6867.0,6867.0,13862.0,0.0,-7973.0,5374.0,,2599.0,0.0,5889.0,-4242.0,-41.0,48.0,-89.0,,,4283.0,1647.0,106.0,1753.0,0.0,0.0,0.0,1753.0,0.0,1753.0,0.0,0.0,1753.0,2014.49,261.49,2635.2,0.67,0.67,0.764454,2669.9,0.66,0.66,0.75794,
12/29/2019,20747.0,20747.0,-7134.0,7134.0,13613.0,0.0,-9271.0,6039.0,,3232.0,0.0,4342.0,-124.0,4.0,85.0,-81.0,,0.0,120.0,4218.0,-208.0,4010.0,0.0,0.0,0.0,4010.0,0.0,4010.0,0.0,0.0,4010.0,4019.0,9.0,2669.1,1.52,1.52,1.505751,2669.1,1.5,1.5,1.503372,
03/29/2020,20691.0,20691.0,-7062.0,7062.0,13629.0,0.0,-7783.0,5203.0,,2580.0,0.0,5846.0,663.0,-42.0,25.0,-67.0,,,-621.0,6509.0,-713.0,5796.0,0.0,0.0,0.0,5796.0,0.0,5796.0,0.0,0.0,5796.0,5442.130612,-353.869388,2633.7,2.2,2.2,2.066344,2671.0,2.17,2.17,2.037514,
06/28/2020,18336.0,18336.0,-6579.0,6579.0,11757.0,0.0,-7706.0,4993.0,,2707.0,6.0,4051.0,-111.0,26.0,45.0,-19.0,0.0,,85.0,3940.0,-314.0,3626.0,0.0,0.0,0.0,3626.0,0.0,3626.0,0.0,0.0,3626.0,3523.102362,-102.897638,2632.9,1.38,1.38,1.338107,2665.5,1.36,1.36,1.321396,
09/30/2020,20063.571,,,,14223.26611761,,,,,,,6206.3,,,,,,,,6448.455,,3819.333,,,,,,3819.333,,,3819.333,5232.667,,,1.658,1.658,1.968,,1.658,1.658,1.968,
12/31/2020,21379.714,,,,15146.88597758,,,,,,,5986.1,,,,,,,,6212.727,,4267.5,,,,,,4267.5,,,4267.5,5122.75,,,1.588,1.588,1.926,,1.588,1.588,1.926,
