Date,Revenue,Sales & Services Revenue,Financing Revenue,Cost of Revenue,Cost of Goods & Services,Gross Profit,Other Operating Income,Operating Expenses,"Selling, General & Admin",Research & Development,Other Operating Expense,Operating Income (Loss),Non-Operating (Income) Loss,"Interest Expense, Net",Interest Expense,Interest Income,Foreign Exch (Gain) Loss,(Income) Loss from Affiliates,Other Non-Op (Income) Loss,Pretax Income,Income Tax Expense (Benefit),Income (Loss) from Cont Ops,Net Extraordinary Losses (Gains),Discontinued Operations,XO & Accounting Changes,Income (Loss) Incl. MI,Minority Interest,"Net Income, GAAP",Preferred Dividends,Other Adjustments,"Net Income Avail to Common, GAAP","Net Income Avail to Common, Adj",Net Abnormal Losses (Gains),Basic Weighted Avg Shares,"Basic EPS, GAAP",Basic EPS from Cont Ops,"Basic EPS from Cont Ops, Adjusted",Diluted Weighted Avg Shares,"Diluted EPS, GAAP",Diluted EPS from Cont Ops,"Diluted EPS from Cont Ops, Adjusted",Source: Bloomberg
04/30/1989,512.158997,,,-342.089996,,170.069,,-138.632996,,,,31.436001,5.037,,12.162,,0.0,,-17.198999,36.473001,-13.5,22.973,0.0,,,22.973001,0.0,22.973,0.0,,22.973,22.973,,326.015991,0.07,0.07,,326.015991,0.07,0.07,0.07,
07/31/1989,729.088989,,,-499.542999,,229.54599,,-173.246994,,,,56.299,4.947001,,12.864,,0.0,,-17.811001,61.246,-22.700001,38.546001,0.0,,,38.546,0.0,38.546001,0.0,,38.546001,38.546001,,326.096008,0.1175,0.1175,,326.096008,0.1175,0.1175,0.1175,
10/31/1989,572.382996,,,-385.69101,,186.691986,,-157.322006,,,,29.370001,5.398,,12.384,,0.0,,-17.782,34.768001,-12.8,21.968,0.0,,,21.968,0.0,21.968,0.0,,21.968,21.968,,325.451843,0.0675,0.0675,,325.451843,0.0675,0.0675,0.0675,
01/31/1990,857.482971,,,-602.059021,,255.42395,,-199.957001,,,,55.466999,-8.095,,12.958,,0.0,,-4.863,47.371999,-15.5,31.872,0.0,,,31.871999,0.0,31.422001,0.0,,31.422001,31.422001,,326.242004,0.0975,0.0975,,326.242004,0.0975,0.0975,0.0975,
04/30/1990,555.038025,,,-380.045013,,174.993011,,-163.184006,,,,11.809,8.76,,12.402,,0.0,,-21.162001,20.569,-7.4,13.169,0.0,,,13.169,0.0,13.169,0.0,,13.169,13.169,,329.225006,0.04,0.04,,329.225006,0.04,0.04,0.04,
07/31/1990,801.77002,,,-552.632996,,249.137024,,-200.654007,,,,48.483002,7.641,,12.679,,0.0,,-20.32,56.124002,-20.200001,35.924,0.0,,,35.924001,0.0,35.924,0.0,,35.924,35.924,,326.581818,0.11,0.11,,326.581818,0.11,0.11,0.11,
10/31/1990,634.89502,,,-433.105988,,201.789032,,-177.792007,,,,23.997,7.529,,14.131,,0.0,,-21.66,31.526,-11.1,20.426001,0.0,,,20.426,0.0,20.426001,0.0,,20.426001,20.426001,,326.81601,0.0625,0.0625,,326.81601,0.0625,0.0625,0.0625,
01/31/1991,902.200989,,,-634.466003,,267.734986,,-206.139999,,,,61.595001,8.502,,14.466,,0.0,,-22.968,70.097001,-23.799999,46.297001,0.0,,,46.297002,0.0,46.297001,0.0,,46.297001,46.297001,,326.944368,0.1425,0.1425,0.1425,326.944368,0.1425,0.1425,0.1425,
04/30/1991,610.603027,,,-410.322998,,200.280029,,-168.830002,,,,31.450001,9.907,,12.441,,0.0,,-22.348,41.357,-15.7,25.657,0.0,,,25.657001,0.0,25.657,0.0,,25.657,25.657,,331.058075,0.0775,0.0775,,331.058075,0.0775,0.0775,0.0775,
07/31/1991,904.083984,,,-610.130981,,293.953003,,-221.182999,,,,72.769997,7.699,,12.002,,0.0,,-19.701,80.468997,-30.6,49.868999,0.0,,,49.868997,0.0,49.868999,0.0,,49.868999,49.868999,,327.009827,0.1525,0.1525,,327.009827,0.1525,0.1525,0.1525,
10/31/1991,687.077026,,,-463.726013,,223.351013,,-203.401001,,,,19.950001,11.38,,12.547,,0.0,,-23.927,31.330001,-11.9,19.43,0.0,,,19.430001,0.0,19.43,0.0,,19.43,19.43,,323.833344,0.06,0.06,,323.833344,0.06,0.06,0.06,
01/31/1992,978.05603,,,-685.257019,,292.799011,,-238.091003,,,,54.708,9.350999,,13.796,,0.0,,-23.146999,64.058999,-23.200001,40.859001,0.0,,,40.858998,0.0,40.859001,0.0,,40.859001,40.859001,,327.320344,0.125,0.125,0.125,327.320344,0.125,0.125,0.125,
04/30/1992,663.809021,,,-451.889008,,211.920013,,-188.776001,,,,23.143999,12.138,,11.949,,0.0,,-24.087,35.281999,-13.7,21.582001,0.0,,,21.581999,0.0,21.582001,0.0,,21.582001,21.582001,,332.030762,0.065,0.065,,332.030762,0.065,0.065,0.065,
07/31/1992,951.616028,,,-652.018005,,299.598022,,-242.171997,,,,57.425999,10.527,,11.639,,0.0,,-22.166,67.952999,-26.299999,41.653,0.0,,,41.653,0.0,41.653,0.0,,41.653,41.653,,326.690186,0.1275,0.1275,,326.690186,0.1275,0.1275,0.1275,
10/31/1992,737.301025,,,-498.197998,,239.103027,,-213.427994,,,,25.674999,12.054001,,11.229,,0.0,,-23.283001,37.729,-14.3,23.429001,0.0,,,23.429,0.0,23.429001,0.0,,23.429001,23.429001,,323.15863,0.0725,0.0725,,323.15863,0.0725,0.0725,0.0725,
01/31/1993,1069.253052,,,-737.002014,,332.251038,,-257.707001,,,,74.543999,6.610999,,11.154,,0.0,,-17.764999,81.154998,-31.200001,49.955002,0.0,,,49.954997,0.0,49.955002,0.0,,49.955002,49.955002,,327.790008,0.1525,0.1525,0.1525,327.790008,0.1525,0.1525,0.1525,
04/30/1993,695.559021,,,-482.588013,,212.971008,,-208.199005,,,,4.772,13.623,,10.176,,0.0,,-23.799,18.395,-7.1,11.295,0.0,,,11.295,0.0,11.295,0.0,,11.295,11.295,,327.69751,0.035,0.035,,327.69751,0.035,0.035,0.035,
07/31/1993,1017.58197,,,-711.017029,,306.564941,,-248.330994,,,,58.234001,11.917001,,10.19,,0.0,,-22.107,70.151002,-27.5,42.651001,0.0,,,42.651002,0.0,42.651001,0.0,,42.651001,42.651001,,327.944,0.13,0.13,,327.944,0.13,0.13,0.13,
10/31/1993,769.372986,,,-524.315979,,245.057007,,-216.330002,,,,28.726999,13.329,,9.795,,0.0,,-23.124001,42.056,-16.6,25.455999,0.0,,,25.455999,0.0,25.455999,0.0,,25.455999,25.455999,,328.010712,0.0775,0.0775,,328.010712,0.0775,0.0775,0.0775,
01/31/1994,1107.42395,,,-751.382996,,356.040954,,-267.718994,,,,88.321999,11.994,,7.485,,0.0,,-19.479,100.315999,-39.299999,61.015999,0.0,,,61.016,0.0,61.015999,0.0,,61.015999,61.015999,,328.175996,0.185,0.185,0.185,328.175996,0.185,0.185,0.185,
04/30/1994,762.062012,,,-510.13501,,251.927002,,-214.863998,,,,37.063,15.710001,,7.942,,0.0,,-23.652,52.773,-20.799999,31.973,0.0,,,31.973001,0.0,31.973,0.0,,31.973,31.973,,328.31723,0.0975,0.0975,,328.31723,0.0975,0.0975,0.0975,
07/31/1994,1079.500977,,,-723.659973,,355.841003,,-267.596008,,,,88.245003,15.978,,7.806,,0.0,,-23.784,104.223003,-41.200001,63.022999,0.0,,,63.023002,0.0,63.022999,0.0,,63.022999,63.022999,,328.467987,0.1925,0.1925,,328.467987,0.1925,0.1925,0.1925,
10/31/1994,861.968018,,,-569.312012,,292.656006,,-246.307007,,,,46.348999,16.73,,7.705,,0.0,,-24.434999,63.078999,-25.0,38.078999,0.0,,,38.078999,0.0,38.078999,0.0,,38.078999,38.078999,,328.640015,0.115,0.115,,328.640015,0.115,0.115,0.115,
01/31/1995,1190.947021,,,-796.445984,,394.501037,,-294.579987,,,,99.920998,15.562001,,7.211,,0.0,,-22.773001,115.482999,-45.599998,69.883003,0.0,,,69.883001,0.0,69.883003,0.0,,69.883003,69.883003,,328.864012,0.2125,0.2125,0.2125,328.864012,0.2125,0.2125,0.2125,
04/30/1995,815.598022,,,-553.752991,,261.845032,,-239.770996,,,,22.073999,23.602999,,7.673,,0.0,,-31.275999,45.676999,-18.0,27.677,0.0,,,27.676999,0.0,27.677,0.0,,27.677,27.677,,329.0,0.085,0.085,,329.0,0.085,0.085,0.085,
07/31/1995,1149.239014,,,-779.783997,,369.455017,,-299.838013,,,,69.616997,19.448,,9.639,,0.0,,-29.087,89.064997,-35.200001,53.865002,0.0,,,53.864996,0.0,53.865002,0.0,,53.865002,53.865002,,328.864014,0.1625,0.1625,0.1625,328.864014,0.1625,0.1625,0.1625,
10/31/1995,906.848022,,,-612.283997,,294.564026,,-267.552002,,,,27.011999,21.530002,,10.849,,0.0,,-32.379002,48.542001,-19.1,29.441999,0.0,,,29.442,0.0,29.441999,0.0,,29.441999,29.441999,,328.096008,0.09,0.09,,328.096008,0.09,0.09,0.09,
01/31/1996,1241.832031,,,-860.429016,,381.403015,,-313.628998,,,,67.774002,21.254,,11.134,,0.0,,-32.388,89.028002,-34.900002,54.127998,0.0,,,54.128,0.0,54.127998,0.0,,54.127998,54.127998,,324.78,0.1675,0.1675,0.1675,324.78,0.1675,0.1675,0.1675,
04/30/1996,905.961975,,,-617.112,,288.849976,,-268.786987,,,,20.063,22.834002,,11.746,,0.0,,-34.580002,42.897001,-17.0,25.896999,0.0,,,25.897001,0.0,25.896999,0.0,,25.896999,25.896999,,324.696014,0.08,0.08,0.08,324.696014,0.08,0.08,0.08,
07/31/1996,1241.463989,,,-861.888,,379.575989,,-328.835999,,,,50.740002,23.341,,10.333,,0.0,,-33.674,74.081001,-29.299999,44.780998,0.0,,,44.781002,0.0,44.780998,0.0,,44.780998,44.780998,,325.420013,0.1375,0.1375,0.1375,325.420013,0.1375,0.1375,0.1375,
10/31/1996,984.440002,,,-665.377991,,319.062012,,-288.644012,,,,30.417999,25.318002,,9.151,,0.0,,-34.469002,55.736001,-21.700001,34.035999,0.0,,,34.036,0.0,34.035999,0.0,,34.035999,34.035999,,323.104004,0.105,0.105,0.105,323.104004,0.105,0.105,0.105,
01/31/1997,1321.197021,,,-937.658997,,383.538024,,-331.322998,,,,52.215,18.576,,8.17,,0.0,,-26.746,70.791,-28.0,42.791,0.0,,,42.791,0.0,42.791,0.0,,42.791,42.791,,320.388,0.1325,0.1325,0.1325,320.388,0.1325,0.1325,0.1325,
04/30/1997,953.747009,,,-646.512024,,307.234985,,-274.286987,,,,32.948002,20.400999,,7.51,,0.0,,-27.910999,53.349001,-21.0,32.348999,0.0,,,32.349001,0.0,32.348999,0.0,,32.348999,32.348999,,314.31601,0.1025,0.1025,0.1025,314.563995,0.1025,0.1025,0.1025,
07/31/1997,1353.344971,,,-924.354004,,428.990967,,-350.363007,,,,78.627998,18.058001,,8.403,,0.0,,-26.461,96.685999,-38.099998,58.585999,0.0,,,58.586,0.0,58.585999,0.0,,58.585999,58.585999,,308.144012,0.19,0.19,0.19,308.864014,0.19,0.19,0.19,
10/31/1997,1089.784,,,-724.081,,365.703,0.0,-326.193,326.193,,0.0,39.51,20.135,7.659,,,,,-27.794,59.645,-23.5,36.145,,,,36.145,,36.145,,0.0,36.145,36.145,,618.010344,0.0575,0.0575,0.0575,620.49712,0.0575,0.0575,0.0575,
01/31/1998,1454.748047,,,-1000.866028,,453.882019,,-372.085999,,,,81.795998,15.737,,10.678,,0.0,,-26.415001,97.532998,-38.400002,59.132999,0.0,,,59.132997,0.0,59.132999,0.0,,59.132999,59.132999,,308.451996,0.19,0.19,0.19,308.451996,0.19,0.19,0.19,
04/30/1998,1040.214966,,,-698.299988,,341.914978,,-309.263,,,,32.652,20.184999,,10.232,,0.0,,-30.417,52.837,-20.5,32.337002,0.0,,,32.337,0.0,32.337002,0.0,,32.337002,32.337002,,300.440002,0.11,0.11,0.1025,301.515991,0.105,0.105,0.1025,
07/31/1998,1447.284058,,,-971.242981,,476.041077,,-379.51001,,,,96.530998,16.530999,11.054,11.054,,0.0,,-27.584999,113.061997,-43.900002,69.160004,0.0,,,69.161995,0.0,69.162003,0.0,,69.162003,69.162003,,297.015992,0.235,0.235,0.225,298.563996,0.235,0.235,0.225,
10/31/1998,1094.348999,,,-717.099976,,377.249023,,-328.234985,,,,49.014,14.160999,,12.715,,0.0,,-26.875999,63.174999,-24.5,38.674999,0.0,,,38.674999,0.0,38.674999,0.0,,38.674999,38.674999,,288.980011,0.135,0.135,0.135,289.906006,0.135,0.135,0.135,
01/31/1999,1446.041992,,,-958.302002,,487.73999,,-388.261993,,,,99.477997,9.171,,13.09,,0.0,,-22.261,108.648996,-42.099998,66.549004,0.0,,,66.548998,0.0,66.549004,0.0,,66.549004,66.549004,,283.752014,0.235,0.235,0.235,285.291992,0.235,0.235,0.235,
04/30/1999,1039.10498,,,-688.195984,,350.908997,,-314.384003,,,,36.525002,15.163001,,12.009,,0.0,,-27.172001,51.688003,-20.15,31.538,0.0,,,31.538003,0.0,31.538,0.0,0.0,31.538,31.538,,283.690002,0.11,0.11,0.12,285.951996,0.11,0.11,0.12,
07/31/1999,1443.39502,,,-943.348022,,500.046998,,-393.399994,,,,106.647003,9.542,12.483,12.483,,0.0,,-22.025,116.189003,-45.349998,70.838997,0.0,,,70.839005,0.0,70.838997,0.0,0.0,70.838997,70.838997,,278.68399,0.255,0.255,0.255,280.182006,0.255,0.255,0.255,
10/31/1999,1110.114014,,,-717.843994,,392.27002,,-351.18399,,,,41.085999,13.947,13.091,13.091,,0.0,,-27.038,55.032999,-21.4,33.632999,0.0,,,33.632999,0.0,33.632999,0.0,0.0,33.632999,33.632999,,273.444,0.125,0.125,0.145,274.134002,0.125,0.125,0.145,
01/31/2000,1539.977,,,-1010.372,,529.605,,-443.734,,,,85.871,23.276,12.813,,,0.0,,-36.089,109.147,-42.6,66.547,0.0,,,66.547,0.0,66.547,0.0,0.0,66.547,66.547,,266.964,0.25,0.25,0.25,267.564,0.25,0.25,0.25,
04/30/2000,1153.376953,,,-745.655029,,407.721924,,-371.898987,,,,35.823002,17.866,13.296,13.296,,0.0,,-31.162,53.689002,-20.9,32.789001,0.0,,,32.789002,0.0,32.789001,0.0,0.0,32.789001,32.789001,,262.329986,0.125,0.125,0.125,263.253998,0.125,0.125,0.125,
07/31/2000,1457.035034,,,-954.312988,,502.722046,,-436.417999,,,,66.304001,8.197,,14.296,,0.0,,-22.493,74.501001,-29.1,45.401001,0.0,,,45.401001,0.0,45.401001,0.0,0.0,45.401001,45.401001,,259.339996,0.175,0.175,0.2,260.200012,0.175,0.175,0.2,
10/31/2000,1262.390015,,,-823.867981,,438.522034,,-444.390015,,,,-5.868,0.348,15.995,15.995,,0.0,,-16.343,-5.52,2.2,-3.32,0.0,,,-3.32,0.0,-3.32,0.0,0.0,-3.32,-3.32,,258.630004,-0.015,-0.015,0.09,258.630004,-0.015,-0.015,0.09,
01/31/2001,1655.735,,,-1125.68,,530.055,0.0,-494.341,494.341,,0.0,35.714,8.634,19.111,,,0.0,,-27.745,44.348,-17.3,27.048,0.0,,,27.048,0.0,27.048,0.0,0.0,27.048,27.048,1.0803,267.806,0.1,0.1,0.104034,267.97,0.1,0.1,0.104031,
04/30/2001,1218.040039,,,-798.429993,,419.610046,,-396.705994,,,,22.903999,17.651,,19.504,,0.0,,-37.155,40.554999,-15.8,24.754999,0.0,,,24.754999,0.0,24.754999,0.0,0.0,24.754999,24.754999,,267.712006,0.09,0.09,0.09,267.843994,0.09,0.09,0.09,
07/31/2001,1545.759033,,,-1040.907959,,504.851074,,-457.44101,,,,47.41,16.09,,19.279,,0.0,,-35.369,63.5,-24.799999,38.699001,0.0,,,38.700001,0.0,38.699001,0.0,0.0,38.699001,38.699001,,268.015992,0.145,0.145,0.145,268.843994,0.145,0.145,0.145,
10/31/2001,1239.240967,,,-836.960999,,402.279968,,-399.567993,,,,2.712,14.383,,17.934,,0.0,,-32.317,17.095,-6.6,10.495,0.0,,,10.495,0.0,10.495,0.0,0.0,10.495,10.495,,268.298004,0.04,0.04,0.04,268.418,0.04,0.04,0.04,
01/31/2002,1631.089966,,,-1089.560059,,541.529907,,-468.920013,,,,72.610001,10.729,,18.321,,0.0,,-29.05,83.339001,-32.599998,50.738998,0.0,,,50.739003,0.0,50.738998,0.0,0.0,50.738998,50.738998,,268.794006,0.19,0.19,0.19,269.834014,0.19,0.19,0.19,
04/30/2002,1245.760986,,,-823.088013,,422.672973,,-386.084015,,,,36.589001,-28.792,,20.049,,0.0,,8.743,7.797001,-19.01,-11.213,13.359,,,-24.571999,0.0,-24.572001,0.0,0.0,-24.572001,-24.572001,,269.403992,-0.09,-0.04,0.11,269.403992,-0.09,-0.04,0.11,
07/31/2002,1655.527954,,,-1104.035034,,551.49292,,-496.915009,,,,54.577999,4.614999,,19.605,,0.0,,-24.219999,59.192998,-22.858,36.334999,0.0,,,36.334998,0.0,36.334999,0.0,0.0,36.334999,36.334999,,270.131988,0.135,0.135,0.195,271.640014,0.135,0.135,0.195,
10/31/2002,1323.20105,,,-872.153992,,451.047058,,-434.92099,,,,16.125999,14.174,,20.832001,,0.0,,-35.006001,30.299999,-11.873,18.427,0.0,,,18.426999,0.0,18.427,0.0,0.0,18.427,18.427,,270.415986,0.07,0.07,0.07,271.532012,0.07,0.07,0.07,
01/31/2003,1750.58606,,,-1165.994019,,584.592041,,-500.460999,,,,84.130997,67.371,,21.434999,,0.0,,-88.806,151.501997,-38.299999,113.202003,0.0,,,113.201998,-53.167999,60.034,0.0,0.0,60.034,60.034,,270.876007,0.22,0.22,0.22,271.675995,0.22,0.22,0.22,
05/03/2003,1335.472046,,,-886.094971,,449.377075,,-420.325989,,,,29.051001,15.403999,20.228001,20.228001,,0.0,,-35.632,44.455,-17.299999,27.155001,0.0,,,27.155001,0.0,27.155001,0.0,0.0,27.155001,27.155001,,271.156006,0.1,0.1,0.1,271.596008,0.1,0.1,0.1,
08/02/2003,1784.848999,,,-1194.428955,,590.420044,,-492.29599,,,,98.124001,9.947,,26.134001,,0.0,,-36.081001,108.071001,-42.200001,65.871002,0.0,,,65.871,0.0,65.871002,0.0,0.0,65.871002,65.871002,,271.687988,0.24,0.24,0.24,272.675994,0.24,0.24,0.24,
11/01/2003,1409.109009,,,-911.429016,,497.679993,,-439.006012,,,,58.674,15.895,26.681,26.681,,0.0,,-42.576,74.569,-29.1,45.469002,0.0,,,45.469,0.0,45.469002,0.0,0.0,45.469002,45.469002,,272.608002,0.165,0.165,0.165,276.205994,0.165,0.165,0.165,
01/31/2004,1932.54895,,,-1221.988037,,710.560913,,-562.406982,,,,148.154007,22.891998,,17.909,,0.0,,-40.800999,171.046005,-66.699997,104.346001,0.0,,,104.346008,0.0,104.346001,0.0,0.0,104.346001,104.346001,,275.197998,0.38,0.38,0.38,281.380005,0.37,0.37,0.37,
05/01/2004,1535.48999,,,-972.932007,,562.557983,,-452.734009,,,,109.823997,2.803002,36.683998,36.683998,,0.0,,-39.487,112.626999,-43.900002,68.726997,0.0,,,68.726997,0.0,68.726997,0.0,0.0,68.726997,68.726997,,278.220002,0.245,0.245,0.245,283.950012,0.24,0.24,0.24,
07/31/2004,1953.47998,,,-1270.891968,,682.588012,,-536.232971,,,,146.354996,28.910999,,14.091,,0.0,,-43.001999,175.265995,-68.350998,106.915001,0.0,,,106.914997,0.0,106.915001,0.0,0.0,106.915001,106.915001,,281.470002,0.38,0.38,0.38,286.993988,0.37,0.37,0.37,
10/30/2004,1542.075,,,-984.908,,557.167,,-465.769,,,,91.398,31.515,13.485,13.485,,0.0,,-45.0,122.913,-45.085,77.828,0.0,,,77.828,0.0,77.828,0.0,0.0,77.828,77.828,,281.396,0.275,0.275,0.275,286.298,0.27,0.27,0.27,
01/29/2005,2100.343,,,-1330.656,,769.687,,-565.497,,,,204.19,32.285,,21.097,,0.0,,-53.382,236.475,-96.495,139.98,0.0,,,139.98,0.0,139.98,0.0,0.0,139.98,139.98,,274.89,0.51,0.51,0.525,280.642,0.5,0.5,0.515,
04/30/2005,1654.474,,,-1046.165,,608.309,,-465.422,,,,142.887,30.093,2.157,12.639,-10.482,0.0,,-32.25,172.98,-68.442,104.538,0.0,,,104.538,0.0,104.538,0.0,0.0,104.538,104.538,,273.07,0.385,0.385,0.385,278.394,0.375,0.375,0.375,
07/30/2005,2106.438,,,-1347.515,,758.923,,-551.196,,,,207.727,34.066,-7.499,10.904,-18.403,0.0,,-26.567,241.793,-92.875,148.918,0.0,,,148.918,0.0,148.918,0.0,0.0,148.918,148.918,,273.379,0.54,0.54,0.54,279.169,0.53,0.53,0.53,
10/29/2005,1666.13,,,-1058.452,,607.678,,-481.768,,,,125.91,37.102,-5.213,10.248,-15.461,0.0,,-31.889,163.012,-55.559,107.453,0.0,,,107.453,0.0,107.453,0.0,0.0,107.453,107.453,,271.599,0.4,0.4,0.4,277.293,0.39,0.39,0.39,
01/28/2006,2295.818,,,-1435.891,,859.927,,-602.28,,,,257.647,49.793,60.66,11.509,,0.0,,-110.453,307.44,-117.01,190.43,0.0,,,190.43,0.0,190.43,0.0,0.0,190.43,190.43,,269.783,0.71,0.71,0.71,275.662,0.69,0.69,0.69,
04/29/2006,1787.223,,,-1123.003,,664.22,,-494.22,,,,170.0,43.087,-8.175,10.751,-18.926,0.0,,-34.912,213.087,-81.856,131.231,0.0,,,131.231,0.0,131.231,0.0,0.0,131.231,131.231,,267.49,0.49,0.49,0.49,272.831,0.48,0.48,0.48,
07/29/2006,2270.468,,,-1446.633,,823.835,,-579.552,,,,244.283,48.068,-12.99,12.783,-25.773,0.0,,-35.078,292.351,-113.597,178.754,0.0,,,178.754,0.0,178.754,0.0,0.0,178.754,178.754,,261.512,0.68,0.68,0.68,266.226,0.67,0.67,0.67,
10/28/2006,1872.103,,,-1160.123,,711.98,,-538.21,,,,173.77,47.4,-9.48,11.419,-20.899,0.0,,-37.92,221.17,-85.497,135.673,0.0,,,135.673,0.0,135.673,0.0,0.0,135.673,135.673,,256.757,0.53,0.53,0.53,261.616,0.52,0.52,0.52,
02/03/2007,2630.904,,,-1624.19,,1006.714,,-684.881,,,,321.833,57.212,27.475,27.475,,0.0,,-84.687,379.045,-146.704,232.341,0.0,,,232.341,0.0,232.341,0.0,0.0,232.341,232.341,,257.259,0.9,0.9,0.9,262.23,0.89,0.89,0.89,
05/05/2007,1980.872,,,-1214.752,,766.12,,-566.014,,,,200.106,53.639,-14.054,7.212,-21.266,0.0,,-39.585,253.745,-96.948,156.797,0.0,,,156.797,0.0,156.797,0.0,0.0,156.797,156.797,,257.948,0.61,0.61,0.61,262.731,0.6,0.6,0.6,
08/04/2007,2390.0,,,-1514.0,,876.0,0.0,-636.0,636.0,,0.0,240.0,53.0,17.0,,,,,-70.0,293.0,-113.0,180.0,0.0,,,180.0,0.0,180.0,0.0,0.0,180.0,180.0,0.0,251.0,0.72,0.72,0.72,255.4,0.71,0.71,0.71,
11/03/2007,2045.444,,,-1228.506,,816.938,0.0,-596.632,552.632,,44.0,220.306,51.296,20.408,,,,,-71.704,271.602,-105.878,165.724,,,,165.724,,165.724,0.0,0.0,165.724,165.724,-22.05125,241.521,0.69,0.69,0.6,245.344,0.68,0.68,0.6,
02/02/2008,2591.0,,,-1569.0,,1022.0,0.0,-637.0,637.0,,0.0,385.0,-31.0,30.0,57.569,,,,1.0,354.0,-142.0,212.0,0.0,,,212.0,0.0,212.0,0.0,0.0,212.0,212.0,0.0,228.5,0.93,0.93,0.93,231.6,0.92,0.92,0.92,
05/03/2008,1949.0,1949.0,,-1179.0,1179.0,770.0,0.0,-543.0,543.0,,0.0,227.0,-31.0,31.0,,,,,0.0,196.0,-77.0,119.0,0.0,0.0,0.0,119.0,0.0,119.0,0.0,0.0,119.0,119.0,0.0,218.6,0.54,0.54,0.54,221.7,0.54,0.54,0.54,
08/02/2008,2359.0,2359.0,,-1488.0,1488.0,871.0,0.0,-602.0,602.0,,0.0,269.0,-34.0,34.0,,,,,0.0,235.0,-92.0,143.0,0.0,0.0,0.0,143.0,0.0,143.0,0.0,0.0,143.0,143.0,0.0,216.5,0.66,0.66,0.66,219.5,0.65,0.65,0.65,
11/01/2008,1879.0,1879.0,,-1185.0,1185.0,694.0,0.0,-567.0,567.0,,0.0,127.0,-33.0,33.0,,,,,0.0,94.0,-23.0,71.0,0.0,0.0,0.0,71.0,0.0,71.0,0.0,0.0,71.0,71.0,0.0,215.6,0.33,0.33,0.33,218.1,0.33,0.33,0.33,
01/31/2009,2301.0,2301.0,,-1565.0,1565.0,736.0,0.0,-580.0,670.0,,-90.0,156.0,-33.0,33.0,,,,,0.0,123.0,-55.0,68.0,0.0,0.0,0.0,68.0,0.0,68.0,0.0,0.0,68.0,68.0,0.0,215.6,0.32,0.32,0.32,216.8,0.31,0.31,0.31,
05/02/2009,1792.0,1792.0,,-1107.0,1107.0,685.0,0.0,-539.0,539.0,,0.0,146.0,-31.0,31.0,,,,,0.0,115.0,-34.0,81.0,0.0,0.0,0.0,81.0,0.0,81.0,0.0,0.0,81.0,69.0,-12.0,215.9,0.38,0.38,0.319592,217.4,0.37,0.37,0.314802,
08/01/2009,2232.0,2232.0,,-1418.0,1418.0,814.0,0.0,-608.0,608.0,,0.0,206.0,-36.0,36.0,,,,,0.0,170.0,-65.0,105.0,0.0,0.0,0.0,105.0,0.0,105.0,0.0,0.0,105.0,105.0,0.0,216.5,0.49,0.49,0.49,218.8,0.48,0.48,0.48,
10/31/2009,1963.0,1963.0,,-1210.0,1210.0,753.0,0.0,-581.0,581.0,,0.0,172.0,-38.0,38.0,,,,,0.0,134.0,-51.0,83.0,0.0,0.0,0.0,83.0,0.0,83.0,0.0,0.0,83.0,83.0,0.0,217.1,0.38,0.38,0.38,220.7,0.38,0.38,0.38,
01/30/2010,2640.0,2640.0,,-1593.0,1593.0,1047.0,0.0,-737.0,737.0,,0.0,310.0,-33.0,33.0,,,,,0.0,277.0,-105.0,172.0,0.0,0.0,0.0,172.0,0.0,172.0,0.0,0.0,172.0,172.0,0.0,217.7,0.79,0.79,0.79,221.7,0.77,0.77,0.77,
05/01/2010,2087.0,2087.0,,-1243.0,1243.0,844.0,0.0,-625.0,625.0,,0.0,219.0,-31.0,31.0,,,,,0.0,188.0,-72.0,116.0,0.0,0.0,0.0,116.0,0.0,116.0,0.0,0.0,116.0,116.0,0.0,218.4,0.53,0.53,0.53,222.4,0.52,0.52,0.52,
07/31/2010,2515.0,2515.0,,-1565.0,1565.0,950.0,0.0,-678.0,678.0,,0.0,272.0,-32.0,32.0,,,,,0.0,240.0,-94.0,146.0,0.0,0.0,0.0,146.0,,146.0,,0.0,146.0,146.0,0.0,219.2,0.67,0.67,0.67,222.8,0.66,0.66,0.66,
10/30/2010,2182.0,2182.0,,-1331.0,1331.0,851.0,0.0,-630.0,630.0,,0.0,221.0,-31.0,31.0,,,,,0.0,190.0,-71.0,119.0,0.0,0.0,0.0,119.0,0.0,119.0,0.0,0.0,119.0,119.0,0.0,219.0,0.54,0.54,0.54,222.5,0.53,0.53,0.53,
01/29/2011,2916.0,2916.0,,-1758.0,1758.0,1158.0,0.0,-752.0,752.0,,0.0,406.0,-33.0,33.0,,,,,0.0,373.0,-141.0,232.0,0.0,0.0,0.0,232.0,0.0,232.0,0.0,0.0,232.0,232.0,0.0,218.8,1.06,1.06,1.06,222.9,1.04,1.04,1.04,
04/30/2011,2323.0,2323.0,,-1385.0,1385.0,938.0,0.0,-666.0,666.0,,0.0,272.0,-31.0,31.0,,,,,0.0,241.0,-96.0,145.0,0.0,0.0,0.0,145.0,0.0,145.0,0.0,0.0,145.0,149.466,4.466,219.0,0.66,0.66,0.682493,223.3,0.65,0.65,0.67,
07/30/2011,2810.0,2810.0,,-1723.0,1723.0,1087.0,0.0,-767.0,767.0,,0.0,320.0,-30.0,30.0,,,0.0,0.0,0.0,290.0,-115.0,175.0,0.0,0.0,0.0,175.0,0.0,175.0,0.0,0.0,175.0,175.0,0.0,215.9,0.81,0.81,0.81,220.3,0.8,0.8,0.8,
10/29/2011,2478.0,2478.0,,-1511.0,1511.0,967.0,0.0,-727.0,727.0,,0.0,240.0,-31.0,31.0,,,0.0,0.0,0.0,209.0,-82.0,127.0,0.0,0.0,0.0,127.0,0.0,127.0,0.0,0.0,127.0,127.0,0.0,210.9,0.6,0.6,0.6,215.0,0.59,0.59,0.59,
01/28/2012,3266.0,3266.0,,-1973.0,1973.0,1293.0,0.0,-876.0,876.0,,0.0,417.0,-38.0,38.0,,,,,0.0,379.0,-143.0,236.0,0.0,0.0,0.0,236.0,0.0,236.0,0.0,0.0,236.0,261.0,25.0,208.2,1.13,1.13,1.253602,212.3,1.11,1.11,1.227758,
04/28/2012,2625.0,2625.0,,-1584.0,1584.0,1041.0,0.0,-761.0,761.0,,0.0,280.0,-40.0,40.0,,,,,0.0,240.0,-91.0,149.0,0.0,0.0,0.0,149.0,0.0,149.0,0.0,0.0,149.0,149.0,0.0,207.3,0.72,0.72,0.72,211.4,0.7,0.7,0.7,
07/28/2012,3006.0,3006.0,,-1879.0,1879.0,1127.0,0.0,-837.0,837.0,,0.0,290.0,-40.0,40.0,,,0.0,0.0,0.0,250.0,-94.0,156.0,0.0,0.0,0.0,156.0,0.0,156.0,0.0,0.0,156.0,156.0,0.0,205.2,0.76,0.76,0.76,208.7,0.75,0.75,0.75,
10/27/2012,2805.0,2805.0,,-1730.0,1730.0,1075.0,0.0,-798.0,798.0,,0.0,277.0,-38.0,38.0,,,0.0,0.0,0.0,239.0,-93.0,146.0,0.0,0.0,0.0,146.0,0.0,146.0,0.0,0.0,146.0,146.0,0.0,200.9,0.73,0.73,0.73,204.7,0.71,0.71,0.71,
02/02/2013,3698.0,3698.0,,-2239.0,2239.0,1459.0,0.0,-961.0,961.0,,0.0,498.0,-42.0,42.0,,,0.0,0.0,0.0,456.0,-172.0,284.0,0.0,0.0,0.0,284.0,0.0,284.0,0.0,0.0,284.0,284.0,0.0,198.9,1.43,1.43,1.43,202.4,1.4,1.4,1.4,
05/04/2013,2749.0,2749.0,,-1673.0,1673.0,1076.0,0.0,-801.0,801.0,,0.0,275.0,-39.0,39.0,,,0.0,,0.0,236.0,-91.0,145.0,0.0,0.0,0.0,145.0,0.0,145.0,0.0,0.0,145.0,145.0,0.0,195.6,0.74,0.74,0.74,199.0,0.73,0.73,0.73,
08/03/2013,3196.0,3196.0,,-2004.0,2004.0,1192.0,0.0,-857.0,857.0,,0.0,335.0,-37.0,37.0,,,0.0,0.0,0.0,298.0,-114.0,184.0,0.0,0.0,0.0,184.0,0.0,184.0,0.0,0.0,184.0,184.0,0.0,195.5,0.94,0.94,0.94,198.8,0.93,0.93,0.93,
11/02/2013,2884.0,2884.0,,-1791.0,1791.0,1093.0,0.0,-840.0,840.0,,0.0,253.0,-35.0,35.0,,,0.0,0.0,0.0,218.0,-81.0,137.0,0.0,0.0,0.0,137.0,0.0,137.0,0.0,0.0,137.0,137.0,0.0,194.3,0.7,0.7,0.7,197.3,0.69,0.69,0.69,
02/01/2014,3711.0,3711.0,,-2269.0,2269.0,1442.0,0.0,-955.0,955.0,,0.0,487.0,-50.0,50.0,,,0.0,0.0,0.0,437.0,-169.0,268.0,0.0,0.0,0.0,268.0,0.0,268.0,0.0,0.0,268.0,268.0,0.0,192.7,1.39,1.39,1.39,195.8,1.37,1.37,1.37,
05/03/2014,2931.0,2931.0,,-1822.0,1822.0,1109.0,0.0,-844.0,844.0,,0.0,265.0,-35.0,35.0,,,0.0,,0.0,230.0,-90.0,140.0,0.0,0.0,0.0,140.0,0.0,140.0,0.0,0.0,140.0,140.0,0.0,189.8,0.74,0.74,0.74,192.7,0.72,0.72,0.72,
08/02/2014,3392.0,3392.0,,-2130.0,2130.0,1262.0,0.0,-931.0,931.0,,0.0,331.0,-35.0,35.0,,,0.0,0.0,0.0,296.0,-113.0,183.0,0.0,0.0,0.0,183.0,0.0,183.0,0.0,0.0,183.0,183.0,0.0,189.6,0.97,0.97,0.97,192.7,0.95,0.95,0.95,
11/01/2014,3140.0,3140.0,,-1961.0,1961.0,1179.0,0.0,-917.0,917.0,,0.0,262.0,-34.0,34.0,,,0.0,0.0,0.0,228.0,-86.0,142.0,0.0,0.0,0.0,142.0,0.0,142.0,0.0,0.0,142.0,142.0,0.0,190.7,0.74,0.74,0.74,194.7,0.73,0.73,0.73,
01/31/2015,4043.0,4043.0,,-2494.0,2494.0,1549.0,0.0,-1084.0,1084.0,,0.0,465.0,-34.0,34.0,,,0.0,,0.0,431.0,-176.0,255.0,0.0,0.0,0.0,255.0,0.0,255.0,0.0,0.0,255.0,256.95,1.95,189.9,1.35,1.35,1.353081,194.3,1.32,1.32,1.330036,
05/02/2015,3215.0,3215.0,,-1999.0,1999.0,1216.0,0.0,-971.0,971.0,0.0,0.0,245.0,-33.0,33.0,,,0.0,,0.0,212.0,-84.0,128.0,0.0,0.0,0.0,128.0,0.0,128.0,0.0,0.0,128.0,128.0,0.0,190.6,0.67,0.67,0.67,194.9,0.66,0.66,0.66,
08/01/2015,3701.0,3701.0,,-2327.0,2327.0,1374.0,0.0,-997.0,1048.0,,-51.0,377.0,-32.0,32.0,,,0.0,0.0,0.0,345.0,-134.0,211.0,0.0,0.0,0.0,211.0,0.0,211.0,0.0,0.0,211.0,211.0,0.0,189.4,1.11,1.11,1.11,193.5,1.09,1.09,1.09,
10/31/2015,3328.0,3328.0,,-2142.0,2142.0,1186.0,0.0,-1031.0,1031.0,,0.0,155.0,-30.0,30.0,,,0.0,0.0,0.0,125.0,-44.0,81.0,0.0,0.0,0.0,81.0,0.0,81.0,0.0,0.0,81.0,81.0,0.0,187.2,0.43,0.43,0.43,191.3,0.42,0.42,0.42,
01/30/2016,4194.0,4143.0,51.0,-2700.0,2700.0,1494.0,0.0,-1170.0,1170.0,,0.0,324.0,-30.0,30.0,,,,,0.0,294.0,-114.0,180.0,0.0,0.0,0.0,180.0,0.0,180.0,0.0,0.0,180.0,210.719,30.719,178.1,1.01,1.01,1.18315,180.7,1.0,1.0,1.17,
04/30/2016,3249.0,3192.0,57.0,-2100.0,2100.0,1149.0,0.0,-1043.0,1043.0,,0.0,106.0,-31.0,31.0,,,0.0,,0.0,75.0,-29.0,46.0,0.0,0.0,0.0,46.0,0.0,46.0,0.0,0.0,46.0,46.0,0.0,173.1,0.27,0.27,0.27,175.7,0.26,0.26,0.26,
07/30/2016,3651.0,3592.0,59.0,-2359.0,2359.0,1292.0,0.0,-1071.0,1071.0,,0.0,221.0,-30.0,30.0,,,0.0,0.0,0.0,191.0,-74.0,117.0,0.0,0.0,0.0,117.0,0.0,117.0,0.0,0.0,117.0,117.0,0.0,173.5,0.67,0.67,0.67,174.8,0.67,0.67,0.67,
10/29/2016,3542.0,3472.0,70.0,-2261.0,2261.0,1281.0,0.0,-1226.0,1029.0,,197.0,55.0,-30.0,30.0,,,0.0,0.0,0.0,25.0,-35.0,-10.0,0.0,0.0,0.0,-10.0,0.0,-10.0,0.0,0.0,-10.0,148.0,158.0,173.4,-0.06,-0.06,0.853518,173.4,-0.06,-0.06,0.851188,
01/28/2017,4316.0,4243.0,73.0,-2720.0,2720.0,1596.0,0.0,-1172.0,1172.0,,0.0,424.0,-31.0,31.0,,,,,0.0,393.0,-192.0,201.0,0.0,0.0,0.0,201.0,0.0,201.0,0.0,0.0,201.0,240.0,39.0,172.7,1.17,1.17,1.389693,175.7,1.15,1.15,1.371969,
04/29/2017,3354.0,3279.0,75.0,-2155.0,2155.0,1199.0,0.0,-1048.0,1048.0,,0.0,151.0,-48.0,48.0,,,,,0.0,103.0,-40.0,63.0,0.0,0.0,0.0,63.0,0.0,63.0,0.0,0.0,63.0,63.0,0.0,167.3,0.38,0.38,0.38,169.1,0.37,0.37,0.37,
07/29/2017,3793.0,3717.0,76.0,-2451.0,2451.0,1342.0,0.0,-1125.0,1125.0,,0.0,217.0,-29.0,29.0,,,,,0.0,188.0,-78.0,110.0,0.0,0.0,0.0,110.0,0.0,110.0,0.0,0.0,110.0,110.0,0.0,166.4,0.66,0.66,0.66,168.5,0.65,0.65,0.65,
10/28/2017,3629.0,3541.0,88.0,-2315.0,2315.0,1314.0,0.0,-1106.0,1106.0,,0.0,208.0,-28.0,28.0,,,,,0.0,180.0,-66.0,114.0,0.0,0.0,0.0,114.0,0.0,114.0,0.0,0.0,114.0,114.0,0.0,166.6,0.68,0.68,0.68,168.8,0.67,0.67,0.67,
02/03/2018,4702.0,4600.0,102.0,-2969.0,2969.0,1733.0,0.0,-1383.0,1383.0,,0.0,350.0,-31.0,31.0,,,,,0.0,319.0,-168.0,151.0,0.0,0.0,0.0,151.0,0.0,151.0,0.0,0.0,151.0,193.0,42.0,166.9,0.9,0.9,1.156381,169.4,0.89,0.89,1.137934,
05/05/2018,3561.0,3469.0,92.0,-2288.0,2288.0,1273.0,0.0,-1120.0,1120.0,,0.0,153.0,-28.0,28.0,,,,,0.0,125.0,-38.0,87.0,0.0,0.0,0.0,87.0,0.0,87.0,0.0,0.0,87.0,87.0,0.0,167.8,0.52,0.52,0.52,170.2,0.51,0.51,0.51,
08/04/2018,4067.0,3980.0,87.0,-2589.0,2589.0,1478.0,0.0,-1232.0,1232.0,,0.0,246.0,-28.0,28.0,,,,,0.0,218.0,-56.0,162.0,0.0,0.0,0.0,162.0,0.0,162.0,0.0,0.0,162.0,162.0,0.0,167.8,0.97,0.97,0.97,170.3,0.95,0.95,0.95,
11/03/2018,3748.0,3648.0,100.0,-2435.0,2435.0,1313.0,0.0,-1208.0,1208.0,,0.0,105.0,-25.0,25.0,,,,,0.0,80.0,-13.0,67.0,0.0,0.0,0.0,67.0,0.0,67.0,0.0,0.0,67.0,67.0,0.0,168.8,0.4,0.4,0.4,172.4,0.39,0.39,0.39,
02/02/2019,4484.0,4383.0,101.0,-2843.0,2843.0,1641.0,0.0,-1308.0,1308.0,,0.0,333.0,-23.0,23.0,,,,,0.0,310.0,-62.0,248.0,0.0,0.0,0.0,248.0,0.0,248.0,0.0,0.0,248.0,320.0,72.0,164.8,1.5,1.5,1.941748,167.1,1.48,1.48,1.91088,
05/04/2019,3443.0,3349.0,94.0,-2228.0,2228.0,1215.0,0.0,-1138.0,1138.0,,0.0,77.0,-24.0,24.0,,,,,0.0,53.0,-16.0,37.0,0.0,0.0,0.0,37.0,0.0,37.0,0.0,0.0,37.0,39.37,2.37,155.0,0.24,0.24,0.254,156.2,0.23,0.23,0.245173,
08/03/2019,3872.0,3778.0,94.0,-2476.0,2476.0,1396.0,0.0,-1180.0,1180.0,,0.0,216.0,-23.0,23.0,,,,,0.0,193.0,-52.0,141.0,0.0,0.0,0.0,141.0,0.0,141.0,0.0,0.0,141.0,141.0,0.0,155.0,0.91,0.91,0.91,155.6,0.9,0.9,0.9,
11/02/2019,3672.0,3566.0,106.0,-2344.0,2344.0,1328.0,0.0,-1135.0,1135.0,,0.0,193.0,-20.0,20.0,,,,,0.0,173.0,-47.0,126.0,0.0,0.0,0.0,126.0,0.0,126.0,0.0,0.0,126.0,126.0,0.0,155.2,0.81,0.81,0.81,155.8,0.81,0.81,0.81,
02/01/2020,4538.0,4439.0,99.0,-2884.0,2884.0,1654.0,0.0,-1355.0,1355.0,,0.0,299.0,-36.0,36.0,,,,,0.0,263.0,-70.0,193.0,0.0,0.0,0.0,193.0,0.0,193.0,0.0,0.0,193.0,193.0,0.0,155.5,1.24,1.24,1.24,156.6,1.23,1.23,1.23,
05/02/2020,2119.0,2026.0,93.0,-1810.0,1810.0,309.0,0.0,-1122.0,1122.0,,0.0,-813.0,-34.0,34.0,,,,,0.0,-847.0,326.0,-521.0,0.0,0.0,0.0,-521.0,0.0,-521.0,0.0,0.0,-521.0,-449.9,71.1,156.4,-3.33,-3.33,-2.876598,156.4,-3.33,-3.33,-2.876598,
08/01/2020,1862.0,1778.0,84.0,-1406.0,1406.0,456.0,0.0,-826.0,826.0,,0.0,-370.0,-51.0,51.0,,,,,0.0,-421.0,166.0,-255.0,0.0,0.0,0.0,-255.0,0.0,-255.0,0.0,0.0,-255.0,-239.2,15.8,157.2,-1.62,-1.62,-1.521628,157.2,-1.62,-1.62,-1.521628,
10/31/2020,3069.2,,,,,955.104348,,,,,,56.638,,,,,,,,0.926,,5.349,,,,,,5.349,,,5.349,5.349,,,-0.036,-0.036,-0.082,,-0.036,-0.036,-0.082,
01/31/2021,3947.9,,,,,1323.296601,,,,,,240.909,,,,,,,,165.336,,110.537,,,,,,110.537,,,110.537,110.537,,,0.671,0.671,0.659,,0.671,0.671,0.659,
