Date,Revenue,Sales & Services Revenue,Cost of Revenue,Cost of Goods & Services,Gross Profit,Other Operating Income,Operating Expenses,"Selling, General & Admin",Other Operating Expense,Operating Income (Loss),Non-Operating (Income) Loss,"Interest Expense, Net",Interest Expense,Interest Income,Foreign Exch (Gain) Loss,Other Non-Op (Income) Loss,Pretax Income,Income Tax Expense (Benefit),Income (Loss) from Cont Ops,Net Extraordinary Losses (Gains),Discontinued Operations,XO & Accounting Changes,Income (Loss) Incl. MI,Minority Interest,"Net Income, GAAP",Preferred Dividends,Other Adjustments,"Net Income Avail to Common, GAAP","Net Income Avail to Common, Adj",Net Abnormal Losses (Gains),Basic Weighted Avg Shares,"Basic EPS, GAAP",Basic EPS from Cont Ops,"Basic EPS from Cont Ops, Adjusted",Diluted Weighted Avg Shares,"Diluted EPS, GAAP",Diluted EPS from Cont Ops,"Diluted EPS from Cont Ops, Adjusted",Source: Bloomberg
03/31/1990,420.851013,,-254.529999,,166.321014,,-89.519997,,,76.801003,7.313,,0.43,,,-7.743,84.114003,-31.5,52.613998,0.0,,,52.614003,0.0,52.613998,0.0,,52.613998,52.613998,,175.994003,0.3,0.3,,175.994003,0.3,0.3,0.3,
06/30/1990,340.255005,,-203.699005,,136.556,,-87.456001,,,49.099998,6.833,,0.254,,,-7.087,55.932998,-21.0,34.932999,0.0,,,34.932998,0.0,34.932999,0.0,,34.932999,34.932999,,174.468002,0.2,0.2,,174.468002,0.2,0.2,0.2,
09/29/1990,499.553986,,-295.572998,,203.980988,,-108.852997,,,95.127998,4.934,,0.408,,,-5.342,100.061998,-37.5,62.562,0.0,,,62.561998,0.0,62.562,0.0,,62.562,62.562,,173.584,0.36,0.36,,173.584,0.36,0.36,0.36,
12/29/1990,468.208008,,-277.03299,,191.175018,,-107.232002,,,83.943001,5.248,,0.399,,,-5.647,89.191001,-33.5,55.691002,0.0,,,55.691001,0.0,55.691002,0.0,,55.691002,55.691002,,170.223664,0.325,0.325,0.325,170.223664,0.325,0.325,0.325,
03/30/1991,502.067993,,-300.313995,,201.753998,,-110.503998,,,91.25,5.679,,0.351,,,-6.03,96.929,-35.900002,61.028999,0.0,,,61.028999,0.0,61.028999,0.0,,61.028999,61.028999,,170.300003,0.36,0.36,,170.300003,0.36,0.36,0.36,
06/29/1991,416.028015,,-249.033997,,166.994019,,-110.174004,,,56.82,5.844,,0.373,,,-6.217,62.664,-23.200001,39.464001,0.0,,,39.463999,0.0,39.464001,0.0,,39.464001,39.464001,,170.942001,0.23,0.23,,170.942001,0.23,0.23,0.23,
09/28/1991,558.375977,,-336.643005,,221.732971,,-124.079002,,,97.653999,4.977,,0.027,,,-5.004,102.631,-36.900002,65.731003,0.0,,,65.730998,0.0,65.731003,0.0,,65.731003,65.731003,,171.317993,0.385,0.385,,171.317993,0.385,0.385,0.385,
12/28/1991,530.705017,,-321.510986,,209.194031,,-126.303001,,,82.890999,5.633,,0.052,,,-5.685,88.523999,-32.0,56.523998,0.0,,,56.523999,0.0,56.523998,0.0,,56.523998,56.523998,,171.09822,0.33,0.33,0.33,171.09822,0.33,0.33,0.33,
03/28/1992,556.908997,,-339.653992,,217.255005,,-124.692001,,,92.563004,5.577,,0.027,,,-5.604,98.140004,-35.299999,62.84,0.0,,,62.840004,0.0,62.84,0.0,,62.84,62.84,,170.365997,0.37,0.37,,170.365997,0.37,0.37,0.37,
06/27/1992,472.615997,,-290.858002,,181.757996,,-125.249001,,,56.508999,5.196,,0.027,,,-5.223,61.704999,-22.200001,39.505001,0.0,,,39.504998,0.0,39.505001,0.0,,39.505001,39.505001,,169.306,0.235,0.235,,169.306,0.235,0.235,0.235,
09/26/1992,618.328979,,-389.112,,229.21698,,-133.167007,,,96.050003,4.671,,0.023,,,-4.694,100.721003,-36.200001,64.521004,0.0,,,64.521002,0.0,64.521004,0.0,,64.521004,64.521004,,166.807999,0.385,0.385,,166.807999,0.385,0.385,0.385,
12/26/1992,546.476013,,-344.589996,,201.886017,,-124.432999,,,77.453003,3.905,,0.032,,,-3.937,81.358003,-29.4,51.958,0.0,,,51.958003,0.0,51.958,0.0,,51.958,51.958,,165.244004,0.315,0.315,0.315,165.244004,0.315,0.315,0.315,
03/27/1993,531.346985,,-339.56601,,191.780975,,-132.451996,,,59.328999,4.709,,0.024,,,-4.733,64.037998,-23.0,41.037998,-1.643,,,42.680998,0.0,42.681,0.0,,42.681,42.681,,165.343231,0.26,0.25,,165.343231,0.26,0.25,0.25,
06/26/1993,506.915009,,-326.783997,,180.131012,,-135.522003,,,44.609001,4.085,,0.043,,,-4.128,48.694001,-17.6,31.094,0.0,,,31.094001,0.0,31.094,0.0,,31.094,31.094,,163.71962,0.19,0.19,,163.71962,0.19,0.19,0.19,
09/25/1993,621.893982,,-412.613007,,209.280975,,-151.337006,,,57.944,4.214,,,,,-4.214,62.158,-23.9,38.257999,0.0,,,38.258001,0.0,38.257999,0.0,,38.257999,38.257999,,162.777176,0.235,0.235,,162.777176,0.235,0.235,0.235,
12/25/1993,544.140991,,-374.417999,,169.722992,,-148.975006,,,20.747999,3.143,,0.103,,,-3.246,23.890999,-9.0,14.891,0.0,,,14.890999,0.0,14.891,0.0,,14.891,14.891,,160.232956,0.095,0.095,0.095,160.232956,0.095,0.095,0.095,
04/02/1994,541.367981,,-353.747986,,187.619995,,-146.942993,,,40.676998,2.86,,0.068,,,-2.928,43.536998,-16.1,27.437,0.0,,,27.436998,0.0,27.437,0.0,,27.437,27.437,,157.699997,0.175,0.175,,157.699997,0.175,0.175,0.175,
07/02/1994,490.042999,,-321.132996,,168.910004,,-146.593994,,,22.316,2.879,,,,,-2.879,25.195,-9.3,15.895,0.0,,,15.895,0.0,15.895,0.0,,15.895,15.895,,157.632004,0.1,0.1,,157.632004,0.1,0.1,0.1,
10/01/1994,616.788025,,-390.380005,,226.40802,,-161.112,,,65.295998,2.891,,,,,-2.891,68.186998,-25.299999,42.887001,0.0,,,42.886998,0.0,42.887001,0.0,,42.887001,42.887001,,156.76004,0.275,0.275,,156.76004,0.275,0.275,0.275,
12/31/1994,514.702026,,-342.433014,,172.269012,,-179.772003,,,-7.503,1.897,,0.068,,,-1.965,-5.606,2.1,-3.37,0.0,,,-3.506,0.0,-3.37,0.0,,-3.37,-3.37,,156.067994,-0.02,-0.02,-0.02,156.067994,-0.02,-0.02,-0.02,
03/31/1995,527.075989,,-335.009003,,192.066986,,-150.406006,,,41.660999,2.924,,,,,-2.924,44.584999,-16.5,28.084999,0.0,,,28.084999,0.0,28.084999,0.0,,28.084999,28.084999,,152.147995,0.185,0.185,0.185,152.147995,0.185,0.185,0.185,
07/01/1995,474.848999,,-298.151001,,176.697998,,-152.882996,,,23.815001,3.207,,,,,-3.207,27.022001,-10.0,17.021999,0.0,,,17.022001,0.0,17.021999,0.0,,17.021999,17.021999,,149.712006,0.115,0.115,0.115,149.712006,0.115,0.115,0.115,
09/30/1995,582.572021,,-354.256989,,228.315033,,-154.529007,,,73.786003,3.879,,,,,-3.879,77.665003,-29.5,48.165001,0.0,,,48.165003,0.0,48.165001,0.0,,48.165001,48.165001,,149.845993,0.32,0.32,0.32,149.845993,0.32,0.32,0.32,
12/30/1995,497.132996,,-303.511993,,193.621003,,-142.653,,,50.967999,2.874,,,,,-2.874,53.841999,-20.200001,33.641998,0.0,,,33.641998,0.0,33.641998,0.0,,33.641998,33.641998,,148.214004,0.225,0.225,0.225,148.214004,0.225,0.225,0.225,
03/30/1996,556.557983,,-345.31601,,211.241974,,-157.656006,,,53.585999,3.8,,,,,-3.8,57.385998,-21.5,35.886002,0.0,,,35.885998,0.0,35.886002,0.0,,35.886002,35.886002,,146.473999,0.245,0.245,0.245,146.813995,0.245,0.245,0.245,
06/29/1996,500.595001,,-307.990997,,192.604004,,-159.632004,,,32.972,3.398,,,,,-3.398,36.37,-13.7,22.67,0.0,,,22.67,0.0,22.67,0.0,,22.67,22.67,,146.169998,0.155,0.155,0.155,146.169998,0.155,0.155,0.155,
09/28/1996,622.10199,,-367.981995,,254.119995,,-167.664993,,,86.455002,3.468,,,,,-3.468,89.923002,-33.700001,56.223,0.0,,,56.223001,0.0,56.223,0.0,,56.223,56.223,,143.419998,0.39,0.39,0.39,143.419998,0.39,0.39,0.39,
12/28/1996,538.263,,-319.794006,,218.468994,,-156.766998,,,61.702,3.684,,,,,-3.684,65.386,-24.5,40.886002,0.0,,,40.886,0.0,40.886002,0.0,,40.886002,40.886002,,142.746002,0.285,0.285,0.285,143.759994,0.285,0.285,0.285,
04/05/1997,596.55603,,-365.234985,,231.321045,,-168.498993,,,62.821999,4.099,,,,,-4.099,66.920999,-24.799999,42.120998,0.0,,,42.120999,0.0,42.120998,0.0,,42.120998,42.120998,,141.858002,0.295,0.295,0.295,142.731995,0.295,0.295,0.295,
07/05/1997,537.900024,,-326.061005,,211.83902,,-169.595001,,,42.243999,3.688,,,,,-3.688,45.931999,-17.0,28.931999,0.0,,,28.931999,0.0,28.931999,0.0,,28.931999,28.931999,,141.231995,0.205,0.205,0.205,142.302002,0.205,0.205,0.205,
10/04/1997,685.919983,,-402.19101,,283.728973,,-182.306,,,101.422997,4.181,,,,,-4.181,105.603997,-39.0,66.603996,0.0,,,66.603997,0.0,66.603996,0.0,,66.603996,66.603996,,139.694,0.475,0.475,0.475,140.806,0.475,0.475,0.475,
01/03/1998,592.224976,,-349.455994,,242.768982,,-171.962997,,,70.806,3.881,,,,,-3.881,74.687,-27.700001,46.987,0.0,,,46.986999,0.0,46.987,0.0,,46.987,46.987,,133.966003,0.35,0.35,0.35,135.112,0.35,0.35,0.35,
04/04/1998,656.005005,,-400.46701,,255.537994,,-185.949997,,,69.587997,2.698,,,,,-2.698,72.285997,-26.4,45.886002,0.0,,,45.885998,0.0,45.886002,0.0,,45.886002,45.886002,,132.100006,0.345,0.345,0.345,132.964005,0.345,0.345,0.345,
07/04/1998,565.218994,,-340.303009,,224.915985,,-179.197998,,,45.717999,2.945,,,,,-2.945,48.662998,-17.700001,30.962999,0.0,,,30.962998,0.0,30.962999,0.0,,30.962999,30.962999,,131.968002,0.235,0.235,0.235,132.878006,0.235,0.235,0.235,
10/03/1998,703.903992,,-426.929993,,276.973999,,-179.925995,,,97.047997,1.749,,,,,-1.749,98.796996,-36.099998,62.696999,0.0,,,62.696998,0.0,62.696999,0.0,,62.696999,62.696999,,130.638,0.48,0.48,0.48,131.113998,0.48,0.48,0.48,
01/02/1999,610.140015,,-370.466003,,239.674011,,-167.350006,,,72.323997,-25.393,,,,,25.393,46.930998,-17.1,29.830999,0.0,,,29.830997,0.0,29.830999,0.0,,29.830999,29.830999,,128.901993,0.23,0.23,0.36,129.404007,0.23,0.23,0.36,
04/03/1999,700.789001,,-438.157013,,262.631989,,-192.889999,,,69.741997,0.671,,,,,-0.671,70.412997,-25.700001,44.713001,0.0,,,44.712996,0.0,44.713001,0.0,,44.713001,44.713001,,127.924004,0.35,0.35,0.35,128.244003,0.35,0.35,0.35,
07/03/1999,607.674988,,-370.664001,,237.010986,,-188.334,,,48.676998,0.984,,,,,-0.984,49.660998,-18.1,31.561001,0.0,,,31.560998,0.0,31.561001,0.0,,31.561001,31.561001,,126.480003,0.25,0.25,0.25,126.865997,0.25,0.25,0.25,
10/02/1999,821.023987,,-499.942993,,321.080994,,-216.044006,,,105.037003,-1.167,,,,,1.167,103.870003,-37.5,66.370003,0.0,,,66.370003,0.0,66.370003,0.0,,66.370003,66.370003,,122.669998,0.54,0.54,0.54,123.092003,0.54,0.54,0.54,
01/01/2000,677.059998,,-400.201996,,276.858002,,-200.561005,,,76.296997,1.345,,,,,-1.345,77.641997,-27.844,49.798,0.0,,,49.797997,0.0,49.798,0.0,,49.798,49.798,,116.958,0.425,0.425,0.425,117.454002,0.425,0.425,0.425,
04/01/2000,809.458984,,-506.584991,,302.873993,,-228.529007,,,74.345001,-1.702,,,,0.0,1.702,72.643001,-26.150999,46.492001,0.0,,,46.492002,0.0,46.492001,0.0,0.0,46.492001,46.492001,,109.944,0.425,0.425,0.405,110.589996,0.42,0.42,0.4,
07/01/2000,661.667,,-393.913,,267.754,,-214.802,,,52.952,-3.808,,,,0.0,3.808,49.144,-17.692,31.452,0.0,,,31.452,0.0,31.452,0.0,0.0,31.452,31.452,,108.098,0.29,0.29,0.29,109.05,0.29,0.29,0.29,
09/30/2000,879.025024,,-528.369995,,350.655029,,-239.117004,,,111.538002,-6.738,,,,0.0,6.738,104.800002,-37.728001,67.071999,0.0,,,67.072001,0.0,67.071999,0.0,0.0,67.071999,67.071999,,105.542,0.635,0.635,0.635,106.444,0.63,0.63,0.63,
12/30/2000,753.98999,,-441.401001,,312.588989,,-226.694,,,85.894997,-24.052,,,0.0,0.0,24.052,61.842997,-22.264,39.578999,0.0,,,39.578997,0.0,39.578999,0.0,0.0,39.578999,39.578999,,102.952004,0.38,0.38,0.48,103.617996,0.38,0.38,0.48,
03/31/2001,826.650024,,-503.787994,,322.86203,,-245.160995,,,77.700996,-6.607,,,0.0,0.0,6.607,71.093997,-25.594,45.5,0.0,,,45.499997,0.0,45.5,0.0,0.0,45.5,45.5,,103.230003,0.44,0.44,0.44,104.477997,0.44,0.44,0.44,
06/30/2001,727.034973,,-418.79599,,308.238983,,-250.018997,,,58.220001,-7.491,,,0.0,0.0,7.491,50.729001,-18.261999,32.466999,0.0,,,32.467002,0.0,32.466999,0.0,0.0,32.466999,32.466999,,104.232002,0.31,0.31,0.31,105.251999,0.31,0.31,0.31,
09/29/2001,1008.356018,,-585.026978,,423.329041,,-300.627014,,,122.702003,-9.247,,,0.0,0.0,9.247,113.455004,-40.844002,72.611,0.0,,,72.611002,0.0,72.611,0.0,0.0,72.611,72.611,,104.426003,0.7,0.7,0.7,105.501999,0.69,0.69,0.69,
12/29/2001,886.481018,,-513.661011,,372.820007,,-284.675995,,,88.143997,-23.333,,,,0.0,23.333,64.810997,-23.332001,41.479,0.0,,,41.478996,,41.479,0.0,0.0,41.479,41.479,,104.281998,0.4,0.4,0.49,105.154,0.39,0.39,0.48,
03/30/2002,892.893005,,-526.794983,,366.098022,,-280.652008,,,85.445999,-5.895,,6.006,,0.0,-0.111,79.550999,-28.638,50.912998,0.0,,,50.912999,0.0,50.912998,0.0,0.0,50.912998,50.912998,,104.732002,0.49,0.49,0.49,106.189003,0.48,0.48,0.48,
06/29/2002,789.517029,,-436.885986,,352.631042,,-285.367004,,,67.264,-6.632,,5.547,,0.0,1.085,60.632,-21.827999,38.804001,0.0,,,38.804001,0.0,38.804001,0.0,0.0,38.804001,38.804001,,105.648003,0.37,0.37,0.37,107.489998,0.36,0.36,0.36,
09/28/2002,1041.199951,,-583.557983,,457.641968,,-319.572998,,,138.069,-7.616,,6.348,,0.0,1.268,130.453,-46.963001,83.489998,0.0,,,83.489999,0.0,83.489998,0.0,0.0,83.489998,83.489998,,105.862,0.79,0.79,0.79,107.329002,0.78,0.78,0.78,
12/28/2002,993.893005,,-550.629028,,443.263977,,-337.024994,,,106.238998,-14.429,,7.223,,0.0,7.206,91.809999,-33.852001,57.958,0.0,,,57.957997,0.0,57.958,0.0,0.0,57.958,57.958,,106.001999,0.55,0.55,0.59,107.650002,0.54,0.54,0.58,
04/05/2003,1075.598999,,-619.830017,,455.768982,,-348.303986,,,107.464996,-6.944,,6.636,,0.0,0.308,100.520996,-36.389,64.132004,0.0,,,64.131996,0.0,64.132004,0.0,0.0,64.132004,64.132004,,106.299004,0.6,0.6,0.6,107.959999,0.59,0.59,0.59,
07/05/2003,959.416992,,-533.642029,,425.774963,,-347.410004,,,78.364998,-8.435,,8.187,,0.0,0.248,69.929998,-25.313999,44.616001,0.0,,,44.615998,0.0,44.616001,0.0,0.0,44.616001,44.616001,,107.370003,0.42,0.42,0.42,109.605003,0.41,0.41,0.41,
10/04/2003,1174.192017,,-654.302979,,519.889038,,-356.803009,,,163.085999,-9.67,,7.866,,0.0,1.804,153.415998,-55.536999,97.878998,0.0,,,97.879,0.0,97.878998,0.0,0.0,97.878998,97.878998,,107.959,0.91,0.91,0.91,110.324997,0.89,0.89,0.89,
01/03/2004,1031.906982,,-543.549011,,488.357971,,-367.156006,,,121.202003,-6.678,,7.82,,0.0,-1.142,114.524003,-41.458,73.066002,0.0,,,73.066003,0.0,73.066002,0.0,0.0,73.066002,73.066002,,108.264,0.67,0.67,0.67,110.674004,0.66,0.66,0.66,
04/03/2004,1102.77002,,-601.737,,501.03302,,-386.703003,,,114.330002,-8.2,,7.61,0.0,0.0,0.59,106.130002,-37.356998,68.773003,0.0,,,68.773003,0.0,68.773003,0.0,0.0,68.773003,68.773003,,109.280998,0.63,0.63,0.63,111.245003,0.62,0.62,0.62,
07/03/2004,1025.92395,,-536.48999,,489.43396,,-403.595001,,,85.838997,-7.829,,6.896,0.0,0.0,0.933,78.009997,-27.459999,50.549999,0.0,,,50.549998,0.0,50.549999,0.0,0.0,50.549999,50.549999,,108.703003,0.47,0.47,0.47,110.216003,0.46,0.46,0.46,
10/02/2004,1306.581,,-713.008,,593.573,,-413.57,,,180.003,-15.698,,7.897,0.0,0.0,7.801,164.305,-60.614,111.588,0.0,,,103.691,0.0,111.588,0.0,0.0,111.588,111.588,,106.894,1.04,1.04,1.04,108.496,1.03,1.03,1.03,
01/01/2005,1197.558,,-639.031,,558.527,,-426.254,,,132.271,-8.413,32.151,9.748,,0.0,-23.738,123.858,-41.197,82.661,0.0,,,82.661,0.0,82.661,0.0,0.0,82.661,82.661,,107.64,0.77,0.77,0.75,109.6,0.75,0.75,0.74,
04/02/2005,1212.407,,-654.177,,558.23,,-439.474,,,118.756,-8.202,7.588,,,0.0,0.614,110.554,-39.136,71.418,0.0,,,71.418,0.0,71.418,0.0,0.0,71.418,71.418,,108.063,0.66,0.66,0.66,110.059,0.65,0.65,0.65,
07/02/2005,1099.104,,-569.644,,529.46,,-437.425,,,92.035,-8.227,7.781,7.781,0.0,0.0,0.446,83.808,-29.668,54.14,0.0,,,54.14,0.0,54.14,0.0,0.0,54.14,54.14,,106.671,0.51,0.51,0.51,108.378,0.5,0.5,0.5,
10/01/2005,1336.654,,-702.206,,634.448,,-450.22,,,184.228,-8.508,8.255,8.255,,0.0,0.253,175.72,-62.205,113.515,0.0,,,113.515,0.0,113.515,0.0,0.0,113.515,113.515,,105.995,1.07,1.07,1.07,107.285,1.06,1.06,1.06,
12/31/2005,1199.588,,-623.369,,576.219,,-446.508,,,129.711,-8.515,8.17,8.174,,0.0,0.345,121.196,-42.903,78.293,0.0,,,78.293,0.0,78.293,0.0,0.0,78.293,78.293,,104.391,0.75,0.75,0.75,105.801,0.74,0.74,0.74,
04/01/2006,1171.201,,-627.188,,544.013,,-441.779,,,102.234,-28.895,7.105,7.105,,0.0,21.79,73.339,-26.402,46.937,0.0,,,46.937,0.0,46.937,0.0,0.0,46.937,46.937,,103.422,0.45,0.45,0.59407,104.87,0.45,0.45,0.59208,
07/01/2006,1125.038,,-576.542,,548.496,,-459.035,,,89.461,-23.324,8.633,8.633,,0.0,14.691,66.137,-26.722,39.415,0.0,,,39.415,0.0,39.415,0.0,0.0,39.415,39.415,,102.541,0.38,0.38,0.43,103.925,0.38,0.38,0.43,
09/30/2006,1313.848,,-679.65,,634.198,,-460.268,,,173.93,-31.655,14.262,14.262,,0.0,17.393,142.275,-51.907,90.368,-4.802,,,95.17,0.0,95.17,,,95.17,95.17,,100.868,0.94,0.9,1.03,102.384,0.93,0.88,1.01,
12/30/2006,1033.849,,-627.776,,406.073,,-292.714,522.903,-230.189,113.359,-5.98,,8.257,,0.0,-2.277,116.949,-40.139,67.24,-5.923,,,82.733,0.0,73.163,0.0,0.0,73.163,73.163,,101.035,0.72,0.66,0.889,102.657,0.71,0.65,0.876,
03/31/2007,1069.199951,,-570.09198,,499.107971,,-469.377991,,,29.73,-9.261,8.532,0.0,,0.0,0.729,20.469,-9.987,10.482,-5.716,,,16.197999,0.0,16.198,0.0,0.0,16.198,16.198,,101.795998,0.16,0.1,0.16,103.126999,0.16,0.1,0.16,
06/30/2007,1048.545044,,-531.677979,,516.867065,,-492.080994,,,24.785999,-9.481,9.816,9.816,,0.0,-0.335,15.304999,-5.386,9.919,-3.712,,,13.630999,0.0,13.631,0.0,0.0,13.631,13.631,,101.855003,0.13,0.1,0.23,102.828003,0.13,0.1,0.23,
09/29/2007,1206.719,,-622.009,,584.71,,-501.537,,,83.173,-25.558,11.739,11.739,,0.0,13.819,57.615,-24.098,33.517,0.466,,,33.051,0.0,33.051,0.0,0.0,33.051,33.051,,99.82,0.33,0.33,0.61,100.7,0.33,0.33,0.6,
12/29/2007,1117.251,,-607.211,,510.04,,-616.41,,,-106.37,-432.533,,12.101,,0.0,420.432,-538.903,139.215,-420.321,15.357,,,-415.045,0.0,-435.678,0.0,0.0,-435.678,-435.678,292.43,95.747,-4.55,-4.39,-1.336,95.747,-4.55,-4.39,-1.336,
04/05/2008,1095.374,,-568.323,,527.051,,-539.458,539.458,0.0,-12.407,-14.697,12.103,12.103,,,2.594,-27.104,19.445,-7.659,23.265,,,-30.924,-0.097,-31.021,0.0,0.0,-31.021,-31.021,42.7063,93.507,-0.33,-0.08,0.376718,93.507,-0.33,-0.08,0.376718,
07/05/2008,963.43,,-503.42,,460.01,,-481.707,481.707,0.0,-21.697,-10.735,9.77,9.77,,,0.965,-32.432,18.607,-13.825,9.322,,,-23.147,-0.016,-23.163,0.0,0.0,-23.163,-23.163,,93.638,-0.25,-0.17,-0.17,93.638,-0.25,-0.15,-0.17,
10/04/2008,1014.969,,-514.615,,500.354,,-474.115,474.115,0.0,26.239,-21.298,12.05,12.05,,0.0,9.248,4.941,-14.36,-9.419,59.306,,,-68.725,0.0,-68.725,0.0,0.0,-68.725,-68.725,,93.641,-0.73,-0.1,0.39,93.641,-0.73,-0.1,0.39,
01/03/2009,911.173,,-495.288,,415.885,,-448.683,448.683,0.0,-32.798,-701.186,14.366,14.366,,,686.82,-733.984,-48.567,-782.551,46.351,,,-828.902,,-828.902,0.0,0.0,-828.902,-828.902,,93.646,-8.85,-8.36,-0.04,93.646,-8.85,-8.36,-0.04,
04/04/2009,775.301,775.301,-428.31,428.31,346.991,0.0,-423.354,421.456,1.898,-76.363,-7.969,13.882,,,,-5.913,-84.332,-1.26,-85.592,6.156,6.156,0.0,-91.748,0.369,-91.379,0.0,0.0,-91.379,-62.31765,22.90535,93.771,-0.97,-0.91,-0.664573,93.771,-0.97,-0.91,-0.665731,
07/04/2009,674.588,674.588,-353.533,353.533,321.055,0.0,-382.453,381.566,0.887,-61.398,-22.857,15.57,,,,7.287,-84.255,7.711,-76.544,5.576,5.576,0.0,-82.12,0.014,-82.106,0.0,0.0,-82.106,-65.91355,10.61645,93.885,-0.87,-0.82,-0.702067,93.885,-0.87,-0.82,-0.706921,
10/03/2009,761.716,761.716,-416.75,416.75,344.966,0.0,-403.948,403.948,0.0,-58.982,-27.507,17.41,,,,10.097,-86.489,-0.621,-87.11,3.602,3.602,0.0,-90.712,0.171,-90.541,0.0,0.0,-90.541,-69.71075,17.22825,93.908,-0.96,-0.93,-0.74233,93.908,-0.96,-0.93,-0.746541,
01/02/2010,756.474,756.474,-393.385,393.385,363.089,0.0,-492.603,478.381,14.222,-129.514,-10.758,18.222,,,,-7.464,-140.272,103.164,-37.108,4.722,4.722,0.0,-41.83,0.127,-41.703,0.0,0.0,-41.703,28.74115,65.72215,93.954,-0.45,-0.39,0.305907,93.954,-0.45,-0.39,0.305907,
04/03/2010,584.16,584.16,-313.311,313.311,270.849,0.0,-329.555,329.555,0.0,-58.706,4.341,15.452,,,,-19.793,-54.365,-1.584,-55.949,16.089,16.089,0.0,-72.038,0.258,-71.78,0.0,0.0,-71.78,-46.49545,9.19555,94.17,-0.76,-0.59,-0.49374,94.17,-0.76,-0.59,-0.49374,
07/03/2010,536.803,536.803,-270.316,270.316,266.487,0.0,-342.599,340.005,2.594,-76.112,2.908,19.1,,,,-22.008,-73.204,-3.783,-76.987,10.212,10.212,0.0,-87.199,0.355,-86.844,0.0,0.0,-86.844,-54.37535,22.25665,94.243,-0.92,-0.81,-0.57697,94.243,-0.92,-0.81,-0.57697,
10/02/2010,437.477,437.477,-218.769,218.769,218.708,0.0,-219.344,219.344,0.0,-0.636,-40.787,11.459,,,,29.328,-41.423,-1.086,-42.509,20.295,20.295,0.0,-62.804,0.11,-62.694,0.0,0.0,-62.694,-21.06535,21.33365,94.259,-0.67,-0.45,-0.223484,94.259,-0.67,-0.45,-0.22367,
01/01/2011,458.865,458.865,-222.723,222.723,236.142,0.0,-222.133,222.133,0.0,14.009,2.469,11.943,,,,-14.412,16.478,-2.26,14.218,44.486,44.486,0.0,-30.268,0.119,-30.149,0.0,0.0,-30.149,27.2941,12.9571,94.301,-0.32,0.15,0.289436,107.404,-0.32,0.13,0.250639,
04/02/2011,330.682,330.682,-154.287,154.287,176.395,0.0,-196.973,196.973,0.0,-20.578,-32.778,11.638,,,,21.14,-53.356,0.299,-53.057,43.288,43.288,0.0,-96.345,,-96.345,0.0,0.0,-96.345,-50.3933,2.6637,94.399,-1.02,-0.56,-0.533833,94.399,-1.02,-0.56,-0.533833,
07/02/2011,360.283,360.283,-174.615,174.615,185.668,0.0,-225.863,225.863,0.0,-40.195,-11.644,15.436,,,,-3.792,-51.839,-1.985,-53.824,36.072,36.072,0.0,-89.896,,-89.896,0.0,0.0,-89.896,-35.36725,18.45675,94.447,-0.95,-0.57,-0.374467,94.447,-0.95,-0.57,-0.374581,
10/01/2011,380.693,380.693,-173.856,173.856,206.837,0.0,-212.499,211.685,0.814,-5.662,16.584,15.834,,,,-32.418,10.922,-3.919,7.003,221.637,221.637,0.0,-214.634,,-214.634,0.0,0.0,-214.634,6.0436,-0.9594,94.483,-2.27,0.07,0.063965,95.323,-2.27,0.07,0.059935,
12/31/2011,447.063,447.063,-206.572,206.572,240.491,0.0,-270.308,270.098,0.21,-29.817,263.068,14.28,,,,-277.348,233.251,11.375,244.626,15.438,15.438,0.0,229.188,,229.188,0.0,0.0,229.188,103.22305,-141.40295,95.328,2.4,2.57,1.08282,121.055,1.91,2.04,0.871912,
03/31/2012,317.147,317.147,-138.04,138.04,179.107,0.0,-212.049,212.049,0.0,-32.942,-17.523,12.34,,,,5.183,-50.465,-1.265,-51.73,8.91,8.91,0.0,-60.64,,-60.64,0.0,0.0,-60.64,-42.3674,9.3626,101.104,-0.6,-0.51,-0.419048,101.104,-0.6,-0.51,-0.419048,
06/30/2012,336.858,336.858,-146.141,146.141,190.717,0.0,-228.26,228.26,0.0,-37.543,-10.214,12.268,,,,-2.054,-47.757,-1.794,-49.551,2.547,2.547,0.0,-52.098,,-52.098,0.0,0.0,-52.098,-27.1533,22.3977,108.863,-0.48,-0.46,-0.249426,108.863,-0.48,-0.46,-0.254258,
09/29/2012,364.556,364.556,-161.439,161.439,203.117,0.0,-203.398,203.398,0.0,-0.281,-17.289,13.228,,,,4.061,-17.57,-1.823,-19.393,-0.592,-0.592,0.0,-18.801,,-18.801,0.0,0.0,-18.801,-13.0828,6.3102,113.109,-0.17,-0.17,-0.115665,113.109,-0.17,-0.17,-0.115665,
12/29/2012,349.087,349.087,-152.881,152.881,196.206,0.0,-176.454,176.454,0.0,19.752,23.473,13.825,,,,-37.298,43.225,8.553,51.778,-5.256,-5.256,0.0,57.034,,57.034,0.0,0.0,57.034,29.47585,-22.30215,114.09,0.5,0.45,0.258356,123.887,0.47,0.42,0.23998,
03/30/2013,245.687,245.687,-104.631,104.631,141.056,0.0,-163.091,163.091,0.0,-22.035,-16.628,12.341,,,,4.287,-38.663,-0.954,-39.617,12.557,12.557,0.0,-52.174,,-52.174,0.0,0.0,-52.174,-38.4483,1.1687,119.032,-0.44,-0.33,-0.323008,119.032,-0.44,-0.33,-0.323008,
06/29/2013,178.881,178.881,-68.403,68.403,110.478,0.0,-114.245,114.245,0.0,-3.767,-18.485,11.544,,,,6.941,-22.252,-1.336,-23.588,19.549,19.549,0.0,-43.137,,-43.137,0.0,0.0,-43.137,-17.4312,6.1568,120.013,-0.36,-0.2,-0.145244,120.013,-0.36,-0.2,-0.148699,
09/28/2013,192.612,192.612,-74.39,74.39,118.222,0.0,-119.551,116.251,3.3,-1.329,-11.823,12.117,,,,-0.294,-13.152,-1.013,-14.165,2.701,2.701,0.0,-16.866,,-16.866,0.0,0.0,-16.866,-11.7496,2.4154,122.396,-0.14,-0.12,-0.095997,122.396,-0.14,-0.12,-0.100266,
12/28/2013,275.429,275.429,-105.635,105.635,169.794,0.0,-136.625,136.625,0.0,33.169,-11.441,11.188,,,,0.253,21.728,7.605,29.333,-155.839,-155.839,0.0,185.172,,185.172,0.0,0.0,185.172,32.6844,3.3514,122.785,1.51,0.24,0.266192,125.219,1.48,0.23,0.256764,
04/05/2014,223.614,223.614,-86.791,86.791,136.823,0.0,-163.75,163.75,0.0,-26.927,-9.675,9.522,,,,0.153,-36.602,-1.806,-38.408,-84.578,-84.578,0.0,46.17,0.0,46.17,0.0,0.0,46.17,-27.18575,11.22225,124.403,0.37,-0.31,-0.21853,124.403,0.37,-0.31,-0.219791,
07/05/2014,265.998,265.998,-110.088,110.088,155.91,0.0,-145.982,145.982,0.0,9.928,-23.147,6.474,,,,16.673,-13.219,-0.764,-13.983,-9.579,-9.579,0.0,-4.404,,-4.404,0.0,0.0,-4.404,2.5634,16.5464,126.664,-0.03,-0.11,0.020238,126.664,-0.03,-0.11,0.020238,
10/04/2014,250.417,250.417,-93.103,93.103,157.314,0.0,-153.767,153.767,0.0,3.547,-3.994,2.189,,,,1.805,-0.447,3.07,2.623,11.753,11.753,0.0,-9.13,,-9.13,0.0,0.0,-9.13,4.7485,2.1255,126.971,-0.07,0.02,0.037398,127.61,-0.07,0.02,0.036656,
01/03/2015,398.574,398.574,-168.35,168.35,230.224,0.0,-183.3,181.767,1.533,46.924,-4.309,1.993,,,,2.316,42.615,83.879,126.494,-0.03,-0.03,0.0,126.524,,126.524,0.0,0.0,126.524,129.65885,3.16485,127.16,0.99,0.99,1.019651,127.741,0.99,0.99,1.014776,
04/04/2015,255.316,255.316,-100.589,100.589,154.727,0.0,-191.853,191.853,0.0,-37.126,-14.632,3.364,,,,11.268,-51.758,-1.801,-53.559,1.662,1.662,0.0,-55.221,0.0,-55.221,0.0,0.0,-55.221,-18.18535,35.37365,127.489,-0.43,-0.42,-0.142643,127.489,-0.43,-0.42,-0.142643,
07/04/2015,281.118,281.118,-109.64,109.64,171.478,0.0,-153.932,153.932,0.0,17.546,-7.167,5.344,,,,1.823,10.379,-1.13,9.249,0.708,0.708,0.0,8.541,0.0,8.541,0.0,0.0,8.541,14.18575,4.93675,127.663,0.07,0.072449,0.111119,128.431,0.07,0.072449,0.110887,
10/03/2015,277.328,277.328,-107.514,107.514,169.814,0.0,-157.497,157.497,0.0,12.317,-6.834,5.274,,,,1.56,5.483,-0.973,4.51,2.207,2.207,0.0,2.303,0.0,2.303,0.0,0.0,2.303,9.1276,4.6176,127.682,0.02,0.04,0.071487,128.118,0.02,0.04,0.071487,
01/02/2016,428.958,428.958,-170.87,170.87,258.088,0.0,-184.427,184.427,0.0,73.661,-11.529,5.17,,,,6.359,62.132,-0.624,61.508,0.044,0.044,0.0,61.464,0.0,61.464,0.0,0.0,61.464,66.643,5.135,127.703,0.48,0.48,0.521859,128.267,0.48,0.48,0.520034,
04/02/2016,274.422,274.422,-104.941,104.941,169.481,0.0,-151.768,151.768,0.0,17.713,-5.243,4.996,,,,0.247,12.47,-1.554,10.916,-0.72,-0.72,0.0,11.636,0.0,11.636,0.0,0.0,11.636,11.0499,0.1339,127.931,0.09,0.09,0.086374,128.636,0.09,0.08,0.081041,
07/02/2016,319.691,319.691,-128.985,128.985,190.706,0.0,-156.651,156.651,0.0,34.055,-8.03,4.937,,,,3.093,26.025,-1.466,24.559,-2.214,-2.214,0.0,26.773,0.0,26.773,0.0,0.0,26.773,24.9737,0.4147,128.0,0.21,0.19,0.195107,129.14,0.21,0.19,0.193211,
10/01/2016,316.528,316.528,-128.6,128.6,187.928,0.0,-150.826,150.826,0.0,37.102,-7.655,4.92,,,,2.735,29.447,0.056,29.503,-0.123,-0.123,0.0,29.626,0.0,29.626,0.0,0.0,29.626,30.28235,0.77935,128.101,0.23,0.23,0.236394,129.451,0.23,0.23,0.23602,
12/31/2016,470.837,470.837,-192.032,192.032,278.805,0.0,-184.062,184.062,0.0,94.743,-7.056,4.861,,,,2.195,87.687,-1.107,86.58,1.033,1.033,0.0,85.547,0.0,85.547,0.0,0.0,85.547,91.23465,4.65465,128.139,0.67,0.68,0.711998,129.425,0.66,0.67,0.705964,
04/01/2017,271.225,271.225,-99.763,99.763,171.462,0.0,-164.58,164.58,0.0,6.882,-3.938,4.545,,,,-0.607,2.944,-1.75,1.194,-0.165,-0.165,0.0,1.359,0.0,1.359,0.0,0.0,1.359,6.35216,5.15816,128.387,0.01,0.01,0.049477,128.954,0.01,0.01,0.049477,
06/30/2017,336.889,,,,202.76675132,,,,,37.386,,,,,,,31.143,,15.6,,,,,,15.6,,,15.6,18.514,,,,,0.147,,,,0.147,
09/30/2017,332.222,,,,199.665422,,,,,42.071,,,,,,,36.5,,19.8,,,,,,19.8,,,19.8,21.571,,,,,0.168,,,,0.168,
