Date,Revenue,Rental Income,Base Rent,Recoveries from Tenants,Percentage Rent,Other Rental Income,Real Estate Sales,Com & Fee Earn/Inc from REO,Mortgage Income,Other Operating Income,Operating Expenses,Property Operating Expenses,Real Estate Tax,Maintenance Expense,Other Property Expense,General & Administrative,Depreciation & Amortization,Provision for Loan Losses,Cost of Real Estate Sold,Other Operating Expenses,Operating Income (Loss),Non-Operating (Income) Loss,Interest Expense,(Income) Loss from Affiliates,Other Non-Op (Income) Loss,Pretax Income,Income Tax Expense (Benefit),Income (Loss) from Cont Ops,Net Extraordinary Losses (Gains),Discontinued Operations,XO & Accounting Changes,Income (Loss) Incl. MI,Minority Interest,"Net Income, GAAP",Preferred Dividends,Other Adjustments,"Net Income Avail to Common, GAAP","Net Income Avail to Common, Adj",Net Abnormal Losses (Gains),Basic Weighted Avg Shares,"Basic EPS, GAAP",Basic EPS from Cont Ops,"Basic EPS from Cont Ops, Adjusted",Diluted Weighted Avg Shares,"Diluted EPS, GAAP",Diluted EPS from Cont Ops,"Diluted EPS from Cont Ops, Adjusted",FFO Reconciliation,D&A of Con Real Estate,D&A of Uncon Real Estate,Impairment of Assets,Disposal of Con Assets,Disposal of Uncon Assets,Income Taxes,Other FFO Adjustments,Funds from Operations,Other Abnormal Gains/(Losses),Adjusted Funds from Operations,Straight-Line Rent,Recurring Capital Expenditure,Tenant Improv & Leasing Com,Funds Available For Distribution,AFFO Per Diluted Share,FAD Per Diluted Share,Dividend Per Share,AFFO Payout Ratio,FAD Payout Ratio,FFO Payout Ratio,Source: Bloomberg
03/31/1994,31.403,30.058001,,,,,,0.704,0.0,0.641,-16.606,9.017,,,,2.121,5.468,,,0.0,14.797,-4.575,4.575,,0.0,10.222,0.0,,0.825,,,9.397,,9.397,,,7.944,7.944,,90.148504,0.088889,0.097778,0.097778,90.148504,0.088889,0.097778,0.097778,,,,,,,,,14.436,,14.436,,,,14.436,0.160136,0.160136,0.111111,69.385568,69.385568,69.402883,
06/30/1994,32.320999,31.124001,,,,,,0.695,0.0,0.502,-17.358,9.117,,,,2.203,6.038,,,0.0,14.963,-4.847,4.847,,0.0,10.116,0.0,,0.0,,,10.116,,10.116,,,8.613,8.613,,91.107001,0.095556,0.095556,0.095556,91.107001,0.095556,0.095556,0.095556,,,,,,,,,14.902,,14.902,,,,14.902,0.163566,0.163566,0.111111,67.930478,67.930478,67.272845,
09/30/1994,32.693001,32.006001,,,,,,0.529,0.0,0.158,-17.164001,8.982,,,,2.197,5.985,,,0.0,15.529,-5.26,5.26,,0.0,10.269,0.0,,0.0,,,10.269,,10.269,,,8.816,8.816,,90.243004,0.097778,0.097778,0.097778,90.243004,0.097778,0.097778,0.097778,,,,,,,,,15.001,,15.001,,,,15.001,0.166229,0.166229,0.111111,66.842212,66.842212,66.842212,
12/31/1994,33.844002,32.084,,,,,,1.043,0.0,0.717,-17.464,9.486,,,,1.991,5.987,,,0.0,16.380001,-5.801,5.801,,0.0,10.579,0.0,,0.0,,,10.579,,10.464,,,9.061,9.061,,90.269998,0.1,0.1,0.1,90.269998,0.1,0.1,0.1,,,,,,,,,15.299,,15.299,,,,15.299,0.16948,0.16948,0.12,70.80463,70.80463,65.566379,
03/31/1995,35.709999,34.448002,,,,,,0.983,0.0,0.279,-17.495,9.244,,,,2.112,6.139,,,0.0,18.215,-6.209,6.209,,0.0,12.006,0.0,,0.0,,,12.006,,12.006,,,10.553,10.553,,97.821004,0.108889,0.108889,0.113333,97.821004,0.108889,0.108889,0.108889,,,,,,,,,16.892,,16.892,,,,16.892,0.172683,0.172683,0.12,69.491598,69.491598,71.507224,
06/30/1995,37.410999,36.453999,,,,,,0.697,0.0,0.26,-18.175,9.61,,,,2.18,6.385,,,0.0,19.236,-6.375,6.375,,0.0,12.861,0.0,,0.0,,,12.861,,12.861,,,11.408,11.408,,100.764001,0.113333,0.113333,0.113333,100.764001,0.113333,0.113333,0.113333,,,,,,,,,17.992001,,17.992001,,,,17.992001,0.178556,0.178556,0.12,67.20587,67.20587,67.235436,
09/30/1995,38.426998,35.958,,,,,,1.068,0.0,1.401,-18.177,9.035,,,,2.244,6.898,,,0.0,20.25,-6.376,6.376,,0.0,13.874,0.0,,0.0,,,13.874,,13.874,,,11.664999,11.664999,,100.912497,0.115556,0.115556,0.115556,100.912497,0.115556,0.115556,0.115556,,,,,,,,,18.393999,,18.393999,,,,18.393999,0.182277,0.182277,0.12,65.833971,65.833971,65.852998,
12/31/1995,38.299999,36.271999,,,,,,0.988,0.0,1.04,-18.279,9.217,,,,2.296,6.766,,,0.0,20.021,-6.625,6.625,,0.0,13.396,0.0,,0.0,,,13.396,,13.18,,,10.664,10.664,,99.975002,0.106667,0.106667,0.106667,99.975002,0.106667,0.106667,0.106667,,,,,,,,,18.85,,18.85,,,,18.85,0.188547,0.188547,0.13,68.948274,68.948274,64.514589,
03/31/1996,43.703999,42.581001,,,,,,0.759,0.0,0.364,-20.912,12.042,,,,2.421,6.449,,,0.0,22.792,-6.865,6.865,,0.0,15.927,0.0,,0.0,,,15.927,,15.927,,,13.411,13.411,,105.600002,0.126667,0.126667,0.126667,105.600002,0.126667,0.126667,0.126667,,,,,,,,,20.111,,20.111,,,,20.111,0.190445,0.190445,0.13,68.261149,68.261149,69.931879,
06/30/1996,45.639999,43.345001,,,,,,0.988,0.0,1.308,-20.487,11.102,,,,2.521,6.864,,,0.0,25.152,-6.714,6.714,,0.0,18.438,0.0,,0.0,,,18.438,,18.438,,,14.038,14.038,,108.183002,0.13,0.13,0.13,108.183002,0.13,0.13,0.13,,,,,,,,,21.153,,21.153,,,,21.153,0.19553,0.19553,0.13,66.48603,66.48603,66.553208,
09/30/1996,44.638,40.837002,,,,,,0.946,0.0,2.854,-18.865,9.372,,,,2.573,6.92,,,0.0,25.774,-5.941,6.743,,-0.802,19.833,0.0,,0.0,,,19.833,,19.833,,,15.224,15.224,,108.446995,0.14,0.14,0.14,108.446995,0.14,0.14,0.14,,,,,,,,,21.642,,21.642,,,,21.642,0.199563,0.199563,0.13,65.142356,65.142356,65.178818,
12/31/1996,46.826,41.381001,,,,,,0.755,0.0,4.69,-20.03,10.377,,,,2.819,6.834,,,0.0,26.796001,-6.697,6.697,,0.0,20.099001,0.0,,0.0,,,20.099001,,19.629,,,15.019,15.019,,108.569996,0.14,0.14,0.14,108.569996,0.14,0.14,0.14,,,,,,,,,22.200001,,22.200001,,,,22.200001,0.204476,0.204476,0.143333,70.097744,70.097744,71.495492,
03/31/1997,47.347,45.195,,,,,0.0,0.788,0.0,1.363,-21.363,11.709,,,,2.755,6.899,0.0,,0.0,25.984,-5.38,6.296,-0.916,0.0,20.604,0.0,,0.0,,,20.604,,20.604,,,15.995,15.995,,108.600002,0.146667,0.146667,0.146667,110.147999,0.146667,0.146667,0.146667,,,,,,,,,23.143999,,23.143999,,,,23.143999,0.210117,0.210117,0.143333,68.215869,68.215869,67.257175,
06/30/1997,47.866001,45.276001,,,,,0.0,1.075,0.0,1.514,-21.181999,11.341,,,,2.78,7.061,0.0,,0.0,26.682,-5.637,6.775,-0.894,-0.244,21.045,0.0,,0.0,,,21.045,,21.045,,,16.436,16.436,,108.899998,0.15,0.15,0.15,108.899998,0.15,0.15,0.15,,,,,,,,,23.552999,,23.552999,,,,23.552999,0.216281,0.216281,0.143333,66.271814,66.271814,66.288797,
09/30/1997,53.311001,50.823002,,,,,0.0,0.891,0.0,1.597,-24.384,13.616,,,,2.991,7.777,0.0,,0.0,28.928,-8.287,9.182,-0.895,0.0,20.641,0.0,,0.0,,,20.641,,20.641001,,,16.032001,16.032001,,109.898997,0.146667,0.146667,0.146667,109.898997,0.146667,0.146667,0.146667,,,,,,,,,24.108999,,24.108999,,,,24.108999,0.219374,0.219374,0.143333,65.337385,65.337385,72.03949,
12/31/1997,59.707001,57.634998,,,,,0.0,0.522,0.0,1.55,-28.188999,16.747999,,,,3.125,8.316,0.0,,0.0,31.517999,-7.508,9.492,-1.984,0.0,24.009999,0.0,,0.0,,,24.009999,,23.546,,,18.934999,18.934999,,121.256996,0.156667,0.156667,0.156667,127.101002,0.153333,0.153333,0.153333,,,,,,,,,27.377001,,27.377001,,,,27.377001,0.215396,0.215396,0.16,74.281913,74.281913,70.86605,
03/31/1998,65.350998,63.112,,,,,0.0,0.802,0.0,1.438,-30.646,18.565001,,,,3.181,8.9,0.0,,0.0,34.705,-9.222,11.039,-0.916,-0.901,25.483,0.0,,0.0,,,25.483,,25.483999,,,20.874999,20.874999,,121.227001,0.173333,0.173333,0.173333,122.753998,0.17,0.17,0.17,,,,,,,,,29.073999,,29.073999,,,,29.073999,0.236848,0.236848,0.16,67.553964,67.553964,66.729722,
06/30/1998,72.028,69.341003,,,,,0.0,0.73,0.0,1.957,-33.038,19.223,,,,3.824,9.991,0.0,,0.0,38.99,-11.46,12.372,-0.912,0.0,27.53,0.0,,0.0,,,27.53,,27.530001,,,22.486001,22.486001,,132.387005,0.17,0.17,0.17,134.147999,0.166667,0.166667,0.166667,,,,,,,,,32.676998,,32.676998,,,,32.676998,0.243589,0.243589,0.16,65.684367,65.684367,81.445671,
09/30/1998,101.761002,98.084999,,,,,0.0,0.999,0.0,1.022,-46.979001,25.947001,,,,5.489,15.543,0.0,,0.0,54.782001,-18.675,19.576,-0.901,0.0,36.107001,0.0,,4.851,,,31.256001,,31.256001,,,23.358001,23.358001,,170.094006,0.136667,0.136667,0.136667,171.792,0.136667,0.136667,0.136667,,,,,,,,,43.952,,43.952,,,,43.952,0.255844,0.255844,0.16,62.538041,62.538041,62.868584,
12/31/1998,113.078003,111.962997,,,,,0.0,1.115,0.0,0.0,-52.21,27.552,,,,6.089,18.569,0.0,,0.0,60.868,-21.546999,21.924999,-0.378,0.0,39.321001,0.0,,0.049,,,39.272001,,37.997002,,,30.894002,30.894002,,176.399997,0.176667,0.176667,0.176667,178.200006,0.173333,0.173333,0.173333,,,,,,,,,48.044998,,48.044998,,,,48.044998,0.269613,0.269613,0.19,70.471438,70.471438,118.969721,
03/31/1999,114.694,113.858,,,,,,0.836,,,-53.934,30.095,,,,5.968,17.871,,,,60.76,-21.272,23.238,,-1.966,39.488,,,,,,,,39.488,,,32.867,32.867,,180.498252,0.183333,0.183333,0.183333,182.30481,0.18,0.18,0.18,,,,,,,,,,,,,,,,,,0.2,,,,
06/30/1999,108.376,107.069,,,,,,1.307,,,-49.718,27.042,,,,5.882,16.794,,,,58.658,-16.217,20.128,,-3.911,42.441,,,,,,,,42.441,,,35.82,35.82,,180.774144,0.196667,0.196667,0.196667,182.539359,0.196667,0.196667,0.196667,,,,,,,,,,,,,,,,,,0.2,,,,
09/30/1999,108.707,106.044,,,,,,1.576,1.087,,-49.799,27.555,,,,5.95,16.294,,,,58.908,-13.294,19.506,,-6.212,45.614,,,,,,,,45.614,,,38.996,38.996,,182.13258,0.213333,0.213333,0.213333,183.618177,0.213333,0.213333,0.213333,,,,,,,,,,,,,,,,,,0.2,,,,
12/31/1999,110.554001,108.888,,,,,0.0,1.372,0.0,0.294,-49.612001,27.122,,,,6.033,16.457001,0.0,,0.0,60.941999,-10.218,20.774,-9.251,-1.305,50.723999,0.0,,0.0,,,50.723999,,49.235001,,,42.617001,42.617001,,182.241006,0.233333,0.233333,0.233333,182.241006,0.233333,0.233333,0.233333,,,,,,,,,59.806999,,59.806999,,,,59.806999,0.328175,0.328175,0.22,67.03734,67.03734,67.018914,
03/31/2000,114.889,113.369,,,,,,1.52,,,-51.538,28.243,,,,6.221,17.074,,,,63.351,-14.642,22.284,,-7.642,48.709,,,,,,,,48.709,,,42.091,42.091,,182.387382,0.23,0.23,0.23,183.752649,0.23,0.23,0.23,,,,,,,,,,,,,,,,,,0.22,,,,
06/30/2000,117.279,115.891,,,,,,1.388,,,-52.542,28.423,,,,6.44,17.679,,,,64.737,-13.791,22.94,,-9.149,50.946,,,,,,,,50.946,,,44.376,44.376,,182.916321,0.243333,0.243333,0.243333,185.09781,0.24,0.24,0.24,,,,,,,,,,,,,,,,,,0.22,,,,
09/30/2000,118.128,115.726,,,,,,1.404,0.998,,-51.712,27.209,,,,6.405,18.098,,,,66.416,-14.904,23.352,,-8.448,51.512,,,,,,,,51.512,,,44.942,44.942,,186.922431,0.24,0.24,0.24,189.276756,0.236667,0.236667,0.236667,,,,,,,,,,,,,,,,,,0.226667,,,,
12/31/2000,120.944,116.458,,,,,0.0,1.819,0.0,2.667,-34.715999,28.091999,,,,6.624,18.278,0.0,,0.0,67.948999,-12.037,23.524,-9.634,-1.853,55.911999,0.0,,0.0,,,55.911999,,53.858002,,0.0,47.288002,47.288002,,189.219006,0.25,0.25,0.25,191.181003,0.246667,0.246667,0.246667,,,,,,,,,66.964996,,66.964996,,,,66.964996,0.35027,0.35027,0.24,68.518545,68.518545,67.70403,
03/31/2001,124.738,122.573,,,,,,2.165,,,-59.208,33.207,,,,7.791,18.21,,,,65.53,-7.099,22.775,,-15.676,58.431,-1.937,,,,,56.494,,56.053,,,49.484,49.484,,284.877,0.173333,0.173333,0.173333,299.682,0.17,0.17,0.17,,,,,,,,,,,,,,,,,,0.24,,,,
06/30/2001,120.794,117.867,,,,,,2.072,,0.855,-53.875,28.309,,,,6.636,18.93,,,,66.919,-10.751,22.607,,-11.856,56.168,-0.68,,-3.864,,,59.352,,59.352,,,52.782,52.782,,191.373,0.276667,0.276667,0.276667,200.988,0.273333,0.273333,0.273333,,,,,,,,,,,,,,,,,,0.24,,,,
09/30/2001,115.795,113.33,,,,,,1.608,0.857,,-52.787,27.363,,,,7.056,18.368,,,,63.008,6.958,22.084,,-29.042,69.966,-10.521,,-0.157,,,59.602,,59.25,,,52.707,52.707,,288.561,0.183333,0.183333,0.183333,303.828,0.18,0.18,0.18,,,,,,,,,,,,,,,,,,0.24,,,,
12/31/2001,116.438004,110.269997,,,,,0.0,1.953,1.011,13.194,-59.395002,27.922001,,,,7.205,18.030001,6.238,,0.0,55.227001,-8.432,21.909,-6.866,-6.611,46.795001,0.0,,-2.496,,,49.291001,,61.882,,0.0,57.011,57.011,,196.798004,0.29,0.275,0.275,205.662002,0.28,0.265,0.265,,,,,,,,,79.358002,,79.358002,,,,79.358002,0.385866,0.385866,0.26,67.380881,67.380881,64.393005,
03/31/2002,116.488,112.077,,,,,,3.346,1.065,,-55.888,30.148,,,,7.527,18.213,,,,60.6,0.465,21.463,,-21.928,61.065,-5.35,,-5.387,,,61.102,,60.894,,,56.285,56.285,,208.598,0.27,0.265,0.265,210.772,0.265,0.26,0.26,,,,,,,,,,,,,,,,,,,,,,
06/30/2002,115.109,111.469,,,,,,3.64,,,-55.691,30.005,,,,7.654,18.032,,,,59.418,3.175,22.068,,-25.243,62.593,-2.15,,-0.88,,,61.323,,61.055,,,56.446,56.446,,208.826,0.27,0.265,0.265,211.012,0.27,0.265,0.265,,,,,,,,,,,,,,,,,,0.26,,,,
09/30/2002,114.278,107.29,,,,,,2.521,4.467,,-54.435,28.586,,,,7.918,17.931,,,,59.843,0.32,22.048,-9.101,-13.267,60.163,-0.634,,-1.489,,,61.018,,60.756,,,56.147,56.147,,209.078,0.27,0.26,0.26,210.982,0.265,0.26,0.26,,,,,,,,,,,,,,,,,,0.26,,,,
12/31/2002,126.466003,111.355003,,,,,0.0,3.009,6.658,5.444,-61.291,30.608,,,,8.539,18.289,0.13,,3.725,65.174999,4.524001,20.813999,-13.282,-12.056,69.699,0.0,,5.046,,,64.653,,62.962002,,0.0,58.353002,58.353002,,209.156006,0.28,0.305,0.265,214.925994,0.28,0.3,0.26,,,,,,,,,71.907997,,71.907997,,,,71.907997,0.334571,0.334571,0.53,158.411834,158.411834,154.159047,
03/31/2003,127.946,119.47,,,,,,2.902,5.574,,-60.368,32.756,,,,8.603,19.009,,,,67.578,-5.425,22.961,-9.154,-8.382,62.153,-1.273,,-11.672,,,72.552,,70.961,,,66.352,66.352,,209.422,0.315,0.275,0.275,211.564,0.315,0.27,0.27,,,,,,,,,,,,,,,,,,,,,,
06/30/2003,124.982,114.645,,,,,,3.661,6.676,,-58.94,30.264,,,,8.886,19.79,,,,66.042,-2.572,24.81,-10.138,-12.1,63.47,-1.241,,-0.923,,,63.152,,61.346,,-7.787,49.318,49.318,,210.358,0.235,0.23,0.23,213.66,0.23,0.225,0.225,,,,,,,,,,,,,,,,,,0.27,,,,
09/30/2003,125.381,117.409,,,,,0.0,4.259,3.713,11.894,-41.043,29.811,,,,11.232,20.96,0.0,,0.0,63.378,1.966,26.094,-11.167,-16.893,65.344,-1.171,,-29.654,,,93.827,,91.504,,0.0,88.595,88.595,,215.818,0.41,0.275,0.275,219.706,0.405,0.27,0.27,,,,,,,,,90.565002,,90.565002,,,,90.565002,0.41221,0.41221,0.27,65.5006,65.5006,64.341477,
12/31/2003,139.388,124.969,,,,,0.0,4.493,2.905,7.021,-67.202,31.905,,,,9.768,25.529,0.0,,0.0,72.186,-12.69,28.732,-13.113,-2.929,59.496,2.17,,-24.522,,,86.188,,84.069,,0.0,81.16,81.16,,220.994,0.365,0.27,0.27,225.164,0.36,0.265,0.265,,,,,,,,,,,,,,,,,,0.555,,,,
03/31/2004,149.248,139.927,,,,,,5.761,3.56,,-73.637,36.548,,,,10.231,26.858,,,,75.611,3.547,27.443,-14.005,-16.985,79.158,-2.103,,3.437,,,73.618,,71.389,,,68.48,68.48,,221.61,0.31,0.325,0.325,231.068,0.305,0.32,0.32,,,,,,,,,,,,,,,,,,0.285,,,,
06/30/2004,140.992,131.026,,,,,,7.068,2.898,,-70.17,33.593,,,,10.395,26.182,,,,70.822,0.557,28.381,-11.924,-17.014,71.379,-3.316,,-6.368,,,74.431,,71.43,,,68.521,68.521,,222.236,0.31,0.28,0.28,226.184,0.305,0.275,0.275,,,,,,,,,,,,,,,,,,0.285,,,,
09/30/2004,142.902,120.33,,,,,0.0,6.008,3.179,13.385,-65.215,30.558,,,,11.034,23.623,0.0,,0.0,77.687,-5.186,25.74,-18.983,-1.571,72.501,0.024,,-8.298,,,80.823,,78.511,,0.0,75.602,75.602,,223.052,0.34,0.3,0.3,227.242,0.33,0.3,0.3,,,,,,,,,101.605,,101.605,,,,101.605,0.447122,0.447122,0.285,63.740928,63.740928,62.565641,
12/31/2004,148.68,122.263,,,,,0.0,6.608,5.395,14.414,-69.605,32.508,,,,12.585,24.512,0.0,,0.0,79.075,-7.46,26.118,-16.593,-2.065,71.615,1.476,,-5.317,,,78.408,,75.807,,0.0,72.898,72.898,,224.518,0.32,0.3,0.3,229.256,0.32,0.29,0.29,,,,,,,,,103.607,,103.607,,,,103.607,0.451927,0.451927,0.305,67.48876,67.48876,66.068895,
03/31/2005,156.68,129.314,,,,,0.0,7.653,3.105,16.608,-74.302,35.993,,,,12.004,25.369,0.0,,0.936,82.378,6.786,28.47,-24.381,-10.875,89.164,-2.637,,-3.389,,,89.916,,86.78,,0.0,83.871,83.871,,225.461,0.37,0.36,0.36,234.311,0.36,0.35,0.35,,,,,,,,,108.535,,108.535,,,,108.535,0.463209,0.463209,0.305,65.844985,65.844985,63.358,
06/30/2005,160.543,125.824,,,,,0.0,7.477,3.465,23.777,-71.786,32.325,,,,12.747,26.714,0.0,,0.0,88.757,-5.627,30.239,-14.707,-9.905,83.13,-2.252,,-6.84,,,87.718,,83.837,,0.0,80.928,80.928,,452.87,0.18,0.165,0.165,461.09,0.175,0.16,0.16,,,,,,,,,112.443,,112.443,,,,112.443,0.243863,0.243863,0.305,125.069991,125.069991,122.840328,
09/30/2005,145.884,128.311,,,,,0.0,6.946,3.303,7.324,-72.591,32.605,,,,14.084,25.902,0.0,,0.0,73.293,6.288,33.652,-31.137,-8.803,79.581,0.935,,-8.439,,,88.955,,85.343,,0.0,82.434,82.434,,227.017,0.36,0.33,0.33,231.733,0.36,0.32,0.32,,,,,,,,,116.266,,116.266,,,,116.266,0.501724,0.501724,0.305,60.790399,60.790399,59.553253,
12/31/2005,154.19,122.108,,,,,0.0,8.398,17.713,5.971,-74.201,32.79,,,,17.964,23.447,0.0,,0.0,52.524,62.323,34.54,-63.98,-32.883,114.847,3.789,,-19.013,,,137.649,,107.668,,0.0,104.757,104.757,,227.651,0.46,0.38,0.38,231.308,0.45,0.37,0.37,,,,,,,,,127.45,,127.45,,,,127.45,0.550997,0.550997,0.33,59.89144,59.89144,54.109933,
03/31/2006,167.062,137.156,,,,,0.0,7.395,4.194,18.317,-81.933,36.996,,,,16.731,28.206,0.0,,0.0,85.129,3.234,39.554,-16.751,-26.037,88.363,-1.577,96.195,-15.151,,,101.937,,96.195,-2.909,0.0,93.286,93.286,,228.674,0.41,0.34,0.34,233.62,0.4,0.33,0.33,,29.677,15.009,,-11.626,-1.732,,,124.614,,124.614,-1.5,-5.4,-6.1,111.614,0.52274,0.468207,0.33,63.128846,70.481642,60.556936,
06/30/2006,194.526,145.986,,,,,0.0,12.34,8.716,27.484,-90.019,39.166,,,,16.564,34.289,0.0,,0.0,104.507,-9.718,41.374,-26.761,-4.895,94.789,3.257,108.744,-18.713,,,116.759,,108.744,-2.909,0.0,105.835,105.835,,240.554,0.44,0.36,0.36,246.048,0.43,0.35,0.35,,35.617,16.61,,-18.163,-6.589,,,133.31,,133.31,-0.5,-7.6,-5.8,119.41,0.530657,0.475326,0.33,62.18709,69.42602,59.547536,
09/30/2006,149.124,149.124,,,,,0.0,0.0,0.0,0.0,-98.564,40.28,,,,22.618,35.666,0.0,,0.0,50.56,44.625,44.863,-56.478,-33.01,95.185,-2.454,91.427,-4.448,,,97.179,,91.427,-2.909,0.0,88.518,88.518,,241.002,0.37,0.35,0.35,246.146,0.36,0.34,0.34,,36.934,18.55,,-1.283,-4.12,,,138.599,,138.599,-1.0,-9.0,-8.6,119.999,0.548642,0.475014,0.36,65.616577,75.787232,62.598374,
12/31/2006,201.107,155.281,,,,,0.0,20.949,5.906,18.971,-104.91,42.397,,,,21.411,41.102,0.0,,0.0,152.019,-1.132,44.886,-5.535,-38.219,150.887,-3.613,131.899,-47.098,,,194.372,,131.893,-2.909,0.0,128.982,128.982,,247.978,0.52,0.34,0.34,252.646,0.51,0.34,0.34,,42.089,21.562,,-40.703,-4.107,,,147.831,,147.831,-2.0,-8.3,-14.0,123.531,0.568848,0.475342,0.36,63.285833,75.734901,53.647773,
03/31/2007,192.98,158.277,,,,,0.0,17.046,3.138,14.519,-107.071,42.583,,,,22.698,41.79,0.0,,0.0,85.909,-10.432,46.258,-30.16,-5.666,75.477,30.114,153.764,-52.307,,,157.898,,153.764,-2.909,0.0,150.855,150.855,,251.365,0.6,0.39,0.39,257.422,0.59,0.38,0.38,,42.142,24.753,,-2.794,-12.172,,,202.784,,202.784,-0.132,-7.4,-11.4,183.852,0.770298,0.698383,0.36,46.735166,51.54768,44.624527,
06/30/2007,220.032,169.256,,,,,0.0,13.74,4.586,32.45,-117.222,46.205,,,,24.792,46.225,0.0,,0.0,102.81,4.914,52.521,-42.215,-15.22,107.724,2.974,128.022,-27.058,,,137.756,,128.022,-2.909,0.0,125.113,125.113,,252.074,0.5,0.39,0.39,257.398,0.49,0.38,0.38,,46.109,25.055,,-2.476,-9.624,,,184.177,,184.177,-1.005,-9.8,-11.4,161.972,0.700064,0.615662,0.36,51.42388,58.473662,49.271429,
09/30/2007,208.867,172.237,,,,,0.0,12.7,4.084,19.846,-123.956,46.591,,,,29.552,47.813,0.0,,0.0,84.911,1.966,58.83,-39.31,-21.486,86.877,-0.348,78.005,-2.136,,,88.665,,78.005,-2.909,0.0,75.096,75.096,,252.327,0.3,0.29,0.29,256.497,0.29,0.28,0.28,,48.164,28.366,,-0.643,-4.341,,,146.642,,146.642,-1.5,-12.8,-12.0,120.342,0.55896,0.458711,0.4,71.56149,87.200811,68.82803,
12/31/2007,193.977,174.764,,,,,0.0,11.358,2.389,5.466,-127.433,48.358,,,,26.84,52.235,0.0,,0.0,66.544,14.248,55.477,-61.677,-8.048,80.792,9.632,83.039,-2.338,,,92.762,,83.039,,0.0,72.107,72.107,,252.735,0.28,0.28,0.31,256.774,0.28,0.28,0.31,,51.362,31.437,,,18.688,,,136.219,,136.219,-1.5,-13.5,-12.5,108.719,0.519543,0.414657,0.4,76.990728,96.465199,74.214317,
03/31/2008,225.374,188.794,,,,,0.0,11.655,3.896,21.029,-78.69,53.934,,,,24.756,48.619,0.0,,0.0,98.065,13.948,53.961,-39.057,-28.852,112.013,-9.41,98.467,-5.377,,,107.98,,98.467,-11.822,0.0,86.645,86.645,-2.981,252.932,0.34,0.33,0.33,255.916,0.34,0.32,0.32,,48.247,32.641,,-1.224,-1.911,,,164.398,0.0,164.398,-2.163,-9.8,-16.0,136.435,0.627749,0.520973,0.4,63.719753,76.779419,61.541381,
06/30/2008,231.125,182.97,,,,,0.0,11.203,4.569,32.383,-75.848,50.155,,,,25.693,50.457,0.0,,0.0,104.82,-6.142,53.6,-35.826,-11.632,98.678,1.138,94.374,-0.657,,,100.473,,94.374,-11.822,0.0,82.552,82.552,-0.024,253.74,0.33,0.32,0.32,257.318,0.32,0.32,0.32,,51.128,32.509,,-0.085,-0.177,,,171.066,0.554,174.295,-1.4,-11.5,-15.1,146.295,0.66167,0.555374,0.4,60.45314,72.023514,59.331486,
09/30/2008,232.079,189.952,,,,,0.0,12.959,5.136,24.032,-84.7,54.109,,,,30.591,53.013,0.0,,0.0,94.366,29.224,52.775,-78.469,-3.53,123.59,-12.336,108.584,-9.336,,,120.59,,108.584,-11.822,0.0,96.762,96.762,-2.795,256.164,0.38,0.34,0.36,258.933,0.37,0.34,0.36,,52.774,35.471,,-9.997,-0.185,,,176.894,5.902,185.74,-1.5,-13.4,-16.3,154.54,0.700988,0.583238,0.44,62.76858,75.440896,63.717345,
12/31/2008,222.769,196.989,,,,,0.0,11.85,4.731,9.199,-93.831,57.87,,,,35.961,53.099,0.0,,0.0,75.839,-186.386,52.256,5.808,128.322,-110.547,47.282,,-10.626,,,-52.639,1.116,-51.523,-11.822,0.0,-63.345,-63.345,0.0,268.311,-0.24,-0.28,-0.28,268.311,-0.24,-0.28,-0.28,,52.694,34.295,,-10.494,-0.17,,,10.505,111.836,122.341,-1.096,-16.4,-14.9,89.945,0.455794,0.335099,0.4,87.758969,119.367614,1021.650643,
03/31/2009,216.062,193.626,,,,,0.0,9.925,4.125,8.386,-144.668,58.62,24.261,31.073,3.286,29.354,56.694,,0.0,0.0,71.394,-30.714,46.516,-9.642,-6.16,40.68,0.682,41.792,-0.43,-0.43,0.0,41.792,-3.368,38.424,-11.822,0.0,26.602,23.718,-2.454,271.083,0.1,0.1,0.087493,271.158,0.1,0.1,0.087493,,55.88,34.373,,-0.429,,,1.379,117.805,,117.805,-0.9,-9.5,-12.7,94.705,0.43289,0.348006,0.44,101.642409,126.434549,101.249115,
06/30/2009,211.479,188.095,,,,,0.0,10.299,3.747,9.338,-174.867,54.437,27.244,23.892,3.301,26.104,55.526,,0.0,38.8,36.612,-156.237,50.934,15.297,90.006,-119.625,0.692,-131.867,12.934,12.934,0.0,-131.867,-2.784,-134.651,-11.822,0.0,-146.473,-96.294,37.245,368.254,-0.4,-0.36,-0.261488,368.254,-0.4,-0.36,-0.261488,,55.002,33.447,,-1.555,,,-3.14,-62.719,176.487,113.768,-1.867,-9.0,-13.5,89.401,0.308939,0.24277,0.06,19.421314,24.714757,,
09/30/2009,213.293,190.092,,,,,0.0,10.166,3.747,9.288,-140.924,57.608,28.633,25.358,3.617,27.937,55.379,,0.0,0.0,72.369,-30.404,54.53,-8.946,-15.18,41.965,0.691,43.645,-0.989,-0.989,0.0,43.645,-3.537,40.108,-11.822,0.0,28.286,26.224,-1.073,376.559,0.07,0.07,0.069641,378.127,0.07,0.07,0.067162,,54.87,32.845,,-0.618,,,-2.83,112.553,-1.716,110.837,-2.596,-10.9,-16.3,81.041,0.293063,0.21428,0.06,20.473416,28.00079,20.07369,
12/31/2009,228.167,203.465,,,,,0.0,12.09,3.337,9.275,-146.841,62.687,30.497,28.468,3.722,24.699,59.455,,0.0,0.0,81.326,-63.352,56.23,-2.992,10.114,17.974,32.023,40.355,-2.495,-2.495,0.0,52.492,,52.177,,0.0,40.355,35.585,-2.275,382.894,0.11,0.1,0.092937,383.0,0.11,0.1,0.092937,,57.244,31.931,,-1.796,-7.572,,-0.706,119.456,-11.2,108.256,-3.465,-7.7,-13.1,83.991,0.281519,0.218418,0.16,56.834466,73.253944,51.285025,
03/31/2010,226.907,213.35,,,,,0.0,9.843,2.67,1.044,-148.814,64.41,28.732,32.109,3.569,28.138,56.266,,0.0,0.0,78.093,-23.376,55.548,-29.007,-3.165,54.717,-1.145,39.014,-1.138,-1.138,0.0,54.71,,50.836,,0.0,39.014,36.083,-1.793,405.564,0.1,0.09,0.08897,405.713,0.1,0.09,0.085581,,60.896,29.74,,,-2.768,,-0.897,125.985,-10.391,115.594,-3.49,-11.6,-13.6,86.904,0.283836,0.213389,0.16,56.370538,74.980392,51.506322,
06/30/2010,222.534,208.322,,,,,0.0,11.417,2.371,0.424,-147.455,61.322,30.265,27.514,3.543,26.425,57.808,,0.0,1.9,75.079,-48.83,58.167,-7.438,-1.899,26.249,0.101,12.789,-0.927,-0.927,0.0,27.277,,24.611,,0.0,12.789,13.762,1.9,405.705,0.03,0.04,0.033921,406.009,0.03,0.04,0.033921,,61.021,34.083,,-2.442,,,0.135,105.586,10.081,115.667,-3.151,-7.1,-12.2,93.216,0.283815,0.228726,0.16,56.3748,69.952626,61.478605,
09/30/2010,220.03,207.231,,,,,0.0,9.082,2.486,1.231,-149.368,61.101,29.721,27.221,4.159,28.452,59.815,,0.0,0.0,70.662,-36.138,57.706,-28.15,6.582,34.524,-2.708,17.471,-1.173,-1.173,0.0,32.989,0.0,30.333,,0.0,17.471,26.773,10.475,405.854,0.04,0.04,0.065967,406.253,0.04,0.04,0.065784,,61.183,37.162,,-1.704,-1.906,,-1.657,110.549,3.951,114.5,-2.703,-8.8,-12.4,90.597,0.280781,0.222165,0.16,56.983895,72.018455,58.740142,
12/31/2010,222.98,210.585,,,,,0.0,9.577,1.879,0.939,-161.893,62.737,26.268,33.24,3.229,26.172,60.931,,0.0,12.053,61.087,-32.219,54.836,-30.829,8.212,28.868,0.364,22.247,-17.443,-17.443,0.0,46.675,,37.088,,0.0,22.247,16.857,12.053,406.177,0.05,0.02,0.041502,406.858,0.05,0.02,0.041502,,61.736,35.908,,-0.228,,,5.67,125.333,-5.661,119.672,-2.676,-24.0,-21.5,71.496,0.293033,0.175068,0.18,61.426549,102.817472,58.334086,
03/31/2011,225.136,215.473,155.221,46.338,2.341,11.573,0.0,9.663,0.0,0.0,-159.205,65.809,29.661,32.853,3.295,29.746,63.65,,0.0,0.0,65.931,-30.963,55.368,-17.849,-6.556,34.968,-4.209,14.122,-1.263,-1.263,0.0,32.022,,28.963,,0.0,14.122,12.859,0.0,406.44,0.03,0.03,0.03,407.361,0.03,0.03,0.03,,65.604,34.654,,-0.163,,,7.812,122.029,-0.335,121.694,-3.099,-12.8,-11.5,94.295,0.297621,0.230613,0.18,60.47958,78.05294,59.952306,
06/30/2011,220.074,211.637,156.115,41.668,1.198,12.656,0.0,8.437,0.0,0.0,-151.28,58.816,28.141,26.868,3.807,29.612,59.131,,0.0,3.721,68.794,-20.855,55.601,-22.655,-12.091,47.939,-5.64,23.868,0.984,0.984,0.0,41.315,,38.709,,0.0,23.868,28.573,3.721,406.559,0.06,0.06,0.07028,407.562,0.06,0.06,0.06913,,61.173,34.203,,-4.025,-0.68,,11.474,126.013,-4.596,121.417,-3.648,-13.5,-13.3,90.969,0.296798,0.22237,0.18,60.647208,80.946278,58.073865,
09/30/2011,213.025,204.297,153.51,40.138,1.089,9.56,0.0,8.728,0.0,0.0,-150.35,58.597,27.827,27.315,3.455,30.846,56.87,,0.0,4.037,62.675,-9.563,56.12,-44.429,-2.128,53.112,-4.443,40.14,-9.924,-9.924,0.0,58.593,,54.981,,0.0,40.14,34.253,4.037,406.564,0.1,0.07,0.08425,407.292,0.1,0.07,0.079912,,59.408,35.096,,-3.859,-2.551,,6.029,134.263,-10.592,123.671,-1.53,-16.5,-14.2,91.441,0.302508,0.223671,0.18,59.502567,80.475301,54.506096,
12/31/2011,220.957,212.463,155.152,43.63,0.872,12.809,0.0,8.494,,0.0,-157.062,61.512,26.695,31.499,3.318,28.689,58.307,3.234,0.0,5.32,63.895,-11.858,57.076,-30.917,-14.301,52.037,-6.968,31.556,-5.09,-5.09,0.0,50.159,,46.397,,0.0,31.556,19.604,-6.862,406.554,0.08,0.07,0.04822,407.341,0.08,0.07,0.04822,,60.561,34.529,,-11.398,-0.819,,21.014,135.443,-11.932,123.511,-2.723,-25.6,-18.6,76.588,0.302077,0.187315,0.19,62.897936,101.433475,57.031563,
03/31/2012,223.989,214.564,158.666,40.857,2.67,12.371,0.0,9.425,0.0,0.0,-155.13,57.83,28.152,26.415,3.263,34.414,59.556,3.097,0.0,0.233,68.859,-10.209,57.283,-45.765,-1.309,58.65,-4.054,38.064,-4.552,-4.552,0.0,59.148,,53.638,,0.0,38.064,33.745,0.233,406.272,0.09,0.09,0.08306,407.279,0.09,0.09,0.08306,,63.664,34.042,,-9.39,-10.424,,10.293,126.249,-0.361,125.888,-2.389,-14.3,-20.1,89.099,0.306908,0.217219,0.19,61.90772,87.469433,61.142409,
06/30/2012,226.519,217.809,161.592,40.822,1.609,13.786,0.0,8.71,0.0,0.0,-150.947,57.665,27.985,26.756,2.924,30.908,59.731,2.551,0.0,0.092,75.572,7.145,56.776,-44.426,-19.495,82.717,-3.302,48.271,7.028,7.028,0.0,72.387,,69.112,,0.0,48.271,51.332,-3.967,405.56,0.12,0.14,0.126571,406.476,0.12,0.14,0.126571,,64.873,33.643,,-15.332,-11.948,,18.482,137.989,-11.746,126.243,-1.263,-17.3,-13.3,94.38,0.308403,0.230564,0.19,61.607661,82.406612,55.842422,
09/30/2012,222.863,213.946,165.911,41.416,1.358,5.261,0.0,8.917,0.0,0.0,-152.048,57.426,28.823,25.333,3.27,29.88,63.854,0.888,0.0,0.0,70.815,-21.571,56.467,-34.737,-0.159,49.244,-5.52,27.106,-13.36,-13.36,0.0,57.084,,54.941,,-6.213,27.106,13.746,0.0,405.81,0.07,0.03,0.03,406.747,0.07,0.03,0.03,,65.496,33.821,,-11.084,-0.641,,4.295,118.993,8.309,127.302,-1.646,-9.4,-14.4,101.856,0.310788,0.248666,0.19,61.13486,76.407772,64.797005,
12/31/2012,227.365,216.896,160.367,47.237,0.788,8.504,0.0,10.469,0.0,0.0,-165.556,66.335,28.364,34.671,3.3,28.986,60.52,-0.247,0.0,9.962,61.809,-11.065,55.486,-41.365,-3.056,50.744,-3.707,59.231,-44.618,-44.618,0.0,91.655,,88.381,,-15.49,59.231,24.336,9.723,406.345,0.14,0.04,0.05989,406.837,0.14,0.04,0.05989,,63.246,32.228,,-49.023,-4.914,,26.44,127.208,7.56,134.768,-0.914,-27.7,-16.3,89.854,0.328963,0.21933,0.21,63.836927,95.746155,67.081041,
03/31/2013,227.015,218.622,164.086,42.904,2.973,8.659,0.0,8.393,0.0,0.0,-152.67,57.444,28.454,25.669,3.321,34.02,58.976,1.832,0.0,0.398,74.345,6.112,53.497,-35.274,-24.335,80.457,-15.573,53.197,-5.624,-5.624,0.0,70.508,,67.77,,0.0,53.197,47.431,-0.142,406.662,0.13,0.12,0.116635,407.666,0.13,0.12,0.116635,,60.784,32.961,4.276,-3.036,-13.303,,,134.879,-2.699,132.18,-1.139,-10.9,-13.9,106.241,0.32172,0.258586,0.21,65.274126,81.210964,63.315283,
06/30/2013,227.119,218.07,163.172,42.158,1.764,10.976,0.0,9.049,0.0,0.0,-175.94,58.09,27.64,27.074,3.376,31.319,58.673,3.019,0.0,24.839,51.179,17.296,55.018,-67.704,-4.61,68.475,12.204,36.566,27.407,27.407,0.0,53.272,,51.139,,0.0,36.566,88.812,24.839,407.64,0.09,0.16,0.217869,408.831,0.09,0.16,0.217869,,62.514,32.089,49.796,-1.869,-37.454,,,141.642,0.48,142.122,-1.452,-15.8,-25.9,98.97,0.345007,0.240254,0.21,60.868261,87.407487,60.437158,
09/30/2013,221.463,212.153,160.713,42.731,0.759,7.95,0.0,9.31,0.0,0.0,-204.751,55.238,28.156,23.767,3.315,30.828,57.933,2.102,0.0,58.65,16.712,58.181,53.949,-106.722,-5.408,74.893,-23.763,41.19,-6.058,-6.058,0.0,57.188,,55.763,,0.0,41.19,93.242,58.11,408.06,0.1,0.08,0.228501,408.866,0.1,0.08,0.222125,,62.445,28.245,91.046,-23.922,-57.651,,,141.353,-6.744,134.609,-1.493,-5.7,-19.1,108.316,0.326755,0.26293,0.21,64.26834,79.869059,60.623121,
12/31/2013,226.927,217.362,157.796,46.935,0.716,11.915,0.0,9.565,0.0,0.0,-154.443,61.999,28.522,30.142,3.335,31.543,59.571,0.721,0.0,0.609,72.484,-9.094,50.92,-30.123,-11.703,63.39,-6.333,47.035,-3.327,-3.327,0.0,60.384,,61.608,,0.0,47.035,43.965,0.257,408.139,0.11,0.09,0.107721,408.995,0.11,0.09,0.090628,,64.511,24.448,20.707,-5.53,-16.503,,,134.668,0.132,134.8,-0.892,-34.5,-18.5,80.908,0.327125,0.196343,0.225,68.781065,114.595436,68.190866,
03/31/2014,228.193,219.152,163.657,44.705,2.023,8.767,0.0,9.041,0.0,0.0,-153.525,58.731,29.35,26.076,3.305,37.121,56.06,1.452,0.0,0.161,74.668,9.443,50.243,-56.614,-3.072,84.111,-8.515,72.427,-20.264,-20.264,0.0,95.86,,87.0,,0.0,72.427,52.324,0.161,408.367,0.18,0.14,0.12813,409.444,0.18,0.14,0.12813,,59.481,26.523,12.764,-9.337,-23.465,,,138.393,2.427,141.553,-2.419,-17.8,-16.9,104.434,0.342875,0.252964,0.225,65.621516,88.945387,66.392502,
06/30/2014,245.958,237.432,175.404,49.494,1.462,11.072,0.0,8.526,0.0,0.0,-181.468,63.201,30.722,28.981,3.498,28.773,62.117,1.741,0.0,25.636,64.49,65.828,52.469,-52.039,-66.258,130.318,-0.94,74.939,37.428,37.428,0.0,91.95,,89.512,,0.0,74.939,137.614,25.247,408.902,0.18,0.28,0.336545,413.344,0.18,0.27,0.33108,,65.512,22.886,85.652,-19.82,-87.959,,,141.21,2.018,143.227,-1.327,-31.7,-19.3,90.9,0.346508,0.219914,0.225,64.933567,102.312871,65.153282,
09/30/2014,255.234,246.555,183.918,52.172,0.886,9.579,0.0,8.679,0.0,0.0,-164.844,65.59,31.47,30.561,3.559,28.632,67.13,0.901,0.0,2.591,90.39,20.313,51.225,-57.823,-13.715,110.703,-5.252,180.135,-91.858,-91.858,0.0,197.309,,194.708,,0.0,180.135,90.868,2.591,409.326,0.44,0.21,0.221994,411.101,0.44,0.21,0.216303,,68.014,21.821,5.306,-26.106,-89.262,,,159.908,-11.706,148.202,-1.778,-53.3,-21.8,71.324,0.358129,0.172354,0.225,62.826531,130.545363,57.594586,
12/31/2014,264.512,255.748,188.916,54.664,0.441,11.727,0.0,8.764,0.0,0.0,-183.745,71.095,33.129,34.078,3.888,27.675,72.767,0.788,0.0,11.42,80.767,1.434,49.823,-31.125,-20.132,82.201,-7.735,38.207,23.706,23.706,0.0,50.76,,52.78,,0.0,38.207,73.333,11.42,409.74,0.09,0.14,0.178974,411.0,0.09,0.14,0.167786,,70.878,21.113,153.937,-71.152,-56.261,,,156.722,-12.079,144.643,-2.825,-46.2,-15.4,80.218,0.349007,0.193557,0.24,68.766605,123.994714,62.746519,
03/31/2015,283.456,275.506,204.167,57.989,2.317,11.033,0.0,7.95,0.0,0.0,-189.49,73.528,36.072,33.902,3.554,32.705,74.569,2.297,0.0,6.391,93.966,231.565,52.578,-111.919,-172.224,325.531,-12.717,295.769,0.075,0.075,0.0,312.739,,310.342,,0.0,295.769,270.18,-25.664,410.433,0.72,0.72,0.65828,415.396,0.71,0.71,0.648218,,72.156,17.707,5.653,-32.055,-205.752,,,153.478,-6.303,147.175,-3.342,-26.4,-16.3,101.133,0.354374,0.243512,0.24,67.725089,98.557741,64.181133,
06/30/2015,294.061,289.08,211.745,59.774,1.866,15.695,0.0,4.981,0.0,0.0,-201.849,75.821,36.7,36.109,3.012,29.307,80.155,1.107,0.0,15.459,92.212,31.769,56.13,-27.912,-59.987,123.981,3.628,112.427,0.0,0.0,0.0,127.609,-2.911,127.0,,0.0,112.427,101.387,-11.04,411.317,0.27,0.27,0.246494,413.086,0.27,0.27,0.243274,,77.737,17.772,17.692,-26.676,-8.113,-5.214,,182.714,-29.983,152.731,-5.437,-46.3,-17.3,83.694,0.369015,0.202214,0.24,65.037956,118.686071,54.02765,
09/30/2015,288.382,283.387,211.845,57.564,1.395,12.583,0.0,4.995,0.0,0.0,-213.395,74.399,36.571,34.915,2.913,27.31,103.708,1.92,0.0,6.058,74.987,8.941,54.031,-22.213,-40.759,83.928,-2.844,62.999,0.0,0.0,0.0,81.084,0.234,77.572,,0.0,62.999,96.722,33.723,411.487,0.15,0.15,0.235055,412.686,0.15,0.15,0.231716,,101.216,17.852,17.662,-29.767,-8.988,2.668,,163.876,-13.414,150.462,-1.963,-49.9,-15.5,83.099,0.363245,0.200618,0.24,66.071061,119.630609,60.263175,
12/31/2015,300.87,296.501,212.043,62.824,0.39,21.244,0.0,4.369,0.0,0.0,-218.463,80.729,37.807,40.054,2.868,33.413,86.095,0.751,0.0,17.475,82.407,344.601,56.152,-354.441,-46.312,427.008,-48.297,360.02,0.0,0.0,0.0,378.711,-3.239,379.201,,-5.816,360.02,337.901,-22.119,411.667,0.87,0.87,0.820811,413.346,0.87,0.87,0.816488,,82.732,14.552,8.57,-43.372,-327.933,51.849,,143.179,9.892,153.071,-4.098,-65.7,-17.2,66.073,0.36973,0.159594,0.255,68.969328,159.780909,73.317375,
03/31/2016,297.202,293.091,208.616,57.013,2.13,25.332,0.0,4.111,0.0,0.0,-197.943,71.843,34.472,34.553,2.818,31.929,84.856,3.475,0.0,5.84,99.259,55.007,52.451,-80.732,-26.726,154.266,-12.112,129.158,0.0,0.0,0.0,142.154,,140.713,,0.0,129.158,108.102,-21.056,412.63,0.31,0.31,0.261983,414.145,0.31,0.31,0.259158,,82.451,13.217,5.924,-26.863,-45.665,,,158.222,-5.361,152.861,-4.586,-32.8,-15.7,99.775,0.368381,0.240448,0.255,69.221888,106.051887,66.501909,
06/30/2016,291.488,287.115,211.622,57.936,1.655,15.902,0.0,4.373,0.0,0.0,-237.821,71.742,35.791,33.223,2.728,29.928,82.753,1.185,0.0,52.213,53.667,150.933,50.479,-116.644,-84.768,204.6,0.246,191.854,0.0,0.0,0.0,204.846,0.018,203.409,,0.0,191.854,204.799,12.945,417.748,0.46,0.46,0.490245,419.302,0.46,0.46,0.490245,,80.574,11.47,54.993,-41.218,-139.361,-0.226,,158.104,-2.587,155.517,-5.316,-39.4,-17.8,93.001,0.370234,0.221405,0.255,68.875268,115.173762,67.377005,
09/30/2016,285.077,279.287,209.566,57.423,1.196,11.102,0.0,5.79,0.0,0.0,-208.996,73.021,37.703,32.59,2.728,27.983,96.827,1.092,0.0,10.073,76.081,-56.202,46.552,-15.311,24.961,19.879,-61.426,-55.1,0.0,0.0,0.0,-41.547,-0.264,-43.544,,0.0,-55.099,-9.123,45.976,420.073,-0.13,-0.13,-0.021718,420.073,-0.13,-0.13,-0.021718,,94.814,10.719,16.857,-9.773,-9.852,29.005,,76.406,84.202,160.608,-1.886,-41.2,-21.3,96.222,0.381026,0.228277,0.51,133.849279,223.413201,280.393202,
12/31/2016,297.026,53.894,213.227,66.643,0.447,12.592,0.0,4.117,0.0,239.015,-132.386,112.418,38.649,71.05,2.719,-3.044,90.884,-0.189,0.0,-67.683,164.64,-78.663,43.067,-33.8,69.396,85.977,-5.291,66.718,0.0,0.0,0.0,80.686,0.064,78.273,,-2.018,64.7,72.952,8.252,423.157,0.152898,0.152898,0.172399,425.316,0.152122,0.152122,0.171524,,89.476,9.692,24.154,-14.97,-22.941,10.791,,162.984,-2.565,160.419,-4.732,-58.1,-12.5,85.087,0.37681,0.199862,0.27,71.654125,135.093293,70.05661,
03/31/2017,293.588,289.391,214.003,58.129,2.38,14.879,0.0,4.197,0.0,0.0,-200.951,83.626,38.269,42.574,2.783,22.23,92.074,1.404,0.0,1.617,92.637,-14.915,46.482,-18.42,-13.147,77.722,0.493,65.178,0.0,0.0,0.0,78.215,-0.655,76.733,,0.0,65.178,65.109,-0.069,423.381,0.15,0.15,0.153783,424.146,0.15,0.15,0.149837,,90.849,9.54,2.595,-1.098,-11.23,-0.039,,155.14,0.623,155.763,-3.655,-28.6,-15.1,108.408,0.366501,0.255078,0.27,73.669613,105.850122,73.683686,
06/30/2017,297.176,292.843,217.211,60.971,1.572,13.089,0.0,4.333,0.0,0.0,-231.265,84.215,38.747,42.703,2.765,19.965,95.27,2.096,0.0,29.719,65.911,87.729,46.09,-51.525,-82.294,153.64,1.034,131.861,0.0,0.0,0.0,154.674,-1.627,143.416,,0.0,131.861,141.697,9.836,423.65,0.31,0.31,0.334467,424.944,0.31,0.31,0.333147,,94.121,10.311,21.048,-19.763,-60.955,0.0,,174.996,-14.254,160.742,-4.316,-64.5,-18.2,73.726,0.378179,0.173456,0.27,71.394744,155.659252,65.364637,
09/30/2017,294.845,290.919,217.676,59.49,1.91,11.843,0.0,3.926,0.0,0.0,-195.0,81.389,38.363,40.262,2.764,21.523,88.443,0.701,,2.944,99.845,21.674,47.258,-29.051,-39.881,121.519,0.697,101.957,0.0,0.0,0.0,122.216,-1.613,121.03,,0.0,101.957,66.121,-35.836,423.688,0.24,0.24,0.156061,424.311,0.24,0.24,0.155543,,87.262,9.562,8.651,-40.533,0.0,0.0,,165.286,-3.947,161.339,-3.238,-86.8,-17.4,53.901,0.379466,0.126774,0.27,71.152654,212.977459,69.210798,
12/31/2017,315.225,310.632,219.739,68.973,0.272,21.648,0.0,4.593,0.0,0.0,-204.703,88.663,41.817,44.013,2.833,27.972,85.024,1.429,0.0,1.615,110.522,-24.612,52.126,-28.768,1.254,85.91,-1.344,73.465,0.0,0.0,0.0,84.566,-1.688,84.896,,-0.536,72.929,74.544,1.615,423.734,0.17,0.17,0.175922,424.088,0.17,0.17,0.173808,,83.959,9.835,32.854,-31.436,-6.849,0.0,,160.14,6.63,166.77,-4.516,-63.1,-24.8,74.354,0.392355,0.17493,0.27,68.815273,154.347083,71.4426,
03/31/2018,304.078,299.717,220.896,63.716,1.921,13.184,0.0,4.361,0.0,0.0,-200.14,86.583,40.434,43.331,2.818,22.398,81.382,2.131,0.0,7.646,103.938,40.096,49.943,-26.889,-63.15,144.034,-0.052,129.501,0.0,0.0,0.0,143.982,-1.552,144.09,,0.0,129.501,80.176,-49.325,423.404,0.3,0.3,0.189361,424.521,0.3,0.3,0.18381,,78.992,9.284,7.646,-56.971,-2.039,0.0,,164.861,-7.049,157.812,-4.21,-47.9,-16.2,89.502,0.371651,0.210779,0.28,75.339467,132.840294,71.910955,
06/30/2018,293.403,289.383,211.404,61.206,1.389,15.384,0.0,4.02,0.0,0.0,-209.054,81.341,37.274,41.325,2.742,24.029,79.76,1.051,0.0,22.873,84.349,80.74,46.434,-28.657,-98.517,165.089,0.72,150.852,0.0,0.0,0.0,165.809,-0.507,165.386,,0.0,150.852,78.485,-72.367,420.731,0.36,0.36,0.186544,421.928,0.36,0.36,0.186544,,77.25,11.611,22.72,-95.163,-1.51,0.0,,165.253,-9.524,155.729,-5.646,-75.6,-22.4,52.083,0.369012,0.123415,0.28,75.878276,226.877254,71.287468,
09/30/2018,283.08,278.699,207.82,58.007,1.164,11.708,0.0,4.381,0.0,0.0,-180.874,79.829,37.862,39.265,2.702,21.348,74.972,1.389,0.0,3.336,102.206,-1.796,44.081,-21.578,-20.707,100.41,0.315,85.624,0.0,0.0,0.0,100.725,-0.411,100.158,,0.0,85.624,73.472,-12.152,419.23,0.19,0.19,0.175255,419.764,0.19,0.19,0.16105,,74.751,11.871,3.338,-32.477,-2.554,0.0,0.072,140.214,11.873,152.087,-1.721,-63.1,-24.8,62.466,0.361607,0.148521,0.28,77.432233,188.525534,83.718031,
12/31/2018,284.201,281.804,207.43,63.452,0.396,10.526,0.0,2.397,0.0,0.0,-222.128,80.806,37.766,40.373,2.667,20.022,74.266,1.682,,45.352,62.073,28.457,42.881,-23.593,-47.745,90.53,-2.583,73.627,0.0,0.0,0.0,87.947,-0.421,88.161,,-0.597,73.03,69.003,-4.027,419.258,0.17,0.17,0.164584,419.886,0.17,0.17,0.160409,,74.086,10.717,52.101,-49.369,-12.446,0.0,1.315,149.61,-2.195,147.415,-2.065,-94.8,-27.7,22.85,0.350385,0.054311,0.28,79.912112,515.546783,78.465504,
03/31/2019,295.01,290.634,206.79,59.6,1.734,22.51,0.0,4.376,0.0,0.0,-184.502,82.935,39.347,40.896,2.692,25.831,71.561,,0.0,4.175,110.508,6.8,44.395,-24.978,-26.217,117.308,-0.63,101.635,0.0,0.0,0.0,116.678,-0.248,116.169,,0.0,101.635,80.712,-20.923,419.464,0.24,0.24,0.192417,420.763,0.24,0.24,0.190274,,71.26,10.161,6.408,-23.595,-4.69,,-1.03,158.398,-1.0,157.398,-4.672,-43.6,-17.2,91.926,0.373359,0.218055,0.28,74.994879,128.408111,74.148613,
06/30/2019,284.873,280.71,208.472,58.287,1.035,12.916,0.0,4.163,0.0,0.0,-192.235,83.146,37.005,43.217,2.924,22.633,69.005,0.0,0.0,17.451,92.638,8.405,44.097,-35.802,-16.7,101.043,0.344,86.493,0.0,0.0,0.0,101.387,-0.333,101.027,,0.0,86.493,89.182,2.689,419.697,0.2,0.2,0.212491,420.646,0.2,0.2,0.206393,,68.723,10.115,18.247,-14.762,-8.496,0.0,-8.754,151.162,-1.0,150.162,-3.891,-77.8,-23.0,45.471,0.356272,0.107884,0.28,78.591574,259.538343,77.741205,
09/30/2019,282.871,279.181,208.325,58.115,0.936,11.805,0.0,3.69,0.0,0.0,-183.403,80.113,37.519,39.758,2.836,23.832,68.874,0.0,0.0,10.584,99.468,-17.881,43.146,-20.938,-4.327,81.587,3.866,59.048,0.0,0.0,0.0,85.453,-0.309,83.99,,0.0,59.048,69.632,10.584,419.823,0.14,0.14,0.16586,421.002,0.14,0.14,0.16514,,68.25,9.768,20.982,-9.025,-1.988,0.0,0.199,146.925,10.369,157.294,-2.703,-77.2,-12.9,64.491,0.372933,0.152903,0.28,75.080601,183.12211,80.007106,
12/31/2019,296.13,291.809,209.22,68.613,0.303,13.673,0.0,4.321,0.0,0.0,-191.35,90.757,39.788,48.11,2.859,24.646,68.439,0.0,,7.508,104.78,5.526,45.757,-16.52,-34.763,110.306,-0.263,92.812,0.0,0.0,0.0,110.043,-0.303,109.419,,-0.661,92.151,67.823,-24.328,422.467,0.22,0.22,0.16054,423.857,0.22,0.22,0.16054,,67.864,10.91,11.504,-31.836,-0.892,0.0,1.834,151.893,3.369,155.262,-5.97,-80.3,-23.9,45.092,0.365684,0.106204,0.28,76.568896,263.644105,77.87769,
03/31/2020,289.744,286.004,207.528,63.067,2.435,12.974,,3.74,0.0,0.0,-178.283,84.895,39.652,42.408,2.835,21.017,69.397,,,2.974,111.461,-21.029,46.06,-24.606,-0.425,90.432,-0.043,83.746,0.0,0.0,0.0,90.389,-0.505,90.1,,0.0,83.746,87.54,3.794,429.735,0.19,0.19,0.203707,430.505,0.19,0.19,0.198813,,68.707,10.564,3.441,-3.847,-0.018,0.001,-6.283,160.473,,160.473,-2.361,-35.0,-16.5,106.612,0.372249,0.247308,0.28,75.218386,113.21915,74.98196,
06/30/2020,238.916,235.961,207.308,61.585,0.713,-33.645,0.0,2.955,0.0,0.0,-176.646,80.445,38.678,38.94,2.827,22.504,73.559,,0.0,0.138,62.27,685.899,48.015,-14.94,-718.974,748.169,-0.051,741.539,0.0,0.0,0.0,748.118,-0.559,747.893,,0.0,741.539,213.584,-527.955,429.967,1.71,1.71,0.496745,431.17,1.71,1.71,0.485529,,72.296,10.178,-1.85,0.138,,,-192.018,103.481,,103.481,7.445,-43.7,-9.8,57.426,0.239762,0.133054,0.28,116.78252,210.440776,116.340932,
09/30/2020,261.375,,,,,,,,,,,,,,,,,,,,,,,,,,,,,,,,,39.871,,,39.871,38.057,,,0.095,0.095,0.098,,0.095,0.095,0.098,,,,,,,,,,,,,,,,,,,,,,
12/31/2020,270.375,,,,,,,,,,,,,,,,,,,,,,,,,,,,,,,,,45.643,,,45.643,43.6,,,0.285,0.285,0.11,,0.285,0.285,0.11,,,,,,,,,,,,,,,,,,,,,,
