Date,Revenue,Sales & Services Revenue,Cost of Revenue,Cost of Goods & Services,Gross Profit,Other Operating Income,Operating Expenses,"Selling, General & Admin",Other Operating Expense,Operating Income (Loss),Non-Operating (Income) Loss,"Interest Expense, Net",Interest Expense,Interest Income,Foreign Exch (Gain) Loss,(Income) Loss from Affiliates,Other Non-Op (Income) Loss,Pretax Income,Income Tax Expense (Benefit),Income (Loss) from Cont Ops,Net Extraordinary Losses (Gains),Discontinued Operations,XO & Accounting Changes,Income (Loss) Incl. MI,Minority Interest,"Net Income, GAAP",Preferred Dividends,Other Adjustments,"Net Income Avail to Common, GAAP","Net Income Avail to Common, Adj",Net Abnormal Losses (Gains),Basic Weighted Avg Shares,"Basic EPS, GAAP",Basic EPS from Cont Ops,"Basic EPS from Cont Ops, Adjusted",Diluted Weighted Avg Shares,"Diluted EPS, GAAP",Diluted EPS from Cont Ops,"Diluted EPS from Cont Ops, Adjusted",Source: Bloomberg
09/30/1988,2128.300049,,,,,,,,,,,,,,,,,,,,,,,,,295.600006,,,295.600006,295.600006,,5815.312012,0.050625,0.050625,0.050625,5815.312012,0.050625,0.050625,0.050625,
12/31/1988,2026.800049,,,,,,,,,,,,,,,,,,,,,,,,,235.5,,,235.5,235.5,,5668.928223,0.040625,0.039375,0.039375,5668.928223,0.040625,0.039375,0.039375,
03/31/1989,1985.199951,,,,,,,,,,,,,,,,,,,,,,,,,259.799988,,,259.799988,259.799988,,5653.328125,0.045,0.045,0.045,5653.328125,0.045,0.045,0.045,
06/30/1989,2429.100098,,,,,,,,,,,,,,,,,,,,,,,,,345.5,,,345.5,345.5,,5549.39209,0.06125,0.06125,0.06125,5549.39209,0.06125,0.06125,0.06125,
09/30/1989,2302.600098,,,,,,,,,,,,,,,,,,,,,,,,,361.299988,,,361.299988,361.299988,,5530.096191,0.064375,0.06375,0.06375,5530.096191,0.064375,0.06375,0.06375,
12/31/1989,2248.899902,,,,,,,,,,,,,,,,,,,,,,,,,757.200012,,,757.200012,757.200012,,5420.543945,0.13875,0.041875,0.041875,5420.543945,0.13875,0.041875,0.041875,
03/31/1990,2148.278076,,-866.46698,,1281.811096,,-843.828003,,,437.983002,-24.769997,,73.210999,,,,-48.441002,413.213005,-129.748001,283.464996,0.0,,,283.465004,,283.464996,-4.87,,278.594996,278.594996,,5370.560059,0.05125,0.05125,,5370.560059,0.05125,0.05125,0.05125,
06/30/1990,2739.308105,,-1099.88501,,1639.423096,,-1059.740967,,,579.682007,17.887001,,52.386002,,,,-70.273003,597.569008,-187.636993,409.932007,0.0,,,409.932014,,409.932007,-4.869,,405.063007,405.063007,,5339.0,0.07625,0.07625,,5339.0,0.07625,0.07625,0.07625,
09/30/1990,2792.753906,,-1167.285034,,1625.468872,,-1113.03894,,,512.429993,62.164001,,53.375,,,,-115.539001,574.593994,-180.421997,394.171997,0.0,,,394.171997,,394.171997,-4.755,,389.416997,389.416997,,5340.728027,0.0725,0.0725,,5340.728027,0.0725,0.0725,0.0725,
12/31/1990,2556.01001,,-1075.213013,,1480.796997,,-1059.328003,,,421.468994,7.591,,52.007,,0.5,,-60.098,429.059994,-134.725006,294.334991,0.0,,,294.334988,,294.334991,-3.664,,290.670991,290.670991,,5343.469727,0.055,0.055,,5343.469727,0.055,0.055,0.055,
03/31/1991,2480.974121,,-964.049011,,1516.92511,,-1022.929016,,,493.996002,-26.191002,,54.726002,,,,-28.535,467.805,-146.891006,320.914001,0.0,,,320.913994,,320.914001,-0.521,,320.393001,320.393001,,5342.016113,0.06,0.06,0.06,5342.016113,0.06,0.06,0.06,
06/30/1991,3039.522949,,-1185.758057,,1853.764893,,-1160.498047,,,693.267029,9.928001,,54.013,,,,-63.941002,703.19503,-220.802994,482.391998,0.0,,,482.392036,,482.391998,0.0,,482.391998,482.391998,,5338.808105,0.09,0.09,0.09,5338.808105,0.09,0.09,0.09,
09/30/1991,3172.115967,,-1307.255981,,1864.859985,,-1220.156006,,,644.703979,20.474998,,40.379002,,,,-60.854,665.178978,-208.865997,456.312988,0.0,,,456.312981,,456.312988,0.0,,456.312988,456.312988,,5328.655762,0.08625,0.08625,0.08625,5328.655762,0.08625,0.08625,0.08625,
12/31/1991,2879.000977,,-1191.322021,,1687.678955,,-1200.600952,,,487.078003,60.021999,,43.396999,,0.0,,-103.418999,547.100002,-188.716995,358.382996,0.0,,,358.383007,0.0,358.382996,0.0,,358.382996,358.382996,,5309.375977,0.0675,0.0675,0.0675,5309.375977,0.0675,0.0675,0.0675,
03/31/1992,2772.0,,-1032.0,,1740.0,,-1166.0,,,574.0,-11.0,,42.0,,0.0,,-31.0,563.0,-177.0,386.0,219.0,,,167.0,0.0,167.0,0.0,,167.0,167.0,,5308.0,0.0325,0.07375,0.07375,5308.0,0.0325,0.07375,0.07375,
06/30/1992,3550.0,,-1373.0,,2177.0,,-1345.0,,,832.0,-8.0,,44.0,,,,-36.0,824.0,-259.0,565.0,0.0,,,565.0,0.0,565.0,0.0,,565.0,565.0,,5272.0,0.1075,0.1075,0.1075,5272.0,0.1075,0.1075,0.1075,
09/30/1992,3508.0,,-1386.0,,2122.0,,-1356.0,,,766.0,21.0,,42.0,,,,-63.0,787.0,-247.0,540.0,0.0,,,540.0,0.0,540.0,0.0,,540.0,540.0,,5254.600098,0.1025,0.1025,0.1025,5254.600098,0.1025,0.1025,0.1025,
12/31/1992,3243.860107,,-1263.376953,,1980.483154,,-1382.391968,,,598.091003,-26.003002,,43.351002,,25.0,,-42.348,572.088001,-179.272995,392.815002,0.432999,,,392.382008,0.0,392.381989,0.0,,392.381989,392.381989,,5238.835938,0.075,0.075,0.075,5238.835938,0.075,0.075,0.075,
03/31/1993,3056.0,,-1093.0,,1963.0,,-1286.0,,,677.0,-21.0,,46.0,,,,-25.0,656.0,-202.0,454.0,12.0,,,442.0,0.0,442.0,0.0,,442.0,442.0,,5224.0,0.085,0.0875,,5224.0,0.085,0.0875,0.0875,
06/30/1993,3899.0,,-1464.0,,2435.0,,-1476.0,,,959.0,21.0,,40.0,,,,-61.0,980.0,-302.0,678.0,0.0,,,678.0,0.0,678.0,0.0,,678.0,678.0,,5212.0,0.13,0.13,,5212.0,0.13,0.13,0.13,
09/30/1993,3629.0,,-1343.0,,2286.0,,-1457.0,,,829.0,41.0,,38.0,,,,-79.0,870.0,-280.0,590.0,0.0,,,590.0,0.0,590.0,0.0,,590.0,590.0,,5200.0,0.1125,0.12,,5200.0,0.1125,0.12,0.12,
12/31/1993,3373.0,,-1260.0,,2113.0,,-1476.0,,,637.0,42.0,,44.0,,0.0,,-86.0,679.0,-213.0,466.0,0.0,,,466.0,0.0,466.0,0.0,,466.0,466.0,,5192.0,0.09,0.09,,5192.0,0.09,0.09,0.09,
03/31/1994,3352.0,,-1242.0,,2110.0,,-1338.0,,,772.0,-12.0,,43.0,,,,-31.0,760.0,-239.0,521.0,0.0,,,521.0,0.0,521.0,0.0,,521.0,521.0,,5184.0,0.1,0.1,,5184.0,0.1,0.1,0.1,
06/30/1994,4342.0,,-1667.0,,2675.0,,-1605.0,,,1070.0,37.0,,50.0,,,,-87.0,1107.0,-349.0,758.0,0.0,,,758.0,0.0,758.0,0.0,,758.0,758.0,,5168.0,0.1475,0.1475,,5168.0,0.1475,0.1475,0.1475,
09/30/1994,4461.0,,-1760.0,,2701.0,,-1701.0,,,1000.0,33.0,,51.0,,,,-84.0,1033.0,-325.0,708.0,0.0,,,708.0,0.0,708.0,0.0,,708.0,708.0,,5156.0,0.1375,0.1375,,5156.0,0.1375,0.1375,0.1375,
12/31/1994,4017.0,,-1498.0,,2519.0,,-1653.0,,,866.0,-38.0,,55.0,,0.0,,-17.0,828.0,-261.0,567.0,0.0,,,567.0,0.0,567.0,0.0,,567.0,567.0,,5132.0,0.11,0.11,,5132.0,0.11,0.11,0.11,
03/31/1995,3854.0,,-1445.0,,2409.0,,-1530.0,,,879.0,52.0,,57.0,,,,-109.0,931.0,-293.0,638.0,0.0,,,638.0,0.0,638.0,0.0,,638.0,638.0,,5088.0,0.125,0.125,,5088.0,0.125,0.125,0.125,
06/30/1995,4936.0,,-1876.0,,3060.0,,-1802.0,,,1258.0,46.0,,69.0,,,,-115.0,1304.0,-406.0,898.0,0.0,,,898.0,0.0,898.0,0.0,,898.0,898.0,,5060.0,0.1775,0.1775,,5060.0,0.1775,0.1775,0.1775,
09/30/1995,4895.0,,-1949.0,,2946.0,,-1940.0,,,1006.0,162.0,,66.0,,,,-228.0,1168.0,-366.0,802.0,0.0,,,802.0,0.0,802.0,0.0,,802.0,802.0,,5036.0,0.16,0.16,,5036.0,0.16,0.16,0.16,
12/31/1995,4333.0,,-1670.0,,2663.0,,-1714.0,,,949.0,-24.0,,80.0,,0.0,,-56.0,925.0,-277.0,648.0,0.0,,,648.0,0.0,648.0,0.0,,648.0,648.0,,5012.0,0.13,0.13,0.13,5012.0,0.13,0.13,0.13,
03/31/1996,4224.0,,-1530.0,,2694.0,,-1661.0,,,1033.0,0.0,,72.0,,,,-72.0,1033.0,-320.0,713.0,0.0,,,713.0,0.0,713.0,0.0,,713.0,713.0,,5092.0,0.14,0.14,0.14,5092.0,0.14,0.14,0.14,
06/30/1996,5286.0,,-1906.0,,3380.0,,-1998.0,,,1382.0,140.0,,71.0,,,,-211.0,1522.0,-472.0,1050.0,0.0,,,1050.0,0.0,1050.0,0.0,,1050.0,1050.0,,5000.0,0.21,0.21,0.21,5000.0,0.21,0.21,0.21,
09/30/1996,4687.0,,-1814.0,,2873.0,,-2419.0,,,454.0,483.0,,67.0,,,,-550.0,937.0,30.0,967.0,0.0,,,967.0,0.0,967.0,0.0,,967.0,967.0,,4958.0,0.195,0.195,0.15,4984.0,0.19,0.19,0.145,
12/31/1996,4476.0,,-1488.0,,2988.0,,-1942.0,,,1046.0,58.0,,76.0,,,,-134.0,1104.0,-342.0,762.0,0.0,,,762.0,0.0,762.0,0.0,,762.0,762.0,,4916.0,0.155,0.155,0.155,4916.0,0.15,0.15,0.15,
03/31/1997,4138.0,,-1295.0,,2843.0,,-1701.0,,,1142.0,289.0,,68.0,,0.0,,-357.0,1431.0,-444.0,987.0,0.0,,,987.0,0.0,987.0,0.0,,987.0,987.0,,4960.0,0.2,0.2,0.16,5038.0,0.195,0.195,0.155,
06/30/1997,5075.0,,-1609.0,,3466.0,,-2023.0,,,1443.0,492.0,,62.0,,0.0,,-554.0,1935.0,-621.0,1314.0,0.0,,,1314.0,0.0,1314.0,0.0,,1314.0,1314.0,,4960.0,0.265,0.265,0.235,5038.0,0.26,0.26,0.23,
09/30/1997,4954.0,,-1659.0,,3295.0,,-2052.0,,,1243.0,262.0,,58.0,,0.0,,-320.0,1505.0,-494.0,1011.0,0.0,,,1011.0,0.0,1011.0,0.0,,1011.0,1011.0,,4956.0,0.205,0.205,0.18,5030.0,0.2,0.2,0.175,
12/31/1997,4701.0,,-1452.0,,3249.0,,-2076.0,,,1173.0,11.0,,70.0,,,,-81.0,1184.0,-367.0,817.0,0.0,,,817.0,0.0,817.0,0.0,,817.0,817.0,,4944.0,0.165,0.165,0.165,5014.0,0.165,0.165,0.165,
03/31/1998,4457.0,,-1318.0,,3139.0,,-1857.0,,,1282.0,-39.0,,62.0,,0.0,,-23.0,1243.0,-386.0,857.0,0.0,,,857.0,0.0,857.0,0.0,,857.0,857.0,,4942.0,0.175,0.175,0.175,5004.0,0.17,0.17,0.17,
06/30/1998,5151.0,,-1499.0,,3652.0,,-2141.0,,,1511.0,292.0,,75.0,,0.0,,-367.0,1803.0,-612.0,1191.0,0.0,,,1191.0,0.0,1191.0,0.0,,1191.0,1191.0,,4938.0,0.24,0.24,0.235,5002.0,0.24,0.24,0.235,
09/30/1998,4747.0,,-1446.0,,3301.0,,-2064.0,,,1237.0,50.0,,72.0,,0.0,,-122.0,1287.0,-399.0,888.0,0.0,,,888.0,0.0,888.0,0.0,,888.0,888.0,,4928.0,0.18,0.18,0.175,4984.0,0.18,0.18,0.175,
12/31/1998,4458.0,,-1299.0,,3159.0,,-2222.0,,,937.0,-72.0,,68.0,,0.0,,4.0,865.0,-268.0,597.0,0.0,,,597.0,0.0,597.0,0.0,,597.0,597.0,,4930.0,0.12,0.12,0.12,4978.0,0.12,0.12,0.12,
03/31/1999,4400.0,,-1303.0,,3097.0,,-1953.0,,,1144.0,-62.0,77.0,77.0,,,,-15.0,1082.0,-335.0,747.0,0.0,,,747.0,0.0,747.0,0.0,,747.0,747.0,,4932.0,0.15,0.15,0.15,4974.0,0.15,0.15,0.15,
06/30/1999,5335.0,,-1592.0,,3743.0,,-2353.0,,,1390.0,-24.0,14.0,78.0,-64.0,,,10.0,1366.0,-424.0,942.0,0.0,,,942.0,0.0,942.0,0.0,,942.0,942.0,,4936.0,0.19,0.19,0.19,4976.0,0.19,0.19,0.19,
09/30/1999,5139.0,,-1650.0,,3489.0,,-2390.0,,,1099.0,42.0,89.0,89.0,,,,-131.0,1141.0,-354.0,787.0,0.0,,,787.0,0.0,787.0,0.0,,787.0,787.0,,4938.0,0.16,0.16,0.16,4970.0,0.16,0.16,0.16,
12/31/1999,4803.0,,-1336.0,,3467.0,,-3118.0,,,349.0,-119.0,23.0,93.0,-70.0,,,96.0,230.0,-275.0,-45.0,0.0,,,-45.0,0.0,-45.0,0.0,,-45.0,-45.0,517.881,4942.0,-0.01,-0.01,0.15,4974.0,-0.01,-0.01,0.15,
03/31/2000,4391.0,,-1398.0,,2993.0,,-2073.0,,,920.0,-823.0,99.0,99.0,,0.0,,724.0,97.0,-155.0,-58.0,0.0,,,-58.0,0.0,-58.0,0.0,0.0,-58.0,-58.0,,4944.0,-0.01,-0.01,0.16,4944.0,-0.01,-0.01,0.16,
06/30/2000,5621.0,,-1677.0,,3944.0,,-2468.0,,,1476.0,-134.0,21.0,119.0,-98.0,0.0,,113.0,1342.0,-416.0,926.0,0.0,,,926.0,0.0,926.0,0.0,,926.0,926.0,,4950.0,0.185,0.185,0.22,4960.0,0.185,0.185,0.22,
09/30/2000,5543.0,,-1736.0,,3807.0,,-2480.0,,,1327.0,156.0,120.0,120.0,,0.0,,-276.0,1483.0,-416.0,1067.0,0.0,,,1067.0,0.0,1067.0,0.0,,1067.0,1067.0,,4956.0,0.215,0.215,0.21,4978.0,0.215,0.215,0.21,
12/31/2000,4733.0,,-1393.0,,3340.0,,-2023.0,,,1317.0,-840.0,21.0,109.0,-88.0,,,819.0,477.0,-235.0,242.0,0.0,,,242.0,0.0,242.0,0.0,0.0,242.0,242.0,478.0,4966.0,0.05,0.05,0.19,4992.0,0.05,0.05,0.19,
03/31/2001,3959.0,,-1345.0,,2614.0,,-1334.0,,,1280.0,-33.0,10.0,91.0,-81.0,,,23.0,1247.0,-374.0,873.0,10.0,,,863.0,0.0,863.0,0.0,0.0,863.0,863.0,,4972.0,0.175,0.175,0.175,4980.0,0.175,0.175,0.175,
06/30/2001,4653.0,,-1579.0,,3074.0,,-1561.0,,,1513.0,84.0,-1.0,77.0,-78.0,,,-83.0,1597.0,-479.0,1118.0,0.0,,,1118.0,0.0,1118.0,0.0,0.0,1118.0,1118.0,,4976.0,0.225,0.225,0.225,4976.0,0.225,0.225,0.225,
09/30/2001,4695.0,,-1692.0,,3003.0,,-1692.0,1692.0,0.0,1311.0,223.0,-2.0,66.0,-68.0,,,-221.0,1534.0,-460.0,1074.0,0.0,,,1074.0,0.0,1074.0,0.0,0.0,1074.0,1074.0,,4976.0,0.215,0.215,0.205,4976.0,0.215,0.215,0.205,
12/31/2001,4238.0,,-1428.0,,2810.0,,-1562.0,,,1248.0,44.0,-43.0,55.0,-98.0,,,-1.0,1292.0,-378.0,914.0,0.0,,,914.0,0.0,914.0,0.0,0.0,914.0,914.0,,4974.0,0.185,0.185,0.185,4974.0,0.185,0.185,0.185,
03/31/2002,4079.0,,-1394.0,,2685.0,,-1527.0,,,1158.0,-102.0,-12.0,46.0,-58.0,41.0,,73.0,1056.0,-324.0,732.0,926.0,,,-194.0,0.0,-194.0,0.0,0.0,-194.0,-194.0,124.25,4962.0,-0.04,0.145,0.17,4970.0,-0.04,0.145,0.17,
06/30/2002,5368.0,,-1927.0,,3441.0,,-1789.0,,,1652.0,115.0,6.0,58.0,-52.0,,,-121.0,1767.0,-477.0,1290.0,0.0,,,1290.0,0.0,1290.0,0.0,0.0,1290.0,1290.0,,4962.0,0.26,0.26,0.26,4976.0,0.26,0.26,0.26,
09/30/2002,5322.0,,-2083.0,,3239.0,,-1694.0,1694.0,0.0,1545.0,45.0,6.0,52.0,-46.0,,,-51.0,1590.0,-429.0,1161.0,0.0,,,1161.0,0.0,1161.0,0.0,0.0,1161.0,1161.0,,4958.0,0.235,0.235,0.24,4964.0,0.235,0.235,0.24,
12/31/2002,4795.0,,-1701.0,,3094.0,,-1804.0,,,1290.0,-17.0,-10.0,43.0,-53.0,,,27.0,1273.0,-343.0,930.0,0.0,,,930.0,0.0,930.0,0.0,0.0,930.0,930.0,,4948.0,0.19,0.19,0.19,4956.0,0.19,0.19,0.19,
03/31/2003,4502.0,,-1617.0,,2885.0,,-1650.0,,,1235.0,-112.0,-11.0,45.0,-56.0,,,123.0,1123.0,-288.0,835.0,,,,835.0,,835.0,,,835.0,835.0,,4938.0,0.17,0.17,0.17,4944.0,0.17,0.17,0.17,
06/30/2003,5695.0,,-2127.0,,3568.0,,-1896.0,,,1672.0,78.0,-2.0,43.0,-45.0,0.0,,-76.0,1750.0,-388.0,1362.0,0.0,,,1362.0,0.0,1362.0,0.0,0.0,1362.0,1362.0,,4926.0,0.275,0.275,0.275,4932.0,0.275,0.275,0.275,
09/30/2003,5671.0,,-2168.0,,3503.0,,-1997.0,1997.0,0.0,1506.0,-8.0,5.0,42.0,-37.0,,,3.0,1498.0,-275.0,1223.0,,,,1223.0,,1223.0,,,1223.0,1223.0,,4910.0,0.25,0.25,0.25,4916.0,0.25,0.25,0.25,
12/31/2003,5176.0,,-1850.0,,3326.0,,-1945.0,,,1381.0,-257.0,10.0,48.0,-38.0,0.0,,247.0,1124.0,-197.0,927.0,0.0,,,927.0,0.0,927.0,0.0,0.0,927.0,927.0,,4898.0,0.19,0.19,0.23,4904.0,0.19,0.19,0.23,
03/31/2004,5078.0,,-1753.0,,3325.0,,-1874.0,,,1451.0,61.0,9.0,44.0,-35.0,0.0,,-70.0,1512.0,-385.0,1127.0,0.0,,,1127.0,0.0,1127.0,0.0,0.0,1127.0,1127.0,,4880.0,0.23,0.23,0.23,4888.0,0.23,0.23,0.23,
06/30/2004,5914.0,,-2039.0,,3875.0,,-2072.0,,,1803.0,250.0,15.0,47.0,-32.0,0.0,,-265.0,2053.0,-469.0,1584.0,0.0,,,1584.0,0.0,1584.0,0.0,0.0,1584.0,1584.0,,4860.0,0.325,0.325,0.32,4868.0,0.325,0.325,0.32,
09/30/2004,5596.0,,-2061.0,,3535.0,,-2046.0,2121.0,-75.0,1489.0,-254.0,8.0,47.0,-39.0,0.0,,246.0,1235.0,-300.0,935.0,0.0,,,935.0,0.0,935.0,0.0,0.0,935.0,935.0,,4842.0,0.195,0.195,0.25,4848.0,0.195,0.195,0.25,
12/31/2004,5204.0,,-1813.0,,3391.0,,-2062.0,,,1329.0,93.0,,58.0,-51.0,0.0,,-100.0,1422.0,-221.0,1201.0,0.0,,,1201.0,0.0,1201.0,0.0,0.0,1201.0,1201.0,,4826.0,0.25,0.25,0.23,4830.0,0.25,0.25,0.23,
03/31/2005,5266.0,,-1809.0,,3457.0,,-2098.0,,,1359.0,89.0,8.0,68.0,-60.0,0.0,,-97.0,1448.0,-446.0,1002.0,0.0,,,1002.0,0.0,1002.0,0.0,0.0,1002.0,1002.0,,4818.0,0.21,0.21,0.235,4820.0,0.21,0.21,0.235,
07/01/2005,6310.0,,-2146.0,,4164.0,,-2192.0,2192.0,0.0,1972.0,244.0,8.0,62.0,-54.0,0.0,,-252.0,2216.0,-493.0,1723.0,0.0,,,1723.0,0.0,1723.0,0.0,0.0,1723.0,1723.0,,4798.0,0.36,0.36,0.34,4802.0,0.36,0.36,0.34,
09/30/2005,6037.0,,-2235.0,,3802.0,,-2225.0,,,1577.0,76.0,,49.0,-49.0,0.0,,-76.0,1653.0,-370.0,1283.0,0.0,,,1283.0,0.0,1283.0,0.0,0.0,1283.0,1283.0,85.0,4768.0,0.27,0.27,0.285,4770.0,0.27,0.27,0.285,
12/31/2005,5551.0,,-2005.0,,3546.0,,-2293.0,,,1262.0,116.0,,61.0,-72.0,0.0,,-105.0,1378.0,-509.0,864.0,0.0,,,869.0,0.0,864.0,0.0,0.0,864.0,864.0,,4750.0,0.18,0.18,0.23,4750.0,0.18,0.18,0.23,
03/31/2006,5226.0,,-1726.0,,3500.0,,-2060.0,,,1440.0,35.0,-7.0,63.0,-70.0,0.0,,-28.0,1475.0,-369.0,1106.0,0.0,,,1106.0,0.0,1106.0,0.0,0.0,1106.0,1106.0,38.0,4730.0,0.235,0.235,0.245,4732.0,0.235,0.235,0.245,
06/30/2006,6476.0,,-2110.0,,4366.0,,-2296.0,,,2070.0,321.0,16.0,63.0,-47.0,0.0,,-337.0,2391.0,-555.0,1836.0,0.0,,,1836.0,0.0,1836.0,0.0,0.0,1836.0,1836.0,-104.0,4700.0,0.39,0.39,0.37,4704.0,0.39,0.39,0.37,
09/29/2006,6454.0,,-2265.0,,4189.0,,-2488.0,,,1701.0,125.0,12.0,47.0,-35.0,0.0,,-137.0,1826.0,-366.0,1460.0,0.0,,,1460.0,0.0,1460.0,0.0,0.0,1460.0,1460.0,-7.92,4684.0,0.31,0.31,0.31,4686.0,0.31,0.31,0.31,
12/31/2006,5932.0,,-2059.0,,3873.0,,-2487.0,,,1386.0,-500.0,,47.0,-41.0,0.0,,494.0,886.0,-208.0,678.0,0.0,,,678.0,0.0,678.0,0.0,0.0,678.0,678.0,,4672.0,0.145,0.145,0.26,4682.0,0.145,0.145,0.26,
03/30/2007,6103.0,,-2145.0,,3958.0,,-2325.0,,,1633.0,96.0,34.0,71.0,-37.0,0.0,,-130.0,1729.0,-467.0,1262.0,0.0,,,1262.0,0.0,1262.0,0.0,0.0,1262.0,1262.0,28.0,4628.0,0.275,0.275,0.285,4642.0,0.27,0.27,0.28,
06/29/2007,7733.0,,-2730.0,,5003.0,,-2685.0,,,2318.0,90.0,48.0,102.0,-54.0,0.0,,-138.0,2408.0,-557.0,1851.0,0.0,,,1851.0,0.0,1851.0,0.0,0.0,1851.0,1851.0,130.0,4624.0,0.4,0.4,0.425,4652.0,0.4,0.4,0.425,
09/28/2007,7690.0,,-2881.0,,4809.0,,-2896.0,,,1913.0,200.0,68.0,127.0,-59.0,0.0,,-268.0,2113.0,-459.0,1654.0,0.0,,,1654.0,0.0,1654.0,0.0,0.0,1654.0,1654.0,8.0,4622.0,0.36,0.36,0.36,4662.0,0.355,0.355,0.355,
12/31/2007,7331.0,,-2641.0,,4690.0,0.0,-3039.0,3039.0,0.0,1651.0,-28.0,70.0,156.0,-86.0,0.0,-171.0,129.0,1623.0,-409.0,1214.0,0.0,,,1214.0,0.0,1214.0,0.0,0.0,1214.0,1214.0,,4628.0,0.26,0.26,0.29,4694.0,0.26,0.26,0.29,
03/28/2008,7379.0,,-2624.0,,4755.0,0.0,-2803.0,2803.0,0.0,1952.0,-4.0,52.0,117.0,-65.0,0.0,-137.0,89.0,1948.0,-448.0,1500.0,0.0,,,1500.0,0.0,1500.0,0.0,0.0,1500.0,1500.0,,4644.0,0.325,0.325,0.34,4702.0,0.32,0.32,0.335,
06/27/2008,9046.0,,-3162.0,,5884.0,0.0,-3108.0,3108.0,0.0,2776.0,-880.0,20.0,89.0,-69.0,0.0,843.0,17.0,1896.0,-474.0,1422.0,0.0,,,1422.0,0.0,1422.0,0.0,0.0,1422.0,1422.0,,4632.0,0.305,0.305,0.505,4686.0,0.305,0.305,0.505,
09/26/2008,8393.0,,-3020.0,,5373.0,,-3139.0,,,2234.0,211.0,6.0,111.0,-105.0,0.0,,-217.0,2445.0,-555.0,1890.0,0.0,,,1890.0,0.0,1890.0,0.0,0.0,1890.0,1890.0,,4622.0,0.41,0.41,0.42,4658.0,0.405,0.405,0.415,
12/31/2008,7126.0,,-2568.0,,4558.0,,-3074.0,,,1484.0,-334.0,27.0,121.0,-94.0,0.0,,307.0,1150.0,-155.0,995.0,0.0,,,995.0,0.0,995.0,0.0,0.0,995.0,995.0,,4624.0,0.215,0.215,0.32,4642.0,0.215,0.215,0.32,
04/03/2009,7169.0,7169.0,-2590.0,2590.0,4579.0,0.0,-2716.0,2624.0,92.0,1863.0,-48.0,25.0,85.0,-60.0,,-17.0,40.0,1815.0,-456.0,1359.0,0.0,0.0,0.0,1359.0,-11.0,1348.0,0.0,0.0,1348.0,1497.0,149.0,4626.0,0.29,0.29,0.323605,4638.0,0.29,0.29,0.322126,
07/03/2009,8267.0,8267.0,-2913.0,2913.0,5354.0,0.0,-2916.0,2844.0,72.0,2438.0,290.0,40.0,97.0,-57.0,,-310.0,-20.0,2728.0,-679.0,2049.0,0.0,0.0,0.0,2049.0,-12.0,2037.0,0.0,0.0,2037.0,2107.0,70.0,4626.0,0.44,0.44,0.455469,4646.0,0.44,0.44,0.455066,
10/02/2009,8044.0,8044.0,-2934.0,2934.0,5110.0,0.0,-2960.0,2912.0,48.0,2150.0,293.0,22.0,89.0,-67.0,,-282.0,-33.0,2443.0,-523.0,1920.0,0.0,0.0,0.0,1920.0,-24.0,1896.0,0.0,0.0,1896.0,1926.0,30.0,4632.0,0.41,0.41,0.415803,4664.0,0.405,0.405,0.411432,
12/31/2009,7510.0,7510.0,-2651.0,2651.0,4859.0,0.0,-3079.0,2978.0,101.0,1780.0,180.0,19.0,84.0,-65.0,,-172.0,-27.0,1960.0,-382.0,1578.0,0.0,0.0,0.0,1578.0,-35.0,1543.0,0.0,0.0,1543.0,1600.0,57.0,4684.0,0.33,0.33,0.341589,4684.0,0.33,0.33,0.341589,
04/02/2010,7525.0,7525.0,-2541.0,2541.0,4984.0,0.0,-2801.0,2705.0,96.0,2183.0,-4.0,25.0,85.0,-60.0,,-136.0,115.0,2179.0,-553.0,1626.0,0.0,0.0,0.0,1626.0,-12.0,1614.0,0.0,0.0,1614.0,1844.0,230.0,4608.0,0.35,0.35,0.400174,4654.0,0.345,0.345,0.39442,
07/02/2010,8674.0,8674.0,-2955.0,2955.0,5719.0,0.0,-2956.0,2878.0,78.0,2763.0,360.0,14.0,81.0,-67.0,,-356.0,-18.0,3123.0,-741.0,2382.0,0.0,0.0,0.0,2382.0,-13.0,2369.0,0.0,0.0,2369.0,2441.0,72.0,4612.0,0.515,0.515,0.529272,4650.0,0.51,0.51,0.525484,
10/01/2010,8426.0,8426.0,-2918.0,2918.0,5508.0,0.0,-3164.0,3064.0,100.0,2344.0,356.0,-13.0,80.0,-93.0,,-355.0,12.0,2700.0,-633.0,2067.0,0.0,0.0,0.0,2067.0,-12.0,2055.0,0.0,0.0,2055.0,2132.0,77.0,4620.0,0.445,0.445,0.461472,4672.0,0.44,0.44,0.456481,
12/31/2010,10494.0,10494.0,-4279.0,4279.0,6215.0,0.0,-5056.0,4511.0,545.0,1159.0,5082.0,390.0,487.0,-97.0,,-178.0,-5294.0,6241.0,-457.0,5784.0,0.0,0.0,0.0,5784.0,-13.0,5771.0,0.0,0.0,5771.0,11182.0,5411.0,4622.0,1.25,1.25,2.419299,4698.0,1.23,1.23,2.381766,
04/01/2011,10517.0,10517.0,-3948.0,3948.0,6569.0,0.0,-4285.0,4076.0,209.0,2284.0,232.0,19.0,113.0,-94.0,,-134.0,-117.0,2516.0,-600.0,1916.0,0.0,0.0,0.0,1916.0,-13.0,1903.0,0.0,0.0,1903.0,1994.0,91.0,4584.0,0.415,0.415,0.434991,4662.0,0.41,0.41,0.429519,
07/01/2011,12737.0,12737.0,-4989.0,4989.0,7748.0,0.0,-4569.0,4417.0,152.0,3179.0,620.0,-37.0,84.0,-121.0,,-221.0,-362.0,3799.0,-992.0,2807.0,0.0,0.0,0.0,2807.0,-7.0,2800.0,0.0,0.0,2800.0,2709.0,-91.0,4580.0,0.61,0.61,0.591484,4660.0,0.6,0.6,0.580472,
09/30/2011,12248.0,12248.0,-4875.0,4875.0,7373.0,0.0,-4619.0,4523.0,96.0,2754.0,173.0,-25.0,116.0,-141.0,,-180.0,32.0,2927.0,-681.0,2246.0,0.0,0.0,0.0,2246.0,-22.0,2224.0,0.0,0.0,2224.0,2405.0,181.0,4571.0,0.49,0.49,0.526143,4653.0,0.48,0.48,0.518899,
12/31/2011,11040.0,11040.0,-4403.0,4403.0,6637.0,0.0,-4681.0,4406.0,275.0,1956.0,260.0,-23.0,104.0,-127.0,,-155.0,-82.0,2216.0,-539.0,1677.0,0.0,0.0,0.0,1677.0,-20.0,1657.0,0.0,0.0,1657.0,1843.0,186.0,4536.0,0.37,0.37,0.406305,4611.0,0.36,0.36,0.400338,
03/30/2012,11137.0,11137.0,-4348.0,4348.0,6789.0,0.0,-4280.0,4181.0,99.0,2509.0,216.0,-27.0,88.0,-115.0,,-140.0,-49.0,2725.0,-658.0,2067.0,0.0,0.0,0.0,2067.0,-13.0,2054.0,0.0,-76.0,1978.0,1980.0,2.0,4525.0,0.45,0.45,0.437569,4525.0,0.45,0.45,0.437569,
06/29/2012,13085.0,13085.0,-5224.0,5224.0,7861.0,0.0,-4567.0,4497.0,70.0,3294.0,329.0,0.0,112.0,-112.0,,-245.0,-84.0,3623.0,-823.0,2800.0,0.0,0.0,0.0,2800.0,-12.0,2788.0,0.0,0.0,2788.0,2816.0,28.0,4511.0,0.62,0.62,0.624252,4592.0,0.61,0.61,0.616097,
09/28/2012,12340.0,12340.0,-4853.0,4853.0,7487.0,0.0,-4694.0,4630.0,64.0,2793.0,291.0,-16.0,102.0,-118.0,,-252.0,-23.0,3084.0,-755.0,2329.0,0.0,0.0,0.0,2329.0,-18.0,2311.0,0.0,0.0,2311.0,2324.0,13.0,4502.0,0.51,0.51,0.516215,4587.0,0.5,0.5,0.502834,
12/31/2012,11455.0,11455.0,-4628.0,4628.0,6827.0,0.0,-4644.0,4430.0,214.0,2183.0,194.0,-31.0,95.0,-126.0,345.0,-182.0,-326.0,2377.0,-487.0,1890.0,0.0,0.0,0.0,1890.0,-24.0,1866.0,0.0,0.0,1866.0,2171.0,305.0,4479.0,0.42,0.42,0.484706,4557.0,0.41,0.41,0.47693,
03/29/2013,11035.0,11035.0,-4324.0,4324.0,6711.0,0.0,-4303.0,4182.0,121.0,2408.0,-64.0,-14.0,102.0,-116.0,,-87.0,165.0,2344.0,-575.0,1769.0,0.0,0.0,0.0,1769.0,-18.0,1751.0,0.0,-75.0,1676.0,1990.0,314.0,4455.0,0.39,0.39,0.446689,4530.0,0.39,0.39,0.446689,
06/28/2013,12749.0,12749.0,-4989.0,4989.0,7760.0,0.0,-4517.0,4385.0,132.0,3243.0,282.0,-7.0,122.0,-129.0,,-246.0,-29.0,3525.0,-831.0,2694.0,0.0,0.0,0.0,2694.0,-18.0,2676.0,0.0,0.0,2676.0,2832.0,156.0,4446.0,0.6,0.6,0.636977,4527.0,0.59,0.59,0.62446,
09/27/2013,12030.0,12030.0,-4793.0,4793.0,7237.0,0.0,-4765.0,4424.0,341.0,2472.0,908.0,-46.0,90.0,-136.0,,-204.0,-658.0,3380.0,-925.0,2455.0,0.0,0.0,0.0,2455.0,-8.0,2447.0,0.0,-72.0,2375.0,2330.0,-45.0,4426.0,0.55,0.55,0.526435,4498.0,0.54,0.54,0.526435,
12/31/2013,11040.0,11040.0,-4315.0,4315.0,6725.0,0.0,-4620.0,4319.0,301.0,2105.0,123.0,-4.0,149.0,-153.0,,-65.0,-54.0,2228.0,-520.0,1708.0,0.0,0.0,0.0,1708.0,2.0,1710.0,0.0,0.0,1710.0,2072.0,362.0,4410.0,0.39,0.39,0.469841,4482.0,0.38,0.38,0.460768,
03/28/2014,10576.0,10576.0,-4083.0,4083.0,6493.0,0.0,-4117.0,3989.0,128.0,2376.0,-171.0,1.0,124.0,-123.0,,-71.0,241.0,2205.0,-579.0,1626.0,0.0,0.0,0.0,1626.0,-7.0,1619.0,0.0,-63.0,1556.0,1886.0,330.0,4401.0,0.37,0.37,0.428539,4464.0,0.36,0.36,0.428539,
06/27/2014,12574.0,12574.0,-4819.0,4819.0,7755.0,0.0,-4585.0,4384.0,201.0,3170.0,214.0,-37.0,107.0,-144.0,,-254.0,77.0,3384.0,-779.0,2605.0,0.0,0.0,0.0,2605.0,-10.0,2595.0,0.0,-63.0,2532.0,2764.0,232.0,4391.0,0.59,0.59,0.629469,4454.0,0.58,0.58,0.629469,
09/26/2014,11976.0,11976.0,-4630.0,4630.0,7346.0,0.0,-4635.0,4507.0,128.0,2711.0,-51.0,-56.0,113.0,-169.0,,-205.0,312.0,2660.0,-538.0,2122.0,0.0,0.0,0.0,2122.0,-8.0,2114.0,0.0,-62.0,2052.0,2316.45,264.45,4383.0,0.48,0.48,0.528508,4445.0,0.48,0.48,0.528508,
12/31/2014,10872.0,10872.0,-4357.0,4357.0,6515.0,0.0,-5064.0,4338.0,726.0,1451.0,-375.0,-19.0,139.0,-158.0,,-239.0,633.0,1076.0,-305.0,771.0,0.0,0.0,0.0,771.0,-1.0,770.0,0.0,0.0,770.0,1930.0,1160.0,4437.0,0.17,0.17,0.434979,4437.0,0.17,0.17,0.431438,
04/03/2015,10711.0,10711.0,-4103.0,4103.0,6608.0,0.0,-4312.0,4079.0,233.0,2296.0,-315.0,292.0,447.0,-155.0,,-2.0,25.0,1981.0,-415.0,1566.0,0.0,0.0,0.0,1566.0,-9.0,1557.0,0.0,-57.0,1500.0,2255.0,755.0,4365.0,0.36,0.36,0.516609,4422.0,0.35,0.35,0.516609,
07/03/2015,12156.0,12156.0,-4748.0,4748.0,7408.0,0.0,-4873.0,4204.0,669.0,2535.0,1826.0,-21.0,128.0,-149.0,-202.0,-200.0,-1403.0,4361.0,-1250.0,3111.0,0.0,0.0,0.0,3111.0,-3.0,3108.0,0.0,-53.0,3055.0,2728.0,-327.0,4355.0,0.71,0.71,0.626406,4408.0,0.71,0.71,0.626406,
10/02/2015,11427.0,11427.0,-4577.0,4577.0,6850.0,0.0,-4471.0,4207.0,264.0,2379.0,-654.0,-17.0,138.0,-155.0,,-200.0,871.0,1725.0,-272.0,1453.0,0.0,0.0,0.0,1453.0,-4.0,1449.0,0.0,0.0,1449.0,2234.0,785.0,4349.0,0.33,0.33,0.513681,4399.0,0.33,0.33,0.50845,
12/31/2015,10000.0,10000.0,-4054.0,4054.0,5946.0,0.0,-4428.0,3937.0,491.0,1518.0,20.0,-11.0,143.0,-154.0,,-87.0,78.0,1538.0,-302.0,1236.0,0.0,0.0,0.0,1236.0,1.0,1237.0,0.0,0.0,1237.0,1678.0,441.0,4336.0,0.29,0.29,0.386993,4390.0,0.28,0.28,0.380456,
04/01/2016,10282.0,10282.0,-4069.0,4069.0,6213.0,0.0,-4072.0,3761.0,311.0,2141.0,-247.0,-3.0,141.0,-144.0,,-92.0,342.0,1894.0,-401.0,1493.0,0.0,0.0,0.0,1493.0,-10.0,1483.0,0.0,0.0,1483.0,1992.0,509.0,4328.0,0.34,0.34,0.460259,4382.0,0.34,0.34,0.456157,
07/01/2016,11539.0,11539.0,-4471.0,4471.0,7068.0,0.0,-4209.0,3912.0,297.0,2859.0,1440.0,-2.0,162.0,-164.0,,-305.0,-1133.0,4299.0,-839.0,3460.0,0.0,0.0,0.0,3460.0,-12.0,3448.0,0.0,-54.0,3394.0,2565.0,-829.0,4323.0,0.8,0.8,0.593338,4377.0,0.79,0.79,0.593338,
09/30/2016,10633.0,10633.0,-4131.0,4131.0,6502.0,0.0,-4231.0,4009.0,222.0,2271.0,-843.0,18.0,182.0,-164.0,,-281.0,1106.0,1428.0,-378.0,1050.0,0.0,0.0,0.0,1050.0,-4.0,1046.0,0.0,0.0,1046.0,2150.0,1104.0,4315.0,0.24,0.24,0.498262,4364.0,0.24,0.24,0.492979,
12/31/2016,9409.0,9409.0,-3794.0,3794.0,5615.0,0.0,-4260.0,3580.0,680.0,1355.0,-840.0,78.0,248.0,-170.0,,-157.0,919.0,515.0,32.0,547.0,0.0,0.0,0.0,547.0,3.0,550.0,0.0,0.0,550.0,1593.0,1043.0,4303.0,0.13,0.13,0.370207,4345.0,0.13,0.13,0.370046,
03/31/2017,9118.0,9118.0,-3513.0,3513.0,5605.0,0.0,-3642.0,3352.0,290.0,1963.0,-456.0,37.0,192.0,-155.0,,-116.0,535.0,1507.0,-323.0,1184.0,0.0,0.0,0.0,1184.0,-2.0,1182.0,0.0,0.0,1182.0,1879.0,697.0,4287.0,0.28,0.28,0.438302,4334.0,0.27,0.27,0.430821,
06/30/2017,9702.0,9702.0,-3659.0,3659.0,6043.0,0.0,-4006.0,3180.0,826.0,2037.0,587.0,66.0,231.0,-165.0,,-409.0,-244.0,2624.0,-1252.0,1372.0,0.0,0.0,0.0,1372.0,-1.0,1371.0,0.0,0.0,1371.0,2991.9,1620.9,4273.0,0.32,0.32,0.700187,4327.0,0.32,0.32,0.694601,
09/29/2017,9078.0,9078.0,-3394.0,3394.0,5684.0,0.0,-3439.0,3245.0,194.0,2245.0,-571.0,33.0,208.0,-175.0,,-358.0,896.0,1674.0,-230.0,1444.0,0.0,0.0,0.0,1444.0,3.0,1447.0,0.0,0.0,1447.0,2176.0,729.0,4266.0,0.34,0.34,0.51008,4320.0,0.33,0.33,0.49875,
12/31/2017,8314.0,8314.0,-3155.0,3155.0,5159.0,0.0,-3649.0,3057.0,592.0,1510.0,-425.0,38.0,222.0,-184.0,,-189.0,576.0,1085.0,-3802.0,-2717.0,0.0,0.0,0.0,-2717.0,-35.0,-2752.0,0.0,0.0,-2752.0,1740.0,4492.0,4261.0,-0.65,-0.65,0.408355,4261.0,-0.65,-0.65,0.404213,
03/30/2018,8298.0,8298.0,-3076.0,3076.0,5222.0,0.0,-3275.0,2739.0,536.0,1947.0,-2.0,70.0,236.0,-166.0,,-141.0,73.0,1945.0,-545.0,1400.0,0.0,0.0,0.0,1400.0,-32.0,1368.0,0.0,0.0,1368.0,2064.0,696.0,4265.0,0.32,0.32,0.483939,4306.0,0.32,0.32,0.481635,
06/29/2018,9421.0,9421.0,-3543.0,3543.0,5878.0,0.0,-3112.0,2887.0,225.0,2766.0,176.0,74.0,247.0,-173.0,,-324.0,74.0,2942.0,-611.0,2331.0,0.0,0.0,0.0,2331.0,-15.0,2316.0,0.0,0.0,2316.0,2634.0,318.0,4255.0,0.54,0.54,0.619036,4290.0,0.54,0.54,0.614126,
09/28/2018,8775.0,8775.0,-3346.0,3346.0,5429.0,0.0,-2815.0,2660.0,155.0,2614.0,-241.0,43.0,214.0,-171.0,,-348.0,546.0,2373.0,-555.0,1818.0,0.0,0.0,0.0,1818.0,62.0,1880.0,0.0,0.0,1880.0,2507.0,627.0,4255.0,0.44,0.44,0.589189,4295.0,0.44,0.44,0.585984,
12/31/2018,7806.0,7806.0,-3102.0,3102.0,4704.0,0.0,-2879.0,2716.0,163.0,1825.0,-860.0,74.0,253.0,-179.0,,-195.0,981.0,965.0,-38.0,927.0,0.0,0.0,0.0,927.0,-57.0,870.0,0.0,0.0,870.0,1920.0,1050.0,4262.0,0.2,0.2,0.450493,4304.0,0.2,0.2,0.443959,
03/29/2019,8694.0,8694.0,-3365.0,3365.0,5329.0,0.0,-2894.0,2767.0,127.0,2435.0,-210.0,112.0,245.0,-133.0,,-133.0,231.0,2225.0,-522.0,1703.0,0.0,0.0,0.0,1703.0,-25.0,1678.0,0.0,0.0,1678.0,2047.0,369.0,4271.0,0.39,0.39,0.479279,4306.0,0.39,0.39,0.475694,
06/28/2019,9997.0,9997.0,-3921.0,3921.0,6076.0,0.0,-3088.0,2996.0,92.0,2988.0,61.0,94.0,236.0,-142.0,,-329.0,174.0,3049.0,-421.0,2628.0,0.0,0.0,0.0,2628.0,-21.0,2607.0,0.0,0.0,2607.0,2742.0,135.0,4269.0,0.61,0.61,0.642305,4305.0,0.61,0.61,0.641359,
09/27/2019,9507.0,9507.0,-3767.0,3767.0,5740.0,0.0,-3241.0,3116.0,125.0,2499.0,593.0,77.0,230.0,-153.0,,-346.0,-324.0,3092.0,-503.0,2589.0,0.0,0.0,0.0,2589.0,4.0,2593.0,0.0,0.0,2593.0,2435.0,-158.0,4280.0,0.61,0.61,0.568925,4321.0,0.6,0.6,0.563434,
12/31/2019,9068.0,9068.0,-3566.0,3566.0,5502.0,0.0,-3338.0,3224.0,114.0,2164.0,256.0,100.0,235.0,-135.0,,-241.0,-115.0,2420.0,-355.0,2065.0,0.0,0.0,0.0,2065.0,-23.0,2042.0,0.0,0.0,2042.0,1981.0,-61.0,4282.0,0.48,0.48,0.462634,4322.0,0.47,0.47,0.455886,
03/27/2020,8601.0,8601.0,-3371.0,3371.0,5230.0,0.0,-2850.0,2648.0,202.0,2380.0,630.0,81.0,193.0,-112.0,,-167.0,-544.0,3010.0,-215.0,2795.0,0.0,0.0,0.0,2795.0,-20.0,2775.0,0.0,0.0,2775.0,2213.0,-562.0,4289.0,0.65,0.65,0.515971,4325.0,0.64,0.64,0.510058,
06/26/2020,7150.0,7150.0,-3013.0,3013.0,4137.0,0.0,-2156.0,1983.0,173.0,1981.0,216.0,174.0,274.0,-100.0,,-176.0,-214.0,2197.0,-438.0,1759.0,0.0,0.0,0.0,1759.0,20.0,1779.0,0.0,0.0,1779.0,1808.702703,29.702703,4295.0,0.41,0.41,0.421118,4316.0,0.41,0.41,0.416882,
09/30/2020,8352.692,,,,4917.48036116,,,,,2307.636,,,,,,,,2447.7,,1983.917,,,,,,1983.917,,,1983.917,1983.917,,,0.462,0.462,0.464,,0.462,0.462,0.464,
12/31/2020,8626.077,,,,5150.45805516,,,,,2177.636,,,,,,,,2227.1,,1792.583,,,,,,1792.583,,,1792.583,1792.583,,,0.42,0.42,0.419,,0.42,0.42,0.419,
