Date,Revenue,Sales & Services Revenue,Other Revenue,Cost of Revenue,Cost of Goods & Services,Gross Profit,Other Operating Income,Operating Expenses,"Selling, General & Admin",Research & Development,Other Operating Expense,Operating Income (Loss),Non-Operating (Income) Loss,"Interest Expense, Net",Interest Expense,Interest Income,Foreign Exch (Gain) Loss,(Income) Loss from Affiliates,Other Non-Op (Income) Loss,Pretax Income,Income Tax Expense (Benefit),Income (Loss) from Cont Ops,Net Extraordinary Losses (Gains),Discontinued Operations,XO & Accounting Changes,Income (Loss) Incl. MI,Minority Interest,"Net Income, GAAP",Preferred Dividends,Other Adjustments,"Net Income Avail to Common, GAAP","Net Income Avail to Common, Adj",Net Abnormal Losses (Gains),Basic Weighted Avg Shares,"Basic EPS, GAAP",Basic EPS from Cont Ops,"Basic EPS from Cont Ops, Adjusted",Diluted Weighted Avg Shares,"Diluted EPS, GAAP",Diluted EPS from Cont Ops,"Diluted EPS from Cont Ops, Adjusted",Source: Bloomberg
09/30/1988,5029,,,,,,,,,,,,,,,,,,,,,,,,,,,435,,,435,435.0,,322.221985,1.35,1.35,1.35,322.221985,1.35,1.35,1.35,
12/25/1988,4543,,,,,,,,,,,,,,,,,,,,,,,,,,,312,,,312,312.0,,325.0,0.96,0.96,0.96,325.0,0.96,0.96,0.96,
03/31/1989,3900,,,,,,,,,,,,,,,,,,,,,,,,,,,200,,,200,200.0,,322.580994,0.62,0.62,0.62,322.580994,0.62,0.62,0.62,
06/30/1989,4500,,,,,,,,,,,,,,,,,,,,,,,,,,,60,,,60,60.0,,333.333008,0.18,0.18,0.18,333.333008,0.18,0.18,0.18,
09/30/1989,5112,,,,,,,,,,,,,,,,,,,,,,,,,,,329,,,329,329.0,,322.549011,1.02,1.02,1.02,322.549011,1.02,1.02,1.02,
12/31/1989,4886,,,,,,,,,,,,,,,,,,,,,,0.0,,,,,-60,,,-60,-60.0,,324.299988,-0.19,-0.19,,324.299988,-0.19,-0.19,-0.19,
03/31/1990,4111,,,-2478.0,,1633.0,,-1135.0,,,,498.0,-155.0,,209.0,,,,-54.0,343.0,-144.0,199.0,0.0,,,199.0,,199,0.0,,199,199.0,,324.399994,0.61,0.61,,324.399994,0.61,0.61,0.61,
06/30/1990,4872,,,-2763.0,,2109.0,,-1265.0,,,,844.0,-182.0,,221.0,,,,-39.0,662.0,-278.0,384.0,0.0,,,384.0,,384,0.0,,384,384.0,,324.399994,1.19,1.19,,324.399994,1.19,1.19,1.19,
09/30/1990,4774,,,-2701.0,,2073.0,,-1238.0,,,,835.0,-1113.0,,209.0,,,,904.0,-278.0,72.0,-206.0,0.0,,,-206.0,,-206,0.0,,-206,-206.0,,324.399994,-0.64,-0.64,,324.399994,-0.64,-0.64,-0.64,
12/31/1990,5151,,,-1695.0,,3456.0,,-3677.0,,,,-221.0,751.0,,173.0,,,,-924.0,530.0,-204.0,326.0,0.0,,,326.0,,326,0.0,,326,326.0,,324.55249,1.01,1.01,1.01,324.55249,1.01,1.01,1.01,
03/31/1991,4422,,,-2602.0,,1820.0,,-1364.0,,,,456.0,-161.0,,202.0,,,,-41.0,295.0,-117.0,178.0,0.0,,,178.0,,178,0.0,,178,178.0,,324.399994,0.55,0.55,,324.399994,0.55,0.55,0.55,
06/30/1991,4989,,,-2880.0,,2109.0,,-1355.0,,,,754.0,-171.0,,198.0,,,,-27.0,583.0,-226.0,357.0,0.0,,,357.0,,357,0.0,,357,357.0,,324.5,1.1,1.1,,324.5,1.1,1.1,1.1,
09/30/1991,4926,,,-2868.0,,2058.0,,-2061.0,,,,-3.0,-213.0,,210.0,,,,3.0,-216.0,98.0,-118.0,0.0,,,-118.0,,-118,0.0,,-118,-118.0,,324.700012,-0.37,-0.37,,324.700012,-0.37,-0.37,-0.37,
12/31/1991,5082,,,-1635.0,,3447.0,,-3884.0,,,,-437.0,-214.0,,209.0,,,,5.0,-651.0,251.0,-400.0,0.0,,,-400.0,,-400,0.0,,-400,-400.0,,324.816498,-1.23,-1.23,-1.23,324.816498,-1.23,-1.23,-1.23,
03/31/1992,3524,,,-1714.0,,1810.0,,-1735.0,,,,75.0,96.0,,181.0,,,,-277.0,171.0,-95.0,76.0,-221.0,,,297.0,,297,0.0,,297,297.0,,352.0,0.88,0.24,,352.0,0.88,0.24,0.24,
06/30/1992,4287,,,-2056.0,,2231.0,,-1628.0,,,,603.0,-116.0,,182.0,,,,-66.0,487.0,-208.0,279.0,-82.0,,,361.0,,361,0.0,,361,361.0,,325.0,1.11,0.86,,325.0,1.11,0.86,0.86,
09/30/1992,4251,,,-2028.0,,2223.0,,-1670.0,,,,553.0,-355.0,,173.0,,,,182.0,198.0,-77.0,121.0,-68.0,,,189.0,,189,0.0,,189,189.0,,325.100006,0.58,0.37,,325.100006,0.58,0.37,0.37,
12/31/1992,4483,,,-2220.0,,2263.0,,-1666.0,,,,597.0,-235.0,,177.0,,,,58.0,362.0,-111.0,251.0,-48.0,,,299.0,,299,0.0,,299,299.0,,325.899994,0.92,0.77,0.77,325.899994,0.92,0.77,0.77,
03/31/1993,2668,,,-1419.0,,1249.0,,-984.0,,,,265.0,-23.0,,51.0,,,,-28.0,242.0,-94.0,148.0,2167.0,,,-2019.0,,-2019,0.0,,-2019,-2019.0,,326.700012,-6.18,0.45,,326.700012,-6.18,0.45,0.45,
06/30/1993,3353,,,-1644.0,,1709.0,,-1103.0,,,,606.0,-33.0,,53.0,,,,-20.0,573.0,-223.0,350.0,-21.0,,,371.0,,371,0.0,,371,371.0,,327.799988,1.13,1.07,,327.799988,1.13,1.07,1.07,
09/30/1993,3160,,,-1625.0,,1535.0,,-1060.0,,,,475.0,-550.0,,41.0,,,,509.0,-75.0,1.0,-74.0,-6.0,,,-68.0,,-68,0.0,,-68,-68.0,,328.700012,-0.21,-0.23,,328.700012,-0.21,-0.23,-0.23,
12/31/1993,3489,,,-1966.0,,1523.0,,-1137.0,,,,386.0,-49.0,,30.0,,,,19.0,337.0,-117.0,220.0,19.0,,,201.0,,201,0.0,,201,201.0,,328.5,0.61,0.67,0.67,328.5,0.61,0.67,0.67,
03/31/1994,2755,,,-1470.0,,1285.0,,-951.0,,,,334.0,-104.0,,57.0,,,,47.0,230.0,-85.0,145.0,63.0,,,82.0,,82,0.0,,82,82.0,,330.700012,0.25,0.44,,330.700012,0.25,0.44,0.44,
06/30/1994,3425,,,-1782.0,,1643.0,,-1155.0,,,,488.0,-21.0,,28.0,,,,-7.0,467.0,-172.0,295.0,31.0,,,264.0,,264,0.0,,264,264.0,,332.799988,0.79,0.88,,332.799988,0.79,0.88,0.88,
09/30/1994,3529,,,-1967.0,,1562.0,,-1193.0,,,,369.0,-51.0,,28.0,,,,23.0,318.0,-125.0,193.0,0.0,,,193.0,,193,0.0,,193,193.0,,339.399994,0.57,0.57,,339.399994,0.57,0.57,0.57,
12/31/1994,3848,,,-2106.0,,1742.0,,-1271.0,,,,471.0,-484.0,,29.0,,,,455.0,-13.0,-66.0,-79.0,-97.0,,,18.0,,18,0.0,,18,18.0,,337.549988,0.05,-0.23,,337.549988,0.05,-0.23,-0.23,
03/31/1995,3137,,,-1613.0,,1524.0,,-1114.0,,,,410.0,5.0,,19.0,,,,-24.0,415.0,-153.0,262.0,0.0,,,262.0,,262,0.0,,262,262.0,,340.0,0.77,0.77,0.77,340.0,0.77,0.77,0.77,
06/30/1995,3938,,,-2030.0,,1908.0,,-1331.0,,,,577.0,22.0,,19.0,,,,-41.0,599.0,-222.0,377.0,0.0,,,377.0,,377,0.0,,377,377.0,,375.0,1.11,1.11,1.11,375.0,1.11,1.11,1.11,
09/30/1995,3813,,,-1987.0,,1826.0,,-1281.0,,,,545.0,-33.0,,20.0,,,,13.0,512.0,-174.0,338.0,0.0,,,338.0,,338,0.0,,338,338.0,,342.0,0.99,0.99,0.99,342.0,0.99,0.99,0.99,
12/31/1995,4092,,,-2332.0,,1760.0,,-1367.0,,,,393.0,7.0,,20.0,,,,-27.0,400.0,-125.0,275.0,0.0,,,275.0,,275,0.0,,275,275.0,,343.75,0.8,0.8,0.8,343.75,0.8,0.8,0.8,
03/31/1996,3388,,,-1776.0,,1612.0,,-1212.0,,,,400.0,21.0,,18.0,,,,-39.0,421.0,-147.0,274.0,0.0,,,274.0,,274,0.0,,274,274.0,,343.399994,0.8,0.8,0.8,349.0,0.78,0.78,0.78,
06/30/1996,4117,,,-2100.0,,2017.0,,-1384.0,,,,633.0,27.0,,21.0,,,,-48.0,660.0,-220.0,440.0,0.0,,,440.0,,440,0.0,,440,440.0,,338.200012,1.3,1.3,1.3,344.0,1.28,1.28,1.28,
09/30/1996,4149,,,-2152.0,,1997.0,,-1371.0,,,,626.0,-4.0,,20.0,,,,-16.0,622.0,-212.0,410.0,0.0,,,410.0,,410,0.0,,410,410.0,,335.399994,1.22,1.22,1.22,340.899994,1.2,1.2,1.2,
12/31/1996,4314,,,-2298.0,,2016.0,,-1471.0,,,,545.0,-692.0,,24.0,,,,668.0,-147.0,34.0,-113.0,-277.0,,,164.0,,164,0.0,,164,164.0,,332.899994,0.49,-0.34,1.19,332.899994,0.49,-0.34,1.19,
03/31/1997,3133,,,-1643.0,,1490.0,,-1292.0,,,,198.0,27.0,,22.0,,,,-49.0,225.0,-76.0,149.0,0.0,,,149.0,0.0,149,0.0,,149,149.0,,332.399994,0.45,0.45,0.82,338.200012,0.44,0.44,0.8,
06/30/1997,3853,,,-2015.0,,1838.0,,-1287.0,,,,551.0,7.0,,21.0,,,,-28.0,558.0,-190.0,368.0,0.0,,,368.0,0.0,368,0.0,,368,368.0,,327.399994,1.12,1.12,1.12,332.600006,1.11,1.11,1.11,
09/30/1997,3773,,,-2045.0,,1728.0,,-1294.0,,,,434.0,-82.0,,26.0,,,,56.0,352.0,-120.0,232.0,0.0,,,232.0,0.0,232,0.0,,232,232.0,,325.200012,0.71,0.71,0.8,329.100006,0.71,0.71,0.8,
12/31/1997,3779,,,-2276.0,,1503.0,,-1083.0,,,,420.0,-1502.0,,29.0,,,,1473.0,-1082.0,338.0,-744.0,0.0,,,-744.0,0.0,-744,0.0,,-744,-744.0,,324.5,-2.29,-2.29,0.76,324.5,-2.29,-2.29,0.76,
03/31/1998,2911,,,-1585.0,,1326.0,,-976.0,,,,350.0,-9.0,,24.0,,,,-15.0,341.0,-116.0,225.0,0.0,,,225.0,0.0,225,0.0,,225,225.0,,323.0,0.7,0.7,0.74,326.399994,0.69,0.69,0.73,
06/30/1998,3541,,,-1828.0,,1713.0,,-1058.0,,,,655.0,95.0,,40.0,,,,-135.0,750.0,-255.0,495.0,0.0,,,495.0,0.0,495,0.0,,495,495.0,,323.0,1.53,1.53,1.4,327.200012,1.51,1.51,1.38,
09/30/1998,3391,,,-1780.0,,1611.0,,-985.0,,,,626.0,-23.0,,32.0,,,,-9.0,603.0,-205.0,398.0,0.0,,,398.0,0.0,398,0.0,,398,398.0,,323.899994,1.23,1.23,1.23,329.899994,1.21,1.21,1.21,
12/31/1998,3563,,,-2100.0,,1463.0,,-1206.0,,,,257.0,155.0,,14.0,,,,-169.0,412.0,-140.0,272.0,0.0,,,272.0,0.0,272,0.0,,272,272.0,,323.200012,0.84,0.84,1.06,327.799988,0.83,0.83,1.05,
03/31/1999,3100,,,-1869.0,,1231.0,,-953.0,,,,278.0,11.0,30.0,30.0,,,,-41.0,289.0,-98.0,191.0,0.0,,,191.0,,191,0.0,,191,191.0,,322.200012,0.59,0.59,0.8,325.200012,0.59,0.59,0.8,
06/30/1999,3610,,,-1886.0,,1724.0,,-1008.0,,,,716.0,29.0,38.0,38.0,,,,-67.0,745.0,-254.0,491.0,0.0,,,491.0,,491,0.0,,491,491.0,,319.100006,1.54,1.54,1.54,323.0,1.52,1.52,1.52,
09/30/1999,3580,,,-2087.0,,1493.0,,-1116.0,,,,377.0,-22.0,,39.0,,,,-17.0,355.0,-120.0,235.0,0.0,,,235.0,,235,0.0,,235,235.0,,316.200012,0.74,0.74,1.47,320.299988,0.73,0.73,1.45,
12/31/1999,3799,,,-2145.0,,1654.0,,-1035.0,,,,619.0,101.0,28.0,35.0,-7.0,,,-129.0,720.0,-245.0,475.0,0.0,,,475.0,,475,0.0,,475,475.0,,314.700012,1.51,1.51,1.28,317.399994,1.5,1.5,1.27,
03/31/2000,3095,,,-1756.0,,1339.0,,-883.0,,,,456.0,-18.0,37.0,37.0,,,,-19.0,438.0,-149.0,289.0,0.0,,,289.0,,289,0.0,0.0,289,289.0,,310.200012,0.93,0.93,0.95,312.299988,0.93,0.93,0.95,
06/30/2000,3749,,,-2043.0,,1706.0,,-960.0,,,,746.0,20.0,42.0,42.0,,,,-62.0,766.0,-260.0,506.0,0.0,,,506.0,,506,0.0,0.0,506,506.0,,309.700012,1.63,1.63,1.66,311.799988,1.62,1.62,1.65,
09/30/2000,3590,,,-1987.0,,1603.0,,-943.0,,,,660.0,-26.0,48.0,48.0,,,,-22.0,634.0,-216.0,418.0,0.0,,,418.0,,418,0.0,0.0,418,418.0,,305.399994,1.37,1.37,1.41,307.700012,1.36,1.36,1.4,
12/31/2000,3560,,,-2233.0,,1327.0,,-975.0,,,,352.0,-58.0,,51.0,,,,7.0,294.0,-100.0,194.0,0.0,,,194.0,,194,0.0,0.0,194,194.0,,294.399994,0.66,0.66,0.68,294.700012,0.66,0.66,0.68,
03/31/2001,2975,,,-1908.0,,1067.0,,-805.0,,,,262.0,-38.0,,61.0,,,,-23.0,224.0,-74.0,150.0,0.0,,,150.0,,150,0.0,0.0,150,150.0,,290.100006,0.52,0.52,0.54,290.5,0.52,0.52,0.54,
06/30/2001,3591,,,-2252.0,,1339.0,,-853.0,,,,486.0,-399.0,,58.0,,,,341.0,87.0,-49.0,38.0,2.0,,,36.0,,36,0.0,0.0,36,36.0,,290.5,0.12,0.13,1.12,291.299988,0.12,0.13,1.12,
09/30/2001,3305,,,-2171.0,,1134.0,,-897.0,,,,237.0,-104.0,,52.0,,,,52.0,133.0,-36.0,97.0,1.0,,,96.0,,96,0.0,0.0,96,96.0,,290.899994,0.33,0.33,0.52,291.299988,0.33,0.33,0.52,
12/31/2001,3358,,,-2330.0,,1028.0,,-1009.0,,,,19.0,-350.0,48.0,48.0,,,,302.0,-331.0,127.0,-204.0,2.0,,,-206.0,,-206,0.0,0.0,-206,-206.0,,290.9,-0.71,-0.7,0.13,291.1,-0.71,-0.7,0.13,
03/31/2002,2706,,,-1846.0,,860.0,,-727.0,,,,133.0,-75.0,44.0,44.0,,,,31.0,58.0,-17.0,41.0,2.0,,,39.0,,39,0.0,0.0,39,39.0,,291.299805,0.13,0.14,0.14,291.299805,0.13,0.14,0.14,
06/30/2002,3336,,,-2082.0,,1254.0,,-848.0,,,,406.0,-66.0,44.0,44.0,,,,22.0,340.0,-54.0,286.0,2.0,,,284.0,,284,0.0,0.0,284,284.0,,291.700012,0.97,0.98,0.86,291.799805,0.97,0.98,0.86,
09/30/2002,3352,,,-2062.0,,1290.0,,-820.0,,,,470.0,-52.0,40.0,40.0,,,,12.0,418.0,-82.0,336.0,2.0,,,334.0,,334,0.0,0.0,334,334.0,,291.799988,1.15,1.16,1.06,291.799988,1.15,1.16,1.06,
12/31/2002,3441,,,-2235.0,,1206.0,,-898.0,,,,308.0,-175.0,,45.0,,,,130.0,133.0,-3.0,130.0,17.0,,,113.0,,113,,0.0,113,113.0,,291.0,0.39,0.45,0.65,291.899902,0.39,0.45,0.65,
03/31/2003,2639,,,-1839.0,,800.0,,-756.0,,,,44.0,-90.0,,37.0,,,,53.0,-46.0,28.0,-18.0,-23.0,,,5.0,,5,0.0,0.0,5,5.0,,286.299988,0.02,-0.06,0.09,286.600006,0.02,-0.06,0.09,
06/30/2003,3259,,,-2163.0,,1096.0,0.0,-885.0,707.0,,178.0,211.0,-87.0,,34.0,,,,53.0,124.0,-18.0,106.0,-6.0,,,112.0,,112,,0.0,112,112.0,,286.5,0.39,0.37,0.4698,286.6,0.39,0.37,0.4697,
09/30/2003,3346,,,-2241.0,,1105.0,0.0,-822.0,630.0,,192.0,283.0,-194.0,,33.0,,,,161.0,89.0,26.0,115.0,-7.0,,,122.0,,122,0.0,0.0,122,122.0,,286.5,0.42,0.42,0.764,286.6,0.42,0.42,0.764,
12/31/2003,3645,,,-2492.0,,1153.0,,-942.0,,,,211.0,-306.0,,43.0,,,,263.0,-95.0,49.0,-46.0,-30.0,,,-16.0,,-16,0.0,0.0,-16,-16.0,,286.600006,-0.06,-0.16,0.51,286.600006,-0.06,-0.16,0.51,
03/31/2004,2920,,,-2113.0,,807.0,,-752.0,,,,55.0,-95.0,,44.0,,,,51.0,-40.0,48.0,8.0,-13.0,,,21.0,,21,0.0,0.0,21,21.0,,286.600006,0.07,0.03,0.23,287.0,0.07,0.03,0.23,
06/30/2004,3469,,,-2354.0,,1115.0,0.0,-825.0,613.0,,212.0,290.0,-171.0,,43.0,,,,128.0,119.0,24.0,143.0,-11.0,,,154.0,,154,,0.0,154,154.0,,286.6,0.54,0.5,0.806,286.6,0.54,0.5,0.806,
09/30/2004,3374,,,-2296.0,,1078.0,,-848.0,,,,230.0,-246.0,43.0,43.0,,,,203.0,-16.0,28.0,12.0,-446.0,,,458.0,0.0,458,0.0,0.0,458,458.0,,286.600006,1.6,0.04,0.67,286.700012,1.6,0.04,0.67,
12/31/2004,3759,,,-2776.0,,983.0,,-886.0,,,,97.0,-186.0,,38.0,,,,148.0,-89.0,31.0,-58.0,1.0,,,-59.0,,-59,0.0,0.0,-59,-59.0,,286.7,-0.2,-0.2,0.68,286.7,-0.2,-0.2,0.68,
03/31/2005,2832,,,-2141.0,,691.0,,-777.0,,,,-86.0,-118.0,38.0,38.0,,0.0,,80.0,-204.0,57.0,-147.0,-1.0,,,-146.0,,-146,0.0,0.0,-146,-146.0,,286.899994,-0.51,-0.51,0.01,286.899994,-0.51,-0.51,0.01,
06/30/2005,3686,,,-2648.0,,1038.0,,-922.0,,,,116.0,-339.0,49.0,49.0,,0.0,,290.0,-223.0,68.0,-155.0,0.0,,,-155.0,0.0,-155,0.0,0.0,-155,-155.0,,287.100006,-0.54,-0.54,0.53,287.100006,-0.54,-0.54,0.53,
09/30/2005,3553,,,-2631.0,,922.0,,-882.0,,,,40.0,-229.0,57.0,57.0,,0.0,,172.0,-189.0,-726.0,-915.0,-1.0,,,-914.0,0.0,-914,0.0,0.0,-914,-914.0,,287.200012,-3.18,-3.19,0.17,287.200012,-3.18,-3.19,0.17,
12/31/2005,4197,,,-3230.0,,967.0,,-979.0,,,,-12.0,-175.0,,67.0,,31.0,,77.0,-187.0,46.0,-141.0,-91.0,,,-50.0,4.0,-46,0.0,0.0,-46,-46.0,,287.200012,-0.16,-0.48,0.54,287.200012,-0.16,-0.48,0.54,
03/31/2006,2292,,,-1823.0,,469.0,,-655.0,,,,-186.0,-152.0,,41.0,,0.0,,111.0,-338.0,-8.0,-346.0,-48.0,,,-298.0,0.0,-298,0.0,0.0,-298,-298.0,,287.200012,-1.04,-1.21,-0.55,287.200012,-1.04,-1.21,-0.55,
06/30/2006,2688,,,-2113.0,,575.0,,-670.0,,,,-95.0,-199.0,43.0,43.0,,0.0,,156.0,-294.0,-61.0,-355.0,-73.0,,,-282.0,0.0,-282,0.0,0.0,-282,-282.0,,287.299988,-0.98,-1.24,-0.52,287.299988,-0.98,-1.24,-0.52,
09/30/2006,2595,,,-1944.0,,651.0,,-554.0,,,,97.0,-150.0,51.0,51.0,,0.0,,99.0,-53.0,-30.0,-83.0,-46.0,,,-37.0,0.0,-37,0.0,0.0,-37,-37.0,,287.200012,-0.13,-0.29,0.19,287.200012,-0.13,-0.29,0.19,
12/31/2006,3106,,,-2366.0,,740.0,,-592.0,,,,148.0,-37.0,,37.0,,1.0,,-1.0,111.0,-126.0,-15.0,-31.0,,,16.0,0.0,16,0.0,0.0,16,16.0,,287.3,0.06,-0.05,0.5,287.3,0.06,-0.05,0.5,
03/31/2007,2080,,,-1652.0,,428.0,,-529.0,,,,-101.0,-92.0,,25.0,,0.0,,67.0,-193.0,18.0,-175.0,-24.0,,,-151.0,0.0,-151,0.0,0.0,-151,-151.0,,287.299988,-0.53,-0.61,-0.28,287.299988,-0.53,-0.61,-0.28,
06/30/2007,2468,,,-1824.0,,644.0,,-538.0,,,,106.0,-303.0,31.0,31.0,,0.0,,272.0,-197.0,43.0,-154.0,-729.0,,,575.0,0.0,575,0.0,-8.0,567,567.0,,287.600006,2.0,-0.53,0.5,287.600006,2.0,-0.53,0.5,
09/30/2007,2533,,,-1856.0,,677.0,,-562.0,,,,115.0,-90.0,28.0,28.0,,0.0,,62.0,25.0,7.0,32.0,-5.0,,,37.0,0.0,37,0.0,0.0,37,37.0,,287.799988,0.13,0.11,0.46,288.600006,0.13,0.11,0.46,
12/31/2007,3220,,,-2425.0,,795.0,,-602.0,,,,193.0,-84.0,,29.0,,-2.0,,57.0,109.0,-17.0,92.0,-123.0,,,215.0,0.0,215,0.0,0.0,215,215.0,,286.7,0.75,0.32,0.42,302.8,0.71,0.31,0.4,
03/31/2008,2093,,,-1669.0,,424.0,,-515.0,,,,-91.0,17.0,,28.0,,0.0,,-45.0,-74.0,-40.0,-114.0,1.0,,,-115.0,0.0,-115,0.0,0.0,-115,-115.0,,288.100006,-0.4,-0.4,-0.39,288.100006,-0.4,-0.4,-0.39,
06/30/2008,2485,,,-1899.0,,586.0,0.0,-586.0,438.0,,148.0,0.0,-33.0,,26.0,,,,7.0,-33.0,213.0,180.0,-295.0,,,475.0,0.0,495,0.0,1.0,496,496.0,1.3,288.2,1.721027,0.69,0.69,308.3,1.608823,0.651962,0.03,
09/30/2008,2405,,,-1744.0,,661.0,0.0,-466.0,363.0,,103.0,195.0,-66.0,,26.0,,,,40.0,129.0,-28.0,101.0,5.0,,,96.0,0.0,96,0.0,0.0,96,96.0,31.2,283.1,0.34,0.36,0.470208,301.9,0.33,0.35,0.453345,
12/31/2008,2433,,,-1936.0,,497.0,0.0,-1302.0,408.0,,894.0,-805.0,-111.0,,28.0,,0.0,,83.0,-916.0,2.0,-914.0,4.0,,,-918.0,0.0,-918,0.0,0.0,-918,-918.0,65.0,268.6,-3.42,-3.4,-3.158004,268.6,-3.42,-3.4,-3.158004,
03/31/2009,1477,1477.0,,-1283.0,1283.0,194.0,0.0,-530.0,313.0,105.0,112.0,-336.0,-40.0,,25.0,,,,15.0,-376.0,16.0,-360.0,-7.0,-7.0,0.0,-353.0,,-353,0.0,0.0,-353,-281.35,78.65,268.2,-1.32,-1.34,-1.049031,268.2,-1.32,-1.34,-1.049031,
06/30/2009,1766,1766.0,,-1440.0,1440.0,326.0,0.0,-445.0,324.0,84.0,37.0,-119.0,-9.0,,23.0,,,,-14.0,-128.0,-63.0,-191.0,-2.0,4.0,-6.0,-189.0,,-189,,0.0,-189,-166.3,24.7,268.2,-0.7,-0.71,-0.62006,268.2,-0.7,-0.71,-0.62006,
09/30/2009,1781,1781.0,,-1420.0,1420.0,361.0,0.0,-442.0,318.0,81.0,43.0,-81.0,-18.0,,27.0,,,,-9.0,-99.0,-12.0,-111.0,0.0,0.0,0.0,-111.0,,-111,,0.0,-111,-89.55,21.45,268.2,-0.41,-0.41,-0.333893,268.2,-0.41,-0.41,-0.333893,
12/31/2009,2582,2582.0,,-1695.0,1695.0,887.0,0.0,-379.0,347.0,86.0,-54.0,508.0,-22.0,,44.0,,,,-22.0,486.0,-56.0,430.0,-14.0,-14.0,0.0,444.0,-1.0,443,0.0,0.0,443,397.8,-31.2,268.0,1.65,1.6,1.484328,323.0,1.4,1.36,1.263406,
03/31/2010,1914,1351.0,563.0,-1121.0,1121.0,793.0,0.0,-404.0,309.0,78.0,17.0,389.0,-144.0,,38.0,,,,106.0,245.0,-126.0,119.0,0.0,0.0,0.0,119.0,,119,0.0,0.0,119,193.75,74.75,268.3,0.44,0.44,0.722139,326.2,0.4,0.4,0.629154,
06/30/2010,1555,1543.0,12.0,-1252.0,1252.0,303.0,0.0,-403.0,313.0,81.0,9.0,-100.0,-41.0,,41.0,,,,0.0,-141.0,-26.0,-167.0,1.0,1.0,0.0,-168.0,,-168,0.0,0.0,-168,-153.35,13.65,268.5,-0.63,-0.62,-0.571136,268.5,-0.63,-0.62,-0.571136,
09/30/2010,1756,1521.0,235.0,-1282.0,1282.0,474.0,0.0,-416.0,313.0,82.0,21.0,58.0,-30.0,,38.0,,,,-8.0,28.0,-71.0,-43.0,0.0,0.0,0.0,-43.0,,-43,0.0,0.0,-43,-24.15,18.85,268.5,-0.16,-0.16,-0.089944,268.5,-0.16,-0.16,-0.089944,
12/31/2010,1942,1848.0,94.0,-1566.0,1566.0,376.0,0.0,-1059.0,340.0,77.0,642.0,-683.0,-10.0,,32.0,,,,-22.0,-693.0,109.0,-584.0,11.0,11.0,0.0,-595.0,,-595,0.0,0.0,-595,61.5,645.5,268.8,-2.213542,-2.172619,0.228795,268.8,-2.213542,-2.172619,0.228795,
03/31/2011,1322,1307.0,15.0,-1197.0,1197.0,125.0,0.0,-352.0,311.0,78.0,-37.0,-227.0,-46.0,,38.0,,,,8.0,-273.0,24.0,-249.0,-3.0,-3.0,0.0,-246.0,,-246,0.0,0.0,-246,-226.25,22.75,268.9,-0.91,-0.92,-0.841391,268.9,-0.91,-0.92,-0.841391,
06/30/2011,1485,1473.0,12.0,-1274.0,1274.0,211.0,0.0,-385.0,289.0,68.0,28.0,-174.0,-21.0,,38.0,,,,-17.0,-195.0,16.0,-179.0,0.0,0.0,0.0,-179.0,,-179,0.0,0.0,-179,-155.6,23.4,268.9,-0.67,-0.67,-0.578654,268.9,-0.67,-0.67,-0.582979,
09/30/2011,1261,1248.0,13.0,-1081.0,1081.0,180.0,0.0,-347.0,259.0,59.0,29.0,-167.0,-48.0,,41.0,,,,7.0,-215.0,1.0,-214.0,8.0,8.0,0.0,-222.0,,-222,0.0,0.0,-222,-202.3,11.7,268.9,-0.83,-0.8,-0.752324,268.9,-0.83,-0.8,-0.756489,
12/31/2011,1471,1384.0,87.0,-1156.0,1156.0,315.0,0.0,-337.0,250.0,52.0,35.0,-22.0,-44.0,,39.0,,,,5.0,-66.0,-51.0,-117.0,0.0,0.0,0.0,-117.0,,-117,0.0,0.0,-117,-126.55,-9.55,269.7,-0.433815,-0.433815,-0.469225,269.7,-0.433815,-0.433815,-0.469225,
03/31/2012,928,986.0,-58.0,-868.0,868.0,60.0,0.0,-347.0,209.0,60.0,78.0,-287.0,-128.0,,36.0,,,,92.0,-415.0,105.0,-310.0,56.0,56.0,0.0,-366.0,,-366,0.0,0.0,-366,-241.1,68.9,271.1,-1.35,-1.14,-0.88934,271.1,-1.35,-1.14,-0.88934,
06/30/2012,699,697.0,2.0,-598.0,598.0,101.0,0.0,-205.0,158.0,42.0,5.0,-104.0,-202.0,,36.0,,,,166.0,-306.0,9.0,-297.0,2.0,2.0,0.0,-299.0,,-299,0.0,0.0,-299,-283.35,13.65,271.9,-1.1,-1.09,-1.042111,271.9,-1.1,-1.09,-1.042111,
09/30/2012,660,657.0,3.0,-585.0,585.0,75.0,0.0,-290.0,148.0,35.0,107.0,-215.0,-86.0,,36.0,,,,50.0,-301.0,-21.0,-322.0,-10.0,-10.0,0.0,-312.0,0.0,-312,0.0,0.0,-312,-213.45,108.55,271.9,-1.15,-1.19,-0.785031,271.9,-1.15,-1.19,-0.790772,
12/31/2012,739,734.0,5.0,-636.0,636.0,103.0,0.0,-143.0,164.0,39.0,-60.0,-40.0,-557.0,,36.0,,,,521.0,-597.0,177.0,-420.0,-18.0,-18.0,0.0,-402.0,,-402,0.0,0.0,-402,-56.65,363.35,272.4,-1.475771,-1.54185,-0.207966,272.4,-1.475771,-1.54185,-0.207966,
03/31/2013,594,594.0,,-445.0,445.0,149.0,0.0,340.0,118.0,25.0,-483.0,489.0,-158.0,,24.0,,,,134.0,331.0,-7.0,324.0,41.0,41.0,0.0,283.0,0.0,283,0.0,0.0,283,122.15,-201.85,272.5,1.04,1.19,0.448257,272.5,1.04,1.19,0.448257,
06/30/2013,583,583.0,,-450.0,450.0,133.0,1.0,-169.0,115.0,25.0,29.0,-35.0,-122.0,,47.0,,,,75.0,-157.0,-51.0,-208.0,16.0,16.0,0.0,-224.0,0.0,-224,0.0,0.0,-224,-139.1,68.9,272.8,-0.82,-0.76,-0.509897,272.8,-0.82,-0.76,-0.509897,
09/30/2013,563,563.0,,-456.0,456.0,107.0,0.0,-124.0,93.0,24.0,7.0,-17.0,2169.0,,39.0,,,,-2208.0,2152.0,-98.0,2054.0,68.0,68.0,0.0,1986.0,3.0,1989,0.0,0.0,1989,625.05,-1431.95,314.5,6.93,6.98,1.98744,314.5,6.93,6.98,1.98744,
12/31/2013,618,618.0,,-520.0,520.0,98.0,0.0,-125.0,85.0,25.0,15.0,-27.0,-17.0,,16.0,,,,1.0,-44.0,-7.0,-51.0,6.0,6.0,0.0,-57.0,-6.0,-63,0.0,0.0,-63,-1318.65,-1261.65,314.4,-0.200382,-0.181298,-4.194179,314.4,-0.200382,-0.181298,-4.194179,
03/31/2014,488,488.0,,-399.0,399.0,89.0,0.0,-127.0,87.0,27.0,13.0,-38.0,-22.0,,16.0,,1.0,,5.0,-60.0,7.0,-53.0,-19.0,-19.0,0.0,-34.0,-2.0,-36,0.0,0.0,-36,-42.65,12.35,41.7,-0.86,-1.32,-1.022782,41.7,-0.86,-1.32,-1.023837,
06/30/2014,528,528.0,,-426.0,426.0,102.0,0.0,-131.0,85.0,26.0,20.0,-29.0,-23.0,,16.0,,1.0,,6.0,-52.0,-8.0,-60.0,2.0,2.0,0.0,-62.0,0.0,-62,0.0,0.0,-62,-45.05,14.95,41.7,-1.49,-1.44,-1.080336,41.7,-1.49,-1.44,-1.081487,
09/30/2014,568,568.0,,-412.0,412.0,156.0,0.0,-98.0,67.0,20.0,11.0,58.0,-17.0,,15.0,,1.0,,1.0,41.0,-10.0,31.0,12.0,12.0,0.0,19.0,-2.0,17,0.0,0.0,17,35.5,6.5,41.8,0.41,0.7,0.849282,43.3,0.39,0.67,0.820115,
12/31/2014,532,532.0,,-423.0,423.0,109.0,0.0,-116.0,71.0,21.0,24.0,-7.0,-34.0,,15.0,,0.0,,19.0,-41.0,-1.0,-42.0,-1.0,-1.0,0.0,-41.0,-1.0,-42,0.0,0.0,-42,-30.65,12.35,41.7,-1.007194,-1.031175,-0.735012,41.7,-1.007194,-1.031175,-0.735012,
03/31/2015,411,411.0,,-328.0,328.0,83.0,0.0,-85.0,52.0,13.0,20.0,-2.0,-30.0,,15.0,,10.0,,5.0,-32.0,-5.0,-37.0,17.0,17.0,0.0,-54.0,-4.0,-58,0.0,0.0,-58,-20.2,20.8,41.9,-1.38,-0.97,-0.4821,41.9,-1.38,-0.97,-0.4821,
06/30/2015,434,434.0,,-350.0,350.0,84.0,0.0,-74.0,58.0,12.0,4.0,10.0,-17.0,,15.0,,2.0,,0.0,-7.0,-8.0,-15.0,8.0,8.0,0.0,-23.0,-1.0,-24,0.0,0.0,-24,-13.4,2.6,41.9,-0.57,-0.38,-0.319809,41.9,-0.57,-0.38,-0.319809,
09/30/2015,425,425.0,,-331.0,331.0,94.0,0.0,-67.0,52.0,11.0,4.0,27.0,-19.0,,16.0,,3.0,,0.0,8.0,-14.0,-6.0,15.0,15.0,0.0,-21.0,-1.0,-22,0.0,0.0,-22,-3.1,3.9,41.9,-0.53,-0.17,-0.073986,41.9,-0.53,-0.17,-0.076921,
12/31/2015,533,533.0,,-413.0,413.0,120.0,0.0,-101.0,64.0,25.0,12.0,19.0,-23.0,,17.0,,3.0,,3.0,-4.0,-5.0,-9.0,-32.0,-32.0,0.0,23.0,1.0,24,0.0,0.0,24,33.15,41.15,41.9,0.572792,-0.190931,0.791169,41.9,0.572792,-0.190931,0.791169,
03/31/2016,377,377.0,,-289.0,289.0,88.0,0.0,-78.0,45.0,15.0,18.0,10.0,-17.0,,16.0,,1.0,,0.0,-7.0,-7.0,-14.0,1.0,1.0,0.0,-15.0,-3.0,-18,0.0,0.0,-18,-12.45,4.55,42.1,-0.427553,-0.4038,-0.295724,42.1,-0.427553,-0.4038,-0.295724,
06/30/2016,423,423.0,,-316.0,316.0,107.0,0.0,-75.0,58.0,16.0,1.0,32.0,-17.0,,16.0,,1.0,,0.0,15.0,-6.0,9.0,1.0,1.0,0.0,8.0,-1.0,7,0.0,0.0,7,8.0,0.0,42.2,0.165877,0.189573,0.189573,42.6,0.164319,0.187793,0.187793,
09/30/2016,411,411.0,,-318.0,318.0,93.0,0.0,-61.0,50.0,15.0,-4.0,32.0,-17.0,,16.0,,1.0,0.0,0.0,15.0,-3.0,12.0,0.0,0.0,0.0,12.0,4.0,16,0.0,0.0,16,17.3,1.3,42.3,0.38,0.38,0.408983,42.8,0.38,0.38,0.408983,
12/31/2016,489,489.0,,-366.0,366.0,123.0,0.0,-102.0,60.0,24.0,18.0,21.0,-11.0,,12.0,,2.0,,-3.0,10.0,-16.0,-6.0,-17.0,-17.0,0.0,11.0,-1.0,10,0.0,0.0,10,22.9,29.9,42.2,0.236967,-0.165877,0.542654,42.5,0.235294,-0.165877,0.537652,
03/31/2017,357,357.0,,-295.0,295.0,62.0,0.0,-102.0,65.0,20.0,17.0,-40.0,50.0,,8.0,,1.0,,-59.0,10.0,-3.0,7.0,0.0,0.0,0.0,7.0,0.0,7,-3.0,-2.0,2,-3.2,-5.2,42.4,0.05,0.05,-0.075472,42.7,0.05,0.05,-0.075472,
06/30/2017,381,381.0,,-311.0,311.0,70.0,0.0,-97.0,66.0,18.0,13.0,-27.0,38.0,,8.0,,3.0,,-49.0,11.0,-4.0,7.0,3.0,3.0,0.0,4.0,0.0,4,-3.0,-2.0,-1,4.6,2.6,42.5,-0.02,0.05,0.108235,42.7,-0.02,0.05,0.108235,
09/30/2017,379,379.0,,-292.0,292.0,87.0,0.0,-141.0,49.0,12.0,80.0,-54.0,-4.0,,8.0,,2.0,-1.0,-6.0,-58.0,13.0,-46.0,0.0,0.0,0.0,-46.0,0.0,-46,0.0,0.0,-46,12.6,58.6,42.5,-1.08377,-1.08377,0.296471,42.5,-1.08377,-1.08377,0.295054,
12/31/2017,269,269.0,,-319.0,319.0,-50.0,0.0,-111.0,84.0,22.0,5.0,-161.0,172.0,0.0,0.0,0.0,2.0,0.0,-174.0,11.0,114.0,125.0,-4.0,-4.0,0.0,129.0,0.0,129,-11.0,-8.0,110,106.0,0.0,42.5,2.588235,2.494118,2.494118,43.3,2.540416,2.448037,2.448037,
03/31/2018,318,318.0,,-280.0,280.0,38.0,0.0,-73.0,58.0,13.0,2.0,-35.0,14.0,2.0,2.0,0.0,2.0,,-18.0,-21.0,-4.0,-25.0,0.0,0.0,0.0,-25.0,0.0,-25,-3.0,-2.0,-30,-13.41,16.59,42.6,-0.7,-0.7,-0.314789,42.6,-0.7,-0.7,-0.314789,
06/30/2018,332,332.0,,-287.0,287.0,45.0,0.0,-71.0,59.0,12.0,0.0,-26.0,29.0,2.0,2.0,0.0,7.0,,-38.0,3.0,0.0,3.0,-1.0,-1.0,0.0,4.0,0.0,4,-3.0,-2.0,-1,3.53,5.53,42.7,-0.02,-0.04,0.08267,42.7,-0.02,-0.04,0.08267,
09/30/2018,329,329.0,,-279.0,279.0,50.0,0.0,-64.0,53.0,12.0,-1.0,-14.0,37.0,2.0,2.0,0.0,2.0,0.0,-41.0,23.0,-3.0,20.0,1.0,1.0,0.0,19.0,0.0,19,-2.0,-3.0,14,21.32,6.32,42.7,0.33,0.35,0.499297,43.0,0.33,0.35,0.496977,
12/31/2018,341,341.0,,-294.0,294.0,47.0,0.0,-90.0,54.0,11.0,25.0,-43.0,25.0,3.0,3.0,0.0,5.0,0.0,-33.0,-18.0,11.0,-7.0,7.0,7.0,0.0,-14.0,0.0,-14,-3.0,-2.0,-19,-23.06,-11.06,42.7,-0.444965,-0.28103,-0.540047,42.7,-0.444965,-0.28103,-0.540047,
03/31/2019,291,291.0,,-251.0,251.0,40.0,0.0,-72.0,59.0,11.0,2.0,-32.0,23.0,3.0,3.0,0.0,0.0,,-26.0,-9.0,-3.0,-12.0,6.0,6.0,0.0,-18.0,0.0,-18,-3.0,-2.0,-23,-10.68,6.32,42.9,-0.54,-0.4,-0.248951,42.9,-0.54,-0.4,-0.252681,
06/30/2019,307,307.0,,-265.0,265.0,42.0,0.0,-67.0,54.0,11.0,2.0,-25.0,21.0,5.0,5.0,0.0,1.0,,-27.0,-4.0,-2.0,-6.0,-207.0,-207.0,0.0,201.0,0.0,201,-3.0,-2.0,196,-7.84,3.16,43.0,4.56,-0.25,-0.182326,43.0,4.56,-0.25,-0.182326,
09/30/2019,315,315.0,,-262.0,262.0,53.0,0.0,-72.0,48.0,11.0,13.0,-19.0,16.0,4.0,4.0,0.0,3.0,,-23.0,-3.0,-7.0,-10.0,-5.0,-5.0,0.0,-5.0,0.0,-5,-2.0,-3.0,-10,-7.89,7.11,43.0,-0.23,-0.35,-0.183488,43.0,-0.23,-0.35,-0.184651,
12/31/2019,329,329.0,,-282.0,282.0,47.0,0.0,-73.0,50.0,9.0,14.0,-26.0,-18.0,4.0,4.0,0.0,-1.0,,15.0,-44.0,-19.0,-63.0,-1.0,-1.0,0.0,-62.0,0.0,-62,-3.0,-2.0,-67,-12.7,55.3,43.0,-1.55814,-1.581395,-0.295349,43.0,-1.55814,-1.581395,-0.295349,
03/31/2020,267,267.0,,-231.0,231.0,36.0,0.0,-57.0,48.0,9.0,0.0,-21.0,75.0,4.0,4.0,0.0,2.0,,-81.0,54.0,-165.0,-111.0,0.0,0.0,0.0,-111.0,0.0,-111,-3.0,-2.0,-116,-167.35,-51.35,43.6,-2.66,-2.66,-3.838303,43.6,-2.66,-2.66,-3.838303,
06/30/2020,213,213.0,,-192.0,192.0,21.0,0.0,-40.0,34.0,8.0,-2.0,-19.0,15.0,4.0,4.0,0.0,3.0,,-22.0,-4.0,-1.0,-5.0,0.0,0.0,0.0,-5.0,0.0,-5,-3.0,-2.0,-10,-2.1,7.9,43.7,-0.23,-0.23,-0.048055,43.7,-0.23,-0.23,-0.049222,
