Date,Revenue,Sales & Services Revenue,Cost of Revenue,Cost of Goods & Services,Gross Profit,Other Operating Income,Operating Expenses,"Selling, General & Admin",General & Administrative,Research & Development,Depreciation & Amortization,Other Operating Expense,Operating Income (Loss),Non-Operating (Income) Loss,"Interest Expense, Net",Interest Expense,Interest Income,Foreign Exch (Gain) Loss,(Income) Loss from Affiliates,Other Non-Op (Income) Loss,Pretax Income,Income Tax Expense (Benefit),Income (Loss) from Cont Ops,Net Extraordinary Losses (Gains),Discontinued Operations,XO & Accounting Changes,Income (Loss) Incl. MI,Minority Interest,"Net Income, GAAP",Preferred Dividends,Other Adjustments,"Net Income Avail to Common, GAAP","Net Income Avail to Common, Adj",Net Abnormal Losses (Gains),Basic Weighted Avg Shares,"Basic EPS, GAAP",Basic EPS from Cont Ops,"Basic EPS from Cont Ops, Adjusted",Diluted Weighted Avg Shares,"Diluted EPS, GAAP",Diluted EPS from Cont Ops,"Diluted EPS from Cont Ops, Adjusted",Source: Bloomberg
03/24/1990,4558.758789,,-3551.531982,,1007.226807,,-887.330994,,,,,,119.896004,-132.922002,,133.761002,,0.0,,-0.839,-13.025998,2.761,-10.265,0.0,,,-10.264998,0.0,-10.265,0.0,,-10.265,-10.265,,672.768005,-0.015,-0.015,,672.768005,-0.015,-0.015,-0.015,
06/16/1990,4742.387207,,-3654.774902,,1087.612305,,-916.424988,,,,,,171.186996,-129.065997,,130.199997,,0.0,,-1.134,42.120999,-16.863001,25.257999,0.0,,,25.257999,0.0,25.257999,0.0,,25.257999,25.257999,,675.271973,0.0375,0.0375,,675.271973,0.0375,0.0375,0.0375,
10/06/1990,5974.326172,,-4637.332031,,1336.994141,,-1163.812012,,,,,,173.182007,-168.463003,,169.856003,,0.0,,-1.393,4.719004,-4.255,0.464,0.0,,,0.464004,0.0,0.464,0.0,,0.464,0.464,,676.927979,0.00125,0.00125,,676.927979,0.00125,0.00125,0.00125,
12/29/1990,4985.501953,,-3826.031982,,1159.469971,,-950.215027,,,,,,209.255005,-100.866007,,129.988007,,0.0,,-29.122,108.388998,-40.556,67.833,0.91,,,66.922998,0.0,66.922997,0.0,,66.922997,66.922997,,682.403992,0.0975,0.09875,0.09875,682.403992,0.0975,0.09875,0.09875,
03/23/1991,4907.130859,,-3789.111084,,1118.019775,,-972.124023,,,,,,145.895996,-125.206997,,125.866997,,0.0,,-0.66,20.688999,-9.907,10.782,5.426,,,5.355999,0.0,5.356,0.0,,5.356,5.356,,715.184021,0.0075,0.015,,715.184021,0.0075,0.015,0.015,
06/15/1991,5086.387207,,-3922.846924,,1163.540283,,-989.406982,,,,,,174.132996,-123.719999,,124.792999,,0.0,,-1.073,50.412996,-18.181,32.231998,1.633,,,30.598997,0.0,30.599001,0.0,,30.599001,30.599001,,725.656006,0.0425,0.045,,725.656006,0.0425,0.045,0.045,
10/05/1991,6228.362793,,-4812.868164,,1415.494629,,-1226.534058,,,,,,188.960999,-161.195993,,162.414993,,0.0,,-1.219,27.765005,-11.202,16.563,2.079,,,14.484006,0.0,14.484,0.0,,14.484,14.484,,722.679993,0.02,0.0225,,722.679993,0.02,0.0225,0.0225,
12/28/1991,5128.648926,,-3955.753906,,1172.89502,,-982.171997,,,,,,190.723007,-120.995001,,122.096001,,0.0,,-1.101,69.728006,-28.611,41.117001,11.7,,,29.417006,0.0,29.417,0.0,,29.417,29.417,,704.955992,0.04125,0.0575,0.0575,704.955992,0.04125,0.0575,0.0575,
03/21/1992,5038.493164,,-3883.768066,,1154.725098,,-1006.640015,,,,,,148.085007,-112.887001,,112.887001,,0.0,,0.0,35.198006,-14.221,20.976999,30.27,,,-9.292994,0.0,-9.293,0.0,,-9.293,-9.293,,721.416016,-0.01375,0.02875,,721.416016,-0.01375,0.02875,0.02875,
06/13/1992,5072.22998,,-3925.278076,,1146.951904,,-1024.390991,,,,,,122.560997,-110.037003,,110.037003,,0.0,,0.0,12.523994,-7.997,4.527,33.895,,,-29.368006,0.0,-29.368,0.0,,-29.368,-29.368,,729.616028,-0.04,0.00625,,729.616028,-0.04,0.00625,0.00625,
10/03/1992,6333.076172,,-4905.118164,,1427.958008,,-1274.754028,,,,,,153.203995,-141.757996,,141.757996,,0.0,,0.0,11.445999,-4.583,6.863,27.292,,,-20.429001,0.0,-20.429001,0.0,,-20.429001,-20.429001,,729.047974,-0.0275,0.01,,729.047974,-0.0275,0.01,0.01,
01/02/1993,5700.789062,,-4364.674805,,1336.114257,,-1111.699951,,,,,,224.414001,-110.167,,110.167,,0.0,,0.0,114.247001,-45.453999,68.792999,15.646,,,53.147002,0.0,53.146999,0.0,,53.146999,53.146999,,727.119992,0.0725,0.09375,0.09375,727.119992,0.0725,0.09375,0.09375,
03/27/1993,5173.925781,,-3964.438965,,1209.486816,,-1062.895996,,,,,,146.591003,-96.988998,,96.988998,,0.0,,0.0,49.602005,-20.138,29.464001,168.235001,,,-138.770996,0.0,-138.770996,0.0,,-138.770996,-138.770996,,782.119995,-0.1775,0.0375,,782.119995,-0.1775,0.0375,0.0375,
06/19/1993,5329.373047,,-4074.455078,,1254.917969,,-1085.209961,,,,,,169.707993,-117.316004,,94.591003,,0.0,,22.725,52.391989,-22.771,29.621,2.136,,,27.484989,0.0,27.485001,0.0,,27.485001,27.485001,,867.143982,0.03125,0.03375,,867.143982,0.03125,0.03375,0.03375,
10/09/1993,6478.64502,,-4968.567871,,1510.077148,,-1340.448975,,,,,,169.627899,-119.914001,,119.914001,,0.0,,0.0,49.713898,-24.504999,25.2089,8.834,,,16.374899,0.0,16.374901,0.0,,16.374901,16.374901,,877.061584,0.01875,0.02875,,877.061584,0.01875,0.02875,0.02875,
01/01/1994,5402.356934,,-4101.598145,,1300.758789,,-1090.031982,,,,,,210.727097,-78.497002,,78.497002,,0.0,,0.0,132.230095,-45.719002,86.511101,3.82,,,82.691093,0.0,82.691353,0.0,,82.691353,82.691353,,881.455992,0.09375,0.0975,0.0975,881.455992,0.09375,0.0975,0.0975,
03/26/1994,5328.803223,,-4052.900879,,1275.902344,,-1108.666016,,,,,,167.235992,-76.030998,,76.030998,,0.0,,0.0,91.204994,-35.515999,55.688999,8.332,,,47.356996,0.0,47.356998,0.0,,47.356998,47.356998,,895.38562,0.05375,0.0625,,895.38562,0.05375,0.0625,0.0625,
06/18/1994,5394.228027,,-4081.212891,,1313.015137,,-1123.729004,,,,,,189.285995,-75.008003,,75.008003,,0.0,,0.0,114.277992,-44.299999,69.977997,2.645,,,67.332993,0.0,67.333,0.0,,67.333,67.333,,903.728027,0.075,0.0775,,903.728027,0.075,0.0775,0.0775,
10/08/1994,6650.255859,,-5052.99707,,1597.258789,,-1424.399048,,,,,,172.860001,-100.722,,100.722,,0.0,,0.0,72.138,-20.941,51.196999,15.175,,,36.022,0.0,36.021999,0.0,,36.021999,36.021999,,913.544006,0.04,0.05625,,913.544006,0.04,0.05625,0.05625,
12/31/1994,5585.834961,,-4217.829102,,1368.005859,,-1148.474976,,,,,,219.531006,-75.789001,,75.789001,,0.0,,0.0,143.742005,-51.702999,92.039001,0.555,,,91.484006,0.0,91.484001,0.0,,91.484001,91.484001,,916.296024,0.1,0.1,0.1,916.296024,0.1,0.1,0.1,
03/25/1995,5464.954102,,-4129.438965,,1335.515137,,-1154.439941,,,,,,181.074997,-75.323997,,75.323997,,0.0,,,105.750999,-41.275002,64.475998,5.336,,,59.139998,0.0,59.139999,0.0,,59.139999,59.139999,,919.935974,0.06375,0.07,,919.935974,0.06375,0.07,0.07,
06/17/1995,5652.890137,,-4267.793945,,1385.096191,,-1173.406006,,,,,,211.690002,-74.639,,74.639,,0.0,,,137.051003,-54.587002,82.463997,5.451,,,77.013,0.0,77.013,0.0,,77.013,77.013,,923.127991,0.0825,0.08875,,923.127991,0.0825,0.08875,0.08875,
10/07/1995,6959.21582,,-5284.005859,,1675.209961,,-1479.759033,,,,,,195.451004,-93.43,,93.43,,0.0,,,102.021004,-39.344002,62.676998,1.516,,,61.161002,0.0,61.160999,0.0,,61.160999,61.160999,,972.935974,0.06375,0.065,,972.935974,0.06375,0.065,0.065,
12/30/1995,5860.734863,,-4416.788086,,1443.946777,,-1209.939941,,,,,,234.007004,-69.292,,69.292,,0.0,,,164.715004,-55.466,109.249001,3.75,,,105.499004,0.0,105.499001,0.0,,105.499001,105.499001,,1035.624023,0.10125,0.105,,1035.624023,0.10125,0.105,0.105,
03/31/1996,5784.253906,,-4367.966797,,1416.287109,,-1221.286987,,,,,,195.0,-70.625999,,70.625999,,0.0,,,124.374001,-47.883999,76.489998,1.084,,,75.406002,0.0,75.405998,0.0,,75.405998,75.405998,,972.984009,0.0775,0.0775,0.0775,1041.57605,0.075,0.075,0.075,
06/15/1996,5844.366211,,-4412.202148,,1432.164062,,-1234.197998,,,,,,197.966003,-70.523003,,70.523003,,0.0,,,127.443001,-49.064999,78.377998,0.766,,,77.612002,0.0,77.612,0.0,,77.612,77.612,,1000.015991,0.0775,0.0775,0.0775,1049.151978,0.075,0.075,0.075,
10/05/1996,7343.131836,,-5582.030762,,1761.101074,,-1551.630005,,,,,,209.470993,-91.831001,,91.831001,,0.0,,,117.639992,-45.292,72.348,0.928,,,71.419992,0.0,71.419998,0.0,,71.419998,71.419998,,1051.991943,0.07,0.0725,0.0725,1051.991943,0.07,0.07,0.07,
12/28/1996,6199.157227,,-4679.265137,,1519.89209,,-1255.031982,,,,,,264.859985,-67.003998,,67.003998,,0.0,,,197.855988,-72.336998,125.518997,0.084,,,125.43499,0.0,125.434998,0.0,,125.434998,125.434998,,1011.671997,0.125,0.125,0.125,1051.199951,0.12,0.12,0.12,
03/22/1997,6139.413086,,-4686.362793,,1453.050293,,-1233.286987,,,,,,219.763,-69.747002,,69.747002,,0.0,,0.0,150.015999,-57.756001,92.260002,5.21,,,87.049998,0.0,87.050003,0.0,,87.050003,87.050003,,1016.320007,0.085,0.09,0.09,1049.791992,0.0825,0.0875,0.0875,
06/14/1997,6231.793945,,-4741.736816,,1490.057129,,-1245.925049,,,,,,244.132004,-68.351997,,68.351997,,0.0,,0.0,175.780006,-67.642998,108.137001,3.033,,,105.104009,0.0,105.103996,0.0,,105.103996,105.103996,,1015.880005,0.105,0.1075,0.1075,1060.552002,0.1,0.1025,0.1025,
10/04/1997,7686.640137,,-5863.918945,,1822.721191,,-1579.234009,,,,,,243.487,-85.212997,,85.212997,,0.0,,0.0,158.274002,-61.743999,96.529999,0.802,,,95.728003,0.0,95.727997,0.0,,95.727997,95.727997,,1017.692017,0.095,0.095,0.095,1052.312012,0.0925,0.0925,0.0925,
12/27/1997,6509.501953,,-4961.334961,,1548.166992,,-1257.243042,,,,,,290.924011,-62.632,,62.632,,0.0,,0.0,228.292011,-81.188004,147.104004,23.33,,,123.774008,0.0,123.774002,0.0,,123.774002,123.774002,,1018.460022,0.1225,0.145,0.145,1055.0,0.1225,0.145,0.145,
03/21/1998,10429.0,,-7840.0,,2589.0,,-2275.0,,,,,,314.0,-322.0,,164.0,,0.0,,158.0,-8.0,-12.0,-20.0,221.0,,,-241.0,0.0,-241.0,0.0,,-241.0,-241.0,,1618.0,-0.145,-0.01,-0.01,1692.0,-0.14,-0.01,-0.01,
06/13/1998,9947.0,,-7394.0,,2553.0,,-2165.0,,,,,,388.0,-203.0,,155.0,,0.0,,48.0,185.0,-85.0,100.0,1.0,,,99.0,0.0,99.0,0.0,,99.0,99.0,,1638.0,0.06,0.06,0.06,1708.0,0.06,0.06,0.06,
10/03/1998,11501.0,,-8552.0,,2949.0,,-2493.0,,,,,,456.0,-201.0,,170.0,,0.0,,31.0,255.0,-104.0,151.0,7.0,,,144.0,0.0,144.0,0.0,,144.0,144.0,,1642.0,0.085,0.09,0.09,1710.0,0.085,0.09,0.09,
01/02/1999,11205.0,,-8272.0,,2933.0,,-2306.0,,,,,,627.0,-188.0,,156.0,,0.0,,32.0,439.0,-176.0,263.0,28.0,,,235.0,0.0,235.0,0.0,,235.0,235.0,,1640.0,0.15,0.165,0.175,1708.0,0.145,0.15,0.16,
05/22/1999,13493.0,,-9962.0,,3531.0,,-2950.0,,,,,,581.0,-234.0,199.0,199.0,,0.0,,35.0,347.0,-140.0,207.0,0.0,,,207.0,0.0,207.0,0.0,,207.0,207.0,,1654.0,0.125,0.125,0.14,1726.0,0.12,0.12,0.135,
08/14/1999,10289.0,,-7590.0,,2699.0,,-2250.0,,,,,,449.0,-343.0,143.0,143.0,,0.0,,200.0,106.0,-50.0,56.0,10.0,,,46.0,0.0,46.0,0.0,,46.0,46.0,,1658.0,0.03,0.035,0.125,1720.0,0.025,0.03,0.12,
11/06/1999,10329.0,,-7606.0,,2723.0,,-2271.0,,,,,,452.0,-212.0,143.0,143.0,,0.0,,69.0,240.0,-111.0,129.0,0.0,,,129.0,0.0,129.0,0.0,,129.0,129.0,,1664.0,0.08,0.08,0.08,1714.0,0.075,0.075,0.12,
01/29/2000,11241.0,,-8172.0,,3069.0,,-2397.0,,,,,,672.0,-236.0,157.0,157.0,,0.0,,79.0,436.0,-190.0,246.0,0.0,,,246.0,0.0,246.0,0.0,,246.0,246.0,85.0,1660.0,0.145,0.145,0.195,1708.0,0.145,0.145,0.195,
05/20/2000,14329.0,,-10500.0,,3829.0,,-3257.0,,,,,,572.0,-406.0,206.0,206.0,0.0,0.0,,200.0,166.0,-67.0,99.0,0.0,,,99.0,0.0,99.0,0.0,0.0,99.0,99.0,,1662.0,0.06,0.06,0.165,1700.0,0.06,0.06,0.16,
08/12/2000,11017.0,,-8053.0,,2964.0,,-2432.0,,,,,,532.0,-157.0,155.0,155.0,,0.0,,2.0,375.0,-157.0,218.0,2.0,,,216.0,0.0,216.0,0.0,,216.0,216.0,,1648.0,0.13,0.13,0.14,1694.0,0.13,0.13,0.14,
11/04/2000,10962.0,,-7999.0,,2963.0,,-2466.0,,,,,,497.0,-148.0,146.0,146.0,0.0,0.0,,2.0,349.0,-146.0,203.0,2.0,,,201.0,0.0,201.0,0.0,0.0,201.0,201.0,,1642.0,0.125,0.125,0.14,1690.0,0.12,0.12,0.14,
02/03/2001,12692.0,,-9218.900391,,3473.099609,,-2525.899902,,,,,,947.200012,-314.400009,167.600006,167.600006,0.0,0.0,,146.800003,632.800003,-264.399994,368.399994,-0.6,,,369.000009,0.0,369.0,0.0,0.0,369.0,369.0,,1632.400024,0.225,0.225,0.245,1683.400024,0.22,0.22,0.24,
05/26/2001,15102.0,,-11035.0,,4067.0,,-3361.0,,,,,,706.0,-208.0,206.0,206.0,0.0,0.0,,2.0,498.0,-194.0,304.0,0.0,,,304.0,0.0,304.0,0.0,0.0,304.0,304.0,,1624.0,0.185,0.185,0.195,1666.0,0.18,0.18,0.19,
08/18/2001,11485.0,,-8330.0,,3155.0,,-2582.0,,,,,,573.0,-154.0,152.0,152.0,0.0,0.0,,2.0,419.0,-163.0,256.0,0.0,,,256.0,0.0,256.0,0.0,0.0,256.0,256.0,,1610.0,0.16,0.16,0.165,1654.0,0.155,0.155,0.16,
11/10/2001,11382.0,,-8265.0,,3117.0,,-2653.0,,,,,,464.0,-241.0,149.0,149.0,0.0,0.0,,92.0,223.0,-90.0,133.0,0.0,,,133.0,0.0,133.0,0.0,0.0,133.0,133.0,,1602.0,0.085,0.085,0.16,1642.0,0.08,0.08,0.16,
02/02/2002,12129.0,,-8768.0,,3361.0,,-2613.0,,,,,,748.0,-177.0,141.0,141.0,0.0,0.0,,36.0,571.0,-221.0,350.0,0.0,,,350.0,0.0,350.0,0.0,0.0,350.0,350.0,,1605.0,0.22,0.22,0.22,1646.0,0.215,0.215,0.215,
05/25/2002,15667.0,,-11529.0,,4138.0,,-3415.0,,,,,,723.0,-208.0,193.0,193.0,0.0,0.0,,15.0,515.0,-194.0,321.0,16.0,,,305.0,0.0,305.0,0.0,0.0,305.0,305.0,,1586.0,0.19,0.205,0.245,1618.0,0.19,0.2,0.24,
08/17/2002,11927.0,,-8738.0,,3189.0,,-2614.0,,,,,,575.0,-153.0,152.0,152.0,0.0,0.0,,1.0,422.0,-158.0,264.0,0.0,,,264.0,0.0,264.0,0.0,0.0,264.0,264.0,,1572.0,0.17,0.17,0.175,1600.0,0.165,0.165,0.17,
11/09/2002,11696.0,,-8485.0,,3211.0,,-2669.0,,,,,,542.0,-134.0,134.0,134.0,0.0,0.0,,0.0,408.0,-153.0,255.0,0.0,,,255.0,0.0,255.0,0.0,0.0,255.0,255.0,,1540.0,0.165,0.165,0.165,1558.0,0.165,0.165,0.165,
02/01/2003,12469.6,,-9057.7,,3411.9,,-2677.9,,,,,,734.0,-124.4,139.6,139.6,0.0,0.0,,-15.2,609.6,-228.6,381.0,0.0,,,381.0,0.0,381.0,0.0,0.0,381.0,381.0,,1522.6,0.25,0.25,0.245,1539.2,0.25,0.25,0.245,
05/24/2003,16266.0,,-11930.0,,4336.0,,-3589.600098,,,,,,746.400024,-183.4,190.0,190.0,0.0,0.0,,-6.6,563.000024,-211.0,352.0,0.0,,,352.000024,0.0,352.0,0.0,0.0,352.0,352.0,,1508.0,0.235,0.235,0.23,1522.0,0.23,0.23,0.225,
08/16/2003,12351.0,,-9102.0,,3249.0,,-2739.800049,,,,,,509.200012,-205.199997,138.0,138.0,0.0,0.0,,67.199997,304.000015,-114.0,190.0,0.0,,,190.000015,0.0,190.0,0.0,0.0,190.0,190.0,,1494.0,0.125,0.125,0.155,1512.0,0.125,0.125,0.155,
11/08/2003,12141.0,,-8919.5,,3221.5,,-2755.399902,,,,,,466.100006,-290.100006,148.0,148.0,0.0,0.0,,142.100006,176.0,-66.0,110.0,0.0,,,110.0,0.0,110.0,0.0,0.0,110.0,110.0,,1486.0,0.075,0.075,0.14,1508.0,0.075,0.075,0.14,
01/31/2004,13033.5,,-9508.0,,3525.5,,-2876.6,,,,,,648.9,-922.3,127.9,127.9,0.0,0.0,,794.4,-273.4,-64.0,-337.4,0.0,,,-337.4,0.0,-337.4,0.0,0.0,-337.4,-337.4,,1485.8,-0.225,-0.225,0.22,1485.8,-0.225,-0.225,0.22,
05/22/2004,16905.0,,-12441.0,,4464.0,,-3761.600098,,,,,,702.400024,-285.400002,172.0,172.0,0.0,0.0,,113.400002,417.000023,-154.0,263.0,0.0,,,263.000023,0.0,263.0,0.0,0.0,263.0,263.0,,1482.0,0.175,0.175,0.225,1498.0,0.175,0.175,0.225,
08/14/2004,12980.0,,-9660.4,,3319.6,,-2900.9,,,,,,418.7,-189.7,152.0,152.0,0.0,0.0,,37.7,229.0,-87.0,142.0,0.0,,,142.0,0.0,142.0,0.0,0.0,142.0,142.0,,1474.0,0.095,0.095,0.12,1488.0,0.095,0.095,0.12,
11/06/2004,12854.0,,-9632.0,,3222.0,,-2885.0,,,,,,337.0,-117.0,,117.0,0.0,0.0,,0.0,220.0,-77.0,143.0,0.0,,,143.0,0.0,143.0,0.0,0.0,143.0,143.0,,1472.0,0.095,0.095,0.095,1484.0,0.095,0.095,0.095,
01/29/2005,13695.3,,-10279.6,,3415.7,,-2975.9,,,,,,439.8,-1019.3,,115.5,0.0,0.0,,903.8,-579.5,-72.6,-652.1,0.0,,,-652.1,0.0,-652.1,0.0,0.0,-652.1,-652.1,,1460.0,-0.445,-0.445,0.14,1460.0,-0.445,-0.445,0.14,
05/21/2005,17948.0,,-13437.0,,4511.0,0.0,-3893.0,,,,,,618.0,-159.0,159.0,159.0,0.0,0.0,,0.0,459.0,-165.0,294.0,0.0,,,294.0,0.0,294.0,0.0,0.0,294.0,294.0,,1454.0,0.2,0.2,0.2,1464.0,0.2,0.2,0.2,
08/13/2005,13865.0,,-10464.0,,3401.0,0.0,-2967.0,,,,,,434.0,-121.0,121.0,121.0,0.0,0.0,,0.0,313.0,-117.0,196.0,0.0,,,196.0,0.0,196.0,0.0,0.0,196.0,196.0,,1444.0,0.135,0.135,0.135,1460.0,0.135,0.135,0.135,
11/05/2005,14020.0,,-10596.0,,3424.0,,-3009.0,,,,,,415.0,-114.0,114.0,114.0,0.0,0.0,,0.0,301.0,-116.0,185.0,0.0,,,185.0,0.0,185.0,0.0,0.0,185.0,185.0,,1448.0,0.13,0.13,0.13,1464.0,0.125,0.125,0.125,
01/28/2006,14720.0,,-11068.0,,3652.0,,-3084.0,,,,,,568.0,-116.0,,116.0,0.0,0.0,,0.0,452.0,-169.0,283.0,0.0,,,283.0,0.0,283.0,0.0,0.0,283.0,283.0,,1448.0,0.195,0.195,0.195,1460.0,0.195,0.195,0.195,
05/20/2006,19415.0,,-14659.0,,4756.0,0.0,-4112.0,,,,,,644.0,-155.0,155.0,155.0,0.0,0.0,,0.0,489.0,-183.0,306.0,0.0,,,306.0,0.0,306.0,0.0,0.0,306.0,306.0,,1444.0,0.21,0.21,0.225,1458.0,0.21,0.21,0.225,
08/12/2006,15138.0,,-11598.0,,3540.0,0.0,-3092.0,,,,,,448.0,-110.0,,110.0,,0.0,,0.0,338.0,-129.0,209.0,0.0,,,209.0,0.0,209.0,0.0,0.0,209.0,209.0,,1438.0,0.145,0.145,0.145,1450.0,0.145,0.145,0.145,
11/04/2006,14699.0,,-11131.0,,3568.0,,-3119.0,,,,,,449.0,-107.0,107.0,107.0,,0.0,,0.0,342.0,-127.0,215.0,0.0,,,215.0,0.0,215.0,0.0,0.0,215.0,215.0,,1424.0,0.15,0.15,0.15,1440.0,0.15,0.15,0.15,
02/03/2007,16858.7,,-12728.3,,4130.4,,-3436.6,,,,,,693.8,-115.7,115.7,115.7,,0.0,,0.0,578.1,-193.3,384.8,0.0,,,384.8,0.0,384.8,0.0,0.0,384.8,384.8,,1411.6,0.275,0.275,0.26,1430.4,0.27,0.27,0.255,
05/26/2007,20726.0,,-15834.0,,4892.0,,-4202.0,,,,,,690.0,-146.0,146.0,146.0,,0.0,,0.0,544.0,-207.0,337.0,0.0,,,337.0,0.0,337.0,0.0,0.0,337.0,337.0,14.3,1412.0,0.24,0.24,0.25,1430.0,0.235,0.235,0.245,
08/18/2007,16139.0,,-12315.0,,3824.0,,-3287.0,,,,,,537.0,-104.0,104.0,104.0,,0.0,,0.0,433.0,-166.0,267.0,0.0,,,267.0,0.0,267.0,0.0,0.0,267.0,267.0,,1404.0,0.19,0.19,0.19,1418.0,0.19,0.19,0.19,
11/10/2007,16135.0,,-12402.0,,3733.0,,-3288.0,,,,,,445.0,-110.0,110.0,110.0,,0.0,,0.0,335.0,-81.0,254.0,0.0,,,254.0,0.0,254.0,0.0,0.0,254.0,254.0,,1356.0,0.185,0.185,0.185,1370.0,0.185,0.185,0.185,
02/02/2008,17235.0,,-13228.0,,4007.0,,-3378.0,,,,,,629.0,-114.0,,114.0,,0.0,,0.0,515.0,-192.0,323.0,0.0,,,323.0,0.0,323.0,0.0,0.0,323.0,323.0,,1336.6,0.24,0.24,0.24,1351.6,0.24,0.24,0.24,
05/24/2008,23144.0,23144.0,-17845.0,17845.0,5299.0,0.0,-4530.0,3890.0,3890.0,,433.0,207.0,769.0,-152.0,,152.0,,,,0.0,617.0,-227.0,390.0,0.0,0.0,0.0,390.0,-4.0,386.0,0.0,0.0,386.0,395.75,9.75,1314.0,0.29,0.29,0.301179,1326.0,0.29,0.29,0.297353,
08/16/2008,18094.0,18094.0,-14066.0,14066.0,4028.0,0.0,-3482.0,3004.0,3004.0,,327.0,151.0,546.0,-111.0,,111.0,,,,0.0,435.0,-159.0,276.0,0.0,0.0,0.0,276.0,1.0,277.0,0.0,0.0,277.0,278.3,1.3,1302.0,0.21,0.21,0.213748,1316.0,0.21,0.21,0.210988,
11/08/2008,17615.0,17615.0,-13545.0,13545.0,4070.0,0.0,-3591.0,3104.0,3104.0,,335.0,152.0,479.0,-106.0,,106.0,,,,0.0,373.0,-136.0,237.0,0.0,0.0,0.0,237.0,0.0,237.0,0.0,0.0,237.0,256.15,19.15,1298.0,0.18,0.18,0.197342,1310.0,0.18,0.18,0.194618,
01/31/2009,17308.0,17308.0,-13088.3,13088.3,4219.7,0.0,-3562.0,3064.5,3064.5,,347.7,149.8,657.7,-114.7,,114.7,,,,0.0,543.0,-195.5,347.5,0.0,0.0,0.0,347.5,1.7,349.2,0.0,0.0,349.2,361.55,12.35,1296.8,0.27,0.27,0.278801,1307.6,0.265,0.265,0.274445,
05/23/2009,22789.0,22789.0,-17266.0,17266.0,5523.0,0.0,-4679.0,4026.0,4026.0,,453.0,200.0,844.0,-163.0,,163.0,,,,0.0,681.0,-250.0,431.0,0.0,0.0,0.0,431.0,4.0,435.0,0.0,0.0,435.0,442.15,7.15,1296.0,0.335,0.335,0.341165,1302.0,0.33,0.33,0.335491,
08/15/2009,17728.0,17728.0,-13646.0,13646.0,4082.0,0.0,-3583.0,3085.0,3085.0,,348.0,150.0,499.0,-115.0,,115.0,,,,0.0,384.0,-133.0,251.0,0.0,0.0,0.0,251.0,4.0,255.0,0.0,0.0,255.0,257.6,2.6,1296.0,0.195,0.195,0.198766,1302.0,0.195,0.195,0.196997,
11/07/2009,17662.0,17662.0,-13662.0,13662.0,4000.0,0.0,-4758.0,3137.0,3137.0,,356.0,1265.0,-758.0,-105.0,,105.0,,,,0.0,-863.0,-13.0,-876.0,0.0,0.0,0.0,-876.0,1.0,-875.0,0.0,0.0,-875.0,176.6,1051.6,1292.0,-0.675,-0.675,0.136687,1292.0,-0.675,-0.675,0.136687,
01/30/2010,18554.5,18554.5,-14384.0,14384.0,4170.5,0.0,-3663.8,3149.8,3149.8,0.0,367.7,146.3,506.7,-119.1,,119.1,,0.0,0.0,0.0,387.6,-136.0,251.6,0.0,0.0,0.0,251.6,3.8,255.4,0.0,0.0,255.4,258.0,2.6,1288.6,0.195,0.195,0.200217,1295.4,0.195,0.195,0.197007,
05/22/2010,24738.0,24738.0,-19155.0,19155.0,5583.0,0.0,-4860.0,4182.0,4182.0,,478.0,200.0,723.0,-132.0,,132.0,,,,0.0,591.0,-216.0,375.0,0.0,0.0,0.0,375.0,-1.0,374.0,0.0,0.0,374.0,374.0,0.0,1282.0,0.29,0.29,0.29,1290.0,0.29,0.29,0.29,
08/14/2010,18760.0,18760.0,-14550.0,14550.0,4210.0,0.0,-3716.0,3199.0,3199.0,,368.0,149.0,494.0,-102.0,,102.0,,,,0.0,392.0,-124.0,268.0,0.0,0.0,0.0,268.0,-6.0,262.0,0.0,0.0,262.0,247.4,-14.6,1274.0,0.205,0.205,0.194191,1280.0,0.205,0.205,0.193594,
11/06/2010,18667.0,18667.0,-14550.0,14550.0,4117.0,0.0,-3711.0,3189.0,3189.0,,368.0,154.0,406.0,-103.0,,103.0,,,,0.0,303.0,-96.0,207.0,0.0,0.0,0.0,207.0,-5.0,202.0,0.0,0.0,202.0,215.65,13.65,1266.0,0.16,0.16,0.17034,1272.0,0.16,0.16,0.17034,
01/29/2011,19884.7,19884.7,-15546.6,15546.6,4338.1,0.0,-3779.1,3231.8,3231.8,,386.8,160.5,559.0,-110.2,,110.2,,,,0.0,448.8,-165.1,283.7,0.0,0.0,0.0,283.7,-4.9,278.8,0.0,0.0,278.8,293.4,14.6,1254.8,0.22,0.22,0.233822,1261.0,0.22,0.22,0.231578,
05/21/2011,27461.0,27461.0,-21624.0,21624.0,5837.0,0.0,-5026.0,4335.0,4335.0,,499.0,192.0,811.0,-138.0,,138.0,,,,0.0,673.0,-252.0,421.0,0.0,0.0,0.0,421.0,11.0,432.0,0.0,0.0,432.0,437.85,5.85,1216.0,0.355,0.355,0.360074,1224.0,0.35,0.35,0.35478,
08/13/2011,20913.0,20913.0,-16555.0,16555.0,4358.0,0.0,-3870.0,3353.0,3353.0,,374.0,143.0,488.0,-97.0,,97.0,,,,0.0,391.0,-108.0,283.0,0.0,0.0,0.0,283.0,-2.0,281.0,0.0,0.0,281.0,254.05,-26.95,1192.0,0.235,0.235,0.213129,1200.0,0.23,0.23,0.207541,
11/05/2011,20594.0,20594.0,-16358.0,16358.0,4236.0,0.0,-3831.0,3318.0,3318.0,,372.0,141.0,405.0,-99.0,,99.0,,,,0.0,306.0,-108.0,198.0,0.0,0.0,0.0,198.0,-2.0,196.0,0.0,0.0,196.0,206.4,10.4,1166.0,0.165,0.165,0.177015,1172.0,0.165,0.165,0.173873,
01/28/2012,21405.8,21405.8,-16955.9,16955.9,4449.9,0.0,-4875.1,4338.7,4338.7,,392.3,144.1,-425.2,-100.5,,100.5,,,,0.0,-525.7,220.3,-305.4,0.0,0.0,0.0,-305.4,-1.5,-306.9,0.0,0.0,-306.9,288.35,595.25,1130.0,-0.27,-0.27,0.255177,1130.0,-0.27,-0.27,0.255177,
05/19/2012,29065.0,29065.0,-23095.0,23095.0,5970.0,0.0,-5156.0,4464.0,4464.0,,501.0,191.0,814.0,-141.0,,141.0,,,,0.0,673.0,-232.0,441.0,0.0,0.0,0.0,441.0,-2.0,439.0,0.0,0.0,439.0,440.3,1.3,1112.0,0.39,0.39,0.395953,1118.0,0.39,0.39,0.391163,
08/11/2012,21726.0,21726.0,-17278.0,17278.0,4448.0,0.0,-3913.0,3391.0,3391.0,,383.0,139.0,535.0,-106.0,,106.0,,,,0.0,429.0,-148.0,281.0,0.0,0.0,0.0,281.0,-2.0,279.0,0.0,0.0,279.0,283.55,4.55,1076.0,0.26,0.26,0.263522,1082.0,0.255,0.255,0.259205,
11/03/2012,21807.0,21807.0,-17383.0,17383.0,4424.0,0.0,-3828.0,3305.0,3305.0,,382.0,141.0,596.0,-103.0,,103.0,,,,0.0,493.0,-175.0,318.0,0.0,0.0,0.0,318.0,-1.0,317.0,0.0,0.0,317.0,243.55,-73.45,1036.0,0.305,0.305,0.235087,1044.0,0.3,0.3,0.229646,
02/02/2013,24120.0,24120.0,-19069.0,19069.0,5051.0,0.0,-4232.0,3689.0,3689.0,,386.0,157.0,819.0,-112.0,,112.0,,,,0.0,707.0,-239.0,468.0,0.0,0.0,0.0,468.0,-6.0,462.0,0.0,0.0,462.0,467.2,5.2,1028.0,0.445,0.445,0.454475,1036.0,0.44,0.44,0.44502,
05/25/2013,29997.0,29997.0,-23817.0,23817.0,6180.0,0.0,-5301.0,4593.0,4593.0,,519.0,189.0,879.0,-129.0,,129.0,,,,0.0,750.0,-266.0,484.0,0.0,0.0,0.0,484.0,-3.0,481.0,0.0,0.0,481.0,493.35,12.35,1028.0,0.465,0.465,0.479913,1040.0,0.46,0.46,0.471875,
08/17/2013,22686.0,22686.0,-18059.0,18059.0,4627.0,0.0,-4032.0,3506.0,3506.0,,387.0,139.0,595.0,-99.0,,99.0,,,,0.0,496.0,-176.0,320.0,0.0,0.0,0.0,320.0,-3.0,317.0,0.0,0.0,317.0,376.9,59.9,1030.0,0.305,0.305,0.365922,1042.0,0.3,0.3,0.357486,
11/09/2013,22505.0,22505.0,-17889.0,17889.0,4616.0,0.0,-4082.0,3549.0,3549.0,,395.0,138.0,534.0,-108.0,,108.0,,,,0.0,426.0,-125.0,301.0,0.0,0.0,0.0,301.0,-2.0,299.0,0.0,0.0,299.0,279.25,-19.75,1030.0,0.29,0.29,0.271116,1042.0,0.285,0.285,0.266046,
02/01/2014,23222.0,23222.0,-18397.0,18397.0,4825.0,0.0,-4107.0,3558.0,3558.0,,402.0,147.0,718.0,-107.0,,107.0,,,,0.0,611.0,-184.0,427.0,0.0,0.0,0.0,427.0,-5.0,422.0,0.0,0.0,422.0,411.85,-10.15,1022.0,0.41,0.41,0.402985,1034.0,0.405,0.405,0.395184,
05/24/2014,32961.0,32961.0,-26065.0,26065.0,6896.0,0.0,-5966.0,5168.0,5168.0,,581.0,217.0,930.0,-147.0,,147.0,,,,0.0,783.0,-274.0,509.0,0.0,0.0,0.0,509.0,-8.0,501.0,0.0,0.0,501.0,562.2,61.2,1002.0,0.495,0.495,0.561078,1014.0,0.49,0.49,0.550355,
08/16/2014,25310.0,25310.0,-20136.0,20136.0,5174.0,0.0,-4530.0,3920.0,3920.0,,444.0,166.0,644.0,-112.0,,112.0,,,,0.0,532.0,-182.0,350.0,0.0,0.0,0.0,350.0,-3.0,347.0,0.0,0.0,347.0,352.85,5.85,970.0,0.35,0.35,0.363763,982.0,0.35,0.35,0.355957,
11/08/2014,24987.0,24987.0,-19764.0,19764.0,5223.0,0.0,-4572.0,3954.0,3954.0,,456.0,162.0,651.0,-114.0,,114.0,,,,0.0,537.0,-172.0,365.0,0.0,0.0,0.0,365.0,-3.0,362.0,0.0,0.0,362.0,345.0,-17.0,972.0,0.37,0.37,0.354938,984.0,0.36,0.36,0.342724,
01/31/2015,25207.0,25207.0,-19547.0,19547.0,5660.0,0.0,-4748.0,4119.0,4119.0,,467.0,162.0,912.0,-115.0,,115.0,,,,0.0,797.0,-274.0,523.0,0.0,0.0,0.0,523.0,-5.0,518.0,0.0,0.0,518.0,518.0,0.0,972.0,0.53,0.53,0.53,986.0,0.52,0.52,0.52,
05/23/2015,33051.0,33051.0,-25760.0,25760.0,7291.0,0.0,-6189.0,5354.0,5354.0,,620.0,215.0,1102.0,-148.0,,148.0,,,,0.0,954.0,-330.0,624.0,0.0,0.0,0.0,624.0,-5.0,619.0,0.0,0.0,619.0,633.3,14.3,968.0,0.635,0.635,0.654235,984.0,0.625,0.625,0.639532,
08/15/2015,25539.0,25539.0,-20065.0,20065.0,5474.0,0.0,-4700.0,4068.0,4068.0,,477.0,155.0,774.0,-114.0,,114.0,,,,0.0,660.0,-227.0,433.0,0.0,0.0,0.0,433.0,0.0,433.0,0.0,0.0,433.0,435.6,2.6,963.0,0.44,0.44,0.452336,977.0,0.44,0.44,0.442661,
11/07/2015,25075.0,25075.0,-19478.0,19478.0,5597.0,0.0,-4825.0,4169.0,4169.0,,484.0,172.0,772.0,-107.0,,107.0,,,,0.0,665.0,-238.0,427.0,0.0,0.0,0.0,427.0,1.0,428.0,0.0,0.0,428.0,428.0,0.0,965.0,0.44,0.44,0.44,979.0,0.43,0.43,0.43,
01/30/2016,26165.0,26165.0,-20193.0,20193.0,5972.0,0.0,-5044.0,4355.0,4355.0,,508.0,181.0,928.0,-113.0,,113.0,,,,0.0,815.0,-250.0,565.0,0.0,0.0,0.0,565.0,-6.0,559.0,0.0,0.0,559.0,567.45,8.45,966.0,0.57,0.57,0.587422,980.0,0.57,0.57,0.578622,
05/21/2016,34604.0,34604.0,-26669.0,26669.0,7935.0,0.0,-6735.0,5779.0,5779.0,,694.0,262.0,1200.0,-155.0,,155.0,,,,0.0,1045.0,-350.0,695.0,0.0,0.0,0.0,695.0,1.0,696.0,0.0,0.0,696.0,696.0,0.0,954.0,0.72,0.72,0.72,966.0,0.71,0.71,0.71,
08/13/2016,26565.0,26565.0,-20697.0,20697.0,5868.0,0.0,-5203.0,4473.0,4473.0,,525.0,205.0,665.0,-116.0,,116.0,,,,0.0,549.0,-171.0,378.0,0.0,0.0,0.0,378.0,5.0,383.0,0.0,0.0,383.0,454.0,71.0,943.0,0.4,0.4,0.481442,959.0,0.4,0.4,0.474035,
11/05/2016,26557.0,26557.0,-20653.0,20653.0,5904.0,0.0,-5191.0,4443.0,4443.0,,549.0,199.0,713.0,-124.0,,124.0,,,,0.0,589.0,-206.0,383.0,0.0,0.0,0.0,383.0,8.0,391.0,0.0,0.0,391.0,394.25,3.25,940.0,0.41,0.41,0.419415,953.0,0.41,0.41,0.41341,
01/28/2017,27611.0,27611.0,-21483.0,21483.0,6128.0,0.0,-5270.0,4483.0,4483.0,,572.0,215.0,858.0,-126.0,,126.0,,,,0.0,732.0,-230.0,502.0,0.0,0.0,0.0,502.0,4.0,506.0,0.0,0.0,506.0,512.5,6.5,929.0,0.54,0.54,0.551668,943.0,0.53,0.53,0.536893,
05/20/2017,36285.0,36285.0,-28281.0,28281.0,8004.0,0.0,-7373.0,6367.0,6367.0,,736.0,270.0,631.0,-186.0,,177.0,,,,9.0,445.0,-148.0,297.0,0.0,0.0,0.0,297.0,6.0,303.0,0.0,0.0,303.0,429.0,126.0,914.0,0.33,0.33,0.469365,925.0,0.32,0.32,0.456216,
08/12/2017,27597.0,27597.0,-21609.0,21609.0,5988.0,0.0,-5304.0,4517.0,4517.0,,562.0,225.0,684.0,-144.0,,138.0,,,,6.0,540.0,-189.0,351.0,0.0,0.0,0.0,351.0,2.0,353.0,0.0,0.0,353.0,353.0,0.0,897.0,0.39,0.39,0.39,905.0,0.39,0.39,0.39,
11/04/2017,27749.0,27749.0,-21532.0,21532.0,6217.0,0.0,-5470.0,4701.0,4701.0,,573.0,196.0,747.0,-143.0,,136.0,,,,7.0,604.0,-215.0,389.0,0.0,0.0,0.0,389.0,8.0,397.0,0.0,-4.0,393.0,393.0,0.0,887.0,0.44,0.44,0.44,893.0,0.44,0.44,0.44,
02/03/2018,31031.0,31031.0,-24240.0,24240.0,6791.0,0.0,-6241.0,5456.0,5456.0,,565.0,220.0,550.0,-654.0,,148.0,,,,506.0,-104.0,957.0,853.0,0.0,0.0,0.0,853.0,1.0,854.0,0.0,-8.0,846.0,1176.9911,330.9911,875.0,0.97,0.97,1.345133,884.0,0.96,0.96,1.334424,
05/26/2018,37722.0,37722.0,-29419.0,29419.0,8303.0,0.0,-7274.0,6257.0,6257.0,,741.0,276.0,1029.0,1605.0,,192.0,,,,-1797.0,2634.0,-616.0,2018.0,0.0,0.0,0.0,2018.0,8.0,2026.0,0.0,0.0,2026.0,637.0,-1389.0,839.0,2.39,2.39,0.759237,846.0,2.37,2.37,0.728156,
08/18/2018,28014.0,28014.0,-21976.0,21976.0,6038.0,0.0,-5489.0,4711.0,4711.0,,574.0,204.0,549.0,79.0,,144.0,,,,-223.0,628.0,-127.0,501.0,0.0,0.0,0.0,501.0,7.0,508.0,0.0,0.0,508.0,165.36,-342.64,797.0,0.63,0.63,0.207478,805.0,0.62,0.62,0.19436,
11/10/2018,27831.0,27831.0,-21753.0,21753.0,6078.0,0.0,-5431.0,4661.0,4661.0,,570.0,200.0,647.0,-248.0,,142.0,,,,106.0,399.0,-91.0,308.0,0.0,0.0,0.0,308.0,9.0,317.0,0.0,-4.0,313.0,390.0,77.0,797.0,0.39,0.39,0.489335,807.0,0.39,0.39,0.485415,
02/02/2019,28286.0,28286.0,-21955.0,21955.0,6331.0,0.0,-5940.0,5155.0,5155.0,,581.0,204.0,391.0,-74.0,,142.0,,,,-68.0,317.0,-66.0,251.0,0.0,0.0,0.0,251.0,8.0,259.0,0.0,0.0,259.0,390.0,131.0,798.0,0.32,0.32,0.488722,806.0,0.32,0.32,0.482531,
05/25/2019,37251.0,37251.0,-28983.0,28983.0,8268.0,0.0,-7367.0,6314.0,6314.0,,779.0,274.0,901.0,88.0,,197.0,,,,-285.0,989.0,-226.0,763.0,0.0,0.0,0.0,763.0,9.0,772.0,0.0,0.0,772.0,586.0,-186.0,798.0,0.96,0.96,0.734336,805.0,0.95,0.95,0.718944,
08/17/2019,28168.0,28168.0,-22007.0,22007.0,6161.0,0.0,-5602.0,4811.0,4811.0,,591.0,200.0,559.0,-179.0,,130.0,,,,49.0,380.0,-93.0,287.0,0.0,0.0,0.0,287.0,10.0,297.0,0.0,0.0,297.0,392.55,95.55,800.0,0.37,0.37,0.490687,805.0,0.37,0.37,0.488696,
11/09/2019,27974.0,27974.0,-21798.0,21798.0,6176.0,0.0,-5922.0,5097.0,5097.0,,624.0,201.0,254.0,-32.0,,137.0,,,,-105.0,222.0,-79.0,143.0,0.0,0.0,0.0,143.0,120.0,263.0,0.0,-3.0,260.0,378.0,118.0,802.0,0.32,0.32,0.471322,807.0,0.32,0.32,0.466221,
02/01/2020,28893.0,28893.0,-22507.0,22507.0,6386.0,0.0,-5849.0,4985.0,4985.0,,655.0,209.0,537.0,-147.0,,140.0,,0.0,,7.0,390.0,-71.0,319.0,0.0,0.0,0.0,319.0,8.0,327.0,0.0,0.0,327.0,410.0,83.0,797.0,0.4,0.4,0.514429,804.0,0.4,0.4,0.503234,
05/23/2020,41549.0,41549.0,-31454.0,31454.0,10095.0,0.0,-8769.0,7671.0,7671.0,,825.0,273.0,1326.0,259.0,,174.0,,,,-433.0,1585.0,-373.0,1212.0,0.0,0.0,0.0,1212.0,0.0,1212.0,0.0,0.0,1212.0,972.52,-239.48,780.0,1.53,1.53,1.246821,788.0,1.52,1.52,1.216091,
08/15/2020,30489.0,30489.0,-23551.0,23551.0,6938.0,0.0,-6118.0,5297.0,5297.0,,617.0,204.0,820.0,241.0,,135.0,,0.0,,-376.0,1061.0,-241.0,820.0,0.0,0.0,0.0,820.0,-1.0,819.0,0.0,0.0,819.0,584.95,-234.05,777.0,1.04,1.04,0.752831,786.0,1.03,1.03,0.732226,
10/31/2020,28901.167,,,,6496.11530659,,,,,,,,699.182,,,,,,,,546.273,,417.8,,,,,,417.8,,,417.8,447.2,,,0.478,0.478,0.548,,0.478,0.478,0.548,
01/31/2021,29581.056,,,,6615.50736384,,,,,,,,769.455,,,,,,,,632.727,,454.4,,,,,,454.4,,,454.4,494.067,,,0.587,0.587,0.618,,0.587,0.587,0.618,
