Date,Revenue,Cost of Revenue,Gross Profit,Other Operating Income,Operating Expenses,Operating Income or Losses,Interest Expense,Foreign Exchange Losses (Gains),Net Non-Operating Losses (Gains),Pretax Income,Income Tax Expense (Benefit),Income Before XO Items,Extraordinary Loss Net of Tax,Minority/Non Controlling Interests (Credits),Net Income/Net Profit (Losses),Total Cash Preferred Dividends,Other Adjustments,Net Inc Avail to Common Shareholders,Abnormal Losses (Gains),Tax Effect on Abnormal Items,Normalized Income,Basic EPS Before Abnormal Items,Basic EPS Before XO Items,Basic Earnings per Share,Basic Weighted Avg Shares,Diluted EPS Before Abnormal Items,Diluted EPS Before XO Items,Diluted EPS,Diluted Weighted Avg Shares,Source: Bloomberg
03/31/1990,554.914978,-239.565994,315.348984,,-257.730988,57.618,-16.066999,0.0,1.166,42.717001,-16.868,25.849001,0.0,,25.849001,0.0,,25.849001,,,25.849001,,0.25,0.25,103.582001,0.25,0.25,0.25,103.582001,
06/30/1990,591.739014,-242.847,348.892014,,-260.665985,88.225998,-16.194,0.0,1.188,73.219998,-28.611,44.609001,0.0,,44.609001,0.0,,44.609001,,,44.608998,,0.44,0.44,101.748001,0.44,0.44,0.44,101.748001,
09/30/1990,570.547974,-237.190994,333.356979,,-258.289001,75.068001,-14.675,0.0,1.383,61.776001,-25.188,36.588001,0.0,,36.588001,0.0,,36.588001,,,36.588001,,0.365,0.365,100.772003,0.365,0.365,0.365,100.772003,
12/31/1990,587.960022,-245.462006,342.498016,,-262.783997,79.713997,-14.736,0.0,3.251,68.228997,-26.23,41.999001,0.0,,41.999001,0.0,,41.999001,,,41.998997,0.425,0.425,0.425,99.323998,0.425,0.425,0.425,99.323998,
03/31/1991,540.073975,-238.824005,301.249969,,-261.730011,39.52,-14.281,0.0,0.493,25.732,-9.902,15.83,0.0,,15.83,0.0,,15.83,,,15.83,,0.16,0.16,100.346001,0.16,0.16,0.16,100.346001,
06/30/1991,569.497009,-235.731003,333.766006,,-258.291992,75.473999,-13.486,0.0,4.293,66.280999,-24.708,41.573002,0.0,,41.573002,0.0,,41.573002,,,41.572999,,0.41,0.41,101.494003,0.41,0.41,0.41,101.494003,
09/29/1991,539.244995,-228.475006,310.769989,,-259.049011,51.721001,-10.65,0.0,5.096,46.167001,-17.867001,28.299999,0.0,,28.299999,0.0,,28.299999,,,28.300001,,0.27,0.27,104.888,0.27,0.27,0.27,104.888,
12/31/1991,588.502014,-238.632996,349.869018,,-273.311005,76.557999,-8.284,0.0,3.916,72.189999,-25.825001,46.365002,0.0,,46.365002,0.0,,46.365002,,,46.364998,0.43,0.43,0.43,107.648002,0.43,0.43,0.43,107.648002,
03/29/1992,555.437988,-232.867996,322.569992,,-272.209991,50.360001,-7.476,0.0,-0.016,42.868001,-17.862,25.006001,-105.199997,,-80.194,0.0,,-80.194,,,25.006001,,0.23,-0.735,109.292,0.23,0.23,-0.735,109.292,
06/28/1992,590.531006,-229.916,360.615005,,-281.56601,79.049004,-5.412,0.0,1.92,75.557003,-29.466999,46.09,0.0,,46.09,0.0,,46.09,,,46.090004,,0.42,0.42,110.297997,0.42,0.42,0.42,110.297997,
09/27/1992,564.854004,-226.970993,337.883011,,-276.825012,61.057999,-11.593,0.0,0.697,50.161998,-18.77,31.392,0.0,,31.392,0.0,,31.392,,,31.391998,,0.285,0.285,110.860001,0.285,0.285,0.285,110.860001,
12/27/1992,618.705994,-242.787994,375.918,,-287.873993,88.043999,-13.148,0.0,-3.767,71.128999,-27.531,43.598,0.0,,43.598,0.0,,43.598,,,43.597999,0.395,0.395,0.395,110.974,0.395,0.395,0.395,110.974,
03/28/1993,583.893982,-242.953995,340.939987,,-287.26001,53.68,-13.19,0.0,-1.519,38.971001,-15.835,23.136,0.0,,23.136,0.0,,23.136,,,23.136001,,0.21,0.21,111.494003,0.21,0.21,0.21,111.494003,
06/27/1993,621.682007,-253.75,367.932007,,-291.687012,76.245003,-12.429,0.0,1.194,65.010003,-22.513,42.497002,0.0,,42.497002,0.0,,42.497002,,,42.497002,,0.385,0.385,110.952003,0.385,0.385,0.385,110.952003,
09/26/1993,593.124023,-246.641006,346.483017,,-288.169006,58.313999,-7.723,0.0,2.352,52.942999,-21.691999,31.250999,0.0,,31.250999,0.0,,31.250999,,,31.251,,0.285,0.285,109.914001,0.285,0.285,0.285,109.914001,
12/26/1993,652.64801,-257.207001,395.441009,,-298.822998,96.617996,-11.65,0.0,1.509,86.476996,-35.271999,51.205002,0.0,,51.205002,0.0,,51.205002,,,51.204997,0.465,0.465,0.465,110.293998,0.465,0.465,0.465,110.293998,
03/27/1994,630.862976,-260.511993,370.350983,,-305.540985,64.809998,-10.466,0.0,-2.682,51.661998,-21.290001,30.372,0.0,0.0,30.372,0.0,,30.372,,,30.371997,,0.275,0.275,110.466003,0.275,0.275,0.275,110.466003,
06/26/1994,661.549988,-261.065002,400.484985,,-305.199005,95.286003,-11.655,0.0,1.631,85.262003,-35.140999,50.120998,0.0,0.0,50.120998,0.0,,50.120998,,,50.121005,,0.46,0.46,109.096001,0.46,0.46,0.46,109.096001,
09/30/1994,642.612976,-260.339996,382.27298,,-306.996002,75.277,-11.145,0.0,-1.046,63.086,-25.843,37.243,0.0,,37.243,0.0,,37.243,,,37.243,,0.345,0.345,107.650002,0.345,0.345,0.345,107.650002,
12/25/1994,713.934998,-297.039001,416.895997,,-321.007996,95.888,-10.845,0.0,14.667,99.71,-36.896,62.813999,0.0,-9.65,53.164001,0.0,,53.164001,,,53.164,0.495,0.495,0.495,106.989998,0.495,0.495,0.495,106.989998,
03/26/1995,674.598999,-286.385986,388.213013,,-317.205994,71.007004,-12.156,0.0,4.41,63.261003,-25.974001,37.286999,-7.32,-1.614,28.353001,0.0,,28.353001,,,35.673003,0.345,0.345,0.275,103.765999,0.345,0.345,0.275,103.765999,
06/25/1995,687.455017,-291.108002,396.347015,,-311.632996,84.713997,-12.246,0.0,92.441002,164.908998,-68.419998,96.488998,0.0,-2.369,94.120003,0.0,,94.120003,,,94.12,0.94,0.94,0.94,100.122002,0.94,0.94,0.94,100.122002,
09/24/1995,637.994019,-312.06601,325.928009,,-306.846985,19.080999,-12.295,0.0,7.316,14.101999,-5.505,8.597,0.0,-2.007,6.59,0.0,,6.59,,,6.589999,0.065,0.065,0.065,98.828003,0.065,0.065,0.065,98.828003,
12/31/1995,751.786011,-342.398987,409.387024,,-343.904999,65.482002,-20.986,0.0,9.376,53.872002,-20.514999,33.356998,0.0,-2.358,30.999001,0.0,,30.999001,,,30.999003,0.315,0.315,0.315,98.07,0.315,0.315,0.315,98.07,
03/31/1996,570.755981,,,,,49.639,,,,,,22.993999,0.523,0.0,23.517,0.0,,23.517,,,,0.23,0.23,0.24,97.987999,0.23,0.23,0.24,98.945999,
06/30/1996,595.58197,,,,,78.647003,,,,,,41.480999,0.872,0.0,42.353001,0.0,,42.353001,,,,0.42,0.42,0.43,98.496002,0.42,0.42,0.43,99.014,
09/29/1996,576.887024,,,,,73.947998,,,,,,39.34,86.917,0.0,126.257004,0.0,,126.257004,,,,0.41,0.41,1.33,94.93,0.41,0.41,1.31,96.385002,
12/31/1996,630.999023,,,,,130.899002,,,,,,81.565002,-5.819,0.0,75.746002,0.0,,75.746002,-8.1,,,0.78,0.87,0.81,93.514,0.77,0.86,0.79,95.334999,
03/30/1997,600.830017,-342.791992,258.038025,,-159.869003,98.168999,-13.113,0.0,220.425003,305.481002,-127.363998,178.117004,-0.726,-2.659,174.731995,0.0,,174.731995,-128.300003,,47.158,0.5,1.88,1.88,93.124001,0.49,1.85,1.85,94.682999,
06/29/1997,711.656006,-389.368988,322.287018,,-185.309998,136.977005,-22.395,0.0,0.588,115.170005,-51.481998,63.688,0.35,-2.738,61.299999,0.0,,61.299999,,,60.950006,0.67,0.67,0.68,90.316002,0.6,0.6,0.61,100.777,
09/28/1997,748.703979,-426.977997,321.725983,,-213.789993,107.935997,-33.763,0.0,53.506001,127.678997,-51.426998,76.251999,0.545,-2.785,74.012001,0.0,,74.012001,-24.5,,48.966999,0.57,0.85,0.85,86.919998,0.46,0.69,0.69,106.660004,
12/28/1997,815.594971,-439.416992,376.177979,,-213.231995,162.945999,-28.014999,0.0,22.094,157.025,-67.074997,89.949997,16.341999,-3.321,102.971001,0.0,,102.971001,-10.3,,76.329002,0.92,1.04,1.23,83.541,0.74,0.84,1.0,83.541,
03/29/1998,743.882996,-422.550995,321.332001,,-208.145004,113.186996,-26.811001,0.0,87.709999,174.085995,-70.167999,103.917999,0.184,-2.481,101.621002,0.0,,101.621002,-45.0,,56.436996,0.67,1.23,1.23,79.949997,0.57,1.02,1.02,99.559998,
06/28/1998,779.291992,-436.554993,342.737,,-215.612,127.125,-25.624001,0.0,14.168,115.669,-46.195,69.473999,60.042,-2.549,126.967003,0.0,,126.967003,5.1,,72.025,0.86,0.81,1.57,78.599998,0.73,0.68,1.29,98.158997,
09/27/1998,752.778015,-429.091003,323.687012,,-212.057999,111.628998,-26.030001,0.0,7.856,93.454997,-33.965,59.490002,0.0,-2.507,56.983002,0.0,,56.983002,4.4,,61.382997,0.74,0.68,0.68,78.669998,0.63,0.58,0.58,97.746002,
12/27/1998,815.966003,-441.937988,374.028015,,-221.350998,152.677002,-22.955,0.0,5.733,135.455002,-51.957001,83.498001,0.0,-3.212,80.286003,0.0,,80.286003,3.2,,83.486001,1.02,0.98,0.98,78.307999,0.86,0.83,0.83,97.240997,
03/28/1999,770.799011,-431.968994,338.830017,,-213.167999,125.662003,-24.764,0.0,6.715,107.613003,-42.146999,65.466003,0.0,-2.599,62.867001,-3.51,0.0,59.357001,-1.0,,58.357003,0.75,0.76,0.76,78.425003,0.64,0.65,0.65,97.32,
06/27/1999,809.666016,-430.437988,379.228027,,-223.742996,155.485001,-23.032,0.0,14.88,147.333001,-57.887001,89.445999,0.0,-2.86,86.585999,-4.036,0.0,82.549999,-5.3,,77.25,0.97,1.04,1.04,79.0,0.83,0.88,0.88,97.847,
09/26/1999,784.739014,-416.89801,367.841003,,-216.863998,150.977005,-22.422001,0.0,1.833,130.388004,-51.696999,78.691002,0.0,-2.482,76.209,-3.369,0.0,72.84,,,72.840005,0.9,0.9,0.9,81.365997,0.78,0.78,0.78,97.980003,
03/28/2000,758.567017,-396.036011,362.531006,,-217.108994,145.421997,-26.049,0.0,152.134995,271.507992,-108.047997,163.460007,0.0,-2.605,160.854996,-3.161,0.0,157.693996,-152.371994,60.421001,65.743003,0.88,2.03,2.03,77.778999,0.74,1.74,1.74,92.667999,
06/25/2000,852.455994,-439.266998,413.188995,,-233.477005,179.712006,-27.639999,0.0,10.987,163.059007,-63.598999,99.459999,0.0,-3.187,96.273003,-2.818,0.0,93.455003,-5.365,,88.090008,1.2,1.23,1.23,75.929001,1.02,1.08,1.08,89.422997,
09/24/2000,769.234985,-401.045013,368.189972,,-213.352997,154.837006,-28.885,0.0,-0.346,125.606005,-46.931,78.675003,0.0,-2.569,76.106003,-2.818,0.0,73.288003,0.0,0.0,73.288006,0.99,0.99,0.99,74.330002,0.87,0.87,0.87,87.685997,
12/31/2000,738.679993,-378.317993,360.362,,-171.557007,188.804993,-33.648998,0.0,-177.225006,-22.069012,7.651,-14.418,0.0,-4.453,-18.871,-2.554,0.0,-21.425,99.0,,77.574988,1.09,-0.29,-0.29,73.442001,1.09,-0.29,-0.29,73.442001,
04/01/2001,735.39801,-408.787994,326.610016,,-210.100998,116.509003,-27.739,0.0,-17.559,71.211002,-27.535999,43.674999,0.0,-2.938,40.737,-2.776,0.0,37.960999,11.5,-4.401,45.060003,0.62,0.52,0.52,73.382004,0.56,0.47,0.47,86.064003,
07/01/2001,738.437,-477.494,260.943,0.0,-208.311,52.632,-26.149,,-3.318,23.165,-8.582,14.583,,-1.157,13.426,-2.387,0.0,11.039,0.0,,11.039,0.15,0.15,0.15,73.456,0.15,0.15,0.15,74.661,
09/30/2001,693.122009,-372.891998,320.230011,,-196.334,123.896004,-23.747,0.0,-5.077,95.072004,-37.124001,57.948002,0.0,-2.263,55.685001,-2.387,0.0,53.298001,0.0,0.0,53.298003,0.71,0.71,0.71,74.799004,0.65,0.65,0.65,85.836998,
12/30/2001,733.252014,-359.161987,374.090027,,-205.371994,168.718002,-21.677999,0.0,-19.414,127.626003,-49.333,78.292999,0.0,-3.317,74.975998,-0.574,0.0,74.401998,0.0,0.0,74.402003,0.91,0.91,0.91,82.660004,0.88,0.88,0.88,85.627998,
03/31/2002,678.211975,-369.088013,309.123962,,-188.294006,120.830002,-19.594,0.0,-16.865999,84.370003,-30.664,53.706001,-24.278999,-1.938,27.489,0.0,0.0,27.489,,,51.768003,0.62,0.62,0.33,84.016998,0.6,0.6,0.32,86.075996,
06/30/2002,715.104004,-367.600006,347.503998,,-190.041,157.462997,-18.636,0.0,-13.566,125.260998,-45.492001,79.768997,0.0,-2.975,76.793999,0.0,0.0,76.793999,,,76.793997,0.92,0.92,0.92,83.407997,0.9,0.9,0.9,85.376999,
09/29/2002,688.98999,-359.010986,329.979004,,-187.153,142.826004,-18.302999,0.0,-31.582001,92.941004,-33.521,59.419998,0.0,-2.884,56.535999,0.0,0.0,56.535999,18.0,-6.7,67.836004,0.82,0.68,0.68,82.795998,0.81,0.67,0.67,84.089996,
12/29/2002,759.288025,-382.115997,377.172028,,-192.929001,184.242996,-17.9,0.0,-9.142,157.200996,-57.265999,99.934998,0.0,-3.306,96.628998,0.0,0.0,96.628998,,,96.628998,1.18,1.18,1.18,82.043999,1.16,1.16,1.16,83.359001,
03/30/2003,699.312988,-382.196014,317.116974,,-206.565994,110.551003,-17.759001,0.0,-9.409,83.383002,-30.016001,53.367001,0.0,-2.695,50.672001,0.0,0.0,50.672001,,,50.672001,0.62,0.62,0.62,81.177002,0.62,0.62,0.62,82.074997,
06/29/2003,721.578003,-388.851013,332.72699,,-181.932999,150.794006,-17.229,0.0,-7.859,125.706006,-45.716,79.989998,0.0,-2.772,77.218002,0.0,0.0,77.218002,,,77.218006,0.96,0.96,0.96,80.528999,0.95,0.95,0.95,81.484001,
09/28/2003,685.344,-382.043,303.301,0.0,-174.306,128.995,,,-19.563,109.432,-38.275,71.157,,-2.008,69.149,0.0,0.0,69.149,,,69.149,0.86,0.86,0.86,80.203,0.85,0.85,0.85,81.327,
12/28/2003,772.880005,-406.635986,366.244019,,-188.977005,177.266998,-19.673,0.0,-2.71,154.883998,-52.936001,101.947998,0.0,-2.916,99.031998,0.0,0.0,99.031998,,,99.031997,1.24,1.24,1.24,79.696999,1.22,1.22,1.22,81.021004,
03/28/2004,712.270996,-400.847992,311.423004,,-200.363998,111.058998,-13.169,0.0,-8.306,89.583998,-31.735001,57.848999,0.0,-1.912,55.937,0.0,0.0,55.937,,,55.936997,0.71,0.71,0.71,79.004997,0.7,0.7,0.7,80.337997,
06/27/2004,760.216003,-399.981995,360.234009,,-205.225006,155.009003,-12.102,0.0,-7.534,135.373003,-46.539001,88.834,0.0,-2.572,86.262001,0.0,0.0,86.262001,-7.979,,78.283001,1.0,1.1,1.1,78.497002,0.98,1.08,1.08,79.789001,
09/26/2004,707.96698,-380.540009,327.426971,,-200.953003,126.473999,-11.235,0.0,-6.019,109.219999,-34.773998,74.445999,4.631,-2.198,76.878998,0.0,0.0,76.878998,,,72.248001,0.94,0.94,1.0,77.258003,0.93,0.93,0.99,77.935997,
12/26/2004,819.448975,-417.748993,401.699982,,-216.546997,185.153,-13.344,0.0,-2.323,169.486,-59.091999,115.025002,0.0,-3.229,107.165001,0.0,0.0,107.165001,-7.0,,100.165001,1.3,1.39,1.39,76.880997,1.29,1.38,1.38,77.737,
03/27/2005,724.728027,-408.252014,316.476013,,-205.606003,110.870003,-17.166,0.0,-8.5,85.204002,-22.993999,62.209999,0.0,-1.71,60.5,0.0,0.0,60.5,,,60.500003,0.8,0.8,0.8,75.561996,0.79,0.79,0.79,76.278999,
06/26/2005,761.51001,-407.285004,354.225006,,-210.878998,143.345993,-20.997,0.0,-3.651,118.697993,-41.992001,76.706001,0.0,-2.311,74.394997,0.0,0.0,74.394997,0.7453,,75.140293,1.01,1.0,1.0,74.071999,1.01,1.0,1.0,74.529999,
09/25/2005,723.841003,-413.964996,309.876007,,-213.626007,96.25,-24.069,0.0,-1.811,70.37,-24.995001,45.375,209.559998,-1.738,253.197006,0.0,0.0,253.197006,8.6,-3.1,49.136999,0.7,0.62,3.58,70.683998,0.69,0.61,3.56,71.080002,
12/25/2005,819.861023,-433.256989,386.604034,,-231.942993,154.660995,-28.358,0.0,4.0,130.302996,-44.007,86.295998,0.0,-2.949,83.347,0.0,0.0,83.347,,,83.346996,1.24,1.24,1.24,67.044998,1.24,1.24,1.24,67.292999,
03/26/2006,739.888,-106.994003,632.893997,,-544.469971,88.424004,-31.275999,0.0,-10.194,46.954004,-16.938999,30.014999,0.0,-1.638,28.377001,0.0,0.0,28.377001,6.888,,35.265005,0.52,0.42,0.42,67.081001,0.52,0.42,0.42,67.757004,
