Date,Revenue,Sales & Services Revenue,Cost of Revenue,Cost of Goods & Services,Gross Profit,Other Operating Income,Operating Expenses,"Selling, General & Admin",Research & Development,Other Operating Expense,Operating Income (Loss),Non-Operating (Income) Loss,"Interest Expense, Net",Interest Expense,Interest Income,Foreign Exch (Gain) Loss,Other Non-Op (Income) Loss,Pretax Income,Income Tax Expense (Benefit),Current Income Tax,Deferred Income Tax,Tax Allowance/Credit,Income (Loss) from Cont Ops,Net Extraordinary Losses (Gains),Discontinued Operations,XO & Accounting Changes,Income (Loss) Incl. MI,Minority Interest,"Net Income, GAAP",Preferred Dividends,Other Adjustments,"Net Income Avail to Common, GAAP","Net Income Avail to Common, Adj",Net Abnormal Losses (Gains),Basic Weighted Avg Shares,"Basic EPS, GAAP",Basic EPS from Cont Ops,"Basic EPS from Cont Ops, Adjusted",Diluted Weighted Avg Shares,"Diluted EPS, GAAP",Diluted EPS from Cont Ops,"Diluted EPS from Cont Ops, Adjusted",Source: Bloomberg
04/29/1989,964.617004,,-686.265991,,278.351013,,-188.985001,,,,89.365997,-15.177,,15.572,,0.0,-0.395,74.188998,-29.0,,,,45.188999,0.0,,,45.188998,0.0,45.188999,0.0,,45.188999,45.188999,,721.515991,0.0625,0.0625,,721.515991,0.0625,0.0625,0.0625,
07/29/1989,990.283997,,-689.663025,,300.620972,,-183.503006,,,,117.117996,-12.337,,15.424,,0.0,-3.087,104.780996,-41.0,,,,63.780998,0.0,,,63.780996,0.0,63.780998,0.0,,63.780998,63.780998,,722.247986,0.08625,0.08625,,722.247986,0.08625,0.08625,0.08625,
10/28/1989,1110.448975,,-763.320007,,347.128967,,-197.591003,,,,149.537994,-10.669,,13.517,,0.0,-2.848,138.868994,-54.0,,,,84.869003,0.0,,,84.868994,0.0,84.869003,0.0,,84.869003,84.869003,,723.44397,0.11625,0.11625,,723.44397,0.11625,0.11625,0.11625,
02/03/1990,1582.56604,,-1062.031982,,520.534058,,-251.302002,,,,269.231995,-13.145,,13.546,,0.0,-0.401,256.086995,-103.0,,,,153.087006,0.0,,,153.086995,0.0,153.087006,0.0,,153.087006,153.087006,,719.028015,0.21125,0.21125,,719.028015,0.21125,0.21125,0.21125,
05/05/1990,1107.344971,,-781.620972,,325.723999,,-214.145004,,,,111.579002,-9.264,,11.744,,0.0,-2.48,102.315002,-40.0,,,,62.314999,0.0,,,62.315002,0.0,62.314999,0.0,,62.314999,62.314999,,724.099976,0.085,0.085,,724.099976,0.085,0.085,0.085,
08/04/1990,1154.562012,,-802.544006,,352.018005,,-211.128998,,,,140.889008,-10.864,,13.423,,0.0,-2.559,130.025007,-51.0,,,,79.025002,0.0,,,79.025007,0.0,79.025002,0.0,,79.025002,79.025002,,725.432007,0.11,0.11,,725.432007,0.11,0.11,0.11,
11/03/1990,1247.892944,,-868.843018,,379.049927,,-227.975006,,,,151.074997,-12.157999,,16.334999,,0.0,-4.177,138.916998,-54.0,,,,84.917,0.0,,,84.916998,0.0,84.917,0.0,,84.917,84.917,,723.021973,0.115,0.115,,723.021973,0.115,0.115,0.115,
02/02/1991,1743.708984,,-1170.062012,,573.646972,,-279.653015,,,,293.993988,-11.813,,15.107,,0.0,-3.294,282.180988,-110.0,,,,172.181,0.0,,,172.180988,0.0,172.181,0.0,,172.181,172.181,,723.799988,0.24,0.24,0.24,723.799988,0.24,0.24,0.24,
05/04/1991,1284.482056,,-941.833008,,342.649048,,-248.018997,,,,94.629997,-10.77,,14.447,,0.0,-3.677,83.859998,-33.0,,,,50.860001,0.0,,,50.859998,0.0,50.860001,0.0,,50.860001,50.860001,,726.643982,0.07,0.07,,726.643982,0.07,0.07,0.07,
08/03/1991,1375.185059,,-985.661987,,389.523071,,-248.998993,,,,140.524002,-11.299,,16.211,,0.0,-4.912,129.225002,-50.0,,,,79.224998,0.0,,,79.225002,0.0,79.224998,0.0,,79.224998,79.224998,,726.869995,0.11,0.11,,726.869995,0.11,0.11,0.11,
11/02/1991,1433.411987,,-1033.530029,,399.881958,,-265.200989,,,,134.681,-15.809,,17.664,,0.0,-1.855,118.872,-46.0,,,,72.872002,0.0,,,72.872,0.0,72.872002,0.0,,72.872002,72.872002,,727.059998,0.1,0.1,,727.059998,0.1,0.1,0.1,
02/01/1992,2056.138916,,-1394.650024,,661.488892,,-318.623993,,,,342.86499,-14.52,,15.605,,0.0,-1.085,328.34499,-128.0,,,,200.345001,0.0,,,200.34499,0.0,200.345001,0.0,,200.345001,200.345001,,723.396972,0.275,0.275,0.275,723.396972,0.275,0.275,0.275,
05/02/1992,1415.625,,-1057.561035,,358.063965,,-271.562988,,,,86.500999,-1.976,,14.202,,0.0,-12.226,84.525,-33.0,,,,51.525002,0.0,,,51.525,0.0,51.525002,0.0,,51.525002,51.525002,,727.809998,0.07,0.07,,727.809998,0.07,0.07,0.07,
08/01/1992,1489.392944,,-1078.46106,,410.931885,,-268.227997,,,,142.703995,-11.631,,15.778,,0.0,-4.147,131.072995,-51.0,,,,80.072998,0.0,,,80.072995,0.0,80.072998,0.0,,80.072998,80.072998,,726.512024,0.11,0.11,,726.512024,0.11,0.11,0.11,
10/31/1992,1611.319946,,-1170.899048,,440.420898,,-295.19101,,,,145.229996,-15.234999,,17.341999,,0.0,-2.107,129.994997,-50.0,,,,79.995003,0.0,,,79.994997,0.0,79.995003,0.0,,79.995003,79.995003,,726.994019,0.11,0.11,,726.994019,0.11,0.11,0.11,
01/30/1993,2427.958008,,-1646.63501,,781.322998,,-367.059998,,,,414.263,-14.359,,15.076,,0.0,-0.717,399.904,-156.0,,,,243.904007,0.0,,,243.904,0.0,243.904007,0.0,,243.904007,243.904007,,725.12201,0.335,0.335,0.335,725.12201,0.335,0.335,0.335,
05/01/1993,1518.561035,,-1137.833984,,380.727051,,-295.238007,,,,85.488998,-13.264,,14.988,,0.0,-1.724,72.224998,-28.0,,,,44.224998,0.0,,,44.224998,0.0,44.224998,0.0,,44.224998,44.224998,,728.107971,0.06,0.06,,728.107971,0.06,0.06,0.06,
07/31/1993,1689.055054,,-1261.344971,,427.710083,,-301.415985,,,,126.293999,-15.062001,,16.349001,,0.0,-1.287,111.231998,-43.0,,,,68.232002,0.0,,,68.231998,0.0,68.232002,0.0,,68.232002,68.232002,,727.778015,0.095,0.095,,727.778015,0.095,0.095,0.095,
10/31/1993,1616.666992,,-1169.619019,,447.047974,,-295.541992,,,,151.505997,-15.291,,16.378,,0.0,-1.087,136.214996,-54.0,,,,82.214996,0.0,,,82.214996,0.0,82.214996,0.0,,82.214996,82.214996,,726.994019,0.115,0.115,,726.994019,0.115,0.115,0.115,
01/29/1994,2420.804932,,-1717.454956,,703.349976,,-367.700012,,,,335.649994,-10.323,,16.15,,0.0,-5.827,325.326994,-129.0,,,,196.326996,0.0,,,196.326994,0.0,196.326996,0.0,,196.326996,196.326996,,722.302002,0.27,0.27,0.27,722.302002,0.27,0.27,0.27,
04/30/1994,1481.628052,,-1096.697021,,384.93103,,-293.760986,,,,91.169998,-11.894,,14.67,,0.0,-2.776,79.275998,-32.0,,,,47.276001,0.0,,,47.275998,0.0,47.276001,0.0,,47.276001,47.276001,,717.125977,0.065,0.065,,717.125977,0.065,0.065,0.065,
07/31/1994,1585.391968,,-1182.725952,,402.666016,,-300.399994,,,,102.265999,-13.434,,14.75,,0.0,-1.316,88.831999,-35.0,,,,53.832001,0.0,,,53.831999,0.0,53.832001,0.0,,53.832001,53.832001,,717.268005,0.075,0.075,,717.268005,0.075,0.075,0.075,
10/29/1994,1715.176025,,-1219.880981,,495.295044,,-329.752991,,,,165.542007,-15.051999,,16.424999,,0.0,-1.373,150.490008,-60.0,,,,90.489998,0.0,,,90.490008,0.0,90.489998,0.0,,90.489998,90.489998,,717.762024,0.125,0.125,,717.762024,0.125,0.125,0.125,
01/28/1995,2538.593994,,-1707.125,,831.468994,,-391.459991,,,,440.009003,-14.265999,,19.535999,,0.0,-5.27,425.743004,-169.0,,,,256.743011,0.0,,,256.743004,0.0,256.743011,0.0,,256.743011,256.743011,,716.650024,0.36,0.36,0.36,716.650024,0.36,0.36,0.36,
04/29/1995,1588.134033,,-1185.468018,,402.666016,,-322.645996,,,,80.019997,-13.809001,,16.488001,,0.0,-2.679,66.210996,-27.0,,,,39.210999,0.0,,,39.210996,0.0,39.210999,0.0,,39.210999,39.210999,,715.950012,0.055,0.055,,715.950012,0.055,0.055,0.055,
07/29/1995,1718.642944,,-1294.947021,,423.695923,,-326.942993,,,,96.752998,-15.991001,,20.200001,,0.0,-4.209,80.761998,-32.0,,,,48.762001,0.0,,,48.761998,0.0,48.762001,0.0,,48.762001,48.762001,,717.919983,0.07,0.07,,717.919983,0.07,0.07,0.07,
10/28/1995,1803.295044,,-1350.337036,,452.958008,,-361.596985,,,,91.361,593.952024,,22.573,,0.0,-616.525024,685.313025,-28.0,,,,657.312988,0.0,,,657.313025,0.0,657.312988,0.0,,657.312988,657.312988,,717.840027,0.915,0.915,,717.840027,0.915,0.915,0.915,
02/03/1996,2771.36499,,-1963.152954,,808.212036,,-464.311005,,,,343.901001,30.698,,18.275999,,0.0,-48.973999,374.599001,-136.0,,,,238.598999,0.0,,,238.599001,-22.374001,216.225006,0.0,,216.225006,216.225006,,715.252014,0.3,0.3,0.3,715.252014,0.3,0.3,0.3,
05/04/1996,1787.942993,,-1318.401978,,469.541016,,-415.704987,,,,53.835999,0.594999,,16.547001,,0.0,-17.142,54.430998,-22.0,,,,32.431,0.0,,,32.430998,-4.279,28.152,0.0,,28.152,28.152,,620.97998,0.045,0.045,0.045,620.97998,0.045,0.045,0.045,
08/03/1996,1895.600952,,-1403.692017,,491.908936,,-410.367004,,,,81.542,-12.221999,,18.733999,,0.0,-6.512,69.320001,-28.0,,,,41.32,0.0,,,41.320001,-8.17,33.150002,0.0,,33.150002,33.150002,,544.153992,0.06,0.06,0.06,544.153992,0.06,0.06,0.06,
11/02/1996,1994.985962,,-1439.612061,,555.373901,,-467.023987,,,,88.349998,104.737001,,20.621,,0.0,-125.358002,193.087,-29.0,,,,164.087006,0.0,,,164.087,-4.574,159.513,0.0,,159.513,159.513,,543.455994,0.295,0.295,0.075,543.455994,0.295,0.295,0.075,
02/03/1997,2966.260986,,-1986.505981,,979.755005,,-555.416016,,,,424.338989,-16.323,,19.461,,0.0,-3.138,408.015989,-162.0,,,,246.016006,0.0,,,246.015989,-28.622999,217.393005,0.0,,217.393005,217.393005,,544.195984,0.395,0.394997,0.405,544.195984,0.39,0.39,0.4,
05/03/1997,1829.780029,,-1328.30896,,501.471069,,-451.846985,,,,49.624001,0.896,,16.547001,,0.0,-17.443001,50.52,-20.0,,,,30.52,0.0,,,30.52,-5.647,24.872999,0.0,,24.872999,24.872999,,542.643982,0.045,0.045,0.035,544.955994,0.045,0.045,0.035,
08/02/1997,2020.083984,,-1481.177002,,538.906982,,-466.247009,,,,72.660004,-9.454,,16.271999,,0.0,-6.818,63.206004,-25.0,,,,38.206001,0.0,,,38.206004,-10.632,27.573999,0.0,,27.573999,27.573999,,543.187988,0.05,0.05,0.05,546.427979,0.05,0.05,0.05,
11/01/1997,2070.559082,,-1449.577026,,620.982056,,-525.75,,,,95.232002,51.080997,,17.924999,,0.0,-69.005997,146.313,-59.0,,,,87.313004,0.0,,,87.313,-7.631,79.681999,0.0,,79.681999,79.681999,,544.23999,0.145,0.144997,0.075,551.038025,0.145,0.145,0.075,
01/31/1998,3268.381104,,-2111.763916,,1156.617188,,-680.81897,,,,475.798004,-278.973989,,17.983999,,0.0,260.98999,196.824015,-79.0,,,,117.823997,0.0,,,117.824015,-32.563,85.261002,0.0,,85.261002,85.261002,,,,,,,,,,
05/02/1998,2008.077026,,-1426.421997,,581.655029,,,,,,150.605774,,,,,,,,,,,,79.469,,,,,,79.469,0.0,,79.469,79.469,,547.676026,0.165,0.165,0.07,558.724,0.16,0.16,0.065,
08/01/1998,2083.101074,,-1473.516968,,609.584106,,,,,,156.232574,,,,,,,,,,,,1684.338,,,,,,1684.338,0.0,,1684.338,1684.338,,472.264008,3.574951,3.575,0.165,486.15799,3.47,3.47,0.065,
10/31/1998,1999.862061,,-1390.68396,,609.178101,,,,,,149.990005,,,,,,,,,,,,39.355,,,,,,39.355,0.0,,39.355,39.355,,454.626008,0.09,0.09,0.09,462.104004,0.085,0.085,0.085,
01/31/1999,3255.871094,,-2085.028076,,1170.843018,,,,,,227.514603,,,,,,,,,,,,228.174,,,,,,228.173996,0.0,,228.173996,228.173996,,,,,,,,,,
05/01/1999,2104.798096,,-1451.430054,,653.368042,,-563.038025,,,,90.330002,-1.459001,16.790001,16.790001,,0.0,-15.331,88.871001,-35.0,,,,53.870998,0.0,,,53.871001,-8.42,45.451,0.0,,45.451,45.451,,910.928,0.05,0.05,0.05,942.188,0.05,0.05,0.05,
07/31/1999,2267.821045,,-1540.17395,,727.647095,,-587.370972,,,,140.276001,-20.725,20.159,20.159,,0.0,0.566,119.551001,-48.0,,,,71.551003,0.0,,,71.551001,-14.069,57.481998,0.0,,57.481998,57.481998,,442.058014,0.13,0.13,0.15,460.451996,0.12,0.12,0.14,
10/30/1999,2064.10498,,-1393.855957,,670.249023,,-576.054993,,,,94.194,0.244999,20.412001,20.412001,,0.0,-20.657,94.438999,-47.0,,,,47.438999,0.0,,,47.438999,-6.077,41.362,0.0,,41.362,41.362,,429.421998,0.1,0.1,0.1,445.768006,0.09,0.09,0.09,
01/29/2000,3295.834,,-2004.635,,1291.199,,-708.691,,,,582.508,19.013,20.936,20.936,,0.0,-39.949,601.521,-241.0,,,,360.521,0.0,,,360.521,-44.057,316.464,0.0,0.0,316.464,316.464,-23.7744,889.884,0.355624,0.355624,0.328908,889.884,0.355624,0.355624,0.328908,
04/29/2000,2124.986084,,-1426.938965,,698.047119,,-570.997986,,,,127.049004,-4.238,14.008,14.008,,0.0,-9.77,122.811004,-49.0,,,,73.810997,0.0,,,73.811004,-10.861,62.950001,0.0,0.0,62.950001,62.950001,,430.484008,0.15,0.15,0.15,445.306,0.14,0.14,0.14,
07/29/2000,2262.977051,,-1518.900024,,744.077027,,-585.88501,,,,158.192001,-2.724,12.671,12.671,,0.0,-9.947,155.468001,-62.0,,,,93.468002,0.0,,,93.468001,-15.895,77.572998,0.0,0.0,77.572998,77.572998,,428.615997,0.18,0.18,0.18,446.229004,0.17,0.17,0.17,
10/28/2000,2168.375,,-1448.819946,,719.555054,,-615.094971,,,,104.459999,-10.318,,14.826,,0.0,-4.508,94.141999,-38.0,,,,56.141998,0.0,,,56.141999,-6.911,49.230999,0.0,0.0,49.230999,49.230999,,425.578003,0.12,0.12,0.12,441.368988,0.11,0.11,0.11,
02/03/2001,3521.927979,,-2244.730957,,1277.197021,,-789.763977,,,,487.433014,-31.604,,16.739,,0.0,14.865,455.829,-182.0,,,,273.82901,0.0,,,273.829,-35.678001,238.151001,0.0,0.0,238.151001,238.151001,6.435,439.286987,0.54,0.54,0.55,439.286987,0.54,0.54,,
05/05/2001,2126.844971,,-1456.296997,,670.547974,,-607.791992,,,,62.756001,-2.38,8.286,8.286,,0.0,-5.906,60.376001,-24.0,,,,36.375999,0.0,,,36.376001,-5.685,30.691,0.0,0.0,30.691,30.691,,426.338989,0.07,0.07,0.07,435.669006,0.07,0.07,0.07,
08/04/2001,2192.111084,,-1500.14502,,691.966064,,-614.948975,,,,77.016998,60.837002,,8.41,,0.0,-69.247002,137.854,-55.0,,,,82.853996,0.0,,,82.854,-11.304,71.550003,0.0,0.0,71.550003,71.550003,,427.587006,0.17,0.17,0.08,435.832001,0.16,0.16,0.08,
11/03/2001,1906.484009,,-1339.899048,,566.584961,,-583.127014,,,,-16.542,163.956997,,8.674,,0.0,-172.630997,147.414997,-59.0,,,,88.415001,0.0,,,88.414997,1.736,90.151001,0.0,0.0,90.151001,90.151001,,428.591003,0.21,0.21,-0.03,432.813995,0.21,0.21,-0.03,
02/02/2002,3137.578,,,,,0.0,-2513.218,,,,624.36,-1.949,,8.59,,,-6.641,622.411,-247.0,,,,375.411,,,,375.411,-48.882,326.529,0.0,0.0,326.529,326.529,,435.289,0.75,0.75,0.75,435.289,0.75,0.75,0.75,
05/04/2002,1798.707031,,-1177.046021,,621.66101,,-493.518005,,,,128.143005,-35.952,,9.23,-7.562,0.0,34.284,92.191005,-42.0,,,,50.191002,-5.73,,,55.921005,-6.063,49.858002,0.0,0.0,49.858002,49.858002,,474.186005,0.11,0.1,0.15,487.125,0.1,0.09,0.14,
08/03/2002,1912.416016,,-1239.447998,,672.968018,,-534.294983,,,,138.673004,-1.912,,6.155,-6.378,0.0,2.135,136.761004,-55.0,,,,81.761002,-1.486,,,83.247004,0.0,83.247002,0.0,0.0,83.247002,83.247002,,521.512024,0.16,0.16,0.16,536.843018,0.16,0.15,0.15,
11/02/2002,1767.564941,,-1203.409058,,564.155884,,-546.807983,,,,17.348,4.286,,6.443,-5.728,0.0,-5.001,21.634,-8.0,,,,13.634,-2.141,,,15.775,0.0,15.775,0.0,0.0,15.775,15.775,,523.018005,0.03,0.03,0.02,531.208984,0.03,0.03,0.02,
02/01/2003,2965.966,,,,,0.0,-2378.396,,,,587.57,5.09,-1.254,7.731,-8.985,,-3.836,592.66,-236.0,,,,356.66,3.801,,,352.859,,352.859,,0.0,352.859,352.859,,530.833,0.66,0.671887,0.671887,530.833,0.66,0.66716,0.67,
05/03/2003,1842.296997,,-1230.234009,,612.062988,,-503.011993,,,,109.051003,53.478998,,26.969999,-9.234,0.0,-71.214997,162.530001,-65.0,,,,97.529999,0.0,,,97.530001,0.0,97.529999,0.0,0.0,97.529999,97.529999,,522.754028,0.19,0.19,0.09,527.031982,0.19,0.19,0.09,
08/02/2003,2014.105957,,-1311.881958,,702.223999,,-531.856995,,,,170.367004,-2.408,,11.425,-8.107,0.0,-0.91,167.959004,-66.0,,,,101.959,0.0,,,101.959004,0.0,101.959,0.0,0.0,101.959,101.959,,520.135986,0.2,0.2,0.2,526.348022,0.19,0.19,0.19,
11/01/2003,1846.77002,,-1251.317017,,595.453003,,-553.281006,,,,42.172001,158.502002,,11.69,-11.69,0.0,-158.502002,200.674003,-71.0,,,,129.673996,0.0,,,129.674003,0.0,129.673996,0.0,0.0,129.673996,129.673996,,517.083008,0.25,0.25,0.08,524.380005,0.25,0.25,0.08,
01/31/2004,3230.917969,,-1889.814941,,1341.103027,,-699.611023,,,,641.492004,-6.845,,11.733,-8.637,0.0,3.749,634.647005,-247.0,,,,387.647003,0.0,,,387.647005,0.0,387.647003,0.0,0.0,387.647003,387.647003,,516.866028,0.75,0.75,0.75,525.164978,0.74,0.74,0.74,
05/01/2004,1978.199951,,-1302.550049,,675.649902,,-556.281982,,,,119.372002,37.265001,,11.643,-7.974,0.0,-40.934001,156.637003,-60.0,,,,96.637001,0.0,,,96.637003,0.0,96.637001,0.0,0.0,96.637001,96.637001,,505.992004,0.19,0.19,0.13,515.439026,0.19,0.19,0.13,
07/31/2004,2210.832031,,-1412.863037,,797.968994,,-571.026001,,,,226.942993,15.009,,12.047,-8.459,0.0,-18.597,241.951993,-94.0,,,,147.951996,0.0,,,147.951993,0.0,147.951996,0.0,0.0,147.951996,147.951996,,472.115997,0.31,0.31,0.29,480.29599,0.31,0.31,0.29,
10/30/2004,1890.859985,,-1277.27002,,613.589966,,-560.440002,,,,53.150002,47.199998,,13.234,-13.234,0.0,-47.199998,100.349999,-22.0,,,,78.349998,0.0,,,78.349999,0.0,78.349998,0.0,0.0,78.349998,78.349998,,470.774017,0.16,0.16,0.1,479.89798,0.16,0.16,0.1,
01/29/2005,3328.11,,-2037.32,,1290.79,,-663.252,,,,627.535,-10.474,,21.076,-0.333,0.0,-10.269,617.061,-235.0,,,,382.061,0.0,,,382.061,0.0,382.061,0.0,0.0,382.061,382.061,,431.0,0.89,0.89,0.89,438.85,0.87,0.87,0.87,
04/30/2005,1974.932,,-1290.279,,684.653,,-566.119,,,,118.534,-15.113,17.741,23.069,-5.328,0.0,-2.628,103.421,-37.0,,,,66.421,-16.844,,,83.265,0.0,83.265,0.0,0.0,83.265,83.265,,406.958,0.2,0.16,0.16,417.234,0.2,0.16,0.16,
07/30/2005,2290.901,,-1497.531,,793.37,,-589.456,,,,203.914,-18.837,17.619,21.889,-4.27,0.0,1.218,185.077,-72.0,,,,113.077,0.0,,,113.077,0.0,113.077,0.0,0.0,113.077,113.077,,403.667,0.28,0.28,0.28,411.968,0.27,0.27,0.27,
10/29/2005,1891.551,,-1311.122,,580.429,,-577.758,,,,2.671,-21.979,20.916,24.561,-3.645,0.0,1.063,-19.308,7.0,,,,-12.308,0.0,,,-12.308,0.0,-12.308,0.0,,-12.308,-12.308,,400.803,-0.03,-0.03,-0.03,400.803,-0.03,-0.03,-0.03,
01/28/2006,3541.615967,,-2044.27002,,1497.345947,,-766.189026,,,,731.156982,17.756998,,24.481001,-48.757,0.0,6.519001,748.91398,-216.0,,,,559.085999,0.0,,,532.91398,0.0,559.085999,0.0,0.0,559.085999,559.085999,,398.540009,1.37,1.37,1.31,406.290009,1.34,1.34,1.28,
04/29/2006,2077.0,,-1288.0,,789.0,,-603.0,,,,186.0,-17.0,15.0,24.0,-9.0,0.0,2.0,169.0,-71.0,,,,98.0,-1.0,,,99.0,0.0,99.0,0.0,0.0,99.0,99.0,,394.195,0.25,0.25,0.25,400.415,0.25,0.25,0.25,
07/29/2006,2454.0,,-1601.0,,853.0,,-656.0,,,,197.0,-17.0,16.0,24.0,-8.0,0.0,1.0,180.0,-67.0,,,,113.0,0.0,,,113.0,0.0,113.0,0.0,0.0,113.0,113.0,,395.836,0.29,0.29,0.29,402.343,0.28,0.28,0.28,
10/28/2006,2115.0,,-1356.0,,759.0,,-692.0,,,,67.0,-25.0,23.0,26.0,-3.0,0.0,2.0,42.0,-18.0,,,,24.0,0.0,,,24.0,0.0,24.0,0.0,0.0,24.0,24.0,,395.153,0.06,0.06,0.06,401.896,0.06,0.06,0.06,
02/03/2007,4024.702,,-2412.457,,1612.245,,-885.425,,,,726.82,-21.042,23.402,27.821,-4.419,0.0,-2.36,705.778,-266.0,,,,439.778,0.0,,,439.778,0.0,439.778,0.0,0.0,439.778,439.778,,396.396,1.11,1.11,1.11,405.34,1.08,1.08,1.08,
05/05/2007,2311.0,,-1508.0,,803.0,,-695.0,,,,108.0,-22.0,22.0,25.0,-3.0,0.0,0.0,86.0,-39.0,,,,47.0,0.0,,,47.0,6.0,53.0,0.0,0.0,53.0,53.0,,399.75,0.13,0.13,0.13,406.164,0.13,0.13,0.13,
08/04/2007,2624.0,,-1813.0,,811.0,0.0,-722.0,,,,89.0,318.0,28.0,31.0,-3.0,,-346.0,407.0,-159.0,,,,248.0,0.0,,,248.0,16.0,264.0,0.0,0.0,264.0,264.0,-144.3,390.0,0.676923,0.676923,0.31,396.0,0.666667,0.666667,0.31,
11/03/2007,1923.0,,-1315.0,,608.0,0.0,-546.0,,,,62.0,-40.0,41.0,47.0,-6.0,,-1.0,22.0,-11.0,,,,11.0,0.0,,,11.0,1.0,12.0,0.0,0.0,12.0,12.0,,361.0,0.03,0.03,0.03,365.0,0.03,0.03,0.03,
02/02/2008,3276.181,,-1972.36,,1303.821,,-682.377,,,,621.444,-30.776,40.782,46.292,-5.51,0.0,-10.006,590.668,-202.0,,,,388.668,0.0,,,388.668,-0.112,388.556,0.0,0.0,388.556,388.556,,353.232727,1.1,1.1,0.94,353.786,1.1,1.1,0.94,
05/03/2008,1925.0,1925.0,-1284.0,1284.0,641.0,0.0,-432.0,541.0,,-109.0,209.0,-34.0,39.0,45.0,-6.0,,-5.0,175.0,-78.0,,,,97.0,0.0,0.0,0.0,97.0,1.0,98.0,0.0,0.0,98.0,27.15,-70.85,341.0,0.29,0.29,0.079619,344.0,0.28,0.28,0.074041,
08/02/2008,2284.0,2284.0,-1523.0,1523.0,761.0,0.0,-575.0,575.0,,0.0,186.0,-25.0,42.0,47.0,-5.0,,-17.0,161.0,-62.0,,,,99.0,0.0,0.0,0.0,99.0,3.0,102.0,0.0,0.0,102.0,102.0,0.0,339.0,0.3,0.3,0.3,341.0,0.3,0.3,0.3,
11/01/2008,1843.0,1843.0,-1263.0,1263.0,580.0,0.0,-539.0,539.0,,0.0,41.0,-38.0,39.0,44.0,-5.0,,-1.0,3.0,1.0,,,,4.0,0.0,0.0,0.0,4.0,0.0,4.0,0.0,0.0,4.0,-18.809,-22.809,337.0,0.01,0.01,-0.055813,340.0,0.01,0.01,-0.057085,
01/31/2009,2991.102,2991.102,-1966.442,1966.442,1024.66,0.0,-871.525,656.525,,215.0,153.135,-42.925,43.402,44.575,-1.173,,-0.477,110.21,-94.104,,,,16.106,0.0,0.0,0.0,16.106,,16.106,0.0,0.0,16.106,170.546,154.44,323.463,0.05,0.05,0.52725,323.463,0.05,0.05,0.52725,
05/02/2009,1725.0,1725.0,-1177.0,1177.0,548.0,0.0,-483.0,483.0,,0.0,65.0,-62.0,61.0,62.0,-1.0,,1.0,3.0,0.0,0.0,0.0,0.0,3.0,0.0,0.0,0.0,3.0,,3.0,0.0,0.0,3.0,3.0,0.0,321.0,0.01,0.01,0.01,323.0,0.01,0.01,0.01,
08/01/2009,2067.0,2067.0,-1399.0,1399.0,668.0,0.0,-510.0,519.0,,-9.0,158.0,-59.0,57.0,58.0,-1.0,,2.0,99.0,-25.0,,,,74.0,0.0,0.0,0.0,74.0,,74.0,0.0,0.0,74.0,60.96,-13.04,322.0,0.23,0.23,0.189317,326.0,0.23,0.23,0.189317,
10/31/2009,1777.0,1777.0,-1214.0,1214.0,563.0,0.0,-504.0,504.0,,0.0,59.0,-47.0,,55.0,,,-8.0,12.0,3.0,,,,15.0,0.0,0.0,0.0,15.0,,15.0,0.0,0.0,15.0,15.0,0.0,322.0,0.05,0.05,0.05,328.0,0.05,0.05,0.05,
01/30/2010,3063.352,3063.352,-1814.374,1814.374,1248.978,0.0,-663.433,660.03,0.0,3.403,585.545,-49.133,60.941,61.296,-0.355,,-11.808,536.412,-180.304,,,,356.108,0.0,0.0,0.0,356.108,,356.108,0.0,0.0,356.108,335.01995,-21.08805,329.819,1.08,1.08,1.015769,329.819,1.08,1.08,1.015769,
05/01/2010,1932.0,1932.0,-1238.0,1238.0,694.0,0.0,-509.0,509.0,,0.0,185.0,2.0,60.0,61.0,-1.0,,-62.0,187.0,-74.0,,,,113.0,0.0,0.0,0.0,113.0,,113.0,0.0,0.0,113.0,83.4,-29.6,323.0,0.35,0.35,0.258204,333.0,0.34,0.34,0.251111,
07/31/2010,2242.0,2242.0,-1464.0,1464.0,778.0,0.0,-542.0,542.0,,0.0,236.0,8.0,,51.0,,,-59.0,244.0,-66.0,,,,178.0,0.0,0.0,0.0,178.0,,178.0,0.0,0.0,178.0,147.58,-30.42,325.0,0.55,0.55,0.454092,334.0,0.54,0.54,0.448922,
10/30/2010,1983.0,1983.0,-1269.0,1269.0,714.0,0.0,-565.0,565.0,,0.0,149.0,-48.0,47.539,48.0,-0.461,,0.461,101.0,-40.0,,,,61.0,0.0,0.0,0.0,61.0,,61.0,0.0,0.0,61.0,61.0,0.0,322.0,0.19,0.19,0.19,332.0,0.18,0.18,0.18,
01/29/2011,3455.86,3455.86,-2011.107,2011.107,1444.753,0.0,-731.251,731.251,,0.0,713.502,4.531,,48.299,,,-52.83,718.033,-265.742,,,,452.291,0.0,0.0,0.0,452.291,,452.291,0.0,0.0,452.291,452.291,0.0,332.875,1.36,1.36,1.36,332.875,1.36,1.36,1.36,
04/30/2011,2217.0,2217.0,-1375.0,1375.0,842.0,0.0,-625.0,625.0,,0.0,217.0,32.0,,55.0,,,-87.0,249.0,-84.0,,,,165.0,0.0,0.0,0.0,165.0,,165.0,0.0,0.0,165.0,129.6,-35.4,317.0,0.52,0.52,0.408833,328.0,0.5,0.5,0.392073,
07/30/2011,2458.0,2458.0,-1556.0,1556.0,902.0,0.0,-708.0,708.0,,0.0,194.0,82.0,,64.0,,,-146.0,276.0,-45.0,,,,231.0,0.0,0.0,0.0,231.0,,231.0,0.0,0.0,231.0,231.0,0.0,305.0,0.76,0.76,0.76,315.0,0.73,0.73,0.73,
10/29/2011,2174.0,2174.0,-1389.0,1389.0,785.0,0.0,-599.0,599.0,,0.0,186.0,-64.0,,64.0,,,0.0,122.0,-28.0,,,,94.0,0.0,0.0,0.0,94.0,,94.0,0.0,0.0,94.0,77.3,-16.7,298.0,0.32,0.32,0.259396,308.0,0.31,0.31,0.255779,
01/28/2012,3515.426,3515.426,-1987.769,1987.769,1527.657,0.0,-886.521,765.46,,121.061,641.136,-61.198,,63.487,,,-2.289,579.938,-220.497,,,,359.441,0.0,0.0,0.0,359.441,,359.441,0.0,0.0,359.441,487.441,128.0,306.042,1.17,1.17,1.592726,306.042,1.17,1.17,1.588243,
04/28/2012,2154.0,2154.0,-1252.0,1252.0,902.0,0.0,-609.0,609.0,,0.0,293.0,-80.0,,78.0,,,2.0,213.0,-88.0,,,,125.0,0.0,0.0,0.0,125.0,,125.0,0.0,0.0,125.0,125.0,0.0,292.0,0.43,0.43,0.43,301.0,0.41,0.41,0.41,
07/28/2012,2399.0,2399.0,-1457.0,1457.0,942.0,0.0,-637.0,637.0,,0.0,305.0,-76.0,,79.0,,,-3.0,229.0,-86.0,,,,143.0,0.0,0.0,0.0,143.0,,143.0,0.0,0.0,143.0,143.0,0.0,290.0,0.5,0.5,0.5,296.0,0.49,0.49,0.49,
10/27/2012,2050.0,2050.0,-1225.0,1225.0,825.0,0.0,-638.0,638.0,,0.0,187.0,-59.0,,77.0,,,-18.0,128.0,-54.0,,,,74.0,0.0,0.0,0.0,74.0,,74.0,0.0,0.0,74.0,76.2,2.2,288.0,0.26,0.26,0.264583,294.0,0.25,0.25,0.257483,
02/02/2013,3855.583,3855.583,-2139.298,2139.298,1716.285,0.0,-928.528,835.327,,93.201,787.757,-77.347,,82.254,,,-4.907,710.41,-299.014,,,,411.396,0.0,0.0,0.0,411.396,,411.396,0.0,0.0,411.396,519.196,107.8,295.423,1.39,1.39,1.757466,295.423,1.39,1.39,1.7549,
05/04/2013,2268.0,2268.0,-1327.0,1327.0,941.0,0.0,-630.0,630.0,,0.0,311.0,-76.0,,79.0,,,-3.0,235.0,-92.0,,,,143.0,0.0,0.0,0.0,143.0,,143.0,0.0,0.0,143.0,143.0,0.0,289.0,0.49,0.49,0.49,295.0,0.48,0.48,0.48,
08/03/2013,2516.0,2516.0,-1527.0,1527.0,989.0,0.0,-631.0,631.0,,0.0,358.0,-76.0,,77.0,,,-1.0,282.0,-104.0,,,,178.0,0.0,0.0,0.0,178.0,,178.0,0.0,0.0,178.0,178.0,0.0,290.0,0.62,0.62,0.62,296.0,0.61,0.61,0.61,
11/02/2013,2171.0,2171.0,-1314.0,1314.0,857.0,0.0,-646.0,646.0,,0.0,211.0,-69.0,,76.0,,,-7.0,142.0,-50.0,,,,92.0,0.0,0.0,0.0,92.0,,92.0,0.0,0.0,92.0,92.0,0.0,290.0,0.32,0.32,0.32,297.0,0.31,0.31,0.31,
02/01/2014,3818.202,3818.202,-2175.897,2175.897,1642.305,0.0,-778.844,778.844,,0.0,863.461,-76.67,,82.22,,,-5.55,786.791,-297.171,,,,489.62,0.0,0.0,0.0,489.62,,489.62,0.0,0.0,489.62,489.62,0.0,297.018,1.65,1.65,1.65,297.018,1.65,1.65,1.65,
05/03/2014,2391.0,2391.0,-1409.0,1409.0,982.0,0.0,-646.0,646.0,,0.0,336.0,-81.0,,84.0,,,-3.0,255.0,-98.0,,,,157.0,0.0,0.0,0.0,157.0,,157.0,0.0,0.0,157.0,157.0,0.0,291.0,0.54,0.54,0.54,297.0,0.53,0.53,0.53,
08/02/2014,2675.0,2675.0,-1631.0,1631.0,1044.0,0.0,-668.0,668.0,,0.0,376.0,-80.0,,82.0,,,-2.0,296.0,-108.0,,,,188.0,0.0,0.0,0.0,188.0,,188.0,0.0,0.0,188.0,188.0,0.0,292.0,0.65,0.65,0.65,297.0,0.63,0.63,0.63,
11/01/2014,2319.0,2319.0,-1372.0,1372.0,947.0,0.0,-663.0,663.0,,0.0,284.0,-79.0,,80.0,,,-1.0,205.0,-73.0,,,,132.0,0.0,0.0,0.0,132.0,,132.0,0.0,0.0,132.0,132.0,0.0,292.0,0.45,0.45,0.45,298.0,0.44,0.44,0.44,
01/31/2015,4068.685,4068.685,-2233.914,2233.914,1834.771,0.0,-877.818,877.818,,0.0,956.953,-77.407,,77.744,,,-0.337,879.546,-314.733,,,,564.813,0.0,0.0,0.0,564.813,,564.813,0.0,0.0,564.813,564.813,0.0,299.04,1.89,1.89,1.89,299.04,1.89,1.89,1.89,
05/02/2015,2512.0,2512.0,-1456.0,1456.0,1056.0,0.0,-684.0,684.0,,0.0,372.0,-3.0,,80.0,,,-77.0,369.0,-119.0,,,,250.0,0.0,0.0,0.0,250.0,,250.0,0.0,0.0,250.0,181.0,-69.0,293.0,0.86,0.86,0.617747,299.0,0.84,0.84,0.609231,
08/01/2015,2765.0,2765.0,-1651.0,1651.0,1114.0,0.0,-711.0,711.0,,0.0,403.0,-80.0,,78.0,,,2.0,323.0,-121.0,,,,202.0,0.0,0.0,0.0,202.0,,202.0,0.0,0.0,202.0,202.0,0.0,291.0,0.69,0.69,0.69,297.0,0.68,0.68,0.68,
10/31/2015,2482.0,2482.0,-1451.0,1451.0,1031.0,0.0,-692.0,692.0,,0.0,339.0,-79.0,,79.0,,,0.0,260.0,-96.0,,,,164.0,0.0,0.0,0.0,164.0,,164.0,0.0,0.0,164.0,164.0,0.0,291.0,0.56,0.56,0.56,296.0,0.55,0.55,0.55,
01/30/2016,4395.039,4395.039,-2392.626,2392.626,2002.413,0.0,-924.435,924.435,,0.0,1077.978,-95.877,,97.151,,,-1.274,982.101,-346.084,,,,636.017,0.0,0.0,0.0,636.017,,636.017,0.0,0.0,636.017,636.017,0.0,290.418721,2.19,2.19,2.19,295.174,2.15,2.15,2.15,
04/30/2016,2614.0,2614.0,-1571.0,1571.0,1043.0,0.0,-720.0,720.0,,0.0,323.0,-90.0,,97.0,,,-7.0,233.0,-81.0,,,,152.0,0.0,0.0,0.0,152.0,,152.0,0.0,0.0,152.0,170.37,18.37,288.0,0.53,0.53,0.591562,293.0,0.52,0.52,0.582696,
07/30/2016,2890.0,2890.0,-1777.0,1777.0,1113.0,0.0,-705.0,705.0,,0.0,408.0,-28.0,,101.0,,,-73.0,380.0,-128.0,,,,252.0,0.0,0.0,0.0,252.0,,252.0,0.0,0.0,252.0,204.2,-47.8,287.0,0.88,0.88,0.711498,291.0,0.87,0.87,0.705739,
10/29/2016,2581.0,2581.0,-1556.0,1556.0,1025.0,0.0,-741.0,741.0,,0.0,284.0,-94.0,,97.0,,,-3.0,190.0,-68.0,,,,122.0,0.0,0.0,0.0,122.0,,122.0,0.0,0.0,122.0,122.0,0.0,286.0,0.43,0.43,0.43,290.0,0.42,0.42,0.42,
01/28/2017,4489.483,4489.483,-2545.46,2545.46,1944.023,0.0,-956.471,956.471,,0.0,987.552,-94.929,,98.346,,,-3.417,892.623,-260.878,,,,631.745,0.0,0.0,0.0,631.745,,631.745,0.0,0.0,631.745,631.745,0.0,286.0,2.21,2.21,2.21,290.231,2.18,2.18,2.18,
04/29/2017,2437.0,2437.0,-1534.0,1534.0,903.0,0.0,-694.0,694.0,,0.0,209.0,-91.0,,101.0,,,-10.0,118.0,-24.0,,,,94.0,0.0,0.0,0.0,94.0,,94.0,0.0,0.0,94.0,94.0,0.0,286.0,0.33,0.33,0.33,289.0,0.33,0.33,0.33,
07/29/2017,2755.0,2755.0,-1727.0,1727.0,1028.0,0.0,-727.0,727.0,,0.0,301.0,-84.0,,101.0,,,-17.0,217.0,-78.0,,,,139.0,0.0,0.0,0.0,139.0,,139.0,0.0,0.0,139.0,139.0,0.0,287.0,0.48,0.48,0.48,289.0,0.48,0.48,0.48,
10/28/2017,2618.0,2618.0,-1629.0,1629.0,989.0,0.0,-757.0,757.0,,0.0,232.0,-97.0,,99.0,,,-2.0,135.0,-49.0,,,,86.0,0.0,0.0,0.0,86.0,,86.0,0.0,0.0,86.0,86.0,0.0,284.0,0.3,0.3,0.3,285.0,0.3,0.3,0.3,
02/03/2018,4823.105,4823.105,-2782.769,2782.769,2040.336,0.0,-1053.697,1053.697,,0.0,986.639,-144.459,,106.313,,,38.146,842.18,-178.108,,,,664.072,0.0,0.0,0.0,664.072,,664.072,0.0,0.0,664.072,600.611,-63.461,284.546,2.33,2.33,2.110769,284.546,2.33,2.33,2.106975,
05/05/2018,2626.0,2626.0,-1682.0,1682.0,944.0,0.0,-789.0,789.0,,0.0,155.0,-96.0,,98.0,,,-2.0,59.0,-11.0,,,,48.0,0.0,0.0,0.0,48.0,,48.0,0.0,0.0,48.0,48.0,0.0,279.0,0.17,0.17,0.17,281.587,0.17,0.17,0.17,
08/04/2018,2984.0,2984.0,-1925.0,1925.0,1059.0,0.0,-831.0,831.0,,0.0,228.0,-99.0,,98.0,,,1.0,129.0,-30.0,,,,99.0,0.0,0.0,0.0,99.0,,99.0,0.0,0.0,99.0,103.74,4.74,277.0,0.36,0.36,0.374513,279.0,0.36,0.36,0.374513,
11/03/2018,2775.0,2775.0,-1847.0,1847.0,928.0,0.0,-874.0,874.0,,0.0,54.0,-95.0,,96.0,,,-1.0,-41.0,-2.0,,,,-43.0,0.0,0.0,0.0,-43.0,,-43.0,0.0,0.0,-43.0,44.725,87.725,275.0,-0.16,-0.16,0.162636,275.0,-0.16,-0.16,0.159,
02/02/2019,4852.309,4852.309,-2884.629,2884.629,1967.68,0.0,-1168.232,1068.99,,99.242,799.448,-88.422,,92.812,,,-4.39,711.026,-170.944,,,,540.082,0.0,0.0,0.0,540.082,,540.082,0.0,0.0,540.082,595.182,55.1,275.0,1.94,1.94,2.141443,277.935,1.94,1.94,2.138248,
05/04/2019,2629.0,2629.0,-1695.0,1695.0,934.0,0.0,-781.0,781.0,,0.0,153.0,-93.0,,99.0,,,-6.0,60.0,-20.0,,,,40.0,0.0,0.0,0.0,40.0,,40.0,0.0,0.0,40.0,40.0,0.0,276.0,0.15,0.15,0.15,278.0,0.14,0.14,0.14,
08/03/2019,2902.0,2902.0,-1919.0,1919.0,983.0,0.0,-808.0,808.0,,0.0,175.0,-133.0,,95.0,,,38.0,42.0,-4.0,,,,38.0,0.0,0.0,0.0,38.0,,38.0,0.0,0.0,38.0,68.032,30.032,276.0,0.14,0.14,0.246493,278.487,0.14,0.14,0.246493,
11/02/2019,2677.0,2677.0,-1936.0,1936.0,741.0,0.0,-892.0,892.0,,0.0,-151.0,-126.0,,92.0,,,34.0,-277.0,25.0,,,,-252.0,0.0,0.0,0.0,-252.0,,-252.0,0.0,0.0,-252.0,5.734,257.734,276.0,-0.91,-0.91,0.020775,276.398,-0.91,-0.91,0.020775,
02/01/2020,4707.141,4707.141,-2913.454,2913.454,1793.687,0.0,-1711.973,1022.397,,689.576,81.714,-88.257,,91.977,,,-3.72,-6.543,-185.712,,,,-192.255,0.0,0.0,0.0,-192.255,,-192.255,0.0,0.0,-192.255,523.708,715.963,276.477,-0.7,-0.7,1.894219,276.477,-0.7,-0.7,1.889593,
05/02/2020,1654.0,1654.0,-1366.0,1366.0,288.0,0.0,-606.0,606.0,,0.0,-318.0,-94.0,,97.0,,,-3.0,-412.0,115.0,,,,-297.0,0.0,0.0,0.0,-297.0,,-297.0,0.0,0.0,-297.0,-275.0,22.0,277.0,-1.07,-1.07,-0.99278,277.0,-1.07,-1.07,-0.99278,
08/01/2020,2319.0,2319.0,-1608.0,1608.0,711.0,0.0,-667.0,667.0,,0.0,44.0,-104.0,,104.0,,,0.0,-60.0,11.0,,,,-49.0,0.0,0.0,0.0,-49.0,,-49.0,0.0,0.0,-49.0,69.629,118.629,277.0,-0.18,-0.18,0.251368,277.795,-0.18,-0.18,0.247038,
10/31/2020,2607.833,,,,912.06351342,,,,,,126.718,,,,,,,14.512,,,,,44.063,,,,,,44.063,,,44.063,3.846,,,-0.027,-0.027,0.033,,-0.027,-0.027,0.033,
01/31/2021,4563.917,,,,1740.31283044,,,,,,836.313,,,,,,,729.737,,,,,378.75,,,,,,378.75,,,378.75,524.6,,,1.7,1.7,1.817,,1.7,1.7,1.817,
