Date,Revenue,Sales & Services Revenue,Other Revenue,Cost of Revenue,Cost of Goods & Services,Gross Profit,Other Operating Income,Operating Expenses,"Selling, General & Admin",Research & Development,Other Operating Expense,Operating Income (Loss),Non-Operating (Income) Loss,"Interest Expense, Net",Interest Expense,Interest Income,Other Investment (Inc) Loss,Foreign Exch (Gain) Loss,(Income) Loss from Affiliates,Other Non-Op (Income) Loss,Pretax Income,Income Tax Expense (Benefit),Income (Loss) from Cont Ops,Net Extraordinary Losses (Gains),Discontinued Operations,XO & Accounting Changes,Income (Loss) Incl. MI,Minority Interest,"Net Income, GAAP",Preferred Dividends,Other Adjustments,"Net Income Avail to Common, GAAP","Net Income Avail to Common, Adj",Net Abnormal Losses (Gains),Basic Weighted Avg Shares,"Basic EPS, GAAP",Basic EPS from Cont Ops,"Basic EPS from Cont Ops, Adjusted",Diluted Weighted Avg Shares,"Diluted EPS, GAAP",Diluted EPS from Cont Ops,"Diluted EPS from Cont Ops, Adjusted",Source: Bloomberg
12/31/1989,107.699997,,,,,,,,,,,,,,,,,,,,,,,,,,,,16.9,,,16.9,16.9,,39.599997,0.425,0.425,,39.599997,0.425,0.425,0.425,
03/31/1990,122.099991,,,,,,,,,,,,,,,,,,,,,,,,,,,,19.899998,,,19.899998,19.899998,,39.599997,0.5,0.5,,39.599997,0.5,0.5,0.5,
06/30/1990,127.399994,,,,,,,,,,,,,,,,,,,,,,,,,,,,21.499998,,,21.499998,21.499998,,39.623709,0.55,0.55,,39.623709,0.55,0.55,0.55,
09/30/1990,125.999992,,,,,,,,,,,,,,,,,,,,,,,,,,,,20.199999,,,20.199999,20.199999,,39.626639,0.5,0.5,,39.626639,0.5,0.5,0.5,
12/31/1990,126.400002,,,,,,,,,,,,,,,,,,,,,,,,,,,,21.0,,,21.0,21.0,,39.627997,0.525,0.525,,39.627997,0.525,0.525,0.525,
03/31/1991,141.899994,,,-77.699997,,64.199997,,-24.9,,,,39.299999,0.7,,,,,,,-0.7,39.999999,-15.5,24.5,,,,24.499999,,24.5,,,24.5,24.5,,39.628,0.625,0.625,,39.628,0.625,0.625,0.625,
06/30/1991,154.100006,,,-83.800003,,70.300003,,-26.9,,,,43.400002,0.8,,,,,,,-0.8,44.200002,-17.200001,27.0,,,,27.000001,,27.0,,,27.0,27.0,,39.629999,0.675,0.675,,39.629999,0.675,0.675,0.675,
09/30/1991,153.600006,,,-85.099998,,68.500008,,-27.0,,,,41.5,1.0,,,,,,,-1.0,42.5,-16.9,25.6,,,,25.6,,25.6,,,25.6,25.6,,39.6392,0.65,0.65,,39.6392,0.65,0.65,0.65,
12/31/1991,154.300003,,,-85.900002,,68.400001,,-26.799999,,,,41.599998,1.1,,,,,,,-1.1,42.699998,-15.8,26.799999,,,,26.899998,,26.799999,,,26.799999,26.799999,,39.660998,0.675,0.675,0.675,39.660998,0.675,0.675,0.675,
03/31/1992,176.399994,,,-96.5,,79.899994,,-30.700001,,,,49.200001,-0.6,,1.1,,,,,-0.5,48.600001,-18.9,29.700001,,,,29.700001,,29.700001,,,29.700001,29.700001,,38.075601,0.775,0.775,,38.075601,0.775,0.775,0.775,
06/30/1992,181.100006,,,-97.599998,,83.500008,,-31.4,,,,52.099998,-0.7,,,,,0.0,,0.7,51.399998,-20.0,31.4,0.0,,,31.399998,0.0,31.4,0.0,,31.4,31.4,,37.748001,0.825,0.825,,37.748001,0.825,0.825,0.825,
09/30/1992,183.600006,,,-101.0,,82.600006,,-32.599998,,,,50.0,-0.4,,,,,0.0,,0.4,49.6,-19.5,30.1,0.0,,,30.1,0.0,30.1,0.0,,30.1,30.1,,37.665201,0.8,0.8,,37.665201,0.8,0.8,0.8,
12/31/1992,180.300003,,,-100.0,,80.300003,,-31.5,,,,48.799999,-136.299997,,3.1,,,,,133.199997,-87.499998,36.900002,-50.599998,,,,-50.599996,,-50.599998,,,-50.599998,-50.599998,,37.653201,-1.325,-1.325,-1.325,37.653201,-1.325,-1.325,-1.325,
03/31/1993,199.800003,,,-109.099998,,90.700005,,-33.400002,,,,57.299999,-1.2,,1.6,,,,,-0.4,56.099999,-22.5,33.599998,,,,33.599999,,33.599998,,,33.599998,33.599998,,37.410001,0.9,0.9,,37.410001,0.9,0.9,0.9,
06/30/1993,197.0,,,-107.800003,,89.199997,,-31.9,,,,57.299999,-2.1,,2.4,,,0.0,,-0.3,55.199999,-22.0,33.200001,0.0,,,33.199999,0.0,33.200001,0.0,,33.200001,33.200001,,36.2276,0.925,0.925,,36.2276,0.925,0.925,0.925,
09/30/1993,194.800003,,,-109.599998,,85.200005,,-31.5,,,,53.700001,12.5,,3.1,,,0.0,,-15.6,66.200001,-28.0,38.200001,0.0,,,38.200001,0.0,38.200001,0.0,,38.200001,38.200001,,35.429999,1.075,1.075,,35.429999,1.075,1.075,1.075,
12/31/1993,168.899994,,,-118.0,,50.899994,,-33.700001,,,,17.200001,-3.6,,3.8,,,0.0,,-0.2,13.600001,-5.9,7.7,0.0,,,7.700001,0.0,7.7,0.0,,7.7,7.7,,34.034799,0.25,0.25,0.25,34.034799,0.25,0.25,0.25,
03/31/1994,185.0,,,-132.300003,,52.699997,,-34.099998,,,,18.6,-4.3,,4.5,,,0.0,,-0.2,14.3,-6.2,8.1,0.0,,,8.100001,0.0,8.1,0.0,,8.1,8.1,,33.9004,0.25,0.25,,33.9004,0.25,0.25,0.25,
06/30/1994,203.899994,,,-136.5,,67.399994,,-36.900002,,,,30.5,-5.7,,6.0,,,0.0,,-0.3,24.8,-10.7,14.1,0.0,,,14.1,0.0,14.1,0.0,,14.1,14.1,,33.9004,0.4,0.4,,33.9004,0.4,0.4,0.4,
09/30/1994,248.699997,,,-167.699997,,81.0,,-46.5,,,,34.5,-32.4,,11.6,,,0.0,,20.799999,2.1,-1.9,0.2,0.0,,,0.2,0.0,0.2,0.0,,0.2,0.2,,33.901599,0.0,0.0,,33.901599,0.0,0.0,0.0,
12/31/1994,234.899994,,,-160.5,,74.399994,,-48.099998,,,,26.299999,0.3,,,,,0.0,,-0.3,26.599999,-6.5,7.7,0.0,,,20.099999,0.0,7.7,0.0,,7.7,7.7,,33.904001,0.25,0.25,0.25,33.904001,0.25,0.25,0.25,
03/31/1995,243.800003,,,-164.300003,,79.5,,-42.799999,,,,36.700001,-13.3,,13.7,,,0.0,,-0.4,23.400001,-10.6,12.8,0.0,,,12.800001,0.0,12.8,0.0,,12.8,12.8,,33.9064,0.375,0.375,,33.9064,0.375,0.375,0.375,
06/30/1995,367.299988,,,-258.399994,,108.899994,,-139.100006,,,,-30.200001,-17.1,,17.4,,,0.0,,-0.3,-47.3,15.7,-31.6,8.3,,,-39.900001,0.0,-39.900002,0.0,,-39.900002,-39.900002,,44.470801,-0.9,-0.725,,44.470801,-0.9,-0.725,-0.725,
09/30/1995,417.5,,,-299.700012,,117.799988,,-74.599998,,,,43.200001,-17.0,,17.4,,,0.0,,-0.4,26.200001,-11.8,14.4,0.0,,,14.400001,0.0,14.4,0.0,,14.4,14.4,,49.163599,0.3,0.3,,49.163599,0.3,0.3,0.3,
12/31/1995,403.399994,,,-301.899994,,101.5,,-9.0,,,,92.5,-91.699997,,17.0,,,0.0,,74.699997,0.800003,-0.4,0.4,0.0,,,0.400003,0.0,0.4,0.0,,0.4,0.4,,49.163199,0.0,0.0,0.0,49.163199,0.0,0.0,0.0,
03/31/1996,403.899994,,,-303.299988,,100.600006,,-72.800003,,,,27.799999,-16.000001,,16.700001,,,0.0,,-0.7,11.799998,-5.9,5.9,0.0,,,5.899998,0.0,5.9,0.0,,5.9,5.9,,49.163599,0.125,0.125,0.125,49.163599,0.125,0.125,0.125,
06/30/1996,410.0,,,-300.5,,109.5,,-89.400002,,,,20.1,-39.799999,,17.0,,,0.0,,22.799999,-19.699999,5.5,-14.2,0.0,,,-14.199999,0.0,-14.2,0.0,,-14.2,-14.2,,49.167999,-0.3,-0.3,0.125,49.167999,-0.3,-0.3,0.125,
09/30/1996,402.600006,,,-300.100006,,102.5,,-82.900002,,,,19.6,-202.099995,,17.700001,,,0.0,,184.399994,-182.499994,36.099998,-146.399994,0.0,,,-146.399996,0.0,-146.399994,0.0,,-146.399994,-146.399994,,49.168799,-2.975,-2.975,0.0,49.168799,-2.975,-2.975,0.0,
12/31/1996,391.200012,,,-280.0,,111.200012,,-89.5,,,,21.700001,-19.599999,,20.299999,,,0.0,,-0.7,2.100002,-0.9,1.2,0.0,,,1.200002,0.0,1.2,0.0,,1.2,1.2,,49.170801,0.025,0.025,0.025,49.170801,0.025,0.025,0.025,
03/31/1997,406.5,,,-277.200012,,129.299988,,-101.5,,,,27.799999,-21.900001,,22.700001,,,0.0,,-0.8,5.899998,-3.5,2.4,0.0,,,2.399998,0.0,2.4,0.0,,2.4,2.4,,49.173999,0.05,0.05,0.05,49.173999,0.05,0.05,0.05,
06/30/1997,405.299988,,,-271.700012,,133.599976,,-102.699997,,,,30.9,-20.699999,,21.299999,,,0.0,,-0.6,10.2,-6.1,4.1,0.0,,,4.100001,0.0,4.1,-1.2,,2.9,2.9,,49.173999,0.05,0.05,0.05,49.173999,0.05,0.05,0.05,
09/30/1997,391.399994,,,-262.700012,,128.699982,,-102.0,,,,26.700001,-13.3,,13.8,,,0.0,,-0.5,13.400001,-8.0,5.4,0.0,,,5.400001,0.0,5.4,-12.0,,-6.6,-6.6,,49.4164,-0.125,-0.125,-0.125,49.4164,-0.125,-0.125,-0.125,
12/31/1997,376.700012,,,-268.899994,,107.800018,,-262.5,,,,-154.699997,-36.1,,13.9,,,0.0,,22.200001,-190.799997,72.0,-118.800003,0.0,,,-118.799997,0.0,-118.800003,-10.7,,-129.500003,-129.500003,,49.4172,-2.625,-2.625,-0.325,49.4172,-2.625,-2.625,-0.325,
03/31/1998,373.0,,,-255.7,,117.3,,-87.9,,,,29.4,-10.6,,12.9,,,0.0,,-2.3,18.8,-9.5,9.3,0.0,,,9.3,0.0,9.3,-11.0,,-1.7,-1.7,,49.758801,-0.025,-0.025,-0.025,49.758801,-0.025,-0.025,-0.025,
06/30/1998,402.399994,,,-257.799988,,144.600006,,-107.199997,,,,37.400002,-12.0,,12.1,,,0.0,,-0.1,25.400001,-12.6,12.8,0.0,,,12.800001,0.0,12.8,-11.3,,1.5,1.5,,49.802802,0.025,0.025,0.025,49.802802,0.025,0.025,0.025,
09/30/1998,414.700012,,,-270.299988,,144.400024,,-110.099998,,,,34.299999,-12.0,,12.3,,,0.0,,-0.3,22.299999,-10.9,11.4,0.0,,,11.399999,0.0,11.4,-11.1,,0.299999,0.299999,,50.079999,0.0,0.0,0.0,50.079999,0.0,0.0,0.0,
12/31/1998,407.799988,,,-265.399994,,142.399994,,-115.900002,,,,26.5,-11.5,,11.4,,,0.0,,0.1,15.0,20.299999,35.299999,0.0,,,35.3,0.0,35.299999,-10.2,,25.099999,25.099999,,50.107999,0.5,0.5,0.5,127.495996,0.275,0.275,0.275,
03/31/1999,417.899994,,,-266.5,,151.399994,,-117.0,,,,34.400002,-11.6,,10.5,,,0.0,,1.1,22.800002,-8.7,14.1,0.0,,,14.100002,0.0,14.1,-11.3,,2.8,2.8,,50.4556,0.05,0.05,0.05,50.4556,0.05,0.05,0.05,
06/30/1999,429.5,,,-265.200012,,164.299988,,-122.199997,,,,42.099998,-10.1,,10.3,,,0.0,,-0.2,31.999998,-12.2,19.799999,0.0,,,19.799998,0.0,19.799999,-12.7,,7.099999,7.099999,,50.503201,0.15,0.15,0.15,50.503201,0.15,0.15,0.15,
09/30/1999,428.600006,,,-265.200012,,163.399994,,-123.300003,,,,40.099998,-12.3,,10.4,,,0.0,,1.9,27.799999,-10.6,17.200001,0.0,,,17.199998,0.0,17.200001,-13.1,,4.1,4.1,,50.828799,0.08,0.08,0.08,50.828799,0.08,0.08,0.08,
12/31/1999,422.700012,,,-272.700012,,150.0,,-116.900002,,,,33.099998,-10.2,,10.4,,,0.0,,-0.2,22.899999,-8.599998,14.3,0.0,,,14.3,0.0,14.3,-12.5,,1.8,1.8,,50.879999,0.025,0.025,0.025,52.520001,0.025,0.025,0.025,
03/31/2000,462.700012,,,-279.200012,,183.5,,-126.099998,,,,57.400002,-9.8,,9.9,,,0.0,,-0.1,47.600002,-21.9,25.700001,0.0,,,25.700002,0.0,25.700001,-14.7,-0.2,10.800001,10.800001,,51.020801,0.2125,0.2125,0.2125,137.656396,0.1875,0.1875,0.1875,
06/30/2000,482.399994,,,-281.200012,,201.199982,,-129.899994,,,,71.300003,-10.7,,9.3,,,0.0,,1.4,60.600003,-27.9,32.699001,0.0,,,32.700003,0.0,32.700001,-19.6,-0.1,13.0,13.0,,53.324001,0.2425,0.2425,0.2425,138.723999,0.235,0.235,0.235,
09/30/2000,488.100006,,,-291.399994,,196.700012,,-127.400002,,,,69.300003,-8.6,,9.5,,,0.0,,-0.9,60.700003,-27.9,32.799999,0.0,,,32.800003,0.0,32.799999,0.0,0.0,32.799999,32.799999,,133.419998,0.245,0.245,0.245,139.007996,0.235,0.235,0.235,
12/31/2000,486.100006,,,-300.899994,,185.200012,,-133.100006,,,,52.099998,-13.4,,9.8,,,0.0,,3.6,38.699998,-17.799999,20.900999,0.0,,,20.899999,0.0,20.9,0.0,0.0,20.9,20.9,,140.0,0.15,0.15,0.15,140.0,0.15,0.15,0.15,
03/31/2001,525.400024,,,-303.799988,,221.600037,,-134.300003,,,,87.300003,-8.2,,8.8,0.0,,0.0,,-0.6,79.100003,-35.599998,43.5,0.0,,,43.500004,0.0,43.5,0.0,0.0,43.5,43.5,,138.460007,0.315,0.315,0.315,140.615997,0.31,0.31,0.31,
06/30/2001,549.7,,,-308.8,,240.9,,-138.3,,,,102.6,-7.8,,7.5,0.0,,0.0,,0.3,94.8,-42.7,52.1,0.0,,,52.1,0.0,52.1,0.0,0.0,52.1,52.1,,138.600006,0.375,0.375,0.375,140.886002,0.37,0.37,0.37,
09/30/2001,560.900024,,,-322.899994,,238.000031,,-137.699997,,,,100.300003,-16.1,,6.5,0.0,,0.0,,9.6,84.200003,-37.900002,46.299999,3.2,,,43.100001,0.0,43.099998,0.0,0.0,43.099998,43.099998,,138.888,0.31,0.335,0.365,141.264008,0.305,0.33,0.365,
12/31/2001,563.799988,,,-338.700012,,225.099976,,-147.699997,,,,77.400002,-3.2,,4.2,0.0,,0.0,,-1.0,74.200002,-33.400002,40.799999,0.0,,,40.8,0.0,40.799999,0.0,0.0,40.799999,40.799999,,139.404007,0.295,0.295,0.295,141.600006,0.29,0.29,0.29,
03/31/2002,590.0,,,-331.600006,,258.399994,,-142.0,,,,116.400002,-4.0,,4.2,,,0.0,,-0.2,112.400002,-46.599998,65.800003,0.0,,,65.800003,0.0,65.800003,0.0,0.0,65.800003,65.800003,,139.914001,0.47,0.47,0.47,142.199997,0.465,0.465,0.465,
06/30/2002,612.400024,,,-336.100006,,276.300018,,-142.199997,,,,134.100006,-2.8,,4.2,,,0.0,,-1.4,131.300006,-52.799999,78.5,0.0,,,78.500007,0.0,78.5,0.0,0.0,78.5,78.5,,140.723999,0.56,0.56,0.56,143.414993,0.55,0.55,0.55,
09/30/2002,655.2,,,-381.9,,273.3,,-159.6,,,,113.7,-15.7,,5.3,,,0.0,,10.4,98.0,-40.7,57.3,0.0,,,57.3,0.0,57.3,0.0,0.0,57.3,57.3,,144.527602,0.4,0.4,0.4,145.726115,0.39,0.39,0.39,
12/31/2002,650.099976,,,-396.299988,,253.799988,,-165.5,,,,88.300003,2.3,,5.5,-0.7,,0.0,,-7.1,90.600003,-37.599998,53.0,0.0,,,53.000005,0.0,53.0,0.0,0.0,53.0,53.0,,146.399994,0.36,0.36,0.36,146.399994,0.36,0.36,0.36,
03/31/2003,712.200012,,,-415.700012,,296.5,,-171.800003,,,,124.699997,0.6,,11.4,-2.3,,0.0,,-9.7,125.299997,-51.400002,73.900002,0.0,,,73.899996,0.0,73.900002,0.0,0.0,73.900002,73.900002,,145.863998,0.51,0.51,0.51,146.376007,0.51,0.51,0.51,
06/30/2003,743.700012,,,-427.200012,,316.5,,-173.600006,,,,142.899994,3.5,,10.0,-2.4,,0.0,,-11.1,146.399994,-60.0,86.400002,0.0,,,86.399994,0.0,86.400002,0.0,0.0,86.400002,86.400002,,144.563004,0.6,0.6,0.6,145.048996,0.6,0.6,0.6,
09/30/2003,752.0,,,-441.1,,310.9,,-172.2,,,,138.7,-1.5,,9.5,,,0.0,,-8.0,137.2,-54.1,83.1,0.0,,,83.1,0.0,83.1,0.0,0.0,83.1,83.1,3.3,143.45901,0.58,0.58,0.603,144.366985,0.58,0.58,0.6028,
12/31/2003,731.5,,,-430.799988,,300.700012,,-171.800003,,,,128.899994,2.6,,10.0,,,0.0,,-12.6,131.499994,-53.900002,77.599998,0.0,,,77.599993,0.0,77.599998,0.0,0.0,77.599998,77.599998,,143.0,0.54,0.54,0.53,143.0,0.54,0.54,0.53,
03/31/2004,752.5,,,-434.899994,,317.600006,,-173.300003,,,,144.300003,3.7,,9.3,,,0.0,,-13.0,148.000003,-60.700001,87.300003,0.0,,,87.300002,0.0,87.300003,0.0,0.0,87.300003,87.300003,,141.792999,0.62,0.62,0.62,143.380997,0.61,0.61,0.61,
06/30/2004,784.299988,,,-444.600006,,339.699982,,-175.5,,,,164.199997,2.4,,9.3,,,0.0,,-11.7,166.599997,-68.300003,98.300003,0.0,,,98.299994,0.0,98.300003,0.0,0.0,98.300003,98.300003,,140.054001,0.7,0.7,0.7,141.274002,0.7,0.7,0.7,
09/30/2004,781.5,,,-455.600006,,325.899994,,-173.100006,,,,152.800003,4.2,,9.0,,,0.0,,-13.2,157.000003,-64.400002,92.599998,0.0,,,92.600001,0.0,92.599998,0.0,0.0,92.599998,92.599998,,138.662994,0.67,0.67,0.67,139.880997,0.66,0.66,0.66,
12/31/2004,766.5,,,-460.399994,,306.100006,,-169.0,,,,137.100006,6.6,,8.5,0.0,,0.0,,-15.1,143.700006,-58.900002,84.800003,0.0,,,84.800005,0.0,84.800003,0.0,0.0,84.800003,84.800003,,137.100006,0.62,0.62,0.62,148.5,0.58,0.58,0.58,
03/31/2005,799.099976,,,-460.799988,,338.299988,,-180.699997,,,,157.600006,5.3,,8.5,,,0.0,,-13.8,162.900006,-66.300003,96.599998,0.0,,,96.600003,0.0,96.599998,0.0,0.0,96.599998,96.599998,,134.5,0.72,0.72,0.72,146.199997,0.67,0.67,0.67,
06/30/2005,853.3,,,-488.4,,364.9,,-191.8,178.7,,13.1,173.1,2.7,,17.2,,,0.0,-13.9,-6.0,175.8,-69.8,106.0,0.0,,,106.0,0.0,106.0,0.0,0.0,106.0,106.0,,134.2,0.79,0.79,0.81,145.5,0.74,0.74,0.76,
09/30/2005,852.9,,,-498.3,,354.6,,-193.0,179.9,,13.1,161.6,-4.2,,8.4,,,0.0,-13.8,9.6,157.4,-62.7,94.7,0.0,,,94.7,0.0,94.7,0.0,0.0,94.7,94.7,,134.4,0.71,0.71,0.75,145.6,0.66,0.66,0.7,
12/31/2005,822.3,,,-489.8,,332.5,,-189.8,,,,142.7,1.9,,8.9,,,0.0,,-10.8,144.6,-55.7,88.9,0.0,,,88.9,0.0,88.9,0.0,0.0,88.9,88.9,,130.9,0.68,0.68,0.71,142.3,0.64,0.64,0.67,
03/31/2006,878.5,,,-505.8,,372.7,,-203.9,190.9,,13.0,168.8,3.3,,11.9,,,0.0,-15.4,0.2,172.1,-70.2,101.9,0.0,,,101.9,0.0,101.9,0.0,0.0,101.9,101.9,,124.6,0.82,0.82,0.82,136.8,0.76,0.76,0.76,
06/30/2006,903.7,,,-510.9,,392.8,,-202.0,190.2,,11.8,190.8,5.1,,11.6,,,0.0,-17.9,1.2,195.9,-79.5,116.4,0.0,,,116.4,0.0,116.4,0.0,0.0,116.4,116.4,,124.3,0.94,0.94,0.94,136.3,0.87,0.87,0.87,
09/30/2006,909.9,,,-525.0,,384.9,,-207.9,194.9,,13.0,177.0,6.1,,11.9,,,0.0,-16.3,-1.7,183.1,-73.5,109.6,0.0,,,109.6,0.0,109.6,0.0,0.0,109.6,109.6,,124.8,0.88,0.88,0.91,136.6,0.81,0.81,0.84,
12/31/2006,898.6,,,-519.6,,379.0,,-216.3,203.1,,13.2,162.7,7.1,12.4,12.4,0.0,,0.0,-17.1,-2.4,169.8,-66.1,103.7,0.0,,,103.7,0.0,103.7,0.0,0.0,103.7,103.7,,124.1,0.835616,0.835616,0.85,129.2,0.81,0.81,0.85,
03/31/2007,998.7,,,-577.0,,421.7,,-218.3,205.0,,13.3,203.4,5.5,,12.6,,,0.0,,-18.1,208.9,-86.4,122.5,0.0,,,122.5,0.0,122.5,0.0,0.0,122.5,122.5,,120.8,1.01,1.01,1.01,125.3,0.98,0.98,0.98,
06/30/2007,1043.1,,,-601.1,,442.0,,-222.5,209.1,,13.4,219.5,-0.1,,12.6,,,,-19.3,6.8,219.4,-90.7,128.7,0.0,,,128.7,0.0,128.7,0.0,0.0,128.7,128.7,,117.2,1.1,1.1,1.14,122.0,1.05,1.05,1.1,
09/30/2007,1020.6,,,-598.5,,422.1,,-211.9,198.0,,13.9,210.2,-23.1,,12.6,,,0.0,-20.9,31.4,187.1,-75.9,111.2,0.0,,,111.2,0.0,111.2,0.0,0.0,111.2,111.2,,116.5,0.95,0.95,1.11,121.3,0.92,0.92,1.07,
12/31/2007,1005.8,,,-600.4,,405.4,,-210.9,196.6,,14.3,194.5,-7.6,,18.8,,,0.0,-21.3,10.1,186.9,-72.5,114.4,0.0,,,114.4,0.0,114.4,0.0,0.0,114.4,114.4,,116.8,0.98,0.98,0.06,117.2,0.98,0.98,1.04,
03/31/2008,1103.2,,,-632.7,,470.5,0.0,-229.4,215.6,,13.8,241.1,-15.6,,19.9,,,,-4.4,0.1,225.5,-91.6,133.9,,,,133.9,-3.6,130.3,,0.0,130.3,130.3,0.0,110.4,1.18,1.18,1.18,114.4,1.14,1.14,1.14,
06/30/2008,1147.8,,,-656.0,,491.8,0.0,-280.6,266.0,,14.6,211.2,-29.8,,17.3,,,,-3.6,16.1,181.4,-73.6,107.8,0.0,,,107.8,-3.6,104.2,0.0,0.0,104.2,104.2,9.376,111.1,0.94,0.94,1.024392,113.7,0.92,0.92,1.002463,
09/30/2008,1135.1,,,-673.5,,461.6,,-241.7,227.1,,14.6,219.9,-30.0,,16.8,,,,-3.7,16.9,189.9,-75.0,114.9,0.0,,,114.9,-3.0,111.9,0.0,0.0,111.9,111.9,,109.6,1.02,1.02,1.12,112.0,1.0,1.0,1.1,
12/31/2008,1119.1,,,-669.2,,449.9,0.0,-241.3,226.4,,14.9,208.6,-19.7,,18.0,,,,-2.7,4.4,188.9,-67.7,121.2,,,,121.2,-3.1,118.1,0.0,0.0,118.1,118.1,2.73,109.5,1.08,1.08,0.024932,109.5,1.08,1.08,1.104932,
03/31/2009,1155.7,1155.7,,-666.3,666.3,489.4,0.0,-248.9,233.8,,15.1,240.5,-14.3,,17.0,,-0.4,,-2.8,0.5,226.2,-90.4,135.8,0.0,0.0,0.0,135.8,-3.0,132.8,0.0,0.0,132.8,133.71,0.91,108.1,1.23,1.23,1.23691,108.8,1.22,1.22,1.228364,
06/30/2009,1188.8,1188.8,,-681.4,681.4,507.4,0.0,-262.7,237.3,,25.4,244.7,-12.6,,16.2,,-0.4,,-3.9,0.7,232.1,-92.7,139.4,0.0,0.0,0.0,139.4,-3.0,136.4,0.0,0.0,136.4,143.03,6.63,108.3,1.26,1.26,1.320683,109.5,1.24,1.24,1.300548,
09/30/2009,1185.1,1185.1,,-687.0,687.0,498.1,0.0,-263.2,247.3,,15.9,234.9,-11.8,,15.0,,-0.3,,-4.2,1.3,223.1,-88.5,134.6,0.0,0.0,0.0,134.6,-3.2,131.4,0.0,0.0,131.4,134.625,3.225,107.6,1.22,1.22,1.251162,108.8,1.21,1.21,1.239642,
12/31/2009,1165.1,1165.1,,-689.1,689.1,476.0,0.0,-260.2,240.5,,19.7,215.8,-12.6,,14.7,,-0.5,,-2.9,1.3,203.2,-57.4,145.8,0.0,0.0,0.0,145.8,-3.1,142.7,0.0,0.0,142.7,144.845,2.145,107.5,1.33,1.33,1.347395,107.5,1.33,1.33,1.347395,
03/31/2010,1193.6,1193.6,,-686.7,686.7,506.9,0.0,-272.7,246.0,,26.7,234.2,-11.1,,14.6,,-0.3,,-3.8,0.6,223.1,-86.9,136.2,0.0,0.0,0.0,136.2,-3.5,132.7,0.0,0.0,132.7,138.4,5.7,104.6,1.27,1.27,1.323136,106.5,1.25,1.25,1.303521,
06/30/2010,1238.4,1238.4,,-704.8,704.8,533.6,0.0,-263.1,245.4,,17.7,270.5,-10.5,,14.5,,-0.2,,-4.6,0.8,260.0,-102.8,157.2,0.0,0.0,0.0,157.2,-3.5,153.7,0.0,0.0,153.7,153.7,0.0,103.5,1.48,1.48,1.48,105.4,1.46,1.46,1.46,
09/30/2010,1276.5,1276.5,,-748.8,748.8,527.7,0.0,-292.4,270.5,,21.9,235.3,-18.7,,21.6,,-0.3,,-4.2,1.6,216.6,-73.5,143.1,0.0,0.0,0.0,143.1,-3.1,140.0,0.0,0.0,140.0,149.62,9.62,102.1,1.37,1.37,1.465426,104.1,1.34,1.34,1.432411,
12/31/2010,1295.4,1295.4,,-765.8,765.8,529.6,0.0,-290.8,272.4,,18.4,238.8,-22.9,,19.3,,-0.3,,2.0,1.9,215.9,-80.8,135.1,0.0,0.0,0.0,135.1,-3.3,131.8,0.0,0.0,131.8,131.02,-0.78,104.5,1.26,1.26,1.25378,104.5,1.26,1.26,1.252536,
03/31/2011,1368.4,1368.4,,-800.0,800.0,568.4,0.0,-332.6,282.8,,49.8,235.8,-22.1,,24.0,,-0.3,,-1.5,-0.1,213.7,-83.1,130.6,0.0,0.0,0.0,130.6,-3.5,127.1,0.0,0.0,127.1,145.235,18.135,100.3,1.27,1.27,1.448006,103.2,1.23,1.23,1.405727,
06/30/2011,1403.3,1403.3,,-815.1,815.1,588.2,0.0,-362.5,322.7,,39.8,225.7,-18.4,,21.0,,-0.2,,-2.6,0.2,207.3,-80.6,126.7,0.0,0.0,0.0,126.7,-3.8,122.9,0.0,0.0,122.9,157.935,35.035,100.6,1.22,1.22,1.56993,102.8,1.2,1.2,1.540807,
09/30/2011,1404.5,1404.5,,-836.0,836.0,568.5,0.0,-329.1,283.8,,45.3,239.4,-19.3,,20.3,,-0.2,,-2.5,1.7,220.1,-82.5,137.6,0.0,0.0,0.0,137.6,-3.3,134.3,0.0,0.0,134.3,157.05,22.75,100.6,1.34,1.34,1.561133,102.2,1.31,1.31,1.532603,
12/31/2011,1366.1,1366.1,,-816.5,816.5,549.6,0.0,-302.2,270.4,,31.8,247.4,-22.5,,22.1,,-0.5,,-2.9,3.8,224.9,-86.8,138.1,0.0,0.0,0.0,138.1,-2.7,135.4,0.0,0.0,135.4,142.29,6.89,101.0,1.34,1.34,1.408812,101.0,1.34,1.34,1.408218,
03/31/2012,1423.3,1423.3,,-847.2,847.2,576.1,0.0,-289.0,271.2,,17.8,287.1,-17.5,,21.5,,-0.2,,-4.3,0.5,269.6,-107.6,162.0,0.0,0.0,0.0,162.0,-0.4,161.6,0.0,0.0,161.6,159.26,-2.34,97.2,1.66,1.66,1.638477,99.1,1.63,1.63,1.606387,
06/30/2012,1423.4,1423.4,,-843.9,843.9,579.5,0.0,-303.5,279.5,,24.0,276.0,-19.8,,21.3,,-0.2,,-8.0,6.7,256.2,-102.4,153.8,0.0,0.0,0.0,153.8,-0.5,153.3,0.0,0.0,153.3,160.58,7.28,96.3,1.59,1.59,1.667497,98.0,1.56,1.56,1.634286,
09/30/2012,1419.4,1419.4,,-863.3,863.3,556.1,0.0,-311.0,285.1,,25.9,245.1,-18.2,,24.1,,-0.3,,-5.1,-0.5,226.9,-78.5,148.4,0.0,0.0,0.0,148.4,-0.4,148.0,0.0,0.0,148.0,156.97,8.97,95.1,1.56,1.56,1.650578,96.8,1.53,1.53,1.622665,
12/31/2012,1405.3,1405.3,,-867.3,867.3,538.0,0.0,-322.7,278.8,,43.9,215.3,-23.8,,27.6,,-0.3,,-4.0,0.5,191.5,-70.9,120.6,0.0,0.0,0.0,120.6,-0.4,120.2,0.0,0.0,120.2,137.03,16.83,95.3,1.26,1.26,1.43788,95.3,1.26,1.26,1.4366,
03/31/2013,1440.9,1440.9,,-868.7,868.7,572.2,0.0,-310.2,283.2,,27.0,262.0,-20.6,,24.5,,-0.2,,-4.3,0.6,241.4,-93.8,147.6,0.0,0.0,0.0,147.6,-0.4,147.2,0.0,0.0,147.2,151.9,4.7,92.9,1.58,1.58,1.635091,94.5,1.56,1.56,1.609735,
06/30/2013,1468.2,1468.2,,-890.9,890.9,577.3,0.0,-308.0,280.9,,27.1,269.3,-19.3,,23.1,,-0.2,,-4.4,0.8,250.0,-97.7,152.3,0.0,0.0,0.0,152.3,-0.4,151.9,0.0,0.0,151.9,155.9,4.0,92.0,1.65,1.65,1.694565,93.7,1.62,1.62,1.662689,
09/30/2013,1462.2,1462.2,,-914.6,914.6,547.6,0.0,-303.0,279.0,,24.0,244.6,-14.6,,24.7,,-1.8,,-3.6,-4.7,230.0,-81.3,148.7,0.0,0.0,0.0,148.7,-0.4,148.3,0.0,0.0,148.3,150.6,2.3,89.2,1.66,1.66,1.688341,90.9,1.63,1.63,1.655303,
12/31/2013,1437.0,1437.0,,-910.9,910.9,526.1,0.0,-311.1,285.7,,25.4,215.0,-20.8,,31.4,,-7.2,,-4.6,1.2,194.2,-67.5,126.7,0.0,0.0,0.0,126.7,-0.4,126.3,0.0,0.0,126.3,128.8,2.5,88.3,1.43,1.43,1.458664,88.3,1.43,1.43,1.458313,
03/31/2014,1430.7,1430.7,,-913.9,913.9,516.8,0.0,-313.5,284.9,,28.6,203.3,-15.6,,25.7,,-0.2,,-3.0,-6.9,187.7,-74.2,113.5,0.0,0.0,0.0,113.5,-0.4,113.1,0.0,0.0,113.1,117.8,4.7,85.2,1.33,1.33,1.382629,86.6,1.31,1.31,1.364273,
06/30/2014,1516.4,1516.4,,-947.8,947.8,568.6,0.0,-321.9,297.9,,24.0,246.7,-14.2,,25.8,,-0.4,,-3.7,-7.5,232.5,-90.8,141.7,0.0,0.0,0.0,141.7,-0.4,141.3,0.0,0.0,141.3,145.4,4.1,84.7,1.67,1.67,1.716647,86.3,1.64,1.64,1.687509,
09/30/2014,1551.8,1551.8,,-980.6,980.6,571.2,0.0,-329.8,305.7,,24.1,241.4,-22.4,,25.9,,-0.3,,-3.7,0.5,219.0,-81.5,137.5,0.0,0.0,0.0,137.5,-0.3,137.2,0.0,0.0,137.2,147.97,10.77,84.9,1.62,1.62,1.742874,86.5,1.59,1.59,1.714509,
12/31/2014,1512.7,1512.7,,-966.2,966.2,546.5,0.0,-327.5,309.7,,17.8,219.0,-31.5,,32.1,,-0.2,,-3.9,3.5,187.5,-67.6,119.9,0.0,0.0,0.0,119.9,-0.3,119.6,0.0,0.0,119.6,140.595,20.995,84.6,1.41,1.41,1.661879,86.3,1.39,1.39,1.633279,
03/31/2015,1793.2,1772.3,20.9,-1168.1,1168.1,625.1,0.0,-492.7,442.3,,50.4,132.4,-99.9,,104.3,,-0.6,,-2.7,-1.1,32.5,-29.1,3.4,0.0,0.0,0.0,3.4,-0.3,3.1,0.0,0.0,3.1,93.255,90.155,91.9,0.04,0.04,1.014744,93.8,0.04,0.04,1.001141,
06/30/2015,2269.1,2218.7,50.4,-1496.4,1496.4,772.7,0.0,-449.4,390.5,,58.9,323.3,-57.0,,57.9,,-0.3,,-2.9,2.3,266.3,-96.2,170.1,0.0,0.0,0.0,170.1,-0.3,169.8,0.0,0.0,169.8,185.595,15.795,100.7,1.69,1.69,1.843049,102.5,1.66,1.66,1.814098,
09/30/2015,2317.3,2269.9,47.4,-1552.4,1552.4,764.9,0.0,-456.8,385.6,,71.2,308.1,-56.6,,55.9,,-0.5,,-2.0,3.2,251.5,-96.5,155.0,0.0,0.0,0.0,155.0,-0.3,154.7,0.0,0.0,154.7,208.23,53.53,101.1,1.53,1.53,2.059644,102.9,1.5,1.5,2.020214,
12/31/2015,2300.5,2244.8,55.7,-1559.9,1559.9,740.6,0.0,-504.1,406.2,0.0,97.9,236.5,-57.3,,56.8,,-0.5,0.0,-2.4,3.4,179.2,-69.0,110.2,0.0,0.0,0.0,110.2,-0.2,110.0,0.0,0.0,110.0,195.665,85.665,101.3,1.09,1.09,1.93154,103.2,1.07,1.07,1.900087,
03/31/2016,2368.0,2295.2,72.8,-1590.7,1590.7,777.3,0.0,-477.8,414.3,,63.5,299.5,-45.9,,54.5,,-0.5,,-1.4,-6.7,253.6,-89.2,164.4,0.0,0.0,0.0,164.4,-0.3,164.1,0.0,0.0,164.1,177.685,13.585,101.6,1.61,1.61,1.748868,103.8,1.58,1.58,1.710877,
06/30/2016,2430.7,2382.0,48.7,-1603.9,1603.9,826.8,0.0,-461.3,409.4,,51.9,365.5,-53.6,,53.5,,-0.4,,-1.9,2.4,311.9,-107.5,204.4,0.0,0.0,0.0,204.4,-0.3,204.1,0.0,0.0,204.1,210.405,6.305,102.2,2.0,2.0,2.058757,104.1,1.96,1.96,2.020567,
09/30/2016,2414.7,2372.7,42.0,-1626.3,1626.3,788.4,0.0,-464.4,400.5,,63.9,324.0,-60.6,,58.2,,-0.6,,-2.6,5.6,263.4,-83.6,179.8,0.0,0.0,0.0,179.8,-0.3,179.5,0.0,0.0,179.5,208.425,28.925,103.1,1.74,1.74,2.021581,105.0,1.71,1.71,1.985476,
12/31/2016,2339.5,2339.5,,-1878.0,1878.0,461.5,0.0,-181.3,122.7,,58.6,280.2,-36.9,,52.9,,-0.2,,-2.0,-13.8,243.3,-73.1,170.2,0.0,0.0,0.0,170.2,-6.1,164.1,0.0,0.0,164.1,298.87,128.87,103.1,1.591659,1.591659,2.84161,104.5,1.570335,1.570335,2.803541,
03/31/2017,2413.7,2413.7,,-1701.2,1701.2,712.5,0.0,-394.4,342.9,,51.5,318.1,-52.8,,52.4,,-0.3,,-2.3,3.0,265.3,-82.0,183.3,0.0,0.0,0.0,183.3,-0.3,183.0,0.0,0.0,183.0,190.475,7.475,102.5,1.79,1.79,1.858293,104.3,1.75,1.75,1.821668,
06/30/2017,2528.2,2528.2,,-1750.2,1750.2,778.0,0.0,-448.2,357.7,,90.5,329.8,-50.6,,55.0,,-0.4,,-4.5,0.5,279.2,-94.1,185.1,0.0,0.0,0.0,185.1,-0.3,184.8,0.0,0.0,184.8,217.365,32.565,102.4,1.8,1.8,2.122705,103.7,1.78,1.78,2.094031,
09/30/2017,2621.4,2621.4,,-1837.2,1837.2,784.2,0.0,-457.5,381.3,,76.2,326.7,-59.9,,59.9,,-0.7,,-3.2,3.9,266.8,-92.5,174.3,0.0,0.0,0.0,174.3,-2.8,171.5,0.0,0.0,171.5,206.08,34.58,102.2,1.68,1.68,2.016438,103.7,1.65,1.65,1.983462,
12/31/2017,2744.7,2744.7,,-1927.6,1927.6,817.1,0.0,-486.5,417.3,0.0,69.2,330.6,-64.4,,67.8,,-0.7,0.0,-1.3,-1.4,266.2,424.0,690.2,0.0,0.0,0.0,690.2,-2.4,687.8,0.0,0.0,687.8,718.545,30.745,102.2,6.73,6.73,7.030773,103.7,6.63,6.63,6.92648,
03/31/2018,2848.3,2848.3,,-2069.3,2069.3,779.0,0.0,-473.6,397.0,,76.6,305.4,-63.9,,63.5,,-0.6,,-2.5,3.5,241.5,-69.0,172.5,0.0,0.0,0.0,172.5,0.7,173.2,0.0,0.0,173.2,243.163,69.963,101.9,1.7,1.7,2.38629,103.4,1.67,1.67,2.346625,
06/30/2018,2866.3,2866.3,,-2031.2,2031.2,835.1,0.0,-465.9,395.2,,70.7,369.2,-56.5,,63.1,,-0.8,,-3.0,-2.8,312.7,-78.6,234.1,0.0,0.0,0.0,234.1,-0.3,233.8,0.0,0.0,233.8,260.592004,26.792004,101.9,2.29,2.29,2.557331,103.0,2.27,2.27,2.530117,
09/30/2018,2831.3,2831.3,,-2041.4,2041.4,789.9,0.0,-446.5,381.8,,64.7,343.4,156.2,,59.4,,-2.8,,-3.0,-209.8,499.6,-180.6,319.0,0.0,0.0,0.0,319.0,-0.2,318.8,0.0,0.0,318.8,223.648854,-95.151146,101.6,3.14,3.14,2.201268,102.7,3.1,3.1,2.173504,
12/31/2018,2787.5,2787.5,,-2015.1,2015.1,772.4,0.0,-464.7,396.9,,67.8,307.7,-93.2,,58.2,,-3.3,,-3.1,41.4,214.5,-56.3,158.2,0.0,0.0,0.0,158.2,-0.3,157.9,0.0,0.0,157.9,219.335,61.435,100.2,1.58,1.58,2.188972,101.2,1.56,1.56,2.167065,
03/31/2019,2791.2,2791.2,,-2001.5,2001.5,789.7,0.0,-471.5,393.8,,77.7,318.2,-63.5,,56.7,,-0.6,,-3.0,10.4,254.7,-68.8,185.9,0.0,0.0,0.0,185.9,-0.3,185.6,0.0,0.0,185.6,217.559054,31.959054,98.6,1.88,1.88,2.206481,99.5,1.86,1.86,2.181197,
06/30/2019,2881.7,2881.7,,-2056.9,2056.9,824.8,0.0,-489.1,415.3,,73.8,335.7,-65.7,,59.1,,-1.4,,-2.5,10.5,270.0,-79.3,190.7,0.0,0.0,0.0,190.7,-0.3,190.4,0.0,0.0,190.4,238.911045,48.511045,98.1,1.94,1.94,2.435383,98.8,1.93,1.93,2.421002,
09/30/2019,2928.5,2928.5,,-2111.2,2111.2,817.3,0.0,-477.4,401.5,,75.9,339.9,-52.5,,60.5,,-2.9,,-2.4,-2.7,287.4,-66.4,221.0,0.0,0.0,0.0,221.0,-0.3,220.7,0.0,0.0,220.7,233.457676,12.757676,97.6,2.26,2.26,2.391984,98.3,2.25,2.25,2.379783,
12/31/2019,2953.4,2953.4,,-2132.7,2132.7,820.7,0.0,-484.3,413.9,,70.4,336.4,-43.5,,64.4,,-4.0,,-1.9,-15.0,292.9,-65.6,227.3,0.0,0.0,0.0,227.3,-0.2,227.1,0.0,0.0,227.1,232.291983,5.191983,97.2,2.34,2.34,2.389835,98.0,2.32,2.32,2.372979,
03/31/2020,2823.8,2823.8,,-2095.8,2095.8,728.0,0.0,-920.6,395.5,,525.1,-192.6,-75.1,,55.0,,-2.6,,6.6,16.1,-267.7,-49.2,-316.9,0.0,0.0,0.0,-316.9,-0.3,-317.2,0.0,0.0,-317.2,152.177657,469.377657,97.2,-3.27,-3.27,1.565614,97.2,-3.27,-3.27,1.558988,
06/30/2020,2768.8,2768.8,,-2008.3,2008.3,760.5,0.0,-462.8,396.3,,66.5,297.7,-0.7,52.7,52.7,0.0,-2.5,,-1.8,-47.7,297.0,-65.4,231.6,0.0,0.0,0.0,231.6,0.0,231.6,0.0,0.0,231.6,241.359146,9.759146,97.3,2.38,2.38,2.480567,97.7,2.37,2.37,2.469889,
09/30/2020,3579.636,,,,,1105.17681864,,,,,,710.25,,,,,,,,,633.375,,405.571,,,,,,405.571,,,405.571,484.286,,,4.672,4.672,4.892,,4.672,4.672,4.892,
12/31/2020,3495.727,,,,,1030.92484957,,,,,,628.875,,,,,,,,,543.875,,358.0,,,,,,358.0,,,358.0,463.0,,,3.97,3.97,4.453,,3.97,3.97,4.453,
