Date,Revenue,Sales & Services Revenue,Cost of Revenue,Cost of Goods & Services,Gross Profit,Other Operating Income,Operating Expenses,"Selling, General & Admin",Selling & Marketing,Research & Development,Other Operating Expense,Operating Income (Loss),Non-Operating (Income) Loss,"Interest Expense, Net",Interest Expense,Interest Income,Foreign Exch (Gain) Loss,(Income) Loss from Affiliates,Other Non-Op (Income) Loss,Pretax Income,Income Tax Expense (Benefit),Income (Loss) from Cont Ops,Net Extraordinary Losses (Gains),Discontinued Operations,XO & Accounting Changes,Income (Loss) Incl. MI,Minority Interest,"Net Income, GAAP",Preferred Dividends,Other Adjustments,"Net Income Avail to Common, GAAP","Net Income Avail to Common, Adj",Net Abnormal Losses (Gains),Basic Weighted Avg Shares,"Basic EPS, GAAP",Basic EPS from Cont Ops,"Basic EPS from Cont Ops, Adjusted",Diluted Weighted Avg Shares,"Diluted EPS, GAAP",Diluted EPS from Cont Ops,"Diluted EPS from Cont Ops, Adjusted",Source: Bloomberg
03/31/1990,1240.599976,,-343.799988,,896.799988,,-466.700012,,,,,430.100006,53.299999,,,,,,-53.299999,483.400005,-142.600006,340.799988,0.0,,,340.799999,0.0,340.799988,0.0,,340.799988,340.799988,,1172.800049,0.29,0.29,,1172.800049,0.29,0.29,0.29,
06/30/1990,1225.400024,,-366.700012,,858.700012,,-501.100006,,,,,357.600006,31.6,,,,,,-31.6,389.200006,-114.800003,274.399994,0.0,,,274.400003,0.0,274.399994,0.0,,274.399994,274.399994,,1184.0,0.2325,0.2325,,1184.0,0.2325,0.2325,0.2325,
09/30/1990,1281.800049,,-378.399994,,903.400055,,-537.0,,,,,366.399994,-2.1,,,,,,2.1,364.299994,-107.5,256.799988,0.0,,,256.799994,0.0,256.799988,0.0,,256.799988,256.799988,,1149.599976,0.225,0.225,,1149.599976,0.225,0.225,0.225,
12/31/1990,1443.800049,,-434.399994,,1009.400055,,-624.099976,,,,,385.299988,-23.200001,,,,,,23.200001,362.099987,-106.800003,255.300003,0.0,,,255.299984,0.0,255.300003,0.0,,255.300003,255.300003,,1067.800048,0.2275,0.2275,0.2275,1067.800048,0.2275,0.2275,0.2275,
03/31/1991,1435.5,,-389.5,,1046.0,,-550.200012,,,,,495.799988,59.400003,,16.9,,,,-76.300003,555.199991,-166.600006,388.600006,0.0,,,388.599985,0.0,388.600006,0.0,,388.600006,388.600006,,1157.199951,0.3375,0.3375,,1157.199951,0.3375,0.3375,0.3375,
06/30/1991,1376.300049,,-388.200012,,988.100037,,-557.799988,,,,,430.299988,23.2,,7.3,,,,-30.5,453.499988,-136.0,317.5,0.0,,,317.499988,0.0,317.5,0.0,,317.5,317.5,,1182.800049,0.27,0.27,,1182.800049,0.27,0.27,0.27,
09/30/1991,1341.300049,,-392.299988,,949.000061,,-540.0,,,,,409.0,16.0,,9.0,,,,-25.0,425.0,-127.5,297.5,0.0,,,297.5,0.0,297.5,0.0,,297.5,297.5,,1182.400024,0.2525,0.2525,,1182.400024,0.2525,0.2525,0.2525,
12/31/1991,1572.599976,,-484.200012,,1088.399964,,-655.200012,,,,,433.200012,12.3,,6.6,,,,-18.9,445.500012,-134.399994,311.100006,0.0,,,311.100018,0.0,311.100006,0.0,,311.100006,311.100006,,1169.800048,0.265,0.265,0.265,1169.800048,0.265,0.265,0.265,
03/31/1992,1557.099976,,-435.100006,,1121.999969,,-541.900024,,,,,580.099976,56.800003,,9.0,,,,-65.800003,636.899979,-192.199997,444.700012,118.900002,,,325.79998,0.0,325.799988,0.0,,325.799988,325.799988,,1179.199951,0.275,0.3775,,1179.199951,0.275,0.3775,0.3775,
06/30/1992,1478.300049,,-445.600006,,1032.700043,,-595.200012,,,,,437.5,49.000004,,18.299999,,,,-67.300003,486.500004,-146.300003,340.200012,0.0,,,340.200001,0.0,340.200012,0.0,,340.200012,340.200012,,1177.776001,0.29,0.29,,1177.776001,0.29,0.29,0.29,
09/30/1992,1476.5,,-532.5,,944.0,,-731.799988,,,,,212.199997,-597.800024,,21.4,,,,576.400024,-385.600027,117.099998,-268.5,0.0,,,-268.500029,0.0,-268.5,0.0,,-268.5,-268.5,,1177.83606,-0.2275,-0.2275,,1177.83606,-0.2275,-0.2275,-0.2275,
12/31/1992,1655.400024,,-483.799988,,1171.600036,,-680.200012,,,,,491.399994,-46.9,,23.0,,,,23.9,444.499994,-133.300003,311.200012,0.0,,,311.199991,0.0,311.200012,0.0,,311.200012,311.200012,,1170.63196,0.265,0.265,0.265,1170.63196,0.265,0.265,0.265,
03/31/1993,1560.0,,-446.600006,,1113.399994,,-605.099976,,,,,508.299988,21.5,,,,0.0,,-21.5,529.799988,-156.300003,373.5,10.9,,,362.599985,,362.600006,0.0,,362.600006,362.600006,,1174.504028,0.3075,0.3175,,1174.504028,0.3075,0.3175,0.3175,
06/30/1993,1561.0,,-469.5,,1091.5,,-634.799988,,,,,456.700012,35.200001,,,,0.0,,-35.200001,491.900013,-145.100006,346.799988,0.0,,,346.800007,0.0,346.799988,0.0,,346.799988,346.799988,,1174.156006,0.295,0.295,,1174.156006,0.295,0.295,0.295,
09/30/1993,1530.599976,,-467.399994,,1063.199982,,-650.099976,,,,,413.100006,4.5,,,,0.0,,-4.5,417.600006,-123.199997,294.399994,0.0,,,294.400009,0.0,294.399994,0.0,,294.399994,294.399994,,1174.0,0.25,0.25,,1174.0,0.25,0.25,0.25,
12/31/1993,1457.099976,,-436.399994,,1020.699982,,-619.700012,,,,,401.0,-1048.5,,,,0.0,,1048.5,-647.5,184.5,-463.0,60.599998,,,-523.599998,0.0,-523.599976,0.0,,-523.599976,-523.599976,,1181.599976,-0.4425,-0.3925,-0.3925,1181.599976,-0.4425,-0.3925,-0.3925,
03/31/1994,1309.099976,,-382.100006,,926.999969,,-457.299988,,,,,469.700012,-36.900002,,16.700001,,0.0,,20.200001,432.800011,-132.097656,300.700012,-30.0,,,330.702354,0.0,330.700012,0.0,,330.700012,330.700012,,1157.651978,0.285,0.26,0.26,1157.651978,0.285,0.26,0.26,
06/30/1994,1346.800049,,-385.799988,,961.000061,,-532.799988,,,,,428.200012,32.299999,,18.700001,,0.0,,-51.0,460.500011,-141.300003,319.200012,-27.4,,,346.600008,0.0,346.600006,0.0,,346.600006,346.600006,,1157.036011,0.3,0.275,0.275,1157.036011,0.3,0.275,0.275,
09/30/1994,1507.300049,,-451.399994,,1055.900055,,-638.299988,,,,,417.600006,9.2,,15.3,,0.0,,-24.5,426.800006,-131.199997,295.600006,-23.1,,,318.700009,0.0,318.700012,0.0,,318.700012,318.700012,,1164.624023,0.275,0.255,0.255,1164.624023,0.275,0.255,0.255,
12/31/1994,1548.400024,,-460.399994,,1088.00003,,-667.0,,,,,421.0,-42.499998,,53.099998,,,,-10.6,378.500002,-108.900002,269.600006,-20.5,,,290.1,0.0,290.100006,0.0,,290.100006,290.100006,,1156.056032,0.25,0.2325,0.2325,1156.056032,0.25,0.2325,0.2325,
03/31/1995,1717.300049,,-512.5,,1204.800049,,-643.900024,,,,,560.900024,-32.999996,,66.199997,,0.0,,-33.200001,527.900028,-153.100006,374.799988,-18.4,,,393.200022,0.0,393.200012,0.0,,393.200012,393.200012,,1156.248047,0.34,0.325,,1156.248047,0.34,0.325,0.325,
06/30/1995,1614.800049,,-459.399994,,1155.400055,,-696.799988,,,,,458.600006,-22.000004,,72.300003,,0.0,,-50.299999,436.600002,-126.599998,310.0,-17.1,,,327.100004,0.0,327.100006,0.0,,327.100006,327.100006,,1157.135986,0.2825,0.2675,,1157.135986,0.2825,0.2675,0.2675,
09/30/1995,1631.900024,,-419.700012,,1212.200012,,-704.700012,,,,,507.5,-70.199998,,75.599998,,0.0,,-5.4,437.300002,-126.800003,310.5,-917.5,,,1227.999999,0.0,1228.0,0.0,,1228.0,1228.0,,1146.147949,1.0715,0.27,,1146.147949,1.0715,0.27,0.27,
12/31/1995,1799.800049,,-494.100006,,1305.700043,,-850.900024,,,,,454.799988,-90.999996,,72.199997,,,,18.799999,363.799992,-52.5,311.299988,-31.299999,,,342.599991,0.0,342.600006,0.0,,342.600006,342.600006,,1092.67395,0.315,0.285,0.285,1092.67395,0.315,0.285,0.285,
03/31/1996,1783.300049,,-518.0,,1265.300049,,-736.0,,,,,529.299988,-5.5,,69.900002,,0.0,,-64.400002,523.799988,-134.600006,389.200012,0.0,,,389.199982,0.0,389.200012,0.0,,389.200012,389.200012,,1092.628052,0.355,0.355,0.355,1112.0,0.35,0.35,0.35,
06/30/1996,1698.300049,,-505.100006,,1193.200043,,-752.400024,,,,,440.799988,24.5,,75.5,,0.0,,-100.0,465.299988,-119.599998,345.700012,0.0,,,345.699989,0.0,345.700012,-1.7,,344.000012,344.000012,,1094.553955,0.3145,0.3145,0.3145,1114.0,0.31,0.31,0.31,
09/30/1996,1803.900024,,-502.899994,,1301.000031,,-763.799988,,,,,537.200012,22.200005,,74.099998,,0.0,,-96.300003,559.400017,-143.800003,415.600006,0.0,,,415.600014,0.0,415.600006,-0.9,,414.700006,414.700006,,1092.932007,0.38,0.38,0.38,1118.0,0.37,0.37,0.37,
12/31/1996,2061.100098,,-592.400024,,1468.700074,,-929.200012,,,,,539.5,-56.700003,,69.300003,,0.0,,-12.6,482.799997,-109.800003,373.0,0.0,,,372.999994,0.0,373.0,-1.0,,372.0,372.0,,1094.5,0.34,0.34,0.34,1120.264038,0.33,0.33,0.33,
03/31/1997,1841.099976,,-455.200012,,1385.899963,,-757.900024,,,,,628.0,-33.099998,,60.599998,,0.0,,-27.5,594.900002,-144.199997,450.700012,18.0,,,432.700005,0.0,432.700012,-0.7,,432.000012,432.000012,,1109.487183,0.39,0.41,0.4,1138.684204,0.38,0.4,0.4,
06/30/1997,1859.599976,,-446.100006,,1413.499969,,-876.599976,,,,,536.900024,542.299988,,62.5,,0.0,,-604.799988,1079.200012,-443.200012,636.0,2368.199951,,,-1732.199951,0.0,-1732.199951,-0.6,,-1732.799951,-1732.799951,,1103.312134,-1.57,0.58,0.36,1124.80603,-1.54,0.56,0.36,
09/30/1997,2029.0,,-483.0,,1546.0,,-908.299988,,,,,637.700012,-18.200001,,57.299999,,0.0,,-39.099998,619.500011,-155.399994,464.100006,7.2,,,456.900018,0.0,456.899994,-0.7,,456.199994,456.199994,,1101.813965,0.41,0.42,0.4,1129.852051,0.4,0.41,0.4,
12/31/1997,2258.0,,-561.700012,,1696.299988,,-1060.5,,,,,635.799988,-18.200001,,53.700001,,0.0,,-35.5,617.599987,-152.5,465.100006,7.6,,,457.499987,0.0,457.5,-0.6,,456.9,456.9,,1101.186035,0.41,0.4,0.4,1132.547974,0.41,0.4,0.4,
03/31/1998,2087.0,,-457.299988,,1629.700012,,-906.400024,,,,,723.299988,-20.000002,47.900002,47.900002,,0.0,,-27.9,703.299986,-171.699997,531.599976,10.5,,,521.099989,0.0,521.099976,-0.6,,520.499976,520.499976,,1102.275024,0.47,0.48,0.48,1130.634033,0.46,0.47,0.47,
06/30/1998,2155.0,,-478.6,,1676.4,,-1054.1,,,,,622.3,25.0,42.7,42.7,,0.0,,-67.7,647.3,-156.4,490.9,-0.4,,,491.3,0.0,491.3,-0.7,,490.6,490.6,,1098.2,0.45,0.45,0.45,1125.0,0.44,0.44,0.44,
09/30/1998,2359.4,,-495.7,,1863.7,,-1235.0,,,,,628.7,-29.6,45.4,45.4,,0.0,,-15.8,599.1,-86.9,512.2,-6.0,,,518.2,0.0,518.2,0.0,,518.2,518.2,76.8,1091.571,0.47,0.47,0.54,1118.183,0.46,0.46,0.53,
12/31/1998,2635.399902,,-583.5,,2051.899902,,-1329.199951,,,,,722.700012,-7.399998,,45.299999,,,,-37.900002,715.300014,-153.699997,561.599976,-5.7,,,567.300017,0.0,567.299988,-0.2,,567.099988,567.099988,,1091.300049,0.52,0.51,0.51,1118.097046,0.51,0.5,0.5,
03/31/1999,2255.600098,,-493.5,,1762.100098,,-1006.0,,,,,756.099976,-212.599998,43.900002,43.900002,,0.0,,168.699997,543.499977,-92.099998,451.399994,-174.3,,,625.699979,0.0,625.700012,-0.1,,625.600012,625.600012,,1093.177002,0.57,0.41,0.54,1114.733032,0.56,0.4,0.53,
06/30/1999,2341.6,,-491.1,,1850.5,,-1110.1,,,,,740.4,-1.4,43.0,43.0,,0.0,,-41.6,739.0,-162.6,576.391,0.0,,,576.4,0.0,576.4,0.0,,576.4,576.4,,1090.4,0.53,0.53,0.53,1108.1,0.52,0.52,0.52,
09/30/1999,2585.2,,-548.2,,2037.0,,-1139.3,,,,,897.7,41.5,45.9,45.9,,0.0,,-87.4,939.2,-206.6,732.6,0.0,,,732.6,0.0,732.6,0.0,,732.6,732.6,-44.07,1084.136,0.68,0.68,0.63,1100.448,0.67,0.67,0.62,
12/31/1999,2820.5,,-565.2,,2255.3,,-1285.8,,,,,969.5,54.2,,51.0,,0.0,,-105.2,1023.7,-237.4,786.3,0.0,,,786.3,0.0,786.3,0.0,0.0,786.3,786.3,-71.5,1082.895,0.73,0.73,0.69,1100.84,0.71,0.71,0.63,
03/31/2000,2451.1,,-508.7,,1942.4,,-1146.8,,,,,795.6,226.9,46.8,46.8,,0.0,,-273.7,1022.5,-177.0,845.5,0.0,,,845.5,0.0,845.5,0.0,0.0,845.5,845.5,-123.4,1084.199,0.78,0.78,0.64,1097.688,0.77,0.77,0.63,
06/30/2000,2621.5,,-491.7,,2129.8,,-1304.2,,,,,825.6,28.5,45.5,45.5,,0.0,,-74.0,854.1,-187.9,666.2,0.0,,,666.2,0.0,666.2,0.0,0.0,666.2,666.2,,1081.3,0.62,0.62,0.62,1096.5,0.61,0.61,0.61,
09/30/2000,2811.9,,-490.1,,2321.8,,-1306.4,,,,,1015.4,-17.0,44.1,44.1,,0.0,,-27.1,998.4,-219.6,778.8,0.0,,,778.8,0.0,778.8,0.0,,778.8,778.8,,1080.981,0.72,0.72,0.72,1098.247,0.71,0.71,0.71,
12/31/2000,2977.7,,-565.2,,2412.5,,-1489.4,,,,,923.1,60.6,45.9,45.9,,0.0,,-106.5,983.7,-216.4,767.3,0.0,,,767.3,0.0,767.3,0.0,,767.3,767.3,,1079.807,0.71,0.71,0.71,1096.384,0.7,0.7,0.7,
03/31/2001,2805.7,,-522.3,,2283.4,,-1284.4,,,,,999.0,35.4,41.4,41.4,,0.0,,-76.8,1034.4,-227.6,806.8,0.0,,,806.8,0.0,806.8,0.0,0.0,806.8,806.8,,1078.505,0.75,0.75,0.75,1092.101,0.74,0.74,0.74,
06/30/2001,3033.5,,-522.2,,2511.3,,-1463.6,,,,,1047.7,13.4,40.4,40.4,,0.0,,-53.8,1061.1,-233.4,827.7,0.0,,,827.7,0.0,827.7,0.0,0.0,827.7,827.7,,1077.1,0.77,0.77,0.77,1091.4,0.76,0.76,0.76,
09/30/2001,2874.4,,-549.0,,2325.4,,-1431.9,,,,,893.5,-178.2,41.9,41.9,,0.0,,136.3,715.3,-128.6,586.7,16.6,,,570.1,0.0,570.1,0.0,0.0,570.1,570.1,,1077.115,0.53,0.55,0.67,1089.892,0.52,0.54,0.66,
12/31/2001,2828.9,,-566.7,,2262.2,,-1472.6,,,,,789.6,-48.3,22.8,22.8,,0.0,,25.5,741.3,-153.1,588.2,12.8,,,575.4,0.0,575.4,0.0,0.0,575.4,575.4,68.0,1077.305,0.53,0.54,0.61,1090.438,0.53,0.54,0.6,
03/31/2002,2561.1,,-530.1,,2031.0,,-1280.1,,,,,750.9,55.8,9.6,9.6,,0.0,,-65.4,806.7,-177.5,629.2,0.0,,,629.2,0.0,629.2,0.0,0.0,629.2,629.2,,1077.13,0.58,0.58,0.58,1088.2,0.58,0.58,0.58,
06/30/2002,2775.2,,-524.9,,2250.3,,-1460.7,,,,,789.6,54.6,23.9,23.9,,0.0,,-78.5,844.2,-185.7,658.5,0.0,,,658.5,0.0,658.5,0.0,0.0,658.5,658.5,,1077.3,0.61,0.61,0.61,1086.4,0.61,0.61,0.61,
09/30/2002,2785.6,,-553.7,,2231.9,,-1337.4,,,,,894.5,-31.7,22.3,22.3,,0.0,,9.4,862.8,-178.9,683.9,0.0,,,683.9,0.0,683.9,0.0,0.0,683.9,683.9,,1076.823,0.64,0.64,0.69,1085.72,0.63,0.63,0.68,
12/31/2002,2955.6,,-567.8,,2387.8,,-1495.1,,,,,892.7,51.3,23.9,23.9,,0.0,,-75.2,944.0,-207.7,736.3,0.0,,,736.3,0.0,736.3,0.0,0.0,736.3,736.3,,1076.402,0.68,0.68,0.68,1083.936,0.68,0.68,0.68,
03/31/2003,2889.4,,-621.3,,2268.1,,-1444.1,,,,,824.0,-330.1,15.5,15.5,,0.0,,314.6,493.9,-86.9,407.0,0.0,,,407.0,0.0,407.0,0.0,0.0,407.0,407.0,,1076.1,0.38,0.38,0.61,1083.2,0.38,0.38,0.61,
06/30/2003,3088.2,,-643.0,,2445.2,,-1585.8,,,,,859.4,28.5,19.9,19.9,,0.0,,-48.4,887.9,-195.7,692.2,0.0,,,692.2,0.0,692.2,0.0,0.0,692.2,692.2,,1076.794,0.64,0.64,0.64,1082.408,0.64,0.64,0.64,
09/30/2003,3139.4,,-679.3,,2460.1,,-1531.5,,,,,928.6,-12.7,15.8,15.8,,0.0,,-3.1,915.9,-201.5,714.4,0.0,,,714.4,0.0,714.4,0.0,0.0,714.4,714.4,,1076.276,0.66,0.66,0.66,1081.815,0.66,0.66,0.66,
12/31/2003,3465.5,,-731.5,,2734.0,,-1844.2,,,,,889.8,74.2,9.8,9.8,,0.0,,-84.0,964.0,-216.8,747.2,0.0,,,747.2,0.0,747.2,0.0,0.0,747.2,747.2,,1077.043,0.69,0.69,0.67,1083.113,0.69,0.69,0.67,
03/31/2004,3376.9,,-751.7,,2625.2,,-1710.5,,,,,914.7,-299.2,9.3,9.3,,0.0,,289.9,615.5,-215.1,400.4,0.0,,,400.4,0.0,400.4,0.0,0.0,400.4,400.4,,1080.3,0.37,0.37,0.71,1087.0,0.37,0.37,0.7,
06/30/2004,3556.3,,-796.4,,2759.9,,-1854.4,,,,,905.5,-67.3,7.5,7.5,,0.0,,59.8,838.2,-181.3,656.9,0.0,,,656.9,0.0,656.9,0.0,0.0,656.9,656.9,,1083.86,0.61,0.61,0.68,1090.7,0.6,0.6,0.68,
09/30/2004,3280.4,,-810.1,,2470.3,,-1606.7,,,,,863.6,104.6,18.5,18.5,,0.0,,-123.1,968.2,-213.0,755.2,0.0,,,755.2,0.0,755.2,0.0,0.0,755.2,755.2,,1084.81,0.7,0.7,0.7,1089.23,0.69,0.69,0.69,
12/31/2004,3644.3,,-865.7,,2778.6,,-1803.7,,,,,974.9,-454.9,,16.3,,0.0,,438.6,520.0,-522.4,-2.4,0.0,,,-2.4,0.0,-2.4,0.0,0.0,-2.4,-2.4,,1086.599,0.0,0.0,0.75,1086.599,0.0,0.0,0.75,
03/31/2005,3497.4,,-859.0,,2638.4,,-1792.6,,,,,845.8,98.6,24.6,24.6,,0.0,,-123.2,944.4,-207.8,736.6,0.0,,,736.6,0.0,736.6,0.0,0.0,736.6,736.6,,1086.9,0.68,0.68,0.68,1089.2,0.68,0.68,0.68,
06/30/2005,3667.7,,-871.3,,2796.4,,-1908.5,,,,,887.9,-1028.0,12.0,12.0,,0.0,,1016.0,-140.1,-111.9,-252.0,0.0,,,-252.0,0.0,-252.0,0.0,0.0,-252.0,-252.0,,1087.6,-0.23,-0.23,0.67,1087.6,-0.23,-0.23,0.67,
09/30/2005,3601.1,,-845.7,,2755.4,,-1821.9,,,,,933.5,85.0,24.3,24.3,,0.0,,-109.3,1018.5,-224.1,794.4,0.0,,,794.4,0.0,794.4,0.0,0.0,794.4,794.4,,1088.9,0.73,0.73,0.73,1091.4,0.73,0.73,0.73,
12/31/2005,3879.1,,-898.2,,2980.9,,-1999.5,,,,,981.4,-86.7,,44.3,,0.0,,42.4,894.7,-172.1,722.6,22.2,,,700.4,0.0,700.6,0.0,0.0,700.6,700.6,,1091.655,0.64,0.66,0.8,1093.511,0.64,0.66,0.8,
03/31/2006,3714.7,,-806.5,,2908.2,,-1883.7,,,,,1024.5,32.2,5.3,65.0,-59.7,0.0,,-37.5,1056.7,-221.9,834.8,0.0,,,834.8,0.0,834.8,0.0,0.0,834.8,834.8,,1086.0,0.77,0.77,0.77,1087.0,0.77,0.77,0.77,
06/30/2006,3866.9,,-860.6,,3006.3,,-2012.7,,,,,993.6,46.9,-2.6,65.8,-68.4,0.0,,-44.3,1040.5,-218.5,822.0,0.0,,,822.0,0.0,822.0,0.0,0.0,822.0,822.0,,1084.7,0.76,0.76,0.76,1085.3,0.76,0.76,0.76,
09/30/2006,3864.1,,-860.4,,3003.7,,-1953.9,,,,,1049.8,56.0,-4.8,62.7,-67.5,0.0,,-51.2,1105.8,-232.2,873.6,0.0,,,873.6,0.0,873.6,0.0,0.0,873.6,873.6,,1085.6,0.8,0.8,0.8,1086.4,0.8,0.8,0.8,
12/31/2006,4245.3,,-1019.0,,3226.3,,-2168.8,,1310.8,,858.0,1057.5,-842.5,-21.7,44.6,-66.3,0.0,-30.2,894.4,215.0,-82.7,132.3,0.0,,,132.3,0.0,132.3,0.0,0.0,132.3,132.3,,1088.612,0.12,0.12,0.85,1089.097,0.12,0.12,0.85,
03/31/2007,4226.1,,-922.5,,3303.6,,-2171.0,,,,,1132.6,-413.2,-4.0,53.0,-57.0,0.0,,417.2,719.4,-210.7,508.7,0.0,,,508.7,0.0,508.7,0.0,0.0,508.7,508.7,403.263,1089.7,0.47,0.47,0.84,1089.9,0.47,0.47,0.84,
06/30/2007,4631.0,,-998.9,,3632.1,,-2379.1,,,,,1253.0,-326.3,8.7,59.1,-50.4,0.0,,317.6,926.7,-263.1,663.6,0.0,,,663.6,0.0,663.6,0.0,0.0,663.6,663.6,315.81,1089.0,0.61,0.61,0.9,1089.0,0.61,0.61,0.9,
09/30/2007,4586.8,,-1054.6,,3532.2,,-2322.3,,,,,1209.9,-31.5,6.2,55.8,-49.6,0.0,,25.3,1178.4,-252.1,926.3,0.0,,,926.3,0.0,926.3,0.0,0.0,926.3,926.3,63.984,1089.1,0.85,0.85,0.91,1089.1,0.85,0.85,0.91,
12/31/2007,5189.6,,-1272.8,,3916.8,,-2709.4,,,,,1207.4,-155.1,2.1,60.4,-58.3,0.0,,153.0,1052.3,-197.9,854.4,0.0,,,854.4,0.0,854.4,0.0,0.0,854.4,854.4,,1092.472,0.78,0.78,0.9,1092.636,0.78,0.78,0.9,
03/31/2008,4807.6,,-1111.3,,3696.3,,-2427.6,,,,,1268.7,-212.4,3.5,59.8,-56.3,0.0,,208.9,1056.3,8.0,1064.3,0.0,,,1064.3,0.0,1064.3,0.0,0.0,1064.3,1064.3,-57.49,1091.5,0.97,0.97,0.92,1091.5,0.97,0.97,0.92,
06/30/2008,5150.4,,-1200.9,,3949.5,,-2651.6,,,,,1297.9,-91.6,-4.7,42.6,-47.3,0.0,,96.3,1206.3,-247.5,958.8,0.0,,,958.8,0.0,958.8,0.0,0.0,958.8,958.8,117.65,1092.1,0.88,0.88,0.99,1092.1,0.88,0.88,0.99,
09/30/2008,5209.5,,-1155.2,,4054.3,,-2602.2,,,,,1452.1,-1684.9,-9.2,44.0,-53.2,0.0,,1694.1,-232.8,-232.8,-465.6,0.0,,,-465.6,0.0,-465.6,0.0,0.0,-465.6,-465.6,1600.2,1092.2,-0.43,-0.43,1.04,1092.2,-0.43,-0.43,1.04,
12/31/2008,5204.4,,-909.3,,4295.1,0.0,-2785.9,1726.6,,,1059.3,1509.2,-4846.6,28.0,81.9,-53.9,,,4818.6,-3337.4,-292.0,-3629.4,,,,-3629.4,,-3629.4,,0.0,-3629.4,-3629.4,3008.525,1096.491,-3.310013,-3.310013,,1096.491,-3.310013,-3.310013,,
03/31/2009,5047.0,5047.0,-816.4,816.4,4230.6,0.0,-2476.5,1529.2,,947.3,0.0,1754.1,-70.7,60.2,87.6,-27.4,,,10.5,1683.4,-370.3,1313.1,0.0,0.0,0.0,1313.1,,1313.1,0.0,0.0,1313.1,1289.05,-24.05,1097.2,1.2,1.2,1.174854,1097.3,1.2,1.2,1.174854,
06/30/2009,5292.8,5292.8,-947.4,947.4,4345.4,0.0,-2853.6,1708.2,,1040.4,105.0,1491.8,-24.1,45.5,64.3,-18.8,,,-21.4,1467.7,-309.2,1158.5,0.0,0.0,0.0,1158.5,,1158.5,0.0,0.0,1158.5,1218.885,60.385,1097.2,1.06,1.06,1.110905,1097.2,1.06,1.06,1.110905,
09/30/2009,5562.0,5562.0,-1051.9,1051.9,4510.1,0.0,-3373.7,1701.8,,1122.1,549.8,1136.4,-66.9,44.0,59.2,-15.2,,,22.9,1069.5,-127.7,941.8,0.0,0.0,0.0,941.8,,941.8,0.0,0.0,941.8,1281.291,339.491,1097.7,0.86,0.86,1.167251,1097.7,0.86,0.86,1.167251,
12/31/2009,5934.2,5934.2,-1431.3,1431.3,4502.9,0.0,-3297.9,1953.3,,1216.7,127.9,1205.0,-67.8,36.4,50.2,-13.8,,,31.4,1137.2,-221.8,915.4,0.0,0.0,0.0,915.4,,915.4,0.0,0.0,915.4,1084.32894,168.92894,1101.42,0.83,0.83,0.984483,1101.447,0.83,0.83,0.98337,
03/31/2010,5485.5,5485.5,-1122.5,1122.5,4363.0,0.0,-2729.7,1614.4,,1039.1,76.2,1633.3,74.5,37.0,47.6,-10.6,,,-111.5,1707.8,-459.7,1248.1,0.0,0.0,0.0,1248.1,,1248.1,0.0,0.0,1248.1,1340.482,92.382,1103.4,1.13,1.13,1.214865,1103.4,1.13,1.13,1.213725,
06/30/2010,5748.7,5748.7,-1023.9,1023.9,4724.8,0.0,-2969.9,1755.4,,1187.2,27.3,1754.9,-18.4,36.5,47.5,-11.0,,,-18.1,1736.5,-387.6,1348.9,0.0,0.0,0.0,1348.9,,1348.9,0.0,0.0,1348.9,1363.891,14.991,1103.8,1.22,1.22,1.235632,1103.8,1.22,1.22,1.233581,
09/30/2010,5654.8,5654.8,-987.6,987.6,4667.2,0.0,-2974.2,1694.9,,1219.8,59.5,1693.0,-21.7,30.9,47.2,-16.3,,,-9.2,1671.3,-368.4,1302.9,0.0,0.0,0.0,1302.9,,1302.9,0.0,0.0,1302.9,1342.166,39.266,1105.2,1.18,1.18,1.21441,1105.2,1.18,1.18,1.21441,
12/31/2010,6187.0,6187.0,-1232.2,1232.2,4954.8,0.0,-3505.8,1988.7,,1438.1,79.0,1449.0,-39.4,29.2,43.2,-14.0,,,10.2,1409.6,-240.0,1169.6,0.0,0.0,0.0,1169.6,,1169.6,0.0,0.0,1169.6,1307.87008,138.27008,1110.252,1.053455,1.053455,1.177994,1110.352,1.05336,1.05336,1.177888,
03/31/2011,5839.2,5839.2,-1180.1,1180.1,4659.1,0.0,-3374.0,1785.7,,1124.0,464.3,1285.1,-11.2,30.3,45.8,-15.5,,,-19.1,1273.9,-218.0,1055.9,0.0,0.0,0.0,1055.9,,1055.9,0.0,0.0,1055.9,1355.045,299.145,1112.0,0.95,0.95,1.218566,1112.0,0.95,0.95,1.218566,
06/30/2011,6252.8,6252.8,-1228.0,1228.0,5024.8,0.0,-3435.9,2043.0,,1260.6,132.3,1588.9,-57.6,27.3,45.1,-17.8,,,30.3,1531.3,-334.0,1197.3,0.0,0.0,0.0,1197.3,,1197.3,0.0,0.0,1197.3,1257.035,59.735,1113.9,1.07,1.07,1.128499,1114.0,1.07,1.07,1.123622,
09/30/2011,6147.9,6147.9,-1338.1,1338.1,4809.8,0.0,-3223.9,1917.8,,1280.9,25.2,1585.9,-83.4,22.8,45.0,-22.2,,,60.6,1502.5,-266.2,1236.3,0.0,0.0,0.0,1236.3,,1236.3,0.0,0.0,1236.3,1243.561,7.261,1113.8,1.11,1.11,1.116503,1113.8,1.11,1.11,1.116503,
12/31/2011,6046.6,6046.6,-1321.7,1321.7,4724.9,0.0,-3656.3,2133.4,,1355.3,167.6,1068.6,-26.8,25.6,50.1,-24.5,,,1.2,1041.8,-183.6,858.2,0.0,0.0,0.0,858.2,,858.2,0.0,0.0,858.2,954.1233,95.9233,1115.846,0.77,0.77,0.855067,1115.883,0.77,0.77,0.855067,
03/31/2012,5602.0,5602.0,-1197.9,1197.9,4404.1,0.0,-3022.8,1847.5,,1151.5,23.8,1381.3,-46.0,19.2,45.3,-26.1,,,26.8,1335.3,-324.2,1011.1,0.0,0.0,0.0,1011.1,,1011.1,0.0,0.0,1011.1,1015.12,4.02,1117.0,0.91,0.91,0.908791,1117.0,0.91,0.91,0.908791,
06/30/2012,5600.7,5600.7,-1146.7,1146.7,4454.0,0.0,-3251.8,1931.1,,1320.7,0.0,1202.2,-16.5,15.8,43.0,-27.2,,,0.7,1185.7,-262.1,923.6,0.0,0.0,0.0,923.6,,923.6,0.0,0.0,923.6,916.645,-6.955,1118.7,0.83,0.83,0.819384,1118.7,0.83,0.83,0.819384,
09/30/2012,5443.3,5443.3,-1203.6,1203.6,4239.7,0.0,-3153.5,1757.4,,1342.8,53.3,1086.2,788.5,21.3,47.0,-25.7,,,-809.8,1874.7,-548.1,1326.6,0.0,0.0,0.0,1326.6,,1326.6,0.0,0.0,1326.6,1334.66,8.06,1119.6,1.18,1.18,1.192086,1119.6,1.18,1.18,1.187199,
12/31/2012,5957.3,5957.3,-1248.3,1248.3,4709.0,0.0,-3644.6,1977.5,,1463.1,204.0,1064.4,-52.0,16.5,42.5,-26.0,,,35.5,1012.4,-185.2,827.2,0.0,0.0,0.0,827.2,,827.2,0.0,0.0,827.2,944.0068,116.8068,1113.88,0.74,0.74,0.847494,1113.88,0.74,0.74,0.844865,
03/31/2013,5602.0,5602.0,-1158.3,1158.3,4443.7,0.0,-3021.8,1652.0,,1348.1,21.7,1421.9,529.2,16.7,40.3,-23.6,,,-545.9,1951.1,-403.1,1548.0,0.0,0.0,0.0,1548.0,,1548.0,0.0,0.0,1548.0,1237.393,-310.607,1087.9,1.42,1.42,1.137414,1091.9,1.42,1.42,1.135535,
06/30/2013,5929.7,5929.7,-1165.2,1165.2,4764.5,0.0,-3261.5,1867.6,,1330.4,63.5,1503.0,11.9,10.6,40.3,-29.7,,,-22.5,1514.9,-308.7,1206.2,0.0,0.0,0.0,1206.2,,1206.2,0.0,0.0,1206.2,1234.74,28.54,1080.2,1.12,1.12,1.143066,1084.0,1.11,1.11,1.136328,
09/30/2013,5772.6,5772.6,-1198.1,1198.1,4574.5,0.0,-3029.8,1652.4,,1377.4,0.0,1544.7,-31.3,7.6,39.8,-32.2,,,23.7,1513.4,-310.3,1203.1,0.0,0.0,0.0,1203.1,,1203.1,0.0,0.0,1203.1,1203.49,0.39,1080.2,1.11,1.11,1.114136,1084.2,1.11,1.11,1.11036,
12/31/2013,5808.8,5808.8,-1386.5,1386.5,4422.3,0.0,-3521.5,1953.6,,1475.4,92.5,900.8,9.1,5.5,39.7,-34.2,,,-14.6,909.9,-182.4,727.5,0.0,0.0,0.0,727.5,,727.5,0.0,0.0,727.5,797.904982,70.404983,1078.976,0.67,0.67,0.739502,1078.976,0.67,0.67,0.735252,
03/31/2014,4683.1,4683.1,-1222.7,1222.7,3460.4,0.0,-2625.6,1484.9,,1109.3,31.4,834.8,56.0,3.4,37.8,-34.4,,,-59.4,890.8,-162.9,727.9,0.0,0.0,0.0,727.9,,727.9,0.0,0.0,727.9,700.146,-27.754,1072.7,0.68,0.68,0.652695,1075.8,0.68,0.68,0.652695,
06/30/2014,4935.6,4935.6,-1189.7,1189.7,3745.9,0.0,-2859.3,1663.9,,1195.4,0.0,886.6,53.8,1.9,35.5,-33.6,,,-55.7,940.4,-206.9,733.5,0.0,0.0,0.0,733.5,,733.5,0.0,0.0,733.5,690.405,-43.095,1071.7,0.68,0.68,0.644215,1076.4,0.68,0.68,0.639964,
09/30/2014,4875.6,4875.6,-1267.0,1267.0,3608.6,0.0,-3046.6,1672.1,,1243.2,131.3,562.0,93.5,9.3,38.1,-28.8,,,-102.8,655.5,-154.9,500.6,0.0,0.0,0.0,500.6,,500.6,0.0,0.0,500.6,645.196,144.596,1069.6,0.47,0.47,0.603212,1074.4,0.47,0.47,0.603212,
12/31/2014,5121.3,5121.3,-1253.1,1253.1,3868.2,0.0,-3491.8,1799.9,,1185.7,506.2,376.4,137.2,13.2,37.4,-24.2,,,-150.4,513.6,-85.1,428.5,0.0,0.0,0.0,428.5,,428.5,0.0,0.0,428.5,704.555,276.055,1069.787,0.4,0.4,0.658594,1069.787,0.4,0.4,0.658047,
03/31/2015,4644.7,4644.7,-1192.7,1192.7,3452.0,0.0,-2926.8,1523.5,,1039.3,364.0,525.2,92.7,19.5,40.9,-21.4,,,-112.2,617.9,-88.4,529.5,0.0,0.0,0.0,529.5,,529.5,0.0,0.0,529.5,811.88,282.38,1064.2,0.5,0.5,0.762902,1067.0,0.5,0.5,0.762902,
06/30/2015,4978.7,4978.7,-1218.4,1218.4,3760.3,0.0,-2957.3,1635.4,,1169.5,152.4,803.0,-123.3,16.2,36.8,-20.6,,,107.1,679.7,-78.9,600.8,0.0,0.0,0.0,600.8,,600.8,0.0,0.0,600.8,822.635,221.835,1061.7,0.57,0.57,0.774828,1065.6,0.56,0.56,0.768178,
09/30/2015,4959.7,4959.7,-1236.9,1236.9,3722.8,0.0,-2761.5,1575.7,,1143.4,42.4,961.3,86.5,18.1,39.3,-21.2,,,-104.6,1047.8,-248.1,799.7,0.0,0.0,0.0,799.7,,799.7,0.0,0.0,799.7,832.8,33.1,1061.4,0.75,0.75,0.784624,1065.2,0.75,0.75,0.781074,
12/31/2015,5375.6,5375.6,-1389.2,1389.2,3986.4,0.0,-3586.5,1798.4,,1444.2,343.9,399.9,44.7,20.4,44.2,-23.8,,,-65.1,444.6,33.8,478.4,0.0,0.0,0.0,478.4,,478.4,0.0,0.0,478.4,717.59,239.19,1064.893,0.45,0.45,0.673861,1064.893,0.45,0.45,0.673861,
03/31/2016,4865.1,4865.1,-1323.0,1323.0,3542.1,0.0,-2826.3,1473.9,,1221.0,131.4,715.8,-149.0,19.2,43.4,-24.2,,,129.8,566.8,-126.7,440.1,0.0,0.0,0.0,440.1,,440.1,0.0,0.0,440.1,767.475,327.375,1059.9,0.42,0.42,0.724101,1063.1,0.41,0.41,0.717944,
06/30/2016,5404.8,5404.8,-1465.0,1465.0,3939.8,0.0,-3016.5,1622.6,,1335.9,58.0,923.3,21.2,19.7,43.2,-23.5,,,-40.9,944.5,-196.8,747.7,0.0,0.0,0.0,747.7,,747.7,0.0,0.0,747.7,792.705,45.005,1057.7,0.71,0.71,0.749461,1060.1,0.71,0.71,0.749461,
09/30/2016,5191.7,5191.7,-1400.9,1400.9,3790.8,0.0,-2847.3,1565.4,,1236.4,45.5,943.5,27.2,18.1,47.2,-29.1,,,-45.3,970.7,-192.7,778.0,0.0,0.0,0.0,778.0,,778.0,0.0,0.0,778.0,802.425,24.425,1057.7,0.74,0.74,0.758651,1060.8,0.73,0.73,0.753025,
12/31/2016,5760.5,5760.5,-1466.0,1466.0,4294.5,0.0,-3418.3,1790.1,,1450.6,177.6,876.2,15.8,19.5,51.4,-31.9,,,-35.3,892.0,-120.2,771.8,0.0,0.0,0.0,771.8,,771.8,0.0,0.0,771.8,893.23,121.43,1057.996,0.729492,0.729492,0.844266,1063.3,0.725853,0.725853,0.840055,
03/31/2017,5228.3,5228.3,-1347.9,1347.9,3880.4,0.0,-3897.5,1567.7,,1258.3,1071.5,-17.1,78.3,14.0,46.6,-32.6,,,-92.3,61.2,-172.0,-110.8,0.0,0.0,0.0,-110.8,,-110.8,0.0,0.0,-110.8,918.7,1029.5,1056.3,-0.1,-0.1,0.869734,1056.3,-0.1,-0.1,0.869734,
06/30/2017,5824.3,5824.3,-1571.7,1571.7,4252.6,0.0,-3052.5,1730.4,,1272.1,50.0,1200.1,60.4,16.7,53.6,-36.9,,,-77.1,1260.5,-252.5,1008.0,0.0,0.0,0.0,1008.0,,1008.0,0.0,0.0,1008.0,1041.085,33.085,1055.0,0.96,0.96,0.98681,1057.1,0.95,0.95,0.981298,
09/30/2017,5658.0,5658.0,-1586.3,1586.3,4071.7,0.0,-3530.0,1578.5,,1340.0,611.5,541.7,49.9,16.8,61.9,-45.1,,,-66.7,591.6,-36.0,555.6,0.0,0.0,0.0,555.6,,555.6,0.0,0.0,555.6,997.6,442.0,1053.4,0.53,0.53,0.947029,1056.0,0.53,0.53,0.947029,
12/31/2017,6160.7,6160.7,-1644.9,1644.9,4515.8,0.0,-4343.6,1803.5,,1486.9,1053.2,172.2,111.9,10.2,62.9,-52.7,,,-122.1,284.1,-1941.0,-1656.9,0.0,0.0,0.0,-1656.9,,-1656.9,0.0,0.0,-1656.9,1092.1,2749.0,1051.091,-1.58,-1.58,1.039016,1051.091,-1.58,-1.58,1.035378,
03/31/2018,4963.8,4963.8,-1164.6,1164.6,3799.2,0.0,-2503.0,1338.7,,1107.5,56.8,1296.2,69.5,15.7,61.2,-45.5,,,-85.2,1365.7,-198.5,1167.2,-50.2,-50.2,0.0,1217.4,,1217.4,0.0,0.0,1217.4,1208.0,40.8,1048.0,1.16,1.11,1.152672,1049.8,1.16,1.11,1.148865,
06/30/2018,5585.0,5585.0,-1234.3,1234.3,4350.7,0.0,-4355.6,1485.6,,1271.0,1599.0,-4.9,46.6,22.1,63.3,-41.2,,,-68.7,41.7,-273.3,-231.6,28.3,28.3,0.0,-259.9,,-259.9,0.0,0.0,-259.9,1349.1,1580.7,1030.2,-0.25,-0.22,1.309552,1030.2,-0.25,-0.22,1.309552,
09/30/2018,5306.9,5306.9,-1152.9,1152.9,4154.0,0.0,-2811.0,1457.2,,1280.9,72.9,1343.0,-1.9,28.7,60.8,-32.1,,,-26.8,1341.1,-247.5,1093.6,-55.9,-55.9,0.0,1149.5,,1149.5,0.0,0.0,1149.5,1209.4,115.8,1020.4,1.13,1.07,1.185221,1026.3,1.12,1.07,1.182833,
12/31/2018,5637.6,5637.6,-1129.9,1129.9,4507.7,0.0,-3607.5,1693.6,,1391.8,522.1,900.2,31.4,16.7,57.2,-40.5,,,-48.1,931.6,189.8,1121.4,-3.7,-3.7,0.0,1125.1,,1125.1,0.0,0.0,1125.1,1230.1,108.7,1018.285,1.1,1.101263,1.208012,1018.285,1.1,1.1,1.206748,
03/31/2019,5092.2,5092.2,-1138.7,1138.7,3953.5,0.0,-3308.4,1517.1,,1230.5,560.8,645.1,86.0,55.9,86.5,-30.6,,,-141.9,731.1,-170.0,561.1,-3680.5,-3680.5,0.0,4241.6,,4241.6,0.0,0.0,4241.6,1202.0,640.9,979.9,4.33,0.57,1.226656,984.0,4.31,0.569654,1.220976,
06/30/2019,5636.7,5636.7,-1124.9,1124.9,4511.8,0.0,-3013.5,1586.3,,1402.2,25.0,1498.3,-32.4,91.5,110.9,-19.4,,,-59.1,1465.9,-138.7,1327.2,0.0,0.0,0.0,1327.2,,1327.2,0.0,0.0,1327.2,1347.0,19.8,920.8,1.44,1.44,1.462858,924.6,1.44,1.44,1.461415,
09/30/2019,5476.6,5476.6,-1175.0,1175.0,4301.6,0.0,-2870.9,1412.3,,1380.9,77.7,1430.7,-24.9,90.1,107.4,-17.3,,,-65.2,1405.8,-151.9,1253.9,0.0,0.0,0.0,1253.9,,1253.9,0.0,0.0,1253.9,1315.2,61.3,913.9,1.37,1.37,1.439107,918.5,1.37,1.37,1.436739,
12/31/2019,6114.0,6114.0,-1282.6,1282.6,4831.4,0.0,-3431.2,1698.1,,1581.4,151.7,1400.2,262.9,82.7,95.9,-13.2,,,-345.6,1663.1,-167.4,1495.7,0.0,0.0,0.0,1495.7,,1495.7,0.0,0.0,1495.7,1541.3,45.6,914.678,1.64,1.64,1.685074,914.678,1.64,1.64,1.685074,
03/31/2020,5859.8,5859.8,-1215.1,1215.1,4644.7,0.0,-3053.9,1549.6,,1392.1,112.2,1590.8,89.1,78.2,92.5,-14.3,,,-167.3,1679.9,-223.4,1456.5,0.0,0.0,0.0,1456.5,,1456.5,0.0,0.0,1456.5,1555.7,99.2,908.2,1.6,1.6,1.712949,911.7,1.6,1.6,1.708808,
06/30/2020,5499.4,5499.4,-1222.0,1222.0,4277.4,0.0,-3080.6,1448.6,,1390.2,241.8,1196.8,446.9,81.2,88.3,-7.1,,,-528.1,1643.7,-231.7,1412.0,0.0,0.0,0.0,1412.0,,1412.0,0.0,0.0,1412.0,1639.7,227.7,907.2,1.56,1.56,1.807429,910.9,1.55,1.55,1.799973,
09/30/2020,5915.9,,,,4742.658712,,,,,,,1896.667,,,,,,,,1849.111,,1500.25,,,,,,1500.25,,,1500.25,1572.9,,,1.63,1.63,1.749,,1.63,1.63,1.749,
12/31/2020,6602.7,,,,5308.834908,,,,,,,2070.444,,,,,,,,2005.0,,1682.0,,,,,,1682.0,,,1682.0,1724.1,,,1.793,1.793,1.895,,1.793,1.793,1.895,
