Date,Net Revenue,Net Interest Income,Total Interest Income,Interest Income,Investment Income,Total Interest Expense,Total Non-Interest Income,Trading Securities G/L,Trading Account Profits/Losses,Investments & Loans Income (Loss),Other Income (Loss),Commissions & Fees Earned,Other Operating Income (Losses),Provision for Loan Losses,Net Revenue after Provisions,Total Non-Interest Expense,Commissions & Fees Paid,Other Operating Expenses,Operating Income (Loss),Non-Operating (Income) Loss,Other Non-Operating (Income) Loss,"Pretax Income (Loss), GAAP",Income Tax Expense (Benefit),Income (Loss) from Cont Ops,Net Extraordinary Losses (Gains),Discontinued Operations,Extraordinary & Accounting Items,Income (Loss) incl. Minority Interest,Minority Interest,"Net Income, GAAP",Preferred Dividends,Other Adjustments,"Net Income Avail to Common, GAAP","Net Income Avail to Common, Adj",Net Abnormal Losses (Gains),Basic Weighted Avg Shares,"Basic EPS, GAAP",Basic EPS from Cont Ops,"Basic EPS from Cont Ops, Adjusted",Diluted Weighted Avg Shares,"Diluted EPS, GAAP",Diluted EPS from Cont Ops,"Diluted EPS from Cont Ops, Adjusted",Source: Bloomberg
06/30/1989,55.287001,3.227,7.343,7.343,0.0,-4.116,52.060001,14.675,,,,32.338001,5.047,0.0,55.287001,-50.396001,2.522,47.874001,4.891,0.0,0.0,4.891,-1.837,3.054,0.0,,,3.054,0.0,3.054,0.0,,3.054,3.054,,42.809991,0.072,0.072,,42.809991,0.072,0.072,0.072,
09/30/1989,57.464001,3.45,7.987,7.987,0.0,-4.537,54.014001,14.049,,,,34.837002,5.128,0.0,57.464001,-51.940001,2.538,49.402,5.524,0.0,0.0,5.524,-2.095,3.429,0.0,,,3.429,0.0,3.429,0.0,,3.429,3.429,,43.179988,0.08,0.08,,43.179988,0.08,0.08,0.08,
12/31/1989,59.078998,3.494,8.021,8.021,0.0,-4.527,55.584998,13.547,,,,35.912998,6.125,0.0,59.078998,-53.067,2.483,50.584,6.012,0.0,0.0,6.012,-2.312,3.7,0.0,,,3.7,0.0,3.7,0.0,,3.7,3.7,,43.129991,0.086,0.086,,43.129991,0.086,0.086,0.086,
03/31/1990,54.750999,3.516,7.431,7.431,0.0,-3.915,51.234999,14.256,,,,31.886,5.093,0.0,54.750999,-51.645999,2.22,49.425999,3.105,0.0,0.0,3.105,-1.443,1.662,0.0,,,1.662,0.0,1.662,0.0,,1.662,1.662,,41.549992,0.04,0.04,,41.549992,0.04,0.04,0.04,
06/30/1990,58.093999,3.67,7.172,7.172,0.0,-3.502,54.423999,15.681,,,,33.202999,5.54,0.0,58.093999,-53.045999,2.481,50.564999,5.048,0.0,0.0,5.048,-1.959,3.089,0.0,,,3.089,0.0,3.089,0.0,,3.089,3.089,,44.834989,0.068,0.068,,44.834989,0.068,0.068,0.068,
09/30/1990,60.512001,3.744,7.222,7.222,0.0,-3.478,56.768001,15.429,,,,30.943001,10.396,0.0,60.512001,-54.525999,2.122,52.403999,5.986,0.0,0.0,5.986,-2.334,3.652,0.0,,,3.652,0.0,3.652,0.0,,3.652,3.652,,44.564989,0.082,0.082,,44.564989,0.082,0.082,0.082,
12/31/1990,54.666,3.401,7.114,7.114,0.0,-3.713,51.265,14.593,,,,28.830999,7.841,0.0,54.666,-50.342,1.522,48.82,4.324,0.0,0.0,4.324,-1.703,2.621,0.0,,,2.621,0.0,2.621,0.0,,2.621,2.621,,44.219988,0.06,0.06,,44.219988,0.06,0.06,0.06,
03/31/1991,63.354997,3.058,6.759,6.759,0.0,-3.701,60.296997,-3.288,,,,66.393997,-2.809,0.0,63.354997,-56.487,1.911,54.576,6.868,0.0,0.0,6.868,-2.706,4.162,0.0,,,4.162,0.0,4.162,0.0,,4.162,4.162,,44.274987,0.094,0.094,,44.274987,0.094,0.094,0.094,
06/30/1991,64.631,3.029,6.336,6.336,0.0,-3.307,61.602,18.924999,,,,35.665001,7.012,0.0,64.631,-57.801,1.774,56.027,6.83,0.0,0.0,6.83,-2.7,4.13,0.0,,,4.13,0.0,4.13,0.0,,4.13,4.13,,45.134991,0.092,0.092,,45.134991,0.092,0.092,0.092,
09/30/1991,65.276998,3.179,6.568,6.568,0.0,-3.389,62.097998,18.4,,,,36.314999,7.383,0.0,65.276998,-57.566,1.524,56.042,7.711,0.0,0.0,7.711,-3.119,4.592,0.0,,,4.592,0.0,4.592,0.0,,4.592,4.592,,45.229986,0.102,0.102,,45.229986,0.102,0.102,0.102,
12/31/1991,72.527998,3.162,6.631,6.631,0.0,-3.469,69.365998,19.528999,,,,39.334999,10.502,0.0,72.527998,-62.98,1.799,61.181,9.548,0.0,0.0,9.548,-3.772,5.776,0.0,,,5.776,0.0,5.776,0.0,,5.776,5.776,,45.694988,0.126,0.126,,45.694988,0.126,0.126,0.126,
03/31/1992,76.487003,2.826,6.094,6.094,0.0,-3.268,73.661003,-3.663,,,,86.425003,-9.101,0.0,76.487003,-65.561001,1.75,63.811001,10.926,0.0,0.0,10.926,-4.307,6.619,0.0,,,6.618999,0.0,6.619,0.0,,6.619,6.619,,45.964988,0.144,0.144,,45.964988,0.144,0.144,0.144,
06/30/1992,78.146,2.846,5.919,5.919,0.0,-3.073,75.3,14.47,,,,55.223,5.607,0.0,78.146,-65.702998,1.366,64.336998,12.443,0.0,0.0,12.443,-4.839,7.604,0.0,,,7.604,0.0,7.604,0.0,,7.604,7.604,,45.884989,0.166,0.166,,45.884989,0.166,0.166,0.166,
09/30/1992,74.942998,2.892,5.677,5.677,0.0,-2.785,72.050998,14.228,,,,52.613998,5.209,0.0,74.942998,-63.722999,1.215,62.507999,11.22,0.0,0.0,11.22,-4.376,6.844,0.0,,,6.844,0.0,6.844,0.0,,6.844,6.844,,45.984986,0.148,0.148,,45.984986,0.148,0.148,0.148,
12/31/1992,82.169002,3.282,6.256,6.256,0.0,-2.974,78.887002,11.954,,,,61.233002,5.7,0.0,82.169002,-70.896999,1.423,69.473999,11.272,0.0,0.0,11.272,-4.227,7.045,0.0,,,7.045,0.0,7.045,0.0,,7.045,7.045,,46.464989,0.152,0.152,,46.464989,0.152,0.152,0.152,
03/31/1993,89.459998,3.324,6.121,6.121,0.0,-2.797,86.135998,14.348,,,,65.724998,6.063,0.0,89.459998,-75.412003,1.571,73.841003,14.048,0.0,0.0,14.048,-5.338,8.71,0.0,,,8.71,0.0,8.71,0.0,,8.71,8.71,,46.829988,0.186,0.186,0.186,46.829988,0.186,0.186,0.186,
06/30/1993,88.100002,3.7,6.9,6.9,0.0,-3.2,84.400002,12.8,,,,65.900002,5.7,0.0,88.100002,-74.900003,1.6,73.300003,13.2,0.0,0.0,13.2,-5.1,8.1,0.0,,,8.1,0.0,8.1,0.0,,8.1,8.1,,59.999985,0.136,0.136,,59.999985,0.136,0.136,0.136,
09/30/1993,102.723001,3.41,7.454,7.454,0.0,-4.044,99.313001,14.956,,,,77.262001,7.095,0.0,102.723001,-83.981003,1.361,82.620003,18.742001,0.0,0.0,18.742001,-7.382,11.36,0.0,,,11.360001,0.0,11.36,0.0,,11.36,11.36,,48.423988,0.235,0.235,,48.423988,0.235,0.235,0.235,
12/31/1993,99.156002,3.838,7.807,7.807,0.0,-3.969,95.318002,12.539,,,,75.523003,7.256,0.0,99.156002,-82.834,1.473,81.361,16.322001,0.0,0.0,16.322001,-6.433,9.889,0.0,,,9.889,0.0,9.889,0.0,,9.889,9.889,,48.731986,0.2025,0.2025,,48.731986,0.2025,0.2025,0.2025,
03/31/1994,92.139,3.709,7.864,7.864,0.0,-4.155,88.43,13.633,,,,67.514,7.283,0.0,92.139,-81.192003,1.337,79.855003,10.947,0.0,0.0,10.947,-4.28,6.667,0.0,,,6.667,0.0,6.667,0.0,,6.667,6.667,,48.723988,0.1375,0.1375,0.1375,48.723988,0.1375,0.1375,0.1375,
06/30/1994,,,,,,,,,,,,,,,,,,,8.347,,,8.347,-3.34,5.007,,,,5.007,,5.007,0.0,,5.007,5.007,,54.127985,0.0925,0.0925,,54.127985,0.0925,0.0925,0.0925,
09/30/1994,,,,,,,,,,,,,,,,,,,5.355,,,5.355,-2.251,3.104,,,,3.104,,3.104,0.0,,3.104,3.104,,56.435987,0.055,0.055,,56.435987,0.055,0.055,0.055,
12/31/1994,,,,,,,,,,,,,,,,,,,6.986,,,6.986,-2.854,4.132,,,,4.132,,4.132,0.0,,4.132,4.132,,55.091985,0.075,0.075,,55.091985,0.075,0.075,0.075,
03/31/1995,,,,,,,,,,,,,,,,,,,7.015,,,7.015,-2.991,4.024,,,,4.024,,4.024,0.0,,4.024,4.024,,55.503986,0.0725,0.0725,0.0725,55.503986,0.0725,0.0725,0.0725,
06/30/1995,110.107003,6.384,12.274,12.274,0.0,-5.89,103.723003,16.931,,,,79.133003,7.659,0.0,110.107003,-96.849004,1.453,95.396004,13.258,0.0,0.0,13.258,-5.432,7.826,0.0,,,7.826,0.0,7.826,0.0,,7.826,7.826,,56.575986,0.1375,0.1375,,56.575986,0.1375,0.1375,0.1375,
09/30/1995,118.673004,7.800001,13.836,13.836,0.0,-6.036,110.873003,15.765,,,,86.968002,8.14,0.0,118.673004,-103.046996,1.443,101.603996,15.626,0.0,0.0,15.626,-6.395,9.231,0.0,,,9.231,0.0,9.231,0.0,,9.231,9.231,,60.259983,0.1525,0.1525,,60.259983,0.1525,0.1525,0.1525,
12/31/1995,121.319004,8.257,14.487,14.487,0.0,-6.23,113.062003,15.238,,,,88.827003,8.997,0.0,121.319004,-107.336001,1.143,106.193001,13.983,0.0,0.0,13.983,-5.666,8.317,0.0,,,8.317,0.0,8.317,0.0,,8.317,8.317,,63.731983,0.13,0.13,,63.731983,0.13,0.13,0.13,
03/31/1996,139.767002,8.479999,16.500999,16.500999,0.0,-8.021,131.287003,17.936001,,,,102.371002,10.98,0.0,139.767002,-118.779997,1.024,117.755997,20.987,0.0,0.0,20.987,-8.494,12.493,0.0,,,12.493,0.0,12.493,0.0,,12.493,12.493,,63.775984,0.195,0.195,0.195,63.775984,0.195,0.195,0.195,
06/30/1996,,,,,,,,,,,,,,,,,,,22.225,0.0,0.0,22.225,-9.183,13.042,0.0,,,13.042001,0.0,13.042,0.0,,13.042,13.042,,69.555982,0.1875,0.1875,0.1875,80.259982,0.1625,0.1625,0.1625,
09/30/1996,,,,,,,,,,,,,,,,,,,23.412001,0.0,0.0,23.412001,-9.375,14.037,0.0,,,14.037001,0.0,14.037,0.0,,14.037,14.037,,76.915981,0.1825,0.1825,0.1825,83.80398,0.1675,0.1675,0.1675,
12/31/1996,,,,,,,,,,,,,,,,,,,25.739,0.0,0.0,25.739,-10.297,15.442,0.0,,,15.442,0.0,15.442,0.0,,15.442,15.442,,80.219981,0.1925,0.1925,0.1925,84.611978,0.1825,0.1825,0.1825,
03/31/1997,,,,,,,,,,,,,,,,,,,24.834,0.0,0.0,24.834,-10.163,14.671,0.0,,,14.671,0.0,14.671,0.0,,14.671,14.671,,80.38798,0.1825,0.1825,0.1825,86.299982,0.17,0.17,0.17,
06/30/1997,171.904,12.155,26.831,26.831,,-14.676,159.749,22.05,,,,129.247,8.452,,171.904,-144.162,1.185,142.977,27.742,,,27.742,-11.483,16.259,0.0,,,16.259,0.0,16.259,0.0,0.0,16.259,16.259,,107.939973,0.15,0.15,0.15,114.387971,0.1425,0.1425,0.1425,
09/30/1997,202.994,12.617,30.546,30.546,,-17.929,190.377,20.84,,,,160.324,9.213,,202.994,-170.13,1.5,168.63,32.864,0.0,0.0,32.864,-13.559,19.305,0.0,,,19.305,0.0,19.305,0.0,0.0,19.305,19.305,,162.714,0.12,0.12,0.12,173.703,0.11,0.11,0.11,
12/31/1997,215.864,14.428,33.776,33.776,0.0,-19.348,201.436,19.989,,,,170.864,10.583,0.0,215.864,-187.254,1.346,185.908,28.61,0.0,0.0,28.61,-11.574,17.036,0.0,,,17.036,0.0,17.036,0.0,0.0,17.036,17.036,,163.788,0.103333,0.103333,0.103333,175.206,0.096667,0.096667,0.096667,
03/31/1998,224.592005,14.362001,36.115002,36.115002,0.0,-21.753,210.230003,23.868999,,,,173.632004,12.729,0.0,224.592005,-185.429002,1.433,183.996002,39.162998,0.0,0.0,39.162998,-15.642,23.521,0.0,,,23.520998,0.0,23.521,0.0,,23.521,23.521,,82.050001,0.286667,0.286667,0.286667,88.202997,0.266667,0.266667,0.266667,
06/30/1998,224.515,15.957,40.185,40.185,,-24.228,208.558,22.41,,,,176.299,9.849,,224.515,-183.576,1.504,182.072,40.939,,,40.939,-16.575,24.364,0.0,,,24.364,0.0,24.364,0.0,0.0,24.364,24.364,,82.731,0.293333,0.293333,0.293333,88.344,0.276667,0.276667,0.276667,
09/30/1998,224.226,16.582,39.959,39.959,0.0,-23.377,207.644,22.044,,,,175.518,10.082,0.0,224.226,-187.313,1.758,185.555,36.913,0.0,0.0,36.913,-15.069,21.844,0.0,,,21.844,0.0,21.844,0.0,0.0,21.844,21.844,,83.157,0.26,0.26,0.26,88.2915,0.246667,0.246667,0.246667,
12/31/1998,237.19,15.919,39.243,39.243,0.0,-23.324,221.271,23.169,,,,185.662,12.44,0.0,237.19,-206.226,1.652,204.574,30.964,0.0,0.0,30.964,-12.629,18.335,0.0,,,18.335,0.0,18.335,0.0,0.0,18.335,18.335,,81.7155,0.226667,0.226667,0.226667,86.2485,0.213333,0.213333,0.213333,
03/31/1999,265.165,16.924,40.905,40.905,0.0,-23.981,248.241,26.482,,,,207.991,13.768,0.0,265.165,-232.448,1.763,230.685,32.717,0.0,0.0,32.717,-12.271,20.446,0.0,,,20.446,0.0,20.446,0.0,0.0,20.446,20.446,,82.1955,0.3,0.3,0.3,86.9445,0.286667,0.286667,0.286667,
06/30/1999,293.738,19.045,46.726,46.726,0.0,-27.681,274.693,28.47,,,,234.354,11.869,0.0,293.738,-234.757,2.001,232.756,58.981,0.0,0.0,58.981,-24.311,34.67,0.0,,,34.67,0.0,34.67,0.0,0.0,34.67,34.67,,90.903,0.38,0.38,0.38,97.86,0.346667,0.346667,0.346667,
09/30/1999,279.937,20.623,49.511,49.511,0.0,-28.888,259.314,27.976,,,,220.255,11.083,0.0,279.937,-228.9,1.9,227.0,51.037,0.0,0.0,51.037,-20.732,30.305,0.0,,,30.305,0.0,30.305,0.0,0.0,30.305,30.305,,92.9535,0.326667,0.326667,0.326667,98.445,0.306667,0.306667,0.306667,
12/31/1999,313.319,23.621,60.198,60.198,0.0,-36.577,289.698,30.19,,,,247.977,11.531,0.0,313.319,-253.777,1.895,251.882,59.542,0.0,0.0,59.542,-24.208,35.334,0.0,,,35.334,0.0,35.334,0.0,0.0,35.334,35.334,,93.483,0.38,0.38,0.38,98.4435,0.36,0.36,0.36,
03/31/2000,378.209,25.359,66.595,66.595,0.0,-41.236,352.85,39.631,,,,292.669,20.55,0.0,378.209,-293.331,2.032,291.299,84.878,0.0,0.0,84.878,-34.774,50.104,0.0,,,50.104,0.0,50.104,0.0,0.0,50.104,50.104,,93.9,0.533333,0.533333,0.533333,100.2,0.5,0.5,0.5,
06/30/2000,343.13,27.002,70.689,70.689,0.0,-43.687,316.128,33.491,,,,271.489,11.148,0.0,343.13,-272.159,0.0,272.159,70.971,-2.0,2.0,68.971,-28.587,40.384,0.0,,,40.384,0.0,40.384,0.0,0.0,40.384,40.384,,95.7345,0.42,0.42,0.44,101.7315,0.4,0.4,0.42,
09/30/2000,329.904,27.22,73.085,73.085,0.0,-45.865,302.684,27.742,,,,263.951,10.991,0.0,329.904,-267.108,1.974,265.134,62.796,0.0,0.0,62.796,-25.59,37.206,0.0,,,37.206,0.0,37.206,0.0,0.0,37.206,37.206,,95.586,0.386667,0.386667,0.386667,102.2805,0.366667,0.366667,0.366667,
12/31/2000,349.085,28.772,73.343,73.343,0.0,-44.571,320.313,30.038,,,,274.015,16.26,0.0,349.085,-279.334,1.71,277.624,69.751,0.0,0.0,69.751,-28.43,41.321,0.0,,,41.321,0.0,41.321,0.0,0.0,41.321,41.321,,96.015,0.433333,0.433333,0.433333,102.201,0.406667,0.406667,0.406667,
03/31/2001,338.745,23.818,65.084,65.084,0.0,-41.266,314.927,33.285,,,,268.976,12.666,0.0,338.745,-274.443,1.903,272.54,64.302,0.0,0.0,64.302,-26.983,37.319,0.0,,,37.319,0.0,37.319,0.0,0.0,37.319,37.319,,96.3045,0.386667,0.386667,0.386667,102.174,0.366667,0.366667,0.366667,
06/30/2001,346.322,20.065,54.743,54.743,0.0,-34.678,326.257,33.246,,,,273.2,19.811,0.0,346.322,-286.979,0.0,286.979,59.343,0.0,0.0,59.343,-23.982,35.361,0.0,,,35.361,0.0,35.361,0.0,0.0,35.361,35.361,,96.975,0.366667,0.366667,0.366667,102.0075,0.346667,0.346667,0.346667,
09/30/2001,335.068,10.959,48.843,48.843,0.0,-37.884,324.109,31.207,,,,288.435,4.467,0.0,335.068,-284.09,0.0,284.09,50.978,0.0,0.0,50.978,-20.588,30.39,0.0,,,30.39,0.0,30.39,0.0,0.0,30.39,30.39,,97.7565,0.313333,0.313333,0.313333,102.0825,0.3,0.3,0.3,
12/31/2001,374.766,4.457,33.496,33.496,0.0,-29.039,370.309,37.856,,,,313.307,19.146,0.0,374.766,-307.762,0.0,307.762,67.004,0.0,0.0,67.004,-25.916,41.088,0.0,,,41.088,0.0,41.088,0.0,0.0,41.088,41.088,,98.0985,0.42,0.42,0.42,102.297,0.4,0.4,0.4,
03/31/2002,395.185,5.321,30.991,30.991,0.0,-25.67,389.864,36.591,,,,339.707,13.566,0.0,395.185,-319.261,0.0,319.261,75.924,0.0,0.0,75.924,-29.827,46.097,0.0,,,46.097,0.0,46.097,0.0,0.0,46.097,46.097,,98.4405,0.466667,0.466667,0.466667,103.4805,0.446667,0.446667,0.446667,
06/30/2002,392.424,4.587,29.54,29.54,0.0,-24.953,387.837,36.235,,,,339.72,11.882,0.0,392.424,-312.066,0.0,312.066,80.358,0.0,0.0,80.358,-31.34,49.018,0.0,,,49.018,0.0,49.018,0.0,0.0,49.018,49.018,,98.907,0.493333,0.493333,0.493333,103.581,0.473333,0.473333,0.473333,
09/30/2002,371.366,6.117,30.266,30.266,0.0,-24.149,365.249,41.188,,,,310.346,13.715,0.0,371.366,-299.121,0.0,299.121,72.245,0.0,0.0,72.245,-26.874,45.371,0.0,,,45.371,0.0,45.371,0.0,0.0,45.371,45.371,,99.03,0.46,0.46,0.46,102.669,0.44,0.44,0.44,
12/31/2002,379.755,5.372,26.588,26.588,0.0,-21.216,374.383,39.811,,,,319.036,15.536,0.0,379.755,-302.934,0.0,302.934,76.821,0.0,0.0,76.821,-28.967,47.854,0.0,,,47.854,0.0,47.854,0.0,0.0,47.854,47.854,,98.973,0.486667,0.486667,0.486667,103.1055,0.466667,0.466667,0.466667,
03/31/2003,384.701,5.569,22.387,22.387,0.0,-16.818,379.132,40.96,,,,316.979,21.193,0.0,384.701,-305.804,0.0,305.804,78.897,0.0,0.0,78.897,-30.231,48.666,0.0,,,48.666,0.0,48.666,0.0,0.0,48.666,48.666,,99.0105,0.493333,0.493333,0.493333,103.2735,0.473333,0.473333,0.473333,
06/30/2003,423.339,5.769,22.58,22.58,0.0,-16.811,417.57,42.946,,,,357.598,17.026,0.0,423.339,-328.281,0.0,328.281,95.058,0.0,0.0,95.058,-36.692,58.366,0.0,,,58.366,0.0,58.366,0.0,0.0,58.366,58.366,,99.2595,0.586667,0.586667,0.586667,105.1875,0.553333,0.553333,0.553333,
09/30/2003,457.729,5.035,20.027,20.027,0.0,-14.992,452.694,41.407,,,,404.751,6.536,0.0,457.729,-343.595,0.0,343.595,114.134,-17.5,17.5,96.634,-37.26,59.374,-7.266,,,66.64,0.0,66.64,0.0,0.0,66.64,66.64,,100.1205,0.666667,0.6,0.686667,107.376,0.62,0.553333,0.64,
12/31/2003,506.422,6.401,21.145,21.145,0.0,-14.744,500.021,39.922,,,,446.024,14.075,0.0,506.422,-372.723,0.0,372.723,133.699,0.0,0.0,133.699,-52.866,80.833,0.0,,,80.833,0.0,80.833,0.0,0.0,80.833,80.833,,100.611,0.806667,0.806667,0.806667,114.771,0.713333,0.713333,0.713333,
03/31/2004,559.619,4.444,21.308,21.308,,-16.864,555.175,41.206,,,,502.273,11.696,0.0,559.619,-412.967,0.0,412.967,146.652,0.0,0.0,146.652,-54.727,91.925,0.0,,,91.925,0.0,91.925,0.0,0.0,91.925,91.925,,101.175,0.906667,0.906667,0.906667,115.6425,0.806667,0.806667,0.806667,
06/30/2004,538.937,5.817,21.807,21.807,0.0,-15.99,533.12,42.049,,,,481.598,9.473,0.0,538.937,-400.236,0.0,400.236,138.701,0.0,0.0,138.701,-52.287,86.414,0.0,,,86.414,0.0,86.414,0.0,0.0,86.414,86.414,,101.5725,0.853333,0.853333,0.853333,115.569,0.76,0.76,0.76,
09/30/2004,373.611,0.0,0.0,0.0,,0.0,373.611,,,,,365.755,7.856,,373.611,-260.243,,260.243,113.368,-6.702,6.702,106.666,-40.016,66.65,-25.012,,,91.662,,91.662,,,91.662,91.662,,101.932,0.9,0.65,0.65,114.742,0.81,0.59,0.59,
12/31/2004,410.871,0.0,0.0,0.0,0.0,0.0,410.871,,,,,405.332,5.539,0.0,410.871,-286.027,0.0,286.027,124.844,0.477,-0.477,125.321,-46.281,79.04,-33.67,,,112.71,0.0,112.71,0.0,0.0,112.71,112.71,,102.771,1.1,0.77,0.77,116.401,0.98,0.69,0.69,
03/31/2005,436.986,0.0,0.0,0.0,0.0,0.0,436.986,0.0,,,,429.006,7.98,0.0,436.986,-294.818,0.0,294.818,142.168,-14.422,14.422,127.746,-51.71,86.024,-31.621,,,107.657,0.0,117.645,0.0,0.0,117.645,117.645,,107.529,1.09,0.8,0.8,121.65,0.98,0.72,0.72,
06/30/2005,437.686,0.0,0.0,0.0,0.0,0.0,437.686,,,,,431.957,5.729,0.0,437.686,-305.589,,305.589,132.097,10.014,-10.014,142.111,-52.971,89.14,-23.635,,,112.775,,112.775,0.0,,112.775,112.775,,108.803,1.04,0.82,0.77,121.977,0.93,0.74,0.7,
09/30/2005,466.388,0.0,0.0,0.0,,0.0,466.388,,,,,461.966,4.422,,466.388,-327.819,,327.819,138.569,9.138,-9.138,147.707,-55.572,92.135,-28.901,,,121.036,,121.036,0.0,,121.036,121.036,,111.682,1.08,0.82,0.82,123.444,0.99,0.75,0.75,
12/31/2005,688.989,0.0,0.0,0.0,0.0,0.0,688.989,,,,,682.186,6.803,0.0,688.989,-534.756,,534.756,154.233,14.422,-14.422,168.655,-64.881,103.774,-659.518,,,763.292,-2.989,760.303,0.0,,760.303,760.303,,121.999,6.23,0.83,0.83,131.142,5.8,0.77,0.77,
03/31/2006,1052.149,0.0,0.0,0.0,0.0,0.0,1052.149,,,,,1046.531,5.618,0.0,1052.149,-805.467,,805.467,246.682,10.307,-10.307,256.989,-102.171,154.818,1.593,,,153.225,-3.171,150.054,0.0,,150.054,150.054,,139.377,1.076605,1.088035,1.09,145.406,1.031966,1.042921,1.04,
06/30/2006,1038.22,0.0,0.0,0.0,0.0,0.0,1038.22,0.0,,,,1034.419,3.801,0.0,1038.22,-774.535,0.0,774.535,263.685,-10.702,10.702,252.983,-96.895,156.088,,,,156.088,-0.053,156.035,0.0,,156.035,156.035,,140.247,1.11,1.11,1.14,144.171,1.08,1.08,1.11,
09/30/2006,1030.685,0.0,0.0,0.0,,0.0,1030.685,,,,,1025.274,5.411,,1030.685,-793.147,,793.147,237.538,1.204,-1.204,238.742,-95.019,143.723,,,,143.723,-0.047,143.676,0.0,,143.676,143.676,,141.229,1.02,1.02,1.03,144.231,1.0,1.0,1.01,
12/31/2006,1132.973,0.0,0.0,0.0,0.0,0.0,1132.973,,,,,1129.836,3.137,0.0,1132.973,-867.1,,867.1,265.873,11.961,-11.961,277.834,-103.652,174.182,-0.572,,,174.754,-0.121,174.633,0.0,,174.633,174.633,,141.422,1.23,1.23,1.24,144.317,1.21,1.21,1.22,
03/31/2007,1141.797,0.0,0.0,0.0,0.0,0.0,1141.797,,,,,1138.054,3.743,0.0,1141.797,-869.343,,869.343,272.454,1.841,-1.841,274.295,-102.046,172.249,,,,172.249,0.225,172.474,0.0,,172.474,172.474,,141.59,1.22,1.22,1.22,144.549,1.19,1.19,1.19,
06/30/2007,1205.968,0.0,0.0,0.0,0.0,0.0,1205.968,,,,,1196.109,9.859,0.0,1205.968,-913.805,,913.805,292.163,13.407,-13.407,305.57,-114.59,190.98,,,,190.98,0.035,191.015,0.0,,191.015,191.015,,142.107,1.34,1.34,1.34,144.778,1.32,1.32,1.32,
09/30/2007,1172.351,0.0,0.0,0.0,0.0,0.0,1172.351,,,,,1168.455,3.896,0.0,1172.351,-893.933,,893.933,278.418,5.779,-5.779,284.197,-106.574,177.623,,,,177.623,-0.159,177.464,0.0,,177.464,177.464,,142.427,1.25,1.25,1.25,144.627,1.23,1.23,1.23,
12/31/2007,1186.644,,0.0,,0.0,,1186.644,,,,,1182.595,4.049,0.0,1186.644,-844.653,,844.653,341.991,-94.999,94.999,246.992,-92.319,154.673,,,,154.673,-0.091,154.582,0.0,0.0,154.582,154.582,,142.297,1.09,1.09,1.09,144.018,1.07,1.07,1.07,
03/31/2008,1202.834,133.711,0.0,0.0,,133.711,1069.123,,,,,1062.158,6.965,,1202.834,-780.519,0.0,780.519,383.603,-776.491,776.491,-392.888,137.488,-255.4,,,,-255.4,-0.051,-255.451,0.0,0.0,-255.451,-255.451,,141.132,-1.81,-1.81,-1.14,141.132,-1.81,-1.81,-1.14,
06/30/2008,1054.031,0.0,0.0,0.0,,,1054.031,0.0,0.0,0.0,0.0,1049.877,4.154,,1054.031,-825.084,0.0,825.084,228.947,-286.762,286.762,-57.815,21.734,-36.081,0.0,0.0,0.0,-36.081,-0.046,-36.127,0.0,0.0,-36.127,-36.127,0.0,140.505,-0.26,-0.26,-0.26,140.505,-0.26,-0.26,-0.26,
09/30/2008,966.137,0.0,0.0,0.0,,,966.137,0.0,0.0,0.0,0.0,963.178,2.959,,966.137,-745.924,0.0,745.924,220.213,-388.093,388.093,-167.88,58.891,-108.989,0.0,0.0,0.0,-108.989,0.254,-108.735,0.0,0.0,-108.735,-108.735,0.0,140.9,-0.77,-0.77,-0.77,140.9,-0.77,-0.77,-0.77,
12/31/2008,719.988,0.0,0.0,0.0,,,719.988,0.0,0.0,0.0,0.0,717.423,2.565,,719.988,-1792.993,0.0,1792.993,-1073.005,-1198.022,1198.022,-2271.027,778.047,-1492.98,0.0,0.0,0.0,-1492.98,0.148,-1492.832,0.0,0.0,-1492.832,-1492.832,850.7,141.019,-10.59,-10.59,-4.553514,141.019,-10.59,-10.59,-4.55748,
03/31/2009,617.211,0.0,0.0,0.0,,,617.211,0.0,0.0,0.0,0.0,615.499,1.712,,617.211,-662.546,0.0,662.546,-45.335,-637.82,637.82,-683.155,361.354,-321.801,0.0,0.0,0.0,-321.801,-3.28,-325.081,0.0,0.0,-325.081,-325.081,-51.13048,141.709,-2.29,-2.29,-2.654817,141.709,-2.29,-2.29,-2.654817,
06/30/2009,613.084,0.0,0.0,0.0,,,613.084,0.0,0.0,0.0,0.0,611.297,1.787,,613.084,-554.769,0.0,554.769,58.315,22.389,-22.389,80.704,-28.38,52.324,0.0,0.0,0.0,52.324,-2.27,50.054,0.0,0.0,50.054,50.054,0.0,142.006,0.35,0.35,0.35,143.126,0.35,0.35,0.35,
09/30/2009,659.896,0.0,0.0,0.0,,,659.896,0.0,0.0,0.0,0.0,658.528,1.368,,659.896,-582.012,0.0,582.012,77.884,-2.891,2.891,74.993,-27.671,47.322,0.0,0.0,0.0,47.322,-1.548,45.774,0.0,0.0,45.774,45.774,0.0,151.267,0.3,0.3,0.3,153.224,0.3,0.3,0.3,
12/31/2009,690.479,0.0,0.0,0.0,,,690.479,0.0,0.0,0.0,0.0,689.073,1.406,,690.479,-611.331,0.0,611.331,79.148,-6.909,6.909,72.239,-26.006,46.233,0.0,0.0,0.0,46.233,-1.311,44.922,0.0,0.0,44.922,44.922,0.0,160.815,0.28,0.28,0.28,162.949,0.28,0.28,0.28,
03/31/2010,671.42,0.0,0.0,0.0,,,671.42,0.0,0.0,0.0,0.0,670.008,1.412,,671.42,-565.584,0.0,565.584,105.836,-4.116,4.116,101.72,-36.619,65.101,0.0,0.0,0.0,65.101,-1.494,63.607,0.0,0.0,63.607,63.607,0.0,160.952,0.4,0.4,0.4,161.703,0.39,0.39,0.39,
06/30/2010,674.165,0.0,0.0,0.0,,,674.165,0.0,0.0,0.0,0.0,672.759,1.406,,674.165,-571.388,0.0,571.388,102.777,-30.67,30.67,72.107,-27.064,45.043,0.0,0.0,0.0,45.043,2.888,47.931,0.0,0.0,47.931,47.931,2.05075,160.123,0.3,0.3,0.312146,160.762,0.3,0.3,0.312146,
09/30/2010,674.794,0.0,0.0,0.0,,,674.794,0.0,0.0,0.0,0.0,673.524,1.27,,674.794,-586.895,0.0,586.895,87.899,15.409,-15.409,103.308,-26.72,76.588,0.0,0.0,0.0,76.588,-1.253,75.335,0.0,0.0,75.335,75.335,-1.34645,151.416,0.5,0.5,0.488644,151.94,0.5,0.5,0.488644,
12/31/2010,721.928,0.0,0.0,0.0,,,721.928,0.0,0.0,0.0,0.0,720.635,1.293,,721.928,-624.936,0.0,624.936,96.992,-9.836,9.836,87.156,-33.792,53.364,0.0,0.0,0.0,53.364,8.256,61.62,0.0,0.0,61.62,61.62,15.5987,149.98,0.41,0.41,0.51486,150.972,0.41,0.41,0.513322,
03/31/2011,713.43,0.0,0.0,0.0,,,713.43,0.0,0.0,0.0,0.0,711.152,2.278,,713.43,-614.29,0.0,614.29,99.14,3.486,-3.486,102.626,-31.858,70.768,0.0,0.0,0.0,70.768,-1.731,69.037,0.0,0.0,69.037,69.037,10.20045,151.948,0.45,0.45,0.521477,152.089,0.45,0.45,0.517069,
06/30/2011,717.108,0.0,0.0,0.0,,,717.108,0.0,0.0,0.0,0.0,715.615,1.493,,717.108,-616.742,0.0,616.742,100.366,-10.801,10.801,89.565,-27.867,61.698,0.0,0.0,0.0,61.698,-1.746,59.952,0.0,0.0,59.952,59.952,7.40675,149.21,0.4,0.4,0.451436,149.347,0.4,0.4,0.449594,
09/30/2011,669.897,0.0,0.0,0.0,,,669.897,0.0,0.0,0.0,0.0,668.612,1.285,,669.897,-563.045,0.0,563.045,106.852,-51.075,51.075,55.777,1.606,57.383,0.0,0.0,0.0,57.383,-0.719,56.664,0.0,0.0,56.664,56.664,-10.2431,143.877,0.39,0.39,0.322643,143.931,0.39,0.39,0.318833,
12/31/2011,626.978,0.0,0.0,0.0,,,626.978,0.0,0.0,0.0,0.0,625.956,1.022,,626.978,-567.655,0.0,567.655,59.323,-11.575,11.575,47.748,-12.607,35.141,0.0,0.0,0.0,35.141,-7.009,28.132,0.0,0.0,28.132,28.132,5.7317,140.053,0.2,0.2,0.241792,140.082,0.2,0.2,0.240917,
03/31/2012,648.591,0.0,0.0,0.0,,,648.591,0.0,0.0,0.0,0.0,647.141,1.45,,648.591,-576.379,0.0,576.379,72.212,37.781,-37.781,109.993,-33.184,76.809,0.0,0.0,0.0,76.809,-0.74,76.069,0.0,0.0,76.069,76.069,1.23305,140.055,0.54,0.54,0.551941,140.09,0.54,0.54,0.548802,
06/30/2012,630.692,0.0,0.0,0.0,,,630.692,0.0,0.0,0.0,0.0,629.099,1.593,,630.692,-554.615,0.0,554.615,76.077,-94.058,94.058,-17.981,4.997,-12.984,0.0,0.0,0.0,-12.984,3.526,-9.458,0.0,0.0,-9.458,-9.458,54.873,138.72,-0.07,-0.07,0.327386,138.72,-0.07,-0.07,0.325567,
09/30/2012,640.295,0.0,0.0,0.0,,,640.295,0.0,0.0,0.0,0.0,638.527,1.768,,640.295,-560.561,0.0,560.561,79.734,17.758,-17.758,97.492,-16.397,81.095,0.0,0.0,0.0,81.095,-0.298,80.797,0.0,0.0,80.797,80.797,-18.075,134.098,0.6,0.6,0.467733,134.128,0.6,0.6,0.465241,
12/31/2012,673.9,0.0,0.0,0.0,,,673.9,0.0,0.0,0.0,0.0,672.06,1.84,,673.9,-1307.223,0.0,1307.223,-633.323,-5.441,5.441,-638.764,180.214,-458.55,0.0,0.0,0.0,-458.55,4.68,-453.87,0.0,0.0,-453.87,-453.87,508.3,131.534,-3.45,-3.45,0.413809,131.534,-3.45,-3.45,0.413809,
03/31/2013,667.763,0.0,0.0,0.0,,,667.763,0.0,0.0,0.0,0.0,665.754,2.009,,667.763,-624.75,0.0,624.75,43.013,5.633,-5.633,48.646,-17.955,30.691,0.0,0.0,0.0,30.691,-1.487,29.204,0.0,0.0,29.204,29.204,0.0,128.507,0.23,0.23,0.23,128.576,0.23,0.23,0.23,
06/30/2013,670.417,0.0,0.0,0.0,,,670.417,0.0,0.0,0.0,0.0,668.405,2.012,,670.417,-586.883,0.0,586.883,83.534,-8.647,8.647,74.887,-25.792,49.095,0.0,0.0,0.0,49.095,-1.28,47.815,0.0,0.0,47.815,47.815,2.47,125.228,0.38,0.38,0.401548,125.412,0.38,0.38,0.399695,
09/30/2013,669.852,0.0,0.0,0.0,,,669.852,0.0,0.0,0.0,0.0,667.872,1.98,,669.852,-563.486,0.0,563.486,106.366,0.485,-0.485,106.851,-19.153,87.698,0.0,0.0,0.0,87.698,-1.41,86.288,0.0,0.0,86.288,86.288,-13.249,122.974,0.7,0.7,0.593939,123.207,0.7,0.7,0.592466,
12/31/2013,720.092,0.0,0.0,0.0,,,720.092,0.0,0.0,0.0,0.0,717.362,2.73,,720.092,-598.44,0.0,598.44,121.652,4.303,-4.303,125.955,-46.004,79.951,0.0,0.0,0.0,79.951,1.783,81.734,0.0,0.0,81.734,81.734,4.84504,120.583,0.68,0.68,0.718004,121.126,0.67,0.67,0.71,
03/31/2014,681.396,0.0,0.0,0.0,,,681.396,0.0,0.0,0.0,0.0,679.744,1.652,,681.396,-562.055,0.0,562.055,119.341,-7.393,7.393,111.948,-46.856,65.092,0.0,0.0,0.0,65.092,3.855,68.947,0.0,0.0,68.947,68.947,0.0,118.949,0.58,0.58,0.58,119.85,0.58,0.58,0.58,
06/30/2014,693.881,0.0,0.0,0.0,,,693.881,0.0,0.0,0.0,0.0,692.416,1.465,,693.881,-574.335,0.0,574.335,119.546,-5.278,5.278,114.268,-40.656,73.612,0.0,0.0,0.0,73.612,-1.424,72.188,0.0,-1.873,70.315,70.315,10.66,114.119,0.62,0.62,0.709566,115.212,0.61,0.61,0.702525,
09/30/2014,703.895,0.0,0.0,0.0,,,703.895,0.0,0.0,0.0,0.0,702.451,1.444,,703.895,-573.54,0.0,573.54,130.355,-121.53,121.53,8.825,-3.804,5.021,0.0,0.0,0.0,5.021,-0.124,4.897,0.0,-0.142,4.755,4.755,75.2531,112.69,0.04,0.04,0.709984,113.831,0.04,0.04,0.701095,
12/31/2014,718.984,0.0,0.0,0.0,,,718.984,0.0,0.0,0.0,0.0,717.953,1.031,,718.984,-599.616,0.0,599.616,119.368,-1.303,1.303,118.065,-38.017,80.048,0.0,0.0,0.0,80.048,-3.012,77.036,0.0,-2.078,74.958,74.958,12.025,111.345,0.67,0.67,0.781203,112.598,0.67,0.67,0.776796,
03/31/2015,702.346,0.0,0.0,0.0,,,702.346,0.0,0.0,0.0,0.0,700.592,1.754,,702.346,-573.396,0.0,573.396,128.95,-2.115,2.115,126.835,-42.807,84.028,0.0,0.0,0.0,84.028,-1.069,82.959,0.0,-2.24,80.719,80.719,1.0517,109.899,0.73,0.73,0.744053,111.283,0.73,0.73,0.739451,
06/30/2015,708.65,0.0,0.0,0.0,,,708.65,0.0,0.0,0.0,0.0,707.962,0.688,,708.65,-584.107,0.0,584.107,124.543,-4.514,4.514,120.029,-25.09,94.939,0.0,0.0,0.0,94.939,-0.391,94.548,0.0,-2.327,92.221,92.221,-16.96,108.954,0.85,0.85,0.690759,110.235,0.84,0.84,0.686147,
09/30/2015,673.086,0.0,0.0,0.0,,,673.086,0.0,0.0,0.0,0.0,672.53,0.556,,673.086,-540.056,0.0,540.056,133.03,-42.464,42.464,90.566,-27.647,62.919,0.0,0.0,0.0,62.919,1.4,64.319,0.0,-1.615,62.704,62.704,0.13,107.851,0.58,0.58,0.5826,108.784,0.58,0.58,0.581195,
12/31/2015,659.557,0.0,0.0,0.0,,,659.557,0.0,0.0,0.0,0.0,659.096,0.461,,659.557,-900.202,0.0,900.202,-240.645,-1.616,1.616,-242.261,103.651,-138.61,0.0,0.0,0.0,-138.61,-0.016,-138.626,0.0,-0.565,-139.191,-139.191,225.36865,106.432,-1.31,-1.31,0.809697,106.432,-1.31,-1.31,0.80749,
03/31/2016,619.551,0.0,0.0,0.0,,,619.551,0.0,0.0,0.0,0.0,619.019,0.532,,619.551,-585.648,0.0,585.648,33.903,-27.455,27.455,6.448,-58.606,-52.158,0.0,0.0,0.0,-52.158,6.885,-45.273,0.0,-0.613,-45.886,-45.886,97.1672,106.393,-0.43,-0.43,0.481998,106.393,-0.43,-0.43,0.481998,
06/30/2016,700.165,0.0,0.0,0.0,,,700.165,0.0,0.0,0.0,0.0,699.157,1.008,,700.165,-626.61,0.0,626.61,73.555,-12.904,12.904,60.651,-15.311,45.34,0.0,0.0,0.0,45.34,-11.888,33.452,0.0,-1.051,32.401,32.401,25.21025,104.465,0.31,0.31,0.551489,104.677,0.31,0.31,0.550838,
09/30/2016,748.37,0.0,0.0,0.0,,,748.37,0.0,0.0,0.0,0.0,746.922,1.448,,748.37,-620.737,0.0,620.737,127.633,-11.199,11.199,116.434,-29.902,86.532,0.0,0.0,0.0,86.532,-20.091,66.441,0.0,-2.183,64.258,64.258,4.03,101.817,0.63,0.63,0.670693,102.057,0.63,0.63,0.669488,
12/31/2016,715.241,0.0,0.0,0.0,,,715.241,0.0,0.0,0.0,0.0,713.992,1.249,,715.241,-604.075,0.0,604.075,111.166,-20.198,20.198,90.968,-26.441,64.527,0.0,0.0,0.0,64.527,-13.088,51.439,0.0,-1.706,49.733,49.733,12.16995,99.403,0.5,0.5,0.622747,99.568,0.5,0.5,0.622228,
03/31/2017,723.126,0.0,0.0,0.0,,,723.126,0.0,0.0,0.0,0.0,722.178,0.948,,723.126,-613.237,0.0,613.237,109.889,-7.064,7.064,102.825,-12.521,90.304,0.0,0.0,0.0,90.304,-14.38,75.924,0.0,-2.552,73.372,73.372,-15.7029,96.555,0.76,0.76,0.597267,96.83,0.76,0.76,0.597267,
06/30/2017,793.842,0.0,0.0,0.0,,,793.842,0.0,0.0,0.0,0.0,792.717,1.125,,793.842,-686.637,0.0,686.637,107.205,-15.413,15.413,91.792,-28.255,63.537,0.0,0.0,0.0,63.537,-12.617,50.92,0.0,-1.736,49.184,49.184,13.05135,94.869,0.52,0.52,0.656014,95.297,0.52,0.52,0.656014,
09/30/2017,768.338,0.0,0.0,0.0,,,768.338,0.0,0.0,0.0,0.0,767.652,0.686,,768.338,-623.919,0.0,623.919,144.419,-18.122,18.122,126.297,-38.673,87.624,0.0,0.0,0.0,87.624,-11.96,75.664,0.0,-2.687,72.977,72.977,2.015,93.087,0.78,0.78,0.805612,93.496,0.78,0.78,0.801552,
12/31/2017,793.09,0.0,0.0,0.0,,,793.09,0.0,0.0,0.0,0.0,791.455,1.635,,793.09,-820.423,0.0,820.423,-27.333,-13.517,13.517,-40.85,209.396,168.546,0.0,0.0,0.0,168.546,-19.324,149.222,0.0,-5.347,143.875,143.875,-77.74755,90.377,1.59,1.59,0.731684,90.833,1.58,1.58,0.724061,
03/31/2018,785.052,0.0,0.0,0.0,,,785.052,0.0,0.0,0.0,0.0,783.526,1.526,,785.052,-685.342,0.0,685.342,99.71,-43.109,43.109,56.601,-39.958,16.643,0.0,0.0,0.0,16.643,-7.374,9.269,0.0,-0.923,8.346,8.346,43.57561,84.526,0.1,0.1,0.614268,85.079,0.1,0.1,0.612178,
06/30/2018,747.905,0.0,0.0,0.0,,,747.905,0.0,0.0,0.0,0.0,746.685,1.22,,747.905,-622.229,0.0,622.229,125.676,-16.636,16.636,109.04,-30.675,78.365,0.0,0.0,0.0,78.365,-12.275,66.09,0.0,-2.324,63.766,63.766,7.36043,85.12,0.75,0.75,0.835602,85.491,0.75,0.75,0.835602,
09/30/2018,758.427,0.0,0.0,0.0,,,758.427,0.0,0.0,0.0,0.0,756.438,1.989,,758.427,-622.699,0.0,622.699,135.728,-24.811,24.811,110.917,-29.844,81.073,0.0,0.0,0.0,81.073,-8.27,72.803,0.0,-2.577,70.226,70.226,1.701443,85.482,0.82,0.82,0.841434,85.612,0.82,0.82,0.839874,
12/31/2018,704.322,0.0,0.0,0.0,,,704.322,0.0,0.0,0.0,0.0,702.634,1.688,,704.322,-940.749,0.0,940.749,-236.427,-30.317,30.317,-266.744,60.354,-206.39,0.0,0.0,0.0,-206.39,-10.498,-216.888,0.0,-1.049,-217.937,-217.937,290.55611,85.537,-2.55,-2.55,0.848979,85.537,-2.55,-2.55,0.846847,
03/31/2019,692.605,0.0,0.0,0.0,,,692.605,0.0,0.0,0.0,0.0,691.435,1.17,,692.605,-614.48,0.0,614.48,78.125,-2.843,2.843,75.282,-20.396,54.886,0.0,0.0,0.0,54.886,-5.399,49.487,0.0,-1.703,47.784,47.784,12.024286,85.552,0.56,0.56,0.699087,85.613,0.56,0.56,0.699087,
06/30/2019,705.36,0.0,0.0,0.0,,,705.36,0.0,0.0,0.0,0.0,704.051,1.309,,705.36,-621.425,0.0,621.425,83.935,-4.318,4.318,79.617,-18.048,61.569,0.0,0.0,0.0,61.569,-16.219,45.35,0.0,-1.51,43.84,43.84,27.11438,86.297,0.51,0.51,0.822211,86.494,0.51,0.51,0.822211,
09/30/2019,743.264,0.0,0.0,0.0,,,743.264,0.0,0.0,0.0,0.0,742.136,1.128,,743.264,-618.287,0.0,618.287,124.977,-19.692,19.692,105.285,-28.754,76.531,0.0,0.0,0.0,76.531,-9.448,67.083,0.0,-2.213,64.87,64.87,15.18574,86.813,0.75,0.75,0.922163,87.127,0.74,0.74,0.914294,
12/31/2019,753.914,0.0,0.0,0.0,,,753.914,0.0,0.0,0.0,0.0,752.645,1.269,,753.914,-623.92,0.0,623.92,129.994,-5.327,5.327,124.667,-33.664,91.003,0.0,0.0,0.0,91.003,-16.228,74.775,0.0,-2.428,72.347,72.347,17.05393,86.878,0.83,0.83,1.02904,87.165,0.83,0.83,1.025651,
03/31/2020,719.587,0.0,0.0,0.0,,,719.587,0.0,0.0,0.0,0.0,717.577,2.01,,719.587,-553.333,0.0,553.333,166.254,-65.289,65.289,100.965,-25.582,75.383,0.0,0.0,0.0,75.383,-11.224,64.159,0.0,-1.955,62.204,62.204,15.817576,87.329,0.71,0.71,0.893421,88.534,0.7,0.7,0.878661,
06/30/2020,666.186,0.0,0.0,0.0,,,666.186,0.0,0.0,0.0,0.0,664.608,1.578,,666.186,-598.478,0.0,598.478,67.708,1.296,-1.296,69.004,-13.93,55.074,0.0,0.0,0.0,55.074,-5.652,49.422,0.0,-0.904,48.518,48.518,17.34436,89.823,0.54,0.54,0.733246,90.199,0.54,0.54,0.73229,
09/30/2020,709.667,,,,,,,,,,,,,,,,,,136.0,,,115.0,,69.2,,,,,,69.2,,,69.2,69.2,,,0.835,0.835,0.818,,0.835,0.835,0.818,
12/31/2020,712.0,,,,,,,,,,,,,,,,,,137.5,,,117.0,,70.05,,,,,,70.05,,,70.05,70.05,,,0.85,0.85,0.858,,0.85,0.85,0.858,
