Date,Revenue,Net Premiums Earned,Net Premiums Earned (L),Other Premiums Earned (NL & L),Investment Income,Other Operating Income,Policy Charges & Fees,Other Income,Claims & Losses,Claims & Losses (NL),Claims & Losses (L),LT Charges (L),Underwriting Expense & Acq Cost,Underwriting & Acq Cost (L),Underwriting Cost (L),Other Operating Expense,Operating Income (Loss),(Income) Loss from Affiliates,Interest Expense,Other Non-Op (Income) Loss,"Pretax Income (Loss), GAAP",Income Tax Expense (Benefit),Income (Loss) from Cont Ops,Net Extraordinary Losses (Gains),Discontinued Operations,XO & Accounting Changes,Income (Loss) Incl. MI,Minority Interest,"Net Income, GAAP",Preferred Dividends,Other Adjustments,"Net Income Avail to Common, GAAP","Net Income Avail to Common, Adj",Net Abnormal Losses (Gains),Basic Weighted Avg Shares,"Basic EPS, GAAP",Basic EPS from Cont Ops,"Basic EPS from Cont Ops, Adjusted",Diluted Weighted Avg Shares,"Diluted EPS, GAAP",Diluted EPS from Cont Ops,"Diluted EPS from Cont Ops, Adjusted",Source: Bloomberg
03/31/1990,1970.537964,1481.386963,,,365.365993,123.785004,,,-1460.212036,,1460.212036,,-469.106995,,,,41.219002,,-19.805,0.0,21.414001,4.671,26.084999,0.0,,,26.085001,0.126,26.211,-3.381,,22.83,22.83,,168.877304,0.135,0.135,,168.877304,0.135,0.135,0.135,
06/30/1990,1966.003052,1441.021973,,,391.935986,133.044998,,,-1432.772949,,1432.772949,,-472.920013,,,,60.310001,,-17.584,48.851002,91.577003,-25.125,66.452003,0.0,,,66.452003,1.605,68.056999,-3.338,,64.718999,64.718999,,168.858704,0.385,0.385,,168.858704,0.385,0.385,0.385,
09/30/1990,2006.899048,1480.974976,,,385.557001,140.367004,,,-1479.050049,,1479.050049,,-468.07901,,,,59.77,,-17.775999,-2.104,39.890001,-2.372,37.518002,0.0,,,37.518001,0.571,38.089001,-0.222,,37.867001,37.867001,,176.430298,0.215,0.215,,176.430298,0.215,0.215,0.215,
12/31/1990,2499.376953,1925.18103,,,407.504013,166.692001,,,-1986.024048,,1986.024048,,-461.049988,,,,52.303001,,-17.128,0.0,35.175001,14.153,49.327999,0.0,,,49.328001,9.782,59.110001,-2.201,,56.909001,56.909001,,175.992004,0.335,0.335,,175.992004,0.335,0.335,0.335,
03/31/1991,2128.804932,1536.355957,,,447.225,145.223999,,,-1599.21106,,1599.21106,,-473.376007,,,,56.217999,,-18.99,0.0,37.227999,-0.079,37.148998,0.0,,,37.148999,2.2,39.348999,,,39.348999,39.348999,,175.077499,0.2225,0.2225,,175.077499,0.2225,0.2225,0.2225,
06/30/1991,2232.079102,1584.921021,,,491.428997,155.729004,,,-1614.530029,,1614.530029,,-503.312988,,,,114.236,,-17.882,0.0,96.354,-18.238001,78.115997,0.0,,,78.115999,0.301,78.417,,,78.417,78.417,,178.491241,0.4375,0.4375,,178.491241,0.4375,0.4375,0.4375,
09/30/1991,2237.833008,1599.436035,,,485.92701,152.470001,,,-1673.067993,,1673.067993,,-458.458008,,,,106.306999,,-17.889999,0.0,88.417,-15.654,72.763,0.0,,,72.763,1.869,74.632004,,,74.632004,74.632004,,185.172562,0.4025,0.4025,,185.172562,0.4025,0.4025,0.4025,
12/31/1991,2705.330078,2009.44397,,,537.885986,158.0,,,-2000.009033,,2000.009033,,-580.120972,,,,125.199997,,-16.440001,-135.0,-26.240004,43.609001,17.368999,0.0,,,17.368998,-1.359,16.01,,,16.01,16.01,,185.052002,0.0875,0.0875,,185.052002,0.0875,0.0875,0.0875,
03/31/1992,1924.892944,1254.901001,,,533.182991,136.809006,,,-1360.637939,,1360.637939,,-420.763,,,,143.492004,,-14.558,0.0,128.934005,-28.518,100.416,0.0,,,100.416005,0.0,100.416,,,100.416,100.416,,186.518799,0.5425,0.5425,,186.518799,0.5425,0.5425,0.5425,
06/30/1992,1943.392944,1301.953979,,,511.442986,129.996002,,,-1442.649048,,1442.649048,,-421.394012,,,,79.349998,,-13.325,0.0,66.024999,2.82,68.845001,0.0,,,68.844999,0.0,68.845001,,,68.845001,68.845001,,187.41925,0.37,0.37,,187.41925,0.37,0.37,0.37,
09/30/1992,2137.61499,1377.824951,,,600.334976,159.455002,,,-1499.224976,,1499.224976,,-478.785004,,,,159.604996,,-10.935,0.0,148.669995,-35.039001,113.630997,0.0,,,113.630994,0.0,113.630997,,,113.630997,113.630997,,188.231995,0.61,0.61,,188.231995,0.61,0.61,0.61,
12/31/1992,2028.202026,1364.212036,,,519.282974,144.707001,,,-1397.93103,,1397.93103,,-534.224976,,,,96.045998,,-14.976,0.0,81.069998,-4.791,76.278999,0.0,,,76.278998,0.0,76.278999,,,76.278999,76.278999,,188.231996,0.41,0.41,0.41,188.231996,0.41,0.41,0.41,
03/31/1993,1939.006958,1266.828979,,,521.200015,150.977997,,,-1386.795044,,1386.795044,,-463.927002,,,,88.285004,,-11.132,0.0,77.153004,-8.143,69.010002,96.431007,,,-27.421003,0.0,-27.421,,,-27.421,-27.421,,200.307999,-0.14,0.3425,,200.307999,-0.14,0.3425,0.3425,
06/30/1993,1901.910034,1181.964966,,,569.529003,150.416,,,-1232.378052,,1232.378052,,-486.75,,,,182.781998,,-10.771,0.0,172.010998,-44.794998,127.216003,0.0,,,127.216,0.0,127.216003,,,127.216003,127.216003,,207.733994,0.615,0.615,,207.733994,0.615,0.615,0.615,
09/30/1993,2327.358887,1485.459961,,,683.345978,158.552994,,,-1500.94397,,1500.94397,,-552.31897,,,,274.096008,,-10.858,0.0,263.238008,-75.728996,187.509003,0.0,,,187.509012,0.0,187.509003,,,187.509003,187.509003,,206.412003,0.91,0.91,,206.412003,0.91,0.91,0.91,
12/31/1993,2219.980957,1422.542969,,,640.866017,156.572006,,,-1508.161987,,1508.161987,,-526.35199,,,,185.466995,,-11.54,-98.5,75.426995,-43.879002,31.548,0.0,,,31.547993,0.0,31.548,,,31.548,31.548,,206.733994,0.155,0.155,0.155,206.733994,0.155,0.155,0.155,
03/31/1994,1962.124023,1279.833984,,,539.936005,142.354004,,,-1342.759033,,1342.759033,,-470.515015,,,,148.850006,,-11.278,44.712002,182.284008,-31.299,150.985001,0.0,,,150.985008,0.0,150.985001,,,150.985001,150.985001,,208.528,0.73,0.73,,208.528,0.73,0.73,0.73,
06/30/1994,1534.708984,967.702026,,,421.281998,145.725006,,,-1107.68103,,1107.68103,,-383.915985,,,,43.112,,-11.452,9.722,41.382,5.42,46.801998,0.0,,,46.802,0.0,46.801998,,,46.801998,46.801998,,207.908005,0.225,0.225,,207.908005,0.225,0.225,0.225,
09/30/1994,1556.708984,975.491028,,,435.905014,145.313004,,,-1102.69397,,1102.69397,,-387.947998,,,,66.067001,,-12.148,4.993,58.912002,-0.53,58.382,0.0,,,58.382002,0.0,58.382,,,58.382,58.382,,209.156006,0.28,0.28,,209.156006,0.28,0.28,0.28,
01/01/1995,1062.813965,401.621002,,,483.407997,177.785004,,,-642.109009,,642.109009,,-316.427002,,,,104.278,,-14.642,4.067,93.703,0.026,93.728996,0.0,,,93.729,0.0,93.728996,,,93.728996,93.728996,,209.367996,0.45,0.45,0.45,209.367996,0.45,0.45,0.45,
03/31/1995,1478.623047,739.716003,,,574.246971,164.660004,,,-887.130981,,887.130981,,-403.161011,,,,188.330994,,-13.973,5.107,179.464994,-44.652,134.813004,0.0,,,134.812994,0.0,134.813004,,,134.813004,134.813004,,208.457993,0.65,0.65,0.515,208.457993,0.65,0.65,0.515,
06/30/1995,1642.499023,785.172974,,,646.019009,211.307007,,,-1017.150024,,1017.150024,,-454.036987,,,,171.311996,,-19.974001,3.692,155.029995,-37.118,117.912003,0.0,,,117.911995,0.0,117.912003,,,117.912003,117.912003,,208.018005,0.565,0.565,0.375,208.018005,0.565,0.565,0.375,
09/30/1995,1663.802002,800.34198,,,635.749496,227.697998,,,-987.906006,,987.906006,,-457.653015,,,,218.242996,,-19.493,4.656,203.405996,-49.081001,154.324997,0.0,,,154.324995,0.0,154.324997,,,154.324997,154.324997,,209.841995,0.74,0.74,0.54,209.841995,0.74,0.74,0.54,
12/31/1995,1781.776001,928.60199,,,645.275979,207.897995,,,-1220.956055,,1220.956055,,-506.17099,,,,54.648998,,-19.076,53.101002,88.674,-13.538,75.136002,0.0,,,75.136,0.0,75.136002,,,75.136002,75.136002,,209.0,0.36,0.36,0.045,209.0,0.36,0.36,0.045,
03/31/1996,1125.996948,359.707001,,,541.365013,224.925003,,,-649.669983,0.0,649.669983,,-319.367004,,,,156.960007,,-18.493999,0.0,138.466007,-45.047001,93.418999,-46.605,,,140.024006,0.0,140.024002,,,140.024002,140.024002,,209.063995,0.67,0.447,0.447,209.063995,0.67,0.447,0.447,
06/30/1996,1145.024048,376.923004,,,527.906008,240.195007,,,-630.70697,0.0,630.70697,,-371.806,,,,142.511002,,-18.653,0.0,123.858002,-38.528,85.330002,-26.113001,,,111.443003,0.0,111.443001,,,111.443001,111.443001,,209.188004,0.535,0.41,0.41,209.188004,0.535,0.41,0.41,
09/30/1996,1207.374023,411.528992,,,519.284976,276.559998,,,-700.504028,0.0,700.504028,,-369.488007,,,,137.382004,,-23.528999,0.0,113.853004,-30.896999,82.956001,-36.354,,,119.310005,0.0,119.309998,,,119.309998,119.309998,,209.270004,0.57,0.395,0.395,209.270004,0.57,0.395,0.395,
12/31/1996,1253.796875,371.009949,,,591.910074,290.877014,,,-729.000122,0.0,729.000122,,-374.286987,,,,150.509964,,-24.045002,1.416,127.880962,-33.197006,94.684006,-48.097008,,,142.780964,0.0,142.780975,,,142.780975,142.780975,,207.556,0.69,0.455,0.38,210.694,0.68,0.45,0.375,
03/31/1997,1198.071,357.011,,,571.47,269.59,,,-704.322,0.0,704.322,0.0,-357.383,,,,136.366,,-22.335,0.0,114.031,-31.011,83.02,-48.322,,,131.342,0.0,131.342,-0.02,0.0,131.322,131.322,,205.990522,0.635,0.4,0.4,209.02337,0.63,0.395,0.395,
06/30/1997,1128.071,273.402,,,560.351,294.318,,,-714.876,0.0,714.876,0.0,-479.577,,,,-66.382,,-23.2,0.0,-89.582,41.624,-47.958,-40.197,,,-7.761,0.0,-7.761,-0.1,0.0,-7.861,-7.861,,210.803282,-0.035,-0.23,-0.23,211.199852,-0.035,-0.225,-0.225,
09/30/1997,1267.025024,353.131989,,,605.43597,308.457001,,,-730.356995,0.0,730.356995,,-338.799988,,,,197.867996,,-24.482,0.0,173.385996,-48.499001,124.887001,-46.367001,,,171.253996,0.0,171.253998,-0.036,,171.217998,171.217998,,204.186005,0.84,0.61,0.61,207.679993,0.825,0.6,0.6,
12/31/1997,1304.505005,345.188995,,,636.077008,323.239014,,,-1042.177979,0.0,1042.177979,,-403.580994,,,,-141.253998,,-22.507,0.807,-162.953998,25.235001,-137.718994,-776.872009,,,639.153012,0.0,639.153015,-0.026,,639.127015,639.127015,,202.074006,3.165,-0.68,-0.825,205.710006,3.105,-0.67,-0.81,
03/31/1998,1448.019,347.589,,,682.282,418.148,,,-784.637,0.0,784.637,0.0,-473.601,,,,189.781,,-23.368,0.0,166.413,-44.37,122.043,0.0,,,122.043,0.0,122.043,-0.026,0.0,122.017,122.017,,200.430568,0.61,0.61,0.61,204.102474,0.6,0.6,0.6,
06/30/1998,1507.452,373.976,,,684.26,449.216,,,-795.903,0.0,795.903,0.0,-471.273,,,,240.276,,-27.672,0.041,212.645,-63.966,148.679,0.0,,,148.679,0.0,148.679,-0.051,0.0,148.628,148.628,,200.608448,0.74,0.74,0.74,203.93453,0.73,0.73,0.73,
09/30/1998,1418.328979,386.532013,,,622.854971,408.941986,,,-766.143005,0.0,766.143005,,-471.824005,,,,180.362,,-32.537998,-0.738,147.086001,-33.637001,113.448997,0.0,,,113.449,0.0,113.448997,-0.026,,113.422997,113.422997,,200.850006,0.56,0.56,0.65,203.863998,0.555,0.555,0.64,
12/31/1998,1711.42395,512.531982,,,711.042994,487.848999,,,-982.182007,0.0,982.182007,,-547.051025,,,,182.190994,,-33.472,22.535999,171.254993,-45.650002,125.605003,0.0,,,125.604992,0.0,125.605003,-0.023,,125.582003,125.582003,,200.960007,0.63,0.63,0.7,203.294006,0.62,0.62,0.69,
03/31/1999,1673.752,439.063,,,711.465,523.224,,,-891.234,0.0,891.234,,-546.535,,,,252.883,,-33.104,1.606,221.385,-59.423,145.062,0.0,,,161.962,0.0,145.062,-0.024,,145.038,145.038,,201.186,0.72,0.72,0.775,203.63,0.71,0.71,0.76,
06/30/1999,1677.215,434.316,,,696.789,546.11,,,-906.225,0.0,906.225,,-537.758,,,,233.232,,-32.632,1.113,201.713,-53.363,148.35,0.0,,,148.35,0.0,148.35,-0.023,,148.327,148.327,,199.12,0.74,0.74,0.76,201.922,0.73,0.73,0.75,
09/30/1999,1640.887,413.402,,,702.454,525.028,,,-886.341,0.0,886.341,,-534.422,,,,220.12,,-33.269,-3.661,183.19,-50.873,132.317,0.0,,,132.317,0.0,132.317,-0.021,,132.296,132.296,,196.395,0.67,0.67,0.8,198.99,0.66,0.66,0.79,
12/31/1999,1806.049,594.734,,,699.756,511.559,,,-1121.224,0.0,1121.224,,-659.596,,,,25.229,,-34.692,-9.961,-19.424,54.049,34.625,0.0,,,34.625,0.0,34.625,-0.021,,34.604,34.604,,194.655,0.18,0.18,0.0,197.115,0.18,0.18,0.0,
03/31/2000,1668.188,389.598,,,710.171,568.419,,,-865.991,0.0,865.991,,-535.91,,,,266.287,,-36.339,1.037,230.985,-60.993,169.992,0.0,,,169.992,0.228,170.22,-0.021,0.0,170.199,170.199,,193.818,0.88,0.88,0.88,195.795,0.87,0.87,0.87,
06/30/2000,1696.303,481.099,,,663.436,551.768,,,-876.992,0.0,876.992,,-553.661,,,,265.65,,-35.381,-3.64,226.629,-62.783,163.846,0.0,,,163.846,-0.238,163.608,-0.021,0.0,163.587,163.587,,190.655,0.86,0.86,0.92,194.043,0.84,0.84,0.9,
09/30/2000,1714.471,456.869,,,673.054,584.548,,,-893.459,0.0,893.459,,-597.871,,,,223.141,,-34.409,1.626,190.358,-51.754,138.604,0.0,,,138.604,0.02,138.624,-0.019,0.0,138.605,138.605,,190.172,0.73,0.73,1.21,195.619,0.71,0.71,1.187,
12/31/2000,1772.926,485.545,,,672.162,615.219,,,-920.718,0.0,920.718,,-577.176,,,,275.032,,-33.409,-53.302,188.321,-39.368,148.953,0.0,,,148.953,-0.01,148.943,-0.017,0.0,148.926,148.926,,190.406,0.78,0.78,1.173,195.562,0.76,0.76,1.14,
03/31/2001,1697.9,506.981,506.981,0.0,653.083,537.836,,,-906.658,0.0,906.658,,-536.614,,,,254.628,0.895,-34.447,0.0,221.076,-56.575,164.501,4.297,,,160.204,0.0,160.204,-0.019,0.0,160.185,160.185,,189.137,0.85,0.87,0.94,193.701,0.83,0.85,0.92,
06/30/2001,1598.949,449.552,449.552,0.0,655.505,493.892,,,-855.017,0.0,855.017,,-508.206,,,,235.726,0.043,-32.04,0.0,203.729,-50.724,153.005,11.269,,,141.736,0.0,141.736,-0.037,0.0,141.699,141.699,,190.655096,0.76,0.82,0.82,194.043413,0.74,0.8,0.8,
09/30/2001,1608.857,440.691,,,648.58,519.586,,,-903.132,0.0,903.132,,-526.921,,,,178.804,0.405,-29.565,0.0,149.644,-30.593,119.051,0.0,,,119.051,0.0,119.051,-0.017,0.0,119.034,119.034,,189.728,0.63,0.63,0.76,194.785,0.61,0.61,0.74,
12/31/2001,1456.427,306.778,,,607.992,541.657,,,-744.933,0.0,744.933,,-482.861,,,,228.633,,-24.967,-13.923,189.743,-20.47,169.273,0.0,,,169.273,-0.053,169.22,-0.019,0.0,169.201,169.201,,188.601,0.9,0.9,1.056,192.848,0.88,0.88,1.03,
03/31/2002,1125.951,77.12,,,551.455,497.376,,,-603.396,0.0,603.396,,-402.233,,,,120.322,,-24.806,0.0,95.516,-9.911,85.605,0.0,,,85.605,0.0,85.605,-0.015,0.0,85.59,85.59,,186.848,0.46,0.46,0.82,190.01,0.45,0.45,0.81,
06/30/2002,1157.479,76.999,,,576.347,504.133,,,-648.326,0.0,648.326,,-436.571,,,,72.582,,-24.649,-1.0,46.933,0.0,48.548,0.0,,,46.933,0.0,48.548,-0.015,0.0,48.533,48.533,,185.893,0.26,0.26,0.63,188.528,0.26,0.26,0.62,
09/30/2002,1163.43,61.993,,,615.558,485.879,,,-941.617,0.0,941.617,0.0,-438.835,,,,-217.022,,-23.688,0.0,-240.71,104.321,-136.389,0.0,,,-136.389,0.0,-136.389,-0.016,0.0,-136.405,-136.405,,181.296,-0.75,-0.75,0.33,183.897,-0.75,-0.75,0.33,
12/31/2002,1189.249,99.831,,,617.024,472.394,,,-666.166,0.0,666.166,0.0,-455.546,,,,67.537,,-23.47,0.353,60.818,8.236,51.041,0.0,,,69.054,0.0,51.041,-0.014,0.0,51.027,51.027,,181.980425,0.28,0.28,0.28,184.240863,0.28,0.28,0.28,
03/31/2003,1099.327,68.297,,,563.211,467.819,,,-613.029,0.0,323.729,289.3,-422.014,,,,64.284,,-23.335,-5.5,35.449,0.0,41.589,0.0,,,35.449,0.0,41.589,-0.014,0.0,41.575,41.575,,177.01,0.23,0.23,0.59,178.328,0.23,0.23,0.59,
06/30/2003,1213.153,65.988,,,657.529,489.636,,,-593.189,0.0,593.189,,-409.319,,,,210.645,,-22.966,0.0,187.679,-44.977,142.702,0.0,,,142.702,0.0,142.702,-0.016,0.0,142.686,142.686,,177.219,0.81,0.81,0.87,179.212,0.8,0.8,0.86,
09/30/2003,1268.849,69.5,,,683.352,515.997,,,-595.452,0.0,595.452,0.0,-424.338,,,,249.059,,-26.621,-43.75,178.688,-45.375,133.313,0.0,,,133.313,0.0,133.313,-0.016,0.0,133.297,133.297,,177.483,0.75,0.75,0.88,179.857,0.74,0.74,0.87,
12/31/2003,1324.272,77.166,,,715.243,531.863,,,-626.853,0.0,626.853,,-385.723,,,,311.696,,-22.179,0.0,289.517,-196.196,449.551,255.219,,,-161.898,0.0,194.332,-0.011,0.0,194.321,194.321,,177.751,1.09,2.53,2.43,180.396,1.08,2.49,2.4,
03/31/2004,1259.03,75.563,75.563,0.0,657.44,526.027,,,-583.326,,583.326,,-444.263,,,,231.441,,-22.812,0.0,208.629,-53.67,154.959,24.502,,,130.457,,130.457,-0.013,0.0,130.444,130.444,,178.274958,0.73,0.87,0.87,181.214395,0.72,0.86,0.86,
06/30/2004,1358.719,74.025,74.025,0.0,672.774,611.92,,,-583.294,,583.294,,-491.188,,,,284.237,,-24.662,0.0,259.575,-72.572,187.003,,,,187.003,,187.003,-0.027,0.0,186.976,186.976,,177.354689,1.05,1.05,1.05,180.301429,1.04,1.04,1.04,
09/30/2004,1295.747,70.573,70.573,0.0,636.326,588.848,,,-556.109,0.0,556.109,0.0,-507.144,,,,232.494,,-24.417,110.311,318.388,-118.711,199.677,0.0,,,199.677,0.0,199.677,-0.014,0.0,199.663,199.663,,175.173,1.14,1.14,1.02,177.695,1.12,1.12,1.0,
12/31/2004,1481.837,78.743,,,814.387,588.707,,,-580.923,0.0,159.932,420.991,-500.439,,,,400.475,,-28.569,-122.87,249.036,-59.164,189.872,0.0,,,189.872,0.0,189.872,-0.014,0.0,189.858,189.858,,173.994,1.09,1.09,1.09,176.707,1.07,1.07,1.07,
03/31/2005,1313.0,70.0,70.0,0.0,671.0,572.0,,,-573.0,,573.0,,-480.0,,,,260.0,,-22.0,0.0,238.0,-59.0,179.0,,,,179.0,,179.0,-0.012,0.0,178.988,178.988,,173.943679,1.03,1.03,0.99,176.544131,1.01,1.01,0.98,
06/30/2005,1375.0,73.0,73.0,0.0,695.0,607.0,,,-590.0,,590.0,,-525.0,,,,260.0,,-22.0,0.0,238.0,-40.0,198.0,,,,198.0,,198.0,-0.024,0.0,197.976,197.976,,172.75806,1.15,1.15,1.18,175.353027,1.13,1.13,1.16,
09/30/2005,1395.0,83.0,83.0,0.0,675.0,637.0,,,-589.0,,589.0,,-482.0,,,,324.0,,-21.0,0.0,303.0,-74.0,229.0,,,,229.0,,229.0,-0.036,0.0,228.964,228.964,,173.471175,1.33,1.33,1.32,176.296287,1.3,1.3,1.29,
12/31/2005,1388.423,82.361,,,658.837,647.1,,,-586.508,0.0,586.508,0.0,-481.9,,,,320.0,,-22.437,-1.7,295.863,-70.576,225.31,0.0,,,225.287,0.0,225.31,0.0,0.0,225.31,225.31,,173.220352,1.29,1.29,1.34,176.603149,1.28,1.28,1.31,
03/31/2006,1422.0,78.0,78.0,0.0,677.0,667.0,,,-582.0,,582.0,,-503.0,,,,337.0,,-22.0,0.0,315.0,-94.0,221.0,,,,221.0,,221.0,,0.0,221.0,221.0,,174.577421,1.27,1.27,1.27,177.929653,1.24,1.24,1.25,
06/30/2006,2496.0,454.0,454.0,0.0,1063.0,979.0,,,-1179.0,,1179.0,,-717.0,,,,570.0,,-65.0,0.0,505.0,-156.0,349.0,,,,349.0,,349.0,,0.0,349.0,349.0,,279.117917,1.25,1.25,1.25,282.620341,1.23,1.23,1.23,
09/30/2006,2487.0,426.0,426.0,0.0,1098.0,963.0,,,-1201.0,,1201.0,,-728.0,,,,527.0,,-67.0,0.0,460.0,-96.0,364.0,,,,364.0,,364.0,,0.0,364.0,364.0,,277.571615,1.31,1.31,1.31,281.348962,1.29,1.29,1.29,
12/31/2006,2618.0,448.0,,,1140.0,1030.0,,,-1208.0,0.0,560.0,648.0,-822.0,,,,588.0,,-70.0,0.0,518.0,-145.0,373.0,-9.0,,,382.0,0.0,382.0,0.0,,382.0,382.0,,275.884056,1.38,1.35,1.33,280.418102,1.37,1.33,1.31,
03/31/2007,2628.0,459.0,459.0,0.0,1116.0,1053.0,,,-1194.0,,589.0,605.0,-815.0,,,,619.0,,-61.0,0.0,558.0,-170.0,388.0,-8.0,,,396.0,,396.0,,0.0,396.0,396.0,,274.889645,1.44,1.41,1.35,279.476814,1.42,1.39,1.33,
06/30/2007,2671.0,489.0,489.0,0.0,1140.0,1042.0,,,-1257.0,,651.0,606.0,-816.0,,,,598.0,,-73.0,0.0,525.0,-155.0,370.0,-6.0,,,376.0,,376.0,,0.0,376.0,376.0,,270.566521,1.39,1.37,1.38,274.403573,1.37,1.35,1.36,
09/30/2007,2601.0,491.0,491.0,0.0,997.0,1113.0,,,-1234.0,,623.0,611.0,-850.0,,,,517.0,,-69.0,0.0,448.0,-125.0,323.0,-7.0,,,330.0,,330.0,,0.0,330.0,330.0,,269.395799,1.22,1.2,1.35,272.487687,1.21,1.19,1.34,
12/31/2007,2582.5,508.2,507.7,0.5,948.0,1126.3,,,-1314.9,0.0,696.2,618.7,-844.8,,,,422.8,,-80.3,0.0,342.5,-103.2,239.3,126.8,,,112.5,0.0,112.5,,0.0,112.5,112.5,,266.446119,0.45,0.91,1.27,269.382569,0.43,0.9,1.26,
03/31/2008,2594.0,509.0,509.0,0.0,1030.0,1055.0,,,-1291.0,,679.0,612.0,-809.0,,,,494.0,,-76.0,0.0,418.0,-125.0,293.0,4.0,,,289.0,,289.0,0.0,0.0,289.0,289.0,,260.951566,1.11,1.13,1.24,262.764649,1.1,1.12,1.23,
06/30/2008,2493.0,503.0,503.0,0.0,957.0,1033.0,,,-1268.0,,655.0,613.0,-805.0,,,,420.0,,-65.0,-175.0,180.0,-68.0,112.0,-13.0,,,125.0,0.0,125.0,0.0,0.0,125.0,125.0,,257.785473,0.48,0.43,1.25,259.61702,0.48,0.43,1.24,
09/30/2008,2270.0,514.0,514.0,0.0,861.0,895.0,,,-1438.0,,813.0,625.0,-642.0,,,,190.0,,-69.0,0.0,121.0,8.0,129.0,-19.0,,,148.0,,148.0,,0.0,148.0,148.0,,255.865067,0.58,0.51,0.51,257.645254,0.58,0.51,0.51,
12/31/2008,2152.4,510.5,510.5,0.0,770.9,871.0,,,-1594.4,,941.4,653.0,-1072.0,,,,-514.0,,-72.2,-205.6,-791.8,288.7,-503.1,2.4,,,-505.5,,-505.5,,0.0,-505.5,-505.5,,255.432685,-1.98,-1.969599,-0.5,257.568519,-1.98,-1.97,-0.5,
03/31/2009,2132.0,509.0,509.0,0.0,817.0,806.0,701.0,105.0,-1548.0,,921.0,627.0,-643.0,643.0,643.0,-604.0,-663.0,,,0.0,-663.0,76.0,-587.0,-8.0,-8.0,0.0,-579.0,0.0,-579.0,0.0,0.0,-579.0,-101.2,485.8,255.558961,-2.27,-2.3,-0.395995,257.789383,-2.27,-2.3,-0.415516,
06/30/2009,1883.0,542.0,542.0,0.0,528.0,813.0,691.0,122.0,-1182.0,,575.0,607.0,-694.0,694.0,694.0,1.0,8.0,,-61.0,0.0,-53.0,46.0,-7.0,154.0,154.0,0.0,-161.0,0.0,-161.0,,0.0,-161.0,-363.55,-356.55,260.085214,-0.62,-0.03,-1.397811,262.413772,-0.62,-0.03,-1.397811,
09/30/2009,2082.0,491.0,491.0,0.0,705.0,886.0,766.0,120.0,-1191.0,,577.0,614.0,-762.0,762.0,762.0,1.0,130.0,,-68.0,0.0,62.0,19.0,81.0,-72.0,-72.0,0.0,153.0,0.0,153.0,-16.0,0.0,137.0,-233.4,-298.4,301.803107,0.45,0.215372,-0.773352,310.039883,0.44,0.207772,-0.773352,
12/31/2009,2402.4,523.8,523.8,0.0,981.5,897.1,765.3,131.8,-1378.8,,763.9,614.9,-694.6,694.6,694.6,-127.8,201.2,,-68.1,0.0,133.1,-34.9,98.2,-4.1,-4.1,0.0,102.3,0.0,102.3,-18.2,0.0,84.1,102.815,22.815,301.929354,0.28,0.264963,0.340527,311.553182,0.27,,0.07323,
03/31/2010,2527.0,532.0,532.0,0.0,1080.0,915.0,788.0,127.0,-1397.0,,779.0,618.0,-714.0,714.0,714.0,0.0,416.0,,-68.0,0.0,348.0,-93.0,255.0,-28.0,-28.0,0.0,283.0,0.0,283.0,-18.0,0.0,265.0,205.3,-31.7,302.221901,0.88,0.79,0.679302,312.088531,0.85,0.76,0.658426,
06/30/2010,2605.0,551.0,551.0,0.0,1125.0,929.0,793.0,136.0,-1452.0,,839.0,613.0,-754.0,754.0,754.0,0.0,399.0,,-69.0,0.0,330.0,-78.0,252.0,-3.0,-3.0,0.0,255.0,0.0,255.0,-149.0,0.0,106.0,128.3,25.3,304.483369,0.35,0.34,0.421369,314.611633,0.33,0.32,0.400417,
09/30/2010,2613.0,538.0,538.0,0.0,1175.0,900.0,769.0,131.0,-1547.0,,925.0,622.0,-689.0,689.0,689.0,0.0,377.0,,-74.0,0.0,303.0,-55.0,248.0,2.0,2.0,0.0,246.0,0.0,246.0,0.0,0.0,246.0,241.3,-6.7,316.726409,0.78,0.78301,0.761856,325.683769,0.75,0.756141,0.735569,
12/31/2010,2661.9,555.4,555.4,0.0,1082.9,1023.6,883.1,140.5,-1419.1,,787.1,632.0,-911.4,911.4,911.4,,331.4,,-79.1,0.0,252.3,-56.7,195.6,0.0,0.0,0.0,195.6,0.0,195.6,,0.0,195.6,110.655,-84.945,316.360151,0.62,0.62,0.349775,323.378708,0.6,0.6,0.33732,
03/31/2011,2718.0,568.0,568.0,0.0,1193.0,957.0,818.0,139.0,-1449.0,,835.0,614.0,-768.0,768.0,768.0,,501.0,,-72.0,0.0,429.0,-115.0,314.0,0.0,0.0,0.0,314.0,0.0,314.0,,0.0,314.0,295.0,-19.0,315.014084,1.0,1.0,0.936466,322.864332,0.97,0.97,0.911152,
06/30/2011,2807.0,594.0,594.0,0.0,1172.0,1041.0,900.0,141.0,-1652.0,,1027.0,625.0,-674.0,674.0,674.0,0.0,481.0,,-72.0,0.0,409.0,-105.0,304.0,0.0,0.0,0.0,304.0,0.0,304.0,0.0,0.0,304.0,284.0,-20.0,311.391263,0.98,0.98,0.912036,319.915069,0.95,0.95,0.887483,
09/30/2011,2547.0,559.0,559.0,0.0,988.0,1000.0,864.0,136.0,-1289.0,,664.0,625.0,-1024.0,1024.0,1024.0,0.0,234.0,,-79.0,0.0,155.0,6.0,161.0,8.0,8.0,0.0,153.0,0.0,153.0,0.0,0.0,153.0,87.0,-74.0,304.779641,0.5,0.528251,0.285452,311.997683,0.47,0.495641,0.25846,
12/31/2011,2568.0,573.0,573.0,0.0,1005.0,990.0,854.0,136.0,-1443.0,,815.0,628.0,-797.0,797.0,797.0,-747.0,-419.0,,-70.0,0.0,-489.0,-52.0,-541.0,0.0,0.0,0.0,-541.0,0.0,-541.0,0.0,0.0,-541.0,84.0,625.0,297.894635,-1.82,-1.82,0.281979,303.354826,-1.82,-1.82,0.240294,
03/31/2012,2710.0,589.0,589.0,0.0,1081.0,1040.0,903.0,137.0,-1478.0,,853.0,625.0,-856.0,856.0,856.0,,376.0,,-68.0,0.0,308.0,-64.0,244.0,1.0,1.0,0.0,243.0,0.0,243.0,0.0,0.0,243.0,148.0,-96.0,289.055925,0.84,0.844127,0.512012,295.909668,0.82,0.823379,0.498956,
06/30/2012,2898.0,630.0,630.0,0.0,1240.0,1028.0,885.0,143.0,-1560.0,,943.0,617.0,-828.0,828.0,828.0,,510.0,,-68.0,0.0,442.0,-121.0,321.0,0.0,0.0,0.0,321.0,0.0,321.0,0.0,0.0,321.0,343.0,22.0,282.085602,1.14,1.14,1.215943,289.96054,1.09,1.09,1.165872,
09/30/2012,2954.0,606.0,606.0,0.0,1216.0,1132.0,990.0,142.0,-1421.0,,810.0,611.0,-1047.0,1047.0,1047.0,0.0,486.0,,-68.0,0.0,418.0,-18.0,400.0,-28.0,-28.0,0.0,428.0,0.0,428.0,0.0,0.0,428.0,413.0,13.0,277.883878,1.54,1.44,1.486232,284.650212,1.51,1.41,1.27,
12/31/2012,2973.0,637.0,637.0,0.0,1237.0,1099.0,957.0,142.0,-1552.0,,937.0,615.0,-951.0,951.0,951.0,,470.0,,-70.0,0.0,400.0,-80.0,320.0,0.0,0.0,0.0,320.0,0.0,320.0,0.0,0.0,320.0,332.0,12.0,273.675168,1.17,1.17,1.213117,281.137972,1.14,,1.1,
03/31/2013,2844.0,654.0,654.0,0.0,1096.0,1094.0,958.0,136.0,-1580.0,,958.0,622.0,-895.0,895.0,895.0,,369.0,,-64.0,0.0,305.0,-66.0,239.0,0.0,0.0,0.0,239.0,0.0,239.0,0.0,0.0,239.0,165.0,-74.0,270.265766,0.89,0.89,0.61051,278.592099,0.86,0.86,0.594379,
06/30/2013,2999.0,674.0,674.0,0.0,1196.0,1129.0,983.0,146.0,-1618.0,,991.0,627.0,-898.0,898.0,898.0,,483.0,,-65.0,0.0,418.0,-101.0,317.0,0.0,0.0,0.0,317.0,0.0,317.0,0.0,0.0,317.0,286.0,-31.0,266.367162,1.19,1.19,1.073706,275.658348,1.15,1.15,1.037542,
09/30/2013,3009.0,672.0,672.0,0.0,1152.0,1185.0,1032.0,153.0,-1572.0,,945.0,627.0,-928.0,928.0,928.0,0.0,509.0,,-67.0,0.0,442.0,-105.0,337.0,0.0,0.0,0.0,337.0,0.0,337.0,0.0,0.0,337.0,281.0,-56.0,263.546308,1.28,1.28,1.066226,273.694008,1.23,1.23,1.066226,
12/31/2013,3122.0,687.0,687.0,0.0,1181.0,1254.0,1095.0,159.0,-1607.0,,968.0,639.0,-980.0,980.0,980.0,,535.0,,-68.0,0.0,467.0,-116.0,351.0,0.0,0.0,0.0,351.0,0.0,351.0,0.0,0.0,351.0,296.0,-55.0,262.455018,1.34,1.34,1.127812,272.762275,1.29,,1.127812,
03/31/2014,3176.0,739.0,739.0,0.0,1190.0,1247.0,1098.0,149.0,-1711.0,,1078.0,633.0,-971.0,971.0,971.0,,494.0,,-67.0,0.0,427.0,-98.0,329.0,0.0,0.0,0.0,329.0,0.0,329.0,0.0,-1.0,328.0,288.0,-40.0,262.738542,1.25,1.25,1.096147,272.115004,1.21,1.21,1.096147,
06/30/2014,3282.0,755.0,755.0,0.0,1242.0,1285.0,1134.0,151.0,-1715.0,,1079.0,636.0,-963.0,963.0,963.0,,604.0,,-67.0,0.0,537.0,-139.0,398.0,0.0,0.0,0.0,398.0,0.0,398.0,0.0,0.0,398.0,388.0,-10.0,262.27167,1.52,1.52,1.479382,268.935567,1.48,1.48,1.479382,
09/30/2014,3411.0,741.0,741.0,0.0,1301.0,1369.0,1216.0,153.0,-1748.0,,1117.0,631.0,-995.0,995.0,995.0,,668.0,,-67.0,0.0,601.0,-162.0,439.0,0.0,0.0,0.0,439.0,0.0,439.0,0.0,-2.0,437.0,474.0,37.0,260.371956,1.69,1.69,1.820473,266.785111,1.65,1.65,1.788688,
12/31/2014,3686.0,753.0,753.0,0.0,1126.0,1807.0,1224.0,583.0,-2035.0,,1403.0,632.0,-1150.0,1150.0,1150.0,,501.0,,-67.0,0.0,434.0,-87.0,347.0,-1.0,-1.0,0.0,348.0,0.0,348.0,0.0,0.0,348.0,411.9,64.9,258.183573,1.35,1.344005,1.595376,263.019609,1.32,1.316198,1.562948,
03/31/2015,3304.0,790.0,790.0,0.0,1139.0,1375.0,1222.0,153.0,-1861.0,,1236.0,625.0,-1013.0,1013.0,1013.0,,430.0,,-68.0,0.0,362.0,-62.0,300.0,0.0,0.0,0.0,300.0,0.0,300.0,0.0,0.0,300.0,232.0,-68.0,255.49565,1.17,1.17,0.908039,260.561704,1.15,1.15,0.889025,
06/30/2015,3381.0,782.0,782.0,0.0,1197.0,1402.0,1239.0,163.0,-1849.0,,1220.0,629.0,-1014.0,1014.0,1014.0,,518.0,,-69.0,0.0,449.0,-105.0,344.0,0.0,0.0,0.0,344.0,0.0,344.0,0.0,0.0,344.0,332.654209,-11.345791,251.849316,1.37,1.37,1.320846,255.1403,1.35,1.35,1.305531,
09/30/2015,3716.0,825.0,825.0,0.0,1281.0,1610.0,1469.0,141.0,-1949.0,,1327.0,622.0,-1432.0,1432.0,1432.0,,335.0,,-67.0,0.0,268.0,-41.0,227.0,0.0,0.0,0.0,227.0,0.0,227.0,0.0,0.0,227.0,165.0,-62.0,249.227641,0.91,0.91,0.662045,253.210611,0.87,0.87,0.625145,
12/31/2015,3172.0,848.0,848.0,0.0,1060.0,1264.0,1116.0,148.0,-1894.0,,1262.0,632.0,-859.0,859.0,859.0,0.0,419.0,,-68.0,0.0,351.0,-68.0,283.0,0.0,0.0,0.0,283.0,0.0,283.0,0.0,0.0,283.0,382.0,99.0,248.245614,1.14,1.14,1.538799,248.9,1.14,1.14,1.53775,
03/31/2016,3243.0,816.0,816.0,0.0,1058.0,1369.0,1235.0,134.0,-1964.0,,1331.0,633.0,-976.0,976.0,976.0,,303.0,,-68.0,0.0,235.0,-27.0,208.0,0.0,0.0,0.0,208.0,0.0,208.0,0.0,0.0,208.0,110.0,-98.0,241.676363,0.86,0.86,0.455154,245.121179,0.82,0.82,0.420198,
06/30/2016,3307.0,728.0,728.0,0.0,1154.0,1425.0,1288.0,137.0,-1847.0,,1208.0,639.0,-978.0,978.0,978.0,0.0,482.0,,-68.0,0.0,414.0,-89.0,325.0,0.0,0.0,0.0,325.0,0.0,325.0,0.0,0.0,325.0,259.0,-66.0,236.463183,1.37,1.37,1.095308,239.896939,1.35,1.35,1.095308,
09/30/2016,3525.0,708.0,708.0,0.0,1296.0,1521.0,1376.0,145.0,-1564.0,,922.0,642.0,-1283.0,1283.0,1283.0,0.0,678.0,,-66.0,0.0,612.0,-145.0,467.0,0.0,0.0,0.0,467.0,0.0,467.0,0.0,0.0,467.0,441.0,-26.0,231.041085,2.02,2.02,1.908751,233.662031,2.0,2.0,1.888728,
12/31/2016,3254.0,736.0,736.0,0.0,1027.0,1491.0,1345.0,146.0,-1880.0,,1230.0,650.0,-1041.0,1041.0,1041.0,-8.0,325.0,,-129.0,0.0,196.0,-6.0,190.0,0.0,0.0,0.0,190.0,0.0,190.0,0.0,0.0,190.0,409.0,219.0,227.652496,0.83,0.83,1.796598,230.913849,0.82,0.82,1.768406,
03/31/2017,3500.0,807.0,807.0,0.0,1199.0,1494.0,1354.0,140.0,-1937.0,,1290.0,647.0,-1015.0,1015.0,1015.0,-9.0,539.0,,-64.0,0.0,475.0,-40.0,435.0,0.0,0.0,0.0,435.0,0.0,435.0,0.0,0.0,435.0,338.0,-97.0,225.619803,1.93,1.93,1.498095,230.103505,1.89,1.89,1.468451,
06/30/2017,3577.0,801.0,801.0,0.0,1252.0,1524.0,1393.0,131.0,-1933.0,,1287.0,646.0,-1034.0,1034.0,1034.0,-14.0,596.0,,-63.0,0.0,533.0,-122.0,411.0,0.0,0.0,0.0,411.0,0.0,411.0,0.0,0.0,411.0,419.0,8.0,223.555299,1.84,1.84,1.874257,227.313882,1.81,1.81,1.845194,
09/30/2017,3511.0,774.0,774.0,0.0,1183.0,1554.0,1401.0,153.0,-1908.0,,1261.0,647.0,-1020.0,1020.0,1020.0,-10.0,573.0,,-63.0,0.0,510.0,-92.0,418.0,0.0,0.0,0.0,418.0,0.0,418.0,0.0,0.0,418.0,454.0,36.0,220.813693,1.89,1.89,2.056032,223.872016,1.87,1.87,2.030806,
12/31/2017,3669.0,874.0,874.0,0.0,1186.0,1609.0,1471.0,138.0,-1972.0,,1322.0,650.0,-1107.0,1107.0,1107.0,-915.0,-325.0,,-63.0,0.0,-388.0,1203.0,815.0,0.0,0.0,0.0,815.0,0.0,815.0,0.0,0.0,815.0,2864.25,2049.25,218.525953,3.729534,3.729534,13.107139,223.594517,3.644991,3.644991,12.810019,
03/31/2018,3609.0,777.0,777.0,0.0,1245.0,1587.0,1456.0,131.0,-2011.0,,1358.0,653.0,-1057.0,1057.0,1057.0,-15.0,526.0,,-91.0,0.0,435.0,-68.0,367.0,0.0,0.0,0.0,367.0,0.0,367.0,0.0,0.0,367.0,409.0,42.0,218.368994,1.68,1.68,1.872977,222.287572,1.64,1.64,1.828944,
06/30/2018,4020.0,1165.0,1165.0,0.0,1225.0,1630.0,1470.0,160.0,-2308.0,,1661.0,647.0,-1177.0,1177.0,1177.0,-16.0,519.0,,-68.0,0.0,451.0,-66.0,385.0,0.0,0.0,0.0,385.0,0.0,385.0,0.0,0.0,385.0,454.0,69.0,217.997297,1.76,1.76,2.082595,221.604586,1.7,1.7,2.011365,
09/30/2018,4264.0,1323.0,1323.0,0.0,1216.0,1725.0,1550.0,175.0,-2278.0,,1626.0,652.0,-1367.0,1367.0,1367.0,-18.0,601.0,,-69.0,0.0,532.0,-42.0,490.0,0.0,0.0,0.0,490.0,0.0,490.0,0.0,0.0,490.0,510.0,20.0,215.901268,2.27,2.27,2.362191,218.469229,2.24,2.24,2.331546,
12/31/2018,4531.0,1336.0,1336.0,0.0,1540.0,1655.0,1511.0,144.0,-2805.0,,2142.0,663.0,-1162.0,1162.0,1162.0,-28.0,536.0,,-69.0,0.0,467.0,-68.0,399.0,0.0,0.0,0.0,399.0,0.0,399.0,0.0,-12.0,387.0,463.0,76.0,211.553516,1.829324,1.829324,2.188572,214.970179,1.8,1.8,2.153537,
03/31/2019,3965.0,1446.0,1446.0,0.0,889.0,1630.0,1475.0,155.0,-2435.0,,1757.0,678.0,-1176.0,1176.0,1176.0,-15.0,339.0,,-71.0,0.0,268.0,-16.0,252.0,0.0,0.0,0.0,252.0,0.0,252.0,0.0,0.0,252.0,441.0,189.0,204.290759,1.23,1.23,2.158688,205.961663,1.22,1.22,2.137647,
06/30/2019,4310.0,1398.0,1398.0,0.0,1238.0,1674.0,1517.0,157.0,-2532.0,,1852.0,680.0,-1272.0,1272.0,1272.0,-15.0,491.0,,-70.0,0.0,421.0,-58.0,363.0,0.0,0.0,0.0,363.0,0.0,363.0,0.0,0.0,363.0,478.0,115.0,201.498137,1.8,1.8,2.37223,202.905913,1.79,1.79,2.356765,
09/30/2019,4638.0,1325.0,1325.0,0.0,1224.0,2089.0,1934.0,155.0,-3207.0,,2502.0,705.0,-1552.0,1552.0,1552.0,-16.0,-137.0,,-113.0,0.0,-250.0,89.0,-161.0,0.0,0.0,0.0,-161.0,0.0,-161.0,0.0,0.0,-161.0,-46.0,115.0,199.200811,-0.81,-0.81,-0.230923,201.561178,-0.83,-0.83,-0.259454,
12/31/2019,4344.0,1344.0,1344.0,0.0,1262.0,1738.0,1572.0,166.0,-2485.0,,1768.0,717.0,-1288.0,1288.0,1288.0,-18.0,553.0,,-72.0,0.0,481.0,-50.0,431.0,0.0,0.0,0.0,431.0,0.0,431.0,0.0,-1.0,430.0,481.0,51.0,197.534951,2.18,2.18,2.435012,200.005404,2.15,2.15,2.404993,
03/31/2020,4425.0,1373.0,1373.0,0.0,1351.0,1701.0,1539.0,162.0,-3226.0,,2501.0,725.0,-1085.0,1085.0,1085.0,-12.0,102.0,,-68.0,0.0,34.0,18.0,52.0,0.0,0.0,0.0,52.0,0.0,52.0,0.0,-23.0,29.0,442.0,413.0,195.076797,0.15,0.15,2.265774,197.264842,0.15,0.15,2.243632,
06/30/2020,3517.0,1342.0,1342.0,0.0,525.0,1650.0,1458.0,192.0,-2457.0,,1725.0,732.0,-1123.0,1123.0,1123.0,-14.0,-77.0,,-84.0,0.0,-161.0,67.0,-94.0,0.0,0.0,0.0,-94.0,0.0,-94.0,0.0,0.0,-94.0,187.0,281.0,193.228547,-0.49,-0.49,0.967766,193.776452,-0.49,-0.49,0.960125,
09/30/2020,4565.0,,,,,,,,,,,,,,,,412.0,,,,502.0,,359.333,,,,,,359.333,,,359.333,462.444,,,2.142,2.142,2.283,,2.142,2.142,2.283,
12/31/2020,4556.667,,,,,,,,,,,,,,,,429.0,,,,495.0,,418.5,,,,,,418.5,,,418.5,455.444,,,2.137,2.137,2.293,,2.137,2.137,2.293,
