Date,Revenue,Revenue From Electric,Regulated Electric Revenue,Unregulated Electric Revenue,Other Electric Revenue,Revenue from Gas,Regulated Gas Revenue,Unregulated Gas Revenue,Revenue from Water,Other Revenue,Cost of Revenue,Fuel & Purchased Power Cost,Fuel Cost,Purchased Power Cost,Purchased Gas & Water Cost,Purchased Gas Cost,Purchased Water Cost,Other Cost of Revenue,Gross Profit,Operating Expenses,Maintenance Expenses,Depreciation Expenses,Taxes Other Than Income,Other Operating Expense,Operating Income (Loss),Non-Operating (Income) Loss,"Interest Expense, Net",Total Interest Income,AFUDC - Equity,Interest Income,Interest Expense,Interest Expenses on Bonds,AFUDC - Debts,Other Interest Expenses,Other Non-Op (Income) Loss,Pretax Income,Income Tax Expense (Benefit),Income (Loss) from Cont Ops,Net Extraordinary Losses (Gains),Discontinued Operations,XO & Accounting Changes,Income (Loss) Incl. MI,Minority Interest,"Net Income, GAAP",Preferred Dividends,Other Adjustments,"Net Income Avail to Common, GAAP","Net Income Avail to Common, Adj",Net Abnormal Losses (Gains),Basic Weighted Avg Shares,"Basic EPS, GAAP",Basic EPS from Cont Ops,"Basic EPS from Cont Ops, Adjusted",Diluted Weighted Avg Shares,"Diluted EPS, GAAP",Diluted EPS from Cont Ops,"Diluted EPS from Cont Ops, Adjusted",Source: Bloomberg
03/31/1990,173.139999,117.719002,,,,47.000999,,,,8.42,-65.970001,37.567999,34.105999,3.462,28.402,,,,107.169998,-68.279999,9.321,14.591,6.859,37.508999,38.889999,-7.104,,,0.0,,7.44,6.822,-0.216,0.834,-0.336,31.785999,-11.073,20.712999,0.0,,,20.712999,0.0,20.712999,-0.953,,19.759999,19.759999,,53.326,0.37,0.37,0.37,53.326,0.37,0.37,0.37,
06/30/1990,137.712006,110.939003,,,,17.257999,,,,9.515,-44.617001,34.377,29.733,4.644,10.24,,,,93.095005,-71.862999,10.847,14.719,6.161,40.136002,21.232,-6.946,,,0.0,,7.661,6.851,-0.346,1.156,-0.715,14.286001,-4.186,10.1,0.0,,,10.100001,0.0,10.1,-0.953,,9.147,9.147,,53.326,0.17,0.17,0.17,53.326,0.17,0.17,0.17,
09/30/1990,144.375,125.160004,,,,9.67,,,,9.545,-41.936001,37.010999,31.820999,5.19,4.925,,,,102.438999,-67.601997,8.822,13.349,6.02,39.410999,34.837002,-6.934,,,0.0,,8.253,6.829,-0.288,1.712,-1.319,27.903002,-9.031,18.872,0.0,,,18.872001,0.0,18.872,-0.953,,17.919,17.919,,53.326,0.335,0.335,0.335,53.326,0.335,0.335,0.335,
12/31/1990,163.264008,117.000999,,,,36.493999,,,,9.769,-56.345001,34.564,30.157,4.407,21.781,,,,106.919007,-75.564003,12.714,12.638,6.78,43.431999,31.355,-13.487,,,0.0,,8.714,6.53,-0.454,2.638,4.773,17.868,-4.204,13.664,0.0,,,13.664,0.0,13.664,-0.952,,12.712,12.712,,53.326,0.24,0.24,0.24,53.326,0.24,0.24,0.24,
03/31/1991,177.063995,119.627998,,,,47.969002,,,,9.467,-67.459999,37.736001,34.117001,3.619,29.724001,,,,109.603996,-72.852997,10.314,13.45,6.525,42.563999,36.750999,-7.969,,,0.0,,8.615,7.738,-0.246,1.123,-0.646,28.782,-8.98,19.802,0.0,,,19.802,0.0,19.802,-0.953,,18.849,18.849,,53.326,0.355,0.355,0.355,53.326,0.355,0.355,0.355,
06/30/1991,147.878006,120.844002,,,,16.052999,,,,10.981,-48.007999,38.711,32.346001,6.365,9.297,,,,99.870007,-78.767998,13.857,13.384,6.008,45.519001,21.101999,-7.417,,,0.0,,8.441,7.65,-0.411,1.202,-1.024,13.684999,-2.423,11.262,0.0,,,11.261999,0.0,11.262,-0.953,,10.309,10.309,,53.43,0.195,0.195,0.195,53.43,0.195,0.195,0.195,
09/30/1991,152.231995,127.837997,,,,12.873,,,,11.521,-44.217999,37.773,32.333,5.44,6.445,,,,108.013996,-72.045998,8.206,13.383,6.521,43.936001,35.967999,-7.552,,,0.0,,8.407,7.509,-0.494,1.392,-0.855,28.415999,-9.566,18.85,0.0,,,18.849999,0.0,18.85,-0.953,,17.897,17.897,,53.540001,0.335,0.335,0.335,53.540001,0.335,0.335,0.335,
12/31/1991,171.626999,120.241997,,,,40.880001,,,,10.505,-61.944,36.576001,31.610001,4.966,25.368,,,,109.682999,-72.517998,10.506,12.801,7.48,41.730999,37.165001,-7.226,,,1.073,,9.297,7.21,,1.822,-0.998,29.939001,-10.843,18.830999,0.0,,,19.096001,0.0,18.830999,-0.952,,17.878999,17.878999,,53.546002,0.33,0.33,0.33,53.546002,0.33,0.33,0.33,
03/31/1992,178.048996,122.052002,,,,46.099998,,,,9.897,-65.566002,37.644001,33.908001,3.736,27.922001,,,,112.482994,-76.636002,11.566,14.428,7.21,43.431999,35.847,-7.84,,,0.189,,8.835,7.143,-0.18,1.872,-0.806,28.007,-8.634,19.372999,0.0,,,19.373,0.0,19.372999,-0.953,,18.419999,18.419999,,53.688,0.345,0.345,0.345,53.688,0.345,0.345,0.345,
06/30/1992,141.397003,113.193001,,,,14.883,,,,13.321,-47.306999,36.169,30.282,5.887,11.138,,,,94.090004,-77.012001,11.321,13.964,7.526,44.201,17.077999,-8.361,,,0.361,,9.029,9.272,-0.243,0.0,-0.307,8.716999,-0.664,8.053,0.0,,,8.052999,0.0,8.053,-0.953,,7.1,7.1,,53.953999,0.13,0.13,0.13,53.953999,0.13,0.13,0.13,
09/30/1992,156.516006,122.058998,,,,14.458,,,,19.999001,-46.363998,37.466,29.174,8.292,8.898,,,,110.152008,-84.528,10.321,14.871,7.784,51.551998,25.624001,-7.215,,,0.597,,9.952,10.145,-0.193,0.0,-2.14,18.409001,-5.166,13.243,0.0,,,13.243001,0.0,13.243,-0.953,,12.29,12.29,,55.245998,0.22,0.22,0.22,55.245998,0.22,0.22,0.22,
12/31/1992,197.311005,120.431,,,,43.921001,,,,32.959,-65.741997,36.588,30.076,6.512,29.153999,,,,131.569008,-92.158997,11.873,16.686001,6.741,56.859001,39.41,-7.596,,,1.204,,9.809,12.394,-0.713,,-1.009,31.814,-8.793,21.149,0.0,,,23.021,0.0,21.149,-0.952,,20.197,20.197,,55.514,0.365,0.365,0.365,55.514,0.365,0.365,0.365,
03/31/1993,209.25,125.610001,,,,55.499001,,,,28.141001,-75.875,38.536001,32.553001,5.983,37.339001,,,,133.375,-96.886002,10.871,17.312,8.411,60.292,36.488998,-9.556,,,0.248,,9.093,9.249,-0.156,0.0,0.711,26.932998,-6.214,20.719,0.0,,,20.718998,0.0,20.719,-0.953,,19.766,19.766,,56.456001,0.35,0.35,0.35,56.456001,0.35,0.35,0.35,
06/30/1993,173.630997,116.817001,,,,23.281,,,,33.533001,-50.674,34.999001,27.235001,7.764,15.675,,,,122.956997,-103.084,11.747,17.184999,7.588,66.564003,19.872999,-8.347,,,0.398,,9.462,9.715,-0.253,0.0,-0.717,11.525999,-3.382,8.144,0.0,,,8.143999,0.0,8.144,-0.953,,7.191,7.191,,58.556,0.125,0.125,0.125,58.556,0.125,0.125,0.125,
09/30/1993,173.869003,131.423996,,,,12.004,,,,30.441,-47.620998,39.987,31.642,8.345,7.634,,,,126.248005,-96.889999,10.936,16.597,8.423,60.933998,29.358,-7.597,,,1.103,,9.26,9.527,-0.267,0.0,-0.56,21.761,-7.55,14.211,0.0,,,14.210999,0.0,14.211,-0.953,,13.258,13.258,,60.588001,0.22,0.22,0.22,60.588001,0.22,0.22,0.22,
12/31/1993,216.307007,129.335999,,,,47.599998,,,,39.370998,-63.459999,38.970998,32.488998,6.482,30.971001,,,,152.847008,-105.902,11.209,18.018,7.956,68.719002,46.945,-9.176,,,1.228,,9.205,9.582,-0.377,0.0,1.199,37.769,-7.91,29.858999,0.0,,,29.859,0.0,29.858999,-1.069,,28.789999,28.789999,,60.756,0.365,0.365,0.365,60.756,0.365,0.365,0.365,
03/31/1994,234.177994,137.197006,,,,63.134998,,,,33.846001,-83.517998,41.773,32.285999,9.487,41.744999,,,,150.659996,-103.415001,9.372,21.465,8.984,63.594002,47.244999,-4.015,,,0.449,,9.286,9.475,-0.189,0.0,-4.822,43.229999,-16.033001,27.197001,0.0,,,27.196998,0.0,27.197001,-0.828,,26.369,26.369,,61.0,0.435,0.435,0.435,61.0,0.435,0.435,0.435,
06/30/1994,181.285004,125.271004,,,,22.129999,,,,33.883999,-53.946999,41.085999,32.646,8.44,12.861,,,,127.338005,-106.473999,12.387,19.569,8.703,65.815002,20.864,-4.046,,,0.681,,8.974,9.219,-0.245,0.0,-4.247,16.818001,-5.688,11.13,0.0,,,11.13,0.0,11.13,-0.827,,10.303,10.303,,61.298,0.165,0.165,0.165,61.298,0.165,0.165,0.165,
09/30/1994,193.705994,137.873001,,,,17.490999,,,,38.341999,-52.175999,42.178,29.385,12.793,9.998,,,,141.529995,-108.014999,9.406,20.627001,8.163,69.819,33.514999,-8.075,,,0.661,,10.059,10.344,-0.285,0.0,-1.323,25.439999,-9.303,16.136999,0.0,,,16.136999,0.0,16.136999,-0.828,,15.308999,15.308999,,61.515999,0.25,0.25,0.25,61.515999,0.25,0.25,0.25,
12/31/1994,206.990005,131.406006,,,,36.889999,,,,38.694,-60.293999,36.345,29.152,7.193,23.948999,,,,146.696007,-118.310997,10.062,19.819,7.937,80.492996,28.385,-9.902,,,1.218,,8.338,8.648,-0.31,0.0,2.782,18.483,-4.387,14.096,0.0,,,14.096,0.0,14.096,-0.827,,13.269,13.269,,61.546001,0.215,0.215,0.215,61.546001,0.215,0.215,0.215,
03/31/1995,215.873993,131.151001,,,,55.207001,,,,29.516001,-70.742996,36.860999,29.712999,7.148,33.882,,,,145.130997,-100.43,9.832,21.284,9.323,59.991001,44.701,-9.851,,,0.271,,10.157,10.247,-0.09,0.0,-0.035,34.850001,-13.963,20.886999,0.406,,,20.481,0.0,20.481001,-0.828,,19.653001,19.653001,,61.548,0.32,0.325,0.325,61.548,0.32,0.325,0.325,
06/30/1995,175.990005,126.093002,,,,22.450001,,,,27.447001,-50.491001,38.132001,27.898001,10.234,12.359,,,,125.499004,-104.071999,13.216,21.552,9.348,59.956001,21.427,-9.75,,,0.451,,10.06,10.211,-0.151,0.0,0.141,11.677,-3.008,8.669,0.903,,,7.766,0.0,7.766,-0.827,,6.939,6.939,,61.487999,0.115,0.115,0.115,61.487999,0.115,0.115,0.115,
09/30/1995,196.130997,150.707993,,,,13.601,,,,31.822001,-53.703999,45.596,30.66,14.936,8.108,,,,142.426998,-100.503998,9.793,22.165001,8.187,60.359001,41.923,-7.628,,,0.454,,9.597,9.749,-0.152,0.0,-1.515,34.295,-12.248,22.047001,0.51,,,21.537,0.0,21.537001,-0.828,,20.709001,20.709001,,61.487999,0.335,0.335,0.335,61.487999,0.335,0.335,0.335,
12/31/1995,219.259995,138.371994,,,,47.907001,,,,29.18,-69.567001,39.913999,28.216999,11.697,29.653,,,,149.692994,-108.339996,9.202,21.318001,7.33,70.489998,41.353001,-11.139,,,0.249,,13.082,9.544,-0.27,3.808,-1.694,30.214001,-6.889,23.325001,11.367,,,11.958001,0.0,11.958,-0.827,,11.131,11.131,,61.548,0.18,0.389,0.39,61.548,0.18,1.165,0.39,
03/31/1996,260.877014,148.5,,,,71.740997,,,,40.636002,-89.311996,43.948,28.604,15.344,45.363998,,,,171.565018,-117.403,8.551,23.115999,9.171,76.565002,54.161999,-4.195,,,0.53,,8.675,8.921,-0.246,0.0,-3.95,49.966999,-17.459,32.507999,0.0,,,32.507999,0.0,32.507999,-0.828,,31.679999,31.679999,,61.548,0.515,0.515,0.515,61.548,0.515,0.515,0.515,
06/30/1996,208.292999,137.084,,,,28.002001,,,,43.207001,-59.458,43.768002,27.339001,16.429001,15.69,,,,148.834999,-117.708,10.94,22.712,8.884,75.171997,31.127001,-3.348,,,0.377,,9.853,10.059,-0.206,0.0,-6.128,27.779001,-10.412,17.367001,0.0,,,17.367001,0.0,17.367001,-0.828,,16.539001,16.539001,,61.59,0.27,0.27,0.27,61.59,0.27,0.27,0.27,
09/30/1996,212.263,153.587006,,,,10.827,,,,47.848999,-59.018002,52.620001,30.419001,22.201,6.398,,,,153.244999,-124.377998,10.746,22.162001,8.335,83.135002,28.867001,-6.882,,,0.494,,8.698,8.945,-0.247,0.0,-1.322,21.985001,-7.264,14.721,1.297,,,13.424001,0.0,13.424,-0.828,,12.596,12.596,,61.59,0.205,0.226,0.226,61.59,0.205,0.226,0.226,
12/31/1996,251.410995,150.311005,,,,55.056999,,,,46.042999,-92.620003,55.242001,28.108,27.134001,37.377998,,,,158.790992,-131.442993,16.254999,22.693001,8.213,84.281998,27.348,-8.75,,,0.869,,13.863,14.102,-0.239,0.0,-4.244,18.598,-6.679,11.919,0.0,,,11.919,0.0,11.919,-0.826,,11.093,11.093,,61.59,0.18,0.18,0.18,61.59,0.18,0.18,0.18,
03/31/1997,663.648987,359.994995,,,,177.598007,,,1.0,125.056,-260.303009,138.740002,74.955002,63.785,121.563004,,,,403.345978,-307.931,27.563999,62.869999,26.330999,191.166,95.415001,-23.772,,,1.255,,28.5,28.5,,0.0,-3.473,71.643001,-27.113001,44.529999,0.0,,,44.53,0.0,44.529999,-1.673,,42.856999,42.856999,,152.166,0.2815,0.2815,0.2815,152.166,0.2815,0.2815,0.2815,
06/30/1997,493.84201,351.398987,,,,58.216999,,,1.126,83.099998,-164.578003,129.43,65.382004,64.047997,35.147999,,,,329.264008,-270.944,33.215,63.467999,26.333,147.927994,58.32,-25.585,,,1.109,,28.434,28.434,,0.0,-1.74,32.735,-10.203,22.532,0.0,,,22.532,0.0,22.532,-1.673,,20.859,20.859,,152.266006,0.135,0.135,0.135,152.266006,0.135,0.135,0.135,
09/30/1997,556.857971,433.983002,,,,33.893002,,,1.356,87.625999,-159.800995,140.967995,75.184998,65.782997,18.833,,,,397.056976,-276.76001,28.833,64.531998,25.441999,157.953003,120.296997,-27.667,,,1.468,,31.584,31.584,,0.0,-2.449,92.629997,-35.987,56.643002,0.0,,,56.642998,0.0,56.643002,-1.674,,54.969002,54.969002,,152.654007,0.36,0.36,0.36,152.654007,0.36,0.36,0.36,
12/31/1997,236.473999,158.945007,,,,47.299999,,,,30.229,-85.327003,54.461,27.157,27.304001,30.865999,,,,151.146996,-114.954002,11.298,29.854,8.029,65.773003,36.193001,-13.096,,,0.442,,12.402,10.089,-0.178,2.491,1.136,23.097,-5.803,17.294001,0.0,,,17.294,0.0,17.294001,-0.827,,16.467001,16.467001,,60.987999,0.27,0.27,0.27,60.987999,0.27,0.27,0.27,
03/31/1998,556.283,357.751,,,,130.046,,,,68.486,-202.981,125.702,69.556,56.146,77.279,,,,353.302,-272.949,25.258,70.564,26.977,150.15,80.353,-29.298,,,1.503,,30.924,30.924,-1.503,0.0,-0.123,51.055,-20.506,30.549,0.0,,,30.549,0.0,30.549,-1.674,,28.875,28.875,,153.49,0.188,0.188,0.2535,153.49,0.188,0.188,0.2535,
06/30/1998,491.011993,380.414001,,,,45.266998,,,1.253,64.078003,-166.862,142.955002,69.538002,73.417,23.907,,,,324.149994,-291.79599,33.389,73.588997,26.598,158.220001,32.354,-41.158999,,,1.638,,32.230999,32.230999,,0.0,10.566,-8.804999,1.382,-7.423,0.0,,,-7.422999,0.0,-7.423,-1.675,,-9.098,-9.098,,153.600006,-0.059,-0.059,0.1685,153.600006,-0.059,-0.059,0.1685,
09/30/1998,555.312988,460.973999,,,,29.082001,,,1.335,63.922001,-167.434998,155.219994,85.853996,69.365997,12.215,,,,387.877991,-265.682007,29.274,70.097,26.229,140.082001,122.195999,-31.136999,,,1.884,,31.889999,31.889999,,0.0,1.131,91.059,-37.68,53.379002,0.0,,,53.378999,0.0,53.379002,-1.675,,51.704002,51.704002,,154.016006,0.3355,0.3355,0.3745,154.016006,0.3355,0.3355,0.3745,
12/31/1998,528.265991,368.303009,,,,91.195,,,,71.356003,-182.192001,129.139999,72.737,56.403,53.051998,,,,346.07399,-297.674988,34.816002,65.254997,25.822001,171.781998,48.398998,-23.505001,,,1.787,,34.318001,34.318001,,0.0,-9.026,24.893997,-1.309,23.584999,0.0,,,23.584997,0.0,23.584999,-1.675,,21.909999,21.909999,,154.524002,0.165,0.165,0.175,154.524002,0.165,0.165,0.175,
03/31/1999,546.855,351.338,,,,133.684,,,,61.833,-198.812,117.469,65.404,52.065,81.343,,,,348.043,-255.056,23.812,73.64,27.239,130.365,92.987,-24.695,,,1.934,,33.4,33.4,-1.934,0.0,-6.771,68.292,-24.872,43.42,0.0,,,43.42,0.0,43.42,-1.676,,41.744,41.744,,155.56,0.27,0.27,0.27,155.558,0.27,0.27,0.27,
06/30/1999,486.114014,366.152008,,,,46.200001,,,1.248,72.514,-148.466003,125.800003,53.360001,72.440002,22.666,,,,337.64801,-277.390015,31.934,70.474998,26.690001,148.291,60.257999,4.131998,,,1.782,,34.715,34.715,,0.0,-37.064999,64.389998,-24.167,40.223,0.0,,,40.222998,0.0,40.223,-1.677,,38.546,38.546,,156.427994,0.245,0.245,0.11,156.427994,0.245,0.245,0.11,
09/30/1999,598.335999,475.423004,,,,33.473,,,,89.440002,-169.509995,155.052002,80.25,74.802002,14.458,,,,428.826004,-298.024994,31.375999,74.542,26.839001,165.268005,130.800995,-15.044001,,,,,30.565001,32.231998,-1.667,0.0,-15.521,115.756994,-42.584999,73.171997,0.0,,,73.171995,0.0,73.171997,-1.677,,71.494997,71.494997,,157.138,0.455,0.455,0.455,157.138,0.455,0.455,0.455,
12/31/1999,566.6579,356.025,,,,100.962,,,,110.919,-181.482,119.42999,63.29099,56.139,62.05199,,,,385.1759,-292.687,28.292,60.43102,24.201,179.763,92.48901,-13.43899,,,,,30.25699,35.882,,0.0,-16.818,79.05002,-28.862,46.47201,0.0,,,50.18802,0.0,46.47201,-1.676,,44.79601,44.79601,,157.694,0.285,0.285,0.285,157.694,0.285,0.285,0.285,
03/31/2000,574.1,373.622,,,,130.134,,,,70.344,-213.73,131.617,69.272,62.345,82.113,,,,360.37,-271.98,,75.911,26.353,169.716,88.39,-54.954,,,,,80.111,40.618,,39.493,-25.157,33.436,-12.438,20.998,0.0,,,20.998,0.0,20.998,-1.678,,19.32,19.32,,158.542,0.12,0.12,0.28,158.542,0.12,0.12,0.28,
06/30/2000,523.885,393.843,,,,54.653,,,0.0,75.389,-170.774,138.905,64.113,74.792,31.869,,,,353.111,-292.944,,77.97,26.612,188.362,60.167,9.827,,,,,38.909,41.794,-2.885,0.0,-48.736,69.994,-26.038,43.956,0.0,,,43.956,0.0,43.956,-1.678,,42.278,42.278,,158.024,0.27,0.27,0.11,158.024,0.27,0.27,0.11,
09/30/2000,603.192,480.763,,,,41.369,,,,81.06,-188.818,166.158,80.605,85.553,22.66,,,,414.374,-274.353,,79.625,26.206,168.522,140.021,296.601,,,,,42.854,45.04,-2.186,0.0,-339.455,436.622,-175.403,261.219,-16.708,,,277.927,0.0,277.927,-1.679,,276.248,276.248,,158.008,1.75,1.645,0.465,158.32,1.745,1.64,0.465,
12/31/2000,703.784,399.808,,,,188.792,,,,115.184,-288.851,146.759,74.631,72.128,142.092,,,,414.933,-322.455,,88.828,25.575,208.052,92.478,-11.622,,,,,6.669,6.669,0.0,0.0,4.953,80.856,-24.937,55.919,0.0,,,55.919,0.0,55.919,-1.678,,54.241,54.241,,158.332,0.385,0.385,0.385,158.332,0.385,0.385,0.385,
03/31/2001,805.6,411.943,,,,289.818,,,0.0,103.839,-412.175,173.917,75.184,98.733,238.258,,,,393.425,-324.025,,84.622,28.444,210.959,69.4,-36.956,,,,,47.442,49.744,-2.302,0.0,-10.486,32.444,-12.164,20.28,9.4,,,10.88,0.0,10.88,-1.68,0.0,9.2,9.2,,158.396,0.06,0.115,0.115,158.396,0.06,0.115,0.115,
06/30/2001,571.0,435.487,,,,63.432,,,0.0,72.081,-231.142,189.076,77.962,111.114,42.066,,,,339.858,-285.558,,86.154,29.541,169.863,54.3,-24.938,,,0.0,,44.417,47.587,-3.17,0.0,-19.479,29.362,-19.082,10.28,-29.1,,,39.38,0.0,39.38,-1.68,0.0,37.7,37.7,,158.35,0.24,0.055,0.16,158.35,0.24,0.055,0.16,
09/30/2001,631.1,519.851,,,,42.979,,,,68.27,-226.731,203.071,94.894,108.177,23.66,,,,404.369,-279.169,,85.502,25.643,168.024,125.2,-36.391,,,,,42.796,46.169,-3.373,0.0,-6.405,88.809,-33.929,54.88,-16.1,,,70.98,0.0,70.98,-1.68,0.0,69.3,69.3,,158.48,0.435,0.335,0.45,158.7,0.435,0.335,0.45,
12/31/2001,646.521,389.275,,,,91.648,,,,165.598,-204.718,147.791,62.649,85.142,56.927,,,,441.803,-362.799,,77.871,27.04,257.888,79.004,-23.801,,,,,44.673,46.972,-2.299,0.0,-20.872,55.203,-0.131,55.072,0.0,,,55.072,0.0,55.072,-1.68,0.0,53.392,53.392,,168.758,0.33,0.33,0.33,169.642,0.33,0.33,0.33,
03/31/2002,571.436,370.762,,,,128.241,,,0.0,72.433,-218.703,134.947,62.61,72.337,83.756,,,,352.733,-288.869,,75.682,27.788,185.399,63.864,-67.032,,,0.0,,42.833,44.487,-1.654,0.0,24.199,-3.168,-2.941,-6.109,-17.534,,,11.425,0.0,11.425,-1.682,,9.743,9.743,,180.108,0.055,-0.045,0.025,180.108,0.055,-0.045,0.025,
06/30/2002,544.46,412.65,,,,65.366,,,0.0,66.444,-205.363,166.644,75.148,91.496,38.719,,,,339.097,-278.696,,70.566,25.194,182.936,60.401,-60.361,,,0.0,,44.34,46.036,-1.696,0.0,16.021,0.04,-3.866,-3.826,-11.823,,,7.997,0.0,7.997,-1.682,0.0,6.315,6.315,,180.94,0.035,-0.035,0.03,181.106,0.035,-0.035,0.03,
09/30/2002,659.427,546.885,,,,44.594,,,0.0,67.948,-244.571,217.654,92.501,125.153,26.917,,,,414.856,-282.437,,71.58,26.494,184.363,132.419,-56.394,,,0.0,,44.262,46.203,-1.941,0.0,12.132,76.025,-27.767,48.258,1.926,,,46.332,0.0,46.332,-1.602,,44.73,44.73,,182.364,0.245,0.255,0.295,182.516,0.245,0.255,0.295,
12/31/2002,711.267,422.237,,,,155.785,,,,133.245,-232.17,421.554,421.554,,99.602,,,,479.097,-382.59,,64.27,24.389,293.931,96.507,-39.547,,,,,43.61,46.015,-2.405,,-4.063,129.857,-7.827,49.133,8.006,,,114.024,,41.127,,0.0,41.127,41.127,,183.764,0.223803,0.26737,0.26737,183.942,0.223587,0.223587,0.223587,
03/31/2003,908.23,443.025,,,,257.881,,,,207.324,-384.564,196.239,196.239,,188.325,,,,523.666,-446.723,,77.878,26.076,342.769,76.943,-49.97,,,0.0,,50.504,54.365,-3.861,,-4.788,26.973,-8.176,18.797,15.117,,,3.68,,3.68,-4.158,0.0,-0.478,-0.478,,185.022,-0.005,0.08,0.08,185.076,-0.005,0.08,0.08,
06/30/2003,646.292,444.108,,,,76.392,,,0.0,125.792,-225.025,175.281,87.228,88.053,49.744,,,,421.267,-364.325,,77.985,20.785,265.555,56.942,-35.028,,,0.0,,51.626,56.198,-4.572,0.0,-7.361,21.914,-6.217,15.697,-20.425,,,36.122,,36.122,-3.968,0.0,32.154,32.154,,186.044,0.175,0.065,0.065,186.044,0.175,0.065,0.065,
09/30/2003,743.645,580.054,,,,62.254,,,0.0,101.337,-235.408,195.534,195.534,,39.874,,,,508.237,-343.969,,78.066,21.173,244.73,164.268,-33.994,,,0.0,,44.058,49.939,-5.881,0.0,-10.064,130.274,-41.611,88.663,-18.656,,,107.319,0.0,107.319,-4.087,,103.232,103.232,,218.442,0.475,0.39,0.39,218.866,0.47,0.39,0.39,
12/31/2003,581.073,449.913,,,,170.373,,,,-39.213,-276.212,375.423,375.423,,118.157,,,,304.861,-203.212,,64.377,21.266,117.569,101.649,-55.91,,,,,39.463,45.849,-6.386,,16.447,45.739,-12.896,32.843,-3.536,,,36.379,,36.379,,0.0,36.379,36.379,,222.366,0.1636,0.147698,0.147698,222.366,0.1636,0.147698,0.147698,
03/31/2004,810.0,467.9,,,,248.9,,,0.0,93.2,-382.8,198.1,198.1,,184.7,,,,427.2,-354.4,,82.6,26.2,240.9,72.8,-21.8,,,0.0,,36.3,43.4,-7.1,,2.1,51.0,-14.7,36.3,2.2,,,34.1,0.0,34.1,,0.0,34.1,34.1,,222.306,0.155,0.165,0.165,223.158,0.155,0.165,0.165,
06/30/2004,662.138,468.634,,,,78.948,,,0.0,114.556,-220.646,172.282,172.282,,48.364,,,,441.492,-361.074,,83.034,25.686,252.354,80.418,-76.978,,,0.0,7.1,38.128,43.884,-5.756,0.0,45.95,3.44,-11.845,-8.405,0.0,,,-8.405,0.0,-13.1,-4.678,0.0,-17.778,-17.778,,224.158,-0.06,-0.06,0.12,224.158,-0.06,-0.06,0.12,
09/30/2004,693.6,583.3,,,,54.2,,,,56.1,-224.2,195.2,195.2,,29.0,,,,469.4,-303.0,,79.2,24.0,199.8,166.4,-36.1,,,3.2,8.6,45.5,45.5,,,2.4,130.3,-37.9,92.4,10.6,,,81.8,,81.8,,0.0,81.8,81.8,,228.492,0.36,0.405,0.41,229.406,0.355,0.4,0.405,
12/31/2004,520.984,489.233,,,,187.793,,,,-156.042,-316.756,181.924,181.924,,134.832,,,,204.228,-120.429,,67.308,24.132,28.989,83.799,41.907,,,13.2,,41.077,43.6,-2.523,,-69.784,125.706,-29.769,95.937,67.248,,,28.689,,28.689,,0.0,28.689,28.689,,232.886,0.123189,0.41195,0.41195,232.886,0.123189,0.41195,0.41195,
03/31/2005,798.8,498.8,,,,245.3,,,0.0,54.7,-388.4,209.3,209.3,0.0,179.1,,,,410.4,-323.0,,80.1,26.4,216.5,87.4,-46.4,,,0.0,,41.4,44.0,-2.6,0.0,5.0,41.0,-9.6,31.4,24.3,,,7.1,0.0,7.1,-4.7,0.0,2.4,2.4,,232.064,0.01,0.115,0.155,232.738,0.01,0.115,0.155,
06/30/2005,699.8,541.3,,,,92.3,,,,66.2,-300.6,242.8,242.8,,57.8,,,,399.2,-316.0,,81.2,23.3,211.5,83.2,-112.5,,,,,41.4,44.2,-2.8,,71.1,-29.3,25.3,-4.0,50.0,,,-54.0,,-54.0,-4.7,,-58.7,-58.7,,232.566,-0.25,0.035,0.275,232.566,-0.25,0.035,0.275,
09/30/2005,874.2,709.5,,,,89.2,,,,75.5,-367.9,307.8,307.8,,60.1,,,,506.3,-307.0,,80.4,25.4,201.2,199.3,-89.8,,,2.8,8.6,44.2,44.2,,,57.0,109.5,-9.9,99.6,-12.9,,,112.5,,112.5,,0.0,112.5,112.5,,233.278,0.48,0.425,0.6,234.068,0.48,0.425,0.6,
12/31/2005,867.1,571.0,,,,258.3,,,0.0,37.8,-457.0,249.4,249.4,,207.6,,,,410.1,-287.6,,74.3,25.8,187.5,122.5,-228.5,,,3.6,20.2,37.8,42.4,-4.6,0.0,214.5,-106.0,42.6,-54.4,18.9,,,-82.3,,-73.3,,0.0,-73.3,-73.3,,234.972,-0.313382,-0.232578,-0.232578,234.972,-0.313382,-0.232578,-0.232578,
03/31/2006,930.9,583.0,,,,290.1,,,0.0,57.8,-528.5,312.2,312.2,0.0,216.3,,,,402.4,-282.6,,67.0,26.8,188.8,119.8,-101.2,,,0.0,,37.4,39.7,-2.3,0.0,63.8,18.6,-0.8,17.8,14.7,,,3.1,0.0,3.1,-4.7,0.0,-1.6,-1.6,,234.074,-0.005,0.055,0.265,234.686,-0.005,0.055,0.265,
06/30/2006,696.8,559.7,,,,83.5,,,,53.6,-328.7,281.0,281.0,,47.7,,,,368.1,-270.2,,64.5,27.1,178.6,97.9,-14.4,,,,,32.4,34.7,-2.3,,-18.0,83.5,-32.7,50.8,0.7,,,50.1,,50.1,-4.7,,45.4,45.4,,234.61,0.195,0.195,0.195,235.378,0.195,0.195,0.195,
09/30/2006,890.4,747.7,,,,68.0,,,0.0,74.7,-436.7,400.4,400.4,0.0,36.3,,,,453.7,-283.2,,64.4,26.5,192.3,170.5,-28.2,,,0.0,,30.8,33.2,-2.4,0.0,-2.6,142.3,-49.9,92.4,9.0,,,83.4,0.0,83.4,-4.6,0.0,78.8,78.8,,234.22,0.335,0.375,0.375,234.996,0.335,0.375,0.375,
12/31/2006,841.3,552.6,,,,191.7,,,0.0,97.0,-395.2,263.8,263.8,0.0,131.4,,,,446.1,-340.8,,65.5,27.8,247.5,105.3,210.3,,,0.0,7.7,37.0,38.1,-1.1,0.0,-239.6,315.6,-119.6,196.0,-1.8,,,197.8,0.0,197.8,-4.7,0.0,193.1,193.1,,231.7,0.835,0.825,0.15,232.46,0.83,0.825,0.15,
06/30/2007,746.2,565.5,,,,94.0,,,0.0,86.7,-353.8,292.9,292.9,0.0,60.9,,,,392.4,-295.4,,66.0,27.0,202.4,97.0,-16.4,,,0.0,2.4,25.8,27.7,-1.9,0.0,-7.0,80.6,-30.9,49.7,-3.6,,,53.3,0.0,53.3,-4.7,0.0,48.6,48.6,,225.556,0.215,0.2,0.2,226.052,0.215,0.2,0.2,
09/30/2007,907.3,733.5,,,,56.3,,,0.0,117.5,-378.2,346.5,346.5,,31.7,,,,529.1,-325.5,,65.3,26.8,233.4,203.6,-17.6,,,0.0,2.1,26.9,29.0,-2.1,0.0,-7.2,186.0,-65.2,120.8,-3.4,,,124.2,0.0,124.2,-4.6,0.0,119.6,119.6,,221.762,0.54,0.525,0.505,222.112,0.54,0.525,0.505,
12/31/2007,873.6,560.5,,,,191.6,,,0.0,121.5,-422.3,285.7,285.7,0.0,136.6,,,,451.3,-327.9,,65.0,27.1,235.8,123.4,201.0,,,0.0,0.0,28.1,30.4,-2.3,0.0,-221.5,324.4,-120.5,203.9,5.1,,,198.8,,198.8,-4.7,0.0,194.1,194.1,,220.116,0.88,0.905,0.35,220.498,0.88,0.905,0.35,
03/31/2008,992.0,567.7,,,,308.5,,,0.0,115.8,-555.7,323.6,323.6,0.0,232.1,,0.0,0.0,436.3,-311.2,,61.6,26.1,223.5,125.1,-11.9,,,4.2,6.9,28.6,29.7,-1.1,0.0,-5.6,113.2,-40.4,72.8,0.0,,,72.8,0.0,72.8,-4.7,0.0,68.1,68.1,0.0,220.296,0.31,0.31,0.31,220.608,0.31,0.31,0.31,
06/30/2008,827.4,576.7,,,,121.1,,,0.0,129.6,-392.0,305.2,305.2,0.0,86.8,,,,435.4,-353.4,,61.7,26.2,265.5,82.0,-14.7,,,0.0,4.3,26.1,30.3,-4.2,0.0,-7.1,67.3,-10.8,56.5,-9.0,,,65.5,,65.5,-4.7,0.0,60.8,60.8,0.0,220.336,0.275,0.235,0.235,220.644,0.275,0.235,0.235,
09/30/2008,980.3,714.0,,,,73.5,,,0.0,192.8,-413.3,366.4,366.4,,46.9,,,,567.0,-376.5,,57.9,25.8,292.8,190.5,-9.2,,,0.0,3.5,21.6,30.0,-8.4,0.0,-8.9,181.3,-67.6,113.7,0.6,,,113.1,0.0,113.1,-4.6,0.0,108.5,108.5,0.0,220.364,0.49,0.495,0.495,220.626,0.49,0.495,0.495,
12/31/2008,882.0,552.9,,,,207.3,,,0.0,121.8,-449.2,295.4,295.4,,153.8,,,0.0,432.8,-341.8,,60.7,24.7,256.4,91.0,-13.9,,,0.0,4.3,26.9,35.8,-8.9,0.0,-8.7,77.1,-21.4,55.7,0.4,,,55.3,0.0,55.3,-4.7,0.0,50.6,50.6,0.0,220.368,0.23,0.23,0.23,220.584,0.23,0.23,0.23,
03/31/2009,949.9,608.1,510.7,86.2,11.2,264.6,257.7,6.9,0.0,77.2,-580.2,381.1,381.1,,199.1,199.1,0.0,0.0,369.7,-296.0,,65.1,25.9,205.0,73.7,-15.3,17.3,-8.9,7.3,1.6,26.2,35.7,-9.5,,-2.0,58.4,18.9,77.3,0.0,0.0,0.0,77.3,,77.3,-4.7,0.0,72.6,-1.8,-74.4,220.436,0.33,0.33,-0.008165,220.61,0.33,0.33,-0.008165,
06/30/2009,740.8,567.8,489.1,67.0,11.7,58.1,50.8,7.3,0.0,114.9,-350.0,322.5,322.5,,27.5,27.5,0.0,0.0,390.8,-328.4,,66.2,25.5,236.7,62.4,-14.3,22.9,-1.5,,1.5,24.4,35.7,-11.3,,-8.6,48.1,-14.4,33.7,-0.1,-0.1,0.0,33.8,,33.8,-4.7,0.0,29.1,38.1,9.1,220.532,0.13,0.13,0.172764,220.698,0.13,0.13,0.171233,
09/30/2009,884.0,725.3,639.9,72.8,12.6,39.1,32.9,6.2,0.0,119.6,-405.3,391.4,391.4,,13.9,13.9,0.0,0.0,478.7,-319.3,,69.5,24.9,224.9,159.4,-220.6,27.3,-1.2,,1.2,28.5,42.4,-13.9,,193.3,-61.2,22.2,-39.0,0.7,0.7,0.0,-39.7,,-39.7,-4.6,0.0,-44.3,84.4,128.0,220.576,-0.2,-0.2,0.382634,220.576,-0.2,-0.2,0.380299,
12/31/2009,853.7,574.7,496.4,78.3,,163.5,154.8,8.7,0.0,115.5,-410.3,302.9,302.9,,107.4,107.4,0.0,0.0,443.4,-342.7,,73.4,23.9,245.4,100.7,-26.5,36.1,,,,36.1,41.1,-5.0,,-9.6,74.2,-17.3,56.9,-1.4,-1.4,0.0,58.3,,58.3,-4.7,0.0,53.6,47.9844,-4.2156,220.602,0.245,0.24,0.217516,220.78,0.245,0.24,0.217516,
03/31/2010,890.2,604.9,523.0,68.8,13.1,224.9,217.0,7.9,0.0,60.4,-492.4,336.0,336.0,,156.4,156.4,,0.0,397.8,-288.8,,74.4,25.7,188.7,109.0,-26.2,36.8,,,,36.8,40.7,-3.9,,-10.6,82.8,-34.7,48.1,0.0,0.0,0.0,48.1,,48.1,-4.7,0.0,43.4,50.5,7.1,220.736,0.195,0.195,0.22878,220.902,0.195,0.195,0.227141,
06/30/2010,741.6,627.3,557.2,57.2,12.9,59.5,52.3,7.2,0.0,54.8,-365.5,336.8,336.8,,28.7,28.7,0.0,0.0,376.1,-275.4,,65.1,25.0,185.3,100.7,-25.0,34.1,,,,34.1,39.6,-5.5,,-9.1,75.7,-23.0,52.7,0.2,0.2,0.0,52.5,,52.5,-4.7,0.0,47.8,58.3,10.3,220.818,0.215,0.215,0.264018,220.98,0.215,0.215,0.261611,
09/30/2010,951.7,842.0,763.8,63.9,14.3,46.5,41.2,5.3,0.0,63.2,-421.7,401.9,401.9,,19.8,19.8,0.0,0.0,530.0,-283.4,,75.4,24.2,183.8,246.6,-27.0,36.9,,,,36.9,41.9,-5.0,,-9.9,219.6,-64.1,155.5,1.8,1.8,0.0,153.7,,153.7,-4.6,0.0,149.1,150.9,0.0,220.938,0.675,0.685,0.685,221.088,0.675,0.685,0.685,
12/31/2010,832.6,600.0,539.3,60.7,,149.7,144.7,5.0,0.0,82.9,-402.8,303.7,303.7,,99.1,99.1,0.0,0.0,429.8,-330.0,,76.4,24.7,228.9,99.8,-24.7,34.1,-3.1,,3.1,37.2,40.8,-3.6,,-9.4,75.1,-23.4,51.7,-0.3,-0.3,0.0,52.0,,52.0,-4.7,0.0,47.3,47.0,0.0,221.042,0.215,0.215,0.215,221.198,0.215,0.215,0.215,
03/31/2011,877.2,620.3,552.7,57.7,9.9,229.0,221.4,7.6,0.0,27.9,-481.8,325.4,325.4,,156.4,156.4,0.0,0.0,395.4,-268.1,,77.8,25.1,165.2,127.3,-26.7,37.4,,,,37.4,40.5,-3.1,,-10.7,100.6,-22.4,78.2,-1.5,-1.5,0.0,79.7,,79.7,-6.2,0.0,73.5,75.1,3.1,221.138,0.33,0.325,0.339607,221.264,0.33,0.325,0.33901,
06/30/2011,712.5,620.5,540.7,68.1,11.7,67.1,61.3,5.8,0.0,24.9,-362.8,328.0,328.0,,34.8,34.8,0.0,0.0,349.7,-279.1,,81.5,24.7,172.9,70.6,-27.3,37.7,,,,37.7,40.4,-2.7,,-10.4,43.3,11.2,54.5,-0.8,-0.8,0.0,55.3,,55.3,-4.2,0.0,51.1,47.3,-3.0,221.248,0.23,0.225,0.213787,221.354,0.23,0.225,0.211447,
09/30/2011,870.9,796.9,719.2,65.4,12.3,46.4,39.7,6.7,0.0,27.6,-404.2,384.4,384.4,,19.8,19.8,0.0,0.0,466.7,-257.3,,80.7,24.8,151.8,209.4,-25.3,36.0,,,,36.0,38.8,-2.8,,-10.7,184.1,-43.3,140.8,14.9,14.9,0.0,125.9,,125.9,-3.9,0.0,122.0,139.0,2.1,221.294,0.55,0.615,0.628123,221.39,0.55,0.615,0.624486,
12/31/2011,760.8,598.1,534.2,63.9,,134.2,126.9,7.3,0.0,28.5,-391.9,307.7,307.7,,84.2,84.2,0.0,0.0,368.9,-262.9,,81.0,23.6,158.3,106.0,-23.4,35.2,,,,35.2,38.6,-3.4,,-11.8,82.6,-14.7,67.9,6.9,6.9,0.0,61.0,,61.0,-4.0,0.0,57.0,66.9,3.0,221.326,0.255,0.29,0.302269,221.418,0.255,0.29,0.302269,
03/31/2012,765.7,572.4,515.1,46.1,11.2,167.1,159.6,7.5,0.0,26.2,-407.6,302.8,302.8,,104.8,104.8,0.0,0.0,358.1,-262.5,,83.0,25.3,154.2,95.6,-24.6,35.1,,,,35.1,38.9,-3.8,,-10.5,71.0,-27.7,43.3,4.4,4.4,0.0,38.9,,38.9,-4.0,0.0,34.9,54.5,15.2,221.432,0.16,0.18,0.246125,221.482,0.16,0.18,0.246125,
06/30/2012,690.3,612.6,554.0,46.7,11.9,50.0,42.9,7.1,0.0,27.7,-337.6,319.0,319.0,,18.6,18.6,0.0,0.0,352.7,-243.9,,80.8,24.5,138.6,108.8,-22.6,33.8,,,,33.8,38.6,-4.8,,-11.2,86.2,-16.8,69.4,-0.4,-0.4,0.0,69.8,,69.8,-3.9,0.0,65.9,61.86155,-3.63845,221.512,0.3,0.3,0.27927,221.538,0.3,0.3,0.27927,
09/30/2012,887.6,815.3,738.5,63.8,13.0,46.8,38.4,8.4,0.0,25.5,-418.2,400.5,400.5,,17.7,17.7,0.0,0.0,469.4,-255.7,,83.6,23.7,148.4,213.7,-21.4,31.8,-0.7,,0.7,32.5,38.3,-5.8,,-10.4,192.3,-39.3,153.0,-1.7,-1.7,0.0,154.7,,154.7,-4.0,0.0,150.7,131.27536,-17.72464,221.536,0.68,0.67,0.592569,221.558,0.68,0.67,0.59,
12/31/2012,750.9,589.0,521.5,67.5,,132.4,124.4,8.0,0.0,29.5,-378.9,302.8,302.8,,76.1,76.1,0.0,0.0,372.0,-270.4,,85.0,24.7,160.7,101.6,-20.9,33.4,,,,33.4,40.9,-7.5,,-12.5,80.7,-5.6,75.1,2.8,2.8,0.0,72.3,,72.3,-4.0,0.0,68.3,71.1,0.0,221.544,0.31,0.32,0.32,221.564,0.31,0.32,0.32,
03/31/2013,859.6,633.2,571.1,50.3,11.8,197.3,188.6,8.7,0.0,29.1,-467.8,339.8,339.8,,128.0,128.0,,0.0,391.8,-271.1,,92.6,26.1,152.4,120.7,-25.5,37.0,,,,37.0,42.6,-5.6,,-11.5,95.2,-12.1,83.1,3.0,3.0,0.0,80.1,,80.1,-10.2,0.0,69.9,78.9,6.0,221.534,0.315,0.33,0.356153,221.552,0.315,0.33,0.356153,
06/30/2013,718.0,612.1,547.6,50.3,14.2,73.4,66.5,6.9,0.0,32.5,-348.5,309.6,309.6,,38.9,38.9,0.0,0.0,369.5,-266.3,,92.7,23.3,150.3,103.2,-24.3,35.5,,,,35.5,42.5,-7.0,,-11.2,78.9,-10.5,68.4,0.6,0.6,0.0,67.8,,67.8,-2.5,0.0,65.3,59.2532,-6.6468,221.552,0.295,0.295,0.267446,221.56,0.295,0.295,0.265,
09/30/2013,866.6,798.1,723.5,62.4,12.2,39.8,33.0,6.8,0.0,28.7,-388.8,374.5,374.5,,14.3,14.3,0.0,0.0,477.8,-276.4,,92.1,24.9,159.4,201.4,-22.3,33.4,-0.6,,0.6,34.0,42.5,-8.5,,-11.1,179.1,-17.6,161.5,1.3,1.3,0.0,160.2,,160.2,-2.6,0.0,157.6,158.9,0.0,221.566,0.71,0.715,0.715,221.57,0.71,0.715,0.715,
12/31/2013,832.6,645.6,581.7,63.9,,154.3,145.8,8.5,0.0,32.7,-431.7,336.2,336.2,,95.5,95.5,0.0,0.0,400.9,-292.3,,93.5,25.3,173.5,108.6,-25.8,35.5,,,,35.5,45.2,-9.7,,-9.7,82.8,-13.7,69.1,1.0,1.0,0.0,68.1,,68.1,-2.6,0.0,65.5,66.5,0.0,221.6,0.295,0.3,0.3,221.6,0.295,0.3,0.3,
03/31/2014,952.8,675.8,614.5,49.4,11.9,240.7,229.4,11.3,0.0,36.3,-514.7,352.8,352.8,,161.9,161.9,0.0,0.0,438.1,-283.9,,95.5,26.1,162.3,154.2,-23.0,36.1,,,,36.1,45.2,-9.1,,-13.1,131.2,-20.6,110.6,0.0,0.0,0.0,110.6,,110.6,-2.6,0.0,108.0,108.0,0.0,221.6,0.485,0.485,0.485,221.6,0.485,0.485,0.485,
06/30/2014,750.3,643.9,577.8,53.8,12.3,76.9,70.0,6.9,0.0,29.5,-364.6,319.6,319.6,,45.0,45.0,0.0,0.0,385.7,-282.4,,95.8,24.1,162.5,103.3,-25.5,36.7,,,,36.7,45.1,-8.4,,-11.2,77.8,-13.2,64.6,0.3,0.3,0.0,64.3,,64.3,-2.5,0.0,61.8,62.1,0.0,221.6,0.28,0.28,0.28,221.6,0.28,0.28,0.28,
09/30/2014,843.1,771.2,701.8,55.9,13.5,47.2,40.6,6.6,0.0,24.7,-366.6,344.8,344.8,,21.8,21.8,0.0,0.0,476.5,-281.7,,97.1,25.6,159.0,194.8,-24.6,36.1,-0.2,,0.2,36.3,44.6,-8.3,,-11.5,170.2,-12.4,157.8,1.9,1.9,0.0,155.9,,155.9,-2.6,0.0,153.3,155.2,0.0,221.6,0.69,0.7,0.7,221.6,0.69,0.7,0.7,
12/31/2014,804.1,622.7,557.4,50.4,14.9,152.7,143.7,9.0,0.0,28.7,-406.6,307.5,307.5,,99.1,99.1,0.0,0.0,397.5,-306.2,,99.7,25.3,181.2,91.3,-30.5,36.7,,,,36.7,45.7,-9.0,,-6.2,60.8,1.9,62.7,0.2,0.2,0.0,62.5,,62.5,-2.5,0.0,60.0,60.2,0.0,221.6,0.27,0.27,0.27,221.6,0.27,0.27,0.27,
03/31/2015,897.4,671.3,599.7,60.2,11.4,198.4,188.1,10.3,0.0,27.7,-469.9,339.1,339.1,,130.8,130.8,0.0,0.0,427.5,-274.6,,100.2,26.5,147.9,152.9,-33.2,39.8,,,,39.8,46.6,-6.8,,-6.6,119.7,-20.5,99.2,0.0,0.0,0.0,99.2,,99.2,-2.6,0.0,96.6,96.6,0.0,222.2,0.435,0.435,0.435,222.2,0.435,0.435,0.435,
06/30/2015,717.2,640.4,575.8,53.4,11.2,51.7,44.7,7.0,0.0,25.1,-324.0,302.1,302.1,,21.9,21.9,0.0,0.0,393.2,-284.2,,100.4,26.5,157.3,109.0,-26.4,37.9,,,,37.9,46.5,-8.6,,-11.5,82.6,-11.2,71.4,1.3,1.3,0.0,70.1,,70.1,-2.5,0.0,67.6,75.7,6.8,226.2,0.3,0.305,0.334659,226.2,0.3,0.305,0.334659,
09/30/2015,898.9,835.8,747.4,76.1,12.3,38.0,31.0,7.0,0.0,25.1,-387.0,373.4,373.4,,13.6,13.6,0.0,0.0,511.9,-276.0,,99.3,25.6,151.1,235.9,-25.5,36.7,,,,36.7,46.4,-9.7,,-11.2,210.4,-27.8,182.6,0.1,0.1,0.0,182.5,,182.5,-2.6,0.0,179.9,184.7,4.7,226.4,0.79,0.79,0.815813,226.4,0.79,0.79,0.810759,
12/31/2015,740.1,623.0,551.2,59.8,12.0,93.1,86.1,7.0,0.0,24.0,-361.2,308.4,308.4,,52.8,52.8,0.0,0.0,378.9,-299.7,,101.4,25.1,173.2,79.2,-30.6,35.5,-0.3,,0.3,35.8,47.6,-11.8,,-4.9,48.6,-10.9,37.7,1.1,1.1,0.0,36.6,0.0,36.6,-2.5,0.0,34.1,37.9,2.7,226.6,0.15,0.16,0.167255,226.6,0.15,0.16,0.167255,
03/31/2016,843.8,668.9,596.0,63.3,9.6,152.2,143.0,9.2,0.0,22.7,-424.0,328.8,328.8,,95.2,95.2,0.0,0.0,419.8,-273.9,,102.5,26.3,145.1,145.9,-24.1,34.6,-0.2,,0.2,34.8,48.0,-13.2,,-10.5,121.8,-21.6,100.2,1.1,1.1,0.0,99.1,,99.1,-2.6,0.0,96.5,97.6,0.0,226.8,0.43,0.43,0.43,226.8,0.43,0.43,0.43,
06/30/2016,754.6,675.9,601.9,64.1,9.9,57.0,49.0,8.0,0.0,21.7,-354.4,329.8,329.8,,24.6,24.6,0.0,0.0,400.2,-271.6,,102.1,25.0,144.5,128.6,-23.6,32.7,,,,32.7,48.0,-15.3,,-9.1,105.0,-18.1,86.9,0.5,0.5,0.0,86.4,0.0,86.4,-2.5,0.0,83.9,84.4,0.0,227.0,0.37,0.37,0.37,227.0,0.37,0.37,0.37,
09/30/2016,924.6,864.3,772.5,77.5,14.3,39.5,30.9,8.6,0.0,20.8,-397.0,384.5,384.5,,12.5,12.5,0.0,0.0,527.6,-365.0,,104.1,25.9,235.0,162.6,-23.7,33.0,,,,33.0,48.8,-15.8,,-9.3,138.9,-7.5,131.4,0.4,0.4,0.0,131.0,,131.0,-2.6,0.0,128.4,267.456,138.656,227.2,0.57,0.57,1.177183,227.2,0.57,0.57,1.177183,
12/31/2016,797.0,666.4,594.4,61.8,10.2,106.7,99.5,7.2,0.0,23.9,-400.8,338.8,338.8,,62.0,62.0,0.0,0.0,396.2,-296.3,,102.9,25.1,168.3,99.9,-22.2,33.0,-0.2,,0.2,33.2,51.4,-18.2,,-10.8,77.7,-12.2,65.5,0.3,0.3,0.0,65.2,0.0,65.2,-2.5,0.0,62.7,63.0,0.0,227.4,0.28,0.28,0.28,227.4,0.28,0.28,0.28,
03/31/2017,853.9,677.6,601.9,75.7,,154.3,144.5,9.8,0.0,22.0,-424.7,332.5,332.5,,92.2,92.2,,0.0,429.2,-282.0,,107.0,26.4,148.6,147.2,-28.0,35.3,,,,35.3,52.3,-17.0,,-7.3,119.2,-17.6,101.6,-1.4,-1.4,0.0,103.0,0.0,103.0,-2.6,0.0,100.4,99.0,0.0,227.6,0.44,0.43,0.43,227.6,0.44,0.43,0.43,
06/30/2017,765.3,680.9,602.8,78.1,,62.6,55.0,7.6,0.0,21.8,-330.2,301.9,301.9,,28.3,28.3,0.0,0.0,435.1,-281.4,,115.0,25.7,140.7,153.7,-35.7,42.7,,,,42.7,52.8,-10.1,,-7.0,118.0,-21.2,96.8,0.0,0.0,0.0,96.8,0.0,96.8,-2.5,0.0,94.3,94.3,0.0,229.0,0.41,0.41,0.41,229.0,0.41,0.41,0.41,
09/30/2017,906.9,840.6,745.7,75.6,19.3,45.8,37.4,8.4,0.0,20.5,-358.6,343.6,343.6,,15.0,15.0,0.0,0.0,548.3,-312.0,,120.7,27.0,164.3,236.3,-38.8,44.3,,,,44.3,53.9,-9.6,,-5.5,197.5,-26.1,171.4,0.0,0.0,0.0,171.4,0.0,171.4,-2.6,0.0,168.8,174.3,5.5,231.0,0.73,0.73,0.754545,231.0,0.73,0.73,0.75381,
12/31/2017,856.1,695.6,619.2,64.0,12.4,138.2,127.7,10.5,0.0,22.3,-396.9,321.0,321.0,,75.9,75.9,,0.0,459.2,-325.2,,119.1,26.5,179.6,134.0,-35.9,10.0,-33.6,33.6,,43.6,56.6,-13.0,,25.9,98.1,-1.8,96.3,0.0,0.0,0.0,96.3,0.0,96.3,-2.5,0.0,93.8,84.775,-9.025,231.2,0.41,0.41,0.366674,231.2,0.41,0.41,0.366674,
03/31/2018,916.3,708.7,635.3,73.4,,185.6,173.4,12.2,0.0,22.0,-440.8,329.6,329.6,,111.2,111.2,,0.0,475.5,-309.8,,120.4,27.0,162.4,165.7,-25.4,44.3,,,,44.3,59.2,-14.9,,-18.9,140.3,-16.8,123.5,0.0,0.0,0.0,123.5,0.0,123.5,-2.6,0.0,120.9,120.9,0.0,231.4,0.52,0.52,0.52,231.4,0.52,0.52,0.52,
06/30/2018,816.1,726.3,646.0,80.3,,68.6,59.6,9.0,0.0,21.2,-355.7,328.2,328.2,,27.5,27.5,0.0,0.0,460.4,-309.2,,127.0,24.2,158.0,151.2,-34.7,43.2,,,,43.2,61.3,-18.1,,-8.5,116.5,-13.6,102.9,0.0,0.0,0.0,102.9,0.0,102.9,-2.5,0.0,100.4,100.4,0.0,232.0,0.43,0.43,0.43,232.0,0.43,0.43,0.43,
09/30/2018,928.6,861.2,776.1,85.1,,44.8,35.8,9.0,0.0,22.6,-368.2,356.9,356.9,,11.3,11.3,0.0,0.0,560.4,-304.3,,129.0,26.9,148.4,256.1,-36.3,44.5,,,,44.5,63.3,-18.8,,-8.2,219.8,-11.7,208.1,0.0,0.0,0.0,208.1,0.0,208.1,-2.6,0.0,205.5,199.9,-5.6,235.2,0.87,0.87,0.849915,235.2,0.87,0.87,0.84619,
12/31/2018,873.5,704.1,630.4,113.7,-40.0,147.6,133.5,14.1,0.0,21.8,-418.3,336.0,336.0,,82.3,82.3,,0.0,455.2,-333.8,,130.5,26.3,177.0,121.4,-28.0,-12.0,-51.4,51.4,,39.4,63.2,-23.8,,40.0,93.4,-5.6,87.8,0.0,0.0,0.0,87.8,0.0,87.8,-2.5,0.0,85.3,85.3,0.0,236.0,0.36,0.36,0.36,236.0,0.36,0.36,0.36,
03/31/2019,987.2,743.4,664.5,78.9,,215.8,200.8,15.0,0.0,28.0,-463.0,341.4,341.4,,121.6,121.6,,0.0,524.2,-347.4,,136.9,29.3,181.2,176.8,-34.0,40.9,,,,40.9,66.3,-25.4,,-6.9,142.8,-15.1,127.7,0.0,0.0,0.0,127.7,0.0,127.7,-2.6,0.0,125.1,125.1,0.0,236.5,0.53,0.53,0.53,236.6,0.53,0.53,0.53,
06/30/2019,790.2,691.2,618.8,72.4,,65.2,53.3,11.9,0.0,33.8,-297.6,277.2,277.2,,20.4,20.4,,0.0,492.6,-342.8,,142.9,27.6,172.3,149.8,-41.5,50.9,,,,50.9,69.2,-18.3,,-9.4,108.3,-11.2,97.1,0.0,0.0,0.0,97.1,0.0,97.1,-2.5,0.0,94.6,94.6,0.0,237.5,0.4,0.4,0.4,238.1,0.4,0.4,0.4,
09/30/2019,990.2,915.9,825.9,90.0,,41.5,32.7,8.8,0.0,32.8,-355.1,346.0,346.0,,9.1,9.1,,0.0,635.1,-344.9,,143.8,27.4,173.7,290.2,-38.5,46.4,,,,46.4,68.3,-21.9,,-7.9,251.7,-23.1,228.6,0.0,0.0,0.0,228.6,0.0,228.6,-2.6,0.0,226.0,226.0,0.0,239.1,0.95,0.95,0.95,239.9,0.94,0.94,0.94,
12/31/2019,880.1,713.1,642.0,71.1,,132.7,121.6,11.1,0.0,34.3,-364.1,293.5,293.5,,70.6,70.6,,0.0,516.0,-355.1,,143.6,26.5,185.0,160.9,-27.6,-23.5,-65.5,65.5,,42.0,69.1,-27.1,,51.1,133.3,-19.3,114.0,0.0,0.0,0.0,114.0,0.0,114.0,-2.5,0.0,111.5,107.3,-4.2,241.0,0.46,0.46,0.445228,241.4,0.46,0.46,0.442601,
03/31/2020,915.7,730.3,659.0,71.3,,152.2,140.4,11.8,0.0,33.2,-391.3,306.3,306.3,,85.0,85.0,,0.0,524.4,-336.1,,146.3,27.6,162.2,188.3,-34.4,45.9,,,,45.9,68.9,-23.0,,-11.5,153.9,18.7,172.6,0.0,0.0,0.0,172.6,0.0,172.6,-2.6,0.0,170.0,175.8,5.8,244.4,0.7,0.7,0.719313,244.6,0.7,0.7,0.719313,
06/30/2020,763.1,675.2,611.0,64.2,,58.9,50.0,8.9,0.0,29.0,-256.0,235.1,235.1,,20.9,20.9,,0.0,507.1,-339.0,,152.1,27.1,159.8,168.1,-39.5,54.4,,,,54.4,69.6,-15.2,,-14.9,128.6,8.3,136.9,0.0,0.0,0.0,136.9,0.0,136.9,-2.5,0.0,134.4,134.4,0.0,249.6,0.54,0.54,0.54,249.8,0.54,0.54,0.54,
09/30/2020,1007.667,,,,,,,,,,,,,,,,,,,,,,,,319.0,,,,,,,,,,,276.0,,232.0,,,,,,232.0,,,232.0,232.0,,,0.918,0.918,0.918,,0.918,0.918,0.918,
12/31/2020,944.333,,,,,,,,,,,,,,,,,,,,,,,,182.5,,,,,,,,,,,107.0,,65.275,,,,,,65.275,,,65.275,65.275,,,0.286,0.286,0.286,,0.286,0.286,0.286,
