Date,Revenue,Sales & Services Revenue,Other Revenue,Cost of Revenue,Cost of Goods & Services,Depreciation & Amortization,Gross Profit,Other Operating Income,Operating Expenses,"Selling, General & Admin",Research & Development,Other Operating Expense,Operating Income (Loss),Non-Operating (Income) Loss,"Interest Expense, Net",Interest Expense,Interest Income,Foreign Exch (Gain) Loss,(Income) Loss from Affiliates,Other Non-Op (Income) Loss,Pretax Income,Income Tax Expense (Benefit),Income (Loss) from Cont Ops,Net Extraordinary Losses (Gains),Discontinued Operations,XO & Accounting Changes,Income (Loss) Incl. MI,Minority Interest,"Net Income, GAAP",Preferred Dividends,Other Adjustments,"Net Income Avail to Common, GAAP","Net Income Avail to Common, Adj",Net Abnormal Losses (Gains),Basic Weighted Avg Shares,"Basic EPS, GAAP",Basic EPS from Cont Ops,"Basic EPS from Cont Ops, Adjusted",Diluted Weighted Avg Shares,"Diluted EPS, GAAP",Diluted EPS from Cont Ops,"Diluted EPS from Cont Ops, Adjusted",Source: Bloomberg
04/30/1989,602.132019,,,-453.928986,,,148.203033,,-114.875,,,,33.327999,-11.622,,5.926,,0.0,,5.696,21.705999,-7.12,14.586,0.0,,,14.585999,0.0,14.586,0.0,,14.586,14.586,,1190.975952,0.012031,0.012031,,1190.975952,0.012031,0.012031,0.012031,
07/31/1989,746.195984,,,-562.426025,,,183.769958,,-128.802994,,,,54.966999,-11.258,,4.664,,0.0,,6.594,43.708999,-13.781,29.927999,0.0,,,29.927999,0.0,29.927999,0.0,,29.927999,29.927999,,1191.647949,0.025,0.025,,1191.647949,0.025,0.025,0.025,
10/31/1989,702.669983,,,-534.333984,,,168.335999,,-127.666,,,,40.669998,-11.056,,4.709,,0.0,,6.347,29.613998,-9.337,20.277,0.0,,,20.276998,0.0,20.277,0.0,,20.277,20.277,,1195.328003,0.016875,0.016875,,1195.328003,0.016875,0.016875,0.016875,
01/31/1990,599.549011,,,-453.475006,,,146.074005,,-122.361,,,,23.712999,-9.946,,3.929,,0.0,,6.017,13.766999,-3.646,10.121,0.0,,,10.120999,0.0,10.121,0.0,,10.121,10.121,,1195.904064,0.008438,0.008438,0.008438,1195.904064,0.008438,0.008438,0.008438,
04/30/1990,720.90802,,,-547.724976,,,173.183044,,-131.251007,,,,41.931999,-10.167,,3.781,,0.0,,6.386,31.764999,-9.783,21.982,0.0,,,21.981999,0.0,21.982,0.0,,21.982,21.982,,1197.088013,0.018281,0.018281,,1197.088013,0.018281,0.018281,0.018281,
07/31/1990,818.052002,,,-615.715027,,,202.336975,,-148.858994,,,,53.478001,-11.64,,4.14,,0.0,,7.5,41.838001,-11.878,29.959999,0.0,,,29.960001,0.0,29.959999,0.0,,29.959999,29.959999,,1202.176025,0.025,0.025,,1202.176025,0.025,0.025,0.025,
10/31/1990,708.124023,,,-533.372986,,,174.751038,,-143.296005,,,,31.455,-11.791,,4.786,,0.0,,7.005,19.664,-5.583,14.081,0.0,,,14.081,0.0,14.081,0.0,,14.081,14.081,,1209.280029,0.011875,0.011875,,1209.280029,0.011875,0.011875,0.011875,
01/31/1991,586.023987,,,-433.61499,,,152.408997,,-133.942993,,,,18.466,-11.482,,4.712,,0.0,,6.77,6.984,-1.92,5.064,0.0,,,5.064,0.0,5.064,0.0,,5.064,5.064,,1171.375968,0.004375,0.004375,0.004375,1171.375968,0.004375,0.004375,0.004375,
04/30/1991,693.351013,,,-525.932983,,,167.41803,,-147.125,,,,20.292999,-3.863,,3.863,,0.0,,0.0,16.429999,-4.954,11.476,0.0,,,11.475999,0.0,11.476,0.0,,11.476,11.476,,1168.832031,0.009531,0.009531,,1168.832031,0.009531,0.009531,0.009531,
07/31/1991,863.008972,,,-654.192993,,,208.815979,,-168.740005,,,,40.076,-3.801,,3.801,,0.0,,0.0,36.275,-10.991,25.284,0.0,,,25.284,0.0,25.284,0.0,,25.284,25.284,,1169.567993,0.021562,0.021562,,1169.567993,0.021562,0.021562,0.021562,
10/31/1991,790.273987,,,-601.789001,,,188.484985,,-165.298004,,,,23.187,-4.019,,4.019,,0.0,,0.0,19.168,-6.176,12.992,0.0,,,12.992,0.0,12.992,0.0,,12.992,12.992,,1169.375977,0.01125,0.01125,,1169.375977,0.01125,0.01125,0.01125,
01/31/1992,709.612976,,,-539.073975,,,170.539001,,-160.917999,,,,9.621,-12.923,,5.255,,0.0,,7.668,-3.302,-39.963001,-43.264999,0.0,,,-43.265001,0.0,-43.264999,0.0,,-43.264999,-43.264999,,1165.599968,-0.036875,-0.036875,-0.036875,1165.599968,-0.036875,-0.036875,-0.036875,
04/30/1992,883.28302,,,-670.067993,,,213.215027,,-174.854004,,,,38.361,-3.647,,3.647,,0.0,,0.0,34.714,-10.935,23.778999,0.0,,,23.779,0.0,23.778999,0.0,,23.778999,23.778999,,1168.927979,0.020156,0.020156,,1168.927979,0.020156,0.020156,0.020156,
07/31/1992,1061.64502,,,-814.903992,,,246.741028,,-198.063004,,,,48.678001,-4.222,,4.222,,0.0,,0.0,44.456001,-14.738,29.718,0.0,,,29.718001,0.0,29.718,0.0,,29.718,29.718,,1169.199951,0.025625,0.025625,,1169.199951,0.025625,0.025625,0.025625,
10/31/1992,991.192017,,,-759.820007,,,231.372009,,-199.115997,,,,32.256001,-4.048,,4.048,,0.0,,0.0,28.208001,-9.308,18.9,0.0,,,18.900001,0.0,18.9,0.0,,18.9,18.9,,1169.328003,0.01625,0.01625,,1169.328003,0.01625,0.01625,0.01625,
01/31/1993,910.297974,,,-700.960999,,,209.336975,,-187.141006,,,,22.195999,-3.682,,3.682,,0.0,,0.0,18.513999,-6.191,12.323,0.0,,,12.322999,0.0,12.323,0.0,,12.323,12.323,,1167.463616,0.010625,0.010625,0.010625,1167.463616,0.010625,0.010625,0.010625,
04/30/1993,992.112,,,-757.945007,,,234.166992,,-187.084,,,,47.083,-3.825,,3.825,,0.0,,0.0,43.258,-13.81,29.448,0.0,,,29.448,0.0,29.448,0.0,,29.448,29.448,,1172.767944,0.025,0.025,,1172.767944,0.025,0.025,0.025,
07/31/1993,1241.69104,,,-949.210999,,,292.480042,,-220.384003,,,,72.096001,-3.545,,3.545,,0.0,,0.0,68.551001,-23.591,44.959999,0.0,,,44.960001,0.0,44.959999,0.0,,44.959999,44.959999,,1178.447998,0.038125,0.038125,,1178.447998,0.038125,0.038125,0.038125,
10/31/1993,1158.369995,,,-882.75,,,275.619995,,-223.274994,,,,52.345001,-4.834,,4.834,,0.0,,0.0,47.511001,-15.866,31.645,0.0,,,31.645001,0.0,31.645,0.0,,31.645,31.645,,1183.248047,0.026875,0.026875,,1183.248047,0.026875,0.026875,0.026875,
01/31/1994,1145.828003,,,-866.810974,,,279.017029,,-233.938995,,,,45.077999,-6.074,,6.074,,0.0,,0.0,39.003999,-13.271,25.733,0.0,,,25.732999,0.0,25.733,0.0,,25.733,25.733,,1184.784064,0.021875,0.021875,0.021875,1184.784064,0.021875,0.021875,0.021875,
04/30/1994,1397.008057,,,-1060.300049,,,336.708008,,-248.705002,,,,88.002998,-8.383,,8.383,,0.0,,0.0,79.619998,-27.867001,51.752998,0.0,,,51.752997,0.0,51.752998,0.0,,51.752998,51.752998,,1185.696045,0.04375,0.04375,,1185.696045,0.04375,0.04375,0.04375,
07/30/1994,1647.019043,,,-1243.458984,,,403.560059,,-286.444,,,,117.115997,-7.345,,7.345,,0.0,,0.0,109.770998,-38.419998,71.350998,0.0,,,71.350999,0.0,71.350998,0.0,,71.350998,71.350998,,1220.608032,0.05875,0.05875,,1220.608032,0.05875,0.05875,0.05875,
10/31/1994,1579.005005,,,-1197.859009,,,381.145996,,-291.743988,,,,89.402,-5.852,,5.852,,0.0,,0.0,83.55,-29.358999,54.191002,0.0,,,54.191001,0.0,54.191002,0.0,,54.191002,54.191002,,1275.192017,0.0425,0.0425,,1275.192017,0.0425,0.0425,0.0425,
01/31/1995,1487.489014,,,-1096.359009,,,391.130005,,-314.247009,,,,76.883003,-6.293,,6.293,,0.0,,0.0,70.590003,-24.325001,46.264999,0.0,,,46.265002,0.0,46.264999,0.0,,46.264999,46.264999,,1275.943968,0.03625,0.03625,0.03625,1275.943968,0.03625,0.03625,0.03625,
04/30/1995,1634.689941,,,-1212.579956,,,422.109985,,-320.554993,,,,101.555,-9.33,,9.33,,0.0,,0.0,92.225,-33.290001,58.935001,0.0,,,58.934999,0.0,58.935001,0.0,,58.935001,58.935001,,1278.52002,0.04625,0.04625,0.04625,1278.52002,0.04625,0.04625,0.04625,
07/31/1995,1978.057983,,,-1484.485962,,,493.572021,,-351.114014,,,,142.457993,-8.929,,8.929,,0.0,,0.0,133.528993,-48.521999,85.007004,0.0,,,85.006993,0.0,85.007004,0.0,,85.007004,85.007004,,1283.456055,0.06625,0.06625,0.06625,1283.456055,0.06625,0.06625,0.06625,
10/31/1995,1765.991943,,,-1337.04895,,,428.942993,,-351.591003,,,,77.351997,-9.145,,9.145,,0.0,,0.0,68.206997,-24.288,43.918999,0.0,,,43.918997,0.0,43.918999,0.0,,43.918999,43.918999,,1286.128052,0.03375,0.03375,0.03375,1286.128052,0.03375,0.03375,0.03375,
01/31/1996,1696.702026,,,-1278.079956,,,418.62207,,-349.839996,,,,68.781998,-10.636,,10.636,,0.0,,0.0,58.145998,-19.98,38.166,0.0,,,38.165998,0.0,38.166,0.0,,38.166,38.166,,1287.04004,0.03,0.03,0.03,1287.04004,0.03,0.03,0.03,
04/30/1996,1906.498047,,,-1429.998047,,,476.5,,-389.777008,,,,86.723,-13.189,,13.189,,0.0,,0.0,73.533999,-26.472,47.062,0.0,,,47.061999,0.0,47.062,0.0,,47.062,47.062,,1289.119995,0.03625,0.03625,0.03625,1289.119995,0.03625,0.03625,0.03625,
07/31/1996,2459.008057,,,-1830.215942,,,628.792114,,-439.292999,,,,189.498993,-12.115,,12.115,,0.0,,0.0,177.383993,-63.105,114.278999,0.0,,,114.278994,0.0,114.278999,0.0,,114.278999,114.278999,,1306.904053,0.0875,0.0875,0.0875,1306.904053,0.08375,0.08375,0.08375,
10/31/1996,2193.239014,,,-1627.072998,,,566.166016,,-439.066986,,,,127.098999,-10.54,,10.54,,0.0,,0.0,116.558999,-41.375999,75.182999,0.0,,,75.183,0.0,75.182999,0.0,,75.182999,75.182999,,1383.631958,0.05375,0.05375,0.05375,1383.631958,0.05375,0.05375,0.05375,
01/31/1997,2041.495972,,,-1489.194946,,,552.301026,,-452.949005,,,,99.351997,-13.223,,13.223,,0.0,,0.0,86.128997,-30.503,55.625999,0.0,,,55.625997,0.0,55.625999,0.0,,55.625999,55.625999,,1384.887936,0.04,0.04,0.04,1384.887936,0.04,0.04,0.04,
05/02/1997,2400.753906,,,-1777.051025,,,623.702881,,-496.444,,,,127.259003,-17.286,,18.785,,0.0,,-1.499,109.973003,-39.59,70.383003,0.0,,,70.383003,0.0,70.383003,0.0,,70.383003,70.383003,,1387.624023,0.05,0.05,0.05,1387.624023,0.05,0.05,0.05,
08/01/1997,2808.085938,,,-2076.99292,,,731.093018,,-518.161011,,,,212.932007,-16.005001,,18.193001,,0.0,,-2.188,196.927006,-70.431,126.496002,0.0,,,126.496006,0.0,126.496002,0.0,,126.496002,126.496002,,1392.432007,0.09,0.09,0.09,1392.975952,0.09,0.09,0.09,
10/31/1997,2530.480957,,,-1859.594971,,,670.885986,,-518.981995,,,,151.904007,-15.046,,15.046,,0.0,,0.0,136.858007,-48.758999,88.098999,0.0,,,88.099009,0.0,88.098999,0.0,,88.098999,88.098999,,1397.560059,0.0625,0.0625,0.0625,1398.104004,0.0625,0.0625,0.0625,
01/30/1998,2397.569092,,,-1733.478027,,,664.091065,,-532.072021,,,,132.018997,-17.230001,,24.971001,,0.0,,-7.741,114.788996,-42.283001,72.505997,0.0,,,72.505995,0.0,72.505997,0.0,,72.505997,72.505997,,1399.255984,0.0525,0.0525,0.0525,1399.255984,0.0525,0.0525,0.0525,
05/01/1998,3149.779053,,,-2319.275879,,,830.503174,,-650.797974,,,,179.705002,-21.639,,27.423,-5.784,0.0,,0.0,158.066002,-57.339001,100.726997,0.0,,,100.727001,0.0,100.726997,0.0,,100.726997,100.726997,,1478.560056,0.0675,0.0675,0.0675,1497.232056,0.0675,0.0675,0.0675,
07/31/1998,3733.64209,,,-2743.764893,,,989.877197,,-687.461975,,,,302.415009,-18.809999,,26.712999,-7.903,0.0,,0.0,283.605009,-102.856003,180.748993,0.0,,,180.749006,0.0,180.748993,0.0,,180.748993,180.748993,,1482.447998,0.12,0.12,0.12,1502.667969,0.12,0.12,0.12,
10/30/1998,3278.298096,,,-2396.163086,,,882.13501,,-671.554993,,,,210.580002,-19.282,,25.355,-6.073,0.0,,0.0,191.298002,-69.405998,121.891998,0.0,,,121.892004,0.0,121.891998,0.0,,121.891998,121.891998,,1485.072021,0.0825,0.0825,0.0825,1504.088013,0.0825,0.0825,0.0825,
01/29/1999,2915.664062,,,-2096.331055,,,819.333008,,-631.280029,,,,188.052994,-19.801,,23.278,,0.0,,-3.477,168.251994,-62.040001,106.211998,0.0,,,106.211993,0.0,106.211998,0.0,,106.211998,106.211998,,1411.043945,0.075,0.075,0.075,1411.043945,0.075,0.075,0.075,
04/30/1999,3771.918945,,,-2764.829102,,,1007.089843,,-760.481018,,,,246.608994,-47.685,,31.261,-7.954,0.0,,24.378,198.923994,-73.966003,124.958,0.0,,,124.957991,0.0,124.958,0.0,,124.958,124.958,,1515.219972,0.0825,0.0825,0.0925,1528.004028,0.0825,0.0825,0.0925,
07/30/1999,4435.219238,,,-3247.933105,,,1187.286133,,-802.008972,,,,385.277008,-22.096,,31.917,-9.821,0.0,,0.0,363.181008,-132.960999,230.216995,0.0,,,230.22001,0.0,230.216995,0.0,,230.216995,230.216995,,1526.540039,0.15,0.15,0.15,1537.244019,0.15,0.15,0.15,
10/29/1999,3909.187988,,,-2819.638916,,,1089.549072,,-804.55603,,,,284.993011,-18.921,,30.513,-11.592,0.0,,0.0,266.072011,-97.384003,168.688004,0.0,,,168.688008,0.0,168.688004,0.0,,168.688004,168.688004,,1528.671997,0.11,0.11,0.11,1537.391968,0.11,0.11,0.11,
01/28/2000,3789.269043,,,-2692.612061,,,1096.656982,,-841.189026,,,,255.468002,-20.528,,20.528,-9.006,0.0,,9.006,234.940002,-86.008003,148.932007,0.0,,,148.931999,0.0,148.932007,0.0,,148.932007,148.932007,,1529.404053,0.0975,0.0975,0.0975,1539.088013,0.0975,0.0975,0.0975,
04/28/2000,4467.11377,,,-3218.998047,,,1248.115723,,-925.981018,,,,322.13501,-26.013,,30.923,-4.91,0.0,,0.0,296.122009,-108.973,187.149002,0.0,,,187.14901,0.0,187.149002,0.0,0.0,187.149002,187.149002,,1530.015991,0.1225,0.1225,0.1225,1539.187988,0.1225,0.1225,0.1225,
07/28/2000,5264.251953,,,-3812.225098,,,1452.026855,,-983.398987,,,,468.627991,-26.223999,,34.882999,-8.659,0.0,,0.0,442.403992,-162.804993,279.598999,0.0,,,279.598999,0.0,279.598999,0.0,0.0,279.598999,279.598999,,1530.916016,0.185,0.185,0.185,1537.47998,0.18,0.18,0.18,
10/27/2000,4504.141113,,,-3204.769043,,,1299.37207,,-951.268982,,,,348.102997,-28.020998,,34.252998,-6.232,0.0,,0.0,320.081998,-117.789001,202.292999,0.0,,,202.292997,0.0,202.292999,0.0,0.0,202.292999,202.292999,,1531.359985,0.13,0.13,0.13,1537.5,0.13,0.13,0.13,
02/02/2001,4543.051758,,,-3251.799072,,,1291.252686,,-1027.854004,,,,263.398987,-40.566999,,45.814999,-5.248,0.0,,0.0,222.831988,-82.001999,140.830002,0.0,,,140.829989,0.0,140.830002,0.0,,140.830002,140.830002,,1532.380004,0.0925,0.0925,0.0925,1538.411988,0.0925,0.0925,0.0925,
05/04/2001,5276.365,,,-3782.836,,,1493.529,,-1094.615,939.745,,154.87,398.914,-41.326,33.03,41.326,-8.296,,,8.296,357.588,-132.308,225.28,,,,225.28,,225.28,,,225.28,225.28,,1536.836,0.1475,0.1475,0.1475,1575.02,0.145,0.145,0.145,
08/03/2001,6126.726,,,-4409.018,,,1717.708,,-1152.747,999.706,,153.041,564.961,-42.614,35.331,42.614,-7.283,,,7.283,522.347,-193.264,329.083,,,,329.083,,329.083,,,329.083,329.083,,1543.334,0.215,0.215,0.215,1590.174,0.21,0.21,0.21,
11/02/2001,5454.534,,,-3863.645,,,1590.889,,-1149.856,973.036,,176.82,441.033,-43.419,38.651,43.419,-4.768,,,4.768,397.614,-147.117,250.497,,,,250.497,,250.497,,,250.497,250.497,,1546.702,0.16,0.16,0.16,1591.278,0.16,0.16,0.16,
02/01/2002,5253.484863,,,-3687.768066,,,1565.716797,,-1172.834961,,,,392.881989,-46.178,,50.485001,-4.306,0.0,,-0.001,346.703988,-128.300003,218.404007,0.0,,,218.403985,0.0,218.404007,0.0,0.0,218.404007,218.404007,,1549.91394,0.14,0.14,0.14,1598.540039,0.14,0.14,0.14,
05/03/2002,6471.0,,,-4548.0,,,1923.0,,-1323.0,,,,600.0,-47.0,,47.0,-4.226,0.0,,4.226,553.0,-207.0,346.0,0.0,,,346.0,0.0,346.0,0.0,0.0,346.0,346.0,,1554.0,0.225,0.225,0.225,1596.0,0.22,0.22,0.22,
08/02/2002,7487.662,,,-5285.624,,,2202.038,,-1409.593,1232.899,,176.694,792.445,-46.323,,46.323,,0.0,,0.0,746.122,-279.05,467.072,0.0,,,467.072,0.0,467.072,0.0,0.0,467.072,467.072,,1557.856,0.3,0.3,0.3,1600.022,0.295,0.295,0.295,
11/01/2002,6414.812,,,-4449.596,,,1965.216,,-1379.5,1192.67,,186.83,585.716,-43.839,,43.839,,0.0,,0.0,541.877,-202.663,339.214,0.0,,,339.214,0.0,339.214,0.0,0.0,339.214,339.214,,1561.06,0.22,0.22,0.22,1601.892,0.215,0.215,0.215,
01/31/2003,6037.0,,,-4119.0,,,1918.0,,-1359.0,,,,559.0,-45.0,,45.0,,0.0,,0.0,514.0,-197.0,317.0,-2.0,,,319.0,0.0,319.0,0.0,0.0,319.0,319.0,,1564.0,0.205,0.205,0.205,1602.0,0.2,0.2,0.2,
05/02/2003,7118.0,,,-4899.0,,,2219.0,,-1512.0,,,,707.0,-48.0,,48.0,,0.0,,0.0,659.0,-255.0,404.0,-2.0,,,406.0,0.0,406.0,0.0,0.0,406.0,406.0,,1566.0,0.26,0.26,0.26,1604.0,0.25,0.25,0.25,
08/01/2003,8666.0,,,-6040.0,,,2626.0,,-1633.0,,,,993.0,-45.0,,45.0,,0.0,,0.0,948.0,-360.0,588.0,-3.0,,,591.0,0.0,591.0,0.0,0.0,591.0,591.0,,1568.0,0.375,0.375,0.375,1608.0,0.365,0.365,0.365,
10/31/2003,7802.0,,,-5361.0,,,2441.0,,-1685.0,,,,756.0,-42.0,,42.0,,0.0,,0.0,714.0,-272.0,442.0,-4.0,,,446.0,0.0,446.0,0.0,0.0,446.0,446.0,,1572.0,0.285,0.28,0.28,1616.0,0.275,0.275,0.275,
01/30/2004,7252.0,,,-4931.0,,,2321.0,,-1653.0,,,,668.0,-45.0,,63.0,,0.0,,-18.0,623.0,-228.0,395.0,-6.0,,,401.0,,401.0,0.0,0.0,401.0,401.0,,1574.0,0.255,0.25,0.25,1638.0,0.245,0.24,0.24,
04/30/2004,8681.0,,,-5811.0,,,2870.0,,-2083.0,,,,787.0,-48.0,48.0,48.0,,0.0,,0.0,739.0,-284.0,455.0,0.0,,,455.0,0.0,455.0,0.0,0.0,455.0,455.0,,1572.0,0.29,0.29,0.29,1616.0,0.285,0.285,0.285,
07/30/2004,10169.0,,,-6780.0,,,3389.0,,-2201.0,,,,1188.0,-45.0,45.0,45.0,,0.0,,0.0,1143.0,-439.0,704.0,0.0,,,704.0,0.0,704.0,0.0,0.0,704.0,704.0,,1552.0,0.455,0.455,0.455,1592.0,0.445,0.445,0.445,
10/29/2004,9064.0,,,-6013.0,,,3051.0,,-2160.0,,,,891.0,-40.0,40.0,40.0,,0.0,,0.0,851.0,-329.0,522.0,0.0,,,522.0,0.0,522.0,0.0,0.0,522.0,522.0,,1544.0,0.34,0.34,0.34,1584.0,0.33,0.33,0.33,
01/28/2005,8550.001,,,-5561.0,,,2989.001,,-2125.0,,,,864.0,-43.0,,59.0,,0.0,,-16.0,821.0,-313.0,508.0,0.0,,,508.0,0.0,508.0,0.0,0.0,508.0,508.0,,1546.0,0.33,0.33,0.33,1610.0,0.32,0.32,0.32,
04/29/2005,9913.0,,,-6515.0,,,3398.0,,-2398.0,2136.0,,262.0,1000.0,-47.0,,47.0,,,,,953.0,-367.0,586.0,,,,586.0,,586.0,,,586.0,586.0,,1548.0,0.38,0.38,0.38,1610.0,0.365,0.365,0.365,
07/29/2005,11929.0,,,-7902.0,,,4027.0,,-2624.0,2363.0,,261.0,1403.0,-39.0,44.0,55.0,-11.0,,,-5.0,1364.0,-525.0,839.0,,,,839.0,,839.0,0.0,0.0,839.0,839.0,,3096.0,0.27,0.27,0.27,3210.0,0.26,0.26,0.26,
10/28/2005,10592.0,,,-7012.0,,,3580.0,,-2493.0,2212.0,,281.0,1087.0,-36.0,45.0,58.0,-13.0,,,-9.0,1051.0,-405.0,646.0,,,,646.0,,646.0,0.0,0.0,646.0,646.0,,3118.0,0.205,0.205,0.205,3216.0,0.2,0.2,0.2,
02/03/2006,10808.0,,,-7023.0,,,3785.0,,-2621.0,,,,1164.0,-36.0,,96.0,-21.0,0.0,,-39.0,1128.0,-435.0,693.0,0.0,,,693.0,0.0,693.0,0.0,0.0,693.0,693.0,,1563.0,0.44,0.44,0.44,1600.0,0.43,0.43,0.43,
05/05/2006,11921.0,,,-7752.0,,,4169.0,,-2766.0,2467.0,,299.0,1403.0,-35.0,40.0,53.0,-13.0,,,-5.0,1368.0,-527.0,841.0,,,,841.0,,841.0,,,841.0,841.0,,1556.0,0.54,0.54,0.54,1590.0,0.53,0.53,0.53,
08/04/2006,13389.0,,,-8911.0,,,4478.0,,-2928.0,2617.0,,311.0,1550.0,-30.0,38.0,53.0,-15.0,,,-8.0,1520.0,-585.0,935.0,,,,935.0,,935.0,0.0,0.0,935.0,935.0,,1541.0,0.61,0.61,0.61,1571.0,0.6,0.6,0.6,
11/03/2006,11211.0,,,-7346.0,,,3865.0,,-2661.0,2320.0,,341.0,1204.0,-45.0,55.0,64.0,-9.0,,,-10.0,1159.0,-443.0,716.0,,,,716.0,,716.0,0.0,0.0,716.0,716.0,,1522.0,0.47,0.47,0.47,1551.0,0.46,0.46,0.46,
02/02/2007,10406.0,,,-6719.0,,,3687.0,,-2692.0,,,,995.0,-43.0,,68.0,-14.0,0.0,,-11.0,952.0,-339.0,613.0,0.0,,,613.0,0.0,613.0,0.0,0.0,613.0,613.0,,1519.0,0.4,0.4,0.4,1549.0,0.4,0.4,0.4,
05/04/2007,12172.0,,,-7913.0,,,4259.0,0.0,-3020.0,2685.0,,335.0,1239.0,-47.0,51.0,62.0,-11.0,,,-4.0,1192.0,-453.0,739.0,,,,739.0,,739.0,,0.0,739.0,739.0,,1510.0,0.49,0.49,0.49,1540.0,0.48,0.48,0.48,
08/03/2007,14167.0,,,-9284.0,,,4883.0,,-3197.0,,,,1686.0,-50.0,54.0,67.0,-13.0,0.0,,-4.0,1636.0,-617.0,1019.0,0.0,,,1019.0,0.0,1019.0,0.0,0.0,1019.0,1019.0,,1490.0,0.68,0.68,0.68,1518.0,0.67,0.67,0.67,
11/02/2007,11565.0,,,-7601.0,,,3964.0,,-2884.0,,,,1080.0,-50.0,72.0,82.0,-10.0,0.0,,-22.0,1030.0,-387.0,643.0,0.0,,,643.0,0.0,643.0,0.0,0.0,643.0,643.0,,1470.0,0.44,0.44,0.44,1497.0,0.43,0.43,0.43,
02/01/2008,10379.0,,,-6759.0,,,3620.0,,-2920.0,2489.0,,431.0,700.0,-47.0,82.0,93.0,-11.0,0.0,,-35.0,653.0,-245.0,408.0,0.0,,,408.0,0.0,408.0,0.0,0.0,408.0,408.0,,1456.0,0.28,0.28,0.28,1482.0,0.28,0.28,0.28,
05/02/2008,12009.0,12009.0,,-7843.0,7843.0,375.0,4166.0,0.0,-3118.0,2725.0,,18.0,1048.0,-76.0,76.0,93.0,-17.0,,,0.0,972.0,-365.0,607.0,0.0,0.0,0.0,607.0,,607.0,0.0,0.0,607.0,607.0,0.0,1454.0,0.42,0.42,0.42,1480.0,0.41,0.41,0.41,
08/01/2008,14509.0,14509.0,,-9527.0,9527.0,381.0,4982.0,0.0,-3416.0,3014.0,,21.0,1566.0,-69.0,69.0,81.0,-12.0,,,0.0,1497.0,-559.0,938.0,0.0,0.0,0.0,938.0,,938.0,0.0,0.0,938.0,938.0,0.0,1455.0,0.64,0.64,0.64,1473.0,0.64,0.64,0.64,
10/31/2008,11728.0,11728.0,,-7743.0,7743.0,385.0,3985.0,0.0,-3142.0,2726.0,,31.0,843.0,-65.0,65.0,86.0,-21.0,,,0.0,778.0,-290.0,488.0,0.0,0.0,0.0,488.0,,488.0,0.0,0.0,488.0,488.0,0.0,1459.0,0.33,0.33,0.33,1464.0,0.33,0.33,0.33,
01/30/2009,9984.0,9984.0,,-6616.0,6616.0,397.0,3368.0,0.0,-3039.0,2610.0,,32.0,329.0,-70.0,70.0,89.0,-19.0,,,0.0,259.0,-97.0,162.0,0.0,0.0,0.0,162.0,0.0,162.0,0.0,0.0,162.0,162.0,0.0,1462.0,0.11,0.11,0.11,1466.0,0.11,0.11,0.11,
05/01/2009,11832.0,11832.0,,-7636.0,7636.0,401.0,4196.0,0.0,-3358.0,2944.0,,13.0,838.0,-78.0,78.0,87.0,-9.0,,,0.0,760.0,-284.0,476.0,0.0,0.0,0.0,476.0,,476.0,,0.0,476.0,479.25,3.25,1462.0,0.32,0.32,0.327804,1464.0,0.32,0.32,0.32222,
07/31/2009,13844.0,13844.0,,-9021.0,9021.0,408.0,4823.0,0.0,-3531.0,3109.0,,14.0,1292.0,-76.0,76.0,85.0,-9.0,,,0.0,1216.0,-457.0,759.0,0.0,0.0,0.0,759.0,,759.0,0.0,0.0,759.0,806.45,47.45,1464.0,0.51,0.51,0.550854,1466.0,0.51,0.51,0.542367,
10/30/2009,11375.0,11375.0,,-7485.0,7485.0,403.0,3890.0,0.0,-3285.0,2872.0,,10.0,605.0,-77.0,77.0,85.0,-8.0,,,0.0,528.0,-184.0,344.0,0.0,0.0,0.0,344.0,,344.0,0.0,0.0,344.0,390.54,46.54,1466.0,0.23,0.23,0.266398,1469.0,0.23,0.23,0.261681,
01/29/2010,10168.0,10168.0,,-6614.0,6614.0,401.0,3554.0,0.0,-3176.0,2763.0,0.0,12.0,378.0,-56.0,56.0,75.0,-19.0,,,0.0,322.0,-117.0,205.0,0.0,0.0,0.0,205.0,0.0,205.0,0.0,0.0,205.0,227.75,22.75,1455.0,0.14,0.14,0.156529,1458.0,0.14,0.14,0.155604,
04/30/2010,12388.0,12388.0,,-8030.0,8030.0,397.0,4358.0,0.0,-3490.0,3093.0,,0.0,868.0,-82.0,82.0,87.0,-5.0,,,0.0,786.0,-297.0,489.0,0.0,0.0,0.0,489.0,,489.0,,0.0,489.0,489.0,0.0,1438.0,0.34,0.34,0.34,1441.0,0.34,0.34,0.34,
07/30/2010,14361.0,14361.0,,-9355.0,9355.0,398.0,5006.0,0.0,-3587.0,3189.0,,0.0,1419.0,-84.0,84.0,91.0,-7.0,,,0.0,1335.0,-503.0,832.0,0.0,0.0,0.0,832.0,,832.0,0.0,0.0,832.0,838.5,6.5,1417.0,0.58,0.58,0.591743,1419.0,0.58,0.58,0.584581,
10/29/2010,11587.0,11587.0,,-7526.0,7526.0,399.0,4061.0,0.0,-3330.0,2931.0,,0.0,731.0,-80.0,80.0,88.0,-8.0,,,0.0,651.0,-247.0,404.0,0.0,0.0,0.0,404.0,,404.0,0.0,0.0,404.0,429.35,25.35,1390.0,0.29,0.29,0.308885,1392.0,0.29,0.29,0.308211,
01/28/2011,10480.0,10480.0,,-6754.0,6754.0,392.0,3726.0,0.0,-3184.0,2792.0,0.0,0.0,542.0,-86.0,86.0,88.0,-2.0,0.0,0.0,0.0,456.0,-171.0,285.0,0.0,0.0,0.0,285.0,0.0,285.0,0.0,0.0,285.0,298.65,13.65,1358.0,0.209867,0.209867,0.219919,1361.0,0.209405,0.209405,0.219434,
04/29/2011,12185.0,12185.0,,-7866.0,7866.0,371.0,4319.0,0.0,-3491.0,3120.0,,0.0,828.0,-88.0,88.0,94.0,-6.0,,,0.0,740.0,-279.0,461.0,0.0,0.0,0.0,461.0,,461.0,0.0,0.0,461.0,461.0,0.0,1324.0,0.35,0.35,0.35,1328.0,0.34,0.34,0.34,
07/29/2011,14543.0,14543.0,,-9527.0,9527.0,365.0,5016.0,0.0,-3597.0,3232.0,,0.0,1419.0,-90.0,90.0,95.0,-5.0,,,0.0,1329.0,-499.0,830.0,0.0,0.0,0.0,830.0,,830.0,0.0,0.0,830.0,883.95,53.95,1275.0,0.65,0.65,0.693294,1278.0,0.64,0.64,0.682214,
10/28/2011,11852.0,11852.0,,-7815.0,7815.0,361.0,4037.0,0.0,-3594.0,3233.0,,0.0,443.0,-91.0,91.0,97.0,-6.0,,,0.0,352.0,-127.0,225.0,0.0,0.0,0.0,225.0,,225.0,,0.0,225.0,394.65,169.65,1250.0,0.18,0.18,0.31572,1252.0,0.18,0.18,0.315503,
02/03/2012,11629.0,11629.0,,-7650.0,7650.0,383.0,3979.0,0.0,-3392.0,3009.0,,0.0,587.0,-102.0,102.0,107.0,-5.0,,,0.0,485.0,-163.0,322.0,0.0,0.0,0.0,322.0,0.0,322.0,0.0,0.0,322.0,350.6,28.6,1239.0,0.26,0.26,0.28297,1241.0,0.26,0.26,0.28297,
05/04/2012,13153.0,13153.0,,-8589.0,8589.0,370.0,4564.0,0.0,-3611.0,3241.0,,0.0,953.0,-103.0,103.0,109.0,-6.0,,,0.0,850.0,-323.0,527.0,0.0,0.0,0.0,527.0,,527.0,0.0,0.0,527.0,539.08,12.08,1206.0,0.43,0.43,0.446998,1208.0,0.43,0.43,0.44,
08/03/2012,14249.0,14249.0,,-9415.0,9415.0,369.0,4834.0,0.0,-3541.0,3172.0,,0.0,1293.0,-96.0,96.0,122.0,-26.0,,,0.0,1197.0,-450.0,747.0,0.0,0.0,0.0,747.0,,747.0,0.0,-5.0,742.0,753.59,11.59,1157.0,0.64,0.64,0.651331,1159.0,0.64,0.64,0.65,
11/02/2012,12073.0,12073.0,,-7930.0,7930.0,371.0,4143.0,0.0,-3394.0,3023.0,,0.0,749.0,-114.0,114.0,117.0,-3.0,,,0.0,635.0,-239.0,396.0,0.0,0.0,0.0,396.0,,396.0,0.0,-3.0,393.0,449.4,56.4,1126.0,0.35,0.35,0.399112,1128.0,0.35,0.35,0.399112,
02/01/2013,11046.0,11046.0,,-7261.0,7261.0,412.0,3785.0,0.0,-3221.0,2809.0,,0.0,564.0,-109.0,109.0,113.0,-4.0,,,0.0,455.0,-167.0,288.0,0.0,0.0,0.0,288.0,0.0,288.0,0.0,0.0,288.0,288.0,0.0,1109.0,0.26,0.26,0.26,1112.0,0.26,0.26,0.26,
05/03/2013,13088.0,13088.0,,-8533.0,8533.0,352.0,4555.0,0.0,-3574.0,3222.0,,0.0,981.0,-113.0,113.0,115.0,-2.0,,,0.0,868.0,-328.0,540.0,0.0,0.0,0.0,540.0,,540.0,0.0,-3.0,537.0,537.0,0.0,1088.0,0.49,0.49,0.49,1090.0,0.49,0.49,0.49,
08/02/2013,15711.0,15711.0,,-10314.0,10314.0,367.0,5397.0,0.0,-3781.0,3414.0,,0.0,1616.0,-110.0,110.0,114.0,-4.0,,,0.0,1506.0,-565.0,941.0,0.0,0.0,0.0,941.0,,941.0,0.0,-6.0,935.0,938.25,3.25,1067.0,0.88,0.88,0.879335,1068.0,0.88,0.88,0.879335,
11/01/2013,12957.0,12957.0,,-8476.0,8476.0,373.0,4481.0,0.0,-3557.0,3184.0,,0.0,924.0,-125.0,125.0,127.0,-2.0,,,0.0,799.0,-300.0,499.0,0.0,0.0,0.0,499.0,,499.0,0.0,-4.0,495.0,500.85,5.85,1047.0,0.47,0.47,0.478367,1049.0,0.47,0.47,0.475577,
01/31/2014,11660.0,11660.0,,-7618.0,7618.0,370.0,4042.0,0.0,-3415.0,3045.0,0.0,0.0,627.0,-128.0,128.0,128.0,0.0,,,0.0,499.0,-193.0,306.0,0.0,0.0,0.0,306.0,0.0,306.0,0.0,0.0,306.0,326.74,20.74,1035.0,0.29,0.29,0.315691,1037.0,0.29,0.29,0.31,
05/02/2014,13403.0,13403.0,,-8645.0,8645.0,373.0,4758.0,0.0,-3692.0,3319.0,,0.0,1066.0,-124.0,124.0,125.0,-1.0,,,0.0,942.0,-318.0,624.0,0.0,0.0,0.0,624.0,0.0,624.0,0.0,-4.0,620.0,634.95,14.95,1015.0,0.61,0.61,0.625567,1017.0,0.61,0.61,0.6247,
08/01/2014,16599.0,16599.0,,-10864.0,10864.0,375.0,5735.0,0.0,-3916.0,3541.0,,0.0,1819.0,-126.0,126.0,127.0,-1.0,,,0.0,1693.0,-654.0,1039.0,0.0,0.0,0.0,1039.0,,1039.0,0.0,0.0,1039.0,1039.0,0.0,995.0,1.04,1.04,1.04,996.0,1.04,1.04,1.04,
10/31/2014,13681.0,13681.0,,-8963.0,8963.0,375.0,4718.0,0.0,-3630.0,3255.0,,0.0,1088.0,-134.0,134.0,135.0,-1.0,,,0.0,954.0,-369.0,585.0,0.0,0.0,0.0,585.0,0.0,585.0,0.0,-3.0,582.0,578.75,-3.25,978.0,0.59,0.59,0.591769,980.0,0.59,0.59,0.586684,
01/30/2015,12540.0,12540.0,,-8194.0,8194.0,362.0,4346.0,0.0,-3527.0,3165.0,,0.0,819.0,-132.0,132.0,136.0,-4.0,,,0.0,687.0,-237.0,450.0,0.0,0.0,0.0,450.0,0.0,450.0,0.0,-3.0,447.0,463.25,16.25,964.0,0.46,0.46,0.48055,967.0,0.46,0.46,0.476805,
05/01/2015,14129.0,14129.0,,-9117.0,9117.0,365.0,5012.0,0.0,-3780.0,3415.0,,0.0,1232.0,-134.0,134.0,135.0,-1.0,,,0.0,1098.0,-425.0,673.0,0.0,0.0,0.0,673.0,0.0,673.0,0.0,-3.0,670.0,677.8,7.8,950.0,0.7,0.7,0.713474,952.0,0.7,0.7,0.708193,
07/31/2015,17348.0,17348.0,,-11367.0,11367.0,375.0,5981.0,0.0,-4009.0,3634.0,,0.0,1972.0,-133.0,133.0,135.0,-2.0,,,0.0,1839.0,-713.0,1126.0,0.0,0.0,0.0,1126.0,0.0,1126.0,0.0,-5.0,1121.0,1129.45,8.45,931.0,1.2,1.2,1.213158,933.0,1.2,1.2,1.209057,
10/30/2015,14360.0,14360.0,,-9370.0,9370.0,375.0,4990.0,0.0,-3662.0,3287.0,,0.0,1328.0,-141.0,141.0,144.0,-3.0,,,0.0,1187.0,-451.0,736.0,0.0,0.0,0.0,736.0,0.0,736.0,0.0,-3.0,733.0,734.3,1.3,918.0,0.8,0.8,0.799891,921.0,0.8,0.8,0.799891,
01/29/2016,13236.0,13236.0,,-8648.0,8648.0,369.0,4588.0,0.0,-4149.0,3780.0,,0.0,439.0,-144.0,144.0,146.0,-2.0,,,0.0,295.0,-284.0,11.0,0.0,0.0,0.0,11.0,0.0,11.0,0.0,0.0,11.0,550.1,539.1,910.0,0.01,0.01,0.604505,912.0,0.01,0.01,0.601118,
04/29/2016,15234.0,15234.0,,-9897.0,9897.0,357.0,5337.0,0.0,-3751.0,3394.0,,0.0,1586.0,-156.0,156.0,159.0,-3.0,,,0.0,1430.0,-546.0,884.0,0.0,0.0,0.0,884.0,0.0,884.0,0.0,0.0,884.0,792.26,-91.74,897.0,0.98,0.98,0.883233,899.0,0.98,0.98,0.877953,
07/29/2016,18260.0,18260.0,,-11972.0,11972.0,366.0,6288.0,0.0,-4237.0,3871.0,,0.0,2051.0,-166.0,166.0,171.0,-5.0,,,0.0,1885.0,-718.0,1167.0,0.0,0.0,0.0,1167.0,,1167.0,0.0,-5.0,1162.0,1174.8,12.8,883.0,1.32,1.32,1.330464,885.0,1.31,1.31,1.324463,
10/28/2016,15739.0,15739.0,,-10332.0,10332.0,384.0,5407.0,0.0,-4468.0,4084.0,,0.0,939.0,-163.0,163.0,167.0,-4.0,,,0.0,776.0,-397.0,379.0,0.0,0.0,0.0,379.0,,379.0,0.0,0.0,379.0,718.77,339.77,873.0,0.43,0.43,0.823333,874.0,0.43,0.43,0.818753,
02/03/2017,15784.0,15784.0,,-11142.0,11142.0,338.0,4642.0,0.0,-3373.0,3035.0,,0.0,1269.0,-159.0,159.0,163.0,-4.0,,,0.0,1110.0,-447.0,663.0,0.0,0.0,0.0,663.0,0.0,663.0,0.0,-29.0,634.0,642.45,8.45,866.0,0.732102,0.732102,0.741859,866.0,0.732102,0.732102,0.741859,
05/05/2017,16860.0,16860.0,,-11060.0,11060.0,365.0,5800.0,0.0,-4241.0,3876.0,,0.0,1559.0,-625.0,161.0,165.0,-4.0,,,464.0,934.0,-332.0,602.0,0.0,0.0,0.0,602.0,0.0,602.0,0.0,0.0,602.0,892.29,290.29,857.0,0.7,0.7,1.041179,858.0,0.7,0.7,1.038333,
08/04/2017,19495.0,19495.0,,-12825.0,12825.0,357.0,6670.0,0.0,-4288.0,3931.0,,0.0,2382.0,-159.0,159.0,166.0,-7.0,,,0.0,2223.0,-804.0,1419.0,0.0,0.0,0.0,1419.0,0.0,1419.0,0.0,-6.0,1413.0,1321.68,-91.32,841.0,1.68,1.68,1.571558,842.0,1.68,1.68,1.571544,
11/03/2017,16770.0,16770.0,,-11057.0,11057.0,358.0,5713.0,0.0,-4166.0,3808.0,,0.0,1547.0,-160.0,160.0,164.0,-4.0,,,0.0,1387.0,-515.0,872.0,0.0,0.0,0.0,872.0,0.0,872.0,0.0,-2.0,870.0,875.2,5.2,831.0,1.05,1.05,1.053189,832.0,1.05,1.05,1.053189,
02/02/2018,15494.0,15494.0,,-10530.0,10530.0,356.0,4964.0,0.0,-3866.0,3510.0,,0.0,1098.0,-154.0,154.0,165.0,-11.0,0.0,,0.0,944.0,-390.0,554.0,0.0,0.0,0.0,554.0,0.0,554.0,0.0,0.0,554.0,625.2673,71.2673,828.0,0.67,0.67,0.755154,829.0,0.67,0.67,0.755154,
05/04/2018,17360.0,17360.0,,-11612.0,11612.0,349.0,5748.0,0.0,-4283.0,3934.0,,0.0,1465.0,-160.0,160.0,164.0,-4.0,,,0.0,1305.0,-317.0,988.0,0.0,0.0,0.0,988.0,0.0,988.0,0.0,-3.0,985.0,989.74,4.74,825.0,1.19,1.19,1.199685,826.0,1.19,1.19,1.195738,
08/03/2018,20888.0,20888.0,,-14003.0,14003.0,336.0,6885.0,0.0,-4722.0,4386.0,,0.0,2163.0,-153.0,153.0,163.0,-10.0,,,0.0,2010.0,-490.0,1520.0,0.0,0.0,0.0,1520.0,0.0,1520.0,0.0,-5.0,1515.0,1716.45,201.45,813.0,1.86,1.86,2.111255,814.0,1.86,1.86,2.107482,
11/02/2018,17415.0,17415.0,,-12038.0,12038.0,423.0,5377.0,0.0,-4420.0,3997.0,,0.0,957.0,-153.0,153.0,162.0,-9.0,,,0.0,804.0,-175.0,629.0,0.0,0.0,0.0,629.0,0.0,629.0,0.0,-1.0,628.0,947.63,319.63,806.0,0.78,0.78,1.17572,807.0,0.78,0.78,1.17572,
02/01/2019,15647.0,15647.0,,-10749.0,10749.0,368.0,4898.0,0.0,-5465.0,5097.0,,0.0,-567.0,-158.0,158.0,168.0,-10.0,0.0,,0.0,-725.0,-99.0,-824.0,0.0,0.0,0.0,-824.0,0.0,-824.0,0.0,0.0,-824.0,803.45,1627.45,801.0,-1.03,-1.03,1.003059,801.0,-1.03,-1.03,1.001773,
05/03/2019,17741.0,17454.0,287.0,-12160.0,12160.0,302.0,5581.0,0.0,-4164.0,3862.0,,0.0,1417.0,-162.0,162.0,169.0,-7.0,,,0.0,1255.0,-209.0,1046.0,0.0,0.0,0.0,1046.0,0.0,1046.0,0.0,-3.0,1043.0,971.42,-71.58,796.0,1.31,1.31,1.220377,797.0,1.31,1.31,1.220188,
08/02/2019,20992.0,20992.0,,-14252.0,14238.0,311.0,6740.0,0.0,-4359.0,4048.0,,0.0,2381.0,-169.0,169.0,182.0,-13.0,,,0.0,2212.0,-536.0,1676.0,0.0,0.0,0.0,1676.0,0.0,1676.0,0.0,-6.0,1670.0,1712.6,42.6,781.0,2.14,2.14,2.19283,781.0,2.14,2.14,2.19283,
11/01/2019,17388.0,17388.0,,-11748.0,11748.0,310.0,5640.0,0.0,-4082.0,3772.0,,0.0,1558.0,-177.0,177.0,182.0,-5.0,,,0.0,1381.0,-332.0,1049.0,0.0,0.0,0.0,1049.0,0.0,1049.0,0.0,-3.0,1046.0,1169.82,123.82,769.0,1.36,1.36,1.521222,770.0,1.36,1.36,1.520805,
01/31/2020,16027.0,16027.0,,-11046.0,11046.0,338.0,4981.0,0.0,-4023.0,3685.0,,0.0,958.0,-183.0,183.0,185.0,-2.0,0.0,,0.0,775.0,-266.0,509.0,0.0,0.0,0.0,509.0,0.0,509.0,0.0,0.0,509.0,767.88,258.88,763.0,0.67,0.67,1.006396,764.0,0.66,0.66,0.998848,
05/01/2020,19675.0,19419.0,256.0,-13162.0,13162.0,326.0,6513.0,0.0,-4522.0,4196.0,,0.0,1991.0,-205.0,205.0,210.0,-5.0,,,0.0,1786.0,-449.0,1337.0,0.0,0.0,0.0,1337.0,0.0,1337.0,0.0,-4.0,1333.0,1353.99,20.99,755.0,1.76,1.76,1.793364,756.0,1.76,1.76,1.787765,
07/31/2020,27302.0,27302.0,,-17998.0,17998.0,327.0,9304.0,0.0,-5347.0,5020.0,,0.0,3957.0,-219.0,219.0,227.0,-8.0,,,0.0,3738.0,-910.0,2828.0,0.0,0.0,0.0,2828.0,0.0,2828.0,0.0,-12.0,2816.0,2873.3,57.3,752.0,3.74,3.74,3.820878,753.0,3.74,3.74,3.816096,
10/31/2020,20054.222,,,,,,6590.61951808,,,,,,2015.833,,,,,,,,1833.667,,1336.696,,,,,,1336.696,,,1336.696,1336.696,,,1.802,1.802,1.802,,1.802,1.802,1.802,
01/31/2021,17377.741,,,,,,5578.77619323,,,,,,1311.333,,,,,,,,1122.05,,842.652,,,,,,842.652,,,842.652,842.652,,,1.111,1.111,1.111,,1.111,1.111,1.111,
