Date,Revenue,Sales & Services Revenue,Cost of Revenue,Cost of Goods & Services,Gross Profit,Other Operating Income,Operating Expenses,"Selling, General & Admin",Research & Development,Other Operating Expense,Operating Income (Loss),Non-Operating (Income) Loss,"Interest Expense, Net",Interest Expense,Interest Income,Foreign Exch (Gain) Loss,Other Non-Op (Income) Loss,Pretax Income,Income Tax Expense (Benefit),Income (Loss) from Cont Ops,Net Extraordinary Losses (Gains),Discontinued Operations,XO & Accounting Changes,Income (Loss) Incl. MI,Minority Interest,"Net Income, GAAP",Preferred Dividends,Other Adjustments,"Net Income Avail to Common, GAAP","Net Income Avail to Common, Adj",Net Abnormal Losses (Gains),Basic Weighted Avg Shares,"Basic EPS, GAAP",Basic EPS from Cont Ops,"Basic EPS from Cont Ops, Adjusted",Diluted Weighted Avg Shares,"Diluted EPS, GAAP",Diluted EPS from Cont Ops,"Diluted EPS from Cont Ops, Adjusted",Source: Bloomberg
12/30/1989,138.373993,,,,,,,,,,,,,,,,,,,,,,,,,-1.661,,,-1.661,-1.661,,164.764008,-0.01,-0.01,,164.764008,-0.01,-0.01,-0.01,
04/01/1990,139.072006,,-98.870003,,40.202003,,-37.953999,,,,2.248,-1.886,,4.798,,0.0,-2.912,0.362,-0.144,0.218,-0.955,,,1.173,0.923,2.096,0.0,,2.096,2.096,,165.563995,0.0125,0.0075,,165.563995,0.0125,0.0075,0.0075,
07/01/1990,159.697998,,-104.845001,,54.852997,,-43.478001,,,,11.375,-2.145,,4.997,,0.0,-2.852,9.23,-3.697,5.533,0.0,,,5.533,0.67,6.203,0.0,,6.203,6.203,,170.315994,0.0375,0.0375,,170.315994,0.0375,0.0375,0.0375,
09/30/1990,172.470993,,-112.611,,59.859993,,-45.396999,,,,14.463,-2.237,,5.379,,0.0,-3.142,12.226,-7.035,5.191,0.0,,,5.191,-1.002,4.189,0.0,,4.189,4.189,,170.475998,0.025,0.025,,170.475998,0.025,0.025,0.025,
12/30/1990,184.25,,-171.432999,,12.817001,,-50.685001,,,,-37.868,-2.471,,6.082,,0.0,-3.611,-40.339,-0.809,-41.147999,0.0,,,-41.148,-1.656,-42.804001,0.0,,-42.804001,-42.804001,,168.252,-0.255,-0.255,-0.255,168.252,-0.255,-0.255,-0.255,
03/31/1991,180.242996,,-121.455002,,58.787994,,-52.317001,,,,6.471,-0.963,,5.51,,0.0,-4.547,5.508,-2.754,2.754,0.0,,,2.754,-0.615,2.139,0.0,,2.139,2.139,,169.800003,0.0125,0.0125,,169.800003,0.0125,0.0125,0.0125,
06/30/1991,180.960999,,-114.232002,,66.728996,,-56.032001,,,,10.697,-1.14,,5.16,,0.0,-4.02,9.557,-4.778,4.779,0.0,,,4.779,-0.32,4.459,0.0,,4.459,4.459,,175.264008,0.025,0.025,,175.264008,0.025,0.025,0.025,
09/29/1991,172.352005,,-113.331001,,59.021004,,-54.810001,,,,4.211,-2.845,,4.933,,0.0,-2.088,1.366,-0.683,0.683,0.0,,,0.683,0.121,0.804,0.0,,0.804,0.804,,172.951996,0.005,0.005,,172.951996,0.005,0.005,0.005,
12/29/1991,164.281998,,-114.300003,,49.981995,,-54.453999,,,,-4.472,0.299,,3.768,,0.0,-4.067,-4.173,2.086,-2.087,0.0,,,-2.087,3.026,0.939,0.0,,0.939,0.939,,173.503996,0.005,0.005,0.005,173.503996,0.005,0.005,0.005,
03/29/1992,150.520996,,-95.803001,,54.717995,,-52.877998,,,,1.84,-0.433,,2.944,,0.0,-2.511,1.407,-0.631,0.776,0.0,,,0.776,-0.467,0.309,0.0,,0.309,0.309,,178.279999,0.0025,0.0025,,178.279999,0.0025,0.0025,0.0025,
06/28/1992,151.835999,,-105.766998,,46.069,,-54.622002,,,,-8.553,2.234,,3.132,,0.0,-5.366,-6.319,1.264,-5.055,0.0,,,-5.055,-0.799,-5.854,0.0,,-5.854,-5.854,,177.800003,-0.0325,-0.0325,,177.800003,-0.0325,-0.0325,-0.0325,
09/27/1992,153.962006,,-104.651001,,49.311005,,-52.240002,,,,-2.929,-103.040999,,3.234,,0.0,99.806999,-105.969999,-5.299,-111.268997,0.0,,,-111.268999,-0.09,-111.359001,0.0,,-111.359001,-111.359001,,177.815994,-0.6275,-0.6275,,177.815994,-0.6275,-0.6275,-0.6275,
12/31/1992,161.149002,,-102.097,,59.052002,,-48.339001,,,,10.713,0.301,,2.257,,0.0,-2.558,11.014,-3.855,7.159,0.0,,,7.159,-0.463,6.696,0.0,,6.696,6.696,,183.472,0.0375,0.0375,0.0375,183.472,0.0375,0.0375,0.0375,
03/31/1993,168.929001,,-103.919998,,65.009003,,-48.205002,,,,16.804001,-0.478,,2.173,,0.0,-1.695,16.326001,-4.898,11.428,0.0,,,11.428001,-0.813,10.615,0.0,,10.615,10.615,,189.807999,0.055,0.055,,189.807999,0.055,0.055,0.055,
06/30/1993,177.080002,,-108.246002,,68.834,,-48.415001,,,,20.419001,0.128,,2.384,,0.0,-2.512,20.547001,-6.164,14.383,0.0,,,14.383001,-1.313,13.07,0.0,,13.07,13.07,,195.496002,0.0675,0.0675,,195.496002,0.0675,0.0675,0.0675,
09/30/1993,183.761002,,-112.000999,,71.760002,,-49.043999,,,,22.716,-0.72,,2.538,,0.0,-1.818,21.995999,-6.599,15.397,0.0,,,15.396999,-1.022,14.375,0.0,,14.375,14.375,,200.996002,0.0725,0.0725,,200.996002,0.0725,0.0725,0.0725,
12/31/1993,189.042007,,-114.356003,,74.686004,,-50.783001,,,,23.903,-2.051,,2.526,,0.0,-0.475,21.852,-6.56,15.292,0.0,,,15.292,0.398,15.69,0.0,,15.69,15.69,,203.744004,0.0775,0.0775,0.0775,203.744004,0.0775,0.0775,0.0775,
03/31/1994,193.811996,,-115.387001,,78.424995,,-52.598,,,,25.827,1.01,,3.788,,0.0,-4.798,26.836999,-7.514,19.323,0.0,,,19.322999,0.032,19.355,0.0,,19.355,19.355,,206.524002,0.0925,0.0925,,206.524002,0.0925,0.0925,0.0925,
06/30/1994,212.106003,,-123.336998,,88.769005,,-53.569,,,,35.200001,-1.538,,5.665,,0.0,-4.127,33.662001,-9.425,24.237,0.0,,,24.237,-0.799,23.438,0.0,,23.438,23.438,,212.447998,0.11,0.11,,212.447998,0.11,0.11,0.11,
09/30/1994,240.218002,,-138.218994,,101.999008,,-57.479,,,,44.52,-1.559,,4.822,,0.0,-3.263,42.961,-12.028,30.933001,0.0,,,30.933001,-1.465,29.468,0.0,,29.468,29.468,,225.576004,0.13,0.13,,225.576004,0.13,0.13,0.13,
12/31/1994,255.694,,-143.207001,,112.486999,,-60.268002,,,,52.219002,0.49,,4.18,,0.0,-4.67,52.709002,-14.712,37.997002,0.0,,,37.997002,-1.515,36.481998,0.0,,36.481998,36.481998,,235.404008,0.155,0.155,0.155,235.404008,0.155,0.155,0.155,
03/31/1995,280.15799,,-153.399002,,126.758987,,-63.713001,,,,63.046001,1.298,,4.183,,0.0,-5.481,64.344001,-18.016001,46.327999,0.0,,,46.328001,-1.068,45.259998,0.0,,45.259998,45.259998,,241.539993,0.185,0.185,0.185,241.539993,0.185,0.185,0.185,
06/30/1995,307.06601,,-162.304993,,144.761017,,-68.125999,,,,76.635002,3.123,,4.117,,0.0,-7.24,79.758002,-22.333,57.424999,0.0,,,57.425002,-1.68,55.744999,0.0,,55.744999,55.744999,,251.710007,0.22,0.22,0.22,251.710007,0.22,0.22,0.22,
10/01/1995,330.832001,,-170.800995,,160.031006,,-73.587997,,,,86.443001,4.89,,4.379,,0.0,-9.269,91.333001,-25.573999,65.759003,0.0,,,65.759001,-0.217,65.542,0.0,,65.542,65.542,,264.246002,0.25,0.25,0.25,264.246002,0.25,0.25,0.25,
12/31/1995,349.601013,,-179.167999,,170.433014,,-77.858002,,,,92.574997,6.933,,3.67,,0.0,-10.603,99.507997,-27.858,71.650002,0.0,,,71.649997,-0.077,71.572998,0.0,,71.572998,71.572998,,265.859986,0.27,0.27,0.27,265.859986,0.27,0.27,0.27,
03/31/1996,311.35199,,-176.848999,,134.502991,,-82.129997,,,,52.373001,6.568,,3.208,,0.0,-9.776,58.941001,-16.507999,42.432999,0.0,,,42.433002,-0.149,42.284,0.0,,42.284,42.284,,263.548004,0.16,0.16,0.16,287.018005,0.155,0.155,0.155,
06/30/1996,325.359009,,-176.453995,,148.905014,,-86.869003,,,,62.035999,2.779,,3.386,,0.0,-6.165,64.814999,-18.15,46.665001,0.0,,,46.665,-0.169,46.495998,0.0,,46.495998,46.495998,,263.247986,0.175,0.175,0.175,286.717987,0.17,0.17,0.17,
09/30/1996,300.195007,,-175.074005,,125.121002,,-89.299004,,,,35.821999,2.812,,3.647,,0.0,-6.459,38.633999,-10.811,27.823,0.0,,,27.822999,-0.08,27.743,0.0,,27.743,27.743,,260.447998,0.105,0.105,0.105,284.200012,0.105,0.105,0.105,
12/29/1996,301.787994,,-166.625,,135.162994,,-92.976997,,,,42.186001,0.539,,3.369,,0.0,-3.908,42.725001,-11.963,30.761999,0.0,,,30.762001,-0.101,30.660999,0.0,,30.660999,30.660999,,262.447998,0.12,0.12,0.12,285.921997,0.115,0.115,0.115,
03/31/1997,308.388,,-164.119995,,144.268005,,-95.442001,,,,48.826,4.59,,1.497,,0.0,-6.087,53.416,-15.009,38.407001,0.0,,,38.407,0.0,38.407001,0.0,,38.407001,38.407001,,265.578002,0.145,0.145,0.145,287.865998,0.14,0.14,0.14,
06/30/1997,332.003998,,-168.998993,,163.005005,,-107.342003,,,,55.662998,7.993,,,,0.0,-7.993,63.655998,-17.857,45.799,0.0,,,45.798998,0.0,45.799,0.0,,45.799,45.799,,283.466004,0.16,0.16,0.16,289.996002,0.16,0.16,0.16,
09/30/1997,326.846985,,-163.729004,,163.117981,,-106.781998,,,,56.335999,5.289,,,,0.0,-5.289,61.624999,-17.306999,44.318001,0.0,,,44.318,0.0,44.318001,0.0,,44.318001,44.318001,,283.653992,0.155,0.155,0.165,289.011994,0.155,0.155,0.165,
12/29/1997,323.036011,,-178.304993,,144.731018,,-107.333,,,,37.397999,8.068,,0.0,,0.0,-8.068,45.465999,-12.575,32.890999,1.44,,,31.450999,-0.727,30.724001,0.0,,30.724001,30.724001,,281.503998,0.11,0.115,0.115,285.052002,0.11,0.115,0.115,
03/29/1998,324.85,,-183.106,,141.744,,-107.594,,,,34.15,6.46,-6.46,,,0.0,0.0,40.61,-10.167,30.443,0.0,,,30.443,0.0,30.443,0.0,,30.443,30.443,,280.484,0.11,0.11,0.11,283.18,0.11,0.11,0.11,
06/30/1998,336.272003,,-179.843994,,156.428009,,-119.733002,,,,36.695,5.375,,0.095,,0.0,-5.47,42.07,-10.691,31.379,0.0,,,31.379,0.0,31.379,0.0,,31.379,31.379,,286.335998,0.11,0.11,0.11,289.437988,0.11,0.11,0.11,
09/27/1998,396.871002,,-225.399994,,171.471008,,-140.447006,,,,31.024,-257.660995,,6.028,,0.0,251.632996,-226.636995,14.607,-212.029999,0.0,,,-212.029995,0.0,-212.029999,0.0,,-212.029999,-212.029999,,286.317993,-0.74,-0.74,0.08,286.317993,-0.74,-0.74,0.08,
12/29/1998,451.018005,,-291.806,,159.212005,,-145.705994,,,,13.506,-0.059,,2.662,,0.0,-2.603,13.447,-3.622,9.825,0.0,,,9.825,-0.068,9.757,0.0,,9.757,9.757,,287.414002,0.035,0.035,0.025,288.921998,0.035,0.035,0.025,
03/28/1999,456.837,,-297.066,,159.771,,-146.945,,,,12.826,-6.324,10.485,10.485,,0.0,-4.161,6.502,-1.63,4.872,91.774,,,-86.902,0.0,-86.902,0.0,0.0,-86.902,-86.902,6.51,288.287994,-0.305,0.015,0.04,294.562012,-0.3,0.015,0.04,
06/27/1999,501.011993,,-314.39801,,186.613983,,-149.643997,,,,36.970001,-19.609,,9.62,,0.0,9.989,17.361001,-7.53,9.831,0.0,,,9.831001,0.0,9.831,0.0,,9.831,9.831,,291.243988,0.035,0.035,0.105,303.894012,0.03,0.03,0.105,
09/30/1999,539.958984,,-325.785004,,214.17398,,-150.526001,,,,63.647999,5.536,,9.404,,0.0,-14.94,69.183999,-17.26,51.924,0.0,,,51.923999,0.0,51.924,0.0,,51.924,51.924,,293.533996,0.175,0.175,0.18,332.941986,0.165,0.165,0.17,
12/31/1999,584.856018,,-344.769989,,240.086029,,-140.666,,,,99.419998,32.611998,,10.384,,0.0,-42.995998,132.031996,-38.610001,93.421997,0.0,,,93.421995,-0.239,93.182999,0.0,,93.182999,93.182999,,298.15799,0.315,0.315,0.255,337.317994,0.285,0.285,0.235,
04/02/2000,615.185974,,-365.5,,249.685974,,-162.304993,,,,87.380997,27.627,,10.893,,0.0,-38.52,115.007997,-28.764999,86.242996,0.0,,,86.242998,0.0,86.242996,0.0,0.0,86.242996,86.242996,,302.682007,0.28,0.28,0.29,349.158997,0.25,0.25,0.26,
07/02/2000,644.328003,,-367.977997,,276.350006,,-175.699997,,,,100.650002,0.165,,10.323,,0.0,-10.488,100.815002,-30.239,70.575996,0.0,,,70.576002,0.0,70.575996,0.0,0.0,70.575996,70.575996,,308.274994,0.23,0.23,0.32,353.119995,0.21,0.21,0.29,
10/01/2000,727.578003,,-412.808014,,314.769989,,-221.923996,,,,92.846001,-30.312999,-8.533,10.176,-18.709,0.0,38.845999,62.533002,-44.437,18.096001,0.0,,,18.096002,0.0,18.096001,0.0,0.0,18.096001,18.096001,95.982998,314.037994,0.06,0.06,0.36,355.731995,0.06,0.06,0.33,
12/31/2000,750.575012,,-422.04599,,328.529022,,-239.729996,,,,88.799004,12.594999,,10.181,-14.23,0.0,-8.546,101.394003,-39.518002,61.875999,0.0,,,61.876001,-0.191,61.685001,0.0,0.0,61.685001,61.685001,,317.976013,0.19,0.19,0.37,353.40799,0.18,0.18,0.34,
04/01/2001,517.198975,,-311.144989,,206.053986,,-246.093994,,,,-40.040001,4.341,,9.94,,0.0,-14.281,-35.699001,4.451,-31.247999,0.0,,,-31.248001,0.0,-31.247999,0.0,0.0,-31.247999,-31.247999,,320.368988,-0.1,-0.1,0.03,330.384003,-0.1,-0.1,0.03,
07/01/2001,465.218994,,-392.785004,,72.43399,,-276.200989,,,,-203.766998,-143.461,,9.864,,0.0,133.597,-347.227998,34.747002,-312.480988,0.0,,,-312.480996,0.0,-312.480988,0.0,0.0,-312.480988,-312.480988,,344.872986,-0.91,-0.91,-0.06,344.872986,-0.91,-0.91,-0.06,
09/30/2001,396.674988,,-336.678009,,59.996979,,-300.291992,,,,-240.294998,-157.787,,10.037,,0.0,147.75,-398.081998,0.0,-398.082001,0.0,,,-398.081998,0.0,-398.082001,0.0,0.0,-398.082001,-398.082001,,364.44101,-1.09,-1.09,-0.29,364.44101,-1.09,-1.09,-0.29,
12/31/2001,405.829987,,-330.388,,75.441986,,-280.709015,,,,-205.266998,-44.079,,14.737,,0.0,29.341999,-249.345998,0.0,-249.345993,0.0,,,-249.345998,-0.798,-250.143997,0.0,0.0,-250.143997,-250.143997,,365.997986,-0.68,-0.68,-0.2,365.997986,-0.68,-0.68,-0.2,
03/31/2002,412.509003,,-265.908997,,146.600006,,-218.600998,,,,-72.000999,-118.001999,10.334,15.834,-5.5,0.0,107.667999,-190.002998,18.25,-171.753006,0.0,,,-171.752998,0.0,-171.753006,0.0,0.0,-171.753006,-171.753006,129.391998,367.578003,-0.47,-0.47,-0.12,367.578003,-0.47,-0.47,-0.12,
06/30/2002,437.768005,,-274.403992,,163.364013,,-213.195007,,,,-49.831001,-6.46,,15.486,-6.4,0.0,-2.626,-56.291001,-6.0,-62.291,0.0,,,-62.291001,0.0,-62.291,0.0,0.0,-62.291,-62.291,,369.671997,-0.17,-0.17,-0.06,369.671997,-0.17,-0.17,-0.06,
09/29/2002,486.964,,-288.433,,198.531,,-207.354,,,,-8.823,-10.865,-1.521,10.079,-11.6,,12.386,-19.688,-7.938,-27.626,,,,-27.626,,-27.626,,,-27.626,-27.626,,370.948,-0.07,-0.07,-0.07,370.948,-0.07,-0.07,-0.07,
12/31/2002,479.696991,,-293.950012,,185.746979,,-204.322998,,,,-18.576,-5.846,2.478,10.578,-8.1,0.0,3.368,-24.422,-6.062,-30.483999,0.0,,,-30.484,-0.286,-30.77,0.0,0.0,-30.77,-30.77,35.313999,372.679993,-0.08,-0.08,0.01,373.960999,-0.08,-0.08,0.01,
03/30/2003,372.785004,,-248.067993,,124.717011,,-203.423996,,,,-78.707001,-37.717999,,8.831,-12.4,0.0,41.286999,-116.425,-6.0,-122.425003,0.0,,,-122.425,0.0,-122.425003,0.0,0.0,-122.425003,-122.425003,,374.627991,-0.33,-0.33,-0.14,374.627991,-0.33,-0.33,-0.14,
06/29/2003,407.213013,,-238.468994,,168.744019,,-196.347,,,,-27.603001,-128.481,,7.314,-7.1,0.0,128.267,-156.084001,-6.0,-162.084,0.0,,,-162.084001,0.0,-162.084,0.0,0.0,-162.084,-162.084,,376.618988,-0.43,-0.43,-0.02,376.618988,-0.43,-0.43,-0.02,
09/28/2003,450.227,,-265.243,,184.984,,-184.116,,,,0.868,-26.52,1.771,6.971,-5.2,,24.749,-25.652,-6.0,-31.652,,,,-31.652,,-31.652,,,-31.652,-31.652,,378.749,-0.08,-0.08,-0.08,378.749,-0.08,-0.08,-0.08,
12/31/2003,462.845001,,-264.084991,,198.76001,,-185.337006,,,,13.423,0.352,3.987,7.587,-3.6,0.0,-4.339,13.775,-6.0,7.775,0.0,,,7.775,-0.161,7.614,0.0,0.0,7.614,7.614,17.011,380.165985,0.02,0.02,0.06,387.050995,0.02,0.02,0.06,
04/04/2004,452.356995,,-250.925003,,201.431992,,-190.199005,,,,11.233,3.852,0.512,5.912,-5.4,0.0,-4.364,15.085,-6.0,9.085,0.0,,,9.085,0.0,9.085,0.0,0.0,9.085,9.085,16.15,381.639008,0.02,0.02,0.07,389.881989,0.02,0.02,0.06,
07/04/2004,447.897003,,-239.080994,,208.816009,,-195.255997,,,,13.56,-0.318,,6.067,-3.5,0.0,-2.249,13.242,-6.0,7.242,0.0,,,7.242,0.0,7.242,0.0,0.0,7.242,7.242,,383.522003,0.02,0.02,0.07,388.585999,0.02,0.02,0.07,
10/03/2004,380.21701,,-228.417999,,151.799011,,-193.399002,,,,-41.599998,-234.831993,,5.999,-4.6,0.0,233.432993,-276.431991,-6.0,-282.432007,0.0,,,-282.431991,0.0,-282.432007,0.0,0.0,-282.432007,-282.432007,,384.876007,-0.73,-0.73,-0.07,384.876007,-0.73,-0.73,-0.07,
12/31/2004,419.693,,-246.132,,173.561,,-169.659,,,,3.902,-195.296,,7.342,-5.2,0.0,193.154,-191.394,-6.0,-197.394,0.0,,,-197.394,-0.032,-197.426,0.0,0.0,-197.426,-197.426,,386.267,-0.51,-0.51,0.04,386.267,-0.51,-0.51,0.04,
04/03/2005,450.007,,-259.74,,190.267,,-176.445,,,,13.822,-2.853,0.61,6.71,-6.1,0.0,2.243,10.969,-6.25,4.719,0.0,,,4.719,0.0,4.719,0.0,0.0,4.719,4.719,20.601,387.664,0.01,0.01,0.07,390.458,0.01,0.01,0.06,
07/03/2005,481.292,,-269.531,,211.761,,-178.316,,,,33.445,-1.933,0.82,6.32,-5.5,0.0,1.113,31.512,-6.25,25.262,0.0,,,25.262,0.0,25.262,0.0,0.0,25.262,25.262,19.46,389.088,0.06,0.06,0.11,393.427,0.06,0.06,0.11,
10/02/2005,481.716,,-271.511,,210.205,,-175.872,,,,34.333,-101.477,-0.242,6.058,-6.3,0.0,101.719,-67.144,-6.25,-73.394,0.0,,,-73.394,0.0,-73.394,0.0,0.0,-73.394,-73.394,,391.017,-0.19,-0.19,-0.19,391.017,-0.19,-0.19,-0.19,
12/31/2005,506.235,,-286.032,,220.203,,-165.096,,,,55.107,-9.521,-1.805,6.195,-8.0,0.0,11.326,45.586,-7.79,37.796,0.0,,,37.796,-0.006,37.79,0.0,0.0,37.79,37.79,,392.85,0.1,0.1,0.13,401.171,0.09,0.09,0.13,
04/02/2006,475.884,,-271.395,,204.489,,-182.368,,,,22.121,-2.453,-2.87,6.33,-9.2,0.0,5.323,19.668,-6.5,13.168,0.0,,,13.168,0.0,13.168,0.0,0.0,13.168,13.168,25.568,394.851,0.03,0.03,0.09,402.189,0.03,0.03,0.09,
07/02/2006,489.635,,-280.428,,209.207,,-175.799,,,,33.408,25.539,-5.472,6.428,-11.9,0.0,-20.067,58.947,-5.1,53.847,0.0,,,53.847,0.0,53.847,0.0,0.0,53.847,53.847,,397.79,0.14,0.14,0.12,405.613,0.13,0.13,0.11,
10/01/2006,492.978,,-278.444,,214.534,,-169.245,,,,45.289,3.896,-6.944,6.556,-13.5,0.0,3.048,49.185,-5.575,43.61,0.0,,,43.61,0.0,43.61,0.0,0.0,43.61,43.61,,399.613,0.11,0.11,0.13,403.715,0.11,0.11,0.13,
12/31/2006,523.651,,-300.263,,223.388,0.0,-179.283,60.733,,118.55,44.105,13.415,-31.064,4.949,-36.013,0.0,17.649,57.52,1.493,59.013,0.0,,,59.013,0.0,59.013,0.0,0.0,59.013,59.013,,401.992,0.15,0.15,0.18,434.434,0.14,0.14,0.17,
04/01/2007,465.415,,-270.899,,194.516,,-165.457,,,,29.059,8.221,-8.41,3.89,-12.3,0.0,0.189,37.28,-7.456,29.824,0.0,,,29.824,0.0,29.824,0.0,0.0,29.824,29.824,3.635,404.23,0.07,0.07,0.08,409.808,0.07,0.07,0.08,
07/01/2007,669.939,,-517.969,,151.97,,-316.736,,,,-164.766,-200.579,-6.551,9.049,-15.6,0.0,207.13,-365.345,-12.5,-377.845,0.0,,,-377.845,0.0,-377.845,0.0,0.0,-377.845,-377.845,,751.114,-0.5,-0.5,-0.05,751.114,-0.5,-0.5,-0.05,
09/30/2007,727.415,,-479.55,,247.865,,-286.809,,,,-38.944,-98.456,-4.267,9.033,-13.3,0.0,102.723,-137.4,-3.2,-140.6,0.0,,,-140.6,0.0,-140.6,0.0,0.0,-140.6,-140.6,,715.733,-0.2,-0.2,0.03,715.733,-0.2,-0.2,0.03,
12/31/2007,740.874,,-431.367,,309.507,0.0,-2302.653,95.29,,2207.363,-1993.146,4.581,-13.629,9.048,-22.677,0.0,9.048,-1988.565,-12.023,-2000.588,0.0,,,-2000.588,0.0,-2000.588,0.0,0.0,-2000.588,-2000.588,,695.624,-2.88,-2.88,-2.838356,695.624,-2.88,-2.88,-2.838356,
03/30/2008,660.747,,-401.194,,259.553,,-268.77,,,,-9.217,1.089,-5.322,8.978,-14.3,0.0,4.233,-8.128,-5.5,-13.628,0.0,,,-13.628,0.0,-13.628,0.0,0.0,-13.628,-13.628,60.254,661.984,-0.02,-0.02,0.07,661.984,-0.02,-0.02,0.07,
06/29/2008,692.063,,-407.167,,284.896,,-274.585,,,,10.311,-21.458,-1.641,8.959,-10.6,0.0,23.099,-11.147,-2.5,-13.647,0.0,,,-13.647,0.0,-13.647,0.0,0.0,-13.647,-13.647,85.608,639.872,-0.02,-0.02,0.1,639.872,-0.02,-0.02,0.1,
09/28/2008,714.308,,-416.891,,297.417,,-273.295,,,,24.122,-2.551,-1.407,8.993,-10.4,0.0,3.958,21.571,-10.2,11.371,0.0,,,11.371,0.0,11.371,0.0,0.0,11.371,11.371,,643.849,0.02,0.02,0.12,647.418,0.02,0.02,0.12,
12/31/2008,609.959,,-382.856,,227.103,,-262.736,,,,-35.633,-561.216,-2.887,8.013,-10.9,0.0,564.103,-596.849,-9.5,-606.349,0.0,,,-606.349,0.0,-606.349,0.0,0.0,-606.349,-606.349,,646.315,-0.94,-0.94,0.03,646.315,-0.94,-0.94,0.03,
04/05/2009,482.279,482.279,-312.207,312.207,170.072,0.0,-264.246,83.757,155.284,25.205,-94.174,-1.373,0.836,7.236,-6.4,,0.537,-95.547,-8.0,-103.547,0.0,0.0,0.0,-103.547,0.0,-103.547,0.0,0.0,-103.547,-76.692,26.855,648.459,-0.16,-0.16,-0.118268,648.459,-0.16,-0.16,-0.118586,
07/05/2009,520.665,520.665,-339.772,339.772,180.893,0.0,-236.656,81.727,148.919,6.01,-55.763,-0.52,1.064,6.864,-5.8,,-0.544,-56.283,-5.2,-61.483,0.0,0.0,0.0,-61.483,0.0,-61.483,0.0,0.0,-61.483,-55.473,6.01,650.3,-0.09,-0.09,-0.085304,650.3,-0.09,-0.09,-0.085304,
10/04/2009,578.419,578.419,-352.833,352.833,225.586,0.0,-237.967,82.175,151.047,4.745,-12.381,-0.364,-0.701,3.899,-4.6,,1.065,-12.745,65.23,52.485,0.0,0.0,0.0,52.485,0.0,52.485,0.0,0.0,52.485,58.88,6.395,651.865,0.08,0.08,0.090325,658.963,0.08,0.08,0.089705,
12/31/2009,637.796,637.796,-370.946,370.946,266.85,0.0,-233.703,72.362,146.526,14.815,33.147,0.598,0.132,3.932,-3.8,,-0.73,33.745,31.081,64.826,0.0,0.0,0.0,64.826,0.0,64.826,0.0,0.0,64.826,67.112,2.286,654.56,0.1,0.1,0.10253,663.237,0.1,0.1,0.10253,
04/04/2010,472.672,472.672,-257.878,257.878,214.794,0.0,-210.847,70.365,138.862,1.62,3.947,-12.701,0.294,3.894,-3.6,,12.407,-8.754,23.102,14.348,-8.172,-8.172,0.0,22.52,0.0,22.52,0.0,0.0,22.52,27.568,13.22,656.528,0.03,0.02,0.041991,664.315,0.03,0.02,0.0399,
07/04/2010,473.447,473.447,-248.679,248.679,224.768,0.0,-218.107,70.15,142.871,5.086,6.661,2.932,-1.893,1.707,-3.6,,-1.039,9.593,-6.911,2.682,-4.75,-4.75,0.0,7.432,0.0,7.432,0.0,0.0,7.432,7.768,5.086,651.778,0.01,0.0,0.011918,661.54,0.01,0.0,0.007688,
10/03/2010,452.878,452.878,-234.658,234.658,218.22,0.0,-213.26,69.205,140.517,3.538,4.96,10.315,-3.2,0.0,-3.2,,-7.115,15.275,-2.456,12.819,-10.602,-10.602,0.0,23.421,0.0,23.421,0.0,0.0,23.421,16.357,3.538,629.852,0.04,0.02,0.02597,633.731,0.04,0.02,0.025583,
12/31/2010,470.657,470.657,-247.794,247.794,222.863,0.0,-209.104,64.18,136.087,8.837,13.759,7.701,,,,,-7.701,21.46,-16.905,4.555,17.956,17.956,0.0,-13.401,0.0,-13.401,0.0,0.0,-13.401,3.87705,-0.67795,616.809,-0.02,0.01,0.006286,626.079,-0.02,0.01,0.006286,
04/03/2011,473.264,473.264,-249.09,249.09,224.174,0.0,-214.02,68.867,142.347,2.806,10.154,4.288,,,-3.4,,-0.888,14.442,4.104,18.546,8.392,8.392,0.0,10.154,0.0,10.154,0.0,0.0,10.154,23.35691,4.81091,615.45,0.02,0.03,0.037951,629.733,0.02,0.03,0.03764,
07/03/2011,500.644,500.644,-263.024,263.024,237.62,0.0,-206.762,71.793,145.873,-10.904,30.858,6.45,-3.3,0.0,-3.3,,-3.15,37.308,-8.9,28.408,-265.376,-265.376,0.0,293.784,0.0,293.784,0.0,0.0,293.784,22.53265,-5.87535,594.957,0.49,0.05,0.037873,611.093,0.48,0.05,0.037873,
10/02/2011,546.91,546.91,-283.065,283.065,263.845,0.0,-232.005,77.874,143.347,10.784,31.84,7.61,-2.3,0.0,-2.3,,-5.31,39.45,-7.8,31.65,2.311,2.311,0.0,29.339,,29.339,0.0,0.0,29.339,38.86175,7.21175,567.79,0.05,0.05,0.068444,581.483,0.05,0.05,0.062402,
12/31/2011,523.14,523.14,-286.315,286.315,236.825,0.0,-242.359,72.024,139.061,31.274,-5.534,8.124,-2.1,0.0,-2.1,,-6.024,2.59,8.818,11.408,13.194,13.194,0.0,-1.786,0.0,-1.786,0.0,0.0,-1.786,25.07945,13.67145,563.721,0.0,0.02,0.044489,573.018,0.0,0.02,0.043859,
04/01/2012,622.424,622.424,-335.512,335.512,286.912,0.0,-275.433,90.1,169.871,15.462,11.479,14.656,-1.6,0.0,-1.6,,-13.056,26.135,49.062,75.197,0.0,0.0,0.0,75.197,0.0,75.197,0.0,0.0,75.197,85.2473,10.0503,566.709,0.13,0.13,0.150425,590.556,0.13,0.13,0.147018,
07/01/2012,659.573,659.573,-327.685,327.685,331.888,0.0,-270.969,88.914,175.564,6.491,60.919,9.594,-1.6,0.0,-1.6,,-7.994,70.513,-11.8,58.713,0.0,0.0,0.0,58.713,0.0,58.713,0.0,0.0,58.713,70.27165,11.55865,563.686,0.1,0.1,0.124665,581.344,0.1,0.1,0.119883,
09/30/2012,623.962,623.962,-311.311,311.311,312.651,0.0,-263.741,92.032,167.488,4.221,48.91,5.855,-1.6,0.0,-1.6,,-4.255,54.765,-15.1,39.665,0.0,0.0,0.0,39.665,0.0,39.665,0.0,0.0,39.665,40.59565,0.93065,555.197,0.07,0.07,0.073119,572.022,0.07,0.07,0.071627,
12/31/2012,600.128,600.128,-299.714,299.714,300.414,0.0,-284.165,73.586,165.758,44.821,16.249,7.606,-1.8,0.0,-1.8,,-5.806,23.855,-1.202,22.653,0.0,0.0,0.0,22.653,0.0,22.653,0.0,0.0,22.653,36.096051,13.443051,552.761,0.04,0.04,0.065301,568.611,0.04,0.04,0.063642,
03/31/2013,568.636,568.636,-279.132,279.132,289.504,0.0,-281.252,89.495,171.305,20.452,8.252,7.88,-0.3,0.0,-0.3,,-7.58,16.132,2.3,18.432,0.0,0.0,0.0,18.432,0.0,18.432,0.0,0.0,18.432,31.7271,13.2951,550.227,0.03,0.03,0.057662,567.092,0.03,0.03,0.053444,
06/30/2013,589.583,589.583,-290.324,290.324,299.259,0.0,-271.687,87.432,176.448,7.807,27.572,2.248,-1.1,0.0,-1.1,,-1.148,29.82,-5.2,24.62,0.0,0.0,0.0,24.62,0.0,24.62,0.0,0.0,24.62,38.44715,13.82715,548.282,0.04,0.04,0.070123,561.801,0.04,0.04,0.064612,
09/29/2013,606.943,606.943,-294.263,294.263,312.68,0.0,-264.457,85.422,172.296,6.739,48.223,0.836,-1.0,0.0,-1.0,,0.164,49.059,-12.5,36.559,0.0,0.0,0.0,36.559,0.0,36.559,0.0,0.0,36.559,43.28295,6.72395,545.451,0.07,0.07,0.079353,563.621,0.06,0.06,0.07193,
12/31/2013,605.067,605.067,-294.233,294.233,310.834,0.0,-270.801,81.077,172.319,17.405,40.033,2.746,-1.4,0.0,-1.4,,-1.346,42.779,2.264,45.043,0.0,0.0,0.0,45.043,0.0,45.043,0.0,0.0,45.043,56.56415,11.52115,547.347,0.08,0.08,0.103342,570.206,0.08,0.08,0.100205,
03/30/2014,569.066,569.066,-277.941,277.941,291.125,0.0,-265.754,76.168,174.113,15.473,25.371,2.669,-1.5,0.0,-1.5,,-1.169,28.04,5.193,33.233,0.0,0.0,0.0,33.233,0.0,33.233,0.0,0.0,33.233,43.2885,10.0555,558.49,0.06,0.06,0.07751,588.455,0.06,0.06,0.077088,
