Date,Revenue,Sales & Services Revenue,Other Revenue,Cost of Revenue,Cost of Goods & Services,Gross Profit,Other Operating Income,Operating Expenses,"Selling, General & Admin",General & Administrative,Depreciation & Amortization,Other Operating Expense,Operating Income (Loss),Non-Operating (Income) Loss,"Interest Expense, Net",Interest Expense,Interest Income,Foreign Exch (Gain) Loss,Other Non-Op (Income) Loss,Pretax Income,Income Tax Expense (Benefit),Income (Loss) from Cont Ops,Net Extraordinary Losses (Gains),Discontinued Operations,XO & Accounting Changes,Income (Loss) Incl. MI,Minority Interest,"Net Income, GAAP",Preferred Dividends,Other Adjustments,"Net Income Avail to Common, GAAP","Net Income Avail to Common, Adj",Net Abnormal Losses (Gains),Basic Weighted Avg Shares,"Basic EPS, GAAP",Basic EPS from Cont Ops,"Basic EPS from Cont Ops, Adjusted",Diluted Weighted Avg Shares,"Diluted EPS, GAAP",Diluted EPS from Cont Ops,"Diluted EPS from Cont Ops, Adjusted",Source: Bloomberg
11/30/1989,73.445999,,,-39.514,,33.931999,,-23.445,,,,,10.487,0.465,,0.0,,0.0,-0.465,10.952,-3.702,7.25,0.0,,,7.250001,0.0,7.25,0.0,,7.25,7.25,,27.3585,0.266667,0.266667,,27.3585,0.266667,0.266667,0.266667,
02/28/1990,72.968002,,,-39.122002,,33.846001,,-23.750999,,,,,10.095,0.393,,0.0,,0.0,-0.393,10.488,-3.545,6.943,0.0,,,6.943,0.0,6.943,0.0,,6.943,6.943,,27.365999,0.253333,0.253333,,27.365999,0.253333,0.253333,0.253333,
05/31/1990,81.508003,,,-42.323002,,39.185001,,-25.944,,,,,13.241,0.334,,0.0,,0.0,-0.334,13.575,-4.588,8.987,0.0,,,8.987,0.0,8.987,0.0,,8.987,8.987,,27.367501,0.326667,0.326667,,27.367501,0.326667,0.326667,0.326667,
08/31/1990,83.403,,,-43.952,,39.451,,-26.334,,,,,13.117,0.38,,,,0.0,-0.38,13.497,-4.577,8.92,0.0,,,8.92,0.0,8.92,0.0,,8.92,8.92,,27.37022,0.32,0.32,0.32,27.37022,0.32,0.32,0.32,
11/30/1990,79.836998,,,-43.018002,,36.818996,,-25.525,,,,,11.294,0.415,,0.0,,0.0,-0.415,11.709,-3.981,7.728,0.0,,,7.728,0.0,7.728,0.0,,7.728,7.728,,27.381001,0.28,0.28,,27.381001,0.28,0.28,0.28,
02/28/1991,78.217003,,,-41.279999,,36.937004,,-26.441,,,,,10.496,0.383,,0.0,,0.0,-0.383,10.879,-3.699,7.18,0.0,,,7.18,0.0,7.18,0.0,,7.18,7.18,,27.392,0.26,0.26,,27.392,0.26,0.26,0.26,
05/31/1991,84.767998,,,-44.099998,,40.667999,,-27.339001,,,,,13.329,0.377,,0.0,,0.0,-0.377,13.706,-4.66,9.046,0.0,,,9.046001,0.0,9.046,0.0,,9.046,9.046,,27.396,0.33,0.33,,27.396,0.33,0.33,0.33,
08/31/1991,85.414001,,,-45.487,,39.927001,,-27.789,,,,,12.138,0.416,,0.0,,0.0,-0.416,12.554,-4.162,8.392,0.0,,,8.392,0.0,8.392,0.0,,8.392,8.392,,27.398001,0.31,0.31,0.31,27.398001,0.31,0.31,0.31,
11/30/1991,81.107002,,,-44.298,,36.809002,,-26.99,,,,,9.819,0.407,,0.0,,0.0,-0.407,10.226,-3.63,6.596,0.0,,,6.596,0.0,6.596,0.0,,6.596,6.596,,27.400999,0.24,0.24,,27.400999,0.24,0.24,0.24,
02/29/1992,82.657997,,,-43.668999,,38.988998,,-28.122,,,,,10.867,0.309,,0.0,,0.0,-0.309,11.176,-3.968,7.208,0.0,,,7.208,0.0,7.208,0.0,,7.208,7.208,,27.403,0.26,0.26,,27.403,0.26,0.26,0.26,
05/31/1992,91.613998,,,-47.327999,,44.285999,,-30.568001,,,,,13.718,0.318,,0.0,,0.0,-0.318,14.036,-4.983,9.053,0.0,,,9.053001,0.0,9.053,0.0,,9.053,9.053,,27.378,0.33,0.33,,27.378,0.33,0.33,0.33,
08/31/1992,90.980003,,,-47.174999,,43.805004,,-29.011,,,,,14.794,0.285,,0.0,,0.0,-0.285,15.079,-5.343,9.736,0.0,,,9.736,0.0,9.736,0.0,,9.736,9.736,,27.197001,0.36,0.36,0.36,27.197001,0.36,0.36,0.36,
11/30/1992,88.597,,,-46.936001,,41.660999,,-29.542,,,,,12.119,0.345,,0.0,,0.0,-0.345,12.464,-4.612,7.852,0.0,,,7.852,0.0,7.852,0.0,,7.852,7.852,,27.133898,0.29,0.29,,27.133898,0.29,0.29,0.29,
02/28/1993,88.296997,,,-46.271,,42.025997,,-29.667999,,,,,12.358,0.353,,0.0,,0.0,-0.353,12.711,-4.703,8.008,0.0,,,8.008,0.0,8.008,0.0,,8.008,8.008,,27.171,0.29,0.29,,27.171,0.29,0.29,0.29,
05/31/1993,94.791,,,-49.424999,,45.366001,,-30.362,,,,,15.004,0.403,,0.0,,0.0,-0.403,15.407,-5.7,9.707,0.0,,,9.707,0.0,9.707,0.0,,9.707,9.707,,27.239,0.36,0.36,,27.239,0.36,0.36,0.36,
08/31/1993,96.071999,,,-49.557999,,46.514,,-31.353001,,,,,15.161,0.473,,0.0,,0.0,-0.473,15.634,-5.672,9.962,0.0,,,9.962,0.0,9.962,0.0,,9.962,9.962,,27.233,0.37,0.37,0.37,27.233,0.37,0.37,0.37,
11/30/1993,94.166,,,-49.969002,,44.196999,,-30.872999,,,,,13.324,0.458,,0.0,,0.0,-0.458,13.782,-5.177,8.605,-1.563,,,10.168,0.0,10.168,0.0,,10.168,10.168,,26.827999,0.38,0.32,,26.827999,0.38,0.32,0.32,
02/28/1994,93.719002,,,-48.903999,,44.815002,,-31.226999,,,,,13.588,0.155,,0.0,,0.0,-0.155,13.743,-5.162,8.581,0.0,,,8.581,0.0,8.581,0.0,,8.581,8.581,,26.136999,0.33,0.33,,26.136999,0.33,0.33,0.33,
05/31/1994,101.059998,,,-51.389999,,49.669998,,-33.34,,,,,16.33,0.302,,0.0,,0.0,-0.302,16.632,-6.246,10.386,0.0,,,10.386,0.0,10.386,0.0,,10.386,10.386,,25.652,0.4,0.4,,25.652,0.4,0.4,0.4,
08/31/1994,101.747002,,,-52.502998,,49.244004,,-33.436001,,,,,15.808,0.47,,0.0,,0.0,-0.47,16.278,-6.078,10.2,0.0,,,10.2,0.0,10.2,0.0,,10.2,10.2,,25.32,0.4,0.4,0.4,25.32,0.4,0.4,0.4,
11/30/1994,101.445999,,,-53.084999,,48.361,,-34.730999,,,,,13.63,0.263,,0.0,,0.0,-0.263,13.893,-5.21,8.683,0.0,,,8.683,0.0,8.683,0.0,,8.683,8.683,,24.775999,0.35,0.35,,24.775999,0.35,0.35,0.35,
02/28/1995,100.57,,,-52.124001,,48.445999,,-34.805,,,,,13.641,0.09,,0.369,,0.0,-0.459,13.731,-5.149,8.582,0.0,,,8.582,0.0,8.582,0.0,,8.582,8.582,,24.132,0.36,0.36,,24.132,0.36,0.36,0.36,
05/31/1995,106.899002,,,-55.375999,,51.523003,,-35.765999,,,,,15.757,-0.045,,0.0,,0.0,0.045,15.712,-5.805,9.907,0.0,,,9.907,0.0,9.907,0.0,,9.907,9.907,,23.427,0.42,0.42,,23.427,0.42,0.42,0.42,
08/31/1995,110.109001,,,-56.978001,,53.131,,-37.277,,,,,15.854,-0.252,,1.749,,0.0,-1.497,15.602,-5.759,9.843,0.0,,,9.843,0.0,9.843,0.0,,9.843,9.843,,23.311001,0.42,0.42,0.42,23.311001,0.42,0.42,0.42,
11/30/1995,108.336998,,,-57.310001,,51.026997,,-37.145,,,,,13.882,-0.178,,0.528,,0.0,-0.35,13.704,-5.139,8.565,0.0,,,8.565,0.0,8.565,0.0,,8.565,8.565,,23.322001,0.37,0.37,0.37,23.322001,0.37,0.37,0.37,
02/29/1996,108.834999,,,-56.201,,52.633999,,-37.462002,,,,,15.172,-0.298,,0.671,,0.0,-0.373,14.874,-5.552,9.322,0.0,,,9.322,0.0,9.322,0.0,,9.322,9.322,,23.431999,0.4,0.4,0.4,23.431999,0.4,0.4,0.4,
05/31/1996,117.132004,,,-59.992001,,57.140003,,-39.585999,,,,,17.554001,-0.036,,0.46,,0.0,-0.424,17.518001,-6.554,10.964,0.0,,,10.964001,0.0,10.964,0.0,,10.964,10.964,,23.886999,0.46,0.46,0.46,23.886999,0.46,0.46,0.46,
08/31/1996,115.823997,,,-60.838001,,54.985996,,-38.618999,,,,,16.367001,0.079,,0.471,,0.0,-0.55,16.446001,-6.089,10.357,0.0,,,10.357001,0.0,10.357,0.0,,10.357,10.357,,24.108,0.43,0.43,0.43,24.108,0.43,0.43,0.43,
11/30/1996,122.287003,,,-66.400002,,55.887001,,-42.469002,,,,,13.418,-0.352,,0.653,,0.0,-0.301,13.066,-4.9,8.166,0.0,,,8.166,0.0,8.166,0.0,,8.166,8.166,,23.614,0.35,0.35,0.35,23.614,0.35,0.35,0.35,
02/28/1997,118.830002,,,-63.922001,,54.908001,,-41.941002,,,,,12.967,-0.502,,0.955,,0.0,-0.453,12.465,-4.061,8.404,0.0,,,8.404,0.0,8.404,0.0,,8.404,8.404,,23.379999,0.36,0.36,0.36,23.379999,0.36,0.36,0.36,
05/31/1997,127.629997,,,-30.978001,,96.651997,,-81.918999,,,,,14.733,-0.152,,1.078,,0.0,-0.926,14.581,-4.998,9.583,0.0,,,9.583,0.0,9.583,0.0,,9.583,9.583,,23.365999,0.41,0.41,0.41,23.365999,0.41,0.41,0.41,
08/31/1997,126.698997,,,-106.927002,,19.771995,,-3.76,,,,,16.011999,-13.462,,1.351,,0.0,12.111,2.549999,-0.256,2.294,0.0,,,2.293999,0.0,2.294,0.0,,2.294,2.294,,23.266001,0.1,0.1,0.44,23.266001,0.1,0.1,0.44,
11/30/1997,124.671997,,,-71.167,,53.504997,,-43.282001,,,,,10.223,-0.585,,1.266,,0.0,-0.681,9.638,-3.431,6.207,0.0,,,6.207,0.0,6.207,0.0,,6.207,6.207,,23.268999,0.27,0.27,0.27,23.268999,0.27,0.27,0.27,
02/28/1998,123.204002,,,-68.291,,54.913002,,-43.098,,,,,11.815,-1.037,,1.259,,0.0,-0.222,10.778,-3.837,6.941,0.0,,,6.941,0.0,6.941,0.0,,6.941,6.941,,23.271,0.3,0.3,0.3,23.271,0.3,0.3,0.3,
05/31/1998,131.229996,,,-33.151001,,98.078995,,-84.482002,,,,,13.597,-0.946005,,1.288,,0.0,-0.341995,12.650995,-4.504,8.147,0.0,,,8.146995,0.0,8.147,0.0,,8.147,8.147,,23.271,0.35,0.35,0.35,23.271,0.35,0.35,0.35,
08/31/1998,129.764999,,,-111.668999,,18.096001,,-5.7,,,,,12.396,-37.584,,1.265,,0.0,36.319,-25.188,8.974,-16.214001,0.0,,,-16.214,0.0,-16.214001,0.0,,-16.214001,-16.214001,,23.271,-0.7,-0.7,0.32,23.271,-0.7,-0.7,0.32,
11/30/1998,125.708,,,-71.917999,,53.790001,,-44.175999,,,,,9.614,-0.886,,1.166,0.0,0.0,-0.28,8.728,-3.056,5.672,0.0,,,5.672,0.0,5.672,0.0,,5.672,5.672,,23.128,0.25,0.25,0.25,23.128,0.25,0.25,0.25,
02/28/1999,123.771004,,,-66.556999,,57.214005,,-45.450001,,,,,11.764,-0.66,,1.28,0.0,0.0,-0.62,11.104,-3.885,7.219,0.0,,,7.219,0.0,7.219,0.0,,7.219,7.219,,22.490999,0.32,0.32,0.32,22.490999,0.32,0.32,0.32,
05/31/1999,127.084,,,-68.649002,,58.434998,,-44.460999,,,,,13.974,-0.827,,1.165,0.0,0.0,-0.338,13.147,-4.371,8.776,0.0,,,8.776,0.0,8.776,0.0,,8.776,8.776,,22.42,0.39,0.39,0.39,22.42,0.39,0.39,0.39,
08/31/1999,124.93,,,-70.111,,54.819,,-43.771999,,,,,11.047,-0.542,,1.15,0.0,0.0,-0.608,10.505,-3.559,6.946,0.0,,,6.946,0.0,6.946,0.0,,6.946,6.946,,22.42,0.31,0.31,0.31,22.42,0.31,0.31,0.31,
11/30/1999,123.143997,,,-68.925003,,54.218994,,-44.608002,,,,,9.611,-0.146,,1.056,0.0,0.0,-0.91,9.465,-3.294,6.171,0.0,,,6.171,0.0,6.171,0.0,0.0,6.171,6.171,,22.42,0.28,0.28,0.28,22.42,0.28,0.28,0.28,
02/29/2000,121.924004,,,-67.507004,,54.417,,-44.938999,,,,,9.478,-0.864,,1.253,0.0,0.0,-0.389,8.614,-2.997,5.617,0.0,,,5.617,0.0,5.617,0.0,0.0,5.617,5.617,,22.42,0.25,0.25,0.25,22.42,0.25,0.25,0.25,
05/31/2000,126.280998,,,-72.209999,,54.070999,,-44.624001,,,,,9.447,-1.072,,1.645,0.0,0.0,-0.573,8.375,-2.54,5.835,0.0,,,5.835,0.0,5.835,0.0,,5.835,5.835,,22.42,0.26,0.26,0.26,22.42,0.26,0.26,0.26,
08/31/2000,122.035004,,,-72.293999,,49.741005,,-46.620998,,,,,3.12,-16.153,,1.954,0.0,0.0,14.199,-13.033,4.535,-8.498,0.0,,,-8.498001,0.0,-8.498,0.0,,-8.498,-8.498,,22.42,-0.38,-0.38,0.04,22.42,-0.38,-0.38,0.04,
11/30/2000,113.900002,,,-68.57,,45.330002,,-45.905998,,,,,-0.576,-2.513,,2.257,0.0,0.0,0.256,-3.089,1.081,-2.008,0.0,,,-2.008,0.0,-2.008,0.0,0.0,-2.008,-2.008,,22.42,-0.09,-0.09,-0.02,22.42,-0.09,-0.09,-0.02,
02/28/2001,112.219002,,,-66.360001,,45.859001,,-48.505001,,,,,-2.646,-11.852,,2.685,0.0,0.0,9.167,-14.498,5.074,-9.424,0.0,,,-9.424,0.0,-9.424,0.0,0.0,-9.424,-9.424,,22.434999,-0.42,-0.42,-0.1,22.434999,-0.42,-0.42,-0.1,
05/31/2001,121.677002,,,-71.558998,,50.118004,,-48.926998,,,,,1.191,-2.831,,3.534,0.0,0.0,-0.703,-1.64,0.574,-1.066,0.0,,,-1.066,0.0,-1.066,0.0,0.0,-1.066,-1.066,,22.423,-0.05,-0.05,-0.05,22.632,-0.05,-0.05,-0.05,
08/31/2001,119.364998,,,-77.689003,,41.675995,,-48.549,,,,,-6.873,-22.677999,,3.184,0.0,0.0,19.493999,-29.550999,10.168,-19.382999,0.0,,,-19.382999,0.0,-19.382999,0.0,0.0,-19.382999,-19.382999,,22.423,-0.86,-0.86,-0.1,22.423,-0.86,-0.86,-0.1,
11/21/2001,79.113998,,,-47.844002,,31.269997,,-35.041,,,,,-3.771,-2.252,,2.57,,0.0,-0.318,-6.023,2.687,-3.336,2.009,,,-5.345,0.0,-5.345,0.0,0.0,-5.345,-5.345,,22.423,-0.24,-0.15,-0.14,22.423,-0.24,-0.15,-0.14,
02/13/2002,76.390999,,,-43.192001,,33.198997,,-32.891998,,,,,0.307,-2.104,,2.413,,0.0,-0.309,-1.797,1.123,-0.674,1.488,,,-2.162,0.0,-2.162,0.0,0.0,-2.162,-2.162,,22.423,-0.09,-0.03,-0.03,22.516001,-0.09,-0.03,-0.03,
05/08/2002,78.310997,,,-42.784,,35.526997,,-31.981001,,,,,3.546,-2.279,,2.317,,0.0,-0.038,1.267,-0.26,1.007,1.181,,,-0.174,0.0,-0.174,0.0,0.0,-0.174,-0.174,,22.43,-0.01,0.04,0.04,22.43,-0.01,0.04,0.04,
08/28/2002,100.656998,,,-58.153999,,42.502998,,-41.174999,,,,,1.328,-0.81,,2.216,,0.0,-1.406,0.518,-0.343,0.175,2.147,,,-1.972,0.0,-1.972,0.0,0.0,-1.972,-1.972,,22.433001,-0.09,0.01,0.03,22.433001,-0.09,0.01,0.03,
11/20/2002,72.832001,,,-42.269001,,30.563,,-32.221001,,,,,-1.658,1.645,,1.418,0.0,0.0,-3.063,-0.013,0.0,-0.013,3.088,,,-3.101,0.0,-3.101,0.0,0.0,-3.101,-3.101,,22.438,-0.14,0.0,-0.01,22.438,-0.14,0.0,-0.04,
02/12/2003,71.362,,,-40.445,,30.917,,-31.253,,,,,-0.336,-0.29,,1.538,0.0,0.0,-1.248,-0.626,0.0,-0.626,2.779,,,-3.405,0.0,-3.405,0.0,0.0,-3.405,-3.405,,22.450001,-0.15,-0.03,-0.01,22.450001,-0.15,-0.03,-0.01,
05/07/2003,71.549004,,,-39.661999,,31.887005,,-31.959999,,,,,-0.073,-2.047,,1.626,0.0,0.0,0.421,-2.12,0.0,-2.12,22.870001,,,-24.990001,0.0,-24.99,0.0,0.0,-24.99,-24.99,,22.455999,-1.11,-0.09,-0.01,22.455999,-1.11,-0.09,-0.01,
08/27/2003,92.516998,,,-50.435001,,42.081997,,-38.636002,,,,,3.446,-1.947,,3.028,0.0,0.0,-1.081,1.499,0.0,1.499,3.096,,,-1.597,0.0,-1.597,0.0,0.0,-1.597,-1.597,,22.455999,-0.07,0.07,0.12,22.455999,-0.07,0.07,0.12,
11/19/2003,70.027,,,-19.047001,,50.98,,-51.351002,,,,,-0.371,-2.081,,2.273,0.0,0.0,-0.192,-2.452,0.0,-2.452,2.014,,,-4.466,0.0,-4.466,0.0,0.0,-4.466,-4.466,,22.469999,-0.2,-0.11,-0.11,22.469999,-0.2,-0.11,-0.11,
02/11/2004,71.138,,,-19.194,,51.944,,-52.15,,,,,-0.206,-1.802,2.104,2.104,0.0,0.0,-0.302,-2.008,0.0,-2.008,3.034,,,-5.042,0.0,-5.042,0.0,0.0,-5.042,-5.042,,22.47,-0.22,-0.09,-0.09,22.47,-0.22,-0.09,-0.09,
05/05/2004,74.4,,,-42.717,,31.683,0.0,-27.391,,,,,4.292,-1.851,,2.06,,,-0.209,2.441,,2.441,2.06,,,,,0.381,,0.0,0.381,0.381,,22.47,0.02,0.11,0.11,22.47,0.02,0.11,0.11,
08/25/2004,96.018997,,,-52.998001,,43.020996,,-39.222,,,,,3.799,-0.484,,1.657,0.0,0.0,-1.173,3.315,0.0,3.315,0.627,,,2.688,0.0,2.688,0.0,0.0,2.688,2.688,,22.469999,0.12,0.15,0.19,22.469999,0.12,0.15,0.19,
11/17/2004,69.612,,,-38.198002,,31.413998,,-30.875,,,,,0.539,-1.011,,0.686,0.0,0.0,0.325,-0.472,0.0,-0.472,0.551,,,-1.023,0.0,-1.023,0.0,0.0,-1.023,-1.023,,22.493999,-0.05,-0.02,-0.01,22.493999,-0.05,-0.02,-0.01,
02/09/2005,72.953,,,-38.648,,34.305,,-30.599,,,,,3.706,-1.262,0.976,0.976,0.0,0.0,0.286,2.444,0.0,2.444,-0.183,,,2.627,0.0,2.627,0.0,0.0,2.627,2.627,,22.609,0.12,0.11,0.13,26.533,0.1,0.09,0.11,
05/04/2005,77.028999,,,-39.616001,,37.412998,,-31.082001,,,,,6.331,-0.212,0.773,0.773,0.0,,-0.561,6.119,,6.119,2.415,,,,,3.704,,,3.704,3.704,,22.632,0.16,0.16,0.15,26.671,0.15,0.15,0.14,
08/31/2005,105.423,,,-64.669,,40.754,,-31.423,,,,,9.331,-9.143,,9.201,0.0,0.0,-0.058,0.188,0.0,0.188,2.048,,,-1.86,0.0,-1.86,0.0,0.0,-1.86,-1.86,,23.25,-0.08,0.008,0.2254,23.455,-0.08,0.008,0.22354,
11/23/2005,72.582001,,,-19.707001,,52.875,,-49.873001,,,,,3.002,0.33,0.249,0.274,-0.025,0.0,-0.579,3.332,-0.018,3.314,1.091,,,2.223,0.0,2.223,0.0,0.0,2.223,2.223,,25.955,0.09,0.13,0.125,27.325001,0.08,0.12,0.115,
02/15/2006,75.033997,,,-20.224001,,54.809996,,-51.255001,,,,,3.555,-0.168,0.179,0.179,0.0,0.0,-0.011,3.387,-0.045,3.342,0.045,,,3.297,0.0,3.297,0.0,0.0,3.297,3.297,,26.02,0.13,0.13,0.14,27.535999,0.12,0.12,0.13,
05/10/2006,77.954002,,,-20.634001,,57.320002,,-52.0,,,,,5.32,-0.978,1.059,1.059,,0.0,-0.081,4.342,2.483,6.825,-0.076,,,6.901,0.0,6.901,0.0,0.0,6.901,6.901,,26.047001,0.26,0.26,0.19,27.565001,0.25,0.25,0.185,
08/30/2006,99.07,,,-25.896999,,73.173,,-67.049004,,,,,6.124,-0.633,,0.111,0.0,0.0,0.522,5.491,2.114,7.508,0.465,,,7.14,0.0,7.14,0.0,0.0,7.14,7.14,,26.062,0.27,0.29,0.267,27.169001,0.26,0.28,0.25794,
11/22/2006,73.685997,,,-19.815001,,53.870996,,-50.777,,,,,3.094,0.008,0.022,0.193,-0.171,0.0,-0.03,3.102,-1.095,2.007,0.092,,,1.915,0.0,1.915,0.0,0.0,1.915,1.915,,26.08,0.07,0.08,0.08,27.101999,0.07,0.07,0.07,
02/14/2007,72.198,,,-19.657,,52.541,,-49.113,,,,,3.428,-0.261,-0.043,0.199,-0.242,0.0,0.304,3.167,-1.114,2.053,0.171,,,1.882,0.0,1.882,0.0,0.0,1.882,1.882,,26.101,0.07,0.08,0.09,27.238,0.07,0.08,0.09,
05/09/2007,76.198997,,,-20.603001,,55.595997,,-50.334999,,,,,5.261,0.216,-0.09,0.191,-0.281,0.0,-0.126,5.477,-1.579,3.898,-0.021,,,3.919,0.0,3.919,0.0,0.0,3.919,3.919,,26.132,0.15,0.15,0.15,27.173,0.14,0.14,0.14,
08/29/2007,98.303001,,,-27.499001,,70.804001,,-65.422997,,,,,5.383,0.232,,0.309,-0.417,0.0,-0.124,5.615,-2.486,3.129,0.056,,,3.073,0.0,3.149,0.0,0.0,3.149,3.149,,25.0646,0.13,0.12,0.11,25.0646,0.13,0.12,0.11,
11/21/2007,73.362,,,-21.235,,52.127,,-50.10592,,,,,2.02108,1.293,-0.247,0.051,-0.298,0.0,-1.046,3.31408,1.494,4.80808,0.037,,,4.77108,0.0,4.77108,0.0,0.0,4.77108,4.77108,,26.883,0.18,0.18,0.2,27.597,0.17,0.17,0.19,
02/13/2008,72.64,,,-21.438,,51.202,,-50.962,,,,,0.24,0.199,-0.326,0.049,-0.375,,0.127,0.439,-0.085,0.354,0.068,,,0.286,0.0,0.286,0.0,0.0,0.286,0.286,,28.408,0.01,0.01,0.04,28.518,0.01,0.01,0.04,
05/07/2008,74.596001,,,-21.737,,52.859001,,-52.245998,,,,,0.613,0.367,-0.173,0.058,-0.231,0.0,-0.194,0.98,0.027,1.007,0.058,,,0.949,0.0,0.949,0.0,0.0,0.949,0.949,,27.924999,0.03,0.03,0.03,28.042,0.03,0.03,0.03,
08/27/2008,97.061996,,,-29.531,,67.530996,,-72.019997,,,,,-4.489,-1.333,-0.126,0.064,-0.19,0.0,1.459,-5.822,2.169,-3.653,0.087,,,-3.74,0.0,-3.74,0.0,0.0,-3.74,-3.74,,27.934999,-0.13,-0.13,-0.09,27.934999,-0.13,-0.13,-0.09,
11/19/2008,60.008,60.008,,-18.335,18.335,41.673,0.0,-43.932,6.11,6.11,3.647,34.175,-2.259,0.292,-0.033,0.086,-0.119,,-0.259,-1.967,0.666,-1.301,0.891,0.891,0.0,-2.192,0.0,-2.192,0.0,0.0,-2.192,-0.8538,0.4472,28.068,-0.08,-0.05,-0.030419,28.068,-0.08,-0.05,-0.034067,
02/11/2009,61.503,61.503,,-18.837,18.837,42.666,0.0,-41.176,5.638,5.638,3.629,31.909,1.49,0.086,0.016,0.056,-0.04,,-0.102,1.576,-0.571,1.005,0.859,0.859,0.0,0.146,0.0,0.146,0.0,0.0,0.146,1.48665,0.48165,28.068,0.01,0.04,0.052966,28.075,0.01,0.04,0.052966,
05/06/2009,60.438,60.438,,-18.382,18.382,42.056,0.0,-42.213,5.955,5.955,3.656,32.602,-0.157,-0.445,0.044,0.066,-0.022,,0.401,-0.602,0.244,-0.358,0.695,0.695,0.0,-1.053,0.0,-1.053,0.0,0.0,-1.053,-0.63165,-0.27365,28.061,-0.04,-0.01,-0.02251,28.061,-0.04,-0.01,-0.02251,
08/26/2009,74.957,74.957,,-23.756,23.756,51.201,0.0,-63.684,7.021,7.021,4.976,51.687,-12.483,-0.05,0.162,0.181,-0.019,,-0.112,-12.533,-0.8,-13.333,9.986,9.986,0.0,-23.319,0.0,-23.319,0.0,0.0,-23.319,-9.1496,4.1834,28.099,-0.83,-0.47,-0.32562,28.099,-0.83,-0.47,-0.32562,
11/18/2009,52.32,52.32,,-16.143,16.143,36.177,0.0,-40.24,5.482,5.482,3.554,31.204,-4.063,-0.38,0.119,0.128,-0.009,,0.261,-4.443,1.417,-3.026,0.691,0.691,0.0,-3.717,0.0,-3.717,0.0,0.0,-3.717,-2.514,0.512,28.111,-0.13,-0.11,-0.089431,28.111,-0.13,-0.11,-0.091786,
02/10/2010,53.759,53.759,,-16.837,16.837,36.922,0.0,-36.423,5.003,5.003,3.487,27.933,0.499,0.198,0.037,0.044,-0.007,,-0.235,0.697,-0.556,0.141,0.563,0.563,0.0,-0.422,0.0,-0.422,0.0,0.0,-0.422,-0.5172,-0.6582,28.121,-0.02,0.005014,-0.018392,28.127,-0.02,1.6e-05,-0.023385,
05/05/2010,57.209,57.209,,-17.772,17.772,39.437,0.0,-37.821,5.163,5.163,3.443,29.215,1.616,0.085,0.12,0.127,-0.007,,-0.205,1.701,-0.479,1.222,0.492,0.492,0.0,0.73,0.0,0.73,0.0,0.0,0.73,0.752,-0.47,28.145,0.03,0.04,0.026719,28.151,0.03,0.04,0.023304,
08/25/2010,81.645,80.956,0.689,-25.471,25.471,56.174,0.0,-59.854,9.854,9.854,4.744,45.256,-3.68,1.977,0.324,0.34,-0.016,,-2.301,-1.703,2.84,1.137,0.621,0.621,0.0,0.516,0.0,0.516,0.0,0.0,0.516,2.8734,1.7364,28.145,0.02,0.04,0.102093,28.152,0.02,0.04,0.101679,
11/17/2010,75.276,73.622,1.654,-23.95,23.95,51.326,0.0,-53.947,6.513,6.513,4.181,43.253,-2.621,-0.391,0.616,0.618,-0.002,,-0.225,-3.012,0.905,-2.107,0.181,0.181,0.0,-2.288,0.0,-2.288,0.0,0.0,-2.288,-2.102,0.005,28.164,-0.08,-0.07,-0.074634,28.164,-0.08,-0.07,-0.074634,
02/09/2011,76.536,74.884,1.652,-24.278,24.278,52.258,0.0,-52.57,6.491,6.491,3.967,42.112,-0.312,-0.262,0.552,0.553,-0.001,,-0.29,-0.574,0.31,-0.264,-0.981,-0.981,0.0,0.717,0.0,0.717,0.0,0.0,0.717,-0.23215,0.03185,28.172,0.03,-0.01,-0.00824,28.172,0.03,-0.01,-0.008869,
05/04/2011,83.399,81.637,1.762,-25.361,25.361,58.038,0.0,-54.362,6.981,6.981,3.875,43.506,3.676,-0.223,0.579,0.579,0.0,,-0.356,3.453,-1.393,2.06,0.369,0.369,0.0,1.691,0.0,1.691,0.0,0.0,1.691,2.079,0.019,28.257,0.06,0.07,0.073575,28.304,0.06,0.07,0.070671,
08/31/2011,113.538,110.859,2.679,-35.4,35.4,78.138,0.0,-74.59,9.544,9.544,5.182,59.864,3.548,-0.286,0.692,0.692,0.0,,-0.406,3.262,-0.371,2.891,0.045,0.045,0.0,2.846,0.0,2.846,0.0,0.0,2.846,1.949,-0.942,28.267,0.1,0.1,0.06895,28.332,0.1,0.1,0.066751,
11/23/2011,79.325,77.695,1.63,-24.645,24.645,54.68,0.0,-53.711,6.81,6.81,4.114,42.787,0.969,-0.061,0.278,0.279,-0.001,,-0.217,0.908,-0.325,0.583,0.379,0.379,0.0,0.204,0.0,0.204,0.0,0.0,0.204,0.7026,0.1196,28.262,0.01,0.02,0.02486,28.304,0.01,0.02,0.024226,
02/15/2012,79.415,77.631,1.784,-24.895,24.895,54.52,0.0,-52.512,6.737,6.737,4.114,41.661,2.008,-0.048,0.213,0.215,-0.002,,-0.165,1.96,-0.603,1.357,0.269,0.269,0.0,1.088,0.0,1.088,0.0,0.0,1.088,1.4038,0.0468,28.365,0.04,0.05,0.049491,28.41,0.04,0.05,0.049491,
05/09/2012,84.129,82.279,1.85,-25.391,25.391,58.738,0.0,-54.743,7.195,7.195,4.304,43.244,3.995,0.04,0.198,0.201,-0.003,,-0.238,4.035,-1.535,2.5,0.077,0.077,0.0,2.423,0.0,2.423,0.0,0.0,2.423,2.5806,0.0806,28.377,0.09,0.09,0.09094,28.445,0.09,0.09,0.09094,
08/29/2012,107.23,104.644,2.586,-32.382,32.382,74.848,0.0,-72.666,9.936,9.936,5.404,57.326,2.182,0.164,0.245,0.248,-0.003,,-0.409,2.346,0.757,3.103,-0.038,-0.038,0.0,3.141,0.0,3.141,0.0,0.0,3.141,3.2824,0.1794,28.374,0.11,0.11,0.115683,28.523,0.11,0.11,0.115683,
11/21/2012,79.453,77.809,1.644,-24.514,24.514,54.939,0.0,-54.714,7.378,7.378,4.118,43.218,0.225,0.07,0.173,0.175,-0.002,,-0.243,0.295,-0.078,0.217,0.088,0.088,0.0,0.129,0.0,0.129,0.0,0.0,0.129,0.1182,-0.0988,28.386,0.01,0.01,0.004164,28.567,0.01,0.01,0.004164,
02/13/2013,87.011,85.352,1.659,-26.961,26.961,60.05,0.0,-58.936,7.652,7.652,4.312,46.972,1.114,-0.005,0.212,0.214,-0.002,,-0.207,1.109,-0.475,0.634,0.454,0.454,0.0,0.18,0.0,0.18,0.0,0.0,0.18,-0.22465,-0.85865,28.614,0.01,0.02,-0.007851,28.825,0.01,0.02,-0.009788,
05/08/2013,96.336,94.554,1.782,-29.439,29.439,66.897,0.0,-62.784,7.245,7.245,4.197,51.342,4.113,0.035,0.226,0.228,-0.002,,-0.261,4.148,-1.496,2.652,0.191,0.191,0.0,2.461,0.0,2.461,0.0,0.0,2.461,2.81775,0.16575,28.698,0.09,0.09,0.098186,28.952,0.08,0.09,0.095725,
08/28/2013,121.396,118.979,2.417,-37.03,37.03,84.366,0.0,-83.628,9.942,9.942,5.749,67.937,0.738,0.032,0.3,0.303,-0.003,,-0.332,0.77,0.274,1.044,0.653,0.653,0.0,0.391,0.0,0.391,0.0,0.0,0.391,0.391,0.0715,28.774,0.01,0.04,0.04,29.12,0.01,0.04,0.04,
11/20/2013,85.848,84.222,1.626,-26.891,26.891,58.957,0.0,-60.643,8.067,8.067,4.319,48.257,-1.686,0.045,0.251,0.253,-0.002,,-0.296,-1.641,0.948,-0.693,0.853,0.853,0.0,-1.546,0.0,-1.546,0.0,0.0,-1.546,-0.52335,0.16965,28.765,-0.05,-0.02,-0.018194,28.765,-0.05,-0.02,-0.018194,
02/12/2014,88.569,86.909,1.66,-28.22,28.22,60.349,0.0,-63.425,8.118,8.118,4.473,50.834,-3.076,-0.031,0.291,0.292,-0.001,,-0.26,-3.107,1.526,-1.581,0.603,0.603,0.0,-2.184,0.0,-2.184,0.0,0.0,-2.184,-0.70675,0.87425,28.775,-0.08,-0.06,-0.024561,28.775,-0.08,-0.06,-0.029618,
05/07/2014,96.359,94.544,1.815,-29.728,29.728,66.631,0.0,-63.11,8.342,8.342,4.674,50.094,3.521,-0.159,0.409,0.41,-0.001,,-0.25,3.362,-1.621,1.741,0.012,0.012,0.0,1.729,0.0,1.729,0.0,0.0,1.729,1.066,-0.675,28.791,0.06,0.06,0.037025,29.476,0.06,0.06,0.037025,
08/27/2014,123.605,121.147,2.458,-39.673,39.673,83.932,0.0,-85.84,12.239,,6.596,67.005,-1.908,0.02,0.29,0.292,-0.002,,-0.31,-1.888,0.807,-1.081,0.366,0.366,0.0,-1.447,0.0,-1.447,0.0,0.0,-1.447,-0.86895,0.21205,28.861,-0.05,-0.04,-0.030108,28.861,-0.05,-0.04,-0.032653,
11/19/2014,86.861,85.155,1.706,-28.892,28.892,57.969,0.0,-62.356,9.151,,5.068,48.137,-4.387,-0.275,0.455,0.456,-0.001,,-0.18,-4.662,1.782,-2.88,0.139,0.139,0.0,-3.019,0.0,-3.019,0.0,0.0,-3.019,-2.6915,0.1885,28.89,-0.11,-0.1,-0.093164,28.89,-0.11,-0.1,-0.093475,
02/11/2015,90.982,89.257,1.725,-29.97,29.97,61.012,0.0,-61.746,9.381,,4.781,47.584,-0.734,-0.49,0.568,0.569,-0.001,,-0.078,-1.224,-0.061,-1.285,0.074,0.074,0.0,-1.359,0.0,-1.359,0.0,0.0,-1.359,-2.03835,-0.75335,28.921,-0.05,-0.04,-0.07048,28.921,-0.05,-0.04,-0.07048,
05/06/2015,94.102,92.412,1.69,-29.287,29.287,64.815,0.0,-61.362,8.139,,4.759,48.464,3.453,-0.574,0.598,0.599,-0.001,,-0.024,2.879,-0.395,2.484,0.131,0.131,0.0,2.353,0.0,2.353,0.0,0.0,2.353,2.08815,-0.39585,29.009,0.08,0.09,0.071983,29.111,0.08,0.09,0.071983,
08/26/2015,122.141,119.769,2.372,-38.099,38.099,84.042,0.0,-83.254,12.087,,6.8,64.367,0.788,-0.473,0.712,0.713,-0.001,,-0.239,0.315,-0.25,0.065,0.114,0.114,0.0,-0.049,0.0,-0.049,0.0,0.0,-0.049,-1.157,-1.222,29.05,0.0,0.0,-0.039828,29.121,0.0,0.0,-0.041963,
12/16/2015,120.744,118.461,2.283,-37.865,37.865,82.879,0.0,-84.465,13.243,,7.014,64.208,-1.586,-0.813,0.695,0.696,-0.001,,0.118,-2.399,0.66,-1.739,0.072,0.072,0.0,-1.811,0.0,-1.811,0.0,0.0,-1.811,-1.92035,-0.18135,29.133,-0.06,-0.06,-0.065917,29.133,-0.06,-0.06,-0.066225,
03/09/2016,92.069,90.232,1.837,-28.722,28.722,63.347,0.0,-63.649,9.843,,5.22,48.586,-0.302,-0.465,0.494,0.495,-0.001,,-0.029,-0.767,0.185,-0.582,0.017,0.017,0.0,-0.599,0.0,-0.599,0.0,0.0,-0.599,-0.91935,-0.33735,29.247,-0.02,-0.02,-0.031434,29.247,-0.02,-0.02,-0.031535,
06/01/2016,92.097,90.368,1.729,-28.313,28.313,63.784,0.0,-64.13,9.227,,5.304,49.599,-0.346,-0.394,0.482,0.482,0.0,,-0.088,-0.74,0.593,-0.147,-0.013,-0.013,0.0,-0.134,0.0,-0.134,0.0,0.0,-0.134,-0.0079,0.1391,29.259,-0.01,-0.01,-0.00027,29.259,-0.01,-0.01,-0.005246,
08/31/2016,97.729,95.744,1.985,-29.699,29.699,68.03,0.0,-69.121,10.11,,4.351,54.66,-1.091,-0.384,0.572,0.574,-0.002,,-0.188,-1.475,-6.314,-7.789,0.013,0.013,0.0,-7.802,0.0,-7.802,0.0,0.0,-7.802,-6.91605,0.87295,29.281,-0.27,-0.27,-0.236196,29.281,-0.27,-0.27,-0.240187,
12/21/2016,114.409,112.379,2.03,-35.406,35.406,79.003,0.0,-85.477,13.759,,6.55,65.168,-6.474,-0.498,0.601,0.602,-0.001,,-0.103,-6.972,1.458,-5.514,0.072,0.072,0.0,-5.586,0.0,-5.586,0.0,0.0,-5.586,-5.2722,0.2418,29.339,-0.19,-0.19,-0.179699,29.339,-0.19,-0.19,-0.181758,
03/15/2017,86.314,84.37,1.944,-26.111,26.111,60.203,0.0,-68.468,9.008,,4.788,54.672,-8.265,-0.968,0.726,0.727,-0.001,,0.242,-9.233,-3.603,-12.836,0.343,0.343,0.0,-13.179,0.0,-13.179,0.0,0.0,-13.179,-8.7462,4.0898,29.522,-0.45,-0.44,-0.29626,29.522,-0.45,-0.44,-0.301466,
06/07/2017,88.719,87.109,1.61,-27.611,27.611,61.108,0.0,-60.315,6.764,,4.639,48.912,0.793,-0.739,0.566,0.569,-0.003,,0.173,0.054,-0.431,-0.377,0.019,0.019,0.0,-0.396,0.0,-0.396,0.0,0.0,-0.396,0.1755,0.5525,29.536,-0.01,-0.01,0.005942,29.536,-0.01,-0.01,0.005942,
08/30/2017,86.589,84.903,1.686,-27.585,27.585,59.004,0.0,-62.527,8.347,,4.461,49.719,-3.523,-0.684,0.542,0.544,-0.002,,0.142,-4.207,0.138,-4.069,0.032,0.032,0.0,-4.101,0.0,-4.101,0.0,0.0,-4.101,-3.1434,0.9256,29.554,-0.14,-0.14,-0.106361,29.554,-0.14,-0.14,-0.108681,
12/20/2017,113.497,111.467,2.03,-36.649,36.649,76.848,0.0,-81.831,11.525,,5.353,64.953,-4.983,-0.528,0.643,0.649,-0.006,,-0.115,-5.511,0.009,-5.502,0.035,0.035,0.0,-5.537,0.0,-5.537,0.0,0.0,-5.537,-4.80845,0.69355,29.691,-0.19,-0.19,-0.16195,29.691,-0.19,-0.19,-0.166641,
03/14/2018,81.793,80.241,1.552,-27.558,27.558,54.235,0.0,-61.968,9.188,,3.998,48.782,-7.733,-0.346,0.54,0.545,-0.005,,-0.194,-8.079,-3.382,-11.461,0.11,0.11,0.0,-11.571,0.0,-11.571,0.0,0.0,-11.571,-10.263383,1.197617,29.95,-0.39,-0.38,-0.342684,29.95,-0.39,-0.38,-0.342684,
06/06/2018,86.004,84.442,1.562,-28.785,28.785,57.219,0.0,-66.199,8.507,,4.05,53.642,-8.98,-1.032,1.041,1.042,-0.001,,-0.009,-10.012,-4.121,-14.133,0.463,0.463,0.0,-14.596,0.0,-14.596,0.0,0.0,-14.596,-10.54245,3.59055,30.005,-0.49,-0.47,-0.351356,30.005,-0.49,-0.47,-0.351356,
08/29/2018,83.903,82.15,1.753,-27.491,27.491,56.412,0.0,-56.902,9.506,,4.051,43.345,-0.49,-1.132,1.112,1.112,0.0,,0.02,-1.622,-0.236,-1.858,0.005,0.005,0.0,-1.863,0.0,-1.863,0.0,0.0,-1.863,-4.48791,-2.62991,30.03,-0.06,-0.06,-0.149448,30.03,-0.06,-0.06,-0.149448,
12/19/2018,102.918,100.595,2.323,-34.204,34.204,68.714,0.0,-74.393,11.224,,4.903,58.266,-5.679,-1.683,1.713,1.713,0.0,,-0.03,-7.362,-0.121,-7.483,0.006,0.006,0.0,-7.489,0.0,-7.489,0.0,0.0,-7.489,-6.39596,1.08704,30.059,-0.25,-0.25,-0.21278,30.059,-0.25,-0.25,-0.213836,
03/13/2019,74.423,72.912,1.511,-25.119,25.119,49.304,0.0,-41.091,9.017,,3.222,28.852,8.213,-1.48,1.535,1.554,-0.019,,-0.055,6.733,-0.093,6.64,0.008,0.008,0.0,6.632,0.0,6.632,0.0,0.0,6.632,17.57834,10.93834,29.769,0.22,0.22,0.590491,29.799,0.22,0.22,0.587071,
06/05/2019,74.766,73.182,1.584,-25.605,25.605,49.161,0.0,-53.123,9.426,,2.927,40.77,-3.962,-1.201,1.313,1.324,-0.011,,-0.112,-5.163,-0.132,-5.295,0.006,0.006,0.0,-5.301,0.0,-5.301,0.0,0.0,-5.301,-5.10461,0.19039,29.874,-0.18,-0.18,-0.170871,29.874,-0.18,-0.18,-0.173627,
08/28/2019,71.363,69.713,1.65,-24.794,24.794,46.569,0.0,-54.139,8.298,,2.946,42.895,-7.57,-1.387,1.384,1.384,0.0,,0.003,-8.957,-0.123,-9.08,-0.011,-0.011,0.0,-9.069,0.0,-9.069,0.0,0.0,-9.069,-6.63574,2.44426,29.965,-0.3,-0.3,-0.22145,29.965,-0.3,-0.3,-0.22145,
12/18/2019,95.149,93.332,1.817,-33.467,33.467,61.682,0.0,-68.216,10.158,,3.762,54.296,-6.534,-1.699,1.939,1.962,-0.023,,-0.24,-8.233,-0.094,-8.327,0.011,0.011,0.0,-8.338,0.0,-8.338,0.0,0.0,-8.338,-6.44838,1.87862,30.054,-0.28,-0.28,-0.21456,30.054,-0.28,-0.28,-0.217492,
03/11/2020,68.561,67.389,1.172,-24.21,24.21,44.351,0.0,-46.766,6.816,,2.677,37.273,-2.415,-1.32,1.468,1.473,-0.005,,-0.148,-3.735,-0.062,-3.797,0.006,0.006,0.0,-3.803,0.0,-3.803,0.0,0.0,-3.803,-1.27848,2.51852,30.215,-0.13,-0.13,-0.042313,30.215,-0.13,-0.13,-0.046647,
06/03/2020,18.994,18.795,0.199,-9.188,9.188,9.806,0.0,-33.505,3.339,,2.709,27.457,-23.699,-1.22,1.622,1.641,-0.019,,-0.402,-24.919,-0.053,-24.972,0.007,0.007,0.0,-24.979,0.0,-24.979,0.0,0.0,-24.979,-15.22024,9.75176,30.398,-0.82,-0.82,-0.500699,30.398,-0.82,-0.82,-0.500699,
