Date,Revenue,Sales & Services Revenue,Other Revenue,Cost of Revenue,Cost of Goods & Services,Gross Profit,Other Operating Income,Operating Expenses,"Selling, General & Admin",Research & Development,Other Operating Expense,Operating Income (Loss),Non-Operating (Income) Loss,"Interest Expense, Net",Interest Expense,Interest Income,Foreign Exch (Gain) Loss,(Income) Loss from Affiliates,Other Non-Op (Income) Loss,Pretax Income,Income Tax Expense (Benefit),Income (Loss) from Cont Ops,Net Extraordinary Losses (Gains),Discontinued Operations,XO & Accounting Changes,Income (Loss) Incl. MI,Minority Interest,"Net Income, GAAP",Preferred Dividends,Other Adjustments,"Net Income Avail to Common, GAAP","Net Income Avail to Common, Adj",Net Abnormal Losses (Gains),Basic Weighted Avg Shares,"Basic EPS, GAAP",Basic EPS from Cont Ops,"Basic EPS from Cont Ops, Adjusted",Diluted Weighted Avg Shares,"Diluted EPS, GAAP",Diluted EPS from Cont Ops,"Diluted EPS from Cont Ops, Adjusted",Source: Bloomberg
03/31/2009,5900.0,5807.0,93.0,-5792.0,5792.0,108.0,0.0,-249.0,207.0,42.0,0.0,-141.0,-1303.0,425.0,445.0,-20.0,,20.0,858.0,-1444.0,432.0,-1012.0,4.0,4.0,0.0,-1016.0,,-1016.0,0.0,0.0,-1016.0,-415.3,596.7,,,,,,,,,
06/30/2009,7499.0,7499.0,,-7158.0,7158.0,341.0,0.0,-252.0,227.0,25.0,0.0,89.0,-529.0,498.0,569.0,-71.0,,-22.0,53.0,-440.0,87.0,-353.0,0.0,0.0,0.0,-353.0,2.0,-351.0,,0.0,-351.0,-267.15,83.85,,,,,,,,,
09/30/2009,8612.0,8488.0,124.0,-7956.0,7956.0,656.0,0.0,-237.0,199.0,38.0,0.0,419.0,-1402.0,441.0,445.0,-4.0,,168.0,793.0,-983.0,332.0,-651.0,0.0,0.0,0.0,-651.0,1.0,-650.0,,0.0,-650.0,399.1,1049.1,,,,,,,,,
12/31/2009,8817.0,8516.0,301.0,-8610.0,8610.0,207.0,0.0,-257.0,217.0,40.0,0.0,-50.0,-1360.0,413.0,,,,15.0,932.0,-1410.0,560.0,-850.0,0.0,0.0,0.0,-850.0,2.0,-848.0,,0.0,-848.0,-215.55,632.45,,,,,,,,,
03/31/2010,9755.0,9606.0,149.0,-9130.0,9130.0,625.0,0.0,-258.0,217.0,41.0,0.0,367.0,-347.0,409.0,411.0,-2.0,,-55.0,-7.0,20.0,-12.0,8.0,0.0,0.0,0.0,8.0,2.0,10.0,,0.0,10.0,-124.55,-134.55,,,,,,,,,
06/30/2010,10484.0,10309.0,175.0,-9482.0,9482.0,1002.0,0.0,-257.0,220.0,37.0,0.0,745.0,6799.0,419.0,434.0,-15.0,,-56.0,-7162.0,7544.0,1299.0,8843.0,0.0,0.0,0.0,8843.0,53.0,8896.0,,0.0,8896.0,4235.5,-4660.5,,,,,,,,,
09/30/2010,10302.0,10116.0,186.0,-9075.0,9075.0,1227.0,0.0,-239.0,204.0,35.0,0.0,988.0,-267.0,186.0,186.0,0.0,,-29.0,110.0,721.0,-254.0,467.0,0.0,0.0,0.0,467.0,7.0,474.0,,0.0,474.0,524.05,50.05,564.0,0.84,0.84,0.929167,564.0,0.84,0.84,0.928741,
12/31/2010,10610.0,10190.0,420.0,-9415.0,9415.0,1195.0,0.0,-351.0,231.0,41.0,79.0,844.0,-682.0,222.0,231.0,-9.0,,-30.0,490.0,162.0,542.0,704.0,-62.0,-62.0,0.0,766.0,5.0,771.0,0.0,0.0,771.0,989.15,280.15,564.0,1.367021,1.257092,1.753812,572.0,1.347902,1.23951,1.729283,
03/31/2011,12252.0,11960.0,292.0,-10943.0,10943.0,1309.0,0.0,-244.0,211.0,33.0,0.0,1065.0,-142.0,155.0,163.0,-8.0,,-58.0,45.0,923.0,-263.0,660.0,0.0,0.0,0.0,660.0,3.0,663.0,,-4.0,659.0,641.45,-17.55,566.0,1.16,1.16,1.133304,569.0,1.15,1.15,1.119156,
06/30/2011,13306.0,12997.0,309.0,-11704.0,11704.0,1602.0,0.0,-292.0,236.0,56.0,0.0,1310.0,-71.0,163.0,176.0,-13.0,,-73.0,-19.0,1239.0,-388.0,851.0,48.0,48.0,0.0,803.0,1.0,804.0,,-5.0,799.0,904.85,57.85,566.0,1.41,1.496466,1.598675,575.0,1.38,1.463478,1.564087,
09/30/2011,12516.0,12242.0,274.0,-10734.0,10734.0,1782.0,0.0,-289.0,236.0,53.0,0.0,1493.0,-75.0,146.0,156.0,-10.0,,-52.0,-19.0,1418.0,-506.0,912.0,17.0,17.0,0.0,895.0,,895.0,0.0,0.0,895.0,944.5,32.5,575.0,1.56,1.586087,1.642609,575.0,1.51,1.539565,1.596087,
12/31/2011,10981.0,10740.0,241.0,-10257.0,10257.0,724.0,0.0,-285.0,231.0,54.0,0.0,439.0,-510.0,542.0,549.0,-7.0,,-33.0,1.0,-71.0,98.0,27.0,245.0,245.0,0.0,-218.0,3.0,-215.0,0.0,0.0,-215.0,401.15,371.15,572.0,-0.38,0.05,0.701311,572.0,-0.38,0.05,0.698864,
03/31/2012,11734.0,11447.0,287.0,-10532.0,10532.0,1202.0,0.0,-262.0,223.0,39.0,0.0,940.0,-45.0,95.0,99.0,-4.0,,-46.0,-4.0,895.0,-301.0,594.0,-5.0,-5.0,0.0,599.0,1.0,600.0,0.0,-3.0,597.0,599.8,7.8,572.0,1.04,1.03,1.048601,575.0,1.04,1.03,1.043565,
06/30/2012,11248.0,11005.0,243.0,-9561.0,9561.0,1687.0,0.0,-238.0,201.0,37.0,0.0,1449.0,-375.0,409.0,411.0,-2.0,,-27.0,-7.0,1074.0,-306.0,768.0,0.0,0.0,0.0,768.0,2.0,770.0,0.0,0.0,770.0,919.5,149.5,573.0,1.34,1.34,1.604712,577.0,1.33,1.33,1.589099,
09/30/2012,11273.0,11009.0,264.0,-9670.0,9670.0,1603.0,0.0,-275.0,236.0,39.0,0.0,1328.0,-42.0,67.0,71.0,-4.0,,-32.0,7.0,1286.0,-435.0,851.0,7.0,7.0,0.0,844.0,2.0,846.0,0.0,0.0,846.0,837.4,-15.6,573.0,1.47,1.48,1.461431,577.0,1.46,1.47,1.442964,
12/31/2012,11097.0,10854.0,243.0,-9832.0,9832.0,1265.0,0.0,-306.0,249.0,57.0,0.0,959.0,-29.0,69.0,74.0,-5.0,0.0,-38.0,-2.0,930.0,-285.0,645.0,22.0,22.0,0.0,623.0,9.0,632.0,0.0,0.0,632.0,688.45,34.45,578.0,1.09,1.13,1.19109,578.0,1.09,1.13,1.189602,
03/31/2013,10669.0,10414.0,255.0,-9153.0,9153.0,1516.0,0.0,-249.0,213.0,36.0,0.0,1267.0,-4.0,69.0,71.0,-2.0,,-59.0,-6.0,1263.0,-357.0,906.0,6.0,6.0,0.0,900.0,1.0,901.0,0.0,0.0,901.0,892.05,-14.95,574.0,1.56,1.57,1.554094,578.0,1.55,1.56,1.534135,
06/30/2013,11103.0,10830.0,273.0,-9496.0,9496.0,1607.0,0.0,-243.0,208.0,35.0,0.0,1364.0,-31.0,65.0,70.0,-5.0,,-43.0,9.0,1333.0,-410.0,923.0,-4.0,-4.0,0.0,927.0,2.0,929.0,0.0,0.0,929.0,925.0,0.0,573.45679,1.62,1.61,1.61,577.018634,1.61,1.6,1.6,
09/30/2013,11152.0,10871.0,281.0,-9690.0,9690.0,1462.0,0.0,-255.0,220.0,35.0,0.0,1207.0,-14.0,76.0,81.0,-5.0,,-61.0,-1.0,1193.0,-339.0,854.0,3.0,3.0,0.0,851.0,2.0,853.0,0.0,0.0,853.0,856.0,0.0,563.0,1.51,1.52,1.52,567.0,1.5,1.51,1.51,
12/31/2013,11138.0,10937.0,201.0,-9601.0,9601.0,1537.0,0.0,-273.0,229.0,44.0,0.0,1264.0,-57.0,84.0,87.0,-3.0,,-40.0,13.0,1207.0,-30.0,1177.0,2.0,2.0,0.0,1175.0,-1.0,1174.0,0.0,0.0,1174.0,1177.3,1.3,555.0,2.11,2.11,2.121261,555.0,2.11,2.11,2.112342,
03/31/2014,11135.0,10918.0,217.0,-9577.0,9577.0,1558.0,0.0,-218.0,186.0,32.0,0.0,1340.0,-14.0,86.0,92.0,-6.0,,-61.0,-11.0,1326.0,-383.0,943.0,-1.0,-1.0,0.0,944.0,1.0,945.0,0.0,0.0,945.0,910.2,-33.8,544.0,1.73,1.73,1.673162,548.0,1.72,1.72,1.658321,
06/30/2014,12117.0,11924.0,193.0,-10255.0,10255.0,1862.0,0.0,-249.0,215.0,34.0,0.0,1613.0,-15.0,89.0,96.0,-7.0,,-68.0,-6.0,1598.0,-425.0,1173.0,-3.0,-3.0,0.0,1176.0,2.0,1178.0,0.0,0.0,1178.0,1175.0,0.0,523.0,2.25,2.24,2.24,527.0,2.23,2.22,2.22,
09/30/2014,12066.0,11784.0,282.0,-10118.0,10118.0,1948.0,0.0,-242.0,211.0,31.0,0.0,1706.0,-12.0,79.0,92.0,-13.0,,-64.0,-3.0,1694.0,-434.0,1260.0,3.0,3.0,0.0,1257.0,1.0,1258.0,0.0,0.0,1258.0,1261.0,0.0,509.0,2.46,2.47,2.47,512.0,2.45,2.46,2.46,
12/31/2014,10290.0,10088.0,202.0,-8989.0,8989.0,1301.0,0.0,-224.0,194.0,30.0,0.0,1077.0,17.0,65.0,72.0,-7.0,,-64.0,-18.0,1094.0,-298.0,796.0,5.0,5.0,0.0,791.0,2.0,793.0,0.0,0.0,793.0,1253.0,455.0,499.0,1.589178,1.599198,2.511022,499.0,1.589178,1.599198,2.511022,
03/31/2015,8185.0,8001.0,184.0,-6379.0,6379.0,1806.0,0.0,-231.0,205.0,26.0,0.0,1575.0,32.0,58.0,69.0,-11.0,,-69.0,-21.0,1607.0,-440.0,1167.0,3.0,3.0,0.0,1164.0,2.0,1166.0,0.0,-4.0,1162.0,1245.0,80.0,479.0,2.42,2.43,2.599165,481.0,2.41,2.42,2.58632,
06/30/2015,9145.0,8931.0,214.0,-7047.0,7047.0,2098.0,0.0,-253.0,228.0,25.0,0.0,1845.0,22.0,72.0,79.0,-7.0,,-90.0,-4.0,1867.0,-541.0,1326.0,-3.0,-3.0,0.0,1329.0,1.0,1330.0,0.0,-2.0,1328.0,1319.0,-6.0,472.0,2.82,2.81,2.794492,472.0,2.82,2.81,2.794492,
09/30/2015,8334.0,8119.0,215.0,-6465.0,6465.0,1869.0,0.0,-219.0,194.0,25.0,0.0,1650.0,26.0,77.0,85.0,-8.0,,-93.0,-10.0,1676.0,-487.0,1189.0,3.0,3.0,0.0,1186.0,-1.0,1185.0,0.0,-1.0,1184.0,1304.65,117.65,462.0,2.56,2.57,2.823918,463.0,2.54,2.55,2.804104,
12/31/2015,7071.0,6879.0,192.0,-5792.0,5792.0,1279.0,0.0,-227.0,201.0,26.0,0.0,1052.0,7.0,70.0,77.0,-7.0,0.0,-87.0,10.0,1059.0,-262.0,797.0,2.0,2.0,0.0,795.0,0.0,795.0,0.0,0.0,795.0,797.0,0.0,446.0,1.78,1.786996,1.786996,446.0,1.78,1.78,1.78,
03/31/2016,6743.0,6556.0,187.0,-5166.0,5166.0,1577.0,0.0,-217.0,193.0,24.0,0.0,1360.0,102.0,77.0,82.0,-5.0,0.0,-91.0,-88.0,1462.0,-432.0,1030.0,0.0,0.0,0.0,1030.0,0.0,1030.0,0.0,-1.0,1029.0,1063.2,34.2,433.0,2.38,2.38,2.455427,434.0,2.37,2.37,2.448802,
06/30/2016,7328.0,7132.0,196.0,-5702.0,5702.0,1626.0,0.0,-223.0,199.0,24.0,0.0,1403.0,35.0,79.0,83.0,-4.0,0.0,-117.0,3.0,1438.0,-346.0,1092.0,1.0,1.0,0.0,1091.0,0.0,1091.0,0.0,-1.0,1090.0,1091.0,0.0,424.0,2.57,2.57,2.57,425.0,2.56,2.56,2.56,
09/30/2016,7365.0,7191.0,174.0,-5903.0,5903.0,1462.0,0.0,-213.0,188.0,25.0,0.0,1249.0,32.0,68.0,72.0,-4.0,,-81.0,-19.0,1281.0,-326.0,955.0,2.0,2.0,0.0,953.0,-1.0,952.0,0.0,-1.0,951.0,945.85,-7.15,413.0,2.3,2.31,2.290194,414.0,2.3,2.31,2.290194,
12/31/2016,7747.0,7575.0,172.0,-6420.0,6420.0,1327.0,0.0,-279.0,253.0,26.0,0.0,1048.0,4.0,81.0,85.0,-4.0,0.0,-78.0,-7.0,1052.0,-282.0,770.0,7.0,7.0,0.0,763.0,0.0,763.0,0.0,-1.0,762.0,769.0,0.0,407.0,1.87,1.89,1.89,407.0,1.87,1.89,1.89,
03/31/2017,8430.0,8243.0,187.0,-6991.0,6991.0,1439.0,0.0,-229.0,204.0,25.0,0.0,1210.0,-90.0,201.0,207.0,-6.0,5.0,-81.0,-35.0,1120.0,-315.0,805.0,8.0,8.0,0.0,797.0,0.0,797.0,0.0,0.0,797.0,890.85,85.85,403.0,1.98,2.0,2.210546,403.0,1.98,2.0,2.210546,
06/30/2017,8403.0,8220.0,183.0,-6601.0,6601.0,1802.0,0.0,-225.0,200.0,25.0,0.0,1577.0,16.0,91.0,95.0,-4.0,0.0,-78.0,-29.0,1593.0,-459.0,1134.0,4.0,4.0,0.0,1130.0,1.0,1131.0,0.0,1.0,1132.0,1136.0,0.0,401.0,2.82,2.83,2.83,402.0,2.82,2.82995,2.82995,
09/30/2017,8516.0,8312.0,204.0,-6939.0,6939.0,1577.0,0.0,-245.0,218.0,27.0,0.0,1332.0,106.0,89.0,94.0,-5.0,,-81.0,-114.0,1438.0,-380.0,1058.0,2.0,2.0,0.0,1056.0,1.0,1057.0,0.0,-1.0,1056.0,955.0,-103.0,395.0,2.67,2.67,2.417722,395.0,2.67,2.67,2.409241,
12/31/2017,9135.0,8930.0,205.0,-7528.0,7528.0,1607.0,0.0,-266.0,237.0,29.0,0.0,1341.0,1.0,86.0,95.0,-9.0,,-81.0,-6.0,1342.0,556.0,1898.0,4.0,4.0,0.0,1894.0,0.0,1894.0,0.0,-2.0,1892.0,1077.0,-819.0,395.0,4.8,4.8,2.726582,395.0,4.79,4.8,2.726582,
03/31/2018,9767.0,9530.0,237.0,-8012.0,8012.0,1755.0,0.0,-261.0,233.0,28.0,0.0,1494.0,40.0,80.0,91.0,-11.0,-6.0,-96.0,-18.0,1534.0,-303.0,1231.0,0.0,0.0,0.0,1231.0,0.0,1231.0,0.0,0.0,1231.0,1231.0,0.0,394.0,3.12,3.12,3.12,395.0,3.11,3.11,3.11,
06/30/2018,10206.0,9985.0,221.0,-8290.0,8290.0,1916.0,0.0,-290.0,261.0,29.0,0.0,1626.0,8.0,76.0,91.0,-15.0,0.0,-68.0,-16.0,1634.0,21.0,1655.0,1.0,1.0,0.0,1654.0,0.0,1654.0,0.0,1.0,1655.0,1310.0,-346.0,391.0,4.23,4.23,3.350384,392.0,4.22,4.222551,3.339898,
09/30/2018,10155.0,9926.0,229.0,-8499.0,8499.0,1656.0,0.0,-339.0,309.0,30.0,0.0,1317.0,30.0,76.0,90.0,-14.0,,-89.0,-17.0,1347.0,-232.0,1115.0,2.0,2.0,0.0,1113.0,,1113.0,0.0,-2.0,1111.0,1155.0,42.0,389.0,2.86,2.86,2.969152,390.0,2.85,2.85,2.957692,
12/31/2018,8876.0,8685.0,191.0,-7728.0,7728.0,1148.0,0.0,-354.0,326.0,28.0,0.0,794.0,2.0,83.0,88.0,-5.0,,-36.0,-49.0,796.0,-99.0,697.0,5.0,5.0,0.0,692.0,-2.0,690.0,0.0,0.0,690.0,710.0,15.0,381.21547,1.81,1.823116,1.862464,385.47486,1.79,1.802971,1.841884,
03/31/2019,8778.0,8642.0,136.0,-7446.0,7446.0,1332.0,0.0,-315.0,287.0,28.0,0.0,1017.0,3.0,86.0,92.0,-6.0,-11.0,-64.0,-14.0,1020.0,-203.0,817.0,0.0,0.0,0.0,817.0,0.0,817.0,0.0,0.0,817.0,829.0,12.0,372.0,2.19,2.19,2.228495,372.0,2.19,2.19,2.222258,
06/30/2019,9048.0,8828.0,220.0,-7542.0,7542.0,1506.0,0.0,-329.0,302.0,27.0,0.0,1177.0,-2.0,76.0,81.0,-5.0,-3.0,-64.0,-7.0,1175.0,-169.0,1006.0,3.0,3.0,0.0,1003.0,,1003.0,0.0,-1.0,1002.0,1020.0,15.0,370.0,2.7,2.71,2.756757,370.0,2.7,2.71,2.750541,
09/30/2019,8722.0,8527.0,195.0,-7269.0,7269.0,1453.0,0.0,-329.0,303.0,26.0,0.0,1124.0,-19.0,81.0,86.0,-5.0,-2.0,-51.0,-9.0,1105.0,-136.0,969.0,4.0,4.0,0.0,965.0,,965.0,0.0,-2.0,963.0,915.0,-52.0,337.0,2.85,2.86,2.715134,337.0,2.85,2.86,2.705697,
12/31/2019,8179.0,7988.0,191.0,-7044.0,7044.0,1135.0,0.0,-337.0,307.0,30.0,0.0,798.0,-46.0,85.0,88.0,-3.0,,-46.0,7.0,752.0,-140.0,612.0,0.0,0.0,0.0,612.0,,612.0,0.0,0.0,612.0,641.0,29.0,334.0,1.83,1.83,1.919162,334.0,1.83,1.83,1.916826,
03/31/2020,7494.0,7371.0,123.0,-6868.0,6868.0,626.0,0.0,-322.0,295.0,27.0,0.0,304.0,-86.0,86.0,89.0,-3.0,-7.0,0.0,7.0,218.0,-75.0,143.0,-1.0,-1.0,0.0,144.0,-2.0,142.0,0.0,0.0,142.0,505.0,364.0,334.0,0.42,0.422156,1.511976,334.0,0.42,0.417006,1.506826,
06/30/2020,5546.0,5386.0,160.0,-4894.0,4894.0,652.0,0.0,-313.0,288.0,25.0,0.0,339.0,-56.0,121.0,125.0,-4.0,1.0,-61.0,-5.0,283.0,32.0,315.0,1.0,1.0,0.0,314.0,-1.0,313.0,0.0,0.0,313.0,325.0,11.0,334.0,0.94,0.94,0.973054,334.0,0.94,0.94,0.972934,
09/30/2020,6304.714,,,,,789.9806642,,,,,,506.6,,,,,,,,420.222,,388.2,,,,,,388.2,,,388.2,364.625,,,1.068,1.068,1.143,,1.068,1.068,1.143,
12/31/2020,6496.615,,,,,929.5356742,,,,,,584.9,,,,,,,,493.556,,481.2,,,,,,481.2,,,481.2,424.25,,,1.388,1.388,1.356,,1.388,1.388,1.356,
