Date,Revenue,Rental Income,Base Rent,Recoveries from Tenants,Percentage Rent,Other Rental Income,Real Estate Sales,Com & Fee Earn/Inc from REO,Mortgage Income,Other Operating Income,Operating Expenses,Property Operating Expenses,General & Administrative,Depreciation & Amortization,Provision for Loan Losses,Cost of Real Estate Sold,Other Operating Expenses,Operating Income (Loss),Non-Operating (Income) Loss,Interest Expense,(Income) Loss from Affiliates,Other Non-Op (Income) Loss,Pretax Income,Income Tax Expense (Benefit),Current Income Tax,Deferred Income Tax,Income (Loss) from Cont Ops,Net Extraordinary Losses (Gains),Discontinued Operations,XO & Accounting Changes,Income (Loss) Incl. MI,Minority Interest,"Net Income, GAAP",Preferred Dividends,Other Adjustments,"Net Income Avail to Common, GAAP","Net Income Avail to Common, Adj",Net Abnormal Losses (Gains),Basic Weighted Avg Shares,"Basic EPS, GAAP",Basic EPS from Cont Ops,"Basic EPS from Cont Ops, Adjusted",Diluted Weighted Avg Shares,"Diluted EPS, GAAP",Diluted EPS from Cont Ops,"Diluted EPS from Cont Ops, Adjusted",FFO Reconciliation,D&A of Con Real Estate,D&A of Uncon Real Estate,D&A of Non-Real Estate Assets,Impairment of Assets,Impairment from Affiliates,Disposal of Con Assets,Disposal of Uncon Assets,Other FFO Adjustments,Funds from Operations,Other Abnormal Gains/(Losses),Adjusted Funds from Operations,Straight-Line Rent,Stock-Based Compensation,Amortization of Financing Costs,Accounting Adjustments,Tenant Improv & Leasing Com,Funds Available For Distribution,AFFO Per Diluted Share,FAD Per Diluted Share,Dividend Per Share,AFFO Payout Ratio,FAD Payout Ratio,FFO Payout Ratio,Source: Bloomberg
03/31/1994,17.938999,17.254999,,,,,,0.528,0.0,0.156,-10.993,6.423,0.116,4.454,0.0,,0.0,6.946,-6.913,6.904,,0.009,0.033,0.0,,,,0.0,,,0.033,,-0.371,,,-0.371,-0.371,,15.526829,-0.027775,-0.027775,-0.027775,15.526829,-0.027775,-0.027775,-0.027775,,,,,,,,,,,,,,,,,,,,,0.0,,,,
06/30/1994,20.518,20.024,,,,,,0.0,0.0,0.494,-12.74,6.868,0.391,5.481,0.0,,0.0,7.778,-3.067,3.976,,-0.909,4.711,0.0,,,,0.0,,,4.711,,2.647,,,2.647,2.647,,15.526829,0.166647,0.166647,0.166647,15.526829,0.166647,0.166647,0.166647,,,,,,,,,,,,,,,,,,,,,0.064807,,,,
09/30/1994,22.909,22.764999,,,,,,0.0,0.0,0.144,-13.892,6.915,0.471,6.506,0.0,,0.0,9.017,-7.39,5.43,,1.96,1.627,0.0,,,,0.0,,,1.627,,2.48,,,2.48,2.48,,15.526829,0.157389,0.157389,0.157389,15.526829,0.157389,0.157389,0.157389,,,,,,,,,,,,,,,,,,,,,0.370327,,,,
12/31/1994,24.893,24.767,,,,,,0.0,0.0,0.126,-14.413,7.818,0.567,6.028,0.0,,0.0,10.48,-2.321,5.927,,-3.606,8.159,0.0,,,,0.0,,,8.159,,2.982,,,2.982,2.982,,15.627281,0.194422,0.194422,0.194422,15.627281,0.194422,0.194422,0.194422,,,,,,,,,,,,,,,,,,,,,0.370327,,,,
03/31/1995,23.094999,22.985001,,,,,,0.0,0.0,0.11,-14.031,7.222,0.659,6.15,0.0,,0.0,9.064,-4.932,5.77,,-0.838,4.132,0.0,,,,0.0,,,4.132,,2.304,,,2.304,2.304,,15.526829,0.148131,0.148131,0.148131,15.526829,0.148131,0.148131,0.148131,,,,,,,,,,10.698,,10.698,,,,,,10.698,0.689001,0.689001,0.370327,53.748365,53.748365,53.748364,
06/30/1995,24.066999,23.934999,,,,,,0.0,0.0,0.132,-14.039,7.376,0.539,6.124,0.0,,0.0,10.028,-4.962,5.75,,-0.788,5.066,0.0,,,,1.299,,,3.767,,2.101,,,2.101,2.101,,15.526829,0.138873,0.222196,0.222196,15.526829,0.138873,0.222196,0.222196,,,,,,,,,,10.606,,10.606,,,,,,10.606,0.683076,0.683076,0.388843,56.925324,56.925324,56.930041,
09/30/1995,26.291,26.045,,,,,,0.0,0.0,0.246,-15.32,8.347,0.495,6.478,0.0,,0.0,10.971,-5.905,6.674,,-0.769,5.066,0.0,,,,0.0,,,5.066,,2.821,,,2.821,2.821,,15.527909,0.185163,0.185163,0.185163,15.527909,0.185163,0.185163,0.185163,,,,,,,,,,11.09,,11.09,,,,,,11.09,0.714198,0.714198,0.388843,54.444724,54.444724,54.445447,
12/31/1995,29.016001,28.063,,,,,,0.0,0.0,0.953,-15.95,8.635,0.318,6.997,0.0,,0.0,13.066,-6.482,7.337,,-0.855,6.584,0.0,,,,0.0,,,6.584,,4.077,,,4.077,4.077,,20.304232,0.20368,0.20368,0.20368,20.304232,0.20368,0.20368,0.20368,,,,,,,,,,12.544,,12.544,,,,,,12.544,0.617802,0.617802,0.388843,62.939733,62.939733,66.884571,
03/31/1996,35.292999,34.731998,,,,,,0.0,0.0,0.561,-19.568,11.028,0.789,7.751,0.0,,0.0,15.724999,-8.66,9.841,,-1.181,7.065,0.0,,,,0.0,,,7.065,,4.401,,,-0.524,-0.524,,21.578782,0.20368,0.20368,0.20368,21.578782,0.20368,0.20368,0.20368,,,,,,,,,,14.564,,14.564,,,,,,14.564,0.674922,0.674922,0.388843,57.613018,57.613018,57.614664,
06/30/1996,37.777,37.580002,,,,,,0.0,0.0,0.197,-21.274,12.767,0.607,7.9,0.0,,0.0,16.503,-9.578,10.518,,-0.94,6.925,0.0,,,,0.0,,,6.925,,4.312,,,-0.717,-0.717,,21.596063,0.20368,0.20368,0.20368,21.596063,0.20368,0.20368,0.20368,,,,,,,,,,14.955,,14.955,,,,,,14.955,0.692487,0.692487,0.388843,56.151652,56.151652,56.155131,
09/30/1996,37.749001,37.181999,,,,,,0.0,0.0,0.567,-20.893,12.279,0.466,8.148,0.0,,0.0,16.855999,-9.377,10.131,,-0.754,7.479,0.0,,,,0.0,,,7.479,,4.659,,,-0.228,-0.228,,21.596063,0.212938,0.212938,0.212938,21.596063,0.212938,0.212938,0.212938,,,,,,,,,,15.46,,15.46,,,,,,15.46,0.715871,0.715871,0.388843,54.317461,54.317461,54.320826,
12/31/1996,44.240002,43.356998,,,,,,0.0,0.0,0.883,-24.026,14.718,0.516,8.792,0.0,,0.0,20.214,-11.482,11.863,,-0.381,8.732,0.0,,,,0.315,,,8.417,,5.539,,,0.279,0.279,,25.013587,0.222196,0.231454,0.231454,25.013587,0.222196,0.222196,0.222196,,,,,,,,,,17.448999,,17.448999,,,,,,17.448999,0.697581,0.697581,0.407359,58.396015,58.396015,64.914895,
03/31/1997,50.301998,49.175999,,,,,0.0,0.0,0.0,1.126,-25.985,15.761,0.75,9.474,0.0,,0.0,24.316999,-14.398,14.766,-0.368,0.0,9.919,0.0,,,,0.0,,,9.919,,6.751,,,6.751,6.751,,27.866202,0.240712,0.240712,0.240712,41.395876,0.240712,0.240712,0.240712,,,,,,,,,,16.302999,,16.302999,,,,,,16.302999,0.393831,0.393831,0.407359,103.434955,103.434955,69.870577,
06/30/1997,52.349998,51.445,,,,,0.0,0.0,0.0,0.905,-26.82,16.173,0.44,10.207,0.0,,0.0,25.53,-15.690999,16.396999,-0.706,0.0,9.839,0.0,,,,0.512,,,9.327,,6.172,,,6.172,6.172,,28.032541,0.222196,0.240712,0.240712,41.563295,0.222196,0.231454,0.231454,,,,,,,,,,16.805,,16.805,,,,,,16.805,0.404323,0.404323,0.407359,100.750963,100.750963,67.789348,
09/30/1997,57.032001,56.597,,,,,0.0,0.0,0.0,0.435,-30.94,19.896,0.91,10.134,0.0,,0.0,26.092,-23.3,16.239,8.681,-1.62,2.792,0.0,,,,0.051,,,2.741,,1.87,,,1.87,1.87,,28.035781,0.064807,0.064807,0.064807,41.524411,0.064807,0.064807,0.064807,,,,,,,,,,19.443001,,19.443001,,,,,,19.443001,0.468231,0.468231,0.407359,86.999738,86.999738,58.746075,
12/31/1997,61.529999,60.791,,,,,0.0,0.0,0.0,0.739,-31.449999,19.070999,0.659,11.72,0.0,,0.0,30.079999,-19.461999,19.004999,0.456,0.001,10.618,0.0,,,,-0.008,,,10.626,,7.253,,,7.253,7.253,,27.92777,0.259229,0.259229,0.259229,46.734946,0.259229,0.259229,0.259229,,,,,,,,,,20.07,,20.07,,,,,,20.07,0.429443,0.429443,0.425876,99.169314,99.169314,59.302444,
03/31/1998,61.175,60.227,,,,,0.0,0.0,0.0,0.948,-31.458,18.722,1.024,11.712,0.0,,0.0,29.717,-19.148,20.576,-1.428,0.0,10.569,0.0,,,,0.09,,,10.479,,7.471,,0.0,6.822,6.822,,29.328694,0.231454,0.231454,0.231454,43.104637,0.231454,0.231454,0.231454,,,,,,,,,,22.412,,22.412,,,,,,22.412,0.502188,0.502188,0.425876,84.804034,84.804034,55.730769,
06/30/1998,61.407001,60.473999,,,,,0.0,0.0,0.0,0.933,-32.325999,19.278999,1.153,11.894,0.0,,0.0,29.081,-16.475,20.636,-4.152,-0.009,12.606,0.0,,,,0.0,,,12.606,,9.424,,,7.367,7.367,,33.230113,0.222196,0.222196,0.222196,46.904523,0.222196,0.222196,0.222196,,,,,,,,,,21.195999,,21.195999,,,,,,21.195999,0.451897,0.451897,0.425876,94.24184,94.24184,66.375734,
09/30/1998,75.079002,73.834999,,,,,0.0,0.0,0.0,1.244,-40.389,24.135,0.942,15.312,0.0,,0.0,34.69,-22.036,24.888,-2.852,0.0,12.654,0.0,,,,2.324,,,10.33,,8.772,,,4.579,4.579,,35.069569,0.129614,0.194422,0.194422,48.987011,0.129614,0.129614,0.129614,,,,,,,,,,24.996,,24.996,,,,,,24.996,0.510258,0.510258,0.425876,83.462876,83.462876,59.753561,
12/31/1998,86.199997,84.769997,,,,,0.0,0.0,0.0,1.43,-43.331999,27.855,1.254,14.223,0.0,,0.0,42.868,-19.285,25.333,-6.048,0.0,23.583,0.0,,,,0.021,,,23.562,,18.408001,,,13.760001,13.760001,,35.401171,0.388843,0.388843,0.388843,48.721297,0.388843,0.388843,0.388843,,,,,,,,,,29.806,,29.806,,,,,,29.806,0.611765,0.611765,0.449021,73.397622,73.397622,55.163388,
03/31/1999,78.849,77.632,,,,,0.0,0.0,0.0,1.217,-39.921,23.265,1.403,15.253,0.0,,0.0,38.928,-21.407,26.753,-5.346,0.0,17.521,0.0,,,,0.973,,,16.548,,13.318,,0.0,8.897,8.897,,36.645476,0.240712,0.268487,0.268487,50.296124,0.240712,0.259229,0.259229,,,,,,,,,,30.819,,30.819,,,,,,30.819,0.46878,0.46878,0.425876,90.847724,90.847724,50.638956,
06/30/1999,80.675,78.697,,,,,0.0,0.0,0.0,1.978,-40.679,23.955,1.439,15.285,0.0,,0.0,39.996,-23.316,28.602,-5.286,0.0,16.68,0.0,,,,0.015,,,16.665,,13.407,,0.0,8.986,8.986,,36.702723,0.240712,0.240712,0.240712,50.595319,0.240712,0.240712,0.240712,,,,,,,,,,30.963,,30.963,,,,,,30.963,0.468836,0.468836,0.425876,90.836741,90.836741,50.482188,
09/30/1999,83.244,80.524,,,,,0.0,0.0,0.0,2.72,-42.451,25.316,1.24,15.895,0.0,,0.0,40.793,-23.593,29.813,-6.058,-0.162,17.2,0.0,,,,0.028,,,17.172,,13.865,,0.0,9.125,9.125,,36.771851,0.249971,0.249971,0.249971,50.6072,0.249971,0.249971,0.249971,,,,,,,,,,32.474,,32.474,,,,,,32.474,0.491627,0.491627,0.425876,86.625731,86.625731,48.223933,
12/31/1999,84.676,81.947,,,,,0.0,0.0,0.0,2.729,-44.147,27.791,1.406,14.95,0.0,,0.0,40.529,76.894,28.18,-9.255,-95.819,117.423,0.0,,,,0.462,,,116.961,,88.421,,0.0,83.865,83.865,,36.807495,2.27751,2.286768,2.286768,58.189693,1.444274,1.453532,1.453532,,,,,,,,,,37.469,,37.469,,,,,,37.469,0.574243,0.574243,0.541603,94.316008,94.316008,54.60925,
03/31/2000,75.303,73.276,,,,,0.0,0.0,0.0,2.027,-39.897,23.9,1.469,14.528,0.0,,0.0,35.406,-21.43,28.151,-6.723,0.002,13.976,0.0,,,,0.963,,,13.013,,10.974,,0.0,6.326,6.326,,36.822617,0.175905,0.20368,0.20368,48.983769,0.175905,0.194422,0.194422,,,,,,,,,,29.57,,29.57,,,,,,29.57,0.458943,0.458943,0.425876,92.794927,92.794927,53.033006,
06/30/2000,76.255,74.245,,,,,0.0,0.0,0.0,2.01,-40.96,24.208,1.712,15.04,0.0,,0.0,35.295,-20.667,26.947,-6.386,0.106,14.628,0.0,,,,0.0,,,14.628,,12.245,,0.0,7.597,7.597,,36.884184,0.20368,0.20368,0.20368,48.706177,0.20368,0.20368,0.20368,,,,,,,,,,29.89,,29.89,,,,,,29.89,0.461981,0.461981,0.472167,102.204751,102.204751,58.265239,
09/30/2000,76.937,74.884,,,,,0.0,0.0,0.0,2.053,-41.037,25.122,0.851,15.064,0.0,,0.0,35.9,-20.798,26.962,-7.353,1.189,15.102,0.0,,,,0.984,,,14.118,,11.817,,0.0,7.169,7.169,,36.899306,0.194422,0.222196,0.222196,48.721298,0.194422,0.212938,0.212938,,,,,,,,,,30.63,,30.63,,,,,,30.63,0.4733,0.4733,0.490683,103.672706,103.672706,59.111525,
12/31/2000,91.597,89.514,,,,,0.0,0.0,0.0,2.083,-46.936,28.444,1.477,17.015,0.0,,0.0,44.661,-18.003,26.387,-9.86,1.476,26.658,0.0,,,,-0.68,,,27.338,,21.893,,0.0,16.879,16.879,,36.863662,0.45365,0.435134,0.435134,48.691055,0.342552,0.324036,0.324036,,,,,,,,,,45.656,,45.656,,,,,,45.656,0.709011,0.709011,0.518457,73.124058,73.124058,43.735325,
03/31/2001,77.289,74.85,,,,,0.0,0.0,0.0,2.439,-41.749,24.05,1.682,16.017,0.0,,0.0,35.54,-22.262,27.996,-6.055,0.321,13.278,0.0,,,,-0.1,,,13.378,,11.25,,0.0,6.419,6.419,,36.33548,0.175905,0.175905,0.175905,48.385379,0.175905,0.166647,0.166647,,,,,,,,,,30.374,,30.374,,,,,,30.374,0.478586,0.478586,0.490683,102.527622,102.527622,58.698887,
06/30/2001,80.013,77.384,,,,,0.0,0.0,0.0,2.629,-45.808,27.676,1.832,16.3,0.0,,0.0,34.205,-20.74,27.497,-6.625,-0.132,13.465,0.0,,,,-0.441,,,13.906,,11.657,,0.0,6.826,6.826,,36.476976,0.185163,0.175905,0.175905,48.523635,0.185163,0.175905,0.175905,,,,,,,,,,30.918,,30.918,,,,,,30.918,0.486099,0.486099,0.490683,100.943075,100.943075,57.890646,
09/30/2001,82.481,79.684,,,,,0.0,0.0,0.0,2.797,-45.937,28.461,0.963,16.513,0.0,,0.0,36.544,-19.448,27.55,-8.209,0.107,17.096,0.0,,,,-0.15,,,17.246,,14.281,,0.0,9.268,9.268,,36.59363,0.249971,0.249971,0.249971,48.640289,0.249971,0.249971,0.249971,,,,,,,,,,34.478,,34.478,,,,,,34.478,0.541077,0.541077,0.509199,94.108417,94.108417,54.044463,
12/31/2001,92.682,89.037,,,,,0.0,0.0,0.0,3.645,-49.143,30.068,2.303,16.772,0.0,,0.0,43.539,10.225,26.603,-12.041,-24.787,53.764,0.0,,,,1.57,,,52.194,,40.535,,0.0,35.522,35.522,,36.665998,0.972108,1.018399,1.018399,48.713737,0.731395,0.75917,0.75917,,,,,,,,,,47.838,,47.838,,,,,,47.838,0.751047,0.751047,0.490683,65.333208,65.333208,39.574648,
03/31/2002,76.95,74.501,,,,,0.0,0.0,0.0,2.449,-43.74,25.698,1.533,16.509,0.0,,0.0,33.21,-18.97,25.124,-6.306,0.152,14.24,0.0,,,,-13.696,,,27.936,,22.363,,0.0,17.35,17.35,,37.517139,0.462908,0.185163,0.185163,49.563798,0.462908,0.185163,0.185163,,,,,,,,,,33.673,,33.673,,,,,,33.673,0.528184,0.528184,0.509199,96.405577,96.405577,56.732991,
06/30/2002,79.108,76.891,,,,,0.0,0.0,0.0,2.217,-46.792,27.654,2.012,17.126,0.0,,0.0,32.316,-28.469,25.036,0.9,2.533,3.847,0.0,,,,0.504,,,3.343,,3.736,,0.0,-1.277,-1.277,,39.14489,-0.037033,-0.027775,-0.027775,51.190469,-0.037033,-0.027775,-0.027775,,,,,,,,,,33.172,,33.172,,,,,,33.172,0.50738,0.50738,0.472167,93.059779,93.059779,55.718407,
09/30/2002,99.562,96.092,,,,,0.0,0.0,0.0,3.47,-57.213,34.238,1.886,21.089,0.0,,0.0,42.349,-20.464,36.001,-15.55,0.013,21.885,0.0,,,,0.83,,,21.055,,16.871,,0.0,11.676,11.676,,39.165413,0.296261,0.314778,0.314778,53.699605,0.296261,0.314778,0.314778,,,,,,,,,,45.934,,45.934,,,,,,45.934,0.855388,0.855388,0.472167,55.199112,55.199112,40.259067,
12/31/2002,116.88,112.988,,,,,0.0,0.0,0.0,3.892,-64.336,39.49,2.004,22.842,0.0,,0.0,52.544,-15.482,36.453,-22.093,1.122,37.062,0.0,,,,-12.175,,,49.237,,38.412,,0.0,33.216,33.216,,39.753002,0.833235,0.527716,0.527716,53.888627,0.620297,0.398101,0.398101,,,,,,,,,,52.137,,52.137,,,,,,52.137,0.967495,0.967495,0.601781,62.199877,62.199877,45.671577,
03/31/2003,113.895,109.81,,,,,0.0,0.0,0.0,4.085,-65.073,38.976,2.336,23.761,0.0,,0.0,48.822,-19.414,34.008,-14.466,-0.128,29.408,0.0,,,,-0.357,,,29.765,,24.62,,0.0,19.425,19.425,,55.878221,0.35181,0.35181,0.35181,71.205226,0.342552,0.333294,0.333294,,,,,,,,,,63.285,,63.285,,,,,,63.285,0.888769,0.888769,0.527716,59.376013,59.376013,46.59556,
06/30/2003,116.473,112.708,,,,,0.0,0.0,0.0,3.765,-69.705,42.59,2.719,24.396,0.0,,0.0,46.768,-6.23,32.981,-15.141,-11.61,40.538,0.0,,,,-0.785,,,41.323,,33.769,,0.0,28.574,28.574,,56.030519,0.509199,0.499941,0.499941,71.374806,0.509199,0.499941,0.499941,,,,,,,,,,5.671,,5.671,,,,,,5.671,0.079454,0.079454,0.527716,664.179157,664.179157,521.389526,
09/30/2003,117.219,112.896,,,,,0.0,0.0,0.0,4.323,-69.696,42.732,1.687,25.277,,,,47.523,-17.88,31.858,-13.252,-0.726,29.643,,,,,-22.37,,,,,41.799,,,39.732,39.732,,57.674473,0.685104,0.685104,0.370327,81.34114,0.638814,0.638814,0.361069,,,,,,,,,,63.763,,63.763,,,,,,63.763,0.783896,0.783896,,,,0.0,
12/31/2003,135.972,130.422,,,,,0.0,0.0,0.0,5.55,-85.609,48.825,1.893,34.891,0.0,,0.0,50.363,-14.399,33.665,-16.038,-3.228,35.964,0.0,,,,2.124,,,33.84,,27.846,,0.0,25.487,25.487,,57.82191,0.444392,0.481425,0.481425,81.282273,0.314778,0.342552,0.342552,,,,,,,,,,75.964,,75.964,,,,,,75.964,0.93457,0.93457,0.675846,72.316262,72.316262,58.786017,
03/31/2004,123.668,119.696,,,,,0.0,0.0,0.0,3.972,-80.161,42.836,3.024,34.301,0.0,,0.0,43.507,-18.888,33.333,-14.85,0.405,24.619,0.0,,,,-0.109,,,24.728,,20.328,,0.0,18.116,18.116,,63.068628,0.287003,0.287003,0.287003,82.752866,0.287003,0.287003,0.287003,,,,,,,,,,68.683,,68.683,,,,,,68.683,0.829977,0.829977,0.564748,68.043825,68.043825,51.858539,
06/30/2004,128.796,124.019,,,,,0.0,0.0,0.0,4.777,-85.115,47.533,2.271,35.311,0.0,,0.0,43.681,-20.665,34.755,-13.31,-0.78,23.016,0.0,,,,-0.38,,,23.396,,19.326,,0.0,17.113,17.113,,63.308416,0.268487,0.259229,0.259229,82.986174,0.268487,0.259229,0.259229,,,,,,,,,,68.049,,68.049,,,,,,68.049,0.820004,0.820004,0.564748,68.871401,68.871401,52.540081,
09/30/2004,130.007,120.571,,,,,,5.642,,3.794,-80.506,43.047,2.788,34.671,,,,49.501,-26.699,37.44,-12.09,1.349,22.802,,,,,-1.034,,,,,19.656,,,17.298,17.298,,63.374304,0.268487,0.259229,0.277745,79.075033,0.268487,0.259229,0.277745,,,,,,,,,,72.887,,72.887,,,,,,72.887,0.921745,0.921745,0.564748,61.269486,61.269486,49.104134,
12/31/2004,164.797,142.062,,,,,0.0,16.109,0.0,6.626,-110.672,69.865,2.994,37.813,0.0,,0.0,54.125,-25.909,40.799,-14.631,-0.259,28.216,0.0,,,,-11.327,,,39.543,,32.323,,0.0,29.966,29.966,,63.481237,0.472167,0.324036,0.333294,83.092026,0.472167,0.324036,0.333294,,,,,,,,,,89.556,,89.556,,,,,,89.556,1.077793,1.077793,0.601781,55.834562,55.834562,44.976852,
03/31/2005,149.173,138.87,,,,,0.0,5.277,0.0,5.026,-96.87,58.059,2.652,36.159,0.0,,0.0,52.303,-29.403,41.957,-11.246,-1.308,22.9,0.509,,,,-1.288,,,24.697,,20.493801,,,18.135801,18.135801,,63.581689,0.287003,0.268487,0.268487,79.156043,0.277745,0.259229,0.259229,,,,,,,,,,75.954,,75.954,,,,,,75.954,0.959548,0.959548,0.601781,62.715064,62.715064,50.375556,
06/30/2005,186.506,174.383,,,,,0.0,6.164,0.0,5.959,-129.276,72.046,3.865,53.365,0.0,,0.0,57.23,-44.591,60.788,-16.338,0.141,12.639,0.529,,,,0.064,,,13.104,,11.313,,,6.747,6.747,,63.834438,0.10184,0.10184,0.10184,79.514645,0.10184,0.10184,0.10184,,,,,,,,,,77.064,,77.064,,,,,,77.064,0.96918,0.96918,0.601781,62.091768,62.091768,49.847335,
09/30/2005,201.59,189.365,,,,,0.0,6.921,0.0,5.304,-84.605,81.185,3.42,56.211,0.0,,0.0,60.774,-51.219,70.06,-18.831,-0.01,9.555,1.166,,,,-1.101,,,11.822,,10.338,,0.0,4.064,4.064,,63.994297,0.064807,0.046291,0.046291,79.562171,0.064807,0.037033,0.046291,,,,,,,,,,81.09,,81.09,,,,,,81.09,1.019203,1.019203,0.601781,59.044272,59.044272,47.491121,
12/31/2005,174.555,160.125,,,,,0.0,7.766,0.0,6.664,-115.034,65.455,2.169,47.41,0.0,,0.0,59.521,-35.994,64.292,-29.888,1.59,23.527,-0.173,,,,-11.859,,,35.213,,29.537,,0.0,23.637,23.637,,64.705021,0.365698,0.185163,0.208309,79.63994,0.296261,0.148131,0.166647,,,,,,,,,,102.723,,102.723,,,,,,102.723,1.289843,1.289843,0.629555,48.808699,48.808699,41.779202,
03/31/2006,200.692,186.802,,,,,0.0,7.257,0.0,6.633,-139.666,76.559,3.698,59.409,0.0,,0.0,61.026,-50.049,68.781,-21.016,2.284,10.977,0.533,,,7.453,-3.836,,,15.346,-0.515,13.423,2.466,0.0,7.453,7.453,,74.245785,0.10184,0.055549,0.083324,89.129938,0.10184,0.055549,0.074065,,63.539,20.579,-4.032,,,0.623,,,90.113,,90.113,-2.4,,,0.2,,87.913,0.968462,0.944818,0.629555,65.005715,66.632466,51.870252,
06/30/2006,193.091,179.762,,,,,0.0,7.369,0.0,5.96,-135.425,76.123,3.292,56.01,0.0,,0.0,57.666,-50.287,68.148,-17.861,0.0,7.379,-0.218,,,25.672,-29.792,,,36.953,40.531,31.642,2.467,0.0,25.672,25.672,,77.183731,0.333294,0.009258,0.009258,91.835656,0.333294,0.009258,0.009258,,59.411,20.585,3.633,,,-59.706,,,85.327,,85.327,-3.1,,,0.2,,82.427,0.891113,0.860827,0.629555,70.648212,73.133803,56.94732,
09/30/2006,202.077,184.829,,,,,0.0,8.023,0.0,9.225,-138.026,81.933,2.551,53.542,0.0,,0.0,64.051,-48.354,67.353,-18.49,-0.509,15.697,-0.535,,,46.968,-47.776,,,62.938,7.772,53.167,2.575,0.0,46.968,46.968,,77.206413,0.611039,0.092582,0.092582,91.833496,0.611039,0.092582,0.092582,,56.121,21.045,-3.472,,,-44.414,-0.001,,86.595,,86.595,-3.5,,,1.0,,84.095,0.904376,0.878267,0.629555,69.612149,71.681598,56.129938,
12/31/2006,233.806,216.885,,,,,0.0,8.806,0.0,8.115,-88.174,84.183,3.991,55.31,0.0,,0.0,90.322,-41.722,70.384,-28.686,0.024,48.6,0.187,,,,-134.828,,,183.615,,154.13,,0.0,147.932,147.932,0.024,77.251779,1.916441,0.166647,0.166647,99.177281,1.833117,0.129614,0.129614,,,,,,,,,,,,,-2.8,,,0.2,,,,,0.65733,,,,
03/31/2007,192.798,177.489,,,,,0.0,8.754,0.0,6.555,-136.523,79.771,5.373,51.379,0.0,,0.0,56.275,-48.663,64.02,-14.483,-0.874,7.612,0.12,,,3.508,-0.207,,,7.939,0.481,6.083,2.575,0.0,3.508,3.508,,77.411637,0.046291,0.046291,0.055549,91.847538,0.046291,0.046291,0.055549,,55.974,24.388,-3.658,,,-0.582,2.382,,85.068,,85.068,-1.6,,,-0.1,-14.3,69.068,0.888298,0.721223,0.65733,73.998813,91.141064,59.816841,
06/30/2007,194.324,178.272,,,,,0.0,9.599,0.0,6.453,-138.457,80.392,4.412,53.653,0.0,,0.0,55.867,-37.45,58.726,-18.997,-2.279,18.417,0.787,,,10.9,-0.247,,,19.451,4.239,17.594,2.575,-4.119,10.9,10.9,-1.545,77.259339,0.138873,0.185163,0.185163,91.326916,0.138873,0.185163,0.185163,,59.291,20.696,3.98,,,-1.725,-0.012,,100.696,,100.696,-3.2,,,0.0,-17.1,80.396,0.964065,0.769713,0.65733,68.183155,85.39941,50.43386,
09/30/2007,223.984,205.986,,,,,0.0,9.242,0.0,8.756,-153.902,91.739,1.992,60.171,0.0,,0.0,70.082,-41.187,59.982,-18.648,-0.147,28.895,-0.429,,,19.366,0.688,,,27.778,1.116,24.007,3.627,0.0,17.28,17.28,,77.417038,0.222196,0.231454,0.231454,91.302073,0.222196,0.231454,0.231454,,59.061,23.422,-4.438,,,0.868,0.0,,110.983,,110.983,-4.1,,,-0.8,-13.3,92.783,1.062817,0.888526,0.65733,61.847914,73.979792,45.852554,
12/31/2007,225.073,204.49,,,,,0.0,12.157,0.0,8.426,-148.751,85.847,4.823,58.081,0.0,,0.0,76.322,-28.65,65.948,-29.33,-7.968,47.672,-0.008,,,39.93,-1.278,,,48.942,5.238,41.209,2.006,0.727,39.93,39.93,-10.306,77.979784,0.509199,0.490683,0.407359,91.722243,0.509199,0.490683,0.407359,,62.626,21.197,-2.157,,,-0.286,0.023,,132.479,,132.479,-4.6,,,-0.7,-24.2,102.979,1.345377,1.045793,0.740653,55.051744,70.822206,43.596344,
03/31/2008,217.531,201.511,,,,,0.0,9.691,0.0,6.329,-93.371,88.968,4.403,60.654,0.0,,0.0,63.506,-51.397,74.369,-22.298,-0.674,12.109,-0.301,,,92.61,0.0,,0.0,111.661,15.842,95.064,2.454,-3.035,89.575,89.575,-0.674,78.138563,1.157271,0.111098,-0.131535,95.364432,1.144322,,-0.020437,,61.127,22.279,-2.243,,,-99.604,,,92.465,,92.465,-2.1,,,-3.8,-12.7,73.865,0.969596,0.774555,0.740653,76.387822,95.623096,62.776186,
06/30/2008,216.791,199.698,,,,,0.0,10.382,0.0,6.711,-93.672,89.537,4.135,57.474,0.0,,0.0,65.645,-46.607,72.042,-24.946,-0.489,19.038,0.689,,,15.725,-0.301,,,20.028,2.537,16.56,0.835,0.0,15.725,15.725,-0.489,79.691786,0.194422,0.194422,0.194422,93.73452,0.194422,0.194422,0.194422,,57.774,25.755,-2.358,,,-0.135,-0.488,,99.645,,99.645,-2.6,,,-3.9,-11.3,81.845,0.925817,0.760434,0.740653,80.0,97.398742,59.234282,
09/30/2008,222.261,204.614,,,,,0.0,10.261,0.0,7.386,-95.098,92.215,2.883,65.937,0.0,,0.0,61.226,-58.176,73.887,-19.928,4.217,3.05,0.362,,,2.638,0.0,,0.0,4.398,0.386,3.473,0.835,0.0,3.473,3.473,4.217,80.935012,0.027775,0.027775,0.027775,94.445244,0.027775,0.027775,0.027775,,66.637,25.227,-2.558,,,5.402,-0.021,,98.546,,98.546,-3.0,,,-2.0,-12.5,81.046,0.925817,0.761408,0.740653,80.0,97.274141,60.829257,
12/31/2008,238.287,217.977,,,,,0.0,10.382,0.0,9.928,-96.401,91.3,5.101,90.798,0.0,0.0,0.0,51.088,8.05,74.895,-26.659,-56.286,59.138,-1.876,,,50.952,-1.662,,,58.924,6.807,50.952,0.009,0.0,50.952,50.952,26.421,82.299213,0.619107,0.598912,0.92017,82.299213,0.619107,0.598912,0.92017,,93.802,22.115,-2.793,,,-1.033,0.02,0.197,170.076,,170.076,-0.9,,,-13.9,-19.3,135.976,1.775129,1.419218,0.740653,41.723935,52.187445,35.839977,
03/31/2009,205.721,190.155,123.209,64.145,2.801,0.0,0.0,8.541,0.0,7.025,-161.588,92.855,5.258,63.475,,0.0,0.0,44.133,-30.766,69.939,-15.926,-23.247,13.367,0.801,0.09,-0.891,14.016,-2.253,-2.253,0.0,16.421,2.124,14.016,,-0.212,13.804,-11.696,-23.247,83.058542,0.166647,0.139071,-0.12514,95.646345,0.166647,0.139071,-0.12514,,64.911,25.434,-3.654,-0.582,,0.598,-0.008,,102.839,,102.839,-1.6,,,4.4,-9.9,95.739,1.075201,1.000969,0.740653,68.885151,73.99367,59.91793,
06/30/2009,202.175,185.003,120.569,61.765,2.669,0.0,0.0,9.345,0.0,7.827,-151.734,84.784,4.648,62.302,,,0.0,50.441,-48.841,71.914,-14.556,-8.517,1.6,0.38,-0.001,-0.379,-21.736,26.346,26.346,0.0,-24.366,-2.983,-21.736,,-1.019,-22.755,-4.926,-8.517,81.266424,-0.280005,0.044188,-0.060615,81.266424,-0.280005,0.044188,-0.060615,,63.74,24.844,-3.635,-27.058,,26.748,,,59.92,,59.92,-2.1,,,3.4,-9.1,52.12,0.640366,0.557007,0.570494,89.088785,102.421335,77.373164,
09/30/2009,197.792,180.728,117.593,59.228,3.907,0.0,0.0,10.449,0.0,6.615,-148.493,80.506,7.085,60.902,,,0.0,49.299,110.543,65.779,-19.165,-157.157,159.842,-0.302,-0.089,0.391,142.838,-4.831,-4.831,0.0,164.371,21.52,142.838,,-3.347,139.491,-22.497,-157.157,82.05338,1.700003,1.641127,-0.274175,82.25775,1.698309,1.639578,-0.274175,,61.856,27.435,-3.623,-0.589,-0.282,-160.788,0.283,,88.65,,88.65,-3.5,,,3.3,-7.9,80.55,0.940228,0.854319,0.5813,61.825381,68.042458,53.804399,
12/31/2009,199.968,179.109,112.897,58.965,7.247,0.0,0.0,12.422,0.0,8.437,-163.67,79.342,8.944,75.384,,0.0,0.0,36.298,-40.982,59.409,-18.513,0.086,-4.684,3.883,0.264,-4.147,-14.376,16.372,16.372,0.0,-17.173,-2.834,-14.376,,0.0,-14.376,-0.18,-2.176,92.378703,-0.15562,0.021607,-0.001949,92.378703,-0.15562,0.021607,-0.001949,,75.656,20.85,-2.822,-0.21,-7.219,16.44,7.216,,92.701,-0.015,92.686,-3.5,2.376,,2.7,-12.8,81.462,0.887204,0.779766,0.591708,66.693568,75.882743,58.96506,
03/31/2010,182.114,165.976,101.98,61.009,2.987,0.0,0.0,10.221,0.0,5.917,-149.741,83.008,7.518,59.215,,0.0,0.0,32.373,-40.336,55.411,-16.459,1.384,-7.963,1.215,0.0,-1.215,-6.357,0.113,0.113,0.0,-6.861,-0.798,-6.357,,0.0,-6.357,-6.244,0.0,96.951,-0.08,-0.08,-0.08,96.951,-0.08,-0.08,-0.08,,59.215,22.362,-2.824,,-0.032,,0.031,,71.597,,71.597,-0.3,2.804,,2.1,-11.9,64.301,0.656143,0.589279,0.6,91.443496,101.819256,81.247259,
06/30/2010,181.226,162.222,102.002,57.112,3.108,0.0,0.0,12.117,0.0,6.887,-143.769,80.762,3.642,59.365,,,0.0,37.457,-38.376,52.238,-15.762,1.9,-0.919,1.375,0.0,-1.375,-0.44,0.401,0.401,0.0,0.055,0.02,-0.44,,0.0,-0.44,-0.132,-0.093,123.446,-0.01,-0.01,-0.001069,123.446,-0.01,-0.01,-0.010753,,59.913,22.256,-3.772,,,-0.51,-0.001,,77.466,,77.466,-1.6,4.162,,2.0,-13.7,68.328,0.571726,0.504284,0.5,87.454496,99.150421,79.677536,
09/30/2010,189.471,171.22,105.55,61.808,3.862,0.0,0.0,10.529,0.0,7.722,-152.732,86.001,4.546,62.185,,,0.0,36.739,-30.156,51.662,-19.687,-1.819,6.583,2.662,0.0,-2.662,8.429,-0.223,-0.223,0.0,9.468,0.946,8.429,,-0.551,7.878,5.567,-2.088,130.213,0.06,0.06,0.042753,130.213,0.06,0.06,0.042753,,62.801,25.982,-4.556,,,-0.04,-0.241,,93.321,,93.321,-3.5,4.238,,1.8,-17.5,78.359,0.657098,0.551746,0.5,76.092198,90.621371,69.766183,
12/31/2010,200.334,180.12,109.967,61.88,8.273,0.0,0.0,10.028,0.0,10.186,-151.887,83.716,4.999,63.172,,0.0,0.0,48.447,-25.854,52.904,-27.621,0.571,22.593,3.95,0.011,-3.961,23.558,0.785,0.785,0.0,25.758,2.33,23.558,,0.0,23.558,22.367,-1.976,130.301,0.18,0.19,0.171656,142.031,0.18,0.19,0.171656,,64.882,21.327,-3.253,,,0.077,0.0,,108.921,,108.921,-1.6,,,0.7,-16.2,91.821,0.766882,0.646486,0.5,65.199089,77.34124,59.814453,
03/31/2011,185.265,168.415,105.834,59.791,2.79,0.0,0.0,10.584,0.0,6.266,-154.618,85.107,7.644,61.867,,0.0,0.0,30.647,-27.946,49.624,-30.275,8.597,2.701,2.478,0.0,-2.478,0.034,5.088,5.088,0.0,0.091,0.003,0.034,,0.0,0.034,12.423,7.301,130.574,0.0,0.04,0.095141,130.574,0.0,0.04,0.095141,,64.626,24.031,-3.482,,,0.979,-12.51,,73.681,0.81,74.491,0.3,2.371,,0.8,-15.4,62.562,0.522828,0.439102,0.5,95.633701,113.868642,88.607646,
06/30/2011,181.299,165.334,104.451,58.022,2.861,0.0,0.0,8.119,0.0,7.846,-144.656,79.988,3.742,60.926,,,0.0,36.643,-18.806,44.066,-25.207,-0.053,17.837,1.768,0.0,-1.768,-19.216,40.516,40.516,0.0,-20.911,-1.714,-19.216,,0.0,-19.216,20.045,-1.255,131.691,-0.145917,0.161742,0.152212,131.691,-0.145917,0.161742,0.152212,,65.834,25.689,-3.9,,,36.2,0.0,,102.893,,102.893,-2.0,,,0.6,-15.9,85.593,0.715369,0.59509,0.5,69.893968,84.02089,63.994149,
09/30/2011,193.319,175.772,108.461,63.538,3.773,0.0,0.0,9.759,0.0,7.788,-152.111,83.338,4.49,64.283,,,0.0,41.208,-23.962,43.761,-20.039,0.24,17.246,1.566,0.0,-1.566,12.941,4.556,4.556,0.0,14.256,1.163,12.941,,0.0,12.941,16.456,-1.041,132.096,0.1,0.132457,0.124576,132.096,0.1,0.132457,0.124576,,67.997,26.821,-3.329,,,-1.389,-0.003,,104.201,,104.201,-2.8,,,1.1,-16.4,86.101,0.72791,0.60147,0.5,68.68984,83.129697,63.385188,
12/31/2011,208.479,185.203,113.416,61.989,9.798,0.0,0.0,11.942,0.0,11.334,-155.004,82.608,5.237,67.159,,0.0,0.0,53.475,146.229,43.281,-219.156,29.646,199.704,0.298,0.0,-0.298,163.107,24.362,24.362,0.0,175.64,12.636,163.107,,0.0,163.107,215.088,27.619,132.128,1.234462,1.418844,1.627876,132.128,1.234462,1.418844,1.627876,,70.831,20.867,-3.217,,,42.823,-188.264,,118.783,,118.783,-1.8,,,2.1,-14.3,104.783,0.829693,0.731904,0.55,66.289578,75.146493,61.179125,
03/31/2012,209.943,187.976,119.528,64.695,3.753,0.0,0.0,11.215,0.0,10.752,-166.384,88.025,4.518,73.841,,0.0,0.0,43.559,6.5,42.523,-30.618,-18.405,50.059,-1.85,0.0,1.85,-14.068,59.932,59.932,0.0,-11.723,2.367,-14.068,,0.0,-14.068,26.367,-19.497,132.273,-0.11,0.346737,0.199338,132.273,-0.11,0.343093,0.195694,,76.964,19.907,-3.213,,,35.727,-11.511,,106.173,,106.173,-1.1,,,2.4,-14.6,92.873,0.740129,0.647415,0.55,74.31136,84.953216,68.732164,
06/30/2012,195.657,176.862,112.612,61.625,2.625,0.0,0.0,9.657,0.0,9.138,-160.59,85.766,5.655,69.169,,,0.0,35.067,-27.438,43.297,-18.691,2.832,7.629,3.075,0.0,-3.075,133.354,-133.839,-133.839,0.0,144.543,11.277,133.354,,0.0,133.354,1.043,1.528,132.768,1.004414,-0.003653,0.007856,132.877,1.00359,-0.003653,0.007846,,73.003,20.975,-3.239,,,-9.512,0.354,,226.212,,226.212,-2.1,,,2.5,-12.6,214.012,1.569402,1.484761,0.55,35.045201,37.042993,32.280516,
09/30/2012,204.092,181.772,112.221,64.713,4.838,0.0,0.0,9.858,0.0,12.462,-157.752,83.952,5.063,68.737,,,0.0,46.34,-2.349,41.565,-19.315,-19.901,43.991,0.934,0.0,-0.934,43.893,-2.35,-2.35,0.0,47.275,3.466,43.893,,0.0,43.893,19.576,-21.967,134.22,0.33,0.309514,0.14585,134.33,0.33,0.309514,0.14585,,72.22,18.404,-3.185,,,-21.765,-0.135,,112.898,,112.898,-2.1,,,1.6,-11.2,101.198,0.77807,0.697436,0.55,70.6877,78.860254,65.387341,
12/31/2012,251.165,228.13,140.157,75.522,12.451,0.0,0.0,10.505,0.0,12.53,-191.114,100.923,5.187,85.004,,0.0,0.0,60.051,124.326,48.335,-10.657,-162.004,184.377,1.999,0.0,-1.999,174.247,0.081,0.081,0.0,186.295,12.148,174.247,,0.0,174.247,10.263,-164.065,136.975,1.27,1.272699,0.074926,136.975,1.27,1.270591,0.072818,,85.004,18.382,-3.225,,,-164.415,10.436,,132.577,0.036,132.613,-1.9,,,4.0,-13.8,120.913,0.900573,0.821119,0.58,64.40343,70.635349,59.924044,
03/31/2013,243.304,219.97,137.027,78.961,3.982,0.0,0.0,10.148,0.0,13.186,-194.795,101.753,6.024,87.018,,0.0,0.0,48.509,-28.778,49.68,-18.115,-2.787,19.731,0.243,0.281,-0.524,18.092,-2.556,-2.556,0.0,22.53,4.515,18.092,,0.0,18.092,10.708,-4.828,137.538,0.13,0.11,0.077855,137.616,0.13,0.11,0.074917,,93.16,16.797,-3.02,,,-2.586,0.017,,126.975,,126.975,-1.2,,,4.9,-15.1,115.575,0.858966,0.781847,0.58,67.523008,74.183292,62.845442,
06/30/2013,245.878,224.404,140.214,81.674,2.516,0.0,0.0,10.301,0.0,11.173,-196.77,101.498,6.693,88.579,,,0.0,49.108,40.833,50.375,-92.201,0.993,89.941,1.477,-0.125,-1.352,218.997,-143.398,-143.398,0.0,234.816,15.893,218.997,,-0.217,218.78,74.237,-1.145,139.372,1.57,0.540869,0.532654,139.526,1.57,0.540869,0.532654,,93.984,18.212,-3.014,,,-141.118,-72.549,,130.405,,130.405,-2.2,,,4.0,-5.1,127.105,0.873378,0.851277,0.58,66.408788,68.132945,61.988237,
09/30/2013,258.154,236.588,145.259,87.218,4.111,0.0,0.0,10.742,0.0,10.824,-200.776,106.385,5.955,88.436,,,0.0,57.378,-8.252,49.603,-35.161,-6.19,49.126,0.543,0.079,-0.622,38.123,8.844,8.844,0.0,40.825,2.36,38.123,,0.0,38.123,38.724,-8.243,140.712,0.27,0.33,0.2752,140.773,0.27,0.33,0.271445,,92.22,17.047,-2.986,,,0.919,-18.112,,129.571,,129.571,-2.5,,,3.2,-16.0,114.271,0.861538,0.759806,0.58,67.321469,76.335291,62.987057,
12/31/2013,282.137,258.079,155.618,89.915,12.546,,0.0,9.001,0.0,15.057,-215.851,113.62,9.099,93.132,,0.0,,66.286,-67.755,47.588,-22.103,42.27,-1.469,-0.572,-0.093,0.665,144.878,-152.83,-152.83,0.0,150.789,4.787,144.878,,0.0,144.878,31.685,39.637,140.724,1.03,-0.056508,0.225157,140.724,1.03,-0.056508,0.225157,,95.061,14.882,-2.88,,,-112.979,-3.126,,140.623,,140.623,-2.2,,,3.5,-9.6,132.323,0.935111,0.879918,0.62,66.302255,70.461084,62.04453,
03/31/2014,264.512,245.961,151.633,91.475,2.853,0.0,0.0,8.121,0.0,10.43,-208.682,113.148,6.877,88.657,,0.0,0.0,55.83,-36.358,46.338,-13.769,3.789,19.472,0.172,0.0,-0.172,17.819,0.0,0.0,0.0,19.644,1.265,17.819,,0.0,17.819,19.788,1.969,140.767,0.13,0.13,0.140573,140.817,0.13,0.13,0.140573,,88.657,14.915,-2.767,,,1.611,0.06,,121.56,,121.56,-1.1,,,3.1,-12.2,111.36,0.806058,0.738422,0.62,76.917539,83.962787,71.808161,
06/30/2014,254.337,234.967,149.22,83.375,2.372,0.0,0.0,8.776,0.0,10.594,-195.685,102.761,5.123,87.801,,,,58.652,-43.564,45.8,-13.903,11.667,15.088,2.898,0.0,-2.898,16.088,0.0,0.0,0.0,17.986,1.115,16.088,,0.0,16.088,25.543,9.455,140.894,0.11,0.11,0.181292,141.036,0.11,0.11,0.17704,,87.801,14.565,-2.633,,,9.577,3.312,,129.825,,129.825,-1.7,,,2.8,-13.0,117.925,0.858921,0.78019,0.62,72.183616,79.46778,67.25053,
09/30/2014,263.492,244.526,150.395,90.059,4.072,0.0,0.0,8.352,0.0,10.614,-201.94,106.86,5.339,89.741,,0.0,,61.552,-23.497,47.803,-16.935,-7.371,38.055,0.689,0.0,-0.689,35.914,0.0,0.0,0.0,38.744,2.571,35.914,,0.0,35.914,26.399,-9.515,140.916,0.25,0.25,0.187339,141.06,0.25,0.25,0.182546,,89.742,15.564,-2.898,,,-8.764,0.393,,132.522,,132.522,-2.7,,,4.6,-11.4,123.022,0.876573,0.813734,0.62,70.730022,76.191933,65.927106,
12/31/2014,322.909,293.588,182.323,96.21,15.055,0.0,0.0,8.733,0.0,20.588,-243.751,119.161,12.073,112.517,,0.0,0.0,79.158,1450.89,50.748,-16.019,-1485.619,1530.048,0.51,0.0,-0.51,1429.221,0.0,0.0,0.0,1530.558,100.779,1429.221,,0.0,1429.221,-59.713,-1488.934,149.924,9.52,9.52,-0.398288,149.924,9.51,9.51,-0.421259,,112.517,16.825,-2.984,,,-1497.603,0.093,,158.848,9.146,167.994,-3.8,,,8.2,-35.1,137.294,1.048383,0.856797,0.65,62.00022,75.863949,61.348333,
03/31/2015,318.335,299.707,190.761,105.698,3.248,0.0,0.0,5.625,0.0,13.003,-270.744,128.132,8.422,120.618,,0.0,13.572,47.591,-21.859,53.286,-8.274,-23.153,25.732,0.935,,,24.611,0.0,0.0,0.0,26.667,1.635,24.611,,0.0,24.611,12.9,-11.711,158.336,0.15,0.15,0.081472,158.544,0.15,0.15,0.076134,,120.618,11.82,-3.168,,,-22.094,0.112,,133.534,11.327,144.861,-1.6,14.468,,11.8,-13.9,155.629,0.856861,0.920555,0.65,75.858237,70.609591,77.072805,
06/30/2015,322.794,301.299,193.131,105.592,2.576,,,6.174,0.0,15.321,-252.422,114.116,7.55,119.333,,,11.423,70.372,-54.909,54.896,-9.094,9.107,15.463,0.283,,,14.395,0.0,0.0,0.0,15.746,0.961,14.395,,0.0,14.395,32.112,17.717,158.501,0.09,0.09,0.202598,158.633,0.09,0.09,0.201685,,119.333,14.913,-3.297,,,4.685,0.003,,150.993,13.0,163.993,-2.5,,,10.3,-19.7,152.093,0.969163,0.898836,0.65,67.068198,72.315721,68.23207,
09/30/2015,326.262,306.514,194.183,106.339,5.992,0.0,0.0,5.271,0.0,14.477,-240.345,115.962,6.688,117.486,,0.0,0.209,85.917,-50.462,54.956,-10.817,6.323,35.455,0.859,0.0,-0.859,33.597,0.0,0.0,0.0,36.314,2.244,33.597,,0.0,33.597,37.10185,3.50485,158.517,0.21,0.21,0.234056,158.634,0.21,0.21,0.232094,,113.787,21.043,-3.543,,,3.342,0.002,,170.472,0.236,170.708,-3.8,,,9.5,-15.2,161.208,1.008847,0.952704,0.65,64.429992,68.226856,60.441627,
12/31/2015,320.758,292.905,181.528,97.5,13.877,0.0,0.0,9.184,0.0,18.669,-228.19,113.945,7.21,107.035,,0.0,0.0,92.568,350.471,48.805,-16.979,-382.297,443.039,1.146,0.0,-1.146,414.959,0.0,0.0,0.0,444.185,28.144,414.959,,0.0,414.959,28.755,-386.204,156.325,2.65,2.65,0.183944,156.325,2.65,2.65,0.17948,,107.035,25.121,-3.044,,,-384.944,-0.002,,187.269,-0.878,186.391,3.5,,,5.6,-19.9,175.591,1.115927,1.051267,4.68,419.382395,445.177167,390.668504,
03/31/2016,256.0,234.235,151.048,80.173,3.014,0.0,0.0,8.617,0.0,13.148,-202.784,107.224,8.629,86.931,,0.0,0.0,53.216,399.476,39.776,-11.66,-427.592,452.692,-1.317,,,420.915,0.0,0.0,0.0,451.375,29.985,420.915,,0.0,420.915,-9.966,-430.881,151.984,2.77,2.77,-0.065573,152.103,2.76,2.76,-0.072824,,83.237,41.876,-2.94,,,-432.044,,,141.029,3.575,144.604,-2.2,,1.0,4.2,-9.7,137.904,0.887555,0.846431,0.68,76.614976,80.337278,73.282176,
06/30/2016,259.904,230.79,152.448,75.948,2.394,0.0,0.0,11.325,0.0,17.789,-191.08,98.209,7.681,85.19,,0.0,0.0,68.824,-18.876,41.195,-14.616,-7.703,49.948,-0.514,,,45.222,0.0,0.0,0.0,49.434,3.81,45.222,,0.0,45.222,34.307,-10.915,146.644,0.31,0.31,0.233948,146.769,0.31,0.31,0.233948,,85.19,39.909,-3.093,,,-10.69,0.0,,160.348,0.0,160.348,-3.7,,1.0,5.1,-0.4,162.348,1.017424,1.030114,0.68,66.835483,66.012122,62.18844,
09/30/2016,253.367,232.336,154.018,74.447,3.871,0.0,0.0,8.983,0.0,12.048,-193.501,99.595,6.93,86.976,,,0.0,59.866,-45.765,39.983,-11.261,17.043,14.101,-0.905,0.068,0.837,13.73,0.0,0.0,0.0,13.196,1.272,13.73,,0.0,13.73,27.767,14.037,143.923,0.09,0.09,0.19293,144.036,0.09,0.09,0.187455,,86.976,44.044,-3.309,,,19.616,-2.035,,160.294,-5.284,155.01,-3.5,,,9.4,-64.5,96.41,1.001991,0.623198,0.68,67.864886,109.114573,61.055086,
12/31/2016,272.0,245.118,158.781,74.714,11.623,0.0,0.0,10.539,0.0,16.343,-195.286,100.918,4.977,89.391,,0.0,0.0,76.714,-37.894,42.721,-19.404,14.577,38.82,2.014,0.022,-2.036,37.128,0.0,0.0,0.0,40.834,3.257,37.128,,0.0,37.128,47.83,10.702,143.904,0.26,0.26,0.332374,154.542,0.26,0.26,0.32925,,89.391,42.442,-3.088,,,11.487,0.016,,180.633,-0.8,179.833,-4.3,,1.0,7.0,-17.2,166.333,1.163651,1.076296,0.71,61.014842,65.966958,56.563219,
03/31/2017,247.045,219.885,145.555,72.412,1.918,0.0,0.0,11.896,0.0,15.264,-195.95,104.414,8.463,83.073,,,0.0,51.095,20.23,41.301,-15.843,-45.688,71.325,3.484,0.0,-3.484,69.243,0.0,0.0,0.0,74.809,5.108,69.243,,0.0,69.243,19.678,-49.565,143.596,0.48,0.48,0.137037,143.655,0.48,0.48,0.134972,,83.073,40.872,-3.381,,,-59.703,-1.609,,133.603,-0.7,132.903,-3.6,,0.9,3.8,-5.1,128.903,0.86163,0.835698,0.71,82.401947,84.958969,76.310532,
06/30/2017,247.423,223.901,152.893,68.948,2.06,0.0,0.0,10.003,0.0,13.519,-187.949,97.248,7.458,83.243,,,0.0,59.474,-29.985,42.321,-16.936,4.6,29.489,-0.437,0.0,0.437,26.638,0.0,0.0,0.0,29.052,1.987,26.638,,0.0,26.638,27.115,0.477,141.695,0.19,0.19,0.191362,141.728,0.19,0.19,0.191362,,83.243,39.735,-3.446,,,0.477,0.0,0.0,148.634,0.0,148.634,-4.8,,0.9,4.0,-13.9,134.834,0.976224,0.885586,0.71,72.729214,80.172909,67.685355,
09/30/2017,242.451,220.694,144.991,72.897,2.806,0.0,0.0,10.056,0.0,11.701,-186.078,97.644,5.287,83.147,,,0.0,56.373,-34.276,43.265,-23.993,15.004,22.097,-2.869,0.0,2.869,17.498,0.0,0.0,0.0,19.228,1.256,17.498,,0.0,17.498,29.352,11.854,141.299,0.12,0.12,0.20773,141.31,0.12,0.12,0.203886,,83.147,40.776,-3.499,,,12.581,-6.712,,145.047,-0.7,144.347,-5.0,,0.9,3.8,-9.8,134.247,0.951937,0.88533,0.71,74.584751,80.196094,69.165367,
12/31/2017,256.743,257.672,150.591,69.038,1034.0,0.0,0.0,11.439,0.0,-12.368,-160.889,83.585,7.032,85.968,,0.0,-15.696,67.738,-13.382,44.889,-28.774,-2.733,54.356,-15.772,-0.185,12.473,32.751,0.0,0.0,0.0,38.584,3.587,32.751,,0.0,32.751,41.739,8.988,140.918,0.232412,0.232412,0.296194,140.959,0.232344,0.232344,0.296107,,85.968,40.765,-3.284,,,-4.375,-5.802,,155.594,24.1,179.694,-3.3,,0.6,1.2,-44.7,133.494,1.18835,0.882821,0.74,62.271205,83.822209,67.038633,
03/31/2018,236.734,212.383,142.407,68.092,1.884,0.0,0.0,10.542,0.0,13.809,-200.789,109.499,8.019,79.937,,0.0,3.334,35.945,-73.275,52.635,-16.872,37.512,-37.33,2.949,-0.439,-2.51,-33.573,0.0,0.0,0.0,-34.381,-1.86,-33.573,,0.0,-33.573,3.939,37.512,141.024,-0.24,-0.24,0.027931,141.05,-0.24,-0.24,0.025948,,79.937,39.943,-3.345,,,38.319,-1.928,6.02,123.513,1.3,124.813,-4.2,,0.2,4.0,-5.9,118.913,0.824708,0.785724,0.74,89.728698,94.180687,84.491317,
06/30/2018,234.545,211.16,142.883,66.762,1.515,0.0,0.0,10.496,0.0,12.889,-192.231,86.346,4.956,78.868,,0.0,22.061,42.314,-32.764,38.915,-15.669,9.518,9.55,-0.684,0.0,0.684,7.816,0.0,0.0,0.0,8.866,0.552,7.816,,0.0,7.816,17.334,9.518,141.137,0.05,0.05,0.122817,141.137,0.05,0.05,0.117438,,78.868,38.961,-3.322,,,10.066,0.104,-7.357,125.688,18.469,144.157,-4.4,,0.0002,0.0042,-0.0101,139.7513,0.951312,0.922238,0.74,77.787343,80.239611,83.095745,
09/30/2018,242.198,217.626,146.256,68.045,3.325,0.0,0.0,11.052,0.0,13.52,-180.869,91.062,5.439,81.803,,,2.565,61.329,20.378,44.927,-18.789,-46.516,81.707,-0.466,0.0,0.466,74.028,0.0,0.0,0.0,81.241,5.432,74.028,,0.0,74.028,27.512,-46.516,141.196,0.52,0.52,0.19485,141.196,0.52,0.52,0.190557,,81.803,40.18,-3.453,,,-44.456,-0.817,-3.139,149.578,-0.0042,149.5738,5.6,,0.2,2.8,-7.6,150.5738,0.98741,0.994011,0.74,74.943566,74.445846,69.853214,
12/31/2018,246.874,215.733,144.31,60.578,10.845,0.0,0.0,11.39,0.0,19.751,-178.08,85.506,5.746,86.828,,,0.0,68.794,-57.353,46.485,-20.443,31.311,11.441,1.805,0.026,-1.831,11.749,0.0,0.0,0.0,13.246,0.863,11.749,,0.0,11.749,43.06,31.311,141.142,0.08,0.08,0.305083,141.144,0.08,0.08,0.301837,,86.828,41.075,-3.579,,,32.78,0.314,-4.373,165.657,-1.8,163.857,-4.4,,0.2,2.5,-10.7,151.457,1.080986,0.999182,0.75,69.381076,75.061404,63.901012,
03/31/2019,226.522,211.008,141.041,64.209,2.126,3.632,0.0,10.18,0.0,5.334,-184.552,88.618,6.961,81.468,,0.0,7.505,41.97,-32.781,38.357,-12.243,6.667,9.189,-0.346,0.0,0.346,7.824,0.0,0.0,0.0,8.843,0.577,7.824,,0.0,7.824,14.491,6.667,141.262,0.05,0.05,0.102582,141.262,0.05,0.05,0.097196,,81.468,41.353,-3.865,,,6.85,0.071,-12.344,121.934,-0.183,121.751,-3.6,,0.2,2.4,-4.519,116.232,0.802699,0.766313,0.75,93.434756,97.871283,86.888399,
06/30/2019,227.972,211.022,142.72,61.716,2.322,4.264,0.0,9.119,0.0,7.831,-174.435,79.784,4.589,82.385,,0.0,7.677,53.537,-38.911,37.109,-7.257,9.059,14.626,-0.679,-0.172,0.851,15.734,0.0,0.0,0.0,13.947,-2.222,15.734,,0.0,15.734,24.793,9.059,141.344,0.11,0.11,0.175409,141.344,0.11,0.11,0.174092,,82.385,47.531,-3.934,,,9.059,0.313,-15.225,133.641,0.0,133.641,-2.4,,0.2,6.3,-4.0,133.741,0.880608,0.881266,0.75,85.168474,85.104792,79.322962,
09/30/2019,231.127,214.26,142.311,64.77,3.902,3.277,0.0,9.978,0.0,6.889,-180.076,84.842,5.285,82.787,,0.0,7.162,51.051,-0.348,14.799,-14.582,0.131,50.703,-0.678,0.089,0.589,46.371,0.0,0.0,0.0,50.025,3.427,46.371,,0.0,46.371,46.502,0.131,141.368,0.33,0.33,0.328943,141.368,0.33,0.33,0.328943,,82.787,41.719,-3.934,,,0.212,-0.003,-37.337,133.242,0.0,133.242,-4.5,,0.2,4.4,-7.9,125.442,0.87784,0.826451,0.75,85.437024,90.74951,79.574008,
12/31/2019,241.841,222.584,140.853,60.57,12.476,8.685,0.0,11.432,0.0,7.825,-182.25,85.098,5.799,84.086,,,7.267,59.591,-29.966,47.989,-14.426,-3.597,29.625,0.114,0.233,-0.347,26.891,0.0,0.0,0.0,29.739,2.527,26.891,,0.0,26.891,23.294,-3.597,141.384,0.19,0.19,0.164757,141.384,0.19,0.19,0.164559,,84.086,44.001,-4.264,,,-0.383,0.081,-4.795,148.144,-3.2,144.944,-5.5,,0.2,1.6,-6.9,134.344,0.954835,0.885007,0.75,78.547577,84.745132,71.577654,
03/31/2020,226.952,210.721,140.213,62.47,2.779,5.259,0.0,6.973,0.0,9.258,-183.408,86.949,6.821,82.213,,0.0,7.425,43.544,-35.079,8.074,-9.698,36.703,8.465,0.266,-0.234,-0.032,7.522,0.0,0.0,0.0,8.731,0.557,7.522,,0.0,7.522,44.225,36.703,141.437,0.05,0.05,0.312683,141.437,0.05,0.05,0.309501,,82.213,45.72,-4.326,,,36.703,0.0,-45.707,122.682,0.0,122.682,-3.1,,0.2,10.0,-1.436,128.346,0.80757,0.844854,0.5,61.914136,59.181821,57.643746,
06/30/2020,178.587,168.754,,,,,0.0,6.83,0.0,3.003,-168.764,73.575,8.242,80.294,,0.0,6.653,9.823,-38.074,20.034,14.173,3.867,-28.251,1.524,-0.207,-1.317,-25.116,0.0,0.0,0.0,-26.727,-1.851,-25.116,,0.0,-25.116,-21.249,3.867,144.102,-0.18,-0.18,-0.147458,144.102,-0.18,-0.18,-0.153165,,80.294,42.59,-3.876,-2.793,,3.907,0.006,-32.626,60.535,0.0,60.535,,,,,,60.535,0.391544,0.391544,0.5,127.699678,127.699678,119.023705,
09/30/2020,169.5,,,,,,,,,,,,,,,,,78.0,,,,,-29.0,,,,,,,,,,-26.9,,,-26.9,-26.4,,,-0.27,-0.27,-0.182,,-0.27,-0.27,-0.182,,,,,,,,,,,,,,,,,,,,,,,,,
12/31/2020,179.25,,,,,,,,,,,,,,,,,91.15,,,,,-10.7,,,,,,,,,,-22.9,,,-22.9,-15.933,,,-0.13,-0.13,-0.12,,-0.13,-0.13,-0.12,,,,,,,,,,,,,,,,,,,,,,,,,
