Date,Revenue,Sales & Services Revenue,Cost of Revenue,Cost of Goods & Services,Gross Profit,Other Operating Income,Operating Expenses,"Selling, General & Admin",Selling & Marketing,Research & Development,Other Operating Expense,Operating Income (Loss),Non-Operating (Income) Loss,"Interest Expense, Net",Interest Expense,Interest Income,Foreign Exch (Gain) Loss,Other Non-Op (Income) Loss,Pretax Income,Income Tax Expense (Benefit),Income (Loss) from Cont Ops,Net Extraordinary Losses (Gains),Discontinued Operations,XO & Accounting Changes,Income (Loss) Incl. MI,Minority Interest,"Net Income, GAAP",Preferred Dividends,Other Adjustments,"Net Income Avail to Common, GAAP","Net Income Avail to Common, Adj",Net Abnormal Losses (Gains),Basic Weighted Avg Shares,"Basic EPS, GAAP",Basic EPS from Cont Ops,"Basic EPS from Cont Ops, Adjusted",Diluted Weighted Avg Shares,"Diluted EPS, GAAP",Diluted EPS from Cont Ops,"Diluted EPS from Cont Ops, Adjusted",Source: Bloomberg
03/31/1990,233.966995,,-124.956001,,109.010994,,-91.250999,,,,,17.76,-4.633,,9.776,,,-5.143,13.127,-4.7,8.427,0.0,,,8.427001,0.0,8.427,0.0,,8.427,8.427,,185.031742,0.046421,0.046421,,185.031742,0.046421,0.046421,0.046421,
06/30/1990,318.040009,,-164.117996,,153.922012,,-111.621002,,,,,42.300999,-11.213,,10.147,,,1.066,31.087998,-10.8,20.288,0.0,,,20.287998,0.0,20.288,0.0,,20.288,20.288,,186.749264,0.109227,0.109227,,186.749264,0.109227,0.109227,0.109227,
09/29/1990,490.372986,,-252.455002,,237.917984,,-150.268005,,,,,87.650002,-14.135,,13.039,,,1.096,73.515002,-25.700001,47.814999,0.0,,,47.815001,0.0,47.814999,0.0,,47.814999,47.814999,,184.713132,0.259413,0.259413,,184.713132,0.259413,0.259413,0.259413,
12/29/1990,428.251007,,-227.867996,,200.383011,,-165.326004,,,,,35.056999,-13.602,,14.474,,,-0.872,21.454999,-6.8,14.655,0.0,,,14.654999,0.0,14.655,0.0,,14.655,14.655,,186.236572,0.079189,0.079189,0.079189,186.236572,0.079189,0.079189,0.079189,
03/31/1991,267.992004,,-141.945999,,126.046005,,-102.598999,,,,,23.447001,-6.352,,9.424,,,-3.072,17.095001,-5.888,11.207,0.0,,,11.207001,0.0,11.207,-1.373,,9.834,9.834,,190.230464,0.051883,0.051883,,190.230464,0.051883,0.051883,0.051883,
06/30/1991,327.910004,,-166.942001,,160.968002,,-112.627998,,,,,48.34,-12.936,,11.877,,,1.059,35.404,-12.312,23.091999,5.236,,,17.856,0.0,17.856001,-1.344,,16.512001,16.512001,,191.273438,0.087381,0.114688,,191.273438,0.087381,0.114688,0.114688,
10/01/1991,532.0,,-261.820007,,270.179993,,-161.514008,,,,,108.666,-16.191001,,16.690001,,,-0.499,92.475,-34.0,58.474998,0.0,,,58.475,0.0,58.474998,-1.359,,57.115999,57.115999,,191.333983,0.297643,0.297643,,191.333983,0.297643,0.297643,0.297643,
12/31/1991,521.270996,,-265.519012,,255.751984,,-189.804001,,,,,65.947998,-17.227,,17.32,,,-0.093,48.720998,-19.1,29.621,0.0,,,29.620998,0.0,29.621,-1.359,,28.262,28.262,,189.63278,0.150187,0.150187,0.150187,189.63278,0.150187,0.150187,0.150187,
03/31/1992,476.889008,,-252.496002,,224.393005,,-177.473007,,,,,46.919998,-28.424999,,,,,28.424999,18.494999,,18.495001,0.0,,,,0.0,18.495001,-1.388,,17.107001,17.107001,,407.194331,0.042667,0.044373,,407.194331,0.042667,0.044373,0.044373,
06/30/1992,562.432983,,-282.549988,,279.882996,,-207.699005,,,,,72.183998,-39.884998,,,,,39.884998,32.299,,32.299,0.0,,,,0.0,32.299,-1.179,,31.12,31.12,,270.964831,0.1152,0.11776,,270.964831,0.1152,0.11776,0.11776,
09/30/1992,797.197021,,-389.35199,,407.845032,,-251.044998,,,,,156.800003,-72.363998,,,,,72.363998,84.436005,,84.435997,0.0,,,,0.0,84.435997,-1.206,,83.229997,83.229997,,271.039069,0.3072,0.3072,,271.039069,0.3072,0.3072,0.3072,
12/31/1992,727.005981,,-369.360992,,357.644989,,-268.803986,,,,,88.841003,-39.23,,,,,39.23,49.611003,,49.611,0.0,,,,0.0,49.611,-1.205,,48.406,48.406,,269.761711,0.1792,0.1792,0.1792,269.761711,0.1792,0.1792,0.1792,
03/31/1993,477.18399,,-250.481003,,226.702988,,-185.919006,,,,,40.784,-13.769,,13.209,,0.0,0.56,27.015001,-8.535,18.48,4.022,,,14.458001,0.0,14.458,-1.224,,13.234,13.234,,267.583996,0.0512,0.06656,,267.583996,0.0512,0.06656,0.06656,
06/30/1993,576.617981,,-297.605011,,279.01297,,-197.042007,,,,,81.971001,-18.748,,14.929,,0.0,3.819,63.223001,-22.452999,40.77,0.0,,,40.770002,0.0,40.77,-1.223,,39.547,39.547,,266.695321,0.147456,0.14848,,266.695321,0.147456,0.14848,0.14848,
09/30/1993,896.731995,,-442.796997,,453.934998,,-268.273987,,,,,185.660995,-22.291,,16.913,,0.0,5.378,163.369996,-58.714001,104.655998,0.0,,,104.655995,0.0,104.655998,-1.224,,103.431998,103.431998,,266.576171,0.390656,0.38912,,266.576171,0.390656,0.38912,0.38912,
12/31/1993,753.914001,,-352.587006,,401.326995,,-398.567993,,,,,2.759,-19.721,,17.563,,0.0,2.158,-16.962,-11.033,-27.995001,14.681,,,-42.676,0.0,-42.675999,-1.223,,-43.898999,-43.898999,,266.636729,-0.1664,-0.11264,-0.11264,266.636729,-0.1664,-0.11264,-0.11264,
03/31/1994,487.270996,,-249.167007,,238.103989,,-188.427002,,,,,49.676998,-11.408,,8.123,,0.0,3.285,38.268998,-14.2,24.069,0.0,,,24.068998,0.0,24.069,-1.223,,22.846,22.846,,273.495317,0.0832,0.0832,,273.495317,0.0832,0.0832,0.0832,
06/30/1994,650.263,,-335.757996,,314.505005,,-212.617996,,,,,101.887001,-12.805,,11.49,,0.0,1.315,89.082001,-32.0,57.082001,0.0,,,57.082001,0.0,57.082001,-1.223,,55.859001,55.859001,,280.904698,0.1984,0.1984,,280.904698,0.1984,0.1984,0.1984,
09/30/1994,1037.082031,,-508.122009,,528.960022,,-301.898987,,,,,227.061005,-24.241,,18.274,,0.0,5.967,202.820004,-71.0,131.820007,0.0,,,131.820004,0.0,131.820007,-1.152,,130.668007,130.668007,,282.412505,0.4608,0.4608,,282.412505,0.4608,0.4608,0.4608,
12/31/1994,1030.409058,,-510.475006,,519.934052,,-421.984009,,,,,97.949997,-34.489,,17.562,,0.0,16.927,63.460997,-20.6,42.861,0.0,,,42.860997,0.0,42.861,-1.091,,41.77,41.77,,280.614066,0.15168,0.15168,0.15168,280.614066,0.15168,0.15168,0.15168,
03/31/1995,543.570007,,-284.545013,,259.024994,,-210.518005,,,,,48.507,-7.663,,11.077,,0.0,-3.414,40.844,-13.886,26.958,0.0,,,26.958001,0.0,26.958,-1.099,,25.859,25.859,,279.853745,0.096,0.096,0.096,279.853745,0.096,0.096,0.096,
06/30/1995,763.473999,,-396.785004,,366.688995,,-248.216003,,,,,118.473,-17.263,,17.993,,0.0,-0.73,101.21,-33.714001,67.496002,0.0,,,67.495999,0.0,67.496002,-1.099,,66.397002,66.397002,,280.691242,0.24,0.24,0.24,280.691242,0.24,0.24,0.24,
09/30/1995,1176.484009,,-593.534973,,582.949036,,-341.713989,,,,,241.235001,-13.709,,22.733999,,0.0,-9.025,227.526001,-76.199997,151.326004,0.0,,,151.326004,0.0,151.326004,-1.099,,150.227004,150.227004,,281.900005,0.536,0.536,0.536,281.900005,0.536,0.536,0.536,
12/31/1995,1155.284058,,-574.784973,,580.499085,,-387.109985,,,,,193.389008,-30.067,,21.785,,0.0,8.282,163.322008,-51.299999,112.022003,0.0,,,112.022009,0.0,112.022003,-0.045,,111.977003,111.977003,,280.916252,0.4,0.4,0.4,280.916252,0.4,0.4,0.4,
03/31/1996,683.999023,,-361.125,,322.874023,,-269.684998,,,,,53.188999,-24.392,,19.893,,0.0,4.499,28.796999,-8.263,20.534,0.0,,,20.534,0.0,20.534,-0.827,,19.707,19.707,,293.371002,0.07,0.07,0.07,298.858002,0.07,0.07,0.07,
06/30/1996,921.583008,,-485.55899,,436.024017,,-312.73999,,,,,123.283997,-30.694,,21.99,,0.0,8.704,92.589996,-29.219999,63.369999,0.0,,,63.369997,0.0,63.369999,-0.889,,62.480999,62.480999,,292.890015,0.21,0.21,0.21,297.915985,0.21,0.21,0.21,
09/30/1996,1497.916016,,-747.143005,,750.77301,,-444.886993,,,,,305.885986,-37.709999,,28.250999,,0.0,9.459,268.175987,-86.801003,181.375,0.0,,,181.374985,0.0,181.375,-2.838,,178.537,178.537,,289.182007,0.62,0.62,0.62,305.707001,0.59,0.59,0.59,
12/31/1996,1431.833984,,-721.747009,,710.086975,,-523.942017,,,,,186.145004,-38.951999,,30.091999,,0.0,8.86,147.193005,-40.248001,106.945,0.0,,,106.945004,0.0,106.945,-2.837,,104.108,104.108,,287.544006,0.36,0.36,0.36,303.593994,0.35,0.35,0.35,
03/31/1997,693.52002,,-370.709015,,322.811005,,-287.911987,,,,,34.898998,-302.517988,,19.636,,0.0,282.881989,-267.61899,62.994999,-204.623993,0.0,,,-204.623991,0.0,-204.623993,-2.84,,-207.463993,-207.463993,,288.381989,-0.72,-0.72,0.01,288.381989,-0.72,-0.72,0.01,
06/30/1997,972.656006,,-513.81897,,458.837036,,-324.420013,,,,,134.417007,-26.473,,18.514,,0.0,7.959,107.944007,-32.310001,75.634003,0.0,,,75.634006,0.0,75.634003,-2.837,,72.797003,72.797003,,291.737,0.25,0.25,0.25,296.609009,0.25,0.25,0.25,
09/30/1997,1555.347046,,-755.070007,,800.277039,,-442.997986,,,,,357.278992,-39.524,,24.632,,0.0,14.892,317.754992,-94.099998,223.654999,4.61,,,219.044993,0.0,219.044998,-2.838,,216.206998,216.206998,,290.649994,0.74,0.76,0.76,306.869995,0.71,0.73,0.73,
12/31/1997,1613.093018,,-795.018005,,818.075013,,-520.760986,,,,,297.313995,-30.312,,27.348,,0.0,2.964,267.001995,-71.873001,195.128998,0.0,,,195.128994,0.0,195.128998,-1.99,,193.138998,193.138998,,290.962006,0.66,0.66,0.66,306.053009,0.64,0.64,0.64,
03/31/1998,705.164,,-381.246,,323.918,,-281.872,,,,,42.046,-24.29,16.392,16.392,,0.0,7.898,17.756,-5.087,12.669,0.0,,,12.669,0.0,12.669,-1.99,,10.679,10.679,,293.048,0.04,0.04,0.04,298.164,0.04,0.04,0.04,
06/30/1998,1033.509,,-524.269,,509.24,,-448.349,,,,,60.891,-31.134,18.169,18.169,,,12.965,29.757,-25.179,4.578,,,,4.578,,4.578,-1.99,,2.588,2.588,,384.596,0.01,0.01,0.05,423.407,0.01,0.01,0.04,
09/30/1998,1884.843,,-888.753,,996.09,,-580.459,,,,,415.631,-148.304,42.346,42.346,,0.0,105.958,267.327,-98.593,168.734,0.0,,,168.734,0.0,168.734,-1.99,,166.744,166.744,,399.218,0.42,0.42,0.58,435.123,0.39,0.39,0.531,
12/31/1998,1818.355,,-850.27,,968.085,,-769.306,,,,,198.779,-57.076,44.859,44.859,,0.0,12.217,141.703,-53.006,88.696,0.0,,,88.697,0.0,88.698,-1.99,,86.708,86.708,,397.237,0.22,0.22,0.22,424.296,0.2,0.2,0.2,
03/31/1999,688.315002,,-372.94101,,315.373993,,-305.691986,,,,,9.682,-27.102,,24.858,,0.0,2.244,-17.42,4.79,-12.63,-17.679001,,,5.049001,0.0,5.049,-1.99,0.0,3.059,3.059,,396.480011,0.01,-0.04,-0.04,422.264008,0.01,-0.03,-0.03,
06/30/1999,802.271,,-442.612,,359.659,0.0,-308.346,198.511,96.875,,109.835,51.313,-321.699,,27.614,,,294.085,-270.386,59.405,-210.981,-6.647,,,-204.334,0.0,-204.334,-1.99,0.0,-206.324,-206.324,,409.04,-0.5,-0.52,-0.52,409.04,-0.5,-0.52,-0.52,
09/30/1999,1587.703,,-805.881,,781.822,0.0,-440.442,204.722,222.597,,235.72,341.38,-34.55,,36.019,,,-1.469,306.83,-84.685,222.145,86.812,,,135.333,,135.333,,0.0,135.333,135.333,,425.148,0.32,0.52,0.52,429.455,0.32,0.52,0.52,
12/31/1999,1517.201,,-792.035,,725.166,,-550.004,,,,,175.162,-24.022,43.118,43.118,,0.0,-19.096,151.14,-41.287,109.853,128.274,,,-18.421,0.0,-18.421,0.0,0.0,-18.421,-18.421,,425.68,-0.04,-0.04,-0.04,425.68,-0.04,-0.04,-0.04,
03/31/2000,693.260986,,-378.903992,,314.356995,,-358.018005,,,,,-43.660999,-17.983001,,24.356001,,0.0,-6.373,-61.644,17.014,-44.630001,126.606003,,,-171.236003,0.0,-171.235992,0.0,0.0,-171.235992,-171.235992,,425.494995,-0.4,-0.1,-0.1,425.494995,-0.4,-0.1,-0.1,
06/30/2000,817.796997,,-453.917999,,363.878998,,-330.670013,,,,,33.209,-24.919,,35.945,,0.0,-11.026,8.29,-2.285,6.005,0.0,,,6.005,0.0,6.005,0.0,0.0,6.005,6.005,,425.817993,0.01,0.01,0.007,427.782013,0.01,0.01,0.007,
09/30/2000,1583.763,,-917.145,,666.618,0.0,-463.179,224.695,225.209,,238.484,203.439,-68.181,,42.625,,,25.556,135.258,-31.564,103.694,440.56,,,-336.866,,-336.866,,0.0,-336.866,-336.866,,426.394,-0.79,0.24,0.24,426.945,-0.79,0.24,0.24,
12/31/2000,1575.120972,,-819.190002,,755.930969,,-553.007996,,,,,202.923004,-59.403002,,50.053001,,0.0,9.35,143.520002,-38.411999,105.108002,33.98,,,71.128004,0.0,71.127998,0.0,,71.127998,71.127998,,426.949005,0.17,0.25,0.28,428.457001,0.17,0.25,0.28,
03/31/2001,731.948,,-404.724,,327.224,0.0,-315.027,205.319,96.898,,109.708,12.197,-41.427,,34.944,,,6.483,-29.23,7.192,-22.038,12.001,,,-34.039,0.0,-34.039,0.0,0.0,-34.039,-34.039,,429.936,-0.08,-0.05,-0.05,429.936,-0.08,-0.05,-0.05,
06/30/2001,836.280029,,-475.809998,,360.470032,,-310.701996,,,,,49.768002,-56.560001,,39.568001,,0.0,16.992001,-6.792,1.937,-4.855,0.0,,,-4.855,0.0,-4.855,0.0,0.0,-4.855,-4.855,,430.899994,-0.01,-0.01,0.04,430.899994,-0.01,-0.01,0.04,
09/30/2001,1575.245972,,-839.940979,,735.304993,,-416.64801,,,,,318.657013,-43.066001,,39.553001,,0.0,3.513,275.591012,-75.755997,199.835007,0.0,,,199.835015,0.0,199.835007,0.0,0.0,199.835007,199.835007,,431.25,0.46,0.46,0.48,436.31601,0.46,0.46,0.48,
12/31/2001,1561.232056,,-818.062012,,743.170044,,-530.026978,,,,,213.143005,-22.702002,,41.067001,,0.0,-18.365,190.441004,-52.463001,137.977997,0.0,,,137.978003,0.0,137.977997,0.0,0.0,137.977997,137.977997,,431.799988,0.32,0.32,0.34,437.5,0.31,0.31,0.33,
03/31/2002,741.984,,-410.09,,331.894,0.0,-307.378,209.907,82.671,,97.471,24.516,-30.984,,29.607,,,1.377,-6.468,2.517,-3.951,252.194,,,-256.145,0.0,-256.145,0.0,0.0,-256.145,-256.145,,432.64,-0.59,-0.01,-0.01,432.64,-0.59,-0.01,-0.01,
06/30/2002,804.44397,,-450.085999,,354.357971,,-304.026001,,,,,50.332001,-24.683,,29.073,-4.553,0.0,0.163,25.649001,-6.071,19.577999,0.0,,,19.578001,0.0,19.577999,0.0,0.0,19.577999,19.577999,,436.134003,0.04,0.04,0.07,442.162994,0.04,0.04,0.07,
09/30/2002,1669.42395,,-829.023987,,840.399963,,-473.338989,,,,,367.061005,-19.892999,,26.587999,-5.211,0.0,-1.484,347.168005,-93.847,253.320999,-27.252998,,,280.574004,0.0,280.574005,0.0,0.0,280.574005,280.574005,,436.959015,0.64,0.58,0.59,442.151001,0.63,0.57,0.58,
12/31/2002,1669.488037,,-835.153015,,834.335022,,-542.513,,,,,291.821991,-36.674,,28.629,,0.0,8.045,255.147991,-69.054001,186.093994,0.0,,,186.09399,0.0,186.093994,0.0,0.0,186.093994,186.093994,,437.354004,0.43,0.43,0.44,442.234985,0.42,0.42,0.43,
03/31/2003,745.283,,-377.277,,368.006,0.0,-315.376,222.87,83.806,,92.506,52.63,-7.979,11.027,17.427,-6.4,,-3.048,44.651,-11.808,32.843,,,,32.843,0.0,32.843,0.0,0.0,32.843,32.843,,438.265,0.07,0.07,0.07,443.934,0.07,0.07,0.07,
06/30/2003,768.994019,,-412.670013,,356.324005,,-311.278015,,,,,45.046001,-16.224,,18.212,-5.266,0.0,3.278,28.822002,-7.93,20.892,0.0,,,20.892002,0.0,20.892,0.0,0.0,20.892,20.892,,439.700012,0.05,0.05,0.07,445.490997,0.05,0.05,0.07,
09/30/2003,1704.67395,,-864.60498,,840.06897,,-459.912994,,,,,380.156006,-6.724,,21.208,-3.083,0.0,-11.401,373.432006,-103.401001,270.031006,0.0,,,270.031005,0.0,270.031006,0.0,0.0,270.031006,270.031006,,439.315002,0.61,0.61,0.6,444.003998,0.61,0.61,0.6,
12/31/2003,1741.149,,-876.065,,865.084,,-561.137,,,,,303.947,-9.998,19.513,23.73,-4.217,0.0,-9.515,293.949,-80.083,213.866,0.0,,,213.866,0.0,213.866,0.0,0.0,213.866,213.866,,430.8,0.5,0.5,0.5,435.3,0.49,0.49,0.5,
03/31/2004,780.94397,,-429.266998,,351.676971,,-338.96701,,,,,12.71,-0.306,,15.221,-4.896,0.0,-10.019,12.404,-3.411,8.993,0.0,,,8.993,0.0,8.993,0.0,0.0,8.993,8.993,,428.169006,0.02,0.02,0.02,432.239014,0.02,0.02,0.02,
06/30/2004,804.002014,,-437.653992,,366.348022,,-323.132996,,,,,43.215,-10.725,,16.388,-4.144,0.0,-1.519,32.49,-8.935,23.555,0.0,,,23.554999,0.0,23.555,0.0,0.0,23.555,23.555,,419.177002,0.06,0.06,0.06,422.903015,0.06,0.06,0.06,
09/30/2004,1667.46106,,-870.807007,,796.654053,,-435.798004,,,,,360.855988,-9.737,,20.847,-5.238,0.0,-5.872,351.118987,-95.289001,255.830002,0.0,,,255.829986,0.0,255.830002,0.0,0.0,255.830002,255.830002,,414.59201,0.62,0.62,0.62,417.962006,0.61,0.61,0.61,
12/31/2004,1850.379,,-954.333,,896.046,,-582.01,,,,,314.036,-13.795,19.903,25.308,-5.405,0.0,-6.108,300.241,-15.896,284.345,0.0,,,284.345,0.0,284.345,0.0,0.0,284.345,284.345,,415.002,0.69,0.69,0.53,419.268,0.68,0.68,0.52,
03/31/2005,783.119995,,-439.059998,,344.059998,,-338.531006,,,,,5.529,3.418999,5.462,17.547001,-12.085,0.0,-8.881,8.947999,-2.441,6.507,0.0,,,6.506999,0.0,6.507,0.0,0.0,6.507,6.507,,416.096008,0.02,0.02,0.02,421.105011,0.02,0.02,0.02,
06/30/2005,886.822998,,-500.006012,,386.816986,,-358.291992,,,,,28.525,-2.519001,7.231,19.655001,-12.424,0.0,-4.712,26.005999,-119.992996,-93.987,0.0,,,-93.986998,0.0,-93.987,0.0,0.0,-93.987,-93.987,,409.769012,-0.23,-0.23,0.05,409.769012,-0.23,-0.23,0.05,
09/30/2005,1666.14502,,-904.888,,761.257019,,-452.457001,,,,,308.799988,2.539001,16.841999,16.841999,,-12.066,-7.315,311.338989,-86.0,225.339005,0.0,,,225.338989,0.0,225.339005,0.0,0.0,225.339005,225.339005,,403.743011,0.56,0.56,0.56,407.221985,0.55,0.55,0.55,
12/31/2005,1842.927979,,-962.19397,,880.734009,,-559.059021,,,,,321.674988,-15.918999,,22.445999,-9.702,12.066,-8.891001,305.755989,-26.596001,279.160004,0.0,,,279.159988,0.0,279.160004,0.0,0.0,279.160004,279.160004,,400.213013,0.7,0.7,0.69,402.506989,0.69,0.69,0.68,
03/31/2006,793.346985,,-461.389008,,331.957977,,-363.949005,,,,,-31.990999,-4.504,6.383,15.203,-8.82,0.0,-1.879001,-36.494999,66.665001,30.17,0.0,,,30.170002,0.0,30.17,0.0,0.0,30.17,30.17,,388.765991,0.08,0.08,-0.07,391.286987,0.08,0.08,-0.07,
06/30/2006,957.655029,,-541.534973,,416.120056,,-366.209015,,,,,49.910999,-7.556999,9.637,16.077999,-6.441,0.0,-2.08,42.354,-4.974,37.380001,0.0,,,37.38,0.0,37.380001,0.0,0.0,37.380001,37.380001,,386.19101,0.1,0.1,0.08,388.777008,0.1,0.1,0.08,
09/30/2006,1790.312012,,-938.942993,,851.369019,,-529.133972,,,,,322.234985,-17.682,15.837,22.559,-6.722,0.0,1.845,304.552985,-65.528,239.024994,0.0,,,239.024985,0.0,239.024994,0.0,0.0,239.024994,239.024994,,378.627991,0.63,0.63,0.66,382.664001,0.62,0.62,0.65,
12/31/2006,2108.751953,,-1096.5,,1012.251953,,-623.599976,,,,,388.652008,-15.4,17.5,26.0,-8.5,0.0,-2.1,373.252008,-86.900002,286.35199,0.0,,,286.352007,0.0,286.35199,0.0,0.0,286.35199,286.35199,,378.299988,0.76,0.76,0.76,384.0,0.75,0.75,0.75,
03/31/2007,940.265015,,-521.578979,,418.686035,,-398.054993,,,,,20.631001,-4.993,2.523,14.483,-11.96,0.0,2.47,15.638,-3.675,11.963,0.0,,,11.963001,0.0,11.963,0.0,0.0,11.963,11.963,,389.882996,0.03,0.03,0.03,396.75,0.03,0.03,0.03,
06/30/2007,1002.625,,-559.463013,,443.161987,,-406.312988,,,,,36.848999,-0.384,3.65,14.132,-10.482,0.0,-3.266,36.464999,-13.661,22.804001,0.0,,,22.803999,0.0,22.804001,0.0,0.0,22.804001,22.804001,,396.196014,0.06,0.06,0.06,402.839996,0.06,0.06,0.06,
09/30/2007,1838.573975,,-973.862,,864.711975,,-554.184021,,,,,310.528015,-2.84,10.152,16.354,-6.202,0.0,-7.312,307.688015,-70.938004,236.75,0.0,,,236.750011,0.0,236.75,0.0,0.0,236.75,236.75,,386.346008,0.61,0.61,0.69,391.294006,0.61,0.61,0.69,
12/31/2007,2188.626,,-1137.886,,1050.74,,-688.67,,,,,362.07,-18.463,,26.005,-4.661,0.0,-2.881,343.607,-15.131,328.476,0.0,,,328.476,0.0,328.476,0.0,0.0,328.476,328.476,47.3,365.1648,0.9,0.9,0.771,369.0687,0.89,0.89,0.762,
03/31/2008,919.299011,,-522.463013,,396.835999,,-433.371002,,,,,-36.535,-23.267,7.502,16.049,-8.547,0.0,15.765,-59.802,13.156,-46.646,0.0,,,-46.645999,0.0,-46.646,0.0,0.0,-46.646,-46.646,,361.751007,-0.13,-0.13,-0.13,361.751007,-0.13,-0.13,-0.13,
06/30/2008,1112.431,,-617.097,,495.334,,-464.726,,,,,30.608,-15.675,9.295,16.566,-7.271,0.0,6.38,14.933,-3.15,11.783,0.0,,,11.783,0.0,11.783,0.0,0.0,11.783,11.783,,361.262,0.03,0.03,0.03,363.919,0.03,0.03,0.03,
09/30/2008,1946.314941,,-1046.244995,,900.069946,,-584.721008,,,,,315.348999,-8.240999,14.398,20.410999,-6.013,0.0,-6.157,307.108,-69.010002,238.098007,0.0,,,238.097998,0.0,238.098007,0.0,0.0,238.098007,238.098007,,360.881012,0.66,0.66,0.66,362.795013,0.66,0.66,0.66,
12/31/2008,1939.957,,-1047.791,,892.166,,-659.796,,,,,232.37,-6.645,,28.918,-3.212,0.0,-19.061,225.725,-49.324,176.401,0.0,,,176.401,0.0,176.401,0.0,0.0,176.401,176.401,,360.757,0.49,0.49,0.49,363.189,0.49,0.49,0.49,
03/31/2009,785.646,785.646,-439.774,439.774,345.872,0.0,-401.081,401.081,,,0.0,-55.209,-10.241,12.439,15.917,-3.478,2.378,-4.576,-65.45,14.464,-50.986,0.0,0.0,0.0,-50.986,0.0,-50.986,0.0,0.0,-50.986,-19.84665,31.13935,358.891,-0.14,-0.14,-0.0553,358.891,-0.14,-0.14,-0.0553,
06/30/2009,898.197,898.197,-492.137,492.137,406.06,0.0,-373.547,373.547,,,0.0,32.513,-8.696,14.964,17.489,-2.525,-6.246,-0.022,23.817,-2.348,21.469,0.0,0.0,0.0,21.469,0.0,21.469,0.0,0.23,21.699,17.639,-4.06,358.824,0.06,0.06,0.049158,360.881,0.06,0.06,0.04875,
09/30/2009,1791.875,1791.875,-873.26,873.26,918.615,0.0,-582.161,582.161,,,0.0,336.454,-31.821,17.807,19.317,-1.51,-12.259,26.273,304.633,-74.791,229.842,0.0,0.0,0.0,229.842,0.0,229.842,0.0,2.71,232.552,264.54845,31.99645,360.843,0.63,0.63,0.73314,361.925,0.63,0.63,0.718406,
12/31/2009,1955.1,1955.1,-910.9,910.9,1044.2,0.0,-626.8,626.8,,,0.0,417.4,-20.4,18.5,19.1,-0.6,1.193,0.707,397.0,-68.6,328.4,0.0,0.0,0.0,328.4,0.0,328.4,0.0,3.759,332.159,343.3182,11.1592,361.8,0.918074,0.918074,0.948917,364.8,0.910524,0.910524,0.941113,
03/31/2010,880.082,880.082,-448.23,448.23,431.852,0.0,-386.625,386.625,,,0.0,45.227,-11.945,11.171,13.623,-2.452,2.032,-1.258,33.282,-8.44,24.842,0.0,0.0,0.0,24.842,0.0,24.842,0.0,0.0,24.842,34.7474,9.9054,363.231,0.07,0.07,0.095662,366.144,0.07,0.07,0.095662,
06/30/2010,1018.503,1018.503,-528.887,528.887,489.616,0.0,-420.18,420.18,,,0.0,69.436,-7.359,10.662,13.444,-2.782,-3.502,0.199,62.077,-10.502,51.575,0.0,0.0,0.0,51.575,0.0,51.575,0.0,0.597,52.172,53.24195,1.06995,362.819,0.14,0.14,0.146745,365.851,0.14,0.14,0.142925,
09/30/2010,1833.056,1833.056,-895.525,895.525,937.531,0.0,-578.9,578.9,,,0.0,358.631,-12.012,12.001,13.843,-1.842,-0.081,0.092,346.619,-63.357,283.262,0.0,0.0,0.0,283.262,0.0,283.262,0.0,3.186,286.448,265.80095,-20.64705,360.608,0.78,0.78,0.737091,363.483,0.77,0.77,0.713197,
12/31/2010,2124.6,2124.6,-1028.6,1028.6,1096.0,0.0,-667.4,667.4,,,0.0,428.6,-23.8,22.5,23.9,-1.4,4.523,-3.223,404.8,-79.6,325.2,0.0,0.0,0.0,325.2,0.0,325.2,0.0,3.717,328.917,329.03335,0.11635,355.7,0.924703,0.924703,0.925031,360.6,0.912138,0.912138,0.912461,
03/31/2011,951.856,951.856,-478.709,478.709,473.147,0.0,-436.389,436.389,,,0.0,36.758,-15.497,15.653,18.816,-3.163,0.025,-0.181,21.261,-4.654,16.607,0.0,0.0,0.0,16.607,0.0,16.607,0.0,0.0,16.607,22.542,5.935,349.072,0.05,0.05,0.064577,352.707,0.05,0.05,0.064577,
06/30/2011,1161.667,1161.667,-605.426,605.426,556.241,0.0,-446.974,446.974,,,0.0,109.267,-14.379,15.191,17.642,-2.451,-0.337,-0.475,94.888,-14.359,80.529,0.0,0.0,0.0,80.529,0.0,80.529,0.0,1.19,81.719,76.209,-5.51,347.133,0.23,0.23,0.219538,350.944,0.23,0.23,0.214299,
09/30/2011,1998.76,1998.76,-1042.686,1042.686,956.074,0.0,-558.504,558.504,,,0.0,397.57,-11.899,14.311,15.376,-1.065,2.123,-4.535,385.671,-84.876,300.795,0.0,0.0,0.0,300.795,0.0,300.795,0.0,3.002,303.797,305.432,1.635,343.191,0.885213,0.885213,0.889977,346.792,0.858708,0.858708,0.863422,
12/31/2011,2153.8,2153.8,-993.4,993.4,1160.4,0.0,-662.9,662.9,,,0.0,497.5,-28.6,22.1,23.5,-1.4,0.037,6.463,468.9,-98.3,370.6,0.0,0.0,0.0,370.6,0.0,370.6,0.0,4.3,374.9,376.499,1.599,339.4,1.104596,1.104596,1.109308,343.5,1.091412,1.091412,1.096067,
03/31/2012,928.449,928.449,-455.078,455.078,473.371,0.0,-444.635,444.635,,,0.0,28.736,-18.568,19.36,21.105,-1.745,-0.102,-0.69,10.168,-2.339,7.829,0.0,0.0,0.0,7.829,0.0,7.829,0.0,0.112,7.941,20.641,12.7,339.144,0.02,0.02,0.060862,343.66,0.02,0.02,0.056955,
06/30/2012,1158.711,1158.711,-564.189,564.189,594.522,0.0,-463.089,463.089,,,0.0,131.433,-20.072,19.583,21.524,-1.941,0.303,0.186,111.361,-15.143,96.218,0.0,0.0,0.0,96.218,0.0,96.218,0.0,1.052,97.27,87.42,-9.85,341.256,0.28,0.28,0.256171,345.554,0.28,0.28,0.251495,
09/30/2012,2077.816,2077.816,-962.445,962.445,1115.371,0.0,-628.004,628.004,,,0.0,487.367,-20.52,21.251,22.723,-1.472,-1.308,0.577,466.847,-100.91,365.937,0.0,0.0,0.0,365.937,0.0,365.937,0.0,3.266,369.203,376.653,7.45,342.595,1.077666,1.077666,1.099412,347.122,1.044794,1.044794,1.066256,
12/31/2012,2255.9,2255.9,-1030.0,1030.0,1225.9,0.0,-852.4,852.4,,,0.0,373.5,-16.8,21.8,23.5,-1.7,0.15,-5.15,356.7,-50.2,306.5,0.0,0.0,0.0,306.5,0.0,306.5,0.0,-3.2,303.3,393.0,89.7,343.6,0.882712,0.882712,1.143772,348.4,0.870551,0.870551,1.128014,
03/31/2013,995.606,995.606,-455.555,455.555,540.051,0.0,-474.22,474.22,,,0.0,65.831,-21.666,18.937,20.337,-1.4,-0.132,2.861,44.165,-5.654,38.511,0.0,0.0,0.0,38.511,0.0,38.511,0.0,0.412,38.923,44.623,5.7,344.315,0.113045,0.113045,0.129599,348.795,0.10923,0.10923,0.125572,
06/30/2013,1169.109,1169.109,-569.101,569.101,600.008,0.0,-505.218,505.218,,,0.0,94.79,-16.061,16.97,18.259,-1.289,1.054,-1.963,78.729,-5.381,73.348,0.0,0.0,0.0,73.348,0.0,73.348,0.0,0.73,74.078,72.628,-1.45,346.614,0.21,0.21,0.209536,350.424,0.21,0.21,0.205862,
09/30/2013,2206.961,2206.961,-1018.981,1018.981,1187.98,0.0,-659.805,659.805,,,0.0,528.175,-13.832,18.182,19.576,-1.394,-0.224,-4.126,514.343,-91.507,422.836,0.0,0.0,0.0,422.836,0.0,422.836,0.0,3.615,426.451,410.751,-15.7,343.279,1.242287,1.242287,1.196551,346.695,1.209193,1.209193,1.163908,
12/31/2013,2113.2,2113.2,-962.4,962.4,1150.8,0.0,-671.5,671.5,,,0.0,479.3,-17.4,18.8,20.3,-1.5,-1.968,0.568,461.9,-92.7,369.2,0.0,0.0,0.0,369.2,0.0,369.2,0.0,3.419,372.619,372.619,0.0,339.4,1.097876,1.097876,1.097876,343.2,1.08572,1.08572,1.08572,
03/31/2014,946.177,946.177,-464.646,464.646,481.531,0.0,-475.313,475.313,,,0.0,6.218,-15.639,15.967,17.246,-1.279,0.932,-1.26,-9.421,-1.797,-11.218,0.0,0.0,0.0,-11.218,0.0,-11.218,0.0,0.0,-11.218,2.0933,13.3113,340.226,-0.032972,-0.032972,0.006153,340.226,-0.032972,-0.032972,0.006153,
06/30/2014,1062.252,1062.252,-569.682,569.682,492.57,0.0,-491.562,491.562,,,0.0,1.008,-15.379,16.779,18.965,-2.186,-0.008,-1.392,-14.371,42.696,28.325,0.0,0.0,0.0,28.325,0.0,28.325,0.0,0.27,28.595,89.13364,60.53864,338.709,0.08,0.08,0.263157,340.644,0.08,0.08,0.257718,
09/30/2014,2021.424,2021.424,-1000.286,1000.286,1021.138,0.0,-611.659,611.659,,,0.0,409.479,-15.299,19.236,21.009,-1.773,3.729,-7.666,394.18,-62.344,331.836,0.0,0.0,0.0,331.836,0.0,331.836,0.0,2.33,334.166,325.45929,-8.70671,338.728,0.986532,0.986532,0.960828,340.329,0.968198,0.968198,0.942615,
12/31/2014,1994.0,1994.0,-988.2,988.2,1005.8,0.0,-768.8,768.8,,,0.0,237.0,-20.5,20.0,22.1,-2.1,-0.022,0.522,216.5,-66.6,149.9,0.0,0.0,0.0,149.9,0.0,149.9,0.0,1.505,151.405,153.85,2.445,338.4,0.447414,0.447414,0.454639,339.5,0.445965,0.445965,0.453166,
03/31/2015,922.749,922.749,-472.301,472.301,450.448,0.0,-504.915,504.915,,,0.0,-54.467,-18.68,18.733,20.401,-1.668,-0.925,0.872,-73.147,14.97,-58.177,0.0,0.0,0.0,-58.177,0.0,-58.177,0.0,0.0,-58.177,-30.39068,27.78632,338.579,-0.171827,-0.171827,-0.089759,338.579,-0.171827,-0.171827,-0.089759,
06/30/2015,988.152,988.152,-515.294,515.294,472.858,0.0,-472.295,472.295,,,0.0,0.563,-20.461,18.607,20.706,-2.099,2.473,-0.619,-19.898,8.547,-11.351,0.0,0.0,0.0,-11.351,0.0,-11.351,0.0,0.0,-11.351,-3.821,7.53,338.843,-0.03,-0.03,-0.011277,338.843,-0.03,-0.03,-0.011277,
09/30/2015,1791.968,1791.968,-912.371,912.371,879.597,0.0,-578.824,578.824,,,0.0,300.773,-14.634,19.419,21.409,-1.99,2.926,-7.711,286.139,-62.355,223.784,0.0,0.0,0.0,223.784,0.0,223.784,0.0,1.035,224.819,234.809,9.99,339.42,0.66,0.66,0.691795,339.79,0.66,0.66,0.689401,
12/31/2015,1999.7,1999.7,-996.2,996.2,1003.5,0.0,-709.4,491.584,,217.816,0.0,294.1,-23.3,21.3,22.8,-1.5,6.639,-4.639,270.8,-55.6,215.2,0.0,0.0,0.0,215.2,0.0,215.2,0.0,0.786,215.986,223.916,7.93,339.8,0.63,0.63,0.658964,340.4,0.63,0.63,0.653296,
03/31/2016,869.399,869.399,-480.728,480.728,388.671,0.0,-437.817,437.817,,,0.0,-49.146,-44.333,20.16,22.52,-2.36,26.989,-2.816,-93.479,20.52,-72.959,0.0,0.0,0.0,-72.959,0.0,-72.959,0.0,0.0,-72.959,-65.934,7.025,340.369,-0.21,-0.21,-0.193713,340.369,-0.21,-0.21,-0.193713,
06/30/2016,957.276,957.276,-523.709,523.709,433.567,0.0,-445.227,445.227,,,0.0,-11.66,-18.092,19.911,22.624,-2.713,1.13,-2.949,-29.752,10.638,-19.114,0.0,0.0,0.0,-19.114,0.0,-19.114,0.0,0.0,-19.114,-11.479,7.635,340.926,-0.06,-0.06,-0.03367,340.926,-0.06,-0.06,-0.037605,
09/30/2016,1795.575,1795.575,-924.81,924.81,870.765,0.0,-553.369,498.689,,54.68,0.0,317.396,-23.368,22.512,24.989,-2.477,-1.269,2.125,294.028,-57.778,236.25,0.0,0.0,0.0,236.25,0.0,236.25,0.0,0.609,236.859,232.24,-4.619,341.961,0.69,0.69,0.679142,344.226,0.68,0.68,0.666581,
12/31/2016,1834.4,1834.4,-973.0,973.0,861.4,0.0,-598.8,598.8,,,0.0,262.6,-23.7,23.4,25.0,-1.6,-2.098,2.398,238.9,-65.1,173.8,0.0,0.0,0.0,173.8,0.0,173.8,0.0,0.768,174.568,174.858,0.29,342.653,0.51,0.51,0.510306,344.996,0.5,0.5,0.500841,
03/31/2017,735.618,735.618,-456.84,456.84,278.778,0.0,-405.806,353.994,,51.812,0.0,-127.028,-18.643,19.564,22.03,-2.466,-0.016,-0.905,-145.671,32.44,-113.231,0.0,0.0,0.0,-113.231,0.0,-113.231,0.0,0.0,-113.231,-109.546,3.685,342.914,-0.33,-0.33,-0.319456,342.914,-0.33,-0.33,-0.319456,
06/30/2017,974.477,974.477,-574.712,574.712,399.765,0.0,-448.795,392.111,,56.684,0.0,-49.03,-24.713,19.585,21.881,-2.296,5.128,0.0,-73.743,17.668,-56.075,0.0,0.0,0.0,-56.075,0.0,-56.075,0.0,0.0,-56.075,-50.59268,5.48232,343.116,-0.16,-0.16,-0.147451,343.116,-0.16,-0.16,-0.147451,
09/30/2017,1560.983,1560.983,-913.834,913.834,647.149,0.0,-560.905,502.617,,58.288,0.0,86.244,-24.981,23.071,24.646,-1.575,1.91,0.0,61.263,-664.51,-603.247,0.0,0.0,0.0,-603.247,0.0,-603.247,0.0,0.0,-603.247,-29.31315,573.93385,343.87,-1.75,-1.75,-0.085245,343.87,-1.75,-1.75,-0.085245,
12/31/2017,1610.9,1610.9,-1115.8,1115.8,495.1,0.0,-746.1,687.639,,58.461,0.0,-251.0,-95.8,35.2,36.7,-1.5,0.0,60.6,-346.8,65.5,-281.3,0.0,0.0,0.0,-281.3,0.0,-281.3,0.0,0.0,-281.3,-329.035,-47.735,344.3,-0.82,-0.82,-0.955664,344.3,-0.82,-0.82,-0.958644,
03/31/2018,708.372,708.372,-489.499,489.499,218.873,0.0,-495.454,443.314,,52.14,0.0,-276.581,-37.324,37.932,41.079,-3.147,-0.587,-0.021,-313.905,2.652,-311.253,0.0,0.0,0.0,-311.253,0.0,-311.253,0.0,0.0,-311.253,-283.606,27.647,344.434,-0.9,-0.9,-0.823397,344.434,-0.9,-0.9,-0.823397,
06/30/2018,840.748,840.748,-587.546,587.546,253.202,0.0,-442.393,388.312,,54.081,0.0,-189.191,-44.831,41.768,43.467,-1.699,3.063,0.0,-234.022,-6.909,-240.931,0.0,0.0,0.0,-240.931,0.0,-240.931,0.0,0.0,-240.931,-188.09756,52.83344,344.584,-0.7,-0.7,-0.545869,344.584,-0.7,-0.7,-0.546675,
09/30/2018,1437.451,1437.451,-824.395,824.395,613.056,0.0,-491.182,442.416,,48.766,0.0,121.874,-49.282,47.371,48.156,-0.785,1.911,0.0,72.592,-66.314,6.278,0.0,0.0,0.0,6.278,0.0,6.278,0.0,0.0,6.278,61.38848,55.11048,345.285,0.02,0.02,0.177791,345.672,0.02,0.02,0.177791,
12/31/2018,1524.3,1524.3,-814.7,814.7,709.6,0.0,-604.0,398.25,,205.75,0.0,105.6,-51.3,48.4,49.2,-0.8,2.965,-0.065,54.3,-44.7,9.6,0.0,0.0,0.0,9.6,0.0,9.6,0.0,0.0,9.6,14.261,4.661,345.7,0.03,0.03,0.041253,345.8,0.03,0.03,0.041253,
03/31/2019,689.246,689.246,-449.456,449.456,239.79,0.0,-366.801,324.356,,42.445,0.0,-127.011,-46.59,44.686,46.958,-2.272,0.236,1.668,-173.601,-2.695,-176.296,0.0,0.0,0.0,-176.296,0.0,-176.296,0.0,0.0,-176.296,-169.423,6.873,345.852,-0.51,-0.51,-0.489871,345.852,-0.51,-0.51,-0.490127,
06/30/2019,860.063,860.063,-518.679,518.679,341.384,0.0,-392.8,340.614,,52.186,0.0,-51.416,-44.408,44.702,46.234,-1.532,-0.294,0.0,-95.824,-12.163,-107.987,0.0,0.0,0.0,-107.987,0.0,-107.987,0.0,0.0,-107.987,-87.23054,20.75646,345.941,-0.31,-0.31,-0.252154,345.941,-0.31,-0.31,-0.252154,
09/30/2019,1481.557,1481.557,-795.13,795.13,686.427,0.0,-536.34,487.529,,48.811,0.0,150.087,-48.132,46.868,47.689,-0.821,1.264,0.0,101.955,-31.359,70.596,0.0,0.0,0.0,70.596,0.0,70.596,0.0,0.0,70.596,91.50522,20.90922,346.698,0.2,0.2,0.263934,348.487,0.2,0.2,0.26,
12/31/2019,1473.7,1473.7,-760.5,760.5,713.2,0.0,-645.6,418.416,,227.184,0.0,67.6,-58.4,58.7,60.2,-1.5,-0.224,-0.076,9.2,-9.0,0.2,0.0,0.0,0.0,0.2,0.0,0.2,0.0,0.0,0.2,29.983,29.783,346.7,0.0,0.0,0.086481,348.3,0.0,0.0,0.08551,
03/31/2020,594.069,594.069,-338.886,338.886,255.183,0.0,-404.993,360.365,,44.628,0.0,-149.81,-49.039,46.896,48.98,-2.084,1.311,0.832,-198.849,-11.892,-210.741,0.0,0.0,0.0,-210.741,0.0,-210.741,0.0,0.0,-210.741,-197.39,13.351,346.867,-0.61,-0.61,-0.569065,346.867,-0.61,-0.61,-0.57151,
06/30/2020,732.136,732.136,-411.288,411.288,320.848,0.0,-366.989,320.503,,46.486,0.0,-46.141,-50.192,48.59,49.615,-1.025,1.603,-0.001,-96.333,-12.839,-109.172,0.0,0.0,0.0,-109.172,0.0,-109.172,0.0,0.0,-109.172,-88.3595,20.8125,346.875,-0.31,-0.31,-0.25473,346.875,-0.31,-0.31,-0.25473,
09/30/2020,1459.0,,,,694.14843,,,,,,,225.875,,,,,,,167.5,,125.0,,,,,,125.0,,,125.0,130.2,,,0.368,0.368,0.382,,0.368,0.368,0.382,
12/31/2020,1493.091,,,,738.07967403,,,,,,,184.778,,,,,,,125.52,,98.943,,,,,,98.943,,,98.943,98.93,,,0.277,0.277,0.29,,0.277,0.277,0.29,
