Date,Revenue,Sales & Services Revenue,Cost of Revenue,Cost of Goods & Services,Gross Profit,Other Operating Income,Operating Expenses,"Selling, General & Admin",Research & Development,Other Operating Expense,Operating Income (Loss),Non-Operating (Income) Loss,"Interest Expense, Net",Interest Expense,Interest Income,Other Investment (Inc) Loss,Foreign Exch (Gain) Loss,(Income) Loss from Affiliates,Other Non-Op (Income) Loss,Pretax Income,Income Tax Expense (Benefit),Income (Loss) from Cont Ops,Net Extraordinary Losses (Gains),Discontinued Operations,XO & Accounting Changes,Income (Loss) Incl. MI,Minority Interest,"Net Income, GAAP",Preferred Dividends,Other Adjustments,"Net Income Avail to Common, GAAP","Net Income Avail to Common, Adj",Net Abnormal Losses (Gains),Basic Weighted Avg Shares,"Basic EPS, GAAP",Basic EPS from Cont Ops,"Basic EPS from Cont Ops, Adjusted",Diluted Weighted Avg Shares,"Diluted EPS, GAAP",Diluted EPS from Cont Ops,"Diluted EPS from Cont Ops, Adjusted",Source: Bloomberg
07/31/1989,199.358002,,-65.360001,,133.998001,,-94.860001,,,,39.138,-1.298,,2.033,,,,,-0.735,37.840001,-12.217,25.622999,0.0,,,25.623001,0.0,25.622999,0.0,,25.622999,25.622999,,933.823975,0.0275,0.0275,,933.823975,0.0275,0.0275,0.0275,
10/31/1989,207.462006,,-67.079002,,140.383003,,-98.364998,,,,42.018002,-2.537,,2.531,,,,,0.006,39.481002,-13.289,26.191999,0.0,,,26.192002,0.0,26.191999,0.0,,26.191999,26.191999,,935.072021,0.028125,0.028125,,935.072021,0.028125,0.028125,0.028125,
01/31/1990,215.061005,,-70.522003,,144.539001,,-101.255997,,,,43.283001,-1.337,,2.835,,,,,-1.498,41.946001,-13.52,28.426001,0.0,,,28.426,0.0,28.426001,0.0,,28.426001,28.426001,,943.487976,0.03,0.03,,943.487976,0.03,0.03,0.03,
04/30/1990,244.037003,,-78.694,,165.343003,,-116.358002,,,,48.985001,-0.764,,2.748,,,,,-1.984,48.221001,-15.588,32.632999,0.0,,,32.633001,0.0,32.632999,0.0,,32.632999,32.632999,,940.768,0.034688,0.034688,0.034688,940.768,0.034688,0.034688,0.034688,
08/01/1990,233.227005,,-77.454002,,155.773003,,-110.018997,,,,45.754002,-1.3,,3.072,,,,,-1.772,44.454002,-14.174,30.280001,0.0,,,30.280002,0.0,30.280001,0.0,,30.280001,30.280001,,944.544006,0.031875,0.031875,,944.544006,0.031875,0.031875,0.031875,
10/31/1990,254.626007,,-86.400002,,168.226006,,-118.739998,,,,49.486,-6.806,,3.649,,,,,3.157,42.68,-13.997,28.683001,0.0,,,28.683,0.0,28.683001,0.0,,28.683001,28.683001,,946.687988,0.03,0.03,,946.687988,0.03,0.03,0.03,
01/31/1991,252.222,,-81.008003,,171.213997,,-120.497002,,,,50.716999,-0.604,,3.175,,,,,-2.571,50.112999,-15.936,34.176998,0.0,,,34.176999,0.0,34.176998,0.0,,34.176998,34.176998,,951.039978,0.035625,0.035625,,951.039978,0.035625,0.035625,0.035625,
04/30/1991,281.347992,,-86.839996,,194.507996,,-134.078995,,,,60.429001,-1.438,,3.892,,,,,-2.454,58.991001,-18.759001,40.231998,0.0,,,40.232,0.0,40.231998,0.0,,40.231998,40.231998,,952.271968,0.0425,0.0425,0.0425,952.271968,0.0425,0.0425,0.0425,
07/31/1991,264.68399,,-82.347,,182.33699,,-127.488998,,,,54.848,-0.504,,2.659,,,,,-2.155,54.344,-18.205,36.139,0.0,,,36.139,0.0,36.139,0.0,,36.139,36.139,,952.607971,0.038125,0.038125,,952.607971,0.038125,0.038125,0.038125,
10/31/1991,279.026001,,-93.309998,,185.716003,,-127.317001,,,,58.398998,-0.458,,3.186,,,,,-2.728,57.940998,-19.41,38.530998,0.0,,,38.530998,0.0,38.530998,0.0,,38.530998,38.530998,,953.263977,0.040625,0.040625,,953.263977,0.040625,0.040625,0.040625,
01/31/1992,299.457001,,-101.627998,,197.829002,,-137.766998,,,,60.062,-0.771,,3.323,,,,,-2.552,59.291,-19.863001,39.428001,0.0,,,39.427999,0.0,39.428001,0.0,,39.428001,39.428001,,955.616028,0.04125,0.04125,,955.616028,0.04125,0.04125,0.04125,
04/30/1992,333.744995,,-104.494003,,229.250992,,-156.516006,,,,72.735001,-1.393,,4.269,,,,,-2.876,71.342001,-23.899,47.443001,0.0,,,47.443001,0.0,47.443001,0.0,,47.443001,47.443001,,953.135984,0.05,0.05,0.05,953.135984,0.05,0.05,0.05,
07/31/1992,329.914001,,-104.663002,,225.250999,,-155.345993,,,,69.904999,-1.26,,3.617,,,0.0,,-2.357,68.644999,-22.996,45.648998,14.355999,,,31.292999,0.0,31.292999,0.0,,31.292999,31.292999,,951.840027,0.033125,0.048125,,951.840027,0.033125,0.048125,0.048125,
10/31/1992,331.803986,,-105.139,,226.664986,,-157.481995,,,,69.182999,19.463,,2.175,,,0.0,,-21.638,88.645999,-28.471001,60.174999,0.0,,,60.174998,0.0,60.174999,0.0,,60.174999,60.174999,,953.151984,0.063125,0.063125,0.063125,953.151984,0.063125,0.063125,0.063125,
01/29/1993,308.205994,,-97.485001,,210.720993,,-139.651993,,,,71.069,-0.196,,2.531,,,0.0,,-2.335,70.873,-23.033001,47.84,0.0,,,47.839999,0.0,47.84,0.0,,47.84,47.84,,955.440002,0.05,0.05,,955.440002,0.05,0.05,0.05,
04/30/1993,358.283997,,-112.845001,,245.438996,,-160.481003,,,,84.958,0.336,,2.125,,,0.0,,-2.461,85.294,-27.374001,57.919998,0.0,,,57.919999,0.0,57.919998,0.0,,57.919998,57.919998,,944.911984,0.06125,0.06125,0.06125,944.911984,0.06125,0.06125,0.06125,
07/31/1993,331.306,,-101.257004,,230.048996,,-165.259995,,,,64.789001,13.569,,2.069,,,0.0,,-15.638,78.358001,-25.858,52.5,0.0,,,52.500001,0.0,52.5,0.0,,52.5,52.5,,923.40802,0.056875,0.056875,,923.40802,0.056875,0.056875,0.056875,
10/31/1993,332.057007,,-104.572998,,227.484009,,-143.621994,,,,83.862,0.021,,2.164,,,0.0,,-2.185,83.883,-27.681999,56.201,0.0,,,56.201001,0.0,56.201,0.0,,56.201,56.201,,915.552,0.06125,0.06125,0.06125,915.552,0.06125,0.06125,0.06125,
01/28/1994,334.601013,,-103.237,,231.364014,,-146.932999,,,,84.431,0.515,,1.956,,,0.0,,-2.471,84.946,-28.034,56.911999,0.0,,,56.911999,0.0,56.911999,0.0,,56.911999,56.911999,,915.504028,0.061875,0.061875,,915.504028,0.061875,0.061875,0.061875,
04/30/1994,392.958008,,-122.600998,,270.35701,,-170.764999,,,,99.592003,0.022,,2.019,,,0.0,,-2.041,99.614003,-32.869999,66.744003,0.0,,,66.744004,0.0,66.744003,0.0,,66.744003,66.744003,,918.271968,0.0725,0.0725,0.0725,918.271968,0.0725,0.0725,0.0725,
07/29/1994,403.795013,,-126.396004,,277.39901,,-179.154999,,,,98.244003,-0.378,,2.657,,,0.0,,-2.279,97.866003,-32.785,65.081001,0.0,,,65.081003,0.0,65.081001,0.0,,65.081001,65.081001,,923.536011,0.070625,0.070625,,923.536011,0.070625,0.070625,0.070625,
10/28/1994,408.151001,,-127.763,,280.388,,-176.274994,,,,104.112999,0.733,,2.058,,,0.0,,-2.791,104.845999,-35.124001,69.722,0.0,,,69.721998,0.0,69.722,0.0,,69.722,69.722,,919.039978,0.07625,0.07625,,919.039978,0.07625,0.07625,0.07625,
01/27/1995,413.723999,,-129.186005,,284.537994,,-178.938004,,,,105.599998,1.731,,2.049,,,0.0,,-3.78,107.330998,-35.956001,71.375,0.0,,,71.374997,0.0,71.375,0.0,,71.375,71.375,,920.383972,0.0775,0.0775,,920.383972,0.0775,0.0775,0.0775,
04/30/1995,516.721985,,-156.735001,,359.986984,,-231.606995,,,,128.380005,3.682,,2.243,,,0.0,,-5.925,132.062005,-44.240002,87.821999,0.0,,,87.822003,0.0,87.821999,0.0,,87.821999,87.821999,,923.520016,0.095,0.095,0.095,923.520016,0.095,0.095,0.095,
07/28/1995,524.942993,,-151.046997,,373.895996,,-228.966995,,,,144.929001,4.644,,1.765,,,0.0,,-6.409,149.573001,-52.251999,97.320999,0.0,,,97.321002,0.0,97.320999,0.0,,97.320999,97.320999,,941.096008,0.1025,0.1025,0.1025,941.096008,0.1025,0.1025,0.1025,
10/27/1995,519.97998,,-146.022995,,373.956985,,-222.190994,,,,151.766006,5.923,,2.243,,,0.0,,-8.166,157.689007,-54.881001,102.807999,0.0,,,102.808006,0.0,102.807999,0.0,,102.807999,102.807999,,958.968018,0.135,0.135,0.135,958.968018,0.135,0.135,0.135,
01/26/1996,530.070007,,-143.639999,,386.430008,,-227.565994,,,,158.863998,5.189,,1.842,,,0.0,,-7.031,164.052999,-57.491001,106.561996,0.0,,,106.561997,0.0,106.561996,0.0,,106.561996,106.561996,,953.875977,0.1125,0.1125,0.1125,953.875977,0.1125,0.1125,0.1125,
04/30/1996,594.120972,,-149.0,,445.120972,,-253.509995,,,,191.610992,5.477,,2.11,,,0.0,,-7.587,197.087992,-65.974998,131.113007,0.0,,,131.112994,0.0,131.113007,0.0,,131.113007,131.113007,,956.607972,0.135,0.135,0.135,956.607972,0.135,0.135,0.135,
08/02/1996,600.869995,,-155.580994,,445.289001,,-257.381012,,,,187.908005,6.635,,2.023,,,0.0,,-8.658,194.543005,-67.116997,127.426003,0.0,,,127.426008,0.0,127.426003,0.0,,127.426003,127.426003,,943.895996,0.135,0.135,0.135,980.200012,0.13,0.13,0.13,
11/01/1996,598.151978,,-151.059998,,447.09198,,-257.221008,,,,189.871002,6.075,,2.588,,,0.0,,-8.663,195.946002,-67.601997,128.343994,0.0,,,128.344005,0.0,128.343994,0.0,,128.343994,128.343994,,950.968018,0.135,0.135,0.135,987.26001,0.13,0.13,0.13,
01/31/1997,598.749023,,-152.313995,,446.435028,,-258.048004,,,,188.386993,8.114,,1.536,,,0.0,,-9.65,196.500993,-67.792999,128.707993,0.0,,,128.707994,0.0,128.707993,0.0,,128.707993,128.707993,,953.392029,0.135,0.135,0.135,990.059998,0.13,0.13,0.13,
04/30/1997,640.453003,,-151.235001,,489.218002,,-270.911011,,,,218.307007,3.846,,3.228,,,0.0,,-7.074,222.153007,-76.642998,145.509995,0.0,,,145.510009,0.0,145.509995,0.0,,145.509995,145.509995,,938.776,0.155,0.155,0.155,970.067992,0.15,0.15,0.15,
08/01/1997,646.278992,,-160.160995,,486.117996,,-265.589996,,,,220.528,3.118,,1.95,,,0.0,,-5.068,223.646,-77.157997,146.488007,0.0,,,146.488003,0.0,146.488007,0.0,,146.488007,146.488007,,936.804016,0.155,0.155,0.155,952.492004,0.155,0.155,0.155,
10/31/1997,686.218,,-182.007,,504.211,,-285.946,,,,218.265,2.953,-2.953,2.31,-5.263,,0.0,,0.0,221.218,-76.33,144.888,0.0,,,144.888,0.0,144.888,0.0,0.0,144.888,144.888,,954.198,0.15,0.15,0.15,970.998,0.15,0.15,0.15,
01/31/1998,806.700012,,-222.800003,,583.900009,,-342.399994,,,,241.5,-188.099994,,3.7,,,0.0,,184.399994,53.400006,-20.1,33.299999,0.0,,,33.300006,0.0,33.299999,0.0,,33.299999,33.299999,,1133.465942,0.03,0.03,0.15,1160.991943,0.03,0.03,0.15,
04/30/1998,685.054016,,-180.552002,,504.502014,,-263.417999,,,,241.084,3.388,,2.313,,,0.0,,-5.701,244.472,-84.343002,160.128998,0.0,,,160.128998,0.0,160.128998,0.0,,160.128998,160.128998,,938.695984,0.17,0.17,0.17,953.202026,0.17,0.17,0.17,
07/31/1998,991.7,,-248.5,,743.2,,-389.6,,,,353.6,-1.6,-6.4,2.9,-9.3,,0.0,,8.0,352.0,-123.5,228.5,0.0,,,228.5,0.0,228.5,0.0,0.0,228.5,228.5,5.1936,1138.6,0.2,0.2,0.205,1166.6,0.195,0.195,0.2,
10/30/1998,984.5,,-259.6,,724.9,,-402.7,,,,322.2,-110.8,-5.6,7.9,-13.5,,0.0,,116.4,211.4,-94.4,117.0,0.0,,,117.0,0.0,117.0,0.0,0.0,117.0,117.0,64.422,2294.8,0.05,0.05,0.08,2350.6,0.05,0.05,0.08,
01/29/1999,1064.8,,-304.8,,760.0,,-457.3,,,,302.7,-284.2,,14.1,-17.2,,0.0,,287.3,18.5,-52.6,-34.1,0.0,,,-34.1,0.0,-34.1,0.0,,-34.1,-34.1,186.745,2374.6,-0.015,-0.015,0.065,2374.6,-0.015,-0.015,0.065,
04/30/1999,1146.6,,-310.6,,836.0,,-484.4,367.6,,116.8,351.6,-106.0,-7.4,4.2,-11.6,,0.0,,113.4,245.6,-85.0,160.6,0.0,,,160.6,0.0,160.6,0.0,0.0,160.6,160.6,,2386.8,0.065,0.065,0.065,2451.0,0.065,0.065,0.065,
07/30/1999,1133.2,,-286.4,,846.8,,-476.3,362.3,,114.0,370.5,3.4,-3.4,3.2,-6.6,,,,0.0,373.9,-121.5,252.4,0.0,,,252.4,0.0,252.4,0.0,0.0,252.4,252.4,,2387.2,0.105,0.105,0.105,2442.0,0.105,0.105,0.105,
10/29/1999,1190.3,,-313.3,,877.0,,-494.8,377.6,,117.2,382.2,3.1,-3.1,3.6,-6.7,,,,0.0,385.3,-124.7,260.6,0.0,,,260.6,0.0,260.6,0.0,0.0,260.6,260.6,,1194.1,0.22,0.22,0.22,1219.5,0.21,0.21,0.21,
01/28/2000,1259.3,,-324.8,,934.5,,-534.4,,,,400.1,-11.2,-3.5,,,,0.0,,14.7,388.9,-129.4,259.5,0.0,,,259.5,0.0,259.5,0.0,0.0,259.5,259.5,,1194.4,0.22,0.22,0.229571,1220.8,0.21,0.21,0.222041,
04/30/2000,1433.5,,-341.3,,1092.2,,-632.1,,,,460.1,2.4,,,-2.4,,,,-4.2,466.7,-155.0,311.7,,,,311.7,0.0,311.7,0.0,0.0,311.7,311.7,,1196.7,0.260466,0.260466,0.260466,1232.3,0.252942,0.252942,0.252211,
07/28/2000,1310.400024,,-316.600006,,993.800018,,-539.400024,,,,454.399994,-31.700001,,,-11.3,,0.0,,43.000001,422.699993,-138.600006,284.100006,0.0,,,284.099987,0.0,284.100006,0.0,0.0,284.100006,284.100006,,1198.199951,0.24,0.24,0.25,1228.800049,0.23,0.23,0.24,
10/27/2000,1361.900024,,-351.200012,,1010.700012,,-567.700012,,,,443.0,16.799999,,,,,0.0,,-16.799999,459.799999,-150.699997,309.100006,0.0,,,309.100002,0.0,309.100006,0.0,0.0,309.100006,309.100006,,1200.400024,0.26,0.26,0.26,1229.400024,0.25,0.25,0.25,
01/26/2001,1361.6,,-345.4,,1016.2,,-575.9,,,,440.3,4.4,-18.8,,,,0.0,,14.4,444.7,-141.9,302.8,0.0,,,302.8,0.0,302.8,0.0,0.0,302.8,302.8,,1207.2,0.25,0.25,0.262757,1225.8,0.25,0.25,0.261747,
04/27/2001,1518.9,,-367.9,,1151.0,,-661.4,,,,489.6,41.4,,,-41.4,,,,318.7,212.3,-72.2,140.1,,,,140.1,0.0,140.1,0.0,0.0,140.1,140.1,,1206.9,0.116083,0.116083,0.116083,1227.6,0.114125,0.114125,0.116083,
07/27/2001,1455.699951,,-378.100006,,1077.599945,,-595.799988,,,,481.799988,-41.5,,,-21.299999,,0.0,,62.799999,440.299988,-138.800003,301.5,0.0,,,301.499985,0.0,301.5,0.0,0.0,301.5,301.5,,1209.900024,0.25,0.25,0.28,1223.300049,0.25,0.25,0.28,
10/26/2001,1571.199951,,-405.0,,1166.199951,,-641.599976,,,,524.599976,-306.200012,,,,,0.0,,306.200012,218.399963,-151.699997,66.699997,0.0,,,66.699966,0.0,66.699997,0.0,0.0,66.699997,66.699997,,1210.099976,0.06,0.06,0.29,1222.599976,0.05,0.05,0.29,
01/25/2002,1592.400024,,-412.799988,,1179.600037,,-656.900024,,,,522.700012,-79.599998,,21.799999,-8.8,,0.0,,66.599999,443.100014,-128.199997,314.899994,0.0,,,314.900017,0.0,314.899994,0.0,0.0,314.899994,314.899994,,1212.400024,0.26,0.26,0.3,1225.5,0.26,0.26,0.3,
04/26/2002,1791.5,,-456.799988,,1334.700012,,-714.799988,,,,619.900024,-197.5,,,,,0.0,,197.5,422.400024,-121.5,300.899994,0.0,,,300.900024,0.0,300.899994,0.0,0.0,300.899994,300.899994,,1214.400024,0.25,0.25,0.35,1226.699951,0.25,0.25,0.34,
07/26/2002,1713.900024,,-414.200012,,1299.700012,,-715.5,,,,584.200012,-37.799999,,14.0,-12.5,,0.0,,36.299999,546.400013,-163.100006,383.299988,0.0,,,383.300007,0.0,383.299988,0.0,0.0,383.299988,383.299988,,1215.199951,0.32,0.32,0.32,1224.199951,0.31,0.31,0.32,
10/25/2002,1891.0,,-460.7,,1430.3,,-792.1,,,,638.2,-150.2,,8.0,-9.3,,0.0,,151.5,488.0,-186.3,301.7,0.0,,,301.7,0.0,301.7,0.0,0.0,301.7,301.7,,1215.6,0.25,0.25,0.34,1223.8,0.25,0.25,0.34,
01/24/2003,1912.5,,-474.799988,,1437.700012,,-774.900024,,,,662.799988,-51.699999,,12.9,-9.7,,0.0,,48.499999,611.099989,-183.399994,427.700012,0.0,,,427.699995,0.0,427.700012,0.0,0.0,427.700012,427.700012,,1220.5,0.35,0.35,0.35,1232.800049,0.35,0.35,0.35,
04/25/2003,2147.8,,-540.6,,1607.2,0.0,-838.8,649.4,,189.4,768.4,-72.6,3.8,,,,,,68.8,695.8,-208.7,487.1,,,,487.1,,487.1,,0.0,487.1,487.1,,1219.0,0.4,0.4,0.4,1229.7,0.4,0.4,0.4,
07/25/2003,2064.199951,,-514.0,,1550.199951,,-841.799988,,,,708.400024,-64.999999,,11.2,-9.8,,0.0,,63.599999,643.400025,-193.0,450.399994,0.0,,,450.400025,0.0,450.399994,0.0,0.0,450.399994,450.399994,,1217.599976,0.37,0.37,0.37,1229.900024,0.37,0.37,0.37,
10/24/2003,2163.800049,,-536.0,,1627.800049,,-875.700012,,,,752.099976,-70.599998,,13.5,-12.4,,0.0,,69.499998,681.499978,-205.399994,476.100006,0.0,,,476.099984,0.0,476.100006,0.0,0.0,476.100006,476.100006,,1214.5,0.39,0.39,0.39,1227.599976,0.39,0.39,0.39,
01/23/2004,2193.800049,,-538.400024,,1655.400025,,-908.400024,,,,747.0,-89.200003,,14.4,-18.0,,0.0,,92.800003,657.799997,-193.899994,463.899994,0.0,,,463.900003,0.0,463.899994,0.0,0.0,463.899994,463.899994,,1211.800049,0.38,0.38,0.4,1222.400024,0.38,0.38,0.4,
04/30/2004,2665.4,,-664.5,,2000.9,0.0,-1049.0,804.9,,244.1,951.9,-137.7,-1.7,,,,,,139.4,814.2,-245.3,568.9,,,,568.9,,568.9,0.0,0.0,568.9,568.9,,1210.4,0.47,0.47,0.47,1221.5,0.47,0.47,0.47,
07/30/2004,2346.100098,,-550.299988,,1795.80011,,-999.400024,769.7,,229.700024,796.400024,-50.300001,-4.3,12.6,-16.9,,0.0,,54.600001,746.100023,-216.399994,529.700012,0.0,,,529.700029,0.0,529.700012,0.0,0.0,529.700012,529.700012,,1209.0,0.44,0.44,0.44,1220.199951,0.43,0.43,0.43,
10/29/2004,2399.8,,-584.8,,1815.0,,-1067.6,772.0,,295.6,747.4,7.1,-7.1,14.4,-21.5,,0.0,,0.0,754.5,-218.8,535.7,0.0,,,535.7,0.0,535.7,0.0,0.0,535.7,535.7,,1209.5,0.44,0.44,0.4847,1220.699951,0.44,0.44,0.4843,
01/28/2005,2530.7,,-605.6,,1925.1,,-1055.2,814.2,,241.0,869.9,-105.9,-0.1,25.8,-25.9,,0.0,,106.0,764.0,-219.9,544.1,0.0,,,544.1,0.0,544.1,0.0,0.0,544.1,544.1,,1208.2,0.45,0.45,0.46,1219.1,0.45,0.45,0.46,
04/29/2005,2778.0,,-705.7,,2072.3,,-1184.0,857.7,,326.3,888.3,-609.4,,,-20.7,,0.0,,630.1,278.9,-84.5,194.4,0.0,,,194.4,0.0,194.4,0.0,0.0,194.4,194.4,630.1,1208.9,0.16,0.16,0.68,1221.5,0.16,0.16,0.68,
07/29/2005,2690.4,,-653.8,,2036.6,,-1145.6,882.4,,263.2,891.0,-399.4,-15.4,21.4,-36.8,,0.0,,414.8,491.6,-171.0,320.6,0.0,,,320.6,0.0,320.6,0.0,0.0,320.6,320.6,,1210.5,0.26,0.26,0.5088,1222.6,0.26,0.26,0.5,
10/28/2005,2765.4,,-694.8,,2070.6,,-1178.6,903.2,,275.4,892.0,-127.1,-13.4,28.4,-41.8,,0.0,,140.5,764.9,51.6,816.5,0.0,,,816.5,0.0,816.5,0.0,0.0,816.5,816.5,,1208.6,0.68,0.68,0.55,1222.5,0.67,0.67,0.54,
01/27/2006,2769.5,,-698.7,,2070.8,,-1180.0,899.7,,280.3,890.8,14.1,-23.7,31.9,-55.6,,0.0,,9.6,904.9,-235.3,669.6,0.0,,,669.6,0.0,669.6,0.0,0.0,669.6,669.6,,1208.5,0.55,0.55,0.55,1222.8,0.55,0.55,0.55,
04/28/2006,3066.7,,-768.0,,2298.7,,-1268.1,,,,1030.6,-30.7,,34.3,-69.2,,0.0,,65.6,999.9,-259.9,740.0,0.0,,,740.0,0.0,740.0,0.0,0.0,740.0,740.0,,1193.7,0.62,0.62,0.62,1204.4,0.61,0.61,0.61,
07/28/2006,2897.0,,-732.0,,2165.0,,-1283.0,984.0,,299.0,882.0,-67.0,-39.0,54.0,-93.0,,0.0,,106.0,815.0,-216.0,599.0,0.0,,,599.0,0.0,599.0,0.0,0.0,599.0,599.0,,1153.8,0.52,0.52,0.555,1164.8,0.51,0.51,0.545,
10/27/2006,3075.0,,-795.0,,2280.0,,-1356.0,1036.0,,320.0,924.0,-13.0,-37.0,57.0,-94.0,,0.0,,50.0,911.0,-230.0,681.0,0.0,,,681.0,0.0,681.0,0.0,0.0,681.0,681.0,,1149.3,0.59,0.59,0.59,1159.4,0.59,0.59,0.59,
01/26/2007,3048.0,,-775.0,,2273.0,,-1331.0,1038.0,,293.0,942.0,-8.0,-36.0,50.0,-86.0,,0.0,,44.0,934.0,-224.0,710.0,0.0,,,710.0,0.0,710.0,0.0,0.0,710.0,710.0,,1149.0,0.62,0.62,0.62,1163.7,0.61,0.61,0.61,
04/27/2007,3280.0,,-866.0,,2414.0,0.0,-1422.0,1095.0,,327.0,992.0,-137.0,26.0,135.0,-109.0,,0.0,,111.0,855.0,-43.0,812.0,0.0,,,812.0,0.0,812.0,0.0,0.0,812.0,812.0,,1147.1,0.71,0.71,0.67,1159.8,0.7,0.7,0.66,
07/27/2007,3127.0,,-792.0,,2335.0,,-1396.0,1096.0,,300.0,939.0,-60.0,-44.0,53.0,-97.0,,0.0,,104.0,879.0,-204.0,675.0,0.0,,,675.0,0.0,675.0,0.0,0.0,675.0,675.0,,1138.7,0.59,0.59,0.62,1153.1,0.59,0.59,0.62,
10/26/2007,3124.0,,-840.0,,2284.0,,-1405.0,1107.0,,298.0,879.0,-11.0,-61.0,64.0,-125.0,,0.0,,72.0,868.0,-202.0,666.0,0.0,,,666.0,0.0,666.0,0.0,0.0,666.0,666.0,0.0,1133.1,0.59,0.59,0.59,1147.7,0.58,0.58,0.58,
01/25/2008,3405.0,,-870.0,,2535.0,,-1536.0,1207.0,,329.0,999.0,-864.0,-9.0,75.0,-84.0,,0.0,,873.0,135.0,-58.0,77.0,0.0,,,77.0,0.0,77.0,0.0,0.0,77.0,77.0,,1126.9,0.07,0.07,0.63,1135.0,0.07,0.07,0.63,
04/25/2008,3860.0,,-945.0,,2915.0,0.0,-1645.0,1296.0,,349.0,1270.0,-267.0,68.0,126.0,-58.0,,0.0,,199.0,1003.0,-191.0,812.0,0.0,,,812.0,0.0,812.0,0.0,0.0,812.0,812.0,,1122.3,0.72,0.72,0.784,1130.4,0.72,0.72,0.78,
07/25/2008,3706.0,3706.0,-855.0,855.0,2851.0,0.0,-1738.0,1318.0,324.0,96.0,1113.0,-198.0,47.0,99.0,-52.0,,,,151.0,915.0,-192.0,723.0,0.0,0.0,0.0,723.0,0.0,723.0,0.0,0.0,723.0,796.15,73.15,1125.2,0.64,0.64,0.707563,1131.7,0.64,0.64,0.704637,
10/24/2008,3570.0,3570.0,-883.0,883.0,2687.0,0.0,-1873.0,1263.0,326.0,284.0,814.0,-191.0,48.0,90.0,-42.0,,,,143.0,623.0,-76.0,547.0,0.0,0.0,0.0,547.0,0.0,547.0,0.0,0.0,547.0,744.4,197.4,1124.5,0.49,0.49,0.661983,1130.7,0.48,0.48,0.654582,
01/23/2009,3494.0,3494.0,-848.0,848.0,2646.0,0.0,-1666.0,1257.0,337.0,72.0,980.0,-87.0,37.0,91.0,-54.0,,,,50.0,893.0,-195.0,698.0,0.0,0.0,0.0,698.0,0.0,698.0,0.0,0.0,698.0,766.75,68.75,1119.0,0.62,0.62,0.68521,1121.8,0.62,0.62,0.681285,
04/24/2009,3829.0,3829.0,-932.0,932.0,2897.0,0.0,-2783.0,1313.0,368.0,1102.0,114.0,-105.0,52.0,92.0,-40.0,,,,53.0,9.0,94.0,103.0,0.0,0.0,0.0,103.0,0.0,103.0,0.0,0.0,103.0,887.15,784.15,1119.0,0.09,0.09,0.792806,1120.8,0.09,0.09,0.789634,
07/31/2009,3933.0,3933.0,-966.0,966.0,2967.0,0.0,-2244.0,1368.0,370.0,506.0,723.0,-162.0,66.0,104.0,-38.0,,,,96.0,561.0,-116.0,445.0,0.0,0.0,0.0,445.0,0.0,445.0,0.0,0.0,445.0,857.05,412.05,1112.6,0.4,0.4,0.770313,1114.6,0.4,0.4,0.769684,
10/30/2009,3838.0,3838.0,-922.0,922.0,2916.0,0.0,-1752.0,1323.0,369.0,60.0,1164.0,-54.0,54.0,93.0,-39.0,,,,0.0,1110.0,-242.0,868.0,0.0,0.0,0.0,868.0,,868.0,0.0,0.0,868.0,818.8,-49.2,1106.8,0.78,0.78,0.73979,1109.2,0.78,0.78,0.735644,
01/29/2010,3851.0,3851.0,-912.0,912.0,2939.0,0.0,-1672.0,1328.0,344.0,0.0,1267.0,-204.0,56.0,97.0,-41.0,,,,148.0,1063.0,-232.0,831.0,0.0,0.0,0.0,831.0,,831.0,0.0,0.0,831.0,824.5,-6.5,1105.0,0.75,0.75,0.746154,1108.7,0.75,0.75,0.744137,
04/30/2010,4196.0,4196.0,-1012.0,1012.0,3184.0,0.0,-1785.0,1396.0,378.0,11.0,1399.0,-165.0,70.0,108.0,-38.0,,0.0,,95.0,1234.0,-280.0,954.0,0.0,0.0,0.0,954.0,,954.0,0.0,0.0,954.0,979.55,25.55,1101.0,0.87,0.87,0.889691,1105.5,0.86,0.86,0.883112,
07/30/2010,3773.0,3773.0,-893.0,893.0,2880.0,0.0,-1801.0,1334.0,370.0,97.0,1079.0,-39.0,74.0,107.0,-33.0,,,,-35.0,1040.0,-210.0,830.0,0.0,0.0,0.0,830.0,0.0,830.0,0.0,0.0,830.0,842.95,12.95,1086.1,0.76,0.76,0.776126,1089.7,0.76,0.76,0.771884,
10/29/2010,3903.0,3903.0,-961.0,961.0,2942.0,0.0,-2132.0,1371.0,373.0,388.0,810.0,-58.0,67.0,113.0,-46.0,,,,-9.0,752.0,-186.0,566.0,0.0,0.0,0.0,566.0,0.0,566.0,0.0,0.0,566.0,858.05,292.05,1080.1,0.52,0.52,0.794417,1083.7,0.52,0.52,0.789493,
01/28/2011,3857.0,3857.0,-934.0,934.0,2923.0,0.0,-1789.0,1367.0,362.0,60.0,1134.0,-137.0,70.0,113.0,-43.0,,,,67.0,997.0,-84.0,913.0,-11.0,-11.0,0.0,924.0,0.0,924.0,0.0,0.0,924.0,1058.55,145.55,1073.9,0.86,0.850172,0.985706,1077.9,0.86,0.849795,0.984826,
04/29/2011,4295.0,4295.0,-1070.0,1070.0,3225.0,0.0,-2057.0,1435.0,394.0,228.0,1168.0,-250.0,68.0,118.0,-50.0,,0.0,0.0,182.0,918.0,-142.0,776.0,0.0,0.0,0.0,776.0,0.0,776.0,0.0,0.0,776.0,965.6,189.6,1069.5,0.73,0.73,0.902852,1075.1,0.72,0.72,0.896356,
07/29/2011,3946.0,3946.0,-951.0,951.0,2995.0,0.0,-1836.0,1380.0,362.0,94.0,1159.0,-141.0,32.0,77.0,-45.0,,,,109.0,1018.0,-199.0,819.0,-2.0,-2.0,0.0,821.0,0.0,821.0,0.0,0.0,821.0,822.2,3.2,1063.5,0.77,0.77,0.773108,1069.6,0.77,0.77,0.772992,
10/28/2011,4023.0,4023.0,-960.0,960.0,3063.0,0.0,-1842.0,1410.0,371.0,61.0,1221.0,-178.0,38.0,85.0,-47.0,,,,140.0,1043.0,-179.0,864.0,-7.0,-7.0,0.0,871.0,0.0,871.0,0.0,0.0,871.0,866.95,2.95,1058.1,0.82,0.82,0.819346,1063.1,0.82,0.81,0.812775,
01/27/2012,3918.0,3918.0,-931.0,931.0,2987.0,0.0,-1834.0,1371.0,364.0,99.0,1153.0,-100.0,33.0,89.0,-56.0,,,,67.0,1053.0,-208.0,845.0,-90.0,-90.0,0.0,935.0,0.0,935.0,0.0,0.0,935.0,764.85,-80.15,1054.4,0.89,0.8,0.725389,1060.2,0.88,0.8,0.724401,
04/27/2012,4297.0,4297.0,-1047.0,1047.0,3250.0,0.0,-2125.0,1462.0,393.0,270.0,1125.0,-94.0,46.0,98.0,-52.0,,,,48.0,1031.0,-143.0,888.0,-103.0,-103.0,0.0,991.0,0.0,991.0,0.0,0.0,991.0,899.2,11.2,1042.1,0.95,0.85,0.862873,1049.1,0.94,0.85,0.860676,
07/27/2012,4008.0,4008.0,-973.0,973.0,3035.0,0.0,-1875.0,1405.0,385.0,85.0,1160.0,-72.0,33.0,89.0,-56.0,,0.0,,39.0,1088.0,-224.0,864.0,0.0,0.0,0.0,864.0,0.0,864.0,0.0,0.0,864.0,858.6,-5.4,1029.8,0.84,0.84,0.833754,1037.1,0.83,0.83,0.824793,
10/26/2012,4095.0,4095.0,-1020.0,1020.0,3075.0,0.0,-2134.0,1417.0,387.0,330.0,941.0,-87.0,24.0,95.0,-71.0,,0.0,,63.0,854.0,-208.0,646.0,0.0,0.0,0.0,646.0,,646.0,0.0,0.0,646.0,861.1,215.1,1019.4,0.63,0.63,0.844713,1027.8,0.63,0.63,0.839282,
01/25/2013,4027.0,4027.0,-999.0,999.0,3028.0,0.0,-1810.0,1401.0,376.0,33.0,1218.0,-63.0,46.0,98.0,-52.0,,0.0,,17.0,1155.0,-167.0,988.0,0.0,0.0,0.0,988.0,0.0,988.0,0.0,0.0,988.0,918.0,-70.0,1012.5,0.98,0.98,0.906667,1021.0,0.97,0.97,0.90144,
04/26/2013,4459.0,4459.0,-1134.0,1134.0,3325.0,0.0,-2135.0,1475.0,409.0,251.0,1190.0,-36.0,48.0,106.0,-58.0,,0.0,,-12.0,1154.0,-185.0,969.0,0.0,0.0,0.0,969.0,0.0,969.0,0.0,0.0,969.0,1097.55,128.55,1014.2,0.96,0.96,1.082183,1023.0,0.95,0.95,1.07566,
07/26/2013,4083.0,4083.0,-1022.0,1022.0,3061.0,0.0,-1824.0,1416.0,360.0,48.0,1237.0,-84.0,40.0,90.0,-50.0,,0.0,,44.0,1153.0,-200.0,953.0,0.0,0.0,0.0,953.0,,953.0,0.0,0.0,953.0,885.65,-67.35,1009.7,0.94,0.94,0.877142,1021.2,0.93,0.93,0.864048,
10/25/2013,4194.0,4194.0,-1090.0,1090.0,3104.0,0.0,-1922.0,1438.0,372.0,112.0,1182.0,-66.0,33.0,95.0,-62.0,,0.0,,33.0,1116.0,-214.0,902.0,0.0,0.0,0.0,902.0,,902.0,0.0,0.0,902.0,929.4,27.4,998.9,0.9,0.9,0.930423,1009.4,0.89,0.89,0.917145,
01/24/2014,4163.0,4163.0,-1050.0,1050.0,3113.0,0.0,-2088.0,1454.0,360.0,274.0,1025.0,-70.0,25.0,92.0,-67.0,,0.0,,45.0,955.0,-193.0,762.0,0.0,0.0,0.0,762.0,0.0,762.0,0.0,0.0,762.0,901.05,139.05,998.3,0.76,0.76,0.902584,1010.0,0.75,0.75,0.887673,
04/25/2014,4566.0,4566.0,-1171.0,1171.0,3395.0,0.0,-2845.0,1539.0,385.0,921.0,550.0,-69.0,10.0,102.0,-92.0,,0.0,0.0,59.0,481.0,-33.0,448.0,0.0,0.0,0.0,448.0,0.0,448.0,0.0,0.0,448.0,1157.0,709.0,1000.0,0.45,0.45,1.157,1012.2,0.44,0.44,1.140454,
07/25/2014,4273.0,4273.0,-1105.0,1105.0,3168.0,0.0,-2080.0,1506.0,365.0,209.0,1088.0,-5.0,5.0,97.0,-92.0,,0.0,,0.0,1083.0,-212.0,871.0,0.0,0.0,0.0,871.0,0.0,871.0,0.0,0.0,871.0,917.1,46.1,992.6,0.88,0.88,0.923937,1005.2,0.87,0.87,0.915862,
10/24/2014,4366.0,4366.0,-1142.0,1142.0,3224.0,0.0,-2131.0,1507.0,374.0,250.0,1093.0,-71.0,8.0,94.0,-86.0,,0.0,,63.0,1022.0,-194.0,828.0,0.0,0.0,0.0,828.0,0.0,828.0,0.0,0.0,828.0,925.35,97.35,981.9,0.84,0.84,0.942408,993.0,0.83,0.83,0.928036,
01/23/2015,4318.0,4318.0,-1128.0,1128.0,3190.0,0.0,-1891.0,1487.0,373.0,31.0,1299.0,-105.0,81.0,176.0,-95.0,,0.0,,24.0,1194.0,-217.0,977.0,0.0,0.0,0.0,977.0,,977.0,0.0,0.0,977.0,866.3,-110.7,983.8,0.99,0.99,0.880565,995.8,0.98,0.98,0.868833,
04/24/2015,7304.0,7304.0,-2934.0,2934.0,4370.0,0.0,-3997.0,2404.0,528.0,1065.0,373.0,-186.0,186.0,299.0,-113.0,,0.0,,0.0,187.0,-188.0,-1.0,0.0,0.0,0.0,-1.0,,-1.0,0.0,0.0,-1.0,857.75,858.75,1422.3,0.0,0.0,0.603072,1440.6,0.0,0.0,0.596106,
07/31/2015,7274.0,7274.0,-2456.0,2456.0,4818.0,0.0,-3687.0,2449.0,558.0,680.0,1131.0,-191.0,191.0,306.0,-115.0,,0.0,,0.0,940.0,-120.0,820.0,0.0,0.0,0.0,820.0,0.0,820.0,0.0,0.0,820.0,1097.15,277.15,1418.1,0.58,0.58,0.773676,1436.4,0.57,0.57,0.762948,
10/30/2015,7058.0,7058.0,-2182.0,2182.0,4876.0,0.0,-3576.0,2343.0,545.0,688.0,1300.0,-217.0,217.0,324.0,-107.0,,0.0,,0.0,1083.0,-563.0,520.0,0.0,0.0,0.0,520.0,0.0,520.0,0.0,0.0,520.0,1097.55,577.55,1412.9,0.37,0.37,0.776807,1428.8,0.36,0.36,0.76422,
01/29/2016,6934.0,6934.0,-2141.0,2141.0,4793.0,0.0,-3438.0,2317.0,546.0,575.0,1355.0,-176.0,176.0,275.0,-99.0,,,,0.0,1179.0,-84.0,1095.0,0.0,0.0,0.0,1095.0,0.0,1095.0,0.0,0.0,1095.0,1132.25,37.25,1406.6,0.78,0.78,0.804955,1422.2,0.77,0.77,0.796192,
04/29/2016,7567.0,7567.0,-2363.0,2363.0,5204.0,0.0,-3629.0,2360.0,575.0,694.0,1575.0,-441.0,371.0,481.0,-110.0,,0.0,,70.0,1134.0,-31.0,1103.0,0.0,0.0,0.0,1103.0,0.0,1103.0,0.0,0.0,1103.0,1420.4,317.4,1400.8,0.787407,0.787407,1.013992,1416.2,0.778845,0.778845,1.002966,
07/29/2016,7166.0,7166.0,-2261.0,2261.0,4905.0,0.0,-3738.0,2428.0,556.0,754.0,1167.0,-179.0,179.0,272.0,-93.0,,0.0,,0.0,988.0,-59.0,929.0,0.0,0.0,0.0,929.0,,929.0,0.0,0.0,929.0,1070.6,141.6,1392.2,0.67,0.67,0.768999,1407.1,0.66,0.66,0.760633,
10/28/2016,7345.0,7345.0,-2326.0,2326.0,5019.0,0.0,-3634.0,2416.0,554.0,664.0,1385.0,-173.0,173.0,264.0,-91.0,,0.0,,0.0,1212.0,-101.0,1111.0,0.0,0.0,0.0,1111.0,4.0,1115.0,0.0,0.0,1115.0,1127.3,12.3,1380.0,0.81,0.81,0.816884,1392.5,0.8,0.8,0.808833,
01/27/2017,7283.0,7283.0,-2268.0,2268.0,5015.0,0.0,-3868.0,2388.0,530.0,950.0,1147.0,-180.0,180.0,268.0,-88.0,0.0,,,0.0,967.0,-147.0,820.0,0.0,0.0,0.0,820.0,1.0,821.0,0.0,0.0,821.0,1177.05,356.05,1372.2,0.6,0.6,0.857783,1383.1,0.59,0.59,0.847429,
04/28/2017,7916.0,7916.0,-2439.0,2439.0,5477.0,0.0,-3793.0,2786.0,553.0,454.0,1684.0,-249.0,290.0,290.0,0.0,,,,-41.0,1435.0,-271.0,1164.0,0.0,0.0,0.0,1164.0,-1.0,1163.0,0.0,0.0,1163.0,1544.8,381.8,1369.9,0.848967,0.848967,1.127674,1381.5,0.841839,0.841839,1.118205,
07/28/2017,7390.0,7390.0,-2352.0,2352.0,5038.0,0.0,-3656.0,2580.0,549.0,527.0,1382.0,-187.0,187.0,286.0,-99.0,,0.0,,0.0,1195.0,-186.0,1009.0,0.0,0.0,0.0,1009.0,7.0,1016.0,0.0,0.0,1016.0,1167.0,151.0,1361.9,0.75,0.75,0.856891,1375.6,0.74,0.74,0.84977,
10/27/2017,7050.0,7050.0,-2123.0,2123.0,4927.0,0.0,-3033.0,2539.0,556.0,-62.0,1894.0,-166.0,166.0,273.0,-107.0,,0.0,,0.0,1728.0,285.0,2013.0,0.0,0.0,0.0,2013.0,4.0,2017.0,0.0,0.0,2017.0,1082.0,-935.0,1355.1,1.49,1.49,0.798465,1365.8,1.48,1.48,0.79542,
01/26/2018,7369.0,7369.0,-2194.0,2194.0,5175.0,0.0,-3739.0,2523.0,559.0,657.0,1436.0,-409.0,172.0,270.0,-98.0,,,,237.0,1027.0,-2419.0,-1392.0,0.0,0.0,0.0,-1392.0,3.0,-1389.0,0.0,0.0,-1389.0,1260.7101,2649.7101,1354.0,-1.03,-1.03,0.931101,1354.0,-1.03,-1.03,0.92695,
04/27/2018,8144.0,8144.0,-2398.0,2398.0,5746.0,0.0,-3818.0,2596.0,592.0,630.0,1928.0,-203.0,203.0,317.0,-114.0,,,,0.0,1725.0,-260.0,1465.0,0.0,0.0,0.0,1465.0,-5.0,1460.0,0.0,0.0,1460.0,1575.0,115.0,1354.9,1.08,1.08,1.162447,1366.0,1.07,1.07,1.154187,
07/27/2018,7384.0,7384.0,-2204.0,2204.0,5180.0,0.0,-3944.0,2597.0,585.0,762.0,1236.0,-56.0,56.0,242.0,-186.0,,0.0,,0.0,1180.0,-103.0,1077.0,0.0,0.0,0.0,1077.0,-2.0,1075.0,0.0,0.0,1075.0,1222.0,147.0,1352.7,0.79,0.79,0.903378,1365.4,0.79,0.79,0.897661,
10/26/2018,7481.0,7481.0,-2203.0,2203.0,5278.0,0.0,-3734.0,2605.0,590.0,539.0,1544.0,-189.0,241.0,241.0,0.0,,,,-52.0,1355.0,-235.0,1120.0,0.0,0.0,0.0,1120.0,-5.0,1115.0,0.0,0.0,1115.0,1282.0,167.0,1349.2,0.83,0.83,0.950193,1360.9,0.82,0.82,0.942713,
01/25/2019,7546.0,7546.0,-2265.0,2265.0,5281.0,0.0,-3739.0,2596.0,561.0,582.0,1542.0,-172.0,243.0,243.0,0.0,,,,-71.0,1370.0,-99.0,1271.0,0.0,0.0,0.0,1271.0,-2.0,1269.0,0.0,0.0,1269.0,1372.89,103.89,1342.8,0.95,0.95,1.022408,1352.7,0.94,0.94,1.016802,
04/26/2019,8146.0,8146.0,-2483.0,2483.0,5663.0,0.0,-3717.0,2620.0,594.0,503.0,1946.0,-654.0,654.0,718.0,-64.0,,,,0.0,1292.0,-110.0,1182.0,0.0,0.0,0.0,1182.0,-10.0,1172.0,0.0,0.0,1172.0,1708.0,536.0,1340.6,0.87,0.87,1.274056,1350.8,0.87,0.87,1.266802,
07/26/2019,7493.0,7493.0,-2366.0,2366.0,5127.0,0.0,-3642.0,2543.0,587.0,512.0,1485.0,-508.0,508.0,609.0,-101.0,,0.0,,0.0,977.0,-100.0,877.0,0.0,0.0,0.0,877.0,-13.0,864.0,0.0,0.0,864.0,1331.0,467.0,1340.8,0.64,0.64,0.992691,1351.9,0.64,0.64,0.98544,
10/25/2019,7706.0,7706.0,-2394.0,2394.0,5312.0,0.0,-3961.0,2620.0,603.0,738.0,1351.0,-57.0,165.0,165.0,0.0,,,,-108.0,1294.0,77.0,1371.0,0.0,0.0,0.0,1371.0,-7.0,1364.0,0.0,0.0,1364.0,1403.0,39.0,1340.8,1.02,1.02,1.04639,1351.4,1.01,1.01,1.038859,
01/24/2020,7717.0,7717.0,-2400.0,2400.0,5317.0,0.0,-3678.0,2587.0,573.0,518.0,1639.0,-60.0,156.0,156.0,0.0,,,,-96.0,1579.0,340.0,1919.0,0.0,0.0,0.0,1919.0,-4.0,1915.0,0.0,0.0,1915.0,1581.0,-334.0,1340.5,1.43,1.43,1.179411,1351.5,1.42,1.42,1.172867,
04/24/2020,5998.0,5998.0,-2264.0,2264.0,3734.0,0.0,-3417.0,2360.0,567.0,490.0,317.0,-111.0,111.0,162.0,-51.0,,0.0,,0.0,206.0,434.0,640.0,0.0,0.0,0.0,640.0,6.0,646.0,0.0,0.0,646.0,441.0,-205.0,1340.6,0.48,0.48,0.328957,1349.5,0.48,0.48,0.328092,
07/31/2020,6507.0,6507.0,-2505.0,2505.0,4002.0,0.0,-3329.0,2417.0,621.0,291.0,673.0,-89.0,89.0,171.0,-82.0,,,,0.0,584.0,-93.0,491.0,0.0,0.0,0.0,491.0,-4.0,487.0,0.0,0.0,487.0,466.0,-21.0,1341.9,0.36,0.36,0.347269,1350.0,0.36,0.36,0.344444,
10/31/2020,7037.75,,,,4514.6462475,,,,,,1391.071,,,,,,,,,1314.0,,777.875,,,,,,777.875,,,777.875,1173.053,,,0.543,0.543,0.82,,0.543,0.543,0.82,
01/31/2021,7611.3,,,,5062.047291,,,,,,1875.143,,,,,,,,,1808.533,,1196.286,,,,,,1196.286,,,1196.286,1569.333,,,0.893,0.893,1.154,,0.893,0.893,1.154,
