Date,Revenue,Sales & Services Revenue,Other Revenue,Cost of Revenue,Cost of Goods & Services,Depreciation & Amortization,Gross Profit,Other Operating Income,Operating Expenses,"Selling, General & Admin",Other Operating Expense,Operating Income (Loss),Non-Operating (Income) Loss,"Interest Expense, Net",Interest Expense,Interest Income,Foreign Exch (Gain) Loss,Other Non-Op (Income) Loss,Pretax Income,Income Tax Expense (Benefit),Income (Loss) from Cont Ops,Net Extraordinary Losses (Gains),Discontinued Operations,XO & Accounting Changes,Income (Loss) Incl. MI,Minority Interest,"Net Income, GAAP",Preferred Dividends,Other Adjustments,"Net Income Avail to Common, GAAP","Net Income Avail to Common, Adj",Net Abnormal Losses (Gains),Basic Weighted Avg Shares,"Basic EPS, GAAP",Basic EPS from Cont Ops,"Basic EPS from Cont Ops, Adjusted",Diluted Weighted Avg Shares,"Diluted EPS, GAAP",Diluted EPS from Cont Ops,"Diluted EPS from Cont Ops, Adjusted",Source: Bloomberg
01/31/1997,3434.061,,,-3327.287,,,106.774,,-10.87,,,95.904,-0.279,0.279,5.542,-5.263,0.0,0.0,95.625,-33.59,62.035,0.0,,,62.035,0.0,62.035,,,62.035,62.035,,84.866,0.73,0.73,0.73,84.866,0.73,0.73,0.73,
04/30/1997,3185.833,,,-3259.669,,,-73.836,,-3.197,,,-77.033,-1.374,1.374,6.982,-5.608,0.0,0.0,-78.407,8.273,-70.134,0.0,,,-70.134,0.0,-70.134,,,-70.134,-70.134,,84.038,-0.83,-0.83,-0.83,84.038,-0.83,-0.83,-0.83,
07/31/1997,3675.905,,,-3567.314,,,108.591,,-4.654,,,103.937,-1.893,1.893,7.52,-5.627,0.0,0.0,102.044,-35.802,66.242,0.0,,,66.242,0.0,66.242,,,66.242,66.242,,84.345,0.79,0.79,0.79,84.345,0.79,0.79,0.79,
10/31/1997,4002.742,,,-3862.809,,,139.933,,0.0,,,139.933,-3.926,3.926,10.714,-6.788,0.0,0.0,136.007,-47.963,88.044,0.0,,,88.044,0.0,88.044,,,88.044,88.044,,84.657,1.04,1.04,1.04,84.657,1.04,1.04,1.04,
01/31/1998,3399.019,,,-3309.279,,,89.74,,-0.448,,,89.292,-4.834,4.834,9.422,-4.588,0.0,0.0,84.458,-29.645,54.813,0.0,,,54.813,0.0,54.813,,,54.813,54.813,,82.575,0.66,0.66,0.66,82.636,0.66,0.66,0.66,
04/30/1998,3282.079,,,-3184.891,,,97.188,,-10.115,,,87.073,-3.423,3.423,9.327,-5.904,0.0,0.0,83.65,-29.361,54.289,0.0,,,54.289,0.0,54.289,,,54.289,54.289,,80.506,0.67,0.67,0.67,80.865,0.67,0.67,0.67,
07/31/1998,3528.852,,,-3421.976,,,106.876,,-3.774,,,103.102,-6.87,6.87,12.284,-5.414,0.0,0.0,96.232,-33.795,62.437,0.0,,,62.437,0.0,62.437,,,62.437,62.437,,76.933,0.81,0.81,0.81,77.294,0.81,0.81,0.81,
10/31/1998,3294.823,,,-3179.29,,,115.533,,-8.261,,,107.272,-8.986,8.986,14.244,-5.258,0.0,0.0,98.286,-34.481,63.805,0.0,,,63.805,0.0,63.805,,,63.805,63.805,,75.065,0.85,0.85,0.85,75.958,0.84,0.84,0.84,
01/31/1999,3384.065,,,-3291.204,,,92.861,,-9.558,,,83.303,-8.404,8.404,13.004,-4.6,0.0,0.0,74.899,-23.818,51.081,0.0,,,51.081,0.0,51.081,,,51.081,51.081,,75.119,0.68,0.68,0.68,75.633,0.68,0.68,0.68,
04/30/1999,3091.307,,,-3001.212,,,90.095,,-10.222,,,79.873,-144.396,7.896,13.008,-5.112,,136.5,-64.523,-8.372,-72.895,,,,-72.895,,-72.895,,0.0,-72.895,-72.895,,75.154,-0.97,-0.97,-0.97,75.154,-0.97,-0.97,-0.97,
07/31/1999,3069.444,,,-2967.562,,,101.882,,-20.724,,,81.158,-7.621,7.621,12.439,-4.818,0.0,0.0,73.537,-23.385,50.152,0.0,,,50.152,0.0,50.152,,,50.152,50.152,,75.2,0.67,0.67,0.67,75.847,0.66,0.66,0.66,
10/31/1999,2872.569,,,-2766.715,,,105.854,,-14.846,,,91.008,10.732,8.568,12.467,-3.899,0.0,-19.3,101.74,-25.891,75.849,0.0,,,75.849,0.0,75.849,,,75.849,75.849,,75.098,1.01,1.01,1.01,75.849,1.0,1.0,1.0,
01/31/2000,2998.519,,,-2897.758,,,100.761,,-16.828,,,83.933,-9.817,9.817,13.108,-3.291,0.0,0.0,74.116,-21.864,52.252,0.0,,,52.252,0.0,52.252,,,52.252,52.252,,75.602,0.69,0.69,0.69,76.149,0.69,0.69,0.69,
04/30/2000,2557.763,,,-2479.976,,,77.787,,-11.073,,,66.714,6.247,11.672,14.814,-3.142,0.0,-17.919,72.961,-21.919,51.042,0.0,,,51.042,0.0,51.042,,,51.042,51.042,,75.453,0.68,0.68,0.68,76.789,0.66,0.66,0.66,
07/31/2000,2902.656,,,-2830.083,,,72.573,,-17.377,,,55.196,-7.909,7.909,15.988,-8.079,0.0,0.0,47.287,-13.949,33.338,0.0,,,33.338,0.0,33.338,,,33.338,33.338,,74.964,0.44,0.44,0.44,76.097,0.44,0.44,0.44,
10/31/2000,,,,,,,,,,,,-108.943,-6.77,-54.712,,-11.149,0.0,17.919,-115.713,14.322,-57.828,0.0,,,-101.391,0.0,-57.828,,,-57.828,-57.828,,73.893,-0.74,-0.74,-0.74,73.893,-0.72,-0.72,-0.72,
01/31/2001,273.112,,,-267.937988,,,5.174011,,-8.801,,,-3.627,1.410999,8.27,8.27,,0.0,-9.681,-2.216001,0.864,-1.352,0.0,,,-1.352001,0.0,-1.352,0.0,0.0,-1.352,-1.352,,73.902,-0.02,-0.02,-0.02,74.154999,-0.02,-0.02,-0.02,
04/30/2001,307.893005,,,-298.904999,,,8.988007,,-10.516,,,-1.528,4.777,9.197,9.197,,0.0,-13.974,3.249,-1.168,2.081,0.0,,,2.081,0.0,2.081,0.0,0.0,2.081,2.081,,73.663002,0.03,0.03,-0.06,74.277,0.03,0.03,-0.06,
07/31/2001,301.791992,,,-312.739014,,,-10.947021,,-4.535,,,-15.482,1.86,8.611,8.611,,0.0,-10.471,-13.622001,4.228,-9.394,0.0,,,-9.394001,0.0,-9.394,0.0,0.0,-9.394,-9.394,,73.950996,-0.13,-0.13,-0.06,73.950996,-0.13,-0.13,-0.06,
10/31/2001,320.488007,,,-325.761993,,,-5.273987,,-7.85,,,-13.124,16.955999,6.659,8.136,-1.477,0.0,-23.614999,3.832,3.783,7.615,0.0,,,7.615,0.0,7.615,0.0,0.0,7.615,7.615,,74.014,0.1,0.1,0.01,74.380997,0.1,0.1,0.01,
03/31/2002,372.678009,,,-384.170013,,,-11.492004,,-8.903,,,-20.395,9.954,6.818,7.806,-0.988,0.0,-16.772,-10.441,6.228,-4.213,0.0,,,-4.213,0.0,-4.213,0.0,0.0,-4.213,-4.213,,74.348999,-0.06,-0.06,-0.06,74.348999,-0.06,-0.06,-0.06,
06/30/2002,384.393,,,-405.86,,,-21.467,,-10.961,,,-32.428,7.087,7.943,8.619,-0.676,0.0,-15.03,-25.341,8.885,-16.456,0.0,,,-16.456,0.0,-16.456,0.0,0.0,-16.456,-16.456,,74.445,-0.22,-0.22,0.01,74.445,-0.22,-0.22,0.01,
09/30/2002,404.411987,,,-405.01001,,,-0.598022,,-10.039,,,-10.637,8.587999,8.691,9.931,-1.24,0.0,-17.278999,-2.049001,0.731,-1.318,0.0,,,-1.318001,0.0,-1.318,0.0,0.0,-1.318,-1.318,,74.468002,-0.02,-0.02,0.09,74.468002,-0.02,-0.02,0.09,
12/31/2002,386.395996,,,-409.5,,,-23.104004,,-13.405,,,-36.508999,16.82,7.434,9.0,-1.566,0.0,-24.254,-19.688999,9.102,-10.587,0.0,,,-10.586999,0.0,-10.587,0.0,0.0,-10.587,-10.587,,74.502998,-0.14,-0.14,-0.06,74.502998,-0.14,-0.14,-0.06,
03/31/2003,373.951996,,,-373.497009,,,0.454987,,-10.837,,,-10.382,-7.381,7.996,9.238,-1.242,0.0,-0.615,-17.763,8.165,-9.598,7.88,,,-17.478,0.0,-17.478001,0.0,0.0,-17.478001,-17.478001,,74.530998,-0.24,-0.13,-0.13,74.530998,-0.24,-0.13,-0.13,
06/30/2003,393.403,,,-379.716,,,13.687,,-10.376,,,3.311,-8.897,8.707,9.847,-1.14,0.0,0.19,-5.586,3.389,-2.197,0.0,,,-2.197,0.0,-2.197,0.0,0.0,-2.197,-2.197,,74.55,-0.03,-0.03,-0.03,74.55,-0.03,-0.03,-0.03,
09/30/2003,373.138,,,-376.471008,,,-3.333008,,-10.178,,,-13.511,6.119,9.591,10.787,-1.196,0.0,-15.71,-7.391999,3.538,-3.854,0.0,,,-3.853999,0.0,-3.854,0.0,0.0,-3.854,-3.854,,74.573997,-0.05,-0.05,-0.2,74.573997,-0.05,-0.05,-0.2,
12/31/2003,380.46701,,,-391.605011,,,-11.138,,-14.018,,,-25.156,-4.753999,16.587,18.386999,-1.8,0.0,-11.833,-29.909999,13.226,-16.684,0.0,,,-16.683999,0.0,-16.684,0.0,0.0,-16.684,-16.684,,74.699997,-0.22,-0.22,-0.22,74.699997,-0.22,-0.22,-0.22,
03/31/2004,405.166992,,,-389.141998,,,16.024994,,-12.697,,,3.328,-11.088,11.088,12.576,-1.488,0.0,0.0,-7.76,5.577,-2.183,0.0,,,-2.183,0.0,-2.183,0.0,0.0,-2.183,-2.183,,74.945999,-0.03,-0.03,-0.03,74.945999,-0.03,-0.03,-0.03,
06/30/2004,460.444,,,-410.609009,,,49.834991,,-21.018,,,28.816999,-18.094001,18.124001,19.724001,-1.6,0.0,-0.03,10.722998,1.876,12.599,0.0,,,12.598999,0.0,12.599,0.0,0.0,12.599,12.599,,75.164001,0.17,0.17,0.17,82.903,0.16,0.16,0.16,
09/30/2004,436.733002,,,-352.313995,,,84.419006,,-78.233002,,,6.186,-10.897,10.897,14.032,-3.135,0.0,0.0,-4.711,6.701,1.99,0.0,,,1.99,0.0,1.99,0.0,0.0,1.99,1.99,,75.267998,0.03,0.03,0.05,76.527,0.03,0.03,0.05,
12/31/2004,414.38,,,-443.921,,,-29.541,,-18.811,,,-48.352,44.457,,14.328,-2.64,0.0,-56.145,-3.895,5.341,1.446,0.0,,,1.446,0.0,1.446,0.0,0.0,1.446,1.446,,75.7,0.02,0.02,0.02,76.6,0.02,0.02,0.02,
03/31/2005,570.025,,,-478.143,,,91.882,,-20.107,,,71.775,-13.244,13.244,14.561,-1.317,0.0,0.0,58.531,-7.904,50.627,0.0,,,50.627,0.0,50.627,0.0,0.0,50.627,50.627,,76.127,0.67,0.67,0.43,89.305,0.59,0.59,0.39,
06/30/2005,582.534973,,,-515.286987,,,67.247986,,-15.722,,,51.526001,-10.315,10.315,14.483,-4.168,0.0,0.0,41.211001,-4.201,37.009998,0.0,,,37.010001,0.0,37.009998,0.0,0.0,37.009998,37.009998,,76.321999,0.48,0.48,0.48,89.376999,0.44,0.44,0.44,
09/30/2005,533.742981,,,-409.367004,,,124.375977,,-82.464996,,,41.910999,-11.622,11.622,14.799,-3.177,,0.0,30.289,-7.766,22.523001,,,,22.523,,22.523001,,,22.523001,22.523001,,76.408997,0.29,0.29,-0.04,89.545998,0.28,0.28,-0.04,
12/31/2005,517.955,,,-475.738,,,42.217,,-16.0,,,26.217,-231.658,,23.221,-3.941,0.0,212.378,-205.441,-6.357,-211.798,0.0,,,-211.798,0.0,-211.798,0.0,0.0,-211.798,-211.798,,76.7,-2.76,-2.76,0.04,76.7,-2.76,-2.76,0.04,
03/31/2006,559.468994,,,-514.898987,,,44.570007,,-18.306,,,26.264,-18.647,16.673,21.612,-4.939,0.0,1.974,7.617,-1.367,6.25,0.639,,,5.611,0.0,5.611,0.0,0.0,5.611,5.611,,81.541,0.07,0.08,0.08,82.192001,0.07,0.08,0.08,
06/30/2006,556.116028,,,-520.125,,,35.991028,,-15.654,,,20.337,-16.455,16.455,21.631001,-5.176,0.0,0.0,3.881999,-0.657,3.225,0.0,,,3.224999,0.0,3.225,0.0,0.0,3.225,3.225,,81.075996,0.04,0.04,0.04,81.856003,0.04,0.04,0.04,
09/30/2006,555.896973,,,-502.743011,,,53.153961,,-6.54,,,46.613998,-16.417,16.417,21.459,-5.042,0.0,0.0,30.196999,-6.041,24.156,0.0,,,24.155999,0.0,24.156,0.0,0.0,24.156,24.156,,80.319,0.3,0.3,0.06,81.056999,0.3,0.3,0.06,
12/31/2006,548.4,,,-508.8,,,39.6,,-19.8,,,19.8,-16.5,16.5,21.4,-4.9,0.0,0.0,3.3,7.4,10.7,0.0,,,10.7,0.0,10.7,0.0,0.0,10.7,10.7,,80.5,0.13,0.13,0.13,80.8,0.13,0.13,0.13,
03/31/2007,607.320007,,,-529.866028,,,77.453979,,-21.896999,,,55.556999,-16.026001,16.025999,21.436001,-5.41,0.0,0.0,39.530998,-6.924,32.606998,0.0,,,32.606998,0.0,32.606998,0.0,0.0,32.606998,32.606998,,80.563004,0.4,0.4,0.4,81.047997,0.4,0.4,0.4,
06/30/2007,617.802002,,,-535.531982,,,82.27002,,-22.143,,,60.126999,-14.810999,14.811,21.629999,-6.819,0.0,0.0,45.316,-10.378,34.938,0.0,,,34.937999,0.0,34.938,0.0,0.0,34.938,34.938,,80.638,0.43,0.43,0.43,81.671997,0.43,0.43,0.43,
09/30/2007,603.440979,,,-553.03302,,,50.407959,,-15.065,,,35.342999,-14.865001,14.865,21.450001,-6.585,0.0,0.0,20.477998,0.93,21.408001,0.0,,,21.407998,0.0,21.408001,0.0,0.0,21.408001,21.408001,,79.997002,0.27,0.27,0.27,80.477997,0.27,0.27,0.27,
12/31/2007,585.0,,,-529.9,,,55.1,,-26.4,,,28.7,-4.5,4.5,9.6,-5.1,0.0,0.0,24.2,-19.1,5.1,0.0,,,5.1,0.0,5.1,0.0,0.0,5.1,5.1,,79.3,0.06,0.06,0.08,80.0,0.06,0.06,0.08,
03/31/2008,644.625,,,-552.481018,,,92.143982,,-23.169001,,,68.974998,-15.736001,15.736,20.957001,-5.221,0.0,0.0,53.238998,-11.305,41.933998,0.0,,,41.933998,0.0,41.933998,0.0,0.0,41.933998,41.933998,,79.767998,0.53,0.53,0.53,80.597,0.52,0.52,0.52,
06/30/2008,826.838,,,-650.15,,,176.688,,-39.986,,,136.702,-262.496,17.22,20.806,-3.586,0.0,245.276,-125.794,32.456,-93.338,0.0,,,-93.338,0.0,-93.338,0.0,0.0,-93.338,-93.338,,80.162,-1.16,-1.16,1.15,80.162,-1.16,-1.16,1.15,
09/30/2008,763.296,,,-651.014,,,112.282,0.0,-3.869,2.82,1.049,108.413,-46.561,25.101,29.843,-4.742,0.0,21.46,61.852,-10.294,51.558,0.0,,,51.558,0.0,51.558,0.0,0.0,51.558,51.558,9.69995,82.623,0.624015,0.624015,0.7414,83.959,0.614621,0.614621,0.7296,
12/31/2008,755.0,,,-647.7,,,107.3,0.0,-15.0,14.2,0.8,92.3,-24.2,11.2,21.2,-10.0,,13.0,68.1,-14.5,53.6,0.0,,,53.6,0.0,53.6,0.0,0.0,53.6,53.6,,84.8,0.63,0.63,0.5585,85.1,0.6298,0.6296,0.5565,
03/31/2009,768.088,748.749,19.339,-551.131,479.513,73.66,216.957,0.0,-144.207,20.849,49.698,72.75,-16.359,16.359,25.236,-8.877,,0.0,56.391,-12.965,43.426,0.0,0.0,0.0,43.426,0.0,43.426,0.0,0.0,43.426,38.811,-4.615,84.859,0.51,0.51,0.457359,85.182,0.51,0.51,0.455822,
06/30/2009,697.627,683.398,14.229,-500.13,433.329,68.481,197.497,0.0,-148.792,19.161,61.15,48.705,-22.646,22.646,25.453,-2.807,,0.0,26.059,-5.867,20.192,0.0,0.0,0.0,20.192,0.0,20.192,0.0,0.0,20.192,20.192,0.0,84.872,0.24,0.24,0.24,85.27,0.24,0.24,0.24,
09/30/2009,641.56,602.624,38.936,-450.063,383.958,66.433,191.497,0.0,-145.714,21.385,57.896,45.783,-24.903,24.903,25.493,-0.59,,0.0,20.88,-4.422,16.458,0.0,0.0,0.0,16.458,0.0,16.458,0.0,0.0,16.458,-4.342,-20.8,84.93,0.19,0.19,-0.051124,85.662,0.19,0.19,-0.052815,
12/31/2009,583.9,564.7,19.2,-405.9,342.5,63.8,178.0,0.0,-118.3,33.8,20.7,59.7,-25.8,25.8,26.1,-0.3,,0.0,33.9,-9.5,24.4,0.0,0.0,0.0,24.4,0.0,24.4,0.0,0.0,24.4,23.36,-1.04,85.3,0.29,0.29,0.273857,86.3,0.28,0.28,0.267949,
03/31/2010,688.639,665.556,23.083,-490.559,426.352,64.731,198.08,0.0,-131.285,27.847,38.707,66.795,-19.973,23.753,25.216,-1.463,,-3.78,46.822,-13.196,33.626,0.0,0.0,0.0,33.626,0.0,33.626,0.0,0.0,33.626,2.20955,-31.41645,86.137,0.39,0.39,0.025652,87.393,0.39,0.39,0.025652,
06/30/2010,810.148,776.641,33.507,-667.893,534.977,164.88,142.255,0.0,-253.06,8.544,79.636,-110.805,-24.945,24.945,25.23,-0.285,,0.0,-135.75,47.036,-88.714,0.0,0.0,0.0,-88.714,0.0,-88.714,0.0,0.0,-88.714,-91.054,-2.34,100.664,-0.88,-0.88,-0.904534,100.664,-0.88,-0.88,-0.904534,
09/30/2010,810.164,797.881,12.283,-656.572,579.733,108.289,153.592,0.0,-184.049,7.428,68.332,-30.457,-24.599,25.481,25.779,-0.298,,-0.882,-55.056,13.632,-41.424,0.0,0.0,0.0,-41.424,0.0,-41.424,0.0,0.0,-41.424,-42.6473,-1.2233,101.581,-0.41,-0.41,-0.419835,101.581,-0.41,-0.41,-0.422043,
12/31/2010,730.0,713.5,16.5,-603.9,514.1,109.4,126.1,0.0,-189.9,27.7,52.8,-63.8,-25.8,25.8,26.0,-0.2,,0.0,-89.6,19.5,-70.1,0.0,0.0,0.0,-70.1,0.0,-70.1,0.0,0.0,-70.1,-66.265,3.835,101.8,-0.69,-0.69,-0.650933,101.8,-0.69,-0.69,-0.652328,
03/31/2011,949.756,931.622,18.134,-706.24,620.238,108.542,243.516,0.0,-228.076,16.004,103.53,15.44,-25.455,25.455,25.751,-0.296,,0.0,-10.015,2.341,-7.674,0.0,0.0,0.0,-7.674,0.0,-7.674,0.0,0.0,-7.674,2.18,9.854,102.326,-0.07,-0.07,0.021304,102.326,-0.07,-0.07,0.021304,
06/30/2011,1001.625,,,,,,161.261625,,,,,141.767,,,,,,,104.56,,58.5,,,,,,58.5,,,58.5,62.25,,,0.538,0.538,0.608,,0.538,0.538,0.608,
09/30/2011,1031.375,,,,,,174.302375,,,,,172.0,,,,,,,141.2,,108.8,,,,,,108.8,,,108.8,89.325,,,1.045,1.045,0.833,,1.045,1.045,0.833,
