Date,Revenue,Cost of Revenue,Gross Profit,Operating Expenses,Operating Income or Losses,Interest Expense,Foreign Exchange Losses (Gains),Net Non-Operating Losses (Gains),Pretax Income,Income Tax Expense (Benefit),Income Before XO Items,Extraordinary Loss Net of Tax,Minority/Non Controlling Interests (Credits),Net Income/Net Profit (Losses),Total Cash Preferred Dividends,Other Adjustments,Net Inc Avail to Common Shareholders,Abnormal Losses (Gains),Tax Effect on Abnormal Items,Normalized Income,Basic EPS Before Abnormal Items,Basic EPS Before XO Items,Basic Earnings per Share,Basic Weighted Avg Shares,Diluted EPS Before Abnormal Items,Diluted EPS Before XO Items,Diluted EPS,Diluted Weighted Avg Shares,Source: Bloomberg
03/31/1993,2.602,-0.689,1.913,-1.85,0.063,0.0,0.0,0.051,0.114,-0.003,0.111,0.0,0.0,0.111,0.0,,0.111,,,0.111,,0.0025,0.0025,43.683998,0.0025,0.0025,0.0025,43.683998,
06/30/1993,3.002,-0.453,2.549,-2.298,0.251,0.0,0.0,-0.002,0.249,-0.008,0.241,0.0,0.0,0.241,0.0,,0.241,,,0.241,,0.005,0.005,43.596001,0.005,0.005,0.005,43.596001,
09/30/1993,3.296,-0.468,2.828,-2.438,0.39,0.0,0.0,0.058,0.448,-0.012,0.436,0.0,0.0,0.436,0.0,,0.436,,,0.436,,0.01,0.01,43.612,0.01,0.01,0.01,43.612,
12/31/1993,4.1,-0.391,3.709,-3.204,0.505,-0.057,-0.14,0.299,0.607,-0.033,0.574,0.0,0.0,0.574,0.0,,0.574,,,0.574,0.0125,0.0125,0.0125,50.512,0.0125,0.0125,0.0125,50.512,
03/31/1994,4.3,-0.482,3.818,-3.173,0.645,0.0,0.0,0.283,0.928,-0.139,0.789,0.0,0.0,0.789,0.0,,0.789,,,0.789,,0.015,0.015,53.304001,0.015,0.015,0.015,53.304001,
06/30/1994,5.25,-0.579,4.671,-3.741,0.93,0.0,0.0,0.361,1.291,-0.194,1.097,0.0,0.0,1.097,0.0,,1.097,,,1.097,,0.02,0.02,53.132,0.02,0.02,0.02,53.132,
09/30/1994,6.4,-0.644,5.756,-4.525,1.231,0.0,0.0,0.278,1.509,-0.227,1.282,0.0,0.0,1.282,0.0,,1.282,,,1.282,,0.025,0.025,53.091999,0.025,0.025,0.025,53.091999,
12/31/1994,7.5,-0.761,6.739,-4.953,1.786,-0.013,0.0,0.439,2.212,-0.331,1.881,0.0,0.0,1.881,0.0,,1.881,,,1.881,0.035,0.035,0.035,53.86,0.035,0.035,0.035,53.86,
03/31/1995,7.7,-0.879,6.821,-5.969,0.852,0.0,0.0,0.444,1.296,-0.259,1.037,0.0,0.0,1.037,0.0,,1.037,,,1.037,,0.02,0.02,54.68,0.02,0.02,0.02,54.68,
06/30/1995,9.0,-1.06,7.94,-10.231,-2.291,0.0,0.0,0.446,-1.845,0.0,-1.845,0.0,0.0,-1.845,0.0,,-1.845,,,-1.845,,-0.035,-0.035,51.931999,-0.035,-0.035,-0.035,51.931999,
09/30/1995,10.25,-1.131,9.119,-6.713,2.406,0.0,0.0,0.651,3.057,-0.611,2.446,0.0,0.0,2.446,0.0,,2.446,,,2.446,,0.04,0.04,62.236,0.04,0.04,0.04,62.236,
12/31/1995,12.5,-1.443,11.057,-18.582001,-7.525,0.0,0.29,0.446,-6.789,-0.1,-6.889,0.0,0.0,-6.889,0.0,,-6.889,,,-6.889,-0.11,-0.11,-0.11,62.46,-0.11,-0.11,-0.11,62.46,
03/31/1996,11.0,-1.128,9.872,-11.53,-1.658,,,0.845,-0.813,0.163,-0.65,0.0,0.0,-0.65,0.0,,-0.65,2.6,-0.52,1.43,0.0225,-0.01,-0.01,63.035999,0.0225,-0.01,-0.01,63.035999,
06/30/1996,12.1,-1.495,10.605,-10.403,0.202,,,0.776,0.978,-0.198,0.78,0.0,0.0,0.78,0.0,,0.78,,,0.78,0.0125,0.0125,0.0125,63.348,0.0125,0.0125,0.0125,66.255997,
09/30/1996,14.2,-1.866,12.334,-11.396,0.938,,,0.856,1.794,-0.359,1.435,0.0,0.0,1.435,0.0,,1.435,,,1.435,0.0225,0.0225,0.0225,63.959999,0.0225,0.0225,0.0225,66.456001,
12/31/1996,17.25,-2.17,15.08,-9.54,5.54,0.0,,-1.716,3.824,-0.763,3.061,0.0,0.0,3.061,0.0,,3.061,,,3.061,0.0475,0.0475,0.0475,64.112,0.0475,0.0475,0.0475,66.008004,
03/31/1997,15.4,-2.118,13.282,-11.76,1.522,,0.0,0.709,2.231,-0.446,1.785,0.0,0.0,1.785,0.0,,1.785,,,1.785,0.03,0.03,0.03,64.547997,0.025,0.025,0.025,66.575996,
06/30/1997,17.5,-2.604,14.896,-13.065,1.831,,,0.846,2.677,-0.535,2.142,0.0,0.0,2.142,0.0,,2.142,,,2.142,0.035,0.035,0.035,65.068,0.03,0.03,0.03,68.003996,
09/30/1997,19.6,-2.593,17.007,-13.91,3.097,,,-4.684,-1.587,-0.683,-2.27,0.0,0.0,-2.27,0.0,,-2.27,5.5,-1.671,1.559,0.0225,-0.035,-0.035,65.732002,0.0225,-0.035,-0.035,65.732002,
12/31/1997,24.200001,-3.261,20.939001,-15.364,5.575,,,1.176,6.751,-1.263,5.05,0.0,0.0,5.05,0.0,,5.05,,,5.488,0.075,0.075,0.075,66.612,0.07,0.07,0.07,73.356004,
03/31/1998,22.200001,-3.663,18.537001,-16.277,2.26,,0.0,0.856,3.116,-0.706,2.41,0.0,0.0,2.41,0.0,,2.41,,,2.41,0.04,0.04,0.04,68.708,0.03,0.03,0.03,77.603996,
06/30/1998,27.200001,-4.15,23.050001,-19.622999,3.427,,0.0,0.947,4.374,-1.008,3.366,0.0,0.0,3.366,0.0,,3.366,,,3.366,0.05,0.05,0.05,69.879996,0.04,0.04,0.04,78.379996,
09/30/1998,30.6,-4.504,26.096,-20.917,5.179,,0.0,1.227,6.406,-1.405,5.001,0.0,0.0,5.001,0.0,,5.001,,,5.001,0.07,0.07,0.07,70.692,0.06,0.06,0.06,79.008004,
12/31/1998,41.0,-5.731,35.269,-25.799,9.47,,0.0,1.61,11.08,-2.332,8.748,0.0,0.0,8.748,0.0,,8.748,,,8.748,0.12,0.12,0.12,73.351997,0.11,0.11,0.11,80.584,
03/31/1999,37.599998,-5.708,31.891998,-26.697001,5.195,,0.0,1.153,6.348,-1.398,4.95,0.0,0.0,4.95,0.0,,4.95,,,4.95,0.07,0.07,0.07,74.433998,0.06,0.06,0.06,83.309998,
06/30/1999,42.5,-6.311,36.189,-29.042999,7.146,,0.0,1.406,8.552,-1.84,6.712,0.0,0.0,6.712,0.0,,6.712,,,6.712,0.09,0.09,0.09,75.393997,0.08,0.08,0.08,83.804001,
09/30/1999,47.5,-6.988,40.512,-31.611,8.901,,0.0,1.542,10.443,-2.297,8.146,0.0,0.0,8.146,0.0,,8.146,,,8.146,0.11,0.11,0.11,76.795998,0.09,0.09,0.09,85.919998,
12/31/1999,60.1,-6.726,53.374,-36.629,16.745,,0.0,-0.075,16.67,-3.334,13.336,0.0,0.0,13.336,0.0,0.0,13.336,2.0,-0.7,14.636,0.095,0.085,0.085,155.648,0.085,0.075,0.075,175.948,
03/31/2000,60.400002,-8.374,52.026002,-42.395,9.631,,0.0,2.608,12.239,-2.448,9.791,0.0,0.0,9.791,0.0,0.0,9.791,0.0,0.0,9.791,0.12,0.12,0.12,78.943001,0.11,0.11,0.11,91.208,
06/30/2000,69.599998,-10.32,59.279999,-46.973999,12.306,,0.0,3.228,15.534,-3.107,12.427,0.0,0.0,12.427,0.0,0.0,12.427,0.0,0.0,12.427,0.16,0.16,0.16,79.507004,0.14,0.14,0.14,91.281998,
09/30/2000,79.5,-12.094,67.406,-51.893002,15.513,-5.938,0.0,5.332,14.906999,-4.169,16.676001,0.0,0.0,16.676001,0.0,0.0,16.676001,,,10.737999,0.21,0.21,0.21,80.263,0.18,0.18,0.18,92.532997,
12/31/2000,97.5,-12.549,84.951,-58.988,25.963,,0.0,6.294,32.257,-6.451,25.806,0.0,0.0,25.806,0.0,0.0,25.806,0.0,0.0,25.806,0.32,0.32,0.32,80.996,0.28,0.28,0.28,92.728,
03/31/2001,90.699997,-13.756,76.943997,-62.042,14.902,,0.0,5.284,20.186,-4.037,16.149,0.0,0.0,16.149,0.0,0.0,16.149,,,16.149,0.2,0.2,0.2,81.407997,0.18,0.18,0.18,90.941002,
06/30/2001,96.0,-13.987,82.013,-70.589996,11.423,,0.0,1.949,13.372,-4.041,9.331,0.0,0.0,9.331,0.0,0.0,9.331,6.832,0.0,16.163,0.2,0.11,0.11,82.808998,0.18,0.1,0.1,91.222,
09/30/2001,84.0,-13.148,70.852,-73.389999,-2.538,,0.0,-2.997,-5.535,-1.57,-7.105,0.0,0.0,-7.105,0.0,0.0,-7.105,17.801001,-0.883,9.813,0.12,-0.09,-0.09,83.265999,0.11,-0.09,-0.09,88.426003,
12/31/2001,90.3,-12.498,77.802,-63.608,14.194,,,8.519,22.713,-6.934,15.779,,,15.779,,,15.779,,,15.779,0.19,0.19,0.19,82.765,0.18,0.18,0.18,86.793,
03/31/2002,90.5,-13.264,77.236,-64.702,12.534,,,5.066,17.6,-2.44,15.16,,,15.16,,,15.16,-3.509,1.228,12.879,0.12,0.15,0.18,83.223,0.11,0.14,0.17,89.409,
06/30/2002,94.0,-14.742,79.258,-65.955,13.303,,,9.457,22.76,-4.74,18.02,,,18.02,,,18.02,,,18.02,0.21,0.21,0.21,83.817,0.2,0.2,0.2,89.126,
09/30/2002,97.851997,-15.485,82.366998,-67.138,15.229,-6.242,0.0,7.824,16.811,-3.54,13.271,0.0,0.0,13.271,0.0,0.0,13.271,0.89,0.0,14.161,0.17,0.16,0.16,84.186996,0.16,0.15,0.15,87.742996,
12/31/2002,117.77,-16.351,101.419,-74.671,26.748,,,-3.131,23.617,-4.864,18.753,,,18.753,,,18.753,,,18.753,0.22,0.22,0.22,84.545,0.21,0.21,0.21,87.707,
03/31/2003,110.385002,-15.849,94.536002,-74.021004,20.514999,-5.0,0.0,7.327,22.842,-4.698,18.143999,0.0,0.0,18.143999,0.0,0.0,18.143999,0.647,0.0,18.791,0.22,0.21,0.21,85.031998,0.21,0.2,0.2,89.348999,
06/30/2003,118.056,-17.046,101.01,-79.542,21.468,-4.921,0.0,5.165,21.712,-4.777,16.934999,0.0,0.0,16.934999,0.0,0.0,16.934999,3.091,-0.183,19.843001,0.23,0.2,0.2,85.610001,0.22,0.19,0.19,90.505997,
09/30/2003,126.056,-20.695,105.361,-84.374001,20.987,-4.805,0.0,-21.190001,-5.008001,-1.656,-6.664,0.0,0.0,-6.664,0.0,0.0,-6.664,31.615999,-3.666,21.285998,0.23,-0.08,-0.08,87.705002,0.23,-0.08,-0.08,94.042,
12/31/2003,151.975998,-24.235001,127.740997,-103.347,24.393999,-9.825,0.0,3.58,18.148999,-5.051,13.098,0.0,0.0,13.098,0.0,0.0,13.098,14.058,-0.952,26.203999,0.29,0.15,0.15,90.077003,0.27,0.14,0.14,97.029999,
03/31/2004,156.806,-26.954,129.851999,-107.642998,22.209,-4.811,0.0,7.076,24.474,-5.566,18.908001,0.0,0.0,18.908001,0.0,0.0,18.908001,5.251,-0.379,23.78,0.26,0.21,0.21,91.449997,0.24,0.19,0.19,97.780998,
06/30/2004,159.046997,-28.690001,130.356997,-109.961998,20.395,-4.811,0.0,-2.146,13.438001,-1.827,11.611,0.0,0.0,11.611,0.0,0.0,11.611,13.84,-3.492,21.959001,0.24,0.13,0.13,92.447998,0.22,0.12,0.12,98.237,
09/30/2004,165.410995,-29.681999,135.728996,-112.633003,23.096001,-5.175,0.0,5.965,23.886001,-4.843,19.042999,0.0,0.0,19.042999,0.0,0.0,19.042999,6.515,-1.199,24.359001,0.28,0.22,0.22,87.907997,0.27,0.21,0.21,91.541,
12/31/2004,204.283,-35.833,168.45,-127.315,41.135,-5.495,0.0,9.707,45.347,-10.309,35.038,0.0,0.0,35.038,0.0,0.0,35.038,4.009,1.495,40.542,0.48,0.41,0.41,84.496,0.42,0.36,0.36,98.179,
03/31/2005,198.762,-38.689,160.073,-124.557,35.516,-5.863,0.0,9.109,38.762,-7.323,31.439,0.0,0.0,31.439,0.0,0.0,31.439,2.928,-0.534,33.833,0.39,0.37,0.37,85.722,0.34,0.32,0.32,99.428,
06/30/2005,207.061996,-41.754002,165.307995,-146.684998,18.622999,-6.289,0.0,11.178,23.512,-4.883,18.629,0.0,0.0,18.629,0.0,0.0,18.629,20.834999,-2.746,36.717999,0.42,0.21,0.21,86.766998,0.37,0.19,0.19,99.778999,
09/30/2005,228.6,,,,45.9,,,,41.175,,,,,,,,,,,,0.325,0.365,0.365,,0.325,0.365,0.365,,
12/31/2005,253.4,,,,55.35,,,,47.55,,,,,,,,,,,,0.376,0.43,0.43,,0.376,0.43,0.43,,
