Date,Revenue,Sales & Services Revenue,Cost of Revenue,Cost of Goods & Services,Depreciation & Amortization,Gross Profit,Other Operating Income,Operating Expenses,"Selling, General & Admin",Other Operating Expense,Operating Income (Loss),Non-Operating (Income) Loss,"Interest Expense, Net",Interest Expense,Interest Income,Foreign Exch (Gain) Loss,Other Non-Op (Income) Loss,Pretax Income,Income Tax Expense (Benefit),Income (Loss) from Cont Ops,Net Extraordinary Losses (Gains),Discontinued Operations,XO & Accounting Changes,Income (Loss) Incl. MI,Minority Interest,"Net Income, GAAP",Preferred Dividends,Other Adjustments,"Net Income Avail to Common, GAAP","Net Income Avail to Common, Adj",Net Abnormal Losses (Gains),Basic Weighted Avg Shares,"Basic EPS, GAAP",Basic EPS from Cont Ops,"Basic EPS from Cont Ops, Adjusted",Diluted Weighted Avg Shares,"Diluted EPS, GAAP",Diluted EPS from Cont Ops,"Diluted EPS from Cont Ops, Adjusted",Source: Bloomberg
03/31/2003,8334.099609,,-7984.600098,,,349.499511,,-186.600006,,,162.899994,11.7,,,,0.0,-11.7,174.599994,-72.599998,102.0,0.0,,,101.999996,0.0,102.0,0.0,0.0,102.0,102.0,,540.0,0.19,0.19,0.177,540.0,0.19,0.19,0.177,
06/28/2003,8404.5,,-8033.600098,,,370.899902,,-191.300003,,,179.600006,0.4,,,,0.0,-0.4,180.000006,-74.800003,105.199997,0.0,,,105.200003,0.0,105.199997,0.0,0.0,105.199997,105.199997,,540.0,0.195,0.195,0.195,540.0,0.195,0.195,0.195,
09/27/2003,8524.0,,-8135.200195,,,388.799805,,-208.399994,,,180.399994,-8.7,,,,0.0,8.7,171.699994,-71.400002,100.300003,0.0,,,100.299992,0.0,100.300003,0.0,0.0,100.300003,100.300003,,540.0,0.185,0.185,0.185,540.400024,0.185,0.185,0.185,
12/27/2003,9001.900391,,-8588.900391,,,413.0,,-194.5,,,218.5,-16.1,,,,0.0,16.1,202.4,-84.099998,118.300003,0.0,,,118.300001,0.0,118.300003,0.0,0.0,118.300003,118.300003,,540.599976,0.22,0.22,0.22,545.599976,0.215,0.215,0.215,
03/27/2004,8905.900391,,-8485.200195,,,420.700196,,-223.899994,,,196.800003,-22.0,,,,0.0,22.0,174.800003,-71.199997,103.599998,0.0,,,103.600006,0.0,103.599998,0.0,0.0,103.599998,103.599998,,541.599976,0.19,0.19,0.22,547.400024,0.19,0.19,0.22,
06/26/2004,8836.200195,,-8408.5,,,427.700195,,-201.800003,,,225.899994,-13.3,,,,0.0,13.3,212.599994,-85.300003,127.300003,0.0,,,127.299991,0.0,127.300003,0.0,0.0,127.300003,127.300003,,542.799988,0.235,0.235,0.235,549.200012,0.23,0.23,0.23,
09/25/2004,8696.599609,,-8270.900391,,,425.699218,,-215.800003,,,209.899994,-12.6,,,,0.0,12.6,197.299994,-79.199997,118.099998,0.0,,,118.099997,0.0,118.099998,0.0,0.0,118.099998,118.099998,,544.200012,0.215,0.215,0.215,548.400024,0.215,0.215,0.215,
12/25/2004,8913.2,,-8464.8,,,448.4,,-214.8,,,233.6,-12.0,,,,0.0,12.0,221.6,-89.0,132.6,0.0,,,132.6,0.0,132.6,0.0,0.0,132.6,132.6,,543.8,0.245,0.245,0.245,543.8,0.24,0.24,0.24,
03/26/2005,8743.3,,-8295.8,,,447.5,0.0,-219.9,174.9,45.0,227.6,-10.1,10.1,,,0.0,0.0,217.5,-86.3,131.2,0.0,,,131.2,0.0,131.2,0.0,0.0,131.2,131.2,,550.4,0.24,0.24,0.24,560.2,0.235,0.235,0.235,
06/25/2005,8998.7,,-8543.4,,,455.3,,-220.4,,,234.9,-6.4,6.4,,,0.0,0.0,228.5,-91.1,137.4,0.0,,,137.4,0.0,137.4,0.0,0.0,137.4,137.4,,556.0,0.245,0.245,0.245,567.6,0.24,0.24,0.24,
09/24/2005,9325.4,,-8862.3,,,463.1,,-234.5,,,228.6,-10.6,-2.0,5.0,-7.0,0.0,12.6,218.0,-61.3,156.7,0.0,,,156.7,0.0,156.7,0.0,0.0,156.7,156.7,,582.0,0.27,0.27,0.27,593.0,0.265,0.265,0.265,
12/31/2005,10803.4,,-10226.5,,,576.9,,-275.3,,,301.6,-12.7,,,,0.0,12.7,288.9,-112.1,176.8,0.0,,,176.8,0.0,176.8,0.0,0.0,176.8,176.8,,612.8,0.29,0.29,0.29,623.8,0.285,0.285,0.285,
04/01/2006,10563.5,,-10025.3,,,538.2,0.0,-450.5,395.9,54.6,87.7,-13.5,3.0,7.0,-4.0,0.0,10.5,74.2,-29.4,44.8,0.0,,,44.8,0.0,44.8,0.0,0.0,44.8,44.8,,608.4,0.075,0.075,0.28,617.2,0.075,0.075,0.28,
07/01/2006,10588.8,,-10005.3,,,583.5,,-239.1,,,344.4,-69.9,7.0,8.0,-1.0,0.0,62.9,274.5,-103.6,170.9,0.0,,,170.9,0.0,170.9,0.0,0.0,170.9,170.9,33.852,598.0,0.285,0.285,0.34,605.8,0.28,0.28,0.335,
09/30/2006,10461.1,,-9867.6,,,593.5,,-277.5,,,316.0,-20.9,1.9,6.1,-4.2,0.0,19.0,295.1,-109.3,185.8,0.0,,,185.8,0.0,185.8,0.0,0.0,185.8,185.8,,588.2,0.315,0.315,0.35,597.4,0.31,0.31,0.345,
12/30/2006,10930.2,,-10240.0,,,690.2,,-360.6,,,329.6,-58.9,58.9,74.7,-15.8,0.0,-97.3,368.0,-139.3,228.8,0.0,,,228.7,0.0,228.8,0.0,0.0,228.8,228.8,-182.526,583.4,0.39,0.39,0.435,591.0,0.385,0.385,0.43,
03/31/2007,11159.6,,-10385.9,,,773.7,,-303.0,,,470.7,-14.9,14.9,,,0.0,0.0,455.8,-181.0,274.8,0.0,,,274.8,0.0,274.8,0.0,0.0,274.8,274.8,26.2,573.4,0.48,0.48,0.525,582.2,0.47,0.47,0.515,
06/30/2007,11049.6,,-10345.0,,,704.6,0.0,-328.6,274.0,54.6,376.0,-21.9,7.0,8.0,-1.0,0.0,14.9,354.1,-139.2,214.9,0.0,,,214.9,0.0,214.9,0.0,0.0,214.9,214.9,,554.4,0.39,0.39,0.45,564.2,0.38,0.38,0.44,
09/29/2007,10918.6,,-10217.8,,,700.8,,-317.8,,,383.0,-25.5,30.3,34.6,-4.3,0.0,-4.8,357.5,-142.8,214.7,0.0,,,214.7,0.0,214.7,0.0,0.0,214.7,214.7,32.81,537.8,0.4,0.4,0.46,548.0,0.39,0.39,0.45,
12/29/2007,11378.4,,-10612.2,,,766.2,,-392.8,,,373.4,-37.4,37.4,,,0.0,0.0,336.0,-128.4,207.6,0.0,,,207.6,0.0,207.6,0.0,0.0,207.6,207.6,27.31,535.2,0.39,0.39,0.44,546.3,0.38,0.38,0.43,
03/29/2008,12962.9,,-12062.7,,,900.2,,-397.9,,,502.3,-54.3,26.0,27.8,-1.8,0.0,28.3,448.0,-177.8,270.2,0.0,,,270.2,0.0,270.2,0.0,0.0,270.2,270.2,,526.9,0.51,0.51,0.56,537.8,0.5,0.5,0.55,
06/28/2008,12774.6,,-11841.1,,,933.5,0.0,-368.4,368.4,0.0,565.1,-128.1,25.0,30.3,-5.3,0.0,103.1,437.0,-174.3,262.7,0.0,,,262.7,0.0,262.7,0.0,0.0,262.7,262.7,,507.7,0.52,0.52,0.57,517.6,0.51,0.51,0.56,
09/27/2008,12559.1,,-11634.3,,,924.8,,-418.3,,,506.5,-58.2,20.1,26.9,-6.8,0.0,38.1,448.3,-152.6,295.7,0.0,,,295.7,0.0,295.7,0.0,0.0,295.7,295.7,,503.3,0.59,0.59,0.59,513.4,0.58,0.58,0.58,
12/27/2008,12961.3,,-11991.2,,,970.1,0.0,-454.9,381.0,73.9,515.2,-57.6,54.4,60.0,-5.6,0.0,3.2,457.6,-183.2,274.4,0.0,,,274.4,0.0,274.4,0.0,0.0,274.4,274.4,,496.3,0.55,0.55,0.6,505.3,0.54,0.54,0.59,
03/28/2009,14833.9,14833.9,-13889.8,13877.8,107.1,944.1,0.0,-416.2,309.1,0.0,527.9,-41.6,,45.1,,,-3.5,486.3,-195.3,291.0,0.0,0.0,0.0,291.0,0.0,291.0,0.0,0.0,291.0,291.0,0.0,492.2,0.59,0.59,0.59,501.2,0.58,0.58,0.58,
06/27/2009,14930.4,14930.4,-13914.6,13903.6,109.2,1015.8,0.0,-446.6,337.4,0.0,569.2,-41.2,,43.4,,,-2.2,528.0,-215.9,312.1,0.0,0.0,0.0,312.1,0.0,312.1,0.0,0.0,312.1,312.1,0.0,479.6,0.65,0.65,0.65,488.0,0.64,0.64,0.64,
09/26/2009,14794.8,14794.8,-13754.8,13742.3,114.2,1040.0,0.0,-447.4,333.2,0.0,592.6,-39.9,,43.3,,,-3.4,552.7,-217.1,335.6,0.0,0.0,0.0,335.6,0.0,335.6,0.0,0.0,335.6,335.6,0.0,475.4,0.71,0.71,0.71,484.7,0.69,0.69,0.69,
12/26/2009,15245.2,15245.2,-14218.1,14205.8,106.5,1027.1,0.0,-451.0,344.5,0.0,576.1,-39.9,,40.7,,,-0.8,536.2,-194.7,341.5,0.0,0.0,0.0,341.5,0.0,341.5,0.0,0.0,341.5,341.5,0.0,477.0,0.72,0.72,0.72,487.2,0.7,0.7,0.7,
03/27/2010,16310.9,16310.9,-15318.2,15305.8,102.5,992.7,0.0,-421.1,318.6,0.0,571.6,-39.3,,40.7,,,-1.4,532.3,-211.8,320.5,0.0,0.0,0.0,320.5,0.0,320.5,0.0,0.0,320.5,320.5,0.0,467.7,0.69,0.69,0.69,478.2,0.67,0.67,0.67,
06/26/2010,16407.5,16407.5,-15345.8,15333.6,103.4,1061.7,0.0,-447.1,343.7,0.0,614.6,-32.5,,38.8,,,-6.3,582.1,-225.2,356.9,0.0,0.0,0.0,356.9,0.0,356.9,0.0,0.0,356.9,356.9,0.0,453.0,0.79,0.79,0.79,462.0,0.77,0.77,0.77,
09/25/2010,16319.8,16319.8,-15200.3,15187.7,105.1,1119.5,0.0,-466.2,361.1,0.0,653.3,-40.8,,43.4,,,-2.6,612.5,-241.0,371.5,0.0,0.0,0.0,371.5,0.0,371.5,0.0,0.0,371.5,371.5,0.0,429.9,0.86,0.86,0.86,437.1,0.85,0.85,0.85,
12/25/2010,16930.2,16930.2,-15769.0,15752.1,111.9,1161.2,0.0,-503.5,391.6,0.0,657.7,-50.4,,49.5,,,0.9,607.3,-228.8,378.5,0.0,0.0,0.0,378.5,0.0,378.5,0.0,0.0,378.5,378.5,0.0,421.4,0.9,0.9,0.9,430.2,0.88,0.88,0.88,
03/26/2011,17019.6,17019.6,-15949.3,15932.6,107.5,1070.3,0.0,-460.3,352.8,0.0,610.0,-54.2,,51.9,,,2.3,555.8,-222.7,333.1,0.0,0.0,0.0,333.1,0.0,333.1,0.0,0.0,333.1,333.1,0.0,405.5,0.82,0.82,0.82,414.2,0.8,0.8,0.8,
06/25/2011,17074.0,17074.0,-15968.6,15953.4,109.1,1105.4,0.0,-493.6,384.5,0.0,611.8,-54.2,,52.3,,,1.9,557.6,-214.8,342.8,0.0,0.0,0.0,342.8,0.0,342.8,0.0,0.0,342.8,342.8,0.0,397.6,0.86,0.86,0.86,405.1,0.85,0.85,0.85,
09/24/2011,16981.5,16981.5,-15814.4,15798.8,110.4,1167.1,0.0,-528.8,418.4,0.0,638.3,-49.6,,52.2,,,-2.6,588.7,-233.3,355.4,0.0,0.0,0.0,355.4,0.0,355.4,0.0,0.0,355.4,377.4,22.0,388.0,0.92,0.92,0.97268,394.9,0.9,0.9,0.95571,
12/31/2011,18988.2,18988.2,-17708.8,17692.8,114.6,1279.4,0.0,-554.0,439.4,0.0,725.4,-51.7,,52.1,,,-0.4,673.7,-249.3,424.4,0.0,0.0,0.0,424.4,0.0,424.4,0.0,0.0,424.4,451.9,27.5,387.8,1.09,1.09,1.165291,394.7,1.08,1.08,1.149673,
03/31/2012,16031.8,16031.8,-15033.7,15033.7,,998.1,0.0,-542.6,471.6,71.0,455.5,-50.8,,52.4,,,-1.6,404.7,-159.6,245.1,0.0,0.0,0.0,245.1,,245.1,0.0,0.0,245.1,245.1,0.0,389.8,0.63,0.63,0.63,397.2,0.62,0.62,0.62,
06/30/2012,14636.4,,,,,1119.6846,,,,,660.8,,,,,,,621.833,,370.333,,,,,,370.333,,,370.333,401.875,,,0.939,0.939,1.042,,0.939,0.939,1.042,
09/30/2012,14521.0,,,,,1184.9136,,,,,740.4,,,,,,,691.667,,408.667,,,,,,408.667,,,408.667,439.5,,,1.046,1.046,1.153,,1.046,1.046,1.153,
