Date,Revenue,Sales & Services Revenue,Cost of Revenue,Cost of Goods & Services,Gross Profit,Other Operating Income,Operating Expenses,"Selling, General & Admin",Selling & Marketing,General & Administrative,Research & Development,Other Operating Expense,Operating Income (Loss),Non-Operating (Income) Loss,"Interest Expense, Net",Interest Expense,Interest Income,Foreign Exch (Gain) Loss,Other Non-Op (Income) Loss,Pretax Income,Income Tax Expense (Benefit),Income (Loss) from Cont Ops,Net Extraordinary Losses (Gains),Discontinued Operations,XO & Accounting Changes,Income (Loss) Incl. MI,Minority Interest,"Net Income, GAAP",Preferred Dividends,Other Adjustments,"Net Income Avail to Common, GAAP","Net Income Avail to Common, Adj",Net Abnormal Losses (Gains),Basic Weighted Avg Shares,"Basic EPS, GAAP",Basic EPS from Cont Ops,"Basic EPS from Cont Ops, Adjusted",Diluted Weighted Avg Shares,"Diluted EPS, GAAP",Diluted EPS from Cont Ops,"Diluted EPS from Cont Ops, Adjusted",Source: Bloomberg
06/30/2008,1431.900024,,-520.5,,911.400024,,-504.100006,,,,,,407.299988,-5.7,,,,5.6,0.1,401.599988,-148.899994,252.699997,0.0,,,252.699994,-3.7,249.0,,,249.0,249.0,,,,,,,,,,
09/30/2008,742.8,,-291.5,,451.3,,-288.7,,,,,,162.6,-15.3,,11.9,,-4.2,7.6,147.3,-46.2,101.1,0.0,,,101.1,-2.6,98.5,0.0,,98.5,98.5,,,,,,,,,,
12/31/2008,707.7,,-267.8,,439.9,,-301.0,,,,,,138.9,-35.4,,31.4,,0.4,3.6,103.5,-56.3,47.2,0.0,,,47.2,-0.8,46.4,0.0,0.0,46.4,46.4,,170.0,0.27,0.27,0.27,170.0,0.27,0.27,0.27,
03/31/2009,693.0,693.0,-247.6,247.6,445.4,0.0,-256.6,239.3,75.9,163.4,15.3,2.0,188.8,-28.0,28.0,,,,0.0,160.8,-54.2,106.6,0.0,0.0,0.0,106.6,-3.1,103.5,0.0,0.0,103.5,115.8,12.3,188.8,0.55,0.55,0.613347,188.8,0.55,0.55,0.613347,
06/30/2009,719.3,719.3,-236.1,236.1,483.2,0.0,-265.1,256.4,101.6,154.8,18.4,-9.7,218.1,-24.3,24.3,25.0,-0.7,,0.0,193.8,-55.8,138.0,0.0,0.0,0.0,138.0,-3.5,134.5,0.0,0.0,134.5,133.4,-1.1,204.5,0.66,0.66,0.652323,204.5,0.66,0.66,0.652323,
09/30/2009,699.8,699.8,-244.6,244.6,455.2,0.0,-295.5,269.2,105.2,164.0,17.6,8.7,159.7,-23.0,23.0,24.3,-1.3,,0.0,136.7,-37.9,98.8,0.0,0.0,0.0,98.8,-1.2,97.6,0.0,0.0,97.6,107.7,10.1,204.5,0.48,0.48,0.52665,204.6,0.48,0.48,0.52665,
12/31/2009,714.4,714.4,-246.4,246.4,468.0,0.0,-355.0,302.3,119.2,183.1,20.6,32.1,113.0,-17.3,17.3,18.2,-0.9,,0.0,95.7,-28.5,67.2,0.0,0.0,0.0,67.2,-3.2,64.0,0.0,0.0,64.0,99.4,35.4,204.5,0.31,0.31,0.486064,204.5,0.31,0.31,0.483105,
03/31/2010,763.5,763.5,-271.8,271.8,491.7,0.0,-293.8,269.8,98.4,171.4,20.1,3.9,197.9,-12.1,12.1,12.9,-0.8,,0.0,185.8,-58.3,127.5,0.0,0.0,0.0,127.5,-1.9,125.6,0.0,0.0,125.6,132.4,6.8,204.5,0.61,0.61,0.647433,204.8,0.61,0.61,0.643203,
06/30/2010,764.2,764.2,-278.7,278.7,485.5,0.0,-312.6,298.5,115.9,182.6,19.7,-5.6,172.9,-11.6,11.6,13.0,-1.4,,0.0,161.3,-38.8,122.5,0.0,0.0,0.0,122.5,-1.1,121.4,0.0,0.0,121.4,130.3,8.9,204.5,0.59,0.59,0.637164,204.9,0.59,0.59,0.633436,
09/30/2010,810.2,810.2,-296.3,296.3,513.9,0.0,-348.4,302.6,112.4,190.2,18.5,27.3,165.5,-12.0,12.0,13.3,-1.3,,0.0,153.5,-46.1,107.4,0.0,0.0,0.0,107.4,-1.3,106.1,0.0,0.0,106.1,118.1,12.0,204.6,0.52,0.52,0.577224,204.9,0.52,0.52,0.577224,
12/31/2010,803.7,803.7,-302.8,302.8,500.9,0.0,-354.3,330.5,112.0,218.5,20.2,3.6,146.6,-12.9,12.9,14.0,-1.1,,0.0,133.7,-32.9,100.8,0.0,0.0,0.0,100.8,-1.2,99.6,0.0,0.0,99.6,117.4,17.8,204.7,0.49,0.49,0.573522,204.7,0.48,0.48,0.566957,
03/31/2011,899.8,899.8,-320.0,320.0,579.8,0.0,-357.2,324.7,111.3,213.4,19.3,13.2,222.6,-13.1,13.1,14.4,-1.3,,0.0,209.5,-60.6,148.9,0.0,0.0,0.0,148.9,-2.8,146.1,0.0,0.0,146.1,156.800003,10.700003,204.7,0.71,0.71,0.765999,205.3,0.71,0.71,0.762119,
06/30/2011,932.0,932.0,-329.1,329.1,602.9,0.0,-399.2,378.5,131.9,246.6,22.2,-1.5,203.7,-12.2,12.2,14.5,-2.3,,0.0,191.5,-56.6,134.9,0.0,0.0,0.0,134.9,-2.8,132.1,0.0,0.0,132.1,148.700004,16.600004,204.5,0.64,0.64,0.727139,205.1,0.64,0.64,0.720936,
09/30/2011,933.9,933.9,-358.3,358.3,575.6,0.0,-373.9,359.3,129.8,229.5,22.9,-8.3,201.7,-13.1,13.1,15.6,-2.5,,0.0,188.6,-42.7,145.9,0.0,0.0,0.0,145.9,-1.2,144.7,0.0,0.0,144.7,160.999997,16.299997,204.0,0.71,0.71,0.789216,204.7,0.7,0.7,0.779629,
12/31/2011,911.3,911.3,-354.9,354.9,556.4,0.0,-410.3,366.0,128.7,237.3,28.1,16.2,146.1,-13.8,13.8,15.7,-1.9,,0.0,132.3,-43.0,89.3,0.0,0.0,0.0,89.3,-3.7,85.6,0.0,0.0,85.6,106.5,20.9,203.8,0.42,0.42,0.522571,203.8,0.42,0.42,0.522552,
03/31/2012,986.6,986.6,-373.5,373.5,613.1,0.0,-364.3,336.2,125.8,210.4,22.5,5.6,248.8,-14.5,14.5,16.2,-1.7,,0.0,234.3,-64.5,169.8,0.0,0.0,0.0,169.8,-5.6,164.2,0.0,0.0,164.2,167.4,3.2,203.9,0.8,0.8,0.820991,204.6,0.8,0.8,0.81564,
06/30/2012,1012.3,1012.3,-372.3,372.3,640.0,0.0,-391.7,369.8,148.7,221.1,23.6,-1.7,248.3,-17.6,17.6,18.8,-1.2,,0.0,230.7,-59.6,171.1,0.0,0.0,0.0,171.1,-5.3,165.8,0.0,0.0,165.8,171.2,5.4,204.0,0.81,0.81,0.839216,204.7,0.81,0.81,0.83638,
09/30/2012,921.3,921.3,-357.5,357.5,563.8,0.0,-380.6,349.5,138.8,210.7,21.5,9.6,183.2,-16.9,16.9,18.3,-1.4,,0.0,166.3,-27.1,139.2,0.0,0.0,0.0,139.2,1.1,140.3,0.0,0.0,140.3,144.8,4.5,203.7,0.69,0.69,0.710849,204.3,0.69,0.69,0.710849,
12/31/2012,981.1,981.1,-382.0,382.0,599.1,0.0,-409.4,375.1,139.5,235.6,27.8,6.5,189.7,-16.0,16.0,17.6,-1.6,,0.0,173.7,-41.4,132.3,0.0,0.0,0.0,132.3,1.9,134.2,0.0,0.0,134.2,146.7,12.5,202.9,0.66,0.66,0.723016,202.9,0.66,0.66,0.721607,
03/31/2013,1037.9,1037.9,-385.0,385.0,652.9,0.0,-379.4,351.6,144.5,207.1,22.5,5.3,273.5,-14.2,14.2,16.0,-1.8,,0.0,259.3,-69.3,190.0,0.0,0.0,0.0,190.0,-2.0,188.0,0.0,0.0,188.0,189.5,1.5,202.7,0.93,0.93,0.934879,203.2,0.92,0.92,0.927382,
06/30/2013,1055.3,1055.3,-382.0,382.0,673.3,0.0,-426.5,391.0,167.6,223.4,24.8,10.7,246.8,-12.4,12.4,14.8,-2.4,,0.0,234.4,-61.0,173.4,0.0,0.0,0.0,173.4,-1.4,172.0,0.0,0.0,172.0,172.695,0.695,202.6,0.85,0.85,0.852394,203.2,0.84,0.84,0.84342,
09/30/2013,1046.8,1046.8,-362.3,362.3,684.5,0.0,-433.8,381.1,163.8,217.3,23.8,28.9,250.7,-12.3,12.3,14.5,-2.2,,0.0,238.4,-68.7,169.7,0.0,0.0,0.0,169.7,1.6,171.3,0.0,0.0,171.3,189.765,18.465,202.3,0.85,0.85,0.938038,202.8,0.84,0.84,0.93105,
12/31/2013,1060.7,1060.7,-399.2,399.2,661.5,0.0,-457.6,424.9,169.2,255.7,29.1,3.6,203.9,-11.7,11.7,13.9,-2.2,,0.0,192.2,-36.1,156.1,0.0,0.0,0.0,156.1,-3.6,152.5,0.0,0.0,152.5,158.0,5.5,202.7,0.75,0.75,0.779477,202.7,0.75,0.75,0.777134,
03/31/2014,1113.3,1113.3,-405.7,405.7,707.6,0.0,-416.4,388.6,155.7,232.9,27.1,0.7,291.2,-12.4,12.4,14.8,-2.4,,0.0,278.8,-71.0,207.8,0.0,0.0,0.0,207.8,-5.4,202.4,0.0,0.0,202.4,203.5,1.1,201.9,1.0,1.0,1.007925,202.4,1.0,1.0,1.005435,
06/30/2014,1111.1,1111.1,-426.8,426.8,684.3,0.0,-439.4,416.9,174.6,242.3,26.7,-4.2,244.9,-15.3,15.3,17.8,-2.5,,0.0,229.6,-53.5,176.1,0.0,0.0,0.0,176.1,-4.7,171.4,0.0,0.0,171.4,174.5,3.1,202.2,0.85,0.85,0.863007,202.7,0.84,0.84,0.855294,
09/30/2014,1090.7,1090.7,-437.9,437.9,652.8,0.0,-410.2,399.1,158.9,240.2,28.7,-17.6,242.6,-18.3,18.3,20.6,-2.3,,0.0,224.3,-36.0,188.3,0.0,0.0,0.0,188.3,-0.7,187.6,0.0,0.0,187.6,181.9,-5.7,202.2,0.93,0.93,0.899604,202.7,0.92,0.92,0.89188,
12/31/2014,1094.2,1094.2,-430.2,430.2,664.0,0.0,-454.4,413.0,149.5,263.5,32.6,8.8,209.6,-14.3,14.3,16.7,-2.4,,0.0,195.3,-38.7,156.6,0.0,0.0,0.0,156.6,1.8,158.4,0.0,0.0,158.4,160.0,1.6,202.9,0.78,0.78,0.788566,202.9,0.78,0.78,0.787886,
03/31/2015,1094.4,1094.4,-393.5,393.5,700.9,0.0,-415.7,377.6,144.4,233.2,25.9,12.2,285.2,-13.8,13.8,16.4,-2.6,-2.8,2.8,271.4,-64.3,207.1,0.0,0.0,0.0,207.1,0.3,207.4,0.0,0.0,207.4,210.2,2.8,202.4,1.02,1.02,1.038538,202.9,1.02,1.02,1.0338,
06/30/2015,1032.4,1032.4,-356.4,356.4,676.0,0.0,-446.8,420.4,190.2,230.2,27.7,-1.3,229.2,-13.9,13.9,16.5,-2.6,4.7,-4.7,215.3,-52.7,162.6,0.0,0.0,0.0,162.6,0.3,162.9,0.0,0.0,162.9,156.09,-6.81,202.7,0.8,0.8,0.770054,203.1,0.8,0.8,0.76647,
09/30/2015,977.5,977.5,-346.8,346.8,630.7,0.0,-404.7,372.2,156.1,216.1,26.3,6.2,226.0,-14.8,14.8,16.8,-2.0,4.9,-4.9,211.2,-56.6,154.6,0.0,0.0,0.0,154.6,0.6,155.2,0.0,0.0,155.2,162.0,6.8,201.4,0.77,0.77,0.804369,201.7,0.77,0.77,0.803713,
12/31/2015,967.0,967.0,-358.6,358.6,608.4,0.0,-412.6,362.2,151.1,211.1,28.5,21.9,195.8,-22.5,22.5,24.9,-2.4,-0.5,0.5,173.3,-42.3,131.0,0.0,0.0,0.0,131.0,-3.0,128.0,0.0,0.0,128.0,147.8,19.8,189.8,0.67,0.67,0.778714,189.8,0.67,0.67,0.77432,
03/31/2016,962.1,962.1,-347.6,347.6,614.5,0.0,-464.4,350.7,151.8,198.9,25.4,88.3,150.1,-26.2,26.2,29.0,-2.8,33.7,-33.7,123.9,-47.2,76.7,0.0,0.0,0.0,76.7,-4.0,72.7,0.0,0.0,72.7,163.3,90.6,186.6,0.39,0.39,0.875134,186.7,0.39,0.39,0.875134,
06/30/2016,941.5,941.5,-333.2,333.2,608.3,0.0,-393.9,372.7,166.0,206.7,26.4,-5.2,214.4,-26.4,26.4,29.5,-3.1,-6.6,6.6,188.0,-32.2,155.8,0.0,0.0,0.0,155.8,-0.7,155.1,0.0,0.0,155.1,164.45,9.35,186.7,0.83,0.83,0.880825,187.0,0.83,0.83,0.88,
09/30/2016,937.5,937.5,-333.7,333.7,603.8,0.0,-375.6,352.3,162.3,190.0,23.1,0.2,228.2,-26.3,26.3,29.8,-3.5,-6.2,6.2,201.9,-53.3,148.6,0.0,0.0,0.0,148.6,0.7,149.3,0.0,0.0,149.3,162.5,13.2,184.7,0.8,0.8,0.879805,185.0,0.8,0.8,0.871351,
12/31/2016,901.6,901.6,-326.5,326.5,575.1,0.0,-349.1,317.8,146.9,170.9,22.5,8.8,226.0,-26.5,26.5,30.4,-3.9,-2.1,2.1,199.5,-31.3,168.2,0.0,0.0,0.0,168.2,-0.4,167.8,0.0,0.0,167.8,156.165,-11.635,184.4,0.91,0.91,0.846882,184.4,0.91,0.91,0.846882,
03/31/2017,883.5,883.5,-330.2,330.2,553.3,0.0,-398.2,354.0,160.3,193.7,21.4,22.8,155.1,-27.1,27.1,30.8,-3.7,1.9,-1.9,128.0,-10.4,117.6,0.0,0.0,0.0,117.6,2.3,119.9,0.0,0.0,119.9,136.451,16.551,183.5,0.65,0.65,0.743602,183.9,0.65,0.65,0.74,
06/30/2017,895.0,,,,568.325,,,,,,,,,,,,,,,169.0,,,,,,,,,,,,131.0,,,0.72,0.72,0.76,,0.72,0.72,0.76,
09/30/2017,904.0,,,,569.52,,,,,,,,,,,,,,,191.0,,,,,,,,,,,,150.0,,,0.82,0.82,0.83,,0.82,0.82,0.83,
