Date,Revenue,Sales & Services Revenue,Cost of Revenue,Cost of Goods & Services,Gross Profit,Other Operating Income,Operating Expenses,"Selling, General & Admin",Other Operating Expense,Operating Income (Loss),Non-Operating (Income) Loss,"Interest Expense, Net",Interest Expense,Foreign Exch (Gain) Loss,(Income) Loss from Affiliates,Other Non-Op (Income) Loss,Pretax Income,Income Tax Expense (Benefit),Income (Loss) from Cont Ops,Net Extraordinary Losses (Gains),Discontinued Operations,XO & Accounting Changes,Income (Loss) Incl. MI,Minority Interest,"Net Income, GAAP",Preferred Dividends,Other Adjustments,"Net Income Avail to Common, GAAP","Net Income Avail to Common, Adj",Net Abnormal Losses (Gains),Basic Weighted Avg Shares,"Basic EPS, GAAP",Basic EPS from Cont Ops,"Basic EPS from Cont Ops, Adjusted",Diluted Weighted Avg Shares,"Diluted EPS, GAAP",Diluted EPS from Cont Ops,"Diluted EPS from Cont Ops, Adjusted",Source: Bloomberg
02/28/1990,300.548004,,-197.177002,,103.371002,,-81.072998,,,22.298,-6.215,,6.85,0.0,,-0.635,16.083,-6.178,9.905,0.0,,,9.905,0.0,9.905,-0.007,,9.898,9.898,,170.804,0.05725,0.05725,0.05725,170.804,0.05725,0.05725,0.05725,
05/31/1990,301.748993,,-200.145996,,101.602997,,-80.469002,,,21.134001,1.759,,6.809,0.0,,-8.568,22.893001,-6.832,16.061001,0.0,,,16.061001,0.0,16.061001,0.0,,16.061001,16.061001,,167.227996,0.095,0.095,0.095,167.227996,0.095,0.095,0.095,
08/31/1990,321.532013,,-205.585007,,115.947006,,-80.644997,,,35.301998,-6.918,,7.008,0.0,,-0.09,28.383998,-10.482,17.902,0.0,,,17.901998,0.0,17.902,-0.007,,17.895,17.895,,166.707992,0.10725,0.10725,0.10725,166.707992,0.10725,0.10725,0.10725,
11/30/1990,399.14801,,-235.255997,,163.892013,,-115.529999,,,48.362,-7.756,,8.633,-0.32,,-0.557,40.606,-15.108,25.497999,0.0,,,25.498,0.0,25.497999,-0.003,,25.494999,25.494999,,164.535996,0.155,0.155,0.155,164.535996,0.155,0.155,0.155,
02/28/1991,323.561005,,-208.311996,,115.249009,,-87.573997,,,27.674999,-4.42,,6.84,0.0,,-2.42,23.254999,-8.067,15.188,0.0,,,15.187999,0.0,15.188,0.0,,15.188,15.188,,164.692,0.09225,0.09225,0.09225,164.692,0.09225,0.09225,0.09225,
05/31/1991,332.566986,,-215.406006,,117.16098,,-91.026001,,,26.135,-3.906,,7.054,0.0,,-3.148,22.229,-7.287,14.942,0.0,,,14.942,0.0,14.942,0.0,,14.942,14.942,,165.188004,0.09,0.09,0.09,165.188004,0.09,0.09,0.09,
08/31/1991,341.838013,,-215.610992,,126.227021,,-89.481003,,,36.745998,-4.755,,6.303,0.0,,-1.548,31.990998,-11.193,20.798,0.0,,,20.797998,0.0,20.798,0.0,,20.798,20.798,,165.044008,0.125,0.125,0.125,165.044008,0.125,0.125,0.125,
11/30/1991,429.936005,,-247.184998,,182.751007,,-127.730003,,,55.021,-8.772,,7.267,-0.1,,1.605,46.249,-16.253,29.996,0.0,,,29.996,0.0,29.996,0.0,,29.996,29.996,,164.300004,0.18225,0.18225,0.18225,164.300004,0.18225,0.18225,0.18225,
02/29/1992,322.255005,,-198.729996,,123.525009,,-92.908997,,,30.615999,-4.157,,6.983,0.0,,-2.826,26.458999,-9.135,17.323999,0.0,,,17.323999,0.0,17.323999,0.0,,17.323999,17.323999,,164.156006,0.105,0.105,0.105,164.156006,0.105,0.105,0.105,
05/31/1992,336.643005,,-208.464005,,128.179,,-95.833,,,32.346001,-3.123,,8.672,0.0,,-5.549,29.223001,-10.275,18.948,0.0,,,18.948001,0.0,18.948,0.0,,18.948,18.948,,163.830002,0.115,0.115,0.115,163.830002,0.115,0.115,0.115,
08/31/1992,360.299988,,-218.852005,,141.447983,,-98.668999,,,42.778999,-5.386,,8.078,0.0,,-2.692,37.392999,-13.47,23.923,0.0,,,23.922999,0.0,23.923,0.0,,23.923,23.923,,164.156006,0.145,0.145,0.145,164.156006,0.145,0.145,0.145,
11/30/1992,452.17099,,-261.347992,,190.822998,,-129.376999,,,61.445999,-6.304,,7.162,-0.146,,-0.712,55.141999,-20.120001,35.021999,0.0,,,35.021998,0.0,35.021999,-0.22,,34.801999,34.801999,,163.942002,0.215,0.215,0.215,163.942002,0.215,0.215,0.215,
02/28/1993,339.584991,,-216.682999,,122.901992,,-92.744003,,,30.158001,-3.894,,7.267,0.0,,-3.373,26.264001,-9.0,17.264,26.625999,,,-9.361998,0.0,-9.362,0.0,,-9.362,-9.362,,163.733994,-0.06,0.105,0.105,163.733994,-0.06,0.105,0.105,
05/31/1993,361.299988,,-228.873001,,132.426987,,-99.401001,,,33.026001,-5.89,,7.981,0.0,,-2.091,27.136001,-9.6,17.535999,0.0,,,17.536001,0.0,17.535999,0.0,,17.535999,17.535999,,161.552002,0.105,0.105,0.105,161.552002,0.105,0.105,0.105,
08/31/1993,394.928009,,-239.701996,,155.226013,,-106.509003,,,48.716999,-6.95,,7.736,0.0,,-0.786,41.766999,-17.4,24.367001,0.0,,,24.366999,0.0,24.367001,0.0,,24.367001,24.367001,,163.559998,0.15,0.15,0.15,163.559998,0.15,0.15,0.15,
11/30/1993,460.752991,,-268.151001,,192.60199,,-124.045998,,,68.556,-3.543,,8.118,0.151,,-4.726,65.013,-24.5,40.513,0.0,,,40.513,0.0,40.513,0.0,,40.513,40.513,,163.522004,0.25,0.25,0.25,163.522004,0.25,0.25,0.25,
02/28/1994,367.722992,,-234.951996,,132.770996,,-96.531998,,,36.238998,-7.139,,8.126,0.0,,-0.987,29.099998,-10.79,18.309999,0.0,,,18.309998,0.0,18.309999,0.0,,18.309999,18.309999,,162.272004,0.115,0.115,0.115,162.272004,0.115,0.115,0.115,
05/31/1994,396.34201,,-254.669998,,141.672012,,-104.041,,,37.631001,-7.842,,9.034,0.0,,-1.192,29.789001,-10.66,19.129,0.0,,,19.129001,0.0,19.129,0.0,,19.129,19.129,,162.705994,0.12,0.12,0.12,162.705994,0.12,0.12,0.12,
08/31/1994,422.140991,,-264.085999,,158.054992,,-107.626999,,,50.428001,-8.956,,9.743,0.0,,-0.787,41.472001,-15.03,26.441999,0.0,,,26.442001,0.0,26.441999,0.0,,26.441999,26.441999,,162.584,0.165,0.165,0.165,162.584,0.165,0.165,0.165,
11/30/1994,508.56601,,-312.86499,,195.70102,,-121.318001,,,74.383003,-79.837001,,11.756,0.0,,68.081001,-5.453998,2.73,-2.724,0.0,,,-2.723998,0.0,-2.724,0.0,,-2.724,-2.724,,162.449996,-0.015,-0.015,-0.015,162.449996,-0.015,-0.015,-0.015,
02/28/1995,425.433014,,-283.617004,,141.81601,,-97.873001,,,43.943001,-12.597,,13.65,,,-1.053,31.346001,-12.0,19.346001,0.0,,,19.346001,0.0,19.346001,0.0,,19.346001,19.346001,,162.382004,0.12,0.12,0.12,162.382004,0.12,0.12,0.12,
05/31/1995,444.983002,,-293.671997,,151.311005,,-111.57,,,39.741001,-14.939,,14.137,,,0.802,24.802001,-8.76,16.042,0.0,,,16.042001,0.0,16.042,0.0,,16.042,16.042,,162.320008,0.1,0.1,0.1,162.320008,0.1,0.1,0.1,
08/31/1995,384.007996,,-260.621002,,123.386994,,-92.246002,,,31.141001,-9.408,,9.655,0.0,,-0.247,21.733001,-7.109,14.624,-5.291,,,19.915001,0.0,19.915001,0.0,,19.915001,19.915001,,162.388,0.125,0.09,0.09,162.388,0.125,0.09,0.09,
11/30/1995,506.341003,,-313.523987,,192.817016,,-124.623001,,,68.194,-9.582,,10.48,0.0,,-0.898,58.612,-20.504999,38.106998,-4.111,,,42.218001,0.0,42.217999,0.0,,42.217999,42.217999,,162.367996,0.26,0.235,0.235,162.367996,0.26,0.235,0.235,
02/29/1996,395.799011,,-262.506989,,133.292022,,-110.828003,,,22.464001,-7.291,,8.773,0.0,,-1.482,15.173001,-5.361,9.812,0.462,,,9.350001,0.0,9.35,0.0,,9.35,9.35,,162.509994,0.06,0.06,0.06,162.509994,0.06,0.06,0.06,
05/31/1996,393.828003,,-273.333008,,120.494995,,-98.563004,,,21.931999,-7.841,,7.952,0.0,,-0.111,14.090999,-4.695,9.396,-1.599,,,10.994999,0.0,10.995,0.0,,10.995,10.995,,162.61,0.07,0.06,0.06,162.61,0.07,0.06,0.06,
08/31/1996,405.450989,,-269.11499,,136.335999,,-103.183998,,,33.152,-64.587001,,8.082,0.0,,56.505001,-31.435001,9.871,-21.563999,2.694,,,-24.258001,0.0,-24.257999,0.0,,-24.257999,-24.257999,,161.964004,-0.15,-0.135,0.22,161.964004,-0.15,-0.135,0.22,
11/30/1996,537.427979,,-323.076996,,214.350983,,-140.513,,,73.837997,-4.321,,9.004,0.0,,-4.683,69.516997,-23.686001,45.831001,0.0,,,45.830996,0.0,45.831001,0.0,,45.831001,45.831001,,158.677994,0.29,0.29,0.29,158.677994,0.29,0.29,0.29,
02/28/1997,407.402008,,-270.684998,,136.71701,,-108.004997,,,28.712,-5.549,,8.501,0.0,,-2.952,23.163,-7.948,15.215,0.0,,,15.215,0.0,15.215,0.0,,15.215,15.215,,154.477996,0.1,0.1,0.1,154.800004,0.1,0.1,0.1,
05/31/1997,413.720001,,-279.256989,,134.463012,,-105.690002,,,28.773001,-6.102,,9.183,0.0,,-3.081,22.671001,-7.86,14.811,0.0,,,14.811001,0.0,14.811,0.0,,14.811,14.811,,151.522004,0.1,0.1,0.1,151.897994,0.1,0.1,0.1,
08/31/1997,422.869995,,-284.325989,,138.544006,,-106.181,,,32.362999,-2.234,,9.367,0.0,,-7.133,30.128999,-10.93,19.198999,-1.013,,,20.211999,0.0,20.212,0.0,,20.212,20.212,,150.233994,0.135,0.13,0.13,150.669998,0.135,0.13,0.13,
11/30/1997,556.973999,,-338.059998,,218.914001,,-141.145996,,,77.767998,-3.663,,9.281,,,-5.618,74.104998,-25.915001,48.189999,0.0,,,48.189997,0.0,48.189999,0.0,,48.189999,48.189999,,148.794006,0.325,0.325,0.325,148.794006,0.325,0.325,0.325,
02/28/1998,415.201996,,-282.029999,,133.171997,,-103.074997,,,30.097,-5.552,,8.389,0.0,,-2.837,24.545,-8.336,16.209,0.0,,,16.209,0.0,16.209,0.0,,16.209,16.209,,147.505996,0.11,0.11,0.11,148.565994,0.11,0.11,0.11,
05/31/1998,435.453003,,-294.165009,,141.287994,,-110.237999,,,31.049999,-6.911,,9.308,0.0,,-2.397,24.138999,-8.048,16.091,0.0,,,16.090999,0.0,16.091,0.0,,16.091,16.091,,146.914002,0.11,0.11,0.11,148.317994,0.11,0.11,0.11,
08/31/1998,444.792999,,-298.518005,,146.274994,0.0,-107.294998,,,38.98,-6.587,,9.616,0.0,,-3.029,32.393,-10.943,21.450001,0.0,,,21.45,0.0,21.450001,0.0,,21.450001,21.450001,,146.307998,0.145,0.145,0.145,147.712006,0.145,0.145,0.145,
11/30/1998,585.697998,,-357.509003,,228.188995,,-143.171005,,,85.017998,-7.367,9.622,9.622,0.0,,-2.255,77.650998,-27.573,50.077999,0.0,,,50.077998,0.0,50.077999,0.0,,50.077999,50.077999,,145.335999,0.345,0.345,0.355,146.483994,0.34,0.34,0.35,
02/28/1999,441.542999,,-296.20401,,145.338989,,-112.678001,,,32.660999,-5.293,8.134,8.134,0.0,,-2.841,27.368,-9.198,18.17,0.0,,,18.17,0.0,18.17,0.0,,18.17,18.17,,144.651993,0.125,0.125,0.125,145.906006,0.125,0.125,0.125,
05/31/1999,468.178009,,-310.442993,,157.735016,,-136.748993,,,20.986,-4.916,8.154,8.154,0.0,,-3.238,16.07,-10.274,5.796,0.0,,,5.796,0.0,5.796,0.0,,5.796,5.796,,143.003998,0.04,0.04,0.04,143.837997,0.04,0.04,0.04,
08/31/1999,476.760986,,-312.532013,,164.228973,,-123.319,,,40.91,-2.645,8.231,8.231,0.0,,-5.586,38.265,-12.904,25.361,0.0,,,25.361,0.0,25.361,0.0,,25.361,25.361,,142.440002,0.18,0.18,0.18,143.600006,0.175,0.175,0.175,
11/30/1999,620.434998,,-370.535004,,249.899994,,-166.494995,,,83.404999,-1.692,7.912,7.912,0.0,,-6.22,81.712998,-27.733999,53.979,0.0,,,53.978999,0.0,53.979,0.0,,53.979,53.979,,141.457993,0.38,0.38,0.385,142.699997,0.38,0.38,0.385,
02/29/2000,462.403015,,-298.571014,,163.832001,,-125.938004,,,37.894001,-3.288,7.406,7.406,0.0,,-4.118,34.606001,-10.189,24.417,0.0,,,24.417001,0.0,24.417,0.0,,24.417,24.417,,139.074005,0.175,0.175,0.175,139.636002,0.175,0.175,0.175,
05/31/2000,485.723999,,-315.242004,,170.481995,,-127.799004,,,42.682999,-6.832,8.313,8.313,0.0,,-1.481,35.850999,-11.649,24.202,0.0,,,24.201999,0.0,24.202,0.0,,24.202,24.202,,137.350006,0.175,0.175,0.175,139.210007,0.175,0.175,0.175,
08/31/2000,495.865997,,-323.010986,,172.855011,,-120.403,,,52.452,-6.237,9.089,9.089,0.0,,-2.852,46.215,-14.95,31.264999,0.0,,,31.265,0.0,31.264999,0.0,,31.264999,31.264999,,136.850006,0.23,0.23,0.23,138.093994,0.225,0.225,0.225,
11/30/2000,679.507019,,-381.876007,,297.631012,,-204.559998,,,93.070999,-5.643001,14.892,14.892,0.0,,-9.249,87.427999,-29.812,57.616001,0.0,,,57.615998,0.0,57.616001,0.0,,57.616001,57.616001,,136.876007,0.42,0.42,0.42,138.046005,0.42,0.42,0.42,
02/28/2001,533.504028,,-325.009003,,208.495026,,-163.556,,,44.938999,-7.235,14.287,14.287,0.0,,-7.052,37.704,-10.468,27.236,0.0,,,27.235999,-0.65,26.586,0.0,0.0,26.586,26.586,,137.009995,0.195,0.195,0.195,138.520004,0.19,0.19,0.19,
05/31/2001,567.140015,,-345.627014,,221.513,,-171.942993,,,49.57,-10.676,13.784,13.784,0.0,,-3.108,38.893999,-11.821,27.073,0.0,,,27.072999,-0.437,26.636,0.0,0.0,26.636,26.636,,137.647995,0.195,0.195,0.195,140.108002,0.19,0.19,0.19,
08/31/2001,570.710022,,-341.765015,,228.945007,,-172.505997,,,56.438999,-6.690001,12.699,12.699,0.0,,-6.009,49.748999,-14.931,34.818001,0.0,,,34.817999,-0.506,34.312,0.0,0.0,34.312,34.312,,138.169998,0.25,0.25,0.25,140.889999,0.245,0.245,0.245,
11/30/2001,652.0,,-388.022003,,263.977997,,-174.278,,,89.699997,-9.141,12.121,12.121,0.0,,-2.98,80.558997,-25.688,54.870998,0.0,,,54.870997,-0.771,54.099998,0.0,0.0,54.099998,54.099998,,138.352005,0.43,0.43,0.48,141.25,0.42,0.42,0.475,
02/28/2002,518.906006,,-333.654999,,185.251007,,-132.641006,,,52.610001,-4.85,11.063,11.063,0.0,,-6.213,47.760001,-13.246,34.514,0.0,,,34.514,-0.673,33.841,0.0,0.0,33.841,33.841,,138.669998,0.24,0.24,0.25,141.341995,0.24,0.24,0.245,
05/31/2002,552.619995,,-359.924988,,192.695007,,-135.494995,,,57.200001,-9.072,11.118,11.118,0.0,,-2.046,48.128001,-13.794,34.334,0.0,,,34.334001,-0.721,33.612999,0.0,0.0,33.612999,33.612999,,139.667999,0.24,0.24,0.25,142.983994,0.24,0.24,0.25,
08/31/2002,545.010986,,-355.123993,,189.886993,,-129.764999,,,60.122002,-8.771,10.613,10.613,0.0,,-1.842,51.351002,-15.387,35.964001,0.0,,,35.964002,-0.787,35.176998,0.0,0.0,35.176998,35.176998,,139.906006,0.25,0.25,0.26,142.761993,0.25,0.25,0.26,
11/30/2002,703.423,,-414.659,,288.764,,-172.864,,,115.9,-5.968,10.813,10.813,0.0,,-4.845,109.932,-31.811,78.121,0.0,,,78.121,-0.903,77.218,0.0,0.0,77.218,77.218,,139.962,0.55,0.55,0.56,142.543,0.54,0.54,0.55,
02/28/2003,555.147,,-355.307,,199.84,,-140.88,,,58.96,-7.106,10.516,10.516,0.0,,-3.41,51.854,-15.34,36.514,0.0,,,36.514,-1.375,35.139,0.0,0.0,35.139,35.139,,139.882,0.25,0.25,0.25,142.448,0.25,0.25,0.25,
05/31/2003,596.125,,-382.75,,213.375,,-152.151993,,,61.223,-3.468,10.677,10.677,0.0,,-7.209,57.755,-16.844999,40.91,0.0,,,40.91,-0.951,39.959,0.0,0.0,39.959,39.959,,139.201996,0.29,0.29,0.3,142.410004,0.28,0.28,0.29,
08/31/2003,557.612,,-345.131012,,212.480988,,-148.403,,,64.078003,-6.272,10.027,10.027,0.0,,-3.755,57.806003,-17.098,40.708,-11.226,,,51.934003,-0.628,51.306,0.0,0.0,51.306,51.306,,139.447006,0.37,0.29,0.3,143.087006,0.36,0.28,0.29,
11/30/2003,698.612976,,-396.417999,,302.194977,,-177.216995,,,124.977997,-0.554,9.418,9.418,0.0,,-8.864,124.423997,-36.444,87.980003,2.75,,,85.229997,-0.85,84.379997,0.0,0.0,84.379997,84.379997,,138.427994,0.61,0.63,0.65,142.604996,0.59,0.61,0.63,
02/29/2004,572.362,,-350.676,,221.686,0.0,-160.233,160.233,0.0,61.453,-6.232,,9.572,,,-0.079,55.221,-16.056,39.165,,,,39.165,-1.059,38.106,,0.0,38.106,38.106,,137.357,0.28,0.28,0.28,141.817,0.27,0.27,0.27,
05/31/2004,596.163879,,-364.238007,,231.925873,,-164.352005,,,67.573997,-5.186,9.695,9.695,0.0,,-4.509,62.387998,-18.712999,43.674999,0.0,,,43.674998,-0.822,42.853001,0.0,0.0,42.853001,42.853001,,137.679001,0.31,0.31,0.3,142.494003,0.3,0.3,0.29,
08/31/2004,613.544006,,-374.38501,,239.158997,,-164.962997,,,74.195999,-6.999,10.558,10.558,0.0,,-3.559,67.197,-19.768999,47.428001,0.0,,,47.428,-1.232,46.195999,0.0,0.0,46.195999,46.195999,,136.960999,0.34,0.34,0.34,141.686996,0.33,0.33,0.33,
11/30/2004,744.116,,-428.961,,315.155,,-183.85,,,131.305,-7.766,11.175,11.213,0.0,,-3.409,123.539,-34.447,89.092,0.0,,,89.092,-1.74,87.352,0.0,0.0,87.352,87.352,,136.131,0.64,0.64,0.66,140.562,0.62,0.62,0.64,
02/28/2005,603.622986,,-375.454987,,228.167999,,-168.910004,,,59.257999,-6.874,11.084,11.084,0.0,,-4.21,52.384,-15.017,37.367001,0.0,,,37.367,-1.332,36.035,0.0,0.0,36.035,36.035,,135.649002,0.27,0.27,0.28,140.457001,0.26,0.26,0.27,
05/31/2005,628.571,,-387.225,,241.346,0.0,-170.864,170.864,0.0,70.482,-7.567,,11.942,0.0,,-0.573,62.915,-18.916,43.999,0.0,,,43.999,-1.205,42.794,0.0,0.0,42.794,42.794,,134.742,0.32,0.32,0.32,138.739,0.31,0.31,0.31,
08/31/2005,622.731018,,-379.394012,,243.337006,,-164.436996,,,78.900002,-7.478,12.536,12.536,0.0,,-5.058,71.422001,-22.603001,48.819,0.0,,,48.819001,-0.849,47.970001,0.0,0.0,47.970001,47.970001,,133.955994,0.36,0.36,0.36,137.382004,0.35,0.35,0.35,
11/30/2005,737.075012,,-413.325989,,323.749023,,-177.688995,,,146.059998,-16.480999,,12.638,0.0,,3.843,129.578998,-40.164001,89.415001,0.0,,,89.414997,-1.314,88.100998,0.0,0.0,88.100998,88.100998,,133.397995,0.66,0.66,0.7131,136.227997,0.65,0.65,0.702,
02/28/2006,609.701,,-370.616,,239.085,,-181.628,,,57.457,-37.6,12.863,12.863,,,24.737,19.857,-4.025,15.832,,,,15.832,-1.444,14.388,,,14.388,14.388,,132.611,0.11,0.11,0.28,135.303,0.11,0.11,0.28,
05/31/2006,639.906,,-384.854,,255.052,,-187.347,,,67.705,7.737,12.324,12.324,0.0,,-20.061,75.442,-13.068,62.374,0.0,,,62.374,-0.73,61.644,0.0,0.0,61.644,61.644,,132.182,0.47,0.47,0.33,135.42,0.46,0.46,0.32,
08/31/2006,663.095,,-393.818,,269.277,,-187.576,,,81.701,-24.854,14.048,14.048,,,10.806,56.847,-13.647,43.2,,,,43.2,-0.132,43.068,,,43.068,43.068,,131.587,0.33,0.33,0.43,134.829,0.32,0.32,0.42,
11/30/2006,803.714,,-448.068,,355.646,,-229.189,,,126.457,-8.863,,14.459,0.0,,-5.596,117.594,-33.988,83.606,0.0,,,83.606,-0.535,83.701,0.0,0.0,83.701,83.701,,130.774,0.64,0.64,0.74,134.384,0.62,0.62,0.72,
02/28/2007,652.639,,-388.287,,264.352,,-190.637,,,73.715,-13.091,13.853,13.853,0.0,,-0.762,60.624,-15.989,44.635,0.0,,,44.635,-0.407,44.228,0.0,0.0,44.228,44.228,,130.344,0.34,0.34,0.38,134.195,0.33,0.33,0.37,
05/31/2007,687.214,,-415.414,,271.8,,-198.452,,,73.348,-14.977,15.232,15.232,0.0,,-0.255,58.371,-16.755,41.616,0.0,,,41.616,-0.191,41.425,0.0,0.0,41.425,41.425,,130.15,0.32,0.32,0.36,133.637,0.31,0.31,0.35,
08/31/2007,716.227,,-431.898,,284.329,,-192.596,,,91.733,-11.609,15.805,15.805,0.0,,-4.196,80.124,-23.2,56.924,0.0,,,56.924,-0.076,56.848,0.0,0.0,56.848,56.848,,129.096,0.44,0.44,0.46,132.405,0.43,0.43,0.45,
11/30/2007,860.088,,-488.805,,371.283,,-225.188,,,146.095,-22.255,15.686,15.686,0.0,,6.569,123.84,-36.289,87.551,0.0,,,87.551,0.043,87.594,0.0,0.0,87.594,87.594,10.135,127.601,0.69,0.69,0.77,130.783,0.67,0.67,0.75,
02/29/2008,723.95,,-437.913,,286.037,,-204.725,,,81.312,-9.951,14.757,14.757,0.0,,-4.806,71.361,-19.873,51.488,0.0,,,51.488,-0.065,51.423,0.0,0.0,51.423,51.423,,127.95,0.4,0.4,0.421,131.067,0.39,0.39,0.41,
05/31/2008,764.1,,-466.2,,297.9,,-222.0,,,75.9,-0.6,12.7,12.7,0.0,,-12.1,75.3,-21.8,53.5,0.0,,,53.5,-0.2,53.3,0.0,0.0,53.3,53.3,,128.7,0.41,0.41,0.39,131.5,0.41,0.41,0.39,
08/31/2008,781.6,,-473.2,,308.4,,-212.9,,,95.5,-0.1,12.8,12.8,0.0,,-12.7,95.4,-26.8,68.6,0.0,,,68.6,0.0,68.6,0.0,0.0,68.6,68.6,,129.3,0.53,0.53,0.51,132.3,0.52,0.52,0.5,
11/30/2008,906.9,,-510.7,,396.2,,-231.1,,,165.1,-50.4,16.3,16.3,0.0,,34.1,114.7,-32.2,82.5,0.0,,,82.5,0.0,82.5,0.0,0.0,82.5,82.5,25.61,130.2,0.63,0.63,0.85,132.3,0.62,0.62,0.84,
02/28/2009,718.5,718.5,-434.3,434.3,284.2,0.0,-194.4,193.9,0.5,89.8,-13.9,,14.4,,3.2,-0.5,75.9,-21.4,57.7,0.0,0.0,0.0,57.7,,57.7,0.0,0.0,57.7,58.0,0.3,130.3,0.44,0.44,0.445127,131.9,0.44,0.44,0.442274,
05/31/2009,757.3,757.3,-455.1,455.1,302.2,0.0,-219.7,212.9,6.8,82.5,-11.8,,13.0,,3.8,-1.2,70.7,-23.8,50.7,0.0,0.0,0.0,50.7,,50.7,0.0,0.0,50.7,55.4,4.7,130.6,0.39,0.39,0.424196,131.8,0.38,0.38,0.41566,
08/31/2009,791.7,791.7,-472.7,472.7,319.0,0.0,-202.4,201.5,0.9,116.6,-12.5,,12.8,,3.1,-0.3,104.1,-32.1,75.1,0.0,0.0,0.0,75.1,0.0,75.1,0.0,0.0,75.1,75.8,0.7,130.9,0.57,0.57,0.579068,132.4,0.57,0.57,0.575287,
11/30/2009,924.5,924.5,-502.8,502.8,421.7,0.0,-243.7,238.2,5.5,178.0,-12.1,,12.5,,6.2,-0.4,165.9,-55.7,116.4,0.0,0.0,0.0,116.4,,116.4,0.0,0.0,116.4,121.724,5.324,131.4,0.89,0.89,0.926362,133.1,0.87,0.87,0.91,
02/28/2010,764.5,764.5,-454.3,454.3,310.2,0.0,-209.4,209.4,0.0,100.8,-11.7,,12.3,,6.3,-0.6,89.1,-27.5,67.9,0.0,0.0,0.0,67.9,,67.9,0.0,0.0,67.9,67.9,0.0,132.3,0.51,0.51,0.51,134.0,0.51,0.51,0.51,
05/31/2010,798.3,798.3,-471.6,471.6,326.7,0.0,-229.2,229.2,0.0,97.5,-12.3,,12.3,,6.7,0.0,85.2,-25.7,66.2,0.0,0.0,0.0,66.2,,66.2,0.0,0.0,66.2,66.2,0.0,133.1,0.5,0.5,0.5,134.8,0.49,0.49,0.49,
08/31/2010,794.6,794.6,-459.8,459.8,334.8,0.0,-208.8,208.8,0.0,126.0,-11.9,,12.4,,6.6,-0.5,114.1,-18.3,102.4,0.0,0.0,0.0,102.4,,102.4,0.0,0.0,102.4,102.4,0.0,133.3,0.77,0.77,0.77,134.9,0.76,0.76,0.76,
11/30/2010,979.5,979.5,-533.5,533.5,446.0,0.0,-260.6,260.6,0.0,185.4,-11.1,,12.3,,5.9,-1.2,174.3,-46.6,133.6,0.0,0.0,0.0,133.6,,133.6,0.0,0.0,133.6,133.6,0.0,133.1,1.0,1.0,1.0,134.8,0.99,0.99,0.99,
02/28/2011,782.8,782.8,-454.6,454.6,328.2,0.0,-217.6,217.6,0.0,110.6,-11.7,,12.2,,7.9,-0.5,98.9,-30.0,76.8,0.0,0.0,0.0,76.8,,76.8,0.0,0.0,76.8,76.8,0.0,132.9,0.58,0.58,0.58,134.6,0.57,0.57,0.57,
05/31/2011,883.7,883.7,-533.0,533.0,350.7,0.0,-241.4,241.4,0.0,109.3,-11.4,,12.3,,6.1,-0.9,97.9,-30.4,73.6,0.0,0.0,0.0,73.6,,73.6,0.0,0.0,73.6,73.6,0.0,132.4,0.56,0.56,0.56,134.1,0.55,0.55,0.55,
08/31/2011,920.4,920.4,-555.9,555.9,364.5,0.0,-236.1,236.1,0.0,128.4,-12.0,,13.1,,6.8,-1.1,116.4,-31.2,92.0,0.0,0.0,0.0,92.0,,92.0,,0.0,92.0,92.0,0.0,132.6,0.69,0.69,0.69,134.1,0.69,0.69,0.69,
11/30/2011,1110.7,1110.7,-631.6,631.6,479.1,0.0,-287.1,287.1,0.0,192.0,-13.7,,13.6,,4.5,0.1,178.3,-51.1,131.7,0.0,0.0,0.0,131.7,,131.7,0.0,0.0,131.7,131.7,0.0,132.9,0.99,0.99,0.99,134.3,0.98,0.98,0.98,
02/29/2012,906.7,906.7,-551.4,551.4,355.3,0.0,-242.8,242.8,0.0,112.5,-12.6,,13.5,,4.6,-0.9,99.9,-30.0,74.5,0.0,0.0,0.0,74.5,,74.5,0.0,0.0,74.5,74.5,0.0,133.1,0.56,0.56,0.56,134.5,0.55,0.55,0.55,
05/31/2012,984.0,984.0,-595.6,595.6,388.4,0.0,-267.1,267.1,0.0,121.3,-14.0,,13.9,,3.9,0.1,107.3,-30.8,80.4,0.0,0.0,0.0,80.4,,80.4,,0.0,80.4,80.4,0.0,132.6,0.61,0.61,0.61,134.1,0.6,0.6,0.6,
08/31/2012,977.7,977.7,-586.0,586.0,391.7,0.0,-247.5,247.5,0.0,144.2,-12.3,,13.2,,5.5,-0.9,131.9,-33.0,104.4,0.0,0.0,0.0,104.4,,104.4,0.0,0.0,104.4,104.4,0.0,132.7,0.79,0.79,0.79,134.3,0.78,0.78,0.78,
11/30/2012,1145.8,1145.8,-663.4,663.4,482.4,0.0,-282.2,282.2,0.0,200.2,-13.2,,13.9,,7.6,-0.7,187.0,-46.1,148.5,0.0,0.0,0.0,148.5,,148.5,0.0,0.0,148.5,148.5,0.0,132.5,1.12,1.12,1.12,134.1,1.11,1.11,1.11,
02/28/2013,934.4,934.4,-572.7,572.7,361.7,0.0,-249.7,249.7,0.0,112.0,-13.3,,13.9,,5.4,-0.6,98.7,-28.1,76.0,0.0,0.0,0.0,76.0,,76.0,0.0,0.0,76.0,76.0,0.0,132.5,0.57,0.57,0.57,134.0,0.57,0.57,0.57,
05/31/2013,1002.6,1002.6,-608.2,608.2,394.4,0.0,-278.4,278.4,0.0,116.0,-12.7,,13.5,,5.9,-0.8,103.3,-30.6,78.6,0.0,0.0,0.0,78.6,,78.6,0.0,0.0,78.6,78.6,0.0,132.1,0.6,0.6,0.6,133.6,0.59,0.59,0.59,
08/31/2013,1016.4,1016.4,-608.8,608.8,407.6,0.0,-259.2,259.2,0.0,148.4,-13.7,,14.0,,5.0,-0.3,134.7,-35.3,104.4,0.0,0.0,0.0,104.4,,104.4,0.0,0.0,104.4,104.66,0.26,132.1,0.79,0.79,0.792279,133.5,0.78,0.78,0.781948,
11/30/2013,1170.1,1170.1,-667.9,667.9,502.2,0.0,-328.1,287.8,40.3,174.1,-11.4,,11.9,,6.8,-0.5,162.7,-39.6,129.9,0.0,0.0,0.0,129.9,,129.9,0.0,0.0,129.9,162.53,32.63,131.8,0.99,0.99,1.233156,133.1,0.98,0.98,1.225154,
02/28/2014,993.4,993.4,-601.9,601.9,391.5,0.0,-266.9,266.9,0.0,124.6,-12.2,,12.4,,5.1,-0.2,112.4,-35.0,82.5,0.0,0.0,0.0,82.5,,82.5,0.0,0.0,82.5,98.75,16.25,131.1,0.63,0.63,0.753242,132.2,0.62,0.62,0.74292,
05/31/2014,1033.4,1033.4,-620.9,620.9,412.5,0.0,-290.8,290.8,0.0,121.7,-12.2,,12.5,,6.2,-0.3,109.5,-31.2,84.5,0.0,0.0,0.0,84.5,,84.5,0.0,0.0,84.5,84.5,0.0,130.2,0.65,0.65,0.65,131.2,0.64,0.64,0.64,
08/31/2014,1042.8,1042.8,-622.7,622.7,420.1,0.0,-262.8,260.5,2.3,157.3,-12.1,,12.4,,8.8,-0.3,145.2,-31.1,122.9,0.0,0.0,0.0,122.9,,122.9,0.0,0.0,122.9,124.395,1.495,129.6,0.95,0.95,0.959838,130.6,0.94,0.94,0.951447,
11/30/2014,1173.6,1173.6,-667.5,667.5,506.1,0.0,-306.7,303.8,2.9,199.4,-12.1,,12.4,,9.3,-0.3,187.3,-48.6,148.0,0.0,0.0,0.0,148.0,,148.0,0.0,0.0,148.0,150.1,2.1,128.8,1.15,1.15,1.165373,129.8,1.14,1.14,1.156179,
02/28/2015,1010.4,1010.4,-620.7,620.7,389.7,0.0,-296.0,267.6,28.4,93.7,-13.1,,12.9,,9.9,0.2,80.6,-20.0,70.5,0.0,0.0,0.0,70.5,,70.5,0.0,0.0,70.5,90.4,19.9,128.2,0.55,0.55,0.705148,129.3,0.55,0.55,0.703906,
05/31/2015,1024.1,1024.1,-620.1,620.1,404.0,0.0,-300.2,281.2,19.0,103.8,-12.4,,13.0,,7.4,-0.6,91.4,-14.5,84.3,0.0,0.0,0.0,84.3,,84.3,0.0,0.0,84.3,97.2,12.9,127.9,0.66,0.66,0.759969,129.0,0.65,0.65,0.75,
08/31/2015,1059.9,1059.9,-638.0,638.0,421.9,0.0,-283.2,271.5,11.7,138.7,-13.4,,13.6,,9.7,-0.2,125.3,-37.4,97.6,0.0,0.0,0.0,97.6,,97.6,0.0,0.0,97.6,107.935,10.335,128.0,0.76,0.76,0.843242,129.2,0.76,0.76,0.839992,
11/30/2015,1201.9,1201.9,-680.2,680.2,521.7,0.0,-309.5,307.1,2.4,212.2,-13.3,,13.8,,9.7,-0.5,198.9,-59.4,149.2,0.0,0.0,0.0,149.2,,149.2,0.0,0.0,149.2,152.385,3.185,127.8,1.17,1.17,1.192371,129.0,1.16,1.16,1.18469,
02/29/2016,1030.2,1030.2,-625.2,625.2,405.0,0.0,-275.9,274.3,1.6,129.1,-12.8,,13.9,,8.4,-1.1,116.3,-31.3,93.4,0.0,0.0,0.0,93.4,,93.4,0.0,0.0,93.4,94.7,1.3,127.1,0.73,0.73,0.745083,128.3,0.73,0.73,0.740133,
05/31/2016,1063.3,1063.3,-630.5,630.5,432.8,0.0,-307.8,303.9,3.9,125.0,-13.0,,13.7,,7.7,-0.7,112.0,-25.9,93.8,0.0,0.0,0.0,93.8,,93.8,0.0,0.0,93.8,96.5,2.7,126.9,0.74,0.74,0.760441,128.3,0.73,0.73,0.751044,
08/31/2016,1091.0,1091.0,-637.1,637.1,453.9,0.0,-286.1,281.8,4.3,167.8,-13.9,,14.1,,8.1,-0.2,153.9,-34.3,127.7,0.0,0.0,0.0,127.7,,127.7,0.0,0.0,127.7,150.86,23.16,126.4,1.01,1.01,1.193513,127.9,1.0,1.0,1.181079,
11/30/2016,1227.0,1227.0,-687.0,687.0,540.0,0.0,-320.9,315.0,5.9,219.1,-12.1,,14.3,,11.9,-2.2,207.0,-61.5,157.4,0.0,0.0,0.0,157.4,,157.4,0.0,0.0,157.4,166.575,9.175,125.8,1.25,1.25,1.324126,127.2,1.24,1.24,1.312131,
02/28/2017,1043.7,1043.7,-630.7,630.7,413.0,0.0,-278.8,275.2,3.6,134.2,-14.4,,14.5,,7.0,-0.1,119.8,-33.3,93.5,0.0,0.0,0.0,93.5,,93.5,0.0,0.0,93.5,96.0,2.5,125.1,0.75,0.75,0.767386,126.9,0.74,0.74,0.759701,
05/31/2017,1114.3,1114.3,-669.7,669.7,444.6,0.0,-312.0,307.3,4.7,132.6,-13.7,,14.9,,8.4,-1.2,118.9,-27.3,100.0,0.0,0.0,0.0,100.0,,100.0,0.0,0.0,100.0,103.4,3.4,124.7,0.8,0.8,0.82919,126.4,0.79,0.79,0.816899,
08/31/2017,1185.2,1185.2,-700.8,700.8,484.4,0.0,-315.7,286.5,29.2,168.7,-35.7,,21.5,,8.2,14.2,133.0,-33.0,108.2,0.0,0.0,0.0,108.2,,108.2,0.0,0.0,108.2,142.5,34.3,126.3,0.86,0.86,1.128266,127.8,0.85,0.85,1.118388,
11/30/2017,1387.1,1387.1,-935.1,935.1,452.0,0.0,-187.7,162.2,25.5,264.3,-41.2,,44.8,,10.3,-3.6,223.1,-57.7,175.7,0.0,0.0,0.0,175.7,,175.7,0.0,0.0,175.7,214.484793,38.784793,130.7,1.3443,1.3443,1.641047,132.0,1.331061,1.331061,1.624885,
02/28/2018,1215.4,1215.4,-755.0,755.0,460.4,0.0,-279.3,268.4,10.9,181.1,-37.7,,41.8,,8.1,-4.1,143.4,271.1,422.6,0.0,0.0,0.0,422.6,,422.6,0.0,0.0,422.6,133.2,-289.4,131.2,3.22,3.22,1.015244,132.9,3.18,3.18,1.002423,
05/31/2018,1301.3,1301.3,-795.9,795.9,505.4,0.0,-316.8,300.6,16.2,188.6,-39.6,,44.2,,7.4,-4.6,149.0,-33.1,123.3,0.0,0.0,0.0,123.3,,123.3,0.0,0.0,123.3,141.983,18.683,131.4,0.94,0.94,1.08054,132.9,0.93,0.93,1.070579,
08/31/2018,1318.2,1318.2,-795.7,795.7,522.5,0.0,-292.6,283.7,8.9,229.9,-39.9,,44.7,,8.4,-4.8,190.0,-24.9,173.5,0.0,0.0,0.0,173.5,,173.5,0.0,0.0,173.5,170.0,-3.5,131.6,1.32,1.32,1.291793,133.2,1.3,1.3,1.273724,
11/30/2018,1467.9,1467.9,-862.9,862.9,605.0,0.0,-313.5,310.7,2.8,291.5,-32.6,,43.9,,10.9,-11.3,258.9,-55.8,214.0,0.0,0.0,0.0,214.0,,214.0,0.0,0.0,214.0,218.634,4.634,131.9,1.62,1.62,1.657574,133.8,1.6,1.6,1.634634,
02/28/2019,1231.5,1231.5,-764.6,764.6,466.9,0.0,-270.0,267.9,2.1,196.9,-36.9,,43.0,,10.1,-6.1,160.0,-22.1,148.0,0.0,0.0,0.0,148.0,,148.0,0.0,0.0,148.0,149.6,1.6,132.2,1.12,1.12,1.131619,133.8,1.11,1.11,1.121958,
05/31/2019,1301.9,1301.9,-793.4,793.4,508.5,0.0,-300.4,293.3,7.1,208.1,-36.1,,42.4,,9.5,-6.3,172.0,-32.1,149.4,0.0,0.0,0.0,149.4,,149.4,0.0,0.0,149.4,160.409,11.009,132.3,1.13,1.13,1.212464,133.9,1.12,1.12,1.202218,
08/31/2019,1329.2,1329.2,-789.3,789.3,539.9,0.0,-286.4,278.7,7.7,253.5,-34.4,,41.3,,9.6,-6.9,219.1,-36.8,191.9,0.0,0.0,0.0,191.9,,191.9,0.0,0.0,191.9,196.5,4.6,132.8,1.45,1.45,1.479669,134.2,1.43,1.43,1.464277,
11/30/2019,1484.8,1484.8,-854.8,854.8,630.0,0.0,-330.8,326.9,3.9,299.2,-31.1,,38.5,,11.7,-7.4,268.1,-66.4,213.4,0.0,0.0,0.0,213.4,,213.4,0.0,0.0,213.4,215.136,1.736,133.0,1.6,1.6,1.617564,134.3,1.59,1.59,1.602926,
02/29/2020,1212.0,1212.0,-742.1,742.1,469.9,0.0,-275.7,274.7,1.0,194.2,-29.8,,35.3,,10.4,-5.5,164.4,-30.1,144.7,0.0,0.0,0.0,144.7,,144.7,0.0,0.0,144.7,145.4,0.7,133.0,1.09,1.09,1.093233,134.3,1.08,1.08,1.085212,
05/31/2020,1401.1,1401.1,-821.6,821.6,579.5,0.0,-322.1,319.2,2.9,257.4,-31.3,,34.4,,10.2,-3.1,226.1,-40.4,195.9,0.0,0.0,0.0,195.9,,195.9,0.0,0.0,195.9,197.9,2.0,133.1,1.47,1.47,1.486852,134.3,1.46,1.46,1.474892,
08/31/2020,1389.3,,,,578.518413,,,,,278.571,,,,,,,249.167,,197.6,,,,,,197.6,,,197.6,202.125,,,1.503,1.503,1.518,,1.503,1.503,1.518,
11/30/2020,1527.6,,,,658.380324,,,,,311.571,,,,,,,282.167,,222.2,,,,,,222.2,,,222.2,228.875,,,1.688,1.688,1.712,,1.688,1.688,1.712,
