Date,Revenue,Sales & Services Revenue,Other Revenue,Cost of Revenue,Gross Profit,Other Operating Income,Operating Expenses,"Selling, General & Admin",Selling & Marketing,General & Administrative,Depreciation & Amortization,Other Operating Expense,Operating Income (Loss),Non-Operating (Income) Loss,"Interest Expense, Net",Interest Expense,Interest Income,Other Investment (Inc) Loss,Foreign Exch (Gain) Loss,Other Non-Op (Income) Loss,Pretax Income,Income Tax Expense (Benefit),Current Income Tax,Deferred Income Tax,Income (Loss) from Cont Ops,Net Extraordinary Losses (Gains),Discontinued Operations,XO & Accounting Changes,Income (Loss) Incl. MI,Minority Interest,"Net Income, GAAP",Preferred Dividends,Other Adjustments,"Net Income Avail to Common, GAAP","Net Income Avail to Common, Adj",Net Abnormal Losses (Gains),Basic Weighted Avg Shares,"Basic EPS, GAAP",Basic EPS from Cont Ops,"Basic EPS from Cont Ops, Adjusted",Diluted Weighted Avg Shares,"Diluted EPS, GAAP",Diluted EPS from Cont Ops,"Diluted EPS from Cont Ops, Adjusted",Source: Bloomberg
03/31/2004,19.018,,,0.0,19.018,,-16.164,,,,,,2.854,0.154,-0.154,0.0,-0.154,,0.0,0.0,3.008,-0.092,,,2.916,0.0,,,2.916,0.0,2.916,-2.848,0.0,0.068,0.068,,3.295931,0.02,0.02,0.02,3.295931,0.02,0.02,0.02,
06/30/2004,18.118,,,0.0,18.118,,-13.976,,,,,,4.142,0.116,-0.116,0.0,-0.116,,0.0,0.0,4.258,38.794,,,43.052,0.0,,,43.052,0.0,43.052,-2.848,0.0,40.204,40.204,,3.300453,12.18,12.18,12.18,29.981009,1.44,1.44,1.44,
09/30/2004,18.547,,,0.0,18.547,,-13.797,,,,,,4.75,0.171,-0.171,0.0,-0.171,,0.0,0.0,4.921,4.163,,,9.084,0.0,,,9.084,0.0,9.084,-2.879,0.0,6.205,6.205,,3.316386,1.87,1.87,1.87,29.921357,0.3,0.3,0.3,
12/31/2004,19.232,,,0.0,19.232,,-14.544,,,,,,4.688,0.441,-0.441,0.0,-0.441,,0.0,0.0,5.129,-2.594,,,2.535,0.0,,,2.535,0.0,2.535,-1.064,0.0,1.471,1.471,,18.478,0.08,0.08,0.08,32.791,0.04,0.04,0.04,
03/31/2005,20.708,,,,,0.0,-15.935,1.997,0.693,,,13.938,4.773,0.6,,,-0.6,,,0.0,5.373,-2.316,,,3.057,,,,3.057,,3.057,,0.0,3.057,3.057,,27.427508,0.11,0.11,0.11,35.482963,0.09,0.09,0.09,
06/30/2005,18.505,,,0.0,18.505,,-16.467,1.812,0.589,,,14.655,2.038,0.777,-0.777,0.0,-0.777,,0.0,0.0,2.815,-0.991,,,1.824,0.0,,,1.824,0.0,1.824,0.0,0.0,1.824,1.824,,27.727594,0.07,0.07,0.07,35.424799,0.05,0.05,0.05,
09/30/2005,18.26,,,,,0.0,-17.347,2.417,0.503,,,14.93,0.913,0.828,,,-0.828,,,0.0,1.741,-0.57,,,1.171,,,,1.171,,1.171,,0.0,1.171,1.171,,28.316845,0.04,0.04,0.04,35.508128,0.03,0.03,0.03,
12/31/2005,17.927,,,0.0,17.927,,-17.25,,,,,,0.677,0.955,-0.955,0.0,-0.955,,0.0,0.0,1.632,0.458,,,2.09,0.0,,,2.09,0.0,2.09,0.0,0.0,2.09,2.09,,29.154,0.07,0.07,0.07,35.633,0.06,0.06,0.06,
03/31/2006,19.378,,,,,0.0,-18.941,2.37,0.378,,,16.571,0.437,0.962,0.0,0.0,0.0,,0.0,-0.962,1.399,-0.313,,,1.086,0.0,,,1.086,0.0,1.086,0.0,0.0,1.086,1.086,,29.814296,0.04,0.04,0.04,35.67298,0.03,0.03,0.03,
06/30/2006,19.038,,,0.0,19.038,,-18.736,2.322,0.477,,,16.414,0.302,1.084,,0.0,,,0.0,-1.084,1.386,-0.586,,,0.8,0.0,,,0.8,0.0,0.8,0.0,0.0,0.8,0.8,,29.837704,0.03,0.03,0.03,34.944312,0.02,0.02,0.02,
09/30/2006,19.508,,,,,0.0,-18.544,2.519,0.338,,,16.025,0.964,1.266,0.0,0.0,0.0,,0.0,-1.266,2.23,-0.933,,,1.297,0.0,,,1.297,0.0,1.297,0.0,0.0,1.297,1.297,,31.319771,0.04,0.04,0.04,34.792783,0.04,0.04,0.04,
12/31/2006,20.797,,,,,0.0,-18.491,2.919,0.576,,,15.572,2.306,1.283,,0.0,,,0.0,-1.283,3.589,-1.351,,,2.238,0.0,,,2.238,0.0,2.238,0.0,0.0,2.238,2.238,,31.43,0.07,0.07,0.07,35.225,0.06,0.06,0.06,
03/31/2007,22.543,,,,,0.0,-19.296,1.534,0.353,,,17.762,3.247,1.222,,,,,0.0,-1.222,4.469,-2.019,,,2.45,0.0,,,2.45,0.0,2.45,0.0,0.0,2.45,2.45,,30.813478,0.08,0.08,0.08,34.526548,0.07,0.07,0.07,
06/30/2007,24.046,,,,,0.0,-19.265,1.85,0.53,,,17.415,4.781,1.258,,,,,0.0,-1.258,6.039,-2.487,,,3.552,0.0,,,3.552,0.0,3.552,0.0,0.0,3.552,3.552,,32.927868,0.11,0.11,0.11,34.631142,0.1,0.1,0.1,
09/30/2007,20.866,,,,,0.0,-18.555,1.962,0.481,,,16.593,2.311,1.332,,,,,0.0,-1.332,3.643,-1.233,,,2.41,0.0,,,2.41,0.0,2.41,0.0,0.0,2.41,2.41,,32.828978,0.07,0.07,0.07,34.575086,0.07,0.07,0.07,
12/31/2007,20.946,,,,,0.0,-19.276,2.448,0.541,,,16.828,1.67,1.43,,,,,0.0,-1.43,3.1,-1.192,,,1.908,0.0,,,1.908,0.0,1.908,0.0,0.0,1.908,1.908,,32.601,0.06,0.06,0.06,34.074,0.06,0.06,0.06,
03/31/2008,21.948,,,,,0.0,-19.975,2.151,0.583,,,17.824,1.973,0.991,,,,,0.0,-0.991,2.964,-1.368,,,1.596,0.0,,,1.596,0.0,1.596,0.0,0.0,1.596,1.596,,32.413129,0.05,0.05,0.05,33.394866,0.05,0.05,0.05,
06/30/2008,24.876,,,,,0.0,-20.878,2.178,0.683,,,18.7,3.998,0.761,,,,,0.0,-0.761,4.759,-1.911,,,2.848,0.0,,,2.848,0.0,2.848,0.0,0.0,2.848,2.848,,32.931838,0.08,0.08,0.08,34.758643,0.08,0.08,0.08,
09/30/2008,21.718,,,,,0.0,-20.583,2.427,0.646,,,18.156,1.135,0.963,,,,,0.0,-0.963,2.098,-0.579,,,1.519,0.0,,,1.519,0.0,1.519,0.0,0.0,1.519,1.519,,32.952012,0.04,0.04,0.07,37.438054,0.04,0.04,0.06,
12/31/2008,21.065,,,,,0.0,-18.816,2.433,0.869,,,16.383,2.249,0.763,,,,,0.0,-0.763,3.012,-1.076,,,1.936,0.0,,,1.936,0.0,1.936,0.0,0.0,1.936,1.936,,33.027,0.05,0.05,0.05,37.373,0.05,0.05,0.05,
03/31/2009,24.3,24.124,0.176,,,0.0,-19.901,1.871,0.645,1.226,1.791,16.239,4.399,0.332,,,,-0.332,,0.0,4.731,-1.892,0.068,1.824,2.839,0.0,0.0,0.0,2.839,0.0,2.839,,0.0,2.839,2.839,0.0,33.183476,0.08,0.08,0.08,37.516962,0.08,0.08,0.08,
06/30/2009,25.605,25.43,0.175,,,0.0,-20.103,2.081,0.708,1.373,1.679,16.343,5.502,0.234,,,,-0.234,,0.0,5.736,-2.549,0.572,1.977,3.187,0.0,0.0,0.0,3.187,0.0,3.187,,0.0,3.187,3.187,0.0,33.255901,0.09,0.09,0.09,37.853809,0.08,0.08,0.08,
09/30/2009,29.695,29.409,0.286,,,0.0,-21.466,2.305,0.651,1.654,1.654,17.507,8.229,0.314,,,,-0.314,,0.0,8.543,-3.903,0.772,3.131,4.64,0.0,0.0,0.0,4.64,0.0,4.64,,0.0,4.64,4.64,0.0,33.287464,0.13,0.13,0.13,38.196823,0.12,0.12,0.12,
12/31/2009,33.617,33.199,0.418,,,0.0,-22.92,2.635,0.878,1.757,1.666,18.619,10.697,0.342,,,,-0.342,,0.0,11.039,-5.603,0.359,5.244,5.436,0.0,0.0,0.0,5.436,0.0,5.436,,0.0,5.436,5.436,0.0,33.328,0.15,0.15,0.15,38.76,0.14,0.14,0.14,
03/31/2010,34.593,34.105,0.488,,,0.0,-23.799,2.757,0.628,2.129,1.616,19.426,10.794,0.291,,,,-0.291,,0.0,11.085,-4.384,0.653,3.731,6.701,0.0,0.0,0.0,6.701,0.0,6.701,-0.632,0.0,6.069,6.459,0.39,33.625512,0.18,0.18,0.192086,39.305474,0.17,0.17,0.179922,
06/30/2010,35.011,34.433,0.578,,,0.0,-23.47,2.609,0.759,1.85,1.622,19.239,11.541,0.315,,,,-0.315,,0.0,11.856,-4.687,0.731,3.956,7.169,0.0,0.0,0.0,7.169,0.0,7.169,,0.0,7.169,7.169,0.0,33.732905,0.19,0.19,0.19,39.513609,0.18,0.18,0.18,
09/30/2010,37.112,36.21,0.902,,,0.0,-23.889,2.513,0.679,1.834,1.56,19.816,13.223,0.301,,,,-0.301,,0.0,13.524,-4.913,0.682,4.231,8.611,0.0,0.0,0.0,8.611,0.0,8.611,,0.0,8.611,8.351,-0.26,32.944706,0.24,0.24,0.253485,38.74359,0.22,0.22,0.213289,
12/31/2010,38.32,37.761,0.559,,,0.0,-24.16,3.161,1.009,2.152,1.552,19.447,14.16,0.285,,,,-0.285,,0.0,14.445,-5.498,-0.363,5.861,8.947,0.0,0.0,0.0,8.947,0.0,8.947,-0.863,0.0,8.084,8.084,0.0,32.334,0.25,0.25,0.25,38.642,0.23,0.23,0.23,
03/31/2011,43.31,42.582,0.728,,,0.0,-25.943,1.975,0.974,1.001,1.562,22.406,17.367,0.299,,,,-0.299,,0.0,17.666,-6.886,0.04,6.846,10.78,0.0,0.0,0.0,10.78,0.0,10.78,,0.0,10.78,10.325,-0.455,36.507,0.3,0.3,0.282822,39.301,0.27,0.27,0.258423,
06/30/2011,45.481,44.779,0.702,,,0.0,-25.886,3.058,1.248,1.81,1.627,21.201,19.595,0.31,,,,-0.31,,0.0,19.905,-7.968,2.387,5.581,11.937,0.0,0.0,0.0,11.937,0.0,11.937,0.0,0.0,11.937,11.937,0.0,36.762,0.32,0.32,0.32,39.49,0.3,0.3,0.3,
09/30/2011,46.261,45.432,0.829,,,0.0,-24.268,3.022,1.28,1.742,1.799,19.447,21.993,0.303,,,,-0.303,,0.0,22.296,-8.852,1.615,7.237,13.444,0.0,0.0,0.0,13.444,0.0,13.444,0.0,0.0,13.444,13.444,0.0,37.126,0.36,0.36,0.36,39.828,0.34,0.34,0.34,
12/31/2011,44.818,44.16,0.658,,,0.0,-26.269,4.773,1.38,3.393,1.793,19.703,18.549,0.317,,,,-0.317,,0.0,18.866,-7.323,3.55,3.773,11.543,0.0,0.0,0.0,11.543,0.0,11.543,0.0,0.0,11.543,12.14428,0.60128,37.629,0.31,0.31,0.322737,39.814,0.29,0.29,0.305102,
03/31/2012,50.432,49.681,0.751,,,0.0,-27.987,3.554,1.447,2.107,1.854,22.579,22.445,0.303,,,,-0.303,,0.0,22.748,-9.255,4.645,4.61,13.493,0.0,0.0,0.0,13.493,0.0,13.493,0.0,0.0,13.493,13.493,0.0,36.934,0.37,0.37,0.37,38.695,0.35,0.35,0.35,
06/30/2012,48.557,47.7,0.857,,,0.0,-27.625,3.75,1.732,2.018,1.961,21.914,20.932,0.268,,,,-0.268,,0.0,21.2,-8.571,-2.883,11.454,12.629,0.0,0.0,0.0,12.629,0.0,12.629,0.0,0.0,12.629,12.629,0.0,36.128,0.35,0.35,0.35,37.44,0.34,0.34,0.34,
09/30/2012,48.006,47.254,0.752,,,0.0,-27.048,3.135,1.067,2.068,2.081,21.832,20.958,0.251,,,,-0.251,,0.0,21.209,-7.727,8.442,-0.715,13.482,0.0,0.0,0.0,13.482,0.0,13.482,0.0,0.0,13.482,13.807,0.325,36.5,0.37,0.37,0.378274,37.541,0.36,0.36,0.368657,
12/31/2012,50.151,49.35,0.801,,,0.0,-28.858,3.626,1.224,2.402,2.337,22.895,21.293,0.236,,,,-0.236,,0.0,21.529,-1.064,6.23,-5.166,20.465,0.0,0.0,0.0,20.465,0.0,20.465,0.0,0.0,20.465,20.855,0.39,36.501,0.56,0.56,0.571354,37.589,0.54,0.54,0.550375,
03/31/2013,53.651,52.122,1.529,,,0.0,-28.98,3.432,0.935,2.497,2.286,23.262,24.671,0.0,,,,0.0,,0.0,24.671,-9.126,5.202,3.924,15.545,0.219,0.219,0.0,15.326,0.0,15.326,0.0,0.0,15.326,15.935,0.39,36.774,0.42,0.42,0.433322,37.673,0.41,0.41,0.420352,
06/30/2013,63.463,62.875,0.588,,,0.0,-32.085,3.318,1.371,1.947,4.405,24.362,31.378,0.044,,,,-0.044,,0.0,31.422,-12.133,11.244,0.889,19.289,-0.054,-0.054,0.0,19.343,0.0,19.343,0.0,0.0,19.343,18.769,-0.52,36.868,0.52,0.52,0.509086,37.819,0.51,0.51,0.49625,
09/30/2013,61.021,60.504,0.517,,,0.0,-34.745,3.121,1.195,1.926,3.46,28.164,26.276,0.112,,,,-0.112,,0.0,26.388,-8.129,8.877,-0.748,18.259,0.046,0.046,0.0,18.213,0.0,18.213,0.0,0.0,18.213,18.259,0.0,36.919,0.49,0.49,0.49,37.965,0.48,0.48,0.48,
12/31/2013,60.31,59.859,0.451,,,0.0,-35.643,3.623,1.131,2.492,3.972,28.048,24.667,0.132,,,,-0.132,,0.0,24.799,-9.329,7.72,1.609,15.47,-7.663,-7.663,0.0,23.133,0.0,23.133,0.0,0.0,23.133,15.47,0.0,36.982,0.63,0.42,0.42,38.093,0.61,0.41,0.41,
03/31/2014,63.252,62.104,1.148,,,0.0,-35.69,3.407,1.209,2.198,4.121,28.162,27.562,0.146,,,,-0.146,,0.0,27.708,-10.233,5.913,4.32,17.475,0.0,0.0,0.0,17.475,0.0,17.475,0.0,0.0,17.475,17.475,0.0,37.121,0.47,0.47,0.47,38.096,0.46,0.46,0.46,
06/30/2014,64.826,64.264,0.562,,,0.0,-35.893,4.144,1.8,2.344,4.351,27.398,28.933,0.138,,,,-0.138,,0.0,29.071,-10.88,10.171,0.709,18.191,0.0,0.0,0.0,18.191,0.0,18.191,0.0,0.0,18.191,18.191,0.0,37.015,0.49,0.49,0.49,37.942,0.48,0.48,0.48,
09/30/2014,64.113,63.624,0.489,,,0.0,-35.977,3.906,1.331,2.575,4.482,27.589,28.136,0.132,,,,-0.132,,0.0,28.268,-10.764,11.09,-0.326,17.504,0.0,0.0,0.0,17.504,0.0,17.504,0.0,0.0,17.504,17.504,0.0,36.856,0.47,0.47,0.47,37.805,0.46,0.46,0.46,
12/31/2014,70.04,69.53,0.51,,,0.0,-36.678,3.966,1.429,2.537,4.425,28.287,33.362,0.127,,,,-0.127,,0.0,33.489,-11.853,12.488,-0.635,21.636,0.0,0.0,0.0,21.636,0.0,21.636,0.0,0.0,21.636,21.636,0.0,36.729,0.59,0.59,0.59,37.711,0.57,0.57,0.57,
03/31/2015,76.588,76.117,0.471,,,0.0,-38.269,3.871,1.192,2.679,4.612,29.786,38.319,0.183,,,,-0.183,,0.0,38.502,-13.909,9.314,4.595,24.593,0.0,0.0,0.0,24.593,0.0,24.593,0.0,0.0,24.593,24.593,0.0,36.706,0.67,0.67,0.67,37.626,0.65,0.65,0.65,
06/30/2015,75.301,74.806,0.495,,,0.0,-38.432,5.026,1.764,3.262,4.603,28.803,36.869,0.19,,,,-0.19,,0.0,37.059,-12.821,12.928,-0.107,24.238,0.0,0.0,0.0,24.238,0.0,24.238,0.0,0.0,24.238,24.238,0.0,36.699,0.66,0.66,0.66,37.642,0.64,0.64,0.64,
09/30/2015,73.944,73.532,0.412,,,0.0,-38.839,4.848,1.304,3.544,4.642,29.349,35.105,0.248,,,,-0.248,,0.0,35.353,-12.638,14.311,-1.673,22.715,0.0,0.0,0.0,22.715,0.0,22.715,0.0,0.0,22.715,22.715,0.0,36.681,0.62,0.62,0.62,37.643,0.6,0.6,0.6,
12/31/2015,76.36,75.999,0.361,,,0.0,-39.658,5.411,1.888,3.523,4.685,29.562,36.702,0.284,,,,-0.284,,-0.284,36.986,-12.495,13.33,-0.835,24.491,0.0,0.0,0.0,24.491,0.0,24.491,0.0,0.0,24.491,24.491,0.0,36.673,0.67,0.67,0.67,37.638,0.65,0.65,0.65,
03/31/2016,88.155,86.872,1.283,,,0.0,-44.203,5.668,1.778,3.89,4.681,33.854,43.952,0.418,,,,-0.418,,0.0,44.37,-15.407,9.502,5.905,28.963,0.0,0.0,0.0,28.963,0.0,28.963,0.0,0.0,28.963,28.963,0.0,36.775,0.79,0.79,0.79,37.671,0.77,0.77,0.77,
06/30/2016,96.122,94.825,1.297,,,0.0,-46.088,5.986,1.824,4.162,4.54,35.562,50.034,0.517,,,,-0.517,,0.0,50.551,-17.425,14.167,3.258,33.126,0.0,0.0,0.0,33.126,0.0,33.126,0.0,0.0,33.126,33.126,0.0,36.876,0.9,0.9,0.9,37.748,0.88,0.88,0.88,
09/30/2016,89.737,88.778,0.959,,,0.0,-43.917,5.871,2.14,3.731,4.325,33.721,45.82,0.534,,,,-0.534,,0.0,46.354,-15.436,16.882,-1.446,30.918,0.0,0.0,0.0,30.918,0.0,30.918,0.0,0.0,30.918,30.918,0.0,36.889,0.84,0.84,0.84,37.792,0.82,0.82,0.82,
12/31/2016,93.768,93.73,0.038,,,0.0,-44.109,5.732,3.192,2.54,4.292,34.085,49.659,0.668,,,,-0.668,,0.0,50.327,-17.162,18.156,-0.994,33.165,0.0,0.0,0.0,33.165,0.0,33.165,0.0,0.0,33.165,33.165,0.0,36.836,0.900342,0.900342,0.900342,37.741,0.878753,0.878753,0.878753,
03/31/2017,102.964,102.663,0.301,,,0.0,-47.806,4.234,1.886,2.348,4.693,38.879,55.158,0.449,,,,-0.747,,0.298,55.607,-13.144,11.319,1.825,42.463,0.0,0.0,0.0,42.463,0.0,42.463,0.0,0.0,42.463,42.463,0.0,36.85,1.15,1.15,1.15,38.112,1.11,1.11,1.11,
06/30/2017,96.314,96.001,0.313,,,0.0,-47.329,5.373,2.782,2.591,4.79,37.166,48.985,0.588,,,,-0.84,,0.252,49.573,-11.55,11.998,-0.448,38.023,0.0,0.0,0.0,38.023,0.0,38.023,0.0,0.0,38.023,38.023,0.0,36.853,1.03,1.03,1.03,38.077,1.0,1.0,1.0,
09/30/2017,95.584,95.279,0.305,,,0.0,-48.949,5.028,2.089,2.939,4.583,39.338,46.635,0.582,,,,-0.964,,0.382,47.217,-13.087,14.173,-1.086,34.13,0.0,0.0,0.0,34.13,0.0,34.13,0.0,0.0,34.13,34.13,0.0,36.865,0.93,0.93,0.93,38.019,0.9,0.9,0.9,
12/31/2017,98.56,98.235,0.325,,,0.0,-49.723,6.248,3.005,3.243,5.208,38.267,48.837,0.534,,,,-1.068,,0.534,49.371,-15.898,9.638,6.26,33.473,0.0,0.0,0.0,33.473,0.0,33.473,0.0,0.0,33.473,33.473,0.0,36.887,0.91,0.91,0.91,37.943,0.88,0.88,0.88,
03/31/2018,114.714,114.414,0.3,,,0.0,-54.541,4.54,2.065,2.475,5.269,44.732,60.173,0.84,,,,-1.168,,0.328,61.013,-13.073,11.003,2.07,47.94,0.0,0.0,0.0,47.94,0.0,47.94,0.0,0.0,47.94,47.94,0.0,36.954,1.3,1.3,1.3,37.886,1.27,1.27,1.27,
06/30/2018,106.964,106.663,0.301,,,0.0,-54.93,6.243,3.535,2.708,5.79,42.897,52.034,1.176,,,,-1.383,,0.207,53.21,-12.723,13.284,-0.561,40.487,0.0,0.0,0.0,40.487,0.0,40.487,0.0,0.0,40.487,40.487,0.0,36.95,1.1,1.1,1.1,37.862,1.07,1.07,1.07,
09/30/2018,101.443,101.162,0.281,,,0.0,-55.031,5.724,2.98,2.744,6.173,43.134,46.412,1.385,,,,-1.635,,0.25,47.797,-9.203,10.479,-1.276,38.594,0.0,0.0,0.0,38.594,0.0,38.594,0.0,0.0,38.594,38.594,0.0,36.951,1.04,1.04,1.04,37.828,1.02,1.02,1.02,
12/31/2018,112.444,112.168,0.276,,,0.0,-58.479,6.96,3.534,3.426,5.848,45.671,53.965,2.101,,,,-1.926,,-0.175,56.066,-10.235,11.636,-1.401,45.831,0.0,0.0,0.0,45.831,0.0,45.831,0.0,0.0,45.831,45.831,0.0,36.978,1.24,1.24,1.24,37.845,1.21,1.21,1.21,
03/31/2019,124.491,124.226,0.265,,,0.0,-61.302,5.423,2.299,3.124,6.082,49.797,63.189,2.031,,,,-1.989,,-0.042,65.22,-12.698,10.688,2.01,52.522,0.0,0.0,0.0,52.522,0.0,52.522,0.0,0.0,52.522,52.522,0.0,37.043,1.42,1.42,1.42,37.832,1.39,1.39,1.39,
06/30/2019,125.49,125.236,0.254,,,0.0,-64.613,7.467,3.667,3.8,6.345,50.801,60.877,2.032,,,,-2.096,,0.064,62.909,-14.804,15.178,-0.374,48.105,0.0,0.0,0.0,48.105,0.0,48.105,0.0,0.0,48.105,48.105,0.0,37.049,1.3,1.3,1.3,37.91,1.27,1.27,1.27,
09/30/2019,131.597,131.346,0.251,,,0.0,-65.632,6.268,2.506,3.762,6.7,52.664,65.965,1.373,,,,-2.211,,0.838,67.338,-13.336,14.878,-1.542,54.002,0.0,0.0,0.0,54.002,0.0,54.002,0.0,0.0,54.002,54.002,0.0,37.066,1.46,1.46,1.46,37.995,1.42,1.42,1.42,
12/31/2019,129.774,129.541,0.233,,,0.0,-68.923,8.097,3.087,5.01,7.73,53.096,60.851,1.106,,,,-1.767,,0.661,61.957,-11.684,9.104,2.58,50.273,0.0,0.0,0.0,50.273,0.0,50.273,0.0,0.0,50.273,50.273,0.0,37.176,1.35,1.35,1.35,38.091,1.32,1.32,1.32,
03/31/2020,168.978,168.749,0.229,,,0.0,-77.889,5.808,2.675,3.133,8.067,64.014,91.089,0.613,,,,-1.269,,0.656,91.702,-16.886,14.123,2.763,74.816,0.0,0.0,0.0,74.816,0.0,74.816,0.0,0.0,74.816,74.816,0.0,37.303,2.01,2.01,2.01,38.075,1.96,1.96,1.96,
06/30/2020,184.795,184.573,0.222,,,0.0,-80.66,5.063,1.81,3.253,8.305,67.292,104.135,0.268,,,,-0.714,,0.446,104.403,-20.549,18.545,2.004,83.854,0.0,0.0,0.0,83.854,0.0,83.854,0.0,0.0,83.854,83.854,0.0,37.34,2.25,2.25,2.25,38.153,2.2,2.2,2.2,
09/30/2020,159.091,,,,,,,,,,,,81.87,,,,,,,,81.945,,,,62.533,,,,,,62.533,,,62.533,64.536,,,1.64,1.64,1.692,,1.64,1.64,1.692,
12/31/2020,160.182,,,,,,,,,,,,79.63,,,,,,,,79.745,,,,62.0,,,,,,62.0,,,62.0,63.164,,,1.66,1.66,1.698,,1.66,1.66,1.698,
