Date,Revenue,Sales & Services Revenue,Cost of Revenue,Cost of Goods & Services,Gross Profit,Other Operating Income,Operating Expenses,"Selling, General & Admin",Selling & Marketing,Research & Development,Other Operating Expense,Operating Income (Loss),Non-Operating (Income) Loss,"Interest Expense, Net",Interest Expense,Interest Income,Foreign Exch (Gain) Loss,(Income) Loss from Affiliates,Other Non-Op (Income) Loss,Pretax Income,Income Tax Expense (Benefit),Income (Loss) from Cont Ops,Net Extraordinary Losses (Gains),Discontinued Operations,XO & Accounting Changes,Income (Loss) Incl. MI,Minority Interest,"Net Income, GAAP",Preferred Dividends,Other Adjustments,"Net Income Avail to Common, GAAP","Net Income Avail to Common, Adj",Net Abnormal Losses (Gains),Basic Weighted Avg Shares,"Basic EPS, GAAP",Basic EPS from Cont Ops,"Basic EPS from Cont Ops, Adjusted",Diluted Weighted Avg Shares,"Diluted EPS, GAAP",Diluted EPS from Cont Ops,"Diluted EPS from Cont Ops, Adjusted",Source: Bloomberg
03/31/1990,1758.400024,,-408.899994,,1349.500031,,-746.799988,,,,,602.700012,27.200001,,12.0,,2.7,,-41.900002,629.900014,-222.199997,407.700012,0.0,,,407.700017,-3.9,403.799988,,,403.799988,403.799988,,2362.799927,0.171667,0.171667,,2362.799927,0.171667,0.171667,0.171667,
06/30/1990,1899.300049,,-440.600006,,1458.700043,,-761.900024,,,,,696.799988,23.799998,,17.200001,,-0.9,,-40.099998,720.599985,-248.399994,472.200012,0.0,,,472.199992,-2.0,470.200012,,,470.200012,470.200012,,2347.799927,0.2,0.2,,2347.799927,0.2,0.2,0.2,
09/30/1990,1914.300049,,-443.299988,,1471.000061,,-797.200012,,,,,673.799988,25.1,,18.200001,,-3.1,,-40.200001,698.899988,-226.0,472.899994,0.0,,,472.899988,-7.9,465.0,,,465.0,465.0,,2340.0,0.198333,0.198333,,2340.0,0.198333,0.198333,0.198333,
12/31/1990,2099.5,,-485.299988,,1614.200012,,-936.099976,,,,,678.099976,2.799998,,22.4,,10.9,,-36.099998,680.899974,-221.0,459.899994,0.0,,,459.899974,-17.700001,442.200012,,,442.200012,442.200012,,2326.43994,0.19,0.19,0.19,2326.43994,0.19,0.19,0.19,
03/31/1991,2048.899902,,-461.100006,,1587.799896,,-867.299988,,,,,720.5,21.1,,19.700001,,1.4,,-42.200001,741.6,-256.899994,484.700012,0.0,,,484.700006,-1.2,483.5,,,483.5,483.5,,2320.799927,0.208333,0.208333,,2320.799927,0.208333,0.208333,0.208333,
06/30/1991,2122.399902,,-472.100006,,1650.299896,,-836.0,,,,,814.299988,16.599999,,18.6,,10.3,,-45.5,830.899987,-270.0,560.900024,0.0,,,560.899987,-4.9,556.0,,,556.0,556.0,,2320.200073,0.24,0.24,,2320.200073,0.24,0.24,0.24,
09/30/1991,2117.399902,,-486.200012,,1631.19989,,-840.799988,,,,,790.400024,25.5,,17.1,,6.9,,-49.5,815.900024,-257.200012,558.700012,0.0,,,558.700012,-6.3,552.400024,,,552.400024,552.400024,,2319.600037,0.238333,0.238333,,2319.600037,0.238333,0.238333,0.238333,
12/31/1991,2314.0,,-515.5,,1798.5,,-1014.0,,,,,784.5,18.999999,,13.3,,13.0,,-45.299999,803.499999,-260.899994,542.599976,0.0,,,542.600005,-12.8,529.799988,,,529.799988,529.799988,,2319.09906,0.228333,0.228333,0.228333,2319.09906,0.228333,0.228333,0.228333,
03/31/1992,2223.399902,,-470.600006,,1752.799896,,-936.099976,,,,,816.700012,26.799998,,13.0,,7.8,,-47.599998,843.50001,-281.100006,562.400024,462.399994,,,100.00001,-3.4,96.599998,,,96.599998,96.599998,,2317.998047,0.04,0.239482,,2317.998047,0.04,0.239482,0.239482,
06/30/1992,2373.699951,,-531.400024,,1842.299927,,-926.5,,,,,915.799988,25.399998,,16.6,,8.1,,-50.099998,941.199986,-289.299988,651.900024,0.0,,,651.899998,-8.2,643.700012,0.0,,643.700012,643.700012,,2312.0,0.28,0.28,,2312.0,0.28,0.28,0.28,
09/30/1992,2464.300049,,-520.200012,,1944.100037,,-1067.099976,,,,,877.0,39.800003,,20.1,,9.9,,-69.800003,916.800003,-275.899994,640.900024,0.0,,,640.900009,-6.1,634.799988,0.0,,634.799988,634.799988,,2305.600098,0.275,0.275,,2305.600098,0.275,0.275,0.275,
12/31/1992,2601.100098,,-573.900024,,2027.200074,,-1145.199951,,,,,882.0,12.300001,,23.0,,20.4,,-55.700001,894.300001,-270.700012,623.599976,0.0,,,623.599989,-14.5,609.099976,0.0,,609.099976,609.099976,,2293.600098,0.265,0.265,0.265,2293.600098,0.265,0.265,0.265,
03/31/1993,2379.600098,,-536.700012,,1842.900085,,-952.599976,,,,,890.299988,29.4,,19.6,,14.0,,-63.0,919.699987,-299.600006,620.099976,0.0,,,620.099981,-6.3,613.799988,0.0,,613.799988,613.799988,,2285.399902,0.27,0.27,,2285.399902,0.27,0.27,0.27,
06/30/1993,2573.600098,,-583.5,,1990.100098,,-1002.700012,,,,,987.400024,-752.4,,21.799999,,11.6,,719.0,235.000025,-50.400002,184.600006,0.0,,,184.600023,-12.0,172.600006,0.0,,172.600006,172.600006,,2277.199951,0.075,0.075,,2277.199951,0.075,0.075,0.075,
09/30/1993,2544.100098,,-538.599976,,2005.500122,,-999.099976,,,,,1006.400024,12.499998,,20.700001,,16.1,,-49.299999,1018.900023,-300.399994,718.5,0.0,,,718.500029,-12.8,705.700012,0.0,,705.700012,705.700012,,2272.0,0.31,0.31,,2272.0,0.31,0.31,0.31,
12/31/1993,3000.899902,,-838.799988,,2162.099914,,-1132.300049,,,,,1029.800049,-50.4,,22.6,,26.5,,1.3,979.400049,-286.100006,693.299988,0.0,,,693.300043,-19.200001,674.099976,0.0,,674.099976,674.099976,,2389.0,0.28,0.28,0.28,2389.0,0.28,0.28,0.28,
03/31/1994,3514.300049,,-1455.599976,,2058.700073,,-1065.5,,,,,993.200012,31.599997,,30.9,,17.200001,,-79.699997,1024.800009,-337.100006,687.700012,0.0,,,687.700003,-12.5,675.200012,0.0,,675.200012,675.200012,,2510.399902,0.27,0.27,,2510.399902,0.27,0.27,0.27,
06/30/1994,3792.0,,-1528.699951,,2263.300049,,-1061.5,,,,,1201.800049,-15.399999,,35.0,,15.8,,-35.400002,1186.40005,-381.399994,805.0,0.0,,,805.000056,-40.900002,764.099976,0.0,,764.099976,764.099976,,2515.199951,0.305,0.305,,2515.199951,0.305,0.305,0.305,
09/30/1994,3792.0,,-1451.900024,,2340.099976,,-1173.800049,,,,,1166.300049,24.500001,,31.0,,-6.1,,-49.400002,1190.80005,-386.899994,803.900024,0.0,,,803.900056,-19.1,784.799988,0.0,,784.799988,784.799988,,2521.800049,0.31,0.31,,2521.800049,0.31,0.31,0.31,
12/31/1994,3871.5,,-1526.5,,2345.0,,-1301.199951,,,,,1043.800049,62.799998,,27.5,,-0.7,,-89.599998,1106.600047,-312.799988,793.799988,0.0,,,793.800059,-20.9,772.900024,0.0,,772.900024,772.900024,,2512.600098,0.305,0.305,0.305,2512.600098,0.305,0.305,0.305,
03/31/1995,3817.300049,,-1726.199951,,2091.100098,,-1058.199951,,,,,1032.900024,81.700001,,22.1,,6.1,,-109.900002,1114.600026,-338.399994,776.200012,0.0,,,776.200032,-18.799999,757.400024,0.0,,757.400024,757.400024,,2485.199951,0.305,0.305,,2485.199951,0.305,0.305,0.305,
06/30/1995,4135.700195,,-1746.0,,2389.700195,,-1179.300049,,,,,1210.400024,65.2,,23.0,,-8.2,,-80.0,1275.600024,-383.399994,892.200012,0.0,,,892.20003,-34.099998,858.099976,0.0,,858.099976,858.099976,,2473.600098,0.345,0.345,,2473.600098,0.345,0.345,0.345,
09/30/1995,4171.100098,,-1858.199951,,2312.900146,,-1099.699951,,,,,1213.199951,59.500004,,22.799999,,-2.0,,-80.300003,1272.699955,-385.100006,887.599976,0.0,,,887.599949,-25.700001,861.900024,0.0,,861.900024,861.900024,,2468.399902,0.35,0.35,,2468.399902,0.35,0.35,0.35,
12/31/1995,4557.0,,-2125.899902,,2431.100098,,-1292.0,,,,,1139.099976,87.099998,,30.799999,,-3.7,,-114.199997,1226.199974,-355.100006,871.099976,0.0,,,871.099968,-13.3,857.799988,0.0,,857.799988,857.799988,,2460.800048,0.35,0.35,0.035,2460.800048,0.35,0.35,0.35,
03/31/1996,4530.399902,,-2233.100098,,2297.299805,,-1163.800049,,,,,1133.5,134.899994,,34.5,,-7.5,,-161.899994,1268.399994,-375.200012,893.200012,0.0,,,893.199982,-29.4,863.799988,0.0,,863.799988,863.799988,,2454.0,0.35,0.35,0.35,2516.0,0.345,0.345,0.345,
06/30/1996,4908.799805,,-2283.800049,,2624.999756,,-1293.900024,,,,,1331.099976,105.800001,,32.799999,,-5.6,,-133.0,1436.899976,-422.299988,1014.599976,0.0,,,1014.599988,-42.5,972.099976,0.0,,972.099976,972.099976,,2429.800049,0.4,0.4,0.4,2492.0,0.39,0.39,0.39,
09/30/1996,4983.399902,,-2328.399902,,2655.0,,-1308.599976,,,,,1346.400024,126.000005,,36.200001,,-7.1,,-155.100006,1472.40003,-435.5,1036.900024,0.0,,,1036.90003,-35.0,1001.900024,0.0,,1001.900024,1001.900024,,2411.199951,0.415,0.415,0.415,2474.0,0.405,0.405,0.405,
12/31/1996,5406.100098,,-2473.899902,,2932.200196,,-1562.300049,,,,,1369.900024,137.399996,,35.099998,,-7.6,,-164.899994,1507.30002,-426.5,1080.800049,0.0,,,1080.80002,-37.299999,1043.5,0.0,,1043.5,1043.5,,2411.399902,0.435,0.435,0.435,2474.399902,0.42,0.42,0.42,
03/31/1997,5567.899902,,-2786.300049,,2781.599854,,-1429.300049,,,,,1352.300049,153.699997,,25.0,,-5.5,,-173.199997,1506.000046,-443.100006,1062.900024,0.0,,,1062.90004,-42.599998,1020.299988,0.0,,1020.299988,1020.299988,,2417.800049,0.42,0.42,0.42,2482.399902,0.41,0.41,0.41,
06/30/1997,5909.200195,,-2944.300049,,2964.900146,,-1440.599976,,,,,1524.300049,137.900003,,30.9,,-7.5,,-161.300003,1662.200052,-477.899994,1184.300049,0.0,,,1184.300058,-29.9,1154.400024,0.0,,1154.400024,1154.400024,,2415.800049,0.48,0.48,0.48,2479.800049,0.465,0.465,0.465,
09/30/1997,5927.700195,,-2991.0,,2936.700195,,-1473.099976,,,,,1463.599976,271.900011,,33.900002,,3.4,,-309.200012,1735.499986,-497.700012,1237.800049,0.0,,,1237.799974,-40.599998,1197.199951,0.0,,1197.199951,1197.199951,,2411.600098,0.495,0.495,0.495,2471.800049,0.485,0.485,0.485,
12/31/1997,6232.0,,-3068.699951,,3163.300049,,-1639.900024,,,,,1523.400024,167.099993,,39.700001,,-8.4,,-198.399994,1690.500017,-429.5,1261.0,0.0,,,1261.000017,-18.700001,1242.300049,0.0,,1242.300049,1242.300049,,2394.199952,0.52,0.52,0.52,2451.800048,0.505,0.505,0.505,
03/31/1998,6058.799805,,-3235.600098,,2823.199707,,-1383.599976,,,,,1439.599976,238.099993,,39.200001,,-5.9,,-271.399994,1677.699969,-470.799988,1206.900024,0.0,,,1206.899981,-42.5,1164.400024,0.0,,1164.400024,1164.400024,,2390.100098,0.487,0.487,0.487,2454.0,0.4745,0.4745,0.4745,
06/30/1998,6470.399902,,-3383.399902,,3087.0,,-1499.800049,,,,,1587.199951,261.600001,,42.599998,,-6.7,,-297.5,1848.799953,-510.0,1338.800049,0.0,,,1338.799953,-22.700001,1316.099976,0.0,,1316.099976,1316.099976,,2389.800049,0.55,0.55,0.55,2451.199951,0.535,0.535,0.535,
09/30/1998,6838.299805,,-3544.100098,,3294.199707,,-1537.599976,,,,,1756.599976,978.299998,,56.900002,,-9.7,,-1025.5,2734.899974,-1348.300049,1386.599976,0.0,,,1386.599925,-19.6,1367.0,0.0,,1367.0,1367.0,,2376.800049,0.575,0.575,0.575,2438.300049,0.56,0.56,0.56,
12/31/1998,7530.700195,,-3762.300049,,3768.400146,,-1911.5,,,,,1856.900024,177.199995,,66.900002,,-22.4,,-221.699997,2034.100019,-555.799988,1478.300049,0.0,,,1478.300032,-77.599998,1400.699951,0.0,,1400.699951,1400.699951,,2360.0,0.59,0.59,0.59,2422.800049,0.58,0.58,0.58,
03/31/1999,7536.7,,-4154.2,,3382.5,,-1679.4,,,,,1703.1,189.2,-8.1,71.4,-79.5,9.4,,-190.5,1892.3,-543.2,1349.1,0.0,,,1349.1,-49.5,1299.6,0.0,,1299.6,1299.6,,2361.9,0.55,0.55,0.55,2424.9,0.54,0.54,0.54,
06/30/1999,8018.2,,-4370.2,,3648.0,,-1667.1,,,,,1980.9,407.0,-20.5,68.9,-89.4,-7.3,,-379.2,2387.9,-852.5,1535.4,0.0,,,1535.4,-57.3,1478.1,0.0,,1478.1,1478.1,,2357.6,0.63,0.63,0.63,2413.6,0.61,0.61,0.61,
09/30/1999,8195.7,,-4365.9,,3829.8,,-1839.8,,,,,1990.0,306.5,-16.2,79.0,-95.2,-20.9,,-269.4,2296.5,-695.1,1601.4,0.0,,,1601.4,-61.8,1539.6,0.0,,1539.6,1539.6,,2343.0,0.65,0.65,0.65,2394.4,0.64,0.64,0.64,
12/31/1999,8963.4,,-4643.9,,4319.5,,-1371.0,,,,,2948.5,-683.4,-3.0,97.6,-100.6,-8.4,,694.8,2265.1,-638.2,1626.9,0.0,,,1626.9,-53.7,1573.2,0.0,,1573.2,1573.2,,2334.6,0.68,0.68,0.68,2387.5,0.66,0.66,0.66,
03/31/2000,8851.4,,-4833.4,,4018.0,,-2019.6,,,,,1998.4,255.8,22.6,117.3,-94.7,-7.8,,-270.6,2254.2,-694.4,1559.8,0.0,,,1559.8,-60.2,1499.6,0.0,0.0,1499.6,1499.6,,2317.5,0.65,0.65,0.65,2363.1,0.63,0.63,0.63,
06/30/2000,9477.1,,-5052.1,,4425.0,,-2072.3,,,,,2352.7,220.4,9.0,116.0,-107.0,-9.7,,-219.7,2573.1,-755.6,1817.5,0.0,,,1817.5,-95.8,1721.7,0.0,0.0,1721.7,1721.7,,2300.2,0.74,0.74,0.74,2345.7,0.73,0.73,0.73,
09/30/2000,10567.5,,-5987.4,,4580.1,,-2061.9,,,,,2518.2,198.2,-3.0,121.8,-124.8,-14.3,,-180.9,2716.4,-805.7,1910.7,0.0,,,1910.7,-74.8,1835.9,0.0,0.0,1835.9,1835.9,,2299.4,0.8,0.8,0.8,2342.9,0.78,0.78,0.78,
12/31/2000,11467.2,,-6570.6,,4896.6,,-2676.8,,,,,2219.8,465.1,-14.8,129.3,-144.1,-12.3,,-438.0,2684.9,-746.7,1938.2,0.0,,,1938.2,-173.7,1764.5,0.0,0.0,1764.5,1764.5,,2304.8,0.77,0.77,0.77,2355.8,0.75,0.75,0.75,
03/31/2001,11345.1,,-7046.5,,4298.6,,-2134.2,,,,,2164.4,288.3,-25.4,110.7,-136.1,-12.6,,-250.3,2452.7,-710.2,1742.5,0.0,,,1742.5,-85.2,1657.3,0.0,0.0,1657.3,1657.3,,2303.7,0.72,0.72,0.72,2345.9,0.71,0.71,0.71,
06/30/2001,11893.1,,-7204.8,,4688.3,,-2320.3,,,,,2368.0,286.2,-6.9,122.7,-129.6,-7.5,,-271.8,2654.2,-778.1,1876.1,0.0,,,1876.1,-60.7,1815.4,0.0,0.0,1815.4,1815.4,,2290.8,0.79,0.79,0.79,2328.2,0.78,0.78,0.78,
09/30/2001,11919.6,,-7082.8,,4836.8,,-2115.6,,,,,2721.2,134.2,7.2,121.8,-114.6,1.5,,-142.9,2855.4,-834.9,2020.5,0.0,,,2020.5,-72.3,1948.2,0.0,0.0,1948.2,1948.2,,2282.9,0.85,0.85,0.85,2312.4,0.84,0.84,0.84,
12/31/2001,12557.9,,-7642.4,,4915.5,,-2191.3,,,,,2724.2,6.7,-0.3,109.5,-109.8,15.1,,-21.5,2730.9,-797.6,1933.3,0.0,,,1933.3,-72.4,1860.9,0.0,0.0,1860.9,1860.9,,2274.0,0.82,0.82,0.82,2301.0,0.81,0.81,0.81,
03/31/2002,12169.3,,-7980.7,,4188.6,,-2046.5,,,,,2142.1,230.1,-3.1,95.3,-98.4,-2.7,,-224.3,2372.2,-696.5,1675.7,0.0,,,1675.7,-50.7,1625.0,0.0,0.0,1625.0,1625.0,,2271.3,0.72,0.72,0.72,2294.8,0.71,0.71,0.71,
06/30/2002,12809.7,,-8292.6,,4517.1,,-2109.0,,,,,2408.1,152.8,-8.0,97.5,-105.5,5.3,,-150.1,2560.9,-750.3,1810.6,0.0,,,1810.6,-59.9,1750.7,0.0,0.0,1750.7,1750.7,,2262.7,0.77,0.77,0.77,2282.8,0.77,0.77,0.77,
09/30/2002,5426.1,,-973.2,,4452.9,,-2114.4,,,,,2338.5,230.9,-6.6,99.9,-106.5,8.3,,-232.6,2569.4,-743.0,1826.4,-116.7,,,1943.1,-59.1,1884.0,0.0,0.0,1884.0,1884.0,,2249.9,0.84,0.79,0.79,2265.9,0.83,0.78,0.78,
12/31/2002,6057.700195,,-1127.699951,,4930.000244,,-2377.199951,,,,,2552.800049,23.700001,,,,,,-23.700001,2576.50005,-762.700012,1813.800049,-76.0,,,1889.800037,,1889.800049,0.0,0.0,1889.800049,1889.800049,,2246.100098,0.84,0.81,0.81,2264.100098,0.83,0.8,0.8,
03/31/2003,13388.4,,-8450.5,,4937.9,,-2476.5,,,,,2461.4,54.3,7.0,95.3,-88.3,-7.1,,-54.2,2515.7,-753.5,1762.2,0.0,,,1762.2,-51.8,1710.4,0.0,0.0,1710.4,1710.4,,2244.3,0.76,0.76,0.8,2262.1,0.76,0.76,0.8,
06/30/2003,13281.2,,-8436.9,,4844.3,,-2533.5,,,,,2310.8,326.6,12.0,94.6,-82.6,-16.3,,-322.3,2637.4,-729.8,1907.6,0.0,,,1907.6,-40.6,1867.0,0.0,0.0,1867.0,1867.0,,2241.4,0.83,0.83,0.83,2261.1,0.83,0.83,0.83,
09/30/2003,5762.0,,-1083.4,,4678.6,,-2240.1,,,,,2438.5,205.4,14.2,81.1,-66.9,-1.7,,-217.9,2643.9,-739.8,1904.1,6.7,,,1897.4,-39.1,1858.3,0.0,0.0,1858.3,1858.3,,2237.0,0.83,0.83,0.83,2253.9,0.82,0.83,0.83,
12/31/2003,5627.100098,,-1227.199951,,4399.900146,,-2527.300049,,,,,1872.599976,-111.7,,80.0,-72.199997,-3.3,,107.199997,1760.899976,-365.700012,1395.199951,0.0,,,1395.199963,0.0,1395.199951,0.0,0.0,1395.199951,1395.199951,,2224.100098,0.63,0.63,0.67,2236.600098,0.62,0.62,0.66,
03/31/2004,5630.8,,-1148.2,,4482.6,,-2448.7,,,,,2033.9,348.6,7.1,72.8,-65.7,-7.8,,-347.9,2382.5,-724.3,1658.2,0.0,,,1658.2,-39.6,1618.6,0.0,0.0,1618.6,1618.6,,2222.6,0.73,0.73,0.72,2232.5,0.73,0.73,0.72,
06/30/2004,6021.7,,-1131.3,,4890.4,,-2618.4,,,,,2272.0,203.6,3.1,71.6,-68.5,14.9,,-221.6,2475.6,-670.7,1804.9,0.0,,,1804.9,-36.8,1768.1,0.0,0.0,1768.1,1768.1,,2221.4,0.8,0.8,0.81,2230.1,0.79,0.79,0.8,
09/30/2004,5538.1,,-1271.0,,4267.1,,-2496.8,,,,,1770.3,80.3,-3.3,72.4,-75.7,2.8,,-79.8,1850.6,-487.4,1363.2,0.0,,,1363.2,-37.6,1325.6,0.0,0.0,1325.6,1325.6,,2218.5,0.6,0.6,0.85,2226.2,0.6,0.6,0.85,
12/31/2004,5748.0,,-1283.6,,4464.4,,-2854.4,,,,,1610.0,-190.0,,76.9,-90.2,-28.3,,231.6,1420.0,-278.7,1141.3,0.0,,,1141.3,-40.2,1101.1,0.0,0.0,1101.1,1101.1,,2217.5,0.5,0.5,0.72,2217.5,0.5,0.5,0.72,
03/31/2005,5362.2,,-1271.4,,4090.8,,-2459.9,,,,,1630.9,320.2,-9.3,84.5,-93.8,-0.7,,-310.2,1951.1,-550.6,1400.5,0.0,,,1400.5,-30.4,1370.1,0.0,0.0,1370.1,1370.1,,2207.2,0.62,0.62,0.62,2210.4,0.62,0.62,0.62,
06/30/2005,5467.5,,-1160.6,,4306.9,,-2702.1,,,,,1604.8,350.4,-5.6,93.1,-98.7,-8.4,,-336.4,1955.2,-1204.3,750.9,0.0,,,750.9,-30.3,720.6,0.0,0.0,720.6,720.6,,2201.8,0.33,0.33,0.62,2206.1,0.33,0.33,0.62,
09/30/2005,5416.2,,-1238.8,,4177.4,,-2603.8,,,,,1573.6,455.7,-22.7,99.6,-122.3,-14.8,,-418.2,2029.3,-577.5,1451.8,0.0,,,1451.8,-30.9,1420.9,0.0,0.0,1420.9,1420.9,,2194.0,0.65,0.65,0.68,2197.0,0.65,0.65,0.67,
12/31/2005,5766.0,,-1301.8,,4464.2,,-3218.7,,,,,1245.5,335.0,-57.8,108.3,-166.1,7.8,,-285.0,1580.5,-400.2,1180.3,0.0,,,1180.3,-60.6,1119.7,0.0,0.0,1119.7,1119.7,,2188.7,0.51,0.51,0.64,2188.7,0.51,0.51,0.64,
03/31/2006,5409.8,,-1082.3,,4327.5,,-2601.6,,,,,1725.9,274.4,-83.5,98.2,-181.7,-0.4,,-190.5,2000.3,-450.4,1549.9,0.0,,,1549.9,-29.9,1520.0,0.0,0.0,1520.0,1520.0,,2184.3,0.7,0.7,0.79,2190.5,0.69,0.69,0.78,
06/30/2006,5771.7,,-1277.7,,4494.0,,-2906.5,,,,,1587.5,550.8,-96.0,91.9,-187.9,7.4,,-462.2,2138.3,-609.0,1529.3,0.0,,,1529.3,-30.0,1499.3,0.0,0.0,1499.3,1499.3,,2181.3,0.69,0.69,0.73,2187.7,0.69,0.69,0.73,
09/30/2006,5410.4,,-1344.5,,4065.9,,-3316.0,,,,,749.9,511.6,-107.3,87.7,-195.0,-11.5,,-392.8,1261.5,-290.2,971.3,0.0,,,971.3,-30.7,940.6,0.0,0.0,940.6,940.6,,2175.2,0.43,0.43,0.51,2185.7,0.43,0.43,0.51,
12/31/2006,6044.1,,-1560.5,,4483.6,,-3304.9,,2345.8,,959.1,1178.7,-236.9,-102.4,97.3,-199.7,-20.5,584.3,-224.5,941.8,-438.0,503.8,0.0,,,503.8,-29.9,473.9,0.0,0.0,473.9,473.9,,2184.6,0.22,0.22,0.5,2184.6,0.22,0.22,0.5,
03/31/2007,5769.4,,-1407.7,,4361.7,,-2829.8,,,,,1531.9,753.1,-79.3,102.4,-181.7,-19.6,,-654.2,2285.0,-550.1,1734.9,0.0,,,1734.9,-30.6,1704.3,0.0,0.0,1704.3,1704.3,,2166.1,0.79,0.79,0.85,2180.0,0.78,0.78,0.84,
06/30/2007,6111.4,,-1433.6,,4677.8,,-3111.9,,,,,1565.9,697.1,-69.0,103.3,-172.3,-12.0,,-616.1,2263.0,-555.8,1707.2,0.0,,,1707.2,-30.8,1676.4,0.0,0.0,1676.4,1676.4,,2167.0,0.77,0.77,0.82,2189.2,0.77,0.77,0.82,
09/30/2007,6074.1,,-1388.9,,4685.2,,-3066.8,,,,,1618.4,476.8,-95.4,91.5,-186.9,-8.3,,-373.1,2095.2,-539.1,1556.1,0.0,,,1556.1,-30.6,1525.5,0.0,0.0,1525.5,1525.5,,2170.5,0.7,0.7,0.76,2192.8,0.7,0.7,0.76,
12/31/2007,6242.8,,-1427.3,,4815.5,,-3555.8,,1719.5,,1836.3,1259.7,-4410.8,-113.1,87.1,-200.2,-14.4,796.3,3742.0,-3151.1,1549.6,-1601.5,0.0,,,-1601.5,-29.4,-1630.9,0.0,0.0,-1630.9,-1630.9,,2177.7,-0.75,-0.75,0.8,2177.7,-0.75,-0.75,0.8,
03/31/2008,5822.1,,-1223.2,,4598.9,,-2932.7,,,,,1666.2,2776.7,-96.9,72.6,-169.5,12.6,,-2692.4,4442.9,-1108.4,3334.5,0.0,,,3334.5,-31.9,3302.6,0.0,0.0,3302.6,3302.6,,2160.3,1.53,1.53,0.9,2174.7,1.52,1.52,0.89,
06/30/2008,6051.8,,-1380.4,,4671.4,,-3099.5,,,,,1571.9,517.5,-92.8,50.6,-143.4,8.7,,-433.4,2089.4,-290.2,1799.2,0.0,,,1799.2,-30.9,1768.3,0.0,0.0,1768.3,1768.3,,2144.5,0.82,0.82,0.856,2154.3,0.82,0.82,0.856,
09/30/2008,5943.9,,-1418.9,,4525.0,,-2870.4,,,,,1654.6,-212.5,-99.9,71.4,-171.3,52.3,,260.1,1442.1,-318.2,1123.9,0.0,,,1123.9,-31.2,1092.7,0.0,0.0,1092.7,1092.7,,2128.5,0.51,0.51,0.8,2135.6,0.51,0.51,0.8,
12/31/2008,6032.5,,-1436.8,,4595.7,,-3049.3,,1862.1,,1187.2,1546.4,410.9,-90.5,56.7,-147.2,73.8,720.0,-1114.2,1957.3,-282.6,1674.7,0.0,,,1674.7,-29.9,1644.8,0.0,0.0,1644.8,1644.8,,2109.9,0.78,0.78,0.88,2113.3,0.78,0.78,0.88,
03/31/2009,5385.2,5385.2,-1333.8,1333.8,4051.4,0.0,-2921.4,1632.9,,1224.2,64.3,1130.0,653.0,-35.6,60.7,-96.3,16.5,-585.8,-48.1,1783.0,-327.2,1455.8,0.0,0.0,0.0,1455.8,-30.8,1425.0,0.0,0.0,1425.0,1664.33,239.33,2107.9,0.67,0.67,0.789568,2109.2,0.67,0.67,0.78347,
06/30/2009,5899.9,5899.9,-1353.9,1353.9,4546.0,0.0,-3162.2,1729.5,,1395.3,37.4,1383.8,583.5,29.5,99.5,-70.0,-20.0,-587.1,-5.9,1967.3,-379.0,1588.3,0.0,0.0,0.0,1588.3,-32.0,1556.3,0.0,-4.8,1551.5,1676.495,124.995,2108.7,0.74,0.74,0.795037,2110.0,0.74,0.74,0.795037,
09/30/2009,6049.7,6049.7,-1430.3,1430.3,4619.4,0.0,-3021.9,1725.5,,1254.0,42.4,1597.5,3479.3,97.3,130.7,-33.4,0.5,-688.2,-2888.9,5076.8,-1621.5,3455.3,0.0,0.0,0.0,3455.3,-31.0,3424.3,0.0,0.0,3424.3,3451.86,27.56,2109.1,1.62,1.62,1.636651,2113.7,1.61,1.61,1.623039,
12/31/2009,10093.0,10093.0,-4901.0,4901.0,5192.0,0.0,-6916.0,3455.0,,1971.0,1490.0,-1724.0,8187.0,156.6,167.1,-10.5,-9.4,-374.0,-7960.2,6463.0,60.0,6523.0,0.0,0.0,0.0,6523.0,-29.0,6494.0,,0.0,6494.0,2488.7,-4005.3,2753.0,2.35,2.35,0.903996,2753.0,2.35,2.35,0.895114,
03/31/2010,11422.0,11422.0,-5216.0,5216.0,6206.0,0.0,-5561.0,3222.0,,2051.0,288.0,645.0,-29.0,169.0,181.0,-12.0,80.0,-138.0,-82.0,616.0,-286.0,330.0,0.0,0.0,0.0,330.0,-31.0,299.0,0.0,0.0,299.0,579.67,280.67,3114.0,0.1,0.1,0.18615,3141.0,0.09,0.09,0.179357,
06/30/2010,11346.0,11346.0,-4549.0,4549.0,6797.0,0.0,-5880.0,3175.0,,2179.0,526.0,917.0,324.0,163.0,185.0,-22.0,-4.0,-43.0,-440.0,1241.0,-461.0,780.0,0.0,0.0,0.0,780.0,-28.0,752.0,0.0,0.0,752.0,603.865,-148.135,3105.0,0.24,0.24,0.194481,3125.0,0.24,0.24,0.192597,
09/30/2010,11124.9,11124.9,-4191.4,4191.4,6933.5,0.0,-5563.9,3217.9,,2296.4,49.6,1369.6,-871.9,149.5,172.6,-23.1,7.9,-236.4,950.9,497.7,-126.0,371.7,0.0,0.0,0.0,371.7,-30.1,341.6,0.0,0.0,341.6,1392.78,1051.18,3078.2,0.11,0.11,0.452466,3101.6,0.11,0.11,0.448915,
12/31/2010,12094.0,12094.0,-4440.0,4440.0,7654.0,0.0,-8217.0,3537.0,,4559.0,121.0,-563.0,-138.0,150.0,177.0,-27.0,130.3,-171.0,28.7,-701.0,201.0,-500.0,0.0,0.0,0.0,-500.0,-31.0,-531.0,0.0,0.0,-531.0,1293.29,1824.29,3081.0,-0.17,-0.17,0.419763,3081.0,-0.17,-0.17,0.419763,
03/31/2011,11580.0,11580.0,-4059.0,4059.0,7521.0,0.0,-5308.0,3164.0,,2158.0,-14.0,2213.0,-484.0,145.0,186.0,-41.0,42.0,-138.0,435.0,1729.0,-658.0,1071.0,0.0,0.0,0.0,1071.0,-28.0,1043.0,0.0,0.0,1043.0,1763.770591,720.770591,3084.0,0.34,0.34,0.57191,3104.0,0.34,0.34,0.57191,
06/30/2011,12151.0,12151.0,-4284.0,4284.0,7867.0,0.0,-6129.0,3525.0,,1936.0,668.0,1738.0,-66.0,131.0,170.0,-39.0,1.0,-55.0,-11.0,1672.0,382.0,2054.0,0.0,0.0,0.0,2054.0,-30.0,2024.0,0.0,0.0,2024.0,2400.04684,376.04684,3086.0,0.65,0.65,0.777721,3110.0,0.65,0.65,0.770915,
09/30/2011,12022.0,12022.0,-4352.0,4352.0,7670.0,0.0,-5413.0,3340.0,,1954.0,119.0,2257.0,95.0,144.0,176.0,-32.0,59.0,-161.0,-137.0,2352.0,-628.0,1724.0,0.0,0.0,0.0,1724.0,-32.0,1692.0,0.0,0.0,1692.0,1904.281637,212.281637,3070.0,0.55,0.55,0.620287,3091.0,0.55,0.55,0.618677,
12/31/2011,12294.0,12294.0,-4176.0,4176.0,8118.0,0.0,-6656.0,3704.0,,2419.0,533.0,1462.0,118.0,131.0,192.0,-61.0,41.0,-257.0,-33.0,1580.0,-37.0,1543.0,0.0,0.0,0.0,1543.0,-31.0,1512.0,0.0,0.0,1512.0,2225.05,713.05,3069.0,0.49,0.49,0.725008,3069.0,0.49,0.49,0.72234,
03/31/2012,11731.0,11731.0,-4037.0,4037.0,7694.0,0.0,-5155.0,3074.0,,1862.0,219.0,2539.0,-32.0,120.0,175.0,-55.0,67.0,-110.0,-45.0,2507.0,-740.0,1767.0,0.0,0.0,0.0,1767.0,-29.0,1738.0,0.0,0.0,1738.0,2029.414665,291.414665,3043.0,0.57,0.57,0.666912,3074.0,0.56,0.56,0.6548,
06/30/2012,12311.0,12311.0,-4112.0,4112.0,8199.0,0.0,-5558.0,3249.0,,2165.0,144.0,2641.0,39.0,96.0,172.0,-76.0,13.0,-142.0,-6.0,2680.0,-860.0,1820.0,0.0,0.0,0.0,1820.0,-27.0,1793.0,0.0,0.0,1793.0,2196.470106,403.470106,3041.0,0.59,0.59,0.722285,3072.0,0.58,0.58,0.711338,
09/30/2012,11488.0,11488.0,-4137.0,4137.0,7351.0,0.0,-5091.0,3063.0,,1918.0,110.0,2260.0,-42.0,131.0,178.0,-47.0,50.0,-158.0,19.0,2218.0,-455.0,1763.0,0.0,0.0,0.0,1763.0,-34.0,1729.0,0.0,0.0,1729.0,1945.908184,216.908184,3045.0,0.57,0.57,0.63905,3079.0,0.56,0.56,0.630448,
12/31/2012,11738.0,11738.0,-4160.0,4160.0,7578.0,0.0,-5805.0,3390.0,,2224.0,191.0,1773.0,-438.0,135.0,190.0,-55.0,55.0,-231.0,479.0,1335.0,-385.0,950.0,0.0,0.0,0.0,950.0,-42.0,908.0,0.0,0.0,908.0,1444.55,536.55,3074.0,0.3,0.3,0.469925,3074.0,0.3,0.3,0.469925,
03/31/2013,10671.0,10671.0,-3959.0,3959.0,6712.0,0.0,-5013.0,2987.0,,1907.0,119.0,1699.0,-149.0,127.0,184.0,-57.0,212.0,-133.0,-57.0,1550.0,66.0,1616.0,0.0,0.0,0.0,1616.0,-23.0,1593.0,0.0,0.0,1593.0,1593.55,0.55,3022.0,0.53,0.53,0.527316,3053.0,0.52,0.52,0.52018,
06/30/2013,11010.0,11010.0,-4284.0,4284.0,6726.0,0.0,-5396.0,3140.0,,2101.0,155.0,1330.0,-85.0,136.0,201.0,-65.0,55.0,-116.0,10.0,1245.0,-310.0,935.0,0.0,0.0,0.0,935.0,-29.0,906.0,0.0,0.0,906.0,1457.2,551.2,2977.0,0.3,0.3,0.489486,3010.0,0.3,0.3,0.483123,
09/30/2013,11032.0,11032.0,-4104.0,4104.0,6928.0,0.0,-5333.0,2803.0,,1660.0,870.0,1595.0,-70.0,148.0,215.0,-67.0,11.0,-102.0,13.0,1525.0,-375.0,1150.0,0.0,0.0,0.0,1150.0,-26.0,1124.0,0.0,0.0,1124.0,1600.55,476.55,2927.0,0.38,0.38,0.546823,2960.0,0.38,0.38,0.540997,
12/31/2013,11319.0,11319.0,-4607.0,4607.0,6712.0,0.0,-5383.0,2982.0,,1836.0,565.0,1329.0,-104.0,126.0,201.0,-75.0,12.0,-53.0,19.0,1225.0,-410.0,815.0,0.0,0.0,0.0,815.0,-34.0,781.0,0.0,0.0,781.0,1538.25,757.25,2959.0,0.26,0.26,0.519855,2959.0,0.26,0.26,0.515914,
03/31/2014,10264.0,10264.0,-3903.0,3903.0,6361.0,0.0,-4433.0,2734.0,,1574.0,125.0,1928.0,163.0,127.0,188.0,-61.0,34.0,,-324.0,2091.0,-360.0,1731.0,0.0,0.0,0.0,1731.0,-26.0,1705.0,0.0,0.0,1705.0,1381.75,-199.25,2934.0,0.58,0.58,0.513207,2971.0,0.57,0.57,0.502935,
06/30/2014,10934.0,10934.0,-4893.0,4893.0,6041.0,0.0,-4800.0,2973.0,,1664.0,163.0,1241.0,650.0,129.0,188.0,-59.0,20.0,-92.0,-707.0,1891.0,142.0,2033.0,0.0,0.0,0.0,2033.0,-29.0,2004.0,0.0,0.0,2004.0,1737.9,-266.1,2917.0,0.69,0.69,0.595783,2949.0,0.68,0.68,0.589766,
09/30/2014,10557.0,10557.0,-4223.0,4223.0,6334.0,0.0,-5010.0,2975.0,,1659.0,376.0,1324.0,166.0,122.0,191.0,-69.0,61.0,-24.0,-325.0,1490.0,-648.0,842.0,0.0,0.0,0.0,842.0,53.0,895.0,0.0,0.0,895.0,1616.55,721.55,2879.0,0.31,0.31,0.561497,2911.0,0.31,0.31,0.55787,
12/31/2014,10482.0,10482.0,-3749.0,3749.0,6733.0,0.0,-5556.0,2924.0,,2283.0,349.0,1177.0,10634.0,88.0,164.0,-76.0,65.0,-16.0,-10771.0,11811.0,-4484.0,7327.0,0.0,0.0,0.0,7327.0,-11.0,7316.0,0.0,0.0,7316.0,1076.65,-6239.35,2880.0,2.54,2.54,0.373837,2880.0,2.54,2.54,0.373559,
03/31/2015,9425.0,9425.0,-3569.0,3569.0,5856.0,0.0,-4420.0,2601.0,,1737.0,82.0,1436.0,-55.0,90.0,164.0,-74.0,95.0,-145.0,15.0,1381.0,-423.0,958.0,0.0,0.0,0.0,958.0,-5.0,953.0,0.0,0.0,953.0,1278.0,325.0,2835.0,0.34,0.34,0.450794,2865.0,0.33,0.33,0.443438,
06/30/2015,9785.0,9785.0,-3754.0,3754.0,6031.0,0.0,-4485.0,2624.0,,1670.0,191.0,1546.0,-739.0,103.0,174.0,-71.0,716.0,-2.0,-78.0,807.0,-119.0,688.0,0.0,0.0,0.0,688.0,-1.0,687.0,0.0,0.0,687.0,1167.85,480.85,2826.0,0.24,0.24,0.413252,2850.0,0.24,0.24,0.408719,
09/30/2015,10073.0,10073.0,-3761.0,3761.0,6312.0,0.0,-4085.0,2472.0,,1500.0,113.0,2227.0,170.0,97.0,165.0,-68.0,228.0,-63.0,-432.0,2397.0,-566.0,1831.0,0.0,0.0,0.0,1831.0,-5.0,1826.0,0.0,0.0,1826.0,1792.044444,-33.955556,2814.0,0.65,0.65,0.636832,2836.0,0.64,0.64,0.628027,
12/31/2015,10215.0,10215.0,-3850.0,3850.0,6365.0,0.0,-4645.0,2615.0,,1797.0,233.0,1720.0,-905.0,94.0,169.0,-75.0,239.0,5.0,567.0,815.0,166.0,981.0,0.0,0.0,0.0,981.0,-5.0,976.0,0.0,0.0,976.0,1794.929448,818.929448,2813.0,0.35,0.35,0.638084,2813.0,0.35,0.35,0.638084,
03/31/2016,9312.0,9312.0,-3572.0,3572.0,5740.0,0.0,-4068.0,2318.0,,1659.0,91.0,1672.0,-48.0,93.0,172.0,-79.0,38.0,-34.0,-49.0,1624.0,-494.0,1130.0,0.0,0.0,0.0,1130.0,-5.0,1125.0,0.0,0.0,1125.0,1582.599651,457.599651,2774.0,0.41,0.41,0.570512,2795.0,0.4,0.4,0.563721,
06/30/2016,9844.0,9844.0,-3578.0,3578.0,6266.0,0.0,-4743.0,2458.0,,2151.0,134.0,1523.0,-19.0,93.0,171.0,-78.0,37.0,-4.0,-107.0,1504.0,-295.0,1209.0,0.0,0.0,0.0,1209.0,-4.0,1205.0,0.0,0.0,1205.0,1881.70456,676.70456,2768.0,0.44,0.44,0.679807,2789.0,0.43,0.43,0.672633,
09/30/2016,10536.0,10536.0,-3409.0,3409.0,7127.0,0.0,-4218.0,2393.0,,1664.0,161.0,2909.0,-22.0,83.0,170.0,-87.0,3.0,-21.0,-43.0,2887.0,-699.0,2188.0,0.0,0.0,0.0,2188.0,-4.0,2184.0,0.0,0.0,2184.0,2397.498638,213.498638,2765.0,0.79,0.79,0.867088,2786.0,0.78,0.78,0.856633,
12/31/2016,10115.0,10115.0,-3332.0,3332.0,6783.0,0.0,-4578.0,2593.0,,1720.0,265.0,2205.0,-721.0,97.0,180.0,-83.0,95.0,-27.0,556.0,1484.0,-300.0,1184.0,0.0,0.0,0.0,1184.0,-7.0,1177.0,0.0,0.0,1177.0,1935.314219,758.314219,2776.0,0.42,0.42,0.697159,2776.0,0.42,0.42,0.693168,
03/31/2017,9434.0,9434.0,-3049.0,3049.0,6385.0,0.0,-4453.0,2472.0,,1830.0,151.0,1932.0,71.0,85.0,182.0,-97.0,-8.0,13.0,-161.0,2003.0,-447.0,1556.0,0.0,0.0,0.0,1556.0,-5.0,1551.0,0.0,0.0,1551.0,2506.206517,955.206517,2745.0,0.56,0.56,0.913008,2766.0,0.56,0.56,0.905339,
06/30/2017,9930.0,9930.0,-3116.0,3116.0,6814.0,0.0,-4448.0,2500.0,,1782.0,166.0,2366.0,73.0,97.0,193.0,-96.0,19.0,-5.0,-184.0,2439.0,-488.0,1951.0,0.0,0.0,0.0,1951.0,-5.0,1946.0,0.0,0.0,1946.0,2778.0,832.0,2734.0,0.71,0.71,1.016094,2752.0,0.71,0.71,1.012326,
09/30/2017,10325.0,10325.0,-3307.0,3307.0,7018.0,0.0,-7025.0,2459.0,,4413.0,153.0,-7.0,207.0,99.0,189.0,-90.0,-6.0,-18.0,-282.0,200.0,-251.0,-51.0,0.0,0.0,0.0,-51.0,-5.0,-56.0,0.0,0.0,-56.0,3213.25,3269.25,2727.0,-0.02,-0.02,1.178309,2727.0,-0.02,-0.02,1.178309,
12/31/2017,10433.0,10433.0,-3440.0,3440.0,6993.0,0.0,-5263.0,2643.0,,2314.0,306.0,1730.0,149.0,90.0,191.0,-101.0,-17.0,-32.0,-190.0,1879.0,-2917.0,-1038.0,0.0,0.0,0.0,-1038.0,-8.0,-1046.0,0.0,0.0,-1046.0,2665.0,3711.0,2715.0,-0.39,-0.39,0.981584,2715.0,-0.39,-0.39,0.976851,
03/31/2018,10037.0,10037.0,-3184.0,3184.0,6853.0,0.0,-5799.0,2508.0,,3196.0,95.0,1054.0,291.0,100.0,185.0,-85.0,7.0,52.0,-450.0,1345.0,-604.0,741.0,0.0,0.0,0.0,741.0,-5.0,736.0,0.0,0.0,736.0,2844.0,2108.0,2695.0,0.27,0.27,1.055288,2710.0,0.27,0.27,1.04786,
06/30/2018,10465.0,10465.0,-3417.0,3417.0,7048.0,0.0,-5010.0,2508.0,,2274.0,228.0,2038.0,48.0,113.0,194.0,-81.0,71.0,-64.0,-168.0,2086.0,-370.0,1716.0,0.0,0.0,0.0,1716.0,-9.0,1707.0,0.0,0.0,1707.0,2854.0,1147.0,2683.0,0.64,0.64,1.063735,2696.0,0.63,0.63,1.055445,
09/30/2018,10794.0,10794.0,-3619.0,3619.0,7175.0,0.0,-4682.0,2443.0,,2068.0,171.0,2493.0,172.0,98.0,190.0,-92.0,42.0,-198.0,-114.0,2665.0,-707.0,1958.0,0.0,0.0,0.0,1958.0,-8.0,1950.0,0.0,0.0,1950.0,3178.0,1228.0,2662.0,0.73,0.73,1.193839,2678.0,0.73,0.73,1.188551,
12/31/2018,10998.0,10998.0,-3289.0,3289.0,7709.0,0.0,-4995.0,2643.0,,2214.0,138.0,2714.0,-110.0,117.0,203.0,-86.0,25.0,52.0,-84.0,2604.0,-826.0,1778.0,0.0,0.0,0.0,1778.0,49.0,1827.0,0.0,0.0,1827.0,2723.16,896.16,2634.0,0.69,0.69,1.03385,2634.0,0.69,0.69,1.030228,
03/31/2019,10816.0,10816.0,-3052.0,3052.0,7764.0,0.0,-4509.0,2425.0,,1931.0,153.0,3255.0,-188.0,120.0,209.0,-89.0,101.0,25.0,-58.0,3067.0,-205.0,2862.0,0.0,0.0,0.0,2862.0,53.0,2915.0,0.0,0.0,2915.0,3175.0,260.0,2585.0,1.13,1.13,1.22824,2603.0,1.12,1.12,1.219885,
06/30/2019,11760.0,11760.0,-3401.0,3401.0,8359.0,0.0,-4960.0,2712.0,,2189.0,59.0,3399.0,-140.0,158.0,233.0,-75.0,27.0,-58.0,13.0,3259.0,-615.0,2644.0,0.0,0.0,0.0,2644.0,26.0,2670.0,0.0,0.0,2670.0,3392.0,722.0,2574.0,1.04,1.04,1.317793,2588.0,1.03,1.03,1.30898,
09/30/2019,12397.0,12397.0,-3990.0,3990.0,8407.0,0.0,-6025.0,2589.0,,3204.0,232.0,2382.0,-35.0,170.0,231.0,-61.0,38.0,-16.0,-157.0,2347.0,-440.0,1907.0,0.0,0.0,0.0,1907.0,-6.0,1901.0,0.0,0.0,1901.0,3873.0,1972.0,2558.0,0.74,0.74,1.514073,2572.0,0.74,0.74,1.506719,
12/31/2019,11868.0,11868.0,-3669.0,3669.0,8199.0,0.0,-5630.0,2888.0,,2548.0,194.0,2569.0,223.0,170.0,220.0,-50.0,21.0,-119.0,-295.0,2792.0,-428.0,2364.0,0.0,0.0,0.0,2364.0,-7.0,2357.0,0.0,0.0,2357.0,2978.0,621.0,2559.0,0.92,0.92,1.163736,2559.0,0.92,0.92,1.162673,
03/31/2020,12057.0,12057.0,-3312.0,3312.0,8745.0,0.0,-4836.0,2555.0,,2209.0,72.0,3909.0,-71.0,187.0,212.0,-25.0,54.0,-52.0,-118.0,3838.0,-619.0,3219.0,0.0,0.0,0.0,3219.0,0.0,3219.0,0.0,0.0,3219.0,3822.0,603.0,2533.0,1.27,1.27,1.508883,2547.0,1.26,1.26,1.496749,
06/30/2020,10872.0,10872.0,-3159.0,3159.0,7713.0,0.0,-4584.0,2378.0,,2123.0,83.0,3129.0,390.0,195.0,209.0,-14.0,24.0,-551.0,-58.0,3519.0,-509.0,3010.0,0.0,0.0,0.0,3010.0,-8.0,3002.0,0.0,0.0,3002.0,3484.0,482.0,2527.0,1.19,1.19,1.37871,2536.0,1.18,1.18,1.370063,
09/30/2020,12246.5,,,,9268.39613,,,,,,,4166.4,,,,,,,,4447.273,,3215.5,,,,,,3215.5,,,3215.5,3613.273,,,1.25,1.25,1.446,,1.25,1.25,1.446,
12/31/2020,12766.714,,,,9553.9704219,,,,,,,4190.8,,,,,,,,4294.091,,3038.5,,,,,,3038.5,,,3038.5,3560.091,,,1.232,1.232,1.398,,1.232,1.232,1.398,
