Date,Revenue,Sales & Services Revenue,Other Revenue,Cost of Revenue,Cost of Goods & Services,Depreciation & Amortization,Gross Profit,Other Operating Income,Operating Expenses,"Selling, General & Admin",Selling & Marketing,General & Administrative,Research & Development,Other Operating Expense,Operating Income (Loss),Non-Operating (Income) Loss,"Interest Expense, Net",Interest Expense,Interest Income,Foreign Exch (Gain) Loss,(Income) Loss from Affiliates,Other Non-Op (Income) Loss,Pretax Income,Income Tax Expense (Benefit),Income (Loss) from Cont Ops,Net Extraordinary Losses (Gains),Discontinued Operations,XO & Accounting Changes,Income (Loss) Incl. MI,Minority Interest,"Net Income, GAAP",Preferred Dividends,Other Adjustments,"Net Income Avail to Common, GAAP","Net Income Avail to Common, Adj",Net Abnormal Losses (Gains),Basic Weighted Avg Shares,"Basic EPS, GAAP",Basic EPS from Cont Ops,"Basic EPS from Cont Ops, Adjusted",Diluted Weighted Avg Shares,"Diluted EPS, GAAP",Diluted EPS from Cont Ops,"Diluted EPS from Cont Ops, Adjusted",Source: Bloomberg
03/31/1990,2977,,,-2550.0,,,427.0,,-206.0,,,,,,221.0,-88.0,,110.0,,0.0,,-22.0,133.0,-51.0,82.0,0.0,,,82.0,0.0,82.0,-6.0,,76.0,76.0,,511.187988,0.15,0.15,,511.187988,0.15,0.15,0.15,
06/30/1990,2784,,,-2256.0,,,528.0,,-261.0,,,,,,267.0,-47.0,,,,0.0,,47.0,220.0,-92.0,128.0,0.0,,,128.0,0.0,128.0,-3.0,,125.0,125.0,,510.424012,0.245,0.245,0.245,510.424012,0.245,0.245,0.245,
09/30/1990,3327,,,-2859.0,,,468.0,,-203.0,,,,,,265.0,-105.0,,119.0,,0.0,,-14.0,160.0,-78.0,82.0,0.0,,,82.0,0.0,82.0,-2.0,,80.0,80.0,,510.395996,0.155,0.155,,510.395996,0.155,0.155,0.155,
12/31/1990,4195,,,-3846.0,,,349.0,,-21.0,,,,,,328.0,-62.0,,99.0,,0.0,,-37.0,266.0,-50.0,216.0,0.0,,,216.0,0.0,216.0,-3.0,,213.0,213.0,,509.947998,0.42,0.42,0.42,509.947998,0.42,0.42,0.42,
03/31/1991,3007,,,-2410.0,,,597.0,,-359.0,,,,,,238.0,-107.0,,95.0,,0.0,,12.0,131.0,-60.0,71.0,0.0,,,71.0,0.0,71.0,-2.0,,69.0,69.0,,508.73999,0.135,0.135,,508.73999,0.135,0.135,0.135,
06/30/1991,3087,,,-2457.0,,,630.0,,-449.0,,,,,,181.0,-72.0,,92.0,,0.0,,-20.0,109.0,-45.0,64.0,0.0,,,64.0,0.0,64.0,-2.0,,62.0,62.0,,510.540009,0.125,0.125,,510.540009,0.125,0.125,0.125,
09/30/1991,3073,,,-2512.0,,,561.0,,-450.0,,,,,,111.0,-51.0,,65.0,,0.0,,-14.0,60.0,-37.0,23.0,0.0,,,23.0,0.0,23.0,-1.0,,22.0,22.0,,512.833984,0.04,0.04,,512.833984,0.04,0.04,0.04,
12/31/1991,3146,,,-2652.0,,,494.0,,-642.0,,,,,,-148.0,-87.0,,89.0,,0.0,,-2.0,-235.0,6.0,-229.0,0.0,,,-229.0,0.0,-229.0,-2.0,,-231.0,-231.0,,514.226014,-0.455,-0.455,-0.455,514.226014,-0.455,-0.455,-0.455,
03/31/1992,2561,,,-2057.0,,,504.0,,-380.0,,,,,,124.0,-88.0,,78.0,,0.0,,10.0,36.0,-12.0,24.0,331.0,,,-307.0,0.0,-307.0,-2.0,,-309.0,-309.0,,555.567993,-0.555,0.04,,555.567993,-0.555,0.04,0.04,
06/30/1992,2804,,,-2346.0,,,458.0,,-156.0,,,,,,302.0,3.0,,71.0,,0.0,,-74.0,305.0,-124.0,181.0,0.0,,,181.0,0.0,181.0,-1.0,,180.0,180.0,,569.367981,0.315,0.315,,569.367981,0.315,0.315,0.315,
09/30/1992,3382,,,-2711.0,,,671.0,,-574.0,,,,,,97.0,-56.0,,70.0,,0.0,,-14.0,41.0,-17.0,24.0,0.0,,,24.0,0.0,24.0,-2.0,,22.0,22.0,,570.367981,0.04,0.04,,570.367981,0.04,0.04,0.04,
12/31/1992,2380,,,-2242.0,,,138.0,,-372.0,,,,,,-234.0,53.0,,72.0,,0.0,,-125.0,-181.0,61.0,-120.0,0.0,,,-120.0,0.0,-120.0,-1.0,,-121.0,-121.0,,572.559998,-0.21,-0.21,-0.21,572.559998,-0.21,-0.21,-0.21,
03/31/1993,2954,,,-2265.0,,,689.0,,-583.0,,,,,,106.0,-56.0,,68.0,,0.0,,-12.0,50.0,-19.0,31.0,23.0,,,8.0,0.0,8.0,-2.0,,6.0,6.0,,573.219971,0.01,0.05,,573.219971,0.01,0.05,0.05,
06/30/1993,3103,,,-2157.0,,,946.0,,-852.0,,,,,,94.0,-62.0,,72.0,,0.0,,-10.0,32.0,-11.0,21.0,0.0,,,21.0,0.0,21.0,-1.0,,20.0,20.0,,573.223999,0.035,0.035,,573.223999,0.035,0.035,0.035,
09/30/1993,2983,,,-2180.0,,,803.0,,-719.0,,,,,,84.0,-60.0,,74.0,,0.0,,-14.0,24.0,6.0,30.0,0.0,,,30.0,0.0,30.0,-1.0,,29.0,29.0,,573.187988,0.05,0.05,,573.187988,0.05,0.05,0.05,
12/31/1993,995,,,-1110.0,,,-115.0,,,,,,,,-115.0,-46.0,,78.0,,0.0,,-32.0,-161.0,73.0,-88.0,0.0,,,-88.0,0.0,-88.0,-2.0,,-90.0,-90.0,,573.187988,-0.155,-0.155,-0.155,573.187988,-0.155,-0.155,-0.155,
03/31/1994,2747,,,-1941.0,,,806.0,,-580.0,,,,,,226.0,-48.0,,77.0,,0.0,,-29.0,178.0,-68.0,110.0,0.0,,,110.0,0.0,110.0,-1.0,,109.0,109.0,,573.164001,0.19,0.19,,573.164001,0.19,0.19,0.19,
06/30/1994,3105,,,-2279.0,,,826.0,,-670.0,,,,,,156.0,-47.0,,43.0,,0.0,,4.0,109.0,-37.0,72.0,0.0,,,72.0,0.0,72.0,-2.0,,70.0,70.0,,573.156006,0.125,0.125,,573.156006,0.125,0.125,0.125,
09/30/1994,3497,,,-2423.0,,,1074.0,,-957.0,,,,,,117.0,61.0,,89.0,,0.0,,-150.0,178.0,-76.0,102.0,0.0,,,102.0,0.0,102.0,-1.0,,101.0,101.0,,573.135986,0.175,0.175,,573.135986,0.175,0.175,0.175,
12/31/1994,3408,,,-2425.0,,,983.0,,-898.0,,,,,,85.0,-74.0,,46.0,,0.0,,28.0,11.0,26.0,37.0,0.0,,,37.0,0.0,37.0,-2.0,,35.0,35.0,,574.263978,0.06,0.06,0.06,574.263978,0.06,0.06,0.06,
03/31/1995,3338,,,-2416.0,,,922.0,,-710.0,,,,,,212.0,-84.0,,91.0,,0.0,,-7.0,128.0,-51.0,77.0,0.0,,,77.0,0.0,77.0,-2.0,,75.0,75.0,,574.374023,0.13,0.13,,574.374023,0.13,0.13,0.13,
06/30/1995,3530,,,-2439.0,,,1091.0,,-840.0,,,,,,251.0,-78.0,,94.0,,0.0,,-16.0,173.0,-65.0,108.0,0.0,,,108.0,0.0,108.0,-1.0,,107.0,107.0,,574.492004,0.185,0.185,,587.007996,0.185,0.185,0.185,
09/30/1995,3494,,,-2392.0,,,1102.0,,-929.0,,,,,,173.0,-61.0,,73.0,,0.0,,-12.0,112.0,-15.0,97.0,4.0,,,93.0,0.0,93.0,-1.0,,92.0,92.0,,574.815979,0.16,0.165,,574.815979,0.16,0.165,0.165,
12/31/1995,3517,,,-2581.0,,,936.0,,-800.0,,,,,,136.0,-739.0,,31.0,,-3.0,,711.0,-603.0,238.0,-365.0,1.0,,,-366.0,0.0,-366.0,0.0,,-366.0,-366.0,,574.799988,-0.64,-0.635,-0.635,574.799988,-0.64,-0.635,-0.635,
03/31/1996,2994,,,-2612.0,,,382.0,,-5.0,,,,,,377.0,-57.0,,86.0,,,,-29.0,320.0,-104.0,216.0,0.0,,,216.0,0.0,216.0,0.0,,216.0,216.0,,574.919983,0.375,0.375,0.195,594.502014,0.37,0.37,0.19,
06/30/1996,3371,,,-2915.0,,,456.0,,-222.0,,,,,,234.0,-69.0,,77.0,,,,-8.0,165.0,-41.0,124.0,0.0,,,124.0,0.0,124.0,0.0,,124.0,124.0,,575.208008,0.215,0.215,0.295,587.164001,0.215,0.215,0.295,
09/30/1996,3438,,,-3062.0,,,376.0,,-58.0,,,,,,318.0,-67.0,,75.0,,,,-8.0,251.0,-87.0,164.0,0.0,,,164.0,0.0,164.0,0.0,,164.0,164.0,,575.216003,0.285,0.285,0.18,593.280029,0.285,0.285,0.18,
12/31/1996,3726,,,-3292.0,,,434.0,,-164.0,,,,,,270.0,-15.0,,19.0,,,,-4.0,255.0,-88.0,167.0,7.0,,,160.0,0.0,160.0,0.0,,160.0,160.0,,575.40802,0.28,0.29,0.265,585.96399,0.275,0.285,0.26,
03/31/1997,3427,,,-2929.0,,,498.0,,-284.0,,,,,,214.0,-49.0,,67.0,,,,-18.0,165.0,-57.0,108.0,0.0,,,108.0,0.0,108.0,0.0,,108.0,108.0,,575.23999,0.185,0.185,0.315,589.242004,0.185,0.185,0.31,
06/30/1997,3104,,,-2642.0,,,462.0,,-174.0,,,,,,288.0,-113.0,,68.0,,,,45.0,175.0,-57.0,118.0,0.0,,,118.0,0.0,118.0,0.0,,118.0,118.0,,575.676025,0.205,0.205,0.275,578.791992,0.205,0.205,0.275,
09/30/1997,3186,,,-2686.0,,,500.0,,-160.0,,,,,,340.0,-44.0,,64.0,,,,-20.0,296.0,-104.0,192.0,0.0,,,192.0,0.0,192.0,0.0,,192.0,192.0,,576.190002,0.335,0.335,0.29,583.713989,0.33,0.33,0.285,
12/31/1997,5951,,,-2799.0,,,3152.0,,-2864.0,,,,,,288.0,-256.0,,9.0,,,,247.0,32.0,2.0,38.0,0.0,,,34.0,0.0,38.0,0.0,,38.0,38.0,,577.197998,0.07,0.07,0.23,581.039978,0.065,0.065,0.23,
03/31/1998,4361,,,-3993.0,,,368.0,,-265.0,,,,,,103.0,245.0,,54.0,,,,-299.0,348.0,-111.0,237.0,0.0,,,237.0,-54.0,183.0,0.0,,183.0,183.0,,577.692016,0.315,0.315,0.13,578.97998,0.315,0.315,0.13,
06/30/1998,4538,,,-3871.0,,,667.0,,-251.0,,,,,,416.0,-12.0,,49.0,,,,-37.0,404.0,-84.0,320.0,0.0,,,320.0,-158.0,162.0,0.0,,162.0,162.0,,579.182007,0.28,0.28,0.28,580.526001,0.28,0.28,0.28,
09/30/1998,4582,,,-4108.0,,,474.0,,-274.0,,,,,,200.0,-48.0,,63.0,,,,-15.0,152.0,-31.0,121.0,0.0,,,121.0,-70.0,51.0,0.0,,51.0,51.0,,582.640015,0.09,0.09,0.125,583.606018,0.085,0.085,0.12,
12/31/1998,4323,,,-3953.0,,,370.0,,-233.0,,,,,,137.0,-340.0,,84.0,,,,256.0,-203.0,84.0,-119.0,0.0,,,-119.0,33.0,-86.0,0.0,,-86.0,-86.0,,603.494019,-0.145,-0.145,0.02,604.367981,-0.145,-0.145,0.02,
03/31/1999,3927,,,-3642.0,,,285.0,,-242.0,,,,,,43.0,285.0,,75.0,,,,-360.0,328.0,-64.0,264.0,0.0,,,264.0,-145.0,119.0,0.0,,119.0,119.0,,618.057984,0.19,0.19,-0.02,618.392028,0.19,0.19,-0.02,
06/30/1999,4444,,,-3891.0,,,553.0,,-254.0,,,,,,299.0,29.0,,71.0,,,,-100.0,328.0,-82.0,246.0,0.0,,,246.0,-112.0,134.0,0.0,,134.0,134.0,,618.107972,0.215,0.215,0.195,618.924012,0.215,0.215,0.195,
09/30/1999,5457,,,-4840.0,,,617.0,,-82.0,,,,,,535.0,-46.0,,72.0,,,,-26.0,489.0,-111.0,378.0,0.0,,,378.0,-148.0,230.0,0.0,,230.0,230.0,,618.783996,0.37,0.37,0.285,619.619996,0.37,0.37,0.285,
12/31/1999,7250,,,-5640.0,,,1610.0,,-1305.0,,,,,,305.0,-67.0,,70.0,,,,-3.0,238.0,-67.0,171.0,0.0,,,171.0,-42.0,129.0,0.0,,129.0,129.0,,622.578002,0.275,0.275,0.235,623.106018,0.275,0.275,0.235,
03/31/2000,6700,,,-6045.0,,,655.0,,-246.0,,,,,,409.0,45.0,,71.0,,,,-116.0,454.0,-145.0,309.0,0.0,,,309.0,-55.0,254.0,0.0,0.0,254.0,254.0,,624.255982,0.405,0.405,0.32,624.570008,0.405,0.405,0.32,
06/30/2000,8680,,,-7612.0,,,1068.0,,-238.0,,,,,,830.0,-38.0,,68.0,,,,-30.0,792.0,-222.0,570.0,0.0,,,570.0,-203.0,367.0,0.0,,367.0,367.0,,624.466004,0.59,0.59,0.59,624.862,0.59,0.59,0.59,
09/30/2000,9169,,,-8226.0,,,943.0,,-273.0,,,,,,670.0,6.0,,53.0,,,,-59.0,676.0,-440.0,236.0,0.0,,,236.0,-115.0,121.0,0.0,,121.0,121.0,,623.69397,0.19,0.19,0.57,624.187988,0.19,0.19,0.57,
12/31/2000,8899,,,-7068.0,,,1831.0,,-1464.0,,,,,,367.0,-880.0,,44.0,,,,836.0,-513.0,325.0,-188.0,136.0,,,-324.0,-125.0,-449.0,-2.0,,-451.0,-451.0,,619.859986,-0.5,-0.505,0.625,619.859986,-0.5,-0.505,0.625,
03/31/2001,7569,,,-6524.0,,,1045.0,,-252.0,,,,,,793.0,73.0,42.0,42.0,,,,-115.0,866.0,-258.0,608.0,-8.0,,,616.0,-107.0,509.0,-2.0,0.0,507.0,507.0,-28.0,617.506,0.81,0.795,0.765,618.146,0.81,0.795,0.765,
06/30/2001,7981,,,-6500.0,,,1481.0,,-283.0,,,,,,1198.0,13.0,42.0,42.0,,,,-55.0,1211.0,-311.0,900.0,28.0,,,872.0,-320.0,552.0,0.0,0.0,552.0,552.0,7.0,618.202,0.895,0.94,0.94,619.254,0.895,0.94,0.94,
09/30/2001,7362,,,-6360.0,,,1002.0,,-259.0,,,,,,743.0,-216.0,50.0,50.0,,,,166.0,527.0,-120.0,407.0,14.0,,,393.0,-223.0,170.0,0.0,0.0,170.0,170.0,126.0,618.618,0.315,0.295,0.5,619.846,0.31,0.295,0.495,
12/31/2001,6803,,,-5124.0,,,1679.0,,-1434.0,,,,,,245.0,-68.0,,39.0,,,,29.0,177.0,-70.0,107.0,1127.0,,,-1020.0,-54.0,-1074.0,-2.0,-15.0,-1091.0,-1091.0,,618.856,-1.45,0.085,0.16,619.362,-1.45,0.085,0.16,
03/31/2002,5423,,,-5063.0,,,360.0,0.0,-237.0,187.0,,,,50.0,123.0,-19.0,64.0,64.0,,,,-45.0,104.0,-39.0,65.0,-13.0,,,78.0,-11.0,67.0,0.0,0.0,67.0,67.0,,619.136,0.11,0.09,0.045,619.672,0.11,0.09,0.045,
06/30/2002,6995,,,-6287.0,,,708.0,,-295.0,,,,,,413.0,-73.0,76.0,76.0,,,,-3.0,340.0,-90.0,250.0,0.0,,,250.0,-82.0,168.0,0.0,0.0,168.0,168.0,25.0,619.614,0.27,0.27,0.31,620.142,0.27,0.27,0.31,
09/30/2002,7283,,,-6705.0,,,578.0,,-300.0,,,,,,278.0,-5.0,75.0,75.0,,,,-70.0,273.0,-154.0,119.0,-13.0,,,132.0,-45.0,87.0,0.0,0.0,87.0,87.0,62.0,619.748,0.14,0.12,0.385,619.94,0.14,0.12,0.22,
12/31/2002,8530,,,-6802.0,,,1728.0,,-1430.0,,,,,,298.0,31.0,53.0,53.0,,,,-84.0,329.0,-100.0,229.0,0.0,,,229.0,-35.0,194.0,0.0,0.0,194.0,194.0,,619.828,0.31,0.31,0.31,619.89,0.31,0.31,0.31,
03/31/2003,9016,,,-8201.0,,,815.0,,-335.0,,,,,,480.0,1.0,66.0,66.0,,,,-67.0,481.0,-166.0,315.0,-22.0,,,337.0,-30.0,307.0,0.0,0.0,307.0,307.0,-4.0,619.83,0.495,0.46,0.46,619.922,0.495,0.46,0.46,
06/30/2003,8553,,,-7818.0,,,735.0,,-271.0,,,,,,464.0,10.0,52.0,52.0,,,,-62.0,474.0,-134.0,340.0,-13.0,,,353.0,-105.0,248.0,0.0,0.0,248.0,248.0,4.0,620.074,0.4,0.38,0.385,620.232,0.4,0.38,0.385,
09/30/2003,9149,,,-8287.0,,,862.0,,-279.0,,,,,,583.0,20.0,55.0,55.0,,,,-75.0,603.0,-178.0,425.0,12.0,,,413.0,-132.0,281.0,0.0,0.0,281.0,281.0,1.0,620.422,0.45,0.47,0.47,620.808,0.45,0.47,0.47,
12/31/2003,9960,,,-9316.0,,,644.0,,-358.0,,,,,,286.0,54.0,13.0,13.0,,,,-67.0,340.0,-106.0,234.0,-286.0,,,520.0,-35.0,485.0,0.0,0.0,485.0,485.0,-15.0,620.694,0.785,0.32,0.295,621.638,0.785,0.32,0.295,
03/31/2004,9600,,,-8825.0,,,775.0,,-338.0,,,,,,437.0,3.0,38.0,38.0,,,,-41.0,440.0,-165.0,275.0,0.0,,,275.0,-17.0,258.0,0.0,0.0,258.0,258.0,,620.392,0.415,0.415,0.415,623.37,0.415,0.415,0.415,
06/30/2004,11376,,,-10230.0,,,1146.0,,-395.0,,,,,,751.0,27.0,51.0,51.0,,,,-78.0,778.0,-214.0,564.0,-4.0,,,568.0,-216.0,352.0,0.0,0.0,352.0,352.0,-1.0,689.262,0.51,0.505,0.505,692.244,0.51,0.505,0.505,
09/30/2004,11112,,,-10244.0,,,868.0,,-393.0,,,,,,475.0,28.0,40.0,40.0,,,,-68.0,503.0,-133.0,370.0,0.0,,,370.0,-148.0,222.0,0.0,0.0,222.0,222.0,74.0,690.074,0.32,0.32,0.425,693.938,0.32,0.32,0.425,
12/31/2004,14306,,,-13033.0,,,1273.0,,-452.0,,,,,,821.0,-62.0,,32.0,,,,30.0,759.0,-215.0,604.0,,,,544.0,-147.0,429.0,0.0,0.0,429.0,429.0,,691.02,0.62,0.62,0.6,694.84,0.615,0.615,0.595,
03/31/2005,11848,,,-8176.0,,,3672.0,,-3126.0,,,,,,546.0,46.0,32.0,32.0,,0.0,,-78.0,592.0,-199.0,393.0,0.0,,,393.0,-69.0,324.0,0.0,0.0,324.0,324.0,28.497,692.012,0.47,0.47,0.51,697.29,0.465,0.465,0.505,
06/30/2005,14899,,,-9717.0,,,5182.0,,-3746.0,,,,,,1436.0,-120.0,35.0,,,,,85.0,1316.0,-334.0,982.0,-5.0,,,987.0,-314.0,673.0,0.0,0.0,673.0,673.0,66.66,694.15,0.97,0.965,1.06,699.836,0.96,0.955,1.05,
09/30/2005,15942,,,-11272.0,,,4670.0,,-3426.0,,,,,,1244.0,-39.0,31.0,,,,,8.0,1205.0,-458.0,747.0,-20.0,,,767.0,3.0,770.0,0.0,0.0,770.0,770.0,19.55,730.274,1.055,1.025,1.05,737.128,1.045,1.015,1.04,
12/31/2005,15911,,,-10487.0,,,5424.0,,-3438.0,,,,,,1986.0,-3.0,250.0,403.0,-55.0,-17.0,,-328.0,1983.0,-723.0,1260.0,-1.0,,,1261.0,4.0,1265.0,0.0,0.0,1265.0,1265.0,,731.588,1.725,1.72,1.795,738.394,1.715,1.705,1.78,
03/31/2006,15175,,,-10307.0,,,4868.0,,-3591.0,,,,,,1277.0,176.0,23.0,23.0,,0.0,,-199.0,1453.0,-685.0,768.0,-13.0,,,781.0,3.0,784.0,0.0,0.0,784.0,784.0,-52.15,730.0,1.075,1.055,0.985,736.0,1.065,1.045,0.975,
06/30/2006,16919,,,-12135.0,,,4784.0,0.0,-2124.0,308.0,,,,1816.0,2660.0,103.0,-9.0,,,,-97.0,3.0,2763.0,-1281.0,1482.0,-264.0,,,1746.0,2.0,1748.0,0.0,0.0,1748.0,1748.0,,721.72,2.42,2.055,1.73,728.32,2.4,2.035,1.71,
09/30/2006,15074,,,-11774.0,,,3300.0,,-619.0,,,,,,2681.0,270.0,-7.0,,,,,-263.0,2951.0,-1330.0,1621.0,0.0,,,1621.0,2.0,1623.0,0.0,0.0,1623.0,1623.0,-86.8,712.66,2.275,2.275,2.155,718.736,2.26,2.26,2.14,
12/31/2006,12567,,,-10298.0,,,2269.0,,-655.0,333.0,,,,322.0,1614.0,188.0,-44.0,,,,-93.0,-51.0,1802.0,-726.0,1076.0,0.0,,,1076.0,3.0,1079.0,0.0,0.0,1079.0,1079.0,,699.208,1.545,1.545,1.245,704.766,1.53,1.53,1.23,
03/31/2007,11651,,,-10080.0,,,1571.0,0.0,-409.0,287.0,,,,122.0,1162.0,171.0,-19.0,0.0,,0.0,-107.0,-45.0,1333.0,-618.0,715.0,0.0,,,715.0,2.0,717.0,0.0,0.0,717.0,717.0,,688.0,1.04,1.04,1.015,694.0,1.035,1.035,1.01,
06/30/2007,15429,,,-12298.0,,,3131.0,0.0,-526.0,327.0,,,,199.0,2605.0,188.0,-20.0,,,,-117.0,-51.0,2793.0,-1234.0,1559.0,8.0,,,1551.0,-1.0,1550.0,0.0,0.0,1550.0,1550.0,,683.0,2.27,2.26,2.25,689.0,2.25,2.24,2.23,
09/30/2007,15533,,,-13557.0,,,1976.0,0.0,-426.0,336.0,,,,90.0,1550.0,197.0,-19.0,,,,-170.0,-8.0,1747.0,-726.0,1021.0,0.0,,,1021.0,0.0,1021.0,0.0,0.0,1021.0,1021.0,,680.0,1.5,1.5,1.49,685.0,1.49,1.49,1.48,
12/31/2007,16999,,,-15539.0,,,1460.0,0.0,-569.0,377.0,,,,192.0,891.0,100.0,17.0,,,,-151.0,34.0,991.0,-323.0,668.0,0.0,,,668.0,0.0,668.0,0.0,0.0,668.0,668.0,,708.0,0.95,0.95,0.71,713.0,0.94,0.94,0.7,
03/31/2008,16606,,,-15165.0,,,1441.0,0.0,-429.0,300.0,,,,129.0,1012.0,287.0,-9.0,,,,-209.0,-69.0,1299.0,-568.0,731.0,0.0,,,731.0,0.0,731.0,0.0,0.0,731.0,731.0,,713.0,1.03,1.03,1.03,717.0,1.02,1.02,1.02,
06/30/2008,20594,,,-18704.0,,,1890.0,0.0,-618.0,361.0,,,,257.0,1272.0,302.0,,,,,-256.0,-46.0,1574.0,-806.0,768.0,-6.0,,,774.0,0.0,774.0,0.0,0.0,774.0,774.0,,710.0,1.09,1.08,1.08,714.0,1.08,1.07,1.07,
09/30/2008,21743,,,-17932.0,,,3811.0,0.0,-457.0,349.0,,,,108.0,3354.0,239.0,,,,,-270.0,31.0,3593.0,-1601.0,1992.0,-72.0,,,2064.0,,2064.0,0.0,0.0,2064.0,2064.0,-75.4,706.849315,2.92,2.82,2.714,711.0,2.9,2.8,2.694,
12/31/2008,13004,,,-11057.0,,,1947.0,0.0,-602.0,374.0,,,,228.0,1345.0,-976.0,,,,,-30.0,1006.0,369.0,-418.0,-49.0,-8.0,,,-41.0,,-41.0,0.0,0.0,-41.0,-41.0,890.9,707.0,-0.06,-0.07,1.318104,707.0,-0.06,-0.07,1.318104,
03/31/2009,9054,8982.0,72.0,-7452.0,7452.0,660.0,1602.0,0.0,-1111.0,291.0,,,,160.0,491.0,31.0,,,,,-47.0,16.0,522.0,-257.0,265.0,-17.0,-17.0,0.0,282.0,0.0,282.0,0.0,0.0,282.0,171.0,-94.0,709.0,0.4,0.37,0.241185,712.0,0.4,0.37,0.237978,
06/30/2009,11838,11792.0,46.0,-9870.0,9870.0,683.0,1968.0,0.0,-988.0,321.0,,,,-16.0,980.0,50.0,,,,,-62.0,12.0,1030.0,-702.0,328.0,-85.0,-85.0,0.0,413.0,0.0,413.0,0.0,0.0,413.0,204.5,-123.5,709.0,0.58,0.46,0.288434,711.0,0.58,0.46,0.286301,
09/30/2009,13139,13077.0,62.0,-11096.0,11096.0,627.0,2043.0,0.0,-1101.0,323.0,,,,151.0,942.0,40.0,,,,,-75.0,35.0,982.0,-590.0,392.0,-21.0,-21.0,0.0,413.0,0.0,413.0,0.0,0.0,413.0,406.3,14.3,709.0,0.58,0.55,0.573061,711.0,0.58,0.55,0.570113,
12/31/2009,14605,14522.0,83.0,-12551.0,12551.0,634.0,2054.0,0.0,-1175.0,328.0,,,,213.0,879.0,28.0,,,,,-114.0,86.0,907.0,-708.0,199.0,-156.0,-156.0,0.0,355.0,0.0,355.0,0.0,0.0,355.0,221.25,22.25,709.0,0.5,0.28,0.312059,711.0,0.5,0.28,0.311294,
03/31/2010,14535,14482.0,53.0,-12859.0,12859.0,649.0,1676.0,0.0,-781.0,298.0,,,,-166.0,895.0,75.0,,,,,-105.0,30.0,970.0,-513.0,457.0,0.0,0.0,0.0,457.0,0.0,457.0,0.0,0.0,457.0,197.0,-260.0,709.0,0.64,0.64,0.277856,711.0,0.64,0.64,0.274318,
06/30/2010,2810,2793.0,17.0,-1265.0,1265.0,416.0,1545.0,0.0,-706.0,118.0,,,,172.0,839.0,-24.0,,,,,-83.0,107.0,815.0,-441.0,374.0,-335.0,-335.0,0.0,709.0,0.0,709.0,0.0,0.0,709.0,486.15,112.15,710.0,1.0,0.53,0.684718,712.0,1.0,0.53,0.684718,
09/30/2010,2878,2839.0,39.0,-1164.0,1164.0,530.0,1714.0,0.0,-741.0,108.0,,108.0,,103.0,973.0,61.0,,,,,-77.0,16.0,1034.0,-567.0,467.0,-229.0,-229.0,0.0,696.0,0.0,696.0,0.0,0.0,696.0,462.45,-4.55,710.0,0.98,0.66,0.651338,712.0,0.98,0.66,0.651338,
12/31/2010,3383,3347.0,36.0,-1442.0,1442.0,680.0,1941.0,0.0,-1177.0,163.0,,163.0,,334.0,764.0,77.0,,,,,-99.0,22.0,841.0,-417.0,424.0,-282.0,-282.0,0.0,706.0,0.0,706.0,0.0,0.0,706.0,515.4,91.4,710.0,0.99,0.6,0.725915,713.0,0.99,0.6,0.725915,
03/31/2011,3687,3656.0,31.0,-1460.0,1460.0,635.0,2227.0,0.0,-1055.0,137.0,,137.0,,283.0,1172.0,-181.0,,,,,-117.0,298.0,991.0,-536.0,455.0,-541.0,-541.0,0.0,996.0,0.0,996.0,0.0,0.0,996.0,633.1,178.1,711.0,1.4,0.64,0.890436,715.0,1.39,0.64,0.889091,
06/30/2011,3700,3680.0,20.0,-1738.0,1738.0,564.0,1962.0,0.0,-1154.0,130.0,,,,460.0,808.0,107.0,,,,,-120.0,13.0,915.0,-617.0,298.0,-698.0,-698.0,0.0,996.0,0.0,996.0,0.0,0.0,996.0,468.35,170.35,713.0,1.4,0.42,0.656872,717.0,1.39,0.42,0.656872,
09/30/2011,3663,3633.0,30.0,-1657.0,1657.0,517.0,2006.0,0.0,-796.0,104.0,,104.0,,175.0,1210.0,93.0,,,,,-123.0,30.0,1303.0,-898.0,405.0,0.0,0.0,0.0,405.0,0.0,405.0,0.0,0.0,405.0,419.7,14.7,711.0,0.57,0.57,0.590295,714.0,0.57,0.57,0.590295,
12/31/2011,3667,3634.0,33.0,-1620.0,1620.0,550.0,2047.0,0.0,-886.0,173.0,,173.0,,163.0,1161.0,57.0,,,,,-102.0,45.0,1218.0,-669.0,549.0,0.0,0.0,0.0,549.0,,549.0,0.0,0.0,549.0,490.6,-58.4,704.0,0.78,0.78,0.696875,707.0,0.78,0.78,0.696875,
03/31/2012,3796,3777.0,19.0,-1470.0,1470.0,574.0,2326.0,0.0,-1010.0,120.0,,120.0,,316.0,1316.0,28.0,,,,,-78.0,50.0,1344.0,-927.0,417.0,0.0,0.0,0.0,417.0,,417.0,0.0,0.0,417.0,476.7,59.7,706.0,0.59,0.59,0.675212,710.0,0.59,0.59,0.674085,
06/30/2012,3752,3718.0,34.0,-1358.0,1358.0,580.0,2394.0,0.0,-979.0,130.0,,130.0,,269.0,1415.0,3.0,,,,,-60.0,57.0,1418.0,-1025.0,393.0,0.0,0.0,0.0,393.0,0.0,393.0,0.0,0.0,393.0,799.65,406.65,706.0,0.56,0.56,1.132649,709.0,0.56,0.56,1.132649,
09/30/2012,4051,3405.0,646.0,-1230.0,1230.0,625.0,2821.0,0.0,-1161.0,179.0,,179.0,,357.0,1660.0,69.0,,,,,-122.0,53.0,1729.0,-1279.0,450.0,0.0,0.0,0.0,450.0,0.0,450.0,0.0,0.0,450.0,437.2,-12.8,706.0,0.64,0.64,0.619263,709.0,0.63,0.63,0.611946,
12/31/2012,4125,4131.0,-6.0,-1128.0,1128.0,699.0,2997.0,0.0,-1422.0,203.0,,203.0,,520.0,1575.0,51.0,,,,,-110.0,59.0,1626.0,-1311.0,315.0,-7.0,-7.0,0.0,322.0,0.0,322.0,0.0,0.0,322.0,374.35,59.35,707.0,0.46,0.45,0.529491,711.0,0.45,0.44,0.523474,
03/31/2013,3793,3784.0,9.0,-993.0,993.0,720.0,2800.0,0.0,-1479.0,172.0,,172.0,,587.0,1321.0,46.0,,,,,-118.0,72.0,1367.0,-987.0,380.0,-3.0,-3.0,0.0,383.0,0.0,383.0,0.0,0.0,383.0,358.0,-22.0,708.0,0.54,0.54,0.50565,712.0,0.54,0.54,0.50565,
06/30/2013,3020,3010.0,10.0,-1046.0,1046.0,626.0,1974.0,0.0,-1180.0,159.0,,159.0,,395.0,794.0,10.0,,,,,-77.0,67.0,804.0,-563.0,241.0,-185.0,-185.0,0.0,426.0,0.0,426.0,0.0,0.0,426.0,281.5,40.5,710.0,0.6,0.34,0.396479,714.0,0.6,0.34,0.396479,
09/30/2013,3019,3000.0,19.0,-1286.0,629.0,,1733.0,0.0,-1021.0,806.0,663.0,143.0,,215.0,712.0,43.0,,,,,-114.0,71.0,755.0,-359.0,396.0,-173.0,-173.0,0.0,569.0,0.0,569.0,0.0,0.0,569.0,446.05,50.05,707.0,0.8,0.56,0.630905,711.0,0.8,0.56,0.630394,
12/31/2013,2461,2435.0,26.0,-1198.0,612.0,,1263.0,0.0,-1084.0,680.0,486.0,194.0,,404.0,179.0,47.0,,,,,-114.0,67.0,226.0,-90.0,136.0,-239.0,-239.0,0.0,375.0,0.0,375.0,0.0,0.0,375.0,170.0,34.0,697.0,0.54,0.2,0.243902,701.0,0.54,0.2,0.243902,
03/31/2014,2710,2690.0,20.0,-1280.0,637.0,,1430.0,0.0,-920.0,729.0,542.0,187.0,,191.0,510.0,88.0,,,,,-137.0,49.0,598.0,-200.0,398.0,-751.0,-751.0,0.0,1149.0,0.0,1149.0,0.0,0.0,1149.0,383.35,-14.65,693.0,1.66,0.58,0.553175,696.0,1.65,0.57,0.548951,
06/30/2014,2908,2888.0,20.0,-1965.0,1285.0,,943.0,0.0,-476.0,139.0,,139.0,,337.0,467.0,44.0,,,,,-120.0,76.0,511.0,-151.0,360.0,-180.0,-180.0,0.0,540.0,0.0,540.0,0.0,0.0,540.0,420.6,60.6,676.0,0.8,0.53,0.622189,679.0,0.8,0.53,0.619249,
09/30/2014,2885,2870.0,15.0,-1445.0,708.0,,1440.0,0.0,-1021.0,714.0,554.0,160.0,,307.0,419.0,34.0,,,,,-89.0,55.0,453.0,-149.0,304.0,-127.0,-127.0,0.0,431.0,0.0,431.0,0.0,0.0,431.0,375.95,71.95,675.0,0.64,0.45,0.556963,678.0,0.64,0.45,0.556121,
12/31/2014,2421,2398.0,23.0,-1437.0,636.0,,984.0,0.0,-1205.0,563.0,395.0,168.0,,642.0,-221.0,20.0,,,,,-78.0,58.0,-201.0,108.0,-93.0,-1019.0,-1019.0,0.0,926.0,0.0,926.0,0.0,0.0,926.0,-913.1,-820.1,675.0,1.37,-0.14,-1.352741,675.0,1.37,-0.14,-1.354963,
03/31/2015,1495,1484.0,11.0,-1332.0,511.0,,163.0,0.0,-572.0,376.0,205.0,171.0,,196.0,-409.0,-11.0,,,,,-36.0,47.0,-420.0,144.0,-276.0,0.0,0.0,0.0,-276.0,,-276.0,0.0,0.0,-276.0,-247.8,28.2,675.0,-0.41,-0.41,-0.367111,675.0,-0.41,-0.41,-0.368222,
06/30/2015,1505,1490.0,15.0,-1279.0,528.0,,226.0,0.0,-586.0,350.0,182.0,168.0,,236.0,-360.0,-32.0,,,,,-26.0,58.0,-392.0,6.0,-386.0,0.0,0.0,0.0,-386.0,0.0,-386.0,0.0,0.0,-386.0,-153.4,232.6,677.0,-0.57,-0.57,-0.226588,677.0,-0.57,-0.57,-0.226588,
09/30/2015,1396,1384.0,12.0,-1169.0,452.0,,227.0,0.0,-1333.0,209.0,84.0,125.0,,1124.0,-1106.0,-39.0,,,,,-36.0,75.0,-1145.0,396.0,-749.0,0.0,,0.0,-749.0,0.0,-749.0,0.0,0.0,-749.0,-146.0,603.0,677.0,-1.11,-1.11,-0.215657,677.0,-1.11,-1.11,-0.219306,
12/31/2015,1200,1164.0,36.0,-1105.0,437.0,,95.0,0.0,-1056.0,224.0,98.0,126.0,,832.0,-961.0,-40.0,,,,,-47.0,87.0,-1001.0,208.0,-793.0,0.0,0.0,0.0,-793.0,0.0,-793.0,0.0,0.0,-793.0,-335.0,458.0,678.0,-1.17,-1.17,-0.4941,678.0,-1.17,-1.17,-0.494484,
03/31/2016,616,612.0,4.0,-779.0,230.0,,-163.0,0.0,-385.0,197.0,46.0,151.0,,188.0,-548.0,-65.0,,,,,-14.0,79.0,-613.0,253.0,-360.0,47.0,47.0,0.0,-407.0,0.0,-407.0,0.0,0.0,-407.0,-272.349954,87.650046,730.0,-0.56,-0.49,-0.373082,730.0,-0.56,-0.49,-0.373082,
06/30/2016,772,761.0,11.0,-732.0,220.0,,40.0,0.0,-181.0,206.0,75.0,131.0,,-25.0,-141.0,-51.0,,,,,-37.0,88.0,-192.0,54.0,-138.0,32.0,32.0,0.0,-170.0,0.0,-170.0,0.0,0.0,-170.0,-158.292683,-20.292683,848.0,-0.2,-0.16,-0.186666,848.0,-0.2,-0.16,-0.186666,
09/30/2016,884,861.0,23.0,-717.0,195.0,,167.0,0.0,-450.0,184.0,80.0,104.0,,266.0,-283.0,-30.0,,,,,-59.0,89.0,-313.0,107.0,-206.0,-14.0,-14.0,0.0,-192.0,0.0,-192.0,0.0,0.0,-192.0,-224.00001,-18.00001,847.0,-0.23,-0.24,-0.264463,847.0,-0.23,-0.24,-0.264463,
12/31/2016,951,936.0,15.0,-791.0,218.0,,160.0,0.0,-195.0,139.0,44.0,95.0,,56.0,-35.0,-11.0,,,,,-65.0,76.0,-46.0,-1337.0,-1383.0,-12.0,-12.0,0.0,-1371.0,0.0,-1371.0,0.0,0.0,-1371.0,-82.385802,1300.614198,847.0,-1.62,-1.63,-0.097268,847.0,-1.62,-1.63,-0.097268,
03/31/2017,921,907.0,14.0,-748.0,192.0,,173.0,0.0,-170.0,131.0,34.0,97.0,,39.0,3.0,-19.0,,,,,-69.0,88.0,-16.0,-34.0,-50.0,4907.0,4907.0,0.0,-4957.0,0.0,-4957.0,0.0,0.0,-4957.0,-110.05,-60.05,849.0,-5.84,-0.06,-0.129623,849.0,-5.84,-0.06,-0.13073,
06/30/2017,946,937.0,9.0,-815.0,223.0,,131.0,0.0,-207.0,128.0,38.0,90.0,,79.0,-76.0,-36.0,,,,,-51.0,87.0,-112.0,-41.0,-153.0,-14.0,-14.0,0.0,-139.0,0.0,-139.0,0.0,0.0,-139.0,-186.95,-33.95,850.0,-0.16,-0.18,-0.219941,850.0,-0.16,-0.18,-0.219941,
09/30/2017,1192,1184.0,8.0,-882.0,241.0,,310.0,0.0,-745.0,138.0,49.0,89.0,,607.0,-435.0,-23.0,,,,,-63.0,86.0,-458.0,-141.0,-599.0,0.0,0.0,0.0,-599.0,0.0,-599.0,0.0,0.0,-599.0,-308.466694,290.533306,850.0,-0.7,-0.7,-0.362902,850.0,-0.7,-0.7,-0.362902,
12/31/2017,1428,1381.0,47.0,-826.0,243.0,,602.0,0.0,-464.0,142.0,47.0,95.0,,322.0,138.0,-6.0,,,,,-73.0,79.0,132.0,-160.0,-28.0,0.0,0.0,0.0,-28.0,0.0,-28.0,0.0,0.0,-28.0,54.875,82.875,850.0,-0.03,-0.03,0.064559,850.0,-0.03,-0.03,0.064559,
03/31/2018,1541,1537.0,4.0,-871.0,281.0,,670.0,0.0,-135.0,100.0,0.0,100.0,,35.0,535.0,-11.0,,,,,-37.0,48.0,524.0,-168.0,356.0,0.0,0.0,0.0,356.0,0.0,356.0,0.0,0.0,356.0,154.0,-202.0,851.0,0.42,0.42,0.180964,852.0,0.42,0.42,0.180964,
06/30/2018,1459,1447.0,12.0,-882.0,270.0,,577.0,0.0,-432.0,105.0,0.0,105.0,,327.0,145.0,-5.0,,,,,-60.0,65.0,140.0,-44.0,96.0,0.0,0.0,0.0,96.0,0.0,96.0,0.0,0.0,96.0,114.17,18.17,854.0,0.11,0.11,0.133689,855.0,0.11,0.11,0.131251,
09/30/2018,1657,1538.0,119.0,-927.0,301.0,,730.0,0.0,-371.0,101.0,0.0,101.0,,270.0,359.0,-2.0,,,,,-64.0,66.0,357.0,-103.0,254.0,0.0,0.0,0.0,254.0,0.0,254.0,0.0,0.0,254.0,152.0,-102.0,848.0,0.3,0.3,0.179245,849.0,0.3,0.3,0.179245,
12/31/2018,1395,1380.0,15.0,-902.0,289.0,,493.0,0.0,-90.0,88.0,0.0,88.0,0.0,2.0,403.0,3.0,,,,,-64.0,61.0,406.0,-16.0,390.0,0.0,0.0,0.0,390.0,0.0,390.0,0.0,0.0,390.0,121.0,-269.0,829.0,0.47,0.47,0.145959,829.0,0.47,0.47,0.145513,
03/31/2019,1235,1200.0,35.0,-813.0,259.0,,422.0,0.0,-362.0,94.0,,94.0,,268.0,60.0,-33.0,,,,,-11.0,44.0,27.0,147.0,174.0,0.0,0.0,0.0,174.0,0.0,174.0,0.0,0.0,174.0,256.0,82.0,819.0,0.21,0.21,0.312576,820.0,0.21,0.21,0.31,
06/30/2019,1394,1381.0,13.0,-877.0,272.0,,517.0,0.0,-293.0,87.0,,87.0,,206.0,224.0,-31.0,,,,,-31.0,62.0,193.0,-32.0,161.0,0.0,0.0,0.0,161.0,0.0,161.0,0.0,0.0,161.0,183.12,22.12,813.0,0.2,0.2,0.22524,814.0,0.2,0.2,0.22524,
09/30/2019,1255,1249.0,6.0,-866.0,244.0,,389.0,0.0,-173.0,82.0,,82.0,,91.0,216.0,-41.0,,,,,-21.0,62.0,175.0,-10.0,165.0,0.0,0.0,0.0,165.0,0.0,165.0,0.0,0.0,165.0,111.0,-54.0,802.0,0.21,0.21,0.138404,803.0,0.21,0.21,0.138404,
12/31/2019,1241,1233.0,8.0,-864.0,248.0,,377.0,0.0,-328.0,93.0,0.0,93.0,0.0,235.0,49.0,-52.0,,,,,-24.0,76.0,-3.0,-17.0,-20.0,0.0,0.0,0.0,-20.0,0.0,-20.0,0.0,0.0,-20.0,57.37,77.37,800.0,-0.03,-0.03,0.071712,800.0,-0.03,-0.03,0.066713,
03/31/2020,1031,1024.0,7.0,-870.0,226.0,,161.0,0.0,-134.0,76.0,,76.0,,58.0,27.0,-76.0,,,,,12.0,64.0,-49.0,3.0,-46.0,0.0,0.0,0.0,-46.0,0.0,-46.0,0.0,0.0,-46.0,-125.0,-79.0,794.0,-0.06,-0.06,-0.157431,794.0,-0.06,-0.06,-0.159496,
06/30/2020,496,490.0,6.0,-756.0,159.0,,-260.0,0.0,-291.0,88.0,,88.0,,203.0,-551.0,-214.0,,,,,152.0,62.0,-765.0,15.0,-750.0,0.0,0.0,0.0,-750.0,0.0,-750.0,0.0,0.0,-750.0,-544.6,205.4,790.0,-0.95,-0.95,-0.689367,790.0,-0.95,-0.95,-0.69,
09/30/2020,757,,,,,,75.9271,,,,,,,,-160.737,,,,,,,,-263.25,,-224.625,,,,,,-224.625,,,-224.625,-223.562,,,-0.295,-0.295,-0.297,,-0.295,-0.295,-0.297,
12/31/2020,802,,,,,,105.062,,,,,,,,-114.387,,,,,,,,-199.25,,-163.881,,,,,,-163.881,,,-163.881,-165.006,,,-0.22,-0.22,-0.215,,-0.22,-0.22,-0.215,
