Date,Net Revenue,Net Interest Income,Total Interest Income,Interest Income,Investment Income,Total Interest Expense,Total Non-Interest Income,Trading Securities G/L,Trading Account Profits/Losses,Investments & Loans Income (Loss),Other Income (Loss),Commissions & Fees Earned,Other Operating Income (Losses),Provision for Loan Losses,Net Revenue after Provisions,Total Non-Interest Expense,Commissions & Fees Paid,Other Operating Expenses,Operating Income (Loss),Non-Operating (Income) Loss,(Income) Loss from Affiliates,Other Non-Operating (Income) Loss,"Pretax Income (Loss), GAAP",Income Tax Expense (Benefit),Income (Loss) from Cont Ops,Net Extraordinary Losses (Gains),Discontinued Operations,Extraordinary & Accounting Items,Income (Loss) incl. Minority Interest,Minority Interest,"Net Income, GAAP",Preferred Dividends,Other Adjustments,"Net Income Avail to Common, GAAP","Net Income Avail to Common, Adj",Net Abnormal Losses (Gains),Basic Weighted Avg Shares,"Basic EPS, GAAP",Basic EPS from Cont Ops,"Basic EPS from Cont Ops, Adjusted",Diluted Weighted Avg Shares,"Diluted EPS, GAAP",Diluted EPS from Cont Ops,"Diluted EPS from Cont Ops, Adjusted",Source: Bloomberg
02/28/1995,2280.0,532.0,2617.0,2617.0,0.0,-2085.0,1748.0,342.0,,,,1376.0,30.0,-118.0,2162.0,-1729.0,67.0,1662.0,433,0.0,,0.0,433.0,-164.0,269.0,0.0,,,269.0,0.0,269.0,-16.0,,253.0,253.0,,1202.859985,0.21,0.21,0.21,1202.859985,0.21,0.21,0.21,
05/31/1995,2574.0,515.0,2555.0,2555.0,0.0,-2040.0,2059.0,553.0,,,,1479.0,27.0,-136.0,2438.0,-1802.0,76.0,1726.0,636,0.0,,0.0,636.0,-233.0,403.0,0.0,,,403.0,0.0,403.0,-16.0,,387.0,387.0,,1221.491943,0.315,0.315,0.315,1221.491943,0.315,0.315,0.315,
08/31/1995,2795.0,617.0,2743.0,2743.0,0.0,-2126.0,2178.0,543.0,,,,1618.0,17.0,-190.0,2605.0,-1951.0,75.0,1876.0,654,0.0,,0.0,654.0,-226.0,428.0,0.0,,,428.0,0.0,428.0,-17.0,,411.0,411.0,,1224.911987,0.335,0.335,0.335,1224.911987,0.335,0.335,0.335,
11/30/1995,2893.0,676.0,2615.0,2615.0,0.0,-1939.0,2217.0,368.0,,,,1825.0,24.0,-287.0,2606.0,-2037.0,71.0,1966.0,569,0.0,,0.0,569.0,-204.0,365.0,0.0,,,365.0,0.0,365.0,-16.0,,349.0,349.0,,1226.264038,0.285,0.285,0.285,1226.264038,0.285,0.285,0.285,
02/29/1996,3223.0,544.0,2794.0,2794.0,0.0,-2250.0,2679.0,816.0,,,,1833.0,30.0,-224.0,2999.0,-2159.0,77.0,2082.0,840,0.0,,0.0,840.0,-322.0,518.0,0.0,,,518.0,0.0,518.0,-16.0,,502.0,502.0,,1213.171996,0.415,0.415,0.415,1241.615968,0.405,0.405,0.405,
05/31/1996,3344.0,564.0,2809.0,2809.0,0.0,-2245.0,2780.0,717.0,,,,2026.0,37.0,-270.0,3074.0,-2230.0,79.0,2151.0,844,0.0,,0.0,844.0,-304.0,540.0,0.0,,,540.0,0.0,540.0,-17.0,,523.0,523.0,,1200.439941,0.435,0.435,0.435,1225.235962,0.43,0.43,0.43,
08/31/1996,3120.0,619.0,3038.0,3038.0,0.0,-2419.0,2501.0,563.0,,,,1915.0,23.0,-302.0,2818.0,-2110.0,76.0,2034.0,708,0.0,,0.0,708.0,-250.0,458.0,0.0,,,458.0,0.0,458.0,-15.0,,443.0,443.0,,1183.764038,0.375,0.375,0.375,1209.76001,0.365,0.365,0.365,
11/30/1996,3551.0,627.0,2647.0,2647.0,0.0,-2020.0,2924.0,649.0,,,,2249.0,26.0,-425.0,3126.0,-2401.0,85.0,2316.0,725,0.0,,0.0,725.0,-261.0,464.0,0.0,,,464.0,0.0,464.0,-18.0,,446.0,446.0,,1174.23596,0.38,0.38,0.38,1202.878052,0.37,0.37,0.37,
02/28/1997,3851.0,660.0,3369.0,3369.0,0.0,-2709.0,3191.0,925.0,,,,2235.0,31.0,-377.0,3474.0,-2546.0,95.0,2451.0,928,0.0,,0.0,928.0,-357.0,571.0,0.0,,,571.0,0.0,571.0,-19.0,,552.0,552.0,,1146.822021,0.48,0.48,0.48,1211.381958,0.455,0.455,0.455,
05/31/1997,3898.0,719.0,3197.0,3197.0,0.0,-2478.0,3179.0,858.0,,,,2285.0,36.0,-378.0,3520.0,-2563.0,113.0,2450.0,957,-74.0,,74.0,883.0,-356.0,527.0,0.0,,,527.0,0.0,527.0,-18.0,,509.0,509.0,,1155.969971,0.44,0.44,0.495,1220.862061,0.42,0.42,0.475,
08/31/1997,4492.0,805.0,3570.0,3570.0,0.0,-2765.0,3687.0,984.0,,,,2662.0,41.0,-385.0,4107.0,-3001.0,130.0,2871.0,1106,0.0,,0.0,1106.0,-428.0,678.0,0.0,,,678.0,0.0,678.0,-15.0,,663.0,663.0,,1156.166016,0.575,0.575,0.575,1220.037964,0.545,0.545,0.545,
11/30/1997,4085.0,593.0,3447.0,3447.0,0.0,-2854.0,3492.0,887.0,,,,2569.0,36.0,-353.0,3732.0,-2375.0,122.0,2253.0,1357,0.0,,0.0,1357.0,-547.0,810.0,0.0,,,810.0,0.0,810.0,-14.0,,796.0,796.0,,1161.972046,0.685,0.685,0.685,1224.18396,0.65,0.65,0.65,
02/28/1998,4440.0,788.0,3933.0,3933.0,0.0,-3145.0,3652.0,975.0,,,,2622.0,55.0,-405.0,4035.0,-2903.0,121.0,2782.0,1132,0.0,,0.0,1132.0,-441.0,691.0,117.0,,,574.0,0.0,574.0,-15.0,,559.0,559.0,,1173.502686,0.475,0.575,0.575,1232.755127,0.455,0.55,0.55,
05/31/1998,4874.0,659.0,4213.0,4213.0,0.0,-3554.0,4215.0,1192.0,,,,2976.0,47.0,-275.0,4599.0,-3202.0,135.0,3067.0,1397,0.0,,0.0,1397.0,-545.0,852.0,0.0,,,852.0,0.0,852.0,-14.0,,838.0,838.0,,1162.653198,0.72,0.72,0.72,1225.250732,0.685,0.685,0.685,
08/31/1998,4121.0,906.0,4283.0,4283.0,0.0,-3377.0,3215.0,325.0,,,,2838.0,52.0,-280.0,3841.0,-2931.0,160.0,2771.0,910,0.0,,0.0,910.0,-284.0,626.0,0.0,,,626.0,0.0,626.0,-14.0,,612.0,612.0,,1146.341064,0.535,0.535,0.535,1209.559204,0.505,0.505,0.505,
11/30/1998,4182.0,569.0,4007.0,4007.0,0.0,-3438.0,3613.0,888.0,,,,2681.0,44.0,-213.0,3969.0,-2708.0,136.0,2572.0,1261,685.0,,-685.0,1946.0,-722.0,1224.0,0.0,,,1224.0,0.0,1224.0,-12.0,,1212.0,1212.0,,1120.218018,1.08,1.08,0.79,1171.06604,1.0355,1.0355,0.745,
02/28/1999,5516.0,603.0,3745.0,3745.0,0.0,-3142.0,4913.0,1924.0,,,,2933.0,56.0,-177.0,5339.0,-3667.0,114.0,3553.0,1672,0.0,,0.0,1672.0,-635.0,1037.0,0.0,,,1037.0,0.0,1037.0,-11.0,,1026.0,1026.0,,1107.872,0.93,0.93,0.93,1169.186,0.88,0.88,0.88,
05/31/1999,5764.0,411.0,3426.0,3426.0,0.0,-3015.0,5353.0,2040.0,,,,3246.0,67.0,-119.0,5645.0,-3787.0,127.0,3660.0,1858,0.0,,0.0,1858.0,-707.0,1151.0,0.0,,,1151.0,0.0,1151.0,-10.0,0.0,1141.0,1141.0,,2216.586328,0.515,0.515,0.515,2346.62274,0.485,0.485,0.485,
08/31/1999,5442.0,715.0,3899.0,3899.0,0.0,-3184.0,4727.0,1221.0,,,,3450.0,56.0,-113.0,5329.0,-3766.0,128.0,3638.0,1563,0.0,,0.0,1563.0,-593.0,970.0,0.0,,,970.0,0.0,970.0,-11.0,,959.0,959.0,,1100.114,0.87,0.87,0.87,1161.402,0.83,0.83,0.83,
11/30/1999,5753.0,636.0,3810.0,3810.0,0.0,-3174.0,5117.0,1370.0,,,,3678.0,69.0,-120.0,5633.0,-2998.0,116.0,2882.0,2635,0.0,,0.0,2635.0,-1002.0,1633.0,0.0,,,1633.0,0.0,1633.0,-12.0,,1621.0,1621.0,,1079.522,1.5,1.5,1.5,1142.086,1.42,1.42,1.42,
02/29/2000,7651.0,817.0,4749.0,4749.0,0.0,-3932.0,6834.0,2703.0,,,,4039.0,92.0,-223.0,7428.0,-4996.0,139.0,4857.0,2432,0.0,,0.0,2432.0,-888.0,1544.0,0.0,,,1544.0,0.0,1544.0,-9.0,0.0,1535.0,1535.0,,1093.904751,1.4,1.4,1.4,1146.854036,1.34,1.34,1.34,
05/31/2000,7292.0,703.0,5123.0,5123.0,0.0,-4420.0,6589.0,2260.0,,,,4238.0,91.0,-204.0,7088.0,-4793.0,149.0,4644.0,2295,0.0,,0.0,2295.0,-837.0,1458.0,0.0,,,1458.0,0.0,1458.0,-9.0,0.0,1449.0,1449.0,,1098.24549,1.32,1.32,1.32,1145.401309,1.26,1.26,1.26,
08/31/2000,6484.0,655.0,5897.0,5897.0,0.0,-5242.0,5829.0,1682.0,,,,4000.0,147.0,-175.0,6309.0,-4434.0,147.0,4287.0,1875,35.0,,-35.0,1910.0,-664.0,1246.0,0.0,,,1246.0,0.0,1246.0,-9.0,,1237.0,1237.0,,1088.218669,1.14,1.14,1.12,1137.304026,1.09,1.09,1.07,
11/30/2000,5382.0,883.0,5465.0,5465.0,0.0,-4582.0,4499.0,909.0,,,,3435.0,155.0,-208.0,5174.0,-3285.0,151.0,3134.0,1889,0.0,,0.0,1889.0,-681.0,1208.0,0.0,,,1208.0,0.0,1208.0,-9.0,0.0,1199.0,1199.0,,1103.064593,1.09,1.09,1.09,1150.486725,1.04,1.04,1.04,
02/28/2001,6509.0,1064.0,7236.0,7236.0,0.0,-6172.0,5445.0,1639.0,,,,3681.0,125.0,-213.0,6296.0,-4596.0,167.0,4429.0,1700,0.0,,0.0,1700.0,-618.0,1082.0,59.0,,,1023.0,-7.0,1016.0,-9.0,0.0,1007.0,1007.0,,1089.270364,0.93,0.98,0.98,1134.150225,0.89,0.94,0.94,
05/31/2001,6199.0,544.0,6950.0,6950.0,0.0,-6406.0,5655.0,1963.0,,,,3553.0,139.0,-231.0,5968.0,-4496.0,177.0,4319.0,1472,0.0,,0.0,1472.0,-535.0,937.0,0.0,,,937.0,-7.0,930.0,-9.0,0.0,921.0,921.0,,1085.305558,0.85,0.85,0.85,1120.687197,0.82,0.82,0.82,
08/31/2001,5463.0,956.0,5825.0,5825.0,,-4869.0,4507.0,1020.0,,,,3377.0,110.0,-277.0,5186.0,-4014.0,176.0,3838.0,1172,0.0,,0.0,1172.0,-423.0,749.0,30.0,,,719.0,-14.0,705.0,-9.0,0.0,696.0,696.0,,1085.447127,0.64,0.67,0.67,1119.301107,0.62,0.65,0.65,
11/30/2001,4974.0,834.0,4116.0,4116.0,0.0,-3282.0,4140.0,553.0,,,,3445.0,142.0,-331.0,4643.0,-3253.0,180.0,3073.0,1390,0.0,,0.0,1390.0,-498.0,892.0,0.0,,,892.0,-22.0,870.0,-5.0,0.0,865.0,865.0,,1078.5,0.8,0.8,0.8,1109.0,0.78,0.78,0.78,
02/28/2002,5610.0,900.0,3836.0,3836.0,0.0,-2936.0,4710.0,1165.0,,,,3349.0,196.0,-345.0,5265.0,-3918.0,179.0,3739.0,1347,0.0,,0.0,1347.0,-477.0,870.0,0.0,,,870.0,-22.0,848.0,0.0,0.0,848.0,848.0,,1082.380245,0.78,0.78,0.78,1112.959092,0.76,0.76,0.76,
05/31/2002,5312.0,1033.0,3877.0,3877.0,0.0,-2844.0,4279.0,680.0,,,,3470.0,129.0,-340.0,4972.0,-3725.0,176.0,3549.0,1247,0.0,,0.0,1247.0,-428.0,819.0,0.0,,,819.0,-22.0,797.0,0.0,0.0,797.0,797.0,,1084.993202,0.73,0.73,0.73,1113.949482,0.72,0.72,0.72,
08/31/2002,4971.0,1188.0,4376.0,4376.0,0.0,-3188.0,3783.0,405.0,,,,3162.0,216.0,-332.0,4639.0,-3670.0,207.0,3463.0,969,0.0,,0.0,969.0,-337.0,632.0,0.0,,,632.0,-21.0,611.0,0.0,0.0,611.0,611.0,,1081.708833,0.57,0.57,0.57,1105.494894,0.55,0.55,0.55,
11/30/2002,4568.0,785.0,3787.0,3787.0,0.0,-3002.0,3783.0,414.0,,,,3239.0,130.0,-319.0,4249.0,-2857.0,212.0,2645.0,1392,-235.0,,235.0,1157.0,-403.0,754.0,0.0,,,754.0,-22.0,732.0,0.0,0.0,732.0,732.0,,1074.7,0.68,0.68,0.82,1095.7,0.67,0.67,0.81,
02/28/2003,5810.0,1101.0,3789.0,3789.0,0.0,-2688.0,4709.0,1534.0,,,,3089.0,86.0,-336.0,5474.0,-4048.0,191.0,3857.0,1426,-34.0,,34.0,1392.0,-465.0,927.0,0.0,,,927.0,-22.0,905.0,0.0,0.0,905.0,905.0,,1079.052442,0.84,0.84,0.84,1099.72414,0.82,0.82,0.82,
05/31/2003,5354.0,545.0,3449.0,3449.0,0.0,-2904.0,4809.0,1729.0,,,,2967.0,113.0,-309.0,5045.0,-4130.0,202.0,3928.0,915,-36.0,,36.0,879.0,-240.0,639.0,0.0,,,639.0,-40.0,599.0,0.0,0.0,599.0,599.0,,1077.386468,0.56,0.56,0.72,1097.478,0.55,0.55,0.71,
08/31/2003,5559.0,454.0,3821.0,3821.0,0.0,-3367.0,5105.0,1856.0,,,,3141.0,108.0,-310.0,5249.0,-3721.0,212.0,3509.0,1528,-105.0,,105.0,1423.0,-342.0,1081.0,-1.0,,,1082.0,-47.0,1035.0,0.0,0.0,1035.0,1035.0,,1077.681,0.96,0.96,0.96,1100.593,0.94,0.94,0.94,
11/30/2003,5399.0,1036.0,4729.0,4729.0,0.0,-3693.0,4363.0,905.0,,,,3313.0,145.0,-312.0,5087.0,-3538.0,233.0,3305.0,1549,-104.0,,104.0,1445.0,-386.0,1059.0,0.0,,,1059.0,-45.0,1014.0,0.0,0.0,1014.0,1014.0,,1077.9,0.94,0.94,0.94,1103.3,0.92,0.92,0.92,
02/29/2004,6503.0,293.0,3782.0,3782.0,0.0,-3489.0,6210.0,2376.0,,,,3711.0,123.0,-262.0,6241.0,-4325.0,224.0,4101.0,1916,-93.0,,93.0,1823.0,-552.0,1271.0,0.0,,,1271.0,-45.0,1226.0,0.0,0.0,1226.0,1226.0,,1078.718,1.14,1.14,1.14,1106.001,1.11,1.11,1.11,
05/31/2004,6851.0,712.0,3663.0,3663.0,0.0,-2951.0,6139.0,2255.0,,,,3764.0,120.0,-200.0,6651.0,-4740.0,237.0,4503.0,1911,-190.0,,190.0,1721.0,-498.0,1223.0,0.0,,,1223.0,0.0,1223.0,0.0,0.0,1223.0,1223.0,,1082.212,1.13,1.13,1.19,1110.357,1.1,1.1,1.16,
08/31/2004,5665.0,1221.0,5410.0,5410.0,0.0,-4189.0,4444.0,820.0,,,,3447.0,177.0,-240.0,5425.0,-4143.0,231.0,3912.0,1282,-77.0,,77.0,1205.0,-343.0,862.0,25.0,,,837.0,0.0,837.0,0.0,0.0,837.0,837.0,,1081.45,0.78,0.8,0.8,1105.55,0.76,0.78,0.78,
11/30/2004,5648.0,1020.0,5733.0,5733.0,0.0,-4713.0,4628.0,1116.0,1116.0,,,3415.0,97.0,-224.0,5424.0,-3734.0,240.0,3494.0,1690,-154.0,77.0,77.0,1613.0,-412.0,1201.0,1.0,,,1200.0,,1200.0,0.0,0.0,1200.0,1200.0,,1076.221276,1.11,1.11,1.11,1098.282118,1.09,1.09,1.09,
02/28/2005,6973.0,1218.0,5843.0,5843.0,,-4625.0,5755.0,1999.0,,,,3651.0,105.0,-135.0,6838.0,-4994.0,260.0,4734.0,1844,178.0,-73.0,-105.0,2022.0,-673.0,1349.0,-53.0,,,1402.0,0.0,1402.0,0.0,0.0,1402.0,1402.0,,1069.097162,1.31,1.26,1.39,1090.166326,1.29,1.24,1.37,
05/31/2005,6240.0,474.0,6035.0,6035.0,0.0,-5561.0,5766.0,2020.0,,,,3625.0,121.0,-209.0,6031.0,-4637.0,276.0,4361.0,1394,-67.0,-67.0,134.0,1327.0,-396.0,931.0,3.0,,,928.0,0.0,928.0,0.0,0.0,928.0,928.0,,1053.812487,0.88,0.88,0.96,1079.811172,0.86,0.86,0.94,
08/31/2005,7171.0,1012.0,6998.0,6998.0,,-5986.0,6159.0,2253.0,,,,3800.0,106.0,-224.0,6947.0,-5205.0,267.0,4938.0,1742,-105.0,-105.0,210.0,1637.0,-471.0,1166.0,1022.0,,,144.0,,144.0,,0.0,144.0,144.0,,1045.874085,0.14,1.12,1.12,1072.033275,0.13,1.09,1.09,
11/30/2005,7272.0,1046.0,9299.0,9299.0,0.0,-8253.0,6226.0,2074.0,2074.0,,,4020.0,132.0,-310.0,6962.0,-4832.0,267.0,4565.0,2130,-132.0,66.0,66.0,2064.0,-318.0,1746.0,533.0,,,1213.0,,1213.0,0.0,0.0,1213.0,1213.0,,1031.343423,2.39,1.69,1.42,1063.147962,2.32,1.64,1.38,
02/28/2006,8707.0,1083.0,10544.0,10544.0,,-9461.0,7624.0,3435.0,,,,4055.0,134.0,-155.0,8552.0,-6092.0,292.0,5800.0,2460,-69.0,-69.0,138.0,2391.0,-789.0,1602.0,28.0,,,1574.0,,1574.0,,0.0,1574.0,1574.0,,1020.041181,1.54,1.57,1.57,1061.764798,1.48,1.51,1.51,
05/31/2006,8834.0,146.0,10111.0,10111.0,,-9965.0,8688.0,4188.0,,,,4375.0,125.0,-130.0,8704.0,-5841.0,340.0,5501.0,2863,23.0,23.0,-46.0,2886.0,-1058.0,1828.0,-13.0,,,1841.0,,1841.0,,0.0,1841.0,1841.0,,1013.241715,1.82,1.81,1.81,1054.733745,1.75,1.74,1.74,
08/31/2006,7064.0,472.0,12021.0,12021.0,,-11549.0,6592.0,3143.0,,,,3330.0,119.0,,7064.0,-4820.0,339.0,4481.0,2244,20.0,20.0,-40.0,2264.0,-676.0,1588.0,-263.0,,,1851.0,,1851.0,,0.0,1851.0,1851.0,,1010.468365,1.83,1.57,1.57,1055.664392,1.75,1.5,1.5,
11/30/2006,5234.0,178.0,10100.0,10100.0,0.0,-9922.0,5056.0,2846.0,,,,2003.0,207.0,285.0,5519.0,-3983.0,334.0,3649.0,1536,-14.0,,14.0,1522.0,-205.0,1317.0,-889.0,,,2206.0,0.0,2206.0,-19.0,0.0,2187.0,2187.0,,997.89231,2.21,1.3,1.02,1052.831345,2.09,1.24,0.97,
02/28/2007,9994.0,973.0,14171.0,14171.0,,-13198.0,9021.0,5038.0,,,,3711.0,272.0,,9994.0,-6538.0,361.0,6177.0,3456,0.0,-26.0,26.0,3430.0,-1116.0,2314.0,-358.0,,,2672.0,,2672.0,-17.0,0.0,2655.0,2655.0,,1009.186993,2.63,2.28,2.28,1057.912545,2.51,2.17,2.17,
05/31/2007,10524.0,-271.0,15400.0,15400.0,,-15671.0,10795.0,5842.0,,,,4632.0,321.0,,10524.0,-7000.0,366.0,6634.0,3524,0.0,-20.0,20.0,3504.0,-1141.0,2363.0,-219.0,,,2582.0,,2582.0,-17.0,0.0,2565.0,2565.0,,996.544761,2.57,2.35,2.35,1045.643087,2.45,2.24,2.24,
08/31/2007,7958.0,1133.0,14405.0,14405.0,,-13272.0,6825.0,1939.0,,,,4624.0,262.0,,7958.0,-5693.0,459.0,5234.0,2265,0.0,-19.0,19.0,2246.0,-772.0,1474.0,-69.0,,,1543.0,,1543.0,-17.0,0.0,1526.0,1526.0,,1002.330181,1.52,1.45,1.45,1057.495875,1.44,1.38,1.38,
11/30/2007,-497.0,946.0,16107.0,16107.0,0.0,-15161.0,-1443.0,-6351.0,,,,4602.0,306.0,0.0,-497.0,-5354.0,470.0,4884.0,-5851,18.0,,-18.0,-5786.0,2198.0,-3588.0,0.0,,,-3588.0,0.0,-3588.0,-17.0,0.0,-3605.0,-3605.0,,999.553568,-3.61,-3.61,-3.61,999.553568,-3.61,-3.61,-3.61,
02/29/2008,8322.0,1103.0,13965.0,13965.0,,-12862.0,7219.0,3044.0,,,,3858.0,317.0,,8322.0,-6108.0,444.0,5664.0,2214,0.0,2.0,-2.0,2216.0,-665.0,1551.0,,,,1551.0,,1551.0,-17.0,0.0,1534.0,1534.0,,1020.802234,1.5,1.5,1.5,1057.867487,1.45,1.45,1.45,
05/31/2008,6510.0,104.0,10117.0,10117.0,,-10013.0,6406.0,939.0,,,,3668.0,1799.0,,6510.0,-5064.0,448.0,4616.0,1446,0.0,19.0,-19.0,1465.0,-439.0,1026.0,,,,1026.0,,1026.0,-14.0,0.0,1012.0,1012.0,,1038.145038,0.97,0.97,0.97,1067.184178,0.95,0.95,0.95,
08/31/2008,8049.0,1142.0,9792.0,9792.0,,-8650.0,6907.0,2151.0,,,,3639.0,1117.0,,8049.0,-6101.0,378.0,5723.0,1948,0.0,8.0,-8.0,1956.0,-531.0,1425.0,,,,1425.0,0.0,1425.0,-11.0,0.0,1414.0,1414.0,,1042.541501,1.36,1.36,1.36,1072.015729,1.32,1.32,1.32,
11/30/2008,1829.0,1232.0,6851.0,6851.0,,-5619.0,597.0,-5253.0,,,,3050.0,2800.0,,1829.0,-5179.0,389.0,4790.0,-3350,,,,-3350.0,1155.0,-2195.0,100.0,,,-2295.0,0.0,-2295.0,-77.0,0.0,-2372.0,-2372.0,,1011.232326,-2.34,-2.24,-2.24,1011.232326,-2.34,-2.24,-2.24,
03/31/2009,2897.0,-64.0,2245.0,2245.0,,-2309.0,2961.0,205.0,205.0,0.0,0.0,2509.0,247.0,,2897.0,-3527.0,248.0,3279.0,-630,0.0,,0.0,-630.0,595.0,-35.0,155.0,155.0,0.0,-190.0,13.0,-177.0,-361.0,-40.0,-578.0,-578.0,804.55,1011.74121,-0.57,-0.41,0.377122,1011.74121,-0.57,-0.41,0.377122,
06/30/2009,5197.0,-197.0,1648.0,1648.0,,-1845.0,5394.0,1607.0,1607.0,0.0,0.0,3397.0,390.0,,5197.0,-5781.0,267.0,5514.0,-584,0.0,,0.0,-584.0,319.0,-265.0,-298.0,-298.0,0.0,33.0,116.0,149.0,-509.0,-896.0,-1256.0,-1256.0,1672.45,1138.44449,-1.1,-1.36,0.104045,1138.44449,-1.1,-1.36,0.104045,
09/30/2009,8468.0,497.0,1851.0,1851.0,,-1354.0,7971.0,3494.0,3494.0,0.0,0.0,4338.0,139.0,,8468.0,-6975.0,285.0,6690.0,1493,0.0,,0.0,1493.0,-521.0,972.0,179.0,179.0,0.0,793.0,-36.0,757.0,-220.0,-39.0,498.0,498.0,615.55,1294.298229,0.39,0.51,0.998649,1300.070107,0.38,0.5,0.973474,
12/31/2009,6836.0,561.0,1754.0,1754.0,,-1193.0,6275.0,1319.0,1319.0,0.0,0.0,4894.0,62.0,,6836.0,-6183.0,390.0,5793.0,653,0.0,,0.0,653.0,-40.0,613.0,-157.0,-157.0,0.0,770.0,-153.0,617.0,-221.0,-20.0,376.0,376.0,383.5,1297.0,0.29,0.18,0.464534,1297.0,0.29,0.18,0.464534,
03/31/2010,9072.0,368.0,1736.0,1736.0,,-1368.0,8704.0,4127.0,4127.0,0.0,0.0,4283.0,294.0,,9072.0,-6557.0,348.0,6209.0,2515,0.0,,0.0,2515.0,-436.0,2079.0,68.0,68.0,0.0,2011.0,-235.0,1776.0,-220.0,-145.0,1411.0,1411.0,-341.7,1314.60802,1.07,1.12,0.865125,1626.207327,0.99,1.03,0.819879,
06/30/2010,7963.0,141.0,1747.0,1747.0,,-1606.0,7822.0,3301.0,3301.0,0.0,0.0,4362.0,159.0,,7963.0,-6260.0,371.0,5889.0,1703,0.0,,0.0,1703.0,-240.0,1463.0,-521.0,-521.0,0.0,1984.0,-24.0,1960.0,-220.0,-162.0,1578.0,1578.0,-748.65,1317.686493,1.2,0.802163,0.234009,1748.208948,1.09,0.791981,0.234009,
09/30/2010,6780.0,103.0,1851.0,1851.0,,-1748.0,6677.0,2261.0,2261.0,0.0,0.0,4229.0,187.0,,6780.0,-5979.0,332.0,5647.0,801,0.0,,0.0,801.0,23.0,824.0,183.0,183.0,0.0,641.0,-510.0,131.0,-220.0,-2.0,-91.0,-91.0,336.230157,1377.230354,-0.07,0.07,0.310936,1443.100524,-0.07,0.05,0.282992,
12/31/2010,7743.0,259.0,1951.0,1951.0,,-1692.0,7484.0,1542.0,1542.0,0.0,0.0,5140.0,802.0,,7743.0,-6552.0,380.0,6172.0,1191,0.0,,0.0,1191.0,-90.0,1101.0,35.0,35.0,0.0,1066.0,-230.0,836.0,-220.0,-16.0,600.0,600.0,589.45,1437.0,0.42,0.44,0.852088,1448.0,0.41,0.44,0.847079,
03/31/2011,7574.0,6.0,1859.0,1859.0,,-1853.0,7568.0,3306.0,3306.0,0.0,0.0,4736.0,-474.0,,7574.0,-6673.0,401.0,6272.0,901,0.0,,0.0,901.0,244.0,1145.0,15.0,15.0,0.0,1130.0,-162.0,968.0,-220.0,-12.0,736.0,736.0,-329.05,1456.015979,0.51,0.52,0.289798,1472.307592,0.5,0.51,0.286507,
06/30/2011,9207.0,-68.0,1961.0,1961.0,,-2029.0,9275.0,3886.0,3886.0,0.0,0.0,5152.0,237.0,,9207.0,-7237.0,410.0,6827.0,1970,0.0,,0.0,1970.0,-538.0,1432.0,26.0,26.0,0.0,1406.0,-213.0,1193.0,-24.0,-1727.0,-558.0,-558.0,-149.0,1464.295984,-0.38,-0.36,-0.46507,1464.295984,-0.38,-0.36,-0.46507,
09/30/2011,9810.0,145.0,1753.0,1753.0,,-1608.0,9665.0,4662.0,4662.0,0.0,0.0,4656.0,347.0,,9810.0,-6125.0,443.0,5682.0,3685,0.0,,0.0,3685.0,-1415.0,2270.0,-23.0,-23.0,0.0,2293.0,-94.0,2199.0,-24.0,-22.0,2153.0,2153.0,-2111.4,1848.246471,1.16,1.15,0.010064,1868.743943,1.15,1.14,0.010064,
12/31/2011,5675.0,270.0,1685.0,1685.0,,-1415.0,5405.0,1109.0,1109.0,0.0,0.0,4204.0,92.0,,5675.0,-6131.0,379.0,5752.0,-456,0.0,,0.0,-456.0,298.0,-158.0,26.0,26.0,0.0,-184.0,-66.0,-250.0,-24.0,-1.0,-275.0,-275.0,-517.0,1850.0,-0.15,-0.13,-0.414054,1850.0,-0.15,-0.13,-0.414054,
03/31/2012,6924.0,-59.0,1542.0,1542.0,,-1601.0,6983.0,2487.0,2487.0,0.0,0.0,4392.0,104.0,,6924.0,-6722.0,403.0,6319.0,202,0.0,,0.0,202.0,-54.0,148.0,14.0,14.0,0.0,134.0,-228.0,-94.0,-24.0,-1.0,-119.0,-119.0,1545.0,1876.961836,-0.06,-0.05,0.767197,1876.961836,-0.06,-0.05,0.767197,
06/30/2012,6942.0,-160.0,1323.0,1323.0,,-1483.0,7102.0,2532.0,2532.0,0.0,0.0,4412.0,158.0,,6942.0,-6005.0,405.0,5600.0,937,0.0,,0.0,937.0,-224.0,713.0,-37.0,-37.0,0.0,750.0,-159.0,591.0,-24.0,-3.0,564.0,564.0,-213.95,1885.179182,0.3,0.28,0.166058,1911.709377,0.29,0.28,0.166058,
09/30/2012,5280.0,-155.0,1379.0,1379.0,,-1534.0,5435.0,897.0,897.0,0.0,0.0,4397.0,141.0,,5280.0,-6763.0,359.0,6404.0,-1483,0.0,,0.0,-1483.0,525.0,-958.0,-2.0,-2.0,0.0,-956.0,-67.0,-1023.0,-24.0,0.0,-1047.0,-1047.0,1693.45,1889.300631,-0.55,-0.55,0.341105,1889.300631,-0.55,-0.55,0.341105,
12/31/2012,6963.0,173.0,1471.0,1471.0,,-1298.0,6790.0,1816.0,1816.0,0.0,0.0,4822.0,152.0,,6963.0,-6102.0,368.0,5734.0,861,0.0,,0.0,861.0,-9.0,852.0,64.0,64.0,0.0,788.0,-194.0,594.0,-26.0,0.0,568.0,568.0,299.55,1892.0,0.3,0.34,0.492363,1937.0,0.29,0.33,0.484646,
03/31/2013,8150.0,182.0,1388.0,1388.0,,-1206.0,7968.0,3032.0,3032.0,0.0,0.0,4737.0,199.0,,8150.0,-6567.0,428.0,6139.0,1583,0.0,,0.0,1583.0,-333.0,1250.0,19.0,19.0,0.0,1231.0,-269.0,962.0,-24.0,-2.0,936.0,936.0,275.1,1901.204729,0.49,0.5,0.647011,1940.264085,0.48,0.49,0.631785,
06/30/2013,8515.0,204.0,1268.0,1268.0,,-1064.0,8311.0,3082.0,3082.0,0.0,0.0,4924.0,305.0,,8515.0,-6719.0,456.0,6263.0,1796,0.0,,0.0,1796.0,-574.0,1222.0,31.0,31.0,0.0,1191.0,-211.0,980.0,-24.0,-153.0,803.0,803.0,-236.0,1907.737175,0.42,0.44,0.31346,1951.362736,0.41,0.43,0.309059,
09/30/2013,7956.0,110.0,1261.0,1261.0,,-1151.0,7846.0,2987.0,2987.0,0.0,0.0,4628.0,231.0,,7956.0,-6591.0,416.0,6175.0,1365,0.0,,0.0,1365.0,-363.0,1002.0,-16.0,-16.0,0.0,1018.0,-112.0,906.0,-24.0,-2.0,880.0,880.0,121.0,1909.350788,0.46,0.45,0.515882,1964.81261,0.45,0.44,0.501583,
12/31/2013,7845.0,282.0,1336.0,1336.0,,-1054.0,7563.0,2035.0,2035.0,0.0,0.0,5224.0,304.0,,7845.0,-8047.0,411.0,7636.0,-202,0.0,,0.0,-202.0,386.0,184.0,11.0,11.0,0.0,173.0,-89.0,84.0,-48.0,0.0,36.0,36.0,981.75,1905.0,0.02,0.02,0.540026,1970.0,0.02,0.02,0.51835,
03/31/2014,8996.0,308.0,1343.0,1343.0,,-1035.0,8688.0,3321.0,3321.0,0.0,0.0,5073.0,294.0,,8996.0,-6626.0,443.0,6183.0,2370,0.0,,0.0,2370.0,-785.0,1585.0,1.0,1.0,0.0,1584.0,-79.0,1505.0,-56.0,0.0,1449.0,1449.0,-73.7,1924.27016,0.75,0.75,0.715232,1969.652798,0.74,0.74,0.702582,
06/30/2014,8608.0,267.0,1250.0,1250.0,,-983.0,8341.0,2743.0,2743.0,0.0,0.0,5392.0,206.0,,8608.0,-6676.0,458.0,6218.0,1932,0.0,,0.0,1932.0,-15.0,1917.0,0.0,0.0,0.0,1917.0,-18.0,1899.0,-79.0,0.0,1820.0,1820.0,-670.0,1928.250328,0.94,0.94,0.596396,1969.698239,0.92,0.92,0.579846,
09/30/2014,8907.0,557.0,1384.0,1384.0,,-827.0,8350.0,2586.0,2586.0,0.0,0.0,5391.0,373.0,,8907.0,-6687.0,437.0,6250.0,2220,0.0,,0.0,2220.0,-463.0,1757.0,5.0,5.0,0.0,1752.0,-59.0,1693.0,-62.0,-2.0,1629.0,1629.0,-137.0,1922.995835,0.85,0.85,0.778473,1970.922473,0.83,0.83,0.760489,
12/31/2014,7764.0,603.0,1436.0,1436.0,,-833.0,7161.0,1563.0,1563.0,0.0,0.0,5375.0,223.0,,7764.0,-10695.0,468.0,10227.0,-2931,0.0,,0.0,-2931.0,1353.0,-1578.0,8.0,8.0,0.0,-1586.0,-44.0,-1630.0,-119.0,0.0,-1749.0,-1749.0,1616.4,1920.0,-0.91,-0.91,-0.064896,1920.0,-0.91,-0.91,-0.068125,
03/31/2015,9970.0,596.0,1484.0,1484.0,,-888.0,9374.0,3916.0,3916.0,0.0,0.0,5224.0,234.0,-63.0,9907.0,-7052.0,463.0,6589.0,2855,0.0,,0.0,2855.0,-387.0,2468.0,5.0,5.0,0.0,2463.0,-69.0,2394.0,-80.0,0.0,2314.0,2314.0,-644.0,1924.122199,1.2,1.21,0.870527,1962.996441,1.18,1.18,0.85193,
06/30/2015,9718.0,698.0,1386.0,1386.0,,-688.0,9020.0,3234.0,3234.0,0.0,0.0,5514.0,272.0,25.0,9743.0,-7016.0,487.0,6529.0,2727,0.0,,0.0,2727.0,-894.0,1833.0,2.0,2.0,0.0,1831.0,-24.0,1807.0,-142.0,0.0,1665.0,1665.0,-119.0,1919.0,0.87,0.87,0.80667,1960.0,0.85,0.85,0.789286,
09/30/2015,7838.0,762.0,1451.0,672.0,779.0,-689.0,7076.0,1907.0,1907.0,0.0,0.0,5160.0,9.0,-9.0,7829.0,-6355.0,485.0,5870.0,1474,0.0,,0.0,1474.0,-423.0,1051.0,2.0,2.0,0.0,1049.0,-31.0,1018.0,-78.0,-1.0,939.0,939.0,-70.0,1904.0,0.49,0.49,0.457458,1949.0,0.48,0.48,0.444084,
12/31/2015,7814.0,1037.0,1514.0,1514.0,,-477.0,6777.0,1598.0,1598.0,0.0,0.0,5016.0,163.0,-76.0,7738.0,-6299.0,457.0,5842.0,1439,0.0,,0.0,1439.0,-496.0,943.0,7.0,7.0,0.0,936.0,-28.0,908.0,-155.0,0.0,753.0,753.0,78.0,1889.0,0.4,0.4,0.443621,1939.0,0.39,0.39,0.430227,
03/31/2016,7920.0,899.0,1747.0,1747.0,,-848.0,7021.0,2031.0,2031.0,0.0,0.0,4782.0,208.0,-128.0,7792.0,-6054.0,465.0,5589.0,1738,0.0,,0.0,1738.0,-578.0,1160.0,3.0,3.0,0.0,1157.0,-23.0,1134.0,-78.0,-1.0,1055.0,1055.0,0.0,1883.0,0.56,0.56,0.56,1915.0,0.55,0.55,0.55,
06/30/2016,8912.0,913.0,1667.0,1667.0,,-754.0,7999.0,2872.0,2872.0,0.0,0.0,4881.0,246.0,-3.0,8909.0,-6426.0,484.0,5942.0,2483,0.0,,0.0,2483.0,-833.0,1650.0,4.0,4.0,0.0,1646.0,-64.0,1582.0,-157.0,0.0,1425.0,1425.0,0.0,1866.0,0.76,0.77,0.77,1899.0,0.75,0.75,0.75,
09/30/2016,8916.0,1003.0,1734.0,919.0,815.0,-731.0,7913.0,2696.0,2696.0,0.0,0.0,4902.0,315.0,-7.0,8909.0,-6528.0,491.0,6037.0,2381,0.0,,0.0,2381.0,-749.0,1632.0,-8.0,-8.0,0.0,1640.0,-43.0,1597.0,-79.0,0.0,1518.0,1518.0,0.0,1838.0,0.83,0.82,0.82,1879.0,0.81,0.8,0.8,
12/31/2016,9027.0,883.0,1868.0,1868.0,,-985.0,8144.0,2770.0,2770.0,0.0,0.0,5174.0,200.0,-6.0,9021.0,-6775.0,480.0,6295.0,2246,0.0,,0.0,2246.0,-566.0,1680.0,0.0,0.0,0.0,1680.0,-14.0,1666.0,-156.0,-1.0,1509.0,1509.0,104.25,1806.0,0.84,0.84,0.893272,1853.0,0.81,0.81,0.86626,
03/31/2017,9770.0,771.0,1965.0,1965.0,,-1194.0,8999.0,3400.0,3400.0,0.0,0.0,5345.0,254.0,-25.0,9745.0,-6937.0,509.0,6428.0,2808,0.0,,0.0,2808.0,-815.0,1993.0,22.0,22.0,0.0,1971.0,-41.0,1930.0,-90.0,0.0,1840.0,1840.0,0.0,1801.0,1.02,1.03,1.03,1842.0,1.0,1.01,1.01,
06/30/2017,9503.0,751.0,2106.0,1311.0,795.0,-1355.0,8752.0,3094.0,3094.0,0.0,0.0,5459.0,199.0,0.0,9503.0,-6861.0,525.0,6336.0,2642,0.0,,0.0,2642.0,-846.0,1796.0,5.0,5.0,0.0,1791.0,-34.0,1757.0,-170.0,0.0,1587.0,1587.0,0.0,1791.0,0.89,0.89,0.89,1830.0,0.87,0.87,0.87,
09/30/2017,9204.0,783.0,2340.0,1521.0,819.0,-1557.0,8421.0,2871.0,2871.0,0.0,0.0,5343.0,207.0,-7.0,9197.0,-6715.0,522.0,6193.0,2482,0.0,,0.0,2482.0,-697.0,1785.0,-6.0,-6.0,0.0,1791.0,-10.0,1781.0,-93.0,0.0,1688.0,1688.0,0.0,1776.0,0.95,0.95,0.95,1818.0,0.93,0.93,0.93,
12/31/2017,9497.0,995.0,2586.0,2586.0,,-1591.0,8502.0,2571.0,2571.0,0.0,0.0,5714.0,217.0,3.0,9500.0,-7029.0,537.0,6492.0,2471,0.0,,0.0,2471.0,-1767.0,704.0,-2.0,-2.0,0.0,706.0,-20.0,686.0,-170.0,0.0,516.0,516.0,1422.3,1752.0,0.29,0.293379,1.105194,1796.0,0.29,0.288886,1.080813,
03/31/2018,11103.0,975.0,2860.0,1896.0,964.0,-1885.0,10128.0,3896.0,3896.0,0.0,0.0,5999.0,233.0,-26.0,11077.0,-7657.0,627.0,7030.0,3420,0.0,,0.0,3420.0,-714.0,2706.0,2.0,2.0,0.0,2704.0,-36.0,2668.0,-93.0,0.0,2575.0,2575.0,0.0,1740.0,1.48,1.48,1.48,1771.0,1.45,1.46,1.46,
06/30/2018,10555.0,906.0,3294.0,2301.0,993.0,-2388.0,9649.0,3440.0,3440.0,0.0,0.0,6021.0,188.0,55.0,10610.0,-7501.0,609.0,6892.0,3109,0.0,,0.0,3109.0,-640.0,2469.0,2.0,2.0,0.0,2467.0,-30.0,2437.0,-170.0,0.0,2267.0,2267.0,0.0,1720.0,1.32,1.319186,1.319186,1748.0,1.3,1.301144,1.301144,
09/30/2018,9874.0,936.0,3627.0,2616.0,1011.0,-2691.0,8938.0,2888.0,2888.0,0.0,0.0,5750.0,300.0,-2.0,9872.0,-7021.0,559.0,6462.0,2851,0.0,,0.0,2851.0,-696.0,2155.0,1.0,1.0,0.0,2154.0,-42.0,2112.0,-93.0,0.0,2019.0,2019.0,0.0,1697.0,1.19,1.190336,1.190336,1727.0,1.17,1.170579,1.170579,
12/31/2018,8560.0,989.0,4111.0,2943.0,1168.0,-3122.0,7571.0,1764.0,1764.0,0.0,0.0,5800.0,7.0,-12.0,8548.0,-6691.0,598.0,6093.0,1857,0.0,,0.0,1857.0,-300.0,1557.0,-1.0,-1.0,0.0,1558.0,-27.0,1531.0,-170.0,0.0,1361.0,1361.0,51.74,1674.0,0.81,0.812425,0.843333,1705.0,0.8,0.799413,0.82976,
03/31/2019,10322.0,1014.0,4290.0,3102.0,1188.0,-3276.0,9308.0,3714.0,3714.0,0.0,0.0,5257.0,337.0,-36.0,10286.0,-7331.0,593.0,6738.0,2955,0.0,,0.0,2955.0,-487.0,2468.0,0.0,0.0,0.0,2468.0,-39.0,2429.0,-93.0,0.0,2336.0,2336.0,0.0,1658.0,1.41,1.41,1.41,1677.0,1.39,1.39,1.39,
06/30/2019,10262.0,1029.0,4506.0,3250.0,1256.0,-3477.0,9233.0,3173.0,3173.0,0.0,0.0,5789.0,271.0,-18.0,10244.0,-7341.0,630.0,6711.0,2903,0.0,,0.0,2903.0,-657.0,2246.0,0.0,0.0,0.0,2246.0,-45.0,2201.0,-170.0,0.0,2031.0,2031.0,0.0,1634.0,1.24,1.24,1.24,1655.0,1.23,1.23,1.23,
09/30/2019,10082.0,1218.0,4350.0,3043.0,1307.0,-3132.0,8864.0,2695.0,2695.0,0.0,0.0,5988.0,181.0,-50.0,10032.0,-7322.0,637.0,6685.0,2710,0.0,,0.0,2710.0,-492.0,2218.0,0.0,0.0,0.0,2218.0,-45.0,2173.0,-113.0,0.0,2060.0,2060.0,0.0,1604.0,1.28,1.28,1.28,1627.0,1.27,1.27,1.27,
12/31/2019,10915.0,1433.0,3952.0,2629.0,1323.0,-2519.0,9482.0,3053.0,3053.0,0.0,0.0,6131.0,298.0,-58.0,10857.0,-8124.0,633.0,7491.0,2733,0.0,,0.0,2733.0,-428.0,2305.0,0.0,0.0,0.0,2305.0,-66.0,2239.0,-154.0,0.0,2085.0,2085.0,14.0,1573.0,1.33,1.33,1.334393,1602.0,1.3,1.3,1.308739,
03/31/2020,10905.0,1356.0,3503.0,2309.0,1194.0,-2147.0,9549.0,3094.0,3094.0,0.0,0.0,6048.0,407.0,-407.0,10498.0,-8352.0,740.0,7612.0,2146,0.0,,0.0,2146.0,-366.0,1780.0,0.0,0.0,0.0,1780.0,-82.0,1698.0,-108.0,0.0,1590.0,1590.0,-31.0,1555.0,1.02,1.02,1.002572,1573.0,1.01,1.01,0.990292,
06/30/2020,13414.0,1600.0,2358.0,1113.0,1245.0,-758.0,11814.0,4958.0,4958.0,,0.0,6509.0,347.0,-246.0,13168.0,-8813.0,716.0,8097.0,4355,0.0,,0.0,4355.0,-1119.0,3236.0,0.0,0.0,0.0,3236.0,-40.0,3196.0,-149.0,0.0,3047.0,3047.0,134.0,1541.0,1.98,1.98,2.064244,1557.0,1.96,1.96,2.046063,
09/30/2020,9932.895,,,,,,,,,,,,,,,,,,1973,,,,2467.0,,1791.833,,,,,,1791.833,,,1791.833,1791.833,,,1.106,1.106,1.102,,1.106,1.106,1.102,
12/31/2020,9781.316,,,,,,,,,,,,,,,,,,1826,,,,2300.75,,1643.583,,,,,,1643.583,,,1643.583,1643.583,,,1.019,1.019,1.0,,1.019,1.019,1.0,
