Date,Revenue,Sales & Services Revenue,Cost of Revenue,Cost of Goods & Services,Gross Profit,Other Operating Income,Operating Expenses,"Selling, General & Admin",Selling & Marketing,General & Administrative,Research & Development,Other Operating Expense,Operating Income (Loss),Non-Operating (Income) Loss,"Interest Expense, Net",Interest Expense,Interest Income,Other Investment (Inc) Loss,Foreign Exch (Gain) Loss,(Income) Loss from Affiliates,Other Non-Op (Income) Loss,Pretax Income,Income Tax Expense (Benefit),Income (Loss) from Cont Ops,Net Extraordinary Losses (Gains),Discontinued Operations,XO & Accounting Changes,Income (Loss) Incl. MI,Minority Interest,"Net Income, GAAP",Preferred Dividends,Other Adjustments,"Net Income Avail to Common, GAAP","Net Income Avail to Common, Adj",Net Abnormal Losses (Gains),Basic Weighted Avg Shares,"Basic EPS, GAAP",Basic EPS from Cont Ops,"Basic EPS from Cont Ops, Adjusted",Diluted Weighted Avg Shares,"Diluted EPS, GAAP",Diluted EPS from Cont Ops,"Diluted EPS from Cont Ops, Adjusted",Source: Bloomberg
09/30/1988,176.393005,,,,,,,,,,,,,,,,,,,,,,,,,,,,,36.582001,,,36.582001,36.582001,,8104.319824,0.004514,0.004514,0.004514,8104.319824,0.004514,0.004514,0.004514,
12/31/1988,209.882004,,,,,,,,,,,,,,,,,,,,,,,,,,,,,47.485001,,,47.485001,47.485001,,8044.517395,0.005903,0.005903,0.005903,8044.517395,0.005903,0.005903,0.005903,
03/31/1989,197.024002,,,,,,,,,,,,,,,,,,,,,,,,,,,,,41.118999,,,41.118999,41.118999,,8111.145081,0.005069,0.005069,0.005069,8111.145081,0.005069,0.005069,0.005069,
06/30/1989,220.231003,,,,,,,,,,,,,,,,,,,,,,,,,,,,,45.352001,,,45.352001,45.352001,,8163.359802,0.005556,0.005556,0.005556,8163.359802,0.005556,0.005556,0.005556,
09/30/1989,235.160995,,-50.758999,,184.401997,,-115.013,,,,,,69.389,3.537,,,,,0.0,,-3.537,72.926,-23.337999,49.588001,0.0,,,49.588001,0.0,49.588001,0.0,,49.588001,49.588001,,8233.920044,0.006042,0.006042,0.006042,8233.920044,0.006042,0.006042,0.006042,
12/31/1989,300.431,,-65.818001,,234.612999,,-127.632004,,,,,,106.981003,2.541,,,,,0.0,,-2.541,109.522003,-35.046001,74.475998,0.0,,,74.476001,0.0,74.475998,0.0,,74.475998,74.475998,,8547.407776,0.008681,0.008681,0.008681,8547.407776,0.008681,0.008681,0.008681,
03/31/1990,310.881989,,-66.096001,,244.785988,,-138.406006,,,,,,106.379997,4.166,,,,,0.0,,-4.166,110.545997,-35.376999,75.168999,0.0,,,75.168998,0.0,75.168999,0.0,,75.168999,75.168999,,8729.279846,0.008611,0.008611,0.008611,8729.279846,0.008611,0.008611,0.008611,
06/30/1990,336.971985,,-69.995003,,266.976982,,-156.488998,,,,,,110.487999,7.082,,,,,0.0,,-7.082,117.569999,-37.616211,79.953003,0.0,,,79.953788,0.0,79.953003,0.0,,79.953003,79.953003,,6114.311856,0.009028,0.009028,0.009028,6114.311856,0.009028,0.009028,0.009028,
09/30/1990,369.399994,,-76.0,,293.399994,,-170.399994,,,,,,123.0,4.0,,,,,0.0,,-4.0,127.0,-39.400002,87.599998,0.0,,,87.599998,0.0,87.599998,0.0,,87.599998,87.599998,,8877.60022,0.009861,0.009861,0.009861,8877.60022,0.009861,0.009861,0.009861,
12/31/1990,460.5,,-93.599998,,366.900002,,-207.600006,,,,,,159.300003,4.2,,,,,0.0,,-4.2,163.500003,-50.599998,112.900002,0.0,,,112.900004,0.0,112.900002,0.0,,112.900002,112.900002,,8906.39978,0.012639,0.012639,0.012639,8906.39978,0.012639,0.012639,0.012639,
03/31/1991,486.899994,,-95.5,,391.399994,,-217.899994,,,,,,173.5,6.0,,,,,0.0,,-6.0,179.5,-55.700001,123.800003,0.0,,,123.799999,0.0,123.800003,0.0,,123.800003,123.800003,,9093.60022,0.013611,0.013611,0.013611,9093.60022,0.013611,0.013611,0.013611,
06/30/1991,526.632019,,-97.488998,,429.143021,,-235.100998,,,,,,194.042007,6.602,,,,,0.0,,-6.602,200.644007,-62.201,138.442993,0.0,,,138.443007,0.0,138.442993,0.0,,138.442993,138.442993,,6963.216048,0.015208,0.015208,0.015208,6963.216048,0.015208,0.015208,0.015208,
09/30/1991,580.5,,-104.5,,476.0,,-273.100006,,,,,,202.899994,8.8,,,,,0.0,,-8.8,211.699994,-67.699997,144.0,0.0,,,143.999997,0.0,144.0,0.0,,144.0,144.0,,9230.400146,0.015625,0.015625,0.015625,9230.400146,0.015625,0.015625,0.015625,
12/31/1991,681.900024,,-115.099998,,566.800026,,-320.700012,,,,,,246.100006,11.6,,,,,0.0,,-11.6,257.700006,-82.5,175.199997,0.0,,,175.200006,0.0,175.199997,0.0,,175.199997,175.199997,,9388.800293,0.01875,0.01875,0.01875,9388.800293,0.01875,0.01875,0.01875,
03/31/1992,680.900024,,-110.099998,,570.800026,,-319.799988,,,,,,251.0,11.9,,,,,0.0,,-11.9,262.9,-84.099998,178.800003,0.0,,,178.800001,0.0,178.800003,0.0,,178.800003,178.800003,,9508.800293,0.01875,0.01875,0.01875,9508.800293,0.01875,0.01875,0.01875,
06/30/1992,815.424988,,-136.723999,,678.700989,,-382.721985,,,,,,295.979004,12.986,,,,,0.0,,-12.986,308.965004,-98.904999,210.059998,0.0,,,210.060005,0.0,210.059998,0.0,,210.059998,210.059998,,7227.83984,0.021875,0.021875,0.021875,7227.83984,0.021875,0.021875,0.021875,
09/30/1992,818.0,,-135.0,,683.0,,-394.0,,,,,,289.0,18.0,,,,,0.0,,-18.0,307.0,-98.0,209.0,0.0,,,209.0,0.0,209.0,0.0,,209.0,209.0,,9568.0,0.021875,0.021875,0.021875,9568.0,0.021875,0.021875,0.021875,
12/31/1992,938.0,,-157.0,,781.0,,-455.0,,,,,,326.0,21.0,,,,,0.0,,-21.0,347.0,-111.0,236.0,0.0,,,236.0,0.0,236.0,0.0,,236.0,236.0,,9696.0,0.024375,0.024375,0.024375,9696.0,0.024375,0.024375,0.024375,
03/31/1993,958.0,,-161.0,,797.0,,-459.0,,,,,,338.0,19.0,,,,,0.0,,-19.0,357.0,-114.0,243.0,0.0,,,243.0,0.0,243.0,0.0,,243.0,243.0,,9728.0,0.025,0.025,0.025,9728.0,0.025,0.025,0.025,
06/30/1993,1039.0,,-180.0,,859.0,,-486.0,,,,,,373.0,17.0,,,,,0.0,,-17.0,390.0,-125.0,265.0,0.0,,,265.0,0.0,265.0,0.0,,265.0,265.0,,9760.0,0.026875,0.026875,0.026875,9760.0,0.026875,0.026875,0.026875,
09/30/1993,983.0,,-159.0,,824.0,,-481.0,,,,,,343.0,19.0,,,,,0.0,,-19.0,362.0,-123.0,239.0,0.0,,,239.0,0.0,239.0,0.0,,239.0,239.0,,9696.0,0.024375,0.024375,0.024375,9696.0,0.024375,0.024375,0.024375,
12/31/1993,1129.0,,-185.0,,944.0,,-529.0,,,,,,415.0,23.0,,,,,0.0,,-23.0,438.0,-149.0,289.0,0.0,,,289.0,0.0,289.0,0.0,,289.0,289.0,,9728.0,0.029687,0.029687,0.029687,9728.0,0.029687,0.029687,0.029687,
03/31/1994,1244.0,,-208.0,,1036.0,,-556.0,,,,,,480.0,-98.0,,,,,0.0,,98.0,382.0,-126.0,256.0,0.0,,,256.0,0.0,256.0,0.0,,256.0,256.0,,9728.0,0.02625,0.02625,0.02625,9728.0,0.02625,0.02625,0.02625,
06/30/1994,1293.0,,-211.0,,1082.0,,-594.0,,,,,,488.0,52.0,,,,,0.0,,-52.0,540.0,-178.0,362.0,0.0,,,362.0,0.0,362.0,0.0,,362.0,362.0,,9872.0,0.036875,0.036875,0.036875,9872.0,0.036875,0.036875,0.036875,
09/30/1994,1247.0,,-186.0,,1061.0,,-624.0,,,,,,437.0,34.0,,,,,0.0,,-34.0,471.0,-155.0,316.0,0.0,,,316.0,0.0,316.0,0.0,,316.0,316.0,,9952.0,0.031875,0.031875,0.031875,9952.0,0.031875,0.031875,0.031875,
12/31/1994,1482.0,,-222.0,,1260.0,,-740.0,,,,,,520.0,37.0,,,,,0.0,,-37.0,557.0,-184.0,373.0,0.0,,,373.0,0.0,373.0,0.0,,373.0,373.0,,10000.0,0.0375,0.0375,0.0375,10000.0,0.0375,0.037499,0.0375,
03/31/1995,1587.0,,-235.0,,1352.0,,-803.0,,,,,,549.0,43.0,,,,,0.0,,-43.0,592.0,-196.0,396.0,0.0,,,396.0,0.0,396.0,0.0,,396.0,396.0,,10016.0,0.039375,0.039375,0.039375,10016.0,0.039375,0.039375,0.039375,
06/30/1995,1621.0,,-234.0,,1387.0,,-855.0,,,,,,532.0,15.0,,,,,0.0,,-15.0,547.0,-179.0,368.0,0.0,,,368.0,0.0,368.0,0.0,,368.0,368.0,,10160.0,0.03625,0.03625,0.03625,10160.0,0.03625,0.03625,0.03625,
09/30/1995,2016.0,,-322.0,,1694.0,,-986.0,,,,,,708.0,62.0,,0.0,,,0.0,,-62.0,770.0,-271.0,499.0,0.0,,,499.0,0.0,499.0,0.0,,499.0,499.0,,10240.0,0.04875,0.04875,0.04875,10240.0,0.04875,0.04875,0.04875,
12/31/1995,2195.0,,-330.0,,1865.0,,-1079.0,,,,,,786.0,99.0,,0.0,,,0.0,,-99.0,885.0,-310.0,575.0,0.0,,,575.0,0.0,575.0,0.0,,575.0,575.0,,10208.0,0.05625,0.05625,0.05625,10208.0,0.05625,0.05625,0.05625,
03/31/1996,2205.0,,-295.0,,1910.0,,-1136.0,,,,,,774.0,90.0,,0.0,,,0.0,,-90.0,864.0,-302.0,562.0,0.0,,,562.0,0.0,562.0,0.0,,562.0,562.0,,10224.0,0.055,0.055,0.055,10224.0,0.055,0.055,0.055,
06/30/1996,2255.0,,-241.0,,2014.0,,-1204.0,,,,,,810.0,50.0,,0.0,,,0.0,,-50.0,860.0,-301.0,559.0,0.0,,,559.0,0.0,559.0,0.0,,559.0,559.0,,10320.0,0.054375,0.054375,0.054375,10320.0,0.054375,0.054375,0.054375,
09/30/1996,2295.0,,-250.0,,2045.0,,-1143.0,,,,,,902.0,43.0,,,,,0.0,,-43.0,945.0,-331.0,614.0,0.0,,,614.0,0.0,614.0,0.0,,614.0,614.0,,9631.375977,0.06375,0.06375,0.06375,10352.0,0.059375,0.059375,0.059375,
12/31/1996,2680.0,,-296.0,,2384.0,,-1303.0,,,,,,1081.0,59.0,,,,,0.0,,-59.0,1140.0,-399.0,741.0,0.0,,,741.0,0.0,741.0,-1.0,,740.0,740.0,,9568.0,0.0775,0.0775,0.0775,10432.0,0.07125,0.07125,0.07125,
03/31/1997,3208.0,,-297.0,,2911.0,,-1343.0,,,,,,1568.0,35.0,,,,,0.0,,-35.0,1603.0,-561.0,1042.0,0.0,,,1042.0,0.0,1042.0,-7.0,,1035.0,1035.0,,9556.0,0.1075,0.1075,0.1075,10548.0,0.1,0.1,0.1,
06/30/1997,3175.0,,-242.0,,2933.0,,-1613.0,,,,,,1320.0,306.0,,,,,0.0,,-306.0,1626.0,-569.0,1057.0,0.0,,,1057.0,0.0,1057.0,-7.0,,1050.0,1050.0,,9609.087888,0.11,0.11,0.11,10616.0,0.1,0.1,0.1,
09/30/1997,3334.0,,-534.0,,2800.0,,-1444.0,,,,,,1356.0,-154.0,,0.0,,,0.0,,154.0,1202.0,-539.0,663.0,0.0,,,663.0,0.0,663.0,-7.0,,656.0,656.0,,9640.0,0.0675,0.0675,0.0975,10660.0,0.06,0.06,0.0875,
12/31/1997,3792.0,,-613.0,,3179.0,,-1566.0,,,,,,1613.0,157.0,,0.0,,,0.0,,-157.0,1770.0,-637.0,1133.0,0.0,,,1133.0,0.0,1133.0,-7.0,,1126.0,1126.0,,9684.0,0.11625,0.11625,0.11625,10668.0,0.105,0.105,0.105,
03/31/1998,3984.0,,-640.0,,3344.0,,-1477.0,,,,,,1867.0,190.0,,0.0,,,0.0,,-190.0,2057.0,-720.0,1337.0,0.0,,,1337.0,0.0,1337.0,-7.0,,1330.0,1330.0,,9732.0,0.135,0.135,0.135,10740.0,0.125,0.125,0.125,
06/30/1998,4152.0,,-673.0,,3479.0,,-1605.0,,,,,,1874.0,214.0,,0.0,,,0.0,,-214.0,2088.0,-731.0,1357.0,0.0,,,1357.0,0.0,1357.0,-7.0,,1350.0,1350.0,,9848.0,0.0675,0.0675,0.0675,10824.0,0.0625,0.0625,0.0625,
09/30/1998,4193.0,,-649.0,,3544.0,,-1462.0,,,,,,2082.0,421.0,,0.0,,,0.0,,-421.0,2503.0,-820.0,1683.0,0.0,,,1683.0,0.0,1683.0,-7.0,,1676.0,1676.0,,9916.0,0.17,0.17,0.16,10868.0,0.155,0.155,0.145,
12/31/1998,5195.0,,-788.0,,4407.0,,-1693.0,,,,,,2714.0,337.0,,0.0,,,0.0,,-337.0,3051.0,-1068.0,1983.0,0.0,,,1983.0,0.0,1983.0,-7.0,,1976.0,1976.0,,9996.0,0.1975,0.1975,0.1975,10920.0,0.18,0.18,0.18,
03/31/1999,4595.0,,-708.0,,3887.0,,-1658.0,,,,,,2229.0,720.0,,0.0,,,0.0,,-720.0,2949.0,-1032.0,1917.0,0.0,,,1917.0,0.0,1917.0,-7.0,,1910.0,1910.0,,10110.0,0.19,0.19,0.19,11024.0,0.175,0.175,0.175,
06/30/1999,5764.0,,-669.0,,5095.0,,-2192.0,,,,,,2903.0,485.0,,0.0,,,0.0,,-485.0,3388.0,-1186.0,2202.0,0.0,,,2202.0,0.0,2202.0,-7.0,,2195.0,2195.0,,10200.0,0.215,0.215,0.215,11042.0,0.2,0.2,0.2,
09/30/1999,5384.0,,-712.0,,4672.0,,-1905.0,,,,,,2767.0,553.0,,0.0,-265.0,,0.0,,-288.0,3320.0,-1129.0,2191.0,0.0,,,2191.0,0.0,2191.0,-7.0,0.0,2184.0,2184.0,,10218.0,0.215,0.215,0.205076,10920.0,0.2,0.2,0.190715,
12/31/1999,6112.0,,-756.0,,5356.0,,-2444.0,,,,,,2912.0,779.0,,0.0,-281.0,,0.0,,-498.0,3691.0,-1255.0,2436.0,0.0,,,2436.0,0.0,2436.0,-6.0,0.0,2430.0,2430.0,,10326.0,0.235,0.235,0.25,11076.0,0.22,0.22,0.235,
03/31/2000,5656.0,,-752.0,,4904.0,,-2208.0,,,,,,2696.0,917.0,,0.0,-331.0,,0.0,,-586.0,3613.0,-1228.0,2385.0,0.0,,,2385.0,0.0,2385.0,0.0,0.0,2385.0,2385.0,,10418.0,0.23,0.23,0.23,11086.0,0.215,0.215,0.215,
06/30/2000,5804.0,,-782.0,,5022.0,,-2485.0,,,,,,2537.0,1114.0,,0.0,-354.0,,0.0,,-760.0,3651.0,-1242.0,2409.0,0.0,,,2409.0,0.0,2409.0,0.0,0.0,2409.0,2409.0,,10400.0,0.23,0.23,0.23,11000.0,0.22,0.22,0.22,
09/30/2000,5766.0,,-825.0,,4941.0,0.0,-2164.0,1208.0,1038.0,,,956.0,2777.0,1075.0,,0.0,-431.0,,0.0,52.0,-696.0,3852.0,-1271.0,2581.0,190.0,,,2391.0,0.0,2206.0,0.0,0.0,2206.0,2206.0,,10598.0,0.208152,0.243536,0.415267,11114.0,0.183488,0.23223,0.395987,
12/31/2000,6550.0,,-864.0,,5686.0,,-2492.0,,,,,,3194.0,723.0,,0.0,-419.0,,0.0,,-304.0,3917.0,-1293.0,2624.0,0.0,,,2624.0,0.0,2624.0,0.0,0.0,2624.0,2624.0,,10660.0,0.245,0.245,0.245,11140.0,0.235,0.235,0.235,
03/31/2001,6403.0,,-899.0,,5504.0,0.0,-2506.0,1437.0,1198.0,,,1069.0,2998.0,660.0,,0.0,-496.0,,0.0,46.0,-210.0,3658.0,-1207.0,2451.0,0.0,,,2451.0,0.0,2451.0,0.0,0.0,2451.0,2451.0,,10672.0,0.23,0.23,0.23,11126.0,0.22,0.22,0.22,
06/30/2001,6577.0,,-867.0,,5710.0,,-2959.0,,,,,,2751.0,-2784.0,,0.0,-462.0,,0.0,,3246.0,-33.0,-32.0,65.0,0.0,,,-65.0,0.0,65.0,0.0,0.0,65.0,65.0,,10762.0,0.005,0.005,0.22,11184.0,0.005,0.005,0.215,
09/30/2001,6126.0,,-884.0,,5242.0,,-2345.0,,,,,,2897.0,-1010.0,,0.0,-449.0,,0.0,,1459.0,1887.0,-604.0,1283.0,0.0,,,1283.0,0.0,1283.0,0.0,0.0,1283.0,1283.0,,10796.0,0.12,0.12,0.12,11134.0,0.115,0.115,0.115,
12/31/2001,7741.0,,-1544.0,,6197.0,,-2911.0,,,,,,3286.0,71.0,,0.0,-417.0,,0.0,,346.0,3357.0,-1074.0,2283.0,0.0,,,2283.0,0.0,2283.0,0.0,0.0,2283.0,2283.0,,10790.0,0.21,0.21,0.25,11112.0,0.205,0.205,0.245,
03/31/2002,7245.0,,-1395.0,,5850.0,0.0,-2552.0,1486.0,1240.0,,,1066.0,3298.0,728.0,,0.0,-433.0,,0.0,11.0,-306.0,4026.0,-1288.0,2738.0,0.0,,,2738.0,0.0,2738.0,0.0,0.0,2738.0,2738.0,,10830.0,0.255,0.255,0.362696,11128.0,0.245,0.245,0.351938,
06/30/2002,7253.0,,-1368.0,,5885.0,,-4655.0,,,,,,1230.0,1013.0,,0.0,-463.0,,0.0,,-550.0,2243.0,-718.0,1525.0,0.0,,,1525.0,0.0,1525.0,0.0,0.0,1525.0,1525.0,,10830.0,0.14,0.14,0.215,11060.0,0.14,0.14,0.215,
09/30/2002,7746.0,,-1344.0,,6402.0,,-3374.0,,,,,,3028.0,19.0,,0.0,-516.0,,0.0,,497.0,3047.0,-1006.0,2041.0,0.0,,,2041.0,0.0,2041.0,0.0,0.0,2041.0,2041.0,,21478.0,0.095,0.095,0.095,21866.0,0.095,0.095,0.095,
12/31/2002,8541.0,,-2137.0,,6404.0,,-4171.0,2656.0,,,,1515.0,2233.0,363.0,-515.0,0.0,-515.0,,0.0,,152.0,2596.0,-731.0,1865.0,,,,1865.0,0.0,1865.0,0.0,0.0,1865.0,1865.0,,21406.0,0.085,0.085,0.085,21692.0,0.085,0.085,0.085,
03/31/2003,7835.0,,-1274.0,,6561.0,,-3817.0,,,,,,2744.0,453.0,,0.0,-455.0,,0.0,,2.0,3197.0,-1055.0,2142.0,0.0,,,2142.0,0.0,2142.0,0.0,0.0,2142.0,2142.0,,10715.0,0.2,0.2,0.26,10837.0,0.2,0.2,0.26,
06/30/2003,8065.0,,-1304.0,,6761.0,,-5221.0,,,,,,1540.0,674.0,,0.0,-471.0,,0.0,,-203.0,2214.0,-731.0,1483.0,0.0,,,1483.0,0.0,1483.0,0.0,0.0,1483.0,1483.0,,10593.0,0.14,0.14,0.41,11407.0,0.13,0.13,0.38,
09/30/2003,8215.0,,-1480.0,,6735.0,,-3587.0,,,,,,3148.0,753.0,,0.0,-484.0,,0.0,,-269.0,3901.0,-1287.0,2614.0,0.0,,,2614.0,0.0,2614.0,0.0,0.0,2614.0,2614.0,,10811.0,0.24,0.24,0.3,10885.0,0.24,0.24,0.3,
12/31/2003,10153.0,,-2344.0,,7809.0,,-6334.0,3363.0,,,,2971.0,1475.0,837.0,-521.0,0.0,-521.0,,0.0,,-316.0,2312.0,-763.0,1549.0,0.0,,,1549.0,0.0,1549.0,0.0,0.0,1549.0,1549.0,,10810.0,0.14,0.14,0.34,10899.0,0.14,0.14,0.34,
03/31/2004,9175.0,,-1411.0,,7764.0,,-6486.0,,,,,,1278.0,1001.0,,0.0,-500.0,,0.0,,-501.0,2279.0,-964.0,1315.0,0.0,,,1315.0,0.0,1315.0,0.0,0.0,1315.0,1315.0,,10785.0,0.12,0.12,0.34,10856.0,0.12,0.12,0.34,
06/30/2004,9292.0,,-1481.0,,7811.0,,-4678.0,,,,,,3133.0,571.0,521.0,0.0,-387.0,,-477.0,,293.0,3704.0,-1014.0,2690.0,0.0,,,2690.0,0.0,2690.0,0.0,0.0,2690.0,2690.0,,10346.0,0.26,0.26,0.28,10760.0,0.25,0.25,0.27,
09/30/2004,9189.0,,-1469.0,,7720.0,,-4226.0,,,,,,3494.0,279.0,,0.0,,,0.0,,-279.0,3773.0,-1245.0,2528.0,0.0,,,2528.0,0.0,2528.0,0.0,0.0,2528.0,2528.0,,10873.0,0.23,0.23,0.31,10920.0,0.23,0.23,0.31,
12/31/2004,10818.0,,-1922.0,,8896.0,,-4147.0,2710.0,,,,1437.0,4749.0,420.0,0.0,0.0,,,0.0,,-420.0,5169.0,-1706.0,3463.0,0.0,,,3463.0,0.0,3463.0,0.0,0.0,3463.0,3463.0,,10877.0,0.32,0.32,0.35,10956.0,0.32,0.32,0.35,
03/31/2005,9620.0,,-1399.0,,8221.0,,-4892.0,3384.0,,,,1508.0,3329.0,496.0,0.0,0.0,,,0.0,,-496.0,3825.0,-1262.0,2563.0,0.0,,,2563.0,0.0,2563.0,0.0,0.0,2563.0,2563.0,,10856.0,0.24,0.24,0.33,10931.0,0.23,0.23,0.32,
06/30/2005,10161.0,,-1410.0,,8751.0,,-5762.0,,,,,,2989.0,0.0,,,,,0.0,,-872.0,3861.0,-161.0,3700.0,0.0,,,3700.0,0.0,3700.0,0.0,0.0,3700.0,3700.0,,10750.0,0.344186,0.344186,0.344186,10817.0,0.342054,0.342054,0.342054,
09/30/2005,9741.0,,-1253.0,,8488.0,,-4442.0,2927.0,,,,1515.0,4046.0,506.0,,0.0,,,0.0,,-506.0,4552.0,-1411.0,3141.0,0.0,,,3141.0,0.0,3141.0,0.0,0.0,3141.0,3141.0,,10696.0,0.29,0.29,0.31,10772.0,0.29,0.29,0.31,
12/31/2005,11837.0,,-2239.0,,9598.0,,-4941.0,3350.0,,,,1591.0,4657.0,480.0,0.0,0.0,,,0.0,,-480.0,5137.0,-1484.0,3653.0,0.0,,,3653.0,0.0,3653.0,0.0,0.0,3653.0,3653.0,,10560.0,0.35,0.35,0.34,10638.0,0.34,0.34,0.33,
03/31/2006,10900.0,,-2028.0,,8872.0,,-4984.0,3367.0,,,,1617.0,3888.0,427.0,0.0,0.0,,,0.0,,-427.0,4315.0,-1338.0,2977.0,0.0,,,2977.0,0.0,2977.0,0.0,0.0,2977.0,2977.0,,10303.0,0.29,0.29,0.32,10415.0,0.29,0.29,0.32,
06/30/2006,11804.0,,-2130.0,,9674.0,,-5793.0,3932.0,,,,1861.0,3881.0,-295.0,,,,,0.0,,295.0,4553.0,-1430.0,2828.0,0.0,,,3123.0,0.0,2828.0,0.0,0.0,2828.0,2828.0,,10193.0,0.277445,0.277445,0.277445,10299.0,0.27459,0.27459,0.27459,
09/30/2006,10811.0,,-1696.0,,9115.0,,-4641.0,,,,,,4474.0,567.0,,0.0,,,0.0,,-567.0,5041.0,-1563.0,3478.0,0.0,,,3478.0,0.0,3478.0,0.0,0.0,3478.0,3478.0,,9929.0,0.35,0.35,0.35,10010.0,0.35,0.35,0.35,
12/31/2006,12542.0,,-3620.0,,8922.0,,-5450.0,,,,,,3472.0,333.0,,0.0,,,0.0,,-333.0,3805.0,-1179.0,2626.0,0.0,,,2626.0,0.0,2626.0,0.0,0.0,2626.0,2626.0,,9806.0,0.27,0.27,0.27,9942.0,0.26,0.26,0.26,
03/31/2007,14398.0,,-2140.0,,12258.0,,-5669.0,,,,,,6589.0,382.0,,0.0,,,0.0,,-382.0,6971.0,-2045.0,4926.0,0.0,,,4926.0,0.0,4926.0,0.0,0.0,4926.0,4926.0,-98.62,9725.0,0.51,0.51,0.5,9862.0,0.5,0.5,0.49,
06/30/2007,13371.0,,-3237.0,,10134.0,0.0,-6145.0,4197.0,3329.0,,,1948.0,3989.0,295.0,,,,,0.0,,-295.0,4284.0,-1249.0,3035.0,0.0,,,3035.0,0.0,3035.0,0.0,0.0,3035.0,3035.0,749.0,9507.0,0.32,0.32,0.4,9657.0,0.31,0.31,0.39,
09/30/2007,13762.0,,-2675.0,,11087.0,,-5169.0,,,,,,5918.0,298.0,,0.0,,,0.0,,-298.0,6216.0,-1927.0,4289.0,0.0,,,4289.0,0.0,4289.0,0.0,0.0,4289.0,4289.0,28.0,9380.0,0.46,0.46,0.46,9513.0,0.45,0.45,0.45,
12/31/2007,16367.0,,-3543.0,,12824.0,,-6343.0,4458.0,,,,1885.0,6481.0,339.0,,0.0,,,0.0,,-339.0,6820.0,-2113.0,4707.0,0.0,,,4707.0,0.0,4707.0,0.0,0.0,4707.0,4707.0,,9361.0,0.5,0.5,0.52,9503.0,0.5,0.5,0.51,
03/31/2008,14454.0,,-2514.0,,11940.0,,-7531.0,,,,,,4409.0,401.0,,0.0,,,0.0,,-401.0,4810.0,-422.0,4388.0,0.0,,,4388.0,0.0,4388.0,0.0,0.0,4388.0,4388.0,15.0,9307.0,0.47,0.47,0.47,9428.0,0.47,0.47,0.47,
06/30/2008,15837.0,,-2866.0,,12971.0,0.0,-7292.0,4885.0,3883.0,,,2407.0,5679.0,289.0,,,,,0.0,,-289.0,5968.0,-1671.0,4297.0,0.0,,,4297.0,0.0,4297.0,0.0,0.0,4297.0,4297.0,,9264.0,0.46,0.46,0.47,9380.0,0.46,0.46,0.47,
09/30/2008,15061.0,15061.0,-2848.0,2848.0,12213.0,0.0,-6214.0,3931.0,3044.0,887.0,2283.0,0.0,5999.0,-8.0,,,,-207.0,179.0,,36.0,5991.0,-1618.0,4373.0,0.0,0.0,0.0,4373.0,0.0,4373.0,0.0,0.0,4373.0,4335.95,-37.05,9084.0,0.48,0.48,0.477317,9183.0,0.48,0.48,0.475965,
12/31/2008,16629.0,16629.0,-3907.0,3907.0,12722.0,0.0,-6783.0,4493.0,3662.0,831.0,2290.0,0.0,5939.0,-301.0,,,,-175.0,350.0,,126.0,5638.0,-1464.0,4174.0,0.0,0.0,0.0,4174.0,0.0,4174.0,0.0,0.0,4174.0,4168.8,-5.2,8903.0,0.47,0.47,0.468247,8914.0,0.47,0.47,0.468247,
03/31/2009,13648.0,13648.0,-2814.0,2814.0,10834.0,0.0,-6396.0,3894.0,2981.0,913.0,2212.0,290.0,4438.0,-388.0,,,,-164.0,26.0,,526.0,4050.0,-1073.0,2977.0,0.0,0.0,0.0,2977.0,0.0,2977.0,0.0,0.0,2977.0,3790.8,813.8,8891.0,0.33,0.33,0.426364,8904.0,0.33,0.33,0.421397,
06/30/2009,13099.0,13099.0,-2586.0,2586.0,10513.0,0.0,-6526.0,4261.0,3192.0,1069.0,2225.0,40.0,3987.0,155.0,,19.0,,-160.0,-46.0,,32.0,4142.0,-1097.0,3045.0,0.0,0.0,0.0,3045.0,0.0,3045.0,0.0,0.0,3045.0,3313.45,268.45,8901.0,0.34,0.34,0.372256,8928.0,0.34,0.34,0.370068,
09/30/2009,12920.0,12920.0,-2842.0,2842.0,10078.0,0.0,-5596.0,3531.0,2790.0,741.0,2065.0,0.0,4482.0,283.0,,38.0,,-203.0,-55.0,,-63.0,4765.0,-1191.0,3574.0,0.0,0.0,0.0,3574.0,0.0,3574.0,0.0,0.0,3574.0,3540.2,-33.8,8914.0,0.4,0.4,0.397151,8983.0,0.4,0.4,0.396237,
12/31/2009,19022.0,19022.0,-3628.0,3628.0,15394.0,0.0,-6881.0,4802.0,3619.0,1183.0,2079.0,0.0,8513.0,370.0,,38.0,,197.0,23.0,,-628.0,8883.0,-2221.0,6662.0,0.0,0.0,0.0,6662.0,0.0,6662.0,0.0,0.0,6662.0,6644.45,-17.55,8856.0,0.75,0.75,0.750277,8951.0,0.74,0.74,0.738039,
03/31/2010,14503.0,14503.0,-2755.0,2755.0,11748.0,0.0,-6575.0,4355.0,3203.0,1152.0,2220.0,0.0,5173.0,168.0,,38.0,,-204.0,56.0,,-58.0,5341.0,-1335.0,4006.0,0.0,0.0,0.0,4006.0,0.0,4006.0,0.0,0.0,4006.0,3924.75,-81.25,8767.0,0.46,0.46,0.447673,8876.0,0.45,0.45,0.440846,
06/30/2010,16039.0,16039.0,-3170.0,3170.0,12869.0,0.0,-6939.0,4589.0,3602.0,987.0,2350.0,0.0,5930.0,94.0,,37.0,,-239.0,-25.0,,133.0,6024.0,-1506.0,4518.0,0.0,0.0,0.0,4518.0,0.0,4518.0,0.0,0.0,4518.0,4507.6,-10.4,8712.0,0.52,0.52,0.517401,8821.0,0.51,0.51,0.508821,
09/30/2010,16195.0,16195.0,-3139.0,3139.0,13056.0,0.0,-5940.0,3744.0,2806.0,938.0,2196.0,0.0,7116.0,114.0,,45.0,,-210.0,42.0,,9.0,7230.0,-1820.0,5410.0,0.0,0.0,0.0,5410.0,0.0,5410.0,0.0,0.0,5410.0,5387.9,-22.1,8614.0,0.63,0.63,0.625482,8695.0,0.62,0.62,0.617458,
12/31/2010,19953.0,19953.0,-4833.0,4833.0,15120.0,0.0,-6955.0,4770.0,3825.0,945.0,2185.0,0.0,8165.0,332.0,,72.0,,-205.0,27.0,,-226.0,8497.0,-1863.0,6634.0,0.0,0.0,0.0,6634.0,0.0,6634.0,0.0,0.0,6634.0,6557.3,-76.7,8497.0,0.78,0.78,0.771719,8570.0,0.77,0.77,0.76105,
03/31/2011,16428.0,16428.0,-3897.0,3897.0,12531.0,0.0,-6822.0,4553.0,3393.0,1160.0,2269.0,0.0,5709.0,316.0,,84.0,,-216.0,-55.0,,-129.0,6025.0,-793.0,5232.0,0.0,0.0,0.0,5232.0,0.0,5232.0,0.0,0.0,5232.0,4649.45,-582.55,8420.0,0.62,0.62,0.552191,8510.0,0.61,0.61,0.541545,
06/30/2011,17367.0,17367.0,-3708.0,3708.0,13659.0,0.0,-7488.0,5095.0,3916.0,1179.0,2393.0,0.0,6171.0,148.0,,94.0,,-269.0,12.0,,15.0,6319.0,-445.0,5874.0,0.0,0.0,0.0,5874.0,0.0,5874.0,0.0,0.0,5874.0,5861.0,-13.0,8429.0,0.7,0.7,0.695338,8521.0,0.69,0.69,0.688474,
09/30/2011,17372.0,17372.0,-3777.0,3777.0,13595.0,0.0,-6392.0,4063.0,2900.0,1163.0,2329.0,0.0,7203.0,103.0,,94.0,,-211.0,40.0,,-26.0,7306.0,-1568.0,5738.0,0.0,0.0,0.0,5738.0,0.0,5738.0,0.0,0.0,5738.0,5736.05,-1.95,8392.0,0.68,0.68,0.683514,8490.0,0.68,0.68,0.67977,
12/31/2011,20885.0,20885.0,-5638.0,5638.0,15247.0,0.0,-7253.0,4882.0,3762.0,1120.0,2371.0,0.0,7994.0,245.0,,95.0,,-182.0,4.0,,-162.0,8239.0,-1615.0,6624.0,0.0,0.0,0.0,6624.0,0.0,6624.0,0.0,0.0,6624.0,6419.25,-204.75,8402.0,0.79,0.79,0.764015,8465.0,0.78,0.78,0.755812,
03/31/2012,17407.0,17407.0,-3952.0,3952.0,13455.0,0.0,-7081.0,4564.0,3414.0,1150.0,2517.0,0.0,6374.0,-11.0,,95.0,,-180.0,8.0,,88.0,6363.0,-1255.0,5108.0,0.0,0.0,0.0,5108.0,0.0,5108.0,0.0,0.0,5108.0,5085.9,-22.1,8401.0,0.61,0.61,0.605392,8498.0,0.6,0.6,0.597399,
06/30/2012,18059.0,18059.0,-4163.0,4163.0,13896.0,0.0,-13704.0,4917.0,3781.0,1136.0,2594.0,6193.0,192.0,167.0,,96.0,,-227.0,65.0,,-101.0,359.0,-851.0,-492.0,0.0,0.0,0.0,-492.0,0.0,-492.0,0.0,0.0,-492.0,6242.45,6734.45,8388.0,-0.06,-0.06,0.744212,8388.0,-0.06,-0.06,0.742867,
09/30/2012,16008.0,16008.0,-4168.0,4168.0,11840.0,0.0,-6532.0,4072.0,2945.0,1127.0,2460.0,0.0,5308.0,226.0,,95.0,,-159.0,29.0,,-191.0,5534.0,-1068.0,4466.0,0.0,0.0,0.0,4466.0,0.0,4466.0,0.0,0.0,4466.0,4475.75,9.75,8396.0,0.53,0.53,0.533081,8494.0,0.53,0.53,0.531148,
12/31/2012,21456.0,21456.0,-5692.0,5692.0,15764.0,0.0,-7993.0,5465.0,4309.0,1156.0,2528.0,0.0,7771.0,-1.0,,105.0,,-166.0,7.0,,55.0,7770.0,-1393.0,6377.0,0.0,0.0,0.0,6377.0,0.0,6377.0,0.0,0.0,6377.0,6349.05,-27.95,8393.0,0.76,0.76,0.75647,8444.0,0.76,0.76,0.75647,
03/31/2013,20489.0,20489.0,-4787.0,4787.0,15702.0,0.0,-8090.0,5450.0,3794.0,1656.0,2640.0,0.0,7612.0,-9.0,,109.0,,-150.0,22.0,,28.0,7603.0,-1548.0,6055.0,0.0,0.0,0.0,6055.0,0.0,6055.0,0.0,0.0,6055.0,6494.4,439.4,8364.0,0.72,0.72,0.776471,8429.0,0.72,0.72,0.77213,
06/30/2013,19896.0,19896.0,-5602.0,5602.0,14294.0,0.0,-8221.0,5438.0,4228.0,1210.0,2783.0,0.0,6073.0,72.0,,120.0,,-202.0,16.0,,-6.0,6145.0,-1180.0,4965.0,0.0,0.0,0.0,4965.0,0.0,4965.0,0.0,0.0,4965.0,4944.85,-20.15,8345.0,0.59,0.59,0.592552,8442.0,0.59,0.59,0.587613,
09/30/2013,18529.0,18529.0,-5145.0,5145.0,13384.0,0.0,-7050.0,4283.0,3304.0,979.0,2767.0,0.0,6334.0,74.0,,118.0,,-179.0,-26.0,,13.0,6408.0,-1164.0,5244.0,0.0,0.0,0.0,5244.0,0.0,5244.0,0.0,0.0,5244.0,5248.55,4.55,8339.0,0.63,0.63,0.629398,8434.0,0.62,0.62,0.620539,
12/31/2013,24519.0,24519.0,-8284.0,8284.0,16235.0,0.0,-8266.0,5518.0,4283.0,1235.0,2748.0,0.0,7969.0,-91.0,,135.0,,-219.0,17.0,,158.0,7878.0,-1320.0,6558.0,0.0,0.0,0.0,6558.0,0.0,6558.0,0.0,0.0,6558.0,6512.5,-45.5,8326.0,0.79,0.79,0.782188,8395.0,0.78,0.78,0.77458,
03/31/2014,20403.0,20403.0,-5978.0,5978.0,14425.0,0.0,-7451.0,4708.0,3542.0,1166.0,2743.0,0.0,6974.0,-17.0,,175.0,,-220.0,30.0,,32.0,6957.0,-1297.0,5660.0,0.0,0.0,0.0,5660.0,0.0,5660.0,0.0,0.0,5660.0,5601.5,-58.5,8284.0,0.68,0.68,0.676183,8367.0,0.68,0.68,0.673008,
06/30/2014,23382.0,23382.0,-7595.0,7595.0,15787.0,0.0,-9305.0,6055.0,4682.0,1373.0,3123.0,127.0,6482.0,95.0,,169.0,,-265.0,144.0,,-143.0,6577.0,-1965.0,4612.0,0.0,0.0,0.0,4612.0,0.0,4612.0,0.0,0.0,4612.0,4804.0,192.0,8246.0,0.56,0.56,0.582585,8345.0,0.55,0.55,0.573008,
09/30/2014,23201.0,23201.0,-8273.0,8273.0,14928.0,0.0,-9084.0,4879.0,3728.0,1151.0,3065.0,1140.0,5844.0,52.0,,161.0,,-225.0,-78.0,,90.0,5896.0,-1356.0,4540.0,0.0,0.0,0.0,4540.0,0.0,4540.0,0.0,0.0,4540.0,5397.65,857.65,8249.0,0.55,0.55,0.65434,8351.0,0.54,0.54,0.6427,
12/31/2014,26470.0,26470.0,-10136.0,10136.0,16334.0,0.0,-8558.0,5412.0,4315.0,1097.0,2903.0,243.0,7776.0,74.0,,162.0,,-183.0,-83.0,,30.0,7850.0,-1987.0,5863.0,0.0,0.0,0.0,5863.0,0.0,5863.0,0.0,0.0,5863.0,6154.77,291.77,8228.0,0.71,0.71,0.748027,8297.0,0.71,0.71,0.745166,
03/31/2015,21729.0,21729.0,-7161.0,7161.0,14568.0,0.0,-7974.0,4800.0,3709.0,1091.0,2984.0,190.0,6594.0,-77.0,,211.0,,-160.0,54.0,,-28.0,6517.0,-1532.0,4985.0,0.0,0.0,0.0,4985.0,0.0,4985.0,0.0,0.0,4985.0,4957.52,-27.48,8167.0,0.61,0.61,0.607018,8237.0,0.61,0.61,0.606664,
06/30/2015,22180.0,22180.0,-7468.0,7468.0,14712.0,0.0,-16765.0,5233.0,3961.0,1272.0,3094.0,8438.0,-2053.0,297.0,,247.0,,-198.0,-228.0,,-118.0,-1756.0,-1439.0,-3195.0,0.0,0.0,0.0,-3195.0,0.0,-3195.0,0.0,0.0,-3195.0,3977.85,7172.85,8061.0,-0.4,-0.4,0.493469,8061.0,-0.4,-0.4,0.489821,
09/30/2015,20910.0,20910.0,-7207.0,7207.0,13703.0,0.0,-7387.0,4425.0,3341.0,1084.0,2962.0,0.0,6316.0,-295.0,,249.0,,,,,46.0,6021.0,-952.0,5069.0,0.0,0.0,0.0,5069.0,0.0,5069.0,0.0,0.0,5069.0,5069.0,0.0,7996.0,0.63,0.63,0.63,8084.0,0.63,0.63,0.63,
12/31/2015,25253.0,25253.0,-9872.0,9872.0,15381.0,0.0,-7892.0,4992.0,3954.0,1038.0,2900.0,0.0,7489.0,-176.0,,309.0,,,,,-133.0,7313.0,-1375.0,5938.0,0.0,0.0,0.0,5938.0,0.0,5938.0,0.0,0.0,5938.0,5938.0,0.0,7964.0,0.75,0.75,0.75,8051.0,0.74,0.74,0.74,
03/31/2016,21517.0,21517.0,-7722.0,7722.0,13795.0,0.0,-7518.0,4538.0,3398.0,1140.0,2980.0,0.0,6277.0,-212.0,,340.0,,,,,-128.0,6065.0,-1760.0,4305.0,0.0,0.0,0.0,4305.0,0.0,4305.0,0.0,0.0,4305.0,4305.0,0.0,7895.0,0.55,0.55,0.55,7985.0,0.54,0.54,0.54,
06/30/2016,23474.0,23474.0,-7979.0,7979.0,15495.0,0.0,-9499.0,5243.0,3942.0,1301.0,3146.0,1110.0,5996.0,244.0,,345.0,,,,,-589.0,6240.0,-1013.0,5227.0,0.0,0.0,0.0,5227.0,0.0,5227.0,0.0,0.0,5227.0,6122.0,895.0,7842.0,0.67,0.67,0.780668,7929.0,0.66,0.66,0.772877,
09/30/2016,21928.0,21928.0,-7844.0,7844.0,14084.0,0.0,-7369.0,4263.0,3218.0,1045.0,3106.0,0.0,6715.0,112.0,,437.0,,-293.0,40.0,,-296.0,6827.0,-1160.0,5667.0,0.0,0.0,0.0,5667.0,0.0,5667.0,0.0,0.0,5667.0,5403.75,-263.25,7789.0,0.73,0.73,0.693767,7876.0,0.72,0.72,0.686576,
12/31/2016,25826.0,25826.0,-9901.0,9901.0,15925.0,0.0,-8020.0,4958.0,4079.0,879.0,3062.0,0.0,7905.0,117.0,,521.0,,-311.0,153.0,,-480.0,8022.0,-1755.0,6267.0,0.0,0.0,0.0,6267.0,0.0,6267.0,0.0,0.0,6267.0,5813.3,-453.7,7755.0,0.81,0.81,0.74962,7830.0,0.8,0.8,0.742056,
03/31/2017,23212.0,23212.0,-8060.0,8060.0,15152.0,0.0,-8429.0,5074.0,3872.0,1202.0,3355.0,0.0,6723.0,371.0,,609.0,,-380.0,-50.0,,-550.0,7094.0,-1608.0,5486.0,0.0,0.0,0.0,5486.0,0.0,5486.0,0.0,0.0,5486.0,4972.5,-513.5,7725.0,0.71,0.71,0.643689,7813.0,0.7,0.7,0.634276,
06/30/2017,25605.0,25605.0,-8456.0,8456.0,17149.0,0.0,-9467.0,5647.0,4292.0,1355.0,3514.0,306.0,7682.0,276.0,,655.0,,-403.0,-32.0,,-496.0,7958.0,111.0,8069.0,0.0,0.0,0.0,8069.0,0.0,8069.0,0.0,0.0,8069.0,7146.55,-922.45,7715.0,1.05,1.05,0.926319,7806.0,1.03,1.03,0.911828,
09/30/2017,24538.0,24538.0,-8278.0,8278.0,16260.0,0.0,-8552.0,4978.0,3812.0,1166.0,3574.0,0.0,7708.0,276.0,,672.0,,-473.0,9.0,,-484.0,7984.0,-1408.0,6576.0,0.0,0.0,0.0,6576.0,0.0,6576.0,0.0,0.0,6576.0,6203.55,-372.45,7708.0,0.85,0.85,0.80482,7799.0,0.84,0.84,0.792244,
12/31/2017,28918.0,28918.0,-11064.0,11064.0,17854.0,0.0,-9175.0,5671.0,4562.0,1109.0,3504.0,0.0,8679.0,490.0,,698.0,,-530.0,60.0,,-718.0,9169.0,-15471.0,-6302.0,0.0,0.0,0.0,-6302.0,0.0,-6302.0,0.0,0.0,-6302.0,7330.3,13632.3,7710.0,-0.82,-0.82,0.950752,7710.0,-0.82,-0.82,0.948132,
03/31/2018,26819.0,26819.0,-9269.0,9269.0,17550.0,0.0,-9258.0,5543.0,4335.0,1208.0,3715.0,0.0,8292.0,349.0,,691.0,,-575.0,-20.0,,-445.0,8641.0,-1217.0,7424.0,0.0,0.0,0.0,7424.0,0.0,7424.0,0.0,0.0,7424.0,7021.1,-402.9,7698.0,0.96,0.96,0.912068,7794.0,0.95,0.95,0.898306,
06/30/2018,30085.0,30085.0,-9742.0,9742.0,20343.0,0.0,-9964.0,6031.0,4760.0,1271.0,3933.0,0.0,10379.0,301.0,,672.0,,-636.0,169.0,,-506.0,10680.0,-1807.0,8873.0,0.0,0.0,0.0,8873.0,0.0,8873.0,0.0,0.0,8873.0,7276.69,-1596.31,7683.0,1.15,1.15,0.947116,7775.0,1.14,1.14,0.934687,
09/30/2018,29084.0,29084.0,-9905.0,9905.0,19179.0,0.0,-9224.0,5247.0,4098.0,1149.0,3977.0,0.0,9955.0,266.0,,674.0,,-681.0,-5.0,,-254.0,10221.0,-1397.0,8824.0,0.0,0.0,0.0,8824.0,0.0,8824.0,0.0,0.0,8824.0,8632.03,-191.97,7673.0,1.15,1.15,1.124988,7766.0,1.14,1.14,1.115281,
12/31/2018,32471.0,32471.0,-12423.0,12423.0,20048.0,0.0,-9790.0,5720.0,4588.0,1132.0,4070.0,0.0,10258.0,127.0,,672.0,,-704.0,74.0,,-169.0,10385.0,-1965.0,8420.0,0.0,0.0,0.0,8420.0,0.0,8420.0,0.0,0.0,8420.0,8502.74,82.74,7692.0,1.09,1.09,1.1054,7768.0,1.08,1.08,1.090651,
03/31/2019,30571.0,30571.0,-10170.0,10170.0,20401.0,0.0,-10060.0,5744.0,4565.0,1179.0,4316.0,0.0,10341.0,145.0,,671.0,,-668.0,-37.0,,-111.0,10486.0,-1677.0,8809.0,0.0,0.0,0.0,8809.0,0.0,8809.0,0.0,0.0,8809.0,8774.24,-34.76,7672.0,1.15,1.15,1.14367,7744.0,1.14,1.14,1.135511,
06/30/2019,33717.0,33717.0,-10412.0,10412.0,23305.0,0.0,-10900.0,6387.0,4962.0,1425.0,4513.0,0.0,12405.0,191.0,,669.0,,-1184.0,50.0,,274.0,12596.0,591.0,13187.0,0.0,0.0,0.0,13187.0,0.0,13187.0,0.0,0.0,13187.0,10602.62,-2584.38,7655.0,1.72,1.72,1.385058,7730.0,1.71,1.71,1.375669,
09/30/2019,33055.0,33055.0,-10406.0,10406.0,22649.0,0.0,-9963.0,5398.0,4337.0,1061.0,4565.0,0.0,12686.0,0.0,,637.0,,-724.0,58.0,,29.0,12686.0,-2008.0,10678.0,0.0,0.0,0.0,10678.0,0.0,10678.0,0.0,0.0,10678.0,10723.03,45.03,7634.0,1.4,1.4,1.404641,7710.0,1.38,1.38,1.38584,
12/31/2019,36906.0,36906.0,-12358.0,12358.0,24548.0,0.0,-10657.0,6054.0,4933.0,1121.0,4603.0,0.0,13891.0,194.0,,654.0,,-688.0,24.0,,-184.0,14085.0,-2436.0,11649.0,0.0,0.0,0.0,11649.0,0.0,11649.0,0.0,0.0,11649.0,11521.02,-127.98,7621.0,1.53,1.53,1.511746,7691.0,1.51,1.51,1.49336,
03/31/2020,35021.0,35021.0,-10975.0,10975.0,24046.0,0.0,-11071.0,6184.0,4911.0,1273.0,4887.0,0.0,12975.0,-132.0,,614.0,,-673.0,136.0,,55.0,12843.0,-2091.0,10752.0,0.0,0.0,0.0,10752.0,0.0,10752.0,0.0,0.0,10752.0,10831.79,79.79,7602.0,1.41,1.41,1.424861,7675.0,1.4,1.4,1.410396,
06/30/2020,38033.0,38033.0,-12339.0,12339.0,25694.0,0.0,-12287.0,7073.0,5417.0,1656.0,5214.0,0.0,13407.0,15.0,,,,,,,-15.0,13422.0,-2220.0,11202.0,0.0,0.0,0.0,11202.0,0.0,11202.0,0.0,0.0,11202.0,11666.52,464.52,7580.0,1.48,1.48,1.539119,7650.0,1.46,1.46,1.520722,
09/30/2020,35740.63,,,,24848.3156012,,,,,,,,14083.842,,,,,,,,,14015.818,,11771.864,,,,,,11771.864,,,11771.864,11771.864,,,1.543,1.543,1.544,,1.543,1.543,1.544,
12/31/2020,40349.815,,,,26438.0057843,,,,,,,,14756.105,,,,,,,,,14719.955,,12307.0,,,,,,12307.0,,,12307.0,12307.0,,,1.612,1.612,1.612,,1.612,1.612,1.612,
