Date,Revenue,Sales & Services Revenue,Cost of Revenue,Cost of Goods & Services,Gross Profit,Other Operating Income,Operating Expenses,"Selling, General & Admin",Research & Development,Other Operating Expense,Operating Income (Loss),Non-Operating (Income) Loss,"Interest Expense, Net",Interest Expense,Interest Income,Foreign Exch (Gain) Loss,Other Non-Op (Income) Loss,Pretax Income,Income Tax Expense (Benefit),(Income) Loss from Affiliates,Income (Loss) from Cont Ops,Net Extraordinary Losses (Gains),Discontinued Operations,XO & Accounting Changes,Income (Loss) Incl. MI,Minority Interest,"Net Income, GAAP",Preferred Dividends,Other Adjustments,"Net Income Avail to Common, GAAP","Net Income Avail to Common, Adj",Net Abnormal Losses (Gains),Basic Weighted Avg Shares,"Basic EPS, GAAP",Basic EPS from Cont Ops,"Basic EPS from Cont Ops, Adjusted",Diluted Weighted Avg Shares,"Diluted EPS, GAAP",Diluted EPS from Cont Ops,"Diluted EPS from Cont Ops, Adjusted",Source: Bloomberg
11/30/1989,66.511002,,-50.676998,,15.834003,,-17.416,,,,-1.582,1.649,,,,0.0,-1.649,0.067,-0.024,,0.043,0.0,,,0.043,0.0,0.043,0.0,,0.043,0.043,,371.720009,0.0,,,371.720009,,,,
03/01/1990,77.450996,,-62.314999,,15.135998,,-18.934999,,,,-3.799,-0.562,,,,0.0,0.562,-4.361,4.374,,0.013,0.0,,,0.013,0.0,0.013,0.0,,0.013,0.013,,369.440002,0.0,,,369.440002,,,,
05/31/1990,84.077003,,-61.700001,,22.377003,,-18.611,,,,3.766,-0.922,,,,0.0,0.922,2.844,-1.035,,1.809,0.0,,,1.809,0.0,1.809,0.0,,1.809,1.809,,373.250008,0.005,0.005,,373.250008,0.005,0.005,0.005,
08/30/1990,105.301003,,-81.387001,,23.914002,,-18.528999,,,,5.385,9.109,,,,0.0,-9.109,14.494,-1.505,,3.043,0.0,,,12.989,0.0,3.043,0.0,,3.043,3.043,,372.66998,0.008,0.008,0.008,372.66998,0.008,0.008,0.008,
11/29/1990,80.290001,,-75.044998,,5.245003,,-21.055,,,,-15.81,-0.76,,,,0.0,0.76,-16.57,7.303,,-9.267,0.0,,,-9.267,0.0,-9.267,0.0,,-9.267,-9.267,,369.230003,-0.025,-0.025,,369.230003,-0.025,-0.025,-0.025,
02/28/1991,94.524002,,-78.234001,,16.290001,,-18.139999,,,,-1.85,-1.587,,,,0.0,1.587,-3.437,1.2,,-2.237,0.0,,,-2.237,0.0,-2.237,0.0,,-2.237,-2.237,,369.780006,-0.006,-0.006,,369.780006,-0.006,-0.006,-0.006,
05/30/1991,126.793999,,-89.431,,37.362999,,-24.569,,,,12.794,-1.83,,,,0.0,1.83,10.964,-3.947,,7.017,0.0,,,7.017,0.0,7.017,0.0,,7.017,7.017,,385.550003,0.018,0.018,,385.550003,0.018,0.018,0.018,
08/29/1991,123.753998,,-89.957001,,33.796997,,-17.17,,,,16.627001,8.935,,,,0.0,-8.935,25.562001,-5.38,,9.566,0.0,,,20.182001,0.0,9.566,0.0,,9.566,9.566,,382.72999,0.025,0.025,0.025,382.72999,0.025,0.025,0.025,
12/05/1991,111.795998,,-85.084,,26.711998,,-24.830999,,,,1.881,-0.904,,,,0.0,0.904,0.977,-0.35,,0.627,0.0,,,0.627,0.0,0.627,0.0,,0.627,0.627,,386.090012,0.002,0.002,,386.090012,0.002,0.002,0.002,
03/05/1992,128.156006,,-99.581001,,28.575005,,-25.483,,,,3.092,-0.806,,,,0.0,0.806,2.286,-0.825,,1.461,0.0,,,1.461,0.0,1.461,0.0,,1.461,1.461,,391.360016,0.004,0.004,,391.360016,0.004,0.004,0.004,
06/04/1992,131.132996,,-100.883003,,30.249992,,-26.478001,,,,3.772,-1.185,,,,0.0,1.185,2.587,-0.931,,1.656,0.0,,,1.656,0.0,1.656,0.0,,1.656,1.656,,390.369987,0.004,0.004,,390.369987,0.004,0.004,0.004,
09/03/1992,135.214996,,-104.733002,,30.481994,,-25.511,,,,4.971,7.133,,,,0.0,-7.133,12.104,-0.87,,2.882,0.0,,,11.234,0.0,2.882,0.0,,2.882,2.882,,382.54002,0.007,0.007,0.007,382.54002,0.007,0.007,0.007,
12/03/1992,130.968002,,-97.775002,,33.193001,,-27.934999,,,,5.258,-1.044,,,,0.0,1.044,4.214,-1.517,,2.697,0.0,,,2.697,0.0,2.697,0.0,,2.697,2.697,,397.5,0.007,0.007,,397.5,0.007,0.007,0.007,
03/04/1993,176.410004,,-123.737999,,52.672005,,-37.405998,,,,15.266,-1.149,,,,0.0,1.149,14.117,-5.082,,9.035,0.0,,,9.035,0.0,9.035,0.0,,9.035,9.035,,403.520012,0.022,0.022,,403.520012,0.022,0.022,0.022,
06/03/1993,214.925995,,-132.322998,,82.602997,,-35.745998,,,,46.856998,-0.776,,,,0.0,0.776,46.080998,-16.589001,,29.492001,0.0,,,29.491998,0.0,29.492001,0.0,,29.492001,29.492001,,405.600014,0.073,0.073,,405.600014,0.073,0.073,0.073,
09/02/1993,305.966003,,-163.302002,,142.664001,,-44.098999,,,,98.565002,-0.377,,,,0.0,0.377,98.188002,-35.347,,62.841,0.0,,,62.841002,0.0,62.841,0.0,,62.841,62.841,,414.03999,0.152,0.152,0.152,414.03999,0.152,0.152,0.152,
12/02/1993,320.138,,-166.587997,,153.550003,,-48.424999,,,,105.125,0.427,,,,0.0,-0.427,105.552,-37.999001,,67.553001,0.0,,,67.552999,0.0,67.553001,0.0,,67.553001,67.553001,,414.109993,0.163,0.163,,414.109993,0.163,0.163,0.163,
03/03/1994,390.459015,,-204.104996,,186.354019,,-51.807999,,,,134.546005,1.012,,,,0.0,-1.012,135.558005,-48.799999,,86.758003,0.0,,,86.758006,0.0,86.758003,0.0,,86.758003,86.758003,,415.180016,0.209,0.209,,415.180016,0.209,0.209,0.209,
06/02/1994,426.391998,,-206.966995,,219.425003,,-58.706001,,,,160.718994,2.293,,,,0.0,-2.293,163.011994,-58.685001,,104.327003,0.0,,,104.326993,0.0,104.327003,0.0,,104.327003,104.327003,,422.519989,0.2475,0.2475,,422.519989,0.2475,0.2475,0.2475,
09/01/1994,491.610992,,-211.740005,,279.870987,,-60.160999,,,,219.710007,1.968,,,,0.0,-1.968,221.678007,-79.816002,,141.862,0.0,,,141.862005,0.0,141.862,0.0,,141.862,141.862,,423.200012,0.335,0.335,0.335,423.200012,0.335,0.335,0.335,
12/01/1994,535.0,,-224.5,,310.5,,-63.599998,,,,246.899994,3.6,,,,0.0,-3.6,250.499994,-89.599998,,160.899994,0.0,,,160.899995,-1.6,159.300003,0.0,,159.300003,159.300003,,421.600006,0.3775,0.3775,0.3775,421.600006,0.3775,0.3775,0.3775,
03/02/1995,628.5,,-267.5,,361.0,,-65.199997,,,,295.799988,6.5,,,,0.0,-6.5,302.299988,-116.099998,,186.199997,0.0,,,186.199989,-2.7,183.5,0.0,,183.5,183.5,,425.600006,0.43,0.43,0.43,425.600006,0.43,0.43,0.43,
06/01/1995,761.200012,,-357.200012,,404.0,,-84.5,,,,319.5,36.400002,,,,0.0,-36.400002,355.900002,-132.199997,,223.699997,0.0,,,223.700005,-3.5,220.199997,0.0,,220.199997,220.199997,,430.200012,0.51,0.51,0.51,430.200012,0.51,0.51,0.51,
08/31/1995,1028.0,,-479.5,,548.5,,-102.699997,,,,445.799988,14.8,,,,0.0,-14.8,460.599988,-168.5,,284.799988,0.0,,,292.099988,-3.7,281.100006,0.0,,281.100006,281.100006,,432.462006,0.65,0.65,0.65,432.462006,0.65,0.65,0.65,
11/30/1995,1185.800049,,-538.099976,,647.700073,,-119.300003,,,,528.400024,8.4,,,,0.0,-8.4,536.800024,-204.600006,,332.200012,0.0,,,332.200018,-3.7,328.5,0.0,,328.5,328.5,,434.399994,0.755,0.755,0.755,434.399994,0.755,0.755,0.755,
02/29/1996,996.5,,-552.099976,,444.400024,,-120.400002,,,,324.0,-25.5,,,,0.0,25.5,298.5,-112.300003,,186.199997,0.0,,,186.199997,2.0,188.199997,0.0,,188.199997,188.199997,,430.399994,0.435,0.435,0.48,430.399994,0.435,0.435,0.48,
05/30/1996,771.0,,-558.0,,213.0,,-116.300003,,,,96.699997,2.1,,,,0.0,-2.1,98.799997,-38.599998,,60.200001,0.0,,,60.199998,-2.0,58.200001,0.0,,58.200001,58.200001,,429.0,0.135,0.135,0.135,429.0,0.135,0.135,0.135,
08/29/1996,700.5,,-550.200012,,150.299988,,-125.300003,,,,25.0,8.3,,,,0.0,-8.3,33.3,-1.5,,23.200001,0.0,,,31.8,-4.6,18.6,0.0,,18.6,18.6,,426.0,0.045,0.045,0.045,426.0,0.045,0.045,0.045,
11/28/1996,728.099976,,-572.900024,,155.199951,,-113.800003,,,,41.400002,-2.1,,,,0.0,2.1,39.300002,-15.6,,23.700001,0.0,,,23.700001,-3.1,20.6,0.0,,20.6,20.6,,428.0,0.05,0.05,0.05,429.0,0.05,0.05,0.05,
02/27/1997,876.200012,,-657.5,,218.700012,,-141.699997,,,,77.0,203.300003,,,,0.0,-203.300003,280.300003,-131.199997,,149.100006,0.0,,,149.100006,-6.4,142.699997,0.0,,142.699997,142.699997,,419.399994,0.34,0.34,0.34,426.799988,0.335,0.335,0.335,
05/29/1997,965.0,,-650.0,,315.0,,-146.0,,,,169.0,1.5,,,,0.0,-1.5,170.5,-67.800003,,102.699997,0.0,,,102.699997,-5.9,96.800003,0.0,,96.800003,96.800003,,420.600006,0.23,0.23,0.23,429.799988,0.225,0.225,0.225,
08/28/1997,946.200012,,-658.799927,,287.400085,,-172.400024,,,,114.999992,45.299995,,,,0.0,-45.299995,160.299987,-52.699989,,76.299988,0.0,,,107.599998,-4.2,72.100014,0.0,,72.100014,72.100014,,421.799988,0.17,0.17,0.17,431.600006,0.165,0.165,0.165,
11/27/1997,957.299988,,-747.099976,,210.200012,,-197.800003,,,,12.4,-1.2,,,,0.0,1.2,11.2,-4.5,,6.7,0.0,,,6.7,-0.2,6.5,0.0,,6.5,6.5,,429.399994,0.015,0.015,0.02,435.600006,0.015,0.015,0.02,
02/26/1998,763.200012,,-740.5,,22.700012,,-234.800003,,,,-212.100006,159.399994,,,,0.0,-159.399994,-52.700012,10.8,,-41.900002,0.0,,,-41.900012,-9.0,-50.900002,0.0,,-50.900002,-50.900002,,430.399994,-0.12,-0.12,-0.155,430.399994,-0.12,-0.12,-0.155,
05/28/1998,612.7,,-606.0,,6.7,,-185.5,,,,-178.8,0.7,-0.5,,,0.0,-0.2,-178.1,70.8,,-107.3,0.0,,,-107.3,-2.1,-109.4,0.0,,-109.4,-109.4,,431.6,-0.255,-0.255,-0.255,431.6,-0.255,-0.255,-0.255,
09/03/1998,692.1,,-651.3,,40.8,,-178.7,,,,-137.9,-1.4,1.8,,,0.0,-0.4,-139.3,52.0,,-87.3,0.0,,,-87.3,-6.0,-93.3,0.0,,-93.3,-93.3,,433.6,-0.215,-0.215,-0.215,433.6,-0.215,-0.215,-0.215,
12/03/1998,793.599976,,-677.700012,,115.899963,,-178.5,,,,-62.599998,-6.9,,7.9,,0.0,-1.0,-69.499999,27.6,,-41.900002,0.0,,,-41.899998,-4.3,-46.200001,0.0,,-46.200001,-46.200001,,491.399994,-0.095,-0.095,-0.095,491.399994,-0.095,-0.095,-0.095,
03/04/1999,1025.8,,-745.1,,280.7,,-229.4,,,,51.3,-23.0,11.7,11.7,,0.0,11.3,28.3,-16.1,,23.9,0.0,,,12.2,-1.5,22.4,0.0,,22.4,22.4,,528.6,0.04,0.04,0.04,545.8,0.04,0.04,0.04,
06/03/1999,863.8,,-674.8,,189.0,,-216.8,,,,-27.8,-28.8,14.4,14.4,,0.0,14.4,-56.6,17.1,,-25.1,0.0,,,-39.5,-2.6,-27.7,0.0,,-27.7,-27.7,,532.6,-0.05,-0.05,-0.05,532.6,-0.05,-0.05,-0.05,
09/02/1999,1080.8,,-852.8,,228.0,,-235.9,,,,-7.9,-107.999998,12.5,96.099998,,0.0,95.499998,-115.899998,7.4,,-12.4,0.0,,,-108.499998,-5.0,-17.4,0.0,,-17.4,-17.4,,534.0,-0.035,-0.035,-0.035,534.0,-0.035,-0.035,-0.035,
12/02/1999,1343.699951,,-565.900024,,777.799927,,-218.0,,,,559.799988,1.700001,,31.700001,-23.200001,0.0,-10.200001,561.499989,-195.399994,,366.100006,11.7,,,354.399995,-13.1,341.299988,0.0,0.0,341.299988,341.299988,,538.5,0.63,0.66,0.66,595.099976,0.6,0.62,0.62,
03/02/2000,1159.099976,,-681.099976,,478.0,,-205.899994,,,,272.100006,-2.9,,30.6,-27.9,0.0,0.199999,269.200006,-92.900002,,176.300003,7.5,,,168.800005,-7.5,161.300003,0.0,0.0,161.300003,161.300003,,540.799988,0.3,0.31,0.31,557.200012,0.29,0.3,0.3,
06/01/2000,1553.800049,,-892.099976,,661.700073,,-218.600006,,,,443.100006,16.4,,19.6,-30.5,0.0,-5.5,459.500006,-160.300003,,299.200012,15.0,,,284.200003,-9.3,274.899994,0.0,0.0,274.899994,274.899994,,551.0,0.5,0.53,0.53,602.5,0.47,0.5,0.5,
07/31/2000,2570.2,,-1208.5,,1361.7,,-263.9,,,,1097.8,12.9,-12.5,,,,-0.4,1110.7,-375.0,,735.7,,,,735.7,-9.0,726.7,,,726.7,726.7,,566.0,1.28,1.28,1.28,614.4,1.2,1.2,1.2,
11/30/2000,1571.599976,,-809.099976,,762.5,,-242.199997,,,,520.299988,41.299999,,8.0,-44.200001,0.0,-5.099998,561.599987,-196.0,,365.600006,7.3,,,358.299987,-6.1,352.200012,0.0,0.0,352.200012,352.200012,,581.900024,0.61,0.62,0.62,609.400024,0.58,0.59,0.59,
03/01/2001,1065.699951,,-865.400024,,200.299927,,-241.300003,,,,-41.0,39.699999,,4.1,-39.799999,0.0,-4.0,-1.300001,1.3,,0.0,84.199997,,,-84.199998,-4.1,-88.300003,0.0,0.0,-88.300003,-88.300003,,593.799988,-0.15,-0.01,-0.01,593.799988,-0.15,-0.01,-0.01,
05/31/2001,818.299988,,-1094.099976,,-275.799988,,-251.399994,,,,-527.200012,27.5,,3.5,-30.4,0.0,-0.6,-499.700012,195.5,,-304.200012,12.3,,,-316.500012,3.1,-313.399994,0.0,0.0,-313.399994,-313.399994,,596.299988,-0.53,-0.5,-0.19,596.299988,-0.53,-0.5,-0.19,
08/30/2001,480.3,,-1056.6,,-576.3,0.0,-352.3,204.4,,147.9,-928.6,-92.6,-16.4,1.1,-21.4,0.0,112.9,-1020.1,445.2,,-574.9,0.0,,,-574.9,-0.6,-575.5,0.0,0.0,-575.5,-575.5,2.86,597.7,-0.962858,-0.962858,-0.958072,597.7,-0.962858,-0.962858,-0.958072,
11/29/2001,423.899994,,-636.5,,-212.600006,,-239.399994,,,,-452.0,8.9,,2.7,-17.5,0.0,5.9,-443.1,177.199997,,-265.899994,0.0,,,-265.900003,0.0,-265.899994,0.0,0.0,-265.899994,-265.899994,,599.200012,-0.44,-0.44,-0.44,599.200012,-0.44,-0.44,-0.44,
02/28/2002,645.900024,,-502.899994,,143.000031,,-202.0,,,,-59.0,8.3,,4.0,-14.6,0.0,2.3,-50.7,20.299999,,-30.4,0.0,,,-30.400001,0.0,-30.4,0.0,0.0,-30.4,-30.4,,600.5,-0.05,-0.05,-0.05,600.5,-0.05,-0.05,-0.05,
05/30/2002,771.200012,,-603.0,,168.200012,,-211.600006,,,,-43.400002,3.1,,5.4,-10.4,0.0,1.9,-40.300002,16.1,,-24.200001,0.0,,,-24.200001,0.0,-24.200001,0.0,0.0,-24.200001,-24.200001,,602.299988,-0.04,-0.04,-0.04,602.299988,-0.04,-0.04,-0.04,
08/29/2002,748.0,,-957.2,,-209.2,0.0,-258.4,95.9,,162.5,-467.6,3.2,-4.1,,,,0.9,-464.4,-122.1,,-586.5,,,,-586.5,,-586.5,0.0,0.0,-586.5,-586.5,,604.0,-0.97,-0.97,-0.97,604.0,-0.97,-0.97,-0.97,
11/28/2002,685.099976,,-722.400024,,-37.300049,,-259.299988,,,,-296.600006,2.1,,4.9,-6.4,0.0,-0.6,-294.500006,-21.4,,-315.899994,0.0,,,-315.900006,0.0,-315.899994,0.0,-1.5,-317.399994,-317.399994,,605.200012,-0.52,-0.52,-0.57,605.200012,-0.52,-0.52,-0.57,
02/27/2003,785.0,,-1008.900024,,-223.900024,,-268.799988,,,,-492.700012,-108.899999,,7.8,-4.7,0.0,105.799998,-601.600011,-17.6,,-619.200012,0.0,,,-619.200011,0.0,-619.200012,0.0,0.0,-619.200012,-619.200012,,607.200012,-1.02,-1.02,-0.64,607.200012,-1.02,-1.02,-0.64,
05/29/2003,732.700012,,-661.700012,,71.0,,-260.100006,,,,-189.100006,-1.9,,12.2,-3.9,0.0,-6.4,-191.000006,-23.9,,-214.899994,0.0,,,-214.900005,0.0,-214.899994,0.0,0.0,-214.899994,-214.899994,,608.299988,-0.36,-0.36,-0.56,608.299988,-0.36,-0.36,-0.56,
08/28/2003,888.5,,-719.0,,169.5,,-268.399994,,,,-98.900002,-14.2,,11.6,-3.1,0.0,5.7,-113.100002,-10.1,,-123.199997,0.0,,,-123.200002,0.0,-123.199997,0.0,1.5,-121.699997,-121.699997,,609.5,-0.2,-0.2,-0.28,609.5,-0.2,-0.2,-0.28,
12/04/2003,1107.199951,,-821.200012,,285.999939,,-285.399994,,,,0.6,15.999999,,9.3,-3.8,0.0,-21.499999,16.599999,-15.5,,1.1,0.0,,,1.099999,0.0,1.1,0.0,-0.9,0.2,0.2,,633.799988,0.0,0.0,-0.02,636.599976,0.0,0.0,-0.02,
03/04/2004,991.0,,-742.799988,,248.200012,,-255.399994,,,,-7.2,-3.599999,,8.4,-3.5,0.0,-1.3,-10.799999,-17.5,,-28.299999,0.0,,,-28.299999,0.0,-28.299999,0.0,0.0,-28.299999,-28.299999,,643.200012,-0.04,-0.04,-0.04,643.200012,-0.04,-0.04,-0.04,
06/03/2004,1116.800049,,-728.900024,,387.900024,,-278.899994,,,,109.0,-4.099999,,8.9,-3.5,0.0,-1.3,104.900001,-14.0,,90.900002,0.0,,,90.900001,0.0,90.900002,0.0,0.0,90.900002,90.900002,,644.200012,0.14,0.14,0.14,705.400024,0.13,0.13,0.13,
09/02/2004,1189.199951,,-796.599976,,392.599976,,-267.200012,,,,125.400002,-4.099999,,9.4,-4.4,0.0,-0.9,121.300002,-27.799999,,93.5,0.0,,,93.500003,0.0,93.5,0.0,0.9,94.4,94.4,,645.099976,0.14,0.14,0.14,701.400024,0.14,0.14,0.14,
12/02/2004,1260.300049,,-837.299988,,423.000061,,-249.600006,,,,173.399994,-4.3,,10.2,-5.7,0.0,-0.2,169.099994,-14.2,,154.899994,0.0,,,154.899994,0.0,154.899994,0.0,0.0,154.899994,154.899994,,646.0,0.24,0.24,0.24,700.5,0.23,0.23,0.23,
03/03/2005,1307.9,,-953.9,,354.0,,-227.5,,,,126.5,-5.0,5.0,12.3,-7.3,0.0,0.0,121.5,-3.6,,117.9,0.0,,,117.9,0.0,117.9,0.0,0.0,117.9,117.9,,647.1,0.18,0.18,0.18,701.3,0.17,0.17,0.17,
06/02/2005,1054.199951,,-967.599976,,86.599976,,-216.699997,,,,-130.100006,-5.1,3.8,13.1,-9.3,0.0,1.3,-135.200006,7.3,,-127.900002,0.0,,,-127.900006,0.0,-127.900002,0.0,0.0,-127.900002,-127.900002,,648.200012,-0.2,-0.2,-0.2,648.200012,-0.2,-0.2,-0.2,
09/01/2005,1257.800049,,-975.599976,,282.200073,,-258.200012,,,,24.0,19.2,,11.3,-9.2,0.0,-21.3,43.2,-0.1,,43.099998,0.0,,,43.1,0.0,43.099998,0.0,0.0,43.099998,43.099998,,649.400024,0.07,0.07,0.07,650.0,0.07,0.07,0.07,
12/01/2005,1361.8,,-1050.7,,311.1,,-248.7,,,,62.4,0.4,,10.5,-10.8,0.0,-0.1,62.8,-0.2,,62.6,0.0,,,62.6,0.0,62.6,0.0,0.0,62.6,62.6,,650.1,0.1,0.1,0.1,707.1,0.09,0.09,0.09,
03/02/2006,1225.0,,-989.7,,235.3,,-48.1,,,,187.2,13.3,,7.5,-19.8,0.0,-1.0,200.5,-7.3,,193.2,0.0,,,193.2,0.0,193.2,0.0,0.0,193.2,193.2,,661.5,0.29,0.29,0.07,714.6,0.27,0.27,0.07,
06/01/2006,1312.3,,-982.5,,329.8,,-282.4,,,,47.4,30.4,-27.0,4.1,-31.1,0.0,-3.4,77.8,-6.5,,71.3,0.0,,,71.3,17.2,88.5,0.0,0.0,88.5,88.5,,708.6,0.12,0.12,0.12,720.1,0.12,0.12,0.12,
08/31/2006,1372.9,,-1049.1,,323.8,,-270.8,,,,53.0,38.9,,2.9,-39.3,0.0,-2.5,91.9,-4.0,,87.9,0.0,,,87.9,-24.2,63.7,0.0,0.0,63.7,63.7,,746.5,0.09,0.09,0.13,759.5,0.08,0.08,0.12,
11/30/2006,1530.0,,-1088.0,,442.0,,-332.0,,,,110.0,43.0,-40.0,1.0,-41.0,0.0,-3.0,153.0,-9.0,,144.0,0.0,,,144.0,-29.0,115.0,0.0,0.0,115.0,115.0,-19.5,767.0,0.15,0.15,0.12,779.6,0.15,0.15,0.12,
03/01/2007,1427.0,,-1070.0,,357.0,,-391.0,,,,-34.0,36.0,-31.0,4.0,-35.0,,-5.0,2.0,-6.0,,-4.0,0.0,,,-4.0,-48.0,-52.0,0.0,0.0,-52.0,-52.0,,768.7,-0.07,-0.07,-0.07,768.7,-0.07,-0.07,-0.07,
05/31/2007,1294.0,,-1188.0,,106.0,,-301.0,,,,-195.0,18.0,-17.0,12.0,-29.0,0.0,-1.0,-177.0,-9.0,,-186.0,0.0,,,-186.0,-39.0,-225.0,0.0,0.0,-225.0,-225.0,9.75,769.9,-0.29,-0.29,-0.28,769.9,-0.29,-0.29,-0.28,
08/30/2007,1437.0,,-1244.0,,193.0,,-315.0,,,,-122.0,-24.0,8.0,23.0,-15.0,0.0,16.0,-146.0,-6.0,,-152.0,0.0,,,-152.0,-6.0,-158.0,0.0,0.0,-158.0,-158.0,26.65,770.9,-0.21,-0.21,-0.17,770.9,-0.21,-0.21,-0.17,
11/29/2007,1535.0,,-1468.0,,67.0,,-252.0,,,,-185.0,-67.0,-9.0,21.0,-30.0,,76.0,-252.0,-7.0,,-259.0,0.0,,,-259.0,-3.0,-262.0,0.0,0.0,-262.0,-262.0,48.7,771.9,-0.34,-0.34,-0.28,771.9,-0.34,-0.34,-0.28,
02/28/2008,1359.0,,-1387.0,,-28.0,,-258.0,,,,-286.0,-489.0,-3.0,20.0,-23.0,0.0,492.0,-775.0,4.0,,-771.0,0.0,,,-771.0,-6.0,-777.0,0.0,0.0,-777.0,-777.0,483.2,772.4,-1.01,-1.01,-0.39,772.4,-1.01,-1.01,-0.39,
05/29/2008,1498.0,,-1450.0,,48.0,,-286.0,,,,-238.0,7.0,6.0,21.0,-15.0,0.0,-13.0,-231.0,-13.0,,-244.0,0.0,,,-244.0,8.0,-236.0,0.0,0.0,-236.0,-236.0,8.0,772.8,-0.3,-0.3,-0.29,772.8,-0.3,-0.3,-0.29,
08/28/2008,1449.0,,-1309.0,,140.0,,-248.0,,,,-313.0,-245.0,,20.0,-11.0,0.0,236.0,-558.0,-2.0,,-355.0,0.0,,,-560.0,11.0,-344.0,0.0,0.0,-344.0,-344.0,,772.9,-0.45,-0.45,-0.01,772.9,-0.45,-0.45,-0.01,
12/04/2008,1402.0,1402.0,-1851.0,1851.0,-449.0,0.0,-223.0,102.0,178.0,-57.0,-672.0,-41.0,31.0,41.0,-10.0,,10.0,-713.0,-13.0,-5.0,-731.0,0.0,0.0,0.0,-731.0,13.0,-718.0,0.0,0.0,-718.0,-783.047,-65.047,773.3,-0.93,-0.93,-1.012604,773.3,-0.93,-0.93,-1.014116,
03/05/2009,993.0,993.0,-1260.0,1260.0,-267.0,0.0,-442.0,90.0,168.0,184.0,-709.0,-44.0,43.0,47.0,-4.0,,1.0,-753.0,-5.0,-56.0,-814.0,0.0,0.0,0.0,-814.0,51.0,-763.0,0.0,0.0,-763.0,-617.9,145.1,773.9,-0.99,-0.99,-0.798424,773.9,-0.99,-0.99,-0.802508,
06/04/2009,1106.0,1106.0,-999.0,999.0,107.0,0.0,-353.0,80.0,162.0,111.0,-246.0,-47.0,43.0,49.0,-6.0,,4.0,-293.0,4.0,-45.0,-334.0,0.0,0.0,0.0,-334.0,33.0,-301.0,0.0,0.0,-301.0,-254.2,46.8,813.3,-0.37,-0.37,-0.312554,813.3,-0.37,-0.37,-0.312554,
09/03/2009,1302.0,1302.0,-1133.0,1133.0,169.0,0.0,-218.0,82.0,139.0,-3.0,-49.0,-44.0,43.0,,,,1.0,-93.0,13.0,-34.0,-114.0,0.0,0.0,0.0,-114.0,14.0,-100.0,0.0,0.0,-100.0,-122.1,-22.1,844.3,-0.12,-0.12,-0.144617,844.3,-0.12,-0.12,-0.146176,
12/03/2009,1740.0,1740.0,-1297.0,1297.0,443.0,0.0,-242.0,97.0,137.0,8.0,201.0,11.0,45.0,47.0,-2.0,,-56.0,212.0,7.0,-17.0,202.0,0.0,0.0,0.0,202.0,2.0,204.0,0.0,0.0,204.0,202.05,-1.95,846.3,0.24,0.24,0.238745,1000.7,0.23,0.23,0.228051,
03/04/2010,1961.0,1961.0,-1319.0,1319.0,642.0,0.0,-227.0,100.0,148.0,-21.0,415.0,-45.0,44.0,46.0,-2.0,,1.0,370.0,-4.0,13.0,379.0,0.0,0.0,0.0,379.0,-14.0,365.0,0.0,0.0,365.0,359.8,-5.2,847.6,0.43,0.43,0.424493,1005.3,0.39,0.39,0.384827,
06/03/2010,2288.0,2288.0,-1440.0,1440.0,848.0,0.0,-308.0,190.0,142.0,-24.0,540.0,398.0,40.0,44.0,-4.0,,-438.0,938.0,41.0,-19.0,960.0,0.0,0.0,0.0,960.0,-21.0,939.0,0.0,0.0,939.0,692.65,-246.35,885.4,1.06,1.06,0.782302,1049.4,0.92,0.92,0.685247,
09/02/2010,2493.0,2493.0,-1712.0,1712.0,781.0,0.0,-348.0,141.0,197.0,10.0,433.0,-33.0,31.0,41.0,-10.0,,2.0,400.0,-25.0,-16.0,359.0,0.0,0.0,0.0,359.0,-17.0,342.0,0.0,0.0,342.0,345.9,3.9,970.0,0.35,0.35,0.356598,1142.6,0.32,0.32,0.323413,
12/02/2010,2252.0,2252.0,-1728.0,1728.0,524.0,0.0,-134.0,140.0,185.0,-191.0,390.0,-144.0,30.0,38.0,-8.0,,114.0,246.0,-48.0,-26.0,172.0,0.0,0.0,0.0,172.0,-17.0,155.0,0.0,0.0,155.0,62.75,-92.25,972.9,0.16,0.16,0.064498,1031.3,0.15,0.15,0.06055,
03/03/2011,2257.0,2257.0,-1822.0,1822.0,435.0,0.0,-256.0,146.0,186.0,-76.0,179.0,-21.0,21.0,28.0,-7.0,,0.0,158.0,-35.0,-48.0,75.0,0.0,0.0,0.0,75.0,-3.0,72.0,0.0,0.0,72.0,17.55,-54.45,988.1,0.07,0.07,0.017761,1037.3,0.07,0.07,0.017508,
06/02/2011,2139.0,2139.0,-1661.0,1661.0,478.0,0.0,-241.0,151.0,211.0,-121.0,237.0,-12.0,22.0,28.0,-6.0,,-10.0,225.0,-104.0,-44.0,77.0,0.0,0.0,0.0,77.0,-2.0,75.0,0.0,0.0,75.0,61.8,-13.2,998.9,0.07,0.07,0.061868,1041.7,0.07,0.07,0.057328,
09/01/2011,2140.0,2140.0,-1819.0,1819.0,321.0,0.0,-372.0,155.0,209.0,8.0,-51.0,-27.0,28.0,30.0,-2.0,,-1.0,-78.0,-16.0,-40.0,-134.0,0.0,0.0,0.0,-134.0,-1.0,-135.0,0.0,0.0,-135.0,-128.5,6.5,992.2,-0.14,-0.14,-0.12951,992.2,-0.14,-0.14,-0.133449,
12/01/2011,2090.0,2090.0,-1785.0,1785.0,305.0,0.0,-387.0,151.0,230.0,6.0,-82.0,-33.0,33.0,35.0,-2.0,,0.0,-115.0,2.0,-74.0,-187.0,0.0,0.0,0.0,-187.0,0.0,-187.0,0.0,0.0,-187.0,-200.35,-13.35,981.4,-0.19,-0.19,-0.204147,981.4,-0.19,-0.19,-0.204147,
03/01/2012,2009.0,2009.0,-1799.0,1799.0,210.0,0.0,-414.0,174.0,222.0,18.0,-204.0,4.0,33.0,35.0,-2.0,,-37.0,-200.0,-9.0,-73.0,-282.0,0.0,0.0,0.0,-282.0,0.0,-282.0,0.0,0.0,-282.0,-306.05,-24.05,982.8,-0.29,-0.29,-0.311406,982.8,-0.29,-0.29,-0.314471,
05/31/2012,2172.0,2172.0,-1938.0,1938.0,234.0,0.0,-422.0,156.0,231.0,35.0,-188.0,-55.0,53.0,56.0,-3.0,,2.0,-243.0,38.0,-115.0,-320.0,0.0,0.0,0.0,-320.0,0.0,-320.0,0.0,0.0,-320.0,-302.85,17.15,987.3,-0.32,-0.32,-0.306746,987.3,-0.32,-0.32,-0.306746,
08/30/2012,1963.0,1963.0,-1744.0,1744.0,219.0,0.0,-359.0,139.0,235.0,-15.0,-140.0,-56.0,52.0,53.0,-1.0,,4.0,-196.0,-14.0,-32.0,-242.0,0.0,0.0,0.0,-242.0,-1.0,-243.0,0.0,0.0,-243.0,-245.6,-2.6,1013.1,-0.24,-0.24,-0.242424,1013.1,-0.24,-0.24,-0.242566,
11/29/2012,1834.0,1834.0,-1617.0,1617.0,217.0,0.0,-374.0,119.0,224.0,31.0,-157.0,-53.0,54.0,57.0,-3.0,,-1.0,-210.0,-13.0,-52.0,-275.0,0.0,0.0,0.0,-275.0,0.0,-275.0,0.0,0.0,-275.0,-274.05,0.95,1013.7,-0.27,-0.27,-0.270346,1013.7,-0.27,-0.27,-0.270346,
02/28/2013,2078.0,2078.0,-1712.0,1712.0,366.0,0.0,-389.0,123.0,214.0,52.0,-23.0,-212.0,53.0,56.0,-3.0,,159.0,-235.0,9.0,-58.0,-284.0,0.0,0.0,0.0,-284.0,-2.0,-286.0,0.0,0.0,-286.0,-233.35,52.65,1016.0,-0.28,-0.28,-0.229675,1016.0,-0.28,-0.28,-0.229675,
05/30/2013,2318.0,2318.0,-1762.0,1762.0,556.0,0.0,-407.0,127.0,226.0,54.0,149.0,-97.0,52.0,54.0,-2.0,,45.0,52.0,1.0,-10.0,43.0,0.0,0.0,0.0,43.0,0.0,43.0,0.0,0.0,43.0,111.9,68.9,1024.0,0.04,0.04,0.109277,1046.6,0.04,0.04,0.105832,
08/29/2013,2843.0,2843.0,-2135.0,2135.0,708.0,0.0,-501.0,193.0,267.0,41.0,207.0,1471.0,58.0,64.0,-6.0,,-1529.0,1678.0,-5.0,37.0,1710.0,0.0,0.0,0.0,1710.0,-2.0,1708.0,0.0,0.0,1708.0,261.636,-1446.364,1033.2,1.65,1.65,0.253229,1129.4,1.51,1.51,0.229352,
11/28/2013,4042.0,4042.0,-2761.0,2761.0,1281.0,0.0,-730.0,176.0,320.0,234.0,551.0,-176.0,96.0,101.0,-5.0,,80.0,375.0,-80.0,86.0,381.0,0.0,0.0,0.0,381.0,-23.0,358.0,0.0,0.0,358.0,561.45,203.45,1046.0,0.34,0.34,0.536759,1196.0,0.3,0.3,0.470109,
02/27/2014,4107.0,4107.0,-2704.0,2704.0,1403.0,0.0,-534.0,177.0,344.0,13.0,869.0,-199.0,77.0,83.0,-6.0,,122.0,670.0,-63.0,134.0,741.0,0.0,0.0,0.0,741.0,-10.0,731.0,0.0,0.0,731.0,812.9,81.9,1060.0,0.69,0.69,0.766887,1201.0,0.61,0.61,0.678193,
05/29/2014,3982.0,3982.0,-2614.0,2614.0,1368.0,0.0,-529.0,174.0,349.0,6.0,839.0,-96.0,75.0,80.0,-5.0,,21.0,743.0,-72.0,135.0,806.0,0.0,0.0,0.0,806.0,0.0,806.0,0.0,0.0,806.0,830.05,24.05,1067.0,0.76,0.76,0.777929,1190.0,0.68,0.68,0.70021,
08/28/2014,4227.0,4227.0,-2842.0,2842.0,1385.0,0.0,-557.0,180.0,358.0,19.0,828.0,117.0,81.0,88.0,-7.0,,-198.0,945.0,87.0,119.0,1151.0,0.0,0.0,0.0,1151.0,-1.0,1150.0,0.0,0.0,1150.0,1097.35,-52.65,1068.0,1.08,1.08,1.027481,1203.0,0.96,0.96,0.916234,
12/04/2014,4573.0,4573.0,-2935.0,2935.0,1638.0,0.0,-553.0,193.0,376.0,-16.0,1085.0,-132.0,83.0,90.0,-7.0,,49.0,953.0,-75.0,124.0,1002.0,0.0,0.0,0.0,1002.0,1.0,1003.0,0.0,0.0,1003.0,1055.857143,52.857143,1070.0,0.94,0.94,0.986782,1195.0,0.84,0.84,0.884232,
03/05/2015,4166.0,4166.0,-2761.0,2761.0,1405.0,0.0,-550.0,187.0,379.0,-16.0,855.0,-81.0,75.0,83.0,-8.0,,6.0,774.0,-47.0,208.0,935.0,0.0,0.0,0.0,935.0,-1.0,934.0,0.0,0.0,934.0,935.95,1.95,1074.0,0.87,0.87,0.871462,1190.0,0.78,0.78,0.781639,
06/04/2015,3853.0,3853.0,-2651.0,2651.0,1202.0,0.0,-571.0,169.0,406.0,-4.0,631.0,-104.0,88.0,97.0,-9.0,,16.0,527.0,-104.0,68.0,491.0,0.0,0.0,0.0,491.0,0.0,491.0,0.0,0.0,491.0,500.1,9.1,1073.0,0.46,0.46,0.466076,1170.0,0.42,0.42,0.427778,
09/03/2015,3600.0,3600.0,-2630.0,2630.0,970.0,0.0,-543.0,170.0,379.0,-6.0,427.0,-72.0,90.0,101.0,-11.0,,-18.0,355.0,69.0,47.0,471.0,0.0,0.0,0.0,471.0,0.0,471.0,0.0,0.0,471.0,434.4,-36.6,1060.0,0.44,0.44,0.409811,1124.0,0.42,0.42,0.387438,
12/03/2015,3350.0,3350.0,-2501.0,2501.0,849.0,0.0,-617.0,179.0,421.0,17.0,232.0,-89.0,85.0,96.0,-11.0,,4.0,143.0,4.0,59.0,206.0,0.0,0.0,0.0,206.0,0.0,206.0,0.0,0.0,206.0,183.634615,-22.365385,1035.0,0.2,0.2,0.177425,1085.0,0.19,0.19,0.169387,
03/03/2016,2934.0,2934.0,-2355.0,2355.0,579.0,0.0,-584.0,175.0,403.0,6.0,-5.0,-91.0,85.0,97.0,-12.0,,6.0,-96.0,-5.0,5.0,-96.0,0.0,0.0,0.0,-96.0,-1.0,-97.0,0.0,0.0,-97.0,-90.827027,6.172973,1036.0,-0.09,-0.09,-0.087671,1036.0,-0.09,-0.09,-0.087671,
06/02/2016,2898.0,2898.0,-2400.0,2400.0,498.0,0.0,-525.0,148.0,382.0,-5.0,-27.0,-133.0,99.0,109.0,-10.0,,34.0,-160.0,-15.0,-40.0,-215.0,0.0,0.0,0.0,-215.0,0.0,-215.0,0.0,0.0,-215.0,-184.4,30.6,1036.0,-0.21,-0.21,-0.177992,1036.0,-0.21,-0.21,-0.180463,
09/01/2016,3217.0,3217.0,-2638.0,2638.0,579.0,0.0,-611.0,157.0,411.0,43.0,-32.0,-136.0,126.0,135.0,-9.0,,10.0,-168.0,-3.0,1.0,-170.0,0.0,0.0,0.0,-170.0,0.0,-170.0,0.0,0.0,-170.0,-111.902632,58.097368,1037.0,-0.16,-0.16,-0.10791,1037.0,-0.16,-0.16,-0.10791,
12/01/2016,3970.0,3970.0,-2959.0,2959.0,1011.0,0.0,-652.0,159.0,470.0,23.0,359.0,-146.0,164.0,171.0,-7.0,,-18.0,213.0,-31.0,-2.0,180.0,0.0,0.0,0.0,180.0,0.0,180.0,0.0,0.0,180.0,264.35,84.35,1040.0,0.17,0.17,0.254183,1091.0,0.16,0.16,0.237314,
03/02/2017,4648.0,4648.0,-2944.0,2944.0,1704.0,0.0,-660.0,187.0,473.0,0.0,1044.0,-119.0,184.0,192.0,-8.0,,-65.0,925.0,-38.0,7.0,894.0,0.0,0.0,0.0,894.0,0.0,894.0,0.0,0.0,894.0,1091.75,197.75,1099.0,0.81,0.81,0.993403,1160.0,0.77,0.77,0.940474,
06/01/2017,5566.0,5566.0,-2957.0,2957.0,2609.0,0.0,-646.0,204.0,434.0,8.0,1963.0,-226.0,173.0,183.0,-10.0,,53.0,1737.0,-92.0,2.0,1647.0,0.0,0.0,0.0,1647.0,0.0,1647.0,0.0,0.0,1647.0,1694.45,47.45,1106.0,1.49,1.49,1.532052,1177.0,1.4,1.4,1.440314,
08/31/2017,6138.0,6138.0,-3026.0,3026.0,3112.0,0.0,-610.0,193.0,447.0,-30.0,2502.0,-181.0,164.0,180.0,-16.0,,17.0,2321.0,47.0,1.0,2369.0,0.0,0.0,0.0,2369.0,-1.0,2368.0,0.0,0.0,2368.0,2318.4,-49.6,1109.0,2.13,2.13,2.090532,1187.0,1.99,1.99,1.948214,
11/30/2017,6803.0,6803.0,-3056.0,3056.0,3747.0,0.0,-650.0,191.0,448.0,11.0,3097.0,-305.0,130.0,153.0,-23.0,,175.0,2792.0,-114.0,0.0,2678.0,0.0,0.0,0.0,2678.0,0.0,2678.0,0.0,0.0,2678.0,2946.3,268.3,1134.0,2.36,2.36,2.598148,1225.0,2.19,2.19,2.40902,
03/01/2018,7351.0,7351.0,-3081.0,3081.0,4270.0,0.0,-703.0,196.0,523.0,-16.0,3567.0,-114.0,87.0,114.0,-27.0,,27.0,3453.0,-143.0,1.0,3311.0,0.0,0.0,0.0,3311.0,-2.0,3309.0,0.0,0.0,3309.0,3467.5058,158.5058,1156.0,2.86,2.86,2.999572,1238.0,2.67,2.67,2.798034,
05/31/2018,7797.0,7797.0,-3074.0,3074.0,4723.0,0.0,-770.0,211.0,603.0,-44.0,3953.0,-237.0,67.0,103.0,-36.0,,170.0,3716.0,109.0,-2.0,3823.0,0.0,0.0,0.0,3823.0,0.0,3823.0,0.0,0.0,3823.0,3747.94,-75.06,1159.0,3.3,3.3,3.23377,1235.0,3.1,3.1,3.039223,
08/30/2018,8440.0,8440.0,-3289.0,3289.0,5151.0,0.0,-774.0,215.0,567.0,-8.0,4377.0,-31.0,-22.0,23.0,-45.0,,53.0,4346.0,-20.0,0.0,4326.0,0.0,0.0,0.0,4326.0,-1.0,4325.0,0.0,0.0,4325.0,4246.74,-78.26,1159.0,3.73,3.73,3.664142,1216.0,3.56,3.56,3.495641,
11/29/2018,7913.0,7913.0,-3298.0,3298.0,4615.0,0.0,-856.0,209.0,611.0,36.0,3759.0,14.0,13.0,51.0,-38.0,,-27.0,3773.0,-477.0,,3296.0,0.0,0.0,0.0,3296.0,-3.0,3293.0,0.0,0.0,3293.0,3381.87,88.87,1133.0,2.91,2.91,2.984881,1174.0,2.81,2.81,2.885698,
02/28/2019,5835.0,5835.0,-2971.0,2971.0,2864.0,0.0,-907.0,209.0,601.0,97.0,1957.0,-53.0,-20.0,38.0,-58.0,,73.0,1904.0,-280.0,1.0,1625.0,0.0,0.0,0.0,1625.0,-6.0,1619.0,0.0,0.0,1619.0,1748.78,129.78,1114.0,1.45,1.45,1.56982,1141.0,1.42,1.42,1.533742,
05/30/2019,4788.0,4788.0,-2960.0,2960.0,1828.0,0.0,-818.0,206.0,606.0,6.0,1010.0,-294.0,-13.0,39.0,-52.0,,307.0,716.0,135.0,0.0,851.0,0.0,0.0,0.0,851.0,-11.0,840.0,0.0,0.0,840.0,1073.71,233.71,1105.0,0.76,0.76,0.971683,1129.0,0.74,0.74,0.947006,
08/29/2019,4870.0,4870.0,-3475.0,3475.0,1395.0,0.0,-745.0,212.0,623.0,-90.0,650.0,5.0,-18.0,28.0,-46.0,0.0,13.0,655.0,-71.0,2.0,586.0,0.0,0.0,0.0,586.0,-25.0,561.0,0.0,0.0,561.0,565.9,4.9,1104.0,0.51,0.51,0.512591,1128.0,0.49,0.49,0.494344,
11/28/2019,5144.0,5144.0,-3778.0,3778.0,1366.0,0.0,-848.0,211.0,640.0,-3.0,518.0,43.0,13.0,57.0,-44.0,,-56.0,561.0,-55.0,2.0,508.0,0.0,0.0,0.0,508.0,-17.0,491.0,0.0,0.0,491.0,483.22,-7.78,1107.0,0.44,0.44,0.436513,1129.0,0.43,0.43,0.423109,
02/27/2020,4797.0,4797.0,-3442.0,3442.0,1355.0,0.0,-915.0,223.0,681.0,11.0,440.0,-13.0,18.0,52.0,-34.0,,-5.0,427.0,-21.0,1.0,407.0,0.0,0.0,0.0,407.0,-2.0,405.0,0.0,0.0,405.0,445.11,40.11,1111.0,0.37,0.37,0.400639,1133.0,0.36,0.36,0.395402,
05/28/2020,5438.0,5438.0,-3675.0,3675.0,1763.0,0.0,-875.0,216.0,649.0,10.0,888.0,-18.0,32.0,55.0,-23.0,,-14.0,870.0,-68.0,3.0,805.0,0.0,0.0,0.0,805.0,-2.0,803.0,0.0,0.0,803.0,873.06,70.06,1111.0,0.72,0.72,0.785833,1129.0,0.71,0.71,0.772055,
08/31/2020,5932.448,,,,2098.95942688,,,,,,1243.0,,,,,,,1222.375,,,1027.947,,,,,,1027.947,,,1027.947,1162.364,,,0.9,0.9,0.99,,0.9,0.9,0.99,
11/30/2020,5495.481,,,,1837.30416273,,,,,,1036.471,,,,,,,1053.25,,,796.368,,,,,,796.368,,,796.368,909.3,,,0.692,0.692,0.784,,0.692,0.692,0.784,
