Date,Revenue,Sales & Services Revenue,Other Revenue,Cost of Revenue,Cost of Goods & Services,Depreciation & Amortization,Gross Profit,Other Operating Income,Operating Expenses,"Selling, General & Admin",Research & Development,Other Operating Expense,Operating Income (Loss),Non-Operating (Income) Loss,"Interest Expense, Net",Interest Expense,Interest Income,Foreign Exch (Gain) Loss,(Income) Loss from Affiliates,Other Non-Op (Income) Loss,Pretax Income,Income Tax Expense (Benefit),Income (Loss) from Cont Ops,Net Extraordinary Losses (Gains),Discontinued Operations,XO & Accounting Changes,Income (Loss) Incl. MI,Minority Interest,"Net Income, GAAP",Preferred Dividends,Other Adjustments,"Net Income Avail to Common, GAAP","Net Income Avail to Common, Adj",Net Abnormal Losses (Gains),Basic Weighted Avg Shares,"Basic EPS, GAAP",Basic EPS from Cont Ops,"Basic EPS from Cont Ops, Adjusted",Diluted Weighted Avg Shares,"Diluted EPS, GAAP",Diluted EPS from Cont Ops,"Diluted EPS from Cont Ops, Adjusted",Source: Bloomberg
12/31/1989,455.513977,,,,,,,,,,,,,,,,,,,,,,,,,,,,20.900999,,,20.900999,20.900999,,135.721466,0.1525,0.1525,,135.721466,0.1525,0.1525,0.1525,
03/31/1990,449.093994,,,-368.847992,,,80.246002,,-31.862,,,,48.383999,1.724999,,8.826,,,,-10.551,50.108998,-27.489,22.620001,-4.065,,,26.684998,-4.687,21.997999,,,21.997999,21.997999,,135.804001,0.1625,0.1325,,135.804001,0.1625,0.1325,0.1325,
06/30/1990,397.237,,,-330.079987,,,67.157013,,-29.632,,,,37.525002,31.221001,,8.437,,,,-39.658001,68.746002,-34.910999,33.834999,-6.942,,,40.777003,-5.292,35.485001,,,35.485001,35.485001,,136.479996,0.26,0.21,,136.479996,0.26,0.21,0.21,
09/30/1990,513.789978,,,-459.38501,,,54.404968,,-41.476002,,,,12.929,55.769002,,7.957,,,,-63.726002,68.698002,-25.966999,42.730999,,,,42.731003,-5.164,37.567001,,,37.567001,37.567001,,135.376007,0.2775,0.2775,,135.376007,0.2775,0.2775,0.2775,
12/31/1990,507.26001,,,-387.355988,,,119.904022,,-33.703999,,,,86.199997,-21.024,,7.59,,0.292,,13.142,65.175997,-27.591,37.584999,10.522,,,27.062997,-8.104,18.959,,,18.959,18.959,,135.567992,0.14,0.2175,,135.567992,0.14,0.2175,0.2175,
03/31/1991,456.25,,,-382.208008,,,74.041992,,-34.351002,,,,39.691002,8.476,,6.218,,,,-14.694,48.167002,-24.062,24.105,-1.142,,,25.247002,0.39,25.636999,,,25.636999,25.636999,,135.727997,0.19,0.1825,,135.727997,0.19,0.1825,0.1825,
06/30/1991,470.291992,,,-410.324005,,,59.967987,,-40.240002,,,,19.728001,-128.448999,,6.17,,,,122.278999,-108.720999,1.852,-106.869003,,,,-106.868999,1.725,-105.143997,,,-105.143997,-105.143997,,135.667999,-0.775,-0.775,,135.667999,-0.775,-0.775,-0.775,
09/30/1991,428.846008,,,-378.273987,,,50.572021,,-32.759998,,,,17.812,34.309,,6.44,,,,-40.749001,52.121001,-8.531,43.59,,,,43.590001,,43.59,,,43.59,43.59,,179.880005,0.2425,0.2425,,179.880005,0.2425,0.2425,0.2425,
12/31/1991,245.546997,,,-207.959,,,37.587997,,-16.83,,,,20.757999,17.69,,9.182,,-0.42,,-26.452,38.447999,-6.416,32.032001,2.692,,,29.339999,-4.58,24.76,0.0,,24.76,24.76,,179.789992,0.1375,0.1525,0.1525,179.789992,0.1375,0.1525,0.1525,
03/31/1992,359.177002,,,-323.049011,,,36.127991,,-33.123001,,,,3.005,2.289,,4.568,,0.0,,-6.857,5.294,-6.358,-1.064,-24.356001,,,23.292001,0.0,23.292,0.0,,23.292,23.292,,179.983994,0.13,-0.005,,179.983994,0.13,-0.005,-0.005,
06/30/1992,409.920013,,,-364.578003,,,45.34201,,-37.160999,,,,8.181,27.897001,,1.501,,0.0,,-29.398001,36.078,-8.624,27.454,-6.435,,,33.889001,0.0,33.889,0.0,,33.889,33.889,,180.031998,0.1875,0.1525,,180.031998,0.1875,0.1525,0.1525,
09/30/1992,415.307007,,,-382.102997,,,33.20401,,-36.231998,,,,-3.028,2.058001,,8.186,,0.0,,-10.244,-0.97,15.665,14.695,-2.447,,,17.142,0.0,17.142,0.0,,17.142,17.142,,179.572006,0.095,0.0825,,179.572006,0.095,0.0825,0.0825,
12/31/1992,447.036987,,,-396.576996,,,50.459991,,-28.441999,,,,22.018,6.905,,0.57,,0.0,,-7.475,28.923,-7.247,21.676001,-9.566,,,31.242,0.0,31.242001,0.0,,31.242001,31.242001,,179.378004,0.175,0.1225,0.1225,179.378004,0.175,0.1225,0.1225,
03/31/1993,394.299988,,,-346.059998,,,48.23999,,-27.993,,,,20.247,3.097,,1.134,,0.0,,-4.231,23.344,0.497,23.841,-15.338,,,39.179,0.0,39.179001,0.0,,39.179001,39.179001,,179.479996,0.2175,0.1325,,179.479996,0.2175,0.1325,0.1325,
06/30/1993,423.5,,,-358.460999,,,65.039001,,-29.141001,,,,35.897999,6.241,,0.574,,0.0,,-6.815,42.138999,-19.450001,22.688999,0.0,,,22.688998,0.0,22.688999,0.0,,22.688999,22.688999,,179.451996,0.1275,0.1275,,179.451996,0.1275,0.1275,0.1275,
09/30/1993,417.700012,,,-355.518005,,,62.182007,,-30.624001,,,,31.558001,2.247,,0.031,,0.0,,-2.278,33.805001,-13.626,20.179001,0.0,,,20.179,0.0,20.179001,0.0,,20.179001,20.179001,,179.520004,0.1125,0.1125,,179.520004,0.1125,0.1125,0.1125,
12/31/1993,419.100006,,,-364.005005,,,55.095001,,-23.507999,,,,31.587,2.752,,0.461,,0.0,,-3.213,34.339,-14.25,20.099001,0.0,,,20.089,0.0,20.099001,0.0,,20.099001,20.099001,,179.464004,0.1125,0.1125,0.1125,179.464004,0.1125,0.1125,0.1125,
03/31/1994,398.299988,,,-330.408997,,,67.890991,,-28.593,,,,39.298,1.82,,1.118,,0.0,,-2.938,41.118,-17.43,23.688,0.0,,,23.688,0.0,23.688,0.0,,23.688,23.688,,179.419998,0.1325,0.1325,,179.419998,0.1325,0.1325,0.1325,
06/30/1994,421.5,,,-362.95401,,,58.54599,,-25.628,,,,32.917999,0.798,,1.015,,0.0,,-1.813,33.715999,-6.2,27.516001,0.0,,,27.515999,0.0,27.516001,0.0,,27.516001,27.516001,,179.552002,0.1525,0.1525,,179.552002,0.1525,0.1525,0.1525,
09/30/1994,442.5,,,-379.911011,,,62.588989,,-27.216,,,,35.373001,22.516,,0.327,,0.0,,-22.843,57.889002,-20.620001,37.269001,0.0,,,37.269001,0.0,37.269001,0.0,,37.269001,37.269001,,179.623993,0.2075,0.2075,,179.623993,0.2075,0.2075,0.2075,
12/31/1994,406.522003,,,-357.108002,,,49.414001,,-27.882999,,,,21.531,2.646,,0.101,,-0.051,,-2.696,24.177,-6.022,18.155001,0.0,,,18.155,0.0,18.155001,0.0,,18.155001,18.155001,,179.612,0.1,0.1,0.1,179.612,0.1,0.1,0.1,
03/31/1995,382.0,,,-362.002991,,,19.997009,,-28.202,,,,-8.205,29.083,,1.574,,0.0,,-30.657,20.878,-9.578,11.3,-4.7,,,15.999999,0.0,16.0,0.0,,16.0,16.0,,179.511993,0.09,0.0625,,179.511993,0.09,0.0625,0.0625,
06/30/1995,424.700012,,,-383.079987,,,41.620026,,-23.579,,,,18.041,16.910999,,1.49,,0.0,,-18.400999,34.951999,-17.052,17.9,-2.7,,,20.599999,0.0,20.6,0.0,,20.6,20.6,,179.524002,0.115,0.1,,179.524002,0.115,0.1,0.1,
09/30/1995,398.135986,,,-354.084015,,,44.051971,,-46.530998,,,,-2.479,1.457,,1.278,,0.0,,-2.735,-1.022,7.22,6.198,-1.416,,,7.614,0.0,7.614,0.0,,7.614,7.614,,179.496002,0.0425,0.035,,179.496002,0.0425,0.035,0.035,
12/31/1995,407.700012,,,-340.786987,,,66.913025,,-31.231001,,,,35.681999,-239.225007,,1.071,,,,238.154007,-203.543008,40.219002,-163.324005,-0.508,,,-162.816006,0.0,-162.815994,0.0,,-162.815994,-162.815994,,179.468004,-0.9075,-0.91,-0.91,179.468004,-0.9075,-0.91,-0.91,
03/31/1996,415.403015,,,-352.308014,,,63.095001,,-26.165001,,,,36.93,0.521,,1.018,,0.0,,-1.539,37.451,-17.125,20.326,-3.688,,,24.014,0.0,24.014,0.0,,24.014,24.014,,179.528,0.135,0.1145,,179.528,0.135,0.1145,0.1145,
06/30/1996,497.100006,,,-442.496002,,,54.604004,,-29.155001,,,,25.448999,17.177,,0.823,,0.0,,-18.0,42.625999,-17.826,24.799999,-3.3,,,28.099999,0.0,28.1,0.0,,28.1,28.1,,179.692001,0.155,0.1375,,179.692001,0.155,0.1375,0.1375,
09/30/1996,524.94397,,,-420.765991,,,104.177979,,-35.191002,,,,68.987,1.52,,0.735,,0.0,,-2.255,70.507,-29.981001,40.526001,-1.779,,,42.304999,0.0,42.305,0.0,,42.305,42.305,,180.031998,0.235,0.225,0.1025,180.031998,0.235,0.225,0.1025,
12/31/1996,571.0,,,-437.471985,,,133.528015,,-45.188999,,,,88.338997,-24.828,,0.272,,0.0,,24.556,63.510997,-23.111,40.400002,-3.1,,,43.499997,0.0,43.5,0.0,,43.5,43.5,,180.016006,0.2425,0.225,0.2,180.016006,0.2425,0.225,0.2,
03/31/1997,507.171997,,,-411.994995,,,95.177002,,-42.855,,,,52.321999,1.126,,0.018,,0.0,,-1.144,53.447999,-22.832001,30.615999,0.0,,,30.615998,0.0,30.615999,0.0,,30.615999,30.615999,,179.496002,0.17,0.17,0.17,179.755997,0.17,0.17,0.17,
06/30/1997,506.372986,,,-426.980011,,,79.392975,,-37.950001,,,,41.443001,1.324,,0.027,,0.0,,-1.351,42.767001,-15.211,27.556,0.0,,,27.556,0.0,27.556,0.0,,27.556,27.556,,179.507996,0.155,0.155,0.155,179.731995,0.1525,0.1525,0.1525,
09/30/1997,555.203979,,,-448.519012,,,106.684967,,-38.394001,,,,68.291,-4.026,,0.0,,0.0,,4.026,64.265,-21.940001,42.325001,0.0,,,42.325,0.0,42.325001,0.0,,42.325001,42.325001,,179.531998,0.235,0.235,0.235,179.880005,0.235,0.235,0.235,
12/31/1997,563.502991,,,-449.226013,,,114.276978,,-41.521,,,,72.755997,-21.586,,0.576,,0.0,,21.01,51.169997,-19.261,31.909,0.0,,,31.908997,0.0,31.909,0.0,,31.909,31.909,,179.524002,0.1775,0.1775,0.1775,179.559998,0.1775,0.1775,0.1775,
03/31/1998,439.536011,,,-379.692993,,,59.843018,,-34.821999,,,,25.021,-0.211,,1.326,,0.0,,-1.115,24.81,-9.269,15.541,0.0,,,15.541,0.0,15.541,0.0,,15.541,15.541,,179.759995,0.0875,0.0875,0.0875,180.063995,0.0875,0.0875,0.0875,
06/30/1998,448.645,,,-371.546,,,77.099,0.0,-60.688,16.876,,43.812,16.411,20.448,,,-4.094,,,-16.354,36.859,-14.66,22.199,,,,22.199,,22.199,,0.0,22.199,22.199,,179.838816,0.1225,0.1225,0.1225,180.137512,0.1225,0.1225,0.1225,
09/30/1998,433.319,,,-389.564,,,43.755,0.0,-34.521,15.387,,19.134,9.234,6.152,,,-4.891,,,-1.261,15.386,-6.371,9.015,,,,9.015,,9.015,0.0,0.0,9.015,9.015,,179.858628,0.05,0.05,0.05,179.950324,0.05,0.05,0.05,
12/31/1998,375.360992,,,-341.510986,,,33.850006,,-28.386999,,,,5.463,-90.795002,,4.285,,0.0,,86.510002,-85.332002,24.183001,-61.148998,0.0,,,-61.149001,0.0,-61.148998,0.0,,-61.148998,-61.148998,,179.848008,-0.34,-0.34,-0.34,179.848008,-0.34,-0.34,-0.34,
03/31/1999,302.879,,,-266.61,,,36.269,,-42.865,,,,-6.596,-4.597,4.471,4.471,,0.0,,0.126,-11.193,4.495,-6.698,0.0,,,-6.698,0.0,-6.698,0.0,,-6.698,-6.698,,179.82,-0.0375,-0.0375,-0.0325,179.82,-0.0375,-0.0375,-0.0325,
06/30/1999,449.962,,,-385.43,,,64.532,,-30.596,,,,33.936,-5.737,6.266,6.266,,0.0,,-0.529,28.199,-12.479,15.72,0.0,,,15.72,0.0,15.72,0.0,,15.72,15.72,,179.852,0.0875,0.0875,0.0875,180.14,0.0875,0.0875,0.0875,
09/30/1999,632.392,,,-513.358,,,119.034,,-34.46,,,,84.574,-4.062,5.225,5.225,,0.0,,-1.163,80.512,-29.301,51.211,0.0,,,51.211,0.0,51.211,0.0,,51.211,51.211,,179.884,0.285,0.285,0.25,180.24,0.285,0.285,0.25,
12/31/1999,651.608,,,-523.137,,,128.471,,-44.453,,,,84.018,-3.033,4.312,4.312,,0.0,,-1.279,80.985,-21.511,59.474,0.0,,,59.474,0.0,59.474,0.0,,59.474,59.474,,179.956,0.33,0.33,0.25,180.484,0.33,0.33,0.25,
03/31/2000,1019.305,,,-877.186,,,142.119,,-65.718,,,,76.401,-2.386,3.595,3.595,,0.0,,-1.209,74.015,-24.872,49.143,8.733,,,40.41,0.0,40.41,0.0,,40.41,40.41,,180.036,0.225,0.2725,0.2725,180.636,0.225,0.2725,0.2725,
06/30/2000,1092.399,,,-931.939,,,160.46,,-41.641,,,,118.819,1.119,3.238,3.238,,0.0,,-4.357,119.938,-46.893,73.045,0.0,,,73.045,0.0,73.045,0.0,,73.045,73.045,,180.088,0.405,0.405,0.3975,181.024,0.4025,0.4025,0.395,
09/30/2000,918.512,,,-742.116,,,176.396,,-43.861,,,,132.535,-9.448,-8.224,6.821,-15.045,0.0,,17.672,123.087,-37.498,85.589,0.0,,,85.589,0.0,85.589,0.0,,85.589,85.589,,180.172,0.475,0.475,0.465,181.224,0.4725,0.4725,0.4625,
12/31/2000,1270.441,,,-1070.108,,,200.333,,-59.883,,,,140.45,-3.853,2.683,2.683,,0.0,,1.17,136.597,-43.369,93.228,0.0,,,93.228,0.0,93.228,0.0,,93.228,93.228,,180.212,0.5175,0.5175,0.5275,180.992,0.515,0.515,0.525,
03/31/2001,1185.695,,,-967.443,,,218.252,,-59.795,,,,158.457,-2.468,6.158,6.158,,0.0,,-3.69,155.989,-58.153,97.836,0.0,,,97.836,0.0,97.836,0.0,0.0,97.836,97.836,,180.224,0.5425,0.5425,0.5425,181.26,0.54,0.54,0.54,
06/30/2001,1297.034,,,-980.669,,,316.365,,-67.357,,,,249.008,-2.024,5.369,5.369,,0.0,,-3.345,246.984,-84.416,162.568,0.0,,,162.568,0.0,162.568,0.0,0.0,162.568,162.568,,180.828,0.9,0.9,0.53,182.576,0.89,0.89,0.52,
09/30/2001,1111.976,,,-969.593,,,142.383,,-71.239,,,,71.144,-1.492,4.451,4.451,,0.0,,-2.959,69.652,-27.923,41.729,0.0,,,41.729,0.0,41.729,0.0,0.0,41.729,41.729,,181.226696,0.23,0.23,0.23,182.732408,0.2275,0.2275,0.2275,
12/31/2001,847.715,,,-743.919,,,103.796,,-58.701,,,,45.095,-11.812,3.028,3.028,,0.0,,8.784,33.283,-4.513,28.77,0.0,,,28.77,0.0,28.77,0.0,0.0,28.77,28.77,,181.284,0.155,0.155,0.155,182.856,0.155,0.155,0.155,
03/31/2002,828.9,,,-756.771,,,72.129,,-64.383,,,,7.746,-3.722,3.722,4.725,-1.003,0.0,,0.0,4.024,-1.49,2.534,0.0,,,2.534,0.0,2.534,0.0,0.0,2.534,2.534,,182.036,0.015,0.015,0.015,183.612,0.015,0.015,0.015,
06/30/2002,1034.879,,,-901.758,,,133.121,,-84.896,,,,48.225,-7.717,8.68,8.68,,0.0,,-0.963,40.508,-27.591,12.917,-1.012,,,13.929,0.0,13.929,0.0,0.0,13.929,13.929,,183.136,0.075,0.07,0.07,184.532,0.075,0.07,0.07,
09/30/2002,1044.279,,,-950.098,,,94.181,,-40.785,,,,53.396,-10.012,6.789,6.789,,0.0,,3.223,43.384,-6.892,36.492,-0.916,,,37.408,0.0,37.408,0.0,0.0,37.408,37.408,,183.276,0.205,0.2,0.125,184.296,0.205,0.2,0.125,
12/31/2002,1138.888,,,-1013.448,,,125.44,,-67.927,,,,57.513,6.558,6.774,6.774,,0.0,,-13.332,64.071,-18.301,45.77,-11.867,,,57.637,0.0,57.637,0.0,0.0,57.637,57.637,,183.342,0.315,0.25,0.25,185.26,0.31,0.245,0.245,
03/31/2003,1257.17,,,-1104.765,,,152.405,,-46.803,,,,105.602,-3.426,4.425,4.425,,0.0,,-0.999,102.176,-19.319,82.857,-4.255,,,87.112,0.0,87.112,0.0,0.0,87.112,87.112,,183.476,0.475,0.455,0.342,184.7,0.47,0.45,0.34,
06/30/2003,1172.895,,,-1050.463,,,122.432,,-57.727,,,,64.705,46.334,4.16,4.16,,0.0,,-50.494,111.039,-38.684,72.355,-7.331,,,79.686,0.0,79.686,0.0,0.0,79.686,79.686,,183.634,0.435,0.395,0.276,185.006,0.43,0.39,0.274,
09/30/2003,1251.39,,,-1092.56,,,158.83,,-77.177,,,,81.653,3.675,4.428,4.428,,0.0,,-8.103,85.328,-18.541,66.787,-1.95,,,68.737,0.0,68.737,0.0,0.0,68.737,68.737,,183.7,0.375,0.365,0.3915,185.696,0.37,0.36,0.387,
12/31/2003,1441.79,,,-1294.117,,,147.673,,-78.482,,,,69.191,6.16,7.498,7.498,,0.0,,-13.658,75.351,-16.689,58.662,0.0,,,58.662,0.0,58.662,0.0,0.0,58.662,58.662,,183.726,0.32,0.32,0.32,186.142,0.315,0.315,0.315,
03/31/2004,1616.57,,,-1415.87,,,200.7,,-82.337,,,,118.358,21.47,10.036,10.036,,0.0,,-31.506,139.828,-59.132,80.696,-17.543,,,98.239,0.0,98.239,0.0,0.0,98.239,98.239,,183.852,0.535,0.44,0.355,186.346,0.525,0.43,0.3505,
06/30/2004,2097.018,,,-1779.875,,,317.143,,-58.87,,,,258.273,-0.658,9.365,9.365,,0.0,,-8.707,257.615,-89.48,168.135,-181.738,,,349.873,0.0,349.873,0.0,0.0,349.873,349.873,,183.988,1.9,0.91,0.905,186.682,1.875,0.9,0.895,
09/30/2004,2262.29,,,-1982.88,,,279.41,,-106.315,,,,173.09,23.326,7.841,7.841,,0.0,,-31.167,196.416,-80.643,115.773,-2.95,,,118.723,0.0,118.723,0.0,0.0,118.723,118.723,,184.012,0.645,0.63,0.63,187.136,0.635,0.62,0.62,
12/31/2004,2311.6,,,-2045.6,,,266.0,,-59.051,,,,228.587,4.117,6.822,6.822,,0.0,,-10.939,232.704,-79.286,131.791,-2.689,,,156.107,0.0,134.48,0.0,0.0,134.48,134.48,,184.054,0.73,0.715,0.715,187.302,0.72,0.705,0.705,
03/31/2005,2404.001,,,-2097.941,,,306.06,,-106.6,36.305,,70.295,199.46,3.763,-10.56,4.469,,0.0,,6.797,203.223,-90.07,113.153,0.0,,,113.153,0.0,113.153,0.0,0.0,113.153,113.153,,184.248272,0.615,0.615,0.615,187.806028,0.6,0.6,0.6,
06/30/2005,2771.712,,,-2302.277,,,469.435,,-80.469,,,,388.966,172.991,2.746,2.746,,0.0,,-175.737,561.957,-214.164,347.793,0.0,,,347.793,0.0,347.793,0.0,0.0,347.793,347.793,,183.903885,1.89,1.89,1.31,187.682605,1.85,1.85,1.28,
09/30/2005,3311.332,,,-2851.27,,,460.062,,-73.954,,,,386.108,-32.142,1.404,1.404,,0.0,,30.738,353.966,-131.567,222.399,-8.549,,,230.948,0.0,230.948,0.0,0.0,230.948,230.948,,184.355365,1.25,1.2,1.32,188.069208,1.23,1.18,1.29,
12/31/2005,3193.034,,,-2777.076,,,415.958,,-165.42878,,,,250.52922,2.42578,0.146,0.146,,0.0,,-2.57178,252.955,-98.355,154.6,0.0,,,154.6,0.0,154.6,0.0,0.0,154.6,154.6,,185.2,0.83,0.83,0.89,188.35,0.82,0.82,0.88,
03/31/2006,2987.119,,,-2633.721,,,353.398,,-139.26,,,,214.138,0.67,0.974,0.974,,0.0,,-1.644,214.808,-98.825,115.983,0.0,,,115.983,0.0,115.983,0.0,0.0,115.983,115.983,,185.713673,0.62,0.62,0.62,188.636321,0.61,0.61,0.61,
06/30/2006,3798.032,,,-3378.703,,,419.329,,-76.821,,,,342.508,-47.38,2.639,2.639,,0.0,,44.741,295.128,-78.954,216.174,0.0,,,216.174,0.0,216.174,0.0,0.0,216.174,216.174,,185.919897,1.16,1.16,1.18,189.101235,1.14,1.14,1.16,
09/30/2006,4147.706,,,-3647.372,,,500.334,,-88.221,,,,412.113,-29.795,5.737,5.737,,0.0,,24.058,382.318,-159.543,222.775,0.0,,,222.775,0.0,222.775,0.0,0.0,222.775,222.775,,186.211753,1.2,1.2,1.34,189.238922,1.18,1.18,1.32,
12/31/2006,3346.468,,,-3031.715,,,314.753,,-285.831,,,,28.922,117.278,0.126,0.126,,0.0,,-117.404,146.2,-56.407,89.793,0.0,,,89.793,-0.056,89.737,0.0,0.0,89.737,89.737,,190.93,0.47,0.47,0.43,190.93,0.47,0.47,0.43,
03/31/2007,3427.586,,,-3128.854,,,298.732,,-101.325,,,,197.407,3.004,0.832,0.832,,0.0,,-3.836,200.411,-89.751,110.66,0.0,,,110.66,-0.026,110.634,0.0,0.0,110.634,110.634,,187.14787,0.59,0.59,0.59,189.789397,0.58,0.58,0.58,
06/30/2007,4614.598,,,-4079.395,,,535.203,,-84.897,,,,450.306,-46.014,1.959,1.959,,0.0,,44.055,404.292,-154.052,250.24,0.0,,,250.24,0.002,250.242,0.0,0.0,250.242,250.242,,187.615633,1.33,1.33,1.43,190.160989,1.32,1.32,1.42,
09/30/2007,4773.039,,,-4343.335,,,429.704,,-108.122,,,,321.582,-3.922,7.418,7.418,,0.0,,-3.496,317.66,-118.573,199.087,0.0,,,199.087,0.448,199.535,0.0,0.0,199.535,199.535,,188.239267,1.06,1.06,1.06,191.193266,1.04,1.04,1.04,
03/31/2008,6466.668,,,-5713.356,,,753.312,0.0,-125.27,58.774,,66.496,628.042,28.653,-0.471,14.204,-14.675,,,-28.182,656.695,-248.489,408.206,-0.786,,,408.992,,408.992,0.0,0.0,408.992,408.992,,189.150647,2.16,2.16,1.947,191.550683,2.14,2.13,1.92,
06/30/2008,8249.207,,,-7244.411,,,1004.796,0.0,-115.774,55.374,,60.4,889.022,79.455,-3.151,15.556,-18.707,,,-76.304,968.477,-349.961,618.516,-0.688,,,619.204,0.0,619.204,0.0,0.0,619.204,619.204,,189.564247,3.27,3.26,2.9,192.263483,3.22,3.22,2.87,
09/30/2008,8184.752,,,-7098.999,,,1085.753,0.0,-139.729,56.289,,83.44,946.024,-26.59,,26.926,,,,-0.336,919.434,-334.417,585.017,0.595,,,584.422,0.0,584.422,0.0,0.0,584.422,584.422,,189.787636,3.08,3.08,3.08,192.243448,3.04,3.04,3.04,
12/31/2008,4411.096,,,-3933.298,,,477.798,0.0,-192.123,58.053,,134.07,285.675,-11.916,,3.062,,,,8.854,273.759,-140.749,133.01,5.642,,,127.368,0.0,127.368,0.0,0.0,127.368,127.368,201.563,189.932,0.67,0.7,0.7,191.467,0.67,0.7,0.7,
03/31/2009,3416.427,3416.427,,-3119.427,2924.658,194.769,297.0,0.0,-167.922,56.832,,111.09,129.078,27.445,,1.665,,,,-29.11,156.523,-85.283,71.24,-99.864,-99.864,0.0,171.104,0.0,171.104,0.0,0.0,171.104,74.63235,3.39235,190.545771,0.9,0.373873,0.391677,192.281803,0.89,0.370637,0.37,
06/30/2009,4495.994,4495.994,,-4152.013,3954.584,197.429,343.981,0.0,-128.069,61.602,,66.467,215.912,55.225,,1.057,,,,-56.282,271.137,-110.293,160.844,2.074,2.074,0.0,158.77,0.0,158.77,0.0,0.0,158.77,179.8153,18.9713,190.746583,0.83,0.84,0.942692,192.380595,0.83,0.84,0.938613,
09/30/2009,5202.198,5202.198,,-4766.59,4521.051,245.539,435.608,0.0,-95.761,56.712,,39.049,339.847,-27.068,,8.476,,,,18.592,312.779,-123.902,188.877,0.0,0.0,0.0,188.877,0.0,188.877,0.0,0.0,188.877,184.04035,-4.83665,190.811162,0.99,0.99,0.964516,192.641808,0.98,0.98,0.954893,
12/31/2009,5873.937,5873.937,,-5116.302,4834.984,281.318,757.635,0.0,-200.688,67.12,,133.568,556.947,-20.213,,13.193,,,,7.02,536.734,-217.178,319.556,0.686,0.686,0.0,318.87,0.0,318.87,0.0,0.0,318.87,193.74655,-125.80945,190.983,1.67,1.67,1.01447,192.84,1.65,1.65,0.997597,
03/31/2010,5228.675,5228.675,,-4744.859,4452.179,292.68,483.816,0.0,-136.335,65.131,,71.204,347.481,-61.335,,12.144,,,,49.191,286.146,-137.255,148.891,0.0,0.0,0.0,148.891,0.0,148.891,0.0,0.0,148.891,144.1278,-4.7632,191.219265,0.78,0.78,0.753731,192.929735,0.77,0.77,0.745311,
06/30/2010,5592.353,5592.353,,-5009.467,4721.255,288.212,582.886,0.0,-127.177,68.851,,58.326,455.709,-10.732,,10.197,,,,0.535,444.977,-172.688,272.289,0.0,0.0,0.0,272.289,0.0,272.289,0.0,0.0,272.289,272.9806,0.6916,191.585996,1.42,1.42,1.424846,193.169099,1.41,1.41,1.41358,
09/30/2010,5210.807,5210.807,,-4709.148,4436.527,272.621,501.659,0.0,-130.221,63.892,,66.329,371.438,-18.724,,8.043,,,,10.681,352.714,-155.277,197.437,-5.395,-5.395,0.0,202.832,0.0,202.832,0.0,0.0,202.832,200.2177,2.7807,191.943813,1.06,1.03,1.043106,193.437992,1.05,1.02,1.034375,
12/31/2010,5564.075,5564.075,,-5089.722,4804.111,285.611,474.353,0.0,-183.789,69.799,,113.99,290.564,-4.344,4.344,4.344,0.0,,,0.0,286.22,-136.739,149.481,-24.588,-24.588,0.0,174.069,0.0,174.069,0.0,0.0,174.069,152.926,3.445,192.592,0.9,0.77,0.794041,193.942,0.9,0.77,0.787763,
03/31/2011,6266.009,6266.009,,-5694.37,5430.623,263.747,571.639,0.0,-160.531,69.661,,90.87,411.108,0.325,,5.286,,,,-5.611,411.433,-172.991,238.442,-30.461,-30.461,0.0,268.903,0.0,268.903,0.0,0.0,268.903,238.1183,-0.3237,193.092509,1.39,1.23,1.233182,194.597368,1.38,1.22,1.218337,
06/30/2011,7384.574,7384.574,,-6700.689,6443.904,256.785,683.885,0.0,-176.991,77.532,,99.459,506.894,-1.689,,9.961,,,,-8.272,505.205,-225.189,280.016,-31.597,-31.597,0.0,311.613,0.0,311.613,0.0,0.0,311.613,256.89625,-23.11975,193.481601,1.61,1.45,1.327755,194.916194,1.6,1.44,1.321386,
09/30/2011,7194.393,7194.393,,-6520.292,6249.022,271.27,674.101,0.0,-158.303,72.858,,85.445,515.798,10.913,,14.854,,,,-25.767,526.711,-179.401,347.31,-58.804,-58.804,0.0,406.114,0.0,406.114,0.0,0.0,406.114,347.26775,-0.04225,193.517785,2.1,1.8,1.7945,194.411116,2.09,1.79,1.789783,
12/31/2011,6794.033,6794.033,,-6063.685,5767.466,296.219,730.348,0.0,-633.302,79.183,,554.119,97.046,-10.599,,10.599,,,,0.0,86.447,-204.4,-117.953,-4.025,-4.025,0.0,-113.928,0.0,-113.928,0.0,0.0,-113.928,254.33445,372.28745,193.605,-0.59,-0.61,1.313677,194.486,-0.59,-0.61,1.304212,
03/31/2012,6953.861,6953.861,,-6344.898,6012.31,332.588,608.963,0.0,-140.996,88.159,,52.837,467.967,-2.331,,5.316,,,,-2.985,465.636,-184.198,281.438,-8.633,-8.633,0.0,290.071,0.0,290.071,0.0,0.0,290.071,269.5755,-11.8625,193.92226,1.5,1.45,1.390121,194.884733,1.49,1.44,1.379131,
06/30/2012,7146.728,7146.728,,-6473.502,6163.68,309.822,673.226,0.0,-184.308,87.619,,96.689,488.918,-0.881,,2.122,,,,-1.241,488.037,-196.731,291.306,-4.131,-4.131,0.0,295.437,0.0,295.437,0.0,0.0,295.437,294.58655,3.28055,194.208795,1.52,1.5,1.516855,194.846202,1.52,1.5,1.516837,
09/30/2012,2655.356,2655.356,,-2107.811,1796.556,311.255,547.545,0.0,-160.326,66.143,,94.183,387.219,-9.988,,1.48,,,,8.508,377.231,-165.551,211.68,-15.001,-15.001,0.0,226.681,0.0,226.681,0.0,0.0,226.681,233.6344,21.9544,194.290277,1.17,1.09,1.202502,195.057952,1.16,1.08,1.192553,
12/31/2012,1302.671,1302.671,,-691.896,320.554,371.342,610.775,0.0,-404.296,67.086,,337.21,206.479,-6.014,6.014,6.014,0.0,,,0.0,200.465,-76.53,123.935,-34.752,-34.752,0.0,158.687,0.0,158.687,0.0,0.0,158.687,254.0936,130.1586,193.452,0.82,0.64,1.313471,194.403,0.82,0.64,1.30953,
03/31/2013,1298.928,1298.928,,-727.324,364.182,363.142,571.604,0.0,-189.96,81.467,,108.493,381.644,-21.63,13.64,13.64,0.0,,,7.99,360.014,-177.331,182.683,-177.916,-177.916,0.0,360.599,0.0,360.599,0.0,0.0,360.599,187.2252,4.5422,190.810201,1.89,0.96,0.981212,191.765395,1.88,0.95,0.973686,
06/30/2013,1315.6,1315.6,,-665.454,284.07,381.384,650.146,0.0,-197.263,86.904,,110.359,452.883,1.271,15.115,15.115,0.0,,,-16.386,454.154,-194.265,259.889,-142.755,-142.755,0.0,402.644,0.0,402.644,0.0,0.0,402.644,272.94165,13.05265,189.002146,2.13,1.38,1.444119,189.944793,2.12,1.37,1.438718,
09/30/2013,2904.791,2904.791,,-2221.218,1814.653,406.565,683.573,0.0,-253.981,106.102,,147.879,429.592,20.037,20.524,20.524,0.0,,,-40.561,449.629,-197.514,252.115,-32.694,-32.694,0.0,284.809,0.0,284.809,0.0,0.0,284.809,252.7104,0.5954,186.938328,1.52,1.35,1.351838,188.337511,1.51,1.34,1.343161,
12/31/2013,1347.669,1347.669,,-861.632,447.431,414.201,486.037,0.0,-268.568,111.463,0.0,157.105,217.469,-22.621,22.621,22.621,0.0,0.0,,0.0,194.848,-14.361,180.487,105.066,105.066,0.0,75.421,0.0,75.421,0.0,0.0,75.421,262.7101,82.2231,185.204,0.41,0.98,1.41849,186.62,0.4,0.96,1.400591,
03/31/2014,1281.208,1281.208,,-696.895,300.646,396.249,584.313,0.0,-230.492,92.026,,138.466,353.821,-19.64,24.018,24.018,0.0,,,-4.378,334.181,-164.895,169.286,14.033,14.033,0.0,155.253,0.0,155.253,0.0,0.0,155.253,179.0217,9.7357,181.367565,0.86,0.94,0.987066,182.57657,0.85,0.93,0.983324,
06/30/2014,1357.905,1357.905,,-786.078,327.085,458.993,571.827,0.0,-229.812,95.0,,134.812,342.015,-37.422,28.716,28.716,0.0,,,8.706,304.593,-161.925,142.668,13.256,13.256,0.0,129.412,0.0,129.412,0.0,0.0,129.412,142.6798,0.0118,178.50044,0.72,0.8,0.799325,180.04502,0.72,0.79,0.790066,
09/30/2014,1431.007,1431.007,,-805.843,306.692,499.151,625.164,0.0,-200.526,82.96,,117.566,424.638,-28.146,29.647,29.647,0.0,,,-1.501,396.492,-125.435,271.057,25.35,25.35,0.0,245.707,0.0,245.707,0.0,0.0,245.707,213.1399,-57.9171,177.535503,1.38,1.52,1.200548,178.856078,1.37,1.51,1.18618,
12/31/2014,1407.626,1407.626,,-865.312,313.458,551.854,542.314,0.0,-268.221,94.018,0.0,174.203,274.093,-57.09,33.438,33.438,0.0,0.0,0.0,23.652,217.003,224.958,441.961,66.723,66.723,0.0,375.238,0.0,375.238,0.0,0.0,375.238,50.3206,-391.6404,177.497,2.11,2.49,0.283501,178.415,2.1,2.48,0.283501,
03/31/2015,749.15,749.15,,-746.008,264.981,481.027,3.142,0.0,-79.824,86.967,,-7.143,-76.682,-41.046,28.085,28.085,0.0,,,12.961,-117.728,121.258,3.53,17.971,17.971,0.0,-14.441,0.0,-14.441,0.0,0.0,-14.441,-164.67,-168.2,177.734159,-0.08,0.02,-0.926496,178.241616,-0.08,0.02,-0.926496,
06/30/2015,718.621,718.621,,-661.672,258.282,403.39,56.949,0.0,-125.889,79.176,,46.713,-68.94,-41.151,28.643,28.643,0.0,,,12.508,-110.091,21.105,-88.986,-15.152,-15.152,0.0,-73.834,0.0,-73.834,0.0,0.0,-73.834,-81.786,7.2,174.488842,-0.42,-0.51,-0.468718,174.488842,-0.42,-0.51,-0.468737,
09/30/2015,665.589,665.589,,-643.715,210.009,433.706,21.874,0.0,-2430.854,71.791,,2359.063,-2408.98,0.963,30.145,30.145,0.0,,,-31.108,-2408.017,820.935,-1587.082,8.344,8.344,0.0,-1595.426,0.0,-1595.426,0.0,0.0,-1595.426,-76.721,1510.361,172.205433,-9.26,-9.22,-0.44552,172.205433,-9.26,-9.22,-0.449307,
12/31/2015,653.757,653.757,,-515.193,213.492,301.701,138.564,0.0,-762.023,68.729,,693.294,-623.459,-22.967,30.502,30.502,0.0,,,-7.535,-646.426,63.192,-583.234,3.898,3.898,0.0,-587.132,0.0,-587.132,0.0,0.0,-587.132,-148.8158,434.4182,172.031,-3.41,-3.39,-0.865052,172.031,-3.41,-3.39,-0.865052,
03/31/2016,429.094,429.094,,-470.014,183.865,286.149,-40.92,0.0,-195.489,73.507,,121.982,-236.409,-28.625,30.22,30.22,0.0,,,-1.595,-265.034,65.549,-199.485,-0.683,-0.683,0.0,-198.802,0.0,-198.802,0.0,0.0,-198.802,-111.0993,88.3857,172.114012,-1.16,-1.16,-0.645498,172.114012,-1.16,-1.16,-0.64647,
06/30/2016,411.217,411.217,,-437.554,182.315,255.239,-26.337,0.0,-100.432,67.113,,33.319,-126.769,-4.498,34.45,34.45,0.0,,,-29.952,-131.267,134.172,2.905,-0.025,-0.025,0.0,2.93,0.0,2.93,0.0,0.0,2.93,-43.17085,-46.07585,172.196914,0.02,0.02,-0.250706,172.799827,0.02,0.02,-0.250706,
09/30/2016,486.276,486.276,,-396.198,140.298,255.9,90.078,0.0,-82.605,55.523,,27.082,7.473,-24.232,39.219,39.219,0.0,,,-14.987,-16.759,2.176,-14.583,1.593,1.593,0.0,-16.176,0.0,-16.176,0.0,0.0,-16.176,-19.7085,-5.1255,172.19935,-0.09,-0.08,-0.114452,172.19935,-0.09,-0.08,-0.114452,
12/31/2016,482.988,482.988,,-400.243,143.45,256.793,82.745,0.0,-127.556,69.067,,58.489,-44.811,-35.244,44.281,44.281,0.0,,,-9.037,-80.055,17.275,-62.78,1.142,1.142,0.0,-63.922,0.0,-63.922,0.0,0.0,-63.922,-13.3453,49.4347,172.201,-0.37,-0.36,-0.077498,172.201,-0.37,-0.36,-0.077498,
03/31/2017,546.112,546.112,,-380.065,143.911,236.154,166.047,0.0,48.453,51.255,,-99.708,214.5,-59.618,44.597,44.597,0.0,,,15.021,154.882,-97.387,57.495,-0.969,-0.969,0.0,58.464,0.0,58.464,0.0,0.0,58.464,-76.405,-133.9,172.422,0.34,0.33,-0.443128,173.089,0.34,0.33,-0.44359,
06/30/2017,504.421,504.421,,-367.341,132.349,234.992,137.08,0.0,-75.529,52.809,,22.72,61.551,-83.45,45.145,45.145,0.0,,,38.305,-21.899,4.545,-17.354,0.217,0.217,0.0,-17.571,0.0,-17.571,0.0,0.0,-17.571,-52.2869,-34.9329,172.558,-0.1,-0.1,-0.303011,172.558,-0.1,-0.1,-0.303011,
09/30/2017,497.619,497.619,,-377.857,134.221,243.636,119.762,0.0,-81.62,51.374,,30.246,38.142,-101.7,48.681,48.681,0.0,,,53.019,-63.558,-2.76,-66.318,-0.425,-0.425,0.0,-65.893,0.0,-65.893,0.0,0.0,-65.893,-54.59405,11.72395,172.573,-0.38,-0.38,-0.316353,172.573,-0.38,-0.38,-0.316353,
12/31/2017,539.656,539.656,,-386.988,144.051,242.937,152.668,0.0,-126.097,48.135,,77.962,26.571,-24.196,43.36,43.36,0.0,,,-19.164,2.375,-287.136,-284.761,2.03,2.03,0.0,-286.791,0.0,-286.791,0.0,0.0,-286.791,21.339,306.1,172.573,-1.66,-1.65,0.123652,172.573,-1.66,-1.65,0.123652,
03/31/2018,366.827,366.827,,-290.105,107.362,182.743,76.722,0.0,-57.826,48.096,,9.73,18.896,-39.954,44.541,44.541,0.0,,,-4.587,-21.058,111.639,90.581,-77.672,-77.672,0.0,168.253,0.0,168.253,0.0,0.0,168.253,-26.05119,-116.63219,172.805,0.96,0.52,-0.150755,174.62,0.96,0.52,-0.150755,
06/30/2018,389.143,389.143,,-291.259,100.508,190.751,97.884,0.0,-75.405,56.295,,19.11,22.479,-45.042,44.325,44.325,0.0,,,0.717,-22.563,-2.622,-25.185,-70.704,-70.704,0.0,45.519,0.0,45.519,0.0,0.0,45.519,-15.43023,9.75477,173.043,0.27,-0.14,-0.08917,173.983,0.25,-0.14,-0.08917,
09/30/2018,490.511,490.511,,-302.786,105.283,197.503,187.725,0.0,-64.965,60.683,,4.282,122.76,-48.792,44.209,44.209,0.0,,,4.583,73.968,-17.837,56.131,-37.812,-37.812,0.0,93.943,0.0,93.943,0.0,0.0,93.943,12.43304,-43.69796,173.047,0.54,0.32,0.071848,174.175,0.54,0.32,0.069115,
12/31/2018,503.448,476.074,27.374,-324.487,119.87,204.617,178.961,0.0,-127.509,40.118,,87.391,51.452,-38.797,47.284,47.284,0.0,,,-8.487,12.655,34.956,47.611,-64.16,-64.16,0.0,111.771,-8.392,103.379,0.0,0.0,103.379,-6.81892,-46.03792,173.055,0.6,0.23,-0.039403,174.312,0.59,0.22,-0.044112,
03/31/2019,629.354,629.354,,-380.539,151.133,229.406,248.815,0.0,-164.253,63.36,,100.893,84.562,-50.817,46.069,46.069,0.0,,,4.748,33.745,-10.822,22.923,-49.846,-49.846,0.0,72.769,-32.587,40.182,0.0,0.0,40.182,23.09432,32.75832,173.341,0.23,-0.06,0.133231,174.491,0.23,-0.06,0.127736,
06/30/2019,738.352,680.436,57.916,-424.403,160.101,264.302,313.949,0.0,-142.946,57.532,,85.414,171.003,-63.064,54.096,54.096,0.0,,,8.968,107.939,-9.115,98.824,-24.418,-24.418,0.0,123.242,-30.97,92.272,0.0,0.0,92.272,41.53158,-26.32242,168.538,0.55,0.4,0.246423,169.272,0.54,0.4,0.244496,
09/30/2019,817.077,817.077,,-497.584,172.022,325.562,319.493,0.0,-93.029,55.366,,37.663,226.464,-49.348,44.93,44.93,0.0,,,4.418,177.116,-18.782,158.334,-953.368,-953.368,0.0,1111.702,-22.7,1089.002,0.0,0.0,1089.002,56.15671,-79.47729,160.366,6.79,0.85,0.350178,160.98,6.76,0.84,0.346291,
12/31/2019,634.965,756.984,-122.019,-538.961,210.389,328.572,96.004,0.0,-132.74,56.478,,76.262,-36.736,-78.566,74.18,74.18,0.0,,,4.386,-115.302,24.036,-91.266,-36.855,-36.855,0.0,-54.411,-17.313,-71.724,0.0,0.0,-71.724,24.72844,133.30744,154.007,-0.47,-0.71,0.160567,154.915,-0.47,-0.71,0.15052,
03/31/2020,1001.23,600.558,400.672,-534.638,228.536,306.102,466.592,0.0,-1021.109,36.772,,984.337,-554.517,-40.856,41.097,41.097,0.0,,,-0.241,-595.373,91.533,-503.84,4.862,4.862,0.0,-508.702,92.598,-416.104,0.0,0.0,-416.104,-47.51542,363.72658,153.313,-2.71,-2.68,-0.309924,153.313,-2.71,-2.68,-0.309924,
06/30/2020,209.865,285.745,-75.88,-393.001,161.555,231.446,-183.136,0.0,-191.001,39.1,,151.901,-374.137,-43.769,38.598,38.598,0.0,,,5.171,-417.906,94.773,-323.133,1.267,1.267,0.0,-324.4,7.216,-317.184,0.0,0.0,-317.184,-112.64183,203.27517,153.581,-2.06,-2.05,-0.733436,153.581,-2.06,-2.05,-0.733436,
09/30/2020,477.818,,,,,,,,,,,,22.62,,,,,,,,-43.866,,-35.263,,,,,,-35.263,,,-35.263,-35.263,,,-0.198,-0.198,-0.198,,-0.198,-0.198,-0.198,
12/31/2020,512.083,,,,,,,,,,,,35.1,,,,,,,,-22.092,,-18.03,,,,,,-18.03,,,-18.03,-18.03,,,-0.061,-0.061,-0.061,,-0.061,-0.061,-0.061,
