Date,Revenue,Sales & Services Revenue,Other Revenue,Cost of Revenue,Cost of Goods & Services,Depreciation & Amortization,Gross Profit,Other Operating Income,Operating Expenses,"Selling, General & Admin",Selling & Marketing,General & Administrative,Research & Development,Other Operating Expense,Operating Income (Loss),Non-Operating (Income) Loss,"Interest Expense, Net",Interest Expense,Interest Income,Foreign Exch (Gain) Loss,(Income) Loss from Affiliates,Other Non-Op (Income) Loss,Pretax Income,Income Tax Expense (Benefit),Current Income Tax,Deferred Income Tax,Income (Loss) from Cont Ops,Net Extraordinary Losses (Gains),Discontinued Operations,XO & Accounting Changes,Income (Loss) Incl. MI,Minority Interest,"Net Income, GAAP",Preferred Dividends,Other Adjustments,"Net Income Avail to Common, GAAP","Net Income Avail to Common, Adj",Net Abnormal Losses (Gains),Basic Weighted Avg Shares,"Basic EPS, GAAP",Basic EPS from Cont Ops,"Basic EPS from Cont Ops, Adjusted",Diluted Weighted Avg Shares,"Diluted EPS, GAAP",Diluted EPS from Cont Ops,"Diluted EPS from Cont Ops, Adjusted",Source: Bloomberg
12/31/1989,50.635998,,,,,,,,,,,,,,50.635998,,,,,,,,,,,,50.635998,,,,,,1.74,,,1.74,1.74,,175.131988,0.01,0.01,,175.131988,0.01,0.01,0.01,
03/31/1990,61.280998,,,-30.188999,,,31.091999,,-16.063,,,,,,15.029,0.764,,4.363,,,,-5.127,15.793,-5.382,,,10.411,,,,10.411,,10.411,,,10.411,10.411,,175.619996,0.06,0.06,,175.619996,0.06,0.06,0.06,
06/30/1990,43.639,,,-30.308001,,,13.330999,,-8.979,,,,,,4.352,-2.063,,4.703,,,,-2.64,2.289,-0.485,,,1.804,,,,1.804,,1.804,,,1.804,1.804,,175.796005,0.01,0.01,,175.796005,0.01,0.01,0.01,
09/30/1990,48.131001,,,-27.149,,,20.982,,-14.039,,,,,,6.943,1.615,,4.427,,,,-6.042,8.558,-2.898,,,5.66,,,,5.66,,5.66,,,5.66,5.66,,176.003998,0.0325,0.0325,,176.003998,0.0325,0.0325,0.0325,
12/31/1990,69.806999,,,-35.367001,,,34.439998,,-21.068001,,,,,,13.372,2.077,,4.452,,,,-6.529,15.449,-4.77,,,10.679,,,,10.679,,10.679,,,10.679,10.679,,176.339996,0.06,0.06,,176.339996,0.06,0.06,0.06,
04/01/1991,58.577,,,-30.584999,,,27.992001,,-22.601999,,,,,,5.39,8.161,,4.71,,,,-12.871,13.551,-4.612,,,8.939,,,,8.939,,8.939,,,8.939,8.939,,176.404008,0.05,0.05,,176.404008,0.05,0.05,0.05,
07/01/1991,48.695,,,-31.027,,,17.667999,,-11.492,,,,,,6.176,-0.155,,4.625,,,,-4.47,6.021,-2.052,,,3.969,,,,3.969,,3.969,,,3.969,3.969,,176.5,0.0225,0.0225,,176.5,0.0225,0.0225,0.0225,
10/01/1991,51.323002,,,-37.703999,,,13.619003,,-9.786,,,,,,3.833,-2.287,,4.782,,,,-2.495,1.546,-0.534,,,1.012,,,,1.012,,1.012,,,1.012,1.012,,176.507996,0.005,0.005,,176.507996,0.005,0.005,0.005,
12/31/1991,67.858002,,,-40.758999,,,27.099003,,-18.797001,,,,,,8.302,-0.82,,4.948,,,,-4.128,7.482,-2.094,,,5.388,,,,5.388,,5.388,,,5.388,5.388,,176.744004,0.0325,0.0325,,176.744004,0.0325,0.0325,0.0325,
03/31/1992,56.887001,,,-40.709,,,16.178001,,-12.366,,,,,,3.812,0.042,,4.602,,,,-4.644,3.854,-1.303,,,2.551,,,,2.551,,2.551,,,2.551,2.551,,176.796004,0.015,0.015,,176.796004,0.015,0.015,0.015,
06/30/1992,61.307999,,,-43.506001,,,17.801998,,-12.219,,,,,,5.583,30.832998,,4.802,,,,-35.634998,36.415998,-12.33,,,24.086,,,,24.085999,,24.086,,,24.086,24.086,,176.815994,0.135,0.135,,176.815994,0.135,0.135,0.135,
09/30/1992,67.685997,,,-39.868,,,27.817997,,-14.325,,,,,,13.493,-4.081,,4.888,,,,-0.807,9.412,-2.893,,,6.519,,,,6.519,,6.519,,,6.519,6.519,,177.451996,0.0375,0.0375,,177.451996,0.0375,0.0375,0.0375,
12/31/1992,73.884003,,,-39.106998,,,34.777005,,-21.138,,,,,,13.639,-1.999,,4.93,,0.0,,-2.931,11.64,-3.556,,,8.084,0.0,,,8.084,0.0,8.083,0.0,,8.083,8.083,,182.387984,0.045,0.045,0.045,182.387984,0.045,0.045,0.045,
03/31/1993,66.888,,,-39.096001,,,27.792,,-18.931,,,,,,8.861,-1.88,,4.846,,0.0,,-2.966,6.981,-2.493,,,4.488,0.0,,,4.488,0.0,4.488,0.0,,4.488,4.488,,178.627991,0.025,0.025,,178.627991,0.025,0.025,0.025,
06/30/1993,64.128998,,,-40.324001,,,23.804996,,-16.093,,,,,,7.712,-1.592,,3.79,,0.0,,-2.198,6.12,-2.118,,,4.002,0.0,,,4.002,0.0,4.002,0.0,,4.002,4.002,,191.779999,0.02,0.02,,191.779999,0.02,0.02,0.02,
09/30/1993,63.355999,,,-48.016998,,,15.339001,,-6.964,,,,,,8.375,0.145,,0.845,,0.0,,-0.99,8.52,-4.255,,,4.265,0.0,,,4.265,0.0,4.265,0.0,,4.265,4.265,,199.432007,0.0225,0.0225,,199.432007,0.0225,0.0225,0.0225,
12/31/1993,83.630997,,,-54.888,,,28.742997,,-26.268999,,,,,,2.474,-3.436,,5.861,,0.0,,-2.425,-0.962,0.832,,,-0.13,0.0,,,-0.13,0.0,-0.13,0.0,,-0.13,-0.13,,199.731996,-0.0025,-0.0025,-0.0025,199.731996,-0.0025,-0.0025,-0.0025,
03/31/1994,80.902,,,-51.763,,,29.139,,-13.228,,,,,,15.911,-2.933,,5.572,,0.0,,-2.639,12.978,-4.561,,,8.417,0.0,,,8.417,0.0,8.417,0.0,,8.417,8.417,,199.764008,0.0425,0.0425,,199.764008,0.0425,0.0425,0.0425,
06/30/1994,89.475998,,,-57.558998,,,31.917,,-23.193001,,,,,,8.724,-1.976,,4.532,,0.0,,-2.556,6.748,-2.371,,,4.377,0.0,,,4.377,0.0,4.377,0.0,,4.377,4.377,,199.820007,0.0225,0.0225,,199.820007,0.0225,0.0225,0.0225,
09/30/1994,95.738998,,,-82.420998,,,13.318001,,-8.445,,,,,,4.873,-1.713,,3.415,,0.0,,-1.702,3.16,-1.109,,,2.051,0.0,,,2.051,0.0,2.051,0.0,,2.051,2.051,,199.927994,0.01,0.01,,199.927994,0.01,0.01,0.01,
12/31/1994,83.973,,,-53.146,,,30.827,,-45.862999,,,,,,-15.036,-2.625,,4.027,,0.0,,-1.402,-17.661,5.982,,,-11.679,0.0,,,-11.679,0.0,-11.679,0.0,,-11.679,-11.679,,200.016008,-0.0575,-0.0575,-0.0575,200.016008,-0.0575,-0.0575,-0.0575,
03/31/1995,90.875999,,,-72.665001,,,18.210999,,-13.923,,,,,,4.288,-3.577,,4.555,,0.0,,-0.978,0.711,-0.271,,,0.44,0.0,,,0.44,0.0,0.44,0.0,,0.44,0.44,,200.067993,0.0025,0.0025,,200.067993,0.0025,0.0025,0.0025,
06/30/1995,105.500999,,,-80.476997,,,25.024002,,-16.466999,,,,,,8.557,-3.131,,4.76,,0.0,,-1.629,5.426,-2.069,,,3.357,0.0,,,3.357,0.0,3.357,0.0,,3.357,3.357,,200.128006,0.0175,0.0175,,200.128006,0.0175,0.0175,0.0175,
09/30/1995,109.107002,,,-84.702003,,,24.404999,,-16.575001,,,,,,7.83,-3.421,,4.604,,0.0,,-1.183,4.409,-1.68,,,2.729,0.0,,,2.729,0.0,2.729,0.0,,2.729,2.729,,200.188004,0.0125,0.0125,,200.188004,0.0125,0.0125,0.0125,
12/31/1995,135.352005,,,-152.671997,,,-17.319992,,-22.795,,,,,,-40.115002,37.566998,,4.825,,0.0,,-42.391998,-2.548004,0.108,,,-2.44,0.0,,,-2.440004,0.0,-2.44,0.0,,-2.44,-2.44,,200.348008,-0.0125,-0.0125,-0.0125,200.348008,-0.0125,-0.0125,-0.0125,
03/31/1996,167.216003,,,-112.782997,,,54.433006,,-17.23,,,,,,37.202999,-1.576,,4.783,,0.0,,-3.207,35.626999,-12.948,,,22.679001,0.0,,,22.678999,0.0,22.679001,0.0,,22.679001,22.679001,,201.091995,0.1125,0.1125,0.1125,201.091995,0.1125,0.112499,0.1125,
06/30/1996,182.807999,,,-130.395996,,,52.412003,,-22.110001,,,,,,30.302,-4.252,,5.016,,0.0,,-0.764,26.05,-9.191,,,16.858999,0.0,,,16.859,0.0,16.858999,0.0,,16.858999,16.858999,,201.451996,0.0825,0.0825,0.0825,201.451996,0.0825,0.0825,0.0825,
09/30/1996,255.921005,,,-206.113007,,,49.807999,,-13.786,,,,,,36.021999,-11.006,,12.317,,0.0,,-1.311,25.015999,-9.71,,,15.306,0.0,,,15.305999,0.0,15.306,0.0,,15.306,15.306,,201.727997,0.0775,0.0775,0.0775,201.727997,0.0775,0.0775,0.0775,
12/31/1996,272.333008,,,-163.884995,,,108.448013,,-48.301998,,,,,,60.146,-10.55,,14.193,,0.0,,-3.643,49.596,-20.559999,,,29.035999,0.0,,,29.036,0.0,29.035999,0.0,,29.035999,29.035999,,218.356003,0.1325,0.1325,0.1325,218.356003,0.1325,0.1325,0.1325,
03/31/1997,319.432007,,,-215.753998,,,103.678009,,-31.783001,,,,,,71.894997,-10.841,,13.571,,0.0,,-2.73,61.053997,-22.691,,,38.362999,0.0,,,38.362997,0.0,38.362999,0.0,,38.362999,38.362999,,227.363998,0.1675,0.1675,0.1675,229.692001,0.1675,0.1675,0.1675,
06/30/1997,232.882004,,,-191.404999,,,41.477005,,-12.666,,,,,,28.811001,-8.062,,11.847,,0.0,,-3.785,20.749001,-7.597,,,13.152,0.0,,,13.152001,0.0,13.152,0.0,,13.152,13.152,,227.475998,0.0575,0.0575,0.0575,229.552002,0.0575,0.0575,0.0575,
09/30/1997,231.981995,,,-188.154999,,,43.826996,,-11.5,,,,,,32.327,-8.212,,10.579,,0.0,,-2.367,24.114999,-8.938,,,15.177,0.0,,,15.177,0.0,15.177,0.0,,15.177,15.177,,227.520004,0.0675,0.0675,0.0675,230.011993,0.065,0.065,0.065,
12/31/1997,306.71701,,,-179.612,,,127.105011,,-81.293999,,,,,,45.811001,5.956,,10.772,,0.0,,-16.728001,51.767001,-19.181,,,32.585999,0.0,,,32.586001,0.0,32.585999,0.0,,32.585999,32.585999,,227.587997,0.1425,0.1425,0.11,227.587997,0.1425,0.1425,0.11,
03/31/1998,246.535004,,,-186.296005,,,60.238998,,-29.676001,,,,,,30.563,-8.376999,,9.98,,0.0,,-1.603,22.186,-8.468,,,13.718,0.0,,,13.718,0.0,13.718,0.0,,13.718,13.718,,227.647995,0.06,0.06,0.06,229.567993,0.06,0.06,0.06,
06/30/1998,231.472,,,-179.145996,,,52.326004,,-36.916,,,,,,15.41,4.568955,,11.36,,0.0,,-15.928955,19.978955,-7.844,,,12.135,0.0,,,12.134955,0.0,12.135,0.0,,12.135,12.135,,227.832,0.0525,0.0525,0.0525,230.283996,0.0525,0.0525,0.0525,
09/30/1998,211.723999,,,-229.740997,,,-18.016998,,-12.626,,,,,,-30.642998,-10.406,,10.993,,0.0,,-0.587,-41.048998,15.899,,,-25.149998,0.0,,,-25.149998,0.0,-25.149998,0.0,,-25.149998,-25.149998,,227.880004,,-0.11,-0.11,229.08,-0.11,-0.11,-0.11,
12/31/1998,203.839996,,,-113.737,,,90.102997,,-103.177002,,,,,,-13.074,-234.749997,,11.425,,0.0,,223.324997,-247.823997,83.096001,,,-164.727997,0.0,,,-164.727997,0.0,-164.727997,0.0,,-164.727997,-164.727997,,227.916,-0.7225,-0.7225,-0.09,227.916,-0.7225,-0.7225,-0.09,
03/31/1999,175.865,,,-156.403,,,19.462,,-21.631,,,,,,-2.169,-9.866,11.912,11.912,,0.0,,-2.046,-12.035,3.134,,,-8.901,0.0,,,-8.901,0.0,-8.901,0.0,,-8.901,-8.901,,227.924,-0.04,-0.04,-0.04,227.924,-0.04,-0.04,-0.04,
06/30/1999,216.243,,,-176.363,,,39.88,,-18.586,,,,,,21.294,-8.769,11.118,11.118,,0.0,,-2.349,12.525,-3.346,,,9.179,0.0,,,9.179,0.0,9.179,0.0,,9.179,9.179,,228.672,0.04,0.04,0.04,229.852,0.04,0.04,0.04,
09/30/1999,241.971,,,-175.834,,,66.137,,-24.928,,,,,,41.209,3.109,10.392,10.392,,0.0,,-13.501,44.318,-16.664,,,27.654,0.0,,,27.654,0.0,27.654,0.0,,27.654,27.654,,228.012,0.1225,0.1225,0.075,230.012,0.12,0.12,0.075,
12/31/1999,252.698,,,-185.927,,,66.771,,-29.498,,,,,,37.273,-4.45,9.619,9.619,,0.0,,-5.169,32.823,-11.294,,,21.529,0.0,,,21.529,0.0,21.529,0.0,,21.529,21.529,,228.176,0.095,0.095,0.095,228.176,0.095,0.095,0.095,
03/31/2000,268.872,,,-191.906,,,76.966,,-27.962,,,,,,49.004,-5.652,8.541,8.541,,0.0,,-2.889,43.352,-16.472,,,26.88,0.0,,,26.88,0.0,26.88,0.0,0.0,26.88,26.88,,225.584,0.12,0.12,0.12,226.624,0.1175,0.1175,0.1175,
06/30/2000,301.777,,,-214.429,,,87.348,,-23.273,,,,,,64.075,-3.1,7.933,7.933,,0.0,,-4.833,60.975,-24.114,,,36.861,0.0,,,36.861,0.0,36.861,0.0,0.0,36.861,36.861,,223.024,0.165,0.165,0.165,226.72,0.1625,0.1625,0.1625,
09/30/2000,357.354,,,-233.858,,,123.496,,-28.255,,,,,,95.241,-4.261,7.839,7.839,,0.0,,-3.578,90.98,-33.763,,,57.217,0.0,,,57.217,0.0,57.217,0.0,0.0,57.217,57.217,,223.5,0.255,0.255,0.255,226.82,0.2525,0.2525,0.2525,
12/31/2000,453.284,,,-286.739,,,166.545,,-56.044,,,,,,110.501,-6.324,7.329,7.329,,0.0,,-1.005,104.177,-33.537,,,70.64,0.0,,,70.64,0.0,70.64,0.0,0.0,70.64,70.64,,223.888,0.315,0.315,0.315,227.916,0.31,0.31,0.31,
03/31/2001,559.967,,,-338.166,,,221.801,,-50.304,,,,,,171.497,-6.514,7.562,7.562,,0.0,,-1.048,164.983,-59.073,,,105.91,0.0,,,105.91,0.0,105.91,0.0,0.0,105.91,105.91,,225.28,0.47,0.47,0.47,229.988,0.46,0.46,0.46,
06/30/2001,413.992,,,-291.189,,,122.803,,-37.468,,,,,,85.335,-5.895,5.371,5.371,,0.0,,0.524,79.44,-28.106,,,51.334,0.0,,,51.334,0.0,51.334,0.0,0.0,51.334,51.334,,226.36,0.2275,0.2275,0.2275,229.648,0.2225,0.2225,0.2225,
09/30/2001,302.964,,,-231.323,,,71.641,,-58.588,,,,,,13.053,-5.527,7.399,7.399,,0.0,,-1.872,7.526,-3.718,,,3.808,0.0,,,3.808,0.0,3.808,0.0,0.0,3.808,3.808,,226.38,0.0175,0.0175,0.0175,228.68,0.0175,0.0175,0.0175,
12/31/2001,299.876,,,-265.18,,,34.696,,-49.485,,,,,,-14.789,-12.551,5.619,5.619,,0.0,,6.932,-27.34,-0.136,,,-27.476,0.0,,,-27.476,0.0,-27.476,0.0,0.0,-27.476,-27.476,,226.744,-0.12,-0.12,-0.12,226.744,-0.12,-0.12,-0.12,
03/31/2002,160.853,,,-125.735,,,35.118,,-47.728,,,,,,-12.61,-8.486,11.068,11.068,,0.0,,-2.582,-21.096,5.998,,,-15.098,0.0,,,-15.098,0.0,-15.098,0.0,0.0,-15.098,-15.098,,228.056,-0.065,-0.065,-0.065,228.056,-0.065,-0.065,-0.065,
06/30/2002,189.842,,,-113.638,,,76.204,,-32.316,,,,,,43.888,-15.577,11.962,11.962,,0.0,,3.615,28.311,-11.598,,,16.713,-0.406,,,17.119,0.0,17.119,0.0,0.0,17.119,17.119,,228.684,0.075,0.0725,0.0725,231.58,0.075,0.0725,0.0725,
09/30/2002,179.419,,,-113.708,,,65.711,,-65.463,,,,,,0.248,-7.047,10.33,10.33,,0.0,,-3.283,-6.799,3.096,,,-3.703,-2.513,,,-1.19,0.0,-1.19,0.0,0.0,-1.19,-1.19,,229.148,-0.005,-0.015,-0.015,229.148,-0.005,-0.015,-0.015,
12/31/2002,447.592,,,-351.222,,,96.37,,-52.858,,,,,,43.512,-5.821,14.349,14.349,,0.0,,-8.528,37.691,-20.87,,,16.821,0.0,,,16.821,0.0,16.821,0.0,0.0,16.821,16.821,,229.224,0.0725,0.0725,0.0725,229.224,0.0725,0.0725,0.0725,
03/31/2003,252.8,,,-142.574,,,110.226,,-51.364,,,,,,58.862,-0.626,13.527,13.527,,0.0,,-12.901,58.236,-25.524,,,32.712,-2.145,,,34.857,0.0,34.857,0.0,0.0,34.857,34.857,,229.504,0.1525,0.1425,0.1425,231.532,0.15,0.14,0.14,
06/30/2003,234.666,,,-144.409,,,90.257,,-51.902,,,,,,38.355,1.276,12.248,12.248,,0.0,,-13.524,39.631,-13.821,,,25.81,-3.26,,,29.07,0.0,29.07,0.0,0.0,29.07,29.07,,228.724,0.1275,0.1125,0.1125,230.68,0.125,0.1125,0.1125,
09/30/2003,232.827,,,-130.01,,,102.817,,-49.751,,,,,,53.066,-4.828,11.011,11.011,,,,-6.183,48.238,-16.671,,,31.567,-3.549,,,35.116,,35.116,,,35.116,35.116,,225.976,0.155,0.155,0.14,228.452,0.1525,0.1525,0.1375,
12/31/2003,245.031,,,-139.806,,,105.225,,-46.754,,,,,,58.471,-62.937,10.192,10.192,,0.0,,52.745,-4.466,4.27,,,-0.196,20.854,,,-21.05,0.0,-21.05,0.0,0.0,-21.05,-21.05,26.7,227.264,-0.0925,0.0,0.1165,227.264,-0.0925,0.0,0.1165,
03/31/2004,304.88,,,-135.612,,,169.268,,-42.261,,,,,,127.007,1.841,10.044,10.044,,0.0,,-11.885,128.848,-53.536,,,75.312,-10.234,,,85.546,0.0,85.546,0.0,0.0,85.546,85.546,,230.652,0.37,0.325,0.325,234.124,0.365,0.3225,0.3225,
06/30/2004,318.854,,,-145.001,,,173.853,,-62.793,,,,,,111.06,4.923,14.326,14.326,,0.0,,-19.249,115.983,-45.355,,,70.628,-1.399,,,72.027,0.0,72.027,0.0,0.0,72.027,72.027,,232.336,0.31,0.305,0.305,235.828,0.305,0.3,0.3,
09/30/2004,306.178,,,-131.0,,,175.178,,-48.556,,,,,,126.622,1.969,14.948,14.948,,0.0,,-16.917,128.591,-47.62,,,80.971,-2.721,,,83.692,0.0,83.692,0.0,0.0,83.692,83.692,,233.812,0.18,0.1725,0.1725,237.948,0.175,0.17,0.17,
12/31/2004,343.782,,,-152.763,,,191.019,,-57.507,,,,,,133.512,6.074,,14.142,,0.0,,-20.216,139.586,-52.647,,,86.939,-0.506,,,87.445,0.0,87.445,0.0,0.0,87.445,87.445,,471.12,0.185,0.185,0.185,471.12,0.1825,0.1825,0.1825,
03/31/2005,348.318,,,-127.286,,,221.032,,-47.062,,,,,,173.97,0.512,11.732,11.732,,0.0,,-12.244,174.482,-64.514,,,109.968,0.0,,,109.968,0.0,109.968,0.0,0.0,109.968,109.968,,236.332,0.465,0.465,0.465,240.556,0.46,0.46,0.46,
06/30/2005,466.899,,,-168.247,,,298.652,,-50.41,,,,,,248.242,-23.842,18.253,18.253,,0.0,,5.589,224.4,-87.523,,,136.877,0.0,,,136.877,0.0,136.877,0.0,0.0,136.877,136.877,,292.712,0.47,0.47,0.47,300.66,0.455,0.455,0.455,
09/30/2005,609.259,,,-140.756,,,468.503,,-170.032,,,,,,298.471,-57.335,29.045,,,0.0,-22.829,51.119,241.136,-64.18,,,176.956,0.0,,,176.956,0.0,176.956,0.0,0.0,176.956,176.956,,349.406,0.505,0.505,0.5,357.494,0.495,0.495,0.49,
12/31/2005,641.419,,,-218.596,,,422.823,,-89.879,,,,,,332.944,-8.321,32.554,32.554,,0.0,,-24.233,324.623,-102.704,,,221.919,0.0,,,221.919,0.0,221.919,0.0,0.0,221.919,221.919,,350.04,0.635,0.635,0.575,361.74,0.615,0.615,0.555,
03/31/2006,672.347,,,-228.207,,,444.14,,-72.922,,,,,,371.218,-21.865,33.168,33.168,,0.0,,-11.303,349.353,-123.266,,,226.087,0.0,,,226.087,0.0,226.087,0.0,0.0,226.087,226.087,,352.272,0.64,0.64,0.64,360.198,0.63,0.63,0.63,
06/30/2006,737.139,,,-284.218,,,452.921,,-67.061,,,,,,385.86,-430.725,33.918,33.918,,0.0,,396.807,-44.865,14.16,,,-30.705,0.0,,,-30.705,0.0,-30.705,0.0,0.0,-30.705,-30.705,,354.32,-0.085,-0.085,-0.085,354.32,-0.085,-0.085,-0.085,
09/30/2006,707.509,,,-277.921,,,429.588,,-71.561,,,,,,358.027,186.939,28.556,0.0,,0.0,,-215.495,544.966,-226.902,,,318.064,0.0,,,318.064,0.0,318.064,0.0,0.0,318.064,318.064,-88.1,352.436,0.9,0.9,0.655,362.154,0.875,0.875,0.63,
12/31/2006,683.725,,,-277.905,,,405.82,,-126.422,,,,,,279.398,-32.637,21.403,21.403,,0.0,,11.234,246.761,-81.78,,,164.981,0.0,,,164.981,0.0,164.981,0.0,0.0,164.981,164.981,,346.678,0.475,0.475,0.49,351.422,0.47,0.47,0.485,
03/31/2007,696.982,,,-279.036,,,417.946,,-90.33,,,,,,327.616,-23.764,26.872,26.872,,0.0,,-3.108,303.852,-92.04,,,211.812,0.0,,,211.812,0.0,211.812,0.0,0.0,211.812,211.812,,341.688,0.62,0.62,0.62,346.086,0.61,0.61,0.61,
06/30/2007,745.243,,,-308.59,,,436.653,,-101.522,,,,,,335.131,-42.03,30.986,30.986,,0.0,,11.044,293.101,-83.996,,,209.105,0.0,,,209.105,0.0,209.105,0.0,0.0,209.105,209.105,23.891,341.8,0.61,0.61,0.68,346.166,0.605,0.605,0.675,
09/30/2007,768.44,,,-317.045,,,451.395,,-95.312,,,,,,356.083,-12.806,29.247,29.247,,0.0,,-16.441,343.277,-120.602,,,222.675,0.0,,,222.675,0.0,222.675,0.0,0.0,222.675,222.675,1.09,342.246,0.65,0.65,0.655,346.7,0.64,0.64,0.645,
12/31/2007,850.437,,,-311.008,,,539.429,,-138.296,,,,,,401.133,26.204,25.852,25.852,,0.0,,-52.056,427.337,-127.059,,,300.278,0.0,,,300.278,0.0,300.278,0.0,0.0,300.278,300.278,,342.892,0.875,0.875,0.86,347.804,0.865,0.865,0.85,
03/31/2008,944.0,,,-341.0,,,603.0,,-121.0,,,,,,482.0,-166.0,27.0,27.0,,0.0,,139.0,316.0,-101.0,,,215.0,0.0,,,215.0,0.0,215.0,0.0,0.0,215.0,215.0,149.0,344.0,0.625,0.625,1.06,350.0,0.6,0.6,1.025,
06/30/2008,1037.0,,,-351.0,,,686.0,,-182.0,,,,,,504.0,-702.0,23.0,23.0,,0.0,,679.0,-198.0,54.0,,,-144.0,0.0,,,-144.0,0.0,-144.0,0.0,0.0,-144.0,-144.0,481.0,344.0,-0.42,-0.42,0.98,344.0,-0.42,-0.42,0.98,
09/30/2008,990.0,,,-353.0,,,637.0,,-199.0,,,,,,438.0,1016.0,26.0,26.0,,0.0,,-1042.0,1454.0,-480.0,,,974.0,0.0,,,974.0,0.0,974.0,0.0,0.0,974.0,974.0,-600.32,346.0,2.82,2.82,1.085,352.0,2.685,2.685,0.9795,
12/31/2008,674.0,,,-340.0,,,334.0,,-114.0,,,,,,220.0,268.0,17.0,17.0,,0.0,,-285.0,488.0,-183.0,,,305.0,0.0,,,305.0,0.0,305.0,0.0,0.0,305.0,305.0,-142.0,346.0,0.885,0.885,0.475,350.0,0.86,0.86,0.455,
03/31/2009,583.0,406.0,177.0,-330.0,130.0,200.0,253.0,0.0,-532.0,59.0,,59.0,,473.0,-279.0,-95.0,18.0,18.0,0.0,,-11.0,88.0,-374.0,186.0,115.0,-301.0,-188.0,0.0,0.0,0.0,-188.0,0.0,-188.0,0.0,0.0,-188.0,103.0,291.0,346.0,-0.545,-0.545,0.297688,346.0,-0.545,-0.545,0.29604,
06/30/2009,613.0,460.0,153.0,-325.0,129.0,196.0,288.0,0.0,-90.0,60.0,,60.0,,30.0,198.0,-288.0,23.0,23.0,0.0,,-16.0,281.0,-90.0,33.0,25.0,-58.0,-57.0,0.0,0.0,0.0,-57.0,0.0,-57.0,0.0,0.0,-57.0,117.65,174.65,346.0,-0.165,-0.165,0.340029,346.0,-0.165,-0.165,0.339769,
09/30/2009,717.0,573.0,144.0,-336.0,131.0,205.0,381.0,0.0,-114.0,53.0,,53.0,,61.0,267.0,-152.0,23.0,23.0,0.0,,-25.0,154.0,115.0,-8.0,92.0,-84.0,107.0,0.0,0.0,0.0,107.0,0.0,107.0,0.0,0.0,107.0,188.0,81.0,346.0,0.31,0.31,0.543353,350.0,0.305,0.305,0.536428,
12/31/2009,811.0,620.0,191.0,-350.0,135.0,215.0,461.0,0.0,-296.0,64.0,,64.0,,232.0,165.0,-80.0,,20.0,,,-32.0,92.0,85.0,-77.0,,,8.0,0.0,0.0,0.0,8.0,0.0,8.0,0.0,0.0,8.0,286.073313,278.073313,346.0,0.025,0.025,0.826801,352.0,0.025,0.025,0.814981,
03/31/2010,705.0,688.0,17.0,-355.0,139.0,216.0,350.0,0.0,-160.0,66.0,,66.0,,94.0,190.0,153.0,20.0,20.0,0.0,,-26.0,-147.0,343.0,-106.0,79.0,27.0,237.0,0.0,0.0,0.0,237.0,0.0,237.0,0.0,0.0,237.0,138.0,-99.0,348.0,0.68,0.68,0.396552,354.0,0.67,0.67,0.390339,
06/30/2010,760.0,710.0,50.0,-365.0,150.0,215.0,395.0,0.0,-156.0,63.0,,63.0,,93.0,239.0,81.0,19.0,19.0,0.0,,-24.0,-76.0,320.0,-116.0,59.0,57.0,204.0,0.0,0.0,0.0,204.0,0.0,204.0,0.0,0.0,204.0,198.0,-6.0,350.0,0.585,0.585,0.565715,356.0,0.55,0.55,0.533146,
09/30/2010,754.0,704.0,50.0,-372.0,141.0,231.0,382.0,0.0,-90.0,65.0,,65.0,,25.0,292.0,6.0,21.0,21.0,0.0,,-34.0,7.0,298.0,-66.0,42.0,24.0,232.0,0.0,0.0,0.0,232.0,0.0,232.0,0.0,0.0,232.0,224.176471,-7.823529,350.0,0.665,0.665,0.640504,354.0,0.655,0.655,0.632899,
12/31/2010,772.0,730.0,42.0,-361.0,140.0,221.0,411.0,0.0,-220.0,83.0,,83.0,,137.0,191.0,-122.0,11.0,11.0,0.0,,-33.0,144.0,69.0,-17.0,55.0,-38.0,52.0,0.0,0.0,0.0,52.0,0.0,52.0,0.0,0.0,52.0,184.264583,132.264583,350.0,0.145,0.145,0.52647,356.0,0.145,0.145,0.516529,
03/31/2011,868.0,830.0,38.0,-363.0,142.0,221.0,505.0,0.0,-189.0,83.0,,83.0,,106.0,316.0,-279.0,16.0,16.0,0.0,,-48.0,311.0,37.0,-23.0,12.0,11.0,14.0,0.0,0.0,0.0,14.0,0.0,14.0,0.0,0.0,14.0,226.689818,212.689818,352.0,0.04,0.04,0.644005,356.0,0.04,0.04,0.637444,
06/30/2011,795.0,783.0,12.0,-348.0,137.0,211.0,447.0,0.0,-269.0,82.0,,82.0,,187.0,178.0,178.0,21.0,21.0,0.0,,-48.0,-151.0,356.0,-87.0,39.0,48.0,269.0,-25.0,-25.0,0.0,294.0,0.0,294.0,0.0,0.0,294.0,233.15625,-35.84375,352.0,0.83,0.755,0.662376,358.0,0.805,0.735,0.634878,
09/30/2011,851.0,829.0,22.0,-357.0,142.0,215.0,494.0,0.0,-147.0,89.0,,89.0,,58.0,347.0,352.0,14.0,14.0,0.0,,-50.0,-316.0,699.0,-208.0,110.0,98.0,491.0,50.0,50.0,0.0,441.0,0.0,441.0,0.0,0.0,441.0,191.996678,-299.003322,354.0,1.25,1.39,0.542363,360.0,1.195,1.335,0.504435,
12/31/2011,877.0,851.0,26.0,-412.0,153.0,259.0,465.0,0.0,-832.0,87.0,,87.0,,745.0,-367.0,-155.0,14.0,14.0,0.0,,-46.0,187.0,-522.0,208.0,22.0,-230.0,-314.0,-18.0,-18.0,0.0,-296.0,0.0,-296.0,0.0,0.0,-296.0,277.755754,591.755754,354.0,-0.835,-0.885,0.784621,354.0,-0.835,-0.885,0.784621,
03/31/2012,1014.0,1037.0,-23.0,-457.0,163.0,294.0,557.0,0.0,-169.0,97.0,,97.0,,72.0,388.0,-53.0,32.0,32.0,0.0,,-51.0,72.0,335.0,-86.0,44.0,42.0,249.0,-14.0,-14.0,0.0,263.0,0.0,263.0,0.0,0.0,263.0,300.0,51.0,354.0,0.74,0.7,0.847457,360.0,0.735,0.695,0.836666,
06/30/2012,933.0,934.0,-1.0,-493.0,168.0,325.0,440.0,0.0,-334.0,96.0,,96.0,,238.0,106.0,284.0,27.0,27.0,0.0,,-31.0,-280.0,390.0,-115.0,56.0,59.0,275.0,-17.0,-17.0,0.0,292.0,0.0,292.0,0.0,0.0,292.0,137.0,-138.0,356.0,0.82,0.77,0.384831,361.0,0.79,0.74,0.357729,
09/30/2012,950.0,954.0,-4.0,-526.0,158.0,368.0,424.0,0.0,-29.0,93.0,,93.0,,-64.0,395.0,-120.0,36.0,36.0,0.0,,-51.0,135.0,275.0,-111.0,37.0,74.0,164.0,-57.0,-57.0,0.0,221.0,0.0,221.0,0.0,0.0,221.0,147.0,-17.0,356.0,0.62,0.46,0.412921,359.0,0.61,0.45,0.402646,
12/31/2012,1105.0,1112.0,-7.0,-570.0,187.0,383.0,535.0,0.0,-236.0,98.0,,98.0,,138.0,299.0,57.0,,30.0,,,-55.0,-32.0,356.0,-79.0,20.0,59.0,277.0,26.0,26.0,0.0,251.0,0.0,251.0,0.0,0.0,251.0,296.0,19.0,356.0,0.705,0.78,0.831461,360.0,0.695,0.77,0.822778,
03/31/2013,1090.0,1083.0,7.0,-553.0,187.0,366.0,537.0,0.0,-165.0,112.0,,112.0,,53.0,372.0,-54.0,25.0,25.0,0.0,,-60.0,89.0,318.0,-86.0,36.0,50.0,232.0,-29.0,-29.0,0.0,261.0,0.0,261.0,0.0,0.0,261.0,275.851852,43.851852,358.0,0.73,0.645,0.770536,362.0,0.725,0.64,0.761138,
06/30/2013,1114.0,1112.0,2.0,-578.0,210.0,368.0,536.0,0.0,-210.0,104.0,,104.0,,106.0,326.0,160.0,33.0,33.0,0.0,,-37.0,-156.0,486.0,-128.0,71.0,57.0,358.0,-19.0,-19.0,0.0,377.0,0.0,377.0,0.0,0.0,377.0,241.684504,-116.315496,359.0,1.05,1.0,0.673216,363.0,1.04,0.99,0.669572,
09/30/2013,1331.0,1341.0,-10.0,-633.0,221.0,412.0,698.0,0.0,-238.0,109.0,,109.0,,129.0,460.0,-149.0,46.0,46.0,0.0,,-53.0,156.0,311.0,-116.0,53.0,63.0,195.0,-10.0,-10.0,0.0,205.0,0.0,205.0,0.0,0.0,205.0,345.275229,150.275229,359.0,0.57,0.54,0.961769,363.0,0.56,0.53,0.943981,
12/31/2013,1272.0,1272.0,,-653.0,231.0,422.0,619.0,0.0,-327.0,109.0,,109.0,,218.0,292.0,-63.0,54.0,54.0,0.0,,-56.0,65.0,229.0,-107.0,6.0,101.0,122.0,-12.0,-12.0,0.0,134.0,0.0,134.0,0.0,0.0,134.0,182.0,60.0,360.0,0.38,0.34,0.505556,364.0,0.37,0.33,0.494835,
03/31/2014,1294.0,1327.0,-33.0,-654.0,229.0,425.0,640.0,0.0,-321.0,140.0,,140.0,,181.0,319.0,-42.0,47.0,47.0,0.0,,-52.0,47.0,277.0,-77.0,60.0,17.0,200.0,0.0,0.0,0.0,200.0,0.0,200.0,0.0,0.0,200.0,297.177778,97.177778,360.0,0.56,0.56,0.825494,365.0,0.55,0.55,0.81624,
06/30/2014,1289.0,1338.0,-49.0,-661.0,248.0,413.0,628.0,0.0,-193.0,127.0,,127.0,,66.0,435.0,-202.0,52.0,52.0,0.0,,-45.0,195.0,233.0,-41.0,34.0,7.0,192.0,0.0,0.0,0.0,192.0,0.0,192.0,0.0,0.0,192.0,318.715909,126.715909,361.0,0.53,0.53,0.88287,366.0,0.52,0.52,0.866218,
09/30/2014,1216.0,1228.0,-12.0,-677.0,217.0,460.0,539.0,0.0,-362.0,132.0,,132.0,,230.0,177.0,399.0,52.0,52.0,0.0,,-41.0,-410.0,576.0,-157.0,120.0,37.0,419.0,0.0,0.0,0.0,419.0,0.0,419.0,0.0,0.0,419.0,111.560606,-307.439394,362.0,1.16,1.16,0.308178,367.0,1.12,1.12,0.28229,
12/31/2014,1162.0,1037.0,125.0,-723.0,261.0,462.0,439.0,0.0,-592.0,104.0,,104.0,,488.0,-153.0,777.0,59.0,59.0,0.0,,-33.0,-803.0,624.0,-222.0,15.0,207.0,402.0,0.0,0.0,0.0,402.0,0.0,402.0,0.0,0.0,402.0,-38.0,-440.0,362.0,1.11,1.11,-0.104972,367.0,1.05,1.05,-0.14891,
03/31/2015,959.0,749.0,210.0,-708.0,254.0,454.0,251.0,0.0,-193.0,94.0,,94.0,,99.0,58.0,-100.0,57.0,57.0,0.0,,-18.0,61.0,-42.0,20.0,10.0,-30.0,-22.0,0.0,0.0,0.0,-22.0,0.0,-22.0,0.0,0.0,-22.0,10.0,32.0,370.0,-0.06,-0.06,0.027027,370.0,-0.06,-0.06,0.026486,
06/30/2015,919.0,732.0,187.0,-669.0,218.0,451.0,250.0,0.0,-230.0,104.0,,104.0,,126.0,20.0,-313.0,54.0,54.0,0.0,,-6.0,265.0,-293.0,184.0,99.0,-283.0,-109.0,0.0,0.0,0.0,-109.0,0.0,-109.0,0.0,0.0,-109.0,101.0,210.0,387.0,-0.28,-0.28,0.260982,387.0,-0.28,-0.28,0.260982,
09/30/2015,1067.0,783.0,284.0,-786.0,247.0,539.0,281.0,0.0,-500.0,109.0,,109.0,,391.0,-219.0,-40.0,71.0,71.0,0.0,,-36.0,5.0,-259.0,-24.0,-45.0,69.0,-283.0,0.0,0.0,0.0,-283.0,0.0,-283.0,0.0,0.0,-283.0,-110.650613,172.349387,420.0,-0.67,-0.67,-0.263454,420.0,-0.67,-0.67,-0.263454,
12/31/2015,1156.0,830.0,326.0,-952.0,266.0,686.0,204.0,0.0,-1620.0,94.0,5.0,89.0,,1526.0,-1416.0,-211.0,80.0,80.0,0.0,,-30.0,161.0,-1627.0,-401.0,41.0,360.0,-2028.0,0.0,0.0,0.0,-2028.0,0.0,-2028.0,0.0,0.0,-2028.0,187.999954,2215.999954,429.0,-4.73,-4.73,0.438228,429.0,-4.73,-4.73,0.435501,
03/31/2016,883.0,705.0,178.0,-889.0,272.0,617.0,-6.0,0.0,-257.0,91.0,,91.0,,166.0,-263.0,-190.0,79.0,79.0,0.0,,-19.0,130.0,-453.0,166.0,20.0,-186.0,-287.0,0.0,0.0,0.0,-287.0,0.0,-287.0,0.0,0.0,-287.0,-228.0,59.0,429.0,-0.67,-0.67,-0.531469,429.0,-0.67,-0.67,-0.532471,
06/30/2016,967.0,823.0,144.0,-896.0,274.0,622.0,71.0,0.0,-213.0,107.0,,107.0,,106.0,-142.0,-356.0,78.0,78.0,0.0,,-24.0,302.0,-498.0,183.0,45.0,-228.0,-315.0,0.0,0.0,0.0,-315.0,0.0,-315.0,0.0,0.0,-315.0,-103.0,212.0,430.0,-0.73,-0.73,-0.239535,430.0,-0.73,-0.73,-0.239535,
09/30/2016,1014.0,882.0,132.0,-895.0,274.0,621.0,119.0,0.0,-265.0,95.0,,95.0,,170.0,-146.0,-134.0,86.0,86.0,0.0,,-28.0,76.0,-280.0,137.0,148.0,-285.0,-143.0,0.0,0.0,0.0,-143.0,-1.0,-144.0,0.0,0.0,-144.0,-30.0,114.0,430.0,-0.33,-0.33,-0.069767,430.0,-0.33,-0.33,-0.069767,
12/31/2016,1093.0,979.0,114.0,-856.0,261.0,595.0,237.0,0.0,-517.0,125.0,19.0,106.0,,392.0,-280.0,-261.0,86.0,86.0,0.0,,-31.0,206.0,-541.0,301.0,-16.0,-285.0,-240.0,0.0,0.0,0.0,-240.0,-12.0,-252.0,0.0,0.0,-252.0,179.0,431.0,430.0,-0.59,-0.59,0.416279,430.0,-0.59,-0.59,0.412326,
03/31/2017,1039.0,994.0,45.0,-831.0,303.0,528.0,208.0,0.0,-170.0,99.0,,99.0,,71.0,38.0,21.0,87.0,87.0,0.0,,,-108.0,59.0,-12.0,12.0,0.0,47.0,0.0,0.0,0.0,47.0,-11.0,36.0,0.0,0.0,36.0,-23.0,-59.0,431.0,0.08,0.08,-0.053364,434.0,0.08,0.08,-0.055945,
06/30/2017,1070.0,1017.0,53.0,-786.0,283.0,503.0,284.0,0.0,-2573.0,103.0,,103.0,,2470.0,-2289.0,-45.0,96.0,96.0,0.0,,,-51.0,-2334.0,836.0,37.0,-873.0,-1498.0,0.0,0.0,0.0,-1498.0,-14.0,-1512.0,0.0,0.0,-1512.0,24.0,1536.0,472.0,-3.2,-3.2,0.050847,472.0,-3.2,-3.2,0.050847,
09/30/2017,911.0,907.0,4.0,-803.0,280.0,523.0,108.0,0.0,-155.0,102.0,,102.0,,53.0,-47.0,-161.0,88.0,88.0,0.0,,-53.0,126.0,-208.0,93.0,22.0,-115.0,-115.0,0.0,0.0,0.0,-115.0,-21.0,-136.0,0.0,0.0,-136.0,-10.0,126.0,487.0,-0.28,-0.28,-0.020534,487.0,-0.28,-0.28,-0.021273,
12/31/2017,1196.0,1149.0,47.0,-774.0,275.0,499.0,422.0,0.0,34.0,119.0,8.0,111.0,,-153.0,456.0,-164.0,83.0,97.0,-14.0,,,81.0,292.0,224.0,15.0,-239.0,516.0,0.0,0.0,0.0,516.0,-22.0,494.0,0.0,0.0,494.0,161.2,-332.8,487.0,1.01,1.01,0.331006,488.0,1.01,1.01,0.328033,
03/31/2018,1258.0,1173.0,85.0,-789.0,321.0,468.0,469.0,0.0,211.0,104.0,,104.0,,-315.0,680.0,-137.0,73.0,73.0,0.0,,,64.0,543.0,31.0,126.0,-157.0,574.0,0.0,0.0,0.0,574.0,-20.0,554.0,0.0,0.0,554.0,172.0,-382.0,487.0,1.14,1.14,0.353183,488.0,1.14,1.14,0.353183,
06/30/2018,1165.0,1100.0,65.0,-755.0,290.0,465.0,410.0,0.0,-132.0,105.0,,105.0,,27.0,278.0,-268.0,73.0,73.0,0.0,,,195.0,10.0,-16.0,23.0,-7.0,-6.0,0.0,0.0,0.0,-6.0,-17.0,-23.0,0.0,0.0,-23.0,70.0,93.0,484.0,-0.05,-0.05,0.144628,484.0,-0.05,-0.05,0.142149,
09/30/2018,1206.0,1208.0,-2.0,-758.0,273.0,485.0,448.0,0.0,-17.0,107.0,,107.0,,-90.0,431.0,-124.0,70.0,70.0,0.0,,,54.0,307.0,-59.0,45.0,14.0,248.0,0.0,0.0,0.0,248.0,-21.0,227.0,0.0,0.0,227.0,129.0,-98.0,482.0,0.47,0.47,0.267635,484.0,0.47,0.47,0.267521,
12/31/2018,1196.0,1165.0,31.0,-821.0,305.0,516.0,375.0,0.0,-1574.0,88.0,19.0,69.0,0.0,1486.0,-1199.0,479.0,66.0,86.0,-20.0,0.0,,-545.0,-720.0,-82.0,2.0,80.0,-802.0,0.0,0.0,0.0,-802.0,-22.0,-824.0,0.0,0.0,-824.0,61.00005,885.00005,479.0,-1.72,-1.72,0.127349,479.0,-1.72,-1.72,0.127349,
03/31/2019,1066.0,1011.0,55.0,-813.0,305.0,508.0,253.0,0.0,-330.0,102.0,,102.0,,228.0,-77.0,-296.0,66.0,87.0,-21.0,,,230.0,-373.0,84.0,16.0,-100.0,-289.0,0.0,0.0,0.0,-289.0,-24.0,-313.0,0.0,0.0,-313.0,-44.0,269.0,478.0,-0.65,-0.65,-0.09205,478.0,-0.65,-0.65,-0.09205,
06/30/2019,1094.0,1057.0,37.0,-788.0,260.0,528.0,306.0,0.0,-273.0,105.0,,105.0,,168.0,33.0,-5.0,63.0,63.0,0.0,,,-58.0,28.0,-20.0,21.0,-1.0,8.0,0.0,0.0,0.0,8.0,-18.0,-10.0,0.0,0.0,-10.0,-49.0,-39.0,478.0,-0.02,-0.02,-0.10251,478.0,-0.02,-0.02,-0.10251,
09/30/2019,1132.0,1090.0,42.0,-880.0,297.0,583.0,252.0,0.0,-248.0,91.0,7.0,91.0,,157.0,4.0,47.0,67.0,67.0,0.0,,,-114.0,51.0,-15.0,24.0,-9.0,36.0,0.0,0.0,0.0,36.0,-19.0,17.0,0.0,0.0,17.0,-47.0,-64.0,478.0,0.04,0.04,-0.098326,480.0,0.04,0.04,-0.098326,
12/31/2019,1178.0,1166.0,12.0,-849.0,271.0,578.0,329.0,0.0,-1576.0,126.0,8.0,118.0,,1450.0,-1247.0,-235.0,64.0,93.0,-29.0,,,171.0,-1482.0,294.0,24.0,-318.0,-1188.0,0.0,0.0,0.0,-1188.0,-18.0,-1206.0,0.0,0.0,-1206.0,-26.00026,1179.99974,478.0,-2.52,-2.52,-0.054394,478.0,-2.52,-2.52,-0.054394,
03/31/2020,1228.0,1019.0,209.0,-768.0,276.0,492.0,460.0,0.0,-4585.0,85.0,,85.0,,4500.0,-4125.0,107.0,81.0,91.0,-10.0,,,-188.0,-4018.0,11.0,37.0,-48.0,-4007.0,0.0,0.0,0.0,-4007.0,44.0,-3963.0,0.0,0.0,-3963.0,85.0,4048.0,479.0,-8.27,-8.27,0.177453,479.0,-8.27,-8.27,0.177453,
06/30/2020,677.0,542.0,135.0,-534.0,214.0,320.0,143.0,0.0,-265.0,63.0,,63.0,,202.0,-122.0,-354.0,87.0,87.0,0.0,,,267.0,-476.0,89.0,7.0,-96.0,-387.0,0.0,0.0,0.0,-387.0,-21.0,-408.0,0.0,0.0,-408.0,-114.0,294.0,479.0,-0.85,-0.85,-0.237996,479.0,-0.85,-0.85,-0.237996,
09/30/2020,781.167,,,,,,,,,,,,,,30.235,,,,,,,,-117.7,,,,-98.18,,,,,,-98.18,,,-98.18,-90.787,,,-0.19,-0.19,-0.2,,-0.19,-0.19,-0.2,
12/31/2020,777.833,,,,,,,,,,,,,,70.455,,,,,,,,-64.96,,,,-61.3,,,,,,-61.3,,,-61.3,-58.711,,,-0.125,-0.125,-0.122,,-0.125,-0.125,-0.122,
