Date,Revenue,Sales & Services Revenue,Cost of Revenue,Cost of Goods & Services,Gross Profit,Other Operating Income,Operating Expenses,"Selling, General & Admin",General & Administrative,Research & Development,Depreciation & Amortization,Other Operating Expense,Operating Income (Loss),Non-Operating (Income) Loss,"Interest Expense, Net",Interest Expense,Interest Income,Other Investment (Inc) Loss,Foreign Exch (Gain) Loss,(Income) Loss from Affiliates,Other Non-Op (Income) Loss,Pretax Income,Income Tax Expense (Benefit),Current Income Tax,Deferred Income Tax,Income (Loss) from Cont Ops,Net Extraordinary Losses (Gains),Discontinued Operations,XO & Accounting Changes,Income (Loss) Incl. MI,Minority Interest,"Net Income, GAAP",Preferred Dividends,Other Adjustments,"Net Income Avail to Common, GAAP","Net Income Avail to Common, Adj",Net Abnormal Losses (Gains),Basic Weighted Avg Shares,"Basic EPS, GAAP",Basic EPS from Cont Ops,"Basic EPS from Cont Ops, Adjusted",Diluted Weighted Avg Shares,"Diluted EPS, GAAP",Diluted EPS from Cont Ops,"Diluted EPS from Cont Ops, Adjusted",Source: Bloomberg
12/31/1989,18.507,,-14.289,,4.218,,-2.72,,,,,,1.498,0.099,,0.142,,,0.0,,-0.241,1.597,0.076,,,1.673,0.55,,,1.123,0.0,1.123,0.0,,1.123,1.123,,1.90636,1.0,1.25,,1.90636,1.0,1.25,1.25,
03/31/1990,31.327999,,-24.282,,7.046,,-4.169,,,,,,2.877,0.447,,0.748,,,0.0,,-1.195,3.324,-0.268,,,3.056,0.36,,,2.696,0.0,2.696,0.0,,2.696,2.696,,2.00576,1.5,1.75,,2.00576,1.5,1.75,1.75,
06/30/1990,41.733002,,-32.143002,,9.59,,-6.437,,,,,,3.153,1.524,,1.148,,,0.0,,-2.672,4.677,-0.784,,,3.893,0.0,,,3.893,0.0,3.893,0.0,,3.893,3.893,,2.35,1.75,1.75,,2.35,1.75,1.75,1.75,
09/30/1990,47.405998,,-33.555,,13.850998,,-8.784,,,,,,5.067,2.26,,1.313,,,0.0,,-3.573,7.327,-1.387,,,5.94,-0.91,,,6.85,0.0,6.85,0.0,,6.85,6.85,,,2.5,2.5,,,2.5,2.5,2.5,
12/31/1990,57.395,,-43.965,,13.43,,-7.612,,,,,,5.818,0.288,,1.138,,,,,-1.426,6.106,-0.856,,,5.25,0.0,,,5.25,0.0,5.25,0.0,,5.25,5.25,,2.38616,2.25,2.25,,2.38616,2.25,2.25,2.25,
03/31/1991,63.994999,,-49.123001,,14.871998,,-8.259,,,,,,6.613,0.627,,1.274,,,,,-1.901,7.24,-1.044,,,6.196,0.0,,,6.196,0.0,6.196,0.0,,6.196,6.196,,2.45964,2.5,2.5,,2.45964,2.5,2.5,2.5,
06/30/1991,58.695999,,-42.967999,,15.728001,,-8.409,,,,,,7.319,0.15,,1.361,,,,,-1.511,7.469,-0.695,,,6.774,0.0,,,6.774,0.0,6.774,0.0,,6.774,6.774,,2.52064,2.75,2.75,,2.52064,2.75,2.75,2.75,
09/30/1991,60.025002,,-42.863998,,17.161004,,-10.078,,,,,,7.083,1.925,,0.509,,,-0.139,,-2.295,9.008,-0.171,,,8.837,0.0,,,8.837,0.0,8.837,0.0,,8.837,8.837,,2.46148,3.5,3.5,3.5,2.46148,3.5,3.5,3.5,
12/31/1991,68.412003,,-49.723,,18.689003,,-10.213,,,,,,8.476,0.584,,1.251,,,,,-1.835,9.06,-0.838,,,8.222,0.0,,,8.222,0.0,8.222,0.0,,8.222,8.222,,2.54956,3.25,3.25,,2.54956,3.25,3.25,3.25,
03/31/1992,75.254997,,-55.558998,,19.695999,,-10.844,,,,,,8.852,-0.322,,1.38,,,,,-1.058,8.53,-0.319,,,8.211,0.0,,,8.211,0.0,8.211,0.0,,8.211,8.211,,2.57464,3.25,3.25,,2.57464,3.25,3.25,3.25,
06/30/1992,68.872002,,-50.643002,,18.229,,-10.005,,,,,,8.224,0.303,,1.449,,,,,-1.752,8.527,-0.328,,,8.199,0.0,,,8.199,0.0,8.199,0.0,,8.199,8.199,,2.60152,3.25,3.25,,2.60152,3.25,3.25,3.25,
09/30/1992,73.727997,,-53.605,,20.122997,,-11.662,,,,,,8.461,0.968,,1.329,,,1.217,,-3.514,9.429,-0.265,,,9.164,0.0,,,9.164,0.0,9.164,0.0,,9.164,9.164,,2.32856,3.25,3.25,3.25,2.32856,3.25,3.25,3.25,
12/31/1992,69.883003,,-51.743,,18.140003,,-10.238,,,,,,7.902,0.29,,2.065,,,0.0,,-2.355,8.192,-0.481,,,7.711,0.0,,,7.711,0.0,7.711,0.0,,7.711,7.711,,2.63788,3.0,3.0,,2.63788,3.0,3.0,3.0,
03/31/1993,78.896004,,-61.333,,17.563004,,-9.681,,,,,,7.882,1.371,,1.968,,,0.0,,-3.339,9.253,-0.58,,,8.673,0.0,,,8.673,0.0,8.673,0.0,,8.673,8.673,,2.65872,3.25,3.25,,2.65872,3.25,3.25,3.25,
06/30/1993,83.274002,,-64.891998,,18.382004,,-10.545,,,,,,7.837,4.553,,1.97,,,0.0,,-6.523,12.39,-1.552,,,10.838,0.0,,,10.838,0.0,10.838,0.0,,10.838,10.838,,2.75072,4.0,4.0,,2.75072,4.0,4.0,4.0,
09/30/1993,119.984001,,-101.928001,,18.056,,-9.991,,,,,,8.065,-1.463,,2.044,,,0.547,,-1.128,6.602,0.439,,,7.041,0.0,,,7.041,0.0,7.041,0.0,,7.041,7.041,,2.88012,2.5,2.5,2.5,2.88012,2.5,2.5,2.5,
12/31/1993,133.932007,,-110.929001,,23.003006,,-12.085,,,,,,10.918,-0.683,,2.198,,,0.0,,-1.515,10.235,-1.17,,,9.065,0.0,,,9.065,0.0,9.065,0.0,,9.065,9.065,,3.37504,2.75,2.75,,3.37504,2.75,2.75,2.75,
03/31/1994,118.577003,,-96.276001,,22.301003,,-11.778,,,,,,10.523,-1.072,,2.188,,,0.0,,-1.116,9.451,-1.216,,,8.235,0.0,,,8.235,0.0,8.235,0.0,,8.235,8.235,,3.43028,2.5,2.5,,3.43028,2.5,2.5,2.5,
06/30/1994,111.387001,,-90.433998,,20.953003,,-11.528,,,,,,9.425,-31.065,,1.769,,,0.0,,29.296,-21.639999,-1.266,,,-22.906,0.0,,,-22.905999,0.0,-22.906,0.0,,-22.906,-22.906,,3.34536,-6.75,-6.75,,3.34536,-6.75,-6.75,-6.75,
09/30/1994,120.372002,,-98.278999,,22.093003,,-13.974,,,,,,8.119,0.074,,2.082,,,0.0,,-2.156,8.193,-1.237,,,6.956,0.0,,,6.956,0.0,6.956,0.0,,6.956,6.956,,3.34536,2.0,2.0,2.0,3.34536,2.0,2.0,2.0,
12/31/1994,126.001999,,-100.708,,25.293999,,-11.639,,,,,,13.655,-0.104,,1.948,,,0.0,,-1.844,13.551,-2.478,,,11.073,0.0,,,11.073,0.0,11.073,0.0,,11.073,11.073,,3.46908,3.25,3.25,,3.46908,3.25,3.25,3.25,
03/31/1995,143.335007,,-116.197998,,27.137009,,-12.974,,,,,,14.163,0.284,,2.146,,,0.0,,-2.43,14.447,-2.163,,,12.284,0.0,,,12.284,0.0,12.284,0.0,,12.284,12.284,,3.4648,3.5,3.5,,3.4648,3.5,3.5,3.5,
06/30/1995,152.673004,,-124.733002,,27.940002,,-12.808,,,,,,15.132,-0.938,,2.049,,,0.0,,-1.111,14.194,-1.149,,,13.045,0.0,,,13.045,0.0,13.045,0.0,,13.045,13.045,,3.55556,3.75,3.75,,3.55556,3.75,3.75,3.75,
09/30/1995,150.778,,-123.5,,27.278,,-11.673,,,,,,15.605,0.831,,1.468,,,0.0,,-2.299,16.436,-1.734,,,14.702,0.0,,,14.702,0.0,14.702,0.0,,14.702,14.702,,3.59344,4.0,4.0,4.0,3.59344,4.0,4.0,4.0,
12/31/1995,164.337997,,-134.468002,,29.869995,,-12.538,,,,,,17.332001,-0.112,,1.967,,,,,-1.855,17.220001,-1.958,,,15.262,0.0,,,15.262001,0.0,15.262,0.0,,15.262,15.262,,3.61828,4.25,4.25,,3.61828,4.25,4.25,4.25,
03/31/1996,163.319,,-131.013,,32.306,,-14.117,,,,,,18.188999,1.186,,2.147,,,,,-3.333,19.374999,-2.553,,,16.822001,0.0,,,16.821999,0.0,16.822001,0.0,,16.822001,16.822001,,3.6984,4.5,4.5,,3.6984,4.5,4.5,4.5,
06/30/1996,181.335999,,-145.878006,,35.457993,,-14.908,,,,,,20.549999,1.507,,3.476,,,,,-4.983,22.056999,-3.388,,,18.669001,0.0,,,18.668999,0.0,18.669001,0.0,,18.669001,18.669001,,3.78172,5.0,5.0,5.0,3.78172,5.0,5.0,5.0,
09/30/1996,210.75,,-174.423004,,36.326996,,-15.299,,,,,,21.028,1.92,,4.294,,,,,-6.214,22.948,-3.201,,,19.747,0.0,,,19.747,0.0,19.747,0.0,,19.747,19.747,,3.80744,5.25,5.25,5.25,3.80744,5.25,5.25,5.25,
12/31/1996,217.076996,,-176.992004,,40.084991,,-14.718,,,,,,25.367001,10.196,,4.176,,,0.0,,-14.372,35.563,-15.448,,,20.115,0.0,,,20.115,0.0,20.115,0.0,,20.115,20.115,,3.6892,5.5,5.5,5.75,4.34092,5.0,5.0,5.25,
03/31/1997,267.911011,,-204.212997,,63.698013,,-18.504999,,,,,,45.193001,2.703,,4.811,,,0.0,,-7.514,47.896001,-16.764,,,31.132,0.0,,,31.132001,0.0,31.132,0.0,,31.132,31.132,,3.85428,8.0,8.0,8.0,4.4798,7.25,7.25,7.25,
06/30/1997,305.631989,,-229.763,,75.868988,,-18.115,,,,,,57.754002,8.251,,4.377,,,0.0,,-12.628,66.005002,-23.885,,,42.119999,0.0,,,42.120002,0.0,42.119999,0.0,,42.119999,42.119999,,3.98548,10.5,10.5,10.5,4.62308,9.5,9.5,9.5,
09/30/1997,305.631989,,-241.272995,,64.358994,,-18.273001,,,,,,46.085999,19.676999,,4.592,,,,,-24.268999,65.762998,-23.643,,,42.119999,0.0,,,42.119998,0.0,42.119999,0.0,,42.119999,42.119999,,4.2424,10.0,10.0,10.0,4.53592,9.25,9.25,9.25,
03/31/1998,286.880005,,-209.649994,,77.230011,,-20.105,,,,,,57.125,6.894,,3.739,,,0.0,,-10.633,64.019,-24.327,,,39.692001,0.0,,,39.692001,0.0,39.692001,0.0,,39.692001,39.692001,,4.0322,9.75,9.75,9.75,4.55212,9.0,9.0,9.0,
06/30/1998,249.259003,,-180.147003,,69.112,,-20.034,,,,,,49.077999,7.638999,,3.999,,,0.0,,-11.638,56.716999,-20.985001,,,35.731998,0.0,,,35.731998,0.0,35.731998,0.0,,35.731998,35.731998,,4.03356,8.75,8.75,8.75,4.53108,8.25,8.25,8.25,
09/30/1998,224.214996,,-160.621002,,63.593994,,-18.489,,,,,,45.105,-0.822,,4.101,,,0.0,,-3.279,44.283,-15.745,,,28.538,0.0,,,28.538,0.0,28.538,0.0,,28.538,28.538,,4.03152,7.0,7.0,7.0,4.47304,6.75,6.75,6.75,
12/31/1998,208.240005,,-158.375,,49.865005,,-18.398001,,,,,,31.466999,3.495,,3.624,,,0.216,,-7.335,34.961999,-13.936,,,21.025999,0.0,,,21.025999,0.0,21.025999,0.0,,21.025999,21.025999,,4.0318,5.25,5.25,5.25,4.45248,5.0,5.0,5.0,
03/31/1999,149.692,,-114.722,,34.97,,-16.299,,,,,,18.671,0.942,,5.405,,,,,-6.347,19.613,-7.649,,,11.964,0.0,,,11.964,0.0,11.964,0.0,,11.964,11.964,,4.03212,3.0,3.0,3.0,4.06596,3.0,3.0,3.0,
06/30/1999,129.636,,-105.059,,24.577,,-15.08,,,,,,9.497,-4.09,,11.237,,,,,-7.147,5.407,-2.109,,,3.298,0.0,,,3.298,0.0,3.298,0.0,,3.298,3.298,,4.21904,0.75,0.75,0.75,4.4356,0.75,0.75,0.75,
09/30/1999,142.355,,-117.379,,24.976,,-14.989,,,,,,9.987,-2.216,,6.697,,,,,-4.481,7.771,-3.03,,,4.741,0.0,,,4.741,0.0,4.741,0.0,,4.741,4.741,,4.57528,1.0,1.0,1.0,4.92396,1.0,1.0,1.0,
12/31/1999,216.824,,-181.408,,35.416,,-18.92,,,,,,16.496,-3.658,,7.056,,,,,-3.398,12.838,-5.137,,,7.701,0.0,,,7.701,0.0,7.701,0.0,,7.701,7.701,,4.99676,1.5,1.5,1.5,5.35892,1.5,1.5,1.5,
03/31/2000,279.116,,-193.462,,85.654,0.0,-63.069,,,,,,22.585,8.33,8.062,8.651,-0.589,,,-10.568,-5.824,30.915,-12.984,,,17.931,-1.703,,,19.634,0.0,19.634,0.0,0.0,19.634,19.634,,5.57096,3.5,3.25,3.25,5.95404,3.25,3.0,3.0,
06/30/2000,291.293,,-234.014,,57.279,,-26.619,,,,,,30.66,10.897,,7.445,,,,,-18.342,41.557,-17.454,,,24.103,0.0,,,24.103,0.0,24.103,0.0,,24.103,24.103,,5.82572,4.25,4.25,4.25,6.1098,4.0,4.0,4.0,
09/30/2000,344.506,,-268.578,,75.928,,-26.164,,,,,,49.764,14.501,,10.066,,,,,-24.567,64.265,-25.705,,,38.56,-0.147,,,38.707,0.0,38.707,0.0,0.0,38.707,38.707,,5.84248,6.5,6.5,6.5,6.49584,6.25,6.25,6.25,
12/31/2000,412.209,,-307.545,,104.664,,-27.788,,,,,,76.876,13.094,,9.208,,,,,-22.302,89.97,-35.09,,,54.88,-0.032,,,54.912,0.0,54.912,0.0,,54.912,54.912,,5.85596,9.25,9.25,9.25,6.53576,8.75,8.75,8.75,
03/31/2001,513.834,,-366.966,,146.868,,-33.086,,,,,,113.782,20.311,,12.464,-13.26,,-0.482,,-19.033,134.093,-50.955,,,83.138,0.0,,,83.138,0.0,83.138,0.0,0.0,83.138,83.138,,5.86784,14.25,14.25,14.25,6.81044,12.75,12.75,12.75,
06/30/2001,601.484009,,-416.779999,,184.70401,,-33.813999,,,,,,150.889999,14.215001,,14.513,-15.676,,0.185,,-13.237,165.105,-61.09,,,104.014999,0.0,,,104.015,0.0,104.014999,0.0,0.0,104.014999,104.014999,,5.86156,17.749999,17.749999,17.749999,6.93236,15.75,15.75,15.75,
09/30/2001,613.958008,,-422.68399,,191.274017,,-34.248001,,,,,,157.026001,12.1,1.759,15.395,-13.636,,-0.336,,-13.523001,169.126001,-60.884998,,,108.240997,0.0,,,108.241003,0.0,108.240997,0.0,0.0,108.240997,108.240997,,5.7444,18.75,18.75,18.75,6.69536,17.0,17.0,17.0,
12/31/2001,448.479004,,-333.346985,,115.132019,,-34.348,,,,,,80.783997,8.504,,18.35,-11.401,,0.214,,-15.667001,89.287997,-27.232,,,62.056,0.0,,,62.055997,0.0,62.056,0.0,0.0,62.056,62.056,,5.63496,11.0,11.0,11.0,6.56824,10.25,10.25,10.25,
03/31/2002,381.199005,,-293.114014,,88.084991,,-32.666,,,,,,55.418999,0.771,5.364,14.615,-9.251,,0.047,,-6.181999,56.189999,-14.248,,,41.942001,0.0,,,41.941998,0.0,41.942001,0.0,0.0,41.942001,41.942001,,5.6388,7.5,7.5,7.5,6.19072,7.0,7.0,7.0,
06/30/2002,352.147003,,-286.174011,,65.972992,,-32.824001,,,,,,33.148998,0.743999,6.276,14.418,-8.142,,-2.524,,-4.495999,33.892998,-8.473,,,25.42,0.0,,,25.419998,0.0,25.42,0.0,0.0,25.42,25.42,,5.72752,4.5,4.5,4.5,6.01804,4.25,4.25,4.25,
09/30/2002,353.145996,,-285.973999,,67.171997,,-36.967999,,,,,,30.204,-8.688999,,17.771999,-8.145,,0.0,,-0.938,21.515001,5.407,,,26.922001,0.0,,,26.922001,0.0,26.922001,0.0,0.0,26.922001,26.922001,,5.80312,4.75,4.75,4.75,6.04632,4.5,4.5,4.5,
12/31/2002,379.951,,-304.013,,75.938,,-39.437,,,,,,36.501,-7.325,0.0,20.263,-8.548,,2.191,,-6.581,29.176,-1.971,,,27.205,0.0,,,27.205,0.0,27.205,0.0,0.0,27.205,27.205,,5.8154,4.75,4.75,4.75,6.06868,4.5,4.5,4.5,
03/31/2003,449.837006,,-358.485992,,91.351013,,-41.244999,,,,,,50.105999,-6.45,,20.07,-7.693,,0.181,,-6.108,43.655999,4.401,,,48.056999,0.0,,,48.056999,0.0,48.056999,0.0,0.0,48.056999,48.056999,,5.82832,8.25,8.25,8.25,6.41616,7.75,7.75,7.75,
06/30/2003,432.552,,-299.561,,132.991,0.0,-96.365,,,,,,36.626,-9.732,11.646,18.644,-6.998,,-0.532,-1.359,-0.023,26.362,2.657,,,29.019,0.0,,,29.019,0.0,29.019,0.0,0.0,29.019,29.019,,5.85528,5.0,5.0,5.0,6.13436,4.75,4.75,4.75,
09/30/2003,473.494,,-381.826,,91.668,0.0,-41.207,,,,,,50.461,-4.785,9.549,15.991,-6.442,,0.0,-2.485,-2.279,45.676,4.605,,,50.281,0.0,,,50.281,0.0,50.281,0.0,0.0,50.281,50.281,,5.8762,8.5,8.5,8.5,6.13512,8.25,8.25,8.25,
12/31/2003,524.119995,,-416.325012,,107.794983,,-42.467999,,,,,,65.327003,-6.398,,16.035,-6.619,,-0.479,,-2.539,58.929004,5.942,,,64.871002,0.0,,,64.871004,0.0,64.871002,0.0,0.0,64.871002,64.871002,,5.87936,11.0,11.0,11.0,6.47404,10.5,10.5,10.5,
03/31/2004,592.981018,,-466.138,,126.843018,,-45.598999,,,,,,81.244003,-1.113,,15.859,-6.505,,0.119,,-8.36,80.131003,-8.414,,,71.717003,0.0,,,71.717003,0.0,71.717003,0.0,0.0,71.717003,71.717003,,5.91936,12.0,12.0,12.0,6.5244,11.5,11.5,11.5,
06/30/2004,530.715,,-439.761,,90.954,0.0,-45.441,,,,,,45.513,4.552,3.508,11.387,-7.879,,-0.013,-1.153,-6.894,50.065,-3.717,,,46.348,0.0,,,46.348,0.0,46.348,0.0,0.0,46.348,46.348,,5.95464,7.75,7.75,7.75,6.20936,7.5,7.5,7.5,
09/30/2004,585.652,,-451.721,,133.931,0.0,-49.548,,,,,,84.383,-0.09,3.751,10.533,-6.782,,-0.135,0.292,-3.818,84.293,-8.667,,,75.626,0.0,,,75.626,0.0,75.626,0.0,0.0,75.626,75.626,,5.96356,12.75,12.75,12.75,6.55676,12.0,12.0,12.0,
12/31/2004,684.683,,-515.428,,169.255,,-54.8,,,,,,114.455,6.894,,10.728,-9.285,,-0.726,,-7.611,121.349,-12.583,,,108.766,0.0,,,108.766,0.0,108.766,0.0,0.0,108.766,108.766,,5.9524,18.25,18.25,18.25,6.6148,17.0,17.0,17.0,
03/31/2005,783.728,,-555.167,,228.561,,-58.641,,,,,,169.92,-0.817,10.737,10.737,,,0.0,,-9.92,169.103,-41.689,,,127.414,0.0,,,127.414,0.0,127.414,0.0,0.0,127.414,127.414,,6.0866,21.0,21.0,21.0,6.35108,20.0,20.0,20.0,
06/30/2005,765.337,,-536.909,,228.428,,-59.805,,,,,,168.623,5.226,11.333,11.333,,,0.0,,-16.559,173.849,-42.044,,,131.805,0.0,,,131.805,0.0,131.805,0.0,0.0,131.805,131.805,,6.2976,21.0,21.0,21.0,6.44848,20.5,20.5,20.5,
09/30/2005,893.254,,-585.574,,307.68,,-65.879,,,,,,241.801,0.39,11.195,11.195,,,0.0,,-11.585,242.191,-63.334,,,178.857,0.0,,,178.857,0.0,178.857,0.0,0.0,178.857,178.857,,6.28836,28.5,28.5,28.5,6.474,27.75,27.75,27.75,
12/31/2005,1017.589,,-658.149,,359.44,,-65.648,,,,,,293.792,-4.985,,11.582,0.0,,0.0,,-6.597,288.807,-78.188,,,210.619,0.0,,,210.619,0.0,210.619,0.0,0.0,210.619,210.619,,6.298,33.5,33.5,33.5,6.5508,32.25,32.25,32.25,
03/31/2006,1163.926,,-709.023,,454.903,,-88.797,,,,,,366.106,6.185,8.055,8.055,,,,,-14.24,372.291,-115.528,,,256.763,,,,256.763,,256.763,,,256.763,256.763,,6.2598,41.0,61.5,41.0,6.49072,39.5,59.25,39.5,
06/30/2006,1118.0,,-690.085,,427.915,,-87.83,,,,,,340.085,9.714,12.168,12.168,,,0.0,9.37,-31.252,349.799,-116.366,,,233.433,0.0,,,233.433,0.0,233.433,0.0,0.0,233.433,233.433,,5.88838,39.5,39.5,42.0,6.08788,38.5,38.5,41.0,
09/30/2006,1213.252,,-757.933,,455.319,,-92.783,,,,,,362.536,25.041,,13.744,,,0.0,-5.706,-33.079,387.577,-102.794,,,284.783,-7.968,,,292.751,0.0,292.751,0.0,0.0,292.751,292.751,,5.55106,52.5,51.0,51.5,5.73088,51.0,49.5,50.0,
12/31/2006,1212.111,,-757.584,,454.527,,-147.2,,,,,,307.327,10.908,-41.987,12.619,-54.606,,0.0,,31.079,318.235,-100.205,,,218.03,-19.759,,,237.789,0.0,237.789,0.0,0.0,237.789,237.789,,5.52006,43.0,39.5,34.5,5.68838,42.0,38.5,33.5,
03/31/2007,1260.643,,-809.157,,451.486,,-114.974,,,,,,336.512,14.063,13.049,13.049,,,0.0,,-27.112,350.575,-88.413,,,262.162,0.0,,,262.162,0.0,262.162,0.0,0.0,262.162,262.162,,5.53884,47.5,47.5,49.5,5.69628,46.0,46.0,48.0,
06/30/2007,1134.684,,-757.636,,377.048,,-99.952,,,,,,277.096,20.065,,13.733,,,0.0,3.436,-37.234,297.161,-76.299,,,220.862,-7.487,,,228.349,0.0,228.349,0.0,0.0,228.349,228.349,,5.58506,41.0,39.5,34.5,5.75796,39.5,38.5,33.5,
09/30/2007,1250.299,,-859.68,,390.619,,-105.975,,,,,,284.644,-68.751,,13.45,,,0.0,-2.689,57.99,215.893,-20.13,,,195.763,-22.265,,,218.028,0.0,218.028,0.0,0.0,218.028,218.028,,5.60304,39.0,35.0,40.0,5.75938,38.0,34.0,39.0,
12/31/2007,1317.852,,-892.625,,425.227,,-116.458,,,,,,308.769,-28.291,,13.467,,,0.0,0.842,13.982,280.478,-58.326,,,222.152,0.0,,,222.152,0.0,222.152,0.0,0.0,222.152,222.152,,5.59514,39.5,39.5,36.5,5.71488,39.0,39.0,36.0,
03/31/2008,1299.858,,-897.655,,402.203,0.0,-111.321,,,,,,290.882,-33.058,35.273,46.692,-11.419,,,4.451,-6.666,257.824,-45.78,,,212.044,0.0,,,212.044,0.0,212.044,0.0,0.0,212.044,212.044,,5.60332,38.0,38.0,39.0,5.7156,37.0,37.0,38.0,
06/30/2008,1282.4,,-896.334,,386.066,0.0,-116.914,,,,,,269.152,-31.509,,49.375,,,0.0,4.033,-21.899,237.643,-61.23,,,176.413,0.0,,,176.413,0.0,176.413,0.0,0.0,176.413,176.413,,5.61702,31.5,31.5,32.0,5.88974,30.0,30.0,30.5,
09/30/2008,1454.562,,-975.387,,479.175,0.0,-122.648,,,,,,356.527,-75.723,,50.546,,,0.0,-7.933,33.11,280.804,-86.821,,,193.983,0.0,,,193.983,0.0,193.983,0.0,0.0,193.983,193.983,,5.64778,34.5,34.5,34.5,5.78298,33.5,33.5,33.5,
12/31/2008,1475.076,,-980.749,,494.327,,-129.101,,,,,,365.226,-455.686,,50.105,0.0,,0.0,,405.581,-224.564,-12.316,,,-102.776,0.0,,,-236.88,-3.927,-106.703,0.0,0.0,-106.703,-106.703,,5.66164,-19.5,-19.5,36.0,5.67056,-19.5,-19.5,36.0,
03/31/2009,1198.045,1198.045,-665.287,665.287,532.758,0.0,-269.248,107.343,107.343,,161.905,0.0,263.51,-105.067,61.219,67.078,-5.859,-9.141,-1.019,64.427,-10.419,158.443,-33.273,49.457,-16.184,125.17,0.0,0.0,0.0,125.17,0.0,125.17,0.0,0.0,125.17,172.4054,47.2354,5.66196,22.0,22.0,30.44975,5.66238,22.0,22.0,30.34195,
06/30/2009,867.869,867.869,-453.922,453.922,413.947,0.0,-332.372,163.808,163.808,,168.564,0.0,81.575,-289.678,58.091,66.027,-7.936,-18.248,1.709,8.127,239.999,-208.103,14.897,-43.425,28.528,-193.206,0.0,0.0,0.0,-193.206,0.22,-192.986,0.0,0.0,-192.986,28.320674,221.306674,5.66308,-34.0,-34.0,5.00095,5.66308,-34.0,-34.0,5.00095,
09/30/2009,791.915,791.915,-432.876,432.876,359.039,0.0,-259.717,82.05,82.05,,177.667,0.0,99.322,-66.237,65.494,66.671,-1.177,1.805,7.766,-13.457,4.629,33.085,-3.555,37.901,-34.346,29.53,0.0,0.0,0.0,29.53,0.0,29.53,0.0,0.0,29.53,46.22615,16.69615,5.66394,5.0,5.0,8.1615,5.74814,5.0,5.0,7.9046,
12/31/2009,829.475,829.475,-455.328,455.328,374.147,0.0,-349.692,75.949,75.949,,169.85,103.893,24.455,-180.447,,66.263,,-0.051,-0.084,102.301,12.018,-155.992,134.531,25.599,-160.13,-21.461,25.765,25.765,0.0,-47.226,-0.034,-47.26,0.0,0.0,-47.26,84.20085,105.69585,5.67708,-8.5,-4.0,14.8317,5.67708,-8.5,-4.0,14.618,
03/31/2010,891.346,891.346,-505.197,505.197,386.149,0.0,-251.989,75.426,75.426,,176.563,0.0,134.16,-82.051,65.338,66.769,-1.431,2.557,9.332,-7.642,12.466,52.109,-8.59,12.645,-4.055,43.519,4.421,4.421,0.0,39.098,1.102,40.2,0.0,0.0,40.2,53.7275,9.1065,5.69344,7.0,8.0,9.43675,5.81472,7.0,8.0,9.43675,
06/30/2010,896.029,896.029,-517.531,517.531,378.498,0.0,-260.575,80.337,80.337,,180.238,0.0,117.923,-65.158,63.16,65.293,-2.133,-2.314,5.868,-8.845,7.289,52.765,-8.794,17.652,-8.858,43.971,0.909,0.909,0.0,43.062,0.559,43.621,0.0,0.0,43.621,47.4836,2.9536,5.70362,7.5,7.5,8.32515,5.79592,7.5,7.5,8.0096,
09/30/2010,1069.261,1069.261,-625.561,625.561,443.7,0.0,-291.123,87.194,87.194,,203.929,0.0,152.577,-188.37,,66.973,,0.733,1.82,-11.842,130.686,-35.793,4.23,-71.276,67.046,-31.563,7.591,7.591,0.0,-39.154,-0.453,-39.607,,0.0,-39.607,83.620304,115.636304,5.70564,-7.0,-5.5,14.65575,5.70564,-7.0,-5.5,14.65575,
12/31/2010,1305.314,1305.314,-766.302,766.302,539.012,0.0,-319.01,100.561,100.561,,218.449,0.0,220.002,-67.618,,74.012,,-8.619,1.039,-4.928,6.114,152.384,-0.287,-38.559,38.846,152.097,100.323,100.323,0.0,51.774,-1.293,50.481,,0.0,50.481,109.5264,-41.2776,5.70886,9.0,26.5,19.18535,5.80884,8.5,26.0,18.894,
03/31/2011,1373.568,1373.568,-841.108,841.108,532.46,0.0,-341.161,115.951,115.951,,225.21,0.0,191.299,-52.321,72.134,73.966,-1.832,-12.28,-0.552,-16.274,9.293,138.978,-44.426,19.689,24.737,94.552,12.396,12.396,0.0,82.156,0.669,82.825,,0.0,82.825,92.6886,-2.5324,5.72228,14.5,16.5,16.19785,5.85378,14.0,16.5,16.0674,
06/30/2011,1343.642,1343.642,-827.45,827.45,516.192,0.0,-348.012,122.97,122.97,,225.042,0.0,168.18,-60.52,,63.755,,0.975,0.463,-9.308,4.635,107.66,-36.773,7.849,28.924,70.887,-121.167,-121.167,0.0,192.054,0.394,192.448,,0.0,192.448,74.93465,3.65365,5.74622,33.5,12.5,13.0407,5.88596,32.5,12.0,12.62075,
09/30/2011,1608.504,1608.504,-1019.412,1019.412,589.092,0.0,-353.516,119.431,119.431,,234.085,0.0,235.576,-110.825,,58.06,,-0.727,-0.399,-33.723,87.614,124.751,-37.561,19.676,17.885,87.19,12.226,12.226,0.0,74.964,-0.708,74.256,,0.0,74.256,142.8734,56.3914,5.74974,13.0,15.0,24.84865,5.83972,12.5,15.0,24.6565,
12/31/2011,1734.637,1734.637,-1087.994,1087.994,646.643,0.0,-371.297,131.54,131.54,,239.757,0.0,275.346,-161.966,,60.852,,-7.908,4.893,2.658,101.471,113.38,-23.845,62.488,-38.643,89.535,193.985,193.985,0.0,-104.45,-1.4,-105.85,,0.0,-105.85,151.5919,63.4569,5.75122,-18.5,15.5,26.3582,5.81928,-18.5,15.0,25.9046,
03/31/2012,1890.426,1890.426,-1184.816,1184.816,705.61,0.0,-383.967,136.346,136.346,,247.621,0.0,321.643,-109.981,,62.654,,-20.252,-0.455,68.669,-0.635,211.662,-69.044,26.006,43.038,142.618,8.795,8.795,0.0,133.823,0.267,134.09,,0.0,134.09,175.78935,32.90435,5.77076,23.0,25.0,30.4621,5.83418,23.0,24.5,30.13995,
06/30/2012,1737.114,1737.114,-1123.256,1123.256,613.858,0.0,-394.628,133.612,133.612,,261.016,0.0,219.23,-354.075,59.865,63.459,-3.594,-5.368,2.71,134.317,162.551,-134.845,36.192,34.698,-70.89,-98.653,-24.69,-24.69,0.0,-73.963,1.174,-72.789,,0.0,-72.789,118.578089,216.057089,5.80622,-12.5,-17.0,20.4226,5.80622,-12.5,-17.0,20.2113,
09/30/2012,1729.907,1729.907,-1107.032,1107.032,622.875,0.0,-396.318,130.681,130.681,,265.637,0.0,226.557,-167.045,,63.776,,-7.224,2.766,99.527,8.2,59.512,4.977,50.979,-55.956,64.489,-12.155,-12.155,0.0,76.644,-0.988,75.656,,0.0,75.656,120.995615,57.494615,5.80734,13.0,11.0,20.83495,5.85002,13.0,11.0,20.8281,
12/31/2012,1570.552,1570.552,-1015.182,1015.182,555.37,0.0,-402.901,129.419,129.419,,273.482,0.0,152.469,-15.444,60.41,61.836,-1.426,-30.293,-0.234,-1.193,-13.246,137.025,-5.46,,,131.565,103.414,103.414,0.0,28.151,-1.074,27.077,,0.0,27.077,-159.565,-290.056,5.80788,4.5,22.5,-27.4739,5.84842,4.5,22.5,-27.4739,
03/31/2013,1535.478,1535.478,-994.992,994.992,540.486,0.0,-400.243,130.878,130.878,,269.365,0.0,140.243,-38.182,59.235,60.011,-0.776,-79.421,4.317,-2.895,56.946,102.061,-9.854,18.829,-8.975,92.207,-7.011,-7.011,0.0,99.218,-0.097,99.121,,-0.814,98.307,75.64855,-15.64745,5.83374,17.0,15.5,12.9674,5.8834,16.5,15.5,12.8404,
06/30/2013,1457.966,1457.966,-972.31,972.31,485.656,0.0,-397.412,131.202,131.202,,266.21,0.0,88.244,-54.084,57.931,60.273,-2.342,-14.821,2.99,-1.36,9.344,34.16,-6.032,11.381,-5.349,28.128,26.873,26.873,0.0,1.255,-5.616,-4.361,,-0.814,-5.175,14.51745,-7.18055,5.89494,-0.5,4.0,2.4627,5.94238,-0.5,4.0,2.4627,
09/30/2013,1551.593,1551.593,-981.685,981.685,569.908,0.0,-401.387,127.943,127.943,,273.444,0.0,168.521,-303.715,54.952,56.059,-1.107,-1.229,-0.58,2.628,247.944,-135.194,44.684,-32.316,-12.368,-90.51,14.43,14.43,0.0,-104.94,-0.441,-105.381,,1.411,-103.97,70.9502,160.4902,5.90152,-17.5,-15.0,12.02235,5.90152,-17.5,-15.0,12.02235,
12/31/2013,1606.978,1606.978,-1032.841,1032.841,574.137,0.0,-412.965,135.307,135.307,,277.658,0.0,161.172,-59.039,46.18,47.075,-0.895,-1.106,-0.798,1.588,13.175,102.133,26.383,,,128.516,-23.113,-23.113,0.0,151.629,-1.026,150.603,0.0,-1.06,149.543,134.93785,8.50785,5.90436,25.0,21.5,22.85395,5.95492,25.0,21.0,22.4287,
03/31/2014,1589.618,1589.618,-1061.739,1061.739,527.879,0.0,-416.393,134.266,134.266,,282.127,0.0,111.486,-48.501,43.84,44.81,-0.97,-0.98,-3.293,2.445,6.489,62.985,-14.008,13.658,0.35,48.977,-1.515,-1.515,0.0,50.492,-0.573,49.919,0.0,-0.733,49.186,51.2343,3.5633,5.9242,8.5,8.0,8.6483,5.981,8.0,8.0,8.59575,
06/30/2014,1616.981,1616.981,-1066.495,1066.495,550.486,0.0,-416.45,133.63,133.63,,282.82,0.0,134.036,-57.551,44.275,46.303,-2.028,-7.066,4.336,0.576,15.43,76.485,-10.756,7.577,3.179,65.729,1.032,1.032,0.0,64.697,-0.253,64.444,0.0,-0.974,63.47,68.81995,4.31795,5.95968,10.5,10.5,11.5476,6.01962,10.5,10.5,11.2173,
09/30/2014,1813.762,1813.762,-1181.986,1181.986,631.776,0.0,-425.548,138.967,138.967,,286.581,0.0,206.228,-42.287,40.815,43.138,-2.323,-2.189,2.374,2.851,-1.564,163.941,-61.511,72.371,-10.86,102.43,-4.005,-4.005,0.0,106.435,-0.387,106.048,0.0,-1.579,104.469,125.5826,25.1186,5.85242,18.0,17.0,21.45825,5.9001,17.5,17.0,21.2573,
12/31/2014,1783.836,1783.836,-1194.844,1194.844,588.992,0.0,-1446.866,128.081,128.081,14.79,293.572,1010.423,-857.874,-52.136,42.748,43.697,-0.949,-1.596,-2.398,0.429,12.953,-910.01,23.609,,,-886.401,4.467,4.467,0.0,-890.868,-0.202,-891.07,0.0,13.881,-877.189,-199.985,672.737,5.69876,-154.0,-153.0,-35.0927,5.69876,-154.0,-153.0,-35.0927,
03/31/2015,1414.707,1414.707,-919.61,919.61,495.097,0.0,-408.152,115.43,115.43,11.703,281.019,0.0,86.945,16.712,46.067,46.601,-0.534,-0.969,-2.345,-6.502,-52.963,103.657,20.705,47.349,-68.054,124.362,0.817,0.817,0.0,123.545,0.089,123.634,0.0,-2.031,121.603,21.4572,-100.9628,5.70722,21.5,21.5,3.75965,5.72346,21.0,21.5,3.75965,
06/30/2015,863.305,863.305,-488.522,488.522,374.783,0.0,-304.486,75.81,75.81,10.48,218.196,0.0,70.297,-45.742,43.401,44.469,-1.068,-1.181,1.797,1.116,0.609,24.555,-66.445,-14.402,80.847,-41.89,-5.025,-5.025,0.0,-36.865,0.044,-36.821,0.0,0.72,-36.101,-40.29985,0.82615,5.7217,-6.5,-7.0,-7.04335,5.7217,-6.5,-7.0,-7.04335,
09/30/2015,847.553,847.553,-518.174,518.174,329.379,0.0,-321.855,72.032,72.032,9.716,240.107,0.0,7.524,-339.301,44.414,44.448,-0.034,0.022,-1.496,35.1,261.261,-331.777,80.898,13.735,-94.633,-250.879,45.275,45.275,0.0,-296.154,0.32,-295.834,0.0,5.834,-290.0,-106.50055,138.22445,5.68224,-51.0,-43.0,-18.7427,5.68224,-51.0,-43.0,-18.7427,
12/31/2015,738.872,738.872,-445.13,445.13,293.742,0.0,-301.547,61.056,61.056,9.354,231.137,0.0,-7.805,-216.165,45.738,46.41,-0.672,-0.18,2.436,45.367,122.804,-223.97,62.88,,,-161.09,1.73,1.73,0.0,-162.82,-0.834,-163.654,0.0,3.297,-160.357,-81.44275,77.18425,5.52742,-29.0,-28.5,-14.7343,5.52742,-29.0,-28.5,-14.7343,
03/31/2016,597.571,597.571,-365.023,365.023,232.548,0.0,-286.314,62.334,62.334,8.162,215.818,0.0,-53.766,-394.942,45.358,45.73,-0.372,-0.343,4.214,167.151,178.562,-448.708,52.064,14.825,-66.889,-396.644,0.926,0.926,0.0,-397.57,-0.724,-398.294,0.0,8.199,-390.095,-274.00005,115.16895,5.51702,-70.5,-70.5,-49.6645,5.51702,-70.5,-70.5,-49.6645,
06/30/2016,571.591,571.591,-341.279,341.279,230.312,0.0,-283.717,56.624,56.624,8.18,218.913,0.0,-53.405,-174.343,44.995,45.237,-0.242,-0.27,2.804,54.769,72.045,-227.748,41.183,15.898,-57.081,-186.565,0.984,0.984,0.0,-187.549,2.899,-184.65,0.0,3.786,-180.864,-133.58895,46.29105,5.531,-32.5,-32.5,-24.15275,5.531,-32.5,-32.5,-24.15275,
09/30/2016,519.729,519.729,-306.436,306.436,213.293,0.0,-285.267,56.078,56.078,8.476,220.713,0.0,-71.974,-56.916,,46.836,,-0.31,-1.102,-0.002,11.494,-128.89,31.051,8.6,-39.651,-97.839,12.187,12.187,0.0,-110.026,-1.185,-111.211,0.0,2.698,-108.513,-91.00055,5.32545,5.53414,-19.5,-17.5,-16.4435,5.53414,-19.5,-17.5,-16.5377,
12/31/2016,538.948,538.948,-331.56,331.56,207.388,0.0,-277.554,52.603,52.603,8.764,216.187,0.0,-70.166,-322.563,,47.557,,-0.26,-0.247,-0.004,275.517,-392.729,62.533,,,-330.196,4.266,4.266,0.0,-334.462,-1.125,-335.587,0.0,8.047,-327.54,-145.44505,177.82895,5.53586,-59.0,-58.5,-26.27325,5.53586,-59.0,-58.5,-26.3769,
03/31/2017,562.55,562.55,-387.644,387.644,174.906,0.0,-278.838,63.409,63.409,11.757,203.672,0.0,-103.932,-69.305,,56.518,,-0.721,0.876,-0.002,12.634,-173.237,25.609,22.689,-48.298,-147.628,0.439,0.439,0.0,-148.067,-0.917,-148.984,0.0,3.811,-145.173,-136.7442,7.9898,5.55562,-26.0,-26.0,-24.61365,5.55562,-26.0,-26.0,-24.61365,
06/30/2017,631.355,631.355,-417.521,417.521,213.834,0.0,-283.128,63.695,63.695,11.343,208.09,0.0,-69.294,-65.678,54.688,54.688,0.0,0.886,1.614,0.0,8.49,-134.972,19.496,14.313,-33.809,-115.476,15.504,15.504,0.0,-130.98,-1.971,-132.951,0.0,3.306,-129.645,-110.63425,3.50675,5.57832,-23.0,-20.5,-19.8329,5.57832,-23.0,-20.5,-19.87135,
09/30/2017,662.103,662.103,-441.263,441.263,220.84,0.0,-295.045,65.01,65.01,12.96,217.075,0.0,-74.205,-59.789,,54.607,,-0.373,-0.763,-0.004,6.322,-133.994,14.709,8.644,-23.353,-119.285,27.134,27.134,0.0,-146.419,-2.113,-148.532,0.0,3.463,-145.069,-112.93585,4.99915,5.58626,-26.0,-21.0,-20.2167,5.58626,-26.0,-21.0,-20.2167,
12/31/2017,708.277,708.277,-471.641,471.641,236.636,0.0,-288.185,59.07,59.07,15.009,214.106,0.0,-51.549,-86.332,,57.076,,-0.986,-0.124,-0.001,30.367,-137.881,23.156,,,-114.725,0.442,0.442,0.0,-115.167,-1.177,-116.344,0.0,2.63,-113.714,-87.62495,25.64705,5.73206,-20.0,-20.0,-15.2868,5.73206,-20.0,-20.0,-15.5257,
03/31/2018,734.194,734.194,-475.403,475.403,258.791,0.0,-303.825,74.571,74.571,15.806,213.448,0.0,-45.034,-75.008,,61.386,,-0.465,2.522,-0.002,11.567,-120.042,-23.545,8.771,14.774,-143.587,0.075,0.075,0.0,-143.662,-0.539,-144.201,0.0,3.899,-140.302,-130.03521,10.19179,6.17576,-23.0,-23.0,-21.05575,6.17576,-23.0,-23.0,-21.3497,
06/30/2018,761.92,761.92,-493.975,493.975,267.945,0.0,-368.144,67.823,67.823,12.439,218.262,69.62,-100.199,-71.738,60.592,60.592,0.0,3.164,3.742,0.001,4.239,-171.937,-23.278,3.464,19.814,-195.215,0.584,0.584,0.0,-195.799,-2.953,-198.752,-3.68,2.702,-199.73,-134.21511,64.93089,6.56744,-30.5,-30.5,-20.43645,6.56744,-30.5,-30.5,-20.6132,
09/30/2018,779.425,779.425,-497.194,497.194,282.231,0.0,-303.558,66.813,66.813,14.458,208.517,13.77,-21.327,-61.894,50.515,51.415,-0.9,1.342,1.607,0.0,8.43,-83.221,-10.489,5.016,5.473,-93.71,13.933,13.933,0.0,-107.643,-6.934,-114.577,-4.313,-2.578,-121.468,-93.54094,13.99406,7.00388,-17.5,-15.5,-13.3556,7.00388,-17.5,-15.5,-13.50195,
12/31/2018,782.08,782.08,-510.402,510.402,271.678,0.0,-350.714,56.615,56.615,13.444,226.643,54.012,-79.036,-64.558,,53.731,,5.458,-3.695,0.0,9.064,-143.594,-21.957,,,-165.551,0.071,0.071,0.0,-165.622,-17.796,-183.418,-4.312,-4.874,-192.604,-105.21114,87.32186,7.00472,-27.5,-27.5,-15.02005,7.00472,-27.5,-27.5,-15.03385,
03/31/2019,799.64,799.64,-520.957,520.957,278.683,0.0,-292.078,68.167,68.167,13.52,210.391,0.0,-13.395,-60.182,50.319,52.352,-2.033,-9.677,8.573,0.005,10.962,-73.577,-29.799,15.862,13.937,-103.376,0.157,0.157,0.0,-103.533,-14.176,-117.709,-4.313,-5.181,-127.203,-126.68734,0.35866,7.015,-18.13,-18.11,-18.0595,7.015,-18.13,-18.11,-18.0595,
06/30/2019,771.406,771.406,-496.664,496.664,274.742,0.0,-397.224,64.415,64.415,11.92,218.319,102.57,-122.482,-58.921,51.491,51.491,0.0,-0.469,1.398,0.0,6.501,-181.403,-11.398,16.504,-5.106,-192.801,0.034,0.034,0.0,-192.835,-10.729,-203.564,-4.312,-5.234,-213.11,-137.23241,75.84359,7.03086,-30.5,-30.5,-19.5186,7.03086,-30.5,-30.5,-19.71275,
09/30/2019,758.076,758.076,-475.461,475.461,282.615,0.0,-300.767,63.577,63.577,12.004,221.557,3.629,-18.152,-57.733,49.251,51.291,-2.04,1.437,8.745,0.0,-1.7,-75.885,-23.903,18.117,5.786,-99.788,-0.157,-0.157,0.0,-99.631,-19.297,-118.928,-4.31,-5.29,-128.528,-103.04976,25.63524,7.04052,-18.5,-18.5,-14.63665,7.04052,-18.5,-18.5,-14.8589,
12/31/2019,714.261,714.261,-436.249,436.249,278.012,0.0,-487.512,62.572,62.572,12.915,225.824,186.201,-209.5,-48.557,47.099,49.177,-2.078,-1.509,2.214,0.0,0.753,-258.057,-26.476,,,-284.533,-0.022,-0.022,0.0,-284.511,21.827,-262.684,-4.309,-5.288,-272.281,-113.38808,158.91492,7.0427,-38.5,-38.5,-16.1001,7.0427,-38.5,-38.5,-16.1001,
03/31/2020,718.364,718.364,-461.84,461.84,256.524,0.0,-572.29,57.384,57.384,11.409,227.063,276.434,-315.766,-40.81,52.349,54.722,-2.373,3.198,-0.645,0.0,-14.092,-356.576,-17.693,-7.203,24.896,-374.269,0.093,0.093,0.0,-374.362,-17.465,-391.827,-3.652,4.307,-391.172,-397.4622,-6.3832,7.051,-56.73,-56.72,-56.3696,7.051,-56.73,-56.72,-57.6253,
06/30/2020,533.931,533.931,-326.557,326.557,207.374,0.0,-322.521,46.244,46.244,7.305,211.12,57.852,-115.147,-18.375,49.976,51.206,-1.23,-2.036,2.727,0.0,-32.292,-133.522,-4.446,-0.336,4.782,-137.968,-0.023,-0.023,0.0,-137.945,-10.167,-148.112,-3.653,-4.33,-156.095,-137.75603,18.36197,7.052,-22.13,-22.13,-19.534321,7.052,-22.13,-22.13,-19.534321,
09/30/2020,446.385,,,,108.61886205,,,,,,,,-98.033,,,,,,,,,-151.5,,,,-173.25,,,,,,-173.25,,,-173.25,-173.25,,,-24.083,-24.083,-24.187,,-24.083,-24.083,-24.187,
12/31/2020,435.615,,,,105.99819795,,,,,,,,-104.833,,,,,,,,,-158.0,,,,-180.875,,,,,,-180.875,,,-180.875,-180.875,,,-24.937,-24.937,-25.051,,-24.937,-24.937,-25.051,
