Date,Revenue,Sales & Services Revenue,Cost of Revenue,Cost of Goods & Services,Gross Profit,Other Operating Income,Operating Expenses,"Selling, General & Admin",Research & Development,Depreciation & Amortization,Other Operating Expense,Operating Income (Loss),Non-Operating (Income) Loss,"Interest Expense, Net",Interest Expense,Interest Income,Foreign Exch (Gain) Loss,(Income) Loss from Affiliates,Other Non-Op (Income) Loss,Pretax Income,Income Tax Expense (Benefit),Current Income Tax,Income (Loss) from Cont Ops,Net Extraordinary Losses (Gains),Discontinued Operations,XO & Accounting Changes,Income (Loss) Incl. MI,Minority Interest,"Net Income, GAAP",Preferred Dividends,Other Adjustments,"Net Income Avail to Common, GAAP","Net Income Avail to Common, Adj",Net Abnormal Losses (Gains),Basic Weighted Avg Shares,"Basic EPS, GAAP",Basic EPS from Cont Ops,"Basic EPS from Cont Ops, Adjusted",Diluted Weighted Avg Shares,"Diluted EPS, GAAP",Diluted EPS from Cont Ops,"Diluted EPS from Cont Ops, Adjusted",Source: Bloomberg
12/31/1989,406.720978,,,,,,,,,,,,,,,,,,,,,,,,,,,,18.923998,,,18.923998,18.923998,,8.875999,2.13,2.13,,8.875999,2.13,2.13,2.13,
03/31/1990,328.222992,,-241.207993,,87.014999,,-43.563,,,,,43.452,-23.395001,,19.530001,,,,3.865,20.056999,-7.324,,12.733,0.0,,,12.732999,,12.733,0.0,,12.733,12.733,,8.929,1.43,1.43,,8.929,1.43,1.43,1.43,
06/30/1990,331.714996,,-245.550995,,86.164001,,-50.530998,,,,,35.632999,-19.678,,19.556,,,,0.122,15.955,-6.042,,9.913,0.0,,,9.913,,9.913,0.0,,9.913,9.913,,9.913,1.12,1.12,,9.913,1.12,1.12,1.12,
09/30/1990,324.420013,,-243.261002,,81.159012,,-46.737,,,,,34.422001,-16.278001,,18.891001,,,,-2.613,18.144,-9.167,,8.977,0.0,,,8.977,,8.977,0.0,,8.977,8.977,,8.977,1.01,1.01,,8.977,1.01,1.01,1.01,
12/31/1990,400.63501,,-305.638,,94.99701,,-81.106003,,,,,13.891,-18.005001,,20.992001,,,,-2.987,-4.114001,3.438,,-0.676,0.0,,,-0.676001,,-0.676,0.0,,-0.676,-0.676,,8.878,-0.07,-0.07,-0.07,8.878,-0.07,-0.07,-0.07,
03/31/1991,304.912994,,-240.317993,,64.595001,,-45.076,,,,,19.518999,-21.412,,19.201,,,,2.211,-1.893001,3.628,,1.735,0.0,,,1.734999,,1.735,0.0,,1.735,1.735,,8.91,0.2,0.2,,8.91,0.2,0.2,0.2,
06/30/1991,323.673004,,-251.692993,,71.980011,,-44.126999,,,,,27.853001,-19.891,,18.201,,,,1.69,7.962,-3.286,,4.676,0.0,,,4.676,,4.676,0.0,,4.676,4.676,,8.917,0.53,0.53,,8.917,0.53,0.53,0.53,
09/30/1991,350.953003,,-275.48999,,75.463013,,-45.733002,,,,,29.73,-19.157001,,17.575001,,,,1.582,10.572999,-6.624,,3.949,0.0,,,3.948999,,3.949,0.0,,3.949,3.949,,8.923,0.44,0.44,,8.923,0.44,0.44,0.44,
12/31/1991,389.656006,,-300.859009,,88.796997,,-53.155998,,,,,35.640999,-22.285999,,17.285999,,,,5.0,13.355,-3.198,,10.157,0.0,,,10.157,,10.157,0.0,,10.157,10.157,,8.88,1.14,1.14,1.14,8.88,1.14,1.14,1.14,
03/31/1992,319.687012,,-252.927002,,66.76001,,-47.657001,,,,,19.103001,-19.765001,,16.023001,,-2.087,,5.829,-0.662,0.85,,0.188,0.0,,,0.188,0.51,0.698,0.0,,0.698,0.698,,8.883,0.08,0.08,,8.883,0.08,0.08,0.08,
06/30/1992,348.679993,,-278.265991,,70.414001,,-47.342999,,,,,23.070999,-21.154001,,15.52,,0.642,,4.992,1.916999,-1.107,,0.81,0.0,,,0.809999,0.211,1.021,0.0,,1.021,1.021,,8.884,0.11,0.11,,8.884,0.11,0.11,0.11,
09/30/1992,392.515015,,-307.803009,,84.712006,,-49.25,,,,,35.462002,-17.689,,16.202,,1.666,,-0.179,17.773002,-7.603,,10.17,0.0,,,10.170002,-0.862,9.308,0.0,,9.308,9.308,,8.889,1.05,1.05,,8.889,1.05,1.05,1.05,
12/31/1992,422.897003,,-332.234985,,90.662018,,-67.017998,,,,,23.643999,-2.343001,,18.287001,,-5.849,,-10.095,21.300998,-8.486,,12.815,109.999996,,,-97.184998,-0.974,-98.158997,0.0,,-98.158997,-98.158997,,8.903999,-11.02,1.35,1.35,8.903999,-11.02,1.35,1.35,
03/31/1993,343.821014,,-275.968994,,67.85202,,-53.334,,,,,14.518,-15.328,,14.99,,-0.268,,0.606,-0.81,0.336,,-0.474,0.0,,,-0.474,0.468,-0.006,0.0,,-0.006,-0.006,,8.936,0.0,0.0,,8.936,0.0,0.0,0.0,
06/30/1993,358.734985,,-289.55899,,69.175995,,-51.884998,,,,,17.291,-18.592,,15.518,,0.62,,2.454,-1.300999,0.596,,-0.705,3.292,,,-3.996999,0.504,-3.493,0.0,,-3.493,-3.493,,8.937,-0.39,-0.02,,8.937,-0.39,-0.02,-0.02,
09/30/1993,401.734985,,-325.033997,,76.700989,,-48.352001,,,,,28.349001,-24.306001,,17.672001,,0.038,,6.596,4.043,-1.952,,2.091,0.0,,,2.091,-0.042,2.049,0.0,,2.049,2.049,,8.938,0.23,0.23,,8.938,0.23,0.23,0.23,
12/31/1993,445.079987,,-353.489014,,91.590973,,-58.365002,,,,,33.226002,-10.494,,17.75,,-0.511,,-6.745,22.732002,-12.491,,10.241,0.0,,,10.241002,-0.49,9.751,0.0,,9.751,9.751,,8.939,1.09,1.09,1.09,8.939,1.09,1.09,1.09,
03/31/1994,383.247986,,-305.444,,77.803986,,-57.501999,,,,,20.302,-15.739,,14.793,,,,0.946,4.563,-2.001,,2.562,0.0,,,2.562,0.208,2.77,0.0,,2.77,2.77,,8.942,0.31,0.31,,8.942,0.31,0.31,0.31,
06/30/1994,436.907013,,-346.110992,,90.796021,,-57.983002,,,,,32.813,-15.537,,15.855,,,,-0.318,17.276,-7.846,,9.43,3.218,,,6.212,-0.239,5.973,0.0,,5.973,5.973,,8.915,0.67,1.03,,8.915,0.67,1.03,1.03,
09/30/1994,480.303009,,-383.075012,,97.227997,,-61.882,,,,,35.346001,-13.574,,15.053,,,,-1.479,21.772,-9.852,,11.92,0.0,,,11.92,-0.906,11.014,0.0,,11.014,11.014,,8.951,1.23,1.23,,8.951,1.23,1.23,1.23,
12/31/1994,564.429016,,-452.816986,,111.61203,,-64.976997,,,,,46.634998,-11.75,,14.699,,0.8,,-3.749,34.884998,-11.031,,23.854,0.0,,,23.853998,-1.557,22.297001,0.0,,22.297001,22.297001,,8.951,2.49,2.49,2.49,8.951,2.49,2.49,2.49,
03/19/1995,502.371002,,-401.618011,,100.752991,,-66.519997,,,,,34.233002,-13.342,,14.023,,,,-0.681,20.891002,-7.878,,13.013,1.28,,,11.733002,-0.208,11.525,0.0,,11.525,11.525,,8.958,1.29,1.43,,8.958,1.29,1.43,1.43,
06/30/1995,517.598999,,-417.890015,,99.708984,,-67.521004,,,,,32.188,-9.524,,12.385,,,,-2.861,22.664,-7.448,,15.216,0.0,,,15.216,-0.484,14.732,0.0,,14.732,14.732,,8.965,1.64,1.64,,8.965,1.64,1.64,1.64,
09/30/1995,538.330017,,-436.990997,,101.33902,,-66.916,,,,,34.423,-12.143,,13.459,,,,-1.316,22.280001,-7.526,,14.754,2.102,,,12.652001,-1.096,11.556,0.0,,11.556,11.556,,8.965,1.29,1.53,,8.965,1.29,1.53,1.53,
12/31/1995,646.21698,,-522.280029,,123.936951,,-73.719002,,,,,50.217999,-12.535,,12.012,,,,0.523,37.682999,-11.829,,25.854,-32.316002,,,58.170001,-1.543,56.626999,0.0,,56.626999,56.626999,,8.966,6.32,2.71,2.71,8.966,6.32,2.71,2.71,
03/31/1996,559.476013,,-452.174011,,107.302002,,-75.690002,,,,,31.612,-11.888,,13.001,,,,-1.113,19.723999,-6.657,,13.067,0.0,,,13.066999,-0.148,12.919,0.0,,12.919,12.919,,8.975,1.44,1.44,1.44,8.975,1.44,1.44,1.44,
06/30/1996,560.890991,,-452.558014,,108.332977,,-73.596001,,,,,34.737,-9.199,,12.991,,,,-3.792,25.537999,-10.946,,14.592,0.0,,,14.591999,-0.58,14.012,0.0,,14.012,14.012,,8.984,1.56,1.56,1.56,8.984,1.56,1.56,1.56,
09/30/1996,537.051025,,-437.433014,,99.618011,,-72.741997,,,,,26.875999,-12.579,,12.899,,,,-0.32,14.296999,-6.072,,8.225,0.0,,,8.224999,-0.617,7.608,0.0,,7.608,7.608,,8.985,0.85,0.85,0.85,8.985,0.85,0.85,0.85,
12/31/1996,615.781982,,-502.035004,,113.746978,,-75.772003,,,,,37.974998,-11.234,,7.009,,,,4.225,26.740998,-10.625,,16.115999,0.0,,,16.115998,-0.055,16.061001,0.0,,16.061001,16.061001,,8.786,1.83,1.83,1.83,8.825,1.82,1.82,1.82,
03/31/1997,479.700012,,-397.600006,,82.100006,,-66.099998,,,,,16.0,-10.8,,10.0,,,,0.8,5.2,-2.3,,2.9,0.0,,,2.9,-0.1,2.8,0.0,,2.8,2.8,,8.196,0.35,0.35,0.35,8.205,0.35,0.35,0.35,
06/30/1997,541.099976,,-440.700012,,100.399963,,-66.599998,,,,,33.799999,-7.3,,9.3,,,,-2.0,26.499999,-11.3,,15.2,0.0,,,15.199999,-0.3,14.9,0.0,,14.9,14.9,,8.183,1.82,1.82,1.82,8.193,1.82,1.82,1.82,
09/30/1997,557.400024,,-451.600006,,105.800018,,-68.300003,,,,,37.5,-12.2,,8.8,,,,3.4,25.3,-10.6,,14.7,0.0,,,14.699999,-0.2,14.5,0.0,,14.5,14.5,,8.153,1.78,1.78,1.78,8.168,1.78,1.78,1.78,
12/31/1997,668.700012,,-536.0,,132.700012,,-80.0,,,,,52.700001,-20.6,,8.5,,,,12.1,32.1,-2.2,,29.9,0.0,,,29.9,-0.3,29.6,0.0,,29.6,29.6,,8.153,3.63,3.63,3.63,8.177,3.62,3.62,3.62,
03/31/1998,599.299988,,-480.299988,,119.0,,-69.900002,,,,,49.099998,-8.9,,8.0,,,,0.9,40.199998,-15.6,,24.6,0.0,,,24.599998,-0.5,24.1,0.0,,24.1,24.1,,8.159,2.95,2.95,2.95,8.177,2.95,2.95,2.95,
06/30/1998,614.200012,,-494.0,,120.200012,,-73.199997,,,,,47.0,-4.0,,8.2,,,,-4.2,43.0,-16.1,,26.9,0.0,,,26.9,-0.6,26.299999,0.0,,26.299999,26.299999,,8.164,3.22,3.22,3.22,8.184,3.21,3.21,3.21,
09/30/1998,583.700012,,-465.5,,118.200012,,-74.900002,,,,,43.299999,-10.4,,8.9,,,,1.5,32.9,-12.2,,20.700001,0.0,,,20.7,-0.3,20.4,0.0,,20.4,20.4,,8.15,2.5,2.5,2.5,8.169,2.5,2.5,2.5,
12/31/1998,739.0,,-580.900024,,158.099976,,-97.800003,,,,,60.299999,-10.4,,9.5,,,,0.9,49.899999,-16.799999,,33.099998,0.0,,,33.1,-1.6,31.5,0.0,,31.5,31.5,,8.118,3.88,3.88,3.88,8.17,3.87,3.87,3.87,
03/31/1999,621.900024,,-506.200012,,115.700012,,-84.300003,,,,,31.4,-10.6,,10.2,,,,0.4,20.8,-7.9,,12.9,1.2,,,11.7,0.0,11.7,0.0,0.0,11.7,11.7,,8.137,1.44,1.59,1.59,8.146,1.44,1.59,1.59,
06/30/1999,653.200012,,-529.099976,,124.100037,,-86.900002,,,,,37.200001,-10.7,10.6,10.6,,,,0.1,26.5,-10.2,,16.299999,0.0,,,16.300001,0.0,16.299999,0.0,0.0,16.299999,16.299999,,8.155,2.0,2.0,2.0,8.155,2.0,2.0,2.0,
09/30/1999,622.0,,-509.5,,112.5,,-87.900002,,,,,24.6,-12.6,12.3,12.3,,,,0.3,12.0,-4.6,,7.4,0.0,,,7.4,-0.4,7.0,0.0,0.0,7.0,7.0,,8.155,0.86,0.86,0.86,8.155,0.86,0.86,0.86,
12/31/1999,738.799988,,-606.400024,,132.399963,,-93.099998,,,,,39.299999,-12.0,,10.2,,,,1.8,27.299999,-9.0,,18.299999,0.0,,,18.299999,-0.2,18.1,0.0,0.0,18.1,18.1,,8.156,2.22,2.22,2.22,8.156,2.22,2.22,2.22,
03/31/2000,681.900024,,-561.700012,,120.200012,,-93.400002,,,,,26.799999,-12.3,10.7,10.7,,,,1.6,14.499999,-5.6,,8.9,0.0,,,8.899999,0.3,9.2,0.0,0.0,9.2,9.2,,8.162,1.13,1.13,1.13,8.162,1.13,1.13,1.13,
06/30/2000,706.400024,,-579.700012,,126.700012,,-93.5,,,,,33.200001,-11.5,11.3,11.3,,,,0.2,21.700001,-8.1,,13.6,0.0,,,13.6,0.0,13.6,0.0,0.0,13.6,13.6,,8.168,1.67,1.67,1.8,8.168,1.67,1.67,1.8,
09/30/2000,699.799988,,-575.400024,,124.399963,,-94.300003,,,,,30.1,-14.5,12.1,12.1,,,,2.4,15.6,-6.4,,9.2,0.0,,,9.2,-0.3,8.9,0.0,0.0,8.9,8.9,,8.169,1.09,1.09,1.25,8.169,1.09,1.09,1.25,
12/31/2000,783.200012,,-638.299988,,144.900024,,-101.5,,,,,43.400002,-35.200001,,13.0,,,,22.200001,8.200001,-2.2,,6.0,-29.9,,,35.9,0.1,36.0,0.0,0.0,36.0,36.0,,8.17,4.41,0.75,2.39,8.17,4.41,0.75,2.39,
03/31/2001,717.200012,,-586.900024,,130.299988,,-97.199997,,,,,33.099998,-10.0,11.4,11.4,,,,-1.4,23.099999,-8.9,,14.2,1.3,,,12.899999,0.2,13.1,0.0,0.0,13.1,13.1,,8.182,1.6,1.76,1.76,8.182,1.6,1.76,1.76,
06/30/2001,668.0,,-551.700012,,116.299988,,-98.199997,,,,,18.1,-8.9,14.8,14.8,,,,-5.9,9.2,-3.3,,5.9,0.0,,,5.9,0.2,6.1,0.0,0.0,6.1,6.1,,8.193,0.74,0.74,0.74,8.193,0.74,0.74,0.74,
09/30/2001,597.5,,-510.299988,,87.200012,,-96.400002,,,,,-9.2,-26.7,15.2,15.2,,,,11.5,-35.9,8.2,,-27.700001,0.0,,,-27.7,0.2,-27.5,0.0,0.0,-27.5,-27.5,,8.194,-3.36,-3.36,-2.58,8.194,-3.36,-3.36,-2.58,
12/31/2001,655.200012,,-554.5,,100.700012,,-105.099998,,,,,-4.4,-37.4,,15.5,,,,21.9,-41.8,13.9,,-27.9,0.0,,,-27.9,0.2,-27.700001,0.0,0.0,-27.700001,-27.700001,,8.195,-3.38,-3.38,-2.31,8.195,-3.38,-3.38,-2.31,
03/31/2002,576.5,,-476.100006,,100.399994,,-81.599998,,,,,18.799999,-12.8,,14.5,,,,-1.7,5.999999,0.1,,6.1,0.0,,,6.099999,0.2,6.3,0.0,0.0,6.3,6.3,,8.196,0.77,0.77,0.77,8.196,0.77,0.77,0.77,
06/30/2002,609.599976,,-495.799988,,113.799988,,-88.199997,,,,,25.6,-21.900001,,17.200001,,,,4.7,3.7,-1.2,,2.5,0.0,,,2.5,0.3,2.8,0.0,0.0,2.8,2.8,,8.197,0.34,0.34,0.34,8.197,0.34,0.34,0.34,
09/30/2002,624.099976,,-502.200012,,121.899963,,-86.599998,,,,,35.299999,-25.1,,19.6,,,,5.5,10.199999,-2.6,,7.6,0.0,,,7.599999,0.4,8.0,0.0,0.0,8.0,8.0,,8.198,0.98,0.98,0.98,8.198,0.98,0.98,0.98,
12/31/2002,737.9,,-573.7,,164.2,,-98.6,,,,,65.6,-25.8,16.3,18.0,-1.7,0.0,,9.5,39.8,-7.6,,32.2,7.2,,,25.0,0.3,25.3,0.0,0.0,25.3,25.3,,8.199,3.09,3.97,4.43,8.199,3.09,3.97,4.43,
03/31/2003,558.200012,,-458.100006,,100.100006,,-92.199997,,,,,7.9,-4.099999,12.7,12.7,,,,-8.6,3.800001,-1.2,,2.6,-1.2,,,3.800001,0.3,4.1,0.0,0.0,4.1,4.1,,8.202,0.5,0.35,0.35,8.202,0.5,0.35,0.35,
06/30/2003,637.5,,-520.6,,116.9,0.0,-87.3,87.3,,,0.0,29.6,-16.1,16.0,16.8,-0.8,,-1.0,1.1,13.5,-4.1,,9.4,,,,9.4,0.2,9.6,,0.0,9.6,9.6,,8.204,1.17,1.17,1.17,8.204,1.17,1.17,1.17,
09/30/2003,582.0,,-469.899994,,112.100006,,-95.800003,,,,,16.299999,-4.6,12.5,12.5,,,,-7.9,11.699999,-0.4,,11.3,0.0,,,11.299999,0.4,11.7,0.0,0.0,11.7,11.7,,8.205,1.43,1.43,1.43,8.205,1.43,1.43,1.43,
12/31/2003,559.099976,,-446.5,,112.599976,,-106.199997,,,,,6.4,29.6,,0.8,,,,-30.4,36.0,-10.1,,25.9,-1.8,,,27.699999,-0.3,27.4,0.0,0.0,27.4,27.4,,8.206,3.34,3.12,3.12,8.206,3.34,3.12,3.12,
03/31/2004,614.200012,,-509.799988,,104.400024,,-98.900002,,,,,5.5,-12.2,12.1,12.1,,0.0,,0.1,-6.7,1.9,,-4.8,0.0,,,-4.8,0.3,-4.5,0.0,0.0,-4.5,-4.5,,8.208,-0.55,-0.55,0.13,8.208,-0.55,-0.55,0.13,
06/30/2004,644.299988,,-538.099976,,106.200012,,-100.5,,,,,5.7,-1.9,12.0,12.0,,0.0,,-10.1,3.8,2.5,,6.3,0.0,,,6.3,0.1,6.4,0.0,0.0,6.4,6.4,,8.212,0.78,0.78,0.69,8.212,0.78,0.78,0.69,
09/30/2004,668.0,,-555.8,,112.2,,-100.1,,,,,12.1,4.9,11.7,11.7,,0.0,,-16.6,17.0,-3.7,,13.3,0.0,,,13.3,0.1,13.4,0.0,0.0,13.4,13.4,,8.213,1.63,1.63,1.6,8.213,1.63,1.63,1.6,
12/31/2004,856.1,,-701.2,,154.9,0.0,-107.0,,,,,47.9,-9.7,,,,,,9.7,38.2,-6.0,,32.2,-0.5,,,32.7,-0.1,32.6,0.0,0.0,32.6,32.6,,8.214,3.97,3.91,3.91,8.221,3.97,3.91,3.91,
03/31/2005,727.799988,,-617.200012,,110.599976,,-106.800003,,,,,3.8,-0.6,10.4,11.6,-1.2,0.0,,-9.8,3.2,1.9,,5.1,0.0,,,5.1,0.1,5.2,0.0,0.0,5.2,5.2,,8.219,0.63,0.63,0.63,8.219,0.63,0.63,0.63,
06/30/2005,778.5,,-653.799988,,124.700012,,-107.400002,,,,,17.299999,-1.9,10.7,11.7,-1.0,0.0,,-8.8,15.4,-4.1,,11.3,0.0,,,11.3,0.0,11.3,0.0,0.0,11.3,11.3,,8.224,1.37,1.37,1.32,8.224,1.37,1.37,1.32,
09/30/2005,744.299988,,-623.200012,,121.099976,,-102.699997,,,,,18.4,-1.5,11.5,12.2,-0.7,0.0,,-10.0,16.9,-3.3,,13.6,0.0,,,13.6,0.0,13.6,0.0,0.0,13.6,13.6,,8.225,1.65,1.65,1.65,8.225,1.65,1.65,1.65,
12/31/2005,906.8,,-750.0,,156.8,,-119.4,,,,,37.4,-2.1,,12.0,-0.7,0.0,,-9.2,35.3,-7.6,,27.7,-4.7,,,32.4,0.0,32.4,0.0,0.0,32.4,32.4,,8.226,3.94,3.37,3.98,8.232,3.94,3.37,3.98,
03/31/2006,770.4,,-649.0,,121.4,,-109.1,,,,,12.3,2.9,9.9,13.5,-3.6,0.0,,-12.8,15.2,-3.0,,12.2,0.0,,,12.2,0.5,12.7,0.0,0.0,12.7,12.7,,8.229,1.54,1.54,1.16,8.232,1.54,1.54,1.16,
06/30/2006,796.9,,-666.8,,130.1,,-96.3,,,,,33.8,-26.8,10.8,10.8,,0.0,,16.0,7.0,-2.4,,4.6,0.0,,,4.6,0.1,4.7,0.0,0.0,4.7,4.7,,8.236,0.57,0.57,1.97,8.24,0.57,0.57,1.97,
09/30/2006,803.099976,,-669.200012,,133.899963,,-112.099998,,,,,21.799999,4.5,7.9,7.9,,0.0,,-12.4,26.299999,-7.5,,18.799999,0.0,,,18.799999,0.0,18.799999,0.0,0.0,18.799999,18.799999,,8.237,2.28,2.28,2.25,8.246,2.28,2.28,2.25,
12/31/2006,978.6,,-801.8,,176.8,,-133.7,,,,,43.1,28.9,,9.6,-4.1,0.0,,-34.4,72.0,-14.9,,57.1,-12.8,,,69.9,0.1,70.0,0.0,0.0,70.0,70.0,,8.238,8.5,6.94,6.94,8.254,8.48,6.93,6.93,
03/31/2007,803.9,,-672.9,,131.0,,-122.9,,,,,8.1,0.6,8.0,8.0,,0.0,,-8.6,8.7,-2.2,,6.5,0.0,,,6.5,0.1,6.6,0.0,0.0,6.6,6.6,,8.252,0.8,0.8,0.99,8.267,0.8,0.8,0.99,
06/30/2007,830.9,,-701.5,,129.4,,-119.8,,,,,9.6,2.0,9.8,9.8,,0.0,,-11.8,11.6,-1.7,,9.9,0.0,,,9.9,0.0,9.9,0.0,0.0,9.9,9.9,,8.267,1.2,1.2,1.12,8.27,1.2,1.2,1.12,
09/30/2007,875.200012,,-724.599976,,150.600037,,-122.900002,,,,,27.700001,-1.2,11.3,11.3,,0.0,,-10.1,26.500001,-5.4,,21.1,0.0,,,21.100001,,21.1,0.0,0.0,21.1,21.1,,8.267,2.55,2.55,2.68,8.274,2.55,2.55,2.68,
12/31/2007,1092.7,,-902.5,,190.2,,-126.7,,,,,63.5,3.9,,11.6,-3.9,0.0,,-11.6,67.4,-14.6,,52.8,0.0,,,52.8,0.0,52.8,0.0,0.0,52.8,52.8,,8.266,6.39,6.39,6.77,8.266,6.38,6.38,6.76,
03/31/2008,865.0,,-732.7,,132.3,,-124.2,124.2,,,0.0,8.1,0.0,7.9,11.0,-3.1,,-10.4,2.5,8.1,-2.5,,5.6,0.0,,,5.6,0.0,5.6,0.0,0.0,5.6,5.6,,8.275,0.68,0.68,0.73,8.282,0.68,0.68,0.73,
06/30/2008,948.1,,-826.2,,121.9,,-119.7,119.7,,,0.0,2.2,0.9,9.0,10.7,-1.7,,-10.9,1.0,3.1,-0.7,,2.4,,,,2.4,-0.1,2.3,0.0,0.0,2.3,2.3,,8.282,0.28,0.28,0.34,8.288,0.28,0.28,0.34,
09/30/2008,917.8,,-813.8,,104.0,,-109.2,109.2,,,0.0,-5.2,1.3,8.3,9.9,-1.6,,-11.0,1.4,-3.9,-13.2,,-17.1,,,,-17.1,-0.2,-17.3,0.0,0.0,-17.3,-17.3,0.91,8.283,-2.09,-2.09,-1.980136,8.283,-2.09,-2.09,-1.980136,
12/31/2008,945.7,,-811.1,,134.6,,-110.6,122.4,,,-11.8,24.0,-450.6,7.8,9.0,-1.2,,0.1,442.7,-426.6,-2.2,,-428.8,-0.5,,,-428.3,0.1,-428.2,0.0,0.0,-428.2,-428.2,,8.284,-51.69,-51.75,-17.08,8.284,-51.69,-51.75,-17.08,
03/31/2009,554.7,554.7,-468.8,468.8,85.9,0.0,-86.5,98.0,,,-11.5,-0.6,-7.9,7.4,8.2,-0.8,,0.8,-0.3,-8.5,-0.6,,-9.1,0.0,0.0,0.0,-9.1,,-9.1,0.0,0.0,-9.1,-10.92,-1.82,8.287,-1.1,-1.1,-1.317727,8.287,-1.1,-1.1,-1.319621,
06/30/2009,540.5,540.5,-447.7,447.7,92.8,0.0,-79.5,88.3,,,-8.8,13.3,-7.2,,7.8,,,,-0.6,6.1,-5.0,,1.1,-0.3,-0.3,0.0,1.4,0.2,1.6,0.0,0.0,1.6,-1.04,-2.34,8.289,0.19,0.15,-0.125467,8.294,0.19,0.15,-0.132132,
09/30/2009,527.8,527.8,-433.7,433.7,94.1,0.0,-85.1,94.6,,,-9.5,9.0,-7.7,,8.3,,,,-0.6,1.3,-5.7,,-4.4,-0.4,-0.4,0.0,-4.0,0.1,-3.9,0.0,0.0,-3.9,-3.78,0.52,8.291,-0.47,-0.52,-0.455916,8.291,-0.47,-0.52,-0.457281,
12/31/2009,687.6,687.6,-552.3,552.3,135.3,0.0,-97.9,107.4,,,-9.5,37.4,-7.4,7.4,7.9,-0.5,,,0.0,30.0,-9.2,,20.8,-21.9,-21.9,0.0,42.7,-0.2,42.5,0.0,0.0,42.5,21.58,0.78,8.293,5.12,2.48,2.578078,8.305,5.12,2.48,2.573919,
03/31/2010,557.6,557.6,-451.9,451.9,105.7,0.0,-81.5,94.0,,,-12.5,24.2,-9.2,,6.8,,,,2.4,15.0,-3.4,,11.6,0.0,0.0,0.0,11.6,0.1,11.7,0.0,0.0,11.7,11.18,-0.52,8.321,1.41,1.41,1.343589,8.331,1.4,1.4,1.337583,
06/30/2010,598.8,598.8,-475.7,475.7,123.1,0.0,-95.8,104.8,,,-9.0,27.3,-10.4,,6.9,,,,3.5,16.9,-0.9,,16.0,0.0,0.0,0.0,16.0,-0.1,15.9,0.0,0.0,15.9,18.76,2.86,8.331,1.91,1.91,2.251831,8.338,1.91,1.91,2.251831,
09/30/2010,664.9,664.9,-534.8,534.8,130.1,0.0,-98.0,105.2,,,-7.2,32.1,-12.7,,7.0,,,,5.7,19.4,-6.1,,13.3,0.0,0.0,0.0,13.3,0.2,13.5,0.0,0.0,13.5,20.715,7.215,8.332,1.62,1.62,2.486198,8.346,1.62,1.62,2.484486,
12/31/2010,866.2,866.2,-698.9,698.9,167.3,0.0,-110.6,122.7,,,-12.1,56.7,-11.2,,6.7,,,,4.5,45.5,-7.0,,38.5,0.0,0.0,0.0,38.5,-0.1,38.4,0.0,0.0,38.4,45.03,6.63,8.333,4.61,4.61,5.403816,8.362,4.59,4.59,5.382873,
03/31/2011,745.5,745.5,-608.9,608.9,136.6,0.0,-101.3,113.4,,,-12.1,35.3,51.7,,6.2,,,,-57.9,87.0,-24.2,,62.8,0.0,0.0,0.0,62.8,,62.8,0.0,0.0,62.8,29.26,-33.54,8.363,7.51,7.51,3.498744,8.399,7.48,7.48,3.486667,
06/30/2011,811.0,811.0,-673.1,673.1,137.9,0.0,-106.8,116.4,,,-9.6,31.1,-4.8,,6.1,,,,-1.3,26.3,-7.2,,19.1,0.0,0.0,0.0,19.1,0.1,19.2,0.0,0.0,19.2,20.045,0.845,8.393,2.29,2.29,2.3883,8.407,2.28,2.28,2.380511,
09/30/2011,194.6,194.6,-146.1,146.1,48.5,0.0,-35.2,46.4,,,-11.2,13.3,-3.0,,2.3,,,,0.7,10.3,-2.1,,8.2,-17.5,-17.5,0.0,25.7,,25.7,0.0,0.0,25.7,8.265,0.065,8.395,3.06,0.98,0.984515,8.416,3.05,0.97,0.977723,
12/31/2011,273.9,273.9,-193.6,193.6,80.3,0.0,-38.0,50.8,,,-12.8,42.3,-1.4,,1.9,,,,-0.5,40.9,-11.0,,29.9,-24.5,-24.5,0.0,54.4,,54.4,0.0,0.0,54.4,26.52,-3.38,8.391,6.48,3.56,3.160529,8.411,6.47,3.56,3.158145,
03/31/2012,173.679,173.679,-128.16,128.16,45.519,0.0,-37.451,49.416,,,-11.965,8.068,-1.318,1.628,1.707,-0.079,,-0.351,0.041,6.75,-2.038,,4.712,-20.538,-20.538,0.0,25.25,,25.25,0.0,0.0,25.25,4.8875,0.1755,8.379,3.01,0.57,0.583303,8.394,3.0,0.57,0.583303,
06/30/2012,171.435,171.435,-128.138,128.138,43.297,10.579,-46.275,48.125,,0.464,-2.314,7.601,-2.771,1.434,1.504,-0.07,,,1.337,4.83,-1.387,,3.443,-18.269,-18.269,0.0,21.712,,21.712,0.0,0.0,21.712,1.89535,-1.54765,8.388,2.6,0.42,0.22596,8.4,2.6,0.42,0.22596,
09/30/2012,210.067,210.067,-157.84,157.84,52.227,11.471,-48.862,51.203,,0.767,-3.108,14.836,-1.161,,1.509,,,-0.383,0.035,13.675,-3.299,,10.376,-27.728,-27.728,0.0,38.104,0.0,38.104,0.0,0.0,38.104,8.3558,-2.0202,8.391,4.53,1.24,0.995805,8.409,4.52,1.23,0.989757,
12/31/2012,318.183,318.183,-233.284,233.284,84.899,0.0,-47.762,59.418,,0.962,-12.618,37.137,-4.364,1.355,1.368,-0.013,,-0.386,3.395,32.773,-9.141,,23.632,0.0,0.0,0.0,23.632,0.0,23.632,0.0,0.0,23.632,22.4919,-1.1401,8.384,2.82,2.82,2.682717,8.444,2.8,2.8,2.664981,
03/31/2013,196.052,196.052,-149.791,149.791,46.261,0.0,-39.239,50.991,,,-11.752,7.022,-1.185,1.298,1.304,-0.006,,-0.391,0.278,5.837,-1.415,,4.422,0.0,0.0,0.0,4.422,0.0,4.422,0.0,0.0,4.422,4.6469,0.2249,8.36,0.53,0.53,0.555849,8.399,0.53,0.53,0.555849,
06/30/2013,196.017,196.017,-148.387,148.387,47.63,10.281,-49.108,48.489,,0.619,0.0,8.803,-1.56,1.142,1.148,-0.006,,,0.418,7.243,-2.096,,5.147,0.0,0.0,0.0,5.147,0.0,5.147,0.0,0.0,5.147,5.147,0.0,8.179,0.63,0.63,0.63,8.184,0.63,0.63,0.63,
09/30/2013,228.614,228.614,-179.395,179.395,49.219,11.808,-44.345,43.317,,1.076,-0.048,16.682,-1.198,0.966,1.044,-0.078,,-0.286,0.518,15.484,-3.159,,12.325,0.0,0.0,0.0,12.325,0.0,12.325,0.0,0.0,12.325,12.2938,-0.0312,7.988,1.54,1.54,1.539034,7.996,1.54,1.54,1.536098,
12/31/2013,311.983,311.983,-233.802,233.802,78.181,0.0,-49.352,57.58,,0.932,-9.16,28.829,-1.673,1.144,1.279,-0.135,,-0.419,0.948,27.156,-4.6,,22.556,0.0,0.0,0.0,22.556,0.0,22.556,0.0,0.0,22.556,24.5502,1.9942,7.895,2.86,2.86,3.109588,7.909,2.85,2.85,3.102143,
03/31/2014,177.413,177.413,-141.242,141.242,36.171,12.438,-49.194,48.429,,0.765,0.0,-0.585,-1.504,1.304,1.454,-0.15,,-0.388,0.588,-2.089,0.565,-0.565,-1.524,0.0,0.0,0.0,-1.524,0.0,-1.524,0.0,0.0,-1.524,-1.4941,0.0299,7.848,-0.19,-0.19,-0.19038,7.86,-0.19,-0.19,-0.19038,
06/30/2014,200.37,200.37,-163.847,163.847,36.523,11.567,-51.981,50.99,,0.991,0.0,-3.891,-2.405,1.771,1.95,-0.179,,,0.634,-6.296,2.672,,-3.624,0.0,0.0,0.0,-3.624,0.0,-3.624,0.0,0.0,-3.624,-3.624,0.0,7.712,-0.47,-0.47,-0.47,7.718,-0.47,-0.47,-0.47,
09/30/2014,221.714,221.714,-175.171,175.171,46.543,12.064,-47.284,46.373,,0.911,0.0,11.323,-2.257,1.82,2.046,-0.226,,-0.191,0.628,9.066,-1.367,,7.699,0.0,0.0,0.0,7.699,0.0,7.699,0.0,0.0,7.699,7.699,0.0,7.515,1.02,1.02,1.02,7.533,1.02,1.02,1.02,
12/31/2014,297.285,297.285,-231.45,231.45,65.835,0.0,-138.991,52.429,,0.633,85.929,-73.156,-4.098,1.84,2.116,-0.276,,-0.002,2.26,-77.254,36.585,,-40.669,0.0,0.0,0.0,-40.669,0.0,-40.669,0.0,0.0,-40.669,23.1974,63.8664,7.297,-5.57,-5.57,3.179032,7.297,-5.57,-5.57,3.179032,
03/31/2015,193.734,193.734,-155.545,155.545,38.189,12.553,-47.501,46.416,,1.085,0.0,3.241,-1.834,1.768,2.125,-0.357,,-1.172,1.238,1.407,-0.38,0.38,1.027,0.0,0.0,0.0,1.027,0.0,1.027,0.0,0.0,1.027,1.027,0.0,7.189,0.14,0.14,0.14,7.208,0.14,0.14,0.14,
06/30/2015,196.5,196.5,-161.119,161.119,35.381,12.076,-46.169,45.219,,0.95,0.0,1.288,-1.619,1.638,1.661,-0.023,,-0.3,0.281,-0.331,0.056,,-0.275,0.0,0.0,0.0,-0.275,0.0,-0.275,0.0,0.0,-0.275,-0.275,0.0,7.048,-0.04,-0.04,-0.04,7.048,-0.04,-0.04,-0.04,
09/30/2015,239.107,239.107,-196.892,196.892,42.215,12.234,-48.689,47.551,,1.138,0.0,5.76,-2.485,1.523,1.597,-0.074,,-0.264,1.226,3.275,-0.134,,3.141,0.0,0.0,0.0,3.141,0.0,3.141,0.0,0.0,3.141,8.341,5.2,6.924,0.45,0.45,1.20465,6.935,0.45,0.45,1.19982,
12/31/2015,286.519,286.519,-222.808,222.808,63.711,0.0,-42.173,53.936,,0.814,-12.577,21.538,-1.09,1.521,1.541,-0.02,,-0.304,-0.127,20.448,-2.357,,18.091,0.0,0.0,0.0,18.091,0.0,18.091,0.0,0.0,18.091,17.5008,-0.5902,6.838,2.65,2.65,2.559345,6.872,2.63,2.63,2.544115,
03/31/2016,173.421,173.421,-133.416,133.416,40.005,12.648,-47.241,46.259,,,0.982,5.412,-1.631,1.474,1.505,-0.031,,-0.303,0.46,3.781,-0.979,0.979,2.802,0.0,0.0,0.0,2.802,0.0,2.802,0.0,0.0,2.802,2.802,0.0,6.857,0.41,0.41,0.41,6.885,0.41,0.41,0.41,
06/30/2016,178.007,178.007,-137.478,137.478,40.529,13.035,-48.354,47.528,,,0.826,5.21,-3.533,1.427,1.47,-0.043,,-0.303,2.409,1.677,1.439,,3.116,0.0,0.0,0.0,3.116,0.0,3.116,0.0,0.0,3.116,3.116,0.0,6.856,0.45,0.45,0.45,6.874,0.45,0.45,0.45,
09/30/2016,32.402,32.402,-30.755,30.755,1.647,0.0,-14.426,10.765,,,3.661,-12.779,-0.942,,1.036,,,-0.307,0.213,-13.721,11.589,,-2.132,-1.691,-1.691,0.0,-0.441,0.0,-0.441,0.0,0.0,-0.441,9.53225,11.66425,6.786,-0.06,-0.31,1.404693,6.786,-0.06,-0.31,1.404693,
12/31/2016,25.303,25.303,-23.073,23.073,2.23,0.0,-2.937,18.077,0.0,,-15.14,-0.707,0.412,1.136,1.136,0.0,,-0.308,-1.24,-0.295,-4.321,,-4.616,-28.747,-28.747,0.0,24.131,0.0,24.131,0.0,0.0,24.131,-5.4311,-0.8151,6.777,3.56,-0.68,-0.801402,6.832,3.53,-0.68,-0.801402,
03/31/2017,168.582,168.582,-129.447,129.447,39.135,14.955,-46.722,45.79,,,0.932,7.368,-0.72,1.278,1.347,-0.069,,-0.308,-0.25,6.648,-1.67,1.67,4.978,0.0,0.0,0.0,4.978,0.0,4.978,0.0,0.0,4.978,4.71605,-0.26195,6.806,0.73,0.73,0.692925,6.843,0.73,0.73,0.69172,
06/30/2017,28.1,28.1,-23.503,23.503,4.597,0.0,4.915,10.566,,,-15.481,9.512,-0.94,0.928,0.928,0.0,,-0.311,0.323,8.572,-1.34,,7.232,0.444,0.444,0.0,6.788,0.0,6.788,0.0,0.0,6.788,5.52575,-1.70625,6.835,0.99,1.06,0.808449,6.85,0.99,1.06,0.808449,
09/30/2017,21.941,21.941,-19.466,19.466,2.475,0.0,4.514,11.723,,,-16.237,6.989,-1.033,0.932,0.946,-0.014,,-0.313,0.414,5.956,-2.625,,3.331,-5.067,-5.067,0.0,8.398,0.0,8.398,0.0,0.0,8.398,3.02225,-0.30875,6.839,1.23,0.49,0.441914,6.866,1.23,0.49,0.441914,
12/31/2017,26.437,26.437,-21.148,21.148,5.289,0.0,1.217,15.683,0.0,,-16.9,6.506,-0.752,0.596,0.634,-0.038,,-0.314,0.47,5.754,3.925,,9.679,-0.493,-0.493,0.0,10.172,0.0,10.172,0.0,0.0,10.172,4.7578,-4.9212,6.848,1.48,1.41,0.694772,6.923,1.47,1.4,0.689152,
03/31/2018,31.2,31.2,-25.776,25.776,5.424,0.0,4.297,10.627,,,-14.924,9.721,-0.741,0.533,0.646,-0.113,,-0.315,0.523,8.98,-0.804,,8.176,0.0,0.0,0.0,8.176,0.0,8.176,0.0,0.0,8.176,8.13413,-0.04187,6.894,1.19,1.19,1.179885,6.939,1.18,1.18,1.173966,
06/30/2018,33.681,33.681,-28.835,28.835,4.846,0.0,2.956,11.863,,,-14.819,7.802,-0.221,0.45,0.569,-0.119,,-0.318,0.089,7.581,-1.188,,6.393,0.0,0.0,0.0,6.393,0.0,6.393,0.0,0.0,6.393,6.2271,-0.1659,6.94,0.92,0.92,0.897277,6.94,0.92,0.92,0.896095,
09/30/2018,31.44,31.44,-25.345,25.345,6.095,0.0,4.452,12.032,,,-16.484,10.547,0.111,0.327,0.421,-0.094,,-0.321,-0.117,10.658,-1.458,,9.2,0.0,0.0,0.0,9.2,0.0,9.2,0.0,0.0,9.2,9.15497,-0.04503,6.94,1.33,1.33,1.31916,6.94,1.33,1.33,1.31916,
12/31/2018,39.054,39.054,-25.451,25.451,13.603,0.0,1.951,14.67,0.0,,-16.621,15.554,-0.61,-0.177,0.362,-0.539,,-0.322,1.109,14.944,-3.928,,11.016,0.0,0.0,0.0,11.016,0.0,11.016,0.0,0.0,11.016,10.56412,-0.45188,6.936,1.59,1.59,1.523085,7.008,1.57,1.57,1.505519,
03/31/2019,40.097,40.097,-26.712,26.712,13.385,0.0,2.988,12.653,,,-15.641,16.373,0.965,-0.322,0.231,-0.553,,-1.02,0.377,17.338,-2.32,,15.018,0.0,0.0,0.0,15.018,0.0,15.018,0.0,0.0,15.018,15.00378,-0.01422,6.949,2.16,2.16,2.159128,6.998,2.15,2.15,2.147968,
06/30/2019,41.352,41.352,-32.684,32.684,8.668,0.0,0.493,12.788,,,-13.281,9.161,0.602,-0.359,0.222,-0.581,,-0.584,0.341,9.763,-1.788,,7.975,0.0,0.0,0.0,7.975,0.0,7.975,0.0,0.0,7.975,7.95999,-0.01501,6.986,1.14,1.14,1.13942,6.986,1.14,1.14,1.137851,
09/30/2019,32.603,32.603,-26.416,26.416,6.187,0.0,2.476,14.341,,,-16.817,8.663,2.958,-1.648,0.23,-1.878,,-0.435,-0.875,11.621,-1.357,,10.264,0.0,0.0,0.0,10.264,0.0,10.264,0.0,0.0,10.264,10.18974,-0.07426,6.991,1.47,1.47,1.457551,6.991,1.47,1.47,1.457551,
12/31/2019,26.938,26.938,-24.05,24.05,2.888,0.0,1.735,14.001,,,-15.736,4.623,0.054,-0.415,0.189,-0.604,,-0.806,1.167,4.677,1.698,,6.375,0.0,0.0,0.0,6.375,0.0,6.375,0.0,0.0,6.375,6.31575,-0.05925,6.981,0.91,0.91,0.904706,7.042,0.91,0.91,0.901586,
03/31/2020,37.644,37.644,-32.563,32.563,5.081,0.0,2.499,12.727,,,-15.226,7.58,-1.484,0.002,0.403,-0.401,,1.063,0.419,6.096,0.07,,6.166,0.0,0.0,0.0,6.166,0.0,6.166,0.0,0.0,6.166,6.166,0.0,7.0,0.88,0.88,0.88,7.04,0.88,0.88,0.88,
06/30/2020,35.355,35.355,-31.515,31.515,3.84,0.0,0.642,12.591,,,-13.233,4.482,1.102,0.201,0.33,-0.129,,-1.591,0.288,5.584,0.466,,6.05,0.0,0.0,0.0,6.05,0.0,6.05,0.0,0.0,6.05,5.85487,-0.19513,7.024,0.86,0.86,0.833552,7.024,0.86,0.86,0.83222,
