Date,Revenue,Sales & Services Revenue,Cost of Revenue,Cost of Goods & Services,Gross Profit,Other Operating Income,Operating Expenses,"Selling, General & Admin",Research & Development,Other Operating Expense,Operating Income (Loss),Non-Operating (Income) Loss,"Interest Expense, Net",Interest Expense,Interest Income,Foreign Exch (Gain) Loss,Other Non-Op (Income) Loss,Pretax Income,Income Tax Expense (Benefit),Income (Loss) from Cont Ops,Net Extraordinary Losses (Gains),Discontinued Operations,XO & Accounting Changes,Income (Loss) Incl. MI,Minority Interest,"Net Income, GAAP",Preferred Dividends,Other Adjustments,"Net Income Avail to Common, GAAP","Net Income Avail to Common, Adj",Net Abnormal Losses (Gains),Basic Weighted Avg Shares,"Basic EPS, GAAP",Basic EPS from Cont Ops,"Basic EPS from Cont Ops, Adjusted",Diluted Weighted Avg Shares,"Diluted EPS, GAAP",Diluted EPS from Cont Ops,"Diluted EPS from Cont Ops, Adjusted",Source: Bloomberg
03/31/1996,1586.0,,-1181.0,,405.0,,-442.0,,,,-37.0,-16.0,,13.0,,0.0,3.0,-53.0,-12.0,-65.0,0.0,,,-65.0,0.0,-65.0,0.0,,-65.0,-65.0,,202.800003,-0.32,-0.32,-0.32,202.800003,-0.32,-0.32,-0.32,
06/30/1996,1679.0,,-1215.0,,464.0,,-453.0,,,,11.0,-7.0,,13.0,,0.0,-6.0,4.0,-22.0,-18.0,0.0,,,-18.0,0.0,-18.0,0.0,,-18.0,-18.0,,202.800003,-0.09,-0.09,-0.09,202.800003,-0.09,-0.09,-0.09,
09/30/1996,1658.0,,-1176.0,,482.0,,-453.0,,,,29.0,0.0,,14.0,,0.0,-14.0,29.0,-62.0,-33.0,0.0,,,-33.0,0.0,-33.0,0.0,,-33.0,-33.0,,202.800003,-0.16,-0.16,-0.16,202.800003,-0.16,-0.16,-0.16,
12/31/1996,2040.0,,-1425.0,,615.0,,-488.0,,,,127.0,3.0,,16.0,,0.0,-19.0,130.0,-123.0,7.0,0.0,,,7.0,0.0,7.0,0.0,,7.0,7.0,,202.800003,0.035,0.035,0.035,202.800003,0.035,0.035,0.035,
03/31/1997,1389.0,,-1006.0,,383.0,,-401.0,,,,-18.0,3.0,,2.0,,0.0,-5.0,-15.0,-1.0,-16.0,0.0,,,-16.0,0.0,-16.0,0.0,,-16.0,-16.0,,203.0,-0.08,-0.08,-0.08,203.0,-0.08,-0.08,-0.08,
06/30/1997,1645.0,,-1206.0,,439.0,,-458.0,,,,-19.0,21.0,,4.0,,0.0,-25.0,2.0,-6.0,-4.0,0.0,,,-4.0,0.0,-4.0,0.0,,-4.0,-4.0,,204.199997,-0.02,-0.02,-0.02,204.199997,-0.02,-0.02,-0.02,
09/30/1997,1563.0,,-1132.0,,431.0,,-447.0,,,,-16.0,9.0,,4.0,,0.0,-13.0,-7.0,-2.0,-9.0,0.0,,,-9.0,0.0,-9.0,0.0,,-9.0,-9.0,,205.0,-0.045,-0.045,-0.045,205.0,-0.045,-0.045,-0.045,
12/31/1997,1992.0,,-1447.0,,545.0,,-511.0,,,,34.0,13.0,,5.0,,0.0,-18.0,47.0,-11.0,36.0,0.0,,,36.0,0.0,36.0,0.0,,36.0,36.0,,206.0,0.175,0.175,0.175,206.0,0.175,0.175,0.175,
03/31/1998,1309.0,,-955.0,,354.0,,-388.0,,,,-34.0,34.0,,3.0,,0.0,-37.0,0.0,0.0,0.0,0.0,,,0.0,0.0,0.0,0.0,,0.0,0.0,,206.399994,0.0,0.0,0.0,206.399994,0.0,0.0,0.0,
06/30/1998,1574.0,,-1102.0,,472.0,,-449.0,,,,23.0,69.0,,4.0,,0.0,-73.0,92.0,-44.0,48.0,0.0,,,48.0,0.0,48.0,0.0,,48.0,48.0,,205.199997,0.235,0.235,0.1,208.199997,0.23,0.23,0.095,
09/30/1998,1555.0,,-1094.0,,461.0,,-428.0,,,,33.0,8.0,,2.0,,0.0,-10.0,41.0,-17.0,25.0,0.0,,,24.0,0.0,25.0,0.0,,25.0,25.0,,199.800003,0.125,0.125,0.125,201.399994,0.125,0.125,0.125,
12/31/1998,2067.0,,-1432.0,,635.0,,-505.0,,,,130.0,-52.0,,4.0,,0.0,48.0,78.0,-29.0,49.0,0.0,,,49.0,0.0,49.0,0.0,,49.0,49.0,,196.399994,0.25,0.25,0.39,199.600006,0.245,0.245,0.365,
03/31/1999,1333.0,,-950.0,,383.0,,-391.0,,,,-8.0,13.0,,3.0,,0.0,-16.0,5.0,-2.0,3.0,0.0,,,3.0,0.0,3.0,0.0,0.0,3.0,3.0,,198.0,0.015,0.015,0.015,205.800003,0.015,0.015,0.015,
06/30/1999,1572.0,,-1073.0,,499.0,,-438.0,,,,61.0,13.0,,2.0,,0.0,-15.0,74.0,-28.0,46.0,0.0,,,46.0,0.0,46.0,0.0,0.0,46.0,46.0,,196.600006,0.235,0.235,0.235,204.199997,0.225,0.225,0.225,
09/30/1999,1530.0,,-1067.0,,463.0,,-411.0,,,,52.0,34.0,,3.0,,0.0,-37.0,86.0,-33.0,53.0,0.0,,,53.0,0.0,53.0,0.0,0.0,53.0,53.0,,195.199997,0.27,0.27,0.27,202.199997,0.265,0.265,0.265,
12/31/1999,1761.0,,-1220.0,,541.0,,-568.0,,,,-27.0,97.0,,4.0,-97.0,0.0,-4.0,70.0,165.0,235.0,0.0,,,235.0,0.0,235.0,0.0,0.0,235.0,235.0,,190.600006,1.235,1.235,0.39,192.399994,1.22,1.22,0.375,
03/31/2000,1255.0,,-897.0,,358.0,,-376.0,,,,-18.0,13.0,,2.0,,0.0,-15.0,-5.0,0.0,-5.0,0.0,,,-5.0,0.0,-5.0,0.0,0.0,-5.0,-5.0,,187.800003,-0.025,-0.025,0.03,187.800003,-0.025,-0.025,0.03,
06/30/2000,1448.0,,-978.0,,470.0,,-427.0,,,,43.0,21.0,,3.0,,0.0,-24.0,64.0,-25.0,39.0,0.0,,,39.0,0.0,39.0,0.0,0.0,39.0,39.0,,190.800003,0.205,0.205,0.315,197.600006,0.195,0.195,0.305,
09/30/2000,1464.0,,-1001.0,,463.0,,-396.0,,,,67.0,18.0,,4.0,,0.0,-22.0,85.0,-31.0,54.0,0.0,,,54.0,0.0,54.0,0.0,0.0,54.0,54.0,,192.199997,0.285,0.285,0.305,198.199997,0.275,0.275,0.295,
12/31/2000,1792.0,,-1216.0,,576.0,,-463.0,,,,113.0,18.0,,4.0,,0.0,-22.0,131.0,-41.0,90.0,0.0,,,90.0,0.0,90.0,0.0,0.0,90.0,90.0,,191.800003,0.465,0.465,0.54,199.600006,0.45,0.45,0.525,
03/31/2001,1376.0,,-966.0,,410.0,,-429.0,,,,-19.0,-7.0,,4.0,,0.0,3.0,-26.0,147.0,121.0,4.0,,,117.0,0.0,117.0,0.0,0.0,117.0,117.0,,191.399994,0.61,0.63,0.06,198.600006,0.59,0.61,0.055,
06/30/2001,1499.0,,-1036.0,,463.0,,-404.0,,,,59.0,-6.0,,6.0,,0.0,0.0,53.0,-18.0,35.0,0.0,,,35.0,0.0,35.0,0.0,0.0,35.0,35.0,,193.399994,0.18,0.18,0.19,200.600006,0.175,0.175,0.185,
09/30/2001,1442.0,,-1034.0,,408.0,,-373.0,,,,35.0,-45.0,,6.0,,0.0,39.0,-10.0,4.0,-6.0,0.0,,,-6.0,0.0,-6.0,0.0,0.0,-6.0,-6.0,,194.399994,-0.035,-0.035,0.11,194.399994,-0.035,-0.035,0.11,
12/31/2001,1600.0,,-1087.0,,513.0,,-402.0,,,,111.0,-4.0,,2.0,,0.0,2.0,107.0,-36.0,71.0,0.0,,,71.0,0.0,71.0,0.0,0.0,71.0,71.0,,194.0,0.365,0.365,0.37,198.199997,0.36,0.36,0.365,
03/31/2002,1247.0,,-897.0,,350.0,,-341.0,,,,9.0,-3.0,,2.0,,0.0,1.0,6.0,-2.0,4.0,348.0,,,-344.0,0.0,-344.0,0.0,0.0,-344.0,-344.0,,195.800003,-1.755,0.02,0.02,201.199997,-1.705,0.02,0.02,
06/30/2002,1380.0,,-979.0,,401.0,,-350.0,,,,51.0,-15.0,,4.0,,0.0,11.0,36.0,-10.0,26.0,0.0,,,26.0,0.0,26.0,0.0,0.0,26.0,26.0,,196.800003,0.13,0.13,0.13,201.0,0.125,0.125,0.125,
09/30/2002,1377.0,,-981.0,,396.0,,-343.0,,,,53.0,-15.0,,7.0,,0.0,8.0,38.0,3.0,41.0,0.0,,,41.0,0.0,41.0,0.0,0.0,41.0,41.0,,195.600006,0.21,0.21,0.21,199.199997,0.21,0.21,0.21,
12/31/2002,1581.0,,-1141.0,,440.0,,-364.0,,,,76.0,-25.0,,6.0,,0.0,19.0,51.0,6.0,57.0,0.0,,,57.0,0.0,57.0,0.0,0.0,57.0,57.0,,194.600006,0.29,0.29,0.34,197.600006,0.285,0.285,0.335,
03/31/2003,1234.0,,-927.0,,307.0,,-339.0,,,,-32.0,-5.0,,7.0,,0.0,-2.0,-37.0,10.0,-27.0,0.0,,,-27.0,0.0,-27.0,0.0,0.0,-27.0,-27.0,,192.0,-0.14,-0.14,-0.14,192.0,-0.14,-0.14,-0.14,
06/30/2003,1366.0,,-1007.0,,359.0,,-343.0,,,,16.0,-39.0,,6.0,,0.0,33.0,-23.0,10.0,-13.0,0.0,,,-13.0,0.0,-13.0,0.0,0.0,-13.0,-13.0,,189.600006,-0.07,-0.07,-0.07,189.600006,-0.07,-0.07,-0.07,
09/30/2003,1355.0,,-981.0,,374.0,,-341.0,,,,33.0,-8.0,,7.0,,0.0,1.0,25.0,-7.0,18.0,0.0,,,18.0,0.0,18.0,0.0,0.0,18.0,18.0,,189.199997,0.095,0.095,0.095,190.600006,0.095,0.095,0.095,
12/31/2003,1643.0,,-1149.0,,494.0,,-381.0,,,,113.0,-6.0,,6.0,,0.0,0.0,107.0,-27.0,80.0,0.0,,,80.0,0.0,80.0,0.0,0.0,80.0,80.0,,189.199997,0.4225,0.4225,0.4225,191.199997,0.42,0.42,0.42,
03/31/2004,1290.0,,-968.0,,322.0,,-330.0,,,,-8.0,2.0,,5.0,,0.0,-7.0,-6.0,1.0,-5.0,0.0,,,-5.0,0.0,-5.0,0.0,0.0,-5.0,-5.0,,189.199997,-0.025,-0.025,-0.025,189.199997,-0.025,-0.025,-0.025,
06/30/2004,1452.0,,-1059.0,,393.0,,-340.0,,,,53.0,-2.0,,6.0,,0.0,-4.0,51.0,71.0,122.0,0.0,,,122.0,0.0,122.0,0.0,0.0,122.0,122.0,,188.199997,0.65,0.65,0.185,192.199997,0.63,0.63,0.185,
09/30/2004,1454.0,,-1059.0,,395.0,,-336.0,,,,59.0,-2.0,,6.0,,0.0,-4.0,57.0,-13.0,44.0,0.0,,,44.0,0.0,44.0,0.0,0.0,44.0,44.0,,186.600006,0.235,0.235,0.235,190.399994,0.23,0.23,0.23,
12/31/2004,1788.0,,-1282.0,,506.0,,-377.0,,,,129.0,20.0,,6.0,,0.0,-26.0,149.0,-20.0,129.0,0.0,,,129.0,0.0,129.0,0.0,0.0,129.0,129.0,,186.4,0.69,0.69,0.615,191.2,0.68,0.68,0.59,
03/31/2005,1343.0,,-972.0,,371.0,,-317.0,,,,54.0,-14.0,,6.0,,0.0,8.0,40.0,-10.0,30.0,0.0,,,30.0,0.0,30.0,0.0,0.0,30.0,30.0,,186.399994,0.16,0.16,0.18,191.600006,0.16,0.16,0.18,
06/30/2005,1470.0,,-1074.0,,396.0,,-323.0,,,,73.0,6.0,,6.0,,0.0,-12.0,79.0,48.0,127.0,0.0,,,127.0,0.0,127.0,0.0,0.0,127.0,127.0,,186.199997,0.68,0.68,0.38,190.300003,0.67,0.67,0.37,
09/30/2005,1498.0,,-1062.0,,436.0,,-324.0,,,,112.0,-2.0,,5.0,,0.0,-3.0,110.0,112.0,222.0,0.0,,,222.0,0.0,222.0,0.0,0.0,222.0,222.0,,184.9,1.2,1.2,0.46,188.7,1.18,1.18,0.45,
12/31/2005,1717.0,,-1189.0,,528.0,,-357.0,,,,171.0,-4.0,,6.0,,0.0,-2.0,167.0,-17.0,150.0,0.0,,,150.0,0.0,150.0,0.0,0.0,150.0,150.0,,182.5,0.82,0.82,0.75,185.9,0.81,0.81,0.74,
03/31/2006,1283.0,,-931.0,,352.0,,-305.0,,,,47.0,3.0,,6.0,,0.0,-9.0,50.0,-9.0,41.0,0.0,,,41.0,0.0,41.0,0.0,0.0,41.0,41.0,,181.7,0.23,0.23,0.27,185.0,0.22,0.22,0.26,
06/30/2006,1531.0,,-1106.0,,425.0,,-322.0,,,,103.0,-1.0,,6.0,,0.0,-5.0,102.0,-24.0,78.0,0.0,,,78.0,0.0,78.0,0.0,0.0,78.0,78.0,,181.1,0.43,0.43,0.43,184.2,0.42,0.42,0.42,
09/30/2006,1142.0,,-901.0,,241.0,,-193.0,,,,48.0,2.0,-3.0,6.0,-9.0,0.0,1.0,50.0,-11.0,39.0,-50.0,,,89.0,0.0,89.0,0.0,0.0,89.0,89.0,,178.7,0.5,0.22,0.22,181.4,0.49,0.21,0.21,
12/31/2006,1345.0,,-1047.0,,298.0,,-201.0,,,,97.0,-7.0,,6.0,,0.0,1.0,90.0,-3.0,95.0,-79.0,,,166.0,0.0,174.0,0.0,0.0,174.0,174.0,,178.5,0.97,0.53,0.53,181.2,0.96,0.52,0.52,
03/31/2007,992.0,,-835.0,,157.0,,-174.0,,,,-17.0,3.0,-6.0,6.0,-12.0,0.0,3.0,-14.0,5.0,-9.0,-43.0,,,34.0,0.0,34.0,0.0,0.0,34.0,34.0,,179.3,0.19,-0.05,0.16,179.3,0.19,-0.05,0.16,
06/30/2007,1179.0,,-910.0,,269.0,,-190.0,,,,79.0,1.0,,6.0,-14.0,0.0,7.0,80.0,-29.0,51.0,-47.0,,,98.0,0.0,98.0,0.0,0.0,98.0,98.0,,180.1,0.54,0.28,0.31,182.8,0.54,0.28,0.31,
09/30/2007,1278.0,,-1016.0,,262.0,,-224.0,,,,38.0,12.0,-10.0,6.0,-16.0,0.0,-2.0,50.0,-17.0,33.0,-20.0,,,53.0,0.0,53.0,0.0,0.0,53.0,53.0,,180.6,0.29,0.18,0.39,182.3,0.29,0.18,0.39,
12/31/2007,1521.0,,-1169.0,,352.0,,-233.0,,,,119.0,-3.0,-7.0,6.0,-13.0,0.0,10.0,116.0,-20.0,106.0,7.0,,,89.0,0.0,89.0,0.0,0.0,89.0,89.0,9.0,180.5,0.49,0.53,0.58,183.6,0.48,0.52,0.57,
03/31/2008,1183.0,,-924.0,,259.0,,-194.0,159.0,,35.0,65.0,1.0,-2.0,6.0,-8.0,,1.0,66.0,-17.0,49.0,1.0,,,48.0,0.0,48.0,0.0,0.0,48.0,48.0,,173.0,0.28,0.28,0.21,175.7,0.27,0.28,0.21,
06/30/2008,1332.0,,-1045.0,,287.0,,-225.0,,,,62.0,0.0,,5.0,-6.0,0.0,1.0,62.0,-17.0,45.0,1.0,,,44.0,0.0,44.0,0.0,0.0,44.0,44.0,,166.8,0.26,0.27,0.41,169.9,0.26,0.26,0.4,
09/30/2008,1379.0,,-1069.0,,310.0,,-210.0,,,,100.0,-1.0,1.0,6.0,-5.0,0.0,0.0,99.0,-17.0,82.0,2.0,,,80.0,0.0,80.0,0.0,0.0,80.0,80.0,,163.2,0.49,0.5,0.56,166.2,0.48,0.49,0.55,
12/31/2008,1421.0,,-1094.0,,327.0,,-232.0,195.0,,37.0,95.0,-33.0,,5.0,,,28.0,62.0,-7.0,55.0,-1.0,,,56.0,,56.0,0.0,0.0,56.0,56.0,,158.1,0.35,0.35,0.35,159.9,0.35,0.34,0.34,
03/31/2009,1008.0,1008.0,-824.0,824.0,184.0,0.0,-194.0,159.0,35.0,0.0,-10.0,-5.0,3.0,5.0,-2.0,,2.0,-15.0,1.0,-14.0,0.0,0.0,0.0,-14.0,-1.0,-15.0,0.0,0.0,-15.0,-8.5,6.5,158.3,-0.09,-0.09,-0.053696,158.3,-0.09,-0.09,-0.053696,
06/30/2009,1124.0,1124.0,-895.0,895.0,229.0,0.0,-190.0,156.0,34.0,0.0,39.0,-5.0,3.0,5.0,-2.0,,2.0,34.0,-13.0,21.0,-3.0,-3.0,0.0,24.0,-1.0,23.0,0.0,0.0,23.0,20.6,0.6,158.7,0.14,0.13,0.129805,159.8,0.14,0.13,0.129805,
09/30/2009,1135.0,1135.0,-911.0,911.0,224.0,0.0,-195.0,159.0,36.0,0.0,29.0,-24.0,,,-1.0,,25.0,5.0,12.0,17.0,0.0,0.0,0.0,17.0,-2.0,15.0,0.0,0.0,15.0,33.25,18.25,159.0,0.09,0.09,0.209119,160.2,0.09,0.09,0.20392,
12/31/2009,1345.0,1345.0,-1099.0,1099.0,246.0,0.0,-207.0,171.0,36.0,0.0,39.0,-3.0,,,-1.0,,4.0,36.0,4.0,40.0,97.0,97.0,0.0,-57.0,1.0,-56.0,0.0,0.0,-56.0,46.65,5.65,159.3,-0.35,0.26,0.292844,161.0,-0.35,0.25,0.285093,
03/31/2010,1029.0,1029.0,-838.0,838.0,191.0,0.0,-209.0,170.0,39.0,0.0,-18.0,0.0,1.0,1.0,0.0,,-1.0,-18.0,1.0,-17.0,0.0,0.0,0.0,-17.0,-2.0,-19.0,0.0,0.0,-19.0,-16.0,3.0,159.9,-0.12,-0.12,-0.100063,159.9,-0.12,-0.12,-0.101238,
06/30/2010,1176.0,1176.0,-935.0,935.0,241.0,0.0,-210.0,171.0,39.0,0.0,31.0,0.0,,,,,0.0,31.0,-11.0,20.0,-11.0,-11.0,0.0,31.0,,31.0,0.0,0.0,31.0,24.0,4.0,160.4,0.19,0.12,0.149626,161.6,0.19,0.12,0.144752,
09/30/2010,1207.0,1207.0,-961.0,961.0,246.0,0.0,-212.0,173.0,39.0,0.0,34.0,1.0,,,,,-1.0,35.0,45.0,80.0,-5.0,-5.0,0.0,85.0,-2.0,83.0,0.0,0.0,83.0,38.1,-39.9,160.1,0.52,0.49,0.237976,161.5,0.51,0.48,0.232941,
12/31/2010,1403.0,1403.0,-1117.0,1117.0,286.0,0.0,-232.0,187.0,45.0,0.0,54.0,-14.0,-4.0,1.0,-5.0,,18.0,40.0,-8.0,32.0,-6.0,-6.0,0.0,38.0,1.0,39.0,0.0,0.0,39.0,47.0,14.0,159.5,0.24,0.2,0.294671,161.0,0.24,0.2,0.286957,
03/31/2011,1058.0,1058.0,-839.0,839.0,219.0,0.0,-199.0,159.0,40.0,0.0,20.0,6.0,,0.0,,,-6.0,26.0,-6.0,20.0,6.0,6.0,0.0,14.0,-1.0,13.0,0.0,0.0,13.0,15.7,-3.3,159.2,0.08,0.12,0.098618,161.7,0.08,0.12,0.098618,
06/30/2011,1272.0,1272.0,-993.0,993.0,279.0,0.0,-217.0,176.0,41.0,0.0,62.0,-2.0,,1.0,,,1.0,60.0,-13.0,47.0,12.0,12.0,0.0,35.0,-2.0,33.0,0.0,0.0,33.0,46.0,1.0,157.8,0.21,0.29,0.291508,160.7,0.21,0.28,0.286223,
09/30/2011,1360.0,1360.0,-1061.0,1061.0,299.0,0.0,-271.0,227.0,44.0,0.0,28.0,-4.0,,3.0,,,1.0,24.0,-2.0,22.0,7.0,7.0,0.0,15.0,1.0,16.0,0.0,0.0,16.0,46.0,23.0,157.4,0.1,0.15,0.292249,160.2,0.1,0.14,0.283571,
12/31/2011,1601.0,1601.0,-1216.0,1216.0,385.0,0.0,-283.0,232.0,51.0,0.0,102.0,-16.0,4.0,9.0,-5.0,,12.0,86.0,-30.0,56.0,68.0,68.0,0.0,-12.0,3.0,-9.0,0.0,0.0,-9.0,133.0,74.0,157.5,-0.06,0.37,0.844444,161.4,-0.06,0.37,0.828488,
03/31/2012,1244.0,1244.0,-929.0,929.0,315.0,0.0,-237.0,191.0,46.0,0.0,78.0,-11.0,,9.0,,,2.0,67.0,-7.0,60.0,9.0,9.0,0.0,51.0,-1.0,50.0,0.0,0.0,50.0,64.246,5.246,158.2,0.32,0.37,0.406106,162.3,0.31,0.36,0.392323,
06/30/2012,1409.0,1409.0,-1035.0,1035.0,374.0,0.0,-244.0,195.0,49.0,0.0,130.0,-13.0,,8.0,,,5.0,117.0,-28.0,89.0,-13.0,-13.0,0.0,102.0,,102.0,0.0,0.0,102.0,95.0,6.0,159.0,0.64,0.56,0.597484,163.9,0.62,0.54,0.576608,
09/30/2012,1435.0,1435.0,-1053.0,1053.0,382.0,0.0,-253.0,206.0,47.0,0.0,129.0,-7.0,,7.0,,,0.0,122.0,-33.0,89.0,1.0,1.0,0.0,88.0,-1.0,87.0,0.0,0.0,87.0,91.296,3.296,159.6,0.55,0.55,0.57203,164.8,0.53,0.53,0.55,
12/31/2012,1642.0,1642.0,-1068.0,1068.0,574.0,0.0,-163.0,150.0,13.0,0.0,411.0,-19.0,,18.0,,,1.0,392.0,-155.0,237.0,-3.0,-3.0,0.0,240.0,2.0,242.0,0.0,0.0,242.0,247.02,8.02,160.4,1.51,1.49,1.540025,160.4,1.47,1.45,1.5,
03/31/2013,1410.0,1410.0,-1041.0,1041.0,369.0,0.0,-284.0,229.0,55.0,0.0,85.0,-19.0,,21.0,,,-2.0,66.0,-2.0,64.0,1.0,1.0,0.0,63.0,-2.0,61.0,0.0,0.0,61.0,77.075,15.075,163.7,0.37,0.38,0.470831,167.5,0.36,0.37,0.46,
06/30/2013,1535.0,1535.0,-1109.0,1109.0,426.0,0.0,-287.0,232.0,55.0,0.0,139.0,-29.0,,26.0,,,3.0,110.0,-23.0,87.0,0.0,0.0,0.0,87.0,-1.0,86.0,0.0,0.0,86.0,97.816,11.816,165.2,0.52,0.52,0.592107,168.8,0.51,0.51,0.58,
09/30/2013,1508.0,1508.0,-1093.0,1093.0,415.0,0.0,-270.0,217.0,53.0,0.0,145.0,-26.0,,23.0,,,3.0,119.0,-19.0,100.0,0.0,0.0,0.0,100.0,-2.0,98.0,0.0,0.0,98.0,110.55,12.55,166.2,0.59,0.59,0.665162,170.0,0.58,0.58,0.653824,
12/31/2013,1670.0,1670.0,-1140.0,1140.0,530.0,0.0,-233.0,193.0,40.0,0.0,297.0,-38.0,,33.0,,,5.0,259.0,-54.0,205.0,8.0,8.0,0.0,197.0,1.0,198.0,0.0,0.0,198.0,199.54,-6.46,166.5,1.19,1.24,1.198438,170.8,1.16,1.21,1.172178,
03/31/2014,1518.0,1518.0,-1102.0,1102.0,416.0,0.0,-308.0,245.0,63.0,0.0,108.0,-50.0,43.0,43.0,0.0,,7.0,58.0,-4.0,54.0,0.0,0.0,0.0,54.0,-1.0,53.0,0.0,0.0,53.0,66.68,13.68,167.1,0.32,0.32,0.399042,171.0,0.31,0.31,0.39,
06/30/2014,1658.0,1658.0,-1178.0,1178.0,480.0,0.0,-311.0,247.0,64.0,0.0,169.0,-49.0,46.0,46.0,0.0,,3.0,120.0,-29.0,91.0,0.0,0.0,0.0,91.0,-1.0,90.0,0.0,0.0,90.0,97.486,7.486,167.9,0.54,0.54,0.580619,170.9,0.53,0.53,0.573803,
09/30/2014,1647.0,1647.0,-1243.0,1243.0,404.0,0.0,-363.0,232.0,59.0,72.0,41.0,-60.0,,46.0,,,14.0,-19.0,19.0,0.0,-15.0,-15.0,0.0,15.0,,15.0,0.0,0.0,15.0,102.78,102.78,168.2,0.09,0.0,0.611058,171.3,0.09,0.0,0.6,
12/31/2014,1768.0,1768.0,-1336.0,1336.0,432.0,0.0,-397.0,288.0,77.0,32.0,35.0,-57.0,,46.0,,,11.0,-22.0,62.0,40.0,5.0,5.0,0.0,35.0,-2.0,33.0,0.0,0.0,33.0,134.25,96.25,168.5,0.2,0.23,0.796736,171.3,0.19,0.22,0.78188,
03/31/2015,1476.0,1476.0,-1086.0,1086.0,390.0,0.0,-295.0,225.0,55.0,15.0,95.0,-51.0,,44.0,,,7.0,44.0,-2.0,42.0,0.0,0.0,0.0,42.0,-2.0,40.0,0.0,0.0,40.0,62.516,22.516,169.0,0.24,0.24,0.369917,171.6,0.23,0.23,0.361212,
06/30/2015,1604.0,1604.0,-1458.0,1458.0,146.0,0.0,-412.0,339.0,67.0,6.0,-266.0,-45.0,,45.0,,,0.0,-311.0,-32.0,-343.0,0.0,0.0,0.0,-343.0,-1.0,-344.0,0.0,0.0,-344.0,91.476,435.476,169.6,-2.03,-2.03,0.539363,169.6,-2.03,-2.03,0.537665,
09/30/2015,1613.0,1613.0,-1156.0,1156.0,457.0,0.0,-289.0,224.0,53.0,12.0,168.0,-49.0,,42.0,,,7.0,119.0,-16.0,103.0,4.0,4.0,0.0,99.0,-1.0,98.0,0.0,0.0,98.0,112.0,10.0,169.8,0.58,0.6,0.6596,172.3,0.57,0.59,0.648038,
12/31/2015,1680.0,1680.0,-1204.0,1204.0,476.0,0.0,-338.0,254.0,55.0,29.0,138.0,-85.0,,42.0,,,43.0,53.0,-5.0,48.0,20.0,20.0,0.0,28.0,0.0,28.0,-4.0,0.0,24.0,161.9,117.9,158.4,0.15,0.28,1.022096,160.9,0.15,0.27,1.002753,
03/31/2016,1444.0,1444.0,-1064.0,1064.0,380.0,0.0,-279.0,224.0,53.0,2.0,101.0,-56.0,,46.0,,,10.0,45.0,-13.0,32.0,0.0,0.0,0.0,32.0,0.0,32.0,-11.0,0.0,21.0,27.65,6.65,130.4,0.16,0.16,0.21204,132.7,0.16,0.16,0.210113,
06/30/2016,1620.0,1620.0,-1174.0,1174.0,446.0,0.0,-283.0,229.0,50.0,4.0,163.0,-58.0,,43.0,,,15.0,105.0,-31.0,74.0,0.0,0.0,0.0,74.0,2.0,76.0,-13.0,0.0,63.0,77.65,14.65,123.8,0.51,0.51,0.627221,154.5,0.49,0.49,0.584822,
09/30/2016,1677.0,1677.0,-1200.0,1200.0,477.0,0.0,-288.0,225.0,56.0,7.0,189.0,-49.0,,41.0,,,8.0,140.0,-31.0,109.0,2.0,2.0,0.0,107.0,-2.0,105.0,-13.0,0.0,92.0,102.0,8.0,123.9,0.74,0.76,0.823245,155.4,0.68,0.69,0.74148,
12/31/2016,1802.0,1802.0,-1323.0,1323.0,479.0,0.0,-333.0,248.0,83.0,2.0,146.0,-57.0,,40.0,,,17.0,89.0,-17.0,72.0,11.0,11.0,0.0,61.0,-4.0,57.0,-12.0,0.0,45.0,137.0,81.0,124.5,0.36,0.45,1.100402,128.6,0.35,0.43,1.05986,
03/31/2017,1478.0,1478.0,-1065.0,1065.0,413.0,0.0,-296.0,229.0,67.0,0.0,117.0,-46.0,,39.0,,,7.0,71.0,-14.0,57.0,0.0,0.0,0.0,57.0,0.0,57.0,-12.0,-62.0,-17.0,-7.0,10.0,122.8,-0.14,-0.14,-0.057003,122.8,-0.14,-0.14,-0.058567,
06/30/2017,1593.0,1593.0,-1132.0,1132.0,461.0,0.0,-286.0,228.0,58.0,0.0,175.0,-45.0,,41.0,,,4.0,130.0,-33.0,97.0,-5.0,-5.0,0.0,102.0,0.0,102.0,-12.0,0.0,90.0,109.324,24.324,121.4,0.74,0.7,0.900527,152.7,0.67,0.64,0.799293,
09/30/2017,1663.0,1663.0,-1190.0,1190.0,473.0,0.0,-273.0,220.0,53.0,0.0,200.0,-50.0,,42.0,,,8.0,150.0,-31.0,119.0,0.0,0.0,0.0,119.0,-1.0,118.0,-12.0,0.0,106.0,111.0,5.0,121.5,0.87,0.87,0.91358,153.1,0.77,0.77,0.802658,
12/31/2017,1782.0,1782.0,-1272.0,1272.0,510.0,0.0,-308.0,245.0,63.0,0.0,202.0,-71.0,,41.0,,,30.0,131.0,-164.0,-33.0,10.0,10.0,0.0,-43.0,-2.0,-45.0,-11.0,0.0,-56.0,111.0,157.0,121.9,-0.46,-0.38,0.910582,121.9,-0.46,-0.38,0.907941,
03/31/2018,1517.0,1517.0,-1097.0,1097.0,420.0,0.0,-311.0,245.0,66.0,0.0,109.0,-46.0,,41.0,,,5.0,63.0,-7.0,56.0,35.0,35.0,0.0,21.0,-1.0,20.0,-12.0,0.0,8.0,55.0,12.0,119.2,0.07,0.36,0.461409,123.8,0.06,0.35,0.446931,
06/30/2018,1537.0,1537.0,-1134.0,1134.0,403.0,0.0,-509.0,261.0,65.0,183.0,-106.0,-50.0,,41.0,,,9.0,-156.0,12.0,-144.0,2.0,2.0,0.0,-146.0,1.0,-145.0,-12.0,0.0,-157.0,68.0,223.0,117.9,-1.33,-1.31,0.57676,117.9,-1.33,-1.31,0.57676,
09/30/2018,1550.0,1550.0,-1140.0,1140.0,410.0,0.0,-285.0,226.0,59.0,0.0,125.0,-53.0,,43.0,,,10.0,72.0,15.0,87.0,1.0,1.0,0.0,86.0,-2.0,84.0,-12.0,0.0,72.0,59.0,-14.0,118.0,0.61,0.62,0.5,149.3,0.56,0.57,0.476229,
12/31/2018,1801.0,1801.0,-1359.0,1359.0,442.0,0.0,-379.0,273.0,62.0,44.0,63.0,-3.0,,43.0,,0.0,-40.0,60.0,-93.0,-33.0,14.0,14.0,0.0,-47.0,0.0,-47.0,-13.0,0.0,-60.0,129.76,175.76,118.6,-0.51,-0.39,1.094098,118.6,-0.51,-0.39,1.091956,
03/31/2019,1536.0,1536.0,-1125.0,1125.0,411.0,0.0,-311.0,252.0,59.0,0.0,100.0,-53.0,,45.0,,,8.0,47.0,-9.0,38.0,0.0,0.0,0.0,38.0,-1.0,37.0,-13.0,0.0,24.0,44.0,20.0,119.3,0.2,0.2,0.368818,122.2,0.2,0.2,0.363666,
06/30/2019,1710.0,1710.0,-1239.0,1239.0,471.0,0.0,-314.0,252.0,62.0,0.0,157.0,-54.0,,45.0,,,9.0,103.0,-15.0,88.0,0.0,0.0,0.0,88.0,0.0,88.0,-12.0,0.0,76.0,82.26,6.26,120.2,0.63,0.63,0.684359,152.7,0.58,0.58,0.620995,
09/30/2019,1783.0,1783.0,-1276.0,1276.0,507.0,0.0,-335.0,271.0,64.0,0.0,172.0,-64.0,,53.0,,,11.0,108.0,-4.0,104.0,15.0,15.0,0.0,89.0,1.0,90.0,-79.0,0.0,11.0,14.0,-12.0,121.4,0.09,0.21,0.115321,123.4,0.09,0.21,0.112755,
12/31/2019,1886.0,1886.0,-1354.0,1354.0,532.0,0.0,-350.0,276.0,74.0,0.0,182.0,-99.0,,54.0,,,45.0,83.0,301.0,384.0,35.0,35.0,0.0,349.0,0.0,349.0,-6.0,0.0,343.0,100.0,-278.0,127.6,2.69,2.96,0.783699,143.9,2.43,2.67,0.738103,
03/31/2020,1503.0,1503.0,-1106.0,1106.0,397.0,0.0,-320.0,255.0,65.0,0.0,77.0,-52.0,,50.0,,,2.0,25.0,-1.0,24.0,0.0,0.0,0.0,24.0,-1.0,23.0,-6.0,0.0,17.0,21.0,4.0,128.0,0.13,0.13,0.164063,130.5,0.13,0.13,0.160651,
06/30/2020,1484.0,1484.0,-1112.0,1112.0,372.0,0.0,-283.0,234.0,49.0,0.0,89.0,-59.0,,57.0,,,2.0,30.0,34.0,64.0,0.0,0.0,0.0,64.0,0.0,64.0,-7.0,0.0,57.0,19.95,-37.05,128.0,0.45,0.45,0.155859,128.9,0.44,0.44,0.152568,
09/30/2020,1550.429,,,,419.65461743,,,,,,135.4,,,,,,,67.967,,19.9,,,,,,19.9,,,19.9,50.129,,,0.237,0.237,0.374,,0.237,0.237,0.374,
12/31/2020,1781.0,,,,461.86673,,,,,,192.6,,,,,,,122.967,,46.5,,,,,,46.5,,,46.5,100.833,,,0.54,0.54,0.674,,0.54,0.54,0.674,
