Date,Revenue,Sales & Services Revenue,Other Revenue,Cost of Revenue,Cost of Goods & Services,Depreciation & Amortization,Gross Profit,Other Operating Income,Operating Expenses,"Selling, General & Admin",General & Administrative,Research & Development,Other Operating Expense,Operating Income (Loss),Non-Operating (Income) Loss,"Interest Expense, Net",Interest Expense,Interest Income,Foreign Exch (Gain) Loss,Other Non-Op (Income) Loss,Pretax Income,Income Tax Expense (Benefit),Income (Loss) from Cont Ops,Net Extraordinary Losses (Gains),Discontinued Operations,XO & Accounting Changes,Income (Loss) Incl. MI,Minority Interest,"Net Income, GAAP",Preferred Dividends,Other Adjustments,"Net Income Avail to Common, GAAP","Net Income Avail to Common, Adj",Net Abnormal Losses (Gains),Basic Weighted Avg Shares,"Basic EPS, GAAP",Basic EPS from Cont Ops,"Basic EPS from Cont Ops, Adjusted",Diluted Weighted Avg Shares,"Diluted EPS, GAAP",Diluted EPS from Cont Ops,"Diluted EPS from Cont Ops, Adjusted",Source: Bloomberg
12/31/1989,33.076996,,,,,,,,,,,,,,,,,,,,,,,,,,,,0.165,,,0.165,0.165,,45.773998,0.0,,,45.773998,0.0,,,
03/31/1990,32.722,,,-30.504999,,,2.217001,,-3.748,,,,,-1.531,-0.344,,0.571,,,-0.227,-1.875,-0.201,-2.076,0.0,,,-2.076,0.0,-2.076,0.0,,-2.076,-2.076,,46.105999,-0.05,-0.05,,46.105999,-0.05,-0.05,-0.05,
06/30/1990,32.964001,,,-30.768,,,2.196001,,-4.657,,,,,-2.461,-0.387,,0.552,,,-0.165,-2.848,-0.177,-3.025,0.0,,,-3.025,0.0,-3.025,0.0,,-3.025,-3.025,,46.490002,-0.07,-0.07,,46.490002,-0.07,-0.07,-0.07,
09/30/1990,32.028,,,-28.246,,,3.782,,-3.828,,,,,-0.046,0.039,,0.516,,,-0.555,-0.007,-0.592,-0.599,0.0,,,-0.599,0.0,-0.599,0.0,,-0.599,-0.599,,54.875999,-0.015,-0.015,,54.875999,-0.015,-0.015,-0.015,
12/31/1990,33.639,,,-33.848999,,,-0.209999,,-3.418,,,,,-3.628,0.632,,0.808,,,-1.44,-2.996,-0.241,-3.237,-0.001,,,-3.236,0.185,-3.051,0.0,,-3.051,-3.051,,66.657997,-0.045,-0.045,,66.657997,-0.045,-0.045,-0.045,
03/31/1991,40.258999,,,-36.394001,,,3.864998,,-5.155,,,,,-1.290003,-2.409,,2.93,,,-0.521,-3.699003,-0.161,-3.860003,0.0,,,-3.860003,0.015,-3.845003,0.0,,-3.845003,-3.845003,,66.725998,-0.06,-0.06,,66.725998,-0.06,-0.06,-0.06,
06/30/1991,47.660999,,,-38.535,,,9.125999,,-5.66,,,,,3.466,-3.258,,4.083,,,-0.825,0.208,-0.342,-0.134,0.0,,,-0.134,-0.039,-0.173,0.0,,-0.173,-0.173,,66.995995,-0.005,-0.005,,66.995995,-0.005,-0.005,-0.005,
09/30/1991,47.819,,,-39.287998,,,8.531002,,-6.483,,,,,2.048,-2.346,,4.289,,,-1.943,-0.298,-0.685,-0.983,-4.978,,,3.995,-0.015,3.98,0.0,,3.98,3.98,,69.015999,0.055,-0.015,,69.015999,0.055,-0.015,-0.015,
12/31/1991,41.639,,,-43.262001,,,-1.623001,,-6.8,,,,,-8.423,1.005,,2.192,,,-3.197,-7.418,-0.887,-8.305,1.815,,,-10.12,-0.039,-10.159,-0.721,,-10.88,-10.88,,67.311996,-0.155,-0.155,,67.311996,-0.155,-0.155,-0.155,
03/31/1992,35.867001,,,-31.615,,,4.252001,,-6.295,,,,,-2.043,-0.781,,2.239,,,-1.458,-2.824,-0.584,-3.408,2.835,,,-6.243,-0.012,-6.255,-1.682,,-7.937,-7.937,,67.585999,-0.115,-0.075,-0.075,67.585999,-0.115,-0.075,-0.075,
06/30/1992,32.874001,,,-29.830999,,,3.043001,,-5.45,,,,,-2.407,0.582,,1.869,,0.0,-2.451,-1.825,-0.553,-2.378,-0.211,,,-2.167,-0.025,-2.192,-1.682,,-3.874,-3.874,,67.874001,-0.055,-0.06,-0.06,67.874001,-0.055,-0.06,-0.06,
09/30/1992,33.316002,,,-29.313,,,4.003002,,-5.471,,,,,-1.468,0.52,,1.905,,,-2.425,-0.948,-0.585,-1.533,0.247,,,-1.78,-0.009,-1.789,-1.682,,-3.471,-3.471,,68.122002,-0.05,-0.045,-0.045,68.122002,-0.05,-0.045,-0.045,
12/31/1992,37.655998,,,-30.853001,,,6.802998,,-5.312,,,,,1.491,-1.649,,1.805,,-0.452,0.296,-0.158,-0.519,-0.677,0.501,,,-1.178,-0.043,-1.221,-1.682,,-2.903,-2.903,,68.528,-0.045,-0.045,-0.035,68.528,-0.045,-0.045,-0.035,
03/31/1993,52.172001,,,-41.161999,,,11.010002,,-5.942,,,,,5.068,-0.807,,1.01,,0.0,-0.203,4.261,-0.852,3.409,0.0,,,3.409,-0.017,3.392,-1.682,,1.71,1.71,,69.424004,-0.025,-0.025,-0.025,69.424004,-0.025,-0.025,-0.025,
06/30/1993,39.483002,,,-30.068001,,,9.415001,,-4.529,,,,,4.886,-0.252,,0.9,,0.0,-0.648,4.634,-0.635,3.999,0.0,,,3.999,0.098,4.097,-1.682,,2.415,2.415,,69.984001,0.035,0.035,0.035,69.984001,0.035,0.035,0.035,
09/30/1993,63.431,,,-50.701,,,12.73,,-6.321,,,,,6.409,0.132,,1.364,,,-1.496,6.541,-0.609,5.932,0.0,,,5.932,0.053,5.985,-1.682,,4.303,4.303,,127.788002,0.035,0.035,0.035,127.788002,0.035,0.035,0.035,
12/31/1993,109.445,,,-85.639,,,23.806,,-11.492,,,,,12.314,-3.567,,4.764,,0.611,-1.808,8.747,-1.237,7.51,-1.77,,,9.28,0.098,9.378,-2.89,,6.488,6.488,,152.233994,0.065,0.05,0.05,152.233994,0.065,0.05,0.05,
03/31/1994,78.920998,,,-60.077,,,18.843998,,-8.519,,,,,10.325,-0.697,,3.0,,0.0,-2.303,9.628,-1.544,8.084,0.0,,,8.084,0.037,8.121,-3.191,,4.93,4.93,,153.856003,0.03,0.03,,153.856003,0.03,0.03,0.03,
06/30/1994,87.595001,,,-69.597,,,17.998001,,-11.369,,,,,6.629,7.766,,3.114,,0.0,-10.88,14.395,-1.721,12.674,0.0,,,12.674,-0.276,12.398,-3.191,,9.207,9.207,,154.641998,0.06,0.06,,154.641998,0.06,0.06,0.06,
09/30/1994,98.059998,,,-80.487,,,17.572998,,-15.407,,,,,2.166,1.693,,3.213,,0.0,-4.906,3.859,-1.413,2.446,0.0,,,2.446,0.05,2.496,-3.191,,-0.695,-0.695,,155.787994,-0.005,-0.005,,155.787994,-0.005,-0.005,-0.005,
12/31/1994,87.412003,,,-67.666,,,19.746002,,-12.311,,,,,7.435,-8.231,,3.024,,0.0,5.207,-0.796,-0.994,-1.79,0.0,,,-1.79,0.358,-1.432,-3.191,,-4.623,-4.623,,156.647995,-0.03,-0.03,,156.647995,-0.03,-0.03,-0.03,
03/31/1995,85.096001,,,-72.584999,,,12.511002,,-10.556,,,,,1.955,-0.954,,3.024,,0.0,-2.07,1.001,-1.72,-0.719,0.0,,,-0.719,0.058,-0.661,-3.331,,-3.992,-3.992,,160.132004,-0.03,-0.03,,160.132004,-0.03,-0.03,-0.03,
06/30/1995,73.985001,,,-64.487,,,9.498001,,-9.805,,,,,-0.307,-3.058,,3.058,,0.0,0.0,-3.365,-0.958,-4.323,0.0,,,-4.323,-0.015,-4.338,-1.509,,-5.847,-5.847,,177.037994,-0.035,-0.035,,177.037994,-0.035,-0.035,-0.035,
09/30/1995,84.652,,,-70.556,,,14.096001,,-10.952,,,,,3.144,-0.873,,3.04,,0.0,-2.167,2.271,-0.052,2.219,0.0,,,2.219,0.096,2.315,-1.509,,0.806,0.806,,190.973999,0.005,0.005,,190.973999,0.005,0.005,0.005,
12/31/1995,84.235001,,,-65.526001,,,18.709,,-8.826,,,,,9.883,-5.138,,3.034,,0.0,2.104,4.745,-0.542,4.203,0.0,,,4.203,0.075,4.278,-0.85,,3.428,3.428,,190.863998,0.015,0.015,,190.863998,0.015,0.015,0.015,
03/31/1996,104.757004,,,-78.594002,,,26.163002,,-12.025,,,,,14.138,-1.941,,3.176,,0.0,-1.235,12.196999,-1.503,10.694,0.0,,,10.693999,0.032,10.726,-1.511,,9.215,9.215,,191.563995,0.05,0.05,,191.563995,0.05,0.05,0.05,
06/30/1996,109.685997,,,-78.210999,,,31.474998,,-12.072,,,,,19.403,-1.585,,3.168,,0.0,-1.583,17.818,-1.601,16.216999,0.0,,,16.217,0.036,16.253,-1.509,,14.744,14.744,,193.455994,0.075,0.075,0.075,193.455994,0.075,0.075,0.075,
09/30/1996,158.072006,,,-113.136002,,,44.936005,,-14.42,,,,,30.516001,-2.976,,6.562,,0.0,-3.586,27.540001,-2.352,25.188,0.0,,,25.188001,0.033,25.221001,-1.509,,23.712001,23.712001,,247.509995,0.095,0.095,0.095,247.509995,0.095,0.095,0.095,
12/31/1996,141.738007,,,-108.289001,,,33.449005,,-15.987,,,,,17.462,26.514001,,5.852,,0.0,-32.366001,43.976001,-17.205999,26.77,0.66,,,26.110001,0.327,26.437,-1.511,,24.926,24.926,,249.617996,0.1,0.1,,249.617996,0.1,0.1,0.1,
03/31/1997,168.714996,,,-116.938004,,,51.776992,,-16.312,,,,,35.465,-2.712,3.57,5.457,-1.887,0.0,-0.858,32.753,-8.702,24.051001,1.704,,,22.347,-0.403,21.944,0.0,,21.944,21.944,,264.306,0.085,0.09,0.09,267.496002,0.08,0.085,0.085,
06/30/1997,184.992,,,-123.549,,,61.443,,-16.14,,,,,45.303,196.881,1.476,4.638,-3.162,0.0,-198.357,242.184,-80.382,161.802,4.981,,,156.821,-0.102,156.719,0.0,,156.719,156.719,-197.68,269.13,0.58,0.6,-0.125,269.13,0.58,0.6,-0.125,
09/30/1997,171.636002,,,-109.953003,,,61.682999,,-18.035999,,,,,43.646999,1.054,1.595,1.595,,0.0,-2.649,44.700999,-11.22,33.480999,0.0,,,33.480999,0.0,33.480999,0.0,,33.480999,33.480999,,262.764008,0.125,0.125,0.125,266.26001,0.125,0.125,0.125,
12/31/1997,187.852005,,,-113.588997,,,74.263008,,-15.263,,,,,59.0,0.719,,1.204,,0.0,-1.923,59.719,-15.427,44.292,0.0,,,44.292,0.761,45.053001,0.0,,45.053001,45.053001,,262.34201,0.17,0.17,0.18,265.862,0.17,0.17,0.17,
03/31/1998,189.035995,,,-114.556,,,74.479995,,-8.165,,,,,66.315002,0.003,-0.443,1.132,-1.575,0.0,0.44,66.318002,-20.089001,46.229,0.0,,,46.229001,0.0,46.229,0.0,,46.229,46.229,,262.100006,0.175,0.175,0.175,265.082,0.175,0.175,0.175,
06/30/1998,216.227997,,,-127.788002,,,88.439995,,-18.135,,,,,70.305,2.638,-0.392,1.11,-1.502,0.0,-2.246,72.943,-22.539,50.403999,0.0,,,50.404,0.0,50.403999,0.0,,50.403999,50.403999,,262.466004,0.19,0.19,0.19,265.03601,0.19,0.19,0.19,
09/30/1998,195.048996,,,-128.975006,,,66.07399,,-17.673,,,,,48.401001,-1.228,-0.682,1.16,-1.842,0.0,1.91,47.173001,-14.556885,32.616001,0.0,,,32.616116,0.0,32.616001,0.0,,32.616001,32.616001,,262.604004,0.125,0.125,0.125,263.471984,0.125,0.125,0.125,
12/31/1998,187.927994,,,-143.177994,,,44.75,,,,,,,44.75,-0.265,,1.779,,0.0,-1.514,44.485,-11.702,32.783001,0.0,,,32.783,0.0,32.783001,0.0,,32.783001,32.783001,,262.253998,0.125,0.125,0.13,263.64801,0.125,0.125,0.13,
03/31/1999,180.119995,,,-132.384995,,,47.735,,-9.384,,,,,38.351002,-2.349,2.066,4.716,-2.65,0.0,0.283,36.002002,-10.243,25.759001,10.833,,,14.926002,0.58,15.506,0.0,0.0,15.506,15.506,,262.303986,0.06,0.1,0.1,263.731994,0.06,0.1,0.1,
06/30/1999,175.470993,,,-127.503998,,,47.966995,,-6.234,,,,,41.733002,-5.114,4.71,7.541,-2.831,0.0,0.404,36.619002,-9.588,27.031,0.0,,,27.031002,0.254,27.285,0.0,0.0,27.285,27.285,,262.671998,0.105,0.105,0.105,264.682006,0.105,0.105,0.105,
09/30/1999,176.824997,,,-128.113998,,,48.710999,,-7.637,,,,,41.074001,-7.188,7.946,10.284,-2.338,0.0,-0.758,33.886001,-8.842,25.044001,0.0,,,25.044001,0.126,25.17,0.0,0.0,25.17,25.17,,263.358002,0.095,0.095,0.095,265.921998,0.095,0.095,0.095,
12/31/1999,173.487,,,-123.848,,,49.639,,-14.581,,,,,35.057999,-17.303,,10.609,,0.0,6.694,17.754999,-1.511,16.243999,0.0,,,16.243999,0.264,16.507999,0.0,0.0,16.507999,16.507999,,263.596008,0.06,0.06,0.085,266.119996,0.06,0.06,0.08,
03/31/2000,184.819,,,-131.694,,,53.125,,-6.377,,,,,46.748001,-11.45,11.226,13.499,-2.273,0.0,0.224,35.298001,-9.918,25.379999,0.0,,,25.380001,0.123,25.503,0.0,0.0,25.503,25.503,,264.828002,0.095,0.095,0.095,269.243988,0.095,0.095,0.095,
06/30/2000,230.723999,,,-155.729004,,,74.994995,,-5.594,,,,,69.401001,-9.101,9.576,13.761,-4.185,0.0,-0.475,60.300001,-16.870001,43.43,0.0,,,43.43,-0.049,43.381001,0.0,0.0,43.381001,43.381001,,267.201996,0.16,0.16,0.16,271.231994,0.16,0.16,0.16,
09/30/2000,225.878006,,,-149.126007,,,76.751999,,-5.456,,,,,71.295998,-10.738,13.913,13.913,,0.0,-3.175,60.557998,-15.745,44.813,0.0,,,44.812998,,44.813,0.0,0.0,44.813,44.813,,267.556,0.165,0.165,0.165,271.838012,0.165,0.165,0.165,
12/31/2000,241.179001,,,-153.643997,,,87.535004,,-6.356,,,,,81.179001,-11.028,,13.405,,0.0,-2.377,70.151001,-18.219999,51.931,0.0,,,51.931002,-0.074,51.856998,0.0,,51.856998,51.856998,,267.850006,0.195,0.195,0.195,271.309998,0.19,0.19,0.19,
03/31/2001,222.391006,,,-133.056,,,89.335006,,-6.525,,,,,82.809998,-9.705,12.555,12.555,,0.0,-2.85,73.104998,-18.642,54.463001,0.0,,,54.462998,0.0,54.463001,0.0,0.0,54.463001,54.463001,,267.338012,0.205,0.205,0.205,271.093994,0.2,0.2,0.2,
06/30/2001,246.645996,,,-142.917999,,,103.727997,,-6.33,,,,,97.398003,-8.133,12.401,12.401,,0.0,-4.268,89.265003,-21.261999,68.002998,0.0,,,68.003004,0.0,68.002998,0.0,0.0,68.002998,68.002998,,267.73001,0.255,0.255,0.255,270.914002,0.25,0.25,0.25,
09/30/2001,272.792,,,-156.381,,,116.411,,-5.114,,,,,111.297,-8.041,11.578,11.578,,0.0,-3.537,103.256,-25.298,77.958,0.988,,,76.97,0.0,76.97,0.0,0.0,76.97,76.97,,264.106,0.29,0.295,0.295,265.618,0.29,0.295,0.295,
12/31/2001,260.5,,,-161.389999,,,99.110001,,-6.328,,,,,92.781998,-8.416,,11.218,,0.0,-2.802,84.365998,-20.879999,63.486,0.0,,,63.485999,0.0,63.486,0.0,0.0,63.486,63.486,,264.112,0.24,0.24,0.24,265.764008,0.24,0.24,0.24,
03/31/2002,241.734,,,-161.917,,,79.817,,-9.212,,,,,70.605,-8.962,10.7,10.7,,0.0,-1.738,61.643,-10.213,51.43,0.0,,,51.43,0.0,51.43,0.0,0.0,51.43,51.43,,264.142,0.195,0.195,0.195,266.582,0.195,0.195,0.195,
06/30/2002,253.645,,,-169.2,,,84.445,,-6.171,,,,,78.274,-8.652,10.591,10.591,,0.0,-1.939,69.622,-12.184,57.438,0.0,,,57.438,0.0,57.438,0.0,0.0,57.438,57.438,,265.014,0.215,0.215,0.215,268.264,0.215,0.215,0.215,
09/30/2002,239.87,,,-171.712,,,68.158,,-5.23,,,,,62.928,-8.07,10.288,10.288,,0.0,-2.218,54.858,-5.705,49.153,0.0,,,49.153,0.0,49.153,0.0,0.0,49.153,49.153,,264.608,0.185,0.185,0.185,266.714,0.185,0.185,0.185,
12/31/2002,251.107,,,-181.587,,,69.52,,-6.326,,,,,63.194,-5.992,11.043,11.043,,0.0,-5.051,57.202,-5.72,51.482,0.0,,,51.482,0.0,51.482,0.0,0.0,51.482,51.482,,263.87,0.195,0.195,0.195,266.058,0.195,0.195,0.195,
03/31/2003,245.008,,,-184.028,,,60.98,,-6.262,,,,,54.718,-10.425,10.495,10.495,,0.0,-0.07,44.293,-4.872,39.421,0.0,,,39.421,0.0,39.421,0.0,0.0,39.421,39.421,,263.57,0.15,0.15,0.15,265.956,0.15,0.15,0.15,
06/30/2003,247.92,,,-182.075,,,65.845,,-7.175,,,,,58.67,-9.526,10.348,10.348,,0.0,-0.822,49.144,-5.406,43.738,0.0,,,43.738,0.0,43.738,0.0,0.0,43.738,43.738,,263.76,0.165,0.165,0.165,265.77,0.165,0.165,0.165,
09/30/2003,254.646,,,-181.008,,,73.638,,-6.481,,,,,67.157,-7.655,10.022,10.022,,0.0,-2.367,59.502,-6.545,52.957,0.0,,,52.957,0.0,52.957,0.0,0.0,52.957,52.957,,264.018,0.2,0.2,0.2,266.046,0.2,0.2,0.2,
12/31/2003,239.806,,,-195.969,,,43.837,,-6.716,,,,,37.121,-3.076,9.426,9.426,,0.0,-6.35,34.045,-3.745,30.3,0.0,,,30.3,0.0,30.3,0.0,0.0,30.3,30.3,,264.234,0.115,0.115,0.106,266.282,0.115,0.115,0.1055,
03/31/2004,245.433,,,-198.73,,,46.703,,-7.861,,,,,38.842,-6.582,9.068,9.068,,0.0,-2.486,32.26,-4.0,28.26,0.0,,,28.26,0.0,28.26,0.0,0.0,28.26,28.26,,265.252,0.105,0.105,0.105,267.654,0.105,0.105,0.105,
06/30/2004,253.009,,,-198.0,,,55.009,,-8.448,,,,,46.561,-6.583,8.62,8.62,,0.0,-2.037,39.978,-5.597,34.381,0.0,,,34.381,0.0,34.381,0.0,0.0,34.381,34.381,,265.08,0.13,0.13,0.13,267.408,0.13,0.13,0.13,
09/30/2004,265.638,,,-213.792,,,51.846,,-7.831,,,,,44.015,-7.183,8.382,8.382,,0.0,-1.199,36.832,-6.261,30.571,0.0,,,30.571,0.0,30.571,0.0,0.0,30.571,30.571,,265.038,0.115,0.115,0.135,267.62,0.115,0.115,0.135,
12/31/2004,302.151,,,-234.823,,,67.328,,-9.574,,,,,57.754,-5.007,,8.319,,0.0,-3.312,52.747,0.127,52.874,0.0,,,52.874,0.0,52.874,0.0,0.0,52.874,52.874,,267.808,0.195,0.195,0.195,270.622,0.195,0.195,0.195,
03/31/2005,310.325,,,-244.382,,,65.943,,-7.818,,,,,58.125,-2.6,5.935,5.935,,0.0,-3.335,55.525,-9.995,45.53,0.0,,,45.53,0.0,45.53,0.0,0.0,45.53,45.53,,270.418,0.17,0.17,0.17,273.162,0.165,0.165,0.165,
06/30/2005,344.008,,,-242.191,,,101.817,0.0,-10.099,10.099,,,0.0,91.718,-2.316,,5.192,,0.0,-2.876,89.402,-16.092,73.31,0.0,,,73.31,,73.31,0.0,0.0,73.31,73.31,,272.13,0.27,0.27,0.27,274.6,0.265,0.265,0.265,
09/30/2005,367.205,,,-252.837,,,114.368,0.0,-19.789,9.324,,,10.465,94.579,-3.06,,5.153,,0.0,-2.093,91.519,-14.996,76.523,0.0,,,76.523,,76.523,0.0,0.0,76.523,76.523,,273.416,0.28,0.28,0.28,276.226,0.275,0.275,0.275,
12/31/2005,360.599,,,-259.183,,,101.416,,-13.037,,,,,88.399,39.247,3.506,3.506,,0.0,-42.753,127.646,-26.313,101.333,0.0,,,101.333,0.0,101.333,0.0,0.0,101.333,101.333,,273.944,0.37,0.37,0.37,276.404,0.365,0.365,0.365,
03/31/2006,461.915,,,-265.645,,,196.27,,-10.285,,,,,185.985,-5.574,12.479,12.479,,0.0,-6.905,180.411,-35.18,145.231,0.0,,,145.231,0.0,145.231,0.0,0.0,145.231,145.231,,273.442,0.53,0.53,0.53,276.91,0.525,0.525,0.525,
06/30/2006,517.514,,,-283.673,,,233.841,0.0,-10.655,10.655,,,0.0,223.186,0.12,,1.773,,0.0,-1.893,223.306,-43.545,179.761,0.0,,,179.761,,179.761,0.0,0.0,179.761,179.761,,273.6,0.655,0.655,0.665,276.594,0.65,0.65,0.66,
09/30/2006,561.986,,,-293.91,,,268.076,0.0,-11.875,11.875,,,0.0,256.201,1.155,,0.882,,0.0,-2.037,257.356,-50.184,207.172,0.0,,,207.172,,207.172,0.0,0.0,207.172,207.172,,271.33,0.765,0.765,0.765,273.996,0.755,0.755,0.755,
12/31/2006,558.824,,,-294.172,,,264.652,,-13.457,13.457,,,0.0,251.195,9.019,1.033,1.033,,0.0,-10.052,260.214,-60.512,199.702,0.0,,,199.702,0.0,199.702,0.0,0.0,199.702,199.702,,269.004,0.74,0.74,0.74,271.57,0.735,0.735,0.735,
03/31/2007,646.424,,,-320.897,,,325.527,,-14.226,,,,,311.301,-0.346,1.504,1.504,,0.0,-1.158,310.955,-60.635,250.32,0.0,,,250.32,0.0,250.32,0.0,0.0,250.32,250.32,,267.122,0.935,0.935,0.935,269.6,0.93,0.93,0.93,
06/30/2007,725.999,,,-344.69,,,381.309,,-20.302,,,,,361.007,-0.719,1.231,1.231,,,-0.512,360.288,-70.257,290.031,0.0,,,290.031,0.0,290.031,0.0,0.0,290.031,290.031,,265.928,1.09,1.09,1.13,268.74,1.08,1.08,1.12,
09/30/2007,791.276,,,-371.34,,,419.936,,-24.617,,,,,395.319,-3.792,9.146,9.146,,0.0,-5.354,391.527,-73.247,318.28,0.0,,,318.28,0.0,318.28,0.0,0.0,318.28,318.28,,266.684,1.19,1.19,1.23,269.476,1.18,1.18,1.22,
12/31/2007,831.612,,,-385.205,,,446.407,,-26.686,26.686,,,0.0,419.721,6.411,1.23,1.23,,0.0,-7.641,426.132,-78.752,347.38,0.0,,,347.38,0.0,347.38,0.0,0.0,347.38,347.38,,267.074,1.3,1.3,1.3,269.508,1.29,1.29,1.29,
03/31/2008,861.425,,,-373.649,,,487.776,,-21.273,,,,,466.503,2.019,1.11,1.11,,,-3.129,468.522,-84.334,384.188,0.0,,,384.188,0.0,384.188,0.0,0.0,384.188,384.188,,266.451,1.44,1.44,1.47,268.578,1.43,1.43,1.46,
06/30/2008,812.941,,,-368.65,,,444.291,,-19.667,,,,,424.624,36.38,0.721,0.721,,0.0,-37.101,461.004,-85.286,375.718,0.0,,,375.718,0.0,375.718,0.0,0.0,375.718,375.718,,266.464,1.41,1.41,1.31,269.194,1.4,1.4,1.3,
09/30/2008,861.981,,,-368.304,,,493.677,,-16.027,,,,,477.65,-8.297,0.601,0.601,,0.0,7.696,469.353,-86.831,382.522,0.0,,,382.522,0.0,382.522,0.0,0.0,382.522,382.522,10.68,264.746,1.44,1.44,1.48,267.041,1.43,1.43,1.47,
12/31/2008,910.154,,,-286.585,,,623.569,0.0,-110.428,110.428,,,0.0,513.141,0.438,,1.956,,0.0,-2.394,513.579,-95.012,418.567,0.0,,,418.567,0.0,418.567,0.0,0.0,418.567,418.567,,261.501,1.59,1.59,1.59,262.452,1.58,1.58,1.58,
03/31/2009,896.151,879.331,16.82,-352.299,259.315,92.984,543.852,0.0,-29.751,17.717,,,12.034,514.101,0.551,,0.521,,,-1.072,514.652,-100.357,414.295,0.0,0.0,0.0,414.295,0.0,414.295,0.0,-3.461,410.834,418.6561,7.8221,259.266,1.58,1.58,1.614774,259.83,1.58,1.58,1.610105,
06/30/2009,898.872,875.624,23.248,-374.633,275.216,99.417,524.239,0.0,-38.427,21.484,,,16.943,485.812,0.957,,0.361,,,-1.318,486.769,-94.92,391.849,0.0,0.0,0.0,391.849,0.0,391.849,0.0,-4.174,387.675,398.68795,11.01295,258.487,1.5,1.5,1.542391,259.326,1.49,1.49,1.532468,
09/30/2009,905.635,882.459,23.176,-377.446,274.201,103.245,528.189,0.0,-23.776,21.7,,,2.076,504.413,2.226,,0.379,,,-2.605,506.639,-80.556,426.083,0.0,0.0,0.0,426.083,0.0,426.083,0.0,-4.52,421.563,422.9124,1.3494,257.913,1.63,1.63,1.639748,258.838,1.63,1.63,1.635213,
12/31/2009,940.126,902.639,37.487,-414.561,301.894,112.667,525.565,0.0,-19.147,19.361,,0.0,-0.214,506.418,1.424,,0.424,,,-1.848,507.842,-61.427,446.415,0.0,0.0,0.0,446.415,0.0,446.415,0.0,-4.628,441.787,441.6479,-0.1391,256.507,1.72,1.72,1.721777,257.597,1.72,1.72,1.71946,
03/31/2010,840.851,816.407,24.444,-395.919,280.062,115.857,444.932,0.0,-21.971,21.971,,,0.0,422.961,3.161,,0.465,,,-3.626,426.122,-55.396,370.726,0.0,0.0,0.0,370.726,0.0,370.726,0.0,-3.461,367.265,367.265,0.0,255.122,1.44,1.44,1.44,256.221,1.43,1.43,1.43,
06/30/2010,709.922,695.566,14.356,-417.567,291.34,126.227,292.355,0.0,-23.808,23.808,,,0.0,268.547,0.496,,0.51,,,-1.006,269.043,-51.118,217.925,0.0,0.0,0.0,217.925,0.0,217.925,0.0,-2.143,215.782,215.782,0.0,254.224,0.85,0.85,0.85,255.024,0.85,0.85,0.85,
09/30/2010,612.618,592.806,19.812,-478.779,335.497,143.282,133.839,0.0,-25.482,25.482,,,0.0,108.357,-1.583,,4.144,,,-2.561,106.774,-20.287,86.487,0.0,0.0,0.0,86.487,-0.467,86.02,0.0,-0.828,85.192,94.292,9.1,252.513,0.34,0.34,0.373414,253.184,0.34,0.34,0.373414,
12/31/2010,643.785,623.234,20.551,-506.834,352.371,154.463,136.951,0.0,-20.736,20.736,,0.0,0.0,116.215,-1.645,,4.338,,,-2.693,114.57,-16.276,98.294,0.0,0.0,0.0,98.294,0.464,98.758,0.0,-0.95,97.808,97.808,0.0,250.687,0.39,0.39,0.39,251.374,0.39,0.39,0.39,
03/31/2011,578.888,556.152,22.736,-490.111,331.989,158.122,88.777,0.0,-2.513,23.715,,,-21.202,86.264,-16.449,,19.041,,,-2.592,69.815,-15.359,54.456,0.0,0.0,0.0,54.456,0.039,54.495,0.0,-0.509,53.986,40.2047,-13.7813,251.026,0.22,0.22,0.160161,251.801,0.21,0.21,0.155269,
06/30/2011,627.997,603.562,24.435,-527.32,364.201,163.119,100.677,0.0,-21.632,21.632,,,0.0,79.045,-15.363,,14.829,,,0.534,63.682,-9.508,54.174,0.0,0.0,0.0,54.174,-0.091,54.083,0.0,-0.572,53.511,43.42828,-10.08272,251.368,0.21,0.21,0.172768,252.068,0.21,0.21,0.17,
09/30/2011,737.902,720.456,17.446,-546.784,380.571,166.213,191.118,0.0,-27.536,27.536,,,0.0,163.582,-10.413,,11.53,,,-1.117,153.169,-17.614,135.555,0.0,0.0,0.0,135.555,-0.238,135.317,0.0,-1.412,133.905,133.905,0.0,251.58,0.53,0.53,0.53,252.029,0.53,0.53,0.53,
12/31/2011,751.045,735.592,15.453,-570.949,399.763,171.186,180.096,0.0,-18.494,18.494,,0.0,0.0,161.602,-12.018,,10.327,,,1.691,149.584,-30.144,119.44,0.0,0.0,0.0,119.44,7.563,127.003,0.0,-1.219,125.784,125.784,0.0,251.636,0.5,0.5,0.5,252.05,0.5,0.5,0.5,
03/31/2012,797.69,762.318,35.372,-630.921,459.844,171.077,166.769,0.0,-23.126,23.126,,,0.0,143.643,-8.711,,10.496,,,-1.785,134.932,-21.589,113.343,0.0,0.0,0.0,113.343,6.832,120.175,0.0,-1.125,119.05,119.05,0.0,251.971,0.47,0.47,0.47,252.462,0.47,0.47,0.47,
06/30/2012,898.923,868.1,30.823,-643.934,460.319,183.615,254.989,0.0,-10.494,25.404,,,-14.91,244.495,-19.464,,20.652,,,-1.188,225.031,-46.356,178.675,0.0,0.0,0.0,178.675,-18.857,159.818,0.0,-1.692,158.126,148.4345,-9.6915,252.387,0.63,0.63,0.588123,252.745,0.63,0.63,0.588123,
09/30/2012,884.032,855.879,28.153,-678.25,483.163,195.087,205.782,0.0,-26.858,26.858,,,0.0,178.924,-24.082,,25.635,,,-1.553,154.842,-25.162,129.68,0.0,0.0,0.0,129.68,-14.906,114.774,0.0,-1.19,113.584,113.584,0.0,252.657,0.45,0.45,0.45,252.974,0.45,0.45,0.45,
12/31/2012,966.367,944.955,21.412,-722.988,514.146,208.842,243.379,0.0,-26.641,24.602,,0.0,2.039,216.738,-28.318,,28.98,,,-0.662,188.42,-53.981,134.439,0.0,0.0,0.0,134.439,-6.862,127.577,0.0,-1.3,126.277,127.60235,1.32535,252.722,0.5,0.5,0.504912,252.975,0.5,0.5,0.504912,
03/31/2013,970.975,949.791,21.184,-717.414,511.258,206.156,253.561,0.0,-23.77,25.57,,,-1.8,229.791,-27.726,,27.301,,,0.425,202.065,-34.352,167.713,0.0,0.0,0.0,167.713,-17.653,150.06,0.0,-1.664,148.396,147.226,-1.17,253.073,0.59,0.59,0.581753,253.341,0.59,0.59,0.581753,
06/30/2013,1017.385,989.058,28.327,-736.675,524.086,212.589,280.71,0.0,-26.85,26.85,,,0.0,253.86,-23.71,,24.665,,,-0.955,230.15,-36.824,193.326,0.0,0.0,0.0,193.326,-16.706,176.62,0.0,-2.167,174.453,174.453,0.0,253.295,0.69,0.69,0.69,253.556,0.69,0.69,0.69,
09/30/2013,640.513,623.194,17.319,-430.168,300.325,129.843,210.345,0.0,28.903,33.776,33.776,,-62.679,239.248,-21.627,,23.149,,,-1.522,217.621,-33.852,183.769,-116.69,-116.69,0.0,300.459,-18.502,281.957,0.0,-3.39,278.567,121.13565,-40.74135,253.357,1.1,0.64,0.478122,253.618,1.1,0.64,0.478122,
12/31/2013,725.089,704.213,20.876,-487.409,346.298,141.111,237.68,0.0,-31.801,31.801,31.801,0.0,0.0,205.879,-29.232,,31.185,,,-1.953,176.647,-17.776,158.871,-30.037,-30.037,0.0,188.908,-14.848,174.06,0.0,-2.075,171.985,141.948,0.0,253.423,0.68,0.56,0.56,253.661,0.68,0.56,0.56,
03/31/2014,795.187,770.637,24.55,-520.582,374.384,146.198,274.605,0.0,-25.637,25.637,25.637,,0.0,248.968,-41.66,,40.392,,,1.268,207.308,-35.578,171.73,-101.512,-101.512,0.0,273.242,-16.916,256.326,0.0,-4.272,252.054,150.542,0.0,253.94,0.99,0.6,0.6,254.075,0.99,0.6,0.6,
06/30/2014,1240.363,1208.552,31.811,-860.249,605.855,254.394,380.114,0.0,-33.538,27.08,,,6.458,346.576,-36.679,,36.351,,,0.328,309.897,-52.435,257.462,0.0,0.0,0.0,257.462,-22.903,234.559,0.0,-3.774,230.785,234.9827,4.1977,254.238,0.91,0.91,0.924263,254.335,0.91,0.91,0.924263,
09/30/2014,828.796,810.2,18.596,-560.561,399.315,161.246,268.235,0.0,-24.602,24.602,24.602,,0.0,243.633,-34.991,,37.751,,,-2.76,208.642,-40.782,167.86,20.214,20.214,0.0,147.646,-20.471,127.175,0.0,-1.972,125.203,145.417,0.0,253.842,0.49,0.57,0.57,253.949,0.49,0.57,0.57,
12/31/2014,804.74,787.654,17.086,-571.724,404.557,167.167,233.016,0.0,-774.88,29.452,29.452,0.0,745.428,-541.864,-42.114,,40.685,,,1.429,-583.978,3.974,-580.004,15.03,15.03,0.0,-595.034,-14.535,-609.569,0.0,0.0,-609.569,118.56,713.099,249.65,-2.44,-2.38,0.474905,249.65,-2.44,-2.38,0.474905,
03/31/2015,804.342,779.361,24.981,-496.045,341.907,154.138,308.297,0.0,-23.938,23.938,23.938,,0.0,284.359,-42.462,,49.044,,,-6.582,241.897,-43.447,198.45,0.0,0.0,0.0,198.45,-20.047,178.403,0.0,-3.931,174.472,174.472,0.0,242.685,0.72,0.72,0.72,242.685,0.72,0.72,0.72,
06/30/2015,793.555,771.307,22.248,-495.982,336.859,159.123,297.573,0.0,-22.424,22.424,22.424,,0.0,275.149,-57.896,,57.465,,,0.431,217.253,-39.405,177.848,0.0,0.0,0.0,177.848,-18.817,159.031,0.0,-3.555,155.476,155.476,0.0,241.966,0.64,0.64,0.64,241.966,0.64,0.64,0.64,
09/30/2015,896.671,873.813,22.858,-471.502,310.85,160.652,425.169,0.0,-15.196,15.196,15.196,,0.0,409.973,-23.753,,54.687,,,-30.934,386.22,-41.789,344.431,0.0,0.0,0.0,344.431,-18.624,325.807,0.0,-7.143,318.664,170.995,-147.669,241.97,1.32,1.32,0.706679,241.97,1.32,1.32,0.706679,
12/31/2015,857.684,837.129,20.555,-473.581,313.189,160.392,384.103,0.0,-433.583,15.285,15.285,,418.298,-49.48,-53.457,,52.658,,,0.799,-102.937,-34.591,-137.528,0.0,0.0,0.0,-137.528,-14.713,-152.241,0.0,0.0,-152.241,126.236,278.477,241.974,-0.63,-0.63,0.521692,241.974,-0.63,-0.63,0.520855,
03/31/2016,611.973,591.367,20.606,-416.973,267.254,149.719,195.0,0.0,-19.54,19.54,19.54,,0.0,175.46,-57.83,,57.1,,,0.73,117.63,6.503,124.133,0.0,0.0,0.0,124.133,-18.648,105.485,0.0,-3.822,101.663,74.663,-27.0,242.826,0.42,0.42,0.307475,242.826,0.42,0.42,0.307475,
06/30/2016,894.783,876.697,18.086,-409.42,258.474,150.946,485.363,0.0,-35.649,19.033,19.033,,16.616,449.714,-47.493,,57.306,,,-9.813,402.221,-56.822,345.399,0.0,0.0,0.0,345.399,-22.533,322.866,0.0,-11.678,311.188,314.7955,3.6075,243.217,1.28,1.28,1.294299,243.217,1.28,1.28,1.294299,
09/30/2016,385.153,373.257,11.896,-371.588,216.346,155.242,13.565,0.0,-15.773,15.773,15.773,,0.0,-2.208,-52.029,,52.569,,,-0.54,-54.237,10.002,-44.235,0.0,0.0,0.0,-44.235,-10.846,-55.081,0.0,0.0,-55.081,-55.081,0.0,243.224,-0.23,-0.23,-0.23,243.224,-0.23,-0.23,-0.23,
12/31/2016,410.156,400.879,9.277,-338.023,182.863,155.16,72.133,0.0,-1457.045,14.912,14.912,,1442.133,-1384.912,-47.731,,55.94,,,-8.209,-1432.643,149.473,-1283.17,0.0,0.0,0.0,-1283.17,-19.68,-1302.85,0.0,0.0,-1302.85,-36.843,1266.007,243.238,-5.36,-5.36,-0.151469,243.238,-5.36,-5.36,-0.155192,
03/31/2017,362.976,354.659,8.317,-301.633,165.915,135.718,61.343,0.0,-15.88,15.88,15.88,,0.0,45.463,-71.83,,73.447,,,-1.617,-26.367,-257.407,-283.774,0.0,0.0,0.0,-283.774,-17.92,-301.694,0.0,0.0,-301.694,-41.694,260.0,244.222,-1.24,-1.24,-0.170722,244.222,-1.24,-1.24,-0.175395,
06/30/2017,278.142,271.532,6.61,-303.359,166.765,136.594,-25.217,0.0,-18.658,18.658,18.658,,0.0,-43.875,-70.545,,73.209,,,-2.664,-114.42,18.213,-96.207,1.486,1.486,0.0,-97.693,4.343,-93.35,0.0,0.0,-93.35,-91.864,0.0,244.828,-0.38,-0.37,-0.37,244.828,-0.38,-0.37,-0.37,
09/30/2017,266.212,259.74,6.472,-307.485,169.878,137.607,-41.273,0.0,-15.331,15.331,15.331,,0.0,-56.604,-71.482,,72.887,,,-1.405,-128.086,28.605,-99.481,0.0,0.0,0.0,-99.481,2.689,-96.792,0.0,0.0,-96.792,-87.367,9.425,244.94,-0.4,-0.4,-0.356687,244.94,-0.4,-0.4,-0.361521,
12/31/2017,329.585,321.095,8.49,-296.475,158.404,138.071,33.11,0.0,-143.404,21.765,21.765,,121.639,-110.294,-70.645,,72.446,,,-1.801,-180.939,167.96,-12.979,0.0,0.0,0.0,-12.979,-11.696,-24.675,0.0,0.0,-24.675,-71.855,-47.18,244.97,-0.1,-0.1,-0.293322,244.97,-0.1,-0.1,-0.293322,
03/31/2018,235.157,229.106,6.051,-269.954,141.199,128.755,-34.797,0.0,-22.083,22.083,22.083,,0.0,-56.88,-83.444,,76.015,,,7.429,-140.324,-2.996,-143.32,0.0,0.0,0.0,-143.32,0.986,-142.334,0.0,0.0,-142.334,-135.407,6.927,246.175,-0.58,-0.58,-0.550044,246.175,-0.58,-0.58,-0.551861,
06/30/2018,258.369,247.689,10.68,-289.415,159.734,129.681,-31.046,0.0,-814.56,21.717,21.717,,792.843,-845.606,-71.265,,74.13,,,-2.865,-916.871,38.839,-878.032,0.0,0.0,0.0,-878.032,249.969,-628.063,0.0,0.0,-628.063,-1.71703,626.34597,246.74,-2.55,-2.55,-0.006959,246.74,-2.55,-2.55,-0.011514,
09/30/2018,279.408,267.238,12.17,-286.529,172.661,113.868,-7.121,0.0,-14.722,14.722,14.722,,0.0,-21.843,-71.006,,73.725,,,-2.719,-92.849,14.491,-78.358,0.0,0.0,0.0,-78.358,-3.233,-81.591,0.0,0.0,-81.591,-106.60111,-25.01011,246.78,-0.33,-0.33,-0.431968,246.78,-0.33,-0.33,-0.431968,
12/31/2018,309.892,292.049,17.843,-307.653,193.427,114.226,2.239,0.0,-23.984,14.694,14.694,,9.29,-21.745,-65.387,,73.741,,,-8.354,-87.132,56.307,-30.825,0.0,0.0,0.0,-30.825,-2.237,-33.062,0.0,0.0,-33.062,-89.764,-56.702,246.793,-0.13,-0.13,-0.363722,246.793,-0.13,-0.13,-0.363722,
03/31/2019,282.888,270.501,12.387,-290.701,181.123,109.578,-7.813,0.0,-15.999,15.999,15.999,,0.0,-23.812,-36.472,,70.244,,,-33.772,-60.284,-2.865,-63.149,3.821,3.821,0.0,-66.97,-3.919,-70.889,0.0,0.0,-70.889,-91.768,-24.7,248.251,-0.29,-0.27,-0.369658,248.251,-0.29,-0.27,-0.369658,
06/30/2019,292.936,274.817,18.119,-295.394,184.246,111.148,-2.458,0.0,-116.252,116.252,116.252,,0.0,-118.71,-67.116,,68.976,,,-1.86,-185.826,37.182,-148.644,0.0,0.0,0.0,-148.644,-3.316,-151.96,0.0,0.0,-151.96,-151.96,0.0,249.154,-0.61,-0.61,-0.61,249.154,-0.61,-0.61,-0.61,
09/30/2019,275.526,259.428,16.098,-302.463,189.708,112.755,-26.937,0.0,-613.075,17.565,17.565,,595.51,-640.012,-69.785,,68.991,,,0.794,-709.797,2.845,-706.952,0.0,0.0,0.0,-706.952,262.081,-444.871,0.0,0.0,-444.871,151.289,596.16,249.181,-1.79,-1.79,0.607145,249.181,-1.79,-1.79,0.602478,
12/31/2019,454.088,441.312,12.776,-299.067,192.327,106.74,155.021,0.0,-38.76,18.976,18.976,,19.784,116.261,-69.439,,71.224,,,-1.785,46.822,1.378,48.2,0.0,0.0,0.0,48.2,-81.07,-32.87,0.0,0.0,-32.87,-160.878,-128.008,249.198,-0.13,-0.13,-0.645583,249.198,-0.13,-0.13,-0.645583,
03/31/2020,281.311,267.364,13.947,-276.51,172.829,103.681,4.801,0.0,-1137.356,17.839,17.839,,1119.517,-1132.555,-73.162,,70.88,,,2.282,-1205.717,143.04,-1062.677,0.0,0.0,0.0,-1062.677,0.0,-1062.677,0.0,0.0,-1062.677,-86.03,976.647,250.047,-4.25,-4.25,-0.344055,250.047,-4.25,-4.25,-0.344146,
06/30/2020,237.918,220.141,17.777,-249.853,160.488,89.365,-11.935,0.0,-83.518,73.003,73.003,,10.515,-95.453,-67.916,70.279,70.279,0.0,,-2.363,-163.369,121.175,-42.194,0.0,0.0,0.0,-42.194,0.0,-42.194,0.0,0.0,-42.194,-89.016,-46.822,250.978,-0.17,-0.17,-0.354677,250.978,-0.17,-0.17,-0.356558,
09/30/2020,212.2,,,,,,50.7158,,,,,,,-66.45,,,,,,,-121.0,,-109.7,,,,,,-109.7,,,-109.7,-107.025,,,-0.44,-0.44,-0.45,,-0.44,-0.44,-0.45,
12/31/2020,196.4,,,,,,37.1196,,,,,,,-81.4,,,,,,,-121.75,,-119.167,,,,,,-119.167,,,-119.167,-118.375,,,-0.53,-0.53,-0.512,,-0.53,-0.53,-0.512,
