Date,Revenue,Revenue From Electric,Regulated Electric Revenue,Unregulated Electric Revenue,Revenue from Gas,Revenue from Water,Other Revenue,Cost of Revenue,Fuel & Purchased Power Cost,Fuel Cost,Purchased Power Cost,Purchased Gas & Water Cost,Purchased Gas Cost,Purchased Water Cost,Other Cost of Revenue,Gross Profit,Operating Expenses,Maintenance Expenses,Depreciation Expenses,Taxes Other Than Income,Other Operating Expense,Operating Income (Loss),Non-Operating (Income) Loss,"Interest Expense, Net",Total Interest Income,AFUDC - Equity,Interest Income,Interest Expense,Interest Expenses on Bonds,AFUDC - Debts,Other Interest Expenses,Other Non-Op (Income) Loss,Pretax Income,Income Tax Expense (Benefit),Income (Loss) from Cont Ops,Net Extraordinary Losses (Gains),Discontinued Operations,XO & Accounting Changes,Income (Loss) Incl. MI,Minority Interest,"Net Income, GAAP",Preferred Dividends,Other Adjustments,"Net Income Avail to Common, GAAP","Net Income Avail to Common, Adj",Net Abnormal Losses (Gains),Basic Weighted Avg Shares,"Basic EPS, GAAP",Basic EPS from Cont Ops,"Basic EPS from Cont Ops, Adjusted",Diluted Weighted Avg Shares,"Diluted EPS, GAAP",Diluted EPS from Cont Ops,"Diluted EPS from Cont Ops, Adjusted",Source: Bloomberg
03/31/1990,1070.235962,1045.744995,,,0.0,0.0,24.490999,-391.958008,391.957993,198.957993,193.0,0.0,,,,678.277954,-557.005981,106.769997,122.793999,102.341003,225.100998,121.272003,-73.996003,,,,,81.356003,86.213997,-4.858,0.0,-7.36,47.276,-0.022,47.254002,-3.606,,,50.860001,0.0,50.860001,-11.471,,39.389001,39.389001,,268.548004,0.145,0.13,,268.548004,0.145,0.13,0.13,
06/30/1990,1271.366943,1246.375,,,0.0,0.0,24.992001,-479.744995,479.744995,273.744995,206.0,0.0,,,,791.621948,-550.750977,98.014999,124.790001,104.581001,223.365005,240.871002,-73.160001,,,,,79.289001,85.332001,-6.043,0.0,-6.129,167.711001,-53.397999,114.313004,6.685,,,107.628002,0.0,107.627998,-10.882,,96.745998,96.745998,,270.40799,0.36,0.385,,270.40799,0.36,0.385,0.385,
09/30/1990,1483.156006,1465.411987,,,0.0,0.0,17.743999,-555.302979,555.303009,337.303009,218.0,0.0,,,,927.853027,-650.609985,89.941002,119.572998,125.195,315.901001,277.243011,-76.283997,,,,,80.602997,87.164001,-6.561,0.0,-4.319,200.959014,-62.334999,138.623993,696.549026,,,-557.925011,0.0,-557.924988,-10.623,,-568.547988,-568.547988,,271.675995,-2.095,0.47,,271.675995,-2.095,0.47,0.47,
12/31/1990,1261.58606,1230.157959,,,0.0,0.0,31.427999,-500.22699,500.22699,285.22699,215.0,0.0,,,,761.35907,-640.007996,113.350998,134.112,119.376999,273.167999,121.350998,-73.629002,,,,,82.802002,90.764,-7.962,0.0,-9.173,47.721996,-6.138,41.584,-10.448,,,52.031996,0.0,52.032001,-10.624,,41.408002,41.408002,,283.223999,0.145,0.11,0.11,283.223999,0.145,0.11,0.11,
03/31/1991,1163.14502,1136.620972,,,0.0,0.0,26.524,-438.303009,438.302994,235.302994,203.0,0.0,,,,724.84201,-538.953979,83.357002,124.682999,112.713997,218.199997,185.888,-68.688997,,,,,86.183998,95.333,-9.149,0.0,-17.495001,117.199003,-35.187,82.012001,135.570002,,,-53.557999,0.0,-53.557999,-10.623,,-64.180999,-64.180999,,322.463989,-0.2,0.22,0.22,322.463989,-0.2,0.22,0.22,
06/30/1991,1386.745972,1358.371948,,,0.0,0.0,28.374001,-515.804016,515.803986,298.803986,217.0,0.0,,,,870.941956,-694.375,105.125999,126.737,120.464996,342.046997,176.567001,-68.585999,,,,,83.195,92.061996,-8.867,0.0,-14.609,107.981002,-23.038,84.943001,0.0,,,84.943002,0.0,84.943001,-10.211,,74.732,74.732,,323.503998,0.23,0.23,0.23,323.503998,0.23,0.23,0.23,
09/30/1991,1518.29895,1503.706055,,,0.0,0.0,14.593,-562.372009,562.372009,352.372009,210.0,0.0,,,,955.926941,-589.310974,91.278,137.977997,134.074005,225.981003,366.615997,-73.344,,,,,84.208,91.390999,-7.183,0.0,-10.864,293.271997,-95.397003,197.875,0.0,,,197.874994,0.0,197.875,-10.211,,187.664,187.664,,325.303986,0.575,0.575,0.575,325.303986,0.575,0.575,0.575,
12/31/1991,1181.245972,1160.067017,,,0.0,0.0,21.179001,-416.15799,416.158005,211.158005,205.0,0.0,,,,765.087982,-617.111023,125.255997,128.669998,118.709,244.475998,147.977005,-77.704001,,,,,82.192001,91.037003,-8.845,0.0,-4.488,70.273004,-17.698999,52.574001,0.0,,,52.574004,0.0,52.574001,-10.211,,42.363001,42.363001,,333.536011,0.125,0.125,0.125,333.536011,0.125,0.125,0.125,
03/31/1992,1093.369019,1064.692993,,,0.0,0.0,28.676001,-348.640015,348.639999,174.639999,174.0,0.0,,,,744.729004,-551.258972,79.440002,141.022003,114.527,216.270004,193.470001,-68.651001,,,,,80.012001,90.987999,-10.976,0.0,-11.361,124.819,-40.035999,84.782997,0.0,,,84.783001,0.0,84.782997,-10.378,,74.404997,74.404997,,343.100006,0.215,0.215,0.215,343.100006,0.215,0.215,0.215,
06/30/1992,1261.982056,1232.41394,,,0.0,0.0,29.568001,-434.996002,434.996002,237.996002,197.0,0.0,,,,826.986053,-589.723022,105.362999,142.764008,117.188004,224.408005,237.263,-66.597,,,,,76.847,89.917,-13.07,0.0,-10.25,170.666,-55.768002,114.898003,0.0,,,114.897999,0.0,114.898003,-11.407,,103.491003,103.491003,,347.167999,0.3,0.3,0.3,347.167999,0.3,0.3,0.3,
09/30/1992,1569.152954,1556.083008,,,0.0,0.0,13.07,-586.442017,586.441986,366.441986,220.0,0.0,,,,982.710938,-600.89502,,146.552002,142.733994,311.609009,381.81601,-65.218002,,,,,76.815002,91.816002,-15.001,0.0,-11.597,316.598007,-117.765999,198.832001,0.0,,,198.832008,0.0,198.832001,-11.059,,187.773001,187.773001,,357.294006,0.525,0.525,0.525,357.294006,0.525,0.525,0.525,
12/31/1992,1268.822998,1247.272949,,,0.0,0.0,21.549999,-459.829987,459.829986,131.994995,327.834991,0.0,,,,808.993011,-587.768005,,123.899002,123.290001,340.57901,221.225006,-61.024998,,,,,74.794998,93.529999,-18.735001,0.0,-13.77,160.200008,-47.862999,112.336998,0.0,,,112.337009,0.0,112.336998,-11.057,,101.279998,101.279998,,364.10199,0.28,0.28,0.28,364.10199,0.28,0.28,0.28,
03/31/1993,1132.375977,1103.536011,,,0.0,0.0,28.84,-375.540985,375.541,184.541,191.0,0.0,,,,756.834991,-550.909973,,142.731995,121.337997,286.839996,205.925003,-60.806004,,,,,72.924004,94.259003,-21.334999,0.0,-12.118,145.118999,-41.891998,103.226997,0.0,,,103.227001,0.0,103.226997,-11.277,,91.949997,91.949997,,367.558014,0.25,0.25,0.25,367.558014,0.25,0.25,0.25,
06/30/1993,1349.865967,1321.504028,,,0.0,0.0,28.362,-475.046997,475.046997,282.046997,193.0,0.0,,,,874.81897,-639.213013,,147.268997,129.666,362.278015,235.606003,-61.218001,,,,,77.165001,95.821999,-18.657,0.0,-15.947,174.388001,-53.199001,121.189003,0.0,,,121.189,0.0,121.189003,-10.643,,110.546003,110.546003,,370.959991,0.3,0.3,0.3,370.959991,0.3,0.3,0.3,
09/30/1993,1602.685059,1586.140991,,,0.0,0.0,16.544001,-533.799011,533.799011,376.799011,157.0,0.0,,,,1068.886047,-774.03302,,152.694,150.223007,471.115997,294.852997,-51.404999,,,,,79.016998,91.690002,-12.673,0.0,-27.612,243.447998,-92.213997,151.233994,0.0,,,151.234001,0.0,151.233994,-10.712,,140.521994,140.521994,,376.265991,0.375,0.375,0.375,376.265991,0.375,0.375,0.375,
12/31/1993,1231.366943,1213.118042,,,0.0,0.0,18.249001,-373.911011,373.910995,195.171997,178.738998,0.0,,,,857.455932,-619.882019,,155.694,124.882004,339.306,237.574005,-78.617998,,,,,71.752998,85.325996,-13.573,0.0,6.865,158.956007,-63.194,95.762001,0.0,,,95.762007,0.0,95.762001,-10.031,,85.731001,85.731001,,379.432006,0.225,0.225,0.225,379.432006,0.225,0.225,0.225,
03/31/1994,1178.900024,1155.78894,,,0.0,0.0,23.111,-364.813995,364.813995,199.813995,165.0,0.0,,,,814.086029,-578.841003,,166.994995,121.862999,289.983002,235.244995,-73.883999,,,,,71.112999,81.962997,-10.85,0.0,2.771,161.360996,-56.992001,104.369003,0.0,,,104.368996,0.0,104.369003,-9.93,,94.439003,94.439003,,358.653992,0.265,0.265,0.265,358.653992,0.265,0.265,0.265,
06/30/1994,1443.046997,1418.572998,,,0.0,0.0,24.474001,-473.587006,473.587006,299.587006,174.0,0.0,,,,969.459991,-680.58197,,170.195999,134.274994,376.110992,288.877991,-75.487,,,,,74.805,79.679001,-4.874,0.0,0.682,213.39099,-77.668999,135.722,0.0,,,135.721992,0.0,135.722,-9.879,,125.843,125.843,,358.339996,0.35,0.35,0.35,358.339996,0.35,0.35,0.35,
09/30/1994,1512.900024,1501.895996,,,0.0,0.0,11.004,-470.319,470.319,315.319,155.0,0.0,,,,1042.581024,-614.455994,,206.186005,144.985992,263.283997,428.125,-62.194998,,,,,75.490997,79.43,-3.939,,-13.296,365.930002,-133.807007,232.123001,0.0,,,232.122995,0.0,232.123001,-9.879,,222.244001,222.244001,,354.406006,0.625,0.625,0.625,354.406006,0.625,0.625,0.625,
12/31/1994,1287.812012,1266.397949,,,0.0,0.0,21.414,-406.625,406.625,255.625,151.0,0.0,,,,881.187012,-684.992981,,180.479004,129.845993,374.667999,196.194,-71.325,,,,,73.527,77.894997,-4.368,,-2.202,124.869,-38.813999,86.055,0.0,,,86.055001,0.0,86.055,-9.87,,76.185,76.185,,352.756012,0.215,0.215,0.215,352.756012,0.215,0.215,0.215,
03/31/1995,1177.365967,1156.26001,,,0.0,0.0,21.106001,-344.872009,344.871994,195.871994,149.0,0.0,,,,832.493958,-583.697021,,200.283005,128.423004,254.990997,248.796997,-71.586996,,,,,76.978996,76.978996,,,-5.392,177.210001,-65.217003,111.992996,0.0,,,111.992998,0.0,111.992996,-12.153,,99.839996,99.839996,,352.04599,0.285,0.285,0.285,352.04599,0.285,0.285,0.285,
06/30/1995,1466.723999,1446.165039,,,0.0,0.0,20.559,-458.403015,458.403015,306.403015,152.0,0.0,,,,1008.320984,-696.130005,,262.808014,138.136993,295.184998,312.19101,-82.441003,,,,,83.355003,83.355003,,,-0.914,229.750006,-91.447998,138.302002,0.0,,,138.302008,0.0,138.302002,,,138.302002,138.302002,,350.450012,0.395,0.395,0.395,350.450012,0.395,0.395,0.395,
09/30/1995,1587.036987,1579.547974,,,0.0,0.0,7.489,-480.911987,480.911987,326.911987,154.0,0.0,,,,1106.125,-658.190002,,212.675003,148.313995,297.200989,447.934998,-70.324997,,,,,79.504997,79.504997,,,-9.18,377.610001,-137.160995,240.449005,0.0,,,240.449005,0.0,240.449005,,,240.449005,240.449005,,350.223999,0.685,0.685,0.685,350.223999,0.685,0.685,0.685,
12/31/1995,1361.358032,1348.083984,,,0.0,0.0,13.274,-437.542999,437.542999,288.542999,149.0,0.0,,,,923.815033,-735.632019,,242.169998,134.395004,359.066986,188.182999,-47.446002,,,,,50.830002,50.830002,,,-3.384,140.736997,-34.768002,105.969002,0.0,,,105.968995,0.0,105.969002,-31.249001,,74.720001,74.720001,,349.98001,0.215,0.215,0.215,349.98001,0.215,0.215,0.215,
03/31/1996,1357.707031,1340.741943,,,0.0,0.0,16.965,-449.660004,449.660004,273.660004,176.0,0.0,,,,908.047028,-684.672974,,267.654999,137.044006,279.973999,223.373993,-70.609002,,,,,69.246002,69.246002,,,1.363,152.764991,-52.618999,100.146004,0.0,,,100.145991,0.0,100.146004,-6.434,,93.712004,93.712004,,349.411987,0.27,0.27,0.27,349.411987,0.27,0.27,0.27,
06/30/1996,1474.08606,1454.996948,,,0.0,0.0,19.089001,-500.169006,500.169006,316.169006,184.0,0.0,,,,973.917053,-674.629028,,231.925995,138.251999,304.450989,299.287994,-76.371002,,,,,67.871002,67.871002,,,8.5,222.916992,-66.837997,156.078995,0.0,,,156.078995,0.0,156.078995,-5.766,,150.312995,150.312995,,348.205994,0.43,0.43,0.43,348.205994,0.43,0.43,0.43,
09/30/1996,1769.598999,1760.938965,,,0.0,0.0,8.66,-628.463989,628.463989,428.463989,200.0,0.0,,,,1141.13501,-682.002014,,257.760986,160.001999,264.239014,459.132996,-61.105001,,,,,65.525002,65.525002,,,-4.42,398.027994,-142.145996,255.882004,0.0,,,255.881998,0.0,255.882004,-5.767,,250.115004,250.115004,,347.700012,0.72,0.72,0.72,347.700012,0.72,0.72,0.72,
12/31/1996,1435.385986,1429.75,,,0.0,0.0,5.636,-552.289978,552.290009,368.290009,184.0,0.0,,,,883.096008,-694.070007,,203.033005,150.880997,340.156006,189.026001,-65.691998,,,,,61.981998,61.981998,,,3.71,123.334003,-32.258999,91.074997,0.0,,,91.075004,0.0,91.074997,-5.765,,85.309997,85.309997,,347.287994,0.245,0.245,0.245,347.287994,0.245,0.245,0.245,
03/31/1997,1445.192993,1398.767944,,,0.0,0.0,46.424999,-543.559021,543.55899,333.55899,210.0,0.0,,,,901.633972,-676.377991,,267.863007,139.341003,269.174011,225.255997,-63.264004,,,,,71.035004,71.035004,,,-7.771,161.991993,-55.213001,106.778999,0.0,,,106.778992,0.0,106.778999,-5.709961,,101.069038,101.069038,,346.444,0.29,0.29,0.29,346.444,0.29,0.29,0.29,
06/30/1997,1587.14502,1541.119019,,,0.0,0.0,46.026001,-560.346008,560.346008,367.346008,193.0,0.0,,,,1026.799012,-705.343018,,262.48999,144.585999,298.266998,321.455994,-69.826,,,,,71.5,71.5,,,-1.674,251.629994,-82.906998,168.723007,0.0,,,168.722996,0.0,168.723007,-4.34,,164.383007,164.383007,,346.082,0.475,0.475,0.475,346.082,0.475,0.475,0.475,
09/30/1997,1858.969971,1819.493042,,,0.0,0.0,39.477001,-673.564026,673.563995,469.563995,204.0,0.0,,,,1185.405945,-721.146973,,266.235992,164.457993,290.453003,464.259003,-52.838001,,,,,69.540001,69.540001,,,-16.702,411.421002,-144.037003,267.384003,0.0,,,267.383999,0.0,267.384003,-5.019,,262.365003,262.365003,,346.082,0.76,0.76,0.76,346.082,0.76,0.76,0.76,
12/31/1997,1477.692017,1372.619995,,,0.0,0.0,105.071999,-477.531006,477.531006,306.531006,171.0,0.0,,,,1000.161011,-783.132019,,264.411011,145.615005,373.105988,217.029007,-101.072002,,,,,78.925003,78.925003,,,22.146999,115.957005,-21.843,94.113998,0.0,,,94.114005,0.0,94.113998,-3.931,,90.182998,90.182998,,345.847992,0.26,0.26,0.26,345.847992,0.26,0.26,0.26,
03/31/1998,1338.0,1295.0,,,0.0,0.0,43.0,-436.0,436.0,257.0,179.0,0.0,,,,902.0,-684.0,,249.0,136.0,299.0,218.0,-56.0,,,,,63.0,63.0,,,-7.0,162.0,-50.0,112.0,0.0,,,112.0,0.0,112.0,-4.0,,108.0,108.0,,345.600006,0.315,0.315,0.315,345.600006,0.315,0.315,0.315,
06/30/1998,1692.0,1634.0,,,0.0,0.0,58.0,-558.0,558.0,558.0,,0.0,,,,1134.0,-817.0,,348.0,150.0,319.0,317.0,-48.0,,,,,64.0,64.0,,,-16.0,269.0,-89.0,180.0,0.0,,,180.0,0.0,180.0,-4.0,,176.0,176.0,,346.0,0.51,0.51,0.51,346.0,0.51,0.51,0.51,
09/30/1998,1999.0,1878.0,,,0.0,0.0,121.0,-637.0,637.0,637.0,,0.0,,,,1362.0,-834.0,,314.0,171.0,349.0,528.0,-80.0,,,,,101.0,101.0,,,-21.0,448.0,-157.0,291.0,0.0,,,291.0,0.0,291.0,-4.0,,287.0,287.0,,344.0,0.83,0.83,0.83,344.0,0.83,0.83,0.83,
12/31/1998,1632.0,1559.0,,,0.0,0.0,73.0,-613.0,613.0,613.0,,0.0,,,,1019.0,-830.0,,373.0,140.0,317.0,189.0,-110.0,,,,,94.0,94.0,,,16.0,79.0,17.0,96.0,0.0,,,96.0,0.0,96.0,-3.0,,93.0,93.0,,344.0,0.27,0.27,0.27,344.0,0.27,0.27,0.27,
03/31/1999,1412.0,1359.0,,,0.0,0.0,53.0,-506.0,506.0,506.0,,,,,,906.0,-698.0,,279.0,144.0,275.0,208.0,111.0,,,,,47.0,47.0,,,-158.0,319.0,-106.0,213.0,0.0,,,213.0,0.0,213.0,-4.0,,209.0,209.0,,344.0,0.61,0.61,0.33,344.0,0.61,0.61,0.33,
06/30/1999,1614.0,1511.0,,,0.0,0.0,103.0,-588.0,588.0,588.0,,0.0,,,,1026.0,-715.0,,244.0,144.0,327.0,311.0,-202.0,,,,,58.0,58.0,,,144.0,109.0,-28.0,81.0,0.0,,,81.0,0.0,81.0,-4.0,,77.0,77.0,,342.0,0.225,0.225,0.53,342.0,0.225,0.225,0.53,
09/30/1999,1892.0,1892.0,,,0.0,0.0,0.0,-693.0,693.0,693.0,,0.0,,,,1199.0,-729.0,,245.0,175.0,309.0,470.0,-19.0,,,,,58.0,58.0,,,-39.0,451.0,-156.0,295.0,0.0,,,295.0,0.0,295.0,-4.0,,291.0,291.0,,342.0,0.85,0.85,0.85,342.8,0.85,0.85,0.85,
12/31/1999,1520.0,1295.0,,,0.0,0.0,225.0,-578.0,578.0,578.0,,,,,,942.0,-835.0,,272.0,152.0,411.0,107.0,49.0,,,,,59.0,59.0,,,-108.0,156.0,-33.0,123.0,0.0,,,123.0,0.0,123.0,-3.0,,120.0,120.0,,342.0,0.355,0.355,0.285,342.0,0.355,0.355,0.285,
03/31/2000,1468.0,1445.0,,,0.0,0.0,23.0,-542.0,542.0,542.0,,0.0,,,,926.0,-689.0,285.0,259.0,145.0,285.0,237.0,-55.0,,,,,62.0,62.0,,,-7.0,182.0,-57.0,125.0,0.0,,,125.0,0.0,125.0,-4.0,,121.0,121.0,,340.0,0.355,0.355,0.355,340.0,0.355,0.355,0.355,
06/30/2000,1670.0,1532.0,,,0.0,0.0,138.0,-605.0,605.0,605.0,,0.0,,,,1065.0,-718.0,308.0,266.0,144.0,308.0,347.0,-38.0,,,,,64.0,64.0,,,-26.0,309.0,-101.0,208.0,0.0,,,208.0,0.0,208.0,-4.0,,204.0,204.0,,340.0,0.6,0.6,0.6,342.0,0.6,0.6,0.6,
09/30/2000,2087.0,2087.0,,,0.0,0.0,0.0,-845.0,845.0,845.0,,0.0,,,,1242.0,-731.0,314.0,237.0,180.0,314.0,511.0,-28.0,,,,,74.0,74.0,,,-46.0,483.0,-165.0,318.0,0.0,,,318.0,0.0,318.0,-4.0,0.0,314.0,314.0,,340.0,0.925,0.925,0.925,341.0,0.92,0.92,0.92,
12/31/2000,1857.0,1297.0,,,0.0,0.0,560.0,-876.0,876.0,876.0,,0.0,,,,981.0,-769.0,,270.0,149.0,350.0,212.0,-131.0,,,,,78.0,78.0,,,53.0,81.0,-13.0,68.0,0.0,,,68.0,0.0,68.0,-3.0,,65.0,65.0,,338.0,0.195,0.195,0.315,338.0,0.19,0.19,0.315,
03/31/2001,1941.0,1647.0,,,0.0,0.0,294.0,-951.0,951.0,951.0,,0.0,,,,990.0,-719.0,310.0,240.0,169.0,310.0,271.0,-101.0,,,,,85.0,85.0,,,16.0,170.0,-56.0,114.0,0.0,,,114.0,0.0,114.0,-4.0,0.0,110.0,110.0,,337.0,0.325,0.325,0.38,337.4,0.325,0.325,0.38,
06/30/2001,2166.0,1935.0,,,0.0,0.0,231.0,-1054.0,1054.0,1054.0,,0.0,,,,1112.0,-732.0,313.0,245.0,174.0,313.0,380.0,-48.0,,,,,82.0,82.0,,,-34.0,332.0,-109.0,223.0,0.0,,,223.0,0.0,223.0,-4.0,0.0,219.0,219.0,,337.4,0.65,0.65,0.635,337.6,0.65,0.65,0.635,
09/30/2001,2490.0,2490.0,,,,,,-1200.0,1200.0,1200.0,,,,,,1290.0,-747.0,,246.0,195.0,306.0,543.0,-40.0,,,,,83.0,83.0,,,-43.0,503.0,-165.0,338.0,,,,338.0,,338.0,-4.0,,334.0,334.0,,337.6,0.99,0.99,0.99,338.0,0.99,0.99,0.99,
12/31/2001,1839.0,1102.0,,,0.0,0.0,737.0,-783.0,783.0,783.0,,0.0,,,,1056.0,-820.0,,252.0,172.0,396.0,236.0,-66.0,,,,,74.0,74.0,,,-8.0,170.0,-49.0,121.0,0.0,,,121.0,0.0,121.0,-3.0,0.0,118.0,118.0,,338.0,0.35,0.35,0.34,338.0,0.35,0.35,0.34,
03/31/2002,1771.0,1771.0,,,,,,-732.0,732.0,732.0,,,,,,1039.0,-783.0,346.0,264.0,173.0,,256.0,-67.0,,,,,80.0,80.0,,,-13.0,189.0,-19.0,170.0,222.0,,,-52.0,,-52.0,-4.0,,-56.0,-56.0,,338.2,-0.165,0.49,0.49,338.6,-0.165,0.49,0.49,
06/30/2002,2128.0,2128.0,,,,,,-969.0,969.0,969.0,,,,,,1159.0,-750.0,,230.0,185.0,335.0,409.0,-32.0,,,,,79.0,79.0,,,-47.0,377.0,-123.0,254.0,,,,254.0,,254.0,-4.0,,250.0,250.0,,341.2,0.73,0.73,0.73,342.2,0.73,0.73,0.73,
09/30/2002,2302.0,2144.0,,,0.0,0.0,158.0,-1082.0,1082.0,1082.0,,0.0,,,,1220.0,-698.0,,225.0,199.0,274.0,522.0,-311.0,,,0.0,,74.0,74.0,0.0,0.0,237.0,211.0,-57.0,154.0,0.0,,,154.0,0.0,154.0,-4.0,,150.0,150.0,,351.4,0.425,0.425,0.895,351.8,0.425,0.425,0.895,
12/31/2002,2042.0,1775.0,,,0.0,0.0,267.0,-736.0,736.0,736.0,0.0,0.0,,,,1306.0,-1058.0,0.0,233.0,164.0,661.0,248.0,-71.0,,,0.0,,78.0,78.0,0.0,0.0,-7.0,177.0,-45.0,132.0,0.0,,,132.0,0.0,132.0,-3.0,0.0,129.0,129.0,,354.0,0.365,0.365,0.375,354.0,0.365,0.365,0.375,
03/31/2003,2082.0,2082.0,,,,,,-944.0,944.0,944.0,,,,,,1138.0,-844.0,,259.0,192.0,393.0,294.0,-37.0,,,,,77.0,77.0,,,-40.0,257.0,-78.0,179.0,,,,179.0,,179.0,-4.0,,175.0,175.0,,353.6,0.495,0.495,0.495,354.2,0.495,0.495,0.495,
06/30/2003,2339.0,2339.0,,,,,,-1063.0,1063.0,1063.0,,,,,,1276.0,-863.0,,267.0,205.0,391.0,413.0,-59.0,,,3.0,,84.0,84.0,,,-22.0,354.0,-111.0,243.0,,,,243.0,,243.0,-4.0,,239.0,239.0,,354.6,0.675,0.675,0.675,356.2,0.67,0.67,0.67,
09/30/2003,2775.0,2775.0,,,,,,-1318.0,1318.0,1318.0,,,,,,1457.0,-892.0,,282.0,227.0,383.0,565.0,-67.0,,,4.0,,106.0,106.0,,,-35.0,498.0,-160.0,338.0,3.0,,,335.0,,335.0,-4.0,,331.0,331.0,,355.6,0.93,0.94,0.94,356.6,0.93,0.94,0.94,
12/31/2003,2435.0,2100.0,,,0.0,0.0,335.0,-804.0,804.0,804.0,0.0,0.0,,,,1631.0,-1371.0,0.0,297.0,205.0,869.0,260.0,-95.0,,,0.0,,112.0,112.0,0.0,0.0,-17.0,165.0,-19.0,146.0,0.0,,,146.0,0.0,146.0,-1.0,0.0,145.0,145.0,,358.0,0.405,0.405,0.37,358.0,0.405,0.405,0.37,
03/31/2004,2331.0,1942.0,,,0.0,0.0,389.0,-1159.0,1159.0,1159.0,,0.0,,,,1172.0,-911.0,,301.0,212.0,398.0,261.0,-95.0,,,0.0,,122.0,122.0,0.0,0.0,-27.0,166.0,-28.0,138.0,0.0,,,138.0,0.0,138.0,0.0,,138.0,138.0,,356.8,0.39,0.39,0.395,359.2,0.385,0.385,0.39,
06/30/2004,2619.0,2172.0,,,0.0,0.0,447.0,-1243.0,1243.0,1243.0,,0.0,,,,1376.0,-942.0,,298.0,214.0,430.0,434.0,-82.0,,,0.0,,124.0,124.0,0.0,0.0,-42.0,352.0,-95.0,257.0,0.0,,,257.0,0.0,257.0,0.0,0.0,257.0,257.0,,358.2,0.715,0.715,0.7,359.8,0.715,0.715,0.7,
09/30/2004,2983.0,2485.0,,,0.0,0.0,498.0,-1488.0,1488.0,1488.0,,0.0,,,,1495.0,-972.0,,298.0,239.0,435.0,523.0,-60.0,,,0.0,,122.0,122.0,0.0,0.0,-62.0,463.0,-143.0,320.0,0.0,,,320.0,0.0,320.0,0.0,,320.0,320.0,,359.2,0.89,0.89,0.91,362.2,0.88,0.88,0.895,
12/31/2004,3923.0,3923.0,,,0.0,0.0,,-1327.0,1327.0,1327.0,0.0,0.0,,,,2596.0,-927.0,,301.0,217.0,409.0,335.0,-162.0,,,37.0,,121.0,121.0,0.0,0.0,78.0,173.0,-1.0,172.0,0.0,,,172.0,0.0,172.0,0.0,,172.0,172.0,,366.0,0.48,0.48,0.65,366.0,0.47,0.47,0.65,
03/31/2005,2437.0,2041.0,,,0.0,0.0,396.0,-1238.0,1238.0,1238.0,,,,,,1199.0,-965.0,,326.0,224.0,415.0,234.0,-75.0,,,0.0,,128.0,138.0,-10.0,0.0,-53.0,159.0,-22.0,137.0,0.0,,,137.0,0.0,137.0,0.0,0.0,137.0,137.0,,370.7,0.37,0.37,0.45,376.7,0.36,0.36,0.44,
06/30/2005,2741.0,2298.0,,,0.0,0.0,443.0,-1393.0,1393.0,1393.0,,,,,,1348.0,-1028.0,,358.0,233.0,437.0,320.0,-63.0,,,12.0,,140.0,140.0,0.0,0.0,-65.0,257.0,-54.0,203.0,0.0,,,203.0,0.0,203.0,0.0,0.0,203.0,203.0,,381.4,0.53,0.53,0.67,386.3,0.52,0.52,0.66,
09/30/2005,3504.0,2891.0,,,0.0,0.0,613.0,-1826.0,1826.0,1826.0,,,,,,1678.0,-1119.0,,387.0,263.0,469.0,559.0,-67.0,,,2.0,,150.0,150.0,0.0,0.0,-81.0,492.0,-153.0,339.0,0.0,,,339.0,0.0,339.0,0.0,0.0,339.0,339.0,,383.8,0.88,0.88,1.03,389.8,0.87,0.87,1.01,
12/31/2005,3164.0,2298.0,,,0.0,0.0,866.0,-1714.0,1714.0,1714.0,,0.0,,,,1450.0,-1073.0,,369.0,211.0,493.0,377.0,-102.0,,,14.0,,175.0,165.0,,0.0,-59.0,275.0,-53.0,222.0,0.0,,,222.0,0.0,222.0,0.0,0.0,222.0,222.0,,380.1,0.58,0.58,0.5,385.7,0.58,0.58,0.5,
03/31/2006,3584.0,2584.0,,,0.0,0.0,1000.0,-2053.0,2053.0,2053.0,,0.0,,,,1531.0,-1053.0,,318.0,266.0,469.0,478.0,-150.0,,,4.0,8.0,169.0,169.0,0.0,0.0,-7.0,328.0,-77.0,251.0,0.0,,,251.0,0.0,251.0,0.0,0.0,251.0,251.0,,389.2,0.64,0.64,0.59,392.9,0.64,0.64,0.59,
06/30/2006,3809.0,2999.0,,,0.0,0.0,810.0,-2174.0,2174.0,2174.0,,0.0,,,,1635.0,-1194.0,,331.0,285.0,578.0,441.0,-130.0,,,5.0,,178.0,178.0,0.0,0.0,-43.0,311.0,-75.0,236.0,0.0,,,236.0,0.0,236.0,0.0,0.0,236.0,236.0,,394.3,0.6,0.6,0.6,396.7,0.6,0.6,0.6,
09/30/2006,4694.0,3513.0,,,0.0,0.0,1181.0,-2656.0,2656.0,2656.0,,0.0,,,,2038.0,-1155.0,,341.0,313.0,501.0,883.0,-159.0,,,6.0,,179.0,179.0,0.0,0.0,-14.0,724.0,-231.0,1013.0,0.0,,,493.0,0.0,1013.0,0.0,0.0,1013.0,1013.0,,394.9,1.33,1.33,1.16,397.6,1.32,1.32,1.15,
12/31/2006,3623.0,2892.0,,,0.0,0.0,731.0,-2060.0,2060.0,2060.0,,0.0,,,,1563.0,-1138.0,,346.0,268.0,524.0,425.0,-140.0,,,6.0,24.0,180.0,180.0,0.0,0.0,-10.0,1681.0,-14.0,271.0,0.0,,,1667.0,0.0,271.0,0.0,0.0,271.0,271.0,,395.6,0.685035,0.685035,0.685035,398.8,0.679539,0.679539,0.679539,
03/31/2007,3075.0,2448.0,,,0.0,0.0,627.0,-1672.0,1672.0,1672.0,,0.0,,,,1403.0,-1105.0,,318.0,271.0,516.0,298.0,-152.0,,,8.0,15.0,180.0,180.0,0.0,0.0,-5.0,146.0,-6.0,140.0,0.0,,,140.0,0.0,150.0,0.0,0.0,150.0,150.0,,396.8,0.38,0.38,0.7,399.7,0.38,0.38,0.7,
06/30/2007,3929.0,2905.0,,,0.0,0.0,1024.0,-2106.0,2106.0,2106.0,,0.0,,,,1823.0,-1159.0,,327.0,271.0,561.0,664.0,-170.0,,,5.0,,178.0,178.0,0.0,0.0,-3.0,494.0,-127.0,367.0,0.0,,,367.0,0.0,405.0,0.0,0.0,405.0,405.0,,397.6,1.02,1.02,0.87,400.4,1.01,1.01,0.86,
09/30/2007,4575.0,3445.0,,,0.0,0.0,1130.0,-2443.0,2443.0,2443.0,,0.0,,,,2132.0,-1232.0,,329.0,321.0,582.0,900.0,-168.0,,,4.0,,194.0,194.0,0.0,0.0,-22.0,732.0,-227.0,1088.0,0.0,,,505.0,0.0,1088.0,0.0,0.0,1088.0,1088.0,,398.1,1.34,1.34,1.24,400.9,1.33,1.33,1.23,
12/31/2007,3683.0,2824.0,,,0.0,0.0,859.0,-1971.0,1971.0,1971.0,,0.0,,,,1712.0,-1287.0,,361.0,271.0,655.0,425.0,-193.0,,,5.0,27.0,210.0,210.0,0.0,0.0,15.0,232.0,-8.0,224.0,0.0,,,224.0,0.0,224.0,0.0,0.0,224.0,224.0,,398.3,0.562,0.562,0.71,401.4,0.562,0.562,0.71,
03/31/2008,3434.0,2534.0,,,0.0,0.0,900.0,-1726.0,1726.0,1726.0,,0.0,,,,1708.0,-1265.0,,344.0,279.0,642.0,443.0,-164.0,,,5.0,15.0,199.0,199.0,0.0,0.0,-15.0,279.0,-30.0,249.0,0.0,,,249.0,0.0,249.0,0.0,0.0,249.0,249.0,,399.1,0.62,0.62,0.76,402.0,0.62,0.62,0.76,
06/30/2008,3585.0,2871.0,,,0.0,0.0,714.0,-1964.0,1964.0,1964.0,,0.0,,,,1621.0,-1308.0,,359.0,298.0,651.0,313.0,-153.0,,,8.0,21.0,195.0,195.0,0.0,0.0,-13.0,160.0,49.0,209.0,0.0,,,209.0,0.0,209.0,0.0,0.0,209.0,209.0,,399.8,0.52,0.52,0.93,402.6,0.52,0.52,0.93,
09/30/2008,5387.0,3423.0,1916.0,,0.0,0.0,1964.0,-2728.0,2728.0,2728.0,,0.0,,,,2659.0,-1343.0,,368.0,342.0,633.0,1316.0,-181.0,,,9.0,13.0,203.0,203.0,0.0,0.0,0.0,1135.0,-361.0,774.0,0.0,,,774.0,0.0,774.0,0.0,0.0,774.0,774.0,,400.4,1.93,1.93,1.26,403.0,1.92,1.92,1.25,
12/31/2008,4003.0,2820.0,,,0.0,0.0,1183.0,-1994.0,1994.0,1994.0,,0.0,,,,2009.0,-1257.0,,371.0,285.0,601.0,752.0,-236.0,,,13.0,22.0,216.0,216.0,0.0,0.0,55.0,516.0,-108.0,408.0,0.0,,,408.0,0.0,408.0,0.0,0.0,408.0,408.0,,403.0,1.01,1.01,0.9,403.0,1.01,1.01,0.9,
03/31/2009,3705.0,3662.0,2573.0,1089.0,0.0,0.0,43.0,-1811.0,1811.0,1811.0,,0.0,,,0.0,1894.0,-1318.0,,409.0,284.0,625.0,576.0,-193.0,169.0,-42.0,15.0,27.0,211.0,211.0,,,24.0,383.0,-19.0,364.0,0.0,0.0,0.0,364.0,0.0,364.0,0.0,0.0,364.0,357.0,-7.0,402.3,0.9,0.9,0.887397,404.8,0.9,0.9,0.882708,
06/30/2009,3811.0,3775.0,2864.0,911.0,0.0,0.0,36.0,-1797.0,1797.0,1797.0,,0.0,,,0.0,2014.0,-1409.0,,435.0,302.0,672.0,605.0,-164.0,183.0,-32.0,15.0,17.0,215.0,215.0,,,-19.0,441.0,-71.0,370.0,0.0,0.0,0.0,370.0,0.0,370.0,0.0,0.0,370.0,399.0,29.0,403.7,0.92,0.92,0.988358,406.4,0.91,0.91,0.981358,
09/30/2009,4473.0,4437.0,3301.0,1136.0,0.0,0.0,36.0,-2164.0,2164.0,2164.0,,0.0,,,0.0,2309.0,-1460.0,,433.0,345.0,682.0,849.0,-134.0,174.0,-30.0,15.0,15.0,204.0,204.0,,,-40.0,715.0,-182.0,533.0,0.0,0.0,0.0,533.0,0.0,533.0,0.0,0.0,533.0,550.0,17.0,405.1,1.32,1.32,1.357689,408.0,1.31,1.31,1.351667,
12/31/2009,3656.0,3615.0,2753.0,862.0,0.0,0.0,41.0,-1632.0,1632.0,1632.0,,0.0,,,0.0,2024.0,-1467.0,,488.0,302.0,677.0,557.0,-153.0,191.0,-27.0,7.0,20.0,218.0,218.0,,,-38.0,404.0,-55.0,349.0,0.0,0.0,0.0,349.0,0.0,349.0,0.0,0.0,349.0,323.0,-26.0,410.0,0.85,0.85,0.787805,410.0,0.85,0.85,0.786585,
03/31/2010,3622.0,3575.0,2328.0,1247.0,0.0,0.0,47.0,-1349.0,1349.0,1349.0,,0.0,,,0.0,2273.0,-1334.0,,414.0,261.0,659.0,939.0,-169.0,213.0,-25.0,7.0,18.0,238.0,238.0,,,-44.0,770.0,-214.0,556.0,0.0,0.0,0.0,556.0,0.0,556.0,0.0,0.0,556.0,307.0,-249.0,407.5,1.36,1.36,0.753374,410.1,1.36,1.36,0.752831,
06/30/2010,3591.0,3545.0,2580.0,965.0,0.0,0.0,46.0,-1455.0,1455.0,1455.0,,0.0,,,0.0,2136.0,-1427.0,,386.0,289.0,752.0,709.0,-215.0,210.0,-37.0,9.0,28.0,247.0,247.0,,,5.0,494.0,-77.0,417.0,0.0,0.0,0.0,417.0,0.0,417.0,0.0,0.0,417.0,419.0,2.0,408.9,1.02,1.02,1.0247,411.4,1.01,1.01,1.014861,
09/30/2010,4691.0,4644.0,3116.0,1528.0,0.0,0.0,47.0,-1991.0,1991.0,1991.0,,0.0,,,0.0,2700.0,-1575.0,,531.0,332.0,712.0,1125.0,-165.0,215.0,-32.0,10.0,22.0,247.0,247.0,,,-50.0,960.0,-240.0,720.0,0.0,0.0,0.0,720.0,0.0,720.0,0.0,0.0,720.0,546.0,-174.0,410.9,1.75,1.75,1.32879,413.7,1.74,1.74,1.319405,
12/31/2010,3413.0,3358.0,2461.0,897.0,0.0,0.0,55.0,-1447.0,1447.0,1447.0,,0.0,,,0.0,1966.0,-1497.0,,477.0,266.0,754.0,469.0,-205.0,213.0,-33.0,11.0,22.0,246.0,246.0,,,-8.0,264.0,-1.0,263.0,0.0,0.0,0.0,263.0,0.0,263.0,0.0,0.0,263.0,314.0,51.0,417.0,0.63,0.63,0.752998,417.0,0.63,0.63,0.752302,
03/31/2011,3134.0,3079.0,2246.0,833.0,0.0,0.0,55.0,-1404.0,1404.0,1404.0,,0.0,,,0.0,1730.0,-1302.0,,331.0,278.0,693.0,428.0,-192.0,221.0,-33.0,12.0,21.0,254.0,254.0,,,-29.0,236.0,32.0,268.0,0.0,0.0,0.0,268.0,0.0,268.0,0.0,0.0,268.0,377.0,109.0,415.8,0.64,0.64,0.906686,418.4,0.64,0.64,0.900516,
06/30/2011,3961.0,3906.0,2801.0,1105.0,0.0,0.0,55.0,-1557.0,1557.0,1557.0,,0.0,,,0.0,2404.0,-1497.0,,408.0,267.0,822.0,907.0,-180.0,230.0,-26.0,10.0,16.0,256.0,256.0,,,-50.0,727.0,-147.0,580.0,0.0,0.0,0.0,580.0,,580.0,0.0,0.0,580.0,532.193,-47.807,416.9,1.39,1.39,1.276548,419.3,1.38,1.38,1.265984,
09/30/2011,4382.0,4324.0,3152.0,1172.0,0.0,0.0,58.0,-1911.0,1911.0,1911.0,,0.0,,,0.0,2471.0,-1560.0,,496.0,316.0,748.0,911.0,-346.0,237.0,-28.0,7.0,21.0,265.0,265.0,,,109.0,565.0,-158.0,407.0,0.0,0.0,0.0,407.0,,407.0,0.0,0.0,407.0,549.95,142.95,417.4,0.98,0.98,1.317561,419.8,0.97,0.97,1.310519,
12/31/2011,3864.0,3806.0,2414.0,1392.0,0.0,0.0,58.0,-1383.0,1383.0,1383.0,,0.0,,,0.0,2481.0,-1395.0,,331.0,274.0,790.0,1086.0,-163.0,230.0,-30.0,10.0,20.0,260.0,260.0,,,-67.0,923.0,-256.0,667.0,0.0,0.0,0.0,667.0,0.0,667.0,0.0,0.0,667.0,388.46,-278.54,419.0,1.59,1.59,0.927112,419.0,1.59,1.59,0.925227,
03/31/2012,3371.0,3314.0,2224.0,1090.0,0.0,0.0,57.0,-1182.0,1182.0,1182.0,,0.0,,,0.0,2189.0,-1386.0,,320.0,291.0,775.0,803.0,-185.0,232.0,-33.0,13.0,20.0,265.0,265.0,,,-47.0,618.0,-157.0,461.0,0.0,0.0,0.0,461.0,0.0,461.0,0.0,0.0,461.0,425.677,-35.323,412.3,1.12,1.12,1.032445,414.7,1.11,1.11,1.032445,
06/30/2012,3667.0,3610.0,2580.0,1030.0,0.0,0.0,57.0,-1236.0,1236.0,1236.0,,0.0,,,0.0,2431.0,-1431.0,,335.0,301.0,795.0,1000.0,-150.0,230.0,-40.0,18.0,22.0,270.0,270.0,,,-80.0,850.0,-243.0,607.0,0.0,0.0,0.0,607.0,0.0,607.0,0.0,0.0,607.0,472.42,-134.58,415.0,1.46,1.46,1.138361,417.2,1.45,1.45,1.127421,
09/30/2012,3843.0,3783.0,2975.0,808.0,0.0,0.0,60.0,-1526.0,1526.0,1526.0,,0.0,,,0.0,2317.0,-1575.0,,467.0,332.0,776.0,742.0,-173.0,218.0,-41.0,21.0,20.0,259.0,259.0,,,-45.0,569.0,-154.0,415.0,0.0,0.0,0.0,415.0,0.0,415.0,0.0,0.0,415.0,349.0,-66.0,419.3,0.99,0.99,0.83234,421.7,0.98,0.98,0.823491,
12/31/2012,3375.0,3302.0,2336.0,966.0,0.0,0.0,73.0,-1177.0,1177.0,1177.0,,0.0,,,0.0,2198.0,-1466.0,,397.0,261.0,808.0,732.0,-165.0,205.0,-38.0,14.0,24.0,243.0,243.0,,,-40.0,567.0,-138.0,429.0,0.0,0.0,0.0,429.0,,429.0,0.0,0.0,429.0,403.0,-26.0,423.0,1.02,1.02,0.952719,423.0,1.02,1.02,0.952719,
03/31/2013,3279.0,3204.0,2188.0,1016.0,0.0,0.0,75.0,-1065.0,1065.0,1065.0,,0.0,,,0.0,2214.0,-1780.0,,419.0,305.0,1056.0,434.0,-249.0,227.0,-45.0,26.0,19.0,272.0,272.0,,,22.0,185.0,-144.0,41.0,-231.0,-231.0,0.0,272.0,0.0,272.0,0.0,0.0,272.0,73.2,32.2,421.0,0.65,0.1,0.173872,423.7,0.64,0.1,0.173872,
06/30/2013,3833.0,3742.0,2696.0,1046.0,0.0,0.0,91.0,-1262.0,1262.0,1262.0,,0.0,,,0.0,2571.0,-1590.0,,500.0,326.0,764.0,981.0,-160.0,235.0,-31.0,12.0,19.0,266.0,266.0,,,-75.0,821.0,-211.0,610.0,0.0,0.0,0.0,610.0,,610.0,0.0,0.0,610.0,611.0,1.0,421.8,1.45,1.45,1.448554,424.8,1.44,1.44,1.442354,
09/30/2013,4394.0,4301.0,3020.0,1281.0,0.0,0.0,93.0,-1438.0,1438.0,1438.0,,0.0,,,0.0,2956.0,-1771.0,,605.0,348.0,818.0,1185.0,-190.0,256.0,-32.0,12.0,20.0,288.0,288.0,,,-66.0,995.0,-297.0,698.0,0.0,0.0,0.0,698.0,,698.0,0.0,0.0,698.0,587.0,-111.0,423.8,1.65,1.65,1.385087,426.8,1.64,1.64,1.379925,
12/31/2013,3630.0,3531.0,2541.0,990.0,0.0,0.0,99.0,-1192.0,1192.0,1192.0,,0.0,,,0.0,2438.0,-1797.0,,640.0,301.0,856.0,641.0,-189.0,263.0,-33.0,13.0,20.0,296.0,296.0,,,-74.0,452.0,-125.0,327.0,0.0,0.0,0.0,327.0,,327.0,0.0,0.0,327.0,400.0,73.0,434.0,0.75,0.75,0.921659,434.0,0.75,0.75,0.918203,
03/31/2014,3674.0,3569.0,2535.0,1034.0,0.0,0.0,105.0,-1397.0,1397.0,1397.0,,0.0,,,0.0,2277.0,-1539.0,,463.0,320.0,756.0,738.0,-155.0,282.0,-37.0,15.0,22.0,319.0,319.0,,,-127.0,583.0,-153.0,430.0,0.0,0.0,0.0,430.0,,430.0,0.0,0.0,430.0,513.0,83.0,433.5,0.99,0.99,1.183391,438.2,0.98,0.98,1.183391,
06/30/2014,4029.0,3925.0,2889.0,1036.0,0.0,0.0,104.0,-1373.0,1373.0,1373.0,,0.0,,,0.0,2656.0,-1705.0,,614.0,323.0,768.0,951.0,-167.0,278.0,-27.0,6.0,21.0,305.0,305.0,,,-111.0,784.0,-292.0,492.0,0.0,0.0,0.0,492.0,,492.0,0.0,0.0,492.0,597.0,105.0,434.1,1.13,1.13,1.375259,440.1,1.12,1.12,1.358582,
09/30/2014,4654.0,4557.0,3315.0,1242.0,0.0,0.0,97.0,-1566.0,1566.0,1566.0,,0.0,,,0.0,3088.0,-1925.0,,782.0,371.0,772.0,1163.0,-220.0,291.0,-25.0,7.0,18.0,316.0,316.0,,,-71.0,943.0,-279.0,664.0,0.0,0.0,0.0,664.0,-4.0,660.0,0.0,0.0,660.0,676.0,16.0,434.5,1.52,1.52,1.555811,440.5,1.5,1.5,1.536322,
12/31/2014,4664.0,4562.0,2682.0,1880.0,0.0,0.0,102.0,-1265.0,1265.0,1265.0,,0.0,,,0.0,3399.0,-1867.0,,692.0,316.0,859.0,1532.0,-195.0,291.0,-29.0,9.0,20.0,320.0,320.0,,,-96.0,1337.0,-453.0,884.0,0.0,0.0,0.0,884.0,,884.0,0.0,0.0,884.0,469.0,-415.0,442.0,2.0,2.0,1.061086,442.0,2.0,2.0,1.061086,
03/31/2015,4104.0,4003.0,2541.0,1462.0,0.0,0.0,101.0,-1363.0,1363.0,1363.0,,0.0,0.0,0.0,0.0,2741.0,-1612.0,,547.0,326.0,739.0,1129.0,-193.0,289.0,-32.0,11.0,21.0,321.0,321.0,,,-96.0,936.0,-286.0,650.0,0.0,0.0,0.0,650.0,0.0,650.0,0.0,0.0,650.0,609.0,-41.0,442.3,1.47,1.47,1.376894,448.8,1.45,1.45,1.358645,
06/30/2015,4358.0,4263.0,2996.0,1267.0,0.0,0.0,95.0,-1316.0,1316.0,1316.0,,0.0,,,0.0,3042.0,-1896.0,,737.0,350.0,809.0,1146.0,-152.0,242.0,-38.0,16.0,22.0,280.0,280.0,,,-90.0,994.0,-274.0,720.0,0.0,0.0,0.0,720.0,-4.0,716.0,0.0,0.0,716.0,694.0,-22.0,445.5,1.61,1.61,1.5578,449.2,1.59,1.59,1.541024,
09/30/2015,4954.0,4860.0,3274.0,1586.0,0.0,0.0,94.0,-1472.0,1472.0,1472.0,,0.0,,,0.0,3482.0,-2001.0,,798.0,377.0,826.0,1481.0,-179.0,269.0,-42.0,20.0,22.0,311.0,311.0,,,-90.0,1302.0,-421.0,881.0,0.0,0.0,0.0,881.0,-2.0,879.0,0.0,0.0,879.0,743.0,-136.0,454.1,1.94,1.94,1.636203,456.0,1.93,1.93,1.631754,
12/31/2015,4069.0,3968.0,2839.0,1129.0,0.0,0.0,101.0,-1176.0,1176.0,1176.0,,0.0,,,0.0,2893.0,-2017.0,,750.0,345.0,922.0,876.0,-119.0,255.0,-44.0,23.0,21.0,299.0,299.0,,,-136.0,757.0,-247.0,510.0,0.0,0.0,0.0,510.0,-3.0,507.0,0.0,0.0,507.0,499.0,-8.0,462.0,1.1,1.1,1.080087,462.0,1.1,1.1,1.080087,
03/31/2016,3835.0,3744.0,2303.0,1441.0,0.0,0.0,91.0,-928.0,928.0,928.0,,0.0,0.0,0.0,0.0,2907.0,-1673.0,,537.0,333.0,803.0,1234.0,-338.0,466.0,-43.0,25.0,18.0,509.0,509.0,,,-128.0,896.0,-242.0,654.0,0.0,0.0,0.0,654.0,-1.0,653.0,0.0,0.0,653.0,722.25,69.25,460.5,1.42,1.42,1.568404,463.4,1.41,1.41,1.559439,
06/30/2016,3817.0,3720.0,2750.0,970.0,0.0,0.0,97.0,-960.0,960.0,960.0,,0.0,,,0.0,2857.0,-1688.0,,742.0,355.0,591.0,1169.0,-406.0,565.0,-37.0,17.0,20.0,602.0,602.0,,,-159.0,763.0,-219.0,544.0,0.0,0.0,0.0,544.0,-4.0,540.0,0.0,0.0,540.0,779.0,239.0,461.3,1.17,1.17,1.688706,464.6,1.16,1.16,1.674421,
09/30/2016,4805.0,4713.0,3283.0,1430.0,0.0,0.0,92.0,-1217.0,1217.0,1217.0,,0.0,,,0.0,3588.0,-2309.0,,983.0,374.0,952.0,1279.0,-72.0,326.0,-43.0,20.0,23.0,369.0,369.0,,,-254.0,1207.0,-418.0,789.0,0.0,0.0,0.0,789.0,-36.0,753.0,0.0,0.0,753.0,803.9089,50.9089,463.3,1.63,1.63,1.73518,466.0,1.62,1.62,1.729247,
12/31/2016,3699.0,3610.0,2558.0,1052.0,0.0,0.0,89.0,-936.0,936.0,936.0,,0.0,,,0.0,2763.0,-1837.0,,815.0,290.0,732.0,926.0,595.0,-45.0,-45.0,24.0,21.0,,,,,-550.0,1521.0,-504.0,1017.0,0.0,0.0,0.0,1017.0,-51.0,966.0,0.0,0.0,966.0,607.1,-358.9,469.0,2.06,2.06,1.294456,469.0,2.06,2.06,1.294456,
03/31/2017,3972.0,3951.0,2527.0,1424.0,0.0,0.0,21.0,-899.0,899.0,899.0,,,,,0.0,3073.0,-711.0,,619.0,354.0,-262.0,2362.0,-96.0,319.0,-41.0,22.0,19.0,360.0,360.0,,,-223.0,2266.0,-675.0,1591.0,0.0,0.0,0.0,1591.0,-8.0,1583.0,0.0,0.0,1583.0,790.75,-792.25,467.5,3.39,3.39,1.691444,470.2,3.37,3.37,1.685079,
06/30/2017,4404.0,4386.0,3091.0,1295.0,0.0,0.0,18.0,-1018.0,1018.0,1018.0,,0.0,0.0,0.0,0.0,3386.0,-2110.0,,886.0,377.0,847.0,1276.0,-183.0,386.0,-44.0,25.0,19.0,430.0,430.0,,,-203.0,1093.0,-289.0,804.0,0.0,0.0,0.0,804.0,-11.0,793.0,0.0,0.0,793.0,877.1,84.1,467.9,1.69,1.69,1.874546,471.7,1.68,1.68,1.858291,
09/30/2017,4808.0,4810.0,3477.0,1333.0,0.0,0.0,-2.0,-1176.0,1176.0,1176.0,,0.0,0.0,0.0,0.0,3632.0,-2233.0,,1070.0,397.0,766.0,1399.0,-179.0,340.0,-41.0,21.0,20.0,381.0,381.0,,,-161.0,1220.0,-364.0,856.0,0.0,0.0,0.0,856.0,-9.0,847.0,0.0,0.0,847.0,861.255,14.255,469.4,1.8,1.8,1.8348,473.5,1.79,1.79,1.820106,
12/31/2017,4004.0,4005.0,2877.0,1128.0,0.0,0.0,-1.0,-979.0,979.0,979.0,,0.0,0.0,0.0,0.0,3025.0,-2839.0,,,358.0,2481.0,186.0,-102.0,341.0,-46.0,24.0,22.0,387.0,387.0,,,-239.0,84.0,1988.0,2072.0,0.0,0.0,0.0,2072.0,86.0,2158.0,0.0,0.0,2158.0,550.1,-1607.9,474.0,4.55,4.55,1.160549,474.0,4.55,4.55,1.157806,
03/31/2018,3863.0,3867.0,2620.0,1247.0,0.0,0.0,-4.0,-819.0,819.0,819.0,,,,,0.0,3044.0,-1997.0,,857.0,379.0,761.0,1047.0,4033.0,186.0,-40.0,22.0,18.0,226.0,226.0,,,-4219.0,5080.0,-1249.0,3831.0,0.0,0.0,0.0,3831.0,597.0,4428.0,0.0,0.0,4428.0,880.72,-3547.28,470.7,9.41,9.41,1.871086,474.3,9.32,9.32,1.84102,
06/30/2018,4063.0,4064.0,2908.0,1156.0,,0.0,-1.0,-894.0,894.0,894.0,,,,,0.0,3169.0,-2023.0,,831.0,371.0,821.0,1146.0,-233.0,362.0,-32.0,22.0,10.0,394.0,394.0,,,-129.0,913.0,-226.0,687.0,0.0,0.0,0.0,687.0,94.0,781.0,0.0,0.0,781.0,1101.97,320.97,471.1,1.66,1.66,2.339142,475.2,1.61,1.61,2.285442,
09/30/2018,4416.0,4417.0,3399.0,1018.0,0.0,0.0,-1.0,-1083.0,1083.0,1083.0,,0.0,0.0,0.0,0.0,3333.0,-2365.0,,1132.0,409.0,824.0,968.0,98.0,133.0,-35.0,24.0,11.0,168.0,168.0,,,-231.0,1066.0,-125.0,941.0,0.0,0.0,0.0,941.0,64.0,1005.0,0.0,0.0,1005.0,1008.77,3.77,473.1,2.12,2.12,2.132255,477.4,2.1,2.1,2.107897,
12/31/2018,4390.0,4398.0,2935.0,1463.0,0.0,0.0,-8.0,-936.0,936.0,936.0,,0.0,,,0.0,3454.0,-2347.0,,1091.0,374.0,882.0,1107.0,-818.0,670.0,-39.0,27.0,12.0,709.0,709.0,,,148.0,289.0,25.0,314.0,0.0,0.0,0.0,314.0,108.0,422.0,0.0,0.0,422.0,679.29,257.29,481.0,0.88,0.88,1.412245,481.0,0.88,0.88,1.412245,
03/31/2019,4075.0,4107.0,2946.0,1161.0,,0.0,-32.0,-967.0,967.0,967.0,,,,,0.0,3108.0,-1973.0,,772.0,412.0,789.0,1135.0,-455.0,676.0,-38.0,26.0,12.0,714.0,714.0,,,-221.0,680.0,-74.0,606.0,0.0,0.0,0.0,606.0,74.0,680.0,0.0,0.0,680.0,1021.29,341.29,478.3,1.42,1.42,2.13525,481.8,1.41,1.41,2.118364,
06/30/2019,4970.0,4961.0,3524.0,1437.0,,0.0,9.0,-1074.0,1074.0,1074.0,,,,,0.0,3896.0,-2149.0,,1181.0,416.0,552.0,1747.0,-484.0,576.0,-25.0,12.0,13.0,601.0,601.0,,,-92.0,1263.0,-124.0,1139.0,0.0,0.0,0.0,1139.0,95.0,1234.0,0.0,0.0,1234.0,1133.0,-101.0,478.9,2.58,2.58,2.365838,482.8,2.56,2.56,2.350804,
09/30/2019,5572.0,5550.0,3931.0,1619.0,0.0,0.0,22.0,-1266.0,1266.0,1266.0,,0.0,0.0,0.0,0.0,4306.0,-2713.0,,1295.0,553.0,865.0,1593.0,-737.0,716.0,-30.0,14.0,16.0,746.0,746.0,,,21.0,856.0,-58.0,798.0,0.0,0.0,0.0,798.0,81.0,879.0,0.0,0.0,879.0,1163.0,284.0,481.9,1.82,1.82,2.413364,486.0,1.81,1.81,2.394362,
12/31/2019,4588.0,4616.0,3278.0,1338.0,,0.0,-28.0,-1055.0,1055.0,1055.0,,,,,0.0,3533.0,-2655.0,,969.0,414.0,1272.0,878.0,159.0,159.0,-29.0,16.0,13.0,188.0,188.0,,,-318.0,1037.0,-193.0,844.0,0.0,0.0,0.0,844.0,131.0,975.0,0.0,0.0,975.0,647.66,-327.34,491.0,1.99,1.99,1.319063,491.0,1.99,1.99,1.319063,
03/31/2020,4613.0,4641.0,2868.0,1773.0,,0.0,-28.0,-821.0,821.0,821.0,,,,,0.0,3792.0,-1811.0,,848.0,406.0,557.0,1981.0,-1908.0,1276.0,-35.0,22.0,13.0,1311.0,1311.0,,,632.0,73.0,235.0,308.0,0.0,0.0,0.0,308.0,113.0,421.0,0.0,0.0,421.0,1170.0,749.0,489.3,0.86,0.86,2.391171,492.0,0.86,0.86,2.382358,
06/30/2020,4204.0,4235.0,3158.0,1077.0,,0.0,-31.0,-731.0,731.0,731.0,,,,,0.0,3473.0,-2287.0,,981.0,419.0,887.0,1186.0,128.0,289.0,-31.0,20.0,11.0,320.0,320.0,,,-417.0,1314.0,-185.0,1129.0,0.0,0.0,0.0,1129.0,146.0,1275.0,0.0,0.0,1275.0,1270.0,-5.0,489.7,2.6,2.6,2.593425,492.0,2.59,2.59,2.579837,
09/30/2020,5575.875,,,,,,,,,,,,,,,4329.38814375,,,,,,1750.5,,,,,,,,,,,1511.333,,1299.667,,,,,,1299.667,,,1299.667,1299.667,,,2.592,2.592,2.592,,2.592,2.592,2.592,
12/31/2020,5179.5,,,,,,,,,,,,,,,3609.28278,,,,,,709.18,,,,,,,,,,,951.667,,752.0,,,,,,752.0,,,752.0,752.0,,,1.558,1.558,1.558,,1.558,1.558,1.558,
