Date,Total Interest Income,Total Interest Expense,Net Interest Income,Trading Account Profit,Commissions & Fees Earned,Other Operating Income,Net Revenue,Provisions for Loan Losses,Net Revenue After Provisions,Non-Interest Expense,Operating Income or Losses,Net Non-Operating Losses (Gains),Pretax Income,Income Tax Expense (Benefit),Income Before XO Items,Extraordinary Loss Net of Tax,Minority/Non Controlling Interests (Credits),Net Income/Net Profit (Losses),Total Cash Preferred Dividends,Other Adjustments,Net Inc Avail to Common Shareholders,Abnormal Losses (Gains),Tax Effect on Abnormal Items,Normalized Income,Basic EPS Before Abnormal Items,Basic EPS Before XO Items,Basic Earnings per Share,Basic Weighted Avg Shares,Diluted EPS Before Abnormal Items,Diluted EPS Before XO Items,Diluted EPS,Diluted Weighted Avg Shares,Source: Bloomberg
03/31/1990,45.236253,-28.718691,16.517562,-0.010417,1.146393,0.643192,18.29673,-2.275,16.02173,-10.841164,5.180568,0.0,5.180568,-1.612343,3.568225,0.0,0.0,3.568225,0.0,,3.568225,,,3.568225,,0.088889,0.088889,40.415693,0.088889,0.088889,0.088889,40.415693,
06/30/1990,45.983084,-29.310371,16.672712,0.080055,1.507499,0.369277,18.629543,-2.275,16.354543,-11.570662,4.783883,0.0,4.783883,-1.551496,3.232387,0.0,0.0,3.232387,0.0,,3.232387,,,3.232387,,0.08,0.08,40.306821,0.08,0.08,0.08,40.306821,
09/30/1990,44.411992,-28.626495,15.785497,3.069085,1.516356,0.501021,20.871959,-6.34,14.531958,-11.462192,3.069768,0.0,3.069768,-0.949216,2.120552,0.0,0.0,2.120552,0.0,,2.120552,,,2.120552,,0.053333,0.053333,40.420268,0.053333,0.053333,0.053333,40.420268,
12/31/1990,39.816031,-26.05451,13.761521,-0.058341,1.693728,0.420256,15.817164,-20.392,-4.574836,-16.894159,-21.469009,0.0,-21.469009,9.07064,-12.39837,0.0,0.0,-12.39837,0.0,,-12.39837,,,-12.398369,-0.304444,-0.304444,-0.304444,40.137408,-0.304444,-0.304444,-0.304444,40.137408,
03/31/1991,39.089842,-23.445992,15.643851,1.690869,1.649282,0.6362,19.620202,-6.0,13.620202,-11.38395,2.236251,0.0,2.236251,-1.06817,1.168081,0.0,0.0,1.168081,0.0,,1.168081,,,1.168081,,0.028889,0.028889,41.191491,0.028889,0.028889,0.028889,41.191491,
06/30/1991,36.724961,-21.221476,15.503485,0.625179,1.805612,0.537962,18.472238,-4.4,14.072238,-11.451439,2.6208,0.0,2.6208,-1.019876,1.600924,0.0,0.0,1.600924,0.0,,1.600924,,,1.600924,,0.037778,0.037778,41.698171,0.037778,0.037778,0.037778,41.698171,
09/30/1991,40.247823,-23.298904,16.948918,1.194717,2.217851,0.601583,20.963069,-11.3,9.663069,-16.946068,-7.283,0.0,-7.283,2.737506,-4.545494,0.0,0.0,-4.545494,0.0,,-4.545494,,,-4.545494,,-0.093333,-0.093333,48.476027,-0.093333,-0.093333,-0.093333,48.476027,
12/31/1991,36.305661,-20.243,16.062661,6.003208,2.277433,1.006784,25.350086,-43.099998,-17.749912,-18.3918,-36.141708,0.0,-36.141708,4.292087,-31.849621,0.0,0.0,-31.849621,0.0,,-31.849621,,,-31.849621,-0.72,-0.72,-0.655556,48.584745,-0.72,-0.72,-0.655556,48.584745,
03/31/1992,33.200999,-17.454,15.746999,-1.921,2.355,1.027,17.207999,-8.0,9.207999,-15.193,-5.985,0.0,-5.985,-0.062,-6.047,0.0,0.0,-6.047,0.0,,-6.047,,,-6.047,,-0.124444,-0.124444,48.60216,-0.124444,-0.124444,-0.124444,48.60216,
06/30/1992,34.522,-15.788,18.734,0.197,2.592,3.165,24.688,-5.5,19.188,-18.006001,1.182,0.0,1.182,-0.213,0.969,0.0,0.0,0.969,0.0,,0.969,,,0.969,,0.02,0.02,49.208635,0.02,0.02,0.02,49.208635,
09/30/1992,31.90044,-14.316394,17.584046,9.902848,2.878163,0.820247,31.185304,-4.5,26.685304,-19.185621,7.499683,0.0,7.499683,-1.409301,6.090382,0.0,0.0,6.090382,0.0,,6.090382,,,6.090382,,0.122222,0.122222,49.608893,0.122222,0.122222,0.122222,49.608893,
12/31/1992,31.116561,-12.01961,19.096951,1.257152,2.917837,-1.136247,22.135693,-3.0,19.135693,-17.91238,1.223317,0.0,1.223317,-0.505699,0.717618,0.0,0.0,0.717618,0.0,,0.717618,,,0.717618,0.013333,0.013333,0.013333,53.850015,0.013333,0.013333,0.013333,53.850015,
03/31/1993,47.588001,-18.990999,28.597002,,,6.174,34.771002,-3.75,31.021002,-20.632999,10.388,0.0,10.388,-4.424,5.964,0.0,0.0,5.964,0.0,,5.964,,,5.964,,0.06,0.06,99.400503,0.06,0.06,0.06,99.400503,
06/30/1993,47.498001,-18.364,29.134001,,,4.592,33.726001,-2.7,31.026001,-21.355,9.671,0.0,9.671,-3.57,6.101,0.0,0.0,6.101,0.0,,6.101,,,6.101,,0.057778,0.057778,105.592501,0.057778,0.057778,0.057778,105.592501,
09/30/1993,48.067001,-17.983999,30.083002,,,5.26,35.343002,-2.6,32.743002,-21.674999,11.068,0.0,11.068,-4.494,6.574,0.0,0.0,6.574,0.0,,6.574,,,6.574,,0.06,0.06,109.565998,0.06,0.06,0.06,109.565998,
12/31/1993,48.477001,-17.83,30.647001,,,4.369,35.016001,-1.25,33.766001,-22.27,11.496,0.0,11.496,-4.488,7.008,0.0,0.0,7.008,0.0,,7.008,,,7.008,0.066667,0.066667,0.066667,105.120005,0.066667,0.066667,0.066667,105.120005,
03/31/1994,48.290998,-17.246,31.044998,-0.077,3.831,1.138,35.936998,-1.7,34.236998,-19.784,14.453,0.0,14.453,-5.682,8.771,0.0,0.0,8.771,0.0,,8.771,,,8.771,,0.082222,0.082222,107.212503,0.082222,0.082222,0.082222,107.212503,
06/30/1994,51.124999,-17.941,33.183999,0.023,3.831,0.725,37.762999,-1.2,36.562999,-20.697001,15.866,0.0,15.866,-6.376,9.49,0.0,0.0,9.49,0.0,,9.49,,,9.49,,0.088889,0.088889,106.762502,0.088889,0.088889,0.088889,106.762502,
09/30/1994,52.301999,-18.266001,34.035998,-1.94,3.67,1.111,36.876998,0.375,37.251998,-20.044001,17.208,0.0,17.208,-6.772,10.436,0.0,0.0,10.436,0.0,,10.436,,,10.436,,0.097778,0.097778,106.731002,0.097778,0.097778,0.097778,106.731002,
12/31/1994,52.015001,-17.774,34.241001,-7.217,3.839,0.875,31.738001,-0.75,30.988001,-17.579,13.409,-14.338,-0.929,1.904,0.975,0.0,0.0,0.975,0.0,,0.975,,,0.975,0.008889,0.008889,0.008889,107.990996,0.008889,0.008889,0.008889,107.990996,
03/31/1995,77.32,-30.518999,46.801001,,,5.613,52.414001,-2.85,49.564001,-23.382999,26.181,0.0,26.181,-11.087,15.094,0.0,0.0,15.094,0.0,,15.094,,,15.094,,0.106667,0.106667,141.506996,0.106667,0.106667,0.106667,141.506996,
06/30/1995,81.111,-33.821999,47.289001,,,5.919,53.208002,-2.85,50.358002,-22.853001,27.504999,0.0,27.504999,-11.582,15.923,0.0,0.0,15.923,0.0,,15.923,,,15.922999,,0.111111,0.111111,143.307003,0.111111,0.111111,0.111111,143.307003,
09/30/1995,83.767998,-35.583,48.184998,,,9.113,57.297997,-2.75,54.547997,-21.757999,32.790001,0.0,32.790001,-14.0,18.790001,0.0,0.0,18.790001,0.0,,18.790001,,,18.790001,,0.128889,0.128889,145.786497,0.128889,0.128889,0.128889,145.786497,
12/31/1995,90.292999,-40.474998,49.818001,,,9.099,58.917001,-3.375,55.542001,-24.826,30.716,0.0,30.716,-13.181,17.535,0.0,0.0,17.535,0.0,,17.535,,,17.535,0.12,0.12,0.12,147.289495,0.12,0.12,0.12,147.289495,
03/31/1996,93.115002,-41.761002,51.354,1.397,5.08,1.137,58.968,-1.7,57.268,-24.584,32.683998,0.0,32.683998,-13.961,18.723,0.0,0.0,18.723,0.0,,18.723,0.0,0.0,18.722998,0.128889,0.128889,0.128889,145.264492,0.124444,0.124444,0.124444,147.824993,
06/30/1996,101.177002,-43.073002,58.104,0.109,6.644,1.443,66.3,-1.7,64.6,-28.791,35.808998,0.0,35.808998,-13.974,21.834999,0.0,0.0,21.834999,0.0,,21.834999,0.0,0.0,21.834998,0.151111,0.151111,0.151111,144.495003,0.151111,0.151111,0.151111,146.506496,
09/30/1996,105.798996,-45.842999,59.955997,1.462,6.208,1.365,68.990998,-1.7,67.290998,-29.466,37.825001,-8.35,29.475,-11.68,17.795,0.0,0.0,17.795,0.0,,17.795,8.35,-3.35,22.795001,0.157778,0.124444,0.124444,142.996502,0.157778,0.124444,0.124444,143.194496,
12/31/1996,105.215996,-43.683998,61.531998,-1.09,6.211,1.157,67.809998,-1.7,66.109998,-30.193001,35.917,-21.613001,14.303999,-10.215,4.089,0.0,0.0,4.089,0.0,,4.089,21.613001,,25.702,0.151111,0.026667,0.026667,141.988498,0.151111,0.026667,0.026667,143.712004,
03/31/1997,165.625004,-71.348999,94.276005,0.082,8.973,1.432,104.763004,-1.8,102.963004,-40.264,62.699001,0.0,62.699001,-24.528,38.171001,0.0,-2.192,35.979,0.0,,35.979,0.0,0.0,35.979002,0.173333,0.173333,0.173333,206.567997,0.173333,0.173333,0.173333,209.655001,
06/30/1997,182.538002,-81.814003,100.723999,2.486,9.385,2.095,114.689999,-2.7,111.989999,-37.895,74.095001,0.0,74.095001,-28.32,45.775002,0.0,-2.192,43.583,0.0,,43.583,0.0,0.0,43.583002,0.213333,0.213333,0.213333,207.438749,0.206667,0.206667,0.206667,210.620253,
09/30/1997,188.548996,-86.170998,102.377998,0.056,9.969,2.299,114.701998,-1.8,112.901998,-40.227001,72.675003,0.0,72.675003,-27.426001,45.249001,0.0,-2.192,43.056999,0.0,,43.056999,0.0,0.0,43.057003,0.206667,0.206667,0.206667,206.358742,0.206667,0.206667,0.206667,210.296242,
12/31/1997,187.711998,-87.469002,100.242996,5.783,9.948,6.814,122.787996,-1.8,120.987996,-46.085999,74.902,0.0,74.902,-24.339001,50.563,0.0,-2.659,47.903999,0.0,,47.903999,0.0,0.0,47.904,0.233333,0.233333,0.233333,205.303505,0.226667,0.226667,0.226667,211.340252,
03/31/1998,190.507004,-86.300003,104.207001,-2.517,10.15,3.618,115.458,-12.5,102.958,-50.168999,52.789001,-52.452,0.337002,11.25,11.587,0.0,-4.211,7.376,0.0,,7.376,52.452,,59.828001,0.22,0.033333,0.033333,207.719999,0.22,0.033333,0.033333,211.056753,
06/30/1998,182.367996,-77.853996,104.514,1.718,10.521,2.624,119.377,-1.0,118.377,-35.985001,82.391998,0.0,82.391998,-27.285,55.106998,0.0,-4.211,50.896,0.0,,50.896,0.0,0.0,50.895998,0.24,0.24,0.24,211.973991,0.24,0.24,0.24,213.693008,
09/30/1998,188.110001,-81.735001,106.375,3.116,11.909,2.767,124.167,-1.0,123.167,-37.93,85.237,0.0,85.237,-28.358999,56.877998,0.0,-4.211,52.667,0.0,,52.667,0.0,0.0,52.667,0.246667,0.246667,0.246667,212.716507,0.246667,0.246667,0.246667,214.10099,
12/31/1998,192.114998,-82.567001,109.547997,7.116,10.907,2.389,129.959996,-1.0,128.959996,-37.001999,91.958,0.0,91.958,-30.712,61.245998,0.0,-4.21,57.035999,0.0,,57.035999,0.0,0.0,57.036,0.266667,0.266667,0.266667,211.766991,0.266667,0.266667,0.266667,213.019501,
03/31/1999,193.856,-83.765,110.091,2.703,11.877,2.433,127.104,-1.25,125.854,-43.434,82.42,0.0,82.42,-28.852,53.568,0.0,,53.568,0.0,,53.568,0.0,0.0,53.568,0.253333,0.253333,0.253333,208.9335,0.253333,0.253333,0.253333,210.3075,
06/30/1999,202.367,-88.969,113.398,7.017,12.019,2.647,135.081,-1.25,133.831,-44.055,89.776,0.0,89.776,-31.416,58.36,0.0,,58.36,0.0,,58.36,0.0,0.0,58.36,0.28,0.28,0.28,207.456,0.28,0.28,0.28,208.7745,
09/30/1999,208.221,-94.857,113.364,0.18,12.529,2.808,128.881,-1.25,127.631,-44.354,83.277,0.0,83.277,-29.147,54.13,0.0,,54.13,0.0,,54.13,0.0,0.0,54.13,0.266667,0.266667,0.266667,201.726,0.266667,0.266667,0.266667,202.896,
12/31/1999,240.612,-109.852,130.76,3.678,19.726,-4.074,150.09,-2.25,147.84,-46.896,100.944,0.0,100.944,-34.846,66.098,0.0,-4.21,61.888,0.0,0.0,61.888,0.0,0.0,61.888,0.266667,0.266667,0.266667,234.027,0.266667,0.266667,0.266667,236.1105,
03/31/2000,254.167,-114.837,139.33,0.0,16.902,2.171,158.403,-2.25,156.153,-52.22,103.933,-87.294,16.639,-10.094,6.545,0.0,-4.634,1.911,0.0,0.0,1.911,87.294,-24.661,64.544,0.266667,0.006667,0.006667,243.474,0.266667,0.006667,0.006667,245.0715,
06/30/2000,271.142,-118.176,152.966,11.148,15.166,5.584,184.864,-2.25,182.614,-53.229,129.385,8.092,137.477,-46.318,91.159,0.0,-5.14,86.019,0.0,0.0,86.019,-8.092,2.832,80.759,0.313333,0.333333,0.333333,257.508,0.313333,0.333333,0.333333,259.2705,
09/30/2000,271.973,-121.959,150.014,5.532,16.085,6.002,177.633,-2.25,175.383,-55.88,119.503,-2.543,116.96,-39.137,77.823,0.0,-5.14,72.683,0.0,0.0,72.683,2.543,-0.832,74.394,0.286667,0.28,0.28,257.9265,0.286667,0.28,0.28,259.8195,
12/31/2000,275.511,-125.636,149.875,3.858,26.856,-2.634,177.955,-3.45,174.505,-56.152,118.353,0.0,118.353,-39.062,79.291,0.0,-5.14,74.151,0.0,0.0,74.151,0.0,0.0,74.151,0.306667,0.306667,0.306667,244.368,0.3,0.3,0.3,246.7215,
03/31/2001,272.489,-124.344,148.145,3.872,18.747,2.481,173.245,-3.75,169.495,-57.702,111.793,7.943,119.736,-41.309,78.427,0.0,0.0,78.427,0.0,0.0,78.427,-7.943,2.74,73.224,0.306667,0.326667,0.326667,238.812,0.306667,0.326667,0.326667,241.4415,
06/30/2001,272.86,-113.973,158.887,1.336,20.019,2.514,182.756,-4.0,178.756,-59.338,119.418,0.0,119.418,-41.199,78.219,0.0,0.0,78.219,0.0,0.0,78.219,0.0,0.0,78.219,0.326667,0.326667,0.326667,239.088,0.326667,0.326667,0.326667,241.7595,
09/30/2001,281.332,-109.13,172.202,1.802,20.935,2.186,197.125,-4.5,192.625,-63.077,129.548,0.0,129.548,-44.694,84.854,0.0,0.0,84.854,0.0,0.0,84.854,0.0,0.0,84.854,0.353333,0.353333,0.353333,239.523,0.353333,0.353333,0.353333,242.403,
12/31/2001,283.199,-96.474,186.725,1.719,23.554,1.787,213.785,-5.5,208.285,-70.905,137.38,0.0,137.38,-47.396,89.984,0.0,0.0,89.984,0.0,0.0,89.984,0.0,0.0,89.984,0.373333,0.373333,0.373333,239.9415,0.373333,0.373333,0.373333,242.592,
03/31/2002,285.799,-86.942,198.857,1.028,25.167,2.506,227.558,-6.25,221.308,-71.232,150.076,0.0,150.076,-51.776,98.3,0.0,0.0,98.3,0.0,0.0,98.3,0.0,0.0,98.3,0.406667,0.406667,0.406667,240.4665,0.406667,0.406667,0.406667,243.2745,
06/30/2002,293.159,-82.738,210.421,0.353,25.836,3.519,240.129,-6.25,233.879,-74.411,159.468,0.0,159.468,-55.017,104.451,0.0,0.0,104.451,0.0,0.0,104.451,0.0,0.0,104.451,0.433333,0.433333,0.433333,240.867,0.426667,0.426667,0.426667,243.732,
09/30/2002,304.902,-88.505,216.397,2.689,26.262,2.909,248.257,-6.25,242.007,-78.882,163.125,0.0,163.125,-56.278,106.847,0.0,0.0,106.847,0.0,0.0,106.847,0.0,0.0,106.847,0.446667,0.446667,0.446667,240.4605,0.44,0.44,0.44,243.372,
12/31/2002,305.478,-89.375,216.103,0.447,26.397,3.772,246.719,-6.25,240.469,-80.661,159.808,3.254,163.062,-55.767,107.295,0.0,0.0,107.295,0.0,0.0,107.295,-3.254,1.106,105.147,0.446667,0.453333,0.453333,236.874,0.44,0.446667,0.446667,239.5425,
03/31/2003,296.717,-87.267,209.45,2.597,27.104,4.546,243.697,-6.25,237.447,-80.57,156.877,0.0,156.877,-53.338,103.539,0.0,0.0,103.539,0.0,0.0,103.539,0.0,0.0,103.539,0.446667,0.446667,0.446667,230.8935,0.446667,0.446667,0.446667,233.214,
06/30/2003,282.498,-82.626,199.872,3.699,28.816,3.964,236.351,-6.5,229.851,-83.25,146.601,-0.975,145.626,-49.513,96.113,0.0,0.0,96.113,0.0,0.0,96.113,0.975,-0.331,96.757,0.42,0.42,0.42,229.3665,0.413333,0.413333,0.413333,231.6765,
09/30/2003,263.968,-64.468,199.5,0.381,27.903,5.746,233.53,-6.5,227.03,-84.753,142.277,0.0,142.277,-47.947,94.33,0.0,0.0,94.33,0.0,0.0,94.33,0.0,0.0,94.33,0.42,0.42,0.42,223.2795,0.42,0.42,0.42,225.765,
12/31/2003,267.720001,-61.028,206.692001,13.907,17.538,8.63,246.767001,-7.0,239.767001,-83.903999,155.863007,-1.438,154.425007,-52.042,102.383003,0.0,0.0,102.383003,0.0,0.0,102.383003,1.438,-0.489,103.332007,0.466667,0.46,0.46,221.809502,0.46,0.453333,0.453333,224.602501,
03/31/2004,267.663002,-60.834,206.829002,7.888,28.044001,5.797,248.558003,-6.5,242.058003,-87.429001,154.628998,0.0,154.628998,-52.110001,102.518997,0.0,0.0,102.518997,0.0,0.0,102.518997,0.0,0.0,102.518997,0.46,0.46,0.46,222.403496,0.453333,0.453333,0.453333,225.369003,
06/30/2004,303.373993,-69.278999,234.094994,0.0,29.993,5.658,269.745994,-6.5,263.245994,-98.367996,164.403,0.0,164.403,-55.403999,108.999001,0.0,0.0,108.999001,0.0,0.0,108.999001,0.0,0.0,108.999001,0.46,0.46,0.46,236.983498,0.453333,0.453333,0.453333,240.473991,
09/30/2004,337.328995,-77.853996,259.474998,4.292,32.150002,5.63,301.547,-6.5,295.047,-114.462997,180.584,0.0,180.584,-60.855999,119.727997,0.0,0.0,119.727997,0.0,0.0,119.727997,0.0,0.0,119.728001,0.473333,0.473333,0.473333,252.162003,0.466667,0.466667,0.466667,255.484497,
12/31/2004,669.786011,-194.964005,474.822006,54.660999,56.606998,18.257999,604.348003,-7.689,596.659003,-255.542007,341.117004,0.0,341.117004,-119.366997,221.75,0.0,0.0,221.75,0.0,0.0,221.75,0.0,0.0,221.750008,0.48,0.48,0.48,463.908997,0.47,0.47,0.47,471.651001,
03/31/2005,691.212006,-219.893005,471.319,110.003998,58.653,14.228,654.203998,-9.0,645.203998,-246.653,398.550995,0.0,398.550995,-139.516006,259.035004,0.0,0.0,259.035004,0.0,0.0,259.035004,0.0,0.0,259.034988,0.56,0.56,0.56,466.476013,0.55,0.55,0.55,473.312988,
06/30/2005,709.444,-247.371002,462.072998,135.751999,56.223999,-22.844999,631.203997,-9.0,622.203997,-249.792999,372.411011,0.0,372.411011,-130.345001,242.065994,0.0,0.0,242.065994,0.0,0.0,242.065994,0.0,0.0,242.06601,0.52,0.52,0.52,469.412994,0.51,0.51,0.51,474.908997,
09/30/2005,682.289993,-247.740005,434.549988,115.959,53.902,20.872999,625.283987,-9.0,616.283987,-254.0,362.283997,0.0,362.283997,-124.987999,237.296005,0.0,0.0,237.296005,0.0,0.0,237.296005,0.0,0.0,237.295998,0.5,0.5,0.5,470.003998,0.5,0.5,0.5,475.627014,
12/31/2005,695.535,-253.596,441.939,142.846,-21.421,41.336,604.7,-9.0,595.7,-259.021,336.679,-15.382,321.297,-110.847,210.45,0.0,0.0,210.45,0.0,0.0,210.45,15.382,-5.384,220.448,0.47,0.45,0.45,463.336,0.47,0.45,0.45,467.868,
03/31/2006,698.13002,-280.653015,417.477005,88.471001,65.095001,14.51,585.553007,-9.0,576.553007,-258.178009,318.375,0.0,318.375,-108.247002,210.128006,0.0,0.0,210.128006,0.0,0.0,210.128006,0.0,0.0,210.127998,0.46,0.46,0.46,453.916992,0.46,0.46,0.46,458.871002,
06/30/2006,734.023987,-304.135986,429.888,-19.124001,155.186996,38.530998,604.481995,-9.0,595.481995,-260.67099,334.811005,-5.233,329.578005,-108.761002,220.817001,0.0,0.0,220.817001,0.0,0.0,220.817001,5.233,-1.83155,224.218453,0.5,0.49,0.49,455.278992,0.49,0.48,0.48,460.494995,
09/30/2006,764.755005,-357.851013,406.903992,14.135,160.882996,13.325,595.246987,-9.0,586.246987,-269.433014,316.813995,-13.668,303.145995,-100.038002,203.108002,0.0,0.0,203.108002,0.0,0.0,203.108002,13.668,-4.7838,211.992193,0.47,0.45,0.45,456.100006,0.46,0.44,0.44,460.872009,
12/31/2006,,,,,,,559.667,,,,,,342.333,,217.0,,,217.0,,,217.0,,,,0.516,0.54,0.54,,0.516,0.54,0.54,,
03/31/2007,,,,,,,,,,,,,,,,,,,,,,,,,0.58,0.58,0.58,,0.58,0.58,0.58,,
