Date,Revenue,Revenue From Electric,Regulated Electric Revenue,Unregulated Electric Revenue,Other Electric Revenue,Revenue from Gas,Regulated Gas Revenue,Unregulated Gas Revenue,Other Gas Revenue,Revenue from Water,Other Revenue,Cost of Revenue,Fuel & Purchased Power Cost,Fuel Cost,Purchased Power Cost,Purchased Gas & Water Cost,Purchased Gas Cost,Other Cost of Revenue,Gross Profit,Operating Expenses,Maintenance Expenses,Depreciation Expenses,Taxes Other Than Income,Other Operating Expense,Operating Income (Loss),Non-Operating (Income) Loss,"Interest Expense, Net",Total Interest Income,AFUDC - Equity,Interest Income,Interest Expense,Interest Expenses on Bonds,AFUDC - Debts,Other Interest Expenses,Other Non-Op (Income) Loss,Pretax Income,Income Tax Expense (Benefit),Income (Loss) from Cont Ops,Net Extraordinary Losses (Gains),Discontinued Operations,XO & Accounting Changes,Income (Loss) Incl. MI,Minority Interest,"Net Income, GAAP",Preferred Dividends,Other Adjustments,"Net Income Avail to Common, GAAP","Net Income Avail to Common, Adj",Net Abnormal Losses (Gains),Basic Weighted Avg Shares,"Basic EPS, GAAP",Basic EPS from Cont Ops,"Basic EPS from Cont Ops, Adjusted",Diluted Weighted Avg Shares,"Diluted EPS, GAAP",Diluted EPS from Cont Ops,"Diluted EPS from Cont Ops, Adjusted",Source: Bloomberg
03/31/1990,453.622009,215.552994,,,,238.069,,,,0.0,0.0,-213.406006,63.834999,62.042999,1.792,149.570999,,,240.216003,-142.621994,23.153,41.984001,18.646,58.839001,97.594002,-27.359001,,,0.257,,28.888,28.724001,-0.381,0.545,-1.272,70.235001,-24.546,45.688999,0.0,,,45.689002,0.0,45.688999,-3.189,,42.499999,42.499999,,138.343994,0.305,0.305,0.305,138.343994,0.305,0.305,0.305,
06/30/1990,325.93399,216.792999,,,,109.140999,,,,0.0,0.0,-120.071999,61.366999,60.612999,0.754,58.705002,,,205.861992,-145.171005,23.042999,42.518002,16.711,62.898998,60.691002,-27.17,,,0.173,,28.802,28.552999,-0.26,0.509,-1.459,33.521002,-12.406,21.115,0.0,,,21.115002,0.0,21.115,-3.204,,17.911,17.911,,138.110001,0.13,0.13,0.13,138.110001,0.13,0.13,0.13,
09/30/1990,317.817993,241.016006,,,,76.802002,,,,0.0,0.0,-102.691002,65.218003,65.091003,0.127,37.473,,,215.126991,-141.798004,19.417,43.07,14.303,65.008003,73.329002,-28.153,,,0.042,,28.98,27.785999,-0.061,1.255,-0.785,45.176003,-17.233999,27.941999,0.0,,,27.942004,0.0,27.941999,-3.183,,24.758999,24.758999,,138.018005,0.18,0.18,0.18,138.018005,0.18,0.18,0.18,
12/31/1990,423.621002,222.473999,,,,201.147003,,,,0.0,0.0,-182.641006,63.848999,63.146999,0.702,118.792,,,240.979996,-146.259995,24.885,43.123001,12.354,65.898003,94.720001,-27.126999,,,-0.235,,28.820999,27.346001,-0.059,1.534,-1.929,67.593002,-24.371,43.222,0.0,,,43.222002,0.0,43.222,-3.304,,39.918,39.918,,138.087997,0.285,0.285,0.285,138.087997,0.285,0.285,0.285,
03/31/1991,462.299988,217.397003,,,,244.903,,,,0.0,0.0,-205.841995,60.737,61.527,-0.79,145.104996,,,256.457993,-153.348999,27.195999,43.428001,18.301001,64.424004,103.109001,-27.184999,,,0.108,,28.327999,26.948999,-0.14,1.519,-1.035,75.924002,-26.844999,49.078999,0.0,,,49.079003,0.0,49.078999,-3.734,,45.344999,45.344999,,135.684006,0.33,0.33,0.33,135.684006,0.33,0.33,0.33,
06/30/1991,320.410004,234.376007,,,,86.033997,,,,0.0,0.0,-108.705002,63.953,59.18,4.773,44.751999,,,211.705002,-149.410995,21.895,43.834,16.047001,67.635002,62.293999,-26.305999,,,0.176,,26.830999,26.672001,-0.226,0.385,-0.349,35.987999,-12.749,23.239,0.0,,,23.239,0.0,23.239,-3.715,,19.524,19.524,,133.384003,0.145,0.145,0.145,133.384003,0.145,0.145,0.145,
09/30/1991,323.44101,252.983002,,,,70.458,,,,0.0,0.0,-101.241997,66.827998,65.850998,0.977,34.414001,,,222.199013,-148.253006,19.962999,44.243,15.707,68.339996,73.945999,-28.993,,,0.195,,28.444,26.086,-0.254,2.612,0.744,44.952999,-16.655001,28.298,0.0,,,28.297998,0.0,28.298,-3.745,,24.553,24.553,,133.802002,0.185,0.185,0.185,133.802002,0.185,0.185,0.185,
12/31/1991,429.01001,228.485001,,,,200.524994,,,,0.0,0.0,-179.996002,65.060999,61.869999,3.191,114.934998,,,249.014008,-155.244995,24.454,44.216,15.676,70.899002,93.768997,-26.796,,,-0.484,,25.93,24.077999,-0.726,2.578,0.382,66.972997,-22.514999,44.458,0.0,,,44.457998,0.0,44.458,-3.555,,40.903,40.903,,133.410004,0.31,0.31,0.31,133.410004,0.31,0.31,0.31,
03/31/1992,474.016998,224.686996,,,,249.330002,,,,0.0,0.0,-208.710999,62.567999,59.049999,3.518,146.143005,,,265.306,-161.563995,26.968,44.860001,19.18,70.556,103.741997,-25.006001,,,0.002,,25.367001,23.780001,-0.33,1.917,-0.359,78.735996,-27.650999,51.084999,0.0,,,51.084997,0.0,51.084999,-3.604,,47.480999,47.480999,,133.761993,0.35,0.35,0.35,133.761993,0.35,0.35,0.35,
06/30/1992,329.26001,225.251007,,,,104.009003,,,,0.0,0.0,-117.650002,63.781999,60.279999,3.502,53.868,,,211.610008,-154.699005,21.511,45.245998,16.504999,71.436996,56.910999,-24.069999,,,0.01,,25.004999,23.389999,-0.368,1.983,-0.925,32.841,-11.478,21.363001,0.0,,,21.363,0.0,21.363001,-3.559,,17.804001,17.804001,,133.759995,0.13,0.13,0.13,133.759995,0.13,0.13,0.13,
09/30/1992,316.502991,234.220001,,,,82.282997,,,,0.0,0.0,-103.584999,60.978998,59.759998,1.219,42.605999,,,212.917992,-153.343994,18.860001,45.597,16.26,72.626999,59.574001,-23.501,,,0.009,,24.747,21.954,-0.003,2.796,-1.237,36.073002,-12.511,23.562,0.0,,,23.562002,0.0,23.562,-3.567,,19.995,19.995,,133.537994,0.15,0.15,0.15,133.537994,0.15,0.15,0.15,
12/31/1992,462.575989,231.977005,,,,230.598999,,,,0.0,0.0,-203.031006,66.083998,63.294998,2.789,136.947006,,,259.544983,-153.246994,18.112,47.014,17.610001,70.511002,106.297997,-26.333999,,,0.009,,25.275999,21.858999,,3.101,1.067,79.963998,-28.667999,51.296001,0.0,,,51.295999,0.0,51.296001,-2.991,,48.305001,48.305001,,132.668,0.365,0.365,0.365,132.668,0.365,0.365,0.365,
03/31/1993,521.646973,232.013,,,,289.634003,,,,0.0,0.0,-234.080994,62.899,59.638,3.261,171.182007,,,287.565979,-166.029007,21.264999,46.139,20.23,78.394997,121.537003,-25.459,,,0.001,,24.743999,22.559,-0.056,2.241,0.716,96.078003,-34.902,61.175999,0.0,,,61.176003,0.0,61.175999,-3.384,,57.791999,57.791999,,131.369995,0.435,0.435,0.435,131.369995,0.435,0.435,0.435,
06/30/1993,348.795013,232.757996,,,,116.037003,,,,0.0,0.0,-125.543999,61.643999,57.202999,4.441,63.900002,,,223.251015,-160.845001,20.971001,46.396999,17.106001,76.371002,62.405998,-22.715,,,0.0,,22.507,19.544001,-0.026,2.989,0.208,39.690998,-15.461,24.23,0.0,,,24.229998,0.0,24.23,-3.337,,20.893,20.893,,133.264008,0.155,0.155,0.155,133.264008,0.155,0.155,0.155,
09/30/1993,342.537994,264.903992,,,,77.634003,,,,0.0,0.0,-107.080002,71.759,66.472,5.287,35.320999,,,235.457993,-162.466995,17.792,46.484001,16.997999,81.193001,72.990997,-23.808,,,0.0,,23.969,21.709999,-0.014,2.273,-0.161,49.182997,-19.312,29.871,0.0,,,29.870997,0.0,29.871,-3.344,,26.527,26.527,,132.528,0.2,0.2,0.2,132.528,0.2,0.2,0.2,
12/31/1993,464.891998,233.968002,,,,230.923996,,,,0.0,0.0,-195.662003,66.474998,61.238998,5.236,129.186996,,,269.229995,-167.289001,23.52,47.98,17.287001,78.501999,101.941002,-23.582,,,0.0,,22.274,21.889999,-1.351,1.735,1.308,78.359002,-27.155001,51.203999,0.0,,,51.204001,0.0,51.203999,-0.276,,50.927999,50.927999,,131.925994,0.36,0.36,0.36,131.925994,0.36,0.36,0.36,
03/31/1994,565.551025,246.970993,,,,318.579987,,,,0.0,0.0,-270.550995,72.246001,63.144001,9.102,198.304993,,,295.000031,-165.242004,20.313,47.645,20.834,76.449997,129.757996,-24.346001,,,0.0,,23.280001,22.041,-0.727,1.966,1.066,105.411995,-37.801998,67.610001,0.0,,,67.609997,0.0,67.610001,-3.335,,64.275001,64.275001,,131.242004,0.485,0.485,0.485,131.242004,0.485,0.485,0.485,
06/30/1994,348.009003,245.367996,,,,102.640999,,,,0.0,0.0,-125.653999,69.393999,59.653999,9.74,56.259998,,,222.355003,-159.365005,20.846001,48.568001,17.142,72.808998,62.990002,-23.491999,,,0.0,,21.636999,19.993,-0.961,2.605,1.855,39.498003,-15.493,24.004999,0.0,,,24.005002,0.0,24.004999,-3.292,,20.712999,20.712999,,130.289993,0.155,0.155,0.155,130.289993,0.155,0.155,0.155,
09/30/1994,334.597992,262.803009,,,,71.794998,,,,0.0,0.0,-108.169998,71.282999,62.139999,9.143,36.887001,,,226.427994,-154.145004,18.988001,48.605999,16.889999,69.661003,72.282997,-21.995001,,,0.0,,21.988001,19.993999,-1.181,3.175,0.007,50.287996,-19.233,31.055,0.0,,,31.054996,0.0,31.055,-3.286,,27.769,27.769,,129.028,0.215,0.215,0.215,129.028,0.215,0.215,0.215,
12/31/1994,428.243011,239.350006,,,,188.893005,,,,0.0,0.0,-178.699005,66.713999,62.195999,4.518,111.985001,,,249.544006,-155.694,20.023001,49.464001,17.361,68.846001,93.849998,-17.415999,,,0.0,,22.559999,20.160999,-1.505,3.904,-5.144,76.433999,-25.204,51.23,0.0,,,51.229999,0.0,51.23,-3.063,,48.167,48.167,,128.039994,0.375,0.375,0.375,128.039994,0.375,0.375,0.375,
03/31/1995,522.497986,237.587997,,,,284.910004,,,,0.0,0.0,-237.048004,64.749,53.785,10.964,172.298996,,,285.449982,-161.802994,21.452999,49.117001,20.431999,70.801003,123.647003,-23.417,,,0.0,,22.586,20.705999,-1.94,3.82,0.831,100.230003,-37.574001,62.655998,0.0,,,62.656001,0.0,62.655998,-3.091,,59.564998,59.564998,,128.205994,0.46,0.46,0.46,128.205994,0.46,0.46,0.46,
06/30/1995,360.462006,245.903,,,,114.558998,,,,0.0,0.0,-132.139999,67.080998,55.911999,11.169,65.058998,,,228.322006,-156.358002,18.597,49.748001,17.136999,70.875999,71.963997,-23.977,,,0.0,,23.834,22.504999,-1.351,2.68,0.143,47.986997,-18.774,29.212999,0.0,,,29.212997,0.0,29.212999,-3.03,,26.182999,26.182999,,126.947998,0.205,0.205,0.205,126.947998,0.205,0.205,0.205,
09/30/1995,370.378998,296.730988,,,,73.648003,,,,0.0,0.0,-120.939003,82.738,69.612,13.126,38.201,,,249.439995,-160.811005,18.916,50.685001,17.42,73.790001,88.628998,-25.333999,,,0.0,,24.087999,22.211,-0.58,2.457,1.246,63.294998,-24.705999,38.589001,0.0,,,38.588999,0.0,38.589001,-2.997,,35.592001,35.592001,,126.064003,0.28,0.28,0.28,126.064003,0.28,0.28,0.28,
12/31/1995,468.985992,250.701004,,,,218.285004,,,,0.0,0.0,-195.003998,71.45,63.028,8.422,123.554001,,,273.981994,-164.860992,19.327,51.587002,18.462999,75.484001,109.121002,-27.673,,,0.0,,25.652,21.635,,3.631,2.021,81.448002,-27.395,54.053001,0.0,,,54.053002,0.0,54.053001,-2.991,,51.062001,51.062001,,125.07,0.405,0.405,0.405,125.07,0.405,0.405,0.405,
03/31/1996,576.028015,248.423996,,,,327.604004,,,,0.0,0.0,-268.42099,69.163,57.202,11.961,199.257996,,,307.607025,-171.145004,17.796,53.456001,20.745001,79.148003,136.462006,-25.31,,,0.0,,25.771,22.628,-0.231,3.374,-0.461,111.152006,-41.466999,69.684998,0.0,,,69.685007,0.0,69.684998,-2.318,,67.366997,67.366997,,124.129997,0.54,0.54,0.54,124.129997,0.54,0.54,0.54,
06/30/1996,364.970001,244.231995,,,,120.737999,,,,0.0,0.0,-134.944,67.505998,53.183998,14.322,67.438004,,,230.026001,-163.455994,19.695,54.247002,17.386999,72.126999,66.57,-24.901999,,,0.0,,26.393999,23.066,-0.216,3.544,-1.492,41.668001,-16.061001,25.607,0.0,,,25.607,0.0,25.607,-2.178,,23.429,23.429,,122.468002,0.19,0.19,0.19,122.468002,0.19,0.19,0.19,
09/30/1996,356.273987,276.776001,,,,79.498001,,,,0.0,0.0,-120.486,77.702001,62.346001,15.356,42.784,,,235.787987,-160.927994,17.018999,55.043999,16.955,71.910004,74.860001,-20.315,,,0.0,,27.056,22.308001,-0.29,5.038,-6.741,54.545001,-17.961,36.584,0.0,,,36.584001,0.0,36.584,-2.174,,34.41,34.41,,122.122002,0.28,0.28,0.28,122.122002,0.28,0.28,0.28,
12/31/1996,524.354004,252.798996,,,,271.554993,,,,0.0,0.0,-246.891998,72.595002,60.483002,12.112,174.296997,,,277.462006,-158.065994,15.513,52.280998,19.216999,71.055,119.396004,-30.32,,,0.0,,27.319,21.985001,-0.159,5.493,3.001,89.076004,-35.506001,53.57,0.0,,,53.570003,0.0,53.57,-2.161,,51.409,51.409,,120.823998,0.425,0.425,0.425,120.823998,0.425,0.425,0.425,
03/31/1997,659.950012,260.657013,,,,333.399994,,,,0.0,65.892998,-297.135986,82.296001,58.408001,23.888,214.839996,,,362.814026,-234.227997,18.483999,58.344002,21.309999,136.089996,128.585999,-16.500999,,,0.0,,25.903999,20.936001,0.0,4.968,-9.403,112.084999,-39.080002,73.004997,0.0,,,73.004997,0.0,73.004997,-2.167,,70.837997,70.837997,,119.115997,0.59,0.59,0.59,119.428001,0.59,0.59,0.59,
06/30/1997,523.185974,229.220001,,,,121.010002,,,,18.795,154.160995,-112.160004,50.199001,50.199001,,61.960999,,,411.02597,-336.721985,17.114,64.415001,20.290001,234.903,74.304001,-29.944999,,,0.0,,31.427999,31.006001,0.0,0.422,-1.483,44.359001,-13.944,30.415001,0.0,,,30.415001,0.0,30.415001,-2.179,,28.236001,28.236001,,128.339996,0.22,0.22,0.22,128.339996,0.22,0.22,0.22,
09/30/1997,596.315002,279.221008,,,,90.258003,,,,23.577,203.259003,-131.992004,78.151003,65.008003,13.143,53.841,,,464.322998,-377.488007,16.049,64.711998,19.261,277.466003,86.834999,-28.584,,,0.0,,31.91,29.475,0.0,2.435,-3.326,58.250999,-20.208,38.042999,0.0,,,38.042999,0.0,38.042999,-2.174,,35.868999,35.868999,,125.496002,0.28,0.28,0.28,125.496002,0.28,0.28,0.28,
12/31/1997,807.090027,247.985001,,,,262.571014,,,,18.371,278.162994,-229.820999,65.175999,64.932999,0.243,164.645004,,,577.269028,-456.44101,24.905001,62.333,22.903999,346.299011,120.828003,-30.958,,,0.0,,31.365,28.799,0.0,2.566,-0.407,89.870003,-31.792999,58.077,0.0,,,58.077004,0.0,58.077,-2.171,,55.906,55.906,,127.059998,0.44,0.44,0.44,127.059998,0.44,0.44,0.44,
03/31/1998,779.343994,323.834015,,,,242.735001,,,,17.709,195.065994,-284.464996,146.037003,55.594002,90.443001,138.427994,,,494.878998,-377.765015,18.947001,63.273998,23.427999,272.115997,117.113998,-21.881999,,,,,29.181999,27.274,,1.908,-7.3,95.231999,-32.342999,62.889,0.0,,,62.889001,0.0,62.889,-2.167,,60.722,60.722,,123.873001,0.49,0.49,0.49,124.384003,0.48,0.48,0.48,
06/30/1998,652.40802,345.639008,,,,110.345001,,,,20.857,175.567001,-222.022003,161.267998,65.422997,95.845001,60.754002,,,430.386017,-351.342987,21.011,63.643002,21.110001,245.578995,79.042999,-32.046001,,,,,29.971001,27.749001,,2.222,2.075,46.996999,-15.424,31.573,0.0,,,31.572999,0.0,31.573,-2.128,,29.445,29.445,,122.181,0.24,0.24,0.24,122.181,0.24,0.24,0.24,
09/30/1998,747.791992,468.315002,,,,199.434998,,,,24.374001,55.667999,-411.808014,251.891006,72.246002,179.645004,159.917007,,,335.983978,-239.035995,19.1,64.417,22.044001,133.475006,96.947998,-30.207,,,,,33.077,33.077,,0.0,-2.87,66.740998,-21.492001,45.249001,0.0,,,45.248998,0.0,45.249001,-2.122,,43.127001,43.127001,,119.495003,0.36,0.36,0.39,120.060997,0.35,0.35,0.38,
12/31/1998,753.234009,291.394012,,,,203.065002,,,,21.039,237.735992,-219.673,104.420002,57.386002,47.034,115.252998,,,533.561009,-405.159997,15.572,65.139999,21.625,302.822998,128.401001,-34.085001,,,,,36.574001,31.542,,5.032,-2.489,94.316,-31.603001,62.713001,0.0,,,62.712999,0.0,62.713001,-2.121,,60.592001,60.592001,,117.563004,0.51,0.51,0.51,118.713997,0.51,0.51,0.51,
03/31/1999,891.575012,264.441986,,,,553.895996,,,,20.868999,52.368,-459.937988,80.347999,58.298,22.049999,379.589996,,,431.637024,-275.785004,22.309,72.855003,28.009001,152.612,155.852005,-29.547,,,,,36.688,36.688,,,-7.141,126.305005,-44.922001,81.383003,0.0,,,81.383004,-2.708,78.675003,-2.116,,76.559003,76.559003,,122.646004,0.62,0.62,0.62,123.346001,0.62,0.62,0.62,
06/30/1999,675.346985,271.307007,,,,308.635986,,,,24.031,71.373001,-300.190002,75.053001,57.630001,17.423,225.136993,,,375.156983,-290.179993,21.913,77.593002,25.225,165.449005,84.976997,-42.631999,,,,,40.313999,40.313999,,,2.318,42.344998,-11.656,30.688999,0.0,,,30.688998,-5.668,25.021,-2.077,,22.944,22.944,,124.950996,0.18,0.18,0.18,124.950996,0.18,0.18,0.18,
09/30/1999,692.968994,329.266998,,,,265.393005,,,,29.893999,68.415001,-308.328003,100.296003,72.092003,28.204,208.031998,,,384.640991,-278.615997,18.450001,78.005997,24.572001,157.587997,106.025002,-56.654999,,,,,42.375999,42.375999,,0.0,14.279,49.370003,-13.781,35.589001,0.0,,,35.589003,-5.563,30.025999,-2.071,,27.954999,27.954999,,125.030998,0.22,0.22,0.22,126.055,0.22,0.22,0.22,
12/31/1999,884.684998,256.022003,,,,525.525024,,,,23.589001,79.549004,-430.97699,56.278001,61.144001,-4.866,374.699005,,,453.708008,-330.852997,19.535999,82.949997,25.763,202.604004,122.515999,-63.247002,,,,,83.927002,,,,-20.68,59.268997,-20.089001,39.18,0.0,,,39.179996,-4.154,35.025002,-2.07,,32.955002,32.955002,,124.713997,0.26,0.26,0.3,127.003998,0.25,0.25,0.29,
03/31/2000,1106.3,317.5,,,,458.1,,,,0.0,330.7,-681.3,,,,681.3,,,425.0,-250.3,144.4,80.1,25.8,,174.7,-42.1,,,,,44.5,44.5,,,-2.4,132.6,-46.5,86.1,-0.5,,,86.6,-5.0,81.6,-2.0,,79.6,79.6,,124.304,0.64,0.64,0.64,128.15,0.62,0.62,0.64,
06/30/2000,1003.1,241.1,,,,232.2,,,,,529.8,-679.5,,,,679.5,,,323.6,-240.4,141.9,80.2,18.3,,83.2,-43.8,,,,,45.3,45.3,,,-1.5,39.4,-11.0,28.4,-2.0,,,30.4,-5.0,25.4,-2.0,,23.4,23.4,,120.6,0.19,0.18,0.18,124.7,0.18,0.17,0.17,
09/30/2000,1181.0,276.6,,,,194.5,,,,,709.9,-845.3,,,,845.3,,,335.7,-238.3,,79.6,22.4,136.3,97.4,4.6,,,,,46.8,46.8,,,-51.4,102.0,-48.0,54.0,-5.2,,,59.2,-5.2,54.0,-2.0,0.0,52.0,52.0,,120.6,0.43,0.39,0.39,123.4,0.42,0.38,0.38,
12/31/2000,3034.634,435.756,,,,586.467,,,,-76.822,2089.233,-2370.136,3903.906,3903.906,,,,,664.498,-406.473,,120.931,65.43,284.194,258.025,-241.757,,,,,158.196,158.196,,,83.561,16.268,-17.308,-1.04,-9.8,,,8.76,-5.134,3.626,-1.755,,1.871,1.871,,172.6,0.01,0.0,0.76,174.8,0.01,0.0,0.75,
03/31/2001,3800.1,246.8,,,,2213.9,,,,,1339.4,-2700.3,,,,2700.3,,,1099.8,-637.3,166.3,,97.8,373.2,462.5,-160.7,,,,,163.2,163.2,,,-2.5,301.8,-117.6,184.2,-4.6,,,188.8,-5.1,183.7,-1.8,,181.9,181.9,,205.0,0.88,0.86,0.86,209.4,0.87,0.85,0.85,
06/30/2001,1872.8,246.0,,,,895.1,,,,0.0,731.7,-1163.1,,,,1163.1,,,709.7,-560.4,,157.8,61.5,341.1,149.3,-149.7,,,,,149.4,149.4,,,0.3,-0.4,-2.4,-2.8,1.7,,,-4.5,-5.1,-9.6,-2.0,,-11.6,-11.6,,205.3,-0.06,-0.05,0.01,205.3,-0.06,-0.05,0.01,
09/30/2001,1756.4,281.3,,,,665.8,,,,,809.3,-1071.5,,,,1071.5,,,684.9,-543.9,,152.8,58.4,332.7,141.0,-150.8,,,,,146.1,146.1,,,4.7,-9.8,-3.8,-13.6,0.4,,,-14.0,-5.1,-19.1,-1.9,,-21.0,-21.0,,205.4,-0.1,-0.1,-0.1,205.4,-0.1,-0.1,-0.1,
12/31/2001,2029.4,236.4,,,,1073.2,,,,0.0,719.8,-1120.4,,,,1120.4,,,909.0,-647.7,,164.8,76.9,406.0,261.3,-129.6,,,,,139.0,139.0,,,-9.4,131.7,-59.4,72.3,-1.6,,,73.9,-5.1,68.8,-1.9,,66.9,66.9,,205.5,0.33,0.32,0.59,208.1,0.32,0.31,0.58,
03/31/2002,1807.9,234.4,,,,1402.7,,,,,170.8,-769.2,,,,769.2,,,1038.7,-540.9,,144.4,92.1,304.4,497.8,-102.1,,,,,128.0,128.0,,,-25.9,395.7,-144.9,250.8,1.6,,,249.2,-5.1,244.1,-1.9,,242.2,242.2,,205.5,1.18,1.19,1.13,208.2,1.16,1.17,1.11,
06/30/2002,954.3,252.9,,,,677.0,,,,,24.4,-307.9,,,,307.9,,,646.4,-487.8,,112.9,57.0,317.9,158.6,-120.7,,,,,122.2,122.2,,,-1.5,37.9,-10.1,27.8,-4.2,,,32.0,-5.1,26.9,-1.9,,25.0,25.0,,205.6,0.12,0.1,0.1,208.2,0.12,0.1,0.1,
09/30/2002,908.4,317.9,,,,484.3,,,,,106.2,-303.0,,,,303.0,,,605.4,-431.5,,124.6,49.6,257.3,173.9,-129.5,,,,,137.1,137.1,,,-7.6,44.4,-14.3,30.1,,,,30.1,-5.1,25.0,-1.8,,23.2,23.2,,205.7,0.11,0.11,0.11,208.1,0.11,0.11,0.11,
12/31/2002,1649.2,298.4,,,,1340.5,,,,,10.3,-868.8,,,,868.8,,,780.4,-486.0,,109.3,71.3,305.4,294.4,-135.0,,,,,135.8,129.1,,6.7,-0.8,159.4,-49.6,109.8,,,,109.8,,76.5,,,76.5,76.5,,226.7,0.36,0.49,0.47,226.7,0.36,0.49,0.47,
03/31/2003,2524.5,264.3,,,,2102.9,,,,0.0,157.3,-1494.9,,,,1494.9,,,1029.6,-554.4,,124.6,105.1,324.7,475.2,-123.0,,,0.0,,123.0,123.0,0.0,0.0,,352.2,-127.4,224.8,-32.6,,,257.4,-2.5,254.9,-1.2,,253.7,253.7,,253.847,1.0,0.88,0.88,256.208,0.99,0.87,0.87,
06/30/2003,1143.2,262.1,,,,780.3,,,,0.0,100.8,-501.4,,,,501.4,,,641.8,-465.8,,124.9,65.5,275.4,176.0,-109.2,,,0.0,,114.9,114.9,0.0,0.0,-5.7,66.8,-26.4,40.4,364.2,,,-323.8,0.0,-323.8,-1.1,,-324.9,-324.9,,261.259,-1.24,0.15,0.15,263.138,-1.23,0.15,0.15,
09/30/2003,898.3,328.2,,,,475.6,,,,0.0,94.5,-321.0,,,,321.0,,,577.3,-444.6,,123.1,48.5,273.0,132.7,-96.1,,,0.0,,114.7,113.6,0.0,1.1,-18.6,36.6,-13.1,23.5,8.1,,,15.4,0.0,15.4,0.0,,15.4,15.4,,261.4,0.06,0.09,0.09,263.3,0.06,0.09,0.09,
12/31/2003,1682.6,261.3,,,,1294.1,,,,0.0,127.2,-871.0,,,,871.0,,,811.6,-502.3,,124.4,66.9,311.0,309.3,-100.3,,,0.0,,113.2,113.2,0.0,0.0,-12.9,209.0,-67.3,141.7,0.8,,,140.9,0.0,140.9,-1.1,,139.8,139.8,,261.6,0.54,0.54,0.52,263.7,0.53,0.53,0.51,
03/31/2004,2472.3,263.5,,,,2003.7,,,,0.0,205.1,-1481.0,1481.0,1481.0,,,,,991.3,-547.8,,125.4,100.0,322.4,443.5,-100.1,,,0.0,,102.2,102.2,0.0,0.0,-2.1,343.4,-125.7,217.7,3.1,,,214.6,0.0,214.6,-1.1,0.0,213.5,213.5,,262.3,0.81,0.83,0.83,264.3,0.81,0.82,0.82,
06/30/2004,1245.0,272.6,,,,818.9,,,,0.0,153.5,-628.9,,,,628.9,,,616.1,-458.3,,127.6,46.0,284.7,157.8,-99.3,,,0.0,,99.6,99.6,0.0,0.0,-0.3,58.5,-22.1,36.4,0.7,,,35.7,0.0,35.7,-1.1,,34.6,34.6,,262.5,0.13,0.13,0.13,264.5,0.13,0.13,0.13,
09/30/2004,978.2,305.0,,,,515.6,,,,0.0,157.6,-389.1,,,,389.1,,,589.1,-461.1,,125.6,53.2,282.3,128.0,-98.4,,,0.0,,99.5,99.5,0.0,0.0,-1.1,29.6,-6.8,22.8,-7.1,,,29.9,0.0,29.9,-1.1,0.0,28.8,28.8,,262.7,0.11,0.08,0.07,264.6,0.11,0.08,0.07,
12/31/2004,1967.1,279.9,,,,1473.0,,,,0.0,214.2,-1110.7,1110.7,1110.7,,,,,856.4,-511.6,,130.3,66.1,315.2,344.8,-99.8,,,0.0,,103.1,105.4,-2.3,0.0,-3.3,245.0,-86.7,158.3,-2.2,,,160.5,0.0,160.5,-1.1,0.0,159.4,159.4,,267.2,0.6,0.59,0.59,269.0,0.59,0.59,0.59,
03/31/2005,2683.3,282.6,,,,2157.2,,,,0.0,243.5,-1670.3,1670.3,1670.3,,,,,1013.0,-575.8,,135.1,103.1,337.6,437.2,-104.0,,,0.0,,104.0,104.0,0.0,0.0,0.0,333.2,-123.4,209.8,2.4,,,207.4,0.0,207.4,-1.1,0.0,206.3,206.3,,270.3,0.76,0.77,0.77,272.1,0.76,0.77,0.77,
06/30/2005,1355.6,282.1,,,,872.3,,,,0.0,201.2,-701.7,,,,701.7,,,653.9,-513.1,,136.1,60.1,316.9,140.8,-118.9,,,0.0,,101.5,101.5,0.0,0.0,17.4,21.9,-12.5,9.4,-30.7,,,40.1,0.0,40.1,-1.1,0.0,39.0,39.0,,271.2,0.15,0.03,0.09,273.1,0.14,0.03,0.09,
09/30/2005,1164.1,381.9,,,,559.9,,,,0.0,222.3,-557.0,557.0,557.0,,,,,607.1,-514.6,,135.9,51.9,326.8,92.5,-103.2,,,0.0,,106.5,106.5,0.0,0.0,-3.3,-10.7,5.8,-4.9,0.9,,,-5.8,0.0,-5.8,-1.0,0.0,-6.8,-6.8,,271.7,-0.03,-0.02,0.07,273.7,-0.03,-0.02,0.07,
12/31/2005,2694.0,302.0,,,,2011.0,,,,0.0,381.0,-1820.3,1820.3,1820.3,,,,,873.7,-569.5,,137.1,86.2,345.8,304.2,-210.8,,,0.0,,108.2,108.1,0.0,0.0,102.6,93.4,-19.5,73.9,4.9,,,69.0,0.0,69.0,-1.0,0.0,68.0,68.0,,271.9,0.25,0.27,0.46,273.5,0.25,0.27,0.45,
03/31/2006,2972.5,305.7,,,,2318.8,,,,0.0,348.0,-1991.7,1991.7,1991.7,,,,,980.8,-612.1,,136.8,103.0,372.3,368.7,-99.8,,,0.0,,95.3,95.3,0.0,0.0,4.5,268.9,-94.8,174.1,0.1,,,174.0,0.0,174.0,-1.1,0.0,172.9,172.9,,272.3,0.63,0.63,0.63,273.1,0.63,0.63,0.63,
06/30/2006,1311.5,301.9,,,,825.8,,,,0.0,183.8,-670.4,670.4,670.4,,,,,641.1,-444.9,,138.0,,306.9,196.2,-160.3,,,0.0,,93.4,93.4,0.0,0.0,66.9,35.9,-13.8,22.1,1.1,,,21.0,0.0,21.0,0.0,0.0,21.0,21.0,,272.4,0.08,0.08,0.1,273.2,0.08,0.08,0.1,
09/30/2006,1156.4,377.4,,,,595.6,,,,0.0,183.4,-524.9,524.9,524.9,,,,,631.5,-496.1,,136.5,49.0,310.6,135.4,-95.9,,,0.0,,96.2,96.2,0.0,0.0,-0.3,39.5,-13.5,26.0,0.2,,,25.8,0.0,25.8,0.0,0.0,25.8,25.8,,272.5,0.1,0.1,0.1,273.3,0.1,0.1,0.1,
12/31/2006,2049.6,314.2,,,,1482.3,,,,0.0,253.1,-1178.4,1178.4,1178.4,,,,,871.2,-614.5,,137.9,76.8,399.8,256.7,-115.6,,,0.0,,102.5,102.5,0.0,0.0,13.1,141.1,-48.7,92.4,29.9,,,62.5,0.0,62.5,0.0,0.0,62.5,62.5,,272.9,0.23,0.34,0.45,274.0,0.22,0.33,0.44,
03/31/2007,2844.7,326.0,,,,2188.6,,,,0.0,330.1,-1802.1,1802.1,1802.1,,,,,1042.6,-610.8,,134.3,100.4,376.1,431.8,-103.4,,,0.0,,99.1,99.1,0.0,0.0,4.3,328.4,-121.9,206.5,-10.2,,,216.7,0.0,216.7,0.0,0.0,216.7,216.7,,273.6,0.79,0.75,0.76,274.8,0.79,0.75,0.76,
06/30/2007,1566.9,333.5,,,,981.0,,,,0.0,252.4,-889.2,889.2,889.2,,,,,677.7,-531.2,,133.5,63.8,333.9,146.5,-101.1,,,0.0,,98.4,98.4,0.0,0.0,2.7,45.4,-16.5,28.9,2.2,,,26.7,0.0,26.7,0.0,0.0,26.7,26.7,,273.8,0.1,0.11,0.13,274.9,0.1,0.11,0.13,
09/30/2007,1249.6,377.6,,,,658.9,,,,0.0,213.1,-637.8,637.8,637.8,,,,,611.8,-504.3,,137.4,55.2,311.7,107.5,-97.9,,,0.0,,101.1,101.1,0.0,0.0,-3.2,9.6,-1.7,7.9,-3.1,,,11.0,0.0,11.0,0.0,0.0,11.0,11.0,,273.9,0.04,0.03,0.07,274.7,0.04,0.03,0.07,
12/31/2007,2199.7,321.5,,,,1593.6,,,,0.0,284.6,-1344.8,1344.8,1344.8,,,,,854.9,-622.6,,135.0,78.9,408.7,232.3,-148.3,,,0.0,,103.7,103.7,0.0,0.0,44.6,84.0,-24.4,59.6,-7.4,,,67.0,0.0,67.0,0.0,0.0,67.0,67.0,,274.0,0.24,0.21,0.41,275.0,0.24,0.21,0.41,
03/31/2008,3288.7,331.8,,,,2586.9,,,,0.0,370.0,-2248.0,2248.0,2248.0,,,,,1040.7,-649.3,,135.6,103.6,410.1,391.4,-89.8,,,,,91.8,91.8,0.0,0.0,-2.0,301.6,-112.1,189.5,90.2,,,99.3,0.0,99.3,0.0,0.0,99.3,99.3,,273.9,0.36,0.69,0.69,275.4,0.36,0.69,0.69,
06/30/2008,1557.2,339.9,,,,1164.2,,,,0.0,53.1,-892.0,892.0,892.0,,,,,665.2,-553.3,,147.6,62.2,343.5,111.9,-83.6,,,0.0,,87.4,87.4,0.0,0.0,-3.8,28.3,-8.6,19.7,0.0,,0.0,-202.3,0.0,-202.3,0.0,0.0,-202.3,-202.3,,274.0,-0.74,0.07,0.07,275.4,-0.74,0.07,0.07,
09/30/2008,1183.6,379.1,,,,765.9,,,,0.0,38.6,-570.2,570.2,570.2,,,,,613.4,-511.6,,140.9,57.3,313.4,101.8,-75.8,,,,,100.1,100.1,0.0,0.0,-24.3,26.0,5.1,31.1,0.0,,0.0,20.0,,20.0,0.0,0.0,20.0,20.0,,274.0,0.08,0.11,0.02,275.5,0.07,0.1,0.02,
12/31/2008,2386.9,306.2,,,,1795.7,,,,0.0,285.0,-1469.9,1469.9,1469.9,,,,,917.0,-612.6,,142.8,82.5,387.3,304.4,-108.6,,,0.0,,100.6,100.6,0.0,0.0,8.0,195.8,-68.3,127.5,-34.5,,,162.0,0.0,162.0,0.0,0.0,162.0,162.0,14.885,274.0,0.59,0.465328,0.64,275.5,0.59,0.464773,0.64,
03/31/2009,2721.7,296.8,,,,2113.1,,,,0.0,311.8,-1655.5,1655.5,1655.5,,,,0.0,1066.2,-717.8,,143.7,103.4,470.7,348.4,-91.4,90.4,,,,90.4,90.4,,,1.0,257.0,-97.6,159.4,11.0,11.0,0.0,148.4,0.0,148.4,0.0,0.0,148.4,175.5,16.1,274.2,0.54,0.58,0.640044,276.7,0.54,0.58,0.638186,
06/30/2009,1268.6,285.4,,,,704.9,,,,0.0,278.3,-586.8,586.8,586.8,,,,0.0,681.8,-570.1,,148.2,53.3,368.6,111.7,-106.5,105.3,,,,105.3,105.3,,,1.2,5.2,-9.2,-4.0,0.8,0.8,0.0,-4.8,0.0,-4.8,0.0,0.0,-4.8,9.0,13.0,274.7,-0.01,-0.01,0.032763,274.7,-0.01,-0.01,0.032763,
09/30/2009,974.9,320.0,,,,536.7,,,,0.0,118.2,-317.9,317.9,317.9,,,,0.0,657.0,-563.4,,148.8,54.2,360.4,93.6,-102.6,105.0,,,,105.0,105.0,,,-2.4,-9.0,-4.2,-13.2,2.2,2.2,0.0,-15.4,0.0,-15.4,0.0,0.0,-15.4,2.6,15.8,275.4,-0.05,-0.05,0.009441,275.4,-0.05,-0.05,0.007371,
12/31/2009,1685.1,311.0,,,,1181.0,,,,0.0,193.1,-757.8,757.8,757.8,,,,0.0,927.3,-679.8,,148.6,73.0,458.2,247.5,-104.7,98.6,,,,98.6,98.6,,,6.1,142.8,-54.3,88.5,-1.0,-1.0,0.0,89.5,0.0,89.5,0.0,0.0,89.5,130.6,42.1,276.0,0.32,0.32,0.473188,276.8,0.32,0.32,0.472095,
03/31/2010,2358.7,317.9,,,,1711.5,,,,0.0,329.3,-1286.3,1286.3,1286.3,,,,0.0,1072.4,-669.0,,149.8,86.9,432.3,403.4,-96.2,98.8,,,,98.8,98.8,,,-2.6,307.2,-109.8,197.4,0.1,0.1,0.0,197.3,0.0,197.3,0.0,0.0,197.3,201.5,4.1,276.9,0.71,0.71,0.7277,277.5,0.71,0.71,0.724775,
06/30/2010,1171.1,340.5,,,,718.6,,,,0.0,112.0,-439.1,439.1,439.1,,,,0.0,732.0,-592.8,,151.6,64.5,376.7,139.2,-95.8,98.4,,,,98.4,98.4,,,-2.6,43.4,-15.4,28.0,-0.1,-0.1,0.0,28.1,0.0,28.1,0.0,0.0,28.1,29.5,1.5,277.6,0.1,0.1,0.106268,278.4,0.1,0.1,0.105388,
09/30/2010,1138.1,397.7,,,,597.7,,,,0.0,142.7,-420.0,420.0,420.0,,,,0.0,718.1,-594.8,,153.1,62.0,379.7,123.3,-95.5,97.6,,,,97.6,97.6,,,-2.1,27.8,5.6,33.4,0.2,0.2,0.0,33.2,0.0,33.2,0.0,0.0,33.2,36.1,2.7,278.1,0.12,0.12,0.129809,279.9,0.12,0.12,0.129646,
12/31/2010,1752.0,328.5,,,,1327.5,,,,0.0,96.0,-828.7,828.7,828.7,,,,0.0,923.3,-670.6,,142.0,74.0,454.6,252.7,-197.7,97.5,,,,97.5,97.5,,,100.2,55.0,-20.8,34.2,2.4,2.4,0.0,31.8,0.0,31.8,0.0,0.0,31.8,133.4,99.2,278.6,0.11,0.12,0.478823,282.6,0.1,0.11,0.461026,
03/31/2011,2231.6,346.5,,,,1775.0,,,,0.0,110.1,-1170.9,1170.9,1170.9,,,,0.0,1060.7,-654.3,,134.3,93.0,427.0,406.4,-86.5,89.8,,,,89.8,89.8,,,-3.3,319.9,-110.8,209.1,-0.4,-0.4,0.0,209.5,0.0,209.5,0.0,0.0,209.5,212.4,3.3,279.3,0.75,0.75,0.760473,285.0,0.73,0.73,0.741579,
06/30/2011,1228.3,349.2,,,,807.7,,,,0.0,71.4,-462.5,462.5,462.5,,,,0.0,765.8,-600.3,,134.5,67.8,398.0,165.5,-93.8,94.4,,,,94.4,94.4,,,-0.6,71.7,-30.9,40.8,0.6,0.6,0.0,40.2,0.0,40.2,0.0,0.0,40.2,42.2,1.4,280.2,0.14,0.14,0.150607,287.1,0.14,0.14,0.144876,
09/30/2011,1068.7,404.7,,,,610.0,,,,0.0,54.0,-323.1,323.1,323.1,,,,0.0,745.6,-598.2,,134.9,59.2,404.1,147.4,-94.1,95.7,,,,95.7,95.7,,,-1.6,53.3,-17.0,36.3,1.6,1.6,0.0,34.7,0.0,34.7,0.0,0.0,34.7,38.1,1.8,280.8,0.12,0.13,0.135684,289.0,0.12,0.13,0.135684,
12/31/2011,1479.1,327.3,,,,1079.8,,,,0.0,72.0,-597.0,597.0,597.0,,,,0.0,882.1,-699.9,,133.8,74.6,491.5,182.2,-163.6,96.9,,,,96.9,96.9,,,66.7,18.6,-3.1,15.5,0.9,0.9,0.0,14.6,0.0,14.6,0.0,0.0,14.6,102.2,86.7,281.4,0.04,0.05,0.363184,291.1,0.04,0.05,0.347836,
03/31/2012,1648.9,352.6,,,,1282.9,,,,0.0,13.4,-627.4,627.4,627.4,,,,0.0,1021.5,-623.8,,145.4,86.8,391.6,397.7,-103.0,103.3,,,,103.3,103.3,,,-0.3,294.7,-102.2,192.5,-0.9,-0.9,0.0,193.4,0.0,193.4,0.0,0.0,193.4,188.1,-4.4,282.9,0.68,0.68,0.664899,293.1,0.66,0.66,0.644988,
06/30/2012,1038.8,377.1,,,,638.8,,,,0.0,22.9,-238.8,238.8,238.8,,,,0.0,800.0,-595.0,,147.3,66.6,381.1,205.0,-100.4,103.2,,,,103.2,103.2,,,-2.8,104.6,-36.3,68.3,-1.1,-1.1,0.0,69.4,0.0,69.4,0.0,0.0,69.4,66.2,-2.1,284.4,0.25,0.25,0.232771,295.8,0.23,0.23,0.222901,
09/30/2012,956.2,418.0,,,,504.6,,,,0.0,33.6,-227.2,227.2,227.2,,,,0.0,729.0,-597.5,,125.3,62.3,409.9,131.5,-105.7,107.9,,,,107.9,107.9,,,-2.2,25.8,-9.2,16.6,-2.7,-2.7,0.0,19.3,0.0,19.3,0.0,0.0,19.3,15.9,-0.7,290.298,0.06,0.05,0.054771,300.0,0.06,0.05,0.047667,
12/31/2012,1393.6,360.0,,,,995.9,,,,0.0,37.7,-426.6,426.6,426.6,,,,0.0,967.0,-660.4,,143.9,72.4,444.1,306.6,-107.5,103.9,,,,103.9,103.9,,,3.6,199.1,-67.0,132.1,-1.9,-1.9,0.0,134.0,0.0,134.0,0.0,0.0,134.0,132.7,0.6,309.9,0.43,0.42,0.428203,311.3,0.43,0.42,0.421927,
03/31/2013,1782.2,377.3,,,,1360.7,,,,0.0,44.2,-676.0,676.0,676.0,,,,0.0,1106.2,-677.3,,143.6,86.7,447.0,428.9,-94.5,98.6,,,,98.6,98.6,,,-4.1,334.4,-118.4,216.0,-44.5,-44.5,0.0,260.5,0.0,260.5,0.0,0.0,260.5,215.8,-0.2,311.1,0.84,0.69,0.693668,312.1,0.83,0.69,0.689359,
06/30/2013,1201.5,384.5,,,,759.8,,,,0.0,57.2,-349.3,349.3,349.3,,,,0.0,852.2,-658.2,,143.3,70.7,444.2,194.0,-88.7,102.0,,,,102.0,102.0,,,-13.3,105.3,-32.9,72.4,0.7,0.7,0.0,71.7,0.0,71.7,0.0,0.0,71.7,72.2,-0.2,312.2,0.23,0.23,0.231262,313.2,0.23,0.23,0.229361,
09/30/2013,1076.8,413.4,,,,602.0,,,,0.0,61.4,-243.0,243.0,243.0,,,,0.0,833.8,-657.4,,144.5,64.3,448.6,176.4,-99.0,103.7,,,,103.7,103.7,,,-4.7,77.4,-27.9,49.5,1.4,1.4,0.0,48.1,0.0,48.1,0.0,0.0,48.1,39.7,-9.8,312.8,0.16,0.16,0.126918,313.8,0.16,0.16,0.126918,
12/31/2013,1596.8,388.2,,,,1147.0,,,,0.0,61.6,-547.2,547.2,547.2,,,,0.0,1049.6,-705.5,,145.9,78.9,480.7,344.1,-108.4,110.5,,,,110.5,110.5,,,-2.1,235.7,-82.7,153.0,1.2,1.2,0.0,151.8,0.0,151.8,0.0,0.0,151.8,148.255,-4.745,313.4,0.48,0.49,0.473054,314.8,0.48,0.49,0.473054,
03/31/2014,2320.5,450.0,,,,1793.5,,,,0.0,77.0,-1061.3,1061.3,1061.3,,,,0.0,1259.2,-725.5,,148.7,101.1,475.7,533.7,-104.6,109.1,,,,109.1,109.1,,,-4.5,429.1,-162.7,266.4,0.2,0.2,0.0,266.2,0.0,266.2,0.0,0.0,266.2,250.7,-15.7,314.2,0.85,0.85,0.797899,315.1,0.85,0.85,0.797899,
06/30/2014,1335.1,404.8,,,,813.6,,,,0.0,116.7,-371.7,371.7,371.7,,,,0.0,963.4,-743.8,,149.1,73.4,521.3,219.6,-101.6,109.1,,,,109.1,109.1,,,-7.5,118.0,-39.5,78.5,0.3,0.3,0.0,78.2,,78.2,0.0,0.0,78.2,77.8,-0.7,315.0,0.25,0.25,0.246984,316.1,0.25,0.25,0.246984,
09/30/2014,838.2,423.5,430.0,4.9,-11.4,411.9,363.0,28.5,20.4,0.0,2.8,-262.4,262.4,262.4,,,,0.0,575.8,-504.7,,123.8,53.4,327.5,71.1,-89.0,94.7,,,,94.7,94.7,,,-5.7,-17.9,0.7,-17.2,-48.6,-48.6,0.0,31.4,0.0,31.4,0.0,0.0,31.4,-17.1,0.1,315.4,0.1,-0.05,-0.054217,315.4,0.1,-0.05,-0.054217,
12/31/2014,1691.1,392.6,,,,1241.4,,,,0.0,57.1,-560.7,560.7,560.7,,,,0.0,1130.4,-779.1,,154.7,77.8,546.6,351.3,-114.7,115.8,,,,115.8,115.8,,,-1.1,236.6,-82.3,154.3,0.1,0.1,0.0,154.2,0.0,154.2,0.0,0.0,154.2,146.37,-7.93,315.8,0.49,0.49,0.46349,317.5,0.49,0.49,0.46349,
03/31/2015,1852.2,395.8,399.1,6.3,-9.6,1448.8,1472.3,38.8,-62.3,0.0,7.6,-848.3,125.7,125.7,,722.6,722.6,0.0,1003.9,-617.6,,125.0,83.3,409.3,386.3,-89.3,92.8,,,,92.8,92.8,,,-3.5,297.0,-104.5,192.5,-82.8,-82.8,0.0,275.3,-6.9,268.4,0.0,0.0,268.4,186.2,0.6,316.6,0.85,0.586229,0.588124,317.4,0.85,0.586229,0.588119,
06/30/2015,884.6,375.6,362.7,2.5,10.4,504.5,498.8,18.5,-12.8,0.0,4.5,-250.0,116.6,116.6,,133.4,133.4,0.0,634.6,-550.2,,133.5,60.2,356.5,84.4,-193.1,98.2,,,,98.2,98.2,,,94.9,-108.7,35.6,-73.1,-36.7,-36.7,0.0,-36.4,,-36.4,0.0,0.0,-36.4,38.9,112.0,317.5,-0.11,-0.23,0.12252,317.5,-0.11,-0.23,0.12252,
09/30/2015,817.2,428.4,399.3,5.0,24.1,381.0,354.9,14.0,12.1,0.0,7.8,-209.1,209.1,209.1,,,,0.0,608.1,-498.4,,132.5,53.7,312.2,109.7,-89.1,94.9,,,,94.9,94.9,,,-5.8,20.6,-5.8,14.8,19.7,19.7,0.0,-4.9,0.0,-4.9,0.0,0.0,-4.9,17.0,2.2,318.1,-0.02,0.05,0.053442,321.5,-0.02,0.05,0.053442,
12/31/2015,1097.8,374.2,357.7,2.6,13.9,716.3,638.2,16.0,62.1,0.0,7.3,-336.4,110.8,110.8,,225.6,225.6,0.0,761.4,-541.9,,133.4,58.9,349.6,219.5,-88.5,94.3,,,,94.3,94.3,,,-5.8,131.0,-66.6,64.4,5.0,5.0,0.0,59.4,0.0,59.4,0.0,0.0,59.4,80.5,16.1,318.8,0.19,0.2,0.252509,321.1,0.19,0.2,0.25014,
03/31/2016,1436.6,392.3,367.9,2.5,21.9,1039.4,975.8,23.1,40.5,0.0,4.9,-496.5,119.1,119.1,,377.4,377.4,0.0,940.1,-558.7,,132.8,71.3,354.6,381.4,-89.8,90.5,,,,90.5,90.5,,,-0.7,291.6,-105.0,186.6,0.0,0.0,0.0,186.6,0.0,186.6,0.0,0.0,186.6,187.3,0.7,320.3,0.58,0.58,0.584764,322.5,0.58,0.58,0.582171,
06/30/2016,897.6,391.5,355.8,2.6,33.1,502.0,466.0,16.4,19.6,0.0,4.1,-234.9,118.8,118.8,,116.1,116.1,0.0,662.7,-524.5,,136.9,50.2,337.4,138.2,-92.1,86.0,,,,86.0,86.0,,,6.1,46.1,-17.1,29.0,0.1,0.1,0.0,28.9,0.0,28.9,0.0,0.0,28.9,28.8,-0.2,321.7,0.09,0.09,0.089524,323.2,0.09,0.09,0.089381,
09/30/2016,861.3,465.5,428.0,3.7,33.8,392.3,355.7,19.9,16.7,0.0,3.5,-218.2,142.1,142.1,,76.1,76.1,0.0,643.1,-529.4,,136.3,56.6,336.5,113.7,-81.5,85.0,,,,85.0,85.0,,,-3.5,32.2,-8.5,23.7,-3.5,-3.5,0.0,27.2,0.0,27.2,0.0,0.0,27.2,23.6,-0.1,322.3,0.08,0.07,0.073224,323.9,0.08,0.07,0.069691,
12/31/2016,1297.0,411.5,393.9,2.8,14.8,881.8,808.3,35.0,38.5,0.0,3.7,-440.6,114.8,114.8,,325.8,325.8,0.0,856.4,-623.6,,141.1,66.2,416.3,232.8,-89.1,73.0,,,,88.0,93.6,,,16.1,143.7,-51.5,92.2,3.4,3.4,0.0,88.8,0.0,88.8,0.0,0.0,88.8,90.8,-1.4,322.9,0.275008,0.285537,0.281202,324.4,0.273736,0.284217,0.279901,
03/31/2017,1598.6,421.7,415.5,2.8,3.4,1175.1,1143.1,30.9,1.1,0.0,1.8,-552.3,116.1,116.1,,436.2,436.2,0.0,1046.3,-630.9,,143.3,76.0,411.6,415.4,-82.9,81.8,-3.4,2.5,0.9,85.2,85.2,,,1.1,332.5,-121.2,211.3,0.0,0.0,0.0,211.3,0.0,211.3,0.0,0.0,211.3,212.275,0.975,323.7,0.65,0.65,0.655777,325.3,0.65,0.65,0.652997,
06/30/2017,990.7,458.0,414.5,2.5,41.0,532.0,489.0,35.8,7.2,0.0,0.7,-276.8,145.6,145.6,,131.2,131.2,0.0,713.9,-589.9,,142.2,56.2,391.5,124.0,-195.0,83.1,-4.6,3.7,0.9,87.7,87.7,,,111.9,-71.0,26.6,-44.4,0.0,0.0,0.0,-44.4,0.0,-44.4,0.0,0.0,-44.4,28.01,72.41,325.1,-0.14,-0.14,0.086158,325.1,-0.14,-0.14,0.082731,
09/30/2017,917.0,485.8,444.1,3.7,38.0,431.0,384.8,30.4,15.8,0.0,0.2,-233.6,139.0,139.0,,94.6,94.6,0.0,683.4,-572.2,,143.0,57.5,371.7,111.2,-94.7,82.2,-5.7,4.3,1.4,87.9,87.9,,,12.5,16.5,-2.5,14.0,0.0,0.0,0.0,14.0,0.0,14.0,0.0,0.0,14.0,19.33,5.33,331.1,0.04,0.04,0.058381,332.4,0.04,0.04,0.056035,
12/31/2017,1368.3,420.0,402.1,2.6,15.3,946.6,899.4,14.7,32.5,0.0,1.7,-456.0,113.0,113.0,,343.0,343.0,0.0,912.3,-641.7,,141.8,67.5,432.4,270.6,-105.6,88.9,-3.5,2.1,1.4,92.4,92.4,,,16.7,165.0,-217.4,-52.4,0.0,0.0,0.0,-52.4,0.0,-52.4,0.0,0.0,-52.4,117.8,170.2,337.5,-0.16,-0.16,0.349037,338.8,-0.16,-0.16,0.342361,
03/31/2018,1750.8,423.3,394.1,4.7,24.5,1326.0,1276.6,22.3,27.1,0.0,1.5,-724.4,132.6,132.6,,591.8,591.8,0.0,1026.4,-625.8,,144.7,78.9,402.2,400.6,-61.8,87.7,-5.4,3.7,1.7,93.1,93.1,,,-25.9,338.8,-62.7,276.1,0.0,0.0,0.0,276.1,0.0,276.1,0.0,0.0,276.1,259.115,-16.985,338.0,0.82,0.82,0.766612,339.0,0.81,0.81,0.759897,
06/30/2018,1007.0,405.0,381.9,3.9,19.2,601.1,562.3,20.9,17.9,0.0,0.9,-313.3,115.7,115.7,,197.6,197.6,0.0,693.7,-575.3,,144.6,65.5,365.2,118.4,-88.4,83.7,-5.0,3.9,1.1,88.7,88.7,,,4.7,30.0,-5.5,24.5,0.0,0.0,0.0,24.5,0.0,24.5,-1.3,0.0,23.2,39.711,16.511,354.2,0.07,0.07,0.112115,355.2,0.07,0.07,0.112115,
09/30/2018,895.0,476.2,449.2,3.8,23.2,418.3,381.2,22.0,15.1,0.0,0.5,-222.0,136.3,136.3,,85.7,85.7,0.0,673.0,-988.9,,148.5,58.9,781.5,-315.9,-118.1,77.0,-6.4,5.0,1.4,83.4,83.4,,,41.1,-434.0,94.5,-339.5,0.0,0.0,0.0,-339.5,0.0,-339.5,-5.6,0.0,-345.1,46.424,391.524,363.9,-0.95,-0.95,0.127574,363.9,-0.95,-0.95,0.125911,
12/31/2018,1461.7,403.0,376.5,3.3,23.2,1058.1,1010.5,27.2,20.4,0.0,0.6,-501.6,119.3,119.3,,382.3,382.3,0.0,960.1,-1038.5,,161.8,71.5,805.2,-78.4,-87.0,84.1,-4.0,1.6,2.4,88.1,88.1,,,2.9,-165.4,153.7,-11.7,0.0,0.0,0.0,-11.7,0.0,-11.7,-8.1,0.0,-19.8,154.789,174.589,369.4,-0.05,-0.05,0.419028,369.4,-0.05,-0.05,0.419028,
03/31/2019,1869.8,430.8,401.4,6.9,22.5,1438.8,1388.7,17.2,32.9,0.0,0.2,-680.3,130.2,130.2,,550.1,550.1,0.0,1189.5,-815.3,,175.1,87.6,552.6,374.2,-96.3,91.8,-3.8,1.7,2.1,95.6,95.6,,,4.5,277.9,-59.0,218.9,0.0,0.0,0.0,218.9,0.0,218.9,-13.8,0.0,205.1,310.802,105.702,373.4,0.55,0.55,0.832357,374.7,0.55,0.55,0.832098,
06/30/2019,1010.4,406.4,376.8,6.7,22.9,603.8,549.7,23.4,30.7,0.0,0.2,-253.5,116.8,116.8,,136.7,136.7,0.0,756.9,-293.4,,177.9,66.4,49.1,463.5,-94.4,90.4,-3.7,2.5,1.2,94.1,94.1,,,4.0,369.1,-72.2,296.9,0.0,0.0,0.0,296.9,0.0,296.9,-13.8,0.0,283.1,19.556,-263.544,373.9,0.76,0.76,0.052303,375.2,0.75,0.75,0.047591,
09/30/2019,931.5,467.7,436.5,0.0,31.2,463.6,424.5,16.9,22.2,0.0,0.2,-196.7,123.7,123.7,,73.0,73.0,0.0,734.8,-643.8,,182.2,67.9,393.7,91.0,-94.6,90.9,-5.0,2.9,2.1,95.9,95.9,,,3.7,-3.6,10.2,6.6,0.0,0.0,0.0,6.6,0.0,6.6,-13.8,0.0,-7.2,8.837,16.037,374.1,-0.02,-0.02,0.023622,374.1,-0.02,-0.02,0.022868,
12/31/2019,1397.2,384.6,362.0,2.7,19.9,1010.2,975.2,17.3,17.7,0.0,2.4,-404.3,96.5,96.5,,307.8,307.8,0.0,992.9,-1030.9,,182.2,74.9,773.8,-38.0,-98.8,90.1,-3.2,0.9,2.3,93.3,93.3,,,8.7,-136.8,-2.5,-139.3,0.0,0.0,0.0,-139.3,0.0,-139.3,-13.7,0.0,-153.0,239.224,392.224,377.2,-0.41,-0.41,0.63421,378.3,-0.41,-0.41,0.626807,
03/31/2020,1605.5,354.4,,,,1171.3,1171.3,,,0.0,79.8,-462.4,85.0,85.0,,377.4,377.4,0.0,1143.1,-994.9,,184.3,85.9,724.7,148.2,-87.5,89.5,-3.4,1.7,1.7,92.9,92.9,,,-2.0,60.7,14.9,75.6,0.0,0.0,0.0,75.6,0.0,75.6,-13.8,0.0,61.8,289.478,227.678,383.1,0.16,0.16,0.75562,384.1,0.16,0.16,0.752757,
06/30/2020,962.7,356.2,329.7,,26.5,606.3,586.0,8.0,12.3,0.0,0.2,-188.4,69.2,69.2,,119.2,119.2,0.0,774.3,-682.6,,177.5,68.2,436.9,91.7,-90.5,94.2,-2.8,1.4,1.4,97.0,97.0,,,-3.7,1.2,-5.9,-4.7,0.0,0.0,0.0,-4.7,0.0,-4.7,-13.8,0.0,-18.5,55.76,74.26,383.5,-0.05,-0.05,0.145398,383.5,-0.05,-0.05,0.143638,
09/30/2020,957.0,,,,,,,,,,,,,,,,,,746.21118,,,,,,126.0,,,,,,,,,,,30.5,,1.81,,,,,,1.81,,,1.81,1.81,,,0.023,0.023,0.027,,0.023,0.023,0.027,
12/31/2020,1415.667,,,,,,,,,,,,,,,,,,1002.61783941,,,,,,312.0,,,,,,,,,,,211.0,,-213.0,,,,,,-213.0,,,-213.0,-213.0,,,0.153,0.153,0.176,,0.153,0.153,0.176,
