Date,Revenue,Sales & Services Revenue,Cost of Revenue,Cost of Goods & Services,Gross Profit,Other Operating Income,Operating Expenses,"Selling, General & Admin",Research & Development,Other Operating Expense,Operating Income (Loss),Non-Operating (Income) Loss,"Interest Expense, Net",Interest Expense,Interest Income,Foreign Exch (Gain) Loss,Other Non-Op (Income) Loss,Pretax Income,Income Tax Expense (Benefit),Income (Loss) from Cont Ops,Net Extraordinary Losses (Gains),Discontinued Operations,XO & Accounting Changes,Income (Loss) Incl. MI,Minority Interest,"Net Income, GAAP",Preferred Dividends,Other Adjustments,"Net Income Avail to Common, GAAP","Net Income Avail to Common, Adj",Net Abnormal Losses (Gains),Basic Weighted Avg Shares,"Basic EPS, GAAP",Basic EPS from Cont Ops,"Basic EPS from Cont Ops, Adjusted",Diluted Weighted Avg Shares,"Diluted EPS, GAAP",Diluted EPS from Cont Ops,"Diluted EPS from Cont Ops, Adjusted",Source: Bloomberg
08/31/1989,602.64801,,-374.372986,,228.275024,,-101.226997,,,,127.047997,-2.194,,2.452,,0.0,-0.258,124.853997,-49.0,75.853996,0.0,,,75.853997,0.0,75.853996,-0.007,,75.846996,75.846996,,2414.144043,0.031406,0.031406,,2414.144043,0.031406,0.031406,0.031406,
11/30/1989,445.704987,,-281.65799,,164.046997,,-104.140999,,,,59.905998,0.671,,2.482,,0.0,-3.153,60.576998,-23.799999,36.777,0.0,,,36.776999,0.0,36.777,-0.007,,36.77,36.77,,2423.743896,0.015156,0.015156,,2423.743896,0.015156,0.015156,0.015156,
02/28/1990,577.869019,,-357.928986,,219.940033,,-114.716003,,,,105.223999,-1.319,,2.518,,0.0,-1.199,103.904999,-40.799999,63.105,0.0,,,63.105,0.0,63.105,-0.007,,63.098,63.098,,2420.543945,0.026094,0.026094,,2420.543945,0.026094,0.026094,0.026094,
05/31/1990,609.021973,,-370.212006,,238.809967,,-134.436996,,,,104.373001,-0.351,,3.005,,0.0,-2.654,104.022001,-36.799999,67.222,0.0,,,67.222002,0.0,67.222,-0.009,,67.213,67.213,,2397.664062,0.027656,0.027656,,2397.664062,0.027656,0.027656,0.027656,
08/31/1990,833.606995,,-521.869995,,311.737,,-146.412003,,,,165.324997,-1.971,,2.383,,0.0,-0.412,163.353997,-63.700001,99.653999,0.0,,,99.653996,0.0,99.653999,-0.007,,99.646999,99.646999,,2432.768066,0.040937,0.040937,,2432.768066,0.040937,0.040937,0.040937,
11/30/1990,648.828003,,-406.755005,,242.072998,,-142.990005,,,,99.083,-3.902,,5.223,,0.0,-1.321,95.181,-37.099998,58.081001,0.0,,,58.081002,0.0,58.081001,-0.007,,58.074001,58.074001,,2427.968018,0.024062,0.024062,,2427.968018,0.024062,0.024062,0.024062,
02/28/1991,802.208008,,-496.173004,,306.035004,,-181.759003,,,,124.276001,-8.408,,9.706,,0.0,-1.298,115.868001,-45.200001,70.667999,0.0,,,70.668,0.0,70.667999,-0.007,,70.660999,70.660999,,2436.0,0.029063,0.029063,,2436.0,0.029063,0.029063,0.029063,
05/31/1991,718.96698,,-425.731995,,293.234985,,-192.899994,,,,100.334999,-12.992,,10.004,,0.0,2.988,87.342999,-28.700001,58.643002,0.0,,,58.642999,0.0,58.643002,-0.009,,58.634002,58.634002,,2407.263916,0.02375,0.02375,,2407.263916,0.02375,0.02375,0.02375,
08/31/1991,947.161011,,-580.585999,,366.575012,,-172.283997,,,,194.291,-8.154,,8.477,,0.0,-0.323,186.137,-71.699997,114.436996,0.0,,,114.437003,0.0,114.436996,-0.007,,114.429996,114.429996,,2438.624023,0.046875,0.046875,,2438.624023,0.046875,0.046875,0.046875,
11/30/1991,743.416992,,-455.437988,,287.979004,,-181.354004,,,,106.625,-6.69,,7.124,,0.0,-0.434,99.935,-38.400002,61.535,0.0,,,61.534998,0.0,61.535,-0.007,,61.528,61.528,,2450.048096,0.025,0.025,,2450.048096,0.025,0.025,0.025,
02/29/1992,867.018982,,-532.572998,,334.445984,,-193.692001,,,,140.753998,-6.537,,6.599,,0.0,-0.062,134.216998,-51.700001,82.516998,0.0,,,82.516997,0.0,82.516998,-0.007,,82.509998,82.509998,,2458.944092,0.03375,0.03375,,2458.944092,0.03375,0.03375,0.03375,
05/31/1992,847.614014,,-520.492004,,327.122009,,-214.167999,,,,112.954002,-11.425,,8.465,,0.0,2.96,101.529002,-30.799999,70.728996,0.0,,,70.729003,0.0,70.728996,-0.009,,70.719996,70.719996,,2415.855957,0.02875,0.02875,,2415.855957,0.02875,0.02875,0.02875,
08/31/1992,1099.862061,,-666.663025,,433.199036,,-228.005005,,,,205.194,-5.001,,5.852,,0.0,-0.851,200.193,-77.599998,122.593002,0.0,,,122.593002,0.0,122.593002,-0.007,,122.586002,122.586002,,2459.424072,0.05,0.05,,2459.424072,0.05,0.05,0.05,
11/30/1992,875.838989,,-529.604004,,346.234985,,-213.542007,,,,132.692993,-8.548,,7.344,,0.0,1.204,124.144993,-48.099998,76.044998,0.0,,,76.044995,0.0,76.044998,-0.007,,76.037998,76.037998,,2467.52002,0.030625,0.030625,,2467.52002,0.030625,0.030625,0.030625,
02/28/1993,972.004028,,-596.02301,,375.981018,,-222.673996,,,,153.307007,-7.236,,5.823,,0.0,1.413,146.071007,-56.599998,89.471001,0.0,,,89.471008,0.0,89.471001,-0.007,,89.464001,89.464001,,2470.208008,0.03625,0.03625,,2470.208008,0.03625,0.03625,0.03625,
05/31/1993,983.278992,,-594.703003,,388.575989,,-258.040009,,,,130.535995,-6.429,,6.72,,0.0,-0.291,124.106996,-47.200001,76.906998,0.0,,,76.906995,0.0,76.906998,-0.009,,76.897998,76.897998,,2467.008057,0.03125,0.03125,,2467.008057,0.03125,0.03125,0.03125,
08/31/1993,1107.878052,,-667.807007,,440.071045,,-239.279007,,,,200.792007,-7.992,,4.632,,0.0,3.36,192.800008,-78.699997,114.099998,0.0,,,114.100011,0.0,114.099998,-0.007,,114.092998,114.092998,,2455.808105,0.046563,0.046563,,2455.808105,0.046563,0.046563,0.046563,
11/30/1993,805.789001,,-496.127991,,309.661011,,-223.468002,,,,86.193001,-2.698,,3.88,,0.0,-1.182,83.495001,-31.200001,52.294998,0.0,,,52.295,0.0,52.294998,-0.007,,52.287998,52.287998,,2420.768066,0.021562,0.021562,,2420.768066,0.021562,0.021562,0.021562,
02/28/1994,871.844971,,-537.065979,,334.778992,,-231.285004,,,,103.494003,-0.759,,3.988,,0.0,-3.229,102.735003,-39.5,63.235001,0.0,,,63.235003,0.0,63.235001,-0.007,,63.228001,63.228001,,2404.768066,0.026563,0.026563,,2404.768066,0.026563,0.026563,0.026563,
05/31/1994,1004.156006,,-600.421997,,403.734009,,-280.066986,,,,123.667,-12.103,,2.782,,0.0,9.321,111.564,-42.400002,69.164001,0.0,,,69.163998,0.0,69.164001,-0.009,,69.155001,69.155001,,2376.895996,0.029063,0.029063,,2376.895996,0.029063,0.029063,0.029063,
08/31/1994,1170.35498,,-700.447021,,469.907959,,-292.294006,,,,177.613998,-3.927,,4.757,,0.0,-0.83,173.686998,-67.699997,105.987,0.0,,,105.987001,0.0,105.987,,,105.987,105.987,,2375.104004,0.044687,0.044687,,2375.104004,0.044687,0.044687,0.044687,
11/30/1994,1053.745972,,-640.031006,,413.714966,,-268.872986,,,,144.841995,-5.603,,3.941,,0.0,1.662,139.238995,-54.299999,84.939003,0.0,,,84.938996,0.0,84.939003,,,84.939003,84.939003,,2347.808105,0.03625,0.03625,,2347.808105,0.03625,0.03625,0.03625,
02/28/1995,1124.697021,,-678.403992,,446.29303,,-278.311005,,,,167.981995,-11.633,,6.257,,0.0,5.376,156.348995,-61.0,95.348999,0.0,,,95.348995,0.0,95.348999,,,95.348999,95.348999,,2351.360107,0.040312,0.040312,,2351.360107,0.040312,0.040312,0.040312,
05/31/1995,1412.036011,,-846.39801,,565.638,,-370.282013,,,,195.356003,-14.767,,9.253,,0.0,5.514,180.589003,-67.199997,113.389,0.0,,,113.389006,0.0,113.389,-0.03,,113.359,113.359,,2334.048096,0.04875,0.04875,,2334.048096,0.04875,0.04875,0.04875,
08/31/1995,1700.02002,,-1013.379028,,686.640991,,-369.042999,,,,317.597992,-21.5,,11.251,,,10.249,296.097992,-114.0,182.098007,0.0,,,182.097992,0.0,182.098007,,,182.098007,182.098007,,2333.63208,0.070625,0.070625,0.070625,2333.63208,0.070625,0.070625,0.070625,
11/30/1995,1356.758057,,-828.129028,,528.629028,,-353.714996,,,,174.914001,-15.902,,8.527,,,7.375,159.012001,-61.200001,97.811996,0.0,,,97.812,0.0,97.811996,,,97.811996,97.811996,,2351.904053,0.0425,0.0425,0.0425,2351.904053,0.0425,0.0425,0.0425,
02/29/1996,1582.03894,,-953.315979,,628.722961,,-387.533997,,,,241.188995,-23.515,,12.086,,0.0,11.429,217.673995,-83.800003,133.873993,0.0,,,133.873992,0.0,133.873993,,,133.873993,133.873993,,2353.696045,0.05625,0.05625,0.05625,2353.696045,0.05625,0.05625,0.05625,
05/31/1996,1831.807983,,-1111.921997,,719.885986,,-478.320007,,,,241.565994,-15.26,,7.634,,,7.626,226.305994,-86.900002,139.406006,0.0,,,139.405992,0.0,139.406006,,,139.406006,139.406006,,2363.728032,0.06625,0.06625,0.06625,2363.728032,0.06625,0.06625,0.06625,
08/31/1996,2281.926025,,-1362.119019,,919.807007,,-529.536987,,,,390.269989,-21.307,,12.666,,,8.641,368.962989,-142.899994,226.063004,0.0,,,226.062995,0.0,226.063004,,,226.063004,226.063004,,2301.600098,0.09875,0.09875,0.09875,2371.199951,0.095,0.095,0.095,
11/30/1996,2107.033936,,-1277.628052,,829.405884,,-530.453003,,,,298.953003,-10.081,,10.228,,,-0.147,288.872003,-112.0,176.871994,0.0,,,176.872003,0.0,176.871994,,,176.871994,176.871994,,2306.399902,0.07625,0.07625,0.07625,2376.0,0.075,0.075,0.075,
02/28/1997,2423.647949,,-1435.427002,,988.220947,,-577.578979,,,,410.641998,-23.509,,15.793,,0.0,7.716,387.132998,-150.0,237.132996,0.0,,,237.132998,0.0,237.132996,,,237.132996,237.132996,,2308.800049,0.1025,0.1025,0.1025,2379.199951,0.1,0.1,0.1,
05/31/1997,2373.930908,,-1427.81897,,946.111938,,-666.13501,,,,279.97699,-29.722999,,13.656,,,16.066999,250.253991,-94.5,155.753998,0.0,,,155.753991,0.0,155.753998,,,155.753998,155.753998,,2312.800048,0.0675,0.0675,0.0675,2378.399904,0.065,0.065,0.065,
08/31/1997,2766.099121,,-1665.464966,,1100.634155,,-658.916016,,,,441.717987,-30.088,,16.919001,,,13.169,411.629987,-158.5,253.130005,0.0,,,253.129987,0.0,253.130005,,,253.130005,253.130005,,2319.199951,0.10875,0.10875,0.10875,2380.0,0.10625,0.10625,0.10625,
11/30/1997,2255.271973,,-1409.521973,,845.75,,-593.044006,,,,252.705994,-23.457,,17.136,,,6.321,229.248994,-88.199997,141.048996,0.0,,,141.048997,0.0,141.048996,,,141.048996,141.048996,,2322.399902,0.06125,0.06125,0.06125,2373.600098,0.06,0.06,0.06,
02/28/1998,2223.995117,,-1428.848999,,795.146118,,-651.377991,,,,143.768005,-21.15,,13.167,,0.0,7.983,122.618006,-49.5,73.117996,0.0,,,73.118006,0.0,73.117996,,,73.117996,73.117996,,2300.800049,0.03125,0.03125,0.03125,2345.600098,0.03125,0.03125,0.03125,
05/31/1998,2307.733887,,-1561.66394,,746.069946,,-720.461975,,,,25.608,-136.105003,,12.778,,0.0,123.327003,-110.497004,42.799999,-67.696999,0.0,,,-67.697004,0.0,-67.696999,,,-67.696999,-67.696999,,2296.743896,-0.02875,-0.02875,0.005,2296.800049,-0.02875,-0.02875,0.005,
08/31/1998,2504.8,,-1562.6,,942.2,0.0,-652.6,652.6,,0.0,289.6,-18.8,,14.2,,,4.6,270.8,-107.0,163.8,,,,163.8,,163.8,0.0,0.0,163.8,163.8,,2293.6,0.07125,0.07125,0.07125,2336.0,0.07,0.07,0.07,
11/30/1998,1913.0,,-1229.6,,683.4,0.0,-531.9,531.9,,0.0,151.5,-37.7,,10.1,,,27.6,113.8,-44.9,68.9,,,,68.9,,68.9,0.0,0.0,68.9,68.9,12.155,2264.0,0.03,0.03,0.035369,2301.6,0.03,0.03,0.035281,
02/28/1999,2176.8,,-1364.9,,811.9,,-569.8,,,,242.1,-36.7,10.4,10.4,,,26.3,205.4,-81.2,124.2,0.0,,,124.2,0.0,124.2,,,124.2,124.2,,2250.4,0.055,0.055,0.055,2288.8,0.055,0.055,0.055,
05/31/1999,2182.3,,-1336.4,,845.9,,-672.3,,,,173.6,-17.5,9.4,9.4,,,8.1,156.1,-61.6,94.5,0.0,,,94.5,0.0,94.5,0.0,,94.5,94.5,,2256.8,0.04125,0.04125,0.0475,2298.4,0.04125,0.04125,0.0475,
08/31/1999,2501.1,,-1534.7,,966.4,,-626.5,,,,339.9,-17.0,10.0,10.0,,,7.0,322.9,-122.7,200.2,0.0,,,200.2,0.0,200.2,0.0,,200.2,200.2,,2248.8,0.08875,0.08875,0.08875,2284.0,0.0875,0.0875,0.0875,
11/30/1999,2059.7,,-1238.0,,821.7,,-624.8,,,,196.9,-23.5,6.7,6.7,,,16.8,173.4,-65.9,107.5,0.0,,,107.5,0.0,107.5,0.0,,107.5,107.5,,2218.4,0.04875,0.04875,0.04875,2249.6,0.0475,0.0475,0.0475,
02/29/2000,2161.6,,-1286.4,,875.2,,-632.4,632.4,,0.0,242.8,-13.7,,13.9,,,-0.2,229.1,-83.8,145.3,,,,145.3,,145.3,,,145.3,145.3,,2208.8,0.06625,0.06625,0.06625,2215.2,0.065,0.065,0.065,
05/31/2000,2272.7,,-1344.7,,928.0,,-722.7,,,,205.3,-11.5,14.4,14.4,,,-2.9,193.8,-67.7,126.1,0.0,,,126.1,0.0,126.1,,,126.1,126.1,,2161.6,0.05875,0.05875,0.05825,2191.2,0.0575,0.0575,0.05825,
08/31/2000,2636.7,,-1569.2,,1067.5,,-701.1,,,,366.4,-35.4,15.4,15.4,,,20.0,331.0,-120.8,210.2,0.0,,,210.2,0.0,210.2,0.0,0.0,210.2,210.2,,2159.2,0.0975,0.0975,0.0975,2190.4,0.09625,0.09625,0.09625,
11/30/2000,2198.7,,-1327.3,,871.4,,-673.1,,,,198.3,-10.3,16.7,16.7,,,-6.4,188.0,-68.6,119.4,0.0,,,119.4,0.0,119.4,0.0,0.0,119.4,119.4,,2158.4,0.055,0.055,0.055,2185.6,0.055,0.055,0.055,
02/28/2001,2170.1,,-1341.5,,828.6,,-660.2,,,,168.4,-20.2,14.0,14.0,,,6.2,148.2,-50.8,97.4,0.0,,,97.4,0.0,97.4,0.0,0.0,97.4,97.4,,2167.2,0.045,0.045,0.045,2196.8,0.04375,0.04375,0.04375,
05/31/2001,2483.3,,-1546.9,,936.4,,-655.3,,,,281.1,-26.9,12.6,12.6,,,14.3,254.2,-91.5,162.7,0.0,,,162.7,0.0,162.7,0.0,0.0,162.7,162.7,,2154.4,0.075,0.075,0.075,2172.0,0.075,0.075,0.075,
08/31/2001,2613.7,,-1584.8,,1028.9,,-696.2,,,,332.7,-18.5,13.0,13.0,,,5.5,314.2,-110.0,204.2,5.0,,,199.2,0.0,199.2,0.0,0.0,199.2,199.2,,2148.8,0.0925,0.095,0.095,2172.8,0.09125,0.09375,0.09375,
11/30/2001,2336.8,,-1441.4,,895.4,,-677.7,,,,217.7,-18.8,12.3,12.3,,,6.5,198.9,-69.6,129.3,0.0,,,129.3,0.0,129.3,0.0,0.0,129.3,129.3,,2144.8,0.06,0.06,0.06,2172.8,0.06,0.06,0.06,
02/28/2002,2260.3,,-1376.8,,883.5,,-682.5,,,,201.0,-12.0,12.1,12.1,,,-0.1,189.0,-62.7,126.3,0.0,,,126.3,0.0,126.3,0.0,0.0,126.3,126.3,,2147.2,0.05875,0.05875,0.05875,2187.2,0.0575,0.0575,0.0575,
05/31/2002,2682.2,,-1601.7,,1080.5,,-764.0,,,,316.5,-1.3,10.2,10.2,,,-8.9,315.2,-106.7,208.5,0.0,,,208.5,0.0,208.5,0.0,0.0,208.5,208.5,,2135.2,0.0975,0.0975,0.0975,2176.0,0.09625,0.09625,0.09625,
08/31/2002,2796.3,,-1639.2,,1157.1,,-804.8,,,,352.3,-18.2,7.2,7.2,,,11.0,334.1,-116.9,217.2,266.1,,,-48.9,0.0,-48.9,0.0,0.0,-48.9,-48.9,,2122.4,-0.0225,0.1025,0.1025,2152.8,-0.0225,0.10125,0.10125,
11/30/2002,2514.7,,-1504.6,,1010.1,,-761.9,,,,248.2,-18.6,7.1,7.1,,,11.5,229.6,-77.6,152.0,0.0,,,152.0,0.0,152.0,0.0,0.0,152.0,152.0,,2117.6,0.07125,0.07125,0.07125,2140.0,0.07125,0.07125,0.07125,
02/28/2003,2400.9,,-1424.9,,976.0,,-758.1,,,,217.9,-30.5,7.0,7.0,,,23.5,187.4,-62.7,124.7,0.0,,,124.7,0.0,124.7,0.0,0.0,124.7,124.7,,2111.2,0.05875,0.05875,0.05875,2133.6,0.05875,0.05875,0.05875,
05/31/2003,2985.1,,-1744.9,,1240.2,,-829.3,,,,410.9,-39.0,,22.4,,,16.6,371.9,-125.7,246.2,,,,246.2,,246.2,,,246.2,246.2,,2112.0,0.11625,0.11625,0.11625,2140.8,0.115,0.115,0.115,
08/31/2003,3024.899902,,-1723.400024,,1301.499878,,-869.599976,,,,431.899994,-31.299999,10.9,10.9,,,20.4,400.599995,-139.399994,261.200012,0.0,,,261.200001,0.0,261.200012,0.0,0.0,261.200012,261.200012,,2103.199951,0.12375,0.12375,0.12375,2137.600098,0.1225,0.1225,0.1225,
11/30/2003,2837.100098,,-1637.5,,1199.600098,,-902.5,,,,297.100006,-22.4,11.9,11.9,,,10.5,274.700006,-95.599998,179.100006,0.0,,,179.100008,0.0,179.100006,0.0,0.0,179.100006,179.100006,,2106.399902,0.085,0.085,0.085,2156.0,0.0825,0.0825,0.0825,
02/29/2004,2904.0,,-1682.099976,,1221.900024,,-892.0,,,,329.899994,-22.7,9.3,9.3,,,13.4,307.199994,-106.900002,200.300003,0.0,,,200.299993,0.0,200.300003,0.0,0.0,200.300003,200.300003,,2108.0,0.095,0.095,0.095,2168.800049,0.0925,0.0925,0.0925,
05/31/2004,3487.1,,-1958.4,,1528.7,,-1037.9,,,,490.8,-23.3,,8.5,,,14.8,467.5,-162.5,305.0,,,,305.0,,305.0,,,305.0,305.0,,2105.6,0.145,0.145,0.145,2166.4,0.14125,0.14125,0.14125,
08/31/2004,3561.800049,,-1976.0,,1585.800049,,-1073.599976,,,,512.200012,-6.7,9.4,9.4,,,-2.7,505.500013,-178.699997,326.799988,0.0,,,326.800016,0.0,326.799988,0.0,0.0,326.799988,326.799988,,2101.600098,0.155,0.155,0.155,2158.399902,0.15125,0.15125,0.15125,
11/30/2004,3148.300049,,-1760.199951,,1388.100098,,-973.200012,,,,414.899994,-11.9,10.3,10.3,,,1.6,402.999994,-141.100006,261.899994,0.0,,,261.899988,0.0,261.899994,0.0,0.0,261.899994,261.899994,,2106.399902,0.12375,0.12375,0.12375,2168.800049,0.12125,0.12125,0.12125,
02/28/2005,3308.2,,-1849.4,,1458.8,,-1035.7,,,,423.1,-9.7,-0.1,,,,9.8,413.4,-140.0,273.4,0.0,,,273.4,0.0,273.4,0.0,0.0,273.4,273.4,,2106.4,0.13,0.13,0.13,2173.6,0.12625,0.12625,0.12625,
05/31/2005,3721.4,,-2038.7,,1682.7,,-1139.2,,,,543.5,-5.6,50.2,15.2,,,-44.6,537.9,-188.4,349.5,0.0,,,349.5,0.0,349.5,0.0,0.0,349.5,349.5,,2088.8,0.1675,0.1675,0.1675,2148.0,0.1625,0.1625,0.1625,
08/31/2005,3862.0,,-2113.899902,,1748.100098,,-1104.400024,,,,643.700012,16.3,11.3,11.3,,,-27.6,660.000012,-227.699997,432.299988,0.0,,,432.300015,0.0,432.299988,0.0,0.0,432.299988,432.299988,,2087.199951,0.2075,0.2075,0.2075,2148.800049,0.20125,0.20125,0.20125,
11/30/2005,3474.7,,-1963.3,,1511.4,,-1054.7,,,,456.7,7.1,12.9,12.9,,,-20.0,463.8,-162.7,301.1,0.0,,,301.1,0.0,301.1,0.0,0.0,301.1,301.1,,2072.0,0.145,0.145,0.145,2109.6,0.1425,0.1425,0.1425,
02/28/2006,3612.800049,,-2038.699951,,1574.100098,,-1086.599976,,,,487.5,19.1,12.1,12.1,,,-31.200001,506.6,-180.800003,325.799988,0.0,,,325.799997,0.0,325.799988,0.0,0.0,325.799988,325.799988,,2071.199951,0.1575,0.1575,0.1575,2107.199951,0.155,0.155,0.155,
05/31/2006,4005.4,,-2252.0,,1753.4,,-1232.1,,,,521.3,-10.1,-73.1,14.2,,,83.2,511.2,-178.4,332.8,0.0,,,332.8,0.0,332.8,0.0,0.0,332.8,332.8,,2057.6,0.16125,0.16125,0.17625,2091.2,0.15875,0.15875,0.17375,
08/31/2006,4194.1,,-2344.9,,1849.2,,-1289.7,1289.7,,0.0,559.5,16.3,-13.1,15.3,,,-3.2,575.8,-198.6,377.2,,,,377.2,,377.2,,0.0,377.2,377.2,,2021.6,0.18625,0.18625,0.18625,2048.0,0.18375,0.18375,0.18375,
11/30/2006,3821.7,,-2164.6,,1657.1,,-1223.7,1223.7,,0.0,433.4,13.9,-14.1,13.0,,,0.2,447.3,-121.7,325.6,,,,325.6,,325.6,,0.0,325.6,325.6,,2009.6,0.1625,0.1625,0.14625,2029.6,0.16,0.16,0.14375,
02/28/2007,3926.9,,-2191.7,,1735.2,,-1243.3,1243.3,,0.0,491.9,26.1,-15.8,15.8,,,-10.3,518.0,-167.2,350.8,0.0,,,350.8,0.0,350.8,,,350.8,350.8,,2018.0,0.08625,0.08625,0.08625,2043.2,0.085,0.085,0.085,
05/31/2007,4383.2,,-2464.2,,1919.0,,-1272.0,1272.0,,0.0,647.0,11.8,-23.1,5.6,-28.7,,11.3,658.8,-220.9,437.9,,,,437.9,,437.9,,0.0,437.9,437.9,,2011.2,0.2175,0.2175,0.2175,2040.8,0.215,0.215,0.215,
08/31/2007,4655.1,,-2568.1,,2087.0,,-1434.7,1434.7,,0.0,652.3,18.0,-24.6,,,,6.6,670.3,-100.6,569.7,,,,569.7,,569.7,,0.0,569.7,569.7,,1997.6,0.285,0.285,0.235,2029.2,0.28,0.28,0.23,
11/30/2007,4339.5,,-2418.4,,1921.1,,-1429.5,1429.5,,0.0,491.6,24.0,-23.1,,,,-0.9,515.6,-156.2,359.4,,,,359.4,,359.4,,0.0,359.4,359.4,,1990.4,0.18,0.18,0.18,2024.8,0.1775,0.1775,0.1775,
02/29/2008,4544.4,,-2496.5,,2047.9,,-1403.2,1403.2,,0.0,644.7,24.0,-18.7,,,,-5.3,668.7,-204.9,463.8,,,,463.8,,463.8,,0.0,463.8,463.8,,1975.6,0.235,0.235,0.235,2010.0,0.23,0.23,0.23,
05/31/2008,5088.0,,-2756.6,,2331.4,0.0,-1686.3,1686.3,,0.0,645.1,3.2,-10.7,,,,7.5,648.3,-157.8,490.5,0.0,,,490.5,0.0,490.5,,0.0,490.5,490.5,0.0,1965.6,0.25,0.25,0.25,2000.4,0.245,0.245,0.245,
08/31/2008,5432.2,5432.2,-2870.1,2870.1,2562.1,0.0,-1856.4,1856.4,,0.0,705.7,8.5,-10.1,,,,1.6,714.2,-203.7,510.5,0.0,0.0,0.0,510.5,0.0,510.5,0.0,0.0,510.5,510.5,0.0,1948.8,0.2625,0.2625,0.2625,1979.6,0.2575,0.2575,0.2575,
11/30/2008,4590.1,4590.1,-2540.1,2540.1,2050.0,0.0,-1546.8,1546.8,,0.0,503.2,17.4,-5.0,,,,-12.4,520.6,-129.6,391.0,0.0,0.0,0.0,391.0,0.0,391.0,0.0,0.0,391.0,391.0,0.0,1934.8,0.2025,0.2025,0.2025,1959.2,0.2,0.2,0.2,
02/28/2009,4440.8,4440.8,-2492.3,2492.3,1948.5,0.0,-1753.4,1352.1,,401.3,195.1,40.3,3.0,,,,-43.3,235.4,8.4,243.8,0.0,0.0,0.0,243.8,0.0,243.8,0.0,0.0,243.8,574.4,330.6,1936.0,0.125,0.125,0.296694,1952.4,0.125,0.125,0.29433,
05/31/2009,4713.0,4713.0,-2669.2,2669.2,2043.8,0.0,-1589.3,1394.3,,195.0,454.5,31.8,2.6,,,,-34.4,486.3,-144.9,341.4,0.0,0.0,0.0,341.4,0.0,341.4,0.0,0.0,341.4,485.9,144.5,1939.2,0.175,0.175,0.250567,1957.6,0.175,0.175,0.248815,
08/31/2009,4799.0,4799.0,-2583.0,2583.0,2216.0,0.0,-1546.0,1546.0,,0.0,670.0,11.0,1.0,,,,-12.0,681.0,-168.0,513.0,0.0,0.0,0.0,513.0,0.0,513.0,0.0,0.0,513.0,513.0,0.0,1943.2,0.265,0.265,0.265,1966.4,0.26,0.26,0.26,
11/30/2009,4405.0,4405.0,-2445.0,2445.0,1960.0,0.0,-1479.0,1479.0,,0.0,481.0,10.0,2.0,,,,-12.0,491.0,-116.0,375.0,0.0,0.0,0.0,375.0,0.0,375.0,0.0,0.0,375.0,375.0,0.0,1948.8,0.1925,0.1925,0.1925,1978.0,0.19,0.19,0.19,
02/28/2010,4733.0,4733.0,-2515.0,2515.0,2218.0,0.0,-1563.8,1563.8,,0.0,654.2,7.7,0.9,,,,-8.6,661.9,-165.5,496.4,0.0,0.0,0.0,496.4,0.0,496.4,0.0,0.0,496.4,496.4,0.0,1937.6,0.255,0.255,0.255,1969.2,0.2525,0.2525,0.2525,
05/31/2010,5077.0,5077.0,-2671.0,2671.0,2406.0,0.0,-1738.0,1738.0,,0.0,668.0,15.0,2.0,,,,-17.0,683.0,-161.0,522.0,0.0,0.0,0.0,522.0,0.0,522.0,0.0,0.0,522.0,522.0,0.0,1937.6,0.27,0.27,0.27,1975.6,0.265,0.265,0.265,
08/31/2010,5175.0,5175.0,-2741.0,2741.0,2434.0,0.0,-1673.0,1673.0,,0.0,761.0,-6.0,-1.0,7.0,-8.0,,7.0,755.0,-196.0,559.0,0.0,0.0,0.0,559.0,0.0,559.0,0.0,0.0,559.0,559.0,0.0,1918.4,0.2925,0.2925,0.2925,1954.4,0.285,0.285,0.285,
11/30/2010,4842.0,4842.0,-2649.0,2649.0,2193.0,0.0,-1611.0,1611.0,,0.0,582.0,27.0,1.0,,,,-28.0,609.0,-152.0,457.0,0.0,0.0,0.0,457.0,0.0,457.0,0.0,0.0,457.0,457.0,0.0,1911.6,0.24,0.24,0.24,1950.4,0.235,0.235,0.235,
02/28/2011,5079.0,5079.0,-2752.0,2752.0,2327.0,0.0,-1637.0,1637.0,,0.0,690.0,17.0,0.0,8.0,-8.0,,-17.0,707.0,-184.0,523.0,0.0,0.0,0.0,523.0,0.0,523.0,0.0,0.0,523.0,523.0,0.0,1901.2,0.275,0.275,0.275,1942.0,0.27,0.27,0.27,
05/31/2011,5766.0,5766.0,-3212.0,3212.0,2554.0,0.0,-1772.0,1772.0,,0.0,782.0,-9.0,4.0,,,,5.0,773.0,-179.0,594.0,0.0,0.0,0.0,594.0,0.0,594.0,0.0,0.0,594.0,594.0,0.0,1877.2,0.3175,0.3175,0.3175,1914.8,0.31,0.31,0.31,
08/31/2011,6081.0,6081.0,-3388.0,3388.0,2693.0,0.0,-1823.0,1823.0,,0.0,870.0,-18.0,0.0,8.0,-8.0,,18.0,852.0,-207.0,645.0,0.0,0.0,0.0,645.0,0.0,645.0,0.0,0.0,645.0,645.0,0.0,1860.0,0.3475,0.3475,0.3475,1897.2,0.34,0.34,0.34,
11/30/2011,5546.0,5546.0,-3170.0,3170.0,2376.0,0.0,-1731.0,1731.0,,0.0,645.0,-13.0,3.0,10.0,-7.0,,10.0,632.0,-152.0,480.0,11.0,11.0,0.0,469.0,0.0,469.0,0.0,0.0,469.0,480.0,0.0,1837.0,0.255,0.26,0.26,1873.8,0.25,0.255,0.255,
02/29/2012,5656.0,5656.0,-3171.0,3171.0,2485.0,0.0,-1708.0,1708.0,,0.0,777.0,10.0,0.0,7.0,-7.0,,-10.0,787.0,-218.0,569.0,9.0,9.0,0.0,560.0,0.0,560.0,0.0,0.0,560.0,569.0,0.0,1830.2,0.305,0.31,0.31,1869.2,0.3,0.305,0.305,
05/31/2012,6236.0,6236.0,-3567.0,3567.0,2669.0,0.0,-1896.0,1896.0,,0.0,773.0,-38.0,1.0,,,,37.0,735.0,-176.0,559.0,10.0,10.0,0.0,549.0,0.0,549.0,0.0,0.0,549.0,574.6,15.6,1832.6,0.299575,0.305,0.313543,1872.6,0.293175,0.3,0.308331,
08/31/2012,6474.0,6474.0,-3646.0,3646.0,2828.0,0.0,-2059.0,2059.0,,0.0,769.0,31.0,-3.0,5.0,-8.0,,-28.0,800.0,-215.0,585.0,18.0,18.0,0.0,567.0,0.0,567.0,0.0,0.0,567.0,585.0,0.0,1811.2,0.31,0.325,0.325,1845.6,0.305,0.315,0.315,
11/30/2012,5955.0,5955.0,-3425.0,3425.0,2530.0,0.0,-1836.0,1836.0,,0.0,694.0,18.0,-1.0,5.0,-6.0,,-17.0,712.0,-191.0,521.0,137.0,137.0,0.0,384.0,0.0,384.0,0.0,0.0,384.0,521.0,0.0,1794.0,0.215,0.29,0.29,1826.2,0.21,0.285,0.285,
02/28/2013,6187.0,6187.0,-3451.0,3451.0,2736.0,0.0,-1863.0,1863.0,,0.0,873.0,-15.0,-2.0,4.0,-6.0,,17.0,858.0,-196.0,662.0,-204.0,-204.0,0.0,866.0,0.0,866.0,0.0,0.0,866.0,662.0,0.0,1787.8,0.485,0.37,0.37,1823.4,0.475,0.365,0.365,
05/31/2013,6697.0,6697.0,-3757.0,3757.0,2940.0,0.0,-2029.0,2029.0,,0.0,911.0,-16.0,3.0,9.0,-6.0,,13.0,895.0,-205.0,690.0,28.0,28.0,0.0,662.0,0.0,662.0,0.0,0.0,662.0,690.0,0.0,1785.2,0.370827,0.385,0.385,1826.8,0.362382,0.38,0.38,
08/31/2013,6971.0,6971.0,-3839.0,3839.0,3132.0,0.0,-2058.0,2058.0,,0.0,1074.0,-36.0,8.0,9.0,-1.0,,28.0,1038.0,-259.0,779.0,0.0,0.0,0.0,779.0,0.0,779.0,0.0,0.0,779.0,779.0,0.0,1778.8,0.44,0.44,0.44,1821.4,0.43,0.43,0.43,
11/30/2013,6431.0,6431.0,-3605.0,3605.0,2826.0,0.0,-2091.0,2091.0,,0.0,735.0,-21.0,8.0,9.0,-1.0,,13.0,714.0,-180.0,534.0,0.0,0.0,0.0,534.0,0.0,534.0,0.0,0.0,534.0,534.0,0.0,1776.0,0.3,0.3,0.3,1821.2,0.295,0.295,0.295,
02/28/2014,6972.0,6972.0,-3869.0,3869.0,3103.0,0.0,-2169.0,2169.0,,0.0,934.0,-54.0,9.0,11.0,-2.0,,45.0,880.0,-198.0,682.0,0.0,0.0,0.0,682.0,0.0,682.0,0.0,0.0,682.0,682.0,0.0,1764.6,0.385,0.385,0.385,1809.6,0.375,0.375,0.375,
05/31/2014,7425.0,7425.0,-4040.0,4040.0,3385.0,0.0,-2448.0,2448.0,,0.0,937.0,-25.0,8.0,9.0,-1.0,,17.0,912.0,-214.0,698.0,0.0,0.0,0.0,698.0,0.0,698.0,0.0,0.0,698.0,698.0,0.0,1747.4,0.4,0.4,0.4,1790.4,0.39,0.39,0.39,
08/31/2014,7982.0,7982.0,-4261.0,4261.0,3721.0,0.0,-2480.0,2480.0,,0.0,1241.0,-12.0,9.0,10.0,-1.0,,3.0,1229.0,-267.0,962.0,0.0,0.0,0.0,962.0,0.0,962.0,0.0,0.0,962.0,962.0,0.0,1729.8,0.555,0.555,0.555,1772.4,0.545,0.545,0.545,
11/30/2014,7380.0,7380.0,-4053.0,4053.0,3327.0,0.0,-2438.0,2438.0,,0.0,889.0,-11.0,9.0,11.0,-2.0,,2.0,878.0,-223.0,655.0,0.0,0.0,0.0,655.0,0.0,655.0,0.0,0.0,655.0,655.0,0.0,1726.2,0.38,0.38,0.38,1769.6,0.37,0.37,0.37,
02/28/2015,7460.0,7460.0,-4034.0,4034.0,3426.0,0.0,-2379.0,2379.0,,0.0,1047.0,-1.0,6.0,7.0,-1.0,,-5.0,1046.0,-255.0,791.0,0.0,0.0,0.0,791.0,0.0,791.0,0.0,0.0,791.0,791.0,0.0,1722.8,0.46,0.46,0.46,1767.6,0.445,0.445,0.445,
05/31/2015,7779.0,7779.0,-4186.0,4186.0,3593.0,0.0,-2595.0,2595.0,0.0,0.0,998.0,54.0,4.0,6.0,-2.0,0.0,-58.0,1052.0,-187.0,865.0,0.0,0.0,0.0,865.0,0.0,865.0,0.0,0.0,865.0,865.0,0.0,1715.0,0.5,0.5,0.5,1759.6,0.49,0.49,0.49,
08/31/2015,8414.0,8414.0,-4419.0,4419.0,3995.0,0.0,-2577.0,2577.0,,0.0,1418.0,27.0,4.0,6.0,-2.0,0.0,-31.0,1445.0,-266.0,1179.0,0.0,0.0,0.0,1179.0,0.0,1179.0,0.0,0.0,1179.0,1179.0,0.0,1709.0,0.69,0.69,0.69,1754.5,0.67,0.67,0.67,
11/30/2015,7686.0,7686.0,-4185.0,4185.0,3501.0,0.0,-2560.0,2560.0,,0.0,941.0,29.0,5.0,7.0,-2.0,0.0,-34.0,970.0,-185.0,785.0,0.0,0.0,0.0,785.0,0.0,785.0,0.0,0.0,785.0,785.0,0.0,1706.5,0.46,0.46,0.46,1751.4,0.45,0.45,0.45,
02/29/2016,8032.0,8032.0,-4343.0,4343.0,3689.0,0.0,-2566.0,2566.0,,0.0,1123.0,12.0,5.0,9.0,-4.0,,-17.0,1135.0,-185.0,950.0,0.0,0.0,0.0,950.0,0.0,950.0,0.0,0.0,950.0,950.0,0.0,1693.8,0.56,0.56,0.56,1737.3,0.55,0.55,0.55,
05/31/2016,8244.0,8244.0,-4458.0,4458.0,3786.0,0.0,-2766.0,2766.0,0.0,0.0,1020.0,53.0,5.0,9.0,-4.0,0.0,-58.0,1073.0,-227.0,846.0,0.0,0.0,0.0,846.0,0.0,846.0,0.0,0.0,846.0,846.0,0.0,1682.4,0.5,0.5,0.5,1723.1,0.49,0.49,0.49,
08/31/2016,9061.0,9061.0,-4938.0,4938.0,4123.0,0.0,-2897.0,2897.0,,0.0,1226.0,55.0,7.0,11.0,-4.0,0.0,-62.0,1281.0,-32.0,1249.0,0.0,0.0,0.0,1249.0,0.0,1249.0,0.0,0.0,1249.0,1249.0,0.0,1672.0,0.75,0.75,0.75,1708.9,0.73,0.73,0.73,
11/30/2016,8180.0,8180.0,-4564.0,4564.0,3616.0,0.0,-2505.0,2505.0,,0.0,1111.0,3.0,15.0,20.0,-5.0,0.0,-18.0,1114.0,-272.0,842.0,0.0,0.0,0.0,842.0,0.0,842.0,0.0,0.0,842.0,842.0,0.0,1659.1,0.51,0.51,0.51,1693.2,0.5,0.5,0.5,
02/28/2017,8432.0,8432.0,-4682.0,4682.0,3750.0,0.0,-2496.0,2496.0,,0.0,1254.0,69.0,19.0,27.0,-8.0,0.0,-88.0,1323.0,-182.0,1141.0,0.0,0.0,0.0,1141.0,0.0,1141.0,0.0,0.0,1141.0,1141.0,0.0,1653.1,0.69,0.69,0.69,1686.3,0.68,0.68,0.68,
05/31/2017,8677.0,8677.0,-4854.0,4854.0,3823.0,0.0,-2665.0,2665.0,0.0,0.0,1158.0,10.0,18.0,28.0,-10.0,0.0,-28.0,1168.0,-160.0,1008.0,0.0,0.0,0.0,1008.0,0.0,1008.0,0.0,0.0,1008.0,1008.0,0.0,1646.9,0.61,0.61,0.61,1678.6,0.6,0.6,0.6,
08/31/2017,9070.0,9070.0,-5108.0,5108.0,3962.0,0.0,-2856.0,2856.0,,0.0,1106.0,-34.0,16.0,27.0,-11.0,0.0,18.0,1072.0,-122.0,950.0,0.0,0.0,0.0,950.0,0.0,950.0,0.0,0.0,950.0,950.0,0.0,1639.1,0.58,0.58,0.58,1676.9,0.57,0.57,0.57,
11/30/2017,8554.0,8554.0,-4876.0,4876.0,3678.0,0.0,-2768.0,2768.0,,0.0,910.0,-31.0,13.0,26.0,-13.0,,18.0,879.0,-112.0,767.0,0.0,0.0,0.0,767.0,0.0,767.0,0.0,0.0,767.0,767.0,0.0,1627.0,0.47,0.47,0.47,1660.9,0.46,0.46,0.46,
02/28/2018,8984.0,8984.0,-5046.0,5046.0,3938.0,0.0,-2767.0,2767.0,,0.0,1171.0,-12.0,13.0,25.0,-12.0,0.0,-1.0,1159.0,-2080.0,-921.0,0.0,0.0,0.0,-921.0,0.0,-921.0,0.0,0.0,-921.0,1089.0,2010.0,1623.5,-0.57,-0.57,0.670773,1623.5,-0.57,-0.57,0.668066,
05/31/2018,9789.0,9789.0,-5411.0,5411.0,4378.0,0.0,-3120.0,3120.0,0.0,0.0,1258.0,-43.0,12.0,46.0,-34.0,0.0,31.0,1215.0,-78.0,1137.0,0.0,0.0,0.0,1137.0,0.0,1137.0,0.0,0.0,1137.0,1137.0,0.0,1605.7,0.71,0.71,0.71,1641.2,0.69,0.69,0.69,
08/31/2018,9948.0,9948.0,-5551.0,5551.0,4397.0,0.0,-3063.0,3063.0,,0.0,1334.0,-64.0,11.0,32.0,-21.0,0.0,53.0,1270.0,-178.0,1092.0,0.0,0.0,0.0,1092.0,0.0,1092.0,0.0,0.0,1092.0,1092.0,0.0,1594.0,0.69,0.69,0.69,1634.4,0.67,0.67,0.67,
11/30/2018,9374.0,9374.0,-5269.0,5269.0,4105.0,0.0,-3142.0,3142.0,,0.0,963.0,34.0,14.0,34.0,-20.0,,-48.0,997.0,-150.0,847.0,0.0,0.0,0.0,847.0,0.0,847.0,0.0,0.0,847.0,847.0,0.0,1581.4,0.54,0.54,0.54,1620.7,0.52,0.52,0.52,
02/28/2019,9611.0,9611.0,-5272.0,5272.0,4339.0,0.0,-3091.0,3091.0,,0.0,1248.0,43.0,12.0,32.0,-20.0,,-55.0,1291.0,-190.0,1101.0,0.0,0.0,0.0,1101.0,0.0,1101.0,0.0,0.0,1101.0,1101.0,0.0,1572.8,0.7,0.7,0.7,1609.6,0.68,0.68,0.68,
05/31/2019,10184.0,10184.0,-5551.0,5551.0,4633.0,0.0,-3406.0,3406.0,0.0,0.0,1227.0,16.0,12.0,34.0,-22.0,0.0,-28.0,1243.0,-254.0,989.0,0.0,0.0,0.0,989.0,0.0,989.0,0.0,0.0,989.0,989.0,0.0,1570.2,0.63,0.63,0.63,1607.5,0.62,0.62,0.62,
08/31/2019,10660.0,10660.0,-5789.0,5789.0,4871.0,0.0,-3328.0,3328.0,,0.0,1543.0,18.0,15.0,36.0,-21.0,0.0,-33.0,1561.0,-194.0,1367.0,0.0,0.0,0.0,1367.0,0.0,1367.0,0.0,0.0,1367.0,1367.0,0.0,1562.4,0.87,0.87,0.87,1597.5,0.86,0.86,0.86,
11/30/2019,10326.0,10326.0,-5782.0,5782.0,4544.0,0.0,-3324.0,3324.0,,0.0,1220.0,29.0,12.0,12.0,0.0,0.0,-41.0,1249.0,-134.0,1115.0,0.0,0.0,0.0,1115.0,0.0,1115.0,0.0,0.0,1115.0,1115.0,0.0,1560.6,0.71,0.71,0.71,1594.4,0.7,0.7,0.7,
02/29/2020,10104.0,10104.0,-5631.0,5631.0,4473.0,0.0,-3283.0,3283.0,,0.0,1190.0,-309.0,12.0,12.0,0.0,,297.0,881.0,-34.0,847.0,0.0,0.0,0.0,847.0,0.0,847.0,0.0,0.0,847.0,1163.0,316.0,1556.3,0.54,0.54,0.747285,1591.6,0.53,0.53,0.728542,
05/31/2020,6313.0,6313.0,-3960.0,3960.0,2353.0,0.0,-3191.0,3191.0,0.0,0.0,-838.0,34.0,50.0,61.0,-11.0,,-84.0,-804.0,14.0,-790.0,0.0,0.0,0.0,-790.0,0.0,-790.0,0.0,0.0,-790.0,-790.0,0.0,1555.7,-0.51,-0.51,-0.51,1555.7,-0.51,-0.51,-0.51,
08/31/2020,8978.185,,,,3824.8863737,,,,,,788.708,,,,,,,776.64,,646.074,,,,,,646.074,,,646.074,646.074,,,0.409,0.409,0.415,,0.409,0.409,0.415,
11/30/2020,9853.556,,,,4196.6295004,,,,,,1016.75,,,,,,,986.6,,855.148,,,,,,855.148,,,855.148,855.148,,,0.547,0.547,0.552,,0.547,0.547,0.552,
