Date,Revenue,Sales & Services Revenue,Cost of Revenue,Cost of Goods & Services,Gross Profit,Other Operating Income,Operating Expenses,"Selling, General & Admin",Other Operating Expense,Operating Income (Loss),Non-Operating (Income) Loss,"Interest Expense, Net",Interest Expense,Interest Income,Foreign Exch (Gain) Loss,(Income) Loss from Affiliates,Other Non-Op (Income) Loss,Pretax Income,Income Tax Expense (Benefit),Current Income Tax,Deferred Income Tax,Income (Loss) from Cont Ops,Net Extraordinary Losses (Gains),Discontinued Operations,XO & Accounting Changes,Income (Loss) Incl. MI,Minority Interest,"Net Income, GAAP",Preferred Dividends,Other Adjustments,"Net Income Avail to Common, GAAP","Net Income Avail to Common, Adj",Net Abnormal Losses (Gains),Basic Weighted Avg Shares,"Basic EPS, GAAP",Basic EPS from Cont Ops,"Basic EPS from Cont Ops, Adjusted",Diluted Weighted Avg Shares,"Diluted EPS, GAAP",Diluted EPS from Cont Ops,"Diluted EPS from Cont Ops, Adjusted",Source: Bloomberg
12/31/1989,239.399979,,,,,,,,,,,,,,,,,,,,,,,,,,,20.399998,,,20.399998,20.399998,,66.099998,0.31,0.31,,66.099998,0.31,0.31,0.31,
03/31/1990,227.705994,,-120.505997,,107.199997,,-57.762001,,,49.438,-7.449999,,19.205999,,-1.114,,-10.642,41.988001,-17.023001,,,24.965,0.0,,,24.965,-0.252,24.712999,-0.108,,24.604999,24.604999,,66.079002,0.37,0.37,,66.079002,0.37,0.37,0.37,
06/30/1990,230.602005,,-125.060997,,105.541008,,-43.757,,,61.784,0.535999,,24.583,,-1.482,,-23.636999,62.319999,-21.187,,,41.132999,0.0,,,41.132999,-0.345,40.787998,-0.108,,40.679998,40.679998,,66.100998,0.62,0.62,,66.100998,0.62,0.62,0.62,
09/30/1990,221.029007,,-130.365997,,90.66301,,-49.900002,,,40.763,-8.880001,,26.988001,,-1.222,,-16.886,31.882999,-14.066,,,17.816999,1.142,,,16.674999,-0.274,16.400999,-0.107,,16.293999,16.293999,,66.101997,0.25,0.27,,66.101997,0.25,0.27,0.27,
12/31/1990,227.251999,,-136.699997,,90.552002,,-55.064999,,,35.487,-16.830999,,30.462999,,-1.151,,-12.481,18.656001,-7.802,,,10.854,-0.059,,,10.913001,-0.392,10.521,-0.392,,10.129,10.129,,64.199501,0.16,0.16,0.16,64.199501,0.16,0.16,0.16,
03/31/1991,225.046997,,-143.953995,,81.093002,,-50.993999,,,30.099001,-64.731002,,30.632,,-3.141,,37.240002,-34.632001,-4.52,,,-39.152,-5.833,,,-33.319,-0.215,-33.534,0.0,,-33.534,-33.534,,64.134003,-0.52,-0.61,,64.134003,-0.52,-0.61,-0.61,
06/30/1991,217.246994,,-141.306,,75.940994,,-47.919998,,,28.021,-3.694,,18.264999,,0.563,,-15.134,24.327,-6.499,,,17.827999,-0.878,,,18.706,-0.225,18.481001,0.0,,18.481001,18.481001,,63.957001,0.29,0.28,,63.957001,0.29,0.28,0.28,
09/30/1991,202.365005,,-142.417999,,59.947006,,-40.643002,,,19.304001,-12.913,,25.0,,-0.614,,-11.473,6.391,-1.47,,,4.921,-0.16,,,5.081,-0.311,4.77,0.0,,4.77,4.77,,61.098,0.08,0.08,,61.098,0.08,0.08,0.08,
12/31/1991,195.636002,,-138.929993,,56.706009,,-53.924,,,2.782,-17.829999,,26.514999,,1.598,,-10.283,-15.047999,8.579,,,-6.469,-0.652,,,-5.816999,-0.362,-6.179,0.0,,-6.179,-6.179,,51.505001,-0.12,-0.13,-0.13,51.505001,-0.12,-0.13,-0.13,
03/31/1992,226.091003,,-159.080002,,67.011002,,-48.882,,,18.129,-24.661999,,26.209999,,-1.246,,-0.302,-6.532999,-0.765,,,-7.298,31.804001,,,-39.102,-0.212,-39.313999,0.0,,-39.313999,-39.313999,,50.959,-0.77,-0.15,,50.959,-0.77,-0.15,-0.15,
06/30/1992,235.602997,,-169.854004,,65.748993,,-48.419998,,,17.329,-26.491999,,33.202,,0.3,,-7.01,-9.162999,1.063,,,-8.1,0.0,,,-8.099999,-0.367,-8.467,0.0,,-8.467,-8.467,,50.889999,-0.17,-0.17,,50.889999,-0.17,-0.17,-0.17,
09/30/1992,232.296997,,-164.227997,,68.069,,-49.044998,,,19.024,-30.323,,31.403,,1.599,,-2.679,-11.299,0.304,,,-10.995,0.0,,,-10.995,-0.336,-11.331,0.0,,-11.331,-11.331,,50.889999,-0.22,-0.22,,50.889999,-0.22,-0.22,-0.22,
12/31/1992,199.473999,,-135.867004,,63.606995,,-57.389,,,6.218,-22.236999,,27.695999,,-2.388,,-3.071,-16.018999,-1.061,,,-17.08,0.0,,,-17.079999,-0.208,-17.288,0.0,,-17.288,-17.288,,50.899998,-0.34,-0.34,-0.34,50.899998,-0.34,-0.34,-0.34,
03/31/1993,198.518005,,-142.505997,,56.012009,,-44.738998,,,11.273,-20.050999,,26.136999,,-0.622,,-5.464,-8.777999,-4.541,,,-13.319,0.0,,,-13.318999,-0.171,-13.49,0.0,,-13.49,-13.49,,50.889999,-0.27,-0.27,,50.889999,-0.27,-0.27,-0.27,
06/30/1993,221.378006,,-171.671005,,49.707001,,-50.900002,,,-1.193,-22.324,,26.615,,-1.054,,-3.237,-23.517,-4.314,,,-27.830999,0.0,,,-27.831,-0.171,-28.002001,0.0,,-28.002001,-28.002001,,50.889999,-0.55,-0.55,,50.889999,-0.55,-0.55,-0.55,
09/30/1993,202.095993,,-156.893997,,45.201996,,-42.527,,,2.675,-18.737,,23.211,,-1.417,,-3.057,-16.062001,-2.502,,,-18.563999,0.0,,,-18.564001,-0.158,-18.722,0.0,,-18.722,-18.722,,50.889999,-0.37,-0.37,,50.889999,-0.37,-0.37,-0.37,
12/31/1993,183.330994,,-141.296005,,42.034989,,-47.522999,,,-5.488,-15.923,,23.156,,-0.206,,-7.027,-21.411,-1.356,,,-22.767,26.598,,,-49.365,-0.23,-49.595001,0.0,,-49.595001,-49.595001,,50.900002,-0.97,-0.45,-0.45,50.900002,-0.97,-0.45,-0.45,
03/31/1994,201.848999,,-146.955994,,54.893005,,-56.011002,,,-1.118,1.948999,,21.065001,,0.0,,-23.014,0.830999,-6.949,,,-6.118,0.0,,,-6.118001,-0.249,-6.367,0.0,,-6.367,-6.367,,50.965,-0.12,-0.12,,50.965,-0.12,-0.12,-0.12,
06/30/1994,237.113007,,-178.925003,,58.188004,,-54.25,,,3.938,-15.870999,,21.070999,,0.0,,-5.2,-11.932999,-3.354,,,-15.287,0.0,,,-15.286999,-0.247,-15.534,0.0,,-15.534,-15.534,,51.0,-0.3,-0.3,,51.0,-0.3,-0.3,-0.3,
09/30/1994,225.199997,,-168.033005,,57.166992,,-47.161999,,,10.005,-12.558001,,20.923,,0.0,,-8.365,-2.553,-1.901,,,-4.454,0.0,,,-4.454,-0.124,-4.578,0.0,,-4.578,-4.578,,51.040001,-0.09,-0.09,,51.040001,-0.09,-0.09,-0.09,
12/31/1994,223.792007,,-155.830994,,67.961013,,-55.092999,,,12.868,-12.618001,,20.867001,,-1.735,,-6.514,0.249999,2.47,,,2.72,0.0,,,2.719999,-0.223,2.497,0.0,,2.497,2.497,,51.0,0.05,0.05,0.05,51.0,0.05,0.05,0.05,
03/31/1995,250.875,,-169.768005,,81.106995,,-44.172001,,,36.935001,-17.782001,,20.676001,,0.0,,-2.894,19.153001,-5.746,,,13.407,0.0,,,13.407001,-0.345,13.062,0.0,,13.062,13.062,,51.175999,0.26,0.26,,51.175999,0.26,0.26,0.26,
06/30/1995,283.473999,,-187.895996,,95.578003,,-50.448002,,,45.130001,-14.931,,21.052,,0.0,,-6.121,30.199001,-9.056,,,21.143,0.0,,,21.143001,-0.141,21.002001,0.0,,21.002001,21.002001,,51.551998,0.41,0.41,,51.551998,0.41,0.41,0.41,
09/30/1995,255.339005,,-169.057999,,86.281006,,-48.317001,,,37.964001,-13.265001,,20.325001,,0.0,,-7.06,24.699,-7.413,,,17.285999,0.0,,,17.286,0.14,17.426001,0.0,,17.426001,17.426001,,51.627998,0.34,0.34,,51.627998,0.34,0.34,0.34,
12/31/1995,234.251007,,-149.462006,,84.789001,,-46.540001,,,38.249001,-13.397999,,19.563999,,0.0,,-6.166,24.851002,9.544,,,34.395,0.0,,,34.395002,-0.276,34.118999,0.0,,34.118999,34.118999,,51.5,0.66,0.66,0.66,51.5,0.66,0.66,0.66,
03/31/1996,240.440002,,-169.815994,,70.624008,,-42.890999,,,27.733,-8.591,,19.139,,0.0,,-10.548,19.142,-5.74,,,13.402,0.0,,,13.402,0.042,13.444,0.0,,13.444,13.444,,51.509998,0.26,0.26,0.26,51.509998,0.26,0.26,0.26,
06/30/1996,263.161987,,-194.794006,,68.367981,,-43.147999,,,25.219999,-8.187,,18.516001,,0.0,,-10.329,17.032999,-5.114,,,11.919,0.0,,,11.918999,0.0,11.919,0.0,,11.919,11.919,,51.493,0.23,0.23,0.23,51.493,0.23,0.23,0.23,
09/30/1996,248.462006,,-193.270996,,55.19101,,-45.273998,,,9.917,-13.459,,18.472,,0.0,,-5.013,-3.542,-0.698,,,-4.24,0.0,,,-4.24,-0.009,-4.249,0.0,,-4.249,-4.249,,51.299999,-0.08,-0.08,-0.08,51.299999,-0.08,-0.08,-0.08,
12/31/1996,99.114998,,-110.723999,,-11.609001,,-19.830999,,,-31.440001,-11.427,,13.206,,0.0,,-1.779,-42.867001,10.056,,,-32.811001,-22.552,,,-10.259001,-0.038,-10.297,0.0,,-10.297,-10.297,,51.099998,-0.2,-0.64,-0.64,51.099998,-0.2,-0.64,-0.64,
03/31/1997,206.812,,-167.175,,39.637,0.0,-64.033,64.033,0.0,-24.396,-13.752,,16.175,,0.0,,-2.423,-40.571,0.404,,,-40.167,-4.459,,,-35.708,-0.013,-35.721,0.0,0.0,-35.721,-35.721,,51.14,-0.7,-0.79,-0.79,51.14,-0.7,-0.79,-0.79,
06/30/1997,214.354004,,-172.679001,,41.675003,,-35.568001,,,6.107,-10.201001,,16.540001,,0.0,,-6.339,-4.094001,0.702,,,-3.392,-5.683,,,2.290999,-0.036,2.255,0.0,,2.255,2.255,,51.144001,0.04,-0.07,-0.07,51.144001,0.04,-0.07,-0.07,
09/30/1997,210.343994,,-162.498993,,47.845001,,-30.993999,,,16.851,-13.489,,16.445,,0.0,,-2.956,3.362,0.608,,,3.97,-5.814,,,9.784,-0.023,9.761,0.0,,9.761,9.761,,51.146,0.19,0.08,0.08,51.584999,0.19,0.08,0.08,
12/31/1997,208.153,,-147.591995,,60.561005,,-37.997002,,,22.563999,-8.950001,,16.599001,,0.0,,-7.649,13.613998,-3.958,,,9.656,-1.878,,,11.533998,0.13,14.232,0.0,,14.232,14.232,,51.200001,0.28,0.19,1.09,51.700001,0.28,0.2,1.09,
03/31/1998,222.628998,,-156.914993,,65.714005,,-32.639,,,33.075001,-10.418,,16.399,,0.0,,-5.981,22.657001,-6.342,,,16.315001,-284.714996,,,301.029996,-0.015,301.015015,0.0,,301.015015,301.015015,,51.282001,5.87,0.32,0.32,51.852001,5.8,0.31,0.31,
06/30/1998,241.645004,,-167.328995,,74.31601,,-33.629002,,,40.687,-8.164,,15.452,,0.0,,-7.288,32.523001,-9.105,,,23.417999,-0.315,,,23.733001,-0.004,23.729,0.0,,23.729,23.729,,51.341,0.46,0.46,0.46,52.029999,0.46,0.45,0.45,
09/30/1998,221.520004,,-151.781998,,69.738007,,-32.069,,,37.668999,-7.566,,15.066,,0.0,,-7.5,30.102999,1.27298,,,31.375999,2.4,,,28.975978,-0.017,28.959,0.0,,28.959,28.959,,51.444,0.56,0.61,0.61,52.194,0.55,0.6,0.6,
12/31/1998,208.929993,,-142.421005,,66.508987,,-35.632999,,,30.875999,-6.469,,11.153,,0.0,,-4.684,24.407,-5.614,,,18.792999,4.521,,,14.272,-0.004,12.975,0.0,,12.975,12.975,,51.799999,0.25,0.36,0.36,52.0,0.25,0.36,0.36,
03/31/1999,201.569,,-147.039993,,54.529007,,-32.562,,,21.966999,-3.366,,9.779,,0.0,,-6.413,18.600999,-4.65,,,13.951,0.0,,,13.950999,-0.011,13.94,0.0,,13.94,13.94,,51.819,0.27,0.27,0.27,51.869999,0.27,0.27,0.27,
06/30/1999,232.567993,,-167.779007,,64.788986,,-33.078999,,,31.709999,0.362,9.298,9.298,,0.0,,-9.66,32.071999,81.989998,,,114.061996,0.0,,,114.061996,-2.239,111.822998,0.0,,111.822998,111.822998,,51.826,2.16,2.16,0.42,51.882999,2.16,2.16,0.42,
09/30/1999,242.621002,,-181.744995,,60.876007,,-32.118999,,,28.757,-5.093,,9.06,,0.0,,-3.967,23.664,-6.507,,,17.157,0.0,,,17.157,-0.011,17.146,0.0,,17.146,17.146,,51.834999,0.33,0.33,0.33,51.943001,0.33,0.33,0.33,
12/31/1999,231.628998,,-165.751007,,65.877991,,-36.582001,,,29.296,-5.141,,8.747,,0.0,,-3.606,24.155,-6.232,,,17.923,0.0,,,17.923,-1.061,16.862,0.0,,16.862,16.862,,51.613998,0.33,0.33,0.33,51.757999,0.33,0.33,0.33,
03/31/2000,231.009003,,-159.264999,,71.744003,,-33.389999,,,38.354,-3.356,7.856,7.856,,-1.241,,-3.259,34.998,-11.199,,,23.799,0.0,,,23.799,-0.091,23.708,0.0,0.0,23.708,23.708,,50.919998,0.47,0.47,0.47,51.153999,0.46,0.46,0.46,
06/30/2000,251.126007,,-164.033005,,87.093002,,-36.832001,,,50.261002,46.049001,7.897,7.897,,-2.413,,-51.533001,96.310003,-32.762001,,,63.548,0.0,,,63.548002,-0.11,63.438,0.0,,63.438,63.438,,50.499001,1.26,1.26,0.72,50.849998,1.25,1.25,0.71,
09/30/2000,242.309006,,-159.020996,,83.28801,,-33.972,,,49.316002,-2.811,7.717,7.717,,-0.894,,-4.012,46.505002,-14.882,,,31.622999,0.0,,,31.623002,-1.454,30.169001,0.0,,30.169001,30.169001,,50.202999,0.6,0.6,0.6,50.605999,0.6,0.6,0.6,
12/31/2000,197.875,,-128.130005,,69.744995,,-32.984001,,,36.761002,21.623001,,7.773,,4.548,,-33.944,58.384002,-19.577,,,38.806999,0.732,,,38.075002,-0.781,37.293999,0.0,,37.293999,37.293999,,50.044998,0.75,0.76,0.47,50.384998,0.74,0.75,0.46,
03/31/2001,226.059998,,-149.901993,,76.158005,,-32.321999,,,43.835999,8.455001,6.976,6.976,,-1.067,,-14.364,52.290999,-17.146,,,35.145,0.0,,,35.144999,-0.586,34.558998,0.0,0.0,34.558998,34.558998,,50.078999,0.69,0.69,0.55,50.348999,0.69,0.69,0.55,
06/30/2001,220.104996,,-151.320007,,68.784988,,-29.336,,,39.449001,-1.589,,6.887,,-0.214,,-5.084,37.860001,-12.069,,,25.791,0.0,,,25.791001,-0.367,25.424,0.0,0.0,25.424,25.424,,49.931999,0.51,0.51,0.48,50.027,0.51,0.51,0.48,
09/30/2001,206.951996,,-145.945007,,61.006989,,-30.665001,,,30.341999,-0.123,6.949,6.949,,1.183,,-8.009,30.218999,-9.681,,,20.538,0.0,,,20.537999,0.0,20.538,0.0,0.0,20.538,20.538,,49.620998,0.41,0.41,0.36,49.705002,0.41,0.41,0.36,
12/31/2001,181.981995,,-130.893005,,51.088989,,-32.188999,,,18.9,18.021999,,6.757,,3.323,,-28.101999,36.921999,3.971,,,40.893002,0.0,,,40.892999,-0.007,40.886002,0.0,0.0,40.886002,40.886002,,49.299999,0.83,0.83,0.12,49.299999,0.83,0.83,0.12,
03/31/2002,202.356995,,-156.253006,,46.103989,,-34.845001,,,11.259,-1.54,6.313,6.535,-0.222,-0.598,,-4.175,9.719,-3.151,,,6.568,0.0,,,6.568,-0.184,6.384,0.0,0.0,6.384,6.384,,48.869999,0.13,0.13,0.11,48.938,0.13,0.13,0.11,
06/30/2002,226.908997,,-176.246994,,50.662003,,-32.389,,,18.273001,-0.172,7.745,8.078,-0.333,-4.222,,-3.351,18.101001,-3.867,,,14.234,0.0,,,14.234001,-0.186,14.048,0.0,0.0,14.048,14.048,,48.827,0.29,0.29,0.19,48.952999,0.29,0.29,0.19,
09/30/2002,234.061005,,-177.520996,,56.540009,,-39.143002,,,17.396999,-3.225,6.797,7.554,-0.757,-0.648,,-2.924,14.171999,-4.677,,,9.495,0.0,,,9.494999,-0.713,8.782,0.0,0.0,8.782,8.782,,48.623001,0.18,0.18,0.18,48.681,0.18,0.18,0.18,
12/31/2002,211.860992,,-161.809006,,50.051987,,-39.158001,,,10.894,-2.809,7.678,7.678,,-0.256,,-4.613,8.085,-0.308,,,7.777,0.0,,,7.777,-0.181,7.596,0.0,0.0,7.596,7.596,,47.799999,0.16,0.16,0.12,47.900002,0.16,0.16,0.12,
03/31/2003,252.973007,,-188.417007,,64.556,,-44.694,,,19.862,-5.318,6.8737,7.985,-1.1113,1.098,,-2.6537,14.543999,-5.09,,,9.454,0.0,,,9.453999,-0.024,9.43,0.0,0.0,9.43,9.43,,47.693001,0.2,0.2,0.2,47.743999,0.2,0.2,0.2,
06/30/2003,266.631012,,-197.649002,,68.98201,,-54.176998,,,14.805,-8.027,8.169,8.367,-0.198,2.743,,-2.885,6.778001,22.191,,,28.969,0.0,,,28.969001,-0.134,28.834999,0.0,0.0,28.834999,28.834999,,47.698002,0.6,0.6,0.052,47.755001,0.6,0.6,0.052,
09/30/2003,295.465,,-220.303,,75.162,0.0,-36.157,36.157,0.0,39.005,-14.164,7.942,8.638,-0.696,0.525,,5.697,24.841,-8.612,,,16.229,0.0,,,16.229,0.105,16.334,0.0,0.0,16.334,16.334,-7.03495,47.717,0.34,0.34,0.192569,47.778,0.34,0.34,0.192758,
12/31/2003,245.641998,,-175.738998,,69.903,,-43.578999,,,26.323999,-8.937,5.614,8.314,-2.7,3.464,,-0.141,17.386999,-6.707,,,10.68,0.0,,,10.68,-1.868,8.812,0.0,0.0,8.812,8.812,,47.799999,0.18,0.18,0.158829,47.900002,0.18,0.18,0.158497,
03/31/2004,263.267,,-202.231,,61.036,,-35.244,,,25.792,-14.685,9.217,9.217,,-0.254,,5.722,11.107,-2.224,,,8.883,,,,8.883,-4.794,4.089,,,4.089,4.089,,48.14,0.08,0.08,0.08,48.279,0.08,0.08,0.08,
06/30/2004,295.8,,-227.505,,68.295,,-39.595,,,28.7,-0.439,7.76,8.594,-0.834,-0.302,,-7.019,28.261,283.817,,,312.078,0.0,,,312.078,-133.034,179.044,0.0,0.0,179.044,179.044,,48.361,3.7,3.7,-2.4,48.424,3.7,3.7,-2.4,
09/30/2004,55.987,,-43.49,,12.497,,-6.505,,,5.992,6.039,-0.127,0.086,-0.213,0.117,,-6.029,12.031,-2.231,,,9.8,0.0,,,9.8,-1.266,8.534,0.0,0.0,8.534,8.534,,48.395,0.18,0.18,0.18,48.459,0.18,0.18,0.18,
12/31/2004,46.599998,,-64.139,,-17.539001,,-13.603,,,-31.142,69.704997,,0.199,-7.759,-0.954,,-61.190997,38.562997,-38.41,,,0.153,-3.547,,,3.699997,0.0,3.7,0.0,0.0,3.7,3.7,,47.799999,0.07,0.0,-0.37,47.900002,0.07,0.0,-0.37,
03/31/2005,46.842999,,-36.560001,,10.282997,,-6.122,,,4.161,18.164,0.08,0.08,,0.054,,-18.298,22.325,-8.089,,,14.236,0.326,,,13.91,-0.731,13.179,0.0,0.0,13.179,13.179,,48.490002,0.27,0.27,0.11,48.561001,0.27,0.27,0.11,
06/30/2005,45.73,,-35.203,,10.527,,-8.853,,,1.674,13.243,-1.32,0.117,-1.437,-0.039,,-11.884,14.917,-4.247,,,10.67,0.0,,,10.67,-0.785,9.885,0.0,0.0,9.885,9.885,,48.553,0.2,0.2,0.1736,48.593,0.2,0.2,0.1736,
09/30/2005,47.133999,,-36.153,,10.980999,,-6.049,,,4.932,1.388,0.09,0.09,,0.043,,-1.521,6.32,-5.46,,,0.86,0.0,,,0.86,1.929,2.789,0.0,0.0,2.789,2.789,,48.557999,0.06,0.06,0.06,48.594002,0.06,0.06,0.06,
12/31/2005,46.7,,-34.7,,12.0,,-12.2,,,-0.2,4.551,,0.049,-2.022,0.013,,-2.591,4.351,1.9,,,6.3,0.0,,,6.251,-0.7,5.6,0.0,0.0,5.6,5.6,,48.56,0.12,0.12,0.12,48.6,0.12,0.12,0.12,
03/31/2006,47.028999,,-35.401001,,11.627998,,-8.679,,,2.949,7.025,-1.353,0.061,-1.414,,,-5.672,9.974,-2.579,,,7.395,0.0,,,7.395,-0.751,6.644,0.0,0.0,6.644,6.644,,48.563,0.14,0.14,0.11,48.587002,0.14,0.14,0.11,
06/30/2006,50.143002,,-37.793999,,12.349003,,-12.36,,,-0.011,5.833,-1.24,0.051,-1.291,,,-4.593,5.822,-1.838,,,3.984,0.177,,,3.807,-1.122,2.685,0.0,0.0,2.685,2.685,,48.564999,0.06,0.06,0.06,48.583,0.06,0.06,0.06,
09/30/2006,48.812,,-35.955002,,12.856998,,-14.156,,,-1.299,5.746,-1.279,0.05,-1.329,,,-4.467,4.447,-0.03,,,4.417,0.0,,,4.417,-1.126,3.291,0.0,0.0,3.291,3.291,,48.569,0.07,0.07,0.07,48.584,0.07,0.07,0.07,
12/31/2006,44.1,,-34.4,,9.7,,-12.1,,,-2.4,20.7,-0.9,0.1,-1.0,-0.225,,-19.575,18.3,-4.5,,,13.8,-0.2,,,14.0,-0.4,13.6,0.0,0.0,13.6,13.6,,48.6,0.28,0.28,0.2,48.6,0.28,0.28,0.2,
03/31/2007,43.550999,,-31.429001,,12.121998,,-9.178,,,2.944,5.757,-1.045,0.054,-1.099,,,-4.712,8.701,-2.045,,,6.656,0.0,,,6.656,-0.89,5.766,0.0,0.0,5.766,5.766,,48.585999,0.12,0.12,0.08,48.595001,0.12,0.12,0.08,
06/30/2007,45.229,,-33.368,,11.861,,-15.709,,,-3.848,1.265,-1.322,0.048,-1.37,,,0.057,-2.583,1.838,,,-0.745,0.0,,,-0.745,-0.785,-1.53,0.0,0.0,-1.53,-1.53,,48.589001,-0.03,-0.03,0.01,48.598,-0.03,-0.03,0.01,
09/30/2007,46.389,,-34.435001,,11.953999,,-6.549,,,5.405,-34.008999,-1.033,0.049,-1.082,,,35.041999,-28.603999,13.411,,,-15.193,0.0,,,-15.192999,-0.834,-16.027,0.0,0.0,-16.027,-16.027,,48.591999,-0.33,-0.33,-0.33,48.591999,-0.33,-0.33,-0.33,
12/31/2007,42.5,,-33.200001,,9.299999,,-20.0,,,-10.7,25.699999,-0.6,0.6,-1.2,0.0,,-25.099999,14.999999,-4.9,,,10.1,0.0,,,10.099999,-0.1,10.0,0.0,0.0,10.0,10.0,,48.599998,0.21,0.21,0.21,48.599998,0.21,0.21,0.21,
03/31/2008,40.52,,-31.078,,9.442,,-10.128,,,-0.686,0.062,-0.212,0.762,-0.974,,,0.15,-0.624,0.55,,,-0.074,,,,-0.074,-0.216,-0.29,0.0,,-0.29,-0.29,,48.592,-0.01,-0.01,-0.01,48.592,-0.01,-0.01,-0.01,
06/30/2008,43.708,,-32.727001,,10.980999,,-11.92,,,-0.939,6.752,,0.504,-5.151,,,-2.105,5.813,-1.563,,,4.25,0.0,,,4.25,-0.285,3.965,0.0,0.0,3.965,3.965,,48.595001,0.08,0.08,0.08,48.603001,0.08,0.08,0.08,
09/30/2008,43.909,,-32.688,,11.221001,,-5.612,,,5.609,-14.176,-0.285,0.507,-0.792,,,14.461,-8.566999,0.848,,,-7.719,0.0,,,-7.719,0.974,-6.745,0.0,0.0,-6.745,-6.745,,48.598999,-0.14,-0.14,0.0,48.598999,-0.14,-0.14,0.0,
12/31/2008,37.365,,-29.256,,8.109,,-12.691,,,-4.582,55.612,,0.589,-1.093,-0.679,,-54.429,51.03,-14.685,,,36.345,0.0,,,36.345,-0.091,36.254,0.0,0.0,36.254,36.254,,48.598,0.75,0.75,0.03,48.626,0.75,0.75,0.03,
03/31/2009,28.476,28.476,-23.703,23.703,4.773,0.0,-9.35,5.678,3.672,-4.577,-9.154,-0.4,0.323,-0.723,,9.554,0.0,-13.731,1.813,,,-11.918,0.0,0.0,0.0,-11.918,0.075,-11.843,0.0,0.0,-11.843,-10.718,1.125,48.602,-0.24,-0.24,-0.220526,48.602,-0.24,-0.24,-0.220526,
06/30/2009,29.239,29.239,-22.993,22.993,6.246,0.0,1.17,6.451,-7.621,7.416,-7.469,-0.399,0.293,-0.692,,7.868,0.0,-0.053,-2.297,,,-2.35,0.0,0.0,0.0,-2.35,0.206,-2.144,0.0,0.0,-2.144,-9.87163,-7.72763,48.609,-0.04,-0.04,-0.203082,48.609,-0.04,-0.04,-0.203082,
09/30/2009,29.411,29.411,-22.446,22.446,6.965,0.0,-10.744,6.91,3.834,-3.779,3.524,-0.452,0.229,-0.681,,-3.072,0.0,-0.255,3.442,,,3.187,0.0,0.0,0.0,3.187,-0.067,3.12,0.0,0.0,3.12,3.12272,0.00272,48.612,0.06,0.06,0.064238,48.614,0.06,0.06,0.060056,
12/31/2009,29.0,29.0,-23.2,23.2,5.8,0.0,-16.5,7.7,8.8,-10.7,2.3,-0.4,0.3,-0.7,,-1.9,0.0,-8.4,7.4,,,-1.0,0.0,0.0,0.0,-1.0,0.1,-0.9,0.0,0.0,-0.9,-2.535,-1.635,48.6,-0.02,-0.02,-0.05216,48.6,-0.02,-0.02,-0.053642,
03/31/2010,32.8,32.8,-23.701,23.701,9.099,0.0,-25.981,7.305,18.676,-16.882,15.805,-0.409,0.197,-0.606,,-15.396,0.0,-1.077,-1.343,,,-2.42,0.0,0.0,0.0,-2.42,0.125,-2.295,0.0,-2.513,-4.808,6.2901,11.0981,48.618,-0.1,-0.1,0.129378,48.618,-0.1,-0.1,0.128271,
06/30/2010,34.384,34.384,-25.529,25.529,8.855,0.0,-8.393,6.037,2.356,0.462,7.279,-0.338,0.303,-0.641,,-6.941,0.0,7.741,-3.228,,,4.513,0.0,0.0,0.0,4.513,-0.223,4.29,0.0,0.0,4.29,5.5276,1.2376,48.626,0.09,0.09,0.113676,48.626,0.09,0.09,0.113676,
09/30/2010,35.74,35.74,-26.042,26.042,9.698,0.0,-4.577,5.936,-1.359,5.121,11.704,-0.147,0.459,-0.606,,-11.557,0.0,16.825,-5.114,,,11.711,0.0,0.0,0.0,11.711,-0.217,11.494,0.0,0.0,11.494,9.39915,-2.09485,48.63,0.24,0.24,0.193279,48.63,0.24,0.24,0.193279,
12/31/2010,32.34,32.34,-24.002,24.002,8.338,0.0,-11.255,6.508,4.747,-2.917,90.684,-0.045,0.543,-0.588,,-11.729,-78.91,87.767,-30.794,,,56.973,0.0,0.0,0.0,56.973,-0.081,56.892,0.0,0.0,56.892,7.63462,-49.25738,48.34,1.17,1.17,0.156989,48.634,1.17,1.17,0.156989,
03/31/2011,34.777,34.777,-26.097,26.097,8.68,0.0,-2.962,6.156,-3.194,5.718,18.436,-0.107,0.489,-0.596,,-18.329,0.0,24.154,-6.469,,,17.685,0.0,0.0,0.0,17.685,-0.518,17.167,0.0,0.0,17.167,14.177,-2.99,48.648,0.35,0.35,0.29142,48.648,0.35,0.35,0.288538,
06/30/2011,35.241,35.241,-25.405,25.405,9.836,0.0,-18.866,5.9,12.966,-9.03,27.551,-0.49,0.335,-0.825,,-27.061,0.0,18.521,-1.389,,,17.132,0.0,0.0,0.0,17.132,-0.213,16.919,0.0,0.0,16.919,18.14945,1.23045,48.66,0.35,0.35,0.372985,48.66,0.35,0.35,0.372985,
09/30/2011,35.736,35.736,-27.202,27.202,8.534,0.0,4.354,5.745,-10.099,12.888,26.457,-0.36,0.464,-0.824,,-26.097,0.0,39.345,-11.53,,,27.815,0.0,0.0,0.0,27.815,-0.141,27.674,0.0,0.0,27.674,20.10178,-7.57222,48.663,0.57,0.57,0.413081,48.663,0.57,0.57,0.413081,
12/31/2011,18.7,18.7,-13.2,13.2,5.5,0.9,-8.2,4.1,4.1,-1.8,26.7,-0.6,0.2,-0.8,,-26.1,0.0,24.9,-5.1,,,19.8,-0.3,-0.3,0.0,20.1,-0.2,19.9,0.0,0.0,19.9,21.03,1.43,48.7,0.41,0.4,0.431828,48.7,0.41,0.4,0.429363,
03/31/2012,20.428,20.428,-14.416,14.416,6.012,0.0,-19.471,4.429,15.042,-13.459,42.04,-0.428,0.283,-0.711,,-41.612,0.0,28.581,-7.994,,,20.587,-0.66,-0.66,0.0,21.247,-0.198,21.049,0.0,0.0,21.049,20.65074,0.26174,48.663,0.43,0.42,0.424362,48.663,0.43,0.42,0.424362,
06/30/2012,22.147,22.147,-15.638,15.638,6.509,0.17,5.776,4.351,-10.127,12.455,20.236,-0.612,0.219,-0.831,,-19.624,0.0,32.691,-7.335,,,25.356,-0.889,-0.889,0.0,26.245,-0.272,25.973,0.0,0.0,25.973,20.42908,-4.65492,48.666,0.53,0.51,0.419781,48.666,0.53,0.51,0.41435,
09/30/2012,21.281,21.281,-14.971,14.971,6.31,0.0,-6.916,4.27,2.646,-0.606,11.326,-0.611,0.218,-0.829,,-10.715,0.0,10.72,-2.097,,,8.623,-1.724,-1.724,0.0,10.347,-0.34,10.007,0.0,0.0,10.007,7.7682,-0.5148,48.669,0.21,0.18,0.159613,48.669,0.21,0.18,0.159613,
12/31/2012,19.3,19.3,-13.8,13.8,5.5,3.6,-15.6,4.7,10.9,-6.5,11.6,-0.6,0.2,-0.8,,5.6,-16.6,5.1,-2.4,,,2.7,-18.6,-18.6,0.0,21.3,-3.7,17.6,0.0,0.0,17.6,-4.1711,-3.1711,48.7,0.36,-0.020534,-0.085649,48.7,0.36,-0.02193,-0.087045,
03/31/2013,21.453,21.453,-15.433,15.433,6.02,0.0,-8.873,4.586,4.287,-2.853,-11.803,-0.679,0.059,-0.738,,12.487,-0.005,-14.656,12.658,,,-1.998,0.0,0.0,0.0,-1.998,-0.12,-2.118,0.0,0.0,-2.118,2.98206,5.10006,48.669,-0.04,-0.04,0.061272,48.669,-0.04,-0.04,0.061272,
06/30/2013,24.039,24.039,-16.429,16.429,7.61,0.014,-20.046,4.667,15.379,-12.422,-9.62,-0.677,0.058,-0.735,,10.303,-0.006,-22.042,8.024,,,-14.018,0.0,0.0,0.0,-14.018,-0.237,-14.255,0.0,0.0,-14.255,-13.31561,0.93939,48.671,-0.29,-0.29,-0.273584,48.671,-0.29,-0.29,-0.273584,
09/30/2013,24.209,24.209,-16.695,16.695,7.514,0.009,-7.966,4.537,3.429,-0.443,-8.386,-0.715,0.01,-0.725,,9.101,0.0,-8.829,3.145,,,-5.684,0.0,0.0,0.0,-5.684,-0.256,-5.94,0.0,0.0,-5.94,19.37978,25.31978,48.674,-0.12,-0.12,0.398155,48.674,-0.12,-0.12,0.398155,
03/31/2014,25.781,25.781,-18.032,18.032,7.749,0.131,-7.944,4.461,3.483,-0.064,5.068,-0.725,0.0,-0.725,,-4.343,0.0,5.004,-0.97,,,4.034,0.0,0.0,0.0,4.034,-0.279,3.755,0.0,0.0,3.755,4.63326,0.87826,48.674,0.08,0.08,0.09519,48.674,0.08,0.08,0.09519,
06/30/2014,26.848,26.848,-18.235,18.235,8.613,0.0,-13.298,4.701,8.597,-4.685,10.366,-0.297,0.0,-0.297,,-10.069,0.0,5.681,0.125,,,5.806,0.0,0.0,0.0,5.806,-0.334,5.472,0.0,0.0,5.472,6.04985,0.57785,48.678,0.11,0.11,0.124283,48.678,0.11,0.11,0.121871,
09/30/2014,26.473,26.473,-18.331,18.331,8.142,0.009,-0.171,4.71,-4.539,7.98,10.0,-0.311,0.0,-0.311,0.0,-9.689,0.0,17.98,-3.8,,,14.18,0.0,0.0,0.0,14.18,-0.291,13.889,0.0,0.0,13.889,5.046,-8.843,48.683,0.29,0.29,0.10365,48.683,0.29,0.29,0.10365,
12/31/2014,24.7,24.7,-17.0,17.0,7.7,0.0,-8.1,4.7,3.4,-0.4,6.4,-0.3,0.0,-0.3,,-6.1,0.0,6.0,-0.4,,,5.6,0.0,0.0,0.0,5.6,-0.2,5.4,0.0,0.0,5.4,5.14,-0.26,48.7,0.11,0.11,0.105544,48.7,0.11,0.11,0.104661,
03/31/2015,27.891,27.891,-19.325,19.325,8.566,0.0,-5.562,4.866,0.696,3.004,5.907,-0.302,0.0,-0.302,,-5.605,0.0,8.911,1.446,,,10.357,0.0,0.0,0.0,10.357,-0.315,10.042,0.0,0.0,10.042,9.197,-0.845,48.683,0.21,0.21,0.188916,48.683,0.21,0.21,0.188916,
06/30/2015,28.918,28.918,-19.758,19.758,9.16,0.017,-10.277,4.854,5.423,-1.1,-48.307,-0.282,0.0,-0.282,,48.589,0.0,-49.407,20.507,,,-28.9,0.0,0.0,0.0,-28.9,-0.367,-29.267,0.0,0.0,-29.267,-28.76845,0.49855,48.687,-0.6,-0.6,-0.590886,48.687,-0.6,-0.6,-0.590886,
09/30/2015,26.505,26.505,-18.387,18.387,8.118,0.074,-7.23,4.684,2.546,0.962,-3.306,-0.294,0.0,-0.294,,3.6,0.0,-2.344,3.581,,,1.237,0.0,0.0,0.0,1.237,-0.294,0.943,0.0,0.0,0.943,1.45455,0.51155,48.692,0.02,0.02,0.029872,48.692,0.02,0.02,0.029872,
12/31/2015,25.7,25.7,-18.1,18.1,7.6,0.0,-10.2,5.0,5.2,-2.6,-5.9,-0.3,0.0,-0.3,,6.2,0.0,-8.5,3.1,,,-5.4,0.0,0.0,0.0,-5.4,-0.2,-5.6,0.0,0.0,-5.6,-5.015,0.585,48.7,-0.11,-0.11,-0.102977,48.7,-0.11,-0.11,-0.102977,
03/31/2016,27.075,27.075,-18.87,18.87,8.205,0.0,-10.411,4.852,5.559,-2.206,-0.797,4.747,5.1,-0.353,,1.15,-5.1,-3.003,0.822,,,-2.181,0.0,0.0,0.0,-2.181,-0.288,-2.469,0.0,0.0,-2.469,-2.5275,-0.0585,48.692,-0.05,-0.05,-0.051908,48.692,-0.05,-0.05,-0.051908,
06/30/2016,27.107,27.107,-18.621,18.621,8.486,0.005,-7.87,4.769,3.101,0.621,0.874,4.723,5.1,-0.377,,-0.497,-5.1,1.495,-0.33,,,1.165,0.0,0.0,0.0,1.165,-0.32,0.845,0.0,0.0,0.845,1.40855,0.56355,48.699,0.02,0.02,0.028924,48.699,0.02,0.02,0.028924,
09/30/2016,28.404,28.404,-19.005,19.005,9.399,0.0,-9.405,4.926,4.479,-0.006,7.206,4.77,5.2,-0.43,,-6.776,-5.2,7.2,0.56,,,7.76,0.0,0.0,0.0,7.76,-0.388,7.372,0.0,0.0,7.372,9.1764,1.8044,48.706,0.15,0.15,0.188404,48.706,0.15,0.15,0.187047,
12/31/2016,26.3,26.3,-17.2,17.2,9.1,0.0,-8.5,5.0,3.5,0.6,7.6,-0.5,0.0,-0.5,,-7.1,0.0,8.2,1.8,,,10.0,0.0,0.0,0.0,10.0,-0.4,9.6,0.0,0.0,9.6,10.445,0.845,48.7,0.2,0.2,0.214476,48.7,0.2,0.2,0.214476,
03/31/2017,29.948,29.948,-20.262,20.262,9.686,0.0,-10.432,5.162,5.27,-0.746,11.687,-0.689,0.007,-0.696,,-11.175,0.177,10.941,-2.179,,,8.762,0.0,0.0,0.0,8.762,-0.412,8.35,0.0,0.0,8.35,10.6575,2.3075,48.706,0.17,0.17,0.218813,48.706,0.17,0.17,0.217376,
06/30/2017,30.002,30.002,-20.494,20.494,9.508,0.0,-8.251,4.907,3.344,1.257,60.619,-0.874,0.007,-0.881,,-59.745,0.0,61.876,-20.278,,,41.598,0.0,0.0,0.0,41.598,-0.431,41.167,0.0,0.0,41.167,42.0341,0.8671,48.71,0.85,0.85,0.862946,48.71,0.85,0.85,0.862946,
09/30/2017,26.993,26.993,-18.795,18.795,8.198,0.137,-7.475,4.829,2.646,0.86,23.406,-0.969,0.008,-0.977,,-22.437,0.0,24.266,-6.466,,,17.8,0.0,0.0,0.0,17.8,-0.328,17.472,0.0,0.0,17.472,18.18895,0.71695,48.715,0.36,0.36,0.373375,48.715,0.36,0.36,0.373375,
12/31/2017,25.1,25.1,-17.7,17.7,7.4,0.0,-7.4,4.7,2.7,0.0,15.1,-0.948,0.052,-1.0,,-14.4,0.248,15.1,34.5,,,49.6,0.0,0.0,0.0,49.6,-0.5,49.1,0.0,0.0,49.1,49.7786,0.6786,48.7,1.0,1.0,1.022148,48.7,1.0,1.0,1.013934,
03/31/2018,28.413,28.413,-18.91,18.91,9.503,0.0,-12.301,5.13,7.171,-2.798,20.863,-1.064,0.008,-1.072,,-21.479,1.68,18.065,-3.33,,,14.735,0.0,0.0,0.0,14.735,-0.487,14.248,0.0,0.0,14.248,14.11923,-0.12877,48.715,0.29,0.29,0.289833,48.715,0.29,0.29,0.287357,
06/30/2018,32.385,32.385,-21.151,21.151,11.234,0.0,-71.859,5.251,66.608,-60.625,6.075,-1.214,0.008,-1.222,,-23.645,18.784,-54.55,12.588,,,-41.962,0.0,0.0,0.0,-41.962,-0.653,-42.615,0.0,0.0,-42.615,6.207,48.822,48.721,-0.87,-0.87,0.127399,48.721,-0.87,-0.87,0.127399,
09/30/2018,30.029,30.029,-20.433,20.433,9.596,0.0,-6.114,5.075,1.039,3.482,-24.512,-1.327,0.009,-1.336,,-9.905,35.744,-21.03,6.158,,,-14.872,0.0,0.0,0.0,-14.872,-0.514,-15.386,0.0,0.0,-15.386,-15.80154,-0.41554,48.727,-0.32,-0.32,-0.324287,48.727,-0.32,-0.32,-0.328528,
12/31/2018,27.4,27.4,-19.5,19.5,7.9,0.0,-8.6,5.0,3.6,-0.7,3.8,-1.338,0.062,-1.4,,-7.3,4.838,3.1,0.0,0.0,0.0,3.1,0.0,0.0,0.0,3.1,-0.3,2.8,0.0,0.0,2.8,2.47689,-0.32311,48.7,0.06,0.06,0.05086,48.7,0.06,0.06,0.05086,
03/31/2019,31.176,31.176,-21.552,21.552,9.624,0.0,-7.106,5.334,1.772,2.518,15.769,-1.51,0.009,-1.519,,-9.225,-5.034,18.287,-2.561,,,15.726,0.0,0.0,0.0,15.726,-0.522,15.204,0.0,0.0,15.204,14.98043,-0.22357,48.727,0.31,0.31,0.307436,48.727,0.31,0.31,0.305412,
06/30/2019,33.73,33.73,-22.791,22.791,10.939,0.0,-23.828,5.317,18.511,-12.889,20.116,-2.114,0.009,-2.123,,-8.944,-9.058,7.227,-0.667,,,6.56,0.0,0.0,0.0,6.56,-0.682,5.878,0.0,0.0,5.878,-13.30715,-19.18515,48.74,0.12,0.12,-0.273023,48.74,0.12,0.12,-0.273622,
09/30/2019,29.703,29.703,-20.227,20.227,9.476,0.0,-3.667,5.21,-1.543,5.809,-9.093,-1.257,0.314,-1.571,,-5.463,15.813,-3.284,2.286,,,-0.998,0.0,0.0,0.0,-0.998,-0.54,-1.538,0.0,0.0,-1.538,-1.58303,-0.04503,48.756,-0.03,-0.03,-0.032468,48.756,-0.03,-0.03,-0.032468,
12/31/2019,29.6,29.6,-20.6,20.6,9.0,0.0,-6.0,5.5,0.5,3.0,3.4,-1.1,0.4,-1.5,,-2.9,0.6,6.4,0.3,,,6.7,0.0,0.0,0.0,6.7,-0.4,6.3,0.0,0.0,6.3,4.35186,-1.94814,48.8,0.13,0.13,0.089177,48.8,0.13,0.13,0.089177,
03/31/2020,32.311,32.311,-21.88,21.88,10.431,0.0,-7.897,5.411,2.486,2.534,-3.295,-0.779,0.352,-1.131,,-8.207,12.281,-0.761,3.263,,,2.502,0.0,0.0,0.0,2.502,-0.592,1.91,0.0,0.0,1.91,-7.61029,-9.52029,48.756,0.04,0.04,-0.156089,48.756,0.04,0.04,-0.156089,
06/30/2020,23.8,23.8,-16.434,16.434,7.366,0.0,-7.352,4.997,2.355,0.014,3.342,-0.151,0.35,-0.501,,-5.651,2.46,3.356,1.516,,,4.872,0.0,0.0,0.0,4.872,-0.283,4.589,0.0,0.0,4.589,4.52106,-0.06794,48.771,0.09,0.09,0.0927,48.771,0.09,0.09,0.088607,
09/30/2020,,,,,,,,,,,,,,,,,,,,,,,,,,,,,,,,,,,,,0.12,,,,0.12,
12/31/2020,,,,,,,,,,,,,,,,,,,,,,,,,,,,,,,,,,,,,0.09,,,,0.09,
