Date,Revenue,Sales & Services Revenue,Other Revenue,Cost of Revenue,Cost of Goods & Services,Depreciation & Amortization,Gross Profit,Other Operating Income,Operating Expenses,"Selling, General & Admin",Selling & Marketing,General & Administrative,Research & Development,Other Operating Expense,Operating Income (Loss),Non-Operating (Income) Loss,"Interest Expense, Net",Interest Expense,Interest Income,Foreign Exch (Gain) Loss,(Income) Loss from Affiliates,Other Non-Op (Income) Loss,Pretax Income,Income Tax Expense (Benefit),Current Income Tax,Deferred Income Tax,Income (Loss) from Cont Ops,Net Extraordinary Losses (Gains),Discontinued Operations,XO & Accounting Changes,Income (Loss) Incl. MI,Minority Interest,"Net Income, GAAP",Preferred Dividends,Other Adjustments,"Net Income Avail to Common, GAAP","Net Income Avail to Common, Adj",Net Abnormal Losses (Gains),Basic Weighted Avg Shares,"Basic EPS, GAAP",Basic EPS from Cont Ops,"Basic EPS from Cont Ops, Adjusted",Diluted Weighted Avg Shares,"Diluted EPS, GAAP",Diluted EPS from Cont Ops,"Diluted EPS from Cont Ops, Adjusted",Source: Bloomberg
03/31/1990,20.560999,,,,,,,,,,,,,,,,,,,,,,,,,,,,,,,,2.428,,,2.428,2.428,,153.983994,0.015625,0.015625,,153.983994,0.015625,0.015625,0.015625,
06/30/1990,25.728001,,,-5.435,,,20.293001,,,,,,,,,-19.169001,,,,0.0,,19.169001,,,,,1.124,0.0,,,,0.0,1.124,0.0,,1.124,1.124,,155.343994,0.00625,0.00625,,155.343994,0.00625,0.00625,0.00625,
09/30/1990,30.785999,,,-6.569,,,24.217,,,,,,,,,-25.625999,,,,0.0,,25.625999,,,,,-1.409,0.0,,,,0.0,-1.409,0.0,,-1.409,-1.409,,155.488007,-0.00875,-0.00875,,155.488007,-0.00875,-0.00875,-0.00875,
12/31/1990,35.731998,,,-7.135,,,28.596998,,,,,,,,,-24.962999,,,,0.0,,24.962999,,,,,3.634,0.0,,,,0.0,3.634,0.0,,3.634,3.634,,174.160004,0.02,0.02,,174.160004,0.02,0.02,0.02,
03/31/1991,41.515003,,,-9.377001,,,32.138002,,,,,,,,32.138002,65.123001,,,,0.0,,-65.123001,97.261003,,,,5.657,0.0,,,,0.0,5.657,0.0,0.0,5.657,5.657,,188.016,0.03,0.03,0.03,188.016,0.03,0.03,0.03,
06/30/1991,43.474998,,,-9.919,,,33.555999,,,,,,,,,-30.327,,,,0.0,,30.327,,,,,3.229,0.0,,,,0.0,3.229,0.0,,3.229,3.229,,189.792007,0.01625,0.01625,,189.792007,0.01625,0.01625,0.01625,
09/30/1991,54.683998,,,-15.631,,,39.052999,,,,,,,,,-46.771999,,,,0.0,,46.771999,,,,,2.281,0.0,,,,0.0,2.281,0.0,,2.281,2.281,,192.496002,0.01125,0.01125,,192.496002,0.01125,0.01125,0.01125,
12/31/1991,57.922001,,,-15.094,,,42.828001,,-33.210999,,,,,,9.617,0.124,,,,0.0,,-0.124,9.741,-3.162,,,6.579,0.0,,,6.579,0.0,6.579,0.0,,6.579,6.579,,198.776001,0.03375,0.03375,,198.776001,0.03375,0.03375,0.03375,
04/01/1992,63.157001,,,-13.561,,,49.596001,,-38.347,,,,,,11.249,-2.188,,,,0.0,,2.188,9.061,-3.518,,,5.543,0.0,,,5.543,0.0,5.543,0.0,0.0,5.543,5.543,,204.168,0.0275,0.0275,0.0275,204.168,0.0275,0.0275,0.0275,
07/04/1992,74.011002,,,-18.066999,,,55.944002,,,,,,,,,-51.049,,,,0.0,,51.049,,,,,4.895,0.0,,,,0.0,4.895,0.0,,4.895,4.895,,223.712006,0.02,0.02,,223.712006,0.02,0.02,0.02,
10/03/1992,57.952,,,-18.667999,,,39.284,,,,,,,,,-53.375999,,,,0.0,,53.375999,,,,,-14.092,0.0,,,,0.0,-14.092,0.0,,-14.092,-14.092,,204.391998,-0.0625,-0.0625,,204.391998,-0.0625,-0.0625,-0.0625,
01/01/1993,61.645,,,-23.698,,,37.947001,,-51.898998,,,,,,-13.952,-3.008,,,,0.0,,3.008,-16.96,5.479,,,-11.481,0.0,,,-11.480999,0.0,-11.481,0.0,,-11.481,-11.481,,227.671997,-0.05,-0.05,,227.671997,-0.05,-0.05,-0.05,
04/02/1993,63.932999,,,-17.667999,,,46.265,,-55.924999,,,,,,-9.66,-1.724,,,,0.0,,1.724,-11.384,3.459,,,-7.925,0.0,,,-7.925,0.0,-7.925,0.0,0.0,-7.925,-7.925,,190.544008,-0.04125,-0.04125,-0.04125,190.544008,-0.04125,-0.04125,-0.04125,
07/02/1993,88.82,,,-23.436001,,,65.383999,,-79.242996,,,,,,-13.859,-0.471,,0.0,,0.0,,0.471,-14.33,4.215,,,-10.115,0.0,,,-10.115,0.0,-10.115,0.0,,-10.115,-10.115,,264.664001,-0.03875,-0.03875,,264.664001,-0.03875,-0.03875,-0.03875,
10/01/1993,79.688004,,,-20.037001,,,59.651003,,-74.491997,,,,,,-14.841,-0.264,,0.63,,0.0,,-0.366,-15.105,0.429,,,-14.676,0.0,,,-14.676,0.0,-14.676,0.0,,-14.676,-14.676,,267.144012,-0.055,-0.055,,267.144012,-0.055,-0.055,-0.055,
12/30/1993,82.661003,,,-18.612,,,64.049004,,-79.039001,,,,,,-14.99,-0.425,,0.566,,0.0,,-0.141,-15.415,4.342,,,-11.073,0.0,,,-11.073,0.0,-11.073,0.0,,-11.073,-11.073,,271.679993,-0.04125,-0.04125,,271.679993,-0.04125,-0.04125,-0.04125,
03/31/1994,77.129997,,,-18.302999,,,58.826998,,-21.562,,,,,,37.264999,-56.391999,,1.321,,0.0,,55.070999,-19.127,-1.976,,,-21.103001,0.0,,,-21.103,0.0,-21.103001,0.0,0.0,-21.103001,-21.103001,,254.136,-0.07625,-0.07625,-0.07625,254.136,-0.07625,-0.07625,-0.07625,
06/30/1994,83.112999,,,-16.653,,,66.459999,,-55.310001,,,,,,11.15,-9.675,,0.0,,0.0,,9.675,1.474999,-0.428,,,1.047,0.0,,,1.046999,0.0,1.047,0.0,,1.047,1.047,,287.528015,0.00375,0.00375,,287.528015,0.00375,0.00375,0.00375,
09/30/1994,79.078003,,,-14.559,,,64.519003,,-53.573002,,,,,,10.946,-0.019,,0.645,,0.0,,-0.626,10.927,-2.951,,,7.976,0.0,,,7.976,0.0,7.976,0.0,,7.976,7.976,,291.64801,0.0275,0.0275,,291.64801,0.0275,0.0275,0.0275,
12/30/1994,84.127998,,,-14.935,,,69.192998,,-57.428001,,,,,,11.765,0.313,,0.639,,0.0,,-0.952,12.078,-3.02,,,9.058,0.0,,,9.058,0.0,9.058,0.0,,9.058,9.058,,294.920013,0.03125,0.03125,,294.920013,0.03125,0.03125,0.03125,
03/31/1995,108.304001,,,-21.986,,,86.318001,,-80.620003,,,,,,5.698,0.287,,0.577,,0.0,,-0.864,5.985,-0.4,,,5.585,0.0,,,5.585,0.0,5.585,0.0,0.0,5.585,5.585,,430.896,0.0125,0.0125,0.0125,452.272,0.0125,0.0125,0.0125,
06/30/1995,109.864998,,,-22.218,,,87.646997,,-81.361,,,,,,6.286,0.43,,0.439,,0.0,,-0.869,6.716,0.15,,,6.866,0.0,,,6.866,0.0,6.866,0.0,,6.866,6.866,,435.895996,0.01625,0.01625,,435.895996,0.01625,0.01625,0.01625,
09/30/1995,108.510002,,,-35.09,,,73.420002,,-96.054001,,,,,,-22.634001,0.389,,0.344,,0.0,,-0.733,-22.245001,4.459,,,-17.785999,0.0,,,-17.786001,0.0,-17.785999,0.0,,-17.785999,-17.785999,,419.984009,-0.0425,-0.0425,,419.984009,-0.0425,-0.0425,-0.0425,
12/31/1995,111.097,,,-31.07,,,80.027,,-118.456001,,,,,,-38.429001,1.623,,0.338,,0.0,,-1.961,-36.806001,0.0,,,-36.806,0.0,,,-36.806001,0.0,-36.806,0.0,,-36.806,-36.806,,424.855988,-0.08625,-0.08625,-0.08625,424.855988,-0.08625,-0.08625,-0.08625,
03/31/1996,141.378998,,,-46.978001,,,94.400997,,-104.660995,,,,,,-10.259999,-28.027999,,0.374,,0.0,,27.653999,-38.287999,10.738,,,-27.550001,0.0,,,-27.549999,0.0,-27.550001,0.0,,-27.550001,-27.550001,,433.415985,0.01875,0.01875,,433.415985,0.01875,0.01875,0.01875,
06/30/1996,109.218002,,,-21.483999,,,87.734003,,-84.052002,,,,,,3.682,-0.31,,0.331,,0.0,,-0.021,3.372,-0.337,,,3.035,0.0,,,3.035,0.0,3.035,0.0,,3.035,3.035,,441.056,0.0075,0.0075,0.01,441.056,0.0075,0.0075,0.01,
09/27/1996,109.178001,,,-20.73,,,88.448002,,-81.627998,,,,,,6.82,-5.84,,0.337,,0.0,,5.503,0.98,-0.098,,,0.882,0.0,,,0.882,0.0,0.882,0.0,,0.882,0.882,,439.608002,0.0025,0.0025,0.02,439.608002,0.0025,0.0025,0.02,
12/27/1996,124.081001,,,-21.976,,,102.105001,,-87.355003,,,,,,14.75,1.547,,0.352,,0.0,,-1.899,16.297,-2.445,,,13.852,0.0,,,13.852,0.0,13.852,0.0,,13.852,13.852,,438.511993,0.03125,0.03125,0.03125,453.272003,0.03125,0.03125,0.03125,
03/31/1997,129.705994,,,-29.354,,,100.351994,,-90.730003,,,,,,9.622,0.107,,0.382,,0.0,,-0.489,9.729,-1.46,,,8.269,0.0,,,8.269,0.0,8.269,0.0,0.0,8.269,8.269,,452.888,0.01875,0.01875,0.01875,452.888,0.01875,0.01875,0.01875,
06/30/1997,135.016006,,,-20.92,,,114.096006,,-92.269997,,,,,,21.826,2.246,,0.257,,0.0,,-2.503,24.072,-5.537,,,18.535,0.0,,,18.535,0.0,18.535,0.0,,18.535,18.535,,443.664001,0.04125,0.04125,0.04125,467.0,0.04,0.04,0.04,
09/30/1997,139.013,,,-22.389,,,116.624001,,-93.893997,,,,,,22.73,3.997,,0.322,,0.0,,-4.319,26.726999,-6.147,,,20.58,0.0,,,20.579999,0.0,20.58,0.0,,20.58,20.58,,447.503998,0.04625,0.04625,0.04625,480.063995,0.04375,0.04375,0.04375,
12/31/1997,148.24,,,-22.591,,,125.649,,-99.573,,,,,,26.076,3.039,,0.318,-3.29,,,-0.067,29.115,-7.279,,,21.836,,,,21.836,,21.836,,,21.836,21.836,,450.216,0.04875,0.04875,0.04875,480.8,0.04625,0.04625,0.04625,
03/31/1998,156.091995,,,-21.531,,,134.560995,,-104.848,,,,,,29.712999,2.47,,0.321,,0.0,,-2.791,32.182999,-8.046,,,24.136999,0.0,,,24.136999,0.0,24.136999,0.0,,24.136999,24.136999,,453.712008,0.05375,0.05375,0.05375,487.976016,0.05,0.05,0.05,
06/30/1998,137.770004,,,-20.283001,,,117.487003,,-104.228996,,,,,,13.258,2.108,,0.331,-4.489,0.0,,2.05,15.366,-7.751,,,7.615,0.0,,,7.615,0.0,7.615,0.0,,7.615,7.615,,459.376008,0.01625,0.01625,0.05,481.28,0.01625,0.01625,0.04875,
09/30/1998,130.033997,,,-21.337,,,108.696997,,-107.268997,,,,,,1.428,3.055,,0.32,-3.992,0.0,,0.617,4.483,-2.538,,,1.945,0.0,,,1.945,0.0,2.306,0.0,,2.306,2.306,,456.567992,0.00375,0.00375,0.02375,470.096008,0.00375,0.00375,0.02375,
01/01/1999,155.205994,,,-26.488001,,,128.717993,,-106.713997,,,,,,22.004,4.911,,0.475,-2.676,0.0,,-2.71,26.915,-11.032,,,15.883,0.0,,,15.883,0.0,15.883,0.0,,15.883,15.883,,444.247986,0.03625,0.03625,0.0525,461.063995,0.035,0.035,0.05125,
03/31/1999,169.617996,,,-28.450001,,,141.167995,,-105.217003,,,,,,35.951,0.458,,0.713,-2.395,0.0,,1.224,36.409,-11.651,,,24.757999,0.0,,,24.758,0.0,24.757999,0.0,,24.757999,24.757999,,451.048008,0.055,0.055,0.00125,464.567992,0.05375,0.05375,0.00125,
06/30/1999,175.138,,,-30.622999,,,144.515001,,-113.996002,,,,,,30.518999,4.945,,0.027,-2.247,0.0,,-2.725,35.463999,-11.737,,,23.726999,0.0,,,23.726999,0.0,23.726999,0.0,0.0,23.726999,23.726999,,450.880008,0.0525,0.0525,0.0575,466.272,0.05125,0.05125,0.05625,
09/30/1999,182.535004,,,-30.642,,,151.893003,,-118.605003,,,,,,33.287998,5.844,,0.0,-2.471,0.0,,-3.373,39.131998,-13.3,,,25.832001,0.0,,,25.831998,0.0,25.832001,0.0,0.0,25.832001,25.832001,,456.272003,0.05625,0.05625,0.06625,483.160004,0.05375,0.05375,0.06375,
12/31/1999,200.847,,,-30.799,,,170.048,,-126.487,,,,,,43.561001,91.608002,,0.0,-3.116,0.0,,-88.492002,135.169003,-46.155998,,,89.013,0.0,,,89.013004,0.0,89.013,0.0,0.0,89.013,89.013,,467.200012,0.19,0.19,0.075,504.160004,0.17625,0.17625,0.07,
03/31/2000,187.205002,,,-29.009001,,,158.196001,,-99.158997,,,,,,59.036999,-11.511,,0.0,,0.0,,11.511,47.525999,-15.95,,,31.576,0.0,,,31.575999,0.0,31.576,0.0,0.0,31.576,31.576,,477.504,0.06625,0.06625,0.085,513.567992,0.06125,0.06125,0.07875,
06/30/2000,191.358002,,,-27.837,,,163.521002,,-112.745003,,,,,,50.776001,7.53,,0.0,-6.752,0.0,,-0.778,58.306001,-19.909,,,38.396999,0.0,,,38.397001,0.0,38.396999,0.0,0.0,38.396999,38.396999,,483.984008,0.07875,0.07875,0.08375,513.984008,0.075,0.075,0.08,
09/30/2000,192.296005,,,-26.608,,,165.688005,,-113.782997,,,,,,51.904999,7.467,,0.0,-7.957,0.0,,0.49,59.371999,-20.259001,,,39.112999,0.0,,,39.112998,0.0,39.112999,0.0,0.0,39.112999,39.112999,,488.088013,0.08,0.08,0.09375,511.584015,0.07625,0.07625,0.09,
12/31/2000,219.294006,,,-30.938,,,188.356007,,-142.199005,,,,,,46.157001,-9.911,,0.0,-8.797,0.0,,18.708,36.246001,-22.372,,,13.874,0.0,,,13.874002,0.0,13.874,0.0,0.0,13.874,13.874,,504.567993,0.0275,0.0275,0.13,523.872009,0.02625,0.02625,0.13,
03/31/2001,250.606003,,,-38.477001,,,212.129002,,-225.403,,,,,,-13.274,0.13,,0.0,,0.0,,-0.13,-13.144,-14.304,,,-27.448,0.0,,,-27.448,0.0,-27.448,0.0,0.0,-27.448,-27.448,,594.94397,-0.04625,-0.04625,0.08125,594.94397,-0.04625,-0.04625,0.08125,
06/30/2001,228.035995,,,-42.120998,,,185.914997,,-205.095001,,,,,,-19.18,9.525,,0.0,-7.587,0.0,,-1.938,-9.655001,-11.563,,,-21.218,0.0,,,-21.218,0.0,-21.218,0.0,0.0,-21.218,-21.218,,586.400024,-0.035,-0.035,0.055,620.848022,-0.035,-0.035,0.055,
09/30/2001,242.371994,,,-43.895,,,198.476994,,-205.227997,,,,,,-6.751,11.281,,0.0,-7.366,0.0,,-3.915,4.53,-16.341999,,,-11.812,0.0,,,-11.811999,0.0,-11.812,0.0,,-11.812,-11.812,,583.200012,-0.02,-0.02,0.07,583.200012,-0.02,-0.02,0.07,
12/31/2001,290.247009,,,-52.564999,,,237.682011,,-215.709,,,,,,21.973,-1.213,,3.871,-7.681,0.0,,5.023,20.76,-20.66,,,0.1,0.0,,,0.1,0.0,0.1,0.0,0.0,0.1,0.1,,558.960022,0.0,0.0,0.0975,588.559998,0.0,0.0,0.0975,
03/31/2002,310.783,,,-53.301,,,257.482,,-234.06,,,,,,23.422,6.441,,5.298,,0.0,,-11.739,29.863,-29.863,,,4.779,0.0,,,0.0,0.0,4.779,0.0,0.0,4.779,4.779,,606.644,0.0075,0.0075,0.0075,606.644,0.0075,0.0075,0.0075,
06/30/2002,316.040985,,,-55.452,,,260.588985,,-176.546005,,,,,,84.042999,-0.453,,5.291,-9.646,0.0,,4.808,83.589999,-27.021,,,56.569,0.0,,,56.568999,0.0,56.569,0.0,0.0,56.569,56.569,,575.651978,0.0975,0.0975,0.115,676.107971,0.09,0.09,0.1025,
09/30/2002,325.230988,,,-61.159,,,264.071987,,-190.158997,,,,,,73.913002,3.22,,5.292,-9.723,0.0,,1.210999,77.133002,-25.139,,,51.993999,0.0,,,51.994002,0.0,51.993999,0.0,0.0,51.993999,51.993999,,578.14801,0.09,0.09,0.1025,673.955994,0.0825,0.0825,0.095,
12/31/2002,375.63501,,,-65.279999,,,310.355011,,-209.639999,,,,,,100.714996,3.633,,5.292,-9.039,0.0,,0.113999,104.347997,-32.616001,,,71.732002,0.0,,,71.731996,0.0,71.732002,0.0,0.0,71.732002,71.732002,,580.59198,0.1225,0.1225,0.1325,683.231995,0.11,0.11,0.1175,
03/31/2003,390.039001,,,-68.224998,,,321.814003,,-223.184006,,,,,,98.629997,-0.07,,5.291,-9.296,0.0,,4.075,98.559997,-30.417,,,68.142998,0.0,,,68.142997,0.0,68.142998,0.0,0.0,68.142998,68.142998,,592.547972,0.115,0.115,0.13,695.604004,0.1025,0.1025,0.1175,
06/30/2003,391.123993,,,-67.578003,,,323.54599,,-229.604996,,,,,,93.941002,-8.222,,5.291,-10.097,0.0,,13.028,85.719002,-26.938,,,58.780998,0.0,,,58.781002,0.0,58.780998,0.0,0.0,58.780998,58.780998,,598.976013,0.1,0.1,0.125,699.952026,0.09,0.09,0.10675,
09/30/2003,428.665009,,,-74.809998,,,353.855011,,-237.231003,,,,,,116.624001,5.345,,5.291,-8.807,0.0,,-1.829,121.969,-38.535999,,,83.432999,0.0,,,83.433001,0.0,83.432999,0.0,0.0,83.432999,83.432999,,609.700012,0.1375,0.1375,0.15,713.659973,0.1225,0.1225,0.1325,
12/31/2003,493.904999,,,-87.608002,,,406.296997,,-250.097,,,,,,156.199997,7.11,,5.291,-8.184,0.0,,-4.217,163.309997,-51.834,,,111.475998,0.0,,,111.475997,0.0,111.475998,0.0,0.0,111.475998,111.475998,,616.969971,0.18,0.18,0.195,724.357971,0.16,0.16,0.17,
03/31/2004,556.434998,,,-97.557999,,,458.876999,,-292.381012,,,,,,166.496002,4.728,,5.291,-10.169,0.0,,0.15,171.224002,-54.294998,,,116.929001,0.0,,,116.929004,0.0,116.929001,0.0,0.0,116.929001,116.929001,,615.416016,0.19,0.19,0.205,732.596008,0.165,0.165,0.175,
06/30/2004,556.633972,,,-100.261002,,,456.372971,,-285.993011,,,,,,170.380005,2.025,,5.291,-9.318,0.0,,2.002,172.405005,-55.127998,,,117.277,0.0,,,117.277007,0.0,117.277,0.0,0.0,117.277,117.277,,624.52002,0.19,0.19,0.205,735.85199,0.165,0.165,0.18,
10/01/2004,618.312988,,,-109.219002,,,509.093987,,-315.061005,,,,,,194.033005,3.516,,5.291,-10.858,0.0,,2.051,197.549005,-61.925999,,,135.623001,0.0,,,135.623006,0.0,135.623001,0.0,0.0,135.623001,135.623001,,629.72998,0.215,0.215,0.23,736.538025,0.19,0.19,0.205,
12/31/2004,695.223999,,,-121.498001,,,573.725998,,-344.438995,,,,,,229.287003,10.395,,1.741,-13.34,0.0,,1.204,239.682002,-76.105003,,,163.576996,0.0,,,163.576999,0.0,163.576996,0.0,0.0,163.576996,163.576996,,679.031982,0.24,0.24,0.26,742.445984,0.22,0.22,0.24,
03/31/2005,712.678,,,-121.131,,,591.547,,-355.856,,,,,,235.691,12.801,,0.0,,0.0,,-12.801,248.492,-128.81,,,119.682,0.0,,,119.682,0.0,119.682,0.0,0.0,119.682,119.682,,704.011,0.17,0.17,0.26,738.413,0.16,0.16,0.25,
07/01/2005,699.942,,,-116.795,,,583.147,,-337.254,,,,,,245.893,9.183,-22.758,0.0,,0.0,,13.575,255.076,-56.443,,,198.633,0.0,,,198.633,0.0,198.633,0.0,0.0,198.633,198.633,,711.324,0.28,0.28,0.3,737.211,0.27,0.27,0.29,
09/30/2005,1055.864,,,-313.442,,,742.422,,-710.064,,,,,,32.358,-258.245,7.503,7.503,,0.0,,250.742,-225.887,-25.441,,,-251.328,0.0,,,-251.328,0.0,-251.328,0.0,0.0,-251.328,-251.328,,1172.13,-0.21,-0.21,0.24,1172.13,-0.21,-0.21,0.24,
12/31/2005,1149.026,,,-268.478,,,880.548,,-694.709,,,,,,185.839,-50.496,6.843,6.843,,0.0,,43.653,135.343,-44.609,,,90.734,0.0,,,90.734,0.0,90.734,0.0,0.0,90.734,90.734,,1069.123,0.08,0.08,0.26,1096.609,0.08,0.08,0.26,
03/31/2006,1238.56,,,-283.154,,,955.406,,-817.387,,,,,,138.019,60.172,,3.65,,0.0,,-63.822,198.191,-79.378,,,118.813,0.0,,,118.813,0.0,118.813,0.0,0.0,118.813,118.813,,1064.293,0.12,0.12,0.26,1064.293,0.11,0.11,0.26,
06/30/2006,1265.868,,,-211.048,,,1054.82,0.0,-910.748,546.07,467.449,,,364.678,144.072,20.956,-21.138,6.678,-27.816,0.0,,0.182,165.028,-64.494,,,100.534,0.0,,,100.534,0.0,100.534,0.0,0.0,100.534,100.534,,1028.82,0.1,0.1,0.2,1048.833,0.1,0.1,0.2,
09/30/2006,1260.408,,,-300.401,,,960.007,,-813.395,,,,,,146.612,36.292,-26.931,8.052,-34.983,0.0,,-9.361,182.904,-56.722,,,126.182,0.0,,,126.182,0.0,126.182,0.0,0.0,126.182,126.182,,966.757,0.13,0.13,0.13,987.916,0.13,0.13,0.13,
12/29/2006,1315.873,,,-310.503,,,1005.37,,-846.332,,,,,,159.038,18.587,,6.257,-28.741,0.0,,3.897,177.625,-60.855,,,116.77,0.0,,,116.77,0.0,116.77,0.0,0.0,116.77,116.77,,932.122,0.13,0.13,0.24,963.309,0.12,0.12,0.23,
03/31/2007,1357.217,,,-306.263,,,1050.954,,-923.211,654.81,575.544,,,268.401,127.743,-21.679,-66.568,6.245,-72.813,0.0,,88.247,106.064,-45.169,,,60.895,0.0,,,60.895,0.0,60.895,0.0,0.0,60.895,60.895,,905.41,0.08,0.09,0.2,905.41,0.08,0.09,0.19,
06/29/2007,1400.338,,,-220.904,,,1179.434,0.0,-1045.238,654.375,568.53,,,390.863,134.196,15.796,-14.53,6.291,-20.821,0.0,,-1.266,149.992,-54.786,,,95.206,0.0,,,95.206,0.0,95.206,0.0,0.0,95.206,95.206,,891.642,0.11,0.11,0.25,910.302,0.1,0.1,0.24,
09/28/2007,1419.089,,,-304.526,,,1114.563,0.0,-1055.674,681.567,595.162,,,374.107,58.889,14.527,-12.562,6.617,-19.179,,0.0,-1.965,73.416,-23.048,,,50.368,,,,50.368,,50.368,0.0,0.0,50.368,50.368,62.4806,875.662,0.06,0.06,0.13,892.759,0.06,0.06,0.13,
12/28/2007,1515.251,,,-299.161,,,1216.09,,-990.869,,,,,,225.221,-19.275,,7.477,-19.997,0.0,,31.795,205.946,-74.056,,,131.89,0.0,,,131.89,0.0,131.89,0.0,0.0,131.89,131.89,,1719.994,0.3,0.3,0.44,1752.442,0.3,0.3,0.44,
03/31/2008,1539.741,,,-306.379,,,1233.362,,-995.982,716.384,623.592,,,279.598,237.38,45.789,-7.804,9.095,-16.899,0.0,,-37.985,283.169,-96.783,,,186.386,0.0,,,186.386,0.0,186.386,0.0,0.0,186.386,186.386,,842.432,0.22,0.22,0.24,856.747,0.22,0.22,0.24,
07/04/2008,1650.0,1291.0,359.0,-312.0,227.0,85.0,1338.0,0.0,-1060.0,756.0,663.0,93.0,232.0,72.0,278.0,-15.0,15.0,33.0,-18.0,,-6.0,0.0,263.0,-85.0,,,172.0,0.0,0.0,0.0,172.0,0.0,172.0,0.0,0.0,172.0,183.05,11.05,839.0,0.21,0.21,0.218176,854.0,0.2,0.2,0.212939,
10/03/2008,1518.0,1181.0,337.0,-309.0,222.0,87.0,1209.0,0.0,-992.0,682.0,597.0,85.0,219.0,91.0,217.0,-27.0,18.0,30.0,-12.0,,-11.0,9.0,190.0,-53.0,,,126.0,0.0,0.0,0.0,126.0,0.0,126.0,0.0,0.0,126.0,150.208824,24.208824,838.0,0.15,0.15,0.179247,852.0,0.15,0.15,0.178414,
01/02/2009,1514.0,1197.0,317.0,-299.0,209.0,90.0,1215.0,0.0,-7988.0,664.0,581.0,83.0,194.0,7130.0,-6773.0,-9.0,26.0,31.0,-5.0,,-16.0,-17.0,-6782.0,-22.0,,,-6820.0,0.0,0.0,0.0,-6820.0,0.0,-6820.0,0.0,0.0,-6820.0,237.583004,7057.583004,827.0,-8.25,-8.25,0.287283,827.0,-8.25,-8.25,0.283958,
04/03/2009,1468.0,1194.0,274.0,-307.0,217.0,90.0,1161.0,0.0,-1353.0,627.0,545.0,82.0,225.0,501.0,-192.0,-29.0,29.0,31.0,-2.0,,-20.0,0.0,-221.0,-23.0,,,-264.0,0.0,0.0,0.0,-264.0,0.0,-264.0,0.0,0.0,-264.0,169.343787,433.343787,819.0,-0.32,-0.32,0.206769,819.0,-0.32,-0.32,0.206769,
07/03/2009,1432.0,1209.0,223.0,-312.0,214.0,98.0,1120.0,0.0,-968.0,648.0,559.0,89.0,221.0,99.0,152.0,-24.0,30.0,32.0,-2.0,,-12.0,-6.0,128.0,-42.0,,,74.0,0.0,0.0,0.0,74.0,0.0,74.0,0.0,0.0,74.0,95.042593,21.042593,816.0,0.09,0.09,0.116474,827.0,0.09,0.09,0.115444,
10/02/2009,1474.0,1254.0,220.0,-259.0,212.0,47.0,1215.0,0.0,-958.0,660.0,576.0,84.0,210.0,88.0,257.0,-28.0,30.0,31.0,-1.0,,-6.0,-2.0,229.0,-68.0,,,155.0,0.0,0.0,0.0,155.0,0.0,155.0,0.0,0.0,155.0,171.25,16.25,812.0,0.19,0.19,0.210899,819.0,0.19,0.19,0.209841,
01/01/2010,1548.0,1292.0,256.0,-258.0,214.0,44.0,1290.0,0.0,-1013.0,727.0,635.0,92.0,210.0,76.0,277.0,12.0,32.0,33.0,-1.0,,-9.0,-44.0,289.0,21.0,,,301.0,0.0,0.0,0.0,301.0,0.0,301.0,0.0,0.0,301.0,282.577586,-18.422414,809.0,0.37,0.37,0.349292,819.0,0.37,0.37,0.347506,
04/02/2010,1531.0,1279.0,252.0,-276.0,231.0,45.0,1255.0,0.0,-1008.0,684.0,597.0,87.0,216.0,108.0,247.0,-28.0,31.0,33.0,-2.0,0.0,-12.0,-3.0,219.0,-23.0,,,184.0,0.0,0.0,0.0,184.0,0.0,184.0,0.0,0.0,184.0,214.55,30.55,802.0,0.23,0.23,0.267519,812.0,0.23,0.23,0.267519,
07/02/2010,1433.0,1248.0,185.0,-265.0,220.0,45.0,1168.0,0.0,-974.0,665.0,573.0,92.0,208.0,101.0,194.0,-30.0,31.0,33.0,-2.0,,-7.0,-1.0,164.0,4.0,,,161.0,0.0,0.0,0.0,161.0,0.0,161.0,0.0,0.0,161.0,190.25,29.25,796.0,0.2,0.2,0.239008,805.0,0.2,0.2,0.236335,
10/01/2010,1480.0,1270.0,210.0,-246.0,223.0,23.0,1234.0,0.0,-1016.0,712.0,612.0,100.0,208.0,96.0,218.0,-36.0,34.0,36.0,-2.0,,-4.0,2.0,182.0,-44.0,,,134.0,0.0,0.0,0.0,134.0,2.0,136.0,0.0,0.0,136.0,162.796774,26.796774,782.0,0.17,0.17,0.20818,786.0,0.17,0.17,0.204093,
12/31/2010,1604.0,1349.0,255.0,-264.0,240.0,24.0,1340.0,0.0,-1111.0,801.0,704.0,97.0,220.0,90.0,229.0,-52.0,34.0,37.0,-3.0,,-10.0,18.0,177.0,-35.0,,,132.0,0.0,0.0,0.0,132.0,0.0,132.0,0.0,0.0,132.0,159.504639,27.504639,770.0,0.17,0.17,0.207149,778.0,0.17,0.17,0.205353,
04/01/2011,1673.0,1386.0,287.0,-270.0,247.0,23.0,1403.0,0.0,-1164.0,834.0,733.0,101.0,226.0,104.0,239.0,-43.0,34.0,37.0,-3.0,,,-1.0,196.0,-30.0,,,166.0,0.0,0.0,0.0,166.0,2.0,168.0,0.0,0.0,168.0,189.45,21.45,763.0,0.22,0.22,0.248296,773.0,0.22,0.22,0.247749,
07/01/2011,1653.0,1439.0,214.0,-259.0,237.0,22.0,1394.0,0.0,-1092.0,770.0,665.0,105.0,239.0,83.0,302.0,-45.0,28.0,32.0,-4.0,,,4.0,257.0,-67.0,,,190.0,0.0,0.0,0.0,190.0,1.0,191.0,0.0,0.0,191.0,198.8,7.8,755.0,0.25,0.25,0.263311,765.0,0.25,0.25,0.260196,
09/30/2011,1681.0,1452.0,229.0,-265.0,242.0,23.0,1416.0,0.0,-1131.0,803.0,697.0,106.0,247.0,81.0,285.0,-36.0,24.0,28.0,-4.0,,,-2.0,249.0,-67.0,,,182.0,0.0,0.0,0.0,182.0,0.0,182.0,0.0,0.0,182.0,189.20625,7.20625,745.0,0.24,0.24,0.253968,751.0,0.24,0.24,0.249596,
12/30/2011,1715.0,1462.0,253.0,-271.0,249.0,22.0,1444.0,0.0,-1144.0,824.0,711.0,113.0,242.0,78.0,300.0,-27.0,25.0,27.0,-2.0,,,2.0,273.0,-32.0,,,241.0,0.0,0.0,0.0,241.0,-1.0,240.0,0.0,0.0,240.0,245.2,5.2,734.0,0.33,0.33,0.33406,740.0,0.32,0.32,0.327027,
03/30/2012,1681.0,1470.0,211.0,-287.0,263.0,24.0,1394.0,0.0,-1202.0,854.0,741.0,113.0,241.0,107.0,192.0,499.0,25.0,28.0,-3.0,,,-524.0,691.0,-132.0,,,559.0,0.0,0.0,0.0,559.0,,559.0,0.0,0.0,559.0,158.536556,-400.463444,728.0,0.77,0.77,0.21777,736.0,0.76,0.76,0.215892,
06/29/2012,1668.0,1475.0,193.0,-284.0,266.0,18.0,1384.0,0.0,-1134.0,778.0,668.0,110.0,249.0,107.0,250.0,-32.0,26.0,29.0,-3.0,,,6.0,218.0,-58.0,,,160.0,0.0,0.0,0.0,160.0,0.0,160.0,0.0,0.0,160.0,189.855914,29.855914,716.0,0.22,0.22,0.265162,720.0,0.22,0.22,0.261467,
09/28/2012,1699.0,1498.0,201.0,-284.0,265.0,19.0,1415.0,0.0,-1118.0,776.0,667.0,109.0,247.0,95.0,297.0,-32.0,33.0,35.0,-2.0,,,-1.0,265.0,-76.0,,,189.0,0.0,0.0,0.0,189.0,0.0,189.0,0.0,0.0,189.0,205.9,16.9,702.0,0.27,0.27,0.293305,708.0,0.27,0.27,0.293305,
12/28/2012,1791.0,1521.0,270.0,-299.0,283.0,16.0,1492.0,0.0,-1188.0,841.0,724.0,117.0,249.0,98.0,304.0,-14.0,34.0,38.0,-4.0,,,-20.0,290.0,-74.0,,,216.0,0.0,0.0,0.0,216.0,0.0,216.0,0.0,0.0,216.0,236.15,20.15,693.0,0.31,0.31,0.340765,702.0,0.31,0.31,0.338704,
03/29/2013,1748.0,1527.0,221.0,-308.0,292.0,16.0,1440.0,0.0,-1185.0,807.0,693.0,114.0,267.0,111.0,255.0,-22.0,34.0,37.0,-3.0,,,-12.0,233.0,-43.0,,,190.0,0.0,0.0,0.0,190.0,0.0,190.0,0.0,0.0,190.0,216.0,26.0,693.0,0.27,0.27,0.311688,714.0,0.27,0.27,0.306415,
06/28/2013,1709.0,1520.0,189.0,-300.0,285.0,15.0,1409.0,0.0,-1185.0,771.0,652.0,119.0,262.0,152.0,224.0,-4.0,22.0,25.0,-3.0,,,-18.0,220.0,-63.0,,,157.0,0.0,0.0,0.0,157.0,,157.0,0.0,0.0,157.0,209.65,52.65,697.0,0.23,0.23,0.300789,707.0,0.22,0.22,0.29447,
09/27/2013,1637.0,1499.0,138.0,-284.0,284.0,,1353.0,0.0,-1105.0,706.0,592.0,114.0,248.0,151.0,248.0,3.0,17.0,20.0,-3.0,,,-20.0,251.0,-10.0,,,241.0,0.0,0.0,0.0,241.0,0.0,241.0,0.0,0.0,241.0,311.36712,70.36712,699.0,0.34,0.34,0.445447,707.0,0.34,0.34,0.439529,
12/27/2013,1705.0,1508.0,197.0,-283.0,270.0,13.0,1422.0,0.0,-1017.0,705.0,608.0,97.0,252.0,60.0,405.0,-18.0,17.0,20.0,-3.0,,,1.0,387.0,-104.0,,,283.0,0.0,0.0,0.0,283.0,0.0,283.0,0.0,0.0,283.0,304.45,21.45,696.0,0.41,0.41,0.437428,702.0,0.4,0.4,0.430556,
03/28/2014,1625.0,1433.0,192.0,-269.0,269.0,,1356.0,0.0,-1050.0,699.0,584.0,115.0,277.0,74.0,306.0,-8.0,16.0,19.0,-3.0,,,-8.0,298.0,-81.0,,,217.0,0.0,0.0,0.0,217.0,0.0,217.0,0.0,0.0,217.0,233.25,16.25,693.0,0.31,0.31,0.33658,700.0,0.31,0.31,0.333214,
07/04/2014,1735.0,1574.0,161.0,-309.0,296.0,13.0,1426.0,0.0,-1104.0,747.0,644.0,103.0,308.0,49.0,322.0,-17.0,18.0,21.0,-3.0,,0.0,-1.0,305.0,-69.0,,,236.0,0.0,0.0,0.0,236.0,0.0,236.0,0.0,0.0,236.0,249.0,13.0,692.0,0.34,0.34,0.359827,697.0,0.34,0.34,0.358651,
10/03/2014,1617.0,1445.0,172.0,-278.0,265.0,13.0,1339.0,0.0,-991.0,658.0,565.0,93.0,276.0,57.0,348.0,-15.0,16.0,19.0,-3.0,,,-1.0,333.0,-89.0,,,244.0,0.0,0.0,0.0,244.0,0.0,244.0,0.0,0.0,244.0,263.5,19.5,690.0,0.35,0.35,0.381884,696.0,0.35,0.35,0.378017,
01/02/2015,970.0,930.0,40.0,-177.0,177.0,,793.0,0.0,-759.0,494.0,403.0,91.0,193.0,72.0,34.0,-15.0,16.0,19.0,-3.0,,,-1.0,19.0,-44.0,,,-25.0,-247.0,-247.0,0.0,222.0,0.0,222.0,0.0,0.0,222.0,8.15,33.15,689.0,0.32,-0.04,0.011829,689.0,0.32,-0.04,0.008113,
04/03/2015,899.0,861.0,38.0,-176.0,176.0,,723.0,0.0,-772.0,471.0,385.0,86.0,208.0,93.0,-49.0,-9.0,17.0,19.0,-2.0,,0.0,-8.0,-58.0,113.0,,,55.0,-121.0,-121.0,0.0,176.0,0.0,176.0,0.0,0.0,176.0,101.8,46.8,684.0,0.26,0.08,0.14883,693.0,0.25,0.08,0.147532,
07/03/2015,912.0,884.0,28.0,-158.0,158.0,,754.0,0.0,-671.0,424.0,340.0,84.0,198.0,49.0,83.0,-23.0,17.0,20.0,-3.0,,0.0,6.0,60.0,-35.0,,,25.0,-92.0,-92.0,0.0,117.0,0.0,117.0,0.0,0.0,117.0,135.270833,110.270833,682.0,0.17,0.04,0.198344,691.0,0.17,0.04,0.198344,
10/02/2015,906.0,906.0,,-160.0,160.0,,746.0,0.0,-646.0,402.0,336.0,66.0,199.0,45.0,100.0,-13.0,17.0,19.0,-2.0,,0.0,-4.0,87.0,-34.0,,,53.0,-103.0,-103.0,0.0,156.0,0.0,156.0,0.0,0.0,156.0,138.05765,85.05765,682.0,0.23,0.08,0.202431,687.0,0.23,0.08,0.202431,
01/01/2016,909.0,909.0,,-150.0,150.0,,759.0,0.0,-613.0,376.0,308.0,68.0,174.0,63.0,146.0,-17.0,16.0,17.0,-1.0,,0.0,1.0,129.0,-15.0,,,114.0,-56.0,-56.0,0.0,170.0,0.0,170.0,0.0,0.0,170.0,159.70185,45.70185,665.0,0.26,0.17,0.240153,671.0,0.25,0.17,0.23811,
04/01/2016,873.0,849.0,24.0,-147.0,147.0,,726.0,0.0,-598.0,385.0,308.0,77.0,177.0,36.0,128.0,-12.0,15.0,19.0,-4.0,,0.0,-3.0,116.0,-1129.0,,,-1013.0,-3058.0,-3058.0,0.0,2045.0,0.0,2045.0,0.0,0.0,2045.0,97.1,1110.1,650.0,3.15,-1.56,0.149385,650.0,3.15,-1.56,0.147846,
07/01/2016,884.0,884.0,,-149.0,149.0,,735.0,0.0,-629.0,375.0,291.0,84.0,170.0,84.0,106.0,-9.0,22.0,27.0,-5.0,,0.0,-13.0,97.0,-31.0,,,66.0,-69.0,-69.0,0.0,135.0,0.0,135.0,0.0,0.0,135.0,124.897959,58.897959,613.0,0.22,0.11,0.203749,620.0,0.22,0.11,0.203749,
09/30/2016,979.0,979.0,,-210.0,210.0,,769.0,0.0,-781.0,483.0,338.0,145.0,200.0,98.0,-12.0,-38.0,48.0,52.0,-4.0,,0.0,-10.0,-50.0,-19.0,,,-69.0,75.0,75.0,0.0,-144.0,0.0,-144.0,0.0,0.0,-144.0,11.634375,80.634375,620.0,-0.23,-0.11,0.018765,620.0,-0.23,-0.11,0.018765,
12/30/2016,1041.0,1041.0,,-235.0,235.0,,806.0,0.0,-822.0,508.0,377.0,131.0,204.0,110.0,-16.0,-45.0,50.0,55.0,-5.0,,0.0,-5.0,-61.0,5.0,,,-56.0,-102.0,-102.0,0.0,46.0,0.0,46.0,0.0,0.0,46.0,47.450704,103.450704,620.0,0.07,-0.09,0.076533,620.0,0.07,-0.09,0.076533,
03/31/2017,1115.0,1115.0,,-259.0,259.0,,856.0,0.0,-1034.0,657.0,453.0,204.0,249.0,128.0,-178.0,-70.0,74.0,74.0,0.0,0.0,0.0,-4.0,-248.0,71.0,182.0,-208.0,-177.0,-34.0,-34.0,0.0,-143.0,0.0,-143.0,0.0,0.0,-143.0,319.477881,496.477881,619.0,-0.231018,-0.285945,0.516119,619.0,-0.231018,-0.285945,0.516119,
06/30/2017,1175.0,1175.0,,-257.0,257.0,,918.0,0.0,-962.0,582.0,433.0,149.0,233.0,147.0,-44.0,-90.0,78.0,84.0,-6.0,,0.0,12.0,-134.0,24.0,,,-110.0,23.0,23.0,0.0,-133.0,0.0,-133.0,0.0,0.0,-133.0,8.214286,118.214286,609.0,-0.22,-0.18,0.013488,609.0,-0.22,-0.18,0.013488,
09/29/2017,1240.0,1240.0,,-262.0,262.0,,978.0,0.0,-987.0,594.0,434.0,160.0,241.0,152.0,-9.0,-60.0,52.0,57.0,-5.0,7.0,0.0,1.0,-69.0,53.0,,,-16.0,-4.0,-4.0,0.0,-12.0,0.0,-12.0,0.0,0.0,-12.0,38.55,54.55,615.0,-0.02,-0.03,0.062683,615.0,-0.02,-0.03,0.058699,
12/29/2017,1209.0,1209.0,,-249.0,249.0,,960.0,0.0,-864.0,494.0,372.0,122.0,225.0,145.0,96.0,609.0,53.0,58.0,-5.0,5.0,,-667.0,705.0,606.0,,,1311.0,-31.0,-31.0,0.0,1342.0,0.0,1342.0,0.0,0.0,1342.0,183.548582,-1127.451418,619.0,2.17,2.12,0.296524,667.0,2.01,1.97,0.279668,
03/30/2018,1210.0,1210.0,,-264.0,264.0,,946.0,0.0,-940.0,497.0,354.0,143.0,257.0,186.0,6.0,-71.0,57.0,57.0,0.0,0.0,,14.0,-65.0,7.0,,,-58.0,1.0,1.0,0.0,-59.0,0.0,-59.0,0.0,0.0,-59.0,-1112.205934,-1054.205934,621.0,-0.1,-0.09839,-1.790992,621.0,-0.1,-0.09839,-1.795984,
06/29/2018,1156.0,1156.0,,-249.0,249.0,,907.0,0.0,-905.0,519.0,386.0,133.0,237.0,149.0,2.0,-71.0,45.0,52.0,-7.0,9.0,0.0,-9.0,-69.0,4.0,,,-65.0,-5.0,-5.0,0.0,-60.0,0.0,-60.0,0.0,0.0,-60.0,16.272778,81.272778,624.0,-0.1,-0.1,0.026078,624.0,-0.1,-0.1,0.026078,
09/28/2018,612.0,612.0,,-116.0,116.0,,496.0,0.0,-453.0,276.0,175.0,101.0,105.0,72.0,43.0,-75.0,41.0,52.0,-11.0,4.0,0.0,30.0,-32.0,-30.0,,,-62.0,-54.0,-54.0,0.0,-8.0,0.0,-8.0,0.0,0.0,-8.0,-17.368385,44.631615,630.0,-0.01,-0.1,-0.027569,630.0,-0.01,-0.1,-0.029156,
12/28/2018,615.0,615.0,,-110.0,110.0,,505.0,0.0,-443.0,264.0,166.0,98.0,110.0,69.0,62.0,-71.0,42.0,53.0,-11.0,3.0,,26.0,-9.0,-10.0,,,-19.0,-84.0,-84.0,0.0,65.0,0.0,65.0,0.0,0.0,65.0,24.203793,43.203793,637.0,0.1,-0.03,0.037997,637.0,0.1,-0.03,0.037824,
03/29/2019,617.0,617.0,,-124.0,124.0,,493.0,0.0,-421.0,268.0,175.0,93.0,98.0,55.0,72.0,-52.0,38.0,51.0,-13.0,5.0,,9.0,20.0,17.0,,,37.0,3.0,3.0,0.0,34.0,0.0,34.0,0.0,0.0,34.0,57.708333,20.708333,637.0,0.05,0.06,0.090594,662.0,0.05,0.06,0.090594,
07/05/2019,650.0,650.0,,-96.0,96.0,,554.0,0.0,-414.0,280.0,184.0,96.0,101.0,33.0,140.0,-48.0,39.0,49.0,-10.0,1.0,0.0,8.0,92.0,-54.0,,,38.0,12.0,12.0,0.0,26.0,0.0,26.0,0.0,0.0,26.0,54.759036,16.759036,619.0,0.04,0.06,0.088464,642.0,0.04,0.06,0.086104,
10/04/2019,608.0,608.0,,-100.0,100.0,,508.0,0.0,-405.0,281.0,189.0,92.0,86.0,38.0,103.0,-48.0,38.0,46.0,-8.0,1.0,0.0,9.0,55.0,-20.0,,,35.0,-750.0,-750.0,0.0,785.0,0.0,785.0,0.0,0.0,785.0,48.697407,13.697407,620.0,1.27,0.06,0.078544,644.0,1.22,0.05,0.071269,
01/03/2020,618.0,618.0,,-103.0,103.0,,515.0,0.0,-453.0,263.0,178.0,85.0,72.0,118.0,62.0,348.0,13.0,51.0,-38.0,5.0,,-366.0,410.0,-57.0,,,353.0,-2492.0,-2492.0,0.0,2845.0,0.0,2845.0,0.0,0.0,2845.0,98.348485,-254.651515,621.0,4.58,0.57,0.158371,647.0,4.4,0.55,0.156412,
04/03/2020,614.0,614.0,,-97.0,97.0,,517.0,0.0,-473.0,247.0,150.0,97.0,70.0,156.0,44.0,213.0,26.0,50.0,-24.0,0.0,,-239.0,257.0,-108.0,,,149.0,-82.0,-82.0,0.0,231.0,0.0,231.0,0.0,0.0,231.0,196.756757,47.756757,599.0,0.39,0.25,0.328475,639.0,0.36,0.23,0.304737,
07/03/2020,614.0,614.0,,-86.0,86.0,,528.0,0.0,-408.0,198.0,145.0,53.0,65.0,145.0,120.0,-21.0,38.0,40.0,-2.0,-1.0,,-16.0,99.0,50.0,,,149.0,31.0,31.0,0.0,118.0,0.0,118.0,0.0,0.0,118.0,174.389262,25.389262,590.0,0.2,0.25,0.295575,614.0,0.19,0.24,0.281351,
09/30/2020,620.5,,,,,,536.788345,,,,,,,,294.444,,,,,,,,256.667,,,,129.914,,,,,,129.914,,,129.914,197.273,,,0.215,0.215,0.329,,0.215,0.215,0.329,
12/31/2020,626.417,,,,,,542.82165135,,,,,,,,307.556,,,,,,,,270.667,,,,164.057,,,,,,164.057,,,164.057,208.818,,,0.298,0.298,0.354,,0.298,0.298,0.354,
