Date,Net Revenue,Net Interest Income,Total Interest Income,Interest Income,Investment Income,Total Interest Expense,Total Non-Interest Income,Trading Securities G/L,Trading Account Profits/Losses,Investment & Loan Inc (Loss),Other Income (Loss),Commissions & Fees Earned,Other Operating Income (Losses),Provision for Loan Losses,Net Revenue after Provisions,Total Non-Interest Expense,Commissions & Fees Paid,Other Operating Expenses,Operating Income (Loss),Non-Operating (Income) Loss,Other Non-Op (Income) Loss,"Pretax Income (Loss), GAAP",Income Tax Expense (Benefit),Income (Loss) from Cont Ops,Net Extraordinary Losses (Gains),Discontinued Operations,XO & Accounting Changes,Income (Loss) Incl. MI,Minority Interest,"Net Income, GAAP",Preferred Dividends,Other Adjustments,"Net Income Avail to Common, GAAP","Net Income Avail to Common, Adj",Net Abnormal Losses (Gains),Basic Weighted Avg Shares,"Basic EPS, GAAP",Basic EPS from Cont Ops,"Basic EPS from Cont Ops, Adjusted",Diluted Weighted Avg Shares,"Diluted EPS, GAAP",Diluted EPS from Cont Ops,"Diluted EPS from Cont Ops, Adjusted",Source: Bloomberg
03/31/1990,146.899996,58.699997,224.300003,168.800003,55.5,-165.600006,88.199999,3.4,,,,65.5,19.299999,-2.5,144.399996,-113.400002,0.0,113.400002,31.0,0.0,0.0,31.0,-5.1,25.9,0.0,,,25.9,0.0,25.9,-1.1,,24.8,24.8,,215.051994,0.115,0.115,,215.051994,0.115,0.115,0.115,
06/30/1990,150.800011,60.700008,236.100002,184.800003,51.299999,-175.399994,90.100002,3.0,,,,64.300003,22.799999,-2.5,148.300011,-113.699997,0.0,113.699997,34.599998,0.0,0.0,34.599998,-6.1,28.5,0.0,,,28.499999,0.0,28.5,-0.6,,27.9,27.9,,214.049995,0.128333,0.128333,,214.049995,0.128333,0.128333,0.128333,
09/30/1990,156.999996,63.299995,245.299995,201.899994,43.400002,-182.0,93.700001,2.0,,,,68.900002,22.799999,-4.0,152.999996,-114.800003,0.0,114.800003,38.200001,0.0,0.0,38.200001,-7.8,30.4,0.0,,,30.400001,0.0,30.4,-2.0,,28.4,28.4,,211.326004,0.135,0.135,,211.326004,0.135,0.135,0.135,
12/31/1990,163.900001,66.599998,247.900001,200.800003,47.099998,-181.300003,97.300003,10.2,,,,104.400002,-17.299999,-5.0,158.900001,-123.0,0.0,123.0,35.900002,0.0,0.0,35.900002,-5.3,30.6,0.0,,,30.600002,0.0,30.6,-2.3,,28.3,28.3,,203.958,0.136667,0.136667,0.136667,203.958,0.136667,0.136667,0.136667,
03/31/1991,170.099998,71.799995,229.299995,174.199997,55.099998,-157.5,98.300003,4.1,,,,76.800003,17.4,-7.0,163.099998,-122.599998,,122.599998,40.5,,,40.5,-9.5,31.0,,,,31.0,,31.0,-1.8,,29.2,29.2,,210.387634,0.14,0.14,,210.387634,0.14,0.14,0.14,
06/30/1991,173.900009,69.800011,210.500008,166.600006,43.900002,-140.699997,104.099998,5.8,,,,88.599998,9.7,-8.0,165.900009,-123.800003,,123.800003,42.099998,,,42.099998,-10.0,32.099998,,,,32.099998,,32.099998,-1.5,,30.599998,30.599998,,212.158516,0.145,0.145,,212.158516,0.145,0.145,0.145,
09/30/1991,171.100003,68.900002,208.400002,160.5,47.900002,-139.5,102.200001,4.7,,,,90.400002,7.1,-8.0,163.100003,-123.5,,123.5,39.599998,,,39.599998,-8.4,31.200001,,,,31.199999,,31.200001,-1.6,,29.600001,29.600001,,213.110298,0.14,0.14,,213.110298,0.14,0.14,0.14,
12/31/1991,179.599997,71.399994,199.199997,149.199997,50.0,-127.800003,108.200003,5.0,,,,102.800003,0.4,-8.0,171.599997,-130.199997,0.0,130.199997,41.400002,0.0,0.0,41.400002,-8.3,33.099998,0.0,,,33.100002,0.0,33.099998,-1.4,,31.699998,31.699998,,206.553954,0.153333,0.153333,0.153333,206.553954,0.153333,0.153333,0.153333,
03/31/1992,199.299997,77.199997,188.099998,139.0,49.099998,-110.900002,122.1,7.6,,,,106.0,8.5,-7.0,192.299997,-143.5,0.0,143.5,48.799999,0.0,0.0,48.799999,-13.0,35.799999,0.0,,,35.799999,0.0,35.799999,-0.9,,34.899999,34.899999,,214.985916,0.16,0.16,,214.985916,0.16,0.16,0.16,
06/30/1992,202.399997,75.299999,184.600002,140.300003,44.299999,-109.300003,127.099998,2.7,,,,107.599998,16.799999,-9.0,193.399997,-142.399994,0.0,142.399994,51.0,0.0,0.0,51.0,-13.9,37.099998,0.0,,,37.1,0.0,37.099998,-1.9,,35.199998,35.199998,,215.926712,0.163333,0.163333,,215.926712,0.163333,0.163333,0.163333,
09/30/1992,204.799993,77.999996,176.899998,136.199997,40.700001,-98.900002,126.799997,5.6,,,,111.199997,10.0,-7.0,197.799993,-144.699997,0.0,144.699997,53.099998,0.0,0.0,53.099998,-15.0,38.099998,0.0,,,38.099998,0.0,38.099998,-1.4,,36.699998,36.699998,,216.485825,0.168333,0.168333,,216.485825,0.168333,0.168333,0.168333,
12/31/1992,214.100006,80.700009,172.300007,132.600006,39.700001,-91.599998,133.399997,9.2,,,,113.199997,11.0,-6.5,207.600006,-154.0,0.0,154.0,53.599998,0.0,0.0,53.599998,-15.1,38.5,0.0,,,38.499998,0.0,38.5,-1.8,,36.7,36.7,,175.476516,0.21,0.21,0.21,175.476516,0.21,0.21,0.21,
03/31/1993,217.200001,79.600002,170.700001,127.900002,42.799999,-91.099998,137.599998,17.6,,,,110.599998,9.4,-6.0,211.200001,-154.0,0.0,154.0,57.200001,0.0,0.0,57.200001,-17.0,40.200001,0.0,,,40.200001,0.0,40.200001,-1.6,,38.600001,38.600001,,217.919998,0.1775,0.1775,,217.919998,0.1775,0.1775,0.1775,
06/30/1993,217.399992,82.499992,177.799995,131.199997,46.599998,-95.300003,134.899999,0.1,,,,103.599998,31.200001,-6.0,211.399992,-154.899994,0.0,154.899994,56.5,0.0,0.0,56.5,-14.9,41.599998,0.0,,,41.6,0.0,41.599998,-1.7,,39.899998,39.899998,,218.643478,0.1825,0.1825,,218.643478,0.1825,0.1825,0.1825,
09/30/1993,222.39999,83.199993,180.999996,137.199997,43.799999,-97.800003,139.199997,0.0,,,,107.099998,32.099998,-5.0,217.39999,-157.699997,0.0,157.699997,59.700001,0.0,0.0,59.700001,-16.9,42.799999,0.0,,,42.800001,0.0,42.799999,-1.6,,41.199999,41.199999,,218.300415,0.1875,0.1875,,218.300415,0.1875,0.1875,0.1875,
12/31/1993,224.700003,83.999996,176.899998,131.199997,45.700001,-92.900002,140.700007,20.4,,,,158.600006,-38.299999,-2.5,222.200003,-161.600006,0.0,161.600006,60.599998,0.0,0.0,60.599998,-17.299999,43.299999,0.0,,,43.299999,0.0,43.299999,-1.7,,41.599999,41.599999,,218.559996,0.19,0.19,0.19,218.559996,0.19,0.19,0.19,
03/31/1994,231.1,81.899998,184.200001,136.5,47.700001,-102.300003,149.200003,10.6,,,,115.900002,22.700001,-3.0,228.1,-161.899994,0.0,161.899994,66.199997,0.0,0.0,66.199997,-20.799999,45.400002,0.0,,,45.399998,0.0,45.400002,-1.5,,43.900002,43.900002,,218.726562,0.2,0.2,,218.726562,0.2,0.2,0.2,
06/30/1994,260.099999,81.899998,199.999996,148.699997,51.299999,-118.099998,178.200002,5.3,,,,113.5,59.400002,-1.0,259.099999,-187.5,0.0,187.5,71.599998,0.0,0.0,71.599998,-22.9,48.700001,0.0,,,48.699999,0.0,48.700001,-1.6,,47.100001,47.100001,,221.044205,0.2125,0.2125,,221.044205,0.2125,0.2125,0.2125,
09/30/1994,237.599991,85.699989,221.499992,159.399994,62.099998,-135.800003,151.900002,3.5,,,,115.800003,32.599998,-1.0,236.599991,-166.199997,0.0,166.199997,70.400002,0.0,0.0,70.400002,-22.4,48.0,0.0,,,48.000002,0.0,48.0,-1.9,,46.1,46.1,,221.339996,0.2075,0.2075,,221.339996,0.2075,0.2075,0.2075,
12/31/1994,210.699997,88.699997,243.0,163.699997,79.300003,-154.300003,122.0,16.5,,,,105.5,,-1.0,209.699997,-184.899994,0.0,184.899994,24.799999,28.5,-28.5,53.299999,-13.2,40.099998,0.0,,,40.099999,0.0,40.099998,-2.2,,37.899998,37.899998,,221.151992,0.1725,0.1725,0.1725,221.151992,0.1725,0.1725,0.1725,
03/31/1995,250.100008,88.500008,261.200005,176.100006,85.099998,-172.699997,161.6,11.3,,,,139.0,11.3,-1.5,248.600008,-177.300003,0.0,177.300003,71.300003,0.0,0.0,71.300003,-22.0,49.299999,0.0,,,49.300003,0.0,49.299999,-2.3,,46.999999,46.999999,,220.671997,0.215,0.215,,220.671997,0.215,0.215,0.215,
06/30/1995,256.499998,87.999992,271.099998,182.0,89.099998,-183.100006,168.500006,15.7,,,,140.600006,12.2,-1.5,254.999998,-177.899994,0.0,177.899994,77.099998,0.0,0.0,77.099998,-24.0,53.099998,0.0,,,53.099998,0.0,53.099998,-2.2,,50.899998,50.899998,,227.511993,0.225,0.225,,227.511993,0.225,0.225,0.225,
09/30/1995,262.800012,89.400009,285.800003,186.800003,99.0,-196.399994,173.400002,22.299999,,,,139.800003,11.3,-2.0,260.800012,-175.5,0.0,175.5,85.300003,0.0,0.0,85.300003,-27.200001,58.099998,0.0,,,58.100002,0.0,58.099998,-2.2,,55.899998,55.899998,,226.744003,0.245,0.245,,226.744003,0.245,0.245,0.245,
12/31/1995,266.299991,91.699997,285.899994,190.399994,95.5,-194.199997,174.599994,7.1,,,,156.899994,10.6,-1.0,265.299991,-178.5,0.0,178.5,86.800003,0.0,0.0,86.800003,-27.299999,59.5,0.0,,,59.500004,0.0,59.5,-1.9,,57.6,57.6,,226.404008,0.255,0.255,0.255,226.404008,0.255,0.255,0.255,
03/31/1996,281.099998,93.400002,284.900002,191.300003,93.599998,-191.5,187.699997,12.8,,,,163.199997,11.7,-5.0,276.099998,-184.0,0.0,184.0,92.099998,0.0,0.0,92.099998,-30.6,61.5,0.0,,,61.499998,0.0,61.5,-1.3,,60.2,60.2,,222.964005,0.27,0.27,0.27,229.964005,0.26,0.26,0.26,
06/30/1996,290.699982,95.499985,286.099991,194.399994,91.699997,-190.600006,195.199997,21.6,,,,163.199997,10.4,-4.0,286.699982,-191.600006,0.0,191.600006,95.099998,0.0,0.0,95.099998,-31.700001,63.400002,0.0,,,63.399998,0.0,63.400002,-1.2,,62.200001,62.200001,,226.179993,0.275,0.275,0.275,229.779999,0.27,0.27,0.27,
09/30/1996,293.100009,98.800003,289.900009,202.600006,87.300003,-191.100006,194.300006,15.0,,,,166.600006,12.7,-2.5,290.600009,-191.300003,0.0,191.300003,99.300003,0.0,0.0,99.300003,-32.799999,66.5,0.0,,,66.500004,0.0,66.5,-1.2,,65.3,65.3,,225.171997,0.29,0.29,0.29,229.076004,0.285,0.285,0.285,
12/31/1996,301.300006,100.600006,290.600006,211.300003,79.300003,-190.0,200.7,9.8,,,,178.5,12.4,-0.5,300.800006,-199.899994,0.0,199.899994,100.900002,0.0,0.0,100.900002,-33.5,67.400002,0.0,,,67.400002,0.0,67.400002,-1.2,,66.200002,66.200002,,222.154006,0.3,0.3,0.3,228.391998,0.29,0.29,0.29,
03/31/1997,314.799995,106.099998,299.999992,219.899994,80.099998,-193.899994,208.699997,21.0,,,,178.199997,9.5,-0.5,314.299995,-205.899994,0.0,205.899994,108.400002,0.0,0.0,108.400002,-36.700001,71.699997,0.0,,,71.700001,0.0,71.699997,-1.2,,70.499997,70.499997,,221.860001,0.32,0.32,0.32,229.298004,0.31,0.31,0.31,
06/30/1997,332.399982,109.199989,331.799995,240.199997,91.599998,-222.600006,223.199993,23.9,,,,189.899994,9.4,-0.5,331.899982,-217.0,0.0,217.0,114.900002,0.0,0.0,114.900002,-39.5,75.400002,0.0,,,75.400002,0.0,75.400002,-1.2,,74.200001,74.200001,,222.059998,0.335,0.335,0.335,228.968002,0.325,0.325,0.325,
09/30/1997,343.199995,109.599998,339.200005,251.100006,88.099998,-229.600006,233.599997,40.5,,,,192.199997,0.9,-5.0,338.199995,-221.199997,0.0,221.199997,117.0,7.6,-7.6,124.6,-43.599998,81.0,0.0,,,81.000001,0.0,81.0,-1.3,,79.7,79.7,,222.132004,0.36,0.36,0.3375,229.440002,0.35,0.35,0.3285,
12/31/1997,361.199995,113.299988,361.799988,264.299988,97.5,-248.5,247.900007,46.200001,,,,189.100006,12.6,-3.0,358.199995,-234.199997,0.0,234.199997,124.0,0.0,0.0,124.0,-42.700001,81.300003,0.0,,,81.299999,0.0,81.300003,-1.3,,80.000003,80.000003,,222.912003,0.36,0.36,0.36,229.582001,0.35,0.35,0.35,
03/31/1998,370.2,113.6,357.3,258.4,98.9,-243.7,256.6,28.8,,,,216.8,11.0,-4.0,366.2,-236.2,,236.2,130.0,0.0,0.0,130.0,-45.1,84.9,0.0,,,84.9,0.0,84.9,-1.1,,83.8,83.8,,221.804222,0.375,0.375,0.375,230.111592,0.365,0.365,0.365,
06/30/1998,504.099994,238.4,370.300003,266.100006,104.199997,-251.100006,265.699994,23.6,,,,226.899994,15.2,-3.0,501.099994,-247.699997,0.0,247.699997,134.199997,0.0,0.0,134.199997,-47.0,87.199997,0.0,,,87.199997,0.0,87.199997,-1.2,,85.999997,85.999997,,221.617996,0.39,0.39,0.39,230.014008,0.375,0.375,0.375,
09/30/1998,382.700022,118.000015,392.900009,276.200012,116.699997,-274.899994,264.700006,23.700001,,,,228.100006,12.9,-1.0,381.700022,-243.800003,0.0,243.800003,137.899994,0.0,0.0,137.899994,-47.700001,90.199997,0.0,,,90.199993,0.0,90.199997,-1.3,,88.899997,88.899997,,221.035995,0.405,0.405,0.405,229.427994,0.39,0.39,0.39,
12/31/1998,410.999973,126.399979,382.599991,294.399994,88.199997,-256.200012,284.599995,28.700001,,,,242.399994,13.5,-1.0,409.999973,-269.399994,0.0,269.399994,140.600006,0.0,0.0,140.600006,-49.0,91.599998,0.0,,,91.600006,0.0,91.599998,-1.3,,90.299999,90.299999,,221.022003,0.41,0.41,0.41,229.395996,0.395,0.395,0.395,
03/31/1999,411.7,125.6,370.2,279.3,90.9,-244.6,286.1,25.6,,,,250.1,10.4,-0.5,411.2,-266.4,0.0,266.4,144.8,0.0,0.0,144.8,-49.7,95.1,0.0,,,95.1,0.0,95.1,-1.2,,93.9,93.9,,221.644,0.425,0.425,0.425,230.14,0.41,0.41,0.41,
06/30/1999,428.90184,126.60199,369.999985,272.299988,97.699997,-243.397995,302.29985,36.700001,,,,253.5,12.09985,-5.0,423.90184,-271.700012,0.0,271.700012,152.201996,0.0,0.0,152.201996,-52.5,99.702003,0.0,,,99.701996,0.0,99.702003,-1.2,,98.502003,98.502003,,221.949997,0.444,0.444,0.444,230.294006,0.43,0.43,0.43,
09/30/1999,434.70001,128.300011,404.300011,279.200012,125.099998,-276.0,306.4,25.1,,,,265.0,16.299999,-0.5,434.20001,-276.100006,0.0,276.100006,158.100006,0.0,0.0,158.100006,-53.900002,104.199997,0.0,,,104.200005,0.0,104.199997,-1.3,,102.899997,102.899997,,221.751999,0.465,0.465,0.465,229.537994,0.45,0.45,0.45,
12/31/1999,478.7,138.3,424.1,332.1,92.0,-285.8,340.4,21.0,,,,303.7,15.7,-6.5,472.2,-310.8,0.0,310.8,161.4,0.0,0.0,161.4,-55.4,106.0,0.0,,,106.0,0.0,106.0,-1.1,,104.9,104.9,,221.351,0.47,0.47,0.47,229.526,0.46,0.46,0.46,
03/31/2000,501.800006,139.400002,435.799995,321.899994,113.900002,-296.399994,362.400004,43.599998,,,,303.100006,15.7,-4.0,497.800006,-326.100006,0.0,326.100006,171.699997,0.0,0.0,171.699997,-58.400002,113.300003,0.0,,,113.299995,0.0,113.300003,-1.3,0.0,112.000003,112.000003,,221.199005,0.51,0.51,0.51,230.121002,0.49,0.49,0.49,
06/30/2000,533.699978,140.799988,499.899994,344.0,155.899994,-359.100006,392.89999,50.400002,,,,323.799988,18.700001,-10.0,523.699978,-338.200012,0.0,338.200012,185.5,0.0,0.0,185.5,-62.5,123.0,0.0,,,123.0,0.0,123.0,-1.4,0.0,121.6,121.6,,221.011002,0.55,0.55,0.55,230.503006,0.53,0.53,0.53,
09/30/2000,534.699989,142.800003,531.300003,356.0,175.300003,-388.5,391.899986,37.599998,,,,330.799988,23.5,-5.0,529.699989,-339.299988,0.0,339.299988,190.399994,-5.6,5.6,184.799994,-61.5,123.300003,0.0,,,123.299994,0.0,123.300003,-1.9,0.0,121.400003,121.400003,,220.748993,0.55,0.55,0.57,230.936996,0.53,0.53,0.55,
12/31/2000,530.9,145.6,544.1,382.5,161.6,-398.5,385.3,21.3,,,,349.3,14.7,-5.0,525.9,-338.5,0.0,338.5,187.4,0.7,-0.7,188.1,-62.6,125.5,0.0,,,125.5,0.0,125.5,-1.1,,124.4,124.4,-0.7,220.89,0.56,0.56,0.56,230.913,0.54,0.54,0.54,
03/31/2001,537.599995,148.100006,493.399994,358.799988,134.600006,-345.299988,389.499989,44.5,,,,325.299988,19.700001,-5.0,532.599995,-341.600006,0.0,341.600006,191.0,0.0,0.0,191.0,-63.799999,127.199997,0.0,,,127.200001,0.0,127.199997,-1.4,0.0,125.799997,125.799997,,221.567993,0.57,0.57,0.57,229.820999,0.55,0.55,0.55,
06/30/2001,560.7,146.4,449.7,331.5,118.2,-303.3,414.3,49.0,,,,338.3,27.0,-11.5,549.2,-351.8,0.0,351.8,197.4,0.0,0.0,197.4,-66.1,131.3,0.0,,,131.3,0.0,131.3,-1.1,0.0,130.2,130.2,,221.701,0.59,0.59,0.59,229.484,0.57,0.57,0.57,
09/30/2001,538.79998,148.999985,396.099991,322.299988,73.800003,-247.100006,389.799995,37.200001,,,,333.399994,19.200001,-5.0,533.79998,-343.600006,0.0,343.600006,190.199997,0.0,0.0,190.199997,-63.599998,126.599998,0.0,,,126.599998,0.0,126.599998,-0.7,0.0,125.899998,125.899998,,221.453995,0.57,0.57,0.57,228.779007,0.55,0.55,0.55,
12/31/2001,538.2,151.8,342.3,290.0,52.3,-190.5,386.4,9.1,,,,353.9,23.4,-45.0,493.2,-339.9,0.0,339.9,153.3,0.0,0.0,153.3,-50.9,102.4,0.0,,,102.4,0.0,102.4,-0.7,0.0,101.7,101.7,,220.985,0.46,0.46,0.46,227.827,0.45,0.45,0.45,
03/31/2002,540.899975,149.199986,314.999989,277.799988,37.200001,-165.800003,391.699989,34.200001,,,,339.799988,17.700001,-5.0,535.899975,-342.799988,0.0,342.799988,193.100006,0.0,0.0,193.100006,-65.5,127.599998,0.0,,,127.600006,0.0,127.599998,-0.5,0.0,127.099998,127.099998,,220.854004,0.58,0.58,0.58,227.373001,0.56,0.56,0.56,
06/30/2002,551.7,151.3,311.1,276.6,34.5,-159.8,400.4,46.7,,,,336.1,17.6,-5.0,546.7,-355.9,0.0,355.9,190.8,0.0,0.0,190.8,-64.0,126.8,0.0,,,126.8,0.0,126.8,-0.6,0.0,126.2,126.2,,220.864,0.57,0.57,0.57,226.552,0.56,0.56,0.56,
09/30/2002,520.400002,149.900002,308.099998,274.5,33.599998,-158.199997,370.5,26.4,,,,333.5,10.6,-20.0,500.400002,-357.200012,0.0,357.200012,143.199997,0.0,0.0,143.199997,-46.799999,96.400002,0.0,,,96.399998,0.0,96.400002,-0.6,0.0,95.800002,95.800002,,220.432007,0.44,0.44,0.44,225.098007,0.43,0.43,0.43,
12/31/2002,493.1,151.4,304.1,249.2,54.9,-152.7,341.7,19.0,,,,311.9,10.8,-7.5,485.6,-342.3,0.0,342.3,143.3,0.0,0.0,143.3,-46.2,97.1,0.8,,,96.3,0.0,96.3,-0.5,0.0,95.8,95.8,,220.068,0.43,0.44,0.44,224.205,0.43,0.43,0.43,
03/31/2003,496.299997,140.700003,274.599997,243.199997,31.4,-133.899994,355.599995,20.700001,,,,325.899994,9.0,-5.0,491.299997,-349.5,0.0,349.5,141.800003,0.0,0.0,141.800003,-45.200001,96.599998,1.9,,,94.700002,0.0,94.699997,-0.3,0.0,94.399997,94.399997,,220.373993,0.43,0.43,0.43,223.436005,0.42,0.42,0.42,
06/30/2003,520.300018,137.000008,270.200005,237.100006,33.099998,-133.199997,383.300011,47.799999,,,,318.200012,17.299999,-7.5,512.800018,-361.600006,0.0,361.600006,151.199997,-33.099998,33.099998,118.099998,-36.700001,81.400002,14.8,,,66.599998,0.0,66.599998,-0.3,0.0,66.299998,66.299998,,220.296997,0.3,0.37,0.46,223.845993,0.3,0.36,0.45,
09/30/2003,525.699984,134.299995,254.499992,221.399994,33.099998,-120.199997,391.399988,28.9,,,,341.799988,20.700001,-5.0,520.699984,-347.399994,0.0,347.399994,173.300003,0.0,0.0,173.300003,-58.5,114.800003,1.0,,,113.800003,0.0,113.800003,0.0,0.0,113.800003,113.800003,,220.263,0.52,0.52,0.52,224.653,0.51,0.51,0.51,
12/31/2003,481.9,87.8,208.0,208.0,,-120.2,394.1,27.2,,,,347.1,19.8,0.0,481.9,-347.4,0.0,347.4,197.9,0.0,0.0,197.9,-67.4,130.5,1.2,,,129.3,0.0,129.7,0.0,0.0,129.7,129.7,,219.883,0.59,0.59,0.59,224.322,0.58,0.58,0.58,
03/31/2004,565.0,138.5,254.4,224.2,30.2,-115.9,426.5,41.4,,,,373.5,11.6,5.0,570.0,-377.5,0.0,377.5,192.5,0.0,0.0,192.5,-65.3,127.2,-0.3,,,127.5,0.0,127.5,0.0,0.0,127.5,127.5,,220.103,0.58,0.58,0.58,224.384,0.57,0.57,0.57,
06/30/2004,571.6,133.0,257.3,226.2,31.1,-124.3,438.6,60.5,,,,358.9,19.2,0.0,571.6,-377.2,0.0,377.2,194.4,0.0,0.0,194.4,-63.6,130.8,0.0,,,130.8,0.0,130.8,0.0,0.0,130.8,130.8,,219.827,0.6,0.6,0.6,223.35,0.59,0.59,0.59,
09/30/2004,546.399984,138.999996,279.299999,247.0,32.299999,-140.300003,407.399988,26.5,,,,361.299988,19.6,0.0,546.399984,-360.799988,0.0,360.799988,185.600006,-17.0,17.0,168.600006,-53.900002,114.699997,0.0,,,114.700005,0.0,114.699997,0.0,0.0,114.699997,114.699997,,219.233994,0.52,0.52,0.57,222.477005,0.52,0.52,0.57,
12/31/2004,588.999992,150.599995,327.200001,266.5,60.700001,-176.600006,438.399997,34.099998,,,,429.0,-24.700001,10.0,598.999992,-400.0,0.0,400.0,199.0,-4.1,4.1,199.0,-66.900002,132.100006,-0.5,,,132.599998,0.0,132.600006,0.0,0.0,132.600006,132.600006,,218.815994,0.61,0.61,0.61,222.352005,0.6,0.6,0.6,
03/31/2005,606.8,157.4,343.5,285.0,58.5,-186.1,449.4,38.3,,,,391.0,20.1,0.0,606.8,-395.0,0.0,395.0,211.8,0.0,0.0,211.8,-72.7,139.1,0.0,,,139.1,0.0,139.1,0.0,0.0,139.1,139.1,,218.453518,0.64,0.64,0.64,221.657839,0.63,0.63,0.63,
06/30/2005,672.7,165.1,394.8,322.4,72.4,-229.7,507.6,51.6,,,,434.9,21.1,0.0,672.7,-441.6,0.0,441.6,231.1,0.0,0.0,231.1,-81.1,150.0,0.0,,,150.0,0.0,150.0,0.0,0.0,150.0,150.0,,218.114436,0.69,0.69,0.69,221.335272,0.68,0.68,0.68,
09/30/2005,670.1,168.4,410.3,312.4,97.9,-241.9,501.7,46.5,,,,427.8,27.4,-2.5,667.6,-441.6,0.0,441.6,226.0,0.0,0.0,226.0,-78.3,147.7,0.0,,,147.7,0.0,147.7,0.0,0.0,147.7,147.7,,218.012767,0.68,0.68,0.68,221.672924,0.67,0.67,0.67,
12/31/2005,675.6,170.5,442.0,337.7,104.3,-271.5,505.1,44.1,,,,432.1,28.9,0.0,675.6,-456.7,0.0,456.7,218.9,0.0,0.0,218.9,-71.3,147.6,0.0,,,147.6,0.0,147.6,0.0,0.0,147.6,147.6,,217.835,0.68,0.68,0.68,221.562,0.67,0.67,0.67,
03/31/2006,727.7,175.3,477.1,346.7,130.4,-301.8,552.4,55.9,,,,475.1,21.4,-4.0,723.7,-473.3,0.0,473.3,250.4,0.0,0.0,250.4,-87.4,163.0,0.0,,,163.0,0.0,163.0,0.0,0.0,163.0,163.0,,217.645991,0.75,0.75,0.75,221.475369,0.74,0.74,0.74,
06/30/2006,776.2,182.9,540.8,408.5,132.3,-357.9,593.3,100.4,,,,469.5,23.4,-3.0,773.2,-492.0,,492.0,281.2,0.0,0.0,281.2,-113.3,167.9,,,,167.9,,167.9,,0.0,167.9,167.9,,217.785721,0.77,0.77,0.77,221.589312,0.76,0.76,0.76,
09/30/2006,733.5,182.4,566.3,411.4,154.9,-383.9,551.1,52.8,,,,470.0,28.3,-6.0,727.5,-477.0,0.0,477.0,250.5,0.0,0.0,250.5,-86.8,163.7,0.0,,,163.7,0.0,163.7,0.0,0.0,163.7,163.7,,217.618046,0.75,0.75,0.75,221.774307,0.74,0.74,0.74,
12/31/2006,758.7,189.3,622.6,486.0,136.6,-433.3,569.4,55.4,,,,489.1,24.9,-2.0,756.7,-514.6,0.0,514.6,242.1,0.0,0.0,242.1,-71.3,170.8,0.0,,,170.8,0.0,170.8,0.0,0.0,170.8,170.8,,218.012,0.78,0.78,0.78,222.289,0.77,0.77,0.77,
03/31/2007,808.2,194.7,636.3,478.5,157.8,-441.6,613.5,67.3,,,,519.1,27.1,0.0,808.2,-525.9,0.0,525.9,282.3,0.0,0.0,282.3,-95.6,186.7,0.0,,,186.7,0.0,186.7,0.0,0.0,186.7,186.7,,218.800423,0.85,0.85,0.85,223.19139,0.84,0.84,0.84,
06/30/2007,869.0,195.2,664.3,496.8,167.5,-469.1,673.8,96.0,,,,549.1,28.7,-4.0,865.0,-555.3,0.0,555.3,309.7,0.0,0.0,309.7,-102.8,206.9,0.0,,,206.9,0.0,206.9,0.0,0.0,206.9,206.9,,219.632587,0.94,0.94,0.94,224.187331,0.92,0.92,0.92,
09/30/2007,873.7,213.2,720.9,538.7,182.2,-507.7,660.5,116.4,,,,524.9,19.2,-6.0,867.7,-566.6,0.0,566.6,301.1,0.0,0.0,301.1,-92.8,208.3,0.0,,,208.3,0.0,208.3,0.0,0.0,208.3,208.3,,219.914891,0.95,0.95,0.95,224.186476,0.93,0.93,0.93,
12/31/2007,958.1,242.3,762.7,639.8,122.9,-520.4,715.8,78.1,,,,617.4,20.3,-8.0,950.1,-632.4,0.0,632.4,317.7,-150.0,150.0,167.7,-42.7,125.0,0.0,,,125.0,0.0,125.0,0.0,0.0,125.0,125.0,,219.298246,0.57,0.57,0.99,227.27272,0.55,0.55,0.97,
03/31/2008,965.5,253.5,677.1,578.0,99.1,-423.6,712.0,118.2,,,,562.0,31.8,-20.0,945.5,-611.4,0.0,611.4,334.1,244.0,-244.0,578.1,-192.9,385.2,0.0,,,385.2,0.0,385.2,0.0,0.0,385.2,385.2,,220.320307,1.75,1.75,1.75,224.820481,1.71,1.71,1.71,
06/30/2008,1081.4,236.1,588.9,504.6,84.3,-352.8,845.3,147.0,,,,663.5,34.8,-10.0,1071.4,-643.3,0.0,643.3,428.1,0.0,0.0,428.1,-212.5,215.6,0.0,,,215.6,0.0,215.6,0.0,0.0,215.6,215.6,,220.603902,0.98,0.98,0.98,225.281001,0.96,0.96,0.96,
09/30/2008,926.2,253.4,640.9,552.1,88.8,-387.5,672.8,144.1,,,,492.5,36.2,-25.0,901.2,-566.1,0.0,566.1,335.1,-587.9,587.9,-252.8,104.5,-148.3,0.0,,,-148.3,0.0,-148.3,0.0,0.0,-148.3,-148.3,376.7,221.899198,-0.67,-0.67,1.03,221.899198,-0.67,-0.67,1.03,
12/31/2008,1137.5,336.1,571.6,487.2,84.4,-235.5,801.4,190.2,,,,527.1,84.1,-60.0,1077.5,-585.2,0.0,585.2,492.3,30.0,-30.0,522.3,-180.0,342.3,0.0,,,342.3,0.0,342.3,-12.0,0.0,330.3,330.3,,222.941,1.48,1.48,1.48,224.706,1.47,1.47,1.47,
03/31/2009,893.6,277.1,393.8,328.3,65.5,-116.7,616.5,131.5,0.0,0.4,131.1,447.9,37.1,-55.0,838.6,-593.5,0.0,593.5,245.1,0.0,0.0,245.1,-83.3,161.8,0.0,0.0,0.0,161.8,0.0,161.8,-23.0,-1.2,137.6,142.67,5.07,223.357446,0.62,0.62,0.638752,224.401185,0.61,0.61,0.632593,
06/30/2009,1035.2,250.2,354.7,293.1,61.6,-104.5,785.0,116.8,0.0,-17.5,134.3,640.0,28.2,-60.0,975.2,-502.7,0.0,502.7,472.5,0.0,0.0,472.5,-158.3,314.2,0.0,0.0,0.0,314.2,0.0,314.2,-88.1,-1.5,224.6,237.73,13.13,235.455068,0.95,0.95,1.009662,236.346486,0.95,0.95,1.005554,
09/30/2009,917.7,238.3,333.2,277.0,56.2,-94.9,679.4,88.9,0.0,-4.0,92.9,555.4,35.1,-60.0,857.7,-599.2,0.0,599.2,258.5,0.0,0.0,258.5,-70.6,187.9,0.0,0.0,0.0,187.9,0.0,187.9,,-1.2,186.7,186.7,0.0,241.415698,0.77,0.77,0.77,242.631248,0.77,0.77,0.77,
12/31/2009,940.4,234.2,324.3,265.7,58.6,-90.1,706.2,85.1,0.0,-2.3,87.4,584.7,36.4,-40.0,900.4,-621.3,0.0,621.3,279.1,0.0,0.0,279.1,-78.8,200.3,0.0,0.0,0.0,200.3,0.0,200.3,0.0,0.0,200.3,200.3,0.0,241.554,0.82,0.82,0.82,242.023,0.82,0.82,0.82,
03/31/2010,897.9,230.4,314.3,262.1,52.2,-83.9,667.5,80.0,0.0,0.3,79.7,548.5,39.0,-40.0,857.9,-619.7,0.0,619.7,238.2,0.0,0.0,238.2,-81.0,157.2,0.0,0.0,0.0,157.2,0.0,157.2,0.0,-1.3,155.9,155.9,0.0,241.724178,0.65,0.65,0.65,242.513391,0.64,0.64,0.64,
06/30/2010,964.2,232.8,317.9,260.5,57.4,-85.1,731.4,115.3,0.0,-0.1,115.4,578.7,37.4,-50.0,914.2,-614.4,0.0,614.4,299.8,0.0,0.0,299.8,-100.2,199.6,0.0,0.0,0.0,199.6,0.0,199.6,0.0,-1.6,198.0,198.0,0.0,242.045799,0.82,0.82,0.82,242.597066,0.82,0.82,0.82,
09/30/2010,889.5,233.5,330.2,275.2,55.0,-96.7,656.0,75.4,0.0,-13.5,88.9,552.9,27.7,-30.0,859.5,-622.1,0.0,622.1,237.4,0.0,0.0,237.4,-81.8,155.6,0.0,0.0,0.0,155.6,0.0,155.6,0.0,-1.3,154.3,154.3,0.0,242.124461,0.64,0.64,0.64,242.158427,0.64,0.64,0.64,
12/31/2010,896.1,222.0,334.3,283.4,50.9,-112.3,674.1,91.1,0.0,-7.1,98.2,540.8,42.2,-40.0,856.1,-641.7,0.0,641.7,214.4,0.0,0.0,214.4,-57.3,157.1,0.0,0.0,0.0,157.1,0.0,157.1,0.0,0.0,157.1,157.1,0.0,242.214,0.64,0.64,0.64,242.743,0.64,0.64,0.64,
03/31/2011,897.9,234.4,347.1,290.5,56.6,-112.7,663.5,79.3,0.0,-5.5,84.8,548.5,35.7,-15.0,882.9,-652.9,0.0,652.9,230.0,0.0,0.0,230.0,-79.0,151.0,0.0,0.0,0.0,151.0,0.0,151.0,0.0,-1.7,149.3,152.6,3.3,242.126162,0.62,0.62,0.63025,242.969629,0.61,0.61,0.623582,
06/30/2011,944.8,246.1,359.7,297.5,62.2,-113.6,698.7,64.2,0.0,-16.6,80.8,592.3,42.2,-10.0,934.8,-705.3,0.0,705.3,229.5,0.0,0.0,229.5,-77.5,152.0,0.0,0.0,0.0,152.0,0.0,152.0,0.0,-1.8,150.2,169.0,18.8,241.484195,0.62,0.62,0.699839,241.912058,0.62,0.62,0.697714,
09/30/2011,971.5,256.8,347.1,286.2,60.9,-90.3,714.7,85.2,0.0,-2.0,87.2,587.0,42.5,-17.5,954.0,-701.2,0.0,701.2,252.8,0.0,0.0,252.8,-82.4,170.4,0.0,0.0,0.0,170.4,0.0,170.4,0.0,-2.0,168.4,171.3,2.9,240.991491,0.7,0.7,0.710813,241.193993,0.7,0.7,0.710813,
12/31/2011,955.6,271.8,354.8,285.9,68.9,-83.0,683.8,71.9,0.0,0.2,71.7,574.2,37.7,-12.5,943.1,-771.7,0.0,771.7,171.4,0.0,0.0,171.4,-41.2,130.2,0.0,0.0,0.0,130.2,0.0,130.2,0.0,-1.6,128.6,168.4,39.8,241.02,0.53,0.53,0.698697,241.196,0.53,0.53,0.695011,
03/31/2012,965.4,256.4,341.0,273.4,67.6,-84.6,709.0,59.5,0.0,-2.4,61.9,610.9,38.6,-5.0,960.4,-723.6,0.0,723.6,236.8,0.0,0.0,236.8,-75.6,161.2,0.0,0.0,0.0,161.2,0.0,161.2,0.0,-2.1,159.1,161.7,2.6,241.090093,0.66,0.66,0.670704,241.556096,0.66,0.66,0.670704,
06/30/2012,988.5,254.1,321.5,251.6,69.9,-67.4,734.4,59.9,0.0,0.5,59.4,640.5,34.0,-5.0,983.5,-717.3,0.0,717.3,266.2,0.0,0.0,266.2,-86.6,179.6,0.0,0.0,0.0,179.6,0.0,179.6,0.0,-2.7,176.9,179.2,2.3,240.900839,0.73,0.73,0.743875,241.367982,0.73,0.73,0.739529,
09/30/2012,972.5,245.6,323.1,255.8,67.3,-77.5,726.9,44.2,0.0,0.2,44.0,636.1,46.6,-10.0,962.5,-696.4,0.0,696.4,266.1,0.0,0.0,266.1,-87.3,178.8,0.0,0.0,0.0,178.8,0.0,178.8,0.0,-2.8,176.0,177.885,1.885,240.237014,0.73,0.73,0.740456,240.697062,0.73,0.73,0.737831,
12/31/2012,969.7,234.2,302.1,238.6,63.5,-67.9,735.5,40.8,0.0,,40.8,659.0,35.7,-5.0,964.7,-741.5,0.0,741.5,223.2,0.0,0.0,223.2,-55.5,167.7,0.0,0.0,0.0,167.7,0.0,167.7,0.0,-2.5,165.2,170.4,5.2,239.456,0.69,0.69,0.711613,239.916,0.69,0.69,0.711613,
03/31/2013,976.4,226.1,286.7,225.9,60.8,-60.6,750.3,59.7,0.0,0.2,59.5,665.8,24.8,-5.0,971.4,-728.9,0.0,728.9,242.5,0.0,0.0,242.5,-78.5,164.0,0.0,0.0,0.0,164.0,0.0,164.0,0.0,-2.5,161.5,162.67,1.17,239.167559,0.68,0.68,0.680151,240.189215,0.67,0.67,0.674871,
06/30/2013,1020.5,220.1,275.3,223.0,52.3,-55.2,800.4,71.4,0.0,0.1,71.3,692.7,36.3,-5.0,1015.5,-729.7,0.0,729.7,285.8,0.0,0.0,285.8,-94.7,191.1,0.0,0.0,0.0,191.1,0.0,191.1,0.0,-3.2,187.9,187.9,0.0,239.738592,0.78,0.78,0.78,241.040681,0.78,0.78,0.78,
09/30/2013,1047.2,237.0,291.1,227.5,63.6,-54.1,810.2,60.6,0.0,-2.2,62.8,682.4,67.2,-5.0,1042.2,-740.7,0.0,740.7,301.5,0.0,0.0,301.5,-95.0,206.5,0.0,0.0,0.0,206.5,0.0,206.5,0.0,-3.5,203.0,182.7,-20.3,239.930074,0.85,0.85,0.761472,241.330652,0.84,0.84,0.755883,
12/31/2013,1045.2,249.9,302.4,230.3,72.1,-52.5,795.3,51.2,0.0,0.4,50.8,705.9,38.2,-5.0,1040.2,-794.5,0.0,794.5,245.7,0.0,0.0,245.7,-76.0,169.7,0.0,0.0,0.0,169.7,0.0,169.7,0.0,-2.7,167.0,178.9,11.9,238.228,0.7,0.7,0.750961,239.656,0.7,0.7,0.749655,
03/31/2014,1040.5,245.7,295.4,217.2,78.2,-49.7,794.8,46.1,0.0,-4.0,50.1,711.0,37.7,-3.0,1037.5,-768.0,0.0,768.0,269.5,0.0,0.0,269.5,-88.1,181.4,0.0,0.0,0.0,181.4,0.0,181.4,0.0,-2.9,178.5,178.5,0.0,237.208151,0.75,0.75,0.75,239.050714,0.75,0.75,0.75,
06/30/2014,1081.7,246.6,293.8,221.2,72.6,-47.2,835.1,53.3,0.0,0.4,52.9,741.3,40.5,0.0,1081.7,-811.0,0.0,811.0,270.7,0.0,0.0,270.7,-88.8,181.9,0.0,0.0,0.0,181.9,0.0,181.9,0.0,-3.1,178.8,200.12,21.32,236.012703,0.76,0.76,0.84792,237.753679,0.75,0.75,0.839673,
09/30/2014,1078.9,249.3,293.8,217.3,76.5,-44.5,829.6,46.7,0.0,0.3,46.4,748.8,34.1,0.0,1078.9,-774.7,0.0,774.7,304.2,0.0,0.0,304.2,-99.7,204.5,0.0,0.0,0.0,204.5,0.0,204.5,0.0,-3.5,201.0,201.0,0.0,235.701076,0.85,0.85,0.85,237.737129,0.84,0.84,0.84,
12/31/2014,1130.1,263.9,303.9,249.1,54.8,-40.0,866.2,59.7,0.0,-1.0,60.7,765.3,41.2,-3.0,1127.1,-781.3,0.0,781.3,345.8,0.0,0.0,345.8,-101.8,244.0,0.0,0.0,0.0,244.0,0.0,244.0,-9.5,-3.8,230.7,221.2,-9.5,234.429,0.98,0.98,0.943569,236.369,0.98,0.98,0.939809,
03/31/2015,1134.5,260.6,298.8,220.9,77.9,-38.2,873.9,71.7,0.0,0.1,71.6,763.6,38.6,4.5,1139.0,-789.0,0.0,789.0,350.0,0.0,0.0,350.0,-119.3,230.7,0.0,0.0,0.0,230.7,0.0,230.7,-5.9,-3.7,221.1,221.1,0.0,233.381168,0.95,0.95,0.95,235.288695,0.94,0.94,0.94,
06/30/2015,1255.9,251.2,288.8,210.4,78.4,-37.6,1004.7,74.4,0.0,-0.4,74.8,792.9,137.4,10.0,1265.9,-854.5,0.0,854.5,411.4,0.0,0.0,411.4,-142.2,269.2,0.0,0.0,0.0,269.2,0.0,269.2,-5.8,-4.1,259.3,259.3,0.0,233.14902,1.11,1.11,1.11,235.232835,1.1,1.1,1.1,
09/30/2015,1155.5,268.9,305.7,223.1,82.6,-36.8,886.6,62.9,0.0,0.0,62.9,785.6,38.1,10.0,1165.5,-812.3,0.0,812.3,353.2,0.0,0.0,353.2,-118.6,234.6,0.0,0.0,0.0,234.6,0.0,234.6,-5.8,-3.8,225.0,225.0,0.0,232.23172,0.97,0.97,0.97,234.16319,0.96,0.96,0.96,
12/31/2015,1156.7,289.4,330.7,232.6,98.1,-41.3,867.3,52.5,0.0,0.0,52.5,781.8,33.0,18.5,1175.2,-824.8,0.0,824.8,350.4,0.0,0.0,350.4,-111.1,239.3,0.0,0.0,0.0,239.3,0.0,239.3,-5.9,-3.8,229.6,224.1,-5.5,230.391,1.0,1.0,0.972694,232.236,0.99,0.99,0.966317,
03/31/2016,1190.0,307.8,352.0,247.6,104.4,-44.2,882.2,60.8,0.0,0.3,60.5,783.3,38.1,-2.0,1188.0,-828.8,0.0,828.8,359.2,0.0,0.0,359.2,-113.8,245.4,0.0,0.0,0.0,245.4,0.0,245.4,-5.9,-4.1,235.4,235.4,0.0,228.619089,1.03,1.03,1.03,229.797945,1.03,1.03,1.03,
06/30/2016,1316.7,299.7,344.7,246.2,98.5,-45.0,1017.0,62.0,0.0,-2.4,64.4,813.8,141.2,3.0,1319.7,-925.0,0.0,925.0,394.7,0.0,0.0,394.7,-131.7,263.0,0.0,0.0,0.0,263.0,0.0,263.0,-5.8,-4.8,252.4,312.1,59.7,227.535701,1.11,1.11,1.371653,229.27954,1.1,1.1,1.360381,
09/30/2016,1213.7,303.1,349.2,243.7,105.5,-46.1,910.6,53.8,0.0,0.2,53.6,823.7,33.1,3.0,1216.7,-843.0,0.0,843.0,373.7,0.0,0.0,373.7,-116.1,257.6,0.0,0.0,0.0,257.6,0.0,257.6,-5.9,-4.8,246.9,254.18,7.28,226.540086,1.09,1.09,1.122009,228.055195,1.08,1.08,1.111922,
12/31/2016,1241.4,324.3,371.0,243.1,127.9,-46.7,917.1,56.8,0.0,-1.3,58.1,831.5,28.8,22.0,1263.4,-873.9,0.0,873.9,389.5,0.0,0.0,389.5,-123.0,266.5,0.0,0.0,0.0,266.5,0.0,266.5,-5.8,-5.0,255.7,255.7,0.0,227.638,1.12,1.12,1.12,229.48,1.11,1.11,1.11,
03/31/2017,1284.4,353.5,410.3,264.5,145.8,-56.8,930.9,47.8,0.0,-0.3,48.1,843.4,39.7,1.0,1285.4,-894.5,0.0,894.5,390.9,0.0,0.0,390.9,-114.8,276.1,0.0,0.0,0.0,276.1,0.0,276.1,-20.7,-4.5,250.9,250.9,0.0,229.05954,1.1,1.1,1.1,230.630876,1.09,1.09,1.09,
06/30/2017,1321.2,341.5,417.2,279.7,137.5,-75.7,979.7,49.5,0.0,-0.4,49.9,887.2,43.0,7.0,1328.2,-937.4,0.0,937.4,390.8,0.0,0.0,390.8,-122.9,267.9,0.0,0.0,0.0,267.9,0.0,267.9,-5.9,-4.4,257.6,272.42,14.82,229.196531,1.12,1.12,1.188587,230.637823,1.12,1.12,1.184257,
09/30/2017,1345.2,354.2,453.8,308.1,145.7,-99.6,991.0,48.7,0.0,-0.4,49.1,902.3,40.0,7.0,1352.2,-935.6,0.0,935.6,416.6,0.0,0.0,416.6,-118.2,298.4,0.0,0.0,0.0,298.4,0.0,298.4,-17.3,-4.4,276.7,281.25,4.55,228.010866,1.21,1.21,1.233494,229.313645,1.2,1.2,1.219842,
12/31/2017,1424.5,380.0,488.1,313.2,174.9,-108.1,1044.5,62.3,0.0,-0.5,62.8,947.4,34.8,13.0,1437.5,-1001.9,0.0,1001.9,435.6,0.0,0.0,435.6,-79.0,356.6,0.0,0.0,0.0,356.6,0.0,356.6,-5.9,-5.5,345.2,313.94,-31.26,226.791,1.52,1.52,1.38427,228.067,1.51,1.51,1.372935,
03/31/2018,1476.0,384.0,505.9,326.1,179.8,-121.9,1092.0,78.3,0.0,-0.2,78.5,978.9,34.8,3.0,1479.0,-995.3,0.0,995.3,483.7,0.0,0.0,483.7,-102.1,381.6,0.0,0.0,0.0,381.6,0.0,381.6,-17.3,-5.2,359.1,362.333,3.233,225.681167,1.59,1.59,1.605508,227.047519,1.58,1.58,1.594239,
06/30/2018,1506.1,413.3,567.7,346.7,221.0,-154.4,1092.8,78.9,0.0,0.0,78.9,982.5,31.4,-1.5,1504.6,-997.4,0.0,997.4,507.2,0.0,0.0,507.2,-116.8,390.4,0.0,0.0,0.0,390.4,0.0,390.4,-5.9,-5.0,379.5,386.768,7.268,224.20759,1.69,1.69,1.725044,225.611397,1.68,1.68,1.712215,
09/30/2018,1474.3,408.2,599.2,358.7,240.5,-191.0,1066.1,71.6,0.0,-0.1,71.7,973.6,20.9,9.0,1483.3,-1002.3,0.0,1002.3,481.0,0.0,0.0,481.0,-106.5,374.5,0.0,0.0,0.0,374.5,0.0,374.5,-17.3,-4.1,353.1,356.132,3.032,222.442797,1.59,1.59,1.601005,223.860014,1.58,1.58,1.593544,
12/31/2018,1503.8,417.2,648.6,377.7,270.9,-231.4,1086.6,77.4,0.0,-0.7,78.1,968.8,40.4,4.0,1507.8,-1021.9,0.0,1021.9,485.9,0.0,0.0,485.9,-76.0,409.9,0.0,0.0,0.0,409.9,0.0,409.9,-5.9,-5.8,398.2,372.703,-25.497,220.328,1.81,1.81,1.691583,221.502,1.8,1.8,1.68489,
03/31/2019,1480.9,422.0,662.8,384.2,278.6,-240.8,1058.9,66.0,0.0,-0.2,66.2,963.9,29.0,0.0,1480.9,-1028.7,0.0,1028.7,452.2,0.0,0.0,452.2,-105.1,347.1,0.0,0.0,0.0,347.1,0.0,347.1,-17.3,-4.3,325.5,335.217,9.717,218.236802,1.49,1.49,1.536024,219.270215,1.48,1.48,1.524315,
06/30/2019,1506.6,417.4,640.2,370.1,270.1,-222.8,1089.2,60.2,0.0,-0.3,60.5,990.1,38.9,6.5,1513.1,-1006.2,0.0,1006.2,506.9,0.0,0.0,506.9,-117.5,389.4,0.0,0.0,0.0,389.4,0.0,389.4,-5.9,-3.8,379.7,379.7,0.0,216.139033,1.76,1.76,1.76,217.169539,1.75,1.75,1.75,
09/30/2019,1537.9,417.7,620.8,354.0,266.8,-203.1,1120.2,59.3,0.0,-0.4,59.7,1015.8,45.1,7.0,1544.9,-1036.3,0.0,1036.3,508.6,0.0,0.0,508.6,-124.0,384.6,0.0,0.0,0.0,384.6,0.0,384.6,-17.4,-4.5,362.7,362.7,0.0,213.176809,1.7,1.7,1.7,214.206576,1.69,1.69,1.69,
12/31/2019,1547.7,420.8,576.1,317.1,259.0,-155.3,1126.9,64.0,0.0,-0.5,64.5,1030.4,32.5,1.0,1548.7,-1072.3,0.0,1072.3,476.4,0.0,0.0,476.4,-105.3,371.1,0.0,0.0,0.0,371.1,0.0,371.1,-5.8,-4.3,361.0,349.94,-11.06,210.648,1.71,1.71,1.661255,211.855,1.7,1.7,1.647794,
03/31/2020,1587.7,408.1,529.2,287.6,241.6,-121.1,1179.6,88.9,0.0,0.0,88.9,1056.3,34.4,-61.0,1526.7,-1065.6,0.0,1065.6,461.1,0.0,0.0,461.1,-100.5,360.6,0.0,0.0,0.0,360.6,0.0,360.6,-30.5,-3.9,326.2,326.2,0.0,208.881131,1.56,1.56,1.56,209.816822,1.55,1.55,1.55,
06/30/2020,1506.1,372.1,406.3,197.6,208.7,-34.2,1134.0,71.4,0.0,0.1,71.3,1006.1,56.5,-66.0,1440.1,-1036.9,0.0,1036.9,403.2,0.0,0.0,403.2,-89.9,313.3,0.0,0.0,0.0,313.3,0.0,313.3,-4.8,-3.4,305.1,305.1,0.0,208.068635,1.47,1.47,1.47,208.568357,1.46,1.46,1.46,
09/30/2020,1462.429,,,,,,,,,,,,,,,,,,435.0,,,391.923,,276.0,,,,,,276.0,,,276.0,275.571,,,1.333,1.333,1.352,,1.333,1.333,1.352,
12/31/2020,1465.929,,,,,,,,,,,,,,,,,,438.0,,,393.231,,292.667,,,,,,292.667,,,292.667,288.357,,,1.407,1.407,1.419,,1.407,1.407,1.419,
