Date,Revenue,Sales & Services Revenue,Financing Revenue,Cost of Revenue,Cost of Goods & Services,Cost of Financing Revenue,Gross Profit,Other Operating Income,Operating Expenses,"Selling, General & Admin",Research & Development,Other Operating Expense,Operating Income (Loss),Non-Operating (Income) Loss,"Interest Expense, Net",Interest Expense,Interest Income,Foreign Exch (Gain) Loss,Other Non-Op (Income) Loss,Pretax Income,Income Tax Expense (Benefit),Income (Loss) from Cont Ops,Net Extraordinary Losses (Gains),Discontinued Operations,XO & Accounting Changes,Income (Loss) Incl. MI,Minority Interest,"Net Income, GAAP",Preferred Dividends,Other Adjustments,"Net Income Avail to Common, GAAP","Net Income Avail to Common, Adj",Net Abnormal Losses (Gains),Basic Weighted Avg Shares,"Basic EPS, GAAP",Basic EPS from Cont Ops,"Basic EPS from Cont Ops, Adjusted",Diluted Weighted Avg Shares,"Diluted EPS, GAAP",Diluted EPS from Cont Ops,"Diluted EPS from Cont Ops, Adjusted",Source: Bloomberg
12/31/1989,357.53299,,,,,,,,,,,,,,,,,,,,,,,,,,,3.214,,,3.214,3.214,,0.9356,2.399999,2.399999,,0.9356,2.399999,2.399999,2.399999,
03/31/1990,193.447998,,,-166.492004,,,26.955994,,-38.696999,,,,-11.741,9.225998,,35.942001,,0.0,-45.167999,-2.515002,4.214,1.699,0.0,,,1.698998,-0.558,1.141,0.0,,1.141,1.141,,0.944167,0.3,0.3,,0.944167,0.3,0.3,0.3,
06/30/1990,319.384003,,,-276.136993,,,43.247009,,-102.663002,,,,-59.416,0.362999,,36.57,,0.0,-36.932999,-59.053001,6.712,-52.341,0.0,,,-52.341002,-0.986,-53.327,0.0,,-53.327,-53.327,,0.935534,-56.999988,-56.999988,,0.935534,-56.999988,-56.999988,-56.999988,
09/30/1990,268.510986,,,-241.580994,,,26.929993,,-211.570007,,,,-184.639999,-3.648003,,38.012001,,0.0,-34.363998,-188.288002,16.542,-171.746002,0.0,,,-171.746002,-0.533,-172.279007,0.0,,-172.279007,-172.279007,,0.935567,-180.599963,-180.599963,,0.935567,-180.599963,-180.599963,-180.599963,
12/31/1990,158.406998,,,-132.341003,,,26.065994,,-50.528999,,,,-24.462999,-11.767,,36.951,,0.0,-25.184,-36.23,-1.716,-37.945999,0.0,,,-37.946,1.956,-35.990002,0.0,,-35.990002,-35.990002,,0.9581,-38.699991,-38.699991,,0.9581,-38.699991,-38.699991,-38.699991,
03/31/1991,131.356995,,,-112.379997,,,18.976997,,-25.337999,,,,-6.361,-4.390999,,38.301998,,0.0,-33.910999,-10.751999,0.015,-10.737,0.0,,,-10.736999,-0.215,-10.952,0.0,,-10.952,-10.952,,0.9736,-11.699997,-11.699997,,0.9736,-11.699997,-11.699997,-11.699997,
06/30/1991,163.007004,,,-143.695999,,,19.311005,,-27.583,,,,-8.272,-3.302002,,37.457001,,0.0,-34.154999,-11.574002,-0.058,-11.632,0.0,,,-11.632002,0.064,-11.568,0.0,,-11.568,-11.568,,1.0009,-11.999998,-11.999998,,1.0009,-11.999998,-11.999998,-11.999998,
09/30/1991,222.983002,,,-187.162994,,,35.820007,,-30.282,,,,5.538,-3.092999,,35.411999,,0.0,-32.319,2.445002,-0.019,2.426,0.0,,,2.426002,-0.255,2.171,0.0,,2.171,2.171,,1.0129,1.5,1.5,,1.0129,1.5,1.5,1.5,
12/31/1991,172.050003,,,-146.927994,,,25.122009,,-35.675999,,,,-10.554,-5.159,,34.248001,,0.0,-29.089001,-15.713,-0.529,-16.242001,0.0,,,-16.242,-0.13,-16.372,0.0,,-16.372,-16.372,,1.012367,-16.199997,-1.2,,1.012367,-16.199997,-1.2,-1.2,
03/31/1992,158.727997,,,-142.548004,,,16.179993,,,,,,16.18,-26.311001,,,,,26.311001,-10.131001,,-10.131,,,,,,-10.131,0.0,,-10.131,-10.131,,1.0128,-10.499998,-10.499998,,1.0128,-10.499998,-10.499998,-10.499998,
06/30/1992,190.906998,,,-170.292007,,,20.61499,,,,,,20.615,-17.437,,,,,17.437,3.177999,,3.178,,,,,,3.178,0.0,,3.178,3.178,,1.0132,2.999999,2.999999,,1.0132,2.999999,2.999999,2.999999,
09/30/1992,214.102005,,,,,,,,,,,,,,,,,,,,,,,,,,,3.23,,,3.23,3.23,,1.013334,2.999999,2.999999,,1.013334,2.999999,2.999999,2.999999,
12/31/1992,170.720001,,,-151.496002,,,19.223999,,,,,,19.224001,-23.313999,,,,,23.313999,-4.089998,,-4.09,,,,,,-4.09,0.0,,-4.09,-4.09,,1.0132,-3.899999,-3.899999,,1.0132,-3.899999,-3.899999,-3.899999,
03/31/1993,155.479004,,,-131.268997,,,24.210007,,-18.565001,,,,5.645,-6.791,,2.451,,0.0,4.34,-1.146,0.022,-1.124,-1.313,,,0.189,0.0,0.189,0.0,,0.189,0.189,,1.0132,0.3,-0.9,,1.0132,0.3,-0.9,-0.9,
06/30/1993,192.363998,,,-162.281998,,,30.082001,,-20.565001,,,,9.517,-4.103,,1.45,,0.0,2.653,5.414,-0.204,5.21,-3.43,,,8.64,0.0,8.64,0.0,,8.64,8.64,,1.0132,8.399998,5.099999,,1.0132,8.399998,5.099999,5.099999,
09/30/1993,209.509995,,,-175.098999,,,34.410996,,-29.620001,,,,4.791,-18.189,,1.672,,0.0,16.517,-13.398,-7.866,-21.264,-144.518997,,,123.254997,0.0,123.254997,0.0,,123.254997,123.254997,,1.0132,119.399976,-23.099995,-23.099995,1.0132,119.399976,-23.099995,-23.099995,
12/31/1993,240.026001,,,-206.511993,,,33.514008,,-37.490002,,,,-3.976,-5.113,,5.281,,0.0,-0.168,-9.089,2.079,-7.01,-0.84,,,-6.17,0.0,-6.17,0.0,,-6.17,-6.17,,32.120998,-0.35,-0.38,,32.120998,-0.35,-0.38,-0.38,
03/31/1994,158.645004,,,-133.934998,,,24.710007,,-21.229,,,,3.481,-4.38,,5.304,,0.0,-0.924,-0.899,0.521,-0.378,-0.617,,,0.239,0.0,0.239,0.0,,0.239,0.239,,18.551001,0.01,-0.02,,18.551001,0.01,-0.02,-0.02,
06/30/1994,217.136993,,,-181.776993,,,35.360001,,-21.806999,,,,13.553,-4.316,,5.059,,0.0,-0.743,9.237,-5.335,3.902,0.0,,,3.902,0.0,3.902,0.0,,3.902,3.902,,18.01,0.22,0.22,,18.01,0.22,0.22,0.22,
09/30/1994,233.257996,,,-196.516998,,,36.740997,,-24.191999,,,,12.549,-4.521,,5.007,,0.0,-0.486,8.028,-4.636,3.392,0.0,,,3.392,0.0,3.392,0.0,,3.392,3.392,,16.452999,0.21,0.21,,16.452999,0.21,0.21,0.21,
12/31/1994,257.053009,,,-220.542007,,,36.511002,,-26.461,,,,10.05,-4.255,,4.838,,0.0,-0.583,5.795,-3.693,2.102,-0.834,,,2.936,0.0,2.936,0.0,,2.936,2.936,,15.453,0.19,0.25,,15.453,0.19,0.25,0.25,
03/31/1995,149.492004,,,-125.510002,,,23.982002,,-19.014,,,,4.968,-3.545,,4.261,,0.0,-0.716,1.423,-0.77,0.653,-0.762,,,1.415,0.0,1.415,0.0,,1.415,1.415,,15.426,0.09,0.04,0.04,15.426,0.09,0.04,0.04,
06/30/1995,213.354996,,,-177.949005,,,35.405991,,-20.309999,,,,15.096,-3.982,,4.243,,0.0,-0.261,11.114,-6.018,5.096,-0.165,,,5.261,0.0,5.261,0.0,,5.261,5.261,,15.36,0.34,0.33,0.46,15.36,0.34,0.33,0.46,
09/30/1995,264.787994,,,-221.858002,,,42.929992,,-25.01,,,,17.92,-6.184,,4.402,,0.0,1.782,11.736,-5.873,5.863,0.0,,,5.863,0.0,5.863,0.0,,5.863,5.863,,15.373,0.38,0.38,0.38,15.373,0.38,0.38,0.38,
12/31/1995,272.571014,,,-227.807999,,,44.763015,,-33.749001,,,,11.014,-1.878,,4.26,,0.0,-2.382,9.136,-4.348,4.788,0.0,,,4.788,0.0,4.788,0.0,,4.788,4.788,,15.177,0.31,0.32,0.32,15.177,0.31,0.32,0.32,
03/31/1996,207.399994,,,-174.348999,,,33.050995,,-21.903999,,,,11.147,-3.755,,4.16,,0.0,-0.405,7.392,-3.652,3.74,0.0,,,3.74,0.0,3.74,0.0,,3.74,3.74,,15.396,0.23,0.23,0.23,15.396,0.23,0.23,0.23,
06/30/1996,284.770996,,,-245.882004,,,38.888992,,-17.438,,,,21.451,-1.88,,2.0,,0.0,-0.12,19.571,-8.561,8.77,0.0,,,11.01,0.0,8.77,0.0,,8.77,8.77,,16.374001,0.56,0.56,0.56,16.374001,0.56,0.56,0.56,
09/30/1996,318.882996,,,-271.147003,,,47.735992,,-29.127001,,,,18.608999,-2.256,,4.136,,0.0,-1.88,16.352999,-8.079,8.274,0.0,,,8.273999,0.0,8.274,0.0,,8.274,8.274,,14.017,0.58,0.58,0.58,14.017,0.58,0.58,0.58,
12/31/1996,264.303009,,,-217.126007,,,47.177002,,-34.358002,,,,12.819,-5.168,,4.075,,0.0,1.093,7.651,-2.654,4.997,0.0,,,4.997,0.0,4.997,0.0,,4.997,4.997,,14.697,0.34,0.34,0.34,14.697,0.34,0.34,0.34,
03/31/1997,245.244995,,,-207.858994,,,37.386001,,-23.007999,,,,14.378,-3.548,,4.057,,0.0,-0.509,10.83,-5.067,5.763,0.0,,,5.763,0.0,5.763,0.0,,5.763,5.763,,12.688,0.45,0.45,0.45,13.659,0.42,0.42,0.42,
06/30/1997,288.13501,,,-243.677994,,,44.457016,,-24.844,,,,19.613001,-2.618,,4.264,,0.0,-1.646,16.995001,-7.952,9.043,0.0,,,9.043001,0.0,9.043,0.0,,9.043,9.043,,11.796,0.77,0.77,0.77,12.729,0.71,0.71,0.71,
09/30/1997,323.281006,,,-273.381989,,,49.899017,,-30.886,,,,19.013,-2.087,,3.936,,0.0,-1.849,16.926,-7.92,9.006,0.0,,,9.006,0.0,9.006,0.0,,9.006,9.006,,11.682,0.77,0.77,0.77,13.213,0.68,0.68,0.68,
12/31/1997,329.721985,,,-274.480011,,,55.241974,,-39.852001,,,,15.39,-6.251,,4.153,,0.0,2.098,9.139,-4.072,5.067,0.0,,,5.067,0.0,5.067,0.0,,5.067,5.067,,11.208,0.45,0.45,0.45,12.976,0.39,0.39,0.39,
03/31/1998,291.546997,,,-249.447006,,,42.099991,,-27.705999,,,,14.394,5.766,,4.153,,0.0,-9.919,20.16,-9.3,10.86,0.0,,,10.86,0.0,10.86,0.0,,10.86,10.86,,11.453,0.95,0.95,0.95,13.487,0.81,0.81,0.81,
06/30/1998,396.421997,,,-327.480011,,,68.941986,,-38.124001,,,,30.818001,-2.054,,5.486,,0.0,-3.432,28.764001,-13.269,15.495,6.743,,,8.752001,0.0,8.752,0.0,,8.752,8.752,,11.356,0.77,1.36,1.36,13.421,0.65,1.15,1.15,
09/30/1998,452.757996,,,-374.759003,,,77.998993,,-40.168999,,,,37.830002,-0.848,,4.041,,0.0,-3.193,36.982002,-12.223,24.759001,0.006,,,24.753002,0.0,24.753,0.0,,24.753,24.753,,10.994,2.25,2.25,2.25,13.263,1.87,1.87,1.87,
12/31/1998,364.016998,,,-328.248993,,,35.768005,,-45.987,,,,-10.219,34.68,,3.848,,0.0,-38.528,24.461,-9.468,14.993,2.652,,,12.341,0.0,12.341,0.0,,12.341,12.341,,10.77,1.14,1.39,1.39,12.961,0.96,1.16,1.16,
03/31/1999,429.687,,,-358.215,,,71.472,,-39.718,37.545,,2.173,31.754,13.475,3.381,3.381,,0.0,-16.856,45.229,-19.222,26.007,0.0,,,26.007,0.0,26.007,0.0,,26.007,26.007,,10.945,2.38,2.38,2.38,12.875,2.02,2.02,2.02,
06/30/1999,492.058,,,-410.512,,,81.546,,-45.587,43.361,,2.226,35.959,13.524,3.359,3.359,,0.0,-16.883,49.483,-21.22,28.263,0.0,,,28.263,0.0,28.263,0.0,,28.263,28.263,,10.606,2.66,2.66,2.66,12.527,2.26,2.26,2.26,
09/30/1999,523.552,,,-435.458,,,88.094,,-48.896,46.655,,2.241,39.198,13.753,3.373,3.373,,0.0,-17.126,52.951,-22.61,30.341,0.0,,,30.341,0.0,30.341,0.0,,30.341,30.341,,9.9,3.06,3.06,3.06,12.018,2.52,2.52,2.52,
12/31/1999,497.363,,,-414.046,,,83.317,,-55.471,,,,27.846,9.703,3.42,3.42,,0.0,-13.123,37.549,-13.279,24.27,0.0,,,24.27,0.0,24.27,0.0,,24.27,24.27,,9.308512,2.6,2.6,2.6,10.93355,2.18,2.18,2.18,
03/31/2000,490.581,,,-400.638,,,89.943,,-39.8,37.185,,2.615,50.143,1.415,1.304,3.342,-2.038,0.0,-2.719,51.558,-20.984,30.574,0.0,,,30.574,0.0,30.574,0.0,0.0,30.574,30.574,,9.491,3.22,3.22,3.59,10.56,2.9,2.9,3.23,
06/30/2000,558.506,,,-456.062,,,102.444,,-44.614,44.614,,0.0,57.83,4.908,1.686,3.359,-1.673,0.0,-6.594,62.738,-25.534,37.204,0.0,,,37.204,0.0,37.204,0.0,0.0,37.204,37.204,,9.098,4.09,4.09,4.08,10.277,3.62,3.62,3.608,
09/30/2000,602.485,,,-485.414,,,117.071,,-51.633,52.351,,-0.718,65.438,8.616,2.33,3.768,-1.438,0.0,-10.946,74.054,-30.14,43.914,0.0,,,43.914,0.0,43.914,0.0,0.0,43.914,43.914,,8.905,4.93,4.93,4.93,10.209,4.3,4.3,3.97,
12/31/2000,616.238,,,-494.961,,,121.277,,-56.467,,,,64.81,13.694,0.753,2.145,-1.392,0.0,-14.447,78.504,-31.95,46.554,0.0,,,46.554,0.0,46.554,0.0,,46.554,46.554,,8.846,5.26,5.26,5.26,10.333,4.51,4.51,4.51,
03/31/2001,519.249,,,-407.539,,,111.71,,-41.519,39.434,,2.085,70.191,9.676,1.513,2.771,-1.258,0.0,-11.189,79.867,-31.947,47.92,0.0,,,47.92,0.0,47.92,0.0,0.0,47.92,47.92,,8.352,5.74,5.74,5.74,9.894,4.84,4.84,4.84,
06/30/2001,648.465,,,-506.089,,,142.376,,-55.855,54.041,,1.814,86.521,12.415,1.646,3.052,-1.406,0.0,-14.061,98.936,-39.574,59.362,0.0,,,59.362,0.0,59.362,0.0,0.0,59.362,59.362,,8.13,7.3,7.3,7.3,9.739,6.1,6.1,6.1,
09/30/2001,677.962,,,-530.041,,,147.921,,-56.832,54.747,,2.085,91.089,13.065,1.786,3.456,-1.67,0.0,-14.851,104.154,-41.662,62.492,0.0,,,62.492,0.0,62.492,0.0,0.0,62.492,62.492,,7.794,8.02,8.02,8.02,9.356,6.68,6.68,6.68,
12/31/2001,714.068,,,-560.349,,,153.719,,-59.012,,,,94.707,16.994,-0.112,2.579,-2.691,0.0,-16.882,111.701,-44.681,67.02,0.0,,,67.02,0.0,67.02,0.0,0.0,67.02,67.02,,7.445,9.0,9.0,9.0,9.043,7.41,7.41,7.41,
03/31/2002,689.843,,,-513.231,,,176.612,0.0,-51.612,52.498,,0.0,125.0,-1.865,1.865,3.391,-1.526,,0.0,123.135,-46.422,76.713,0.0,,,76.713,,76.713,0.0,0.0,76.713,76.713,,7.397,10.37,10.37,10.37,9.385,8.17,8.17,8.17,
06/30/2002,786.091,,,-585.828,,,200.263,0.0,-63.579,64.435,,0.0,136.684,-2.126,2.126,3.618,-1.492,,0.0,134.558,-50.728,83.83,0.0,,,83.83,,83.83,0.0,0.0,83.83,83.83,,7.341,11.42,11.42,11.42,9.422,8.9,8.9,8.9,
09/30/2002,864.192,,,-645.869,,,218.323,0.0,-66.601,68.0,,-1.399,151.722,-2.406,2.406,4.05,-1.644,,0.0,149.316,-57.336,91.98,0.0,,,91.98,,91.98,0.0,0.0,91.98,91.98,,7.31,12.58,12.58,12.58,9.074,10.14,10.14,10.14,
12/31/2002,768.735,,,-591.52,,,177.215,,-65.085,,,,112.13,16.884,0.475,2.726,-2.251,0.0,-17.359,129.014,-50.067,78.947,0.0,,,78.947,0.0,78.947,0.0,0.0,78.947,78.947,,7.069,11.17,11.17,11.17,8.857,8.91,8.91,8.91,
03/31/2003,741.131,,,-539.868,,,201.263,,-56.427,56.427,,0.0,144.836,-0.893,1.972,3.336,-1.364,0.0,-1.079,143.943,-56.137,87.806,0.0,,,87.806,0.0,87.806,0.0,0.0,87.806,87.806,,7.078,12.41,12.41,12.41,8.697,10.1,10.1,10.1,
06/30/2003,846.446,,,-623.588,,,222.858,,-64.474,65.299,,-0.825,158.384,-2.495,2.522,3.725,-1.203,0.0,-0.027,155.889,-60.797,95.092,0.0,,,95.092,0.0,95.092,0.0,0.0,95.092,95.092,,7.124,13.35,13.35,13.35,8.725,10.9,10.9,10.9,
09/30/2003,977.692,,,-719.789,,,257.903,,-63.871,63.871,,0.0,194.032,-9.24,2.032,3.425,-1.393,0.0,7.208,184.792,-75.389,109.403,0.0,,,109.403,0.0,109.403,0.0,0.0,109.403,109.403,,7.151,15.3,15.3,16.03,8.716,12.55,12.55,13.15,
12/31/2003,1112.295,,,-829.909,,,282.386,,-71.017,,,,211.369,3.247,1.084,3.068,-1.984,,-4.331,214.616,-84.058,127.49,0.0,,,130.558,0.0,127.49,0.0,0.0,127.49,127.49,,6.973,18.28,18.28,18.28,8.551,14.91,14.91,14.91,
03/31/2004,876.793,,,-643.257,,,233.536,,-64.694,64.694,,0.0,168.842,-1.147,1.962,2.915,-0.953,0.0,-0.815,167.695,-67.078,100.617,0.0,,,100.617,0.0,100.617,0.0,0.0,100.617,100.617,,6.591,15.27,15.27,15.27,7.997,12.58,12.58,12.58,
06/30/2004,1001.38,,,-736.349,,,265.031,,-70.611,70.611,,0.0,194.42,-1.132,2.089,3.038,-0.949,0.0,-0.957,193.288,-77.314,115.974,0.0,,,115.974,0.0,115.974,0.0,0.0,115.974,115.974,,6.475,17.91,17.91,17.91,7.825,14.82,14.82,14.82,
09/30/2004,1166.52,,,-848.457,,,318.063,,-71.037,71.037,,0.0,247.026,-0.894,1.89,2.925,-1.035,0.0,-0.996,246.132,-98.452,147.68,0.0,,,147.68,0.0,147.68,0.0,0.0,147.68,147.68,,6.377,23.16,23.16,23.16,7.758,19.04,19.04,19.04,
12/31/2004,1275.029,,,-929.311,,,345.718,,-77.391,,,,268.332,-3.437,1.744,3.056,-1.312,0.0,1.693,264.895,-105.957,158.938,0.0,,,158.938,0.0,158.938,0.0,0.0,158.938,158.938,,6.449,24.65,24.65,24.65,7.894,20.13,20.13,20.13,
03/31/2005,953.432,,,-679.722,,,273.71,,-76.992,79.051,,-2.059,196.718,-1.793,2.008,2.924,-0.916,0.0,-0.215,194.925,-76.995,117.93,0.0,,,117.93,0.0,117.93,0.0,0.0,117.93,117.93,,6.659,17.71,17.71,17.71,8.2,14.38,14.38,14.38,
06/30/2005,1277.689,,,-907.562,,,370.127,,-92.128,92.128,,0.0,277.999,-0.892,2.138,3.006,-0.868,0.0,-1.246,277.107,-109.458,167.649,0.0,,,167.649,0.0,167.649,0.0,0.0,167.649,167.649,,6.372,26.31,26.31,26.31,7.825,21.42,21.42,21.42,
09/30/2005,1373.022,,,-970.714,,,402.308,,-93.359,94.583,,-1.224,308.949,-0.978,1.413,2.905,-1.492,0.0,-0.435,307.971,-118.528,189.443,0.0,,,189.443,0.0,189.443,0.0,0.0,189.443,189.443,,6.298,30.08,30.08,30.08,7.787,24.33,24.33,24.33,
12/31/2005,1658.204,,,-1181.791,,,476.413,,-113.377,,,,363.036,1.38,3.236,4.974,-1.738,0.0,-4.616,364.416,-141.879,222.537,0.0,,,222.537,0.0,222.537,0.0,0.0,222.537,222.537,,5.96,37.34,37.34,37.34,7.35,30.29,30.29,30.29,
03/31/2006,1204.655,,,-859.993,,,344.662,,-123.174,114.006,,9.168,221.488,-3.461,4.068,5.527,-1.459,,-0.607,218.027,-85.467,132.56,,,,132.56,,132.56,0.0,0.0,132.56,132.56,,5.596,23.69,23.69,23.69,6.805,19.48,19.48,19.48,
06/30/2006,1748.928,,,-1278.183,,,470.745,,-129.403,129.403,,0.0,341.342,-28.264,5.281,7.072,-1.791,0.0,22.983,313.078,-122.726,190.352,0.0,,,190.352,0.0,190.352,0.0,0.0,190.352,190.352,,5.722,33.27,33.27,36.22,6.779,28.08,28.08,30.57,
09/30/2006,1553.411,,,-1161.369,,,392.042,,-104.421,104.421,,0.0,287.621,-75.514,1.155,3.141,-1.986,0.0,74.359,212.107,-82.774,129.333,0.0,,,129.333,0.0,129.333,0.0,0.0,129.333,129.333,,5.725,22.59,22.59,31.44,6.588,19.63,19.63,27.33,
12/31/2006,1627.13,,,-1297.558,,,329.572,0.0,-114.309,103.188,,11.121,215.263,4.496,1.182,3.65,-2.468,0.0,-5.678,219.759,-84.592,135.167,0.0,,,135.167,0.0,135.167,0.0,0.0,135.167,135.167,,5.533,24.43,24.43,31.12,6.481,20.86,20.86,26.57,
03/31/2007,1093.189,,,-841.562,,,251.627,,-106.729,97.406,,9.323,144.898,-6.866,2.015,3.322,-1.307,,4.851,138.032,-53.211,84.821,,,,84.821,0.0,84.821,0.0,,84.821,84.821,,5.663,14.98,14.98,16.36,6.545,12.96,12.96,14.15,
06/30/2007,1316.668,,,-1007.098,,,309.57,,-110.152,101.198,,8.954,199.418,-51.741,2.268,3.298,-1.03,,49.473,147.677,-56.93,90.747,,,,90.747,,90.747,0.0,,90.747,90.747,,5.606,16.19,16.19,22.25,6.42,14.14,14.14,19.44,
09/30/2007,1292.088,,,-991.099,,,300.989,,-60.907,60.907,,0.0,240.082,-94.268,2.297,3.375,-1.078,0.0,91.971,145.814,-54.701,91.113,0.0,,,91.113,0.0,91.113,0.0,0.0,91.113,91.113,,5.283,17.25,17.25,29.12,5.969,15.26,15.26,25.77,
12/31/2007,1427.397,,,-1127.481,,,299.916,,-98.237,90.01,,8.227,201.679,-93.697,1.67,3.155,-1.485,,92.027,107.982,-40.708,67.274,,,,67.274,,67.274,0.0,0.0,67.274,67.274,,5.136,13.1,13.1,25.38,5.741,11.72,11.72,22.7,
03/31/2008,887.931,,,-720.465,,,167.466,,-91.82,91.82,,0.0,75.646,-2.471,2.429,3.239,-0.81,0.0,0.042,73.175,-29.709,43.466,0.0,,,43.466,0.0,43.466,0.0,0.0,43.466,43.466,,5.224,8.32,8.32,9.14,5.859,7.42,7.42,8.15,
06/30/2008,955.723,,,-766.749,,,188.974,,-98.279,98.279,,0.0,90.695,-4.278,2.363,3.232,-0.869,0.0,1.915,86.417,-35.085,51.332,0.0,,,51.332,0.0,51.332,0.0,0.0,51.332,51.332,,5.357,9.58,9.58,10.28,5.938,8.64,8.64,9.27,
09/30/2008,939.211,,,-763.361,,,175.85,,-74.557,74.557,,0.0,101.293,-40.686,2.33,3.259,-0.929,0.0,38.356,60.607,-24.056,36.551,0.0,,,36.551,0.0,36.551,0.0,0.0,36.551,36.551,,5.438,6.72,6.72,11.84,5.968,6.12,6.12,10.78,
12/31/2008,910.174,,,-766.189,,,143.985,,-75.662,67.906,,7.756,68.323,-121.067,1.825,3.172,-1.347,0.0,119.242,-52.744,22.287,-30.457,0.0,,,-30.457,0.0,-30.457,0.0,0.0,-30.457,-30.457,,5.497,-5.54,-5.54,10.12,5.497,-5.54,-5.54,10.12,
03/31/2009,558.599,548.329,10.27,-462.383,462.63,-0.247,96.216,2.628,-65.452,65.452,,0.0,33.392,-2.774,,2.774,,,0.0,30.618,-12.63,17.988,0.0,0.0,0.0,17.988,0.0,17.988,0.0,0.0,17.988,17.988,0.0,5.642,3.19,3.19,3.19,5.958,3.02,3.02,3.02,
06/30/2009,625.431,612.488,12.943,-493.905,494.24,-0.335,131.526,1.904,-61.139,61.139,,0.0,72.291,-2.462,,2.462,,,0.0,69.829,-28.403,41.426,0.0,0.0,0.0,41.426,0.0,41.426,0.0,0.0,41.426,41.426,0.0,5.777,7.17,7.17,7.17,6.101,6.79,6.79,6.79,
09/30/2009,814.016,792.51,21.506,-636.063,636.642,-0.579,177.953,2.437,-64.148,64.148,,0.0,116.242,-2.802,,2.802,,,0.0,113.44,-41.313,72.127,0.0,0.0,0.0,72.127,0.0,72.127,0.0,0.0,72.127,72.127,0.0,5.866,12.29,12.29,12.29,6.223,11.59,11.59,11.59,
12/31/2009,745.802,730.14,15.662,-591.587,592.221,-0.634,154.215,2.357,-69.887,69.887,,0.0,86.685,-2.158,,2.158,,,0.0,84.527,-23.888,60.639,0.0,0.0,0.0,60.639,0.0,60.639,0.0,0.0,60.639,60.639,0.0,5.939,10.21,10.21,10.21,6.311,9.61,9.61,9.61,
03/31/2010,590.214,577.381,12.833,-470.577,471.069,-0.492,119.637,2.535,-67.27,67.27,,0.0,54.902,-2.171,,2.171,,,0.0,52.731,-20.644,32.087,0.0,0.0,0.0,32.087,0.0,32.087,0.0,0.0,32.087,32.087,0.0,6.066,5.29,5.29,5.29,6.399,5.01,5.01,5.01,
06/30/2010,964.504,946.972,17.532,-770.279,771.475,-1.196,194.225,2.343,-76.412,76.412,,0.0,120.156,-1.897,,1.897,,,0.0,118.259,-46.983,71.276,0.0,0.0,0.0,71.276,0.0,71.276,0.0,0.0,71.276,71.276,0.0,6.123,11.64,11.64,11.64,6.405,11.13,11.13,11.13,
09/30/2010,676.169,661.935,14.234,-539.509,540.783,-1.274,136.66,3.464,-74.737,74.737,,0.0,65.387,-0.497,,0.497,,,0.0,64.89,-20.946,43.944,0.0,0.0,0.0,43.944,0.0,43.944,0.0,0.0,43.944,43.944,0.0,5.748,7.65,7.65,7.65,6.011,7.31,7.31,7.31,
12/31/2010,811.005,794.47,16.535,-653.695,654.965,-1.27,157.31,1.724,-72.236,72.236,,0.0,86.798,-0.285,,0.285,,,0.0,86.513,-27.815,58.698,0.0,0.0,0.0,58.698,0.0,58.698,0.0,0.0,58.698,58.698,0.0,5.641,10.41,10.41,10.41,5.892,9.96,9.96,9.96,
03/31/2011,514.504,502.744,11.76,-417.079,417.92,-0.841,97.425,1.497,-73.865,73.865,,0.0,25.057,-0.222,,0.222,,,0.0,24.835,-9.661,15.174,0.0,0.0,0.0,15.174,0.0,15.174,0.0,0.0,15.174,15.174,0.0,5.823,2.61,2.61,2.61,6.02,2.52,2.52,2.52,
06/30/2011,695.881,682.663,13.218,-557.78,558.601,-0.821,138.101,1.483,-75.943,75.943,,0.0,63.641,-0.287,,0.287,,,0.0,63.354,-24.909,38.445,0.0,0.0,0.0,38.445,0.0,38.445,0.0,0.0,38.445,38.445,0.0,5.785,6.65,6.65,6.65,5.929,6.48,6.48,6.48,
09/30/2011,707.476,696.98,10.496,-570.976,572.382,-1.406,136.5,0.993,-68.258,68.258,,0.0,69.235,-0.293,,0.293,,,0.0,68.942,-25.533,43.409,0.0,0.0,0.0,43.409,0.0,43.409,0.0,0.0,43.409,43.409,0.0,5.301,8.19,8.19,8.19,5.437,7.98,7.98,7.98,
12/31/2011,741.288,728.808,12.48,-614.963,616.722,-1.759,126.325,0.784,-76.449,76.449,,0.0,50.66,-0.215,,0.215,,,0.0,50.445,-18.053,32.392,0.0,0.0,0.0,32.392,0.0,32.392,0.0,0.0,32.392,32.392,0.0,4.979,6.51,6.51,6.51,5.126,6.32,6.32,6.32,
03/31/2012,600.492,586.195,14.297,-490.313,491.829,-1.516,110.179,0.984,-80.089,80.089,,0.0,31.074,-0.116,,0.116,,,0.0,30.958,-10.835,20.123,0.0,0.0,0.0,20.123,0.0,20.123,0.0,0.0,20.123,20.123,0.0,5.044,3.99,3.99,3.99,5.159,3.9,3.9,3.9,
06/30/2012,769.783,755.29,14.493,-624.309,624.978,-0.669,145.474,0.674,-82.081,82.081,,0.0,64.067,-0.112,,0.112,,,0.0,63.955,-17.117,46.838,0.0,0.0,0.0,46.838,0.0,46.838,0.0,0.0,46.838,46.838,0.0,5.106,9.17,9.17,9.17,5.221,8.97,8.97,8.97,
09/30/2012,870.637,854.396,16.241,-701.571,702.436,-0.865,169.066,0.76,-84.342,84.342,,0.0,85.484,-1.351,,1.351,,,0.0,84.133,-31.133,53.0,0.0,0.0,0.0,53.0,0.0,53.0,0.0,0.0,53.0,53.0,0.0,4.999,10.6,10.6,10.6,5.132,10.33,10.33,10.33,
12/31/2012,943.738,925.363,18.375,-755.488,756.396,-0.908,188.25,1.632,-88.447,88.447,,0.0,101.435,-5.404,,5.404,,,0.0,96.031,-35.404,60.627,0.0,0.0,0.0,60.627,0.0,60.627,0.0,0.0,60.627,60.627,0.0,4.897,12.38,12.38,12.38,5.06,11.98,11.98,11.98,
03/31/2013,770.256,750.868,19.388,-623.244,624.085,-0.841,147.012,1.139,-87.594,87.594,,0.0,60.557,-5.452,,5.452,,,0.0,55.105,-20.064,35.041,0.0,0.0,0.0,35.041,0.0,35.041,0.0,0.0,35.041,35.041,0.0,4.979,7.04,7.04,7.04,5.122,6.84,6.84,6.84,
06/30/2013,1009.892,992.21,17.682,-833.378,834.288,-0.91,176.514,1.276,-92.372,92.372,,0.0,85.418,-5.237,,5.237,,,0.0,80.181,-29.491,50.69,0.0,0.0,0.0,50.69,0.0,50.69,0.0,0.0,50.69,60.83,10.14,4.889,10.37,10.37,12.442217,5.013,10.11,10.11,12.132741,
09/30/2013,1188.967,1167.595,21.372,-963.177,964.416,-1.239,225.79,1.248,-89.923,89.923,,0.0,137.115,-5.525,,5.525,,,0.0,131.59,-48.655,82.935,0.0,0.0,0.0,82.935,0.0,82.935,0.0,0.0,82.935,82.935,0.0,4.588,18.08,18.08,18.08,4.695,17.67,17.67,17.67,
12/31/2013,1242.152,1223.808,18.344,-999.967,1001.415,-1.448,242.185,0.995,-85.734,85.734,,0.0,157.446,-5.626,,5.626,,,0.0,151.82,-54.009,97.811,0.0,0.0,0.0,97.811,0.0,97.811,0.0,0.0,97.811,108.1876,10.3766,4.5,21.74,21.74,24.041689,4.626,21.15,21.15,23.393104,
03/31/2014,811.31,799.187,12.123,-654.078,655.152,-1.074,157.232,1.056,-102.897,102.897,,0.0,55.391,-5.684,,5.684,,,0.0,49.707,-25.858,23.849,0.0,0.0,0.0,23.849,0.0,23.849,0.0,0.0,23.849,23.849,0.0,4.467,5.34,5.34,5.34,4.62,5.16,5.16,5.16,
06/30/2014,1102.054,1084.08,17.974,-882.083,882.778,-0.695,219.971,0.646,-106.2,106.2,,0.0,114.417,-5.593,,5.593,,,0.0,108.824,-40.646,68.178,0.0,0.0,0.0,68.178,0.0,68.178,0.0,0.0,68.178,68.178,0.0,4.349,15.68,15.68,15.68,4.495,15.17,15.17,15.17,
09/30/2014,1203.166,1185.16,18.006,-958.839,960.055,-1.216,244.327,1.145,-96.063,96.063,,0.0,149.409,-5.618,,5.618,,,0.0,143.791,-53.639,90.152,0.0,0.0,0.0,90.152,0.0,90.152,0.0,0.0,90.152,90.152,0.0,4.196,21.49,21.49,21.49,4.354,20.7,20.7,20.7,
12/31/2014,1328.038,1306.632,21.406,-1069.195,1070.601,-1.406,258.843,0.784,-102.707,102.707,,0.0,156.92,-5.696,,5.696,,,0.0,151.224,-51.773,99.451,0.0,0.0,0.0,99.451,0.0,99.451,0.0,0.0,99.451,99.451,0.0,4.106,24.22,24.22,24.22,4.279,23.24,23.24,23.24,
03/31/2015,957.749,941.538,16.211,-780.726,781.668,-0.942,177.023,0.83,-109.708,109.708,,0.0,68.145,-5.782,,5.782,,,0.0,62.363,-23.305,39.058,0.0,0.0,0.0,39.058,0.0,39.058,0.0,0.0,39.058,39.058,0.0,4.057,9.63,9.63,9.63,4.235,9.22,9.22,9.22,
06/30/2015,1243.633,1221.111,22.522,-985.69,986.854,-1.164,257.943,1.365,-104.807,104.807,,0.0,154.501,-5.817,,5.817,,,0.0,148.684,-55.289,93.395,0.0,0.0,0.0,93.395,0.0,93.395,0.0,0.0,93.395,93.395,0.0,4.066,22.97,22.97,22.97,4.262,21.91,21.91,21.91,
09/30/2015,1402.351,1374.467,27.884,-1109.881,1111.672,-1.791,292.47,1.006,-102.58,102.58,,0.0,190.896,-5.9,,5.9,,,0.0,184.996,-68.526,116.47,0.0,0.0,0.0,116.47,0.0,116.47,0.0,0.0,116.47,116.47,0.0,4.05,28.75,28.75,28.75,4.296,27.11,27.11,27.11,
12/31/2015,1555.275,1528.084,27.191,-1238.773,1238.588,0.185,316.502,0.868,-106.914,106.914,,0.0,210.456,-3.287,3.287,5.419,-2.132,,0.0,207.169,-73.165,134.004,0.0,0.0,0.0,134.004,0.0,134.004,0.0,0.0,134.004,134.004,0.0,3.915,34.23,34.23,34.23,4.198,31.92,31.92,31.92,
03/31/2016,1144.026,1121.504,22.522,-925.76,925.76,,218.266,1.025,-112.565,112.565,,0.0,106.726,-3.414,3.414,5.088,-1.674,,0.0,103.312,-38.009,65.303,0.0,0.0,0.0,65.303,0.0,65.303,0.0,0.0,65.303,65.303,0.0,3.884,16.81,16.81,16.81,4.135,15.79,15.79,15.79,
06/30/2016,1388.183,1361.741,26.442,-1126.369,1126.369,,261.814,1.162,-114.879,114.879,,0.0,148.097,-3.377,3.377,4.814,-1.437,,0.0,144.72,-53.044,91.676,0.0,0.0,0.0,91.676,0.0,91.676,0.0,0.0,91.676,91.676,0.0,3.9,23.51,23.51,23.51,4.165,22.01,22.01,22.01,
09/30/2016,1537.569,1507.451,30.118,-1242.292,1242.292,,295.277,1.176,-107.826,107.826,,0.0,188.627,-3.624,3.624,5.624,-2.0,,0.0,185.003,-67.611,117.392,0.0,0.0,0.0,117.392,0.0,117.392,0.0,0.0,117.392,117.392,0.0,3.858,30.43,30.43,30.43,4.125,28.46,28.46,28.46,
12/31/2016,1752.766,1718.527,34.239,-1413.44,1413.44,,339.326,1.109,-108.05,108.05,,0.0,232.385,-3.723,3.723,6.181,-2.458,,0.0,228.662,-77.771,150.891,0.0,0.0,0.0,150.891,0.0,150.891,0.0,0.0,150.891,150.891,0.0,3.749,40.25,40.25,40.25,3.992,37.8,37.8,37.8,
03/31/2017,1277.092,1247.587,29.505,-1026.017,1026.017,,251.075,1.411,-116.15,116.15,,0.0,136.336,-4.175,4.175,5.836,-1.661,,0.0,132.161,-29.238,102.923,0.0,0.0,0.0,102.923,0.0,102.923,0.0,0.0,102.923,102.923,0.0,3.705,27.78,27.78,27.78,4.097,25.12,25.12,25.12,
06/30/2017,1544.492,1512.714,31.778,-1218.083,1218.083,,326.409,1.953,-115.034,115.034,,0.0,213.328,-4.36,4.36,5.914,-1.554,,0.0,208.968,-61.091,147.877,0.0,0.0,0.0,147.877,0.0,147.877,0.0,0.0,147.877,147.877,0.0,3.748,39.46,39.46,39.46,4.202,35.19,35.19,35.19,
09/30/2017,1667.92,1633.726,34.194,-1307.971,1307.971,,359.949,2.298,-113.616,113.616,,0.0,248.631,-4.167,4.167,6.12,-1.953,,0.0,244.464,-82.362,162.102,0.0,0.0,0.0,162.102,0.0,162.102,0.0,0.0,162.102,162.102,0.0,3.747,43.26,43.26,43.26,4.263,38.02,38.02,38.02,
12/31/2017,1816.336,1781.494,34.842,-1438.307,1438.307,,378.029,2.922,-116.0,116.0,,0.0,264.951,-3.633,3.633,6.315,-2.682,,0.0,261.318,-136.699,124.619,0.0,0.0,0.0,124.619,0.0,124.619,0.0,0.0,124.619,187.321,62.702,3.732,33.39,33.39,50.193194,4.315,28.88,28.88,43.41117,
03/31/2018,1529.414,1490.093,39.321,-1211.946,1211.946,,317.468,2.501,-124.782,124.782,,0.0,195.187,-4.189,4.189,6.282,-2.093,,0.0,190.998,-24.949,166.049,0.0,0.0,0.0,166.049,0.0,166.049,0.0,0.0,166.049,166.049,0.0,3.675,45.19,45.19,45.19,4.22,39.34,39.34,39.34,
06/30/2018,1787.305,1750.463,36.842,-1416.797,1416.797,,370.508,2.805,-128.313,128.313,,0.0,245.0,-3.414,3.414,6.329,-2.915,,0.0,241.586,-38.412,203.174,0.0,0.0,0.0,203.174,0.0,203.174,0.0,0.0,203.174,203.174,0.0,3.635,55.9,55.9,55.9,4.142,49.05,49.05,49.05,
09/30/2018,1852.407,1809.345,43.062,-1472.649,1472.649,,379.758,3.499,-130.712,130.712,,0.0,252.545,-2.835,2.835,6.197,-3.362,,0.0,249.71,-53.894,195.816,0.0,0.0,0.0,195.816,0.0,195.816,0.0,0.0,195.816,195.816,0.0,3.612,54.21,54.21,54.21,4.056,48.28,48.28,48.28,
12/31/2018,1994.548,1954.403,40.145,-1590.735,1590.735,,403.813,5.58,-128.905,128.905,,0.0,280.488,-3.05,3.05,6.273,-3.223,,0.0,277.438,-45.28,232.158,0.0,0.0,0.0,232.158,0.0,232.158,0.0,0.0,232.158,232.158,0.0,3.601,64.46,64.46,64.46,3.964,58.57,58.57,58.57,
03/31/2019,1687.011,1643.206,43.805,-1338.806,1338.806,,348.205,6.276,-132.492,132.492,,0.0,221.989,-3.382,3.382,6.215,-2.833,,0.0,218.607,-30.201,188.406,0.0,0.0,0.0,188.406,0.0,188.406,0.0,0.0,188.406,188.406,0.0,3.607,52.23,52.23,52.23,3.955,47.64,47.64,47.64,
06/30/2019,1800.194,1757.448,42.746,-1425.388,1425.388,,374.806,6.514,-133.044,133.044,,0.0,248.276,-3.564,3.564,6.301,-2.737,,0.0,244.712,-34.503,210.209,0.0,0.0,0.0,210.209,0.0,210.209,0.0,0.0,210.209,210.209,0.0,3.612,58.2,58.2,58.2,3.959,53.09,53.09,53.09,
09/30/2019,1911.264,1873.331,37.933,-1518.276,1518.276,,392.988,7.515,-130.376,130.376,,0.0,270.127,-2.953,2.953,6.293,-3.34,,0.0,267.174,-43.387,223.787,0.0,0.0,0.0,223.787,0.0,223.787,0.0,0.0,223.787,223.787,0.0,3.672,60.94,60.94,60.94,3.988,56.11,56.11,56.11,
12/31/2019,1990.195,1946.859,43.336,-1567.392,1567.392,,422.803,7.331,-131.493,131.493,0.0,0.0,298.641,-3.339,3.339,6.571,-3.232,,0.0,295.302,-39.165,256.137,0.0,0.0,0.0,256.137,0.0,256.137,0.0,0.0,256.137,256.137,0.0,3.671,69.78,69.78,69.78,3.977,64.41,64.41,64.41,
03/31/2020,1582.528,1555.707,26.821,-1294.743,1294.743,,287.785,5.985,-128.378,128.378,,0.0,165.392,-4.017,4.017,6.486,-2.469,,0.0,161.375,14.328,175.703,0.0,0.0,0.0,175.703,0.0,175.703,0.0,0.0,175.703,175.703,0.0,3.663,47.97,47.97,47.97,3.908,44.96,44.96,44.96,
06/30/2020,1620.368,1588.758,31.61,-1284.493,1284.493,,335.875,3.087,-121.46,121.46,,0.0,217.502,-7.671,7.671,9.525,-1.854,,0.0,209.831,-45.756,164.075,0.0,0.0,0.0,164.075,0.0,164.075,0.0,0.0,164.075,164.075,0.0,3.682,44.56,44.56,44.56,3.861,42.5,42.5,42.5,
09/30/2020,1970.8,,,,,,384.306,,,,,,265.5,,,,,,,279.667,,223.0,,,,,,223.0,,,223.0,227.0,,,60.795,60.795,58.538,,60.795,60.795,58.538,
12/31/2020,2177.2,,,,,,424.554,,,,,,313.0,,,,,,,325.0,,250.0,,,,,,250.0,,,250.0,264.0,,,72.22,72.22,68.29,,72.22,72.22,68.29,
