Date,Revenue,Cost of Revenue,Gross Profit,Other Operating Income,Operating Expenses,Operating Income or Losses,Interest Expense,Foreign Exchange Losses (Gains),Net Non-Operating Losses (Gains),Pretax Income,Income Tax Expense (Benefit),Income Before XO Items,Extraordinary Loss Net of Tax,Minority/Non Controlling Interests (Credits),Net Income/Net Profit (Losses),Total Cash Preferred Dividends,Other Adjustments,Net Inc Avail to Common Shareholders,Abnormal Losses (Gains),Tax Effect on Abnormal Items,Normalized Income,Basic EPS Before Abnormal Items,Basic EPS Before XO Items,Basic Earnings per Share,Basic Weighted Avg Shares,Diluted EPS Before Abnormal Items,Diluted EPS Before XO Items,Diluted EPS,Diluted Weighted Avg Shares,Source: Bloomberg
06/30/1991,13.674999,-4.889,8.785999,,-10.012,-1.226,,0.0,-3.588,-4.814,0.056,-4.758,0.0,0.0,-4.758,0.0,,-4.758,,,-4.758,,-0.105,-0.105,46.279999,-0.105,-0.105,-0.105,46.279999,
09/30/1991,13.598,-5.145,8.453,,-11.069,-2.616,,0.0,-4.118,-6.734,3.209,-3.525,0.0,0.0,-3.525,0.0,,-3.525,,,-3.525,,-0.075,-0.075,46.462002,-0.075,-0.075,-0.075,46.462002,
12/31/1991,12.539999,-4.387,8.152999,,-10.182,-2.029,,0.0,-3.665,-5.694,2.587,-3.107,0.0,0.0,-3.107,0.0,,-3.107,,,-3.107,,-0.07,-0.07,43.014,-0.07,-0.07,-0.07,43.014,
03/31/1992,12.716,-4.544,8.171999,,-10.11,-1.938,,0.0,0.243,-1.695,-2.586,-4.281,-12.765,0.0,-17.046009,0.0,,-17.046009,,,-4.281,,-0.04,-0.275,50.0,-0.04,-0.04,-0.275,50.0,
03/31/1993,13.164,-5.038,8.125999,,-11.948,-3.822,-0.302,0.0,1.158,-2.966,-0.052,-3.018,0.0,0.0,-3.018,0.0,,-3.018,,,-3.018,,-0.025,-0.025,119.800003,-0.025,-0.025,-0.025,119.800003,
06/30/1993,12.772,-4.863,7.909,,-13.201,-5.292,-0.064,0.0,0.541,-4.815,-0.087,-4.902,0.0,0.0,-4.902,0.0,,-4.902,,,-4.902,,-0.04,-0.04,126.639999,-0.04,-0.04,-0.04,126.639999,
09/30/1993,17.032,-6.942,10.09,,-21.889,-11.799,-3.51,0.0,1.944,-13.365,-0.423,-13.788,0.0,0.0,-13.788,0.0,,-13.788,,,-13.788,,-0.085,-0.085,158.600006,-0.085,-0.085,-0.085,158.600006,
12/31/1993,19.097,-8.003,11.094,,-27.004999,-15.911,-8.934,0.0,2.281,-22.564,8.166,-14.398,0.0,0.0,-14.398,0.0,,-14.398,,,-14.398,,-0.08,-0.08,174.714005,-0.08,-0.08,-0.08,174.714005,
03/31/1994,19.027,-8.858,10.169001,,-37.41,-27.240999,-16.143999,0.0,5.788,-37.596998,13.781,-23.816,0.0,0.0,-23.816,0.0,,-23.816,,,-23.815998,,-0.135,-0.135,174.195999,-0.135,-0.135,-0.135,174.195999,
06/30/1994,21.457001,-10.479,10.978001,,-49.695999,-38.717999,-24.379999,0.0,9.578,-53.519998,19.945,-33.575001,0.0,0.0,-33.575001,0.0,,-33.575001,,,-33.574998,,-0.175,-0.175,191.664001,-0.175,-0.175,-0.175,191.664001,
09/30/1994,29.625,-21.458,8.167,,-58.396999,-50.23,-24.076,0.0,9.717,-64.589,23.344,-41.244999,0.0,0.0,-41.244999,0.0,,-41.244999,,,-41.245,,-0.205,-0.205,201.591995,-0.205,-0.205,-0.205,201.591995,
12/31/1994,32.595001,-27.636,4.959001,,-71.783997,-66.824997,-21.035,0.0,10.775,-77.084997,28.056,-49.028999,0.0,0.0,-49.028999,0.0,,-49.028999,,,-49.028997,-0.24,-0.24,-0.24,200.117996,-0.24,-0.24,-0.24,200.117996,
03/31/1995,29.500999,-22.687,6.813999,,-76.954002,-70.139999,-20.959999,0.0,6.557,-84.542998,31.344,-53.199001,0.0,0.0,-53.199001,0.0,,-53.199001,,,-53.198998,,-0.25,-0.25,211.309998,-0.25,-0.25,-0.25,211.309998,
06/30/1995,42.855999,-36.244999,6.611,,-79.834,-73.223,-22.396999,0.0,4.953,-90.666999,33.685001,-56.981998,0.0,0.0,-56.981998,0.0,,-56.981998,,,-56.981997,-0.265,-0.265,-0.265,214.742004,-0.265,-0.265,-0.265,214.742004,
09/30/1995,65.343002,-61.865002,3.478001,,-136.917999,-133.440002,-28.202999,0.0,8.134,-153.509002,51.375,-102.134003,0.0,0.0,-102.134003,0.0,,-102.134003,,,-102.134002,-0.305,-0.305,-0.305,333.761993,-0.305,-0.305,-0.305,333.761993,
12/31/1995,79.886002,-79.473999,0.412003,,-158.369003,-157.957001,,0.0,-45.091,-203.048001,84.197998,-118.849998,0.0,0.0,-118.849998,0.0,,-118.849998,,,-118.850003,-0.335,-0.335,-0.335,353.731994,-0.335,-0.335,-0.335,353.731994,
03/31/1996,68.318001,-59.838001,8.48,,-155.423996,-146.944,-49.419998,0.0,6.624,-189.739998,71.022003,-118.718002,0.0,0.0,-118.718002,0.0,,-118.718002,,,-118.717995,-0.28,-0.28,-0.28,427.306,-0.28,-0.28,-0.28,427.306,
06/30/1996,77.619003,-56.894001,20.725002,,-181.145004,-160.419998,-57.320999,0.0,6.585,-211.155997,81.127998,-130.028,0.0,0.0,-130.028,0.0,,-130.028,,,-130.027999,-0.29,-0.29,-0.29,449.56601,-0.29,-0.29,-0.29,449.56601,
09/30/1996,91.040001,-60.824001,30.216,,-189.854004,-159.638,-58.783001,0.0,4.744,-213.677001,64.793999,-148.882996,0.0,0.0,-148.882996,0.0,,-148.882996,,,-148.883003,-0.33,-0.33,-0.33,450.734009,-0.33,-0.33,-0.33,450.734009,
12/31/1996,95.960999,-70.161003,25.799996,,-204.664001,-178.863998,-61.971001,0.0,-7.804,-248.638999,90.248001,-158.391006,0.0,0.0,-158.391006,0.0,,-158.391006,,,-158.390998,-0.35,-0.35,-0.35,454.37799,-0.35,-0.35,-0.35,454.37799,
03/31/1997,110.676003,-58.160999,52.515003,,-242.578995,-190.063995,-75.266998,0.0,5.045,-260.285994,39.436001,-220.850006,0.0,0.0,-220.850006,0.0,,-220.850006,,,-220.849993,-0.465,-0.465,-0.465,474.992004,-0.465,-0.465,-0.465,474.992004,
06/30/1997,145.938004,-64.492996,81.445007,,-296.480011,-215.035004,-97.189003,0.0,4.107,-308.117007,46.493999,-261.622986,0.0,0.0,-261.622986,0.0,,-261.622986,,,-261.623007,-0.54,-0.54,-0.54,483.661987,-0.54,-0.54,-0.54,483.661987,
09/30/1997,207.223999,-72.422997,134.801003,,-390.809998,-256.009003,-107.445,0.0,17.848,-345.606003,39.472,-306.134003,0.0,0.0,-306.134003,-12.822,,-318.956002,,,-318.956002,-0.63,-0.63,-0.63,506.966003,-0.63,-0.63,-0.63,506.966003,
12/31/1997,275.05899,-89.472,185.58699,,-462.299011,-276.712006,-127.903999,0.0,9.284,-395.332005,-384.127991,-779.460022,-45.786999,0.0,-825.247009,-16.297001,,-841.54401,,,-795.756996,-1.505,-1.505,-1.589996,529.231995,-1.505,-1.505,-1.59,529.231995,
03/31/1998,327.134003,-102.428001,224.706001,,-514.234009,-289.528015,-145.380005,0.0,14.406,-420.50202,33.639999,-386.862,0.0,0.0,-386.862,-28.087999,,-414.949999,,,-414.95002,-0.765,-0.765,-0.765,540.77002,-0.765,-0.765,-0.765,540.77002,
06/30/1998,421.412994,-122.753998,298.658997,,-565.11499,-266.455994,-151.753006,0.0,10.27,-407.938999,49.203999,-358.734985,-133.225006,0.0,-491.959991,-39.381001,,-531.340992,,,-398.116001,-0.725,-0.725,-0.97,547.038025,-0.725,-0.725,-0.97,547.038025,
09/30/1998,506.597992,-140.570999,366.026993,,-610.070984,-244.044006,-170.723999,0.0,-31.813,-446.581005,44.658001,-401.923004,0.0,0.0,-401.923004,-40.097,,-442.020004,,,-442.020004,-0.78,-0.78,-0.78,565.382019,-0.78,-0.78,-0.78,565.382019,
12/31/1998,591.612976,-150.639999,440.972977,,-693.202026,-252.229004,-188.223007,0.0,4.699,-435.753011,64.410004,-371.342987,0.0,0.0,-371.342987,-41.595001,,-412.937988,,,-412.938009,-0.715,-0.715,-0.715,575.640015,-0.715,-0.715,-0.715,575.640015,
03/31/1999,663.804993,-162.320007,501.484985,,-694.10498,-192.619995,-198.059006,0.0,-58.599998,-449.278999,9.839,-439.440002,0.0,0.0,-439.440002,-46.034,,-485.474003,,,-485.474,-0.83,-0.83,-0.83,583.25,-0.83,-0.83,-0.83,583.25,
06/30/1999,793.0,-166.0,627.0,,-761.0,-134.0,-209.0,0.0,68.0,-275.0,7.0,-268.0,0.0,0.0,-268.0,-47.0,,-315.0,,,-315.0,-0.52,-0.52,-0.52,605.22998,-0.52,-0.52,-0.52,605.22998,
09/30/1999,889.0,-175.0,714.0,,-800.0,-86.0,-220.0,0.0,-14.0,-320.0,8.0,-312.0,0.0,0.0,-312.0,-49.0,,-361.0,,,-361.0,-0.55,-0.55,-0.55,655.0,-0.55,-0.55,-0.55,655.0,
12/31/1999,1440.194946,-1075.680054,364.514893,,-420.894989,-56.380001,-250.940994,0.0,53.599998,-253.720997,3.161,-250.559998,-68.0,0.0,-318.559998,-49.966,0.0,-368.525997,,,-300.525996,-0.42,-0.42,-0.52,709.833984,-0.42,-0.42,-0.52,709.833984,
03/31/2000,1175.0,-436.0,739.0,,-791.0,-52.0,-278.0,0.0,43.0,-287.0,8.0,-279.0,-104.0,0.0,-383.0,-52.0,0.0,-435.0,,,-331.0,-0.45,-0.45,-0.59,742.0,-0.45,-0.45,-0.59,742.0,
06/30/2000,1365.0,-526.0,839.0,,-852.0,-13.0,-301.0,-6.0,71.0,-249.0,8.0,-241.0,0.0,0.0,-241.0,-51.0,0.0,-292.0,,,-292.0,-0.38,-0.38,-0.38,760.0,-0.38,-0.38,-0.38,760.0,
09/30/2000,1528.0,-587.0,941.0,,-897.0,44.0,-333.0,3.0,94.0,-192.0,8.0,-184.0,0.0,0.0,-184.0,-52.0,0.0,-236.0,,,-236.0,-0.31,-0.31,-0.31,761.0,-0.31,-0.31,-0.31,761.0,
12/31/2000,1959.0,-1412.0,547.0,,-527.0,20.0,-333.0,-9.0,306.0,-16.0,9.0,-7.0,0.0,0.0,-7.0,-54.0,0.0,-61.0,,,-61.0,-0.08,-0.08,-0.08,762.0,-0.08,-0.08,-0.08,762.0,
03/31/2001,1742.0,-698.0,1044.0,,-1120.0,-76.0,-358.0,0.0,48.0,-386.0,14.0,-372.0,0.0,0.0,-372.0,-56.0,0.0,-428.0,,,-428.0,-0.56,-0.56,-0.56,764.0,-0.56,-0.56,-0.56,764.0,
06/30/2001,1881.0,-684.0,1197.0,,-1174.0,23.0,-359.0,-45.0,-1.0,-382.0,13.0,-369.0,0.0,0.0,-369.0,-57.0,0.0,-426.0,22.0,,-404.0,-0.53,-0.56,-0.56,765.0,-0.53,-0.56,-0.56,765.0,
09/30/2001,1992.0,-732.0,1260.0,,-1212.0,48.0,-354.0,-16.0,152.0,-170.0,20.0,-150.0,0.0,0.0,-150.0,-59.0,0.0,-209.0,,,-209.0,-0.27,-0.27,-0.27,783.0,-0.27,-0.27,-0.27,783.0,
12/31/2001,2074.0,-755.0,1319.0,,-1260.0,59.0,-332.0,131.0,-1680.0,-1822.0,88.0,-1734.0,0.0,0.0,-1734.0,-61.0,0.0,-1795.0,,,-1795.0,-1.43,-2.88,-2.28,760.526001,-1.43,-2.88,-2.28,760.526001,
03/31/2002,1957.0,-736.0,1221.0,,-1052.0,169.0,-326.0,-72.0,-12.0,-241.0,-350.0,-591.0,0.0,0.0,-591.0,-63.0,0.0,-654.0,640.0,,-14.0,-0.35,-0.82,-0.82,801.0,-0.35,-0.82,-0.82,801.0,
06/30/2002,2154.0,-585.0,1569.0,,-1158.0,411.0,-269.0,0.0,-4.0,138.0,-15.0,123.0,0.0,0.0,123.0,-62.0,264.0,325.0,-269.0,,56.0,0.07,0.39,0.39,841.0,0.05,0.37,0.37,927.0,
09/30/2002,2279.0,-618.0,1661.0,,-1195.0,466.0,-271.0,0.0,196.0,391.0,-8.0,383.0,0.0,0.0,383.0,-50.0,193.0,526.0,-205.0,,321.0,0.14,0.58,0.58,911.0,0.11,0.55,0.55,988.0,
12/31/2002,2331.0,-657.0,1674.0,,-1184.0,490.0,-235.0,0.0,1234.0,1489.0,-18.0,1471.0,0.0,0.0,1471.0,-36.0,28.0,1463.0,-1254.0,,209.0,0.21,1.49,1.49,980.0,0.1,1.38,1.38,1074.0,
03/31/2003,2371.0,-684.0,1687.0,,-1199.0,488.0,-225.0,0.0,-6.0,257.0,-22.0,235.0,0.0,0.0,235.0,-30.0,-2.0,203.0,0.0,,203.0,0.2,0.2,0.2,1010.0,0.19,0.19,0.19,1047.0,
06/30/2003,2556.0,-727.0,1829.0,,-1251.0,578.0,-219.0,0.0,-38.0,321.0,-27.0,294.0,0.0,0.0,294.0,-23.0,-5.0,266.0,9.0,,275.0,0.28,0.27,0.27,1029.0,0.28,0.27,0.27,1052.0,
09/30/2003,2887.0,-861.0,2026.0,,-1331.0,695.0,-220.0,0.0,-114.0,361.0,-21.0,340.0,0.0,0.0,340.0,-2.0,0.0,338.0,132.0,,470.0,0.45,0.32,0.32,1050.0,0.44,0.31,0.31,1091.0,
12/31/2003,3006.0,-893.0,2113.0,,-1366.0,747.0,-180.0,0.0,116.0,683.0,-43.0,640.0,0.0,0.0,640.0,-3.0,0.0,637.0,-107.0,,530.0,0.48,0.58,0.58,1100.0,0.47,0.56,0.56,1171.0,
03/31/2004,3103.0,-927.0,2176.0,0.0,-1414.0,762.0,-154.0,,18.0,626.0,-33.0,593.0,,,593.0,-2.0,0.0,591.0,-17.0,,574.0,0.53,0.53,0.53,1106.0,0.51,0.51,0.51,1172.0,
06/30/2004,3289.0,-953.0,2336.0,0.0,-1531.0,805.0,-155.0,,-27.0,623.0,679.0,1302.0,,,1302.0,-2.0,0.0,1300.0,34.0,,1334.0,1.17,1.17,1.17,1110.0,1.12,1.12,1.12,1173.0,
10/22/2004,3398.0,-1016.0,2382.0,,-1529.0,853.0,-146.0,0.0,-21.0,686.0,-98.0,588.0,0.0,0.0,588.0,0.0,0.0,588.0,-120.0,-11.9,456.1,0.43,0.53,0.53,1114.0,0.42,0.52,0.52,1136.0,
12/31/2004,3578.0,-1114.0,2464.0,,-1608.0,856.0,-139.0,0.0,-14.0,703.0,-232.0,471.0,0.0,0.0,471.0,-3.0,0.0,468.0,-18.0,,450.0,0.4,0.42,0.42,1113.0,0.39,0.41,0.41,1132.0,
03/31/2005,3608.0,-1084.0,2524.0,,-1707.0,817.0,-128.0,0.0,-5.0,684.0,-89.0,595.0,0.0,0.0,595.0,-6.0,0.0,589.0,-145.0,,444.0,0.41,0.53,0.53,1121.0,0.4,0.52,0.52,1139.0,
06/30/2005,3819.0,-1159.0,2660.0,,-1770.0,890.0,-128.0,0.0,44.0,806.0,-272.0,534.0,0.0,0.0,534.0,-10.0,0.0,524.0,4.0,,528.0,0.47,0.46,0.46,1129.0,0.47,0.46,0.46,1146.0,
