Date,Revenue,Sales & Services Revenue,Other Revenue,Cost of Revenue,Cost of Goods & Services,Gross Profit,Other Operating Income,Operating Expenses,"Selling, General & Admin",Research & Development,Depreciation & Amortization,Other Operating Expense,Operating Income (Loss),Non-Operating (Income) Loss,"Interest Expense, Net",Interest Expense,Interest Income,Foreign Exch (Gain) Loss,(Income) Loss from Affiliates,Other Non-Op (Income) Loss,Pretax Income,Income Tax Expense (Benefit),Income (Loss) from Cont Ops,Net Extraordinary Losses (Gains),Discontinued Operations,XO & Accounting Changes,Income (Loss) Incl. MI,Minority Interest,"Net Income, GAAP",Preferred Dividends,Other Adjustments,"Net Income Avail to Common, GAAP","Net Income Avail to Common, Adj",Net Abnormal Losses (Gains),Basic Weighted Avg Shares,"Basic EPS, GAAP",Basic EPS from Cont Ops,"Basic EPS from Cont Ops, Adjusted",Diluted Weighted Avg Shares,"Diluted EPS, GAAP",Diluted EPS from Cont Ops,"Diluted EPS from Cont Ops, Adjusted",Source: Bloomberg
03/31/1990,431.187988,,,-249.841003,,181.346985,,-147.259995,,,,,34.087002,-4.523,,5.043,,,,-0.52,29.564002,-12.975,16.589001,0.0,,,16.589001,0.0,16.589001,-0.028,,16.561001,16.561001,,153.666,0.11,0.11,,153.666,0.11,0.11,0.11,
06/30/1990,468.863007,,,-263.420013,,205.442993,,-154.011002,,,,,51.431999,-3.467,,5.607,,,,-2.14,47.964999,-21.138,26.827,0.0,,,26.826999,0.0,26.827,-0.028,,26.799,26.799,,152.362,0.175,0.175,,152.362,0.175,0.175,0.175,
09/30/1990,420.734009,,,-256.225006,,164.509003,,-146.994995,,,,,17.514,-1.264,,4.799,,,,-3.535,16.25,-7.077,9.173,0.0,,,9.173,0.0,9.173,-0.028,,9.145,9.145,,152.369995,0.06,0.06,,152.369995,0.06,0.06,0.06,
12/31/1990,455.976013,,,-271.546997,,184.429016,,-157.682999,,,,,26.746,-3.134,,6.862,,,,-3.728,23.612,-11.365,12.247,0.0,,,12.247,0.0,12.247,-0.028,,12.219,12.219,,153.087494,0.08,0.08,0.08,153.087494,0.08,0.08,0.08,
03/31/1991,416.876007,,,-255.472,,161.404007,,-146.384003,,,,,15.02,-5.546,,7.949,,,,-2.403,9.474001,-4.365,5.109,0.0,,,5.109001,0.0,5.109,-0.0245,,5.0845,5.0845,,154.516006,0.035,0.035,,154.516006,0.035,0.035,0.035,
06/30/1991,440.394012,,,-252.337997,,188.056015,,-169.705002,,,,,18.351,-4.564,,8.267,,,,-3.703,13.787,-8.436,5.351,0.0,,,5.351,0.0,5.351,-0.025,,5.326,5.326,,154.591995,0.03,0.03,,154.591995,0.03,0.03,0.03,
09/30/1991,393.363007,,,-238.914993,,154.448013,,-145.529007,,,,,8.919,-5.228,,7.688,,,,-2.46,3.691,-1.754,1.937,0.0,,,1.937,0.0,1.937,-0.025,,1.912,1.912,,154.600006,0.015,0.015,,154.600006,0.015,0.015,0.015,
12/31/1991,452.467987,,,-244.658005,,207.809982,,-156.460999,,,,,51.348999,-6.341,,8.497,,,,-2.156,45.007999,-10.412,34.596001,0.0,,,34.595999,0.0,34.596001,-0.0235,,34.572501,34.572501,,153.759994,0.225,0.225,0.225,153.759994,0.225,0.225,0.225,
04/01/1992,435.897003,,,-243.529999,,192.367004,,-157.514008,,,,,34.853001,-9.742,,6.98,,,,2.762,25.111001,-11.695,13.416,33.437,,,-20.020999,0.0,-20.021,-0.0245,,-20.0455,-20.0455,,156.884003,-0.13,0.085,,156.884003,-0.13,0.085,0.085,
07/01/1992,443.238007,,,-239.334,,203.904007,,-167.154999,,,,,36.749001,-10.965,,6.768,,,,4.197,25.784,-11.784,14.0,0.0,,,14.0,0.0,14.0,-0.025,,13.975,13.975,,157.070007,0.09,0.09,,157.070007,0.09,0.09,0.09,
10/01/1992,426.213013,,,-252.746002,,173.46701,,-162.192001,,,,,11.275,-59.551,,6.405,,,,53.146,-48.276,13.258,-35.018002,0.0,,,-35.018,0.0,-35.018002,-0.025,,-35.043002,-35.043002,,157.110001,-0.22,-0.22,,157.110001,-0.22,-0.22,-0.22,
12/31/1992,468.187012,,,-269.019012,,199.168,,-193.636993,,,,,5.531,-8.894,,9.922,,,,-1.028,-3.363,-0.307,-3.67,0.0,,,-3.67,0.0,-3.67,-0.0235,,-3.6935,-3.6935,,157.205994,-0.025,-0.025,-0.025,157.205994,-0.025,-0.025,-0.025,
03/31/1993,454.481995,,,-259.411987,,195.070007,,-163.996994,,,,,31.073,-7.881,,5.22,,,,2.661,23.192,-12.304,10.888,0.0,,,10.888,0.0,10.888,-0.0245,,10.8635,10.8635,,159.468002,0.07,0.07,,159.468002,0.07,0.07,0.07,
06/30/1993,483.552002,,,-266.153992,,217.39801,,-168.481003,,,,,48.917,-5.775,,5.151,,,,0.624,43.142,-20.753,22.389,0.0,,,22.389,0.0,22.389,-0.025,,22.364,22.364,,159.442001,0.14,0.14,,159.442001,0.14,0.14,0.14,
09/30/1993,445.574005,,,-266.891998,,178.682007,,-166.516006,,,,,12.166,-8.693,,6.554,,,,2.139,3.473001,-6.505,-3.032,0.0,,,-3.032,0.0,-3.032,-0.025,,-3.057,-3.057,,144.731995,-0.02,-0.02,,144.731995,-0.02,-0.02,-0.02,
12/31/1993,636.046021,,,-344.154999,,291.891022,,-257.466003,,,,,34.424999,-54.878002,,12.624,,0.0,,42.254002,-20.453003,-3.669,-24.122,0.0,,,-24.122003,0.0,-24.122,-0.0235,,-24.1455,-24.1455,,212.028,-0.115,-0.115,-0.115,212.028,-0.115,-0.115,-0.115,
03/31/1994,589.512024,,,-323.381012,,266.131012,,-222.979004,,,,,43.152,-8.696,,8.666,,,,0.03,34.456,-16.721001,17.735001,0.0,,,17.734999,0.0,17.735001,0.0,,17.735001,17.735001,,213.712006,0.085,0.085,,213.712006,0.085,0.085,0.085,
06/30/1994,635.528992,,,-331.697998,,303.830994,,-230.421005,,,,,73.410004,-7.697,,8.027,,,,-0.33,65.713003,-31.416,34.297001,0.0,,,34.297003,0.0,34.297001,,,34.297001,34.297001,,212.690002,0.16,0.16,,212.690002,0.16,0.16,0.16,
09/30/1994,527.150024,,,-292.014008,,235.136017,,-201.860992,,,,,33.275002,199.271996,,6.193,,,,-205.464996,232.546998,-111.913002,120.634003,0.0,,,120.633996,0.0,120.634003,,,120.634003,120.634003,,208.507996,0.58,0.58,,208.507996,0.58,0.58,0.58,
12/31/1994,605.372009,,,-315.631012,,289.740997,,-228.335999,,,,,61.404999,-6.904,,5.276,,0.0,,1.628,54.500999,-13.818,40.682999,0.0,,,40.682999,0.0,40.682999,0.0,,40.682999,40.682999,,197.645996,0.205,0.205,0.205,197.645996,0.205,0.205,0.205,
03/31/1995,571.164978,,,-307.558014,,263.606964,,-206.089996,,,,,57.516998,-5.674,,7.344,,,,-1.67,51.842998,-24.483999,27.358999,0.0,,,27.358999,0.0,27.358999,0.0,,27.358999,27.358999,,195.651993,0.14,0.14,0.14,195.651993,0.14,0.14,0.14,
06/30/1995,609.97998,,,-316.855011,,293.124969,,-210.544006,,,,,82.581001,-4.158,,6.732,,,,-2.574,78.423001,-34.181,43.256001,0.0,,,44.242002,0.0,43.256001,0.0,,43.256001,43.256001,,193.559998,0.225,0.225,0.225,193.559998,0.225,0.225,0.225,
09/30/1995,572.710999,,,-322.776001,,249.934998,,-209.690002,,,,,40.244999,9.993,,5.577,,,,-15.57,50.237998,-18.032,32.206001,0.0,,,32.205999,0.0,32.206001,0.0,,32.206001,32.206001,,192.679993,0.165,0.165,0.165,192.679993,0.165,0.165,0.165,
12/31/1995,655.213013,,,-357.229004,,297.984009,,-245.578003,,,,,52.405998,0.929,,5.577,,,,-6.506,53.334998,-21.282,33.039001,0.0,,,32.052998,0.0,33.039001,-0.096,,32.943001,32.943001,,192.929992,0.17,0.17,0.175,192.929992,0.17,0.17,0.175,
03/31/1996,627.575012,,,-347.516998,,280.058014,,-219.434998,,,,,60.623001,-1.756,,6.438,,,,-4.682,58.867001,-26.153,32.714001,0.0,,,32.714001,0.0,32.714001,0.0,,32.714001,32.714001,,195.306,0.165,0.165,0.165,196.800003,0.165,0.165,0.165,
06/30/1996,649.505981,,,-338.059998,,311.445984,,-228.925995,,,,,82.519997,3.999001,,5.962,,,,-9.961,86.518997,-39.707001,46.812,0.0,,,46.811996,0.0,46.812,0.0,,46.812,46.812,,195.507996,0.24,0.24,0.235,197.800003,0.235,0.235,0.23,
09/30/1996,629.04303,,,-334.027008,,295.016022,,-232.149002,,,,,62.867001,-103.257997,,7.975,,,,95.282997,-40.390996,-7.293,-47.683998,0.0,,,-47.683997,0.0,-47.683998,0.0,,-47.683998,-47.683998,,194.016006,-0.245,-0.245,0.19,196.0,-0.245,-0.245,0.185,
12/29/1996,718.254028,,,-337.587006,,380.667022,,-294.38501,,,,,86.281998,6.632,,6.055,,,,-12.687,92.913998,-40.222,52.692001,0.0,,,52.691998,0.0,52.692001,-0.096,,52.596001,52.596001,20.475,193.518006,0.27,0.27,0.375,196.600006,0.27,0.27,0.375,
03/30/1997,692.460999,,,-346.485992,,345.975006,,-244.720001,,,,,101.254997,-7.003,,8.318,,,,-1.315,94.251997,-42.412998,51.839001,0.0,,,51.838999,0.0,51.839001,0.0,,51.839001,51.839001,,195.643997,0.26,0.26,0.27,199.207993,0.26,0.26,0.265,
06/29/1997,721.947021,,,-345.265991,,376.68103,,-249.332001,,,,,127.348999,-8.337,,11.389,,,,-3.052,119.011999,-34.063,84.948997,0.0,,,84.948999,0.0,84.948997,0.0,,84.948997,84.948997,,192.356003,0.44,0.44,0.345,196.119995,0.43,0.43,0.345,
09/28/1997,683.580994,,,-350.002991,,333.578003,,-242.242996,,,,,91.334999,-8.34,,11.699,,,,-3.359,82.994999,-36.766998,46.228001,0.0,,,46.228,0.0,46.228001,0.0,,46.228001,46.228001,,191.785995,0.24,0.24,0.24,195.621994,0.24,0.24,0.24,
12/28/1997,768.429016,,,-370.510986,,397.91803,,-262.755005,,,,,135.162994,5.943,13.633,13.633,,0.0,,-19.576,141.105994,-61.820999,79.285004,0.0,,,79.284995,0.0,79.285004,-0.072,0.0,79.213004,79.213004,-6.752,192.380004,0.41,0.41,0.375,196.906006,0.405,0.405,0.37,
03/29/1998,722.563,,,-329.982,,392.581,0.0,-276.211,276.211,,,0.0,116.37,-11.296,10.143,10.143,,,-4.371,5.524,115.217,-50.58,64.637,0.0,,,64.637,0.0,64.637,0.0,0.0,64.637,64.637,-3.00235,385.182,0.17,0.17,0.162206,394.306,0.165,0.165,0.157386,
06/28/1998,749.19,,,-334.486,,414.704,0.0,-269.59,269.59,,,0.0,145.114,-9.061,10.484,10.484,,,-3.907,2.484,146.537,-63.806,82.731,7.716,,,75.015,0.0,75.015,0.0,0.0,75.015,75.015,,383.06,0.195,0.215,0.201744,392.276,0.19,0.21,0.196744,
09/27/1998,682.728,,,-317.841,,364.887,0.0,-263.466,263.466,,,0.0,101.421,-5.001,10.337,,,,-5.336,0.0,96.42,-41.445,54.975,0.0,,,54.975,0.0,54.975,0.0,0.0,54.975,54.975,,188.546,0.29,0.29,0.29,192.284,0.29,0.29,0.29,
12/27/1998,782.225,,,-365.589,,416.636,,-264.321,,,,,152.315,-4.969,12.369,12.369,,0.0,,-7.4,147.346,-63.059,84.287,0.0,,,84.287,0.0,84.287,0.0,0.0,84.287,84.287,3.715,182.382,0.46,0.46,0.48,185.771,0.45,0.45,0.47,
03/28/1999,739.059,,,-329.796,,409.263,0.0,-294.022,294.022,,,0.0,115.241,-19.589,11.896,11.896,,0.0,-4.203,11.896,107.548,-46.138,61.41,0.0,,,61.41,0.0,61.41,0.0,0.0,61.41,61.41,,179.686,0.34,0.34,0.34,183.118,0.34,0.34,0.34,
06/27/1999,779.385,,,-337.228,,442.157,,-287.296,,,,,154.861,-22.417,12.841,12.841,,0.0,,9.576,132.444,-61.822,83.463,0.0,,,70.622,0.0,83.463,0.0,,83.463,83.463,,176.083,0.47,0.47,0.47,179.331,0.47,0.47,0.47,
09/26/1999,729.658,,,-312.987,,416.671,,-303.901,,,,,112.77,-8.048,12.936,,,0.0,,-4.888,104.722,-44.716,60.006,0.0,,,60.006,0.0,60.006,0.0,,60.006,60.006,,173.829,0.35,0.35,0.35,177.72,0.34,0.34,0.34,
12/28/1999,908.653992,,,-382.925995,,525.727997,,-337.317993,,,,,188.410004,20.264999,,,,0.0,,-20.264999,208.675003,-75.611,105.297997,0.0,,,133.064003,0.0,105.297997,0.0,,105.297997,105.297997,,172.628,0.61,0.61,0.61,176.975,0.59,0.59,0.59,
03/29/2000,821.81897,,,-346.841003,,474.977966,,-324.549988,,,,,150.427994,-11.715,,,,0.0,,11.715,138.712994,-58.258999,80.454002,-2.609,,,83.062995,0.0,83.063004,0.0,0.0,83.063004,83.063004,,172.960007,0.48,0.47,0.47,177.154999,0.47,0.46,0.46,
06/25/2000,857.464,,,-352.218,,505.246,0.0,-328.96,328.96,,,0.0,176.286,-11.568,15.19,,,0.0,-3.622,0.0,164.718,-68.572,96.146,-5.592,,,101.738,0.0,101.738,0.0,0.0,101.738,101.738,,169.501,0.6,0.57,0.57,173.047,0.59,0.56,0.56,
09/27/2000,787.289001,,,-353.252991,,434.036011,,-317.850006,,,,,116.185997,8.585,,,,0.0,,-8.585,124.770997,-49.805,74.966003,0.0,,,74.965997,0.0,74.966003,0.0,,74.966003,74.966003,,166.563995,0.45,0.45,0.38,169.903,0.44,0.44,0.37,
12/31/2000,907.445007,,,-381.575012,,525.869995,,-352.19101,,,,,173.679001,47.362999,,,,0.0,,-47.362999,221.042,-90.867996,134.673996,-1.199,,,131.373004,0.0,137.768997,0.0,,137.768997,137.768997,,162.939,0.85,0.84,0.69,165.65,0.83,0.82,0.68,
03/29/2001,778.151978,,,-349.149994,,429.001984,,-314.518005,,,,,114.484001,-12.649,,,,0.0,,12.649,101.835001,-41.752998,60.082001,-1.192,,,61.274003,0.0,61.273998,0.0,0.0,61.273998,61.273998,,161.889008,0.38,0.37,0.37,165.108994,0.37,0.36,0.36,
07/01/2001,760.282,,,-342.051,,418.231,,-370.02,,,,,48.211,-8.384,10.399,,,0.0,,-2.015,39.827,-15.611,24.216,-241.258,,,265.474,0.0,265.474,0.0,0.0,265.474,265.474,,158.758,1.67,0.15,0.15,161.687,1.64,0.15,0.15,
09/27/2001,696.893005,,,-327.872009,,369.020996,,-287.76001,,,,,81.261002,-7.584,,,,0.0,,7.584,73.677001,-29.839001,43.838001,0.0,,,43.838001,0.0,43.838001,0.0,0.0,43.838001,43.838001,,155.852997,0.28,0.28,0.3,158.880997,0.28,0.28,0.3,
12/31/2001,780.630005,,,-343.790985,,436.83902,,-306.393005,,,,,130.447006,-5.932,,,,0.0,,5.932,124.515006,-50.429001,74.085999,0.0,,,74.086005,0.0,74.085999,0.0,0.0,74.085999,74.085999,,151.828995,0.49,0.49,0.51,154.608002,0.48,0.48,0.5,
03/29/2002,737.096985,,,-337.127991,,399.968994,,-301.437988,,,,,98.530998,-9.236,,10.555,,0.0,,-1.319,89.294998,-34.825001,54.470001,0.0,,,54.469997,0.0,54.470001,0.0,0.0,54.470001,54.470001,,151.104004,0.36,0.36,0.39,154.248993,0.35,0.35,0.39,
06/30/2002,772.211,,,-324.663,,447.548,,-305.82,,,,,141.728,-24.212,11.6,11.6,,0.0,,12.612,117.516,-50.355,78.761,0.0,,,67.161,0.0,78.761,0.0,0.0,78.761,78.761,,151.789,0.52,0.52,0.52,155.555,0.51,0.51,0.51,
09/27/2002,729.500977,,,-332.463989,,397.036987,,-284.664001,,,,,112.373001,-15.629,,11.747,,0.0,,3.882,96.744001,-37.73,59.014,0.0,,,59.014002,0.0,59.014,0.0,0.0,59.014,59.014,,151.667999,0.39,0.39,0.39,154.699005,0.38,0.38,0.38,
12/31/2002,840.197998,,,-373.869995,,466.328003,,-274.09201,,,,,192.235992,-16.004,,11.533,,0.0,,4.471,176.231992,-68.730003,107.501999,0.0,,,107.501989,0.0,107.501999,0.0,0.0,107.501999,107.501999,,151.690994,0.71,0.71,0.71,154.731995,0.69,0.69,0.69,
03/29/2003,783.73999,,,-351.458008,,432.281982,,-309.987,,,,,122.294998,-8.5,,11.802,,0.0,,-3.302,113.794998,-44.949001,68.846001,0.0,,,68.845997,0.0,68.846001,0.0,0.0,68.846001,68.846001,,151.845001,0.45,0.45,0.45,154.598007,0.45,0.45,0.45,
06/29/2003,801.890991,,,-351.04599,,450.845001,,-320.787994,,,,,130.057007,-9.679,,11.484,,0.0,,-1.805,120.378007,-47.549,72.829002,0.0,,,72.829007,0.0,72.829002,0.0,0.0,72.829002,72.829002,,150.729996,0.48,0.48,0.48,153.403,0.47,0.47,0.47,
09/27/2003,759.286987,,,-350.858002,,408.428986,,-315.691986,,,,,92.737,-9.894,,11.138,,0.0,,-1.244,82.843,-32.723,50.119999,0.0,,,50.12,0.0,50.119999,0.0,0.0,50.119999,50.119999,,149.304993,0.34,0.34,0.34,151.606003,0.33,0.33,0.33,
12/31/2003,882.281982,,,-375.433014,,506.848969,,-312.388,,,,,194.460999,-11.629999,,16.775999,,0.0,,-5.146,182.830999,-72.541,110.290001,0.0,,,110.289999,0.57,110.860001,0.0,0.0,110.860001,110.860001,,149.261993,0.74,0.74,0.74,151.774994,0.73,0.73,0.73,
03/29/2004,801.94397,,,-367.479004,,434.464966,,-325.303009,,,,,109.162003,-12.488,,10.32,,0.0,,2.168,96.674003,-38.238998,58.435001,0.0,,,58.435004,0.0,58.435001,0.0,0.0,58.435001,58.435001,,149.925003,0.39,0.39,0.39,152.460007,0.38,0.38,0.38,
06/27/2004,823.93103,,,-365.459015,,458.472015,,-326.714996,,,,,131.757004,-6.542,,10.353,-0.253,0.0,,-3.558,125.215004,-49.537998,75.677002,0.0,,,75.677006,0.0,75.677002,0.0,0.0,75.677002,75.677002,,148.626007,0.51,0.51,0.51,150.901993,0.5,0.5,0.5,
09/26/2004,773.830017,,,-364.569,,409.261017,,-324.969971,,,,,84.291,-4.399,,10.08,-0.452,0.0,,-5.229,79.892001,-31.620001,48.271999,0.0,,,48.272,0.0,48.271999,0.0,0.0,48.271999,48.271999,,146.468994,0.33,0.33,0.32,147.964005,0.33,0.33,0.32,
12/26/2004,903.937,,,-207.069,,696.868,,-341.153,,,,,355.715,-14.347,14.347,26.362,-1.695,,,-14.407,345.455,-64.102,281.353,0.0,,,281.353,-0.208,281.145,0.0,0.0,281.145,281.145,,145.248,1.93562,1.93562,1.93562,146.102,1.924306,1.924306,1.924306,
03/27/2005,805.583,,,-376.931,,428.652,0.0,-343.526,343.526,,,0.0,85.126,109.7,11.97,12.814,-0.844,0.0,0.248,-121.918,194.826,-83.658,111.168,0.0,,,111.168,-0.119,111.049,0.0,0.0,111.049,111.049,,145.868,0.761298,0.761298,-0.546302,146.771,0.756614,0.756614,-0.546302,
06/26/2005,845.06897,,,-378.876007,,466.192963,,-359.651001,,,,,106.542,-7.456,,15.194,-0.896,0.0,,-6.842,99.085999,-38.110001,60.976002,0.0,,,60.975999,-0.161,60.814999,0.0,0.0,60.814999,60.814999,,145.524002,0.42,0.42,0.49,146.003006,0.42,0.42,0.49,
09/25/2005,757.803,,,-364.968,,392.835,,-353.448,,,,,39.387,-5.427,14.774,15.739,-0.965,0.0,,-9.347,33.96,-14.404,19.556,-3.358,,,22.914,0.167,23.081,0.0,0.0,23.081,23.081,7.5,145.214,0.16,0.14,0.191,145.602,0.16,0.14,0.191,
12/25/2005,822.673,,,-348.113,,474.56,,-386.065,,,,,88.495,-8.821,,16.271,-1.757,0.0,,-5.693,79.674,-27.804,51.87,-6.802,,,58.672,-0.144,58.528,0.0,0.0,58.528,58.528,,145.132,0.4,0.35,0.57,145.132,0.4,0.35,0.57,
03/26/2006,799.197,,,-356.746,,442.451,,-381.986,,,,,60.465,-10.557,15.361,17.318,-1.957,0.0,,-4.804,49.908,-19.475,30.433,-1.886,,,32.319,0.093,32.412,0.0,0.0,32.412,32.412,,145.165,0.22,0.21,0.25,145.361,0.22,0.21,0.25,
06/25/2006,819.636,,,-354.329,,465.307,,-379.064,,,,,86.243,-4.464,16.414,18.661,-2.247,0.0,,-11.95,81.779,-28.156,53.623,-5.714,,,59.337,0.244,59.581,0.0,0.0,59.581,59.581,5.3,144.792,0.41,0.37,0.41,144.943,0.41,0.37,0.41,
09/24/2006,739.586,,,-344.098,,395.488,,-377.603,,,,,17.885,-5.919,17.125,19.0,-1.875,0.0,,-11.206,11.966,-3.926,8.04,-4.29,,,12.33,0.267,12.597,0.0,0.0,12.597,12.597,8.6,144.454,0.09,0.06,0.12,144.568,0.09,0.06,0.12,
12/31/2006,931.484,,,,,,0.0,,,,,,-685.204,-10.371,30.159,32.01,-1.851,0.0,-1.255,-18.533,-695.575,34.949,-660.626,-12.838,,,-647.788,-0.245,-648.033,0.0,0.0,-648.033,-648.033,,143.906,-4.5,-4.59,0.55,143.906,-4.5,-4.59,0.55,
04/01/2007,786.02,,,-345.025,,440.995,,-386.498,,,,,54.497,-13.481,17.25,18.304,-1.054,0.0,,-3.769,41.016,-20.899,20.117,-3.776,,,23.893,0.009,23.902,0.0,0.0,23.902,23.902,,143.905,0.17,0.14,0.25,144.077,0.17,0.14,0.25,
07/01/2007,788.943,,,-325.922,,463.021,,-351.548,,,,,111.473,-70.537,13.327,14.005,-0.678,0.0,,57.21,40.936,-18.851,22.085,-96.307,,,118.392,-0.024,118.368,0.0,0.0,118.368,118.368,,143.906,0.82,0.15,0.81,144.114,0.82,0.15,0.81,
09/30/2007,754.359,,,-331.962,,422.397,,-394.292,,,,,28.105,-5.058,12.064,13.276,-1.212,0.0,,-7.006,23.047,-8.991,14.056,0.671,,,13.385,0.054,13.439,0.0,0.0,13.439,13.439,6.71,143.902,0.09,0.1,0.15,144.112,0.09,0.1,0.15,
12/30/2007,865.755,,,-338.187,,527.568,0.0,-415.058,368.368,,,46.69,112.51,-32.54,10.918,11.36,-0.442,0.0,10.622,11.0,79.97,-27.396,52.574,-0.353,,,52.927,0.068,52.995,0.0,0.0,52.995,52.995,,143.853,0.37,0.37,0.44,144.06,0.37,0.37,0.44,
03/30/2008,747.855,,,-340.564,,407.291,,-382.785,,,,,24.506,-31.829,12.801,12.841,-0.04,0.0,,19.028,-7.323,7.692,0.369,0.6,,,-0.231,-0.104,-0.335,0.0,0.0,-0.335,-0.335,,143.76,0.0,0.0,0.08,144.006,0.0,0.0,0.08,
06/29/2008,741.905,,,-324.399,,417.506,,-377.251,,,,,40.255,-1.939,12.51,12.568,-0.058,0.0,,-10.571,38.316,-17.251,21.065,-0.289,,,21.354,-0.213,21.141,0.0,0.0,21.141,21.141,,143.776,0.15,0.15,0.15,144.037,0.15,0.15,0.15,
09/28/2008,687.042,,,-322.246,,364.796,,-354.81,,,,,9.986,-165.196,12.173,12.222,-0.049,0.0,,153.023,-155.21,40.36,-114.85,-8.611,,,-106.239,-0.054,-106.293,0.0,0.0,-106.293,-106.293,,143.782,-0.74,-0.8,0.007,143.782,-0.74,-0.8,0.007,
12/28/2008,769.499,,,-326.64,,442.859,0.0,-360.749,324.814,,,35.935,82.11,-29.643,25.482,26.398,-0.916,0.0,-1.798,5.959,52.467,-24.899,27.568,-0.21,,,27.778,-0.13,27.648,0.0,0.0,27.648,27.648,12.4527,143.791,0.19,0.19,0.276602,144.073,0.19,0.19,0.276433,
03/29/2009,607.133,561.752,45.381,-289.73,289.73,317.403,0.0,-379.091,325.987,,36.741,16.363,-61.688,-13.743,18.146,18.257,-0.111,,-4.403,0.0,-75.431,1.171,-74.26,-0.031,-0.031,0.0,-74.229,-0.239,-74.468,0.0,0.0,-74.468,-37.704,36.795,143.907,-0.52,-0.52,-0.262003,143.907,-0.52,-0.52,-0.264314,
06/28/2009,582.693,543.02,39.673,-253.089,253.089,329.604,0.0,-306.122,264.886,,34.391,6.845,23.482,-22.472,21.656,21.976,-0.32,,-8.434,9.25,1.01,38.2,39.21,0.086,0.086,0.0,39.124,-0.06,39.064,0.0,0.0,39.064,50.56,11.41,143.981,0.27,0.27,0.351157,144.626,0.27,0.27,0.348893,
09/27/2009,569.462,530.657,38.805,-240.256,240.256,329.206,0.0,-352.899,250.681,,31.306,70.912,-23.693,-13.53,21.028,21.646,-0.618,,-7.498,0.0,-37.223,2.482,-34.741,0.994,0.994,0.0,-35.735,0.111,-35.624,0.0,0.0,-35.624,-36.03,-1.4,144.335,-0.25,-0.24,-0.249628,144.335,-0.25,-0.24,-0.2497,
12/27/2009,681.151,637.348,43.803,-238.155,238.155,442.996,0.0,-307.038,311.32,,31.258,-35.54,135.958,-20.539,20.871,21.245,-0.374,,-0.332,0.0,115.419,-44.059,71.36,-19.381,-19.381,0.0,90.741,0.178,90.919,0.0,0.0,90.919,76.40965,4.87165,144.53,0.63,0.5,0.528677,150.189,0.61,0.48,0.512437,
03/28/2010,587.867,549.521,38.346,-240.849,240.849,347.018,0.0,-294.36,263.971,,30.389,0.0,52.658,-11.473,20.584,20.964,-0.38,,-9.111,0.0,41.185,-27.027,14.158,0.0,0.0,0.0,14.158,-1.365,12.793,0.0,0.0,12.793,17.44705,4.65405,145.195,0.09,0.09,0.120163,153.924,0.08,0.08,0.110236,
06/27/2010,589.587,549.688,39.899,-236.802,236.802,352.785,0.0,-291.96,261.633,,30.327,0.0,60.825,-3.808,20.614,20.969,-0.355,,-7.678,-9.128,57.017,-25.435,31.582,-0.237,-0.237,0.0,31.819,0.214,32.033,0.0,0.0,32.033,27.396,-4.4,145.601,0.22,0.22,0.188158,152.962,0.21,0.21,0.181235,
09/26/2010,554.333,516.128,38.205,-237.384,237.384,316.949,0.0,-307.956,255.44,,30.1,22.416,8.993,-15.145,20.627,20.943,-0.316,,-5.482,0.0,-6.152,2.018,-4.134,0.224,0.224,0.0,-4.358,0.097,-4.261,0.0,0.0,-4.261,11.53088,15.56788,145.803,-0.03,-0.03,0.079085,145.803,-0.03,-0.03,0.076773,
12/26/2010,248.94,229.884,19.056,-91.439,91.439,157.501,0.0,-134.669,128.865,,5.804,0.0,22.832,-26.473,23.237,23.425,-0.188,,3.236,0.0,-3.641,17.127,13.486,-53.613,-53.613,0.0,67.099,0.04,67.139,0.0,0.0,67.139,14.82905,1.30305,145.945,0.460029,0.092679,0.101607,151.124,0.444264,0.089503,0.098125,
03/27/2011,500.664,465.859,34.805,-215.006,215.006,285.658,0.0,-259.739,234.066,,25.673,0.0,25.919,-24.442,24.591,24.75,-0.159,,5.749,-5.898,1.477,0.596,2.073,-3.153,-3.153,0.0,5.226,0.193,5.419,0.0,0.0,5.419,-0.734,-3.0,146.777,0.04,0.02,-0.005001,153.76,0.04,0.02,-0.005001,
06/26/2011,511.988,477.492,34.496,-209.848,209.848,302.14,0.0,-270.648,230.595,,26.6,13.453,31.492,-22.361,25.152,25.273,-0.121,,-2.791,0.0,9.131,-1.505,7.626,127.449,127.449,0.0,-119.823,0.105,-119.718,0.0,0.0,-119.718,14.82725,7.09625,147.176,-0.81,0.05,0.100745,151.802,-0.81,0.05,0.096747,
09/25/2011,451.569,419.109,32.46,-197.504,197.504,254.065,0.0,-233.016,209.269,,23.747,0.0,21.049,-2.215,20.039,20.146,-0.107,,1.068,-18.892,18.834,-12.44,6.394,-9.074,-9.074,0.0,15.468,0.217,15.685,0.0,0.0,15.685,-1.989,-8.6,147.355,0.11,0.05,-0.013498,151.293,0.1,0.04,-0.016843,
12/25/2011,149.339,154.902,-5.563,-36.612,36.612,112.727,0.0,-38.829,22.827,,13.269,2.733,73.898,-11.705,15.461,15.524,-0.063,,-3.756,0.0,62.193,-17.908,44.285,-16.641,-16.641,0.0,60.926,0.04,60.966,0.0,0.0,60.966,-53.9388,-98.2638,147.451,0.413466,0.300608,-0.365808,150.756,0.404402,0.294018,-0.365808,
03/25/2012,475.432,442.228,33.204,-203.335,203.335,272.097,0.0,-259.477,229.361,,30.116,0.0,12.62,-2.533,15.452,15.514,-0.062,,0.029,-12.948,10.087,-1.401,8.686,-33.391,-33.391,0.0,42.077,0.053,42.13,0.0,0.0,42.13,4.339,-4.4,147.867,0.28,0.06,0.029344,151.468,0.28,0.06,0.029344,
06/24/2012,489.802,453.519,36.283,-202.578,202.578,287.224,0.0,-243.156,220.236,,22.92,0.0,44.068,23.412,15.464,15.525,-0.061,,-1.079,-37.797,67.48,-29.44,38.04,125.689,125.689,0.0,-87.649,0.027,-87.622,0.0,0.0,-87.622,17.167,-20.9,148.005,-0.59,0.26,0.115989,149.799,-0.59,0.25,0.11048,
09/23/2012,355.337,335.619,19.718,-157.37,157.37,197.967,0.0,-189.053,169.459,,19.594,0.0,8.914,-15.08,15.49,15.582,-0.092,,-1.01,0.6,-6.166,3.187,-2.979,-5.703,-5.703,0.0,2.724,0.021,2.745,0.0,0.0,2.745,-1.968,0.99,148.254,0.02,-0.02,-0.013275,148.254,0.02,-0.02,-0.013322,
12/30/2012,468.114,442.584,25.53,-177.44,177.44,290.674,0.0,-255.27,186.501,,18.492,50.277,35.404,149.075,16.402,16.597,-0.195,,-0.847,-164.63,184.479,-66.171,118.308,-60.08,-60.08,0.0,178.388,-0.267,178.121,0.0,0.0,178.121,20.641,-97.4,148.461,1.2,0.8,0.139033,154.685,1.15,0.76,0.130333,
03/31/2013,380.675,359.02,21.655,-156.734,156.734,223.941,0.0,-195.81,176.872,,18.938,0.0,28.131,-16.941,14.071,14.414,-0.343,,2.87,0.0,11.19,-5.082,6.108,2.785,2.785,0.0,3.323,0.249,3.572,0.0,0.0,3.572,9.257,2.9,148.71,0.02,0.04,0.062249,155.27,0.02,0.04,0.058677,
06/30/2013,390.957,370.004,20.953,-153.069,153.069,237.888,0.0,-191.664,172.914,,18.75,0.0,46.224,-15.049,14.644,14.992,-0.348,,0.405,0.0,31.175,-13.813,17.362,-2.775,-2.775,0.0,20.137,-0.006,20.131,0.0,0.0,20.131,19.056,1.7,148.797,0.14,0.12,0.128067,156.511,0.13,0.11,0.120862,
09/29/2013,361.738,342.174,19.564,-152.595,152.595,209.143,0.0,-196.288,169.824,,20.293,6.171,12.855,-15.577,15.454,15.849,-0.395,,0.123,0.0,-2.722,-2.578,-5.3,18.987,18.987,0.0,-24.287,0.061,-24.226,0.0,0.0,-24.226,-4.839,0.4,150.033,-0.16,-0.03,-0.032253,150.033,-0.16,-0.03,-0.032253,
12/29/2013,443.86,419.766,24.094,-164.515,164.515,279.345,0.0,-210.468,186.744,,20.496,3.228,68.877,-13.721,13.904,14.331,-0.427,,-0.183,0.0,55.156,-16.419,38.737,-26.944,-26.944,0.0,65.681,-0.055,65.626,0.0,0.0,65.626,42.982,4.3,150.162,0.44,0.26,0.286238,160.013,0.41,0.24,0.266873,
03/30/2014,390.408,368.935,21.473,-158.983,158.983,231.425,0.0,-209.366,186.724,,20.092,2.55,22.059,-15.448,13.301,14.241,-0.94,,2.147,0.0,6.611,-3.764,2.847,0.994,0.994,0.0,1.853,-0.11,1.743,0.0,0.0,1.743,6.1945,3.4575,150.612,0.01,0.02,0.041129,161.92,0.01,0.02,0.041129,
06/29/2014,388.719,367.064,21.655,-157.944,157.944,230.775,0.0,-214.278,185.584,,19.169,9.525,16.497,-13.18,13.205,14.199,-0.994,,-0.025,0.0,3.317,5.743,9.06,0.0,0.0,0.0,9.06,0.128,9.188,0.0,0.0,9.188,15.34404,6.15604,150.796,0.06,0.06,0.101754,161.868,0.06,0.06,0.098031,
09/28/2014,364.718,344.951,19.767,-161.177,161.177,203.541,0.0,-212.573,193.198,,19.375,0.0,-9.032,-13.655,15.254,16.25,-0.996,,-1.599,0.0,-22.687,10.247,-12.44,0.0,0.0,0.0,-12.44,-0.059,-12.499,0.0,0.0,-12.499,4.72566,17.22466,150.822,-0.08,-0.08,0.031333,150.822,-0.08,-0.08,0.031333,
12/28/2014,444.683,418.187,26.496,-165.891,165.891,278.792,0.0,-216.368,195.549,,20.819,0.0,62.424,-19.815,11.97,14.224,-2.254,,7.845,0.0,42.609,-8.685,33.924,0.092,0.092,0.0,33.832,1.043,34.875,0.0,0.0,34.875,40.567,5.6,150.779,0.23,0.23,0.269049,160.455,0.22,0.22,0.254901,
03/29/2015,384.239,362.701,21.538,-156.636,156.636,227.603,0.0,-238.667,178.797,,14.844,45.026,-11.064,-12.764,12.192,13.333,-1.141,,0.572,0.0,-23.828,9.407,-14.421,0.0,0.0,0.0,-14.421,0.159,-14.262,0.0,0.0,-14.262,13.438,27.7,163.988,-0.09,-0.09,0.081945,163.988,-0.09,-0.09,0.078915,
06/28/2015,382.886,361.727,21.159,-152.773,152.773,230.113,0.0,-192.062,176.252,,15.81,0.0,38.051,-10.132,9.776,10.959,-1.183,,0.356,0.0,27.919,-11.7,16.219,0.0,0.0,0.0,16.219,0.181,16.4,0.0,0.0,16.4,25.9158,9.5158,166.355,0.1,0.1,0.155786,168.316,0.1,0.1,0.155786,
09/27/2015,367.404,346.061,21.343,-152.031,152.031,215.373,0.0,-193.44,178.071,,15.369,0.0,21.933,-8.957,9.127,11.014,-1.887,,-0.17,0.0,12.976,-3.611,9.365,0.0,0.0,0.0,9.365,0.05,9.415,0.0,0.0,9.415,20.03386,10.61886,165.052,0.06,0.06,0.121379,166.981,0.06,0.06,0.121379,
12/27/2015,444.686,420.01,24.676,-156.372,156.372,288.314,0.0,-200.649,180.717,,15.574,4.358,87.665,-7.98,7.955,11.085,-3.13,,0.025,0.0,79.685,-28.006,51.679,0.0,0.0,0.0,51.679,0.014,51.693,0.0,0.0,51.693,55.893,4.2,162.179,0.32,0.32,0.344638,164.128,0.31,0.31,0.33559,
03/27/2016,379.515,357.674,21.841,-157.862,157.862,221.653,0.0,-193.718,178.246,,15.472,0.0,27.935,-50.722,8.826,11.059,-2.233,,41.896,0.0,-22.787,9.201,-13.586,0.0,0.0,0.0,-13.586,5.315,-8.271,0.0,0.0,-8.271,-6.071,2.2,161.003,-0.05,-0.05,-0.037707,161.003,-0.05,-0.05,-0.037707,
06/26/2016,372.63,350.635,21.995,-152.717,152.717,219.913,0.0,-210.772,172.069,,15.147,23.556,9.141,-9.509,9.097,11.046,-1.949,,0.412,0.0,-0.368,-0.124,-0.492,0.0,0.0,0.0,-0.492,0.281,-0.211,0.0,0.0,-0.211,19.3696,19.5806,161.128,0.0,0.0,0.120213,161.128,0.0,0.0,0.120213,
09/25/2016,363.547,341.997,21.55,-156.616,156.616,206.931,0.0,-197.958,184.596,,15.384,-2.022,8.973,-8.569,9.032,11.117,-2.085,,-0.463,0.0,0.404,-0.121,0.283,0.0,0.0,0.0,0.283,0.123,0.406,0.0,0.0,0.406,7.006,6.6,161.185,0.0,0.0,0.043466,162.945,0.0,0.0,0.040504,
12/25/2016,439.65,410.969,28.681,-162.16,162.16,277.49,0.0,-210.861,193.427,,15.72,1.714,66.629,-13.352,7.85,10.603,-2.753,,-5.572,11.074,53.277,-13.377,39.9,2.273,2.273,0.0,37.627,-0.483,37.144,0.0,0.0,37.144,85.24315,45.82615,161.236,0.23037,0.244468,0.528686,167.992,0.221106,0.234636,0.507424,
03/26/2017,398.804,372.403,26.401,-153.297,153.297,245.507,0.0,-217.692,199.137,,16.153,2.402,27.815,-3.958,5.325,7.444,-2.119,,-0.173,-1.194,23.857,-10.742,13.115,0.0,0.0,0.0,13.115,0.066,13.181,0.0,0.0,13.181,17.25975,4.07875,161.402,0.08,0.08,0.106936,162.592,0.08,0.08,0.105086,
06/25/2017,407.074,382.271,24.803,-149.694,149.694,257.38,0.0,-230.904,213.788,,15.131,1.985,26.476,-4.206,5.133,7.446,-2.313,,0.266,-1.193,22.27,-6.711,15.559,0.0,0.0,0.0,15.559,0.04,15.599,0.0,0.0,15.599,36.43116,20.83216,161.787,0.1,0.1,0.22518,163.808,0.09,0.09,0.217174,
09/24/2017,385.635,360.271,25.364,-150.154,150.154,235.481,0.0,-203.661,185.442,,15.677,2.542,31.82,28.09,4.66,7.412,-2.752,,-31.557,-1.193,59.91,-23.42,36.49,0.488,0.488,0.0,36.002,-3.673,32.329,0.0,0.0,32.329,37.06475,4.24775,162.173,0.2,0.2,0.228551,164.405,0.2,0.2,0.225837,
12/31/2017,484.126,451.999,32.127,-163.197,163.197,320.929,0.0,-230.449,216.698,0.0,14.91,-1.159,90.48,-85.293,4.665,7.378,-2.713,,12.823,67.805,5.187,-63.083,-57.896,-0.057,-0.057,0.0,-57.839,1.026,-56.813,0.0,0.0,-56.813,63.41265,120.28265,162.311,-0.35,-0.350377,0.390686,162.311,-0.35,-0.350377,0.390686,
04/01/2018,413.948,386.24,27.708,-154.341,154.341,259.607,0.0,-225.552,208.623,,15.041,1.888,34.055,-6.89,4.877,7.679,-2.802,,-0.015,2.028,27.165,-5.251,21.914,0.0,0.0,0.0,21.914,-0.002,21.912,0.0,0.0,21.912,26.95299,5.04099,164.094,0.13,0.13,0.164253,166.237,0.13,0.13,0.160324,
07/01/2018,414.56,379.83,34.73,-155.857,155.857,258.703,0.0,-218.701,203.368,,14.081,1.252,40.002,-6.407,4.536,7.653,-3.117,,0.008,1.863,33.595,-9.999,23.596,0.0,0.0,0.0,23.596,0.001,23.597,0.0,0.0,23.597,26.78465,3.18765,165.027,0.14,0.14,0.162305,166.899,0.14,0.14,0.159099,
09/30/2018,417.346,379.473,37.873,-163.434,163.434,253.912,0.0,-212.469,202.473,,14.847,-4.851,41.443,-6.377,4.026,7.862,-3.836,,0.016,2.335,35.066,-10.092,24.974,0.0,0.0,0.0,24.974,0.002,24.976,0.0,0.0,24.976,22.91015,-2.06585,165.064,0.15,0.15,0.138796,166.966,0.15,0.15,0.137627,
12/30/2018,502.744,455.281,47.463,-180.544,180.544,322.2,0.0,-247.533,231.127,0.0,15.042,1.364,74.667,5.598,3.127,7.882,-4.755,,-10.773,2.048,80.265,-23.289,56.976,0.0,0.0,0.0,56.976,-1.777,55.199,0.0,0.0,55.199,51.52523,-3.67377,165.154,0.33,0.33,0.311983,167.249,0.33,0.33,0.308034,
03/31/2019,439.062,395.898,43.164,-239.359,239.359,199.703,0.0,-165.105,126.459,23.728,14.918,0.0,34.598,-3.138,1.303,7.908,-6.605,,,1.835,31.46,-1.304,30.156,0.0,0.0,0.0,30.156,0.0,30.156,0.0,0.0,30.156,32.40987,2.25387,165.674,0.18,0.18,0.195624,167.129,0.18,0.18,0.193486,
06/30/2019,436.258,391.217,45.041,-173.014,173.014,263.244,0.0,-225.311,210.131,,15.18,0.0,37.933,-3.347,1.514,6.924,-5.41,,0.0,1.833,34.586,-9.415,25.171,0.0,0.0,0.0,25.171,0.0,25.171,0.0,0.0,25.171,27.12467,1.95367,166.152,0.15,0.15,0.163252,167.549,0.15,0.15,0.16166,
09/29/2019,428.501,380.833,47.668,-178.776,178.776,249.725,0.0,-224.639,207.226,,15.45,1.963,25.086,-2.589,0.755,5.833,-5.078,,0.0,1.834,22.497,-6.07,16.427,0.0,0.0,0.0,16.427,0.0,16.427,0.0,0.0,16.427,19.21886,2.79186,166.148,0.1,0.1,0.115673,167.555,0.1,0.1,0.115673,
12/29/2019,508.363,446.581,61.782,-186.482,186.482,321.881,0.0,-243.916,228.803,0.0,15.113,0.0,77.965,-2.048,0.248,4.735,-4.487,,0.0,1.8,75.917,-7.705,68.212,0.0,0.0,0.0,68.212,0.0,68.212,0.0,0.0,68.212,70.79293,2.58093,166.239,0.41,0.41,0.42585,167.728,0.41,0.41,0.425388,
03/29/2020,443.636,391.571,52.065,-243.672,243.672,199.964,0.0,-172.644,126.657,30.802,15.185,0.0,27.32,11.54,-13.854,0.185,-14.039,,,2.314,38.86,-6.006,32.854,0.0,0.0,0.0,32.854,0.0,32.854,0.0,0.0,32.854,34.27047,1.41647,166.549,0.2,0.2,0.205768,167.845,0.2,0.2,0.205768,
06/28/2020,403.75,360.949,42.801,-230.147,230.147,173.603,0.0,-144.797,98.429,30.737,15.631,0.0,28.806,0.637,-2.786,0.179,-2.965,,,2.149,29.443,-5.781,23.662,0.0,0.0,0.0,23.662,0.0,23.662,0.0,0.0,23.662,29.74895,6.08695,166.869,0.14,0.14,0.178277,168.083,0.14,0.14,0.176214,
09/30/2020,411.8,,,,,,,,,,,,20.633,,,,,,,,26.967,,,,,,,,,,,,19.05,,,,,0.11,,,,0.11,
12/31/2020,497.0,,,,,,,,,,,,75.733,,,,,,,,80.233,,,,,,,,,,,,61.4,,,,,0.333,,,,0.333,
