Date,Revenue,Sales & Services Revenue,Cost of Revenue,Cost of Goods & Services,Depreciation & Amortization,Gross Profit,Other Operating Income,Operating Expenses,Other Operating Expense,Operating Income (Loss),Non-Operating (Income) Loss,"Interest Expense, Net",Interest Expense,Interest Income,Foreign Exch (Gain) Loss,(Income) Loss from Affiliates,Other Non-Op (Income) Loss,Pretax Income,Income Tax Expense (Benefit),Income (Loss) from Cont Ops,Net Extraordinary Losses (Gains),Discontinued Operations,XO & Accounting Changes,Income (Loss) Incl. MI,Minority Interest,"Net Income, GAAP",Preferred Dividends,Other Adjustments,"Net Income Avail to Common, GAAP","Net Income Avail to Common, Adj",Net Abnormal Losses (Gains),Basic Weighted Avg Shares,"Basic EPS, GAAP",Basic EPS from Cont Ops,"Basic EPS from Cont Ops, Adjusted",Diluted Weighted Avg Shares,"Diluted EPS, GAAP",Diluted EPS from Cont Ops,"Diluted EPS from Cont Ops, Adjusted",Source: Bloomberg
11/30/1989,141.391998,,,,,,,-125.665001,,15.727,-5.158,,6.576,,0.0,,-1.418,10.569,-3.758,6.811,0.0,,,6.811,0.0,6.811,-0.107,,6.704,6.704,,108.407997,0.06125,0.06125,,108.407997,0.06125,0.06125,0.06125,
02/28/1990,266.431,,,,,,,-222.507996,,43.923,-6.839,,8.27,,0.0,,-1.431,37.084,-13.728,23.356001,0.0,,,23.356,0.0,23.356001,-0.107,,23.249001,23.249001,,107.164001,0.2175,0.2175,,107.164001,0.2175,0.2175,0.2175,
05/31/1990,155.070999,,,,,,,-134.130997,,20.940001,-6.446,,7.686,,0.0,,-1.24,14.494001,-6.098,8.396,0.0,,,8.396001,0.0,8.396,-0.107,,8.289,8.289,,106.959999,0.0775,0.0775,,106.959999,0.0775,0.0775,0.0775,
08/31/1990,105.084999,,,,,,,-107.939003,,-2.854,-6.111,,7.18,,0.0,,-1.069,-8.965,3.362,-5.603,0.0,,,-5.603,0.0,-5.603,-0.107,,-5.71,-5.71,,106.508004,-0.0525,-0.0525,-0.0525,106.508004,-0.0525,-0.0525,-0.0525,
11/30/1990,141.121994,,,,,,,-127.068001,,14.054,-5.845,,6.999,,0.0,,-1.154,8.209,-3.281,4.928,0.0,,,4.928,0.0,4.928,-0.107,,4.821,4.821,,106.508003,0.045,0.045,,106.508003,0.045,0.045,0.045,
02/28/1991,279.807007,,,,,,,-227.332993,,52.473999,-7.303,,8.393,,0.0,,-1.09,45.170999,-17.184999,27.986,0.0,,,27.986,0.0,27.986,-0.107,,27.879,27.879,,106.508003,0.2625,0.2625,,106.508003,0.2625,0.2625,0.2625,
05/31/1991,146.537994,,,,,,,-134.694,,11.844,-6.164,,7.097,,0.0,,-0.933,5.68,-2.079,3.601,0.0,,,3.601,0.0,3.601,-0.107,,3.494,3.494,,106.5,0.0325,0.0325,,106.5,0.0325,0.0325,0.0325,
08/31/1991,122.000999,,,,,,,-116.156998,,5.844,-7.161,,8.06,,0.0,,-0.899,-1.317,0.744,-0.573,0.0,,,-0.573,0.0,-0.573,-0.107,,-0.68,-0.68,,106.484,-0.0075,-0.0075,-0.0075,106.484,-0.0075,-0.0075,-0.0075,
11/30/1991,154.847,,,,,,,-137.641998,,17.205,-7.982,,9.024,,0.0,,-1.042,9.223,-3.616,5.607,0.0,,,5.607,0.0,5.607,-0.107,,5.5,5.5,,106.363998,0.0525,0.0525,,106.363998,0.0525,0.0525,0.0525,
02/29/1992,264.628998,,,,,,,-219.787994,,44.841,-7.64,,8.501,,0.0,,-0.861,37.200999,-13.877,23.323999,0.0,,,23.323999,0.0,23.323999,-0.107,,23.216999,23.216999,,106.356003,0.2175,0.2175,,106.356003,0.2175,0.2175,0.2175,
05/31/1992,150.505997,,,,,,,-138.487,,12.019,-8.11,,8.86,,0.0,,-0.75,3.909,-1.273,2.636,0.0,,,2.636,0.0,2.636,-0.107,,2.529,2.529,,106.491997,0.025,0.025,,106.491997,0.025,0.025,0.025,
08/31/1992,107.155998,,,,,,,-97.370003,,9.786,-8.663,,9.17,,0.0,,-0.507,1.123,-0.111,1.012,0.0,,,1.012,0.0,1.012,-0.107,,0.905,0.905,,106.503996,0.0075,0.0075,0.0075,106.503996,0.0075,0.0075,0.0075,
11/30/1992,159.449997,,,,,,,-142.158005,,17.292,-8.949,,8.949,,0.0,,,8.342999,-2.346,5.997,0.0,,,5.997,0.0,5.997,-0.107,,5.89,5.89,,106.515999,0.055,0.055,,106.515999,0.055,0.055,0.055,
02/28/1993,313.884003,,,,,,,-255.860001,,58.023998,-9.431,,9.431,,0.0,,,48.592999,-17.363001,31.23,0.0,,,31.229998,0.0,31.23,-0.107,,31.123,31.123,,106.519997,0.2925,0.2925,,106.519997,0.2925,0.2925,0.2925,
05/31/1993,187.537994,,,,,,,-172.925003,,14.613,-10.448,,10.448,,0.0,,,4.165,-1.415,2.75,0.0,,,2.75,0.0,2.75,-0.107,,2.643,2.643,,106.536003,0.025,0.025,,106.536003,0.025,0.025,0.025,
08/31/1993,128.237,,,,,,,-121.655998,,6.581,-8.452,,7.542,,0.0,,0.91,-1.871,0.318,-1.553,0.0,,,-1.553,0.0,-1.553,-0.107,,-1.66,-1.66,,106.519996,-0.015,-0.015,-0.015,106.519996,-0.015,-0.015,-0.015,
11/30/1993,177.190994,,,,,,,-155.804993,,21.386,-8.78,,8.78,,0.0,,,12.606,-4.794,7.812,0.0,,,7.812,0.0,7.812,-0.107,,7.705,7.705,,106.536003,0.0725,0.0725,,106.536003,0.0725,0.0725,0.0725,
02/28/1994,295.444,,,,,,,-243.544006,,51.900002,-8.995,,8.995,,0.0,,,42.905002,-16.518,26.386999,0.0,,,26.387002,0.0,26.386999,-0.107,,26.279999,26.279999,,106.723999,0.245,0.245,,106.723999,0.245,0.245,0.245,
05/31/1994,190.479996,,,,,,,-173.873993,,16.606001,-8.458,,8.458,,0.0,,,8.148001,-2.456,5.692,0.0,,,5.692001,0.0,5.692,-0.107,,5.585,5.585,,106.760002,0.0525,0.0525,,106.760002,0.0525,0.0525,0.0525,
08/31/1994,129.268005,,,,,,,-127.129997,,2.138,-8.52,,8.52,,0.0,,,-6.382,2.672,-3.71,0.0,,,-3.71,0.0,-3.71,-0.107,,-3.817,-3.817,,106.764,-0.035,-0.035,-0.035,106.764,-0.035,-0.035,-0.035,
11/30/1994,165.779999,,,,,,,-143.873001,,21.907,-9.284,,9.284,,0.0,,,12.622999,-4.835,7.788,0.0,,,7.787999,0.0,7.788,-0.107,,7.681,7.681,,106.760002,0.0725,0.0725,,106.760002,0.0725,0.0725,0.0725,
02/28/1995,286.5,,,,,,,-230.563004,,55.937,-9.84,,9.84,,0.0,,,46.097,-17.809999,28.287001,0.0,,,28.287001,0.0,28.287001,-0.107,,28.180001,28.180001,,106.848,0.2625,0.2625,,106.848,0.2625,0.2625,0.2625,
05/31/1995,302.277008,,,,,,,-279.023987,,23.253,-9.403,,9.403,,0.0,,,13.85,-4.81,9.04,0.0,,,9.04,0.0,9.04,-0.107,,8.933,8.933,,108.080002,0.0825,0.0825,,108.080002,0.0825,0.0825,0.0825,
08/31/1995,199.638,,,,,,,-195.222,,4.416,-8.84,,8.752,,0.0,,0.088,-4.424,2.113,-2.311,0.0,,,-2.311,0.0,-2.311,-0.107,,-2.418,-2.418,,108.08,-0.0225,-0.0225,-0.0225,108.08,-0.0225,-0.0225,-0.0225,
11/30/1995,238.460007,,,,,,,-215.645004,,22.815001,-9.116,,9.116,,0.0,,,13.699,-5.276,8.423,0.0,,,8.423,0.0,8.423,-0.107,,8.316,8.316,,108.092003,0.0775,0.0775,,108.092003,0.0775,0.0775,0.0775,
02/29/1996,464.73999,,,,,,,-393.233002,,71.507004,-9.124,,9.124,,0.0,,,62.383004,-23.84,38.542999,0.0,,,38.543004,0.0,38.542999,-0.107,,38.435999,38.435999,,108.400002,0.355,0.355,,108.400002,0.355,0.355,0.355,
05/31/1996,289.682007,,,,,,,-261.846008,,27.836,-8.383,,8.383,,0.0,,,19.453,-7.746,11.707,0.0,,,11.707,0.0,11.707,-0.107,,11.6,11.6,,108.744003,0.105,0.105,,108.744003,0.105,0.105,0.105,
08/31/1996,231.462997,,,,,,,-232.585999,,-1.123,-8.539,,8.309,,0.0,,0.23,-9.662,3.825,-5.837,0.0,,,-5.837,0.0,-5.837,-0.107,,-5.944,-5.944,,108.928,-0.055,-0.055,-0.055,108.928,-0.055,-0.055,-0.055,
11/30/1996,248.751999,,-164.416,,,84.335999,,-55.658001,,28.677999,-8.839,,8.839,,0.0,,,19.839,-7.665,12.174,0.0,,,12.174,0.0,12.174,-0.107,,12.067,12.067,,109.220001,0.11,0.11,0.11,109.220001,0.11,0.11,0.11,
02/28/1997,473.653015,,-343.156006,,,130.497009,,-59.544998,,70.952003,-8.893,,8.893,,0.0,,,62.059004,-23.818001,38.241001,0.0,,,38.241003,0.0,38.241001,-0.107,,38.134001,38.134001,,109.512001,0.3475,0.3475,0.3475,109.512001,0.3475,0.3475,0.3475,
05/31/1997,231.626999,,-157.735001,,,73.891998,,-43.967999,,29.924,-7.981,,7.981,,0.0,,,21.943,-8.174,13.769,0.0,,,13.769,0.0,13.769,-0.071,,13.698,13.698,,111.587997,0.1225,0.1225,0.1225,111.587997,0.1225,0.1225,0.1225,
08/31/1997,207.895004,,-115.182999,,,92.712005,,-93.579002,,-0.867,-8.867,,8.867,,0.0,,,-9.734,4.818,-4.916,0.0,,,-4.916,0.0,-4.916,0.0,,-4.916,-4.916,,112.072,-0.0475,-0.0475,-0.0475,112.072,-0.0475,-0.0475,-0.0475,
11/30/1997,314.160004,,-226.466995,,,87.693008,,-59.207001,,28.486,-8.528,,8.528,,0.0,,,19.958,-7.438,12.52,0.0,,,12.52,0.0,12.52,0.0,,12.52,12.52,,113.071999,0.11,0.11,0.11,117.456001,0.1075,0.1075,0.1075,
02/28/1998,707.409973,,-501.968994,,,205.440979,,-88.835999,,116.605003,3.842,,10.802,,0.0,,-14.644,120.447003,-46.611,73.835999,0.0,,,73.836003,0.0,73.835999,-8.976,,64.859999,64.859999,,125.863998,0.515,0.515,0.515,206.304001,0.3575,0.3575,0.3575,
05/31/1998,444.048004,,-287.632996,,,156.415009,,-106.364998,,50.049999,-5.844,,5.844,,0.0,,,44.205999,-17.27,26.936001,0.0,,,26.935999,0.0,26.936001,-8.983,,17.953001,17.953001,,126.143997,0.1425,0.1425,0.1425,206.356003,0.13,0.13,0.13,
08/31/1998,355.140015,,-305.592987,,,49.547028,,-55.876999,,-6.33,-9.901,,9.901,,0.0,,,-16.231,4.734,-11.497,0.0,,,-11.497,0.0,-11.497,-9.02,,-20.517,-20.517,,126.344002,-0.1625,-0.162498,-0.1625,126.344002,-0.1625,-0.1625,-0.1625,
11/30/1998,387.471008,,-270.973999,,,116.497009,,-81.504997,,34.992001,-11.355,11.355,11.355,,0.0,,0.0,23.637001,-9.387,14.25,0.0,,,14.250001,0.0,14.25,-9.324,,4.926,4.926,,126.139999,0.04,0.04,0.04,126.311996,0.04,0.04,0.04,
02/28/1999,592.664001,,-395.084991,,,197.57901,,-72.442001,,125.137001,-12.009,12.009,12.009,,0.0,,0.0,113.128001,-44.596001,68.531998,0.0,,,68.532001,0.0,68.531998,-9.324,,59.207997,59.207997,,126.375999,0.4675,0.4675,0.4675,206.748001,0.3325,0.3325,0.3325,
05/31/1999,418.08,,-329.813,,,88.267,0.0,-43.101,,45.166,-12.985,,12.985,,,,,32.181,-10.985,21.196,,,,21.196,,21.196,-9.324,0.0,11.872,11.872,,126.536,0.095,0.095,0.095,126.56,0.095,0.095,0.095,
08/31/1999,648.779,,-423.199,,,225.58,,-151.249,,74.331,-16.663,21.116,21.116,,0.0,,-4.453,57.668,-22.525,35.143,0.0,,,35.143,0.0,35.143,-9.275,,25.868,25.868,,121.104,0.2125,0.2125,0.2125,200.932,0.175,0.175,0.175,
03/31/2000,821.819,,-670.327,,,151.492,,-46.566,,104.926,-5.573,21.985,21.985,,0.0,,-16.412,99.353,-38.446,60.907,-2.115,,,63.022,0.0,63.022,-9.275,0.0,53.747,53.747,,196.752,0.2675,0.262422,0.2675,196.756,0.2675,0.256751,0.2675,
06/30/2000,1383.53,,-1297.381,,,86.149,0.0,-12.116,,74.033,-27.261,,28.343,,,,-1.082,46.772,-19.61,27.162,,,,27.162,,27.162,-9.275,0.0,17.887,17.887,,116.784,0.1525,0.1525,0.1525,196.584,0.1375,0.1375,0.1375,
09/30/2000,1753.806,,-1563.953,,,189.853,0.0,-142.785,,47.068,-31.953,,32.337,,0.0,,-0.384,15.115,-5.029,10.086,,,,10.086,0.0,10.086,-9.275,0.0,0.811,0.811,,196.584,0.005,0.005,0.005,196.6,0.005,0.005,0.005,
12/31/2000,2683.703,,-2617.771,,,65.932,,41.974,,107.906,-35.368,35.965,35.965,,0.0,,-0.597,72.538,-27.201,45.337,0.0,,,45.337,0.0,45.337,-9.275,0.0,36.062,36.062,,393.264,0.115,0.115,0.115,393.376,0.115,0.115,0.115,
03/31/2001,2956.924,,-2760.858,,,196.066,,-53.02,,143.046,-34.236,37.535,37.535,,,,-3.299,108.81,-41.8,67.01,2.151,,,64.859,,64.859,-9.275,,55.584,55.584,,396.856,0.135,0.135,0.135,398.384,0.135,0.135,0.135,
06/30/2001,196.798996,,,,,,,-137.787003,,59.012001,-35.683001,,36.249001,,0.0,,-0.566,23.329,-7.84,15.489,-8.119,,,23.608001,0.0,23.608,-9.275,0.0,14.333,14.333,,198.813995,0.1,0.06,0.06,199.466003,0.1,0.06,0.06,
09/30/2001,187.093994,,,,,,,-136.959,,50.134998,-36.644999,,34.730999,,0.0,,1.914,13.489999,1.782,15.272,-3.515,,,18.786999,0.0,18.787001,-9.275,0.0,9.512001,9.512001,,199.042007,0.08,0.06,0.06,199.266006,0.08,0.06,0.06,
12/31/2001,1317.302,,-839.447,,,477.855,,-202.423,,51.742,-30.566,31.643,31.643,,0.0,,-1.077,21.176,-7.615,13.561,19.25,,,-5.689,0.0,-5.689,-9.275,0.0,-14.964,-14.964,,199.17,-0.03,-0.03,-0.03,199.52,-0.03,-0.03,-0.03,
03/31/2002,294.436,,-1267.152,,,-972.716,,-152.971,,141.465,-26.902,26.182,26.182,,0.0,,0.72,114.563,-42.87,71.693,-0.905,,,72.598,0.0,72.598,-9.275,0.0,63.323,63.323,,200.14,0.305,0.3,0.3,200.552,0.3,0.295,0.295,
06/30/2002,238.637,,,,,,,-159.346,,79.291,-22.722,,27.853,,0.0,,-5.131,56.569,-24.251,32.318,-3.065,,,35.383,0.0,35.383,-9.275,,26.108,26.108,,199.754,0.145,0.13,0.13,201.414,0.145,0.13,0.13,
09/30/2002,208.842,,,,,,,-145.058,,63.784,-36.003,,28.991,,0.0,,7.012,27.781,-10.405,17.376,-3.343,,,20.719,0.0,20.719,-9.275,0.0,11.444,11.444,,199.914,0.085,0.075,0.075,201.146,0.085,0.075,0.075,
12/31/2002,233.745,,,,,,,-146.807,,86.938,-27.39,23.379,23.379,,0.0,,4.011,59.548,-24.959,34.589,-3.335,,,37.924,0.0,37.924,-9.275,0.0,28.649,28.649,,199.504,0.165,0.15,0.15,201.112,0.165,0.15,0.15,
03/31/2003,1085.221,,-675.563,,,409.658,,-177.221,,232.437,-27.836,28.577,28.577,,0.0,,-0.741,204.601,-78.994,125.607,103.174,,,22.433,0.0,22.433,-15.166,0.0,7.267,7.267,,167.466,0.255,0.715,0.715,197.028,0.14,0.6,0.6,
06/30/2003,466.539,,-234.103,,,232.436,,-170.427,,62.009,-23.923,24.969,24.969,,0.0,,-1.046,38.086,-15.538,22.548,0.0,,,22.548,0.0,22.548,-5.045,0.0,17.503,17.503,,148.824,0.12,0.12,0.12,194.05,0.115,0.115,0.115,
09/30/2003,568.27,,-373.888,,,194.382,,-162.562,,31.82,-24.192,24.972,24.972,,0.0,,-0.78,7.628,-3.033,4.595,0.0,,,4.595,0.0,4.595,-4.0,0.0,0.595,0.595,,155.73,0.005,0.005,0.005,157.402,0.005,0.005,0.005,
12/31/2003,878.966,,-578.964,,,300.002,,-180.204,,119.798,-25.294,25.667,25.667,,0.0,,-0.373,94.504,-32.962,61.542,-1.37,,,62.912,0.0,62.912,0.0,0.0,62.912,62.912,,172.54,0.365,0.355,0.355,190.6,0.33,0.325,0.325,
03/31/2004,1030.575,,-637.816,,,392.759,0.0,-197.651,,195.108,-23.464,23.457,23.688,-0.231,0.0,,0.007,171.644,-66.491,105.153,0.0,,,105.153,,105.153,0.0,0.0,105.153,105.153,,198.232,0.53,0.53,0.565741,202.596,0.52,0.52,0.553555,
06/30/2004,632.138977,,-402.087006,,,230.051971,,-176.445999,,53.605999,-24.176999,24.948999,24.948999,,0.0,,-0.772,29.429,-11.64,17.789,0.0,,,17.788999,0.0,17.789,0.0,0.0,17.789,17.789,,205.089996,0.085,0.085,0.085,207.942001,0.085,0.085,0.085,
09/30/2004,1664.411011,,-1444.564941,,,219.846069,,-171.451004,,48.395,-20.834001,20.790001,21.148001,-0.358,0.0,,0.044,27.561,-11.01,16.551001,-4.288,,,20.839,0.0,20.839001,0.0,0.0,20.839001,20.839001,,205.828003,0.1,0.08,0.08,213.884003,0.095,0.075,0.075,
12/31/2004,2543.826,,-2196.952,,,346.874,,-177.524,,169.35,-21.106,,25.249,-0.47,0.0,,-3.673,148.244,-53.78,94.464,-3.933,,,98.397,0.0,98.397,0.0,0.0,98.397,98.397,,206.522,0.475,0.455,0.455,219.046,0.45,0.43,0.43,
03/31/2005,2707.04,,-2336.643,,,370.397,,-184.019,,186.378,-21.574,26.09,26.09,,0.0,,-4.516,164.804,-63.026,101.778,-5.886,,,107.664,0.0,107.664,0.0,0.0,107.664,107.664,,207.332,0.52,0.49,0.49,222.002,0.485,0.46,0.46,
06/30/2005,2080.79,,-2028.608,,,52.182,,,,52.182,-23.992,23.716,23.991,-0.275,0.0,,0.276,28.19,-11.116,17.074,-7.778,,,24.852,0.0,24.852,0.0,0.0,24.852,24.852,,202.286,0.125,0.085,0.085,218.124,0.115,0.08,0.08,
09/30/2005,3192.207,,-3082.141,,,110.066,,,,110.066,-37.716,41.298,41.601,-0.303,,,-3.582,72.35,-27.736,44.614,-131.773,,,176.387,,176.387,,,176.387,176.387,,199.788,0.885,0.225,0.225,217.204,0.81,0.205,0.205,
12/31/2005,4696.193,,-4245.848,,,450.345,,,,450.345,-73.576,55.926,55.926,,0.0,,17.65,376.769,-140.643,236.126,-1.516,,,237.642,0.0,237.642,0.0,0.0,237.642,237.642,,194.886,1.22,1.23,1.23,206.722,1.15,1.16,1.16,
03/31/2006,3847.704,,-3346.419,,,501.285,,,,270.376,-24.724,55.585,55.585,,0.0,,-30.861,245.652,-80.141,165.511,0.247,,,165.264,-35.772,129.492,,,129.492,129.492,-0.874,214.286,0.605,0.605,0.6,221.512,0.585,0.585,0.58,
06/30/2006,2431.907,,-2277.426,,,154.481,,,,154.481,75.669,54.229,59.603,-5.374,0.0,,-129.898,230.15,-51.638,178.512,0.15,,,178.362,-100.567,77.795,0.0,0.0,77.795,77.795,-89.164,234.846,0.33,0.33,-0.05,238.052,0.325,0.325,-0.05,
09/30/2006,2640.877,,-2521.342,,,119.535,,,,119.535,-31.115,53.694,61.46,-7.766,,,-22.579,88.42,-15.726,72.694,0.013,,,72.681,-48.281,24.4,,,24.4,24.4,,226.4,0.11,0.11,0.11,229.84,0.105,0.105,0.105,
12/31/2006,2993.041,,-2798.556,,,194.485,,0.0,,317.81,-159.591,,63.077,,0.0,,96.514,158.219,-46.259,111.96,-0.045,,,112.005,-37.38,74.625,0.0,0.0,74.625,74.625,,220.514,0.34,0.34,0.34,225.41,0.33,0.33,0.33,
03/31/2007,3806.208,,-3480.11,,,326.098,,,,326.098,-30.058,62.012,62.012,,0.0,,-31.954,296.04,-97.847,198.193,0.0,,,198.193,-45.313,152.88,0.0,0.0,152.88,152.88,-1.47,221.736,0.69,0.69,0.685,225.448,0.68,0.68,0.675,
06/30/2007,2876.241,,-2740.127,,,136.114,,,,136.114,-32.999,62.816,62.816,,0.0,,-29.817,103.115,-23.21,79.905,0.0,,,79.905,-44.702,35.203,0.0,0.0,35.203,35.203,,221.758,0.16,0.16,0.16,225.972,0.155,0.155,0.155,
12/31/2007,3984.968,,-3729.257,,,255.711,,,,255.727,-38.905,,68.822,,0.0,,-29.917,229.861,-101.822,161.11,0.0,,,128.039,-58.186,102.924,0.0,0.0,102.924,102.924,,207.526,0.495,0.495,0.495,211.11,0.49,0.49,0.49,
03/31/2008,4902.076,,-4568.966,,,333.11,0.0,,,333.11,-27.945,,62.861,,,-36.279,1.363,305.165,-92.368,212.797,0.0,,,212.797,-68.96,143.837,0.0,0.0,143.837,143.837,,208.34,0.69,0.69,0.69,211.642,0.68,0.68,0.68,
06/30/2008,4172.866,,-3999.85,,,173.016,,,,173.016,-29.48,59.059,59.059,,0.0,,-29.579,143.536,-30.574,112.962,0.0,,,112.962,-71.097,41.865,0.0,0.0,41.865,41.865,,208.68,0.2,0.2,0.2,212.144,0.195,0.195,0.195,
09/30/2008,4239.246,,-4048.377,,,190.869,,,,192.179,-14.761,61.18,61.18,,0.0,,-46.419,177.418,-24.031,153.387,0.0,,,153.387,-95.354,58.033,0.0,0.0,58.033,58.033,-1.13,208.892,0.28,0.28,0.275,211.272,0.275,0.275,0.27,
12/31/2008,2843.245,,-2625.552,,,217.693,,,,217.693,-50.271,,81.067,,0.0,-41.745,10.949,167.422,-47.098,120.324,0.0,,,120.324,-53.147,67.177,0.0,0.0,67.177,67.177,,209.04,0.325,0.325,0.32,211.024,0.325,0.325,0.32,
03/31/2009,2789.827,2789.827,-2497.488,2425.362,72.126,292.339,0.0,0.664,-0.664,293.003,-50.015,,77.961,,,-30.225,2.279,242.988,-79.439,163.549,0.0,0.0,0.0,163.549,-41.264,122.285,0.0,0.0,122.285,120.2258,-2.0592,210.324,0.58,0.58,0.571622,211.466,0.58,0.58,0.570263,
06/30/2009,2227.627,2227.627,-2076.585,2005.336,71.249,151.042,0.0,3.762,-3.762,154.804,-43.196,,73.392,,,-23.656,-6.54,111.608,-30.258,81.35,0.0,0.0,0.0,81.35,-39.671,41.679,0.0,0.0,41.679,37.17645,-4.50255,210.67,0.2,0.2,0.176467,211.9,0.195,0.195,0.173752,
09/30/2009,2364.736,2364.736,-2189.778,2117.46,72.318,174.958,0.0,-1.18,1.18,173.778,-37.39,,72.689,,,-27.344,-7.955,136.388,-34.08,102.308,0.0,0.0,0.0,102.308,-54.266,48.042,0.0,0.0,48.042,43.64215,-4.39985,210.84,0.23,0.23,0.206992,212.976,0.225,0.225,0.204341,
12/31/2009,3729.461,3729.461,-3457.966,3384.668,73.298,271.495,0.0,1.56,-1.56,273.055,-65.514,,76.78,,,-18.365,7.099,207.541,-63.544,143.997,0.0,0.0,0.0,143.997,-50.552,93.445,0.0,0.0,93.445,92.06505,-1.37995,211.06,0.445,0.445,0.436203,214.194,0.435,0.435,0.428557,
03/31/2010,3923.967,3923.967,-3585.849,3507.993,77.856,338.118,0.0,-0.786,0.786,337.332,-53.301,,76.52,,,-21.363,-1.856,284.031,-97.311,186.72,0.0,0.0,0.0,186.72,-32.181,154.539,0.0,0.0,154.539,153.72,-0.819,212.264,0.73,0.73,0.724193,214.82,0.72,0.72,0.716187,
06/30/2010,2807.131,2807.131,-2628.145,2552.635,75.51,178.986,0.0,-0.273,0.273,178.713,-61.291,,75.361,,,-20.911,6.841,117.422,-31.048,86.374,0.0,0.0,0.0,86.374,-44.65,41.724,0.0,0.0,41.724,39.49515,-2.22885,212.712,0.195,0.195,0.185674,215.676,0.195,0.195,0.184666,
09/30/2010,2942.703,2942.703,-2771.925,2694.691,77.234,170.778,0.0,16.126,-16.126,186.904,-36.638,,70.907,,,-29.656,-4.613,150.266,-29.965,120.301,0.0,0.0,0.0,120.301,-65.006,55.295,0.0,0.0,55.295,41.79775,-13.49725,212.886,0.26,0.26,0.196338,215.302,0.255,0.255,0.19231,
12/31/2010,3280.05,3280.05,-3041.312,2964.63,76.682,238.738,0.0,3.552,-3.552,242.29,-37.65,,69.447,,,-30.968,-0.829,204.64,-55.965,148.675,0.74,0.74,0.0,147.935,-64.861,83.074,0.0,0.0,83.074,81.04175,-2.77225,213.08,0.39,0.395,0.380335,217.792,0.38,0.385,0.372271,
03/31/2011,3760.6,3760.6,-3431.761,3352.404,79.357,328.839,0.0,-0.51,0.51,328.329,-45.724,,79.349,,,-32.558,-1.067,282.605,-84.32,198.285,-1.061,-1.061,0.0,199.346,-69.216,130.13,0.0,0.0,130.13,127.4804,-1.5886,214.04,0.61,0.605,0.595592,218.358,0.595,0.59,0.582725,
06/30/2011,3444.798,3444.798,-3228.367,3149.574,78.793,216.431,0.0,-0.212,0.212,216.219,-45.986,,75.498,,,-29.944,0.432,170.233,-35.904,134.329,-0.437,-0.437,0.0,134.766,-79.624,55.142,0.0,0.0,55.142,49.8573,-4.8477,421.348,0.13,0.13,0.118328,432.12,0.125,0.125,0.113781,
09/30/2011,3529.359,3529.359,-3279.949,3203.996,75.953,249.41,0.0,-0.069,0.069,249.341,-54.154,,73.841,,,-32.788,13.101,195.187,-34.028,161.159,0.279,0.279,0.0,160.88,-100.559,60.321,0.0,0.0,60.321,56.51865,-4.08135,206.606,0.29,0.29,0.273558,211.94,0.28,0.29,0.270743,
12/31/2011,4071.037,4071.037,-3705.842,3627.785,78.057,365.195,0.0,-0.172,0.172,365.023,-29.487,,68.32,,,-34.293,-4.54,335.536,-71.795,263.741,-1.01,-1.01,0.0,264.751,-149.75,115.001,0.0,0.0,115.001,113.4515,-0.5395,206.054,0.56,0.55,0.550591,211.634,0.55,0.55,0.547451,
03/31/2012,3414.6,3414.6,-3078.48,2995.071,83.409,336.12,0.0,-10.198,10.198,325.922,-32.633,,75.815,,,-35.595,-7.587,293.289,-73.839,219.45,-14.012,-14.012,0.0,233.462,-110.597,122.865,0.0,0.0,122.865,116.94025,8.08725,207.617,0.59,0.52,0.56325,211.852,0.58,0.51,0.548174,
06/30/2012,2529.26,2529.26,-2296.147,2211.561,84.586,233.113,0.0,0.966,-0.966,234.079,-44.729,,71.535,,,-31.018,4.212,189.35,-40.412,148.938,-0.267,-0.267,0.0,149.205,-88.212,60.993,0.0,0.0,60.993,58.8943,-1.8317,207.292,0.29,0.29,0.284113,211.784,0.29,0.29,0.281351,
09/30/2012,3028.775,3028.775,-2785.442,2704.008,81.434,243.333,0.0,-0.42,0.42,242.913,-35.341,,71.364,,,-31.893,-4.13,207.572,-42.584,164.988,0.0,0.0,0.0,164.988,-99.769,65.219,0.0,0.0,65.219,64.5378,-0.6812,205.005,0.32,0.32,0.314811,209.96,0.31,0.31,0.306756,
12/31/2012,3659.924,3659.924,-3366.471,3280.056,86.415,293.453,0.0,6.133,-6.133,299.586,-45.351,,83.591,,,-38.166,-0.074,254.235,-58.36,195.875,0.0,0.0,0.0,195.875,-84.333,111.542,0.0,0.0,111.542,106.4044,-5.1376,204.648,0.55,0.55,0.519939,209.243,0.53,0.53,0.505447,
03/31/2013,2517.955,2517.955,-2343.266,2287.983,55.283,174.689,0.0,0.041,-0.041,174.73,-25.423,,64.486,,,-34.942,-4.121,149.307,-38.804,110.503,-55.202,-55.202,0.0,165.705,-53.184,112.521,0.0,0.0,112.521,57.9612,0.6422,205.479,0.55,0.28,0.282078,209.458,0.54,0.27,0.273066,
06/30/2013,2768.984,2768.984,-2540.874,2481.991,58.883,228.11,0.0,0.279,-0.279,228.389,-31.689,,66.12,,,-32.077,-2.354,196.7,-42.923,153.777,74.282,74.282,0.0,79.495,-78.576,0.919,0.0,0.0,0.919,75.01965,-0.18135,206.143,0.0,0.36,0.36392,208.874,0.0,0.36,0.359132,
09/30/2013,3135.381,3135.381,-2904.01,2842.16,61.85,231.371,0.0,0.021,-0.021,231.392,-28.607,,66.187,,,-33.897,-3.683,202.785,-44.961,157.824,10.126,10.126,0.0,147.698,-85.342,62.356,0.0,0.0,62.356,72.4677,-0.0143,206.235,0.3,0.35,0.351384,209.893,0.3,0.35,0.349932,
12/31/2013,3449.559,3449.559,-3214.992,3151.665,63.327,234.567,0.0,11.54,-11.54,246.107,-39.729,,73.853,,,-40.123,5.999,206.378,-39.392,166.986,-17.077,-17.077,0.0,184.063,-93.326,90.737,0.0,0.0,90.737,70.1837,-3.4763,206.319,0.44,0.35,0.340171,210.552,0.43,0.35,0.33349,
03/31/2014,3163.296,3163.296,-2869.194,2801.78,67.414,294.102,0.0,0.015,-0.015,294.117,-74.396,,94.901,,,-44.63,24.125,219.721,-14.984,204.737,-1.774,-1.774,0.0,206.511,-112.996,93.515,0.0,0.0,93.515,122.33125,30.59025,209.13,0.45,0.44,0.584953,210.166,0.45,0.44,0.584953,
06/30/2014,3066.882,3066.882,-2815.551,2743.424,72.127,251.331,0.0,-0.016,0.016,251.315,-60.242,,88.751,,,-26.688,-1.821,191.073,-42.313,148.76,8.009,8.009,0.0,140.751,-79.161,61.59,0.0,0.0,61.59,69.6094,0.0104,209.403,0.29,0.33,0.332418,210.516,0.29,0.33,0.330049,
09/30/2014,3120.145,3120.145,-2830.287,2755.699,74.588,289.858,0.0,1.534,-1.534,291.392,-139.082,,86.052,,,50.624,2.406,152.31,-37.858,114.452,0.171,0.171,0.0,114.281,-49.823,64.458,0.0,0.0,64.458,113.2919,48.6629,209.489,0.31,0.31,0.540801,210.759,0.31,0.31,0.540801,
12/31/2014,2844.768,2844.768,-2543.087,2462.532,80.555,301.681,0.0,5.066,-5.066,306.747,-49.978,,86.459,,,-35.246,-1.235,256.769,-56.003,200.766,-0.799,-0.799,0.0,201.565,-107.021,94.544,0.0,0.0,94.544,90.4521,-3.2929,209.541,0.45,0.45,0.431668,210.285,0.45,0.45,0.431668,
03/31/2015,1805.306,1805.306,-1608.837,1522.882,85.955,196.469,0.0,-0.006,0.006,196.463,-63.198,,96.75,,,-31.72,-1.832,133.265,-37.428,95.837,0.144,0.144,0.0,95.693,-34.893,60.8,0.0,0.0,60.8,60.9479,0.0039,209.874,0.29,0.29,0.290402,210.467,0.29,0.29,0.290019,
06/30/2015,2128.052,2128.052,-1855.43,1768.443,86.987,272.622,0.0,0.122,-0.122,272.744,-73.502,,102.384,,,-30.782,1.9,199.242,-48.222,151.02,0.14,0.14,0.0,150.88,-74.375,76.505,0.0,0.0,76.505,76.5657,-0.0793,210.204,0.36,0.36,0.364245,210.477,0.36,0.36,0.359623,
09/30/2015,1898.946,1898.946,-1613.285,1524.986,88.299,285.661,0.0,-0.726,0.726,284.935,-81.939,,106.923,,,-32.421,7.437,202.996,-38.298,164.698,3.86,3.86,0.0,160.838,-78.681,82.157,0.0,0.0,82.157,86.4889,0.4719,210.296,0.39,0.41,0.411272,210.524,0.39,0.41,0.411272,
12/31/2015,1930.902,1930.902,-1611.451,1518.072,93.379,319.451,0.0,-77.434,77.434,242.017,-255.644,,110.73,,,-32.556,177.47,-13.627,-12.652,-26.279,1.937,1.937,0.0,-28.216,53.731,25.515,0.0,0.0,25.515,195.16305,167.71105,210.417,0.13,0.13,0.927506,210.683,0.12,0.13,0.926035,
03/31/2016,1774.459,1774.459,-1467.231,1372.753,94.478,307.228,0.0,4.206,-4.206,311.434,-85.457,,118.247,,,-33.122,0.332,225.977,-50.066,175.911,0.952,0.952,0.0,174.959,-91.513,83.446,0.0,0.0,83.446,81.6641,-2.7339,210.781,0.4,0.4,0.387436,211.071,0.4,0.4,0.387047,
06/30/2016,2134.107,2134.107,-1818.409,1719.162,99.247,315.698,0.0,-0.413,0.413,315.285,-82.741,,118.976,,,-32.372,-3.863,232.544,-52.458,180.086,0.227,0.227,0.0,179.859,-93.915,85.944,0.0,0.0,85.944,86.43945,0.26845,211.075,0.41,0.41,0.40952,212.618,0.4,0.41,0.40952,
09/30/2016,2357.907,2357.907,-2034.294,1935.744,98.55,323.613,0.0,5.744,-5.744,329.357,-79.553,,118.24,,,-35.155,-3.532,249.804,-55.012,194.792,0.576,0.576,0.0,194.216,-102.072,92.144,0.0,0.0,92.144,88.9864,-3.7336,211.309,0.44,0.44,0.42112,212.87,0.43,0.44,0.42112,
12/31/2016,2654.461,2654.461,-2324.959,2225.649,99.31,329.502,0.0,0.098,-0.098,329.6,-79.969,,114.188,,,-39.25,5.031,249.631,-54.87,194.761,0.296,0.296,0.0,194.465,-103.96,90.505,0.0,0.0,90.505,90.7373,-0.0637,211.398,0.43,0.43,0.429225,213.157,0.43,0.43,0.429225,
03/31/2017,2749.611,2749.611,-2432.467,2333.048,99.419,317.144,0.0,-0.007,0.007,317.137,-76.011,,116.462,,,-39.577,-0.874,241.126,-54.941,186.185,0.0,0.0,0.0,186.185,-98.824,87.361,0.0,0.0,87.361,87.36555,0.00455,211.619,0.41,0.41,0.412844,213.602,0.41,0.41,0.410021,
06/30/2017,2725.772,2725.772,-2406.959,2306.11,100.849,318.813,0.0,0.637,-0.637,319.45,-99.615,,118.473,,,-39.385,20.527,219.835,-43.844,175.991,0.0,0.0,0.0,175.991,-104.298,71.693,-0.217,0.0,71.476,71.06195,-0.41405,211.785,0.34,0.34,0.335538,214.012,0.33,0.33,0.328065,
09/30/2017,2906.366,2906.366,-2536.048,2433.75,102.298,370.318,0.0,-15.696,15.696,354.622,-90.963,,126.533,,,-40.098,4.528,263.659,-97.128,166.531,0.0,0.0,0.0,166.531,-0.789,165.742,-0.276,0.0,165.466,178.4439,12.9779,380.907,0.43,0.43,0.468471,383.419,0.43,0.43,0.463848,
12/31/2017,3792.158,3792.158,-3391.616,3287.847,103.769,400.542,0.0,0.02,-0.02,400.562,-84.381,,124.19,,,-40.325,0.516,316.181,-251.369,64.812,0.0,0.0,0.0,64.812,-1.767,63.045,-0.274,0.0,62.771,204.058,141.287,385.586,0.16,0.16,0.529215,388.071,0.16,0.16,0.524075,
03/31/2018,3102.077,3102.077,-2682.467,2578.23,104.237,419.61,0.0,0.089,-0.089,419.699,-77.879,,115.725,,,-40.417,2.571,341.82,-75.771,266.049,0.0,0.0,0.0,266.049,-1.541,264.508,-0.275,0.0,264.233,264.16269,-0.07031,409.676,0.65,0.65,0.644809,412.173,0.64,0.64,0.639829,
06/30/2018,2960.529,2960.529,-2512.259,2405.971,106.288,448.27,0.0,0.096,-0.096,448.366,-78.656,113.496,113.496,0.0,,-37.374,2.534,369.71,-87.531,282.179,0.0,0.0,0.0,282.179,-1.131,281.048,-0.275,0.0,280.773,280.69716,-0.07584,411.946,0.68,0.68,0.681393,414.641,0.68,0.68,0.679817,
09/30/2018,3393.89,3393.89,-2898.519,2791.136,107.383,495.371,0.0,0.163,-0.163,495.534,-78.635,121.91,121.91,0.0,,-41.607,-1.668,416.899,-102.983,313.916,0.0,0.0,0.0,313.916,-0.657,313.259,-0.275,0.0,312.984,312.85523,-0.12877,412.117,0.76,0.76,0.759142,414.847,0.75,0.75,0.74969,
12/31/2018,3136.7,3136.7,-2665.088,2554.439,110.649,471.612,0.0,0.253,-0.253,471.865,-82.359,118.489,118.489,0.0,,-46.947,10.817,389.506,-96.618,292.888,0.0,0.0,0.0,292.888,0.0,292.888,-0.275,0.0,292.613,292.41313,-0.19987,412.204,0.71,0.71,0.709389,415.142,0.7,0.7,0.699519,
03/31/2019,2779.958,2779.958,-2311.276,2197.118,114.158,468.682,0.0,0.06,-0.06,468.742,-53.6,115.42,115.42,0.0,,-55.922,-5.898,415.142,-77.934,337.208,0.0,0.0,0.0,337.208,0.0,337.208,-0.275,0.0,336.933,336.8856,-0.0474,412.908,0.82,0.82,0.815885,415.233,0.81,0.81,0.809886,
06/30/2019,2457.575,2457.575,-1978.471,1863.507,114.964,479.104,0.0,-2.958,2.958,476.146,-65.248,117.493,117.493,0.0,,-51.06,-1.185,410.898,-98.935,311.963,0.0,0.0,0.0,311.963,0.0,311.963,-0.275,0.0,311.688,314.02482,2.33682,413.606,0.75,0.75,0.759237,415.049,0.75,0.75,0.75563,
09/30/2019,2263.228,2263.228,-1781.093,1659.663,121.43,482.135,0.0,0.016,-0.016,482.151,-75.631,129.577,129.577,0.0,,-53.368,-0.578,406.52,-97.365,309.155,0.0,0.0,0.0,309.155,0.0,309.155,-0.275,0.0,308.88,308.86736,-0.01264,413.816,0.75,0.75,0.746388,415.578,0.74,0.74,0.73997,
12/31/2019,2663.606,2663.606,-2176.599,2050.616,125.983,487.007,0.0,0.307,-0.307,487.314,-68.883,129.283,129.283,0.0,,-59.006,-1.394,418.431,-98.18,320.251,0.0,0.0,0.0,320.251,0.0,320.251,-0.275,0.0,319.976,319.73347,-0.24253,413.91,0.77,0.77,0.772471,415.944,0.77,0.77,0.769417,
03/31/2020,2136.672,2136.672,-1616.321,1483.968,132.353,520.351,0.0,-603.82,603.82,-83.469,-113.783,140.616,140.616,0.0,,-60.036,33.203,-197.252,55.395,-141.857,0.0,0.0,0.0,-141.857,0.0,-141.857,-0.275,0.0,-142.132,364.6925,506.8245,414.282,-0.34,-0.34,0.8803,415.348,-0.34,-0.34,0.880241,
06/30/2020,1660.729,1660.729,-1305.338,1164.922,140.416,355.391,0.0,0.339,-0.339,355.73,-178.269,218.968,218.968,0.0,,-29.182,-11.517,177.461,-43.14,134.321,0.0,0.0,0.0,134.321,0.0,134.321,-0.275,0.0,134.046,133.77819,-0.26781,419.722,0.32,0.32,0.31873,420.116,0.32,0.32,0.31873,
09/30/2020,2557.0,,,,,620.30263,,,,463.6,,,,,,,,335.714,,258.417,,,,,,258.417,,,258.417,258.417,,,0.574,0.574,0.569,,0.574,0.574,0.569,
12/31/2020,2786.8,,,,,709.602884,,,,502.8,,,,,,,,378.0,,289.583,,,,,,289.583,,,289.583,289.583,,,0.636,0.636,0.628,,0.636,0.636,0.628,
