Date,Revenue,Sales & Services Revenue,Cost of Revenue,Cost of Goods & Services,Gross Profit,Other Operating Income,Operating Expenses,"Selling, General & Admin",Other Operating Expense,Operating Income (Loss),Non-Operating (Income) Loss,"Interest Expense, Net",Interest Expense,Interest Income,Foreign Exch (Gain) Loss,(Income) Loss from Affiliates,Other Non-Op (Income) Loss,Pretax Income,Income Tax Expense (Benefit),Income (Loss) from Cont Ops,Net Extraordinary Losses (Gains),Discontinued Operations,XO & Accounting Changes,Income (Loss) Incl. MI,Minority Interest,"Net Income, GAAP",Preferred Dividends,Other Adjustments,"Net Income Avail to Common, GAAP","Net Income Avail to Common, Adj",Net Abnormal Losses (Gains),Basic Weighted Avg Shares,"Basic EPS, GAAP",Basic EPS from Cont Ops,"Basic EPS from Cont Ops, Adjusted",Diluted Weighted Avg Shares,"Diluted EPS, GAAP",Diluted EPS from Cont Ops,"Diluted EPS from Cont Ops, Adjusted",Source: Bloomberg
03/31/1990,1066.030029,,-888.320007,,177.710022,,-101.779999,,,75.93,-20.9,,24.82,,-0.36,,-3.56,55.030001,-21.459999,33.57,,,,33.570001,,33.57,-3.424,,30.146,30.146,,38.068001,0.79,0.79,,38.068001,0.79,0.79,0.79,
06/30/1990,1050.709961,,-889.530029,,161.179932,,-105.269997,,,55.91,-18.150001,,26.43,,-0.13,,-8.15,37.759999,-14.73,23.030001,,,,23.03,,23.030001,-3.456,,19.574001,19.574001,,38.050999,0.52,0.52,,38.050999,0.52,0.52,0.52,
09/30/1990,1054.01001,,-901.900024,,152.109985,,-101.190002,,,50.919998,-28.199999,,29.049999,,0.11,,-0.96,22.719999,-8.86,13.86,,,,13.859999,,13.86,-3.379,,10.481,10.481,,38.034,0.27,0.27,,38.034,0.27,0.27,0.27,
12/31/1990,1015.169922,,-851.489929,,163.679993,,-111.189995,,,52.490002,-46.600003,,36.320004,,-0.14,,10.419999,5.889999,-1.080003,4.809997,0.0,,,4.809996,0.0,4.809997,-12.089,,-7.279003,-7.279003,,37.947254,0.04,0.04,,37.947254,0.04,0.04,0.04,
03/31/1991,992.72998,,-882.26001,,110.469971,,-102.68,,,7.79,-34.750002,,42.740002,,,,-7.99,-26.960002,10.11,-16.85,,,,-16.850002,,-16.85,-3.393,,-20.243,-20.243,,37.948002,-0.53,-0.53,,37.948002,-0.53,-0.53,-0.53,
09/30/1991,1016.690002,,-943.049988,,73.640015,,-105.25,,,-31.610001,8.800002,,44.82,,0.1,,-53.720001,-22.809999,8.55,-14.26,,,,-14.259999,,-14.26,-3.433,,-17.693,-17.693,,37.946999,-0.47,-0.47,,37.946999,-0.47,-0.47,-0.47,
12/31/1991,963.200012,,-877.859985,,85.340027,,-102.399986,,,-17.059998,-9.21,,44.409996,,-0.81,,-34.389996,-26.269998,10.489998,-15.779995,0.0,,,-15.78,0.0,-15.779995,-11.953,,-27.732995,-27.732995,,37.942501,-0.73,-0.73,-0.73,37.942501,-0.73,-0.73,-0.73,
03/31/1992,953.929993,,-895.25,,58.679993,,-90.639999,,,-31.9601,-38.48,,43.09,,-0.71,,-3.9,-70.4401,27.120001,-43.320099,73.449997,,,-116.770096,0.0,-116.769997,-6.097,,-122.866997,-122.866997,,37.944,-3.24,-1.3,,37.944,-3.24,-1.3,-1.3,
06/30/1992,922.200012,,-881.530029,,40.669983,,-84.459999,,,-43.7901,-31.260001,,41.700001,,-0.94,,-9.5,-75.050101,29.629999,-45.420101,0.0,,,-45.420102,0.0,-45.420101,-7.225,,-52.645101,-52.645101,,37.943001,-1.39,-1.39,,37.943001,-1.39,-1.39,-1.39,
09/30/1992,934.5,,-882.210022,,52.289978,,-79.510002,,,-27.219999,-31.280001,,41.060001,,-3.45,,-6.33,-58.500001,22.809999,-35.689999,0.0,,,-35.690001,0.0,-35.689999,-7.205,,-42.894999,-42.894999,,37.943001,-1.13,-1.13,,37.943001,-1.13,-1.13,-1.13,
12/31/1992,904.960083,,-830.7099,,74.250183,,-80.560013,,,-6.309799,-42.209996,,40.599995,,-1.49,,3.100001,-48.519795,18.920004,-29.5998,44.950005,,,-74.549796,0.0,-29.599899,-16.043999,,-45.643898,-45.643898,,37.941002,-1.2,-0.78,-0.78,37.941002,-1.2,-0.78,-0.78,
03/31/1993,984.039978,,-895.75,,88.289978,,-80.300003,,,7.99,-27.509998,,38.189999,,0.62,,-11.3,-19.519999,7.42,-12.1,0.0,,,-12.099999,0.0,-12.1,-9.173,,-21.273001,-21.273001,,37.948002,-0.56,-0.56,,37.948002,-0.56,-0.56,-0.56,
06/30/1993,973.98999,,-897.390015,,76.599976,,-80.699997,,,-4.1,-31.63,,36.84,,-0.94,,-4.27,-35.73,18.6,-17.129999,0.0,,,-17.13,0.0,-17.129999,-11.213,,-28.342999,-28.342999,,37.950001,-0.72,-0.72,,37.950001,-0.72,-0.72,-0.72,
09/30/1993,1003.369995,,-926.880005,,76.48999,,-80.839996,,,-4.35001,-25.999999,,37.689999,,-1.71,,-9.98,-30.350009,6.12,-24.23,0.0,,,-24.230009,0.0,-24.23,-9.183,,-33.412999,-33.412999,,37.952999,-0.91,-0.91,,37.952999,-0.91,-0.91,-0.91,
12/31/1993,996.900085,,-920.98999,,75.910095,,-79.809998,,,-3.89999,-36.09,,35.59,,0.42,,0.08,-39.98999,16.310001,-23.68,0.0,,,-23.679989,0.0,-23.68,-13.507,,-37.187,-37.187,,37.950001,-0.98,-0.98,-0.98,37.950001,-0.98,-0.98,-0.98,
03/31/1994,941.299988,,-884.669983,,56.630005,,-74.18,,,-17.549999,-38.499999,,34.939999,,1.53,,2.03,-56.049998,18.450001,-37.599998,0.0,,,-37.599997,0.0,-37.599998,-13.648,,-51.247998,-51.247998,,38.02,-1.35,-1.35,,38.02,-1.35,-1.35,-1.35,
06/30/1994,1000.25,,-900.099976,,100.150024,,-88.019997,,,12.13,-42.640002,,36.740002,,-0.12,,6.02,-30.510002,11.35,-19.16,0.0,,,-19.160001,0.0,-19.16,-13.628,,-32.788,-32.788,,38.037998,-0.86,-0.86,,38.037998,-0.86,-0.86,-0.86,
09/30/1994,1089.959961,,-952.97998,,136.97998,,-99.910004,,,37.07,-55.669999,,38.349998,,-1.28,,18.6,-18.599999,-13.11,-31.709999,0.0,,,-31.709999,0.0,-31.709999,-13.679,,-45.388999,-45.388999,,38.111,-1.19,-1.19,,38.111,-1.19,-1.19,-1.19,
12/31/1994,1108.880127,,-952.409973,,156.470154,,-74.860001,,,81.610001,-41.200004,,37.770004,,0.0,,3.43,40.409997,-14.550001,25.859997,0.0,,,25.859996,0.0,25.859997,-13.630999,,12.228998,12.228998,,38.110001,0.32,0.32,0.32,38.110001,0.32,0.32,0.32,
03/31/1995,1222.959961,,-1002.909973,,220.049988,,-97.82,,,122.230003,-29.48,,37.23,,0.0,,-7.75,92.750004,-35.709999,57.040001,0.0,,,57.040005,0.0,57.040001,-6.418,,50.622001,50.622001,,54.355999,0.93,0.93,,61.257,0.85,0.85,0.85,
06/30/1995,1270.199951,,-991.840027,,278.359924,,-105.160004,,,173.199997,14.7,,35.07,,-0.04,,-49.73,187.899997,-80.639999,107.260002,0.0,,,107.259997,-1.34,105.919998,-6.359,,99.560998,99.560998,,54.547001,1.82,1.82,,61.405998,1.64,1.64,1.64,
09/30/1995,1339.109985,,-1029.890015,,309.219971,,-112.169998,,,197.050003,-6.210002,,33.080002,,0.02,,-26.889999,190.840001,-70.169998,120.669998,0.0,,,120.670002,-2.19,118.480003,-6.403,,112.077003,112.077003,,54.886002,2.03,2.03,,61.667,1.83,1.83,1.83,
12/31/1995,1241.960083,,-981.239868,,260.720215,,-121.110008,,,139.610016,-21.690003,,29.750004,,0.32,,-8.380001,117.920013,-44.769997,73.149994,0.0,,,73.150016,-2.73,70.419983,-25.692001,,44.727982,44.727982,,56.323002,0.79,0.79,0.79,61.074001,0.79,0.79,0.79,
03/31/1996,1227.599976,,-1022.960022,,204.639954,,-135.809998,,,68.830002,-22.69,,30.559999,,0.25,,-8.12,46.140002,-17.83,28.309999,0.0,,,28.310002,-2.8,25.51,-9.849,,15.661,15.661,,48.400002,0.32,0.32,0.32,53.403,0.3,0.3,0.3,
06/30/1996,1261.51001,,-1115.449951,,146.060059,,-139.520004,,,6.54,-31.059999,,32.889999,,0.41,,-2.24,-24.519999,10.18,-14.34,0.0,,,-14.339999,-2.61,-16.950001,-9.791,,-26.741001,-26.741001,,48.080002,-0.55,-0.55,-0.55,48.080002,-0.55,-0.55,-0.55,
09/30/1996,1356.369995,,-1180.77002,,175.599976,,-143.729996,,,31.870001,-31.25,,34.27,,0.17,,-3.19,0.62,-0.07,0.55,0.0,,,0.55,-2.2,-1.65,-9.839,,-11.489,-11.489,,48.469002,-0.24,-0.24,-0.24,48.469002,-0.24,-0.24,-0.24,
12/31/1996,1262.740234,,-1076.780029,,185.960205,,-158.52002,,,27.439991,-18.340002,,30.640001,,0.37,,-12.669999,9.099989,-4.24,4.86,0.0,,,4.859989,-2.72,2.140001,-9.769001,,-7.629,-7.629,,48.473,-0.16,-0.16,-0.46,48.473,-0.16,-0.16,-0.46,
03/31/1997,1273.609985,,-1107.890015,,165.719971,,-160.089996,,,5.63,-25.860001,,27.700001,,0.01,,-1.85,-20.230001,7.89,-12.34,0.0,,,-12.340001,-2.87,-15.21,-6.161,,-21.371,-21.371,,48.512001,-0.51,-0.51,-0.51,48.512001,-0.51,-0.51,-0.51,
06/30/1997,1333.01001,,-1156.050049,,176.959961,,-168.100006,,,8.86,-31.79,,31.68,,0.04,,0.07,-22.930001,8.94,-13.99,0.0,,,-13.990001,-2.24,-16.23,-9.584,,-25.813999,-25.813999,,48.601002,-0.53,-0.53,-0.53,48.601002,-0.53,-0.53,-0.53,
09/30/1997,1442.339966,,-1220.98999,,221.349976,,-186.589996,,,34.759998,-39.500001,,38.810001,,0.07,,0.62,-4.740003,0.89,-3.85,0.0,,,-3.850003,-2.35,-6.2,-8.52,,-14.72,-14.72,,54.813999,-0.23,-0.23,-0.23,54.813999,-0.23,-0.23,-0.23,
12/31/1997,1444.859985,,-1208.290039,,236.569946,,-177.520004,,,59.049999,-40.08,,39.16,,-0.13,,1.05,18.969999,-8.46,10.51,0.0,,,10.509999,-3.28,7.23,-7.51,,-0.28,-0.28,,56.191002,0.02,0.02,0.02,56.191002,0.02,0.02,0.02,
03/31/1998,1489.5,,-1243.199951,,246.300049,,-198.289993,,,48.009998,-43.429998,,40.099998,,0.05,,3.28,4.58,-1.9,2.68,8.59,,,-5.91,-3.13,-9.04,-9.019,,-18.059,-18.059,,56.242001,-0.32,-0.17,-0.1,56.242001,-0.32,-0.17,-0.1,
06/30/1998,1538.449951,,-1291.140015,,247.309937,,-197.770004,,,49.540001,-123.310004,,40.860001,,0.04,,82.410004,-73.770003,12.28,-61.490002,0.0,,,-61.490004,-2.46,-63.950001,-3.518,,-67.468001,-67.468001,,56.316002,-1.2,-1.2,-0.04,56.316002,-1.2,-1.2,-0.04,
09/30/1998,1597.98999,,-1338.050049,,259.939941,,-202.25,,,57.689999,12.929999,,40.970001,,0.21,,-54.110001,70.619998,-21.43,49.189999,0.0,,,49.189998,-2.14,47.049999,-3.515,,43.534999,43.534999,,56.332001,0.77,0.77,0.19,60.848999,0.72,0.72,0.14,
12/31/1998,1536.182983,,-1260.025024,,276.157959,,-218.904007,,,57.254002,-75.562,,37.939999,,0.242,,37.380001,-18.307998,12.009,-6.299,0.0,,,-6.298998,-2.043,-8.342,-3.154,,-11.496,-11.496,,56.334961,-0.21,-0.21,0.08,56.334999,-0.21,-0.21,0.08,
03/31/1999,1611.152954,,-1322.657959,,288.494995,,-212.882004,,,75.612999,-42.078001,,37.117001,-0.616,-0.044,,5.621,33.534998,-14.043,19.492001,0.0,,,19.491998,-3.339,16.153,-3.49,,12.663,12.663,,56.368999,0.23,0.23,0.27,60.880001,0.22,0.22,0.26,
06/30/1999,1678.008,,-1290.393,,387.615,,-250.116,,,137.499,-30.839,,34.642,-0.562,-0.029,,-3.212,106.66,-44.264,62.396,0.0,,,62.396,-3.344,59.052,-3.365,,55.687,55.687,,56.6,0.98,0.98,0.98,61.314,0.92,0.92,0.92,
09/30/1999,1789.237,,-1385.602,,403.635,,-285.694,,,117.941,-33.013,,35.839,-0.7,-0.06,,-2.066,84.928,-32.868,52.06,0.0,,,52.06,-3.012,49.048,-3.429,,45.619,45.619,,57.078,0.8,0.8,0.8,61.667,0.74,0.74,0.74,
12/31/1999,1391.051,,-1023.516,,367.535,,-325.303,,,42.232,-3.682,,,,,,3.682,38.55,-15.512,23.038,,,,23.038,,23.038,,,23.038,23.038,,112.357,0.2,0.2,0.2,112.595,0.2,0.2,0.2,
03/31/2000,1946.313,,-1531.789,,414.524,0.0,-306.271,200.686,105.585,108.253,-36.407,36.181,36.685,-0.504,0.226,,0.0,71.846,-28.738,43.108,0.0,,,43.108,-3.544,39.564,,0.0,39.564,39.564,,57.212,0.691533,0.691533,0.691533,61.498,0.643338,0.643338,0.643338,
06/30/2000,1974.875,,-1572.646,,402.229,0.0,-313.9,202.613,111.287,88.329,-35.722,37.199,37.75,-0.551,0.238,-1.715,0.0,52.607,-21.666,30.941,,,,30.941,0.066,31.007,-3.206,0.0,27.801,27.801,,57.275,0.49,0.49,0.49,61.401,0.46,0.46,0.46,
09/30/2000,1971.12,,-1580.138,,390.982,0.0,-207.111,196.904,10.207,183.871,-41.744,39.101,39.324,-0.223,2.216,0.427,0.0,142.127,-57.561,84.566,,,,84.566,0.034,84.6,,0.0,84.6,84.6,,57.331,1.475641,1.475641,1.475641,61.384,1.378209,1.378209,1.378209,
12/31/2000,2012.82199,,-1460.97696,,551.84503,,-397.261,,,154.583999,-105.818,32.093998,37.403998,-5.31,-2.285,,93.023553,31.751448,-8.384452,23.366996,0.0,,,23.366996,0.036,23.403003,-6.107,0.0,17.296003,17.296003,,61.369,0.301671,0.301671,-0.352034,61.369,0.281836,0.281836,-0.352034,
03/31/2001,1901.256,,-1539.598,,361.658,0.0,-383.532,206.203,177.329,-21.874,-35.991,33.372,33.792,-0.42,2.619,,0.0,-57.865,22.259,-35.606,,,,-35.606,0.106,-35.5,,0.0,-35.5,-35.5,,57.353,-0.618974,-0.618974,-0.618974,57.353,-0.618974,-0.618974,-0.618974,
06/30/2001,1889.783,,-1511.723,,378.06,0.0,-310.567,202.108,108.459,67.493,-33.511,31.747,32.494,-0.747,-0.295,2.059,0.0,33.982,-14.392,19.59,,,,19.59,0.089,19.679,,0.0,19.679,19.679,,57.484,0.342339,0.342339,0.342339,61.709,0.3189,0.3189,0.3189,
09/30/2001,1874.436,,-1522.915,,351.521,,-298.915,,,52.606,-33.504,31.141,31.592,-0.451,0.859,1.504,0.0,19.102,-4.122,14.98,,,,14.98,,14.98,,0.0,14.98,14.98,,57.831,0.259031,0.259031,0.259031,61.959,0.241773,0.241773,0.241773,
12/31/2001,1756.699951,,-1492.218994,,264.480957,,-223.431,,,41.049999,-83.879998,,29.809999,-0.204,-0.349,,54.622999,-42.829999,1.749,-41.081001,0.0,,,-41.080999,-0.579,-41.66,-3.481,,-45.141,-45.141,,58.042999,-0.78,-0.78,0.03,58.042999,-0.78,-0.78,0.03,
03/31/2002,1788.223022,,-1533.718018,,254.505004,,-226.690002,,,27.815001,-35.214,,30.048,-0.255,0.228,,5.193,-7.398999,2.775,-4.624,0.0,,,-4.623999,-1.996,-6.62,-3.262,0.0,-9.882,-9.882,,58.098999,-0.17,-0.17,-0.17,58.098999,-0.17,-0.17,-0.17,
06/30/2002,1888.026978,,-1618.717041,,269.309937,,-235.951004,,,33.359001,-54.99,,30.01,-0.8,-0.371,,26.151,-21.630999,26.891001,5.26,0.0,,,5.260002,-2.017,3.243,-3.288,0.0,-0.045,-0.045,,58.212002,0.0,0.0,-0.07,58.212002,0.0,0.0,-0.07,
09/30/2002,1935.230957,,-1652.737061,,282.493896,,-236.285995,,,46.208,-29.342001,,28.731001,-0.285,0.671,,0.225,16.865999,-6.324,10.542,0.0,,,10.541999,-2.032,8.51,-3.262,0.0,5.248,5.248,,58.269001,0.09,0.09,0.09,62.007,0.09,0.09,0.09,
12/31/2002,1800.848022,,-1515.41394,,285.434082,,-241.240005,,,44.194,-31.025,,29.705,-0.185,-0.203,,1.708,13.169,-4.939,8.23,0.0,,,8.23,-2.023,6.207,-3.289,0.0,2.918,2.918,,58.283001,0.05,0.05,0.05,58.283001,0.05,0.05,0.05,
03/31/2003,1853.243,,-1515.189,,338.054,,-336.269,,,1.785,-27.869,28.766,28.88,-0.114,-0.956,0.059,0.0,-26.084,9.364,-16.72,8.803,,,-25.523,-2.023,-27.546,-3.266,0.0,-30.812,-30.812,,58.289,-0.53,-0.38,-0.38,58.289,-0.53,-0.38,-0.38,
06/30/2003,1928.984,,-1578.445,,350.539,,-328.335,,,22.204,-25.101,27.435,27.753,-0.318,-1.86,-0.474,0.0,-2.897,0.985,-1.912,,,,-1.912,-2.022,-3.934,-3.287,0.0,-7.221,-7.221,,58.3,-0.12,-0.12,-0.12,58.3,-0.12,-0.12,-0.12,
09/30/2003,2110.601,,-1695.809,,414.792,0.0,-342.133,224.405,117.728,72.659,-23.955,28.126,28.347,-0.221,-0.133,-4.038,0.0,48.704,-13.798,34.906,,,,34.906,-2.022,32.884,-3.191,0.0,29.693,29.693,,58.411,0.51,0.51,0.51,62.697,0.48,0.48,0.48,
12/31/2003,2352.318,,-1863.666,,488.652,,-446.297,,,42.355,-32.85,,37.634,-0.533,0.118,,-4.369,9.505,-2.637,6.868,,,,6.868,,6.868,-3.317,0.0,3.551,3.551,,71.02,0.05,0.05,0.05,71.02,0.05,0.05,0.05,
03/31/2004,3529.618896,,-2762.364014,,767.254882,,-675.64801,,,91.607002,11.739998,,40.652,-0.484,0.0,,-51.907998,103.347,-37.77,65.577003,5.612,,,59.965,-0.842,59.123001,-3.366,0.0,55.757001,55.757001,,86.074997,0.65,0.72,0.29,91.266998,0.61,0.67,0.27,
06/30/2004,3401.189,,-2673.447,,727.742,,-608.501,,,119.241,-39.262,39.982,40.432,-0.45,0.524,-1.244,0.0,79.979,-29.192,50.787,,,,50.787,-0.406,50.381,-3.168,0.0,47.213,47.213,,86.474,0.54,0.54,0.54,91.702,0.52,0.52,0.52,
09/30/2004,3650.929,,-2828.455,,822.474,,-673.052,,,149.422,-38.418,39.49,39.945,-0.455,0.0,,-1.072,111.004,-43.556,67.448,4.134,,,63.314,-1.145,62.169,-3.242,0.0,58.927,58.927,,86.864,0.68,0.73,0.73,92.016,0.64,0.69,0.69,
12/31/2004,2688.459,,-2103.318,,585.141,,-607.36,,,-22.219,98.914,,30.91,-12.704,0.0,,-117.12,76.695,-28.499,48.196,46.868,,,1.328,-0.633,0.695,-2.141,0.0,-1.446,-1.446,,88.24,-0.02,0.51,-0.24,88.24,-0.02,0.51,-0.24,
03/26/2005,2322.8,,-1748.177,,574.623,,-561.793,,,12.83,-9.405,-0.678,31.191,-31.869,0.0,,10.083,3.425,-3.516,-0.091,4.292,,,-4.383,-0.909,-5.292,-1.106,0.0,-6.398,-6.398,29.0,92.956,-0.07,-0.03,0.11,92.956,-0.07,-0.03,0.11,
06/25/2005,2091.804,,-1588.422,,503.382,,-524.559,,,-21.177,-10.894,9.997,33.481,-23.484,0.0,,0.897,-32.071,15.266,-16.805,4.279,,,-21.084,-0.454,-21.538,-1.155,0.0,-22.693,-22.693,10.57,81.726,-0.28,-0.23,-0.17,81.726,-0.28,-0.23,-0.17,
09/24/2005,2287.695,,-1725.015,,562.68,,-548.037,,,14.643,-7.192,10.921,31.658,-20.737,0.0,,-3.729,7.451,-6.653,0.798,3.493,,,-2.695,-1.178,-3.873,-1.093,0.0,-4.966,-4.966,,70.711,-0.07,-0.02,-0.02,70.711,-0.07,-0.02,-0.02,
12/31/2005,2455.361,,-1862.297,,593.064,,-595.128,,,-2.064,-14.357,,32.174,-21.182,0.0,,3.365,-16.421,-6.323,-22.744,20.486,,,-43.23,0.171,-43.059,-1.024,0.0,-44.083,-44.083,,70.783,-0.62,-0.33,0.07,70.783,-0.62,-0.33,0.07,
04/01/2006,2423.537,,-1796.783,,626.754,,-635.118,,,-8.364,-12.555,10.389,31.503,-21.114,0.0,,2.166,-20.919,7.994,-12.925,10.981,,,-23.906,-1.181,-25.087,-1.009,0.0,-26.096,-26.096,69.8,70.833,-0.37,-0.21,0.7754,70.833,-0.37,-0.21,0.7754,
07/01/2006,2040.951,,-1521.954,,518.997,,-472.426,,,46.571,-1.384,8.111,30.214,-22.103,0.0,,-6.727,45.187,-17.284,27.903,0.0,,,27.903,-0.508,27.395,-1.009,0.0,26.386,26.386,-4.4,72.877,0.36,0.36,0.3,74.924,0.35,0.35,0.29,
09/30/2006,2244.414,,-1659.603,,584.811,,-522.524,,,62.287,-9.058,7.657,30.557,-22.9,0.0,,1.401,53.229,-20.25,32.979,0.0,,,32.979,-1.604,31.375,-1.009,0.0,30.366,30.366,11.8,74.235,0.41,0.41,0.56,74.779,0.41,0.41,0.56,
12/30/2006,2256.805,,-1678.157,,578.648,,-513.24,409.619,103.621,65.408,28.974,7.2,30.806,-23.606,0.0,,-36.174,94.382,-39.201,55.181,-3.647,,,58.828,-0.791,58.037,-1.009,0.0,57.028,57.028,,74.625,0.76,0.72,0.475,75.464,0.76,0.71,0.468,
03/31/2007,2436.253,,-1813.029,,623.224,,-513.129,,,110.095,-10.526,7.079,30.116,-23.037,0.0,,3.447,99.569,-38.832,60.737,0.0,,,60.737,-2.198,58.539,-1.052,0.0,57.487,57.487,1.1,74.992,0.77,0.77,0.79,75.744,0.76,0.76,0.77,
06/30/2007,2132.417,,-1596.619,,535.798,,-479.853,,,55.945,-10.415,8.183,29.959,-21.776,0.0,,2.232,45.53,-17.757,27.773,0.0,,,27.773,-0.337,27.436,-1.008,0.0,26.428,26.428,,75.344,0.35,0.35,0.35,76.593,0.35,0.35,0.35,
09/29/2007,2315.218994,,-1727.161011,,588.057983,,-497.825012,,,90.233002,-9.584999,,31.219999,-21.813999,0.0,,0.178999,80.648003,-29.08,51.568001,0.0,,,51.568003,-1.639,49.929001,-0.931,0.0,48.998001,48.998001,,75.375999,0.65,0.65,0.65,76.557999,0.64,0.64,0.64,
12/29/2007,2198.072,,-1634.848,,563.224,,-475.327,400.492,74.835,87.897,23.883,8.663,29.976,-21.313,0.0,,-32.546,111.78,-39.613,72.167,0.0,,,72.167,-0.698,71.469,-1.014,0.0,70.455,70.455,,75.385,0.93,0.93,0.659,76.602,0.92,0.92,0.65,
03/29/2008,2302.921,,-1715.092,,587.829,,-509.211,,,78.618,12.836,7.781,29.68,-21.899,0.0,,-20.617,91.454,-27.254,64.2,0.0,,,64.2,-0.857,63.343,-0.975,0.0,62.368,62.368,-22.8,75.646,0.82,0.82,0.69,76.553,0.81,0.81,0.68,
06/28/2008,1984.641,,-1501.063,,483.578,,-450.803,372.709,78.094,32.775,-943.212,7.96,29.642,-21.682,,,935.252,-910.437,16.32,-894.117,,,,-894.117,-0.103,-894.22,-1.052,0.0,-895.272,-895.272,607.971,75.916,-11.79,-11.79,-3.78,75.916,-11.79,-11.79,-3.78,
09/27/2008,2096.337,,-1569.87,,526.467,,-472.254,,,54.213,-762.279,26.504,29.822,-3.318,0.0,,735.775,-708.066,276.415,-431.651,0.0,,,-431.651,-0.232,-431.883,-0.812,0.0,-432.695,-432.695,1047.9905,75.931,-5.7,-5.7,0.36,75.931,-5.7,-5.7,0.36,
12/27/2008,1883.108,,-1426.564,,456.544,,-458.139,,,-1.595,-443.756,13.833,24.497,-10.664,0.0,,429.923,-445.351,41.001,-404.35,0.0,,,-404.35,9.178,-395.172,-0.824,0.0,-395.996,-395.996,397.9,75.954,-5.21,-5.21,0.02,75.954,-5.21,-5.21,0.02,
03/28/2009,1911.724,1911.724,-1446.162,1446.162,465.562,0.0,-438.063,428.123,9.94,27.499,-6.259,8.886,19.348,-10.462,,,-2.627,21.24,-8.21,13.03,0.0,0.0,0.0,13.03,0.889,13.919,-0.772,0.0,13.147,19.047,5.9,76.128,0.17,0.17,0.250197,77.141,0.17,0.17,0.246483,
06/27/2009,1657.878,1657.878,-1262.969,1262.969,394.909,0.0,-422.372,394.076,28.296,-27.463,-3.991,4.204,19.319,-15.115,,,-0.213,-31.454,13.726,-17.728,0.0,0.0,0.0,-17.728,0.78,-16.948,-0.766,0.0,-17.714,4.071,21.785,76.285,-0.23,-0.23,0.053366,76.285,-0.23,-0.23,0.053366,
09/26/2009,1831.947,1831.947,-1397.215,1397.215,434.732,0.0,-409.535,408.062,1.473,25.197,-8.419,8.416,19.289,-10.873,,,0.003,16.778,-9.942,6.836,0.0,0.0,0.0,6.836,-0.558,6.278,-0.622,0.0,5.656,6.556,0.9,76.285,0.07,0.07,0.085941,77.152,0.07,0.07,0.081665,
12/26/2009,1810.501,1810.501,-1368.106,1368.106,442.395,0.0,-471.616,444.451,27.165,-29.221,-7.675,7.586,18.406,-10.82,,,0.089,-36.896,33.183,-3.713,0.0,0.0,0.0,-3.713,1.132,-2.581,-0.659,0.0,-3.24,-3.472,0.9,81.232,-0.04,-0.04,-0.028806,81.232,-0.04,-0.04,-0.028921,
03/27/2010,1917.254,1917.254,-1411.788,1411.788,505.466,0.0,-456.113,441.925,14.188,49.353,-7.649,7.7,18.316,-10.616,,,-0.051,41.704,-15.401,26.303,0.0,0.0,0.0,26.303,-0.855,25.448,-0.669,0.0,24.779,33.499,8.72,84.655,0.29,0.29,0.395712,85.847,0.29,0.29,0.391576,
06/26/2010,1653.173,1653.173,-1225.439,1225.439,427.734,2.841,-402.463,402.463,0.0,28.112,-7.87,7.784,18.372,-10.588,,,0.086,20.242,-7.293,12.949,0.0,0.0,0.0,12.949,-0.509,12.44,-0.679,0.0,11.761,12.361,0.6,84.928,0.14,0.14,0.145547,86.101,0.14,0.14,0.145547,
09/26/2010,1813.366,1813.366,-1342.944,1342.944,470.422,0.0,-429.498,429.498,0.0,40.924,-7.821,7.798,18.444,-10.646,,,0.023,33.103,-11.678,21.425,0.0,0.0,0.0,21.425,-0.886,20.539,-0.573,0.0,19.966,30.301,10.335,85.014,0.23,0.23,0.356424,86.543,0.23,0.23,0.34942,
12/25/2010,1766.213,1766.213,-1320.184,1320.184,446.029,8.271,-426.223,415.244,10.979,28.077,-7.391,7.416,18.202,-10.786,,,-0.025,20.686,-7.499,13.187,0.0,0.0,0.0,13.187,-0.459,12.728,-0.606,0.0,12.122,8.162,-3.96,85.038,0.14,0.14,0.095981,86.722,0.14,0.14,0.094337,
03/26/2011,1863.001,1863.001,-1388.489,1388.489,474.512,0.0,-445.9,445.9,0.0,28.612,-7.709,7.747,18.767,-11.02,,,-0.038,20.903,-7.67,13.233,0.0,0.0,0.0,13.233,-1.33,11.903,-0.537,0.0,11.366,11.366,0.0,85.368,0.13,0.13,0.13,86.427,0.13,0.13,0.13,
06/25/2011,1647.616,1647.616,-1222.553,1222.553,425.063,0.0,-421.042,407.126,13.916,4.021,-7.123,7.219,18.128,-10.909,,,-0.096,-3.102,1.001,-2.101,0.0,0.0,0.0,-2.101,-0.357,-2.458,-0.563,0.0,-3.021,5.979,9.0,85.978,-0.04,-0.04,0.069541,85.978,-0.04,-0.04,0.064678,
09/24/2011,1774.767,1774.767,-1315.106,1315.106,459.661,0.0,-418.365,418.365,0.0,41.296,-6.67,6.843,17.827,-10.984,,,-0.173,34.626,-11.167,23.459,0.0,0.0,0.0,23.459,-1.426,22.033,-0.515,0.0,21.518,21.518,0.0,86.033,0.25,0.25,0.25,87.087,0.25,0.25,0.25,
12/31/2011,1835.783,1835.783,-1385.839,1385.839,449.944,0.0,-437.387,419.576,17.811,12.557,-7.348,7.328,18.415,-11.087,,,0.02,5.209,-1.68,3.529,0.0,0.0,0.0,3.529,-0.113,3.416,-0.509,0.0,2.907,14.407,11.5,86.127,0.03,0.03,0.167276,87.333,0.03,0.03,0.16168,
03/31/2012,1872.912,1872.912,-1390.136,1390.136,482.776,0.0,-464.928,439.662,25.266,17.848,-7.305,7.545,18.364,-10.819,,,-0.24,10.543,-3.629,6.914,0.0,0.0,0.0,6.914,-1.526,5.388,-0.53,0.0,4.858,21.2809,16.4229,86.341,0.06,0.06,0.246475,87.326,0.06,0.06,0.246475,
06/30/2012,1602.399,1602.399,-1192.886,1192.886,409.513,0.0,-386.425,386.425,0.0,23.088,-6.47,6.455,17.453,-10.998,,,0.015,16.618,-5.291,11.327,0.0,0.0,0.0,11.327,-0.079,11.248,-0.529,0.0,10.719,10.719,0.0,86.576,0.12,0.12,0.12,87.461,0.12,0.12,0.12,
09/29/2012,1744.579,1744.579,-1284.177,1284.177,460.402,0.0,-426.943,415.511,11.432,33.459,665.12,5.87,16.873,-11.003,,,-670.99,698.579,-263.331,435.248,0.0,0.0,0.0,435.248,-1.74,433.508,-0.522,0.0,432.986,29.939,-403.047,86.661,5.0,5.0,0.345473,88.104,4.92,4.92,0.345327,
12/29/2012,1700.493,1700.493,-1268.728,1268.728,431.765,0.0,-481.883,403.647,78.236,-50.118,-6.083,6.123,17.075,-10.952,,,-0.04,-56.201,23.528,-32.673,0.0,0.0,0.0,-32.673,-0.683,-33.356,-0.514,0.0,-33.87,13.83,47.7,86.795,-0.39,-0.39,0.159341,86.795,-0.39,-0.39,0.159341,
03/30/2013,1766.729,1766.729,-1307.869,1307.869,458.86,78.457,-435.42,435.42,0.0,101.897,-5.572,5.923,16.685,-10.762,,,-0.351,96.325,-38.673,57.652,0.0,0.0,0.0,57.652,-0.81,56.842,-0.507,0.0,56.335,10.695,-45.64,86.902,0.65,0.65,0.12307,88.298,0.64,0.64,0.12307,
06/29/2013,1533.049,1533.049,-1145.611,1145.611,387.438,0.0,-388.307,376.618,11.689,-0.869,-6.492,5.963,16.67,-10.707,,,0.529,-7.361,-1.587,-8.948,0.0,0.0,0.0,-8.948,-0.584,-9.532,-0.501,0.0,-10.033,1.61545,11.64845,87.049,-0.12,-0.12,0.018558,87.049,-0.12,-0.12,0.013815,
09/28/2013,1664.859,1664.859,-1247.373,1247.373,417.486,0.0,-350.698,389.127,-38.429,66.788,-6.053,5.956,16.643,-10.687,,,0.097,60.735,-28.4,32.335,0.0,0.0,0.0,32.335,-1.448,30.887,-0.507,0.0,30.38,13.651,-16.7,87.239,0.35,0.35,0.156811,89.183,0.34,0.34,0.152745,
12/31/2017,2581.0,2581.0,-1974.0,1974.0,607.0,0.0,-548.0,513.0,35.0,59.0,-18.0,18.0,23.0,-5.0,,,0.0,41.0,-89.0,-48.0,4.0,4.0,0.0,-52.0,,-52.0,,0.0,-52.0,-25.25,22.75,520.0,-0.1,-0.09,-0.048558,520.0,-0.1,-0.09,-0.048558,
06/30/2018,2628.0,2628.0,-2032.0,2032.0,596.0,0.0,-548.0,534.0,14.0,48.0,-20.0,25.0,31.0,-6.0,,,-5.0,28.0,-9.0,19.0,3.0,3.0,0.0,16.0,0.0,16.0,0.0,0.0,16.0,30.06,11.06,533.333333,0.03,0.03,0.056362,533.333333,0.03,0.03,0.050737,
