Date,Revenue,Sales & Services Revenue,Other Revenue,Cost of Revenue,Cost of Goods & Services,Gross Profit,Other Operating Income,Operating Expenses,"Selling, General & Admin",Selling & Marketing,General & Administrative,Research & Development,Other Operating Expense,Operating Income (Loss),Non-Operating (Income) Loss,"Interest Expense, Net",Interest Expense,Interest Income,Foreign Exch (Gain) Loss,(Income) Loss from Affiliates,Other Non-Op (Income) Loss,Pretax Income,Income Tax Expense (Benefit),Income (Loss) from Cont Ops,Net Extraordinary Losses (Gains),Discontinued Operations,XO & Accounting Changes,Income (Loss) Incl. MI,Minority Interest,"Net Income, GAAP",Preferred Dividends,Other Adjustments,"Net Income Avail to Common, GAAP","Net Income Avail to Common, Adj",Net Abnormal Losses (Gains),Basic Weighted Avg Shares,"Basic EPS, GAAP",Basic EPS from Cont Ops,"Basic EPS from Cont Ops, Adjusted",Diluted Weighted Avg Shares,"Diluted EPS, GAAP",Diluted EPS from Cont Ops,"Diluted EPS from Cont Ops, Adjusted",Source: Bloomberg
08/31/1989,165.865005,,,-28.629999,,137.235006,,-127.721001,,,,,,9.514,-1.956,,,,0.0,,1.956,7.558,-2.243,5.315,0.0,,,5.315,0.0,5.315,0.0,,5.315,5.315,,5513.0625,0.000988,0.000988,,5513.0625,0.000988,0.000988,0.000988,
11/30/1989,194.119003,,,-35.710999,,158.408005,,-142.061996,,,,,,16.346001,-3.18,,,,0.0,,3.18,13.166001,-4.01,9.156,0.0,,,9.156,0.0,9.156,0.0,,9.156,9.156,,5537.524658,0.001728,0.001728,,5537.524658,0.001728,0.001728,0.001728,
02/28/1990,238.035995,,,-41.563,,196.472996,,-154.794998,,,,,,41.678001,-5.342,,,,0.0,,5.342,36.336001,-11.669,24.667,0.0,,,24.667002,0.0,24.667,0.0,,24.667,24.667,,5554.169975,0.004444,0.004444,,5554.169975,0.004444,0.004444,0.004444,
05/31/1990,318.369995,,,-54.521999,,263.847996,,-196.044998,,,,,,67.803001,-6.657,,,,0.0,,6.657,61.146001,-19.407,41.738998,0.0,,,41.739001,0.0,41.738998,0.0,,41.738998,41.738998,,5561.054919,0.007407,0.007407,0.007407,5561.054919,0.007407,0.007407,0.007407,
08/31/1990,214.798996,,,-57.813999,,156.984997,,-192.988007,,,,,,-36.002998,-7.516,,,,0.0,,7.516,-43.518998,14.796,-28.723,0.0,,,-28.722999,0.0,-28.723,0.0,,-28.723,-28.723,,5321.011322,-0.005432,-0.005432,,5321.011322,-0.005432,-0.005432,-0.005432,
11/30/1990,256.618011,,,-68.558998,,188.059013,,-183.139008,,,,,,4.92,-6.838,,,,0.0,,6.838,-1.918,0.651,-1.267,0.0,,,-1.267,0.0,-1.267,0.0,,-1.267,-1.267,,5381.96402,-0.000247,-0.000247,,5381.96402,-0.000247,-0.000247,-0.000247,
02/28/1991,269.450989,,,-69.258003,,200.192986,,-171.410004,,,,,,28.783001,-7.48,,,,0.0,,7.48,21.303001,-9.244,12.059,0.0,,,12.059,0.0,12.059,0.0,,12.059,12.059,,5583.006203,0.002222,0.002222,,5583.006203,0.002222,0.002222,0.002222,
05/31/1991,287.080994,,,-70.799004,,216.28199,,-187.203003,,,,,,29.079,-18.187,,,,0.0,,18.187,10.892,-5.362,5.53,0.0,,,5.53,0.0,5.53,0.0,,5.53,5.53,,5673.563879,0.000988,0.000988,0.000988,5673.563879,0.000988,0.000988,0.000988,
08/31/1991,244.723999,,,-62.089001,,182.634998,,-174.061996,,,,,,8.573,-4.65,,,,0.0,,4.65,3.923,-1.497,2.426,0.0,,,2.426,0.0,2.426,0.0,,2.426,2.426,,5685.146713,0.000494,0.000494,,5685.146713,0.000494,0.000494,0.000494,
11/30/1991,283.945007,,,-69.108002,,214.837006,,-186.891998,,,,,,27.945,-6.1,,,,0.0,,6.1,21.845,-8.294,13.551,0.0,,,13.551,0.0,13.551,0.0,,13.551,13.551,,5762.218208,0.002469,0.002469,,5762.218208,0.002469,0.002469,0.002469,
02/29/1992,289.598999,,,-72.676003,,216.922997,,-187.046005,,,,,,29.877001,-2.839,,,,0.0,,2.839,27.038001,-10.273,16.764999,0.0,,,16.765001,0.0,16.764999,0.0,,16.764999,16.764999,,5825.762718,0.002963,0.002963,,5825.762718,0.002963,0.002963,0.002963,
05/31/1992,360.227997,,,-77.689003,,282.538994,,-235.270996,,,,,,47.268002,-3.944,,,,0.0,,3.944,43.324002,-14.556,28.768,0.0,,,28.768002,0.0,28.768,0.0,,28.768,28.768,,5647.40104,0.004691,0.004691,0.004691,5647.40104,0.004691,0.004691,0.004691,
08/31/1992,306.889008,,,-79.695999,,227.193008,,-211.160004,,,,,,16.033001,-0.702,,,,0.0,,0.702,15.331001,-5.366,9.965,43.470001,,,-33.505,0.0,-33.505001,0.0,,-33.505001,-33.505001,,5653.962158,-0.005926,0.001728,,5653.962158,-0.005926,0.001728,0.001728,
11/30/1992,353.169006,,,-84.646004,,268.523003,,-216.917999,,,,,,51.605,-0.083,,,,0.0,,0.083,51.522,-18.033001,33.488998,0.0,,,33.488999,0.0,33.488998,0.0,,33.488998,33.488998,,5913.485733,0.005679,0.005679,,5913.485733,0.005679,0.005679,0.005679,
02/28/1993,370.095001,,,-83.776001,,286.319,,-218.490005,,,,,,67.829002,-22.965,,,,0.0,,22.965,44.864002,-15.702,29.162001,0.0,,,29.162003,0.0,29.162001,0.0,,29.162001,29.162001,,5960.223015,0.004938,0.004938,,5960.223015,0.004938,0.004938,0.004938,
05/31/1993,472.61499,,,-98.514999,,374.099991,,-268.588013,,,,,,105.512001,0.812,,,,0.0,,-0.812,106.324001,-37.214001,69.110001,0.0,,,69.11,0.0,69.110001,0.0,,69.110001,69.110001,,5974.195581,0.011605,0.011605,0.011605,5974.195581,0.011605,0.011605,0.011605,
09/01/1993,398.053986,,,-100.178001,,297.875984,,-243.121002,,,,,,54.755001,1.851,,,,0.0,,-1.851,56.606001,-19.246,37.360001,0.0,,,37.360001,0.0,37.360001,0.0,,37.360001,37.360001,,5994.242867,0.006173,0.006173,,5994.242867,0.006173,0.006173,0.006173,
11/30/1993,452.170013,,,-116.197998,,335.972015,,-244.050995,,,,,,91.920998,-0.029,,,,0.0,,0.029,91.891998,-29.767,62.125,0.0,,,62.124997,0.0,62.125,0.0,,62.125,62.125,,5992.623138,0.01037,0.01037,,5992.623138,0.01037,0.01037,0.01037,
02/28/1994,482.790009,,,-127.407997,,355.382011,,-251.511993,,,,,,103.870003,0.24,,,,0.0,,-0.24,104.110003,-34.362,69.748001,0.0,,,69.748003,0.0,69.748001,0.0,,69.748001,69.748001,,5989.342278,0.011852,0.011852,,5989.342278,0.011852,0.011852,0.011852,
05/31/1994,668.132996,,,-155.429001,,512.703995,,-343.296997,,,,,,169.406998,1.448,,,,0.0,,-1.448,170.854998,-56.368,114.487,0.0,,,114.486998,0.0,114.487,0.0,,114.487,114.487,,5978.20502,0.019259,0.019259,0.019259,5978.20502,0.019259,0.019259,0.019259,
08/31/1994,556.473999,,,-156.522995,,399.951004,,-312.40799,,,,,,87.542999,3.8,,,,0.0,,-3.8,91.342999,-30.143,61.200001,0.0,,,61.2,0.0,61.200001,0.0,,61.200001,61.200001,,5983.834213,0.01037,0.01037,,5983.834213,0.01037,0.01037,0.01037,
11/30/1994,670.280029,,,-187.578003,,482.702026,,-344.769989,,,,,,137.932007,2.166,,,,0.0,,-2.166,140.098007,-46.231998,93.865997,0.0,,,93.866008,0.0,93.865997,0.0,,93.865997,93.865997,,5986.345688,0.015802,0.015802,,5986.345688,0.015802,0.015802,0.015802,
02/28/1995,722.244995,,,-196.682999,,525.561996,,-370.710999,,,,,,154.850998,1.533,,,,0.0,,-1.533,156.383998,-51.606998,104.777,0.0,,,104.776999,0.0,104.777,0.0,,104.777,104.777,,5980.837418,0.017778,0.017778,,5980.837418,0.017778,0.017778,0.017778,
05/31/1995,1017.879028,,,-238.227997,,779.651031,,-510.256012,,,,,,269.394989,1.762,,,,0.0,,-1.762,271.156989,-89.482002,181.675003,0.0,,,181.674987,0.0,181.675003,0.0,,181.675003,181.675003,,6003.328635,0.03037,0.03037,0.03037,6003.328635,0.03037,0.03037,0.03037,
08/31/1995,771.802979,,,-231.509003,,540.293976,,-415.171997,,,,,,125.122002,-43.662998,,,,0.0,,43.662998,81.459003,-27.695999,53.763,0.0,,,53.763004,0.0,53.763,0.0,,53.763,53.763,,6027.979477,0.008889,0.008889,,6027.979477,0.008889,0.008889,0.008889,
11/30/1995,967.184021,,,-255.421997,,711.762024,,-507.149994,,,,,,204.612,2.814,,,,0.0,,-2.814,207.425999,-70.525002,136.901001,0.0,,,136.900998,0.0,136.901001,0.0,,136.901001,136.901001,,6036.390198,0.022963,0.022963,0.022963,6036.390198,0.022963,0.022963,0.022963,
02/29/1996,1020.239014,,,-286.842987,,733.396027,,-513.453979,,,,,,219.942001,1.709,,,,0.0,,-1.709,221.651001,-75.361,146.289993,0.0,,,146.290001,0.0,146.289993,0.0,,146.289993,146.289993,,6034.310898,0.024444,0.024444,,6034.310898,0.024444,0.024444,0.024444,
05/31/1996,1464.073975,,,-322.239014,,1141.834961,,-786.619995,,,,,,355.214996,53.758999,,,,0.0,,-53.758999,408.973995,-142.649002,266.325012,0.0,,,266.324993,0.0,266.325012,0.0,,266.325012,266.325012,,6045.00293,0.044444,0.044444,,6045.00293,0.044444,0.044444,0.044444,
08/31/1996,1052.319946,,,-336.106995,,716.212952,,-547.338013,,,,,,168.875,7.33,,,,0.0,,-7.33,176.205,-63.433998,112.771004,0.0,,,112.771002,0.0,112.771004,0.0,,112.771004,112.771004,,5908.931763,0.018889,0.018889,0.018889,6064.289978,0.018889,0.018889,0.018889,
11/30/1996,1311.373047,,,-377.483002,,933.890045,,-659.702026,,,,,,274.187988,6.275,,,,0.0,,-6.275,280.462988,-100.967003,179.496002,0.0,,,179.495986,0.0,179.496002,0.0,,179.496002,179.496002,,5920.172974,0.03,0.03,0.03,6083.540771,0.03,0.03,0.03,
02/28/1997,1372.612061,,,-401.44101,,971.171051,,-674.244019,,,,,,296.927002,-32.470001,,,,0.0,,32.470001,264.457001,-95.204002,169.253006,0.0,,,169.252998,0.0,169.253006,0.0,,169.253006,169.253006,,5910.930176,0.027778,0.027778,0.032222,6058.673767,0.027778,0.027778,0.032222,
05/31/1997,1948.031006,,,-435.434998,,1512.596008,,-952.801025,,,,,,559.794983,2.607,,,,0.0,,-2.607,562.401983,-202.464996,359.937012,0.0,,,359.936987,0.0,359.937012,0.0,,359.937012,359.937012,,5880.699097,0.061667,0.061667,0.061667,6016.57196,0.059999,0.06,0.06,
08/31/1997,1368.828979,,,-468.166992,,900.661987,,-684.632019,,,,,,216.029999,-127.080002,,,,0.0,,127.080002,88.949997,-80.478996,8.471,0.0,,,8.471001,0.0,8.471,0.0,,8.471,8.471,,5875.709839,0.001667,0.001667,0.026667,6037.595947,0.001667,0.001667,0.025,
11/30/1997,1613.727051,,,-548.630981,,1065.096069,,-793.090027,,,,,,272.006012,16.247999,,,,0.0,,-16.247999,288.254011,-100.93,187.324005,0.0,,,187.324011,0.0,187.324005,0.0,,187.324005,187.324005,,5894.946167,0.031667,0.031667,0.031667,6051.3479,0.03,0.03,0.03,
02/28/1998,1748.756958,,,-586.39801,,1162.358948,,-844.085999,,,,,,318.27301,12.615,,,,0.0,,-12.615,330.88801,-115.810997,215.076996,0.0,,,215.077013,0.0,215.076996,0.0,,215.076996,215.076996,,5849.682129,0.036667,0.036667,0.036667,5949.845947,0.035,0.035,0.035,
05/31/1998,2412.552979,,,-670.411011,,1742.141968,,-1137.197021,,,,,,604.945007,14.782,,,,0.0,,-14.782,619.727007,-216.904007,402.822998,0.0,,,402.823,0.0,402.822998,0.0,,402.822998,402.822998,,5842.044067,0.07,0.07,0.07,5954.615845,0.0675,0.0675,0.0675,
08/31/1998,1749.110962,,,-679.289978,,1069.820984,,-791.984009,,,,,,277.837006,22.166,,,,0.0,,-22.166,300.003006,-105.000999,195.001999,0.0,,,195.002007,0.0,195.001999,0.0,,195.001999,195.001999,,5837.363892,0.033333,0.033333,0.033333,5934.893922,0.033333,0.033333,0.033333,
11/30/1998,2055.944092,,,-779.846985,,1276.097107,,-894.030029,,,,,,382.066986,28.653999,,,,0.0,,-28.653999,410.720985,-136.645004,274.075989,0.0,,,274.075981,0.0,274.075989,0.0,,274.075989,274.075989,,5783.040161,0.046667,0.046667,0.046667,5899.620117,0.046667,0.046667,0.046667,
02/28/1999,2078.918945,,,-792.02301,,1286.895935,,-880.21698,,,,,,406.678986,37.655998,,,,0.0,,-37.655998,444.334984,-151.074005,293.260986,0.0,,,293.260979,0.0,293.260986,0.0,,293.260986,293.260986,,5761.409912,0.05,0.05,0.05,5981.843994,0.05,0.05,0.05,
05/31/1999,2943.278076,,,-812.987976,,2130.2901,,-1323.991943,,,,,,806.297974,20.721001,,,,0.0,,-20.721001,827.018974,-299.600006,527.419006,0.0,,,527.418968,0.0,527.419006,0.0,,527.419006,527.419006,,5747.591797,0.0925,0.0925,0.0925,5931.23584,0.09,0.09,0.09,
08/31/1999,1984.516968,,,-756.75,,1227.766968,,-881.903992,,,,,,345.863007,18.347,,,,0.0,,-18.347,364.210007,-127.473999,236.735992,0.0,,,236.736008,0.0,236.735992,0.0,0.0,236.735992,236.735992,,5721.839844,0.0425,0.0425,0.0425,5964.804199,0.04,0.04,0.04,
11/30/1999,2321.883057,,,-753.169983,,1568.713074,,-992.64801,,,,,,576.065002,15.45,,,,0.0,,-15.45,591.515002,-207.031006,384.484009,0.0,,,384.483996,0.0,384.484009,0.0,0.0,384.484009,384.484009,,5717.779785,0.0675,0.0675,0.0675,6012.600098,0.06,0.06,0.06,
02/28/2000,2449.417969,,,-707.260986,,1742.156982,,-972.435974,,,,,,769.721008,439.609009,,,,0.0,,-439.609009,1209.330017,-446.153992,763.176025,0.0,,,763.176025,0.0,763.176025,0.0,0.0,763.176025,763.176025,,5637.87793,0.135,0.135,0.09,5996.37793,0.125,0.125,0.085,
05/31/2000,3374.312012,,,-725.497986,,2648.814026,,-1260.301025,,,,,,1388.512939,6569.868208,,18.893999,,0.0,,-6588.762207,7958.381147,-3045.971924,4912.40918,0.0,,,4912.409224,0.0,4912.40918,0.0,0.0,4912.40918,4912.40918,,5637.855957,0.87,0.87,0.165,6009.585938,0.815,0.815,0.155,
08/31/2000,2288.0,,,-700.002991,,1587.997009,,-929.955994,,,,,,658.041016,118.202003,,,,0.0,,-118.202003,776.243019,-275.56601,500.677002,0.0,,,500.67701,0.0,500.677002,0.0,0.0,500.677002,500.677002,,5604.058105,0.09,0.09,0.09,5932.870117,0.08,0.08,0.08,
11/30/2000,2686.0,,,-721.452026,,1964.547974,,-1018.546997,,,,,,946.000977,19.879999,,,,0.0,,-19.879999,965.880976,-343.069,622.812012,0.0,,,622.811975,0.0,622.812012,0.0,0.0,622.812012,622.812012,,5584.428223,0.11,0.11,0.11,5874.986816,0.11,0.11,0.11,
02/28/2001,2696.0,,,-730.247009,,1965.752991,,-1087.630005,,,,,,878.122986,25.308001,,,,0.0,,-25.308001,903.430986,-320.717987,582.713013,0.0,,,582.712999,0.0,582.713013,0.0,0.0,582.713013,582.713013,,5595.808105,0.1,0.1,0.1,5851.333008,0.1,0.1,0.1,
05/31/2001,3291.0,,,-745.666016,,2545.333984,,-1250.407959,,,,,,1294.926025,30.749001,,,,0.0,,-30.749001,1325.675026,-470.781006,854.893982,0.0,,,854.89402,0.0,854.893982,0.0,0.0,854.893982,854.893982,,5602.589844,0.15,0.15,0.15,5800.032227,0.15,0.15,0.15,
08/31/2001,2265.0,,,-632.828003,,1632.171997,,-886.393982,,,,,,745.778015,39.833,,,-56.0,0.0,,16.167,785.611015,-274.963989,510.647003,0.0,,,510.647026,0.0,510.647003,0.0,0.0,510.647003,510.647003,,5579.811035,0.09,0.09,0.09,5780.02002,0.09,0.09,0.09,
11/30/2001,2380.0,,,-632.502991,,1747.497009,,-927.552979,,,,,,819.94397,25.382,,,-45.0,0.0,,19.618,845.32597,-295.864014,549.461975,0.0,,,549.461956,0.0,549.461975,0.0,0.0,549.461975,549.461975,,5528.37207,0.1,0.1,0.1,5695.859863,0.1,0.1,0.1,
02/28/2002,2254.0,,,-572.124023,,1681.875977,,-903.137024,,,,,,778.739014,2.761,,,-34.0,0.0,,31.239,781.500014,-273.524994,507.975006,0.0,,,507.97502,0.0,507.975006,0.0,0.0,507.975006,507.975006,,5492.296875,0.09,0.09,0.09,5669.333984,0.09,0.09,0.09,
05/31/2002,2774.0,,,-568.463013,,2205.536987,,-979.265991,,,,,,1226.270996,-230.503998,,,-31.0,0.0,,261.503998,995.766998,-339.846008,655.921021,0.0,,,655.92099,0.0,655.921021,0.0,0.0,655.921021,655.921021,,5471.617188,0.12,0.12,0.14,5610.625977,0.12,0.12,0.14,
08/31/2002,2028.0,,,-589.0,,1439.0,,-859.0,,,,,,580.0,-54.0,,4.0,-33.0,0.0,,83.0,526.0,-179.0,347.0,0.0,,,347.0,-4.0,343.0,0.0,0.0,343.0,343.0,,5398.817871,0.06,0.06,0.07,5514.97998,0.06,0.06,0.07,
11/30/2002,2309.0,,,-599.0,,1710.0,,-916.0,,,,,,794.0,15.0,,4.0,-35.0,-3.0,,19.0,809.0,-265.0,544.0,0.0,,,544.0,-9.0,535.0,0.0,0.0,535.0,535.0,,5308.868164,0.1,0.1,0.1,5419.831055,0.1,0.1,0.1,
02/28/2003,2307.0,,,-454.0,,1853.0,,-1057.0,,,,,,796.0,39.0,,4.0,-32.0,-11.0,,0.0,835.0,-258.0,577.0,0.0,,,577.0,-6.0,571.0,0.0,0.0,571.0,571.0,,5258.666992,0.11,0.11,0.11,5383.378906,0.11,0.11,0.11,
05/31/2003,2832.0,,,-581.0,,2251.0,,-981.0,,,,,,1270.0,0.0,,4.0,-29.0,11.0,,14.0,1270.0,-416.0,854.0,0.0,,,854.0,4.0,858.0,0.0,0.0,858.0,858.0,,5240.182129,0.16,0.16,0.16,5355.759766,0.16,0.16,0.16,
08/31/2003,2072.0,,,-563.0,,1509.0,,-893.0,,,,,,616.0,53.0,-17.0,11.0,-28.0,,,-36.0,669.0,-224.0,445.0,,,,445.0,-5.0,440.0,,,440.0,440.0,,5230.0,0.08,0.08,0.08,5347.0,0.08,0.08,0.08,
11/30/2003,2498.0,,,-598.0,,1900.0,,-985.0,662.0,,,,323.0,915.0,19.0,-26.0,3.0,-29.0,4.0,,3.0,934.0,-299.0,635.0,0.0,,,635.0,-18.0,617.0,0.0,,617.0,617.0,,5226.0,0.12,0.12,0.12,5337.0,0.12,0.12,0.12,
02/29/2004,2509.0,,,-582.0,,1927.0,,-1000.0,,,,,,927.0,20.0,,4.0,-29.0,4.0,,1.0,947.0,-312.0,635.0,0.0,,,635.0,0.0,635.0,0.0,,635.0,635.0,,5218.0,0.12,0.12,0.12,5337.0,0.12,0.12,0.12,
05/31/2004,3076.0,,,-574.0,,2502.0,,-1098.0,,,,,,1404.0,-10.0,,3.0,-32.0,-11.0,,50.0,1394.0,-429.0,965.0,0.0,,,965.0,23.0,988.0,0.0,0.0,988.0,988.0,,5185.0,0.19,0.19,0.19,5283.0,0.19,0.19,0.19,
08/31/2004,2215.0,,,-555.0,,1660.0,,-945.0,,,,,,715.0,32.0,-31.0,6.0,-37.0,3.0,,-4.0,747.0,-229.0,518.0,0.0,,,518.0,-9.0,509.0,0.0,0.0,509.0,509.0,,5154.0,0.1,0.1,0.1,5241.0,0.1,0.1,0.1,
11/30/2004,2756.0,,,-590.0,,2166.0,,-1035.0,708.0,,,,327.0,1131.0,33.0,-37.0,6.0,-43.0,7.0,,-3.0,1164.0,-339.0,825.0,0.0,,,825.0,-10.0,815.0,0.0,0.0,815.0,815.0,,5123.0,0.16,0.16,0.16,5218.0,0.16,0.16,0.16,
02/28/2005,2950.0,,,-552.0,,2398.0,,-1470.0,,,,,,928.0,-157.0,1.0,58.0,-57.0,7.0,,149.0,771.0,-231.0,540.0,0.0,,,540.0,0.0,540.0,0.0,0.0,540.0,540.0,,5122.0,0.11,0.11,0.16,5230.0,0.1,0.1,0.16,
05/31/2005,3878.0,,,-954.0,,2924.0,,-1321.0,,,,,,1603.0,-242.0,,65.0,-48.0,-17.0,,242.0,1361.0,-366.0,995.0,0.0,,,995.0,27.0,1022.0,0.0,0.0,1022.0,1022.0,,5145.0,0.2,0.2,0.26,5234.0,0.2,0.2,0.26,
08/31/2005,2768.0,,,-723.0,,2045.0,,-1294.0,,,,,,751.0,-18.0,-4.0,21.0,-25.0,-16.0,,38.0,733.0,-214.0,519.0,0.0,,,519.0,0.0,519.0,0.0,0.0,519.0,519.0,,5148.0,0.1,0.1,0.14,5244.0,0.1,0.1,0.14,
11/30/2005,3292.0,,,-757.0,,2535.0,,-1419.0,,,,,,1116.0,-3.0,-8.0,16.0,-24.0,-4.0,,15.0,1113.0,-324.0,789.0,0.0,,,789.0,9.0,798.0,0.0,0.0,798.0,798.0,,5152.0,0.15,0.15,0.19,5238.0,0.15,0.15,0.19,
02/28/2006,3470.0,,,-790.0,,2680.0,0.0,-1517.0,902.0,756.0,,,615.0,1163.0,-85.0,-1.0,49.0,-50.0,-16.0,,102.0,1078.0,-313.0,765.0,0.0,,,765.0,0.0,765.0,0.0,0.0,765.0,765.0,,5207.0,0.15,0.15,0.2,5304.0,0.14,0.14,0.19,
05/31/2006,4851.0,,,-964.0,,3887.0,,-1966.0,,,,,,1921.0,-9.0,12.0,83.0,-71.0,-3.0,,-16.0,1928.0,-578.0,1300.0,0.0,,,1350.0,0.0,1300.0,0.0,0.0,1300.0,1300.0,,5278.0,0.25,0.25,0.29,5373.0,0.24,0.24,0.29,
08/31/2006,3591.0,,,-980.0,,2611.0,,-1611.0,,,,,,1000.0,-50.0,6.0,83.0,-77.0,6.0,,38.0,950.0,-292.0,658.0,0.0,,,658.0,12.0,670.0,0.0,0.0,670.0,670.0,,5217.0,0.13,0.13,0.17,5307.0,0.13,0.13,0.17,
11/30/2006,4163.0,,,-1025.0,,3138.0,,-1806.0,,,,,,1332.0,22.0,1.0,82.0,-81.0,0.0,,-23.0,1354.0,-387.0,967.0,0.0,,,967.0,0.0,967.0,0.0,0.0,967.0,967.0,,5184.0,0.19,0.19,0.23,5287.0,0.18,0.18,0.22,
02/28/2007,4414.0,,,-1030.0,,3384.0,0.0,-1934.0,1142.0,967.0,,,792.0,1450.0,-44.0,15.0,82.0,-67.0,0.0,,29.0,1406.0,-373.0,1033.0,0.0,,,1033.0,,1033.0,0.0,0.0,1033.0,1033.0,,5159.0,0.2,0.2,0.24,5257.0,0.2,0.2,0.24,
05/31/2007,5828.0,,,-1157.0,,4671.0,0.0,-2320.0,1465.0,1275.0,,,855.0,2351.0,-87.0,26.0,96.0,-70.0,0.0,,61.0,2264.0,-660.0,1604.0,0.0,,,1604.0,0.0,1604.0,0.0,0.0,1604.0,1604.0,,5122.0,0.31,0.31,0.36,5224.0,0.31,0.31,0.36,
08/31/2007,4529.0,,,-1159.0,,3370.0,,-2106.0,,,,,,1264.0,-64.0,-54.0,94.0,-148.0,0.0,,118.0,1200.0,-360.0,840.0,0.0,,,840.0,0.0,840.0,0.0,0.0,840.0,840.0,,5110.0,0.16,0.16,0.21,5217.0,0.16,0.16,0.21,
11/30/2007,5313.0,,,-1238.0,,4075.0,,-2265.0,,,,,,1810.0,21.0,,89.0,-89.0,-21.0,,0.0,1831.0,-512.0,1319.0,0.0,,,1319.0,-16.0,1303.0,0.0,0.0,1303.0,1303.0,,5125.0,0.25,0.25,0.29,5232.0,0.25,0.25,0.29,
02/29/2008,5349.0,,,-1243.0,,4106.0,,-2263.0,,,,,,1843.0,51.0,-7.0,82.0,-89.0,-20.0,,-24.0,1894.0,-537.0,1357.0,0.0,,,1357.0,-17.0,1340.0,0.0,0.0,1340.0,1340.0,,5148.0,0.26,0.26,0.3,5235.0,0.26,0.26,0.3,
05/31/2008,7239.0,,,-1341.0,,5898.0,,-2804.0,1727.0,1526.0,,,1077.0,3094.0,-152.0,45.0,130.0,-85.0,0.0,,107.0,2942.0,-905.0,2037.0,0.0,,,2037.0,0.0,2037.0,0.0,0.0,2037.0,2037.0,,5150.0,0.4,0.4,0.46,5233.0,0.39,0.39,0.45,
08/31/2008,5331.0,1159.0,4172.0,-1308.0,1308.0,4023.0,0.0,-2502.0,1318.0,1112.0,206.0,708.0,476.0,1521.0,-77.0,71.0,159.0,-88.0,-9.0,,15.0,1444.0,-367.0,1077.0,0.0,0.0,0.0,1077.0,0.0,1077.0,0.0,0.0,1077.0,1122.05513,45.05513,5152.0,0.21,0.21,0.21779,5235.0,0.21,0.21,0.21779,
11/30/2008,5607.0,1131.0,4476.0,-1196.0,1196.0,4411.0,0.0,-2436.0,1320.0,1146.0,174.0,651.0,465.0,1975.0,-149.0,60.0,157.0,-97.0,22.0,,67.0,1826.0,-530.0,1296.0,0.0,0.0,0.0,1296.0,0.0,1296.0,0.0,0.0,1296.0,1322.971609,26.971609,5127.0,0.25,0.25,0.25804,5187.0,0.25,0.25,0.2552,
02/28/2009,5453.0,1020.0,4433.0,-1111.0,1111.0,4342.0,0.0,-2402.0,1246.0,1054.0,192.0,677.0,479.0,1940.0,-130.0,96.0,154.0,-58.0,9.0,,25.0,1810.0,-481.0,1329.0,0.0,0.0,0.0,1329.0,0.0,1329.0,0.0,0.0,1329.0,1359.8,30.8,5005.0,0.27,0.27,0.271688,5056.0,0.26,0.26,0.266092,
05/31/2009,6861.0,1065.0,5796.0,-1179.0,1179.0,5682.0,0.0,-2798.0,1540.0,1326.0,214.0,731.0,527.0,2884.0,-130.0,123.0,159.0,-36.0,33.0,,-26.0,2754.0,-863.0,1891.0,0.0,0.0,0.0,1891.0,0.0,1891.0,0.0,0.0,1891.0,1952.812401,61.812401,4995.0,0.38,0.38,0.390953,5043.0,0.38,0.38,0.390953,
08/31/2009,5054.0,4026.0,1028.0,-1008.0,1008.0,4046.0,0.0,-2306.0,1161.0,960.0,201.0,660.0,485.0,1740.0,-178.0,144.0,179.0,-35.0,19.0,,15.0,1562.0,-438.0,1124.0,0.0,0.0,0.0,1124.0,,1124.0,0.0,0.0,1124.0,1162.865052,38.865052,5009.0,0.22,0.22,0.232155,5063.0,0.22,0.22,0.227676,
11/30/2009,5858.0,4205.0,1653.0,-1096.0,1096.0,4762.0,0.0,-2584.0,1316.0,1133.0,183.0,708.0,560.0,2178.0,-155.0,158.0,188.0,-30.0,2.0,,-5.0,2023.0,-565.0,1458.0,0.0,0.0,0.0,1458.0,,1458.0,0.0,0.0,1458.0,1549.9941,91.9941,5010.0,0.29,0.29,0.30938,5064.0,0.29,0.29,0.308166,
02/28/2010,6404.0,4228.0,2176.0,-1419.0,1419.0,4985.0,0.0,-3142.0,1477.0,1241.0,236.0,823.0,842.0,1843.0,-261.0,159.0,186.0,-27.0,88.0,,14.0,1582.0,-393.0,1189.0,0.0,0.0,0.0,1189.0,,1189.0,0.0,0.0,1189.0,1435.442953,246.442953,5015.0,0.24,0.24,0.28623,5076.0,0.23,0.23,0.278551,
05/31/2010,9505.0,5772.0,3733.0,-2242.0,2242.0,7263.0,0.0,-3963.0,2038.0,1745.0,293.0,1063.0,862.0,3300.0,-225.0,171.0,201.0,-30.0,39.0,,15.0,3075.0,-711.0,2364.0,0.0,0.0,0.0,2364.0,,2364.0,0.0,0.0,2364.0,2521.657399,157.657399,5022.0,0.47,0.47,0.502122,5090.0,0.46,0.46,0.490974,
08/31/2010,7502.0,4518.0,2984.0,-2062.0,2062.0,5440.0,0.0,-3523.0,1605.0,1333.0,272.0,1103.0,815.0,1917.0,-122.0,162.0,196.0,-34.0,-49.0,,9.0,1795.0,-443.0,1352.0,0.0,0.0,0.0,1352.0,,1352.0,0.0,0.0,1352.0,1511.926214,159.926214,5026.0,0.27,0.27,0.300821,5083.0,0.27,0.27,0.300821,
11/30/2010,8582.0,4830.0,3752.0,-2157.0,2157.0,6425.0,0.0,-3655.0,1686.0,1530.0,156.0,1119.0,850.0,2770.0,-124.0,175.0,214.0,-39.0,-33.0,,-18.0,2646.0,-776.0,1870.0,0.0,0.0,0.0,1870.0,,1870.0,0.0,0.0,1870.0,1965.583012,95.583012,5044.0,0.37,0.37,0.389687,5117.0,0.37,0.37,0.38868,
02/28/2011,8764.0,4886.0,3878.0,-2012.0,2012.0,6752.0,0.0,-3765.0,1904.0,1618.0,286.0,1127.0,734.0,2987.0,-188.0,160.0,204.0,-44.0,30.0,,-2.0,2799.0,-683.0,2116.0,0.0,0.0,0.0,2116.0,,2116.0,0.0,0.0,2116.0,2203.21989,87.21989,5057.0,0.42,0.42,0.435677,5149.0,0.41,0.41,0.426939,
05/31/2011,10775.0,6366.0,4409.0,-2170.0,2170.0,8605.0,0.0,-4246.0,2353.0,2098.0,255.0,1170.0,723.0,4359.0,-189.0,149.0,195.0,-46.0,41.0,,-1.0,4170.0,-961.0,3209.0,0.0,0.0,0.0,3209.0,,3209.0,0.0,0.0,3209.0,3303.283276,94.283276,5065.0,0.63,0.63,0.652178,5164.0,0.62,0.62,0.638258,
08/31/2011,8374.0,6231.0,2143.0,-1988.0,1988.0,6386.0,0.0,-3703.0,1941.0,1630.0,311.0,1050.0,712.0,2683.0,-212.0,135.0,192.0,-57.0,29.0,,48.0,2471.0,-631.0,1840.0,0.0,0.0,0.0,1840.0,,1840.0,0.0,0.0,1840.0,1924.937712,84.937712,5062.0,0.36,0.36,0.380272,5150.0,0.36,0.36,0.376493,
11/30/2011,8792.0,6119.0,2673.0,-1956.0,1956.0,6836.0,0.0,-3725.0,1974.0,1697.0,277.0,1102.0,649.0,3111.0,-151.0,134.0,192.0,-58.0,10.0,,7.0,2960.0,-768.0,2192.0,0.0,0.0,0.0,2192.0,,2192.0,0.0,0.0,2192.0,2233.251834,41.251834,5041.0,0.43,0.43,0.443018,5123.0,0.43,0.43,0.438052,
02/29/2012,9039.0,6061.0,2978.0,-1908.0,1908.0,7131.0,0.0,-3814.0,1961.0,1700.0,261.0,1145.0,708.0,3317.0,-169.0,130.0,190.0,-60.0,28.0,,11.0,3148.0,-650.0,2498.0,0.0,0.0,0.0,2498.0,,2498.0,0.0,0.0,2498.0,2570.364865,72.364865,5007.0,0.5,0.5,0.513354,5080.0,0.49,0.49,0.504245,
05/31/2012,10916.0,2179.0,8737.0,-2006.0,2006.0,8910.0,0.0,-4314.0,2378.0,2100.0,278.0,1226.0,710.0,4596.0,-214.0,138.0,194.0,-56.0,38.0,,38.0,4382.0,-931.0,3451.0,0.0,0.0,0.0,3451.0,,3451.0,0.0,0.0,3451.0,3503.882096,52.882096,4950.0,0.7,0.7,0.707855,5027.0,0.69,0.69,0.70052,
08/31/2012,8181.0,6033.0,2148.0,-1775.0,1775.0,6406.0,0.0,-3527.0,1820.0,1545.0,275.0,1201.0,506.0,2879.0,-177.0,131.0,188.0,-57.0,-26.0,,72.0,2702.0,-668.0,2034.0,0.0,0.0,0.0,2034.0,,2034.0,0.0,0.0,2034.0,2140.590141,106.590141,4867.0,0.42,0.42,0.439817,4939.0,0.41,0.41,0.431581,
11/30/2012,9094.0,6705.0,2389.0,-1794.0,1794.0,7300.0,0.0,-3829.0,2036.0,1773.0,263.0,1199.0,594.0,3471.0,-191.0,134.0,195.0,-61.0,-37.0,,94.0,3280.0,-699.0,2581.0,0.0,0.0,0.0,2581.0,,2581.0,0.0,0.0,2581.0,2587.754057,6.754057,4792.0,0.54,0.54,0.540015,4868.0,0.53,0.53,0.531387,
02/28/2013,8958.0,6056.0,2902.0,-1716.0,1716.0,7242.0,0.0,-3908.0,2062.0,1802.0,260.0,1186.0,660.0,3334.0,-244.0,143.0,205.0,-62.0,-87.0,,188.0,3090.0,-586.0,2504.0,0.0,0.0,0.0,2504.0,,2504.0,0.0,0.0,2504.0,2556.957346,52.957346,4735.0,0.53,0.53,0.540012,4812.0,0.52,0.52,0.531005,
05/31/2013,10947.0,2519.0,8428.0,-1828.0,1828.0,9119.0,0.0,-4119.0,2482.0,2208.0,274.0,1264.0,373.0,5000.0,-175.0,153.0,210.0,-57.0,312.0,,-290.0,4825.0,-1018.0,3807.0,0.0,0.0,0.0,3807.0,,3807.0,0.0,0.0,3807.0,3687.521815,-119.478185,4684.0,0.81,0.81,0.787259,4756.0,0.8,0.8,0.774878,
08/31/2013,8372.0,6381.0,1991.0,-1721.0,1721.0,6651.0,0.0,-3778.0,1880.0,1620.0,260.0,1237.0,661.0,2873.0,-210.0,160.0,217.0,-57.0,35.0,,15.0,2663.0,-472.0,2191.0,0.0,0.0,0.0,2191.0,,2191.0,0.0,0.0,2191.0,2243.341014,52.341014,4608.0,0.48,0.48,0.486836,4674.0,0.47,0.47,0.481198,
11/30/2013,9275.0,6545.0,2730.0,-1807.0,1807.0,7468.0,0.0,-4058.0,2139.0,1877.0,262.0,1273.0,646.0,3410.0,-207.0,165.0,230.0,-65.0,-44.0,,86.0,3203.0,-650.0,2553.0,0.0,0.0,0.0,2553.0,,2553.0,0.0,0.0,2553.0,2602.686624,49.686624,4535.0,0.56,0.56,0.573911,4600.0,0.56,0.56,0.570801,
02/28/2014,9307.0,6581.0,2726.0,-1775.0,1775.0,7532.0,0.0,-3965.0,2080.0,1829.0,251.0,1292.0,593.0,3567.0,-318.0,161.0,228.0,-67.0,-148.0,,305.0,3249.0,-684.0,2565.0,0.0,0.0,0.0,2565.0,,2565.0,0.0,0.0,2565.0,2587.633281,22.633281,4496.0,0.57,0.57,0.575541,4575.0,0.56,0.56,0.564947,
05/31/2014,11320.0,2260.0,9060.0,-1931.0,1931.0,9389.0,0.0,-4480.0,2506.0,2241.0,265.0,1349.0,625.0,4909.0,-320.0,165.0,239.0,-74.0,148.0,,7.0,4589.0,-943.0,3646.0,0.0,0.0,0.0,3646.0,,3646.0,0.0,0.0,3646.0,3682.272727,36.272727,4475.0,0.81,0.81,0.822854,4569.0,0.8,0.8,0.807939,
08/31/2014,8596.0,6639.0,1957.0,-1681.0,1681.0,6915.0,0.0,-3952.0,1982.0,1706.0,276.0,1329.0,641.0,2963.0,-245.0,172.0,261.0,-89.0,41.0,,32.0,2718.0,-534.0,2184.0,0.0,0.0,0.0,2184.0,,2184.0,0.0,0.0,2184.0,2252.303738,68.303738,4451.0,0.49,0.49,0.506022,4548.0,0.48,0.48,0.495018,
11/30/2014,9598.0,6936.0,2662.0,-1899.0,1899.0,7699.0,0.0,-4157.0,2169.0,1897.0,272.0,1389.0,599.0,3542.0,-273.0,203.0,282.0,-79.0,32.0,,38.0,3269.0,-767.0,2502.0,0.0,0.0,0.0,2502.0,,2502.0,0.0,0.0,2502.0,2524.45583,22.45583,4417.0,0.57,0.57,0.571532,4505.0,0.56,0.56,0.564985,
02/28/2015,9327.0,6758.0,2569.0,-1900.0,1900.0,7427.0,0.0,-4044.0,2091.0,1839.0,252.0,1370.0,583.0,3383.0,-233.0,191.0,273.0,-82.0,-32.0,,74.0,3150.0,-655.0,2495.0,0.0,0.0,0.0,2495.0,,2495.0,0.0,0.0,2495.0,2534.193196,39.193196,4389.0,0.57,0.57,0.577396,4494.0,0.56,0.56,0.568721,
05/31/2015,10706.0,2293.0,8413.0,-2053.0,2053.0,8653.0,0.0,-4671.0,2490.0,2212.0,278.0,1435.0,746.0,3982.0,-285.0,226.0,325.0,-99.0,52.0,,7.0,3697.0,-939.0,2758.0,0.0,0.0,0.0,2758.0,,2758.0,0.0,0.0,2758.0,2935.090361,177.090361,4359.0,0.63,0.63,0.67334,4463.0,0.62,0.62,0.65968,
08/31/2015,8448.0,5877.0,2571.0,-1850.0,1850.0,6598.0,0.0,-3944.0,1988.0,1731.0,257.0,1390.0,566.0,2654.0,-344.0,257.0,374.0,-117.0,25.0,,62.0,2310.0,-563.0,1747.0,0.0,0.0,0.0,1747.0,0.0,1747.0,0.0,0.0,1747.0,1830.516514,83.516514,4317.0,0.4,0.4,0.424025,4412.0,0.4,0.4,0.418929,
11/30/2015,8993.0,6766.0,2227.0,-1853.0,1853.0,7140.0,0.0,-4185.0,2230.0,1945.0,285.0,1444.0,511.0,2955.0,-287.0,248.0,371.0,-123.0,28.0,,11.0,2668.0,-471.0,2197.0,0.0,0.0,0.0,2197.0,,2197.0,0.0,0.0,2197.0,2258.645848,61.645848,4239.0,0.52,0.52,0.532825,4316.0,0.51,0.51,0.524283,
02/29/2016,9012.0,6008.0,3004.0,-1839.0,1839.0,7173.0,0.0,-4146.0,2193.0,1903.0,290.0,1419.0,534.0,3027.0,-295.0,219.0,360.0,-141.0,15.0,,61.0,2732.0,-590.0,2142.0,0.0,0.0,0.0,2142.0,,2142.0,0.0,0.0,2142.0,2232.514286,90.514286,4182.0,0.51,0.51,0.533839,4256.0,0.5,0.5,0.521267,
05/31/2016,10594.0,7270.0,3324.0,-1936.0,1936.0,8658.0,0.0,-4690.0,2629.0,2306.0,323.0,1534.0,527.0,3968.0,-236.0,205.0,362.0,-157.0,42.0,,-11.0,3732.0,-918.0,2814.0,0.0,0.0,0.0,2814.0,,2814.0,0.0,0.0,2814.0,2945.478697,131.478697,4147.0,0.68,0.68,0.710267,4238.0,0.66,0.66,0.691024,
08/31/2016,8595.0,1804.0,6791.0,-1776.0,1776.0,6819.0,0.0,-4178.0,2234.0,1919.0,315.0,1520.0,424.0,2641.0,-268.0,239.0,416.0,-177.0,13.0,,16.0,2373.0,-541.0,1832.0,0.0,0.0,0.0,1832.0,,1832.0,0.0,0.0,1832.0,1906.689882,74.689882,4119.0,0.44,0.44,0.462901,4221.0,0.43,0.43,0.447695,
11/30/2016,9035.0,1858.0,7177.0,-1797.0,1797.0,7238.0,0.0,-4201.0,2263.0,1960.0,303.0,1510.0,428.0,3037.0,-352.0,247.0,451.0,-204.0,69.0,,36.0,2685.0,-653.0,2032.0,0.0,0.0,0.0,2032.0,,2032.0,0.0,0.0,2032.0,2109.690909,77.690909,4104.0,0.5,0.5,0.514057,4195.0,0.48,0.48,0.49852,
02/28/2017,9205.0,6471.0,2734.0,-1892.0,1892.0,7313.0,0.0,-4354.0,2245.0,2004.0,241.0,1521.0,588.0,2959.0,-261.0,253.0,450.0,-197.0,20.0,,-12.0,2698.0,-459.0,2239.0,0.0,0.0,0.0,2239.0,,2239.0,0.0,0.0,2239.0,2349.034268,110.034268,4107.0,0.55,0.55,0.571959,4204.0,0.53,0.53,0.556174,
05/31/2017,10892.0,8266.0,2626.0,-2003.0,2003.0,8889.0,0.0,-4816.0,2630.0,2313.0,317.0,1609.0,577.0,4073.0,-313.0,257.0,481.0,-224.0,50.0,,6.0,3760.0,-529.0,3231.0,0.0,0.0,0.0,3231.0,,3231.0,0.0,0.0,3231.0,3307.581124,76.581124,4132.0,0.78,0.78,0.800479,4248.0,0.76,0.76,0.778028,
08/31/2017,9104.0,1803.0,7301.0,-1928.0,1928.0,7176.0,0.0,-4427.0,2308.0,1989.0,319.0,1572.0,547.0,2749.0,-249.0,212.0,469.0,-257.0,4.0,,33.0,2500.0,-356.0,2144.0,0.0,0.0,0.0,2144.0,,2144.0,0.0,0.0,2144.0,2207.975078,63.975078,4156.0,0.52,0.52,0.531274,4284.0,0.5,0.5,0.514933,
11/30/2017,9589.0,8258.0,1331.0,-1960.0,1960.0,7629.0,0.0,-4590.0,2408.0,2088.0,320.0,1473.0,709.0,3039.0,-213.0,194.0,475.0,-281.0,6.0,,13.0,2826.0,-612.0,2214.0,0.0,0.0,0.0,2214.0,,2214.0,0.0,0.0,2214.0,2417.814324,203.814324,4160.0,0.53,0.53,0.581205,4283.0,0.52,0.52,0.567587,
02/28/2018,9676.0,8377.0,1299.0,-1996.0,1996.0,7680.0,0.0,-4365.0,2381.0,2042.0,339.0,1496.0,488.0,3315.0,-124.0,220.0,533.0,-313.0,35.0,,-131.0,3191.0,-7238.0,-4047.0,0.0,0.0,0.0,-4047.0,,-4047.0,0.0,0.0,-4047.0,2887.094425,6934.094425,4122.0,-0.98,-0.98,0.700411,4122.0,-0.98,-0.98,0.700411,
05/31/2018,11014.0,8767.0,2247.0,-2174.0,2174.0,8840.0,0.0,-4679.0,2621.0,2315.0,306.0,1542.0,516.0,4161.0,-254.0,197.0,548.0,-351.0,28.0,0.0,29.0,3907.0,-631.0,3276.0,0.0,0.0,0.0,3276.0,,3276.0,0.0,0.0,3276.0,3437.604575,161.604575,4046.0,0.81,0.81,0.84963,4149.0,0.79,0.79,0.82895,
08/31/2018,9193.0,1717.0,7476.0,-1953.0,1953.0,7240.0,0.0,-4462.0,2360.0,2039.0,321.0,1564.0,538.0,2778.0,-238.0,181.0,529.0,-348.0,34.0,,23.0,2540.0,-275.0,2265.0,0.0,0.0,0.0,2265.0,0.0,2265.0,0.0,0.0,2265.0,2326.849287,61.849287,3904.0,0.58,0.58,0.596017,3999.0,0.57,0.57,0.585466,
11/30/2018,9562.0,1708.0,7854.0,-2001.0,2001.0,7561.0,0.0,-4460.0,2400.0,2101.0,299.0,1475.0,585.0,3101.0,-327.0,223.0,519.0,-296.0,22.0,,82.0,2774.0,-441.0,2333.0,0.0,0.0,0.0,2333.0,,2333.0,0.0,0.0,2333.0,2451.872211,118.872211,3720.0,0.63,0.63,0.659105,3817.0,0.61,0.61,0.641143,
02/28/2019,9614.0,1701.0,7913.0,-1976.0,1976.0,7638.0,0.0,-4239.0,2367.0,2051.0,316.0,1426.0,446.0,3399.0,-311.0,263.0,509.0,-246.0,13.0,,35.0,3088.0,-343.0,2745.0,0.0,0.0,0.0,2745.0,,2745.0,0.0,0.0,2745.0,2537.77195,-207.22805,3526.0,0.78,0.78,0.719731,3617.0,0.76,0.76,0.702707,
05/31/2019,11136.0,8616.0,2520.0,-2063.0,2063.0,9073.0,0.0,-4816.0,2647.0,2318.0,329.0,1562.0,607.0,4257.0,-391.0,323.0,525.0,-202.0,43.0,0.0,25.0,3866.0,-126.0,3740.0,0.0,0.0,0.0,3740.0,,3740.0,0.0,0.0,3740.0,3800.331673,60.331673,3389.0,1.1,1.1,1.121373,3495.0,1.07,1.07,1.087262,
08/31/2019,9218.0,1601.0,7617.0,-1957.0,1957.0,7261.0,0.0,-4384.0,2310.0,2018.0,292.0,1557.0,517.0,2877.0,-395.0,304.0,494.0,-190.0,55.0,,36.0,2482.0,-345.0,2137.0,0.0,0.0,0.0,2137.0,,2137.0,0.0,0.0,2137.0,2203.81658,66.81658,3317.0,0.64,0.64,0.664401,3410.0,0.63,0.63,0.649594,
11/30/2019,9614.0,1677.0,7937.0,-2048.0,2048.0,7566.0,0.0,-4383.0,2391.0,2068.0,323.0,1531.0,461.0,3183.0,-373.0,320.0,465.0,-145.0,26.0,,27.0,2810.0,-499.0,2311.0,0.0,0.0,0.0,2311.0,,2311.0,0.0,0.0,2311.0,2353.118743,42.118743,3245.0,0.71,0.71,0.725152,3331.0,0.69,0.69,0.702644,
02/29/2020,9796.0,1635.0,8161.0,-1964.0,1964.0,7832.0,0.0,-4304.0,2337.0,2049.0,288.0,1500.0,467.0,3528.0,-452.0,334.0,456.0,-122.0,47.0,,71.0,3076.0,-505.0,2571.0,0.0,0.0,0.0,2571.0,,2571.0,0.0,0.0,2571.0,2618.603136,47.603136,3190.0,0.81,0.81,0.820879,3271.0,0.79,0.79,0.804553,
05/31/2020,10440.0,8481.0,1959.0,-1969.0,1969.0,8471.0,0.0,-4162.0,2237.0,1959.0,278.0,1479.0,446.0,4309.0,-613.0,53.0,580.0,-527.0,185.0,0.0,375.0,3696.0,-580.0,3116.0,0.0,0.0,0.0,3116.0,,3116.0,0.0,0.0,3116.0,3179.634176,63.634176,3091.0,1.01,1.01,1.028675,3162.0,0.99,0.99,1.010125,
08/31/2020,9367.0,8481.0,886.0,-1880.0,1880.0,7487.0,0.0,-4276.0,2149.0,1854.0,295.0,1589.0,538.0,3211.0,-616.0,614.0,614.0,0.0,,,2.0,2595.0,-344.0,2251.0,0.0,0.0,0.0,2251.0,0.0,2251.0,0.0,0.0,2251.0,2376.938987,125.938987,3041.0,0.74,0.74,0.781631,3107.0,0.72,0.72,0.760534,
11/30/2020,9784.435,,,,,7845.7470491,,,,,,,,4406.65,,,,,,,,3834.059,,2722.538,,,,,,2722.538,,,2722.538,3059.091,,,0.792,0.792,1.0,,0.792,0.792,1.0,
02/28/2021,9938.0,,,,,7994.02782,,,,,,,,4499.0,,,,,,,,3923.882,,2787.692,,,,,,2787.692,,,2787.692,3133.136,,,0.824,0.824,1.04,,0.824,0.824,1.04,
