Date,Revenue,Sales & Services Revenue,Other Revenue,Cost of Revenue,Cost of Goods & Services,Gross Profit,Other Operating Income,Operating Expenses,"Selling, General & Admin",Depreciation & Amortization,Other Operating Expense,Operating Income (Loss),Non-Operating (Income) Loss,"Interest Expense, Net",Interest Expense,Interest Income,Foreign Exch (Gain) Loss,(Income) Loss from Affiliates,Other Non-Op (Income) Loss,Pretax Income,Income Tax Expense (Benefit),Income (Loss) from Cont Ops,Net Extraordinary Losses (Gains),Discontinued Operations,XO & Accounting Changes,Income (Loss) Incl. MI,Minority Interest,"Net Income, GAAP",Preferred Dividends,Other Adjustments,"Net Income Avail to Common, GAAP","Net Income Avail to Common, Adj",Net Abnormal Losses (Gains),Basic Weighted Avg Shares,"Basic EPS, GAAP",Basic EPS from Cont Ops,"Basic EPS from Cont Ops, Adjusted",Diluted Weighted Avg Shares,"Diluted EPS, GAAP",Diluted EPS from Cont Ops,"Diluted EPS from Cont Ops, Adjusted",Source: Bloomberg
03/31/1990,5159.0,,,-4516.0,,643.0,,-286.0,,,,357.0,-147.0,,235.0,,,,-88.0,210.0,-95.0,115.0,2.0,,,113.0,-5.0,108.0,-2.0,,106.0,106.0,,570.0,0.185,0.185,,570.0,0.185,0.185,0.185,
06/30/1990,5122.0,,,-4592.0,,530.0,,-308.0,,,,222.0,-133.0,,233.0,,,,-100.0,89.0,-10.0,79.0,-20.0,,,99.0,-10.0,89.0,-2.0,,87.0,87.0,,588.0,0.145,0.095,,588.0,0.145,0.095,0.095,
09/30/1990,5350.0,,,-4766.0,,584.0,,-271.0,,,,313.0,-130.0,,240.0,,,,-110.0,183.0,-65.0,118.0,2.0,,,116.0,-7.0,109.0,-2.0,,107.0,107.0,,590.0,0.18,0.165,,590.0,0.18,0.165,0.165,
12/31/1990,-4122.0,,,4540.0,,418.0,,-343.0,,,,75.0,-2309.0,,203.0,,,,2106.0,-2234.0,132.0,-2018.0,-4.0,,,-2098.0,13.0,-2001.0,-1.0,,-2002.0,-2002.0,,592.0,-3.38,-3.35,,592.0,-3.38,-3.35,-3.35,
03/31/1991,2766.0,,,-2153.0,,613.0,,-247.0,,,,366.0,-149.0,,219.0,,,,-70.0,217.0,-127.0,90.0,-48.0,,,138.0,-2.0,136.0,-2.0,,134.0,134.0,,594.599976,0.225,0.13,,594.599976,0.225,0.13,0.13,
06/30/1991,2391.0,,,-1953.0,,438.0,,-242.0,,,,196.0,33.0,,220.0,,,,-253.0,229.0,-88.0,141.0,-7.0,,,148.0,-1.0,147.0,-2.0,,145.0,145.0,,596.400024,0.245,0.23,,596.400024,0.245,0.23,0.23,
09/30/1991,2330.0,,,-1965.0,,365.0,,-233.0,,,,132.0,382.0,,257.0,,,,-639.0,514.0,-364.0,150.0,-23.0,,,173.0,-2.0,171.0,-2.0,,169.0,169.0,,598.0,0.28,0.245,,598.0,0.28,0.245,0.245,
12/31/1991,2609.0,,,-2243.0,,366.0,,-198.0,,,,168.0,-165.0,,174.0,,,,-9.0,3.0,-22.0,4.0,-3.0,,,-16.0,-1.0,6.0,0.0,,6.0,6.0,,599.400024,0.01,0.005,0.005,599.400024,0.01,0.005,0.005,
03/31/1992,2015.0,,,-1655.0,,360.0,,-231.0,,,,129.0,43.0,,159.0,,,,-202.0,172.0,-214.0,-42.0,93.0,,,-135.0,-2.0,-137.0,-1.0,,-138.0,-138.0,,601.799988,-0.23,-0.075,,601.799988,-0.23,-0.075,-0.075,
06/30/1992,2031.0,,,-1735.0,,296.0,,-248.0,,,,48.0,50.0,,157.0,,,,-207.0,98.0,-39.0,59.0,8.0,,,51.0,-1.0,50.0,-1.0,,49.0,49.0,,603.200012,0.08,0.09,,603.200012,0.08,0.09,0.09,
09/30/1992,2133.0,,,-1818.0,,315.0,,-219.0,,,,96.0,-50.0,,161.0,,,,-111.0,46.0,53.0,99.0,14.0,,,85.0,-1.0,84.0,-1.0,,83.0,83.0,,604.799988,0.135,0.16,,604.799988,0.135,0.16,0.16,
12/31/1992,2315.0,,,-2013.0,,302.0,,-293.0,,,,9.0,-50.0,,163.0,,,,-113.0,-41.0,5.0,14.0,602.0,,,-638.0,0.0,-588.0,0.0,,-588.0,-588.0,,606.400024,-0.97,0.025,0.025,606.400024,-0.97,0.025,0.025,
03/31/1993,2169.0,,,-1782.0,,387.0,,-223.0,,,,164.0,81.0,,157.0,,0.0,,-238.0,245.0,-162.0,83.0,3.0,,,80.0,0.0,80.0,-5.0,,75.0,75.0,,608.799988,0.125,0.13,,608.799988,0.125,0.13,0.13,
06/30/1993,2011.0,,,-1681.0,,330.0,,-208.0,,,,122.0,-15.0,,135.0,,0.0,,-120.0,107.0,-31.0,76.0,0.0,,,76.0,-1.0,75.0,-11.0,,64.0,64.0,,609.599976,0.105,0.105,,609.599976,0.105,0.105,0.105,
09/30/1993,1916.0,,,-1632.0,,284.0,,-235.0,,,,49.0,-89.0,,138.0,,0.0,,-49.0,-40.0,-61.0,-101.0,-172.0,,,71.0,0.0,71.0,-12.0,,59.0,59.0,,610.200012,0.1,-0.18,,610.200012,0.1,-0.18,-0.18,
12/31/1993,2020.0,,,-1768.0,,252.0,,-217.0,,,,35.0,-129.0,,150.0,,-30.0,,9.0,-94.0,111.0,17.0,61.0,,,-44.0,0.0,57.0,-10.0,,47.0,47.0,,610.799988,0.075,0.175,0.175,610.799988,0.075,0.175,0.175,
03/31/1994,2106.0,,,-1813.0,,293.0,,-230.0,,,,63.0,-106.0,,145.0,,,,-39.0,-43.0,4.0,-39.0,0.0,,,-39.0,-1.0,-40.0,-17.0,,-57.0,-57.0,,612.400024,-0.095,-0.095,,612.400024,-0.095,-0.095,-0.095,
06/30/1994,2162.0,,,-1811.0,,351.0,,-244.0,,,,107.0,-115.0,,148.0,,,,-33.0,-8.0,-11.0,-19.0,0.0,,,-19.0,0.0,-19.0,-19.0,,-38.0,-38.0,,623.799988,-0.06,-0.06,,623.799988,-0.06,-0.06,-0.06,
09/30/1994,2404.0,,,-1939.0,,465.0,,-272.0,,,,193.0,-87.0,,141.0,,,,-54.0,106.0,-82.0,24.0,0.0,,,24.0,-1.0,23.0,-20.0,,3.0,3.0,,624.799988,0.005,0.005,,624.799988,0.005,0.005,0.005,
12/31/1994,2564.0,,,-2045.0,,519.0,,-369.0,,,,150.0,-110.0,,150.0,,,,-40.0,40.0,-54.0,0.0,0.0,,,-14.0,0.0,0.0,-20.0,,-20.0,-20.0,,625.599976,-0.03,-0.03,-0.03,625.599976,-0.03,-0.03,-0.03,
03/31/1995,2714.0,,,-2027.0,,687.0,,-263.0,,,,424.0,-92.0,,149.0,,,,-57.0,332.0,-154.0,178.0,0.0,,,178.0,0.0,178.0,-23.0,,155.0,155.0,,634.599976,0.245,0.245,,634.599976,0.235,0.245,0.245,
06/30/1995,2679.0,,,-1955.0,,724.0,,-385.0,,,,339.0,-46.0,,140.0,,,,-94.0,293.0,-106.0,187.0,0.0,,,187.0,0.0,187.0,-23.0,,164.0,164.0,,636.400024,0.255,0.255,,636.400024,0.245,0.255,0.255,
09/30/1995,2557.0,,,-1963.0,,594.0,,-254.0,,,,340.0,-89.0,,147.0,,,,-58.0,251.0,-112.0,139.0,0.0,,,139.0,0.0,139.0,-24.0,,115.0,115.0,,637.200012,0.18,0.18,,637.200012,0.18,0.18,0.18,
12/31/1995,2473.0,,,-1957.0,,516.0,,-266.0,,,,250.0,-214.0,,143.0,,,,71.0,36.0,-30.0,7.0,0.0,,,6.0,0.0,7.0,-23.0,,-16.0,-16.0,,637.599976,-0.025,-0.025,-0.025,637.599976,-0.025,-0.025,-0.025,
03/31/1996,1821.0,,,-1340.0,,481.0,,-202.0,,,,279.0,-149.0,,132.0,,,,17.0,130.0,-44.0,86.0,-48.0,,,134.0,0.0,134.0,-23.0,,111.0,111.0,,638.799988,0.175,0.1,0.1,765.713989,0.175,0.1,0.1,
06/30/1996,1937.0,,,-1393.0,,544.0,,-188.0,,,,356.0,-124.0,,113.0,,,,11.0,232.0,-83.0,149.0,-32.0,,,181.0,0.0,181.0,-23.0,,158.0,158.0,,644.799988,0.245,0.195,0.14,765.221985,0.24,0.195,0.14,
09/30/1996,2233.0,,,-1683.0,,550.0,,-302.0,,,,248.0,-120.0,,107.0,,,,13.0,128.0,36.0,164.0,-30.0,,,194.0,0.0,194.0,-23.0,,171.0,171.0,,650.599976,0.265,0.22,0.21,772.986022,0.255,0.21,0.2,
12/31/1996,1996.0,,,-1405.0,,591.0,,-461.0,,,,130.0,239.0,,130.0,,,,-369.0,369.0,-251.0,115.0,-44.0,,,162.0,0.0,159.0,-24.0,,135.0,135.0,,659.0,0.205,0.14,0.14,775.609985,0.205,0.14,0.14,
03/31/1997,1917.0,,,-1327.0,,590.0,,-221.0,,,,369.0,-81.0,,108.0,,,,-27.0,288.0,-161.0,127.0,-52.0,,,179.0,0.0,179.0,-23.0,,156.0,156.0,,659.400024,0.24,0.16,0.16,659.400024,0.23,0.155,0.155,
06/30/1997,2158.0,,,-1604.0,,554.0,,-198.0,,,,356.0,-90.0,,108.0,,,,-18.0,266.0,-128.0,138.0,-20.0,,,158.0,0.0,158.0,-23.0,,135.0,135.0,,660.469971,0.205,0.175,0.175,730.349976,0.195,0.17,0.17,
09/30/1997,2007.0,,,-1448.0,,559.0,,-272.0,,,,287.0,-82.0,,107.0,,,,-25.0,205.0,-75.0,130.0,-27.0,,,157.0,0.0,157.0,-21.0,,136.0,136.0,,671.187988,0.2,0.16,0.205,740.01001,0.19,0.155,0.2,
12/31/1997,1934.0,,,-1503.0,,431.0,,-566.0,,,,-135.0,-96.0,,111.0,,,,-15.0,-231.0,53.0,-178.0,706.0,,,-884.0,0.0,-884.0,-21.0,,-905.0,-905.0,,683.799988,-1.325,-0.29,0.18,683.799988,-1.325,-0.29,0.18,
03/31/1998,1700.0,,,-1265.0,,435.0,,-201.0,,,,234.0,61.0,,131.0,,,,-192.0,295.0,-156.0,139.0,-38.0,,,177.0,0.0,177.0,-4.0,,173.0,173.0,,689.01001,0.25,0.195,0.13,719.960022,0.245,0.19,0.125,
06/30/1998,1543.0,,,-1200.0,,343.0,,-242.0,,,,101.0,232.0,,145.0,,,,-377.0,333.0,-147.0,186.0,0.0,,,186.0,0.0,186.0,-5.0,,181.0,181.0,,718.140015,0.255,0.255,0.07,752.710022,0.245,0.245,0.06,
09/30/1998,1661.0,,,-1373.0,,288.0,,-208.0,,,,80.0,38.0,,136.0,,,,-174.0,118.0,-80.0,38.0,0.0,,,38.0,0.0,38.0,-4.0,,34.0,34.0,,700.057983,0.05,0.05,0.0,700.057983,0.05,0.05,0.0,
12/31/1998,1692.0,,,-1459.0,,233.0,,-186.0,,,,47.0,-105.0,,147.0,,,,-42.0,-58.0,20.0,-38.0,0.0,,,-38.0,0.0,-38.0,-4.0,,-42.0,-42.0,,694.200012,-0.06,-0.06,-0.06,694.200012,-0.06,-0.06,-0.06,
03/31/1999,1344.0,,,-1075.0,,269.0,,-188.0,,,,81.0,-88.0,83.0,126.0,-43.0,,,5.0,-7.0,-41.0,-48.0,13.0,,,-61.0,-9.0,-70.0,-4.0,,-74.0,-74.0,,695.678,-0.105,-0.085,-0.1,695.678,-0.105,-0.085,-0.1,
06/30/1999,1647.0,,,-1280.0,,367.0,,-196.0,,,,171.0,-92.0,86.0,129.0,-43.0,,,6.0,79.0,-56.0,23.0,3.0,,,20.0,-11.0,9.0,-3.0,,6.0,6.0,,696.8,0.01,0.015,0.015,697.0,0.01,0.015,0.015,
09/30/1999,2113.0,,,-1600.0,,513.0,,-179.0,,,,334.0,-59.0,93.0,125.0,-32.0,,,-34.0,275.0,-133.0,142.0,0.0,,,142.0,-16.0,126.0,0.0,,126.0,126.0,,715.2,0.175,0.175,0.175,715.4,0.175,0.175,0.175,
12/31/1999,2506.0,,,-1909.0,,597.0,,-369.0,,,,228.0,682.0,118.0,118.0,,,,-800.0,910.0,-401.0,509.0,104.0,,,405.0,-22.0,383.0,0.0,,383.0,383.0,-229.0,735.4,0.54,0.685,0.375,735.4,0.54,0.685,0.375,
03/31/2000,2508.0,,,-1721.0,,787.0,,-160.0,,,,627.0,-30.0,67.0,104.0,-37.0,,,-37.0,597.0,-296.0,301.0,0.0,,,301.0,-30.0,271.0,0.0,1.0,272.0,272.0,,736.25,0.37,0.37,0.37,736.472,0.37,0.37,0.37,
06/30/2000,3128.0,,,-2175.0,,953.0,,-307.0,,,,646.0,464.0,79.0,142.0,-63.0,,,-543.0,1110.0,-489.0,621.0,0.0,,,621.0,-57.0,564.0,0.0,,564.0,564.0,,737.6,0.765,0.765,0.465,738.2,0.765,0.765,0.465,
09/30/2000,3805.0,,,-2769.0,,1036.0,,-306.0,,,,730.0,77.0,72.0,140.0,-68.0,,,-149.0,807.0,-351.0,456.0,-1.0,,,457.0,-55.0,402.0,0.0,,402.0,402.0,,738.4,0.545,0.545,0.5,739.0,0.545,0.545,0.5,
12/31/2000,3942.0,,,-3008.0,,934.0,,-192.0,,,,742.0,-60.0,37.0,132.0,-95.0,,,23.0,682.0,-306.0,376.0,0.0,,,376.0,-43.0,333.0,0.0,,333.0,333.0,,739.6,0.45,0.45,0.47,739.6,0.45,0.45,0.47,
03/31/2001,4475.0,,,-3338.0,,1137.0,0.0,-219.0,198.0,,21.0,918.0,-67.0,116.0,197.0,-81.0,,,-84.0,851.0,-308.0,543.0,27.0,,,516.0,-32.0,484.0,0.0,0.0,484.0,484.0,,740.468,0.655,0.69,0.687367,741.902,0.65,0.685,0.682372,
06/30/2001,3845.0,,,-2750.0,,1095.0,0.0,-196.0,178.0,,18.0,899.0,-43.0,106.0,159.0,-53.0,,,-63.0,856.0,-339.0,517.0,0.0,,,517.0,-44.0,473.0,0.0,0.0,473.0,473.0,,744.0,0.635,0.635,0.626263,749.4,0.63,0.63,0.621327,
09/30/2001,3285.0,,,-2417.0,,868.0,0.0,-250.0,159.0,,91.0,618.0,-63.0,91.0,152.0,-61.0,,,-56.0,555.0,-70.0,485.0,0.0,,,485.0,-41.0,444.0,0.0,0.0,444.0,444.0,,747.0,0.595,0.595,0.599351,747.0,0.59,0.59,0.594351,
12/31/2001,2380.0,,,-2003.0,,377.0,,-194.0,,,,183.0,-553.0,51.0,79.0,-28.0,,,502.0,-370.0,154.0,-216.0,5.0,,,-221.0,-26.0,-247.0,0.0,0.0,-247.0,-247.0,,747.6,-0.33,-0.325,0.045,747.6,-0.33,-0.325,0.045,
03/31/2002,1523.0,,,-987.0,,536.0,0.0,-178.0,151.0,,27.0,358.0,-49.0,74.0,99.0,-25.0,,-35.0,-25.0,309.0,-126.0,148.0,98.0,,,50.0,-25.0,25.0,0.0,0.0,25.0,25.0,,749.0,0.035,0.165,0.172811,753.2,0.035,0.165,0.172767,
06/30/2002,1867.0,,,-1125.0,,742.0,0.0,-220.0,161.0,,59.0,522.0,-53.0,78.0,104.0,-26.0,,8.0,-25.0,469.0,-221.0,256.0,0.0,,,256.0,-16.0,240.0,0.0,0.0,240.0,240.0,,751.6,0.32,0.32,0.320864,763.0,0.315,0.315,0.315852,
09/30/2002,1963.0,,,-1125.0,,838.0,0.0,-236.0,207.0,,29.0,602.0,-272.0,58.0,79.0,-21.0,,,239.0,330.0,168.0,498.0,74.0,,,424.0,-22.0,402.0,0.0,0.0,402.0,402.0,,754.2,0.535,0.63,0.435,760.8,0.53,0.625,0.43,
12/31/2002,1985.0,,,-1242.0,,743.0,0.0,-195.0,,,,548.0,-97.0,-42.0,58.0,-100.0,,,139.0,451.0,-114.0,337.0,1.0,,,336.0,-14.0,322.0,0.0,0.0,322.0,322.0,,755.2,0.425,0.425,0.425,762.6,0.42,0.42,0.42,
03/31/2003,2371.0,,,-1298.0,,1073.0,0.0,-215.0,187.0,,28.0,858.0,-97.0,97.0,131.0,-34.0,0.0,-16.0,0.0,761.0,-333.0,412.0,68.0,,,344.0,-19.0,325.0,0.0,0.0,325.0,325.0,,758.2,0.43,0.52,0.575,766.4,0.425,0.515,0.57,
06/30/2003,2266.0,,,-1277.0,,989.0,0.0,-279.0,250.0,,29.0,710.0,-20.0,59.0,76.0,-17.0,0.0,-7.0,-39.0,690.0,-290.0,393.0,0.0,,,393.0,-19.0,374.0,0.0,0.0,374.0,374.0,,765.2,0.49,0.49,0.471313,773.4,0.485,0.485,0.466515,
09/30/2003,2319.0,,,-1282.0,,1037.0,0.0,-253.0,216.0,,37.0,784.0,-27.0,51.0,72.0,-21.0,,,-9.0,757.0,-300.0,457.0,0.0,,,457.0,-11.0,446.0,0.0,0.0,446.0,446.0,,771.0,0.58,0.58,0.572412,782.2,0.57,0.57,0.562522,
12/31/2003,2370.0,,,-1321.0,,1049.0,,-297.0,,,,752.0,-53.0,53.0,70.0,-17.0,,,0.0,699.0,-304.0,395.0,0.0,,,395.0,-13.0,382.0,0.0,0.0,382.0,382.0,,775.4,0.495,0.495,0.495,787.6,0.485,0.485,0.485,
03/31/2004,2580.0,,,-1406.0,,1174.0,0.0,-280.0,226.0,,54.0,894.0,-48.0,49.0,71.0,-22.0,0.0,15.0,-1.0,846.0,-361.0,500.0,0.0,,,500.0,-13.0,487.0,0.0,0.0,487.0,487.0,,783.0,0.62,0.62,0.62,794.4,0.615,0.615,0.615,
09/30/2004,3005.0,,,-1461.0,,1544.0,,-279.0,,,,1265.0,12.0,65.0,65.0,,0.0,,-77.0,1277.0,-495.0,782.0,1.0,,,781.0,-23.0,758.0,0.0,0.0,758.0,758.0,,792.6,0.955,0.955,0.955,806.6,0.94,0.94,0.94,
12/31/2004,3005.0,,,-1449.0,,1556.0,,-388.0,,,,1168.0,98.0,-7.0,62.0,-69.0,13.0,,-104.0,1266.0,-470.0,796.0,38.0,,,758.0,-16.0,742.0,0.0,0.0,742.0,742.0,,797.8,0.93,0.98,0.835,811.0,0.915,0.965,0.82,
03/31/2005,3303.0,,,-1541.0,,1762.0,0.0,-323.0,276.0,,47.0,1439.0,33.0,38.0,75.0,-37.0,,,0.0,1472.0,-601.0,871.0,4.0,,,867.0,-21.0,846.0,0.0,0.0,846.0,846.0,,800.8,1.055,1.06,1.06,812.6,1.04,1.045,1.045,
06/30/2005,3385.0,,,-1598.0,,1787.0,0.0,-412.0,305.0,,107.0,1375.0,160.0,61.0,94.0,-33.0,0.0,,-176.0,1535.0,-26.0,1509.0,-56.0,,,1565.0,-29.0,1536.0,0.0,0.0,1536.0,1536.0,,803.8,1.91,1.84,1.17367,814.6,1.885,1.815,1.157499,
09/30/2005,3857.0,,,-1791.0,,2066.0,,-562.0,,,,1504.0,721.0,42.0,96.0,-54.0,0.0,,-763.0,2225.0,-574.0,1651.0,-90.0,,,1741.0,6.0,1747.0,0.0,0.0,1747.0,1747.0,,808.5,2.16,2.05,1.24,822.4,2.12,2.01,1.215,
12/31/2005,4052.0,,,-1936.0,,2116.0,,-341.0,,,,1775.0,33.0,,61.0,-94.0,0.0,,0.0,1808.0,-726.0,1082.0,-99.0,,,1181.0,-29.0,1152.0,0.0,0.0,1152.0,1152.0,,810.9,1.42,1.365,1.365,823.3,1.4,1.345,1.345,
03/31/2006,4396.0,,,-1935.0,,2461.0,,-415.0,,,,2046.0,51.0,14.0,68.0,-54.0,,,-65.0,2097.0,-907.0,1190.0,-78.0,,,1268.0,-37.0,1231.0,,,1231.0,1231.0,,848.5,1.45,1.36,1.36,860.9,1.43,1.34,1.34,
06/30/2006,4470.0,,,-2111.0,,2359.0,,-393.0,,,,1966.0,61.0,72.0,146.0,-74.0,,,-133.0,2027.0,-851.0,1176.0,282.0,,,894.0,-34.0,860.0,0.0,0.0,860.0,860.0,-20.8,860.2,1.0,1.33,1.306,867.7,0.99,1.32,1.296,
09/30/2006,4402.0,,,-2066.0,,2336.0,,-418.0,,,,1918.0,67.0,-13.0,62.0,-75.0,0.0,,-54.0,1985.0,-858.0,1127.0,-67.0,,,1194.0,-24.0,1170.0,0.0,0.0,1170.0,1170.0,-3.36,852.8,1.37,1.29,1.29,860.3,1.36,1.28,1.27,
12/31/2006,3907.0,,,-2097.0,,1810.0,,-402.0,,,,1408.0,174.0,-89.0,89.0,-178.0,0.0,,-85.0,1582.0,-738.0,870.0,-60.0,,,904.0,-16.0,930.0,0.0,0.0,930.0,930.0,,846.4,1.1,1.03,1.03,852.6,1.09,1.02,0.92,
03/31/2007,4015.0,,,-2051.0,,1964.0,,-438.0,,,,1526.0,334.0,33.0,217.0,-184.0,0.0,,-367.0,1860.0,-684.0,1176.0,-43.0,,,1219.0,-7.0,1212.0,0.0,0.0,1212.0,1212.0,,841.0,1.44,1.39,0.94,846.5,1.43,1.38,0.93,
06/30/2007,4411.0,,,-2205.0,,2206.0,,-481.0,,,,1725.0,345.0,-25.0,32.0,-57.0,0.0,,-320.0,2070.0,-904.0,1166.0,-267.0,,,1433.0,-21.0,1412.0,0.0,0.0,1412.0,1412.0,-419.0,837.7,1.68,1.36,0.86,841.8,1.68,1.36,0.86,
09/30/2007,4841.0,,,-2297.0,,2544.0,,-531.0,,,,2013.0,181.0,-9.0,48.0,-57.0,0.0,,-172.0,2194.0,-862.0,1332.0,-8.0,,,1340.0,-16.0,1324.0,0.0,0.0,1324.0,1324.0,-106.0,833.1,1.59,1.58,1.45,837.0,1.58,1.57,1.44,
12/31/2007,5424.0,,,-2667.0,,2757.0,,-230.0,,,,2527.0,-53.0,,42.0,-57.0,0.0,,68.0,2474.0,-1038.0,1436.0,-47.0,,,1483.0,-31.0,1452.0,0.0,0.0,1452.0,1452.0,,828.4,1.75,1.7,1.72,833.1,1.74,1.69,1.71,
03/31/2008,6020.0,,,-2410.0,,3610.0,0.0,-530.0,319.0,,211.0,3080.0,16.0,-22.0,38.0,-60.0,0.0,46.0,6.0,3096.0,-1294.0,1848.0,-27.0,,,1875.0,-29.0,1846.0,0.0,0.0,1846.0,1846.0,7.8,825.5,2.24,2.21,2.22,829.8,2.22,2.19,2.2,
06/30/2008,7116.0,,,-2610.0,,4506.0,0.0,-635.0,380.0,,255.0,3871.0,72.0,32.0,32.0,,,65.0,-104.0,3943.0,-1671.0,2337.0,3.0,,,2334.0,-37.0,2297.0,0.0,0.0,2297.0,2297.0,-18.166,821.3,2.79,2.79,2.768108,825.2,2.78,2.78,2.75822,
09/30/2008,7060.0,,,-2780.0,,4280.0,0.0,-516.0,295.0,,221.0,3764.0,35.0,-35.0,24.0,-59.0,0.0,57.0,0.0,3799.0,-1546.0,2310.0,1.0,,,2309.0,-38.0,2271.0,0.0,0.0,2271.0,2271.0,0.0,815.3,2.78,2.78,2.78,817.6,2.77,2.77,2.77,
12/31/2008,4021.0,,,-2455.0,,1566.0,,-397.0,,,,1169.0,-591.0,35.0,35.0,,0.0,,556.0,578.0,-118.0,460.0,5.0,,,455.0,-12.0,443.0,0.0,0.0,443.0,443.0,,810.3,0.55,0.55,1.18,811.6,0.55,0.55,1.18,
03/31/2009,3073.0,2929.0,144.0,-2064.0,2064.0,1009.0,0.0,-433.0,270.0,,163.0,576.0,3.0,27.0,,,,42.0,-30.0,579.0,-241.0,380.0,3.0,3.0,0.0,377.0,-9.0,368.0,0.0,0.0,368.0,407.0,36.0,811.8,0.45,0.45,0.501355,814.4,0.45,0.45,0.494204,
06/30/2009,3687.0,3537.0,150.0,-2059.0,2059.0,1628.0,0.0,-519.0,362.0,,157.0,1109.0,-4.0,23.0,,,,46.0,-19.0,1105.0,-455.0,696.0,2.0,2.0,0.0,694.0,-12.0,682.0,0.0,0.0,682.0,684.45,0.45,811.0,0.84,0.84,0.843958,814.0,0.84,0.84,0.840553,
09/30/2009,4104.0,3931.0,173.0,-2130.0,2130.0,1974.0,0.0,-530.0,359.0,,171.0,1444.0,-18.0,,,,,66.0,18.0,1426.0,-549.0,943.0,2.0,2.0,0.0,941.0,-14.0,927.0,0.0,0.0,927.0,929.0,0.0,811.8,1.14,1.14,1.14,814.4,1.14,1.14,1.14,
12/31/2009,4382.0,4269.0,113.0,-2399.0,2399.0,1983.0,0.0,0.0,,,0.0,1983.0,-138.0,31.0,,,,,107.0,1845.0,-743.0,1102.0,164.0,164.0,0.0,938.0,,938.0,0.0,0.0,938.0,1213.0,111.0,811.8,1.15,1.35,1.49421,813.5,1.15,1.35,1.486447,
03/31/2010,4616.0,4447.0,169.0,-2273.0,2273.0,2343.0,0.0,-525.0,349.0,,176.0,1818.0,-16.0,35.0,,,,65.0,-19.0,1802.0,-746.0,1121.0,33.0,33.0,0.0,1088.0,-24.0,1064.0,0.0,0.0,1064.0,1096.35,-0.65,812.1,1.31,1.35,1.350018,813.5,1.31,1.35,1.349201,
06/30/2010,4603.0,4531.0,72.0,-2292.0,2292.0,2311.0,0.0,-482.0,282.0,,200.0,1829.0,10.0,20.0,,,,59.0,-30.0,1839.0,-809.0,1089.0,14.0,14.0,0.0,1075.0,-12.0,1063.0,0.0,0.0,1063.0,1080.9,3.9,812.6,1.31,1.32,1.330175,813.8,1.31,1.32,1.324792,
09/30/2010,4763.0,4559.0,204.0,-2323.0,2323.0,2440.0,0.0,-464.0,277.0,,187.0,1976.0,2.0,18.0,,,,69.0,-20.0,1978.0,-822.0,1225.0,12.0,12.0,0.0,1213.0,-22.0,1191.0,0.0,-2.0,1189.0,1197.1,-3.9,812.7,1.46,1.48,1.472991,813.9,1.46,1.48,1.472991,
12/31/2010,5063.0,4755.0,308.0,-3084.0,3084.0,1979.0,0.0,0.0,,,0.0,1979.0,-169.0,20.0,,,,,149.0,1810.0,-618.0,1192.0,-20.0,-20.0,0.0,1212.0,,1212.0,0.0,0.0,1212.0,1367.0,175.0,812.6,1.49,1.47,1.682254,813.7,1.49,1.47,1.682254,
03/31/2011,5726.0,5532.0,194.0,-2526.0,2526.0,3200.0,0.0,-654.0,441.0,,213.0,2546.0,-184.0,214.0,,,,97.0,-30.0,2362.0,-1054.0,1405.0,-144.0,-144.0,0.0,1549.0,0.0,1549.0,0.0,0.0,1549.0,1520.05,115.05,812.6,1.9,1.72,1.870601,813.4,1.9,1.72,1.861443,
06/30/2011,6173.0,5916.0,257.0,-2720.0,2720.0,3453.0,0.0,-612.0,388.0,,224.0,2841.0,8.0,22.0,,,,81.0,-30.0,2849.0,-1111.0,1819.0,2.0,2.0,0.0,1817.0,0.0,1817.0,0.0,0.0,1817.0,1819.0,0.0,812.5,2.23,2.23,2.23,813.3,2.23,2.23,2.23,
09/30/2011,6006.0,5908.0,98.0,-2879.0,2879.0,3127.0,0.0,-433.0,242.0,,191.0,2694.0,45.0,23.0,,,,123.0,-68.0,2739.0,-1087.0,1775.0,4.0,4.0,0.0,1771.0,0.0,1771.0,0.0,-4.0,1767.0,1771.0,0.0,812.5,2.17,2.18,2.18,813.2,2.17,2.18,2.18,
12/31/2011,6034.0,5878.0,156.0,-3283.0,3283.0,2751.0,0.0,0.0,,,0.0,2751.0,-161.0,25.0,25.0,0.0,,,136.0,2590.0,-949.0,1641.0,7.0,7.0,0.0,1634.0,0.0,1634.0,0.0,0.0,1634.0,1644.9,3.9,810.7,2.01,2.02,2.028987,811.5,2.01,2.02,2.024806,
03/31/2012,6268.0,6050.0,218.0,-2950.0,2950.0,3318.0,0.0,-706.0,434.0,,272.0,2612.0,87.0,28.0,,,,,-13.0,2699.0,-1139.0,1560.0,1.0,1.0,0.0,1559.0,,1559.0,0.0,0.0,1559.0,1559.35,-0.65,810.5,1.92,1.92,1.923936,811.3,1.92,1.92,1.919199,
06/30/2012,5768.0,5667.0,101.0,-3060.0,3060.0,2708.0,0.0,-598.0,335.0,,263.0,2110.0,97.0,25.0,25.0,0.0,,,-21.0,2207.0,-875.0,1332.0,4.0,4.0,0.0,1328.0,0.0,1328.0,0.0,0.0,1328.0,1332.0,0.0,810.3,1.64,1.64,1.64,811.0,1.64,1.64,1.64,
09/30/2012,5965.0,5754.0,211.0,-3176.0,3176.0,2789.0,0.0,-635.0,394.0,,241.0,2154.0,80.0,34.0,34.0,0.0,,,-24.0,2234.0,-855.0,1379.0,4.0,4.0,0.0,1375.0,0.0,1375.0,0.0,-3.0,1372.0,1376.0,0.0,809.7,1.69,1.7,1.7,810.4,1.69,1.7,1.7,
12/31/2012,6171.0,6015.0,156.0,-5394.0,5394.0,777.0,0.0,0.0,,,0.0,777.0,-164.0,30.0,30.0,0.0,,,134.0,613.0,-249.0,364.0,28.0,28.0,0.0,336.0,,336.0,0.0,0.0,336.0,1477.0,1113.0,807.1,0.42,0.45,1.830009,807.7,0.42,0.45,1.827987,
03/31/2013,5872.0,5615.0,257.0,-3137.0,3137.0,2735.0,0.0,-629.0,393.0,,236.0,2106.0,97.0,30.0,30.0,0.0,,,-31.0,2203.0,-844.0,1359.0,4.0,4.0,0.0,1355.0,,1355.0,0.0,0.0,1355.0,1359.0,0.0,804.7,1.68,1.69,1.69,805.2,1.68,1.69,1.69,
06/30/2013,5962.0,5908.0,54.0,-3180.0,3180.0,2782.0,0.0,-769.0,495.0,,274.0,2013.0,215.0,29.0,29.0,0.0,,,-158.0,2228.0,-901.0,1327.0,5.0,5.0,0.0,1322.0,,1322.0,0.0,0.0,1322.0,1276.0,-51.0,804.9,1.64,1.65,1.58529,805.4,1.64,1.64,1.576677,
09/30/2013,6449.0,6218.0,231.0,-3214.0,3214.0,3235.0,0.0,-713.0,459.0,,254.0,2522.0,103.0,28.0,28.0,0.0,,,-25.0,2625.0,-1037.0,1588.0,5.0,5.0,0.0,1583.0,,1583.0,0.0,-4.0,1579.0,1584.0,0.0,805.1,1.96,1.97,1.97,805.7,1.96,1.97,1.97,
12/31/2013,5092.0,5020.0,72.0,-2531.0,2531.0,2561.0,0.0,-197.0,197.0,,0.0,2364.0,-114.0,25.0,25.0,0.0,,,89.0,2250.0,-842.0,1408.0,-235.0,-235.0,0.0,1643.0,,1643.0,0.0,0.0,1643.0,1253.95,-154.05,801.7,2.04,1.75,1.564114,802.1,2.04,1.75,1.557942,
03/31/2014,4968.0,4822.0,146.0,-2620.0,2620.0,2348.0,0.0,-492.0,317.0,,175.0,1856.0,8.0,20.0,20.0,0.0,,67.0,-28.0,1864.0,-794.0,1137.0,-255.0,-255.0,0.0,1392.0,-2.0,1390.0,0.0,0.0,1390.0,1135.0,0.0,791.3,1.75,1.43,1.43,791.7,1.75,1.43,1.43,
06/30/2014,5133.0,4945.0,188.0,-1691.0,1691.0,3442.0,0.0,-1582.0,429.0,1024.0,129.0,1860.0,27.0,18.0,18.0,0.0,,83.0,-45.0,1887.0,-809.0,1161.0,-273.0,-273.0,0.0,1434.0,-3.0,1431.0,0.0,-3.0,1428.0,737.75,-417.25,782.6,1.83,1.48,0.942691,782.9,1.82,1.47,0.937046,
09/30/2014,4904.0,4818.0,86.0,-1736.0,1736.0,3168.0,0.0,-1579.0,355.0,1056.0,168.0,1589.0,15.0,15.0,15.0,0.0,,93.0,-30.0,1604.0,-699.0,998.0,-213.0,-213.0,0.0,1211.0,-3.0,1208.0,0.0,3.0,1211.0,1095.75,97.75,777.4,1.55,1.28,1.409506,777.7,1.55,1.28,1.405691,
12/31/2014,4307.0,4119.0,188.0,-6833.0,6833.0,-2526.0,0.0,0.0,,,0.0,-2526.0,-1523.0,18.0,18.0,0.0,,,1505.0,-4049.0,617.0,-3432.0,-19.0,-19.0,0.0,-3413.0,0.0,-3413.0,0.0,0.0,-3413.0,-200.2,3231.8,773.1,-4.41,-4.44,-0.258957,773.4,-4.41,-4.44,-0.261309,
03/31/2015,3089.0,3009.0,80.0,-1557.0,1557.0,1532.0,0.0,-1803.0,311.0,1029.0,463.0,-271.0,1.0,28.0,28.0,0.0,,36.0,-29.0,-270.0,19.0,-215.0,3.0,3.0,0.0,-218.0,0.0,-218.0,0.0,0.0,-218.0,31.0,246.0,769.6,-0.28,-0.28,0.040281,769.6,-0.28,-0.28,0.039647,
06/30/2015,3469.0,3372.0,97.0,-1480.0,1480.0,1989.0,0.0,-1561.0,347.0,1116.0,98.0,428.0,18.0,7.0,7.0,0.0,,58.0,-25.0,446.0,-324.0,180.0,4.0,4.0,0.0,176.0,0.0,176.0,0.0,0.0,176.0,165.0,-15.0,766.4,0.23,0.23,0.215292,766.6,0.23,0.23,0.210433,
09/30/2015,3116.0,3062.0,54.0,-1413.0,1413.0,1703.0,0.0,-4797.0,292.0,1123.0,3382.0,-3094.0,-17.0,47.0,47.0,0.0,,60.0,-30.0,-3111.0,445.0,-2606.0,3.0,3.0,0.0,-2609.0,0.0,-2609.0,0.0,0.0,-2609.0,101.35,2707.35,763.3,-3.42,-3.41,0.132779,763.3,-3.42,-3.41,0.132779,
12/31/2015,2806.0,2806.0,,-1354.0,1354.0,1452.0,0.0,-8170.0,320.0,1276.0,6574.0,-6718.0,-31.0,59.0,59.0,0.0,,54.0,-28.0,-6749.0,1190.0,-5505.0,-327.0,-327.0,0.0,-5178.0,0.0,-5178.0,0.0,0.0,-5178.0,-105.0,5400.0,763.2,-6.78,-7.21,-0.137579,763.2,-6.78,-7.21,-0.137579,
03/31/2016,2123.0,2165.0,-42.0,-1281.0,1281.0,842.0,0.0,-1398.0,272.0,1102.0,24.0,-556.0,-40.0,57.0,57.0,0.0,,33.0,-17.0,-596.0,203.0,-360.0,-438.0,-438.0,0.0,78.0,0.0,78.0,0.0,0.0,78.0,-353.0,7.0,763.4,0.1,-0.47,-0.462405,763.4,0.1,-0.47,-0.462405,
06/30/2016,2531.0,2533.0,-2.0,-1244.0,1244.0,1287.0,0.0,-1509.0,338.0,1070.0,101.0,-222.0,-61.0,84.0,84.0,0.0,0.0,51.0,-23.0,-283.0,96.0,-136.0,3.0,3.0,0.0,-139.0,0.0,-139.0,0.0,0.0,-139.0,-136.0,0.0,763.6,-0.18,-0.18,-0.18,763.6,-0.18,-0.18,-0.18,
09/30/2016,2648.0,2648.0,,-1338.0,1338.0,1310.0,0.0,-1593.0,316.0,1046.0,231.0,-283.0,-43.0,62.0,62.0,0.0,0.0,58.0,-19.0,-326.0,30.0,-238.0,3.0,3.0,0.0,-241.0,0.0,-241.0,0.0,0.0,-241.0,-117.85,120.15,764.0,-0.32,-0.31,-0.154254,764.0,-0.32,-0.31,-0.154254,
12/31/2016,2788.0,2787.0,1.0,-1326.0,1326.0,1462.0,0.0,-2060.0,404.0,1050.0,606.0,-598.0,-42.0,72.0,72.0,0.0,,39.0,-30.0,-640.0,333.0,-268.0,4.0,4.0,0.0,-272.0,0.0,-272.0,0.0,0.0,-272.0,58.4,326.4,764.1,-0.36,-0.35,0.07643,764.1,-0.36,-0.35,0.07643,
03/31/2017,2957.0,2962.0,-5.0,-1426.0,1426.0,1531.0,0.0,-1306.0,272.0,942.0,92.0,225.0,-60.0,78.0,78.0,0.0,,30.0,-18.0,165.0,-78.0,117.0,0.0,0.0,0.0,117.0,0.0,117.0,0.0,0.0,117.0,125.45,8.45,764.4,0.15,0.15,0.164116,765.2,0.15,0.15,0.161043,
06/30/2017,3060.0,3004.0,56.0,-1486.0,1486.0,1574.0,0.0,-914.0,352.0,989.0,-427.0,660.0,-55.0,81.0,81.0,0.0,,187.0,-26.0,605.0,-285.0,507.0,0.0,0.0,0.0,507.0,0.0,507.0,0.0,2.0,509.0,531.75,22.75,764.9,0.66,0.66,0.695189,765.9,0.66,0.66,0.689704,
09/30/2017,2999.0,2936.0,63.0,-1357.0,1357.0,1642.0,0.0,-1356.0,352.0,995.0,9.0,286.0,-71.0,85.0,85.0,0.0,,60.0,-14.0,215.0,-85.0,190.0,0.0,0.0,0.0,190.0,0.0,190.0,0.0,1.0,191.0,142.25,-48.75,765.5,0.25,0.25,0.185826,766.4,0.25,0.25,0.185826,
12/31/2017,3492.0,3323.0,169.0,-1325.0,1325.0,2167.0,0.0,-2121.0,448.0,1076.0,597.0,46.0,-60.0,80.0,80.0,0.0,,80.0,-20.0,-14.0,431.0,497.0,0.0,0.0,0.0,497.0,0.0,497.0,0.0,6.0,503.0,319.0,-184.0,765.5,0.65,0.65,0.416721,766.4,0.65,0.65,0.409916,
03/31/2018,3763.0,3608.0,155.0,-1363.0,1363.0,2400.0,0.0,-1348.0,307.0,921.0,120.0,1052.0,-68.0,92.0,92.0,0.0,,63.0,-24.0,984.0,-339.0,708.0,0.0,0.0,0.0,708.0,0.0,708.0,0.0,-3.0,705.0,702.63,-2.37,765.6,0.92,0.92,0.917751,767.0,0.92,0.92,0.91691,
06/30/2018,4083.0,3707.0,376.0,-1480.0,1480.0,2603.0,0.0,-1472.0,142.0,947.0,383.0,1131.0,-59.0,91.0,91.0,0.0,,78.0,-32.0,1072.0,-302.0,848.0,0.0,0.0,0.0,848.0,0.0,848.0,0.0,-5.0,843.0,844.58,1.58,765.7,1.1,1.1,1.103017,767.4,1.1,1.1,1.102059,
09/30/2018,5216.0,4074.0,1142.0,-1786.0,1786.0,3430.0,0.0,-876.0,431.0,1023.0,-578.0,2554.0,25.0,92.0,92.0,0.0,,,-30.0,2579.0,-710.0,1869.0,0.0,0.0,0.0,1869.0,,1869.0,0.0,-8.0,1861.0,1298.52,-562.48,761.7,2.44,2.44,1.704766,763.3,2.44,2.44,1.703094,
12/31/2018,4762.0,3709.0,1053.0,-1588.0,1588.0,3174.0,0.0,-2381.0,162.0,1086.0,1133.0,793.0,39.0,81.0,81.0,0.0,,,-17.0,832.0,-126.0,706.0,0.0,0.0,0.0,706.0,0.0,706.0,0.0,-1.0,705.0,942.0,237.0,753.8,0.93,0.93,1.249668,755.4,0.93,0.93,1.243741,
03/31/2019,4004.0,3410.0,594.0,-1345.0,1345.0,2659.0,0.0,-1856.0,140.0,973.0,743.0,803.0,53.0,83.0,83.0,0.0,,,-63.0,856.0,-225.0,631.0,0.0,0.0,0.0,631.0,0.0,631.0,0.0,-3.0,628.0,794.69,166.69,748.9,0.84,0.84,1.061143,750.5,0.84,0.84,1.061143,
06/30/2019,4420.0,3716.0,704.0,-1509.0,1509.0,2911.0,0.0,-1955.0,163.0,1031.0,761.0,956.0,-112.0,143.0,143.0,0.0,,97.0,-31.0,844.0,-306.0,635.0,0.0,0.0,0.0,635.0,0.0,635.0,0.0,-3.0,632.0,713.37,81.37,748.3,0.84,0.84,0.953321,749.5,0.84,0.84,0.948566,
09/30/2019,5687.0,4892.0,795.0,-1920.0,1920.0,3767.0,0.0,-4134.0,242.0,1706.0,2186.0,-367.0,-254.0,295.0,295.0,0.0,,,63.0,-621.0,-116.0,-737.0,15.0,15.0,0.0,-752.0,-42.0,-794.0,-118.0,0.0,-912.0,-11.41,885.59,845.7,-1.08,-1.06,-0.013492,845.7,-1.08,-1.06,-0.013492,
12/31/2019,6282.0,5507.0,775.0,-2007.0,2007.0,4275.0,0.0,-5238.0,337.0,2271.0,2630.0,-963.0,-27.0,416.0,416.0,0.0,,,-290.0,-990.0,-46.0,-1036.0,0.0,0.0,0.0,-1036.0,-103.0,-1139.0,-200.0,0.0,-1339.0,-361.77,977.23,894.9,-1.5,-1.5,-0.404257,894.9,-1.5,-1.5,-0.408001,
03/31/2020,6410.0,5819.0,591.0,-2216.0,2216.0,4194.0,0.0,-5253.0,260.0,2242.0,2751.0,-1059.0,-1036.0,352.0,352.0,0.0,,,551.0,-2095.0,82.0,-2013.0,0.0,0.0,0.0,-2013.0,0.0,-2013.0,-219.0,0.0,-2232.0,-696.24,1535.76,896.7,-2.49,-2.49,-0.776447,896.7,-2.49,-2.49,-0.77732,
06/30/2020,2928.0,2886.0,42.0,-1575.0,1575.0,1353.0,0.0,-9377.0,225.0,2119.0,7033.0,-8024.0,-160.0,310.0,310.0,0.0,,,43.0,-8184.0,1468.0,-6716.0,1415.0,1415.0,0.0,-8131.0,0.0,-8131.0,-222.0,0.0,-8353.0,-1720.84,5217.16,915.5,-9.12,-7.58,-1.879672,915.5,-9.12,-7.58,-1.8813,
09/30/2020,4347.182,,,,,,,,,,,-124.25,,,,,,,,-572.667,,-716.692,,,,,,-716.692,,,-716.692,-699.5,,,-0.832,-0.832,-0.75,,-0.832,-0.832,-0.75,
12/31/2020,4434.636,,,,,,,,,,,11.125,,,,,,,,-448.337,,-561.154,,,,,,-561.154,,,-561.154,-446.562,,,-0.656,-0.656,-0.465,,-0.656,-0.656,-0.465,
