Date,Revenue,Sales & Services Revenue,Other Revenue,Cost of Revenue,Cost of Goods & Services,Gross Profit,Other Operating Income,Operating Expenses,"Selling, General & Admin",Depreciation & Amortization,Other Operating Expense,Operating Income (Loss),Non-Operating (Income) Loss,"Interest Expense, Net",Interest Expense,Interest Income,Other Investment (Inc) Loss,Foreign Exch (Gain) Loss,(Income) Loss from Affiliates,Other Non-Op (Income) Loss,Pretax Income,Income Tax Expense (Benefit),Income (Loss) from Cont Ops,Net Extraordinary Losses (Gains),Discontinued Operations,XO & Accounting Changes,Income (Loss) Incl. MI,Minority Interest,"Net Income, GAAP",Preferred Dividends,Other Adjustments,"Net Income Avail to Common, GAAP","Net Income Avail to Common, Adj",Net Abnormal Losses (Gains),Basic Weighted Avg Shares,"Basic EPS, GAAP",Basic EPS from Cont Ops,"Basic EPS from Cont Ops, Adjusted",Diluted Weighted Avg Shares,"Diluted EPS, GAAP",Diluted EPS from Cont Ops,"Diluted EPS from Cont Ops, Adjusted",Source: Bloomberg
08/31/1989,28.528999,,,-9.872,,18.657,,-14.662,,,,3.995,0.286,,0.048,,,0.0,,-0.334,4.281,-1.584,2.697,0.0,,,2.697,0.0,2.697,0.0,,2.697,2.697,,333.919027,0.008194,0.008194,,333.919027,0.008194,0.008194,0.008194,
11/30/1989,29.455,,,-10.717,,18.738,,-14.717,,,,4.021,0.276,,0.046,,,0.0,,-0.322,4.297,-1.573,2.724,0.0,,,2.724,0.0,2.724,0.0,,2.724,2.724,,334.149682,0.008194,0.008194,,334.149682,0.008194,0.008194,0.008194,
02/28/1990,31.003,,,-12.659,,18.344,,-16.634001,,,,1.71,0.281,,0.041,,,0.0,,-0.322,1.991,-0.648,1.343,0.0,,,1.343,0.0,1.343,0.0,,1.343,1.343,,334.226576,0.003902,0.003902,,334.226576,0.003902,0.003902,0.003902,
05/31/1990,31.212999,,,-11.783,,19.429999,,-17.028999,,,,2.401,0.238,,0.046,,,0.0,,-0.284,2.639,-0.837,1.802,0.0,,,1.802,0.0,1.802,0.0,,1.802,1.802,,334.341891,0.005463,0.005463,,334.341891,0.005463,0.005463,0.005463,
08/30/1990,33.067001,,,-11.796,,21.271002,,-17.138,,,,4.133,0.217,,0.053,,,0.0,,-0.27,4.35,-1.479,2.871,0.0,,,2.871,0.0,2.871,0.0,,2.871,2.871,,334.431592,0.008584,0.008584,,334.431592,0.008584,0.008584,0.008584,
11/30/1990,33.480999,,,-11.827,,21.653999,,-17.6,,,,4.054,0.197,,0.059,,,0.0,,-0.256,4.251,-1.402,2.849,0.0,,,2.849,0.0,2.849,0.0,,2.849,2.849,,334.534125,0.008584,0.008584,,334.534125,0.008584,0.008584,0.008584,
02/28/1991,35.255001,,,-13.734,,21.521001,,-19.002001,,,,2.519,0.188,,0.047,,,0.0,,-0.235,2.707,-0.85,1.857,0.0,,,1.857,0.0,1.857,0.0,,1.857,1.857,,334.662248,0.005463,0.005463,,334.662248,0.005463,0.005463,0.005463,
05/31/1991,35.278,,,-12.625,,22.653,,-20.076,,,,2.577,0.163,,0.059,,,0.0,,-0.222,2.74,-0.694,2.046,0.0,,,2.046,0.0,2.046,0.0,,2.046,2.046,,334.816035,0.006243,0.006243,,334.816035,0.006243,0.006243,0.006243,
08/31/1991,38.021,,,-12.507,,25.514,,-20.778999,,,,4.735,0.145,,0.044,,,0.0,,-0.189,4.88,-1.488,3.392,0.0,,,3.392,0.0,3.392,0.0,,3.392,3.392,,334.995436,0.010145,0.010145,,334.995436,0.010145,0.010145,0.010145,
11/30/1991,39.183998,,,-12.573,,26.610998,,-21.341,,,,5.27,0.191,,0.031,,,0.0,,-0.222,5.461,-1.666,3.795,0.0,,,3.795,0.0,3.795,0.0,,3.795,3.795,,335.636149,0.011315,0.011315,,335.636149,0.011315,0.011315,0.011315,
02/29/1992,41.683998,,,-14.609,,27.074998,,-22.989,,,,4.086,0.174,,0.031,,,0.0,,-0.205,4.26,-1.226,3.034,0.0,,,3.034,0.0,3.034,0.0,,3.034,3.034,,336.738198,0.008974,0.008974,,336.738198,0.008974,0.008974,0.008974,
05/31/1992,42.382999,,,-13.554,,28.829,,-24.103001,,,,4.726,0.22,,0.031,,,0.0,,-0.251,4.946,-1.465,3.481,0.0,,,3.481,0.0,3.481,0.0,,3.481,3.481,,337.566867,0.010535,0.010535,,337.566867,0.010535,0.010535,0.010535,
08/31/1992,45.277,,,-13.966,,31.311001,,-24.334,,,,6.977,0.256,,0.026,,,0.0,,-0.282,7.233,-2.134,5.099,0.0,,,5.099,0.0,5.099,0.0,,5.099,5.099,,337.874408,0.015217,0.015217,,337.874408,0.015217,0.015217,0.015217,
11/30/1992,45.747002,,,-14.454,,31.293001,,-24.278,,,,7.015,0.301,,0.034,,,0.0,,-0.335,7.316,-2.158,5.158,0.0,,,5.158,0.0,5.158,0.0,,5.158,5.158,,338.421151,0.015217,0.015217,,338.421151,0.015217,0.015217,0.015217,
02/28/1993,48.633999,,,-16.568001,,32.065998,,-26.172001,,,,5.894,0.308,,0.023,,,0.0,,-0.331,6.202,-1.789,4.413,0.0,,,4.413,0.0,4.413,0.0,,4.413,4.413,,338.950817,0.012876,0.012876,,338.950817,0.012876,0.012876,0.012876,
05/31/1993,50.374001,,,-15.725,,34.649,,-27.878,,,,6.771,0.505,,0.033,,,0.0,,-0.538,7.276,-1.991,5.285,0.0,,,5.285,0.0,5.285,0.0,,5.285,5.285,,339.360882,0.015802,0.015802,,339.360882,0.015802,0.015802,0.015802,
08/31/1993,53.330002,,,-16.226999,,37.103003,,-28.044001,,,,9.059,0.433,,0.036,,,0.0,,-0.469,9.492,-2.573,6.919,0.0,,,6.919,0.0,6.919,0.0,,6.919,6.919,,339.531756,0.020192,0.020192,,339.531756,0.020192,0.020192,0.020192,
11/30/1993,54.310001,,,-16.448,,37.862001,,-28.224001,,,,9.638,0.51,,0.021,,,0.0,,-0.531,10.148,-3.045,7.103,0.0,,,7.102999,0.0,7.103,0.0,,7.103,7.103,,339.953195,0.02107,0.02107,,339.953195,0.02107,0.02107,0.02107,
02/28/1994,57.571999,,,-17.958,,39.613998,,-30.98,,,,8.634,0.699,,0.034,,,0.0,,-0.733,9.333,-2.684,6.649,0.0,,,6.649,0.0,6.649,0.0,,6.649,6.649,,340.374656,0.019314,0.019314,,340.374656,0.019314,0.019314,0.019314,
05/31/1994,58.84,,,-17.448999,,41.391001,,-31.938999,,,,9.452,0.561,,0.016,,,0.0,,-0.577,10.013,-2.614,7.399,0.0,,,7.399,0.0,7.399,0.0,,7.399,7.399,,340.613858,0.021948,0.021948,,340.613858,0.021948,0.021948,0.021948,
08/31/1994,62.923,,,-17.65,,45.273001,,-32.370998,,,,12.902,0.665,,0.041,,,0.0,,-0.706,13.567,-4.016,9.551,0.0,,,9.551001,0.0,9.551,0.0,,9.551,9.551,,340.704976,0.028093,0.028093,,340.704976,0.028093,0.028093,0.028093,
11/30/1994,63.765999,,,-18.399,,45.366999,,-32.443001,,,,12.924,0.766,,0.022,,,0.0,,-0.788,13.69,-4.052,9.638,0.0,,,9.638,0.0,9.638,0.0,,9.638,9.638,,340.830291,0.028093,0.028093,,340.830291,0.028093,0.028093,0.028093,
02/28/1995,68.638,,,-21.309,,47.329,,-35.349998,,,,11.979,0.901,,0.105,,,0.0,,-1.006,12.88,-3.532,9.348,0.0,,,9.348,0.0,9.348,0.0,,9.348,9.348,,341.263115,0.027215,0.027215,,341.263115,0.027215,0.027215,0.027215,
05/31/1995,71.848999,,,-21.253,,50.595999,,-37.389999,,,,13.206,1.03,,0.004,,,0.0,,-1.034,14.236,-3.733,10.503,0.0,,,10.503,0.0,10.503,0.0,,10.503,10.503,,341.794675,0.030288,0.030288,,341.794675,0.030288,0.030288,0.030288,
08/31/1995,123.487,,,-69.002998,,54.484002,,-38.201,,,,16.283001,1.386,,0.0,,,0.0,,-1.386,17.669001,-4.888,12.781,0.0,,,12.781001,0.0,12.781,0.0,,12.781,12.781,,361.249867,0.015802,0.015802,0.015802,361.249867,0.015802,0.015802,0.015802,
11/30/1995,129.910995,,,-74.632004,,55.278991,,-38.199001,,,,17.08,1.465,,0.0,,,0.0,,-1.465,18.545,-5.07,13.475,0.0,,,13.475,0.0,13.475,0.0,,13.475,13.475,,540.712984,0.025021,0.025021,0.025021,540.712984,0.025021,0.025021,0.025021,
02/29/1996,153.475006,,,-66.309998,,87.165008,,-70.056999,,,,17.108,1.447,,0.0,,,0.0,,-1.447,18.555,-4.766,13.789,0.0,,,13.789,0.0,13.789,0.0,,13.789,13.789,,346.578742,0.017119,0.017119,0.017119,346.578742,0.017119,0.017119,0.017119,
05/31/1996,159.570007,,,-124.425003,,35.145004,,-15.694,,,,19.451,1.169,,0.0,,,0.0,,-1.169,20.62,-5.63,14.99,0.0,,,14.99,0.0,14.99,0.0,,14.99,14.99,,347.28749,0.027654,0.027654,0.027654,347.28749,0.027654,0.027654,0.027654,
08/31/1996,166.042007,,,-101.333,,64.709007,,-42.612,,,,22.097,1.485,,0.0,,,0.0,,-1.485,23.582,-6.509,17.073,0.0,,,17.073,0.0,17.073,0.0,,17.073,17.073,,362.743313,0.047407,0.047407,0.047407,375.78939,0.045432,0.045432,0.045432,
11/30/1996,169.498993,,,-102.292,,67.206993,,-43.858002,,,,23.349001,1.745,,0.0,,,0.0,,-1.745,25.094001,-7.026,18.068001,0.0,,,18.068001,0.0,18.068001,0.0,,18.068001,18.068001,,363.629265,0.049383,0.049383,0.049383,365.877015,0.049383,0.049383,0.049383,
02/28/1997,195.561996,,,-89.208,,106.353996,,-81.332001,,,,25.021999,1.764,,0.0,,,0.0,,-1.764,26.785999,-7.5,19.285999,0.0,,,19.285999,0.0,19.285999,0.0,,19.285999,19.285999,,365.66439,0.053333,0.053333,0.053333,369.521985,0.053333,0.053333,0.053333,
05/31/1997,203.595993,,,-157.167007,,46.428986,,-20.271999,,,,26.157,2.037,,0.0,,,0.0,,-2.037,28.194,-7.471,20.723,0.0,,,20.723,0.0,20.723,0.0,,20.723,20.723,,366.143625,0.056296,0.056296,0.056296,366.143625,0.056296,0.056296,0.056296,
08/31/1997,112.946999,,,-30.306,,82.640999,,-52.284,,,,30.357,2.188,,0.0,,,0.0,,-2.188,32.545,-9.471,23.073999,0.0,,,23.074,0.0,23.073999,0.0,,23.073999,23.073999,,366.400139,0.062222,0.062222,0.062222,369.994493,0.062222,0.062222,0.062222,
11/30/1997,117.172997,,,-31.891001,,85.281996,,-52.709999,,,,32.571999,2.291,,0.0,,,0.0,,-2.291,34.862999,-10.145,24.718,0.0,,,24.717999,0.0,24.718,0.0,,24.718,24.718,,366.656625,0.068148,0.068148,0.068148,370.129497,0.068148,0.068148,0.068148,
02/28/1998,131.873001,,,-35.347,,96.526001,,-61.674,,,,34.852001,2.349,,0.0,,,0.0,,-2.349,37.201001,-10.825,26.375999,0.0,,,26.376001,0.0,26.375999,0.0,,26.375999,26.375999,,366.926632,0.071111,0.071111,0.071111,371.22976,0.071111,0.071111,0.071111,
05/31/1998,268.286,,,-34.187,,234.099,,-60.605,,,,36.918,2.646,,0.0,,,0.0,,-2.646,39.564,-11.513,28.051,0.0,,,28.051,0.0,28.051,0.0,,28.051,28.051,,367.114507,0.075556,0.075556,0.075556,371.983509,0.075556,0.075556,0.075556,
08/31/1998,139.289001,,,-35.884998,,103.404003,,-61.761002,,,,41.643002,2.961,,0.0,,,0.0,,-2.961,44.604002,-13.203,31.400999,0.0,,,31.401002,0.0,31.400999,0.0,,31.400999,31.400999,,367.373234,0.084444,0.084444,0.084444,372.431236,0.084444,0.084444,0.084444,
11/30/1998,142.947998,,,-36.862999,,106.084999,,-61.089001,,,,44.995998,3.006,,0.0,,,0.0,,-3.006,48.001998,-14.394,33.608002,0.0,,,33.607998,0.0,33.608002,0.0,,33.608002,33.608002,,367.942498,0.093333,0.093333,0.093333,373.196261,0.093333,0.093333,0.093333,
02/28/1999,158.423004,,,-40.988998,,117.434006,,-109.93,,,,48.493,3.073,,0.0,,,0.0,,-3.073,51.566,-15.366,36.200001,0.0,,,36.2,0.0,36.200001,0.0,,36.200001,36.200001,,368.538746,0.097778,0.097778,0.097778,373.400986,0.097778,0.097778,0.097778,
05/31/1999,156.636002,,,-38.219002,,118.417,,-24.997999,,,,52.43,3.541,,0.0,,,0.0,,-3.541,55.971,-18.080999,37.889999,0.0,,,37.890001,0.0,37.889999,0.0,,37.889999,37.889999,,369.2295,0.1,0.1,0.1,373.654495,0.1,0.1,0.1,
08/31/1999,166.391998,,,-39.366001,,127.025997,,-68.342003,,,,58.683998,3.688,,0.0,,,0.0,,-3.688,62.371998,-19.334999,43.036999,0.0,,,43.036999,0.0,43.036999,0.0,,43.036999,43.036999,,369.626999,0.113333,0.113333,0.113333,373.494003,0.113333,0.113333,0.113333,
11/30/1999,172.358002,,,-41.355999,,131.002003,,-68.494003,,,,62.507999,3.854,,0.0,,,0.0,,-3.854,66.361999,-20.572001,45.790001,0.0,,,45.789998,0.0,45.790001,0.0,,45.790001,45.790001,,370.258507,0.126667,0.126667,0.126667,374.716507,0.12,0.12,0.12,
02/29/2000,192.182999,,,-45.964001,,146.218998,,-78.316002,,,,67.903,4.012,,0.0,,,0.0,,-4.012,71.915,-22.294001,49.620998,0.0,,,49.620999,0.0,49.620998,0.0,,49.620998,49.620998,,370.972503,0.133333,0.133333,0.133333,377.722503,0.133333,0.133333,0.133333,
05/31/2000,197.186005,,,-46.794998,,150.391007,,-80.593002,,,,69.797997,4.925,,0.0,0.0,,0.0,,-4.925,74.722997,-23.164,51.558998,0.0,,,51.558997,0.0,51.558998,0.0,0.0,51.558998,51.558998,,371.575989,0.14,0.14,0.14,376.407013,0.14,0.14,0.14,
08/31/2000,203.882996,,,-45.926998,,157.955998,,-79.129997,,,,78.825996,5.534,,0.0,,,0.0,,-5.534,84.359996,-25.73,58.630001,0.0,,,58.629996,0.0,58.630001,0.0,0.0,58.630001,58.630001,,372.015015,0.16,0.16,0.16,377.165009,0.16,0.16,0.16,
11/30/2000,208.098007,,,-47.095001,,161.003006,,-77.578003,,,,83.425003,5.965,,0.0,,,0.0,,-5.965,89.390003,-27.264,62.125999,0.0,,,62.126003,0.0,62.125999,0.0,,62.125999,62.125999,,372.618011,0.17,0.17,0.17,377.838989,0.16,0.16,0.16,
02/28/2001,229.255997,,,-54.375999,,174.879998,,-87.998001,,,,86.882004,7.234,,0.0,,,0.0,,-7.234,94.116004,-27.764,66.351997,0.0,,,66.352004,0.0,66.351997,0.0,,66.351997,66.351997,,373.057007,0.18,0.18,0.18,377.681,0.18,0.18,0.18,
05/31/2001,228.619995,,,-52.953999,,175.665996,,-88.097,,,,87.569,8.546,,0.0,,,0.0,,-8.546,96.115,-28.354,67.761002,0.0,,,67.761,0.0,67.761002,0.0,,67.761002,67.761002,,373.454987,0.17,0.17,0.17,377.397003,0.17,0.17,0.17,
08/31/2001,234.813995,,,-53.756001,,181.057994,,-87.295998,,,,93.762001,7.527,,0.0,,,0.0,,-7.527,101.289001,-31.096001,70.193001,0.0,,,70.193,0.0,70.193001,0.0,0.0,70.193001,70.193001,,373.977997,0.19,0.19,0.19,377.747009,0.19,0.19,0.19,
11/30/2001,232.988007,,,-54.730999,,178.257008,,-87.174004,,,,91.083,8.191,,0.0,,,0.0,,-8.191,99.274,-30.576,68.697998,0.0,,,68.698,0.0,68.697998,0.0,0.0,68.697998,68.697998,,374.511993,0.18,0.18,0.18,377.614014,0.18,0.18,0.18,
02/28/2002,242.800003,,,-56.738998,,186.061005,,-98.844002,,,,87.217003,8.427,,0.0,,,0.0,,-8.427,95.644003,-28.671,66.973,0.0,,,66.973003,0.0,66.973,0.0,0.0,66.973,66.973,,374.921997,0.18,0.18,0.18,378.096008,0.18,0.18,0.18,
05/31/2002,244.307999,,,-55.471001,,188.836998,,-97.205002,,,,91.632004,7.17,,0.0,,,0.0,,-7.17,98.802004,-30.135,68.667,0.0,,,68.667004,0.0,68.667,0.0,0.0,68.667,68.667,,375.552002,0.18,0.18,0.18,378.527008,0.18,0.18,0.18,
08/31/2002,252.675003,,,-55.944,,196.731003,,-94.253998,,,,102.476997,8.385,,0.0,,,0.0,,-8.385,110.861997,-34.922001,75.940002,0.0,,,75.939996,0.0,75.940002,0.0,0.0,75.940002,75.940002,,375.954987,0.2,0.2,0.2,377.949005,0.2,0.2,0.2,
11/30/2002,268.807007,,,-63.782001,,205.025006,,-105.831001,,,,99.194,11.401,,0.0,,,0.0,,-11.401,110.595,-35.944,74.651001,0.0,,,74.651,0.0,74.651001,0.0,0.0,74.651001,74.651001,,376.19101,0.2,0.2,0.2,377.93399,0.2,0.2,0.2,
02/28/2003,287.789001,,,-68.793999,,218.995002,,-117.575996,,,,101.418999,3.76,,0.0,,,0.0,,-3.76,105.178999,-33.658001,71.521004,0.0,,,71.520998,0.0,71.521004,0.0,0.0,71.521004,71.521004,,376.355988,0.19,0.19,0.19,378.080994,0.19,0.19,0.19,
05/31/2003,289.808014,,,-69.292999,,220.515015,,-122.564003,,,,97.950996,6.957,,0.0,,,0.0,,-6.957,104.907996,-33.568001,71.339996,0.0,,,71.339995,0.0,71.339996,0.0,0.0,71.339996,71.339996,,376.558014,0.19,0.19,0.19,378.376007,0.19,0.19,0.19,
08/31/2003,309.252991,,,-71.670998,,237.581993,,-122.503998,,,,115.078003,3.949,,0.0,,,0.0,,-3.949,119.027003,-38.683998,80.343002,0.0,,,80.343005,0.0,80.343002,0.0,0.0,80.343002,80.343002,,376.835999,0.21,0.21,0.21,378.815002,0.21,0.21,0.21,
11/30/2003,312.098999,,,-74.434998,,237.664001,,-122.848999,,,,114.815002,5.071,,0.0,,,0.0,,-5.071,119.886002,-39.202,80.683998,0.0,,,80.684002,0.0,80.683998,0.0,0.0,80.683998,80.683998,,377.263,0.21,0.21,0.21,379.648987,0.21,0.21,0.21,
02/29/2004,342.606,,,-79.239,,263.367,,-146.894,,,,116.473,3.166,,0.0,,,0.0,,-3.166,119.639,-39.121,80.518,0.0,,,80.518,0.0,80.518,0.0,0.0,80.518,80.518,5.98,377.601,0.21,0.21,0.23,379.795,0.21,0.21,0.23,
05/31/2004,330.389008,,,-78.091003,,252.298005,,-165.348999,,,,86.948997,4.283,,0.0,,,0.0,,-4.283,91.231997,-29.827,61.404999,0.0,,,61.404997,0.0,61.404999,0.0,0.0,61.404999,61.404999,,377.812988,0.16,0.16,0.2,379.864014,0.16,0.16,0.2,
08/31/2004,344.975006,,,-121.592003,,223.383003,,-94.714996,,,,128.667999,2.259,,0.0,,,0.0,,-2.259,130.926999,-43.206001,87.721001,0.0,,,87.720998,0.0,87.721001,0.0,0.0,87.721001,87.721001,,378.106995,0.23,0.23,0.23,379.705994,0.23,0.23,0.23,
11/30/2004,347.285004,,,-79.928001,,267.357003,,-140.459,,,,126.898003,2.751,,0.0,,,0.0,,-2.751,129.649003,-42.784,86.864998,0.0,,,86.865003,0.0,86.864998,0.0,0.0,86.864998,86.864998,,378.265015,0.23,0.23,0.23,379.696014,0.23,0.23,0.23,
02/28/2005,373.861,,,-86.035,,287.826,,-152.444,,,,135.382,3.099,,0.0,,,0.0,,-3.099,138.481,-45.699,92.782,0.0,,,92.782,0.0,92.782,0.0,0.0,92.782,92.782,,378.403,0.25,0.25,0.25,379.814,0.24,0.24,0.24,
05/31/2005,379.022,,,-211.47,,167.552,,-24.725,,,,142.827,4.282,,0.0,,,0.0,,-4.282,147.109,-45.628,101.481,0.0,,,101.481,0.0,101.481,0.0,0.0,101.481,101.481,,378.569,0.27,0.27,0.27,379.831,0.27,0.27,0.27,
08/31/2005,403.715,,,-133.421,,270.294,,-107.474,107.474,,0.0,162.82,4.859,,0.0,,,0.0,,-4.859,167.679,-52.651,115.028,0.0,,,115.028,0.0,115.028,0.0,0.0,115.028,115.028,,378.81,0.3,0.3,0.3,380.18,0.3,0.3,0.3,
11/30/2005,399.815,,,-135.35,,264.465,,-105.86,105.86,,0.0,158.605,5.552,,0.0,,,0.0,,-5.552,164.157,-51.545,112.612,0.0,,,112.612,0.0,112.612,0.0,0.0,112.612,112.612,,379.268,0.3,0.3,0.3,381.256,0.3,0.3,0.3,
02/28/2006,430.586,,,-145.486,,285.1,,-124.5,124.5,,0.0,160.6,6.358,,0.0,,,0.0,,-6.358,166.958,-52.424,114.534,0.0,,,114.534,0.0,114.534,0.0,0.0,114.534,114.534,,379.68,0.3,0.3,0.3,381.751,0.3,0.3,0.3,
05/31/2006,440.48,,,-145.998,,294.482,,-126.936,,,,167.546,8.426,,0.0,,,0.0,,-8.426,175.972,-53.232,122.74,0.0,,,122.74,0.0,122.74,0.0,0.0,122.74,122.74,,380.092,0.32,0.32,0.32,382.207,0.32,0.32,0.32,
08/31/2006,459.374,,,-148.084,,311.29,,-124.936,124.936,,0.0,186.354,9.416,,0.0,,,0.0,,-9.416,195.77,-60.689,135.081,0.0,,,135.081,0.0,135.081,0.0,0.0,135.081,135.081,,380.36,0.36,0.36,0.36,381.876,0.35,0.35,0.35,
11/30/2006,454.955,,,-150.87,,304.085,,-121.757,121.757,,0.0,182.328,9.941,,0.0,,,0.0,,-9.941,192.269,-59.603,132.666,0.0,,,132.666,0.0,132.666,0.0,0.0,132.666,132.666,,380.747,0.35,0.35,0.35,382.433,0.35,0.35,0.35,
02/28/2007,485.287,,,-158.543,,326.744,,-153.76,153.76,,0.0,172.984,10.494,,0.0,,,0.0,,-10.494,183.478,-56.878,126.6,0.0,,,126.6,0.0,126.6,0.0,0.0,126.6,126.6,,381.475,0.33,0.33,0.35,383.335,0.33,0.33,0.35,
05/31/2007,487.348,,,-157.982,,329.366,,-169.484,,,,159.882,11.87,,0.0,,,0.0,,-11.87,171.752,-50.652,121.1,0.0,,,121.1,0.0,121.1,0.0,0.0,121.1,121.1,,382.02,0.31,0.31,0.31,383.57,0.31,0.31,0.31,
08/31/2007,507.13,,,-159.315,,347.815,0.0,-137.227,137.227,,0.0,210.588,12.237,,,,,,,-12.237,222.825,-71.75,151.075,0.0,,,151.075,0.0,151.075,0.0,0.0,151.075,151.075,0.0,380.539,0.4,0.4,0.4,382.255,0.4,0.4,0.4,
11/30/2007,507.793,,,-162.452,,345.341,0.0,-135.865,135.865,,0.0,209.476,7.503,,,,,,,-7.503,216.979,-69.867,147.112,,,,147.112,,147.112,0.0,0.0,147.112,147.112,0.0,369.914,0.4,0.4,0.4,371.404,0.4,0.4,0.4,
02/29/2008,532.172,,,-170.995,,361.177,0.0,-150.778,150.778,,0.0,210.399,3.597,,,,,,,-3.597,213.996,-71.522,142.474,0.0,,,142.474,0.0,142.474,0.0,0.0,142.474,142.474,0.0,361.178,0.39,0.39,0.39,361.77,0.39,0.39,0.39,
05/31/2008,519.228,,,-167.973,,351.255,0.0,-153.451,153.451,,0.0,197.804,3.211,,0.0,,,0.0,,-3.211,201.015,-65.531,135.484,0.0,,,135.484,0.0,135.484,0.0,0.0,135.484,135.484,,360.42,0.38,0.38,0.38,361.053,0.38,0.38,0.38,
08/31/2008,534.085,509.867,24.218,-168.468,168.468,365.617,0.0,-144.032,123.332,20.7,0.0,221.585,3.051,,,,,,,-3.051,224.636,-75.927,148.709,0.0,0.0,0.0,148.709,0.0,148.709,0.0,0.0,148.709,148.514,-0.195,360.629,0.41,0.41,0.411819,361.04,0.41,0.41,0.40946,
11/30/2008,524.16,504.383,19.777,-170.675,170.675,353.485,0.0,-141.585,120.585,21.0,0.0,211.9,1.932,,,,,,,-1.932,213.832,-73.59,140.242,0.0,0.0,0.0,140.242,0.0,140.242,0.0,0.0,140.242,139.97875,-0.26325,360.812,0.39,0.39,0.387955,360.977,0.39,0.39,0.387955,
02/28/2009,528.581,512.196,16.385,-174.503,174.503,354.078,0.0,-156.677,135.177,21.5,0.0,197.401,1.067,,,,,,,-1.067,198.468,-67.678,130.79,0.0,0.0,0.0,130.79,0.0,130.79,0.0,0.0,130.79,130.67755,-0.11245,360.821,0.36,0.36,0.362167,360.913,0.36,0.36,0.359688,
05/31/2009,495.933,480.859,15.074,-166.872,166.872,329.061,0.0,-154.747,132.147,22.6,0.0,174.314,0.825,,,,,,,-0.825,175.139,-61.335,113.804,0.0,0.0,0.0,113.804,0.0,113.804,0.0,0.0,113.804,113.674,-0.13,360.892,0.32,0.32,0.314981,361.034,0.32,0.32,0.314981,
08/31/2009,500.2,486.5,13.7,-163.3,163.3,336.9,0.0,-147.0,125.4,21.6,0.0,189.9,0.9,,,,,,,-0.9,190.8,-67.2,123.6,0.0,0.0,0.0,123.6,0.0,123.6,0.0,0.0,123.6,123.405,-0.195,361.2,0.34,0.34,0.341653,361.4,0.34,0.34,0.33946,
11/30/2009,496.6,483.0,13.6,-162.6,162.6,334.0,0.0,-140.9,119.2,21.7,0.0,193.1,1.1,,,,,,,-1.1,194.2,-68.4,125.8,0.0,0.0,0.0,125.8,0.0,125.8,0.0,0.0,125.8,125.345,-0.455,361.4,0.35,0.35,0.346832,361.7,0.35,0.35,0.346832,
02/28/2010,507.8,493.8,14.0,-164.5,164.5,343.3,0.0,-175.1,153.5,21.6,0.0,168.2,1.2,,,,,,,-1.2,169.4,-57.4,112.0,0.0,0.0,0.0,112.0,0.0,112.0,0.0,0.0,112.0,122.012,10.012,361.4,0.31,0.31,0.337609,361.9,0.31,0.31,0.337609,
05/31/2010,496.2,482.5,13.7,-163.1,163.1,333.1,0.0,-159.5,137.9,21.6,0.0,173.6,1.3,,,,,,,-1.3,174.9,-59.4,115.5,0.0,0.0,0.0,115.5,0.0,115.5,0.0,0.0,115.5,114.915,-0.585,361.5,0.32,0.32,0.317884,362.0,0.32,0.32,0.317884,
08/31/2010,518.3,506.2,12.1,-160.2,160.2,358.1,0.0,-157.3,136.4,20.9,0.0,200.8,1.4,,,,,,,-1.4,202.2,-70.3,131.9,0.0,0.0,0.0,131.9,0.0,131.9,0.0,0.0,131.9,131.835,-0.065,361.6,0.36,0.36,0.364588,362.0,0.36,0.36,0.35982,
11/30/2010,512.0,500.0,12.0,-159.0,159.0,353.0,0.0,-149.1,128.5,20.6,0.0,203.9,1.5,,,,,,,-1.5,205.4,-71.5,133.9,0.0,0.0,0.0,133.9,0.0,133.9,0.0,0.0,133.9,133.77,-0.13,361.7,0.37,0.37,0.369837,362.1,0.37,0.37,0.369641,
02/28/2011,531.3,519.6,11.7,-166.6,166.6,364.7,0.0,-165.8,143.0,22.8,0.0,198.9,1.5,,,,,,,-1.5,200.4,-69.8,130.6,0.0,0.0,0.0,130.6,0.0,130.6,0.0,0.0,130.6,130.535,-0.065,361.8,0.36,0.36,0.360793,362.6,0.36,0.36,0.359821,
05/31/2011,522.7,510.4,12.3,-167.8,167.8,354.9,0.0,-172.1,147.7,24.4,0.0,182.8,1.4,,,,,,,-1.4,184.2,-65.3,118.9,0.0,0.0,0.0,118.9,0.0,118.9,0.0,0.0,118.9,118.315,-0.585,362.0,0.33,0.33,0.326837,363.0,0.33,0.33,0.326837,
08/31/2011,563.1,552.0,11.1,-164.1,164.1,399.0,0.0,-169.3,145.1,24.2,0.0,229.7,1.5,,,,,,,-1.5,231.2,-82.3,148.9,0.0,0.0,0.0,148.9,0.0,148.9,0.0,0.0,148.9,148.835,-0.065,362.2,0.41,0.41,0.410919,362.8,0.41,0.41,0.409821,
11/30/2011,545.7,535.0,10.7,-162.7,162.7,383.0,0.0,-165.1,141.0,24.1,0.0,217.9,1.5,,,,,,,-1.5,219.4,-79.0,140.4,0.0,0.0,0.0,140.4,0.0,140.4,0.0,0.0,140.4,140.335,-0.065,362.4,0.39,0.39,0.387238,362.8,0.39,0.39,0.387238,
02/29/2012,569.5,558.5,11.0,-174.2,174.2,395.3,0.0,-184.9,160.3,24.6,0.0,210.4,1.6,,,,,,,-1.6,212.0,-76.6,135.4,0.0,0.0,0.0,135.4,0.0,135.4,0.0,0.0,135.4,135.14,-0.26,362.5,0.37,0.37,0.3728,363.1,0.37,0.37,0.369284,
05/31/2012,551.5,540.7,10.8,-169.1,169.1,382.4,0.0,-186.5,161.6,24.9,0.0,195.9,1.8,,,,,,,-1.8,197.7,-74.4,123.3,0.0,0.0,0.0,123.3,0.0,123.3,0.0,0.0,123.3,123.04,-0.26,362.6,0.34,0.34,0.339327,363.4,0.34,0.34,0.339285,
08/31/2012,578.2,568.1,10.1,-163.5,163.5,414.7,0.0,-176.7,152.6,24.1,0.0,238.0,1.9,-1.9,0.1,-2.0,,,,0.0,239.9,-86.8,153.1,0.0,0.0,0.0,153.1,0.0,153.1,0.0,0.0,153.1,152.97,-0.13,363.0,0.42,0.42,0.421405,363.8,0.42,0.42,0.419643,
11/30/2012,569.4,559.4,10.0,-163.6,163.6,405.8,0.0,-175.8,151.6,24.2,0.0,230.0,1.9,-1.9,0.0,-1.9,,,,0.0,231.9,-84.0,147.9,0.0,0.0,0.0,147.9,0.0,147.9,0.0,0.0,147.9,147.835,-0.065,363.6,0.41,0.41,0.406587,364.4,0.41,0.41,0.406587,
02/28/2013,593.3,582.4,10.9,-171.2,171.2,422.1,0.0,-197.1,172.1,25.0,0.0,225.0,1.4,-1.4,0.0,-1.4,0.0,,0.0,0.0,226.4,-81.9,144.5,0.0,0.0,0.0,144.5,0.0,144.5,0.0,0.0,144.5,144.11,-0.39,363.8,0.4,0.4,0.396124,364.6,0.4,0.4,0.396124,
05/31/2013,585.3,575.3,10.0,-169.9,169.9,415.4,0.0,-203.6,178.7,24.9,0.0,211.8,1.4,-0.5,0.9,-1.4,,,,-0.9,213.2,-89.7,123.5,0.0,0.0,0.0,123.5,0.0,123.5,0.0,0.0,123.5,123.5,0.0,364.6,0.34,0.34,0.34,365.9,0.34,0.34,0.34,
08/31/2013,613.1,603.1,10.0,-169.9,169.9,443.2,0.0,-188.1,163.7,24.4,0.0,255.1,1.2,-1.2,0.4,-1.6,,,0.0,0.0,256.3,-93.5,162.8,0.0,0.0,0.0,162.8,0.0,162.8,0.0,0.0,162.8,162.67,-0.13,365.3,0.45,0.45,0.445305,366.7,0.44,0.44,0.439645,
11/30/2013,616.4,606.4,10.0,-173.6,173.6,442.8,0.0,-194.2,168.2,26.0,0.0,248.6,1.3,-1.3,0.4,-1.7,,,0.0,0.0,249.9,-91.2,158.7,0.0,0.0,0.0,158.7,0.0,158.7,0.0,0.0,158.7,158.7,0.0,364.9,0.43,0.43,0.43,366.4,0.43,0.43,0.43,
02/28/2014,650.4,639.9,10.5,-191.0,191.0,459.4,0.0,-208.7,182.4,26.3,0.0,250.7,1.5,-1.7,0.2,-1.9,,,0.2,0.0,252.2,-92.1,160.1,0.0,0.0,0.0,160.1,0.0,160.1,0.0,0.0,160.1,159.905,-0.195,364.2,0.44,0.44,0.439058,365.8,0.44,0.44,0.439058,
05/31/2014,639.0,628.8,10.2,-198.0,198.0,441.0,0.0,-212.7,184.4,28.3,0.0,228.3,1.4,-1.6,0.1,-1.7,,,0.2,0.0,229.7,-83.8,145.9,0.0,0.0,0.0,145.9,0.0,145.9,0.0,0.0,145.9,145.835,-0.065,363.5,0.4,0.4,0.401197,365.3,0.4,0.4,0.399822,
08/31/2014,666.8,656.6,10.2,-194.3,194.3,472.5,0.0,-205.0,178.5,26.5,0.0,267.5,1.4,-1.6,0.3,-1.9,,,0.2,0.0,268.9,-97.6,171.3,0.0,0.0,0.0,171.3,0.0,171.3,0.0,0.0,171.3,171.235,-0.065,363.1,0.47,0.47,0.471592,364.7,0.47,0.47,0.469822,
11/30/2014,676.3,665.9,10.4,-199.1,199.1,477.2,0.0,-207.0,181.0,26.0,0.0,270.2,1.4,-1.7,0.3,-2.0,,,0.3,0.0,271.6,-98.6,173.0,0.0,0.0,0.0,173.0,0.0,173.0,0.0,0.0,173.0,172.935,-0.065,363.0,0.48,0.48,0.476405,364.6,0.47,0.47,0.469822,
02/28/2015,704.3,693.6,10.7,-211.0,211.0,493.3,0.0,-229.0,202.4,26.6,0.0,264.3,1.6,-1.9,0.1,-2.0,,,0.3,0.0,265.9,-96.5,169.4,0.0,0.0,0.0,169.4,0.0,169.4,0.0,0.0,169.4,169.4,0.0,363.2,0.47,0.47,0.47,365.0,0.46,0.46,0.46,
05/31/2015,692.2,681.4,10.8,-203.6,203.6,488.6,0.0,-237.0,209.5,27.5,0.0,251.6,2.0,-1.9,0.0,-1.9,,,-0.1,0.0,253.6,-92.4,161.2,0.0,0.0,0.0,161.2,0.0,161.2,0.0,0.0,161.2,161.135,-0.065,362.3,0.44,0.44,0.444756,364.5,0.44,0.44,0.439822,
08/31/2015,723.0,712.2,10.8,-205.7,205.7,517.3,0.0,-221.2,194.2,27.0,0.0,296.1,1.4,-1.7,0.2,-1.9,,,0.3,0.0,297.5,-88.4,209.1,0.0,0.0,0.0,209.1,0.0,209.1,0.0,0.0,209.1,187.332,-21.768,361.1,0.58,0.58,0.518782,362.8,0.58,0.58,0.518782,
11/30/2015,722.4,711.3,11.1,-205.2,205.2,517.2,0.0,-223.0,195.3,27.7,0.0,294.2,1.6,-1.8,0.3,-2.1,,,0.2,0.0,295.8,-106.6,189.2,0.0,0.0,0.0,189.2,0.0,189.2,0.0,0.0,189.2,189.0,-0.2,360.7,0.52,0.52,0.523981,362.3,0.52,0.52,0.519448,
02/29/2016,752.6,740.7,11.9,-225.9,225.9,526.7,0.0,-246.7,216.3,30.4,0.0,280.0,1.7,-1.9,0.2,-2.1,,,0.2,0.0,281.7,-101.3,180.4,0.0,0.0,0.0,180.4,0.0,180.4,0.0,0.0,180.4,180.335,-0.065,360.5,0.5,0.5,0.500236,362.2,0.5,0.5,0.499821,
05/31/2016,753.9,741.6,12.3,-220.3,220.3,533.6,0.0,-257.3,227.3,30.0,0.0,276.3,-0.2,-1.9,0.4,-2.3,,,2.1,0.0,276.1,-98.0,178.1,0.0,0.0,0.0,178.1,0.0,178.1,0.0,0.0,178.1,178.1,0.0,360.3,0.49,0.49,0.49,362.6,0.49,0.49,0.49,
08/31/2016,785.5,773.5,12.0,-225.1,225.1,560.4,0.0,-237.4,207.7,29.7,0.0,323.0,1.5,-1.7,0.7,-2.4,,,0.2,0.0,324.5,-107.1,217.4,0.0,0.0,0.0,217.4,0.0,217.4,0.0,0.0,217.4,208.2305,-9.1695,361.0,0.6,0.6,0.576816,364.1,0.6,0.6,0.574816,
11/30/2016,771.4,760.0,11.4,-226.3,226.3,545.1,0.0,-234.0,204.0,30.0,0.0,311.1,0.9,-1.8,0.6,-2.4,,,0.9,0.0,312.0,-109.9,202.1,0.0,0.0,0.0,202.1,0.0,202.1,0.0,0.0,202.1,202.1,0.0,360.2,0.56,0.56,0.56,362.6,0.56,0.56,0.56,
02/28/2017,795.8,782.6,13.2,-236.8,236.8,559.0,0.0,-252.4,221.4,31.0,0.0,306.6,1.2,-1.8,0.6,-2.4,,,0.6,0.0,307.8,-105.3,202.5,0.0,0.0,0.0,202.5,0.0,202.5,0.0,0.0,202.5,202.5,0.0,359.0,0.56,0.56,0.56,361.8,0.56,0.56,0.56,
05/31/2017,798.6,784.6,14.0,-231.4,231.4,567.2,0.0,-268.3,232.1,36.2,0.0,298.9,1.6,-2.1,0.6,-2.7,,,0.5,0.0,300.5,-105.2,195.3,0.0,0.0,0.0,195.3,0.0,195.3,0.0,0.0,195.3,195.3,0.0,359.3,0.54,0.54,0.54,362.1,0.54,0.54,0.54,
08/31/2017,792.9,779.2,13.7,-232.0,232.0,560.9,0.0,-243.6,211.6,32.0,0.0,317.3,2.1,-2.1,0.8,-2.9,,,,0.0,319.4,-109.0,210.4,0.0,0.0,0.0,210.4,0.0,210.4,0.0,0.0,210.4,210.4,0.0,358.9,0.59,0.59,0.59,361.3,0.58,0.58,0.58,
11/30/2017,803.0,789.0,14.0,-248.6,248.6,554.4,0.0,-251.3,217.6,33.7,0.0,303.1,1.7,-1.4,1.3,-2.7,-1.7,,-0.3,1.7,304.8,-106.0,198.8,0.0,0.0,0.0,198.8,0.0,198.8,0.0,0.0,198.8,198.8,0.0,359.1,0.55,0.55,0.55,361.4,0.55,0.55,0.55,
02/28/2018,936.1,918.0,18.1,-272.2,272.2,663.9,0.0,-294.9,258.3,36.6,0.0,369.0,2.3,-2.0,1.1,-3.1,2.3,,0.3,-2.9,371.3,-4.1,367.2,0.0,0.0,0.0,367.2,0.0,367.2,0.0,0.0,367.2,313.2,-54.0,359.2,1.02,1.02,0.871938,362.0,1.01,1.01,0.860829,
05/31/2018,845.7,828.0,17.7,-265.4,265.4,580.3,0.0,-278.2,242.5,35.7,0.0,302.1,2.5,-2.5,0.7,-3.2,,,0.0,0.0,304.6,-86.9,217.7,0.0,0.0,0.0,217.7,0.0,217.7,0.0,0.0,217.7,212.821,-4.879,359.0,0.61,0.61,0.592816,361.5,0.6,0.6,0.586503,
08/31/2018,862.8,845.7,17.1,-265.5,265.5,597.3,0.0,-277.0,241.1,35.9,0.0,320.3,2.3,-2.3,0.9,-3.2,,,,0.0,322.6,-79.0,243.6,0.0,0.0,0.0,243.6,0.0,243.6,0.0,0.0,243.6,245.221,1.621,359.1,0.68,0.68,0.682877,361.5,0.67,0.67,0.674484,
11/30/2018,858.9,840.6,18.3,-264.9,264.9,594.0,0.0,-286.8,250.0,36.8,0.0,307.2,2.1,-2.0,0.8,-2.8,,,,-0.1,309.3,-73.5,235.8,0.0,0.0,0.0,235.8,0.0,235.8,0.0,0.0,235.8,236.037,0.237,359.1,0.66,0.66,0.657302,361.5,0.65,0.65,0.650656,
02/28/2019,1070.4,1047.4,23.0,-325.3,325.3,745.1,0.0,-315.8,262.8,53.0,0.0,429.3,-3.7,3.6,6.7,-3.1,,,,0.1,425.6,-101.0,324.6,0.0,0.0,0.0,324.6,0.0,324.6,0.0,0.0,324.6,324.521,-0.079,359.2,0.9,0.9,0.903455,361.6,0.9,0.9,0.899782,
05/31/2019,980.4,958.2,22.2,-322.1,322.1,658.3,0.0,-343.8,288.0,55.8,0.0,314.5,-4.0,5.0,9.2,-4.2,,,-1.0,0.0,310.5,-80.1,230.4,0.0,0.0,0.0,230.4,0.0,230.4,0.0,0.0,230.4,230.479,0.079,359.4,0.64,0.64,0.641288,362.5,0.64,0.64,0.640218,
08/31/2019,992.0,971.5,20.5,-325.4,325.4,666.6,0.0,-317.5,264.6,52.9,0.0,349.1,-4.8,5.8,10.3,-4.5,,,,-1.0,344.3,-80.1,264.2,0.0,0.0,0.0,264.2,0.0,264.2,0.0,0.0,264.2,263.489,-0.711,358.6,0.74,0.74,0.734771,361.5,0.73,0.73,0.728033,
11/30/2019,990.7,970.8,19.9,-323.4,323.4,667.3,0.0,-325.6,270.6,55.0,0.0,341.7,-4.7,6.8,10.1,-3.3,,,,-2.1,337.0,-78.3,258.7,0.0,0.0,0.0,258.7,0.0,258.7,0.0,0.0,258.7,257.989,-0.711,358.1,0.72,0.72,0.720438,360.6,0.72,0.72,0.718028,
02/29/2020,1142.7,1121.5,21.2,-340.3,340.3,802.4,0.0,-332.3,282.2,50.1,0.0,470.1,-5.9,6.2,9.3,-3.1,,,,-0.3,464.2,-109.7,354.5,0.0,0.0,0.0,354.5,0.0,354.5,0.0,0.0,354.5,354.026,-0.474,358.5,0.99,0.99,0.98752,361.0,0.98,0.98,0.978687,
05/31/2020,915.1,889.8,25.3,-291.7,291.7,623.4,0.0,-323.8,272.1,51.7,0.0,299.6,-8.0,7.7,9.1,-1.4,,,,0.3,291.6,-70.9,220.7,0.0,0.0,0.0,220.7,0.0,220.7,0.0,0.0,220.7,227.731,7.031,358.7,0.62,0.62,0.634879,360.7,0.61,0.61,0.629493,
08/31/2020,893.647,,,,,570.2361507,,,,,,255.4,,,,,,,,,243.643,,178.727,,,,,,178.727,,,178.727,197.267,,,0.509,0.509,0.551,,0.509,0.509,0.551,
11/30/2020,925.0,,,,,621.193,,,,,,312.133,,,,,,,,,304.571,,228.727,,,,,,228.727,,,228.727,228.933,,,0.634,0.634,0.637,,0.634,0.634,0.637,
