Date,Revenue,Sales & Services Revenue,Cost of Revenue,Cost of Goods & Services,Gross Profit,Other Operating Income,Operating Expenses,"Selling, General & Admin",Research & Development,Other Operating Expense,Operating Income (Loss),Non-Operating (Income) Loss,"Interest Expense, Net",Interest Expense,Interest Income,Foreign Exch (Gain) Loss,Other Non-Op (Income) Loss,Pretax Income,Income Tax Expense (Benefit),Income (Loss) from Cont Ops,Net Extraordinary Losses (Gains),Discontinued Operations,XO & Accounting Changes,Income (Loss) Incl. MI,Minority Interest,"Net Income, GAAP",Preferred Dividends,Other Adjustments,"Net Income Avail to Common, GAAP","Net Income Avail to Common, Adj",Net Abnormal Losses (Gains),Basic Weighted Avg Shares,"Basic EPS, GAAP",Basic EPS from Cont Ops,"Basic EPS from Cont Ops, Adjusted",Diluted Weighted Avg Shares,"Diluted EPS, GAAP",Diluted EPS from Cont Ops,"Diluted EPS from Cont Ops, Adjusted",Source: Bloomberg
03/31/1990,755.700989,,-263.265991,,492.434998,,-337.20401,,,,155.231003,-59.460999,,,,0.0,59.460999,95.770004,-36.049,59.721001,0.0,,,59.721004,0.0,59.721001,-0.108,,59.613001,59.613001,,318.35199,0.1875,0.1875,,318.35199,0.1875,0.1875,0.1875,
06/30/1990,774.18103,,-267.368011,,506.813019,,-346.915985,,,,159.897003,-62.883999,,,,0.0,62.883999,97.013004,-36.584999,60.428001,0.0,,,60.428005,0.0,60.428001,-0.107,,60.321001,60.321001,,319.384003,0.19,0.19,,319.384003,0.19,0.19,0.19,
09/30/1990,799.719971,,-288.075012,,511.644958,,-345.35199,,,,166.292999,-151.490997,,,,0.0,151.490997,14.802002,-4.368,10.434,-1.347,,,11.781002,0.0,11.781,-0.108,,11.673,11.673,,318.951996,0.0375,0.0325,,318.951996,0.0375,0.0325,0.0325,
12/31/1990,865.947998,,-300.130005,,565.817993,,-380.239014,,,,185.578995,-65.519997,,,,0.0,65.519997,120.058998,-43.993,76.066002,-5.299,,,81.364998,0.0,81.364998,-0.106,,81.258998,81.258998,,314.608,0.255,0.2375,0.2375,314.608,0.255,0.2375,0.2375,
03/31/1991,808.655029,,-277.131012,,531.524017,,-357.877014,,,,173.647003,-63.029999,,,,0.0,63.029999,110.617004,-43.014999,67.601997,0.0,,,67.602005,0.0,67.601997,-0.092,,67.509997,67.509997,,318.368011,0.215,0.215,,318.368011,0.215,0.215,0.215,
06/30/1991,804.004028,,-278.959991,,525.044037,,-353.373993,,,,171.669998,-61.576,,,,0.0,61.576,110.093998,-42.358002,67.736,0.0,,,67.735996,0.0,67.736,-0.093,,67.643,67.643,,319.691986,0.21,0.21,,319.691986,0.21,0.21,0.21,
09/30/1991,813.942993,,-293.342987,,520.600006,,-349.796997,,,,170.802994,-58.799999,,,,0.0,58.799999,112.002995,-42.131001,69.872002,-2.149,,,72.020994,0.0,72.021004,-0.093,,71.928004,71.928004,,320.911987,0.225,0.22,,320.911987,0.225,0.22,0.22,
12/31/1991,905.89502,,-328.824005,,577.071015,,-387.830994,,,,189.240005,-60.365002,,,,0.0,60.365002,128.875003,-46.226002,82.649002,-5.291,,,87.940001,0.0,87.940002,-0.09,,87.850002,87.850002,,317.420012,0.275,0.255,0.255,317.420012,0.275,0.255,0.255,
03/31/1992,811.458984,,-292.720001,,518.738983,,-356.45401,,,,162.285004,-54.484001,,,,0.0,54.484001,107.801003,-40.583,67.218002,214.630997,,,-147.412994,0.0,-147.412994,-0.071,,-147.483994,-147.483994,,321.328003,-0.465,0.21,,321.328003,-0.465,0.21,0.21,
06/30/1992,833.947998,,-302.020996,,531.927002,,-359.621002,,,,172.306,-54.612999,,,,0.0,54.612999,117.693001,-43.937,73.755997,0.0,,,73.756001,0.0,73.755997,0.0,,73.755997,73.755997,,318.221985,0.23,0.23,,318.221985,0.23,0.23,0.23,
09/30/1992,860.969971,,-314.494995,,546.474976,,-370.654999,,,,175.820007,-55.286999,,,,0.0,55.286999,120.533009,-43.956001,76.577003,-2.7,,,79.277007,0.0,79.277,0.0,,79.277,79.277,,316.773987,0.25,0.24,,316.773987,0.25,0.24,0.24,
12/31/1992,927.747009,,-334.804993,,592.942016,,-392.848999,,,,200.093002,-50.768002,,,,0.0,50.768002,149.325,-54.708,94.616997,0.0,,,94.617,0.0,94.616997,-0.21,,94.406997,94.406997,,317.457916,0.3,0.3,0.3,317.457916,0.3,0.3,0.3,
03/31/1993,703.0,,-261.0,,442.0,,,,,,,,,,,,,,,70.0,-12.0,,,,0.0,82.0,0.0,,82.0,82.0,,317.799988,0.26,0.22,,317.799988,0.26,0.22,0.22,
06/30/1993,739.0,,-282.0,,457.0,,,,,,,,,,,,,,,76.0,-11.0,,,,0.0,87.0,0.0,,87.0,87.0,,318.003998,0.275,0.24,,318.003998,0.275,0.24,0.24,
09/30/1993,723.924988,,-264.968994,,458.955994,,-292.436005,,,,166.520004,-42.015999,,,,0.0,42.015999,124.504005,-66.116997,58.387001,-10.644,,,69.031009,0.0,69.030998,0.0,,69.030998,69.030998,,318.619995,0.215,0.185,,318.619995,0.215,0.185,0.185,
12/31/1993,833.817017,,-312.757996,,521.059021,,-334.524994,,,,186.533997,-42.917999,,,,0.0,42.917999,143.615997,-42.414001,101.202003,-13.59,,,114.791996,0.0,114.792,0.0,,114.792,114.792,,320.197998,0.36,0.315,,320.197998,0.36,0.315,0.315,
03/31/1994,745.374023,,-285.970001,,459.404022,,-287.114014,,,,172.289993,-42.125999,,,,0.0,42.125999,130.163994,-48.556,81.608002,109.278,,,-27.670006,0.0,-27.67,0.0,,-27.67,-27.67,,319.339996,-0.085,0.255,,319.339996,-0.085,0.255,0.255,
06/30/1994,818.289001,,-329.859009,,488.429993,,-304.890015,,,,183.539993,-46.140999,,,,0.0,46.140999,137.398994,-50.313,87.085999,-11.532,,,98.617994,0.0,98.617996,0.0,,98.617996,98.617996,,318.234009,0.31,0.275,,318.234009,0.31,0.275,0.275,
09/30/1994,806.440979,,-311.851013,,494.589966,,-317.286011,,,,177.304001,-22.485001,,,,0.0,22.485001,154.819,-69.498001,85.320999,-10.706,,,96.026999,0.0,96.027,0.0,,96.027,96.027,,316.058014,0.305,0.27,,316.058014,0.305,0.27,0.27,
12/31/1994,900.508972,,-366.610992,,533.89798,,-336.75,,,,197.147995,-53.022999,,,,0.0,53.022999,144.124996,-49.709999,94.415001,-12.669,,,107.083997,0.0,107.084,0.0,,107.084,107.084,,309.380005,0.345,0.305,,309.380005,0.345,0.305,0.305,
03/31/1995,838.911987,,-318.937012,,519.974976,,-310.903992,,,,209.070999,-59.084999,,59.084999,,0.0,0.0,149.986,-53.997002,95.988998,-10.322,,,106.310998,0.0,106.310997,0.0,,106.310997,106.310997,,304.131989,0.35,0.315,,304.131989,0.35,0.315,0.315,
06/30/1995,862.603027,,-340.141998,,522.461029,,-308.970001,,,,213.490997,-59.875999,,59.875999,,0.0,0.0,153.614998,-55.265999,98.348999,-10.675,,,109.023999,0.0,109.024002,0.0,,109.024002,109.024002,,304.506012,0.36,0.325,,304.506012,0.36,0.325,0.325,
09/30/1995,876.130981,,-347.712006,,528.418976,,-326.105988,,,,202.313004,-51.522999,,51.522999,,0.0,0.0,150.790005,-50.049999,100.739998,-154.434006,,,255.174011,0.0,255.173996,0.0,,255.173996,255.173996,,305.709991,0.835,0.33,,305.709991,0.835,0.33,0.33,
12/31/1995,977.107971,,-397.93399,,579.173981,,-366.490997,,,,212.682999,-48.143,,55.625999,,0.0,-7.483,164.539999,-51.909,112.630997,0.0,,,112.630999,0.0,112.630997,-0.262,,112.368997,112.368997,,304.854004,0.37,0.37,,304.854004,0.37,0.37,0.37,
03/31/1996,906.265015,,-364.515991,,541.749023,,-329.726013,,,,212.022995,-48.584,,,,0.0,48.584,163.438995,-56.93,106.509003,0.0,,,106.508995,0.0,106.509003,0.0,,106.509003,106.509003,,302.832001,0.35,0.35,0.35,302.832001,0.35,0.35,0.35,
06/30/1996,942.937012,,-372.614014,,570.322998,,-340.727997,,,,229.595001,-47.398998,,47.398998,,0.0,0.0,182.196003,-63.662998,118.532997,0.0,,,118.533005,0.0,118.532997,0.0,,118.532997,118.532997,,296.332001,0.4,0.4,0.4,301.890015,0.395,0.395,0.395,
09/30/1996,950.713989,,-381.871002,,568.842987,,-342.694,,,,226.149002,-49.699001,,49.699001,,0.0,0.0,176.450001,-59.744999,116.705002,0.0,,,116.705002,0.0,116.705002,0.0,,116.705002,116.705002,,300.477997,0.39,0.39,0.39,300.477997,0.39,0.39,0.39,
12/31/1996,1058.662964,,-435.989014,,622.67395,,-408.854004,,,,213.820007,-51.522,,58.195,,0.0,-6.673,162.298007,-34.632,127.666,0.0,,,127.666008,0.0,127.666,-0.252,,127.414,127.414,,299.790009,0.43,0.43,0.43,299.790009,0.43,0.43,0.43,
03/31/1997,961.369995,,-381.481995,,579.888,,-346.756989,,,,233.130997,-49.495998,,,,0.0,49.495998,183.634998,-63.689999,119.945,0.0,,,119.945,0.0,119.945,-0.046,,119.899,119.899,,294.630005,0.41,0.41,0.41,297.973999,0.4,0.4,0.4,
06/30/1997,1006.111023,,-397.531006,,608.580017,,-357.516998,,,,251.063004,-50.952999,,,,0.0,50.952999,200.110004,-69.039001,131.070999,0.0,,,131.071003,0.0,131.070999,-0.045,,131.025999,131.025999,,290.390015,0.45,0.45,0.45,293.891998,0.45,0.45,0.45,
09/30/1997,974.624023,,-385.091003,,589.53302,,-361.295013,,,,228.238007,-38.935001,,,,0.0,38.935001,189.303005,-65.121002,124.181999,-3.623,,,127.805003,0.0,127.805,-0.045,,127.76,127.76,,287.282013,0.44,0.44,0.43,291.190002,0.44,0.44,0.43,
12/31/1997,1050.253052,,-408.884003,,641.369049,,-391.756012,,,,249.613007,-37.014,,,,0.0,37.014,212.599007,-72.545998,140.052994,-7.153,,,147.206009,0.0,147.205994,-0.043,,147.162994,147.162994,,283.088013,0.52,0.5,0.5,288.640015,0.51,0.49,0.49,
03/31/1998,953.784973,,-377.621002,,576.163971,,-354.613007,,,,221.550995,-35.495998,,,,0.0,35.495998,186.054996,-63.719002,122.334999,-7.352,,,129.687995,0.0,129.686996,-0.042,,129.644996,129.644996,,279.40799,0.46,0.43,0.43,283.871002,0.46,0.43,0.43,
06/30/1998,1014.590027,,-394.338013,,620.252014,,-377.980988,,,,242.270996,-40.451,,,,0.0,40.451,201.819996,-69.051003,132.768997,-9.248,,,142.016994,0.0,142.016998,-0.042,,141.974998,141.974998,,274.924011,0.52,0.49,0.49,279.494995,0.51,0.48,0.48,
09/30/1998,1013.174988,,-385.269989,,627.904999,,-387.619995,,,,240.285004,-39.261002,,,,0.0,39.261002,201.024002,-68.200996,132.822998,-8.763,,,141.586005,0.0,141.585999,-0.04,,141.545999,141.545999,,273.868011,0.52,0.49,0.49,278.713013,0.51,0.48,0.48,
12/31/1998,1147.120972,,-438.931,,708.189972,,-423.321991,,,,284.868011,-39.157001,,,,0.0,39.157001,245.71101,-83.306999,162.404007,-0.7,,,163.104011,0.0,163.104004,-0.041,,163.063004,163.063004,,271.772003,0.6,0.6,0.6,276.721985,0.59,0.59,0.59,
03/31/1999,1081.822,,-436.2,,645.622,,-386.932,,,,258.69,-43.61,,43.6,,0.0,0.01,215.08,-72.809,142.271,-3.7,,,145.971,0.0,142.271,-0.039,,142.232,142.232,,269.789,0.53,0.53,0.53,274.962,0.52,0.52,0.52,
06/30/1999,1105.432007,,-423.794006,,681.638,,-400.829987,,,,280.808014,-46.938002,,48.108002,,0.0,-1.17,233.870012,-76.461998,157.408005,27.667,,,129.741014,0.0,129.740997,-0.038,,129.702997,129.702997,,268.088013,0.48,0.58,0.58,273.016998,0.48,0.58,0.58,
09/30/1999,1089.824951,,-418.539001,,671.28595,,-400.566986,,,,270.718994,-34.599,,42.917,,0.0,-8.318,236.119994,-50.042999,186.076996,0.0,,,186.076995,0.0,186.076996,-0.037,,186.039996,186.039996,,266.727997,0.7,0.7,0.59,271.196991,0.69,0.69,0.58,
12/31/1999,1026.373047,,-379.713989,,646.659058,,-380.480988,,,,266.178009,-43.345002,,38.615002,,0.0,4.73,222.833007,-69.433998,153.399002,-24.724001,,,178.12301,0.0,178.123001,-0.037,,178.086001,178.086001,,265.0,0.67,0.58,0.58,268.774994,0.66,0.57,0.57,
03/31/2000,944.765015,,-358.01001,,586.755005,,-347.380005,,,,239.375,-44.683999,,46.507999,,0.0,-1.824,194.691001,-61.237999,133.453003,-13.417,,,146.870001,0.0,146.869995,-0.035,0.0,146.834995,146.834995,,263.061005,0.56,0.51,0.51,266.033997,0.55,0.5,0.5,
06/30/2000,997.625,,-375.855011,,621.769989,,-357.854004,,,,263.915985,-50.411,,52.459,,0.0,-2.048,213.504986,-67.171997,146.332993,-19.624001,,,165.956989,0.0,165.957001,-0.036,,165.921001,165.921001,,257.605011,0.64,0.57,0.57,259.701996,0.64,0.56,0.56,
09/30/2000,959.994019,,-350.928009,,609.06601,,-348.154999,,,,260.911011,-67.688,,50.903,,0.0,16.785,193.223011,-47.537998,145.684998,-15.748,,,161.433013,0.0,161.432999,-0.034,,161.398999,161.398999,,254.253006,0.63,0.57,0.57,256.114014,0.63,0.57,0.57,
12/31/2000,978.484009,,-362.615997,,615.868011,,-366.178009,,,,249.690002,-48.261002,,51.087002,,0.0,-2.826,201.429001,-63.775002,137.654007,-10.632,,,148.285999,0.0,148.285995,-0.035,,148.250995,148.250995,,252.516998,0.59,0.55,0.55,252.516998,0.59,0.55,0.55,
03/31/2001,966.322998,,-369.183014,,597.139984,,-354.505005,,,,242.634995,-93.736,,52.787998,,0.0,40.948002,148.898994,-44.962002,103.936996,0.0,,,103.936993,0.0,103.936996,-0.034,0.0,103.902996,103.902996,,248.125,0.42,0.42,0.53,249.761002,0.42,0.42,0.53,
06/30/2001,1020.864014,,-394.187988,,626.676025,,-371.002014,,,,255.673996,42.562,,46.338001,,0.0,-88.900002,298.235996,-110.379997,187.856003,10.827,,,177.028999,0.0,177.029007,-0.034,0.0,176.995007,176.995007,,246.432999,0.72,0.76,0.59,248.419998,0.71,0.76,0.58,
09/30/2001,1044.47998,,-418.078003,,626.401978,,-376.403992,,,,249.998001,-73.494001,,46.977001,,0.0,26.517,176.504,-54.405998,122.098,4.884,,,117.214002,0.0,117.213997,-0.034,0.0,117.179997,117.179997,,245.007996,0.48,0.5,0.57,247.279999,0.47,0.49,0.57,
12/31/2001,1090.807007,,-440.865997,,649.94101,,-401.346008,,,,248.595001,-105.849998,,46.896999,,0.0,58.952999,142.745003,-42.316002,100.429001,10.266,,,90.163001,0.0,90.163002,-0.028,0.0,90.135002,90.135002,,245.014999,0.37,0.41,0.58,245.014999,0.37,0.41,0.57,
03/31/2002,1049.508057,,-424.937012,,624.571045,,-390.737,,,,233.834,-45.297999,,48.390999,,0.0,-3.093,188.536001,-59.019001,129.516998,0.0,,,129.517,0.0,129.516998,-0.03,0.0,129.486998,129.486998,,241.600998,0.54,0.54,0.54,244.287994,0.53,0.53,0.53,
06/30/2002,1081.324951,,-429.658997,,651.665955,,-398.024994,,,,253.641006,-45.327002,,48.754002,,0.0,-3.427,208.314005,-65.210999,143.102997,0.0,,,143.103006,0.0,143.102997,-0.031,0.0,143.071997,143.071997,,239.947998,0.6,0.6,0.6,242.968002,0.59,0.59,0.59,
09/30/2002,1114.071045,,-447.834991,,666.236053,,-411.260986,,,,254.975006,-41.190001,,45.005001,,0.0,-3.815,213.785005,-66.899002,146.886002,0.0,,,146.886003,0.0,146.886002,-0.03,0.0,146.856002,146.856002,,237.923004,0.62,0.62,0.62,240.322998,0.61,0.61,0.61,
12/31/2002,1164.854004,,-470.796997,,694.057007,,-424.726013,,,,269.330994,-260.521,,37.004002,,0.0,223.516998,8.809994,9.39,18.200001,-38.043999,,,56.243993,0.0,56.243999,-0.027,0.0,56.216999,56.216999,,234.350006,0.24,0.08,0.65,238.115005,0.24,0.08,0.64,
03/31/2003,1090.80896,,-529.086975,,561.721985,,-330.901001,,,,230.820999,-64.546,,43.799,,0.0,20.747,166.275,-52.372002,113.903,0.0,,,113.902998,0.0,113.903,-0.028,0.0,113.875,113.875,,234.794998,0.48,0.48,0.54,236.522003,0.48,0.48,0.54,
06/30/2003,1133.878052,,-547.51001,,586.368042,,-341.131012,,,,245.237,-72.269001,,40.178001,,0.0,32.091,172.967999,-54.071999,118.896004,0.0,,,118.896,0.0,118.896004,-0.027,0.0,118.869004,118.869004,,233.128998,0.51,0.51,0.6,236.136002,0.5,0.5,0.59,
09/30/2003,1137.149048,,-543.721008,,593.42804,,-337.424011,,,,256.003998,-84.210003,,41.101002,,0.0,43.109001,171.793995,-53.34,118.454002,0.0,,,118.453995,0.0,118.454002,-0.027,0.0,118.427002,118.427002,,236.084,0.51,0.51,0.63,236.084,0.5,0.5,0.62,
12/31/2003,1215.016968,,-586.771973,,628.244995,,-357.678986,,,,270.56601,-60.511999,,42.570999,,0.0,17.941,210.05401,-66.459999,143.593994,-3.27,,,146.864011,0.0,146.863998,-0.026,0.0,146.837998,146.837998,,219.199997,0.63,0.62,0.68,235.667007,0.62,0.61,0.67,
03/31/2004,1171.921997,,-532.590027,,639.33197,,-397.731995,,,,241.600006,-55.579,,40.535999,,0.0,15.043,186.021007,-59.426998,126.594002,0.0,,,126.594008,0.0,126.594002,-0.025,0.0,126.569002,126.569002,,231.895004,0.55,0.55,0.59,234.746994,0.54,0.54,0.58,
06/30/2004,1205.901001,,-545.815979,,660.085022,,-404.252014,,,,255.832993,-57.884998,,41.655998,,0.0,16.229,197.947994,-63.23,134.718002,0.0,,,134.717995,0.0,134.718002,-0.025,0.0,134.693002,134.693002,,234.123001,0.58,0.58,0.62,234.123001,0.58,0.58,0.62,
09/30/2004,1217.521973,,-544.213989,,673.307983,,-415.053009,,,,258.255005,-57.617,,42.035,,0.0,15.582,200.638005,-64.122002,136.516006,0.0,,,136.516004,0.0,136.516006,-0.025,0.0,136.491006,136.491006,,233.796997,0.59,0.59,0.63,233.796997,0.58,0.58,0.63,
12/31/2004,1362.099976,,-618.460022,,743.639954,,-473.494995,,,,270.140015,-155.309002,,48.186001,,0.0,107.123001,114.831013,-32.143002,82.697998,0.0,,,82.688011,0.0,82.697998,-0.101,0.0,82.596998,82.596998,,233.59697,0.36,0.36,0.73,233.59697,0.35,0.35,0.71,
03/31/2005,1317.788,,-600.014,,717.774,,-455.588,,,,262.186,-40.976,46.816,46.816,,,-5.84,221.21,-75.935,145.275,,,,145.275,,145.275,-0.024,,145.251,145.251,-3.8,230.098,0.63,0.63,0.61,233.739,0.62,0.62,0.6,
06/30/2005,1322.606,,-618.402,,704.204,,-447.252,,,,256.952,-71.557,45.155,45.155,,,26.402,185.395,-61.634,123.761,-13.718,,,137.479,-2.521,134.958,-0.023,,134.935,134.935,16.897,229.438,0.59,0.53,0.6,232.85,0.58,0.52,0.59,
09/30/2005,1356.43396,,-609.986023,,746.447937,,-461.144012,,,,285.303986,-67.061998,54.099998,54.099998,,0.0,12.962,218.241987,-73.943001,144.298996,0.0,,,144.298986,0.0,144.298996,0.0,0.0,144.298996,144.298996,,228.582001,0.63,0.63,0.67,231.147995,0.62,0.62,0.66,
12/31/2005,1427.371,,-653.441,,773.93,,-477.48,,,,296.45,-81.56,,51.39,-5.298,0.0,35.468,214.89,-128.354,86.536,-4.948,,,91.484,-2.914,88.57,-0.026,0.0,88.544,88.544,,227.103,0.39,0.37,0.71,230.223921,0.38,0.36,0.69,
03/31/2006,1361.646,,-629.926,,731.72,,-459.198,,,,272.522,-59.166,55.36,55.36,,,3.806,213.356,-73.58,139.776,-16.669,,,156.445,-2.917,153.528,-0.023,,153.505,153.505,3.667,226.028,0.68,0.61,0.63,228.921,0.67,0.6,0.62,
06/30/2006,1389.21,,-635.015,,754.195,,-473.511,,,,280.684,-60.111,55.07,55.07,,,5.041,220.573,-96.077,124.496,477.326,,,-352.83,-3.244,-356.074,-0.02,,-356.094,-356.094,23.227,221.635,-1.61,0.55,0.65,224.414,-1.59,0.54,0.64,
09/30/2006,1433.331,,-663.834,,769.497,,-485.319,,,,284.178,-58.733,51.962,51.962,,,6.771,225.445,-77.565,147.88,-4.393,,,152.273,-3.653,148.62,-0.022,,148.598,148.598,4.332,221.322,0.67,0.65,0.67,224.083,0.66,0.64,0.66,
12/31/2006,1545.831,,-711.552,,834.279,,-511.6,470.641,,40.959,322.679,-67.563,,66.026,-15.822,0.0,17.359,255.116,-87.782,167.334,4.048,,,163.286,-4.013,159.273,-0.022,0.0,159.251,159.251,,221.21,0.72,0.74,0.79,224.2,0.71,0.73,0.77,
03/31/2007,1414.237,,-657.503,,756.734,,-468.971,425.402,,43.569,287.763,-56.727,58.605,58.605,,,-1.878,231.036,-79.706,151.33,1.788,1.788,,149.542,-4.746,144.796,-0.021,,144.775,144.775,,220.104,0.66,0.67,0.67,223.383,0.65,0.66,0.66,
06/30/2007,1543.034058,,-705.309021,,837.725037,,-535.218994,,,,302.506012,-62.541,62.541,62.541,,0.0,0.0,239.965012,-81.587997,158.376999,1.342,,,157.035014,-4.796,152.238998,-0.021,0.0,152.217998,152.217998,,219.460007,0.69,0.7,0.72,222.481003,0.68,0.69,0.71,
09/30/2007,1508.276978,,-709.133972,,799.143005,,-527.463013,,,,271.679993,-64.306002,60.386002,60.386002,,0.0,3.92,207.373991,-73.272003,134.102005,1.565,,,132.536988,-4.862,127.675003,-0.02,0.0,127.655003,127.655003,,218.298996,0.58,0.59,0.63,221.028,0.58,0.58,0.63,
12/31/2007,1664.247,,-798.809,,865.438,,-561.172,513.871,,47.301,304.266,-321.93,,62.217,,0.0,259.713,-17.664,-45.656,-63.32,-10.229,,,-53.091,-4.838,-57.929,,0.0,-57.929,-57.929,224.944,218.21935,-0.27,-0.32,0.71,218.21935,-0.27,-0.32,0.71,
03/31/2008,1573.957,,-748.312,,825.645,0.0,-546.495,496.495,,50.0,279.15,-75.87,58.777,58.777,0.0,,17.093,203.28,-75.547,127.733,3.832,,,123.901,-4.798,119.103,-0.02,0.0,119.083,119.083,,211.783,0.56,0.58,0.58,213.282,0.56,0.58,0.58,
06/30/2008,1588.086,,-757.765,,830.321,,-550.857,497.689,,53.168,279.464,-72.942,54.127,54.127,,,18.815,206.522,-70.386,136.136,2.831,2.831,,133.305,-4.796,128.509,-0.019,,128.49,128.49,,208.05,0.62,0.63,0.69,209.543,0.61,0.63,0.69,
09/30/2008,1547.673,,-729.938,,817.735,0.0,-537.658,484.65,,53.008,280.077,-103.789,54.56,57.739,-3.179,,49.229,176.288,-69.456,106.832,2.063,,,104.769,-6.54,98.229,-0.019,0.0,98.21,98.21,,207.309,0.47,0.48,0.48,208.656,0.47,0.48,0.48,
12/31/2008,1552.589,,-732.24,,820.349,0.0,-529.159,479.715,,49.444,291.19,-164.103,48.986,52.148,-3.162,0.0,115.117,127.087,-29.54,97.547,18.974,,,78.573,-4.621,73.952,,0.0,73.952,73.952,,206.933281,0.36,0.45,0.45,206.933281,0.36,0.45,0.45,
03/31/2009,1379.584,1379.584,-653.144,653.144,726.44,0.0,-497.34,450.391,46.949,0.0,229.1,-50.651,50.651,52.203,-1.552,,0.0,178.449,-72.149,106.3,-2.623,-2.623,0.0,108.923,-4.521,104.402,-0.019,0.0,104.383,112.879,11.119,206.255,0.51,0.49,0.547279,206.858,0.5,0.49,0.543752,
06/30/2009,1378.462,1378.462,-667.428,667.428,711.034,0.0,-477.71,431.088,46.622,0.0,233.324,-54.058,54.058,54.991,-0.933,,0.0,179.266,-62.535,116.731,-5.102,-5.102,0.0,121.833,-4.571,117.262,-0.019,0.0,117.243,113.01,0.869,206.539,0.57,0.54,0.547161,207.138,0.57,0.54,0.544195,
09/30/2009,1356.82,1356.82,-644.472,644.472,712.348,0.0,-493.828,435.931,45.052,12.845,218.52,-50.551,50.551,51.219,-0.668,,0.0,167.969,-57.691,110.278,2.429,0.0,2.429,107.849,-4.622,103.227,-0.017,0.0,103.21,114.155,8.516,207.076,0.5,0.51,0.551271,207.644,0.5,0.51,0.551013,
12/31/2009,1454.305,1454.305,-675.394,675.394,778.911,0.0,-562.773,483.304,43.568,35.901,216.138,-48.646,48.646,50.442,-1.796,,0.0,167.492,-47.779,119.713,13.405,0.0,13.405,106.308,-7.754,98.554,-0.017,0.0,98.537,133.283,21.341,207.733717,0.48,0.54,0.641605,207.733717,0.47,0.54,0.641605,
03/31/2010,1348.233,1348.233,-634.507,634.507,713.726,0.0,-504.884,443.297,40.865,20.722,208.842,-48.834,48.834,49.596,-0.762,,0.0,160.008,-73.245,86.763,3.13,3.13,0.0,83.633,-4.594,79.039,-0.017,0.0,79.022,113.369,31.217,207.333,0.38,0.4,0.546797,207.904,0.38,0.4,0.546797,
06/30/2010,1297.237,1297.237,-630.109,630.109,667.128,0.0,-513.032,426.352,38.168,48.512,154.096,-50.329,50.329,51.025,-0.696,,0.0,103.767,-35.177,68.59,2.666,2.666,0.0,65.924,-4.543,61.381,-0.016,0.0,61.365,99.701,35.67,207.517,0.3,0.31,0.480447,208.059,0.3,0.31,0.480447,
09/30/2010,1345.742,1345.742,-644.141,644.141,701.601,0.0,-507.551,435.292,38.454,33.805,194.05,-51.106,51.106,51.499,-0.393,,0.0,142.944,-46.88,96.064,2.536,2.536,0.0,93.528,-4.593,88.935,-0.017,0.0,88.918,113.652,22.198,205.761,0.43,0.44,0.55235,206.282,0.43,0.44,0.54761,
12/31/2010,1434.042,1434.042,-681.274,681.274,752.768,0.0,-573.855,455.736,38.884,79.235,178.913,-51.055,51.055,51.791,-0.736,,0.0,127.858,-50.468,77.39,9.772,9.772,0.0,67.618,-4.594,63.024,-0.015,0.0,63.009,141.897,69.116,204.215176,0.31,0.36,0.694841,204.215176,0.31,0.36,0.694841,
03/31/2011,1323.069,1323.069,-650.907,650.907,672.162,0.0,-487.393,426.611,34.758,26.024,184.769,-50.595,50.595,51.817,-1.222,,0.0,134.174,-41.394,92.78,1.882,1.882,0.0,90.898,-4.594,86.304,-0.015,0.0,86.289,107.656,19.485,203.69,0.42,0.43,0.528529,204.195,0.42,0.43,0.525423,
06/30/2011,1314.474,1314.474,-631.621,631.621,682.853,0.0,-475.15,432.715,37.441,4.994,207.703,-48.527,48.527,50.742,-2.215,,0.0,159.176,-53.012,106.164,0.635,0.635,0.0,105.529,-4.594,100.935,-0.014,0.0,100.921,105.453,3.897,203.171,0.5,0.5,0.519036,204.085,0.49,0.5,0.519036,
09/30/2011,1299.724,1299.724,-619.909,619.909,679.815,0.0,-541.591,427.412,35.573,78.606,138.224,-38.379,49.097,50.362,-1.265,,-10.718,99.845,17.087,116.932,-60.428,-60.428,0.0,177.36,-4.593,172.767,-0.015,0.0,172.752,139.585,27.261,201.294,0.86,0.56,0.693438,202.194,0.85,0.56,0.693438,
12/31/2011,1305.155,1305.155,-607.376,607.376,697.779,0.0,-634.933,425.473,40.873,168.587,62.846,-39.847,49.047,50.14,-1.093,,-9.2,22.999,32.17,55.169,-206.899,-206.899,0.0,262.068,-4.594,257.474,-0.014,0.0,257.46,196.601,146.04,200.612727,1.29,0.25,0.980003,201.151563,1.28,0.25,0.97602,
03/31/2012,1220.136,1220.136,-574.009,574.009,646.127,0.0,-439.559,405.486,34.073,0.0,206.568,-45.539,48.773,50.506,-1.733,,-3.234,161.029,-15.493,145.536,-17.728,-17.728,0.0,163.264,-4.594,158.67,-0.013,0.0,158.657,123.493,-17.436,199.96,0.79,0.7,0.617589,200.672,0.79,0.7,0.613112,
06/30/2012,1166.357,1166.357,-537.969,537.969,628.388,0.0,-413.882,380.656,33.811,-0.585,214.506,-53.364,48.992,50.995,-2.003,,4.372,161.142,-53.113,108.029,3.812,3.812,0.0,104.217,-4.594,99.623,-0.013,0.0,99.61,101.21,-2.212,200.252,0.5,0.52,0.505413,201.111,0.5,0.51,0.499001,
09/30/2012,949.789,949.789,-380.41,380.41,569.379,0.0,-401.161,370.935,30.226,0.0,168.218,-45.088,45.088,47.145,-2.057,,0.0,123.13,-30.59,92.54,11.413,11.413,0.0,81.127,-4.594,76.533,-0.012,0.0,76.521,87.934,0.0,200.593,0.38,0.44,0.44,201.602,0.38,0.44,0.44,
12/31/2012,1015.516,1015.516,-407.574,407.574,607.942,0.0,-436.556,391.96,26.44,18.156,171.386,-45.533,45.533,47.722,-2.189,,0.0,125.853,-35.144,90.709,-24.222,-24.222,0.0,114.931,-4.594,110.337,-0.013,0.0,110.324,98.862,12.76,200.612727,0.55,0.43,0.4928,200.612727,0.55,0.43,0.4928,
03/31/2013,909.363,909.363,-373.462,373.462,535.901,0.0,-380.905,351.654,29.251,0.0,154.996,-73.131,48.01,49.758,-1.748,,25.121,81.865,-17.795,64.07,-8.03,-8.03,0.0,72.1,-4.594,67.506,-0.013,0.0,67.493,74.788,15.325,201.148,0.34,0.3,0.371806,202.21,0.33,0.29,0.365788,
06/30/2013,950.662,950.662,-392.548,392.548,558.114,0.0,-400.285,353.923,27.331,19.031,157.829,-48.996,48.996,50.298,-1.302,,0.0,108.833,-24.218,84.615,89.254,89.254,0.0,-4.639,-4.594,-9.233,-0.013,0.0,-9.246,93.134,13.126,201.567,-0.05,0.4,0.46205,202.803,-0.05,0.39,0.454723,
09/30/2013,920.489,920.489,-375.393,375.393,545.096,0.0,-411.977,352.299,24.769,34.909,133.119,-45.519,44.062,45.519,-1.457,,1.457,87.6,-10.032,77.568,78.501,78.501,0.0,-0.933,-4.594,-5.527,-0.012,0.0,-5.539,95.498,22.536,201.827,-0.03,0.36,0.473168,203.14,-0.03,0.36,0.470938,
12/31/2013,1010.821,1010.821,-431.5,431.5,579.321,0.0,-421.685,362.22,29.061,30.404,157.636,-51.98,44.462,45.427,-0.965,,7.518,105.656,-25.922,79.734,-14.948,-14.948,0.0,94.682,-4.593,90.089,-0.011,0.0,90.078,103.079,27.949,203.581724,0.45,0.37,0.506327,203.581724,0.44,0.37,0.506327,
03/31/2014,937.497,937.497,-390.213,390.213,547.284,0.0,-387.408,351.375,26.192,9.841,159.876,-105.374,43.717,45.378,-1.661,,61.657,54.502,-8.036,46.466,-2.801,-2.801,0.0,49.267,-4.594,44.673,-0.014,0.0,44.659,86.372,44.514,202.339,0.22,0.21,0.426868,203.885,0.22,0.21,0.426868,
06/30/2014,958.45,958.45,-402.746,402.746,555.704,0.0,-375.332,338.384,28.649,8.299,180.372,-41.895,41.895,43.127,-1.232,,0.0,138.477,-46.335,92.142,-6.717,-6.717,0.0,98.859,-4.594,94.265,-0.011,0.0,94.254,93.114,5.577,202.662,0.47,0.43,0.459455,204.47,0.46,0.43,0.457275,
09/30/2014,941.644,941.644,-401.877,401.877,539.767,0.0,-372.324,341.738,26.06,4.526,167.443,-25.906,41.825,43.037,-1.212,,-15.919,141.537,-25.31,116.227,-20.655,-20.655,0.0,136.882,-4.593,132.289,-0.011,0.0,132.278,104.752,-6.871,202.057,0.65,0.55,0.518428,203.969,0.65,0.55,0.516314,
12/31/2014,983.913,983.913,-407.393,407.393,576.52,0.0,-437.827,346.903,29.03,61.894,138.693,-42.013,42.013,43.119,-1.106,,0.0,96.68,-33.134,63.546,-3.576,-3.576,0.0,67.122,-4.594,62.528,-0.011,0.0,62.517,103.129,44.188,203.110509,0.31,0.29,0.507748,203.110509,0.31,0.29,0.507556,
03/31/2015,890.681,890.681,-371.755,371.755,518.926,0.0,-340.496,314.529,26.048,-0.081,178.43,-42.834,42.834,43.584,-0.75,,0.0,135.596,-50.547,85.049,-0.157,-0.157,0.0,85.206,-4.594,80.612,-0.011,0.0,80.601,80.391,-0.053,201.337,0.4,0.4,0.399286,202.679,0.4,0.4,0.399286,
06/30/2015,880.891,880.891,-367.314,367.314,513.577,0.0,-358.42,315.578,28.492,14.35,155.157,54.296,38.839,39.013,-0.174,,-93.135,209.453,-52.351,157.102,0.739,0.739,0.0,156.363,-4.593,151.77,-0.01,0.0,151.76,90.654,-61.845,201.712,0.75,0.76,0.449423,202.84,0.75,0.75,0.445105,
09/30/2015,869.541,869.541,-358.672,358.672,510.869,0.0,-338.4,309.211,29.153,0.036,172.469,-35.917,37.698,38.794,-1.096,,-1.781,136.552,-42.676,93.876,0.0,0.0,0.0,93.876,-4.594,89.282,-0.01,0.0,89.272,86.546,-2.726,199.874,0.45,0.45,0.433003,201.017,0.44,0.44,0.426439,
12/31/2015,936.947,936.947,-389.059,389.059,547.888,0.0,-378.583,340.643,26.463,11.477,169.305,-40.081,40.003,41.518,-1.515,,0.078,129.224,-44.204,85.02,-5.853,-5.853,0.0,90.873,-4.594,86.279,-0.01,0.0,86.269,94.094,13.678,196.065909,0.44,0.41,0.47991,197.959779,0.44,0.41,0.479095,
03/31/2016,844.589,844.589,-350.326,350.326,494.263,0.0,-360.383,326.882,26.568,6.933,133.88,-34.216,34.216,35.264,-1.048,,0.0,99.664,-37.024,62.64,0.0,0.0,0.0,62.64,-4.594,58.046,-0.01,0.0,58.036,64.839,6.803,192.241,0.3,0.3,0.33728,193.181,0.3,0.3,0.335216,
06/30/2016,835.886,835.886,-358.649,358.649,477.237,0.0,-349.705,289.116,34.513,26.076,127.532,-34.294,34.294,35.387,-1.093,,0.0,93.238,-33.394,59.844,1.66,1.66,0.0,58.184,-4.594,53.59,-0.009,0.0,53.581,72.536,17.295,187.395,0.29,0.29,0.387075,188.362,0.28,0.29,0.381818,
09/30/2016,839.031,839.031,-364.022,364.022,475.009,0.0,-346.157,300.983,28.68,16.494,128.852,-35.259,35.259,36.25,-0.991,,0.0,93.593,-23.197,70.396,0.291,0.291,0.0,70.105,-4.593,65.512,-0.01,0.0,65.502,76.998,11.205,185.603,0.35,0.35,0.414853,186.683,0.35,0.35,0.410022,
12/31/2016,887.069,887.069,-386.44,386.44,500.629,0.0,-497.783,283.882,31.545,182.356,2.846,-40.442,40.442,40.442,0.0,,0.0,-37.596,-38.235,-75.831,0.75,0.75,0.0,-76.581,-5.264,-81.845,-0.009,0.0,-81.854,98.598,179.702,185.645814,-0.44,-0.44,0.531108,185.645814,-0.44,-0.44,0.527983,
03/31/2017,836.64,836.64,-361.2,361.2,475.44,0.0,-340.241,304.847,31.856,3.538,135.199,-38.65,38.65,39.665,-1.015,,0.0,96.549,-31.416,65.133,0.0,0.0,0.0,65.133,0.0,65.133,-0.009,0.0,65.124,66.477,1.353,185.982,0.35,0.35,0.357438,186.875,0.35,0.35,0.35724,
06/30/2017,730.413,730.413,-307.061,307.061,423.352,0.0,-340.658,283.073,30.328,27.257,82.694,-40.443,40.443,41.996,-1.553,,0.0,42.251,-0.79,41.461,-7.44,-7.44,0.0,48.901,0.0,48.901,-0.01,0.0,48.891,58.849,17.398,186.333,0.26,0.22,0.315827,187.377,0.26,0.22,0.31285,
09/30/2017,733.273,733.273,-315.543,315.543,417.73,0.0,-320.235,288.093,29.316,2.826,97.495,-41.23,41.23,43.604,-2.374,,0.0,56.265,-10.828,45.437,-11.921,-11.921,0.0,57.358,,57.358,-0.009,0.0,57.349,49.526,4.098,186.497,0.31,0.24,0.265559,187.757,0.31,0.24,0.261826,
12/31/2017,577.141,577.141,-361.681,361.681,215.46,0.0,-157.089,140.015,,17.074,58.371,-47.695,43.839,43.839,0.0,,3.856,10.676,25.041,35.717,-36.419,-36.419,0.0,72.136,0.0,72.136,-0.008,0.0,72.128,54.58885,18.87985,186.557,0.386627,0.191411,0.292612,188.14,0.383374,0.1898,0.29015,
03/31/2018,896.583,896.583,-456.737,456.737,439.846,0.0,-326.49,302.81,24.495,-0.815,113.356,-43.078,43.078,43.078,0.0,,0.0,70.278,-18.795,51.483,-8.487,-8.487,0.0,59.97,0.0,59.97,-0.008,0.0,59.962,52.932,1.457,186.863,0.32,0.28,0.283266,188.175,0.32,0.27,0.277743,
06/30/2018,865.24,865.24,-442.98,442.98,422.26,0.0,-322.005,289.427,23.574,9.004,100.255,-41.969,41.969,41.969,0.0,,0.0,58.286,-7.899,50.387,-1.208,-1.208,0.0,51.595,0.0,51.595,-0.008,0.0,51.587,53.19658,2.81758,187.18,0.28,0.27,0.2842,188.114,0.27,0.27,0.2842,
09/30/2018,760.281,760.281,-408.459,408.459,351.822,0.0,-261.233,241.35,15.636,4.247,90.589,-45.401,37.437,37.437,0.0,,7.964,45.188,2.468,47.656,-32.621,-32.621,0.0,80.277,0.0,80.277,-0.008,0.0,80.269,50.088,2.44,187.47,0.43,0.25,0.267179,188.415,0.43,0.25,0.26295,
12/31/2018,857.414,857.414,-488.847,488.847,368.567,0.0,-292.961,243.466,13.872,35.623,75.606,-37.273,37.273,37.273,0.0,0.0,0.0,38.333,10.819,49.152,-0.817,-0.817,0.0,49.969,0.0,49.969,-0.008,0.0,49.961,58.259246,9.115246,188.806855,0.27,0.26,0.308565,188.806855,0.26,0.26,0.308278,
03/31/2019,795.084,795.084,-455.823,455.823,339.261,0.0,-277.308,261.669,12.577,3.062,61.953,-56.676,38.966,38.966,0.0,,17.71,5.277,-7.82,-2.543,0.116,0.116,0.0,-2.659,0.0,-2.659,-0.008,0.0,-2.667,19.809,22.36,185.971,-0.01,-0.01,0.106517,185.970755,-0.01,-0.01,0.106517,
06/30/2019,788.573,788.573,-457.184,457.184,331.389,0.0,-259.32,241.467,13.572,4.281,72.069,-39.035,39.062,39.062,0.0,,-0.027,33.034,-3.724,29.31,5.613,5.613,0.0,23.697,0.0,23.697,0.0,0.0,23.697,34.723,5.413,177.192,0.13,0.17,0.195963,178.281,0.13,0.16,0.190362,
09/30/2019,790.125,790.125,-456.779,456.779,333.346,0.0,-312.499,254.092,12.272,46.135,20.847,-40.397,39.73,39.73,0.0,,0.667,-19.55,24.895,5.345,8.47,8.47,0.0,-3.125,0.0,-3.125,0.0,0.0,-3.125,41.091,35.746,170.326,-0.02,0.03,0.241249,179.096058,-0.02,0.03,0.229591,
12/31/2019,831.343,831.343,-507.705,507.705,323.638,0.0,-271.501,246.761,12.837,11.903,52.137,-43.756,37.8,37.8,0.0,0.0,5.956,8.381,-0.344,8.037,-168.659,-168.659,0.0,176.696,0.0,176.696,0.0,0.0,176.696,24.219,16.182,171.587745,1.04,0.05,0.141146,171.587745,1.03,0.05,0.141146,
03/31/2020,796.268,796.268,-490.402,490.402,305.866,0.0,-462.584,248.633,12.116,201.835,-156.718,-71.859,38.372,38.372,0.0,,33.487,-228.577,10.03,-218.547,-10.064,-10.064,0.0,-208.483,0.0,-208.483,0.0,0.0,-208.483,8.724,227.271,170.912,-1.22,-1.28,0.051044,170.912395,-1.22,-1.28,0.049751,
06/30/2020,837.492,837.492,-553.357,553.357,284.135,0.0,-246.406,233.631,7.467,5.308,37.729,-21.01,38.385,38.385,0.0,,-17.375,16.719,-17.016,-0.297,3.032,3.032,0.0,-3.329,0.0,-3.329,0.0,0.0,-3.329,6.436,6.733,171.478,-0.02,0.0,0.037533,171.478,-0.02,-0.002318,0.036946,
09/30/2020,851.5,,,,299.157495,,,,,,30.0,,,,,,,11.567,,9.375,,,,,,9.375,,,9.375,9.188,,,0.015,0.015,0.052,,0.015,0.015,0.052,
12/31/2020,885.5,,,,317.009,,,,,,40.0,,,,,,,20.033,,20.95,,,,,,20.95,,,20.95,16.225,,,0.03,0.03,0.092,,0.03,0.03,0.092,
