Date,Revenue,Sales & Services Revenue,Financing Revenue,Cost of Revenue,Cost of Goods & Services,Cost of Financing Revenue,Gross Profit,Other Operating Income,Operating Expenses,"Selling, General & Admin",Research & Development,Depreciation & Amortization,Prov For Doubtful Accts,Other Operating Expense,Operating Income (Loss),Non-Operating (Income) Loss,"Interest Expense, Net",Interest Expense,Interest Income,Other Investment (Inc) Loss,Foreign Exch (Gain) Loss,Other Non-Op (Income) Loss,Pretax Income,Income Tax Expense (Benefit),Income (Loss) from Cont Ops,Net Extraordinary Losses (Gains),Discontinued Operations,XO & Accounting Changes,Income (Loss) Incl. MI,Minority Interest,"Net Income, GAAP",Preferred Dividends,Other Adjustments,"Net Income Avail to Common, GAAP","Net Income Avail to Common, Adj",Net Abnormal Losses (Gains),Basic Weighted Avg Shares,"Basic EPS, GAAP",Basic EPS from Cont Ops,"Basic EPS from Cont Ops, Adjusted",Diluted Weighted Avg Shares,"Diluted EPS, GAAP",Diluted EPS from Cont Ops,"Diluted EPS from Cont Ops, Adjusted",Source: Bloomberg
03/31/1990,706.336975,,,-596.603027,,,109.733948,,-84.816002,,,,,,24.917999,12.565,,0.678,,,,-13.243,37.482999,-12.411,25.072001,0.0,,,25.071999,0.0,25.072001,0.0,,25.072001,25.072001,,406.366893,0.061836,0.061836,,406.366893,0.061836,0.061836,0.061836,
06/30/1990,679.788025,,,-577.679016,,,102.109009,,-86.453003,,,,,,15.656,11.092,,0.937,,,,-12.029,26.748,-7.943,18.805,0.0,,,18.805001,0.0,18.805,0.0,,18.805,18.805,,406.401805,0.046377,0.046377,,406.401805,0.046377,0.046377,0.046377,
09/30/1990,664.882019,,,-574.846008,,,90.036011,,-80.612999,,,,,,9.423,10.754,,1.909,,,,-12.663,20.177,-6.133,14.044,0.0,,,14.044001,0.0,14.044,0.0,,14.044,14.044,,406.122375,0.034353,0.034353,,406.122375,0.034353,0.034353,0.034353,
12/31/1990,727.104004,,,-618.512024,,,108.59198,,-102.466003,,,,,,6.126,3.622,,2.212,,,-0.012,-5.822,9.748,-3.989,5.759,0.0,,,5.759,0.0,5.759,0.0,0.0,5.759,5.759,,406.366898,0.0146,0.0146,0.0146,406.366898,0.0146,0.0146,0.0146,
03/31/1991,524.148987,,,-461.966003,,,62.182983,,-84.825996,,,,,,-22.643,11.684,,1.094,,,,-12.778,-10.959,5.97,-4.989,-15.427,,,10.438,0.0,10.438,0.0,,10.438,10.438,,393.675203,0.026624,-0.012882,,393.675203,0.026624,-0.012882,-0.012882,
06/30/1991,551.021973,,,-470.251007,,,80.770966,,-84.401001,,,,,,-3.63,13.556,,1.129,,,,-14.685,9.926,-1.315,8.611,0.0,,,8.611,0.0,8.611,0.0,,8.611,8.611,,393.710116,0.021471,0.021471,,393.710116,0.021471,0.021471,0.021471,
09/30/1991,616.599976,,,-524.166992,,,92.432983,,-84.809998,,,,,,7.623,14.687,,1.197,,,,-15.884,22.31,-5.352,16.958,0.0,,,16.958,0.0,16.958,0.0,,16.958,16.958,,393.73339,0.042941,0.042941,,393.73339,0.042941,0.042941,0.042941,
12/31/1991,647.10498,,,-555.729004,,,91.375976,,-82.261002,,,,,,9.115,17.951999,,0.891,,,0.026,-18.868999,27.066999,-7.917,19.15,0.0,,,19.149999,0.0,19.15,0.0,0.0,19.15,19.15,,393.558738,0.048953,0.048953,0.048953,393.558738,0.048953,0.048953,0.048953,
03/31/1992,628.846985,,,-545.682983,,,83.164001,,-82.420998,,,,,,0.743,12.254,,0.59,,,,-12.844,12.997,-2.21,10.787,0.0,,,10.787,0.0,10.787,0.0,,10.787,10.787,,393.814896,0.027483,0.027483,,393.814896,0.027483,0.027483,0.027483,
06/30/1992,612.400024,,,-524.200012,,,88.200012,,-83.0,,,,,,5.2,10.0,,0.6,,,,-10.6,15.2,-4.1,11.1,0.0,,,11.1,0.0,11.1,0.0,,11.1,11.1,,393.558741,0.028341,0.028341,,393.558741,0.028341,0.028341,0.028341,
09/30/1992,722.799988,,,-623.5,,,99.299988,,-80.800003,,,,,,18.5,8.2,,0.6,,,,-8.8,26.7,-8.5,18.200001,0.0,,,18.2,0.0,18.200001,0.0,,18.200001,18.200001,,393.558741,0.046377,0.046377,,393.558741,0.046377,0.046377,0.046377,
12/31/1992,771.153015,,,-652.817017,,,118.335998,,-88.679001,,,,,,29.657,7.046,,0.81,,,,-7.856,36.703,-11.59,25.113001,0.0,,,25.113,0.0,25.113001,0.0,0.0,25.113001,25.113001,,393.558738,0.063553,0.063553,0.063553,393.558738,0.063553,0.063553,0.063553,
03/31/1993,800.5,,,-687.700012,,,112.799988,,-79.199997,,,,,,33.599998,7.5,,0.5,,,,-8.0,41.099998,-13.7,27.4,0.0,,,27.399999,0.0,27.4,0.0,,27.4,27.4,,393.558741,0.069565,0.069565,,393.558741,0.069565,0.069565,0.069565,
06/30/1993,877.5,,,-754.299988,,,123.200012,,-79.400002,,,,,,43.799999,5.9,,0.5,,,,-6.4,49.699999,-16.9,32.799999,0.0,,,32.8,0.0,32.799999,0.0,,32.799999,32.799999,,393.558741,0.083306,0.083306,,393.558741,0.083306,0.083306,0.083306,
09/30/1993,925.400024,,,-786.299988,,,139.100037,,-85.199997,,,,,,53.900002,6.1,,0.4,,,,-6.5,60.000002,-23.5,36.5,0.0,,,36.500002,0.0,36.5,0.0,,36.5,36.5,,393.558741,0.092754,0.092754,,393.558741,0.092754,0.092754,0.092754,
12/31/1993,938.099976,,,-790.900024,,,147.199952,,-87.400002,,,,,,59.799999,9.2,,0.5,,,0.0,-9.7,68.999999,-23.5,45.5,0.0,,,45.499999,0.0,45.5,0.0,0.0,45.5,45.5,,395.363555,0.115083,0.115083,0.115083,395.363555,0.115083,0.115083,0.115083,
03/31/1994,1031.900024,,,-856.0,,,175.900024,,-88.300003,,,,,,87.599998,-19.6,,0.5,,,,19.1,67.999998,-24.4,43.599998,0.0,,,43.599998,0.0,43.599998,0.0,,43.599998,43.599998,,393.862515,0.110617,0.110617,,393.862515,0.110617,0.110617,0.110617,
06/30/1994,1121.900024,,,-948.299988,,,173.600037,,-94.599998,,,,,,79.0,5.7,,0.6,,,,-6.3,84.7,-28.299999,56.400002,0.0,,,56.400001,-5.8,50.599998,0.0,,50.599998,50.599998,,393.862515,0.128395,0.128395,,393.862515,0.128395,0.128395,0.128395,
09/30/1994,1169.400024,,,-988.200012,,,181.200012,,-99.099998,,,,,,82.099998,6.4,,0.8,,,,-7.2,88.499998,-30.1,58.400002,0.0,,,58.399998,-5.2,53.200001,0.0,,53.200001,53.200001,,393.862515,0.135309,0.135309,,393.862515,0.135309,0.135309,0.135309,
12/31/1994,1166.900024,,,-1008.599976,,,158.300048,,-100.900002,,,,,,57.400002,38.099999,,0.7,,,0.0,-38.799999,95.500001,-32.799999,62.700001,0.0,,,62.700002,-5.6,57.099998,0.0,0.0,57.099998,57.099998,,393.86252,0.145185,0.145185,0.145185,393.86252,0.145185,0.145185,0.145185,
03/31/1995,1183.599976,,,-1012.400024,,,171.199952,,-100.800003,,,,,,70.400002,11.9,,0.5,,,,-12.4,82.300002,-28.9,53.400002,0.0,,,53.400002,0.9,54.299999,0.0,,54.299999,54.299999,,393.86252,0.138272,0.138272,0.138272,393.86252,0.138272,0.138272,0.138272,
06/30/1995,1268.400024,,,-1075.800049,,,192.599975,,-97.300003,,,,,,95.300003,7.7,,0.4,,,,-8.1,103.000003,-38.400002,64.599998,0.0,,,64.600001,0.5,65.099998,0.0,,65.099998,65.099998,,393.86252,0.164938,0.164938,0.164938,393.86252,0.164938,0.164938,0.164938,
09/30/1995,1212.099976,,,-1028.699951,,,183.400025,,-95.800003,,,,,,87.599998,21.4,,0.5,,,,-21.9,108.999998,-40.700001,68.300003,0.0,,,68.299997,0.0,68.300003,0.0,,68.300003,68.300003,,393.86252,0.173827,0.173827,0.173827,393.86252,0.173827,0.173827,0.173827,
12/31/1995,1165.900024,,,-977.299988,,,188.600036,,-101.400002,,,,,,87.199997,16.5,,0.6,,,,-17.1,103.699997,-38.799999,64.900002,0.0,,,64.899998,0.2,65.099998,0.0,,65.099998,65.099998,,393.86252,0.164938,0.164938,0.164938,393.86252,0.164938,0.164938,0.164938,
03/31/1996,1094.599976,,,-932.299988,,,162.299988,,-112.599998,,,,,,49.700001,6.1,,0.6,,,,-6.7,55.800001,-20.1,35.700001,0.0,,,35.7,0.0,35.700001,0.0,,35.700001,35.700001,,392.890509,0.090864,0.090864,0.108741,393.862515,0.090864,0.090864,0.108741,
06/30/1996,1100.5,,,-934.200012,,,166.299988,,-93.599998,,,,,,72.699997,9.8,,0.5,,,,-10.3,82.499997,-30.799999,51.700001,0.0,,,51.699998,0.0,51.700001,0.0,,51.700001,51.700001,,390.64276,0.132346,0.132346,0.132346,393.86252,0.132346,0.132346,0.132346,
09/30/1996,1113.599976,,,-945.299988,,,168.299988,,-96.599998,,,,,,71.699997,9.1,,0.6,,,,-9.7,80.799997,-29.700001,51.099998,0.0,,,51.099996,0.0,51.099998,0.0,,51.099998,51.099998,,391.95902,0.13037,0.13037,0.13037,393.86252,0.13037,0.13037,0.13037,
12/31/1996,1276.0,,,-1073.099976,,,202.900024,,-125.0,,,,,,77.900002,14.200001,,2.5,,,0.0,-16.700001,92.100003,-31.299999,60.799999,0.0,,,60.800004,1.7,62.5,0.0,,62.5,62.5,,393.86252,0.158025,0.158025,0.158025,393.86252,0.158025,0.158025,0.158025,
03/31/1997,1511.5,,,-1291.5,,,220.0,,-138.0,,,,,,82.0,6.7,,4.1,,,,-10.8,88.7,-30.799999,57.900002,0.0,,,57.900001,0.0,57.900002,0.0,,57.900002,57.900002,,393.86252,0.146173,0.146173,0.146173,393.86252,0.146173,0.146173,0.146173,
06/30/1997,1658.099976,,,-1404.099976,,,254.0,,-145.100006,,,,,,108.900002,1.9,,4.2,,,,-6.1,110.800002,-39.299999,71.5,0.0,,,71.500003,0.0,71.5,0.0,,71.5,71.5,,393.862515,0.181728,0.181728,0.181728,393.862515,0.181728,0.181728,0.181728,
09/30/1997,1710.5,,,-1439.900024,,,270.599976,,-146.5,,,,,,124.099998,3.9,,4.9,,,,-8.8,127.999998,-45.5,82.5,0.0,,,82.499998,0.0,82.5,0.0,,82.5,82.5,,393.862515,0.209383,0.209383,0.209383,396.2115,0.207407,0.207407,0.207407,
12/31/1997,1883.599976,,,-1565.300049,,,318.299927,,-164.800003,,,,,,153.5,53.699998,,4.4,,,0.0,-58.099998,207.199998,-74.5,132.699997,0.0,,,132.699998,0.0,132.699997,0.0,0.0,132.699997,132.699997,,392.86011,0.337778,0.337778,0.248889,393.862515,0.335802,0.335802,0.246914,
03/31/1998,1825.400024,,,-1528.300049,,,297.099975,,-148.600006,,,,,,148.5,8.6,,3.0,,,,-11.6,157.1,-56.700001,100.400002,0.0,,,100.399999,0.0,100.400002,0.0,,100.400002,100.400002,,394.875,0.254815,0.254815,0.254815,397.229042,0.25284,0.25284,0.25284,
06/30/1998,1926.800049,,,-1610.300049,,,316.5,,-157.300003,,,,,,159.199997,5.0,,3.4,,,,-8.4,164.199997,-59.299999,104.900002,0.0,,,104.899998,0.0,104.900002,0.0,,104.900002,104.900002,,395.38124,0.264691,0.264691,0.264691,398.666818,0.262716,0.262716,0.262716,
09/30/1998,1938.699951,,,-1616.699951,,,322.0,,-174.899994,,,,,,147.100006,4.8,,4.8,,,,-9.6,151.900006,-55.299999,96.599998,0.0,,,96.600007,0.0,96.599998,0.0,,96.599998,96.599998,,395.38124,0.244938,0.244938,0.244938,398.170693,0.242963,0.242963,0.242963,
12/31/1998,2203.899902,,,-1849.5,,,354.399902,,-175.5,,,,,,178.899994,1.0,,6.9,,,,-7.9,179.899994,-65.0,114.900002,0.0,,,114.899994,0.0,114.900002,0.0,,114.900002,114.900002,,395.38124,0.29037,0.29037,0.29037,398.413672,0.288395,0.288395,0.288395,
03/31/1999,2153.1,,,-1803.3,,,349.8,,-167.8,,,,3.0,,182.0,5.4,3.1,3.1,,,,-8.5,187.4,-67.9,119.5,0.0,,,119.5,0.0,119.5,0.0,,119.5,119.5,,395.38125,0.302222,0.302222,0.302222,395.38125,0.300247,0.300247,0.300247,
06/30/1999,2270.5,,,-1894.2,,,376.3,,-160.3,,,,4.6,,216.0,3.2,3.2,3.2,,,,-6.4,219.2,-79.7,139.5,0.0,,,139.5,0.0,139.5,0.0,,139.5,139.5,,395.8875,0.351605,0.351605,0.351605,395.8875,0.34963,0.34963,0.34963,
09/30/1999,2270.1,,,-1878.8,,,391.3,,-172.7,,,,5.9,,218.6,9.2,3.8,3.8,,,,-13.0,227.8,-83.1,144.7,0.0,,,144.7,0.0,144.7,0.0,,144.7,144.7,,396.39375,0.365432,0.365432,0.365432,396.39375,0.361481,0.361481,0.361481,
12/31/1999,2327.3,,,-1920.2,,,407.1,,-141.9,,,,,,265.2,23.6,,,,,,-23.6,288.8,-108.9,179.9,0.0,,,179.9,0.0,179.9,0.0,,179.9,179.9,-17.5,395.8875,0.454321,0.454321,0.410864,395.8875,0.452346,0.452346,0.408889,
03/31/2000,2331.3,,,-1964.8,,,366.5,,-133.2,,,,8.0,,233.3,9.5,1.3,,,,,-10.8,242.8,-87.9,154.9,0.0,,,154.9,0.0,154.9,0.0,0.0,154.9,154.9,,393.35625,0.393086,0.393086,0.393086,395.781187,0.391111,0.391111,0.391111,
06/30/2000,2141.6,,,-1833.0,,,308.6,,-125.8,,,,9.3,,182.8,21.5,-10.4,,,,,-11.1,204.3,-73.2,131.1,0.0,,,131.1,0.0,131.1,0.0,0.0,131.1,131.1,,386.775,0.339753,0.339753,0.339753,389.220187,0.337778,0.337778,0.337778,
09/30/2000,1775.3,,,-1543.7,,,231.6,,-119.0,,,,10.5,,112.6,11.6,0.2,,,,,-11.8,124.2,-31.1,93.1,0.0,,,93.1,0.0,93.1,0.0,0.0,93.1,93.1,,386.775,0.240988,0.240988,0.240988,389.02275,0.239012,0.239012,0.239012,
12/31/2000,1671.7,,,-1159.3,,,512.4,,-77.5,,,,,,434.9,-341.1,,,,,,341.1,93.8,-31.1,62.7,0.0,,,62.7,0.0,62.7,0.0,0.0,62.7,62.7,6.3,385.7625,0.161975,0.161975,0.177778,385.7625,0.161975,0.161975,0.177778,
03/31/2001,1528.2,,,-1344.8,,,183.4,,-129.9,,,,18.2,,53.5,12.1,-2.5,,,,,-9.6,65.6,-21.3,44.3,0.0,,,44.3,0.0,44.3,0.0,0.0,44.3,44.3,,386.775,0.114568,0.114568,0.114568,386.775,0.114568,0.114568,0.114568,
06/30/2001,1523.3,,,-1159.6,,,363.7,,-105.2,,,,22.4,,149.8,-92.7,-0.4,,,,,93.1,57.1,-17.6,39.5,0.0,,,39.5,0.0,39.5,0.0,0.0,39.5,39.5,,386.775,0.102716,0.102716,0.102716,388.926563,0.100741,0.100741,0.100741,
09/30/2001,1501.1,,,-1145.3,,,355.8,,-104.0,,,,23.1,,142.2,-83.7,1.2,,,,,82.5,58.5,-19.1,39.4,0.0,,,39.4,0.0,39.4,0.0,0.0,39.4,39.4,,387.28125,0.102716,0.102716,0.102716,389.772,0.100741,0.100741,0.100741,
12/31/2001,1536.2,,,-1698.2,,,-162.0,,-185.3,,,,22.8,,-347.3,421.4,-1.8,,,,,-419.6,74.1,-23.7,,0.0,,,50.4,,50.4,0.0,0.0,50.4,50.4,,387.28125,0.130138,0.130138,0.130137,387.28125,0.130138,0.130138,0.130137,
03/31/2002,1501.5,,,-1255.8,,,245.7,,-104.8,,,,18.6,,140.9,-71.5,2.6,,,,,68.9,69.4,-22.2,47.2,0.0,,,47.2,0.0,47.2,0.0,0.0,47.2,47.2,,392.176687,0.121481,0.121481,0.121481,392.176687,0.121481,0.121481,0.121481,
06/30/2002,1801.8,,,-1500.0,,,301.8,,-107.9,,,,15.6,,193.9,-79.3,8.3,,,,,71.0,114.6,-40.9,73.7,0.0,,,73.7,0.0,73.7,0.0,0.0,73.7,73.7,,393.2415,0.18963,0.18963,0.18963,393.2415,0.186667,0.186667,0.186667,
09/30/2002,1996.3,,,-1627.9,,,368.4,,-99.5,,,,10.6,,268.9,-64.4,-0.1,,,,,64.5,204.5,-75.6,128.9,0.0,,,128.9,0.0,128.9,0.0,0.0,128.9,128.9,,392.5125,0.328889,0.328889,0.328889,392.5125,0.328889,0.328889,0.328889,
12/31/2002,1919.0,,,-1801.2,,,117.8,,-165.0,,,,8.4,,-47.2,232.8,0.1,,,,,-232.9,185.6,-63.4,,0.0,,,122.2,,122.2,0.0,0.0,122.2,122.2,,391.1625,0.312402,0.312402,0.312403,391.1625,0.312402,0.312402,0.312403,
03/31/2003,1916.8,,,-1638.3,,,278.5,0.0,-114.5,106.4,,,8.1,0.0,164.0,8.3,2.4,,,,,-10.7,172.3,-61.5,110.8,,,,110.8,,110.8,0.0,0.0,110.8,110.8,,391.8375,0.281481,0.281481,0.281481,393.8625,0.281481,0.281481,0.281481,
06/30/2003,2012.2,,,-1718.5,,,293.7,,-113.1,,,,8.4,,180.6,10.5,0.5,,,,,-11.0,191.1,-67.0,124.1,,,,124.1,,124.1,0.0,0.0,124.1,124.1,,393.1875,0.314074,0.314074,0.314074,395.8875,0.314074,0.314074,0.314074,
09/30/2003,2058.5,,,-1755.8,,,302.7,,-109.9,,,,7.4,,192.8,9.5,1.3,,,,,-10.8,202.3,-69.8,132.5,0.0,,,132.5,0.0,132.5,0.0,0.0,132.5,132.5,,393.8625,0.337778,0.337778,0.337778,396.9,0.334815,0.334815,0.334815,
12/31/2003,2207.4,,,-1890.9,,,316.5,0.0,-86.6,86.6,,,,0.0,229.9,9.9,,0.2,,,,-10.1,239.8,-80.7,159.1,,,,159.1,,159.1,,,159.1,159.1,,394.2,0.402963,0.402963,0.402963,397.2375,0.4,0.4,0.4,
03/31/2004,2501.3,,,-2110.9,,,390.4,0.0,-119.6,116.9,,,2.7,0.0,270.8,7.8,3.7,,,,,-11.5,278.6,-96.4,182.2,,,,182.2,,182.2,0.0,0.0,182.2,182.2,,394.875,0.462222,0.462222,0.462222,397.575,0.457778,0.457778,0.457778,
06/30/2004,2786.8,,,-2324.2,,,462.6,0.0,-116.2,112.5,,,3.7,0.0,346.4,16.2,2.7,,,,,-18.9,362.6,-126.1,236.5,,,,236.5,,236.5,0.0,0.0,236.5,236.5,,393.3,0.6,0.6,0.6,395.775,0.595556,0.595556,0.595556,
09/30/2004,2917.8,,,-2453.0,,,464.8,,-115.1,,,,,,349.7,10.7,,,,,,-10.7,360.4,-113.7,246.7,0.0,,,246.7,0.0,246.7,0.0,0.0,246.7,246.7,,391.275,0.631111,0.631111,0.631111,393.75,0.626667,0.626667,0.626667,
12/31/2004,3190.4,,,-2676.6,,,513.8,,-137.6,,,,,,376.2,-9.6,-18.0,,,,,27.6,366.6,-125.2,241.4,0.0,,,241.4,0.0,241.4,0.0,0.0,241.4,241.4,,391.95,0.617778,0.617778,0.662222,394.2,0.613333,0.613333,0.657778,
03/31/2005,3326.0,,,-2786.0,,,540.0,,-134.9,,,,6.3,,405.1,11.0,0.8,,,,,-11.8,416.1,-142.1,274.0,0.0,,,274.0,0.0,274.0,0.0,0.0,274.0,274.0,,391.5,0.697778,0.697778,0.697778,393.975,0.693333,0.693333,0.693333,
06/30/2005,3555.4,,,-2978.9,,,576.5,,-136.0,,,,10.1,,440.5,12.2,2.2,,,,,-14.4,452.7,-211.2,241.5,0.0,,,241.5,0.0,241.5,0.0,0.0,241.5,241.5,64.0,389.25,0.622222,0.622222,0.164444,391.725,0.617778,0.617778,0.164444,
09/30/2005,3541.0,,,-2954.9,,,586.1,,-138.8,,,,14.5,,447.3,7.7,6.0,,,,,-13.7,455.0,-150.2,304.8,0.0,,,304.8,0.0,304.8,0.0,0.0,304.8,304.8,,383.85,0.795556,0.795556,0.795556,386.325,0.791111,0.791111,0.791111,
12/31/2005,3635.0,,,-3054.5,,,580.5,,-145.5,,,,,,435.0,14.8,,,,,,-14.8,449.8,-136.9,312.9,0.0,,,312.9,0.0,312.9,0.0,0.0,312.9,312.9,,381.375,0.822222,0.822222,0.822222,383.85,0.813333,0.813333,0.813333,
03/31/2006,3851.7,,,-3226.8,,,624.9,,-139.4,132.8,,,6.6,0.0,485.5,15.2,0.4,,,,,-15.6,500.7,-158.7,342.0,0.0,,,342.0,0.0,342.0,0.0,0.0,342.0,342.0,,378.45,0.902222,0.902222,0.902222,380.475,0.897778,0.897778,0.897778,
06/30/2006,4168.0,,,-3492.8,,,675.2,,-145.4,136.0,,,9.4,0.0,529.8,18.4,0.2,,,,,-18.6,548.2,-178.3,369.9,0.0,,,369.9,0.0,369.9,0.0,0.0,369.9,369.9,,375.075,0.986667,0.986667,0.986667,377.1,0.982222,0.982222,0.982222,
09/30/2006,4205.4,,,-3513.8,,,691.6,,-142.2,135.9,,,6.3,0.0,549.4,21.0,0.7,,,,,-21.7,570.4,-166.8,403.6,0.0,,,403.6,0.0,403.6,0.0,0.0,403.6,403.6,,373.8,1.08,1.08,1.08,375.75,1.073333,1.073333,1.073333,
03/31/2007,3984.5,,,-3338.9,,,645.6,,-152.3,144.6,,,7.7,0.0,493.3,44.4,-22.4,,,,,-22.0,537.7,-172.1,365.6,0.0,,,365.6,0.0,365.6,0.0,,365.6,365.6,,372.9,0.98,0.98,0.98,375.15,0.973333,0.973333,0.973333,
06/30/2007,3716.2,,,-3151.2,,,565.0,,-157.7,148.7,,,9.0,0.0,407.3,22.8,0.9,,,,,-23.7,430.1,-131.8,298.3,0.0,,,298.3,0.0,298.3,0.0,0.0,298.3,298.3,,373.05,0.8,0.8,0.8,375.3,0.793333,0.793333,0.793333,
09/30/2007,3761.7,,,-3199.8,,,561.9,,-161.0,151.6,,,9.4,0.0,400.9,24.2,-0.1,,,,,-24.1,425.1,-122.8,302.3,0.0,,,302.3,0.0,302.3,0.0,0.0,302.3,302.3,,370.4,0.82,0.82,0.82,372.6,0.81,0.81,0.81,
12/31/2007,3759.3,,,-3146.1,,,613.2,,-264.4,157.4,,,,107.0,348.8,22.6,,,,,,-22.6,371.4,-110.3,261.1,0.0,,,261.1,0.0,261.1,0.0,0.0,261.1,261.1,,368.0,0.71,0.71,0.71,370.2,0.71,0.71,0.71,
03/31/2008,3938.4,,,-3282.9,,,655.5,,-255.5,155.2,,,17.4,82.9,400.0,23.6,1.1,,,,,-24.7,423.6,-131.3,292.3,0.0,,,292.3,0.0,292.3,0.0,0.0,292.3,292.3,,366.5,0.8,0.8,0.8,368.4,0.79,0.79,0.79,
06/30/2008,4112.5,,,-3419.6,,,692.9,,-272.6,157.5,,,24.4,90.7,420.3,25.7,,,,,,-25.7,446.0,-132.5,313.5,0.0,,,313.5,0.0,313.5,0.0,0.0,313.5,313.5,,364.5,0.86,0.86,0.86,366.5,0.86,0.86,0.86,
09/30/2008,4004.9,,,-3328.7,,,676.2,,-269.5,147.2,,,34.2,88.1,406.7,21.9,0.3,,,,,-22.2,428.6,-129.6,299.0,0.0,,,299.0,0.0,299.0,0.0,0.0,299.0,299.0,,363.0,0.82,0.82,0.82,364.8,0.82,0.82,0.82,
12/31/2008,2916.7,,,-2537.6,,,379.1,,-228.5,121.5,,,,107.0,150.6,15.2,,,,,,-15.2,165.8,-52.7,113.1,0.0,,,113.1,0.0,113.1,0.0,0.0,113.1,113.1,,362.8,0.31,0.31,0.31,364.0,0.31,0.31,0.31,
03/31/2009,1986.2,1730.4,255.8,-1652.4,1561.1,91.3,333.8,0.0,-289.9,109.7,52.3,102.9,25.0,0.0,43.9,-7.3,,91.1,,-8.0,,-75.8,36.6,-10.3,26.3,0.0,0.0,0.0,26.3,,26.3,,0.0,26.3,26.3,0.0,363.1,0.07,0.07,0.07,364.0,0.07,0.07,0.07,
06/30/2009,1848.9,1602.3,246.6,-1565.8,1492.8,73.0,283.1,0.0,-242.3,100.5,52.8,107.6,29.1,-47.7,40.8,-12.9,,72.3,,-4.9,,-54.5,27.9,-1.4,26.5,0.0,0.0,0.0,26.5,0.0,26.5,0.0,0.0,26.5,-4.505,-31.005,363.4,0.07,0.07,-0.012397,364.4,0.07,0.07,-0.015085,
09/30/2009,2011.0,1758.5,252.5,-1713.2,1646.5,66.7,297.8,0.0,-280.2,108.5,43.4,120.0,26.6,-18.3,17.6,-0.8,,229.3,,-4.9,,-223.6,16.8,-3.8,13.0,0.0,0.0,0.0,13.0,0.0,13.0,0.0,0.0,13.0,1.105,-11.895,363.8,0.04,0.04,0.003037,365.0,0.04,0.04,0.003037,
12/31/2009,2255.3,1985.5,269.8,-1844.0,1783.0,61.0,411.3,0.0,-317.3,116.2,50.7,140.3,10.1,0.0,94.0,-0.3,,64.4,,-4.5,,-59.6,93.7,-47.6,46.1,0.0,0.0,0.0,46.1,0.0,46.1,0.0,0.0,46.1,27.965,-18.135,364.4,0.126509,0.126509,0.076743,365.8,0.126025,0.126025,0.076449,
03/31/2010,2230.7,1984.3,246.4,-1824.9,1767.8,57.1,405.8,0.0,-310.1,115.6,54.8,121.3,18.4,0.0,95.7,0.3,,55.9,,-4.5,,-51.7,96.0,-27.7,68.3,0.0,0.0,0.0,68.3,0.0,68.3,0.0,0.0,68.3,68.3,0.0,364.6,0.19,0.19,0.19,365.7,0.19,0.19,0.19,
06/30/2010,2464.1,2224.8,239.3,-2009.4,1954.9,54.5,454.7,0.0,-306.5,119.8,58.4,110.9,17.4,0.0,148.2,0.4,,52.5,,-4.3,,-48.6,148.6,-49.0,99.6,0.0,0.0,0.0,99.6,0.0,99.6,0.0,0.0,99.6,99.6,0.0,364.9,0.27,0.27,0.27,366.0,0.27,0.27,0.27,
09/30/2010,2542.5,2304.2,238.3,-2071.0,2019.2,51.8,471.5,0.0,-299.2,116.2,59.9,110.2,12.9,0.0,172.3,4.5,,50.7,,-5.5,,-49.7,176.8,-56.9,119.9,0.0,0.0,0.0,119.9,0.0,119.9,0.0,0.0,119.9,119.9,0.0,364.9,0.33,0.33,0.33,366.1,0.33,0.33,0.33,
12/31/2010,3055.6,2811.8,243.8,-2615.7,2456.9,158.8,439.9,0.0,-207.6,129.9,65.4,,12.3,0.0,232.3,6.6,47.3,49.3,-2.0,-6.8,,-47.1,238.9,-69.1,169.8,0.0,0.0,0.0,169.8,0.0,169.8,0.0,0.0,169.8,166.6,-3.2,365.4,0.46,0.46,0.455939,366.9,0.46,0.46,0.451278,
03/31/2011,3283.6,3042.6,241.0,-2678.8,2632.3,46.5,604.8,0.0,-322.5,133.1,68.4,110.5,10.5,0.0,282.3,4.0,45.4,45.8,-0.4,-8.0,,-41.4,286.3,-93.0,193.3,0.0,0.0,0.0,193.3,0.0,193.3,0.0,0.0,193.3,193.3,0.0,365.8,0.53,0.53,0.53,367.2,0.53,0.53,0.53,
06/30/2011,3960.7,3702.7,258.0,-3277.2,3231.1,46.1,683.5,0.0,-341.1,133.2,77.5,119.4,11.0,0.0,342.4,10.8,43.2,44.5,-1.3,-9.9,,-44.1,353.2,-113.5,239.7,0.0,0.0,0.0,239.7,0.0,239.7,0.0,0.0,239.7,239.7,0.0,365.9,0.66,0.66,0.66,367.2,0.65,0.65,0.65,
09/30/2011,4257.1,3993.0,264.1,-3528.6,3484.0,44.6,728.5,0.0,-340.8,137.1,70.0,123.0,10.7,0.0,387.7,7.0,49.0,49.5,-0.5,-11.0,,-45.0,394.7,-113.1,281.6,0.0,0.0,0.0,281.6,0.0,281.6,0.0,0.0,281.6,281.6,0.0,363.3,0.78,0.78,0.78,364.2,0.77,0.77,0.77,
12/31/2011,4853.8,4587.6,266.2,-4161.8,3994.4,167.4,692.0,0.0,-225.0,143.5,72.3,,9.2,0.0,467.0,5.7,41.6,44.5,-2.9,-9.3,,-38.0,472.7,-145.0,327.7,0.0,0.0,0.0,327.7,0.0,327.7,0.0,0.0,327.7,327.7,0.0,358.3,0.91,0.91,0.91,359.1,0.91,0.91,0.91,
03/31/2012,4776.1,4514.7,261.4,-3959.6,3919.9,39.7,816.5,0.0,-348.5,149.9,72.3,118.8,7.5,0.0,468.0,11.0,40.9,41.6,-0.7,-8.9,,-43.0,479.0,-151.7,327.3,0.0,0.0,0.0,327.3,0.0,327.3,0.0,0.0,327.3,327.3,0.0,357.0,0.92,0.92,0.92,357.8,0.91,0.91,0.91,
06/30/2012,4457.2,4191.1,266.1,-3670.6,3632.5,38.1,786.6,0.0,-346.9,146.6,73.8,121.5,5.0,0.0,439.7,6.6,38.8,39.3,-0.5,-8.2,,-37.2,446.3,-149.1,297.2,0.0,0.0,0.0,297.2,0.0,297.2,0.0,0.0,297.2,297.2,0.0,356.0,0.83,0.83,0.83,356.8,0.83,0.83,0.83,
09/30/2012,3820.2,3546.7,273.5,-3149.1,3108.5,40.6,671.1,0.0,-333.2,136.5,66.8,127.2,2.7,0.0,337.9,7.5,40.6,41.0,-0.4,-7.8,,-40.3,345.4,-111.8,233.6,0.0,0.0,0.0,233.6,0.0,233.6,0.0,0.0,233.6,233.6,0.0,353.7,0.66,0.66,0.66,354.3,0.66,0.66,0.66,
12/31/2012,3997.0,3699.2,297.8,-3287.4,3247.4,40.0,709.6,0.0,-359.7,138.6,66.4,149.9,4.8,0.0,349.9,8.3,41.2,41.7,-0.5,-8.2,,-41.3,358.2,-104.7,253.5,0.0,0.0,0.0,253.5,0.0,253.5,0.0,0.0,253.5,253.5,0.0,353.6,0.72,0.72,0.72,354.3,0.72,0.72,0.72,
03/31/2013,3924.3,3631.2,293.1,-3228.2,3189.3,38.9,696.1,0.0,-363.9,141.2,72.1,144.1,6.5,0.0,332.2,5.0,39.5,40.1,-0.6,-6.5,,-38.0,337.2,-101.1,236.1,0.0,0.0,0.0,236.1,0.0,236.1,0.0,0.0,236.1,236.1,0.0,354.0,0.67,0.67,0.67,354.8,0.67,0.67,0.67,
06/30/2013,4300.5,4011.7,288.8,-3534.0,3494.6,39.4,766.5,0.0,-342.0,136.0,61.8,138.9,5.3,0.0,424.5,8.4,38.0,39.2,-1.2,-8.0,,-38.4,432.9,-141.3,291.6,0.0,0.0,0.0,291.6,0.0,291.6,0.0,0.0,291.6,291.6,0.0,354.1,0.82,0.82,0.82,355.0,0.82,0.82,0.82,
09/30/2013,4300.1,4006.6,293.5,-3529.0,3491.1,37.9,771.1,0.0,-335.1,134.7,56.6,140.2,3.6,0.0,436.0,4.0,38.6,39.1,-0.5,-7.3,,-35.3,440.0,-130.6,309.4,0.0,0.0,0.0,309.4,0.0,309.4,0.0,0.0,309.4,309.4,0.0,354.4,0.87,0.87,0.87,355.4,0.87,0.87,0.87,
12/31/2013,4598.9,4299.4,299.5,-3765.4,3725.7,39.7,833.5,0.0,-354.5,147.6,60.9,148.5,-2.5,0.0,479.0,5.9,39.5,41.1,-1.6,-6.8,,-38.6,484.9,-150.7,334.2,0.0,0.0,0.0,334.2,0.0,334.2,0.0,0.0,334.2,334.2,0.0,354.6,0.94,0.94,0.94,355.6,0.94,0.94,0.94,
03/31/2014,4379.9,4086.2,293.7,-3632.1,3595.5,36.6,747.8,0.0,-345.7,145.0,52.7,144.3,3.7,0.0,402.1,4.4,36.0,36.5,-0.5,-5.8,,-34.6,406.5,-132.6,273.9,0.0,0.0,0.0,273.9,0.0,273.9,0.0,0.0,273.9,273.9,0.0,354.9,0.77,0.77,0.77,356.0,0.77,0.77,0.77,
06/30/2014,4569.6,4267.0,302.6,-3753.1,3719.4,33.7,816.5,0.0,-341.9,139.6,49.9,148.4,4.0,0.0,474.6,6.4,31.9,32.3,-0.4,-5.5,,-32.8,481.0,-161.8,319.2,0.0,0.0,0.0,319.2,0.0,319.2,0.0,0.0,319.2,319.2,0.0,355.1,0.9,0.9,0.9,356.3,0.9,0.9,0.9,
09/30/2014,4928.4,4622.5,305.9,-4038.9,4006.3,32.6,889.5,0.0,-339.3,136.7,50.5,147.3,4.8,0.0,550.2,2.2,30.4,30.8,-0.4,-5.7,,-26.9,552.4,-181.0,371.4,0.0,0.0,0.0,371.4,0.0,371.4,0.0,0.0,371.4,371.4,0.0,355.2,1.05,1.05,1.05,356.3,1.04,1.04,1.04,
12/31/2014,5119.1,4817.1,302.0,-4191.2,4160.4,30.8,927.9,0.0,-354.0,140.1,62.5,148.5,2.9,0.0,573.9,3.8,28.2,28.6,-0.4,-5.3,,-26.7,577.7,-183.4,394.3,0.0,0.0,0.0,394.3,0.0,394.3,0.0,0.0,394.3,395.47,1.17,354.7,1.11,1.11,1.114942,355.8,1.11,1.11,1.113288,
03/31/2015,4832.7,4548.0,284.7,-3939.3,3910.2,29.1,893.4,0.0,-332.3,133.0,56.2,140.4,2.7,0.0,561.1,0.6,27.1,27.5,-0.4,-5.1,,-22.6,561.7,-183.3,378.4,0.0,0.0,0.0,378.4,0.0,378.4,0.0,0.0,378.4,378.4,0.0,355.1,1.07,1.07,1.07,356.1,1.06,1.06,1.06,
06/30/2015,5079.9,4786.1,293.8,-4090.8,4061.2,29.6,989.1,0.0,-340.9,132.1,59.3,145.9,3.6,0.0,648.2,4.0,27.4,27.8,-0.4,-5.3,,-26.1,652.2,-205.0,447.2,0.0,0.0,0.0,447.2,0.0,447.2,0.0,0.0,447.2,447.2,0.0,355.3,1.26,1.26,1.26,356.3,1.26,1.26,1.26,
09/30/2015,4847.2,4546.2,301.0,-3880.5,3851.3,29.2,966.7,0.0,-343.5,131.0,57.6,152.5,2.4,0.0,623.2,1.3,26.6,27.1,-0.5,-6.2,,-21.7,624.5,-193.3,431.2,0.0,0.0,0.0,431.2,0.0,431.2,0.0,0.0,431.2,431.2,0.0,355.0,1.21,1.21,1.21,355.9,1.21,1.21,1.21,
12/31/2015,4355.3,4062.5,292.8,-3499.5,3469.4,30.1,855.8,0.0,-360.7,145.4,66.7,144.9,3.7,0.0,495.1,3.6,18.4,18.9,-0.5,-5.2,,-16.8,498.7,-151.5,347.2,0.0,0.0,0.0,347.2,0.0,347.2,0.0,0.0,347.2,349.345,2.145,353.2,0.98,0.98,0.989086,353.9,0.98,0.98,0.986061,
03/31/2016,4300.0,4010.6,289.4,-3443.9,3413.6,30.3,856.1,0.0,-1291.3,134.8,59.6,150.9,3.4,942.6,-435.2,5.6,,,-0.4,-5.7,,0.5,-429.6,-165.0,-594.6,0.0,0.0,0.0,-594.6,0.0,-594.6,0.0,0.0,-594.6,347.3,941.9,351.3,-1.69,-1.69,0.988614,351.3,-1.69,-1.69,0.988614,
06/30/2016,4413.2,4115.8,297.4,-3522.0,3489.4,32.6,891.2,0.0,-248.9,135.3,60.8,156.4,6.0,-109.6,642.3,3.9,,,-0.4,-6.4,,2.9,646.2,-164.9,481.3,0.0,0.0,0.0,481.3,0.0,481.3,0.0,0.0,481.3,371.7,-109.6,350.9,1.37,1.37,1.059276,351.6,1.37,1.37,1.058282,
09/30/2016,4249.4,3953.2,296.2,-3403.7,3371.5,32.2,845.7,0.0,-357.7,130.8,59.2,162.6,5.1,0.0,488.0,6.9,,,-0.3,-8.5,,1.9,494.9,-148.7,346.2,0.0,0.0,0.0,346.2,0.0,346.2,0.0,0.0,346.2,346.2,0.0,351.0,0.99,0.99,0.99,351.8,0.98,0.98,0.98,
12/31/2016,4070.7,3767.0,303.7,-3291.2,3259.1,32.1,779.5,0.0,-378.7,141.9,67.6,165.3,3.9,0.0,400.8,18.1,,,-0.4,-7.0,,-10.7,418.9,-130.1,288.8,0.0,0.0,0.0,288.8,0.0,288.8,0.0,0.0,288.8,288.33,-0.47,351.2,0.822323,0.822323,0.820985,352.5,0.819291,0.819291,0.817957,
03/31/2017,4237.9,3935.7,302.2,-3425.0,3390.9,34.1,812.9,0.0,-386.8,140.2,61.0,179.7,5.9,0.0,426.1,22.1,,,-0.3,-8.1,,-13.7,448.2,-137.9,310.3,0.0,0.0,0.0,310.3,0.0,310.3,0.0,0.0,310.3,310.105,-0.195,351.6,0.88,0.88,0.881982,352.7,0.88,0.88,0.879447,
06/30/2017,4704.2,4397.9,306.3,-3801.4,3764.0,37.4,902.8,0.0,-384.4,138.7,66.1,172.8,6.8,0.0,518.4,20.6,,,-0.3,-8.7,,-11.6,539.0,-166.0,373.0,0.0,0.0,0.0,373.0,0.0,373.0,0.0,0.0,373.0,373.0,0.0,351.8,1.06,1.06,1.06,352.7,1.06,1.06,1.06,
09/30/2017,5059.7,4731.5,328.2,-4093.9,4055.6,38.3,965.8,0.0,-402.8,144.9,67.0,186.2,4.7,0.0,563.0,18.8,,,-0.4,-9.0,,-9.4,581.8,-179.1,402.7,0.0,0.0,0.0,402.7,0.0,402.7,0.0,0.0,402.7,402.7,0.0,351.9,1.14,1.14,1.14,352.9,1.14,1.14,1.14,
12/31/2017,5454.6,5122.4,332.2,-4458.2,4418.4,39.8,996.4,0.0,-412.3,148.0,70.6,188.8,4.9,0.0,584.1,20.2,,,-0.7,-9.5,,-10.0,604.3,-15.1,589.2,0.0,0.0,0.0,589.2,0.0,589.2,0.0,0.0,589.2,415.8,-173.4,352.2,1.67,1.67,1.180579,353.2,1.67,1.67,1.17906,
03/31/2018,5654.0,5321.8,332.2,-4576.8,4535.5,41.3,1077.2,0.0,-436.5,168.2,76.0,186.4,5.9,0.0,640.7,28.7,,,-0.5,-10.0,,-18.2,669.4,-157.3,512.1,0.0,0.0,0.0,512.1,0.0,512.1,0.0,0.0,512.1,511.784,-0.316,352.5,1.45,1.45,1.45187,353.5,1.45,1.45,1.449106,
06/30/2018,5805.2,5467.2,338.0,-4693.0,4647.3,45.7,1112.2,0.0,-423.6,156.8,76.7,185.5,4.6,0.0,688.6,31.0,,,-0.5,-14.6,,-15.9,719.6,-160.0,559.6,0.0,0.0,0.0,559.6,0.0,559.6,0.0,0.0,559.6,559.6,0.0,351.7,1.59,1.59,1.59,352.5,1.59,1.59,1.59,
09/30/2018,5756.8,5416.9,339.9,-4702.6,4653.6,49.0,1054.2,0.0,-409.2,153.5,72.9,178.5,4.3,0.0,645.0,23.8,,,-0.6,-16.4,,-6.8,668.8,-123.5,545.3,0.0,0.0,0.0,545.3,0.0,545.3,0.0,0.0,545.3,545.3,0.0,350.7,1.55,1.55,1.55,351.5,1.55,1.55,1.55,
12/31/2018,6279.7,5932.7,347.0,-5139.5,5088.6,50.9,1140.2,0.0,-426.0,166.2,80.5,177.6,1.7,0.0,714.2,38.2,,,-0.6,-19.9,,-17.7,752.4,-174.3,578.1,0.0,0.0,0.0,578.1,0.0,578.1,0.0,0.0,578.1,576.994,-1.106,349.1,1.66,1.66,1.652804,349.6,1.65,1.65,1.646836,
03/31/2019,6487.6,6138.1,349.5,-5270.5,5217.1,53.4,1217.1,0.0,-427.3,169.4,78.3,177.4,2.2,0.0,789.8,29.6,,,-0.4,-19.3,,-9.9,819.4,-190.4,629.0,0.0,0.0,0.0,629.0,0.0,629.0,0.0,0.0,629.0,628.921,-0.079,347.2,1.81,1.81,1.811408,347.8,1.81,1.81,1.809773,
06/30/2019,6627.9,6266.5,361.4,-5401.7,5341.7,60.0,1226.2,0.0,-443.4,173.3,82.5,183.6,4.0,0.0,782.8,31.6,,,-0.3,-21.8,,-9.5,814.4,-194.7,619.7,0.0,0.0,0.0,619.7,0.0,619.7,0.0,0.0,619.7,619.621,-0.079,347.0,1.79,1.79,1.785651,347.7,1.78,1.78,1.779773,
09/30/2019,6367.0,6004.2,362.8,-5166.4,5106.8,59.6,1200.6,0.0,-455.7,172.6,82.2,195.3,5.6,0.0,744.9,32.7,,,-0.6,-21.1,,-11.0,777.6,-169.7,607.9,0.0,0.0,0.0,607.9,0.0,607.9,0.0,0.0,607.9,607.584,-0.316,346.6,1.75,1.75,1.752983,347.2,1.75,1.75,1.74909,
12/31/2019,6117.2,5710.9,406.3,-4947.5,4890.0,57.5,1169.7,0.0,-512.3,183.2,83.6,241.9,3.6,0.0,657.4,30.4,,,-0.4,-20.1,,-9.9,687.8,-156.5,531.3,0.0,0.0,0.0,531.3,0.0,531.3,0.0,0.0,531.3,531.063,-0.237,346.7,1.53,1.53,1.531765,347.4,1.53,1.53,1.529318,
03/31/2020,5161.7,4778.0,383.7,-4246.0,4189.6,56.4,915.7,0.0,-481.4,164.0,71.0,229.4,17.0,0.0,434.3,27.9,,,-0.4,-14.8,,-12.7,462.2,-102.8,359.4,0.0,0.0,0.0,359.4,0.0,359.4,0.0,0.0,359.4,359.163,-0.237,346.9,1.04,1.04,1.03535,347.3,1.03,1.03,1.029318,
06/30/2020,3062.2,2701.9,360.3,-2488.4,2441.5,46.9,573.8,0.0,-418.3,120.2,66.5,224.1,7.5,0.0,155.5,28.5,,,-0.6,-9.0,,-18.9,184.0,-36.3,147.7,0.0,0.0,0.0,147.7,0.0,147.7,0.0,0.0,147.7,147.226,-0.474,346.4,0.43,0.43,0.425017,346.8,0.43,0.43,0.425017,
09/30/2020,4269.833,,,,,,533.13134838,,,,,,,,305.571,,,,,,,,403.6,,331.333,,,,,,331.333,,,331.333,312.545,,,0.927,0.927,0.918,,0.927,0.927,0.918,
12/31/2020,4422.455,,,,,,562.49205145,,,,,,,,319.286,,,,,,,,415.3,,337.5,,,,,,337.5,,,337.5,326.909,,,0.956,0.956,0.97,,0.956,0.956,0.97,
