Date,Revenue,Revenue From Electric,Revenue from Gas,Revenue from Water,Other Revenue,Cost of Revenue,Fuel & Purchased Power Cost,Fuel Cost,Purchased Power Cost,Purchased Gas & Water Cost,Purchased Gas Cost,Other Cost of Revenue,Gross Profit,Operating Expenses,Maintenance Expenses,Depreciation Expenses,Taxes Other Than Income,Other Operating Expense,Operating Income (Loss),Non-Operating (Income) Loss,"Interest Expense, Net",Total Interest Income,AFUDC - Equity,Interest Income,Interest Expense,Interest Expenses on Bonds,AFUDC - Debts,Other Interest Expenses,Other Non-Op (Income) Loss,Pretax Income,Income Tax Expense (Benefit),Income (Loss) from Cont Ops,Net Extraordinary Losses (Gains),Discontinued Operations,XO & Accounting Changes,Income (Loss) Incl. MI,Minority Interest,"Net Income, GAAP",Preferred Dividends,Other Adjustments,"Net Income Avail to Common, GAAP","Net Income Avail to Common, Adj",Net Abnormal Losses (Gains),Basic Weighted Avg Shares,"Basic EPS, GAAP",Basic EPS from Cont Ops,"Basic EPS from Cont Ops, Adjusted",Diluted Weighted Avg Shares,"Diluted EPS, GAAP",Diluted EPS from Cont Ops,"Diluted EPS from Cont Ops, Adjusted",Source: Bloomberg
03/31/1990,2247.814941,1574.359009,673.455994,0.0,0.0,-843.671997,843.671997,843.671997,,,,,1404.142944,-849.75,103.353996,253.656006,,492.73999,554.393005,-167.342999,,,4.417,,200.697998,204.742996,-4.045,0.0,-28.938,387.050007,-176.638,210.412003,0.0,,,210.412006,0.0,210.412003,-24.833,,185.579002,185.579002,,429.837006,0.43,0.43,0.43,429.837006,0.43,0.43,0.43,
06/30/1990,2172.601074,1637.213989,535.387024,0.0,0.0,-756.487,756.487,756.487,,,,,1416.114075,-866.708008,114.112999,259.522003,,493.072998,549.406006,-223.316992,,,6.406,,202.526993,209.468002,-6.941,0.0,27.195999,326.089014,-159.876007,166.212997,0.0,,,166.213007,0.0,166.212997,-24.797001,,141.415997,141.415997,,425.384003,0.33,0.33,0.33,425.384003,0.33,0.33,0.33,
09/30/1990,2597.649902,2055.745117,541.905029,0.0,0.0,-903.211975,903.211975,903.211975,,,,,1694.437927,-850.174988,81.172997,265.494995,,503.506989,844.263,-154.104,,,7.583,,200.251999,206.466003,-6.214,0.0,-38.564999,690.159,-295.977997,394.181,0.0,,,394.181004,0.0,394.181,-24.476999,,369.704,369.704,,420.869995,0.88,0.88,0.88,420.869995,0.88,0.88,0.88,
12/31/1990,2452.025879,1768.753052,683.27301,0.0,0.0,-898.971985,898.971985,898.971985,,,,,1553.053894,-938.578979,105.514,267.743988,,565.320984,614.474976,-174.201995,,,6.179,,200.425995,205.917007,-5.491,0.0,-20.045,440.272981,-223.908997,216.363998,0.0,,,216.363984,0.0,216.363998,-23.893999,,192.469999,192.469999,,418.945007,0.46,0.46,0.46,418.945007,0.46,0.46,0.46,
03/31/1991,2270.878906,1580.290039,690.588989,0.0,0.0,-851.492004,851.492004,,851.492004,,,,1419.386902,-934.653015,130.722,277.988007,,525.942993,484.734009,-199.153993,,,3.5,,198.207993,202.444,-4.236,0.0,4.446,285.580016,-146.216995,139.363007,0.0,,,139.363021,0.0,139.363007,-23.492001,,115.871006,115.871006,,419.993988,0.28,0.28,0.28,419.993988,0.28,0.28,0.28,
06/30/1991,2351.886963,1815.563965,536.322998,0.0,0.0,-720.734009,720.734009,,720.734009,,,,1631.152954,-920.710999,106.317001,277.390015,,537.004028,710.442017,-168.943995,,,4.416,,193.050995,196.735992,-3.685,0.0,-19.691,541.498022,-235.955002,305.542999,0.0,,,305.54302,0.0,305.542999,-23.481001,,282.061998,282.061998,,417.942993,0.67,0.67,0.67,417.942993,0.67,0.67,0.67,
09/30/1991,2520.341064,2038.625977,481.714996,0.0,0.0,-834.398987,834.398987,,834.398987,,,,1685.942078,-926.034973,101.420998,294.977997,,529.635986,759.906982,-159.886004,,,7.8,,194.117004,200.542007,-6.425,0.0,-26.431,600.020978,-265.424011,334.596985,0.0,,,334.596967,0.0,334.596985,-21.841999,,312.754986,312.754986,,416.895996,0.75,0.75,0.75,416.895996,0.75,0.75,0.75,
12/31/1991,2635.011963,1934.160034,700.85199,0.0,0.0,-910.104004,910.104004,,910.104004,,,,1724.907959,-1103.822021,186.759995,290.520996,,626.541016,621.085999,-158.703003,,,8.827,,196.106003,199.334,-3.228,0.0,-28.576,462.382996,-215.492996,246.889999,0.0,,,246.889999,0.0,246.889999,-20.780001,,226.109999,226.109999,,417.027008,0.54,0.54,0.54,417.027008,0.54,0.54,0.54,
03/31/1992,2419.858887,1704.389038,715.469971,0.0,0.0,-768.947021,449.296997,,449.296997,319.649994,,,1650.911865,-998.974976,98.356003,308.011993,202.960007,389.647003,651.937012,-172.547994,,,5.474,,202.386993,177.914993,-5.367,29.839001,-24.365,479.389018,-202.960007,276.428986,0.0,,,276.429011,0.0,276.428986,-20.65,,255.778986,255.778986,,419.15799,0.61,0.61,0.61,419.15799,0.61,0.61,0.61,
06/30/1992,2519.678955,1953.702026,565.97699,0.0,0.0,-776.906982,574.085999,,574.085999,202.820999,,,1742.771973,-991.286987,102.691002,303.691986,74.436996,510.46701,751.484985,-154.722009,,,8.249,,202.960007,187.688004,-9.134,24.406,-39.988998,596.762977,-260.354004,336.408997,0.0,,,336.408973,0.0,336.408997,-20.65,,315.758997,315.758997,,421.593994,0.75,0.75,0.75,421.593994,0.75,0.75,0.75,
09/30/1992,2798.762939,2211.939941,586.822998,0.0,0.0,-995.208008,778.411011,,778.411011,216.796997,,,1803.554932,-1030.756958,130.735001,306.882996,70.68,522.458984,772.797974,-155.197992,,,12.222,,190.845993,177.557007,-13.719,27.007999,-23.426001,617.599981,-265.661011,351.938995,0.0,,,351.938971,0.0,351.938995,-19.957001,,331.981995,331.981995,,423.881012,0.78,0.78,0.78,423.881012,0.78,0.78,0.78,
12/31/1992,2557.787109,1877.46106,680.325989,0.0,0.0,-996.577026,672.966003,,672.966003,323.610992,,,1561.210083,-997.143982,152.968994,302.903015,-52.912998,594.184998,564.065979,-192.110995,,,13.423,,190.272995,196.119003,-15.997,10.151,15.261,371.954984,-166.151001,205.804001,0.0,,,205.803983,0.0,205.804001,-17.629999,,188.174002,188.174002,,426.222992,0.44,0.44,0.44,426.222992,0.44,0.44,0.44,
03/31/1993,2463.818115,1722.28894,741.528992,0.0,0.0,-783.68103,435.463013,,435.463013,348.217987,,,1680.137085,-1061.995972,118.166,318.45401,83.046997,542.328979,618.140991,-164.664004,,,9.703,,186.992004,175.285995,-15.002,26.708,-12.625,453.476987,-197.813004,255.664001,0.0,,,255.663983,0.0,255.664001,-16.76,,238.904001,238.904001,,428.425995,0.56,0.56,0.56,428.425995,0.56,0.56,0.56,
06/30/1993,2464.125,1830.055054,634.070007,0.0,0.0,-697.338013,474.786011,,474.786011,222.552002,,,1766.786987,-1187.593018,118.788002,321.541992,74.657997,672.60498,579.19397,-142.357005,,,11.758,,191.656006,175.447006,-7.257,23.466,-37.541,436.836965,-191.487,245.350006,0.0,,,245.349965,0.0,245.350006,-16.632999,,228.717007,228.717007,,430.639008,0.53,0.53,0.53,430.639008,0.53,0.53,0.53,
09/30/1993,2947.293945,2344.148926,603.14502,0.0,0.0,-980.862,782.481995,,782.481995,198.380005,,,1966.431946,-1074.865967,96.226997,327.980011,72.971001,577.687988,891.565979,-169.883004,,,11.584,,196.132004,177.848999,-8.36,26.643,-14.665,721.682975,-365.584015,356.098999,0.0,,,356.09896,0.0,356.098999,-15.52,,340.578999,340.578999,,432.471985,0.79,0.79,0.79,432.471985,0.79,0.79,0.79,
12/31/1993,2707.170898,1969.550049,737.620972,0.0,0.0,-880.382996,557.478027,,557.478027,322.904999,,,1826.787902,-1145.984985,109.758003,347.548004,66.819,621.859985,680.802979,-220.531002,,,8.486,,196.304001,203.028,-48.007,41.283001,32.713001,460.271977,-251.889999,208.382004,0.0,,,208.381978,0.0,208.382004,-14.899,,193.483004,193.483004,,430.910004,0.45,0.45,0.45,430.910004,0.45,0.45,0.45,
03/31/1994,2514.270996,1815.977051,698.294006,0.0,0.0,-863.778992,546.960999,,546.960999,316.817993,,,1650.492004,-986.107971,113.655998,348.433014,80.815002,443.20401,664.383972,-177.721997,,,4.679,,193.477997,155.723999,-3.987,41.741001,-11.077,486.661975,-249.710007,236.951996,0.0,,,236.951968,0.0,236.951996,-14.458,,222.493996,222.493996,,428.531006,0.52,0.52,0.52,428.531006,0.52,0.52,0.52,
06/30/1994,2439.679932,1904.230957,535.448975,0.0,0.0,-722.005005,648.627014,,648.627014,73.377998,,,1717.674927,-1111.087036,115.498001,345.309998,75.424004,574.85498,606.588013,-154.340001,,,5.058,,181.125,167.468002,-3.787,17.444,-21.726999,452.248012,-210.882996,241.365005,0.0,,,241.365016,0.0,241.365005,-14.362,,227.003005,227.003005,,429.761993,0.53,0.53,0.53,429.761993,0.53,0.53,0.53,
09/30/1994,2855.220947,2356.033936,499.187012,0.0,0.0,-892.468994,817.955017,,817.955017,74.514,,,1962.751953,-1030.119019,93.942001,347.867004,71.266998,517.04303,932.632996,-159.061001,,,5.042,,183.248001,164.156006,-3.634,22.726,-19.145,773.571995,-347.938995,425.632996,0.0,,,425.632999,0.0,425.632996,-14.494,,411.138995,411.138995,,430.438995,0.96,0.96,0.96,430.438995,0.96,0.96,0.96,
12/31/1994,2638.178955,1951.734009,686.445007,0.0,0.0,-658.419006,548.234985,,548.234985,110.183998,,,1979.759949,-1625.385986,133.792999,355.859985,69.404999,1066.328003,354.373993,-134.786005,,,4.267,,186.852005,164.563995,-1.545,23.833,-47.799,219.587988,-116.087997,103.5,0.0,,,103.49999,0.0,103.5,-14.289,,89.211,89.211,,430.622009,0.21,0.21,0.21,430.622009,0.21,0.21,0.21,
03/31/1995,2307.351074,1696.244019,543.741028,0.0,67.365997,-542.40802,438.845001,,438.845001,103.563004,,,1764.943054,-1034.578003,92.040001,352.183014,73.869003,516.486023,730.36499,-136.179997,,,5.638,,174.048996,162.149002,-2.876,14.776,-32.230999,594.184993,-265.497986,328.687012,0.0,,,328.687007,0.0,328.687012,-14.494,,314.193011,314.193011,,430.085999,0.73,0.73,0.73,430.085999,0.73,0.73,0.73,
06/30/1995,2447.72998,1894.108032,506.197998,0.0,47.424,-633.788025,550.439026,,550.439026,83.348999,,,1813.941956,-985.322998,91.831001,344.292999,76.102997,473.096008,828.619019,-118.449991,,,6.462,,172.776993,162.423004,-3.207,13.561,-47.865002,710.169027,-304.648987,405.519989,0.0,,,405.520041,0.0,405.519989,-14.494,,391.025989,391.025989,,426.621002,0.92,0.92,0.92,426.621002,0.92,0.92,0.92,
09/30/1995,2645.2229,2140.346924,478.806,0.0,26.07,-780.929993,728.070007,,728.070007,52.860001,,,1864.292908,-1062.10498,114.994003,328.752991,74.630997,543.72699,802.187988,-128.033006,,,5.592,,163.072006,153.998993,-3.049,12.122,-29.447001,674.154983,-296.562012,377.592987,0.0,,,377.592971,0.0,377.592987,-15.901,,361.691987,361.691987,,421.578003,0.85,0.85,0.85,421.578003,0.85,0.85,0.85,
12/31/1995,2221.460938,1655.608032,530.372009,0.0,35.480999,-492.993988,399.486,379.944,19.542,93.508003,,,1728.466949,-1326.654053,74.843002,334.889008,70.777,846.14502,401.812988,-146.147993,,,2.347,,170.039993,150.977005,-1.511,20.573999,-21.545,255.664995,-28.58,227.085007,0.0,,,227.084995,0.0,227.085007,-25.399,,201.686007,201.686007,,416.654999,0.48,0.48,0.48,416.654999,0.48,0.48,0.48,
03/31/1996,2248.768066,1648.602051,568.810974,0.0,31.355,-655.130981,466.993988,,466.993988,188.136993,,,1593.637085,-1020.242981,,302.946991,81.443001,635.853027,573.393982,-141.145994,,,2.757,,173.927994,153.167007,-1.557,22.318001,-30.025,432.247988,-171.544006,260.70401,0.0,,,260.703981,0.0,260.70401,-8.278,,252.42601,252.42601,,414.351013,0.61,0.61,0.61,414.351013,0.61,0.61,0.61,
06/30/1996,2138.666016,1660.866943,451.510986,0.0,26.288,-597.942993,530.791992,,530.791992,67.151001,,,1540.723022,-1252.348022,,303.381989,77.146004,871.820007,288.375,-128.841994,,,3.321,,161.483994,149.324005,-1.899,14.059,-29.320999,159.533006,-47.752998,111.779999,0.0,,,111.780007,0.0,111.779999,-8.278,,103.501999,103.501999,,415.125,0.25,0.25,0.25,415.125,0.25,0.25,0.25,
09/30/1996,2521.852051,2039.207031,453.269989,0.0,29.375,-811.208984,749.02301,,749.02301,62.186001,,,1710.643066,-1185.796997,,309.714996,69.660004,806.421997,524.846008,-134.262001,,,3.233,,159.526001,151.065002,-1.814,10.275,-22.031,390.584008,-156.889008,233.695007,0.0,,,233.695,0.0,233.695007,-8.279,,225.416007,225.416007,,411.759003,0.55,0.55,0.55,411.759003,0.55,0.55,0.55,
12/31/1996,2700.686035,1811.53894,566.210022,0.0,322.937012,-1001.041992,556.679016,,556.679016,444.363007,,,1699.644043,-1190.67395,,305.90799,64.248001,820.518005,508.970001,-181.131995,,,4.364,,144.884995,131.444,-2.73,16.171,40.611,327.838006,-178.807999,149.029999,0.0,,,149.030007,0.0,149.029999,-8.278,,140.751999,140.751999,,408.933014,0.344,0.344,0.344,408.933014,0.344,0.344,0.344,
03/31/1997,3365.0,1722.0,552.0,0.0,1091.0,-725.0,510.0,,510.0,215.0,,,2640.0,-2176.0,,459.0,,1717.0,464.0,-132.0,,,,,160.0,160.0,,,-28.0,332.0,-151.0,181.0,0.0,,,181.0,0.0,181.0,-8.0,,173.0,173.0,,409.0,0.42,0.42,0.42,409.0,0.42,0.42,0.42,
06/30/1997,3083.0,1877.0,402.0,0.0,804.0,-659.0,597.0,,597.0,62.0,,,2424.0,-2053.0,,466.0,,1587.0,371.0,-81.0,,,,,164.0,164.0,,,-83.0,290.0,-89.0,201.0,0.0,,,201.0,0.0,201.0,-8.0,,193.0,193.0,,398.0,0.49,0.49,0.49,398.0,0.49,0.49,0.49,
09/30/1997,4063.0,2161.0,380.0,0.0,1522.0,-779.0,730.0,,730.0,49.0,,,3284.0,-2656.0,,473.0,,2183.0,628.0,-146.0,,,,,174.0,174.0,,,-28.0,482.0,-217.0,265.0,0.0,,,265.0,0.0,265.0,-8.0,,257.0,257.0,,414.0,0.62,0.62,0.62,414.0,0.62,0.62,0.62,
12/31/1997,4889.0,1931.0,470.0,0.0,2488.0,-4133.0,664.0,,664.0,3469.0,,,756.0,-491.0,,491.0,,,265.0,-72.0,,,,,167.0,167.0,,,-95.0,193.0,-91.0,102.0,0.0,,,102.0,0.0,102.0,-9.0,,93.0,93.0,,419.432007,0.22,0.22,0.22,419.432007,0.22,0.22,0.22,
03/31/1998,4353.0,2025.0,,,2328.0,-2838.0,2838.0,2838.0,,,,,1515.0,-1052.0,,253.0,,799.0,463.0,-183.0,,,,,197.0,197.0,,,-14.0,280.0,-141.0,139.0,0.0,,,139.0,0.0,139.0,,,139.0,139.0,,381.0,0.36,0.36,0.36,381.0,0.36,0.36,0.36,
06/30/1998,4787.0,1708.0,409.0,0.0,2670.0,-569.0,465.0,,465.0,104.0,,,4218.0,-3658.0,,581.0,,3077.0,560.0,-200.0,,,,,202.0,202.0,,,-2.0,360.0,-179.0,181.0,0.0,,,181.0,0.0,181.0,-7.0,,174.0,174.0,,382.0,0.46,0.46,0.52,383.0,0.46,0.46,0.52,
09/30/1998,5307.0,2226.0,337.0,0.0,2744.0,-714.0,663.0,,663.0,51.0,,,4593.0,-4051.0,,569.0,,3482.0,542.0,-185.0,,,,,199.0,199.0,,,-14.0,357.0,-141.0,216.0,0.0,,,216.0,0.0,216.0,-6.0,,210.0,210.0,,382.0,0.55,0.55,0.55,382.0,0.55,0.55,0.55,
12/31/1998,5495.0,1695.0,524.563,0.0,3275.437,-1080.0,705.0,0.0,705.0,375.0,,,4415.0,-3975.0,,,,3975.0,440.0,-128.0,,,,,154.0,154.0,,,-26.0,312.0,-109.0,203.0,0.0,,,203.0,0.0,203.0,-7.0,,196.0,196.0,,383.0,0.51,0.51,0.51,383.0,0.51,0.51,0.45,
03/31/1999,5126.0,1533.0,552.0,0.0,3041.0,-655.0,3861.0,3452.0,409.0,246.0,,,4471.0,-4010.0,,438.0,,3572.0,461.0,-180.0,,,,,201.0,201.0,,,-21.0,281.0,-114.0,167.0,-4.0,,,171.0,0.0,171.0,-6.0,,165.0,165.0,,373.0,0.46,0.45,0.45,373.0,0.4,0.39,0.39,
06/30/1999,4682.0,1828.0,405.0,0.0,2449.0,-664.0,3414.0,2888.0,526.0,138.0,,,4018.0,-3538.0,,560.0,,2978.0,480.0,-152.0,,,,,192.0,192.0,,,-40.0,328.0,-132.0,196.0,14.0,,,182.0,0.0,182.0,-6.0,,176.0,176.0,,367.0,0.5,0.53,0.53,369.0,0.47,0.5,0.5,
09/30/1999,6217.0,2189.0,398.0,0.0,3630.0,-864.0,5166.0,4420.0,746.0,118.0,,,5353.0,-4837.0,,678.0,,4159.0,516.0,-170.0,,,,,190.0,190.0,,,-20.0,346.0,-149.0,197.0,12.0,,,185.0,0.0,185.0,-6.0,,179.0,179.0,,367.0,0.5,0.5,0.5,367.0,0.5,0.5,0.5,
12/31/1999,4363.0,1682.0,641.0,0.0,2040.0,-966.0,730.0,,730.0,236.0,,,3397.0,-2632.0,,96.0,,2536.0,765.0,-1388.0,,,,,188.0,188.0,,,1200.0,-623.0,117.0,-506.0,86.0,,,-592.0,0.0,-592.0,-7.0,,-599.0,-599.0,,366.0,-1.67,-1.49,0.81,366.0,-1.67,-1.49,0.81,
03/31/2000,5008.0,1601.0,617.0,0.0,2790.0,-796.0,3781.0,3268.0,513.0,283.0,,,4212.0,-3536.0,,347.0,,3189.0,676.0,-168.0,,,,,183.0,183.0,,,-15.0,508.0,-228.0,280.0,0.0,,,280.0,0.0,280.0,-6.0,,274.0,274.0,,361.0,0.78,0.78,0.78,361.0,0.77,0.77,0.77,
06/30/2000,5638.0,1801.0,495.0,0.0,3342.0,-1157.0,5179.0,4204.0,975.0,182.0,,,4481.0,-3859.0,,69.0,,3790.0,622.0,-170.0,,,,,182.0,182.0,,,-12.0,452.0,-204.0,248.0,0.0,,,248.0,0.0,248.0,-6.0,,242.0,242.0,,361.0,0.69,0.69,0.69,364.0,0.68,0.68,0.68,
09/30/2000,7504.0,2523.0,,0.0,4981.0,-4676.0,4676.0,4676.0,,,,,2828.0,-2199.0,,1239.0,,960.0,629.0,-146.0,,,,59.0,191.0,191.0,,,14.0,483.0,-239.0,244.0,19.0,,,225.0,0.0,225.0,0.0,,225.0,225.0,,362.0,0.62,0.67,0.67,362.0,0.62,0.67,0.67,
12/31/2000,8082.0,1453.0,1147.0,0.0,5482.0,,,,,,,,,-8187.0,,2004.0,,6183.0,205.0,-7000.0,,,,,232.0,232.0,,,6768.0,-6795.0,2699.0,-4096.0,21.0,,,-4117.0,0.0,-4117.0,-7.0,,-4124.0,-4124.0,,362.0,-11.38,-11.32,0.03,362.0,-11.38,-11.32,0.03,
03/31/2001,6673.0,2562.0,,0.0,4111.0,-7072.0,7072.0,7072.0,,,,,-399.0,-941.0,,255.0,,686.0,-1340.0,-221.0,,,,35.0,247.0,247.0,,,9.0,-1561.0,610.0,-951.0,0.0,,,-951.0,0.0,-951.0,0.0,0.0,-951.0,-951.0,,363.0,-2.62,-2.62,0.7,363.0,-2.62,-2.62,0.7,
06/30/2001,5010.0,2309.0,,0.0,2701.0,-2402.0,2402.0,2402.0,,,,,2608.0,-1161.0,,259.0,,902.0,1447.0,-234.0,,,,74.0,312.0,312.0,,,-4.0,1213.0,-463.0,750.0,0.0,,,750.0,0.0,750.0,0.0,,750.0,750.0,,363.0,2.07,2.07,0.67,363.0,2.07,2.07,0.67,
09/30/2001,3719.0,2937.0,,0.0,782.0,-1159.0,1159.0,1159.0,,,,,2560.0,-1008.0,,270.0,,738.0,1552.0,-294.0,,,,61.0,317.0,317.0,,,38.0,1258.0,-487.0,771.0,0.0,,,771.0,0.0,771.0,0.0,0.0,771.0,771.0,,363.0,2.12,2.12,2.12,364.0,2.12,2.12,2.12,
12/31/2001,4970.0,2061.0,593.0,0.0,2316.0,-499.0,275.0,,275.0,224.0,,,4471.0,-3330.0,,436.0,,2894.0,1141.0,-353.0,,,,,337.0,337.0,,,16.0,788.0,-268.0,520.0,-9.0,,,529.0,0.0,529.0,0.0,,529.0,529.0,,366.0,1.46,1.43,0.99,366.0,1.45,1.42,0.98,
03/31/2002,2449.0,1778.0,671.0,0.0,0.0,-455.0,910.0,455.0,455.0,,,,1994.0,-1163.0,,303.0,,860.0,831.0,188.0,,,,32.0,334.0,334.0,,,-490.0,1019.0,-396.0,623.0,-8.0,,,631.0,0.0,631.0,0.0,,631.0,631.0,,364.0,1.73,1.71,0.6,368.0,1.71,1.69,0.6,
06/30/2002,2712.0,2193.0,519.0,0.0,0.0,-703.0,1294.0,789.0,505.0,198.0,,,2009.0,-1453.0,,336.0,,1117.0,556.0,-122.0,,,,32.0,361.0,361.0,,,-207.0,434.0,-156.0,278.0,60.0,,,218.0,0.0,218.0,0.0,0.0,218.0,218.0,,366.0,0.6,0.76,1.5,372.0,0.59,0.75,1.49,
09/30/2002,2947.0,2483.0,464.0,0.0,0.0,-658.0,550.0,550.0,,108.0,,,2289.0,-1220.0,,314.0,,906.0,1069.0,-291.0,,,,20.0,371.0,371.0,,,-60.0,778.0,-299.0,479.0,13.0,,,466.0,0.0,466.0,0.0,,466.0,466.0,,373.0,1.25,1.28,1.28,395.0,1.19,1.22,1.22,
12/31/2002,2397.0,1724.0,673.0,0.0,0.0,-882.0,573.0,573.0,,309.0,,,1515.0,-893.0,,,,893.0,622.0,-322.0,,,,17.0,242.0,242.0,,,97.0,300.0,-109.0,191.0,2380.0,,,-2189.0,0.0,-2189.0,0.0,,-2189.0,-2189.0,,381.0,-5.75,0.5,0.58,404.0,-5.41,0.47,0.55,
03/31/2003,2133.0,1305.0,828.0,0.0,0.0,-1015.0,544.0,544.0,,471.0,,,1118.0,-1021.0,,310.0,,711.0,97.0,-270.0,,,0.0,12.0,255.0,255.0,0.0,0.0,27.0,-173.0,90.0,-83.0,271.0,,,-354.0,0.0,-354.0,0.0,,-354.0,-354.0,,382.0,-0.93,-0.22,0.45,382.0,-0.93,-0.22,0.45,
06/30/2003,2714.0,2058.0,656.0,0.0,0.0,-868.0,1124.0,562.0,562.0,306.0,,,1846.0,-1009.0,,288.0,,721.0,837.0,-297.0,,,,22.0,260.0,260.0,,,59.0,540.0,-212.0,328.0,101.0,,,227.0,0.0,227.0,0.0,,227.0,227.0,,384.746,0.56,0.81,0.33,409.0,0.55,0.8,0.31,
09/30/2003,3062.0,2509.0,553.0,0.0,0.0,-895.0,661.0,661.0,,234.0,,,2167.0,-1006.0,,312.0,,694.0,1161.0,-320.0,,,,15.0,342.0,342.0,,,-7.0,841.0,-333.0,508.0,-2.0,,,510.0,0.0,510.0,0.0,,510.0,510.0,,387.0,1.26,1.25,1.25,397.0,1.23,1.22,1.22,
12/31/2003,2538.0,1759.0,779.0,0.0,0.0,-1012.0,584.0,584.0,,428.0,,,1526.0,-1165.0,,,,1165.0,361.0,-320.0,,,0.0,2.0,276.0,276.0,0.0,0.0,46.0,41.0,-4.0,37.0,0.0,,,37.0,0.0,37.0,0.0,,37.0,37.0,,370.0,0.1,0.1,0.38,401.0,0.09,0.09,0.34,
03/31/2004,2722.0,1791.0,931.0,0.0,0.0,-1139.0,561.0,561.0,,578.0,,,1583.0,-1128.0,,312.0,,816.0,455.0,4654.0,,,0.0,14.0,231.0,231.0,0.0,0.0,-4871.0,5109.0,-2076.0,3033.0,0.0,,,3033.0,0.0,3033.0,0.0,,3033.0,3033.0,,393.0,7.36,7.36,0.45,424.0,7.21,7.21,0.41,
06/30/2004,2749.0,2063.0,686.0,0.0,0.0,-963.0,685.0,685.0,,278.0,,,1786.0,-1110.0,,353.0,,757.0,676.0,-169.0,,,,25.0,176.0,176.0,,,18.0,507.0,-135.0,372.0,0.0,,,372.0,0.0,372.0,0.0,,372.0,372.0,,418.0,0.89,0.89,0.71,425.0,0.88,0.88,0.7,
09/30/2004,2623.0,2042.0,581.0,0.0,0.0,-1031.0,792.0,792.0,,239.0,,,1592.0,-1083.0,,406.0,,677.0,509.0,-140.0,,,,15.0,159.0,159.0,,,-4.0,369.0,-141.0,228.0,0.0,,,228.0,0.0,228.0,0.0,,228.0,228.0,,399.0,0.55,0.55,0.59,427.0,0.53,0.53,0.57,
12/31/2004,2986.0,1971.0,1015.0,0.0,0.0,-1361.0,732.0,732.0,0.0,629.0,,,1625.0,-1041.0,0.0,426.0,0.0,615.0,584.0,-283.0,,,0.0,9.0,231.0,231.0,0.0,0.0,61.0,301.0,-114.0,187.0,-684.0,,,871.0,0.0,871.0,0.0,0.0,871.0,871.0,,420.8,2.07,0.47,0.47,428.0,2.04,0.44,0.44,
03/31/2005,2669.0,1660.0,1009.0,0.0,0.0,-1016.0,396.0,396.0,,620.0,,,1653.0,-1152.0,,385.0,0.0,767.0,501.0,-141.0,,,0.0,21.0,161.0,161.0,0.0,0.0,1.0,360.0,-142.0,218.0,0.0,,,218.0,0.0,218.0,0.0,0.0,218.0,218.0,,388.0,0.55,0.55,0.57,392.0,0.54,0.54,0.56,
06/30/2005,2498.0,1780.0,718.0,0.0,0.0,-834.0,487.0,487.0,,347.0,,,1664.0,-1124.0,,454.0,0.0,670.0,540.0,-117.0,,,0.0,16.0,131.0,131.0,0.0,0.0,2.0,423.0,-156.0,267.0,0.0,,,267.0,0.0,267.0,0.0,0.0,267.0,267.0,,370.0,0.7,0.7,0.69,393.0,0.7,0.7,0.69,
09/30/2005,2804.0,2107.0,697.0,0.0,0.0,-1068.0,742.0,742.0,,326.0,,,1736.0,-1221.0,,481.0,0.0,740.0,515.0,-137.0,,,0.0,22.0,145.0,145.0,0.0,0.0,14.0,378.0,-139.0,239.0,-13.0,,,252.0,0.0,252.0,0.0,0.0,252.0,252.0,,372.0,0.66,0.63,0.63,395.0,0.65,0.62,0.62,
12/31/2005,3732.0,2380.0,1352.0,0.0,0.0,-1683.0,785.0,785.0,0.0,898.0,,,2049.0,-1635.0,0.0,415.0,0.0,1220.0,414.0,-127.0,,,0.0,21.0,146.0,146.0,0.0,0.0,2.0,287.0,-107.0,180.0,0.0,,,180.0,0.0,180.0,0.0,0.0,180.0,180.0,,359.0,0.49,0.49,0.49,367.3,0.49,0.49,0.49,
03/31/2006,3148.0,1863.0,1285.0,0.0,0.0,-1403.0,530.0,530.0,,873.0,,,1745.0,-1276.0,,414.0,0.0,862.0,469.0,-131.0,,,0.0,23.0,154.0,154.0,0.0,0.0,0.0,338.0,-124.0,214.0,0.0,,,214.0,0.0,214.0,0.0,0.0,214.0,214.0,,344.0,0.61,0.61,0.61,349.0,0.6,0.6,0.6,
06/30/2006,3017.0,2214.0,803.0,0.0,0.0,-1149.0,781.0,781.0,,368.0,,,1868.0,-1403.0,,548.0,0.0,982.0,465.0,-95.0,,,0.0,41.0,164.0,164.0,0.0,0.0,-28.0,370.0,-138.0,232.0,0.0,,,232.0,0.0,232.0,0.0,0.0,232.0,232.0,,346.0,0.65,0.65,0.64,368.0,0.65,0.65,0.64,
09/30/2006,3168.0,2470.0,698.0,0.0,0.0,-1182.0,884.0,884.0,0.0,298.0,,,1986.0,-1251.0,,519.0,0.0,795.0,735.0,-134.0,,,0.0,40.0,152.0,152.0,0.0,0.0,22.0,601.0,-208.0,393.0,0.0,,,393.0,0.0,393.0,0.0,0.0,393.0,393.0,,347.0,1.09,1.09,0.86,368.0,1.09,1.09,0.86,
12/31/2006,3206.0,2205.0,1001.0,0.0,0.0,-1285.0,727.0,727.0,0.0,558.0,,,1921.0,-1482.0,0.0,228.0,0.0,1064.0,439.0,-203.0,,,0.0,84.0,268.0,268.0,0.0,0.0,19.0,236.0,-84.0,152.0,0.0,,,152.0,0.0,152.0,0.0,0.0,152.0,152.0,,347.0,0.43,0.43,0.49,368.0,0.42,0.42,0.47,
03/31/2007,3356.0,2175.0,1181.0,0.0,0.0,-1477.0,723.0,723.0,,754.0,,,1879.0,-1350.0,,430.0,0.0,920.0,529.0,-134.0,,,0.0,52.0,190.0,190.0,0.0,0.0,-4.0,395.0,-139.0,256.0,0.0,,,256.0,0.0,256.0,0.0,0.0,256.0,256.0,,349.0,0.71,0.71,0.71,370.0,0.71,0.71,0.71,
06/30/2007,3187.0,2359.0,828.0,0.0,0.0,-1280.0,884.0,884.0,,396.0,,,1907.0,-1352.0,,430.0,0.0,922.0,555.0,-138.0,,,0.0,37.0,185.0,185.0,0.0,0.0,-10.0,417.0,-148.0,269.0,0.0,,,269.0,0.0,269.0,0.0,0.0,269.0,269.0,,350.0,0.75,0.75,0.75,371.0,0.74,0.74,0.74,
09/30/2007,3279.0,2574.0,705.0,0.0,0.0,-1279.0,998.0,998.0,,281.0,,,2000.0,-1418.0,,465.0,0.0,953.0,582.0,-153.0,,,0.0,36.0,196.0,196.0,0.0,0.0,-7.0,429.0,-151.0,278.0,0.0,,,278.0,0.0,278.0,0.0,0.0,278.0,278.0,,352.0,0.77,0.77,0.77,372.0,0.77,0.77,0.77,
12/31/2007,3415.0,2372.0,1043.0,0.0,0.0,-1436.0,832.0,832.0,,604.0,,,1979.0,-1531.0,,445.0,0.0,1086.0,448.0,-144.0,,,64.0,39.0,191.0,223.0,-32.0,0.0,56.0,304.0,-101.0,203.0,0.0,,,203.0,0.0,203.0,0.0,0.0,203.0,203.0,,362.5,0.56,0.56,0.56,362.5,0.56,0.56,0.56,
03/31/2008,3733.0,2514.0,1219.0,0.0,0.0,-1802.0,1027.0,1027.0,,775.0,,0.0,1931.0,-1438.0,,402.0,0.0,1036.0,493.0,-156.0,,,0.0,26.0,187.0,187.0,0.0,0.0,-5.0,337.0,-110.0,227.0,0.0,,,227.0,0.0,227.0,-3.0,0.0,224.0,224.0,,355.0,0.62,0.62,0.62,356.0,0.62,0.62,0.62,
06/30/2008,3578.0,2645.0,933.0,0.0,0.0,-1584.0,1097.0,1097.0,,487.0,,,1994.0,-1410.0,,419.0,0.0,991.0,584.0,-151.0,,,0.0,33.0,185.0,185.0,0.0,0.0,-1.0,433.0,-140.0,293.0,0.0,,,293.0,0.0,293.0,0.0,0.0,293.0,293.0,,356.0,0.8,0.8,0.8,357.0,0.8,0.8,0.8,
09/30/2008,3674.0,2880.0,794.0,0.0,0.0,-1633.0,1282.0,1282.0,,351.0,,0.0,2041.0,-1402.0,,419.0,0.0,983.0,639.0,-172.0,,,0.0,23.0,178.0,178.0,0.0,0.0,17.0,467.0,-163.0,304.0,0.0,,,304.0,0.0,304.0,0.0,0.0,304.0,304.0,,357.0,0.83,0.83,0.83,358.0,0.83,0.83,0.83,
12/31/2008,3643.0,2699.0,944.0,0.0,0.0,-1496.0,1019.0,1019.0,,477.0,,0.0,2147.0,-1602.0,,411.0,0.0,1191.0,545.0,-170.0,,,70.0,12.0,178.0,222.0,-44.0,0.0,74.0,375.0,-12.0,363.0,-154.0,,,517.0,0.0,517.0,0.0,0.0,517.0,517.0,,377.372,1.37,0.96,0.7,377.372,1.37,0.96,0.7,
03/31/2009,3431.0,2426.0,1005.0,0.0,0.0,-1440.0,883.0,883.0,,557.0,557.0,0.0,1991.0,-1478.0,,419.0,,1059.0,513.0,-154.0,172.0,-9.0,,9.0,181.0,181.0,,,-18.0,359.0,-115.0,244.0,0.0,0.0,0.0,244.0,0.0,244.0,-3.0,0.0,241.0,241.0,0.0,364.0,0.65,0.65,0.66,366.0,0.65,0.65,0.66,
06/30/2009,3194.0,2554.0,640.0,0.0,0.0,-1071.0,883.0,883.0,,188.0,188.0,0.0,2123.0,-1467.0,,429.0,,1038.0,656.0,-139.0,161.0,-17.0,,17.0,178.0,178.0,,,-22.0,517.0,-125.0,392.0,0.0,0.0,0.0,392.0,0.0,392.0,-4.0,-10.0,378.0,294.0,-84.0,368.0,1.03,1.03,0.798913,369.0,1.02,1.02,0.792358,
09/30/2009,3235.0,2630.0,605.0,0.0,0.0,-1131.0,997.0,997.0,,134.0,134.0,0.0,2104.0,-1497.0,,450.0,,1047.0,607.0,-150.0,173.0,-1.0,,1.0,174.0,174.0,,,-23.0,457.0,-136.0,321.0,0.0,0.0,0.0,321.0,0.0,321.0,-3.0,0.0,318.0,342.0,24.0,370.0,0.84,0.84,0.924324,388.0,0.83,0.83,0.891856,
12/31/2009,3539.0,2647.0,892.0,0.0,0.0,-1360.0,948.0,948.0,,412.0,412.0,0.0,2179.0,-1656.0,,454.0,,1202.0,523.0,-162.0,166.0,-6.0,,6.0,172.0,216.0,-44.0,,-4.0,361.0,-84.0,277.0,0.0,0.0,0.0,277.0,0.0,277.0,-4.0,21.0,294.0,417.55,123.55,371.0,0.792453,0.792453,1.125472,386.0,0.761658,0.761658,1.081736,
03/31/2010,3475.0,2510.0,965.0,0.0,0.0,-1415.0,920.0,920.0,,495.0,495.0,0.0,2060.0,-1442.0,,451.0,,991.0,618.0,-172.0,166.0,-2.0,,2.0,168.0,168.0,,,6.0,446.0,-185.0,261.0,0.0,0.0,0.0,261.0,0.0,261.0,-3.0,0.0,258.0,258.0,0.0,371.0,0.69,0.69,0.69,389.0,0.67,0.67,0.67,
06/30/2010,3232.0,2515.0,717.0,0.0,0.0,-1110.0,863.0,863.0,,247.0,247.0,0.0,2122.0,-1427.0,,468.0,,959.0,695.0,-171.0,173.0,-2.0,,2.0,175.0,175.0,,,-2.0,524.0,-187.0,337.0,0.0,0.0,0.0,337.0,0.0,337.0,-4.0,0.0,333.0,333.0,0.0,373.0,0.88,0.88,0.88,390.0,0.86,0.86,0.86,
09/30/2010,3513.0,2857.0,656.0,0.0,0.0,-1284.0,1102.0,1102.0,,182.0,182.0,0.0,2229.0,-1726.0,,501.0,,1225.0,503.0,-135.0,164.0,-3.0,,3.0,167.0,167.0,,,-29.0,368.0,-107.0,261.0,0.0,0.0,0.0,261.0,0.0,261.0,-3.0,0.0,258.0,398.0,140.0,390.0,0.66,0.66,1.020513,392.0,0.66,0.66,1.017143,
12/31/2010,3621.0,2763.0,858.0,0.0,0.0,-1380.0,1013.0,1013.0,,367.0,367.0,0.0,2241.0,-1749.0,,485.0,,1264.0,492.0,-170.0,62.0,-112.0,,2.0,174.0,224.0,,,108.0,322.0,-68.0,254.0,0.0,0.0,0.0,254.0,0.0,254.0,-4.0,9.0,259.0,463.6,204.6,394.0,0.65736,0.65736,1.17665,395.0,0.655696,0.655696,1.173671,
03/31/2011,3597.0,2617.0,980.0,0.0,0.0,-1396.0,888.0,888.0,,508.0,508.0,0.0,2201.0,-1717.0,,491.0,,1226.0,484.0,-158.0,175.0,-2.0,,2.0,177.0,177.0,,,-17.0,326.0,-124.0,202.0,0.0,0.0,0.0,202.0,0.0,202.0,-3.0,0.0,199.0,199.0,0.0,396.0,0.5,0.5,0.5,397.0,0.5,0.5,0.5,
06/30/2011,3684.0,2889.0,795.0,0.0,0.0,-1164.0,906.0,906.0,,258.0,258.0,0.0,2520.0,-1828.0,,591.0,,1237.0,692.0,-150.0,171.0,-3.0,,3.0,174.0,174.0,,,-21.0,542.0,-176.0,366.0,0.0,0.0,0.0,366.0,0.0,366.0,-4.0,0.0,362.0,362.0,0.0,399.0,0.91,0.91,0.91,400.0,0.91,0.91,0.91,
09/30/2011,3860.0,3188.0,672.0,0.0,0.0,-1394.0,1224.0,1224.0,,170.0,170.0,0.0,2466.0,-2058.0,,566.0,,1492.0,408.0,-156.0,174.0,-2.0,,2.0,176.0,176.0,,,-18.0,252.0,-49.0,203.0,0.0,0.0,0.0,203.0,,203.0,-3.0,0.0,200.0,200.0,0.0,403.0,0.5,0.5,0.5,404.0,0.5,0.5,0.5,
12/31/2011,3815.0,2912.0,903.0,0.0,0.0,-1379.0,998.0,998.0,,381.0,381.0,0.0,2436.0,-2078.0,,567.0,,1511.0,358.0,-180.0,133.0,-40.0,,0.0,173.0,260.0,,,47.0,178.0,-91.0,87.0,0.0,0.0,0.0,87.0,,87.0,-4.0,0.0,83.0,203.9,120.9,407.0,0.203931,0.203931,0.500983,408.0,0.203431,0.203431,0.499755,
03/31/2012,3641.0,2772.0,869.0,0.0,0.0,-1202.0,859.0,859.0,,343.0,343.0,0.0,2439.0,-1952.0,,584.0,,1368.0,487.0,-147.0,173.0,-1.0,,1.0,174.0,174.0,,,-26.0,340.0,-104.0,236.0,0.0,0.0,0.0,236.0,0.0,236.0,-3.0,0.0,233.0,233.0,0.0,414.0,0.56,0.56,0.56,416.0,0.56,0.56,0.56,
06/30/2012,3593.0,2931.0,662.0,0.0,0.0,-1094.0,962.0,962.0,,132.0,132.0,0.0,2499.0,-2032.0,,606.0,,1426.0,467.0,-141.0,173.0,-3.0,,3.0,176.0,176.0,,,-32.0,326.0,-87.0,239.0,0.0,0.0,0.0,239.0,0.0,239.0,-4.0,0.0,235.0,235.0,0.0,423.0,0.56,0.56,0.56,425.0,0.55,0.55,0.55,
09/30/2012,3976.0,3323.0,653.0,0.0,0.0,-1401.0,1283.0,1283.0,,118.0,118.0,0.0,2575.0,-1961.0,,617.0,,1344.0,614.0,-150.0,176.0,-2.0,,2.0,178.0,178.0,,,-26.0,464.0,-100.0,364.0,0.0,0.0,0.0,364.0,0.0,364.0,-3.0,0.0,361.0,361.0,0.0,428.0,0.84,0.84,0.84,429.0,0.84,0.84,0.84,
12/31/2012,3830.0,2993.0,837.0,0.0,0.0,-1326.0,1058.0,1058.0,,268.0,268.0,0.0,2504.0,-2379.0,,465.0,,1914.0,125.0,-188.0,67.0,-108.0,,1.0,175.0,224.0,,,121.0,-63.0,54.0,-9.0,0.0,0.0,0.0,-9.0,0.0,-9.0,-4.0,0.0,-13.0,92.95,105.95,430.0,-0.030233,-0.030233,0.216163,431.0,-0.030233,-0.030233,0.215591,
03/31/2013,3672.0,2799.0,873.0,0.0,0.0,-1329.0,983.0,983.0,,346.0,346.0,0.0,2343.0,-1841.0,,503.0,,1338.0,502.0,-146.0,174.0,-2.0,,2.0,176.0,176.0,,,-28.0,356.0,-114.0,242.0,0.0,0.0,0.0,242.0,0.0,242.0,-3.0,0.0,239.0,239.0,0.0,434.0,0.55,0.55,0.55,435.0,0.55,0.55,0.55,
06/30/2013,3776.0,3059.0,717.0,0.0,0.0,-1368.0,1189.0,1189.0,,179.0,179.0,0.0,2408.0,-1772.0,,516.0,,1256.0,636.0,-151.0,175.0,-2.0,,2.0,177.0,177.0,,,-24.0,485.0,-153.0,332.0,0.0,0.0,0.0,332.0,0.0,332.0,-4.0,0.0,328.0,328.0,0.0,442.0,0.74,0.74,0.74,443.0,0.74,0.74,0.74,
09/30/2013,4175.0,3517.0,658.0,0.0,0.0,-1776.0,1645.0,1645.0,,131.0,131.0,0.0,2399.0,-2108.0,,523.0,,1585.0,291.0,-151.0,177.0,-2.0,,2.0,179.0,191.0,-12.0,,-26.0,140.0,24.0,164.0,0.0,0.0,0.0,164.0,0.0,164.0,-3.0,0.0,161.0,161.0,0.0,446.0,0.36,0.36,0.36,447.0,0.36,0.36,0.36,
12/31/2013,3975.0,3119.0,856.0,0.0,0.0,-1511.0,1199.0,1199.0,,312.0,312.0,0.0,2464.0,-2131.0,,535.0,,1596.0,333.0,-218.0,79.0,-104.0,,3.0,183.0,193.0,-10.0,,139.0,115.0,-25.0,90.0,0.0,0.0,0.0,90.0,0.0,90.0,-4.0,0.0,86.0,188.05,102.05,453.0,0.189845,0.189845,0.415121,454.0,0.189427,0.189427,0.414207,
03/31/2014,3891.0,3001.0,890.0,0.0,0.0,-1570.0,1210.0,1210.0,,360.0,360.0,0.0,2321.0,-1837.0,,538.0,,1299.0,484.0,-163.0,182.0,-3.0,,3.0,185.0,195.0,-10.0,,-19.0,321.0,-91.0,230.0,0.0,0.0,0.0,230.0,0.0,230.0,-3.0,0.0,227.0,227.0,0.0,459.0,0.49,0.49,0.49,460.0,0.49,0.49,0.49,
06/30/2014,3952.0,3233.0,719.0,0.0,0.0,-1549.0,1349.0,1349.0,,200.0,200.0,0.0,2403.0,-1885.0,,557.0,,1328.0,518.0,-143.0,186.0,-2.0,,2.0,188.0,199.0,-11.0,,-43.0,375.0,-104.0,271.0,0.0,0.0,0.0,271.0,0.0,271.0,-4.0,0.0,267.0,267.0,0.0,467.0,0.57,0.57,0.57,469.0,0.57,0.57,0.57,
09/30/2014,4939.0,4012.0,927.0,0.0,0.0,-1916.0,1782.0,1782.0,,134.0,134.0,0.0,3023.0,-1958.0,,671.0,,1287.0,1065.0,-136.0,172.0,-2.0,,2.0,174.0,185.0,-11.0,,-36.0,929.0,-115.0,814.0,0.0,0.0,0.0,814.0,0.0,814.0,-3.0,0.0,811.0,811.0,0.0,472.0,1.72,1.72,1.72,474.0,1.71,1.71,1.71,
12/31/2014,4308.0,3412.0,896.0,0.0,0.0,-1534.0,1247.0,1247.0,,260.0,260.0,0.0,2774.0,-2391.0,,667.0,,1724.0,383.0,-213.0,85.0,-102.0,,2.0,187.0,211.0,-24.0,,128.0,170.0,-35.0,135.0,0.0,0.0,0.0,135.0,0.0,135.0,-4.0,0.0,131.0,212.085,81.085,474.0,0.276371,0.276371,0.447437,477.0,0.274633,0.274633,0.444623,
03/31/2015,3899.0,3013.0,886.0,0.0,0.0,-1274.0,1000.0,78.0,922.0,274.0,274.0,0.0,2625.0,-2554.0,,631.0,,1923.0,71.0,-130.0,188.0,-1.0,,1.0,189.0,202.0,-13.0,,-58.0,-59.0,93.0,34.0,0.0,0.0,0.0,34.0,0.0,34.0,-3.0,0.0,31.0,418.0,387.0,477.0,0.06,0.06,0.87631,481.0,0.06,0.06,0.864574,
06/30/2015,4217.0,3463.0,754.0,0.0,0.0,-1395.0,1277.0,70.0,1207.0,118.0,118.0,0.0,2822.0,-2135.0,,651.0,,1484.0,687.0,-171.0,189.0,-3.0,,3.0,192.0,203.0,-11.0,,-18.0,516.0,-110.0,406.0,0.0,0.0,0.0,406.0,0.0,406.0,-4.0,0.0,402.0,442.0,40.0,480.0,0.84,0.84,0.920833,483.0,0.83,0.83,0.912816,
09/30/2015,4550.0,3868.0,682.0,0.0,0.0,-1731.0,1681.0,76.0,1605.0,50.0,50.0,0.0,2819.0,-2274.0,,653.0,,1621.0,545.0,-168.0,192.0,-2.0,,2.0,194.0,206.0,-12.0,,-24.0,377.0,-67.0,310.0,0.0,0.0,0.0,310.0,0.0,310.0,-3.0,0.0,307.0,412.0,105.0,486.0,0.63,0.63,0.847737,489.0,0.63,0.63,0.844724,
12/31/2015,4167.0,3313.0,854.0,0.0,0.0,-1362.0,1141.0,70.0,1071.0,221.0,221.0,0.0,2805.0,-2600.0,,677.0,,1923.0,205.0,-178.0,88.0,-110.0,,3.0,198.0,210.0,-12.0,,90.0,27.0,111.0,138.0,0.0,0.0,0.0,138.0,0.0,138.0,-4.0,0.0,134.0,247.0,113.0,493.0,0.271805,0.271805,0.501014,496.0,0.270161,0.270161,0.497984,
03/31/2016,3974.0,3131.0,843.0,0.0,0.0,-1172.0,950.0,64.0,886.0,222.0,222.0,0.0,2802.0,-2707.0,,697.0,,2010.0,95.0,-172.0,199.0,-4.0,,4.0,203.0,215.0,-12.0,,-27.0,-77.0,187.0,110.0,0.0,0.0,0.0,110.0,0.0,110.0,-3.0,0.0,107.0,407.0,300.0,493.0,0.22,0.22,0.825558,495.0,0.22,0.22,0.825558,
06/30/2016,4169.0,3465.0,704.0,0.0,0.0,-1231.0,1156.0,43.0,1113.0,75.0,75.0,0.0,2938.0,-2537.0,,699.0,,1838.0,401.0,-179.0,202.0,-5.0,,5.0,207.0,220.0,-13.0,,-23.0,222.0,-12.0,210.0,0.0,0.0,0.0,210.0,0.0,210.0,-4.0,0.0,206.0,330.0,124.0,497.0,0.41,0.41,0.663984,498.0,0.41,0.41,0.658996,
09/30/2016,4810.0,3994.0,816.0,0.0,0.0,-1693.0,1613.0,72.0,1541.0,80.0,80.0,0.0,3117.0,-2477.0,,694.0,,1783.0,640.0,-179.0,203.0,-8.0,,8.0,211.0,225.0,-14.0,,-24.0,461.0,-70.0,391.0,0.0,0.0,0.0,391.0,0.0,391.0,-3.0,0.0,388.0,471.0,83.0,501.0,0.77,0.77,0.94012,503.0,0.77,0.77,0.93501,
12/31/2016,4713.0,3274.0,1439.0,0.0,0.0,-1284.0,1046.0,76.0,970.0,238.0,238.0,0.0,3429.0,-2485.0,,665.0,,1820.0,944.0,-88.0,90.0,-118.0,,6.0,208.0,220.0,-12.0,,-2.0,856.0,-160.0,696.0,0.0,0.0,0.0,696.0,0.0,696.0,-4.0,0.0,692.0,676.0,-16.0,505.0,1.370297,1.370297,1.338614,508.0,1.362205,1.362205,1.330709,
03/31/2017,4268.0,3065.0,1203.0,0.0,0.0,-1172.0,847.0,784.0,63.0,325.0,325.0,0.0,3096.0,-2229.0,,712.0,,1517.0,867.0,-179.0,213.0,-5.0,,5.0,218.0,226.0,-8.0,,-34.0,688.0,-109.0,579.0,0.0,0.0,0.0,579.0,0.0,579.0,-3.0,0.0,576.0,544.0,-32.0,508.0,1.13,1.13,1.070866,511.0,1.13,1.13,1.06,
06/30/2017,4250.0,3323.0,927.0,0.0,0.0,-1244.0,1123.0,44.0,1079.0,121.0,121.0,0.0,3006.0,-2271.0,,712.0,,1559.0,735.0,-191.0,217.0,-8.0,,8.0,225.0,255.0,-30.0,,-26.0,544.0,-134.0,410.0,0.0,0.0,0.0,410.0,0.0,410.0,-4.0,0.0,406.0,440.0,34.0,511.0,0.79,0.79,0.861057,513.0,0.79,0.79,0.856277,
09/30/2017,4517.0,3648.0,869.0,0.0,0.0,-1544.0,1466.0,74.0,1392.0,78.0,78.0,0.0,2973.0,-2087.0,,710.0,,1377.0,886.0,-173.0,211.0,-9.0,,9.0,220.0,220.0,,,-38.0,713.0,-160.0,553.0,0.0,0.0,0.0,553.0,0.0,553.0,-3.0,0.0,550.0,578.0,28.0,513.0,1.07,1.07,1.126706,516.0,1.07,1.07,1.124264,
12/31/2017,4100.0,3088.0,1012.0,0.0,0.0,-1095.0,4128.0,4128.0,,222.0,222.0,0.0,3005.0,-2588.0,,720.0,,1868.0,417.0,-191.0,127.0,-98.0,,9.0,225.0,236.0,-11.0,,64.0,226.0,-108.0,118.0,0.0,0.0,0.0,118.0,0.0,118.0,-4.0,0.0,114.0,327.0,213.0,512.0,0.221359,0.221359,0.634951,513.0,0.221359,0.221359,0.634951,
03/31/2018,4056.0,2951.0,1105.0,0.0,0.0,-1108.0,819.0,66.0,753.0,289.0,289.0,0.0,2948.0,-2349.0,,752.0,,1597.0,599.0,-103.0,211.0,-9.0,,9.0,220.0,233.0,-13.0,,-108.0,496.0,-51.0,445.0,0.0,0.0,0.0,445.0,0.0,445.0,-3.0,0.0,442.0,468.0,26.0,515.0,0.86,0.86,0.908738,516.0,0.86,0.86,0.908738,
06/30/2018,4234.0,3312.0,922.0,0.0,0.0,-1042.0,963.0,963.0,,79.0,79.0,0.0,3192.0,-4657.0,,746.0,,3911.0,-1465.0,-108.0,214.0,-12.0,,12.0,226.0,226.0,,,-106.0,-1573.0,593.0,-980.0,0.0,0.0,0.0,-980.0,0.0,-980.0,-4.0,0.0,-984.0,601.96,1585.96,516.0,-1.91,-1.91,1.166589,516.0,-1.91,-1.91,1.163566,
09/30/2018,4381.0,3466.0,915.0,0.0,0.0,-1325.0,1256.0,82.0,1174.0,69.0,69.0,0.0,3056.0,-2360.0,,759.0,,1601.0,696.0,-114.0,218.0,-14.0,,14.0,232.0,232.0,,,-104.0,582.0,-15.0,567.0,0.0,0.0,0.0,567.0,0.0,567.0,-3.0,0.0,564.0,583.0,19.0,517.0,1.09,1.09,1.12766,517.0,1.09,1.09,1.12675,
12/31/2018,4088.0,2984.0,1104.0,0.0,0.0,-1024.0,3636.0,3636.0,,234.0,234.0,0.0,3064.0,-12594.0,,779.0,,11815.0,-9530.0,-104.0,81.0,-170.0,,41.0,251.0,304.0,,,23.0,-9634.0,2765.0,-6869.0,0.0,0.0,0.0,-6869.0,0.0,-6869.0,-4.0,0.0,-6873.0,635.0,7508.0,517.0,-13.217308,-13.217308,1.221154,517.0,-13.217308,-13.217308,1.221154,
03/31/2019,4011.0,2792.0,1219.0,0.0,0.0,-938.0,599.0,100.0,499.0,339.0,339.0,0.0,3073.0,-2884.0,,797.0,,2087.0,189.0,-137.0,81.0,-22.0,,22.0,103.0,103.0,,,56.0,52.0,84.0,136.0,0.0,0.0,0.0,136.0,0.0,136.0,0.0,0.0,136.0,547.0,411.0,526.0,0.25,0.25,1.039924,527.0,0.25,0.25,1.029886,
06/30/2019,3943.0,2946.0,997.0,0.0,0.0,-945.0,837.0,837.0,,108.0,108.0,0.0,2998.0,-6638.0,,796.0,,5842.0,-3640.0,-28.0,38.0,-22.0,,22.0,60.0,60.0,,,-10.0,-3668.0,1119.0,-2549.0,0.0,0.0,0.0,-2549.0,0.0,-2549.0,-4.0,0.0,-2553.0,581.0,3134.0,529.0,-4.83,-4.83,1.098299,529.0,-4.83,-4.83,1.094386,
09/30/2019,4432.0,3554.0,878.0,0.0,0.0,-1138.0,1070.0,69.0,1001.0,68.0,68.0,0.0,3294.0,-5667.0,,840.0,,4827.0,-2373.0,28.0,34.0,-18.0,,18.0,52.0,52.0,,,-62.0,-2345.0,729.0,-1616.0,0.0,0.0,0.0,-1616.0,0.0,-1616.0,-3.0,0.0,-1619.0,602.0,2221.0,529.0,-3.06,-3.06,1.137996,529.0,-3.06,-3.06,1.137996,
12/31/2019,4743.0,3448.0,1295.0,0.0,0.0,-808.0,589.0,589.0,,219.0,219.0,0.0,3935.0,-8205.0,,801.0,,7404.0,-4270.0,-811.0,699.0,-20.0,,20.0,719.0,719.0,,,112.0,-5081.0,1468.0,-3613.0,0.0,0.0,0.0,-3613.0,0.0,-3613.0,-7.0,0.0,-3620.0,660.34,4280.34,528.0,-6.856061,-6.856061,1.250644,528.0,-6.856061,-6.856061,1.250644,
03/31/2020,4306.0,3040.0,1266.0,0.0,0.0,-829.0,545.0,72.0,473.0,284.0,284.0,0.0,3477.0,-2822.0,,855.0,,1967.0,655.0,-317.0,238.0,-16.0,,16.0,254.0,254.0,,,79.0,338.0,36.0,374.0,0.0,0.0,0.0,374.0,0.0,374.0,-3.0,0.0,371.0,576.0,205.0,529.0,0.7,0.7,1.088847,648.0,0.57,0.57,0.886358,
06/30/2020,4533.0,3435.0,1098.0,0.0,0.0,-893.0,759.0,759.0,,134.0,134.0,0.0,3640.0,-3358.0,,874.0,,2484.0,282.0,-1711.0,187.0,-12.0,,12.0,199.0,199.0,,,1524.0,-1429.0,-539.0,-1968.0,0.0,0.0,0.0,-1968.0,0.0,-1968.0,-4.0,0.0,-1972.0,3580.0,5552.0,529.0,-3.73,-3.73,6.767486,529.0,-3.73,-3.73,6.765274,
09/30/2020,4805.0,,,,,,,,,,,,,,,,,,238.0,,,,,,,,,,,,,553.0,,,,,,553.0,,,553.0,553.0,,,0.175,0.175,0.295,,0.175,0.175,0.295,
12/31/2020,5142.5,,,,,,,,,,,,,,,,,,654.0,,,,,,,,,,,,,322.0,,,,,,322.0,,,322.0,322.0,,,0.14,0.14,0.235,,0.14,0.14,0.235,
