Date,Revenue,Rental Income,Base Rent,Recoveries from Tenants,Percentage Rent,Other Rental Income,Real Estate Sales,Com & Fee Earn/Inc from REO,Mortgage Income,Other Operating Income,Operating Expenses,Property Operating Expenses,General & Administrative,Depreciation & Amortization,Provision for Loan Losses,Cost of Real Estate Sold,Other Operating Expenses,Operating Income (Loss),Non-Operating (Income) Loss,Interest Expense,(Income) Loss from Affiliates,Other Non-Op (Income) Loss,Pretax Income,Income Tax Expense (Benefit),Income (Loss) from Cont Ops,Net Extraordinary Losses (Gains),Discontinued Operations,XO & Accounting Changes,Income (Loss) Incl. MI,Minority Interest,"Net Income, GAAP",Preferred Dividends,Other Adjustments,"Net Income Avail to Common, GAAP","Net Income Avail to Common, Adj",Net Abnormal Losses (Gains),Basic Weighted Avg Shares,"Basic EPS, GAAP",Basic EPS from Cont Ops,"Basic EPS from Cont Ops, Adjusted",Diluted Weighted Avg Shares,"Diluted EPS, GAAP",Diluted EPS from Cont Ops,"Diluted EPS from Cont Ops, Adjusted",FFO Reconciliation,D&A of Con Real Estate,D&A of Uncon Real Estate,D&A from Disc Ops,Impairment of Assets,Income from Uncon JVs,Disposal of Con Assets,Disposal of Uncon Assets,Income Taxes from Sale of Assets,Other FFO Adjustments,Funds from Operations,Other Abnormal Gains/(Losses),Adjusted Funds from Operations,Straight-Line Rent,Stock-Based Compensation,Amortization of Financing Costs,Recurring Capital Expenditure,Accounting Adjustments,Tenant Improv & Leasing Com,Funds Available For Distribution,AFFO Per Diluted Share,FAD Per Diluted Share,Dividend Per Share,AFFO Payout Ratio,FAD Payout Ratio,FFO Payout Ratio,Source: Bloomberg
03/31/1994,23.617001,19.715,,,,,,0.0,0.0,3.902,-6.421,1.931,0.0,4.49,0.0,,0.0,17.196,-5.02,5.02,,0.0,12.176,0.0,,0.0,,,12.176,,11.252,0.0,,11.252,11.252,,53.306,0.21,0.21,0.21,53.306,0.21,0.21,0.21,,,,,,,,,,,15.602,,15.602,,,,,,,15.602,0.292688,0.292688,0.24,81.998715,81.998715,81.995898,
06/30/1994,25.389,20.388,,,,,,0.0,0.0,5.001,-6.236,1.863,0.0,4.373,0.0,,0.0,19.153,-5.008,5.008,,0.0,14.145,0.0,,0.0,,,14.145,,13.208,0.0,,13.208,13.208,,53.34,0.25,0.25,0.25,53.34,0.25,0.25,0.25,,,,,,,,,,,17.465,,17.465,,,,,,,17.465,0.327428,0.327428,0.245,74.825652,74.825652,74.823932,
09/30/1994,24.525,20.368,,,,,,0.0,0.0,4.157,-6.225,1.798,0.0,4.427,0.0,,0.0,18.300001,-5.03,5.03,,0.0,13.27,0.0,,0.0,,,13.27,,12.417,0.0,,12.417,12.417,,53.344002,0.23,0.23,0.23,53.344002,0.23,0.23,0.23,,,,,,,,,,,16.704,,16.704,,,,,,,16.704,0.313137,0.313137,0.25,79.837165,79.837165,79.837165,
12/31/1994,25.465,21.047001,,,,,,0.0,0.0,4.418,-6.419,2.188,0.0,4.231,0.0,,0.0,19.046,-5.075,5.075,,0.0,13.971,0.0,,0.0,,,13.971,,13.1,0.0,,13.1,13.1,,53.470001,0.245,0.245,0.245,53.470001,0.245,0.245,0.245,,,,,,,,,,,17.195,,17.195,,,,,,,17.195,0.321582,0.321582,0.255,79.295436,79.295436,79.290492,
03/31/1995,26.728001,22.016001,,,,,,0.0,0.0,4.712,-6.644,2.137,0.0,4.507,0.0,,0.0,20.084,-5.346,5.346,,0.0,14.738,0.0,,0.0,,,14.738,,13.756,0.0,,13.756,13.756,,55.501999,0.25,0.25,0.25,55.501999,0.25,0.25,0.25,,,,,,,,,,,17.591999,,17.591999,,,,,,,17.591999,0.316962,0.316962,0.26,82.028877,82.028877,79.160984,
06/30/1995,25.910999,21.513,,,,,,0.0,0.0,4.398,-6.502,1.63,0.0,4.872,0.0,,0.0,19.409,19.421999,4.128,,-23.549999,38.830999,0.0,,0.0,,,38.830999,,37.866001,0.0,,37.866001,37.866001,,57.063999,0.665,0.665,0.665,57.063999,0.665,0.665,0.665,,,,,,,,,,,18.299999,,18.299999,,,,,,,18.299999,0.320693,0.320693,0.265,82.633659,82.633659,82.661205,
09/30/1995,26.274,21.384001,,,,,,0.0,0.0,4.89,-6.101,1.279,0.0,4.822,0.0,,0.0,20.173,-4.643,4.643,,0.0,15.53,0.0,,0.0,,,15.53,,14.644,0.0,,14.644,14.644,,57.088001,0.255,0.255,0.255,57.088001,0.255,0.255,0.255,,,,,,,,,,,18.777,,18.777,,,,,,,18.777,0.328913,0.328913,0.27,82.088516,82.088516,82.089786,
12/31/1995,26.783001,21.882,,,,,,0.0,0.0,4.901,-6.715,1.708,0.0,5.007,0.0,,0.0,20.068,-5.222,5.222,,0.0,14.846,0.0,,0.0,,,14.846,,14.0,0.0,,14.0,14.0,,57.130001,0.245,0.245,0.245,57.130001,0.245,0.245,0.245,,,,,,,,,,,18.243,,18.243,,,,,,,18.243,0.319324,0.319324,0.275,86.119337,86.119337,86.148109,
03/31/1996,28.943001,24.966,,,,,,0.0,0.0,3.977,-7.005,1.752,0.0,5.253,0.0,,0.0,21.938001,-6.293,6.293,,0.0,15.645,0.0,,0.0,,,15.645,,14.601,0.0,,14.601,14.601,,57.214001,0.255,0.255,0.255,57.214001,0.255,0.255,0.255,,,,,,,,,,,19.205,,19.205,,,,,,,19.205,0.33567,0.33567,0.28,83.415362,83.415362,83.587605,
06/30/1996,30.586,26.475,,,,,,0.0,0.0,4.111,-7.495,1.802,0.0,5.693,0.0,,0.0,23.091001,-6.609,6.609,,0.0,16.482,0.0,,0.0,,,16.482,,15.591,0.0,,15.591,15.591,,57.324001,0.27,0.27,0.27,57.324001,0.27,0.27,0.27,,,,,,,,,,,20.429001,,20.429001,,,,,,,20.429001,0.356378,0.356378,0.285,79.971313,79.971313,79.989226,
09/30/1996,29.877001,25.969,,,,,,0.0,0.0,3.908,-7.475,1.612,0.0,5.863,0.0,,0.0,22.402,-6.736,6.736,,0.0,15.666,0.0,,0.0,,,15.666,,15.028,0.0,,15.028,15.028,,57.334,0.26,0.26,0.26,57.334,0.26,0.26,0.26,,,,,,,,,,,19.934999,,19.934999,,,,,,,19.934999,0.347699,0.347699,0.29,83.405367,83.405367,84.845749,
12/31/1996,30.987,27.216999,,,,,,0.0,0.0,3.77,-8.0,1.66,0.0,6.34,0.0,,0.0,22.987001,-6.763,6.763,,0.0,16.224001,0.0,,0.0,,,16.224001,,15.421,0.0,,15.421,15.421,,57.349998,0.27,0.27,0.27,57.349998,0.27,0.27,0.27,,,,,,,,,,,20.948,,20.948,,,,,,,20.948,0.365266,0.365266,0.295,80.763074,80.763074,79.229521,
03/31/1997,30.867001,27.224001,,,,,0.0,0.0,3.643,0.0,-8.015,0.0,0.0,6.234,0.0,,1.781,22.852,-4.715,6.762,0.0,-2.047,18.137,0.0,,0.0,,,18.137,,17.118999,0.0,,17.118999,17.118999,,57.402,0.3,0.3,0.3,63.026001,0.295,0.295,0.295,,,,,,,,,,,20.362,,20.362,,,,,,,20.362,0.323073,0.323073,0.3,92.858273,92.858273,84.593855,
06/30/1997,31.750999,28.159,,,,,0.0,0.0,3.592,0.0,-8.156,0.0,0.0,6.301,0.0,,1.855,23.594999,-7.198,7.198,0.0,0.0,16.396999,0.0,,0.0,,,16.396999,,15.394,0.0,,15.394,15.394,,57.424,0.27,0.27,0.27,57.424,0.27,0.27,0.27,,,,,,,,,,,20.691999,,20.691999,,,,,,,20.691999,0.360337,0.360337,0.305,84.642958,84.642958,84.651079,
09/30/1997,32.306999,28.775,,,,,0.0,0.0,3.532,0.0,-8.396,0.0,0.0,6.521,0.0,,1.875,23.911001,-7.447,7.447,0.0,0.0,16.464001,0.0,,0.0,,,16.464001,,15.619,-0.066,,15.553,15.553,,57.442001,0.27,0.27,0.27,57.442001,0.27,0.27,0.27,,,,,,,,,,,21.077,,21.077,,,,,,,21.077,0.366927,0.366927,0.31,84.485557,84.485557,84.485456,
12/31/1997,33.577999,29.811001,,,,,0.0,0.0,3.767,0.0,-8.898,0.162,0.0,6.833,0.0,,1.903,24.680001,-7.185,7.185,0.0,0.0,17.495001,0.0,,0.0,,,17.495001,,16.657,-1.181,,15.476,15.476,,57.981998,0.265,0.265,0.265,57.981998,0.265,0.265,0.265,,,,,,,,,,,21.311001,,21.311001,,,,,,,21.311001,0.367545,0.367545,0.315,85.703762,85.703762,85.078128,
03/31/1998,36.334,31.489,,,,,0.0,0.0,4.845,0.0,-10.091,0.0,0.0,7.422,0.0,,2.669,26.242999,-7.617,7.617,0.0,0.0,18.625999,0.0,,0.0,,,18.625999,,17.478001,-1.181,,16.297001,16.297001,,60.474,0.27,0.27,0.27,66.442002,0.27,0.27,0.27,,,,,,,,,,,22.714001,,22.714001,,,,,,,22.714001,0.341862,0.341862,0.32,93.605,93.605,85.224968,
06/30/1998,37.948002,32.938999,,,,,0.0,0.0,5.009,0.0,-10.842,0.948,0.0,7.962,0.0,,1.932,27.106001,-8.307,8.819,0.0,-0.512,18.799001,0.0,,0.0,,,18.799001,,17.726999,-1.181,,16.545999,16.545999,,61.578,0.27,0.27,0.27,63.418,0.265,0.265,0.265,,,,,,,,,,,23.552,,23.552,,,,,,,23.552,0.371377,0.371377,0.325,87.512101,87.512101,85.45346,
09/30/1998,42.166,35.557999,,,,,0.0,0.0,6.608,0.0,-12.32,1.466,0.0,8.366,0.0,,2.488,29.846,-4.061,10.291,0.0,-6.23,25.785,0.0,,0.0,,,25.785,,24.896,-2.06,,22.836,22.836,,61.93,0.37,0.37,0.37,67.737998,0.36,0.36,0.36,,,,,,,,,,,24.306999,,24.306999,,,,,,,24.306999,0.358838,0.358838,0.33,91.963386,91.963386,84.09923,
12/31/1998,45.101002,38.452999,,,,,0.0,0.0,6.648,0.0,-12.889,2.639,0.0,8.773,0.0,,1.477,32.212001,-2.715,10.026,0.0,-7.311,29.497001,0.0,,0.0,,,29.497001,,27.066,-4.11,,22.956,22.956,,61.970001,0.37,0.37,0.37,67.718002,0.365,0.365,0.365,,,,,,,,,,,25.681999,,25.681999,,,,,,,25.681999,0.379249,0.379249,0.335,88.33242,88.33242,80.803681,
03/31/1999,49.620998,43.603001,,,,,,,,6.018,-16.442,3.751,,10.176,,,2.515,33.179,-12.36,12.36,,,20.819,,,,,,,,19.378,-4.109,,15.269,15.269,,62.042,0.245,0.245,0.245,62.237999,0.245,0.245,0.245,,,,,,,,,,,24.990999,,24.990999,,,,,,,24.990999,0.401539,0.401539,0.34,84.674165,84.674165,84.466408,
06/30/1999,51.812,45.454,,,,,0.0,0.0,0.0,6.358,-17.361,4.007,0.0,10.888,0.0,,2.466,34.451,-13.231,13.383,0.0,-0.152,21.22,0.0,,0.0,,,21.22,,19.676,-4.11,,15.566,15.566,,63.36,0.245,0.245,0.245,63.582,0.245,0.245,0.245,,,,,,,,,,,51.062,,51.062,,,,,,,51.062,0.803089,0.803089,0.345,42.959128,42.959128,84.636324,
09/30/1999,52.217999,45.582001,,,,,,,,6.636,-17.59,4.136,,10.995,,,2.459,34.628,-3.602,13.753,,-10.151,31.026,,,,,,,,30.173,-4.109,,26.064,26.064,,64.089996,0.405,0.405,0.405,70.912003,0.4,0.4,0.4,,,,,,,,,,,26.546,,26.546,,,,,,,26.546,0.374351,0.374351,0.35,93.495069,93.495069,247.302807,
12/31/1999,71.140625,64.931,,,,,0.0,0.0,6.211,0.0,-24.301,6.056,0.0,15.801,0.0,,2.444,46.841,-18.205,18.205,0.0,0.0,28.636,0.0,,0.0,,,28.636,,26.997999,-5.447,,21.550999,21.550999,,88.585999,0.245,0.245,0.245,88.627998,0.245,0.245,0.245,,,,,,,,,,,36.911999,,36.911999,,,,,,,36.911999,0.416482,0.416482,0.355,85.237699,85.237699,84.899221,
03/31/2000,78.53,72.94,,,,,,,,5.59,-27.364,6.699,3.519,17.146,,,,51.166,-20.321,21.214,,-0.893,30.845,,,,,,,,29.432,-6.225,,23.207,23.207,,102.57,0.225,0.225,0.225,102.6,0.225,0.225,0.225,,,,,,,,,,,39.947,,39.947,,,,,,,39.947,0.389347,0.389347,0.36,92.462513,92.462513,92.467519,
06/30/2000,84.092003,78.259003,,,,,0.0,0.0,5.833,0.0,-27.42,6.753,3.22,17.447001,0.0,,0.0,56.672001,-18.506,21.535,0.0,-3.029,38.166001,0.0,,0.0,,,38.166001,,36.501999,-6.225,,30.276999,30.276999,,102.138,0.295,0.295,0.295,102.185997,0.295,0.295,0.295,,,,,,,,,,,43.351002,,43.351002,,,,,,,43.351002,0.424236,0.424236,0.365,86.036974,86.036974,85.995703,
09/30/2000,83.688004,78.084,,,,,0.0,0.0,5.604,0.0,-29.932001,7.201,3.27,17.461,0.0,,2.0,52.348999,-21.586999,22.007999,0.0,-0.421,30.762,0.0,,-0.065,,,30.827,,30.908001,-6.225,,24.683001,24.683001,,101.924004,0.245,0.245,0.245,102.054001,0.24,0.24,0.24,,,,,,,,,,,42.250999,,42.250999,,,,,,,42.250999,0.414006,0.414006,0.37,89.370622,89.370622,89.257064,
12/31/2000,83.178001,77.227997,,,,,0.0,0.0,5.95,0.0,-30.877999,7.085,3.257,20.535999,0.0,,0.0,52.299999,-14.368,21.99,0.0,-7.622,37.932,0.0,,0.0,,,37.932,,36.605999,-6.225,,30.380999,30.380999,,101.0,0.295,0.295,0.295,102.0,0.3,0.3,0.3,,,,,,,,,,,43.799,,43.799,,,,,,,43.799,0.429402,0.429402,0.375,87.330761,87.330761,87.196059,
03/31/2001,76.59,71.271,,,,,,,,5.319,-29.018,7.201,3.256,18.561,,,,47.572,-20.996,20.996,,,26.576,,,-0.785,,,,,26.024,-6.225,,19.799,19.799,,101.926,0.195,0.195,0.195,102.386,0.195,0.195,0.195,,,,,,,,,,,39.418,,39.418,,,,,,,39.418,0.384994,0.384994,0.38,98.702826,98.702826,98.282511,
06/30/2001,83.414,78.066,,,,,,,,5.348,-27.932,7.193,3.509,17.23,,,,55.482,-20.123,19.553,,0.57,35.359,,,-1.139,,,,,34.9,-6.225,,28.675,28.675,,106.324,0.27,0.27,0.27,106.778,0.27,0.27,0.27,,,,,,,,,,,,,,,,,,,,,,,0.385,,,,
09/30/2001,83.385,77.952,,,,,,,,5.433,-28.078,7.386,3.221,17.471,,,,55.307,-24.061,18.871,,5.19,31.246,,,5.484,,,,,24.073,-6.225,,17.848,17.848,,110.72,0.16,0.16,0.16,111.248,0.16,0.16,0.16,,,,,,,,,,,,,,,,,,,,,,,0.39,,,,
12/31/2001,85.508003,79.754997,,,,,0.0,0.0,5.753,0.0,-29.235999,7.947,3.253,18.035999,0.0,,0.0,56.271999,-18.132,19.069,0.0,-0.937,38.139999,0.0,,0.0,,,38.139999,,36.168999,-6.225,,29.943999,29.943999,,111.919998,0.27,0.27,0.27,112.206002,0.265,0.265,0.265,,,,,,,,,,,53.761002,,53.761002,,,,,,,53.761002,0.479128,0.479128,0.395,82.441489,82.441489,82.172944,
03/31/2002,79.704,74.195,,,,,0.0,0.0,0.0,5.509,-28.985,7.288,4.145,17.552,0.0,,0.0,50.719,-17.469,17.469,0.0,0.0,33.25,0.0,,0.842,,,32.408,,30.409,-6.225,,24.184,24.184,,113.474,0.215,0.215,0.215,114.05,0.21,0.21,0.21,,,,,,,,,,,43.911,,43.911,,,,,,,43.911,0.385015,0.385015,0.4,103.891963,103.891963,103.367266,
06/30/2002,87.609,82.554,,,,,,,,5.055,-29.83,7.23,4.393,18.207,,,,57.779,-18.219,18.219,,,39.56,,,-3.025,,,,,40.355,-6.225,,34.13,34.13,,114.638,0.3,0.275,0.275,115.252,0.295,0.27,0.27,,,,,,,,,,,52.149,,52.149,,,,,,,52.149,0.452478,0.452478,0.405,89.507105,89.507105,89.030259,
09/30/2002,89.427,84.09,,,,,,,,5.337,-31.302,8.337,4.102,18.863,,,,58.125,-20.367,20.367,,,37.758,,,-1.533,,,,,37.242,-6.225,,31.017,31.017,,116.408,0.265,0.25,0.25,116.832,0.265,0.25,0.25,,,,,,,,,,,-95.913102,,-95.913102,,,,,,,-95.913102,-0.820949,-0.820949,0.41,,,,
12/31/2002,94.853996,84.571999,,,,,0.0,0.0,10.282,0.0,-34.111,8.705,6.093,19.313,0.0,,0.0,60.742998,-20.881,21.719,-0.838,0.0,39.861998,0.0,,8.37,,,31.491998,,29.374001,-6.225,,23.149001,23.149001,,117.466004,0.195,0.265,0.265,119.484002,0.195,0.265,0.265,,,,,,,,,,,53.761002,,53.761002,,,,,,,53.761002,0.449943,0.449943,0.415,92.233885,92.233885,91.090194,
03/31/2003,75.765,75.765,,,,,,,,,-30.883,7.32,5.242,18.321,,,,44.882,-11.399,21.541,-0.142,-10.0,33.483,,,3.824,,,,,27.664,-6.225,,21.439,21.439,,238.316,0.09,0.105,0.105,240.088,0.09,0.105,0.105,,,,,,,,,,,49.006,,49.006,,,,,,,49.006,0.204117,0.204117,0.2075,101.657471,101.657471,100.907175,
06/30/2003,92.417,82.724,,,,,,,,9.693,-31.467,7.415,5.662,18.39,,,,60.95,-22.411,22.411,,,38.539,,,-0.639,,,,,36.914,-4.848,,43.837,43.837,,242.912,0.085,0.08,0.08,244.872,0.085,0.08,0.08,,,,,,,,,,,44.088,,44.088,,,,,,,44.088,0.180045,0.180045,0.2075,115.248911,115.248911,114.326438,
09/30/2003,96.574,82.282,,,,,,,,14.292,-31.508,7.763,5.516,18.229,,,,65.066,-21.543,21.833,-0.29,,43.523,,,-8.124,,,,,49.609,-4.147,,52.244,52.244,,252.616,0.155,0.12,0.12,255.724,0.15,0.12,0.12,,,,,,,,,,,-93.094,,-93.094,,,,,,,-93.094,-0.364041,-0.364041,0.2075,,,,
12/31/2003,107.76,93.177,,,,,,,,14.583,-41.18,11.961,8.311,20.908,,,,66.58,-23.044,23.389,-2.435,2.09,43.536,,,-4.316,,,,,44.398,-2.963,,41.435,41.435,,129.224,0.32,0.32,0.285,131.02,0.315,0.315,0.285,,,,,,,,,,,64.463997,,64.463997,,,,,,,64.463997,0.492016,0.492016,0.2075,42.173386,42.173386,41.59528,
03/31/2004,87.701,87.701,,,,,,,,,-36.935,9.049,7.302,20.584,,,,50.766,-11.63,22.021,-1.237,-9.154,39.136,,,-10.564,,,,,46.835,-5.283,,41.552,41.552,,130.739,0.32,0.24,0.24,132.7,0.31,0.23,0.23,,,,,,,,,,,,,,,,,,,,,,,0.4175,,,,
06/30/2004,107.186,95.35,,,,,,,,11.836,-39.662,10.192,8.394,21.076,,,,67.524,-21.834,20.618,,1.216,45.69,,,0.817,,,,,41.584,-5.282,,36.302,36.302,,131.653,0.28,0.28,0.28,132.856,0.27,0.28,0.28,,,,,,,,,,,,,,,,,,,,,,,0.4175,,,,
09/30/2004,111.685,100.304,,,,,,,,11.381,-43.126,10.581,9.657,22.888,,,,68.559,-29.372,23.233,0.459,5.68,39.187,,,1.751,,,,,34.49,-5.282,,29.208,29.208,,132.182,0.22,0.23,0.23,133.584,0.22,0.23,0.23,,,,,,,,,,,,,,,,,,,,,,,0.4175,,,,
12/31/2004,102.518,97.979,,,,,0.0,0.0,6.078002,4.539,-44.578,12.662,11.368,20.548,0.0,,0.0,57.94,-15.568,21.689,-0.53,-5.591,42.372,0.0,,-6.863,,,49.235,,46.131,-5.283,,40.848,40.848,,132.84,0.31,0.26,0.26,134.308,0.3,0.26,0.26,,,,,,,,,,,62.794,,62.794,,,,,,,62.794,0.467537,0.467537,0.416,88.976858,88.976858,88.322419,
03/31/2005,107.036,101.857,,,,,0.0,0.0,0.0,5.179,-44.084,13.301,7.319,23.464,0.0,,0.0,62.952,-23.027,23.238,-0.211,0.0,39.925,0.0,,-6.68,,,46.605,,43.458,-5.283,,38.175,38.175,,133.492,0.29,0.24,0.24,134.529,0.28,0.23,0.23,,,,,,,,,,,61.034,,61.034,,,,,,,61.034,0.453687,0.453687,0.42,92.574925,92.574925,91.861323,
06/30/2005,116.237,110.137,,,,,0.0,0.0,0.0,6.1,-50.886,15.388,8.827,26.671,0.0,,0.0,65.351,-25.372,25.372,0.0,0.0,39.979,0.0,,-6.099,,,46.078,,43.047,-5.283,,37.764,37.764,,134.445,0.28,0.24,0.24,135.214,0.28,0.23,0.23,,,,,,,,,,,5.38,,5.38,,,,,,,5.38,0.039789,0.039789,0.42,1055.573978,1055.573978,1049.570632,
09/30/2005,119.755,111.948,,,,,0.0,0.0,0.0,7.807,-47.364,13.373,7.301,26.69,0.0,,0.0,72.391,-28.793,28.262,0.531,0.0,43.598,0.0,,-4.858,,,48.456,,45.041,-5.282,,39.759,39.759,,135.225,0.29,0.26,0.26,136.135,0.29,0.26,0.26,,,,,,,,,,,68.767,,68.767,,,,,,,68.767,0.505138,0.505138,0.42,83.145549,83.145549,82.58976,
12/31/2005,79.882,72.862,,,,,0.0,3.184,0.0,3.836,-43.713,17.254,8.422,18.037,0.0,,0.0,36.169,-31.132,30.329,0.803,0.0,5.037,0.0,,-39.831,,,44.868,,41.511,-5.282,,36.229,36.229,,135.536,0.27,0.17,0.17,136.366,0.27,0.17,0.17,,,,,,,,,,,68.177,,68.177,,,,,,,68.177,0.499956,0.499956,0.42,84.007393,84.007393,115.964269,
03/31/2006,120.884,106.137,,,,,0.0,1.054,0.0,13.693,-53.327,17.445,8.49,27.392,0.0,,0.0,67.557,-28.232,32.054,-3.822,0.0,39.325,0.0,52.605,-22.34,,,61.665,3.777,57.888,-5.283,-1.849,52.605,52.605,,136.04,0.39,0.22,0.22,136.856,0.38,0.22,0.22,,27.392,,3.464,,-3.822,-8.591,,,-1.859,72.966,,72.966,-2.604,,,,1.261,-4.485,65.289,0.509931,0.456279,0.425,83.34464,93.14471,79.238275,
06/30/2006,116.232,109.894,,,,,0.0,0.943,0.0,5.395,-54.514,19.143,8.396,26.975,0.0,,0.0,61.718,-30.771,33.485,-2.714,0.0,30.947,0.0,36.284,-14.79,,,45.737,4.17,41.567,-5.283,4.473,36.284,36.284,,136.484,0.27,0.16,0.16,137.192,0.26,0.16,0.16,,25.077,,7.104,,-2.714,-2.282,,,-2.901,64.738,,64.738,-2.394,,,,1.79,-5.057,63.55,0.451907,0.443615,0.425,94.045808,95.803895,89.600698,
09/30/2006,119.815,112.234,,,,,0.0,0.678,0.0,6.903,-55.942,19.902,8.261,27.779,0.0,,0.0,63.873,-35.683,36.727,-1.044,0.0,28.19,0.0,,-52.139,,,80.329,,76.818,-5.282,0.547,71.536,71.536,,136.682,0.52,0.14,0.14,137.578,0.52,0.14,0.14,,,,,,,,,,,,,,-2.786,,,,1.724,-0.86591,,,,0.425,,,,
12/31/2006,177.96,187.723,,,,,0.0,1.22,15.008,-25.991,-104.849,32.031,22.048,50.77,0.0,,0.0,73.111,-77.613,109.603,-0.751,-31.239,-4.502,0.0,235.992,-249.123,,,244.621,3.347,241.274,-5.282,12.496,235.992,235.992,,183.736,1.28,-0.04,-0.02,183.736,1.28,-0.04,-0.02,,53.184,,5.06,,-0.751,-228.682,,,-2.521,65.629,,65.629,-13.287,,,,11.381,6.929,83.148,0.354219,0.448774,0.425,119.982249,94.702398,109.359353,
03/31/2007,213.644,207.406,,,,,0.0,6.238,,0.0,-120.648,42.218,20.107,58.323,0.0,,0.0,92.996,-63.064,78.744,-1.214,-14.466,29.932,-0.467,140.005,-121.058,,,150.523,5.235,145.288,-5.283,8.048,140.005,140.005,,204.0,0.69,0.09,0.09,205.909,0.68,0.09,0.09,,58.323,,6.05,,-1.214,-104.045,,,-1.916,102.438,,102.438,-9.251,,,,4.194,-8.091,97.338,0.483707,0.459625,0.445,91.997857,96.818062,88.619458,
06/30/2007,206.846,202.626,,,,,0.0,4.22,,0.0,-111.168,37.212,17.29,56.666,0.0,,0.0,95.678,-42.808,72.973,-1.302,-28.863,52.87,0.395,66.001,-24.758,,,78.023,6.739,71.284,-5.283,-1.14522,66.001,66.001,,205.755,0.32,0.2,0.2,207.024,0.32,0.2,0.2,,55.488,,7.715,,-1.302,-12.212,,,-2.024,120.405,,120.405,-14.071,,,,3.619,-6.396,102.41178,0.561412,0.477515,0.445,79.264366,93.190705,76.044163,
09/30/2007,243.579,241.977,,,,,0.0,1.602,0.0,0.0,-136.831,49.914,16.499,70.418,0.0,,0.0,106.748,-80.927,103.707,-1.242,-21.538,25.821,0.318,316.866,-302.027,,,328.166,6.018,322.148,-5.282,10.205,316.866,316.866,,206.186,1.54,0.07,0.07,207.07,1.53,0.07,0.07,,81.604,,-7.3,,-1.242,-286.153,,,-0.786,109.007,,109.007,-20.59,,,,11.585,-12.933,97.274,0.511962,0.456857,0.445,86.920473,97.404651,84.171448,
12/31/2007,254.281,237.947,,,,,0.0,1.519,14.815,0.0,-64.845,50.041,14.804,75.414,0.0,,0.0,114.022,-78.303,101.045,-1.887,-20.855,35.719,-2.465,45.013,-23.235,,,56.489,6.364,50.295,-5.282,3.081,45.013,45.013,,215.645,0.21,0.1,0.1,216.917,0.1,0.1,0.1,,75.414,,3.885,,-1.887,-11.315,,,-0.233,117.241,,117.241,-11.729,,,,15.187,-23.067,100.713,0.516448,0.443642,0.445,86.165446,100.306048,81.850227,
03/31/2008,244.793,243.326,0.0,,0.0,,0.0,1.467,0.0,0.0,-68.666,48.221,20.445,77.632,,0.0,0.0,98.495,-59.653,96.263,-1.288,-35.322,38.842,-2.241,44.579,0.0,,0.0,56.128,5.716,49.862,-5.283,18.423,44.579,44.579,0.0,216.773,0.21,0.12,0.12,217.391,0.21,0.12,0.12,,77.632,,4.726,,-1.288,-10.138,,,0.256,121.483,,121.483,-10.968,,,,5.529,-18.395,116.072,0.53538,0.511533,0.455,84.986418,88.948282,81.189726,
06/30/2008,248.775,247.318,,,,,,1.457,,,-65.184,46.452,18.732,77.861,,,,105.73,-55.06,85.446,-1.221,-29.165,50.67,-1.274,226.15,-188.684,,,238.08,7.197,231.173,-5.283,4.326,225.89,225.89,,235.117,0.96,0.16,0.16,236.099,0.96,0.16,0.16,,77.861,,1.827,,-1.221,-190.505,,,-2.317,118.992,10.856,129.848,-10.882,,,,3.802,-14.762,112.332,0.553881,0.479165,0.455,82.1476,94.956927,89.90372,
09/30/2008,267.852,266.329,0.0,,0.0,,0.0,1.523,0.0,0.0,-66.181,49.104,17.077,77.292,0.0,0.0,0.0,124.379,-23.013,82.813,-1.227,-58.573,101.366,-0.853,119.628,0.0,,0.0,131.556,6.646,124.897,-5.282,6.1,119.615,119.615,,244.572,0.49,0.36,0.36,245.482,0.49,0.36,0.36,,77.081,,0.625,,-1.227,-27.752,,,-0.736,174.265,4.553,178.818,-10.44,,,,0.628,-12.876,162.23,0.70413,0.638811,0.455,64.618763,71.226025,63.856919,
12/31/2008,294.946,260.956,,,,,0.0,1.475,,32.515,-67.106,49.271,17.835,81.037,0.0,,0.0,146.803,-101.448,83.903,0.41,17.135,45.355,0.521,35.284,0.657,,,45.219,5.203,39.932,-5.282,-4.756,34.65,34.65,12.993,252.497,0.14,0.139831,0.191289,252.673,0.14,0.139831,0.191289,,80.619,,0.865,,0.41,-0.794,,,-0.679,120.908,15.15,136.058,-12.1,,,,-0.651,-18.395,100.156,0.556133,0.409385,0.455,81.814925,111.142368,95.019465,
03/31/2009,277.01,248.801,0.0,23.65,0.0,225.151,0.0,1.438,0.0,26.771,-146.707,47.953,18.531,80.223,,0.0,0.0,130.303,-79.574,76.674,0.462,2.438,50.729,-0.888,43.285,-2.868,-2.868,0.0,52.709,-0.6,48.883,-5.283,1.017,43.285,40.417,0.0,253.335,0.17,0.16,0.16,253.423,0.17,0.16,0.16,,80.223,,0.375,,0.462,-1.357,,,5.631,128.019,,129.639,-12.461,3.546,2.307,,-1.218,-6.261,116.569,0.504532,0.453666,0.46,91.173597,101.396203,91.028754,
06/30/2009,292.489,264.036,0.0,21.01,0.0,243.026,0.0,1.369,0.0,27.084,-150.991,45.685,20.232,79.293,,0.0,5.781,141.498,-72.565,75.34,-1.127,-1.648,68.933,-0.84,91.784,-33.085,-33.085,0.0,101.178,-0.645,97.459,-5.283,-4.436,91.784,64.48,5.781,265.422,0.35,0.22,0.242934,265.542,0.35,0.22,0.241771,,79.293,,0.336,,-1.127,-30.54,,,6.94,146.041,5.906,154.888,-15.363,3.991,2.195,,-8.507,-6.307,126.461,0.570412,0.465723,0.46,80.643446,98.771178,83.602632,
09/30/2009,287.068,251.806,0.0,22.464,0.0,229.342,0.0,1.326,0.0,33.936,-267.288,46.159,22.856,81.177,,0.0,117.096,19.78,-66.728,74.039,-1.328,-5.983,-46.948,0.325,-52.397,-3.403,-3.403,0.0,-43.22,-0.436,-46.686,-5.282,-2.235,-52.397,61.296,117.096,284.812,-0.18,-0.2,0.215216,284.812,-0.18,-0.2,0.211134,,81.177,,1.18,,-1.328,-2.46,,,6.433,32.169,117.096,266.361,-14.321,3.531,1.985,,-1.538,-6.219,247.564,0.933833,0.867933,0.46,49.259329,52.999483,407.266374,
12/31/2009,294.467,256.934,0.0,22.423,0.0,234.511,0.0,1.179,0.0,36.354,-193.848,46.036,16.852,76.475,,0.0,54.485,100.619,-68.661,72.84,-1.518,-2.661,31.958,-0.515,26.397,-4.041,-4.041,0.0,35.484,-0.435,32.034,-5.282,-2.931,26.397,76.841,54.485,292.748,0.09,0.08,0.262482,293.763,0.09,0.08,0.262482,,76.475,,1.066,,-1.518,-2.964,,,7.019,106.04,54.485,160.525,-10.096,3.32,2.246,,-2.093,-11.074,139.897,0.546444,0.476224,0.46,84.180645,96.593194,126.993663,
03/31/2010,294.82,258.246,0.0,21.761,0.0,236.485,0.0,1.308,0.0,35.266,-137.045,46.087,24.924,77.934,,0.0,-11.9,157.775,-74.256,75.952,-1.383,-0.313,83.519,-0.372,74.836,-0.954,-0.954,0.0,84.101,-0.606,81.036,-5.283,-3.298,74.836,61.982,-11.9,293.223,0.26,0.25,0.211382,294.087,0.25,0.25,0.209536,,77.934,,1.037,,-1.383,,,,6.86,158.678,,160.285,-13.276,3.506,3.468,,-1.904,-5.548,143.233,0.538655,0.48135,0.465,86.32606,96.603244,86.533105,
06/30/2010,301.877,264.431,0.0,22.068,0.0,242.363,0.0,1.29,0.0,36.156,-143.641,45.416,20.525,77.7,,0.0,0.0,158.236,-70.078,72.745,-2.486,-0.181,88.158,-0.571,79.465,-1.008,-1.008,0.0,88.595,-0.587,85.101,-5.283,-6.742,79.465,78.457,0.0,294.88,0.27,0.27,0.27,296.037,0.27,0.27,0.27,,77.7,,0.212,,-2.486,-0.065,,,7.636,161.875,,163.512,-8.419,4.182,1.836,,-1.804,-12.854,139.711,0.545997,0.466521,0.465,85.165254,99.673905,84.706842,
09/30/2010,317.049,279.31,0.0,23.326,0.0,255.984,0.0,1.157,0.0,36.582,-230.022,60.426,19.59,78.313,,0.0,71.693,87.027,-64.732,71.598,-0.209,-6.657,22.295,-0.867,16.995,-4.745,-4.745,0.0,26.173,-0.438,22.655,-5.282,-3.424,16.995,83.943,71.693,309.448,0.05,0.04,0.271267,311.092,0.05,0.04,0.270456,,78.313,,0.194,,-0.209,-3.987,,,5.213,96.081,,96.081,-11.376,3.618,3.868,,-1.597,-18.901,68.269,0.308851,0.21945,0.465,150.558154,211.893802,149.762513,
12/31/2010,340.966,287.896,0.0,21.856,0.0,266.04,0.0,0.911,0.0,52.159,-154.169,58.341,18.008,77.82,,0.0,0.0,186.797,-58.995,68.354,-0.692,-8.667,127.802,1.397,136.202,-16.327,-16.327,0.0,145.526,-0.662,141.917,-5.282,-3.919,136.202,119.875,0.0,324.361,0.42,0.37,0.37,325.985,0.42,0.37,0.37,,77.82,,0.237,,-0.692,-15.873,,,5.579,202.611,4.339,209.937,-14.374,3.618,1.84,,-1.041,-21.782,174.279,0.632417,0.525,0.465,73.527487,88.571429,74.442091,
03/31/2011,331.128,292.425,0.0,23.444,0.0,268.981,0.0,0.607,0.0,38.096,-159.979,46.845,21.952,91.182,,0.0,0.0,171.149,-97.469,108.576,-0.798,-10.309,73.68,-0.037,63.875,-0.341,-0.341,0.0,73.984,-0.456,70.093,-5.283,-1.525,63.875,63.534,0.0,372.116,0.17,0.17,0.17,373.96,0.17,0.17,0.17,,91.182,0.372,0.238,,-8.837,,,,3.315,149.689,32.308,181.997,-17.3,5.102,2.958,,-1.278,-10.369,159.585,0.486675,0.426744,0.48,98.628439,112.479744,119.531829,
06/30/2011,488.125,427.095,0.0,22.441,0.0,404.654,0.0,0.504,0.0,60.526,-171.301,46.615,34.872,89.814,,0.0,0.0,316.824,-82.661,105.129,-14.95,-7.518,234.163,-0.248,222.993,-0.337,-0.337,0.0,234.252,-0.606,228.759,-5.283,-37.172,222.993,222.656,0.0,406.193,0.55,0.55,0.55,411.71,0.55,0.55,0.55,,89.814,2.633,0.238,,-14.95,0.27,,,17.519,317.911,5.712,326.587,-15.612,5.103,3.391,,-3.82,-12.214,266.263,0.788865,0.643154,0.48,60.846905,74.632255,61.329315,
09/30/2011,441.229,440.158,0.0,23.879,0.0,416.279,0.0,0.494,0.0,0.577,-179.381,57.662,19.647,86.672,,0.0,15.4,261.848,-87.181,103.459,-17.05,0.772,174.667,-0.005,166.367,-0.809,-0.809,0.0,175.471,-0.75,172.195,-5.282,-38.044,166.367,180.958,15.4,407.081,0.41,0.41,0.444526,408.646,0.41,0.41,0.444526,,86.672,2.874,1.884,,-17.05,,,,19.574,259.571,15.4,278.019,-14.024,5.081,3.716,,-4.052,-11.323,219.373,0.670588,0.529132,0.48,71.578993,90.714536,75.277623,
12/31/2011,458.281,457.148,0.0,22.494,0.0,434.654,0.0,0.468,0.0,0.665,-298.082,69.055,19.679,84.348,,0.0,125.0,160.199,-91.372,100.701,-13.952,4.623,68.827,-0.96,61.996,-2.92,-2.92,0.0,70.787,-1.166,67.844,-5.282,-43.282,61.996,184.076,125.0,407.907,0.15,0.14,0.45127,409.73,0.15,0.14,0.445079,,84.348,2.961,3.019,,-13.952,-3.107,,,16.479,150.578,125.0,275.578,-12.237,4.748,3.651,,-4.2,-21.368,202.89,0.672584,0.49518,0.48,71.36651,96.934497,130.029194,
03/31/2012,455.827,454.515,0.0,22.65,0.0,431.865,0.0,0.493,0.0,0.819,-172.702,67.333,20.089,85.28,,0.0,0.0,283.125,-89.641,103.752,-13.675,-0.436,193.484,0.709,175.257,-2.371,-2.371,0.0,196.564,-1.423,193.38,-17.006,-37.725,175.257,172.886,0.0,410.018,0.43,0.42,0.42,411.661,0.43,0.42,0.42,,85.28,3.05,2.996,,-13.675,-2.856,,,16.177,264.806,10.432,278.36,-9.927,5.373,4.529,,-3.747,-9.418,227.445,0.666692,0.544747,0.5,74.997126,91.785706,77.71123,
06/30/2012,460.415,458.729,0.0,23.581,0.0,435.148,0.0,0.47,0.0,1.216,-169.75,70.076,14.801,84.873,,0.0,0.0,290.665,-85.594,102.354,-15.732,-1.028,205.071,-0.171,201.467,-0.075,-0.075,0.0,204.975,-1.459,202.024,0.0,-34.581,201.467,201.392,0.0,420.468,0.48,0.48,0.48,421.671,0.48,0.48,0.48,,84.782,3.142,3.142,,-15.732,0.0,,,18.275,293.617,,296.744,-11.86,6.034,3.93,,-3.766,-18.527,237.974,0.694154,0.556677,0.5,72.0301,89.818636,71.60144,
09/30/2012,468.066,457.328,0.0,23.425,0.0,433.903,0.0,0.46,0.0,10.278,-187.116,72.653,19.415,87.17,,0.0,7.878,280.95,-89.189,103.355,-13.396,-0.77,191.761,0.602,195.629,-6.68,-6.68,0.0,199.043,-1.407,196.108,0.0,-39.62,195.629,196.827,7.878,429.557,0.46,0.44,0.458209,430.778,0.45,0.44,0.458209,,87.17,3.234,2.969,,-13.396,0.0,,,16.043,290.242,7.878,301.268,-11.821,5.54,3.956,,-3.767,-16.129,239.427,0.689333,0.547834,0.5,72.533923,91.268529,73.9998,
12/31/2012,503.233,490.538,0.0,25.004,0.0,465.534,0.0,0.472,0.0,12.223,-196.312,73.286,25.105,97.921,,0.0,,306.921,-95.059,107.015,-11.652,-0.304,211.862,0.489,239.881,-33.909,-33.909,0.0,246.26,0.267,241.028,0.0,,239.881,205.972,,447.889,0.54,0.46,0.46,448.903,0.53,0.46,0.46,,97.921,3.33,2.252,,-11.652,-28.598,,,14.438,317.839,,321.47,,6.33,4.086,,,,331.886,0.70654,0.729433,0.5,70.767412,68.546429,70.458471,
03/31/2013,511.186,498.357,0.0,24.202,0.0,474.155,0.0,0.443,0.0,12.386,-196.521,72.686,20.656,103.179,,0.0,0.0,314.665,-82.197,109.11,-14.801,-12.112,232.468,-0.916,230.107,-2.232,-2.232,0.0,233.784,-1.464,230.585,0.0,-34.518,230.107,227.875,0.0,453.651,0.51,0.5,0.5,454.613,0.51,0.5,0.5,,103.179,3.429,1.538,,-14.801,,,,17.541,339.529,,342.857,-18.793,5.43,4.644,,-3.507,-9.403,286.71,0.74429,0.622403,0.525,70.537061,84.350476,70.234649,
06/30/2013,512.239,497.593,0.0,25.144,0.0,472.449,0.0,0.499,0.0,14.147,-207.159,73.887,24.062,109.21,,0.0,0.0,305.08,-89.579,108.452,-15.585,-3.288,215.501,-1.604,213.023,-2.828,-2.828,0.0,216.725,-1.553,213.401,0.0,-34.974,213.023,210.195,0.0,454.618,0.47,0.46,0.46,455.431,0.47,0.46,0.46,,109.21,3.529,1.557,,-15.585,-0.887,,,18.356,327.65,,330.986,2.838,6.208,4.796,,-9.519,-12.624,287.711,0.717255,0.623477,0.525,73.195709,84.205175,72.939417,
09/30/2013,546.157,503.615,0.0,25.92,0.0,477.695,0.0,0.464,0.0,42.078,-225.526,75.417,45.326,104.783,,0.0,0.0,320.631,-92.564,108.088,-13.892,-1.632,228.067,-1.034,233.282,-9.825,-9.825,0.0,236.858,-1.596,233.756,0.0,-13.773,233.282,223.457,0.0,455.345,0.51,0.49,0.49,456.078,0.51,0.49,0.49,,104.783,3.631,1.509,,-13.892,-8.298,,,16.642,336.061,,339.363,-12.604,5.542,4.482,,-23.799,-14.414,284.797,0.734404,0.61632,0.525,71.486528,85.183069,71.241828,
12/31/2013,530.297,512.308,0.0,25.383,0.0,486.925,0.0,0.441,0.0,17.548,-201.622,76.292,19.19,106.14,,0.0,0.0,328.675,-88.264,109.603,-20.155,-1.184,240.411,-2.261,292.625,-59.489,-59.489,0.0,297.639,-0.063,293.095,0.0,-34.806,292.625,233.136,0.0,456.334,0.64,0.51,0.51,456.631,0.64,0.51,0.51,,106.14,3.737,1.258,1.372,-20.155,-60.681,,,21.785,346.018,0.987,350.315,-11.028,6.147,4.619,,-3.969,-31.022,280.256,0.757241,0.605802,0.525,69.330602,86.662016,69.237829,
03/31/2014,529.992,512.847,0.0,25.434,0.0,487.413,0.0,0.449,0.0,16.696,-204.489,75.707,20.899,107.388,,0.0,0.495,325.503,-90.18,106.638,-14.528,-1.93,235.323,-1.446,258.047,-29.746,-29.746,0.0,263.623,-0.565,259.111,0.0,-13.682,258.047,228.301,0.0,457.294,0.56,0.5,0.5,457.674,0.56,0.5,0.5,,107.388,3.846,,,-14.528,-28.01,,,16.961,343.139,0.495,347.054,-13.968,4.89,4.965,,-25.436,-12.887,290.936,0.748508,0.627476,0.545,72.811506,86.855956,72.914475,
06/30/2014,536.121,518.74,0.0,27.11,0.0,491.63,0.0,0.444,0.0,16.937,-221.062,78.867,21.656,113.133,,0.0,7.406,315.059,-91.441,106.842,-14.692,-0.709,223.618,-1.339,218.397,0.0,0.0,0.0,222.279,-1.488,218.885,0.0,,218.396,218.396,0.0,458.247,0.48,0.48,0.48,458.588,0.48,0.48,0.48,,113.133,3.956,,,-14.692,0.0,,,17.151,336.457,,339.877,,6.116,4.509,,,,350.502,0.731524,0.754392,0.545,74.502004,72.243575,74.227796,
09/30/2014,596.638,578.674,0.0,29.323,0.0,549.351,0.0,0.447,0.0,17.517,-247.528,99.599,19.479,122.975,,0.0,5.475,349.11,-97.996,111.275,-10.168,-3.111,251.114,-0.055,247.207,0.0,0.0,0.0,251.059,-2.062,247.654,0.0,-8.746,247.208,247.208,0.0,458.799,0.54,0.54,0.54,459.141,0.54,0.54,0.54,,122.975,4.769,,0.0,-10.168,0.0,,,14.571,377.292,-31.026,349.753,-8.627,5.461,4.648,,-23.805,-17.5,301.184,0.751737,0.647346,0.545,72.498792,84.189964,66.273723,
12/31/2014,603.528,579.718,0.0,28.821,0.0,550.897,0.0,0.469,0.0,23.341,-270.836,130.43,20.141,116.499,,0.0,3.766,332.692,-135.652,114.987,-10.182,30.847,197.04,2.59,196.145,0.0,0.0,0.0,199.63,-2.923,196.583,0.0,-39.891,196.145,196.145,0.0,459.333,0.43,0.43,0.43,459.752,0.43,0.43,0.43,,116.499,6.293,0.0,0.0,-10.182,-3.288,,,22.19,324.734,40.182,368.389,-5.95,5.418,5.138,,5.927,-30.595,308.436,0.790785,0.66209,0.545,68.918817,82.31508,77.089706,
03/31/2015,610.791,577.069,0.0,29.896,0.0,547.173,0.0,0.46,0.0,33.262,-753.18,132.031,24.773,114.522,,0.0,481.854,-142.389,-95.191,116.78,-13.601,-7.988,-237.58,0.077,-240.949,0.0,0.0,0.0,-237.503,-2.813,-240.614,0.0,-6.422,-240.949,231.251,472.2,460.88,-0.52,-0.52,0.50176,460.88,-0.52,-0.52,0.50176,,114.522,6.684,,,-13.601,-6.264,,,24.849,-117.572,481.854,364.282,-9.546,6.165,4.752,,-27.366,-12.284,319.581,0.790405,0.693415,0.565,71.482313,81.480814,,
06/30/2015,607.532,571.129,,31.376,,539.753,,0.458,0.0,35.945,-348.832,136.342,28.845,120.403,,,63.242,258.7,-95.515,118.632,-12.001,-11.116,163.185,4.563,164.515,0.0,0.0,0.0,167.748,-2.941,164.885,0.0,-6.499,164.515,209.35,44.835,461.874,0.36,0.36,0.453262,462.106,0.36,0.36,0.453262,,120.403,5.128,,2.948,-12.001,-0.061,,,27.511,305.502,63.112,368.614,-8.202,6.665,4.974,,-26.596,-16.774,322.182,0.787443,0.688254,0.565,71.751202,82.091791,85.419673,
09/30/2015,657.499,637.657,0.0,33.084,0.0,604.573,0.0,0.0,0.0,19.842,-399.928,173.515,20.534,134.704,,0.0,71.175,257.571,-141.597,122.157,18.92,0.52,115.974,1.98,115.046,0.0,0.0,0.0,117.954,-3.748,115.362,0.0,-29.847,115.046,184.616,69.57,463.337,0.25,0.25,0.398449,463.586,0.25,0.25,0.398449,,134.704,5.204,,0.0,12.216,-0.052,,0.0,2.365,265.735,102.43,368.165,-7.069,5.344,5.224,,-5.548,-23.958,312.311,0.787061,0.667656,0.565,71.786069,84.624358,98.513709,
12/31/2015,520.325,497.19,0.0,31.785,0.0,465.405,0.0,0.0,0.0,23.135,-331.037,171.665,21.835,139.686,,0.0,-2.149,189.288,-106.736,122.027,-12.144,-3.147,82.552,2.596,-599.164,679.765,679.765,0.0,-594.617,-3.656,-598.868,0.0,-30.463,-599.164,74.493,-6.108,465.036,-1.29,0.173322,0.160188,465.036,-1.29,0.171747,0.158613,,141.156,5.207,,0.0,-23.397,0.0,,,21.176,-458.678,833.612,374.934,-4.042,5.059,5.272,,-5.522,-31.65,313.588,0.806247,0.674331,0.565,70.077758,83.786797,,
03/31/2016,520.457,502.428,0.0,31.375,0.0,471.053,0.0,0.0,0.0,18.029,-343.738,175.957,25.451,139.855,,0.0,2.475,176.719,-121.678,122.062,0.908,-1.292,55.041,-3.704,115.762,-68.408,-68.408,0.0,119.745,-5.243,116.119,0.0,7.649,115.762,47.354,0.0,466.074,0.25,0.101602,0.101602,466.262,0.25,0.101602,0.101602,,141.322,2.962,,,11.286,0.0,,53.177,3.583,322.849,2.518,325.367,-7.576,5.345,5.28,,-2.962,-20.482,312.621,0.689065,0.662072,0.575,83.44637,86.848596,83.068555,
06/30/2016,538.335,505.548,0.0,33.531,0.0,472.017,0.0,0.0,0.0,32.787,-342.601,179.08,22.779,139.919,,0.0,0.823,195.734,-0.446,121.333,1.067,-121.954,195.288,2.179,301.375,-107.375,-107.375,0.0,304.842,-5.142,301.717,0.0,8.936,301.375,74.386,-119.614,467.084,0.65,0.415343,0.159256,471.425,0.64,0.412233,0.158505,,141.386,2.974,,,12.239,-119.614,,0.0,3.525,336.743,14.658,351.401,-3.541,4.16,5.281,,-3.477,-21.872,340.888,0.742687,0.720468,0.575,77.42155,79.809234,79.756164,
09/30/2016,530.557,510.075,0.0,34.809,0.0,475.266,0.0,0.0,0.0,20.482,-366.665,187.714,34.781,141.407,,,2.763,163.892,-118.49,117.86,2.053,-1.423,45.402,0.424,150.924,-108.213,-108.213,0.0,154.039,-5.27,151.25,0.0,2.704,150.924,42.72,0.009,467.628,0.32,0.09,0.091355,467.835,0.32,0.09,0.090019,,142.874,2.986,,0.0,12.607,0.009,,0.257,2.376,306.763,32.126,338.889,-3.295,3.389,5.037,,-2.986,-23.822,319.916,0.717994,0.677797,0.575,80.084202,84.833691,87.652716,
12/31/2016,539.95,522.44,0.0,34.565,0.0,487.875,0.0,0.0,0.0,17.51,-366.935,195.648,20.6,146.927,,0.0,3.76,173.015,-90.097,103.148,-15.388,2.337,82.918,-3.372,58.44,18.246,18.246,0.0,61.3,-5.092,58.661,0.0,0.952,58.44,77.613,0.927,467.979,0.12,0.163866,0.165847,468.21,0.12,0.15897,0.16095,,147.416,2.998,,0.0,-3.421,-45.093,,7.017,0.0,162.265,113.935,276.2,-3.591,2.687,4.416,,-2.802,-26.611,251.251,0.589906,0.53662,0.37,62.721832,68.950054,106.709537,
03/31/2017,492.168,473.837,0.0,33.675,0.0,440.162,0.0,0.0,0.0,18.331,-319.17,159.081,22.478,136.554,,,1.057,172.998,285.017,86.718,-3.269,-368.466,458.015,6.162,460.375,0.0,0.0,0.0,464.177,-3.972,461.145,0.0,5.829,460.375,143.117,-317.258,468.299,0.98,0.98,0.30561,475.173,0.97,0.97,0.302332,,136.554,3.01,,,15.039,-317.258,,-5.499,2.803,291.052,-48.077,242.975,-5.007,,3.858,,-3.01,-23.287,221.358,0.51134,0.465847,0.37,72.358889,79.425189,59.655663,
06/30/2017,458.928,438.059,0.0,35.259,0.0,402.8,0.0,0.0,0.0,20.869,-362.749,153.163,21.286,130.751,,0.0,57.549,96.179,-77.065,77.788,-0.24,-0.483,19.114,2.987,19.283,0.0,0.0,0.0,22.101,-3.634,19.383,0.0,3.641,19.283,75.553,56.27,468.646,0.04,0.04,0.161216,468.839,0.04,0.04,0.16002,,130.751,2.348,,0.0,16.314,-0.412,,0.001,0.0,164.65,60.12,224.77,-4.882,,3.843,-25.477,2.347,,204.242,0.479418,0.435634,0.37,77.176861,84.93377,105.313708,
09/30/2017,454.023,442.249,0.0,36.86,0.0,405.389,0.0,0.0,0.0,11.774,-335.357,155.338,23.523,130.588,,0.0,25.908,118.666,-129.867,71.328,-1.062,59.601,-11.201,5.481,-7.788,0.0,0.0,0.0,-5.72,-3.678,-7.657,0.0,1.604,-7.788,66.585,74.373,468.975,-0.02,-0.02,0.14198,468.975,-0.02,-0.02,0.138586,,130.588,2.36,,22.59,16.358,-5.182,,0.0,0.0,155.248,72.521,227.769,-5.774,,3.439,-26.272,3.237,,204.003,0.485487,0.43483,0.37,76.21218,85.090768,111.770039,
12/31/2017,443.259,437.996,0.0,,0.0,,0.0,0.0,0.0,5.263,-446.82,198.669,21.485,136.833,,0.0,89.833,-3.561,-41.066,71.882,-6.33,-24.486,-44.627,-13.297,-59.298,0.0,0.0,0.0,-57.924,-3.425,-58.702,0.0,-0.906,-59.298,8.315,67.613,469.229,-0.13,-0.13,0.017721,469.229,-0.13,-0.13,0.014094,,136.833,1.646,,0.0,12.347,-33.789,-1.43,0.0,0.0,52.884,172.724,225.608,-5.881,,3.428,-39.646,,,182.603,0.480643,0.389024,0.37,76.980231,95.109916,328.293491,
03/31/2018,479.197,472.832,0.0,37.174,0.0,435.658,0.0,0.0,0.0,6.365,-347.172,172.552,29.175,143.25,,,2.195,132.025,-94.124,75.102,-0.57,19.592,37.901,5.336,39.841,0.0,0.0,0.0,43.237,-2.543,40.232,0.0,0.852,39.841,19.026,-20.815,469.557,0.08,0.08,0.040519,469.695,0.08,0.08,0.035684,,143.25,1.296,,,17.388,20.202,,0.0,0.0,219.434,7.918,227.352,-10.686,,3.336,-19.118,,,201.736,0.484042,0.429504,0.37,76.439684,86.145829,79.362815,
06/30/2018,469.551,468.104,,,,,0.0,0.0,0.0,1.447,-355.988,173.866,22.514,143.292,,0.0,16.316,113.563,-25.289,73.038,0.101,-47.85,88.274,4.654,89.481,0.0,0.0,0.0,92.928,-1.664,89.942,0.0,-0.624,89.481,57.329,-32.152,469.769,0.19,0.19,0.122037,469.941,0.19,0.19,0.121583,,143.292,1.268,,6.273,16.162,-46.064,,1.147,0.0,209.895,9.616,219.511,-5.793,,3.355,-26.346,,,190.103,0.467103,0.404525,0.37,79.211598,91.465243,83.036756,
09/30/2018,456.022,454.786,,,,,0.0,0.0,0.0,1.236,-346.665,181.207,23.503,132.198,,0.0,9.757,109.357,-11.36,63.486,0.911,-53.037,97.997,4.929,98.946,0.0,0.0,0.0,102.926,-2.971,99.371,0.0,4.334,98.946,52.781,-46.165,469.867,0.21,0.21,0.112332,470.118,0.21,0.21,0.111801,,132.198,2.343,,5.268,15.18,-95.332,,0.0,0.0,155.632,52.564,208.196,-4.409,,3.07,-24.646,,,186.545,0.442859,0.396805,0.37,83.548032,93.244879,111.706326,
12/31/2018,441.919,440.561,,,,,0.0,0.0,0.0,1.358,-367.446,177.413,21.51,130.759,,0.0,37.764,74.473,756.975,54.717,2.152,-813.844,831.448,2.935,829.325,0.0,0.0,0.0,834.383,-53.999,831.548,0.0,1.224,829.325,101.894,-727.431,472.998,1.75,1.75,0.215422,479.906,1.73,1.73,0.214222,,130.759,2.071,,32.803,15.237,-763.774,0.0,2.765,0.0,195.187,6.946,202.133,-2.251,,2.851,-35.956,,,168.001,0.427082,0.354965,0.37,86.634508,104.235647,89.662355,
03/31/2019,436.154,434.441,,,,,0.0,0.0,0.0,1.713,-335.609,168.927,21.355,131.951,,0.0,13.376,100.545,-39.013,49.327,0.863,-11.177,61.532,3.458,61.029,0.0,0.0,0.0,64.99,-4.92,61.47,0.0,2.213,61.029,61.843,0.814,477.766,0.13,0.13,0.129442,479.131,0.13,0.13,0.129442,,131.951,2.085,,8.858,15.077,-8.044,0.0,0.0,1.795,207.831,5.961,213.792,-6.246,,2.699,-19.22,,,193.238,0.442019,0.399524,0.37,83.70672,92.610289,85.302963,
06/30/2019,491.567,489.153,,,,,0.0,0.0,0.0,2.414,-476.284,213.993,27.12,165.296,,,69.875,15.283,-27.127,56.942,1.506,-31.321,-11.844,1.864,-13.991,0.0,0.0,0.0,-9.98,-4.805,-13.597,0.0,4.596,-13.991,44.234,58.225,478.739,-0.03,-0.03,0.092397,478.739,-0.03,-0.03,0.091622,,165.296,1.357,,58.391,15.123,-22.949,,0.0,1.484,199.906,14.517,214.423,-5.695,,2.74,-19.513,,,196.551,0.44206,0.405215,0.37,83.699034,91.309624,88.673677,
09/30/2019,537.971,535.23,,,,,0.0,0.0,0.0,2.741,-482.559,248.069,22.97,171.944,,0.0,39.576,55.412,-103.981,61.23,7.643,35.108,-48.569,6.261,-46.249,0.0,0.0,0.0,-42.308,-5.001,-45.863,0.0,1.299,-46.249,27.809,74.058,491.203,-0.09,-0.09,0.056614,491.203,-0.09,-0.09,0.056614,,171.944,1.357,,43.784,14.952,0.804,,0.0,1.675,183.266,38.981,222.247,-10.252,,2.735,-24.107,,,191.922,0.444983,0.384267,0.37,83.149154,96.287294,99.369223,
12/31/2019,531.691,528.715,,,,,0.0,0.0,0.0,2.976,-572.554,248.382,21.521,190.798,,0.0,111.853,-40.863,82.543,58.12,-1.387,-139.276,41.68,5.679,43.2,0.0,0.0,0.0,47.359,-4.999,43.52,0.0,-0.237,43.2,171.504,128.304,497.116,0.09,0.09,0.344998,500.493,0.09,0.09,0.344998,,190.798,1.357,,110.284,15.151,-159.418,-2.118,0.0,1.637,195.892,24.56,220.452,-6.259,,2.689,-46.004,,,170.641,0.435661,0.337224,0.37,84.92837,109.719405,93.895065,
03/31/2020,585.15,581.462,,,,,0.0,0.0,0.0,3.688,-641.609,376.013,22.349,189.276,,0.0,53.971,-56.459,305.955,58.376,11.979,-376.31,249.496,33.044,277.464,0.0,0.0,0.0,282.54,-4.852,279.08,0.0,6.001,277.464,150.885,-126.579,506.476,0.55,0.55,0.297911,515.045,0.54,0.54,0.294237,,189.276,1.237,,30.722,29.61,-332.303,-7.729,-11.876,1.637,173.186,55.464,228.65,-6.229,,2.582,-21.791,,,209.213,0.445605,0.407725,0.37,83.033243,90.747473,108.205121,
06/30/2020,588.44,584.21,,,,,0.0,0.0,0.0,4.23,-542.726,315.841,23.72,178.488,,0.0,24.677,45.714,1.989,57.55,17.086,-76.625,47.703,7.346,51.131,0.0,0.0,0.0,55.049,-4.983,51.506,0.0,1.776,51.131,18.142,-32.989,538.262,0.09,0.09,0.033705,538.517,0.09,0.09,0.028741,,178.488,0.891,,17.797,25.618,-85.391,-1.519,0.335,0.0,182.367,32.346,214.713,-8.316,,2.534,-18.781,,,191.926,0.398712,0.356397,0.37,92.798894,103.816726,109.206677,
09/30/2020,601.571,,,,,,,,,,,,,,,,,13.85,,,,,,,,,,,,,1.933,,,1.933,4.638,,,0.0,0.0,0.03,,0.0,0.0,0.03,,,,,,,,,,,,,,,,,,,,,,,,,,,
12/31/2020,553.143,,,,,,,,,,,,,,,,,7.72,,,,,,,,,,,,,9.963,,,9.963,7.548,,,0.005,0.005,0.088,,0.005,0.005,0.088,,,,,,,,,,,,,,,,,,,,,,,,,,,
