Date,Revenue,Sales & Services Revenue,Cost of Revenue,Cost of Goods & Services,Gross Profit,Other Operating Income,Operating Expenses,"Selling, General & Admin",Other Operating Expense,Operating Income (Loss),Non-Operating (Income) Loss,"Interest Expense, Net",Interest Expense,Interest Income,Foreign Exch (Gain) Loss,(Income) Loss from Affiliates,Other Non-Op (Income) Loss,Pretax Income,Income Tax Expense (Benefit),Income (Loss) from Cont Ops,Net Extraordinary Losses (Gains),Discontinued Operations,XO & Accounting Changes,Income (Loss) Incl. MI,Minority Interest,"Net Income, GAAP",Preferred Dividends,Other Adjustments,"Net Income Avail to Common, GAAP","Net Income Avail to Common, Adj",Net Abnormal Losses (Gains),Basic Weighted Avg Shares,"Basic EPS, GAAP",Basic EPS from Cont Ops,"Basic EPS from Cont Ops, Adjusted",Diluted Weighted Avg Shares,"Diluted EPS, GAAP",Diluted EPS from Cont Ops,"Diluted EPS from Cont Ops, Adjusted",Source: Bloomberg
03/24/1990,3677.699951,,-1803.0,,1874.699951,,-1480.699951,,,394.0,-118.400005,,156.600006,,0.0,,-38.200001,275.599995,-93.699997,181.899994,0.0,,,181.899998,0.0,181.899994,0.0,,181.899994,181.899994,,1597.799927,0.113333,0.113333,,1597.799927,0.113333,0.113333,0.113333,
06/16/1990,4204.700195,,-2004.0,,2200.700195,,-1641.599976,,,559.099976,-120.199993,,161.399994,,0.0,,-41.200001,438.899982,-146.399994,292.5,0.0,,,292.499989,0.0,292.5,0.0,,292.5,292.5,,1600.60199,0.18,0.18,,1600.60199,0.18,0.18,0.18,
09/08/1990,4475.600098,,-2167.800049,,2307.800049,,-1744.199951,,,563.599976,2.400009,,158.899994,,0.0,,-161.300003,565.999985,-215.699997,350.299988,13.7,,,336.599988,0.0,336.600006,0.0,,336.600006,336.600006,,1599.199951,0.21,0.22,,1599.199951,0.21,0.22,0.22,
12/30/1990,5444.700195,,-2635.100098,,2809.600098,,-2270.699951,,,538.900024,-152.000008,,211.600006,,0.0,,-59.599998,386.900017,-121.0,265.899994,0.0,,,265.900017,0.0,265.899994,0.0,,265.899994,265.899994,,1574.900024,0.17,0.17,,1574.900024,0.17,0.17,0.17,
03/23/1991,4117.0,,-1963.900024,,2153.099976,,-1726.199951,,,426.899994,-110.899998,,152.699997,,0.0,,-41.799999,315.999996,-110.599998,205.399994,0.0,,,205.399998,0.0,205.399994,0.0,,205.399994,205.399994,,1603.800049,0.13,0.13,,1603.800049,0.13,0.13,0.13,
06/15/1991,4679.799805,,-2234.699951,,2445.099854,,-1854.199951,,,590.900024,-101.200005,,139.300003,,0.0,,-38.099998,489.70002,-171.399994,318.299988,0.0,,,318.300026,0.0,318.299988,0.0,,318.299988,318.299988,,1612.400024,0.195,0.195,,1612.400024,0.195,0.195,0.195,
09/07/1991,4881.299805,,-2349.399902,,2531.899902,,-1996.599976,,,535.299988,-101.899994,,137.399994,,0.0,,-35.5,433.399994,-148.0,285.399994,0.0,,,285.399994,0.0,285.399994,0.0,,285.399994,285.399994,,1604.400024,0.18,0.18,,1604.400024,0.18,0.18,0.18,
12/28/1991,5614.100098,,-2730.600098,,2883.5,,-2324.800049,,,558.700012,-138.100002,,184.300003,,0.0,,-46.200001,420.60001,-149.5,271.100006,0.0,,,271.10001,0.0,271.100006,0.0,,271.100006,271.100006,,1578.5,0.17,0.17,0.17,1578.5,0.17,0.17,0.17,
03/21/1992,4497.299805,,-2193.399902,,2303.899903,,-1847.0,,,456.899994,-107.6,,136.0,,0.0,,-28.4,349.299994,-114.300003,235.0,927.399994,,,-692.400003,0.0,-692.400024,0.0,,-692.400024,-692.400024,,1605.199952,-0.43,0.145,0.145,1605.199952,-0.43,0.145,0.145,
06/13/1992,5126.399902,,-2445.600098,,2680.799804,,-2004.5,,,676.299988,-113.200003,,140.300003,,0.0,,-27.1,563.099985,-184.300003,378.799988,0.0,,,378.799982,0.0,378.799988,0.0,,378.799988,378.799988,,1608.599976,0.235,0.235,0.235,1608.599976,0.235,0.235,0.235,
09/05/1992,5548.299805,,-2685.600098,,2862.699707,,-2137.5,,,725.200012,-109.199997,,134.199997,,0.0,,-25.0,616.000015,-193.699997,422.299988,0.0,,,422.300018,0.0,422.299988,0.0,,422.299988,422.299988,,1614.400024,0.265,0.265,0.265,1614.400024,0.265,0.265,0.265,
12/26/1992,6798.0,,-3168.0,,3630.0,,-3117.199951,,,512.799988,-142.400005,,175.600006,,0.0,,-33.200001,370.399983,-104.800003,265.600006,0.0,,,265.59998,0.0,265.600006,0.0,,265.600006,265.600006,,1622.599976,0.16,0.16,0.16,1622.599976,0.16,0.16,0.16,
03/31/1993,5091.600098,,-2450.199951,,2641.400147,,-2135.399902,,,506.0,-114.399998,,136.199997,,0.0,,-21.799999,391.600002,-131.199997,260.399994,0.0,,,260.400005,0.0,260.399994,0.0,,260.399994,260.399994,,1629.599976,0.16,0.16,0.16,1629.599976,0.16,0.16,0.16,
06/30/1993,5890.299805,,-2787.5,,3102.799805,,-2352.399902,,,750.400024,-114.700001,,134.0,,0.0,,-19.299999,635.700023,-208.899994,426.799988,0.0,,,426.800029,0.0,426.799988,0.0,,426.799988,426.799988,,1618.0,0.265,0.265,0.265,1618.0,0.265,0.265,0.265,
09/04/1993,6316.399902,,-2994.300049,,3322.099853,,-2470.5,,,851.599976,-115.100002,,133.300003,,0.0,,-18.200001,736.499974,-278.299988,458.200012,0.0,,,458.199986,0.0,458.200012,0.0,,458.200012,458.200012,,1610.199952,0.28,0.28,0.28,1610.199952,0.28,0.28,0.28,
12/25/1993,7722.399902,,-3714.100098,,4008.299804,,-3209.800049,,,798.5,-139.799997,,169.199997,,0.0,,-29.4,658.700003,-216.199997,442.5,0.0,,,442.500006,0.0,442.5,0.0,,442.5,442.5,,1622.0,0.275,0.275,0.275,1622.0,0.275,0.275,0.275,
03/19/1994,5728.899902,,-2784.5,,2944.399902,,-2393.899902,,,550.5,-112.100006,,132.600006,,0.0,,-20.5,438.399994,-155.600006,282.799988,31.999999,,,250.799989,0.0,250.800003,0.0,,250.800003,250.800003,,1620.0,0.155,0.175,0.175,1620.0,0.155,0.175,0.175,
06/11/1994,6557.0,,-3137.5,,3419.5,,-2634.5,,,785.0,-112.800007,,150.100006,,,,-37.299999,672.199993,-225.699997,446.5,0.0,,,446.499996,0.0,446.5,0.0,,446.5,446.5,,1606.0,0.275,0.275,0.275,1606.0,0.275,0.275,0.275,
09/03/1994,7064.0,,-3380.0,,3684.0,,-2722.300049,,,961.700012,-131.399998,,151.199997,,0.0,,-19.799999,830.300014,-288.899994,541.400024,0.0,,,541.40002,0.0,541.400024,0.0,,541.400024,541.400024,,1599.800048,0.34,0.34,0.34,1599.800048,0.34,0.34,0.34,
12/31/1994,9122.5,,-4413.399902,,4709.100098,,-3805.100098,,,904.0,-180.500006,,211.100006,,0.0,,-30.6,723.499994,-210.199997,513.299988,0.0,,,513.299997,0.0,513.299988,0.0,,513.299988,513.299988,,1602.599976,0.32,0.32,0.32,1602.599976,0.32,0.32,0.32,
03/25/1995,6190.799805,,-3022.0,,3168.799805,,-2539.699951,,,629.099976,-132.799999,,160.0,,0.0,,-27.200001,496.299976,-175.199997,321.100006,0.0,,,321.099979,0.0,321.100006,0.0,,321.100006,321.100006,,1599.0,0.2,0.2,,1599.0,0.2,0.2,0.2,
06/30/1995,7285.799805,,-3550.899902,,3734.899902,,-2865.600098,,,869.299988,-133.500006,,162.600006,,0.0,,-29.1,735.799982,-248.600006,487.200012,0.0,,,487.199976,0.0,487.200012,0.0,,487.200012,487.200012,,1607.0,0.303,0.303,,1607.0,0.303,0.303,0.303,
09/30/1995,7693.100098,,-3751.300049,,3941.800049,,-2911.199951,,,1030.599976,-129.899994,,158.899994,,0.0,,-29.0,900.699982,-283.899994,616.799988,0.0,,,616.799988,0.0,616.799988,0.0,,616.799988,616.799988,,1607.199951,0.385,0.385,,1607.199951,0.385,0.385,0.385,
12/30/1995,9251.299805,,-4561.799805,,4689.5,,-3711.5,,,978.0,-678.799988,,200.5,,0.0,,478.299988,299.200012,-118.300003,180.899994,0.0,,,180.900009,0.0,180.899994,0.0,,180.899994,180.899994,,1614.0,0.11,0.11,0.11,1614.0,0.11,0.11,0.11,
03/23/1996,6554.0,,-3206.0,,3348.0,,-2642.0,,,706.0,-118.0,,141.0,,0.0,,-23.0,588.0,-194.0,394.0,0.0,,,394.0,0.0,394.0,0.0,,394.0,394.0,,1574.0,0.25,0.25,0.25,1619.0,0.24,0.24,0.24,
06/15/1996,7691.0,,-3696.0,,3995.0,,-3009.0,,,986.0,-116.0,,141.0,,0.0,,-25.0,870.0,-287.0,583.0,0.0,,,583.0,0.0,583.0,0.0,,583.0,583.0,,1570.0,0.37,0.37,0.37,1613.0,0.36,0.36,0.36,
09/07/1996,5159.0,,-2158.0,,3001.0,,-2278.0,,,723.0,-502.0,,134.0,,0.0,,368.0,221.0,-211.0,10.0,-134.0,,,144.0,0.0,144.0,0.0,,144.0,144.0,,1563.0,0.09,0.01,0.24,1607.0,0.09,0.01,0.24,
12/28/1996,6050.0,,-2516.0,,3534.0,,-2947.0,,,587.0,-328.0,,166.0,,0.0,,162.0,259.0,-61.0,198.0,170.0,,,28.0,0.0,28.0,0.0,,28.0,28.0,,1552.0,0.02,0.13,0.23,1588.0,0.03,0.13,0.23,
03/22/1997,4213.0,,-1721.0,,2492.0,,-1911.0,,,581.0,-103.0,,115.0,,0.0,,-12.0,478.0,-160.0,318.0,-109.0,,,427.0,0.0,427.0,0.0,,427.0,427.0,,1544.0,0.28,0.21,0.21,1583.0,0.27,0.2,0.2,
06/14/1997,5086.0,,-2069.0,,3017.0,,-2255.0,,,762.0,-435.0,,120.0,,0.0,,315.0,327.0,-151.0,176.0,-480.0,,,656.0,0.0,656.0,0.0,,656.0,656.0,,1534.0,0.42,0.11,0.26,1575.0,0.42,0.11,0.26,
09/06/1997,5362.0,,-2179.0,,3183.0,,-2254.0,,,929.0,-92.0,,123.0,,0.0,,-31.0,837.0,-286.0,551.0,-107.0,,,658.0,0.0,658.0,0.0,,658.0,658.0,,1524.0,0.43,0.36,0.36,1566.0,0.42,0.35,0.35,
12/27/1997,6256.0,,-2556.0,,3700.0,,-2998.0,,,702.0,-35.0,,120.0,,0.0,,-85.0,667.0,-221.0,446.0,45.0,,,401.0,,401.0,0.0,0.0,401.0,401.0,,1514.0,0.27,0.3,0.3,1559.0,0.25,0.29,0.29,
03/21/1998,4353.0,,-1750.0,,2603.0,,-2013.0,,,590.0,-44.0,,76.0,,0.0,,-32.0,546.0,-169.0,377.0,0.0,,,377.0,0.0,377.0,0.0,,377.0,377.0,,1496.0,0.25,0.25,0.25,1539.0,0.24,0.24,0.24,
06/13/1998,5258.0,,-2148.0,,3110.0,,-2332.0,,,778.0,-61.0,,76.0,,0.0,,-15.0,717.0,-223.0,494.0,0.0,,,494.0,0.0,494.0,0.0,,494.0,494.0,,1485.0,0.33,0.33,0.33,1530.0,0.33,0.33,0.33,
09/05/1998,5544.0,,-2283.0,,3261.0,,-2372.0,,,889.0,-77.0,,89.0,,0.0,,-12.0,812.0,-51.0,761.0,0.0,,,761.0,0.0,761.0,0.0,,761.0,761.0,,1473.0,0.52,0.52,0.38,1511.0,0.5,0.5,0.37,
12/26/1998,7193.0,,-3149.0,,4044.0,,-3429.0,,,615.0,-427.0,,154.0,,0.0,,273.0,188.0,173.0,361.0,0.0,,,361.0,0.0,361.0,0.0,,361.0,361.0,,1469.0,0.25,0.25,0.23,1501.0,0.24,0.24,0.22,
03/20/1999,5114.0,,-2140.0,,2974.0,,-2314.0,,,660.0,-169.0,104.0,124.0,-20.0,0.0,,65.0,491.0,-158.0,333.0,0.0,,,333.0,0.0,333.0,0.0,,333.0,333.0,45.0,1474.0,0.23,0.23,0.26,1510.0,0.22,0.22,0.25,
06/12/1999,4982.0,,-2012.0,,2970.0,0.0,-2249.0,2208.0,41.0,721.0,971.0,54.0,104.0,-50.0,,,-1025.0,1692.0,-949.0,743.0,,,,743.0,,743.0,,0.0,743.0,743.0,,1474.0,0.5,0.5,0.5,1505.0,0.49,0.49,0.49,
09/04/1999,4591.0,,-1793.0,,2798.0,,-2061.0,,,737.0,13.0,46.0,72.0,-26.0,0.0,,-59.0,750.0,-266.0,484.0,0.0,,,484.0,0.0,484.0,0.0,,484.0,484.0,,1463.0,0.33,0.33,0.35,1492.0,0.32,0.32,0.34,
12/25/1999,5680.0,,-2253.0,,3427.0,,-2662.0,,,765.0,-42.0,41.0,63.0,-22.0,0.0,,1.0,723.0,-233.0,490.0,0.0,,,490.0,0.0,490.0,0.0,,490.0,490.0,,1456.0,0.34,0.34,0.34,1481.0,0.33,0.33,0.33,
03/18/2000,4191.0,,-1677.0,,2514.0,,-1859.0,,,655.0,-35.0,40.0,47.0,-7.0,0.0,,-5.0,620.0,-198.0,422.0,0.0,,,422.0,0.0,422.0,0.0,0.0,422.0,422.0,,1450.0,0.29,0.29,0.29,1472.0,0.29,0.29,0.29,
06/10/2000,4928.0,,-1891.0,,3037.0,,-2228.0,,,809.0,19.0,35.0,56.0,-21.0,0.0,,-54.0,828.0,-265.0,563.0,0.0,,,563.0,0.0,563.0,0.0,,563.0,563.0,,1443.0,0.39,0.39,0.39,1468.0,0.38,0.38,0.38,
09/02/2000,6421.0,,-2539.0,,3882.0,,-2784.0,,,1098.0,24.0,46.0,64.0,-18.0,0.0,,-70.0,1122.0,-367.0,755.0,0.0,,,755.0,0.0,755.0,-1.0,0.0,754.0,754.0,,1749.0,0.43,0.43,0.43,1796.0,0.42,0.42,0.42,
12/30/2000,9939.0,,-4119.0,,5820.0,,-4380.0,,,1440.0,-249.0,66.0,105.0,-39.0,0.0,,183.0,1191.0,-388.0,803.0,0.0,,,803.0,0.0,803.0,-3.0,0.0,800.0,800.0,,2007.5,0.4,0.4,0.46,2058.974365,0.39,0.39,0.45,
03/24/2001,4700.0,,-2144.0,,2556.0,,-1687.0,,,869.0,-31.0,32.0,52.0,-20.0,0.0,,-1.0,838.0,-268.0,570.0,0.0,,,570.0,0.0,570.0,-1.0,0.0,569.0,569.0,,1752.0,0.33,0.33,0.33,1800.0,0.32,0.32,0.32,
06/16/2001,5865.0,,-2668.0,,3197.0,,-2042.0,,,1155.0,18.0,41.0,53.0,-12.0,,,-59.0,1173.0,-375.0,798.0,0.0,,,798.0,0.0,798.0,-1.0,0.0,797.0,797.0,,1766.0,0.45,0.45,0.45,1810.0,0.44,0.44,0.44,
09/08/2001,5981.0,,-2727.0,,3254.0,,-2031.0,,,1223.0,-198.0,35.0,46.0,-11.0,0.0,,163.0,1025.0,-398.0,627.0,0.0,,,627.0,0.0,627.0,-1.0,0.0,626.0,626.0,,1776.0,0.35,0.35,0.49,1817.0,0.34,0.34,0.46,
12/29/2001,7986.0,,-3212.0,,4774.0,,-3613.0,,,1161.0,-168.0,44.0,68.0,-24.0,0.0,,124.0,993.0,-326.0,667.0,0.0,,,667.0,0.0,667.0,-1.0,0.0,666.0,666.0,,1744.73999,0.38,0.38,0.43,1800.0,0.37,0.37,0.42,
03/23/2002,5311.0,,-2430.0,,2881.0,,-1844.0,,,1037.0,-28.0,19.0,31.0,-12.0,0.0,,9.0,1009.0,-320.0,689.0,0.0,,,689.0,0.0,689.0,-1.0,0.0,688.0,688.0,30.0,1761.0,0.39,0.39,0.41,1801.0,0.38,0.38,0.4,
06/15/2002,6119.0,,-2776.0,,3343.0,,-2052.0,,,1291.0,-9.0,38.0,43.0,-5.0,0.0,,-29.0,1282.0,-407.0,875.0,0.0,,,875.0,0.0,875.0,-1.0,0.0,874.0,874.0,52.0,1769.0,0.49,0.49,0.52,1809.0,0.48,0.48,0.51,
09/07/2002,6300.0,,-2873.0,,3427.0,,-2097.0,,,1330.0,61.0,36.0,42.0,-6.0,0.0,,-97.0,1391.0,-438.0,953.0,0.0,,,953.0,0.0,953.0,-1.0,0.0,952.0,952.0,27.0,1762.0,0.54,0.54,0.56,1789.0,0.53,0.53,0.55,
12/28/2002,7382.0,,-3418.0,,3964.0,,-2795.0,,,1169.0,-110.0,49.0,62.0,-13.0,0.0,,61.0,1059.0,-353.0,706.0,0.0,,,706.0,0.0,706.0,-1.0,0.0,705.0,705.0,81.0,1749.0,0.41,0.41,0.46,1749.0,0.4,0.4,0.45,
03/22/2003,5530.0,,-2534.0,,2996.0,,-1959.0,,,1037.0,-26.0,30.0,37.0,-7.0,0.0,,-4.0,1011.0,-313.0,698.0,0.0,,,698.0,0.0,698.0,-1.0,0.0,697.0,697.0,-6.0,1720.0,0.41,0.41,0.4,1730.0,0.4,0.4,0.39,
06/14/2003,6538.0,,-2992.0,,3546.0,,-2244.0,,,1302.0,62.0,22.0,37.0,-15.0,0.0,,-84.0,1364.0,-420.0,944.0,0.0,,,944.0,0.0,944.0,-1.0,0.0,943.0,943.0,9.0,1720.0,0.55,0.55,0.55,1746.0,0.54,0.54,0.54,
09/06/2003,6830.0,,-3116.0,,3714.0,,-2341.0,,,1373.0,97.0,30.0,38.0,-8.0,0.0,,-127.0,1470.0,-458.0,1012.0,0.0,,,1012.0,0.0,1012.0,-1.0,0.0,1011.0,1011.0,6.0,1721.0,0.59,0.59,0.59,1745.0,0.58,0.58,0.58,
12/27/2003,8073.0,,-3737.0,,4336.0,,-3061.0,,,1275.0,-128.0,,51.0,-21.0,0.0,,98.0,1147.0,-233.0,914.0,0.0,,,914.0,0.0,914.0,0.0,0.0,914.0,914.0,,1743.0,0.53,0.53,0.54,1743.0,0.52,0.52,0.53,
03/20/2004,6131.0,,-2811.0,,3320.0,,-2193.0,,,1127.0,14.0,25.0,35.0,-10.0,0.0,,-39.0,1141.0,-337.0,804.0,0.0,,,804.0,0.0,804.0,-1.0,0.0,803.0,803.0,,1707.0,0.47,0.47,0.47,1736.0,0.46,0.46,0.46,
06/12/2004,7070.0,,-3213.0,,3857.0,,-2436.0,,,1421.0,81.0,25.0,37.0,-12.0,0.0,,-106.0,1502.0,-443.0,1059.0,0.0,,,1059.0,0.0,1059.0,0.0,0.0,1059.0,1059.0,,1704.0,0.62,0.62,0.62,1743.0,0.61,0.61,0.61,
09/04/2004,7257.0,,-3300.0,,3957.0,,-2445.0,,,1512.0,121.0,26.0,41.0,-15.0,0.0,,-147.0,1633.0,-269.0,1364.0,0.0,,,1364.0,0.0,1364.0,-1.0,0.0,1363.0,1363.0,-221.0,1692.0,0.81,0.81,0.68,1727.0,0.79,0.79,0.66,
12/25/2004,8803.0,,-4082.0,,4721.0,,-3372.0,,,1349.0,-79.0,17.0,54.0,-37.0,0.0,,62.0,1270.0,-323.0,947.0,38.0,,,909.0,0.0,985.0,-1.0,-22.0,962.0,962.0,,1683.0,0.585,0.56,0.59,1713.0,0.58,0.55,0.58,
03/19/2005,6585.0,,-3018.0,,3567.0,,-2320.0,,,1247.0,38.0,27.0,50.0,-23.0,0.0,,-65.0,1285.0,-373.0,912.0,0.0,,,912.0,0.0,912.0,-1.0,-4.0,907.0,907.0,,1678.0,0.54,0.54,0.53,1713.0,0.53,0.53,0.52,
06/11/2005,7697.0,,-3504.0,,4193.0,,-2637.0,,,1556.0,131.0,25.0,53.0,-28.0,0.0,,-156.0,1687.0,-493.0,1194.0,0.0,,,1194.0,0.0,1194.0,0.0,-5.0,1189.0,1189.0,,1676.0,0.71,0.71,0.7,1712.0,0.7,0.7,0.69,
09/03/2005,8184.0,,-3733.0,,4451.0,,-2771.0,,,1680.0,188.0,21.0,58.0,-37.0,0.0,,-209.0,1868.0,-1004.0,864.0,0.0,,,864.0,0.0,864.0,-1.0,-2.0,861.0,861.0,,1668.0,0.52,0.52,0.8,1703.0,0.51,0.51,0.78,
12/31/2005,10096.0,,-4477.0,,5619.0,,-4180.0,,,1439.0,103.0,,95.0,-71.0,0.0,,-127.0,1542.0,-434.0,1108.0,0.0,,,1108.0,0.0,1108.0,-1.0,6.0,1113.0,1113.0,,1659.0,0.67,0.67,0.67,1700.0,0.65,0.65,0.65,
03/25/2006,6719.0,,-2962.0,,3757.0,,-2500.0,,,1257.0,58.0,17.0,62.0,-45.0,0.0,,-75.0,1315.0,-368.0,947.0,0.0,,,947.0,0.0,947.0,0.0,-2.0,945.0,945.0,-50.0,1656.0,0.57,0.57,0.57,1695.0,0.56,0.56,0.56,
06/17/2006,8714.0,,-3862.0,,4852.0,,-3052.0,,,1800.0,128.0,33.0,59.0,-26.0,0.0,,-161.0,1928.0,-553.0,1375.0,0.0,,,1375.0,0.0,1375.0,-1.0,-2.0,1372.0,1372.0,,1652.0,0.83,0.83,0.83,1689.0,0.81,0.81,0.81,
09/09/2006,9134.0,,-4108.0,,5026.0,,-3170.0,,,1856.0,192.0,12.0,51.0,-39.0,0.0,,-204.0,2048.0,-554.0,1494.0,0.0,,,1494.0,0.0,1494.0,0.0,-3.0,1491.0,1491.0,,1648.0,0.9,0.9,0.9,1688.0,0.89,0.89,0.89,
12/30/2006,10570.0,,-4830.0,,5740.0,,-4147.0,,,1593.0,105.0,4.0,67.0,-63.0,0.0,,-109.0,1698.0,128.0,1826.0,0.0,,,1826.0,0.0,1826.0,-10.0,7.0,1823.0,1823.0,,1642.0,1.11,1.11,0.74,1681.0,1.09,1.09,0.72,
03/24/2007,7350.0,,-3285.0,,4065.0,,-2646.0,,,1419.0,54.0,20.0,42.0,-22.0,0.0,,-74.0,1473.0,-377.0,1096.0,0.0,,,1096.0,0.0,1096.0,0.0,-3.0,1093.0,1093.0,,1637.0,0.67,0.67,0.67,1673.0,0.65,0.65,0.65,
06/16/2007,9607.0,,-4342.0,,5265.0,,-3306.0,,,1959.0,158.0,15.0,54.0,-39.0,0.0,,-173.0,2117.0,-560.0,1557.0,0.0,,,1557.0,0.0,1557.0,-1.0,-1.0,1555.0,1555.0,,1628.0,0.96,0.96,0.96,1665.0,0.94,0.94,0.94,
09/08/2007,10171.0,,-4627.0,,5544.0,,-3482.0,,,2062.0,182.0,36.0,57.0,-21.0,0.0,,-218.0,2244.0,-501.0,1743.0,0.0,,,1743.0,0.0,1743.0,0.0,-2.0,1741.0,1741.0,-115.0,1615.0,1.08,1.08,1.01,1651.0,1.06,1.06,0.99,
12/29/2007,12346.0,,-5784.0,,6562.0,,-4832.0,,,1730.0,67.0,,71.0,-43.0,0.0,,-95.0,1797.0,-535.0,1262.0,0.0,,,1262.0,0.0,1262.0,-1.0,-4.0,1257.0,1257.0,,1618.0,0.78,0.78,0.81,1639.0,0.77,0.77,0.8,
03/22/2008,8333.0,,-3834.0,,4499.0,,-2946.0,,,1553.0,13.0,57.0,58.0,-1.0,0.0,,-70.0,1566.0,-418.0,1148.0,0.0,,,1148.0,0.0,1148.0,0.0,0.0,1148.0,1148.0,,1599.0,0.72,0.72,0.72,1632.0,0.7,0.7,0.7,
06/14/2008,10945.0,,-5078.0,,5867.0,,-3682.0,,,2185.0,132.0,36.0,74.0,-38.0,0.0,,-168.0,2317.0,-618.0,1699.0,0.0,,,1699.0,0.0,1699.0,0.0,0.0,1699.0,1699.0,-32.24,1582.0,1.07,1.07,1.05,1612.0,1.05,1.05,1.03,
09/06/2008,11244.0,,-5268.0,,5976.0,,-3992.0,,,1984.0,142.0,59.0,73.0,-14.0,0.0,,-201.0,2126.0,-550.0,1576.0,0.0,,,1576.0,0.0,1576.0,-2.0,0.0,1574.0,1574.0,111.5,1564.0,1.01,1.01,1.08,1593.0,0.99,0.99,1.06,
12/27/2008,12729.0,,-6171.0,,6558.0,,-5345.0,,,1213.0,-201.0,,124.0,,0.0,,77.0,1012.0,-293.0,719.0,0.0,,,719.0,0.0,719.0,0.0,-6.0,713.0,713.0,,1568.0,0.46,0.46,0.88,1597.0,0.45,0.45,0.87,
03/21/2009,8263.0,8263.0,-3744.0,3744.0,4519.0,0.0,-2931.0,2921.0,10.0,1588.0,-73.0,98.0,98.0,0.0,,-25.0,0.0,1515.0,-374.0,1141.0,0.0,0.0,0.0,1141.0,-6.0,1135.0,,-2.0,1133.0,1133.0,0.0,1555.0,0.73,0.73,0.73,1570.0,0.72,0.72,0.72,
06/13/2009,10592.0,10592.0,-4881.0,4881.0,5711.0,0.0,-3521.0,3507.0,14.0,2190.0,46.0,73.0,101.0,-28.0,,-119.0,0.0,2236.0,-568.0,1668.0,0.0,0.0,0.0,1668.0,-8.0,1660.0,,-1.0,1659.0,1669.0,10.0,1557.0,1.065511,1.065511,1.071933,1572.0,1.0,1.0,1.006361,
09/05/2009,11080.0,11080.0,-5181.0,5181.0,5899.0,0.0,-3667.0,3649.0,18.0,2232.0,76.0,70.0,86.0,-16.0,,-146.0,0.0,2308.0,-575.0,1733.0,0.0,0.0,0.0,1733.0,-16.0,1717.0,,0.0,1717.0,1706.0,-11.0,1558.45,1.1,1.1,1.094677,1577.0,1.09,1.09,1.083025,
12/26/2009,13297.0,13297.0,-6293.0,6293.0,7004.0,0.0,-4970.0,4949.0,21.0,2034.0,-14.0,89.0,112.0,-23.0,,-75.0,0.0,2020.0,-583.0,1437.0,0.0,0.0,0.0,1437.0,-3.0,1434.0,,0.0,1434.0,1422.0,-12.0,1584.0,0.9,0.9,0.897727,1584.0,0.9,0.9,0.892424,
03/20/2010,9368.0,9368.0,-4463.0,4463.0,4905.0,0.0,-4065.0,4049.0,16.0,840.0,561.0,148.0,154.0,-6.0,,-709.0,0.0,1401.0,33.0,1434.0,0.0,0.0,0.0,1434.0,-4.0,1430.0,,-1.0,1429.0,898.35,-530.65,1582.0,0.9,0.9,0.567857,1606.0,0.89,0.89,0.559583,
06/12/2010,14801.0,14801.0,-6745.0,6745.0,8056.0,0.0,-5595.0,5563.0,32.0,2461.0,-161.0,170.0,172.0,-2.0,,-9.0,0.0,2300.0,-687.0,1613.0,0.0,0.0,0.0,1613.0,-10.0,1603.0,-1.0,-1.0,1601.0,1723.0,122.0,1608.0,1.0,1.0,1.071517,1634.0,0.98,0.98,1.054663,
09/04/2010,15514.0,15514.0,-7008.0,7008.0,8506.0,0.0,-5706.0,5676.0,30.0,2800.0,-141.0,151.0,151.0,0.0,,-10.0,0.0,2659.0,-729.0,1930.0,0.0,0.0,0.0,1930.0,-8.0,1922.0,,0.0,1922.0,1963.0,41.0,1588.0,1.21,1.21,1.236146,1612.0,1.19,1.19,1.215434,
12/25/2010,18155.0,18155.0,-8359.0,8359.0,9796.0,0.0,-7565.0,7526.0,39.0,2231.0,-359.0,366.0,408.0,-42.0,,-7.0,0.0,1872.0,-511.0,1361.0,0.0,0.0,0.0,1361.0,4.0,1365.0,,0.0,1365.0,1674.0,309.0,1582.0,0.862832,0.862832,1.058154,1607.0,0.849409,0.849409,1.041693,
03/19/2011,11937.0,11937.0,-5447.0,5447.0,6490.0,0.0,-4764.0,4739.0,25.0,1726.0,-163.0,163.0,180.0,-17.0,,,0.0,1563.0,-419.0,1144.0,0.0,0.0,0.0,1144.0,-1.0,1143.0,,-2.0,1141.0,1171.0,30.0,1583.0,0.72,0.72,0.739735,1605.0,0.71,0.71,0.728692,
06/11/2011,16827.0,16827.0,-7963.0,7963.0,8864.0,0.0,-6110.0,6070.0,40.0,2754.0,-179.0,179.0,199.0,-20.0,,,0.0,2575.0,-670.0,1905.0,0.0,0.0,0.0,1905.0,-20.0,1885.0,-1.0,-1.0,1883.0,1981.15,98.15,1583.0,1.19,1.19,1.251516,1605.0,1.17,1.17,1.231153,
09/03/2011,17582.0,17582.0,-8452.0,8452.0,9130.0,0.0,-6224.0,6186.0,38.0,2906.0,-209.0,209.0,209.0,0.0,,,0.0,2697.0,-686.0,2011.0,0.0,0.0,0.0,2011.0,-11.0,2000.0,,-1.0,1999.0,2086.0,87.0,1578.0,1.27,1.27,1.321926,1599.0,1.25,1.25,1.304409,
12/31/2011,20158.0,20158.0,-9731.0,9731.0,10427.0,0.0,-8180.0,8150.0,30.0,2247.0,-248.0,248.0,272.0,-24.0,,,0.0,1999.0,-597.0,1402.0,0.0,0.0,0.0,1402.0,13.0,1415.0,,0.0,1415.0,1876.0,461.0,1564.0,0.89,0.89,1.199488,1584.0,0.89,0.89,1.181035,
03/24/2012,12428.0,12428.0,-5889.0,5889.0,6539.0,0.0,-4817.0,4792.0,25.0,1722.0,-175.0,175.0,198.0,-23.0,,,0.0,1547.0,-414.0,1133.0,0.0,0.0,0.0,1133.0,-6.0,1127.0,,-1.0,1126.0,1091.0,-35.0,1568.0,0.72,0.72,0.695791,1584.0,0.71,0.71,0.687904,
06/16/2012,16458.0,16458.0,-7915.0,7915.0,8543.0,0.0,-6166.0,6136.0,30.0,2377.0,-208.0,208.0,209.0,-1.0,,,0.0,2169.0,-668.0,1501.0,0.0,0.0,0.0,1501.0,-13.0,1488.0,-1.0,-2.0,1485.0,1599.0,114.0,1563.0,0.95,0.95,1.023033,1581.0,0.94,0.94,1.012106,
09/08/2012,16652.0,16652.0,-7833.0,7833.0,8819.0,0.0,-6019.0,5992.0,27.0,2800.0,-181.0,181.0,204.0,-23.0,,,0.0,2619.0,-706.0,1913.0,0.0,0.0,0.0,1913.0,-11.0,1902.0,,0.0,1902.0,1893.0,-9.0,1556.0,1.22,1.22,1.216581,1575.0,1.21,1.21,1.204286,
12/29/2012,19954.0,19954.0,-9654.0,9654.0,10300.0,0.0,-8087.0,8050.0,37.0,2213.0,-244.0,244.0,288.0,-44.0,,,0.0,1969.0,-302.0,1667.0,0.0,0.0,0.0,1667.0,-6.0,1661.0,,0.0,1661.0,1704.0,43.0,1546.0,1.06,1.06,1.102199,1564.0,1.06,1.06,1.087494,
03/23/2013,12581.0,12581.0,-5834.0,5834.0,6747.0,0.0,-5089.0,5066.0,23.0,1658.0,-187.0,187.0,214.0,-27.0,,,0.0,1471.0,-386.0,1085.0,0.0,0.0,0.0,1085.0,-10.0,1075.0,,-2.0,1073.0,1093.0,20.0,1544.0,0.69,0.69,0.707902,1563.0,0.69,0.69,0.702796,
06/15/2013,16807.0,16807.0,-7898.0,7898.0,8909.0,0.0,-6040.0,6013.0,27.0,2869.0,-190.0,190.0,208.0,-18.0,,,0.0,2679.0,-654.0,2025.0,0.0,0.0,0.0,2025.0,-15.0,2010.0,,0.0,2010.0,2050.0,40.0,1548.0,1.3,1.3,1.324289,1567.0,1.28,1.28,1.305526,
09/07/2013,16909.0,16909.0,-7946.0,7946.0,8963.0,0.0,-6183.0,6158.0,25.0,2780.0,-203.0,203.0,220.0,-17.0,,,0.0,2577.0,-654.0,1923.0,0.0,0.0,0.0,1923.0,-10.0,1913.0,,0.0,1913.0,1936.0,23.0,1542.0,1.24,1.24,1.255512,1561.0,1.23,1.23,1.244734,
12/28/2013,20118.0,20118.0,-9565.0,9565.0,10553.0,0.0,-8155.0,8120.0,35.0,2398.0,-234.0,234.0,269.0,-35.0,,,0.0,2164.0,-410.0,1754.0,0.0,0.0,0.0,1754.0,-12.0,1742.0,,0.0,1742.0,1840.0,98.0,1532.0,1.12,1.12,1.201044,1552.0,1.12,1.12,1.183144,
03/22/2014,12623.0,12623.0,-5747.0,5747.0,6876.0,0.0,-5069.0,5048.0,21.0,1807.0,-191.0,191.0,201.0,-10.0,,,0.0,1616.0,-389.0,1227.0,0.0,0.0,0.0,1227.0,-11.0,1216.0,,-1.0,1215.0,1270.0,55.0,1524.0,0.8,0.8,0.833333,1540.0,0.79,0.79,0.825714,
06/14/2014,16894.0,16894.0,-7778.0,7778.0,9116.0,0.0,-6220.0,6198.0,22.0,2896.0,-191.0,209.0,209.0,0.0,,,-18.0,2705.0,-718.0,1987.0,0.0,0.0,0.0,1987.0,-9.0,1978.0,,-2.0,1976.0,2025.0,49.0,1515.0,1.3,1.3,1.336634,1532.0,1.29,1.29,1.321984,
09/06/2014,17218.0,17218.0,-7995.0,7995.0,9223.0,0.0,-6376.0,6354.0,22.0,2847.0,-192.0,192.0,215.0,-23.0,,,0.0,2655.0,-637.0,2018.0,0.0,0.0,0.0,2018.0,-10.0,2008.0,,-3.0,2005.0,2076.0,71.0,1507.0,1.33,1.33,1.377571,1525.0,1.32,1.32,1.366557,
12/27/2014,19948.0,19948.0,-9364.0,9364.0,10584.0,0.0,-8553.0,8526.0,27.0,2031.0,-250.0,250.0,284.0,-34.0,,,0.0,1781.0,-455.0,1326.0,0.0,0.0,0.0,1326.0,-15.0,1311.0,,-3.0,1308.0,1686.0,378.0,1514.0,0.87,0.87,1.113606,1514.0,0.87,0.87,1.113606,
03/21/2015,12217.0,12217.0,-5503.0,5503.0,6714.0,0.0,-4917.0,4901.0,16.0,1797.0,-196.0,196.0,211.0,-15.0,,,0.0,1601.0,-370.0,1231.0,0.0,0.0,0.0,1231.0,-10.0,1221.0,,-1.0,1220.0,1250.0,30.0,1484.0,0.82,0.82,0.842318,1503.0,0.81,0.81,0.82996,
06/13/2015,15923.0,15923.0,-7251.0,7251.0,8672.0,0.0,-5772.0,5753.0,19.0,2900.0,-203.0,217.0,217.0,0.0,,,-14.0,2697.0,-703.0,1994.0,0.0,0.0,0.0,1994.0,-14.0,1980.0,,-1.0,1979.0,1987.25,8.25,1476.0,1.34,1.34,1.346375,1491.0,1.33,1.33,1.335533,
09/05/2015,16331.0,16331.0,-7490.0,7490.0,8841.0,0.0,-7425.0,6048.0,1377.0,1416.0,-223.0,223.0,225.0,-2.0,,,0.0,1193.0,-650.0,543.0,0.0,0.0,0.0,543.0,-10.0,533.0,-1.0,-1.0,531.0,2028.0,1497.0,1467.0,0.36,0.36,1.382413,1483.0,0.36,0.36,1.36944,
12/26/2015,18585.0,18585.0,-8487.0,8487.0,10098.0,0.0,-7858.0,7836.0,22.0,2240.0,-289.0,289.0,317.0,-28.0,,,0.0,1951.0,-218.0,1733.0,0.0,0.0,0.0,1733.0,-15.0,1718.0,-1.0,-2.0,1715.0,1595.35,-119.65,1470.0,1.17,1.17,1.085272,1470.0,1.17,1.17,1.085272,
03/19/2016,11862.0,11862.0,-5151.0,5151.0,6711.0,0.0,-5092.0,5078.0,14.0,1619.0,-232.0,232.0,246.0,-14.0,,,0.0,1387.0,-442.0,945.0,0.0,0.0,0.0,945.0,-14.0,931.0,0.0,1.0,932.0,1301.0,369.0,1446.0,0.64,0.64,0.899723,1459.0,0.64,0.64,0.892913,
06/11/2016,15395.0,15395.0,-6830.0,6830.0,8565.0,0.0,-5601.0,5584.0,17.0,2964.0,-233.0,233.0,255.0,-22.0,,,0.0,2731.0,-718.0,2013.0,0.0,0.0,0.0,2013.0,-8.0,2005.0,,1.0,2006.0,1972.0,-34.0,1443.0,1.39,1.39,1.366597,1456.0,1.38,1.38,1.356648,
09/03/2016,16027.0,16027.0,-7284.0,7284.0,8743.0,0.0,-5922.0,5904.0,18.0,2821.0,-217.0,217.0,247.0,-30.0,,,0.0,2604.0,-600.0,2004.0,0.0,0.0,0.0,2004.0,-12.0,1992.0,,1.0,1993.0,2037.0,44.0,1438.0,1.38,1.38,1.416551,1452.0,1.37,1.37,1.400303,
12/31/2016,19515.0,19515.0,-8957.0,8957.0,10558.0,0.0,-8158.0,8207.0,-49.0,2400.0,-569.0,550.0,594.0,-44.0,,,19.0,1831.0,-414.0,1417.0,0.0,0.0,0.0,1417.0,-16.0,1401.0,-1.0,-8.0,1392.0,1724.0,332.0,1429.0,0.974108,0.974108,1.206438,1441.0,0.965996,0.965996,1.196391,
03/25/2017,12049.0,12049.0,-5286.0,5286.0,6763.0,0.0,-4830.0,4817.0,13.0,1933.0,-212.0,212.0,252.0,-40.0,,,0.0,1721.0,-392.0,1329.0,0.0,0.0,0.0,1329.0,-11.0,1318.0,0.0,-2.0,1316.0,1352.0,36.0,1428.0,0.92,0.92,0.946779,1440.0,0.91,0.91,0.935,
06/17/2017,15710.0,15710.0,-7059.0,7059.0,8651.0,0.0,-5732.0,5732.0,0.0,2919.0,-145.0,216.0,265.0,-49.0,,,-71.0,2774.0,-656.0,2118.0,0.0,0.0,0.0,2118.0,-13.0,2105.0,,0.0,2105.0,2155.0,50.0,1428.0,1.47,1.47,1.509104,1441.0,1.46,1.46,1.494698,
09/09/2017,16240.0,16240.0,-7368.0,7368.0,8872.0,0.0,-5948.0,5948.0,0.0,2924.0,-148.0,217.0,269.0,-52.0,,,-69.0,2776.0,-620.0,2156.0,0.0,0.0,0.0,2156.0,-12.0,2144.0,0.0,0.0,2144.0,2134.0,-10.0,1425.0,1.5,1.5,1.497544,1438.0,1.49,1.49,1.483046,
12/30/2017,19526.0,19526.0,-9079.0,9079.0,10447.0,0.0,-7877.0,7877.0,0.0,2570.0,-239.0,262.0,365.0,-103.0,,,-23.0,2331.0,-3026.0,-695.0,0.0,0.0,0.0,-695.0,-15.0,-710.0,0.0,0.0,-710.0,1881.0,2591.0,1420.0,-0.5,-0.5,1.324648,1421.0,-0.5,-0.5,1.323364,
03/24/2018,12562.0,12562.0,-5655.0,5655.0,6907.0,0.0,-5100.0,5100.0,0.0,1807.0,-150.0,225.0,294.0,-69.0,,,-75.0,1657.0,-304.0,1353.0,0.0,0.0,0.0,1353.0,-10.0,1343.0,0.0,-2.0,1341.0,1377.0,36.0,1420.0,0.94,0.94,0.969718,1430.0,0.94,0.94,0.965175,
06/16/2018,16090.0,16090.0,-7263.0,7263.0,8827.0,0.0,-5799.0,5799.0,0.0,3028.0,-128.0,210.0,308.0,-98.0,,,-82.0,2900.0,-1070.0,1830.0,0.0,0.0,0.0,1830.0,-10.0,1820.0,0.0,0.0,1820.0,2321.96,501.96,1417.0,1.28,1.28,1.638645,1426.0,1.28,1.28,1.632006,
09/08/2018,16485.0,16485.0,-7527.0,7527.0,8958.0,0.0,-6114.0,6114.0,0.0,2844.0,-147.0,221.0,302.0,-81.0,,,-74.0,2697.0,-188.0,2509.0,0.0,0.0,0.0,2509.0,-11.0,2498.0,0.0,0.0,2498.0,2264.0,-234.0,1414.0,1.77,1.77,1.601132,1424.0,1.75,1.75,1.585674,
12/29/2018,19524.0,19524.0,-8936.0,8936.0,10588.0,0.0,-8157.0,8157.0,0.0,2431.0,-496.0,563.0,621.0,-58.0,,,-67.0,1935.0,4932.0,6867.0,0.0,0.0,0.0,6867.0,-13.0,6854.0,0.0,-2.0,6852.0,1926.0,-4926.0,1409.876543,4.86,4.86,1.366077,1420.0,4.83,4.83,1.360986,
03/23/2019,12884.0,12884.0,-5688.0,5688.0,7196.0,0.0,-5188.0,5188.0,0.0,2008.0,-140.0,204.0,267.0,-63.0,,,-64.0,1868.0,-446.0,1422.0,0.0,0.0,0.0,1422.0,-9.0,1413.0,0.0,0.0,1413.0,1374.0,-39.0,1406.0,1.01,1.01,0.97724,1413.0,1.0,1.0,0.972399,
06/15/2019,16449.0,16449.0,-7404.0,7404.0,9045.0,0.0,-6316.0,6316.0,0.0,2729.0,-162.0,223.0,261.0,-38.0,,,-61.0,2567.0,-524.0,2043.0,0.0,0.0,0.0,2043.0,-8.0,2035.0,0.0,0.0,2035.0,2175.0,140.0,1401.0,1.45,1.45,1.552463,1409.0,1.44,1.44,1.539361,
09/07/2019,17188.0,17188.0,-7694.0,7694.0,9494.0,0.0,-6639.0,6639.0,0.0,2855.0,-186.0,224.0,262.0,-38.0,,,-38.0,2669.0,-559.0,2110.0,0.0,0.0,0.0,2110.0,-10.0,2100.0,0.0,0.0,2100.0,2191.0,91.0,1397.0,1.5,1.5,1.568361,1405.0,1.49,1.49,1.554769,
12/28/2019,20640.0,20640.0,-9346.0,9346.0,11294.0,0.0,-8595.0,8595.0,0.0,2699.0,-491.0,284.0,345.0,-61.0,0.0,,207.0,2208.0,-430.0,1778.0,0.0,0.0,0.0,1778.0,-12.0,1766.0,0.0,0.0,1766.0,2035.0,269.0,1401.0,1.27,1.27,1.452534,1401.0,1.26,1.26,1.452006,
03/21/2020,13881.0,13881.0,-6127.0,6127.0,7754.0,0.0,-5830.0,5830.0,0.0,1924.0,-213.0,290.0,290.0,0.0,,,-77.0,1711.0,-360.0,1351.0,0.0,0.0,0.0,1351.0,-13.0,1338.0,0.0,0.0,1338.0,1499.0,161.0,1390.0,0.96,0.96,1.078417,1396.0,0.96,0.96,1.07533,
06/13/2020,15945.0,15945.0,-7088.0,7088.0,8857.0,0.0,-6538.0,6538.0,0.0,2319.0,-151.0,235.0,235.0,0.0,,,-84.0,2168.0,-510.0,1658.0,0.0,0.0,0.0,1658.0,-12.0,1646.0,0.0,0.0,1646.0,1838.0,192.0,1387.0,1.19,1.19,1.325162,1393.0,1.18,1.18,1.317832,
09/30/2020,17226.692,,,,9516.0246608,,,,,2829.6,,,,,,,,2620.3,,2044.6,,,,,,2044.6,,,2044.6,2065.1,,,1.468,1.468,1.484,,1.468,1.468,1.484,
12/31/2020,20933.077,,,,11437.62394203,,,,,2828.2,,,,,,,,2586.3,,2022.0,,,,,,2022.0,,,2022.0,2032.8,,,1.442,1.442,1.469,,1.442,1.442,1.469,
