Date,Revenue,Sales & Services Revenue,Cost of Revenue,Cost of Goods & Services,Gross Profit,Other Operating Income,Operating Expenses,"Selling, General & Admin",Research & Development,Other Operating Expense,Operating Income (Loss),Non-Operating (Income) Loss,"Interest Expense, Net",Interest Expense,Interest Income,Foreign Exch (Gain) Loss,Other Non-Op (Income) Loss,Pretax Income,Income Tax Expense (Benefit),Income (Loss) from Cont Ops,Net Extraordinary Losses (Gains),Discontinued Operations,XO & Accounting Changes,Income (Loss) Incl. MI,Minority Interest,"Net Income, GAAP",Preferred Dividends,Other Adjustments,"Net Income Avail to Common, GAAP","Net Income Avail to Common, Adj",Net Abnormal Losses (Gains),Basic Weighted Avg Shares,"Basic EPS, GAAP",Basic EPS from Cont Ops,"Basic EPS from Cont Ops, Adjusted",Diluted Weighted Avg Shares,"Diluted EPS, GAAP",Diluted EPS from Cont Ops,"Diluted EPS from Cont Ops, Adjusted",Source: Bloomberg
04/01/1990,1482.0,,-501.100006,,980.899994,,-675.5,,,,305.399994,41.1,,36.400002,,-6.6,-70.900002,346.499994,-93.599998,252.899994,0.0,,,252.899995,-1.0,251.899994,0.0,,251.899994,251.899994,,4044.0,0.0625,0.0625,,4044.0,0.0625,0.0625,0.0625,
07/01/1990,1495.699951,,-532.099976,,963.599976,,-754.299988,,,,209.300003,-0.3,,28.9,,-4.1,-24.5,209.000003,-56.400002,152.600006,0.0,,,152.600002,-1.4,151.199997,0.0,,151.199997,151.199997,,4039.200073,0.0375,0.0375,,4039.200073,0.0375,0.0375,0.0375,
09/30/1990,1643.0,,-572.0,,1071.0,,-742.5,,,,328.5,6.199999,,30.6,,-3.5,-33.299999,334.699999,-90.400002,244.300003,0.0,,,244.299997,-1.0,243.300003,0.0,,243.300003,243.300003,,4041.599854,0.060417,0.060417,,4041.599854,0.060417,0.060417,0.060417,
12/31/1990,1785.300049,,-654.200012,,1131.100037,,-920.5,,,,210.600006,2.500004,,36.599998,,-3.2,-35.900002,213.10001,-57.5,155.600006,0.0,,,155.60001,-0.8,154.800003,0.0,,154.800003,154.800003,,3963.936024,0.038333,0.038333,0.038333,3963.936024,0.038333,0.038333,0.038333,
03/31/1991,1695.699951,,-525.200012,,1170.499939,,-797.799988,,,,372.700012,-4.900001,,31.1,,1.1,-27.299999,367.800011,-99.300003,268.5,0.0,,,268.500008,-1.1,267.399994,0.0,,267.399994,267.399994,,4081.200073,0.065833,0.065833,,4081.200073,0.065833,0.065833,0.065833,
06/30/1991,1631.099976,,-518.200012,,1112.899963,,-866.299988,,,,246.600006,-0.3,,30.299999,,0.9,-30.9,246.300007,-66.5,179.800003,0.0,,,179.800007,-0.7,179.100006,0.0,,179.100006,179.100006,,4081.200073,0.044167,0.044167,,4081.200073,0.044167,0.044167,0.044167,
09/29/1991,1773.0,,-544.099976,,1228.900024,,-855.5,,,,373.399994,-9.499999,,32.099998,,3.2,-25.799999,363.899995,-88.5,275.399994,0.0,,,275.399995,-0.7,274.700012,0.0,,274.700012,274.700012,,4075.200073,0.0675,0.0675,,4075.200073,0.0675,0.0675,0.0675,
12/31/1991,1850.199951,,-613.099976,,1237.099975,,-976.299988,,,,260.799988,-295.10001,,36.599998,,1.3,257.200012,-34.300022,35.900002,1.6,0.0,,,1.59998,-0.7,0.9,0.0,,0.9,0.9,,4073.66382,0.0,0.0,0.0,4073.66382,0.0,0.0,0.0,
03/29/1992,1761.300049,,-491.200012,,1270.100037,,-875.200012,,,,394.899994,7.3,,29.299999,,3.2,-39.799999,402.199994,-104.599998,297.600006,282.600006,,,14.999989,-0.2,14.8,0.0,,14.8,14.8,,4060.799927,0.003333,0.073333,,4060.799927,0.003333,0.073333,0.073333,
06/29/1992,1694.199951,,-494.399994,,1199.799957,,-925.400024,,,,274.399994,75.499997,,25.5,,6.7,-107.699997,349.899991,-129.800003,220.100006,0.0,,,220.099988,-0.3,219.800003,0.0,,219.800003,219.800003,,4051.200073,0.055,0.055,,4051.200073,0.055,0.055,0.055,
09/27/1992,1827.599976,,-521.5,,1306.099976,,-903.099976,,,,403.0,-0.6,,23.299999,,-1.3,-21.4,402.4,-104.599998,297.799988,0.0,,,297.800002,-0.3,297.5,0.0,,297.5,297.5,,4050.0,0.073333,0.073333,,4050.0,0.073333,0.073333,0.073333,
12/31/1992,1947.099976,,-517.200012,,1429.899964,,-1058.800049,,,,371.100006,9.200002,,25.299999,,14.2,-48.700001,380.300008,-99.599998,280.700012,0.0,,,280.70001,-1.9,278.799988,0.0,,278.799988,278.799988,,3928.884156,0.069167,0.069167,0.069167,3928.884156,0.069167,0.069167,0.069167,
03/31/1993,1867.300049,,-423.399994,,1443.900055,,-984.900024,,,,459.0,-14.7,,24.9,,4.3,-14.5,444.3,-115.5,328.799988,0.0,,,328.8,0.2,329.0,0.0,,329.0,329.0,,3916.799927,0.084167,0.084167,,3916.799927,0.084167,0.084167,0.084167,
06/30/1993,1748.699951,,-437.100006,,1311.599945,,-988.700012,,,,322.899994,21.000001,,26.799999,,6.7,-54.5,343.899995,-89.599998,254.300003,0.0,,,254.299996,-0.5,253.800003,0.0,,253.800003,253.800003,,3886.799927,0.065833,0.065833,,3886.799927,0.065833,0.065833,0.065833,
10/03/1993,1872.5,,-436.399994,,1436.100006,,-987.900024,,,,448.200012,-776.500025,,29.6,,14.5,732.400024,-328.300013,115.5,-212.800003,0.0,,,-212.800013,-1.4,-214.199997,0.0,,-214.199997,-214.199997,,3861.599854,-0.054167,-0.054167,,3861.599854,-0.054167,-0.054167,-0.054167,
12/31/1993,1989.199951,,-475.100006,,1514.099945,,-1078.900024,,,,435.200012,-43.700001,,25.200001,,14.5,4.0,391.500011,-101.699997,289.799988,0.0,,,289.800014,-0.9,288.899994,0.0,,288.899994,288.899994,,3852.0,0.075,0.075,0.075,3852.0,0.075,0.075,0.075,
03/31/1994,1982.900024,,-432.200012,,1550.700012,,-985.200012,,,,565.5,-35.500001,,34.200001,,2.1,-0.8,529.999999,-159.0,371.0,0.0,,,370.999999,-0.3,370.700012,0.0,,370.700012,370.700012,,3758.400146,0.098333,0.098333,,3758.400146,0.098333,0.098333,0.098333,
06/30/1994,1923.300049,,-464.100006,,1459.200043,,-1062.0,,,,397.200012,-27.4,,29.6,,,-2.2,369.800012,-110.900002,258.899994,0.0,,,258.90001,-1.7,257.200012,0.0,,257.200012,257.200012,,3703.200073,0.07,0.07,,3703.200073,0.07,0.07,0.07,
09/30/1994,2006.699951,,-430.5,,1576.199951,,-1072.900024,,,,503.299988,-24.299999,,32.299999,,,-8.0,478.999989,-143.699997,335.299988,-2.6,,,337.899992,-1.4,336.5,0.0,,336.5,336.5,,3704.400146,0.09,0.089167,,3704.400146,0.09,0.089167,0.089167,
12/31/1994,2064.399902,,-395.399994,,1668.999908,,-1190.099976,,,,478.899994,-29.299999,,30.799999,,0.0,-1.5,449.599995,-135.600006,316.100006,-19.1,,,333.099989,-1.2,334.0,0.0,,334.0,334.0,,3723.599854,0.09,0.086667,,3723.599854,0.09,0.086667,0.086667,
03/31/1995,2338.0,,-509.0,,1829.0,,-1162.0,,,,667.0,-39.0,,50.0,,,-11.0,628.0,-207.0,421.0,1.0,,,420.0,0.0,420.0,0.0,,420.0,420.0,,3732.0,0.1125,0.1125,,3732.0,0.1125,0.1125,0.1125,
06/30/1995,2401.0,,-552.0,,1849.0,,-1321.0,,,,528.0,-60.0,,56.0,,-4.0,8.0,468.0,-155.0,313.0,-6.0,,,319.0,-2.0,317.0,0.0,,317.0,317.0,,3786.0,0.083333,0.08175,,3786.0,0.083333,0.08175,0.08175,
09/30/1995,2538.5,,-535.700012,,2002.799988,,-1311.400024,,,,691.400024,-64.599998,,46.099998,,,18.5,626.800026,-206.800003,420.0,-6.2,,,426.200023,-0.9,425.299988,0.0,,425.299988,425.299988,,3786.0,0.111667,0.11,,3786.0,0.111667,0.11,0.11,
12/31/1995,2598.0,,-473.600006,,2124.399994,,-1462.0,,,,662.400024,-96.400002,,40.5,,0.0,55.900002,566.000023,-166.100006,399.899994,-12.5,,,412.400017,-1.5,410.899994,0.0,,410.899994,410.899994,,3837.599854,0.108333,0.106667,,3837.599854,0.108333,0.106667,0.106667,
03/31/1996,2682.0,,-513.0,,2169.0,,-1360.0,,,,809.0,-57.0,,38.0,,4.0,15.0,752.0,-233.0,519.0,0.0,,,519.0,-2.0,517.0,0.0,,517.0,517.0,,3750.0,0.138333,0.138333,0.138333,3846.0,0.1345,0.1345,0.1345,
06/30/1996,2661.0,,-521.0,,2140.0,,-1505.0,,,,635.0,-61.0,,42.0,,4.0,15.0,574.0,-178.0,396.0,0.0,,,396.0,-2.0,394.0,0.0,,394.0,394.0,,3762.0,0.104667,0.104667,0.104667,3858.0,0.102167,0.102167,0.102167,
09/30/1996,2803.0,,-522.0,,2281.0,,-1446.0,,,,835.0,-86.0,,39.0,,5.0,42.0,749.0,-232.0,517.0,0.0,,,517.0,-3.0,514.0,0.0,,514.0,514.0,,3762.0,0.136667,0.136667,0.136667,3870.0,0.133333,0.133333,0.133333,
12/31/1996,3160.0,,-620.0,,2540.0,,-1739.0,,,,801.0,-72.0,,46.0,,-10.0,36.0,729.0,-226.0,503.0,0.0,,,503.0,1.0,504.0,0.0,,504.0,504.0,,3732.0,0.135,0.135,0.135,3882.0,0.128333,0.128333,0.128333,
03/31/1997,3001.0,,-545.0,,2456.0,,-1527.0,,,,929.0,-67.0,,37.0,,6.0,24.0,862.0,-259.0,603.0,0.0,,,603.0,-1.0,602.0,0.0,,602.0,602.0,,3771.0,0.16,0.16,0.16,3900.0,0.154333,0.154333,0.154333,
06/30/1997,2913.0,,-510.0,,2403.0,,-1706.0,,,,697.0,-61.0,,37.0,,3.0,21.0,636.0,-175.0,461.0,0.0,,,461.0,-4.0,457.0,0.0,,457.0,457.0,,3771.0,0.12,0.12,0.12,3903.0,0.116667,0.116667,0.116667,
09/28/1997,2747.0,,-423.0,,2324.0,0.0,-1545.0,1051.0,,494.0,779.0,0.0,-2.0,38.0,-40.0,11.0,-9.0,779.0,-194.0,585.0,-14.0,,,599.0,-3.0,596.0,,0.0,596.0,596.0,,3768.0,0.16,0.156667,0.156667,3909.0,0.153333,0.15,0.15,
12/31/1997,3072.0,,-531.0,,2541.0,,-1803.0,,,,738.0,-45.0,,34.0,,-3.0,14.0,693.0,-188.0,505.0,-55.0,,,560.0,-2.0,558.0,0.0,,558.0,558.0,,3750.0,0.146667,0.133333,0.133333,3909.0,0.143333,0.13,0.126667,
03/29/1998,3036.0,,-443.0,,2593.0,,-1851.0,1199.0,,652.0,742.0,0.0,-9.0,27.0,-36.0,-5.0,14.0,742.0,-206.0,536.0,-157.0,-157.0,,693.0,-1.0,692.0,0.0,,692.0,692.0,,3786.0,0.183333,0.14,0.14,3945.0,0.176667,0.136667,0.136667,
06/28/1998,3312.0,,-484.0,,2828.0,,-1984.0,,,,844.0,0.0,-6.0,34.0,-40.0,4.0,2.0,844.0,-249.0,595.0,-34.0,,,629.0,-1.0,628.0,0.0,,628.0,628.0,,3794.0,0.17,0.16,0.16,3959.0,0.15,0.15,0.15,
09/27/1998,3330.0,,-474.0,,2856.0,0.0,-2154.0,1323.0,,831.0,702.0,0.0,-7.0,35.0,-42.0,10.0,-3.0,702.0,-186.0,516.0,-882.0,,,1398.0,-1.0,1397.0,,0.0,1397.0,1397.0,,3795.0,0.366667,0.133333,0.133333,3951.0,0.353333,0.13,0.13,
12/31/1998,3866.0,,-608.0,,3258.0,,-2768.0,,,,490.0,-184.0,40.0,40.0,,-25.0,169.0,306.0,-1.0,305.0,-328.0,,,633.0,1.0,634.0,,0.0,634.0,634.0,,3804.0,0.17,0.08,0.186667,3882.0,0.17,0.07,0.18,
04/04/1999,3927.0,,-546.0,,3381.0,,-2232.0,1570.0,,662.0,1149.0,0.0,-25.0,41.0,-66.0,-7.0,32.0,1149.0,-333.0,816.0,,,,816.0,-1.0,815.0,0.0,,815.0,815.0,,3783.0,0.216667,0.216667,0.216667,3933.0,0.206667,0.206667,0.206667,
07/04/1999,6516.0,,-1179.0,,5337.0,,-3609.0,,,,1728.0,-64.0,-14.0,90.0,-104.0,-1.0,79.0,1664.0,-482.0,1182.0,20.0,,,1162.0,-1.0,1161.0,0.0,0.0,1161.0,1161.0,,6125.0,0.19,0.19,0.2,6338.0,0.18,0.19,0.2,
10/03/1999,6746.0,,-1567.0,,5179.0,,-3607.0,,,,1572.0,-32.0,,98.0,,9.0,-75.0,1540.0,-431.0,1109.0,0.0,,,1109.0,-1.0,1108.0,0.0,,1108.0,1108.0,,6122.0,0.18,0.18,0.21,6322.0,0.18,0.18,0.21,
12/31/1999,4506.0,,-1007.0,,3499.0,,-2454.0,,,,1045.0,259.0,-95.0,68.0,-163.0,-23.0,-141.0,1304.0,-348.0,956.0,0.0,,,956.0,-2.0,954.0,0.0,,954.0,954.0,,6120.833,0.16,0.16,0.16,6386.956,0.15,0.15,0.15,
04/02/2000,7161.0,,-1236.0,,5925.0,,-3819.0,,,,2106.0,-1696.0,-29.0,112.0,-141.0,-14.0,1739.0,410.0,-613.0,-203.0,0.0,,,-203.0,-1.0,-204.0,0.0,0.0,-204.0,-204.0,1788.0,6152.0,-0.03,-0.03,0.25,6152.0,-0.03,-0.03,0.25,
07/02/2000,6989.0,,-1180.0,,5809.0,,-3910.0,,,,1899.0,-232.0,-30.0,101.0,-131.0,1.0,261.0,1667.0,-513.0,1154.0,0.0,,,1154.0,-4.0,1150.0,0.0,0.0,1150.0,1150.0,298.252,6217.0,0.18,0.18,0.23,6369.0,0.18,0.18,0.23,
10/01/2000,7158.0,,-1221.0,,5937.0,,-3699.0,,,,2238.0,-453.0,-45.0,96.0,-141.0,-29.0,527.0,1785.0,-421.0,1364.0,0.0,,,1364.0,-3.0,1361.0,0.0,0.0,1361.0,1361.0,386.0,6228.0,0.22,0.22,0.28,6371.0,0.21,0.21,0.27,
12/31/2000,8167.0,,-1322.0,,6845.0,,-4374.0,,,,2471.0,-551.0,77.0,77.0,,103.0,371.0,1920.0,-502.0,1418.0,-8.0,,,1426.0,-6.0,1420.0,0.0,,1420.0,1420.0,,6173.913,0.23,0.23,0.27,6173.913,0.23,0.23,0.27,
04/01/2001,7584.0,,-1224.0,,6360.0,,-3547.0,2519.0,,1028.0,2813.0,-213.0,-152.0,0.0,-152.0,0.0,365.0,2600.0,-668.0,1932.0,0.0,,,1932.0,-2.0,1930.0,0.0,0.0,1930.0,1930.0,200.0,6247.0,0.31,0.31,0.33,6380.7,0.3,0.3,0.32,
07/01/2001,7622.0,,-1150.0,,6472.0,,-3862.0,,,,2610.0,-219.0,-71.0,72.0,-143.0,5.0,285.0,2391.0,-590.0,1801.0,-37.0,,,1838.0,-9.0,1829.0,0.0,0.0,1829.0,1829.0,,6250.3,0.29,0.29,0.3,6375.9,0.29,0.29,0.3,
09/30/2001,7824.0,,-1177.0,,6647.0,,-3785.0,,,,2862.0,-108.0,-60.0,69.0,-129.0,7.0,161.0,2754.0,-679.0,2075.0,0.0,,,2075.0,-3.0,2072.0,0.0,0.0,2072.0,2072.0,,6241.3,0.33,0.33,0.34,6359.0,0.33,0.33,0.34,
12/31/2001,5994.0,,-272.0,,5722.0,,-3299.0,,,,2423.0,-184.0,10.0,125.0,-115.0,-12.0,186.0,2239.0,-496.0,1743.0,-214.0,,,1957.0,0.0,1957.0,0.0,0.0,1957.0,1957.0,152.0,6218.1,0.32,0.32,0.35,6329.6,0.3,0.3,0.34,
03/31/2002,7747.0,,-940.0,,6807.0,,-3726.0,,,,3081.0,-21.0,-32.0,58.0,-90.0,0.0,53.0,3060.0,-747.0,2313.0,349.0,,,1964.0,-1.0,1963.0,0.0,0.0,1963.0,1963.0,60.0,6205.5,0.32,0.38,0.39,6305.898,0.31,0.37,0.38,
06/30/2002,7296.0,,-902.0,,6394.0,,-3901.0,,,,2493.0,-120.0,-39.0,55.0,-94.0,2.0,157.0,2373.0,-480.0,1893.0,-64.0,,,1957.0,0.0,1957.0,0.0,0.0,1957.0,1957.0,127.0,6185.1,0.31,0.3,0.33,6271.3,0.31,0.3,0.33,
09/29/2002,7996.0,,-1026.0,,6970.0,,-3892.0,2657.0,,1235.0,3078.0,-178.0,-22.0,73.0,-95.0,36.0,164.0,2900.0,-630.0,2270.0,-81.0,,,2351.0,-1.0,2350.0,0.0,0.0,2350.0,2350.0,,6126.3,0.39,0.38,0.4,6202.2,0.38,0.37,0.39,
12/31/2002,9333.0,,-1178.0,,8155.0,,-4493.0,,,,3662.0,-199.0,-38.0,65.0,-103.0,2.0,235.0,3463.0,-751.0,2712.0,-149.0,,,2861.0,-5.0,2856.0,0.0,0.0,2856.0,2856.0,264.0,6105.2,0.46,0.43,0.48,6186.3,0.46,0.43,0.48,
03/30/2003,8506.0,,-1058.0,,7448.0,,-3958.0,2740.0,,1218.0,3490.0,-274.0,,0.0,,0.0,274.0,3216.0,-761.0,2455.0,-2210.0,,,4665.0,0.0,4665.0,0.0,0.0,4665.0,4665.0,,6101.4,0.76,0.4,0.41,6161.7,0.76,0.4,0.41,
06/29/2003,9900.0,,-1588.0,,8312.0,,-5482.0,3744.0,,1738.0,2830.0,-6236.0,70.0,70.0,,0.0,6166.0,-3406.0,-269.0,-3675.0,-83.0,,,-3592.0,1.0,-3591.0,-2.0,0.0,-3593.0,-3593.0,,7453.4,-0.48,-0.49,0.31,7535.1,-0.48,-0.49,0.3,
09/28/2003,12348.0,,-3285.0,,9063.0,,-6476.0,3994.0,,2482.0,2587.0,-98.0,64.0,64.0,,0.0,34.0,2489.0,-250.0,2239.0,2.0,,,2237.0,-2.0,2235.0,0.0,0.0,2235.0,2235.0,,7710.7,0.29,0.29,0.48,7791.2,0.29,0.29,0.47,
12/31/2003,14167.0,,-2249.0,,11918.0,,-6907.0,,,,5011.0,-4060.0,6.0,85.0,-79.0,-2.0,4056.0,951.0,-335.0,616.0,12.0,,,604.0,-2.0,602.0,0.0,0.0,602.0,602.0,3354.0,7585.6,0.08,0.08,0.53,7668.3,0.08,0.08,0.53,
03/28/2004,12487.0,,-1794.0,,10693.0,,-6373.0,3933.0,,2440.0,4320.0,-1191.0,58.0,58.0,,0.0,1133.0,3129.0,-809.0,2320.0,-13.0,,,2333.0,-2.0,2331.0,-1.0,0.0,2330.0,2330.0,,7586.0,0.31,0.31,0.52,7679.0,0.3,0.3,0.52,
06/27/2004,12274.0,,-1752.0,,10522.0,,-6907.0,4258.0,,2649.0,3615.0,-187.0,73.0,73.0,,0.0,114.0,3428.0,-582.0,2846.0,-19.0,,,2865.0,-2.0,2863.0,-1.0,0.0,2862.0,2862.0,,7574.1,0.38,0.38,0.48,7664.0,0.38,0.38,0.47,
09/26/2004,12831.0,,-1640.0,,11191.0,,-6767.0,4036.0,,2731.0,4424.0,-473.0,88.0,88.0,,0.0,385.0,3951.0,-650.0,3301.0,-43.0,,,3344.0,-3.0,3341.0,-1.0,0.0,3340.0,3340.0,,7500.8,0.45,0.44,0.56,7568.7,0.44,0.43,0.55,
12/31/2004,14924.0,,-2356.0,,12568.0,,-7872.0,,,,4696.0,-1197.0,-218.0,128.0,,0.0,1415.0,3499.0,-625.0,2874.0,46.0,,,2828.0,-3.0,2825.0,-1.0,0.0,2824.0,2824.0,,7461.2,0.38,0.39,0.58,7510.6,0.38,0.39,0.58,
04/03/2005,13091.0,,-2135.0,,10956.0,,-6729.0,4085.0,,2644.0,4227.0,-1317.0,127.0,127.0,,0.0,1190.0,2910.0,-2635.0,275.0,-29.0,,,304.0,-3.0,301.0,-2.0,0.0,299.0,299.0,,7416.0,0.04,0.04,0.54,7474.0,0.04,0.04,0.54,
07/03/2005,11452.0,,-1498.0,,9954.0,,-6419.0,3766.0,,2653.0,3535.0,-623.0,122.0,122.0,,0.0,501.0,2912.0,464.0,3376.0,-88.0,,,3464.0,-1.0,3463.0,-2.0,0.0,3461.0,3461.0,,7366.0,0.47,0.46,0.45,7418.0,0.47,0.46,0.45,
10/02/2005,11263.0,,-1272.0,,9991.0,,-6031.0,3526.0,,2505.0,3960.0,-1948.0,122.0,122.0,,0.0,1826.0,2012.0,-530.0,1482.0,-110.0,,,1592.0,-3.0,1589.0,-1.0,0.0,1588.0,1588.0,,7333.0,0.22,0.2,0.5,7382.0,0.22,0.2,0.49,
12/31/2005,12547.0,,-1895.0,,10652.0,,-7051.0,15313.0,,-8262.0,3601.0,-600.0,-269.0,141.0,-740.0,0.0,1199.0,3001.0,-536.0,2606.0,-475.0,-498.0,23.0,2597.0,-6.0,2732.0,-1.0,0.0,2731.0,2731.0,,7327.0,0.37,0.35,0.49,7368.0,0.37,0.35,0.49,
04/02/2006,11747.0,,-1547.0,,10200.0,,-5820.0,3395.0,,2425.0,4380.0,-110.0,181.0,181.0,,0.0,-71.0,4270.0,-262.0,4008.0,-105.0,,,4113.0,-2.0,4111.0,-1.0,0.0,4110.0,4110.0,,7314.0,0.56,0.55,0.59,7348.0,0.56,0.55,0.59,
07/02/2006,11741.0,,-1686.0,,10055.0,,-6348.0,3881.0,,2467.0,3707.0,-624.0,116.0,116.0,,0.0,508.0,3083.0,-790.0,2293.0,-125.0,,,2418.0,-3.0,2415.0,-2.0,0.0,2413.0,2413.0,,7282.0,0.33,0.31,0.5,7305.0,0.33,0.31,0.5,
10/01/2006,12280.0,,-1912.0,,10368.0,,-6318.0,3751.0,,2567.0,4050.0,-89.0,102.0,102.0,,0.0,-13.0,3961.0,-717.0,3244.0,-123.0,,,3367.0,-5.0,3362.0,-1.0,0.0,3361.0,3361.0,,7228.0,0.47,0.45,0.54,7251.0,0.46,0.44,0.54,
12/31/2006,12603.0,,-2217.0,,10386.0,0.0,-7789.0,4562.0,,3227.0,2597.0,-883.0,,118.0,,0.0,765.0,1714.0,-223.0,1491.0,-7960.0,,,9451.0,-2.0,9449.0,-1.0,0.0,9448.0,9448.0,1418.95,7144.0,1.32,0.21,0.43,7171.0,1.32,0.21,0.43,
04/01/2007,12474.0,,-1793.0,,10681.0,,-5761.0,3361.0,,2400.0,4920.0,-867.0,155.0,155.0,,0.0,712.0,4053.0,-689.0,3364.0,-31.0,,,3395.0,-3.0,3392.0,-1.0,0.0,3391.0,3391.0,,7051.0,0.48,0.48,0.68,7075.0,0.48,0.48,0.68,
07/01/2007,11084.0,,-1939.0,,9145.0,,-6582.0,3844.0,,2738.0,2563.0,-944.0,39.0,39.0,,0.0,905.0,1619.0,-272.0,1347.0,78.0,,,1269.0,-2.0,1267.0,-1.0,0.0,1266.0,1266.0,,6966.0,0.18,0.19,0.42,6990.0,0.18,0.19,0.42,
09/30/2007,11990.0,,-1810.0,,10180.0,,-6142.0,3768.0,,2374.0,4038.0,-3402.0,69.0,69.0,,0.0,3333.0,636.0,161.0,797.0,35.0,,,762.0,-1.0,761.0,-1.0,0.0,760.0,760.0,,6875.0,0.11,0.12,0.58,6894.0,0.11,0.12,0.58,
12/31/2007,13065.0,,-2266.0,,10799.0,0.0,-7448.0,4653.0,,2795.0,3351.0,-186.0,,134.0,,0.0,52.0,3165.0,-264.0,2901.0,-13.0,,,2914.0,-36.0,2878.0,-1.0,0.0,2877.0,2877.0,,6774.0,0.42,0.42,0.52,6792.0,0.42,0.42,0.52,
03/30/2008,11848.0,,-1800.0,,10048.0,0.0,-5830.0,3492.0,,2338.0,4218.0,-661.0,,142.0,,0.0,519.0,3557.0,-763.0,2794.0,4.0,,,2790.0,-6.0,2784.0,-2.0,0.0,2782.0,2782.0,,6739.0,0.41,0.41,0.61,6762.0,0.41,0.41,0.61,
06/29/2008,12129.0,,-2079.0,,10050.0,0.0,-6298.0,3863.0,,2435.0,3752.0,-962.0,,169.0,,,793.0,2790.0,-25.0,2765.0,-17.0,,,2782.0,-6.0,2776.0,,,2776.0,2776.0,,6732.0,0.41,0.41,0.55,6748.0,0.41,0.41,0.55,
09/28/2008,11973.0,,-1760.0,,10213.0,,-5824.0,,,,4389.0,-1667.0,121.0,121.0,,0.0,1546.0,2722.0,-463.0,2259.0,-25.0,,,2284.0,-6.0,2278.0,-2.0,0.0,2276.0,2276.0,1927.0,6718.0,0.34,0.34,0.63,6736.0,0.34,0.33,0.62,
12/31/2008,12346.0,,-1444.0,,10902.0,0.0,-6327.0,3659.0,,2668.0,4575.0,-3950.0,,130.0,,0.0,3820.0,625.0,-394.0,231.0,-40.0,,,271.0,-5.0,266.0,0.0,0.0,266.0,266.0,,6720.0,0.04,0.03,0.65,6739.0,0.04,0.03,0.65,
03/29/2009,10867.0,10867.0,-1408.0,1408.0,9459.0,0.0,-5713.0,2876.0,1705.0,1132.0,3746.0,57.0,-116.0,129.0,-245.0,,59.0,3803.0,-1074.0,2729.0,-1.0,-1.0,0.0,2730.0,-1.0,2729.0,-2.0,0.0,2727.0,3462.45,736.45,6723.0,0.41,0.41,0.515016,6753.0,0.4,0.4,0.509055,
06/28/2009,10984.0,10984.0,-1756.0,1756.0,9228.0,0.0,-6107.0,3350.0,1695.0,1062.0,3121.0,-72.0,66.0,270.0,-204.0,,6.0,3049.0,-786.0,2263.0,-3.0,-3.0,0.0,2266.0,-5.0,2261.0,-1.0,0.0,2260.0,2953.55,696.55,6728.0,0.34,0.34,0.438994,6752.0,0.34,0.34,0.438994,
09/27/2009,11621.0,11621.0,-1789.0,1789.0,9832.0,0.0,-5701.0,3282.0,1632.0,787.0,4131.0,-160.0,198.0,369.0,-171.0,,-38.0,3971.0,-1092.0,2879.0,-2.0,-2.0,0.0,2881.0,-3.0,2878.0,0.0,0.0,2878.0,3292.15,416.15,6730.0,0.43,0.43,0.489175,6762.0,0.43,0.43,0.489175,
12/31/2009,16537.0,16537.0,-3935.0,3935.0,12602.0,0.0,-12433.0,5367.0,2813.0,4253.0,169.0,-165.0,338.0,464.0,-126.0,,-173.0,4.0,755.0,759.0,-8.0,-8.0,0.0,767.0,,767.0,-2.0,0.0,765.0,2357.0,1600.0,7803.0,0.1,0.1,0.302063,7847.0,0.1,0.1,0.302063,
04/04/2010,16576.0,16576.0,-4202.0,4202.0,12374.0,0.0,-8813.0,4403.0,2221.0,2189.0,3561.0,-412.0,410.0,522.0,-112.0,,2.0,3149.0,-1135.0,2014.0,-21.0,-21.0,0.0,2035.0,-9.0,2026.0,-1.0,0.0,2025.0,2782.1,778.1,8061.0,0.25,0.25,0.345131,8101.0,0.25,0.25,0.345131,
07/04/2010,17132.0,17132.0,-3684.0,3684.0,13448.0,0.0,-9247.0,4774.0,2181.0,2292.0,4201.0,-275.0,304.0,389.0,-85.0,,-29.0,3926.0,-1472.0,2454.0,-31.0,-31.0,0.0,2485.0,-10.0,2475.0,-1.0,0.0,2474.0,3367.0,924.0,8046.0,0.31,0.3,0.418469,8072.0,0.31,0.3,0.41447,
10/03/2010,15995.0,15995.0,-3790.0,3790.0,12205.0,0.0,-8442.0,4599.0,2188.0,1655.0,3763.0,-2349.0,327.0,427.0,-100.0,,2022.0,1414.0,-558.0,856.0,-15.0,-15.0,0.0,871.0,-5.0,866.0,-1.0,0.0,865.0,3104.0,2254.0,8027.0,0.11,0.11,0.386695,8057.0,0.11,0.11,0.386695,
12/31/2010,17354.0,17354.0,-4162.0,4162.0,13192.0,0.0,-11099.0,5704.0,2802.0,2593.0,2093.0,-1300.0,355.0,460.0,-105.0,,945.0,793.0,2094.0,2887.0,-10.0,-10.0,0.0,2897.0,-7.0,2890.0,0.0,0.0,2890.0,2601.15,-278.85,8011.0,0.36,0.36,0.324697,8048.0,0.36,0.36,0.324697,
04/03/2011,16502.0,16502.0,-3693.0,3693.0,12809.0,0.0,-8864.0,4503.0,2091.0,2270.0,3945.0,-827.0,353.0,458.0,-105.0,,474.0,3118.0,-894.0,2224.0,-10.0,-10.0,0.0,2234.0,-12.0,2222.0,0.0,0.0,2222.0,3465.0,1253.0,7982.0,0.28,0.28,0.434102,8035.0,0.28,0.28,0.434102,
07/03/2011,16485.0,16485.0,-3571.0,3571.0,12914.0,0.0,-8893.0,4800.0,2231.0,1862.0,4021.0,-423.0,287.0,404.0,-117.0,,136.0,3598.0,-1077.0,2521.0,-97.0,-97.0,0.0,2618.0,-8.0,2610.0,0.0,0.0,2610.0,3386.0,873.0,7875.0,0.33,0.32,0.429968,7935.0,0.33,0.32,0.429968,
10/02/2011,16609.0,16609.0,-3409.0,3409.0,13200.0,0.0,-9112.0,4457.0,2176.0,2479.0,4088.0,-547.0,314.0,423.0,-109.0,,233.0,3541.0,-1216.0,2325.0,-1424.0,-1424.0,0.0,3749.0,-11.0,3738.0,0.0,0.0,3738.0,3444.0,1130.0,7770.0,0.48,0.3,0.443243,7810.0,0.48,0.3,0.443243,
12/31/2011,16141.0,16141.0,-3627.0,3627.0,12514.0,0.0,-9662.0,5197.0,2587.0,1878.0,2852.0,-697.0,271.0,396.0,-125.0,,426.0,2155.0,-742.0,1413.0,-35.0,-35.0,0.0,1448.0,-9.0,1439.0,-2.0,0.0,1437.0,2634.0,1232.0,7635.0,0.19,0.18,0.34499,7687.0,0.19,0.18,0.340271,
04/01/2012,14885.0,14885.0,-2745.0,2745.0,12140.0,0.0,-8047.0,3968.0,2062.0,2017.0,4093.0,-1658.0,309.0,390.0,-81.0,,1349.0,2435.0,-711.0,1724.0,-79.0,-79.0,0.0,1803.0,-9.0,1794.0,0.0,0.0,1794.0,3282.0,1567.0,7537.0,0.24,0.23,0.435452,7598.0,0.24,0.23,0.435452,
07/01/2012,13968.0,13968.0,-2376.0,2376.0,11592.0,0.0,-6724.0,3665.0,1600.0,1459.0,4868.0,-688.0,293.0,378.0,-85.0,,395.0,4180.0,-1180.0,3000.0,-260.0,-260.0,0.0,3260.0,-7.0,3253.0,0.0,0.0,3253.0,3627.0,634.0,7476.0,0.44,0.4,0.485152,7537.0,0.43,0.4,0.484118,
09/30/2012,12953.0,12953.0,-2309.0,2309.0,10644.0,0.0,-7526.0,3491.0,1887.0,2148.0,3118.0,-312.0,272.0,381.0,-109.0,,40.0,2806.0,183.0,2989.0,-225.0,-225.0,0.0,3214.0,-6.0,3208.0,0.0,0.0,3208.0,2951.0,-32.0,7436.0,0.43,0.4,0.396853,7508.0,0.43,0.4,0.395738,
12/31/2012,13891.0,13891.0,-2753.0,2753.0,11138.0,0.0,-8303.0,4337.0,2021.0,1945.0,2835.0,-758.0,266.0,373.0,-107.0,,492.0,2077.0,-599.0,1478.0,-4843.0,-4843.0,0.0,6321.0,-6.0,6315.0,-2.0,0.0,6313.0,2526.0,1056.0,7319.0,0.86,0.2,0.345129,7395.0,0.85,0.2,0.342799,
03/31/2013,12410.0,12410.0,-2263.0,2263.0,10147.0,0.0,-6277.0,3217.0,1710.0,1350.0,3870.0,-145.0,276.0,371.0,-95.0,,-131.0,3725.0,-1109.0,2616.0,-149.0,-149.0,0.0,2765.0,-15.0,2750.0,0.0,0.0,2750.0,2849.0,248.0,7187.0,0.38,0.36,0.39641,7269.0,0.38,0.36,0.394117,
06/30/2013,12973.0,12973.0,-2242.0,2242.0,10731.0,0.0,-6444.0,3591.0,1530.0,1323.0,4287.0,1070.0,254.0,356.0,-102.0,,-1324.0,5357.0,-1782.0,3575.0,-10559.0,-10559.0,0.0,14134.0,-39.0,14095.0,0.0,0.0,14095.0,3164.0,-372.0,7042.0,2.0,0.51,0.449304,7117.0,1.98,0.5,0.447731,
09/29/2013,12643.0,12643.0,-2287.0,2287.0,10356.0,0.0,-6550.0,3395.0,1627.0,1528.0,3806.0,-233.0,246.0,340.0,-94.0,,-13.0,3573.0,-985.0,2588.0,-11.0,-11.0,0.0,2599.0,-9.0,2590.0,0.0,0.0,2590.0,3205.0,626.0,6581.0,0.39,0.39,0.487008,6656.0,0.39,0.39,0.48405,
12/31/2013,13558.0,13558.0,-2794.0,2794.0,10764.0,0.0,-7721.0,4152.0,1811.0,1758.0,3043.0,18.0,235.0,347.0,-112.0,,-253.0,3061.0,-430.0,2631.0,57.0,57.0,0.0,2574.0,-6.0,2568.0,-2.0,0.0,2566.0,2883.0,260.0,6443.0,0.4,0.41,0.447462,6533.0,0.39,0.4,0.439798,
03/30/2014,11353.0,11353.0,-2045.0,2045.0,9308.0,0.0,-5838.0,3040.0,1623.0,1175.0,3470.0,-623.0,229.0,321.0,-92.0,,394.0,2847.0,-582.0,2265.0,-73.0,-73.0,0.0,2338.0,-9.0,2329.0,0.0,0.0,2329.0,2945.0,689.0,6389.0,0.36,0.35,0.460949,6476.0,0.36,0.35,0.456393,
06/29/2014,12773.0,12773.0,-2462.0,2462.0,10311.0,0.0,-6361.0,3520.0,1759.0,1082.0,3950.0,53.0,239.0,343.0,-104.0,,-292.0,4003.0,-1082.0,2921.0,0.0,0.0,0.0,2921.0,-9.0,2912.0,0.0,0.0,2912.0,3074.0,162.0,6368.0,0.46,0.46,0.482726,6444.0,0.45,0.45,0.47514,
09/28/2014,12361.0,12361.0,-2368.0,2368.0,9993.0,0.0,-6311.0,3556.0,1802.0,953.0,3682.0,-95.0,235.0,343.0,-108.0,,-140.0,3587.0,-911.0,2676.0,4.0,4.0,0.0,2672.0,-6.0,2666.0,0.0,0.0,2666.0,3099.0,429.0,6330.0,0.42,0.42,0.489573,6403.0,0.42,0.42,0.487,
12/31/2014,13118.0,13118.0,-2701.0,2701.0,10417.0,0.0,-8269.0,3982.0,3209.0,1078.0,2148.0,-345.0,231.0,353.0,-122.0,,114.0,1803.0,-546.0,1257.0,21.0,21.0,0.0,1236.0,-8.0,1228.0,0.0,0.0,1228.0,2856.0,1607.0,6296.0,0.2,0.2,0.453621,6374.0,0.19,0.2,0.452118,
03/29/2015,10864.0,10864.0,-1838.0,1838.0,9026.0,0.0,-5989.0,3104.0,1885.0,1000.0,3037.0,46.0,216.0,309.0,-93.0,,-262.0,3083.0,-706.0,2377.0,-5.0,-5.0,0.0,2382.0,-6.0,2376.0,0.0,0.0,2376.0,2441.25,70.25,6203.0,0.38,0.38,0.39356,6292.0,0.38,0.38,0.391165,
06/28/2015,11853.0,11853.0,-2180.0,2180.0,9673.0,0.0,-6078.0,3386.0,1734.0,958.0,3595.0,-55.0,159.0,278.0,-119.0,,-104.0,3540.0,-905.0,2635.0,-1.0,-1.0,0.0,2636.0,-9.0,2627.0,0.0,0.0,2627.0,2931.25,305.25,6159.0,0.43,0.43,0.47593,6243.0,0.42,0.42,0.468895,
09/27/2015,12087.0,12087.0,-2219.0,2219.0,9868.0,0.0,-6510.0,3270.0,1722.0,1518.0,3358.0,-661.0,157.0,278.0,-121.0,,504.0,2697.0,-567.0,2130.0,-9.0,-9.0,0.0,2139.0,-9.0,2130.0,0.0,0.0,2130.0,3185.7,1064.7,6168.0,0.35,0.34,0.516488,6243.0,0.34,0.34,0.510543,
12/31/2015,14047.0,14047.0,-3410.0,3410.0,10637.0,0.0,-8801.0,5048.0,2348.0,1405.0,1836.0,-2190.0,196.0,335.0,-139.0,806.0,1188.0,-354.0,188.0,-166.0,3.0,3.0,0.0,-169.0,-3.0,-172.0,-2.0,0.0,-174.0,2048.75,2219.75,6174.0,-0.03,-0.03,0.331835,6174.0,-0.03,-0.03,0.329532,
04/03/2016,13005.0,13005.0,-2851.0,2851.0,10154.0,0.0,-6263.0,3385.0,1731.0,1147.0,3891.0,-330.0,193.0,306.0,-113.0,,137.0,3561.0,-513.0,3048.0,0.0,0.0,0.0,3048.0,-10.0,3038.0,0.0,0.0,3038.0,3644.45,606.45,6150.0,0.49,0.49,0.592593,6225.0,0.49,0.49,0.587422,
07/03/2016,13147.0,13147.0,-3174.0,3174.0,9973.0,0.0,-6496.0,3471.0,1748.0,1277.0,3477.0,-1068.0,170.0,292.0,-122.0,,898.0,2409.0,-347.0,2062.0,-1.0,-1.0,0.0,2063.0,-16.0,2047.0,0.0,0.0,2047.0,3797.75,1751.75,6068.0,0.34,0.34,0.625865,6149.0,0.33,0.33,0.614884,
10/02/2016,13045.0,13045.0,-3085.0,3085.0,9960.0,0.0,-6939.0,3559.0,1881.0,1499.0,3021.0,-1417.0,168.0,291.0,-123.0,,1249.0,1604.0,-249.0,1355.0,0.0,0.0,0.0,1355.0,0.0,1355.0,0.0,0.0,1355.0,2793.45,1438.45,6066.0,0.22,0.22,0.460509,6150.0,0.22,0.22,0.453894,
12/31/2016,13627.0,13627.0,-3218.0,3218.0,10409.0,0.0,-8791.0,4423.0,2512.0,1856.0,1618.0,-841.0,184.0,297.0,-113.0,0.0,657.0,777.0,-13.0,764.0,-17.0,-17.0,0.0,781.0,-6.0,775.0,0.0,0.0,775.0,2570.85,1812.85,6070.0,0.13,0.12,0.423534,6144.0,0.13,0.12,0.41506,
04/02/2017,12779.0,12779.0,-2468.0,2468.0,10311.0,0.0,-6301.0,3315.0,1716.0,1270.0,4010.0,-59.0,228.0,309.0,-81.0,,-169.0,3951.0,-821.0,3130.0,0.0,0.0,0.0,3130.0,-9.0,3121.0,0.0,0.0,3121.0,3215.955991,94.955991,6006.0,0.52,0.52,0.535457,6092.0,0.51,0.51,0.525587,
07/02/2017,12896.0,12896.0,-2660.0,2660.0,10236.0,0.0,-6495.0,3430.0,1787.0,1278.0,3741.0,74.0,218.0,312.0,-94.0,,-292.0,3815.0,-739.0,3076.0,-2.0,-2.0,0.0,3078.0,-5.0,3073.0,,0.0,3073.0,3487.876858,416.876858,5958.0,0.52,0.52,0.585411,6037.0,0.51,0.51,0.579054,
10/01/2017,13168.0,13168.0,-2844.0,2844.0,10324.0,0.0,-6660.0,3504.0,1865.0,1291.0,3664.0,-79.0,220.0,320.0,-100.0,,-141.0,3585.0,-727.0,2858.0,0.0,0.0,0.0,2858.0,-18.0,2840.0,0.0,0.0,2840.0,3277.05,437.05,5951.0,0.48,0.48,0.550672,6041.0,0.47,0.47,0.542347,
12/31/2017,13703.0,13703.0,-3256.0,3256.0,10447.0,0.0,-8142.0,4555.0,2316.0,1271.0,2305.0,-1352.0,212.0,329.0,-117.0,,1140.0,953.0,11335.0,12288.0,-1.0,-1.0,0.0,12289.0,-15.0,12274.0,0.0,0.0,12274.0,3002.043211,-9270.956789,5963.0,2.06,2.06,0.503445,6064.0,2.02,2.02,0.491148,
04/01/2018,12906.0,12906.0,-2563.0,2563.0,10343.0,0.0,-6394.0,3412.0,1743.0,1239.0,3949.0,178.0,233.0,310.0,-77.0,,-411.0,4127.0,-556.0,3571.0,1.0,1.0,0.0,3570.0,-9.0,3561.0,0.0,0.0,3561.0,3603.585438,41.585438,5957.0,0.6,0.6,0.604933,6057.0,0.59,0.59,0.596866,
07/01/2018,13466.0,13466.0,-2916.0,2916.0,10550.0,0.0,-6574.0,3542.0,1797.0,1235.0,3976.0,551.0,246.0,326.0,-80.0,,-797.0,4527.0,-648.0,3879.0,0.0,0.0,0.0,3879.0,-7.0,3872.0,0.0,0.0,3872.0,3578.211888,-293.788112,5866.0,0.66,0.66,0.609992,5952.0,0.65,0.65,0.60064,
09/30/2018,13298.0,13298.0,-2694.0,2694.0,10604.0,0.0,-6840.0,3494.0,2008.0,1338.0,3764.0,413.0,228.0,310.0,-82.0,,-641.0,4177.0,-66.0,4111.0,-11.0,-11.0,0.0,4122.0,-8.0,4114.0,0.0,0.0,4114.0,3769.09,-333.91,5875.0,0.7,0.7,0.641547,5986.0,0.69,0.69,0.634218,
12/31/2018,13976.0,13976.0,-3075.0,3075.0,10901.0,0.0,-8589.0,4007.0,2457.0,2125.0,2312.0,-3258.0,277.0,370.0,-93.0,,2981.0,-946.0,563.0,-383.0,0.0,0.0,0.0,-383.0,-11.0,-394.0,0.0,0.0,-394.0,-1429.85,-1035.85,5788.0,-0.07,-0.07,-0.247037,5788.0,-0.07,-0.07,-0.248965,
03/31/2019,13118.0,13118.0,-2433.0,2433.0,10685.0,0.0,-6271.0,3339.0,1703.0,1229.0,4414.0,-91.0,295.0,361.0,-66.0,,-204.0,4323.0,-433.0,3890.0,0.0,0.0,0.0,3890.0,-6.0,3884.0,0.0,0.0,3884.0,4168.341215,284.341215,5635.0,0.69,0.69,0.739723,5750.0,0.68,0.68,0.729451,
06/30/2019,13264.0,13264.0,-2576.0,2576.0,10688.0,0.0,-6422.0,3511.0,1842.0,1069.0,4266.0,-125.0,330.0,389.0,-59.0,,-205.0,4141.0,915.0,5056.0,0.0,0.0,0.0,5056.0,-10.0,5046.0,0.0,0.0,5046.0,3729.299315,-1316.700685,5562.0,0.91,0.91,0.670496,5672.0,0.89,0.89,0.65786,
09/29/2019,12680.0,12680.0,-2602.0,2602.0,10078.0,0.0,967.0,3260.0,2283.0,-6510.0,11045.0,-319.0,349.0,409.0,-60.0,,-30.0,10726.0,-3046.0,7680.0,-4.0,-4.0,0.0,7684.0,-4.0,7680.0,0.0,0.0,7680.0,3314.513018,-4361.486982,5545.0,1.38,1.38,0.597748,5649.0,1.36,1.36,0.587919,
12/31/2019,12688.0,12688.0,-2608.0,2608.0,10080.0,0.0,-8547.0,4240.0,2822.0,1485.0,1533.0,-3041.0,374.0,415.0,-41.0,,2667.0,-1508.0,1181.0,-327.0,0.0,0.0,0.0,-327.0,-10.0,-337.0,0.0,0.0,-337.0,2322.384337,2659.384337,5535.0,-0.06,-0.06,0.419582,5631.0,-0.06,-0.06,0.412276,
03/29/2020,12028.0,12028.0,-2378.0,2378.0,9650.0,0.0,-5545.0,2873.0,1724.0,948.0,4105.0,-220.0,356.0,390.0,-34.0,,-136.0,3885.0,-475.0,3410.0,0.0,0.0,0.0,3410.0,-9.0,3401.0,0.0,0.0,3401.0,3880.098665,479.098665,5545.0,0.61,0.61,0.699747,5613.0,0.61,0.61,0.695355,
06/28/2020,11801.0,11801.0,-2281.0,2281.0,9520.0,0.0,-6429.0,3030.0,2132.0,1267.0,3091.0,862.0,353.0,372.0,-19.0,,-1215.0,3953.0,-519.0,3434.0,0.0,0.0,0.0,3434.0,-8.0,3426.0,0.0,0.0,3426.0,3706.951532,280.951532,5554.0,0.62,0.62,0.667438,5619.0,0.61,0.61,0.66,
09/30/2020,12241.4,,,,9909.4133,,,,,,4583.25,,,,,,,4624.0,,3465.0,,,,,,3465.0,,,3465.0,4142.333,,,0.61,0.61,0.73,,0.61,0.61,0.73,
12/31/2020,13207.8,,,,10566.24,,,,,,4082.0,,,,,,,4027.0,,2290.0,,,,,,2290.0,,,2290.0,3356.667,,,0.56,0.56,0.632,,0.56,0.56,0.632,
