Date,Revenue,Sales & Services Revenue,Cost of Revenue,Cost of Goods & Services,Gross Profit,Other Operating Income,Operating Expenses,"Selling, General & Admin",Other Operating Expense,Operating Income (Loss),Non-Operating (Income) Loss,"Interest Expense, Net",Interest Expense,Interest Income,Foreign Exch (Gain) Loss,Other Non-Op (Income) Loss,Pretax Income,Income Tax Expense (Benefit),Income (Loss) from Cont Ops,Net Extraordinary Losses (Gains),Discontinued Operations,XO & Accounting Changes,Income (Loss) Incl. MI,Minority Interest,"Net Income, GAAP",Preferred Dividends,Other Adjustments,"Net Income Avail to Common, GAAP","Net Income Avail to Common, Adj",Net Abnormal Losses (Gains),Basic Weighted Avg Shares,"Basic EPS, GAAP",Basic EPS from Cont Ops,"Basic EPS from Cont Ops, Adjusted",Diluted Weighted Avg Shares,"Diluted EPS, GAAP",Diluted EPS from Cont Ops,"Diluted EPS from Cont Ops, Adjusted",Source: Bloomberg
10/01/1989,5717.0,,-3356.0,,2361.0,,-1577.0,,,784.0,90.0,,92.0,,0.0,-182.0,874.0,-310.0,564.0,0.0,,,564.0,0.0,564.0,-12.0,,552.0,552.0,,2768.800049,0.198687,0.198687,,2768.800049,0.198687,0.198687,0.198687,
12/31/1989,6025.0,,-3812.0,,2213.0,,-1759.0,,,454.0,89.0,,125.0,,0.0,-214.0,543.0,-193.0,350.0,0.0,,,350.0,0.0,350.0,-11.0,,339.0,339.0,,2768.800049,0.1225,0.1225,,2768.800049,0.1225,0.1225,0.1225,
03/31/1990,6123.0,,-3666.0,,2457.0,,-1859.0,,,598.0,-3.0,,88.0,,0.0,-85.0,595.0,-191.0,404.0,0.0,,,404.0,0.0,404.0,-12.0,,392.0,392.0,,2768.0,0.1425,0.1425,,2768.0,0.1425,0.1425,0.1425,
06/30/1990,6216.0,,-3824.0,,2392.0,,-1926.0,,,466.0,-57.0,,137.0,,37.0,-117.0,409.0,-125.0,284.0,0.0,,,284.0,0.0,284.0,-12.0,,272.0,272.0,,2768.927976,0.0975,0.0975,0.0975,2768.927976,0.0975,0.0975,0.0975,
09/30/1990,6652.0,,-3791.0,,2861.0,,-1963.0,,,898.0,-35.0,,105.0,,0.0,-70.0,863.0,-308.0,555.0,0.0,,,555.0,0.0,555.0,-12.0,,543.0,543.0,,2772.0,0.196125,0.196125,,2772.0,0.196125,0.196125,0.196125,
12/31/1990,6857.0,,-4027.0,,2830.0,,-2031.0,,,799.0,-40.0,,112.0,,0.0,-72.0,759.0,-269.0,490.0,0.0,,,490.0,0.0,490.0,-16.0,,474.0,474.0,,2772.800049,0.17,0.17,,2772.800049,0.17,0.17,0.17,
03/31/1991,6795.0,,-4041.0,,2754.0,,-2160.0,,,594.0,30.0,,83.0,,0.0,-113.0,624.0,-200.0,424.0,0.0,,,424.0,0.0,424.0,-25.0,,399.0,399.0,,2768.0,0.145,0.145,,2768.0,0.145,0.145,0.145,
06/30/1991,6722.0,,-4222.0,,2500.0,,-2089.0,,,411.0,30.0,,95.0,,-18.0,-107.0,441.0,-137.0,304.0,0.0,,,304.0,0.0,304.0,-25.0,,279.0,279.0,,2731.063968,0.103625,0.103625,0.103625,2731.063968,0.103625,0.103625,0.103625,
09/30/1991,7205.0,,-4159.0,,3046.0,,-2148.0,,,898.0,-56.0,,120.0,,0.0,-64.0,842.0,-306.0,536.0,0.0,,,536.0,0.0,536.0,-23.0,,513.0,513.0,,2705.600096,0.19,0.19,0.19,2705.600096,0.19,0.19,0.19,
12/31/1991,7507.0,,-4368.0,,3139.0,,-2271.0,,,868.0,-47.0,,137.0,,0.0,-90.0,821.0,-298.0,523.0,0.0,,,523.0,0.0,523.0,-25.0,,498.0,498.0,,2706.399904,0.183625,0.183625,0.183625,2706.399904,0.183625,0.183625,0.183625,
03/31/1992,7483.0,,-4382.0,,3101.0,,-2414.0,,,687.0,38.0,,134.0,,0.0,-172.0,725.0,-251.0,474.0,0.0,,,474.0,0.0,474.0,-24.0,,450.0,450.0,,2708.0,0.166125,0.166125,0.166125,2708.0,0.166125,0.166125,0.166125,
06/30/1992,7167.0,,-4415.0,,2752.0,,-2338.0,,,414.0,83.0,,119.0,,97.0,-299.0,497.0,-158.0,339.0,0.0,,,339.0,0.0,339.0,-22.0,,317.0,317.0,,2709.600096,0.115,0.115,0.115,2709.600096,0.115,0.115,0.115,
09/30/1992,7879.0,,-4422.0,,3457.0,,-2434.0,,,1023.0,-366.0,,141.0,,0.0,225.0,657.0,-247.0,410.0,925.0,,,-515.0,0.0,-515.0,-24.0,,-539.0,-539.0,,2716.399904,-0.1975,0.1425,0.1425,2716.399904,-0.1975,0.1425,0.1425,
12/31/1992,7839.0,,-4493.0,,3346.0,,-2432.0,,,914.0,-32.0,,131.0,,0.0,-99.0,882.0,-306.0,576.0,0.0,,,576.0,0.0,576.0,-24.0,,552.0,552.0,,2718.399904,0.2025,0.2025,0.2025,2718.399904,0.2025,0.2025,0.2025,
03/31/1993,7350.0,,-4348.0,,3002.0,,-2235.0,,,767.0,-20.0,,130.0,,0.0,-110.0,747.0,-245.0,502.0,0.0,,,502.0,0.0,502.0,-24.0,,478.0,478.0,,2720.0,0.175,0.175,0.175,2720.0,0.175,0.175,0.175,
06/30/1993,7365.0,,-4420.0,,2945.0,,-2488.0,,,457.0,-2394.0,,150.0,,,2244.0,-1937.0,718.0,-1219.0,0.0,,,-1219.0,0.0,-1219.0,-30.0,,-1249.0,-1249.0,,2721.600096,-0.4575,-0.4575,-0.4575,2721.600096,-0.4575,-0.4575,-0.4575,
09/30/1993,7564.0,,-4228.0,,3336.0,,-2251.0,,,1085.0,-31.0,,125.0,,0.0,-94.0,1054.0,-384.0,670.0,0.0,,,670.0,0.0,670.0,-24.0,,646.0,646.0,,2728.0,0.2375,0.2375,0.2375,2728.0,0.2375,0.2375,0.2375,
12/31/1993,7788.0,,-4394.0,,3394.0,,-2371.0,,,1023.0,-18.0,,123.0,,0.0,-105.0,1005.0,-352.0,653.0,0.0,,,653.0,0.0,653.0,-24.0,,629.0,629.0,,2729.199952,0.23,0.23,0.23,2729.199952,0.23,0.23,0.23,
03/31/1994,7441.0,,-4208.0,,3233.0,,-2310.0,,,923.0,-197.0,,119.0,,0.0,78.0,726.0,-244.0,482.0,0.0,,,482.0,0.0,482.0,-25.356001,,456.643999,456.643999,,2730.800048,0.165,0.165,0.165,2730.800048,0.165,0.165,0.165,
06/30/1994,7503.0,,-4525.0,,2978.0,,-2429.0,,,549.0,12.0,,115.0,,0.0,-127.0,561.0,-155.0,406.0,0.0,,,406.0,0.0,406.0,-28.643999,,377.356001,377.356001,,2732.399904,0.14,0.14,0.14,2732.399904,0.14,0.14,0.14,
09/30/1994,8177.0,,-4636.0,,3541.0,,-2271.0,,,1270.0,-34.0,,119.0,,0.0,-85.0,1236.0,-444.0,792.0,0.0,,,792.0,0.0,792.0,0.0,,792.0,792.0,,2738.800048,0.29,0.29,0.29,2738.800048,0.29,0.29,0.29,
12/31/1994,8485.0,,-4840.0,,3645.0,,-2437.0,,,1208.0,-49.0,,125.0,,0.0,-76.0,1159.0,-409.0,750.0,0.0,,,750.0,0.0,750.0,0.0,,750.0,750.0,,2740.800048,0.2725,0.2725,0.2725,2740.800048,0.2725,0.2725,0.2725,
03/31/1995,8318.0,,-4888.0,,3430.0,,-2366.0,,,1064.0,-126.0,,124.0,,0.0,2.0,938.0,-307.0,631.0,0.0,,,631.0,0.0,631.0,0.0,,631.0,631.0,,2742.800048,0.23,0.23,0.23,2742.800048,0.23,0.23,0.23,
06/30/1995,8494.0,,-5316.0,,3178.0,,-2500.0,,,678.0,-11.0,,120.0,,0.0,-109.0,667.0,-195.0,472.0,0.0,,,472.0,0.0,472.0,-102.0,,370.0,370.0,,2744.0,0.135,0.135,0.135,2744.0,0.135,0.135,0.135,
09/30/1995,9027.0,,-5211.0,,3816.0,,-2381.0,,,1435.0,-61.0,,123.0,,0.0,-62.0,1374.0,-478.0,896.0,0.0,,,896.0,0.0,896.0,-26.0,,870.0,870.0,,2746.399904,0.3175,0.3175,0.3175,2746.399904,0.3175,0.3175,0.3175,
12/31/1995,9090.0,,-5265.0,,3825.0,,-2473.0,,,1352.0,-71.0,,123.0,,0.0,-52.0,1281.0,-445.0,836.0,0.0,,,836.0,0.0,836.0,-26.0,,810.0,810.0,,2746.0,0.295,0.295,0.295,2746.0,0.295,0.295,0.295,
03/31/1996,8587.0,,-5026.0,,3561.0,,-2368.0,,,1193.0,-46.0,,121.0,,0.0,-75.0,1147.0,-387.0,760.0,0.0,,,760.0,0.0,760.0,-26.0,,734.0,734.0,,2746.0,0.2675,0.2675,0.2675,2746.0,0.2675,0.2675,0.2675,
06/30/1996,8580.0,,-5260.0,,3320.0,,-2485.0,,,835.0,32.0,,117.0,,0.0,-149.0,867.0,-313.0,554.0,0.0,,,554.0,0.0,554.0,-25.0,,529.0,529.0,,2748.0,0.1925,0.1925,0.1925,2938.88,0.18,0.18,0.18,
09/30/1996,8903.0,,-5002.0,,3901.0,,-2354.0,,,1547.0,-56.0,,112.0,,0.0,-56.0,1491.0,-512.0,979.0,0.0,,,979.0,0.0,979.0,-26.0,,953.0,953.0,,2735.199952,0.3475,0.3475,0.3475,2981.199952,0.325,0.325,0.325,
12/31/1996,9142.0,,-5068.0,,4074.0,,-2553.0,,,1521.0,-89.0,,134.0,,0.0,-45.0,1432.0,-488.0,944.0,0.0,,,944.0,0.0,944.0,-26.0,,918.0,918.0,,2728.800048,0.3375,0.3375,0.3375,2977.199952,0.315,0.315,0.315,
03/31/1997,8771.0,,-4918.0,,3853.0,,-2470.0,,,1383.0,-53.0,,106.0,,0.0,-53.0,1330.0,-449.0,881.0,0.0,,,881.0,0.0,881.0,-26.0,,855.0,855.0,,2725.600096,0.315,0.315,0.315,2972.399904,0.295,0.295,0.295,
06/30/1997,8948.0,,-5328.0,,3620.0,,-2583.0,,,1037.0,-41.0,,105.0,,0.0,-64.0,996.0,-385.0,611.0,0.0,,,611.0,0.0,611.0,-26.0,,585.0,585.0,,2692.800048,0.215,0.215,0.215,2965.199952,0.204998,0.205,0.205,
09/30/1997,9355.0,,-5208.0,,4147.0,,-2408.0,,,1739.0,-70.0,,121.0,,0.0,-51.0,1669.0,-582.0,1087.0,0.0,,,1087.0,0.0,1087.0,-26.0,,1061.0,1061.0,,2696.6,0.395,0.395,0.395,2947.800048,0.365,0.365,0.365,
12/31/1997,9641.0,,-5322.0,,4319.0,,-2631.0,,,1688.0,-94.0,,141.0,,0.0,-47.0,1594.0,-548.0,1046.0,0.0,,,1046.0,0.0,1046.0,-26.0,,1020.0,1020.0,,2692.0,0.38,0.38,0.38,2940.600098,0.355,0.355,0.355,
03/31/1998,8881.0,,-5228.0,,3653.0,,-2137.0,,,1516.0,-84.0,,134.0,,0.0,-50.0,1432.0,-471.0,961.0,0.0,,,961.0,0.0,961.0,-26.0,,935.0,935.0,,2689.800049,0.345,0.345,0.345,2935.0,0.325,0.325,0.325,
06/30/1998,9277.0,,-5306.0,,3971.0,,-2859.0,,,1112.0,-99.0,,152.0,,0.0,-53.0,1013.0,-327.0,686.0,0.0,,,686.0,0.0,686.0,-26.0,,660.0,660.0,,2668.800049,0.25,0.25,0.25,2919.199951,0.235,0.235,0.235,
09/30/1998,9510.0,,-5182.0,,4328.0,,-2454.0,,,1874.0,-107.0,157.0,157.0,,0.0,-50.0,1767.0,-600.0,1167.0,0.0,,,1167.0,0.0,1167.0,-25.0,,1142.0,1142.0,,2664.8,0.43,0.43,0.43,2909.0,0.4,0.4,0.4,
12/31/1998,9934.0,,-5332.0,,4602.0,,-2765.0,,,1837.0,-106.0,166.0,166.0,,0.0,-60.0,1731.0,-589.0,1142.0,0.0,,,1142.0,0.0,1142.0,-29.0,,1113.0,1113.0,,2660.2,0.42,0.42,0.42,2902.8,0.39,0.39,0.39,
03/31/1999,9231.0,,-4901.0,,4330.0,,-2665.0,,,1665.0,-115.0,168.0,168.0,,0.0,-53.0,1550.0,-510.0,1040.0,0.0,,,1040.0,0.0,1040.0,-28.0,,1012.0,1012.0,,2658.8,0.38,0.38,0.38,2896.6,0.36,0.36,0.36,
06/30/1999,9450.0,,-5652.0,,3798.0,,-2921.0,,,877.0,-87.0,159.0,159.0,,0.0,-72.0,790.0,-376.0,414.0,0.0,,,414.0,0.0,414.0,-27.0,,387.0,387.0,,2640.8,0.145,0.145,0.29,2866.6,0.145,0.145,0.275,
09/30/1999,9919.0,,-5206.0,,4713.0,,-2866.0,,,1847.0,-102.0,147.0,147.0,,0.0,-45.0,1745.0,-598.0,1147.0,0.0,,,1147.0,0.0,1147.0,-30.0,,1117.0,1117.0,,2633.0,0.425,0.425,0.47,2870.4,0.4,0.4,0.44,
12/31/1999,10588.0,,-5563.0,,5025.0,,-3183.0,,,1842.0,-127.0,178.0,178.0,,0.0,-51.0,1715.0,-589.0,1126.0,0.0,,,1126.0,0.0,1126.0,-30.0,,1096.0,1096.0,,2632.0,0.415,0.415,0.47,2870.0,0.39,0.389999,0.44,
03/31/2000,9783.0,,-5327.0,,4456.0,,-3136.0,,,1320.0,-129.0,180.0,180.0,,0.0,-51.0,1191.0,-438.0,753.0,0.0,,,753.0,0.0,753.0,-28.0,0.0,725.0,725.0,,2628.0,0.275,0.275,0.34,2853.4,0.26,0.26,0.32,
06/30/2000,9661.0,,-5418.0,,4243.0,,-3298.0,,,945.0,-60.0,217.0,217.0,,0.0,-157.0,885.0,-369.0,516.0,0.0,,,516.0,0.0,516.0,-27.0,,489.0,489.0,,2627.2,0.185,0.185,0.285,2823.8,0.18,0.18,0.275,
09/30/2000,9969.0,,-5307.0,,4662.0,,-2883.0,,,1779.0,-76.0,179.0,179.0,,0.0,-103.0,1703.0,-548.0,1155.0,0.0,,,1155.0,0.0,1155.0,-31.0,0.0,1124.0,1124.0,,2611.2,0.43,0.43,0.465,2821.6,0.41,0.41,0.44,
12/31/2000,10182.0,,-5417.0,,4765.0,0.0,-3054.0,3054.0,0.0,1711.0,70.0,,224.0,,,-294.0,1781.0,-587.0,1194.0,,,,1194.0,,1194.0,-30.0,0.0,1164.0,1164.0,,2603.6,0.445,0.445,0.445,2822.0,0.42,0.42,0.42,
03/31/2001,9511.0,,-5175.0,,4336.0,0.0,-3034.0,3034.0,0.0,1302.0,23.0,,204.0,,,-227.0,1325.0,-432.0,893.0,,,,893.0,,893.0,-30.0,0.0,863.0,863.0,,2596.8,0.33,0.33,0.38,2809.8,0.315,0.315,0.355,
06/30/2001,9582.0,,-6203.0,,3379.0,,-3435.0,,,-56.0,-137.0,,187.0,,0.0,-50.0,-193.0,-127.0,-320.0,0.0,,,-320.0,0.0,-320.0,-30.0,0.0,-350.0,-350.0,,2794.0,-0.135,-0.135,0.28,2794.0,-0.135,-0.135,0.28,
09/30/2001,9766.0,,-5111.0,,4655.0,0.0,-2893.0,2893.0,0.0,1762.0,-135.0,,157.0,,,-22.0,1627.0,-523.0,1104.0,,,,1104.0,,1104.0,-32.0,0.0,1072.0,1072.0,,2592.2,0.415,0.415,0.415,2801.6,0.395,0.395,0.395,
12/31/2001,10403.0,,-5339.0,,5064.0,0.0,-3200.0,3200.0,0.0,1864.0,50.0,,150.0,,,-200.0,1914.0,-615.0,1299.0,0.0,,,1299.0,,1299.0,-31.0,0.0,1268.0,1268.0,,2587.756,0.49,0.49,0.545,2803.0,0.465,0.465,0.515,
03/31/2002,9900.0,,-5070.0,,4830.0,0.0,-3176.0,3176.0,0.0,1654.0,-106.0,,146.0,,,-40.0,1548.0,-509.0,1039.0,0.0,,,1039.0,,1039.0,-31.0,0.0,1008.0,1008.0,,2595.8,0.39,0.39,0.445,2811.4,0.37,0.37,0.42,
06/30/2002,10169.0,,-5469.0,,4700.0,,-3302.0,,,1398.0,-104.0,150.0,150.0,,,-46.0,1294.0,-384.0,910.0,0.0,,,910.0,0.0,910.0,-30.0,0.0,880.0,880.0,184.0,2588.234,0.34,0.34,0.405,2824.2,0.32,0.32,0.385,
09/30/2002,10796.0,,-5489.0,,5307.0,,-3128.0,,,2179.0,-41.0,144.0,144.0,,,-103.0,2138.0,-674.0,1464.0,0.0,,,1464.0,0.0,1464.0,-32.0,0.0,1432.0,1432.0,,2603.636,0.55,0.55,0.595,2814.6,0.52,0.52,0.56,
12/31/2002,11005.0,,-5490.0,,5515.0,,-3267.0,,,2248.0,-69.0,143.0,143.0,,,-74.0,2179.0,-685.0,1494.0,0.0,,,1494.0,0.0,1494.0,-31.0,0.0,1463.0,1463.0,,2644.246,0.565,0.565,0.6,2805.2,0.53,0.53,0.565,
03/31/2003,10656.0,,-5394.0,,5262.0,,-3305.0,,,1957.0,-101.0,138.0,138.0,,,-37.0,1856.0,-583.0,1273.0,0.0,,,1273.0,0.0,1273.0,-31.0,0.0,1242.0,1242.0,66.0,2652.08,0.48,0.48,0.505,2791.6,0.455,0.455,0.48,
06/30/2003,10920.0,,-5768.0,,5152.0,,-3683.0,,,1469.0,-112.0,136.0,136.0,,,-24.0,1357.0,-402.0,955.0,0.0,,,955.0,0.0,955.0,-31.0,0.0,924.0,924.0,261.0,2799.2,0.355,0.355,0.46,2799.2,0.34,0.34,0.43,
09/30/2003,12195.0,,-5879.0,,6316.0,,-3673.0,,,2643.0,-101.0,141.0,141.0,,,-40.0,2542.0,-781.0,1761.0,0.0,,,1761.0,0.0,1761.0,-33.0,0.0,1728.0,1728.0,,2593.2,0.665,0.665,0.665,2797.7,0.63,0.63,0.63,
12/31/2003,13221.0,,-6324.0,,6897.0,,-4155.0,,,2742.0,-120.0,149.0,149.0,,,-29.0,2622.0,-804.0,1818.0,0.0,,,1818.0,0.0,1818.0,-32.0,0.0,1786.0,1786.0,,2591.0,0.69,0.69,0.69,2800.8,0.65,0.65,0.65,
03/31/2004,13029.0,,-6394.0,,6635.0,,-4332.0,,,2303.0,-97.0,164.0,164.0,,,-67.0,2206.0,-678.0,1528.0,0.0,,,1528.0,0.0,1528.0,-32.0,0.0,1496.0,1496.0,,2578.4,0.58,0.58,0.58,2790.0,0.545,0.545,0.545,
06/30/2004,12962.0,,-6479.0,,6483.0,,-4344.0,,,2139.0,-159.0,175.0,175.0,,,-16.0,1980.0,-606.0,1374.0,0.0,,,1374.0,0.0,1374.0,-34.0,0.0,1340.0,1340.0,,2642.308,0.52,0.52,0.52,2772.9,0.5,0.5,0.5,
09/30/2004,13744.0,,-6623.0,,7121.0,,-4332.0,,,2789.0,1.0,181.0,181.0,,,-182.0,2790.0,-848.0,1942.0,0.0,,,1942.0,0.0,1942.0,-33.0,0.0,1909.0,1909.0,,2540.7,0.75,0.75,0.75,2766.1,0.7,0.7,0.7,
12/31/2004,14452.0,,-6885.0,,7567.0,,-4585.0,,,2982.0,-145.0,200.0,200.0,,,-55.0,2837.0,-862.0,1975.0,0.0,,,1975.0,0.0,1975.0,-33.0,0.0,1942.0,1942.0,,2528.9,0.77,0.77,0.77,2752.1,0.72,0.72,0.72,
03/31/2005,14287.0,,-7055.0,,7232.0,,-4690.0,,,2542.0,-162.0,222.0,222.0,,,-60.0,2380.0,-766.0,1614.0,0.0,,,1614.0,0.0,1614.0,-32.0,0.0,1582.0,1582.0,,2511.0,0.63,0.63,0.63,2730.3,0.59,0.59,0.59,
06/30/2005,14258.0,,-7309.0,,6949.0,,-4793.0,,,2156.0,-182.0,231.0,231.0,,0.0,-49.0,1974.0,-582.0,1392.0,0.0,,,1392.0,0.0,1392.0,-38.0,0.0,1354.0,1354.0,,2461.818,0.55,0.55,0.55,2700.2,0.52,0.52,0.52,
09/30/2005,14793.0,,-7159.0,,7634.0,,-4577.0,,,3057.0,-145.0,219.0,219.0,,,-74.0,2912.0,-883.0,2029.0,0.0,,,2029.0,0.0,2029.0,-36.0,0.0,1993.0,1993.0,,2433.0,0.82,0.82,0.82,2649.7,0.77,0.77,0.77,
12/31/2005,18337.0,,-8732.0,,9605.0,,-5713.0,,,3892.0,-231.0,299.0,299.0,,,-68.0,3661.0,-1115.0,2546.0,0.0,,,2546.0,0.0,2546.0,-36.0,0.0,2510.0,2510.0,,3307.7,0.76,0.76,0.76,3547.0,0.72,0.72,0.72,
03/31/2006,17250.0,,-8340.0,,8910.0,,-5559.0,,,3351.0,-222.0,301.0,301.0,,,-79.0,3129.0,-918.0,2211.0,0.0,,,2211.0,0.0,2211.0,-35.0,0.0,2176.0,2176.0,,3269.6,0.67,0.67,0.67,3510.5,0.63,0.63,0.63,
06/30/2006,17842.0,,-8894.0,,8948.0,,-5999.0,,,2949.0,-238.0,300.0,300.0,,,-62.0,2711.0,-813.0,1898.0,0.0,,,1898.0,0.0,1898.0,-41.0,0.0,1857.0,1857.0,,3272.414,0.58,0.58,0.58,3437.3,0.55,0.55,0.55,
09/30/2006,18785.0,,-8865.0,,9920.0,,-5866.0,,,4054.0,-178.0,358.0,358.0,,,-180.0,3876.0,-1178.0,2698.0,0.0,,,2698.0,0.0,2698.0,-39.0,0.0,2659.0,2659.0,,3211.904762,0.84,0.84,0.84,3413.3,0.79,0.79,0.79,
12/31/2006,19725.0,,-9287.0,,10438.0,,-6088.0,,,4350.0,-260.0,339.0,339.0,,,-79.0,4090.0,-1228.0,2862.0,0.0,,,2862.0,0.0,2862.0,-39.0,0.0,2823.0,2823.0,,3161.7,0.89,0.89,0.89,3406.5,0.84,0.84,0.84,
03/31/2007,18694.0,,-9057.0,,9637.0,,-5991.0,,,3646.0,-110.0,279.0,279.0,,,-169.0,3536.0,-1024.0,2512.0,0.0,,,2512.0,0.0,2512.0,-38.0,0.0,2474.0,2474.0,,3156.0,0.78,0.78,0.78,3397.3,0.74,0.74,0.74,
06/30/2007,19272.0,,-9477.0,,9795.0,,-6395.0,,,3400.0,-192.0,328.0,328.0,,,-136.0,3208.0,-940.0,2268.0,0.0,,,2268.0,0.0,2268.0,-45.0,0.0,2223.0,2223.0,,3194.37,0.71,0.71,0.71,3378.2,0.67,0.67,0.67,
09/30/2007,20199.0,,-9519.0,,10680.0,,-6262.0,,,4418.0,-166.0,359.0,359.0,,,-193.0,4252.0,-1173.0,3079.0,0.0,,,3079.0,0.0,3079.0,-42.0,0.0,3037.0,3037.0,,3174.23,0.97,0.97,0.97,3354.2,0.92,0.92,0.92,
12/31/2007,21038.0,,-10028.0,,11010.0,0.0,-6420.0,6420.0,0.0,4590.0,-196.0,,389.0,,,-193.0,4394.0,-1200.0,3194.0,-76.0,,,3270.0,0.0,3270.0,-43.0,0.0,3227.0,3227.0,,3094.8,1.04,1.02,1.02,3341.5,0.98,0.96,0.96,
03/31/2008,20026.0,,-9679.0,,10347.0,0.0,-6334.0,6334.0,0.0,4013.0,-354.0,,364.0,,,-10.0,3659.0,-1009.0,2650.0,-60.0,,,2710.0,0.0,2710.0,-41.0,0.0,2669.0,2669.0,,3067.9,0.87,0.85,0.85,3301.2,0.82,0.8,0.8,
06/30/2008,20885.0,,-10572.0,,10313.0,0.0,-6577.0,6577.0,0.0,3736.0,-289.0,,355.0,,,-66.0,3447.0,-497.0,2950.0,-66.0,,,3016.0,0.0,3016.0,-50.0,0.0,2966.0,2966.0,,3109.3,0.97,0.95,0.83,3270.1,0.92,0.9,0.78,
09/30/2008,20983.0,20983.0,-10558.0,10558.0,10425.0,0.0,-6039.0,6039.0,0.0,4386.0,-59.0,,339.0,,,-280.0,4327.0,-1212.0,3115.0,-233.0,-233.0,0.0,3348.0,0.0,3348.0,-47.0,0.0,3301.0,3100.395,32.395,3012.4,1.1,1.02,1.029211,3239.5,1.03,0.96,0.97,
12/31/2008,19763.0,19763.0,-9799.0,9799.0,9964.0,0.0,-5909.0,5909.0,0.0,4055.0,-287.0,,354.0,,,-67.0,3768.0,-955.0,2813.0,-2191.0,-2191.0,0.0,5004.0,0.0,5004.0,-47.0,0.0,4957.0,2797.708,31.708,2958.8,1.68,0.94,0.945555,3170.8,1.58,0.89,0.9,
03/31/2009,17864.0,17864.0,-9117.0,9117.0,8747.0,0.0,-5194.0,5194.0,0.0,3553.0,-303.0,,337.0,,,-34.0,3250.0,-821.0,2429.0,-184.0,-184.0,0.0,2613.0,0.0,2613.0,-45.0,0.0,2568.0,2477.138,93.138,2919.8,0.88,0.82,0.848393,3104.6,0.84,0.78,0.81,
06/30/2009,18662.0,18662.0,-9267.0,9267.0,9395.0,0.0,-5822.0,5822.0,0.0,3573.0,-289.0,,329.0,,,-40.0,3284.0,-813.0,2471.0,0.0,0.0,0.0,2471.0,0.0,2471.0,-53.0,0.0,2418.0,2541.868,123.868,2913.3,0.83,0.83,0.872505,3096.7,0.8,0.8,0.84,
09/30/2009,19807.0,19807.0,-9398.0,9398.0,10409.0,0.0,-5961.0,5961.0,0.0,4448.0,-264.0,,287.0,,,-23.0,4184.0,-1157.0,3027.0,-280.0,-280.0,0.0,3307.0,,3307.0,-50.0,0.0,3257.0,2977.0,0.0,2921.1,1.11,1.02,1.02,3109.6,1.06,0.97,0.97,
12/31/2009,21027.0,21027.0,-9736.0,9736.0,11291.0,0.0,-6636.0,6636.0,0.0,4655.0,-171.0,,224.0,,,-53.0,4484.0,-1335.0,3149.0,-1510.0,-1510.0,0.0,4659.0,,4659.0,-50.0,0.0,4609.0,3379.665,280.665,2917.2,1.58,1.06,1.15853,3118.5,1.49,1.01,1.1,
03/31/2010,19178.0,19178.0,-9225.0,9225.0,9953.0,0.0,-5985.0,5985.0,0.0,3968.0,-206.0,,223.0,,,-17.0,3762.0,-1177.0,2585.0,0.0,0.0,0.0,2585.0,,2585.0,-49.0,0.0,2536.0,2691.195,155.195,2898.2,0.88,0.88,0.928575,3103.9,0.83,0.83,0.88,
06/30/2010,18926.0,18926.0,-9560.0,9560.0,9366.0,0.0,-6416.0,6416.0,0.0,2950.0,-333.0,,212.0,,,121.0,2617.0,-432.0,2185.0,0.0,0.0,0.0,2185.0,,2185.0,,0.0,2185.0,2185.0,0.0,2858.1,0.74,0.74,0.74,3068.9,0.71,0.71,0.71,
09/30/2010,20122.0,20122.0,-9689.0,9689.0,10433.0,0.0,-5932.0,5932.0,0.0,4501.0,-219.0,,208.0,,,11.0,4282.0,-1201.0,3081.0,0.0,0.0,0.0,3081.0,,3081.0,-53.0,0.0,3028.0,3028.0,0.0,2828.5,1.07,1.07,1.07,3025.6,1.02,1.02,1.02,
12/31/2010,21347.0,21347.0,-10287.0,10287.0,11060.0,0.0,-6800.0,6800.0,0.0,4260.0,-170.0,,209.0,,,-39.0,4090.0,-728.0,3362.0,0.0,0.0,0.0,3362.0,-29.0,3333.0,-63.0,0.0,3270.0,3330.004,60.004,2800.3,1.17,1.17,1.18916,3000.2,1.11,1.11,1.13,
03/31/2011,19893.0,19893.0,-9789.0,9789.0,10104.0,0.0,-6399.0,6399.0,0.0,3705.0,-98.0,,202.0,,,-104.0,3607.0,-748.0,2859.0,-47.0,-47.0,0.0,2906.0,-33.0,2873.0,-51.0,0.0,2822.0,2775.0,0.0,2802.2,1.01,0.99,0.99,2999.3,0.96,0.94,0.94,
06/30/2011,20860.0,20860.0,-10787.0,10787.0,10073.0,0.0,-6788.0,6788.0,0.0,3285.0,-80.0,,212.0,,,-132.0,3205.0,-695.0,2510.0,0.0,0.0,0.0,2510.0,,2510.0,-56.0,0.0,2454.0,2454.0,0.0,2777.3,0.88,0.88,0.88,2983.6,0.84,0.84,0.84,
09/30/2011,21530.0,21530.0,-10806.0,10806.0,10724.0,0.0,-6474.0,6474.0,0.0,4250.0,-206.0,,207.0,,,-1.0,4044.0,-1045.0,2999.0,-58.0,-58.0,0.0,3057.0,-33.0,3024.0,-55.0,0.0,2969.0,2911.0,0.0,2755.9,1.08,1.06,1.06,2945.8,1.03,1.01,1.01,
12/31/2011,21744.0,21744.0,-10851.0,10851.0,10893.0,0.0,-8213.0,6659.0,1554.0,2680.0,-31.0,,201.0,,,-170.0,2649.0,-977.0,1672.0,-41.0,-41.0,0.0,1713.0,-23.0,1690.0,-64.0,0.0,1626.0,3154.491,1569.491,2756.6,0.59,0.58,1.144341,2949.7,0.57,0.56,1.092085,
03/31/2012,20194.0,20194.0,-10237.0,10237.0,9957.0,0.0,-6658.0,6636.0,22.0,3299.0,-112.0,,179.0,,,-67.0,3187.0,-754.0,2433.0,-34.0,-34.0,0.0,2467.0,-56.0,2411.0,-62.0,0.0,2349.0,2689.536,374.536,2745.8,0.85,0.84,0.979509,2937.8,0.82,0.81,0.937489,
06/30/2012,20212.0,20212.0,-10497.0,10497.0,9715.0,0.0,-6652.0,6652.0,0.0,3063.0,-158.0,,182.0,,,-24.0,2905.0,-692.0,2213.0,-1454.0,-1454.0,0.0,3667.0,-36.0,3631.0,-75.0,0.0,3556.0,2336.4,234.4,2756.6,1.29,0.76,0.847566,2930.0,1.24,0.74,0.82,
09/30/2012,20739.0,20739.0,-10350.0,10350.0,10389.0,0.0,-6438.0,6438.0,0.0,3951.0,-125.0,153.0,172.0,-19.0,,-28.0,3826.0,-973.0,2853.0,0.0,0.0,0.0,2853.0,-39.0,2814.0,-57.0,0.0,2757.0,3043.317,286.317,2748.6,1.0,1.0,1.107224,2931.7,0.96,0.96,1.057662,
12/31/2012,22175.0,22175.0,-10880.0,10880.0,11295.0,0.0,-6803.0,6803.0,0.0,4492.0,726.0,150.0,169.0,-19.0,,-876.0,5218.0,-1142.0,4076.0,0.0,0.0,0.0,4076.0,-19.0,4057.0,-65.0,0.0,3992.0,3524.944,-467.056,2735.2,1.46,1.46,1.288734,2919.1,1.39,1.39,1.23,
03/31/2013,20598.0,20598.0,-10344.0,10344.0,10254.0,0.0,-6849.0,6849.0,0.0,3405.0,-117.0,142.0,163.0,-21.0,,-25.0,3288.0,-697.0,2591.0,0.0,0.0,0.0,2591.0,-25.0,2566.0,-54.0,0.0,2512.0,2834.377,322.377,2741.5,0.92,0.92,1.033878,2930.7,0.88,0.88,0.99,
06/30/2013,20655.0,20655.0,-10854.0,10854.0,9801.0,0.0,-7168.0,6860.0,308.0,2633.0,-122.0,135.0,163.0,-28.0,,-13.0,2511.0,-629.0,1882.0,0.0,0.0,0.0,1882.0,-7.0,1875.0,-68.0,0.0,1807.0,2273.226,466.226,2746.9,0.66,0.66,0.827561,2937.1,0.64,0.64,0.798737,
09/30/2013,20830.0,20830.0,-10574.0,10574.0,10256.0,0.0,-6136.0,6136.0,0.0,4120.0,-139.0,144.0,165.0,-21.0,,-5.0,3981.0,-942.0,3039.0,-18.0,-18.0,0.0,3057.0,-30.0,3027.0,-58.0,0.0,2969.0,3009.486,58.486,2735.2,1.09,1.08,1.10028,2924.3,1.04,1.03,1.05,
12/31/2013,21099.0,21099.0,-10474.0,10474.0,10625.0,0.0,-6323.0,6323.0,0.0,4302.0,-120.0,163.0,185.0,-22.0,,-43.0,4182.0,-885.0,3297.0,-175.0,-175.0,0.0,3472.0,-44.0,3428.0,-67.0,0.0,3361.0,3273.255,87.255,2719.2,1.24,1.18,1.203757,2908.5,1.18,1.12,1.15,
03/31/2014,19641.0,19641.0,-10040.0,10040.0,9601.0,0.0,-6295.0,6295.0,0.0,3306.0,-131.0,151.0,180.0,-29.0,,-20.0,3175.0,-644.0,2531.0,-105.0,-105.0,0.0,2636.0,-27.0,2609.0,-57.0,0.0,2552.0,2823.233,376.233,2713.1,0.94,0.9,1.040593,2894.1,0.9,0.87,1.0,
06/30/2014,19596.0,19596.0,-10288.0,10288.0,9308.0,0.0,-6146.0,6146.0,0.0,3162.0,-13.0,151.0,179.0,-28.0,,-138.0,3149.0,-593.0,2556.0,-64.0,-64.0,0.0,2620.0,-41.0,2579.0,-71.0,0.0,2508.0,2797.588,353.588,2891.9,0.92,0.9,0.967388,2891.9,0.89,0.87,0.967388,
09/30/2014,20792.0,20792.0,-10552.0,10552.0,10240.0,0.0,-7300.0,6327.0,973.0,2940.0,-117.0,138.0,169.0,-31.0,,-21.0,2823.0,-820.0,2003.0,-17.0,-17.0,0.0,2020.0,-30.0,1990.0,-60.0,0.0,1930.0,3035.64,1122.64,2710.6,0.71,0.7,1.119914,2888.0,0.69,0.68,1.068726,
12/31/2014,18495.0,18495.0,-9558.0,9558.0,8937.0,0.0,-5358.0,5358.0,0.0,3579.0,-107.0,126.0,160.0,-34.0,,-19.0,3472.0,-798.0,2674.0,276.0,276.0,0.0,2398.0,-26.0,2372.0,-70.0,0.0,2302.0,3132.158,554.158,2705.7,0.85,0.95,1.157615,2885.2,0.82,0.92,1.112069,
03/31/2015,16930.0,16930.0,-8927.0,8927.0,8003.0,0.0,-4978.0,4978.0,0.0,3025.0,-57.0,110.0,148.0,-38.0,,-53.0,2968.0,-567.0,2401.0,213.0,213.0,0.0,2188.0,-35.0,2153.0,-59.0,0.0,2094.0,2679.2,372.2,2711.7,0.77,0.85,0.988015,2882.5,0.75,0.82,0.949124,
06/30/2015,16553.0,16553.0,-8837.0,8837.0,7716.0,0.0,-6904.0,4876.0,2028.0,812.0,253.0,102.0,148.0,-46.0,,-355.0,1065.0,-569.0,496.0,-42.0,-42.0,0.0,538.0,-17.0,521.0,-70.0,0.0,451.0,1593.65,1184.65,2878.5,0.17,0.15,0.553639,2878.5,0.17,0.15,0.553639,
09/30/2015,16527.0,16527.0,-8152.0,8152.0,8375.0,0.0,-4607.0,4607.0,0.0,3768.0,-114.0,96.0,140.0,-44.0,,18.0,3654.0,-877.0,2777.0,142.0,142.0,0.0,2635.0,-34.0,2601.0,-65.0,0.0,2536.0,2992.75,314.75,2720.1,0.93,0.98,1.100235,2867.5,0.91,0.96,1.069765,
12/31/2015,16915.0,16915.0,-8460.0,8460.0,8455.0,0.0,-4602.0,4602.0,0.0,3853.0,-50.0,85.0,143.0,-58.0,,-35.0,3803.0,-898.0,2905.0,-323.0,-323.0,0.0,3228.0,-22.0,3206.0,-64.0,0.0,3142.0,2935.35,116.35,2718.9,1.16,1.04,1.079609,2864.6,1.12,1.01,1.050616,
03/31/2016,15755.0,15755.0,-7915.0,7915.0,7840.0,0.0,-4522.0,4522.0,0.0,3318.0,-92.0,113.0,146.0,-33.0,,-21.0,3226.0,-889.0,2337.0,-446.0,-446.0,0.0,2783.0,-33.0,2750.0,-63.0,0.0,2687.0,2590.9,349.9,2688.7,1.0,0.83,0.963626,2835.0,0.97,0.81,0.933422,
06/30/2016,16102.0,16102.0,-8382.0,8382.0,7720.0,0.0,-5218.0,5218.0,0.0,2502.0,184.0,103.0,150.0,-47.0,,-287.0,2686.0,-678.0,2008.0,50.0,50.0,0.0,1958.0,-7.0,1951.0,-63.0,0.0,1888.0,1968.7,30.7,2659.1,0.71,0.73,0.740363,2811.0,0.69,0.71,0.720921,
09/30/2016,16518.0,16518.0,-8102.0,8102.0,8416.0,0.0,-4645.0,4645.0,0.0,3771.0,-33.0,96.0,131.0,-35.0,,-63.0,3738.0,-863.0,2875.0,118.0,118.0,0.0,2757.0,-43.0,2714.0,-63.0,0.0,2651.0,2793.25,24.25,2674.7,0.99,1.03,1.044323,2822.9,0.96,1.0,1.00859,
12/31/2016,16856.0,16856.0,-8298.0,8298.0,8558.0,0.0,-4683.0,4683.0,0.0,3875.0,-619.0,80.0,122.0,-42.0,,539.0,3256.0,-695.0,2561.0,-5335.0,-5335.0,0.0,7896.0,-21.0,7875.0,-61.0,0.0,7814.0,2848.85,369.85,2596.6,3.01,0.96,1.097146,2737.6,2.88,0.93,1.0651,
03/31/2017,15605.0,15605.0,-7836.0,7836.0,7769.0,0.0,-4409.0,4409.0,0.0,3360.0,-24.0,50.0,96.0,-46.0,,-26.0,3336.0,-780.0,2556.0,0.0,0.0,0.0,2556.0,-34.0,2522.0,-60.0,0.0,2462.0,2461.15,-0.85,2563.3,0.96,0.96,0.960149,2705.5,0.93,0.93,0.929686,
06/30/2017,16079.0,16079.0,-8299.0,8299.0,7780.0,0.0,-4831.0,4831.0,0.0,2949.0,-22.0,68.0,116.0,-48.0,,-46.0,2927.0,-725.0,2202.0,0.0,0.0,0.0,2202.0,13.0,2215.0,-63.0,0.0,2152.0,2192.3,40.3,2561.9,0.84,0.84,0.855732,2695.6,0.82,0.82,0.83495,
09/30/2017,16653.0,16653.0,-8269.0,8269.0,8384.0,0.0,-4736.0,4736.0,0.0,3648.0,103.0,66.0,115.0,-49.0,,-169.0,3751.0,-881.0,2870.0,0.0,0.0,0.0,2870.0,-17.0,2853.0,-62.0,0.0,2791.0,2813.35,22.35,2690.6,1.06,1.06,1.045622,2690.6,1.06,1.06,1.045622,
12/31/2017,17395.0,17395.0,-8709.0,8709.0,8686.0,0.0,-4767.0,4767.0,0.0,3919.0,114.0,56.0,122.0,-66.0,,-170.0,4033.0,-1472.0,2561.0,0.0,0.0,0.0,2561.0,-66.0,2495.0,-62.0,0.0,2433.0,3061.95,628.95,2533.9,0.96,0.96,1.208394,2669.6,0.93,0.93,1.165597,
03/31/2018,16281.0,16281.0,-8384.0,8384.0,7897.0,0.0,-4688.0,4688.0,0.0,3209.0,44.0,64.0,133.0,-69.0,,-108.0,3253.0,-713.0,2540.0,0.0,0.0,0.0,2540.0,-29.0,2511.0,-74.0,0.0,2437.0,2552.09,115.09,2522.7,0.97,0.97,1.01165,2645.6,0.95,0.95,0.993502,
06/30/2018,16503.0,16503.0,-9070.0,9070.0,7433.0,0.0,-4846.0,4846.0,0.0,2587.0,-298.0,73.0,136.0,-63.0,,225.0,2289.0,-399.0,1890.0,0.0,0.0,0.0,1890.0,1.0,1891.0,-67.0,0.0,1824.0,2395.69,571.69,2620.9,0.72,0.72,0.914072,2620.9,0.72,0.72,0.914072,
09/30/2018,16690.0,16690.0,-8484.0,8484.0,8206.0,0.0,-4652.0,4652.0,0.0,3554.0,386.0,76.0,129.0,-53.0,,-462.0,3940.0,-729.0,3211.0,0.0,0.0,0.0,3211.0,-12.0,3199.0,-66.0,0.0,3133.0,2561.81,-571.19,2495.8,1.26,1.26,1.026448,2612.1,1.22,1.22,1.001329,
12/31/2018,17438.0,17438.0,-8919.0,8919.0,8519.0,0.0,-4623.0,4623.0,0.0,3896.0,20.0,75.0,138.0,-63.0,,-95.0,3916.0,-700.0,3216.0,0.0,0.0,0.0,3216.0,-22.0,3194.0,-65.0,0.0,3129.0,3198.89,69.89,2499.7,1.25,1.25,1.27971,2623.0,1.22,1.22,1.246645,
03/31/2019,16462.0,16462.0,-8427.0,8427.0,8035.0,0.0,-4806.0,4806.0,0.0,3229.0,49.0,79.0,131.0,-52.0,,-128.0,3278.0,-502.0,2776.0,0.0,0.0,0.0,2776.0,-31.0,2745.0,-64.0,0.0,2681.0,2725.0,44.0,2509.1,1.07,1.07,1.086047,2637.7,1.04,1.04,1.056681,
06/30/2019,17094.0,17094.0,-8938.0,8938.0,8156.0,0.0,-13348.0,5003.0,8345.0,-5192.0,127.0,59.0,111.0,-52.0,,-186.0,-5065.0,-172.0,-5237.0,0.0,0.0,0.0,-5237.0,-4.0,-5241.0,-68.0,0.0,-5309.0,2611.68,7920.68,2509.6,-2.12,-2.12,1.040676,2645.9,-2.12,-2.12,0.873567,
09/30/2019,17798.0,17798.0,-8723.0,8723.0,9075.0,0.0,-4785.0,4785.0,0.0,4290.0,53.0,50.0,108.0,-58.0,,-103.0,4343.0,-726.0,3617.0,0.0,0.0,0.0,3617.0,-24.0,3593.0,-65.0,0.0,3528.0,3557.42,29.42,2504.0,1.41,1.41,1.420695,2647.5,1.36,1.36,1.371112,
12/31/2019,18240.0,18240.0,-8869.0,8869.0,9371.0,0.0,-4889.0,4889.0,0.0,4482.0,50.0,64.0,100.0,-36.0,,-114.0,4532.0,-789.0,3743.0,0.0,0.0,0.0,3743.0,-26.0,3717.0,-64.0,0.0,3653.0,3661.31,8.31,2487.0,1.47,1.47,1.472179,2630.1,1.41,1.41,1.41316,
03/31/2020,17214.0,17214.0,-8716.0,8716.0,8498.0,0.0,-5045.0,5045.0,0.0,3453.0,45.0,61.0,100.0,-39.0,,-106.0,3498.0,-541.0,2957.0,0.0,0.0,0.0,2957.0,-40.0,2917.0,-64.0,0.0,2853.0,3012.96,159.96,2476.2,1.15,1.15,1.216768,2613.3,1.12,1.12,1.18121,
06/30/2020,17698.0,17698.0,-8942.0,8942.0,8756.0,0.0,-5275.0,5275.0,0.0,3481.0,-20.0,135.0,157.0,-22.0,,-115.0,3461.0,-675.0,2786.0,0.0,0.0,0.0,2786.0,14.0,2800.0,0.0,0.0,2800.0,3022.84,222.84,2612.1,1.1,1.1,1.157245,2612.1,1.07,1.07,1.155311,
09/30/2020,18280.5,,,,9505.311585,,,,,4500.636,,,,,,,4504.091,,3647.25,,,,,,3647.25,,,3647.25,3656.308,,,1.396,1.396,1.408,,1.396,1.396,1.408,
12/31/2020,18885.429,,,,9848.7512235,,,,,4732.273,,,,,,,4731.909,,3834.125,,,,,,3834.125,,,3834.125,3845.923,,,1.466,1.466,1.481,,1.466,1.466,1.481,
