Date,Revenue From Electric,Revenue from Gas,Revenue from Water,Other Revenue,Revenue,Electric Production Fuel Cost,Purchased Power Cost,Purchased Gas/Water Cost,Fuel Expense & Purchased Power,Maintenance Expenses,Depreciation Expense,Taxes Other Than Income Taxes,Other Operating Expense,"Depreciation, Operating & Maintenance",Operating Income or Losses,AFUDC - Equity,Net Non-Operating Losses (Gains),Interest Expenses on Bonds,AFUDC - Debts,Other Interest Expenses,Total Interest Expense,Pretax Income,Income Tax Expense (Benefit),Income Before XO Items,Extraordinary Loss Net of Tax,Minority/Non Controlling Interests (Credits),Net Income/Net Profit (Losses),Total Cash Preferred Dividends,Other Adjustments,Net Income Available to Shareholders,Abnormal Losses (Gains),Tax Effect on Abnormal Items,Normalized Income,Basic EPS Before Abnormal Items,Basic EPS Before XO Items,Basic Earnings per Share,Basic Weighted Avg Shares,Diluted EPS Before Abnormal Items,Diluted EPS Before XO Items,Diluted EPS,Diluted Weighted Avg Shares,Source: Bloomberg
12/31/1989,0,407.029999,0,0.0,407.029999,0.0,0.0,-224.873993,-224.873993,-6.947,-12.752,-47.985001,-43.174999,-110.859001,71.296997,0.517,2.336,-9.29,0,-2.248,-11.538,62.611997,-23.448999,39.162998,0.0,0,39.162998,-0.542,,38.620998,,,38.620998,1.18,1.18,1.18,32.630001,1.18,1.18,1.18,32.630001,
03/31/1990,0,457.151001,0,0.0,457.151001,0.0,0.0,-262.436005,-262.436005,-7.695,-13.856,-54.353001,-45.729,-121.633003,73.082001,0.058,2.386,-9.195,0,-2.143,-11.338,64.188,-24.024,40.164001,0.0,0,40.164001,-0.532,,39.632001,,,39.632,1.22,1.22,1.22,32.672001,1.22,1.22,1.22,32.672001,
06/30/1990,0,203.167007,0,0.0,203.167007,0.0,0.0,-91.352997,-91.352997,-8.668,-14.147,-28.183001,-40.890999,-91.889,19.924999,0.062,3.661,-9.086,0,-1.127,-10.213,13.434999,-4.395,9.04,0.0,0,9.04,-0.532,,8.508,,,8.507999,0.26,0.26,0.26,32.692001,0.26,0.26,0.26,32.692001,
09/30/1990,0,97.82,0,0.0,97.82,0.0,0.0,-41.417999,-41.417999,-10.8,-14.059,-16.586,-39.826,-81.271004,-24.868999,0.068,4.242,-11.478,0,-1.223,-12.701,-33.26,14.548,-18.712,0.0,0,-18.712,-0.533,,-19.245,,,-19.244999,-0.59,-0.59,-0.59,32.694,-0.59,-0.59,-0.59,32.694,
12/31/1990,0,332.178009,0,0.0,332.178009,0.0,0.0,-175.688004,-175.688004,-8.327,-13.837,-38.487,-42.931,-103.582001,52.908001,0.011,2.879,-10.538,0,-1.836,-12.374,43.424001,-15.865,27.559,0.0,0,27.559,-0.394,,27.165,,,27.165002,0.83,0.83,0.83,32.721001,0.83,0.83,0.83,32.721001,
03/31/1991,0,489.493988,0,0.0,489.493988,0.0,0.0,-276.384003,-276.384003,-8.286,-14.625,-58.423,-42.368,-123.702003,89.407997,0.016,1.958,-11.001,0,-1.555,-12.556,78.825997,-29.518,49.307999,0.0,0,49.307999,-0.383,,48.924999,,,48.924998,1.5,1.5,1.5,32.736,1.5,1.5,1.5,32.736,
06/30/1991,0,170.817001,0,0.0,170.817001,0.0,0.0,-71.731003,-71.731003,-10.15,-12.794,-23.891001,-41.341999,-88.177002,10.909,0.126,3.11,-10.917,0,-0.887,-11.804,2.341,0.171,2.512,0.0,0,2.512,-0.383,,2.129,,,2.129,0.07,0.07,0.07,32.747002,0.07,0.07,0.07,32.747002,
09/30/1991,0,111.213997,0,0.0,111.213997,0.0,0.0,-41.096001,-41.096001,-9.967,-14.141,-17.434,-41.806999,-83.348999,-13.231,-0.032,3.66,-10.668,0,-0.833,-11.501,-21.104,10.243,-10.861,0.0,0,-10.861,-0.383,,-11.244,,,-11.244,-0.35,-0.35,-0.35,32.759998,-0.35,-0.35,-0.35,32.759998,
12/31/1991,0,345.971008,0,0.0,345.971008,0.0,0.0,-174.977005,-174.977005,-8.496,-13.556,-42.153999,-46.223,-110.429001,60.564999,0.0,1.377,-10.508,0,-1.691,-12.199,49.742998,-18.648001,31.094999,0.0,0,31.094999,-0.302,,30.792999,,,30.792998,0.94,0.94,0.94,32.782001,0.94,0.94,0.94,32.782001,
03/31/1992,0,436.770996,0,0.0,436.770996,0.0,0.0,-228.369003,-228.369003,-9.371,-14.6,-52.834,-50.455002,-127.260002,81.141998,0.0,1.691,-10.558,0,-1.269,-11.827,71.005999,-26.589001,44.417,0.0,0,44.417,-0.312,,44.105,,,44.104998,1.29,1.29,1.29,34.261002,1.29,1.29,1.29,34.261002,
06/30/1992,0,199.738007,0,0.0,199.738007,0.0,0.0,-85.223,-85.223,-9.16,-15.092,-26.885,-45.084,-96.221001,18.294001,0.0,6.268,-10.696,0,-0.73,-11.426,13.136001,-2.32,10.816,0.0,0,10.816,-0.302,,10.514,,,10.514001,0.3,0.3,0.3,34.757,0.3,0.3,0.3,34.757,
09/30/1992,0,114.272003,0,0.0,114.272003,0.0,0.0,-43.276001,-43.276001,-9.799,-14.099,-16.649,-49.601002,-90.148003,-19.152,0.216,1.314,-10.431,0,-0.659,-11.09,-28.712,13.986,-14.726,0.0,0,-14.726,-0.302,,-15.028,,,-15.028,-0.43,-0.43,-0.43,34.77,-0.43,-0.43,-0.43,34.77,
12/31/1992,0,376.126007,0,0.0,376.126007,0.0,0.0,-197.313995,-197.313995,-7.98,-14.498,-43.974998,-52.655998,-119.109001,59.702999,0.0,1.502,-10.378,0,-1.322,-11.7,49.504999,-18.215,31.290001,0.0,0,31.290001,-0.231,,31.059001,,,31.058999,0.89,0.89,0.89,34.792999,0.89,0.89,0.89,34.792999,
03/31/1993,0,522.455017,0,0.0,522.455017,0.0,0.0,-291.446991,-291.446991,-8.6,-15.246,-60.757999,-55.701,-140.304993,90.703003,0.0,1.449,-10.48,0,-0.867,-11.347,80.805003,-29.941,50.863998,0.0,0,50.863998,-0.221,,50.642998,,,50.643003,1.45,1.45,1.45,34.807999,1.45,1.45,1.45,34.807999,
06/30/1993,0,224.302994,0,0.0,224.302994,0.0,0.0,-103.679001,-103.679001,-8.911,-15.24,-29.218,-51.764999,-105.134003,15.49,0.0,1.805,-10.996,0,-0.32,-11.316,5.979,-0.892,5.087,0.0,0,5.087,-0.196,,4.891,,,4.891,0.14,0.14,0.14,34.814999,0.14,0.14,0.14,34.814999,
09/30/1993,0,136.057007,0,0.0,136.057007,0.0,0.0,-53.910999,-53.910999,-10.201,-15.823,-18.441,-52.967999,-97.432999,-15.287,0.0,1.481,-10.387,0,-0.436,-10.823,-24.629,11.482,-13.147,0.0,0,-13.147,-0.071,,-13.218,,,-13.218,-0.38,-0.38,-0.38,34.801998,-0.38,-0.38,-0.38,34.801998,
12/31/1993,0,379.282013,0,0.0,379.282013,0.0,0.0,-201.701996,-201.701996,-8.402,-15.225,-43.977001,-54.224998,-121.829002,55.750999,0.0,12.254,-10.419,0,-1.445,-11.864,56.140999,-17.153,38.987999,0.0,0,38.987999,0.0,,38.987999,,,38.987999,1.12,1.12,1.12,34.839001,1.12,1.12,1.12,34.839001,
03/31/1994,0,574.593018,0,0.0,574.593018,0.0,0.0,-334.458008,-334.458008,-9.722,-16.218,-65.709999,-59.733002,-151.382996,88.751999,0.0,2.367,-11.542,0,-0.855,-12.397,78.721999,-30.318001,48.403999,0.0,0,48.403999,0.0,,48.403999,,,48.403998,1.39,1.39,1.39,34.851002,1.39,1.39,1.39,34.851002,
06/30/1994,0,206.791,0,0.0,206.791,0.0,0.0,-92.822998,-92.822998,-9.853,-16.643,-26.864,-48.904999,-102.264999,11.703,0.0,2.956,-11.542,0,-0.37,-11.912,2.747,-0.143,2.604,0.0,0,2.604,0.0,,2.604,,,2.604,0.07,0.07,0.07,34.859001,0.07,0.07,0.07,34.859001,
09/30/1994,0,118.821999,0,0.0,118.821999,0.0,0.0,-40.056,-40.056,-9.97,-16.598,-16.632999,-57.902,-101.102997,-22.337,0.0,3.062,-11.541,0,-0.342,-11.883,-31.158,15.561,-15.597,0.0,0,-15.597,0.0,,-15.597,,,-15.597,-0.45,-0.45,-0.45,34.869999,-0.45,-0.45,-0.45,34.869999,
12/31/1994,0,307.122986,0,0.0,307.122986,0.0,0.0,-146.087006,-146.087006,-9.422,-16.518,-36.261002,-48.723999,-110.925003,50.111,0.0,1.832,-11.551,0,-1.375,-12.926,39.017,-13.89,25.127001,0.0,0,25.127001,0.0,,25.127001,,,25.127,0.72,0.72,0.72,34.886002,0.72,0.72,0.72,34.886002,
03/31/1995,0,424.385986,0,0.0,424.385986,0.0,0.0,-211.033997,-211.033997,-10.441,-16.836,-51.777,-49.675999,-128.729996,84.622002,0.0,2.203,-11.653,0,-1.996,-13.649,73.176002,-27.357,45.819,0.0,0,45.819,0.0,,45.819,,,45.819001,1.31,1.31,1.31,34.898998,1.31,1.31,1.31,34.898998,
06/30/1995,0,187.186996,0,0.0,187.186996,0.0,0.0,-68.681999,-68.681999,-10.848,-16.124001,-26.195999,-49.212002,-102.379997,16.125,0.0,3.595,-11.663,0,-2.306,-13.969,5.751,-1.188,4.563,0.0,0,4.563,0.0,,4.563,,,4.563,0.13,0.13,0.13,34.905998,0.13,0.13,0.13,34.905998,
09/30/1995,0,114.705002,0,0.0,114.705002,0.0,0.0,-31.632999,-31.632999,-11.02,-16.93,-17.186001,-51.483002,-96.619003,-13.547,0.0,3.639,-11.546,0,-1.78,-13.326,-23.234,9.879,-13.355,0.0,0,-13.355,0.0,,-13.355,,,-13.355,-0.38,-0.38,-0.38,34.912998,-0.38,-0.38,-0.38,34.912998,
12/31/1995,0,317.605011,0,0.0,317.605011,0.0,0.0,-129.871002,-129.871002,-10.055,-16.655001,-38.838001,-54.129002,-119.677002,68.056999,0.0,3.911,-10.951,0,-1.998,-12.949,59.018999,-22.903,36.116001,0.0,0,36.116001,0.0,,36.116001,,,36.115999,1.03,1.03,1.03,34.928001,1.03,1.03,1.03,34.928001,
03/31/1996,0,498.556,0,0.0,498.556,0.0,0.0,-244.033005,-244.033005,-11.108,-17.875999,-57.686001,-62.462002,-149.132004,105.390999,0.0,7.071,-9.004,0,-1.663,-10.667,101.794999,-39.779999,62.014999,0.0,0,62.014999,0.0,,62.014999,,,62.015,1.77,1.77,1.77,34.938999,1.77,1.77,1.77,34.938999,
06/30/1996,0,248.5,0,0.0,248.5,0.0,0.0,-110.346001,-110.346001,-11.381,-18.094999,-28.988001,-54.659,-113.123001,25.031,0.0,7.153,-8.936,0,-0.83,-9.766,22.418,-8.171,14.247,0.0,0,14.247,0.0,,14.247,,,14.247001,0.41,0.41,0.41,34.945999,0.41,0.41,0.41,34.945999,
09/30/1996,0,133.996002,0,0.0,133.996002,0.0,0.0,-45.625,-45.625,-13.098,-18.009001,-17.660999,-49.048,-97.816002,-9.445,0.0,1.668,-8.935,0,-0.623,-9.558,-17.335,8.395,-8.94,0.0,0,-8.94,0.0,,-8.94,,,-8.94,-0.26,-0.26,-0.26,34.956001,-0.26,-0.26,-0.26,34.956001,
12/31/1996,0,387.14801,0,0.0,387.14801,0.0,0.0,-188.593994,-188.593994,-11.526,-18.451,-44.321999,-54.159,-128.457993,70.096001,0.027,0.634,-8.927,0,-0.915,-9.842,60.915001,-23.424999,37.490002,0.0,0,37.489258,0.0,,37.489258,,,37.490001,1.07,1.07,1.07,34.973,1.07,1.07,1.07,34.973,
03/31/1997,0,567.984985,0,0.0,567.984985,0.0,0.0,-320.067993,-320.067993,-9.937,-18.392,-61.952,-49.567001,-139.848007,108.069,0.035,2.322,-8.935,0,-0.859,-9.794,100.632001,-37.374001,63.257999,0.0,0,63.257999,0.0,,63.257999,,,63.258,1.81,1.81,1.81,34.980999,1.81,1.81,1.81,34.980999,
06/30/1997,0,202.434006,0,0.0,202.434006,0.0,0.0,-72.651001,-72.651001,-12.748,-18.649,-25.502001,-45.939999,-102.838997,26.944,0.082,0.983,-8.93,0,-0.387,-9.317,18.692,-6.957,11.735,0.0,0,11.735,0.0,,11.735,,,11.735,0.34,0.34,0.34,34.987999,0.34,0.34,0.34,34.987999,
09/30/1997,0,116.803001,0,0.0,116.803001,0.0,0.0,-34.289001,-34.289001,-13.415,-18.582001,-15.745,-51.743,-99.485001,-16.971001,0.123,0.97,-8.93,0,-0.592,-9.522,-25.400001,11.321,-14.079,0.0,0,-14.079,0.0,,-14.079,,,-14.079001,-0.4,-0.4,-0.4,35.049,-0.4,-0.4,-0.4,35.049,
12/31/1997,0,380.003998,0,5.147,385.151001,0.0,0.0,-197.962997,-197.962997,-10.541,-18.879,-40.542,-50.146,-120.107422,67.080002,0.236,0.814,-8.934,0,-1.26,-10.194,57.936002,-22.393,35.542999,0.0,0,35.542999,0.0,,35.542999,,,35.543002,1.01,1.01,1.01,35.132999,1.01,1.01,1.01,35.157001,
03/31/1998,0,420.309998,0,4.2,424.51001,0.0,0.0,-206.625,-206.625,-9.7,-18.768999,-50.233002,-53.018002,-131.720001,86.165001,0.357,0.46,-8.941,0,-1.032,-9.973,77.009001,-29.893,47.116001,0.0,0,47.116001,0.0,,47.116001,,,47.116002,1.34,1.34,1.34,35.213001,1.34,1.34,1.34,35.237,
06/30/1998,0,198.294006,0,0.0,198.294006,0.0,0.0,-78.782997,-78.782997,,-19.410999,-22.621,-59.525002,-101.556999,17.954,0.0,1.205,-9.493,0,0.0,-9.493,9.666,-1.66,8.006,0.0,0,8.006,0.0,,8.006,,,8.006001,0.23,0.23,0.23,35.292999,0.23,0.23,0.23,35.313999,
09/30/1998,0,124.178001,0,4.503,128.681,0.0,0.0,-42.191002,-42.191002,-12.222,-20.136,-16.702,-50.175999,-99.236,-12.746,0.55,1.664,-8.941,0,-0.592,-9.533,-20.065,8.823,-11.242,0.0,0,-11.242,0.0,,-11.242,,,-11.242,-0.32,-0.32,-0.32,35.375999,-0.32,-0.32,-0.32,35.389,
12/31/1998,0,313.535,0,,313.535,0.0,0.0,-144.693,-144.693,,-20.447,-34.937,-66.044,-121.428,47.414,,-9.497,,0,,,37.917,-14.547,23.37,0.0,0,23.37,0.0,,23.37,,,23.37,0.66,0.66,0.66,35.457,0.66,0.66,0.66,35.477,
03/31/1999,0,495.96,0,4.827,500.787,0.0,0.0,-260.798,-260.798,,-20.431,-52.211,-62.95,-135.592,104.397,,3.556,,0,,0.0,107.953,-41.871,66.082,0.0,0,66.082,0.0,,66.082,,,66.082,1.86,1.86,1.86,35.481,1.86,1.86,1.86,35.49,
06/30/1999,0,218.729,0,0.0,218.729,0.0,0.0,-98.716,-98.716,,-20.235,-24.651,-61.949,-106.835,13.178,,-5.999,-9.074,0,,-9.074,-1.895,-0.187,6.992,0.0,0,6.992,0.0,,6.992,,,-2.082,0.2,0.2,0.2,35.485,0.2,0.2,0.2,35.498,
09/30/1999,0,166.157,0,,161.33,0.0,0.0,-69.081,-69.081,,-22.418,-18.713,-60.093,-101.224,-8.975,,29.625,,0,,0.0,20.65,4.024,-3.808,0.0,0,-3.808,0.0,,-3.808,,,24.674,-0.11,-0.11,-0.11,35.489,-0.11,-0.11,-0.11,35.501,
12/31/1999,0,411.89801,0,,411.89801,0.0,0.0,-228.039993,-228.039993,,-22.884001,-40.443001,-66.857002,-130.184006,53.674,,4.721,-11.34,0,,-11.34,47.055,-17.483999,29.570999,0.0,0,29.570999,0.0,,29.570999,,,29.571001,0.83,0.83,0.83,35.52,0.83,0.83,0.83,35.532001,
03/31/2000,0,525.247986,0,,525.247986,0.0,0.0,-278.579987,-278.579987,,-23.695,-51.644001,-69.137001,-144.475998,102.192001,,2.94,-13.744,0,,-13.744,91.388001,-33.959999,57.428001,0.0,0,57.428001,0.0,,57.428001,,,57.428002,1.62,1.62,1.62,35.509998,1.62,1.62,1.62,35.511002,
06/30/2000,0,261.247986,0,0.0,261.247986,0.0,0.0,-127.765999,-127.765999,,-28.41,-27.754999,-54.676998,-110.842003,22.639999,,5.043,-13.224,0,,-13.224,14.459,-3.607,10.852,0.0,0,10.852,0.0,,10.852,,,10.852,0.31,0.31,0.31,35.327999,0.31,0.31,0.31,35.330002,
09/30/2000,0,218.552,0,,218.552,0.0,0.0,-112.233,-112.233,,-25.946,-21.681,-78.078,-125.704,-19.385,,10.861,-14.617,0,,-14.617,-23.141,11.705,-11.436,0.0,0,-11.436,0.0,,-11.436,9.729,,-1.707,-0.05,-0.32,-0.32,35.296,-0.05,-0.32,-0.32,35.299,
12/31/2000,0,587.965,0,129.017,716.982,-488.636,0.0,0.0,-488.636,,-22.439,-61.258,-75.913,-159.61,68.736,0.0,3.788,-17.297,0,0.0,-17.297,55.227,-20.056,35.171,-0.034,0,35.137,0.0,0.0,35.137,,,35.171,0.99,0.99,0.99,35.343,0.99,0.99,0.99,35.402,
03/31/2001,0,902.028,0,171.761,1073.789,-796.98,0.0,0.0,-796.98,,-21.329,-83.671,-69.852,-174.852,101.957,0.0,17.32,-18.9,0,0.0,-18.9,100.377,-38.152,62.225,0.0,0,62.225,0.0,0.0,62.225,,,62.225,1.76,1.76,1.76,35.389,1.75,1.75,1.75,35.456,
06/30/2001,0,318.501,0,99.507,318.501,0.0,0.0,-183.892,-183.892,,-24.064,-27.977,-59.639,-111.68,22.929,,12.711,-18.114,0,,-18.114,17.526,-4.987,12.539,0.0,0,12.539,0.0,0.0,12.539,,,12.539,0.35,0.35,0.35,35.396,0.35,0.35,0.35,35.459,
09/30/2001,0,26.933,0,134.013,160.946,-238.876,0.0,183.892,-54.984,,-25.358,-19.942,-92.393,-137.693,-31.731,0.0,24.686,-17.74,0,0.0,-17.74,-24.785,11.823,-12.962,0.0,0,-12.962,0.0,0.0,-12.962,14.696,,1.734,0.06,-0.36,-0.36,35.399,0.07,-0.35,-0.35,35.46,
12/31/2001,0,377.548,0,86.815,377.548,0.0,0.0,-186.503,-186.503,,-24.504,-36.022,-66.171,-126.697,64.348,0.0,-1.403,-15.976,0,0.0,-15.976,46.969,-15.948,31.021,0.0,0,31.021,0.0,0.0,31.021,,,31.021,0.88,0.88,0.88,35.434,0.87,0.87,0.87,35.485,
03/31/2002,0,522.835,0,108.424,522.835,0.0,0.0,-276.626,-276.626,,-24.793,-49.942,-71.878,-146.613,99.596,0.0,2.702,-13.971,0,0.0,-13.971,88.327,-33.333,54.994,0.0,0,54.994,0.0,0.0,54.994,,,54.994,1.55,1.55,1.55,35.459,1.55,1.55,1.55,35.501,
06/30/2002,0,347.149,0,110.702,347.149,0.0,0.0,-199.244,-199.244,,-24.393,-30.638,-83.617,-138.648,9.257,0.0,3.619,-13.585,0,0.0,-13.585,-0.709,2.045,1.336,0.0,0,1.336,0.0,0.0,1.336,17.0,-6.743,11.593,0.33,0.04,0.04,35.466,0.33,0.04,0.04,35.514,
09/30/2002,0,235.003,0,,235.003,0.0,0.0,-119.783,-119.783,,-25.162,-19.355,-72.554,-117.071,-1.851,0.0,15.563,-12.907,0,0.0,-12.907,0.805,0.915,1.72,0.0,0,1.72,0.0,,1.72,,,1.72,0.05,0.05,0.05,35.462,0.05,0.05,0.05,35.479,
12/31/2002,0,549.111,0,0.0,549.111,0.0,0.0,-329.505,-329.505,,-27.464,-43.657,-87.914,-159.035,60.571,0.0,0.463,-12.862,0,0.0,-12.862,48.172,-17.171,31.001,0.0,0,31.001,0.0,0.0,31.001,,,31.001,0.87,0.87,0.87,35.535,0.87,0.87,0.87,35.639,
03/31/2003,0,903.833,0,0.0,903.833,0.0,0.0,-598.232,-598.232,,-28.013,-73.449,-89.597,-191.059,114.542,0.0,0.421,-12.571,0,0.0,-12.571,102.392,-38.911,63.481,0.0,0,63.481,0.0,,63.481,,,63.481,1.78,1.78,1.78,35.723,1.77,1.77,1.77,35.844,
06/30/2003,0,398.147,0,0.0,398.147,0.0,0.0,-238.092,-238.092,,-27.658,-27.729,-84.058,-139.445,20.61,0.0,4.472,-12.004,0,0.0,-12.004,13.078,-5.065,8.013,0.0,0,8.013,0.0,,8.013,,,8.013,0.22,0.22,0.22,36.265,0.22,0.22,0.22,36.438,
09/30/2003,0,287.302,0,0.0,287.302,0.0,0.0,-163.194,-163.194,,-28.69,-22.382,-76.922,-127.994,-3.886,0.0,15.424,-12.065,0,0.0,-12.065,-0.527,1.966,1.439,0.0,0,1.439,0.0,,1.439,,,1.439,0.04,0.04,0.04,36.663,0.04,0.04,0.04,36.833,
12/31/2003,0,604.884,0,0.0,604.884,0.0,0.0,-380.56,-380.56,,-28.921,-47.696,-87.31,-163.927,60.397,0.0,0.36,-12.281,0,0.0,-12.281,48.476,-17.125,31.351,0.0,0,31.351,0.0,,31.351,,,31.351,0.85,0.85,0.85,36.814,0.85,0.85,0.85,36.976,
03/31/2004,0,927.021,0,0.0,927.021,0.0,0.0,-632.491,-632.491,,-30.97,-71.051,-99.057,-201.078,93.452,0.0,2.265,-12.381,0,0.0,-12.381,83.336,-28.432,54.904,0.0,0,54.904,0.0,,54.904,,,54.904,1.47,1.47,1.47,37.29,1.46,1.46,1.46,37.497,
06/30/2004,0,401.137,0,0.0,401.137,0.0,0.0,-247.146,-247.146,,-29.749,-29.761,-83.739,-143.249,10.742,0.0,7.26,-11.758,0,0.0,-11.758,6.244,-0.621,5.623,0.0,0,5.623,0.0,,5.623,,,5.623,0.15,0.15,0.15,37.549,0.15,0.15,0.15,37.722,
09/30/2004,0,327.157013,0,0.0,327.157013,0.0,0.0,-207.580002,-207.580002,0.0,-29.504999,-21.528999,-74.171997,-125.206001,-5.629,0.0,-1.024,-12.006,0,0.0,-12.006,-18.659,8.345,-10.314,0.0,0,-10.314,0.0,,-10.314,17.0,-6.765,-0.078999,0.0,-0.27,-0.27,37.647999,0.0,-0.27,-0.27,37.799,
12/31/2004,0,520.057983,0,217.352997,737.411011,-508.891998,0.0,0.0,-508.891998,,-30.344,-53.046001,-99.603996,-182.994003,45.525002,0.0,1.801,-12.51,0,0.0,-12.51,34.816001,-12.34,22.476,0.0,0,22.476,0.0,0.0,22.476,6.8,,29.276001,0.77,0.59,0.59,37.816002,0.77,0.59,0.59,37.993,
03/31/2005,0,742.442017,0,284.463989,1026.906006,-727.715027,0.0,0.0,-727.715027,,-28.957001,-75.806,-104.348999,-209.112,90.079002,0.0,-0.594,-12.844,0,0.0,-12.844,76.641003,-26.809999,49.831001,1.341,0,51.172001,0.0,0.0,51.172001,1.956,-0.5927,51.194303,1.35,1.31,1.35,37.928001,1.35,1.31,1.34,38.092999,
06/30/2005,0,259.342987,0,196.587997,455.931,-303.885986,0.0,0.0,-303.885986,,-24.031,-31.643,-77.730003,-133.404007,18.641001,0.0,2.898,-12.586,0,0.0,-12.586,8.953,-4.119,4.834,1.965,0,6.799,0.0,0.0,6.799,0.052,-0.018,4.868,0.13,0.13,0.18,38.029999,0.13,0.13,0.18,38.185001,
09/30/2005,0,166.830994,0,212.505997,379.337006,-264.877014,,,-264.877014,,-27.556,-23.702,-80.280998,-131.546997,-17.087,0.0,12.488,-12.676,0,0.0,-12.675,-17.274,6.395,-10.88,8.566,0,-2.314,0.0,0.0,-2.314,,,-10.879,-0.29,-0.29,-0.06,38.136002,-0.28,-0.28,-0.06,38.299,
12/31/2005,0,728.989014,0,323.397003,1052.385986,-796.427002,0.0,0.0,-796.427002,,-29.014,-68.734001,-193.125,-290.872986,-34.914001,0.0,11.796,-13.223,0,0.0,-13.223,-36.341002,16.860001,-19.481001,0.0,0,-19.481001,0.0,0.0,-19.481001,55.299999,,35.818998,0.93,-0.51,-0.51,38.244999,0.93,-0.51,-0.51,38.377998,
03/31/2006,0,821.356995,0,358.67099,1180.027954,-886.640015,0.0,0.0,-886.640015,,-29.531,-79.470001,-107.480003,-216.481003,76.906998,0.0,-16.108,-15.182,0,0.0,-15.182,45.616998,-12.026,33.591,-0.421,0,33.169998,0.0,0.0,33.169998,15.5,-6.2,42.890998,1.12,0.88,0.87,38.338001,1.12,0.87,0.86,38.466999,
06/30/2006,0,223.826004,0,176.619003,400.445007,-256.816986,0.0,0.0,-256.816986,,-30.120001,-30.021999,-88.115997,-148.257996,-4.63,0.0,0.62,-15.382,0,0.0,-15.382,-19.392,5.678,-13.714,3.603,0,-10.111,0.0,0.0,-10.111,1.856,-0.65,-12.508,-0.32,-0.35,-0.26,38.403999,-0.32,-0.35,-0.26,38.570999,
09/30/2006,0,147.707993,0,241.695007,385.112,-264.428986,,,-264.428986,,-29.738001,-22.708,,-142.647003,-21.964001,0.0,-4.668,-16.656,0,0.0,-17.796,-44.428,13.797,-29.490999,8.277,0,-21.214001,0.0,0.0,-21.214001,6.3,,-24.331,-0.55,-0.75,-0.55,38.467999,-0.55,-0.76,-0.55,38.644001,
