Date,Revenue,Net Premiums Earned,Net Premiums Earned (NL),Other Premiums Earned (NL & L),Investment Income,Other Operating Income,Policy Charges & Fees,Other Income,Claims & Losses,Claims & Losses (NL),Claims & Losses (L),LT Charges (L),Underwriting Expense & Acq Cost,Underwriting & Acq Cost (NL),Underwriting Cost (NL),Other Cost (NL),Other Operating Expense,Operating Income (Loss),Interest Expense,Other Non-Op (Income) Loss,"Pretax Income (Loss), GAAP",Income Tax Expense (Benefit),Income (Loss) from Cont Ops,Net Extraordinary Losses (Gains),Discontinued Operations,XO & Accounting Changes,Income (Loss) Incl. MI,Minority Interest,"Net Income, GAAP",Preferred Dividends,Other Adjustments,"Net Income Avail to Common, GAAP","Net Income Avail to Common, Adj",Net Abnormal Losses (Gains),Basic Weighted Avg Shares,"Basic EPS, GAAP",Basic EPS from Cont Ops,"Basic EPS from Cont Ops, Adjusted",Diluted Weighted Avg Shares,"Diluted EPS, GAAP",Diluted EPS from Cont Ops,"Diluted EPS from Cont Ops, Adjusted",Source: Bloomberg
03/31/1990,335.5,291.5,,,33.599998,10.4,,,-181.100006,181.100006,0.0,0.0,-99.599998,,,,,45.5,-12.0,0.0,33.5,-6.1,27.4,0.0,,,27.4,0.0,27.4,0.0,,27.4,27.4,,914.4,0.03,0.03,0.03,914.4,0.03,0.03,0.03,
06/30/1990,340.799988,297.200012,,,33.400002,10.2,,,-172.699997,172.699997,0.0,0.0,-102.599998,,,,,57.400002,-12.1,0.0,45.300002,-8.5,36.799999,0.0,,,36.800002,0.0,36.799999,0.0,,36.799999,36.799999,,889.200036,0.041389,0.041389,0.041389,889.200036,0.041389,0.041389,0.041389,
09/30/1990,343.299988,303.5,,,28.200001,11.6,,,-203.5,203.5,0.0,0.0,-103.099998,,,,,29.4,-12.7,0.0,16.7,1.4,18.1,0.0,,,18.1,0.0,18.1,0.0,,18.1,18.1,,856.799964,0.021111,0.021111,0.021111,856.799964,0.021111,0.021111,0.021111,
12/31/1990,337.399994,299.0,,,25.299999,13.1,,,-205.600006,205.600006,0.0,0.0,-111.099998,,,,,4.3,-11.7,0.0,-7.4,18.5,11.1,0.0,,,11.1,0.0,11.1,0.0,,11.1,11.1,,838.799973,0.014167,0.014167,,838.799973,0.014167,0.014167,0.014167,
03/31/1991,348.299988,304.899994,,,30.0,13.4,,,-185.600006,185.600006,0.0,0.0,-106.699997,,,,,41.099998,-12.1,0.0,28.999998,-3.3,25.700001,0.0,,,25.699998,0.0,25.700001,0.0,,25.700001,25.700001,,831.600014,0.030833,0.030833,,831.600014,0.030833,0.030833,0.030833,
06/30/1991,369.0,322.799988,,,30.4,15.8,,,-218.300003,218.300003,0.0,0.0,-121.199997,,,,,15.5,-11.8,0.0,3.7,6.0,9.7,0.0,,,9.7,0.0,9.7,,,9.7,9.7,,810.0,0.010556,0.010556,,810.0,0.010556,0.010556,0.010556,
09/30/1991,382.299988,333.5,,,33.0,15.8,,,-223.5,223.5,0.0,0.0,-116.199997,,,,,27.200001,-11.8,0.0,15.400001,-4.2,11.2,0.0,,,11.200001,0.0,11.2,,,11.2,11.2,,784.799973,0.010833,0.010833,,784.799973,0.010833,0.010833,0.010833,
12/31/1991,363.600006,325.700012,,,28.9,9.0,,,-230.600006,230.600006,0.0,0.0,-131.699997,,,,,-10.5,-12.1,0.0,-22.6,1.5,-21.1,0.0,,,-21.1,0.0,-21.1,,,-21.1,-21.1,,770.399986,-0.020833,-0.020833,,770.399986,-0.020833,-0.020833,-0.020833,
03/31/1992,380.700012,331.5,,,34.299999,14.9,,,-216.0,216.0,0.0,0.0,-111.599998,,,,,38.599998,-11.4,0.0,27.199998,-5.3,21.9,-14.2,,,36.099998,0.0,36.099998,-2.3,,33.799998,33.799998,,766.799964,0.044167,0.025556,0.025556,766.799964,0.044167,0.025556,0.025556,
06/30/1992,501.799988,352.600006,,,32.799999,116.400002,,,-247.100006,247.100006,0.0,0.0,-123.699997,,,,,64.400002,-11.2,0.0,53.200002,-13.1,40.099998,0.0,,,40.100001,0.0,40.099998,-2.4,,37.699998,37.699998,,756.0,0.049722,0.049722,,756.0,0.049722,0.049722,0.049722,
09/30/1992,409.799988,360.899994,,,33.4,15.5,,,-223.399994,223.399994,0.0,0.0,-101.800003,,,,,72.300003,-11.2,0.0,61.100003,-16.4,44.700001,0.0,,,44.700004,0.0,44.700001,-2.3,,42.400001,42.400001,,727.200027,0.058056,0.058056,,727.200027,0.058056,0.058056,0.058056,
12/31/1992,429.600006,381.100006,,,36.000002,12.5,,,-244.399994,244.399994,0.0,0.0,-108.5,,,,,47.900002,-10.7,0.0,37.200002,-4.3,32.900002,0.0,,,32.900002,0.0,32.900002,-2.4,,30.500002,30.500002,,740.400012,0.041667,0.041667,0.041667,740.400012,0.041667,0.041667,0.041667,
03/31/1993,433.100006,372.200012,,,50.299999,10.6,,,-233.600006,233.600006,0.0,0.0,-107.599998,,,,,81.800003,-9.8,0.0,72.000003,-20.4,51.599998,0.0,,,51.600003,0.0,51.599998,-2.3,,49.299998,49.299998,,834.0,0.059167,0.059167,0.059167,834.0,0.059167,0.059167,0.059167,
06/30/1993,492.0,411.299988,,,68.700001,12.0,,,-251.399994,251.399994,0.0,0.0,-108.5,,,,,121.699997,-9.5,0.0,112.199997,-32.700001,79.5,0.0,,,79.499996,0.0,79.5,-2.4,,77.1,77.1,,832.800024,0.0925,0.0925,0.0925,832.800024,0.0925,0.0925,0.0925,
09/30/1993,512.799988,431.899994,,,70.0,10.9,,,-262.299988,262.299988,0.0,0.0,-115.800003,,,,,125.900002,-9.1,0.0,116.800001,-34.200001,82.599998,0.0,,,82.6,0.0,82.599998,-2.3,,80.299999,80.299999,,879.600037,0.090833,0.090833,,879.600037,0.090833,0.090833,0.090833,
12/31/1993,506.700012,453.299988,,,43.2,10.2,,,-280.700012,280.700012,0.0,0.0,-131.0,,,,,87.400002,-11.3,0.0,76.100002,-18.5,57.599998,4.0,,,53.600002,0.0,53.599998,-2.2,,51.399998,51.399998,,900.0,0.056667,0.060833,0.060833,900.0,0.056667,0.060833,0.060833,
03/31/1994,520.299988,478.700012,,,32.100001,9.5,,,-309.0,309.0,0.0,0.0,-126.0,,,,,77.199997,-13.5,0.0,63.699997,-15.6,48.099998,0.0,,,48.099997,0.0,48.099998,-2.2,,45.899998,45.899998,,894.0,0.051667,0.051667,0.053333,894.0,0.051667,0.051667,0.053333,
06/30/1994,591.700012,536.599976,,,44.6,10.5,,,-354.399994,354.399994,0.0,0.0,-132.300003,,,,,95.5,-13.8,0.0,81.7,-21.200001,60.5,0.0,,,60.499999,0.0,60.5,-2.1,,58.4,58.4,,885.600037,0.065833,0.065833,0.059167,885.600037,0.065833,0.065833,0.059167,
09/30/1994,632.099976,572.299988,,,49.800001,10.0,,,-384.100006,384.100006,0.0,0.0,-137.899994,,,,,103.599998,-13.8,0.0,89.799998,-25.0,64.800003,0.0,,,64.799998,0.0,64.800003,-2.1,,62.700003,62.700003,,886.800018,0.070833,0.070833,0.0625,886.800018,0.070833,0.070833,0.0625,
12/31/1994,662.5,603.5,,,47.1,11.9,,,-349.799988,349.799988,0.0,0.0,-146.100006,,,,,158.800003,-14.2,0.0,144.600003,-43.700001,100.900002,0.0,,,100.900002,0.0,100.900002,-2.1,,98.800002,98.800002,,884.399964,0.111667,0.111667,0.111667,884.399964,0.111667,0.111667,0.111667,
03/31/1995,691.700012,624.299988,,,58.1,9.3,,,-436.899994,436.899994,0.0,0.0,-150.600006,,,,,95.800003,-14.3,0.0,81.500003,-20.799999,60.700001,0.0,,,60.700004,0.0,60.700001,-2.1,,58.600001,58.600001,,888.0,0.065833,0.065833,0.055,888.0,0.065833,0.065833,0.055,
06/30/1995,757.0,677.400024,,,69.6,10.0,,,-494.600006,494.600006,0.0,0.0,-154.899994,,,,,98.699997,-14.2,0.0,84.499997,-23.700001,60.799999,0.0,,,60.799996,0.0,60.799999,-2.1,,58.699999,58.699999,,888.0,0.065833,0.065833,0.05,888.0,0.065833,0.065833,0.05,
09/30/1995,774.0,709.299988,,,55.000001,9.7,,,-503.899994,503.899994,0.0,0.0,-163.100006,,,,,101.800003,-14.3,0.0,87.500003,-25.0,62.5,0.0,,,62.500003,0.0,62.5,-2.1,,60.4,60.4,,891.600037,0.0675,0.0675,0.063333,891.600037,0.0675,0.0675,0.063333,
12/31/1995,781.099976,716.200012,,,54.999998,9.9,,,-508.399994,508.399994,0.0,0.0,-158.199997,,,,,106.699997,-14.3,0.0,92.399997,-25.9,66.5,0.0,,,66.499997,0.0,66.5,-2.0,,64.5,64.5,,892.800024,0.071667,0.071667,0.069167,892.800024,0.071667,0.071667,0.069167,
03/31/1996,797.200012,732.0,,,55.800002,9.4,,,-525.400024,525.400024,0.0,0.0,-161.100006,,,,,101.400002,-14.3,0.0,87.100001,-23.799999,63.299999,0.0,,,63.300002,0.0,63.299999,-2.1,,61.199999,61.199999,,861.600037,0.07,0.07,0.066667,895.199982,0.068333,0.068333,0.065,
06/30/1996,846.700012,784.5,,,51.8,10.4,,,-538.599976,538.599976,0.0,0.0,-170.699997,,,,,125.099998,-15.0,0.0,110.099998,-31.700001,78.400002,0.0,,,78.399998,0.0,78.400002,-1.1,,77.300002,77.300002,,859.199982,0.089167,0.089167,0.0925,883.199982,0.084167,0.084167,0.0875,
09/30/1996,892.5,827.5,,,52.199998,12.8,,,-572.700012,572.700012,0.0,0.0,-181.600006,,,,,129.0,-16.1,0.0,112.9,-32.599998,80.300003,0.0,,,80.300001,0.0,80.300003,0.0,,80.300003,80.300003,,859.199982,0.0925,0.0925,0.095,888.0,0.09,0.09,0.0925,
12/31/1996,935.900024,855.299988,,,67.000001,13.6,,,-599.400024,599.400024,0.0,0.0,-177.699997,,,,,147.699997,-16.1,0.0,131.599997,-39.900002,91.699997,0.0,,,91.699995,0.0,91.699997,0.0,,91.699997,91.699997,,858.0,0.106667,0.106667,0.106667,895.199976,0.1025,0.1025,0.1025,
03/31/1997,965.0,894.299988,,,59.299999,11.4,,,-635.200012,635.200012,0.0,0.0,-194.399994,,,,,124.199997,-16.1,0.0,108.099997,-31.6,76.5,0.0,,,76.499996,0.0,76.5,0.0,,76.5,76.5,,860.399963,0.089167,0.089167,0.091667,897.600037,0.085,0.085,0.0875,
06/30/1997,1117.099976,1009.799988,,,96.199999,11.1,,,-724.799988,724.799988,0.0,0.0,-215.399994,,,,,164.899994,-16.1,0.0,148.799994,-46.700001,102.099998,0.0,,,102.099993,0.0,102.099998,0.0,,102.099998,102.099998,,862.800018,0.118333,0.118333,0.096667,900.0,0.113333,0.113333,0.091667,
09/30/1997,1200.699951,1078.0,,,110.599998,12.1,,,-756.900024,756.900024,0.0,0.0,-246.800003,,,,,185.899994,-16.200001,0.0,169.699993,-53.5,116.199997,0.0,,,116.199993,0.0,116.199997,0.0,,116.199997,116.199997,,865.199982,0.134167,0.134167,0.104167,907.199982,0.128333,0.128333,0.098333,
12/31/1997,1315.5,1207.400024,,,97.399998,10.7,,,-850.599976,850.599976,0.0,0.0,-287.200012,,,,,168.100006,-16.200001,0.0,151.900005,-46.700001,105.199997,0.0,,,105.200005,0.0,105.199997,0.0,,105.199997,105.199997,,866.399963,0.121667,0.121667,0.1,908.399963,0.115833,0.115833,0.094167,
03/31/1998,1252.400024,1145.699951,,,96.200001,10.5,,,-784.200012,784.200012,0.0,0.0,-266.799988,,,,,192.0,-16.1,0.0,175.9,-55.799999,120.099998,0.0,,,120.1,0.0,120.099998,0.0,,120.099998,120.099998,,868.800018,0.138333,0.138333,0.119167,910.800018,0.131667,0.131667,0.1125,
06/30/1998,1333.199951,1227.699951,,,95.999998,9.5,,,-849.599976,849.599976,0.0,0.0,-284.299988,,,,,193.699997,-15.2,0.0,178.499997,-55.5,123.0,0.0,,,122.999997,0.0,123.0,0.0,,123.0,123.0,,870.0,0.141667,0.141667,0.126667,914.399963,0.134167,0.134167,0.119167,
09/30/1998,1361.300049,1281.699951,,,70.400003,9.2,,,-847.400024,847.400024,0.0,0.0,-293.399994,,,,,212.300003,-14.7,0.0,197.600003,-62.5,135.100006,0.0,,,135.100003,0.0,135.100006,0.0,,135.100006,135.100006,,870.0,0.155,0.155,0.154167,896.399963,0.150833,0.150833,0.15,
12/31/1998,1338.099976,1292.900024,,,36.200001,9.0,,,-895.099976,895.099976,0.0,0.0,-311.200012,,,,,124.199997,-15.1,0.0,109.099997,-30.6,78.5,0.0,,,78.499996,0.0,78.5,0.0,,78.5,78.5,,870.0,0.09,0.09,0.1175,895.199982,0.0875,0.0875,0.115,
03/31/1999,1407.900024,1322.099976,,,74.599998,11.2,,,-913.900024,913.900024,0.0,0.0,-316.700012,,,,,167.300003,-16.799999,0.0,150.500004,-45.200001,105.300003,0.0,,,105.300003,0.0,105.300003,0.0,,105.300003,105.300003,,872.399963,0.120833,0.120833,0.119167,896.399963,0.1175,0.1175,0.115833,
06/30/1999,1522.199951,1404.599976,,,100.200001,17.4,,,-1004.700012,1004.700012,0.0,0.0,-326.700012,,,,,180.800003,-20.1,0.0,160.700003,-48.599998,112.099998,0.0,,,112.100004,0.0,112.099998,0.0,,112.099998,112.099998,,874.776031,0.128333,0.128333,0.1125,897.600037,0.125,0.125,0.11,
09/30/1999,1582.699951,1459.199951,,,108.200001,15.3,,,-1110.0,1110.0,0.0,0.0,-334.899994,,,,,123.900002,-19.700001,0.0,104.200001,-30.200001,74.0,0.0,,,74.0,0.0,74.0,0.0,,74.0,74.0,,876.0,0.084167,0.084167,0.068333,895.199982,0.0825,0.0825,0.066667,
12/31/1999,1601.9,1497.7,,,95.4,8.8,,,-1227.8,1227.8,0.0,0.0,-343.0,,,,,24.1,-19.8,-7.5,-3.2,0.0,3.8,0.0,,,-3.2,0.0,3.8,0.0,,3.8,3.8,,877.2,0.004167,0.004167,0.005,891.6,0.004167,0.004167,0.005,
03/31/2000,1601.5,1521.0,,,90.699997,5.2,,,-1321.699951,1321.699951,0.0,0.0,-334.5,,,,,0.0,-19.9,0.0,-19.9,0.0,0.0,0.0,,,-19.9,0.0,-46.599998,0.0,0.0,-46.599998,-46.599998,,876.0,0.0,0.0,0.0,886.800018,0.0,0.0,0.0,
06/30/2000,1650.6,1579.9,1579.9,0.0,65.7,5.0,,,-1332.1,1332.1,,,-326.6,,,,,-13.4,-20.0,0.0,-33.4,19.3,-14.1,,,,-14.1,,-14.1,0.0,0.0,-14.1,-14.1,,877.2,-0.015833,-0.015833,-0.015833,891.6,-0.015833,-0.015833,-0.015833,
09/30/2000,1748.599976,1615.5,,,128.100002,5.0,,,-1317.900024,1317.900024,0.0,0.0,-324.299988,,,,,100.900002,-19.799999,0.0,81.100002,-22.299999,58.799999,0.0,,,58.800003,0.0,58.799999,0.0,0.0,58.799999,58.799999,,879.600037,0.066667,0.066667,0.043333,891.600037,0.065833,0.065833,0.0425,
12/31/2000,1772.0,1632.0,,,134.7,5.3,,,-1307.7,1307.7,0.0,0.0,-346.1,,,,,113.1,-18.1,-29.1,65.9,-17.9,48.0,0.0,,,48.0,0.0,48.0,0.0,0.0,48.0,48.0,,880.8,0.054167,0.054167,0.056667,894.0,0.053333,0.053333,0.055833,
03/31/2001,1769.099976,1673.900024,,,92.800003,4.9,,,-1276.0,1276.0,0.0,0.0,-352.799988,,,,,135.699997,-12.3,0.0,123.399997,-36.799999,86.599998,0.0,,,86.599998,0.0,86.599998,0.0,0.0,86.599998,86.599998,,883.199982,0.098333,0.098333,0.1,897.600037,0.096667,0.096667,0.098333,
06/30/2001,1862.599976,1755.800049,,,104.0,5.9,,,-1318.099976,1318.099976,0.0,0.0,-377.799988,,,,,162.0,-12.8,0.0,149.2,-45.5,103.699997,0.0,,,103.7,0.0,103.699997,0.0,0.0,103.699997,103.699997,,886.800018,0.116667,0.116667,0.12,903.600037,0.115,0.115,0.118333,
09/30/2001,1858.0,1832.900024,,,101.5,6.8,,,-1307.599976,1307.599976,0.0,0.0,-393.700012,,,,,151.100006,-12.9,0.0,138.200006,-41.799999,96.400002,0.0,,,96.400007,0.0,96.400002,0.0,0.0,96.400002,96.400002,,883.199982,0.109167,0.109167,0.169167,900.0,0.1075,0.1075,0.1675,
12/31/2001,1988.3,1899.2,,,82.0,7.1,,,-1362.4,1362.4,0.0,0.0,-427.9,,,,,191.0,-14.2,0.0,176.8,-52.1,124.7,0.0,,,124.7,0.0,124.7,0.0,0.0,124.7,124.7,,879.6,0.139167,0.139167,0.155833,897.6,0.139167,0.139167,0.155833,
03/31/2002,2065.600098,1967.5,,,105.099998,7.8,,,-1357.400024,1357.400024,0.0,0.0,-423.700012,,,,,279.399994,-18.1,0.0,261.299994,-85.099998,176.199997,0.0,,,176.199995,0.0,176.199997,0.0,0.0,176.199997,176.199997,,882.0,0.2,0.2,0.210833,898.800018,0.195833,0.195833,0.206667,
06/30/2002,2256.5,2136.0,,,114.699997,8.8,,,-1519.300049,1519.300049,0.0,0.0,-476.799988,,,,,255.0,-18.1,0.0,236.9,-76.5,160.399994,0.0,,,160.4,0.0,160.399994,0.0,0.0,160.399994,160.399994,,879.200012,0.1825,0.1825,0.185,897.599976,0.1775,0.1775,0.18,
09/30/2002,2418.600098,2316.5,,,116.599998,9.2,,,-1653.599976,1653.599976,0.0,0.0,-475.0,,,,,281.299988,-17.6,0.0,263.699987,-85.199997,178.5,0.0,,,178.49999,0.0,178.5,0.0,0.0,178.5,178.5,,871.599976,0.205,0.205,0.2225,887.200012,0.2,0.2,0.2175,
12/31/2002,2545.0,2463.5,,,73.0,8.5,,,-1768.8,1768.8,0.0,0.0,-530.3,,,,,240.3,-20.8,0.0,219.5,-67.3,152.2,0.0,,,152.2,0.0,152.2,0.0,0.0,152.2,152.2,,871.6,0.175,0.175,0.2,887.2,0.1725,0.1725,0.1975,
03/31/2003,2720.0,2598.300049,,,116.0,8.8,,,-1733.5,1733.5,0.0,0.0,-523.200012,,,,,457.399994,-24.1,0.0,433.299994,-141.800003,291.5,0.0,,,291.49999,0.0,291.5,0.0,0.0,291.5,291.5,,871.599976,0.335,0.335,0.3375,885.200012,0.33,0.33,0.3325,
06/30/2003,2921.0,2774.899902,,,135.6,10.5,,,-1922.599976,1922.599976,0.0,0.0,-543.099976,,,,,448.5,-23.700001,0.0,424.799999,-138.5,286.299988,0.0,,,286.299999,0.0,286.299988,0.0,0.0,286.299988,286.299988,,870.400024,0.33,0.33,0.3125,886.0,0.3225,0.3225,0.305,
09/30/2003,3080.600098,2927.800049,,,115.5,41.599998,,,-1983.099976,1983.099976,0.0,0.0,-589.0,,,,,499.100006,-24.0,0.0,475.100006,-155.300003,319.799988,0.0,,,319.800003,0.0,319.799988,0.0,0.0,319.799988,319.799988,,867.599976,0.3675,0.3675,0.37,882.0,0.3625,0.3625,0.365,
12/31/2003,3167.2,3040.0,,,115.1,12.1,,,-2003.5,2003.5,0.0,0.0,-607.2,,,,,550.2,-23.7,0.0,526.5,-168.7,357.8,0.0,,,357.8,0.0,357.8,0.0,0.0,357.8,357.8,,862.8,0.415,0.415,0.4175,878.0,0.4075,0.4075,0.41,
03/31/2004,3280.300049,3093.5,,,174.400002,12.4,,,-1962.099976,1962.099976,0.0,0.0,-613.5,,,,,699.200012,-20.5,0.0,678.700012,-218.699997,460.0,0.0,,,460.000015,0.0,460.0,0.0,0.0,460.0,460.0,,865.599976,0.5325,0.5325,0.4875,880.0,0.5225,0.5225,0.4775,
06/30/2004,3364.5,3234.0,3234.0,0.0,118.4,12.1,,,-2090.7,2090.7,,,-672.5,,,,,601.3,-19.7,0.0,581.6,-188.7,392.9,0.0,,,392.9,0.0,386.3,0.0,0.0,386.3,386.3,,865.2,0.4475,0.4475,0.45,879.2,0.44,0.44,0.4425,
09/30/2004,3438.5,3277.699951,,,148.700003,12.1,,,-2171.699951,2171.699951,0.0,0.0,-661.400024,,,,,599.5,-20.1,0.0,579.4,-190.5,388.899994,0.0,,,388.9,0.0,388.899994,0.0,0.0,388.899994,388.899994,,864.0,0.45,0.45,0.4325,876.400024,0.4425,0.4425,0.425,
12/31/2004,3682.0,3564.7,,,105.4,11.9,,,-2330.5,2330.5,0.0,0.0,-706.3,,,,,638.2,-20.5,0.0,617.7,-204.2,413.5,0.0,,,413.5,0.0,413.5,0.0,0.0,413.5,413.5,,811.6,0.505,0.505,0.5025,823.6,0.5025,0.5025,0.5,
03/31/2005,3489.0,3350.0,,,127.8,11.2,,,-2168.6,2168.6,0.0,0.0,-679.5,,,,,635.5,-20.8,0.0,614.7,-202.0,412.7,0.0,,,412.7,0.0,412.7,0.0,0.0,412.7,412.7,,796.0,0.5175,0.5175,-0.0075,807.6,0.51,0.51,-0.0075,
06/30/2005,3587.0,3453.8,,,122.9,10.3,,,-2264.6,2264.6,0.0,0.0,-708.4,,,,,607.4,-20.7,0.0,586.7,-192.4,394.3,0.0,,,394.3,0.0,394.3,0.0,0.0,394.3,394.3,,788.4,0.5,0.5,0.5025,800.0,0.4925,0.4925,0.495,
09/30/2005,3619.6,3478.9,,,131.0,9.7,,,-2467.8,2467.8,0.0,0.0,-676.9,,,,,468.5,-20.7,0.0,447.8,-142.5,305.3,0.0,,,305.3,0.0,305.3,0.0,0.0,305.3,305.3,,783.2,0.39,0.39,0.0025,794.4,0.385,0.385,0.0025,
12/31/2005,3595.7,3481.7,,,105.0,9.0,,,-2463.8,2463.8,0.0,0.0,-695.6,,,,,430.1,-20.4,0.0,409.7,-128.1,281.6,0.0,,,281.6,0.0,281.6,0.0,0.0,281.6,281.6,,782.8,0.3625,0.3625,0.395,794.8,0.355,0.355,0.39,
03/31/2006,3658.4,3500.5,3500.5,0.0,149.5,8.4,,,-2282.8,2282.8,0.0,0.0,-700.8,,,,,668.0,-20.5,0.0,647.5,-210.9,436.6,0.0,,,436.6,0.0,436.6,0.0,0.0,436.6,436.6,,781.2,0.56,0.56,0.5575,791.6,0.5525,0.5525,0.55,
06/30/2006,3704.5,3564.4,3564.4,0.0,132.2,7.9,,,-2384.2,2384.2,0.0,0.0,-702.7,,,,,611.3,-19.4,0.0,591.9,-191.5,400.4,0.0,,,400.4,0.0,400.4,0.0,0.0,400.4,400.4,,776.1,0.52,0.52,0.54,785.9,0.51,0.51,0.53,
09/30/2006,3723.8,3544.3,3544.3,0.0,172.2,7.3,,,-2367.7,2367.7,0.0,0.0,-725.4,,,,,621.6,-18.5,0.0,603.1,-193.5,409.6,0.0,,,409.6,0.0,409.6,0.0,0.0,409.6,409.6,,763.2,0.54,0.54,0.54,772.2,0.53,0.53,0.53,
12/31/2006,3687.8,3508.7,3508.7,0.0,172.3,6.8,,,-2360.2,2360.2,0.0,0.0,-715.8,,,,,609.6,-18.9,0.0,590.7,-189.8,400.9,0.0,,,400.9,0.0,400.9,0.0,0.0,400.9,400.9,,757.3,0.53,0.53,0.52,757.3,0.53,0.53,0.52,
03/31/2007,3684.0,3493.8,3493.8,0.0,184.0,6.2,,,-2400.5,2400.5,0.0,0.0,-726.7,,,,,551.6,-18.9,0.0,532.7,-169.2,363.5,0.0,,,363.5,0.0,363.5,0.0,0.0,363.5,363.5,,737.8,0.49,0.49,0.47,745.3,0.49,0.49,0.47,
06/30/2007,3671.3,3509.2,3509.2,0.0,156.2,5.9,,,-2488.4,2488.4,0.0,0.0,-750.8,,,,,427.4,-20.5,0.0,406.9,-123.2,283.7,0.0,,,283.7,0.0,283.7,0.0,0.0,283.7,283.7,,721.8,0.39,0.39,0.39,729.5,0.39,0.39,0.39,
09/30/2007,3709.6,3461.8,3461.8,0.0,242.4,5.4,,,-2509.1,2509.1,0.0,0.0,-734.9,,,,,457.3,-34.7,0.0,422.6,-123.4,299.2,0.0,,,299.2,0.0,299.2,0.0,0.0,299.2,299.2,,702.6,0.43,0.43,0.37,710.8,0.42,0.42,0.37,
12/31/2007,3609.5,3412.6,3412.6,0.0,192.1,4.8,,,-2528.2,2528.2,0.0,0.0,-713.7,,,,,365.3,-34.5,0.0,330.8,-94.7,236.1,0.0,,,236.1,0.0,236.1,0.0,0.0,236.1,236.1,,687.3,0.34,0.34,0.31,687.3,0.34,0.34,0.31,
03/31/2008,3584.4,3390.0,3390.0,0.0,190.0,4.4,,,-2484.0,2484.0,0.0,0.0,-723.8,,,,,371.5,-34.3,0.0,337.2,-97.8,239.4,0.0,,,239.4,0.0,239.4,0.0,0.0,239.4,239.4,,671.5,0.36,0.36,0.33,677.3,0.35,0.35,0.32,
06/30/2008,3533.7,3411.2,3411.2,0.0,118.3,4.2,,,-2471.3,2471.3,0.0,0.0,-720.2,,,,,336.8,-34.3,0.0,302.5,-87.0,215.5,0.0,,,215.5,0.0,215.5,0.0,0.0,215.5,215.5,,667.4,0.32,0.32,0.36,673.7,0.32,0.32,0.36,
09/30/2008,2208.1,3416.2,3416.2,0.0,-1211.9,3.8,,,-2517.6,2517.6,0.0,0.0,-731.2,,,,,-1046.7,-34.2,0.0,-1080.9,396.7,-684.2,0.0,,,-684.2,0.0,-684.2,0.0,0.0,-684.2,-684.2,,666.3,-1.03,-1.03,0.31,672.8,-1.03,-1.03,0.31,
12/31/2008,3505.1,3414.0,3414.0,0.0,87.4,3.7,,,-2542.1,2542.1,0.0,0.0,-706.3,,,,,252.8,-33.9,0.0,218.9,-59.6,159.3,0.0,,,159.3,0.0,159.3,0.0,0.0,159.3,159.3,,666.8,0.24,0.24,0.3,671.8,0.24,0.24,0.29,
03/31/2009,3465.6,3406.6,3406.6,0.0,55.5,3.5,0.0,3.5,-2337.0,2337.0,,,-713.6,713.6,377.4,336.2,-4.6,410.4,-33.7,0.0,376.7,-144.2,232.5,0.0,0.0,0.0,232.5,0.0,232.5,0.0,0.0,232.5,280.21,47.71,668.6,0.35,0.35,0.4191,672.0,0.35,0.35,0.4191,
06/30/2009,3580.9,3441.4,3441.4,0.0,135.4,4.1,,4.1,-2462.6,2462.6,,,-725.0,725.0,390.9,334.1,-4.7,388.6,-34.7,0.0,353.9,-103.8,250.1,0.0,0.0,0.0,250.1,,250.1,,0.0,250.1,239.765,-10.335,669.2,0.37,0.37,0.358286,674.6,0.37,0.37,0.35468,
09/30/2009,3608.4,3445.4,3445.4,0.0,158.5,4.5,,4.5,-2459.9,2459.9,,,-735.7,735.7,401.9,333.8,-5.5,407.3,-35.3,0.0,372.0,-102.1,269.9,0.0,0.0,0.0,269.9,,269.9,,0.0,269.9,244.68,-25.22,666.7,0.4,0.4,0.367002,666.7,0.4,0.4,0.362172,
12/31/2009,3897.6,3719.4,3719.4,0.0,173.6,4.6,,4.6,-2645.4,2645.4,,,-758.0,758.0,397.5,360.5,-4.6,489.6,-35.3,0.0,454.3,-149.3,305.0,0.0,0.0,0.0,305.0,0.0,305.0,0.0,0.0,305.0,275.23,-29.77,662.6,0.460308,0.460308,0.415379,684.2,0.445776,0.445776,0.402265,
03/31/2010,3662.3,3501.1,3501.1,0.0,157.0,4.2,0.0,4.2,-2423.4,2423.4,,,-759.6,759.6,426.5,333.1,-5.2,474.1,-35.2,0.0,438.9,-143.3,295.6,0.0,0.0,0.0,295.6,0.0,295.6,0.0,0.0,295.6,275.58,-20.02,661.4,0.45,0.45,0.416662,666.4,0.44,0.44,0.409958,
06/30/2010,3681.7,3590.2,3590.2,0.0,86.5,5.0,,5.0,-2543.2,2543.2,,,-785.0,785.0,446.2,338.8,-5.5,348.0,-35.1,0.0,312.9,-101.0,211.9,0.0,0.0,0.0,211.9,0.0,211.9,0.0,0.0,211.9,237.575,25.675,660.4,0.32,0.32,0.359744,665.7,0.32,0.32,0.358568,
09/30/2010,3769.2,3599.9,3599.9,0.0,158.1,11.2,0.0,11.2,-2543.4,2543.4,,,-801.5,801.5,459.1,342.4,-5.2,419.1,-31.9,0.0,387.2,-125.6,261.6,0.0,0.0,0.0,261.6,0.0,261.6,0.0,0.0,261.6,239.955,-21.645,655.8,0.4,0.4,0.365897,661.2,0.4,0.4,0.365897,
12/31/2010,3838.2,3623.6,3623.6,0.0,202.7,11.9,,11.9,-2621.3,2621.3,,,-753.9,753.9,408.3,345.6,-5.5,457.5,-31.3,0.0,426.2,-127.0,299.2,0.0,0.0,0.0,299.2,0.0,299.2,0.0,0.0,299.2,248.565,-50.635,654.0,0.457492,0.457492,0.380069,660.0,0.453333,0.453333,0.376614,
03/31/2011,3890.4,3665.3,3665.3,0.0,219.9,5.2,0.0,5.2,-2508.1,2508.1,,,-801.4,801.4,454.7,346.7,-4.0,576.9,-31.5,0.0,545.4,-182.5,362.9,0.0,0.0,0.0,362.9,0.0,362.9,0.0,0.0,362.9,298.095,-64.805,651.8,0.56,0.56,0.457341,655.8,0.55,0.55,0.451182,
06/30/2011,3869.2,3719.9,3719.9,0.0,143.3,6.0,0.0,6.0,-2660.9,2660.9,,,-814.3,814.3,466.0,348.3,-4.8,389.2,-31.5,0.0,357.7,-112.5,245.2,0.0,0.0,0.0,245.2,0.0,245.2,0.0,0.0,245.2,228.3,-16.9,643.6,0.38,0.38,0.354723,647.9,0.38,0.38,0.353916,
09/30/2011,3807.0,3740.7,3740.7,0.0,60.8,5.5,0.0,5.5,-2749.3,2749.3,,,-810.7,810.7,460.5,350.2,-5.1,241.9,-33.4,0.0,208.5,-57.8,150.7,0.0,0.0,0.0,150.7,0.0,150.7,0.0,0.0,150.7,184.955,34.255,626.9,0.24,0.24,0.295031,631.4,0.24,0.24,0.294252,
12/31/2011,4194.5,3776.9,3776.9,0.0,145.1,272.5,266.5,6.0,-2716.5,2716.5,,,-1060.8,1060.8,706.8,354.0,-5.5,411.7,-36.3,0.0,375.4,-118.7,256.7,0.0,0.0,0.0,256.7,0.0,256.7,0.0,0.0,256.7,237.525,-19.175,613.4,0.42,0.42,0.387227,613.4,0.42,0.42,0.387227,
03/31/2012,4122.2,3861.5,3861.5,0.0,188.0,72.7,65.2,7.5,-2762.4,2762.4,,,-935.6,935.6,576.0,359.6,-8.2,416.0,-31.9,0.0,384.1,-126.5,257.6,0.0,0.0,0.0,257.6,0.0,257.6,0.0,0.0,257.6,207.68,-49.92,606.2,0.42,0.42,0.342593,610.0,0.42,0.42,0.338164,
06/30/2012,4179.2,3996.1,3996.1,0.0,104.0,79.1,69.9,9.2,-3043.7,3043.7,,,-927.2,927.2,562.7,364.5,-9.9,198.4,-30.7,0.0,167.7,-49.1,118.6,0.0,0.0,0.0,118.6,0.0,118.6,0.0,0.0,118.6,122.305,3.705,604.8,0.2,0.2,0.202224,608.9,0.19,0.19,0.196085,
09/30/2012,4420.6,4054.8,4054.8,0.0,277.6,88.2,78.4,9.8,-3068.2,3068.2,,,-899.8,899.8,542.5,357.3,-9.6,443.0,-30.6,0.0,412.4,-135.4,277.0,0.0,0.0,0.0,277.0,0.0,277.0,0.0,0.0,277.0,165.33,-111.67,601.9,0.46,0.46,0.27468,606.5,0.46,0.46,0.27468,
12/31/2012,4560.0,4105.6,4105.6,0.0,164.8,289.6,281.8,7.8,-3073.7,3073.7,,,-1093.8,1093.8,738.6,355.2,-8.4,384.1,-30.6,0.0,353.5,-104.4,249.1,0.0,0.0,0.0,249.1,0.0,249.1,0.0,0.0,249.1,208.735,-40.365,603.3,0.412896,0.412896,0.347174,605.4,0.41,0.41,0.343325,
03/31/2013,4432.3,4179.3,4179.3,0.0,176.2,76.8,68.4,8.4,-2985.5,2985.5,,,-944.5,944.5,585.6,358.9,-8.6,493.7,-30.6,0.0,463.1,-154.5,308.6,0.0,0.0,0.0,308.6,0.0,308.6,0.0,0.0,308.6,256.21,-52.39,600.6,0.51,0.51,0.42659,604.4,0.51,0.51,0.423319,
06/30/2013,4589.2,4277.0,4277.0,0.0,230.7,81.5,70.9,10.6,-3117.0,3117.0,,,-945.1,945.1,581.1,364.0,-10.4,516.7,-30.4,0.0,486.3,-161.7,324.6,0.0,0.0,0.0,324.6,0.0,324.6,0.0,0.0,324.6,238.215,-86.385,599.5,0.54,0.54,0.397356,603.6,0.54,0.54,0.396884,
09/30/2013,4516.1,4303.0,4303.0,0.0,130.1,83.0,76.0,7.0,-3164.2,3164.2,,,-965.4,965.4,602.3,363.1,-11.1,375.4,-30.4,0.0,345.0,-112.6,232.4,0.0,0.0,0.0,232.4,0.0,232.4,0.0,0.0,232.4,217.06,-15.34,598.9,0.39,0.39,0.362431,603.5,0.39,0.39,0.362431,
12/31/2013,4614.5,4344.1,4344.1,0.0,184.6,85.8,76.5,9.3,-3205.7,3205.7,,,-947.7,947.7,581.9,365.8,-8.7,452.4,-26.8,0.0,425.6,-125.8,299.8,0.0,0.0,0.0,299.8,0.0,299.8,0.0,0.0,299.8,249.75,-50.05,597.3,0.501925,0.501925,0.418132,602.7,0.497428,0.497428,0.414385,
03/31/2014,4703.5,4402.3,4402.3,0.0,218.6,82.6,72.8,9.8,-3205.9,3205.9,,,-979.4,979.4,610.4,369.0,-9.7,508.5,-26.7,0.0,481.8,-160.5,321.3,0.0,0.0,0.0,321.3,0.0,321.3,0.0,0.0,321.3,243.69,-77.61,593.9,0.54,0.54,0.410322,597.7,0.54,0.54,0.410152,
06/30/2014,4735.5,4513.5,4513.5,0.0,133.6,88.4,74.4,14.0,-3269.1,3269.1,,,-986.5,986.5,611.7,374.8,-12.9,467.0,-29.6,0.0,437.4,-144.0,293.4,0.0,0.0,0.0,293.4,0.0,293.4,0.0,0.0,293.4,267.14,-26.26,591.2,0.5,0.5,0.451861,595.5,0.49,0.49,0.445903,
09/30/2014,4762.2,4540.1,4540.1,0.0,136.0,86.1,75.9,10.2,-3291.8,3291.8,,,-984.4,984.4,609.2,375.2,-13.5,472.5,-30.7,0.0,441.8,-145.7,296.1,0.0,0.0,0.0,296.1,0.0,296.1,0.0,0.0,296.1,274.39,-21.71,589.8,0.5,0.5,0.465226,593.7,0.5,0.5,0.463433,
12/31/2014,5171.3,4942.6,4942.6,0.0,125.5,103.2,86.0,17.2,-3539.4,3539.4,,,-1040.8,1040.8,635.8,405.0,-14.8,576.3,-29.9,0.0,546.4,-176.2,370.2,0.0,0.0,0.0,370.2,0.0,370.2,0.0,0.0,370.2,353.17,-17.03,587.6,0.63002,0.63002,0.601038,592.1,0.625232,0.625232,0.59647,
03/31/2015,4890.0,4666.3,4666.3,0.0,132.8,90.9,73.7,17.2,-3368.6,3368.6,,,-1029.8,1029.8,650.4,379.4,-15.9,475.7,-32.5,0.0,443.2,-147.6,295.6,0.0,0.0,0.0,295.6,0.0,295.6,0.0,0.0,295.6,274.15,-21.45,587.6,0.5,0.5,0.466559,591.0,0.5,0.5,0.463706,
06/30/2015,5277.6,4995.8,4995.8,0.0,183.6,98.2,74.9,23.3,-3617.2,3617.2,,,-1079.7,1079.7,662.4,417.3,-20.5,560.2,-34.9,0.0,525.3,-156.8,368.5,0.0,0.0,0.0,368.5,-5.2,363.3,0.0,0.0,363.3,313.9,-49.4,585.7,0.62,0.62,0.53594,589.5,0.62,0.62,0.53594,
09/30/2015,5268.9,5070.6,5070.6,0.0,96.8,101.5,79.3,22.2,-3654.3,3654.3,,,-1130.7,1130.7,707.5,423.2,-20.4,463.5,-34.5,0.0,429.0,-142.5,286.5,0.0,0.0,0.0,286.5,-8.2,278.3,0.0,0.0,278.3,289.155,10.855,585.2,0.48,0.48,0.494113,589.1,0.47,0.47,0.488426,
12/31/2015,5394.5,5166.4,5166.4,0.0,131.3,96.8,74.1,22.7,-3701.9,3701.9,,,-1123.7,1123.7,691.8,431.9,,548.2,-34.1,0.0,514.1,-164.2,349.9,0.0,0.0,0.0,349.9,-19.5,330.4,0.0,0.0,330.4,317.725,-12.675,583.5,0.566238,0.566238,0.544516,587.2,0.56267,0.56267,0.541085,
03/31/2016,5552.7,5317.4,5317.4,0.0,131.4,103.9,78.9,25.0,-3913.4,3913.4,,,-1196.1,1196.1,755.8,440.3,-21.6,421.6,-34.2,0.0,387.4,-128.7,258.7,0.0,0.0,0.0,258.7,-0.5,258.2,0.0,0.0,258.2,246.89,-11.31,583.2,0.44,0.44,0.423337,585.5,0.44,0.44,0.420683,
06/30/2016,5814.0,5561.8,5561.8,0.0,141.6,110.6,82.5,28.1,-4243.0,4243.0,,,-1225.7,1225.7,766.8,458.9,-23.7,321.6,-34.3,0.0,287.3,-92.4,194.9,0.0,0.0,0.0,194.9,-4.0,190.9,0.0,0.0,190.9,168.865,-22.035,582.4,0.33,0.33,0.289947,585.1,0.33,0.33,0.289947,
09/30/2016,5930.2,5723.4,5723.4,0.0,93.8,113.0,86.8,26.2,-4398.2,4398.2,,,-1215.0,1215.0,739.6,475.4,-23.2,293.8,-35.3,0.0,258.5,-53.0,205.5,0.0,0.0,0.0,205.5,-6.8,198.7,0.0,0.0,198.7,212.155,13.455,581.5,0.34,0.34,0.364841,584.6,0.34,0.34,0.363016,
12/31/2016,6122.1,5871.4,5871.4,0.0,140.8,109.9,84.3,25.6,-4325.0,4325.0,,,-1199.0,1199.0,709.8,489.2,-47.2,574.6,-37.1,0.0,537.5,-139.4,398.1,0.0,0.0,0.0,398.1,-14.9,383.2,0.0,0.0,383.2,368.835,-14.365,579.7,0.661032,0.661032,0.636252,584.8,0.655267,0.655267,0.630703,
03/31/2017,6316.1,6026.7,6026.7,0.0,175.5,113.9,85.2,28.7,-4263.4,4263.4,,,-1348.5,1348.5,845.6,502.9,-25.9,678.3,-36.8,0.0,641.5,-211.2,430.3,0.0,0.0,0.0,430.3,-6.0,424.3,0.0,0.0,424.3,390.435,-33.865,580.3,0.73,0.73,0.672816,583.3,0.73,0.73,0.671942,
06/30/2017,6599.1,6313.3,6313.3,0.0,164.3,121.5,88.8,32.7,-4614.9,4614.9,,,-1359.2,1359.2,845.0,514.2,-27.0,598.0,-43.4,0.0,554.6,-181.9,372.7,0.0,0.0,0.0,372.7,-5.1,367.6,0.0,0.0,367.6,346.735,-20.865,580.5,0.63,0.63,0.597304,583.8,0.63,0.63,0.59426,
09/30/2017,6786.0,6544.0,6544.0,0.0,112.4,129.6,96.3,33.3,-5050.5,5050.5,,,-1417.8,1417.8,877.7,540.1,-28.9,288.8,-37.4,0.0,251.4,-36.6,214.8,0.0,0.0,0.0,214.8,9.2,224.0,0.0,0.0,224.0,240.055,16.055,581.3,0.39,0.39,0.412962,585.6,0.38,0.38,0.407416,
12/31/2017,7113.9,6845.9,6845.9,0.0,136.6,131.4,100.3,31.1,-4879.2,4879.2,,,-1480.1,1480.1,912.4,567.7,-27.7,726.9,-35.5,0.0,691.4,-111.1,580.3,0.0,0.0,0.0,580.3,-4.0,576.3,0.0,0.0,576.3,582.735,6.435,581.1,0.99174,0.99174,1.002814,585.7,0.983951,0.983951,0.994938,
03/31/2018,7424.1,7174.0,7174.0,0.0,112.1,138.0,103.8,34.2,-4870.8,4870.8,,,-1576.4,1576.4,980.2,596.2,-29.3,947.6,-36.8,0.0,910.8,-181.0,729.8,0.0,0.0,0.0,729.8,-11.8,718.0,-1.2,0.0,716.8,754.878,38.078,582.0,1.23,1.23,1.297041,585.6,1.22,1.22,1.285024,
06/30/2018,8011.8,7634.2,7634.2,0.0,218.7,158.9,116.0,42.9,-5375.3,5375.3,,,-1677.7,1677.7,1046.9,630.8,-37.0,921.8,-41.7,0.0,880.1,-178.9,701.2,0.0,0.0,0.0,701.2,3.0,704.2,-6.7,0.0,697.5,671.588,-25.912,582.0,1.2,1.2,1.153931,585.8,1.19,1.19,1.145766,
09/30/2018,8490.0,7930.5,7930.5,0.0,394.4,165.1,122.6,42.5,-5523.1,5523.1,,,-1758.6,1758.6,1095.9,662.7,-35.8,1172.5,-42.0,0.0,1130.5,-200.3,930.2,0.0,0.0,0.0,930.2,-1.8,928.4,-6.7,0.0,921.7,777.841,-143.859,582.7,1.58,1.58,1.334891,586.6,1.57,1.57,1.324758,
12/31/2018,8028.8,8194.6,8194.6,0.0,-334.5,168.7,129.8,38.9,-5951.8,5951.8,,,-1566.4,1566.4,882.4,684.0,-222.4,288.2,-46.0,0.0,242.2,17.6,259.8,0.0,0.0,0.0,259.8,4.9,264.7,-6.8,0.0,257.9,709.938,452.038,583.0,0.442367,0.442367,1.217732,586.7,0.439577,0.439577,1.210053,
03/31/2019,9293.8,8459.8,8459.8,0.0,661.2,172.8,130.2,42.6,-5706.4,5706.4,,,-1881.8,1881.8,1171.2,710.6,-90.7,1614.9,-47.4,0.0,1567.5,-484.7,1082.8,0.0,0.0,0.0,1082.8,-4.4,1078.4,-6.7,0.0,1071.7,900.345,-171.355,583.5,1.84,1.84,1.543008,586.6,1.83,1.83,1.537884,
06/30/2019,9444.5,8824.7,8824.7,0.0,435.0,184.8,134.8,50.0,-6138.1,6138.1,,,-1970.1,1970.1,1231.5,738.6,-45.3,1291.0,-47.4,0.0,1243.6,-264.6,979.0,0.0,0.0,0.0,979.0,0.4,979.4,-6.7,0.0,972.7,830.579,-142.121,583.6,1.67,1.67,1.423199,586.9,1.66,1.66,1.417845,
09/30/2019,9524.6,9012.2,9012.2,0.0,322.5,189.9,138.4,51.5,-6426.3,6426.3,,,-1991.8,1991.8,1240.3,751.5,-48.7,1057.8,-47.5,0.0,1010.3,-166.7,843.6,0.0,0.0,0.0,843.6,-1.9,841.7,-6.7,0.0,835.0,783.334,-51.666,584.1,1.43,1.43,1.341096,587.1,1.42,1.42,1.331998,
12/31/2019,10734.8,9895.7,9895.7,0.0,627.9,211.2,160.3,50.9,-7147.1,7147.1,,,-2154.6,2154.6,1332.1,822.5,-46.8,1386.3,-47.4,0.0,1338.9,-264.3,1074.6,0.0,0.0,0.0,1074.6,-3.8,1070.8,-6.8,0.0,1064.0,772.174,-291.826,584.1,1.821606,1.821606,1.321989,586.9,1.812915,1.812915,1.315682,
03/31/2020,9318.1,9430.7,9430.7,0.0,-317.7,205.1,153.5,51.6,-6092.6,6092.6,,,-2192.7,2192.7,1409.9,782.8,-110.1,922.7,-48.0,0.0,874.7,-175.6,699.1,0.0,0.0,0.0,699.1,-6.4,692.7,-6.7,0.0,686.0,1123.344,437.344,584.7,1.17,1.17,1.921231,586.9,1.17,1.17,1.915176,
06/30/2020,10967.2,9648.6,9648.6,0.0,1130.1,188.5,129.5,59.0,-5321.4,5321.4,,,-2234.4,2234.4,1438.9,795.5,-1086.2,2325.2,-56.4,0.0,2268.8,-478.4,1790.4,0.0,0.0,0.0,1790.4,0.0,1790.4,-6.7,0.0,1783.7,2487.432,703.732,584.8,3.05,3.05,4.253475,587.2,3.04,3.04,4.238454,
09/30/2020,10543.444,,,,,,,,,,,,,,,,,,,,1524.286,,1313.333,,,,,,1313.333,,,1313.333,1068.167,,,1.82,1.82,1.724,,1.82,1.82,1.724,
12/31/2020,10915.556,,,,,,,,,,,,,,,,,,,,955.571,,884.25,,,,,,884.25,,,884.25,839.143,,,1.343,1.343,1.329,,1.343,1.343,1.329,
