Date,Revenue,Sales & Services Revenue,Financing Revenue,Cost of Revenue,Cost of Goods & Services,Cost of Financing Revenue,Gross Profit,Other Operating Income,Operating Expenses,"Selling, General & Admin",Research & Development,Other Operating Expense,Operating Income (Loss),Non-Operating (Income) Loss,"Interest Expense, Net",Interest Expense,Interest Income,Foreign Exch (Gain) Loss,(Income) Loss from Affiliates,Other Non-Op (Income) Loss,Pretax Income,Income Tax Expense (Benefit),Income (Loss) from Cont Ops,Net Extraordinary Losses (Gains),Discontinued Operations,XO & Accounting Changes,Income (Loss) Incl. MI,Minority Interest,"Net Income, GAAP",Preferred Dividends,Other Adjustments,"Net Income Avail to Common, GAAP","Net Income Avail to Common, Adj",Net Abnormal Losses (Gains),Basic Weighted Avg Shares,"Basic EPS, GAAP",Basic EPS from Cont Ops,"Basic EPS from Cont Ops, Adjusted",Diluted Weighted Avg Shares,"Diluted EPS, GAAP",Diluted EPS from Cont Ops,"Diluted EPS from Cont Ops, Adjusted",Source: Bloomberg
03/31/1990,246.694,,,-214.662003,,,32.031998,,-19.872999,,,,12.159,0.754,,0.0,,0.0,,-0.754,12.913,-0.68,12.233,0.0,,,12.233,0.0,12.233,0.0,,12.233,12.233,,210.535995,0.0575,0.0575,,210.535995,0.0575,0.0575,0.0575,
06/30/1990,282.583008,,,-250.972,,,31.611008,,-22.591999,,,,9.019,0.197,,0.0,,0.0,,-0.197,9.216,-0.669,8.547,0.0,,,8.547,0.0,8.547,0.0,,8.547,8.547,,200.703995,0.04375,0.04375,,200.703995,0.04375,0.04375,0.04375,
09/30/1990,300.252014,,,-268.848999,,,31.403015,,-24.884001,,,,6.519,-0.626,,0.0,,0.0,,0.626,5.893,-0.716,5.177,0.0,,,5.177,0.0,5.177,0.0,,5.177,5.177,,196.0,0.0275,0.0275,,196.0,0.0275,0.0275,0.0275,
12/31/1990,311.778992,,,-267.238007,,,44.540985,,-17.27,,,,27.271,-23.707001,,0.0,,0.0,,23.707001,3.563999,0.175,3.739,0.0,,,3.738999,0.0,3.739,0.0,,3.739,3.739,,195.744003,0.01875,0.01875,,195.744003,0.01875,0.01875,0.01875,
03/31/1991,251.998993,,,-230.962006,,,21.036987,,-18.879999,,,,2.157,-1.873,,0.0,,0.0,,1.873,0.284,0.0,0.284,0.0,,,0.284,0.0,0.284,0.0,,0.284,0.284,,198.264008,0.00125,0.00125,,198.264008,0.00125,0.00125,0.00125,
06/30/1991,294.372986,,,-263.829987,,,30.542999,,-18.895,,,,11.648,-3.474,,0.0,,0.0,,3.474,8.174,-0.24,7.934,0.0,,,7.934,0.0,7.934,0.0,,7.934,7.934,,199.119995,0.04,0.04,,199.119995,0.04,0.04,0.04,
09/30/1991,306.946014,,,-269.80899,,,37.137024,,-21.304001,,,,15.833,-1.422,,0.0,,0.0,,1.422,14.411,-0.9,13.511,1.922,,,11.589,0.0,11.589,0.0,,11.589,11.589,,198.727997,0.05875,0.06875,,198.727997,0.05875,0.06875,0.06875,
12/31/1991,352.632996,,,-303.886993,,,48.746002,,-24.174999,,,,24.570999,-2.51,,0.0,,0.0,,2.51,22.060999,-1.21,20.851,0.0,,,20.850999,0.0,20.851,0.0,,20.851,20.851,,199.927994,0.1025,0.10375,,199.927994,0.1025,0.10375,0.10375,
03/31/1992,256.037994,,,,,,,,-240.612,,,,15.426,-5.279,,0.0,,0.0,,5.279,10.147,-0.65,9.497,0.0,,,9.497,0.0,9.497,0.0,,9.497,9.497,,203.320007,0.04625,0.04625,,203.320007,0.04625,0.04625,0.04625,
06/30/1992,315.118011,,,,,,,,-295.196014,,,,19.922001,-2.879,,0.0,,0.0,,2.879,17.043001,-1.0,16.042999,0.0,,,16.043001,0.0,16.042999,0.0,,16.042999,16.042999,,221.800003,0.07375,0.07375,,221.800003,0.07375,0.07375,0.07375,
09/30/1992,356.440002,,,,,,,,-328.52301,,,,27.917,-3.719,,0.0,,0.0,,3.719,24.198,-1.35,22.848,1.474,,,21.374,0.0,21.374001,0.0,,21.374001,21.374001,,221.927994,0.0975,0.10375,,221.927994,0.0975,0.10375,0.10375,
12/31/1992,438.838989,,,,,,,,-415.911987,,,,22.927,3.573,,0.0,,0.0,,-3.573,26.5,-2.7,23.799999,0.61,,,23.19,0.0,23.190001,0.0,,23.190001,23.190001,,222.520004,0.105,0.1075,,222.520004,0.105,0.1075,0.1075,
03/31/1993,279.595001,,,,,,,,-266.747009,,,,12.848,-2.325,,0.0,,0.0,,2.325,10.523,-4.113,6.41,-9.458,,,15.868,0.0,15.868,0.0,,15.868,15.868,,222.863998,0.07125,0.02875,,222.863998,0.07125,0.02875,0.02875,
06/30/1993,366.20401,,,,,,,,-371.140015,,,,33.150002,-0.942,,0.0,,0.0,,0.942,32.208002,-9.661,22.547001,0.0,,,22.547001,0.0,22.547001,0.0,,22.547001,22.547001,,222.863998,0.10125,0.10125,,222.863998,0.10125,0.10125,0.10125,
09/30/1993,397.412994,,,,,,,,-373.501007,,,,23.912001,0.621,,0.0,,0.0,,-0.621,24.533001,-9.564,14.969,-4.775,,,19.744001,0.0,19.743999,0.0,,19.743999,19.743999,,223.535995,0.08875,0.0675,,223.535995,0.08875,0.0675,0.0675,
12/31/1993,444.617004,,,,,,,,-388.372986,,,,18.158001,5.617,,0.0,,0.0,,-5.617,23.775001,-12.245,11.53,-9.679,,,21.209001,0.0,21.209,0.0,,21.209,21.209,,223.952,0.09375,0.11,0.11,223.952,0.09375,0.11,0.11,
03/31/1994,339.281006,,,,,,,,-318.167999,,,,21.113001,-2.535,,0.0,,0.0,,2.535,18.578001,-7.25,11.328,-3.654,,,14.982001,0.0,14.982,0.0,,14.982,14.982,,223.656006,0.0675,0.05125,,223.656006,0.0675,0.05125,0.05125,
06/30/1994,427.92099,,,,,,,,-401.881989,,,,26.039,0.0,,0.0,,0.0,,,26.039,-10.163,15.876,-72.0,,,87.875999,0.0,87.875999,0.0,,87.875999,87.875999,,222.832001,0.39375,0.07125,,222.832001,0.39375,0.07125,0.07125,
09/30/1994,450.360992,,,,,,,,-423.078003,,,,27.283001,2.254,,0.0,,0.0,,-2.254,29.537001,-11.608,17.929001,1.548,,,16.381001,0.0,16.381001,0.0,,16.381001,16.381001,,222.751999,0.07375,0.08125,,222.751999,0.07375,0.08125,0.08125,
12/31/1994,529.536011,,,,,,,,-509.196991,,,,20.339001,9.095,,0.0,,0.0,,-9.095,29.434001,-12.198,17.236,-26.293,,,43.529001,0.0,43.528999,0.0,,43.528999,43.528999,,222.119992,0.19625,0.0775,0.0775,222.119992,0.19625,0.0775,0.0775,
03/31/1995,328.480011,,,,,,,,-333.576996,,,,-5.097,4.395,,0.0,,0.0,,-4.395,-0.702,0.276,-0.426,-3.893,,,3.467,0.0,3.467,0.0,,3.467,3.467,,221.231995,0.01625,-0.001375,-0.001375,221.231995,0.01625,-0.001375,-0.001375,
06/30/1995,485.463989,,,,,,,,-469.488007,,,,15.976,0.0,,0.0,,0.0,,,15.976,-6.485,9.491,-1.181,,,10.672,0.0,10.672,0.0,,10.672,10.672,,218.080002,0.0475,0.042125,0.042125,218.080002,0.0475,0.042125,0.042125,
09/30/1995,543.346985,,,,,,,,-516.054016,,,,27.292999,0.0,,0.0,,0.0,,,27.292999,-11.027,16.266001,-2.531,,,18.796999,0.0,18.797001,0.0,,18.797001,18.797001,,217.703995,0.08625,0.075,0.085,217.703995,0.08625,0.075,0.085,
12/31/1995,652.517029,,,,,,,,-636.546997,,,,15.97,0.0,,0.0,,0.0,,,15.97,-15.949,23.507999,-1.902,,,1.923,0.0,25.41,0.0,,25.41,25.41,,218.464008,0.11625,0.1075,0.1075,218.464008,0.11625,0.1075,0.1075,
03/31/1996,429.352997,,,,,,,,-423.904999,,,,5.448,3.166,,0.0,,0.0,,-3.166,8.614,-3.506,5.108,-1.972,,,7.08,0.0,7.08,0.0,,7.08,7.08,,215.863998,0.0325,0.02375,0.02375,218.0,0.0325,0.02375,0.02375,
06/30/1996,588.356018,,,,,,,,-560.804993,,,,27.551001,0.0,,0.0,,0.0,,0.0,27.551001,-11.15,16.400999,-1.793,,,18.194001,0.0,18.194,0.0,,18.194,18.194,,203.927994,0.08875,0.08,0.08,205.623993,0.08875,0.08,0.08,
09/30/1996,623.95697,,,,,,,,-597.755005,,,,26.202,1.215,,0.0,,0.0,,-1.215,27.417,-10.994,16.423,-111.208,,,127.630999,0.0,127.630997,0.0,,127.630997,127.630997,,191.552002,0.66625,0.08625,0.08625,193.128006,0.66125,0.085,0.085,
12/31/1996,734.992981,,,,,,,,-699.35498,,,,35.638,0.0,,0.0,,0.0,,,35.638,-13.602,25.278999,-1.459,,,23.495,0.0,26.738001,0.0,,26.738001,26.738001,,186.520008,0.1425,0.135,0.135,188.336,0.1425,0.135,0.135,
03/31/1997,429.941986,,,,,,,,-429.78299,,,,0.159,1.848,,0.0,,0.0,,-1.848,2.007,-0.773,1.234,-1.003,,,2.237,0.0,2.237,0.0,,2.237,2.237,,186.367996,0.0125,0.0075,0.0075,187.744003,0.0125,0.0075,0.0075,
06/30/1997,576.315002,,,,,,,,-555.710999,,,,20.604,0.0,,0.0,,0.0,,0.0,20.604,-7.932,12.672,-1.201,,,13.873,0.0,13.873,0.0,,13.873,13.873,,171.056,0.08,0.075,0.075,172.063995,0.08,0.0725,0.0725,
09/30/1997,667.072998,,,,,,,,-639.703003,,,,27.370001,2.818,,0.0,,0.0,,-2.818,30.188001,-11.623,18.565001,-1.145,,,19.710001,0.0,19.709999,0.0,,19.709999,19.709999,,169.095993,0.1175,0.11,0.11,170.960007,0.115,0.1075,0.1075,
12/31/1997,850.661011,,,,,,,,-797.81897,,,,52.841999,-24.666,,0.0,,0.0,,24.666,28.175999,-10.847,17.329,0.388,,,16.940999,0.0,16.941,0.0,,16.941,16.941,,169.896,0.1,0.1025,0.175,171.776,0.0975,0.1,0.1725,
03/31/1998,520.571,,,-504.884,,,15.687,,0.0,,,,,-2.165,,0.0,,0.0,,2.165,,-6.962,11.632,0.371,,,,0.0,11.261,,,11.261,11.261,,340.704,0.0325,0.03125,0.03125,345.984,0.0325,0.03125,0.03125,
06/30/1998,674.93103,,,-629.078979,,,45.852051,,-12.17,,,,33.681999,5.014,,0.0,,0.0,,-5.014,38.695999,-15.09,23.606001,-0.238,,,23.843999,0.0,23.844,0.0,,23.844,23.844,,172.156006,0.1375,0.1375,0.1375,175.807999,0.135,0.135,0.135,
09/30/1998,759.333984,,,-702.973022,,,56.360962,,-6.676,,,,49.685001,-3.021,,0.0,,0.0,,3.021,46.664001,-18.198999,28.465,-0.091,,,28.556002,0.0,28.556,0.0,,28.556,28.556,,172.544006,0.165,0.165,0.165,177.119995,0.16,0.16,0.16,
12/31/1998,915.262024,,,-836.072998,,,79.189026,,-8.7,,,,70.488998,-7.887,,0.0,,0.0,,7.887,62.601998,-24.415001,38.187,-0.335,,,38.521997,0.0,38.521999,0.0,,38.521999,38.521999,,172.664001,0.2225,0.22,0.22,176.007996,0.22,0.2175,0.2175,
03/31/1999,681.569,,,-636.104,,,45.465,,-8.634,,,,36.831,2.761,,0.0,,0.0,,-2.761,39.592,-15.638,23.954,-0.376,,,24.33,0.0,24.33,0.0,,24.33,24.33,,172.932,0.14,0.1375,0.1375,176.188,0.1375,0.135,0.135,
06/30/1999,833.74,,,-767.092,,,66.648,,-9.323,,,,57.325,0.709,,0.0,,0.0,,-0.709,58.034,-20.971,37.063,-0.053,,,37.116,0.0,37.116,0.0,,37.116,37.116,,172.98,0.215,0.215,0.215,175.352,0.2125,0.2125,0.2125,
09/30/1999,973.117,,,-887.407,,,85.71,,-10.365,,,,75.345,0.616989,,0.0,,0.0,,-0.616989,75.961989,-28.485,47.477,0.383,,,47.093989,0.0,47.094,0.0,,47.094,47.094,,172.992,0.2725,0.275,0.275,175.332,0.2675,0.27,0.27,
12/31/1999,1241.911,,,-1106.413,,,135.498,,-25.41,,,,110.088,2.729,,,,0.0,,-2.729,112.817,-43.024,69.793,0.168,,,69.625,0.0,69.625,0.0,,69.625,69.625,,173.032,0.4,0.4,0.4,174.52,0.4,0.4,0.4,
03/31/2000,775.819,,,-736.888,,,38.931,,,,,,38.931,0.597,,0.0,,0.0,,-0.597,39.528,-15.193,24.269,0.067,,,24.268,0.0,24.336,0.0,0.0,24.336,24.336,,170.784,0.1425,0.1425,0.1425,171.484,0.1425,0.1425,0.1425,
06/30/2000,982.584,,,-906.733,,,75.851,,,,,,75.851,-1.639,16.049,16.049,,,,-14.41,74.212,-29.83,44.382,0.032,,,44.35,0.0,47.692,,,47.692,47.692,,164.212,0.29,0.29,0.29,166.276,0.2875,0.2875,0.2875,
09/30/2000,1073.385,,,-976.752,,,96.633,,,,,,96.633,-2.317,18.416,18.416,,,,-16.099,94.316,-38.091,56.225,-29.967,,,86.192,0.0,30.892,,,30.892,30.892,,161.904,0.19,0.375,0.375,166.108,0.185,0.3675,0.3675,
12/31/2000,1346.766,,,-1208.539,,,138.227,,,,,,138.226,0.56,,0.0,,0.0,,-0.56,138.786,-53.598,85.596,0.003,,,85.185,0.0,85.593,0.0,0.0,85.593,85.593,,164.084,0.5225,0.5225,0.5225,170.108,0.5025,0.5025,0.5025,
03/31/2001,840.475,,,-779.673,,,60.802,,,,,,60.802,-2.806,14.615,14.615,,,,-11.809,57.996,-24.489,33.507,0.252,,,33.255,0.0,39.371,,,39.371,39.371,,167.18,0.2375,0.235,0.235,171.996,0.23,0.2275,0.2275,
06/30/2001,1058.722,,,-966.073,,,92.649,,,,,,92.893,-5.918,19.505,19.505,,,,-13.587,86.975,-37.948,49.027,-0.825,,,49.852,0.0,59.794,0.0,0.0,59.794,59.794,,167.948,0.355,0.36,0.36,173.46,0.345,0.35,0.35,
09/30/2001,1484.819,,,-1350.821,,,133.998,,,,,,133.98,-1.225,21.991,21.991,,,,-20.766,132.755,-52.072,80.683,-0.364,,,81.047,0.0,82.787,,,82.787,82.787,,213.684,0.3875,0.39,0.39,218.072,0.38,0.3825,0.3825,
12/31/2001,2044.547,,,-1852.324,,,192.223,,,,,,384.446,-33.909,,25.445,,0.0,,8.464,350.537,-74.853,119.536,0.095,,,275.589,0.0,119.441,0.0,0.0,119.441,119.441,,235.8,0.5075,0.5075,0.5075,240.748,0.495,0.4975,0.4975,
03/31/2002,1378.741,,,-1269.892,,,108.849,,,,,,108.849,-23.158,19.663,19.663,,0.0,,3.495,85.691,-43.894,68.64,0.528,,,41.269,0.0,68.112,0.0,0.0,68.112,68.112,,239.452,0.285,0.2875,0.2875,245.888,0.2775,0.28,0.28,
06/30/2002,1685.563,,,-1540.585,,,144.978,,,,,,144.978,-26.564,22.609,22.609,,0.0,,3.955,118.414,-57.814,90.408,0.205,,,60.395,0.0,90.203,0.0,0.0,90.203,90.203,,242.0,0.3725,0.3725,0.3725,249.436,0.3625,0.3625,0.3625,
09/30/2002,1859.506,,,-1675.702,,,183.804,,,,,,183.804,-21.477,24.575,24.575,,0.0,,-3.098,162.327,-72.585,113.509,-9.937,,,99.679,0.0,123.446,0.0,0.0,123.446,123.446,,243.168,0.5075,0.4675,0.4675,247.8,0.4975,0.4575,0.4575,
12/31/2002,2548.009,,,-2269.236,,,278.773,,,,,,278.773,-11.249,28.019,28.019,,0.0,,-16.77,267.524,-109.928,77.178,0.16,,,157.436,0.0,171.884,0.0,0.0,171.884,171.884,,241.812,0.71,0.7475,0.71,246.984,0.7,0.7,0.7,
03/31/2003,1552.59,,,-1422.091,,,130.499,,,,,,130.499,-8.66,12.248,12.248,,,,-3.588,121.839,-52.858,68.981,-0.164,,,69.145,0.0,86.137,,,86.137,86.137,,485.336,0.1775,0.1775,0.1775,496.152,0.1725,0.175,0.175,
06/30/2003,1958.185,,,-1765.827,,,192.358,,,,,,192.358,-4.475,11.891,11.891,,0.0,,-7.416,187.883,-74.833,113.05,-0.283,,,113.333,0.0,121.717,,,121.717,121.717,,485.472,0.25,0.25,0.25,499.776,0.2425,0.2425,0.2425,
09/30/2003,2399.803,,,-2151.697,,,248.106,0.0,,,,,248.106,11.559,,12.838,,,-11.559,-12.838,259.665,-98.63,161.035,-7.851,,,168.886,0.0,168.886,0.0,0.0,168.886,168.886,,488.992,0.345,0.32932,0.345,503.112,0.335,0.319395,0.335,
12/31/2003,3138.348,,,-2673.786,,,464.562,,-78.632,,,,385.93,102.174,18.477,18.477,,0.0,,-120.651,488.104,-247.894,251.757,0.092,,,240.118,0.0,247.834,0.0,0.0,247.834,247.834,,509.856,0.485,0.4875,0.4875,509.856,0.485,0.4875,0.4875,
03/31/2004,2038.748,,,-1833.347,,,205.401,,,,,,205.401,-14.776,14.03,14.03,,0.0,,0.746,190.625,-80.996,132.177,0.548,,,109.081,0.0,131.629,0.0,0.0,131.629,131.629,,250.602,0.525,0.525,0.525,257.658,0.51,0.51,0.51,
06/30/2004,2518.92,,,-2226.571,,,292.349,,,,,,292.349,-13.979,14.149,14.149,,0.0,,-0.17,278.37,-115.023,187.709,0.106,,,163.241,0.0,187.603,0.0,0.0,187.603,187.603,,252.508,0.745,0.745,0.745,258.712,0.725,0.725,0.725,
09/30/2004,2967.086,,,-2565.221,,,401.865,,,,,,401.865,14.471,13.981,13.981,,0.0,,-28.452,416.336,-158.845,259.124,-10.812,,,268.303,0.0,269.936,0.0,0.0,269.936,269.936,,253.132,1.07,1.02,1.02,260.97,1.03,0.99,0.99,
12/31/2004,4186.456,,,-3170.173,,,1016.283,,,,,,1016.283,-2.112,6.961,6.961,,0.0,,-4.849,1014.171,-247.858,418.898,21.939,,,744.374,0.414,397.373,0.0,0.0,397.373,397.373,,254.214,1.565,1.645,1.645,261.412,1.52,1.6,1.6,
03/31/2005,2517.818,,,-1898.745,,,619.073,,-286.973,262.969,,24.004,332.1,14.797,,13.747,,0.0,,-28.544,346.897,-129.35,217.547,-0.695,,,218.242,0.0,218.242,0.0,0.0,218.242,218.242,,254.868,0.86,0.851784,0.85,262.753,0.83,0.828677,0.83,
06/30/2005,3249.688,,,-2480.054,,,769.634,,-278.554,,,,491.08,-5.258,,41.103,,0.0,,-35.845,485.822,-180.635,305.187,1.476,,,303.711,0.0,303.711,0.0,0.0,303.711,303.711,,255.874,1.185,1.19,1.19,263.677,1.15,1.155,1.155,
09/30/2005,3793.052,,,-2887.539,,,905.513,,-282.767,282.767,,0.0,622.746,-9.044,,12.213,,0.0,,-3.169,613.702,-231.285,382.417,-13.004,,,395.421,0.0,395.421,0.0,0.0,395.421,395.421,,256.081,1.54,1.49,1.49,263.908,1.5,1.45,1.45,
12/31/2005,5007.467,,,-4180.744,,,826.723,,-17.059,,,,809.664,-37.474,48.507,58.507,,0.0,,-11.033,772.19,-303.613,527.084,-47.455,,,516.032,0.0,574.539,0.0,0.0,574.539,574.539,,255.139,2.25,2.08,2.08,262.443,2.19,2.03,2.03,
03/31/2006,2962.576,,,-2274.349,,,688.227,,-303.626,291.276,,12.35,384.601,32.943,,,-1.09,0.0,,-31.853,417.544,-154.899,262.645,0.0,,,262.645,0.0,262.645,0.0,0.0,262.645,262.645,,253.684,1.04,1.04,1.04,260.738,1.01,1.01,1.01,
06/30/2006,3358.522,,,-2656.739,,,701.783,,-295.393,295.393,,0.0,406.39,-18.665,54.33,55.899,-1.569,0.0,,-35.665,387.725,-143.873,243.852,0.833,,,243.019,0.0,243.019,0.0,0.0,243.019,243.019,,252.618,0.96,0.94,0.99,258.947,0.94,0.94,0.96,
09/30/2006,3563.385,,,-2898.818,,,664.567,,-310.614,310.614,,0.0,353.953,-58.439,1.338,1.338,,0.0,,57.101,295.514,-104.064,191.45,1.231,,,190.219,0.0,190.219,0.0,0.0,190.219,190.219,,251.287,0.76,0.761878,0.885,257.215,0.74,0.744786,0.86,
12/31/2006,4385.361,,,-3761.195,,,624.166,,-376.57,306.651,,69.919,247.596,-265.651,83.603,0.0,,0.0,,182.048,-18.055,9.754,-8.301,0.111,,,-8.412,0.0,-8.412,0.0,0.0,-8.412,-8.412,,257.61,-0.03,-0.03,0.85,257.61,-0.03,-0.03,0.85,
03/31/2007,1871.433,,,-1614.863,,,256.57,,-326.441,326.441,,0.0,-69.871,-72.677,-6.235,0.0,-6.235,,,78.912,-142.548,56.876,-85.672,0.0,,,-85.672,0.0,-85.672,0.0,0.0,-85.672,-85.672,,251.919,-0.34,-0.34,-0.02,251.919,-0.34,-0.34,-0.02,
06/30/2007,2021.246,,,-1791.285,,,229.961,,-367.947,367.947,,0.0,-137.986,-668.623,-4.775,0.0,-4.775,0.0,,673.398,-806.609,299.058,-507.551,0.0,,,-507.551,0.0,-507.551,0.0,0.0,-507.551,-507.551,,252.093,-2.01,-2.01,-0.04,252.093,-2.01,-2.01,-0.04,
09/30/2007,2471.798,,,-2214.62,,,257.178,,-674.987,,,,-417.809,-676.104,-5.4,0.0,-5.4,0.0,,681.504,-1093.913,306.042,-787.871,0.0,,,-787.871,0.0,-787.871,0.0,0.0,-787.871,-787.871,,252.264,-3.12,-3.12,0.24,252.264,-3.12,-3.12,0.24,
12/31/2007,2894.851,,,-2594.046,,,300.805,0.0,-247.342,247.342,,0.0,53.463,-507.296,,,-5.397,0.0,,512.693,-453.833,-439.49,-893.323,-18.662,,,-874.661,0.0,-874.661,0.0,0.0,-874.661,-874.661,,252.485,-3.46,-3.538123,0.2,252.485,-3.46,-3.54,0.2,
03/31/2008,1448.819,,,-1339.676,,,109.143,0.0,-196.953,196.953,,0.0,-87.81,-605.246,,,-3.1,0.0,-3.746,612.092,-693.056,-3.088,-696.144,0.0,,,-696.144,0.0,-696.144,0.0,0.0,-696.144,-696.144,,253.166,-2.75,-2.75,-0.14,253.166,-2.75,-2.75,-0.14,
06/30/2008,1625.765,,,-1479.948,,,145.817,,-194.612,,,,-48.795,-166.432,,,-3.3,0.0,,169.732,-215.227,56.81,-158.417,0.0,,,-158.417,0.0,-158.417,0.0,0.0,-158.417,-158.417,,253.454,-0.63,-0.63,0.01,253.454,-0.63,-0.63,0.01,
09/30/2008,1558.227,,,-1403.422,,,154.805,0.0,-200.35,200.35,,0.0,-45.545,-249.046,-5.639,0.723,-6.362,,2.687,251.998,-294.591,14.204,-280.387,0.0,,,-280.387,0.0,-280.387,0.0,0.0,-280.387,-280.387,,253.582,-1.11,-1.11,-0.262097,253.582,-1.11,-1.11,-0.262097,
12/31/2008,1643.817,,,-1639.009,,,4.808,0.0,-205.096,205.096,,0.0,-200.288,-279.437,,,,,,279.437,-479.725,141.56,-338.165,,,,-338.165,,-338.165,,0.0,-338.165,-338.165,141.57,253.841,-1.33,-1.33,-0.772289,253.841,-1.33,-1.33,-0.772289,
03/31/2009,583.892,565.343,18.549,-918.145,898.842,19.303,-334.253,0.0,-126.559,126.559,,0.0,-460.812,-51.434,-3.05,0.478,-3.528,,50.521,3.963,-512.246,-2.572,-514.818,0.0,0.0,0.0,-514.818,0.0,-514.818,0.0,0.0,-514.818,-464.963,49.855,254.578,-2.02,-2.02,-1.826407,254.578,-2.02,-2.02,-1.826407,
06/30/2009,678.58,657.882,20.698,-766.327,736.255,30.072,-87.747,0.0,-122.263,122.263,,0.0,-210.01,23.081,-2.211,0.436,-2.647,,2.505,-23.375,-186.929,-2.536,-189.465,0.0,0.0,0.0,-189.465,0.0,-189.465,0.0,0.0,-189.465,-186.75645,2.70855,254.764,-0.74,-0.74,-0.733057,254.764,-0.74,-0.74,-0.733057,
09/30/2009,1091.094,1056.791,34.303,-1135.669,1092.748,42.921,-44.575,0.0,-221.538,221.538,,0.0,-266.113,-92.606,-1.383,0.431,-1.814,,4.17,89.819,-358.719,-2.668,-361.387,0.0,0.0,0.0,-361.387,,-361.387,0.0,0.0,-361.387,-266.0775,95.3095,312.996,-1.15,-1.15,-0.850099,312.996,-1.15,-1.15,-0.850099,
12/31/2009,1730.823,1686.573,44.25,-903.084,866.776,36.308,827.739,0.0,0.0,,0.0,0.0,827.739,-1744.964,-3.789,0.917,-4.706,0.0,,1748.753,-917.225,800.328,-116.897,0.0,0.0,0.0,-116.897,0.0,-116.897,0.0,0.0,-116.897,476.643,593.54,380.69,-0.31,-0.31,1.25205,380.69,-0.31,-0.31,1.249116,
03/31/2010,1020.358,989.792,30.566,-884.204,859.093,25.111,136.154,0.0,-161.306,161.306,,0.0,-25.152,10.644,-2.297,0.482,-2.779,,0.094,-8.441,-14.508,2.02,-12.488,0.0,0.0,0.0,-12.488,0.0,-12.488,0.0,0.0,-12.488,-6.22005,6.26795,377.747,-0.03,-0.03,-0.016466,377.747,-0.03,-0.03,-0.016466,
06/30/2010,1305.898,1269.735,36.163,-1151.791,1107.019,44.772,154.107,0.0,-157.415,157.415,,0.0,-3.308,-2.418,-1.274,1.018,-2.292,,-5.542,9.234,-5.726,82.029,76.303,0.0,0.0,0.0,76.303,0.0,76.303,0.0,0.0,76.303,81.66185,5.35885,378.618,0.2,0.2,0.215684,380.412,0.2,0.2,0.214087,
09/30/2010,1057.764,1030.755,27.009,-981.087,957.637,23.45,76.677,0.0,-425.643,425.643,,0.0,-348.966,-674.871,-1.812,0.789,-2.601,,3.704,672.979,-1023.837,28.721,-995.116,0.0,0.0,0.0,-995.116,0.0,-995.116,0.0,0.0,-995.116,-329.41405,665.70195,378.842,-2.63,-2.63,-0.869529,378.842,-2.63,-2.63,-0.872798,
12/31/2010,1185.27,1157.345,27.925,-153.607,148.348,5.259,1031.663,0.0,0.0,,,0.0,1031.663,-1222.138,-1.419,0.44,-1.859,,,1223.557,-190.475,25.047,-165.428,0.0,0.0,0.0,-165.428,0.0,-165.428,0.0,0.0,-165.428,-117.7518,47.6762,379.115,-0.44,-0.44,-0.310597,379.115,-0.44,-0.44,-0.314243,
03/31/2011,805.202,783.767,21.435,-706.433,685.96,20.473,98.769,0.0,-142.446,142.446,,0.0,-43.677,-1.715,-1.086,0.351,-1.437,,-1.109,3.91,-45.392,5.866,-39.526,0.0,0.0,0.0,-39.526,0.0,-39.526,0.0,0.0,-39.526,-37.004,2.522,379.544,-0.1,-0.1,-0.097496,379.544,-0.1,-0.1,-0.097496,
06/30/2011,927.212,904.831,22.381,-832.518,793.465,39.053,94.694,0.0,-138.38,138.38,,0.0,-43.686,-9.647,-0.828,0.317,-1.145,,-1.193,11.668,-53.333,-2.052,-55.385,0.0,0.0,0.0,-55.385,0.0,-55.385,0.0,0.0,-55.385,-42.74705,12.63795,379.781,-0.15,-0.15,-0.112557,379.781,-0.15,-0.15,-0.116723,
09/30/2011,1141.931,1114.027,27.904,-964.188,944.882,19.306,177.743,0.0,-121.553,121.553,,0.0,56.19,-258.69,-0.8,0.322,-1.122,,0.303,259.187,-202.5,73.202,-129.298,0.0,0.0,0.0,-129.298,0.0,-129.298,0.0,0.0,-129.298,113.61615,242.91415,380.025,-0.34,-0.34,0.29897,380.025,-0.34,-0.34,0.29897,
12/31/2011,1262.345,1230.971,31.374,-1138.206,1079.37,58.836,124.139,0.0,-117.204,117.204,,0.0,6.935,-16.01,-1.028,0.323,-1.351,,-1.299,18.337,-9.075,22.896,13.821,0.0,0.0,0.0,13.821,,13.821,0.0,0.0,13.821,21.13285,7.31185,380.149,0.04,0.04,0.055591,381.261,0.04,0.04,0.055591,
03/31/2012,881.036,852.184,28.852,-767.572,745.563,22.009,113.464,0.0,-123.314,123.314,,0.0,-9.85,-3.641,-0.982,0.217,-1.199,,-1.996,6.619,-13.491,1.825,-11.666,0.0,0.0,0.0,-11.666,0.0,-11.666,0.0,0.0,-11.666,-7.97205,3.69395,380.502,-0.03,-0.03,-0.020951,380.502,-0.03,-0.03,-0.020951,
06/30/2012,1069.405,1033.154,36.251,-897.317,876.99,20.327,172.088,0.0,-124.186,124.186,,0.0,47.902,-7.976,-0.966,0.198,-1.164,,-1.556,10.498,39.926,2.51,42.436,0.0,0.0,0.0,42.436,0.0,42.436,0.0,0.0,42.436,45.88295,3.44695,380.655,0.11,0.11,0.120537,382.203,0.11,0.11,0.119019,
09/30/2012,1302.591,1255.327,47.264,-1065.343,1044.765,20.578,237.248,0.0,-125.191,125.191,,0.0,112.057,-6.151,-1.018,0.201,-1.219,,-0.284,7.453,105.906,10.727,116.633,0.0,0.0,0.0,116.633,0.0,116.633,0.0,0.0,116.633,117.465,0.832,381.355,0.31,0.31,0.30802,384.57,0.3,0.3,0.302163,
12/31/2012,1566.966,1518.445,48.521,-1333.609,1261.012,72.597,233.357,0.0,-141.766,141.766,,0.0,91.591,-40.378,-1.127,0.204,-1.331,,-0.223,41.728,51.213,7.529,58.742,0.0,0.0,0.0,58.742,0.0,58.742,0.0,0.0,58.742,81.05195,22.30995,383.404,0.15,0.15,0.211401,389.304,0.15,0.15,0.207307,
03/31/2013,1162.756,1125.883,36.873,-946.076,923.488,22.588,216.68,0.0,-129.626,129.626,,0.0,87.054,-4.704,-0.966,0.207,-1.173,,0.898,4.772,82.35,-0.588,81.762,0.0,0.0,0.0,81.762,0.0,81.762,0.0,0.0,81.762,82.0909,0.3289,384.228,0.21,0.21,0.213652,390.321,0.21,0.21,0.210843,
06/30/2013,1279.422,1240.06,39.362,-1034.563,1011.528,23.035,244.859,0.0,-150.531,150.531,,0.0,94.328,-55.998,-0.946,0.166,-1.112,,-0.395,57.339,38.33,-1.913,36.417,0.0,0.0,0.0,36.417,0.0,36.417,0.0,0.0,36.417,60.74325,24.32625,385.389,0.09,0.09,0.157615,391.18,0.09,0.09,0.152187,
09/30/2013,1582.078,1547.742,34.336,-1253.314,1230.07,23.244,328.764,0.0,-138.637,138.637,,0.0,190.127,-15.405,-0.865,0.171,-1.036,,-0.785,17.055,174.722,2107.162,2281.884,0.0,0.0,0.0,2281.884,0.0,2281.884,0.0,-16.157,2265.727,160.44655,-2105.28045,382.883,5.92,5.92,0.419049,386.103,5.87,5.87,0.417361,
12/31/2013,1655.339,1624.959,30.38,-1273.381,1249.868,23.513,381.958,0.0,-149.705,149.705,,0.0,232.253,0.167,-0.907,0.168,-1.075,0.0,-0.848,1.588,232.42,-12.367,220.053,0.0,0.0,0.0,220.053,0.0,220.053,0.0,-3.451,216.602,219.8208,3.2188,379.879,0.58,0.58,0.57866,383.724,0.57,0.57,0.578388,
03/31/2014,1118.894,1093.999,24.895,-836.936,833.614,3.322,281.958,0.0,-144.887,144.887,,0.0,137.071,-7.042,-0.898,0.213,-1.111,,-5.891,13.831,130.029,-55.21,74.819,0.0,0.0,0.0,74.819,0.0,74.819,0.0,0.0,74.819,81.3502,6.5312,383.991,0.19,0.19,0.211854,387.806,0.19,0.19,0.206841,
06/30/2014,1286.187,1254.989,31.198,-981.638,959.524,22.114,304.549,0.0,-229.767,229.767,,0.0,74.782,-7.101,-0.912,0.203,-1.115,,-1.311,9.324,67.681,-25.801,41.88,0.0,0.0,0.0,41.88,0.0,41.88,0.0,0.0,41.88,45.3653,3.4853,376.072,0.11,0.11,0.120629,379.664,0.11,0.11,0.11918,
09/30/2014,1594.725,1561.273,33.452,-1221.531,1198.908,22.623,373.194,0.0,-147.136,147.136,,0.0,226.058,-1.13,-0.995,0.21,-1.205,,-0.281,2.406,224.928,-84.383,140.545,0.0,0.0,0.0,140.545,0.0,140.545,0.0,-0.944,139.601,141.74015,2.13915,373.531,0.37,0.37,0.37946,377.292,0.37,0.37,0.37567,
12/31/2014,1822.557,1786.464,36.093,-1398.042,1374.951,23.091,424.515,0.0,-146.024,146.024,,0.0,278.491,-11.371,-0.977,0.224,-1.201,0.0,-0.743,13.091,267.12,-50.025,217.095,0.0,0.0,0.0,217.095,0.0,217.095,0.0,-1.503,215.592,229.82115,14.22915,369.533,0.58,0.58,0.621923,373.267,0.58,0.58,0.618121,
03/31/2015,1133.298,1105.7,27.598,-877.064,854.523,22.541,256.234,0.0,-161.312,161.312,,0.0,94.922,0.883,-0.912,0.187,-1.099,,-1.107,1.136,95.805,-40.834,54.971,0.0,0.0,0.0,54.971,0.0,54.971,0.0,-0.354,54.617,55.83185,1.21485,366.748,0.15,0.15,0.152235,370.11,0.15,0.15,0.152235,
06/30/2015,1280.291,1249.537,30.754,-979.359,958.592,20.767,300.932,0.0,-130.119,130.119,,0.0,170.813,-3.186,-0.648,0.208,-0.856,,-1.164,4.998,167.627,-64.303,103.324,0.0,0.0,0.0,103.324,0.0,103.324,0.0,-0.66,102.664,85.98565,-16.67835,361.009,0.28,0.28,0.238181,364.241,0.28,0.28,0.234211,
09/30/2015,1506.747,1467.78,38.967,-1146.777,1122.175,24.602,359.97,0.0,-159.361,159.361,,0.0,200.609,-21.333,-0.301,0.203,-0.504,,-2.192,23.826,179.276,-71.507,107.769,0.0,0.0,0.0,107.769,0.0,107.769,0.0,-0.697,107.072,116.88505,9.81305,350.147,0.31,0.31,0.333817,353.372,0.3,0.3,0.32777,
12/31/2015,2061.628,2018.194,43.434,-1484.191,1470.053,14.138,577.437,0.0,-210.398,210.398,0.0,0.0,367.039,6.276,-0.459,0.19,-0.649,0.0,-2.891,-2.926,373.315,-145.288,228.027,0.0,0.0,0.0,228.027,0.0,228.027,0.0,-1.528,226.499,231.4741,4.9751,348.699,0.65,0.65,0.663822,351.746,0.64,0.64,0.654144,
03/31/2016,1432.578,1396.73,35.848,-1117.476,1091.357,26.119,315.102,0.0,-191.015,191.015,,0.0,124.087,-5.874,-0.749,0.174,-0.923,,,6.623,118.213,-34.913,83.3,0.0,0.0,0.0,83.3,0.0,83.3,0.0,-0.689,82.611,87.18765,4.57665,347.815,0.24,0.24,0.250672,350.477,0.24,0.24,0.250672,
06/30/2016,1799.914,1756.832,43.082,-1405.092,1378.912,26.18,394.822,0.0,-192.333,192.333,,0.0,202.489,-12.909,-0.663,0.186,-0.849,,-3.829,17.401,189.58,-71.82,117.76,0.0,0.0,0.0,117.76,0.0,117.76,0.0,-1.074,116.686,136.00725,19.32125,345.24,0.34,0.34,0.39395,347.999,0.34,0.34,0.39395,
09/30/2016,1942.905,1894.885,48.02,-1523.945,1497.039,26.906,418.96,0.0,-183.008,183.008,,0.0,235.952,-23.617,-0.722,0.165,-0.887,,-0.485,24.824,212.335,-83.865,128.47,0.0,0.0,0.0,128.47,0.0,128.47,0.0,-1.139,127.331,146.69125,19.36025,340.171,0.37,0.37,0.431228,342.421,0.37,0.37,0.426539,
12/31/2016,2501.133,2446.957,54.176,-1682.15,1652.781,29.369,818.983,0.0,-390.795,390.795,,0.0,428.188,-14.466,-0.417,0.16,-0.577,,-3.848,18.731,413.722,-140.549,273.173,0.0,0.0,0.0,273.173,0.0,273.173,0.0,-2.122,271.051,298.42575,27.37475,325.839,0.831856,0.831856,0.915869,327.672,0.827202,0.827202,0.910745,
03/31/2017,1629.878,1588.111,41.767,-1249.273,1220.906,28.367,380.605,0.0,-236.268,236.268,,0.0,144.337,-5.072,-0.696,0.137,-0.833,,-1.193,6.961,139.265,-47.747,91.518,0.0,0.0,0.0,91.518,0.0,91.518,0.0,-0.923,90.595,91.67075,1.07575,317.756,0.29,0.29,0.288494,320.085,0.28,0.28,0.283361,
06/30/2017,2021.86,1974.585,47.275,-1666.014,1637.536,28.478,355.846,0.0,-216.211,216.211,,0.0,139.635,-17.088,-0.465,0.134,-0.599,,5.763,11.79,122.547,-21.798,100.749,0.0,0.0,0.0,100.749,0.0,100.749,0.0,-1.072,99.677,121.92416,22.24716,312.315,0.32,0.32,0.390388,313.88,0.32,0.32,0.390388,
09/30/2017,2131.058,2084.106,46.952,-1619.032,1589.728,29.304,512.026,0.0,-237.495,237.495,,0.0,274.531,-6.282,-0.384,0.101,-0.485,,-0.415,7.081,268.249,-90.71,177.539,0.0,0.0,0.0,177.539,0.0,177.539,0.0,-1.939,175.6,177.342,1.742,298.538,0.59,0.59,0.594035,300.228,0.58,0.58,0.585802,
12/31/2017,2794.89,2738.724,56.166,-2180.57,2147.431,33.139,614.32,0.0,-201.607,201.607,0.0,0.0,412.713,-3.946,-0.489,0.131,-0.62,0.0,-2.169,6.604,408.767,-331.352,77.415,0.0,0.0,0.0,77.415,0.0,77.415,0.0,-0.836,76.579,254.55035,177.97135,292.174,0.26,0.26,0.871229,293.492,0.26,0.26,0.866393,
03/31/2018,1970.093,1924.155,45.938,-1503.701,1471.488,32.213,466.392,0.0,-240.893,240.893,,0.0,225.499,-1.308,-0.421,0.143,-0.564,0.0,-0.961,2.69,224.191,-53.44,170.751,0.0,0.0,0.0,170.751,0.0,170.751,0.0,-1.918,168.833,170.89411,2.06111,286.683,0.59,0.59,0.596108,288.026,0.59,0.59,0.596108,
06/30/2018,2569.722,2516.958,52.764,-1932.54,1900.316,32.224,637.182,0.0,-226.056,226.056,,0.0,411.126,-1.956,-0.67,0.165,-0.835,0.0,-0.265,2.891,409.17,-85.081,324.089,0.0,0.0,0.0,324.089,0.0,324.089,0.0,-3.584,320.505,256.32808,-64.17692,285.276,1.12,1.12,0.898527,286.654,1.12,1.12,0.896117,
09/30/2018,2649.366,2597.746,51.62,-2008.433,1976.22,32.213,640.933,0.0,-252.757,252.757,,0.0,388.176,-3.488,-1.69,0.152,-1.842,,-0.886,6.064,384.688,-95.153,289.535,0.0,0.0,0.0,289.535,0.0,289.535,0.0,-3.15,286.385,287.58501,1.20001,283.489,1.01,1.01,1.014449,284.672,1.01,1.01,1.014215,
12/31/2018,2999.15,2944.091,55.059,-2370.245,2319.473,50.772,628.905,0.0,-292.318,292.318,,0.0,336.587,-7.096,-4.195,0.158,-4.353,,-0.578,11.869,329.491,-91.842,237.649,0.0,0.0,0.0,237.649,0.0,237.649,0.0,-2.566,235.083,319.526802,84.443802,278.964,0.84,0.84,1.145405,280.212,0.84,0.84,1.141357,
03/31/2019,1996.693,1952.831,43.862,-1526.29,1494.841,31.449,470.403,0.0,-252.727,252.727,,0.0,217.676,-0.973,-4.805,0.144,-4.949,0.0,-0.037,5.815,216.703,-49.946,166.757,0.0,0.0,0.0,166.757,0.0,166.757,0.0,-1.718,165.039,167.34343,2.30443,277.637,0.59,0.59,0.602742,278.64,0.59,0.59,0.59827,
06/30/2019,2488.985,2433.028,55.957,-1905.27,1874.369,30.901,583.715,0.0,-259.44,259.44,,0.0,324.275,-3.499,-4.325,0.146,-4.471,0.0,-0.129,7.953,320.776,-79.735,241.041,0.0,0.0,0.0,241.041,0.0,241.041,0.0,-2.394,238.647,240.63464,1.98764,276.652,0.86,0.86,0.86981,277.584,0.86,0.86,0.86716,
09/30/2019,2710.365,2645.55,64.815,-2068.486,2035.972,32.514,641.879,0.0,-270.625,270.625,,0.0,371.254,-5.108,-3.407,0.147,-3.554,,-0.211,8.726,366.146,-93.042,273.104,0.0,0.0,0.0,273.104,0.0,273.104,0.0,-2.709,270.395,272.33445,1.93945,272.992,0.99,0.99,0.997591,273.632,0.99,0.99,0.997088,
12/31/2019,3016.913,2947.116,69.797,-2315.521,2279.615,35.906,701.392,0.0,-261.545,261.545,,0.0,439.847,-3.896,-3.618,0.147,-3.765,,-0.37,7.884,435.951,-100.153,335.798,0.0,0.0,0.0,335.798,0.0,335.798,0.0,-3.385,332.413,317.00845,-15.40455,270.843,1.23,1.23,1.170451,271.475,1.22,1.22,1.163256,
03/31/2020,2294.98,2240.43,54.55,-1744.828,1709.879,34.949,550.152,0.0,-283.859,263.669,,20.19,266.293,-2.524,-3.01,0.797,-3.807,0.0,-0.567,6.101,263.769,-60.058,203.711,0.0,0.0,0.0,203.711,0.0,203.711,0.0,-1.81,201.901,225.51328,23.61228,270.0,0.75,0.75,0.835234,271.218,0.74,0.74,0.82706,
06/30/2020,2593.781,2498.979,94.802,-1934.628,1900.25,34.378,659.153,0.0,-196.858,196.858,,0.0,462.295,-5.286,1.674,3.0,-1.326,0.0,-0.334,3.946,457.009,-108.389,348.62,0.0,0.0,0.0,348.62,0.0,348.62,0.0,-2.867,345.753,301.797163,-43.955837,268.324,1.29,1.29,1.124749,269.025,1.29,1.29,1.124749,
09/30/2020,2733.0,,,,,,658.51635,,,,,,378.75,,,,,,,,403.583,,300.125,,,,,,300.125,,,300.125,303.231,,,1.125,1.125,1.126,,1.125,1.125,1.126,
12/31/2020,2893.3,,,,,,698.269022,,,,,,416.5,,,,,,,,437.667,,317.25,,,,,,317.25,,,317.25,327.846,,,1.207,1.207,1.212,,1.207,1.207,1.212,
