Date,Revenue,Sales & Services Revenue,Cost of Revenue,Cost of Goods & Services,Gross Profit,Other Operating Income,Operating Expenses,"Selling, General & Admin",Research & Development,Other Operating Expense,Operating Income (Loss),Non-Operating (Income) Loss,"Interest Expense, Net",Interest Expense,Interest Income,Foreign Exch (Gain) Loss,Other Non-Op (Income) Loss,Pretax Income,Income Tax Expense (Benefit),Income (Loss) from Cont Ops,Net Extraordinary Losses (Gains),Discontinued Operations,XO & Accounting Changes,Income (Loss) Incl. MI,Minority Interest,"Net Income, GAAP",Preferred Dividends,Other Adjustments,"Net Income Avail to Common, GAAP","Net Income Avail to Common, Adj",Net Abnormal Losses (Gains),Basic Weighted Avg Shares,"Basic EPS, GAAP",Basic EPS from Cont Ops,"Basic EPS from Cont Ops, Adjusted",Diluted Weighted Avg Shares,"Diluted EPS, GAAP",Diluted EPS from Cont Ops,"Diluted EPS from Cont Ops, Adjusted",Source: Bloomberg
04/01/1990,560.994995,,-488.946991,,72.048004,,-49.152,,,,22.896,-1.504,,2.752,,0.0,-1.248,21.392,-6.738,14.654,0.0,,,14.654,0.0,14.654,0.0,,14.654,14.654,,115.867996,0.1275,0.1275,,115.867996,0.1275,0.1275,0.1275,
07/01/1990,612.151001,,-537.254028,,74.896973,,-48.463001,,,,26.434,2.58,,2.57,,0.0,-5.15,29.014,-9.14,19.874001,0.0,,,19.874,0.0,19.874001,0.0,,19.874001,19.874001,,114.980003,0.17,0.17,,114.980003,0.17,0.17,0.17,
09/30/1990,687.038025,,-613.119995,,73.91803,,-47.417,,,,26.500999,-0.217,,2.458,,0.0,-2.241,26.283999,-7.896,18.388,0.0,,,18.388,0.0,18.388,0.0,,18.388,18.388,,113.136002,0.1625,0.1625,,113.136002,0.1625,0.1625,0.1625,
12/30/1990,614.104004,,-531.401978,,82.702026,,-50.820999,,,,31.881001,-1.374,,2.748,,0.0,-1.374,30.507001,-9.457,21.049999,0.0,,,21.050001,0.0,21.049999,0.0,,21.049999,21.049999,,111.718004,0.1875,0.1875,0.1875,111.718004,0.1875,0.1875,0.1875,
03/31/1991,636.797974,,-555.025024,,81.772949,,-56.591999,,,,25.181,-0.95,,2.5,,0.0,-1.55,24.231,-7.875,16.356001,0.0,,,16.356,0.0,16.356001,0.0,,16.356001,16.356001,,112.199997,0.145,0.145,,112.199997,0.145,0.145,0.145,
06/30/1991,665.715027,,-579.97998,,85.735046,,-55.328999,,,,30.406,-1.488,,2.367,,0.0,-0.879,28.918,-9.398,19.52,0.0,,,19.52,0.0,19.52,0.0,,19.52,19.52,,111.683998,0.175,0.175,,111.683998,0.175,0.175,0.175,
09/29/1991,745.924988,,-660.323975,,85.601013,,-52.25,,,,33.351002,-1.325,,1.901,,,-0.576,32.026002,-10.408,21.618,0.0,,,21.618002,0.0,21.618,0.0,,21.618,21.618,,111.276001,0.195,0.195,,111.276001,0.195,0.195,0.195,
12/29/1991,640.104004,,-544.916016,,95.187988,,-58.931,,,,36.257,-1.074,,2.065,,0.0,-0.991,35.183,-11.435,23.747999,0.0,,,23.748,0.0,23.747999,0.0,,23.747999,23.747999,,112.045996,0.21,0.21,0.21,112.045996,0.21,0.21,0.21,
03/29/1992,654.828003,,-572.60199,,82.226013,,-54.992001,,,,27.233999,-0.441,,1.674,,,-1.233,26.792999,-8.735,18.058001,0.0,,,18.058,0.0,18.058001,0.0,,18.058001,18.058001,,113.125999,0.16,0.16,,113.125999,0.16,0.16,0.16,
06/29/1992,695.752014,,-603.119995,,92.632019,,-59.151001,,,,33.480999,-1.182,,1.951,,,-0.769,32.298999,-10.529,21.77,0.0,,,21.769999,0.0,21.77,0.0,,21.77,21.77,,112.778,0.195,0.195,,112.778,0.195,0.195,0.195,
09/27/1992,749.026001,,-658.229004,,90.796997,,-58.603001,,,,32.194,-1.541,,1.866,,,-0.325,30.653,-8.557,22.096001,0.0,,,22.096,0.0,22.096001,0.0,,22.096001,22.096001,,112.220001,0.195,0.195,,112.220001,0.195,0.195,0.195,
01/04/1993,689.216003,,-589.66803,,99.547973,,-69.299004,,,,30.249001,1.081,,1.75,,,-2.831,31.330001,-5.475,25.855,0.0,,,25.855001,0.0,25.855,0.0,,25.855,25.855,,112.793998,0.23,0.23,0.23,112.793998,0.23,0.23,0.23,
04/04/1993,319.563995,,-235.190002,,84.373993,,-68.147003,,,,16.226999,-0.65,,1.501,,,-0.851,15.576999,-5.733,9.844,11.237,,,-1.393001,0.0,-1.393,0.0,,-1.393,-1.393,,113.444,-0.01,0.09,,113.444,-0.01,0.09,0.09,
07/04/1993,329.880005,,-242.781998,,87.098007,,-67.362,,,,19.736,0.328,,1.582,,,-1.91,20.064,-7.266,12.798,-8.27,,,21.068001,0.0,21.068001,0.0,,21.068001,21.068001,,112.977997,0.185,0.11,,112.977997,0.185,0.11,0.11,
10/03/1993,332.253998,,-257.687012,,74.566986,,-55.872002,,,,18.695,-1.11,,1.605,,,-0.495,17.585,-7.319,10.266,-4.947,,,15.213,0.0,15.213,0.0,,15.213,15.213,,112.438004,0.135,0.09,,112.438004,0.135,0.09,0.09,
12/31/1993,340.25,,-250.414001,,89.835999,,-57.009998,,,,32.826,2.44,,1.576,,,-4.016,35.266,-13.552,21.714001,-2.469,,,24.183,0.0,24.183001,0.0,,24.183001,24.183001,,113.168,0.215,0.195,0.195,113.168,0.215,0.195,0.195,
04/03/1994,325.747009,,-243.134995,,82.612015,,-69.936996,,,,12.675,-0.021,,0.965,,,-0.944,12.654,-4.841,7.813,-6.54,,,14.353,0.0,14.353,0.0,,14.353,14.353,,111.442001,0.13,0.07,,111.442001,0.13,0.07,0.07,
07/03/1994,329.880005,,-246.220001,,83.660004,,-68.648003,,,,15.012,-0.433,,1.145,,,-0.712,14.579,-5.602,8.977,-7.446,,,16.423,0.0,16.423,0.0,,16.423,16.423,,110.241997,0.15,0.08,,110.241997,0.15,0.08,0.08,
10/02/1994,336.859985,,-263.847992,,73.011993,,-57.272999,,,,15.739,-74.082003,,1.352,,,72.730003,-58.343003,1.403,-56.939999,-8.646,,,-48.294003,0.0,-48.293999,0.0,,-48.293999,-48.293999,,110.241997,-0.44,-0.52,,110.241997,-0.44,-0.52,-0.52,
12/31/1994,340.069,,-241.406006,,98.662994,,-82.335999,,,,16.327,-2.34,,1.957,,,0.383,13.987,-5.944,8.043,-3.82,,,11.863,0.0,11.863,0.0,,11.863,11.863,,110.246002,0.11,0.075,0.075,110.246002,0.11,0.075,0.075,
04/02/1995,338.230011,,-253.139008,,85.091003,,-69.417999,,,,15.673,-0.2,,1.593,,,-1.393,15.473,-6.121,9.352,-4.337,,,13.689,0.0,13.689,0.0,,13.689,13.689,,108.825996,0.125,0.085,0.085,108.825996,0.125,0.085,0.085,
06/30/1995,342.251007,,-251.531006,,90.720001,,-70.285004,,,,20.434999,-0.167,,1.967,,,-1.8,20.267999,-7.925,12.343,-4.033,,,16.375999,0.0,16.375999,0.0,,16.375999,16.375999,,105.762001,0.155,0.115,0.115,105.762001,0.155,0.115,0.115,
10/01/1995,361.60199,,-273.947998,,87.653992,,-68.568001,,,,19.086,1.218,,1.677,,,-2.895,20.304,-6.635,13.669,-2.309,,,15.978,0.0,15.978,0.0,,15.978,15.978,,100.276001,0.16,0.135,0.135,100.276001,0.16,0.135,0.135,
12/31/1995,377.494995,,-273.428009,,104.066986,,-76.587997,,,,27.479,2.535,,3.277,,,-5.812,30.014,-11.074,18.940001,-3.057,,,21.997,0.0,21.997,0.0,,21.997,21.997,,95.844002,0.23,0.2,0.2,95.844002,0.23,0.2,0.2,
03/31/1996,346.790985,,-256.381012,,90.409973,,-70.485001,,,,19.924999,-1.895,,3.184,,,-1.289,18.029999,-6.148,11.882,-0.9,,,12.781999,0.0,12.782,0.0,,12.782,12.782,,94.681999,0.135,0.125,0.125,95.260002,0.135,0.125,0.125,
06/30/1996,355.907013,,-260.079987,,95.827026,,-74.413002,,,,21.414,-1.059,,3.232,,,-2.173,20.355,-6.212,14.143,-1.496,,,15.639,0.0,15.639,0.0,,15.639,15.639,,94.781998,0.165,0.15,0.15,94.848,0.165,0.15,0.15,
09/29/1996,354.747009,,-262.845001,,91.902008,,-68.700996,,,,23.201,-2.255,,3.335,,,-1.08,20.946,-6.745,14.201,-1.436,,,15.637,0.0,15.637,0.0,,15.637,15.637,,94.599998,0.165,0.15,0.15,94.632004,0.165,0.15,0.15,
12/29/1996,369.807007,,-269.437012,,100.369995,,-77.279999,,,,23.09,-2.067,,3.676,,,-1.609,21.023,-6.769,14.254,-1.844,,,16.098,0.0,16.098,0.0,,16.098,16.098,,93.648003,0.17,0.15,0.15,93.795998,0.17,0.15,0.15,
03/30/1997,347.006012,,-259.639008,,87.367004,,-70.811996,,,,16.555,-2.058,,2.87,,,-0.812,14.497,-4.929,9.568,-0.458,,,10.026,0.0,10.026,0.0,,10.026,10.026,,92.440002,0.11,0.105,0.105,92.874001,0.11,0.105,0.105,
06/29/1997,368.671997,,-278.988007,,89.68399,,-71.718002,,,,17.966,-30.817999,,3.126,,,27.691999,-12.852,-0.538,-13.39,-1.545,,,-11.845,0.0,-11.845,0.0,,-11.845,-11.845,,91.776001,-0.13,-0.145,0.11,92.014,-0.13,-0.145,0.11,
09/28/1997,358.368011,,-266.726013,,91.641998,,-71.313004,,,,20.329,0.701,,3.204,,,-3.905,21.03,-7.151,13.879,-0.711,,,14.59,0.0,14.59,0.0,,14.59,14.59,,91.204002,0.16,0.15,0.15,91.580002,0.16,0.15,0.15,
12/28/1997,386.759003,,-279.338013,,107.42099,,-74.473,,,,32.948002,-1.597,,3.282,,,-1.685,31.351002,-10.763,20.587999,-0.333,,,20.921002,0.0,20.921,0.0,,20.921,20.921,,90.638,0.23,0.225,0.225,90.896004,0.23,0.225,0.225,
03/29/1998,219.641998,,-144.246994,,75.395004,,-65.974998,,,,9.42,35.064002,,2.641,,,-37.705002,44.484002,-15.896,28.587999,-5.895,,,34.483002,0.0,34.483002,0.0,,34.483002,34.483002,,90.524002,0.38,0.315,0.06,91.531998,0.375,0.31,0.055,
06/28/1998,209.424,,-136.58,,72.844,,-64.255,,,,8.589,30.324,0.291,2.449,-2.158,,-30.615,38.913,-11.16,27.753,-3.861,,,31.614,0.0,31.614,0.0,,31.614,31.614,,91.364,0.345,0.305,0.1,92.892,0.34,0.3,0.1,
09/27/1998,191.503,,-124.793,,66.71,,-56.557,,,,10.153,3.507886,2.45,2.45,,,-5.957886,13.660886,-4.918,8.743,-6.694,,,15.436886,0.0,15.437,0.0,,15.437,15.437,,91.422,0.17,0.095,0.085,92.436,0.165,0.095,0.085,
12/31/1998,233.813,,-145.367,,88.446,,-62.979,,,,25.467,-4.198,3.851,3.851,,,0.347,21.269,-7.352,13.917,-6.551,,,20.468,0.0,20.468,0.0,,20.468,20.468,,89.456,0.23,0.155,0.18,90.532,0.225,0.155,0.18,
04/04/1999,243.217,,-160.701,,82.516,,-65.488,,,,17.028,-4.632,4.953,5.549,-0.596,,-0.321,12.396,-4.354,8.042,-6.045,,,14.087,0.0,14.087,0.0,0.0,14.087,14.087,,89.82,0.155,0.09,0.09,91.408,0.155,0.09,0.09,
07/04/1999,304.258,,-197.901,,106.357,,-87.431,,,,18.926,-23.183,5.062,6.292,-1.23,,18.121,-4.257,1.532,-2.725,-6.342,,,3.617,0.0,3.617,0.0,,3.617,3.617,,90.55,0.04,-0.03,0.095,92.596,0.04,-0.03,0.09,
10/03/1999,388.413,,-243.202,,145.211,,-115.961,,,,29.25,-38.182,9.14,9.14,,,29.042,-8.932,3.131,-5.801,-109.574,,,103.773,0.0,103.773,0.0,,103.773,103.773,,91.45,1.135,-0.065,0.18,91.45,1.135,-0.065,0.18,
01/02/2000,427.241,,-251.656,,175.585,,-129.51,,,,46.075,-0.412,7.303,7.303,,,-6.891,45.663,-16.808,28.855,-3.984,,,32.839,0.0,32.839,0.0,,32.839,32.839,,92.358,0.355,0.31,0.31,94.802,0.345,0.305,0.305,
04/02/2000,402.286,,-246.715,,155.571,,-116.979,,,,38.592,-11.279,7.757,8.532,-0.775,,3.522,27.313,-11.07,16.243,0.0,,,16.243,0.0,16.243,0.0,0.0,16.243,16.243,,96.926,0.17,0.17,0.17,100.822,0.16,0.16,0.16,
07/02/2000,309.169,,-177.162,,132.007,,-112.358,,,,19.64899,11.162,,,,,-11.162,30.81099,-8.157,22.65399,-12.919,,,35.57299,0.0,35.57299,0.0,0.0,35.57299,35.57299,,98.07,0.36,0.23,0.23,101.592,0.35,0.22,0.22,
10/01/2000,340.14,,-189.855,,150.285,,-116.071,,,,34.214,-36.766,,,,,36.766,-2.552,-7.723,-10.275,-12.355,,,2.08,0.0,2.08,0.0,0.0,2.08,2.08,,98.5,0.01,-0.05,0.11,102.846,0.01,-0.05,0.11,
12/31/2000,374.471,,-209.47,,165.001,,-112.785,,,,52.216,-6.639,,,,,6.639,45.577,-16.074,29.503,-7.121,,,36.624,0.0,36.624,0.0,0.0,36.624,36.624,,99.35,0.37,0.3,0.325,103.85,0.35,0.28,0.305,
04/01/2001,390.607,,-217.961,,172.646,,-89.94,,,,82.706,-45.788,,,,,45.788,36.918,-13.794,23.124,-0.371,,,23.495,0.0,23.495,0.0,0.0,23.495,23.495,,100.154,0.23,0.23,0.315,104.1,0.23,0.22,0.3,
07/01/2001,380.429,,-211.943,,168.486,,-87.456,,,,81.03,-33.773,,,,,33.773,47.257,-15.222,32.035,2.624,,,29.411,0.0,29.411,0.0,0.0,29.411,29.411,,100.622,0.29,0.32,0.42,104.097,0.28,0.31,0.41,
09/30/2001,348.322,,-192.649,,155.673,,-105.486,,,,50.187,-1.986,,,,,1.986,48.201,-14.215,33.986,2.767,,,31.219,0.0,31.219,0.0,0.0,31.219,31.219,,101.133,0.31,0.34,0.42,104.341,0.3,0.33,0.4,
12/30/2001,405.981,,-226.867,,179.114,,-217.978,,,,-38.864,7.038,,,,,-7.038,-31.826,-15.821,-47.647,1.973,,,-49.62,0.0,-49.62,0.0,0.0,-49.62,-49.62,,112.839,-0.44,-0.42,0.34,116.479,-0.43,-0.41,0.34,
03/31/2002,346.293,,-220.563,,125.73,,-136.619,,,,-10.889,-17.636,,,,,17.636,-28.525,7.866,-20.659,126.701,,,-147.36,0.0,-147.36,0.0,0.0,-147.36,-147.36,,124.864,-1.18,-0.17,-0.12,124.864,-1.18,-0.17,-0.12,
06/30/2002,383.096,,-223.198,,159.898,,-142.489,,,,17.409,-8.422,8.422,,,,0.0,8.987,-2.912,6.075,15.171,,,-9.096,0.0,-9.096,0.0,0.0,-9.096,-9.096,,124.901,-0.07,0.05,0.09,125.556,-0.07,0.05,0.09,
09/29/2002,366.011,,-219.256,,146.755,,-130.061,,,,16.694,-4.731,11.516,,,,-6.785,11.963,-2.213,9.75,2.604,,,7.146,0.0,7.146,0.0,0.0,7.146,7.146,,126.24,0.06,0.08,0.08,126.775,0.06,0.08,0.08,
12/29/2002,409.581,,-241.083,,168.498,,-136.913,,,,31.585,-32.56,,,,,32.56,-0.975,1.673,0.698,3.326,,,-2.628,0.0,-2.628,0.0,0.0,-2.628,-2.628,,126.269,-0.02,0.01,0.18,126.269,-0.02,0.01,0.18,
03/30/2003,357.74,,-218.048,,139.692,,-120.834,,,,18.858,-13.312,14.265,14.265,,,-0.953,5.546,-1.802,3.744,1.382,,,2.362,0.0,2.362,0.0,0.0,2.362,2.362,,125.649,0.02,0.03,0.07,126.375,0.02,0.03,0.07,
06/29/2003,376.252,,-223.296,,152.956,,-126.369,,,,26.587,-10.329,13.342,14.04,-0.698,,-3.013,16.258,-5.284,10.974,2.576,,,8.398,0.0,8.398,0.0,0.0,8.398,8.398,,125.707,0.07,0.09,0.09,126.898,0.07,0.09,0.09,
09/28/2003,366.185,,-213.243,,152.942,,-118.216,,,,34.726,-13.097,11.983,12.458,-0.475,,1.114,21.629,-6.863,14.766,0.497,,,14.269,0.0,14.269,0.0,0.0,14.269,14.269,,126.287,0.11,0.12,0.16,128.034,0.11,0.12,0.16,
12/28/2003,432.564,,-247.904,,184.66,,-131.759,,,,52.901,-13.431,14.023,14.321,-0.298,,-0.592,39.47,-12.618,26.852,-1.078,,,27.93,0.0,27.93,0.0,0.0,27.93,27.93,,127.809,0.22,0.21,0.25,128.261,0.22,0.21,0.25,
03/28/2004,393.451,,-241.513,,151.938,,-123.604,95.87,,27.734,28.334,-10.338,9.775,9.775,-0.485,,1.048,17.996,-5.219,12.777,-0.494,,,13.271,,13.271,0.0,0.0,13.271,13.271,,126.685,0.1,0.11,0.16,128.933,0.1,0.11,0.16,
06/27/2004,412.614,,-246.473,,166.141,,-126.991,97.65,,29.341,39.15,-9.865,9.272,9.272,-0.355,,0.948,29.285,-8.361,20.924,0.089,,,20.835,0.0,20.835,0.0,0.0,20.835,20.835,,127.121,0.16,0.16,0.21,129.362,0.16,0.16,0.21,
09/26/2004,341.601,,-198.567,,143.034,,-110.785,83.43,,27.355,32.249,-8.03,8.428,9.043,-0.615,0.0,-0.398,24.219,-5.825,18.394,-5.62,,,24.014,0.0,24.014,0.0,0.0,24.014,24.014,,127.562,0.19,0.14,0.18,129.395,0.19,0.14,0.18,
01/02/2005,411.589,,-235.262,,176.327,,-120.852,,,,55.475,-12.788,,8.962,-0.946,0.0,4.772,42.687,-10.236,32.451,-5.472,,,37.923,0.0,37.923,0.0,0.0,37.923,37.923,,126.41,0.3,0.25,0.28,130.037,0.29,0.25,0.28,
04/03/2005,358.174,,-209.885,,148.289,,-119.417,96.826,,22.591,28.872,-8.253,7.407,8.076,-0.669,0.0,0.846,20.619,-5.017,15.602,-4.227,,,19.829,0.0,19.829,0.0,0.0,19.829,19.829,,128.828,0.15,0.12,0.16,131.056,0.15,0.12,0.16,
07/03/2005,368.017,,-216.894,,151.123,,-114.793,92.711,,22.082,36.33,-22.087,6.88,7.5,-0.62,0.0,15.207,14.243,16.319,30.562,1.664,,,28.898,0.0,28.898,0.0,0.0,28.898,28.898,,129.034,0.22,0.24,0.24,130.718,0.22,0.23,0.23,
10/02/2005,359.982,,-209.7,,150.282,,-109.576,87.9,,21.676,40.706,-5.587,6.397,6.886,-0.489,0.0,-0.81,35.119,-8.65,26.469,-5.364,,,31.833,0.0,31.833,0.0,0.0,31.833,31.833,,129.543,0.25,0.2,0.24,131.291,0.24,0.2,0.24,
01/01/2006,270.132,,-153.295,,116.837,,-74.621,77.507,,-2.886,42.216,-57.264,2.132,3.667,-1.535,0.0,55.132,-15.048,1.574,-13.474,-201.022,,,187.548,0.0,187.548,0.0,0.0,187.548,187.548,,129.663,1.45,-0.1,0.29,129.663,1.43,-0.1,0.28,
04/02/2006,355.454,,-213.767,,141.687,,-112.695,89.853,,22.842,28.992,0.173,-1.067,2.305,-3.372,0.0,0.894,29.165,-7.145,22.02,-1.597,,,23.617,0.0,23.617,0.0,0.0,23.617,23.617,,127.918,0.18,0.17,0.21,129.715,0.18,0.17,0.21,
07/02/2006,377.001,,-225.412,,151.589,,-117.691,92.655,,25.036,33.898,-0.019,-0.131,2.232,-2.363,0.0,0.15,33.879,-7.559,26.32,1.835,,,24.485,0.0,24.485,0.0,0.0,24.485,24.485,,126.119,0.19,0.21,0.24,127.401,0.19,0.21,0.24,
10/01/2006,386.917,,-230.976,,155.941,,-119.426,94.664,,24.762,36.515,0.223,0.233,2.152,-1.919,0.0,-0.456,36.738,-7.823,28.915,-0.838,,,29.753,0.0,29.753,0.0,0.0,29.753,29.753,,124.277,0.24,0.23,0.28,125.171,0.24,0.23,0.28,
12/31/2006,426.986,,-248.132,,178.854,,-126.756,99.677,,27.079,52.098,-1.144,0.732,2.468,-1.736,0.0,0.412,50.954,-9.885,41.069,-0.659,,,41.728,0.0,41.728,0.0,0.0,41.728,41.728,,123.76,0.34,0.33,0.39,123.76,0.34,0.33,0.38,
04/01/2007,402.9,,-242.833,,160.067,,-129.606,101.765,,27.841,30.461,-10.083,1.044,2.255,-1.211,0.0,9.039,20.378,-5.559,14.819,0.127,,,14.692,0.0,14.692,0.0,0.0,14.692,14.692,,121.685,0.12,0.12,0.23,123.263,0.12,0.12,0.23,
07/01/2007,437.29,,-262.642,,174.648,,-136.673,109.357,,27.316,37.975,6.699,2.416,3.509,-1.093,0.0,-9.115,44.674,-11.371,33.303,-0.384,,,33.687,0.0,33.687,0.0,0.0,33.687,33.687,,118.911,0.28,0.28,0.29,120.689,0.28,0.28,0.29,
09/30/2007,435.668,,-257.167,,178.501,,-134.097,106.406,,27.691,44.404,-3.848,3.045,4.122,-1.077,0.0,0.803,40.556,-9.454,31.102,0.357,,,30.745,0.0,30.745,0.0,0.0,30.745,30.745,,117.583,0.26,0.26,0.32,119.453,0.26,0.26,0.32,
12/30/2007,480.695,,-273.969,,206.726,,-152.594,125.74,,26.854,54.132,-10.086,4.132,5.439,-1.307,,5.954,44.046,8.878,52.924,0.362,,,52.562,0.0,52.562,0.0,0.0,52.562,52.562,4.34525,119.015,0.44,0.44,0.4765,119.015,0.44,0.44,0.4765,
03/30/2008,458.72,,-266.606,,192.114,0.0,-158.681,130.834,,27.847,33.433,-5.31,4.96,6.318,-1.358,,0.35,28.123,-7.384,20.739,0.601,,,20.138,0.0,20.138,0.0,0.0,20.138,20.138,,117.305,0.17,0.18,0.18,118.459,0.17,0.18,0.18,
06/29/2008,504.965,,-289.935,,215.03,0.0,-170.674,141.75,,28.924,44.356,-4.644,4.919,5.746,-0.827,,-0.275,39.712,-10.12,29.592,5.886,,,23.706,0.0,23.706,0.0,0.0,23.706,23.706,,117.811,0.2,0.25,0.25,119.263,0.2,0.25,0.25,
09/28/2008,478.747,,-273.124,,205.623,0.0,-155.992,129.8,,26.192,49.631,-12.544,5.307,6.371,-1.064,,7.237,37.087,4.596,41.683,-10.219,,,51.902,0.0,51.902,0.0,0.0,51.902,51.902,4.22175,118.347,0.44,0.35,0.38,119.609,0.43,0.35,0.38,
12/28/2008,499.87,,-281.524,,218.346,0.0,-146.261,120.951,,25.31,72.085,-29.301,23.491,24.265,-0.774,,5.81,42.784,-8.328,34.456,3.793,,,30.663,,30.663,0.0,0.0,30.663,30.663,0.13,117.417,0.26,0.29,0.29,117.417,0.26,0.29,0.29,
04/05/2009,435.157,435.157,-246.619,246.619,188.538,0.0,-163.217,129.135,26.234,7.848,25.321,-4.837,4.111,4.588,-0.477,,0.726,20.484,-5.802,14.682,4.123,4.123,0.0,10.559,0.0,10.559,0.0,0.0,10.559,21.67512,6.99312,116.408,0.09,0.13,0.1862,116.552,0.09,0.13,0.1862,
07/05/2009,438.27,438.27,-250.199,250.199,188.071,0.0,-149.851,124.039,25.812,0.0,38.22,-4.181,4.053,4.229,-0.176,,0.128,34.039,-10.799,23.24,1.735,1.735,0.0,21.505,0.0,21.505,0.0,0.0,21.505,23.435,0.195,116.063,0.19,0.2,0.201916,116.268,0.18,0.2,0.201677,
10/04/2009,377.036,377.036,-208.281,208.281,168.755,0.0,-146.852,112.755,23.301,10.796,21.903,-4.55,3.752,3.876,-0.124,,0.798,17.353,-4.025,13.328,-0.261,-0.261,0.0,13.589,0.0,13.589,0.0,0.0,13.589,22.65928,9.33128,116.211,0.12,0.11,0.194984,116.641,0.12,0.11,0.19,
01/03/2010,428.476,428.476,-234.633,234.633,193.843,0.0,-144.256,120.602,23.654,0.0,49.587,-2.829,3.666,3.924,-0.258,,-0.837,46.758,-13.838,32.92,-7.026,-7.026,0.0,39.946,0.0,39.946,0.0,0.0,39.946,33.635,0.715,116.9,0.34,0.281608,0.287725,116.9,0.34,0.28,0.286116,
04/04/2010,393.62,393.62,-218.354,218.354,175.266,0.0,-144.647,121.586,23.061,0.0,30.619,-3.122,3.622,3.803,-0.181,,-0.5,27.497,-7.861,19.636,-4.755,-4.755,0.0,24.391,0.0,24.391,0.0,0.0,24.391,20.81531,1.17931,117.189,0.21,0.17,0.177622,117.931,0.21,0.17,0.177622,
07/04/2010,421.613,421.613,-232.36,232.36,189.253,0.0,-156.009,123.254,22.922,9.833,33.244,21.653,3.78,3.949,-0.169,,-25.433,54.897,-7.718,47.179,-10.464,-10.464,0.0,57.643,0.0,57.643,0.0,0.0,57.643,39.9731,-7.2059,117.361,0.49,0.4,0.3406,118.304,0.49,0.4,0.33909,
10/03/2010,419.143,419.143,-233.36,233.36,185.783,0.0,-144.366,120.552,23.814,0.0,41.417,-6.68,3.993,4.185,-0.192,,2.687,34.737,-8.192,26.545,13.154,13.154,0.0,13.391,0.0,13.391,0.0,0.0,13.391,26.80435,0.25935,117.475,0.11,0.23,0.228171,118.207,0.11,0.22,0.222194,
01/02/2011,469.97,469.97,-261.294,261.294,208.676,0.0,-159.828,125.244,25.454,9.13,48.848,-3.468,3.664,3.954,-0.29,,-0.196,45.38,-2.242,43.138,-249.789,-249.789,0.0,292.927,0.0,292.927,0.0,0.0,292.927,49.963,6.825,117.487,2.49,0.37,0.425264,117.487,2.49,0.37,0.425264,
04/03/2011,447.178,447.178,-246.867,246.867,200.311,0.0,-158.88,132.695,26.185,0.0,41.431,-5.756,3.594,3.916,-0.322,,2.162,35.675,-8.384,27.291,2.378,2.378,0.0,24.913,0.0,24.913,0.0,0.0,24.913,29.696,2.405,113.998,0.22,0.24,0.260496,115.14,0.22,0.24,0.260496,
07/03/2011,479.065,479.065,-269.871,269.871,209.194,0.0,-169.775,138.403,28.032,3.34,39.419,-4.271,3.73,4.213,-0.483,,0.541,35.148,-6.047,29.101,-0.66,-0.66,0.0,29.761,0.0,29.761,0.0,0.0,29.761,36.576,7.475,112.494,0.26,0.26,0.325137,113.623,0.26,0.26,0.325137,
10/02/2011,452.935,452.935,-253.579,253.579,199.356,0.0,-163.221,133.119,30.102,0.0,36.135,-3.916,3.9,4.449,-0.549,,0.016,32.219,-4.215,28.004,-8.618,-8.618,0.0,36.622,0.0,36.622,0.0,0.0,36.622,48.9353,20.9313,112.703,0.32,0.25,0.434197,113.425,0.32,0.25,0.434197,
01/01/2012,539.33,539.33,-300.391,300.391,238.939,0.0,-264.796,220.176,31.502,13.118,-25.857,-12.831,11.675,12.205,-0.53,,1.156,-38.688,-44.536,-83.224,0.417,0.417,0.0,-83.641,0.0,-83.641,0.0,0.0,-83.641,-15.3822,67.8418,112.707,-0.74,-0.74,-0.13648,112.707,-0.74,-0.74,-0.138069,
04/01/2012,510.89,510.89,-278.876,278.876,232.014,0.0,-195.632,156.849,32.624,6.159,36.382,-12.83,11.227,11.437,-0.21,,1.603,23.552,-1.476,22.076,-0.493,-0.493,0.0,22.569,0.0,22.569,0.0,0.0,22.569,34.556,12.48,113.097,0.2,0.2,0.305543,114.119,0.2,0.19,0.29936,
07/01/2012,521.79,521.79,-282.996,282.996,238.794,0.0,-189.007,149.735,34.069,5.203,49.787,-11.358,11.189,11.339,-0.15,,0.169,38.429,-4.861,33.568,-0.065,-0.065,0.0,33.633,0.0,33.633,0.0,0.0,33.633,44.36125,10.79325,113.515,0.3,0.3,0.390796,114.578,0.29,0.29,0.3842,
09/30/2012,509.604,509.604,-278.864,278.864,230.74,0.0,-187.522,145.442,32.408,9.672,43.218,-11.872,11.286,11.36,-0.074,,0.586,31.346,-2.357,28.989,-0.605,-0.605,0.0,29.594,0.0,29.594,0.0,0.0,29.594,37.48515,8.49615,113.86,0.26,0.25,0.329221,114.998,0.26,0.25,0.323881,
12/30/2012,572.921,572.921,-311.263,311.263,261.658,0.0,-292.502,180.708,33.538,78.256,-30.844,-11.896,11.338,11.651,-0.313,,0.558,-42.74,26.548,-16.192,-0.336,-0.336,0.0,-15.856,0.0,-15.856,0.0,0.0,-15.856,57.8677,74.0597,114.44,-0.14,-0.14,0.50566,114.44,-0.14,-0.14,0.50566,
03/31/2013,505.378,505.378,-280.493,280.493,224.885,0.0,-188.984,151.497,34.177,3.31,35.901,-12.04,11.588,11.693,-0.105,,0.452,23.861,8.428,32.289,0.073,0.073,0.0,32.216,0.0,32.216,0.0,0.0,32.216,35.7431,3.4541,113.454,0.28,0.28,0.315045,114.716,0.28,0.28,0.31011,
06/30/2013,540.673,540.673,-299.011,299.011,241.662,0.0,-201.446,147.795,34.404,19.247,40.216,-12.865,11.849,11.913,-0.064,,1.016,27.351,-0.077,27.274,-0.651,-0.651,0.0,27.925,0.0,27.925,0.0,0.0,27.925,42.3657,15.0917,111.575,0.25,0.24,0.379706,112.718,0.25,0.24,0.373889,
09/29/2013,522.1,522.1,-288.832,288.832,233.268,0.0,-175.314,142.78,31.41,1.124,57.954,-12.34,11.585,11.704,-0.119,,0.755,45.614,-4.851,40.763,0.565,0.565,0.0,40.198,0.0,40.198,0.0,0.0,40.198,41.58265,0.81965,111.827,0.36,0.36,0.371848,113.115,0.36,0.36,0.367246,
12/29/2013,591.87,591.87,-315.1,315.1,276.77,0.0,-183.84,140.883,32.588,10.369,92.93,-26.865,14.252,14.614,-0.362,,12.613,66.065,7.39,73.455,6.582,6.582,0.0,66.873,0.0,66.873,0.0,0.0,66.873,70.6847,-2.7703,113.463,0.59,0.65,0.622976,113.463,0.59,0.65,0.622976,
03/30/2014,530.61,530.61,-294.897,294.897,235.713,0.0,-183.951,152.437,29.379,2.135,51.762,-11.289,9.125,9.219,-0.094,,2.164,40.473,-5.522,34.951,0.727,0.727,0.0,34.224,0.0,34.224,0.0,0.0,34.224,39.501,4.55,112.553,0.3,0.31,0.350955,113.777,0.3,0.31,0.349991,
06/29/2014,556.17,556.17,-308.186,308.186,247.984,0.0,-178.347,147.253,30.352,0.742,69.637,-8.964,8.928,9.079,-0.151,,0.036,60.673,-8.67,52.003,1.513,1.513,0.0,50.49,,50.49,0.0,0.0,50.49,55.513,3.51,112.788,0.45,0.46,0.492189,113.971,0.44,0.46,0.490797,
09/28/2014,542.049,542.049,-298.74,298.74,243.309,0.0,-184.533,142.997,30.444,11.092,58.776,-10.966,8.779,8.909,-0.13,,2.187,47.81,-4.912,42.898,0.621,0.621,0.0,42.277,0.0,42.277,0.0,0.0,42.277,50.633,7.735,112.646,0.38,0.38,0.449488,113.759,0.37,0.38,0.447995,
12/28/2014,608.39,608.39,-330.788,330.788,277.602,0.0,-247.035,216.648,30.966,-0.579,30.567,-9.92,8.771,9.063,-0.292,,1.149,20.647,10.667,31.314,0.527,0.527,0.0,30.787,0.0,30.787,0.0,0.0,30.787,83.11008,51.79608,113.448,0.27,0.28,0.732583,113.448,0.27,0.28,0.732583,
03/29/2015,526.901,526.901,-291.527,291.527,235.374,0.0,-177.993,145.873,32.12,0.0,57.381,-9.421,9.179,9.388,-0.209,,0.242,47.96,-7.649,40.311,-0.023,-0.023,0.0,40.334,,40.334,0.0,0.0,40.334,45.73735,5.42635,112.641,0.36,0.36,0.406045,113.439,0.36,0.36,0.406045,
06/28/2015,563.906,563.906,-311.394,311.394,252.512,0.0,-184.381,146.742,32.683,4.956,68.131,-10.843,9.17,9.302,-0.132,,1.673,57.288,-8.292,48.996,0.022,0.022,0.0,48.974,0.0,48.974,0.0,0.0,48.974,54.105,5.109,113.018,0.43,0.43,0.478729,113.833,0.43,0.43,0.474882,
10/04/2015,563.436,563.436,-308.833,308.833,254.603,0.0,-178.705,147.728,31.095,-0.118,75.898,-11.944,9.727,9.874,-0.147,,2.217,63.954,-9.057,54.897,0.034,0.034,0.0,54.863,0.0,54.863,0.0,0.0,54.863,55.027,0.13,112.632,0.49,0.49,0.488556,113.422,0.48,0.48,0.481146,
01/03/2016,569.903,569.903,-302.172,302.172,267.731,0.0,-190.508,155.324,26.432,8.752,77.223,-9.911,9.248,9.433,-0.185,,0.663,67.312,-3.92,63.392,-4.862,-4.862,0.0,68.254,0.0,68.254,0.0,0.0,68.254,77.2604,13.8684,112.263,0.61,0.56,0.688209,112.263,0.61,0.56,0.683535,
04/03/2016,498.016,498.016,-262.93,262.93,235.086,0.0,-174.509,144.538,29.971,0.0,60.577,-11.086,9.731,9.841,-0.11,,1.355,49.491,-7.747,41.744,-5.722,-5.722,0.0,47.466,0.0,47.466,0.0,0.0,47.466,43.109,1.365,110.409,0.43,0.38,0.390448,111.195,0.43,0.38,0.390448,
07/03/2016,536.242,536.242,-282.688,282.688,253.554,0.0,-187.288,150.952,31.868,4.468,66.266,-5.393,9.812,9.939,-0.127,,-4.419,60.873,-3.117,57.756,-6.101,-6.101,0.0,63.857,0.0,63.857,0.0,0.0,63.857,60.3157,2.5597,108.97,0.59,0.53,0.553507,109.844,0.58,0.53,0.553303,
10/02/2016,514.489,514.489,-265.939,265.939,248.55,0.0,-172.769,142.6,29.513,0.656,75.781,-11.263,10.874,10.998,-0.124,,0.389,64.518,-10.601,53.917,-4.21,-4.21,0.0,58.127,0.0,58.127,0.0,0.0,58.127,57.232,3.315,109.192,0.53,0.49,0.524141,110.078,0.53,0.49,0.520115,
01/01/2017,566.77,566.77,-290.607,290.607,276.163,0.0,-195.721,162.795,32.926,0.0,80.442,-11.256,10.409,10.75,-0.341,,0.847,69.186,-6.897,62.289,-2.56,-2.56,0.0,64.849,0.0,64.849,0.0,0.0,64.849,76.992,14.703,110.137,0.59,0.57,0.699057,110.137,0.59,0.57,0.699057,
04/02/2017,514.115,514.115,-274.359,274.359,239.756,0.0,-189.945,147.008,33.286,9.651,49.811,-9.828,10.644,10.864,-0.22,,-0.816,39.983,-3.921,36.062,-2.541,-2.541,0.0,38.603,0.0,38.603,0.0,0.0,38.603,46.137,10.075,109.468,0.35,0.33,0.421466,110.204,0.35,0.33,0.421421,
07/02/2017,546.962,546.962,-289.36,289.36,257.602,0.0,-183.419,149.859,33.56,0.0,74.183,-3.391,10.182,10.672,-0.49,,-6.791,70.792,-8.066,62.726,-141.343,-141.343,0.0,204.069,0.0,204.069,0.0,0.0,204.069,66.88665,4.16065,109.894,1.86,0.57,0.608647,110.762,1.84,0.57,0.607564,
10/01/2017,554.275,554.275,-285.308,285.308,268.967,0.0,-190.929,152.775,34.885,3.269,78.038,27.016,10.172,10.974,-0.802,,-37.188,105.054,-8.508,96.546,5.468,5.468,0.0,91.078,0.0,91.078,0.0,0.0,91.078,102.75545,6.20945,110.003,0.83,0.88,0.934115,110.993,0.82,0.87,0.925945,
12/31/2017,641.63,641.63,-334.201,334.201,307.429,0.0,-213.846,176.376,37.733,-0.263,93.583,-12.694,10.371,11.43,-1.059,,2.323,80.889,-119.333,-38.444,2.673,2.673,0.0,-41.117,0.0,-41.117,0.0,0.0,-41.117,81.50918,119.95318,110.064,-0.37,-0.35,0.740562,110.064,-0.37,-0.35,0.739849,
04/01/2018,643.972,643.972,-351.75,351.75,292.222,0.0,-252.287,199.725,45.984,6.578,39.935,-11.43,17.385,17.65,-0.265,,-5.955,28.505,-2.47,26.035,0.011,0.0,0.011,26.024,0.0,26.024,0.0,0.0,26.024,45.3183,19.2833,110.296,0.24,0.24,0.410879,111.33,0.23,0.23,0.403208,
07/01/2018,703.362,703.362,-363.222,363.222,340.14,0.0,-252.076,204.88,47.196,0.0,88.064,-16.356,16.238,16.411,-0.173,,0.118,71.708,-7.035,64.673,0.61,0.61,0.0,64.063,0.0,64.063,0.0,0.0,64.063,78.577,13.904,110.477,0.58,0.59,0.711252,111.452,0.57,0.58,0.704753,
09/30/2018,674.313,674.313,-341.986,341.986,332.327,0.0,-252.125,196.769,48.848,6.508,80.202,-2.161,16.368,16.684,-0.316,,-14.207,78.041,-2.596,75.445,-1.103,-1.103,0.0,76.548,0.0,76.548,0.0,0.0,76.548,68.85473,-6.59027,110.724,0.69,0.68,0.621859,111.747,0.69,0.68,0.621025,
12/30/2018,756.349,756.349,-380.099,380.099,376.25,0.0,-260.567,210.539,51.97,-1.942,115.683,-36.254,15.844,16.231,-0.387,,20.41,79.429,-8.107,71.322,0.03,0.0,0.03,71.292,0.0,71.292,0.0,0.0,71.292,85.40242,14.08042,111.609,0.64,0.64,0.765193,111.609,0.64,0.64,0.765193,
03/31/2019,648.737,648.737,-340.931,340.931,307.806,0.0,-254.476,198.857,47.98,7.639,53.33,-16.565,15.567,15.85,-0.283,,0.998,36.765,-1.312,35.453,0.041,0.0,0.041,35.412,0.0,35.412,0.0,0.0,35.412,47.56607,12.11307,110.543,0.32,0.32,0.430295,111.293,0.32,0.32,0.428839,
06/30/2019,722.517,722.517,-374.724,374.724,347.793,0.0,-256.058,201.553,48.344,6.161,91.735,-19.908,16.857,17.207,-0.35,,3.051,71.827,-2.686,69.141,0.054,0.0,0.054,69.087,0.0,69.087,0.0,0.0,69.087,79.67644,10.53544,110.845,0.62,0.62,0.71881,111.528,0.62,0.62,0.714465,
09/29/2019,706.923,706.923,-364.648,364.648,342.275,0.0,-263.615,204.171,45.376,14.068,78.66,-15.406,15.857,16.149,-0.292,,-0.451,63.254,-4.644,58.61,0.052,0.0,0.052,58.558,0.0,58.558,0.0,0.0,58.558,80.83134,22.22134,110.946,0.53,0.53,0.728565,111.559,0.52,0.53,0.728565,
12/29/2019,805.496,805.496,-407.315,407.315,398.181,0.0,-259.933,210.737,47.636,1.56,138.248,-72.952,13.851,14.421,-0.57,,59.101,65.296,-0.747,64.549,0.048,0.0,0.048,64.501,0.0,64.501,0.0,0.0,64.501,98.5348,33.9858,111.625,0.58,0.58,0.882731,111.625,0.58,0.58,0.882731,
04/05/2020,652.396,652.396,-344.373,344.373,308.023,0.0,-263.341,208.569,48.914,5.858,44.682,-9.993,13.4,13.665,-0.265,,-3.407,34.689,-0.974,33.715,0.05,0.0,0.05,33.665,0.0,33.665,0.0,0.0,33.665,39.798,6.083,111.121,0.3,0.3,0.35815,111.644,0.3,0.3,0.354486,
07/05/2020,811.718,811.718,-364.374,364.374,447.344,0.0,-271.705,221.026,49.521,1.158,175.639,-10.812,11.394,11.586,-0.192,,-0.582,164.827,-27.614,137.213,0.051,0.0,0.051,137.162,0.0,137.162,0.0,0.0,137.162,141.874,4.661,111.329,1.23,1.23,1.274367,111.869,1.23,1.23,1.271665,
09/30/2020,824.833,,,,456.132649,,,,,,202.333,,,,,,,194.5,,125.833,,,,,,125.833,,,125.833,160.0,,,1.15,1.15,1.428,,1.15,1.15,1.428,
12/31/2020,939.417,,,,513.23168961,,,,,,246.778,,,,,,,237.1,,150.167,,,,,,150.167,,,150.167,194.727,,,1.376,1.376,1.749,,1.376,1.376,1.749,
