Date,Net Revenue,Net Interest Income,Total Interest Income,Interest Income,Investment Income,Total Interest Expense,Total Non-Interest Income,Trading Securities G/L,Trading Account Profits/Losses,Investment & Loan Inc (Loss),Other Income (Loss),Commissions & Fees Earned,Other Operating Income (Losses),Provision for Loan Losses,Net Revenue after Provisions,Total Non-Interest Expense,Commissions & Fees Paid,Other Operating Expenses,Operating Income (Loss),Non-Operating (Income) Loss,Other Non-Op (Income) Loss,"Pretax Income (Loss), GAAP",Income Tax Expense (Benefit),Income (Loss) from Cont Ops,Net Extraordinary Losses (Gains),Discontinued Operations,XO & Accounting Changes,Income (Loss) Incl. MI,Minority Interest,"Net Income, GAAP",Preferred Dividends,Other Adjustments,"Net Income Avail to Common, GAAP","Net Income Avail to Common, Adj",Net Abnormal Losses (Gains),Basic Weighted Avg Shares,"Basic EPS, GAAP",Basic EPS from Cont Ops,"Basic EPS from Cont Ops, Adjusted",Diluted Weighted Avg Shares,"Diluted EPS, GAAP",Diluted EPS from Cont Ops,"Diluted EPS from Cont Ops, Adjusted",Source: Bloomberg
03/31/1990,487.080051,343.408051,1049.070038,748.267029,300.803009,-705.661987,143.672,6.103,,,,137.569,0.0,-108.871002,378.209049,-296.464996,0.0,296.464996,81.744003,8.172,-8.172,89.916003,-15.402,74.514,0.0,,,74.514003,0.0,74.514,-0.891,,73.623,73.623,,189.042007,0.39,0.39,,189.042007,0.39,0.39,0.39,
06/30/1990,495.337011,336.761017,1071.985016,753.63501,318.350006,-735.223999,158.575994,19.273001,,,,139.302994,0.0,-73.810997,421.526014,-285.76001,0.0,285.76001,135.766006,7.23,-7.23,142.996006,-34.146,108.849998,0.0,,,108.850007,0.0,108.849998,-0.863,,107.986998,107.986998,,189.578003,0.575,0.575,,189.578003,0.575,0.575,0.575,
09/30/1990,484.829005,338.040009,1069.462982,762.921997,306.540985,-731.422974,146.788996,3.449,,,,143.339996,0.0,-147.755997,337.073008,-302.197998,0.0,302.197998,34.875,30.344,-30.344,65.219,-9.326,55.893002,0.0,,,55.893,0.0,55.893002,-0.853,,55.040002,55.040002,,189.792007,0.295,0.295,,189.792007,0.295,0.295,0.295,
12/31/1990,474.696981,331.047974,1032.856995,735.833008,297.023987,-701.809021,143.649007,4.579,,,,139.070007,0.0,-430.069,44.627981,-331.434998,0.0,331.434998,-286.807007,18.101,-18.101,-268.706007,100.361,-168.345001,0.0,,,-168.345007,0.0,-168.345001,-0.851,,-169.196001,-169.196001,,190.461578,-0.895,-0.895,-0.895,190.461578,-0.895,-0.895,-0.895,
03/31/1991,517.409979,347.208984,981.596008,719.52301,262.072998,-634.387024,170.200994,24.663,,,,145.537994,0.0,-103.108002,414.301977,-308.097992,0.0,308.097992,106.204002,12.948,-12.948,119.152002,-30.754,88.398003,0.0,,,88.398003,0.0,88.398003,-0.845,,87.553003,87.553003,,192.298004,0.46,0.46,,192.298004,0.46,0.46,0.46,
06/30/1991,541.549999,358.960999,926.515015,668.27002,258.244995,-567.554016,182.589001,28.02,,,,154.569,0.0,-103.653999,437.896,-318.127991,0.0,318.127991,119.767998,13.17,-13.17,132.937998,-39.362999,93.574997,0.0,,,93.574999,0.0,93.574997,-0.819,,92.755997,92.755997,,193.888,0.48,0.48,,193.888,0.48,0.48,0.48,
09/30/1991,538.410002,360.328003,889.919006,626.072998,263.846008,-529.591003,178.081999,26.483,,,,151.598999,0.0,-148.899994,389.510008,-332.553009,0.0,332.553009,56.957001,98.982002,-98.982002,155.939003,-48.678001,107.261002,0.0,,,107.261002,0.0,107.261002,-0.82,,106.441002,106.441002,,194.932007,0.55,0.55,,194.932007,0.55,0.55,0.55,
12/31/1991,514.410012,368.700012,859.503021,575.049011,284.45401,-490.803009,145.71,0.044,,,,145.666,0.0,-72.375999,442.034013,-312.204987,0.0,312.204987,129.828995,10.343,-10.343,140.171995,-39.619999,100.552002,0.0,,,100.551996,0.0,100.552002,-0.811,,99.741002,99.741002,,204.03006,0.485,0.485,0.485,204.03006,0.485,0.485,0.485,
03/31/1992,617.862,386.287994,819.872986,521.416992,298.455994,-433.584991,231.574005,79.761002,,,,151.813004,0.0,-90.419998,527.442001,-346.554993,0.0,346.554993,180.886993,7.29,-7.29,188.176993,-62.702,125.474998,102.500992,,,22.974002,0.0,22.974001,,,22.974001,22.974001,,218.548004,0.1,0.57,,218.548004,0.1,0.57,0.57,
06/30/1992,616.835026,395.098022,780.757019,495.838013,284.919006,-385.658997,221.737003,47.858002,,,,155.177002,18.702,-100.185997,516.649029,-330.875,0.0,330.875,185.774002,0.0,0.0,185.774002,-58.195999,127.578003,0.0,,,127.578003,0.0,127.578003,,,127.578003,127.578003,,219.75,0.58,0.58,,219.75,0.58,0.58,0.58,
09/30/1992,624.95999,421.740997,796.44101,484.462006,311.979004,-374.700012,203.218992,19.605,,,,155.207993,28.406,-69.864998,555.094992,-362.299988,0.0,362.299988,192.794998,0.0,0.0,192.794998,-59.950001,132.845001,0.0,,,132.844997,0.0,132.845001,,,132.845001,132.845001,,223.647995,0.59,0.59,,223.647995,0.59,0.59,0.59,
12/31/1992,684.411008,454.165009,821.899994,488.373993,333.526001,-367.734985,230.245999,68.597,,,,158.473999,3.175,-63.060001,621.351007,-402.684998,0.0,402.684998,218.666,-7.29,7.29,211.376,-67.834,143.542007,0.0,,,143.542,0.0,143.542007,-3.051,,140.491007,140.491007,,233.904984,0.61,0.61,0.61,233.904984,0.61,0.61,0.61,
03/31/1993,724.350006,453.69101,793.553009,490.682007,302.871002,-339.862,270.658997,115.046997,,,,155.612,0.0,-61.417,662.933006,-387.015015,0.0,387.015015,275.917999,9.622,-9.622,285.539999,-98.528999,187.011002,19.393,,,167.618,0.0,167.617996,-0.119,,167.498996,167.498996,,235.914001,0.71,0.79,,235.914001,0.71,0.79,0.79,
06/30/1993,650.080022,455.646027,800.476013,478.209015,322.266998,-344.829987,194.433995,7.773,,,,166.078995,20.582001,-53.813999,596.266023,-345.14801,0.0,345.14801,251.117996,0.0,0.0,251.117996,-81.975998,169.141998,0.0,,,169.141998,0.0,169.141998,-0.119,,169.022998,169.022998,,236.560989,0.71,0.71,,236.560989,0.71,0.71,0.71,
09/30/1993,722.186028,457.982025,791.890015,481.915009,309.975006,-333.90799,264.204002,76.290001,,,,167.707001,20.207001,-50.021,672.165028,-345.914001,0.0,345.914001,326.251007,0.0,0.0,326.251007,-108.574997,217.675995,0.0,,,217.67601,0.0,217.675995,0.0,,217.675995,217.675995,,236.544006,0.92,0.92,,236.544006,0.92,0.92,0.92,
12/31/1993,677.666024,461.71402,815.20102,522.51001,292.69101,-353.487,215.952004,-4.631,,,,187.464005,33.118999,-38.692001,638.974023,-375.648987,0.0,375.648987,263.325012,-9.622,9.622,253.703012,-82.268997,171.434006,0.0,,,171.434015,0.0,171.434006,-1.762,,169.672006,169.672006,,236.427002,0.72,0.72,0.72,236.427002,0.72,0.72,0.72,
03/31/1994,940.517977,632.674988,1098.088989,1098.088989,,-465.414001,307.842989,31.655001,,,,,276.187988,-33.171001,907.346975,-546.815002,0.0,546.815002,360.532013,0.0,0.0,360.532013,-100.917999,259.614014,7.528,,,252.086013,0.0,252.085999,0.0,,252.085999,252.085999,,345.322998,0.73,0.75,,345.322998,0.73,0.75,0.75,
06/30/1994,935.630966,636.975952,1146.855957,1146.855957,,-509.880005,298.655014,-4.722,,,,,303.377014,-35.856998,899.773968,-536.512024,0.0,536.512024,363.261993,0.0,0.0,363.261993,-102.565002,260.696991,0.0,,,260.696991,0.0,260.696991,0.0,,260.696991,260.696991,,347.596008,0.75,0.75,,347.596008,0.75,0.75,0.75,
09/30/1994,927.53796,647.06897,1228.630981,1228.630981,,-581.562012,280.46899,-44.202,,,,,324.67099,-14.863,912.67496,-550.086975,0.0,550.086975,362.588013,0.0,0.0,362.588013,-97.771004,264.816986,0.0,,,264.817009,0.0,264.816986,0.0,,264.816986,264.816986,,348.442993,0.76,0.76,,348.442993,0.76,0.76,0.76,
12/31/1994,727.307052,575.274048,1249.571045,1249.571045,,-674.296997,152.033004,-124.313004,,,,,276.346008,0.433,727.740052,-555.906006,0.0,555.906006,171.834,-48.299999,48.299999,123.534001,-17.205999,106.328003,0.0,,,106.328002,0.0,106.328003,0.0,,106.328003,106.328003,,348.0,0.3,0.3,0.3,348.0,0.3,0.3,0.3,
03/31/1995,824.836956,539.279968,1261.276978,915.872986,345.403992,-721.997009,285.556988,1.254,,,,256.562988,27.74,-1.5,823.336956,-553.351013,0.0,553.351013,269.985992,0.0,0.0,269.985992,-90.439003,179.546997,0.0,,,179.546989,0.0,179.546997,-0.832,,178.714997,178.714997,,341.73999,0.52,0.52,,341.73999,0.52,0.52,0.52,
06/30/1995,836.071997,522.821991,1294.642975,957.047974,337.595001,-771.820984,313.250006,7.966,,,,279.100006,26.184,-1.5,834.571997,-542.663025,0.0,542.663025,291.908997,0.0,0.0,291.908997,-97.956001,193.953003,0.0,,,193.952995,0.0,193.953003,-0.832,,193.121003,193.121003,,337.458008,0.57,0.57,,337.458008,0.57,0.57,0.57,
09/30/1995,865.344983,527.018982,1293.508972,977.281982,316.22699,-766.48999,338.326001,0.044,,,,284.009003,54.272999,-1.5,863.844983,-547.434998,0.0,547.434998,316.410004,0.0,0.0,316.410004,-105.672997,210.737,0.0,,,210.737007,0.0,210.737,-0.832,,209.904999,209.904999,,338.983002,0.62,0.62,,338.983002,0.62,0.62,0.62,
12/31/1995,576.033973,552.747986,1300.002014,1016.299011,283.703003,-747.254028,23.285987,-288.958008,,,,215.136993,97.107002,-1.5,574.533973,-565.901001,0.0,565.901001,8.633,-259.925995,259.925995,-251.292995,75.115997,-176.177002,0.0,,,-176.176998,0.0,-176.177002,-0.831,,-177.008002,-177.008002,,336.95401,-0.52,-0.52,-0.52,336.95401,-0.52,-0.52,-0.52,
03/31/1996,928.418969,606.856979,1255.337997,1017.895996,237.442001,-648.481018,321.56199,2.943,,,,287.127991,31.490999,0.0,928.418969,-565.645996,0.0,565.645996,362.77301,0.0,0.0,362.77301,-124.453003,238.320007,0.0,,,238.320007,0.0,238.320007,-0.358,,237.962007,237.962007,,339.946014,0.7,0.7,0.7,342.872009,0.69,0.69,0.69,
06/30/1996,947.365002,610.779999,1243.141998,1010.890991,232.251007,-632.362,336.585004,3.904,,,,293.871002,38.810001,0.0,947.365002,-564.322021,0.0,564.322021,383.042999,0.0,0.0,383.042999,-134.992996,248.050003,0.0,,,248.050003,0.0,248.050003,-0.358,,247.692003,247.692003,,339.303986,0.73,0.73,0.73,343.022003,0.72,0.72,0.72,
09/30/1996,957.303982,608.929993,1216.630005,1008.901001,207.729004,-607.700012,348.373989,7.722,,,,301.144989,39.507,0.0,957.303982,-560.392029,0.0,560.392029,396.911987,-35.0,35.0,361.911987,-127.959,233.953003,0.0,,,233.952988,0.0,233.953003,-0.358,,233.595003,233.595003,,338.542999,0.69,0.69,0.757,340.535004,0.68,0.68,0.753,
12/31/1996,1005.912034,617.433044,1222.890015,1041.312012,181.578003,-605.45697,388.478989,7.431,,,,323.855988,57.192001,0.0,1005.912034,-586.640015,0.0,586.640015,419.272003,0.0,0.0,419.272003,-147.595001,271.677002,0.0,,,271.677002,0.0,271.677002,-4.926,,266.751002,266.751002,,333.438995,0.8,0.8,0.8,334.428009,0.79,0.79,0.79,
03/31/1997,1055.041029,629.925034,1242.156052,1085.95105,156.205002,-612.231018,425.115995,16.426001,,,,339.037994,69.652,-10.0,1045.041029,-629.247986,0.0,629.247986,415.79303,0.0,0.0,415.79303,-142.528,273.265045,0.0,,,273.26503,-6.956,266.309052,-4.875,,261.434052,261.434052,,321.752014,0.81,0.81,0.81,327.916992,0.8,0.8,0.8,
06/30/1997,1046.582044,613.175034,1257.160019,1118.124023,139.035995,-643.984985,433.40701,13.37,,,,355.264008,64.773003,-15.0,1031.582044,-628.965027,0.0,628.965027,402.617004,0.0,0.0,402.617004,-133.675003,268.942017,0.0,,,268.942001,-9.867,259.075012,-4.87,,254.205012,254.205012,,309.962006,0.82,0.82,0.82,315.817993,0.81,0.81,0.81,
09/30/1997,1065.566961,619.916946,1270.343948,1144.996948,125.347,-650.427002,445.650014,-2.657,,,,372.502014,75.805,-20.0,1045.566961,-625.366028,0.0,625.366028,420.200928,0.0,0.0,420.200928,-145.414001,274.786926,0.0,,,274.786926,-13.192,261.59494,-4.86,,256.73494,256.73494,,305.920013,0.84,0.84,0.84,311.846985,0.83,0.83,0.83,
12/31/1997,1135.80999,631.982986,1281.339981,1161.927979,119.412003,-649.356995,503.827003,21.861,,,,248.195999,233.770004,-25.0,1110.80999,-688.421021,0.0,688.421021,422.388977,0.0,0.0,422.388977,-144.382996,278.005981,0.0,,,278.005981,-12.985,265.020966,-4.395,,260.625966,260.625966,,303.200012,0.86,0.86,0.86,309.5,0.85,0.85,0.85,
03/31/1998,1143.0,637.0,1291.0,1176.0,115.0,-654.0,506.0,,,,,415.0,91.0,-30.0,1113.0,-708.0,,708.0,405.0,,,405.0,-136.0,269.0,,,,269.0,,269.0,,,269.0,269.0,,300.600006,0.88,0.88,0.88,306.100006,0.87,0.87,0.87,
06/30/1998,1200.0,631.0,1314.0,1208.0,106.0,-683.0,569.0,,,,,444.0,125.0,-35.0,1165.0,-739.0,,739.0,426.0,,,426.0,-146.0,280.0,0.0,,,280.0,0.0,280.0,,,280.0,280.0,,300.399994,0.92,0.92,0.92,305.700012,0.9,0.9,0.9,
09/30/1998,1175.0,646.0,1354.0,1251.0,103.0,-708.0,529.0,1.0,,,,442.0,86.0,-45.0,1130.0,-696.0,0.0,696.0,434.0,,,434.0,-153.0,281.0,0.0,,,281.0,0.0,281.0,,,281.0,281.0,,300.600006,0.92,0.92,0.92,304.200012,0.91,0.91,0.91,
12/31/1998,1456.0,659.0,1354.0,1253.0,101.0,-695.0,797.0,43.0,,,,614.0,140.0,-115.0,1341.0,-896.0,,896.0,445.0,,,445.0,-160.0,285.0,,,,285.0,,285.0,,,285.0,285.0,,301.5,0.93,0.93,0.93,304.7,0.92,0.92,0.92,
03/31/1999,1693.0,739.0,1311.0,1205.0,106.0,-572.0,954.0,0.0,,,,615.0,339.0,-78.0,1615.0,-734.0,0.0,734.0,436.0,50.0,-50.0,486.0,-156.0,330.0,-11.0,,,341.0,-16.0,325.0,-4.827,,320.173,320.173,,302.299988,1.06,1.02,0.91,305.496002,1.05,1.01,0.9,
06/30/1999,1340.0,706.0,1246.0,1116.0,130.0,-540.0,634.0,42.0,,,,506.0,86.0,-25.0,1315.0,-668.0,0.0,668.0,431.0,41.0,-41.0,472.0,-154.0,318.0,-13.0,,,331.0,-16.0,315.0,-4.821,,310.179,310.179,,297.399994,1.04,1.0,0.95,300.899994,1.03,0.99,0.94,
09/30/1999,1203.0,573.0,1254.0,1125.0,129.0,-552.0,630.0,2.0,,,,542.0,86.0,-30.0,1173.0,-640.0,0.0,640.0,447.0,27.0,-27.0,458.0,-159.0,315.0,-21.0,,,320.0,-16.0,320.0,-5.0,0.0,315.0,315.0,,294.5,1.07,1.0,0.94,297.6,1.06,0.99,0.93,
12/31/1999,1187.0,562.0,1137.0,1137.0,,-575.0,625.0,-22.0,,,,647.0,,-30.0,1157.0,-677.0,0.0,677.0,480.0,-59.0,59.0,421.0,-117.0,304.0,-17.0,,,321.0,-17.0,304.0,-4.352,,299.648,299.648,0.0,293.4,1.02,0.96,0.96,296.3,1.01,0.95,0.95,
03/31/2000,1283.0,555.0,1161.0,1003.0,158.0,-606.0,728.0,-3.0,,,,591.0,140.0,-31.0,1252.0,-776.0,0.0,776.0,476.0,0.0,0.0,476.0,-158.0,318.0,-6.0,,,324.0,-16.0,308.0,-5.0,0.0,303.0,303.0,,291.899994,1.04,1.02,1.02,294.100006,1.03,1.01,1.01,
06/30/2000,1273.0,545.0,1180.0,1031.0,149.0,-635.0,728.0,48.0,,,,601.0,79.0,-35.0,1238.0,-763.0,0.0,763.0,475.0,0.0,0.0,475.0,-159.0,316.0,-16.0,,,332.0,-17.0,315.0,-4.0,0.0,311.0,311.0,,289.804,1.07,1.01,1.01,292.189,1.06,1.01,1.01,
09/30/2000,1231.0,531.0,1201.0,1055.0,146.0,-670.0,700.0,4.0,,,,628.0,68.0,-30.0,1201.0,-730.0,0.0,730.0,471.0,,,454.0,-155.0,316.0,-23.0,,,322.0,-17.0,322.0,-5.0,0.0,317.0,317.0,,288.958,1.1,1.02,1.02,292.03,1.09,1.01,1.01,
12/31/2000,1268.0,533.0,1190.0,1053.0,137.0,-657.0,735.0,-29.0,,,,782.0,-18.0,-40.0,1228.0,-735.0,0.0,735.0,493.0,0.0,0.0,493.0,-162.0,331.0,-20.0,,,351.0,-17.0,334.0,-5.0,0.0,329.0,329.0,,289.2,1.14,1.07,1.07,292.9,1.13,1.06,1.06,
03/31/2001,1269.0,554.0,1172.0,1013.0,159.0,-618.0,715.0,-10.0,,,,653.0,72.0,-80.0,1189.0,-781.0,0.0,781.0,408.0,0.0,0.0,408.0,-135.0,273.0,0.0,,,273.0,-8.0,265.0,0.0,0.0,265.0,265.0,,289.0,0.9,0.9,1.0,293.0,0.89,0.89,0.99,
06/30/2001,1298.0,565.0,1079.0,871.0,208.0,-514.0,733.0,-13.0,,,,652.0,94.0,-45.0,1253.0,-794.0,0.0,794.0,459.0,0.0,0.0,459.0,-156.0,303.0,0.0,,,303.0,-8.0,295.0,0.0,0.0,295.0,295.0,,288.0,1.01,1.01,1.01,291.0,1.0,1.0,1.0,
09/30/2001,1285.0,565.0,984.0,805.0,179.0,-419.0,720.0,75.0,,,,568.0,77.0,-110.0,1175.0,-791.0,0.0,791.0,384.0,0.0,0.0,384.0,-128.0,256.0,0.0,,,256.0,-9.0,247.0,0.0,0.0,247.0,247.0,,286.0,0.85,0.85,0.85,289.0,0.84,0.84,0.84,
12/31/2001,1062.0,578.0,902.0,704.0,198.0,-324.0,484.0,-100.0,,,,521.0,63.0,-668.0,394.0,-1048.0,0.0,1048.0,-654.0,0.0,0.0,-654.0,232.0,-422.0,0.0,,,-422.0,-8.0,-430.0,-12.0,0.0,-442.0,-442.0,,283.0,-1.52,-1.52,1.09,286.0,-1.52,-1.52,1.08,
03/31/2002,1380.0,590.0,858.0,629.0,229.0,-268.0,790.0,2.0,,,,715.0,73.0,-82.0,1298.0,-807.0,0.0,807.0,491.0,0.0,0.0,491.0,-164.0,327.0,0.0,,,327.0,-10.0,317.0,,0.0,317.0,317.0,,283.0,1.12,1.12,1.12,285.0,1.11,1.11,1.11,
06/30/2002,1425.0,555.0,804.0,614.0,190.0,-249.0,870.0,3.0,,,,767.0,100.0,-89.0,1336.0,-839.0,0.0,839.0,497.0,0.0,0.0,497.0,-165.0,332.0,0.0,,,332.0,-12.0,320.0,0.0,0.0,320.0,320.0,,283.0,1.13,1.13,1.13,285.0,1.12,1.12,1.12,
09/30/2002,1299.0,528.0,769.0,605.0,164.0,-241.0,771.0,46.0,,,,661.0,64.0,-73.0,1226.0,-790.0,0.0,790.0,436.0,0.0,0.0,436.0,-147.0,289.0,0.0,,,289.0,-4.0,285.0,0.0,0.0,285.0,285.0,,284.0,1.0,1.0,1.0,285.0,1.0,1.0,1.0,
12/31/2002,1277.0,524.0,741.0,573.0,168.0,-217.0,753.0,-13.0,,,,700.0,66.0,-65.0,1212.0,-778.0,0.0,778.0,434.0,0.0,0.0,434.0,-145.0,289.0,16.0,,,273.0,-11.0,262.0,0.0,0.0,262.0,262.0,,284.0,0.92,0.97,0.97,286.0,0.92,0.97,0.97,
03/31/2003,1298.0,503.0,692.0,549.0,143.0,-189.0,795.0,52.0,,,,673.0,70.0,-36.0,1262.0,-856.0,0.0,856.0,406.0,0.0,0.0,406.0,-133.0,273.0,0.0,,,273.0,-11.0,262.0,0.0,0.0,262.0,262.0,,282.71,0.93,0.93,0.93,284.187,0.92,0.92,0.92,
06/30/2003,1297.0,521.0,692.0,537.0,155.0,-171.0,776.0,9.0,,,,681.0,86.0,-57.0,1240.0,-935.0,0.0,935.0,305.0,0.0,0.0,305.0,-108.0,197.0,0.0,,,197.0,-13.0,184.0,0.0,,184.0,184.0,,281.0,0.65,0.65,0.96,282.0,0.65,0.65,0.96,
09/30/2003,1312.0,487.0,668.0,519.0,149.0,-181.0,825.0,19.0,,,,707.0,99.0,-50.0,1262.0,-827.0,0.0,827.0,435.0,0.0,0.0,435.0,-152.0,283.0,0.0,,,283.0,-2.0,281.0,0.0,0.0,281.0,281.0,,278.374,1.01,1.01,1.01,280.091,1.0,1.0,1.0,
12/31/2003,1346.0,485.0,660.0,507.0,153.0,-175.0,861.0,11.0,,,,721.0,129.0,-34.0,1312.0,-858.0,0.0,858.0,454.0,0.0,0.0,454.0,-146.0,308.0,28.0,,,280.0,-6.0,274.0,-1.0,0.0,273.0,273.0,,276.0,0.99,1.09,1.09,278.0,0.98,1.08,1.08,
03/31/2004,1333.0,494.0,666.0,522.0,144.0,-172.0,839.0,22.0,,,,761.0,56.0,-12.0,1321.0,-879.0,0.0,879.0,442.0,56.0,-56.0,498.0,-163.0,335.0,0.0,,,335.0,-7.0,328.0,0.0,0.0,328.0,328.0,,282.237,1.16,1.16,1.03,284.458,1.15,1.15,1.02,
06/30/2004,1382.0,481.0,658.0,528.0,130.0,-177.0,901.0,49.0,,,,764.0,88.0,-8.0,1374.0,-910.0,0.0,910.0,464.0,9.0,-9.0,473.0,-158.0,315.0,,,,315.0,-11.0,304.0,0.0,,304.0,304.0,,280.823,1.08,1.08,1.06,282.866,1.07,1.07,1.05,
09/30/2004,1324.0,491.0,685.0,546.0,139.0,-194.0,833.0,27.0,,,,725.0,81.0,-13.0,1311.0,-911.0,0.0,911.0,400.0,-65.0,65.0,335.0,-90.0,245.0,0.0,,,245.0,13.0,258.0,0.0,0.0,258.0,258.0,,280.81,0.92,0.92,1.06,282.822,0.91,0.91,1.05,
12/31/2004,1407.0,503.0,743.0,589.0,154.0,-240.0,904.0,19.0,,,,769.0,116.0,-19.0,1388.0,-949.0,,949.0,439.0,,,439.0,-127.0,312.0,,,,312.0,-5.0,307.0,,,307.0,307.0,14.0,281.0,1.09,1.09,1.14,283.0,1.08,1.08,1.13,
03/31/2005,1479.0,506.0,804.0,631.0,173.0,-298.0,973.0,23.0,,,,821.0,129.0,-8.0,1471.0,-999.0,0.0,999.0,472.0,0.0,0.0,472.0,-112.0,360.0,0.0,,,360.0,-6.0,354.0,0.0,0.0,354.0,354.0,,281.0,1.26,1.26,1.1,284.0,1.24,1.24,1.08,
06/30/2005,1459.0,534.0,901.0,702.0,199.0,-367.0,925.0,-14.0,,,,868.0,71.0,27.0,1486.0,-1016.0,0.0,1016.0,470.0,-20.0,20.0,450.0,-159.0,291.0,0.0,,,291.0,-9.0,282.0,0.0,0.0,282.0,282.0,,285.0,0.99,0.99,1.06,288.0,0.98,0.98,1.05,
09/30/2005,1656.0,559.0,995.0,776.0,219.0,-436.0,1063.0,47.0,47.0,,,913.0,103.0,-16.0,1640.0,-1092.0,,1092.0,548.0,-48.0,48.0,500.0,-152.0,348.0,,,,348.0,-14.0,334.0,-1.0,0.0,333.0,333.0,,289.0,1.16,1.16,1.26,292.0,1.14,1.14,1.24,
12/31/2005,1706.0,555.0,1034.0,801.0,233.0,-479.0,1151.0,61.0,,,,993.0,97.0,-24.0,1682.0,-1126.0,0.0,1126.0,556.0,0.0,0.0,556.0,-181.0,375.0,0.0,,,375.0,-20.0,355.0,0.0,0.0,355.0,355.0,,290.0,1.22,1.22,1.22,294.0,1.2,1.2,1.2,
03/31/2006,1741.0,556.0,1066.0,823.0,243.0,-510.0,1185.0,60.0,,,,1038.0,87.0,-22.0,1719.0,-1171.0,0.0,1171.0,548.0,0.0,0.0,548.0,-181.0,367.0,0.0,,,367.0,-13.0,354.0,0.0,0.0,354.0,354.0,,292.0,1.21,1.21,1.21,296.0,1.19,1.19,1.19,
06/30/2006,1786.0,556.0,1126.0,871.0,255.0,-570.0,1184.0,55.0,55.0,,,1033.0,96.0,-44.0,1742.0,-1145.0,0.0,1145.0,597.0,0.0,0.0,597.0,-197.0,400.0,0.0,,,400.0,-19.0,381.0,0.0,0.0,381.0,381.0,,293.0,1.3,1.3,1.3,297.0,1.28,1.28,1.28,
09/30/2006,1676.0,567.0,1203.0,932.0,271.0,-636.0,1039.0,38.0,38.0,,,982.0,19.0,-16.0,1660.0,-1106.0,0.0,1106.0,554.0,2078.0,-2078.0,2316.0,-837.0,1479.0,0.0,,,1479.0,5.0,1484.0,0.0,0.0,1484.0,1484.0,,291.0,5.09,5.09,1.3,296.0,5.01,5.01,1.28,
12/31/2006,1545.0,566.0,1217.0,937.0,280.0,-651.0,966.0,33.0,33.0,,,820.0,113.0,-42.0,1503.0,-969.0,0.0,969.0,534.0,-10.0,10.0,524.0,-148.0,376.0,0.0,,,376.0,,376.0,0.0,0.0,376.0,376.0,,291.0,1.29,1.29,1.32,295.0,1.27,1.27,1.3,
03/31/2007,1562.0,623.0,1315.0,1005.0,310.0,-692.0,939.0,81.0,,,,761.0,97.0,-8.0,1554.0,-931.0,0.0,931.0,623.0,39.0,-39.0,662.0,-203.0,459.0,0.0,,,459.0,0.0,459.0,0.0,0.0,459.0,459.0,-25.0,308.0,1.49,1.49,1.41,312.0,1.46,1.46,1.38,
06/30/2007,1714.0,738.0,1554.0,1199.0,355.0,-816.0,973.0,29.0,29.0,,,846.0,98.0,-54.0,1660.0,-1024.0,0.0,1024.0,636.0,-1.0,1.0,619.0,-196.0,423.0,0.0,,,423.0,,423.0,0.0,0.0,423.0,423.0,,342.0,1.24,1.24,1.27,346.0,1.22,1.22,1.25,
09/30/2007,1801.0,761.0,1627.0,1261.0,366.0,-866.0,995.0,33.0,33.0,,,876.0,86.0,-65.0,1736.0,-1056.0,0.0,1056.0,680.0,-50.0,50.0,587.0,-180.0,407.0,0.0,,,407.0,,407.0,0.0,0.0,407.0,407.0,,337.0,1.21,1.21,1.39,340.0,1.19,1.19,1.37,
12/31/2007,1755.0,793.0,1670.0,1272.0,398.0,-877.0,942.0,-10.0,-10.0,,,889.0,63.0,-188.0,1567.0,-1052.0,0.0,1052.0,515.0,-128.0,128.0,226.0,-48.0,178.0,0.0,,,178.0,,178.0,0.0,0.0,178.0,178.0,,338.0,0.53,0.53,1.08,341.0,0.52,0.52,1.07,
03/31/2008,1821.0,854.0,1619.0,1215.0,404.0,-765.0,967.0,41.0,,,,856.0,70.0,-151.0,1670.0,-1035.0,-188.0,1223.0,635.0,0.0,0.0,635.0,-251.0,384.0,0.0,,,384.0,-7.0,377.0,0.0,0.0,377.0,377.0,,339.0,1.11,1.11,0.9,342.0,1.09,1.09,0.88,
06/30/2008,2039.0,977.0,1577.0,1158.0,419.0,-600.0,1062.0,-1.0,,,,857.0,206.0,-186.0,1853.0,-1103.0,-57.0,1160.0,750.0,0.0,0.0,750.0,-233.0,517.0,0.0,,,517.0,-12.0,505.0,0.0,0.0,505.0,505.0,,344.0,1.47,1.47,1.39,347.0,1.45,1.45,1.37,
09/30/2008,1654.0,1000.0,1574.0,1127.0,447.0,-574.0,654.0,-74.0,,,,861.0,-133.0,-190.0,1464.0,-1131.0,0.0,1131.0,333.0,0.0,0.0,333.0,-74.0,259.0,0.0,,,259.0,-11.0,248.0,0.0,0.0,248.0,248.0,,345.0,0.718841,0.718841,0.718841,348.0,0.712644,0.712644,0.712644,
12/31/2008,1468.0,1000.0,1541.0,1065.0,476.0,-541.0,468.0,-172.0,,,,499.0,141.0,-990.0,478.0,-529.0,,529.0,-51.0,-430.0,430.0,-481.0,210.0,-271.0,-25.0,,,-246.0,-2.0,-248.0,-21.0,0.0,-269.0,-269.0,,348.0,-0.77,-0.84,-0.7,350.0,-0.77,-0.84,-0.7,
03/31/2009,3686.0,2320.0,3259.0,2570.0,689.0,-939.0,1366.0,-93.0,0.0,-93.0,0.0,1405.0,54.0,-880.0,2806.0,-2158.0,0.0,2158.0,648.0,0.0,0.0,648.0,-128.0,520.0,-10.0,-10.0,0.0,530.0,-4.0,526.0,-4.0,-62.0,460.0,416.05,-33.95,443.0,1.04,1.02,0.939165,444.0,1.03,1.01,0.933536,
06/30/2009,3803.0,2193.0,3000.0,2328.0,672.0,-807.0,1610.0,27.0,0.0,27.0,0.0,1288.0,295.0,-1087.0,2716.0,-2492.0,0.0,2492.0,224.0,0.0,0.0,224.0,-29.0,195.0,-12.0,-12.0,0.0,207.0,-9.0,198.0,-119.0,-14.0,65.0,231.1,178.1,451.0,0.14,0.11,0.512417,453.0,0.14,0.11,0.503157,
09/30/2009,3853.0,2224.0,2888.0,2204.0,684.0,-664.0,1629.0,39.0,0.0,39.0,0.0,1279.0,311.0,-914.0,2939.0,-2214.0,0.0,2214.0,725.0,0.0,0.0,725.0,-185.0,540.0,-19.0,-19.0,0.0,559.0,20.0,579.0,-99.0,-13.0,467.0,505.2,57.2,460.0,1.01,0.97,1.098261,461.0,1.0,0.96,1.084078,
12/31/2009,4886.0,2346.0,2939.0,2296.0,643.0,-593.0,2540.0,0.0,0.0,0.0,0.0,1137.0,1403.0,-1049.0,3837.0,-2209.0,0.0,2209.0,1628.0,0.0,0.0,1628.0,-525.0,1103.0,-4.0,-4.0,0.0,1107.0,37.0,1144.0,-119.0,-14.0,1011.0,421.0,-586.0,460.0,2.19,2.18,0.915217,462.0,2.17,2.16,0.891602,
03/31/2010,3763.0,2379.0,2905.0,2282.0,623.0,-526.0,1384.0,-26.0,0.0,-26.0,0.0,1170.0,240.0,-751.0,3012.0,-2113.0,0.0,2113.0,899.0,0.0,0.0,899.0,-251.0,648.0,-23.0,-23.0,0.0,671.0,5.0,676.0,-93.0,-250.0,333.0,383.0,73.0,498.0,0.67,0.62,0.769076,500.0,0.66,0.61,0.756,
06/30/2010,3912.0,2435.0,2873.0,2301.0,572.0,-438.0,1477.0,53.0,0.0,53.0,0.0,1207.0,217.0,-823.0,3089.0,-2002.0,0.0,2002.0,1087.0,0.0,0.0,1087.0,-306.0,781.0,-22.0,-22.0,0.0,803.0,9.0,812.0,-25.0,-1.0,786.0,829.0,65.0,524.0,1.49,1.45,1.582061,527.0,1.47,1.43,1.55334,
09/30/2010,3598.0,2215.0,2701.0,2109.0,592.0,-486.0,1383.0,50.0,0.0,50.0,0.0,1140.0,193.0,-486.0,3112.0,-2158.0,0.0,2158.0,954.0,0.0,0.0,954.0,-179.0,775.0,-328.0,-328.0,0.0,1103.0,-2.0,1101.0,-4.0,-3.0,1094.0,828.0,62.0,523.0,2.08,1.45,1.583174,526.0,2.07,1.45,1.567871,
12/31/2010,3903.0,2201.0,2671.0,2069.0,602.0,-470.0,1702.0,24.0,0.0,24.0,0.0,1284.0,394.0,-442.0,3461.0,-2340.0,0.0,2340.0,1121.0,0.0,0.0,1121.0,-301.0,820.0,0.0,0.0,0.0,820.0,3.0,823.0,-24.0,-1.0,798.0,745.0,-53.0,524.0,1.52,1.52,1.421756,526.0,1.5,1.5,1.39924,
03/31/2011,3631.0,2176.0,2583.0,2005.0,578.0,-407.0,1455.0,3.0,0.0,3.0,0.0,1109.0,343.0,-421.0,3210.0,-2070.0,0.0,2070.0,1140.0,0.0,0.0,1140.0,-308.0,832.0,0.0,0.0,0.0,832.0,5.0,837.0,-4.0,0.0,833.0,833.0,0.0,524.0,1.59,1.59,1.59,526.0,1.57,1.57,1.57,
06/30/2011,3602.0,2150.0,2547.0,1998.0,549.0,-397.0,1452.0,43.0,0.0,43.0,0.0,1143.0,266.0,-280.0,3322.0,-2176.0,0.0,2176.0,1146.0,0.0,0.0,1146.0,-234.0,912.0,0.0,0.0,0.0,912.0,1.0,913.0,-25.0,0.0,888.0,891.0,3.0,524.0,1.69,1.69,1.700382,527.0,1.67,1.67,1.675693,
09/30/2011,3544.0,2175.0,2530.0,2019.0,511.0,-355.0,1369.0,33.0,,33.0,0.0,1142.0,194.0,-261.0,3283.0,-2140.0,,2140.0,1143.0,0.0,0.0,1143.0,-309.0,834.0,0.0,0.0,0.0,834.0,-4.0,830.0,-4.0,0.0,826.0,826.0,0.0,524.0,1.57,1.57,1.57,526.0,1.55,1.55,1.55,
12/31/2011,3549.0,2199.0,2534.0,2011.0,523.0,-335.0,1350.0,18.0,,18.0,0.0,1082.0,250.0,-190.0,3359.0,-2719.0,,2719.0,640.0,0.0,0.0,640.0,-147.0,493.0,0.0,0.0,0.0,493.0,-17.0,476.0,-24.0,-1.0,451.0,469.0,18.0,524.0,0.86,0.86,0.895038,526.0,0.85,0.85,0.884221,
03/31/2012,3732.0,2291.0,2597.0,2071.0,526.0,-306.0,1441.0,19.0,0.0,19.0,0.0,1137.0,285.0,-185.0,3547.0,-2455.0,0.0,2455.0,1092.0,0.0,0.0,1092.0,-281.0,811.0,0.0,0.0,0.0,811.0,-6.0,805.0,-39.0,0.0,766.0,855.0,89.0,526.0,1.45,1.45,1.625475,529.0,1.44,1.44,1.608242,
06/30/2012,3623.0,2526.0,2796.0,2269.0,527.0,-270.0,1097.0,28.0,0.0,28.0,0.0,829.0,240.0,-256.0,3367.0,-2648.0,0.0,2648.0,719.0,0.0,0.0,719.0,-173.0,546.0,0.0,0.0,0.0,546.0,5.0,551.0,-25.0,0.0,526.0,583.0,57.0,527.0,1.0,1.0,1.106262,530.0,0.98,0.98,1.087547,
09/30/2012,4088.0,2399.0,2670.0,2166.0,504.0,-271.0,1689.0,16.0,0.0,16.0,0.0,1267.0,406.0,-228.0,3860.0,-2650.0,0.0,2650.0,1210.0,0.0,0.0,1210.0,-285.0,925.0,0.0,0.0,0.0,925.0,14.0,939.0,-63.0,0.0,876.0,799.0,-77.0,526.0,1.66,1.66,1.519011,529.0,1.64,1.64,1.494442,
12/31/2012,4069.0,2424.0,2671.0,2193.0,478.0,-247.0,1645.0,30.0,0.0,30.0,0.0,1095.0,520.0,-318.0,3751.0,-2829.0,0.0,2829.0,922.0,0.0,0.0,922.0,-203.0,719.0,0.0,0.0,0.0,719.0,-1.0,718.0,-54.0,0.0,664.0,635.95,-28.05,526.0,1.26,1.26,1.20903,528.0,1.24,1.24,1.186875,
03/31/2013,3955.0,2389.0,2611.0,2141.0,470.0,-222.0,1566.0,4.0,0.0,4.0,0.0,1251.0,311.0,-236.0,3719.0,-2368.0,0.0,2368.0,1351.0,0.0,0.0,1351.0,-356.0,995.0,0.0,0.0,0.0,995.0,8.0,1003.0,-75.0,0.0,928.0,927.0,-1.0,526.0,1.76,1.76,1.762357,528.0,1.74,1.74,1.738106,
06/30/2013,4064.0,2258.0,2469.0,2047.0,422.0,-211.0,1806.0,57.0,0.0,57.0,0.0,1294.0,455.0,-157.0,3907.0,-2405.0,0.0,2405.0,1502.0,0.0,0.0,1502.0,-387.0,1115.0,0.0,0.0,0.0,1115.0,-4.0,1111.0,-53.0,0.0,1058.0,979.0,-79.0,528.0,2.0,2.0,1.854167,531.0,1.98,1.98,1.831224,
09/30/2013,3920.0,2234.0,2448.0,2025.0,423.0,-214.0,1686.0,19.0,0.0,19.0,0.0,1307.0,360.0,-137.0,3783.0,-2394.0,0.0,2394.0,1389.0,0.0,0.0,1389.0,-361.0,1028.0,0.0,0.0,0.0,1028.0,-2.0,1026.0,-71.0,0.0,955.0,900.65,-54.35,529.0,1.8,1.8,1.702552,534.0,1.77,1.77,1.668221,
12/31/2013,4073.0,2266.0,2479.0,2045.0,434.0,-213.0,1807.0,3.0,0.0,3.0,0.0,1421.0,383.0,-113.0,3960.0,-2514.0,0.0,2514.0,1446.0,0.0,0.0,1446.0,-372.0,1074.0,0.0,0.0,0.0,1074.0,-13.0,1061.0,-50.0,0.0,1011.0,1000.6,-10.4,530.0,1.9,1.9,1.887925,535.0,1.87,1.87,1.850561,
03/31/2014,3777.0,2195.0,2410.0,1983.0,427.0,-215.0,1582.0,8.0,0.0,8.0,0.0,1263.0,311.0,-94.0,3683.0,-2264.0,0.0,2264.0,1419.0,0.0,0.0,1419.0,-359.0,1060.0,0.0,0.0,0.0,1060.0,2.0,1062.0,-70.0,0.0,992.0,961.0,-31.0,532.0,1.86,1.86,1.806391,539.0,1.82,1.82,1.762486,
06/30/2014,3810.0,2129.0,2356.0,1944.0,412.0,-227.0,1681.0,-6.0,0.0,-6.0,0.0,1366.0,321.0,-72.0,3738.0,-2328.0,0.0,2328.0,1410.0,0.0,0.0,1410.0,-358.0,1052.0,0.0,0.0,0.0,1052.0,-3.0,1049.0,-48.0,0.0,1001.0,969.0,-32.0,532.0,1.88,1.88,1.821429,539.0,1.85,1.85,1.790631,
09/30/2014,3841.0,2104.0,2328.0,1941.0,387.0,-224.0,1737.0,0.0,0.0,,0.0,1424.0,313.0,-55.0,3786.0,-2357.0,0.0,2357.0,1429.0,0.0,0.0,1429.0,-391.0,1038.0,0.0,0.0,0.0,1038.0,-1.0,1037.0,-71.0,0.0,966.0,1001.1,35.1,529.0,1.82,1.82,1.892439,537.0,1.79,1.79,1.855363,
12/31/2014,3947.0,2097.0,2337.0,1939.0,398.0,-240.0,1850.0,-7.0,0.0,-7.0,0.0,1409.0,448.0,-52.0,3895.0,-2539.0,0.0,2539.0,1356.0,0.0,0.0,1356.0,-299.0,1057.0,0.0,0.0,0.0,1057.0,-21.0,1036.0,-48.0,-2.0,986.0,899.9,-86.1,524.0,1.88,1.88,1.717366,532.0,1.84,1.84,1.678158,
03/31/2015,3731.0,2072.0,2319.0,1913.0,406.0,-247.0,1659.0,42.0,0.0,42.0,0.0,1348.0,269.0,-54.0,3677.0,-2349.0,0.0,2349.0,1328.0,0.0,0.0,1328.0,-324.0,1004.0,0.0,0.0,0.0,1004.0,-1.0,1003.0,-70.0,0.0,933.0,933.0,0.0,521.0,1.79,1.79,1.79,529.0,1.75,1.75,1.75,
06/30/2015,3866.0,2052.0,2305.0,1898.0,407.0,-253.0,1814.0,8.0,0.0,8.0,0.0,1439.0,367.0,-46.0,3820.0,-2366.0,0.0,2366.0,1454.0,0.0,0.0,1454.0,-410.0,1044.0,0.0,0.0,0.0,1044.0,-4.0,1040.0,-48.0,0.0,992.0,1011.5,19.5,517.0,1.92,1.92,1.95648,525.0,1.88,1.88,1.917143,
09/30/2015,3775.0,2062.0,2341.0,1918.0,423.0,-279.0,1713.0,-9.0,0.0,-9.0,0.0,1398.0,324.0,-81.0,3694.0,-2352.0,0.0,2352.0,1342.0,0.0,0.0,1342.0,-269.0,1073.0,0.0,0.0,0.0,1073.0,-18.0,1055.0,-64.0,0.0,991.0,991.0,0.0,512.0,1.93,1.93,1.93,520.0,1.9,1.9,1.9,
12/31/2015,3853.0,2092.0,2358.0,1915.0,443.0,-266.0,1761.0,2.0,0.0,2.0,0.0,1425.0,334.0,-74.0,3779.0,-2396.0,0.0,2396.0,1383.0,0.0,0.0,1383.0,-361.0,1022.0,0.0,0.0,0.0,1022.0,-14.0,1008.0,-43.0,-4.0,961.0,930.45,-30.55,506.0,1.9,1.9,1.838834,513.0,1.87,1.87,1.810448,
03/31/2016,3665.0,2098.0,2407.0,1945.0,462.0,-309.0,1567.0,9.0,0.0,9.0,0.0,1261.0,297.0,-152.0,3513.0,-2281.0,0.0,2281.0,1232.0,0.0,0.0,1232.0,-289.0,943.0,0.0,0.0,0.0,943.0,-19.0,924.0,-65.0,0.0,859.0,830.4,-28.6,501.0,1.7,1.7,1.657485,507.0,1.68,1.68,1.62359,
06/30/2016,3794.0,2068.0,2384.0,1928.0,456.0,-316.0,1726.0,4.0,0.0,4.0,0.0,1462.0,260.0,-127.0,3667.0,-2360.0,0.0,2360.0,1307.0,0.0,0.0,1307.0,-318.0,989.0,0.0,0.0,0.0,989.0,-23.0,966.0,-43.0,0.0,923.0,902.85,-20.15,497.0,1.84,1.84,1.8166,503.0,1.82,1.82,1.77994,
09/30/2016,3829.0,2095.0,2408.0,1957.0,451.0,-313.0,1734.0,7.0,0.0,7.0,0.0,1475.0,252.0,-87.0,3742.0,-2394.0,0.0,2394.0,1348.0,0.0,0.0,1348.0,-342.0,1006.0,0.0,0.0,0.0,1006.0,-18.0,988.0,-64.0,0.0,924.0,924.0,0.0,490.0,1.87,1.87,1.87,496.0,1.84,1.84,1.84,
12/31/2016,3874.0,2130.0,2453.0,1996.0,457.0,-323.0,1744.0,0.0,0.0,,0.0,1449.0,295.0,-67.0,3807.0,-2441.0,0.0,2441.0,1366.0,0.0,0.0,1366.0,-319.0,1047.0,0.0,0.0,0.0,1047.0,-22.0,1025.0,-42.0,-1.0,982.0,982.0,0.0,487.0,2.01,2.01,2.01,494.0,1.97,1.97,1.97,
03/31/2017,3884.0,2160.0,2520.0,2027.0,493.0,-360.0,1724.0,0.0,0.0,0.0,0.0,1423.0,301.0,-88.0,3796.0,-2402.0,0.0,2402.0,1394.0,0.0,0.0,1394.0,-320.0,1074.0,0.0,0.0,0.0,1074.0,-17.0,1057.0,-63.0,-21.0,973.0,973.0,0.0,487.0,1.99,1.99,1.99,492.0,1.96,1.96,1.96,
06/30/2017,4060.0,2258.0,2674.0,2179.0,495.0,-416.0,1802.0,13.0,0.0,13.0,0.0,1498.0,291.0,-98.0,3962.0,-2479.0,0.0,2479.0,1483.0,0.0,0.0,1483.0,-386.0,1097.0,0.0,0.0,0.0,1097.0,-10.0,1087.0,-55.0,-2.0,1030.0,1030.0,0.0,484.0,2.12,2.12,2.12,488.0,2.1,2.1,2.1,
09/30/2017,4125.0,2345.0,2795.0,2294.0,501.0,-450.0,1780.0,-1.0,0.0,-1.0,0.0,1434.0,347.0,-130.0,3995.0,-2456.0,0.0,2456.0,1539.0,0.0,0.0,1539.0,-413.0,1126.0,0.0,0.0,0.0,1126.0,-12.0,1114.0,-64.0,0.0,1050.0,1050.0,0.0,479.0,2.18,2.18,2.18,483.0,2.16,2.16,2.16,
12/31/2017,4260.0,2345.0,2825.0,2316.0,509.0,-480.0,1915.0,0.0,0.0,,0.0,1756.0,159.0,-125.0,4135.0,-3061.0,0.0,3061.0,1074.0,0.0,0.0,1074.0,1017.0,2091.0,0.0,0.0,0.0,2091.0,-11.0,2080.0,-55.0,-2.0,2023.0,1112.0,-911.0,476.0,4.23,4.23,2.336134,480.0,4.18,4.18,2.282083,
03/31/2018,4111.0,2361.0,2918.0,2406.0,512.0,-557.0,1750.0,-1.0,0.0,-1.0,0.0,1505.0,246.0,-92.0,4019.0,-2527.0,0.0,2527.0,1492.0,0.0,0.0,1492.0,-253.0,1239.0,0.0,0.0,0.0,1239.0,-10.0,1229.0,-63.0,-1.0,1165.0,1165.0,0.0,473.0,2.45,2.45,2.45,476.0,2.43,2.43,2.43,
06/30/2018,4324.0,2413.0,3082.0,2525.0,557.0,-669.0,1911.0,-3.0,0.0,-3.0,0.0,1577.0,337.0,-80.0,4244.0,-2584.0,0.0,2584.0,1660.0,0.0,0.0,1660.0,-304.0,1356.0,0.0,0.0,0.0,1356.0,-10.0,1346.0,-55.0,-1.0,1290.0,1290.0,0.0,469.0,2.74,2.74,2.74,472.0,2.72,2.72,2.72,
09/30/2018,4357.0,2466.0,3223.0,2639.0,584.0,-757.0,1891.0,-1.0,0.0,-1.0,0.0,1590.0,302.0,-88.0,4269.0,-2608.0,0.0,2608.0,1661.0,0.0,0.0,1661.0,-261.0,1400.0,0.0,0.0,0.0,1400.0,-11.0,1389.0,-63.0,-1.0,1325.0,1325.0,0.0,465.0,2.84,2.84,2.84,467.0,2.82,2.82,2.82,
12/31/2018,4340.0,2481.0,3359.0,2751.0,608.0,-878.0,1859.0,5.0,0.0,5.0,0.0,1534.0,320.0,-148.0,4192.0,-2577.0,0.0,2577.0,1615.0,0.0,0.0,1615.0,-264.0,1351.0,0.0,0.0,0.0,1351.0,-14.0,1337.0,-55.0,-1.0,1281.0,1281.0,0.0,461.0,2.77,2.77,2.77,463.0,2.75,2.75,2.75,
03/31/2019,4286.0,2475.0,3428.0,2808.0,620.0,-953.0,1811.0,13.0,0.0,13.0,0.0,1503.0,295.0,-189.0,4097.0,-2578.0,0.0,2578.0,1519.0,0.0,0.0,1519.0,-248.0,1271.0,0.0,0.0,0.0,1271.0,-10.0,1261.0,-63.0,-1.0,1197.0,1197.0,0.0,455.0,2.62,2.62,2.62,456.0,2.61,2.61,2.61,
06/30/2019,4439.0,2498.0,3497.0,2868.0,629.0,-999.0,1941.0,20.0,0.0,20.0,0.0,1574.0,347.0,-180.0,4259.0,-2611.0,0.0,2611.0,1648.0,0.0,0.0,1648.0,-274.0,1374.0,0.0,0.0,0.0,1374.0,-12.0,1362.0,-55.0,-1.0,1306.0,1306.0,0.0,451.0,2.89,2.89,2.89,452.0,2.88,2.88,2.88,
09/30/2019,4493.0,2504.0,3503.0,2886.0,617.0,-999.0,1989.0,3.0,0.0,3.0,0.0,1647.0,339.0,-183.0,4310.0,-2623.0,0.0,2623.0,1687.0,0.0,0.0,1687.0,-295.0,1392.0,0.0,0.0,0.0,1392.0,-13.0,1379.0,-63.0,-1.0,1315.0,1315.0,0.0,444.0,2.95,2.95,2.95,445.0,2.94,2.94,2.94,
12/31/2019,4609.0,2488.0,3334.0,2774.0,560.0,-846.0,2121.0,12.0,0.0,12.0,0.0,1665.0,444.0,-221.0,4388.0,-2762.0,0.0,2762.0,1626.0,0.0,0.0,1626.0,-245.0,1381.0,0.0,0.0,0.0,1381.0,-14.0,1367.0,-55.0,-1.0,1311.0,1311.0,0.0,437.0,2.993151,2.993151,2.993151,438.0,2.993151,2.993151,2.993151,
03/31/2020,4517.0,2511.0,3200.0,2618.0,582.0,-689.0,2006.0,182.0,0.0,182.0,0.0,1663.0,161.0,-914.0,3603.0,-2543.0,0.0,2543.0,1060.0,0.0,0.0,1060.0,-145.0,915.0,0.0,0.0,0.0,915.0,-7.0,908.0,-63.0,-1.0,844.0,844.0,0.0,429.0,1.96,1.96,1.96,430.0,1.95,1.95,1.95,
06/30/2020,4076.0,2527.0,2855.0,2328.0,527.0,-328.0,1549.0,40.0,0.0,40.0,0.0,1278.0,231.0,-2463.0,1613.0,-2515.0,0.0,2515.0,-902.0,0.0,0.0,-902.0,158.0,-744.0,-4399.0,-4399.0,0.0,3655.0,-7.0,3648.0,-55.0,-1.0,3592.0,-807.0,0.0,426.0,8.4,-1.9,-1.9,426.0,8.4,-1.9,-1.9,
09/30/2020,3990.75,,,,,,,,,,,,,,,,,,,,,864.4,,630.8,,,,,,630.8,,,630.8,719.0,,,1.74,1.74,1.63,,1.74,1.74,1.63,
12/31/2020,4053.75,,,,,,,,,,,,,,,,,,,,,808.267,,634.556,,,,,,634.556,,,634.556,593.6,,,1.456,1.456,1.454,,1.456,1.456,1.454,
