Date,Revenue,Revenue From Electric,Regulated Electric Revenue,Unregulated Electric Revenue,Other Electric Revenue,Revenue from Gas,Revenue from Water,Other Revenue,Intracompany Revenue,Cost of Revenue,Fuel & Purchased Power Cost,Fuel Cost,Purchased Power Cost,Purchased Gas & Water Cost,Other Cost of Revenue,Gross Profit,Operating Expenses,Maintenance Expenses,Depreciation Expenses,Taxes Other Than Income,Other Operating Expense,Operating Income (Loss),Non-Operating (Income) Loss,"Interest Expense, Net",Total Interest Income,AFUDC - Equity,Interest Income,Interest Expense,Interest Expenses on Bonds,AFUDC - Debts,Other Interest Expenses,Other Non-Op (Income) Loss,Pretax Income,Income Tax Expense (Benefit),Income (Loss) from Cont Ops,Net Extraordinary Losses (Gains),Discontinued Operations,XO & Accounting Changes,Income (Loss) Incl. MI,Minority Interest,"Net Income, GAAP",Preferred Dividends,Other Adjustments,"Net Income Avail to Common, GAAP","Net Income Avail to Common, Adj",Net Abnormal Losses (Gains),Basic Weighted Avg Shares,"Basic EPS, GAAP",Basic EPS from Cont Ops,"Basic EPS from Cont Ops, Adjusted",Diluted Weighted Avg Shares,"Diluted EPS, GAAP",Diluted EPS from Cont Ops,"Diluted EPS from Cont Ops, Adjusted",Source: Bloomberg
03/31/1990,355.493988,342.589996,,,,0.0,0.0,12.904,,-68.185997,68.185999,53.660999,14.525,0.0,,287.307991,-190.305,92.608002,53.27,44.426998,,97.002991,-57.750992,,,1.405,,86.576001,83.581001,-3.027,6.022,-27.420009,39.251999,-15.496,20.945999,0.0,,,23.755999,0.0,20.945999,-7.87,,13.075999,13.075999,,86.733002,0.15,0.15,0.15,86.733002,0.15,0.15,0.15,
06/30/1990,418.411987,353.802002,,,,0.0,0.0,64.610001,,-71.962997,71.963,59.514,12.449,0.0,,346.44899,-261.757996,112.342003,53.122002,48.323002,47.971001,84.691002,-67.813001,,,0.789,,90.055,86.510002,-1.698,5.243,-21.452999,16.878001,-6.936,9.942,0.0,,,9.942001,0.0,9.942,-7.814,,2.128,2.128,,86.752998,0.02,0.02,0.02,86.752998,0.02,0.02,0.02,
09/30/1990,474.591003,472.270996,,,,0.0,0.0,2.32,,-89.490997,89.491001,77.290001,12.201,0.0,,385.100006,-204.031998,105.500999,53.242001,57.757999,-12.469,181.067993,-72.037002,,,1.073,,87.440002,85.720001,-2.313,4.033,-14.33,109.030991,-45.798,63.233002,-1.476,,,64.708991,0.0,64.709,-7.761,,56.948,56.948,,86.752998,0.66,0.64,0.64,86.752998,0.66,0.64,0.64,
12/31/1990,348.141998,339.661987,,,,0.0,0.0,8.48,,-59.408001,59.407999,52.210999,7.197,0.0,,288.733997,-195.014999,97.896004,54.257,48.324001,-5.462,93.719002,-77.113004,,,0.775,,84.799004,82.709999,-1.667,3.756,-6.911,16.605998,-9.459,7.147,-25.648999,,,32.795998,0.0,32.796001,-7.615,,25.181002,25.181002,,86.831001,0.29,-0.01,-0.01,86.831001,0.29,-0.01,-0.01,
03/31/1991,332.321991,330.645996,,,,0.0,0.0,1.676,,-60.292999,60.292999,51.646999,8.646,0.0,,272.028992,-198.935002,92.400002,55.201,51.334,,73.09399,-48.58999,,,0.83,,82.404998,80.114998,-2.019,4.309,-32.985008,24.504,-9.401,13.443,0.0,,,15.103,0.0,13.443,-7.939,,5.504,5.504,,86.878998,0.06,0.06,0.06,86.878998,0.06,0.06,0.06,
06/30/1991,362.471985,358.244995,,,,0.0,0.0,4.227,,-60.556999,60.557001,51.873001,8.684,0.0,,301.914986,-216.031001,107.885002,55.888,52.257999,,85.883985,-49.725984,,,0.641,,86.299001,80.595001,-1.646,7.35,-35.932017,36.158001,-12.419,22.457001,0.0,,,23.739001,0.0,22.457001,-8.662,,13.795001,13.795001,,86.958,0.16,0.16,0.16,86.958,0.16,0.16,0.16,
09/30/1991,474.735992,471.384003,,,,0.0,0.0,3.352,,-84.217003,84.217001,63.144001,21.073,0.0,,390.518989,-193.835999,83.891998,52.985001,56.959,,196.68299,-46.809988,,,1.199,,79.415003,78.523003,-1.466,2.358,-31.406015,149.873002,-61.577999,85.897003,0.0,,,88.295003,0.0,85.897003,-8.445,,77.452003,77.452003,,86.955002,0.89,0.89,0.89,86.955002,0.89,0.89,0.89,
12/31/1991,305.019989,301.578003,,,,0.0,0.0,3.442,,-68.704002,68.704,57.319,11.385,0.0,,236.315987,-803.52301,117.558998,54.936001,54.990002,576.038025,-567.20697,-90.516999,,,1.232,,77.973999,77.049004,-1.505,2.43,13.775,-657.723969,229.014008,-428.709991,-153.455002,,,-275.254959,0.0,-275.255005,-8.358,,-283.613005,-283.613005,,86.998001,-3.26,-5.02,-5.02,86.998001,-3.26,-5.02,-5.02,
03/31/1992,347.269989,344.946991,,,,0.0,0.0,2.323,,-55.861,55.861002,45.962002,9.899,0.0,,291.408989,-204.001007,96.403999,54.583,50.237,2.777,87.407997,-58.479002,,,0.706,,74.995003,73.686996,-1.227,2.535,-15.81,28.928995,-12.842,16.087,0.0,,,16.086995,0.0,16.087,-8.324,,7.763,7.763,,87.019997,0.09,0.09,0.09,87.019997,0.09,0.09,0.09,
06/30/1992,412.906006,409.011993,,,,0.0,0.0,3.894,,-66.750999,66.750999,53.042,13.709,0.0,,346.155006,-208.076004,93.643997,54.769001,53.57,6.093,138.078995,-56.922997,,,0.846,,72.045998,69.977997,-1.209,3.277,-14.277,81.155998,-34.337002,46.819,0.0,,,46.818996,0.0,46.819,-8.093,,38.726,38.726,,87.042999,0.44,0.44,0.44,87.042999,0.44,0.44,0.44,
09/30/1992,526.33197,516.960022,,,,0.0,0.0,9.372,,-93.166,93.165998,71.294998,21.871,0.0,,433.16597,-218.542999,92.695999,55.436001,58.948002,11.463,214.623001,-49.625001,,,0.869,,67.052002,65.001999,-1.153,3.203,-16.558001,164.998,-71.582001,93.416,0.0,,,93.415999,0.0,93.416,-8.11,,85.306001,85.306001,,87.050003,0.98,0.98,0.98,87.050003,0.98,0.98,0.98,
12/31/1992,403.130005,398.76001,,,,0.0,0.0,4.37,,-71.422997,71.423,59.895,11.528,0.0,,331.707008,-224.339996,107.767998,55.287998,54.307999,6.976,107.366997,-57.960001,,,0.682,,66.373001,63.573002,-0.903,3.703,-7.731,49.406996,-22.837,26.57,-6.0,,,32.569996,0.0,32.57,-7.925,,24.645,24.645,,88.017998,0.28,0.21,0.21,88.017998,0.28,0.21,0.21,
03/31/1993,375.10199,371.303009,,,,0.0,0.0,3.799,,-65.503998,65.504,55.007999,10.496,0.0,,309.597992,-202.263,91.111,55.726002,51.556,3.87,107.334999,-45.489998,,,0.652,,64.419998,61.417999,-0.886,3.888,-18.278,61.845001,-26.482,35.362999,-19.252001,,,54.615001,0.0,54.615002,-7.889,,46.726002,46.726002,,87.160004,0.54,0.32,0.32,87.160004,0.54,0.32,0.32,
06/30/1993,413.652008,407.375,,,,0.0,0.0,6.277,,-71.606003,71.605999,55.028999,16.577,0.0,,342.046005,-212.891006,94.191002,55.821999,54.668999,8.209,129.154999,-47.516998,,,0.758,,66.907997,63.932999,-1.08,4.055,-18.632999,81.638001,-35.091,46.547001,0.0,,,46.547001,0.0,46.547001,-7.648,,38.899001,38.899001,,87.193001,0.45,0.45,0.45,87.193001,0.45,0.45,0.45,
09/30/1993,534.575989,524.482971,,,,0.0,0.0,10.093,,-95.514,95.513998,67.170998,28.343,0.0,,439.061989,-231.108002,101.156998,56.063999,62.001999,11.885,207.953995,-46.666004,,,0.684,,64.271004,60.060001,-0.806,5.017,-16.921,161.287991,-67.260002,94.028,0.0,,,94.027988,0.0,94.028,-7.294,,86.734,86.734,,87.272003,0.99,0.99,0.99,87.272003,0.99,0.99,0.99,
12/31/1993,395.208008,383.128998,,,,0.0,0.0,12.079,,-67.921997,67.922002,54.226002,13.696,0.0,,327.286011,-239.076996,114.757004,55.945999,54.118,14.256,88.209,-43.716,,,0.232,,62.714001,60.549999,-1.381,3.545,-18.766001,44.493,-19.613001,24.879999,0.0,,,24.879999,0.0,24.879999,-8.009,,16.870999,16.870999,,87.339996,0.19,0.19,0.19,87.339996,0.19,0.19,0.19,
03/31/1994,374.600006,365.175995,,,,0.0,0.0,9.424,,-68.030998,68.030998,57.967999,10.063,0.0,,306.569008,-218.098999,97.621002,58.195,53.622002,8.661,88.470001,-38.127999,,,0.846,,59.183998,56.363998,-1.167,3.987,-20.209999,50.342002,-21.212999,29.129,0.0,,,29.129003,0.0,29.129,-7.51,,21.618999,21.618999,,87.417999,0.25,0.25,0.25,87.417999,0.25,0.25,0.25,
06/30/1994,433.023987,417.588013,,,,0.0,0.0,15.436,,-76.393997,76.394001,60.09,16.304001,0.0,,356.62999,-239.300995,108.444,57.952999,57.301998,15.602,117.329002,-25.141,,,0.977,,59.828999,57.202,-1.35,3.977,-33.710999,92.188002,-36.514,55.674,0.0,,,55.674002,0.0,55.674,-6.972,,48.702,48.702,,87.418999,0.56,0.56,0.56,87.418999,0.56,0.56,0.56,
09/30/1994,583.900024,570.427002,,,,0.0,0.0,13.473,,-95.567001,95.567003,70.035004,25.532,0.0,,488.333023,-242.897003,102.944,59.132,65.549004,15.272,245.436005,-67.325002,,,1.014,,65.538002,63.021,-1.401,3.918,2.801,178.111003,-78.211998,99.899002,0.0,,,99.899005,0.0,99.899002,-5.908,,93.991002,93.991002,,87.408997,1.08,1.08,1.08,87.408997,1.08,1.08,1.08,
12/30/1994,293.897003,272.97699,,,,0.0,0.0,20.92,,-60.696999,60.696998,49.009998,11.687,0.0,,233.200004,-150.664993,102.912003,62.046001,34.547001,20.254,82.535004,-54.312999,,,1.104,,55.001999,53.223,-1.524,3.303,0.415,28.222005,12.969,41.191002,0.0,,,41.191005,0.0,41.191002,-4.884,,36.307002,36.307002,,87.398003,0.41,0.41,0.41,87.398003,0.41,0.41,0.41,
03/31/1995,346.114014,336.967987,,,,0.0,0.0,9.146,,-54.919998,54.919999,46.709999,8.21,0.0,,291.194016,-195.494995,91.431999,60.847,35.721001,7.495,95.698997,-50.382,,,1.186,,56.16,54.919998,-1.996,3.236,-4.592,45.316998,-15.887,29.43,0.0,,,29.429998,0.0,29.43,-4.807,,24.623,24.623,,87.392998,0.28,0.28,0.28,87.392998,0.28,0.28,0.28,
06/30/1995,393.196014,380.178009,,,,0.0,0.0,13.018,,-62.637001,62.637001,44.823002,17.813999,0.0,,330.559013,-203.384995,94.250999,60.842999,35.435001,12.856,127.174004,-52.170001,,,1.348,,54.839001,52.676998,-2.355,4.517,-1.321,75.004003,-27.979,47.025002,0.0,,,47.025003,0.0,47.025002,-4.776,,42.249002,42.249002,,87.403,0.48,0.48,0.48,87.403,0.48,0.48,0.48,
09/30/1995,558.791016,549.08197,,,,0.0,0.0,9.709,,-92.253998,92.253996,68.714996,23.539,0.0,,466.537018,-205.488998,97.565002,61.625,35.498001,10.801,261.048004,-66.642,,,1.111,,54.625,51.355,-2.13,5.4,13.128,194.406004,-75.136002,119.269997,0.0,,,119.270002,0.0,119.269997,-4.775,,114.494997,114.494997,,87.415001,1.31,1.31,1.31,87.415001,1.31,1.31,1.31,
12/30/1995,371.696991,348.723999,,,,0.0,0.0,22.973,,-59.987,59.987,48.68,11.307,0.0,,311.709991,-233.207001,,60.674,35.775002,136.757996,78.502998,-46.522998,,,1.337,,51.578999,50.341,-2.584,3.822,-3.719,31.98,-8.963,23.017,11.571001,,,11.445999,0.0,11.446,-4.776,,6.67,6.67,,87.457001,0.08,0.21,0.21,87.457001,0.08,0.21,0.21,
03/31/1996,361.255005,345.260986,,,,0.0,0.0,15.994,,-56.271999,56.271999,42.334,13.938,0.0,,304.983006,-198.421005,87.742996,58.935001,34.201,17.542,106.561996,-44.176002,,,1.675,,47.518002,45.909,-3.237,4.846,-1.667,62.385995,-23.049999,39.335999,3.597,,,35.738996,0.0,35.738998,-4.477,,31.261998,31.261998,,87.449997,0.36,0.4,0.4,87.449997,0.36,0.4,0.4,
06/30/1996,452.808014,426.65799,,,,0.0,0.0,26.15,,-79.754997,79.755001,57.289001,22.466,0.0,,373.053017,-220.959,100.295998,59.341999,35.509998,25.811001,152.093994,-47.689002,,,2.003,,48.712002,44.674999,-2.164,6.201,0.98,104.404992,-38.625,65.779999,2.471,,,63.308992,0.0,63.308998,-4.326,,58.982998,58.982998,,87.419998,0.67,0.7,0.7,87.419998,0.67,0.7,0.7,
09/30/1996,598.791016,566.898987,,,,0.0,0.0,31.892,,-108.036003,108.035995,68.242996,39.792999,0.0,,490.755013,-244.955002,100.386002,91.143997,25.028999,28.396,245.800003,-44.498999,,,1.942,,46.168999,41.366001,-2.021,6.824,0.272,201.301004,-75.741997,125.558998,14.271999,,,111.287008,0.0,111.287003,-4.153,,107.134003,107.134003,,87.440002,1.23,1.39,1.39,88.0,1.22,1.38,1.38,
12/31/1996,404.906006,379.45401,,,,0.0,0.0,25.452,,-81.459999,81.460001,62.527,18.933001,0.0,,323.446007,-284.042999,142.289001,90.085999,27.337,24.330999,39.403,-50.887999,,,-0.411,,43.313999,39.507999,-2.087,5.893,7.163,-11.484999,8.961,-2.524,9.539,,,-12.062999,0.0,-12.063,-4.136,,-16.199,-16.199,,87.458,-0.19,-0.08,-0.08,87.458,-0.19,-0.08,-0.08,
03/31/1997,398.563995,379.020996,,,,0.0,0.0,19.542999,,-85.469002,85.469002,51.122002,34.347,0.0,,313.094994,-230.623993,88.015999,92.601997,30.243999,19.761999,82.471001,-35.895,,,0.0,,40.118,39.451,-3.834,4.501,-4.223,46.576001,-17.568001,29.007999,0.0,,,29.008,0.0,29.007999,-3.626,,25.381999,25.381999,,87.418999,0.29,0.29,0.29,87.418999,0.29,0.29,0.29,
06/30/1997,488.917,458.751,,,,0.0,0.0,30.166,,-99.31,99.31,55.627,43.683,0.0,,389.607,-239.583,89.162,91.809,30.311,28.301,150.024,-37.043,,,0.0,,41.866,40.453,-4.56,5.973,-4.823,112.981,-42.604,70.377,0.0,,,70.377,0.0,70.377,-3.195,,67.182,67.182,,85.156,0.79,0.79,0.79,86.131,0.78,0.78,0.78,
09/30/1997,663.75,632.820984,,,,0.0,0.0,30.929001,,-158.529999,158.530003,48.379002,110.151001,0.0,,505.220001,-261.765991,110.101997,91.594002,30.583,29.487,243.453995,-39.244,,,0.0,,41.181,40.775002,-3.997,4.403,-1.937,204.209995,-76.886002,127.323997,0.0,,,127.323993,0.0,127.323997,-2.984,,124.339998,124.339998,,84.748001,1.47,1.47,1.47,85.164001,1.46,1.46,1.46,
12/31/1997,443.795013,407.959991,,,,0.0,0.0,35.834999,,-93.318001,93.318001,46.213001,47.105,0.0,,350.477012,-268.920013,,92.279999,30.408001,146.231995,81.556999,-46.384001,,,0.0,,39.970001,39.991001,-3.817,3.796,6.414,35.172998,-13.223,21.950001,0.0,,,21.949998,0.0,21.950001,-2.998,,18.952001,18.952001,,84.726997,0.21,0.21,0.21,84.726997,0.21,0.21,0.21,
03/31/1998,414.584,380.423,,,,0.0,0.0,34.161,,-73.917,73.917,73.917,,0.0,,340.667,-249.83,,92.83,30.348,126.652,90.837,-33.907,,,0.0,,38.266,42.922,-4.656,,-4.359,56.93,-22.966,33.964,0.0,,,33.964,0.0,33.964,-2.878,,31.086,31.086,,84.785309,0.37,0.37,0.37,85.332159,0.36,0.36,0.36,
06/30/1998,470.631,441.715,,,,0.0,0.0,28.916,,-95.585,95.585,95.585,,0.0,,375.046,-252.441,,93.585,29.93,128.926,122.605,-37.375,,,0.0,,37.567,42.441,-4.874,,-0.192,85.23,-33.798,51.432,0.0,,,51.432,0.0,51.432,-2.435,,48.997,48.997,,84.81079,0.58,0.58,0.58,85.416069,0.57,0.57,0.57,
09/30/1998,759.01001,740.734009,,,,0.0,0.0,18.275999,,-252.699005,252.699005,252.699005,,0.0,,506.311005,-254.473007,110.259003,94.981003,30.412001,18.820999,251.837997,-38.825999,,,0.0,,37.314999,42.046001,-4.731,,1.511,213.011999,-83.384003,129.628006,0.0,,,129.627996,0.0,129.628006,-2.347,,127.281006,127.281006,,84.769997,1.5,1.5,1.5,85.327003,1.49,1.49,1.49,
12/31/1998,486.360992,443.526001,,,,0.0,0.0,42.834999,,-115.300003,115.300003,115.300003,,0.0,,371.060989,-269.213013,104.653,98.282997,26.216,40.061001,101.848,-39.832001,,,0.0,,37.401001,42.241001,-4.84,,2.431,62.015999,-24.445,37.570999,0.0,,,37.570999,0.0,37.570999,-2.043,,35.527999,35.527999,,84.730003,0.42,0.42,0.42,85.760002,0.42,0.42,0.42,
03/31/1999,438.516,413.983,,,,0.0,0.0,24.533,,-99.241,99.241,99.241,,0.0,,339.275,-247.647,,96.91,29.447,121.319,91.77,-39.203,,,0.0,,36.695,40.769,-4.074,0.0,2.508,52.567,-20.861,31.706,0.0,,,31.706,0.0,30.69,-1.016,,29.674,29.674,,84.67,0.36,0.36,0.36,85.176,0.36,0.36,0.36,
06/30/1999,544.131,511.434,,,,0.0,0.0,32.697,,-132.543,132.543,132.543,,0.0,,411.588,-262.62,106.234,97.383,29.602,29.401,148.968,-36.517,,,0.0,,36.916,41.105,-4.189,,-0.399,112.451,-43.749,68.702,0.0,,,68.702,0.0,68.702,,,68.702,68.702,,84.716,0.81,0.81,0.81,85.093,0.81,0.81,0.81,
09/30/1999,894.27,867.63,,,,0.0,0.0,26.64,,-396.614,396.614,396.614,,0.0,,497.656,-257.362,110.082,95.068,25.455,26.757,240.294,-36.584,,,0.0,,37.624,39.614,-1.99,,-1.04,203.71,-78.131,125.579,101.885,,,23.694,0.0,23.694,0.0,,23.694,23.694,,84.759,0.28,1.48,1.48,84.98828,0.28,1.48,1.48,
12/31/1999,546.265,499.966,,,,0.0,0.0,46.299,,-167.711,167.711,167.711,,0.0,,378.554,-280.809,,96.207,12.102,487.9,97.745,-25.588,,,0.0,,32.434,40.893,-8.459,,-6.846,72.157,-25.324,46.833,0.0,,,46.833,0.0,46.833,0.0,,46.833,46.833,,84.718,0.53,0.53,0.53,84.776,0.53,0.53,0.53,
03/31/2000,488.117,446.228,,,,0.0,0.0,41.889,,-125.997,125.997,125.997,,0.0,,362.12,-265.849,,97.038,25.392,143.419,96.271,-1.385,,,0.0,,36.928,40.777,-3.849,0.0,-35.543,94.886,-40.816,54.07,0.0,,,54.07,0.0,54.07,0.0,,54.07,54.07,,84.728,0.64,0.64,0.64,84.834,0.64,0.64,0.64,
06/30/2000,756.548,720.174,,,,0.0,0.0,36.374,,-289.785,289.785,289.785,,0.0,,466.763,-265.61,107.485,97.941,25.61,34.574,201.153,-45.64,,,0.0,,38.66,43.446,-4.786,,6.98,155.513,-65.612,89.901,0.0,,,89.901,0.0,89.901,0.0,,89.901,89.901,,84.73,1.06,1.06,1.06,84.891,1.06,1.06,1.06,
09/30/2000,1607.356,1567.96,,,,0.0,0.0,39.396,,-1079.436,1079.436,1079.436,,0.0,,527.92,-271.919,113.67,98.628,25.641,33.98,256.001,-52.311,,,0.0,,37.533,42.773,-5.24,,14.778,203.69,-87.641,116.049,0.0,,,116.049,0.0,116.049,0.0,,116.049,116.049,,84.745,1.37,1.37,1.37,85.012,1.37,1.37,1.37,
12/31/2000,838.1541,797.4481,,,,0.0,0.0,40.70601,,-439.5649,439.5649,439.5649,,0.0,,398.5892,-276.043,,100.803,23.137,373.258,122.546,-50.451,,,0.0,,36.48,44.243,-7.763001,,13.971,72.095,-29.783,42.312,0.0,,,42.312,0.0,42.312,0.0,,42.312,42.312,,84.727,0.5,0.5,0.5,85.015,0.5,0.5,0.5,
03/31/2001,938.829,906.494,,,,0.0,0.0,32.335,,-516.424,516.424,516.424,,0.0,,422.405,-286.342,,104.781,25.303,156.258,136.063,-33.06,,,0.0,,32.322,42.749,-10.427,0.0,0.738,103.003,-40.798,62.205,2.755,,,59.45,0.0,59.45,0.0,,59.45,59.45,,84.727,0.7,0.73,0.73,84.966,0.7,0.73,0.73,
06/30/2001,1293.812,739.317,,,,0.0,0.0,554.495,,-858.757,858.757,858.757,,0.0,,435.055,-296.167,,106.129,25.462,164.576,138.888,-28.059,,,0.0,,31.296,43.823,-12.527,0.0,-3.237,110.829,-43.972,66.857,0.0,,,66.857,0.0,66.857,0.0,0.0,66.857,66.857,,84.744,0.79,0.79,0.79,85.042,0.79,0.79,0.79,
09/30/2001,1160.778,973.398,,,,0.0,0.0,187.38,,-533.503,533.503,533.503,,0.0,,627.275,-328.523,,107.932,29.336,191.255,298.752,-32.157,,,0.0,,30.081,42.531,-12.45,0.0,2.076,266.595,-104.096,162.499,12.446,,,150.053,0.0,150.053,0.0,,150.053,150.053,,84.721,1.77,1.92,1.92,84.909,1.77,1.91,1.91,
12/31/2001,520.976,436.569,,,,0.0,0.0,84.407,,-115.874,115.874,115.874,,0.0,,405.102,-304.032,,109.061,20.967,174.004,101.07,-40.595,,,0.0,,34.261,46.719,-12.458,0.0,6.334,60.475,-24.669,35.806,0.0,,,35.806,0.0,35.806,0.0,,35.806,35.806,,84.679,0.42,0.42,0.57,84.824,0.42,0.42,0.57,
03/31/2002,499.844,380.241,,,,0.0,0.0,119.603,,-97.316,97.316,97.316,,,,402.528,-283.792,,99.656,26.758,157.378,118.736,-30.588,,,0.0,,30.66,44.519,-13.859,0.0,-0.072,88.148,-34.897,53.251,-0.506,,,53.757,0.0,53.757,0.0,,53.757,53.757,,84.735,0.63,0.63,0.63,84.884,0.63,0.63,0.63,
06/30/2002,593.516,496.838,,,,0.0,0.0,96.678,,-135.07,135.07,135.07,,0.0,,458.446,-302.614,,101.786,27.632,173.196,155.832,-41.889,,,0.0,,32.856,46.764,-13.908,0.0,9.033,113.943,-45.14,68.803,-6.562,,,75.365,0.0,75.365,0.0,,75.365,75.365,,84.794,0.89,0.81,0.81,84.926,0.89,0.81,0.81,
09/30/2002,871.39,719.361,,,,0.0,0.0,152.029,,-300.845,300.845,300.845,,0.0,,570.545,-358.054,,108.672,26.757,222.625,212.491,-45.927,,,0.0,,38.24,49.255,-11.015,0.0,7.687,166.564,-65.851,100.713,-0.203,,,100.916,0.0,100.916,0.0,,100.916,100.916,,84.768,1.19,1.19,1.19,84.797,1.19,1.19,1.19,
12/31/2002,475.538,293.951,,,,0.0,0.0,181.587,,,,,,0.0,,,-462.996,,113.968,26.805,320.89,13.875,-44.104,,,0.0,,42.007,46.974,-4.967,0.0,2.097,-30.229,13.66,-16.569,64.061,,,-80.63,0.0,-80.63,0.0,,-80.63,-80.63,,85.249,-0.95,-0.19,1.6,85.249,-0.95,-0.19,1.6,
03/31/2003,603.962,384.96,,,,0.0,0.0,219.002,,-218.316,218.316,218.316,,,,385.646,-316.391,,105.398,28.496,182.497,69.255,-36.348,,,0.0,,37.872,47.851,-9.979,0.0,-1.524,32.907,-12.754,20.153,-5.145,,,25.298,0.0,25.298,0.0,,25.298,25.298,,91.256,0.28,0.22,0.22,91.359,0.28,0.22,0.22,
06/30/2003,757.483,506.632,,,,0.0,0.0,250.851,,-271.806,271.806,271.806,,0.0,,485.677,-353.195,,107.076,28.149,217.97,132.482,-42.345,,,0.0,,39.886,51.117,-11.231,0.0,2.459,90.137,-35.248,54.889,-1.253,,,56.142,0.0,56.142,0.0,,56.142,56.142,,91.258,0.62,0.6,0.6,91.45,0.61,0.6,0.6,
09/30/2003,831.002,667.4,,,,0.0,0.0,163.602,,-292.952,292.952,292.952,,0.0,,538.05,-340.689,,110.242,28.206,202.241,197.361,-38.74,,,11.194,,49.676,52.527,-2.851,0.0,0.258,158.621,-49.961,108.66,-1.388,,,110.048,0.0,110.048,0.0,,110.048,110.048,,91.271,1.21,1.19,1.19,91.467,1.2,1.19,1.19,
12/31/2003,567.047,419.083,,,,0.0,0.0,147.964,,-79.108,79.108,79.108,,0.0,,487.939,-413.095,,112.424,25.419,275.252,74.844,-28.233,,,3.046,4.412,47.461,52.844,-5.383,0.0,-11.77,46.611,-4.51,42.101,-6.99,,,49.091,0.0,49.091,0.0,0.0,49.091,49.091,,91.275,0.54,0.54,0.39,91.344,0.54,0.54,0.39,
03/31/2004,566.345,415.464,,,,,0.0,150.881,,-156.375,156.375,156.375,,,,409.97,-325.772,,101.616,30.33,193.826,84.198,-37.939,,,2.002,3.802,45.408,50.319,-4.911,0.0,-1.665,46.259,-15.468,30.791,-0.635,,,31.426,0.0,31.426,0.0,0.0,31.426,31.426,,91.294,0.34,0.34,0.34,91.376,0.34,0.34,0.34,
06/30/2004,722.686,519.929,,,,0.0,0.0,202.757,,-245.762,245.762,245.762,,0.0,,476.924,-355.764,,104.241,32.532,218.991,121.16,-6.076,,,2.184,,40.734,44.854,-4.12,0.0,-32.474,115.084,-44.027,71.057,-0.313,,,71.37,0.0,71.37,0.0,,71.37,71.37,,91.315,0.78,0.78,0.55,91.4,0.78,0.78,0.55,
09/30/2004,847.165,670.559,,,,0.0,0.0,176.606,,-278.84,278.84,278.84,,,,568.325,-358.969,,93.36,31.02,234.589,209.356,-45.844,,,-1.327,,42.209,46.715,-4.506,0.0,2.308,163.512,-59.183,104.329,-1.071,,,105.4,0.0,105.4,0.0,0.0,105.4,105.4,,91.357,1.15,1.14,1.14,91.491,1.15,1.14,1.13,
12/31/2004,713.281,429.295,,,,0.0,0.0,283.986,,-213.175,213.175,213.175,,0.0,,500.106,-398.3,,96.655,27.064,274.581,101.806,-47.42,,,2.026,16.185,45.689,48.463,-2.774,0.0,19.942,54.386,-16.666,37.72,3.991,,,33.729,0.0,33.729,0.0,0.0,33.729,33.729,,91.62,0.37,0.41,0.41,91.779,0.37,0.41,0.41,
03/31/2005,585.358,416.03,,,,0.0,0.0,169.328,,-149.232,149.232,149.232,,,,436.126,-344.301,,90.944,34.565,218.792,91.825,-43.656,,,2.603,1.32,42.676,45.965,-3.289,0.0,4.903,48.169,-18.57,29.599,5.151,,,24.448,0.0,24.448,0.0,0.0,24.448,24.448,,91.962,0.27,0.32,0.32,92.045,0.27,0.32,0.32,
06/30/2005,755.342,579.652,,,,0.0,0.0,175.69,,-218.183,218.183,218.183,,,,537.159,-358.327,,85.323,34.638,238.366,178.832,-38.743,,,2.952,4.177,46.533,50.077,-3.544,0.0,-0.661,140.089,-54.988,85.101,58.366,,,26.735,0.0,26.735,0.0,0.0,26.735,26.735,,96.192,0.28,0.88,0.88,96.299,0.28,0.88,0.88,
09/30/2005,955.583,753.428,,,,0.0,0.0,202.155,,-290.464,290.464,290.464,,,,665.119,-503.274,,85.763,34.325,383.186,161.845,-36.846,,,2.852,6.815,43.477,46.778,-3.301,0.0,3.036,124.999,-40.305,84.694,-19.043,,,103.737,0.0,103.737,0.0,0.0,103.737,103.737,,98.697,1.05,0.86,0.86,98.816,1.05,0.857288,,
12/31/2005,691.672,488.035,,,,0.0,0.0,203.637,,-230.353,230.353,230.353,,0.0,,461.319,-383.187,,85.622,28.512,269.053,78.132,-41.334,,,2.784,13.455,40.383,42.267,-1.884,0.0,17.19,36.798,-13.029,23.769,2.422,,,21.347,0.0,21.347,0.0,0.0,21.347,21.347,,98.982,0.22,0.24,0.21,99.05,0.22,0.24,0.21,
03/31/2006,670.206,466.126,,,,0.0,0.0,204.08,,-231.57,231.57,231.57,,,,438.636,-381.473,,87.621,35.573,258.279,57.163,-38.775,,,3.801,4.905,43.502,47.526,-4.024,0.0,3.979,18.388,-6.793,11.595,-0.86,,,12.455,0.0,12.455,0.0,0.0,12.455,12.455,,99.115,0.13,0.12,0.12,99.449,0.13,0.12,0.12,
06/30/2006,925.028,712.718,,,,0.0,0.0,212.31,,-336.66,336.66,336.66,,,,588.368,-397.171,,89.297,32.7,275.174,191.197,-31.083,,,3.633,1.97,40.923,45.882,-4.959,0.0,-4.237,160.114,-49.271,110.843,-1.311,,,112.154,0.0,112.154,0.0,0.0,112.154,112.154,,99.221,1.13,1.12,1.04,99.64,1.13,1.11,1.03,
09/30/2006,1076.442,886.979,,,,0.0,0.0,189.463,,-395.056,395.056,395.056,,0.0,,681.386,-370.946,,90.39,31.697,248.859,310.44,-27.425,,,3.178,5.878,44.965,50.577,-5.612,0.0,-8.484,283.015,-98.836,184.179,0.012,,,184.167,0.0,184.167,0.0,0.0,184.167,184.167,,99.491,1.85,1.85,1.85,99.973,1.84,1.84,1.84,
12/31/2006,730.072,569.213,,,,,,160.859,,-288.0,288.0,225.16,62.84,0.0,,442.072,-382.002,,91.336,28.425,262.241,60.07,-48.026,,,3.7,,46.447,52.841,-6.394,,5.279,12.044,-1.518,10.526,-7.953,,,18.479,,18.479,0.0,,18.479,18.479,,99.832,0.19,0.11,0.07,100.474,0.18,0.1,0.06,
03/31/2007,695.135,536.051,,,,0.0,0.0,159.084,,-261.297,261.297,261.297,,0.0,,433.838,-365.849,,89.621,34.719,241.509,67.989,-43.582,,,4.444,3.413,46.185,50.992,-4.807,0.0,5.254,24.407,-8.609,15.798,-0.732,,,16.53,0.0,16.53,0.0,0.0,16.53,16.53,,100.045,0.17,0.16,0.16,100.622,0.16,0.16,0.16,
06/30/2007,862.902,711.293,,,,0.0,0.0,151.609,,-344.87,344.87,344.87,,0.0,,518.032,-359.263,,92.476,34.757,232.03,158.769,-38.819,,,5.195,1.95,46.614,51.827,-5.213,0.0,-0.65,119.95,-40.713,79.237,0.243,,,78.994,0.0,78.994,0.0,0.0,78.994,78.994,,100.229,0.79,0.79,0.79,100.779,0.78,0.79,0.79,
09/30/2007,1205.934,1043.723,,,,0.0,0.0,162.211,,-501.102,501.102,501.102,,0.0,,704.832,-366.055,,95.059,34.94,236.056,338.777,-46.191,,,5.235,2.921,48.958,54.393,-5.435,0.0,5.389,292.586,-91.588,200.998,-7.71,,,208.708,0.0,208.708,0.0,0.0,208.708,208.708,,100.324,2.08,2.0,1.9,100.829,2.07,1.99,1.89,
12/31/2007,709.074,627.096,,,,0.0,0.0,81.978,,-279.58,279.58,279.58,,0.0,,429.494,-374.949,,95.536,23.802,255.611,54.545,-38.953,,,6.321,,45.809,53.417,-7.608,0.0,-0.535,15.592,-11.124,4.468,1.557,,,2.911,0.0,2.911,0.0,0.0,2.911,2.911,,100.42,0.03,0.04,0.04,100.963,0.03,0.04,0.04,
03/31/2008,688.256,622.801,,,,,0.0,65.455,,-293.364,293.364,293.364,,,,394.892,-358.664,,95.594,33.152,229.918,36.228,-43.956,,,6.124,2.243,49.023,54.702,-5.679,,3.3,-7.728,1.541,-6.187,0.0,,0.0,-4.473,0.0,-4.473,,0.0,-4.473,-4.473,0.0,100.521,-0.04,-0.06,-0.06,100.521,-0.04,-0.06,-0.06,
06/30/2008,884.513,829.478,,,,,0.0,55.035,,-346.248,346.248,346.248,,,,538.265,-362.137,,97.77,33.251,231.116,176.128,-47.296,,,5.414,0.602,46.583,51.521,-4.938,,6.729,128.832,-16.025,112.807,-21.055,,,133.862,0.0,133.862,0.0,0.0,133.862,133.862,,100.653,1.33,1.12,1.12,100.917,1.33,1.12,1.12,
09/30/2008,1070.088,1040.348,,,,,0.0,29.74,,-421.435,421.435,421.435,,,,648.653,-372.761,,98.556,28.423,245.782,275.892,-47.832,,,4.673,1.082,47.189,51.165,-3.976,,6.398,228.06,-76.592,151.468,-0.118,,,151.586,0.0,151.586,0.0,0.0,151.586,151.586,,100.75,1.5,1.5,1.5,101.018,1.5,1.5,1.5,
12/31/2008,678.395,634.756,,,,,0.0,43.639,,-268.641,268.641,268.641,,,,409.754,-374.28,,98.374,30.51,245.396,35.474,-77.224,,,2.425,3.674,54.343,58.57,-4.227,,28.98,-41.75,14.489,-27.261,0.0,0.0,0.0,-38.85,0.0,-38.85,0.0,0.0,-38.85,-38.85,11.7702,100.836,-0.39,-0.27035,-0.27,100.836,-0.39,-0.275071,-0.27,
03/31/2009,625.867,602.578,,,,,0.0,23.289,,-247.388,247.388,247.388,,,0.0,378.479,-575.413,,101.812,34.128,439.473,-196.934,-59.413,49.948,-9.087,8.826,0.261,59.035,59.035,,,9.465,-256.347,95.004,-161.343,4.727,4.727,0.0,-166.07,9.56,-156.51,0.0,0.0,-156.51,-16.271,135.512,100.986,-1.55,-1.5,-0.161121,100.986,-1.55,-1.5,-0.161121,
06/30/2009,818.588,812.51,,,,,0.0,6.078,,-291.699,291.699,291.699,,,0.0,526.889,-354.995,,100.98,32.766,221.249,171.894,-49.864,51.543,-8.341,7.955,0.386,59.884,59.884,,,-1.679,122.03,-41.0,81.03,8.184,8.184,0.0,72.846,-4.499,68.347,0.0,0.0,68.347,76.531,0.0,101.109,0.68,0.76,0.76,101.193,0.68,0.75,0.75,
09/30/2009,1089.036,1083.75,,,,,0.0,5.286,,-381.543,381.543,381.543,,,0.0,707.493,-340.086,,103.008,34.015,203.063,367.407,-54.301,56.21,-4.089,3.546,0.543,60.299,60.299,,,-1.909,313.106,-109.778,203.328,12.305,12.305,0.0,191.023,-4.371,186.652,0.0,0.0,186.652,198.957,0.0,101.223,1.84,1.96,1.96,101.385,1.84,1.96,1.96,
12/31/2009,660.908,650.349,,,,,0.0,10.559,,-257.99,257.99,257.99,,,0.0,402.918,-356.02,,103.397,22.489,230.134,46.898,-59.094,53.228,-6.852,5.192,1.66,60.08,60.08,,,5.866,-12.196,1.088,-11.108,13.927,13.927,0.0,-25.035,-5.124,-30.159,0.0,0.0,-30.159,-16.232,0.0,101.32,-0.3,-0.16,-0.16,101.32,-0.3,-0.16,-0.16,
03/31/2010,620.355,611.425,,,,,0.0,8.93,,-215.54,215.54,215.54,,,0.0,404.815,-347.147,,100.653,31.724,214.77,57.668,-52.857,51.395,-9.31,8.436,0.874,60.705,60.705,,,1.462,4.811,7.172,11.983,12.88,12.88,0.0,-0.897,-5.117,-6.014,0.0,0.0,-6.014,6.866,0.0,101.474,-0.06,0.07,0.07,101.474,-0.06,0.07,0.07,
06/30/2010,802.795,799.416,,,,,0.0,3.379,,-251.8,251.8,251.8,,,0.0,550.995,-349.611,,102.995,31.682,214.934,201.384,-56.882,51.54,-9.211,8.576,0.635,60.751,60.751,,,5.342,144.502,-51.188,93.314,-26.252,-26.252,0.0,119.566,-4.769,114.797,0.0,0.0,114.797,88.545,0.0,107.355,1.07,0.82,0.82,107.764,1.07,0.82,0.82,
09/30/2010,1116.71,1116.211,,,,,0.0,0.499,,-353.904,353.904,353.904,,,0.0,762.806,-362.532,,104.177,37.528,220.827,400.274,-48.365,47.899,-6.357,5.524,0.833,54.256,60.419,-6.163,,0.466,351.909,-122.347,229.562,-9.477,-9.477,0.0,239.039,-5.119,233.92,0.0,0.0,233.92,224.443,0.0,108.632,2.15,2.07,2.07,109.094,2.14,2.06,2.06,
12/31/2010,657.432,653.626,,,,,0.0,3.806,,-225.571,225.571,225.571,,,0.0,431.861,-375.61,,106.673,34.395,234.542,56.251,-50.98,51.551,-10.686,9.874,0.812,62.237,62.237,,,-0.571,5.271,5.013,10.284,-2.217,-2.217,0.0,12.501,-5.151,7.35,0.0,0.0,7.35,5.133,0.0,108.73,0.07,0.05,0.05,109.224,0.07,0.05,0.05,
03/31/2011,648.847,,,,,,0.0,0.0,,-212.007,212.007,212.007,,,0.0,436.84,-401.056,,106.583,37.624,256.849,35.784,-52.157,51.715,-9.362,8.971,0.391,61.077,61.077,,,0.442,-16.373,6.005,-10.368,-0.694,-0.694,0.0,-9.674,-5.461,-15.135,0.0,0.0,-15.135,-15.829,0.0,108.832,-0.14,-0.15,-0.15,108.832,-0.14,-0.15,-0.15,
06/30/2011,799.799,798.669,,,,,0.0,1.13,,-244.049,244.049,244.049,,,0.0,555.75,-358.758,,106.617,40.155,211.986,196.992,-52.989,49.817,-10.323,9.78,0.543,60.14,60.14,,,3.172,144.003,-50.818,93.185,-0.654,-0.654,0.0,93.839,-7.154,86.685,0.0,0.0,86.685,86.031,0.0,109.044,0.8,0.79,0.79,109.718,0.79,0.78,0.78,
09/30/2011,1124.841,1124.049,,,,,0.0,0.792,,-337.896,337.896,337.896,,,0.0,786.945,-351.928,,106.35,34.223,211.355,435.017,-50.328,47.288,-7.807,7.378,0.429,55.095,62.034,-6.939,,3.04,384.689,-131.416,253.273,-9.512,-9.512,0.0,262.785,-7.426,255.359,0.0,0.0,255.359,245.847,0.0,109.128,2.34,2.25,2.25,109.861,2.32,2.24,2.24,
12/31/2011,667.892,666.502,,,,,0.0,1.39,,-215.512,215.512,215.512,,,0.0,452.38,-373.665,,107.504,35.406,230.755,78.715,-51.796,49.26,-5.497,5.01,0.487,54.757,58.744,-3.987,,2.536,26.919,-7.375,19.544,-0.446,-0.446,0.0,19.99,-7.426,12.564,0.0,0.0,12.564,12.118,0.0,109.202,0.12,0.11,0.11,110.077,0.11,0.11,0.11,
03/31/2012,620.631,620.631,,,,,0.0,0.0,,-216.309,216.309,216.309,,,0.0,404.322,-356.315,,100.109,42.475,213.731,48.007,-52.368,48.455,-5.361,4.756,0.605,53.816,56.967,-3.151,,3.913,-4.361,4.645,0.284,0.765,0.765,0.0,-0.481,-7.776,-8.257,0.0,0.0,-8.257,-7.492,0.0,109.299,-0.08,-0.07,-0.07,109.299,-0.08,-0.07,-0.07,
06/30/2012,878.576,878.576,,,,,0.0,0.0,,-264.723,264.723,264.723,,,0.0,613.853,-359.364,,100.606,41.289,217.469,254.489,-46.87,44.271,-8.729,8.622,0.107,53.0,53.0,,,2.599,207.619,-76.689,130.93,0.819,0.819,0.0,130.111,-7.766,122.345,0.0,0.0,122.345,123.164,0.0,109.491,1.12,1.12,1.12,110.359,1.11,1.12,1.12,
09/30/2012,1109.475,1109.475,,,,,0.0,0.0,,-302.894,302.894,302.894,,,0.0,806.581,-358.611,,100.353,36.507,221.751,447.97,-47.98,42.397,-6.015,5.708,0.307,48.412,52.242,-3.83,,5.583,399.99,-147.116,252.874,0.011,0.011,0.0,252.863,-8.04,244.823,,0.0,244.823,244.834,0.0,109.555,2.23,2.23,2.23,110.655,2.21,2.21,2.21,
12/31/2012,693.122,693.122,,,,,0.0,0.0,,-210.864,210.864,210.864,,,0.0,482.258,-380.969,,103.268,39.052,238.649,101.289,-48.227,40.847,-7.017,6.797,0.22,47.864,52.407,-4.543,,7.38,53.062,-18.157,34.905,4.234,4.234,0.0,30.671,-8.04,22.631,0.0,0.0,22.631,26.865,0.0,109.693,0.21,0.24,0.24,110.776,0.2,0.24,0.24,
03/31/2013,686.652,686.652,,,,,0.0,0.0,,-230.679,230.679,230.679,,,0.0,455.973,-369.05,,103.73,40.021,225.299,86.923,-41.618,38.548,-6.94,6.864,0.076,45.488,49.478,-3.99,,3.07,45.305,-12.469,32.836,0.0,0.0,0.0,32.836,-8.392,24.444,0.0,0.0,24.444,24.444,0.0,109.832,0.22,0.22,0.22,110.835,0.22,0.22,0.22,
06/30/2013,915.822,915.822,,,,,0.0,0.0,,-277.584,277.584,277.584,,,0.0,638.238,-378.426,,106.292,40.814,231.32,259.812,-43.171,40.939,-6.732,6.265,0.467,47.671,51.307,-3.636,,2.232,216.641,-77.043,139.598,0.0,0.0,0.0,139.598,-8.391,131.207,0.0,0.0,131.207,131.207,0.0,109.962,1.19,1.19,1.19,110.932,1.18,1.18,1.18,
09/30/2013,1152.392,1152.392,,,,,0.0,0.0,,-350.953,350.953,350.953,,,0.0,801.439,-385.751,,107.388,43.256,235.107,415.688,-49.058,41.667,-5.685,5.569,0.116,47.352,50.587,-3.235,,7.391,366.63,-131.912,234.718,0.0,0.0,0.0,234.718,-8.555,226.163,0.0,0.0,226.163,226.163,0.0,110.009,2.06,2.06,2.06,111.053,2.04,2.04,2.04,
12/31/2013,699.762,699.762,,,,,0.0,0.0,,-236.493,236.493,236.493,,,0.0,463.269,-379.369,,98.298,40.076,240.995,83.9,-41.919,38.663,-7.853,6.883,0.97,46.516,50.516,-4.0,,3.256,41.981,-9.167,32.814,0.0,0.0,0.0,32.814,-8.554,24.26,0.0,0.0,24.26,24.26,0.0,110.13,0.22,0.22,0.22,110.936,0.22,0.22,0.22,
03/31/2014,686.251,686.251,611.0,60.0,15.251,,0.0,0.0,,-249.786,249.786,249.786,,,0.0,436.465,-361.295,,101.772,45.845,213.678,75.17,-44.074,41.506,-7.693,7.442,0.251,49.199,52.969,-3.77,,2.568,31.096,-6.405,24.691,0.0,0.0,0.0,24.691,-8.925,15.766,0.0,0.0,15.766,15.766,0.0,110.257,0.14,0.14,0.14,110.888,0.14,0.14,0.14,
06/30/2014,906.264,906.264,,,,,0.0,0.0,,-290.854,290.854,290.854,,,0.0,615.41,-361.297,,105.15,44.004,212.143,254.113,-38.189,39.967,-7.994,7.499,0.495,47.961,51.751,-3.79,,-1.778,215.924,-74.54,141.384,0.0,0.0,0.0,141.384,-8.926,132.458,0.0,0.0,132.458,132.458,0.0,110.565,1.2,1.2,1.2,111.002,1.19,1.19,1.19,
09/30/2014,1172.667,1172.667,,,,,0.0,0.0,,-382.361,382.361,382.361,,,0.0,790.306,-368.531,,103.66,40.85,224.021,421.775,-38.936,37.006,-7.141,7.038,0.103,44.147,47.626,-3.479,,1.93,382.839,-134.753,248.086,0.0,0.0,0.0,248.086,-4.125,243.961,0.0,0.0,243.961,243.961,0.0,110.686,2.2,2.2,2.2,111.103,2.2,2.2,2.2,
12/31/2014,726.45,726.0,665.0,61.0,,,0.0,0.45,,-256.828,256.828,256.828,,,0.0,469.622,-409.438,,106.776,41.596,261.066,60.184,-45.642,35.214,-8.972,8.811,0.161,44.186,48.604,-4.418,,10.428,14.542,-5.007,9.535,0.0,0.0,0.0,9.535,-4.125,5.41,0.0,0.0,5.41,5.41,0.0,110.765,0.05,0.05,0.05,111.284,0.05,0.05,0.05,
03/31/2015,671.219,630.0,630.0,,,0.0,0.0,41.219,,-223.237,223.237,223.237,,,0.0,447.982,-380.298,,120.949,43.216,216.133,67.684,-39.01,34.849,-9.334,9.224,0.11,44.183,48.399,-4.216,,4.161,28.674,-7.947,20.727,0.0,0.0,0.0,20.727,-4.605,16.122,0.0,0.0,16.122,16.122,0.0,110.916,0.15,0.15,0.15,111.377,0.14,0.14,0.14,
06/30/2015,890.648,874.0,836.0,38.0,,,0.0,16.648,,-281.477,281.477,281.477,,,0.0,609.171,-377.198,,122.739,43.032,211.427,231.973,-37.095,34.477,-9.529,9.345,0.184,44.006,48.328,-4.322,,2.618,194.878,-67.371,127.507,0.0,0.0,0.0,127.507,-4.605,122.902,0.0,0.0,122.902,122.902,0.0,110.986,1.11,1.11,1.11,111.46,1.1,1.1,1.1,
09/30/2015,1199.146,1189.0,1143.0,46.0,,,0.0,10.146,,-363.847,363.847,363.847,,,0.0,835.299,-390.188,,125.625,43.241,221.322,445.111,-43.578,38.052,-7.772,7.645,0.127,45.824,49.342,-3.518,,5.526,401.533,-139.555,261.978,0.0,0.0,0.0,261.978,-4.862,257.116,0.0,0.0,257.116,257.116,0.0,111.036,2.32,2.32,2.32,111.616,2.3,2.3,2.3,
12/31/2015,734.43,717.0,677.0,40.0,,,0.0,17.43,,-232.737,232.737,232.737,,,0.0,501.693,-391.859,,125.109,42.323,224.427,109.834,-41.009,35.619,-9.073,9.001,0.072,44.692,48.895,-4.203,,5.39,68.825,-22.847,45.978,0.0,0.0,0.0,45.978,-4.861,41.117,0.0,0.0,41.117,41.117,0.0,111.149,0.37,0.37,0.37,111.738,0.37,0.37,0.37,
03/31/2016,677.167,677.0,640.0,37.0,,,0.0,0.167,,-221.285,221.285,221.285,,,0.0,455.882,-405.72,,119.476,42.501,243.743,50.162,-38.922,34.884,-10.633,10.516,0.117,45.517,50.744,-5.227,,4.038,11.24,-1.914,9.326,0.0,0.0,0.0,9.326,-4.873,4.453,0.0,0.0,4.453,4.453,0.0,111.296,0.04,0.04,0.04,111.847,0.04,0.04,0.04,
06/30/2016,915.394,910.0,875.0,35.0,,,0.0,5.394,,-274.848,274.848,274.848,,,0.0,640.546,-408.798,,123.073,42.117,243.608,231.748,-39.824,36.995,-10.553,10.369,0.184,47.548,52.849,-5.301,,2.829,191.924,-65.742,126.182,0.0,0.0,0.0,126.182,-4.874,121.308,0.0,0.0,121.308,121.308,0.0,111.368,1.09,1.09,1.09,112.004,1.08,1.08,1.08,
09/30/2016,1166.922,1151.0,1127.0,24.0,,,0.0,15.922,,-336.12,336.12,336.12,,,0.0,830.802,-379.544,,120.428,41.284,217.832,451.258,-41.912,36.713,-10.259,10.194,0.065,46.972,51.293,-4.321,,5.199,409.346,-141.446,267.9,0.0,0.0,0.0,267.9,-4.873,263.027,0.0,0.0,263.027,263.027,0.0,111.416,2.36,2.36,2.36,112.1,2.35,2.35,2.35,
12/31/2016,739.199,724.0,694.0,30.0,,,0.0,15.199,,-243.257,243.257,243.257,,,0.0,495.942,-373.126,,122.852,40.597,209.677,122.816,-37.388,34.134,-11.579,11.061,0.518,45.713,50.834,-5.121,,3.254,85.428,-27.309,58.119,0.0,0.0,0.0,58.119,-4.873,53.246,0.0,0.0,53.246,53.246,0.0,111.545,0.48,0.48,0.48,112.223,0.47,0.47,0.47,
03/31/2017,677.728,678.0,639.0,39.0,,,0.0,-0.272,,-212.395,212.395,212.395,,,0.0,465.333,-397.922,,127.627,43.836,226.459,67.411,-35.015,37.433,-9.959,9.482,0.477,47.392,51.864,-4.472,,-2.418,32.396,-4.211,28.185,0.0,0.0,0.0,28.185,-4.873,23.312,0.0,0.0,23.312,23.312,0.0,111.728,0.21,0.21,0.21,112.195,0.21,0.21,0.21,
06/30/2017,944.587,943.0,909.0,34.0,,,0.0,1.587,,-254.611,254.611,254.611,,,0.0,689.976,-392.719,,125.739,44.289,222.691,297.257,-35.973,39.35,-10.713,10.456,0.257,50.063,54.969,-4.906,,-3.377,261.284,-88.967,172.317,0.0,0.0,0.0,172.317,-4.874,167.443,0.0,0.0,167.443,167.443,0.0,111.797,1.5,1.5,1.5,112.345,1.49,1.49,1.49,
09/30/2017,1183.322,1158.0,1136.0,22.0,,,0.0,39.322,-14.0,-310.469,310.469,310.469,,,0.0,872.853,-413.305,,133.912,45.169,234.224,459.548,-34.284,35.999,-13.645,12.728,0.917,49.644,55.644,-6.0,,-1.715,425.264,-144.319,280.945,0.0,0.0,0.0,280.945,-4.873,276.072,0.0,0.0,276.072,276.072,0.0,111.835,2.47,2.47,2.47,112.401,2.46,2.46,2.46,
12/31/2017,759.659,741.0,723.0,18.0,,,0.0,18.659,,-203.826,203.826,203.826,,,0.0,555.833,-470.286,,146.84,51.053,272.393,85.547,-38.27,34.524,-16.061,14.345,1.716,50.585,57.319,-6.734,,3.746,47.277,-20.775,26.502,0.0,0.0,0.0,26.502,-4.873,21.629,0.0,0.0,21.629,21.629,0.0,111.943,0.19,0.19,0.19,112.472,0.19,0.19,0.19,
03/31/2018,692.714,692.0,660.0,32.0,,,0.0,0.714,,-197.11,197.11,197.11,,,0.0,495.604,-464.27,,144.825,53.6,265.845,31.334,-24.505,36.229,-15.97,14.079,1.891,52.199,58.954,-6.755,,-11.724,6.829,1.265,8.094,0.0,0.0,0.0,8.094,-4.873,3.221,0.0,0.0,3.221,1.641,-1.58,112.017,0.03,0.03,0.01465,112.493,0.03,0.03,0.01465,
06/30/2018,974.123,951.0,936.0,15.0,,,0.0,23.123,,-257.087,257.087,257.087,,,0.0,717.036,-474.874,,145.436,53.607,275.831,242.162,-26.511,38.936,-15.481,13.073,2.408,54.417,60.708,-6.291,,-12.425,215.651,-44.039,171.612,0.0,0.0,0.0,171.612,-4.874,166.738,0.0,0.0,166.738,163.578,-3.16,112.115,1.49,1.49,1.45902,112.471,1.48,1.48,1.451904,
09/30/2018,1268.034,1246.0,1192.0,54.0,,,0.0,22.034,,-389.936,389.936,389.936,,,0.0,878.098,-444.791,,145.971,51.375,247.445,433.307,-29.089,41.476,-14.216,12.259,1.957,55.692,61.605,-5.913,,-12.387,404.218,-84.333,319.885,0.0,0.0,0.0,319.885,-4.873,315.012,0.0,0.0,315.012,311.858,-3.154,112.148,2.81,2.81,2.780772,112.533,2.8,2.8,2.771973,
12/31/2018,756.376,736.0,708.0,28.0,,,0.0,20.376,,-231.983,231.983,231.983,,,0.0,524.393,-457.509,,146.122,54.267,257.12,66.884,-29.14,40.678,-15.299,12.908,2.391,55.977,62.198,-6.221,,-11.538,37.744,-6.795,30.949,0.0,0.0,0.0,30.949,-4.873,26.076,0.0,0.0,26.076,22.126,-3.95,112.233,0.23,0.23,0.197143,112.7,0.23,0.23,0.194951,
03/31/2019,740.53,740.0,685.0,55.0,,,0.0,0.53,,-230.588,230.588,230.588,,,0.0,509.942,-449.858,,148.707,55.09,246.061,60.084,-34.875,41.25,-12.738,11.188,1.55,53.988,60.653,-6.665,,-6.375,25.209,-2.418,22.791,0.0,0.0,0.0,22.791,-4.873,17.918,0.0,0.0,17.918,13.968,-3.95,112.337,0.16,0.16,0.12434,112.735,0.16,0.16,0.12434,
06/30/2019,869.501,869.0,829.0,40.0,,,0.0,0.501,,-242.222,242.222,242.222,,,0.0,627.279,-430.69,,147.374,55.09,228.226,196.589,-30.49,42.7,-10.271,7.572,2.699,52.971,57.465,-4.494,,-12.21,166.099,-17.08,149.019,0.0,0.0,0.0,149.019,-4.874,144.145,0.0,0.0,144.145,136.245,-7.9,112.337,1.28,1.28,1.212824,112.651,1.28,1.28,1.209872,
09/30/2019,1190.787,1171.0,1134.0,37.0,,,0.0,19.787,,-344.862,344.862,344.862,,,0.0,845.925,-442.635,,149.45,53.809,239.376,403.29,-32.875,45.384,-8.611,5.917,2.694,53.995,57.481,-3.486,,-12.509,370.415,-53.266,317.149,0.0,0.0,0.0,317.149,-4.873,312.276,0.0,0.0,312.276,302.796,-9.48,112.463,2.78,2.78,2.692406,112.746,2.77,2.77,2.685917,
12/31/2019,670.391,651.0,624.0,27.0,,,0.0,19.391,,-224.565,224.565,224.565,,,0.0,445.826,-433.829,,145.398,54.59,233.841,11.997,-31.68,46.333,-9.436,6.754,2.682,55.769,59.652,-3.883,,-14.653,-19.683,88.537,68.854,0.0,0.0,0.0,68.854,-4.873,63.981,0.0,0.0,63.981,54.501,-9.48,112.545,0.57,0.57,0.48426,112.815,0.57,0.57,0.48426,
03/31/2020,661.93,661.0,628.0,33.0,,,0.0,0.93,,-188.521,188.521,188.521,,,0.0,473.409,-432.987,,154.079,56.768,222.14,40.422,-25.765,45.12,-10.038,7.697,2.341,55.158,59.234,-4.076,,-19.355,14.657,20.209,34.866,0.0,0.0,0.0,34.866,-4.873,29.993,0.0,0.0,29.993,22.883,-7.11,112.594,0.27,0.27,0.203235,112.862,0.27,0.27,0.203235,
06/30/2020,929.59,929.0,896.0,33.0,,,0.0,0.59,,-238.382,238.382,238.382,,,0.0,691.208,-429.334,,152.482,56.768,220.084,261.874,-22.354,46.375,-11.566,8.811,2.755,57.941,62.69,-4.749,,-24.021,239.52,-41.061,198.459,0.0,0.0,0.0,198.459,-4.874,193.585,0.0,0.0,193.585,184.895,-8.69,112.638,1.72,1.72,1.641498,112.879,1.71,1.71,1.633015,
09/30/2020,1205.5,,,,,,,,,,,,,,,,,,,,,426.0,,,,,,,,,,,374.5,,300.2,,,,,,300.2,,,300.2,300.2,,,2.668,2.668,2.668,,2.668,2.668,2.668,
12/31/2020,725.0,,,,,,,,,,,,,,,,,,,,,93.0,,,,,,,,,,,35.9,,25.146,,,,,,25.146,,,25.146,25.146,,,0.236,0.236,0.236,,0.236,0.236,0.236,
