Date,Revenue,Revenue From Electric,Regulated Electric Revenue,Unregulated Electric Revenue,Other Electric Revenue,Revenue from Gas,Regulated Gas Revenue,Other Gas Revenue,Revenue from Water,Other Revenue,Cost of Revenue,Fuel & Purchased Power Cost,Fuel Cost,Purchased Power Cost,Purchased Gas & Water Cost,Purchased Water Cost,Other Cost of Revenue,Gross Profit,Operating Expenses,Maintenance Expenses,Depreciation Expenses,Taxes Other Than Income,Other Operating Expense,Operating Income (Loss),Non-Operating (Income) Loss,"Interest Expense, Net",Total Interest Income,AFUDC - Equity,Interest Income,Interest Expense,Interest Expenses on Bonds,AFUDC - Debts,Other Interest Expenses,Other Non-Op (Income) Loss,Pretax Income,Income Tax Expense (Benefit),Income (Loss) from Cont Ops,Net Extraordinary Losses (Gains),Discontinued Operations,XO & Accounting Changes,Income (Loss) Incl. MI,Minority Interest,"Net Income, GAAP",Preferred Dividends,Other Adjustments,"Net Income Avail to Common, GAAP","Net Income Avail to Common, Adj",Net Abnormal Losses (Gains),Basic Weighted Avg Shares,"Basic EPS, GAAP",Basic EPS from Cont Ops,"Basic EPS from Cont Ops, Adjusted",Diluted Weighted Avg Shares,"Diluted EPS, GAAP",Diluted EPS from Cont Ops,"Diluted EPS from Cont Ops, Adjusted",Source: Bloomberg
03/31/2002,489.200012,316.100006,,,,0.0,,,0.0,173.100006,-255.699997,255.699997,255.699997,,0.0,,,233.500015,-170.600006,,37.900002,45.5,87.199997,62.900002,-28.5,,,0.0,,35.0,31.4,0.0,3.6,-6.5,34.400002,-11.1,23.299999,0.0,,,23.300001,0.0,23.299999,0.0,,23.299999,23.299999,,107.099998,0.22,0.22,0.22,107.099998,0.22,0.22,0.22,
06/30/2002,581.200012,390.799988,,,,0.0,,,0.0,190.399994,-308.200012,308.200012,308.200012,,0.0,,,273.0,-171.199997,,38.0,48.700001,84.5,101.800003,-30.999999,,,0.0,,35.599998,32.0,0.0,3.6,-4.6,70.800004,-25.1,45.700001,0.0,,,45.700004,0.0,45.700001,0.0,,45.700001,45.700001,,107.099998,0.43,0.43,0.44,107.099998,0.43,0.43,0.44,
09/30/2002,1641.2,1641.2,,,,0.0,,,0.0,1641.2,-1076.4,1076.4,1076.4,,,,,564.8,-307.0,165.8,72.7,68.5,165.8,257.8,-68.3,,,0.0,6.5,72.9,66.8,0.0,6.1,1.9,189.5,-74.3,115.2,0.0,,,115.2,0.0,115.2,0.0,,115.2,115.2,,144.4,0.8,0.8,0.8,144.4,0.8,0.8,0.8,
12/31/2002,1607.5,0.0,,,,0.0,,,0.0,1607.5,-873.5,873.5,873.5,,,,,734.0,-611.2,,90.7,62.9,457.6,122.8,-75.3,,,0.0,,82.9,82.9,0.0,,-7.6,47.5,-13.6,26.3,0.0,,,33.9,0.0,26.3,-7.4,,18.9,18.9,,164.375,0.16,0.16,0.16,164.375,0.16,0.16,0.16,
03/31/2003,1928.7,333.4,,,,0.0,,,0.0,1595.3,-1297.2,1297.2,1297.2,,0.0,,,631.5,-539.6,373.6,104.0,62.0,373.6,91.9,-138.8,,,0.0,7.8,95.1,88.5,0.0,6.6,51.5,-46.9,22.0,-24.9,0.0,,,-24.9,0.0,-24.9,0.0,,-24.9,-24.9,,170.0,-0.15,-0.15,0.2,170.0,-0.15,-0.15,0.2,
06/30/2003,1698.400024,370.100006,,,,0.0,,,0.0,1328.300049,-1081.5,1081.5,1081.5,,0.0,,,616.900024,-477.600006,,103.900002,60.5,313.200012,139.300003,-81.8,,,0.0,,96.5,90.699997,0.0,5.8,-14.7,57.500003,-20.4,37.099998,-5.9,,,43.000003,0.0,43.0,0.0,,43.0,43.0,,170.481003,0.25,0.22,0.31,170.481003,0.25,0.22,0.31,
09/30/2003,2130.6,2130.6,,,,0.0,,,0.0,2130.6,-1327.2,1327.2,1327.2,,,,,803.4,-523.6,330.6,112.5,81.4,329.7,279.8,-20.3,,,0.0,3.7,95.1,95.1,0.0,0.0,-71.1,259.5,-101.5,158.0,0.0,,,158.0,0.0,158.0,-0.7,,157.3,157.3,,171.0,0.92,0.92,0.71,171.0,0.92,0.92,0.71,
12/31/2003,1513.6,1513.6,,,,0.0,,,0.0,,-915.9,915.9,915.9,,0.0,,,597.7,-496.8,,101.7,70.0,325.1,100.9,-196.8,,,0.0,,115.3,114.5,0.0,0.8,81.5,-95.9,34.0,-61.9,0.0,,,-61.9,0.0,-61.9,0.0,,-61.9,-61.9,,171.406,-0.36,-0.36,0.03,171.406,-0.36,-0.36,0.03,
03/31/2004,1764.1,1764.1,,,,0.0,,,0.0,,-1067.0,1067.0,1067.0,,0.0,,,697.1,-558.7,,112.8,72.0,373.9,138.4,-75.8,,,0.0,,93.3,92.6,0.0,0.7,-17.5,62.6,-11.4,51.2,0.0,,,51.2,0.0,51.2,0.0,,51.2,51.2,,171.8,0.3,0.3,0.24,171.8,0.3,0.3,0.24,
06/30/2004,1691.5,1691.5,,,,0.0,,,0.0,,-956.0,956.0,956.0,,0.0,,,735.5,-519.7,352.1,109.4,64.2,346.1,215.8,-66.7,,,0.0,5.6,92.9,92.1,0.0,0.8,-20.6,149.1,-58.7,90.4,0.0,,,90.4,0.0,90.4,0.0,,90.4,90.4,,172.2,0.53,0.53,0.48,172.2,0.53,0.53,0.48,
09/30/2004,2046.5,2046.5,,,,0.0,,,0.0,,-1197.3,1216.0,1197.3,18.7,,,,849.2,-569.7,348.1,113.7,91.3,364.7,279.5,-96.3,,,0.0,,104.5,104.5,0.0,0.0,-8.2,183.2,-71.5,111.7,0.0,,,111.7,0.0,111.7,-0.7,,111.0,111.0,,175.2,0.64,0.64,0.68,175.2,0.64,0.64,0.68,
12/31/2004,1721.0,1721.0,,,,0.0,,,0.0,,-1038.0,1038.0,1038.0,,,,,683.0,-574.6,,104.6,83.9,386.1,108.4,-71.1,,,4.1,,82.6,86.9,-2.8,,-7.4,37.3,-25.7,10.1,0.0,,,11.6,0.0,10.1,-2.1,0.0,8.0,8.0,,187.968,0.03,0.03,0.16,187.968,0.03,0.03,0.16,
03/31/2005,1798.800049,1098.400024,,,,0.0,,,0.0,700.400024,-1088.300049,1088.300049,1088.300049,,,,,710.5,-566.200012,,105.699997,80.800003,379.700012,144.300003,-67.400002,,,0.0,,83.400002,83.400002,0.0,0.0,-16.0,76.900002,-30.6,46.299999,-9.0,,,55.300001,0.0,55.299999,-0.6,0.0,54.699999,54.699999,,188.399994,0.29,0.24,0.26,188.399994,0.29,0.24,0.26,
06/30/2005,1720.2,981.6,,,,,,,,738.6,-1007.6,1007.6,1007.6,,,,,712.6,-532.1,,101.8,77.0,353.3,180.5,-70.9,,,0.0,,85.3,85.3,0.0,0.0,-14.4,109.6,-42.5,67.1,0.0,,,67.1,0.0,67.1,-0.7,,66.4,66.4,,188.8,0.35,0.35,0.33,189.0,0.35,0.35,0.33,
09/30/2005,2483.6,1501.6,,,,0.0,,,0.0,982.0,-1539.7,1539.7,1539.7,,,,,943.9,-647.9,,109.1,98.2,440.6,296.0,-0.1,,,0.0,,85.7,85.7,0.0,0.0,-85.6,295.9,-127.3,168.6,0.0,,,168.6,0.0,168.6,-0.6,0.0,168.0,168.0,,189.1,0.89,0.89,0.72,189.4,0.89,0.89,0.72,
12/31/2005,2062.9,1121.3,,,,0.0,,,0.0,941.6,-1264.1,1264.1,1264.1,0.0,0.0,,,798.8,-671.5,,110.7,86.2,474.6,127.3,10.2,,,0.0,,83.2,83.2,0.0,0.0,-93.4,137.5,-54.8,82.7,0.0,,,82.7,0.0,82.7,-0.6,0.0,82.1,82.1,,189.0,0.43,0.43,0.18,189.2,0.43,0.43,0.18,
03/31/2006,1951.900024,1174.800049,,,,0.0,,,0.0,777.099976,-1227.800049,1227.800049,1227.800049,,,,,724.099976,-565.200012,,103.099998,81.400002,380.700012,158.899994,-66.499998,,,0.0,,81.599998,81.599998,0.0,0.0,-15.1,92.399996,-35.200001,57.200001,0.0,,,57.199995,0.0,57.200001,-0.4,0.0,56.800001,56.800001,,189.899994,0.29,0.29,0.27,189.899994,0.29,0.29,0.27,
06/30/2006,1916.6,1179.4,,,,,,,,737.2,-1220.0,1220.0,1220.0,,,,,696.6,-533.7,,103.0,82.6,348.1,162.9,-72.2,,,0.0,,85.2,85.2,0.0,0.0,-13.0,90.7,-39.2,51.5,0.0,,,51.5,0.0,51.5,-0.3,,51.2,51.2,,190.3,0.27,0.27,0.27,190.9,0.27,0.27,0.27,
09/30/2006,2589.9,1660.7,,,,0.0,,,0.0,929.2,-1721.9,1721.9,1721.9,,,,,868.0,-613.0,,109.3,95.9,407.8,255.0,-88.4,,,0.0,,87.0,87.0,0.0,0.0,1.4,166.6,-62.3,104.3,0.0,,,104.3,0.0,104.3,-0.3,0.0,104.0,104.0,,190.7,0.54,0.54,0.58,191.2,0.54,0.54,0.58,
12/31/2006,1904.5,1103.9,,,,0.0,,,0.0,800.6,-1248.4,1248.4,1246.8,1.6,,,,656.1,-521.5,,97.8,83.1,340.6,134.6,-73.4,,,0.0,,85.3,85.3,0.0,0.0,-11.9,61.2,-24.7,36.5,0.0,,,36.5,0.0,36.5,-0.2,0.0,36.3,36.3,,190.7,0.19,0.19,0.2,191.1,0.19,0.19,0.2,
03/31/2007,2178.800049,1275.099976,,,,0.0,,,0.0,903.700012,-1477.0,1477.0,1477.0,,0.0,,,701.800049,-551.700012,,93.099998,85.300003,373.299988,150.100006,-66.999998,,,0.0,,84.599998,84.599998,0.0,0.0,-17.6,83.100008,-31.4,51.700001,0.0,,,51.700008,0.0,51.700001,-0.1,1.4,53.000001,53.000001,,192.300003,0.27,0.27,0.26,192.699997,0.27,0.27,0.26,
06/30/2007,2084.3,1097.2,376.8,,,65.1,40.5,,0.0,922.0,-1412.4,1412.4,1412.4,,0.0,,,671.9,-514.3,,92.7,86.2,335.4,157.6,-71.6,,,0.0,,83.8,83.8,0.0,0.0,-12.2,86.0,-28.7,57.3,0.0,,,57.3,0.0,57.3,-0.1,0.0,57.2,57.2,,193.2,0.3,0.3,0.31,193.2,0.3,0.3,0.31,
09/30/2007,2770.3,1553.0,499.6,,,43.3,19.2,,0.0,1174.0,-1890.7,1890.7,1890.7,,,,,879.6,-591.5,,87.6,100.0,403.9,288.1,-40.2,,,0.0,,86.2,86.2,0.0,0.0,-46.0,247.9,-80.2,167.7,0.0,,,167.7,0.0,167.7,-0.1,0.0,167.6,167.6,,193.5,0.87,0.87,0.68,193.8,0.87,0.87,0.68,
12/31/2007,2333.0,919.2,,,,291.3,,,0.0,1122.5,-1556.3,1556.3,1556.3,,0.0,,,776.7,-598.0,,92.5,85.6,419.9,178.7,-73.3,,,0.0,,87.0,85.2,0.0,1.8,-13.7,105.4,-47.6,57.8,0.0,,,57.8,0.0,57.8,0.0,-1.4,56.4,56.4,,199.31,0.29,0.29,0.29,199.31,0.29,0.29,0.29,
03/31/2008,2640.9,1179.8,380.1,,,115.7,91.7,,0.0,1345.4,-1817.5,1817.5,1817.5,,0.0,,,823.4,-603.6,,90.9,88.2,424.5,219.8,-67.9,,,0.0,,81.0,81.0,0.0,0.0,-13.1,151.9,-52.6,99.3,0.0,,,99.3,0.0,99.3,-0.1,,99.2,99.2,,201.0,0.49,0.49,0.48,201.0,0.49,0.49,0.48,
06/30/2008,2518.2,1213.2,419.4,,,83.0,35.9,,0.0,1222.0,-1832.6,1832.6,1832.6,,0.0,,,685.6,-571.1,,92.7,85.4,393.0,114.5,-71.3,,,0.0,,80.1,80.1,0.0,0.0,-8.8,43.2,-28.2,15.0,0.0,,,15.0,0.0,15.0,-0.1,,14.9,14.9,,201.4,0.07,0.07,0.53,201.4,0.07,0.07,0.53,
09/30/2008,3059.5,1614.6,502.5,,,53.0,18.7,,0.0,1391.9,-2123.5,2123.5,2123.5,,,,,936.0,-660.5,,99.3,98.8,462.4,275.5,-76.6,,,0.0,,81.3,81.3,0.0,0.0,-4.7,198.9,-80.0,118.9,0.0,,,118.9,0.0,118.9,-0.1,0.0,118.8,118.8,,201.8,0.59,0.59,0.59,201.9,0.59,0.59,0.59,
12/31/2008,2481.0,,,,,,,,,,-1797.0,1797.0,1797.0,,,,,684.0,-527.0,,94.0,87.0,346.0,157.0,-83.0,,,,3.0,88.0,88.0,,0.0,-2.0,74.0,-7.0,67.0,0.0,,,67.0,,67.0,0.0,0.0,67.0,67.0,,211.0,0.32,0.32,0.32,211.0,0.32,0.32,0.32,
03/31/2009,2520.0,1372.0,,,,,,,0.0,1148.0,-1887.0,1887.0,1887.0,,,,0.0,633.0,-478.0,,96.0,91.0,291.0,155.0,-86.0,89.0,-1.0,,1.0,90.0,90.0,,,-3.0,69.0,-24.0,45.0,0.0,0.0,0.0,45.0,,45.0,0.0,0.0,45.0,38.0,-7.0,219.0,0.21,0.21,0.173516,219.0,0.21,0.21,0.173516,
06/30/2009,1666.0,1095.0,,,,,,,0.0,571.0,-1204.0,1186.0,1186.0,,,,18.0,462.0,-318.0,,85.0,89.0,144.0,144.0,-81.0,86.0,-1.0,,1.0,87.0,87.0,,,-5.0,63.0,-24.0,39.0,14.0,14.0,0.0,25.0,,25.0,0.0,0.0,25.0,37.7,-1.3,220.0,0.11,0.18,0.171364,220.0,0.11,0.18,0.171364,
09/30/2009,2050.0,1428.0,,,,,,,0.0,622.0,-1467.0,1442.0,1442.0,,,,25.0,583.0,-348.0,,93.0,100.0,155.0,235.0,-80.0,85.0,,,,85.0,85.0,,,-5.0,155.0,-51.0,104.0,-20.0,-20.0,0.0,124.0,,124.0,0.0,0.0,124.0,86.45,-17.55,221.0,0.56,0.47,0.391176,221.0,0.56,0.47,0.390588,
12/31/2009,1649.0,1085.0,,,,,,,0.0,564.0,-1188.0,1163.0,1163.0,,,,25.0,461.0,-333.0,,84.0,89.0,160.0,128.0,-82.0,86.0,,,,86.0,86.0,,,-4.0,46.0,-7.0,39.0,-2.0,-2.0,0.0,41.0,,41.0,0.0,0.0,41.0,17.0,-22.0,221.0,0.18,0.17,0.076923,221.0,0.18,0.17,0.070452,
03/31/2010,1819.0,1262.0,,,,,,,0.0,557.0,-1312.0,1287.0,1287.0,,,,25.0,507.0,-376.0,,89.0,92.0,195.0,131.0,-78.0,83.0,,,,83.0,83.0,,,-5.0,53.0,-25.0,28.0,-8.0,-8.0,0.0,36.0,,36.0,0.0,0.0,36.0,28.65,0.65,222.0,0.16,0.13,0.129054,222.0,0.16,0.13,0.129054,
06/30/2010,1636.0,1149.0,,,,,,,0.0,487.0,-1112.0,1077.0,1077.0,,,,35.0,524.0,-331.0,,93.0,105.0,133.0,193.0,-84.0,89.0,,,,89.0,89.0,,,-5.0,109.0,-33.0,76.0,130.0,130.0,0.0,-54.0,,-54.0,0.0,0.0,-54.0,76.0,0.0,223.0,-0.24,0.34,0.34,223.0,-0.24,0.34,0.34,
09/30/2010,2067.0,1600.0,,,,,,,0.0,467.0,-1357.0,1319.0,1319.0,,,,38.0,710.0,-498.0,,104.0,130.0,264.0,212.0,-197.0,68.0,,,,68.0,68.0,,,129.0,15.0,6.0,21.0,4.0,4.0,0.0,17.0,,17.0,0.0,0.0,17.0,123.7,102.7,224.0,0.08,0.09,0.552232,224.0,0.08,0.09,0.548482,
12/31/2010,1517.0,1103.0,,,,,,,0.0,414.0,-990.0,948.0,948.0,,,,42.0,527.0,-439.0,,107.0,107.0,225.0,88.0,-115.0,66.0,,,,66.0,66.0,,,49.0,-27.0,41.0,14.0,-19.0,-19.0,0.0,33.0,,33.0,0.0,0.0,33.0,56.0,42.0,224.0,0.14,0.06,0.25,224.0,0.14,0.06,0.2475,
03/31/2011,1634.0,1249.0,,,,,,,0.0,385.0,-1038.0,995.0,995.0,,,,43.0,596.0,-447.0,,105.0,111.0,231.0,149.0,-53.0,62.0,,,,62.0,62.0,,,-9.0,96.0,-34.0,62.0,-2.0,-2.0,0.0,64.0,0.0,64.0,0.0,0.0,64.0,62.65,0.65,225.0,0.28,0.27,0.278444,225.0,0.28,0.27,0.272889,
06/30/2011,1412.0,1093.0,,,,,,,0.0,319.0,-855.0,812.0,812.0,,,,43.0,557.0,-355.0,,105.0,109.0,141.0,202.0,-53.0,63.0,,,,63.0,63.0,,,-10.0,149.0,-54.0,95.0,1.0,1.0,0.0,94.0,0.0,94.0,0.0,0.0,94.0,94.0,-1.0,226.0,0.42,0.42,0.415929,226.0,0.42,0.42,0.415575,
09/30/2011,1648.0,1329.0,,,,,,,0.0,319.0,-990.0,948.0,948.0,,,,42.0,658.0,-463.0,,115.0,126.0,222.0,195.0,-60.0,64.0,,,,64.0,64.0,,,-4.0,135.0,-55.0,80.0,0.0,0.0,0.0,80.0,0.0,80.0,0.0,0.0,80.0,84.95,4.95,226.0,0.35,0.35,0.375885,226.0,0.35,0.35,0.371903,
12/31/2011,1234.0,979.0,,,,,,,0.0,255.0,-719.0,675.0,675.0,,,,44.0,515.0,-424.0,,100.0,105.0,219.0,91.0,-62.0,64.0,-1.0,,1.0,65.0,65.0,,,-2.0,29.0,-6.0,23.0,4.0,4.0,0.0,19.0,0.0,19.0,0.0,0.0,19.0,13.2,-9.8,227.0,0.08,0.1,0.05815,227.0,0.08,0.1,0.056828,
03/31/2012,1242.0,1055.0,,,,,,,0.0,187.0,-688.0,641.0,641.0,,,,47.0,554.0,-423.0,,110.0,104.0,209.0,131.0,-57.0,65.0,,,,65.0,65.0,,,-8.0,74.0,-11.0,63.0,-5.0,-5.0,0.0,68.0,0.0,68.0,0.0,0.0,68.0,51.3,-11.7,228.0,0.3,0.28,0.225,228.0,0.3,0.28,0.225,
06/30/2012,1070.0,984.0,,,,,,,0.0,86.0,-514.0,465.0,465.0,,,,49.0,556.0,-419.0,,111.0,105.0,203.0,137.0,-55.0,65.0,,,,65.0,65.0,,,-10.0,82.0,-29.0,53.0,-9.0,-9.0,0.0,62.0,0.0,62.0,0.0,0.0,62.0,39.0,-14.0,229.0,0.27,0.23,0.170306,229.0,0.27,0.23,0.168865,
09/30/2012,1389.0,1335.0,,,,,,,0.0,54.0,-686.0,648.0,648.0,,,,38.0,703.0,-502.0,,122.0,121.0,259.0,201.0,-57.0,66.0,,,,66.0,66.0,,,-9.0,144.0,-57.0,87.0,-25.0,-25.0,0.0,112.0,0.0,112.0,0.0,0.0,112.0,83.0,-4.0,229.0,0.49,0.38,0.362445,231.0,0.49,0.38,0.362445,
12/31/2012,1134.0,1004.0,,,,,,,0.0,130.0,-566.0,528.0,528.0,,,,38.0,568.0,-453.0,,111.0,102.0,240.0,115.0,-58.0,66.0,-1.0,,1.0,67.0,67.0,,,-8.0,57.0,-14.0,43.0,0.0,0.0,0.0,43.0,0.0,43.0,0.0,0.0,43.0,43.99,0.99,229.0,0.18,0.18,0.192096,232.0,0.18,0.18,0.184267,
03/31/2013,1180.0,1124.0,,,,,,,0.0,56.0,-602.0,562.0,562.0,,,,40.0,578.0,-445.0,,112.0,105.0,228.0,133.0,-59.0,67.0,,,,67.0,67.0,,,-8.0,74.0,-185.0,-111.0,319.0,319.0,0.0,-430.0,0.0,-430.0,0.0,0.0,-430.0,-45.0,66.0,237.0,-1.82,-0.47,-0.189873,237.0,-1.82,-0.47,-0.191519,
06/30/2013,1051.0,977.0,508.0,453.0,16.0,29.0,24.0,5.0,0.0,45.0,-481.0,446.0,446.0,,,,35.0,570.0,-425.0,,116.0,101.0,208.0,145.0,-62.0,70.0,,,,70.0,70.0,,,-8.0,83.0,-30.0,53.0,11.0,11.0,0.0,42.0,0.0,42.0,0.0,0.0,42.0,53.0,0.0,249.0,0.17,0.21,0.21,249.0,0.17,0.21,0.21,
09/30/2013,1344.0,1275.0,626.0,636.0,13.0,23.0,17.0,6.0,0.0,46.0,-616.0,579.0,579.0,,,,37.0,728.0,-493.0,,124.0,119.0,250.0,235.0,-60.0,68.0,,,,68.0,68.0,,,-8.0,175.0,-65.0,110.0,-8.0,-8.0,0.0,118.0,0.0,118.0,0.0,0.0,118.0,110.0,0.0,249.0,0.48,0.44,0.44,249.0,0.48,0.44,0.44,
12/31/2013,1091.0,990.0,522.0,454.0,14.0,54.0,51.0,3.0,0.0,47.0,-517.0,483.0,483.0,,,,34.0,574.0,-419.0,,121.0,103.0,195.0,155.0,-58.0,68.0,,,,68.0,68.0,,,-10.0,97.0,-39.0,58.0,0.0,0.0,0.0,58.0,0.0,58.0,0.0,0.0,58.0,61.0,3.0,250.0,0.23,0.23,0.244,250.0,0.23,0.23,0.242,
03/31/2014,1330.0,1175.0,539.0,619.0,17.0,97.0,87.0,10.0,0.0,58.0,-660.0,614.0,614.0,,,,46.0,670.0,-497.0,,133.0,104.0,260.0,173.0,-52.0,65.0,,,,65.0,65.0,,,-13.0,121.0,-46.0,75.0,0.0,0.0,0.0,75.0,,75.0,0.0,0.0,75.0,75.0,0.0,251.0,0.3,0.3,0.3,251.0,0.3,0.3,0.3,
06/30/2014,1117.0,1012.0,547.0,451.0,14.0,28.0,25.0,3.0,0.0,77.0,-524.0,463.0,463.0,,,,61.0,593.0,-442.0,,132.0,102.0,208.0,151.0,-53.0,66.0,-1.0,,1.0,67.0,67.0,,,-13.0,98.0,-45.0,53.0,0.0,0.0,0.0,53.0,0.0,53.0,0.0,0.0,53.0,71.0,18.0,252.0,0.21,0.21,0.281746,252.0,0.21,0.21,0.281429,
09/30/2014,1313.0,1222.0,650.0,559.0,13.0,20.0,17.0,3.0,0.0,71.0,-599.0,545.0,545.0,,,,54.0,714.0,-548.0,,145.0,109.0,294.0,166.0,-53.0,68.0,,,,68.0,68.0,,,-15.0,113.0,-34.0,79.0,0.0,0.0,0.0,79.0,0.0,79.0,0.0,0.0,79.0,116.0,37.0,252.0,0.31,0.31,0.460317,252.0,0.31,0.31,0.456825,
12/31/2014,1048.0,1205.0,,,,49.0,,,0.0,-206.0,-274.0,-1505.0,-1505.0,,,,-161.0,774.0,-659.0,,116.0,122.0,421.0,115.0,-67.0,56.0,,,,69.0,90.0,,,11.0,48.0,-13.0,35.0,0.0,0.0,0.0,35.0,0.0,35.0,0.0,0.0,35.0,-20.0,-55.0,252.0,0.14,0.14,-0.079365,253.0,0.14,0.14,-0.079365,
03/31/2015,1354.0,1268.0,,,,86.0,,,0.0,0.0,-639.0,639.0,51.0,588.0,0.0,0.0,0.0,715.0,-573.0,,155.0,118.0,300.0,142.0,-59.0,68.0,,,,68.0,68.0,,,-9.0,83.0,-30.0,53.0,0.0,0.0,0.0,53.0,0.0,53.0,0.0,0.0,53.0,61.0,8.0,253.0,0.21,0.21,0.241107,253.0,0.21,0.21,0.241107,
06/30/2015,1119.0,1094.0,,,,25.0,,,0.0,,-429.0,429.0,12.0,417.0,,,0.0,690.0,-551.0,,152.0,111.0,288.0,139.0,-59.0,71.0,,,,71.0,71.0,,,-12.0,80.0,-27.0,53.0,0.0,0.0,0.0,53.0,0.0,53.0,0.0,0.0,53.0,53.0,0.0,253.0,0.21,0.21,0.21,254.0,0.21,0.21,0.21,
09/30/2015,1336.0,1317.0,,,,19.0,,,0.0,,-579.0,579.0,9.0,570.0,,,0.0,757.0,-573.0,,166.0,120.0,287.0,184.0,-44.0,71.0,,,,71.0,71.0,,,-27.0,140.0,-49.0,91.0,0.0,0.0,0.0,91.0,0.0,91.0,0.0,0.0,91.0,91.0,0.0,254.0,0.36,0.36,0.36,254.0,0.36,0.36,0.36,
12/31/2015,1150.0,1063.0,587.0,458.0,18.0,35.0,34.0,1.0,0.0,52.0,-490.0,446.0,446.0,,,,44.0,660.0,-451.0,,157.0,100.0,194.0,209.0,-65.0,70.0,,,,70.0,70.0,,,-5.0,144.0,-23.0,121.0,-9.0,-9.0,0.0,130.0,0.0,130.0,0.0,0.0,130.0,78.0,-43.0,254.0,0.51,0.48,0.307087,254.0,0.51,0.48,0.307087,
03/31/2016,1258.0,1186.0,,,,60.0,,,0.0,12.0,-535.0,535.0,38.0,497.0,,,0.0,723.0,-1029.0,,166.0,120.0,743.0,-306.0,-73.0,71.0,,,,71.0,71.0,,,2.0,-379.0,89.0,-290.0,0.0,0.0,0.0,-290.0,0.0,-290.0,0.0,0.0,-290.0,-290.0,0.0,189.9,-1.52712,-1.52712,-1.52712,189.9,-1.52712,-1.52712,-1.52712,
06/30/2016,1066.0,1030.0,,,,26.0,,,0.0,10.0,-416.0,416.0,153.0,263.0,,,0.0,650.0,-514.0,,160.0,108.0,246.0,136.0,-55.0,66.0,,,,66.0,66.0,,,-11.0,81.0,-29.0,52.0,0.0,0.0,0.0,52.0,0.0,52.0,0.0,0.0,52.0,52.0,0.0,,,,,,,,,
09/30/2016,1394.0,1366.0,,,,17.0,,,0.0,11.0,-583.0,583.0,213.0,370.0,,,0.0,811.0,-532.0,,182.0,124.0,226.0,279.0,-45.0,64.0,,,,64.0,64.0,,,-19.0,234.0,-68.0,166.0,0.0,0.0,0.0,166.0,0.0,166.0,0.0,0.0,166.0,166.0,0.0,,,,,,,,,
12/31/2016,1078.0,1004.0,,,,46.0,,,0.0,28.0,-410.0,410.0,143.0,267.0,,,0.0,668.0,-579.0,,160.0,106.0,313.0,89.0,-47.0,30.0,,,,60.0,75.0,,,17.0,42.0,-12.0,30.0,0.0,0.0,0.0,30.0,0.0,30.0,0.0,0.0,30.0,30.65,0.65,,,,,,,,,
03/31/2017,1175.0,1097.0,,,,66.0,,,0.0,12.0,-461.0,461.0,173.0,288.0,,,0.0,714.0,-534.0,,167.0,111.0,256.0,180.0,-49.0,62.0,,,,62.0,62.0,,,-13.0,131.0,9.0,140.0,0.0,0.0,0.0,140.0,0.0,140.0,0.0,0.0,140.0,140.0,0.0,,,,,,,,,
06/30/2017,1074.0,1032.0,,,,22.0,,,0.0,20.0,-383.0,383.0,124.0,259.0,0.0,0.0,0.0,691.0,-543.0,,165.0,110.0,268.0,148.0,-46.0,59.0,,,,59.0,59.0,,,-13.0,102.0,-36.0,66.0,0.0,0.0,0.0,66.0,0.0,66.0,0.0,0.0,66.0,65.0,-1.0,,,,,,,,,
09/30/2017,1310.0,1278.0,,,,18.0,,,0.0,14.0,-473.0,473.0,119.0,354.0,,,0.0,837.0,-552.0,,179.0,122.0,251.0,285.0,-49.0,62.0,,,,62.0,62.0,,,-13.0,236.0,-83.0,153.0,0.0,0.0,0.0,153.0,0.0,153.0,0.0,0.0,153.0,153.0,0.0,,,,,,,,,
12/31/2017,1113.0,1021.0,,,,55.0,,,0.0,37.0,-399.0,399.0,118.0,281.0,,,0.0,714.0,-565.0,,164.0,109.0,292.0,149.0,-47.0,62.0,,,,62.0,96.0,,,-15.0,102.0,-107.0,-5.0,-1.0,0.0,-1.0,-4.0,0.0,-4.0,0.0,0.0,-4.0,-4.65,0.35,,,,,,,,,
03/31/2018,1251.0,1151.0,,,,78.0,,,0.0,22.0,-520.0,520.0,146.0,374.0,,,0.0,731.0,-605.0,,183.0,113.0,309.0,126.0,-52.0,63.0,,,,63.0,63.0,,,-11.0,74.0,-9.0,65.0,0.0,0.0,0.0,65.0,0.0,65.0,0.0,0.0,65.0,65.0,0.0,,,,,,,,,
06/30/2018,1076.0,1052.0,,,,28.0,,,0.0,-4.0,-381.0,381.0,93.0,288.0,,,0.0,695.0,-542.0,,180.0,107.0,255.0,153.0,-54.0,65.0,,,,65.0,65.0,,,-11.0,99.0,-15.0,84.0,0.0,0.0,0.0,84.0,0.0,84.0,0.0,0.0,84.0,84.0,0.0,,,,,,,,,
09/30/2018,1361.0,1340.0,,,,23.0,,,0.0,-2.0,-509.0,509.0,94.0,415.0,,,0.0,852.0,-607.0,,192.0,123.0,292.0,245.0,-54.0,65.0,,,,65.0,65.0,,,-11.0,191.0,-4.0,187.0,0.0,0.0,0.0,187.0,0.0,187.0,0.0,0.0,187.0,187.0,0.0,,,,,,,,,
12/31/2018,1110.0,1066.0,,,,52.0,,,0.0,-8.0,-421.0,421.0,111.0,310.0,,,0.0,689.0,-570.0,,185.0,112.0,273.0,119.0,-58.0,68.0,,,,68.0,102.0,,,-10.0,61.0,-5.0,56.0,-1.0,0.0,-1.0,57.0,0.0,57.0,0.0,0.0,57.0,55.21,-0.79,,,,,,,,,
03/31/2019,1228.0,1139.0,,,,71.0,,,0.0,18.0,-490.0,490.0,135.0,355.0,,,0.0,738.0,-563.0,,180.0,111.0,272.0,175.0,-53.0,65.0,,,,65.0,65.0,,,-12.0,122.0,-5.0,117.0,0.0,0.0,0.0,117.0,0.0,117.0,0.0,0.0,117.0,117.0,0.0,,,,,,,,,
06/30/2019,1091.0,1067.0,,,,24.0,,,0.0,0.0,-382.0,382.0,79.0,303.0,,,0.0,709.0,-544.0,,188.0,108.0,248.0,165.0,-53.0,67.0,,,,67.0,67.0,,,-14.0,112.0,-6.0,106.0,0.0,0.0,0.0,106.0,0.0,106.0,0.0,0.0,106.0,106.0,0.0,,,,,,,,,
09/30/2019,1380.0,1365.0,,,,20.0,,,0.0,-5.0,-519.0,519.0,91.0,428.0,,,0.0,861.0,-605.0,,193.0,122.0,290.0,256.0,-53.0,66.0,,,,66.0,66.0,,,-13.0,203.0,-14.0,189.0,0.0,0.0,0.0,189.0,0.0,189.0,0.0,0.0,189.0,189.0,0.0,,,,,,,,,
12/31/2019,1107.0,1068.0,,,,52.0,,,0.0,-13.0,-407.0,407.0,122.0,285.0,,,0.0,700.0,-574.0,,192.0,109.0,272.0,126.0,-49.0,65.0,,,,65.0,104.0,,,-16.0,77.0,-13.0,64.0,-1.0,0.0,-1.0,65.0,0.0,65.0,0.0,0.0,65.0,64.0,0.0,,,,,,,,,
