Date,Revenue,Sales & Services Revenue,Cost of Revenue,Cost of Goods & Services,Gross Profit,Other Operating Income,Operating Expenses,"Selling, General & Admin",Research & Development,Depreciation & Amortization,Other Operating Expense,Operating Income (Loss),Non-Operating (Income) Loss,"Interest Expense, Net",Interest Expense,Interest Income,Foreign Exch (Gain) Loss,Other Non-Op (Income) Loss,Pretax Income,Income Tax Expense (Benefit),Income (Loss) from Cont Ops,Net Extraordinary Losses (Gains),Discontinued Operations,XO & Accounting Changes,Income (Loss) Incl. MI,Minority Interest,"Net Income, GAAP",Preferred Dividends,Other Adjustments,"Net Income Avail to Common, GAAP","Net Income Avail to Common, Adj",Net Abnormal Losses (Gains),Basic Weighted Avg Shares,"Basic EPS, GAAP",Basic EPS from Cont Ops,"Basic EPS from Cont Ops, Adjusted",Diluted Weighted Avg Shares,"Diluted EPS, GAAP",Diluted EPS from Cont Ops,"Diluted EPS from Cont Ops, Adjusted",Source: Bloomberg
03/31/1990,1478.199951,,-988.799988,,489.399963,,-254.300003,,,,,235.100006,-25.4,,35.5,,,-10.1,209.700006,-80.699997,129.0,0.0,,,129.00001,-3.7,125.300003,0.0,,125.300003,125.300003,,433.200012,0.29,0.29,,433.200012,0.29,0.29,0.29,
06/30/1990,1571.599976,,-1029.300049,,542.299927,,-254.899994,,,,,287.399994,-50.800001,,36.700001,,,14.1,236.599993,-91.099998,145.5,0.0,,,145.499994,-4.5,141.0,0.0,,141.0,141.0,,430.399994,0.3275,0.3275,,430.399994,0.3275,0.3275,0.3275,
09/30/1990,1471.699951,,-1005.299988,,466.399963,,-263.0,,,,,203.399994,-25.9,,37.5,,,-11.6,177.499994,-68.300003,109.199997,0.0,,,109.199991,-2.1,107.099998,0.0,,107.099998,107.099998,,426.0,0.25,0.25,,426.0,0.25,0.25,0.25,
12/31/1990,1499.9,,-1042.8,,457.1,,-278.6,,,,,178.5,-23.6,,40.9,,,-17.3,154.9,-52.0,102.9,0.0,,,102.9,-1.5,101.4,0.0,,101.4,101.4,,425.6,0.2375,0.2375,0.2375,425.6,0.2375,0.2375,0.2375,
03/31/1991,1376.699951,,-986.799988,,389.899963,,-262.100006,,,,,127.800003,-90.099998,,39.599998,,,50.5,37.700005,-14.5,23.200001,-74.800003,,,98.000008,-1.3,96.699997,0.0,,96.699997,96.699997,,424.399994,0.2275,0.0525,,424.399994,0.2275,0.0525,0.0525,
06/30/1991,1477.900024,,-1036.5,,441.400024,,-266.200012,,,,,175.199997,-40.199999,,38.299999,,,1.9,134.999998,-53.700001,81.300003,0.0,,,81.299997,-2.2,79.099998,0.0,,79.099998,79.099998,,424.399994,0.1875,0.1875,,424.399994,0.1875,0.1875,0.1875,
09/30/1991,1393.5,,-980.299988,,413.200012,,-274.5,,,,,138.699997,-18.999998,,36.099998,,,-17.1,119.699999,-50.200001,69.5,0.0,,,69.499998,-0.6,68.900002,0.0,,68.900002,68.900002,,424.799988,0.1625,0.1625,,424.799988,0.1625,0.1625,0.1625,
12/31/1991,1424.5,,-1023.7,,400.8,,-276.1,,,,,124.7,-63.6,,39.4,,,24.2,61.1,-28.3,32.8,0.0,,,32.8,-1.3,31.5,0.0,,31.5,31.5,,425.6,0.0725,0.0725,0.0725,425.6,0.0725,0.0725,0.0725,
03/31/1992,1446.699951,,-1000.400024,,446.299927,,-274.700012,,,,,171.600006,-35.599999,,36.299999,,,-0.7,136.000007,-54.400002,81.599998,0.0,,,81.600005,-2.8,78.800003,0.0,,78.800003,78.800003,,424.799988,0.185,0.185,,424.799988,0.185,0.185,0.185,
06/30/1992,1513.099976,,-1029.5,,483.599976,,-265.100006,,,,,218.5,-33.000002,,34.900002,,,-1.9,185.499998,-77.400002,108.099998,0.0,,,108.099997,-1.4,106.699997,0.0,,106.699997,106.699997,,424.399994,0.2525,0.2525,,424.399994,0.2525,0.2525,0.2525,
09/30/1992,1440.800049,,-1010.299988,,430.500061,,-264.399994,,,,,166.100006,-60.6,,36.5,,,24.1,105.500006,-39.599998,65.900002,0.0,,,65.900007,0.1,66.0,0.0,,66.0,66.0,,424.399994,0.155,0.155,,424.399994,0.155,0.155,0.155,
12/31/1992,1413.3,,-1006.1,,407.2,,-278.6,,,,,128.6,-13.8,,33.3,,,-19.5,114.8,-47.0,67.8,0.0,,,67.8,0.1,67.9,0.0,,67.9,67.9,,424.0,0.16,0.16,0.16,424.0,0.16,0.16,0.16,
03/31/1993,1446.699951,,-998.599976,,448.099975,,-267.799988,,,,,180.300003,6.599998,,28.0,,,-34.599998,186.900001,-74.699997,112.199997,272.799988,,,-160.599984,-2.1,-162.699997,0.0,,-162.699997,-162.699997,,424.799988,-0.385,0.26,0.26,424.799988,-0.385,0.26,0.26,
06/30/1993,1523.599976,,-1049.800049,,473.799927,,-274.100006,,,,,199.699997,-15.2,,25.4,,,-10.2,184.499997,-73.800003,110.699997,0.0,,,110.699994,-4.5,106.199997,0.0,,106.199997,106.199997,,424.799988,0.25,0.25,,424.799988,0.25,0.25,0.25,
09/30/1993,1405.400024,,-967.099976,,438.300049,,-266.0,,,,,172.300003,-111.900002,,24.5,,,87.400002,60.400002,-30.799999,29.6,0.0,,,29.600002,-4.8,24.799999,0.0,,24.799999,24.799999,,424.399994,0.0575,0.0575,,424.399994,0.0575,0.0575,0.0575,
12/31/1993,1378.199951,,-948.900024,,429.299927,,-265.0,,,,,164.300003,-52.0,,25.200001,,,26.799999,112.300003,-56.900002,55.400002,0.0,,,55.400001,-1.5,53.900002,0.0,,53.900002,53.900002,,426.399992,0.1275,0.1275,0.1275,426.399992,0.1275,0.1275,0.1275,
03/31/1994,1476.900024,,-990.299988,,486.600036,,-265.0,,,,,221.600006,-11.999999,,21.799999,,,-9.8,209.600007,-83.800003,125.800003,0.0,,,125.800004,-3.9,121.900002,0.0,,121.900002,121.900002,,426.0,0.2875,0.2875,0.2875,426.0,0.2875,0.2875,0.2875,
06/30/1994,1619.300049,,-1066.900024,,552.400025,,-277.899994,,,,,274.5,-113.300002,,22.4,,,90.900002,161.199998,-60.900002,100.300003,0.0,,,100.299996,-4.1,96.199997,0.0,,96.199997,96.199997,,424.799988,0.23,0.23,0.23,424.799988,0.23,0.23,0.23,
09/30/1994,1575.300049,,-1040.699951,,534.600098,,-281.399994,,,,,253.199997,-16.499999,,21.799999,,,-5.3,236.699998,-86.199997,150.5,0.0,,,150.500001,-5.0,145.5,0.0,,145.5,145.5,,425.0,0.34,0.34,0.34,425.0,0.34,0.34,0.34,
12/31/1994,1659.699951,,-1085.099976,,574.599975,,-312.799988,,,,,261.799988,-13.6,,20.1,,,-6.5,248.199988,-94.300003,153.899994,0.0,,,153.899985,-2.9,151.0,0.0,,151.0,151.0,,420.600006,0.36,0.36,0.36,420.600006,0.36,0.36,0.36,
03/31/1995,1740.800049,,-1108.099976,,632.700073,,-288.399994,,,,,344.299988,14.599998,,20.5,,,-35.099998,358.899986,-136.399994,222.5,0.0,,,222.499992,-3.3,219.199997,0.0,,219.199997,219.199997,,413.0,0.53,0.53,0.53,413.0,0.53,0.53,0.53,
06/30/1995,1870.400024,,-1109.300049,,761.099975,,-400.399994,,,,,360.700012,-3.800001,,20.700001,,,-16.9,356.900011,-135.600006,221.300003,0.0,,,221.300005,-4.5,216.800003,0.0,,216.800003,216.800003,,410.399994,0.53,0.53,0.53,410.399994,0.53,0.53,0.53,
09/30/1995,1724.099976,,-1112.599976,,611.5,,-306.600006,,,,,304.899994,-24.800001,,21.200001,,,3.6,280.099993,-106.400002,173.699997,0.0,,,173.699991,-3.3,170.4,0.0,,170.4,170.4,,401.799988,0.425,0.425,0.425,401.799988,0.425,0.425,0.425,
12/31/1995,1722.400024,,-1213.599976,,508.800048,,-218.100006,,,,,290.700012,-24.300001,,22.200001,,,2.1,266.400011,-101.300003,165.100006,0.0,,,165.100008,-3.9,161.199997,0.0,,161.199997,161.199997,,401.799988,0.415,0.415,0.415,401.799988,0.415,0.415,0.415,
03/31/1996,1748.800049,,-1067.199951,,681.600098,,-380.700012,,,,,300.899994,-13.2,,22.0,,,-8.8,287.699994,-109.300003,178.399994,0.0,,,178.399991,-6.1,172.300003,0.0,,172.300003,172.300003,,382.799988,0.45,0.45,0.45,384.799988,0.445,0.445,0.445,
06/30/1996,1913.599976,,-1127.900024,,785.699952,,-394.299988,,,,,391.399994,-11.8,,24.6,,,-12.8,379.599994,-144.300003,235.300003,0.0,,,235.299991,-6.8,228.5,0.0,,228.5,228.5,,377.200012,0.6,0.6,0.6,377.200012,0.6,0.6,0.6,
09/30/1996,1801.199951,,-1157.400024,,643.799927,,-308.299988,,,,,335.5,-18.199999,,25.799999,,,-7.6,317.300001,-120.5,196.800003,0.0,,,196.800001,-5.7,191.100006,0.0,,191.100006,191.100006,,371.0,0.515,0.515,0.515,373.0,0.51,0.51,0.51,
12/31/1996,1754.5,,-1328.0,,426.5,,-160.100006,,,,,266.399994,-11.400001,,23.200001,,,-11.8,254.999993,-96.900002,158.100006,0.0,,,158.099991,-6.0,152.100006,0.0,,152.100006,152.100006,,366.600006,0.415,0.415,0.415,367.799988,0.41,0.41,0.41,
03/31/1997,1777.0,,-1087.0,,690.0,,-391.0,,,,,299.0,-21.0,,25.0,,,-4.0,278.0,-105.0,173.0,0.0,,,173.0,-7.0,166.0,0.0,,166.0,166.0,,364.600006,0.455,0.455,0.455,368.399994,0.45,0.45,0.45,
06/30/1997,1944.0,,-1146.0,,798.0,,-424.0,,,,,374.0,-12.0,,26.0,,,-14.0,362.0,-138.0,224.0,0.0,,,224.0,-6.0,218.0,0.0,,218.0,218.0,,360.200012,0.605,0.605,0.605,364.0,0.6,0.6,0.6,
09/30/1997,1812.0,,-1079.0,,733.0,,-417.0,,,,,316.0,-32.0,,25.0,,,7.0,284.0,-108.0,176.0,0.0,,,176.0,-5.0,171.0,0.0,,171.0,171.0,,357.600006,0.48,0.48,0.48,361.600006,0.475,0.475,0.475,
12/31/1997,1846.0,,-1433.0,,413.0,,-86.0,,,,,327.0,-76.0,,29.0,,,47.0,251.0,-84.0,167.0,0.0,,,167.0,-8.0,159.0,0.0,,159.0,159.0,,355.799988,0.445,0.445,0.49,359.200012,0.445,0.445,0.49,
03/31/1998,1913.0,,-1145.0,,768.0,,-419.0,,,,,349.0,-21.0,,30.0,,,-9.0,328.0,-126.0,202.0,0.0,,,202.0,-10.0,192.0,0.0,,192.0,192.0,,355.0,0.54,0.54,0.54,358.799988,0.535,0.535,0.535,
06/30/1998,2004.0,,-1186.0,,818.0,,-449.0,,,,,369.0,-33.0,,28.0,,,5.0,336.0,-130.0,206.0,0.0,,,206.0,-7.0,199.0,0.0,,199.0,199.0,,354.0,0.565,0.565,0.62,358.399994,0.555,0.555,0.61,
09/30/1998,1804.0,,-1082.0,,722.0,,-437.0,,,,,285.0,92.0,,27.0,,,-119.0,377.0,-124.0,253.0,0.0,,,253.0,-5.0,248.0,0.0,,248.0,248.0,,354.0,0.7,0.7,0.47,357.399994,0.695,0.695,0.465,
12/31/1998,1789.0,,-1417.0,,372.0,,-99.0,,,,,273.0,-20.0,,25.0,,,-5.0,253.0,-86.0,167.0,0.0,,,167.0,-5.0,162.0,0.0,,162.0,162.0,,352.799988,0.455,0.455,0.475,356.0,0.455,0.455,0.475,
03/31/1999,1803.0,,-1103.0,,700.0,,-444.0,,,,,256.0,-48.0,26.0,26.0,,,22.0,208.0,-79.0,129.0,0.0,,,129.0,-6.0,123.0,0.0,,123.0,123.0,,348.4,0.355,0.355,0.41,351.6,0.35,0.35,0.405,
06/30/1999,1947.0,,-1165.0,,782.0,,-461.0,,,,,321.0,-17.0,29.0,29.0,,,-12.0,304.0,-116.0,188.0,0.0,,,188.0,-4.0,184.0,0.0,,184.0,184.0,,347.0,0.53,0.53,0.53,350.4,0.525,0.525,0.525,
09/30/1999,1954.0,,-1206.0,,748.0,,-479.0,,,,,269.0,-85.0,35.0,35.0,,,50.0,184.0,-77.0,107.0,0.0,,,107.0,-8.0,99.0,0.0,,99.0,99.0,,347.4,0.285,0.285,0.45,350.8,0.28,0.28,0.445,
12/31/1999,2053.0,,-1611.0,,442.0,,-179.0,,,,,263.0,14.0,43.0,43.0,,,-57.0,277.0,-105.0,172.0,0.0,,,172.0,-10.0,162.0,0.0,,162.0,162.0,,347.8,0.465,0.465,0.47,351.2,0.46,0.46,0.465,
03/31/2000,2087.0,,-1347.0,,740.0,,-416.0,,,,,324.0,-68.0,43.0,43.0,,,25.0,256.0,-109.0,147.0,0.0,,,147.0,-8.0,139.0,0.0,,139.0,139.0,,348.2,0.4,0.4,0.5,351.4,0.395,0.395,0.495,
06/30/2000,2210.0,,-1421.0,,789.0,,-431.0,,,,,358.0,-15.0,44.0,44.0,,,-29.0,343.0,-132.0,211.0,0.0,,,211.0,-6.0,205.0,0.0,,205.0,205.0,,347.8,0.59,0.59,0.59,350.8,0.585,0.585,0.585,
09/30/2000,2078.0,,-1365.0,,713.0,,-419.0,,,,,294.0,-45.0,43.0,43.0,,,2.0,249.0,-92.0,157.0,0.0,,,157.0,-7.0,150.0,0.0,,150.0,150.0,,345.6,0.435,0.435,0.445,348.4,0.43,0.43,0.44,
12/31/2000,2058.0,,-1379.0,,679.0,,-453.0,,,,,226.0,-57.0,47.0,47.0,,0.0,10.0,169.0,-36.0,133.0,0.0,,,133.0,-7.0,126.0,0.0,,126.0,126.0,,338.0,0.375,0.375,0.375,339.2,0.375,0.375,0.375,
03/31/2001,2099.0,,-1418.0,,681.0,,-436.0,,,,,245.0,-131.0,48.0,48.0,,0.0,83.0,114.0,-48.0,66.0,0.0,,,66.0,-10.0,56.0,0.0,0.0,56.0,56.0,,336.6,0.165,0.165,0.375,338.2,0.165,0.165,0.375,
06/30/2001,2164.0,,-1436.0,,728.0,,-427.0,,,,,301.0,-40.0,46.0,46.0,,0.0,-6.0,261.0,-94.0,167.0,0.0,,,167.0,-12.0,155.0,0.0,0.0,155.0,155.0,,336.6,0.46,0.46,0.46,338.6,0.46,0.46,0.46,
09/30/2001,1999.0,,-1354.0,,645.0,,-432.0,,,,,213.0,-60.0,43.0,43.0,,0.0,17.0,153.0,-55.0,98.0,0.0,,,98.0,-5.0,93.0,0.0,0.0,93.0,93.0,,336.6,0.28,0.28,0.28,338.6,0.275,0.275,0.275,
12/31/2001,1907.0,,-1304.0,,603.0,,-438.0,,,,,165.0,-32.0,,32.0,,,,133.0,-45.0,88.0,0.0,,,88.0,-5.0,83.0,0.0,0.0,83.0,83.0,,336.8,0.245,0.245,0.245,338.2,0.245,0.245,0.245,
03/31/2002,1875.0,,-1280.0,,595.0,,-416.0,,,,,179.0,-95.0,33.0,33.0,,0.0,62.0,84.0,-33.0,51.0,9.0,,,42.0,-8.0,34.0,0.0,0.0,34.0,34.0,,337.2,0.1,0.125,0.29,339.0,0.1,0.125,0.29,
06/30/2002,2134.0,,-1417.0,,717.0,,-436.0,,,,,281.0,-799.0,33.0,33.0,,0.0,766.0,-518.0,186.0,-332.0,0.0,,,-332.0,-13.0,-345.0,0.0,0.0,-345.0,-345.0,,337.7998,-1.019999,-1.019999,0.45,340.2,-1.015,-1.015,0.445,
09/30/2002,2068.0,,-1383.0,,685.0,,-427.0,,,,,258.0,-10.0,33.0,33.0,,0.0,-23.0,248.0,-89.0,159.0,0.0,,,159.0,-11.0,148.0,0.0,0.0,148.0,148.0,,338.6,0.435,0.435,0.39,340.8,0.435,0.435,0.39,
12/31/2002,1990.0,,-1352.0,,638.0,,-445.0,,,,,193.0,-29.0,,29.0,,,,164.0,-63.0,101.0,0.0,,,101.0,-7.0,94.0,0.0,0.0,94.0,94.0,,338.8,0.28,0.28,0.29,340.2,0.275,0.275,0.285,
03/31/2003,2071.0,,-1439.0,,632.0,,-449.0,,,,,183.0,-32.0,28.0,28.0,,0.0,4.0,151.0,-55.0,96.0,6.0,,,90.0,-12.0,78.0,0.0,0.0,78.0,78.0,,339.2,0.23,0.245,0.255,340.6,0.23,0.245,0.255,
06/30/2003,2304.0,,-1537.0,,767.0,,-469.0,,,,,298.0,-35.0,28.0,28.0,,0.0,7.0,263.0,-93.0,170.0,0.0,,,170.0,-18.0,152.0,0.0,0.0,152.0,152.0,,339.4,0.45,0.45,0.475,341.2,0.445,0.445,0.47,
09/30/2003,2206.0,,-1463.0,,743.0,,-473.0,,,,,270.0,-31.0,25.0,25.0,,0.0,6.0,239.0,-86.0,153.0,0.0,,,153.0,-11.0,142.0,0.0,0.0,142.0,142.0,,339.8,0.415,0.415,0.43,342.0,0.415,0.415,0.43,
12/31/2003,2175.0,,-1461.0,,714.0,,-492.0,,,,,222.0,-32.0,26.0,26.0,,0.0,6.0,190.0,-59.0,131.0,0.0,,,131.0,-9.0,122.0,0.0,0.0,122.0,122.0,,340.6,0.36,0.36,0.385,343.6,0.355,0.355,0.38,
03/31/2004,2264.0,,-1538.0,,726.0,,-503.0,,,,,223.0,-25.0,23.0,23.0,,,2.0,198.0,-69.0,129.0,,,,129.0,-14.0,115.0,,,115.0,115.0,,342.4,0.335,0.335,0.345,345.4,0.335,0.335,0.345,
06/30/2004,2429.0,,-1620.0,,809.0,,-498.0,,,,,311.0,-13.0,25.0,25.0,,,-12.0,298.0,-99.0,199.0,,,,199.0,-16.0,183.0,,,183.0,183.0,,343.2,0.535,0.535,0.535,345.8,0.53,0.53,0.53,
09/30/2004,2409.0,,-1612.0,,797.0,,-496.0,,,,,301.0,-7.0,22.0,22.0,,,-15.0,294.0,-82.0,212.0,,,,212.0,-18.0,194.0,,,194.0,194.0,,343.6,0.565,0.565,0.565,346.4,0.56,0.56,0.56,
12/31/2004,2411.0,,-1602.0,,809.0,,-536.0,,,,,273.0,-8.0,8.0,20.0,,0.0,0.0,265.0,-72.0,193.0,0.0,,,193.0,-10.0,183.0,0.0,0.0,183.0,183.0,,344.2,0.535,0.535,0.55,347.2,0.53,0.53,0.545,
03/31/2005,2493.0,,-1653.0,,840.0,,-527.0,,,,,313.0,-168.0,21.0,21.0,,0.0,147.0,145.0,-34.0,111.0,0.0,,,111.0,-16.0,95.0,0.0,0.0,95.0,95.0,,345.0,0.275,0.275,0.5535,348.399994,0.275,0.275,0.55,
06/30/2005,2656.0,,-1735.0,,921.0,,-545.0,,,,,376.0,-16.0,20.0,20.0,,0.0,-4.0,360.0,-111.0,249.0,0.0,,,249.0,-18.0,231.0,0.0,0.0,231.0,231.0,,342.200012,0.675,0.675,0.715,345.200012,0.67,0.67,0.71,
09/30/2005,2547.0,,-1698.0,,849.0,,-522.0,,,,,327.0,-72.0,21.0,21.0,,0.0,51.0,255.0,-77.0,178.0,0.0,,,178.0,-21.0,157.0,0.0,0.0,157.0,157.0,,337.799988,0.465,0.465,0.55,340.0,0.46,0.46,0.545,
12/31/2005,2505.0,,-1727.0,,778.0,,-486.0,,,,,292.0,-105.0,6.0,19.0,,0.0,99.0,187.0,-60.0,127.0,0.0,,,127.0,-14.0,113.0,0.0,0.0,113.0,113.0,,332.0,0.34,0.34,0.4,334.2,0.34,0.34,0.4,
03/31/2006,2638.0,,-1773.0,,865.0,,-535.0,,,,,330.0,-61.0,20.0,20.0,,,41.0,269.0,-66.0,203.0,,,,203.0,-19.0,184.0,,,184.0,184.0,,330.799988,0.555,0.555,0.635,333.0,0.555,0.555,0.635,
06/30/2006,2824.0,,-1841.0,,983.0,,-573.0,,,,,410.0,-5.0,21.0,21.0,,0.0,-16.0,405.0,-107.0,298.0,0.0,,,298.0,-18.0,280.0,0.0,0.0,280.0,280.0,,331.799988,0.845,0.845,0.825,333.799988,0.84,0.84,0.82,
09/30/2006,2504.0,,-1650.0,,854.0,,-538.0,,,,,316.0,-215.0,22.0,22.0,,0.0,193.0,101.0,-14.0,87.0,-20.0,,,107.0,-17.0,90.0,0.0,0.0,90.0,90.0,124.0,331.4,0.27,0.21,0.585,333.2,0.27,0.21,0.58,
12/31/2006,1895.0,,-1230.0,,665.0,,-492.0,,,,,173.0,14.0,10.0,20.0,,0.0,-24.0,187.0,-54.0,133.0,-38.0,,,171.0,-14.0,157.0,0.0,0.0,157.0,157.0,,331.399994,0.475,0.36,0.37,333.0,0.47,0.355,0.365,
03/31/2007,2632.0,,-1755.0,,877.0,,-583.0,502.0,,,81.0,294.0,-43.0,,22.0,,0.0,21.0,251.0,-57.0,194.0,-18.0,,,212.0,-18.0,194.0,0.0,0.0,194.0,194.0,,329.2,0.59,0.535,0.555,331.8,0.585,0.53,0.55,
06/30/2007,3155.0,,-2104.0,,1051.0,,-651.0,,,,,400.0,-2.0,23.0,23.0,,0.0,-21.0,398.0,-125.0,273.0,1.0,,,272.0,-23.0,249.0,0.0,0.0,249.0,249.0,5.28,329.6,0.755,0.755,0.77,332.8,0.75,0.75,0.765,
09/30/2007,3073.0,,-2036.0,,1037.0,0.0,-681.0,595.0,,,86.0,356.0,-20.0,,22.0,,0.0,-2.0,336.0,-105.0,231.0,22.0,,,209.0,-18.0,191.0,0.0,0.0,191.0,191.0,,328.8,0.58,0.65,0.705,332.0,0.575,0.645,0.7,
12/31/2007,3104.0,,-2017.0,,1087.0,0.0,-802.0,706.0,,,96.0,285.0,20.0,,26.0,,,-46.0,305.0,-87.0,218.0,1.0,,,217.0,-17.0,200.0,0.0,0.0,200.0,200.0,,328.62,0.61,0.61,0.615,332.0,0.605,0.605,0.61,
03/31/2008,3962.0,,-2737.0,,1225.0,0.0,-1124.0,871.0,,,253.0,101.0,82.0,,64.0,,,-146.0,183.0,-57.0,126.0,,,,126.0,-26.0,100.0,0.0,0.0,100.0,100.0,,329.0,0.305,0.305,0.305,331.2,0.305,0.305,0.305,
06/30/2008,4474.0,,-2829.0,,1645.0,0.0,-1219.0,936.0,,,283.0,426.0,-32.0,,65.0,,,-33.0,394.0,-116.0,278.0,0.0,,,278.0,-28.0,250.0,0.0,0.0,250.0,250.0,,329.2,0.76,0.76,0.880923,331.2,0.755,0.755,0.870604,
09/30/2008,4225.0,,-2701.0,,1524.0,0.0,-1130.0,877.0,,,253.0,394.0,-191.0,,62.0,,,129.0,203.0,-65.0,138.0,0.0,,,138.0,-21.0,117.0,0.0,0.0,117.0,117.0,,329.4,0.355,0.355,0.865209,331.2,0.35,0.35,0.860507,
12/31/2008,3188.0,,-2029.0,,1159.0,0.0,-975.0,857.0,,,118.0,184.0,-56.0,,61.0,,,-5.0,128.0,-46.0,82.0,0.0,,,82.0,-11.0,71.0,0.0,0.0,71.0,71.0,,329.4,0.215,0.215,0.1915,331.0,0.215,0.215,0.1915,
03/31/2009,2783.0,2783.0,-1718.0,1718.0,1065.0,0.0,-1118.0,716.0,94.0,118.0,190.0,-53.0,-58.0,,48.0,,,10.0,-111.0,20.0,-91.0,0.0,0.0,0.0,-91.0,-20.0,-111.0,0.0,0.0,-111.0,33.3,144.3,328.0,-0.34,-0.34,0.101525,328.8,-0.34,-0.34,0.098868,
06/30/2009,3115.0,3115.0,-1898.0,1898.0,1217.0,0.0,-950.0,731.0,97.0,119.0,3.0,267.0,-14.0,,49.0,,,-35.0,253.0,-84.0,169.0,0.0,0.0,0.0,169.0,-23.0,146.0,0.0,0.0,146.0,149.95,3.95,327.6,0.445,0.445,0.457723,328.8,0.445,0.445,0.457014,
09/30/2009,3225.0,3225.0,-1989.0,1989.0,1236.0,0.0,-950.0,732.0,95.0,120.0,3.0,286.0,-11.0,,47.0,,,-36.0,275.0,-90.0,185.0,0.0,0.0,0.0,185.0,-26.0,159.0,0.0,0.0,159.0,165.55,6.55,330.4,0.48,0.48,0.501059,332.0,0.48,0.48,0.499729,
12/31/2009,3116.0,3116.0,-1934.0,1934.0,1182.0,0.0,-985.0,859.0,,123.0,3.0,197.0,3.0,,49.0,,,-52.0,200.0,-37.0,163.0,0.0,0.0,0.0,163.0,-21.0,142.0,0.0,0.0,142.0,129.05,-12.95,332.0,0.43,0.43,0.388705,334.2,0.425,0.425,0.38625,
03/31/2010,3126.0,3126.0,-1944.0,1944.0,1182.0,0.0,-947.0,727.0,96.0,121.0,3.0,235.0,-29.0,,45.0,,,-16.0,206.0,-147.0,59.0,0.0,0.0,0.0,59.0,-29.0,30.0,0.0,0.0,30.0,116.35,86.35,331.8,0.09,0.09,0.350663,334.0,0.09,0.09,0.348533,
06/30/2010,3458.0,3458.0,-2076.0,2076.0,1382.0,0.0,-960.0,745.0,97.0,115.0,3.0,422.0,-10.0,,46.0,,,-36.0,412.0,-111.0,301.0,0.0,0.0,0.0,301.0,-29.0,272.0,0.0,0.0,272.0,266.2,-5.8,330.8,0.82,0.82,0.804716,333.2,0.815,0.815,0.797593,
09/30/2010,3460.0,3460.0,-2108.0,2108.0,1352.0,0.0,-955.0,739.0,97.0,116.0,3.0,397.0,-11.0,37.0,46.0,-9.0,,-26.0,386.0,-94.0,292.0,0.0,0.0,0.0,292.0,-30.0,262.0,0.0,0.0,262.0,281.55,19.55,328.4,0.795,0.795,0.857339,330.8,0.79,0.79,0.849099,
12/31/2010,3379.0,3379.0,-2086.0,2086.0,1293.0,0.0,-992.0,871.0,,118.0,3.0,301.0,-10.0,,52.0,,,-42.0,291.0,-63.0,228.0,0.0,0.0,0.0,228.0,-23.0,205.0,0.0,0.0,205.0,209.6,4.6,325.6,0.63,0.63,0.643734,329.8,0.62,0.62,0.633948,
03/31/2011,3533.0,3533.0,-2127.0,2127.0,1406.0,0.0,-1020.0,797.0,103.0,117.0,3.0,386.0,-35.0,43.0,53.0,-10.0,,-8.0,351.0,-92.0,259.0,0.0,0.0,0.0,259.0,-31.0,228.0,0.0,0.0,228.0,236.45,8.45,320.8,0.71,0.71,0.737063,325.0,0.7,0.7,0.726,
06/30/2011,3986.0,3986.0,-2417.0,2417.0,1569.0,0.0,-1061.0,829.0,110.0,119.0,3.0,508.0,-8.0,44.0,55.0,-11.0,,-36.0,500.0,-128.0,372.0,0.0,0.0,0.0,372.0,-32.0,340.0,0.0,0.0,340.0,336.75,-3.25,316.4,1.075,1.075,1.064318,320.6,1.06,1.06,1.049863,
09/30/2011,3849.0,3849.0,-2353.0,2353.0,1496.0,0.0,-1033.0,806.0,108.0,116.0,3.0,463.0,-1.0,40.0,51.0,-11.0,,-39.0,462.0,-120.0,342.0,0.0,0.0,0.0,342.0,-31.0,311.0,0.0,0.0,311.0,314.9,3.9,313.6,0.99,0.99,1.004145,317.2,0.98,0.98,0.992295,
12/31/2011,3517.0,3517.0,-2184.0,2184.0,1333.0,0.0,-1029.0,911.0,,115.0,3.0,304.0,-20.0,41.0,51.0,-10.0,,-21.0,284.0,-45.0,239.0,0.0,0.0,0.0,239.0,-23.0,216.0,0.0,0.0,216.0,211.45,-4.55,307.4,0.705,0.705,0.687866,311.6,0.695,0.695,0.680398,
03/31/2012,3333.0,3333.0,-1946.0,1946.0,1387.0,0.0,-1252.0,823.0,110.0,108.0,211.0,135.0,-182.0,41.0,51.0,-10.0,,141.0,-47.0,31.0,-16.0,-67.0,-67.0,0.0,51.0,-38.0,13.0,0.0,1.7,14.7,216.3,268.6,305.6,0.04,-0.165,0.707788,309.0,0.04,-0.165,0.704256,
06/30/2012,3528.0,3528.0,-2066.0,2066.0,1462.0,0.0,-1010.0,792.0,113.0,102.0,3.0,452.0,-26.0,41.0,50.0,-9.0,,-15.0,426.0,-98.0,328.0,-68.0,-68.0,0.0,396.0,-34.0,362.0,0.0,0.0,362.0,300.9,6.9,306.4,1.185,0.96,0.98205,310.0,1.17,0.95,0.972258,
09/30/2012,3408.0,3408.0,-1983.0,1983.0,1425.0,0.0,-999.0,779.0,112.0,105.0,3.0,426.0,-24.0,44.0,54.0,-10.0,,-20.0,402.0,-92.0,310.0,-54.0,-54.0,0.0,364.0,-25.0,339.0,0.0,1.8,340.8,360.25,73.45,307.4,1.105,0.932987,1.171926,311.0,1.09,0.916366,1.15254,
12/31/2012,3243.0,3243.0,-1910.0,1910.0,1333.0,0.0,-1033.0,924.0,,106.0,3.0,300.0,-24.0,45.0,55.0,-10.0,,-21.0,276.0,-62.0,214.0,-39.0,-39.0,0.0,253.0,-26.0,227.0,0.0,0.0,227.0,192.95,4.95,308.2,0.735,0.609993,0.626054,312.2,0.73,0.60508,0.620935,
03/31/2013,3108.0,3108.0,-1862.0,1862.0,1246.0,0.0,-959.0,746.0,109.0,101.0,3.0,287.0,-46.0,43.0,53.0,-10.0,,3.0,241.0,-44.0,197.0,-2248.0,-2248.0,0.0,2445.0,-35.0,2410.0,0.0,0.0,2410.0,167.6,5.6,292.2,8.245,0.554415,0.57358,295.4,8.155,0.544979,0.563937,
06/30/2013,3883.0,3883.0,-2263.0,2263.0,1620.0,0.0,-1165.0,925.0,118.0,119.0,3.0,455.0,-33.0,38.0,47.0,-9.0,,-5.0,422.0,-98.0,324.0,-47.0,-47.0,0.0,371.0,-30.0,341.0,0.0,0.0,341.0,310.95,16.95,286.8,1.19,1.025105,1.084205,290.0,1.175,1.012931,1.071379,
09/30/2013,3774.0,3774.0,-2161.0,2161.0,1613.0,0.0,-1241.0,910.0,117.0,113.0,101.0,372.0,-125.0,37.0,48.0,-11.0,,88.0,247.0,-40.0,207.0,-48.0,-48.0,0.0,255.0,-29.0,226.0,0.0,0.0,226.0,312.95,134.95,286.4,0.79,0.621509,1.092702,289.8,0.78,0.614368,1.080035,
12/31/2013,3500.0,3500.0,-2028.0,2028.0,1472.0,0.0,-1145.0,1024.0,,119.0,2.0,327.0,-11.0,35.0,48.0,-13.0,,-24.0,316.0,-71.0,245.0,-37.0,-37.0,0.0,282.0,-28.0,254.0,0.0,0.0,254.0,213.5,-3.5,281.6,0.9,0.770597,0.758167,285.2,0.89,0.760266,0.747995,
03/31/2014,3636.0,3636.0,-2091.0,2091.0,1545.0,0.0,-1142.0,900.0,120.0,119.0,3.0,403.0,-31.0,35.0,47.0,-12.0,,-4.0,372.0,-89.0,283.0,-1018.0,-1018.0,0.0,1301.0,-39.0,1262.0,0.0,0.0,1262.0,247.95,3.95,278.2,4.535,0.877067,0.891266,281.4,4.485,0.867374,0.881411,
06/30/2014,4082.0,4082.0,-2306.0,2306.0,1776.0,0.0,-1229.0,985.0,126.0,115.0,3.0,547.0,-23.0,35.0,48.0,-13.0,,-12.0,524.0,-125.0,399.0,7.0,7.0,0.0,392.0,-6.0,386.0,0.0,0.0,386.0,398.0,5.0,277.2,1.39,1.417749,1.435787,280.2,1.375,0.7,0.717844,
09/30/2014,3935.0,3935.0,-2229.0,2229.0,1706.0,0.0,-1183.0,941.0,120.0,119.0,3.0,523.0,-24.0,34.0,47.0,-13.0,,-10.0,499.0,-116.0,383.0,6.0,6.0,0.0,377.0,-6.0,371.0,0.0,0.0,371.0,394.0,17.0,276.4,1.345,1.363965,1.425471,279.4,1.33,1.351474,1.412319,
12/31/2014,3707.0,3707.0,-2165.0,2165.0,1542.0,0.0,-1184.0,1058.0,,123.0,3.0,358.0,-337.0,33.0,45.0,-12.0,,304.0,21.0,71.0,92.0,3.0,3.0,0.0,89.0,-6.0,83.0,0.0,0.0,83.0,273.5,187.5,274.6,0.305,0.315,0.995994,277.6,0.3,0.31,0.985433,
03/31/2015,3662.0,3662.0,-2065.0,2065.0,1597.0,0.0,-1156.0,914.0,119.0,120.0,3.0,441.0,-11.0,18.0,29.0,-11.0,,-7.0,430.0,-104.0,326.0,-1.0,-1.0,0.0,327.0,-5.0,322.0,0.0,0.0,322.0,328.95,7.95,273.2,1.18,1.175,1.204063,275.6,1.17,1.165,1.193846,
06/30/2015,4100.0,4100.0,-2283.0,2283.0,1817.0,0.0,-1345.0,954.0,123.0,125.0,143.0,472.0,-20.0,24.0,34.0,-10.0,,-4.0,452.0,-110.0,342.0,0.0,0.0,0.0,342.0,-5.0,337.0,0.0,0.0,337.0,459.95,122.95,272.5,1.24,1.24,1.68789,274.7,1.23,1.23,1.677579,
09/30/2015,3725.0,3725.0,-2049.0,2049.0,1676.0,0.0,-1112.0,875.0,117.0,120.0,0.0,564.0,-10.0,21.0,31.0,-10.0,,-11.0,554.0,-133.0,421.0,-18.0,-18.0,0.0,439.0,-6.0,433.0,0.0,0.0,433.0,422.95,7.95,271.1,1.6,1.53,1.560125,273.1,1.59,1.52,1.54911,
12/31/2015,3552.0,3552.0,-1997.0,1997.0,1555.0,0.0,-1150.0,1031.0,,119.0,0.0,405.0,-15.0,23.0,31.0,-8.0,,-8.0,390.0,-91.0,299.0,-19.0,-19.0,0.0,318.0,-4.0,314.0,0.0,0.0,314.0,314.95,19.95,269.2,1.17,1.1,1.169948,271.2,1.16,1.09,1.163562,
03/31/2016,3544.0,3544.0,-1920.0,1920.0,1624.0,0.0,-1140.0,906.0,116.0,115.0,3.0,484.0,-28.0,24.0,30.0,-6.0,,4.0,456.0,-112.0,344.0,-10.0,-10.0,0.0,354.0,-7.0,347.0,0.0,0.0,347.0,346.2,9.2,267.6,1.3,1.26,1.293722,269.4,1.29,1.25,1.28415,
06/30/2016,3782.0,3782.0,-1988.0,1988.0,1794.0,0.0,-1156.0,930.0,115.0,109.0,2.0,638.0,-8.0,24.0,31.0,-7.0,,-16.0,630.0,-285.0,345.0,-31.0,-31.0,0.0,376.0,-6.0,370.0,0.0,0.0,370.0,482.25,143.25,267.2,1.38,1.26,1.804828,269.1,1.37,1.25,1.78233,
09/30/2016,3660.0,3660.0,-1978.0,1978.0,1682.0,0.0,-1121.0,893.0,115.0,113.0,0.0,561.0,-987.0,28.0,34.0,-6.0,,959.0,-426.0,220.0,-206.0,-27.0,-27.0,0.0,-179.0,-5.0,-184.0,0.0,0.0,-184.0,405.0,616.0,266.3,-0.69,-0.79,1.520841,266.3,-0.69,-0.79,1.520841,
12/31/2016,3284.0,3284.0,-1807.0,1807.0,1477.0,0.0,-1070.0,859.0,113.0,103.0,-5.0,407.0,-288.0,23.0,30.0,-7.0,,265.0,119.0,-37.0,82.0,-262.0,-262.0,0.0,344.0,-4.0,340.0,0.0,0.0,340.0,268.8,190.8,261.3,1.301186,0.298507,1.028703,264.8,1.283988,0.294562,1.015106,
03/31/2017,3486.0,3486.0,-1902.0,1902.0,1584.0,0.0,-1094.0,875.0,109.0,110.0,0.0,490.0,-44.0,21.0,25.0,-4.0,,23.0,446.0,-110.0,336.0,-6.0,-6.0,0.0,342.0,-5.0,337.0,0.0,0.0,337.0,348.0,17.0,257.6,1.31,1.29,1.350932,259.5,1.3,1.28,1.345511,
06/30/2017,3804.0,3804.0,-2083.0,2083.0,1721.0,0.0,-1101.0,876.0,112.0,113.0,0.0,620.0,39.0,22.0,26.0,-4.0,,-61.0,659.0,-157.0,502.0,1.0,1.0,0.0,501.0,-5.0,496.0,0.0,0.0,496.0,465.65,-31.35,257.1,1.93,1.93,1.811163,259.0,1.92,1.92,1.798958,
09/30/2017,3776.0,3776.0,-2104.0,2104.0,1672.0,0.0,-1125.0,894.0,114.0,117.0,0.0,547.0,-24.0,22.0,27.0,-5.0,,2.0,523.0,-124.0,399.0,-217.0,-217.0,0.0,616.0,-6.0,610.0,0.0,0.0,610.0,394.95,1.95,256.4,2.38,1.53,1.540367,258.2,2.36,1.52,1.527552,
12/31/2017,3682.0,3682.0,-2120.0,2120.0,1562.0,0.0,-1145.0,909.0,116.0,120.0,0.0,417.0,-40.0,20.0,27.0,-7.0,,20.0,377.0,-224.0,153.0,-3.0,-3.0,0.0,156.0,-5.0,151.0,0.0,0.0,151.0,305.0,157.0,253.6,0.6,0.59,1.202681,255.4,0.59,0.58,1.194722,
03/31/2018,3781.0,3781.0,-2181.0,2181.0,1600.0,0.0,-1141.0,906.0,112.0,123.0,0.0,459.0,-38.0,21.0,26.0,-5.0,,17.0,421.0,-87.0,334.0,-6.0,-6.0,0.0,340.0,-6.0,334.0,0.0,0.0,334.0,342.0,14.0,249.8,1.34,1.32,1.369095,251.4,1.33,1.31,1.365688,
06/30/2018,4131.0,4131.0,-2379.0,2379.0,1752.0,0.0,-1184.0,945.0,114.0,125.0,0.0,568.0,-89.0,24.0,31.0,-7.0,,65.0,479.0,-104.0,375.0,0.0,0.0,0.0,375.0,-4.0,371.0,0.0,0.0,371.0,491.0,120.0,244.9,1.51,1.51,2.0049,246.4,1.51,1.51,1.997013,
09/30/2018,3817.0,3817.0,-2253.0,2253.0,1564.0,0.0,-1099.0,867.0,110.0,122.0,0.0,465.0,-14.0,25.0,31.0,-6.0,,-11.0,451.0,-79.0,372.0,-10.0,-10.0,0.0,382.0,-4.0,378.0,0.0,0.0,378.0,353.0,-15.0,242.2,1.56,1.52,1.457473,243.6,1.55,1.51,1.448424,
12/31/2018,3645.0,3645.0,-2188.0,2188.0,1457.0,0.0,-1087.0,855.0,105.0,127.0,0.0,370.0,-28.0,25.0,30.0,-5.0,,3.0,342.0,-83.0,259.0,-2.0,-2.0,0.0,261.0,-3.0,258.0,0.0,0.0,258.0,271.0,15.0,238.5,1.08,1.07,1.136268,239.8,1.08,1.07,1.132552,
03/31/2019,3624.0,3624.0,-2073.0,2073.0,1551.0,0.0,-1112.0,889.0,105.0,118.0,0.0,439.0,-20.0,25.0,31.0,-6.0,,-5.0,419.0,-102.0,317.0,0.0,0.0,0.0,317.0,-5.0,312.0,0.0,0.0,312.0,327.0,15.0,236.7,1.32,1.32,1.381496,238.0,1.31,1.31,1.373025,
06/30/2019,4024.0,4024.0,-2288.0,2288.0,1736.0,0.0,-1171.0,934.0,111.0,126.0,0.0,565.0,-202.0,28.0,35.0,-7.0,,174.0,363.0,-86.0,277.0,-2.0,-2.0,0.0,279.0,-7.0,272.0,0.0,0.0,272.0,464.98,194.98,236.9,1.15,1.14,1.962769,238.3,1.14,1.13,1.948212,
09/30/2019,3826.0,3826.0,-2181.0,2181.0,1645.0,0.0,-1127.0,887.0,107.0,133.0,0.0,518.0,-37.0,23.0,33.0,-10.0,,14.0,481.0,-109.0,372.0,-1.0,-1.0,0.0,373.0,-6.0,367.0,0.0,0.0,367.0,417.13,51.13,237.1,1.55,1.55,1.7593,238.5,1.54,1.54,1.754382,
12/31/2019,3672.0,3672.0,-2111.0,2111.0,1561.0,0.0,-1137.0,894.0,109.0,134.0,0.0,424.0,-26.0,24.0,33.0,-9.0,,2.0,398.0,-95.0,303.0,3.0,3.0,0.0,300.0,-8.0,292.0,0.0,0.0,292.0,311.85,16.85,237.0,1.23,1.24,1.315823,238.6,1.22,1.24,1.31062,
03/31/2020,3377.0,3377.0,-1908.0,1908.0,1469.0,0.0,-1135.0,905.0,101.0,129.0,0.0,334.0,-15.0,23.0,32.0,-9.0,,-8.0,319.0,-71.0,248.0,0.0,0.0,0.0,248.0,-5.0,243.0,0.0,0.0,243.0,254.53,11.53,236.5,1.03,1.03,1.076237,237.7,1.02,1.02,1.068507,
06/30/2020,3015.0,3015.0,-1703.0,1703.0,1312.0,0.0,-975.0,766.0,86.0,123.0,0.0,337.0,-211.0,36.0,41.0,-5.0,,175.0,126.0,-29.0,97.0,-3.0,-3.0,0.0,100.0,2.0,102.0,0.0,0.0,102.0,229.080925,130.080925,236.6,0.43,0.42,0.96822,237.6,0.43,0.42,0.967479,
09/30/2020,3486.368,,,,1549.48139392,,,,,,,455.333,,,,,,,431.714,,321.556,,,,,,321.556,,,321.556,325.6,,,1.382,1.382,1.39,,1.382,1.382,1.39,
12/31/2020,3505.889,,,,1540.94339217,,,,,,,440.364,,,,,,,409.857,,298.625,,,,,,298.625,,,298.625,306.429,,,1.243,1.243,1.295,,1.243,1.243,1.295,
