Date,Revenue,Revenue From Electric,Regulated Electric Revenue,Revenue from Gas,Revenue from Water,Other Revenue,Cost of Revenue,Fuel & Purchased Power Cost,Fuel Cost,Purchased Power Cost,Purchased Gas & Water Cost,Other Cost of Revenue,Gross Profit,Operating Expenses,Maintenance Expenses,Depreciation Expenses,Taxes Other Than Income,Other Operating Expense,Operating Income (Loss),Non-Operating (Income) Loss,"Interest Expense, Net",Total Interest Income,AFUDC - Equity,Interest Income,Interest Expense,Interest Expenses on Bonds,AFUDC - Debts,Other Interest Expenses,Other Non-Op (Income) Loss,Pretax Income,Income Tax Expense (Benefit),Income (Loss) from Cont Ops,Net Extraordinary Losses (Gains),Discontinued Operations,XO & Accounting Changes,Income (Loss) Incl. MI,Minority Interest,"Net Income, GAAP",Preferred Dividends,Other Adjustments,"Net Income Avail to Common, GAAP","Net Income Avail to Common, Adj",Net Abnormal Losses (Gains),Basic Weighted Avg Shares,"Basic EPS, GAAP",Basic EPS from Cont Ops,"Basic EPS from Cont Ops, Adjusted",Diluted Weighted Avg Shares,"Diluted EPS, GAAP",Diluted EPS from Cont Ops,"Diluted EPS from Cont Ops, Adjusted",Source: Bloomberg
03/31/1990,691.935974,691.935974,,0.0,0.0,0.0,-202.371994,202.371998,150.242996,52.129002,0.0,,489.56398,-255.354996,48.584999,58.883999,46.945999,100.940002,234.209,-63.602999,,,1.032,,65.195999,61.279999,-1.858,5.774,-0.561,170.606,-62.98,107.625999,0.0,,,107.626001,0.0,107.625999,-11.689,,95.936999,95.936999,,301.691986,0.3175,0.3175,0.3175,301.691986,0.3175,0.3175,0.3175,
06/30/1990,626.174011,626.174011,,0.0,0.0,0.0,-197.699005,197.698994,142.082993,55.616001,0.0,,428.475006,-262.201996,61.195,58.898998,40.869999,101.237999,166.272995,-62.820998,,,0.899,,65.420998,60.794998,-1.713,6.339,-1.701,103.451997,-36.632,66.82,0.0,,,66.819997,0.0,66.82,-11.629,,55.191,55.191,,301.691986,0.1825,0.1825,0.1825,301.691986,0.1825,0.1825,0.1825,
09/30/1990,665.546021,665.546021,,0.0,0.0,0.0,-215.179993,215.180004,160.897003,54.283001,0.0,,450.366028,-258.483002,53.801998,58.742001,41.922001,104.016998,191.882996,-61.930997,,,0.877,,64.462997,60.521999,-2.457,6.398,-1.655,129.951998,-47.094002,82.858002,0.0,,,82.857996,0.0,82.858002,-11.461,,71.397001,71.397001,,301.772003,0.2375,0.2375,0.2375,301.772003,0.2375,0.2375,0.2375,
12/31/1990,653.606995,653.606995,,0.0,0.0,0.0,-192.356995,192.357002,126.049004,66.307999,0.0,,461.25,-266.947998,59.945999,57.727001,40.495998,108.778999,194.302002,-60.279002,,,0.704,,62.969002,56.653,-2.732,9.048,-1.986,134.023,-47.421001,86.601997,0.0,,,86.601999,0.0,86.601997,-11.346,,75.255998,75.255998,,302.235992,0.25,0.25,0.25,302.235992,0.25,0.25,0.25,
03/31/1991,721.359009,721.359009,,0.0,0.0,0.0,-218.503998,218.503994,154.901993,63.602001,0.0,,502.855011,-265.21701,48.076,62.240002,47.096001,107.805,237.638,-59.98,,,0.0,,61.194,56.598,-2.389,6.985,-1.214,177.658,-67.276001,110.382004,0.0,,,110.381999,0.0,110.382004,-11.346,,99.036004,99.036004,,302.623993,0.3275,0.3275,0.3275,302.623993,0.3275,0.3275,0.3275,
06/30/1991,654.91803,654.91803,,0.0,0.0,0.0,-214.067993,214.068008,151.404007,62.664001,0.0,,440.850037,-267.811005,52.745998,61.551998,41.712002,111.801003,173.039001,-59.005,,,0.263,,60.778,56.511002,-2.227,6.494,-1.51,114.034002,-41.558998,72.474998,0.0,,,72.475003,0.0,72.474998,-11.286,,61.188998,61.188998,,302.691986,0.2025,0.2025,0.2025,302.691986,0.2025,0.2025,0.2025,
09/30/1991,670.971008,670.971008,,0.0,0.0,0.0,-204.317001,204.317005,140.546005,63.771,0.0,,466.654007,-277.19101,54.159,61.612,49.105,112.315002,189.462997,-58.978998,,,0.767,,61.537998,59.119999,-2.34,4.758,-1.792,130.483999,-49.632999,80.850998,0.0,,,80.851,0.0,80.850998,-11.118,,69.732998,69.732998,,302.76001,0.23,0.23,0.23,302.76001,0.23,0.23,0.23,
12/31/1991,692.679016,692.679016,,0.0,0.0,0.0,-205.755997,205.756004,139.473007,66.282997,0.0,,486.923019,-287.365997,51.880001,60.807999,52.513,122.165001,199.557007,-56.856001,,,1.931,,61.887001,59.862999,-1.993,4.017,-3.1,142.701006,-57.994999,84.706001,0.0,,,84.706007,0.0,84.706001,-10.937,,73.769001,73.769001,,302.980011,0.2425,0.2425,0.2425,302.980011,0.2425,0.2425,0.2425,
03/31/1992,756.833984,756.833984,,0.0,0.0,0.0,-223.167999,223.167999,155.703003,67.464996,0.0,,533.665985,-280.627014,42.007999,65.526001,61.103001,111.989998,253.039001,-57.908001,,,1.682,,61.005001,59.577999,-2.073,3.5,-1.415,195.131,-82.106003,113.025002,0.0,,,113.024998,0.0,113.025002,-10.422,,102.603002,102.603002,,303.31601,0.3375,0.3375,0.3375,303.31601,0.3375,0.3375,0.3375,
06/30/1992,645.093018,645.093018,,0.0,0.0,0.0,-196.492996,196.492996,133.020996,63.472,0.0,,448.600021,-274.936005,48.702999,65.542,47.033001,113.657997,173.664001,-58.029002,,,1.176,,63.157001,61.799999,-2.147,3.504,-3.952,115.635,-45.845001,69.790001,0.0,,,69.789999,0.0,69.790001,-10.104,,59.686001,59.686001,,303.317993,0.195,0.195,0.195,303.317993,0.195,0.195,0.195,
09/30/1992,655.911987,655.911987,,0.0,0.0,0.0,-206.572006,206.572006,141.354004,65.218002,0.0,,449.339981,-276.712006,50.650002,65.505997,47.153,113.403,172.628006,-54.745,,,1.715,,60.556,59.145,-1.903,3.314,-4.096,117.883006,-44.983002,72.900002,0.0,,,72.900005,0.0,72.900002,-10.075,,62.825002,62.825002,,303.317993,0.205,0.205,0.205,303.317993,0.205,0.205,0.205,
12/31/1992,686.28302,686.28302,,0.0,0.0,0.0,-194.626999,194.626999,115.282997,79.344002,0.0,,491.656021,-289.216003,59.893002,61.783001,50.028999,117.511002,202.440002,-55.703002,,,2.198,,60.775002,59.737,-2.046,3.084,-2.874,146.737,-55.728001,91.009003,0.0,,,91.008999,0.0,91.009003,-9.894,,81.115003,81.115003,,303.455994,0.265,0.265,0.265,303.455994,0.265,0.265,0.265,
03/31/1993,727.385986,727.385986,,0.0,0.0,0.0,-196.225006,196.225006,131.313004,64.912003,0.0,,531.16098,-280.19101,41.120998,68.634003,55.825001,114.611,250.970001,-55.692,,,1.999,,60.584,59.387001,-1.83,3.027,-2.893,195.278001,-79.528,115.75,0.0,,,115.750002,0.0,115.75,-9.544,,106.206,106.206,,303.769989,0.35,0.35,0.35,303.769989,0.35,0.35,0.35,
06/30/1993,620.439026,620.439026,,0.0,0.0,0.0,-172.143005,172.142998,107.929001,64.213997,0.0,,448.296021,-279.996002,47.422001,68.624001,47.972,115.977997,168.300003,-53.953001,,,2.151,,59.443001,57.638,-2.047,3.852,-3.339,114.347002,-44.48,69.866997,0.0,,,69.867003,0.0,69.866997,-9.636,,60.230997,60.230997,,303.769989,0.2,0.2,0.2,303.769989,0.2,0.2,0.2,
09/30/1993,683.466003,683.466003,,0.0,0.0,0.0,-201.266006,201.266006,135.199005,66.067001,0.0,,482.199997,-290.230988,51.893002,68.510002,49.879002,119.948997,191.968994,-52.562001,,,1.688,,56.679001,54.429001,-1.905,4.155,-2.429,139.406993,-57.632,81.775002,0.0,,,81.774993,0.0,81.775002,-6.949,,74.826002,74.826002,,303.769989,0.245,0.245,0.245,303.769989,0.245,0.245,0.245,
12/31/1993,695.710999,695.710999,,0.0,0.0,0.0,-216.065994,216.066002,132.459,83.607002,0.0,,479.645005,-292.911987,52.806,65.622002,50.291,124.193001,186.733002,-53.755,,,2.143,,55.937,54.346001,-1.818,3.409,-0.039,132.978002,-52.243999,80.734001,0.0,,,80.734003,0.0,80.734001,-7.756,,72.978001,72.978001,,303.899994,0.24,0.24,0.24,303.899994,0.24,0.24,0.24,
03/31/1994,769.453003,769.453003,,0.0,0.0,0.0,-225.190002,225.190002,144.785004,80.404999,0.0,,544.263,-286.161987,38.674,72.099998,57.223999,118.164001,258.101013,-56.992999,,,0.916,,56.584999,54.575001,-1.414,3.424,1.324,201.108014,-87.442001,113.666,0.0,,,113.666013,0.0,113.666,-7.578,,106.088,106.088,,304.264008,0.35,0.35,0.35,304.264008,0.35,0.35,0.35,
06/30/1994,640.218018,640.218018,,0.0,0.0,0.0,-177.975006,177.974998,102.530998,75.444,0.0,,462.243011,-314.550995,51.764,72.129997,49.056,141.600998,147.692001,-54.379,,,1.636,,56.063,52.803001,-2.486,5.746,-0.048,93.313002,-39.313999,53.999001,0.0,,,53.999002,0.0,53.999001,-6.942,,47.057001,47.057001,,305.514008,0.155,0.155,0.155,305.514008,0.155,0.155,0.155,
09/30/1994,661.142029,661.142029,,0.0,0.0,0.0,-183.865005,183.864998,117.797997,66.067001,0.0,,477.277023,-287.391998,43.207001,72.128998,46.992001,125.064003,189.884995,-54.978998,,,0.0,,57.106998,52.445,-1.943,6.605,-2.128,134.905996,-57.952,76.954002,0.0,,,76.953996,0.0,76.954002,-6.942,,70.012002,70.012002,,307.578003,0.23,0.23,0.23,307.578003,0.23,0.23,0.23,
12/31/1994,654.286011,654.286011,,0.0,0.0,0.0,-159.218002,159.218003,93.818001,65.400002,0.0,,495.068009,-371.355011,46.347,72.400002,47.889,204.718994,123.712997,-129.117999,,,2.134,,56.501999,54.567001,-2.549,4.484,74.75,-5.405002,5.126,-0.279,0.0,,,-0.279002,0.0,-0.279,-6.943,,-7.222,-7.222,,309.79599,-0.025,-0.025,-0.025,309.79599,-0.025,-0.025,-0.025,
03/31/1995,727.484985,727.484985,,0.0,0.0,0.0,-187.580002,187.580002,113.973,73.607002,0.0,,539.904984,-296.161987,34.884998,77.453003,53.665001,130.158997,243.742996,-53.506999,,,2.272,,56.369999,54.779999,-2.21,3.8,-0.591,190.235997,-81.973999,108.262001,0.0,,,108.261998,0.0,108.262001,-6.942,,101.320001,101.320001,,312.325989,0.325,0.325,0.325,312.325989,0.325,0.325,0.325,
06/30/1995,609.213013,609.213013,,0.0,0.0,0.0,-160.901001,160.901001,86.611,74.290001,0.0,,448.312012,-308.410004,50.335999,77.433998,47.666,132.973999,139.901993,-52.496998,,,1.732,,56.502998,53.432999,-2.516,5.586,-2.274,87.404994,-35.743999,51.660999,0.0,,,51.660995,0.0,51.660999,-6.942,,44.718999,44.718999,,314.321991,0.14,0.14,0.14,314.321991,0.14,0.14,0.14,
09/30/1995,682.249023,682.249023,,0.0,0.0,0.0,-192.115997,192.115997,125.973999,66.141998,0.0,,490.133026,-218.781998,38.487999,77.436996,48.216999,54.639999,271.351013,-76.771003,,,0.068,,56.601002,52.851002,-2.27,6.02,20.238001,194.580011,-100.458,94.122002,0.0,,,94.12201,0.0,94.122002,-6.942,,87.180002,87.180002,,316.261993,0.275,0.275,0.275,316.261993,0.275,0.275,0.275,
12/31/1995,732.851013,732.851013,,0.0,0.0,0.0,-188.572006,188.571999,111.670998,76.901001,0.0,,544.279007,-363.878998,61.846001,69.913002,51.085999,181.033997,180.399994,-16.688998,,,0.092,,56.417999,52.348999,-0.912,4.981,-39.637001,163.710996,-67.334999,96.375999,0.0,,,96.375997,0.0,96.375999,-6.942,,89.433999,89.433999,,317.98001,0.28,0.28,0.28,317.98001,0.28,0.28,0.28,
03/31/1996,789.0,789.0,,0.0,0.0,0.0,-215.0,215.0,124.0,91.0,0.0,,574.0,-309.0,40.0,73.0,57.0,139.0,265.0,-53.0,,,1.0,,54.0,52.0,-2.0,4.0,0.0,212.0,-89.0,123.0,0.0,,,123.0,0.0,123.0,-7.0,,116.0,116.0,,319.779999,0.365,0.365,0.365,319.779999,0.365,0.365,0.365,
06/30/1996,669.0,669.0,,0.0,0.0,0.0,-175.0,175.0,101.0,74.0,0.0,,494.0,-321.0,55.0,90.0,49.0,127.0,173.0,-52.0,,,,,54.0,52.0,,2.0,-2.0,121.0,-53.0,68.0,0.0,,,68.0,0.0,68.0,-7.0,,61.0,61.0,,321.220001,0.19,0.19,0.19,321.220001,0.19,0.19,0.19,
09/30/1996,715.0,715.0,,0.0,0.0,0.0,-208.0,208.0,124.0,84.0,0.0,,507.0,-319.0,40.0,91.0,50.0,138.0,188.0,-50.0,,,,,56.0,52.0,,4.0,-6.0,138.0,-52.0,86.0,0.0,,,86.0,0.0,86.0,-7.0,,79.0,79.0,,322.720001,0.245,0.245,0.245,322.720001,0.245,0.245,0.245,
12/31/1996,737.0,737.0,,0.0,0.0,0.0,-202.0,202.0,99.0,103.0,0.0,,535.0,-352.0,56.0,109.0,47.0,140.0,183.0,-44.0,,,,,56.0,51.0,,5.0,-12.0,139.0,-59.0,80.0,0.0,,,80.0,0.0,80.0,-7.0,,73.0,73.0,,324.436004,0.225,0.225,0.225,324.436004,0.225,0.225,0.225,
03/31/1997,786.0,786.0,,0.0,0.0,0.0,-227.0,227.0,111.0,116.0,0.0,,559.0,-300.0,35.0,92.0,56.0,117.0,259.0,-47.0,,,,,54.0,51.0,,3.0,-7.0,212.0,-88.0,124.0,0.0,,,124.0,0.0,124.0,-7.0,,117.0,117.0,,326.384003,0.36,0.36,0.38,326.384003,0.36,0.36,0.38,
06/30/1997,686.0,686.0,,0.0,0.0,0.0,-209.0,209.0,105.0,104.0,0.0,,477.0,-313.0,49.0,93.0,50.0,121.0,164.0,-49.0,,,,,55.0,48.0,,7.0,-6.0,115.0,-46.0,69.0,0.0,,,69.0,0.0,69.0,-4.0,,65.0,65.0,,328.135986,0.195,0.195,0.195,328.135986,0.195,0.195,0.195,
09/30/1997,778.0,778.0,,0.0,0.0,0.0,-272.0,272.0,134.0,138.0,0.0,,506.0,-315.0,46.0,94.0,50.0,125.0,191.0,-90.0,,,,,53.0,48.0,,5.0,37.0,101.0,-53.0,48.0,0.0,,,48.0,0.0,48.0,-6.0,,42.0,42.0,,329.921997,0.125,0.125,0.24,329.921997,0.125,0.125,0.24,
12/31/1997,799.0,799.0,,0.0,0.0,0.0,-262.0,262.0,116.0,146.0,0.0,,537.0,-359.0,54.0,95.0,48.0,162.0,178.0,-48.0,,,,,53.0,49.0,,4.0,-5.0,130.0,-51.0,79.0,0.0,,,79.0,0.0,79.0,-7.0,,72.0,72.0,,331.626007,0.22,0.22,0.22,331.626007,0.22,0.22,0.22,
03/31/1998,880.0,861.0,,0.0,0.0,19.0,-327.0,327.0,113.0,214.0,0.0,,553.0,-317.0,38.0,94.0,54.0,131.0,236.0,-45.0,,,,,52.0,49.0,,3.0,-7.0,191.0,-84.0,107.0,0.0,,,107.0,0.0,107.0,-6.0,,101.0,101.0,,333.467987,0.303,0.303,0.358,333.467987,0.303,0.303,0.358,
06/30/1998,838.0,817.0,,0.0,0.0,21.0,-336.0,336.0,118.0,218.0,0.0,,502.0,-354.0,53.0,94.0,49.0,158.0,148.0,-50.0,,,,,54.0,54.0,,0.0,-4.0,98.0,-38.0,60.0,948.0,,,-888.0,0.0,-888.0,-6.0,,-894.0,-894.0,,334.872009,-2.67,0.16,0.16,334.872009,-2.67,0.16,0.16,
09/30/1998,1166.0,1130.0,,6.0,0.0,30.0,-564.0,562.0,147.0,415.0,2.0,,602.0,-340.0,39.0,68.0,34.0,199.0,262.0,-42.0,,,,,58.0,58.0,,0.0,-16.0,220.0,-78.0,142.0,0.0,,,142.0,0.0,142.0,-6.0,,136.0,136.0,,333.303986,0.405,0.405,0.27,333.303986,0.405,0.405,0.27,
12/31/1998,902.0,825.0,,29.0,0.0,48.0,-326.0,315.0,102.0,213.0,11.0,,576.0,-395.0,52.0,82.0,51.0,210.0,181.0,-27.0,,,0.0,,69.0,69.0,,,-42.0,154.0,-59.0,95.0,0.0,,,95.0,0.0,95.0,-7.0,,88.0,88.0,,314.303986,0.28,0.28,0.28,314.303986,0.28,0.28,0.28,
03/31/1999,1067.0,964.0,,45.0,0.0,58.0,-401.0,378.0,123.0,255.0,23.0,,666.0,-404.0,39.0,60.0,53.0,252.0,262.0,-62.0,,,,,62.0,62.0,,,0.0,200.0,-74.0,126.0,0.0,,,126.0,0.0,126.0,-6.0,,120.0,120.0,,315.242,0.3805,0.3805,0.3805,315.242,0.3805,0.3805,0.3805,
06/30/1999,1004.0,921.0,,23.0,0.0,60.0,-458.0,448.0,97.0,351.0,10.0,,546.0,-382.0,57.0,61.0,43.0,221.0,164.0,-54.0,,,0.0,,61.0,61.0,,,-7.0,110.0,-40.0,70.0,0.0,,,70.0,0.0,70.0,-7.0,,63.0,63.0,,315.388,0.2,0.2,0.2,315.388,0.2,0.2,0.2,
09/30/1999,1386.0,1308.0,,13.0,0.0,65.0,-691.0,688.0,131.0,557.0,3.0,,695.0,-457.0,53.0,73.0,40.0,291.0,238.0,-80.0,,,,,80.0,80.0,,,0.0,158.0,22.0,180.0,59.0,,,121.0,-13.0,108.0,-6.0,,102.0,102.0,,301.388,0.34,0.535,0.47,301.388,0.34,0.535,0.47,
12/31/1999,1133.0,1011.0,,28.0,0.0,94.0,-460.0,450.0,95.0,355.0,10.0,,673.0,-465.0,66.0,63.0,25.0,311.0,208.0,16.0,,,,,74.0,74.0,,,-90.0,224.0,-82.0,142.0,-13.0,,,155.0,-1.0,154.0,-7.0,,147.0,147.0,,287.39,0.51,0.51,0.32,287.39,0.51,0.51,0.32,
03/31/2000,1413.0,1249.0,,58.0,0.0,106.0,-608.0,584.0,121.0,463.0,24.0,,805.0,-485.0,46.0,68.0,60.0,311.0,320.0,-89.0,,,,,88.0,88.0,,,1.0,231.0,-82.0,149.0,0.0,,,149.0,-1.0,148.0,-6.0,,142.0,142.0,,287.394,0.495,0.495,0.495,287.522,0.495,0.495,0.495,
06/30/2000,1297.0,1166.0,,36.0,0.0,95.0,-593.0,579.0,95.0,484.0,14.0,,704.0,-463.0,74.0,70.0,49.0,270.0,241.0,-84.0,,,,,92.0,92.0,,,-8.0,157.0,-58.0,99.0,0.0,,,99.0,0.0,99.0,-7.0,,92.0,92.0,,288.274,0.32,0.32,0.32,288.468,0.32,0.32,0.32,
09/30/2000,1468.0,751.0,,,0.0,717.0,-690.0,690.0,136.0,554.0,,,778.0,-465.0,54.0,58.0,38.0,315.0,313.0,-93.0,,,,,94.0,94.0,,,-1.0,220.0,-75.0,145.0,0.0,,,145.0,-3.0,142.0,-6.0,,136.0,136.0,,289.156,0.47,0.47,0.405,290.194,0.47,0.47,0.405,
12/31/2000,1515.0,1304.0,,63.0,0.0,148.0,-570.0,545.0,124.0,421.0,25.0,,945.0,-617.0,86.0,65.0,45.0,421.0,328.0,-114.0,,,,,102.0,102.0,,,12.0,214.0,-79.0,135.0,0.0,,,135.0,0.0,135.0,-7.0,,128.0,128.0,,289.812,0.44,0.44,0.44,294.252,0.435,0.435,0.435,
03/31/2001,1566.0,956.0,,,0.0,610.0,-583.0,583.0,187.0,396.0,0.0,,983.0,-527.0,54.0,63.0,41.0,369.0,456.0,-100.0,,,,,104.0,104.0,,,-4.0,356.0,-126.0,230.0,0.0,,,230.0,-2.0,228.0,-6.0,,222.0,222.0,,290.634,0.765,0.765,0.765,292.488,0.76,0.76,0.76,
06/30/2001,1411.0,799.0,,,,612.0,-554.0,554.0,554.0,,0.0,,857.0,-609.0,94.0,122.0,39.0,354.0,248.0,-82.0,,,0.0,,88.0,88.0,0.0,0.0,-6.0,166.0,-35.0,131.0,0.0,,,131.0,-1.0,130.0,-13.0,,117.0,117.0,,291.802,0.4,0.4,0.36,293.4,0.4,0.4,0.36,
09/30/2001,1225.0,826.0,,,,399.0,-315.0,315.0,315.0,0.0,,,910.0,-573.0,55.0,132.0,40.0,346.0,337.0,-82.0,,,0.0,,91.0,91.0,0.0,0.0,-9.0,255.0,-86.0,169.0,0.0,,,169.0,-1.0,168.0,-16.0,,152.0,152.0,,292.482,0.52,0.52,0.52,293.506,0.52,0.52,0.52,
12/31/2001,1312.0,791.0,,,0.0,521.0,-461.0,461.0,149.0,312.0,,,851.0,-554.0,70.0,64.0,35.0,385.0,297.0,-594.0,,,,,104.0,104.0,,,490.0,-297.0,-14.0,-311.0,-10.0,,,-301.0,6.0,-295.0,-17.0,,-312.0,-312.0,,292.966,-1.065,-1.1,0.435,293.608,-1.065,-1.1,0.435,
03/31/2002,1354.0,1000.0,,,0.0,354.0,-345.0,345.0,147.0,198.0,,,1009.0,-603.0,69.0,139.0,61.0,334.0,406.0,-129.0,,,0.0,,130.0,130.0,0.0,0.0,-1.0,277.0,-86.0,191.0,150.0,,,41.0,-26.0,15.0,-18.0,,-3.0,-3.0,,293.506,-0.01,0.5,0.53,294.182,-0.01,0.5,0.53,
06/30/2002,1299.0,930.0,,,0.0,369.0,-341.0,341.0,127.0,214.0,0.0,,958.0,-612.0,81.0,141.0,58.0,332.0,346.0,-296.0,,,0.0,,132.0,132.0,0.0,0.0,164.0,50.0,-29.0,21.0,0.0,,,21.0,-30.0,-9.0,-18.0,0.0,-27.0,-27.0,,294.298,-0.09,-0.09,0.375,294.298,-0.09,-0.09,0.375,
09/30/2002,1492.0,980.0,,,0.0,512.0,-459.0,459.0,161.0,298.0,,,1033.0,-638.0,73.0,154.0,54.0,357.0,395.0,-158.0,,,0.0,,168.0,168.0,0.0,0.0,-10.0,237.0,-79.0,158.0,0.0,,,158.0,-20.0,138.0,-16.0,,122.0,122.0,,303.13,0.405,0.405,0.48,303.694,0.4,0.4,0.475,
12/31/2002,1327.0,947.0,,,0.0,380.0,-342.0,342.0,342.0,,,,985.0,-656.0,,98.0,60.0,498.0,329.0,-180.0,,,,,138.0,138.0,,,42.0,149.0,-17.0,132.0,0.0,,,132.0,-2.0,130.0,-14.0,0.0,116.0,116.0,,329.484,0.355,0.355,0.41,330.062,0.355,0.355,0.41,
03/31/2003,1490.0,1020.0,,,0.0,470.0,-499.0,499.0,197.0,302.0,,,991.0,-634.0,73.0,96.0,65.0,400.0,357.0,-111.0,,,0.0,,121.0,108.0,0.0,13.0,-10.0,246.0,-69.0,177.0,-63.0,,,240.0,-1.0,239.0,0.0,,239.0,239.0,,333.012,0.715,0.53,0.53,334.032,0.715,0.53,0.53,
06/30/2003,1339.0,862.0,,,0.0,477.0,-637.0,637.0,386.0,251.0,,,702.0,-416.0,88.0,92.0,60.0,264.0,286.0,-119.0,,,0.0,,142.0,128.0,0.0,14.0,-23.0,167.0,-49.0,118.0,1.0,,,117.0,-1.0,116.0,0.0,0.0,116.0,116.0,,343.784,0.34,0.34,0.34,345.082,0.335,0.335,0.335,
09/30/2003,1462.0,929.0,,,0.0,533.0,-457.0,457.0,166.0,291.0,,,1005.0,-633.0,,164.0,64.0,405.0,372.0,-113.0,,,0.0,,119.0,119.0,0.0,0.0,-6.0,259.0,-83.0,176.0,0.0,,,176.0,-3.0,173.0,-2.0,,171.0,171.0,,352.794,0.485,0.485,0.5,354.102,0.485,0.485,0.5,
12/31/2003,1299.0,900.0,,,0.0,399.0,-310.0,310.0,141.0,169.0,,,989.0,-653.0,,93.0,67.0,493.0,336.0,-109.0,,,0.0,,120.0,120.0,0.0,0.0,-11.0,227.0,30.0,257.0,47.0,,,210.0,-2.0,208.0,0.0,0.0,208.0,208.0,,353.698,0.585,0.72,0.49,354.848,0.585,0.72,0.49,
03/31/2004,1520.0,1085.0,,,0.0,435.0,-473.0,473.0,203.0,270.0,,,1047.0,-681.0,,99.0,57.0,525.0,366.0,-114.0,,,0.0,,126.0,125.0,0.0,1.0,-12.0,252.0,-72.0,180.0,1.0,,,179.0,-2.0,177.0,0.0,,177.0,177.0,,354.3,0.5,0.5,0.52,355.514,0.495,0.495,0.515,
06/30/2004,1362.0,907.0,,,0.0,455.0,-606.0,606.0,389.0,217.0,,,756.0,-458.0,,102.0,64.0,292.0,298.0,-121.0,,,0.0,,140.0,140.0,0.0,0.0,-19.0,177.0,-26.0,151.0,1.0,,,150.0,-2.0,148.0,0.0,0.0,148.0,148.0,,365.924,0.405,0.41,0.36,367.048,0.405,0.41,0.36,
09/30/2004,1454.0,950.0,,,0.0,504.0,-409.0,409.0,191.0,218.0,,,1045.0,-662.0,,167.0,67.0,428.0,383.0,-110.0,,,0.0,,128.0,128.0,0.0,0.0,-18.0,273.0,-74.0,199.0,0.0,,,199.0,-2.0,196.0,-1.0,0.0,195.0,195.0,,377.172,0.52,0.52,0.52,378.657,0.52,0.52,0.52,
12/31/2004,1463.0,984.0,,,0.0,479.0,-414.0,414.0,414.0,,,,1049.0,-706.0,,169.0,63.0,474.0,343.0,-137.0,,,0.0,,131.0,131.0,0.0,0.0,6.0,206.0,-24.0,182.0,3.0,,,179.0,-2.0,177.0,0.0,0.0,177.0,177.0,,377.366,0.47,0.47,0.47,379.66,0.47,0.47,0.47,
03/31/2005,1600.0,1176.0,,0.0,0.0,424.0,-510.0,510.0,244.0,266.0,0.0,,1090.0,-755.0,,172.0,73.0,510.0,335.0,-129.0,,,0.0,,135.0,135.0,0.0,0.0,-6.0,206.0,-34.0,172.0,2.0,,,170.0,-2.0,168.0,-1.0,0.0,167.0,167.0,,378.119,0.45,0.45,0.45,381.35,0.44,0.45,0.45,
06/30/2005,1467.0,1039.0,,,0.0,428.0,-398.0,398.0,164.0,234.0,,,1069.0,-735.0,,163.0,68.0,504.0,334.0,-114.0,,,0.0,6.0,125.0,125.0,0.0,0.0,-5.0,220.0,-40.0,180.0,50.0,,,130.0,-2.0,128.0,0.0,,128.0,128.0,,379.252,0.34,0.47,0.46,387.456,0.33,0.46,0.45,
09/30/2005,1620.0,1092.0,,0.0,0.0,528.0,-484.0,484.0,270.0,214.0,,,1136.0,-753.0,,179.0,73.0,501.0,383.0,-122.0,,,0.0,,127.0,127.0,0.0,0.0,-5.0,261.0,-64.0,197.0,-2.0,,,199.0,-1.0,198.0,-1.0,,197.0,197.0,,379.66,0.52,0.51,0.56,385.509,0.51,0.5,0.55,
12/31/2005,1494.0,1123.0,,0.0,0.0,371.0,-419.0,419.0,240.0,179.0,0.0,,1075.0,-779.0,,174.0,65.0,540.0,296.0,-115.0,,,0.0,,121.0,121.0,0.0,0.0,-6.0,181.0,16.0,197.0,10.0,,,187.0,-2.0,185.0,0.0,0.0,185.0,185.0,,379.723,0.49,0.53,0.53,384.959,0.48,0.52,0.52,
03/31/2006,1650.0,1137.0,,0.0,0.0,513.0,-464.0,464.0,241.0,223.0,0.0,,1186.0,-713.0,,174.0,70.0,469.0,473.0,-106.0,,,0.0,,114.0,114.0,0.0,0.0,-8.0,367.0,-95.0,272.0,-9.0,,,281.0,0.0,281.0,-1.0,0.0,280.0,280.0,,379.838,0.74,0.71,0.69,385.605,0.73,0.7,0.68,
06/30/2006,1504.0,966.0,,0.0,0.0,538.0,-443.0,443.0,212.0,231.0,0.0,,1061.0,-702.0,,167.0,69.0,466.0,359.0,-84.0,,,0.0,,114.0,114.0,0.0,0.0,-30.0,275.0,-80.0,195.0,9.0,,,186.0,-1.0,185.0,-4.0,0.0,181.0,181.0,,380.141,0.48,0.5,0.54,385.59,0.47,0.49,0.53,
09/30/2006,1589.0,995.0,,0.0,0.0,594.0,-520.0,520.0,236.0,284.0,0.0,,1069.0,-709.0,,180.0,74.0,455.0,360.0,-95.0,,,0.0,,114.0,114.0,0.0,0.0,-19.0,265.0,-44.0,221.0,-11.0,,,232.0,-1.0,231.0,-5.0,0.0,226.0,226.0,,380.806,0.59,0.56,0.56,387.602,0.58,0.55,0.55,
12/31/2006,1527.0,986.0,,0.0,0.0,541.0,-410.0,635.0,410.0,225.0,0.0,,1117.0,-788.0,,183.0,68.0,537.0,329.0,-102.0,,,0.0,,109.0,109.0,0.0,0.0,-7.0,247.0,-54.0,173.0,-10.0,,,203.0,-1.0,182.0,-4.0,0.0,178.0,178.0,,382.06,0.47,0.44,0.47,388.11,0.46,0.43,0.46,
03/31/2007,1546.0,1103.0,,0.0,0.0,443.0,-355.0,355.0,233.0,122.0,0.0,,1191.0,-802.0,,197.0,78.0,527.0,389.0,-93.0,,,0.0,,120.0,120.0,0.0,0.0,-27.0,296.0,-69.0,227.0,18.0,,,209.0,-1.0,208.0,-5.0,0.0,203.0,203.0,,384.793,0.53,0.58,0.66,389.168,0.52,0.57,0.65,
06/30/2007,1573.0,1000.0,,0.0,0.0,573.0,-395.0,395.0,202.0,193.0,0.0,,1178.0,-800.0,,180.0,72.0,548.0,378.0,-99.0,,,0.0,,120.0,120.0,0.0,0.0,-21.0,279.0,-31.0,248.0,-101.0,,,349.0,,349.0,-4.0,0.0,345.0,345.0,,385.3,0.89,0.63,0.63,390.109,0.88,0.62,0.62,
09/30/2007,1774.0,1044.0,,0.0,0.0,730.0,-492.0,492.0,257.0,235.0,0.0,,1282.0,-761.0,,186.0,73.0,502.0,521.0,-94.0,,,0.0,,117.0,117.0,0.0,0.0,-23.0,427.0,-88.0,339.0,11.0,,,328.0,-1.0,327.0,-5.0,0.0,322.0,322.0,,379.896,0.85,0.88,0.73,384.575,0.84,0.87,0.72,
12/31/2007,1606.0,1069.0,,0.0,0.0,537.0,-382.0,382.0,196.0,186.0,0.0,,1224.0,-907.0,,274.0,75.0,558.0,317.0,-93.0,,,,,117.0,117.0,0.0,0.0,-24.0,224.0,-83.0,141.0,-222.0,,,363.0,-1.0,362.0,-4.0,0.0,358.0,358.0,,372.943,1.18,0.828642,0.61,377.27,1.17,0.581562,0.6,
03/31/2008,1526.0,1154.0,,,,372.0,-298.0,298.0,243.0,55.0,,,1228.0,-748.0,,188.0,75.0,485.0,480.0,-100.0,,,,,108.0,108.0,,,-8.0,380.0,-129.0,251.0,-14.0,,,265.0,-5.0,260.0,,0.0,260.0,260.0,0.0,372.782,0.7,0.66,0.66,376.602,0.69,0.65,0.65,
06/30/2008,1014.0,1014.0,,,0.0,0.0,-498.0,498.0,189.0,309.0,,0.0,516.0,-735.0,,185.0,72.0,478.0,-219.0,502.0,,,,7.0,108.0,108.0,,,-603.0,283.0,-94.0,189.0,-6.0,,,195.0,-5.0,190.0,0.0,0.0,190.0,190.0,,373.158,0.5,0.49,0.5,374.902,0.5,0.49,0.5,
09/30/2008,2971.0,1050.0,,,0.0,1921.0,-1825.0,1825.0,305.0,1520.0,,0.0,1146.0,-762.0,,190.0,77.0,495.0,384.0,-117.0,,,,7.0,119.0,119.0,0.0,0.0,5.0,267.0,-57.0,210.0,2.0,,,208.0,-5.0,203.0,0.0,0.0,203.0,203.0,,374.29,0.54,0.54,0.45,375.096,0.54,0.54,0.45,
12/31/2008,2506.0,1006.0,,0.0,0.0,1500.0,-1254.0,1254.0,350.0,904.0,0.0,0.0,1252.0,-701.0,,189.0,64.0,448.0,551.0,-117.0,,,0.0,9.0,120.0,120.0,0.0,0.0,6.0,434.0,-153.0,281.0,-1.0,,,282.0,-5.0,277.0,0.0,0.0,277.0,277.0,,374.388,0.74,0.737203,0.46,374.72,0.74,0.737203,0.46,
03/31/2009,1992.0,1107.0,,,0.0,885.0,-935.0,935.0,258.0,677.0,,0.0,1057.0,-645.0,,193.0,72.0,380.0,412.0,-71.0,82.0,-7.0,,7.0,89.0,89.0,,,-11.0,341.0,-98.0,243.0,-3.0,-3.0,0.0,246.0,-5.0,241.0,,0.0,241.0,240.0,2.0,375.112,0.64,0.63,0.639809,375.409,0.64,0.63,0.635328,
06/30/2009,1783.0,913.0,,,0.0,870.0,-799.0,799.0,186.0,613.0,,0.0,984.0,-880.0,,184.0,67.0,629.0,104.0,-106.0,98.0,-1.0,,1.0,99.0,99.0,,,8.0,-2.0,31.0,29.0,32.0,32.0,0.0,-3.0,-4.0,-7.0,0.0,0.0,-7.0,122.0,97.0,375.881,-0.02,0.07,0.324571,376.206,-0.02,0.07,0.324571,
09/30/2009,2089.0,989.0,,,0.0,1100.0,-1007.0,1007.0,259.0,748.0,,0.0,1082.0,-911.0,,189.0,69.0,653.0,171.0,-95.0,103.0,-1.0,,1.0,104.0,104.0,,,-8.0,76.0,-25.0,51.0,25.0,25.0,0.0,26.0,-6.0,20.0,0.0,0.0,20.0,171.0,126.0,376.384,0.05,0.12,0.454323,376.716,0.05,0.12,0.454323,
12/31/2009,1872.0,1045.0,,,0.0,827.0,-813.0,813.0,220.0,593.0,,0.0,1059.0,-811.0,,200.0,72.0,539.0,248.0,-89.0,94.0,-5.0,,5.0,99.0,99.0,,,-5.0,159.0,-30.0,129.0,-28.0,-28.0,0.0,157.0,-4.0,153.0,0.0,0.0,153.0,171.0,46.0,376.91,0.4,0.331644,0.453689,377.252,0.4,0.325779,0.447713,
03/31/2010,2582.0,1118.0,,,0.0,1464.0,-1239.0,1239.0,230.0,1009.0,,0.0,1343.0,-867.0,,124.0,72.0,671.0,476.0,-103.0,110.0,-1.0,,1.0,111.0,111.0,,,-7.0,373.0,-126.0,247.0,-8.0,-8.0,0.0,255.0,-5.0,250.0,,0.0,250.0,341.0,99.0,377.717,0.66,0.64,0.902792,377.986,0.66,0.64,0.901914,
06/30/2010,1473.0,793.0,,,0.0,680.0,-550.0,550.0,258.0,292.0,,0.0,923.0,-697.0,,125.0,53.0,519.0,226.0,-134.0,130.0,-1.0,,1.0,131.0,132.0,-1.0,,4.0,92.0,-7.0,85.0,-7.0,-7.0,0.0,92.0,-7.0,85.0,0.0,0.0,85.0,235.0,157.0,381.896,0.22,0.2,0.615351,382.075,0.22,0.2,0.610914,
09/30/2010,2127.0,848.0,,,0.0,1279.0,-708.0,708.0,322.0,386.0,,0.0,1419.0,-897.0,,127.0,56.0,714.0,522.0,-197.0,168.0,-3.0,,3.0,171.0,171.0,,,29.0,325.0,-19.0,306.0,53.0,53.0,0.0,253.0,-5.0,248.0,0.0,0.0,248.0,365.0,64.0,482.552,0.51,0.62,0.756395,482.762,0.51,0.62,0.752571,
12/31/2010,2478.0,1324.0,,,0.0,1154.0,-1066.0,1066.0,425.0,641.0,,0.0,1412.0,-770.0,,180.0,57.0,533.0,642.0,-193.0,177.0,-3.0,,3.0,180.0,180.0,,,16.0,449.0,-111.0,338.0,-21.0,-21.0,0.0,359.0,-4.0,355.0,0.0,0.0,355.0,375.0,41.0,483.145,0.73,0.691304,0.776165,483.382,0.73,0.686556,0.771375,
03/31/2011,2853.0,1536.0,,,0.0,1317.0,-1146.0,1146.0,475.0,671.0,,0.0,1707.0,-902.0,,208.0,73.0,621.0,805.0,-180.0,172.0,-2.0,,2.0,174.0,174.0,,,8.0,625.0,-223.0,402.0,-3.0,-3.0,0.0,405.0,-4.0,401.0,,0.0,401.0,396.0,-2.0,484.138,0.82,0.82,0.817949,484.345,0.82,0.82,0.815871,
06/30/2011,2533.0,1665.0,,,0.0,868.0,-848.0,848.0,414.0,434.0,,0.0,1685.0,-1090.0,,237.0,75.0,778.0,595.0,-298.0,262.0,-2.0,,2.0,264.0,266.0,-2.0,,36.0,297.0,-96.0,201.0,1.0,1.0,0.0,200.0,-4.0,196.0,0.0,-1.0,195.0,260.0,64.0,561.652,0.35,0.35,0.46292,562.019,0.35,0.35,0.46292,
09/30/2011,2904.0,1675.0,,,0.0,1229.0,-965.0,965.0,603.0,362.0,,0.0,1939.0,-1172.0,,252.0,90.0,830.0,767.0,-208.0,239.0,-1.0,,1.0,240.0,242.0,-2.0,,-31.0,559.0,-110.0,449.0,0.0,0.0,0.0,449.0,-5.0,444.0,0.0,-2.0,442.0,509.0,67.0,577.595,0.76,0.76,0.88124,578.054,0.76,0.76,0.875906,
12/31/2011,3040.0,1597.0,,,0.0,1443.0,-1117.0,1117.0,454.0,663.0,,0.0,1923.0,-1064.0,,263.0,88.0,713.0,859.0,-228.0,232.0,-2.0,,2.0,234.0,234.0,,,-4.0,631.0,-226.0,405.0,0.0,0.0,0.0,405.0,-4.0,401.0,0.0,0.0,401.0,403.0,2.0,578.153,0.69,0.69,0.697047,579.347,0.69,0.69,0.693452,
03/31/2012,3260.0,1714.0,,,0.0,1546.0,-1307.0,1307.0,424.0,883.0,,0.0,1953.0,-902.0,,264.0,91.0,547.0,1051.0,-247.0,229.0,-1.0,,1.0,230.0,232.0,-2.0,,18.0,804.0,-259.0,545.0,0.0,0.0,0.0,545.0,-4.0,541.0,0.0,0.0,541.0,415.79527,-125.20473,579.041,0.93,0.93,0.718076,579.527,0.93,0.93,0.713954,
06/30/2012,3007.0,1605.0,,,0.0,1402.0,-1198.0,1198.0,411.0,787.0,,0.0,1809.0,-1237.0,,271.0,87.0,879.0,572.0,-207.0,234.0,-2.0,,2.0,236.0,239.0,-3.0,,-27.0,365.0,-88.0,277.0,6.0,6.0,0.0,271.0,,271.0,0.0,-2.0,269.0,292.0,17.0,579.881,0.46,0.47,0.503552,580.593,0.46,0.47,0.49928,
09/30/2012,3119.0,1693.0,,,0.0,1426.0,-1153.0,1153.0,570.0,583.0,,0.0,1966.0,-1302.0,,278.0,90.0,934.0,664.0,-292.0,247.0,-1.0,,1.0,248.0,250.0,-2.0,,45.0,372.0,-17.0,355.0,0.0,0.0,0.0,355.0,,355.0,0.0,-2.0,353.0,481.0,128.0,580.585,0.61,0.61,0.828475,582.636,0.61,0.61,0.828475,
12/31/2012,3211.0,1796.0,,,0.0,1415.0,-1176.0,1176.0,432.0,744.0,,0.0,2035.0,-1213.0,,287.0,98.0,828.0,822.0,-281.0,246.0,-1.0,,1.0,247.0,247.0,,,35.0,541.0,-181.0,360.0,0.0,0.0,0.0,360.0,-1.0,359.0,0.0,0.0,359.0,289.0,-70.0,581.492,0.61,0.61,0.496997,583.644,0.6,0.6,0.480064,
03/31/2013,3279.0,1950.0,,,0.0,1329.0,-1220.0,1220.0,529.0,691.0,,0.0,2059.0,-1366.0,,284.0,96.0,986.0,693.0,-129.0,250.0,-1.0,,1.0,251.0,254.0,-3.0,,-121.0,564.0,-151.0,413.0,0.0,0.0,0.0,413.0,0.0,413.0,0.0,-2.0,411.0,452.0,41.0,582.64,0.7,0.7,0.775779,657.02,0.65,0.65,0.712403,
06/30/2013,2860.0,1655.0,,,0.0,1205.0,-1013.0,1013.0,441.0,572.0,,0.0,1847.0,-1089.0,,286.0,86.0,717.0,758.0,-245.0,258.0,,,,258.0,260.0,-2.0,,-13.0,513.0,-109.0,404.0,-1.0,-1.0,0.0,405.0,,405.0,0.0,-2.0,403.0,308.0,-94.0,589.834,0.68,0.68,0.522181,664.615,0.63,0.63,0.488565,
09/30/2013,3074.0,1739.0,,,0.0,1335.0,-1049.0,1049.0,1049.0,,,0.0,2025.0,-1179.0,,284.0,86.0,809.0,846.0,-361.0,240.0,-7.0,6.0,1.0,247.0,247.0,,,121.0,485.0,-81.0,404.0,-7.0,-7.0,0.0,411.0,-1.0,410.0,0.0,-2.0,408.0,423.0,22.0,631.046,0.65,0.64,0.670316,664.343,0.62,0.61,0.643115,
12/31/2013,2819.0,1857.0,1857.0,,0.0,962.0,-784.0,784.0,480.0,304.0,,0.0,2035.0,-2014.0,,297.0,90.0,1627.0,21.0,-289.0,244.0,-3.0,2.0,1.0,247.0,247.0,,,45.0,-268.0,166.0,-102.0,-4.0,-4.0,0.0,-98.0,0.0,-98.0,0.0,0.0,-98.0,384.69808,486.69808,630.192,-0.16,-0.16,0.610446,630.192,-0.16,-0.16,0.610446,
03/31/2014,1194.0,2162.0,,,0.0,-968.0,736.0,-736.0,758.0,-1494.0,,0.0,1930.0,-1207.0,,300.0,101.0,806.0,723.0,-285.0,258.0,-4.0,3.0,1.0,262.0,262.0,,,27.0,438.0,-114.0,324.0,8.0,8.0,0.0,316.0,0.0,316.0,0.0,-2.0,314.0,380.0,58.0,630.749,0.5,0.51,0.602458,663.939,0.49,0.5,0.587357,
06/30/2014,1849.0,1830.0,,,0.0,19.0,-403.0,403.0,232.0,171.0,,0.0,1446.0,-768.0,,230.0,77.0,461.0,678.0,-282.0,206.0,-2.0,2.0,,208.0,208.0,,,76.0,396.0,-166.0,230.0,1.0,1.0,0.0,229.0,0.0,229.0,0.0,-1.0,228.0,311.0,82.0,653.132,0.35,0.35,0.476167,665.792,0.34,0.34,0.463162,
09/30/2014,1879.0,1860.0,,,0.0,0.0,-413.0,413.0,240.0,173.0,,0.0,1466.0,-778.0,,233.0,78.0,467.0,688.0,-77.0,213.0,,,,213.0,213.0,,,-136.0,611.0,-201.0,410.0,-87.0,-87.0,0.0,497.0,0.0,497.0,0.0,-2.0,495.0,313.0,-95.0,664.432,0.74,0.61,0.471079,666.402,0.74,0.61,0.467443,
12/31/2014,1946.0,1946.0,1946.0,,0.0,0.0,-458.0,458.0,217.0,241.0,,0.0,1488.0,-788.0,,235.0,79.0,474.0,700.0,-134.0,206.0,,,,206.0,206.0,,,-72.0,566.0,-158.0,408.0,-287.0,-287.0,0.0,695.0,0.0,695.0,0.0,0.0,695.0,355.0,-53.0,665.205,1.04,0.62,0.53367,667.263,1.04,0.62,0.53367,
03/31/2015,2230.0,,,,0.0,0.0,-582.0,582.0,253.0,329.0,,0.0,1648.0,-758.0,,216.0,86.0,456.0,890.0,-121.0,209.0,,,,209.0,209.0,,,-88.0,769.0,-217.0,552.0,-95.0,-95.0,0.0,647.0,0.0,647.0,0.0,-3.0,644.0,516.0,-33.0,666.974,0.97,0.83,0.773643,668.732,0.96,0.82,0.770653,
06/30/2015,1781.0,1765.0,,,0.0,16.0,-384.0,384.0,214.0,170.0,,0.0,1397.0,-759.0,,216.0,76.0,467.0,638.0,-317.0,210.0,-5.0,5.0,,215.0,215.0,,,107.0,321.0,-71.0,250.0,1007.0,1007.0,0.0,-757.0,0.0,-757.0,0.0,-1.0,-758.0,328.0,79.0,668.415,-1.13,0.37,0.490713,671.286,-1.13,0.37,0.487685,
09/30/2015,1878.0,,,,0.0,0.0,-405.0,405.0,228.0,177.0,,0.0,1473.0,-787.0,,226.0,79.0,482.0,686.0,-146.0,221.0,,,,221.0,221.0,,,-75.0,540.0,-144.0,396.0,3.0,3.0,0.0,393.0,0.0,393.0,0.0,-2.0,391.0,344.0,-50.0,670.763,0.58,0.59,0.512849,673.702,0.58,0.59,0.512849,
12/31/2015,1780.0,,,,0.0,,-347.0,347.0,168.0,179.0,,0.0,1433.0,-816.0,,225.0,58.0,533.0,617.0,-179.0,226.0,,,,226.0,226.0,,,-47.0,438.0,-33.0,405.0,6.0,6.0,0.0,399.0,0.0,399.0,0.0,-1.0,398.0,294.0,-110.0,673.028,0.59,0.6,0.436832,676.548,0.59,0.6,0.436832,
03/31/2016,2011.0,,,,0.0,0.0,-430.0,430.0,197.0,233.0,,0.0,1581.0,-758.0,,229.0,79.0,450.0,823.0,-163.0,224.0,,,,224.0,224.0,,,-61.0,660.0,-179.0,481.0,0.0,0.0,0.0,481.0,0.0,481.0,0.0,-2.0,479.0,456.0,-23.0,675.441,0.71,0.71,0.675114,678.817,0.71,0.71,0.675114,
06/30/2016,1785.0,,,,0.0,0.0,-330.0,330.0,183.0,147.0,,0.0,1455.0,-730.0,,231.0,74.0,425.0,725.0,-50.0,224.0,,,,224.0,224.0,,,-174.0,675.0,-192.0,483.0,0.0,0.0,0.0,483.0,0.0,483.0,0.0,-1.0,482.0,379.0,-103.0,677.145,0.71,0.71,0.559703,680.729,0.71,0.71,0.558692,
09/30/2016,1889.0,,,,0.0,0.0,-378.0,378.0,227.0,151.0,,0.0,1511.0,-725.0,,232.0,76.0,417.0,786.0,-174.0,223.0,,,,223.0,223.0,,,-49.0,612.0,-139.0,473.0,0.0,0.0,0.0,473.0,0.0,473.0,0.0,-1.0,472.0,426.0,-46.0,678.114,0.7,0.7,0.628213,680.348,0.69,0.69,0.622388,
12/31/2016,1832.0,,,,0.0,,-359.0,359.0,184.0,175.0,,0.0,1473.0,-759.0,,234.0,72.0,453.0,714.0,-111.0,217.0,,,,217.0,217.0,,,-106.0,603.0,-138.0,465.0,0.0,0.0,0.0,465.0,0.0,465.0,0.0,-2.0,463.0,408.0,-55.0,679.641,0.68,0.68,0.600317,681.863,0.68,0.68,0.599339,
03/31/2017,1951.0,,,,0.0,0.0,-406.0,406.0,191.0,215.0,,0.0,1545.0,-787.0,,242.0,75.0,470.0,758.0,-226.0,217.0,,,,217.0,217.0,,,9.0,532.0,-129.0,403.0,0.0,0.0,0.0,403.0,0.0,403.0,0.0,0.0,403.0,425.0,22.0,680.882,0.59,0.59,0.62419,683.084,0.59,0.59,0.622207,
06/30/2017,1725.0,,,,0.0,0.0,-319.0,319.0,183.0,136.0,,0.0,1406.0,-748.0,,246.0,70.0,432.0,658.0,-290.0,222.0,,,,222.0,222.0,,,68.0,368.0,-76.0,292.0,0.0,0.0,0.0,292.0,0.0,292.0,0.0,0.0,292.0,356.0,64.0,683.841,0.43,0.43,0.520589,686.351,0.43,0.43,0.520589,
09/30/2017,1845.0,,,,0.0,0.0,-345.0,345.0,202.0,143.0,,0.0,1500.0,-764.0,,257.0,69.0,438.0,736.0,-265.0,230.0,,,,230.0,230.0,,,35.0,471.0,-116.0,355.0,0.0,0.0,0.0,355.0,0.0,355.0,0.0,0.0,355.0,388.0,33.0,686.563,0.52,0.52,0.565134,688.746,0.51,0.51,0.557913,
12/31/2017,1926.0,,,,0.0,0.0,-374.0,374.0,183.0,191.0,,0.0,1552.0,-803.0,,263.0,78.0,462.0,749.0,-208.0,232.0,,,,232.0,232.0,,,-24.0,541.0,-463.0,78.0,0.0,0.0,0.0,78.0,0.0,78.0,0.0,0.0,78.0,384.0,306.0,689.563,0.11,0.11,0.556874,691.046,0.11,0.11,0.552807,
03/31/2018,2126.0,,,,0.0,0.0,-455.0,455.0,214.0,241.0,,0.0,1671.0,-820.0,,269.0,83.0,468.0,851.0,-282.0,234.0,-5.0,5.0,,239.0,239.0,,,48.0,569.0,-117.0,452.0,0.0,0.0,0.0,452.0,0.0,452.0,0.0,-1.0,451.0,516.0,65.0,694.514,0.65,0.65,0.742966,695.322,0.65,0.65,0.742966,
06/30/2018,1848.0,,,,0.0,0.0,-337.0,337.0,189.0,148.0,,0.0,1511.0,-853.0,,273.0,74.0,506.0,658.0,-1.0,235.0,,,,235.0,235.0,,,-234.0,657.0,-142.0,515.0,0.0,0.0,0.0,515.0,0.0,515.0,0.0,0.0,515.0,384.0,-131.0,699.006,0.74,0.74,0.549352,700.976,0.73,0.73,0.543118,
09/30/2018,1872.0,,,,0.0,0.0,-355.0,355.0,206.0,149.0,,0.0,1517.0,-831.0,,275.0,77.0,479.0,686.0,-138.0,236.0,-8.0,5.0,3.0,244.0,244.0,,,-98.0,548.0,-103.0,445.0,0.0,0.0,0.0,445.0,0.0,445.0,0.0,-1.0,444.0,421.0,-23.0,703.73,0.63,0.63,0.598241,710.517,0.62,0.62,0.587629,
12/31/2018,1939.0,,,,0.0,0.0,-397.0,397.0,190.0,207.0,,0.0,1542.0,-885.0,,277.0,78.0,530.0,657.0,-146.0,245.0,,,,245.0,245.0,,,-99.0,511.0,-96.0,415.0,0.0,0.0,0.0,415.0,0.0,415.0,0.0,0.0,415.0,382.0,-33.0,720.234,0.57,0.57,0.530383,727.387,0.57,0.57,0.524632,
03/31/2019,2079.0,,,,0.0,0.0,-444.0,444.0,194.0,250.0,,0.0,1635.0,-854.0,,284.0,80.0,490.0,781.0,-189.0,230.0,-11.0,5.0,6.0,241.0,241.0,,,-41.0,592.0,-126.0,466.0,0.0,0.0,0.0,466.0,0.0,466.0,0.0,0.0,466.0,508.0,42.0,721.023,0.65,0.65,0.704555,729.953,0.64,0.64,0.697538,
06/30/2019,1803.0,,,,0.0,0.0,-306.0,306.0,168.0,138.0,,0.0,1497.0,-857.0,,300.0,75.0,482.0,640.0,-115.0,237.0,-9.0,6.0,3.0,246.0,246.0,,,-122.0,525.0,-84.0,441.0,0.0,0.0,0.0,441.0,0.0,441.0,0.0,0.0,441.0,422.0,-19.0,721.785,0.61,0.61,0.584662,730.915,0.6,0.6,0.574005,
09/30/2019,1933.0,,,,0.0,0.0,-344.0,344.0,194.0,150.0,,0.0,1589.0,-863.0,,306.0,77.0,480.0,726.0,-133.0,250.0,-9.0,6.0,3.0,259.0,259.0,,,-117.0,593.0,-118.0,475.0,0.0,0.0,0.0,475.0,0.0,475.0,0.0,0.0,475.0,445.0,-30.0,722.259,0.66,0.66,0.616122,731.151,0.65,0.65,0.608969,
12/31/2019,1954.0,,,,0.0,0.0,-338.0,338.0,153.0,185.0,,0.0,1616.0,-923.0,,309.0,81.0,533.0,693.0,-248.0,214.0,-34.0,6.0,28.0,248.0,248.0,,,34.0,445.0,-81.0,364.0,0.0,0.0,0.0,364.0,0.0,364.0,0.0,0.0,364.0,431.0,67.0,748.745,0.49,0.49,0.57563,754.762,0.48,0.48,0.56877,
03/31/2020,2054.0,,,,0.0,0.0,-364.0,364.0,163.0,201.0,,0.0,1690.0,-873.0,,317.0,80.0,476.0,817.0,-123.0,244.0,-4.0,3.0,1.0,248.0,248.0,,,-121.0,694.0,-140.0,554.0,0.0,0.0,0.0,554.0,0.0,554.0,0.0,-1.0,553.0,513.0,-40.0,767.948,0.72,0.72,0.668014,768.738,0.72,0.72,0.667967,
06/30/2020,1739.0,,,,0.0,0.0,-271.0,271.0,138.0,133.0,,0.0,1468.0,-873.0,,319.0,67.0,487.0,595.0,-177.0,247.0,-6.0,5.0,1.0,253.0,253.0,,,-70.0,418.0,-74.0,344.0,0.0,0.0,0.0,344.0,0.0,344.0,0.0,-1.0,343.0,410.0,67.0,768.768,0.45,0.45,0.533321,769.408,0.45,0.45,0.533321,
09/30/2020,2037.0,,,,,,,,,,,,,,,,,,877.0,,,,,,,,,,,,,465.333,,,,,,465.333,,,465.333,462.667,,,0.603,0.603,0.609,,0.603,0.603,0.609,
12/31/2020,1908.333,,,,,,,,,,,,,,,,,,799.0,,,,,,,,,,,,,392.333,,,,,,392.333,,,392.333,391.0,,,0.507,0.507,0.556,,0.507,0.507,0.556,
