Date,Revenue,Revenue From Electric,Revenue from Gas,Revenue from Water,Other Revenue,Cost of Revenue,Fuel & Purchased Power Cost,Fuel Cost,Purchased Power Cost,Purchased Gas & Water Cost,Purchased Gas Cost,Purchased Water Cost,Other Cost of Revenue,Gross Profit,Operating Expenses,Maintenance Expenses,Depreciation Expenses,Taxes Other Than Income,Other Operating Expense,Operating Income (Loss),Non-Operating (Income) Loss,"Interest Expense, Net",Total Interest Income,AFUDC - Equity,Interest Income,Interest Expense,Interest Expenses on Bonds,AFUDC - Debts,Other Interest Expenses,Other Non-Op (Income) Loss,Pretax Income,Income Tax Expense (Benefit),Current Income Tax,Deferred Income Tax,Tax Allowance/Credit,Income (Loss) from Cont Ops,Net Extraordinary Losses (Gains),Discontinued Operations,XO & Accounting Changes,Income (Loss) Incl. MI,Minority Interest,"Net Income, GAAP",Preferred Dividends,Other Adjustments,"Net Income Avail to Common, GAAP","Net Income Avail to Common, Adj",Net Abnormal Losses (Gains),Basic Weighted Avg Shares,"Basic EPS, GAAP",Basic EPS from Cont Ops,"Basic EPS from Cont Ops, Adjusted",Diluted Weighted Avg Shares,"Diluted EPS, GAAP",Diluted EPS from Cont Ops,"Diluted EPS from Cont Ops, Adjusted",Source: Bloomberg
03/31/1990,928.900024,562.200012,0.0,0.0,366.700012,-373.600006,373.600006,373.600006,,0.0,,,,555.300018,-264.799988,,114.599998,46.099998,104.099998,290.5,-87.600002,,,4.2,,87.400002,92.0,-4.6,0.0,4.4,202.899998,-63.599998,,,,139.300003,0.0,,,139.3,-8.5,130.800003,-4.8,,126.000003,126.000003,,242.606995,0.52,0.52,0.52,242.606995,0.52,0.52,0.52,
06/30/1990,892.099976,498.299988,0.0,0.0,393.799988,-396.0,396.0,396.0,,0.0,,,,496.099976,-268.899994,,119.199997,47.400002,102.300003,227.199997,-86.300002,,,4.1,,86.900002,92.099998,-5.2,0.0,3.5,140.899995,-44.5,,,,96.400002,0.0,,,96.399995,-0.3,96.099998,-5.3,,90.799998,90.799998,,238.908005,0.38,0.38,0.38,238.908005,0.38,0.38,0.38,
09/30/1990,964.900024,539.200012,0.0,0.0,425.700012,-427.399994,427.399994,427.399994,,0.0,,,,537.500031,-276.899994,,125.5,49.0,102.400002,260.600006,-92.099997,,,1.5,,86.699997,92.699997,-6.0,0.0,6.9,168.500009,-53.099998,,,,115.400002,0.0,,,115.400011,-6.0,109.400002,-5.2,,104.200002,104.200002,,243.925003,0.43,0.43,0.43,243.925003,0.43,0.43,0.43,
12/31/1990,997.299988,584.799988,0.0,0.0,412.5,-525.599976,525.599976,525.599976,,0.0,,,,471.700012,-161.699997,,117.699997,44.0,,310.0,-106.899997,,,2.3,,94.699997,100.099998,-5.4,0.0,14.5,203.100003,-48.5,,,,154.600006,0.0,,,154.600003,-17.0,137.600006,-5.8,,131.800006,131.800006,,252.427994,0.52,0.52,0.52,252.427994,0.52,0.52,0.52,
03/31/1991,789.5,789.5,0.0,0.0,,-542.700012,542.700012,542.700012,,0.0,,,,246.799988,0.0,,,,,246.800003,-128.399999,,,2.4,,88.0,92.400002,-4.4,0.0,42.799999,118.400004,,,,,118.400002,-17.6,,,,,136.0,-6.7,,129.3,129.3,,253.880005,0.51,0.44,0.44,253.880005,0.51,0.44,0.44,
06/30/1991,735.900024,735.900024,0.0,0.0,,-531.200012,531.200012,531.200012,,0.0,,,,204.700012,0.0,,,,,204.699997,-123.999999,,,2.8,,99.099998,105.5,-6.4,0.0,27.700001,80.699998,,,,,80.699997,-5.4,,,,,86.099998,-6.2,,79.899999,79.899999,,258.920013,0.31,0.29,0.29,258.920013,0.31,0.29,0.29,
09/30/1991,790.200012,790.200012,0.0,0.0,,-553.799988,553.799988,553.799988,,0.0,,,,236.400024,0.0,,,,,236.399994,-116.099999,,,1.7,,101.099998,106.5,-5.4,0.0,16.700001,120.299995,,,,,120.300003,-0.2,,,,,120.5,-5.9,,114.6,114.6,,259.725006,0.44,0.44,0.44,259.725006,0.44,0.44,0.44,
01/01/1992,852.700012,852.700012,0.0,0.0,,-599.299988,599.299988,599.299988,,0.0,,,,253.400024,0.0,,,,,253.399994,-126.000001,,,4.4,,37.599998,31.6,6.0,0.0,92.800003,127.399992,,,,,127.400002,-37.200001,,,,,164.600006,-9.2,,155.400006,155.400006,,260.875,0.6,0.46,0.46,260.875,0.6,0.46,0.46,
03/31/1992,780.0,780.0,0.0,0.0,0.0,-366.5,366.5,366.5,,0.0,,,,413.5,-331.799988,58.700001,138.899994,30.0,104.199997,81.699997,-77.2,,,2.8,,80.0,81.900002,-1.9,0.0,0.0,4.499997,1.1,,,,5.6,145.800003,,,-140.200006,-39.299999,-179.5,-7.2,,-186.7,-186.7,,263.035004,-0.71,-0.16,-0.16,263.035004,-0.71,-0.16,-0.16,
06/30/1992,773.299988,773.299988,0.0,0.0,0.0,-294.0,294.0,294.0,,0.0,,,,479.299988,-293.100006,71.5,103.099998,30.9,87.599998,186.199997,-83.699998,,,0.9,,84.599998,86.599998,-2.0,0.0,0.0,102.499998,-27.6,,,,74.900002,-1.4,,,76.299998,-8.9,67.400002,-9.2,,58.200002,58.200002,,264.824005,0.22,0.21,0.21,264.824005,0.22,0.21,0.21,
09/30/1992,821.0,599.900024,0.0,0.0,221.100006,-314.100006,314.100006,314.100006,,0.0,,,,506.899994,-278.299988,65.699997,102.900002,30.799999,0.0,228.600006,-88.800003,,,2.4,,87.800003,85.400002,2.4,0.0,3.4,139.800003,-46.599998,,,,93.199997,26.700001,,,66.500004,,66.5,-11.9,,54.6,54.6,,268.265991,0.22,0.32,0.32,268.265991,0.22,0.32,0.32,
12/31/1992,867.700012,209.199997,0.0,0.0,658.5,-300.0,300.0,300.0,,0.0,,,,567.700012,-431.200012,92.0,107.599998,31.6,200.0,136.5,-75.499998,,,1.2,,80.099998,87.5,-7.4,0.0,-3.4,61.000002,-17.700001,,,,43.299999,319.5,,,-276.199999,-18.6,-294.799988,-10.7,,-305.499988,-305.499988,,269.983002,-1.42,-0.24,-0.24,266.527008,-1.42,-0.24,-0.24,
03/31/1993,862.299988,648.700012,0.0,0.0,213.600006,-344.399994,344.399994,344.399994,,0.0,,,,517.899994,-272.0,67.599998,97.699997,33.099998,73.599998,245.899994,-79.899998,,,1.2,,81.099998,83.599998,-2.5,0.0,0.0,165.999995,-60.099998,,,,105.900002,-4.0,,,109.899997,6.6,116.5,-10.2,,106.3,106.3,,271.152008,0.39,0.38,0.38,271.152008,0.39,0.38,0.38,
06/30/1993,809.200012,577.200012,0.0,0.0,232.0,-313.399994,313.399994,313.399994,,0.0,,,,495.800018,-296.600006,79.099998,101.199997,31.6,84.699997,199.199997,-85.699997,,,2.0,,87.699997,88.300003,-0.6,0.0,0.0,113.5,-28.799999,,,,84.699997,0.0,,,84.700001,7.2,91.900002,-9.8,,82.100001,82.100001,,272.541992,0.3,0.3,0.3,272.541992,0.3,0.3,0.3,
09/30/1993,861.700012,621.5,0.0,0.0,240.199997,-336.600006,336.600006,336.600006,,0.0,,,,525.100006,-286.700012,72.900002,103.199997,31.799999,78.800003,238.399994,-78.600003,,,0.5,,77.300003,79.5,-2.2,0.0,1.8,159.799991,-54.599998,,,,105.199997,-52.400002,,,157.599994,0.0,157.600006,-9.7,,147.900006,147.900006,,273.817993,0.54,0.35,0.35,273.817993,0.54,0.35,0.35,
12/31/1993,879.200012,659.599976,0.0,0.0,219.600006,-345.200012,345.200012,345.200012,,0.0,,,,534.0,-302.0,77.599998,102.699997,23.4,98.300003,232.0,-65.1,,,0.6,,67.5,71.800003,-4.3,0.0,-1.8,166.9,-43.900002,,,,123.0,0.0,,,122.999998,-9.9,113.099998,-9.8,,103.299998,103.299998,,280.690002,0.37,0.37,0.37,280.690002,0.37,0.37,0.37,
03/31/1994,865.299988,653.799988,0.0,0.0,211.5,-342.5,342.5,342.5,,0.0,,,,522.799988,-272.700012,65.599998,105.699997,31.799999,69.599998,250.100006,-70.500003,,,1.3,,71.800003,75.099998,-3.3,0.0,0.0,179.600003,-63.299999,,,,116.300003,0.0,,,116.300004,4.2,120.5,-9.9,,110.6,110.6,,281.449005,0.39,0.39,0.39,281.449005,0.39,0.39,0.39,
06/30/1994,836.099976,612.900024,0.0,0.0,223.199997,-336.100006,336.100006,336.100006,,0.0,,,,499.999969,-289.700012,83.699997,112.0,31.799999,62.200001,210.300003,-80.3,,,0.2,,80.5,83.300003,-2.8,0.0,0.0,130.000003,-48.099998,,,,81.900002,0.0,,,81.900005,7.4,89.300003,-9.9,,79.400003,79.400003,,282.445007,0.28,0.28,0.28,282.445007,0.28,0.28,0.28,
09/30/1994,915.0,679.900024,0.0,0.0,235.100006,-363.100006,363.100006,363.100006,,0.0,,,,551.899994,-286.5,70.099998,105.300003,31.9,79.199997,265.399994,-72.800003,,,0.0,,72.800003,76.099998,-3.3,0.0,0.0,192.599991,-72.0,,,,120.599998,0.0,,,120.599991,11.2,131.800003,-9.8,,122.000003,122.000003,,283.502991,0.43,0.43,0.43,283.502991,0.43,0.43,0.43,
12/31/1994,890.099976,701.400024,0.0,0.0,188.699997,-358.600006,358.600006,358.600006,,0.0,,,,531.49997,-263.0,72.900002,101.300003,27.200001,61.599998,268.5,-68.400002,,,0.0,,66.900002,72.0,-5.1,0.0,1.5,200.099998,-66.400002,,,,133.699997,0.0,,,133.699996,-7.3,126.400002,-10.0,,116.400002,116.400002,,284.214996,0.41,0.41,0.41,284.214996,0.41,0.41,0.41,
03/31/1995,854.200012,648.5,0.0,0.0,205.699997,-321.600006,321.600006,321.600006,,0.0,,,,532.600006,-268.200012,67.099998,110.199997,31.6,59.299999,264.399994,-79.900002,,,0.0,,79.900002,83.300003,-3.4,0.0,0.0,184.499992,-67.400002,,,,117.099998,0.0,,,117.099991,-2.3,114.800003,-10.3,,104.500003,104.500003,,284.26001,0.37,0.37,0.37,284.26001,0.37,0.37,0.37,
06/30/1995,807.900024,592.900024,0.0,0.0,215.0,-298.600006,298.600006,298.600006,,0.0,,,,509.300018,-291.700012,83.5,113.0,32.0,63.200001,217.600006,-111.700002,,,0.2,,111.900002,115.699997,-3.8,0.0,0.0,105.900005,-25.6,,,,80.300003,0.0,,,80.300004,13.2,93.5,-9.9,,83.6,83.6,,284.277008,0.29,0.29,0.29,284.277008,0.29,0.29,0.29,
09/30/1995,849.700012,668.099976,0.0,0.0,181.600006,-302.200012,302.200012,302.200012,,0.0,,,,547.5,-263.100006,67.699997,107.900002,30.1,57.400002,284.399994,-79.199997,,,0.0,,79.199997,83.199997,-4.0,0.0,0.0,205.199997,-82.099998,,,,123.099998,0.0,,,123.099998,45.900002,169.0,-10.2,,158.8,158.8,,284.277008,0.56,0.56,0.56,284.277008,0.56,0.56,0.56,
12/31/1995,889.099976,732.599976,0.0,0.0,156.5,0.0,,,,0.0,,,,889.099976,-607.700012,62.700001,112.900002,26.5,405.600006,281.399994,-92.800003,,,0.0,,92.800003,96.699997,-3.9,0.0,0.0,188.599991,-63.700001,,,,124.900002,0.0,,,124.89999,2.8,127.699997,-8.0,,119.699997,119.699997,,284.277008,0.42,0.42,0.42,284.277008,0.42,0.42,0.42,
03/31/1996,1004.700012,705.099976,0.0,0.0,299.600006,-385.600006,385.600006,385.600006,,0.0,,,,619.100006,-306.799988,62.299999,128.600006,32.299999,83.599998,312.299988,-107.500001,,,0.0,,114.400002,117.599998,-3.2,0.0,-6.9,204.799986,-74.900002,,,,129.899994,0.0,,,129.899985,0.0,129.899994,-9.1,,120.799994,120.799994,,286.48999,0.42,0.42,0.42,286.48999,0.42,0.42,0.42,
06/30/1996,856.599976,665.400024,0.0,0.0,191.199997,-378.700012,378.700012,378.700012,,0.0,,,,477.899963,-259.399994,59.900002,105.0,27.4,67.099998,218.5,-98.2,,,0.0,,95.0,98.400002,-3.4,0.0,3.2,120.3,-39.0,,,,81.300003,-17.899998,,,99.199998,0.0,99.199997,-8.7,,90.499997,90.499997,,293.864014,0.31,0.249,0.31,293.864014,0.31,0.249,0.31,
09/30/1996,1011.900024,789.0,0.0,0.0,222.899994,-464.200012,464.200012,464.200012,,0.0,,,,547.700012,-250.399994,49.200001,106.099998,25.799999,69.300003,297.299988,-104.299997,,,0.0,,100.699997,103.099998,-2.4,0.0,3.6,192.999991,-70.400002,,,,122.599998,-20.299999,,,142.899989,0.0,142.899994,-5.7,,137.199994,137.199994,,294.395996,0.46,0.391,0.39,294.395996,0.46,0.391,0.39,
12/31/1996,1173.699951,1173.699951,0.0,0.0,,-281.399994,281.399994,281.399994,,0.0,,,,892.299957,-554.700012,89.599998,137.399994,23.6,304.100006,337.600006,-127.099997,,,0.0,,118.199997,120.699997,-2.5,0.0,8.9,210.50001,-75.099998,,,,135.399994,0.0,,,135.400011,-2.5,132.899994,,,132.899994,132.899994,,294.946014,0.43,0.43,0.43,294.946014,0.43,0.43,0.43,
03/31/1997,1002.799988,1002.799988,,,,0.0,,,,,,,,1002.799988,-780.400024,,109.300003,27.4,643.700012,222.399994,-63.599998,,,0.0,,103.199997,106.0,-2.8,0.0,-39.599998,158.799995,-56.099998,,,,102.699997,-18.300001,,,120.999998,0.0,121.0,-6.1,,114.9,114.9,,295.393005,0.39,0.33,0.33,295.393005,0.39,0.33,0.33,
06/30/1997,998.099976,998.099976,,,,0.0,,,,,,,,998.099976,-998.200012,,114.699997,26.4,857.099976,-0.1,116.399994,,,0.0,,109.300003,112.699997,-3.4,0.0,-225.699997,116.299994,-40.599998,,,,75.699997,-19.099999,,,94.799995,0.0,94.800003,-6.1,,88.700003,88.700003,,295.901001,0.302,0.237,0.237,295.901001,0.302,0.237,0.237,
09/30/1997,1207.699951,1207.699951,,,,0.0,,,,,,,,1207.699951,-928.599976,,111.199997,25.700001,791.700012,279.100006,-218.300003,,,0.0,,218.300003,112.800003,-3.3,108.800003,0.0,60.800003,-14.5,,,,46.299999,-27.700001,,,74.000004,0.0,74.0,-5.8,,68.2,68.2,,296.346985,0.231,0.138,0.138,296.350006,0.23,0.139,0.14,
12/31/1997,1340.300049,1340.300049,,,,0.0,,,,,,,,1340.300049,-1294.699951,0.0,117.0,19.4,1158.300049,45.599998,-41.100006,,,0.0,,107.800003,110.5,-2.7,0.0,-66.699997,4.499992,0.8,,,,5.3,-368.600006,,,373.899998,0.0,373.899994,-4.8,,369.099994,369.099994,,296.718994,1.24,-0.01,0.04,296.718994,1.24,-0.01,0.04,
03/31/1998,1260.199951,1260.199951,0.0,0.0,0.0,-516.5,516.5,,516.5,0.0,,,,743.699951,-603.5,,115.199997,27.6,460.700012,140.199997,-170.300003,,,,,91.0,94.300003,-3.3,,79.300003,-30.100006,15.5,,,,-14.6,0.5,,,-15.100006,0.0,-15.1,-4.3,,-19.400001,-19.400001,,297.05899,-0.07,-0.07,0.354,297.05899,-0.07,-0.07,0.354,
06/30/1998,1202.199951,1202.199951,0.0,0.0,0.0,-535.200012,535.200012,,535.200012,0.0,,,,666.999939,-472.700012,,115.400002,25.4,331.899994,194.300003,-77.100003,,,,,90.300003,94.0,-3.7,,-13.2,117.2,-38.299999,,,,78.900002,38.099998,,,40.800002,0.0,40.799999,-4.3,,36.499999,36.499999,,297.259003,0.121,0.249,0.249,297.259003,0.121,0.249,0.249,
09/30/1998,1918.199951,1908.400024,0.0,0.0,9.8,-1309.599976,1309.600052,134.800003,1174.800049,,,,,608.599976,-418.200012,,94.900002,,323.299988,190.399994,-136.299999,,,0.0,,88.099998,92.5,-4.4,0.0,48.200001,54.099995,-19.5,,,,34.599998,122.199993,,,-87.599998,0.0,-87.599998,-4.8,,-92.399999,-92.399999,,297.272003,-0.311,0.1,0.608,297.321991,-0.311,0.1,0.608,
12/31/1998,1199.800049,1088.800049,0.0,0.0,111.0,-517.799988,517.799988,121.5,396.299988,,,,,682.000061,-515.799988,,94.900002,,420.899994,166.199997,-137.700005,,,0.0,,90.800003,90.800003,,0.0,46.900002,28.499992,-16.799999,,,,11.7,-14.1,,,25.799994,,25.799999,-4.9,,20.899999,20.899999,,297.325989,0.07,0.023,0.221,297.276001,0.07,0.023,0.221,
03/31/1999,959.799988,959.799988,0.0,0.0,0.0,-268.700012,268.700012,,268.700012,0.0,,,,691.099976,-463.600006,,113.199997,26.299999,324.100006,227.5,-78.299998,,,0.0,,84.599998,88.0,-3.4,0.0,-6.3,149.200002,-57.900002,,,,91.300003,0.0,,,91.3,0.0,91.300003,-4.2,,87.100003,87.100003,,297.334015,0.292937,0.292937,0.292937,297.334015,0.292937,0.292937,0.292937,
06/30/1999,943.700012,943.700012,0.0,0.0,0.0,-299.299988,299.299988,0.0,299.299988,0.0,,,,644.400024,-472.899994,,115.800003,24.799999,332.299988,171.5,-81.599998,,,0.0,,79.099998,86.900002,-7.8,0.0,2.5,89.900002,-34.900002,,,,55.0,-1.1,,,56.1,0.0,56.099998,-4.2,,51.899999,51.899999,,297.325012,0.17,0.17,0.17,297.325012,0.17,0.17,0.17,
09/30/1999,1032.199951,1032.199951,0.0,0.0,0.0,-353.5,353.5,0.0,353.5,0.0,,,,678.699951,-486.100006,,112.199997,25.200001,348.700012,192.600006,-72.300003,,,0.0,,82.300003,85.699997,-3.4,0.0,-10.0,120.300003,-42.099998,,,,78.199997,0.0,,,78.200005,0.0,78.199997,-4.4,,73.799997,73.799997,,297.325012,0.25,0.25,0.25,297.325012,0.25,0.25,0.25,
12/31/1999,1034.300049,1034.300049,0.0,0.0,0.0,-306.200012,306.200012,0.0,306.200012,0.0,,,,728.100037,-569.200012,,115.199997,25.299999,428.700012,158.899994,-289.699997,,,0.0,,78.699997,84.599998,-5.9,0.0,211.0,-130.800003,-14.8,,,,-145.600006,0.0,,,-145.600003,0.0,-145.600006,-5.3,,-150.900006,-150.900006,,297.325012,-0.51,-0.51,-0.51,297.325012,-0.51,-0.51,-0.51,
03/31/2000,976.700012,976.700012,0.0,0.0,0.0,-258.799988,258.799988,0.0,258.799988,0.0,,,,717.900024,-535.799988,,124.300003,26.1,385.399994,182.100006,-75.699998,,,0.0,,81.099998,84.199997,-3.1,0.0,-5.4,106.400008,-42.200001,,,,64.199997,0.0,,,64.200007,30.799999,95.0,-5.0,,90.0,90.0,,297.325012,0.3,0.2,0.2,297.325012,0.3,0.2,0.2,
06/30/2000,1029.5,1029.5,0.0,0.0,0.0,-391.899994,391.899994,0.0,391.899994,0.0,,,,637.600006,-661.299988,,116.199997,24.9,520.200012,-23.700001,-73.100001,,,0.0,,79.400002,82.400002,-3.0,0.0,-6.3,-96.800002,-37.900002,,,,-134.699997,0.0,,,-134.700004,0.0,-134.699997,-4.6,,-139.299997,-139.299997,,297.325012,-0.47,-0.47,-0.47,297.325012,-0.47,-0.47,-0.47,
09/30/2000,1431.900024,1431.900024,0.0,0.0,0.0,-885.700012,885.699989,122.400002,763.299988,0.0,,,,546.200012,-406.700012,,124.300003,23.0,259.399994,139.5,-81.000002,,,0.0,,82.400002,87.199997,-4.8,0.0,-1.4,58.499998,-5.8,,,,52.700001,0.0,,,52.699998,0.0,52.700001,-4.6,,48.100001,48.100001,,297.325012,0.16,0.16,0.16,297.325012,0.16,0.16,0.16,
12/31/2000,1360.300049,1360.300049,0.0,0.0,0.0,-975.200012,975.199997,125.699997,849.5,0.0,,,,385.100037,-309.899994,,98.699997,21.6,189.600006,75.199997,-43.2,,,0.0,,57.5,60.099998,-2.6,0.0,-14.3,31.999997,-39.599998,,,,-7.6,0.0,,,-7.600001,0.0,-7.6,-4.0,,-11.6,-11.6,,297.325012,-0.04,-0.04,-0.04,297.325012,-0.04,-0.04,-0.04,
03/31/2001,1235.0,1235.0,0.0,0.0,0.0,-631.299988,631.299988,0.0,631.299988,0.0,,,,603.700012,-453.899994,,89.800003,30.799999,333.299988,149.800003,-90.900002,,,0.0,,58.200001,60.700001,-2.5,0.0,32.700001,58.900002,-97.099998,,,,-38.200001,0.0,,,-38.199997,39.599998,1.4,-6.0,,-4.6,-4.6,,297.325012,-0.02,-0.02,-0.02,297.325012,-0.02,-0.02,-0.02,
06/30/2001,1281.599976,1281.599976,0.0,0.0,0.0,-735.0,735.0,0.0,735.0,0.0,,,,546.599976,-244.899994,,99.599998,24.200001,121.099998,301.700012,-44.400001,,,0.0,,52.700001,55.0,-2.3,0.0,-8.3,257.300012,-101.099998,,,,156.199997,-33.899998,,,190.100012,8.1,198.199997,-4.4,,193.799997,193.799997,,297.325012,0.65,0.53,0.53,297.325012,0.65,0.53,0.53,
09/30/2001,1244.199951,1244.199951,0.0,0.0,0.0,-897.0,897.000031,128.600006,768.400024,0.0,,,,347.199951,-313.600006,,100.300003,19.1,194.199997,33.599998,-71.9,,,0.0,,50.299999,52.400002,-2.1,0.0,21.6,-38.300001,3.0,,,,-35.299999,0.0,,,-35.300001,5.1,-30.200001,-4.4,0.0,-34.600001,-34.600001,,297.325012,-0.12,-0.12,-0.12,297.325012,-0.12,-0.12,-0.12,
12/31/2001,884.799988,884.799988,0.0,0.0,0.0,-473.799988,473.800003,122.800003,351.0,0.0,,,,411.0,-336.399994,,101.5,23.5,211.399994,74.599998,-0.799999,,,0.0,,56.0,56.700001,-0.7,0.0,-55.200001,73.799999,-27.5,,,,46.299999,0.0,,,46.299999,0.0,46.299999,-1.9,,44.399999,44.399999,,297.325012,0.15,0.15,0.15,297.325012,0.15,0.15,0.15,
03/31/2002,848.599976,848.599976,0.0,0.0,0.0,-423.899994,423.899994,239.5,184.399994,0.0,,,,424.699982,-412.299988,,101.599998,24.0,286.700012,12.4,149.300007,,,0.0,,61.799999,63.599998,-1.8,0.0,-211.100006,161.700006,-50.5,,,,111.199997,0.0,,,111.200006,1.8,113.0,-2.0,,111.0,111.0,,297.325012,0.38,0.38,0.38,297.325012,0.38,0.38,0.38,
06/30/2002,712.0,712.0,0.0,0.0,0.0,-240.199997,240.199997,97.300003,142.899994,0.0,,,,471.800003,-350.899994,,106.400002,22.799999,221.699997,120.900002,-54.4,,,0.0,,58.5,64.0,-5.5,0.0,-4.1,66.500001,-19.6,,,,46.900002,1.9,,,45.000001,-9.4,35.599998,-1.9,,33.699998,33.699998,,297.325012,0.11,0.12,0.12,297.325012,0.11,0.12,0.12,
09/30/2002,762.400024,762.400024,0.0,0.0,0.0,-310.200012,310.199997,133.199997,177.0,0.0,,,,452.200012,-325.299988,,108.5,25.299999,191.5,126.900002,-67.999997,,,0.0,,76.199997,80.599998,-4.4,0.0,-8.2,58.900004,-21.700001,,,,37.200001,0.0,,,37.200004,-5.7,31.5,-1.8,0.0,29.7,29.7,,297.325012,0.1,0.1,0.1,297.325012,0.1,0.1,0.1,
12/31/2002,782.0,782.0,0.0,0.0,0.0,-309.299988,309.300003,120.800003,188.5,0.0,,,,472.700012,-351.299988,,109.400002,21.200001,220.699997,121.400002,-55.599999,,,0.0,,59.799999,63.599998,-3.8,0.0,-4.2,65.800002,-24.6,,,,41.200001,0.0,,,41.200002,-1.5,39.700001,-1.8,,37.900001,37.900001,,297.325012,0.13,0.13,0.13,297.325012,0.13,0.13,0.13,
03/31/2003,826.0,826.0,0.0,0.0,0.0,-321.0,321.0,130.899994,190.100006,0.0,,,,505.0,-385.299988,0.0,110.0,24.1,251.199997,119.699997,-52.699999,,,0.0,,57.799999,62.099998,-4.3,0.0,-5.1,66.999998,-31.299999,,,,35.700001,0.0,,,35.699998,-2.4,33.299999,-1.8,0.0,31.499999,31.499999,,297.325012,0.1,0.09,0.09,297.325012,0.1,0.09,0.09,
06/30/2003,783.900024,783.900024,0.0,0.0,0.0,-271.799988,271.800003,116.699997,155.100006,0.0,,,,512.100037,-344.700012,,104.099998,23.700001,216.899994,167.399994,-49.6,,,0.0,,55.5,61.099998,-5.6,0.0,-5.9,117.799994,-48.400002,,,,69.400002,0.9,,,68.499992,-5.9,62.599998,-1.8,,60.799999,60.799999,,297.325012,0.2,0.21,0.21,297.325012,0.2,0.21,0.21,
09/30/2003,845.400024,845.400024,0.0,0.0,0.0,-349.899994,349.899994,132.199997,217.699997,0.0,,,,495.500031,-333.799988,,106.099998,24.200001,203.5,161.699997,-65.2,,,0.0,,56.0,62.5,-6.5,0.0,9.2,96.499997,-36.400002,,,,60.099998,0.0,,,60.099996,-1.0,59.099998,-0.5,,58.599998,58.599998,,297.325012,0.2,0.2,0.2,297.325012,0.2,0.2,0.2,
12/31/2003,788.400024,788.400024,0.0,0.0,0.0,-280.899994,280.900002,115.400002,165.5,0.0,,,,507.500031,-348.399994,,107.900002,25.1,215.399994,159.100006,-55.800002,,,0.0,,61.400002,66.400002,-5.0,0.0,-5.6,103.300004,-47.5,,,,55.799999,0.0,,,55.800004,4.7,60.5,-0.5,,60.0,60.0,,297.325012,0.2,0.2,0.2,297.325012,0.2,0.2,0.2,
03/31/2004,776.799988,776.799988,0.0,0.0,0.0,-258.799988,258.799995,119.599998,139.199997,0.0,,,,518.0,-366.600006,,110.699997,22.299999,233.600006,151.399994,-73.500001,,,0.0,,63.700001,66.5,-2.8,0.0,9.8,77.899993,-12.2,,,,65.699997,0.0,,,65.699993,0.2,65.900002,-0.5,0.0,65.400002,65.400002,,297.325012,0.22,0.22,0.22,297.325012,0.22,0.22,0.22,
06/30/2004,747.799988,747.799988,0.0,0.0,0.0,-254.300003,254.299995,114.400002,139.899994,0.0,,,,493.499985,-363.600006,,107.599998,23.9,232.100006,129.899994,-58.999999,,,0.0,,61.799999,65.5,-3.7,0.0,-2.8,70.899995,-22.0,,,,48.900002,0.0,,,48.899995,2.0,50.900002,-0.5,,50.400002,50.400002,,297.325012,0.17,0.17,0.17,297.325012,0.17,0.17,0.17,
09/30/2004,828.700012,828.700012,0.0,0.0,0.0,-307.200012,307.200012,128.100006,179.100006,0.0,,,,521.5,-356.200012,,109.0,24.299999,222.899994,165.300003,-60.900002,,,0.0,,63.400002,65.599998,-2.2,0.0,-2.5,104.400002,-44.0,,,,60.400002,0.0,,,60.400002,1.5,61.900002,-0.5,,61.400002,61.400002,,297.325012,0.21,0.21,0.21,297.325012,0.21,0.21,0.21,
12/31/2004,849.5,849.5,,,,-327.7,327.7,132.5,195.2,,,,,521.8,-366.6,,110.1,22.3,234.2,155.2,-62.6,,,,2.3,64.9,68.2,-3.3,,0.0,92.6,-45.9,,,,46.7,,,,46.7,4.6,51.3,-0.6,,50.7,50.7,,312.176,0.16,0.16,0.16,312.176,0.16,0.16,0.16,
03/31/2005,622.799988,622.799988,0.0,0.0,0.0,-58.799999,58.800003,125.0,-66.199997,0.0,,,,563.999989,-358.0,,110.199997,23.9,223.899994,206.0,-75.800003,,,0.0,,77.300003,68.099998,-5.6,0.0,-1.5,130.199997,-56.599998,,,,88.400002,0.0,,,73.599998,-0.8,87.599998,-2.6,0.0,84.999999,84.999999,,341.880005,0.25,0.25,0.25,341.880005,0.25,0.25,0.25,
06/30/2005,881.400024,881.400024,0.0,0.0,0.0,-352.399994,352.399994,352.399994,0.0,0.0,,,,529.000031,-393.100006,,110.900002,24.5,257.700012,135.899994,-57.600002,,,2.6,2.7,64.900002,69.300003,-4.4,0.0,-2.0,78.299992,-31.9,,,,46.400002,0.0,,,46.399992,0.0,46.400002,-0.5,0.0,45.900002,45.900002,,323.910004,0.143,0.143,0.143,323.910004,0.143,0.143,0.143,
09/30/2005,620.700012,620.700012,0.0,0.0,0.0,-115.099998,115.099998,115.099998,,0.0,,,,505.600014,-376.399994,,112.300003,24.700001,239.399994,129.199997,-61.699998,,,0.0,1.9,63.599998,70.099998,-6.5,0.0,0.0,67.499998,-28.700001,,,,38.799999,0.0,,,38.799998,0.6,39.400002,-0.5,,38.900002,38.900002,,335.530273,0.12,0.12,0.12,335.530273,0.12,0.12,0.12,
12/31/2005,1165.0,1165.0,0.0,0.0,0.0,-529.5,529.5,529.5,,,,,,635.5,-379.299988,,112.400002,23.200001,243.699997,256.200012,-60.700001,,,0.0,2.5,63.200001,71.099998,-7.9,0.0,0.0,195.500011,-68.5,,,,127.0,0.0,,,127.000011,0.8,127.800003,-0.6,0.0,127.200003,127.200003,,347.158173,0.37,0.37,0.37,347.158173,0.37,0.37,0.37,
03/31/2006,1231.900024,1231.900024,0.0,0.0,0.0,-548.099976,548.099976,548.099976,0.0,0.0,,,,683.800049,-410.799988,0.0,112.699997,24.4,273.700012,273.0,-56.000001,,,0.0,2.4,58.400002,69.400002,-11.0,0.0,0.0,216.999999,-70.300003,,,,146.699997,0.0,,,146.699996,0.4,147.100006,-0.5,0.0,146.600006,146.600006,,421.641998,0.35,0.35,0.35,421.641998,0.35,0.35,0.35,
03/31/2007,1027.0,1027.0,0.0,0.0,0.0,-415.0,415.0,415.0,,0.0,,,,612.0,-411.0,,121.0,28.0,262.0,201.0,-58.0,,,7.0,3.0,68.0,75.0,-7.0,0.0,0.0,143.0,-44.0,,,,99.0,0.0,,,99.0,0.0,99.0,-1.0,0.0,98.0,98.0,,357.060913,0.28,0.28,0.28,357.060913,0.28,0.28,0.28,
06/30/2007,1026.0,1026.0,0.0,0.0,0.0,-425.0,425.0,425.0,,0.0,,,,601.0,-400.0,,122.0,23.0,255.0,201.0,-54.0,,,10.0,4.0,70.0,79.0,-9.0,0.0,-2.0,147.0,-42.0,,,,105.0,0.0,,,105.0,0.0,105.0,0.0,0.0,105.0,105.0,,357.060913,0.29,0.29,0.29,357.060913,0.29,0.29,0.29,
09/30/2007,1137.0,1137.0,0.0,0.0,0.0,-487.0,487.0,487.0,0.0,0.0,,,,650.0,-381.0,,125.0,26.0,230.0,269.0,-56.0,,,11.0,3.0,68.0,76.0,-8.0,0.0,2.0,213.0,-78.0,,,,135.0,0.0,,,135.0,0.0,135.0,-1.0,0.0,134.0,134.0,,357.060913,0.38,0.38,0.38,357.060913,0.38,0.38,0.38,
12/31/2007,1068.0,1068.0,0.0,0.0,0.0,-441.0,441.0,441.0,0.0,0.0,,,,627.0,-410.0,,129.0,24.0,257.0,217.0,-61.0,,,13.0,5.0,79.0,84.0,-5.0,0.0,0.0,156.0,-56.0,,,,100.0,0.0,,,100.0,0.0,100.0,0.0,0.0,100.0,100.0,,357.060913,0.28,0.28,0.28,357.060913,0.28,0.28,0.28,
03/31/2008,1095.0,1095.0,0.0,0.0,0.0,-475.0,475.0,475.0,0.0,0.0,,,,620.0,-391.0,,117.0,29.0,245.0,229.0,-64.0,,,10.0,3.0,76.0,84.0,-8.0,0.0,1.0,165.0,-58.0,,,,107.0,0.0,,,107.0,1.0,108.0,0.0,0.0,108.0,108.0,,357.0,0.302521,0.302521,0.302521,357.0,0.302521,0.302521,0.302521,
06/30/2008,1055.0,1055.0,0.0,0.0,0.0,-437.0,437.0,437.0,0.0,0.0,,,,618.0,-405.0,,124.0,27.0,254.0,213.0,-59.0,,,11.0,2.0,72.0,80.0,-8.0,0.0,0.0,154.0,-58.0,,,,96.0,0.0,,,96.0,3.0,99.0,0.0,0.0,99.0,99.0,,357.0,0.277311,0.277311,0.277311,357.0,0.277311,0.277311,0.277311,
09/30/2008,1245.0,1245.0,0.0,0.0,0.0,-585.0,585.0,585.0,0.0,0.0,,,,660.0,-384.0,,123.0,28.0,233.0,276.0,-69.0,,,10.0,4.0,83.0,90.0,-7.0,0.0,0.0,207.0,-68.0,,,,139.0,0.0,,,139.0,-7.0,132.0,0.0,0.0,132.0,132.0,,357.0,0.369748,0.369748,0.369748,357.0,0.369748,0.369748,0.369748,
12/31/2008,1103.0,1103.0,0.0,0.0,0.0,-460.0,460.0,460.0,0.0,0.0,,,,643.0,-407.0,,126.0,28.0,253.0,236.0,-59.0,,,3.0,2.0,65.0,89.0,-24.0,0.0,-1.0,177.0,-54.0,,,,123.0,0.0,,,123.0,-4.0,119.0,0.0,0.0,119.0,119.0,,357.0,0.33,0.33,0.33,357.0,0.33,0.33,0.33,
03/31/2009,1116.0,1116.0,,0.0,0.0,-436.0,436.0,436.0,,,,,0.0,680.0,-421.0,,134.0,34.0,253.0,259.0,-77.0,76.0,-16.0,13.0,3.0,92.0,99.0,-7.0,,1.0,182.0,-56.0,,,,126.0,0.0,0.0,0.0,126.0,-3.0,123.0,0.0,0.0,123.0,123.0,0.0,357.0,0.344538,0.344538,0.344538,357.0,0.344538,0.344538,0.344538,
06/30/2009,1016.0,1016.0,,0.0,0.0,-360.0,360.0,360.0,,,,,0.0,656.0,-428.0,,136.0,31.0,261.0,228.0,-69.0,69.0,-23.0,14.0,9.0,92.0,100.0,-8.0,,0.0,159.0,-49.0,,,,110.0,0.0,0.0,0.0,110.0,0.0,110.0,0.0,0.0,110.0,110.0,0.0,357.0,0.308123,0.308123,0.308123,357.0,0.308123,0.308123,0.308123,
09/30/2009,1146.0,1146.0,,0.0,0.0,-435.0,435.0,435.0,,,,,0.0,711.0,-418.0,,138.0,33.0,247.0,293.0,-63.0,64.0,-23.0,18.0,5.0,87.0,97.0,-10.0,,-1.0,230.0,-64.0,,,,166.0,0.0,0.0,0.0,166.0,-4.0,162.0,0.0,0.0,162.0,162.0,0.0,357.0,0.453782,0.453782,0.453782,357.0,0.453782,0.453782,0.453782,
12/31/2009,1179.0,1179.0,,0.0,0.0,-446.0,446.0,446.0,,,,,0.0,733.0,-453.0,,141.0,38.0,274.0,280.0,-67.0,67.0,-21.0,19.0,2.0,88.0,98.0,-10.0,,0.0,213.0,-65.0,,,,148.0,0.0,0.0,0.0,148.0,-1.0,147.0,-2.0,0.0,145.0,145.0,0.0,357.0,0.406162,0.406162,0.406162,357.0,0.406162,0.406162,0.406162,
03/31/2010,1106.0,1106.0,,0.0,0.0,-415.0,415.0,415.0,,,,,0.0,691.0,-440.0,,138.0,32.0,270.0,251.0,-62.0,62.0,-23.0,22.0,1.0,85.0,97.0,-12.0,,0.0,189.0,-53.0,,,,136.0,0.0,0.0,0.0,136.0,,136.0,,0.0,136.0,136.0,0.0,357.0,0.380952,0.380952,0.380952,357.0,0.380952,0.380952,0.380952,
06/30/2010,1052.0,1052.0,,0.0,0.0,-348.0,348.0,348.0,,,,,0.0,704.0,-435.0,,139.0,32.0,264.0,269.0,-65.0,63.0,-22.0,20.0,2.0,85.0,97.0,-12.0,,2.0,204.0,-54.0,,,,150.0,0.0,0.0,0.0,150.0,0.0,150.0,,0.0,150.0,150.0,0.0,357.0,0.420168,0.420168,0.420168,357.0,0.420168,0.420168,0.420168,
09/30/2010,1165.0,1165.0,,0.0,0.0,-450.0,450.0,450.0,,,,,0.0,715.0,-435.0,,137.0,34.0,264.0,280.0,-64.0,64.0,-22.0,21.0,1.0,86.0,97.0,-11.0,,0.0,216.0,-60.0,,,,156.0,0.0,0.0,0.0,156.0,0.0,156.0,,0.0,156.0,156.0,0.0,357.0,0.436975,0.436975,0.436975,357.0,0.436975,0.436975,0.436975,
12/31/2010,1109.0,1109.0,,0.0,0.0,-405.0,405.0,405.0,,,,,0.0,704.0,-468.0,,147.0,38.0,283.0,236.0,-68.0,69.0,-17.0,16.0,1.0,86.0,96.0,-10.0,,-1.0,168.0,-44.0,,,,124.0,0.0,0.0,0.0,124.0,0.0,124.0,-2.0,0.0,122.0,122.0,0.0,357.0,0.341737,0.341737,0.341737,357.0,0.341737,0.341737,0.341737,
03/31/2011,1119.0,1119.0,,0.0,0.0,-383.0,383.0,383.0,,,,,0.0,736.0,-469.0,,153.0,38.0,278.0,267.0,-78.0,78.0,-12.0,11.0,1.0,90.0,96.0,-6.0,,0.0,189.0,-62.0,,,,127.0,0.0,0.0,0.0,127.0,0.0,127.0,-1.0,0.0,126.0,126.0,0.0,357.0,0.352941,0.352941,0.352941,357.0,0.352941,0.352941,0.352941,
06/30/2011,1091.0,1091.0,,0.0,0.0,-371.0,371.0,371.0,,,,,0.0,720.0,-457.0,,152.0,35.0,270.0,263.0,-81.0,80.0,-14.0,11.0,3.0,94.0,99.0,-5.0,,1.0,182.0,-53.0,,,,129.0,0.0,0.0,0.0,129.0,0.0,129.0,,0.0,129.0,129.0,0.0,357.0,0.361345,0.361345,0.361345,357.0,0.361345,0.361345,0.361345,
09/30/2011,1198.0,1198.0,,0.0,0.0,-428.0,428.0,428.0,,,,,0.0,770.0,-454.0,,151.0,40.0,263.0,316.0,-84.0,82.0,-13.0,12.0,1.0,95.0,102.0,-7.0,,2.0,232.0,-63.0,,,,169.0,0.0,0.0,0.0,169.0,0.0,169.0,,0.0,169.0,169.0,0.0,357.0,0.473389,0.473389,0.473389,357.0,0.473389,0.473389,0.473389,
12/31/2011,1178.0,1178.0,,0.0,0.0,-454.0,454.0,454.0,,,,,0.0,724.0,-486.0,,155.0,39.0,292.0,238.0,-73.0,75.0,-13.0,13.0,,88.0,95.0,-7.0,,-2.0,165.0,-35.0,,,,130.0,0.0,0.0,0.0,130.0,0.0,130.0,-3.0,0.0,127.0,127.0,0.0,357.0,0.355742,0.355742,0.355742,357.0,0.355742,0.355742,0.355742,
03/31/2012,1191.0,1191.0,,0.0,0.0,-445.0,445.0,445.0,,,,,0.0,746.0,-468.0,,157.0,42.0,269.0,278.0,-70.0,72.0,-16.0,15.0,1.0,88.0,95.0,-7.0,,-2.0,208.0,-57.0,,,,151.0,0.0,0.0,0.0,151.0,0.0,151.0,-1.0,0.0,150.0,150.0,0.0,357.0,0.420168,0.420168,0.420168,357.0,0.420168,0.420168,0.420168,
06/30/2012,1153.0,1153.0,,0.0,0.0,-404.0,404.0,404.0,,,,,0.0,749.0,-498.0,,160.0,38.0,300.0,251.0,-73.0,72.0,-15.0,15.0,,87.0,95.0,-8.0,,1.0,178.0,-48.0,,,,130.0,0.0,0.0,0.0,130.0,0.0,130.0,,0.0,130.0,130.0,0.0,357.0,0.364146,0.364146,0.364146,357.0,0.364146,0.364146,0.364146,
09/30/2012,1327.0,1327.0,,0.0,0.0,-489.0,489.0,489.0,,,,,0.0,838.0,-460.0,,161.0,41.0,258.0,378.0,-71.0,72.0,-15.0,14.0,1.0,87.0,94.0,-7.0,,-1.0,307.0,-95.0,,,,212.0,0.0,0.0,0.0,212.0,0.0,212.0,,0.0,212.0,212.0,0.0,357.0,0.593838,0.593838,0.593838,357.0,0.593838,0.593838,0.593838,
12/31/2012,1211.0,1211.0,,0.0,0.0,-480.0,480.0,480.0,,,,,0.0,731.0,-617.0,,162.0,40.0,415.0,114.0,-73.0,73.0,-16.0,14.0,2.0,89.0,96.0,-7.0,,0.0,41.0,3.0,,,,44.0,0.0,0.0,0.0,44.0,0.0,44.0,-1.0,0.0,43.0,145.0,102.0,357.0,0.114845,0.114845,0.406162,357.0,0.114845,0.114845,0.406162,
03/31/2013,1232.0,1232.0,,0.0,0.0,-453.0,453.0,453.0,,,,,0.0,779.0,-482.0,,168.0,43.0,271.0,297.0,-70.0,71.0,-15.0,15.0,,86.0,94.0,-8.0,,-1.0,227.0,-67.0,,,,160.0,0.0,0.0,0.0,160.0,0.0,160.0,-1.0,0.0,159.0,159.0,0.0,357.0,0.445378,0.445378,0.445378,357.0,0.445378,0.445378,0.445378,
06/30/2013,1215.0,1215.0,,0.0,0.0,-428.0,428.0,428.0,,,,,0.0,787.0,-476.0,,169.0,40.0,267.0,311.0,-74.0,75.0,-14.0,14.0,,89.0,96.0,-7.0,,-1.0,237.0,-71.0,,,,166.0,0.0,0.0,0.0,166.0,0.0,166.0,-1.0,0.0,165.0,165.0,0.0,357.0,0.462185,0.462185,0.462185,357.0,0.462185,0.462185,0.462185,
09/30/2013,1398.0,1398.0,,0.0,0.0,-530.0,530.0,530.0,,,,,0.0,868.0,-479.0,,169.0,43.0,267.0,389.0,-74.0,77.0,-13.0,13.0,,90.0,96.0,-6.0,,-3.0,315.0,-99.0,,,,216.0,0.0,0.0,0.0,216.0,0.0,216.0,-1.0,0.0,215.0,215.0,0.0,357.0,0.602241,0.602241,0.602241,357.0,0.602241,0.602241,0.602241,
12/31/2013,1302.0,1302.0,,0.0,0.0,-513.0,513.0,513.0,,,,,0.0,789.0,-522.0,,169.0,44.0,309.0,267.0,-67.0,70.0,-15.0,15.0,,85.0,93.0,-8.0,,-3.0,200.0,-60.0,,,,140.0,0.0,0.0,0.0,140.0,0.0,140.0,-1.0,0.0,139.0,139.0,0.0,357.0,0.394958,0.394958,0.394958,357.0,0.394958,0.394958,0.394958,
03/31/2014,1288.0,1288.0,,0.0,0.0,-504.0,504.0,504.0,,,,,0.0,784.0,-494.0,,179.0,42.0,273.0,290.0,-68.0,70.0,-16.0,16.0,,86.0,94.0,-8.0,,-2.0,222.0,-67.0,,,,155.0,0.0,0.0,0.0,155.0,0.0,155.0,,0.0,155.0,155.0,0.0,357.0,0.434174,0.434174,0.434174,357.0,0.434174,0.434174,0.434174,
06/30/2014,1243.0,1243.0,,0.0,0.0,-444.0,444.0,444.0,,,,,0.0,799.0,-458.0,,177.0,40.0,241.0,341.0,-73.0,76.0,-14.0,14.0,,90.0,97.0,-7.0,,-3.0,268.0,-84.0,,,,184.0,0.0,0.0,0.0,184.0,0.0,184.0,,0.0,184.0,184.0,0.0,357.0,0.515406,0.515406,0.515406,357.0,0.515406,0.515406,0.515406,
09/30/2014,1438.0,1438.0,,0.0,0.0,-525.0,525.0,525.0,,,,,0.0,913.0,-496.0,,185.0,44.0,267.0,417.0,-77.0,79.0,-10.0,10.0,,89.0,94.0,-5.0,,-2.0,340.0,-101.0,,,,239.0,0.0,0.0,0.0,239.0,0.0,239.0,,0.0,239.0,239.0,0.0,357.0,0.669468,0.669468,0.669468,357.0,0.669468,0.669468,0.669468,
12/31/2014,1283.0,1283.0,,0.0,0.0,-524.0,524.0,524.0,,,,,0.0,759.0,-507.0,,185.0,46.0,276.0,252.0,-75.0,78.0,-11.0,11.0,,89.0,94.0,-5.0,,-3.0,177.0,-57.0,12.0,303.0,-6.0,120.0,0.0,0.0,0.0,120.0,0.0,120.0,-2.0,0.0,118.0,118.0,0.0,357.0,0.336134,0.336134,0.336134,357.0,0.336134,0.336134,0.336134,
03/31/2015,1250.0,1250.0,0.0,0.0,0.0,-476.0,476.0,476.0,,,,,0.0,774.0,-502.0,,189.0,45.0,268.0,272.0,-75.0,78.0,-10.0,10.0,,88.0,94.0,-6.0,,-3.0,197.0,-63.0,,,,134.0,0.0,0.0,0.0,134.0,0.0,134.0,,0.0,134.0,134.0,0.0,357.0,0.37535,0.37535,0.37535,357.0,0.37535,0.37535,0.37535,
06/30/2015,1269.0,1269.0,0.0,0.0,0.0,-437.0,437.0,437.0,,0.0,0.0,0.0,0.0,832.0,-507.0,,190.0,45.0,272.0,325.0,-79.0,81.0,-9.0,9.0,,90.0,94.0,-4.0,,-2.0,246.0,-75.0,,,,171.0,0.0,0.0,0.0,171.0,0.0,171.0,,0.0,171.0,171.0,0.0,357.0,0.478992,0.478992,0.478992,357.0,0.478992,0.478992,0.478992,
09/30/2015,1423.0,1423.0,0.0,0.0,0.0,-491.0,491.0,491.0,,0.0,0.0,0.0,0.0,932.0,-496.0,,188.0,48.0,260.0,436.0,-82.0,84.0,-7.0,7.0,,91.0,95.0,-4.0,,-2.0,354.0,-109.0,,,,245.0,0.0,0.0,0.0,245.0,0.0,245.0,,0.0,245.0,245.0,0.0,357.0,0.686275,0.686275,0.686275,357.0,0.686275,0.686275,0.686275,
12/31/2015,1290.0,1290.0,0.0,0.0,0.0,-464.0,464.0,464.0,,0.0,0.0,0.0,0.0,826.0,-519.0,,190.0,47.0,282.0,307.0,-81.0,85.0,-7.0,7.0,,92.0,96.0,-4.0,,-4.0,226.0,-81.0,156.0,177.0,-5.0,145.0,0.0,0.0,0.0,145.0,0.0,145.0,0.0,0.0,145.0,145.0,0.0,357.0,0.406,0.406,0.406,357.0,0.406,0.406,0.406,
03/31/2016,1252.0,1252.0,,0.0,0.0,-427.0,427.0,427.0,,,,,0.0,825.0,-501.0,,190.0,48.0,263.0,324.0,-81.0,84.0,-7.0,7.0,,91.0,95.0,-4.0,,-3.0,243.0,-78.0,,,,165.0,0.0,0.0,0.0,165.0,0.0,165.0,,0.0,165.0,165.0,0.0,357.0,0.462185,0.462185,0.462185,357.0,0.462185,0.462185,0.462185,
06/30/2016,1233.0,1233.0,0.0,0.0,0.0,-390.0,390.0,390.0,,0.0,0.0,0.0,0.0,843.0,-504.0,,193.0,46.0,265.0,339.0,-81.0,84.0,-7.0,7.0,,91.0,95.0,-4.0,,-3.0,258.0,-82.0,,,,176.0,0.0,0.0,0.0,176.0,0.0,176.0,0.0,0.0,176.0,176.0,0.0,357.0,0.492997,0.492997,0.492997,357.0,0.492997,0.492997,0.492997,
09/30/2016,1434.0,1434.0,0.0,0.0,0.0,-478.0,478.0,478.0,,0.0,0.0,0.0,0.0,956.0,-512.0,,193.0,47.0,272.0,444.0,-81.0,84.0,-7.0,7.0,,91.0,95.0,-4.0,,-3.0,363.0,-110.0,,,,253.0,0.0,0.0,0.0,253.0,0.0,253.0,0.0,0.0,253.0,253.0,0.0,357.0,0.708683,0.708683,0.708683,357.0,0.708683,0.708683,0.708683,
12/31/2016,1282.0,1282.0,,0.0,0.0,-456.0,456.0,456.0,,,,,0.0,826.0,-505.0,,194.0,49.0,262.0,321.0,-82.0,86.0,-6.0,6.0,,92.0,95.0,-3.0,,-4.0,239.0,-70.0,,,,169.0,0.0,0.0,0.0,169.0,0.0,169.0,0.0,0.0,169.0,169.0,0.0,357.0,0.473389,0.473389,0.473389,357.0,0.473389,0.473389,0.473389,
03/31/2017,1281.0,1281.0,,0.0,0.0,-441.0,441.0,441.0,,,,,0.0,840.0,-501.0,,196.0,51.0,254.0,339.0,-75.0,84.0,-7.0,7.0,,91.0,95.0,-4.0,,-9.0,264.0,-85.0,,,,179.0,0.0,0.0,0.0,179.0,0.0,179.0,,0.0,179.0,179.0,0.0,357.0,0.501401,0.501401,0.501401,357.0,0.501401,0.501401,0.501401,
06/30/2017,1245.0,1245.0,0.0,0.0,0.0,-399.0,399.0,399.0,,0.0,0.0,0.0,0.0,846.0,-513.0,,202.0,48.0,263.0,333.0,-75.0,84.0,-7.0,7.0,,91.0,95.0,-4.0,,-9.0,258.0,-83.0,,,,175.0,0.0,0.0,0.0,175.0,0.0,175.0,,0.0,175.0,175.0,0.0,357.0,0.490196,0.490196,0.490196,357.0,0.490196,0.490196,0.490196,
09/30/2017,1430.0,1430.0,,0.0,0.0,-465.0,465.0,465.0,,,,,0.0,965.0,-504.0,,200.0,50.0,254.0,461.0,-72.0,84.0,-7.0,7.0,,91.0,95.0,-4.0,,-12.0,389.0,-126.0,,,,263.0,0.0,0.0,0.0,263.0,0.0,263.0,0.0,0.0,263.0,263.0,0.0,357.0,0.736695,0.736695,0.736695,357.0,0.736695,0.736695,0.736695,
12/31/2017,1281.0,1281.0,,0.0,0.0,-465.0,465.0,465.0,,,,,0.0,816.0,-509.0,,198.0,48.0,263.0,307.0,-90.0,98.0,1.0,-1.0,,97.0,97.0,,,-8.0,217.0,-66.0,,,,151.0,0.0,0.0,0.0,151.0,0.0,151.0,0.0,0.0,151.0,151.0,0.0,357.0,0.422969,0.422969,0.422969,357.0,0.422969,0.422969,0.422969,
03/31/2018,1184.0,1184.0,,0.0,0.0,-433.0,433.0,433.0,,,,,0.0,751.0,-504.0,,202.0,52.0,250.0,247.0,-74.0,85.0,-7.0,7.0,,92.0,96.0,-4.0,,-11.0,173.0,-25.0,,,,148.0,0.0,0.0,0.0,148.0,0.0,148.0,0.0,0.0,148.0,148.0,0.0,357.0,0.414566,0.414566,0.414566,357.0,0.414566,0.414566,0.414566,
06/30/2018,1193.0,1193.0,,0.0,0.0,-402.0,402.0,402.0,,0.0,,,0.0,791.0,-507.0,,197.0,49.0,261.0,284.0,-73.0,84.0,-8.0,8.0,,92.0,96.0,-4.0,,-11.0,211.0,-27.0,,,,184.0,0.0,0.0,0.0,184.0,0.0,184.0,0.0,0.0,184.0,184.0,0.0,357.0,0.515406,0.515406,0.515406,357.0,0.515406,0.515406,0.515406,
09/30/2018,1369.0,1369.0,,0.0,0.0,-465.0,465.0,465.0,,,,,0.0,904.0,-518.0,,203.0,49.0,266.0,386.0,-68.0,82.0,-9.0,9.0,,91.0,96.0,-5.0,,-14.0,318.0,-48.0,,,,270.0,0.0,0.0,0.0,270.0,0.0,270.0,0.0,0.0,270.0,270.0,0.0,357.0,0.756303,0.756303,0.756303,357.0,0.756303,0.756303,0.756303,
12/31/2018,1280.0,1280.0,,0.0,0.0,-457.0,457.0,457.0,,,,,0.0,823.0,-689.0,,377.0,51.0,261.0,134.0,-93.0,80.0,-11.0,11.0,,91.0,96.0,-5.0,,13.0,41.0,95.0,,,,136.0,0.0,0.0,0.0,136.0,0.0,136.0,0.0,0.0,136.0,136.0,0.0,357.0,0.380952,0.380952,0.380952,357.0,0.380952,0.380952,0.380952,
03/31/2019,1259.0,1259.0,,0.0,0.0,-465.0,465.0,465.0,,,,,0.0,794.0,-510.0,,205.0,49.0,256.0,284.0,-63.0,75.0,-14.0,14.0,,89.0,96.0,-7.0,,-12.0,221.0,-42.0,,,,179.0,0.0,0.0,0.0,179.0,0.0,179.0,0.0,0.0,179.0,179.0,0.0,357.0,0.501401,0.501401,0.501401,357.0,0.501401,0.501401,0.501401,
06/30/2019,1167.0,1167.0,,0.0,0.0,-384.0,384.0,384.0,,,,,0.0,783.0,-515.0,,209.0,51.0,255.0,268.0,-62.0,71.0,-23.0,16.0,7.0,94.0,102.0,-8.0,,-9.0,206.0,-38.0,,,,168.0,0.0,0.0,0.0,168.0,0.0,168.0,0.0,0.0,168.0,168.0,0.0,357.0,0.470588,0.470588,0.470588,357.0,0.470588,0.470588,0.470588,
09/30/2019,1367.0,1367.0,,0.0,0.0,-464.0,464.0,464.0,,,,,0.0,903.0,-570.0,,272.0,46.0,252.0,333.0,-58.0,64.0,-26.0,21.0,5.0,90.0,101.0,-11.0,,-6.0,275.0,3.0,,,,278.0,0.0,0.0,0.0,278.0,0.0,278.0,0.0,0.0,278.0,278.0,0.0,357.0,0.778711,0.778711,0.778711,357.0,0.778711,0.778711,0.778711,
12/31/2019,1275.0,1275.0,,0.0,0.0,-482.0,482.0,482.0,,,,,0.0,793.0,-606.0,,268.0,53.0,285.0,187.0,-57.0,62.0,-30.0,21.0,9.0,92.0,102.0,-10.0,,-5.0,130.0,16.0,,,,146.0,0.0,0.0,0.0,146.0,0.0,146.0,0.0,0.0,146.0,146.0,0.0,357.0,0.408964,0.408964,0.408964,357.0,0.408964,0.408964,0.408964,
