Date,Revenue,Rental Income,Real Estate Sales,Com & Fee Earn/Inc from REO,Mortgage Income,Other Operating Income,Operating Expenses,Property Operating Expenses,General & Administrative,Depreciation & Amortization,Provision for Loan Losses,Cost of Real Estate Sold,Other Operating Expenses,Operating Income (Loss),Non-Operating (Income) Loss,Interest Expense,(Income) Loss from Affiliates,Other Non-Op (Income) Loss,Pretax Income,Income Tax Expense (Benefit),Current Income Tax,Deferred Income Tax,Income (Loss) from Cont Ops,Net Extraordinary Losses (Gains),Discontinued Operations,XO & Accounting Changes,Income (Loss) Incl. MI,Minority Interest,"Net Income, GAAP",Preferred Dividends,Other Adjustments,"Net Income Avail to Common, GAAP","Net Income Avail to Common, Adj",Net Abnormal Losses (Gains),Basic Weighted Avg Shares,"Basic EPS, GAAP",Basic EPS from Cont Ops,"Basic EPS from Cont Ops, Adjusted",Diluted Weighted Avg Shares,"Diluted EPS, GAAP",Diluted EPS from Cont Ops,"Diluted EPS from Cont Ops, Adjusted",FFO Reconciliation,D&A of Con Real Estate,D&A of Uncon Real Estate,D&A of Non-Real Estate Assets,D&A from Disc Ops,Disposal of Con Assets,Disposal of Uncon Assets,Disposal of Assets from Disc Ops,Deficit/Distributions to Partners,Other FFO Adjustments,Funds from Operations,Other Abnormal Gains/(Losses),Adjusted Funds from Operations,Stock-Based Compensation,Recurring Capital Expenditure,Funds Available For Distribution,AFFO Per Diluted Share,FAD Per Diluted Share,Dividend Per Share,AFFO Payout Ratio,FAD Payout Ratio,FFO Payout Ratio,Source: Bloomberg
03/31/1994,32.949001,31.299,,0.0,1.65,0.0,-20.595,13.045,0.739,6.811,0.0,,0.0,12.353999,-1.558,1.558,,0.0,10.796,0.0,,,,0.0,,,10.796,,8.746,,,5.097,5.097,,21.166,0.24,0.34,0.34,21.166,0.24,0.34,0.34,,,,,,,,,,,7.607,,7.607,,,7.607,0.359397,0.359397,0.22,61.213621,61.213621,65.084794,
06/30/1994,35.591,33.948002,,0.0,1.643,0.0,-21.369,13.998,0.641,6.73,0.0,,0.0,14.222,-1.286,1.286,,0.0,12.936,0.0,,,,0.0,,,12.936,,10.194,,,6.545,6.545,,23.886999,0.28,0.39,0.39,23.886999,0.28,0.39,0.39,,,,,,,,,,,9.777,,9.777,,,9.777,0.409302,0.409302,0.22,53.750021,53.750021,50.935868,
09/30/1994,37.549,36.661999,,0.0,0.887,0.0,-21.991,14.278,0.722,6.991,0.0,,0.0,15.557999,-1.611,1.611,,0.0,13.947,0.0,,,,0.0,,,13.947,,10.943,,,6.439,6.439,,23.827,0.27,0.39,0.39,23.827,0.27,0.39,0.39,,,,,,,,,,,10.26,,10.26,,,10.26,0.430604,0.430604,0.22,51.091031,51.091031,48.547757,
12/31/1994,41.106998,39.936001,,0.0,1.171,0.0,-24.749001,16.478001,0.529,7.742,0.0,,0.0,16.358,-2.438,2.438,,0.0,13.92,0.0,,,,0.0,,,13.92,,12.234,,,7.19,7.19,,27.658001,0.26,0.32,0.32,27.658001,0.26,0.32,0.32,,,,,,,,,,,11.653,,11.653,,,11.653,0.421325,0.421325,0.22,52.216255,52.216255,54.380846,
03/31/1995,43.198002,41.973999,,0.0,0.0,1.224,-26.655,17.417,1.091,8.147,0.0,,0.0,16.543,-1.52,1.52,,0.0,15.023,0.0,,,,0.0,,,15.023,,13.2,,,7.224,7.224,,30.566999,0.24,0.3,0.3,30.566999,0.24,0.3,0.3,,,,,,,,,,,12.558,,12.558,,,12.558,0.410835,0.410835,0.22,53.549451,53.549451,51.425389,
06/30/1995,47.911999,46.094002,,0.0,0.0,1.818,-27.775,18.351,0.645,8.779,0.0,,0.0,20.137001,-1.694,1.694,,0.0,18.443001,0.0,,,,0.0,,,18.443001,,16.551001,,,9.219001,9.219001,,34.792,0.26,0.26,0.26,34.792,0.26,0.26,0.26,,,,,,,,,,,15.352,,15.352,,,15.352,0.441251,0.441251,0.22,49.858258,49.858258,54.898387,
09/30/1995,56.938,55.519001,,0.0,0.0,1.419,-33.699001,21.863001,0.875,10.961,0.0,,0.0,23.239001,-2.035,2.035,,0.0,21.204,0.0,,,,0.0,,,21.204,,19.469999,,,10.874,10.874,,42.216999,0.26,0.26,0.26,42.216999,0.26,0.26,0.26,,,,,,,,,,,19.011,,19.011,,,19.011,0.450316,0.450316,0.22,48.854557,48.854557,48.666562,
12/31/1995,64.601997,58.547001,,2.144,0.0,3.911,-38.489999,21.504999,1.371,12.873,0.0,,2.741,26.112001,-3.259,3.259,,0.0,22.853001,0.0,,,,0.0,,,22.853001,,21.165001,,,11.945001,11.945001,,60.289001,0.19,0.19,0.19,60.289001,0.19,0.19,0.19,,,,,,,,,,,27.041,,27.041,,,27.041,0.448523,0.448523,0.22,49.049887,49.049887,75.492768,
03/31/1996,74.967003,63.709,,3.76,0.0,7.498,-37.706,21.753,1.361,14.592,0.0,,0.0,37.261,-2.581,2.581,,0.0,34.68,0.0,,,,0.0,,,34.68,,32.341,,,17.174999,17.174999,,71.666,0.24,0.24,0.24,71.666,0.24,0.24,0.24,,,,,,,,,,,34.521999,,34.521999,,,34.521999,0.481707,0.481707,0.22,45.670935,45.670935,50.993571,
06/30/1996,82.710999,71.820999,,3.549,0.0,7.341,-40.264,22.424,1.698,16.142,0.0,,0.0,42.447,-2.232,2.232,,0.0,40.215,0.0,,,,0.0,,,40.215,,37.738998,,,19.842999,19.842999,,73.537003,0.27,0.27,0.27,73.537003,0.27,0.27,0.27,,,,,,,,,,,38.657001,,38.657001,,,38.657001,0.525681,0.525681,0.22,41.850479,41.850479,47.805052,
09/30/1996,87.428001,76.440002,,3.609,0.0,7.379,-42.529,24.174,1.536,16.819,0.0,,0.0,44.899,-2.08,2.08,,0.0,42.819,0.0,,,,0.0,,,42.819,,40.366001,,,23.310001,23.310001,,78.337997,0.3,0.3,0.3,78.337997,0.3,0.3,0.3,,,,,,,,,,,42.521999,,42.521999,,,42.521999,0.542802,0.542802,0.22,40.530454,40.530454,47.293168,
12/31/1996,96.015999,82.035004,,3.51,0.0,10.471,-49.229,27.468,0.929,17.414,0.0,,3.418,46.787002,-1.589,1.589,,0.0,45.198002,0.0,,,,0.0,,,45.198002,,43.103001,,,24.622,24.622,,85.235001,0.29,0.29,0.29,85.235001,0.29,0.29,0.29,,,,,,,,,,,43.441002,,43.441002,,,43.441002,0.509662,0.509662,0.22,43.165901,43.165901,48.295386,
03/31/1997,101.259003,89.973999,,3.052,0.0,8.233,-54.897,30.150999,1.619,19.787001,0.0,,3.34,46.361999,-1.597,1.597,0.0,0.0,44.764999,0.0,,,,0.0,,,44.764999,,42.318001,,,23.168001,23.168001,,89.085999,0.26,0.26,0.26,89.475998,0.26,0.26,0.26,,,,,,,,,,,44.238998,,44.238998,,,44.238998,0.494423,0.494423,0.22,44.496304,44.496304,43.981558,
06/30/1997,110.685997,97.741997,,2.891,0.0,10.053,-61.918999,30.441999,1.667,20.757999,0.0,,9.052,48.767,-1.962,1.962,0.0,0.0,46.805,0.0,,,,0.0,,,46.805,,44.250999,,,13.583,13.583,,97.524002,0.14,0.14,0.14,101.764,0.14,0.14,0.14,,,,,,,,,,,49.754002,,49.754002,,,49.754002,0.488916,0.488916,0.22,44.997546,44.997546,42.135306,
09/30/1997,126.399002,116.705002,,2.355,0.0,7.339,-74.881999,34.480999,1.919,23.847,0.0,,14.635,51.517001,-2.262,2.262,0.0,0.0,49.255001,0.0,,,,0.0,,,49.255001,,46.548,,,28.232,28.232,,102.963997,0.27,0.27,0.27,103.536003,0.27,0.27,0.27,,,,,,,,,,,53.655998,,53.655998,,,53.655998,0.518235,0.518235,0.22,42.451769,42.451769,42.22268,
12/31/1997,132.5,129.587006,,1.843,0.0,1.07,-82.021001,41.347,1.179,26.964001,0.0,,12.531,50.478999,-0.971,0.971,0.0,0.0,49.507999,0.0,,,,0.0,,,49.507999,,45.532001,,,25.273001,25.273001,,103.956001,0.24,0.24,0.24,103.956001,0.24,0.24,0.24,,,,,,,,,,,52.993,,52.993,,,52.993,0.509764,0.509764,0.22,43.157247,43.157247,43.600097,
03/31/1998,142.565994,134.529999,,1.765,0.0,6.271,-86.687999,56.132999,2.336,28.219,0.0,,0.0,55.878,-1.162,1.162,0.0,0.0,54.716,0.0,,,,0.0,,,54.716,,48.363998,,,28.223999,28.223999,,109.466003,0.26,0.26,0.26,113.598,0.26,0.26,0.26,,,,,,,,,,,55.189999,,55.189999,,,55.189999,0.485836,0.485836,0.22,45.282769,45.282769,44.537055,
06/30/1998,133.723999,127.720001,,1.652,0.0,4.352,-78.691998,51.273998,2.226,25.191999,0.0,,0.0,55.031999,6.384,0.933,-7.317,0.0,61.415999,0.0,,,,0.0,,,61.415999,,57.199001,,,37.070002,37.070002,,113.970001,0.33,0.33,0.33,117.959999,0.32,0.32,0.32,,,,,,,,,,,65.290001,,65.290001,,,65.290001,0.553493,0.553493,0.22,39.747587,39.747587,38.63685,
09/30/1998,143.307007,137.998001,,1.388,0.0,3.921,-81.280001,52.379002,2.684,26.216999,0.0,,0.0,62.026999,5.831,0.831,-6.662,0.0,67.857999,0.0,,,,0.0,,,67.857999,,62.285999,,,43.233,43.233,,116.420998,0.37,0.37,0.37,116.725998,0.37,0.37,0.37,,,,,,,,,,,70.316002,,70.316002,,,70.316002,0.602402,0.602402,0.22,36.520449,36.520449,36.213664,
12/31/1998,135.951996,135.621002,0.0,1.416,0.0,-1.085,-55.821001,54.095001,1.726,27.854,0.0,,0.0,52.276999,11.042,1.581,-12.623,0.0,63.318999,0.0,,,,0.0,,,63.318999,,59.169998,,0.0,40.116999,40.116999,,115.761002,0.35,0.35,0.35,116.099998,0.35,0.35,0.35,,,,,,,,,,,69.355003,,69.355003,,,69.355003,0.597373,0.597373,0.22,36.827912,36.827912,36.703912,
03/31/1999,139.893005,136.371002,,0.0,0.0,3.522,-81.871003,50.886002,2.011,28.974001,0.0,,0.0,58.277002,6.918,1.204,-8.122,0.0,65.195002,0.0,,,,0.0,,,65.195002,,61.841999,,,40.311998,40.311998,,118.624001,0.34,0.34,0.34,119.014,0.34,0.34,0.34,,,,,,,,,,,71.103996,,71.103996,,,71.103996,0.597442,0.597442,0.22,36.823641,36.823641,39.845863,
06/30/1999,163.106995,158.141006,0.0,0.0,0.0,4.966,-91.969001,55.833,2.617,33.519001,0.0,,0.0,71.138002,6.817,2.53,-9.347,0.0,77.955002,0.0,,,,0.0,,,77.955002,,73.650002,,,49.826003,49.826003,,128.904007,0.39,0.39,0.39,129.25,0.39,0.39,0.39,,,,,,,,,,,86.287003,,86.287003,,,86.287003,0.667598,0.667598,0.22,32.953978,32.953978,32.953977,
09/30/1999,172.462997,168.093994,0.0,0.0,0.0,4.369,-95.583001,54.990002,3.953,36.639999,0.0,,0.0,76.880003,4.364,2.136,-6.5,0.0,81.244003,0.0,,,,0.0,,,81.244003,,76.751999,,,52.339998,52.339998,,129.041,0.41,0.41,0.41,129.248993,0.4,0.4,0.4,,,,,,,,,,,90.074997,,90.074997,,,90.074997,0.696911,0.696911,0.22,31.567893,31.567893,31.51707,
12/31/1999,168.832993,165.244995,0.0,0.0,0.0,3.588,-58.226998,55.106998,3.12,38.585999,0.0,,0.0,71.229998,8.267,2.101,-8.214,-2.154,79.496998,0.0,,,,0.0,,,79.496998,,75.639999,,0.0,50.612999,50.612999,,128.522995,0.39,0.39,0.39,128.675995,0.39,0.39,0.39,,,,,,,,,,,86.703003,,86.703003,,,86.703003,0.673809,0.673809,0.84,124.664466,124.664466,120.302638,
03/31/2000,168.319,164.942001,0.0,0.0,0.0,3.377,-98.239,59.16,3.045,36.034,0.0,,0.0,70.080004,6.87,1.406,-8.276,0.0,76.950004,0.0,,,,0.0,,,76.950004,,72.560997,,,47.522997,47.522997,,132.781006,0.34,0.34,0.34,132.901993,0.34,0.34,0.34,,,,,,,,,,,83.389,,83.389,,,83.389,0.627447,0.627447,0.22,35.062704,35.062704,35.030999,
06/30/2000,178.994995,173.362,0.0,0.0,0.0,5.633,-102.120998,60.800999,5.576,35.743999,0.0,,0.0,76.873999,7.894,1.261,-9.155,0.0,84.767999,0.0,,,,0.0,,,84.767999,,74.303001,,,49.258001,49.258001,,131.587997,0.35,0.35,0.35,131.733994,0.35,0.35,0.35,,,,,,,,,,,84.494003,,84.494003,,,84.494003,0.641399,0.641399,0.22,34.300042,34.300042,34.261602,
09/30/2000,186.487,181.792007,0.0,0.0,0.0,4.695,-107.976997,64.809998,5.436,37.730999,0.0,,0.0,78.510003,8.853,0.626,-9.479,0.0,87.363003,0.0,,,,0.0,,,87.363003,,75.652,,-2.666,47.959,47.959,,131.084,0.37,0.37,0.37,131.261002,0.37,0.37,0.37,,,,,,,,,,,88.338997,,88.338997,,,88.338997,0.673003,0.673003,0.82,121.842024,121.842024,122.345743,
12/31/2000,187.399994,182.559998,0.0,0.0,0.0,4.84,-114.022003,67.315002,7.249,39.458,0.0,,0.0,73.377998,12.985,0.0,-9.199,-3.786,86.362999,0.0,,,,0.0,,,86.362999,,74.571999,,,49.543999,49.543999,,130.828003,0.35,0.35,0.35,130.910995,0.35,0.35,0.35,,,,,,,,,,,84.752998,,84.752998,,,84.752998,0.647409,0.647409,0.22,33.981593,33.981593,33.601172,
03/31/2001,188.567001,184.959,0.0,0.0,0.0,3.608,-112.103005,66.897003,5.584,39.622002,0.0,,0.0,76.463996,9.869,0.971,-9.272,-1.568,86.332996,0.0,,,,0.0,,,86.332996,,74.635002,,0.0,46.599003,46.599003,,128.113998,0.34,0.34,0.34,128.699005,0.34,0.34,0.34,,,,,,,,,,,83.378998,,83.378998,,,83.378998,0.64786,0.64786,0.22,33.957929,33.957929,33.803475,
06/30/2001,197.613998,194.483994,0.0,0.0,0.0,3.13,-112.859005,66.536003,5.0,41.323002,0.0,,0.0,84.754997,8.69,1.124,-9.814,0.0,93.444997,0.0,,,,0.0,,,93.444997,,81.773003,,0.0,53.037003,53.037003,,120.734001,0.4,0.4,0.4,121.639,0.39,0.39,0.39,,,,,,,,,,,91.625,,91.625,,,91.625,0.753253,0.753253,0.22,29.206636,29.206636,28.988814,
09/30/2001,204.270996,201.093002,0.0,0.0,0.0,3.178,-119.187004,70.521004,5.965,42.701,0.0,,0.0,86.706,8.898,0.928,-9.826,0.0,95.604,0.0,,,,0.0,,,95.604,,83.603996,,-5.314,49.553996,49.553996,,120.092003,0.41,0.41,0.41,121.753998,0.41,0.41,0.41,,,,,,,,,,,95.223,,95.223,,,95.223,0.782093,0.782093,0.8,102.289571,102.289571,100.815979,
12/31/2001,200.218002,195.908997,0.0,0.0,0.0,4.309,-121.137002,72.233002,4.489,44.415001,0.0,,0.0,82.892004,11.949,0.204,-9.63,-2.523,94.841004,0.0,,,,0.0,,,94.841004,,84.195999,,0.0,51.724998,51.724998,,120.406998,0.38,0.38,0.38,122.274002,0.38,0.38,0.38,,,,,,,,,,,91.915001,,91.915001,,,91.915001,0.751713,0.751713,0.45,59.863242,59.863242,59.531086,
03/31/2002,205.962006,204.253998,0.0,0.0,0.0,1.708,-115.179996,67.780998,4.0,43.398998,0.0,,0.0,90.782,8.154,1.102,-7.015,-2.241,98.936,0.0,,,,0.139,,,98.797,,87.455002,,0.0,51.615002,51.615002,,121.945999,0.38,0.38,0.38,124.065002,0.37,0.37,0.37,,,,,,,,,,,90.499001,,90.499001,,,90.499001,0.729448,0.729448,0.45,61.690461,61.690461,60.637132,
06/30/2002,207.949997,205.190994,0.0,0.0,0.0,2.759,-119.326999,69.558998,4.305,45.463001,0.0,,0.0,88.623004,3.948,1.213,-7.0,1.839,92.571004,0.0,,,,1.24,,,91.331004,,80.718002,,0.0,42.782001,42.782001,,122.820999,0.3,0.31,0.31,124.823997,0.3,0.31,0.31,,,,,,,,,,,87.925003,,87.925003,,,87.925003,0.704392,0.704392,0.45,63.884898,63.884898,62.859254,
09/30/2002,215.386002,212.848007,0.0,0.0,0.0,2.538,-121.937997,73.237999,3.968,44.731998,0.0,,0.0,93.447996,6.514,0.969,-7.483,0.0,99.961996,0.0,,,,5.103,,,94.858996,,83.350998,,-12.263,33.159997,33.159997,,123.341003,0.32,0.37,0.37,124.783997,0.32,0.37,0.37,,,,,,,,,,,81.397003,,81.397003,,,81.397003,0.652303,0.652303,0.45,68.986322,68.986322,68.188012,
12/31/2002,206.690994,205.035004,0.0,0.0,0.0,1.656,-128.655002,79.998001,3.346,45.311001,0.0,,0.0,78.036002,4.922,0.525,-6.149,0.702,82.958002,0.0,,,,5.12,,,77.838002,,67.213997,,-5.375,24.616997,24.616997,,123.948997,0.2,0.24,0.24,124.984001,0.2,0.24,0.24,,,,,,,,,,,74.596001,,74.596001,,,74.596001,0.596844,0.596844,0.45,75.396534,75.396534,74.772106,
03/31/2003,206.697998,204.998993,0.0,0.0,0.0,1.699,-123.446003,73.829002,4.25,45.367001,0.0,,0.0,83.252004,4.234,0.453,-4.687,0.0,87.486004,0.0,,,,0.179,,,87.307004,,76.639,,-5.375,34.242001,34.242001,,124.078003,0.26,0.26,0.26,125.232002,0.26,0.26,0.26,,,,,,,,,,,80.518997,,80.518997,,,80.518997,0.642959,0.642959,0.45,69.98895,69.98895,69.343883,
06/30/2003,216.949005,214.070007,0.0,0.0,0.0,2.879,-129.822997,79.712997,4.429,45.681,0.0,,0.0,87.125998,9.373,0.372,-8.999,-0.746,96.498998,0.0,,,,1.432,,,95.066998,,84.296997,,-6.476,42.121996,42.121996,,124.598999,0.34,0.35,0.35,125.853996,0.33,0.34,0.34,,,,,,,,,,,,,,,,,,,0.45,,,,
09/30/2003,224.841995,221.994995,0.0,0.0,0.0,2.847,-129.027997,78.950996,4.642,45.435001,0.0,,0.0,95.813998,5.521,0.296,-5.77,-0.047,101.334998,0.0,,,,0.444,,,100.890998,,89.747002,,-5.375,49.179001,49.179001,,125.528,0.39,0.39,0.39,126.802002,0.39,0.39,0.39,,,,,,,,,,,99.782997,,99.782997,,,99.782997,0.78692,0.78692,0.45,57.184994,57.184994,56.610846,
12/31/2003,220.552994,219.350006,0.0,0.0,0.0,1.203,-134.181,82.0,3.806,48.375,0.0,,0.0,86.372002,5.71,0.0,-5.51,-0.2,92.082002,0.0,,,,-5.009,,,97.091002,,85.970001,,-9.098,38.59,38.59,,126.489998,0.31,0.27,0.27,127.824997,0.3,0.26,0.26,,,,,,,,,,,87.046997,,87.046997,,,87.046997,0.680986,0.680986,0.45,66.080679,66.080679,65.391114,
03/31/2004,220.796997,219.440002,0.0,0.0,0.0,1.357,-134.915998,82.598999,5.884,46.432999,0.0,,0.0,85.880998,3.957,0.1,-4.057,0.0,89.837998,0.0,,,,0.151,,,89.686998,,69.067001,,-5.375,25.650001,25.650001,,127.181999,0.17,0.17,0.17,128.386993,0.17,0.17,0.17,,,,,,,,,,,74.327003,,74.327003,,,74.327003,0.578929,0.578929,0.45,77.729687,77.729687,77.000277,
06/30/2004,231.624985,229.042007,0.0,0.0,0.0,2.583,-133.085,83.468002,4.572,45.044998,0.0,,0.0,98.540001,4.405,0.0,-4.405,0.0,102.945001,0.0,,,,0.828,,,102.117001,,92.360001,,-5.376,48.204002,48.204002,,127.632004,0.38,0.39,0.39,128.548004,0.37,0.38,0.38,,,,,,,,,,,98.806,,98.806,,,98.806,0.768631,0.768631,0.45,58.545637,58.545637,58.128047,
09/30/2004,237.008,233.708,0.0,0.0,0.0,3.3,-132.191,82.31,5.527,44.354,0.0,,0.0,104.817,3.22,0.0,-3.184,-0.036,108.037,0.0,,,,1.001,,,107.036,,97.515,,-8.447,48.597,48.597,,128.085,0.38,0.39,0.4,128.826,0.38,0.39,0.4,,,,,,,,,,,97.815,,97.815,,,97.815,0.75928,0.75928,0.45,59.266677,59.266677,58.925778,
12/31/2004,247.418,231.231,0.0,0.0,0.0,16.187,-141.038,90.592,2.83,47.616,0.0,,0.0,106.38,10.568,0.66,-10.918,-0.31,116.948,0.0,,,,-0.617,,,117.565,,107.271,,-7.304,59.335,59.335,,128.438,0.46,0.45,0.45,129.088,0.46,0.45,0.45,,,,,,,,,,,105.879,,105.879,,,105.879,0.820208,0.820208,0.45,54.864137,54.864137,54.587784,
03/31/2005,250.942,234.031,0.0,0.0,0.0,16.911,-149.009,95.93,5.141,47.938,0.0,,0.0,101.933,4.015,1.663,-5.678,0.0,105.948,0.0,,,,-1.107,,,107.055,,96.411,,-7.279,48.719,48.719,,128.586,0.38,0.37,0.37,129.175,0.38,0.37,0.37,,,,,,,,,,,101.914,,101.914,,,101.914,0.788961,0.788961,0.45,57.037061,57.037061,56.776988,
06/30/2005,262.762,242.17,,,,20.592,-149.227,94.859,6.128,48.24,,,,113.535,3.057,1.794,-4.851,0.0,116.592,,,,,-0.142,,,,,108.266,,-5.356,60.763,60.763,,127.986,0.47,0.47,0.47,128.618,0.47,0.47,0.47,,,,,,,,,,,115.314,,115.314,,,115.314,0.896562,0.896562,,,,0.0,
09/30/2005,273.404,251.1,,,,22.304,-150.201,85.071,5.621,47.896,,,11.613,123.203,7.044,2.471,-9.853,0.338,130.247,,,,,-5.34,,,,,128.344,,-5.356,79.262,79.262,,128.006,0.62,0.58,0.58,128.742,0.62,0.58,0.58,,,,,,,,,,,124.871,,124.871,,,124.871,0.969932,0.969932,0.5,51.55,51.55,51.255295,
12/31/2005,272.939,224.069,0.0,0.0,0.0,48.87,-147.211,90.828,4.225,52.158,0.0,,0.0,125.728,3.733,2.288,-4.501,-1.52,129.461,0.0,,,,-0.207,,,129.668,,123.372,,0.0,69.103,69.103,,128.063,0.51,0.52,0.54,128.743,0.51,0.52,0.54,,,,,,,,,,,123.372,,123.372,,,123.372,0.958281,0.958281,0.5,52.17675,52.17675,51.901566,
03/31/2006,278.518,251.347,0.0,0.0,0.0,27.171,-159.784,102.977,6.779,50.028,0.0,,0.0,118.734,1.909,1.557,-3.466,0.0,120.643,0.0,,,114.216,-0.732,,,121.375,3.313,114.216,-46.615,-5.356,62.245,62.245,,128.122,0.49,0.49,0.49,129.009,0.48,0.48,0.48,,49.798,9.492,-0.06,,,-0.312,,-8.947,,120.885,,120.885,,,120.885,0.937028,0.937028,0.5,53.360218,53.360218,53.189395,
06/30/2006,297.861,262.232,0.0,0.0,0.0,35.629,-162.1,106.545,6.975,48.58,0.0,,0.0,135.761,1.718,1.872,-3.124,-0.466,137.479,0.0,,,128.862,-0.111,,,137.59,4.342,128.862,-52.376,-5.356,71.13,71.13,,128.18,0.55,0.55,0.55,129.062,0.55,0.55,0.55,,48.646,9.466,-0.045,,-0.466,-0.711,,-10.014,,127.704,,127.704,,,127.704,0.989478,0.989478,0.5,50.531698,50.531698,50.186368,
09/30/2006,371.26,328.782,0.0,0.0,0.0,42.478,-277.325,127.62,36.242,113.463,0.0,,0.0,93.935,-6.089,9.323,-2.618,-0.616,87.846,0.0,,,81.181,-1.925,,,89.771,4.554,81.181,-60.265,-26.999,-6.083,-6.083,,145.387,-0.04,-0.05,-0.05,145.387,-0.04,-0.05,-0.05,,113.54,10.031,-0.053,,-3.126,-0.024,,-10.759,,113.436,,113.436,,,113.436,0.774418,0.774418,0.5,64.5646,64.5646,64.083272,
12/31/2006,433.372,397.336,0.0,0.0,0.0,36.036,-421.458,161.296,34.665,225.497,0.0,,0.0,11.914,-12.266,20.31,-2.687,-5.357,-1.915,0.0,,,-10.233,2.475,,,-4.39,17.819,-10.233,-64.814,16.287,-80.401,-80.401,,169.351,-0.48,-0.48,-0.48,171.402,-0.48,-0.48,-0.48,,226.961,10.139,-0.067,,-0.955,-1.047,-2.37,-10.757,-9.85,151.671,,151.671,,,151.671,0.892067,0.892067,0.5,56.049607,56.049607,64.044873,
03/31/2007,433.558,398.608,0.0,0.0,0.0,34.95,-360.883,168.001,16.516,176.366,0.0,,0.0,72.675,-5.888,16.808,-3.977,-6.943,66.787,0.0,,,59.778,1.226,,,65.561,1.98,59.778,-58.776,-5.356,-4.354,-4.354,,169.229,-0.03,-0.02,-0.065,169.229,-0.03,-0.02,-0.065,,176.481,9.755,-0.098,,,,,-10.759,,178.361,,178.361,,,178.361,1.047113,1.047113,0.5,47.750349,47.750349,47.440023,
06/30/2007,448.189,410.972,0.0,0.0,0.0,37.217,-358.464,169.489,21.465,167.51,0.0,,0.0,89.725,-4.363,16.707,-2.782,-9.562,85.362,0.0,,,77.104,0.734,,,84.628,2.051,77.104,-57.315,-5.356,14.433,14.433,,169.346,0.09,0.09,0.13,170.213,0.08,0.09,0.13,,167.601,11.279,-0.108,,3.352,,,-10.759,,187.615,,187.615,,,187.615,1.102237,1.102237,0.5,45.362311,45.362311,45.131253,
09/30/2007,468.22,427.798,0.0,0.0,0.0,40.422,-324.677,165.52,11.416,147.741,0.0,,0.0,143.543,18.76,15.257,-3.424,-30.593,162.303,0.0,,,152.766,1.233,,,161.07,2.012,152.766,-60.333,-5.356,87.077,87.077,,169.374,0.51,0.52,0.52,170.085,0.51,0.52,0.52,,147.948,11.519,-0.111,,-0.092,,,-10.759,,242.95,,242.95,,,242.95,1.428403,1.428403,0.5,35.004116,35.004116,34.85779,
12/31/2007,464.532,425.076,0.0,0.0,0.0,39.456,-295.868,154.733,10.352,130.783,0.0,,0.0,168.664,4.214,14.899,-2.555,-16.558,172.878,0.0,,,167.887,-2.941,,,175.819,-3.892,167.887,-60.333,-5.356,102.198,102.198,,169.415,0.6,0.62,0.52,170.089,0.6,0.62,0.52,,130.864,12.754,-0.089,,-0.217,-4.336,,-5.356,,237.282,,237.282,,,237.282,1.395046,1.395046,0.5,35.841109,35.841109,36.255384,
03/31/2008,457.487,424.606,,0.0,0.0,32.881,-183.035,168.119,14.916,122.441,,,0.0,152.011,369.078,16.487,-2.729,-382.836,521.089,0.0,,,512.342,1.148,,,519.941,-3.968,512.342,-60.333,-7.181,444.828,444.828,0.0,168.586,2.64,2.65,2.65,168.982,2.63,2.64,2.64,,122.486,12.172,-0.061,0.005,-341.865,,,-5.356,,235.422,,235.422,,,235.422,1.391136,1.391136,0.55,39.536025,39.536025,39.411355,
06/30/2008,418.494,380.77,,0.0,0.0,37.724,-173.361,140.188,33.173,94.829,,,0.0,150.304,-5.063,9.601,-4.632,0.094,145.241,0.0,,,133.813,1.286,,,143.955,-0.21,133.813,-60.333,-5.502,67.978,67.978,0.0,168.028,0.4,0.41,0.41,168.479,0.4,0.41,0.41,,95.391,22.821,-0.064,-0.005,0.092,,,-5.356,,186.149,,186.149,,,186.149,1.10488,1.10488,0.55,49.779182,49.779182,49.645929,
09/30/2008,431.169,392.738,,0.0,0.0,38.431,-134.214,125.335,8.879,91.084,,,0.0,205.871,-55.454,9.099,-6.318,52.673,150.417,0.0,,,137.331,2.475,,,147.942,-0.469,137.331,-60.333,-5.539,71.459,71.459,0.0,168.133,0.43,0.44,0.44,168.56,0.42,0.43,0.43,,92.034,21.198,-0.066,,-1.024,,,-5.356,,183.315,,183.315,,,183.315,1.087536,1.087536,0.55,50.573057,50.573057,50.444944,
12/31/2008,416.443,380.903,,0.0,0.0,35.54,-231.444,121.976,5.841,103.627,,,0.0,184.999,-21.456,8.757,-6.712,19.411,163.543,0.0,,,151.69,1.509,,,162.034,-0.173,151.69,-58.722,28.57,121.538,121.538,0.0,168.253,0.72,0.73,0.73,168.679,0.72,0.73,0.73,,104.29,18.727,-0.062,0.0,6.252,,,-5.131,33.851,250.722,,250.722,,,250.722,1.486385,1.486385,1.15,77.368899,77.368899,77.809067,
03/31/2009,404.24,370.772,0.0,0.0,0.0,33.468,-237.089,142.918,9.679,84.492,,0.0,0.0,167.151,-13.214,8.128,-22.811,27.897,153.937,0.0,0.0,0.0,153.429,0.508,0.508,0.0,153.429,-8.896,217.002,-58.108,0.601,159.495,153.167,-6.836,168.312,0.95,0.950633,0.910018,168.473,0.95,0.950633,0.910018,,84.492,17.632,-0.06,0.708,-2.722,,-4.181,,-5.967,254.545,-59.769,194.776,2.613,-8.499,188.89,1.156126,1.121189,0.55,47.572673,49.055085,36.367479,
06/30/2009,406.475,370.853,0.0,0.0,0.0,35.622,-226.376,134.538,8.199,83.639,,0.0,0.0,180.099,33.315,7.288,-7.398,-33.205,213.414,0.0,0.0,0.0,205.387,8.027,8.027,0.0,205.387,-6.675,199.172,-58.108,-5.577,135.487,143.514,0.0,168.348,0.8,0.85,0.85,168.528,0.8,0.85,0.85,,83.639,16.939,-0.054,0.645,,-0.675,,,-5.965,235.133,-25.0,210.133,3.48,-24.076,189.537,1.246873,1.124662,0.55,44.110349,48.903591,39.378309,
09/30/2009,412.087,377.43,0.0,0.0,0.0,34.657,-222.792,128.468,8.654,85.67,,0.0,0.0,189.295,53.537,7.289,-8.824,-52.002,242.832,0.0,0.0,0.0,243.951,-1.119,-1.119,0.0,243.951,-7.089,237.309,-58.108,-5.708,173.493,141.801,-30.573,168.373,1.03,1.02,0.842184,169.043,1.03,1.02,0.839141,,85.67,16.458,-0.036,0.954,-30.573,,-1.837,,-5.978,243.412,-21.429,221.983,3.36,-19.874,205.469,1.313175,1.215484,0.55,41.88323,45.249478,38.044612,
12/31/2009,402.208,368.545,0.0,0.0,0.0,33.663,-210.592,115.927,9.203,85.462,,0.0,0.0,191.616,-3.108,7.211,-14.211,10.108,188.508,0.0,0.0,0.0,187.689,0.819,0.819,0.0,187.689,-7.026,181.138,-58.107,-5.54,117.491,118.179,-0.131,168.398,0.7,0.702562,0.701784,169.027,0.7,0.702562,0.701784,,85.462,11.442,-0.01,0.557,-0.131,,,,-5.899,213.977,10.239,224.216,3.338,-9.903,217.651,1.326494,1.287655,0.55,41.462674,42.713312,43.284512,
03/31/2010,397.447,364.073,0.0,0.0,0.0,33.374,-236.175,140.77,10.077,84.717,,0.0,0.611,161.272,-31.888,7.339,-9.961,34.51,129.384,0.0,0.0,0.0,129.917,-0.533,-0.533,0.0,129.917,-6.409,123.961,-58.108,-31.115,34.738,34.483,0.278,168.477,0.21,0.21,0.204675,169.31,0.21,0.21,0.204675,,84.717,15.32,,0.169,-0.333,-2.112,-0.437,,-31.483,131.241,61.597,192.838,2.632,-4.812,190.658,1.138964,1.126088,0.65,57.069405,57.721942,83.464009,
06/30/2010,407.645,373.536,0.0,0.0,0.0,34.109,-233.531,137.233,10.081,84.879,,0.0,1.338,174.114,-47.348,7.278,-8.788,48.858,126.766,0.0,0.0,0.0,131.176,-4.41,-4.41,0.0,131.176,-6.481,125.038,-58.879,-0.259,60.837,57.419,0.992,168.804,0.36,0.33,0.340152,169.629,0.36,0.33,0.335848,,84.879,14.987,,0.326,-0.063,,-4.65,,-0.551,155.681,56.852,212.533,3.171,-32.19,183.514,1.252928,1.081855,0.8,63.850414,73.947056,86.743533,
09/30/2010,422.295,388.932,0.0,0.0,0.0,33.363,-236.007,134.514,8.91,92.583,,0.0,0.0,186.288,56.66,7.838,-9.043,-55.455,242.948,0.0,0.0,0.0,245.811,-2.863,-2.863,0.0,245.811,-7.012,239.354,-57.522,-0.426,182.206,179.343,0.0,169.014,1.08,1.06,1.06,169.977,1.07,1.05,1.05,,92.583,16.142,,0.065,,,-2.707,,-0.744,287.416,-56.255,231.161,3.099,-31.626,202.634,1.359955,1.192126,0.8,58.825494,67.107001,47.043728,
12/31/2010,417.78,385.228,0.0,0.0,0.0,32.552,-218.192,116.807,9.419,91.583,,0.0,0.383,199.588,-10.734,7.77,-10.56,13.524,188.854,0.0,0.0,0.0,189.21,-0.356,-0.356,0.0,189.21,-5.613,183.685,-58.236,-0.426,121.397,121.276,0.235,169.207,0.72,0.715343,0.716732,170.166,0.71,0.707908,0.709289,,91.583,14.661,,0.064,,,,,-0.744,226.899,18.749,245.648,2.542,-8.872,239.318,1.443562,1.406363,0.8,55.418485,56.884313,59.658967,
03/31/2011,419.691,385.008,0.0,0.0,0.0,34.683,-246.987,144.241,14.235,88.511,,0.0,0.0,172.704,38.182,6.984,-13.716,-31.45,210.886,0.0,0.0,0.0,210.568,0.318,0.318,0.0,210.568,-4.929,206.108,-57.617,-0.432,148.059,148.179,-0.198,169.315,0.87,0.87,0.875168,170.382,0.87,0.87,0.868838,,88.511,16.788,,0.042,-0.198,,0.253,,-0.728,252.69,-34.269,218.421,5.07,-11.874,211.617,1.281949,1.242015,0.8,62.404989,64.41146,53.781313,
06/30/2011,434.419,394.953,0.0,0.0,0.0,39.466,-240.92,139.229,12.593,89.098,,0.0,0.0,193.499,17.263,5.933,-12.77,-10.426,210.762,0.0,0.0,0.0,210.941,-0.179,-0.179,0.0,210.941,-4.983,206.444,-58.639,-0.391,131.515,131.406,0.07,169.492,0.78,0.78,0.775293,170.401,0.77,0.77,0.770411,,89.186,17.638,,,0.07,,,,-0.691,237.623,5.403,243.026,6.751,-32.418,217.359,1.426201,1.275574,0.95,66.610548,74.476304,67.964801,
09/30/2011,445.563,415.552,0.0,0.0,0.0,30.011,-245.703,138.58,14.116,90.821,,0.0,2.186,199.86,-6.988,5.862,-15.269,16.395,192.872,0.0,0.0,0.0,194.513,-1.641,-1.641,0.0,194.513,-3.784,191.139,-56.67,-0.341,117.95,113.512,-2.797,169.728,0.69,0.68,0.668788,170.83,0.69,0.68,0.663627,,90.935,17.925,,0.021,-3.135,-1.107,-1.701,,-0.641,220.178,46.617,266.795,6.147,-12.734,260.208,1.561757,1.523199,0.95,60.828914,62.368759,73.576833,
12/31/2011,437.043,408.771,0.0,0.0,0.0,28.272,-221.665,120.484,11.466,89.715,,0.0,0.0,215.378,3.529,5.443,-16.949,7.977,218.907,0.0,0.0,0.0,220.437,-1.53,-1.53,0.0,220.437,-1.843,220.151,-51.951,-0.469,164.223,157.003,-5.69,170.09,0.97,0.956511,0.923058,171.383,0.96,0.951073,0.917872,,89.83,12.326,,,-6.979,,,,-0.757,257.555,24.29,281.845,5.741,-12.751,274.835,1.644504,1.603602,0.95,57.76817,59.241618,62.751645,
03/31/2012,439.835,410.559,0.0,0.0,0.0,29.276,-254.94,151.711,16.405,86.824,,0.0,0.0,184.895,21.593,5.334,-9.115,-17.812,206.488,0.0,0.0,0.0,206.722,-0.234,-0.234,0.0,206.722,-1.718,205.852,-55.095,-0.514,125.343,125.109,0.0,170.309,0.74,0.74,0.74,171.415,0.73,0.73,0.73,,86.938,19.741,,,,,,,-0.923,230.765,14.928,245.693,5.305,-14.278,236.72,1.433323,1.380976,1.1,76.744759,79.65381,81.511494,
06/30/2012,455.793,424.06,0.0,0.0,0.0,31.733,-243.771,142.883,12.414,88.474,,0.0,0.0,212.022,-13.325,5.067,-8.596,16.854,198.697,0.0,0.0,0.0,198.931,-0.234,-0.234,0.0,198.931,-1.502,198.143,-51.91,-0.463,132.343,130.846,-1.263,170.496,0.78,0.78,0.767443,171.56,0.77,0.77,0.762638,,88.588,18.823,,,-1.263,,,,-0.869,237.371,40.487,277.858,5.978,-26.02,257.816,1.619597,1.502775,1.1,67.918145,73.19794,79.327298,
09/30/2012,477.182,445.169,0.0,0.0,0.0,32.013,-246.67,141.475,15.298,89.897,,0.0,0.0,230.512,22.372,4.926,-12.642,-14.656,252.884,0.0,0.0,0.0,264.819,-11.935,-11.935,0.0,264.819,-1.73,263.892,-49.267,-0.81,202.465,190.337,-0.193,170.576,1.19,1.12,1.115849,171.7,1.18,1.11,1.108876,,89.991,18.391,,,-13.01,,,,-1.198,296.646,3.922,300.568,7.111,-18.344,289.335,1.750542,1.685119,1.1,62.837694,65.277274,63.476332,
12/31/2012,469.694,439.077,0.0,0.0,0.0,30.617,-225.141,119.835,12.72,92.586,,0.0,0.0,244.553,27.539,4.486,-15.233,-16.792,272.092,0.0,0.0,0.0,272.563,-0.471,-0.471,0.0,272.563,-1.878,271.371,-48.969,-0.84,209.543,209.072,0.0,170.868,1.23,1.223588,1.223588,171.982,1.22,1.217261,1.217261,,92.586,18.693,,,-0.505,,,,-1.257,319.214,0.662,319.876,5.918,-9.095,316.699,1.859939,1.841466,1.1,59.14173,59.735017,59.064452,
03/31/2013,470.9,439.665,0.0,0.0,0.0,31.235,-259.643,150.389,18.253,91.001,,0.0,0.0,211.257,0.99,3.497,-11.643,7.156,212.247,0.0,0.0,0.0,212.247,0.0,0.0,0.0,212.247,-1.631,211.223,-48.59,-0.697,161.936,161.936,0.0,171.446,0.94,0.94,0.94,172.514,0.94,0.94,0.94,,91.001,18.903,,,,,,,-1.105,270.825,12.737,283.562,5.894,-7.818,281.638,1.643704,1.632552,1.25,76.047743,76.56726,79.43986,
06/30/2013,485.378,451.576,0.0,0.0,0.0,33.802,-247.593,142.571,14.085,90.937,,0.0,0.0,237.785,23.894,0.647,-13.101,-11.44,261.679,0.0,0.0,0.0,207.685,0.0,0.0,0.0,261.679,-0.979,260.463,,-0.871,207.685,207.685,0.0,171.625,1.21,1.21,1.21,172.647,1.2,1.2,1.2,,90.937,18.158,,,,,,,,315.801,-5.924,309.877,7.005,-24.946,291.936,1.794859,1.690942,1.25,69.643358,73.923309,67.932416,
09/30/2013,511.957,477.978,0.0,0.0,0.0,33.979,-261.99,147.803,17.65,96.537,,0.0,0.0,249.967,35.661,0.478,-14.269,-21.87,285.628,0.0,0.0,0.0,231.361,0.0,0.0,0.0,285.628,-0.98,284.198,,-0.93,231.361,231.193,-0.168,171.721,1.35,1.35,1.346329,172.793,1.34,1.34,1.339028,,96.537,18.708,,,-0.167,,,,,345.459,-16.094,329.365,8.592,-23.119,314.838,1.906125,1.822053,1.25,65.578082,68.603933,62.135087,
12/31/2013,513.511,480.664,0.0,0.0,0.0,32.847,-250.016,124.398,16.691,108.927,,0.0,0.0,263.495,34.482,1.822,-18.566,-17.738,297.977,0.0,0.0,0.0,243.749,0.0,0.0,0.0,297.977,-1.002,296.569,,-0.912,243.749,239.684,-4.065,171.768,1.42,1.42,1.395394,172.798,1.41,1.41,1.386475,,108.927,19.689,,,-3.937,,,,,367.426,-7.801,359.625,6.922,-15.387,351.16,2.081175,2.032188,1.4,67.269684,68.891275,65.451002,
03/31/2014,519.624,485.587,0.0,0.0,0.0,34.037,-302.529,174.519,18.989,109.021,,0.0,0.0,217.095,11.178,3.48,-14.604,-0.054,228.273,0.0,0.0,0.0,174.052,0.0,0.0,0.0,228.273,-1.128,227.196,,-0.637,174.052,174.052,0.0,171.91,1.01,1.01,1.01,172.809,1.01,1.01,1.01,,109.021,19.671,,,-0.087,,,,,301.529,10.98845,312.51745,6.287,-13.136,305.66845,1.808456,1.768823,1.4,77.414109,79.148699,80.164429,
06/30/2014,538.037,500.803,0.0,0.0,0.0,37.234,-272.374,150.554,15.377,106.443,,0.0,0.0,265.663,12.616,2.063,-14.135,-0.544,278.279,0.0,0.0,0.0,218.352,0.0,0.0,0.0,278.279,-0.811,276.834,,-0.81,218.352,217.133,-1.219,172.282,1.27,1.27,1.260335,173.181,1.26,1.26,1.252961,,106.443,21.062,,,-1.205,,,,,343.841,1.675,345.516,7.077,-19.761,332.832,1.995115,1.921874,1.4,70.171396,72.84558,70.14719,
09/30/2014,567.09,534.271,0.0,0.0,0.0,32.819,-287.519,158.568,17.874,111.077,,0.0,0.0,279.571,15.406,1.238,-14.566,-2.078,294.977,0.0,0.0,0.0,231.815,0.0,0.0,0.0,294.977,-0.891,293.459,,-0.881,231.815,230.555,-1.26,172.378,1.34,1.34,1.337497,173.304,1.34,1.34,1.33273,,111.077,19.688,,,-1.44,,,,,360.249,4.74504,364.99404,8.794,-30.702,343.08604,2.106091,1.979678,1.4,66.473853,70.718587,67.175759,
12/31/2014,561.681,529.221,0.0,0.0,0.0,32.46,-262.169,132.377,19.219,110.573,,0.0,0.0,299.512,48.914,0.0,-44.962,-3.952,348.426,0.0,0.0,0.0,283.957,0.0,0.0,0.0,348.426,-0.808,346.715,,-1.064,283.957,283.957,0.0,172.434,1.65,1.65,1.65,173.258,1.64,1.64,1.64,,110.573,18.992,,,-36.351,,,,,376.363,0.012,376.375,7.383,-16.185,367.573,2.172338,2.121536,1.4,64.446682,65.989939,64.101147,
03/31/2015,564.879,530.637,0.0,0.0,0.0,34.242,-303.318,172.012,24.16,107.146,,0.0,0.0,261.561,21.693,0.0,-16.184,-5.509,283.254,0.0,0.0,0.0,212.613,0.0,0.0,0.0,283.254,-0.927,281.781,,-0.829,212.613,211.141,-1.472,172.52,1.23,1.23,1.223864,173.366,1.23,1.23,1.221509,,107.146,18.781,,,-6.478,,,,,331.135,4.784,335.919,7.158,-7.899,335.178,1.937629,1.933355,1.4,72.253252,72.412987,72.915578,
06/30/2015,588.615,551.028,0.0,0.0,0.0,37.587,-288.558,161.097,20.988,106.473,,0.0,0.0,300.057,27.983,0.0,-7.48,-20.503,328.04,0.0,0.0,0.0,263.926,0.0,0.0,0.0,328.04,-0.828,326.405,,-1.03,263.926,247.238,-16.688,172.629,1.53,1.53,1.432193,173.387,1.52,1.52,1.423753,,106.473,19.035,,,-16.625,,,,,371.981,3.46774,375.44874,7.334,-24.562,358.22074,2.16538,2.066018,1.7,78.508161,82.283873,79.116944,
09/30/2015,618.872,580.976,0.0,0.0,0.0,37.896,-294.341,164.686,23.573,106.082,,0.0,0.0,324.531,16.605,0.0,-12.603,-4.002,341.136,0.0,0.0,0.0,273.508,0.0,0.0,0.0,341.136,-0.877,339.568,,-0.885,273.508,273.165,-0.343,172.771,1.58,1.58,1.581081,173.529,1.58,1.58,1.578023,,106.082,21.276,,,-5.73,,,,,394.259,10.36587,404.62487,9.911,-20.414,394.12187,2.331742,2.271216,1.7,72.906863,74.849767,74.722454,
12/31/2015,609.33,572.884,0.0,0.0,0.0,36.446,-263.472,137.709,19.456,106.307,,0.0,0.0,345.858,19.401,0.61,-14.67,-5.341,365.259,0.0,0.0,0.0,303.003,0.0,0.0,0.0,365.259,-0.887,363.49,,-1.456,303.003,303.003,0.0,172.877,1.75,1.75,1.75,173.759,1.74,1.74,1.74,,106.307,19.893,,,-0.888,,,,,427.428,-3.51059,423.91741,6.147,-10.194,419.87041,2.439686,2.416395,1.7,69.681097,70.352731,68.941202,
03/31/2016,611.786,574.586,0.0,0.0,0.0,37.2,-301.461,173.286,23.047,105.128,,0.0,0.0,310.325,7.024,0.711,-14.164,6.429,317.349,0.0,0.0,0.0,241.335,0.0,0.0,0.0,317.349,-0.882,315.873,,-0.93,241.335,240.646,-0.689,172.977,1.4,1.4,1.391202,173.85,1.39,1.39,1.386037,,105.128,19.537,,,-0.689,,,,,364.429,17.5155,381.9445,8.052,-14.393,375.6035,2.196977,2.160503,1.7,77.379043,78.685369,80.665095,
06/30/2016,634.188,594.387,0.0,0.0,0.0,39.801,-297.338,172.004,18.321,107.013,,0.0,0.0,336.85,21.509,1.378,-10.227,-12.66,358.359,0.0,0.0,0.0,280.775,0.0,0.0,0.0,358.359,-0.876,356.659,,-1.131,280.775,280.775,0.0,173.087,1.62,1.62,1.62,174.0,1.61,1.61,1.61,,107.013,19.454,,,0.0,,,,,406.366,10.74,417.106,8.431,-30.552,394.985,2.397161,2.270029,1.8,75.088826,79.29415,76.901119,
09/30/2016,663.148,623.157,0.0,0.0,0.0,39.991,-310.199,178.627,22.14,109.432,,0.0,0.0,352.949,16.101,1.221,-17.237,-0.085,369.05,0.0,0.0,0.0,308.957,0.0,0.0,0.0,369.05,-0.884,367.305,,-1.17,308.957,308.957,0.0,173.108,1.78,1.78,1.78,173.848,1.78,1.78,1.78,,109.432,18.328,,,-0.078,,,,,435.755,3.665,439.42,11.416,-22.834,428.002,2.527625,2.461946,1.8,71.213099,73.112883,71.71461,
12/31/2016,651.427,613.698,0.0,0.0,0.0,37.729,-277.055,145.166,20.148,111.741,,0.0,0.0,374.372,41.309,0.9,-15.128,-27.081,415.681,0.0,0.0,0.0,352.812,0.0,0.0,0.0,415.681,-0.907,413.739,,-1.379,352.812,352.812,0.0,173.19,2.04,2.04,2.04,173.812,2.03,2.03,2.03,,111.741,17.088,,,-0.001,,,,,480.733,-16.033,464.7,3.067,-18.268,449.499,2.673578,2.586122,2.0,74.806111,77.335878,72.274423,
03/31/2017,645.547,607.778,0.0,0.0,0.0,37.769,-318.859,182.902,25.028,110.929,,,0.0,326.688,17.333,1.048,-19.949,1.568,344.021,0.0,0.0,0.0,281.131,0.0,0.0,0.0,344.021,-0.962,342.442,,-1.19,281.131,281.131,0.0,173.364,1.62,1.62,1.62,174.069,1.62,1.62,1.62,,110.929,17.213,,,-1.611,,,,,406.7,5.566,412.266,-3.286,-27.05,381.93,2.368406,2.19413,2.0,84.444994,91.152305,85.61913,
06/30/2017,664.312,624.199,0.0,0.0,0.0,40.113,-307.747,182.578,14.992,110.177,,0.0,0.0,356.565,-1.358,1.116,-20.068,20.31,355.207,0.0,0.0,0.0,276.681,0.0,0.0,0.0,355.207,-0.837,353.702,,-1.102,276.681,275.706,-0.975,173.602,1.59,1.59,1.58815,174.075,1.59,1.59,1.584399,,110.177,17.368,,,-1.466,,,,,401.923,40.078,442.001,4.085,-26.49,419.596,2.539141,2.410432,2.0,78.76679,82.972669,86.676304,
09/30/2017,686.361,646.238,0.0,0.0,0.0,40.123,-326.25,190.619,22.311,113.32,,0.0,0.0,360.111,-1.837,2.389,-17.218,16.666,358.274,0.0,0.0,0.0,279.717,0.0,0.0,0.0,358.274,-0.858,356.674,,-1.21,279.717,287.506,7.789,173.715,1.61,1.61,1.655044,174.24,1.61,1.61,1.654703,,113.32,18.054,,,0.0,,,,,410.233,30.998,441.231,12.297,-28.985,424.543,2.532317,2.436542,2.0,78.979038,82.083558,84.96513,
12/31/2017,672.308,634.218,0.0,0.0,0.0,38.09,-292.53,151.879,20.551,120.1,,0.0,0.0,379.778,11.185,8.137,-18.42,-0.902,390.963,0.0,0.0,0.0,334.08,0.0,0.0,0.0,390.963,-0.91,389.399,,1.241,336.562,336.116,-0.446,173.771,1.92,1.92,1.934247,174.218,1.92,1.92,1.91744,,120.1,19.296,,,-1.831,,,,,470.735,9.02418,479.75918,9.615,-42.255,447.11918,2.753787,2.566435,2.0,72.627271,77.929111,74.0697,
03/31/2018,669.924,631.537,0.0,0.0,0.0,38.387,-342.326,192.827,31.52,117.979,,,0.0,327.598,16.838,8.107,-30.795,5.85,344.436,0.0,0.0,0.0,287.819,0.0,0.0,0.0,344.436,-0.918,342.997,,-1.097,287.819,287.395,-0.424,173.892,1.66,1.66,1.652721,174.148,1.65,1.65,1.647565,,117.979,19.315,,,-11.891,,,,,412.304,19.618,431.922,-1.891,-24.344,405.687,2.480201,2.329553,2.0,80.638634,85.85338,84.64628,
06/30/2018,685.528,645.206,0.0,0.0,0.0,40.322,-342.083,190.977,31.329,119.777,,,0.0,343.445,61.847,8.388,-41.963,-28.272,405.292,0.0,0.0,0.0,348.3,0.0,0.0,0.0,405.292,-1.014,403.802,,-1.425,348.3,348.3,0.0,173.932,2.0,2.0,2.0,174.224,2.0,2.0,2.0,,119.777,19.308,,,-23.873,,,,,462.498,-13.2328,449.2652,17.08,-28.883,437.4622,2.578664,2.510918,2.0,77.559535,79.652139,75.456326,
09/30/2018,706.368,666.616,0.0,0.0,0.0,39.752,-347.489,195.544,27.429,124.516,,0.0,0.0,358.879,20.71,8.094,-17.771,-11.033,379.589,0.0,0.0,0.0,322.679,0.0,0.0,0.0,379.589,-0.892,378.027,,-1.268,322.679,321.278,-1.401,173.975,1.85,1.85,1.846691,174.348,1.85,1.85,1.841964,,124.516,19.615,,,-1.766,,,,,464.152,6.1054,470.2574,17.998,-40.18,448.0754,2.697234,2.570006,2.0,74.150029,77.820831,75.22665,
12/31/2018,692.46,654.248,0.0,0.0,0.0,38.212,-310.19,160.374,28.442,121.374,,0.0,0.0,382.27,205.636,7.953,-12.966,-200.623,587.906,0.0,0.0,0.0,530.102,0.0,0.0,0.0,587.906,-0.822,586.205,,-2.025,530.102,342.408,-187.694,174.075,3.05,3.05,1.967014,174.466,3.04,3.04,1.96418,,121.374,21.63,,,-189.802,,,,,482.482,-5.379,477.103,16.602,-45.99,447.715,2.734647,2.566202,2.0,73.13557,77.936187,72.376379,
03/31/2019,689.038,650.408,0.0,0.0,0.0,38.63,-345.645,204.201,19.503,121.941,,0.0,0.0,343.393,24.285,8.143,-17.672,-14.756,367.678,0.0,0.0,0.0,301.743,0.0,0.0,0.0,367.678,-1.198,366.521,,-1.233,301.743,301.743,0.0,174.177,1.73,1.73,1.73,174.376,1.73,1.73,1.73,,121.941,17.514,,,0.0,,,,,440.0,0.742,440.742,-3.093,-30.205,407.444,2.527538,2.336583,2.0,79.128379,85.595076,79.431818,
06/30/2019,710.95,669.339,0.0,0.0,0.0,41.611,-349.859,207.736,15.264,126.859,,,0.0,361.091,10.365,12.254,-18.914,-3.705,371.456,0.0,0.0,0.0,306.411,0.0,0.0,0.0,371.456,-1.088,370.056,,-1.259,306.411,306.07,-0.341,174.253,1.76,1.76,1.756469,174.542,1.76,1.76,1.756469,,126.859,17.247,,,-0.992,,,,,448.437,14.079,462.516,5.456,-42.354,425.618,2.649884,2.438485,2.0,75.475011,82.018148,77.959669,
09/30/2019,729.336,687.778,,0.0,0.0,41.558,-358.403,212.262,16.908,129.233,,,0.0,370.933,28.487,12.597,-19.045,-22.039,399.42,0.0,0.0,0.0,337.362,0.0,0.0,0.0,399.42,-1.019,397.942,,-1.406,337.362,337.362,0.0,174.334,1.94,1.94,1.94,174.611,1.93,1.93,1.93,,128.716,17.803,,,-0.388,,,,,482.474,-6.428,476.046,6.442,-62.84,419.648,2.726323,2.403331,2.0,73.358877,83.21784,72.489917,
12/31/2019,717.499,677.027,0.0,0.0,0.0,40.472,-327.777,172.584,20.308,134.885,,0.0,0.0,389.722,-2.625,12.647,-13.916,3.894,387.097,0.0,0.0,0.0,327.251,0.0,0.0,0.0,387.097,-0.903,386.015,,-0.997,327.251,327.251,0.0,174.383,1.88,1.88,1.88,174.59,1.87,1.87,1.87,,133.897,19.161,,,-4.516,,,,,474.89,21.024,495.914,4.866,-57.14,443.64,2.841426,2.541913,2.0,70.387204,78.680912,73.649477,
03/31/2020,716.082,674.201,0.0,0.0,0.0,41.881,-375.834,218.87,21.064,135.9,,0.0,0.0,340.248,26.888,13.621,-23.968,-16.541,367.136,0.0,0.0,0.0,313.134,0.0,0.0,0.0,367.136,-0.961,366.156,,-1.017,313.134,312.017,-1.117,174.446,1.8,1.8,1.788617,174.616,1.79,1.79,1.783603,,135.137,18.243,,,-9.241,,,,,456.312,-8.945,447.367,-2.83,-56.857,387.68,2.562005,2.220186,2.0,78.063871,90.082542,76.658076,
06/30/2020,709.285,664.542,0.0,0.0,0.0,44.743,-383.519,225.607,20.294,137.618,,,0.0,325.766,-9.954,14.145,-17.655,13.464,315.812,0.0,0.0,0.0,246.119,0.0,0.0,0.0,315.812,-0.938,314.923,,-0.783,246.119,246.119,,174.493,1.41,1.41,1.41,174.575,1.41,1.41,1.41,,136.821,16.872,,,0.0,,,,,398.874,34.364,433.238,6.546,-38.772,401.012,2.481673,2.297076,2.0,80.590807,87.06722,87.696867,
09/30/2020,721.0,,,,,,,,,,,,,358.0,,,,,335.0,,,,,,,,,,339.0,,,339.0,302.333,,,1.68,1.68,1.693,,1.68,1.68,1.693,,,,,,,,,,,,,,,,,,,,,,,
12/31/2020,715.5,,,,,,,,,,,,,389.0,,,,,388.0,,,,,,,,,,377.0,,,377.0,338.333,,,1.89,1.89,1.907,,1.89,1.89,1.907,,,,,,,,,,,,,,,,,,,,,,,
