Date,Revenue,Sales & Services Revenue,Other Revenue,Cost of Revenue,Cost of Goods & Services,Gross Profit,Other Operating Income,Operating Expenses,"Selling, General & Admin",Other Operating Expense,Operating Income (Loss),Non-Operating (Income) Loss,"Interest Expense, Net",Interest Expense,Interest Income,Foreign Exch (Gain) Loss,(Income) Loss from Affiliates,Other Non-Op (Income) Loss,Pretax Income,Income Tax Expense (Benefit),Income (Loss) from Cont Ops,Net Extraordinary Losses (Gains),Discontinued Operations,XO & Accounting Changes,Income (Loss) Incl. MI,Minority Interest,"Net Income, GAAP",Preferred Dividends,Other Adjustments,"Net Income Avail to Common, GAAP","Net Income Avail to Common, Adj",Net Abnormal Losses (Gains),Basic Weighted Avg Shares,"Basic EPS, GAAP",Basic EPS from Cont Ops,"Basic EPS from Cont Ops, Adjusted",Diluted Weighted Avg Shares,"Diluted EPS, GAAP",Diluted EPS from Cont Ops,"Diluted EPS from Cont Ops, Adjusted",Source: Bloomberg
04/30/1989,148.082001,,,-98.555,,49.527,,-41.563,,,7.964,-3.904,,4.591,,0.0,,-0.687,4.06,-1.08,2.98,0.0,,,2.98,0.0,2.98,-2.047,,0.933,0.933,,18.66,0.05,0.05,,18.66,0.05,0.05,0.05,
07/30/1989,166.436005,,,-113.371002,,53.065002,,-43.049,,,10.016,-4.764,,4.774,,0.0,,-0.01,5.252,-1.47,3.782,0.0,,,3.782,0.0,3.782,-2.048,,1.734,1.734,,19.17,0.09,0.09,,19.17,0.09,0.09,0.09,
10/29/1989,232.485992,,,-155.904007,,76.581985,,-51.834999,,,24.747,-4.734,,5.408,,0.0,,-0.674,20.013,-5.26,14.753,0.0,,,14.753,0.0,14.753,-2.048,,12.705,12.705,,19.309999,0.66,0.66,,19.309999,0.66,0.66,0.66,
01/28/1990,185.932007,,,-123.945999,,61.986008,,-52.355999,,,9.63,-6.261,,4.366,,0.0,,1.895,3.369,-0.692,2.677,0.0,,,2.677,0.0,2.677,-2.047,,0.63,0.63,,18.178106,0.035,0.035,,18.178106,0.035,0.035,0.035,
04/29/1990,155.373993,,,-98.429001,,56.944992,,-52.046001,,,4.899,-3.994,,4.695,,0.0,,-0.701,0.905,-0.262,0.643,0.0,,,0.643,0.0,0.643,-2.047,,-1.404,-1.404,,18.224001,-0.075,-0.075,,18.224001,-0.075,-0.075,-0.075,
07/29/1990,191.056,,,-123.307999,,67.748001,,-55.216,,,12.532,-4.637,,5.408,,0.0,,-0.771,7.895,-2.243,5.652,0.0,,,5.652,0.0,5.652,-2.047,,3.605,3.605,,18.252001,0.185,0.185,,18.252001,0.185,0.185,0.185,
10/28/1990,241.457001,,,-156.658005,,84.798996,,-59.203999,,,25.594999,-4.958,,5.535,,0.0,,-0.577,20.636999,-5.737,14.9,0.0,,,14.899999,0.0,14.9,0.0,,14.9,14.9,,18.264,0.615,0.615,,18.264,0.615,0.615,0.615,
02/03/1991,218.427994,,,-143.697998,,74.729996,,-61.549999,,,13.18,-7.438,,4.713,,0.0,,2.725,5.742001,-0.553,5.189,0.0,,,5.189001,0.0,5.189,0.0,,5.189,5.189,,18.352594,0.23,0.23,,18.352594,0.23,0.23,0.23,
05/05/1991,180.375,,,-118.210999,,62.164001,,-58.935001,,,3.229,-4.506,,4.461,,0.0,,0.045,-1.277,0.397,-0.88,0.0,,,-0.88,0.0,-0.88,-2.047,,-2.927,-2.927,,18.444,-0.16,-0.16,,18.444,-0.16,-0.16,-0.16,
08/04/1991,205.302002,,,-129.134995,,76.167007,,-62.743999,,,13.423,-4.571,,4.752,,0.0,,-0.181,8.852,-2.88,5.972,0.0,,,5.972,0.0,5.972,-2.048,,3.924,3.924,,18.511999,0.2,0.2,,18.511999,0.2,0.2,0.2,
11/03/1991,286.325012,,,-186.574005,,99.751007,,-68.541,,,31.209999,-5.038,,4.707,,0.0,,0.331,26.171999,-8.624,17.548,0.0,,,17.548,0.0,17.548,0.0,,17.548,17.548,,18.576,0.77,0.77,,18.576,0.77,0.77,0.77,
02/02/1992,232.098007,,,-149.459,,82.639008,,-68.512001,,,14.127,-3.827,,3.86,,0.0,,-0.033,10.3,-1.803,8.497,0.0,,,8.497,0.0,8.497,0.0,,8.497,8.497,,18.70294,0.5,0.5,,18.70294,0.5,0.5,0.5,
05/03/1992,208.272003,,,-131.981995,,76.290009,,-71.179001,,,5.111,-5.291,,3.95,,0.0,,1.341,-0.18,0.057,-0.123,0.0,,,-0.123,0.0,-0.123,-2.047,,-2.17,-2.17,,18.822001,-0.12,-0.12,,18.822001,-0.12,-0.12,-0.12,
08/02/1992,239.490997,,,-150.632996,,88.858002,,-75.295998,,,13.562,-3.947,,4.17,,0.0,,-0.223,9.615,-3.157,6.458,0.0,,,6.458,0.0,6.458,-0.091,,6.367,6.367,,26.750999,0.24,0.24,,26.750999,0.24,0.24,0.24,
11/01/1992,322.32901,,,-205.164993,,117.164017,,-80.377998,,,36.785999,-4.157,,4.186,,0.0,,-0.029,32.628999,-10.744,21.885,0.0,,,21.884999,0.0,21.885,0.0,,21.885,21.885,,25.299,0.81,0.81,,25.299,0.81,0.81,0.81,
01/31/1993,272.472992,,,-169.259995,,103.212997,,-85.603996,,,17.608999,-5.192,,4.512,,0.0,,0.68,12.416999,-2.756,9.661,0.0,,,9.660999,0.0,9.661,0.0,,9.661,9.661,,25.647736,0.36,0.36,,25.647736,0.36,0.36,0.36,
05/02/1993,221.923996,,,-143.800003,,78.123993,,-76.945999,,,1.178,-4.4,,4.443,,0.0,,-0.043,-3.222,1.014,-2.208,0.0,,,-2.208,0.0,-2.208,0.0,,-2.208,-2.208,,26.011,-0.08,-0.08,,26.011,-0.08,-0.08,-0.08,
08/01/1993,264.015991,,,-167.016006,,96.999985,,-81.106003,,,15.894,-4.618,,4.489,,0.0,,0.129,11.276,-3.519,7.757,0.0,,,7.757,0.0,7.757,0.0,,7.757,7.757,,27.063,0.29,0.29,,27.063,0.29,0.29,0.29,
10/31/1993,357.389008,,,-231.009995,,126.379013,,-84.453003,,,41.925999,-5.941,,4.704,,0.0,,1.237,35.984999,-11.465,24.52,0.0,,,24.519999,0.0,24.52,0.0,,24.52,24.52,,27.09,0.91,0.91,,27.09,0.91,0.91,0.91,
01/30/1994,309.065002,,,-197.942001,,111.123001,,-89.809998,,,21.313,-1.634,,3.043,,0.0,,-1.409,19.679,-6.41,13.269,11.394,,,1.875,0.0,1.875,0.0,,1.875,1.875,,27.229,0.06,0.48,,27.229,0.06,0.48,0.48,
05/01/1994,238.897003,,,-159.735001,,79.162003,,-81.371002,,,-2.209,-3.322,,3.322,,0.0,,,-5.531,2.0,-3.531,0.0,,,-3.531,0.0,-3.531,0.0,,-3.531,-3.531,,26.518999,-0.13,-0.13,,26.518999,-0.13,-0.13,-0.13,
07/31/1994,283.770996,,,-189.009995,,94.761002,,-82.459,,,12.302,-3.362,,3.362,,0.0,,,8.94,-3.205,5.735,0.0,,,5.735,0.0,5.735,0.0,,5.735,5.735,,27.198,0.21,0.21,,27.198,0.21,0.21,0.21,
10/30/1994,379.406006,,,-258.117004,,121.289001,,-91.484001,,,29.805,-3.377,,3.377,,0.0,,,26.428,-8.578,17.85,0.0,,,17.85,0.0,17.85,0.0,,17.85,17.85,,27.093,0.66,0.66,,27.093,0.66,0.66,0.66,
01/29/1995,353.391998,,,-238.792999,,114.598999,,-104.794998,,,9.804,-2.732,,2.732,,0.0,,,7.072,2.889,9.961,0.0,,,9.961,0.0,9.961,0.0,,9.961,9.961,,26.922001,0.37,0.37,,26.922001,0.37,0.37,0.37,
04/30/1995,282.987,,,-185.584,,97.403,,-97.754997,,,-0.352,-4.783,,4.783,,,,0.0,-5.135,1.775,-3.36,0.0,,,-3.36,0.0,-3.36,0.0,,-3.36,-3.36,,26.641001,-0.13,-0.13,-0.13,26.641001,-0.13,-0.13,-0.13,
07/28/1995,349.493011,,,-229.895996,,119.597015,,-107.704002,,,11.893,-5.939,,5.939,,0.0,,,5.954,-2.06,3.894,0.0,,,3.894,0.0,3.894,0.0,,3.894,3.894,,25.959999,0.15,0.15,0.15,25.959999,0.15,0.15,0.15,
10/29/1995,448.006989,,,-308.951996,,139.054993,,-116.749001,,,22.306,-31.559,,6.559,,0.0,,25.0,-9.253,4.879,-4.374,0.0,,,-4.374,0.0,-4.374,0.0,,-4.374,-4.374,,26.76,-0.16,-0.16,-0.16,26.76,-0.16,-0.16,-0.16,
01/28/1996,383.640991,,,-263.489014,,120.151978,,-106.426003,,,13.726,-7.918,,5.918,,0.0,,2.0,5.808,-1.674,4.134,0.0,,,4.134,0.0,4.134,0.0,,4.134,4.134,,26.823,0.15,0.15,,26.823,0.15,0.15,0.15,
04/28/1996,273.660004,,,-180.563004,,93.097,,-96.358002,,,-3.261,-6.153,,6.153,,,,0.0,-9.414,2.86,-6.554,0.0,,,-6.554,0.0,-6.554,0.0,,-6.554,-6.554,,26.983999,-0.24,-0.24,-0.24,26.983999,-0.24,-0.24,-0.24,
07/28/1996,313.807007,,,-208.481995,,105.325012,,-96.362999,,,8.962,-5.918,,5.918,,,,0.0,3.044,-0.918,2.126,0.0,,,2.126,0.0,2.126,0.0,,2.126,2.126,,26.575001,0.08,0.08,0.08,26.992001,0.08,0.08,0.08,
10/27/1996,391.244995,,,-261.536011,,129.708984,,-102.817001,,,26.892,-5.958,,5.958,,,,0.0,20.934,-5.899,15.035,0.0,,,15.035,0.0,15.035,0.0,,15.035,15.035,,26.848,0.56,0.56,0.56,27.004999,0.55,0.55,0.55,
02/02/1997,380.881012,,,-259.936005,,120.945007,,-105.800003,,,15.145,-5.135,,5.135,,,,0.0,10.01,-2.087,7.923,0.0,,,7.923,0.0,7.923,0.0,,7.923,7.923,,27.035,0.29,0.29,0.29,27.035,0.29,0.29,0.29,
05/04/1997,285.924988,,,-186.957001,,98.967987,,-100.653999,,,-1.686,-4.932,,4.932,,,,0.0,-6.618,2.078,-4.54,0.0,,,-4.54,0.0,-4.54,0.0,,-4.54,-4.54,,27.084999,-0.17,-0.17,-0.17,27.084999,-0.17,-0.17,-0.17,
08/03/1997,313.458008,,,-219.270004,,94.188004,,-99.551003,,,-5.363,-46.494001,,5.344,,,,41.150002,-51.857001,18.572001,-33.285,0.0,,,-33.285001,0.0,-33.285,0.0,,-33.285,-33.285,,27.073999,-1.23,-1.23,0.13,27.073999,-1.23,-1.23,0.13,
11/02/1997,413.643005,,,-273.877014,,139.765991,,-113.803001,,,25.962999,-5.958,,5.958,,,,0.0,20.004999,-5.453,14.552,0.0,,,14.551999,0.0,14.552,0.0,,14.552,14.552,,26.948,0.54,0.54,0.54,27.457001,0.53,0.53,0.53,
02/01/1998,336.980988,,,-257.860992,,79.119995,,-98.487,,,-19.367001,-49.987999,,4.438,,0.0,,45.549999,-69.355,26.049,-43.306,0.0,,,-43.306,0.0,-43.306,0.0,,-43.306,-43.306,,27.236,-1.59,-1.59,0.2,27.236,-1.59,-1.59,0.2,
05/03/1998,295.765015,,,-193.257004,,102.508011,,-101.954002,,,0.554,-7.466,,5.466,,,,2.0,-6.912,2.427,-4.485,1.06,,,-5.545,0.0,-5.545,0.0,,-5.545,-5.545,,27.725,-0.2,-0.16,-0.16,27.725,-0.2,-0.16,-0.16,
08/02/1998,306.371002,,,-197.307999,,109.063004,,-95.769997,,,13.293,-8.904,,6.654,,,,2.25,4.389,-1.669,2.72,0.0,,,2.72,0.0,2.72,0.0,,2.72,2.72,,27.200001,0.1,0.1,0.1,27.200001,0.1,0.1,0.1,
11/01/1998,374.391998,,,-246.328995,,128.063004,,-98.848999,,,29.214001,-9.499,,7.374,,,,2.125,19.715001,-5.699,14.016,0.0,,,14.016001,0.0,14.016,0.0,,14.016,14.016,,27.482,0.51,0.51,0.51,27.482,0.51,0.51,0.51,
01/31/1999,326.557007,,,-219.266006,,107.291,,-106.866997,,,0.424,-0.243,,6.618,,,,-6.375,0.181,0.455,0.636,0.0,,,0.636,0.0,0.636,0.0,,0.636,0.636,,26.465,0.02,0.02,0.02,26.465,0.02,0.02,0.02,
05/02/1999,289.699,,,-188.891,,100.808,,-100.834,,,-0.026,-12.286,,6.143,,,,6.143,-12.312,1.544,-4.625,0.0,,,-10.768,0.0,-4.625,0.0,,-4.625,-4.625,,27.288,-0.17,-0.17,-0.17,27.288,-0.17,-0.17,-0.17,
08/01/1999,316.790009,,,-205.005997,,111.784012,,-98.226997,,,13.557,-8.748,,6.038,,,,2.71,4.809,-1.236,3.573,0.0,,,3.573,0.0,3.573,0.0,,3.573,3.573,,27.288,0.13,0.13,0.13,27.32,0.13,0.13,0.13,
10/31/1999,368.040985,,,-239.238998,,128.801987,,-100.121002,,,28.681,-5.686,,5.686,,,,0.0,22.995,-7.702,15.293,0.0,,,15.293,0.0,15.293,0.0,,15.293,15.293,,27.289,0.56,0.56,0.56,27.306999,0.56,0.56,0.56,
01/30/2000,296.959991,,,-187.328003,,109.631988,,-106.978996,,,2.653,1.592,,4.563,,,,-6.155,4.245,-1.613,2.632,0.0,,,2.632,0.0,2.632,0.0,,2.632,2.632,,27.155001,0.1,0.1,0.1,27.211,0.1,0.1,0.1,
04/30/2000,310.309998,,,-204.067001,,106.242996,,-104.197998,,,2.045,-5.127,,,,0.0,,5.127,-3.082,1.171,-1.911,0.0,,,-1.911,0.0,-1.911,0.0,0.0,-1.911,-1.911,,27.290001,-0.07,-0.07,-0.07,27.290001,-0.07,-0.07,-0.07,
07/30/2000,327.832001,,,-211.731003,,116.100998,,-101.175003,,,14.926,-5.235,,,,0.0,,5.235,9.691,-3.682,6.009,0.0,,,6.009,0.0,6.009,0.0,0.0,6.009,6.009,,27.291,0.22,0.22,0.22,27.306999,0.22,0.22,0.22,
10/29/2000,443.373993,,,-293.641998,,149.731995,,-111.853996,,,37.877998,-6.521,,,,0.0,,6.521,31.356998,-11.917,19.440001,0.0,,,19.439999,0.0,19.440001,0.0,0.0,19.440001,19.440001,,27.294001,0.71,0.71,0.71,27.382999,0.71,0.71,0.71,
02/04/2001,374.032013,,,-240.735992,,133.296021,,-117.608002,,,15.688,-5.439,,,,0.0,,5.439,10.249,-3.687,6.562,0.0,,,6.562,0.0,6.562,0.0,0.0,6.562,6.562,,27.347,0.24,0.24,0.24,27.684,0.24,0.24,0.24,
05/06/2001,366.923004,,,-245.214996,,121.708008,,-114.334999,,,7.373,-6.492,,6.492,,0.0,,0.0,0.881,-0.317,0.564,0.0,,,0.564,0.0,0.564,0.0,0.0,0.564,0.564,,27.469,0.02,0.02,0.02,28.18,0.02,0.02,0.02,
08/05/2001,334.377991,,,-214.593994,,119.783997,,-102.741997,,,17.042,-6.145,,6.145,,0.0,,0.0,10.897,-3.923,6.974,0.0,,,6.974,0.0,6.974,0.0,0.0,6.974,6.974,,27.621,0.25,0.25,0.25,28.351,0.25,0.25,0.25,
11/04/2001,405.002014,,,-261.247986,,143.754028,,-117.769997,,,25.983999,-6.284,,6.284,,0.0,,0.0,19.699999,-7.093,12.607,0.0,,,12.606999,0.0,12.607,0.0,0.0,12.607,12.607,,27.645,0.46,0.46,0.46,27.84,0.45,0.45,0.45,
02/03/2002,325.588989,,,-199.205002,,126.383987,,-114.643997,,,11.74,-26.530001,,26.530001,,0.0,,0.0,-14.790001,5.325,-9.465,0.0,,,-9.465001,0.0,-9.465,0.0,0.0,-9.465,-9.465,,27.816999,-0.34,-0.34,0.14,27.816999,-0.34,-0.34,0.14,
05/05/2002,349.42099,,,-230.541,,118.87999,,-114.454002,,,4.426,-5.724,,5.861,,0.0,,-0.137,-1.298,0.467,-0.831,0.0,,,-0.831,0.0,-0.831,0.0,0.0,-0.831,-0.831,,27.673,-0.03,-0.03,-0.03,27.673,-0.03,-0.03,-0.03,
08/04/2002,331.191986,,,-201.531998,,129.659988,,-111.885002,,,17.775,-5.505,,5.505,,0.0,,0.0,12.27,-4.417,7.853,0.0,,,7.853,0.0,7.853,0.0,0.0,7.853,7.853,,27.783001,0.28,0.28,0.28,28.33,0.28,0.28,0.28,
11/03/2002,409.102997,,,-258.602997,,150.5,,-118.332001,,,32.167999,-5.7,,5.936,,0.0,,-0.236,26.467999,-8.779,17.688999,0.0,,,17.688999,0.0,17.688999,0.0,0.0,17.688999,17.688999,,27.812,0.64,0.64,0.64,28.087999,0.63,0.63,0.63,
02/02/2003,315.256989,,,-183.067001,,132.189987,,-117.524002,,,14.666,-5.8,,6.59,,0.0,,-0.79,8.866,-3.14,5.726,0.0,,,5.726,0.0,5.726,0.0,0.0,5.726,5.726,,28.07,0.21,0.21,0.21,28.07,0.2,0.2,0.2,
05/04/2003,383.677002,,,-222.063004,,161.613998,,-156.311996,,,5.302,-8.564,,8.657,-0.093,0.0,,0.0,-3.262,1.109,-2.153,0.0,,,-2.153,0.0,-2.153,-4.493,0.0,-6.646,-6.646,,29.929001,-0.22,-0.22,0.11,30.174999,-0.22,-0.22,0.11,
08/03/2003,379.377991,,,-221.296005,,158.081985,,-138.031006,,,20.051001,-6.164999,,10.065,-0.403,0.0,,-3.497,13.886001,-4.909,8.977,0.0,,,8.977001,0.0,8.977,-5.076,0.0,3.901,3.901,,30.358999,0.13,0.13,0.22,30.888,0.13,0.13,0.21,
11/02/2003,453.596985,,,-275.272003,,178.324982,,-142.654999,,,35.669998,-9.184,,9.352,-0.168,0.0,,0.0,26.485998,-9.452,17.034,0.0,,,17.033998,0.0,17.034,-5.177,0.0,11.857,11.857,,30.228001,0.39,0.39,0.479,49.726002,0.34,0.34,0.429,
02/01/2004,357.088989,,,-205.845993,,151.242996,,-174.001007,,,-22.757999,8.553999,,9.402,-0.44,0.0,,-17.515999,-14.204,5.052,-9.152,0.0,,,-9.152,0.0,-9.152,-5.281,0.0,-14.433001,-14.433001,,30.57,-0.47,-0.47,0.14,30.57,-0.47,-0.47,0.14,
05/02/2004,378.238007,,,-207.951996,,170.286011,,-149.992996,,,20.292999,-17.842,,18.181,-0.338,0.0,,-0.001,2.450999,-0.858,1.593,0.0,,,1.593,0.0,1.593,-5.281,0.0,-3.688,-3.688,,30.715,-0.12,-0.12,0.2,32.063999,-0.12,-0.12,0.188,
08/01/2004,375.924011,,,-202.921005,,173.003006,,-144.483002,,,28.52,-8.535,,8.917,-0.382,0.0,,0.0,19.985001,-6.995,12.99,0.0,,,12.990001,0.0,12.99,-5.28,0.0,7.71,7.71,,30.885,0.25,0.25,0.28,32.153999,0.24,0.24,0.27,
10/31/2004,473.455994,,,-263.544006,,209.911987,,-160.408005,,,49.504002,-8.365,,8.822,-0.457,0.0,,0.0,41.139002,-14.398,26.740999,0.0,,,26.741002,0.0,26.740999,-5.28,0.0,21.460999,21.460999,,31.066,0.69,0.69,0.827,51.611,0.52,0.52,0.603,
01/30/2005,413.81,,,-216.02,,197.79,0.0,-166.229,166.229,0.0,31.561,-8.114,8.114,,,,,0.0,23.447,-6.156,17.291,,,,17.291,,17.291,-5.281,0.0,12.01,12.01,,31.801,0.38,0.38,0.38,52.896,0.227049,0.227049,0.227049,
05/01/2005,472.109,,,-262.715,,209.394,,-161.765,,,47.629,-7.978,7.978,8.58,-0.602,0.0,,0.0,39.651,-14.671,24.98,0.0,,,24.98,0.0,24.98,-5.281,,19.699,19.699,,32.978,0.6,0.6,0.6,53.921,0.46,0.46,0.46,
07/31/2005,443.469,,,-233.313,,210.156,,-165.034,,,45.122,-7.328,7.328,8.592,-1.264,0.0,,0.0,37.794,-14.294,23.5,0.0,,,23.5,0.0,23.5,-3.229,-14.205,6.066,6.066,,35.533,0.17,0.17,0.42985,37.508,0.16,0.16,0.41985,
10/30/2005,533.181,,,-283.935,,249.246,,-177.638,,,71.608,-7.249,7.249,8.6,-1.351,0.0,,0.0,64.359,-24.07,40.289,0.0,,,40.289,0.0,40.289,-3.229,0.0,37.06,37.06,,42.063,0.88,0.88,0.88,55.406,0.73,0.73,0.73,
01/29/2006,460.089,,,-237.83,,222.259,,-179.772,177.638,2.134,42.487,-6.022,6.022,8.618,-2.596,0.0,,0.0,64.359,-13.546,22.919,0.0,,,50.813,0.0,22.919,-3.23,0.0,19.689,19.689,,42.66,0.46,0.46,0.46,55.77,0.35,0.35,0.35,
04/30/2006,506.437988,,,-263.713989,,242.723999,,-191.029007,,,51.695,25.800001,5.568,8.538,-2.97,0.0,,-31.368001,77.495001,-28.75,48.744999,0.0,,,48.745001,0.0,48.744999,-3.23,0.0,45.514999,45.514999,,43.433998,1.05,1.05,0.885,56.342999,0.87,0.87,0.74,
07/30/2006,458.928009,,,-231.781006,,227.147003,,-177.380997,,,49.765999,-3.735001,4.41,8.593,-4.183,0.0,,-0.675,46.030998,-17.077999,28.952999,0.0,,,28.952999,0.0,28.952999,0.0,-10.948,18.004999,18.004999,,53.896999,0.33,0.33,0.54,55.032001,0.33,0.33,0.54,
10/29/2006,568.260986,,,-287.880005,,280.380981,,-195.738007,,,84.642998,-3.923,3.923,8.568,-4.645,0.0,,0.0,80.719998,-29.947001,50.772999,0.0,,,50.772997,0.0,50.772999,0.0,0.0,50.772999,50.772999,,55.43,0.92,0.92,0.92,56.813,0.89,0.89,0.89,
02/04/2007,557.021,,,-277.409,,279.612,,-232.453,,,47.159,-2.972,2.972,8.573,-5.601,0.0,,0.0,52.76,-17.429,26.758,0.0,,,35.331,0.0,26.758,0.0,0.0,26.758,26.758,,55.678,0.48,0.48,0.48,57.312,0.47,0.47,0.47,
05/06/2007,591.906,,,-299.333,,292.573,0.0,-207.029,207.029,0.0,85.544,-1.139,4.474,8.48,-4.006,,,-3.335,84.405,-31.399,53.006,0.0,,,53.006,0.0,53.006,0.0,0.0,53.006,53.006,,55.928,0.95,0.95,0.95,57.604,0.92,0.92,0.92,
08/05/2007,552.376,,,-274.923,,277.453,0.0,-209.517,209.517,0.0,67.936,-3.943,3.943,8.493,-4.55,,,0.0,63.993,-24.893,39.1,,,,39.1,,39.1,0.0,0.0,39.1,39.1,,56.34,0.69,0.69,0.69,57.843,0.68,0.68,0.68,
11/04/2007,696.37,,,-367.762,,328.608,0.0,-226.31,226.31,0.0,102.298,-4.105,4.105,8.405,-4.3,,,0.0,98.193,-37.314,60.879,,,,60.879,,60.879,,0.0,60.879,60.879,,56.475,1.08,1.08,1.08,57.833,1.05,1.05,1.05,
02/03/2008,584.523,,,-292.17,,292.353,,-239.636,,,52.717,-4.487,4.487,8.375,-3.888,0.0,,0.0,48.23,-17.896,30.334,0.0,,,30.334,0.0,30.334,0.0,0.0,30.334,30.334,,54.04,0.56,0.56,0.66,55.05,0.55,0.55,0.64,
05/04/2008,625.698,565.71,59.988,-314.908,314.908,310.79,0.0,-228.217,230.081,-1.864,82.573,-6.512,6.512,8.376,-1.864,,,0.0,76.061,-29.26,46.801,0.0,0.0,0.0,46.801,0.0,46.801,0.0,0.0,46.801,45.5894,-1.2116,51.337,0.91,0.91,0.888042,52.279,0.9,0.9,0.876824,
08/03/2008,560.967,504.992,55.975,-272.03,272.03,288.937,0.0,-234.451,234.451,0.0,54.486,-6.827,6.827,8.388,-1.561,,,0.0,47.659,-18.453,29.206,0.0,0.0,0.0,29.206,0.0,29.206,0.0,0.0,29.206,34.33125,5.12525,51.428,0.57,0.57,0.66756,52.461,0.56,0.56,0.657696,
11/02/2008,727.484,660.794,66.69,-386.184,386.184,341.3,0.0,-254.832,254.832,0.0,86.468,-7.031,7.031,8.486,-1.455,,,0.0,79.437,-25.738,53.699,0.0,0.0,0.0,53.699,0.0,53.699,0.0,0.0,53.699,55.95255,2.25355,51.467,1.04,1.04,1.087154,52.294,1.03,1.03,1.073094,
02/01/2009,577.786,523.887,53.899,-318.145,318.145,259.641,0.0,-309.42,309.42,0.0,-49.779,-7.074,7.074,8.389,-1.315,,,0.0,-56.853,18.918,-37.935,0.0,0.0,0.0,-37.935,0.0,-37.935,0.0,0.0,-37.935,17.3696,55.3046,51.48,-0.74,-0.74,0.337405,51.48,-0.74,-0.74,0.334293,
05/03/2009,557.425,498.507,58.918,-285.599,285.599,271.826,0.0,-222.712,222.712,0.0,49.114,-7.86,7.86,8.366,-0.506,,,0.0,41.254,-16.543,24.711,0.0,0.0,0.0,24.711,,24.711,0.0,0.0,24.711,30.318,5.607,51.511,0.48,0.48,0.588573,51.882,0.48,0.48,0.588072,
08/02/2009,529.283,476.712,52.571,-263.527,263.527,265.756,0.0,-214.307,214.307,0.0,51.449,-7.985,7.985,8.378,-0.393,,,0.0,43.464,-16.907,26.557,0.0,0.0,0.0,26.557,0.0,26.557,0.0,0.0,26.557,31.28,4.723,51.605,0.51,0.51,0.606143,52.194,0.51,0.51,0.600489,
11/01/2009,697.44,626.84,70.6,-359.766,359.766,337.674,0.0,-247.238,247.238,0.0,90.436,-8.133,8.133,8.37,-0.237,,,0.0,82.303,1.316,83.619,0.0,0.0,0.0,83.619,0.0,83.619,0.0,0.0,83.619,57.036,-26.583,51.67,1.62,1.62,1.103851,52.859,1.58,1.58,1.077096,
01/31/2010,614.583,554.646,59.937,-307.236,307.236,307.347,0.0,-254.534,254.534,0.0,52.813,-8.251,8.251,8.41,-0.159,,,0.0,44.562,-17.539,27.023,0.0,0.0,0.0,27.023,0.0,27.023,0.0,0.0,27.023,32.70855,5.68555,51.77,0.52,0.52,0.631805,53.088,0.51,0.51,0.617097,
05/02/2010,619.044,554.185,64.859,-302.011,302.011,317.033,0.0,-339.59,287.2,52.39,-22.557,-8.275,8.275,8.382,-0.107,,,0.0,-30.832,3.219,-27.613,0.0,0.0,0.0,-27.613,0.0,-27.613,0.0,0.0,-27.613,149.9813,177.5943,52.279,-0.53,-0.53,2.868863,52.279,-0.53,-0.53,2.867049,
08/01/2010,1103.268,1035.162,68.106,-528.027,528.027,575.241,0.0,-619.387,524.637,94.75,-44.146,-39.225,39.225,39.706,-0.481,,,0.0,-83.371,12.747,-70.624,0.0,0.0,0.0,-70.624,0.0,-70.624,,0.0,-70.624,28.686507,99.310507,65.875,-1.07,-1.07,0.435469,65.875,-1.07,-1.07,0.435469,
10/31/2010,1516.419,1422.286,94.133,-722.952,722.952,793.467,0.0,-615.176,615.176,0.0,178.291,-41.225,41.225,41.734,-0.509,,0.0,0.0,137.066,-37.218,99.848,0.0,0.0,0.0,99.848,0.0,99.848,-0.157,-5.791,93.9,110.74085,16.84085,66.14,1.42,1.42,1.67434,71.836,1.39,1.39,1.624435,
01/30/2011,1398.117,1316.201,81.916,-661.907,661.907,736.21,0.0,-644.403,644.403,0.0,91.807,-38.097,38.097,38.739,-0.642,,,0.0,53.71,-1.516,52.194,0.0,0.0,0.0,52.194,0.0,52.194,0.0,11.344,63.538,93.7697,30.2317,66.682,0.74,0.74,1.406222,72.445,0.72,0.72,1.137306,
05/01/2011,1369.184,1287.192,81.992,-640.605,640.605,728.579,0.0,-608.135,591.902,16.233,120.444,-33.07,33.07,33.444,-0.374,,,0.0,87.374,-29.707,57.667,0.0,0.0,0.0,57.667,0.0,57.667,0.0,-3.402,54.265,100.93175,46.66675,66.798,0.81,0.81,1.511,72.592,0.79,0.79,1.432864,
07/31/2011,1334.444,1257.425,77.019,-610.312,610.312,724.132,0.0,-590.653,590.653,0.0,133.479,-31.446,31.446,31.799,-0.353,,,0.0,102.033,-35.304,66.729,0.0,0.0,0.0,66.729,0.0,66.729,0.0,-3.92,62.809,76.665352,13.856352,67.129,0.94,0.94,1.14206,72.869,0.92,0.92,1.110154,
10/30/2011,1654.16,1551.619,102.541,-825.192,825.192,828.968,0.0,-632.126,632.982,-0.856,196.842,-31.542,31.542,31.68,-0.138,,,0.0,165.3,-53.061,112.239,0.0,0.0,0.0,112.239,0.0,112.239,0.0,-6.591,105.648,131.627,25.979,67.225,1.57,1.57,1.958007,72.963,1.54,1.54,1.896057,
01/29/2012,1532.836,1438.353,94.483,-758.626,758.626,774.21,0.0,-665.322,665.833,-0.511,108.888,-32.03,32.03,32.432,-0.402,,,0.0,76.858,4.388,81.246,0.0,0.0,0.0,81.246,0.0,81.246,0.0,0.0,81.246,85.066118,3.820118,67.478,0.48,0.48,1.26065,73.268,0.48,0.48,0.532139,
04/29/2012,1427.406,1341.946,85.46,-670.577,670.577,756.829,0.0,-600.747,602.671,-1.924,156.082,-29.244,29.244,29.517,-0.273,,,0.0,126.838,-31.362,95.476,0.0,0.0,0.0,95.476,0.0,95.476,0.0,-4.554,90.922,93.7909,2.8689,68.539,1.326573,1.326573,1.368431,73.602,1.3,1.3,1.338979,
07/29/2012,1336.623,1254.11,82.513,-593.962,593.962,742.661,0.0,-589.407,589.333,0.074,153.254,-28.355,28.355,28.552,-0.197,,,0.0,124.899,-34.981,89.918,0.0,0.0,0.0,89.918,0.0,89.918,0.0,-2.591,87.327,91.1739,3.8469,70.403,1.24,1.24,1.295029,73.603,1.22,1.22,1.272266,
10/28/2012,1642.77,1538.826,103.944,-773.686,773.686,869.084,0.0,-627.946,631.139,-3.193,241.138,-28.284,28.284,28.66,-0.376,,,0.0,212.854,-45.156,167.698,0.0,0.0,0.0,167.698,0.0,167.698,0.0,-4.832,162.866,179.30325,16.43725,70.586,2.31,2.31,2.54021,73.985,2.27,2.27,2.49217,
02/03/2013,1636.2,1538.098,98.102,-755.544,755.544,880.656,0.0,-770.768,771.172,-0.404,109.888,-31.367,31.367,32.018,-0.651,,,0.0,78.521,2.227,80.748,0.0,0.0,0.0,80.748,0.0,80.748,0.0,-0.328,80.42,110.379405,29.959405,72.04,1.11,1.11,1.532196,74.313,1.09,1.09,1.493152,
05/05/2013,1910.2,1843.1,67.1,-958.3,958.3,951.9,0.0,-933.5,895.4,38.1,18.4,-45.9,45.9,47.9,-2.0,,,0.0,-27.5,17.2,-10.3,0.0,0.0,0.0,-10.3,0.0,-10.3,0.0,0.0,-10.3,155.006705,165.306705,80.0,-0.13,-0.13,1.937584,80.0,-0.13,-0.13,1.936334,
08/04/2013,1964.8,1902.3,62.5,-938.7,938.7,1026.1,0.0,-940.4,941.2,-0.8,85.7,-47.4,47.4,49.5,-2.1,,,0.0,38.3,-43.6,-5.3,0.0,0.0,0.0,-5.3,-0.1,-5.4,0.0,0.0,-5.4,124.569394,129.969394,81.3,-0.07,-0.07,1.532219,81.3,-0.07,-0.07,1.52864,
11/03/2013,2259.1,2173.6,85.5,-1087.3,1087.3,1171.8,0.0,-922.5,927.4,-4.9,249.3,-46.0,46.0,47.9,-1.9,,,0.0,203.3,-6.7,196.6,0.0,0.0,0.0,196.6,0.1,196.7,0.0,0.0,196.7,225.7895,29.0895,81.5,2.41,2.41,2.770423,82.8,2.37,2.37,2.721322,
02/02/2014,2052.3,1976.7,75.6,-982.8,982.8,1069.5,0.0,-909.5,909.5,0.0,160.0,-45.4,45.4,47.0,-1.6,,,0.0,114.6,-152.2,-37.6,0.0,0.0,0.0,-37.6,0.1,-37.5,0.0,0.0,-37.5,-5.700008,31.799992,81.9,-0.46,-0.46,-0.069597,81.9,-0.46,-0.46,-0.071722,
05/04/2014,1963.7,1894.3,69.4,-930.5,930.5,1033.2,0.0,-948.7,859.1,89.6,84.5,-40.6,40.6,42.1,-1.5,,,0.0,43.9,-8.7,35.2,0.0,0.0,0.0,35.2,0.1,35.3,0.0,0.0,35.3,131.07,95.77,82.2,0.43,0.43,1.594526,83.2,0.42,0.42,1.571082,
08/03/2014,1975.6,1910.3,65.3,-920.9,920.9,1054.7,0.0,-895.4,895.8,-0.4,159.3,-33.8,33.8,35.0,-1.2,,,0.0,125.5,1.0,126.5,0.0,0.0,0.0,126.5,0.0,126.5,0.0,0.0,126.5,126.915,0.415,82.3,1.54,1.54,1.542102,83.2,1.52,1.52,1.524988,
11/02/2014,2233.1,2143.8,89.3,-1065.6,1065.6,1167.5,0.0,-887.6,892.9,-5.3,279.9,-32.1,32.1,33.6,-1.5,,,0.0,247.8,-22.1,225.7,0.0,0.0,0.0,225.7,0.0,225.7,0.0,0.0,225.7,238.0,12.3,82.4,2.74,2.74,2.88835,83.3,2.71,2.71,2.857659,
02/01/2015,2068.8,1992.3,76.5,-997.5,997.5,1071.3,0.0,-1065.1,1065.8,-0.7,6.2,-32.0,32.0,32.8,-0.8,,,0.0,-25.8,77.3,51.5,0.0,0.0,0.0,51.5,0.0,51.5,0.0,0.0,51.5,181.527642,130.027642,83.4,0.62,0.62,2.17659,83.4,0.62,0.62,2.17659,
05/03/2015,1879.3,1805.1,74.2,-893.7,893.7,985.6,0.0,-808.8,814.9,-6.1,176.8,-29.8,29.8,30.9,-1.1,,,0.0,147.0,-32.9,114.1,0.0,0.0,0.0,114.1,0.0,114.1,0.0,0.0,114.1,127.000004,12.900004,82.6,1.38,1.38,1.53753,83.4,1.37,1.37,1.524676,
08/02/2015,1864.0,1788.6,75.4,-861.9,861.9,1002.1,0.0,-848.0,850.5,-2.5,154.1,-28.0,28.0,29.2,-1.2,,,0.0,126.1,-23.9,102.2,0.0,0.0,0.0,102.2,0.0,102.2,0.0,0.0,102.2,129.54,27.34,82.7,1.24,1.24,1.566385,83.5,1.22,1.22,1.547425,
11/01/2015,2164.5,2067.1,97.4,-1063.5,1063.5,1101.0,0.0,-847.4,853.8,-6.4,253.6,-27.4,27.4,28.4,-1.0,,,0.0,226.2,-4.3,221.9,0.0,0.0,0.0,221.9,0.0,221.9,0.0,0.0,221.9,240.380011,18.480011,82.4,2.69,2.69,2.917233,83.1,2.67,2.67,2.892383,
01/31/2016,2112.5,2034.7,77.8,-1039.6,1039.6,1072.9,0.0,-896.9,898.5,-1.6,176.0,-27.8,27.8,28.5,-0.7,,,0.0,148.2,-14.0,134.2,0.0,0.0,0.0,134.2,0.0,134.2,0.0,0.0,134.2,141.934928,7.734928,81.829268,1.64,1.64,1.734525,82.4,1.63,1.63,1.72387,
05/01/2016,1917.8,1840.7,77.1,-910.9,910.9,1006.9,0.0,-712.3,865.2,-152.9,294.6,-29.0,29.0,29.9,-0.9,,,0.0,265.6,-34.0,231.6,0.0,0.0,0.0,231.6,0.0,231.6,0.0,0.0,231.6,128.60003,-102.99997,81.3,2.85,2.85,1.581796,81.9,2.83,2.83,1.572369,
07/31/2016,1933.3,1863.4,69.9,-899.5,899.5,1033.8,0.0,-890.8,874.7,16.1,143.0,-28.1,28.1,29.2,-1.1,,,0.0,114.9,-24.4,90.5,0.0,0.0,0.0,90.5,0.0,90.5,0.0,0.0,90.5,119.799989,29.299989,80.7,1.12,1.12,1.484511,81.3,1.11,1.11,1.470394,
10/30/2016,2244.3,2150.4,93.9,-1052.7,1052.7,1191.6,0.0,-993.7,918.0,75.7,197.9,-29.2,29.2,31.2,-2.0,,,0.0,168.7,-42.6,126.1,0.0,0.0,0.0,126.1,0.1,126.2,0.0,0.0,126.2,178.358561,52.158561,80.0,1.58,1.58,2.229482,80.7,1.56,1.56,2.206327,
01/29/2017,2107.7,2028.0,79.7,-969.7,969.7,1138.0,0.0,-984.3,978.8,5.5,153.7,-28.7,28.7,30.6,-1.9,,,0.0,125.0,-24.5,100.5,0.0,0.0,0.0,100.5,0.2,100.7,0.0,0.0,100.7,84.52,-16.18,79.1,1.27,1.27,1.068521,79.7,1.26,1.26,1.056989,
04/30/2017,1989.0,1901.7,87.3,-908.2,908.2,1080.8,0.0,-967.6,960.9,6.7,113.2,-28.7,28.7,30.4,-1.7,,,0.0,84.5,-14.4,70.1,0.0,0.0,0.0,70.1,0.3,70.4,0.0,0.0,70.4,146.419383,76.019383,78.2,0.9,0.9,1.872371,79.0,0.89,0.89,1.852271,
07/30/2017,2069.9,1988.5,81.4,-922.6,922.6,1147.3,0.0,-966.8,971.0,-4.2,180.5,-29.7,29.7,30.9,-1.2,,,0.0,150.8,-31.4,119.4,0.0,0.0,0.0,119.4,0.3,119.7,0.0,0.0,119.7,125.166667,5.466667,77.8,1.54,1.54,1.608826,78.7,1.52,1.52,1.589462,
10/29/2017,2357.0,2251.2,105.8,-1059.7,1059.7,1297.3,0.0,-1016.6,1022.5,-5.9,280.7,-30.9,30.9,32.3,-1.4,,,0.0,249.8,-11.1,238.7,0.0,0.0,0.0,238.7,0.5,239.2,0.0,0.0,239.2,236.394286,-2.805714,77.3,3.09,3.09,3.058141,78.5,3.05,3.05,3.014258,
02/04/2018,2498.9,2407.1,91.8,-1129.9,1129.9,1369.0,0.0,-1311.0,1291.4,19.6,58.0,-32.9,32.9,32.9,0.0,,,0.0,25.1,82.8,107.9,0.0,0.0,0.0,107.9,0.6,108.5,0.0,0.0,108.5,130.438332,21.938332,77.1,1.4,1.4,1.691807,78.3,1.39,1.39,1.670183,
05/06/2018,2314.6,2225.2,89.4,-1023.6,1023.6,1291.0,0.0,-1046.7,1053.0,-6.3,244.3,-28.4,28.4,29.4,-1.0,,,0.0,215.9,-37.0,178.9,0.0,0.0,0.0,178.9,0.5,179.4,0.0,0.0,179.4,184.8,5.4,77.1,2.33,2.33,2.396887,78.2,2.29,2.29,2.359054,
08/05/2018,2333.7,2252.2,81.5,-1036.7,1036.7,1297.0,0.0,-1065.6,1071.5,-5.9,231.4,-29.1,29.1,30.3,-1.2,,,0.0,202.3,-37.6,164.7,0.0,0.0,0.0,164.7,0.5,165.2,0.0,0.0,165.2,177.0,11.8,77.0,2.15,2.15,2.298701,77.9,2.12,2.12,2.271476,
11/04/2018,2524.5,2412.3,112.2,-1159.7,1159.7,1364.8,0.0,-1082.5,1091.3,-8.8,282.3,-29.4,29.4,30.3,-0.9,,,0.0,252.9,-10.3,242.6,0.0,0.0,0.0,242.6,0.5,243.1,0.0,0.0,243.1,247.8,4.7,76.4,3.18,3.18,3.243455,77.1,3.15,3.15,3.21096,
02/03/2019,2484.0,2391.2,92.8,-1128.5,1128.5,1355.5,0.0,-1221.8,1217.0,4.8,133.7,-29.2,29.2,29.2,0.0,,,0.0,104.5,53.9,158.4,0.0,0.0,0.0,158.4,0.3,158.7,0.0,0.0,158.7,181.538827,22.838827,75.6,2.09,2.09,2.401307,76.1,2.09,2.09,2.390116,
05/05/2019,2356.3,2266.9,89.4,-1060.4,1060.4,1295.9,0.0,-1160.8,1161.5,-0.7,135.1,-29.9,29.9,31.0,-1.1,,,0.0,105.2,-23.6,81.6,0.0,0.0,0.0,81.6,0.4,82.0,0.0,0.0,82.0,186.4,104.4,75.2,1.09,1.09,2.478723,75.9,1.08,1.08,2.455494,
08/04/2019,2364.2,2278.4,85.8,-1075.8,1075.8,1288.4,0.0,-1038.6,1154.5,-115.9,249.8,-27.0,27.0,28.3,-1.3,,,0.0,222.8,-29.7,193.1,0.0,0.0,0.0,193.1,0.4,193.5,0.0,0.0,193.5,157.6,-35.9,74.8,2.59,2.59,2.106952,75.1,2.58,2.58,2.101971,
11/03/2019,2587.7,2474.6,113.1,-1181.5,1181.5,1406.2,0.0,-1136.7,1141.6,-4.9,269.5,-27.8,27.8,29.2,-1.4,,,0.0,241.7,-32.8,208.9,0.0,0.0,0.0,208.9,0.3,209.2,0.0,0.0,209.2,225.909524,16.709524,73.9,2.83,2.83,3.056962,74.2,2.82,2.82,3.045196,
02/02/2020,2600.8,2509.2,91.6,-1202.9,1202.9,1397.9,0.0,-1495.7,1257.6,238.1,-97.8,-27.9,30.0,31.5,-1.5,,-2.1,0.0,-125.7,57.2,-68.5,0.0,0.0,0.0,-68.5,1.1,-67.4,0.0,0.0,-67.4,137.8,205.2,72.8,-0.93,-0.93,1.892857,72.8,-0.93,-0.93,1.888681,
05/03/2020,1344.0,1275.0,69.0,-678.1,678.1,665.9,0.0,-1884.3,940.1,944.2,-1218.4,-21.2,21.2,22.5,-1.3,,,0.0,-1239.6,142.4,-1097.2,0.0,0.0,0.0,-1097.2,0.4,-1096.8,0.0,0.0,-1096.8,-1087.794886,9.005114,71.4,-15.37,-15.37,-15.235222,71.4,-15.37,-15.37,-15.243878,
08/02/2020,1580.7,1543.7,37.0,-697.4,697.4,883.3,0.0,-885.0,882.2,2.8,-1.7,-32.1,32.1,,,,,0.0,-33.8,-17.9,-51.7,0.0,0.0,0.0,-51.7,0.3,-51.4,0.0,0.0,-51.4,1.216637,52.616637,71.1,-0.72,-0.72,0.017112,71.1,-0.72,-0.72,0.017112,
10/31/2020,1998.389,,,,,1069.63771225,,,,,55.114,,,,,,,,28.129,,51.588,,,,,,51.588,,,51.588,23.936,,,0.533,0.533,0.336,,0.533,0.533,0.336,
01/31/2021,2135.056,,,,,1131.53697888,,,,,30.345,,,,,,,,4.622,,33.283,,,,,,33.283,,,33.283,-1.619,,,0.126,0.126,-0.075,,0.126,0.126,-0.075,
