Date,Revenue,Sales & Services Revenue,Other Revenue,Cost of Revenue,Cost of Goods & Services,Gross Profit,Other Operating Income,Operating Expenses,"Selling, General & Admin",Selling & Marketing,General & Administrative,Depreciation & Amortization,Other Operating Expense,Operating Income (Loss),Non-Operating (Income) Loss,"Interest Expense, Net",Interest Expense,Interest Income,Foreign Exch (Gain) Loss,Other Non-Op (Income) Loss,Pretax Income,Income Tax Expense (Benefit),Income (Loss) from Cont Ops,Net Extraordinary Losses (Gains),Discontinued Operations,XO & Accounting Changes,Income (Loss) Incl. MI,Minority Interest,"Net Income, GAAP",Preferred Dividends,Other Adjustments,"Net Income Avail to Common, GAAP","Net Income Avail to Common, Adj",Net Abnormal Losses (Gains),Basic Weighted Avg Shares,"Basic EPS, GAAP",Basic EPS from Cont Ops,"Basic EPS from Cont Ops, Adjusted",Diluted Weighted Avg Shares,"Diluted EPS, GAAP",Diluted EPS from Cont Ops,"Diluted EPS from Cont Ops, Adjusted",Source: Bloomberg
03/31/1997,72.693001,,,-54.327999,,18.365002,,-31.009001,,,,,,-12.644,5.41,,0.984,,0.0,-6.394,-7.234,2.458,-4.776,0.0,,,-4.776,0.0,-4.776,0.0,,-4.776,-4.776,,346.0,-0.0075,-0.0075,-0.0075,346.0,-0.0075,-0.0075,-0.0075,
06/30/1997,228.699997,,,-163.0,,65.699997,,-72.800003,,,,,,-7.1,-0.9,,3.7,,0.0,-2.8,-8.0,2.4,-5.6,0.0,,,-5.6,0.0,-5.6,0.0,,-5.6,-5.6,,351.459991,-0.015,-0.015,0.13225,351.459991,-0.015,-0.015,0.1325,
09/30/1997,188.955002,,,-132.576996,,56.378006,,-36.518002,,,,,,19.860001,-0.218,,4.159,,0.0,-3.941,19.642001,-6.991,12.651,0.0,,,12.651,0.0,12.651,0.0,,12.651,12.651,,423.247986,0.03,0.03,0.035,423.247986,0.03,0.03,0.035,
12/31/1997,206.354996,,,-138.414001,,67.940995,,-10.648,,,,,,57.292999,-38.121,,10.052,,0.0,28.069,19.171999,-6.924,12.248,0.0,,,12.247999,0.0,12.248,0.0,,12.248,12.248,,431.032012,0.03,0.03,0.035,431.032012,0.03,0.03,0.035,
03/31/1998,177.046997,,,-125.811996,,51.235001,,-54.759998,,,,,,-3.525,-6.302,,14.376,,0.0,-8.074,-9.827,3.178,-6.649,0.0,,,-6.649,0.0,-6.649,0.0,,-6.649,-6.649,,413.444,-0.02,-0.02,-0.02,413.444,-0.02,-0.02,-0.02,
06/30/1998,393.700012,,,-261.700012,,132.0,,-139.899994,,,,,,-7.9,-824.999975,,18.9,,0.0,806.099976,-832.899975,24.0,-808.900024,0.0,,,-808.899975,0.0,-808.900024,0.0,,-808.900024,-808.900024,,484.799988,-1.67,-1.67,-0.025,484.799988,-1.67,-1.67,-0.025,
09/30/1998,806.799988,,,-499.799988,,307.0,,-269.299988,,,,,,37.700001,-31.9,,29.0,,0.0,2.9,5.800001,-12.7,-6.9,0.0,,,-6.899999,0.0,-6.9,0.0,,-6.9,-6.9,,661.400024,-0.01,-0.01,-0.01,661.400024,-0.01,-0.01,-0.01,
12/31/1998,865.099976,,,-518.900024,,346.199951,,-279.700012,,,,,,66.5,-79.400002,,35.0,,0.0,44.400002,-12.900002,-8.7,-21.6,0.0,,,-21.600001,0.0,-21.6,0.0,,-21.6,-21.6,,673.0,-0.03,-0.03,0.015,673.0,-0.03,-0.03,0.015,
03/31/1999,878.400024,,,-509.700012,,368.700012,,-309.200012,,,,,,59.5,-34.9,,32.0,,0.0,2.9,24.6,-19.799999,4.8,0.0,,,4.800001,0.0,4.8,0.0,,4.8,4.8,,698.200012,0.005,0.005,0.005,737.200012,0.005,0.005,0.005,
06/30/1999,3227.0,,,-1824.0,,1403.0,,-573.0,,,,,,830.0,-176.0,,163.0,,0.0,13.0,654.0,-248.0,406.0,0.0,,,406.0,0.0,406.0,0.0,,406.0,406.0,,871.0,0.47,0.47,0.47,879.0,0.46,0.46,0.46,
09/30/1999,3296.0,,,-1035.0,,2261.0,,-1389.0,,,,,,872.0,-481.0,,203.0,,0.0,278.0,391.0,-255.0,136.0,0.0,,,136.0,0.0,136.0,0.0,,136.0,136.0,,873.0,0.16,0.16,0.49,880.0,0.15,0.15,0.48,
12/31/1999,3491.0,,,-1048.0,,2443.0,,-1596.0,,,,,,847.0,-624.0,,217.0,,0.0,407.0,223.0,-57.0,166.0,0.0,,,166.0,0.0,166.0,0.0,,166.0,166.0,,873.679993,0.19,0.19,0.12,873.679993,0.19,0.19,0.11,
03/31/2000,3377.0,,,-986.0,,2391.0,,-1469.0,,,,,,922.0,-275.0,,211.0,,0.0,64.0,647.0,-243.0,404.0,0.0,,,404.0,0.0,404.0,0.0,0.0,404.0,404.0,,877.0,0.46,0.46,0.15,889.0,0.45,0.45,0.14,
06/30/2000,3450.0,,,-1891.0,,1559.0,,-600.0,,,,,,959.0,-1152.0,,207.0,,0.0,945.0,-193.0,72.0,-121.0,0.0,,,-121.0,0.0,-121.0,0.0,0.0,-121.0,-121.0,,887.0,-0.14,-0.14,0.05,887.0,-0.14,-0.14,0.05,
09/30/2000,4765.0,,,-1703.0,,3062.0,,-2242.0,,,,,,820.0,-1078.0,,314.0,,0.0,764.0,-258.0,10.0,-248.0,0.0,,,-248.0,0.0,-248.0,0.0,,-248.0,-248.0,,1662.0,-0.15,-0.15,0.14,1662.0,-0.15,-0.15,0.14,
12/31/2000,5018.0,,,-1783.0,,3235.0,,-2361.0,,,,,,874.0,-943.0,,309.0,,0.0,634.0,-69.0,-47.0,-116.0,0.0,,,-116.0,0.0,-116.0,0.0,,-116.0,-116.0,,1670.0,-0.07,-0.07,0.16,1695.0,-0.07,-0.07,0.16,
03/31/2001,4110.0,,,,,,,,,,,,,-267.0,,,,,,,,,-609.0,-148.0,,,,,-461.0,0.0,0.0,-461.0,-461.0,,1656.0,-0.28,-0.37,-0.24,1656.0,-0.28,-0.37,-0.24,
06/30/2001,4070.0,,,,,,,,,,,,,-767.0,,,,,,,,,-3835.0,-124.0,,,,,-3711.0,0.0,0.0,-3711.0,-3711.0,,1661.0,-2.23,-2.31,-0.26,1661.0,-2.23,-2.31,-0.26,
09/30/2001,4212.0,,,,,,,,,,,,,-90.0,,,,,,,,,-474.0,-136.0,,,,,-338.0,0.0,0.0,-338.0,-338.0,,1664.0,-0.2,-0.29,-0.29,1664.0,-0.2,-0.29,-0.29,
12/31/2001,4132.0,,,,,,,,,,,,,-1250.0,,,,,,,,,-1220.0,-127.0,,,,,-645.0,0.0,0.0,-645.0,-645.0,,1665.0,-0.66,-0.73,-0.31,1665.0,-0.66,-0.73,-0.31,
03/31/2002,3983.0,,,-1469.0,,2514.0,,-2563.0,,,,,,-49.0,-1115.0,,424.0,,0.0,691.0,-1164.0,189.0,-975.0,22675.0,,,-23650.0,0.0,-23650.0,0.0,0.0,-23650.0,-23650.0,,1666.641968,-14.19,-0.59,-0.2,1666.641968,-14.19,-0.59,-0.2,
06/30/2002,3911.0,,,-1598.0,,2313.0,,-2598.0,,,,,,-285.0,-20029.0,,450.0,,0.0,19579.0,-20314.0,2856.0,-17458.0,-28.0,,,-17430.0,0.0,-17430.0,0.0,0.0,-17430.0,-17430.0,,1677.796021,-10.39,-10.41,1.24,1677.796021,-10.39,-10.41,1.24,
09/30/2002,3772.0,,,-1452.0,,2320.0,,-2109.0,,,,,,211.0,-583.0,,451.0,,0.0,132.0,-372.0,134.0,-238.0,-115.0,,,-123.0,0.0,-123.0,0.0,0.0,-123.0,-123.0,,1687.744995,-0.07,-0.14,-0.08,1687.744995,-0.07,-0.14,-0.08,
12/31/2002,3705.0,,,-1513.0,,2192.0,,-1796.0,,,,,,396.0,1342.0,,464.0,,0.0,-1806.0,1738.0,-682.0,1056.0,-1682.0,,,2738.0,0.0,2735.0,0.0,0.0,2735.0,2735.0,,1696.0,1.61,0.62,-0.04,1699.0,1.61,0.62,-0.04,
03/31/2003,3624.0,,,-1438.0,,2186.0,,-1990.0,,,,,,196.0,-392.0,,440.0,,0.0,-48.0,-196.0,76.0,-120.0,-272.0,,,152.0,0.0,152.0,0.0,0.0,152.0,152.0,,1706.834961,0.09,-0.07,-0.06,1706.834961,0.09,-0.07,-0.06,
06/30/2003,3596.0,,,-1449.0,,2147.0,,-1953.0,,,,,,194.0,-398.0,,444.0,0.0,0.0,-46.0,-204.0,79.0,-125.0,-61.0,,,-64.0,0.0,-64.0,0.0,0.0,-64.0,-64.0,,1733.921997,-0.04,-0.07,-0.06,1733.921997,-0.04,-0.07,-0.06,
09/30/2003,3570.0,,,-1925.0,,1645.0,,-1901.0,,,,,,-256.0,-686.0,,437.0,,0.0,249.0,-942.0,256.0,-686.0,-2517.0,,,1831.0,0.0,1831.0,0.0,0.0,1831.0,1831.0,,1747.011963,1.05,-0.39,-0.12,1747.011963,1.05,-0.39,-0.12,
12/31/2003,3498.0,,,-1517.0,,1981.0,,-1926.0,,,,,,55.0,-445.0,,436.0,,0.0,9.0,-390.0,108.0,-282.0,125.0,,,-407.0,0.0,-407.0,0.0,0.0,-407.0,-407.0,,1805.880005,-0.23,-0.22,-0.2,1805.880005,-0.23,-0.22,-0.2,
03/31/2004,3481.0,,,-1454.0,,2027.0,,-1916.0,,,,,,111.0,-424.0,,397.0,,0.0,27.0,-313.0,3.0,-310.0,0.0,,,-310.0,0.0,-310.0,0.0,0.0,-310.0,-310.0,,1773.267944,-0.17,-0.17,-0.16,1773.267944,-0.17,-0.17,-0.16,
06/30/2004,3442.0,,,-1487.0,,1955.0,,-2142.0,,,,,,-187.0,-453.0,,394.0,0.0,0.0,59.0,-640.0,-136.0,-776.0,0.0,,,-776.0,0.0,-776.0,0.0,0.0,-776.0,-776.0,,1801.302002,-0.43,-0.43,-0.16,1801.302002,-0.43,-0.43,-0.16,
09/30/2004,3449.0,,,-1548.0,,1901.0,,-2038.0,,,,,,-137.0,-450.0,,374.0,,0.0,76.0,-587.0,18.0,-569.0,0.0,,,-569.0,0.0,-569.0,0.0,0.0,-569.0,-569.0,,1815.109009,-0.31,-0.31,-0.15,1815.109009,-0.31,-0.31,-0.15,
12/31/2004,3437.0,,,-1401.0,,2036.0,,-1998.0,,,,,,38.0,-1735.0,,366.0,,0.0,1369.0,-1697.0,27.0,-139.0,0.0,,,-1670.0,0.0,-139.0,0.0,0.0,-139.0,-139.0,,1816.0,-0.09,-0.09,-0.38,1816.0,-0.09,-0.09,-0.38,
03/31/2005,3449.0,,,-1439.0,,2010.0,,-1810.0,,,,,,200.0,-139.0,381.0,381.0,,0.0,-242.0,61.0,-4.0,57.0,0.0,,,57.0,0.0,57.0,0.0,0.0,57.0,57.0,,1816.758,0.03,0.03,-0.11,1822.377,0.03,0.03,-0.11,
06/30/2005,3470.0,,,-1434.0,,2036.0,,-1810.0,,,,,,226.0,-393.0,380.0,380.0,,0.0,13.0,-167.0,3.0,-164.0,0.0,,,-164.0,0.0,-164.0,0.0,0.0,-164.0,-164.0,,1823.338,-0.09,-0.09,-0.07,1823.338,-0.09,-0.09,-0.07,
09/30/2005,3504.0,,,-1512.0,,1992.0,,-1784.0,,,,,,208.0,-353.0,384.0,384.0,,0.0,-31.0,-145.0,1.0,-144.0,0.0,,,-144.0,0.0,-144.0,0.0,0.0,-144.0,-144.0,,1843.715,-0.08,-0.08,-0.07,1843.715,-0.08,-0.08,-0.07,
12/31/2005,3480.0,,,-1451.0,,2029.0,,-1808.0,,,,,,221.0,-730.0,,338.0,,0.0,392.0,-509.0,3.0,-506.0,22.0,,,-528.0,0.0,-528.0,0.0,0.0,-528.0,-528.0,,1861.684,-0.28,-0.27,0.01,1861.684,-0.28,-0.27,0.01,
03/31/2006,3476.0,,,-1417.0,,2059.0,0.0,-1705.0,1014.0,,,,691.0,354.0,-268.0,,296.0,,0.0,-28.0,86.0,2.0,88.0,0.0,,,88.0,0.0,88.0,0.0,0.0,88.0,88.0,,1874.313,0.05,0.05,0.06,1911.376,0.05,0.05,0.06,
06/30/2006,3472.0,,,-1393.0,,2079.0,,-1663.0,,,,,,416.0,-281.0,298.0,298.0,,0.0,-17.0,135.0,-18.0,117.0,0.0,,,117.0,0.0,117.0,0.0,0.0,117.0,117.0,,1882.398,0.06,0.06,0.06,1951.728,0.06,0.06,0.06,
09/30/2006,3487.0,,,-1382.0,,2105.0,,-1705.0,,,,,,400.0,-249.0,291.0,291.0,,0.0,-42.0,151.0,43.0,194.0,0.0,,,194.0,0.0,194.0,0.0,0.0,194.0,194.0,,1901.372,0.1,0.1,0.08,2004.502,0.09,0.09,0.07,
12/31/2006,3488.0,,,-1415.0,,2073.0,,-1688.0,,,,,,385.0,-200.0,,284.0,,0.0,-84.0,185.0,9.0,194.0,0.0,,,194.0,0.0,194.0,0.0,0.0,194.0,194.0,,1900.92,0.1,0.1,0.07,1992.13,0.1,0.1,0.07,
03/31/2007,3446.0,,,-1174.0,,2272.0,,-1753.0,,,,,,519.0,-277.0,282.0,282.0,,0.0,-5.0,242.0,-2.0,240.0,0.0,,,240.0,0.0,240.0,0.0,0.0,240.0,240.0,,1864.951,0.13,0.13,0.15,1958.535,0.12,0.12,0.14,
06/30/2007,3463.0,,,-1166.0,,2297.0,,-1763.0,,,,,,534.0,-288.0,274.0,274.0,,0.0,14.0,246.0,0.0,246.0,0.0,,,246.0,0.0,246.0,0.0,0.0,246.0,246.0,,1841.295,0.13,0.13,0.13,1950.056,0.13,0.13,0.13,
09/30/2007,3434.0,,,-1313.0,,2121.0,,-1942.0,,,,,,179.0,-263.0,272.0,272.0,,0.0,-9.0,-84.0,2149.0,2065.0,0.0,,,2065.0,0.0,2065.0,0.0,0.0,2065.0,2065.0,,1818.683,1.14,1.14,0.15,1916.478,1.08,1.08,0.14,
12/31/2007,3435.0,,,-1317.0,,2118.0,0.0,-1594.0,981.0,,,,613.0,524.0,-264.0,,267.0,,0.0,-3.0,260.0,106.0,366.0,0.0,,,366.0,0.0,366.0,0.0,0.0,366.0,366.0,,1792.953,0.2,0.2,0.14,1854.042,0.2,0.2,0.14,
03/31/2008,3399.0,,,-1181.0,,2218.0,0.0,-1698.0,550.0,,,,1148.0,520.0,-275.0,,272.0,,,3.0,245.0,-95.0,150.0,0.0,,,150.0,0.0,150.0,0.0,0.0,150.0,150.0,,1763.306,0.08,0.08,0.0956,1769.165,0.08,0.08,0.0955,
06/30/2008,3382.0,,,-1149.0,,2233.0,0.0,-2233.0,564.0,532.0,,,1669.0,0.0,-266.0,,270.0,,,-4.0,-266.0,-118.0,-384.0,0.0,,,-384.0,0.0,180.0,0.0,0.0,180.0,180.0,,1742.294,0.1,0.1,0.1,1744.961,0.1,0.1,0.1,
09/30/2008,3379.0,,,-1232.0,,2147.0,0.0,-1693.0,1094.0,575.0,,,599.0,454.0,-236.0,,263.0,,0.0,-27.0,218.0,-73.0,145.0,0.0,,,145.0,0.0,145.0,0.0,0.0,145.0,145.0,,1713.127,0.08,0.08,0.164641,1713.745,0.08,0.08,0.158669,
12/31/2008,3315.0,,,-1023.0,,2292.0,,-1733.0,,,,,,559.0,-269.0,,264.0,,0.0,5.0,290.0,-113.0,177.0,0.0,,,177.0,0.0,177.0,0.0,0.0,177.0,177.0,,1696.833,0.1044,0.1044,0.1105,1704.561,0.1039,0.1039,0.1099,
03/31/2009,3173.0,3173.0,,-1014.0,1014.0,2159.0,0.0,-1610.0,1037.0,543.0,494.0,573.0,0.0,549.0,-251.0,260.0,,,,-9.0,298.0,-92.0,206.0,0.0,0.0,0.0,206.0,0.0,206.0,0.0,0.0,206.0,220.95,14.95,1702.069,0.12,0.12,0.129813,1706.822,0.12,0.12,0.128759,
06/30/2009,3090.0,3090.0,,-1028.0,1028.0,2062.0,0.0,-1571.0,993.0,493.0,500.0,578.0,0.0,491.0,-274.0,276.0,,,,-2.0,217.0,-5.0,212.0,0.0,0.0,0.0,212.0,0.0,212.0,0.0,0.0,212.0,226.95,14.95,1707.928,0.12,0.12,0.13288,1722.77,0.12,0.12,0.128678,
09/30/2009,3054.0,3054.0,,-1029.0,1029.0,2025.0,0.0,-1540.0,959.0,455.0,504.0,581.0,0.0,485.0,-274.0,274.0,,,,0.0,211.0,-75.0,136.0,0.0,0.0,0.0,136.0,0.0,136.0,0.0,0.0,136.0,153.55,17.55,1711.954,0.08,0.08,0.089693,1719.502,0.08,0.08,0.089693,
12/31/2009,2994.0,2994.0,,-1017.0,1017.0,1977.0,0.0,-1527.0,948.0,453.0,495.0,579.0,0.0,450.0,-273.0,279.0,,,,-6.0,177.0,-69.0,108.0,0.0,0.0,0.0,108.0,0.0,108.0,0.0,0.0,108.0,144.4,36.4,1715.257,0.06,0.06,0.084186,1720.551,0.06,0.06,0.081156,
03/31/2010,2966.0,2966.0,,-1247.0,1247.0,1719.0,0.0,-1151.0,606.0,,,545.0,0.0,568.0,-321.0,279.0,,,,42.0,247.0,-209.0,38.0,0.0,0.0,0.0,38.0,0.0,38.0,0.0,0.0,38.0,65.3,27.3,1719.148,0.02,0.02,0.037984,1739.405,0.02,0.02,0.035695,
06/30/2010,2930.0,2930.0,,-940.0,940.0,1990.0,0.0,-1481.0,933.0,428.0,505.0,548.0,0.0,509.0,-243.0,265.0,,,,-22.0,266.0,-108.0,158.0,0.0,0.0,0.0,158.0,0.0,158.0,0.0,0.0,158.0,180.1,22.1,1723.274,0.09,0.09,0.10451,1761.489,0.09,0.09,0.102546,
09/30/2010,2935.0,2935.0,,-980.0,980.0,1955.0,0.0,-1458.0,906.0,420.0,486.0,552.0,0.0,497.0,-479.0,255.0,,,,224.0,18.0,-108.0,-90.0,0.0,0.0,0.0,-90.0,0.0,-90.0,0.0,0.0,-90.0,90.7,180.7,1726.768,-0.05,-0.05,0.052526,1726.768,-0.05,-0.05,0.052526,
12/31/2010,2899.0,2899.0,,-943.0,943.0,1956.0,0.0,-1529.0,974.0,414.0,560.0,555.0,0.0,427.0,-508.0,240.0,,,,268.0,-81.0,-80.0,-161.0,0.0,0.0,0.0,-161.0,0.0,-161.0,0.0,0.0,-161.0,39.2,200.2,1734.967,-0.09,-0.09,0.022594,1734.967,-0.09,-0.09,0.022594,
03/31/2011,2846.0,2846.0,,-1178.0,1178.0,1668.0,0.0,-1089.0,556.0,,,533.0,0.0,579.0,-222.0,227.0,,,,-5.0,357.0,-146.0,211.0,0.0,0.0,0.0,211.0,0.0,211.0,0.0,0.0,211.0,211.0,0.0,1761.149,0.12,0.12,0.12,1775.729,0.12,0.12,0.12,
06/30/2011,2769.0,2763.0,6.0,-1141.0,1141.0,1628.0,0.0,-1490.0,656.0,,,802.0,32.0,138.0,-151.0,150.0,150.0,0.0,,1.0,-13.0,0.0,-13.0,0.0,0.0,0.0,-13.0,0.0,-13.0,0.0,0.0,-13.0,70.2,83.2,,,,,,,,,
09/30/2011,2765.0,2744.0,21.0,-1185.0,1185.0,1580.0,0.0,-1357.0,525.0,,,796.0,36.0,223.0,-158.0,158.0,158.0,0.0,,0.0,65.0,-33.0,32.0,0.0,0.0,0.0,32.0,0.0,32.0,0.0,0.0,32.0,44.35,12.35,,,,,,,,,
12/31/2011,2793.0,2769.0,24.0,-1197.0,1197.0,1596.0,0.0,-1414.0,560.0,,,796.0,58.0,182.0,-183.0,178.0,,,,5.0,-1.0,1.0,0.0,0.0,0.0,0.0,0.0,0.0,0.0,0.0,0.0,0.0,4.55,4.55,,,,,,,,,
03/31/2012,2839.0,2725.0,114.0,-1175.0,1175.0,1664.0,0.0,-1374.0,484.0,,,741.0,149.0,290.0,-165.0,174.0,,,,-9.0,125.0,-48.0,77.0,0.0,0.0,0.0,77.0,0.0,77.0,0.0,0.0,77.0,73.75,-3.25,,,,,,,,,
06/30/2012,2836.0,2736.0,100.0,-1213.0,1213.0,1623.0,0.0,-1332.0,444.0,,,738.0,150.0,291.0,-227.0,184.0,,,,43.0,64.0,-27.0,37.0,0.0,0.0,0.0,37.0,0.0,37.0,0.0,0.0,37.0,68.2,31.2,,,,,,,,,
09/30/2012,2825.0,2712.0,113.0,-1227.0,1227.0,1598.0,0.0,-1276.0,384.0,,,727.0,165.0,322.0,-185.0,184.0,,,,1.0,137.0,-54.0,83.0,0.0,0.0,0.0,83.0,0.0,83.0,0.0,0.0,83.0,83.65,0.65,,,,,,,,,
12/31/2012,2856.0,2716.0,140.0,-1199.0,1199.0,1657.0,0.0,-1282.0,405.0,,,742.0,135.0,375.0,-197.0,213.0,,,,-16.0,178.0,-67.0,111.0,0.0,0.0,0.0,111.0,0.0,111.0,0.0,0.0,111.0,106.45,-4.55,,,,,,,,,
03/31/2013,2796.0,2661.0,135.0,-1107.0,1107.0,1689.0,0.0,-1294.0,438.0,,,682.0,174.0,395.0,-200.0,206.0,,,,-6.0,195.0,-78.0,117.0,0.0,0.0,0.0,117.0,0.0,117.0,0.0,0.0,117.0,117.0,0.0,,,,,,,,,
06/30/2013,2840.0,2683.0,157.0,-1177.0,1177.0,1663.0,0.0,-1283.0,409.0,,,680.0,194.0,380.0,-205.0,204.0,,,,1.0,175.0,-37.0,138.0,0.0,0.0,0.0,138.0,0.0,138.0,0.0,0.0,138.0,138.0,0.0,,,,,,,,,
09/30/2013,2848.0,2680.0,168.0,-1216.0,1216.0,1632.0,0.0,-1516.0,626.0,,,687.0,203.0,116.0,-215.0,218.0,,,,-3.0,-99.0,38.0,-61.0,0.0,0.0,0.0,-61.0,0.0,-61.0,0.0,0.0,-61.0,-61.0,0.0,,,,,,,,,
03/31/2011,2862.385,,,,,1957.15574375,,,,,,,,535.0,,,,,,,297.875,,289.667,,,,,,289.667,,,289.667,186.111,,,0.11,0.11,0.108,,0.11,0.11,0.108,
06/30/2011,2836.077,,,,,1932.07745625,,,,,,,,507.333,,,,,,,279.5,,276.5,,,,,,276.5,,,276.5,174.889,,,0.106,0.106,0.103,,0.106,0.106,0.103,
