Date,Revenue,Sales & Services Revenue,Cost of Revenue,Cost of Goods & Services,Depreciation & Amortization,Gross Profit,Other Operating Income,Operating Expenses,"Selling, General & Admin",Other Operating Expense,Operating Income (Loss),Non-Operating (Income) Loss,"Interest Expense, Net",Interest Expense,Foreign Exch (Gain) Loss,Other Non-Op (Income) Loss,Pretax Income,Income Tax Expense (Benefit),Income (Loss) from Cont Ops,Net Extraordinary Losses (Gains),Discontinued Operations,XO & Accounting Changes,Income (Loss) Incl. MI,Minority Interest,"Net Income, GAAP",Preferred Dividends,Other Adjustments,"Net Income Avail to Common, GAAP","Net Income Avail to Common, Adj",Net Abnormal Losses (Gains),Basic Weighted Avg Shares,"Basic EPS, GAAP",Basic EPS from Cont Ops,"Basic EPS from Cont Ops, Adjusted",Diluted Weighted Avg Shares,"Diluted EPS, GAAP",Diluted EPS from Cont Ops,"Diluted EPS from Cont Ops, Adjusted",Source: Bloomberg
03/31/1990,1232.468018,,,,,,,-1162.749023,,,69.719002,-56.096,,58.347,,-2.251,13.623002,-5.744,7.879,0.622,,,7.257002,0.0,7.257,-2.17,,5.087,5.087,,75.945999,0.07,0.08,,75.945999,0.07,0.08,0.08,
06/30/1990,1298.379028,,,,,,,-1186.436035,,,111.943001,-55.768998,,59.391998,,-3.623,56.174002,-23.056,33.118,0.966,,,32.152003,0.0,32.152,-3.147,,29.005,29.005,,75.297997,0.39,0.4,,75.297997,0.39,0.4,0.4,
09/30/1990,1308.081055,,,,,,,-1198.240967,,,109.839996,-58.815002,,60.948002,,-2.133,51.024994,-21.783001,29.242001,0.938,,,28.303993,0.0,28.304001,-2.63,,25.674001,25.674001,,74.264,0.35,0.36,,74.264,0.35,0.36,0.36,
12/31/1990,1323.405029,,,,,,,-1249.769043,,,73.636002,-55.907,,56.236,,-0.329,17.729002,-5.752,11.977,37.009998,,,-25.032996,0.0,-25.033001,-3.608,,-28.641001,-28.641001,,73.568993,-0.38,0.12,0.12,73.568993,-0.38,0.12,0.12,
03/31/1991,1200.258057,,,,,,,-1146.916016,,,53.341999,-57.140999,,54.869999,,2.271,-3.799,1.62,-2.179,0.0,,,-2.179,0.0,-2.179,-2.589,,-4.768,-4.768,,73.801003,-0.06,-0.06,,73.801003,-0.06,-0.06,-0.06,
06/30/1991,1282.915039,,,,,,,-1190.949951,,,91.964996,-53.902001,,52.671001,,1.231,38.062995,-16.455999,21.607,0.0,,,21.606996,0.0,21.607,-2.618,,18.989,18.989,,73.849998,0.26,0.26,,73.849998,0.26,0.26,0.26,
09/30/1991,1262.963013,,,,,,,-1170.515015,,,92.447998,-48.035001,,49.568001,,-1.533,44.412997,-19.231001,25.181999,0.0,,,25.181996,0.0,25.181999,-2.647,,22.534999,22.534999,,73.837997,0.31,0.31,,73.837997,0.31,0.31,0.31,
12/31/1991,1314.959961,,,,,,,-1231.958008,,,83.001999,-46.804002,,49.372002,,-2.568,36.197997,-15.088,21.110001,51.702999,,,-30.593002,0.0,-30.593,-2.646,,-33.239,-33.239,,73.859001,-0.45,0.25,0.25,73.859001,-0.45,0.25,0.25,
03/31/1992,950.890991,,,,,,,-938.646973,,,12.244,5.165,,0.0,0.0,-5.165,17.409,0.0,17.409,0.0,,,17.409,0.0,17.409,-2.61,,14.799001,14.799001,,74.414001,0.2,0.2,,74.414001,0.2,0.2,0.2,
06/30/1992,1035.004028,,,,,,,-937.60498,,,97.399002,-38.152998,,36.509998,0.0,1.643,59.246004,-24.52,34.726002,-2.849,,,37.575003,0.0,37.575001,-2.611,,34.964001,34.964001,,74.832001,0.47,0.43,,74.832001,0.47,0.43,0.43,
09/30/1992,1005.140991,,,,,,,-923.713013,,,81.428001,-35.267999,,33.917999,0.0,1.35,46.160002,-18.782,27.378,-11.76,,,39.138003,0.0,39.138,-2.639,,36.499001,36.499001,,75.103996,0.49,0.33,,75.103996,0.49,0.33,0.33,
12/31/1992,1028.639038,,,,,,,-1004.937012,,,23.702,6.102,,0.0,0.0,-6.102,29.804,0.0,29.804001,0.0,,,29.804,0.0,29.804001,-2.64,,27.164001,27.164001,,75.832993,0.36,0.36,,75.832993,0.36,0.36,0.36,
03/31/1993,999.856995,,,,,,,-935.413025,,,64.444,-30.342,,30.07,,0.272,34.102001,-14.156,19.945999,21.143,,,-1.196999,0.0,-1.197,-2.589,,-3.786,-3.786,,77.058998,-0.05,0.23,,77.058998,-0.05,0.23,0.23,
06/30/1993,1080.233032,,,,,,,-978.921997,,,101.310997,-31.652,,31.989,,-0.337,69.658997,-28.915001,40.743999,162.947998,,,-122.204002,0.0,-122.204002,-1.028,,-123.232002,-123.232002,,77.157997,-1.6,0.51,,77.157997,-1.6,0.51,0.51,
09/30/1993,1043.494995,,,,,,,-954.424011,,,89.070999,-32.384,,31.579,,0.805,56.686999,-33.199001,23.488001,-4.295,,,27.782997,0.0,27.783001,0.0,,27.783001,27.783001,,77.959,0.36,0.3,,77.959,0.36,0.3,0.3,
12/31/1993,1093.444946,,,,,,,-1013.05603,,,80.389,-31.060999,,31.150999,,-0.09,49.328001,-18.784,30.544001,-3.65,,,34.194001,0.0,34.194,0.0,,34.194,34.194,,77.964996,0.44,0.39,,77.964996,0.44,0.39,0.39,
03/31/1994,1071.837036,,,,,,,-999.828003,,,72.009003,-31.679,,31.916,,-0.237,40.330002,-16.591999,23.738001,0.0,,,23.738003,0.0,23.738001,0.0,,23.738001,23.738001,,78.444,0.3,0.3,,78.444,0.3,0.3,0.3,
06/30/1994,1176.338989,,,,,,,-1054.94397,,,121.394997,-36.863998,,35.662998,,1.201,84.530998,-34.688999,49.841999,0.0,,,49.841999,0.0,49.841999,0.0,,49.841999,49.841999,,78.386002,0.64,0.64,,78.386002,0.64,0.64,0.64,
09/30/1994,1194.675049,,,,,,,-1085.407959,,,109.266998,-38.069,,38.069,,0.0,71.197998,-29.240999,41.957001,0.0,,,41.956999,0.0,41.957001,0.0,,41.957001,41.957001,,79.177002,0.53,0.53,,79.177002,0.53,0.53,0.53,
12/31/1994,1242.751953,,,,,,,-1140.168945,,,102.583,-38.123002,,39.087002,,-0.964,64.459998,-26.468,37.992001,0.0,,,37.991998,0.0,37.992001,0.0,,37.992001,37.992001,,79.063004,0.48,0.48,,79.063004,0.48,0.48,0.48,
03/31/1995,1233.480957,,,,,,,-1143.256958,,,90.223999,-45.099001,,45.109001,,-0.01,45.124998,-18.546,26.579,7.759,,,18.819999,0.0,18.82,0.0,,18.82,18.82,,78.989998,0.24,0.34,0.34,78.989998,0.24,0.34,0.34,
06/30/1995,1324.44397,,,,,,,-1190.009033,,,134.434998,-47.515002,,46.337002,,1.178,86.919996,-35.433998,51.486,0.0,,,51.485998,0.0,51.486,0.0,,51.486,51.486,,79.290001,0.65,0.65,0.65,79.290001,0.65,0.65,0.65,
09/30/1995,1264.04895,,,,,,,-1176.828003,,,87.221001,-50.243999,,50.250999,,-0.007,36.977002,-16.046,20.931,0.0,,,20.931002,0.0,20.931,0.0,,20.931,20.931,,79.511002,0.26,0.26,0.26,79.511002,0.26,0.26,0.26,
12/31/1995,1345.447021,,,,,,,-1203.301025,,,142.145996,-46.781999,,49.459999,,-2.678,95.363997,-38.935001,56.429001,0.0,,,56.428996,0.0,56.429001,0.0,,56.429001,56.429001,,79.686996,0.71,0.71,0.71,79.686996,0.71,0.71,0.71,
03/31/1996,1327.95105,,,,,,,-1257.131958,,,70.819,-53.092002,,52.816002,0.0,0.276,17.726998,-7.548,10.179,0.0,,,10.178998,0.0,10.179,0.0,,10.179,10.179,,80.032997,0.13,0.15,0.15,80.032997,0.13,0.15,0.15,
06/30/1996,1426.047974,,,,,,,-1319.140991,,,106.906998,-53.258001,,53.803001,0.0,-0.545,53.648997,-22.066,31.583,0.0,,,31.582997,0.0,31.583,0.0,,31.583,31.583,,81.195999,0.39,0.35,0.35,81.195999,0.39,0.35,0.35,
09/30/1996,1272.145996,,,,,,,-1164.041016,,,108.105003,-55.621998,,52.655998,0.0,2.966,52.483005,-23.073,29.41,3.122,,,26.288005,0.0,26.288,0.0,,26.288,26.288,,81.945999,0.32,0.36,0.36,81.945999,0.32,0.36,0.36,
12/31/1996,1207.92395,,,,,,,-1470.458984,,,-262.535004,136.694004,,47.436001,0.0,-184.130005,-125.841,37.672001,-88.168999,21.198999,,,-109.367998,0.0,-109.367996,0.0,,-109.367996,-109.367996,,81.875999,-1.34,-1.08,0.37,81.875999,-1.34,-1.08,0.37,
03/31/1997,1187.119019,,,,,,,-1086.766968,,,100.351997,-44.378999,,46.882999,0.0,-2.504,55.972998,-23.521999,32.451,-1.215,,,33.665999,0.0,33.666,0.0,,33.666,33.666,,78.748001,0.43,0.42,0.42,78.748001,0.43,0.41,0.41,
06/30/1997,1233.999023,,,,,,,-1104.535034,,,129.464005,-52.068001,,48.888,0.0,3.18,77.396004,-34.068001,43.327999,-6.707,,,50.035003,0.0,50.035,0.0,,50.035,50.035,,76.75,0.65,0.56,0.56,78.171997,0.64,0.55,0.55,
09/30/1997,1204.338989,,,,,,,-1100.641968,,,103.696999,-46.259999,,46.529999,0.0,-0.27,57.437,-22.159,35.278,-7.525,,,42.802999,0.0,42.803001,0.0,,42.803001,42.803001,,77.807999,0.55,0.45,0.45,79.246002,0.54,0.45,0.45,
12/31/1997,1268.447998,,,,,,,-1158.314941,,,110.133003,-36.987001,,47.060001,0.0,-10.073,73.146002,-23.965,49.181,0.0,,,49.181002,0.0,49.181,0.0,,49.181,49.181,,75.400002,0.65,0.65,0.65,76.599998,0.64,0.64,0.64,
03/31/1998,1092.517944,,,,,,,-995.872986,,,96.644997,-52.974001,,48.408001,0.0,4.566,43.670996,-18.679001,24.992001,-12.282,,,37.273994,0.0,37.273998,0.0,,37.273998,37.273998,,73.970703,0.5,0.34,0.38,75.005997,0.5,0.33,0.37,
06/30/1998,1131.000977,,,,,,,-1032.890747,,,98.110207,-44.779001,,49.103001,0.0,-4.324,53.331206,-19.872887,33.458317,-11.809,,,45.267319,0.0,45.267319,0.0,,45.267319,45.267319,,73.728996,0.61,0.45,0.53,74.569,0.61,0.45,0.53,
09/30/1998,1176.332,,,,,,0.0,-1061.758,,,114.574,-50.848,,48.681,0.0,2.167,63.726,-23.309,40.417,3.369,,,37.048,0.0,37.048,0.0,,37.048,37.048,,72.998,0.51,0.55,0.55,73.251,0.51,0.51,0.51,
12/31/1998,1207.125,,,,,,,-1104.0,,,103.125,-58.780001,,47.200001,0.0,11.58,44.344999,-15.4,28.945,-10.537,,,39.481999,0.0,39.481998,0.0,,39.481998,39.481998,,71.599998,0.55,0.4,0.51,71.800003,0.55,0.4,0.51,
03/31/1999,1154.021973,,,,,,,-1072.947021,,,81.074997,-63.428,,45.646,0.0,17.782,17.646997,-6.758,10.889,-11.252,,,22.140997,0.0,22.141001,0.0,,22.141001,22.141001,,71.188004,0.31,0.15,0.27,71.396004,0.31,0.15,0.27,
06/30/1999,1214.832,,,,,,0.0,-1125.16,,,89.672,-56.442,,48.427,0.0,8.015,33.23,-12.651,20.579,-9.571,,,30.15,0.0,30.15,0.0,,30.15,30.15,,70.524,0.43,0.291801,0.43,70.828,0.43,0.291801,0.43,
09/30/1999,1261.566,,-1049.085,,,212.481,,-103.348,,,109.133,-52.733,,50.067,0.0,2.666,56.4,-21.291,35.109,-326.358,,,361.467,0.0,361.467,0.0,,361.467,361.467,,69.247,5.22,0.51,0.51,69.408,5.21,5.21,0.51,
12/31/1999,1321.8,,-1124.9,,,196.9,,-120.7,,,76.2,-66.0,43.0,43.0,0.0,23.0,10.2,-3.9,6.3,0.4,,,5.9,0.0,5.9,0.0,,5.9,5.9,,63.3,0.09,0.1,0.1,63.3,0.09,0.1,0.1,
03/31/2000,1308.608032,,,,,,,-1245.886963,,,62.721001,-31.254,,41.952,0.0,-10.698,31.467001,-11.643,19.823999,0.0,,,19.824001,0.0,19.823999,0.0,0.0,19.823999,19.823999,,59.381001,0.33,0.33,0.33,59.568001,0.33,0.33,0.33,
06/30/2000,1332.189941,,,,,,,-1245.886963,,,86.303001,-39.256002,,38.698002,0.0,0.558,47.047,-17.407,29.639999,0.0,,,29.64,0.0,29.639999,0.0,0.0,29.639999,29.639999,,59.465,0.5,0.5,0.5,59.653,0.5,0.5,0.5,
09/30/2000,1338.817017,,,,,,,-1249.546021,,,89.271004,-69.994999,,36.612999,0.0,33.382,19.276005,-7.132,12.144,0.0,,,12.144005,0.0,12.144,0.0,0.0,12.144,12.144,,59.576,0.2,0.2,0.6,59.796001,0.2,0.2,0.6,
12/31/2000,1357.177002,,,,,,,-1269.892944,,,87.284004,-43.753003,,36.746002,0.0,7.007001,43.531001,-16.107001,27.424,0.0,,,27.424,0.0,27.424,0.0,0.0,27.424,27.424,,60.05332,0.46,0.46,0.5,60.0,0.46,0.46,0.5,
03/31/2001,1281.509033,,,,,,,-1229.092041,,,52.417,-45.878999,,34.320999,0.0,11.558,6.538001,-2.419,4.119,0.0,,,4.119001,0.0,4.119,0.0,0.0,4.119,4.119,,59.876999,0.07,0.07,0.18,60.335999,0.07,0.07,0.18,
06/30/2001,1294.06897,,,,,,,-1229.250977,,,64.818001,-44.098001,,29.259001,0.0,14.839,20.72,-0.866,19.854,0.0,,,19.854,0.0,19.854,0.0,0.0,19.854,19.854,,60.033001,0.33,0.33,0.42,60.653999,0.33,0.33,0.42,
09/30/2001,1242.80603,,,,,,,-1164.958984,,,77.847,-84.757999,,29.077,0.0,55.681,-6.910999,1.405,-5.506,0.0,,,-5.505999,0.0,-5.506,0.0,0.0,-5.506,-5.506,,60.16,-0.09,-0.09,0.49,60.16,-0.09,-0.09,0.49,
12/31/2001,1187.739014,,,,,,,-1130.303955,,,57.435001,-47.076,,25.892,0.0,21.184,10.359001,-10.148,0.211,0.0,,,0.211001,0.0,0.211,0.0,0.0,0.211,0.211,,60.900002,0.0,0.0,0.45,60.900002,0.0,0.0,0.45,
03/31/2002,1149.916992,,,,,,,-1104.999023,,,44.917999,-18.585,,24.198999,0.0,-5.614,26.333,-9.48,16.853001,,,,16.853,0.0,16.853001,0.0,0.0,16.853001,16.853001,,60.745998,-0.03,0.28,0.27,61.866001,-0.03,0.27,0.26,
06/30/2002,1209.317993,,,,,,,-1143.569946,,,65.748001,-19.271,,23.909,0.0,-4.638,46.477001,-16.965,29.511999,0.0,,,29.512001,0.0,29.511999,0.0,0.0,29.511999,29.511999,,61.644001,0.48,0.48,0.48,62.993,0.47,0.47,0.47,
09/30/2002,1212.363037,,,,,,,-1142.250977,,,70.112,-17.316999,,22.323999,0.0,-5.007,52.795001,-19.011,33.784,0.0,,,33.784001,0.0,33.784,0.0,0.0,33.784,33.784,,61.879002,0.55,0.55,0.54,62.813,0.54,0.54,0.53,
12/31/2002,1204.666992,,,,,,,-1137.659058,,,67.008003,-16.729999,,21.285999,0.0,-4.556,50.278004,-17.862,32.416,0.0,,,32.416005,0.0,32.416,0.0,0.0,32.416,32.416,,62.014999,0.52,0.52,0.58,62.587002,0.52,0.52,0.58,
03/31/2003,1194.375,,,,,,,-1146.715942,,,47.659,-14.941,,22.02,0.0,-7.079,32.718,-11.778,20.940001,1.169,,,19.771,0.0,19.771,0.0,0.0,19.771,19.771,,62.158001,0.32,0.34,0.34,62.792999,0.31,0.33,0.33,
06/30/2003,1197.4,,-1023.061,,,174.339,,-107.09,,,67.249,-12.786,,21.003,,-8.217,54.463,-19.781,34.682,,,,34.682,,34.682,,,34.682,34.682,,62.55,0.55,0.55,0.55,63.312,0.55,0.55,0.55,
09/30/2003,1193.603027,,,,,,,-1112.944946,,,80.657997,-17.191001,,24.068001,0.0,-6.877,63.466996,-22.959999,40.507,2.954,,,37.552997,0.0,37.553001,0.0,0.0,37.553001,37.553001,,63.220001,0.59,0.64,0.62,64.288002,0.58,0.63,0.61,
12/31/2003,1216.916016,,0.0,,,1216.916016,,-1131.036011,,,85.879997,-24.053,,30.35,0.0,-6.297,61.826997,-22.396999,39.43,0.0,,,39.429997,0.0,39.43,0.0,0.0,39.43,39.43,,63.888,0.62,0.62,0.65,65.091003,0.61,0.61,0.64,
03/31/2004,1212.258,,-1050.324,,,161.934,,-91.103,,,70.831,-14.765,24.43,24.43,0.0,-9.665,56.066,-21.025,35.041,0.0,,,35.041,0.0,35.041,0.0,0.0,35.041,35.041,,64.544,0.54,0.54,0.54,66.082,0.53,0.53,0.53,
06/30/2004,1268.915,,-1070.383,,,198.532,,-101.994,,,96.538,5.294,26.227,26.227,,-31.521,101.832,-38.187,63.645,,,,63.645,,63.645,,,63.645,63.645,,64.386,0.99,0.99,0.99,65.641,0.97,0.97,0.97,
09/30/2004,1305.910034,,,,,,,-1204.47998,,,101.439003,-14.039,,24.792,0.0,-10.753,87.400003,-33.118,54.282001,0.0,,,54.282003,0.0,54.282001,0.0,0.0,54.282001,54.282001,,64.153,0.85,0.85,0.84,65.462997,0.83,0.83,0.82,
12/31/2004,1363.188,,,,,,,-1261.686,,,101.494,-15.67,,24.665,0.0,-8.995,85.824,-23.183,62.641,0.0,,,62.641,0.0,62.641,0.0,0.0,62.641,62.641,,63.92,0.98,0.98,0.87,65.5,0.96,0.96,0.85,
03/31/2005,1315.615,,-1126.769,,,188.846,,-112.605,,,76.241,-9.019,26.951,26.951,0.0,-17.932,67.222,-25.733,41.489,0.0,,,41.489,0.0,41.489,0.0,0.0,41.489,41.489,-1.344,64.021,0.65,0.65,0.63,65.129,0.64,0.64,0.62,
06/30/2005,1389.816,,-1153.089,,,236.727,,-130.65,,,106.077,-15.548,30.854,30.854,0.0,-15.306,90.529,-27.231,63.298,0.0,,,63.298,0.0,63.298,0.0,0.0,63.298,63.298,-7.734,63.938,0.99,0.99,0.87,64.662,0.98,0.98,0.86,
09/30/2005,1490.623,,,,,,,-1368.609,,,122.014,-16.514,31.341,31.341,0.0,-14.827,105.5,-42.159,63.341,0.0,,,63.341,0.0,63.341,0.0,0.0,63.341,63.341,-0.2592,63.903,0.99,0.99,0.99,64.526,0.98,0.98,0.98,
12/31/2005,1544.793,,,,,,,-5072.696,,,242.578,-26.727,31.328,31.328,0.0,-4.601,215.851,-34.337,59.5,0.699,,,180.815,0.0,58.801,0.0,0.0,58.801,58.801,,63.17,0.93,0.94,0.99,63.923,0.92,0.93,0.98,
03/31/2006,1496.291,,,,,,,-1404.022,,,92.269,-13.065,31.422,31.422,0.0,-18.357,79.204,-31.622,47.582,0.0,,,47.582,0.0,47.582,0.0,0.0,47.582,47.582,-1.237,60.722,0.78,0.78,0.76,61.433,0.77,0.77,0.75,
06/30/2006,1595.726,,,,,,,-1471.529,,,124.197,-19.643,35.037,35.037,0.0,-15.394,104.554,-34.275,70.279,0.0,,,70.279,0.0,70.279,0.0,0.0,70.279,70.279,-6.8,61.241,1.15,1.15,1.04,62.023,1.13,1.13,1.02,
09/30/2006,1620.549,,,,,,,-1488.108,,,132.441,-25.028,36.395,36.395,0.0,-11.367,107.413,-42.136,65.277,0.0,,,65.277,0.0,65.277,0.0,0.0,65.277,65.277,3.5,61.051,1.07,1.07,1.13,61.695,1.06,1.06,1.12,
12/31/2006,1594.077,,,,,,,-1468.384,,,125.693,-23.891,37.707,37.707,0.0,-13.816,101.802,-35.981,65.821,0.0,,,65.821,0.0,65.821,0.0,0.0,65.821,65.821,,61.2,1.08,1.08,1.09,61.2,1.08,1.08,1.09,
03/31/2007,1594.102,,,,,,,-1485.306,,,108.796,-23.958,39.37,39.37,0.0,-15.412,84.838,-33.579,51.259,0.0,,,51.259,0.0,51.259,0.0,0.0,51.259,51.259,0.326,60.569,0.85,0.85,0.86,61.165,0.84,0.84,0.85,
06/30/2007,1657.969,,,,,,,-1527.628,,,130.341,-26.005,40.841,40.841,0.0,-14.836,104.336,-39.213,65.123,0.0,,,65.123,0.0,65.123,0.0,0.0,65.123,65.123,0.75075,60.513,1.08,1.08,1.09,61.09,1.07,1.07,1.08,
09/30/2007,1647.724,,,,,,,-1509.647,,,138.077,-33.584,40.199,40.199,0.0,-6.615,104.493,-38.96,65.533,0.0,,,65.533,0.0,65.533,0.0,0.0,65.533,65.533,1.7,58.487,1.12,1.12,1.15,59.026,1.11,1.11,1.14,
12/31/2007,1666.2,,,,,,,-1524.5,,,141.7,-29.9,39.7,39.7,0.0,-9.8,111.8,-39.9,71.9,0.0,,,71.9,0.0,71.9,0.0,0.0,71.9,71.9,-3.6,57.6,1.25,1.25,1.19,58.1,1.24,1.24,1.18,
03/31/2008,1543.582,,,,,,,-1424.954,,,118.628,-26.541,37.428,37.428,0.0,-10.887,92.087,-36.005,56.082,0.0,,,56.082,0.0,56.082,0.0,0.0,56.082,56.082,-0.0507,57.595,0.97,0.97,0.97,58.177,0.96,0.96,0.96,
06/30/2008,1660.242,,,,,,,-1520.394,,,139.848,-27.173,37.588,37.588,0.0,-10.415,112.675,-49.729,62.946,0.0,,,62.946,0.0,62.946,0.0,0.0,62.946,62.946,6.845,56.512,1.11,1.11,1.23,57.26,1.1,1.1,1.22,
09/30/2008,1576.836,,,,,,0.0,-1432.203,,,144.633,-29.516,,39.206,,-9.69,115.117,-42.34,72.777,2.569,,,70.208,0.0,70.208,0.0,0.0,70.208,70.208,-6.76,55.55,1.25,1.3,1.178308,55.949,1.24,1.29,1.169176,
12/31/2008,1337.2,,,,,,0.0,-1205.9,,,131.3,-56.0,,40.3,0.0,15.7,75.3,-24.9,50.4,39.8,,,10.6,0.0,10.6,0.0,0.0,10.6,10.6,28.405,55.2,0.19,0.913043,1.424583,55.2,0.19,0.91,1.424583,
03/31/2009,1174.396,1174.396,-579.319,357.734,221.585,595.077,0.0,-533.884,,533.884,61.193,-38.762,,38.137,,0.625,22.431,-11.491,10.94,4.102,4.102,0.0,6.838,0.0,6.838,0.0,-0.136,6.702,14.24405,3.44005,55.238,0.12,0.2,0.257867,55.281,0.12,0.2,0.257867,
06/30/2009,1212.036,1212.036,-589.98,366.431,223.549,622.056,0.0,-541.51,,541.51,80.546,-35.214,,36.58,,-1.366,45.332,-18.264,27.068,4.18,4.18,0.0,22.888,0.0,22.888,0.0,-0.295,22.593,25.13695,-1.63605,55.344,0.41,0.48,0.454195,55.381,0.41,0.48,0.450458,
09/30/2009,1253.854,1253.854,-601.302,381.044,220.258,652.552,0.0,-575.009,,575.009,77.543,-33.336,,35.73,,-2.394,44.207,-15.768,28.439,4.468,4.468,0.0,23.971,0.0,23.971,0.0,-0.311,23.66,28.4946,0.3666,55.435,0.43,0.51,0.514018,55.481,0.43,0.51,0.514018,
12/31/2009,1247.0,1247.0,-608.5,392.7,215.8,638.5,0.0,-573.3,,573.3,65.2,-33.4,,33.9,,-0.5,31.8,-8.1,23.7,15.5,15.5,0.0,8.2,0.0,8.2,0.0,0.0,8.2,23.245,-0.455,54.2,0.15,0.437269,0.428875,54.2,0.15,0.43,0.421605,
03/31/2010,1219.938,1219.938,-592.509,381.504,211.005,627.429,0.0,-573.096,,573.096,54.333,-31.841,,33.336,,-1.495,22.492,-9.62,12.872,0.499,0.499,0.0,12.373,0.0,12.373,0.0,0.0,12.373,9.9353,-2.9367,52.679,0.23,0.24,0.188601,52.702,0.23,0.24,0.184277,
06/30/2010,1286.123,1286.123,-598.201,391.44,206.761,687.922,0.0,-604.908,,604.908,83.014,-30.807,,31.152,,-0.345,52.207,-21.607,30.6,0.759,0.759,0.0,29.841,0.0,29.841,0.0,-0.432,29.409,25.88645,-4.28155,52.044,0.57,0.58,0.497395,52.261,0.56,0.58,0.497395,
09/30/2010,1316.948,1316.948,-608.147,398.218,209.929,708.801,0.0,-617.591,,617.591,91.21,-29.212,,31.897,,-2.685,61.998,-22.324,39.674,0.839,0.839,0.0,38.835,0.0,38.835,0.0,-0.576,38.259,34.6104,-4.4876,51.409,0.74,0.76,0.673236,51.535,0.74,0.76,0.672921,
12/31/2010,1313.4,1313.4,-615.2,409.1,206.1,698.2,0.0,-617.6,,617.6,80.6,-31.0,,33.6,,-2.6,49.6,-8.1,41.5,4.4,4.4,0.0,37.1,0.0,37.1,0.0,0.0,37.1,23.695,-17.805,51.0,0.72,0.8,0.464608,51.0,0.72,0.8,0.450882,
03/31/2011,1425.376,1425.376,-1155.332,1155.332,,270.044,0.0,-196.157,173.109,23.048,73.887,-30.277,,34.419,,-4.142,43.61,-17.753,25.857,0.732,0.732,0.0,25.125,0.0,25.125,0.0,0.0,25.125,18.33015,-7.52685,50.626,0.49,0.5,0.36207,51.011,0.48,0.5,0.352447,
06/30/2011,1513.344,1513.344,-1196.271,1196.271,,317.073,0.0,-209.684,195.168,14.516,107.389,-32.379,,32.974,,-0.595,75.01,-34.096,40.914,0.881,0.881,0.0,40.033,0.0,40.033,0.0,-1.049,38.984,36.6033,-3.2617,50.546,0.78,0.8,0.724158,51.003,0.77,0.79,0.724158,
09/30/2011,1570.72,1570.72,-1239.948,1239.948,,330.772,0.0,-212.094,200.096,11.998,118.678,-31.023,,32.745,,-1.722,87.655,-30.722,56.933,0.409,0.409,0.0,56.524,0.0,56.524,0.0,-0.933,55.591,43.5685,-12.4315,50.426,1.1,1.11,0.864009,50.753,1.1,1.1,0.855059,
12/31/2011,1541.1,1541.1,-1214.3,1214.3,,326.8,0.0,-223.3,202.9,20.4,103.5,-30.4,,33.0,,-2.6,73.1,-25.4,47.7,-0.4,-0.4,0.0,48.1,0.0,48.1,0.0,-0.8,47.3,49.15921,2.25921,50.7,0.93,0.925049,0.96961,50.7,0.93,0.92211,0.966671,
03/31/2012,1536.276,1536.276,-1250.186,1250.186,,286.09,0.0,-208.107,194.984,13.123,77.983,-30.285,,34.765,,-4.48,47.698,-12.822,34.876,0.555,0.555,0.0,34.321,0.0,34.321,0.0,0.0,34.321,15.98185,-18.89415,50.485,0.67,0.68,0.316566,50.921,0.67,0.68,0.308952,
06/30/2012,1563.86,1563.86,-1248.218,1248.218,,315.642,0.0,-207.592,189.332,18.26,108.05,-34.281,,35.622,,-1.341,73.769,-27.002,46.767,0.044,0.044,0.0,46.723,0.0,46.723,0.0,-1.057,45.666,35.5711,-10.1389,50.433,0.92,0.92,0.705314,50.697,0.91,0.91,0.705314,
09/30/2012,1573.295,1573.295,-1246.424,1246.424,,326.871,0.0,-193.606,183.713,9.893,133.265,-33.455,,34.879,,-1.424,99.81,-35.499,64.311,-10.78,-10.78,0.0,75.091,0.0,75.091,0.0,-0.814,74.277,49.65045,-13.84655,50.381,1.47,1.26,0.985499,50.553,1.47,1.26,0.985499,
12/31/2012,1583.5,1583.5,-1258.6,1258.6,,324.9,0.0,-212.3,198.7,13.6,112.6,-30.8,,35.3,,-4.5,81.8,-26.9,54.9,1.1,1.1,0.0,53.8,0.0,53.8,0.0,-0.7,53.1,45.6599,-8.5401,50.8,1.05,1.07,0.898817,50.8,1.05,1.07,0.898817,
03/31/2013,1563.017,1563.017,-1266.959,1266.959,,296.058,0.0,-203.666,189.073,14.593,92.392,-29.884,,34.454,,-4.57,62.508,-21.706,40.802,0.878,0.878,0.0,39.924,0.0,39.924,0.0,0.0,39.924,26.02555,-14.77645,50.958,0.77,0.79,0.510725,51.393,0.77,0.79,0.502481,
06/30/2013,1603.999,1603.999,-1271.599,1271.599,,332.4,0.0,-204.712,195.033,9.679,127.688,-30.326,,33.901,,-3.575,97.362,-34.787,62.575,0.381,0.381,0.0,62.194,0.0,62.194,0.0,0.0,62.194,47.6705,-14.9045,51.445,1.2,1.21,0.92663,51.923,1.19,1.19,0.90295,
09/30/2013,1634.54,1634.54,-1288.859,1288.859,,345.681,0.0,-203.763,196.767,6.996,141.918,-30.52,,33.967,,-3.447,111.398,-37.523,73.875,2.808,2.808,0.0,71.067,0.0,71.067,0.0,-0.643,70.424,58.0311,-15.2009,51.788,1.36,1.41,1.120551,52.228,1.35,1.4,1.108951,
12/31/2013,1617.7,1617.7,-1275.5,1275.5,,342.2,0.0,-213.5,209.8,3.7,128.7,-31.1,,34.9,,-3.8,97.6,-31.7,65.9,1.3,1.3,0.0,64.6,0.0,64.6,0.0,0.5,65.1,49.336,-17.064,52.7,1.23,1.25,0.936167,52.7,1.22,1.24,0.916205,
03/31/2014,1610.737,1610.737,-1306.477,1306.477,,304.26,0.0,-199.529,191.702,7.827,104.731,-29.727,,35.109,,-5.382,75.004,-25.906,49.098,0.866,0.866,0.0,48.232,0.0,48.232,0.0,-0.255,47.977,27.4637,-21.3793,52.66,0.91,0.93,0.521529,53.123,0.9,0.92,0.517551,
06/30/2014,1684.571,1684.571,-1336.509,1336.509,,348.062,0.0,-197.072,200.43,-3.358,150.99,-30.901,,35.729,,-4.828,120.089,-44.368,75.721,0.336,0.336,0.0,75.385,0.0,75.385,0.0,0.302,75.687,52.84985,-23.17315,52.564,1.43,1.43,1.005438,53.046,1.41,1.42,0.98315,
09/30/2014,1687.15,1687.15,-1324.658,1324.658,,362.492,0.0,-197.199,202.001,-4.802,165.293,-35.685,,36.681,,-0.996,129.608,-45.713,83.895,0.278,0.278,0.0,83.617,0.0,83.617,0.0,0.275,83.892,62.71284,-21.45716,52.459,1.59,1.6,1.195464,52.974,1.57,1.58,1.174949,
12/31/2014,1656.3,1656.3,-1285.8,1285.8,,370.5,0.0,-322.6,222.8,99.8,47.9,-34.4,,36.8,,-2.4,13.5,-2.0,11.5,0.4,0.4,0.0,11.1,0.0,11.1,0.0,0.0,11.1,66.37,54.87,53.0,0.21,0.22,1.252264,53.0,0.21,0.22,1.252264,
03/31/2015,1567.153,1567.153,-1237.041,1237.041,,330.112,0.0,-211.77,206.605,5.165,118.342,-34.165,,36.802,,-2.637,84.177,-30.851,53.326,0.537,0.537,0.0,52.789,0.0,52.789,0.0,-0.148,52.641,35.4928,-17.6852,52.596,1.0,1.01,0.674819,53.106,0.99,1.0,0.666983,
06/30/2015,1662.931,1662.931,-1276.972,1276.972,,385.959,0.0,-214.465,214.868,-0.403,171.494,-38.047,,39.075,,-1.028,133.447,-47.53,85.917,0.758,0.758,0.0,85.159,0.0,85.159,0.0,0.246,85.405,65.62485,-20.53815,52.827,1.61,1.62,1.24226,53.295,1.59,1.61,1.224633,
09/30/2015,1669.066,1669.066,-1286.467,1286.467,,382.599,0.0,-205.085,203.093,1.992,177.514,-37.614,,38.986,,-1.372,139.9,-49.089,90.811,0.192,0.192,0.0,90.619,0.0,90.619,0.0,-0.265,90.354,74.35775,-16.18825,52.888,1.71,1.71,1.405947,53.333,1.69,1.7,1.396468,
12/31/2015,1672.7,1672.7,-1286.0,1286.0,,386.7,0.0,-244.6,219.9,24.7,142.1,-30.4,,35.6,,-5.2,111.7,-35.8,75.9,-0.3,-0.3,0.0,76.2,0.0,76.2,0.0,-0.228,75.972,74.267,-1.405,53.3,1.43,1.42,1.393377,53.3,1.43,1.42,1.393377,
03/31/2016,1629.672,1629.672,-1283.105,1283.105,,346.567,0.0,-222.235,204.403,17.832,124.332,-35.624,,37.889,,-2.265,88.708,-32.523,56.185,0.391,0.391,0.0,55.794,0.0,55.794,0.0,-0.166,55.628,43.58515,-12.43385,53.076,1.05,1.055449,0.821184,53.363,1.04,1.047327,0.814322,
06/30/2016,1703.744,1703.744,-1316.909,1316.909,,386.835,0.0,-222.824,207.028,15.796,164.011,-47.232,,37.268,,9.964,116.779,-42.737,74.042,0.292,0.292,0.0,73.75,0.0,73.75,0.0,0.234,73.984,55.32178,-18.95422,53.057,1.39,1.39,1.042686,53.377,1.38,1.38,1.024899,
09/30/2016,1724.418,1724.418,-1333.598,1333.598,,390.82,0.0,-217.461,191.337,26.124,173.359,-41.661,,37.44,,4.221,131.698,-46.56,85.138,0.386,0.386,0.0,84.752,0.0,84.752,0.0,-0.222,84.53,92.59575,7.67975,52.953,1.6,1.6,1.74864,53.291,1.59,1.59,1.73411,
12/31/2016,1700.304,1700.304,-1323.11,1323.11,,377.194,0.0,-266.082,201.461,64.621,111.112,-41.041,,35.246,,5.795,70.071,-20.204,49.867,1.094,1.094,0.0,48.773,0.0,48.773,0.0,-0.17,48.603,103.92475,54.22775,52.973,0.917505,0.938157,1.961844,53.412,0.909964,0.930446,1.945719,
03/31/2017,1736.983,1736.983,-1407.512,1407.512,,329.471,0.0,-231.586,201.095,30.491,97.885,-37.263,,34.886,,2.377,60.622,-22.086,38.536,0.13,0.13,0.0,38.406,0.0,38.406,0.0,-0.132,38.274,37.39,-1.014,52.945,0.72,0.73,0.706205,53.396,0.72,0.72,0.70101,
06/30/2017,1788.028,1788.028,-1429.571,1429.571,,358.457,0.0,-241.618,201.464,40.154,116.839,-35.985,,34.852,,1.133,80.854,-29.459,51.395,0.527,0.527,0.0,50.868,0.0,50.868,0.0,0.186,51.054,73.1996,21.6186,52.663,0.96,0.97,1.389963,52.907,0.96,0.97,1.378615,
09/30/2017,1840.897,1840.897,-1467.026,1467.026,,373.871,0.0,-242.222,212.249,29.973,131.649,-37.157,,34.854,,2.303,94.492,-35.452,59.04,0.29,0.29,0.0,58.75,0.0,58.75,0.0,-0.223,58.527,71.6359,12.8189,52.405,1.12,1.12,1.366967,52.776,1.11,1.12,1.362893,
12/31/2017,1931.1,1931.1,-1529.2,1529.2,,401.9,0.0,-309.8,256.4,53.4,92.1,-13.5,,35.8,,-22.3,78.6,564.7,643.3,-0.5,-0.5,0.0,643.8,0.0,643.8,0.0,0.0,643.8,68.6,-574.7,53.1,12.13,12.12,1.291902,53.1,12.13,12.12,1.291902,
03/31/2018,1904.205,1904.205,-1551.279,1551.279,,352.926,0.0,-264.577,207.828,56.749,88.349,-35.65,,38.16,,-2.51,52.699,-15.386,37.313,0.427,0.427,0.0,36.886,0.0,36.886,0.0,-0.13,36.756,56.83949,19.65649,52.405,0.7,0.71,1.08462,53.013,0.7,0.71,1.080786,
06/30/2018,2089.904,2089.904,-1696.409,1696.409,,393.495,0.0,-252.49,212.612,39.878,141.005,-39.111,,42.751,,-3.64,101.894,-55.725,46.169,1.261,1.261,0.0,44.908,0.0,44.908,0.0,0.168,45.076,53.59789,7.26089,52.37,0.85,0.88,1.023446,52.624,0.85,0.87,1.007977,
09/30/2018,2159.682,2159.682,-1748.019,1748.019,,411.663,0.0,-249.437,215.599,33.838,162.226,-43.363,,47.846,,-4.483,118.863,-27.261,91.602,0.76,0.76,0.0,90.842,0.0,90.842,0.0,-0.333,90.509,87.869,-3.4,52.397,1.73,1.74,1.676985,52.77,1.72,1.73,1.665569,
12/31/2018,2260.2,2260.2,-1828.6,1828.6,,431.6,0.0,-258.6,213.4,45.2,173.0,-57.0,,51.7,,5.3,116.0,-4.2,111.8,-0.2,-0.2,0.0,112.0,0.0,112.0,0.0,-0.4,111.6,103.119,-8.281,52.8,2.12,2.12,1.953011,52.8,2.12,2.12,1.953011,
03/31/2019,2180.327,2180.327,-1779.254,1779.254,,401.073,0.0,-285.808,231.325,54.483,115.265,-47.114,,55.336,,-8.222,68.151,-22.261,45.89,0.574,0.574,0.0,45.316,0.0,45.316,0.0,-0.177,45.139,64.77643,19.06343,52.418,0.86,0.87,1.235767,52.641,0.86,0.87,1.23214,
06/30/2019,2244.993,2244.993,-1812.308,1812.308,,432.685,0.0,-290.768,226.416,64.352,141.917,-38.848,,60.759,,-21.911,103.069,-27.617,75.452,0.237,0.237,0.0,75.215,0.0,75.215,0.0,-0.286,74.929,73.666,-1.5,52.337,1.43,1.44,1.407532,52.5,1.43,1.43,1.401429,
09/30/2019,2223.932,2223.932,-1966.101,1966.101,,257.831,0.0,-285.94,216.037,69.903,-28.109,-63.151,,62.475,,0.676,-91.26,-0.278,-91.538,-0.083,-0.083,0.0,-91.455,0.0,-91.455,0.0,-0.114,-91.569,-78.252,13.4,52.319,-1.75,-1.75,-1.495671,52.319,-1.75,-1.75,-1.495671,
12/31/2019,2276.5,2276.5,-1997.6,1997.6,,278.9,0.0,-342.6,233.7,108.9,-63.7,-58.5,,62.8,,-4.3,-122.2,69.1,-53.1,0.4,0.4,0.0,-53.5,0.0,-53.5,0.0,-0.1,-53.6,6.784,59.984,52.3,-1.02,-1.02,0.129713,52.3,-1.02,-1.02,0.126922,
03/31/2020,2161.306,2161.306,-1893.17,1893.17,,268.136,0.0,-310.536,224.119,86.417,-42.4,-71.234,,62.566,,8.668,-113.634,4.505,-109.129,0.484,0.484,0.0,-109.613,0.0,-109.613,0.0,-0.118,-109.731,-55.88164,53.36536,52.284,-2.1,-2.09,-1.06881,52.284,-2.1,-2.09,-1.069318,
06/30/2020,1895.282,1895.282,-1646.683,1646.683,,248.599,0.0,-286.037,208.564,77.473,-37.438,-57.339,,67.285,,-9.946,-94.777,21.072,-73.705,0.394,0.394,0.0,-74.099,0.0,-74.099,0.0,-0.1,-74.199,-49.605,24.2,52.355,-1.42,-1.41,-0.947474,52.355,-1.42,-1.41,-0.947771,
09/30/2020,1997.286,,,,,249.66075,,,,,14.2,,,,,,-28.033,,-30.95,,,,,,-30.95,,,-30.95,-20.643,,,-0.343,-0.343,-0.344,,-0.343,-0.343,-0.344,
12/31/2020,2091.286,,,,,246.771748,,,,,10.8,,,,,,-9.733,,-6.85,,,,,,-6.85,,,-6.85,-1.029,,,0.036,0.036,0.014,,0.036,0.036,0.014,
