Date,Revenue,Cost of Revenue,Gross Profit,Operating Expenses,Operating Income or Losses,Interest Expense,Foreign Exchange Losses (Gains),Net Non-Operating Losses (Gains),Pretax Income,Income Tax Expense (Benefit),Income Before XO Items,Extraordinary Loss Net of Tax,Minority/Non Controlling Interests (Credits),Net Income/Net Profit (Losses),Total Cash Preferred Dividends,Other Adjustments,Net Inc Avail to Common Shareholders,Abnormal Losses (Gains),Tax Effect on Abnormal Items,Normalized Income,Basic EPS Before Abnormal Items,Basic EPS Before XO Items,Basic Earnings per Share,Basic Weighted Avg Shares,Diluted EPS Before Abnormal Items,Diluted EPS Before XO Items,Diluted EPS,Diluted Weighted Avg Shares,Source: Bloomberg
03/31/1990,554.403992,-324.86499,229.539001,-141.983002,87.556,-3.583,,4.038,88.011,-35.292,52.719002,0.0,0.0,52.719002,0,,52.719002,,,52.719,,0.46,0.46,114.635002,0.46,0.46,0.46,114.635002,
06/30/1990,527.229004,-315.029999,212.199005,-138.074997,74.124001,-5.129,,3.436,72.431,-29.045,43.386002,0.0,0.0,43.386002,0,,43.386002,,,43.386,,0.38,0.38,114.825996,0.38,0.38,0.38,114.825996,
09/30/1990,588.893982,-353.774994,235.118988,-164.367004,70.751999,-6.237,,3.966,68.480999,-27.461,41.02,0.0,0.0,41.02,0,,41.02,,,41.019999,,0.36,0.36,114.588997,0.36,0.36,0.36,114.588997,
12/31/1990,488.716003,-294.644012,194.071991,-127.556,66.515999,-3.908,,3.304,65.911999,-26.431,39.480999,0.0,0.0,39.480999,0,,39.480999,,,39.480999,0.34,0.34,0.34,114.475998,0.34,0.34,0.34,114.475998,
03/31/1991,695.27301,-416.240997,279.032013,-180.076004,98.956001,-5.178,,3.708,97.486001,-39.091999,58.394001,0.0,0.0,58.394001,0,,58.394001,,,58.394002,,0.51,0.51,115.307999,0.51,0.51,0.51,115.307999,
06/30/1991,688.299988,-421.234009,267.065979,-163.820999,103.245003,-8.912,,6.432,100.765003,-40.407001,60.358002,0.0,0.0,60.358002,0,,60.358002,,,60.358002,,0.64,0.64,94.288002,0.64,0.64,0.64,94.288002,
09/30/1991,764.294006,-464.837006,299.457001,-183.455002,116.001999,-7.854,,2.442,110.589999,-44.346001,66.244003,0.0,0.0,66.244003,0,,66.244003,,,66.243998,,0.71,0.71,93.147003,0.71,0.71,0.71,93.147003,
12/31/1991,586.606995,-342.322998,244.283997,-155.276993,89.007004,-7.351,,-0.611,81.045004,-31.33,49.715,0.0,0.0,49.715,0,,49.715,,,49.715004,0.53,0.53,0.53,93.088997,0.53,0.53,0.53,93.088997,
03/31/1992,797.372009,-483.803986,313.568024,-210.867004,102.700996,-5.633,,5.743,102.810997,-40.507999,62.303001,0.0,0.0,62.303001,0,,62.303001,,,62.302997,,0.67,0.67,93.615997,0.67,0.67,0.67,93.615997,
06/30/1992,701.981995,-414.514008,287.467987,-202.806,84.662003,-5.362,,-3.704,75.596003,-29.784,45.812,0.0,0.0,45.812,0,,45.812,,,45.812002,,0.49,0.49,93.139,0.49,0.49,0.49,93.139,
09/30/1992,863.211975,-512.861023,350.350952,-226.738007,123.612999,-5.06,,4.165,122.717999,-48.351002,74.366997,0.0,0.0,74.366997,0,,74.366997,,,74.366997,,0.8,0.8,92.966003,0.8,0.8,0.8,92.966003,
12/31/1992,660.060974,-398.125,261.935974,-183.253998,78.681999,-4.025,,-117.818001,-43.161002,-24.503,-67.664001,0.0,0.0,-67.664001,0,,-67.664001,,,-67.664002,-0.74,-0.74,-0.74,91.978996,-0.74,-0.74,-0.74,91.978996,
03/31/1993,825.219971,-489.838989,335.380981,-214.904999,120.475998,-4.966,,-3.68,111.829998,-44.061001,67.768997,0.0,0.0,67.768997,0,,67.768997,,,67.768997,,0.74,0.74,91.082001,0.74,0.74,0.74,91.082001,
06/30/1993,657.612976,-390.330994,267.281982,-195.354004,71.928001,-6.924,,1.384,66.388002,-25.360001,41.028,0.0,0.0,41.028,0,,41.028,,,41.028001,,0.46,0.46,89.350998,0.46,0.46,0.46,89.350998,
09/30/1993,808.492981,-485.848999,322.643982,-200.591003,122.053001,-5.924,,-10.111,106.018002,-42.084999,63.932999,0.0,0.0,63.932999,0,,63.932999,,,63.933002,,0.74,0.74,86.905998,0.74,0.74,0.74,86.905998,
12/31/1993,602.573975,-353.850006,248.723969,-168.945999,79.778,-7.207,,14.701,87.272,-28.326,58.945999,0.0,-8.261,50.685001,0,,50.685001,,,50.685,0.59,0.59,0.59,85.955002,0.59,0.59,0.59,85.955002,
03/31/1994,857.366028,-519.843994,337.522034,-224.854996,112.667,-5.237,,1.364,108.794,-40.323002,68.471001,0.0,-2.682,65.789001,0,,65.789001,,,65.788998,,0.77,0.77,85.32,0.77,0.77,0.77,85.32,
06/30/1994,776.752991,-468.979004,307.773987,-219.977997,87.795998,-4.005,,-0.522,83.268997,-31.261999,52.007,0.0,-0.999,51.007999,0,,51.007999,,,51.007998,,0.6,0.6,84.406998,0.6,0.6,0.6,84.406998,
09/30/1994,937.14801,-561.817993,375.330017,-237.141006,138.188995,-4.515,,6.493,140.166996,-51.884998,88.281998,0.0,-3.627,84.654999,0,,84.654999,,,84.654997,,1.01,1.01,84.091003,1.01,1.01,1.01,84.091003,
12/31/1994,709.151001,-415.497009,293.653992,-211.960999,81.693001,-2.758,,6.203,85.138001,-30.524,54.613998,0.0,-1.588,53.026001,0,,53.026001,,,53.026001,0.64,0.64,0.64,83.431999,0.64,0.64,0.64,83.431999,
03/31/1995,935.478027,-557.398987,378.079041,-266.265015,111.814003,-6.561,,3.93,109.183003,-39.889,69.293999,0.0,-3.377,65.917,0,,65.917,,,65.917003,0.8,0.8,0.8,82.601997,0.8,0.8,0.8,82.601997,
06/30/1995,788.692017,-471.845001,316.847015,-259.102997,57.743999,-5.726,,-16.219,35.799,-12.952,22.847,0.0,-1.443,21.403999,0,,21.403999,,,21.404,0.26,0.26,0.26,81.082001,0.26,0.26,0.26,81.082001,
09/30/1995,1005.97998,-614.835022,391.144958,-258.308014,132.837006,-7.324,,1.551,127.064006,-46.112,80.952003,0.0,-4.75,76.202003,0,,76.202003,,,76.202006,0.96,0.96,0.96,79.304001,0.96,0.96,0.96,79.304001,
12/31/1995,751.299988,-470.005005,281.294983,-220.121994,61.173,-6.114,,-51.131001,3.927999,-0.8,3.128,0.0,-1.853,1.275,0,,1.275,,,1.274999,0.02,0.02,0.02,76.348,0.02,0.02,0.02,76.348,
03/31/1996,902.922974,-551.791016,351.131958,-264.170013,86.961998,-6.528,,1.912,82.345998,-29.297001,53.049,0.0,-4.634,48.415001,0,,48.415001,,,48.414997,0.65,0.65,0.65,74.485001,0.64,0.64,0.64,75.142998,
06/30/1996,817.572021,-505.303986,312.268036,-275.179993,37.088001,-6.808,,3.856,34.136001,-12.003,22.132999,0.0,-2.32,19.813,0,,19.813,,,19.813001,0.27,0.27,0.27,73.380997,0.27,0.27,0.27,73.921997,
09/30/1996,970.080017,-589.549988,380.530029,-286.252014,94.278,-10.228,,3.021,87.071,-30.615,56.456001,0.0,-5.844,50.612,0,,50.612,,,50.612,0.76,0.76,0.76,66.595001,0.75,0.75,0.75,67.838997,
12/31/1996,788.028992,-497.777008,290.251984,-243.600006,46.652,-18.681999,,6.145,34.115001,-12.168,21.947001,0.0,-1.837,20.110001,0,,20.110001,,,20.110001,0.36,0.36,0.36,55.861,0.35,0.35,0.35,57.812,
03/31/1997,930.041016,-573.812012,356.229004,-272.441986,83.787003,-15.913,,3.085,70.959002,-25.700001,45.258999,0.0,-5.075,40.183998,0,,40.183998,,,40.184002,0.72,0.72,0.72,55.944,0.69,0.69,0.69,58.431,
06/30/1997,841.059021,-517.547974,323.511047,-275.575012,47.936001,-16.305,,1.72,33.351001,-12.0,21.351,0.0,-1.029,20.322001,0,,20.322001,,,20.322001,0.36,0.36,0.36,56.139999,0.35,0.35,0.35,58.150002,
09/30/1997,1009.052979,-638.84198,370.210999,-259.984985,110.225998,-16.111,,-33.991001,60.123997,18.15,78.274002,0.0,-4.306,73.968002,0,,73.968002,-18.839001,,55.128995,1.0,1.32,1.32,56.257999,0.94,1.26,1.26,58.741001,
12/31/1997,863.445984,-563.846985,299.598999,-265.588013,34.011002,-16.037001,,-24.323,-6.348999,7.06,0.711,0.0,-0.066,0.645,0,,0.645,18.0,,18.645001,0.32,0.01,0.01,58.014,0.32,0.01,0.01,58.014,
03/31/1998,880.122986,-566.072021,314.050964,-266.408997,47.641998,-17.601999,,-30.354,-0.314001,0.1,-0.214,0.0,-3.144,-3.358,0,,-3.358,35.0,-11.326,20.315999,0.36,-0.06,-0.06,56.344002,0.36,-0.06,-0.06,56.344002,
06/30/1998,760.567017,-480.239014,280.328003,-254.203995,26.124001,-16.615999,,-2.017,7.491001,-2.411,5.08,0.0,1.066,6.146,0,,6.146,,,6.146001,0.11,0.11,0.11,56.338001,0.11,0.11,0.11,57.154999,
09/30/1998,878.335022,-546.341003,331.994019,-268.468994,63.525002,-15.939,,-2.543,45.043001,-14.5,30.542999,0.0,-2.314,28.229,0,,28.229,,,28.229002,0.5,0.5,0.5,56.445,0.5,0.5,0.5,56.889999,
12/31/1998,705.567017,-444.812988,260.754028,-257.549011,3.205,-10.514,,-7.881,-15.19,4.886,-10.304,0.0,3.214,-7.09,0,,-7.09,,,-7.09,-0.13,-0.13,-0.13,56.449001,-0.13,-0.13,-0.13,56.449001,
03/31/1999,785.784,-487.766,298.018,-253.39,44.628,-13.996,,2.563,33.195,-11.95,21.245,0.0,-3.34,17.905,0,,17.905,,,17.905,0.32,0.32,0.32,56.065,0.32,0.32,0.32,56.541,
06/30/1999,697.393,-432.592,264.801,-244.956,19.845,-12.431,,-1.158,6.256,-2.252,4.004,0.0,0.564,4.569,0,,4.569,,,4.568,0.08,0.08,0.08,55.975,0.08,0.08,0.08,56.877,
09/30/1999,793.937,-484.677,309.26,-247.459,61.801,-11.943,,-40.469,9.389,-3.38,6.009,0.0,-2.743,3.266,0,,3.266,38.0,-13.7,27.566,0.49,0.06,0.06,56.109,0.49,0.06,0.06,56.154,
12/31/1999,622.758,-378.879,243.879,-231.323,12.556,-11.321,,-22.037,-20.802,7.489,-13.313,0.0,-1.381,-14.694,0,,-14.694,15.12,,0.426,0.01,-0.26,-0.26,56.11,0.01,-0.26,-0.26,56.11,
03/31/2000,769.829,-478.704,291.125,-230.794,60.331,-10.081,,4.306,54.556,-20.567,33.989,0.0,-2.277,31.712,0,0.0,31.712,,,31.712,0.56,0.56,0.56,56.27,0.56,0.56,0.56,56.298,
06/30/2000,685.076,-423.614,261.462,-236.774,24.688,-10.94,,3.774,17.522,-6.606,10.916,0.0,-0.246,10.67,0,0.0,10.67,,,10.67,0.19,0.19,0.19,56.688,0.19,0.19,0.19,57.45,
09/30/2000,787.821,-488.984,298.837,-239.351,59.486,-9.656,,3.788,53.618,-18.203,35.415,0.0,-3.091,32.324,0,0.0,32.324,3.521,-1.42,34.425,0.61,0.57,0.57,56.968,0.6,0.56,0.56,58.182,
12/31/2000,622.514,-388.384,234.13,-211.16,22.97,-7.594,,-5.267,10.109,-3.624,6.485,0.0,-0.313,6.172,0,0.0,6.172,,,6.172,0.11,0.11,0.11,57.207,0.11,0.11,0.11,58.691,
03/31/2001,769.928,-482.474,287.454,-223.46,63.994,,,-2.633,61.361,-19.022,42.339,0.0,-1.135,41.204,0,0.0,41.204,-6.274,1.901,36.831,0.64,0.71,0.71,57.836,0.61,0.68,0.68,61.84,
06/30/2001,711.048,-449.899,261.149,-227.554,33.595,,,-11.213,22.382,-6.938,15.444,0.0,-1.306,14.138,0,0.0,14.138,6.104,-1.514,18.728,0.31,0.24,0.24,58.512,0.31,0.24,0.24,60.173,
09/30/2001,847.264,-536.581,310.683,-241.169,69.514,,,-5.22,64.294,-19.931,44.363,0.0,-2.145,42.218,0,0.0,42.218,,,42.218,0.72,0.72,0.72,58.871,0.66,0.66,0.66,67.016,
12/31/2001,664.638,-425.543,239.095,-221.758,17.337,,,-9.568,7.769,-2.409,5.36,0.0,-0.194,5.166,0,0.0,5.166,,,5.166,0.09,0.09,0.09,58.821,0.09,0.09,0.09,59.871,
03/31/2002,735.986,-461.849,274.137,-214.881,59.256,,,-3.365,55.891,-17.326,38.565,-5.07,-1.493,32.002,0,0.0,32.002,,,37.072,0.63,0.63,0.54,58.979,0.58,0.58,0.51,67.506,
06/30/2002,717.429,-435.641,281.788,-241.058,40.73,-4.55,,-0.565,35.615,-11.041,24.574,0.0,-0.009,24.565,0,0.0,24.565,-6.682,2.072,19.955,0.342,0.41,0.41,59.344,0.322,0.39,0.39,67.83,
09/30/2002,911.615,-559.104,352.511,-269.245,83.266,-2.278,,-0.901,80.087,-24.826,55.261,0.0,-1.859,53.402,0,0.0,53.402,,,53.402,0.9,0.9,0.9,59.615,0.81,0.81,0.81,68.083,
12/31/2002,762.842,-490.72,272.122,-241.168,30.954,-13.655,,6.495,23.794,-7.377,16.417,0.0,0.072,16.489,0,0.0,16.489,-0.407,0.126,16.208,0.28,0.28,0.28,59.886,0.27,0.27,0.27,68.448,
03/31/2003,798.28,-494.398,303.882,-236.259,67.623,-4.584,,-1.678,61.361,-18.654,42.707,0.0,-1.872,40.835,0,0.0,40.835,,,40.835,0.68,0.68,0.68,59.88,0.63,0.63,0.63,68.068,
06/30/2003,802.576,-501.963,300.613,-260.419,40.194,-3.973,,1.15,37.371,-11.36,26.011,0.0,-0.406,25.605,0,0.0,25.605,,,25.605,0.43,0.43,0.43,59.097,0.41,0.41,0.41,67.442,
09/30/2003,1040.845,-629.11,411.735,-312.183,99.552,-4.581,,-0.007,94.964,-29.838,65.126,0.0,-2.434,62.692,0,0.0,62.692,,,62.692,1.06,1.06,1.06,59.008,0.96,0.96,0.96,67.505,
12/31/2003,843.615,-516.249,327.366,-282.371,44.995,-12.452,0.0,7.913,40.456,-12.267,28.189,0.0,-0.067,28.122,0,0.0,28.122,,,28.122,0.47,0.47,0.47,59.287,0.44,0.44,0.44,68.018,
03/31/2004,831.861,-497.742,334.119,-266.129,67.99,-3.544,,-1.836,62.61,-19.096,43.514,0.0,-2.41,41.104,0,0.0,41.104,,,41.104,0.69,0.69,0.69,59.681,0.63,0.63,0.63,68.418,
06/30/2004,813.565,-495.788,317.777,-271.113,46.664,-1.643,,-13.119,31.902,-9.73,22.172,0.0,-0.42,21.752,0,0.0,21.752,10.228,-3.12,28.86,0.48,0.36,0.36,59.652,0.46,0.35,0.35,64.96,
09/30/2004,1164.73,-694.11,470.62,-346.109,124.511,-4.266,,0.489,120.734,-36.824,83.91,0.0,-2.087,81.823,0,0.0,81.823,,,81.823,1.4,1.4,1.4,58.472,1.34,1.34,1.34,60.113,
12/31/2004,975.128,-599.643,375.485,-320.303,55.182,-16.62,,11.988,50.55,-2.841,47.709,0.0,0.037,47.746,0,0.0,47.746,-15.128,3.12,35.738,0.61,0.82,0.82,58.227,0.58,0.78,0.78,61.213,
03/31/2005,925.034973,-552.075012,372.959961,-303.875,69.084999,-2.676,,-1.187,65.221999,-19.618999,45.603001,0.0,-2.374,43.229,0,0.0,43.229,,,43.228999,0.73,0.73,0.73,59.331001,0.7,0.7,0.7,62.337002,
06/30/2005,876.234985,-520.656982,355.578003,-299.105011,56.473,-2.634,,-1.495,52.344,-14.971,37.373001,0.0,-0.285,37.088001,0,0.0,37.088001,,,37.088,0.62,0.62,0.62,59.775002,0.6,0.6,0.6,62.632,
09/30/2005,1041.208984,-590.280029,450.928955,-347.084991,103.844002,-1.353,,76.446999,178.938,-58.646,120.292,0.0,-2.636,117.655998,0,0.0,117.655998,-46.299999,,71.356001,1.19,1.97,1.97,59.674999,1.14,1.87,1.87,63.066002,
