Date,Revenue,Rental Income,Base Rent,Recoveries from Tenants,Percentage Rent,Other Rental Income,Real Estate Sales,Com & Fee Earn/Inc from REO,Mortgage Income,Other Operating Income,Operating Expenses,Property Operating Expenses,Real Estate Tax,Other Property Expense,General & Administrative,Depreciation & Amortization,Provision for Loan Losses,Cost of Real Estate Sold,Other Operating Expenses,Operating Income (Loss),Non-Operating (Income) Loss,Interest Expense,(Income) Loss from Affiliates,Other Non-Op (Income) Loss,Pretax Income,Income Tax Expense (Benefit),Current Income Tax,Deferred Income Tax,Income (Loss) from Cont Ops,Net Extraordinary Losses (Gains),Discontinued Operations,XO & Accounting Changes,Income (Loss) Incl. MI,Minority Interest,"Net Income, GAAP",Preferred Dividends,Other Adjustments,"Net Income Avail to Common, GAAP","Net Income Avail to Common, Adj",Net Abnormal Losses (Gains),Basic Weighted Avg Shares,"Basic EPS, GAAP",Basic EPS from Cont Ops,"Basic EPS from Cont Ops, Adjusted",Diluted Weighted Avg Shares,"Diluted EPS, GAAP",Diluted EPS from Cont Ops,"Diluted EPS from Cont Ops, Adjusted",FFO Reconciliation,D&A of Con Real Estate,D&A of Uncon Real Estate,D&A of Non-Real Estate Assets,Impairment of Assets,Disposal of Con Assets,Disposal of Uncon Assets,Abnormal Losses/(Gains),Other FFO Adjustments,Funds from Operations,Other Abnormal Gains/(Losses),Adjusted Funds from Operations,Straight-Line Rent,Stock-Based Compensation,Amortization of Financing Costs,Recurring Capital Expenditure,Accounting Adjustments,Tenant Improv & Leasing Com,Funds Available For Distribution,AFFO Per Diluted Share,FAD Per Diluted Share,Dividend Per Share,AFFO Payout Ratio,FAD Payout Ratio,FFO Payout Ratio,Source: Bloomberg
03/31/1994,6.046,5.267,,,,,,0.0,0.0,0.779,-3.679,1.328,,,1.233,1.118,0.0,,0.0,2.367,-0.96,0.969,,-0.009,1.407,0.0,,,,0.0,,,1.407,,1.407,0.0,,1.407,1.407,,6.334,0.22,0.22,0.22,6.334,0.22,0.22,0.22,,,,,,,,,,2.708,,2.708,,,,,,,2.708,0.427534,0.427534,0.23,53.796901,53.796901,53.803547,
06/30/1994,7.096,6.284,,,,,,0.0,0.0,0.812,-4.192,1.59,,,1.344,1.258,0.0,,0.0,2.904,-1.486,1.494,,-0.008,1.418,0.0,,,,0.0,,,1.418,,1.418,0.0,,1.418,1.418,,6.335,0.22,0.22,0.22,6.335,0.22,0.22,0.22,,,,,,,,,,2.841,,2.841,,,,,,,2.841,0.448461,0.448461,0.375,83.619322,83.619322,83.632519,
09/30/1994,7.572,6.963,,,,,,0.0,0.0,0.609,-4.402,1.657,,,1.329,1.416,0.0,,0.0,3.17,-1.766,1.768,,-0.002,1.404,0.0,,,,0.0,,,1.404,,1.404,-0.155,,1.249,1.249,,6.245,0.2,0.2,0.2,6.245,0.2,0.2,0.2,,,,,,,,,,2.954,,2.954,,,,,,,2.954,0.473018,0.473018,0.375,79.278096,79.278096,80.501016,
12/31/1994,7.858,7.159,,,,,,0.0,0.0,0.699,-4.867,2.564,,,0.829,1.474,0.0,,0.0,2.991,-1.836,1.834,,0.002,1.155,0.0,,,,0.0,,,1.155,,1.155,-0.128,,1.027,1.027,,6.419,0.16,0.16,0.16,6.419,0.16,0.16,0.16,,,,,,,,,,3.136,,3.136,,,,,,,3.136,0.48855,0.48855,0.395,80.851569,80.851569,79.910718,
03/31/1995,7.959,7.354,,,,,,0.507,0.0,0.098,-4.519,1.983,,,1.036,1.5,0.0,,0.0,3.44,-1.984,1.985,,-0.001,1.456,0.0,,,,0.0,,,1.456,,1.456,-0.115,,1.341,1.341,,6.385,0.21,0.21,0.21,6.385,0.21,0.21,0.21,,,,,,,,,,2.903,,2.903,,,,,,,2.903,0.454659,0.454659,0.4002,88.021945,88.021945,88.046844,
06/30/1995,8.201,7.597,,,,,,0.496,0.0,0.108,-4.597,2.02,,,1.023,1.554,0.0,,0.0,3.604,-2.198,2.207,,-0.009,1.406,0.0,,,,0.0,,,1.406,,1.406,-0.093,,1.313,1.313,,6.496,0.2,0.2,0.2,6.496,0.2,0.2,0.2,,,,,,,,,,3.004,,3.004,,,,,,,3.004,0.462438,0.462438,0.395,85.416779,85.416779,93.575238,
09/30/1995,8.687,7.79,,,,,,0.777,0.0,0.12,-5.082,2.144,,,1.326,1.612,0.0,,0.0,3.605,-2.315,2.315,,0.0,1.29,0.0,,,,0.0,,,1.29,,1.29,-0.077,,1.213,1.213,,6.611,0.18,0.18,0.18,6.611,0.18,0.18,0.18,,,,,,,,,,3.245,,3.245,,,,,,,3.245,0.490849,0.490849,0.395,80.472887,80.472887,80.462254,
12/31/1995,9.588,8.814,,,,,,0.646,0.0,0.128,-5.815,2.536,,,1.509,1.77,0.0,,0.0,3.773,-2.34,2.334,,0.006,1.433,0.0,,,,0.0,,,1.433,,1.433,-0.306,,1.127,1.127,,6.63,0.16,0.16,0.16,6.63,0.16,0.16,0.16,,,,,,,,,,3.463,,3.463,,,,,,,3.463,0.522323,0.522323,0.395,75.623739,75.623739,68.408892,
03/31/1996,10.611,9.783,,,,,,0.711,0.0,0.117,-5.772,2.623,,,1.265,1.884,0.0,,0.0,4.839,-2.238,2.245,,-0.007,2.601,0.0,,,,0.0,,,2.601,,2.601,-0.026,,2.575,2.575,,9.766,0.26,0.26,0.26,9.766,0.26,0.26,0.26,,,,,,,,,,4.706,,4.706,,,,,,,4.706,0.481876,0.481876,0.405,84.046537,84.046537,68.317042,
06/30/1996,11.109,10.129,,,,,,0.81,0.0,0.17,-6.108,2.749,,,1.338,2.021,0.0,,0.0,5.001,-2.372,2.386,,-0.014,2.629,0.0,,,,0.0,,,2.629,,2.629,-0.032,,2.597,2.597,,9.85,0.26,0.26,0.26,9.85,0.26,0.26,0.26,,,,,,,,,,4.912,,4.912,,,,,,,4.912,0.49868,0.49868,0.405,81.214373,81.214373,81.209282,
09/30/1996,12.202,11.02,,,,,,0.991,0.0,0.191,-6.452,2.955,,,1.294,2.203,0.0,,0.0,5.75,-2.725,2.742,,-0.017,3.025,0.0,,,,0.0,,,3.025,,3.025,0.0,,3.025,3.025,,10.803,0.28,0.28,0.28,10.803,0.28,0.28,0.28,,,,,,,,,,5.475,,5.475,,,,,,,5.475,0.506804,0.506804,0.405,79.912608,79.912608,78.301375,
12/31/1996,13.621,12.501,,,,,,0.932,0.0,0.188,-8.539,3.738,,,2.151,2.65,0.0,,0.0,5.082,-3.372,3.404,,-0.032,1.71,0.0,,,,0.0,,,1.71,,1.71,0.0,,1.71,1.71,,10.945,0.16,0.16,0.16,10.945,0.16,0.16,0.16,,,,,,,,,,5.677,,5.677,,,,,,,5.677,0.518684,0.518684,0.405,78.082171,78.082171,76.184601,
03/31/1997,17.906,16.066,,,,,0.0,1.641,0.0,0.199,-9.368,4.303,,,2.221,2.844,0.0,,0.0,8.538,-3.737,3.737,0.0,0.0,4.801,0.0,,,,0.0,,,4.801,,4.037,0.0,,4.037,4.037,,15.217,0.31,0.31,0.31,16.237,0.3,0.3,0.3,,,,,,,,,,6.793,,6.793,,,,,,,6.793,0.418365,0.418365,0.42,100.390687,100.390687,85.013984,
06/30/1997,24.905001,22.589001,,,,,0.0,2.046,0.0,0.27,-12.51,5.284,,,2.995,4.231,0.0,,0.0,12.395,-6.484,6.484,0.0,0.0,5.911,0.0,,,,0.0,,,5.911,,4.727,0.0,,4.727,4.727,,15.551,0.3,0.3,0.3,19.658001,0.3,0.3,0.3,,,,,,,,,,8.744,,8.744,,,,,,,8.744,0.444806,0.444806,0.42,94.423144,94.423144,74.085085,
09/30/1997,27.066,24.186001,,,,,0.0,2.601,0.0,0.279,-13.401,6.429,,,2.545,4.427,0.0,,0.0,13.665,-4.528,4.528,0.0,0.0,9.137,0.0,,,,0.0,,,9.137,,8.743,0.0,,8.743,8.743,,25.424,0.35,0.35,0.35,26.549999,0.33,0.33,0.33,,,,,,,,,,13.06,,13.06,,,,,,,13.06,0.491902,0.491902,0.42,85.382841,85.382841,81.232771,
12/31/1997,28.91,26.465,,,,,0.0,2.16,0.0,0.285,-13.892,6.888,,,2.203,4.801,0.0,,0.0,15.018,-4.918,4.918,0.0,0.0,10.1,0.0,,,,0.0,,,10.1,,9.895,0.0,,9.895,9.895,,26.121,0.38,0.38,0.38,28.399,0.32,0.32,0.32,,,,,,,,,,14.024,,14.024,,,,,,,14.024,0.49382,0.49382,0.42,85.051198,85.051198,78.814889,
03/31/1998,31.018999,28.179001,,,,,,2.504,0.0,0.336,-15.794,6.905,,,3.433,5.456,0.0,,0.0,15.225,5.022,5.215,0.0,-10.237,20.247001,,,,,0.0,,,,,19.555,0.0,,19.555,19.555,,27.226999,0.72,0.72,0.72,29.063,0.693,0.693,0.693,,,,,,,,,,15.43,,15.43,,,,,,,15.43,0.530916,0.530916,0.44,82.875694,82.875694,77.906673,
06/30/1998,35.460999,31.783001,,,,,,2.902,0.0,0.776,-17.112,7.355,,,3.829,5.928,0.0,,0.0,18.349,-7.15,7.659,0.0,-0.509,11.199,,,,,0.0,,,,,10.798,0.0,,10.798,10.798,,27.445,0.39,0.39,0.39,29.257999,0.38,0.38,0.38,,,,,,,,,,16.077,,16.077,,,,,,,16.077,0.549491,0.549491,0.44,80.074143,80.074143,76.531692,
09/30/1998,37.155998,33.756001,,,,,,2.617,0.0,0.783,-17.846,7.87,,,3.376,6.6,0.0,,0.0,19.31,-6.84,6.831,0.0,0.009,12.47,,,,,0.0,,,,,10.061,0.0,,10.061,10.061,,27.957001,0.36,0.36,0.36,29.757,0.35,0.35,0.35,,,,,,,,,,16.653999,,16.653999,,,,,,,16.653999,0.559667,0.559667,0.44,78.618233,78.618233,73.976223,
12/31/1998,41.618,36.769001,,,,,,3.84,0.0,1.009,-20.202,8.714,,,4.426,7.062,0.0,,0.0,21.415999,-9.093,9.082,0.0,0.011,12.323,,,,,0.0,,,,,10.176,0.0,,10.176,10.176,,28.271999,0.36,0.36,0.36,30.072001,0.407,0.407,0.407,,,,,,,,,,17.134001,,17.134001,,,,,,,17.134001,0.569766,0.569766,0.44,77.224697,77.224697,74.973731,
03/31/1999,51.875999,48.879002,,,,,,0.0,0.0,2.997,-24.952,11.754,,,3.787,9.411,0.0,,0.0,26.924001,-10.8,10.8,0.0,0.0,16.124001,,,,,0.0,,,,,13.66,-0.204,,13.456,13.456,,36.41,0.34,0.34,0.34,38.200001,0.34,0.34,0.34,,,,,,,,,,23.391001,,23.391001,,,,,,,23.391001,0.61233,0.61233,0.46,75.122909,75.122909,117.083484,
06/30/1999,80.205002,74.037003,,,,,0.0,0.0,0.0,6.168,-35.137001,17.249001,,,5.144,12.37,0.0,,0.374,45.067999,-17.171,17.171,0.0,0.0,27.896999,0.0,,,,0.0,,,27.896999,,25.025999,-0.696,,24.329999,24.329999,,58.987,0.41,0.41,0.41,61.134998,0.41,0.41,0.41,,,,,,,,,,37.950001,,37.950001,,,,,,,37.950001,0.620757,0.620757,0.46,74.103026,74.103026,72.192354,
09/30/1999,78.871002,74.364998,,,,,0.0,0.0,0.0,4.506,-36.521,18.239,,,4.795,13.112,0.0,,0.375,42.02,-14.357,15.575,-1.218,0.0,27.663,0.0,,,,0.0,,,27.663,,24.642,-0.677,,23.965,23.965,,59.571999,0.4,0.4,0.4,61.661999,0.4,0.4,0.4,,,,,,,,,,38.355,,38.355,,,,,,,38.355,0.62202,0.62202,0.46,73.9526,73.9526,71.445705,
12/31/1999,88.773003,82.533997,,,,,0.0,2.197,0.0,4.042,-39.483,20.216,,,5.548,13.719,0.0,,0.0,49.568001,-13.284,16.521,-3.47,0.233,36.284001,0.0,,,,0.0,,,36.284001,,26.518,-0.668,,25.85,25.85,,56.533001,0.44,0.44,0.44,58.582001,0.44,0.44,0.44,,,,,,,,,,41.299999,,41.299999,,,,,,,41.299999,0.704995,0.704995,0.46,65.248719,65.248719,39.32688,
03/31/2000,81.681488,78.584,,,,,0.0,0.0,0.0,3.097486,-36.79,18.532,,,4.496,13.762,0.0,,0.0,44.891485,-15.327486,15.691,-0.363514,0.0,29.563999,0.0,,,,0.0,,,29.563999,,22.32,-0.699,,21.621,21.621,,56.509998,0.38,0.38,0.38,58.585999,0.38,0.38,0.38,,,,,,,,,,36.700001,,36.700001,,,,,,,36.700001,0.62643,0.62643,0.48,76.624738,76.624738,73.91008,
06/30/2000,87.386002,86.566002,,,,,0.0,0.0,0.0,0.82,-38.199,18.893,,,3.761,14.625,0.0,,0.92,42.276998,-18.483999,18.198999,0.303,-0.018,23.792999,0.0,,,,0.0,,,23.792999,,16.117001,-0.699,,15.418001,15.418001,,56.678001,0.27,0.27,0.27,58.627998,0.27,0.27,0.27,,,,,,,,,,38.200001,,38.200001,,,,,,,38.200001,0.651566,0.651566,0.48,73.668687,73.668687,71.217276,
09/30/2000,90.995003,83.813004,,,,,0.0,0.0,0.0,7.182,-41.601,20.997,,,4.997,14.777,0.0,,0.83,49.395001,-15.987,18.792,-2.805,0.0,33.408001,0.0,,,,0.0,,,33.408001,,24.580999,-0.699,,23.881999,23.881999,,56.895,0.42,0.42,0.42,58.682999,0.42,0.42,0.42,,,,,,,,,,39.700001,,39.700001,,,,,,,39.700001,0.676516,0.676516,0.48,70.951735,70.951735,68.790928,
12/31/2000,102.827003,82.254997,,,,,0.0,4.808,0.0,15.763,-47.006002,23.874001,,,6.679,16.266001,0.0,,0.187,62.730002,-27.063,19.289,-0.637,8.411,35.667002,0.0,,,,0.0,,,35.667002,,24.593,-0.72,,23.873,23.873,,56.799999,0.42,0.42,0.42,56.799999,0.42,0.42,0.42,,,,,,,,,,44.200001,,44.200001,,,,,,,44.200001,0.778169,0.778169,0.48,61.683255,61.683255,61.828051,
03/31/2001,92.036797,84.541794,,,,,0.0,0.0,0.0,7.495,-43.536,21.945,,,5.695,15.896,0.0,,0.0,50.268,-17.172,19.337,-1.165,-1.0,33.096,0.0,,,,0.0,,,33.096,,23.146,-0.734,,22.412,22.412,,57.205002,0.39,0.37,0.37,59.012001,0.39,0.37,0.37,,,,,,,,,,39.299999,,39.299999,,,,,,,39.299999,0.665966,0.665966,0.5,75.078884,75.078884,72.781175,
06/30/2001,95.832001,81.884506,,,,,0.0,0.0,0.0,8.721592,-45.091998,21.643999,,,4.603,16.872999,0.0,,1.972,50.74,-17.361,19.118,-0.727,-1.03,33.379,0.0,,,,-1.839065,,,35.218065,,24.149,-0.744,,23.405,23.405,,57.504002,0.41,0.38,0.38,59.272999,0.41,0.38,0.38,,,,,,,,,,39.5,,39.5,,,,,,,39.5,0.666408,0.666408,0.5,75.029113,75.029113,72.789876,
09/30/2001,92.29216,83.217163,,,,,0.0,0.0,0.0,9.075,-44.907,22.149,,,4.47,16.973,0.0,,1.315,54.314998,-18.293999,18.389999,-0.233,0.137,36.020999,0.0,,,,-2.414,,,38.434999,,26.85,-0.744,,26.106,26.106,,57.556,0.45,0.41,0.41,59.383999,0.45,0.41,0.41,,,,,,,,,,43.900002,,43.900002,,,,,,,43.900002,0.739256,0.739256,0.5,67.635531,67.635531,65.553528,
12/31/2001,101.830002,84.287003,,,,,0.0,5.577,0.0,11.966,-47.863,23.237,,,5.793,17.764,0.0,,1.069,53.966999,-18.114999,17.570999,-1.314,1.858,35.852,0.0,,,,0.0,,,35.852,,26.518999,-0.743,,25.775999,25.775999,,58.889,0.45,0.45,0.45,59.200001,0.45,0.45,0.45,,,,,,,,,,46.299999,,46.299999,,,,,,,46.299999,0.782095,0.782095,0.5,63.930888,63.930888,62.196548,
03/31/2002,86.513,84.489998,,,,,0.0,0.0,0.0,2.023,-41.341999,21.285999,,,3.99,16.066,0.0,,0.0,45.171,-17.062,19.622,-1.066,-1.494,28.109,0.0,,,,-6.139,,,34.248,,25.277,-0.759,,24.518,24.518,,57.855999,0.42,0.31,0.31,59.790001,0.42,0.31,0.31,,,,,,,,,,39.966999,,39.966999,,,,,,,39.966999,0.668456,0.668456,0.51,76.295197,76.295197,74.436412,
06/30/2002,87.332001,84.912003,,,,,0.0,0.0,0.0,2.42,-46.235,21.681,,,5.222,16.618,2.364,,0.35,41.097,-16.962,21.166,-1.82,-2.384,24.135,0.0,,,,-7.737,,,31.872,,22.990999,-0.759,,22.231999,22.231999,,58.119999,0.38,0.25,0.21,60.098999,0.38,0.25,0.21,,,,,,,,,,42.252998,,42.252998,,,,,,,42.252998,0.703057,0.703057,0.51,72.54039,72.54039,70.151238,
09/30/2002,97.765999,89.463997,,,,,0.0,0.0,0.0,8.302,-46.756,22.532,,,6.075,17.722,0.16,,0.267,51.010001,-19.560001,21.381001,-1.302,-0.519,31.45,0.0,,,,-5.057,,,36.507,,27.451,-0.759,,26.692,26.692,,58.344002,0.46,0.36,0.36,60.169998,0.46,0.36,0.36,,,,,,,,,,44.879002,,44.879002,,,,,,,44.879002,0.74587,0.74587,0.51,68.376518,68.376518,66.300492,
12/31/2002,91.208,89.764,,,,,0.0,0.0,0.0,1.444,-49.711999,23.372999,,,7.172,18.469,0.0,,0.698,41.495998,-11.740999,22.452999,-1.578,-9.134,29.754999,0.0,,,,-14.075,,,43.829999,,34.807999,-0.582,,34.225999,34.225999,,58.514,0.58,0.34,0.34,61.743999,0.58,0.34,0.34,,,,,,,,,,51.695,,51.695,,,,,,,51.695,0.837247,0.837247,0.51,60.913898,60.913898,63.220812,
03/31/2003,89.121002,87.559998,,,,,0.0,1.561,0.0,0.0,-45.198,23.065001,,,4.135,17.997999,0.0,,0.0,43.923001,-15.870001,20.582001,-2.336,-2.376,28.053,0.0,,,,-1.126,,,29.179,,17.924,0.0,,17.924,17.924,,60.164001,0.3,0.28,0.28,62.098,0.3,0.28,0.28,,,,,,,,,,38.405998,,38.405998,,,,,,,38.405998,0.618474,0.618474,0.52,84.077909,84.077909,81.461232,
06/30/2003,89.213997,87.330002,,,,,0.0,1.884,0.0,0.0,-47.437,23.219,,,6.166,18.052,0.0,,0.0,41.776998,-11.405999,20.816999,-1.984,-7.427,30.370999,0.0,,,,-4.025,,,34.395999,,26.992,-1.36,,25.632,25.632,,60.161999,0.43,0.36,0.36,62.011002,0.42,0.36,0.36,,,,,,,,,,41.308998,,41.308998,,,,,,,41.308998,0.666156,0.666156,0.52,78.0598,78.0598,75.731684,
09/30/2003,88.730003,87.168999,,,,,0.0,1.561,0.0,0.0,-46.787001,22.544001,,,6.138,18.105,0.0,,0.0,41.942999,-7.809,21.195,-1.59,-11.796,34.133999,0.0,,,,-5.031,,,39.164999,,31.166,-1.397,,29.769,29.769,,57.646999,0.52,0.43,0.43,59.442001,0.51,0.43,0.43,,,,,,,,,,46.220001,,46.220001,,,,,,,46.220001,0.777565,0.777565,0.52,66.875465,66.875465,65.670706,
12/31/2003,90.258003,88.845001,,,,,0.0,1.413,0.0,0.0,-52.667999,22.719,,,7.791,18.737,0.0,,3.421,37.589998,11.523002,20.959999,-5.366,-27.117001,49.113,0.0,,,,-11.813,,,60.926,,54.707001,-1.418,,53.289001,53.289001,,59.733002,0.89,0.69,0.69,61.480999,0.89,0.69,0.69,,,,,,,,,,55.890999,,55.890999,,,,,,,55.890999,0.909078,0.909078,0.52,57.200835,57.200835,55.706645,
03/31/2004,90.544998,88.098,,,,,0.0,1.61,0.0,0.837,-48.810001,22.878,,,5.883,19.561001,0.0,,0.488,41.735,-15.16,21.888,-2.745,-3.983,26.575,0.0,,,,-1.757,,,28.332,,22.816999,-1.397,,21.419999,21.419999,,60.141998,0.36,0.33,0.33,61.640999,0.35,0.32,0.32,,,,,,,,,,41.874001,,41.874001,,,,,,,41.874001,0.679321,0.679321,0.53,78.019126,78.019126,78.019767,
06/30/2004,93.990997,92.224998,,,,,0.0,1.766,0.0,0.0,-51.401,23.85,,,7.221,20.33,0.0,,0.0,42.59,-13.054001,18.665001,-1.944,-3.667,29.535999,0.0,,,,-2.492,,,32.027999,,26.456,-1.397,,25.059,25.059,,60.783001,0.41,0.37,0.37,61.891998,0.41,0.37,0.37,,,,,,,,,,46.652,,46.652,,,,,,,46.652,0.753765,0.753765,0.53,70.313725,70.313725,70.314244,
09/30/2004,92.498,90.581,,,,,,1.917,,,-51.309,23.381,,,7.232,19.218,,,1.478,41.189,-8.705,19.833,-2.199,-8.929,32.484,,,,,-13.186,,,,,37.746,-2.177,,35.569,35.569,,60.812,0.58,0.36,0.36,61.117,0.58,0.36,0.36,,,,,,,,,,51.261508,,51.261508,,,,,,,51.261508,0.838744,0.838744,0.53,63.189733,63.189733,62.874389,
12/31/2004,103.719,98.349,,,,,0.0,5.37,0.0,0.0,-61.151,29.923,,,9.945,21.283,0.0,,0.0,42.568,4.027,21.277,-3.306,-21.998,46.595,0.0,,,,-5.996,,,52.591,,49.308,-3.633,,45.675,45.675,,62.719,0.73,0.63,0.63,64.341,0.73,0.63,0.63,,,,,,,,,,61.085,,61.085,,,,,,,61.085,0.949395,0.949395,0.53,55.825047,55.825047,54.417615,
03/31/2005,95.94,90.231,,,,,,3.318,0.0,2.391,-31.232,22.58,,,8.652,19.619,,,1.428,41.27,-11.455,20.388,-2.391,-6.542,29.815,,,,,-11.328,,,,,38.348,-3.662,,34.686,34.686,,62.328,0.55,0.37,0.37,62.562,0.55,0.37,0.37,,,,,,,,,,57.276828,,57.276828,,,,,,,57.276828,0.915521,0.915521,0.55,60.07508,60.07508,60.502652,
06/30/2005,106.888,90.04,,,,,,16.848,,,-31.74,22.338,,,9.402,20.163,,,0.534,54.451,-17.405,21.949,-0.946,-3.598,37.046,,,,,-9.756,,,,,43.88,-3.663,,40.217,40.217,,62.557,0.64,0.48,0.48,63.528,0.63,0.47,0.47,,,,,,,,,,66.05,,66.05,,,,,,,66.05,1.039699,1.039699,0.55,52.899924,52.899924,52.590462,
09/30/2005,90.31,90.937,,,,,,3.326,,-3.953,-51.585,22.523,,,9.148,19.71,,,0.204,38.725,-18.976,22.727,,-3.751,19.749,,,,,-15.598,,,,,32.063,-4.5,,27.563,27.563,,65.476,0.42,0.18,0.18,65.977,0.41,0.18,0.18,,,,,,,,,,54.173825,,54.173825,,,,,,,54.173825,0.821102,0.821102,0.55,66.983179,66.983179,66.474538,
12/31/2005,88.844,84.317,,,,,0.0,4.527,0.0,0.0,-49.259,20.621,,,10.613,17.433,0.0,,0.592,39.585,-18.678,21.466,2.292,-5.08,20.907,0.0,,,,-28.778,,,49.685,,48.356,-4.919,,43.437,43.437,,67.475,0.64,0.2,0.2,67.661,0.64,0.2,0.2,,,,,,,,,,64.909347,,64.909347,,,,,,,64.909347,0.959332,0.959332,0.55,57.331574,57.331574,57.173969,
03/31/2006,99.81,92.55,,,,,0.0,7.26,0.0,0.0,-56.485,21.801,,,10.803,20.223,0.0,,3.658,43.325,-2.783,19.218,-0.755,-15.68,40.542,0.0,,,65.855646,-32.316,,,72.858,1.180054,70.775,-4.919,2.275779,65.856,65.856,,67.408,0.97,0.49,0.49,67.849,0.97,0.49,0.49,,17.895557,11.306203,2.673529,,-40.11373,,,-0.342245,58.455014,,58.455014,-1.538825,,,-1.730535,-0.920244,-3.200742,53.340447,0.846687,0.772606,0.595,70.273875,77.01211,69.391823,
06/30/2006,105.4,93.259,,,,,0.0,12.141,0.0,0.0,-56.328,22.953,,,10.83,20.812,0.0,,1.733,49.072,-10.624,19.879,0.338,-9.593,38.448,0.0,,,32.127869,-4.257,,,42.705,0.491753,37.047,-4.919,2.255791,32.128,32.128,,67.972,0.47,0.4,0.4,68.353,0.47,0.4,0.4,,18.24,10.782008,2.850257,,0.144217,,,-0.256282,64.379822,,64.379822,-1.332457,,,-1.914829,-1.037408,-3.456089,58.89483,0.930676,0.851385,0.595,63.931991,69.886103,62.8199,
09/30/2006,103.195,97.29,,,,,0.0,5.327,0.0,0.578,-54.13,22.806,,,10.765,21.384,0.0,,-0.825,49.065,-4.174,20.166,-0.578,-15.414,44.891,0.0,,,39.391883,-1.464,,,46.355,0.492838,44.889,-4.919,2.112736,39.97,39.97,,68.2,0.57,0.55,0.55,68.618,0.57,0.55,0.55,,18.467416,10.539598,2.969672,,-2.367372,,,-0.12525,69.241492,,69.241492,-1.483854,,,-2.843925,-0.963695,-3.202269,62.860485,0.999599,0.90748,0.595,59.523848,65.566151,58.605034,
12/31/2006,109.141,102.064,,,,,0.0,7.077,0.0,0.0,-72.417,26.217,,,13.097,21.741,0.0,,11.362,36.724,5.991,20.507,-1.585,-24.913,42.715,0.0,,,61.460879,-25.089,,,67.804,0.711163,66.378,-4.918,2.412877,61.46,61.46,,68.037,0.9,0.53,0.53,68.432,0.88,0.53,0.53,,18.607972,10.787702,2.857526,,-17.39285,,,-0.183186,76.849206,,76.849206,-1.864278,,,-5.444068,5.58301,-3.522736,74.014011,1.102206,1.061542,0.595,53.982662,56.050532,54.88788,
03/31/2007,106.413,100.032,,,,,0.0,6.381,0.0,0.0,-58.552,24.344,,,12.297,21.451,0.0,,0.46,47.861,10.044,19.389,-3.788,-25.645,57.905,0.0,,,52.0692,-0.831,,,58.736,0.546578,56.988,-4.919,2.51694,52.069,52.069,,68.618,0.75,0.74,0.74,69.015,0.75,0.74,0.74,,17.944307,10.669368,2.665132,,-4.760237,,,-0.289402,78.844946,,78.844946,-2.009636,,,-1.636889,-1.057154,-3.004614,73.653593,1.131282,1.056796,0.66,58.340882,62.452943,57.970742,
06/30/2007,107.839,100.343,,,,,0.0,7.496,0.0,0.0,-60.685,24.722,,,12.907,21.795,0.0,,1.261,47.154,-16.082,20.311,-0.78,-3.449,31.072,0.0,,,44.365297,-19.633,,,50.705,0.432535,49.284,-4.919,2.510542,44.365,44.365,,68.918,0.64,0.35,0.35,69.235,0.64,0.35,0.35,,18.385561,10.526207,2.617559,,-10.555722,,,-0.269063,65.502374,,65.502374,-2.050105,,,-2.611889,-0.56361,-3.557598,59.229714,0.937772,0.847969,0.66,70.379597,77.833074,138.883149,
09/30/2007,115.54,103.911,,,,,0.0,10.789,0.0,0.84,-62.376,24.805,,,12.159,23.787,,,1.625,53.164,-13.346,20.515,-1.677,-5.492,39.818,0.0,,,36.979815,-4.361,,,44.179,0.291109,42.739,-4.919,2.267687,37.82,37.82,,69.114,0.53,0.47,0.47,69.303,0.53,0.47,0.47,,19.638336,10.903364,3.616154,,-3.662998,,,-0.257699,67.508081,,67.508081,-2.127717,,,-3.381483,-1.182728,-4.977786,58.106054,0.966081,0.831533,0.66,68.31722,79.371496,203.602292,
12/31/2007,107.63,99.232,,,,,0.0,8.398,0.0,0.0,-66.222,23.764,,,13.217,22.506,0.0,,6.735,41.408,7.303,22.174,-11.848,-17.629,48.711,0.0,,,50.560865,-8.257,,,56.968,0.379845,55.48,-4.918,2.288783,50.562,50.562,,69.261458,0.73,0.68,0.68,69.926241,0.73,0.67,0.67,,20.858065,10.448747,3.207432,,-4.235866,,,-0.210064,81.009024,,81.009024,-1.981551,,,-6.187815,,-2.869978,72.258463,1.158398,1.033269,0.66,56.975222,63.874969,56.428975,
03/31/2008,115.505,107.058,,,,,0.0,8.447,0.0,0.0,-41.796,26.957,,,14.123,24.546,0.716,,0.796,48.367,0.0,22.538,-2.635,-2.934,31.398,0.0,,,26.7195,-1.641,,,33.039,0.212847,31.638,-4.919,2.78484,26.719,26.719,,69.317,0.38,0.36,0.36,69.41,0.38,0.36,0.36,,21.258221,10.855658,3.146853,,-1.006427,,,-0.422267,60.764385,,60.764385,-3.461143,,,-1.765837,-1.318612,-1.909481,55.094152,0.869524,0.788384,0.725,83.378953,91.960229,83.028899,
06/30/2008,120.92,108.954,,,,,0.0,11.966,0.0,0.0,-39.805,26.599,,,13.153,26.294,0.053,,0.669,54.152,0.0,23.453,-1.122,0.0,31.821,0.0,,,31.865866,-6.365,,,38.186,0.24615,36.785,-4.919,2.786145,31.866,31.866,0.0,69.397,0.45,0.36,0.36,69.552,0.45,0.36,0.36,,22.334388,10.373693,3.523185,,-0.04154,,,-0.360387,67.941355,,67.941355,-1.285806,,,-3.192069,-1.309671,-2.551814,62.38814,0.970314,0.891005,0.725,74.71811,81.368825,74.626124,
09/30/2008,121.291,113.545,,,,,0.0,7.746,0.0,0.0,-36.999,27.505,,,9.494,26.83,0.0,,5.611,51.851,-7.293,22.683,-1.817,-13.573,44.558,0.0,,,43.90175,-5.64,,,50.198,0.326748,48.819,-4.919,1.492475,43.9,43.9,0.0,69.522,0.63,0.55,0.55,69.612,0.63,0.55,0.55,,22.608475,10.35613,3.58681,,-7.93449,,10.716188,-0.298506,83.263105,-25.837219,57.425886,-1.912711,,,-4.302817,-1.363033,-3.851437,47.488363,0.819432,0.67763,0.725,88.475886,106.990552,60.926145,
12/31/2008,140.649979,112.77685,,,,,0.0,27.873129,0.0,0.0,-41.27988,27.432467,,,12.724904,27.430421,1.122509,,7.746948,64.19273,-51.308711,24.111069,0.28221,26.915432,12.884019,0.0,,,14.025817,-7.210717,,,20.094736,0.121086,18.944608,-4.918791,-2.285799,14.025817,14.025817,0.0,69.72,0.2,0.09775,0.09775,69.72,0.2,0.096576,0.09775,,22.792966,10.794386,3.760999,,-2.726623,,2.029,-0.183259,50.614372,12.770634,63.385006,-1.81855,,,-5.049939,-1.178172,-3.567897,49.484649,0.902973,0.704951,0.725,80.290302,102.844042,99.866892,
03/31/2009,119.714,111.957,86.19,25.067,0.7,0.0,0.0,7.757,0.0,0.0,-74.467,29.941,14.148,15.793,15.884,27.853,0.501,0.0,0.288,45.247,-24.616,26.518,-1.902,0.0,20.631,0.0,0.0,0.0,19.562977,-5.082,-5.082,0.0,25.713,0.163695,24.482,-4.919,,19.563,14.481,0.0,69.67,0.28,0.21,0.21,69.67,0.28,0.21,0.21,,23.214162,9.510545,3.6225,,-1.092994,,,-0.325002,54.655883,-1.820547,52.835336,-1.536945,1.531767,-0.031966,-1.176313,-1.030771,-3.653823,46.937285,0.753302,0.669211,0.725,96.2429,108.336602,92.822579,
06/30/2009,115.294,108.396,85.5,22.589,0.307,0.0,0.0,6.898,0.0,0.0,-73.974,29.401,14.005,15.396,9.292,29.621,4.731,0.0,0.929,41.32,-54.222,25.64,26.213,2.369,-12.902,0.0,0.0,0.0,-17.179989,-1.617,-1.617,0.0,-11.285,-0.092204,-12.261,-4.919,,-17.18,-18.797,0.0,77.109,-0.23,-0.25,-0.25,77.109,-0.23,-0.25,-0.25,,23.479024,9.208289,3.775632,,-0.000667,,,-0.139607,19.050478,28.818636,47.869114,0.488559,1.859723,-0.031966,-1.858686,-1.063055,-4.343895,42.919794,0.617697,0.553832,0.463,74.955836,83.59941,187.404573,
09/30/2009,132.321,116.715,87.776,28.704,0.235,0.0,0.0,15.606,0.0,0.0,-77.884,30.615,14.259,16.356,12.151,29.428,2.333,0.0,3.357,54.437,-127.863,27.92,2.084,97.859,-73.426,0.0,0.0,0.0,-84.092421,5.185,5.185,0.0,-78.611,-0.461566,-79.173,-4.919,,-84.092,-76.198,2.709,79.928,-1.05,-0.99,-0.953333,79.928,-1.05,-0.99,-0.956107,,24.640687,9.591931,3.956551,,0.000385,,,-0.16412,-46.528553,102.225273,55.69672,-1.699083,1.836395,-0.031966,-2.819417,-1.03442,-3.682039,48.26619,0.692782,0.600358,0.463,66.831987,77.120703,,
12/31/2009,121.342065,113.313671,85.708691,25.262892,2.342088,0.0,0.0,8.028394,0.0,0.0,-81.267178,29.766878,11.34492,18.421958,16.808386,29.765619,1.13182,0.0,3.794475,40.074887,-13.064169,29.160278,-0.02275,-16.073359,27.010718,0.0,0.0,0.0,25.330221,-4.43006,-4.43006,0.0,31.440778,0.173683,30.249013,-4.918791,,25.330222,20.975362,0.0752,81.71,0.31,0.255785,0.256705,81.71,0.31,0.255783,0.256703,,26.089673,9.424913,4.32386,,-20.52586,,13.135336,-0.122107,57.829719,-10.305012,47.524707,-1.957438,1.014362,-0.031965,-6.114908,-1.010311,-4.636511,34.787936,0.585793,0.428799,0.463,79.038143,107.97607,65.419184,
03/31/2010,124.078,117.147,86.204,30.583,0.36,0.0,0.0,6.931,0.0,0.0,-81.583,32.091,14.493,17.598,15.318,31.228,2.339,0.0,0.607,42.495,-31.959,29.129,3.892,-1.062,10.536,0.0,0.0,0.0,11.399425,-6.903,-6.903,0.0,17.439,0.093861,16.318,-4.919,,11.399,4.496,0.0,80.908,0.14,0.05,0.05,81.995,0.14,0.05,0.05,,26.249324,13.203559,3.885633,,-7.194648,,,0.778677,48.415831,3.381828,51.797659,-1.309151,1.761974,-0.031966,-1.333385,-1.017311,-5.394684,44.473136,0.625725,0.537243,0.4625,73.914298,86.087646,78.338013,
06/30/2010,121.251,111.733,85.845,25.624,0.264,0.0,0.0,9.518,0.0,0.0,-77.781,31.599,14.378,17.221,12.656,31.395,0.063,0.0,2.068,43.47,-29.658,30.635,-1.782,0.805,13.812,0.0,0.0,0.0,7.747716,0.108,0.108,0.0,13.704,0.026905,12.667,-4.919,,7.748,7.856,0.0,81.054,0.09,0.09,0.09,82.576,0.09,0.09,0.09,,26.676414,12.082785,3.624376,,-0.614498,,,-1.173458,48.37024,0.208052,48.578292,-1.894863,1.77008,0.013303,-2.75213,-0.886016,-4.144293,40.684373,0.584024,0.489121,0.463,79.277601,94.659697,78.428389,
09/30/2010,120.793,114.269,86.486,27.383,0.4,0.0,0.0,6.524,0.0,0.0,-81.505,30.935,13.788,17.147,17.761,30.181,0.248,0.0,2.38,39.288,-25.889,32.209,-2.102,-4.218,13.399,0.0,0.0,0.0,7.893189,-0.474,-0.474,0.0,13.873,0.034126,12.813,-4.919,,7.894,7.42,0.0,81.167,0.1,0.09,0.09,82.577,0.09,0.09,0.09,,25.599688,12.10993,3.710559,0.8,-0.476593,,,1.991541,51.66244,1.109306,52.613772,-2.724742,1.779186,0.013302,-4.824381,-0.819639,-4.684121,41.353377,0.632996,0.497522,0.4625,73.065198,92.960622,72.665945,
12/31/2010,117.584759,111.15921,86.313184,23.328758,1.517268,0.0,0.0,6.425549,0.0,0.0,-74.169057,29.396812,11.677858,17.718954,15.770232,29.287456,1.289536,0.0,-1.574979,43.415702,-76.14265,33.314433,12.875969,29.952248,-32.726948,0.0,0.0,0.0,-37.899593,-0.711611,-0.711611,0.0,-32.015337,-0.07,-32.980802,-4.918791,,-37.899593,-34.368428,4.242776,83.882191,-0.47,-0.460303,-0.409723,83.882191,-0.47,-0.478483,-0.427903,,25.659224,11.949301,3.890263,41.114593,-3.909053,,,1.232302,41.967037,5.527263,47.4943,-1.865346,2.156358,-0.012416,-7.00053,-0.741095,-6.383185,33.648086,0.566202,0.401135,0.463,81.772875,115.422477,92.54276,
03/31/2011,124.328,116.47,87.173,28.39,0.907,0.0,0.0,7.858,0.0,0.0,-84.472,33.341,14.357,18.984,16.953,34.499,,0.0,-0.321,39.856,-32.845,30.865,2.725,-0.745,7.011,0.0,0.0,0.0,2.185,-1.119,-1.119,0.0,8.13,0.013,7.104,-4.919,,2.185,1.066,0.0,83.099,0.02,0.01,0.01,84.794,0.02,0.01,0.01,,29.673,11.341,4.38,4.58,-0.019,,,0.323,52.476,-1.747,50.729,-1.857,2.758,,-2.997,-0.671,-4.304,43.658,0.594309,0.511469,0.4625,77.821512,90.425752,71.649897,
06/30/2011,124.643,112.45,87.0,25.299,0.151,0.0,0.0,12.193,0.0,0.0,-79.595,30.944,13.712,17.232,15.177,31.219,,0.0,2.255,45.048,-27.732,30.563,-2.688,-0.143,17.316,0.0,0.0,0.0,12.860956,-1.621,-1.621,0.0,18.937,0.037124,17.78,-4.919,,12.861,11.24,0.0,89.074,0.14,0.12,0.12,89.118,0.14,0.12,0.12,,26.807381,10.889151,3.956462,,-0.005812,,,0.31,54.855262,-4.598,50.256852,-1.034,2.767,,-6.005,-0.612,-5.206,40.166852,0.560601,0.44805,0.463,82.590008,103.336796,75.181962,
09/30/2011,123.02,116.08,87.974,27.676,0.43,0.0,0.0,6.94,0.0,0.0,-77.236,30.874,13.181,17.693,11.671,32.497,,0.0,2.194,45.784,-34.687,30.867,-4.825,8.645,11.097,0.0,0.0,0.0,8.51041,-3.444,-3.444,0.0,14.541,0.026912,13.429,-4.919,,8.51,5.066,0.0,89.506,0.09,0.05,0.05,89.517,0.09,0.05,0.05,,28.159266,10.79265,3.986744,6.699117,-2.211867,,,-0.116752,55.84648,-1.125,54.72148,-0.935,2.768,,-7.411,-0.719,-7.56,40.86448,0.61009,0.455598,0.4625,75.80845,101.514827,74.125576,
12/31/2011,123.597,116.61,90.176,24.925,1.509,0.0,0.0,6.987,0.0,0.0,-82.225,31.704,13.634,18.07,12.316,32.605,,0.0,5.6,41.372,-28.963,31.348,-4.854,2.469,12.409,0.0,0.0,0.0,8.138421,-1.77,-1.77,0.0,14.179,0.026167,13.057,-4.919,,8.138,6.368,0.0,89.755,0.09,0.070949,0.070949,89.755,0.09,0.07028,0.07028,,28.006062,10.727674,4.103387,8.334534,-2.679349,,,-0.12079,56.536106,0.247,56.629447,-1.652,2.634,-0.13,-9.792,-0.599,-7.653,39.437447,0.630935,0.439391,0.4625,73.303928,105.259372,73.425091,
03/31/2012,126.243,119.093,91.395,26.538,1.16,0.0,0.0,7.15,0.0,0.0,-83.589,33.629,15.145,18.484,16.122,32.48,,0.0,1.358,42.654,-22.861,28.958,-2.966,-3.131,19.793,,0.0,0.0,13.181,-6.942,-6.942,0.0,26.735,0.054,27.118,-13.937,,13.181,6.239,0.0,89.497,0.14,0.07,0.07,89.527,0.14,0.07,0.07,,27.858,11.1,4.013,,-6.301,,,-0.217,49.688,6.381,56.069,-2.034,2.926,,-1.86,-0.613,-9.827,44.661,0.625045,0.497871,0.4625,73.994721,92.895591,83.273627,
06/30/2012,126.765,120.296,90.164,29.734,0.398,0.0,0.0,6.469,0.0,0.0,-78.088,31.22,13.799,17.421,14.02,31.737,,0.0,1.111,48.677,-36.206,28.377,-10.804,18.633,12.471,,0.0,0.0,5.697,1.123,1.123,0.0,11.348,0.023,11.093,-5.396,,5.697,6.82,0.0,89.489,0.06,0.07,0.07,89.54,0.06,0.07,0.07,,28.028,10.778,4.027,22.509,-9.778,,,-0.182,61.102,1.111,62.213,-2.109,2.938,,-3.217,-0.612,-11.262,47.951,0.693436,0.534469,0.4625,66.696852,86.534405,67.713004,
09/30/2012,115.589,109.148,84.382,24.388,0.378,0.0,0.0,6.441,0.0,0.0,-74.012,28.692,12.884,15.808,15.641,28.529,,0.0,1.15,41.577,-23.568,27.462,-5.403,1.509,18.009,,0.0,0.0,30.515,-1.811,-1.811,0.0,19.82,0.116,19.569,-7.932,,11.637,10.678,0.852,89.594,0.13,0.11,0.119182,89.662,0.13,0.11,0.119182,,81.063,32.516,11.817,23.655,-16.529,,,-0.465,162.688,3.585,166.273,-1.65,2.921,,-2.995,-0.62,-10.469,153.46,1.853388,1.710566,0.4625,24.9543,27.037836,25.470364,
12/31/2012,116.23,109.779,83.601,24.789,1.389,0.0,0.0,6.451,0.0,0.0,-77.878,28.883,12.41,16.473,15.917,29.451,,0.0,3.627,38.352,-35.864,27.333,-4.634,13.165,2.488,0.0,0.0,0.0,-37.179,34.182,34.182,0.0,-31.694,-0.01,-31.913,-5.266,,-37.179,-2.997,0.0,89.669,-0.41,-0.033423,-0.033423,90.307,-0.41,-0.033423,-0.033423,,26.238,10.646,4.238,51.671,3.342,,,-0.121,58.825,-2.259,56.566,-1.773,2.988,,-4.553,-0.724,-13.91,38.594,0.626374,0.427364,0.4625,73.837619,108.221453,70.500489,
03/31/2013,120.378,113.617,86.146,25.927,1.544,0.0,0.0,6.761,0.0,0.0,-80.982,30.372,13.231,17.141,17.975,31.118,,0.0,1.517,39.396,-20.885,27.832,-5.876,-1.071,18.511,0.0,0.0,0.0,15.554,-2.623,-2.623,0.0,21.134,0.039,20.82,-5.266,,15.554,12.931,0.0,90.29,0.17,0.14,0.14,90.351,0.17,0.14,0.14,,31.663,10.618,,,,,,-0.188,57.686,0.441,58.127,-1.719,3.415,,-1.647,-0.836,-8.539,48.801,0.643347,0.540127,0.4625,71.88972,85.628035,72.228964,
06/30/2013,122.307,115.566,87.006,28.263,0.297,0.0,0.0,6.741,0.0,0.0,-78.858,31.231,13.75,17.481,14.966,31.082,,0.0,1.579,43.449,-20.09,27.781,-6.012,-1.679,23.359,0.0,0.0,0.0,31.864,-14.11,-14.11,0.0,37.469,0.07,37.129,-5.265,,31.864,17.754,0.0,91.422,0.35,0.19,0.19,91.486,0.35,0.19,0.19,,26.496,10.971,4.82,,-12.099,,,-0.155,61.967,-0.305,61.662,-1.533,3.693,,-2.393,-0.841,-8.922,51.666,0.672696,0.563645,0.4625,68.753203,82.055123,68.389627,
09/30/2013,120.318,114.624,88.784,25.425,0.415,0.0,0.0,5.694,0.0,0.0,-84.777,30.129,13.351,16.778,15.001,32.74,,0.0,6.907,35.541,-12.469,26.75,-13.262,-1.019,23.072,0.0,0.0,0.0,34.998,-17.592,-17.592,0.0,40.664,0.073,40.264,-5.266,,34.998,23.406,6.0,91.985,0.38,0.19,0.254455,92.018,0.38,0.19,0.254455,,42.746,,,6.0,-23.407,,,-0.133,60.277,-0.287,59.99,-1.606,3.687,,-5.038,-0.894,-10.053,46.086,0.65075,0.499924,0.4625,71.071887,92.51405,66.517909,
12/31/2013,126.005,120.104,91.898,26.879,1.327,0.0,0.0,5.901,0.0,0.0,-86.071,33.012,13.394,19.618,13.292,35.692,,0.0,4.075,39.934,-18.877,26.603,-6.568,-1.158,21.057,0.0,0.0,0.0,46.326,-30.961,-30.961,0.0,52.018,0.093,51.592,-5.266,,46.326,15.397,0.032,92.275,0.5,0.166513,0.16686,92.275,0.5,0.16447,0.164817,,29.621,11.542,5.021,,-32.388,,,-0.106,60.109,1.111,61.22,-1.905,3.585,,-5.297,-1.117,-12.461,44.025,0.663452,0.477106,0.4625,69.711185,96.938529,70.999663,
03/31/2014,133.28,126.961,94.536,31.041,1.384,0.0,0.0,6.319,0.0,0.0,-89.58,35.304,14.799,20.505,14.198,37.905,,0.0,2.173,43.7,-18.644,27.134,-7.808,-0.682,25.056,0.0,0.0,0.0,19.389,0.0,0.0,0.0,25.056,0.042,24.655,-5.266,,19.389,19.389,0.0,92.167,0.21,0.21,0.21,92.191,0.21,0.21,0.21,,36.649,10.089,,,-0.708,,,-0.186,65.275,-1.339,63.936,-1.857,2.968,,-1.61,-1.093,-7.641,54.703,0.693517,0.593366,0.47,67.770536,79.209129,66.392953,
06/30/2014,134.892,128.639,97.778,30.316,0.545,0.0,0.0,6.253,0.0,0.0,-87.437,34.396,14.898,19.498,15.223,36.023,,0.0,1.795,47.455,-16.294,27.445,-8.832,-2.319,31.161,0.0,0.0,0.0,25.482,0.0,0.0,0.0,31.161,0.053,30.748,-5.266,,25.482,25.482,0.0,91.975,0.28,0.28,0.28,92.021,0.28,0.28,0.28,,46.645,,,0.424,-6.71,,,-0.155,65.739,0.013,65.752,-1.588,2.976,,-2.217,-1.041,-9.178,54.704,0.713525,0.593634,0.47,65.870194,79.173315,65.936506,
09/30/2014,133.559,127.778,98.62,28.787,0.371,0.0,0.0,5.781,0.0,0.0,-85.923,32.981,14.832,18.149,14.463,36.417,,0.0,2.062,47.636,5.804,27.561,-5.713,-27.652,53.44,0.0,0.0,0.0,47.942,0.0,0.0,0.0,53.44,0.09,53.208,-5.266,,47.942,47.942,0.0,92.345,0.52,0.52,0.52,92.396,0.52,0.52,0.52,,45.244,,,0.002,-28.488,,,-0.075,64.715,0.699,65.414,-1.968,2.976,,-4.261,-1.098,-8.906,52.157,0.707186,0.563866,0.47,66.460589,83.353203,66.839218,
12/31/2014,136.165,130.423,99.762,29.474,1.187,0.0,0.0,5.742,0.0,0.0,-90.775,34.138,14.502,19.636,16.359,37.446,,0.0,2.832,45.39,32.802,27.35,-8.917,-51.235,78.192,0.996,,,73.514,0.0,0.0,0.0,79.188,0.134,78.779,-5.265,,73.514,73.53,0.016,93.456,0.786616,0.786616,0.786787,93.456,0.786616,0.786616,0.786787,,46.123,,,0.557,-29.053,,,-18.359,72.916,-6.991,65.925,-2.086,3.449,,-5.506,-1.048,-8.885,51.849,0.705412,0.554796,0.47,66.627713,84.715848,60.239618,
03/31/2015,140.399,134.161,101.305,31.048,1.808,0.0,0.0,6.238,0.0,0.0,-89.839,36.303,15.131,21.172,16.378,35.992,,0.0,1.166,50.56,-19.568,26.633,-5.567,-1.498,30.992,0.0,0.0,0.0,25.174,0.0,0.0,0.0,30.992,0.049,30.44,-5.266,,25.174,24.31,-0.864,93.842,0.27,0.27,0.259052,93.907,0.27,0.27,0.259052,,45.091,,,0.0,-0.683,,,,69.631,-0.13,69.501,-2.259,3.549,2.863,-1.783,-0.826,-7.4,63.645,0.738893,0.676635,0.485,65.638746,71.678192,65.36366,
06/30/2015,141.129,135.121,102.39,32.431,0.3,0.0,0.0,6.008,0.0,0.0,-88.955,35.852,15.667,20.185,15.099,36.225,,0.0,1.779,52.174,-13.894,26.675,-6.757,-6.024,38.28,0.0,0.0,0.0,32.48,0.0,0.0,0.0,38.28,0.061,37.746,-5.266,,32.48,32.48,0.0,94.136,0.35,0.35,0.35,94.504,0.34,0.34,0.34,,45.293,,,0.0,-6.792,,,,71.042,0.111,71.153,-2.015,3.564,3.051,-2.067,-0.7,-8.007,64.979,0.751685,0.686461,0.485,64.521707,70.652257,64.266152,
09/30/2015,142.068,136.282,105.071,30.725,0.486,0.0,0.0,5.786,0.0,0.0,-89.467,35.805,16.044,19.761,14.75,37.032,,0.0,1.88,52.601,7.133,25.099,-5.667,-26.565,59.734,0.0,0.0,0.0,53.731,0.0,0.0,0.0,59.734,0.094,58.997,-5.266,,53.731,25.976,-27.755,94.158,0.57,0.57,0.275877,94.595,0.57,0.57,0.275877,,45.606,,,0.0,-27.806,,,,71.625,0.62,72.245,-2.609,3.463,2.749,-4.562,-0.58,-8.317,62.389,0.762488,0.658466,0.485,63.607537,73.656037,63.757948,
12/31/2015,146.168,138.637,106.389,31.091,1.157,0.0,0.0,7.531,0.0,0.0,-96.838,36.873,15.013,21.86,19.373,37.58,,0.0,3.012,49.33,-25.792,24.215,-4.517,6.094,23.538,0.0,0.0,0.0,17.609,0.0,0.0,0.0,23.538,0.036,22.874,-5.266,,17.608,24.517,6.909,96.013,0.18,0.18,0.255351,96.013,0.18,0.18,0.251959,,46.113,,,1.82,-1.361,,,,64.217,11.755,75.972,-2.07,3.294,2.683,-5.12,-0.687,-10.074,63.998,0.791268,0.666556,0.485,61.294036,72.762125,72.513984,
03/31/2016,149.628,142.864,107.674,33.487,1.703,0.0,0.0,6.764,0.0,0.0,-95.876,38.555,15.87,22.685,16.299,38.716,,0.0,2.306,53.752,-0.175,24.142,-12.92,-11.047,53.577,0.0,0.0,0.0,47.877,0.0,0.0,0.0,53.577,0.085,53.143,-5.266,,47.877,35.009,-12.868,97.518,0.49,0.49,0.359,97.891,0.49,0.49,0.358548,,47.416,,,0.659,-11.641,,,,84.396,-5.613,78.783,-2.1,3.402,2.74,-2.658,-0.615,-7.229,72.323,0.803539,0.737651,0.5,62.224719,67.782725,57.916252,
06/30/2016,152.412,146.272,109.945,35.874,0.453,0.0,0.0,6.14,0.0,0.0,-99.567,40.478,16.769,23.709,16.35,40.299,,0.0,2.44,52.845,-12.201,24.401,-11.05,-1.15,40.644,0.0,0.0,0.0,34.81,0.0,0.0,0.0,40.644,0.064,40.076,-5.266,,34.81,34.262,-0.548,97.657,0.36,0.36,0.35084,98.218,0.35,0.35,0.344421,,48.13,,,0.0,-3.308,,,,79.696,1.318,81.014,-1.678,3.402,2.863,-1.824,-1.058,-9.346,73.373,0.823547,0.745873,0.5,60.712963,67.035558,61.268445,
09/30/2016,152.768,146.913,111.886,34.532,0.495,0.0,0.0,5.855,0.0,0.0,-98.228,40.431,17.058,23.373,16.046,40.705,,0.0,1.046,54.54,-43.426,21.945,-22.647,44.128,11.114,0.0,0.0,0.0,5.305,0.0,0.0,0.0,11.114,0.016,10.571,-5.266,,5.305,9.668,4.363,103.675,0.05,0.05,0.093253,104.255,0.05,0.05,0.091849,,47.827,,,0.0,-23.067,,,,30.081,54.27,84.351,-1.253,3.163,2.339,-4.298,-1.322,-7.564,75.416,0.807735,0.722175,0.5,61.901459,69.235308,172.326385,
12/31/2016,159.561,152.993,114.8,36.717,1.476,0.0,0.0,6.568,0.0,0.0,-109.48,41.954,16.698,25.256,16.631,42.606,,0.0,8.289,50.081,11.578,20.222,-9.9,-21.9,61.659,0.0,0.0,0.0,55.869,0.0,0.0,0.0,61.659,0.092,61.135,-5.266,,55.869,31.841,-24.028,104.971,0.53,0.53,0.303331,104.971,0.53,0.53,0.301099,,50.077,,,2.5,-25.41,,,0.0,83.128,6.776,89.904,-2.189,3.455,2.102,-7.361,-1.79,-10.659,73.462,0.85521,0.698806,0.5,58.465141,71.550598,63.138172,
03/31/2017,196.131,189.425,141.24,45.279,2.906,0.0,,6.706,0.0,0.0,-200.451,51.213,21.45,29.763,17.673,60.053,,,71.512,-4.32,-16.345,27.199,-9.342,-1.512,-20.665,-0.05,,,-33.223,0.0,0.0,0.0,-20.715,-0.019,-21.367,-11.856,,-33.223,-33.638,-0.415,126.649,-0.26,-0.26,-0.2656,126.649,-0.26,-0.26,-0.2656,,67.444,,,0.0,-0.012,,,,34.19,80.084,114.274,-3.365,3.733,2.457,-1.876,-3.719,-9.128,102.376,0.899434,0.805787,0.53,58.925941,65.774234,196.326323,
06/30/2017,261.305,254.704,195.992,57.256,1.456,0.0,,6.601,0.0,0.0,-180.814,64.976,28.871,36.105,16.746,92.23,,,6.862,80.491,-30.318,35.407,-12.24,7.151,50.173,0.0,0.0,0.0,48.368,0.0,0.0,0.0,50.173,0.104,49.493,-1.125,,48.368,56.406,8.038,170.088,0.28,0.28,0.331628,170.42,0.28,0.28,0.327166,,100.144,,,0.0,-5.054,,,,143.562,14.739,158.301,-5.403,3.669,1.789,-3.768,-8.593,-14.118,131.877,0.92713,0.772371,0.53,57.165646,68.619843,62.792828,
09/30/2017,262.141,256.094,195.393,59.554,1.147,0.0,0.0,6.047,0.0,0.0,-177.203,67.335,29.315,38.02,15.199,91.474,,,3.195,84.938,-21.356,34.679,-12.221,-1.102,63.582,0.0,0.0,0.0,59.666,0.0,0.0,0.0,63.582,0.132,62.813,-3.147,,59.666,59.535,-0.131,170.105,0.35,0.35,0.34999,170.466,0.35,0.35,0.349232,,99.284,,,0.0,-3.349,,,,155.733,5.769,161.502,-4.828,3.749,2.504,-6.22,-7.293,-13.016,136.398,0.945473,0.798508,0.53,56.056569,66.373759,57.891166,
12/31/2017,264.751,257.945,195.452,61.367,1.126,0.0,0.0,6.806,0.0,0.0,-186.243,70.188,30.087,40.101,18.006,90.444,,0.0,7.605,78.508,-2.304,35.344,-9.537,-23.503,76.204,9.737,,,85.139,0.0,0.0,0.0,85.941,0.171,85.139,0.0,,85.139,72.403,-12.736,170.855,0.498311,0.498311,0.423769,170.855,0.498311,0.498311,0.423769,,98.035,,,0.0,-21.987,,,,161.358,-3.425,157.933,-4.534,4.375,2.536,-14.587,-4.681,-17.348,123.694,0.922479,0.722491,0.53,57.453889,73.357358,56.119405,
03/31/2018,276.693,269.535,201.392,64.27,3.873,0.0,,7.158,0.0,0.0,-180.704,72.941,30.425,42.516,17.606,88.525,,,1.632,95.989,-42.524,36.785,-10.349,16.088,53.465,0.0,0.0,0.0,52.66,0.0,0.0,0.0,53.465,0.111,52.66,0.0,,52.66,68.78,16.12,170.704,0.31,0.31,0.40292,170.959,0.31,0.31,0.40292,,96.197,,,16.054,-0.102,,,,164.92,0.655,165.575,-4.081,4.122,2.572,-3.421,-8.422,-13.342,143.003,0.966528,0.834766,0.555,57.422011,66.485665,57.846835,
06/30/2018,281.412,272.203,191.955,61.848,1.196,17.204,,6.887,0.0,2.322,-182.072,73.392,31.541,41.851,16.776,89.105,,,2.799,99.34,-50.751,38.074,-9.174,21.851,48.589,0.0,0.0,0.0,47.841,0.0,0.0,0.0,48.589,0.1,47.841,0.0,,47.841,70.261,22.42,169.424,0.28,0.28,0.414705,169.682,0.28,0.28,0.41213,,97.189,,,12.44,-0.246,,,,157.324,10.234,167.558,-4.749,4.014,2.622,-5.179,-11.378,-17.846,135.042,0.98545,0.794215,0.555,56.31946,69.880304,59.768579,
09/30/2018,278.31,268.948,191.92,60.393,1.224,15.411,0.0,6.954,0.0,2.408,-184.478,75.686,35.129,40.557,17.564,89.183,,0.0,2.045,93.832,-23.298,36.618,-10.024,-3.296,70.534,0.0,0.0,0.0,69.722,0.0,0.0,0.0,70.534,0.147,69.722,0.0,,69.722,67.349,-2.373,169.438,0.41,0.41,0.397485,169.839,0.41,0.41,0.396028,,96.795,,,0.407,-3.61,,,,163.461,0.395,163.856,-4.811,4.173,2.589,-9.172,-6.931,-19.584,130.12,0.962794,0.764566,0.555,57.644725,72.590178,57.529374,
12/31/2018,284.56,275.109,193.155,66.331,1.194,14.429,0.0,7.495,0.0,1.956,-193.552,83.871,40.761,43.11,13.544,92.876,,0.0,3.261,91.008,-11.272,36.979,-13.427,-12.28,79.736,0.0,0.0,0.0,78.905,0.0,0.0,0.0,79.736,0.166,78.905,0.0,,78.905,64.004,-14.901,169.842,0.46,0.46,0.376844,169.842,0.46,0.46,0.372266,,100.422,,,8.994,-21.335,,,,167.152,-5.628,161.524,-3.652,4.436,2.94,-13.327,-7.44,-12.416,132.065,0.949069,0.775977,0.555,58.478344,71.52278,56.393169,
03/31/2019,286.257,277.303,193.326,63.152,3.241,17.584,0.0,6.972,0.0,1.982,-196.093,74.793,34.155,40.638,21.3,97.194,,,2.806,90.164,1.329,37.752,-30.828,-8.253,91.493,0.0,0.0,0.0,90.446,0.0,0.0,0.0,91.493,0.19,90.446,0.0,,90.446,86.219,-4.227,167.44,0.54,0.54,0.514925,167.717,0.54,0.54,0.514797,,104.498,,,1.672,-37.052,,0.0,,159.754,10.958,170.712,-4.168,3.951,3.042,-1.646,-13.336,-10.153,148.402,1.015738,0.882993,0.585,57.593605,66.251934,61.467006,
06/30/2019,275.872,266.236,192.844,64.075,1.48,7.837,,7.442,0.0,2.194,-190.104,76.265,33.506,42.759,18.717,93.589,,,1.533,85.768,-33.078,37.173,-13.128,9.033,52.69,0.0,0.0,0.0,51.728,0.0,0.0,0.0,52.69,0.109,51.728,0.0,,51.728,61.727,9.999,167.536,0.31,0.31,0.36844,167.962,0.31,0.31,0.36844,,100.168,,,10.441,-2.41,-0.017,,,160.036,3.0,163.036,-0.505,3.951,3.136,-5.392,-6.64,-17.267,140.319,0.968653,0.833684,0.585,60.393116,70.170483,61.361194,
09/30/2019,282.276,272.143,195.965,60.549,1.228,14.401,,7.353,0.0,2.78,-185.676,75.296,33.601,41.695,16.705,91.856,,,1.819,96.6,-38.656,38.253,0.283,0.12,57.944,0.0,0.0,0.0,56.965,0.0,0.0,0.0,57.944,0.157,56.965,0.0,,56.965,57.455,0.49,167.559,0.34,0.34,0.342894,167.944,0.34,0.34,0.342894,,98.951,,,10.886,-0.869,,,,166.09,1.391,167.481,-2.465,4.224,2.745,-8.221,-10.858,-12.462,140.444,0.994838,0.834238,0.585,58.803536,70.123857,59.017409,
12/31/2019,288.732,278.619,195.857,63.519,1.587,17.656,0.0,7.868,0.0,2.245,-193.024,79.79,34.973,44.817,18.262,91.644,,0.0,3.328,95.708,-54.577,38.086,-17.283,33.774,41.131,0.0,0.0,0.0,40.291,0.0,0.0,0.0,41.131,0.178,40.291,0.0,,40.291,75.944,35.653,167.892,0.24,0.24,0.452338,167.892,0.24,0.24,0.452338,,99.27,,,42.076,-13.333,,,,168.482,0.0,168.482,-1.384,4.128,2.763,-13.498,-13.833,-13.308,133.35,0.999075,0.790747,0.585,58.554166,73.980675,58.295141,
03/31/2020,283.658,274.537,196.124,65.479,3.488,9.446,0.0,6.816,0.0,2.305,-315.505,78.256,35.887,42.369,13.705,89.295,,,134.249,-31.847,7.064,37.436,-11.418,-33.082,-24.783,0.0,0.0,0.0,-25.332,0.0,0.0,0.0,-24.783,-0.115,-25.332,0.0,,-25.332,-62.553,-37.221,167.908,-0.15,-0.15,-0.372543,167.908,-0.15,-0.15,-0.372543,,96.632,,,0.784,-37.952,,132.128,,166.145,0.0,166.145,0.676,3.764,2.805,-4.57,-12.729,-10.24,145.851,0.98288,0.862825,0.595,60.536402,68.959558,60.334647,
06/30/2020,231.113,222.552,193.489,63.998,0.763,-35.698,,6.126,0.0,2.435,-185.565,76.825,36.793,40.032,21.202,85.058,,,2.48,45.548,-25.974,40.375,-2.824,-11.577,19.574,0.0,0.0,0.0,19.046,0.0,0.0,0.0,19.574,0.087,19.046,0.0,,19.046,11.828,-7.218,169.643,0.11,0.11,0.069723,169.971,0.11,0.11,0.067534,,92.756,,,0.23,-7.464,,,,104.655,0.0,104.655,14.852,3.828,2.733,-3.829,-10.158,-8.451,103.63,0.612964,0.60696,0.595,97.069342,98.029451,96.886914,
09/30/2020,255.333,,,,,,,,,,,,,,,,,,,,,,,,35.5,,,,,,,,,,35.6,,,35.6,35.56,,,0.188,0.188,0.207,,0.188,0.188,0.207,,,,,,,,,,,,,,,,,,,,,,,,,,
12/31/2020,262.333,,,,,,,,,,,,,,,,,,,,,,,,34.85,,,,,,,,,,43.7,,,43.7,40.16,,,0.223,0.223,0.236,,0.223,0.223,0.236,,,,,,,,,,,,,,,,,,,,,,,,,,
