Date,Net Revenue,Net Interest Income,Total Interest Income,Interest Income,Investment Income,Total Interest Expense,Total Non-Interest Income,Trading Securities G/L,Trading Account Profits/Losses,Investment & Loan Inc (Loss),Other Income (Loss),Commissions & Fees Earned,Other Operating Income (Losses),Provision for Loan Losses,Net Revenue after Provisions,Total Non-Interest Expense,Commissions & Fees Paid,Other Operating Expenses,Operating Income (Loss),Non-Operating (Income) Loss,Other Non-Op (Income) Loss,"Pretax Income (Loss), GAAP",Income Tax Expense (Benefit),Income (Loss) from Cont Ops,Net Extraordinary Losses (Gains),Discontinued Operations,XO & Accounting Changes,Income (Loss) Incl. MI,Minority Interest,"Net Income, GAAP",Preferred Dividends,Other Adjustments,"Net Income Avail to Common, GAAP","Net Income Avail to Common, Adj",Net Abnormal Losses (Gains),Basic Weighted Avg Shares,"Basic EPS, GAAP",Basic EPS from Cont Ops,"Basic EPS from Cont Ops, Adjusted",Diluted Weighted Avg Shares,"Diluted EPS, GAAP",Diluted EPS from Cont Ops,"Diluted EPS from Cont Ops, Adjusted",Source: Bloomberg
03/31/1990,71.516002,53.056002,124.399004,102.175003,22.224001,-71.343002,18.460001,0.023,,,,14.494,3.943,-4.0,67.516002,-45.410999,0.0,45.410999,22.105,0.0,0.0,22.105,-6.159,15.946,0.0,,,15.946,0.0,15.946,0.0,,15.946,15.946,,89.411951,0.176723,0.176723,,89.411951,0.176723,0.176723,0.176723,
06/30/1990,73.994,54.177,124.370001,102.819,21.551001,-70.193001,19.817,-0.001,,,,15.399,4.419,-4.25,69.744,-46.542999,0.0,46.542999,23.201,0.0,0.0,23.201,-6.094,17.107,0.0,,,17.107,0.0,17.107,0.0,,17.107,17.107,,89.058863,0.19145,0.19145,,89.058863,0.19145,0.19145,0.19145,
09/30/1990,85.172002,56.298002,130.164,107.612999,22.551001,-73.865997,28.874,-0.989,,,,17.712,12.151,-7.958,77.214002,-50.937,0.0,50.937,26.277,0.0,0.0,26.277,-8.05,18.226999,0.0,,,18.227,0.0,18.226999,0.0,,18.226999,18.226999,,89.037125,0.206176,0.206176,,89.037125,0.206176,0.206176,0.206176,
12/31/1990,84.181997,58.608997,140.819996,100.742996,40.077,-82.210999,25.573,2.358,,,,23.215,,-8.0,76.181997,-51.695999,0.0,51.695999,24.486,0.0,0.0,24.486,-6.872,17.614,0.0,,,17.614,0.0,17.614,0.0,,17.614,17.614,,88.597116,0.198813,0.198813,0.198813,88.597116,0.198813,0.198813,0.198813,
03/31/1991,86.170998,61.544998,138.983002,105.554001,33.429001,-77.438004,24.625999,0.005,,,,19.247999,5.373,-5.0,81.170998,-55.042,0.0,55.042,26.129,0.0,0.0,26.129,-7.536,18.593,0.0,,,18.593,0.0,18.593,0.0,,18.593,18.593,,89.07515,0.209858,0.209858,,89.07515,0.209858,0.209858,0.209858,
06/30/1991,90.147997,66.060997,139.545998,105.365997,34.18,-73.485001,24.087,-0.451,,,,20.146,4.392,-5.0,85.147997,-57.266998,0.0,57.266998,27.881001,0.0,0.0,27.881001,-8.633,19.247999,0.0,,,19.248,0.0,19.247999,0.0,,19.247999,19.247999,,89.270718,0.217222,0.217222,,89.270718,0.217222,0.217222,0.217222,
09/30/1991,94.099004,68.042004,140.339001,106.330002,34.008999,-72.296997,26.057001,0.002,,,,20.915001,5.14,-6.5,87.599004,-57.787998,0.0,57.787998,29.811001,0.0,0.0,29.811001,-9.18,20.631001,0.0,,,20.631001,0.0,20.631001,0.0,,20.631001,20.631001,,89.384794,0.231949,0.231949,,89.384794,0.231949,0.231949,0.231949,
12/31/1991,96.109002,69.156002,137.952999,103.044998,34.908001,-68.796997,26.953,4.2,,,,22.753,,-7.505,88.604002,-60.508999,0.0,60.508999,28.094999,0.0,0.0,28.094999,-8.311,19.784,0.0,,,19.783999,0.0,19.784,0.0,,19.784,19.784,,89.558625,0.220903,0.220903,0.220903,89.558625,0.220903,0.220903,0.220903,
03/31/1992,102.548998,73.606998,134.507,98.445,36.062,-60.900002,28.942,-0.057,,,,23.250999,5.748,-6.05,96.498998,-63.98,0.0,63.98,32.519001,0.0,0.0,32.519001,-10.423,22.096001,0.0,,,22.096001,0.0,22.096001,0.0,,22.096001,22.096001,,89.835671,0.246675,0.246675,,89.835671,0.246675,0.246675,0.246675,
06/30/1992,105.201999,76.586998,134.579998,97.792,36.787998,-57.993,28.615001,0.002,,,,22.915001,5.698,-6.95,98.251999,-63.806,0.0,63.806,34.445999,0.0,0.0,34.445999,-11.366,23.08,0.0,,,23.079999,0.0,23.08,0.0,,23.08,23.08,,89.987773,0.257721,0.257721,,89.987773,0.257721,0.257721,0.257721,
09/30/1992,110.609001,80.359001,133.98,98.987,34.993,-53.620998,30.249999,0.038,,,,24.146999,6.065,-7.1,103.509001,-66.114998,0.0,66.114998,37.394001,0.0,0.0,37.394001,-12.19,25.204,0.0,,,25.204001,0.0,25.204,0.0,,25.204,25.204,,90.31099,0.279811,0.279811,,90.31099,0.279811,0.279811,0.279811,
12/31/1992,113.396,82.126,133.680001,99.195,34.485001,-51.554001,31.27,6.812,,,,24.458,,-6.972,106.424,-70.758003,0.0,70.758003,35.666,0.0,0.0,35.666,-10.998,24.667999,0.0,,,24.668,0.0,24.667999,0.0,,24.667999,24.667999,,90.541857,0.272447,0.272447,0.272447,90.541857,0.272447,0.272447,0.272447,
03/31/1993,114.473002,83.837002,135.712002,102.958,32.754002,-51.875,30.636,0.047,,,,24.01,6.579,-7.3,107.173002,-66.091003,0.0,66.091003,41.082001,0.0,0.0,41.082001,-13.656,27.426001,0.0,,,27.426001,0.0,27.426001,0.0,,27.426001,27.426001,,92.07647,0.299692,0.299692,0.299692,92.07647,0.299692,0.299692,0.299692,
06/30/1993,117.542997,84.769997,137.665997,104.447998,33.217999,-52.896,32.773,-0.005,,,,25.969,6.809,-6.0,111.542997,-69.004997,0.0,69.004997,42.537998,0.0,0.0,42.537998,-14.601,27.937,0.0,,,27.936998,0.0,27.937,0.0,,27.937,27.937,,91.496207,0.303742,0.303742,,91.496207,0.303742,0.303742,0.303742,
09/30/1993,119.948999,85.967999,139.716,107.196999,32.519001,-53.748001,33.981001,0.034,,,,26.739,7.208,-4.101,115.847999,-74.536003,0.0,74.536003,41.312,0.0,0.0,41.312,-12.689,28.622999,0.0,,,28.623,0.0,28.622999,0.0,,28.622999,28.622999,,91.750536,0.311842,0.311842,,91.750536,0.311842,0.311842,0.311842,
12/31/1993,122.114997,87.477997,142.572998,108.700996,33.872002,-55.095001,34.637,0.002,,,,28.615,6.02,-4.132,117.982997,-77.393997,0.0,77.393997,40.589001,0.0,0.0,40.589001,-12.53,28.059,0.0,,,28.059001,0.0,28.059,0.0,,28.059,28.059,,92.143139,0.303742,0.303742,0.303742,92.143139,0.303742,0.303742,0.303742,
03/31/1994,139.912003,102.328003,178.797005,135.016006,43.780998,-76.469002,37.584,0.28,,,,27.555,9.749,-4.674,135.238003,-83.526001,0.0,83.526001,51.712002,0.0,0.0,51.712002,-17.039,34.673,0.0,,,34.673002,0.0,34.673,0.0,,34.673,34.673,,106.864505,0.323992,0.323992,,106.864505,0.323992,0.323992,0.323992,
06/30/1994,143.786999,107.648998,187.146,141.501999,45.644001,-79.497002,36.138001,0.088,,,,28.447001,7.603,-4.763,139.023999,-84.203003,0.0,84.203003,54.820999,0.0,0.0,54.820999,-18.284,36.536999,0.0,,,36.536999,0.0,36.536999,0.0,,36.536999,36.536999,,107.044761,0.340191,0.340191,,107.044761,0.340191,0.340191,0.340191,
09/30/1994,147.364,112.09,202.418003,155.425003,46.993,-90.328003,35.273999,0.076,,,,28.202,6.996,-4.367,142.997,-86.647003,0.0,86.647003,56.349998,0.0,0.0,56.349998,-18.923,37.426998,0.0,,,37.426998,0.0,37.426998,0.0,,37.426998,37.426998,,104.852111,0.356391,0.356391,,104.852111,0.356391,0.356391,0.356391,
12/31/1994,147.984998,113.572998,217.417999,173.264999,44.153,-103.845001,34.412,0.183,,,,27.003,7.226,-5.199,142.785998,-88.691002,0.0,88.691002,54.095001,0.0,0.0,54.095001,-16.848,37.247002,0.0,,,37.247001,0.0,37.247002,0.0,,37.247002,37.247002,,104.511359,0.356391,0.356391,0.356391,104.511359,0.356391,0.356391,0.356391,
03/31/1995,196.449013,152.530014,299.945007,244.279007,55.666,-147.414993,43.918999,0.007,,,,43.911999,,-5.05,191.399013,-116.228996,0.0,116.228996,75.169998,0.0,0.0,75.169998,-24.92,50.25,0.0,,,50.249998,0.0,50.25,0.0,,50.25,50.25,,152.860768,0.328041,0.328041,,152.860768,0.328041,0.328041,0.328041,
06/30/1995,200.942989,155.053989,314.140995,257.830994,56.310001,-159.087006,45.888999,0.214,,,,45.674999,,-5.811,195.131989,-120.429001,0.0,120.429001,74.703003,0.0,0.0,74.703003,-24.802,49.901001,0.0,,,49.901003,0.0,49.901001,0.0,,49.901001,49.901001,,152.527421,0.328041,0.328041,,152.527421,0.328041,0.328041,0.328041,
09/30/1995,206.750985,157.487984,323.091988,259.191986,63.900002,-165.604004,49.263001,0.085,,,,49.178001,,-6.414,200.336985,-118.921997,0.0,118.921997,81.415001,0.0,0.0,81.415001,-27.615999,53.799,0.0,,,53.799002,0.0,53.799,0.0,,53.799,53.799,,152.149634,0.352341,0.352341,,152.149634,0.352341,0.352341,0.352341,
12/31/1995,207.527015,159.192016,322.422012,258.993011,63.429001,-163.229996,48.334999,-0.73,,,,49.064999,,-12.996,194.531015,-131.880997,0.0,131.880997,62.650002,0.0,0.0,62.650002,-18.771,43.879002,0.0,,,43.879002,0.0,43.879002,0.0,,43.879002,43.879002,,152.102715,0.287543,0.287543,0.287543,152.102715,0.287543,0.287543,0.287543,
03/31/1996,219.567985,163.885986,329.00499,261.48999,67.514999,-165.119003,55.681999,0.131,,,,55.550999,,-6.874,212.693985,-126.223,0.0,126.223,86.471001,-8.785,8.785,77.686001,-24.892,52.793999,0.0,,,52.794001,0.0,52.793999,0.0,,52.793999,52.793999,,151.579251,0.348291,0.348291,0.38474,155.189216,0.340191,0.340191,0.37664,
06/30/1996,232.002988,179.760986,348.905991,276.631989,72.274002,-169.145004,52.242002,0.023,,,,52.219002,,-7.442,224.560988,-130.598999,0.0,130.598999,93.961998,0.0,0.0,93.961998,-32.450001,61.512001,0.0,,,61.511997,0.0,61.512001,0.0,,61.512001,61.512001,,154.984272,0.39689,0.39689,0.39689,158.213982,0.38879,0.38879,0.38879,
09/30/1996,232.024983,176.930984,351.23999,282.455994,68.783997,-174.309006,55.093998,0.105,,,,54.988998,,-7.418,224.606983,-129.337997,0.0,129.337997,95.268997,-21.01,21.01,74.258997,-23.68,50.578999,0.0,,,50.578997,0.0,50.578999,0.0,,50.578999,50.578999,,152.305192,0.332091,0.332091,0.417139,156.112698,0.323992,0.323992,0.409039,
12/31/1996,237.609002,179.888,356.970993,289.455994,67.514999,-177.082993,57.721002,2.856,,,,54.865002,,-7.307,230.302002,-137.164001,0.0,137.164001,93.138,-0.682,0.682,92.456,-27.655001,64.801003,0.0,,,64.800999,0.0,64.801003,0.0,,64.801003,64.801003,,153.853378,0.421189,0.421189,0.421189,156.868274,0.413089,0.413089,0.413089,
03/31/1997,374.280015,281.860016,540.927002,540.927002,,-259.066986,92.419999,0.474,,,,91.945999,,-14.036,360.244015,-213.358994,0.0,213.358994,146.884995,0.0,0.0,146.884995,-50.028,96.857002,0.0,,,96.856995,0.0,96.857002,0.0,,96.857002,96.857002,,258.994386,0.37259,0.37259,0.37259,264.55749,0.364491,0.364491,0.364491,
06/30/1997,386.897971,293.697968,563.357971,563.357971,,-269.660004,93.200004,0.04,,,,93.160004,,-14.165,372.732971,-219.664001,0.0,219.664001,153.069,0.0,0.0,153.069,-51.919998,101.149002,0.0,,,101.149002,0.0,101.149002,0.0,,101.149002,101.149002,,258.99563,0.38879,0.38879,0.38879,263.89575,0.38069,0.38069,0.38069,
09/30/1997,423.796026,300.504028,580.14502,580.14502,,-279.640991,123.291997,-0.06,,,,123.351997,,-30.764999,393.031026,-230.016006,0.0,230.016006,163.014999,0.0,0.0,163.014999,-55.403999,107.611,0.0,,,107.611,0.0,107.611,0.0,,107.611,107.611,,258.99563,0.413089,0.413089,0.413089,263.89575,0.404989,0.404989,0.404989,
12/31/1997,401.215997,303.145996,592.153992,592.153992,,-289.007996,98.070001,0.044,,,,98.026001,,-30.697001,370.518996,-238.737,0.0,238.737,131.781998,0.0,0.0,131.781998,-39.869999,91.912003,0.0,,,91.911999,0.0,91.912003,0.0,,91.912003,91.912003,,258.99563,0.356391,0.356391,0.356391,263.89575,0.348291,0.348291,0.348291,
03/31/1998,434.677024,326.320022,628.09703,518.55603,109.541,-301.777008,108.357002,0.104,,,,79.566002,28.687,-14.419,420.258024,-242.022003,0.0,242.022003,178.235992,0.0,0.0,178.235992,-61.172001,117.064003,0.0,,,117.063991,0.0,117.064003,0.0,,117.064003,117.064003,,270.926806,0.429289,0.429289,0.429289,275.860251,0.421189,0.421189,0.421189,
06/30/1998,453.494026,332.151031,647.103027,534.301025,112.802002,-314.951996,121.342995,2.938,,,,84.325996,34.078999,-14.515869,438.978157,-248.496994,0.0,248.496994,190.481003,0.0,0.0,190.481003,-64.124001,126.357002,0.0,,,126.357002,0.0,126.357002,0.0,,126.357002,126.357002,,272.095961,0.461688,0.461688,0.461688,277.328204,0.453588,0.453588,0.453588,
09/30/1998,440.049994,325.787994,657.306,528.945007,128.360992,-331.518005,114.262,0.085,,,,82.570999,31.606001,-12.547,427.502995,-234.692001,0.0,234.692001,192.811005,-114.727997,114.727997,78.083008,-26.799,51.284,0.0,,,51.284008,0.0,51.284,0.0,,51.284,51.284,,271.752742,0.186295,0.186295,0.466548,276.28003,0.186295,0.186295,0.461688,
12/31/1998,471.294022,340.559021,665.280029,665.280029,,-324.721008,130.735001,3.875,,,,126.860001,,-19.023001,452.271021,-257.05899,0.0,257.05899,195.212006,-6.71,6.71,188.502006,-61.494999,127.007004,0.0,,,127.007007,0.0,127.007004,0.0,,127.007004,127.007004,,271.752742,0.469788,0.469788,0.485987,276.28003,0.461688,0.461688,0.477888,
03/31/1999,467.311986,342.596985,666.440979,534.880981,131.559998,-323.843994,124.715001,0.016,,,,90.647003,34.051998,-20.738001,446.573985,-262.575012,0.0,262.575012,183.998993,18.4,-18.4,202.398993,-73.018997,129.380005,0.0,,,129.379995,0.0,129.380005,0.0,,129.380005,129.380005,,274.584923,0.469788,0.469788,0.426859,278.361552,0.461688,0.461688,0.419569,
06/30/1999,484.06001,362.269012,698.136017,542.054016,156.082001,-335.867004,121.790997,0.022,,,,85.907997,35.861,-23.944,460.116009,-260.22699,0.0,260.22699,199.889008,0.0,0.0,199.889008,-63.900002,135.988998,0.0,,,135.989006,0.0,135.988998,0.0,,135.988998,135.988998,,276.544221,0.494087,0.494087,0.494087,280.114682,0.485987,0.485987,0.485987,
09/30/1999,493.719995,360.447998,731.985992,564.377991,167.608002,-371.537994,133.271997,0.003,,,,87.657997,45.611,-30.707001,463.012995,-265.220001,0.0,265.220001,197.792999,0.0,0.0,197.792999,-66.834999,130.957993,0.0,,,130.958,0.0,130.957993,0.0,,130.957993,130.957993,,273.705881,0.477888,0.477888,0.477888,276.198534,0.477888,0.477888,0.477888,
12/31/1999,499.503968,360.54097,758.122971,566.469971,191.653,-397.582001,138.962998,0.119,,,,87.322998,51.521,-38.269001,461.234967,-276.290009,0.0,276.290009,184.945007,0.0,0.0,184.945007,-55.886002,129.059006,0.0,,,129.059006,0.0,129.059006,0.0,,129.059006,129.059006,,270.061346,0.477888,0.477888,0.477888,270.061346,0.477888,0.477888,0.477888,
03/31/2000,493.607967,354.115967,780.228973,615.000977,165.227997,-426.113007,139.492001,-0.118,,,,89.415001,50.195,-29.177,464.430967,-271.13501,0.0,271.13501,193.296005,27.299999,-27.299999,220.596004,-74.591003,146.005005,0.0,,,146.005001,0.0,146.005005,0.0,0.0,146.005005,146.005005,,273.21574,0.534586,0.534586,0.469788,274.75899,0.534586,0.534586,0.469788,
06/30/2000,486.340979,348.690979,792.586975,635.828979,156.757996,-443.895996,137.65,0.067,,,,93.139999,44.443001,-27.804001,458.536978,-272.786987,0.0,272.786987,185.75,0.0,0.0,185.75,-60.457001,125.292999,0.0,,,125.292999,0.0,125.292999,0.0,0.0,125.292999,125.292999,,271.937944,0.461688,0.461688,0.461688,273.372533,0.461688,0.461688,0.461688,
09/30/2000,488.86602,342.119019,824.694031,677.374023,147.320007,-482.575012,146.747002,0.028,,,,94.078003,52.640999,-32.745998,456.120022,-273.338989,0.0,273.338989,182.781006,0.0,0.0,182.781006,-54.922001,127.859001,0.0,,,127.859005,0.0,127.859001,0.0,0.0,127.859001,127.859001,,272.135465,0.469788,0.469788,0.469788,273.605886,0.469788,0.469788,0.469788,
12/31/2000,493.887014,343.866013,836.733017,666.572021,170.160995,-492.867004,150.021001,-0.005,,,,95.444,54.582001,-37.372002,456.515012,-303.92099,0.0,303.92099,152.593994,0.0,0.0,152.593994,-24.233,128.360992,0.0,,,128.360994,0.0,128.360992,0.0,0.0,128.360992,128.360992,,272.921916,0.469788,0.469788,0.469788,274.53306,0.469788,0.469788,0.469788,
03/31/2001,495.903974,347.133972,807.267975,662.862976,144.404999,-460.134003,148.770002,0.474,,,,99.459,48.837002,-28.5,467.403974,-294.721008,0.0,294.721008,172.682999,0.0,0.0,172.682999,-49.931,122.751999,0.0,,,122.751999,0.0,122.751999,0.0,0.0,122.751999,122.751999,,265.280964,0.461688,0.461688,0.461688,267.473615,0.461688,0.461688,0.461688,
06/30/2001,620.177982,351.151978,794.419983,655.075989,139.343994,-443.268005,269.026005,-0.007,,,,224.128006,44.904999,-28.99,591.187983,-406.074005,0.0,406.074005,185.113998,-23.292,23.292,161.821999,-49.022999,112.799004,0.0,,,112.799,0.0,112.799004,0.0,0.0,112.799004,112.799004,,280.99866,0.404989,0.404989,0.469788,284.478998,0.39689,0.39689,0.461688,
09/30/2001,613.746009,355.812012,756.095001,624.276001,131.819,-400.28299,257.933998,4.534,,,,213.292999,40.106998,-30.0,583.746009,-392.369995,0.0,392.369995,191.376007,0.0,0.0,191.376007,-56.176998,135.199005,0.0,,,135.199009,0.0,135.199005,0.0,0.0,135.199005,135.199005,,281.065329,0.477888,0.477888,0.477888,284.430846,0.477888,0.477888,0.477888,
12/31/2001,677.549969,371.394974,697.853989,545.260986,152.593002,-326.459015,306.154995,27.105,,,,243.119995,35.93,-77.912003,599.637966,-407.567993,0.0,407.567993,192.070007,0.0,0.0,192.070007,-53.886002,138.184006,0.0,,,138.184006,0.0,138.184006,0.0,0.0,138.184006,138.184006,,282.251778,0.485987,0.485987,0.485987,284.711107,0.485987,0.485987,0.485987,
03/31/2002,648.39399,369.785988,641.575997,519.231995,122.344002,-271.790009,278.608002,1.856,,,,219.315002,57.437,-30.0,618.39399,-402.359985,0.0,402.359985,216.033997,0.0,0.0,216.033997,-61.971001,154.063004,0.0,,,154.062996,0.0,154.063004,0.0,0.0,154.063004,154.063004,,283.906138,0.542686,0.542686,0.542686,287.8655,0.534586,0.534586,0.534586,
06/30/2002,665.791037,375.091042,638.719032,513.79303,124.926003,-263.627991,290.699996,1.928,,,,231.328995,57.443001,-30.0,635.791037,-421.072998,0.0,421.072998,214.718002,0.0,0.0,214.718002,-61.591999,153.126007,0.0,,,153.126003,0.0,153.126007,0.0,0.0,153.126007,153.126007,,277.634386,0.550786,0.550786,0.550786,282.861675,0.542686,0.542686,0.542686,
09/30/2002,706.825991,380.144989,640.694,512.065002,128.628998,-260.549011,326.681002,22.642,,,,236.343002,67.695999,-35.0,671.825991,-452.450989,0.0,452.450989,219.375,0.0,0.0,219.375,-62.896,156.479004,0.0,,,156.479,0.0,156.479004,0.0,0.0,156.479004,156.479004,,273.194754,0.575085,0.575085,0.575085,277.091159,0.566985,0.566985,0.566985,
12/31/2002,737.122974,374.233978,617.667984,469.256989,148.410995,-243.434006,362.888996,25.228001,,,,257.360992,80.300003,-32.5,704.622974,-483.84201,0.0,483.84201,219.113007,0.0,0.0,219.113007,-62.879002,156.233994,0.0,,,156.234005,0.0,156.233994,0.0,0.0,156.233994,156.233994,,273.163897,0.575085,0.575085,0.575085,276.520767,0.566985,0.566985,0.566985,
03/31/2003,701.492002,359.903,575.985992,443.847992,132.138,-216.082993,341.589002,9.898,,,,240.085999,91.605003,-31.5,669.992002,-448.174011,0.0,448.174011,221.817993,0.0,0.0,221.817993,-63.217999,158.600006,0.0,,,158.599995,0.0,158.600006,0.0,0.0,158.600006,158.600006,,273.592303,0.583185,0.583185,0.583185,276.623248,0.575085,0.575085,0.575085,
06/30/2003,744.424992,366.301003,561.946007,440.574005,121.372002,-195.645004,378.123989,15.799,,,,272.622986,89.702003,-30.0,714.424992,-483.984985,0.0,483.984985,230.440002,0.0,0.0,230.440002,-65.674004,164.766006,0.0,,,164.765999,0.0,164.766006,0.0,0.0,164.766006,164.766006,,274.344167,0.599384,0.599384,0.599384,277.864009,0.591285,0.591285,0.591285,
09/30/2003,716.551005,368.875992,540.92099,422.127991,118.792999,-172.044998,347.675013,-0.037,,,,261.140015,86.571999,-30.0,686.551005,-456.177002,0.0,456.177002,230.373993,0.0,0.0,230.373993,-65.652,164.722,0.0,,,164.721992,0.0,164.722,0.0,0.0,164.722,164.722,,274.733069,0.599384,0.599384,0.599384,278.647992,0.591285,0.591285,0.591285,
12/31/2003,710.887008,379.518005,540.277008,417.687012,122.589996,-160.759003,331.369002,-0.002,,,,248.987,82.384003,-30.0,680.887008,-451.946991,0.0,451.946991,228.940002,0.0,0.0,228.940002,-65.186996,163.753006,0.0,,,163.753006,0.0,163.753006,0.0,0.0,163.753006,163.753006,,274.168856,0.599384,0.599384,0.599384,278.555382,0.591285,0.591285,0.591285,
03/31/2004,736.977016,378.997009,535.682007,416.604004,119.078003,-156.684998,357.980007,49.405998,,,,275.501007,33.073002,-15.0,721.977016,-483.274994,0.0,483.274994,238.701996,-0.321,0.321,238.380996,-69.846001,168.535004,0.0,,,168.534995,0.0,168.535004,0.0,-1.963,166.572004,166.572004,,273.270071,0.607484,0.607484,0.607484,277.278809,0.599384,0.599384,0.599384,
06/30/2004,728.222,380.863,537.88,419.513,118.367,-157.017,347.359,0.149,,,,250.407,96.803,-25.0,703.222,-426.936,0.0,426.936,276.286,-47.793,47.793,228.493,-66.469,162.024,,,,162.024,0.0,162.024,0.0,-2.761,159.263,159.263,,334.60623,0.477888,0.477888,0.575085,338.976714,0.469788,0.469788,0.566985,
09/30/2004,1214.003,675.903,925.677,728.016,197.661,-249.774,538.1,49.937,,,,345.114,143.049,-43.5,1170.503,-792.399,0.0,792.399,378.104,-12.369,12.369,365.735,-108.989,256.746,,,,256.746,0.0,256.746,0.0,-1.296,255.45,255.45,,462.606,0.55,0.55,0.57,468.125,0.55,0.55,0.57,
12/31/2004,1080.681964,677.271,956.446014,782.28302,174.162994,-279.174988,403.410964,136.791,,,,530.703979,-264.084015,-45.0,1035.681964,-657.703979,0.0,657.703979,377.977997,-35.005001,35.005001,342.973,-106.513,236.460007,,,,236.46,0.0,236.460007,0.0,0.0,236.460007,236.460007,,465.628998,0.51,0.51,0.56,472.833008,0.5,0.5,0.55,
03/31/2005,1099.373,680.571,991.976,820.464,171.512,-311.405,418.802,-8.182,,,,374.987,51.997,-30.0,1069.373,-682.944,0.0,682.944,386.429,-38.894,38.894,347.535,-105.894,241.641,,,,241.641,0.0,241.641,0.0,,241.641,241.641,,465.122,0.52,0.52,0.58,470.759,0.51,0.51,0.57,
06/30/2005,1206.137,696.712,1055.384,875.42,179.964,-358.672,509.425,104.234,,,,363.33,41.861,-32.5,1173.637,-774.086,0.0,774.086,399.551,-43.765,43.765,355.786,-107.435,248.351,,,,248.351,0.0,248.351,0.0,0.0,248.351,248.351,,462.913,0.54,0.54,0.6,468.193,0.53,0.53,0.59,
09/30/2005,1167.735,717.423,1113.855,932.039,181.816,-396.432,450.312,47.291,,,,357.448,45.573,-62.5,1105.235,-689.42,0.0,689.42,415.815,-51.703,51.703,364.112,-107.556,256.556,,,,256.556,0.0,256.556,0.0,0.0,256.556,256.556,,459.563,0.56,0.56,0.63,464.25,0.55,0.55,0.62,
12/31/2005,1160.806,725.913,1149.16,969.223,179.937,-423.247,434.893,-162.235,,,,244.355,352.773,-40.0,1120.806,-712.761,0.0,712.761,408.045,-53.383,53.383,354.662,-100.666,253.996,0.0,,,253.996,0.0,253.996,0.0,0.0,253.996,253.996,,453.564,0.56,0.56,0.65,461.81,0.55,0.55,0.64,
03/31/2006,1212.844,742.727,1195.732,1012.23,183.502,-453.005,470.117,18.556,,,,383.969,67.592,-27.5,1185.344,-747.926,,747.926,437.418,-8.168,8.168,429.25,-134.57,294.68,,,,294.68,0.0,294.68,0.0,,294.68,294.68,,456.442,0.65,0.65,0.65,461.043,0.64,0.64,0.64,
06/30/2006,1253.246,762.535,1264.986,1069.284,195.702,-502.451,490.711,0.028,,,,376.137,114.546,-30.0,1223.246,-726.513,,726.513,496.733,,,496.733,-151.476,345.257,,,,345.257,0.0,345.257,0.0,,345.257,345.257,,455.528,0.76,0.76,0.76,460.131,0.75,0.75,0.75,
09/30/2006,1227.762,766.379,1328.301,1152.922,175.379,-561.922,461.383,8.104,,,,390.651,62.628,-24.914,1202.848,-688.351,,688.351,514.497,,,514.497,-156.575,357.922,6.265,,,351.657,,351.657,0.0,,351.657,351.657,,454.441,0.77,0.79,0.79,458.903,0.77,0.78,0.78,
12/31/2006,1705.808,1070.481,1893.919,1590.387,303.532,-823.438,635.327,-0.02,,,,479.952,155.395,-60.0,1645.808,-1039.981,,1039.981,605.827,-27.0,27.0,528.977,-167.426,361.551,,,,361.551,,361.551,0.0,0.0,361.551,361.551,,638.83,0.57,0.57,0.57,646.372,0.56,0.56,0.56,
03/31/2007,1865.95,1169.038,2099.895,1800.566,299.329,-930.857,696.912,0.304,,,,570.795,125.813,-47.0,1818.95,-1078.59,,1078.59,740.36,-30.376,30.376,709.984,-235.908,474.076,141.095,,,332.981,0.0,332.981,0.0,0.0,332.981,332.981,,726.921,0.46,0.65,0.69,734.534,0.45,0.65,0.69,
06/30/2007,1802.136,1105.335,2027.48,1761.378,266.102,-922.145,696.801,-32.806,,,,610.43,119.177,-60.0,1742.136,-997.808,,997.808,744.328,-59.927,59.927,684.401,-230.669,453.732,0.423,,,453.309,0.0,453.309,0.0,,453.309,453.309,,709.322,0.64,0.64,0.69,715.564,0.63,0.63,0.68,
09/30/2007,1808.925,1079.781,2013.12,1769.595,243.525,-933.339,729.144,23.994,,,,589.964,115.186,-90.0,1718.925,-1053.594,,1053.594,665.331,-91.8,91.8,573.531,-179.291,394.24,0.076,,,394.164,0.0,394.164,0.0,,394.164,394.164,,700.589,0.56,0.56,0.64,704.485,0.56,0.56,0.64,
12/31/2007,1777.235,1044.212,1934.168,1700.226,233.942,-889.956,733.023,,,,,609.362,123.661,-358.0,1419.235,-1198.094,0.0,1198.094,221.141,-150.207,150.207,70.934,0.181,71.115,0.474,,,70.641,0.0,70.641,0.0,0.0,70.641,70.641,97.605,695.518,0.1,0.1,0.24,696.895,0.1,0.1,0.24,
03/31/2008,1925.783,1017.48,1782.804,1549.815,232.989,-765.324,908.303,91.643,,,,603.374,213.286,-181.0,1744.783,-1174.661,0.0,1174.661,570.122,-75.598,75.598,494.524,-157.814,336.71,0.042,,,336.668,0.0,336.668,0.0,0.0,336.668,336.668,,695.098,0.48,0.48,0.55,695.548,0.48,0.48,0.55,
06/30/2008,1722.928,979.708,1630.662,1390.616,240.046,-650.954,743.22,-0.028,,,,634.508,108.74,-309.0,1413.928,-1140.374,,1140.374,273.554,0.0,0.0,273.554,-66.908,206.646,0.253,,,206.393,,206.393,,0.0,206.393,206.393,,695.978,0.3,0.3,0.39,696.346,0.3,0.3,0.39,
09/30/2008,1640.859,921.595,1568.395,1331.136,237.259,-646.8,719.221,0.0,0.0,,,634.38,84.841,-417.0,1223.859,-1127.631,,1127.631,96.228,0.0,0.0,96.228,-5.87,90.358,10.897,,,79.461,,79.461,,0.0,79.461,79.461,,695.95,0.11,0.13,0.15,696.205,0.11,0.13,0.15,
12/31/2008,,,,,,,,,,,,,,,,,,,,-6000.0,6000.0,-6796.734,,,,,,,,,,,,,,,,,,,,,,
03/31/2009,1875.0,809.0,1379.0,1106.0,273.0,-570.0,1066.0,53.0,0.0,53.0,0.0,605.0,408.0,-425.0,1450.0,-1058.0,0.0,1058.0,392.0,0.0,0.0,392.0,-315.0,77.0,0.0,0.0,0.0,77.0,0.0,77.0,-42.0,-9.0,26.0,-183.95,-209.95,693.0,0.04,0.04,-0.26544,694.0,0.04,0.04,-0.26544,
06/30/2009,2030.0,831.0,1351.0,1082.0,269.0,-520.0,1199.0,108.0,0.0,108.0,0.0,663.0,428.0,-912.0,1118.0,-1231.0,0.0,1231.0,-113.0,0.0,0.0,-113.0,-75.0,-188.0,0.0,0.0,0.0,-188.0,0.0,-188.0,-56.0,0.0,-244.0,-416.9,-172.9,876.0,-0.28,-0.28,-0.475913,876.0,-0.28,-0.28,-0.477374,
09/30/2009,1614.0,845.0,1314.0,1054.0,260.0,-469.0,769.0,1.0,0.0,1.0,0.0,677.0,91.0,-1025.0,589.0,-1240.0,0.0,1240.0,-651.0,0.0,0.0,-651.0,274.0,-377.0,0.0,0.0,0.0,-377.0,0.0,-377.0,-60.0,0.0,-437.0,-412.95,24.05,1189.0,-0.37,-0.37,-0.347309,1189.0,-0.37,-0.37,-0.349773,
12/31/2009,1568.0,850.0,1288.0,989.0,299.0,-438.0,718.0,-96.0,0.0,-96.0,0.0,650.0,164.0,-1179.0,389.0,-1219.0,0.0,1219.0,-830.0,0.0,0.0,-830.0,287.0,-543.0,0.0,0.0,0.0,-543.0,0.0,-543.0,-63.0,0.0,-606.0,-644.35,-38.35,1191.0,-0.51,-0.51,-0.541016,1191.0,-0.51,-0.51,-0.5422,
03/31/2010,1643.0,831.0,1215.0,952.0,263.0,-384.0,812.0,59.0,0.0,59.0,0.0,639.0,114.0,-770.0,873.0,-1230.0,0.0,1230.0,-357.0,0.0,0.0,-357.0,161.0,-196.0,0.0,0.0,0.0,-196.0,0.0,-196.0,-51.0,-8.0,-255.0,-227.7,27.3,1194.0,-0.21,-0.21,-0.190704,1194.0,-0.21,-0.21,-0.190704,
06/30/2010,1612.0,856.0,1180.0,938.0,242.0,-324.0,756.0,0.0,0.0,0.0,0.0,668.0,88.0,-651.0,961.0,-1326.0,0.0,1326.0,-365.0,0.0,0.0,-365.0,88.0,-277.0,0.0,0.0,0.0,-277.0,0.0,-277.0,-58.0,0.0,-335.0,-327.85,7.15,1200.0,-0.28,-0.28,-0.273208,1200.0,-0.28,-0.28,-0.274042,
09/30/2010,1618.0,868.0,1158.0,926.0,232.0,-290.0,750.0,2.0,0.0,2.0,0.0,666.0,82.0,-760.0,858.0,-1163.0,0.0,1163.0,-305.0,0.0,0.0,-305.0,150.0,-155.0,0.0,0.0,0.0,-155.0,0.0,-155.0,-44.0,-10.0,-209.0,-209.0,0.0,1257.0,-0.17,-0.17,-0.17,1257.0,-0.17,-0.17,-0.17,
12/31/2010,1783.0,863.0,1120.0,915.0,205.0,-257.0,920.0,333.0,0.0,333.0,0.0,424.0,163.0,-682.0,1101.0,-990.0,0.0,990.0,111.0,0.0,0.0,111.0,-44.0,67.0,-22.0,-22.0,0.0,89.0,0.0,89.0,-53.0,0.0,36.0,11.4,-2.6,1257.0,0.03,0.01,0.009069,1259.0,0.03,0.01,0.007935,
03/31/2011,1435.0,855.0,1090.0,870.0,220.0,-235.0,580.0,82.0,0.0,82.0,0.0,413.0,85.0,-482.0,953.0,-932.0,0.0,932.0,21.0,0.0,0.0,21.0,29.0,50.0,-19.0,-19.0,0.0,69.0,0.0,69.0,-43.0,-9.0,17.0,-2.0,0.0,1259.0,0.01,0.0,0.0,1259.0,0.01,-0.005091,-0.005091,
06/30/2011,1399.0,856.0,1076.0,859.0,217.0,-220.0,543.0,24.0,0.0,24.0,0.0,428.0,91.0,-398.0,1001.0,-956.0,0.0,956.0,45.0,0.0,0.0,45.0,34.0,79.0,-30.0,-30.0,0.0,109.0,0.0,109.0,-44.0,-10.0,55.0,75.05,50.05,1258.0,0.04,0.02,0.059658,1260.0,0.04,0.02,0.059658,
09/30/2011,1363.0,850.0,1055.0,871.0,184.0,-205.0,513.0,-1.0,0.0,-1.0,0.0,422.0,92.0,-355.0,1008.0,-850.0,0.0,850.0,158.0,0.0,0.0,158.0,-17.0,141.0,-14.0,-14.0,0.0,155.0,0.0,155.0,-44.0,-10.0,101.0,88.3,1.3,1259.0,0.08,0.07,0.070135,1261.0,0.08,0.07,0.070135,
12/31/2011,1356.0,849.0,1031.0,857.0,174.0,-182.0,507.0,7.0,0.0,7.0,0.0,388.0,112.0,-295.0,1061.0,-1124.0,0.0,1124.0,-63.0,0.0,0.0,-63.0,-18.0,-81.0,467.0,467.0,0.0,-548.0,0.0,-548.0,-54.0,0.0,-602.0,110.2,245.2,1259.0,-0.48,-0.11,0.08753,1259.0,-0.48,-0.11,0.084758,
03/31/2012,1351.0,827.0,997.0,815.0,182.0,-170.0,524.0,12.0,0.0,12.0,0.0,408.0,104.0,-117.0,1234.0,-913.0,0.0,913.0,321.0,0.0,0.0,321.0,-82.0,239.0,40.0,40.0,0.0,199.0,0.0,199.0,-44.0,-10.0,145.0,180.45,-4.55,1282.0,0.11,0.14,0.140757,1283.0,0.11,0.14,0.136454,
06/30/2012,1345.0,838.0,994.0,808.0,186.0,-156.0,507.0,12.0,0.0,12.0,0.0,390.0,105.0,-26.0,1319.0,-842.0,0.0,842.0,477.0,0.0,0.0,477.0,-126.0,351.0,-4.0,-4.0,0.0,355.0,0.0,355.0,0.0,-71.0,284.0,275.45,-4.55,1414.0,0.2,0.2,0.194802,1418.0,0.2,0.2,0.194802,
09/30/2012,1350.0,817.0,964.0,785.0,179.0,-147.0,533.0,12.0,0.0,12.0,0.0,432.0,89.0,-33.0,1317.0,-869.0,0.0,869.0,448.0,0.0,0.0,448.0,-136.0,312.0,11.0,11.0,0.0,301.0,0.0,301.0,0.0,0.0,301.0,312.0,0.0,1414.0,0.21,0.22,0.22,1423.0,0.21,0.22,0.22,
12/31/2012,1354.0,818.0,948.0,779.0,169.0,-130.0,536.0,12.0,0.0,12.0,0.0,423.0,101.0,-37.0,1317.0,-902.0,0.0,902.0,415.0,0.0,0.0,415.0,-138.0,277.0,12.0,12.0,0.0,265.0,0.0,265.0,-4.0,0.0,261.0,252.85,-20.15,1413.0,0.19,0.19,0.178946,1423.0,0.18,0.18,0.16584,
03/31/2013,1299.0,798.0,911.0,745.0,166.0,-113.0,501.0,15.0,0.0,15.0,0.0,332.0,154.0,-10.0,1289.0,-842.0,0.0,842.0,447.0,0.0,0.0,447.0,-114.0,333.0,-2.0,-2.0,0.0,335.0,0.0,335.0,-8.0,0.0,327.0,325.0,0.0,1413.0,0.23,0.23,0.23,1423.0,0.23,0.23,0.23,
06/30/2013,1305.0,808.0,907.0,747.0,160.0,-99.0,497.0,8.0,0.0,8.0,0.0,384.0,105.0,-31.0,1274.0,-884.0,0.0,884.0,390.0,0.0,0.0,390.0,-122.0,268.0,1.0,1.0,0.0,267.0,0.0,267.0,-8.0,0.0,259.0,223.6,-36.4,1401.0,0.18,0.19,0.1596,1418.0,0.18,0.18,0.15433,
09/30/2013,1319.0,824.0,911.0,760.0,151.0,-87.0,495.0,3.0,0.0,3.0,0.0,353.0,139.0,-18.0,1301.0,-884.0,0.0,884.0,417.0,0.0,0.0,417.0,-124.0,293.0,0.0,0.0,0.0,293.0,0.0,293.0,-8.0,0.0,285.0,266.15,-18.85,1388.0,0.21,0.21,0.191751,1405.0,0.2,0.2,0.186584,
12/31/2013,1358.0,832.0,917.0,759.0,158.0,-85.0,526.0,0.0,0.0,0.0,0.0,339.0,187.0,-79.0,1279.0,-946.0,0.0,946.0,333.0,0.0,0.0,333.0,-92.0,241.0,14.0,14.0,0.0,227.0,0.0,227.0,-8.0,0.0,219.0,268.9,35.9,1378.0,0.16,0.17,0.195138,1395.0,0.16,0.17,0.195138,
03/31/2014,1273.0,816.0,898.0,734.0,164.0,-82.0,457.0,2.0,0.0,2.0,0.0,292.0,163.0,-2.0,1271.0,-817.0,0.0,817.0,454.0,0.0,0.0,454.0,-151.0,303.0,-12.0,-12.0,0.0,315.0,0.0,315.0,-8.0,0.0,307.0,298.25,3.25,1378.0,0.22,0.21,0.216437,1390.0,0.22,0.21,0.212338,
06/30/2014,1298.0,823.0,900.0,740.0,160.0,-77.0,475.0,6.0,0.0,6.0,0.0,301.0,168.0,-35.0,1263.0,-820.0,0.0,820.0,443.0,0.0,0.0,443.0,-148.0,295.0,-1.0,-1.0,0.0,296.0,0.0,296.0,-8.0,0.0,288.0,282.45,-4.55,1378.0,0.21,0.21,0.204971,1390.0,0.21,0.21,0.204971,
09/30/2014,1318.0,821.0,897.0,738.0,159.0,-76.0,497.0,7.0,0.0,7.0,0.0,305.0,185.0,-24.0,1294.0,-826.0,0.0,826.0,468.0,0.0,0.0,468.0,-151.0,317.0,-3.0,-3.0,0.0,320.0,0.0,320.0,-20.0,0.0,300.0,291.15,-5.85,1378.0,0.22,0.22,0.211284,1389.0,0.22,0.21,0.205788,
12/31/2014,1294.0,820.0,894.0,745.0,149.0,-74.0,474.0,12.0,0.0,12.0,0.0,280.0,182.0,-8.0,1286.0,-969.0,0.0,969.0,317.0,0.0,0.0,317.0,-98.0,219.0,3.0,3.0,0.0,216.0,0.0,216.0,-16.0,0.0,200.0,274.5,71.5,1365.0,0.15,0.15,0.201099,1377.0,0.15,0.15,0.201099,
03/31/2015,1285.0,815.0,886.0,727.0,159.0,-71.0,470.0,5.0,0.0,5.0,0.0,286.0,179.0,-49.0,1236.0,-905.0,0.0,905.0,331.0,0.0,0.0,331.0,-95.0,236.0,2.0,2.0,0.0,234.0,0.0,234.0,-16.0,0.0,218.0,250.95,30.95,1346.0,0.16,0.16,0.186441,1358.0,0.16,0.16,0.182791,
06/30/2015,1410.0,820.0,883.0,729.0,154.0,-63.0,590.0,6.0,0.0,6.0,0.0,304.0,280.0,-63.0,1347.0,-934.0,0.0,934.0,413.0,0.0,0.0,413.0,-124.0,289.0,4.0,4.0,0.0,285.0,0.0,285.0,-16.0,0.0,269.0,263.25,-9.75,1335.0,0.2,0.2,0.197191,1346.0,0.2,0.2,0.192756,
09/30/2015,1333.0,836.0,901.0,759.0,142.0,-65.0,497.0,7.0,0.0,7.0,0.0,299.0,191.0,-60.0,1273.0,-895.0,0.0,895.0,378.0,0.0,0.0,378.0,-116.0,262.0,4.0,4.0,0.0,258.0,0.0,258.0,-16.0,0.0,242.0,242.75,-3.25,1319.0,0.18,0.19,0.184041,1326.0,0.18,0.19,0.184041,
12/31/2015,1350.0,836.0,933.0,788.0,145.0,-97.0,514.0,11.0,0.0,11.0,0.0,350.0,153.0,-69.0,1281.0,-873.0,0.0,873.0,408.0,0.0,0.0,408.0,-120.0,288.0,3.0,3.0,0.0,285.0,0.0,285.0,-16.0,0.0,269.0,279.15,7.15,1301.0,0.21,0.21,0.214566,1308.0,0.21,0.21,0.214566,
03/31/2016,1368.0,862.0,963.0,810.0,153.0,-101.0,506.0,-5.0,0.0,-5.0,0.0,342.0,169.0,-113.0,1255.0,-869.0,0.0,869.0,386.0,0.0,0.0,386.0,-113.0,273.0,0.0,0.0,0.0,273.0,0.0,273.0,-16.0,0.0,257.0,267.4,10.4,1286.0,0.2,0.2,0.207932,1291.0,0.2,0.2,0.207932,
06/30/2016,1374.0,848.0,952.0,802.0,150.0,-104.0,526.0,6.0,0.0,6.0,0.0,363.0,157.0,-72.0,1302.0,-915.0,0.0,915.0,387.0,0.0,0.0,387.0,-115.0,272.0,-3.0,-3.0,0.0,275.0,0.0,275.0,-16.0,0.0,259.0,272.9,16.9,1265.0,0.2,0.2,0.215731,1268.0,0.2,0.2,0.213328,
09/30/2016,1434.0,835.0,942.0,803.0,139.0,-107.0,599.0,0.0,0.0,,0.0,371.0,228.0,-29.0,1405.0,-934.0,0.0,934.0,471.0,0.0,0.0,471.0,-152.0,319.0,-1.0,-1.0,0.0,320.0,0.0,320.0,-16.0,0.0,304.0,342.65,39.65,1246.0,0.24,0.24,0.275,1252.0,0.24,0.24,0.271669,
12/31/2016,1233.0,853.0,957.0,820.0,137.0,-104.0,380.0,5.0,0.0,5.0,0.0,528.0,-153.0,-48.0,1185.0,-765.0,0.0,765.0,420.0,0.0,0.0,420.0,-130.0,290.0,-5.0,-5.0,0.0,295.0,0.0,295.0,-16.0,0.0,279.0,296.75,22.75,1223.0,0.228128,0.224039,0.242641,1233.0,0.226277,0.222222,0.240673,
03/31/2017,1333.0,859.0,966.0,815.0,151.0,-107.0,474.0,0.0,0.0,0.0,0.0,401.0,73.0,-70.0,1263.0,-843.0,0.0,843.0,420.0,0.0,0.0,420.0,-127.0,293.0,-8.0,-8.0,0.0,301.0,0.0,301.0,-16.0,0.0,285.0,280.25,3.25,1209.0,0.23,0.23,0.231803,1224.0,0.23,0.23,0.231803,
06/30/2017,1372.0,882.0,989.0,835.0,154.0,-107.0,490.0,1.0,0.0,1.0,0.0,408.0,81.0,-48.0,1324.0,-875.0,0.0,875.0,449.0,0.0,0.0,449.0,-133.0,316.0,0.0,0.0,0.0,316.0,0.0,316.0,-16.0,0.0,300.0,306.5,6.5,1202.0,0.25,0.25,0.254992,1212.0,0.25,0.25,0.254992,
09/30/2017,1379.0,897.0,1012.0,861.0,151.0,-115.0,482.0,8.0,0.0,8.0,0.0,403.0,71.0,-76.0,1303.0,-853.0,0.0,853.0,450.0,0.0,0.0,450.0,-138.0,312.0,1.0,1.0,0.0,311.0,0.0,311.0,-16.0,0.0,295.0,299.9,3.9,1182.0,0.25,0.25,0.253723,1193.0,0.25,0.25,0.253269,
12/31/2017,1417.0,901.0,1020.0,864.0,156.0,-119.0,516.0,10.0,0.0,10.0,0.0,460.0,46.0,44.0,1461.0,-920.0,0.0,920.0,541.0,0.0,0.0,541.0,-221.0,320.0,-15.0,-15.0,0.0,335.0,0.0,335.0,-16.0,0.0,319.0,340.4,36.4,1151.0,0.27715,0.264118,0.295743,1163.0,0.274291,0.261393,0.292691,
03/31/2018,1416.0,909.0,1047.0,890.0,157.0,-138.0,507.0,0.0,0.0,0.0,0.0,421.0,86.0,10.0,1426.0,-884.0,0.0,884.0,542.0,0.0,0.0,542.0,-128.0,414.0,0.0,0.0,0.0,414.0,0.0,414.0,-16.0,0.0,398.0,409.06,11.06,1127.0,0.35,0.35,0.362964,1141.0,0.35,0.35,0.359693,
06/30/2018,1438.0,926.0,1076.0,916.0,160.0,-150.0,512.0,1.0,0.0,1.0,0.0,439.0,72.0,-60.0,1378.0,-911.0,0.0,911.0,467.0,0.0,0.0,467.0,-89.0,378.0,3.0,3.0,0.0,375.0,0.0,375.0,-16.0,0.0,359.0,389.65,27.65,1119.0,0.32,0.32,0.348213,1128.0,0.32,0.32,0.344512,
09/30/2018,1461.0,942.0,1112.0,953.0,159.0,-170.0,519.0,0.0,0.0,0.0,0.0,426.0,93.0,-84.0,1377.0,-922.0,0.0,922.0,455.0,0.0,0.0,455.0,-85.0,370.0,-194.0,-194.0,0.0,564.0,0.0,564.0,-16.0,0.0,548.0,405.35,51.35,1086.0,0.5,0.33,0.37325,1095.0,0.5,0.32,0.366895,
12/31/2018,1439.0,958.0,1158.0,994.0,164.0,-200.0,481.0,0.0,0.0,0.0,0.0,376.0,105.0,-95.0,1344.0,-853.0,0.0,853.0,491.0,0.0,0.0,491.0,-85.0,406.0,0.0,0.0,0.0,406.0,0.0,406.0,-16.0,0.0,390.0,397.9,7.9,1035.0,0.38,0.38,0.384444,1043.0,0.37,0.37,0.377574,
03/31/2019,1450.0,948.0,1171.0,1003.0,168.0,-223.0,502.0,-7.0,0.0,-7.0,0.0,410.0,99.0,-91.0,1359.0,-860.0,0.0,860.0,499.0,0.0,0.0,499.0,-105.0,394.0,0.0,0.0,0.0,394.0,,394.0,-16.0,0.0,378.0,384.32,6.32,1019.0,0.37,0.37,0.377154,1028.0,0.37,0.37,0.376148,
06/30/2019,1436.0,942.0,1177.0,1010.0,167.0,-235.0,494.0,-19.0,0.0,-19.0,0.0,371.0,142.0,-92.0,1344.0,-861.0,0.0,861.0,483.0,0.0,0.0,483.0,-93.0,390.0,0.0,0.0,0.0,390.0,0.0,390.0,-16.0,0.0,374.0,377.16,3.16,1010.0,0.37,0.37,0.373426,1012.0,0.37,0.37,0.373123,
09/30/2019,1495.0,937.0,1160.0,995.0,165.0,-223.0,558.0,0.0,0.0,0.0,0.0,455.0,103.0,-108.0,1387.0,-871.0,0.0,871.0,516.0,0.0,0.0,516.0,-107.0,409.0,0.0,0.0,0.0,409.0,0.0,409.0,-24.0,0.0,385.0,388.95,3.95,988.0,0.39,0.39,0.393674,991.0,0.39,0.39,0.393674,
12/31/2019,1480.0,918.0,1108.0,948.0,160.0,-190.0,562.0,-2.0,0.0,-2.0,0.0,409.0,155.0,-96.0,1384.0,-897.0,0.0,897.0,487.0,0.0,0.0,487.0,-98.0,389.0,0.0,0.0,0.0,389.0,0.0,389.0,-23.0,0.0,366.0,388.12,22.12,963.0,0.38,0.38,0.403032,968.0,0.38,0.38,0.402851,
03/31/2020,1413.0,928.0,1079.0,916.0,163.0,-151.0,485.0,0.0,0.0,0.0,0.0,422.0,63.0,-373.0,1040.0,-836.0,0.0,836.0,204.0,0.0,0.0,204.0,-42.0,162.0,0.0,0.0,0.0,162.0,0.0,162.0,-23.0,0.0,139.0,146.9,7.9,957.0,0.15,0.15,0.153501,961.0,0.14,0.14,0.148221,
06/30/2020,1545.0,972.0,1063.0,909.0,154.0,-91.0,573.0,1.0,0.0,1.0,0.0,409.0,163.0,-882.0,663.0,-924.0,0.0,924.0,-261.0,0.0,0.0,-261.0,47.0,-214.0,0.0,0.0,0.0,-214.0,0.0,-214.0,-23.0,0.0,-237.0,-216.46,20.54,960.0,-0.25,-0.25,-0.225479,960.0,-0.25,-0.25,-0.228604,
09/30/2020,1487.917,,,,,,,,,,,,,,,,,,449.0,,,397.938,,286.688,,,,,,286.688,,,286.688,306.167,,,0.306,0.306,0.301,,0.306,0.306,0.301,
12/31/2020,1505.583,,,,,,,,,,,,,,,,,,489.0,,,408.188,,298.813,,,,,,298.813,,,298.813,316.889,,,0.321,0.321,0.315,,0.321,0.321,0.315,
