Date,Revenue,Sales & Services Revenue,Cost of Revenue,Cost of Goods & Services,Gross Profit,Other Operating Income,Operating Expenses,"Selling, General & Admin",Selling & Marketing,General & Administrative,Research & Development,Other Operating Expense,Operating Income (Loss),Non-Operating (Income) Loss,"Interest Expense, Net",Interest Expense,Interest Income,Foreign Exch (Gain) Loss,Other Non-Op (Income) Loss,Pretax Income,Income Tax Expense (Benefit),Income (Loss) from Cont Ops,Net Extraordinary Losses (Gains),Discontinued Operations,XO & Accounting Changes,Income (Loss) Incl. MI,Minority Interest,"Net Income, GAAP",Preferred Dividends,Other Adjustments,"Net Income Avail to Common, GAAP","Net Income Avail to Common, Adj",Net Abnormal Losses (Gains),Basic Weighted Avg Shares,"Basic EPS, GAAP",Basic EPS from Cont Ops,"Basic EPS from Cont Ops, Adjusted",Diluted Weighted Avg Shares,"Diluted EPS, GAAP",Diluted EPS from Cont Ops,"Diluted EPS from Cont Ops, Adjusted",Source: Bloomberg
05/31/1999,13.376,,-7.746,,5.630001,,-9.837,,,,,,-4.207,,,,0.0,,0.0,,,-4.136,0.0,,,,0.0,-14.851,-0.043,,-14.894,-14.894,,51.877998,-0.08,-0.08,-0.08,51.877998,-0.08,-0.08,-0.08,
08/31/1999,16.306,,-9.84,,6.466,,-14.289,,,,,,-7.823,,,,-0.337,,0.337,,,-7.739,0.0,,,,0.0,-4.844,-0.039,,-4.883,-4.883,,70.584,-0.11,-0.11,-0.11,70.584,-0.11,-0.11,-0.11,
11/30/1999,16.764999,,-10.653,,6.112,,-13.849,,,,,,-7.737,,,,0.0,,0.0,,,-6.468,0.0,,,,0.0,-6.468,0.0,,-6.468,-6.468,,140.839996,-0.05,-0.05,-0.05,140.839996,-0.05,-0.05,-0.05,
02/29/2000,18.33,,-10.867,,7.463,,-34.383999,,,,,,-26.921,,,,,,,,,-24.084,0.0,,,,0.0,-24.084,0.0,,-24.084,-24.084,,147.503006,-0.16,-0.16,-0.16,147.503006,-0.16,-0.16,-0.16,
05/31/2000,22.159,,-11.22,,10.939,,-33.778,,,,,,-22.839001,5.482,,,-5.415,0.0,-0.067,-17.357001,-0.064,-17.422001,0.0,,,-17.421001,0.0,-17.422001,0.0,0.0,-17.422001,-17.422001,,159.464005,-0.11,-0.11,-0.02,159.464005,-0.11,-0.11,-0.02,
08/31/2000,25.052999,,-12.508,,12.544999,,-38.139999,,,,,,-25.594999,5.624,,,-5.672,0.0,0.048,-19.970999,-0.035,-20.006001,0.0,,,-20.005999,0.0,-20.006001,0.0,0.0,-20.006001,-20.006001,,163.975998,-0.12,-0.12,-0.02,163.975998,-0.12,-0.12,-0.02,
11/30/2000,29.195999,,-13.185,,16.010999,,-46.240002,,,,,,-30.229,5.162,,,-5.381,0.0,0.219,-25.067,0.0,-25.066999,0.0,,,-25.067,0.0,-25.066999,0.0,0.0,-25.066999,-25.066999,,167.143997,-0.15,-0.15,0.0,169.968002,-0.15,-0.15,0.0,
02/28/2001,21.976,,-8.982,,12.993999,,-38.652,,,,,,-25.658001,4.597,,,,0.0,-4.597,-21.061001,0.0,-21.061001,3.159,,,-24.220001,0.0,-24.219999,0.0,0.0,-24.219999,-24.219999,,168.156006,-0.14,-0.12,0.0,168.156006,-0.14,-0.12,0.0,
05/31/2001,21.361,,-8.512,,12.849,,-43.200001,,,,,,-30.351,4.48,,,,0.0,-4.48,-25.871,0.0,-25.871,1.689,,,-27.56,0.0,-27.559999,0.0,0.0,-27.559999,-27.559999,,169.003006,-0.16,-0.15,0.0,169.003006,-0.16,-0.15,0.0,
08/31/2001,18.927,,-6.329,,12.598,,-32.298,,,,,,-19.700001,-32.630001,,,,0.0,32.630001,-52.330002,0.0,-52.330002,3.02,,,-55.350002,0.0,-55.349998,0.0,0.0,-55.349998,-55.349998,,169.968002,-0.33,-0.31,-0.31,169.968002,-0.33,-0.31,-0.31,
11/30/2001,20.052999,,-7.308,,12.744999,,-26.157,,,,,,-13.412,1.365,,,,0.0,-1.365,-12.047,0.0,-12.047,3.009,,,-15.056,0.0,-15.056,0.0,0.0,-15.056,-15.056,,169.242004,-0.09,-0.07,0.01,169.242004,-0.09,-0.07,0.01,
02/28/2002,18.569,,-6.388,,12.181,,-25.915001,,,,,,-13.734,-15.532,,,,0.0,15.532,-29.266,0.0,-29.266001,12.984,,,-42.25,0.0,-42.25,0.0,0.0,-42.25,-42.25,,169.593002,-0.25,-0.17,0.01,169.593002,-0.25,-0.17,0.01,
05/31/2002,19.521999,,-7.269,,12.252999,,-18.108999,,,,,,-5.856,1.529,,,,0.0,-1.529,-4.327,0.0,-4.327,0.261,,,-4.588,0.0,-4.588,0.0,0.0,-4.588,-4.588,,169.826004,-0.03,-0.03,0.0,169.826004,-0.03,-0.03,0.0,
08/31/2002,21.233999,,-7.619,,13.614999,,-18.209,,,,,,-4.594,2.643,,,,0.0,-2.643,-1.951,0.0,-1.951,0.0,,,-1.951,0.0,-1.951,0.0,0.0,-1.951,-1.951,,169.977005,-0.01,-0.01,-0.01,169.977005,-0.01,-0.01,-0.01,
11/30/2002,24.278,,-8.188,,16.09,,-18.983999,,,,,,-2.894,3.108,,,,0.0,-3.108,0.214,0.0,0.214,0.0,,,0.214,0.0,0.214,0.0,0.0,0.214,0.214,,170.182999,0.0,0.0,0.0,178.268005,0.0,0.0,0.0,
02/28/2003,25.891001,,-8.386,,17.505001,,-19.865,,,,,,-2.36,2.085,,,,0.0,-2.085,-0.275,0.0,-0.275,0.0,,,-0.275,0.0,-0.275,0.0,0.0,-0.275,-0.275,,170.656006,0.0,0.0,0.0,170.656006,0.0,0.0,0.0,
05/31/2003,26.124001,,-8.382,,17.742001,,-19.275999,,,,,,-1.534,2.581,,,,0.0,-2.581,1.047,0.0,1.047,0.0,,,1.047,0.0,1.047,0.0,0.0,1.047,1.047,,171.145996,0.01,0.01,0.01,180.671005,0.01,0.01,0.01,
08/31/2003,28.959,,-7.844,,21.115,,-20.573999,,,,,,0.541,3.097,,,,0.0,-3.097,3.638,0.0,3.638,0.0,,,3.638,0.0,3.638,0.0,0.0,3.638,3.638,,172.126999,0.02,0.02,0.02,182.376999,0.02,0.02,0.02,
11/30/2003,32.883,,-8.793,,24.09,,-22.474,,,,,,1.616,2.645,0.049,0.049,,0.0,-2.694,4.261,0.0,4.261,0.0,,,4.261,0.0,4.261,0.0,0.0,4.261,4.261,,173.996,0.02,0.02,0.02,184.21,0.02,0.02,0.02,
02/29/2004,36.965,,-9.024,,27.941,,-25.407,,,,,,2.534,2.45,,,,0.0,-2.45,4.984,0.0,4.997,0.0,,,4.984,0.0,4.997,0.0,0.0,4.997,4.997,,178.847,0.03,0.03,0.03,191.641006,0.03,0.03,0.03,
05/31/2004,41.764,,-8.345,,33.419,,-28.275,,,,,,5.144,5.773,,1.563,,0.0,-7.336,10.917,0.0,10.917,0.0,,,10.917,0.0,10.917,0.0,0.0,10.917,10.917,,182.481995,0.06,0.06,0.06,195.632996,0.06,0.06,0.06,
08/31/2004,46.324001,,-8.846,,37.478001,,-30.733999,,,,,,6.744,4.44,,,,0.0,-4.44,11.184,0.641,11.825,0.0,,,11.825,0.0,11.825,0.0,0.0,11.825,11.825,,183.421997,0.06,0.06,0.06,195.391006,0.06,0.06,0.06,
11/30/2004,50.925,,-10.089,,40.836,,-33.245,,,,,,7.591,3.7,1.684,1.684,,0.0,-5.384,11.291,-0.447,10.844,0.0,,,10.844,0.0,10.844,0.0,0.0,10.844,10.844,,182.34,0.06,0.06,0.06,192.226,0.06,0.06,0.06,
02/28/2005,57.453,,-10.593,,46.86,,-39.393,,,,,,7.467,4.082,,1.634,,0.0,-5.716,11.549,0.291,11.84,0.0,,,11.84,0.0,11.84,0.0,0.0,11.84,11.84,,178.233,0.07,0.07,0.07,210.956,0.06,0.06,0.06,
05/31/2005,60.78,,-11.968,,48.812,,-41.165,,,,,,7.647,6.169,1.566,1.566,,0.0,-7.735,13.816,-1.381,12.435,0.0,,,12.435,0.0,12.435,0.0,0.0,12.435,12.435,,176.781,0.07,0.07,0.07,206.907,0.07,0.07,0.07,
08/31/2005,65.718,,-11.592,,54.126,,-42.199,,,,,,11.927,6.664,1.556,1.556,,0.0,-8.22,18.591,-1.859,16.732,0.0,,,16.732,0.0,16.732,0.0,0.0,16.732,16.732,,177.208,0.09,0.09,0.09,208.583,0.09,0.09,0.09,
11/30/2005,73.112,,-11.857,,61.255,,-42.506,,,,,,18.749,5.155,1.49,1.49,,0.0,-6.645,23.904,-0.701,23.203,0.0,,,23.203,0.0,23.203,0.0,0.0,23.203,23.203,,177.615,0.13,0.13,0.13,211.783,0.12,0.12,0.12,
02/28/2006,78.72,,-13.09,,65.63,,-45.871,,,,,,19.759,5.946,,1.507,,0.0,-7.453,25.705,1.61,27.315,0.0,,,27.315,0.0,27.315,0.0,0.0,27.315,27.315,,180.898,0.15,0.15,0.15,213.482,0.13,0.13,0.13,
05/31/2006,84.002,,-13.445,,70.557,,-57.945,44.13,30.501,,,13.815,12.612,9.218,,1.484,,0.0,-10.702,21.83,-8.077,13.753,0.0,,,13.753,0.0,13.753,0.0,0.0,13.753,13.753,,183.579,0.07,0.07,0.07,214.325,0.07,0.07,0.07,
08/31/2006,99.673,,-16.42,,83.253,,-73.801,55.733,37.807,,,18.068,9.452,8.083,,1.49,,0.0,-9.573,17.535,-6.488,11.047,0.0,,,11.047,0.0,11.047,0.0,0.0,11.047,11.047,,190.292,0.06,0.06,0.06,219.94,0.05,0.05,0.05,
11/30/2006,105.826,,-17.44,,88.386,,-74.799,55.599,37.575,,,19.2,13.587,9.619,,1.494,,0.0,-11.113,23.206,-8.586,14.62,0.0,,,14.62,0.0,14.62,0.0,0.0,14.62,14.62,,191.298,0.08,0.08,0.08,219.458,0.07,0.07,0.07,
02/28/2007,111.121,,-17.429,,93.692,,-77.054,57.1,39.68,,,19.954,16.638,10.353,,1.549,,0.0,-11.902,26.991,-6.504,20.487,0.0,,,20.487,0.0,20.487,0.0,0.0,20.487,20.487,,192.303,0.11,0.11,0.11,220.594,0.1,0.1,0.1,
05/31/2007,118.873,,-18.264,,100.609,,-85.657,63.87,46.209,,,21.787,14.952,12.083,,1.495,,0.0,-13.578,27.035,-10.814,16.221,0.0,,,16.221,0.0,16.221,0.0,0.0,16.221,16.221,0.0,193.082,0.08,0.08,0.08,221.407,0.08,0.08,0.08,
08/31/2007,127.27,,-20.064,,107.206,,-89.41,66.026,46.093,,,23.384,17.796,12.465,,1.565,,0.0,-14.03,30.261,-12.104,18.157,0.0,,,18.157,0.0,18.157,0.0,0.0,18.157,18.157,0.0,193.634,0.09,0.09,0.09,221.688,0.09,0.09,0.09,
11/30/2007,135.381,,-20.926,,114.455,,-95.002,69.072,47.653,,,25.93,19.453,12.859,,1.581,,0.0,-14.44,32.312,-12.029,20.283,0.0,,,20.283,0.0,20.283,0.0,0.0,20.283,20.283,0.0,194.038,0.1,0.1,0.1,221.547,0.1,0.1,0.1,
02/29/2008,141.493,,-21.4,,120.093,,-101.921,75.605,52.093,,,26.316,18.172,16.76,,1.611,,0.0,-18.371,34.932,-12.926,22.006,0.0,,,22.006,0.0,22.006,0.0,0.0,22.006,22.006,0.0,193.189,0.11,0.11,0.11,220.356,0.1,0.1,0.1,
05/31/2008,156.635,156.635,-26.429,26.429,130.206,0.0,-110.296,81.385,59.271,22.114,28.911,0.0,19.91,8.434,,1.586,,,-10.02,28.344,-11.054,17.29,0.0,0.0,0.0,17.29,0.0,17.29,0.0,0.0,17.29,17.29,0.0,190.779,0.09,0.09,0.09,218.853,0.08,0.08,0.08,
08/31/2008,164.383,164.383,-27.508,27.508,136.875,0.0,-115.471,83.743,59.566,24.177,31.728,0.0,21.404,13.248,,1.53,,,-14.778,34.652,-13.514,21.138,0.0,0.0,0.0,21.138,0.0,21.138,0.0,0.0,21.138,17.888,-3.25,191.485,0.11,0.11,0.093417,220.039,0.1,0.1,0.08523,
11/30/2008,165.332,165.332,-26.536,26.536,138.796,0.0,-117.826,83.282,58.514,24.768,34.544,0.0,20.97,12.546,,1.249,,,-13.795,33.516,-9.211,24.305,0.0,0.0,0.0,24.305,0.0,24.305,0.0,0.0,24.305,21.64,-2.665,190.665,0.13,0.13,0.113497,208.408,0.12,0.12,0.107213,
02/28/2009,166.221,166.221,-25.653,25.653,140.568,0.0,-120.331,85.338,61.202,24.136,34.993,0.0,20.237,4.783,,0.433,,,-5.216,25.02,-9.032,15.988,0.0,0.0,0.0,15.988,0.0,15.988,0.0,0.0,15.988,15.988,0.0,190.146,0.08,0.08,0.08,197.82,0.08,0.08,0.08,
05/31/2009,174.388,174.388,-26.468,26.468,147.92,0.0,-122.864,87.762,63.977,23.785,35.102,0.0,25.056,3.427,,,-3.43,,0.003,28.483,-9.969,18.514,0.0,0.0,0.0,18.514,0.0,18.514,0.0,0.0,18.514,18.124,-0.39,188.916,0.1,0.1,0.095937,194.382,0.1,0.1,0.095937,
08/31/2009,183.633,183.633,-28.44,28.44,155.193,0.0,-127.651,91.291,66.768,24.523,36.36,0.0,27.542,5.716,,,-2.524,,-3.192,33.258,-4.321,28.937,0.0,0.0,0.0,28.937,0.0,28.937,0.0,0.0,28.937,19.343,-9.594,187.099,0.15,0.15,0.103384,192.659,0.15,0.15,0.100202,
11/30/2009,194.346,194.346,-29.598,29.598,164.748,0.0,-144.955,97.6,71.498,26.102,38.605,8.75,19.793,5.459,,,-2.206,,-3.253,25.252,-8.838,16.414,0.0,0.0,0.0,16.414,0.0,16.414,0.0,0.0,16.414,22.22599,5.81199,187.45,0.09,0.09,0.11857,193.733,0.08,0.08,0.11,
02/28/2010,195.868,195.868,-29.338,29.338,166.53,0.0,-138.571,100.278,70.462,29.816,38.293,0.0,27.959,6.549,-2.194,0.026,-2.22,,-4.355,34.508,-11.12,23.388,0.0,0.0,0.0,23.388,0.0,23.388,0.0,0.0,23.388,23.388,0.0,187.911,0.12,0.12,0.12,193.822,0.12,0.12,0.12,
05/31/2010,209.144,209.144,-33.238,33.238,175.906,0.0,-141.667,101.009,74.564,26.445,40.658,0.0,34.239,2.793,,,-1.663,,-1.13,37.032,-12.961,24.071,0.0,0.0,0.0,24.071,0.0,24.071,0.0,0.0,24.071,23.746,-0.325,187.926,0.13,0.13,0.126358,193.266,0.12,0.12,0.118318,
08/31/2010,219.761,219.761,-35.702,35.702,184.059,0.0,-149.988,107.627,79.434,28.193,42.361,0.0,34.071,2.323,-1.775,0.0,-1.775,,-0.548,36.394,-12.738,23.656,0.0,0.0,0.0,23.656,0.0,23.656,0.0,0.0,23.656,23.266,-0.39,189.027,0.13,0.13,0.123083,193.56,0.12,0.12,0.117985,
11/30/2010,235.576,235.576,-39.744,39.744,195.832,0.0,-157.876,114.793,85.138,29.655,43.083,0.0,37.956,2.07,,,-1.608,,-0.462,40.026,-14.009,26.017,0.0,0.0,0.0,26.017,0.0,26.017,0.0,0.0,26.017,24.912,-1.105,191.296,0.14,0.14,0.130228,196.908,0.13,0.13,0.124388,
02/28/2011,244.796,244.796,-41.604,41.604,203.192,0.0,-163.782,118.632,88.273,30.359,45.15,0.0,39.41,0.831,-1.697,0.0,-1.697,,0.866,40.241,-6.707,33.534,0.0,0.0,0.0,33.534,0.0,33.534,0.0,0.0,33.534,32.949,-0.585,192.996,0.17,0.17,0.170724,197.878,0.17,0.17,0.167044,
05/31/2011,264.746,264.746,-42.447,42.447,222.299,0.0,-176.94,128.652,97.325,31.327,48.288,0.0,45.359,1.67,,,-1.936,,0.266,47.029,-14.579,32.45,0.0,0.0,0.0,32.45,0.0,32.45,0.0,0.0,32.45,32.45,0.0,193.155,0.17,0.17,0.17,196.287,0.17,0.17,0.17,
08/31/2011,281.32,281.32,-46.639,46.639,234.681,0.0,-182.203,130.715,99.73,30.985,51.488,0.0,52.478,2.453,-2.127,0.0,-2.127,,-0.326,54.931,-14.963,39.968,0.0,0.0,0.0,39.968,0.0,39.968,0.0,0.0,39.968,39.968,0.0,192.937,0.21,0.21,0.21,196.171,0.2,0.2,0.2,
11/30/2011,290.026,290.026,-45.189,45.189,244.837,0.0,-191.265,137.526,107.561,29.965,53.739,0.0,53.572,1.848,,,-2.075,,0.227,55.42,-17.18,38.24,0.0,0.0,0.0,38.24,0.0,38.24,0.0,0.0,38.24,38.565,0.325,193.393,0.2,0.2,0.199413,196.468,0.19,0.19,0.191654,
02/29/2012,297.011,297.011,-44.272,44.272,252.739,0.0,-204.234,149.087,115.018,34.069,55.147,0.0,48.505,2.124,-2.279,0.0,-2.279,,0.155,50.629,-14.661,35.968,0.0,0.0,0.0,35.968,0.0,35.968,0.0,0.0,35.968,34.733,-1.235,193.117,0.19,0.19,0.179855,195.879,0.18,0.18,0.173695,
05/31/2012,314.731,314.731,-46.019,46.019,268.712,0.0,-217.804,154.782,120.87,33.912,59.88,3.142,50.908,4.181,,,-2.294,,-1.887,55.089,-17.628,37.461,0.0,0.0,0.0,37.461,0.0,37.461,0.0,0.0,37.461,39.5033,2.0423,192.947,0.19,0.19,0.204737,195.937,0.19,0.19,0.200423,
08/31/2012,322.595,322.595,-47.858,47.858,274.737,0.0,-224.757,161.391,123.578,37.813,63.366,0.0,49.98,1.498,-2.154,0.0,-2.154,,0.656,51.478,-16.473,35.005,0.0,0.0,0.0,35.005,0.0,35.005,0.0,0.0,35.005,35.005,0.0,193.064,0.18,0.18,0.18,195.795,0.18,0.18,0.18,
11/30/2012,343.606,343.606,-53.118,53.118,290.488,0.0,-240.569,171.914,133.792,38.122,68.655,0.0,49.919,1.206,,,-1.936,,0.73,51.125,-16.36,34.765,0.0,0.0,0.0,34.765,0.0,34.765,0.0,0.0,34.765,34.765,0.0,193.374,0.18,0.18,0.18,195.666,0.18,0.18,0.18,
02/28/2013,347.884,347.884,-53.603,53.603,294.281,0.0,-244.049,172.801,136.314,36.487,71.248,0.0,50.232,1.827,-1.861,0.0,-1.861,,0.034,52.059,-9.086,42.973,0.0,0.0,0.0,42.973,0.0,42.973,0.0,0.0,42.973,43.298,0.325,193.207,0.22,0.22,0.224102,195.133,0.22,0.22,0.221666,
05/31/2013,363.259,363.259,-56.057,56.057,307.202,0.0,-250.579,176.777,142.444,34.333,73.802,0.0,56.623,1.078,,,-1.502,,0.424,57.701,-17.31,40.391,0.0,0.0,0.0,40.391,0.0,40.391,0.0,0.0,40.391,40.391,0.0,191.114,0.21,0.21,0.21,192.969,0.21,0.21,0.21,
08/31/2013,374.423,374.423,-55.58,55.58,318.843,0.0,-263.269,182.799,144.596,38.203,78.299,2.171,55.574,2.723,-1.527,0.0,-1.527,,-1.196,58.297,-17.489,40.808,0.0,0.0,0.0,40.808,0.0,40.808,0.0,0.0,40.808,42.327661,1.519661,189.437,0.22,0.22,0.223439,191.432,0.21,0.21,0.217938,
11/30/2013,396.536,396.536,-60.427,60.427,336.109,0.0,-275.317,192.798,153.528,39.27,82.519,0.0,60.792,1.139,-1.528,0.051,-1.579,,0.389,61.931,-9.906,52.025,0.0,0.0,0.0,52.025,0.0,52.025,0.0,0.0,52.025,52.025,0.0,189.514,0.27,0.27,0.27,191.365,0.27,0.27,0.27,
02/28/2014,400.397,400.397,-60.536,60.536,339.861,0.0,-280.561,197.917,157.317,40.6,82.644,0.0,59.3,2.32,-2.037,0.0,-2.037,,-0.283,61.62,-16.551,45.069,0.0,0.0,0.0,45.069,0.0,45.069,0.0,0.0,45.069,45.069,0.0,189.604,0.24,0.24,0.24,191.712,0.24,0.24,0.24,
05/31/2014,423.754,423.754,-64.443,64.443,359.311,0.0,-308.348,218.409,176.838,41.571,89.939,0.0,50.963,2.199,-1.789,0.053,-1.842,,-0.41,53.162,-15.417,37.745,0.0,0.0,0.0,37.745,0.0,37.745,0.0,0.0,37.745,39.045,1.3,189.372,0.2,0.2,0.206181,191.457,0.2,0.2,0.206181,
08/31/2014,445.899,445.899,-67.174,67.174,378.725,0.0,-314.498,219.233,174.52,44.713,95.265,0.0,64.227,1.721,-1.913,0.097,-2.01,,0.192,65.948,-19.125,46.823,0.0,0.0,0.0,46.823,0.0,46.823,0.0,0.0,46.823,47.496799,0.673799,188.162,0.25,0.25,0.252425,190.755,0.25,0.25,0.252425,
11/30/2014,455.895,455.895,-71.365,71.365,384.53,0.0,-317.333,226.72,187.218,39.502,90.613,0.0,67.197,0.314,1.245,3.441,-2.196,,-1.559,67.511,-19.578,47.933,0.0,0.0,0.0,47.933,0.0,47.933,0.0,0.0,47.933,48.686295,0.753295,185.039,0.26,0.26,0.263114,187.674,0.26,0.26,0.263114,
02/28/2015,463.942,463.942,-70.218,70.218,393.724,0.0,-326.116,234.078,189.811,44.267,92.038,0.0,67.608,1.269,3.515,5.803,-2.288,,-4.784,68.877,-21.177,47.7,0.0,0.0,0.0,47.7,0.0,47.7,0.0,0.0,47.7,47.7,0.0,183.459,0.26,0.26,0.26,186.307,0.26,0.26,0.26,
05/31/2015,481.001,481.001,-71.397,71.397,409.604,0.0,-338.674,241.243,198.872,42.371,97.431,0.0,70.93,-3.203,3.0,5.715,-2.715,,0.203,67.727,-19.641,48.086,0.0,0.0,0.0,48.086,0.0,48.086,0.0,0.0,48.086,48.086,0.0,183.13,0.26,0.26,0.26,186.175,0.26,0.26,0.26,
08/31/2015,504.148,504.148,-75.964,75.964,428.184,0.0,-351.714,249.226,205.101,44.125,102.488,0.0,76.47,-4.083,2.838,5.733,-2.895,,1.245,72.387,-20.992,51.395,0.0,0.0,0.0,51.395,0.0,51.395,0.0,0.0,51.395,51.43121,0.03621,183.179,0.28,0.28,0.28077,186.75,0.28,0.28,0.280194,
11/30/2015,523.58,523.58,-81.048,81.048,442.532,0.0,-373.655,268.749,215.784,52.965,104.906,0.0,68.877,-2.894,2.943,5.817,-2.874,,-0.049,65.983,-19.135,46.848,0.0,0.0,0.0,46.848,,46.848,0.0,0.0,46.848,49.540286,2.692286,182.85,0.26,0.26,0.270934,186.094,0.25,0.25,0.264467,
02/29/2016,543.502,543.502,-81.22,81.22,462.282,0.0,-390.51,282.012,229.193,52.819,108.498,0.0,71.772,-3.004,2.667,5.856,-3.189,0.0,0.337,68.768,-15.732,53.036,0.0,0.0,0.0,53.036,0.0,53.036,0.0,0.0,53.036,53.066681,0.030681,182.099,0.29,0.29,0.291417,184.888,0.29,0.29,0.290166,
05/31/2016,567.899,567.899,-84.048,84.048,483.851,0.0,-408.488,293.472,243.248,50.224,115.016,0.0,75.363,-3.01,2.457,5.887,-3.43,,0.553,72.353,-11.169,61.184,0.0,0.0,0.0,61.184,0.0,61.184,0.0,0.0,61.184,60.756,-0.428,181.168,0.34,0.34,0.335357,184.187,0.33,0.33,0.327676,
08/31/2016,599.805,599.805,-87.671,87.671,512.134,0.0,-430.25,308.985,253.255,55.73,121.265,0.0,81.884,-2.449,2.533,5.925,-3.392,,-0.084,79.435,-20.663,58.772,0.0,0.0,0.0,58.772,0.0,58.772,0.0,0.0,58.772,60.265848,1.493848,180.322,0.33,0.33,0.334212,183.346,0.32,0.32,0.328148,
11/30/2016,615.26,615.26,-90.453,90.453,524.807,0.0,-444.034,321.565,267.08,54.485,122.469,0.0,80.773,-4.055,2.663,6.009,-3.346,,1.392,76.718,-8.775,67.943,0.0,0.0,0.0,67.943,0.0,67.943,0.0,0.0,67.943,62.247,-5.696,179.233,0.38,0.38,0.347297,182.682,0.37,0.37,0.33882,
02/28/2017,628.84,628.84,-92.207,92.207,536.633,0.0,-442.408,320.49,272.438,48.052,121.918,0.0,94.225,-2.552,2.248,6.002,-3.754,,0.304,91.673,-25.87,65.803,0.0,0.0,0.0,65.803,0.0,65.803,0.0,0.0,65.803,65.308,-0.495,177.802,0.37,0.37,0.367307,181.197,0.36,0.36,0.357268,
05/31/2017,676.796,676.796,-100.696,100.696,576.1,0.0,-486.356,349.193,294.323,54.87,137.163,0.0,89.744,-2.678,2.092,6.085,-3.993,,0.586,87.066,-11.752,75.314,0.0,0.0,0.0,75.314,0.0,75.314,0.0,0.0,75.314,75.387518,0.073518,177.243,0.42,0.42,0.425334,181.81,0.41,0.41,0.410404,
08/31/2017,723.355,723.355,-106.717,106.717,616.638,0.0,-481.848,340.039,278.317,61.722,141.809,0.0,134.79,-2.729,1.469,6.081,-4.612,,1.26,132.061,-34.973,97.088,0.0,0.0,0.0,97.088,0.0,97.088,0.0,0.0,97.088,99.276981,2.188981,177.257,0.55,0.55,0.560074,183.021,0.53,0.53,0.54196,
11/30/2017,747.978,747.978,-111.759,111.759,636.219,0.0,-517.501,371.921,308.083,63.838,145.58,0.0,118.718,-2.503,1.316,6.18,-4.864,,1.187,116.215,-14.606,101.609,0.0,0.0,0.0,101.609,0.0,101.609,0.0,0.0,101.609,102.751639,1.142639,177.063,0.57,0.57,0.580311,186.16,0.55,0.55,0.556138,
02/28/2018,772.332,772.332,-112.625,112.625,659.707,0.0,-527.227,373.449,314.563,58.886,153.778,0.0,132.48,10.169,1.199,6.223,-5.024,,-11.368,142.649,-154.809,-12.16,0.0,0.0,0.0,-12.16,0.0,-12.16,0.0,0.0,-12.16,113.72,125.88,177.034,-0.07,-0.07,0.642362,177.034,-0.07,-0.07,0.64105,
05/31/2018,813.53,813.53,-122.699,122.699,690.831,0.0,-578.675,412.169,348.815,63.354,166.506,0.0,112.156,-0.679,-1.515,6.319,-7.834,,2.194,111.477,1.713,113.19,0.0,0.0,0.0,113.19,0.0,113.19,0.0,0.0,113.19,113.703596,0.513596,177.302,0.64,0.64,0.641299,190.739,0.59,0.59,0.592693,
08/31/2018,822.747,822.747,-118.93,118.93,703.817,0.0,-569.261,402.953,334.38,68.573,166.308,0.0,134.556,0.59,-3.047,4.808,-7.855,,2.457,135.146,-48.292,86.854,0.0,0.0,0.0,86.854,0.0,86.854,0.0,0.0,86.854,88.152446,1.298446,176.746,0.49,0.49,0.498752,186.936,0.46,0.46,0.466946,
11/30/2018,846.795,846.795,-124.117,124.117,722.678,0.0,-613.72,449.453,353.592,95.861,164.267,0.0,108.958,2.571,-3.035,4.299,-7.334,,0.464,111.529,-17.079,94.45,0.0,0.0,0.0,94.45,0.0,94.45,0.0,0.0,94.45,118.275331,23.825331,176.231,0.54,0.54,0.671138,186.062,0.51,0.51,0.63805,
02/28/2019,878.997,878.997,-132.505,132.505,746.492,0.0,-589.93,418.469,341.491,76.978,171.461,0.0,156.562,3.341,-3.096,4.412,-7.508,,-0.245,159.903,-20.409,139.494,0.0,0.0,0.0,139.494,0.0,139.494,0.0,0.0,139.494,136.737,-2.757,176.808,0.79,0.79,0.773364,187.046,0.75,0.75,0.73526,
05/31/2019,934.111,934.111,-144.283,144.283,789.828,0.0,-657.71,474.749,394.201,80.548,182.961,0.0,132.118,6.529,-7.295,1.959,-9.254,,0.766,138.647,2.473,141.12,0.0,0.0,0.0,141.12,0.0,141.12,0.0,0.0,141.12,137.242,-3.878,177.4,0.8,0.8,0.77363,186.635,0.76,0.76,0.739221,
