Date,Net Revenue,Net Interest Income,Total Interest Income,Interest Income,Investment Income,Total Interest Expense,Total Non-Interest Income,Trading Securities G/L,Trading Account Profits/Losses,Investments & Loans Income (Loss),Other Income (Loss),Commissions & Fees Earned,Other Operating Income (Losses),Provision for Loan Losses,Net Revenue after Provisions,Total Non-Interest Expense,Commissions & Fees Paid,Other Operating Expenses,Operating Income (Loss),Non-Operating (Income) Loss,Other Non-Operating (Income) Loss,"Pretax Income (Loss), GAAP",Income Tax Expense (Benefit),Income (Loss) from Cont Ops,Net Extraordinary Losses (Gains),Discontinued Operations,Extraordinary & Accounting Items,Income (Loss) incl. Minority Interest,Minority Interest,"Net Income, GAAP",Preferred Dividends,Other Adjustments,"Net Income Avail to Common, GAAP","Net Income Avail to Common, Adj",Net Abnormal Losses (Gains),Basic Weighted Avg Shares,"Basic EPS, GAAP",Basic EPS from Cont Ops,"Basic EPS from Cont Ops, Adjusted",Diluted Weighted Avg Shares,"Diluted EPS, GAAP",Diluted EPS from Cont Ops,"Diluted EPS from Cont Ops, Adjusted",Source: Bloomberg
12/28/1989,50.061,3.441999,15.716,15.716,0.0,-12.274,46.619,0.116,,,,44.444,2.059,0.0,50.061,-43.447999,0.94,42.507999,6.613,0.0,0.0,6.613,-2.547,4.066,0.0,,,4.066,0.0,4.066,0.0,,4.066,4.066,,97.304417,0.041555,0.041555,,97.304417,0.041555,0.041555,0.041555,
03/29/1990,47.202001,2.696,14.856,14.856,0.0,-12.16,44.506,0.302,,,,41.756001,2.448,0.0,47.202001,-41.834,1.251,40.583,5.368,0.0,0.0,5.368,-2.037,3.331,0.0,,,3.331,0.003,3.334,0.0,,3.334,3.334,,97.372756,0.034531,0.034531,,97.372756,0.034531,0.034531,0.034531,
06/28/1990,56.634,3.229,15.4,15.4,0.0,-12.171,53.405,1.147,,,,48.806,3.452,0.0,56.634,-47.822,1.093,46.729,8.812,-3.414,3.414,5.398,0.0,5.398,0.0,,,5.398,0.001,5.399,0.0,,5.399,5.399,,98.073277,0.055016,0.055016,,98.073277,0.055016,0.055016,0.055016,
09/27/1990,54.154999,3.288,15.313,15.313,0.0,-12.025,50.866999,-1.291,,,,41.300999,10.857,0.0,54.154999,-45.734998,1.371,44.363998,8.42,3.414,-3.414,11.834,-6.682,5.152,0.0,,,5.152,-0.004,5.148,0.0,,5.148,5.148,,107.299691,0.047993,0.047993,,107.299691,0.047993,0.047993,0.047993,
12/28/1990,51.143001,3.869,15.385,15.385,0.0,-11.516,47.274,1.177,,,,42.437,3.66,0.0,51.143001,-43.441001,1.102,42.339001,7.702,0.0,0.0,7.702,-2.996,4.706,0.0,,,4.706,0.007,4.713,0.0,,4.713,4.713,,105.43732,0.044481,0.044481,,105.43732,0.044481,0.044481,0.044481,
03/29/1991,59.741999,3.66,14.622,14.622,0.0,-10.962,56.081999,2.821,,,,49.021999,4.239,0.0,59.741999,-48.299001,1.017,47.282001,11.443,0.0,0.0,11.443,-4.355,7.088,0.0,,,7.088,0.004,7.092,0.0,,7.092,7.092,,107.316776,0.065844,0.065844,,107.316776,0.065844,0.065844,0.065844,
06/28/1991,65.902,3.689,13.005,13.005,0.0,-9.316,62.213,1.308,,,,55.91,4.995,0.0,65.902,-54.067,1.533,52.534,11.835,0.0,0.0,11.835,-4.552,7.283,0.0,,,7.283,0.003,7.286,0.0,,7.286,7.286,,108.689342,0.066722,0.066722,,108.689342,0.066722,0.066722,0.066722,
09/27/1991,68.945,3.490999,12.013,12.013,0.0,-8.522,65.454001,1.925,,,,59.338001,4.191,0.0,68.945,-56.382999,1.18,55.202999,12.562,0.0,0.0,12.562,-4.904,7.658,0.0,,,7.658,-0.014,7.644,0.0,,7.644,7.644,,108.837425,0.070233,0.070233,,108.837425,0.070233,0.070233,0.070233,
12/27/1991,73.167001,3.909,11.659,11.659,0.0,-7.75,69.258,3.279,,,,63.201,2.778,0.0,73.167001,-59.320998,1.172,58.148998,13.846,0.0,0.0,13.846,-5.423,8.423,0.0,,,8.423,0.006,8.429,0.0,,8.429,8.429,,109.486693,0.076379,0.076379,,109.486693,0.076379,0.076379,0.076379,
03/27/1992,90.526001,3.764,10.054,10.054,0.0,-6.29,86.762001,3.257,,,,80.623001,2.882,0.0,90.526001,-72.167004,1.91,70.257004,18.358999,0.0,0.0,18.358999,-6.803,11.556,0.0,,,11.555999,0.0,11.556,0.0,,11.556,11.556,,110.709285,0.104033,0.104033,,110.709285,0.104033,0.104033,0.104033,
06/26/1992,86.839996,3.798,7.986,7.986,0.0,-4.188,83.041996,3.317,,,,75.797997,3.927,0.0,86.839996,-69.532002,1.467,68.065002,17.308001,0.0,0.0,17.308001,-6.471,10.837,0.0,,,10.837,0.003,10.84,0.0,,10.84,10.84,,110.739658,0.097449,0.097449,,110.739658,0.097449,0.097449,0.097449,
09/25/1992,89.177004,3.538,6.734,6.734,0.0,-3.196,85.639004,3.689,,,,70.980003,10.97,0.0,89.177004,-72.877997,1.456,71.421997,16.299,0.0,0.0,16.299,-6.093,10.206,0.0,,,10.206,-0.009,10.197,0.0,,10.197,10.197,,110.618159,0.092181,0.092181,,110.618159,0.092181,0.092181,0.092181,
12/24/1992,89.996002,3.796,7.11,7.11,0.0,-3.314,86.200002,3.232,,,,79.830002,3.138,0.0,89.996002,-73.635003,1.473,72.162003,16.361,0.0,0.0,16.361,-6.039,10.322,0.0,,,10.322,0.011,10.333,0.0,,10.333,10.333,,109.312035,0.093498,0.093498,,109.312035,0.093498,0.093498,0.093498,
03/31/1993,108.369998,3.985,8.018,8.018,0.0,-4.033,104.384998,3.921,,,,96.405998,4.058,0.0,108.369998,-87.250001,1.585,85.665001,21.120001,0.0,0.0,21.120001,-8.453,12.667,0.0,,,12.667001,0.012,12.679,0.0,,12.679,12.679,,110.079002,0.114568,0.114568,,110.079002,0.114568,0.114568,0.114568,
06/30/1993,109.303997,4.065001,8.836,8.836,0.0,-4.771,105.238997,2.922,,,,97.769997,4.547,0.0,109.303997,-89.999003,1.712,88.287003,19.305,0.0,0.0,19.305,-7.538,11.767,0.0,,,11.767,0.006,11.773,0.0,,11.773,11.773,,109.949907,0.106667,0.106667,,109.949907,0.106667,0.106667,0.106667,
09/24/1993,126.884001,4.577,9.652,9.652,0.0,-5.075,122.307001,4.771,,,,106.901001,10.635,0.0,126.884001,-103.381996,2.042,101.339996,23.502001,0.0,0.0,23.502001,-8.911,14.591,0.0,,,14.591001,-0.029,14.562,0.0,,14.562,14.562,,109.927125,0.133004,0.133004,0.133004,109.927125,0.133004,0.133004,0.133004,
12/31/1993,126.662001,5.447,13.198,13.198,0.0,-7.751,121.215001,2.467,,,,113.262001,5.486,0.0,126.662001,-105.460997,1.914,103.546997,21.201,0.0,0.0,21.201,-7.93,13.271,0.0,,,13.271,0.007,13.278,0.0,,13.278,13.278,,109.299376,0.122469,0.122469,,109.299376,0.122469,0.122469,0.122469,
03/31/1994,122.406002,4.726,12.389,12.389,0.0,-7.663,117.680002,2.194,,,,109.898003,5.588,0.0,122.406002,-102.699003,1.912,100.787003,19.707001,0.0,0.0,19.707001,-7.368,12.339,0.0,,,12.339001,0.009,12.348,0.0,,12.348,12.348,,110.094186,0.112593,0.112593,,110.094186,0.112593,0.112593,0.112593,
06/30/1994,108.199,5.122,14.66,14.66,0.0,-9.538,103.077,0.062,,,,97.263,5.752,0.0,108.199,-96.313002,2.08,94.233002,11.886,0.0,0.0,11.886,-4.431,7.455,0.0,,,7.454999,-0.007,7.448,0.0,,7.448,7.448,,106.935183,0.069136,0.069136,,106.935183,0.069136,0.069136,0.069136,
09/30/1994,113.715003,7.093,18.295,18.295,0.0,-11.202,106.622003,2.12,,,,108.578003,-4.076,0.0,113.715003,-99.292001,1.738,97.554001,14.423,0.0,0.0,14.423,-5.419,9.004,0.0,,,9.004,-0.009,8.995,0.0,,8.995,8.995,,105.603755,0.084938,0.084938,0.084938,105.603755,0.084938,0.084938,0.084938,
12/30/1994,103.365003,7.333,19.68,19.68,0.0,-12.347,96.032002,0.596,,,,94.343002,1.093,0.0,103.365003,-90.852,1.964,88.888,12.513,0.0,0.0,12.513,-4.633,7.88,0.0,,,7.88,0.011,7.891,0.0,,7.891,7.891,,103.639501,0.075062,0.075062,,103.639501,0.075062,0.075062,0.075062,
03/31/1995,111.292004,7.404001,21.790001,21.790001,0.0,-14.386,103.888003,5.211,,,,94.231003,4.446,0.0,111.292004,-94.996002,1.819,93.177002,16.296,0.0,0.0,16.296,-6.195,10.101,0.0,,,10.100999,-0.001,10.1,0.0,,10.1,10.1,,104.788684,0.09679,0.09679,,104.788684,0.09679,0.09679,0.09679,
06/30/1995,129.367002,8.504,28.08,28.08,0.0,-19.576,120.863003,4.857,,,,113.648003,2.358,0.0,129.367002,-107.695002,2.116,105.579002,21.672001,0.0,0.0,21.672001,-7.832,13.84,0.0,,,13.840001,-0.002,13.838,0.0,,13.838,13.838,,105.173436,0.132346,0.132346,,105.173436,0.132346,0.132346,0.132346,
09/29/1995,145.288007,9.212,27.660999,27.660999,0.0,-18.448999,136.076007,1.973,,,,132.126007,1.977,0.0,145.288007,-121.310004,2.358,118.952003,23.978001,0.0,0.0,23.978001,-9.658,14.32,0.0,,,14.320001,-0.008,14.312,0.0,,14.312,14.312,,105.922689,0.136296,0.136296,,105.922689,0.136296,0.136296,0.136296,
12/29/1995,135.391002,9.93,26.565001,26.565001,0.0,-16.635,125.461001,2.779,,,,119.081001,3.601,0.0,135.391002,-115.065997,2.38,112.685997,20.325001,0.0,0.0,20.325001,-7.747,12.578,0.0,,,12.578001,-0.037,12.541,0.0,,12.541,12.541,,106.206188,0.118519,0.118519,0.118519,106.206188,0.118519,0.118519,0.118519,
03/31/1996,156.441993,10.905998,33.182999,33.182999,0.0,-22.277,145.535994,3.43,,,,138.093994,4.012,0.0,156.441993,-131.787992,2.927,128.860992,24.653999,0.0,0.0,24.653999,-9.352,15.302,0.0,,,15.301999,0.011,15.313,0.0,,15.313,15.313,,106.469438,0.144198,0.144198,0.144198,106.469438,0.144198,0.144198,0.144198,
06/28/1996,175.900997,11.010002,33.303001,33.303001,0.0,-22.292999,164.890995,3.028,,,,158.300995,3.562,0.0,175.900997,-145.339996,1.985,143.354996,30.561001,0.0,0.0,30.561001,-11.94,18.621,0.0,,,18.621001,-0.039,18.582001,0.0,,18.582001,18.582001,,106.833941,0.173827,0.173827,0.173827,106.833941,0.173827,0.173827,0.173827,
09/30/1996,170.547001,11.136,33.402,33.402,0.0,-22.266001,159.411001,3.006,,,,152.498001,3.907,0.0,170.547001,-137.561997,2.806,134.755997,32.985001,0.0,0.0,32.985001,-13.508,19.476999,0.0,,,19.477,0.065,19.542,0.0,,19.542,19.542,,106.930124,0.183704,0.183704,0.183704,106.930124,0.183704,0.183704,0.183704,
12/27/1996,171.339993,12.398998,35.877998,35.877998,0.0,-23.479,158.940994,4.689,,,,149.996994,4.255,0.0,171.339993,-143.341996,2.043,141.298996,27.997999,0.0,0.0,27.997999,-10.83,17.167999,0.0,,,17.167999,0.0,17.167999,0.0,,17.167999,17.167999,,105.963186,0.164543,0.164543,0.164543,107.654059,0.16,0.16,0.16,
03/27/1997,194.280993,12.618,37.686001,37.686001,0.0,-25.068001,181.662992,4.022,,,,173.485992,4.155,0.0,194.280993,-162.799006,3.102,159.697006,31.482,30.646,-30.646,62.128,-23.997999,38.130001,0.0,,,38.130001,0.0,38.130001,0.0,,38.130001,38.130001,,106.565621,0.360099,0.360099,0.182321,108.924754,0.351012,0.351012,0.177778,
06/27/1997,185.268002,14.061998,38.911999,38.911999,0.0,-24.85,171.206004,3.243,,,,163.938004,4.025,0.0,185.268002,-157.322994,2.811,154.511993,27.945,0.0,0.0,27.945,-10.805,17.139999,0.0,,,17.139999,0.0,17.139999,0.0,,17.139999,17.139999,,106.862625,0.155556,0.155556,0.155556,109.636877,0.155556,0.155556,0.155556,
09/30/1997,244.730997,15.326,43.27,43.27,0.0,-27.944,229.404996,0.843,,,,220.936996,7.625,0.0,244.730997,-202.287004,3.752,198.535004,42.444,0.0,0.0,42.444,-15.967,26.476999,0.0,,,26.477,0.0,26.476999,0.0,,26.476999,26.476999,,106.380002,0.248889,0.248889,0.248889,110.321999,0.24,0.24,0.24,
12/26/1997,222.884995,16.770998,46.189999,46.189999,0.0,-29.419001,206.113997,1.874,,,,200.171997,4.068,0.0,222.884995,-185.998994,3.03,182.968994,36.886002,0.0,0.0,36.886002,-14.141,22.745001,0.0,,,22.745002,0.0,22.745001,0.0,,22.745001,22.745001,,107.433002,0.213333,0.213333,0.213333,110.257871,0.204444,0.204444,0.204444,
03/27/1998,236.270005,17.337999,48.605999,48.605999,0.0,-31.268,218.932005,3.035,,,,211.505005,4.392,0.0,236.270005,-195.735994,2.767,192.968994,40.534,0.0,0.0,40.534,-15.834,24.700001,0.0,,,24.700001,0.0,24.700001,0.0,,24.700001,24.700001,,108.354373,0.226667,0.226667,0.226667,111.408744,0.222222,0.222222,0.222222,
06/26/1998,242.326001,18.228001,51.693001,51.693001,0.0,-33.465,224.098001,0.697,,,,217.485001,5.916,0.0,242.326001,-205.984995,2.865,203.119995,36.341,0.0,0.0,36.341,-13.55,22.791,0.0,,,22.790999,0.0,22.791,0.0,,22.791,22.791,,108.789754,0.208889,0.208889,0.208889,112.396497,0.204444,0.204444,0.204444,
09/25/1998,250.417007,18.909,55.765999,55.765999,0.0,-36.856998,231.508007,0.694,,,,223.113007,7.701,0.0,250.417007,-213.941994,2.945,210.996994,36.474998,0.0,0.0,36.474998,-14.007,22.468,0.0,,,22.467999,0.0,22.468,0.0,,22.468,22.468,,108.8595,0.204444,0.204444,0.204444,111.6405,0.2,0.2,0.2,
12/24/1998,232.666,17.335,49.176,49.176,0.0,-31.841,215.331,6.046,6.046,,,205.632,3.653,0.0,232.666,-204.329,2.76,201.569,28.337,0.0,0.0,28.337,-10.858,17.479,0.0,,,17.479,0.0,17.479,0.0,,17.479,17.479,,108.26775,0.16,0.16,0.16,110.50875,0.16,0.16,0.16,
03/26/1999,261.515998,17.978001,55.653,55.653,0.0,-37.674999,243.537998,4.445,,,,235.212997,3.88,0.0,261.515998,-226.197002,3.367,222.830002,35.319,0.0,0.0,35.319,-13.45,21.868999,0.0,,,21.869,0.0,21.868999,0.0,,21.868999,21.868999,,107.318247,0.204444,0.204444,0.204444,109.107001,0.2,0.2,0.2,
06/25/1999,286.402007,20.116001,58.104,58.104,0.0,-37.987999,266.286005,4.771,,,,258.087006,3.428,0.0,286.402007,-248.412995,4.015,244.397995,37.988998,0.0,0.0,37.988998,-14.499,23.49,0.0,,,23.489999,0.0,23.49,0.0,,23.49,23.49,,106.3755,0.222222,0.222222,0.222222,108.188999,0.217778,0.217778,0.217778,
09/24/1999,300.12799,22.882999,66.873001,66.873001,0.0,-43.990002,277.244991,1.772,,,,266.627991,8.845,0.0,300.12799,-264.254002,3.314,260.940002,35.874001,0.0,0.0,35.874001,-13.622,22.252001,0.0,,,22.252001,0.0,22.252001,0.0,,22.252001,22.252001,,106.490247,0.208889,0.208889,0.208889,108.224997,0.204444,0.204444,0.204444,
12/31/1999,335.042991,27.021,75.903999,75.903999,0.0,-48.882999,308.021991,5.235,,,,297.05899,5.728,0.0,335.042991,-291.815997,3.282,288.533997,43.227001,0.0,0.0,43.227001,-16.410999,26.816,0.0,,,26.816002,0.0,26.816,0.0,0.0,26.816,26.816,,105.470999,0.253333,0.253333,0.253333,106.870502,0.248889,0.248889,0.248889,
03/31/2000,400.10099,28.509003,84.595001,84.595001,0.0,-56.085999,371.591988,7.066,,,,355.411987,9.114,0.0,400.10099,-337.925997,3.823,334.102997,62.174999,0.0,0.0,62.174999,-23.938999,38.236,0.0,,,38.236,0.0,38.236,0.0,0.0,38.236,38.236,,103.524754,0.368889,0.368889,0.368889,104.730752,0.364444,0.364444,0.364444,
06/30/2000,367.710983,30.249996,88.962997,88.962997,0.0,-58.713001,337.460987,7.985,,,,320.691986,8.784,0.0,367.710983,-329.282992,4.379,324.903992,38.428001,0.0,0.0,38.428001,-15.265,23.163,0.0,,,23.163001,0.0,23.163,0.0,0.0,23.163,23.163,,103.704749,0.222222,0.222222,0.222222,105.00075,0.222222,0.222222,0.222222,
09/29/2000,367.086987,31.256996,96.226997,96.226997,0.0,-64.970001,335.82999,6.991,,,,319.97699,8.862,0.0,367.086987,-306.237013,3.33,302.907013,60.849998,0.0,0.0,60.849998,-23.870001,36.98,0.0,,,36.979998,0.0,36.98,0.0,0.0,36.98,36.98,,103.981502,0.355556,0.355556,0.355556,106.159498,0.351111,0.351111,0.351111,
12/29/2000,350.20998,31.651993,102.464996,102.464996,0.0,-70.813004,318.557988,6.98,,,,303.549988,8.028,0.0,350.20998,-301.081009,3.153,297.928009,49.129002,0.0,0.0,49.129002,-16.948,32.181,0.0,,,32.181002,0.0,32.181,0.0,0.0,32.181,32.181,,104.957997,0.306667,0.306667,0.306667,107.599497,0.297778,0.297778,0.297778,
03/30/2001,367.723012,27.717003,94.998001,94.998001,0.0,-67.280998,340.006009,7.125,,,,324.997009,7.884,0.0,367.723012,-330.79699,3.863,326.93399,36.925999,0.0,0.0,36.925999,-14.261,22.665001,0.0,,,22.664999,0.0,22.665001,0.0,0.0,22.665001,22.665001,,107.610749,0.208889,0.208889,0.208889,110.805754,0.204444,0.204444,0.204444,
06/29/2001,374.662992,24.756001,75.625999,75.625999,0.0,-50.869999,349.906992,7.889,,,,333.235992,8.782,0.0,374.662992,-326.228012,4.485,321.743011,48.435001,0.0,0.0,48.435001,-19.504999,28.93,0.0,,,28.930002,0.0,28.93,0.0,0.0,28.93,28.93,,108.076501,0.266667,0.266667,0.266667,110.679754,0.262222,0.262222,0.262222,
09/28/2001,340.437996,21.910999,61.298,61.298,0.0,-39.387001,318.526997,4.934,,,,306.546997,7.046,0.0,340.437996,-317.459995,4.59,312.869995,22.978001,0.0,0.0,22.978001,-10.344,12.634,0.0,,,12.634001,0.0,12.634,0.0,0.0,12.634,12.634,,109.331998,0.115556,0.115556,0.115556,110.25,0.115556,0.115556,0.115556,
12/28/2001,339.014998,20.258001,45.379002,45.379002,0.0,-25.121,318.756997,5.912,,,,304.602997,8.242,0.0,339.014998,-309.633008,3.369,306.264008,29.382,0.0,0.0,29.382,-11.284,18.098,0.0,,,18.098,0.0,18.098,0.0,0.0,18.098,18.098,,108.848248,0.164444,0.164444,0.164444,111.073503,0.164444,0.164444,0.164444,
03/28/2002,361.037,19.345,38.586,38.586,0.0,-19.241,341.692,3.861,,,,327.492,10.339,0.0,361.037,-330.349,3.623,326.726,30.688,0.0,0.0,30.688,-11.871,18.817,0.0,,,18.817,0.0,18.817,0.0,0.0,18.817,18.817,,109.70775,0.173333,0.173333,0.173333,112.2075,0.168889,0.168889,0.168889,
06/28/2002,370.945002,21.316,38.493999,38.493999,0.0,-17.177999,349.629002,3.125,,,,336.095001,10.409,0.0,370.945002,-337.006001,3.924,333.082001,33.938999,0.0,0.0,33.938999,-13.546,20.393,0.0,,,20.393,0.0,20.393,0.0,0.0,20.393,20.393,,109.943996,0.186667,0.186667,0.186667,112.198503,0.182222,0.182222,0.182222,
09/27/2002,367.855006,22.547998,37.342999,37.342999,0.0,-14.795,345.307008,9.751,,,,327.376007,8.18,0.0,367.855006,-330.34901,4.714,325.63501,37.506001,0.0,0.0,37.506001,-15.511,21.995001,0.0,,,21.995001,0.0,21.995001,0.0,0.0,21.995001,21.995001,,109.975496,0.2,0.2,0.2,111.152252,0.195556,0.195556,0.195556,
12/27/2002,331.395001,21.433,34.646,34.646,0.0,-13.213,309.962001,3.707,,,,290.845001,15.41,0.0,331.395001,-308.029993,3.531,304.498993,23.365,0.0,0.0,23.365,-8.937,14.428,0.0,,,14.427999,0.0,14.428,0.0,0.0,14.428,14.428,,109.714502,0.133333,0.133333,0.133333,111.523504,0.128889,0.128889,0.128889,
03/28/2003,339.819,20.322,31.0,31.0,0.0,-10.678,319.497,5.456,,,,304.112,9.929,0.0,339.819,-315.548,4.147,311.401,24.271,0.0,0.0,24.271,-9.077,15.194,0.0,,,15.194,0.0,15.194,0.0,0.0,15.194,15.194,,109.053,0.137778,0.137778,0.137778,109.68975,0.137778,0.137778,0.137778,
06/27/2003,377.990997,20.587998,32.363998,32.363998,0.0,-11.776,357.402999,8.491,,,,338.891998,10.02,0.0,377.990997,-339.847003,5.187,334.660004,38.144001,0.0,0.0,38.144001,-14.582,23.562,0.0,,,23.562001,0.0,23.562,0.0,0.0,23.562,23.562,,109.183502,0.217778,0.217778,0.217778,110.045251,0.213333,0.213333,0.213333,
09/26/2003,402.756,19.754,29.697,29.697,0.0,-9.943,383.002,2.96,,,,364.202,15.84,0.0,402.756,-350.261,4.865,345.396,52.495,0.0,0.0,52.495,-19.361,33.134,0.0,,,33.134,0.0,33.134,0.0,0.0,33.134,33.134,,108.99,0.302222,0.302222,0.302222,110.54925,0.297778,0.297778,0.297778,
12/26/2003,413.987,20.483,31.156,31.156,0.0,-10.673,393.504,6.779,,,,373.677,13.048,0.0,413.987,-375.032,5.052,369.98,38.955,0.0,0.0,38.955,-14.725,24.23,0.0,,,24.23,0.0,24.23,0.0,0.0,24.23,24.23,,109.32075,0.222222,0.222222,0.222222,111.16575,0.217778,0.217778,0.217778,
03/26/2004,480.448,20.65,31.575,31.575,0.0,-10.925,459.798,4.512,,,,440.135,15.151,0.0,480.448,-413.541,5.32,408.221,66.907,0.0,0.0,66.907,-23.839,43.068,0.0,,,43.068,0.0,43.068,0.0,0.0,43.068,43.068,,110.028,0.393333,0.393333,0.393333,111.5925,0.386667,0.386667,0.386667,
06/25/2004,440.111,21.847,33.271,33.271,0.0,-11.424,418.264,5.031,,,,398.296,14.937,0.0,440.111,-392.397,5.094,387.303,47.714,0.0,0.0,47.714,-18.101,29.613,0.0,,,29.613,0.0,29.613,0.0,0.0,29.613,29.613,,110.388,0.266667,0.266667,0.266667,111.84,0.266667,0.266667,0.266667,
09/24/2004,446.713,23.267,38.763,38.763,0.0,-15.496,423.446,7.243,,,,399.464,16.739,0.0,446.713,-396.169,5.308,390.861,50.544,0.0,0.0,50.544,-19.88,30.664,0.0,,,30.664,0.0,30.664,0.0,0.0,30.664,30.664,,110.634,0.28,0.28,0.28,111.825,0.273333,0.273333,0.273333,
12/31/2004,498.985,29.024,54.416,54.416,,-25.392,469.961,9.752,9.752,,,445.836,14.373,,498.985,-432.591,5.466,427.125,66.394,0.0,0.0,66.394,-25.562,40.832,,,,40.832,-1.589,39.243,0.0,0.0,39.243,39.243,,111.003,0.353333,0.353333,0.353333,113.001,0.346667,0.346667,0.346667,
03/24/2005,483.118,28.183,57.392,57.392,,-29.209,454.935,7.445,7.445,,,430.614,16.876,,483.118,-428.609,5.779,422.83,54.509,0.0,0.0,54.509,-23.432,31.077,,,,31.077,3.62,34.697,,0.0,34.697,34.697,,168.4665,0.206667,0.206667,0.206667,171.687,0.2,0.2,0.2,
06/24/2005,493.544,33.536,66.354,66.354,0.0,-32.818,460.008,2.722,,,,439.089,18.197,0.0,493.544,-442.58,6.769,435.811,50.964,0.0,0.0,50.964,-19.094,31.87,0.0,,,31.87,0.512,32.382,0.0,0.0,32.382,32.382,,110.4945,0.293333,0.293333,0.293333,113.382,0.286667,0.286667,0.286667,
09/30/2005,563.561,37.03,67.4,67.4,0.0,-30.37,526.531,4.693,,,,499.977,21.861,0.0,563.561,-488.386,6.049,482.337,75.175,0.0,0.0,75.175,-28.837,46.338,0.0,,,46.338,-1.614,44.724,0.0,0.0,44.724,44.724,,110.9175,0.4,0.4,0.4,113.769,0.393333,0.393333,0.393333,
12/31/2005,526.536,39.239,88.05,88.05,0.0,-48.811,487.297,5.857,,,,461.988,19.452,0.0,526.536,-455.716,5.766,449.95,70.82,0.0,0.0,70.82,-26.226,44.594,0.0,,,44.594,0.515,45.109,0.0,0.0,45.109,45.109,,111.501,0.406667,0.406667,0.406667,113.6355,0.4,0.4,0.4,
03/31/2006,596.007,42.606,106.622,106.622,0.0,-64.016,553.401,8.189,8.189,,,505.657,39.555,0.0,596.007,-504.743,14.934,489.809,91.264,0.0,0.0,91.264,-33.779,57.485,0.0,,,57.485,4.046,61.531,0.0,0.0,61.531,61.531,,113.194,0.54,0.54,0.45,116.412,0.53,0.53,0.44,
06/30/2006,632.976,44.171,125.86,125.86,0.0,-81.689,588.805,5.671,,,,556.636,26.498,0.0,632.976,-538.647,8.781,529.866,94.329,0.0,0.0,94.329,-39.728,54.601,0.0,,,54.601,2.173,56.774,0.0,0.0,56.774,56.774,,113.464,0.5,0.5,0.46,116.96,0.48,0.48,0.44,
09/30/2006,593.389,47.295,149.449,149.449,0.0,-102.154,546.094,7.439,,,,503.998,34.657,0.0,593.389,-515.895,8.722,507.173,77.494,0.0,0.0,77.494,-27.991,49.503,0.0,,,49.503,1.425,50.928,0.0,0.0,50.928,50.928,,113.193,0.45,0.45,0.45,115.745,0.44,0.44,0.44,
12/31/2006,603.9,52.495,158.224,158.224,0.0,-105.729,551.405,6.293,,,,522.806,22.306,0.0,603.9,-513.109,7.536,505.573,90.791,0.0,0.0,90.791,-34.371,56.42,0.0,,,56.42,2.975,59.395,0.0,0.0,59.395,59.395,,114.339,0.52,0.52,0.52,117.893,0.5,0.5,0.5,
03/31/2007,625.719,52.26,164.812,164.812,0.0,-112.552,573.459,3.091,,,,538.346,32.022,0.0,625.719,-530.764,6.946,523.818,94.955,0.0,0.0,94.955,-33.24,61.715,0.0,,,61.715,-2.0,59.715,0.0,0.0,59.715,59.715,,115.702,0.52,0.52,0.52,118.687,0.5,0.5,0.5,
06/30/2007,688.66,57.598,191.691,191.691,0.0,-134.093,631.062,7.05,,,,595.904,28.108,0.0,688.66,-583.133,8.18,574.953,105.527,0.0,0.0,105.527,-41.545,63.982,0.0,,,63.982,4.371,68.353,0.0,0.0,68.353,68.353,,116.135,0.59,0.59,0.59,119.14,0.57,0.57,0.57,
09/30/2007,691.636,64.975,212.265,212.265,0.0,-147.29,626.661,0.042,,,,607.065,19.554,0.0,691.636,-600.412,8.084,592.328,91.224,0.0,0.0,91.224,-32.638,58.586,0.0,,,58.586,4.381,62.967,0.0,0.0,62.967,62.967,,116.44,0.54,0.54,0.54,119.743,0.53,0.53,0.53,
12/31/2007,685.827,69.586,212.95,212.95,,-143.364,616.241,1.102,1.102,,,586.04,29.099,-12.82,673.007,-581.705,21.516,560.189,91.302,0.0,0.0,91.302,-34.515,56.787,0.0,,,56.787,-0.545,56.242,0.0,0.0,56.242,56.242,0.0,116.881,0.48,0.48,0.48,120.241,0.47,0.47,0.47,
03/31/2008,691.687,75.867,191.314,191.314,,-115.447,615.82,-6.946,-6.946,,,594.811,27.955,-11.113,680.574,-585.98,19.656,566.324,94.594,0.0,0.0,94.594,-38.028,56.566,0.0,,,56.566,3.224,59.79,0.0,0.0,59.79,59.79,0.0,117.312,0.51,0.51,0.51,119.52,0.5,0.5,0.5,
06/30/2008,742.024,90.211,156.935,156.935,,-66.724,651.813,11.1,11.1,,,602.727,37.986,-12.366,729.658,-614.965,20.966,593.999,114.693,0.0,0.0,114.693,-45.18,69.513,0.0,,,69.513,0.425,69.938,0.0,0.0,69.938,69.938,0.0,115.633,0.6,0.6,0.6,118.272,0.59,0.59,0.59,
09/30/2008,693.165,96.17,162.864,162.864,,-66.694,596.995,-6.947,-6.947,,,572.276,31.666,,693.165,-611.206,19.972,591.234,81.959,0.0,0.0,81.959,-34.053,47.906,0.0,,,47.906,1.202,49.108,0.0,0.0,49.108,49.108,0.0,115.973,0.42,0.42,0.42,119.009,0.41,0.41,0.41,
12/31/2008,663.942,111.721,143.612,143.612,,-31.891,552.221,9.175,9.175,0.0,0.0,516.528,26.518,-24.87,639.072,-542.415,18.31,524.105,96.657,0.0,0.0,96.657,-40.571,56.086,0.0,0.0,0.0,56.086,5.007,61.093,0.0,0.0,61.093,61.093,0.0,116.307,0.5,0.5,0.5,116.559,0.5,0.5,0.5,
03/31/2009,584.996,101.329,108.073,108.073,,-6.744,483.667,12.766,12.766,0.0,0.0,452.801,18.1,-74.979,510.017,-503.791,14.686,489.105,6.226,0.0,0.0,6.226,-6.825,-0.599,0.0,0.0,0.0,-0.599,6.692,6.093,0.0,-0.547,5.546,5.546,0.0,117.134,0.05,0.05,0.05,117.187,0.05,0.05,0.05,
06/30/2009,629.47,90.584,98.037,98.037,,-7.453,538.886,13.272,13.272,0.0,0.0,489.649,35.965,-29.79,599.68,-522.99,13.426,509.564,76.69,0.0,0.0,76.69,-29.714,46.976,0.0,0.0,0.0,46.976,-4.381,42.595,0.0,-1.798,40.797,40.797,0.0,117.93,0.35,0.35,0.35,117.951,0.35,0.35,0.35,
09/30/2009,667.158,82.997,93.862,93.862,,-10.865,584.161,12.791,12.791,0.0,0.0,544.709,26.661,-39.702,627.456,-570.628,14.58,556.048,56.828,0.0,0.0,56.828,-18.914,37.914,0.0,0.0,0.0,37.914,5.055,42.969,0.0,0.0,42.969,42.969,0.0,118.147,0.35,0.35,0.35,118.304,0.35,0.35,0.35,
12/31/2009,686.967,75.67,91.372,91.372,,-15.702,611.297,11.637,11.637,0.0,0.0,575.626,24.034,-22.835,664.132,-597.019,17.605,579.414,67.113,0.0,0.0,67.113,-26.485,40.628,0.0,0.0,0.0,40.628,2.275,42.903,0.0,0.0,42.903,42.903,0.0,118.763,0.35,0.35,0.35,118.983,0.35,0.35,0.35,
03/31/2010,734.439,77.727,93.275,93.275,,-15.548,656.712,10.17,10.17,0.0,0.0,605.645,40.897,-19.937,714.502,-620.294,18.237,602.057,94.208,0.0,0.0,94.208,-34.028,60.18,0.0,0.0,0.0,60.18,-4.552,55.628,0.0,-2.387,53.241,53.241,0.0,119.288,0.45,0.45,0.45,119.58,0.45,0.45,0.45,
06/30/2010,747.373,76.541,92.78,92.78,,-16.239,670.832,3.047,3.047,0.0,0.0,633.196,34.589,-17.098,730.275,-634.928,16.468,618.46,95.347,0.0,0.0,95.347,-36.824,58.523,0.0,0.0,0.0,58.523,2.164,60.687,0.0,-2.554,58.133,58.133,0.0,119.622,0.49,0.49,0.49,120.019,0.48,0.48,0.48,
09/30/2010,747.886,78.103,93.465,93.465,,-15.362,669.783,13.402,13.402,0.0,0.0,633.394,22.987,-20.543,727.343,-627.867,14.64,613.227,99.476,0.0,0.0,99.476,-36.288,63.188,0.0,0.0,0.0,63.188,5.877,69.065,0.0,0.0,69.065,69.065,0.0,119.912,0.55,0.55,0.55,120.128,0.55,0.55,0.55,
12/31/2010,813.829,87.882,104.386,104.386,,-16.504,725.947,6.322,6.322,0.0,0.0,687.112,32.513,-11.232,802.597,-675.851,16.821,659.03,126.746,0.0,0.0,126.746,-48.791,77.955,0.0,0.0,0.0,77.955,3.768,81.723,0.0,-2.885,78.838,78.838,0.0,121.155,0.65,0.65,0.65,121.534,0.65,0.65,0.65,
03/31/2011,852.057,82.124,96.811,96.811,,-14.687,769.933,15.246,15.246,0.0,0.0,720.573,34.114,-8.637,843.42,-719.182,17.314,701.868,124.238,0.0,0.0,124.238,-45.32,78.918,0.0,0.0,0.0,78.918,1.999,80.917,0.0,-2.609,78.308,78.308,0.0,122.396,0.64,0.64,0.64,123.265,0.64,0.64,0.64,
06/30/2011,850.387,78.007,95.832,95.832,,-17.825,772.38,7.529,7.529,0.0,0.0,709.825,55.026,-8.363,842.024,-760.945,17.98,742.965,81.079,0.0,0.0,81.079,-31.881,49.198,0.0,0.0,0.0,49.198,-2.412,46.786,0.0,-1.392,45.394,45.394,0.0,123.238,0.37,0.37,0.37,123.958,0.37,0.37,0.37,
09/30/2011,817.783,78.475,95.289,95.289,,-16.814,739.308,-1.591,-1.591,0.0,0.0,737.091,3.808,-5.423,812.36,-693.678,16.446,677.232,118.682,0.0,0.0,118.682,-56.902,61.78,0.0,0.0,0.0,61.78,7.147,68.927,0.0,0.0,68.927,68.927,0.0,123.366,0.54,0.54,0.54,123.771,0.54,0.54,0.54,
12/31/2011,782.777,86.056,102.096,102.096,,-16.04,696.721,9.343,9.343,0.0,0.0,678.185,9.193,-7.456,775.321,-670.673,14.016,656.657,104.648,0.0,0.0,104.648,-43.526,61.122,0.0,0.0,0.0,61.122,6.203,67.325,0.0,-1.722,65.603,65.603,0.0,123.225,0.53,0.53,0.53,123.712,0.53,0.53,0.53,
03/31/2012,871.937,90.936,108.852,108.852,,-17.916,781.001,12.979,12.979,0.0,0.0,746.605,21.417,-5.154,866.783,-758.881,16.213,742.668,107.902,0.0,0.0,107.902,-42.628,65.274,0.0,0.0,0.0,65.274,3.595,68.869,0.0,-1.421,67.448,67.448,12.7426,129.353,0.52,0.52,0.619936,130.644,0.52,0.52,0.617537,
06/30/2012,1086.208,91.632,121.186,121.186,,-29.554,994.576,14.544,14.544,0.0,0.0,945.415,34.617,-9.315,1076.893,-938.902,18.79,920.112,137.991,0.0,0.0,137.991,-48.52,89.471,0.0,0.0,0.0,89.471,-13.121,76.35,0.0,-1.355,74.995,74.995,557.822,135.256,0.55,0.55,4.678661,136.657,0.55,0.55,4.631913,
09/30/2012,1065.609,93.265,121.124,121.124,,-27.859,972.344,18.672,18.672,0.0,0.0,932.426,21.246,-3.969,1061.64,-944.26,19.613,924.647,117.38,0.0,0.0,117.38,-40.982,76.398,0.0,0.0,0.0,76.398,6.927,83.325,0.0,-1.428,81.897,81.897,12.397,135.797,0.6,0.6,0.694375,137.49,0.6,0.6,0.690167,
12/31/2012,1109.488,95.105,123.126,123.126,,-28.021,1014.383,9.339,9.339,0.0,0.0,973.975,31.069,-2.923,1106.565,-959.398,18.218,941.18,147.167,0.0,0.0,147.167,-53.273,93.894,0.0,0.0,0.0,93.894,-8.02,85.874,0.0,-1.204,84.67,84.67,10.726,136.524,0.62,0.62,0.698749,138.694,0.61,0.61,0.687336,
03/31/2013,1143.095,90.829,118.032,118.032,,-27.203,1052.266,8.128,8.128,0.0,0.0,969.147,74.991,-3.737,1139.358,-980.055,19.815,960.24,159.303,0.0,0.0,159.303,-51.057,108.246,0.0,0.0,0.0,108.246,-28.286,79.96,0.0,-0.908,79.052,79.052,19.2033,137.817,0.57,0.57,0.71294,140.722,0.56,0.56,0.696463,
06/30/2013,1109.536,89.184,117.376,117.376,,-28.192,1020.352,-1.456,-1.456,0.0,0.0,996.76,25.048,2.142,1111.678,-982.781,19.635,963.146,128.897,0.0,0.0,128.897,-48.192,80.705,0.0,0.0,0.0,80.705,3.157,83.862,0.0,-0.875,82.987,82.987,8.66,138.185,0.6,0.6,0.66322,141.231,0.59,0.59,0.651318,
09/30/2013,1123.308,88.11,115.065,115.065,,-26.955,1035.198,18.058,18.058,0.0,0.0,1002.366,14.774,1.953,1125.261,-966.718,19.697,947.021,158.543,0.0,0.0,158.543,-44.511,114.032,0.0,0.0,0.0,114.032,3.426,117.458,0.0,0.0,117.458,117.458,14.30195,138.447,0.84,0.84,0.9517,141.793,0.82,0.82,0.920865,
12/31/2013,1183.402,91.721,117.093,117.093,,-25.372,1091.681,18.151,18.151,0.0,0.0,1048.965,24.565,-1.636,1181.766,-1002.954,21.753,981.201,178.812,0.0,0.0,178.812,-62.291,116.521,0.0,0.0,0.0,116.521,0.112,116.633,0.0,-0.884,115.749,115.749,0.0,139.089,0.83,0.83,0.83,142.597,0.81,0.81,0.81,
03/31/2014,1178.645,92.413,118.393,118.393,,-25.98,1086.232,14.842,14.842,0.0,0.0,1062.15,9.24,-1.979,1176.666,-1023.667,23.674,999.993,152.999,0.0,0.0,152.999,-60.904,92.095,0.0,0.0,0.0,92.095,12.465,104.56,0.0,-0.656,103.904,103.904,0.0,139.888,0.74,0.74,0.74,143.636,0.72,0.72,0.72,
06/30/2014,1214.231,92.339,119.391,119.391,,-27.052,1121.892,17.276,17.276,0.0,0.0,1082.82,21.796,-4.467,1209.764,-1030.831,22.222,1008.609,178.933,0.0,0.0,178.933,-68.554,110.379,0.0,0.0,0.0,110.379,12.31,122.689,0.0,-0.71,121.979,121.979,0.0,140.27,0.87,0.87,0.87,143.985,0.85,0.85,0.85,
09/30/2014,1285.091,100.322,126.009,126.009,,-25.687,1184.769,14.374,14.374,0.0,0.0,1158.48,11.915,-5.483,1279.608,-1074.404,24.638,1049.766,205.204,0.0,0.0,205.204,-76.048,129.156,0.0,0.0,0.0,129.156,7.21,136.366,0.0,-0.757,135.609,135.609,0.0,140.49,0.97,0.97,0.97,144.521,0.94,0.94,0.94,
12/31/2014,1252.46,104.725,132.109,132.109,,-27.384,1147.735,8.881,8.881,0.0,0.0,1121.466,17.388,-9.365,1243.095,-1044.446,23.753,1020.693,198.649,0.0,0.0,198.649,-76.612,122.037,0.0,0.0,0.0,122.037,4.259,126.296,0.0,-0.453,125.843,125.843,0.0,141.246,0.89,0.89,0.89,145.282,0.87,0.87,0.87,
03/31/2015,1285.778,107.567,134.413,134.413,,-26.846,1178.211,17.06,17.06,0.0,0.0,1137.436,23.715,-3.937,1281.841,-1106.208,28.575,1077.633,175.633,0.0,0.0,175.633,-66.857,108.776,0.0,0.0,0.0,108.776,4.687,113.463,0.0,-0.371,113.092,113.092,0.0,142.32,0.79,0.79,0.79,146.05,0.77,0.77,0.77,
06/30/2015,1320.989,109.423,137.147,137.147,,-27.724,1211.566,16.216,16.216,0.0,0.0,1161.695,33.655,3.009,1323.998,-1122.703,24.941,1097.762,201.295,0.0,0.0,201.295,-74.935,126.36,0.0,0.0,0.0,126.36,6.835,133.195,0.0,-0.41,132.785,132.785,0.0,143.252,0.93,0.93,0.93,146.493,0.91,0.91,0.91,
09/30/2015,1340.983,113.538,139.538,139.538,,-26.0,1227.445,16.355,16.355,0.0,0.0,1189.252,21.838,-13.277,1327.706,-1126.571,25.048,1101.523,201.135,0.0,0.0,201.135,-77.63,123.505,0.0,0.0,0.0,123.505,5.681,129.186,0.0,-0.376,128.81,128.81,0.0,143.374,0.89842,0.89842,0.89842,145.931,0.882677,0.882677,0.882677,
12/31/2015,1274.158,115.773,142.472,142.472,,-26.699,1158.385,22.169,22.169,0.0,0.0,1122.64,13.576,-13.91,1260.248,-1090.175,24.55,1065.625,170.073,0.0,0.0,170.073,-62.009,108.064,0.0,0.0,0.0,108.064,-1.735,106.329,0.0,-0.238,106.091,106.091,1.182,143.058,0.74,0.74,0.749857,146.141,0.73,0.73,0.738088,
03/31/2016,1312.001,132.529,161.638,161.638,,-29.109,1179.472,14.415,14.415,0.0,0.0,1143.433,21.624,-9.629,1302.372,-1108.264,24.799,1083.465,194.108,0.0,0.0,194.108,-72.271,121.837,0.0,0.0,0.0,121.837,4.01,125.847,0.0,-0.313,125.534,125.534,3.815,141.472,0.89,0.89,0.914308,144.012,0.87,0.87,0.896491,
06/30/2016,1358.964,135.777,163.81,163.81,,-28.033,1223.187,29.795,29.795,0.0,0.0,1170.155,23.237,-3.452,1355.512,-1150.658,25.244,1125.414,204.854,0.0,0.0,204.854,-72.261,132.593,0.0,0.0,0.0,132.593,-7.089,125.504,0.0,-0.302,125.202,125.202,17.465102,141.165,0.89,0.89,1.010641,143.952,0.87,0.87,0.991326,
09/30/2016,1459.941,140.262,172.477,172.477,,-32.215,1319.679,25.212,25.212,0.0,0.0,1271.214,23.253,-1.176,1458.765,-1215.856,28.069,1187.787,242.909,0.0,0.0,242.909,-64.752,178.157,0.0,0.0,0.0,178.157,-6.487,171.67,0.0,-0.405,171.265,171.265,17.6115,141.381,1.21,1.21,1.33594,144.487,1.19,1.19,1.31189,
12/31/2016,1492.802,146.816,182.782,182.782,,-35.966,1345.986,20.555,20.555,0.0,0.0,1302.844,22.587,1.04,1493.842,-1286.327,19.295,1267.032,207.515,0.0,0.0,207.515,-59.812,147.703,0.0,0.0,0.0,147.703,-1.136,146.567,0.0,-0.31,146.257,146.257,30.301,142.11,1.03,1.03,1.242404,145.675,1.0,1.0,1.208004,
03/31/2017,1563.637,155.867,192.544,192.544,,-36.677,1407.77,15.811,15.811,0.0,0.0,1367.75,24.209,-7.928,1555.709,-1394.406,17.778,1376.628,161.303,0.0,0.0,161.303,-52.758,108.545,0.0,0.0,0.0,108.545,4.21,112.755,0.0,-0.262,112.493,112.493,75.713,143.367,0.78,0.78,1.312757,146.779,0.77,0.77,1.28583,
06/30/2017,1624.547,165.664,204.224,204.224,,-38.56,1458.883,23.404,23.404,0.0,0.0,1413.561,21.918,-6.209,1618.338,-1341.397,32.429,1308.968,276.941,0.0,0.0,276.941,-91.59,185.351,0.0,0.0,0.0,185.351,-1.927,183.424,0.0,-0.399,183.025,183.025,2.087,143.712,1.27,1.27,1.288076,147.103,1.24,1.24,1.254187,
09/30/2017,1690.111,180.001,222.576,222.576,,-42.575,1510.11,22.11,22.11,0.0,0.0,1465.693,22.307,0.11,1690.221,-1408.002,21.45,1386.552,282.219,0.0,0.0,282.219,-84.951,197.268,0.0,0.0,0.0,197.268,-3.779,193.489,0.0,-0.401,193.088,193.088,23.771,143.913,1.34,1.34,1.506876,147.761,1.31,1.31,1.470875,
12/31/2017,1726.0,192.0,232.0,232.0,,-40.0,1534.0,97.0,97.0,0.0,0.0,1404.0,33.0,-1.0,1725.0,-1414.0,22.0,1392.0,311.0,0.0,0.0,311.0,-192.0,119.0,0.0,0.0,0.0,119.0,0.0,119.0,0.0,0.0,119.0,119.0,120.999,144.5,0.82,0.82,1.660893,148.3,0.8,0.8,1.615907,
03/31/2018,1812.0,204.0,249.0,249.0,,-45.0,1608.0,85.0,85.0,0.0,0.0,1486.0,37.0,-8.0,1804.0,-1472.0,23.0,1449.0,332.0,0.0,0.0,332.0,-89.0,243.0,0.0,0.0,0.0,243.0,0.0,243.0,0.0,0.0,243.0,243.0,0.0,145.4,1.67,1.67,1.67,149.0,1.63,1.63,1.63,
06/30/2018,1837.0,217.0,271.0,271.0,,-54.0,1620.0,73.0,73.0,,0.0,1517.0,30.0,-5.0,1832.0,-1514.0,23.0,1491.0,318.0,0.0,0.0,318.0,-86.0,232.0,0.0,0.0,0.0,232.0,,232.0,0.0,-0.402,231.598,231.598,0.0,145.6,1.59,1.59,1.59,149.4,1.55,1.55,1.55,
09/30/2018,1899.0,229.0,292.0,292.0,,-63.0,1670.0,74.0,74.0,0.0,0.0,1552.0,44.0,-6.0,1893.0,-1543.0,24.0,1519.0,350.0,0.0,0.0,350.0,-87.0,263.0,0.0,0.0,0.0,263.0,,263.0,0.0,0.0,263.0,263.0,-11.915,145.6,1.8,1.8,1.724485,149.5,1.76,1.76,1.680301,
12/31/2018,1931.0,243.0,316.0,316.0,,-73.0,1688.0,76.0,76.0,0.0,0.0,1575.0,37.0,-16.0,1915.0,-1585.0,24.0,1561.0,330.0,0.0,0.0,330.0,-83.0,247.0,0.0,0.0,0.0,247.0,2.0,249.0,0.0,0.0,249.0,249.0,15.0,144.2,1.73,1.73,1.830791,147.3,1.69,1.69,1.791833,
03/31/2019,1859.0,249.0,324.0,324.0,,-75.0,1610.0,93.0,93.0,0.0,0.0,1486.0,31.0,-5.0,1854.0,-1507.0,22.0,1485.0,347.0,0.0,0.0,347.0,-86.0,261.0,0.0,0.0,0.0,261.0,,261.0,0.0,0.0,261.0,261.0,0.0,140.8,1.85,1.85,1.85,143.9,1.81,1.81,1.81,
06/30/2019,1927.0,248.0,321.0,321.0,,-73.0,1679.0,93.0,93.0,,0.0,1559.0,27.0,5.0,1932.0,-1590.0,24.0,1566.0,342.0,0.0,0.0,342.0,-83.0,259.0,0.0,0.0,0.0,259.0,,259.0,0.0,1.0,260.0,260.0,0.0,140.4,1.84,1.84,1.84,143.6,1.8,1.8,1.8,
09/30/2019,2023.0,258.0,320.0,320.0,,-62.0,1765.0,95.0,95.0,0.0,0.0,1615.0,55.0,-6.0,2017.0,-1663.0,24.0,1639.0,354.0,0.0,0.0,354.0,-89.0,265.0,0.0,0.0,0.0,265.0,,265.0,0.0,-1.0,264.0,264.0,19.0,138.6,1.9,1.9,2.041847,141.8,1.86,1.86,1.993992,
12/31/2019,2009.0,246.0,297.0,297.0,,-51.0,1763.0,97.0,97.0,0.0,0.0,1637.0,29.0,2.0,2011.0,-1652.0,26.0,1626.0,359.0,0.0,0.0,359.0,-91.0,268.0,0.0,0.0,0.0,268.0,,268.0,0.0,-1.0,267.0,267.0,0.0,138.3,1.93,1.93,1.93,141.5,1.89,1.89,1.89,
03/31/2020,2083.0,242.0,285.0,285.0,,-43.0,1841.0,105.0,105.0,0.0,0.0,1736.0,,-109.0,1974.0,-1735.0,26.0,1709.0,239.0,0.0,0.0,239.0,-70.0,169.0,0.0,0.0,0.0,169.0,,169.0,0.0,0.0,169.0,169.0,0.0,138.4,1.22,1.22,1.22,141.1,1.2,1.2,1.2,
06/30/2020,1834.0,175.0,217.0,217.0,,-42.0,1659.0,143.0,143.0,,0.0,1483.0,33.0,-81.0,1753.0,-1555.0,23.0,1532.0,198.0,0.0,0.0,198.0,-26.0,172.0,0.0,0.0,0.0,172.0,,172.0,0.0,0.0,172.0,172.0,0.0,137.1,1.25,1.25,1.25,139.4,1.23,1.23,1.23,
09/30/2020,1923.286,,,,,,,,,,,,,,,,,,278.0,,,233.5,,191.0,,,,,,191.0,,,191.0,191.0,,,1.32,1.32,1.292,,1.32,1.32,1.292,
12/31/2020,1946.4,,,,,,,,,,,,,,,,,,,,,249.5,,190.5,,,,,,190.5,,,190.5,190.5,,,1.34,1.34,1.959,,1.34,1.34,1.959,
