Date,Revenue,Sales & Services Revenue,Other Revenue,Cost of Revenue,Cost of Goods & Services,Gross Profit,Other Operating Income,Operating Expenses,"Selling, General & Admin",Research & Development,Other Operating Expense,Operating Income (Loss),Non-Operating (Income) Loss,"Interest Expense, Net",Interest Expense,Interest Income,Foreign Exch (Gain) Loss,(Income) Loss from Affiliates,Other Non-Op (Income) Loss,Pretax Income,Income Tax Expense (Benefit),Income (Loss) from Cont Ops,Net Extraordinary Losses (Gains),Discontinued Operations,XO & Accounting Changes,Income (Loss) Incl. MI,Minority Interest,"Net Income, GAAP",Preferred Dividends,Other Adjustments,"Net Income Avail to Common, GAAP","Net Income Avail to Common, Adj",Net Abnormal Losses (Gains),Basic Weighted Avg Shares,"Basic EPS, GAAP",Basic EPS from Cont Ops,"Basic EPS from Cont Ops, Adjusted",Diluted Weighted Avg Shares,"Diluted EPS, GAAP",Diluted EPS from Cont Ops,"Diluted EPS from Cont Ops, Adjusted",Source: Bloomberg
06/28/1997,289.65,,,-142.998,,146.652,,-117.908,,,,28.744,-2.762,2.762,,,0.0,,0.0,25.982,18.656,44.638,0.0,,,44.638,0.0,44.638,0.0,,44.638,44.638,,100.222444,0.17,0.17,0.17,100.222444,0.17,0.17,0.17,
09/27/1997,423.354,,,-215.075,,208.279,,-132.375,,,,75.904,0.253,-0.253,,-0.253,0.0,,0.0,76.157,-31.224,44.933,0.0,,,44.933,0.0,44.933,0.0,,44.933,44.933,,100.222444,0.45,0.45,0.45,100.222444,0.45,0.45,0.45,
12/27/1997,405.671997,,,-214.046997,,191.625,,-142.399002,,,,49.226002,0.453,,,,0.0,,-0.453,49.679002,-20.368,29.311001,0.0,,,29.311002,0.0,29.311001,0.0,,29.311001,29.311001,,100.222,0.29,0.29,0.29,100.222,0.29,0.29,0.29,
03/28/1998,356.173004,,,-184.973999,,171.199005,,-125.318001,,,,45.881001,1.897,,,,0.0,,-1.897,47.778,-19.089001,28.688999,0.0,,,28.689,0.0,28.688999,0.0,,28.688999,28.688999,,100.222,0.286,0.286,0.286,100.222,0.286,0.286,0.286,
06/27/1998,354.438,,,-176.162,,178.276,,-144.963,,,,33.313,5.018,-0.68,0.0,-0.68,0.0,,-4.338,38.331,-15.62,22.711,0.0,,,22.711,0.0,22.711,0.0,,22.711,22.711,,100.195,0.23,0.23,0.23,100.571,0.23,0.23,0.23,
09/26/1998,470.959,,,-241.095,,229.864,,-148.783,,,,81.081,3.171,0.676,0.676,,0.0,,-3.847,84.252,-34.333,49.919,0.0,,,49.919,0.0,49.919,0.0,,49.919,49.919,,99.827,0.5,0.5,0.5,99.878,0.5,0.5,0.5,
12/26/1998,447.529999,,,-240.660995,,206.869003,,-163.009003,,,,43.860001,-1.074,1.074,1.074,,0.0,,0.0,42.786001,-17.434999,25.351,0.0,,,25.351001,0.0,25.351,0.0,0.0,25.351,25.351,,99.622932,0.25,0.25,0.25,99.674217,0.25,0.25,0.25,
04/03/1999,443.068,,,-246.668,,196.4,,-151.373,,,,45.027,-57.57,1.009,1.009,,0.0,,56.561,-12.543,5.112,-7.431,0.0,,,-7.431,0.0,-7.431,0.0,,-7.431,-7.431,,99.623,-0.07,-0.07,0.27,99.783,-0.07,-0.07,0.27,
07/03/1999,434.421,,,-217.446,,216.975,,-165.025,,,,51.95,-4.561,2.488,2.488,,0.0,,2.073,47.389,-19.312,28.077,3.967,,,24.11,0.0,24.11,0.0,0.0,24.11,24.11,,99.533,0.24,0.28,0.28,99.704,0.24,0.28,0.28,
10/02/1999,539.789,,,-274.47,,265.319,,-172.311,,,,93.008,0.409,3.687,3.687,,0.0,,-4.096,93.417,-38.068,55.349,0.0,,,55.349,0.0,55.349,0.0,0.0,55.349,55.349,,99.118,0.56,0.56,0.56,99.251,0.56,0.56,0.56,
01/01/2000,510.299,,,-270.719,,239.58,,-181.696,,,,57.884,-3.422,3.422,3.422,,0.0,,0.0,54.462,-22.194,32.268,0.0,,,32.268,0.0,32.268,0.0,0.0,32.268,32.268,,98.808,0.33,0.33,0.33,98.938,0.33,0.33,0.33,
04/01/2000,466.923004,,,-239.755005,,227.167999,,-168.121994,,,,59.046001,-5.428,5.428,5.428,,0.0,,0.0,53.618001,-21.848,31.77,0.0,,,31.770002,0.0,31.77,0.0,0.0,31.77,31.77,,98.242996,0.32,0.32,0.32,98.347,0.32,0.32,0.32,
07/01/2000,487.296997,,,-234.75,,252.546997,,-206.399994,,,,46.146999,-6.505,6.505,6.505,,0.0,,0.0,39.641999,-15.659,23.983,0.0,,,23.982999,0.0,23.983,0.0,0.0,23.983,23.983,,97.092003,0.25,0.25,0.25,97.349998,0.25,0.25,0.25,
09/30/2000,586.217,,,-336.084,,250.133,,-218.617,,,,31.516,-135.354,6.783,6.783,,0.0,,128.571,-103.838,41.017,-62.821,0.0,,,-62.821,0.0,-62.821,0.0,0.0,-62.821,-62.821,,96.713,-0.65,-0.65,0.154,97.256,-0.65,-0.65,0.154,
12/30/2000,613.73999,,,-316.220001,,297.519989,,-208.171997,,,,89.348,-5.704,5.704,5.704,,0.0,,0.0,83.644,-33.041,50.603001,0.0,,,50.602999,0.0,50.603001,0.0,0.0,50.603001,50.603001,,96.529999,0.52,0.52,0.52,97.347,0.52,0.52,0.52,
03/31/2001,538.52,,,-275.673,,262.847,,-192.989,,,,69.858,8.648,6.121,6.121,,-4.372,,-10.397,78.506,-31.009,47.497,0.0,,,47.497,0.0,47.497,0.0,0.0,47.497,47.497,,96.74,0.49,0.49,0.46,98.164,0.48,0.48,0.45,
06/30/2001,517.828979,,,-255.468002,,262.360977,,-208.772995,,,,53.588001,-3.097,5.924,5.924,,-2.827,,0.0,50.491001,-19.440001,31.051001,0.0,,,31.051001,0.0,31.051001,0.0,0.0,31.051001,31.051001,,97.109001,0.32,0.32,0.3,98.492996,0.32,0.32,0.3,
09/29/2001,595.695,,,-310.055,,285.64,,-199.507,,,,86.133,-10.443,4.779,4.779,,5.664,,0.0,75.69,-27.88,47.81,0.0,,,47.81,0.0,47.81,0.0,0.0,47.81,47.81,,97.437461,0.49,0.49,0.52,98.483031,0.49,0.49,0.52,
12/29/2001,617.094971,,,-330.085999,,287.008972,,-212.561005,,,,74.447998,-1.465,4.501,4.501,,-3.036,,0.0,72.982998,-27.368999,45.613998,0.0,,,45.613999,0.0,45.613998,0.0,0.0,45.613998,45.613998,,97.505997,0.47,0.47,0.45,98.503998,0.46,0.46,0.44,
03/30/2002,633.088,,,-321.295,,311.793,,-216.75,,,,95.043,-18.208,3.829,3.829,,-1.621,,16.0,76.835,-28.81,48.025,0.0,,,48.025,0.0,48.025,0.0,0.0,48.025,48.025,,97.814,0.49,0.49,0.52,99.146,0.48,0.48,0.51,
06/29/2002,467.0,,,-234.395996,,232.604004,,-214.916,,,,17.688,-7.515,5.335,5.335,,3.531,,-1.351,10.173,-3.713,6.46,0.0,,,6.46,0.0,6.46,0.0,0.0,6.46,6.46,,98.161003,0.07,0.07,0.09,99.333,0.07,0.07,0.09,
09/28/2002,640.839,,,-319.573,,321.266,,-236.618,,,,84.648,-3.162,4.383,4.383,,0.22,,-1.441,81.486,-29.742,51.744,0.0,,,51.744,0.0,51.744,0.0,0.0,51.744,51.744,,98.301,0.53,0.53,0.53,99.319,0.52,0.52,0.52,
12/28/2002,639.169983,,,-331.26001,,307.909973,,-230.391006,,,,77.518997,-10.097,3.4,3.4,,-1.262,,7.959,67.421997,-24.610001,42.812,0.0,,,42.811996,0.0,42.812,0.0,0.0,42.812,42.812,,98.412003,0.44,0.44,0.48,99.310997,0.43,0.43,0.47,
03/29/2003,692.331,,,-346.51,,345.821,,-222.816,,,,123.005,-7.7,0.384,0.384,,-1.96,,9.276,115.305,-42.086,73.219,0.0,,,73.219,0.0,73.219,0.0,0.0,73.219,73.219,,98.45,0.74,0.74,0.77,99.343,0.74,0.74,0.77,
06/28/2003,477.730988,,,-228.979004,,248.751984,,-243.225998,,,,5.526,1.32,2.918,3.863,-0.945,-2.299,,-1.939,6.846,-1.791,5.055,0.0,,,5.055,0.0,5.055,0.0,0.0,5.055,5.055,,98.376999,0.05,0.05,0.04,99.543999,0.05,0.05,0.04,
09/27/2003,707.776978,,,-357.210999,,350.565979,,-267.613007,,,,82.953003,1.185,2.196,2.89,-0.694,-1.784,,-1.597,84.138003,-30.128,54.009998,0.0,,,54.010002,0.0,54.009998,0.0,0.0,54.009998,54.009998,,98.704002,0.55,0.55,0.54,100.780998,0.54,0.54,0.52,
12/27/2003,645.36499,,,-312.363007,,333.001984,,-256.614014,,,,76.388,-21.176,2.51,2.969,-0.459,3.552,,15.114,55.212001,-19.854,35.358002,0.0,,,35.358001,0.0,35.358002,0.0,0.0,35.358002,35.358002,,99.071999,0.36,0.36,0.48,101.291,0.35,0.35,0.47,
04/03/2004,818.781,,,-427.782,,390.999,,-262.648,,,,128.351,-8.681,,2.376,,2.395,,3.91,119.67,-43.224,76.446,0.0,,,76.446,0.0,76.446,0.0,0.0,76.446,76.446,,99.698997,0.77,0.77,0.793,102.264999,0.75,0.75,0.77,
07/03/2004,606.006,,,-290.478,,315.528,,-295.043,,,,20.485,-1.444,1.627,2.435,-0.808,0.211,,-0.394,19.041,-6.316,12.725,0.0,,,12.725,0.0,12.725,0.0,0.0,12.725,12.725,,100.481,0.13,0.13,0.14,102.802,0.12,0.12,0.13,
10/02/2004,883.68,,,-445.925,,437.755,,-313.186,,,,124.569,0.132,2.045,2.612,-0.567,-3.145,,0.968,124.701,-44.294,80.407,0.0,,,80.407,0.0,80.407,0.0,0.0,80.407,80.407,,101.192,0.79,0.79,0.8,103.571,0.78,0.78,0.79,
01/01/2005,901.574,,,-455.498,,446.076,,-329.668,,,,116.408,-1.092,1.989,2.958,-0.969,-0.4,,-0.497,115.316,-40.28,75.036,0.0,,,75.036,0.0,75.036,0.0,0.0,75.036,75.036,,101.896,0.74,0.74,0.74,104.325,0.72,0.72,0.72,
04/02/2005,902.222,,,-425.313,,476.909,,-434.944,402.118,,32.826,41.965,2.306,4.259,3.526,0.733,-2.739,,-3.826,44.271,-17.349,26.922,0.0,,,26.922,0.0,26.922,0.0,0.0,26.922,26.922,,102.506,0.23,0.23,0.79,105.341,0.22,0.22,0.78,
07/02/2005,751.942,,,-337.514,,414.428,,-334.207,,,,80.221,0.829,-0.433,2.51,-2.943,-0.041,,-0.355,81.05,-30.343,50.707,0.0,,,50.707,0.0,50.707,0.0,0.0,50.707,50.707,,103.048,0.49,0.49,0.49,105.491,0.48,0.48,0.48,
10/01/2005,1027.384,,,-475.839,,551.545,,-369.647,,,,181.898,-13.412,-0.115,2.79,-2.905,6.025,,7.502,168.486,-64.281,104.205,0.0,,,104.205,0.0,104.205,0.0,0.0,104.205,104.205,,104.198,1.0,1.0,1.03,107.416,0.97,0.97,1.0,
12/31/2005,995.482,,,-464.017,,531.465,,-383.38,,,,148.085,-5.044,-0.46,3.312,-3.772,0.577,,4.927,143.041,-52.368,90.673,0.0,,,90.673,0.0,90.673,0.0,0.0,90.673,90.673,,104.688,0.87,0.87,0.9,107.78,0.84,0.84,0.87,
04/01/2006,971.6,,,-446.6,,525.0,,-400.2,367.7,,32.5,124.8,-4.312,3.688,7.768,-4.08,-0.8,0.2,1.224,120.488,-47.8,72.688,0.0,,,72.688,-6.3,66.388,0.0,0.0,66.388,66.388,,104.9,0.6,0.6,0.65,108.1,0.58,0.58,0.63,
07/01/2006,953.6,,,-422.1,,531.5,,-395.9,390.3,,5.6,135.6,-3.1,0.6,4.4,-3.8,1.1,,1.4,132.5,-48.3,84.2,0.0,,,84.2,-4.0,80.2,0.0,0.0,80.2,80.2,,105.1,0.76,0.76,0.77,108.1,0.74,0.74,0.75,
09/30/2006,1166.8,,,-534.2,,632.6,,-415.9,,,,216.7,0.5,-0.2,4.5,-4.7,-1.2,,0.9,217.2,-76.6,140.6,0.0,,,140.6,-3.6,137.0,0.0,0.0,137.0,137.0,,104.5,1.31,1.31,1.32,107.3,1.28,1.28,1.29,
12/30/2006,1143.7,,,-529.7,,614.0,,-429.8,,,,184.2,-0.1,0.2,7.1,-6.9,1.3,,-1.4,184.1,-70.3,113.8,0.0,,,113.8,-3.3,110.5,0.0,0.0,110.5,110.5,,104.2,1.06,1.06,1.06,107.6,1.03,1.03,1.03,
03/31/2007,1031.3,,,-473.2,,558.1,,-437.5,434.3,,3.2,120.6,4.2,-5.1,5.6,-10.7,0.3,,0.6,124.8,-47.2,77.6,0.0,,,77.6,-4.4,73.2,0.0,0.0,73.2,73.2,,104.0,0.7,0.7,0.7,107.4,0.68,0.68,0.68,
06/30/2007,1070.3,,,-478.3,,592.0,,-446.2,,,,145.8,1.1,-2.4,5.8,-8.2,1.3,,0.0,146.9,-56.8,90.1,0.0,,,90.1,-1.8,88.3,0.0,0.0,88.3,88.3,,103.9,0.85,0.85,0.85,107.3,0.82,0.82,0.82,
09/29/2007,1299.099976,,,-603.900024,,695.199951,,-502.600006,,,,192.600006,-2.2,0.7,6.2,-5.5,0.9,,0.6,190.400006,-75.0,115.400002,0.0,,,115.400006,-0.1,115.300003,0.0,0.0,115.300003,115.300003,,102.599998,1.12,1.12,1.12,105.400002,1.09,1.09,1.09,
12/29/2007,1269.800049,,,-593.299988,,676.500061,,-505.799988,,,,170.699997,-7.1,4.3,6.8,-2.5,2.2,,0.6,163.599997,-50.799999,112.800003,0.0,,,112.799997,-0.1,112.699997,0.0,0.0,112.699997,112.699997,,101.599998,1.11,1.11,1.11,104.300003,1.08,1.08,1.08,
03/29/2008,1240.9,,,-566.5,,674.4,,-525.2,,,,149.2,-6.0,-1.6,6.9,-8.5,2.1,,5.5,143.2,-39.7,103.5,0.0,,,103.5,0.0,103.5,0.0,0.0,103.5,103.5,3.25,101.0,1.03,1.03,1.06,103.8,1.0,1.0,1.03,
06/28/2008,1113.6,1066.9,46.7,-475.2,475.2,638.4,0.0,-491.8,486.5,,5.3,146.6,-0.4,,7.0,,-0.1,0.7,-7.2,146.2,-51.0,95.2,0.0,0.0,0.0,95.2,0.0,95.2,0.0,0.0,95.2,95.2,0.0,99.5,0.96,0.96,0.96,102.1,0.93,0.93,0.93,
09/27/2008,1428.9,1376.8,52.1,-640.7,640.7,788.2,0.0,-545.3,532.3,,13.0,242.9,1.7,,6.1,,-2.7,0.8,-5.9,244.6,-83.6,161.0,0.0,0.0,0.0,161.0,,161.0,,0.0,161.0,165.81,4.81,99.3,1.62,1.62,1.669789,101.8,1.58,1.58,1.62725,
12/27/2008,1252.0,1202.1,49.9,-582.3,582.3,669.7,0.0,-503.1,496.5,,6.6,166.6,-8.5,,7.4,,5.4,1.1,-5.4,158.1,-52.8,105.3,0.0,0.0,0.0,105.3,0.0,105.3,,0.0,105.3,106.275,0.975,98.8,1.07,1.07,1.075658,100.7,1.05,1.05,1.059682,
03/28/2009,1224.4,1177.9,46.5,-590.0,590.0,634.4,0.0,-594.9,520.7,,74.2,39.5,-0.9,6.2,6.2,0.0,-4.2,2.4,-3.5,38.6,5.9,44.5,0.0,0.0,0.0,44.5,0.0,44.5,0.0,0.0,44.5,86.795,42.295,99.1,0.45,0.45,0.875832,100.8,0.44,0.44,0.859593,
06/27/2009,1023.7,982.5,41.2,-422.5,422.5,601.2,0.0,-484.5,478.9,,5.6,116.7,-2.6,,6.6,,-0.9,-0.3,-2.8,114.1,-37.3,76.8,0.0,0.0,0.0,76.8,0.0,76.8,0.0,0.0,76.8,76.865,0.065,99.2,0.77,0.77,0.774849,101.5,0.76,0.76,0.76064,
09/26/2009,1374.2,1327.1,47.1,-589.4,589.4,784.8,0.0,-538.9,525.7,,13.2,245.9,-3.6,,5.6,,2.6,1.8,-6.4,242.3,-64.8,177.5,0.0,0.0,0.0,177.5,,177.5,,0.0,177.5,182.31,4.81,99.4,1.79,1.79,1.834105,101.6,1.75,1.75,1.797343,
12/26/2009,1243.9,1195.6,48.3,-520.2,520.2,723.7,0.0,-551.2,540.4,,10.8,172.5,-7.0,,4.6,,1.2,2.4,-1.2,165.5,-54.4,111.1,0.0,0.0,0.0,111.1,,111.1,,0.0,111.1,115.0,3.9,98.8,1.12,1.12,1.163968,101.4,1.1,1.1,1.138462,
04/03/2010,1337.1,1290.3,46.8,-547.7,547.7,789.4,0.0,-617.6,612.0,,5.6,171.8,-4.4,,5.4,,-0.7,1.7,-2.0,167.4,-53.3,114.1,0.0,0.0,0.0,114.1,0.0,114.1,0.0,0.0,114.1,113.905,-0.195,98.2,1.16,1.16,1.159929,100.9,1.13,1.13,1.128067,
07/03/2010,1153.3,1115.5,37.8,-441.1,441.1,712.2,0.0,-538.0,532.0,,6.0,174.2,-4.7,,4.5,,0.8,1.2,-1.8,169.5,-48.7,120.8,0.0,0.0,0.0,120.8,0.0,120.8,0.0,0.0,120.8,120.215,-0.585,97.2,1.24,1.24,1.23678,99.9,1.21,1.21,1.204144,
10/02/2010,1532.1,1485.6,46.5,-644.2,644.2,887.9,0.0,-580.5,574.3,,6.2,307.4,-1.4,,4.4,,-2.2,0.8,-1.6,306.0,-100.8,205.2,0.0,0.0,0.0,205.2,,205.2,,0.0,205.2,205.005,-0.195,95.5,2.15,2.15,2.146649,98.0,2.09,2.09,2.08801,
01/01/2011,1548.0,1497.9,50.1,-640.1,640.1,907.9,0.0,-661.6,655.3,,6.3,246.3,-7.9,,4.3,,2.6,2.8,-1.8,238.4,-70.0,168.4,0.0,0.0,0.0,168.4,,168.4,,0.0,168.4,168.985,0.585,95.5,1.76,1.76,1.769476,98.1,1.72,1.72,1.725963,
04/02/2011,1426.9,1382.8,44.1,-616.6,616.6,810.3,0.0,-693.1,682.5,0.0,10.6,117.2,-5.7,5.1,5.1,0.0,0.2,2.9,-2.5,111.5,-38.3,73.2,0.0,0.0,0.0,73.2,0.0,73.2,0.0,0.0,73.2,76.06,2.86,95.8,0.76,0.76,0.793946,98.6,0.74,0.74,0.769006,
07/02/2011,1526.4,1486.5,39.9,-564.9,564.9,961.5,0.0,-679.4,672.3,,7.1,282.1,-7.6,6.1,6.1,0.0,3.8,1.9,-4.2,274.5,-90.4,184.1,0.0,0.0,0.0,184.1,0.0,184.1,0.0,0.0,184.1,184.035,-0.065,93.9,1.96,1.96,1.959904,96.8,1.9,1.9,1.899329,
10/01/2011,1904.6,1856.8,47.8,-826.0,826.0,1078.6,0.0,-727.8,720.3,,7.5,350.8,-3.3,6.4,6.4,0.0,-1.8,1.1,-2.4,347.5,-114.0,233.5,0.0,0.0,0.0,233.5,0.0,233.5,0.0,0.0,233.5,231.745,-1.755,92.2,2.53,2.53,2.513503,94.9,2.46,2.46,2.441507,
12/31/2011,1805.6,1756.0,49.6,-774.0,774.0,1031.6,0.0,-761.5,750.7,,10.8,270.1,-8.0,6.3,6.3,0.0,2.2,2.2,-2.7,262.1,-93.1,169.0,0.0,0.0,0.0,169.0,0.0,169.0,0.0,0.0,169.0,171.795,2.795,92.2,1.83,1.83,1.863286,94.9,1.78,1.78,1.809452,
03/31/2012,1622.9,1579.5,43.4,-696.5,696.5,926.4,0.0,-790.0,772.8,0.0,17.2,136.4,-5.4,5.7,5.7,0.0,-2.7,4.1,-1.7,131.0,-36.6,94.4,0.0,0.0,0.0,94.4,0.0,94.4,0.0,0.0,94.4,101.485,7.085,92.5,1.02,1.02,1.097135,95.3,0.99,0.99,1.064344,
06/30/2012,1593.0,1551.0,42.0,-601.0,601.0,992.0,0.0,-700.0,693.0,,7.0,292.0,-8.0,5.0,5.0,0.0,3.0,1.0,-1.0,284.0,-91.0,193.0,0.0,0.0,0.0,193.0,0.0,193.0,0.0,0.0,193.0,194.3,1.3,92.2,2.1,2.1,2.107375,95.1,2.03,2.03,2.04367,
09/29/2012,1862.0,1816.0,46.0,-767.0,767.0,1095.0,0.0,-747.0,741.0,,6.0,348.0,-6.0,6.0,6.0,0.0,0.0,2.0,-2.0,342.0,-128.0,214.0,0.0,0.0,0.0,214.0,0.0,214.0,0.0,0.0,214.0,215.95,1.95,91.3,2.34,2.34,2.365279,93.4,2.29,2.29,2.310878,
12/29/2012,1846.0,1795.0,51.0,-752.0,752.0,1094.0,0.0,-789.0,768.0,,21.0,305.0,-10.0,5.0,5.0,0.0,4.0,2.0,-1.0,295.0,-79.0,216.0,0.0,0.0,0.0,216.0,0.0,216.0,0.0,0.0,216.0,224.45,8.45,91.1,2.37,2.37,2.463776,93.3,2.31,2.31,2.400568,
03/30/2013,1644.0,1601.0,43.0,-669.0,669.0,975.0,0.0,-793.0,770.0,0.0,23.0,182.0,-14.0,6.0,6.0,0.0,5.0,5.0,-2.0,168.0,-41.0,127.0,0.0,0.0,0.0,127.0,0.0,127.0,0.0,0.0,127.0,137.4,10.4,90.8,1.4,1.4,1.513216,93.1,1.37,1.37,1.481708,
06/29/2013,1653.0,1614.0,39.0,-649.0,649.0,1004.0,0.0,-728.0,735.0,,-7.0,276.0,-11.0,5.0,5.0,0.0,6.0,2.0,-2.0,265.0,-84.0,181.0,0.0,0.0,0.0,181.0,0.0,181.0,0.0,0.0,181.0,165.4,-15.6,90.8,1.99,1.99,1.821586,93.1,1.94,1.94,1.772438,
09/28/2013,1915.0,1872.0,43.0,-831.0,831.0,1084.0,0.0,-789.0,777.0,,12.0,295.0,-7.0,7.0,7.0,0.0,-1.0,3.0,-2.0,288.0,-83.0,205.0,0.0,0.0,0.0,205.0,,205.0,0.0,0.0,205.0,199.8,-5.2,90.4,2.267699,2.267699,2.210177,92.2,2.223427,2.223427,2.167028,
12/28/2013,2015.0,1970.0,45.0,-843.0,843.0,1172.0,0.0,-838.0,815.0,,23.0,334.0,-10.0,4.0,4.0,0.0,4.0,,2.0,324.0,-87.0,237.0,0.0,0.0,0.0,237.0,0.0,237.0,0.0,0.0,237.0,244.15,7.15,90.1,2.62,2.62,2.709767,91.8,2.57,2.57,2.647887,
03/29/2014,1867.0,1828.0,39.0,-817.0,817.0,1050.0,0.0,-825.0,815.0,0.0,10.0,225.0,-6.0,4.0,4.0,0.0,-1.0,2.0,1.0,219.0,-66.0,153.0,0.0,0.0,0.0,153.0,0.0,153.0,0.0,0.0,153.0,155.6,2.6,89.8,1.7,1.7,1.732739,90.9,1.68,1.68,1.708603,
06/28/2014,1708.0,1668.0,40.0,-665.0,665.0,1043.0,0.0,-799.0,788.0,,11.0,244.0,-9.0,4.0,4.0,0.0,3.0,3.0,-1.0,235.0,-73.0,162.0,0.0,0.0,0.0,162.0,0.0,162.0,0.0,0.0,162.0,166.55,4.55,88.9,1.82,1.82,1.873453,90.2,1.8,1.8,1.850443,
09/27/2014,1994.0,1949.0,45.0,-862.0,862.0,1132.0,0.0,-846.0,836.0,,10.0,286.0,-8.0,5.0,5.0,0.0,3.0,3.0,-3.0,278.0,-77.0,201.0,0.0,0.0,0.0,201.0,0.0,201.0,0.0,0.0,201.0,197.75,-3.25,88.4,2.27,2.27,2.236991,89.2,2.25,2.25,2.213565,
12/27/2014,2033.0,1986.0,47.0,-874.0,874.0,1159.0,0.0,-844.0,837.0,,7.0,315.0,-14.0,3.0,3.0,0.0,8.0,3.0,0.0,301.0,-86.0,215.0,0.0,0.0,0.0,215.0,0.0,215.0,0.0,0.0,215.0,215.65,0.65,88.1,2.44,2.44,2.447787,89.0,2.41,2.41,2.417303,
03/28/2015,1885.0,1848.0,37.0,-841.0,841.0,1044.0,0.0,-854.0,840.0,0.0,14.0,190.0,-17.0,5.0,5.0,0.0,12.0,2.0,-2.0,173.0,-49.0,124.0,0.0,0.0,0.0,124.0,0.0,124.0,0.0,0.0,124.0,129.2,5.2,87.3,1.43,1.43,1.479954,88.2,1.41,1.41,1.468957,
06/27/2015,1618.0,1577.0,41.0,-652.0,652.0,966.0,0.0,-870.0,822.0,,48.0,96.0,-6.0,4.0,4.0,0.0,1.0,3.0,-2.0,90.0,-26.0,64.0,0.0,0.0,0.0,64.0,0.0,64.0,0.0,0.0,64.0,93.0,29.0,86.5,0.74,0.74,1.075145,87.5,0.73,0.73,1.061429,
09/26/2015,1970.0,1923.0,47.0,-857.0,857.0,1113.0,0.0,-883.0,839.0,,44.0,230.0,-11.0,4.0,4.0,0.0,5.0,3.0,-1.0,219.0,-59.0,160.0,0.0,0.0,0.0,160.0,0.0,160.0,0.0,0.0,160.0,184.7,24.7,85.6,1.87,1.87,2.15771,86.0,1.86,1.86,2.147209,
12/26/2015,1946.0,1899.0,47.0,-852.0,852.0,1094.0,0.0,-905.0,833.0,,72.0,189.0,-8.0,6.0,6.0,0.0,3.0,1.0,-2.0,181.0,-50.0,131.0,0.0,0.0,0.0,131.0,0.0,131.0,0.0,0.0,131.0,184.948052,53.948052,84.9,1.55,1.55,2.178422,85.5,1.54,1.54,2.170971,
04/02/2016,1871.0,1831.0,40.0,-857.0,857.0,1014.0,0.0,-947.0,895.0,0.0,52.0,67.0,-5.0,7.0,7.0,0.0,-5.0,4.0,-1.0,62.0,-21.0,41.0,0.0,0.0,0.0,41.0,0.0,41.0,0.0,0.0,41.0,69.207692,28.207692,83.9,0.49,0.49,0.824883,84.5,0.49,0.49,0.823819,
07/02/2016,1552.2,1444.3,107.9,-657.6,657.6,894.6,0.0,-925.8,814.7,,111.1,-31.2,-2.0,3.4,3.4,0.0,-2.4,1.9,-0.9,-33.2,10.9,-22.3,0.0,0.0,0.0,-22.3,0.0,-22.3,0.0,0.0,-22.3,46.654054,68.954054,83.3,-0.27,-0.27,0.560073,83.3,-0.27,-0.27,0.55778,
10/01/2016,1820.6,1707.1,113.5,-866.4,866.4,954.2,0.0,-877.9,803.3,,74.6,76.3,-2.6,4.1,4.1,0.0,-1.1,1.9,-2.3,73.7,-28.0,45.7,0.0,0.0,0.0,45.7,0.0,45.7,0.0,0.0,45.7,97.292642,51.592642,82.7,0.55,0.55,1.176453,83.2,0.55,0.55,1.170104,
12/31/2016,1714.6,1585.2,129.4,-731.4,731.4,983.2,0.0,-854.9,771.9,,83.0,128.3,-5.2,1.1,3.6,-2.5,2.7,1.4,0.0,123.1,-41.8,81.3,0.0,0.0,0.0,81.3,0.0,81.3,0.0,0.0,81.3,143.304376,62.004376,82.6,0.98,0.98,1.73492,83.3,0.98,0.98,1.72435,
04/01/2017,1565.4,1522.6,42.8,-746.3,746.3,819.1,0.0,-1087.3,759.6,0.0,327.7,-268.2,-0.4,1.4,1.4,0.0,-0.3,0.0,-0.7,-268.6,64.6,-204.0,0.0,0.0,0.0,-204.0,0.0,-204.0,0.0,0.0,-204.0,32.125144,236.125144,82.3,-2.48,-2.48,0.390342,82.3,-2.48,-2.48,0.389078,
07/01/2017,1347.1,1242.3,104.8,-495.9,495.9,851.2,0.0,-760.9,714.4,,46.5,90.3,-3.5,3.0,5.0,-2.0,,,0.5,86.8,-27.3,59.5,0.0,0.0,0.0,59.5,0.0,59.5,0.0,0.0,59.5,90.631356,31.131356,81.6,0.73,0.73,1.110678,82.5,0.72,0.72,1.09735,
09/30/2017,1664.2,1555.4,108.8,-668.4,668.4,995.8,0.0,-802.5,772.7,,29.8,193.3,-2.1,2.3,4.6,-2.3,,,-0.2,191.2,-47.4,143.8,0.0,0.0,0.0,143.8,0.0,143.8,0.0,0.0,143.8,163.244342,19.444342,81.7,1.76,1.76,1.998095,82.3,1.75,1.75,1.986262,
12/30/2017,1641.8,1515.9,125.9,-645.6,645.6,996.2,0.0,-807.0,773.8,,33.2,189.2,-2.9,2.0,4.8,-2.8,-0.6,1.5,0.0,186.3,-268.1,-81.8,0.0,0.0,0.0,-81.8,0.0,-81.8,0.0,0.0,-81.8,166.725,248.525,81.7,-1.0,-1.0,2.040698,81.7,-1.0,-1.0,2.040698,
03/31/2018,1529.2,1436.1,93.1,-620.7,620.7,908.5,0.0,-883.1,828.6,0.0,54.5,25.4,-0.5,-1.0,3.8,-4.8,0.0,,1.5,24.9,16.4,41.3,0.0,0.0,0.0,41.3,0.0,41.3,0.0,0.0,41.3,70.392599,29.092599,81.7,0.51,0.51,0.861599,82.8,0.5,0.5,0.85136,
06/30/2018,1390.6,1300.9,89.7,-494.9,494.9,895.7,0.0,-765.6,741.9,,23.7,130.1,2.8,-4.8,4.4,-9.2,0.0,,2.0,132.9,-23.9,109.0,0.0,0.0,0.0,109.0,0.0,109.0,0.0,0.0,109.0,113.7,4.7,81.9,1.33,1.33,1.388278,83.3,1.31,1.31,1.366423,
09/29/2018,1690.9,1690.9,98.8,-661.6,661.6,1029.3,0.0,-819.3,793.6,,25.7,210.0,4.8,-4.4,6.0,-10.4,,,-0.4,214.8,-44.5,170.3,0.0,0.0,0.0,170.3,0.0,170.3,0.0,0.0,170.3,202.395,32.095,81.3,2.09,2.09,2.489483,82.3,2.07,2.07,2.459976,
12/29/2018,1725.8,1678.1,47.7,-666.3,666.3,1059.5,0.0,-865.7,823.4,,42.3,193.8,5.7,-4.7,5.2,-9.9,,,-1.0,199.5,-79.5,120.0,0.0,0.0,0.0,120.0,0.0,120.0,0.0,0.0,120.0,185.247797,65.247797,80.2,1.5,1.5,2.309823,81.2,1.48,1.48,2.283544,
03/30/2019,1505.7,1419.9,85.8,-604.2,604.2,901.5,0.0,-873.6,809.4,,64.2,27.9,7.4,-6.2,5.1,-11.3,,,-1.2,35.3,-3.7,31.6,0.0,0.0,0.0,31.6,0.0,31.6,0.0,0.0,31.6,68.787155,37.187155,79.0,0.4,0.4,0.870723,80.1,0.39,0.39,0.854259,
06/29/2019,1428.8,1338.8,90.0,-508.0,508.0,920.8,0.0,-777.5,746.7,,30.8,143.3,3.3,-7.4,4.2,-11.6,,,4.1,146.6,-29.5,117.1,0.0,0.0,0.0,117.1,0.0,117.1,0.0,0.0,117.1,141.033758,23.933758,78.2,1.5,1.5,1.803501,79.9,1.47,1.47,1.769546,
09/28/2019,1706.2,1616.7,89.5,-657.2,657.2,1049.0,0.0,-815.9,795.3,,20.6,233.1,3.5,-5.2,4.4,-9.6,,,1.7,236.6,-54.5,182.1,0.0,0.0,0.0,182.1,0.0,182.1,0.0,0.0,182.1,198.089524,15.989524,76.7,2.37,2.37,2.582654,77.9,2.34,2.34,2.545257,
12/28/2019,1750.7,1704.8,45.9,-661.6,661.6,1089.1,0.0,-864.7,843.3,,21.4,224.4,6.0,-3.1,4.2,-7.3,,,-2.9,230.4,103.7,334.1,0.0,0.0,0.0,334.1,0.0,334.1,0.0,0.0,334.1,216.8,-117.3,74.7,4.47,4.47,2.902276,75.8,4.41,4.41,2.862507,
03/28/2020,1274.1,1196.4,77.7,-679.7,679.7,594.4,0.0,-878.2,852.2,0.0,26.0,-283.8,-3.4,-1.1,4.8,-5.9,,,4.5,-287.2,38.2,-249.0,0.0,0.0,0.0,-249.0,0.0,-249.0,0.0,0.0,-249.0,-211.895202,37.104798,73.7,-3.38,-3.38,-2.875104,73.7,-3.38,-3.38,-2.876543,
06/27/2020,487.5,487.5,,-138.8,138.8,348.7,0.0,-516.7,507.6,,9.1,-168.0,-4.6,6.7,9.6,-2.9,,,-2.1,-172.6,44.9,-127.7,0.0,0.0,0.0,-127.7,0.0,-127.7,0.0,0.0,-127.7,-119.125,8.575,73.1,-1.75,-1.75,-1.629617,73.1,-1.75,-1.75,-1.632695,
09/30/2020,1199.0,,,,,757.74402,,,,,,79.44,,,,,,,,71.587,,60.388,,,,,,60.388,,,60.388,60.388,,,0.873,0.873,0.88,,0.873,0.873,0.88,
12/31/2020,1544.722,,,,,976.44967064,,,,,,203.667,,,,,,,,199.533,,155.188,,,,,,155.188,,,155.188,155.188,,,2.097,2.097,2.092,,2.097,2.097,2.092,
