Date,Revenue,Sales & Services Revenue,Cost of Revenue,Cost of Goods & Services,Gross Profit,Other Operating Income,Operating Expenses,"Selling, General & Admin",Other Operating Expense,Operating Income (Loss),Non-Operating (Income) Loss,"Interest Expense, Net",Interest Expense,Interest Income,Foreign Exch (Gain) Loss,(Income) Loss from Affiliates,Other Non-Op (Income) Loss,Pretax Income,Income Tax Expense (Benefit),Income (Loss) from Cont Ops,Net Extraordinary Losses (Gains),Discontinued Operations,XO & Accounting Changes,Income (Loss) Incl. MI,Minority Interest,"Net Income, GAAP",Preferred Dividends,Other Adjustments,"Net Income Avail to Common, GAAP","Net Income Avail to Common, Adj",Net Abnormal Losses (Gains),Basic Weighted Avg Shares,"Basic EPS, GAAP",Basic EPS from Cont Ops,"Basic EPS from Cont Ops, Adjusted",Diluted Weighted Avg Shares,"Diluted EPS, GAAP",Diluted EPS from Cont Ops,"Diluted EPS from Cont Ops, Adjusted",Source: Bloomberg
01/31/1991,17.398001,,-10.596,,6.802001,,-4.616,,,2.185999,-1.241,,1.241,,,,0.0,0.944999,-0.354,0.590999,0.0,,,0.590999,,0.590999,-0.14,,0.450999,0.450999,,39.28,0.01125,0.01125,,39.28,0.01125,0.01125,0.01125,
04/30/1991,18.944,,-11.119,,7.825,,-4.648,,,3.176999,-1.297,,1.297,,,,0.0,1.879999,-0.704,1.175999,0.0,,,1.175999,,1.175999,0.0,,1.175999,1.175999,,39.279999,0.03,0.03,,39.279999,0.03,0.03,0.03,
07/31/1991,19.927999,,-11.11,,8.818,,-4.611,,,4.206999,-1.081,,1.081,,,,0.0,3.125999,-1.172,1.953999,0.0,,,1.953999,,1.953999,-0.14,,1.813999,1.813999,,39.279999,0.04625,0.04625,,39.279999,0.04625,0.04625,0.04625,
10/31/1991,18.756001,,-11.057,,7.699001,,-4.508,,,3.190999,-1.285,,1.373,,,,-0.088,1.905999,-0.711,1.194999,0.0,,,1.194999,,1.194999,0.0,,1.194999,1.194999,,39.36,0.03,0.03,0.03,39.36,0.03,0.03,0.03,
01/31/1992,14.477999,,-8.319,,6.158998,,-4.361,,,1.797999,-1.084,,1.084,,,,0.0,0.713999,-0.268,0.445999,0.0,,,0.445999,,0.445999,0.0,,0.445999,0.445999,,39.479996,0.01125,0.01125,,39.479996,0.01125,0.01125,0.01125,
04/30/1992,17.501999,,-10.409,,7.092999,,-6.192,,,0.900999,-0.508,,0.573,,,,-0.065,0.392999,-0.147,0.245999,0.0,,,0.245999,,0.245999,0.0,,0.245999,0.245999,,51.743996,0.005,0.005,,51.743996,0.005,0.005,0.005,
07/31/1992,17.257999,,-9.875,,7.382999,,-4.29,,,3.092999,-0.153,,0.181,,,,-0.028,2.939999,-1.102,1.837999,0.0,,,1.837999,,1.837999,0.0,,1.837999,1.837999,,55.479996,0.03375,0.03375,,55.479996,0.03375,0.03375,0.03375,
10/31/1992,20.362999,,-11.092,,9.270999,,-5.421,,,3.849999,-0.384,,0.45,,,,-0.066,3.465999,-1.283,2.182999,0.0,,,2.182999,,2.182999,0.0,,2.182999,2.182999,,56.479992,0.03875,0.03875,0.03875,56.479992,0.03875,0.03875,0.03875,
01/31/1993,19.705999,,-9.809,,9.896999,,-7.257,,,2.639999,-0.631,,0.645,,,,-0.014,2.008999,-0.771,1.237999,0.0,,,1.237999,,1.237999,0.0,,1.237999,1.237999,,58.519997,0.02125,0.02125,,58.519997,0.02125,0.02125,0.02125,
04/30/1993,28.507998,,-14.546,,13.961998,,-9.03,,,4.931998,-0.572,,0.576,,,,-0.004,4.359998,-1.395,2.964998,0.0,,,2.964998,,2.964998,0.0,,2.964998,2.964998,,59.031998,0.05,0.05,,59.031998,0.05,0.05,0.05,
07/31/1993,41.054001,,-18.663,,22.391001,,-11.003,,,11.388,-0.415,,0.433,,,,-0.018,10.973,-3.731,7.242,0.0,,,7.242,,7.242,0.0,,7.242,7.242,,59.487999,0.12125,0.12125,,59.487999,0.12125,0.12125,0.12125,
10/31/1993,43.262005,,-21.087,,22.175005,,-10.815,,,11.360003,-0.279,,0.35,,,,-0.071,11.081003,-3.468,7.613,0.0,,,7.613003,,7.613,0.0,,7.613,7.613,,59.916,0.1275,0.1275,0.1275,59.916,0.1275,0.1275,0.1275,
01/31/1994,33.544998,,-17.346001,,16.198997,,-10.144,,,6.055,-0.32,,0.343,,0.0,,-0.023,5.735,-1.88,3.855,0.72,,,3.135,0.0,3.135,0.0,,3.135,3.135,,60.132,0.0525,0.065,,60.132,0.0525,0.065,0.065,
04/30/1994,38.393002,,-16.361,,22.032001,,-11.774,,,10.258,-0.376,,0.376,,0.0,,0.0,9.882,-3.334,6.548,0.0,,,6.548,0.0,6.548,0.0,,6.548,6.548,,60.108002,0.11,0.11,,60.108002,0.11,0.11,0.11,
07/31/1994,32.660999,,-16.997,,15.664,,-10.559,,,5.105,-0.261,,0.282,,0.0,,-0.021,4.844,-1.692,3.152,0.0,,,3.152,0.0,3.152,0.0,,3.152,3.152,,60.032001,0.0525,0.0525,,60.032001,0.0525,0.0525,0.0525,
10/31/1994,43.084,,-18.594999,,24.489,,-12.977,,,11.512,-0.37,,0.476,,0.0,,-0.106,11.142,-3.835,7.307,0.0,,,7.307,0.0,7.307,0.0,,7.307,7.307,,60.0,0.1225,0.1225,,60.0,0.1225,0.1225,0.1225,
01/31/1995,34.410999,,-16.552999,,17.858,,-12.548,,,5.31,-0.352,,0.388,,0.0,,-0.036,4.958,-1.72,3.238,0.0,,,3.238,0.0,3.238,0.0,,3.238,3.238,,60.08,0.055,0.055,0.055,60.08,0.055,0.055,0.055,
04/30/1995,39.821999,,-20.143,,19.678999,,-12.623,,,7.056,-0.558,,0.592,,0.0,,-0.034,6.498,-2.284,4.214,0.0,,,4.214,0.0,4.214,0.0,,4.214,4.214,,60.268002,0.07,0.07,0.07,60.268002,0.07,0.07,0.07,
07/31/1995,47.095001,,-21.634001,,25.461,,-14.676,,,10.785,-0.488,,0.519,,0.0,,-0.031,10.297,-3.629,6.668,0.0,,,6.668,0.0,6.668,0.0,,6.668,6.668,,60.792,0.11,0.11,0.11,60.792,0.11,0.11,0.11,
10/31/1995,54.092999,,-23.288,,30.804999,,-16.545,,,14.26,-0.012,,0.453,,0.0,,-0.441,14.248,-5.097,9.151,0.0,,,9.151,0.0,9.151,0.0,,9.151,9.151,,60.936,0.15,0.15,0.15,60.936,0.15,0.15,0.15,
01/31/1996,52.896,,-23.896,,29.0,,-15.441,,,13.559,-0.314,,0.387,,0.0,,-0.073,13.245,-4.436,8.809,0.0,,,8.809,0.0,8.809,0.0,,8.809,8.809,,61.184,0.145,0.145,0.145,61.184,0.145,0.145,0.145,
04/30/1996,47.105,,-24.605,,22.5,,-13.726,,,8.774,-0.273,,0.292,,0.0,,-0.019,8.501,-2.848,5.653,0.0,,,5.653,0.0,5.653,0.0,,5.653,5.653,,61.736,0.0925,0.0925,0.0925,61.736,0.0925,0.0925,0.0925,
07/31/1996,59.946999,,-30.259001,,29.687998,,-18.242001,,,11.446,-1.085,,1.099,,0.0,,-0.014,10.361,-3.372,6.989,0.0,,,6.989,0.0,6.989,0.0,,6.989,6.989,,62.088,0.1125,0.1125,0.1125,62.088,0.1125,0.1125,0.1125,
10/31/1996,65.703003,,-30.966999,,34.736004,,-21.243,,,13.493,-1.36,,1.504,,0.0,,-0.144,12.133,-4.727,7.406,0.0,,,7.406,0.0,7.406,0.0,,7.406,7.406,,62.084,0.1175,0.1175,0.1175,62.084,0.1175,0.1175,0.1175,
01/31/1997,55.108002,,-25.672001,,29.436001,,-19.627001,,,9.809,-1.075,,1.302,,0.0,,-0.227,8.734,-2.904,5.83,0.0,,,5.83,0.0,5.83,0.0,,5.83,5.83,,60.432,0.095,0.095,0.095,61.788,0.095,0.095,0.095,
04/30/1997,67.018997,,-30.049,,36.969997,,-20.539,,,16.431,-0.989,,1.209,,0.0,,-0.22,15.442,-5.296,10.146,0.0,,,10.146,0.0,10.146,0.0,,10.146,10.146,,60.56,0.17,0.17,0.17,62.468,0.16,0.16,0.16,
07/31/1997,88.523003,,-43.740002,,44.783001,,-25.427999,,,19.355,-1.6,,1.706,,0.0,,-0.106,17.755,-6.125,11.63,0.0,,,11.63,0.0,11.63,0.0,,11.63,11.63,,61.36,0.19,0.19,0.19,62.984,0.185,0.185,0.185,
10/31/1997,87.585999,,-45.386002,,42.199997,,-26.924999,,,15.275,-2.106,,1.831,,0.0,,0.275,13.169,-4.425,8.744,0.0,,,8.744,0.0,8.744,0.0,,8.744,8.744,,61.772,0.14,0.14,0.14,64.054,0.135,0.135,0.135,
01/31/1998,90.098999,,-44.632,,45.466999,,-27.726,,,17.740999,-1.438,,1.809,,0.0,,-0.371,16.302999,-5.583,10.72,0.0,,,10.719999,0.0,10.72,0.0,,10.72,10.72,,61.945999,0.175,0.175,0.175,63.852001,0.17,0.17,0.17,
04/30/1998,95.995003,,-47.580002,,48.415001,,-30.745001,,,17.67,-1.569002,,1.753,,0.0,,-0.183998,16.100998,-5.467,10.634,0.0,,,10.633998,0.0,10.634,0.0,,10.634,10.634,,62.276001,0.17,0.17,0.17,64.031998,0.165,0.165,0.165,
07/31/1998,97.412003,,-49.112999,,48.299004,,-30.297001,,,18.002001,-1.992,,2.107,,0.0,,-0.115,16.010001,-5.45,10.56,0.0,,,10.560001,0.0,10.56,0.0,,10.56,10.56,,62.495998,0.17,0.17,0.17,64.084,0.165,0.165,0.165,
10/31/1998,105.664001,,-56.891998,,48.772003,,-36.092999,,,12.679,-1.477,,2.187,,0.0,,-0.71,11.202,-3.8,7.402,0.0,,,7.402,0.0,7.402,0.0,,7.402,7.402,,61.296001,0.12,0.12,0.175,61.933998,0.12,0.12,0.175,
01/31/1999,89.078,,-45.434,,43.644,,-30.148,,,13.496,-1.621,1.835,1.835,,0.0,,-0.214,11.875,-4.035,7.84,0.0,,,7.84,0.0,7.84,0.0,,7.84,7.84,,60.642,0.13,0.13,0.13,61.408,0.13,0.13,0.13,
04/30/1999,100.452003,,-47.564999,,52.887005,,-32.743999,,,20.143,-1.714,,1.761,,0.0,,-0.047,18.429,-6.39,12.039,0.0,,,12.039,0.0,12.039,0.0,,12.039,12.039,,60.439999,0.2,0.2,0.205,61.487999,0.195,0.195,0.2,
07/31/1999,104.095001,,-49.837002,,54.257999,,-33.074001,,,21.184,-1.578,,1.79,,0.0,,-0.212,19.606,-6.81,12.796,0.0,,,12.796,0.0,12.796,0.0,,12.796,12.796,,60.478001,0.21,0.21,0.21,62.264,0.205,0.205,0.205,
10/31/1999,113.630997,,-53.917,,59.713997,,-36.582001,,,23.132,-0.758,,1.868,,0.0,,-1.11,22.374,-7.703,14.671,0.0,,,14.671,0.0,14.671,0.0,,14.671,14.671,,60.577999,0.24,0.24,0.24,62.444,0.235,0.235,0.235,
01/31/2000,109.453003,,-52.120998,,57.332005,,-40.091999,,,17.24,-2.348,,2.578,,0.0,,-0.23,14.892,-5.212,9.68,0.0,,,9.68,0.0,9.68,0.0,0.0,9.68,9.68,,60.653999,0.16,0.16,0.16,62.433998,0.155,0.155,0.155,
04/30/2000,122.775002,,-57.879002,,64.896,,-41.419998,,,23.476,-2.512,,2.818,,0.0,,-0.306,20.964,-7.338,13.626,0.0,,,13.626,0.0,13.626,0.0,0.0,13.626,13.626,,60.872002,0.225,0.225,0.225,62.32,0.22,0.22,0.22,
07/31/2000,124.583,,-60.609001,,63.973999,,-43.205002,,,20.768999,-3.642,,3.769,,0.0,,-0.127,17.126999,-6.025,11.102,0.0,,,11.101999,0.0,11.102,0.0,0.0,11.102,11.102,,61.004002,0.18,0.18,0.18,62.375999,0.18,0.18,0.18,
10/31/2000,147.001999,,-74.379997,,72.622002,,-45.910999,,,26.711,-3.763,,4.318,,0.0,,-0.555,22.948001,-8.078,14.87,0.0,,,14.870001,0.0,14.87,0.0,0.0,14.87,14.87,,61.122002,0.245,0.245,0.245,62.388,0.24,0.24,0.24,
01/31/2001,137.664001,,-67.922997,,69.741005,,-47.876999,,,21.864,-3.632,,4.099,,0.0,,-0.467,18.232,-6.472,11.76,0.0,,,11.76,0.0,11.76,0.0,0.0,11.76,11.76,,61.226002,0.19,0.19,0.19,62.594002,0.19,0.19,0.19,
04/30/2001,146.830002,,-71.171997,,75.658005,,-51.533001,,,24.125,-2.863,,3.594,,0.0,,-0.731,21.262,-7.4,13.862,0.0,,,13.862,0.0,13.862,0.0,0.0,13.862,13.862,,61.386002,0.225,0.225,0.255,62.944,0.22,0.22,0.245,
07/31/2001,137.968994,,-64.150002,,73.818993,,-50.514999,,,23.304001,-2.843,,3.24,,0.0,,-0.397,20.461001,-7.328,13.133,0.0,,,13.133001,0.0,13.133,0.0,0.0,13.133,13.133,,61.675999,0.215,0.215,0.215,63.453999,0.205,0.205,0.205,
10/31/2001,164.042999,,-74.291,,89.751999,,-60.617001,,,29.135,-2.651,,4.984,,0.0,,-2.333,26.484,-9.4,17.084,0.0,,,17.084,0.0,17.084,0.0,0.0,17.084,17.084,,61.731998,0.275,0.275,0.275,63.200001,0.27,0.27,0.27,
01/31/2002,146.516998,,-67.970001,,78.546997,,-53.606998,,,24.940001,-2.668,,4.631,,0.0,,-1.963,22.272001,-7.575,14.697,26.157,,,-11.459999,0.0,-11.46,0.0,0.0,-11.46,-11.46,,61.973999,-0.185,0.235,0.235,63.652,-0.18,0.23,0.23,
04/30/2002,150.826996,,-68.810997,,82.015999,,-51.779999,,,30.236,-4.007,,4.588,,0.0,,-0.581,26.229,-8.916,17.313,-0.143,,,17.456,0.0,17.455999,0.0,0.0,17.455999,17.455999,,62.425999,0.28,0.275,0.275,63.981998,0.275,0.27,0.27,
07/31/2002,152.830002,,-70.420998,,82.409004,,-54.189999,,,28.219,-8.281,,4.462,,0.0,,3.819,19.938,-4.738,15.2,0.167,,,15.033,0.0,15.033,0.0,0.0,15.033,15.033,,62.610001,0.24,0.245,0.285,63.602001,0.235,0.24,0.28,
10/31/2002,168.996994,,-77.973999,,91.022995,,-59.25,,,31.773001,-4.201,,4.825,,0.0,,-0.624,27.572001,-8.548,19.024,0.0,,,19.024001,0.0,19.024,0.0,0.0,19.024,19.024,,62.683998,0.305,0.305,0.305,63.411998,0.3,0.3,0.3,
01/31/2003,149.442993,,-70.751999,,78.690994,,-55.41,,,23.281,-4.283,,4.253,,0.0,,0.03,18.998,-5.701,13.297,0.5,,,12.797,0.0,12.797,0.0,0.0,12.797,12.797,,62.804,0.205,0.21,0.21,63.43,0.2,0.21,0.21,
04/30/2003,166.054993,,-80.858002,,85.196991,,-62.202999,,,22.993999,-4.308,,4.382,,0.0,,-0.074,18.685999,-5.604,13.082,0.41,,,12.671999,0.0,12.672,0.0,0.0,12.672,12.672,,62.942002,0.2,0.21,0.21,63.560002,0.2,0.205,0.205,
09/30/2003,172.063995,,-78.893997,,93.169998,0.0,-60.648998,121.298,-60.649002,32.521,-4.257,,4.018,,0.0,,0.239,0.0,-8.479,19.785,1.912,,,-10.391,0.0,17.872999,0.0,0.0,17.872999,17.872999,,63.141998,0.285,0.315,0.315,64.11,0.28,0.31,0.31,
12/31/2003,169.794006,,-80.713997,,89.080009,,-59.776001,,,29.304001,-28.962001,,3.731,,0.0,,25.231001,0.342,1.555,1.897,0.0,,,1.897,0.0,1.897,0.0,0.0,1.897,1.897,,63.700001,0.03,0.03,0.285,65.019997,0.03,0.03,0.28,
03/31/2004,220.639999,,-111.202003,,109.437996,,-76.466003,,,32.972,-6.88,,6.903,,0.0,,-0.023,26.092,-7.958,18.134001,0.0,,,18.134,0.0,18.134001,0.0,0.0,18.134001,18.134001,,73.412003,0.245,0.245,0.26,74.571999,0.245,0.245,0.26,
06/30/2004,232.434006,,-116.418999,,116.015007,,-75.306999,,,40.708,-6.824,,6.836,,0.0,,-0.012,33.884,-10.334,23.549999,0.0,,,23.550001,0.0,23.549999,0.0,0.0,23.549999,23.549999,,73.725998,0.32,0.32,0.32,74.935997,0.315,0.315,0.315,
09/30/2004,240.141006,,-120.57,,119.571007,,-74.151001,,,45.419998,-7.344,,7.327,,0.0,,0.017,38.075998,-10.694,27.382,0.0,,,27.381998,0.0,27.382,0.0,0.0,27.382,27.382,,74.078003,0.37,0.37,0.37,75.346001,0.365,0.365,0.365,
12/31/2004,276.549,,-136.528,,140.021,,-87.819,,,52.202,-16.538,,7.781,,0.0,,8.757,35.664,-10.878,24.786,0.0,,,24.786,0.0,24.786,0.0,0.0,24.786,24.786,,76.524,0.325,0.325,0.405,77.84,0.32,0.32,0.4,
03/31/2005,333.837,,-171.213,,162.624,,-110.76,,,51.864,-10.365,10.377,10.377,,,,-0.012,41.499,-13.488,28.011,,,,28.011,,28.011,0.0,,28.011,28.011,,84.922,0.33,0.33,0.33,86.314,0.325,0.325,0.325,
06/30/2005,361.563995,,-181.621994,,179.942001,,-117.550003,,,62.391998,-10.726,10.957,10.957,,,,-0.231,51.665999,-16.104,35.562,0.0,,,35.561998,0.0,35.562,0.0,0.0,35.562,35.562,,85.431999,0.415,0.415,0.415,86.928001,0.41,0.41,0.41,
09/30/2005,365.164001,,-180.406998,,184.757004,,-114.981003,,,69.776001,-10.57,,11.437,,0.0,,-0.867,59.206001,-20.011999,39.194,0.0,,,39.194002,0.0,39.194,0.0,0.0,39.194,39.194,,85.431,0.46,0.46,0.46,87.096001,0.45,0.45,0.45,
12/31/2005,393.166,,-194.082,,199.084,,-118.217,,,80.867,-12.671,,10.623,,0.0,,2.048,68.196,-17.788,50.408,0.0,,,50.408,0.0,50.408,0.0,0.0,50.408,50.408,,85.851,0.59,0.59,0.62,88.824,0.57,0.57,0.6,
03/31/2006,382.723,,-190.326,,192.397,,-124.921,,,67.476,-10.927,10.799,10.799,,,,0.128,56.549,-18.863,37.686,,,,37.686,,37.686,,,37.686,37.686,,86.061,0.44,0.44,0.44,89.711,0.42,0.42,0.42,
06/30/2006,425.31,,-210.427,,214.883,,-129.491,,,85.392,-11.344,11.313,11.313,,,,0.031,74.048,-25.955,48.093,,,,48.093,,48.093,,,48.093,48.093,,86.919,0.55,0.55,0.55,91.043,0.53,0.53,0.53,
09/30/2006,427.217,,-208.967,,218.25,,-130.73,,,87.52,-10.799,11.066,11.066,,,,-0.267,76.721,-25.907,50.814,,,,50.814,,50.814,,,50.814,50.814,,87.05,0.58,0.58,0.58,90.963,0.56,0.56,0.56,
12/31/2006,465.484,,-229.689,,235.795,,-138.53,,,97.265,-11.711,11.623,11.623,,0.0,,0.088,85.554,-28.823,56.731,0.0,,,56.731,0.0,56.731,0.0,0.0,56.731,56.731,1.21,87.323,0.65,0.65,0.67,91.572,0.62,0.62,0.64,
03/31/2007,478.427,,-240.279,,238.148,,-145.297,,,92.851,-13.722,13.472,13.472,,0.0,,0.25,79.129,-27.695,51.434,0.0,,,51.434,0.0,51.434,0.0,0.0,51.434,51.434,,87.918,0.59,0.59,0.59,92.3,0.56,0.56,0.56,
06/30/2007,530.636,,-268.241,,262.395,,-154.439,,,107.956,-14.596,13.366,13.366,,0.0,,1.23,93.36,-32.131,61.229,0.0,,,61.229,0.0,61.229,0.0,0.0,61.229,61.229,,88.359,0.69,0.69,0.69,92.915,0.66,0.66,0.66,
09/30/2007,532.902,,-261.123,,271.779,,-158.041,,,113.738,-13.523,13.119,13.119,,0.0,,0.404,100.215,-35.075,65.14,0.0,,,65.14,0.0,65.14,0.0,0.0,65.14,65.14,,88.575,0.74,0.74,0.74,93.559,0.7,0.7,0.7,
12/31/2007,560.084,,-274.011,,286.073,,-162.264,,,123.809,-12.856,12.238,12.238,,0.0,,0.618,110.953,-38.723,72.23,0.0,,,72.23,0.0,72.23,0.0,0.0,72.23,72.23,,88.698,0.81,0.81,0.81,93.916,0.77,0.77,0.77,
03/31/2008,542.995,,-266.605,,276.39,0.0,-168.124,168.124,0.0,108.266,-12.187,,13.964,,,,-1.777,96.079,-33.628,62.451,0.0,,,62.451,0.0,62.451,0.0,0.0,62.451,62.451,,89.037,0.7,0.7,0.7,93.447,0.67,0.67,0.67,
06/30/2008,594.414,,-289.084,,305.33,0.0,-178.789,178.789,0.0,126.541,-12.691,,12.055,,,,0.636,113.85,-39.327,74.523,0.0,,,74.523,0.0,74.523,0.0,0.0,74.523,74.523,0.0,89.476,0.83,0.83,0.83,94.398,0.79,0.79,0.79,
09/30/2008,593.1,,-284.34,,308.76,0.0,-176.461,176.461,0.0,132.299,-18.958,,16.122,,,,2.836,113.341,-39.312,74.029,0.0,,,74.029,0.0,74.029,0.0,0.0,74.029,74.029,,89.629,0.83,0.83,0.83,94.251,0.79,0.79,0.79,
12/31/2008,575.862,,-278.054,,297.808,,-178.753,,,119.055,-13.509,18.678,18.678,0.0,0.0,,-5.169,105.546,-34.675,70.871,0.0,,,70.871,0.0,70.871,0.0,0.0,70.871,70.871,,89.726,0.79,0.79,0.79,92.336,0.76,0.76,0.76,
03/31/2009,505.444,505.444,-254.308,254.308,251.136,0.0,-164.344,164.344,0.0,86.792,-13.865,,13.509,,,,0.356,72.927,-21.368,51.559,0.0,0.0,0.0,51.559,0.0,51.559,0.0,0.0,51.559,51.62806,0.06906,90.132,0.57,0.57,0.572805,92.302,0.56,0.56,0.560748,
06/30/2009,504.91,504.91,-249.84,249.84,255.07,0.0,-159.106,159.106,0.0,95.964,-10.594,,13.762,,,,-3.168,85.37,-25.782,59.588,0.0,0.0,0.0,59.588,0.0,59.588,0.0,0.0,59.588,59.588,0.0,90.562,0.66,0.66,0.66,92.712,0.64,0.64,0.64,
09/30/2009,485.676,485.676,-240.156,240.156,245.52,0.0,-153.648,153.648,0.0,91.872,-14.332,,14.437,,,,-0.105,77.54,-21.13,56.41,0.0,0.0,0.0,56.41,0.0,56.41,0.0,0.0,56.41,58.4268,2.0168,90.877,0.62,0.62,0.642922,92.908,0.61,0.61,0.631707,
12/31/2009,553.638,553.638,-262.226,262.226,291.412,0.0,-170.644,170.644,0.0,120.768,-16.837,,16.836,,,,0.001,103.931,-32.007,71.924,0.0,0.0,0.0,71.924,,71.924,0.0,0.0,71.924,74.459,2.535,91.156,0.79,0.79,0.81683,93.37,0.77,0.77,0.79715,
03/31/2010,534.441,534.441,-254.876,254.876,279.565,0.0,-178.849,178.849,0.0,100.716,-15.734,,16.181,,,,-0.447,84.982,-25.257,59.725,0.0,0.0,0.0,59.725,0.0,59.725,0.0,0.0,59.725,62.60608,2.88108,93.81,0.64,0.64,0.667371,96.036,0.62,0.62,0.65,
06/30/2010,567.104,567.104,-265.157,265.157,301.947,0.0,-182.76,182.76,0.0,119.187,-17.95,,16.293,,,,1.657,101.237,-29.956,71.281,0.0,0.0,0.0,71.281,0.0,71.281,0.0,0.0,71.281,71.281,0.0,94.011,0.76,0.76,0.76,96.449,0.74,0.74,0.74,
09/30/2010,605.088,605.088,-283.339,283.339,321.749,0.0,-193.516,193.516,0.0,128.233,-14.503,,17.134,,,,-2.631,113.73,-29.467,84.263,0.0,0.0,0.0,84.263,0.0,84.263,0.0,0.0,84.263,85.238,0.975,94.312,0.89,0.89,0.903787,96.671,0.87,0.87,0.880086,
12/31/2010,679.479,679.479,-307.614,307.614,371.865,0.0,-205.707,205.707,0.0,166.158,-17.713,,16.925,,,,0.788,148.445,-41.134,107.311,0.0,0.0,0.0,107.311,0.0,107.311,0.0,0.0,107.311,107.57295,0.26195,94.823,1.13,1.13,1.134461,97.517,1.1,1.1,1.102686,
03/31/2011,645.309,645.309,-295.213,295.213,350.096,0.0,-208.096,208.096,0.0,142.0,-15.985,16.696,16.696,0.0,0.0,0.0,-0.711,126.015,-37.036,88.979,0.0,0.0,0.0,88.979,0.0,88.979,0.0,0.0,88.979,88.979,0.0,95.374,0.93,0.93,0.93,98.153,0.91,0.91,0.91,
06/30/2011,699.871,699.871,-322.808,322.808,377.063,0.0,-213.093,213.093,0.0,163.97,-8.953,,16.196,,,,-7.243,155.017,-48.706,106.311,0.0,0.0,0.0,106.311,0.0,106.311,0.0,0.0,106.311,106.311,0.0,95.911,1.11,1.11,1.11,98.412,1.08,1.08,1.08,
09/30/2011,712.705,712.705,-330.149,330.149,382.556,0.0,-215.341,215.341,0.0,167.215,-14.683,,15.373,,,,-0.69,152.532,-42.251,110.281,0.0,0.0,0.0,110.281,0.0,110.281,0.0,0.0,110.281,111.841,1.56,96.083,1.15,1.15,1.164004,98.308,1.12,1.12,1.135868,
12/31/2011,739.204,739.204,-333.355,333.355,405.849,0.0,-218.495,218.495,0.0,187.354,-15.931,,15.383,,,,0.548,171.423,-49.747,121.676,0.0,0.0,0.0,121.676,0.0,121.676,0.0,0.0,121.676,122.196,0.52,96.455,1.26,1.26,1.266871,98.662,1.23,1.23,1.235271,
03/31/2012,711.066,711.066,-319.873,319.873,391.193,0.0,-220.889,220.889,0.0,170.304,-15.973,,15.483,,,,0.49,154.331,-46.022,108.309,0.0,0.0,0.0,108.309,0.0,108.309,0.0,0.0,108.309,108.309,0.0,97.039,1.12,1.12,1.12,99.307,1.09,1.09,1.09,
06/30/2012,724.872,724.872,-327.264,327.264,397.608,0.0,-218.824,218.824,0.0,178.784,-15.651,,15.077,,,,0.574,163.133,-48.32,114.813,0.0,0.0,0.0,114.813,0.0,114.813,0.0,0.0,114.813,114.813,0.0,97.46,1.18,1.18,1.18,99.619,1.15,1.15,1.15,
09/30/2012,747.641,747.641,-331.086,331.086,416.555,0.0,-233.298,233.298,0.0,183.257,-18.879,,16.456,,,,2.423,164.378,-47.67,116.708,0.0,0.0,0.0,116.708,,116.708,0.0,0.0,116.708,121.486,4.778,97.876,1.19,1.19,1.241224,99.757,1.17,1.17,1.217896,
12/31/2012,809.91,809.91,-343.549,343.549,466.361,0.0,-241.119,241.119,0.0,225.242,-20.403,,20.509,,,,-0.106,204.839,-61.309,143.53,0.0,0.0,0.0,143.53,0.0,143.53,0.0,0.0,143.53,143.6548,0.1248,98.422,1.46,1.46,1.45958,99.576,1.44,1.44,1.441253,
03/31/2013,737.135,737.135,-315.559,315.559,421.576,0.0,-236.399,236.399,0.0,185.177,-23.35,,20.858,,,,2.492,161.827,-36.913,124.914,0.0,0.0,0.0,124.914,0.0,124.914,0.0,0.0,124.914,124.914,0.0,98.876,1.26,1.26,1.26,99.986,1.25,1.25,1.25,
06/30/2013,784.01,784.01,-338.503,338.503,445.507,0.0,-265.761,265.761,0.0,179.746,-19.825,,22.361,,,,-2.536,159.921,-48.568,111.353,0.0,0.0,0.0,111.353,0.0,111.353,0.0,0.0,111.353,118.763,7.41,99.089,1.12,1.12,1.198549,100.162,1.11,1.11,1.18398,
09/30/2013,827.81,827.81,-345.185,345.185,482.625,0.0,-263.276,263.276,0.0,219.349,-24.296,,24.705,,,,-0.409,195.053,-58.73,136.323,0.0,0.0,0.0,136.323,0.0,136.323,0.0,0.0,136.323,136.323,0.0,99.207,1.37,1.37,1.37,100.302,1.36,1.36,1.36,
12/31/2013,889.173,889.173,-355.953,355.953,533.22,0.0,-275.131,275.131,0.0,258.089,-20.76,,20.115,,,,0.645,237.329,-71.626,165.703,0.0,0.0,0.0,165.703,0.0,165.703,0.0,0.0,165.703,166.223,0.52,99.315,1.67,1.67,1.673695,100.38,1.65,1.65,1.65518,
03/31/2014,834.052,834.052,-345.116,345.116,488.936,0.0,-265.536,265.536,0.0,223.4,-18.407,,19.827,,,,-1.42,204.993,-57.767,147.226,0.0,0.0,0.0,147.226,0.0,147.226,0.0,0.0,147.226,149.826,2.6,99.557,1.48,1.48,1.504927,100.572,1.46,1.46,1.485852,
06/30/2014,885.175,885.175,-361.993,361.993,523.182,0.0,-276.516,276.516,0.0,246.666,-20.442,,19.512,,,,0.93,226.224,-68.863,157.361,0.0,0.0,0.0,157.361,0.0,157.361,0.0,0.0,157.361,157.361,0.0,99.881,1.58,1.58,1.58,100.823,1.56,1.56,1.56,
09/30/2014,884.122,884.122,-360.082,360.082,524.04,0.0,-278.382,278.382,0.0,245.658,-19.461,,20.013,,,,-0.552,226.197,-70.687,155.51,0.0,0.0,0.0,155.51,0.0,155.51,0.0,0.0,155.51,156.42,0.91,100.068,1.55,1.55,1.563137,101.006,1.54,1.54,1.549009,
12/31/2014,946.145,946.145,-380.404,380.404,565.741,0.0,-281.992,281.992,0.0,283.749,-19.707,,19.285,,,,0.422,264.042,-78.106,185.936,0.0,0.0,0.0,185.936,0.0,185.936,0.0,0.0,185.936,187.59722,1.66122,100.151,1.86,1.86,1.873144,101.122,1.84,1.84,1.856428,
03/31/2015,865.281,865.281,-347.12,347.12,518.161,0.0,-271.265,271.265,0.0,246.896,-20.515,19.836,19.836,0.0,,,0.679,226.381,-70.608,155.773,0.0,0.0,0.0,155.773,0.0,155.773,0.0,0.0,155.773,156.78661,1.01361,100.377,1.55,1.55,1.561977,101.361,1.54,1.54,1.55,
06/30/2015,889.541,889.541,-355.63,355.63,533.911,0.0,-281.937,281.937,0.0,251.974,-21.697,20.177,20.177,0.0,,,1.52,230.277,-58.997,171.28,0.0,0.0,0.0,171.28,0.0,171.28,0.0,0.0,171.28,173.165,1.885,100.573,1.7,1.7,1.721784,101.569,1.69,1.69,1.708559,
09/30/2015,883.933,883.933,-350.45,350.45,533.483,0.0,-283.112,283.112,0.0,250.371,-20.118,20.369,20.369,0.0,,,-0.251,230.253,-69.836,160.417,0.0,0.0,0.0,160.417,0.0,160.417,0.0,0.0,160.417,161.36807,0.95107,100.681,1.59,1.59,1.602766,101.607,1.58,1.58,1.58936,
12/31/2015,943.64,943.64,-364.549,364.549,579.091,0.0,-300.414,300.414,0.0,278.677,36.757,23.843,23.843,0.0,,,-60.6,315.434,-106.837,208.597,0.0,0.0,0.0,208.597,0.0,208.597,0.0,0.0,208.597,185.54374,-23.05326,100.829,2.07,2.07,1.840182,101.833,2.05,2.05,1.823617,
03/31/2016,902.423,902.423,-342.904,342.904,559.519,0.0,-314.528,314.528,0.0,244.991,-27.542,27.413,27.413,0.0,0.0,,0.129,217.449,-66.033,151.416,0.0,0.0,0.0,151.416,0.0,151.416,0.0,0.0,151.416,153.52736,2.11136,101.071,1.5,1.5,1.519005,102.318,1.48,1.48,1.500635,
06/30/2016,931.558,931.558,-364.038,364.038,567.52,0.0,-314.442,314.442,0.0,253.078,-28.197,26.863,26.863,0.0,0.0,,1.334,224.881,-66.812,158.069,0.0,0.0,0.0,158.069,0.0,158.069,0.0,0.0,158.069,161.74332,3.67432,101.249,1.56,1.56,1.597481,102.466,1.54,1.54,1.575859,
09/30/2016,945.144,945.144,-366.651,366.651,578.493,0.0,-311.103,311.103,0.0,267.39,-27.334,26.8,26.8,0.0,0.0,,0.534,240.056,-72.977,167.079,0.0,0.0,0.0,167.079,0.0,167.079,0.0,0.0,167.079,168.10422,1.02522,101.372,1.65,1.65,1.65829,102.522,1.63,1.63,1.64,
12/31/2016,1010.8,1010.8,-383.922,383.922,626.878,0.0,-337.774,337.774,0.0,289.104,-30.838,30.483,30.483,0.0,0.0,,0.355,258.266,-76.185,182.081,0.0,0.0,0.0,182.081,0.0,182.081,0.0,0.0,182.081,191.3132,9.2322,101.469,1.79,1.79,1.885435,102.58,1.78,1.78,1.87,
03/31/2017,1086.305,1086.305,-418.691,418.691,667.614,0.0,-409.358,409.358,0.0,258.256,-46.912,45.865,45.865,0.0,0.0,,1.047,211.344,-53.273,158.071,0.0,0.0,0.0,158.071,0.0,158.071,0.0,0.0,158.071,175.471,17.4,101.885,1.55,1.55,1.722246,103.078,1.53,1.53,1.698804,
06/30/2017,1134.671,1134.671,-429.021,429.021,705.65,0.0,-411.392,411.392,0.0,294.258,-38.844,45.813,45.813,0.0,0.0,,-6.969,255.414,-75.858,179.556,0.0,0.0,0.0,179.556,0.0,179.556,0.0,0.0,179.556,182.956,3.4,102.081,1.76,1.76,1.792263,103.409,1.74,1.74,1.772879,
09/30/2017,1159.912,1159.912,-433.492,433.492,726.42,0.0,-415.673,415.673,0.0,310.747,-46.182,45.523,45.523,0.0,,,0.659,264.565,-74.292,190.273,0.0,0.0,0.0,190.273,0.0,190.273,0.0,0.0,190.273,198.473,8.2,102.303,1.86,1.86,1.940051,103.68,1.84,1.84,1.91909,
12/31/2017,1226.583,1226.583,-461.471,461.471,765.112,0.0,-418.129,418.129,0.0,346.983,-43.583,43.365,43.365,0.0,,,0.218,303.4,140.472,443.872,0.0,0.0,0.0,443.872,0.0,443.872,0.0,0.0,443.872,233.02652,-210.84548,102.395,4.33,4.33,2.275761,103.863,4.27,4.27,2.239965,
03/31/2018,1202.5,1202.5,-452.0,452.0,750.5,0.0,-450.3,450.3,0.0,300.2,-44.9,43.2,43.2,0.0,0.0,,1.7,255.3,-44.0,211.3,0.0,0.0,0.0,211.3,0.0,211.3,0.0,0.0,211.3,212.88,1.58,102.9,2.05,2.05,2.068805,104.2,2.03,2.03,2.045163,
06/30/2018,1293.7,1293.7,-477.8,477.8,815.9,0.0,-461.6,461.6,0.0,354.3,-40.9,43.2,43.2,0.0,,,-2.3,313.4,-85.0,228.4,0.0,0.0,0.0,228.4,0.0,228.4,0.0,0.0,228.4,231.4,3.0,103.2,2.21,2.21,2.242248,104.4,2.19,2.19,2.218736,
09/30/2018,1318.7,1318.7,-478.7,478.7,840.0,0.0,-462.5,462.5,0.0,377.5,-65.9,48.4,48.4,0.0,,,17.5,311.6,-64.0,247.6,0.0,0.0,0.0,247.6,0.0,247.6,0.0,0.0,247.6,259.6,12.0,103.4,2.39,2.39,2.510638,104.6,2.37,2.37,2.484723,
12/31/2018,1376.3,1376.3,-503.2,503.2,873.1,0.0,-508.7,508.7,0.0,364.4,-46.3,47.3,47.3,0.0,,,-1.0,318.1,-61.0,257.1,0.0,0.0,0.0,257.1,0.0,257.1,0.0,0.0,257.1,272.1,15.0,103.4,2.49,2.49,2.631528,104.5,2.46,2.46,2.603541,
03/31/2019,1287.2,1287.2,-476.6,476.6,810.6,0.0,-464.2,464.2,0.0,346.4,72.8,43.7,43.7,0.0,,,-116.5,419.2,-49.6,369.6,0.0,0.0,0.0,369.6,0.0,369.6,0.0,0.0,369.6,237.6,-132.0,103.6,3.57,3.57,2.293436,104.7,3.53,3.53,2.269255,
06/30/2019,1330.3,1330.3,-480.3,480.3,850.0,0.0,-481.6,481.6,0.0,368.4,-46.1,45.1,45.1,0.0,,,1.0,322.3,-72.6,249.7,0.0,0.0,0.0,249.7,0.0,249.7,0.0,0.0,249.7,254.7,5.0,103.9,2.4,2.4,2.451396,105.1,2.38,2.38,2.427574,
09/30/2019,1354.5,1354.5,-480.9,480.9,873.6,0.0,-488.4,488.4,0.0,385.2,-47.3,48.8,48.8,0.0,,,-1.5,337.9,-60.4,277.5,0.0,0.0,0.0,277.5,0.0,277.5,0.0,0.0,277.5,273.6,-3.9,104.0,2.67,2.67,2.630769,105.2,2.64,2.64,2.602928,
12/31/2019,1394.8,1394.8,-501.9,501.9,892.9,0.0,-494.5,494.5,0.0,398.4,749.6,49.0,49.0,0.0,,,-798.6,1148.0,-276.9,871.1,0.0,0.0,0.0,871.1,0.0,871.1,0.0,0.0,871.1,275.1,-596.0,104.1,8.37,8.37,2.642651,105.2,8.28,8.28,2.614601,
03/31/2020,1350.7,1350.7,-493.9,493.9,856.8,0.0,-507.6,507.6,0.0,349.2,-44.6,45.4,45.4,0.0,,,-0.8,304.6,-64.3,240.3,0.0,0.0,0.0,240.3,0.0,240.3,0.0,0.0,240.3,242.3,2.0,104.3,2.3,2.3,2.323106,105.3,2.28,2.28,2.298993,
06/30/2020,1305.0,1305.0,-461.3,461.3,843.7,0.0,-510.1,510.1,0.0,333.6,-49.5,47.5,47.5,0.0,,,2.0,284.1,-64.9,219.2,0.0,0.0,0.0,219.2,0.0,219.2,0.0,0.0,219.2,231.75,12.55,104.5,2.1,2.1,2.217703,105.5,2.08,2.08,2.198957,
09/30/2020,1351.167,,,,867.09791058,,,,,362.625,,,,,,,,311.0,,235.8,,,,,,235.8,,,235.8,317.6,,,2.236,2.236,3.023,,2.236,2.236,3.023,
12/31/2020,1488.583,,,,950.32627303,,,,,421.25,,,,,,,,360.375,,268.2,,,,,,268.2,,,268.2,358.8,,,2.534,2.534,3.432,,2.534,2.534,3.432,
