Date,Revenue,Sales & Services Revenue,Cost of Revenue,Cost of Goods & Services,Gross Profit,Other Operating Income,Operating Expenses,"Selling, General & Admin",Research & Development,Other Operating Expense,Operating Income (Loss),Non-Operating (Income) Loss,"Interest Expense, Net",Interest Expense,Interest Income,Foreign Exch (Gain) Loss,Other Non-Op (Income) Loss,Pretax Income,Income Tax Expense (Benefit),Income (Loss) from Cont Ops,Net Extraordinary Losses (Gains),Discontinued Operations,XO & Accounting Changes,Income (Loss) Incl. MI,Minority Interest,"Net Income, GAAP",Preferred Dividends,Other Adjustments,"Net Income Avail to Common, GAAP","Net Income Avail to Common, Adj",Net Abnormal Losses (Gains),Basic Weighted Avg Shares,"Basic EPS, GAAP",Basic EPS from Cont Ops,"Basic EPS from Cont Ops, Adjusted",Diluted Weighted Avg Shares,"Diluted EPS, GAAP",Diluted EPS from Cont Ops,"Diluted EPS from Cont Ops, Adjusted",Source: Bloomberg
04/29/1989,153.906006,,-108.957001,,44.949005,,-38.419998,,,,6.529,-0.856,,0.995,,0.0,-0.139,5.673,-2.269,3.404,0.0,,,3.404,0.0,3.404,0.0,,3.404,3.404,,791.903992,0.004375,0.004375,,791.903992,0.004375,0.004375,0.004375,
07/29/1989,173.895004,,-116.93,,56.965004,,-43.493,,,,13.472,-1.603,,1.761,,0.0,-0.158,11.869,-4.748,7.121,0.0,,,7.121,0.0,7.121,0.0,,7.121,7.121,,763.104004,0.009375,0.009375,,763.104004,0.009375,0.009375,0.009375,
10/28/1989,175.257996,,-124.963997,,50.293999,,-41.689999,,,,8.604,-2.01,,2.144,,0.0,-0.134,6.594,-2.396,4.198,0.0,,,4.198,0.0,4.198,0.0,,4.198,4.198,,756.992004,0.005625,0.005625,,756.992004,0.005625,0.005625,0.005625,
02/03/1990,230.410004,,-157.936996,,72.473007,,-47.812,,,,24.660999,-1.544,,1.808,,0.0,-0.264,23.116999,-8.0,15.117,0.0,,,15.116999,0.0,15.117,0.0,,15.117,15.117,,732.463989,0.02,0.02,,732.463989,0.02,0.02,0.02,
05/05/1990,169.671997,,-122.066002,,47.605995,,-43.452,,,,4.154,-1.563,,1.688,,0.0,-0.125,2.591,-1.023,1.568,0.0,,,1.568,0.0,1.568,0.0,,1.568,1.568,,748.671997,0.002188,0.002188,,748.671997,0.002188,0.002188,0.002188,
08/04/1990,191.865997,,-132.235001,,59.630997,,-49.439999,,,,10.191,-2.097,,2.217,,0.0,-0.12,8.094,-3.08,5.014,0.0,,,5.014,0.0,5.014,0.0,,5.014,5.014,,747.64801,0.006562,0.006562,,747.64801,0.006562,0.006562,0.006562,
11/03/1990,185.141998,,-135.526993,,49.615005,,-47.236,,,,2.379,-2.072,,2.176,,0.0,-0.104,0.307,-0.101,0.206,0.0,,,0.206,0.0,0.206,0.0,,0.206,0.206,,737.536011,0.000312,0.000312,,737.536011,0.000312,0.000312,0.000312,
02/02/1991,251.669998,,-179.067993,,72.602005,,-56.650002,,,,15.952,-1.725,,1.906,,0.0,-0.181,14.227,-4.37,9.857,0.0,,,9.857,0.0,9.857,0.0,,9.857,9.857,,737.872009,0.01375,0.01375,,737.872009,0.01375,0.01375,0.01375,
05/04/1991,198.641006,,-144.785004,,53.856003,,-48.785,,,,5.071,-1.756,,1.821,,0.0,-0.065,3.315,-1.293,2.022,0.0,,,2.022,0.0,2.022,0.0,,2.022,2.022,,753.088013,0.002813,0.002813,,753.088013,0.002813,0.002813,0.002813,
08/03/1991,231.201004,,-157.880005,,73.320999,,-57.297001,,,,16.024,-1.696,,1.766,,0.0,-0.07,14.328,-5.588,8.74,0.0,,,8.74,0.0,8.74,0.0,,8.74,8.74,,783.872009,0.01125,0.01125,,783.872009,0.01125,0.01125,0.01125,
11/02/1991,215.404999,,-154.595993,,60.809006,,-53.837002,,,,6.972,-1.574,,1.628,,0.0,-0.054,5.398,-2.105,3.293,0.0,,,3.293,0.0,3.293,0.0,,3.293,3.293,,797.76001,0.004062,0.004062,,797.76001,0.004062,0.004062,0.004062,
02/01/1992,281.130005,,-199.242996,,81.887009,,-59.417999,,,,22.469,-0.074,,0.18,,0.0,-0.106,22.395,-8.734,13.661,0.0,,,13.661,0.0,13.661,0.0,,13.661,13.661,,777.247986,0.016875,0.016875,,777.247986,0.016875,0.016875,0.016875,
05/02/1992,221.020004,,-159.259995,,61.76001,,-55.382999,,,,6.377,-0.954,,1.021,,0.0,-0.067,5.423,-2.169,3.254,0.0,,,3.254,0.0,3.254,0.0,,3.254,3.254,,822.367981,0.004062,0.004062,,822.367981,0.004062,0.004062,0.004062,
08/01/1992,253.891006,,-178.182999,,75.708008,,-58.601002,,,,17.107,-0.967,,1.026,,0.0,-0.059,16.14,-6.456,9.684,0.0,,,9.684,0.0,9.684,0.0,,9.684,9.684,,816.927979,0.011875,0.011875,,816.927979,0.011875,0.011875,0.011875,
10/31/1992,246.878006,,-176.809998,,70.068008,,-61.269001,,,,8.799,-0.593,,0.643,,0.0,-0.05,8.206,-3.282,4.924,0.0,,,4.924,0.0,4.924,0.0,,4.924,4.924,,819.487976,0.005937,0.005937,,819.487976,0.005937,0.005937,0.005937,
01/30/1993,321.27301,,-228.496002,,92.777008,,-65.554001,,,,27.223,-0.285,,0.381,,0.0,-0.096,26.938,-10.776,16.162001,0.0,,,16.162,0.0,16.162001,0.0,,16.162001,16.162001,,807.984009,0.019375,0.019375,,807.984009,0.019375,0.019375,0.019375,
05/01/1993,239.552002,,-172.184006,,67.367996,,-60.743999,,,,6.624,-0.634,,0.634,,0.0,,5.99,-2.396,3.594,0.0,,,3.594,0.0,3.594,0.0,,3.594,3.594,,838.271973,0.004375,0.004375,,838.271973,0.004375,0.004375,0.004375,
07/31/1993,275.964996,,-200.919998,,75.044998,,-60.673,,,,14.372,-0.784,,0.784,,0.0,,13.588,-5.435,8.153,0.0,,,8.153,0.0,8.153,0.0,,8.153,8.153,,831.455994,0.009688,0.009688,,831.455994,0.009688,0.009688,0.009688,
10/30/1993,262.243988,,-190.746002,,71.497986,,-62.889999,,,,8.608,-0.631,,0.631,,0.0,,7.977,-3.191,4.786,0.0,,,4.786,0.0,4.786,0.0,,4.786,4.786,,816.512024,0.005937,0.005937,,816.512024,0.005937,0.005937,0.005937,
01/29/1994,344.272003,,-250.895004,,93.376999,,-71.790001,,,,21.587,-0.269,,0.269,,0.0,0.0,21.318,-8.527,12.791,0.0,,,12.790999,0.0,12.791,0.0,,12.791,12.791,,805.280029,0.015937,0.015937,,805.280029,0.015937,0.015937,0.015937,
04/30/1994,264.207001,,-191.585999,,72.621002,,-64.733002,,,,7.888,-0.541,,0.541,,0.0,,7.347,-2.939,4.408,0.0,,,4.408,0.0,4.408,0.0,,4.408,4.408,,799.872009,0.005625,0.005625,,799.872009,0.005625,0.005625,0.005625,
07/30/1994,312.29599,,-225.951004,,86.344986,,-70.626999,,,,15.718,-0.973,,0.973,,0.0,,14.745,-5.898,8.847,0.0,,,8.847001,0.0,8.847,0.0,,8.847,8.847,,792.383972,0.01125,0.01125,,792.864014,0.01125,0.01125,0.01125,
10/29/1994,294.959991,,-214.910004,,80.049988,,-70.752998,,,,9.297,9.178,,1.234,,0.0,-10.412,18.475,-7.39,11.085,0.0,,,11.085,0.0,11.085,0.0,,11.085,11.085,,786.23999,0.014062,0.014062,,786.23999,0.014062,0.014062,0.014062,
01/28/1995,391.080994,,-287.817993,,103.263,,-81.681,,,,21.582001,-0.78,,0.78,,0.0,0.0,20.802001,-8.321,12.481,0.0,,,12.481001,0.0,12.481,0.0,,12.481,12.481,,783.903992,0.015937,0.015937,,783.903992,0.015937,0.015937,0.015937,
04/29/1995,297.434998,,-218.617996,,78.817001,,-71.344002,,,,7.473,-1.029,,1.029,,0.0,0.0,6.444,-2.578,3.866,0.0,,,3.866,0.0,3.866,0.0,,3.866,3.866,,788.895996,0.005,0.005,,788.895996,0.005,0.005,0.005,
07/29/1995,351.201996,,-254.229996,,96.972,,-78.793999,,,,18.177999,-0.951,,0.951,,0.0,0.0,17.227,-6.891,10.336,0.0,,,10.336,0.0,10.336,0.0,,10.336,10.336,,789.952026,0.013125,0.013125,,789.952026,0.013125,0.013125,0.013125,
10/28/1995,330.682007,,-237.554993,,93.127014,,-79.468002,,,,13.659,-0.473,,0.473,,0.0,0.0,13.186,-5.277,7.909,0.0,,,7.909,0.0,7.909,0.0,,7.909,7.909,,795.616028,0.01,0.01,0.01,795.616028,0.01,0.01,0.01,
02/03/1996,447.078003,,-321.052002,,126.026001,,-90.477997,,,,35.548,-0.284,,0.284,,0.0,0.0,35.264,-14.103,21.160999,0.0,,,21.161001,0.0,21.160999,0.0,,21.160999,21.160999,,796.640015,0.026563,0.026563,,796.640015,0.026563,0.026563,0.026563,
05/04/1996,370.947998,,-264.058014,,106.889984,,-83.480003,,,,23.41,-0.184,,0.184,,0.0,0.0,23.226,-9.29,13.936,0.0,,,13.936,0.0,13.936,0.0,,13.936,13.936,,820.703979,0.016875,0.016875,0.016875,820.703979,0.016875,0.016875,0.016875,
08/03/1996,405.656006,,-285.618011,,120.037994,,-88.926003,,,,31.112,-0.031,,0.031,,0.0,0.0,31.081,-12.432,18.649,0.0,,,18.648999,0.0,18.649,0.0,,18.649,18.649,,829.728027,0.0225,0.0225,0.0225,829.728027,0.0225,0.0225,0.0225,
11/02/1996,403.382996,,-283.796997,,119.585999,,-92.405998,,,,27.18,0.077,,0.0,,0.0,-0.077,27.257,-10.903,16.354,0.0,,,16.354,0.0,16.354,0.0,,16.354,16.354,,820.0,0.02,0.02,0.02,820.0,0.02,0.02,0.02,
02/01/1997,509.822998,,-360.662994,,149.160004,,-96.380997,,,,52.778999,0.283,,,,0.0,-0.283,53.061999,-21.311001,31.966,0.0,,,31.750998,0.0,31.966,0.0,,31.966,31.966,,808.320007,0.039375,0.039375,0.039375,808.320007,0.039375,0.039375,0.039375,
05/03/1997,442.841003,,-309.513,,133.328003,,-93.939003,,,,39.389,0.2,,0.0,,0.0,-0.2,39.589,-15.836,23.753,0.0,,,23.752999,0.0,23.753,0.0,,23.753,23.753,,790.383972,0.03,0.03,0.03,807.776001,0.029375,0.029375,0.029375,
08/02/1997,490.678986,,-341.109009,,149.569977,,-103.191002,,,,46.379002,0.283,,0.0,,0.0,-0.283,46.662002,-18.664,27.997999,0.0,,,27.998002,0.0,27.997999,0.0,,27.997999,27.997999,,796.656006,0.035,0.035,0.035,813.616028,0.034375,0.034375,0.034375,
11/01/1997,482.875,,-334.964996,,147.910004,,-105.945999,,,,41.964001,-0.206,,0.0,,0.0,0.206,41.758001,-16.702999,25.055,0.0,,,25.055002,0.0,25.055,0.0,,25.055,25.055,,780.575989,0.031875,0.031875,0.031875,797.455994,0.03125,0.03125,0.03125,
01/31/1998,572.296997,,-402.510986,,169.786011,,-101.994003,,,,67.792,-0.012,,0.0,,0.0,0.012,67.78,-27.112,40.667999,0.0,,,40.668,0.0,40.667999,0.0,,40.667999,40.667999,,763.888,0.053125,0.053125,0.053125,784.159968,0.051875,0.051875,0.051875,
05/02/1998,484.276001,,-336.81601,,147.459991,,-101.939003,,,,45.521,0.135,,0.0,,0.0,-0.135,45.656,-17.806,27.85,0.0,,,27.85,0.0,27.85,0.0,0.0,27.85,27.85,,765.583984,0.03625,0.03625,0.03625,781.023987,0.035625,0.035625,0.035625,
08/01/1998,536.974976,,-371.996002,,164.978973,,-111.584999,,,,53.394001,-0.265,,0.0,,0.0,0.265,53.129001,-20.719999,32.409,0.0,,,32.409002,0.0,32.409,0.0,0.0,32.409,32.409,,759.280029,0.0425,0.0425,0.0425,773.728027,0.041875,0.041875,0.041875,
10/31/1998,531.138977,,-365.653992,,165.484985,,-119.246002,,,,46.238998,-0.329,,0.329,,0.0,0.0,45.909998,-17.905001,28.004999,0.0,,,28.004998,0.0,28.004999,0.0,0.0,28.004999,28.004999,,747.728027,0.0375,0.0375,0.0375,758.976013,0.036875,0.036875,0.036875,
01/30/1999,629.971008,,-439.423004,,190.548004,,-116.028,,,,74.519997,0.2,,0.259,,0.0,-0.459,74.719997,-29.141001,45.578999,0.0,,,45.578996,0.0,45.578999,0.0,0.0,45.578999,45.578999,,737.679993,0.061875,0.061875,0.061875,748.671997,0.060625,0.060625,0.060625,
05/01/1999,550.825012,,-379.377991,,171.447021,,-115.512001,,,,55.935001,0.162,,0.0,,0.0,-0.162,56.097001,-21.934,34.162998,0.0,,,34.163001,0.0,34.162998,0.0,,34.162998,34.162998,,735.424011,0.04625,0.04625,0.04625,747.840027,0.04625,0.04625,0.04625,
07/31/1999,614.575989,,-424.143005,,190.432983,,-126.808998,,,,63.624001,-0.182,,0.182,,0.0,0.0,63.442001,-24.806,38.636002,0.0,,,38.636001,0.0,38.636002,0.0,,38.636002,38.636002,,729.05603,0.0525,0.0525,0.0525,741.872009,0.0525,0.0525,0.0525,
10/30/1999,608.719971,,-416.441986,,192.277985,,-135.292007,,,,56.986,-0.147,,0.147,,0.0,0.0,56.839,-22.224001,34.615002,0.0,,,34.614999,0.0,34.615002,0.0,,34.615002,34.615002,,719.888,0.0475,0.0475,0.0475,729.104004,0.0475,0.0475,0.0475,
01/29/2000,694.517029,,-482.378998,,212.138031,,-133.526001,,,,78.612,-8.511,,0.0,,0.0,8.511,70.101,-27.409,42.692001,0.0,,,42.691999,0.0,42.692001,0.0,,42.692001,42.692001,,708.927979,0.06,0.06,0.0675,716.05603,0.06,0.06,0.0675,
04/29/2000,633.427979,,-434.424988,,199.002991,,-131.923996,,,,67.079002,-0.005,,0.005,,0.0,0.0,67.074002,-26.226,40.848,0.0,,,40.848003,0.0,40.848,0.0,0.0,40.848,40.848,,682.296021,0.06,0.06,0.06,689.416016,0.05875,0.05875,0.05875,
07/29/2000,657.035,,-455.797,,201.238,,-141.418,,,,59.82,-0.835,0.835,0.835,,0.0,0.0,58.985,-23.063,35.922,0.0,,,35.922,0.0,35.922,0.0,0.0,35.922,35.922,,662.024,0.05375,0.05375,0.05375,668.24,0.05375,0.05375,0.05375,
10/28/2000,639.468994,,-439.378998,,200.089996,,-149.727997,,,,50.362,-1.531,,1.531,,0.0,0.0,48.830999,-19.093,29.738001,0.0,,,29.737999,0.0,29.738001,0.0,0.0,29.738001,29.738001,,654.695984,0.045,0.045,0.045,659.112,0.045,0.045,0.045,
02/03/2001,779.106995,,-543.682983,,235.424011,,-160.033005,,,,75.390999,-1.095,,1.095,,0.0,0.0,74.295999,-29.049,45.247002,0.0,,,45.246999,0.0,45.247002,0.0,0.0,45.247002,45.247002,,645.935974,0.07,0.07,0.07,651.432007,0.07,0.07,0.07,
05/05/2001,674.359009,,-464.528992,,209.830017,,-151.235992,,,,58.594002,-1.655,,1.655,,0.0,0.0,56.939002,-22.263,34.675999,0.0,,,34.676001,0.0,34.675999,0.0,0.0,34.675999,34.675999,,642.208008,0.05375,0.05375,0.05375,648.40802,0.05375,0.05375,0.05375,
08/04/2001,724.591003,,-505.393005,,219.197998,,-160.065994,,,,59.132,-1.05,,1.05,,0.0,0.0,58.082,-22.709999,35.372002,0.0,,,35.372001,0.0,35.372002,0.0,0.0,35.372002,35.372002,,639.736023,0.055,0.055,0.055,647.911987,0.055,0.055,0.055,
11/03/2001,739.271973,,-508.746002,,230.52597,,-172.546997,,,,57.979,-0.463,,0.463,,0.0,0.0,57.516,-22.489,35.027,0.0,,,35.027,0.0,35.027,0.0,0.0,35.027,35.027,,639.400024,0.055,0.055,0.055,651.83197,0.05375,0.05375,0.05375,
02/02/2002,848.374023,,-591.791016,,256.583008,,-174.531006,,,,82.052002,0.0,,0.0,,0.0,0.0,82.052002,-32.082001,49.970001,0.0,,,49.970001,0.0,49.970001,0.0,0.0,49.970001,49.970001,,634.935974,0.07875,0.07875,0.07875,647.383972,0.0775,0.0775,0.0775,
05/04/2002,819.611,,-556.03,,263.581,,-185.082,,,,78.499,-0.448,,0.224,,0.0,0.224,78.051,-30.606,47.669,0.0,,,47.445,0.0,47.669,0.0,0.0,47.669,47.669,,630.92,0.075,0.075,0.075,644.68,0.07375,0.07375,0.07375,
08/03/2002,876.932007,,-656.577026,,220.35498,,-138.582001,,,,81.773003,-0.184,,,,0.0,0.184,81.589003,-31.900999,49.688,0.0,,,49.688004,0.0,49.688,0.0,0.0,49.688,49.688,,627.471985,0.07875,0.07875,0.07875,641.031982,0.0775,0.0775,0.0775,
11/02/2002,870.195984,,-649.69397,,220.502014,,-146.397995,,,,74.103996,-0.085,,,,0.0,0.085,74.018996,-28.941,45.077999,0.0,,,45.077996,0.0,45.077999,0.0,0.0,45.077999,45.077999,,621.711975,0.0725,0.0725,0.0725,633.624023,0.07,0.07,0.07,
02/01/2003,964.609985,,-720.283997,,244.325989,,-148.080994,,,,96.245003,0.214,,,,0.0,-0.214,96.459003,-37.716,58.743,0.0,,,58.743003,0.0,58.743,0.0,0.0,58.743,58.743,,619.776001,0.095,0.095,0.095,632.343994,0.0925,0.0925,0.0925,
05/03/2003,879.284,,-653.248,,226.036,,-145.139,,,,80.897,0.07,-0.07,,,0.0,0.0,80.967,-31.658,49.309,0.0,,,49.309,0.0,49.309,0.0,0.0,49.309,49.309,,616.416,0.08,0.08,0.08,626.032,0.07875,0.07875,0.07875,
08/02/2003,965.609985,,-725.244995,,240.36499,,-151.832001,,,,88.532997,0.061,,,,0.0,-0.061,88.593997,-34.640999,53.952999,0.0,,,53.952998,0.0,53.952999,0.0,0.0,53.952999,53.952999,,610.159973,0.0875,0.0875,0.0875,621.536011,0.0875,0.0875,0.0875,
11/01/2003,976.940002,,-730.807983,,246.132019,,-163.962006,,,,82.169998,0.142,,,,0.0,-0.142,82.311998,-32.183998,50.127998,0.0,,,50.128,0.0,50.127998,0.0,0.0,50.127998,50.127998,,605.159973,0.0825,0.0825,0.0825,617.903992,0.08,0.08,0.08,
01/31/2004,1098.749023,,-809.575989,,289.173035,,-167.425995,,,,121.747002,-0.011,,,,0.0,0.011,121.736002,-47.598,74.138,0.0,,,74.138002,0.0,74.138,0.0,0.0,74.138,74.138,,602.900024,0.1225,0.1225,0.1225,616.119995,0.12,0.12,0.12,
05/01/2004,991.892,,-750.622,,241.27,,-161.431,161.431,,0.0,79.839,-0.34,0.17,0.17,,,0.17,79.499,-31.151,48.518,,,,48.348,,48.518,,,48.518,48.518,,599.56,0.08,0.08,0.08,613.484,0.08,0.08,0.08,
07/31/2004,1008.6,,-772.743,,235.857,,-164.032,,,,71.825,-0.336,,0.336,,0.0,0.0,71.489,-20.914,32.575,0.0,,,50.575,0.0,32.575,0.0,0.0,32.575,32.575,,592.424012,0.055,0.055,0.0725,603.612,0.055,0.055,0.0725,
10/30/2004,1027.744,,-805.126,,222.618,,-162.481,162.481,,0.0,60.137,1.791,0.391,0.391,,0.0,-2.182,61.928,-24.213,37.715,0.0,,,37.715,0.0,37.715,0.0,0.0,37.715,37.715,-1.331,584.796,0.065,0.065,0.0625,594.416,0.0625,0.0625,0.06,
01/29/2005,1211.754,,-949.869,,261.885,,-176.767,176.767,,0.0,85.118,-0.018,0.018,,,,0.0,85.1,-33.274,51.826,0.0,,,51.826,0.0,51.826,0.0,0.0,51.826,51.826,,582.648,0.09,0.09,0.09,594.252,0.0875,0.0875,0.0875,
04/30/2005,1123.937,,-859.316,,264.621,,-182.736,182.736,,0.0,81.885,0.298,-0.298,,,,0.0,82.183,-32.133,50.05,,,,50.05,0.0,50.05,0.0,0.0,50.05,50.05,,584.028,0.085,0.085,0.085,593.856,0.085,0.085,0.085,
07/30/2005,1171.862,,-916.214,,255.648,0.0,-186.604,186.604,,0.0,69.044,0.58,-0.58,,,,0.0,69.624,-27.345,42.279,,,,42.279,,42.279,,0.0,42.279,42.279,,580.408,0.0725,0.0725,0.0725,589.284,0.0725,0.0725,0.0725,
10/29/2005,1236.892,,-976.323,,260.569,,-201.304,201.304,,0.0,59.265,0.461,-0.461,,,0.0,0.0,59.726,-23.401,36.325,0.0,,,36.325,0.0,36.325,0.0,0.0,36.325,36.325,,575.012,0.0625,0.0625,0.0625,582.636,0.0625,0.0625,0.0625,
01/28/2006,1411.488,,-1088.539,,322.949,,-207.699,207.699,,0.0,115.25,1.559,-1.559,,,,0.0,116.809,-45.831,70.978,0.0,,,70.978,0.0,70.978,0.0,0.0,70.978,70.978,0.0,569.756,0.125,0.125,0.125,578.66,0.1225,0.1225,0.1225,
04/29/2006,1291.676,,-988.836,,302.84,,-207.167,207.167,,0.0,95.673,1.884,-1.884,,,,0.0,97.557,-38.34,59.217,,,,59.217,0.0,59.217,,,59.217,59.217,,566.84,0.105,0.105,0.105,576.772,0.1025,0.1025,0.1025,
07/29/2006,1308.052,,-1024.13,,283.922,,-210.635,210.635,,0.0,73.287,1.554,-1.554,,,,0.0,74.841,-29.464,45.377,,,,45.377,,45.377,0.0,0.0,45.377,45.377,,561.392,0.08,0.08,0.08,570.792,0.08,0.08,0.08,
10/28/2006,1362.045,,-1073.82,,288.225,,-217.586,217.586,,0.0,70.639,1.775,-1.775,,,,0.0,72.414,-28.481,43.933,0.0,,,43.933,0.0,43.933,0.0,0.0,43.933,43.933,,554.28,0.08,0.08,0.08,563.548,0.0775,0.0775,0.0775,
02/03/2007,1608.437,,-1230.741,,377.696,,-227.645,227.645,,0.0,150.051,3.414,-3.414,,,0.0,0.0,153.465,-60.358,93.107,0.0,,,93.107,0.0,93.107,0.0,0.0,93.107,93.107,,550.2,0.17,0.17,0.17,560.696,0.165,0.165,0.165,
05/05/2007,1410.541,,-1071.278,,339.263,,-230.203,230.203,,0.0,109.06,1.391,-1.391,,,0.0,0.0,110.451,-43.407,67.044,0.0,,,67.044,0.0,67.044,0.0,0.0,67.044,67.044,,548.348,0.1225,0.1225,0.1225,558.304,0.12,0.12,0.12,
08/04/2007,1444.632,,-1131.286,,313.346,,-229.326,229.326,,0.0,84.02,-0.065,0.065,,,0.0,0.0,83.955,-33.092,50.863,0.0,,,50.863,0.0,50.863,0.0,0.0,50.863,50.863,,544.208,0.0925,0.0925,0.0925,553.12,0.0925,0.0925,0.0925,
11/03/2007,1468.337,,-1150.754,,317.583,,-238.847,238.847,,0.0,78.736,0.012,-0.012,,,0.0,0.0,78.748,-30.066,48.682,0.0,,,48.682,0.0,48.682,0.0,0.0,48.682,48.682,,537.716,0.09,0.09,0.09,544.86,0.09,0.09,0.09,
02/02/2008,1651.702,,-1264.902,,386.8,,-237.525,237.525,,0.0,149.275,2.691,-2.662,,,0.0,-0.029,151.966,-57.504,94.462,0.0,,,94.462,0.0,94.462,0.0,0.0,94.462,94.462,,531.22,0.1775,0.1775,0.1775,537.788,0.175,0.175,0.175,
05/03/2008,1556.328,1556.328,-1181.557,1181.557,374.771,0.0,-247.672,247.672,,0.0,127.099,1.621,-1.621,,,,0.0,128.72,-49.235,79.485,0.0,0.0,0.0,79.485,0.0,79.485,0.0,0.0,79.485,79.485,0.0,525.276,0.1525,0.1525,0.1525,533.256,0.15,0.15,0.15,
08/02/2008,1640.412,1640.412,-1255.222,1255.222,385.19,0.0,-268.839,268.839,,0.0,116.351,1.052,-1.052,,,,0.0,117.403,-46.104,71.299,0.0,0.0,0.0,71.299,0.0,71.299,0.0,0.0,71.299,71.299,0.0,520.44,0.1375,0.1375,0.1375,529.732,0.135,0.135,0.135,
11/01/2008,1555.287,1555.287,-1198.451,1198.451,356.836,0.0,-262.534,262.534,,0.0,94.302,0.015,-0.015,,,,0.0,94.317,-37.047,57.27,0.0,0.0,0.0,57.27,0.0,57.27,0.0,0.0,57.27,57.27,0.0,515.72,0.11,0.11,0.11,524.396,0.11,0.11,0.11,
01/31/2009,1734.112,1734.112,-1321.346,1321.346,412.766,0.0,-255.312,255.312,,0.0,157.454,-2.531,2.531,,,,0.0,154.923,-57.536,97.387,0.0,0.0,0.0,97.387,0.0,97.387,0.0,0.0,97.387,97.387,0.0,506.32,0.1925,0.1925,0.1925,512.7,0.19,0.19,0.19,
05/02/2009,1691.599,1691.599,-1268.709,1268.709,422.89,0.0,-272.03,272.03,,0.0,150.86,-1.656,1.656,,,,0.0,149.204,-57.817,91.387,0.0,0.0,0.0,91.387,0.0,91.387,0.0,0.0,91.387,91.387,0.0,498.768,0.1825,0.1825,0.1825,506.256,0.18,0.18,0.18,
08/01/2009,1768.636,1768.636,-1311.136,1311.136,457.5,0.0,-286.158,286.158,,0.0,171.342,-1.39,1.39,,,,0.0,169.952,-66.545,103.407,0.0,0.0,0.0,103.407,0.0,103.407,0.0,0.0,103.407,103.407,0.0,493.868,0.21,0.21,0.21,502.632,0.205,0.205,0.205,
10/31/2009,1744.139,1744.139,-1284.852,1284.852,459.287,0.0,-286.511,286.511,,0.0,172.776,-1.943,1.943,,,,0.0,170.833,-65.753,105.08,0.0,0.0,0.0,105.08,0.0,105.08,0.0,0.0,105.08,105.08,0.0,489.508,0.215,0.215,0.215,498.592,0.21,0.21,0.21,
01/30/2010,1979.839,1979.839,-1462.581,1462.581,517.258,0.0,-286.114,286.114,,0.0,231.144,-2.604,2.604,,,,0.0,228.54,-85.657,142.883,0.0,0.0,0.0,142.883,0.0,142.883,0.0,0.0,142.883,142.9857,0.1027,484.052,0.295,0.295,0.295393,493.42,0.29,0.29,0.290208,
05/01/2010,1934.778,1934.778,-1406.082,1406.082,528.696,0.0,-294.472,294.472,,0.0,234.224,-2.388,2.388,,,,0.0,231.836,-89.489,142.347,0.0,0.0,0.0,142.347,0.0,142.347,0.0,0.0,142.347,142.4445,0.0975,479.316,0.2975,0.2975,0.297183,489.328,0.29,0.29,0.290199,
07/31/2010,1911.76,1911.76,-1395.785,1395.785,515.975,0.0,-303.402,303.402,,0.0,212.573,-2.436,2.436,,,,0.0,210.137,-80.861,129.276,0.0,0.0,0.0,129.276,0.0,129.276,0.0,0.0,129.276,129.276,0.0,474.46,0.2725,0.2725,0.2725,482.248,0.2675,0.2675,0.2675,
10/30/2010,1874.32,1874.32,-1365.513,1365.513,508.807,0.0,-312.277,312.277,,0.0,196.53,-2.232,2.232,,,,0.0,194.298,-72.92,121.378,0.0,0.0,0.0,121.378,0.0,121.378,0.0,0.0,121.378,121.378,0.0,468.156,0.26,0.26,0.26,476.072,0.255,0.255,0.255,
01/29/2011,2145.242,2145.242,-1562.355,1562.355,582.887,0.0,-319.624,319.624,,0.0,263.263,-2.513,2.513,,,,0.0,260.75,-98.954,161.796,0.0,0.0,0.0,161.796,0.0,161.796,0.0,0.0,161.796,161.796,0.0,463.198,0.35,0.35,0.35,471.754,0.345,0.345,0.345,
04/30/2011,2074.576,2074.576,-1481.206,1481.206,593.37,0.0,-309.16,309.16,,0.0,284.21,-2.495,2.495,,,,0.0,281.715,-108.742,172.973,0.0,0.0,0.0,172.973,0.0,172.973,0.0,0.0,172.973,172.973,0.0,459.056,0.3775,0.3775,0.3775,467.092,0.37,0.37,0.37,
07/30/2011,2089.41,2089.41,-1524.307,1524.307,565.103,0.0,-320.885,320.885,,0.0,244.218,-2.569,2.569,,,,0.0,241.649,-93.373,148.276,0.0,0.0,0.0,148.276,0.0,148.276,0.0,0.0,148.276,148.276,0.0,454.608,0.325,0.325,0.325,462.352,0.32,0.32,0.32,
10/29/2011,2046.427,2046.427,-1490.213,1490.213,556.214,0.0,-332.226,332.226,,0.0,223.988,-2.565,2.565,,,,0.0,221.423,-77.454,143.969,0.0,0.0,0.0,143.969,0.0,143.969,0.0,0.0,143.969,143.969,0.0,449.08,0.32,0.32,0.32,456.92,0.315,0.315,0.315,
01/28/2012,2397.878,2397.878,-1745.034,1745.034,652.844,0.0,-341.794,341.794,,0.0,311.05,-2.693,2.693,,,,0.0,308.357,-116.405,191.952,0.0,0.0,0.0,191.952,0.0,191.952,0.0,0.0,191.952,191.952,0.0,444.576,0.43,0.43,0.43,453.022,0.425,0.425,0.425,
04/28/2012,2356.841,2356.841,-1679.127,1679.127,677.714,0.0,-337.811,337.811,,0.0,339.903,-2.232,2.232,,,,0.0,337.671,-129.058,208.613,0.0,0.0,0.0,208.613,0.0,208.613,0.0,0.0,208.613,208.613,0.0,442.208,0.47,0.47,0.47,449.858,0.465,0.465,0.465,
07/28/2012,2340.855,2340.855,-1689.643,1689.643,651.212,0.0,-352.089,352.089,,0.0,299.123,-2.086,2.086,,,,0.0,297.037,-115.013,182.024,0.0,0.0,0.0,182.024,0.0,182.024,0.0,0.0,182.024,182.024,0.0,440.13,0.415,0.415,0.415,447.21,0.405,0.405,0.405,
10/27/2012,2262.723,2262.723,-1648.997,1648.997,613.726,0.0,-357.983,357.983,,0.0,255.743,-1.643,1.643,,,,0.0,254.1,-94.576,159.524,0.0,0.0,0.0,159.524,0.0,159.524,0.0,0.0,159.524,159.524,0.0,437.166,0.365,0.365,0.365,444.37,0.36,0.36,0.36,
02/02/2013,2760.646,2760.646,-1993.661,1993.661,766.985,0.0,-390.003,390.003,,0.0,376.982,-0.946,0.946,,,,0.0,376.036,-139.434,236.602,0.0,0.0,0.0,236.602,0.0,236.602,0.0,0.0,236.602,236.602,0.0,433.872,0.545,0.545,0.545,441.016,0.535,0.535,0.535,
05/04/2013,2539.914,2539.914,-1798.811,1798.811,741.103,0.0,-361.968,361.968,,0.0,379.135,-0.209,0.209,,,,0.0,378.926,-144.314,234.612,0.0,0.0,0.0,234.612,0.0,234.612,0.0,0.0,234.612,234.612,0.0,430.816,0.545,0.545,0.545,436.992,0.535,0.535,0.535,
08/03/2013,2551.277,2551.277,-1823.777,1823.777,727.5,0.0,-381.193,381.193,,0.0,346.307,0.175,-0.175,,,,0.0,346.482,-133.361,213.121,0.0,0.0,0.0,213.121,0.0,213.121,0.0,0.0,213.121,213.121,0.0,427.672,0.5,0.5,0.5,433.226,0.49,0.49,0.49,
11/02/2013,2398.122,2398.122,-1746.235,1746.235,651.887,0.0,-381.86,381.86,,0.0,270.027,0.152,-0.152,,,,0.0,270.179,-98.561,171.618,0.0,0.0,0.0,171.618,0.0,171.618,0.0,0.0,171.618,171.618,0.0,423.972,0.405,0.405,0.405,429.606,0.4,0.4,0.4,
02/01/2014,2741.04,2741.04,-1992.101,1992.101,748.939,0.0,-401.345,401.345,,0.0,347.594,0.129,-0.129,,,,0.0,347.723,-129.77,217.953,0.0,0.0,0.0,217.953,0.0,217.953,0.0,0.0,217.953,217.953,0.0,420.586,0.52,0.52,0.52,426.362,0.51,0.51,0.51,
05/03/2014,2680.593,2680.593,-1908.184,1908.184,772.409,0.0,-379.802,379.802,,0.0,392.607,0.104,-0.104,,,,0.0,392.711,-148.798,243.913,0.0,0.0,0.0,243.913,0.0,243.913,0.0,0.0,243.913,243.913,0.0,417.898,0.585,0.585,0.585,423.03,0.575,0.575,0.575,
08/02/2014,2729.566,2729.566,-1944.017,1944.017,785.549,0.0,-395.225,395.225,,0.0,390.324,0.095,-0.095,,,,0.0,390.419,-150.858,239.561,0.0,0.0,0.0,239.561,0.0,239.561,0.0,0.0,239.561,239.561,0.0,415.13,0.575,0.575,0.575,419.306,0.57,0.57,0.57,
11/01/2014,2598.82,2598.82,-1882.185,1882.185,716.635,0.0,-410.002,410.002,,0.0,306.633,-0.777,0.777,,,,0.0,305.856,-113.136,192.72,0.0,0.0,0.0,192.72,0.0,192.72,0.0,0.0,192.72,192.72,0.0,411.732,0.47,0.47,0.47,415.93,0.465,0.465,0.465,
01/31/2015,3032.698,3032.698,-2203.57,2203.57,829.128,0.0,-430.342,430.342,,0.0,398.786,-2.406,2.406,,,,0.0,396.38,-147.85,248.53,0.0,0.0,0.0,248.53,0.0,248.53,0.0,0.0,248.53,248.53,0.0,409.114,0.605,0.605,0.605,413.462,0.6,0.6,0.6,
05/02/2015,2938.148,2938.148,-2067.455,2067.455,870.693,0.0,-409.298,409.298,,0.0,461.395,-2.003,2.003,2.173,-0.17,,0.0,459.392,-177.187,282.205,0.0,0.0,0.0,282.205,0.0,282.205,0.0,0.0,282.205,282.205,0.0,407.654,0.69,0.69,0.69,411.386,0.685,0.685,0.685,
08/01/2015,2968.27,2968.27,-2119.48,2119.48,848.79,0.0,-435.226,435.226,,0.0,413.564,-1.652,1.652,1.752,-0.1,,0.0,411.912,-153.273,258.639,0.0,0.0,0.0,258.639,0.0,258.639,0.0,0.0,258.639,258.639,0.0,404.76,0.64,0.64,0.64,407.693,0.63,0.63,0.63,
10/31/2015,2782.855,2782.855,-2003.347,2003.347,779.508,0.0,-443.354,443.354,,0.0,336.154,-4.427,4.427,4.539,-0.112,,0.0,331.727,-116.071,215.656,0.0,0.0,0.0,215.656,0.0,215.656,0.0,0.0,215.656,215.656,0.0,401.494,0.54,0.54,0.54,404.504,0.53,0.53,0.53,
01/30/2016,3250.726,3250.726,-2386.591,2386.591,864.135,0.0,-450.877,450.877,0.0,0.0,413.258,-4.53,4.53,4.825,-0.295,,0.0,408.728,-144.567,264.161,0.0,0.0,0.0,264.161,0.0,264.161,0.0,0.0,264.161,264.161,0.0,398.229,0.66,0.66,0.66,401.619,0.66,0.66,0.66,
04/30/2016,3088.995,3088.995,-2176.205,2176.205,912.79,0.0,-436.924,436.924,,0.0,475.866,-4.364,4.364,4.962,-0.598,,0.0,471.502,-180.868,290.634,0.0,0.0,0.0,290.634,0.0,290.634,0.0,0.0,290.634,290.634,0.0,395.799,0.73,0.73,0.73,398.812,0.73,0.73,0.73,
07/30/2016,3180.917,3180.917,-2251.845,2251.845,929.072,0.0,-469.511,469.511,,0.0,459.561,-4.213,4.213,4.868,-0.655,,0.0,455.348,-173.442,281.906,0.0,0.0,0.0,281.906,0.0,281.906,0.0,0.0,281.906,281.906,0.0,393.568,0.72,0.72,0.72,395.93,0.71,0.71,0.71,
10/29/2016,3086.687,3086.687,-2206.092,2206.092,880.595,0.0,-490.171,490.171,,0.0,390.424,-4.156,4.156,4.871,-0.715,,0.0,386.268,-141.722,244.546,0.0,0.0,0.0,244.546,0.0,244.546,0.0,0.0,244.546,244.546,0.0,390.87,0.63,0.63,0.63,393.372,0.62,0.62,0.62,
01/28/2017,3510.158,3510.158,-2539.563,2539.563,970.595,0.0,-493.802,493.802,0.0,0.0,476.793,-3.755,3.755,4.868,-1.113,,0.0,473.038,-172.47,300.568,0.0,0.0,0.0,300.568,0.0,300.568,0.0,0.0,300.568,300.568,0.0,388.259,0.774143,0.774143,0.774143,391.718,0.767307,0.767307,0.767307,
04/29/2017,3306.429,3306.429,-2329.966,2329.966,976.463,0.0,-474.819,474.819,,0.0,501.644,-3.169,3.169,4.851,-1.682,,0.0,498.475,-177.457,321.018,0.0,0.0,0.0,321.018,0.0,321.018,0.0,0.0,321.018,321.018,0.0,386.433,0.83,0.83,0.83,389.73,0.82,0.82,0.82,
07/29/2017,3431.603,3431.603,-2420.942,2420.942,1010.661,0.0,-498.276,498.276,,0.0,512.385,-2.341,2.341,4.757,-2.416,,0.0,510.044,-193.505,316.539,0.0,0.0,0.0,316.539,0.0,316.539,0.0,0.0,316.539,316.539,0.0,383.011,0.83,0.83,0.83,385.571,0.82,0.82,0.82,
10/28/2017,3328.894,3328.894,-2369.148,2369.148,959.746,0.0,-517.297,517.297,,0.0,442.449,-1.78,1.78,4.673,-2.893,,0.0,440.669,-166.22,274.449,0.0,0.0,0.0,274.449,0.0,274.449,0.0,0.0,274.449,274.449,0.0,379.432,0.72,0.72,0.72,382.132,0.72,0.72,0.72,
02/03/2018,4067.806,4067.806,-2922.582,2922.582,1145.224,0.0,-553.306,553.306,,0.0,591.918,-0.386,0.386,4.566,-4.18,,0.0,591.532,-140.785,450.747,0.0,0.0,0.0,450.747,0.0,450.747,0.0,0.0,450.747,366.594142,-84.152858,376.204,1.2,1.2,0.974456,379.734,1.19,1.19,0.96839,
05/05/2018,3588.619,3588.619,-2522.219,2522.219,1066.4,0.0,-524.423,524.423,,0.0,541.977,0.503,-0.503,4.449,-4.952,,0.0,542.48,-124.228,418.252,0.0,0.0,0.0,418.252,0.0,418.252,0.0,0.0,418.252,418.252,0.0,373.797,1.12,1.12,1.12,377.062,1.11,1.11,1.11,
08/04/2018,3737.926,3737.926,-2666.983,2666.983,1070.943,0.0,-554.581,554.581,,0.0,516.362,1.393,-1.393,4.245,-5.638,,0.0,517.755,-128.351,389.404,0.0,0.0,0.0,389.404,0.0,389.404,0.0,0.0,389.404,389.404,0.0,371.031,1.05,1.05,1.05,373.717,1.04,1.04,1.04,
11/03/2018,3549.608,3549.608,-2547.331,2547.331,1002.277,0.0,-561.577,561.577,,0.0,440.7,2.953,-2.953,4.179,-7.132,,0.0,443.653,-105.545,338.108,0.0,0.0,0.0,338.108,0.0,338.108,0.0,0.0,338.108,338.108,0.0,368.102,0.92,0.92,0.92,371.061,0.91,0.91,0.91,
02/02/2019,4107.388,4107.388,-2989.744,2989.744,1117.644,0.0,-575.969,575.969,,0.0,541.675,5.313,-5.313,3.534,-8.847,,0.0,546.988,-105.295,441.693,0.0,0.0,0.0,441.693,0.0,441.693,0.0,0.0,441.693,441.693,0.0,365.202,1.21,1.21,1.21,368.365,1.2,1.2,1.2,
05/04/2019,3796.642,3796.642,-2701.668,2701.668,1094.974,0.0,-558.25,558.25,,0.0,536.724,5.635,-5.635,2.831,-8.466,,0.0,542.359,-121.217,421.142,0.0,0.0,0.0,421.142,0.0,421.142,0.0,0.0,421.142,421.142,0.0,363.085,1.16,1.16,1.16,365.912,1.15,1.15,1.15,
08/03/2019,3979.869,3979.869,-2843.85,2843.85,1136.019,0.0,-591.97,591.97,,0.0,544.049,4.782,-4.782,2.392,-7.174,,0.0,548.831,-136.11,412.721,0.0,0.0,0.0,412.721,0.0,412.721,0.0,0.0,412.721,412.721,0.0,359.794,1.15,1.15,1.15,362.074,1.14,1.14,1.14,
11/02/2019,3849.117,3849.117,-2766.432,2766.432,1082.685,0.0,-604.605,604.605,,0.0,478.08,4.402,-4.402,2.314,-6.716,,0.0,482.482,-111.55,370.932,0.0,0.0,0.0,370.932,0.0,370.932,0.0,0.0,370.932,370.932,0.0,356.879,1.04,1.04,1.04,359.299,1.03,1.03,1.03,
02/01/2020,4413.445,4413.445,-3224.237,3224.237,1189.208,0.0,-601.879,601.879,,0.0,587.329,3.287,-3.287,2.203,-5.49,,0.0,590.616,-134.483,456.133,0.0,0.0,0.0,456.133,0.0,456.133,0.0,0.0,456.133,456.133,0.0,354.09,1.29,1.29,1.29,356.918,1.28,1.28,1.28,
05/02/2020,1842.673,1842.673,-1889.991,1889.991,-47.318,0.0,-415.305,415.305,,0.0,-462.623,-6.666,6.666,10.002,-3.336,,0.0,-469.289,163.447,-305.842,0.0,0.0,0.0,-305.842,0.0,-305.842,0.0,0.0,-305.842,-305.842,0.0,352.202,-0.87,-0.87,-0.87,352.202,-0.87,-0.87,-0.87,
08/01/2020,2684.712,2684.712,-2080.12,2080.12,604.592,0.0,-519.495,519.495,,0.0,85.097,-28.855,28.855,29.612,-0.757,,0.0,56.242,-34.195,22.047,0.0,0.0,0.0,22.047,0.0,22.047,0.0,0.0,22.047,22.047,0.0,352.276,0.06,0.06,0.06,354.232,0.06,0.06,0.06,
10/31/2020,3408.19,,,,883.2324385,,,,,,314.25,,,,,,,292.412,,219.611,,,,,,219.611,,,219.611,219.611,,,0.599,0.599,0.6,,0.599,0.599,0.6,
01/31/2021,4248.7,,,,1117.4081,,,,,,517.917,,,,,,,491.938,,370.765,,,,,,370.765,,,370.765,370.765,,,1.047,1.047,1.06,,1.047,1.047,1.06,
