Date,Revenue,Sales & Services Revenue,Other Revenue,Cost of Revenue,Cost of Goods & Services,Depreciation & Amortization,Gross Profit,Other Operating Income,Operating Expenses,"Selling, General & Admin",General & Administrative,Research & Development,Other Operating Expense,Operating Income (Loss),Non-Operating (Income) Loss,"Interest Expense, Net",Interest Expense,Interest Income,Foreign Exch (Gain) Loss,(Income) Loss from Affiliates,Other Non-Op (Income) Loss,Pretax Income,Income Tax Expense (Benefit),Current Income Tax,Deferred Income Tax,Income (Loss) from Cont Ops,Net Extraordinary Losses (Gains),Discontinued Operations,XO & Accounting Changes,Income (Loss) Incl. MI,Minority Interest,"Net Income, GAAP",Preferred Dividends,Other Adjustments,"Net Income Avail to Common, GAAP","Net Income Avail to Common, Adj",Net Abnormal Losses (Gains),Basic Weighted Avg Shares,"Basic EPS, GAAP",Basic EPS from Cont Ops,"Basic EPS from Cont Ops, Adjusted",Diluted Weighted Avg Shares,"Diluted EPS, GAAP",Diluted EPS from Cont Ops,"Diluted EPS from Cont Ops, Adjusted",Source: Bloomberg
03/31/1990,1.122703,,,-0.839794,,,0.282909,,-0.327994,,,,,-0.045085,0.091112,,0.093503,,0.0,,-0.184615,0.046027,0.0,,,0.046027,0.0,,,0.046027,0.0,0.046027,-0.028372,,0.017655,0.017655,,4.90153,0.0036,,,4.90153,0.0036,,,
06/30/1990,1.502397,,,-1.07186,,,0.430537,,-0.40176,,,,,0.028777,0.022841,,0.091187,,0.0,,-0.114028,0.051618,0.0,,,0.051618,0.0,,,0.051618,-0.009065,0.042553,-0.027878,,0.014675,0.014675,,5.047669,0.00291,,,5.047669,0.00291,,,
09/30/1990,1.775329,,,-1.256261,,,0.519068,,-0.479514,,,,,0.039554,0.029827,,0.111144,,0.0,,-0.140971,0.069381,0.0,,,0.069381,0.0,,,0.069381,-0.018658,0.050723,-0.028126,,0.022597,0.022597,,5.523998,0.00409,,,5.523998,0.00409,,,
12/31/1990,2.14841,,,-1.417516,,,0.730894,,-0.456824,,,,,0.27407,-0.052986,,0.122008,,0.0,,-0.069022,0.221084,-0.035,,,0.186084,0.0,,,0.186084,-0.039922,0.146162,-0.185813,,-0.039651,-0.039651,,5.402287,-0.00766,,,5.402287,-0.00766,,,
03/31/1991,2.217181,,,-1.60754,,,0.609641,,-0.515745,,,,,0.093896,0.009569,,0.104005,,0.0,,-0.113574,0.103465,-0.0242,,,0.079265,0.0,,,0.079265,0.02385,0.103115,-0.095325,,0.00779,0.00779,,5.961451,0.00131,,,5.961451,0.00131,,,
06/30/1991,2.150372,,,-1.584327,,,0.566045,,-0.609067,,,,,-0.043022,0.101492,,0.123777,,0.0,,-0.225269,0.05847,-0.028,,,0.03047,0.0,,,0.03047,0.051236,0.081706,-0.100167,,-0.018461,-0.018461,,6.143364,0.0,,,6.143364,0.0,,,
09/30/1991,2.515454,,,-1.813741,,,0.701713,,-0.597905,,,,,0.103808,0.047944,,0.182192,,0.0,,-0.230136,0.151752,-0.033825,,,0.117927,0.0,,,0.117927,0.0,0.117927,-0.08595,,0.031977,0.031977,,6.326171,0.0,,,6.326171,0.0,,,
12/31/1991,2.745617,,,-2.130766,,,0.614851,,-0.485253,,,,,0.129598,0.033543,,0.26165,,0.0,,-0.295193,0.163141,-0.038975,,,0.124166,0.0,,,0.124166,1e-06,0.124167,-0.088314,,0.035853,0.035853,,6.376734,0.0077,,,6.376734,0.0077,,,
03/31/1992,2.855595,,,-2.143544,,,0.712051,,-0.459287,,,,,0.252764,-0.121542,,0.240938,,0.0,,-0.119396,0.131222,-0.0361,,,0.095122,0.0,,,0.095122,0.011793,0.106915,-0.085146,,0.021769,0.021769,,6.887689,0.0,0.0,,6.887689,0.0,0.0,0.0,
06/30/1992,3.049893,,,-2.282454,,,0.767439,,-0.456185,,,,,0.311254,-0.078946,,0.257793,,0.0,,-0.178847,0.232308,-0.0505,,,0.181808,0.0,,,0.181808,0.003142,0.18495,-0.075106,,0.109844,0.109844,,7.154792,0.0,0.0,,7.154792,0.0,0.0,0.0,
09/30/1992,3.587489,,,-2.757299,,,0.83019,,-0.489843,,,,,0.340347,-0.09913,,0.235645,,0.0,,-0.136515,0.241217,-0.053154,,,0.188063,0.0,,,0.188063,0.002919,0.190982,-0.066356,,0.124626,0.124626,,7.100229,0.0,0.0,,7.100229,0.0,0.0,0.0,
12/31/1992,3.825228,,,-2.967028,,,0.8582,,-0.509293,,,,,0.348907,-0.092427,,0.217569,,0.0,,-0.125142,0.25648,-0.052246,,,0.204234,0.0,,,0.204234,-0.001157,0.203077,-0.0672,,0.135877,0.135877,,7.083,0.019772,0.02,,7.083,0.019772,0.02,0.02,
03/31/1993,3.939367,,,-3.054456,,,0.884911,,-0.514399,,,,,0.370512,-0.139601,,0.232534,,0.0,,-0.092933,0.230911,-0.0135,,,0.217411,0.0,,,0.217411,-0.002461,0.21495,-0.0652,,0.14975,0.14975,,7.311975,0.02,0.02,,7.311975,0.02,0.02,0.02,
06/30/1993,4.684963,,,-3.504989,,,1.179974,,-0.52522,,,,,0.654754,-0.249795,,0.303961,,0.0,,-0.054166,0.404959,-0.032,,,0.372959,0.0,,,0.372959,-0.000982,0.371977,-0.075604,,0.296373,0.296373,,8.228155,0.033333,0.033333,,8.228155,0.033333,0.033333,0.033333,
09/30/1993,4.888,,,-3.841,,,1.047,,-0.5,,,,,0.547,-0.15,,0.25,,0.0,,-0.1,0.397,0.0,,,0.397,0.0,,,0.397,0.0,0.397,-0.086,,0.311,0.311,,9.405,0.033333,0.033333,0.033333,9.405,0.033333,0.033333,0.033333,
12/31/1993,5.14467,,,-4.180555,,,0.964115,,-0.523381,,,,,0.440734,-0.159505,,0.333505,,0.0,,-0.174,0.281229,0.1265,,,0.407,0.0,,,0.407729,0.0,0.407073,-0.102196,,0.304877,0.304877,,9.9105,0.033333,0.033333,0.033333,9.9105,0.033333,0.033333,0.033333,
03/31/1994,7.67,,,-6.154,,,1.516,,-0.582,,,,,0.934,-0.512,,0.548,,0.0,,-0.036,0.422,-0.002,,,0.42,0.0,,,0.42,0.0,0.42,-0.094,,0.326,0.326,,13.083,0.026667,0.026667,,13.083,0.026667,0.026667,0.026667,
06/30/1994,9.068,,,-7.032,,,2.036,,-0.753,,,,,1.283,-0.473,,0.68,,0.0,,-0.207,0.81,-0.064,,,0.746,0.0,,,0.746,0.0,0.746,-0.093,,0.653,0.653,,13.677,0.046667,0.046667,,13.677,0.046667,0.046667,0.046667,
09/30/1994,8.896,,,-6.694,,,2.202,,-0.864,,,,,1.338,-0.553,,0.718,,0.0,,-0.165,0.785,-0.063,,,0.722,0.0,,,0.722,0.0,0.722,-0.094,,0.628,0.628,,13.86,0.046667,0.046667,,13.86,0.046667,0.046667,0.046667,
12/31/1994,8.689,,,-6.512,,,2.177,,-0.638,,,,,1.539,-0.798,,0.861,,0.0,,-0.063,0.741,-0.01,,,0.731,0.0,,,0.731,0.0,0.731,-0.094,,0.637,0.637,,13.7235,0.046667,0.046667,0.046667,13.7235,0.046667,0.046667,0.046667,
03/31/1995,10.68,,,-7.947,,,2.733,,-0.888,,,,,1.845,-0.933,,1.156,,0.0,,-0.223,0.912,-0.117,,,0.795,0.0,,,0.795,0.0,0.795,-0.094,,0.701,0.701,,15.8325,0.046667,0.046667,0.046667,15.8325,0.046667,0.046667,0.046667,
06/30/1995,10.982,,,-7.862,,,3.12,,-0.906,,,,,2.214,-0.636,,1.242,,0.0,,-0.606,1.578,-0.552,,,1.026,0.0,,,1.026,0.0,1.026,-0.093,,0.933,0.933,,18.1125,0.053333,0.053333,0.053333,18.1125,0.053333,0.053333,0.053333,
09/30/1995,11.835,,,-8.721,,,3.114,,-0.866,,,,,2.248,-1.122,,1.423,,0.0,,-0.301,1.126,-0.229,,,0.897,0.0,,,0.897,0.0,0.897,-0.094,,0.803,0.803,,18.195,0.046667,0.046667,0.046667,18.195,0.046667,0.046667,0.046667,
12/31/1995,17.301001,,,-12.581,,,4.720001,,-0.588,,,,,4.132,-1.576,,1.763,,0.0,,-0.187,2.556,-0.884,,,1.672,0.0,,,1.672,0.0,1.672,-0.45,,1.222,1.222,,18.894,0.066667,0.066667,0.066667,18.894,0.066667,0.066667,0.066667,
03/31/1996,17.115999,,,-10.555,,,6.560999,,-1.098,,,,,5.463,-1.457,,1.554,,0.0,,-0.097,4.006,-1.403,,,2.603,0.0,,,2.603,0.0,2.603,-0.677,,1.926,1.926,,20.5365,0.093333,0.093333,0.093333,20.5365,0.093333,0.093333,0.093333,
06/30/1996,18.614,,,-11.7,,,6.914001,,-1.295,,,,,5.619,-1.342,,1.956,,0.0,,-0.614,4.277,-1.497,,,2.78,0.0,,,2.78,0.0,2.78,-0.644,,2.136,2.136,,22.443,0.1,0.1,0.1,22.443,0.1,0.1,0.1,
09/30/1996,18.283001,,,-11.137,,,7.146001,,-1.305,,,,,5.841,-1.662,,2.053,,0.0,,-0.391,4.179,-1.46,,,2.719,0.0,,,2.719,0.0,2.719,-0.597,,2.122,2.122,,22.737,0.093333,0.093333,0.093333,22.737,0.093333,0.093333,0.093333,
12/31/1996,19.615999,,,-11.261,,,8.354999,,-1.728,,,,,6.627,0.36,,1.924,,0.0,,-2.284,6.987,-2.474,,,4.513,0.0,,,4.513,0.0,4.513,-0.536,,3.977,3.977,,22.9905,0.173333,0.173333,0.173333,22.9905,0.173333,0.173333,0.173333,
03/31/1997,37.112,,,-21.292,,,15.82,,-2.084,,,,,13.736,-3.321,,3.959,,0.0,,-0.638,10.415,-3.853,,,6.562,0.0,,,6.562,0.0,6.562,-0.584,,5.978,5.978,,25.459499,0.233333,0.233333,0.233333,26.522999,0.226667,0.226667,0.226667,
06/30/1997,29.406,,,-20.239,,,9.167,,-1.229,,,,,7.938,-3.849,,7.225,,0.0,,-3.376,4.089,-1.72,,,2.369,0.0,,,2.369,0.0,2.369,-0.584,,1.785,1.785,,30.435001,0.06,0.06,0.06,31.381499,0.06,0.06,0.06,
09/30/1997,32.738998,,,-21.388,,,11.350998,,-1.869,,,,,9.482,-5.013,,7.343,,0.0,,-2.33,4.469,-1.66,,,2.809,0.0,,,2.809,0.0,2.809,-0.584,,2.225,2.225,,30.5685,0.073333,0.073333,0.073333,31.4415,0.073333,0.073333,0.073333,
12/31/1997,41.438,,,-26.841,,,14.597,,-2.635,,,,,11.962,-66.098001,,8.648,,0.0,,57.450001,-54.136001,19.063999,,,-35.071999,0.0,,,-35.072001,0.0,-35.071999,-0.582,,-35.653999,-35.653999,,30.985499,-1.153333,-1.153333,0.093333,30.985499,-1.153333,-1.153333,0.093333,
03/31/1998,34.269,,,-20.594,,,13.675,,-2.253,,,,,11.422,-6.993,6.993,8.734,-1.741,0.0,,0.0,4.429,-1.66,,,2.769,0.0,,,2.769,0.0,2.769,,,2.769,2.769,,31.6095,0.066667,0.066667,0.066667,32.3865,0.066667,0.066667,0.066667,
06/30/1998,32.376,,,-20.203,,,12.173,,-4.114,,,,,8.059,-9.477,9.374,9.374,,0.0,,0.103,-1.418,0.474,,,-0.944,0.0,,,-0.944,0.0,-0.944,-0.584,,-1.528,-1.528,,31.743,-0.046667,-0.046667,-0.046667,32.268,-0.046667,-0.046667,-0.046667,
09/30/1998,35.419,,,-24.617,,,10.802,,-4.85,,,,,5.952,-108.741,10.879,10.995,-0.116,0.0,,97.862,-102.789,35.882,,,-66.907,0.0,,,-66.907,0.0,-66.907,-0.584,,-67.491,-67.491,63.61,39.3645,-1.713333,-1.713333,-0.1,39.942,-1.713333,-1.713333,-0.1,
12/31/1998,39.423,,,-31.653,,,7.77,,-9.715,,,,,-1.945,-127.895002,,11.191,,0.0,,116.704002,-129.840002,19.771999,,,-110.068001,0.0,,,-110.068003,0.0,-110.068001,-0.582,,-110.650001,-110.650001,,52.970999,-2.086667,-2.086667,0.153333,52.970999,-2.086667,-2.086667,0.153333,
03/31/1999,37.015,,,-31.901,,,5.114,,-2.813,,,,,2.301,-11.162,11.162,12.1,-0.938,0.0,,0.0,-8.861,-0.12,,,-8.981,0.0,,,-8.981,0.0,-8.981,-0.584,,-9.565,-9.565,,54.2055,-0.173333,-0.173333,-0.173333,54.2055,-0.173333,-0.173333,-0.173333,
06/30/1999,41.218,,,-32.099,,,9.119,,-2.211,,,,,6.908,-11.375,11.353,12.353,-1.0,0.0,,0.022,-4.467,-0.05,,,-4.517,-2.43,,,-2.087,0.0,-2.087,-0.583,,-2.67,-2.67,,54.9285,-0.046667,-0.093333,-0.093333,54.9285,-0.046667,-0.093333,-0.093333,
09/30/1999,41.708,,,-31.223,,,10.485,,-2.612,,,,,7.873,6.273,11.985,12.126,-0.141,0.0,,-18.258,14.146,-1.424,,,12.722,0.0,,,12.722,0.0,12.722,-0.584,,12.138,12.138,-20.489,56.1705,0.22,0.22,-0.073333,56.1705,0.22,0.22,-0.073333,
12/31/1999,33.334,,,-24.298,,,9.036,,-2.801,,,,,6.235,-15.675,10.506,10.506,,0.0,,5.169,-9.44,-0.007,,,-9.447,0.0,,,-9.447,0.0,-9.447,-0.583,,-10.03,-10.03,7.1,56.256,-0.18,-0.18,-0.113333,56.256,-0.18,-0.18,-0.113333,
03/31/2000,42.889,,,-28.611,,,14.278,,-3.143,,,,,11.135,-10.387,10.287,10.337,-0.05,0.0,,0.1,0.748,0.0,,,0.748,-3.533,,,4.281,0.0,4.281,-0.52,,3.761,3.761,,58.509,0.08,0.013333,0.013333,58.7385,0.08,0.013333,0.013333,
06/30/2000,42.509,,,-27.48,,,15.029,,-2.928,,,,,12.101,-11.441,9.095,10.268,-1.173,0.0,,2.346,0.66,1.093,,,1.753,-6.982,,,8.735,0.0,8.735,-0.464,,8.271,8.271,,61.5075,0.153333,0.153333,0.04,61.71,0.153333,0.153333,0.04,
09/30/2000,44.471,,,-27.959,,,16.512,,-3.523,,,,,12.989,-9.286,9.286,9.634,-0.348,0.0,,0.0,3.703,-0.208,,,3.495,-4.261,,,7.756,0.0,7.756,-0.449,,7.307,7.307,,66.504,0.126667,0.06,0.06,66.801,0.126667,0.06,0.06,
12/31/2000,48.519,,,-31.582,,,16.937,,-3.916,,,,,13.021,0.492,,9.714,,0.0,,-10.206,13.513,0.689,,,14.202,-2.987,,,17.189,0.0,17.189,-0.011,0.0,17.178,17.178,,57.297,0.28,0.24,0.24,57.297,0.28,0.24,0.24,
03/31/2001,61.51,,,-31.242,,,30.268,,-4.553,,,,,25.715,-7.635,7.635,9.117,-1.482,0.0,,0.0,18.08,0.0,,,18.08,-0.432,,,18.512,0.0,18.512,-0.004,0.0,18.508,18.508,,75.279,0.253333,0.246667,0.246667,75.582,0.253333,0.246667,0.246667,
06/30/2001,57.019,,,-30.621,,,26.398,,-4.818,,,,,21.58,-6.14,6.14,7.976,-1.836,,,0.0,15.44,0.051,,,15.491,-1.61,,,17.101,0.0,17.101,-0.004,0.0,17.097,17.097,,76.3785,0.226667,0.206667,0.206667,76.5645,0.22,0.2,0.2,
09/30/2001,52.324,,,-30.107,,,22.217,,-3.072,,,,,19.145,-8.458,8.277,8.277,,0.0,,0.181,10.687,-2.808,,,7.879,-0.319,,,8.198,0.0,8.198,-0.001,0.024,8.221,8.221,,77.2605,0.106667,0.106667,0.106667,77.397,0.106667,0.1,0.1,
12/31/2001,48.379,,,-34.441,,,13.938,,-6.284,,,,,7.654,-39.963,6.231,6.231,,0.0,,33.732,-32.309,3.163,,,-29.146,-1.59,,,-27.556,0.0,-27.556,-0.001,0.0,-27.557,-27.557,31.085,78.0,-0.353333,-0.373333,0.026667,78.2175,-0.353333,-0.373333,0.026667,
03/31/2002,45.057,,,-27.304,,,17.753,,-11.513,,,,,6.24,-5.01,5.357,5.357,,,,-0.347,1.23,3.111,,,4.341,,,,4.341,,4.341,0.0,0.0,4.341,4.341,,79.467,0.053333,0.053333,0.053333,79.923,0.053333,0.053333,0.053333,
06/30/2002,50.542,,,-31.42,,,19.122,,-6.905,,,,,12.217,-6.664,6.274,6.274,,0.0,,0.39,5.553,1.757,,,7.31,0.0,,,7.31,0.0,7.31,0.0,0.0,7.31,7.31,,80.052,0.093333,0.093333,0.093333,82.4085,0.086667,0.086667,0.086667,
09/30/2002,49.149,,,-30.232,,,18.917,,-5.702,,,,,13.215,-3.607,5.845,,,,,-2.238,9.608,-0.386,,,9.222,,,,9.222,,9.222,,,9.222,9.222,,80.1735,0.113333,0.113333,0.113333,82.632,0.113333,0.113333,0.113333,
12/31/2002,51.006,,,-32.574,,,18.432,,-7.225,,,,,11.207,-5.923,5.677,5.677,,0.0,,0.246,5.284,-0.403,,,4.881,-0.012,,,4.893,0.0,4.893,0.0,0.0,4.893,4.893,,80.2545,0.06,0.06,0.06,82.443,0.06,0.06,0.06,
03/31/2003,55.357,,,-33.995,,,21.362,0.0,-7.299,,,,,14.063,-5.01,,5.544,,,,-0.534,9.053,-4.09,,,4.963,-4.491,,,9.454,0.0,9.454,0.0,0.0,9.454,9.454,0.20475,80.8035,0.12,0.066667,0.066667,83.4135,0.113333,0.06,0.06,
06/30/2003,56.213,,,-33.92,,,22.293,0.0,-8.0,,,,,14.293,-7.238,,5.175,,,,2.063,7.055,-2.464,,,4.591,,,,4.591,0.0,4.591,,0.0,4.591,4.591,,83.523,0.053333,0.053333,0.053333,84.252,0.053333,0.053333,0.053333,
09/30/2003,56.564,,,-32.989,,,23.575,0.0,-9.126,,,,,14.449,11.309,,7.705,,0.0,,-19.014,25.758,-9.021,,,16.737,0.0,,,16.737,0.0,16.737,-0.065,0.0,16.672,16.672,,81.6225,0.206667,0.206667,0.08,91.6365,0.193333,0.193333,0.08,
12/31/2003,62.06,,,-36.163,,,25.897,,-13.898,,,,,11.999,-4.452,,3.741,,0.465,,0.246,7.547,-2.914,,,4.633,0.0,,,4.633,0.0,4.633,-0.738,0.0,3.895,3.895,,81.9465,0.046667,0.046667,0.045333,85.533,0.046667,0.046667,0.043333,
03/31/2004,65.835,,,-36.493,,,29.342,0.0,-12.388,,,,,16.954,-6.447,,4.145,,,,2.302,10.507,-3.887,,,6.62,,,,6.62,,6.62,-0.738,0.0,5.882,5.882,,82.461,0.073333,0.073333,0.073333,86.607,0.066667,0.066667,0.066667,
06/30/2004,67.897,,,-37.651,,,30.246,0.0,-13.555,,,,,16.691,-3.623,,4.422,,,,-0.799,13.068,-4.879,,,8.189,,,,8.189,0.0,8.189,-0.737,0.0,7.452,7.452,,85.9725,0.086667,0.086667,0.086667,90.3675,0.08,0.08,0.08,
09/30/2004,85.87,,,-44.355,,,41.515,0.0,-14.745,,,,,26.77,-6.569,,6.913,,0.0,,-0.344,20.201,-7.322,,,12.879,0.0,,,12.879,0.0,12.879,-0.000737,0.0,12.878263,12.878263,,101.4375,0.12,0.12,0.12,115.005,0.113333,0.113333,0.113333,
12/31/2004,98.303,,,-51.284,,,47.019,0.0,-20.341,,,,,26.678,-3.678,,7.639,,0.0,,-3.961,23.0,-8.457,,,14.543,0.0,,,14.543,0.0,14.543,-2.951,0.0,11.592,11.592,,104.100003,0.113333,0.113333,0.113333,108.965995,0.106667,0.106667,0.106667,
03/31/2005,107.96,,,-50.325,,,57.635,0.0,-13.941,,,,,43.694,-8.584,,8.584,,0.0,,,35.11,-13.107,,,22.003,0.0,,,22.003,0.0,22.003,,0.0,22.003,22.003,,119.868,0.186667,0.186667,0.186667,124.6005,0.173333,0.173333,0.173333,
06/30/2005,119.684,,,-54.889,,,64.795,0.0,-20.641,,,,,44.154,-9.547,,9.547,,,,,34.607,-12.946,,,21.661,,,,21.661,,21.661,0.0,0.0,21.661,21.661,,121.6755,0.18,0.18,0.18,126.2595,0.173333,0.173333,0.173333,
09/30/2005,141.79,,,-58.259,,,83.531,0.0,-33.643,,,,,49.888,-10.461,,9.91,,0.0,,0.551,39.427,-14.762,,,24.665,0.0,,,24.665,0.0,24.665,0.0,0.0,24.665,24.665,-0.2691,191.106,0.126667,0.126667,0.126667,198.795,0.126667,0.126667,0.126667,
12/31/2005,158.757,,,-62.415,,,96.342,0.0,-25.062,9.405,,,15.657,71.28,-3.045,10.756,10.756,,0.0,,-7.711,68.235,-25.553,,,42.682,0.0,,,42.682,0.0,42.682,0.0,0.0,42.682,42.682,,127.618,0.33,0.33,0.33,133.05,0.32,0.32,0.32,
03/31/2006,166.516,,,-59.335,,,107.181,0.0,-24.731,,,,,82.45,2.48,,10.234,,0.0,,-12.714,84.93,-31.728,,,53.202,2.473,2.473,,55.675,0.0,55.675,0.0,0.0,55.675,55.675,,129.092,0.43,0.41,0.35,134.549,0.41,0.4,0.35,
06/30/2006,151.887,,,-59.473,,,92.414,0.0,-18.089,,,,,74.325,5.86,,11.643,,0.0,,-17.503,80.185,-30.298,,,49.887,-1.383,,,51.27,0.0,51.27,0.0,0.0,51.27,51.27,,130.753,0.39,0.38,0.372573,135.958,0.38,0.37,0.362857,
09/30/2006,173.93,,,-81.012,,,92.918,0.0,-26.044,,,,,66.874,38.054,,16.896,,0.0,,-54.95,104.928,-39.514,,,65.414,14.084,,,51.33,0.0,51.33,0.0,0.0,51.33,51.33,,136.983,0.37,0.48,0.24,142.022,0.36,0.46,0.22,
12/31/2006,156.568,,,-80.417,,,76.151,,-32.444,9.924,,,22.52,43.707,2.499,,17.583,,0.0,,-20.082,46.206,-20.404,,,25.802,25.375,,,0.427,0.0,0.427,0.0,0.0,0.427,0.427,-9.05775,137.521,0.0,0.19,0.12,142.544,0.0,0.18,0.12,
03/31/2007,219.171,,,-83.158,,,136.013,,-37.635,,,,,98.378,-85.178,18.848,18.848,,0.0,,66.33,13.2,-4.831,,,8.369,-64.768,,,73.137,0.0,73.137,0.0,0.0,73.137,73.137,,138.102,0.53,0.06,0.05998,143.23,0.51,0.06,0.059973,
06/30/2007,214.748,,,-87.511,,,127.237,0.0,-38.897,,,,,88.34,11.193,,17.573,,0.0,,-28.766,99.533,-34.348,,,65.185,0.979,,,64.206,0.0,64.206,0.0,0.0,64.206,64.206,,145.169,0.44,0.45,0.355654,150.182,0.43,0.43,0.338803,
09/30/2007,239.934,,,-96.32,,,143.614,,-32.052,,,,,111.562,-17.516,19.935,19.935,,0.0,,-2.419,94.046,-34.935,,,59.111,0.196,,,58.915,0.0,58.915,0.0,0.0,58.915,58.915,,147.182,0.4,0.4,0.38,152.391,0.39,0.39,0.37,
12/31/2007,241.988,,,-103.531,,,138.457,,-32.763,,,,,105.694,-46.736,,21.381,,0.0,,25.355,58.958,-24.647,,,34.311,0.0,,,34.311,0.0,34.311,0.0,0.0,34.311,34.311,,146.982,0.23,0.23,0.4,153.032,0.22,0.22,0.39,
03/31/2008,343.103,,,-118.36,,,224.743,,-54.616,,,,,170.127,-160.911,23.146,23.146,,0.0,,137.765,9.216,-7.476,,,1.74,,,,1.74,0.0,1.74,0.0,0.0,1.74,1.74,,147.742,0.01,0.01,0.51,153.79,0.01,0.01,0.51,
06/30/2008,348.487,,,-125.399,,,223.088,0.0,-54.413,23.938,,,30.475,168.675,-220.526,,23.842,,,,196.684,-51.851,19.496,,,-32.355,,,,-32.355,,-32.355,0.0,0.0,-32.355,-32.355,,150.772,-0.22,-0.22,-0.22,150.772,-0.22,-0.22,-0.22,
09/30/2008,349.801,,,-128.432,,,221.369,0.0,-6.284,,,,,215.085,242.441,,25.373,,,,-267.814,457.526,-172.576,,,284.95,,,,284.95,,284.95,0.0,0.0,284.95,284.95,,152.765,1.87,1.87,1.8914,157.729,1.81,1.81,1.8308,
12/31/2008,224.66,,,-125.918,,,98.742,0.0,-24.327,19.58,,,4.747,74.415,25.42,,27.387,,0.0,,-52.807,99.835,-37.071,,,62.764,0.0,,,62.764,0.0,62.764,0.0,0.0,62.764,62.764,-33.735,152.989,0.61,0.61,0.4,157.118,0.6,0.6,0.39,
03/31/2009,245.365,202.684,42.681,-128.118,43.798,84.32,117.247,0.0,-39.183,24.91,,,14.273,78.064,-26.629,,26.629,,,,0.0,51.435,-18.827,,18.827,32.608,0.0,0.0,0.0,32.608,0.0,32.608,0.0,0.0,32.608,-3.79915,-36.40715,153.719,0.21,0.21,-0.024715,157.231,0.21,0.21,-0.024715,
06/30/2009,241.671,194.675,46.996,-131.105,42.392,88.713,110.566,0.0,-143.42,29.103,,,114.317,-32.854,-29.555,,29.555,,,,0.0,-62.409,22.526,0.619,-23.145,-39.883,0.0,0.0,0.0,-39.883,0.0,-39.883,0.0,0.0,-39.883,-6.83765,33.04535,154.389,-0.26,-0.26,-0.044288,154.389,-0.26,-0.26,-0.04596,
09/30/2009,257.35,204.566,52.784,-135.919,38.711,97.208,121.431,0.0,-135.877,30.568,30.568,,105.309,-14.446,-30.633,,30.633,,,,0.0,-45.079,15.261,-0.695,-14.566,-29.818,0.0,0.0,0.0,-29.818,0.0,-29.818,0.0,0.0,-29.818,-13.34505,16.47295,154.653,-0.19,-0.19,-0.08629,154.653,-0.19,-0.19,-0.08629,
12/31/2009,270.373,238.669,31.704,-133.792,40.87,92.922,136.581,0.0,-108.71,21.402,,,87.308,27.871,-30.55,,30.55,,,,0.0,-2.679,-14.098,-0.56,14.658,-16.777,0.0,0.0,0.0,-16.777,0.0,-16.777,0.0,0.0,-16.777,1.82405,18.60105,155.275,-0.11,-0.11,0.011747,155.275,-0.11,-0.11,0.009794,
03/31/2010,184.183,189.754,-5.571,-93.185,28.378,64.807,90.998,5.712,50.939,28.17,28.17,,-79.109,147.649,-20.931,,20.931,,,,0.0,126.718,-49.012,0.0,49.012,77.706,0.127,0.127,0.0,77.579,0.0,77.579,0.0,0.0,77.579,47.4407,-30.2653,156.393,0.5,0.5,0.303343,160.292,0.48,0.48,0.291186,
06/30/2010,185.148,173.816,11.332,-94.647,26.834,67.813,90.501,14.135,-53.956,35.836,,,18.12,50.68,-21.271,,21.271,,,,0.0,29.409,-11.763,,11.763,17.646,8.594,8.594,0.0,9.052,0.0,9.052,0.0,0.0,9.052,14.76715,-2.87885,156.82,0.06,0.11,0.094166,158.472,0.06,0.11,0.091834,
09/30/2010,210.983,186.117,24.866,-102.168,32.438,69.73,108.815,5.347,-82.011,36.523,,,45.488,32.151,-28.714,,23.363,,,,5.351,3.437,-0.784,-0.01,0.794,2.653,10.821,10.821,0.0,-8.168,0.0,-8.168,0.0,0.0,-8.168,25.8021,23.1491,157.109,-0.05,0.02,0.164231,158.184,-0.05,0.02,0.164231,
12/31/2010,251.203,231.808,19.395,-127.09,54.202,72.888,124.113,0.0,-115.709,28.33,,,87.379,8.404,-28.36,,25.1,,,-0.348,3.608,-19.956,10.649,-0.826,-9.823,-9.307,308.412,308.412,0.0,-317.719,0.0,-317.719,0.0,0.0,-317.719,21.4822,30.7892,157.162,-2.02,-0.06,0.136688,157.162,-2.02,-0.06,0.135907,
03/31/2011,251.987,251.963,0.024,-132.894,60.678,72.216,119.093,0.0,-147.642,33.959,33.959,,113.683,-28.549,-24.779,,24.779,,,,0.0,-53.328,19.897,0.0,-19.897,-33.431,-8.398,-8.398,0.0,-25.033,0.0,-25.033,0.0,0.0,-25.033,3.7698,37.2008,157.545,-0.16,-0.21,0.023928,157.545,-0.16,-0.21,0.023928,
06/30/2011,282.844,285.353,-2.509,-143.019,64.725,78.294,139.825,5.778,-17.161,39.12,,,-21.959,128.442,-49.963,,31.383,,,,18.58,78.479,-32.703,0.008,32.695,45.776,-5.517,-5.517,0.0,51.293,0.0,51.293,0.0,0.0,51.293,36.71695,-9.05905,157.997,0.32,0.28,0.23239,158.833,0.32,0.28,0.222965,
09/30/2011,315.414,304.23,11.184,-163.195,69.576,93.619,152.219,0.0,-62.316,35.907,,,26.409,89.903,-34.177,,34.181,,,,-0.004,55.726,-22.54,-0.007,22.547,33.186,-1.569,-1.569,0.0,34.755,0.0,34.755,0.0,0.0,34.755,26.3662,-6.8198,158.154,0.22,0.21,0.166712,159.322,0.21,0.2,0.157195,
12/31/2011,349.29,331.72,17.57,-165.738,68.646,97.092,183.552,0.0,-153.525,32.647,,,120.878,30.027,-32.641,,34.709,,,-0.356,-1.712,-2.614,-0.211,0.636,-0.425,-2.825,0.164,0.164,0.0,-2.989,0.0,-2.989,0.0,0.0,-2.989,37.6583,40.4833,158.413,-0.02,-0.02,0.237722,158.413,-0.02,-0.02,0.235555,
03/31/2012,314.385,317.617,-3.232,-210.689,110.538,100.151,103.696,7.83,-143.964,38.729,38.729,,105.235,-32.438,-37.205,,37.205,,,,0.0,-69.643,27.843,0.0,-27.843,-41.8,0.0,0.0,0.0,-41.8,0.0,-41.8,0.0,0.0,-41.8,33.6416,75.4416,158.913,-0.26,-0.26,0.211698,158.913,-0.26,-0.26,0.211698,
06/30/2012,315.787,298.349,17.438,-198.864,90.062,108.802,116.923,0.0,20.648,44.005,,,-64.653,137.571,-42.888,,42.888,,,,0.0,94.683,-39.007,,39.007,55.676,0.0,0.0,0.0,55.676,0.0,55.676,0.0,0.0,55.676,-9.3851,-65.0611,159.412,0.34,0.34,-0.058873,160.03,0.34,0.34,-0.066556,
09/30/2012,357.184,337.04,20.144,-217.993,94.934,123.059,139.191,0.0,-178.104,44.497,44.497,,133.607,-38.913,-43.997,,43.997,,,,0.0,-82.91,29.074,,-29.074,-53.836,0.0,0.0,0.0,-53.836,0.0,-53.836,0.0,0.0,-53.836,-0.35075,53.48525,159.563,-0.34,-0.34,-0.002198,159.563,-0.34,-0.34,-0.004802,
12/31/2012,418.342,398.688,19.654,-212.366,99.15,113.216,205.976,14.352,-81.768,31.402,31.402,,50.366,138.56,-55.634,,44.708,,,0.177,10.749,82.926,-29.964,-1.778,31.742,52.962,0.0,0.0,0.0,52.962,0.0,52.962,0.0,0.0,52.962,44.8019,-8.1601,159.832,0.33,0.33,0.280306,160.559,0.32,0.32,0.269177,
03/31/2013,419.662,398.239,21.423,-241.403,126.302,115.101,178.259,0.0,-258.839,84.058,84.058,,174.781,-80.58,-42.21,,42.21,,,,0.0,-122.79,47.18,0.025,-47.205,-75.61,0.0,0.0,0.0,-75.61,0.0,-75.61,0.0,0.0,-75.61,24.26705,99.87705,160.125,-0.47,-0.47,0.151551,160.125,-0.47,-0.47,0.151551,
06/30/2013,430.543,437.678,-7.135,-247.195,126.459,120.736,183.348,6.878,108.602,101.987,101.987,,-210.589,298.828,-57.351,,45.071,,,,12.28,241.477,-97.494,-0.025,97.519,143.983,0.0,0.0,0.0,143.983,0.0,143.983,0.0,0.0,143.983,55.58105,-88.40195,160.565,0.88,0.88,0.346159,161.414,0.88,0.88,0.332328,
09/30/2013,469.434,431.214,38.22,-284.779,154.436,130.343,184.655,2.225,-111.515,44.919,44.919,,66.596,75.365,-44.321,,44.321,,,,0.0,31.044,-11.866,,11.866,19.178,0.0,0.0,0.0,19.178,0.0,19.178,0.0,0.0,19.178,53.66115,34.48315,160.5,0.12,0.12,0.334337,161.374,0.12,0.12,0.333685,
12/31/2013,481.437,448.545,32.892,-254.073,127.115,126.958,227.364,0.0,-156.676,38.74,38.74,,117.936,70.688,-70.84,,44.955,,,0.079,25.806,-0.152,28.323,-0.143,-28.18,28.171,0.0,0.0,0.0,28.171,0.0,28.171,0.0,0.0,28.171,68.71475,40.54375,160.555,0.17,0.17,0.427983,161.496,0.17,0.17,0.421051,
03/31/2014,511.095,572.017,-60.922,-288.445,159.763,128.682,222.65,0.0,-125.771,49.212,49.212,,76.559,96.879,-45.401,,45.401,,,,0.0,51.478,-18.957,0.006,18.951,32.521,0.0,0.0,0.0,32.521,0.0,32.521,0.0,0.0,32.521,74.65075,42.12975,160.794,0.2,0.2,0.464263,161.825,0.2,0.2,0.460341,
06/30/2014,551.96,477.517,74.443,-290.724,157.363,133.361,261.236,0.0,98.213,56.888,56.888,,-155.101,359.449,-70.084,,45.488,,,,24.596,289.365,-117.976,-0.001,117.977,171.389,0.0,0.0,0.0,171.389,0.0,171.389,0.0,0.0,171.389,71.30525,-100.08375,161.909,1.04,1.04,0.440403,162.813,1.04,1.04,0.425284,
09/30/2014,553.148,446.067,107.081,-303.835,161.385,142.45,249.313,0.0,29.815,54.963,54.963,,-84.778,279.128,-39.188,,39.188,,,,0.0,239.94,-93.522,,93.522,146.418,0.0,0.0,0.0,146.418,0.0,146.418,0.0,0.0,146.418,117.8141,-28.6039,165.841,0.87,0.87,0.710404,166.46,0.86,0.86,0.688164,
12/31/2014,527.257,416.388,110.869,-318.335,171.796,146.539,208.922,0.0,280.08,52.363,52.363,,-332.443,489.002,-38.9,,38.9,,,,0.0,450.102,-166.048,-0.004,166.052,284.054,0.0,0.0,0.0,284.054,0.0,284.054,0.0,-4.785,279.269,65.65495,-213.61405,165.877,1.68,1.68,0.395805,166.164,1.68,1.68,0.394438,
03/31/2015,437.458,325.483,111.975,-305.343,158.053,147.29,132.115,0.0,-68.207,48.329,48.329,,19.878,63.908,-13.858,,39.207,,,,-25.349,50.05,-22.366,0.0,22.366,27.684,0.0,0.0,0.0,27.684,0.0,27.684,0.0,0.0,27.684,22.0407,-5.6433,166.039,0.16,0.16,0.132744,166.066,0.16,0.16,0.126018,
06/30/2015,404.618,258.053,146.565,-318.146,166.251,151.895,86.472,0.0,-223.562,55.964,55.964,,167.598,-137.09,-43.479,,43.479,,,,0.0,-180.569,61.975,0.0,-61.975,-118.594,0.0,0.0,0.0,-118.594,0.0,-118.594,0.0,0.0,-118.594,-88.00305,30.59095,166.421,-0.71,-0.71,-0.528798,166.421,-0.71,-0.71,-0.528798,
09/30/2015,415.858,252.065,163.793,-328.352,174.359,153.993,87.506,0.0,-457.836,46.178,46.178,,411.658,-370.33,-65.399,,42.904,,,,22.495,-435.729,134.781,,-134.781,-300.948,0.0,0.0,0.0,-300.948,0.0,-300.948,0.0,0.0,-300.948,7.74155,308.68955,166.517,-1.81,-1.81,0.046491,166.517,-1.81,-1.81,0.043802,
12/31/2015,455.892,254.043,201.849,-311.122,183.145,127.977,144.77,0.0,-590.035,31.176,31.176,,558.859,-445.265,-40.849,,40.849,,,,0.0,-486.114,164.287,0.029,-164.316,-321.827,0.0,0.0,0.0,-321.827,0.0,-321.827,0.0,0.0,-321.827,45.3424,367.1694,166.573,-1.93,-1.93,0.272207,166.573,-1.93,-1.93,0.272207,
03/31/2016,353.971,209.487,144.484,-312.323,191.762,120.561,41.648,0.0,-117.099,40.657,40.657,,76.442,-75.451,-60.297,,37.739,,,,22.558,-135.748,41.976,0.0,-41.976,-93.772,0.0,0.0,0.0,-93.772,0.0,-93.772,0.0,0.0,-93.772,-42.37455,51.39745,166.803,-0.56,-0.56,-0.254039,166.803,-0.56,-0.56,-0.254039,
06/30/2016,362.673,224.606,138.067,-326.879,204.489,122.39,35.794,0.0,-352.46,46.064,46.064,,306.396,-316.666,-37.758,,37.758,,,,0.0,-354.424,129.488,0.0,-129.488,-224.936,0.0,0.0,0.0,-224.936,0.0,-224.936,0.0,0.0,-224.936,-46.6579,178.2781,167.126,-1.35,-1.35,-0.279178,167.126,-1.35,-1.35,-0.283271,
09/30/2016,401.764,304.477,97.287,-343.979,212.49,131.489,57.785,0.0,-67.494,41.024,41.024,,26.47,-9.709,-45.967,,45.967,,,,0.0,-55.676,13.705,0.0,-13.705,-41.971,0.0,0.0,0.0,-41.971,0.0,-41.971,0.0,0.0,-41.971,-16.578381,25.392619,180.683,-0.23,-0.23,-0.091754,180.683,-0.23,-0.23,-0.091754,
12/31/2016,590.258,458.645,131.613,-396.64,246.978,149.662,193.618,0.0,-403.159,44.285,44.285,,358.874,-209.541,-46.749,,46.749,,,,0.0,-256.29,95.581,0.098,-95.679,-160.709,0.0,0.0,0.0,-160.709,0.0,-160.709,0.0,0.0,-160.709,62.65765,223.36665,244.362,-0.66,-0.66,0.256413,244.362,-0.66,-0.66,0.254081,
03/31/2017,606.917,559.45,47.467,-418.205,268.384,149.821,188.712,13.169,127.726,47.496,47.496,,-175.222,329.607,-47.101,,47.101,,,,0.0,282.506,-112.395,0.0,112.395,170.111,0.0,0.0,0.0,170.111,0.0,170.111,0.0,0.0,170.111,60.351875,-109.759125,244.652,0.69,0.69,0.246685,244.803,0.69,0.69,0.241643,
06/30/2017,565.302,506.137,59.165,-441.34,288.836,152.504,123.962,0.0,51.165,52.322,52.322,,-103.487,175.127,-47.926,,47.926,,,,0.0,127.201,-57.651,0.0,57.651,69.55,0.0,0.0,0.0,69.55,0.0,69.55,0.0,0.0,69.55,15.209142,-54.340858,245.177,0.28,0.28,0.062033,245.335,0.28,0.28,0.058503,
09/30/2017,587.515,507.541,79.974,-460.048,300.299,159.749,127.467,0.0,-277.98,53.035,53.035,,224.945,-150.513,-49.179,,49.179,,,,0.0,-199.692,71.992,0.0,-71.992,-127.7,0.0,0.0,0.0,-127.7,0.0,-127.7,0.0,0.0,-127.7,10.077769,137.777769,245.244,-0.52,-0.52,0.041093,245.244,-0.52,-0.52,0.041093,
12/31/2017,651.063,603.159,47.904,-464.027,301.109,162.918,187.036,0.0,-263.458,80.553,80.553,,182.905,-76.422,-51.473,,51.473,,,,0.0,-127.895,349.08,0.017,-349.097,221.185,0.0,0.0,0.0,221.185,0.0,221.185,0.0,0.0,221.185,33.139767,-188.045233,245.281,0.89,0.89,0.135109,245.537,0.89,0.89,0.124147,
03/31/2018,765.533,696.629,68.904,-510.536,348.27,162.266,254.997,0.0,-110.698,68.417,68.417,,42.281,144.299,-52.385,,52.385,,,,0.0,91.914,-42.676,0.0,42.676,49.238,0.0,0.0,0.0,49.238,0.0,49.238,0.0,0.0,49.238,93.582263,44.344263,245.709,0.2,0.2,0.380866,246.594,0.2,0.2,0.379827,
06/30/2018,745.199,661.39,83.809,-578.911,417.885,161.026,166.288,0.0,-220.78,47.583,47.583,,173.197,-54.492,-53.862,,53.862,,,,0.0,-108.354,28.518,0.0,-28.518,-79.836,0.0,0.0,0.0,-79.836,0.0,-79.836,0.0,0.0,-79.836,38.06554,117.90154,245.88,-0.32,-0.32,0.154813,245.88,-0.32,-0.32,0.154813,
09/30/2018,810.894,736.431,74.463,-625.261,460.995,164.266,185.633,0.0,-58.156,43.722,43.722,,14.434,127.477,-54.801,,54.801,,,,0.0,72.676,-24.137,0.0,24.137,48.539,0.0,0.0,0.0,48.539,0.0,48.539,0.0,0.0,48.539,58.594144,10.055144,246.451,0.19,0.19,0.237752,247.166,0.19,0.19,0.230682,
12/31/2018,880.689,756.627,124.062,-720.302,572.393,147.909,160.387,0.0,-1944.432,50.09,50.09,,1894.342,-1784.045,-49.161,,49.161,,,,0.0,-1833.206,68.784,,-68.784,-1764.422,0.0,0.0,0.0,-1764.422,0.0,-1764.422,0.0,0.0,-1764.422,80.454553,1844.876553,246.631,-7.15,-7.15,0.326214,246.631,-7.15,-7.15,0.326214,
03/31/2019,834.702,671.654,163.048,-618.215,479.497,138.718,216.487,0.0,-157.843,46.638,46.638,,111.205,58.644,-51.537,,51.537,,,,0.0,7.107,-5.688,,5.688,1.419,0.0,0.0,0.0,1.419,0.0,1.419,0.0,0.0,1.419,79.902569,78.483569,247.776,0.01,0.01,0.322479,249.154,0.01,0.01,0.322479,
06/30/2019,689.691,563.579,126.112,-587.711,446.206,141.505,101.98,0.0,105.031,50.631,50.631,,-155.662,207.011,-51.727,,51.727,,,,0.0,155.284,-40.099,,40.099,115.185,0.0,0.0,0.0,115.185,0.0,115.185,0.0,0.0,115.185,3.966427,-111.218573,247.77,0.46,0.46,0.016009,248.436,0.46,0.46,0.012325,
09/30/2019,627.777,474.754,153.023,-556.682,418.931,137.751,71.095,0.0,-101.883,41.047,41.047,,60.836,-30.788,-44.012,,46.997,,,,-2.985,-74.8,47.219,4.079,-51.298,-27.581,0.0,0.0,0.0,-27.581,0.0,-27.581,0.0,0.0,-27.581,-18.284,9.297,248.082,-0.11,-0.11,-0.073701,248.082,-0.11,-0.11,-0.073701,
12/31/2019,637.148,545.438,91.71,-519.667,388.798,130.869,117.481,0.0,-2380.066,42.793,42.793,0.0,2337.273,-2262.585,-41.594,44.024,44.024,0.0,0.0,,-2.43,-2304.179,498.859,2.068,-500.927,-1805.32,0.0,0.0,0.0,-1805.32,0.0,-1805.32,0.0,0.0,-1805.32,11.778623,1817.098623,248.277,-7.27,-7.27,0.047441,248.277,-7.27,-7.27,0.047441,
03/31/2020,560.674,432.096,128.578,-461.429,358.443,102.986,99.245,0.0,143.466,42.254,42.254,,-185.72,242.711,-47.518,,47.518,,,,0.0,195.193,-50.218,-0.363,50.581,144.975,0.0,0.0,0.0,144.975,0.0,144.975,0.0,0.0,144.975,9.180933,-135.794067,246.218,0.58,0.58,0.037288,247.684,0.58,0.58,0.031745,
06/30/2020,502.349,349.258,153.091,-451.613,346.987,104.626,50.736,0.0,-200.952,38.288,38.288,,162.664,-150.216,-39.633,,48.624,,,,-8.991,-189.849,43.28,-0.003,-43.277,-146.569,0.0,0.0,0.0,-146.569,0.0,-146.569,0.0,0.0,-146.569,-42.606721,103.962279,239.472,-0.61,-0.61,-0.177919,239.472,-0.61,-0.61,-0.177919,
09/30/2020,528.857,,,,,,20.3081088,,,,,,,47.4,,,,,,,,-12.12,,,,-8.392,,,,,,-8.392,,,-8.392,-4.217,,,-0.016,-0.016,-0.025,,-0.016,-0.016,-0.025,
12/31/2020,535.714,,,,,,26.6785572,,,,,,,75.967,,,,,,,,8.84,,,,10.765,,,,,,10.765,,,10.765,15.185,,,0.067,0.067,0.072,,0.067,0.067,0.072,
