Date,Revenue,Sales & Services Revenue,Cost of Revenue,Cost of Goods & Services,Gross Profit,Other Operating Income,Operating Expenses,"Selling, General & Admin",General & Administrative,Research & Development,Other Operating Expense,Operating Income (Loss),Non-Operating (Income) Loss,"Interest Expense, Net",Interest Expense,Interest Income,Foreign Exch (Gain) Loss,Other Non-Op (Income) Loss,Pretax Income,Income Tax Expense (Benefit),Income (Loss) from Cont Ops,Net Extraordinary Losses (Gains),Discontinued Operations,XO & Accounting Changes,Income (Loss) Incl. MI,Minority Interest,"Net Income, GAAP",Preferred Dividends,Other Adjustments,"Net Income Avail to Common, GAAP","Net Income Avail to Common, Adj",Net Abnormal Losses (Gains),Basic Weighted Avg Shares,"Basic EPS, GAAP",Basic EPS from Cont Ops,"Basic EPS from Cont Ops, Adjusted",Diluted Weighted Avg Shares,"Diluted EPS, GAAP",Diluted EPS from Cont Ops,"Diluted EPS from Cont Ops, Adjusted",Source: Bloomberg
12/31/1989,2243.999756,,,,,,,,,,,,,,,,,,,,,,,,,,136.999985,,,136.999985,136.999985,,264.399994,0.5175,0.5175,,264.399994,0.5175,0.5175,0.5175,
04/01/1990,2224.883057,,-1792.495972,,432.387085,,-247.509003,,,,,184.878006,10.49,,26.1,,0.0,-36.59,195.368006,-64.471001,130.897003,0.0,,,130.897005,0.0,130.897003,0.0,,130.897003,130.897003,,261.731995,0.5,0.5,,261.731995,0.5,0.5,0.5,
07/01/1990,2346.158936,,-1866.94397,,479.214966,,-266.208008,,,,,213.007004,3.473999,,28.294001,,0.0,-31.768,216.481003,-71.660004,144.820999,0.0,,,144.820999,0.0,144.820999,0.0,,144.820999,144.820999,,261.040009,0.555,0.555,,261.040009,0.555,0.555,0.555,
09/30/1990,2240.758057,,-1767.93396,,472.824097,,-276.898987,,,,,195.925003,12.907999,,29.934999,,0.0,-42.842999,208.833002,-70.832001,138.001007,0.0,,,138.001001,0.0,138.001007,0.0,,138.001007,138.001007,,261.191986,0.5275,0.5275,,261.191986,0.5275,0.5275,0.5275,
12/31/1990,2455.865967,,-1963.988037,,491.87793,,-286.794006,,,,,205.084,11.146,,29.945999,,0.0,-41.091999,216.23,-72.655998,143.574005,0.0,,,143.574002,0.0,143.574005,0.0,,143.574005,143.574005,,261.346008,0.55,0.55,0.55,261.346008,0.55,0.55,0.55,
03/31/1991,2253.312012,,-1804.80896,,448.503052,,-255.850998,,,,,192.651993,4.275,,26.558001,,0.0,-30.833,196.926992,-63.245998,133.681,0.0,,,133.680994,0.0,133.681,0.0,,133.681,133.681,,262.104004,0.51,0.51,,262.104004,0.51,0.51,0.51,
06/30/1991,2357.173096,,-1861.750977,,495.422119,,-281.480988,,,,,213.940994,9.670002,,25.431,,0.0,-35.101002,223.610996,-71.777,151.834,0.0,,,151.833996,0.0,151.834,0.0,,151.834,151.834,,263.947998,0.575,0.575,,263.947998,0.575,0.575,0.575,
09/29/1991,2235.004883,,-1748.317017,,486.687866,,-285.136993,,,,,201.550995,19.571001,,22.441999,,0.0,-42.013,221.121996,-72.696999,148.425003,0.0,,,148.424997,0.0,148.425003,0.0,,148.425003,148.425003,,265.115997,0.56,0.56,,265.115997,0.56,0.56,0.56,
12/31/1991,2428.745117,,-1937.012939,,491.732178,,-278.191986,,,,,213.539993,17.541999,,17.959,,0.0,-35.500999,231.081992,-73.260002,157.822006,0.0,,,157.82199,0.0,157.822006,0.0,,157.822006,157.822006,,266.234008,0.595,0.595,0.595,266.234008,0.595,0.595,0.595,
03/31/1992,2128.033936,,-1673.206055,,454.827881,,-261.153015,,,,,193.675003,19.298,,13.527,,0.0,-32.825001,212.973003,-69.555,143.417999,0.0,,,143.418003,0.0,143.417999,0.0,,143.417999,143.417999,,267.799988,0.535,0.535,,267.799988,0.535,0.535,0.535,
06/28/1992,2321.250977,,-1797.197021,,524.053955,,-290.140015,,,,,233.914001,15.808,,14.072,,0.0,-29.879999,249.722001,-84.084999,165.636993,0.0,,,165.637002,0.0,165.636993,0.0,,165.636993,165.636993,,268.902008,0.615,0.615,,268.902008,0.615,0.615,0.615,
09/27/1992,2213.621094,,-1725.254028,,488.367065,,-271.243011,,,,,217.123993,19.009,,11.672,,0.0,-30.681,236.132993,-80.070999,156.061996,0.0,,,156.061994,0.0,156.061996,0.0,,156.061996,156.061996,,269.355988,0.58,0.58,,269.355988,0.58,0.58,0.58,
12/31/1992,2395.310059,,-1861.81604,,533.494019,,-284.580994,,,,,248.912994,8.226001,,8.922,,0.0,-17.148001,257.138995,-87.182999,169.955994,0.0,,,169.955996,0.0,169.955994,0.0,,169.955994,169.955994,,270.479004,0.63,0.63,0.63,270.479004,0.63,0.63,0.63,
04/04/1993,2203.511963,,-1724.535034,,478.976929,,-267.213989,,,,,211.763,23.513,,7.053,,0.0,-30.566,235.276,-77.761002,157.514999,0.0,,,157.514999,0.0,157.514999,0.0,,157.514999,157.514999,,271.579987,0.58,0.58,,271.579987,0.58,0.58,0.58,
07/04/1993,2258.314941,,-1749.135986,,509.178955,,-280.127014,,,,,229.052002,39.548001,,6.686,,0.0,-46.234001,268.600003,-89.32,179.279999,0.0,,,179.280004,0.0,179.279999,0.0,,179.279999,179.279999,,271.134003,0.66,0.66,,271.134003,0.66,0.66,0.66,
09/27/1993,2222.731934,,-1721.862061,,500.869873,,-277.86499,,,,,223.005005,41.560999,,8.802,,0.0,-50.362999,264.566004,-93.771004,170.794998,0.0,,,170.795,0.0,170.794998,0.0,,170.794998,170.794998,,271.321991,0.63,0.63,,271.321991,0.63,0.63,0.63,
12/31/1993,2516.637939,,-1978.745972,,537.891967,,-281.792999,,,,,256.098999,22.806,,9.326,,0.0,-32.132,278.904999,-93.503998,185.401001,0.0,,,185.401001,0.0,185.401001,0.0,,185.401001,185.401001,,270.600006,0.685,0.685,0.685,270.600006,0.685,0.685,0.685,
04/03/1994,2314.470947,,-1796.54895,,517.921997,,-274.988007,,,,,242.934006,-235.987996,,10.508,,0.0,225.479996,6.94601,0.02,6.966,0.0,,,6.96601,0.0,6.966,0.0,,6.966,6.966,,270.282013,0.025,0.025,,270.282013,0.025,0.025,0.025,
07/03/1994,2526.99292,,-1948.725952,,578.266968,,-298.911987,,,,,279.355011,11.667999,,12.864,,0.0,-24.532,291.02301,-98.793999,192.229004,0.0,,,192.229012,0.0,192.229004,0.0,,192.229004,192.229004,,268.053986,0.715,0.715,,268.053986,0.715,0.715,0.715,
10/02/1994,2442.633057,,-1876.05896,,566.574097,,-293.437988,,,,,273.135986,14.308001,,9.941,,0.0,-24.249001,287.443987,-95.5,191.944,0.0,,,191.943987,0.0,191.944,0.0,,191.944,191.944,,264.768005,0.725,0.725,,264.768005,0.725,0.725,0.725,
12/31/1994,2728.758057,,-2131.23291,,597.525147,,-314.588013,,,,,282.937012,31.588999,,15.191,,0.0,-46.779999,314.526011,-108.789001,205.737,0.0,,,205.73701,0.0,205.737,0.0,,205.737,205.737,,255.839996,0.805,0.805,0.805,255.839996,0.805,0.805,0.805,
04/02/1995,2387.115967,,-1825.555054,,561.560913,,-305.410004,,,,,256.151001,9.663,,22.677999,,0.0,-32.341,265.814001,-91.877998,173.936005,0.0,,,173.936003,0.0,173.936005,0.0,,173.936005,173.936005,,246.341995,0.705,0.705,,246.341995,0.705,0.705,0.705,
07/02/1995,2816.072021,,-2116.287109,,699.784912,,-373.88501,,,,,325.899994,-28.591,,50.333,,0.0,-21.742001,297.308994,-101.815002,195.494003,0.0,,,195.493992,0.0,195.494003,0.0,,195.494003,195.494003,,244.869995,0.8,0.8,,244.869995,0.8,0.8,0.8,
10/01/1995,3152.718018,,-2424.711914,,728.006104,,-373.675995,,,,,354.329987,-48.818996,,67.352997,,0.0,-18.534,305.51099,-104.779999,200.731003,0.0,,,200.730991,0.0,200.731003,0.0,,200.731003,200.731003,,243.199997,0.825,0.825,,243.199997,0.825,0.825,0.825,
12/31/1995,3359.690918,,-2735.292969,,624.397949,,-348.375,,,,,276.02301,47.026001,,56.263,,0.0,-103.289001,323.049011,-100.722,222.326996,0.0,,,222.327011,0.0,222.326996,0.0,,222.326996,222.326996,,241.600006,0.92,0.92,0.92,241.600006,0.92,0.92,0.92,
03/31/1996,2769.423096,,-2122.702881,,646.720215,,-352.190002,,,,,294.529999,-12.461998,,54.162998,,0.0,-41.701,282.068001,-95.582001,186.485992,0.0,,,186.486,0.0,186.485992,0.0,,186.485992,186.485992,,240.093002,0.78,0.78,0.78,242.190002,0.77,0.77,0.77,
06/30/1996,3111.894043,,-2416.408936,,695.485107,,-352.571014,,,,,342.914001,-29.057001,,60.694,,0.0,-31.636999,313.857,-104.459999,209.397003,0.0,,,209.397001,0.0,209.397003,0.0,,209.397003,209.397003,,237.473999,0.89,0.89,0.89,240.699997,0.87,0.87,0.87,
09/29/1996,3032.26001,,-2428.086914,,604.173096,,-331.220001,,,,,272.953003,-47.136003,,70.827003,,0.0,-23.691,225.816999,-38.027,187.789993,0.0,,,187.789999,0.0,187.789993,0.0,,187.789993,187.789993,,235.932007,0.8,0.8,0.89,237.699997,0.79,0.79,0.88,
12/31/1996,3436.646973,,-2807.530029,,629.116944,,-308.416992,,,,,320.700012,-59.08,,70.569,,0.0,-11.489,261.620012,-84.241997,177.378006,0.0,,,177.378015,0.0,177.378006,0.0,,177.378006,177.378006,,236.199997,0.75,0.75,0.75,239.699997,0.74,0.74,0.74,
03/30/1997,2899.147949,,-2220.525879,,678.62207,,-339.140015,,,,,339.481995,-61.116,,68.875,,0.0,-7.759,278.365994,-94.956001,183.410004,0.0,,,183.409993,0.0,183.410004,0.0,,183.410004,183.410004,,235.654007,0.78,0.78,0.78,238.738998,0.77,0.77,0.77,
06/29/1997,3324.746094,,-2570.3479,,754.398193,,-372.777008,,,,,381.621002,-67.755997,,73.907997,,0.0,-6.152,313.865005,-104.362999,209.501999,0.0,,,209.502006,0.0,209.501999,0.0,,209.501999,209.501999,,235.709,0.89,0.89,0.89,238.647995,0.88,0.88,0.88,
09/28/1997,3445.310059,,-2635.701904,,809.608154,,-390.010986,,,,,419.596985,-97.329998,,119.809998,,0.0,-22.48,322.266987,-111.046997,211.220001,0.0,,,211.21999,0.0,211.220001,0.0,,211.220001,211.220001,,235.947998,0.9,0.9,0.9,240.313995,0.88,0.88,0.88,
12/31/1997,4003.8,,-3157.42,,846.38,,-408.072,,,,,438.3,-562.798,,134.407,,0.0,428.391,-124.498,47.366,-77.132,0.0,,,-77.132,0.0,-77.132,0.0,,-77.132,-77.132,,248.3,-0.31,-0.31,0.98,248.3,-0.31,-0.31,0.98,
03/29/1998,4693.0,,-3656.0,,1037.0,,-490.0,,,,,547.0,-168.0,,171.0,,0.0,-3.0,379.0,-151.0,228.0,0.0,,,228.0,0.0,228.0,0.0,,228.0,228.0,,338.549988,0.67,0.67,0.67,343.242188,0.66,0.66,0.66,
06/28/1998,5037.0,,-3910.0,,1127.0,,-610.0,,,,,517.0,-83.0,,182.0,,0.0,-99.0,434.0,-171.0,263.0,0.0,,,263.0,0.0,263.0,0.0,,263.0,263.0,,338.365997,0.78,0.78,0.76,343.138,0.77,0.77,0.75,
09/27/1998,4431.0,,-3671.0,,760.0,,-538.0,,,,,222.0,-173.0,,180.0,,0.0,-7.0,49.0,-37.0,12.0,0.0,,,12.0,0.0,12.0,0.0,,12.0,12.0,,337.789001,0.04,0.04,0.86,341.483002,0.04,0.04,0.86,
12/31/1998,5258.0,,-3930.0,,1328.0,0.0,-608.0,458.0,,,150.0,720.0,-145.0,178.0,187.0,-9.0,0.0,-33.0,575.0,-234.0,341.0,0.0,,,341.0,0.0,341.0,0.0,0.0,341.0,341.0,-415.0,337.0,1.011869,1.011869,-0.219,341.2,0.999414,0.999414,-0.219,
04/04/1999,4336.0,,-3341.0,,995.0,,-416.0,,,,,579.0,-184.0,175.0,175.0,,0.0,9.0,395.0,-155.0,240.0,35.0,,,205.0,0.0,205.0,0.0,,205.0,205.0,,336.354,0.61,0.71,0.71,340.219,0.6,0.71,0.71,
07/04/1999,5202.0,,-4015.0,,1187.0,,-537.0,,,,,650.0,-165.0,176.0,176.0,,0.0,-11.0,485.0,-191.0,294.0,0.0,,,294.0,0.0,294.0,0.0,,294.0,294.0,,336.885,0.87,0.87,0.87,343.68,0.86,0.86,0.86,
10/03/1999,4728.0,,-4285.0,,443.0,,-503.0,,,,,-60.0,-183.0,180.0,180.0,,0.0,3.0,-243.0,74.0,-169.0,0.0,,,-169.0,0.0,-169.0,0.0,,-169.0,-169.0,,338.022,-0.5,-0.5,0.59,338.022,-0.5,-0.5,0.59,
12/31/1999,4178.0,,-3326.0,,852.0,,-534.0,,,,,318.0,-156.0,177.0,177.0,,0.0,-21.0,162.0,-88.0,74.0,2.0,,,72.0,0.0,72.0,0.0,,72.0,72.0,,338.3,0.21,0.22,0.09,338.8,0.21,0.22,0.09,
04/02/2000,4231.0,,-3481.0,,750.0,,-434.0,,,,,316.0,-175.0,180.0,180.0,,0.0,-5.0,141.0,-61.0,80.0,261.0,,,-181.0,0.0,-181.0,0.0,0.0,-181.0,-181.0,,338.26,-0.54,0.24,0.24,338.735,-0.54,0.24,0.24,
07/02/2000,4124.0,,-3289.0,,835.0,,-467.0,,,,,368.0,-199.0,185.0,185.0,,0.0,14.0,169.0,-74.0,95.0,46.0,,,49.0,0.0,49.0,0.0,0.0,49.0,49.0,,338.214,0.14,0.28,0.28,340.017,0.14,0.28,0.28,
09/01/2000,4160.0,,-3317.0,,843.0,,-410.0,,,,,433.0,-197.0,193.0,193.0,,0.0,4.0,236.0,-103.0,133.0,28.0,,,105.0,0.0,105.0,0.0,0.0,105.0,105.0,,338.315,0.31,0.39,0.39,341.593,0.31,0.39,0.39,
12/31/2000,4380.0,,-3443.0,,937.0,,-429.0,,,,,508.0,-177.0,178.0,178.0,,0.0,-1.0,331.0,-141.0,190.0,22.0,,,168.0,0.0,168.0,0.0,0.0,168.0,168.0,,338.6,0.5,0.56,0.56,344.0,0.49,0.55,0.55,
04/01/2001,3772.0,,-3072.0,,700.0,,-392.0,,,,,308.0,-150.0,180.0,180.0,,0.0,-30.0,158.0,-64.0,94.0,218.0,,,-124.0,0.0,-124.0,0.0,0.0,-124.0,-124.0,,340.01,-0.36,0.28,0.28,345.128,-0.36,0.27,0.27,
07/01/2001,4307.0,,-3499.0,,808.0,,-451.0,,,,,357.0,-147.0,171.0,171.0,,0.0,-24.0,210.0,-93.0,117.0,305.0,,,-188.0,0.0,-188.0,0.0,0.0,-188.0,-188.0,,349.872,-0.54,0.32,0.32,354.305,-0.53,0.32,0.32,
09/30/2001,3755.0,,-3727.0,,28.0,,-392.0,,,,,-364.0,-183.0,172.0,172.0,,0.0,11.0,-547.0,267.0,-280.0,5.0,,,-285.0,0.0,-285.0,0.0,0.0,-285.0,-285.0,,359.406,-0.79,-0.78,0.3,359.406,-0.79,-0.78,0.3,
12/31/2001,4631.0,,-3787.0,,844.0,,-414.0,,,,,430.0,-162.0,144.0,144.0,,0.0,18.0,268.0,-215.0,53.0,219.0,,,-166.0,0.0,-166.0,0.0,0.0,-166.0,-166.0,,377.5,-0.44,0.15,0.4,383.2,-0.43,0.15,0.4,
03/31/2002,3911.0,,-3160.0,,751.0,,-398.0,,,,,353.0,-140.0,132.0,140.0,-8.0,0.0,8.0,213.0,-64.0,149.0,732.0,,,-583.0,0.0,-583.0,0.0,0.0,-583.0,-583.0,,395.679,-1.47,0.38,0.38,404.916,-1.44,0.37,0.37,
06/04/2002,4095.0,,-3207.0,,888.0,,-434.0,,,,,454.0,-134.0,122.0,131.0,-9.0,0.0,12.0,320.0,-97.0,223.0,359.0,,,-136.0,0.0,-136.0,0.0,0.0,-136.0,-136.0,,399.97,-0.34,0.56,0.56,412.853,-0.33,0.54,0.54,
09/29/2002,4092.0,,-3240.0,,852.0,,-397.0,,,,,455.0,-126.0,104.0,111.0,-7.0,0.0,22.0,329.0,-101.0,228.0,81.0,,,147.0,0.0,147.0,0.0,0.0,147.0,147.0,,403.675,0.36,0.56,0.56,408.743,0.36,0.56,0.56,
12/31/2002,4662.0,,-3751.0,,911.0,0.0,-419.0,307.0,,,112.0,492.0,-280.0,106.0,,,,174.0,212.0,-57.0,155.0,170.0,,,-15.0,,-15.0,,0.0,-15.0,-15.0,,406.4,-0.04,0.38,0.38,409.2,-0.04,0.38,0.38,
03/30/2003,4201.0,,-3480.0,,721.0,,-408.0,,,,,313.0,-154.0,131.0,143.0,-12.0,0.0,23.0,159.0,-48.0,111.0,16.0,,,95.0,0.0,95.0,0.0,0.0,95.0,95.0,,408.491,0.23,0.27,0.27,411.111,0.23,0.27,0.27,
06/29/2003,4429.0,,-3570.0,,859.0,,-476.0,,,,,383.0,-116.0,124.0,135.0,-11.0,0.0,-8.0,267.0,-81.0,186.0,86.0,,,100.0,0.0,100.0,0.0,0.0,100.0,100.0,,411.633,0.24,0.45,0.42,414.872,0.24,0.45,0.42,
09/28/2003,4378.0,,-3776.0,,602.0,,-434.0,,,,,168.0,-139.0,127.0,137.0,-10.0,0.0,12.0,29.0,-8.0,21.0,56.0,,,-35.0,0.0,-35.0,0.0,0.0,-35.0,-35.0,,414.275,-0.08,0.05,0.43,417.816,-0.08,0.05,0.43,
12/31/2003,5101.0,,-4174.0,,927.0,,-475.0,,,,,452.0,-145.0,105.0,122.0,-17.0,0.0,40.0,0.0,-90.0,217.0,12.0,,,-102.0,,205.0,0.0,0.0,205.0,205.0,,416.3,0.49,0.53,0.56,418.7,0.49,0.52,0.56,
03/28/2004,4676.0,,-3996.0,,680.0,,-429.0,,,,,251.0,-105.0,105.0,117.0,-12.0,0.0,0.0,146.0,-45.0,101.0,-27.0,,,128.0,0.0,128.0,0.0,0.0,128.0,128.0,,418.579,0.31,0.24,0.24,421.301,0.3,0.24,0.24,
06/27/2004,4929.0,,-4117.0,,812.0,,-472.0,,,,,340.0,-462.0,99.0,109.0,-10.0,0.0,363.0,-122.0,28.0,-94.0,14.0,,,-108.0,0.0,-108.0,0.0,0.0,-108.0,-108.0,,434.597,-0.25,-0.22,0.35,434.597,-0.25,-0.22,0.35,
09/26/2004,4936.0,,-4129.0,,807.0,,-450.0,,,,,357.0,-94.0,89.0,100.0,-11.0,0.0,5.0,263.0,-77.0,186.0,34.0,,,152.0,0.0,152.0,0.0,0.0,152.0,152.0,,449.181,0.34,0.41,0.41,453.544,0.34,0.41,0.41,
12/31/2004,5704.0,,-4739.0,,965.0,,-525.0,399.0,,,126.0,440.0,-148.0,80.0,92.0,-12.0,0.0,68.0,292.0,-46.0,246.0,1.0,,,245.0,0.0,245.0,0.0,0.0,245.0,245.0,13.0,450.2,0.54,0.55,0.58,456.4,0.54,0.54,0.57,
03/27/2005,4944.0,,-4118.0,,826.0,,-449.0,,,,,377.0,-81.0,64.0,76.0,-12.0,0.0,17.0,296.0,-100.0,196.0,30.0,,,166.0,0.0,166.0,0.0,0.0,166.0,166.0,,450.604,0.37,0.43,0.46,456.558,0.36,0.43,0.46,
06/26/2005,5409.0,,-4490.0,,919.0,,-492.0,,,,,427.0,-70.0,70.0,82.0,-12.0,0.0,0.0,357.0,-124.0,233.0,32.0,,,201.0,0.0,201.0,0.0,0.0,201.0,201.0,,449.047,0.45,0.52,0.52,455.124,0.44,0.51,0.51,
09/25/2005,5331.0,,-4445.0,,886.0,,-472.0,,,,,414.0,-61.0,65.0,79.0,-14.0,0.0,-4.0,353.0,-122.0,231.0,3.0,,,228.0,0.0,228.0,0.0,0.0,228.0,228.0,,445.582,0.51,0.52,0.52,452.123,0.5,0.51,0.51,
12/31/2005,6210.0,,-5177.0,,1033.0,,-564.0,,,,,469.0,-35.0,,75.0,-14.0,0.0,-26.0,434.0,-152.0,282.0,6.0,,,276.0,0.0,276.0,0.0,0.0,276.0,276.0,,442.6,0.62,0.64,0.63,449.0,0.61,0.63,0.62,
03/26/2006,4660.0,,-3807.0,,853.0,,-420.0,,,,,433.0,-22.0,48.0,69.0,-21.0,0.0,-26.0,411.0,-139.0,272.0,-15.0,,,287.0,0.0,287.0,0.0,0.0,287.0,287.0,,442.336,0.65,0.61,0.58,448.842,0.64,0.61,0.58,
06/25/2006,4973.0,,-4032.0,,941.0,,-480.0,,,,,461.0,-42.0,55.0,68.0,-13.0,0.0,-13.0,419.0,-143.0,276.0,-34.0,,,310.0,0.0,310.0,0.0,0.0,310.0,310.0,,442.65,0.7,0.62,0.58,450.889,0.69,0.61,0.57,
09/24/2006,4936.0,,-4047.0,,889.0,,-433.0,,,,,456.0,-48.0,50.0,65.0,-15.0,0.0,-2.0,408.0,-141.0,267.0,-54.0,,,321.0,0.0,321.0,0.0,0.0,321.0,321.0,,441.922,0.73,0.6,0.62,451.593,0.71,0.59,0.61,
12/31/2006,5561.0,,-4525.0,,1036.0,,-483.0,,,,,553.0,-40.0,42.0,70.0,-28.0,0.0,-2.0,513.0,-169.0,344.0,-96.0,-96.0,,365.0,0.0,365.0,0.0,0.0,365.0,365.0,,440.1,0.83,0.78,0.78,452.3,0.81,0.76,0.76,
03/25/2007,4804.0,,-3856.0,,948.0,0.0,-427.0,330.0,,,97.0,521.0,-35.0,32.0,60.0,-28.0,0.0,3.0,486.0,-162.0,324.0,-22.0,,,346.0,,346.0,0.0,0.0,346.0,346.0,,441.005,0.78,0.73,0.73,453.531,0.76,0.71,0.71,
06/24/2007,5278.0,,-4194.0,,1084.0,,-495.0,,,,,589.0,-53.0,-3.0,54.0,-57.0,0.0,56.0,536.0,-181.0,355.0,-980.0,,,1335.0,0.0,1335.0,0.0,0.0,1335.0,1335.0,,436.7,3.06,0.81,0.81,448.8,2.97,0.79,0.79,
09/23/2007,5355.0,,-4276.0,,1079.0,,-602.0,,,,,477.0,-8.0,-1.0,41.0,-42.0,0.0,9.0,469.0,-165.0,304.0,5.0,,,299.0,0.0,299.0,0.0,0.0,299.0,299.0,,431.239,0.69,0.7,0.88,442.997,0.68,0.69,0.86,
12/31/2007,6000.0,,-4837.0,,1163.0,,-517.0,,,,,646.0,-7.0,5.0,41.0,-36.0,0.0,2.0,639.0,-5.0,634.0,36.0,,,598.0,0.0,598.0,0.0,0.0,598.0,598.0,-214.0,423.2,1.41,1.5,0.99,436.8,1.37,1.45,0.96,
03/30/2008,5354.0,,-4258.0,,1096.0,0.0,-487.0,380.0,,,107.0,609.0,-16.0,11.0,34.0,-23.0,0.0,5.0,593.0,-192.0,401.0,2.0,,,399.0,-1.0,398.0,0.0,0.0,398.0,398.0,,423.8,0.95,0.94,0.94,434.7,0.92,0.93,0.93,
06/29/2008,5870.0,,-4664.0,,1206.0,0.0,-538.0,396.0,,,142.0,668.0,-15.0,17.0,34.0,-17.0,0.0,-2.0,653.0,-221.0,432.0,0.0,,,432.0,-6.0,426.0,0.0,0.0,426.0,426.0,,419.7,1.02,1.02,1.02,430.0,0.99,0.99,0.99,
09/28/2008,5864.0,,-4664.0,,1200.0,0.0,-510.0,380.0,,,130.0,690.0,-31.0,13.0,29.0,-16.0,0.0,18.0,659.0,-222.0,437.0,0.0,,,437.0,-10.0,427.0,0.0,0.0,427.0,427.0,16.9,415.6,1.02743,1.02743,1.045606,424.9,1.004942,1.004942,1.045606,
12/31/2008,6086.0,,-4910.0,,1176.0,,-530.0,392.0,,,138.0,646.0,-36.0,24.0,32.0,-8.0,,12.0,610.0,-189.0,421.0,,,,421.0,0.0,421.0,0.0,,421.0,421.0,,404.0,1.04,1.04,1.15,413.4,1.02,1.02,1.13,
03/29/2009,5884.0,5884.0,-4697.0,4697.0,1187.0,0.0,-475.0,364.0,,111.0,0.0,712.0,-33.0,28.0,32.0,-4.0,,5.0,679.0,-222.0,457.0,-3.0,-3.0,0.0,460.0,-8.0,452.0,0.0,0.0,452.0,441.2,-7.8,399.0,1.13,1.12,1.105764,404.0,1.12,1.11,1.090693,
06/28/2009,6125.0,6125.0,-4839.0,4839.0,1286.0,0.0,-521.0,370.0,,151.0,0.0,765.0,-15.0,28.0,31.0,-3.0,,-13.0,750.0,-246.0,504.0,3.0,3.0,0.0,501.0,-12.0,489.0,0.0,0.0,489.0,487.45,-4.55,392.5,1.24,1.25,1.241911,397.3,1.23,1.24,1.228548,
09/27/2009,6205.0,6205.0,-4894.0,4894.0,1311.0,0.0,-546.0,401.0,,145.0,0.0,765.0,-18.0,28.0,32.0,-4.0,,-10.0,747.0,-248.0,499.0,1.0,1.0,0.0,498.0,-8.0,490.0,0.0,0.0,490.0,491.0,0.0,388.1,1.26,1.27,1.27,393.4,1.25,1.25,1.25,
12/31/2009,6667.0,6667.0,-5317.0,5317.0,1350.0,0.0,-550.0,392.0,,158.0,0.0,800.0,-46.0,25.0,28.0,-3.0,,21.0,754.0,-237.0,517.0,0.0,0.0,0.0,517.0,-13.0,504.0,0.0,0.0,504.0,504.0,0.0,382.2,1.32,1.32,1.32,388.4,1.3,1.3,1.3,
03/28/2010,6053.0,6053.0,-4784.0,4784.0,1269.0,0.0,-560.0,408.0,,152.0,0.0,709.0,-28.0,29.0,32.0,-3.0,,-1.0,681.0,-220.0,461.0,8.0,8.0,0.0,453.0,-8.0,445.0,0.0,0.0,445.0,453.0,0.0,377.6,1.18,1.2,1.2,384.4,1.16,1.18,1.18,
06/27/2010,5973.0,5973.0,-5038.0,5038.0,935.0,0.0,-590.0,414.0,,176.0,0.0,345.0,-35.0,29.0,33.0,-4.0,,6.0,310.0,-91.0,219.0,4.0,4.0,0.0,215.0,-7.0,208.0,0.0,0.0,208.0,486.0,274.0,378.5,0.55,0.56,1.284016,383.1,0.55,0.56,1.275218,
09/26/2010,6272.0,6272.0,-4975.0,4975.0,1297.0,0.0,-548.0,394.0,,154.0,0.0,749.0,-23.0,30.0,33.0,-3.0,,-7.0,726.0,-77.0,649.0,-88.0,-88.0,0.0,737.0,-9.0,728.0,0.0,0.0,728.0,470.0,-170.0,371.7,1.96,1.72,1.264461,374.5,1.94,1.71,1.256061,
12/31/2010,6885.0,6885.0,-5506.0,5506.0,1379.0,0.0,-575.0,432.0,,143.0,0.0,804.0,-89.0,22.0,28.0,-6.0,,67.0,715.0,-201.0,514.0,40.0,40.0,0.0,474.0,-15.0,459.0,0.0,0.0,459.0,546.45,47.45,363.2,1.26,1.38,1.504543,366.0,1.25,1.37,1.499645,
04/03/2011,6052.0,6052.0,-4898.0,4898.0,1154.0,0.0,-565.0,426.0,,139.0,0.0,589.0,-39.0,39.0,43.0,-4.0,,0.0,550.0,-164.0,386.0,-3.0,-3.0,0.0,389.0,-5.0,384.0,0.0,0.0,384.0,382.3,1.3,357.4,1.07,1.07,1.06967,360.8,1.06,1.06,1.063603,
07/03/2011,6201.0,6201.0,-4933.0,4933.0,1268.0,0.0,-598.0,436.0,,162.0,0.0,670.0,-41.0,40.0,43.0,-3.0,,1.0,629.0,-192.0,437.0,-8.0,-8.0,0.0,445.0,-7.0,438.0,0.0,0.0,438.0,430.0,0.0,355.0,1.23,1.21,1.21,357.1,1.23,1.2,1.2,
10/02/2011,6116.0,6116.0,-4815.0,4815.0,1301.0,0.0,-579.0,426.0,,153.0,0.0,722.0,-50.0,36.0,41.0,-5.0,,14.0,672.0,-165.0,507.0,-3.0,-3.0,0.0,510.0,-9.0,501.0,0.0,0.0,501.0,498.0,0.0,350.5,1.43,1.42,1.42,351.4,1.43,1.42,1.42,
12/31/2011,6422.0,6422.0,-5018.0,5018.0,1404.0,0.0,-555.0,384.0,,171.0,0.0,849.0,-40.0,43.0,45.0,-2.0,,-3.0,809.0,-261.0,548.0,-4.0,-4.0,0.0,552.0,-9.0,543.0,0.0,0.0,543.0,545.5,6.5,344.1,1.58,1.56,1.585295,345.1,1.57,1.56,1.578835,
04/01/2012,5938.0,5938.0,-4659.0,4659.0,1279.0,0.0,-573.0,405.0,,168.0,0.0,706.0,-40.0,48.0,50.0,-2.0,,-8.0,666.0,-212.0,454.0,2.0,2.0,0.0,452.0,-4.0,448.0,0.0,0.0,448.0,450.0,0.0,337.5,1.33,1.33,1.33,338.7,1.32,1.33,1.33,
07/01/2012,5992.0,5992.0,-4652.0,4652.0,1340.0,0.0,-598.0,404.0,,194.0,0.0,742.0,-52.0,49.0,50.0,-1.0,,3.0,690.0,-219.0,471.0,1.0,1.0,0.0,470.0,1.0,471.0,0.0,0.0,471.0,472.0,0.0,333.4,1.41,1.41,1.41,334.4,1.41,1.41,1.41,
09/30/2012,6045.0,6045.0,-4689.0,4689.0,1356.0,0.0,-570.0,389.0,,181.0,0.0,786.0,-41.0,46.0,49.0,-3.0,,-5.0,745.0,-237.0,508.0,1.0,1.0,0.0,507.0,-7.0,500.0,0.0,0.0,500.0,501.0,0.0,332.0,1.51,1.51,1.51,333.0,1.5,1.51,1.51,
12/31/2012,6439.0,6439.0,-5092.0,5092.0,1347.0,0.0,-592.0,431.0,,161.0,0.0,755.0,-77.0,49.0,52.0,-3.0,,28.0,678.0,-210.0,468.0,-3.0,-3.0,0.0,471.0,-2.0,469.0,0.0,0.0,469.0,483.05,17.05,329.8,1.42,1.41,1.464676,330.8,1.42,1.41,1.461542,
03/31/2013,5879.0,5879.0,-4605.0,4605.0,1274.0,0.0,-568.0,461.0,461.0,107.0,0.0,706.0,-43.0,50.0,53.0,-3.0,,-7.0,663.0,-167.0,496.0,2.0,2.0,0.0,494.0,-6.0,488.0,0.0,0.0,488.0,493.25,3.25,327.4,1.49,1.5,1.506567,328.2,1.49,1.49,1.499902,
06/30/2013,6115.0,6115.0,-4753.0,4753.0,1362.0,0.0,-596.0,420.0,420.0,176.0,0.0,766.0,-53.0,50.0,53.0,-3.0,,3.0,713.0,-220.0,493.0,0.0,0.0,0.0,493.0,-5.0,488.0,0.0,0.0,488.0,489.3,1.3,324.9,1.5,1.5,1.506002,325.6,1.5,1.5,1.503993,
09/29/2013,5842.0,5842.0,-4534.0,4534.0,1308.0,0.0,-551.0,387.0,,164.0,0.0,757.0,-45.0,50.0,53.0,-3.0,,-5.0,712.0,-221.0,491.0,-2.0,-2.0,0.0,493.0,-4.0,489.0,0.0,0.0,489.0,492.85,5.85,322.5,1.52,1.51,1.528217,323.3,1.51,1.51,1.528095,
12/31/2013,5870.0,5870.0,-4640.0,4640.0,1230.0,0.0,-521.0,402.0,402.0,119.0,0.0,709.0,-40.0,48.0,51.0,-3.0,,-8.0,669.0,-200.0,469.0,-64.0,-64.0,0.0,533.0,-2.0,531.0,0.0,0.0,531.0,499.5,32.5,318.8,1.66,1.46,1.566813,319.6,1.66,1.46,1.56169,
03/31/2014,5508.0,5508.0,-4161.0,4161.0,1347.0,0.0,-559.0,448.0,448.0,111.0,0.0,788.0,-48.0,48.0,51.0,-3.0,,0.0,740.0,-147.0,593.0,-7.0,-7.0,0.0,600.0,-4.0,596.0,0.0,0.0,596.0,515.5,-73.5,315.0,1.89,1.87,1.636508,315.8,1.89,1.87,1.636508,
06/29/2014,5701.0,5701.0,-4301.0,4301.0,1400.0,0.0,-641.0,517.0,517.0,124.0,0.0,759.0,-46.0,52.0,54.0,-2.0,,-6.0,713.0,-212.0,501.0,-52.0,-52.0,0.0,553.0,-2.0,551.0,0.0,0.0,551.0,505.5,6.5,312.9,1.76,1.59,1.615532,313.5,1.76,1.59,1.610734,
09/28/2014,5474.0,5474.0,-4171.0,4171.0,1303.0,0.0,-540.0,419.0,419.0,121.0,0.0,763.0,-51.0,50.0,53.0,-3.0,,1.0,712.0,-193.0,519.0,0.0,0.0,0.0,519.0,-4.0,515.0,0.0,0.0,515.0,522.15,7.15,310.9,1.66,1.66,1.679479,311.4,1.65,1.65,1.672961,
12/31/2014,6143.0,6143.0,-4662.0,4662.0,1481.0,0.0,-612.0,468.0,468.0,144.0,0.0,869.0,-51.0,53.0,55.0,-2.0,,-2.0,818.0,-238.0,580.0,-6.0,-6.0,0.0,586.0,-4.0,582.0,0.0,0.0,582.0,583.15,7.15,309.1,1.88,1.86,1.886606,309.7,1.88,1.86,1.883087,
03/29/2015,5288.0,5288.0,-3833.0,3833.0,1455.0,0.0,-615.0,473.0,473.0,142.0,0.0,840.0,-52.0,54.0,58.0,-4.0,,-2.0,788.0,-234.0,554.0,0.0,0.0,0.0,554.0,-3.0,551.0,0.0,0.0,551.0,457.7,-93.3,308.2,1.79,1.79,1.485075,308.6,1.79,1.78,1.477667,
06/28/2015,5848.0,5848.0,-4525.0,4525.0,1323.0,0.0,-675.0,489.0,489.0,186.0,0.0,648.0,-56.0,57.0,59.0,-2.0,,-1.0,592.0,-90.0,502.0,-1.0,-1.0,0.0,503.0,2.0,505.0,0.0,0.0,505.0,464.85,-39.15,305.4,1.65,1.65,1.522102,305.7,1.65,1.65,1.521933,
09/27/2015,5783.0,5783.0,-4408.0,4408.0,1375.0,0.0,-678.0,495.0,495.0,183.0,0.0,697.0,-64.0,55.0,58.0,-3.0,,9.0,633.0,-189.0,444.0,1.0,1.0,0.0,443.0,4.0,447.0,0.0,0.0,447.0,476.6,28.6,303.9,1.47,1.47,1.568279,304.3,1.47,1.47,1.563986,
12/31/2015,6328.0,6328.0,-4808.0,4808.0,1520.0,0.0,-692.0,497.0,497.0,195.0,0.0,828.0,-54.0,56.0,58.0,-2.0,,-2.0,774.0,-220.0,554.0,-13.0,-13.0,0.0,567.0,4.0,571.0,0.0,0.0,571.0,586.6,28.6,301.6,1.89,1.85,1.94496,302.1,1.89,1.85,1.944671,
04/03/2016,5802.0,5802.0,-4441.0,4441.0,1361.0,0.0,-748.0,549.0,549.0,199.0,0.0,613.0,-52.0,54.0,58.0,-4.0,,-2.0,561.0,-157.0,404.0,-1.0,-1.0,0.0,405.0,23.0,428.0,0.0,0.0,428.0,495.25,68.25,299.2,1.43,1.43,1.655247,299.6,1.43,1.43,1.655247,
07/03/2016,6029.0,6029.0,-4362.0,4362.0,1667.0,0.0,-695.0,514.0,514.0,181.0,0.0,972.0,-53.0,54.0,58.0,-4.0,,-1.0,919.0,-205.0,714.0,1.0,1.0,0.0,713.0,4.0,717.0,0.0,0.0,717.0,630.85,-87.15,297.3,2.41,2.41,2.121931,297.6,2.41,2.41,2.117157,
10/02/2016,6014.0,6014.0,-4474.0,4474.0,1540.0,0.0,-710.0,531.0,531.0,179.0,0.0,830.0,-50.0,54.0,58.0,-4.0,,-4.0,780.0,-239.0,541.0,-1.0,-1.0,0.0,542.0,2.0,544.0,0.0,0.0,544.0,610.6,67.6,295.2,1.84,1.84,2.068428,295.5,1.84,1.84,2.068428,
12/31/2016,6279.0,6279.0,-4688.0,4688.0,1591.0,0.0,-711.0,515.0,515.0,196.0,0.0,880.0,-55.0,54.0,58.0,-4.0,,1.0,825.0,-272.0,553.0,0.0,0.0,0.0,553.0,2.0,555.0,0.0,0.0,555.0,631.05,76.05,294.2,1.88,1.88,2.144969,294.5,1.88,1.84,2.098234,
04/02/2017,6000.0,6000.0,-4366.0,4366.0,1634.0,0.0,-686.0,523.0,523.0,163.0,0.0,948.0,-253.0,53.0,58.0,-5.0,,200.0,695.0,-198.0,497.0,-3.0,-3.0,0.0,500.0,6.0,506.0,0.0,0.0,506.0,707.75,204.75,292.5,1.74,1.73,2.419658,292.8,1.74,1.73,2.419658,
07/02/2017,6281.0,6281.0,-4521.0,4521.0,1760.0,0.0,-705.0,514.0,514.0,191.0,0.0,1055.0,-287.0,46.0,51.0,-5.0,,241.0,768.0,-221.0,547.0,0.0,0.0,0.0,547.0,6.0,553.0,0.0,0.0,553.0,757.75,204.75,291.7,1.9,1.9,2.597703,292.0,1.89,1.89,2.591199,
10/01/2017,6284.0,6284.0,-4468.0,4468.0,1816.0,0.0,-688.0,510.0,510.0,178.0,0.0,1128.0,-312.0,44.0,48.0,-4.0,,268.0,816.0,-248.0,568.0,1.0,1.0,0.0,567.0,5.0,572.0,0.0,0.0,572.0,799.2,226.2,290.7,1.97,1.97,2.749226,291.0,1.97,1.97,2.74732,
12/31/2017,6783.0,6783.0,-4985.0,4985.0,1798.0,0.0,-698.0,530.0,530.0,168.0,0.0,1100.0,-266.0,41.0,48.0,-7.0,,225.0,834.0,-447.0,387.0,0.0,0.0,0.0,387.0,6.0,393.0,0.0,0.0,393.0,775.25,382.25,289.6,1.35,1.35,2.676968,290.0,1.35,1.35,2.668103,
04/01/2018,6267.0,6267.0,-4532.0,4532.0,1735.0,0.0,-694.0,528.0,528.0,166.0,0.0,1041.0,-284.0,40.0,47.0,-7.0,,244.0,757.0,-133.0,624.0,1.0,1.0,0.0,623.0,10.0,633.0,0.0,0.0,633.0,913.66,279.66,288.5,2.2,2.2,3.166932,288.8,2.19,2.2,3.166932,
07/01/2018,6625.0,6625.0,-4777.0,4777.0,1848.0,0.0,-748.0,540.0,540.0,208.0,0.0,1100.0,-273.0,38.0,46.0,-8.0,,235.0,827.0,-37.0,790.0,-1.0,-1.0,0.0,791.0,9.0,800.0,0.0,0.0,800.0,982.87,183.87,287.3,2.78,2.78,3.421058,287.6,2.78,2.78,3.419325,
09/30/2018,6806.0,6806.0,-4871.0,4871.0,1935.0,0.0,-752.0,533.0,533.0,219.0,0.0,1183.0,-547.0,39.0,45.0,-6.0,,508.0,636.0,5.0,641.0,0.0,0.0,0.0,641.0,3.0,644.0,0.0,0.0,644.0,932.35,288.35,285.7,2.25,2.25,3.263388,286.0,2.25,2.25,3.258217,
12/31/2018,7360.0,7360.0,-5393.0,5393.0,1967.0,0.0,-753.0,505.0,505.0,248.0,0.0,1214.0,-287.0,36.0,46.0,-10.0,,251.0,927.0,-99.0,828.0,1.0,1.0,0.0,827.0,5.0,832.0,0.0,0.0,832.0,1114.24,281.24,284.4,2.93,2.93,3.917862,284.7,2.93,2.93,3.917847,
03/31/2019,6729.0,6729.0,-4877.0,4877.0,1852.0,0.0,-739.0,544.0,544.0,195.0,0.0,1113.0,-192.0,31.0,44.0,-13.0,,161.0,921.0,-146.0,775.0,0.0,0.0,0.0,775.0,6.0,781.0,0.0,0.0,781.0,1070.14,289.14,281.9,2.77,2.77,3.796169,282.2,2.77,2.77,3.794592,
06/30/2019,7159.0,7159.0,-5205.0,5205.0,1954.0,0.0,-778.0,578.0,578.0,200.0,0.0,1176.0,-211.0,38.0,45.0,-7.0,,173.0,965.0,-152.0,813.0,0.0,0.0,0.0,813.0,4.0,817.0,0.0,0.0,817.0,1029.573,212.573,279.7,2.92,2.92,3.68099,279.9,2.92,2.92,3.679461,
09/29/2019,7446.0,7446.0,-5499.0,5499.0,1947.0,0.0,-741.0,570.0,570.0,171.0,0.0,1206.0,-170.0,35.0,45.0,-10.0,,135.0,1036.0,-175.0,861.0,1.0,1.0,0.0,860.0,0.0,860.0,0.0,0.0,860.0,1158.83,297.83,279.1,3.08,3.08,4.152024,279.4,3.08,3.08,4.145963,
12/31/2019,7842.0,7842.0,-5832.0,5832.0,2010.0,0.0,-731.0,565.0,565.0,166.0,0.0,1279.0,-215.0,34.0,46.0,-12.0,,181.0,1064.0,-185.0,879.0,-2.0,-2.0,0.0,881.0,4.0,885.0,0.0,0.0,885.0,1193.47,310.47,279.2,3.17,3.16,4.274606,279.4,3.16,3.16,4.271203,
03/31/2020,7011.25,,,,1951.1607625,,,,,,,1165.2,,,,,,,935.429,,778.143,,,,,,778.143,,,778.143,769.714,,,2.748,2.748,2.778,,2.748,2.748,2.778,
06/30/2020,7574.083,,,,2081.66097172,,,,,,,1242.8,,,,,,,1022.286,,847.857,,,,,,847.857,,,847.857,848.75,,,3.02,3.02,3.037,,3.02,3.02,3.037,
