Date,Revenue,Sales & Services Revenue,Other Revenue,Cost of Revenue,Cost of Goods & Services,Gross Profit,Other Operating Income,Operating Expenses,"Selling, General & Admin",Research & Development,Other Operating Expense,Operating Income (Loss),Non-Operating (Income) Loss,"Interest Expense, Net",Interest Expense,Interest Income,Foreign Exch (Gain) Loss,Other Non-Op (Income) Loss,Pretax Income,Income Tax Expense (Benefit),Income (Loss) from Cont Ops,Net Extraordinary Losses (Gains),Discontinued Operations,XO & Accounting Changes,Income (Loss) Incl. MI,Minority Interest,"Net Income, GAAP",Preferred Dividends,Other Adjustments,"Net Income Avail to Common, GAAP","Net Income Avail to Common, Adj",Net Abnormal Losses (Gains),Basic Weighted Avg Shares,"Basic EPS, GAAP",Basic EPS from Cont Ops,"Basic EPS from Cont Ops, Adjusted",Diluted Weighted Avg Shares,"Diluted EPS, GAAP",Diluted EPS from Cont Ops,"Diluted EPS from Cont Ops, Adjusted",Source: Bloomberg
03/31/1990,4730.700195,,,-3489.100098,,1241.600098,,-977.799988,,,,263.799988,-26.599998,,97.400002,,0.0,-70.800003,237.199989,-91.300003,145.899994,0.0,,,145.899986,-11.4,134.5,-12.387,,122.113,122.113,,964.895996,0.13125,0.13125,,964.895996,0.13125,0.13125,0.13125,
06/30/1990,5602.399902,,,-4222.299805,,1380.100098,,-1003.900024,,,,376.200012,-20.299995,,107.699997,,0.0,-87.400002,355.900017,-134.100006,221.800003,0.0,,,221.800011,-14.3,207.5,-4.559,,202.941,202.941,,964.383972,0.205,0.205,,964.383972,0.205,0.205,0.205,
09/30/1990,5212.899902,,,-3812.800049,,1400.099854,,-1026.300049,,,,373.799988,42.999992,,90.400002,,0.0,-133.399994,416.79998,-154.199997,262.600006,0.0,,,262.599983,-22.799999,239.800003,-9.531,,230.269003,230.269003,,969.512024,0.2375,0.2375,,969.512024,0.2375,0.2375,0.2375,
12/31/1990,5896.0,,,-4491.0,,1405.0,,-1107.199951,,,,297.799988,-16.5,,66.099998,,0.0,-49.599998,281.299988,-99.5,181.800003,0.0,,,181.799988,-13.0,168.800003,-9.423,,159.377003,159.377003,,969.380008,0.165,0.165,0.165,969.380008,0.165,0.165,0.165,
03/31/1991,4747.299805,,,-3623.600098,,1123.699707,,-1012.700012,,,,111.0,-26.700001,,82.900002,,0.0,-56.200001,84.299999,-31.200001,53.099998,0.0,,,53.099998,-12.9,40.200001,-9.332,,30.868001,30.868001,,970.328003,0.03125,0.03125,,970.328003,0.03125,0.03125,0.03125,
06/30/1991,5205.0,,,-4138.600098,,1066.399902,,-1054.599976,,,,11.8,90.099991,,81.800003,,0.0,-171.899994,101.899991,-37.900002,64.0,0.0,,,63.99999,-20.6,43.400002,-9.404,,33.996001,33.996001,,971.880005,0.035,0.035,,971.880005,0.035,0.035,0.035,
09/30/1991,5181.200195,,,-3975.899902,,1205.300293,,-991.099976,,,,214.199997,7.900002,,84.699997,,0.0,-92.599998,222.099998,-82.400002,139.699997,0.0,,,139.699997,-20.200001,119.5,-9.465,,110.035,110.035,,972.752014,0.1125,0.1125,,972.752014,0.1125,0.1125,0.1125,
12/31/1991,5706.5,,,-4648.899902,,1057.600098,,-1093.599976,,,,-36.0,-1263.299949,,89.599998,,0.0,1173.699951,-1299.299949,76.5,-1222.800049,0.0,,,-1222.799949,-1.3,-1224.099976,-33.799,,-1257.898976,-1257.898976,,973.968016,-1.29125,-1.29125,-1.29125,973.968016,-1.29125,-1.29125,-1.29125,
03/31/1992,5058.0,,,-3951.0,,1107.0,,-964.0,,,,143.0,35.0,,73.0,,0.0,-108.0,178.0,-68.0,110.0,322.0,,,-212.0,-16.0,-228.0,-11.0,,-239.0,-239.0,,980.984009,-0.24375,0.085,,980.984009,-0.24375,0.085,0.085,
06/30/1992,5635.0,,,-4433.0,,1202.0,,-959.0,,,,243.0,33.0,,68.0,,0.0,-101.0,276.0,-106.0,170.0,0.0,,,170.0,-22.0,148.0,-10.0,,138.0,138.0,,985.536011,0.13875,0.13875,,985.536011,0.13875,0.13875,0.13875,
09/30/1992,5287.0,,,-4088.0,,1199.0,,-974.0,,,,225.0,17.0,,71.0,,0.0,-88.0,242.0,-93.0,149.0,0.0,,,149.0,-23.0,126.0,-11.0,,115.0,115.0,,988.047974,0.1175,0.1175,,988.047974,0.1175,0.1175,0.1175,
12/31/1992,5661.0,,,-4443.0,,1218.0,,-1653.0,,,,-435.0,-61.0,,70.0,,0.0,-9.0,-496.0,190.0,-306.0,0.0,,,-306.0,-27.0,-333.0,-10.0,,-343.0,-343.0,,989.831968,-0.34625,-0.34625,-0.34625,989.831968,-0.34625,-0.34625,-0.34625,
03/31/1993,4725.0,,,-3749.0,,976.0,,-910.0,,,,66.0,71.0,,68.0,,0.0,-139.0,137.0,-56.0,81.0,0.0,,,81.0,-17.0,64.0,-11.0,,53.0,53.0,,998.583984,0.05375,0.05375,,998.583984,0.05375,0.05375,0.05375,
06/30/1993,5508.0,,,-4320.0,,1188.0,,-946.0,,,,242.0,-2.0,,64.0,,0.0,-62.0,240.0,-87.0,153.0,0.0,,,153.0,-23.0,130.0,-10.0,,120.0,120.0,,1003.640015,0.11875,0.11875,,1003.640015,0.11875,0.11875,0.11875,
09/30/1993,5056.0,,,-3914.0,,1142.0,,-871.0,,,,271.0,12.0,,60.0,,0.0,-72.0,283.0,-99.0,184.0,0.0,,,184.0,-27.0,157.0,-11.0,,146.0,146.0,,1004.143982,0.145,0.145,,1004.143982,0.145,0.145,0.145,
12/31/1993,5447.0,,,-4254.0,,1193.0,,-957.0,,,,236.0,13.0,,59.0,,0.0,-72.0,249.0,-94.0,155.0,0.0,,,155.0,-19.0,136.0,-11.0,,125.0,125.0,,1022.624024,0.1225,0.1225,0.1225,1022.624024,0.1225,0.1225,0.1225,
03/31/1994,4745.0,,,-3735.0,,1010.0,,-843.0,,,,167.0,-26.0,,66.0,,0.0,-40.0,141.0,-51.0,90.0,0.0,,,90.0,-23.0,67.0,-5.0,,62.0,62.0,,1063.504028,0.0625,0.0625,,1063.504028,0.0625,0.0625,0.0625,
06/30/1994,5306.0,,,-4202.0,,1104.0,,-909.0,,,,195.0,113.0,,63.0,,0.0,-176.0,308.0,-117.0,191.0,0.0,,,191.0,-26.0,165.0,-11.0,,154.0,154.0,,1034.495972,0.15375,0.15375,,1034.495972,0.15375,0.15375,0.15375,
09/30/1994,5135.0,,,-4013.0,,1122.0,,-840.0,,,,282.0,53.0,,59.0,,0.0,-112.0,335.0,-118.0,217.0,0.0,,,217.0,-29.0,188.0,-10.0,,178.0,178.0,,1023.799988,0.17625,0.17625,,1023.799988,0.17625,0.17625,0.17625,
12/31/1994,5615.0,,,-4382.0,,1233.0,,-922.0,,,,311.0,-19.0,,87.0,,0.0,-68.0,292.0,-98.0,194.0,0.0,,,194.0,-29.0,165.0,-16.0,,149.0,149.0,,1041.599976,0.1425,0.1425,0.1425,1041.599976,0.1425,0.1425,0.1425,
03/31/1995,5318.0,,,-4183.0,,1135.0,,-847.0,,,,288.0,-36.0,,62.0,,0.0,-26.0,252.0,-88.0,164.0,0.0,,,164.0,-29.0,135.0,-6.0,,129.0,129.0,,1040.567993,0.12875,0.12875,0.12875,1040.567993,0.12875,0.12875,0.12875,
06/30/1995,5774.0,,,-4486.0,,1288.0,,-905.0,,,,383.0,-1.0,,67.0,,0.0,-66.0,382.0,-132.0,250.0,0.0,,,250.0,-32.0,218.0,-7.0,,211.0,211.0,,1047.712036,0.20625,0.20625,0.20625,1047.712036,0.20625,0.20625,0.20625,
09/30/1995,5604.0,,,-4325.0,,1279.0,,-893.0,,,,386.0,-10.0,,57.0,,0.0,-47.0,376.0,-131.0,245.0,0.0,,,245.0,-35.0,210.0,-7.0,,203.0,203.0,,1046.504028,0.2,0.2,0.2,1046.504028,0.2,0.2,0.2,
12/31/1995,6106.0,,,-4606.0,,1500.0,,-969.0,,,,531.0,-197.0,,58.0,,0.0,139.0,334.0,-113.0,221.0,0.0,,,221.0,-34.0,187.0,,,187.0,187.0,,1045.271976,0.1775,0.1775,0.1775,1045.271976,0.1775,0.1775,0.1775,
03/31/1996,5449.0,,,-4209.0,,1240.0,,-933.0,,,,307.0,-14.0,,58.0,,0.0,-44.0,293.0,-99.0,194.0,0.0,,,194.0,-30.0,164.0,-7.0,,157.0,157.0,,1050.384033,0.155,0.155,0.155,1050.384033,0.155,0.155,0.155,
06/30/1996,6002.0,,,-4558.0,,1444.0,,-983.0,,,,461.0,-15.0,,56.0,,0.0,-41.0,446.0,-151.0,295.0,0.0,,,295.0,-36.0,259.0,-8.0,,251.0,251.0,,1049.303955,0.245,0.245,0.245,1049.303955,0.245,0.245,0.245,
09/30/1996,5908.0,,,-4476.0,,1432.0,,-978.0,,,,454.0,-23.0,,54.0,,0.0,-31.0,431.0,-144.0,287.0,0.0,,,287.0,-33.0,254.0,-7.0,,247.0,247.0,,1046.400024,0.2425,0.2425,0.2425,1046.400024,0.2425,0.2425,0.2425,
12/31/1996,6153.0,,,-4494.0,,1659.0,,-1100.0,,,,559.0,-169.0,,53.0,,0.0,116.0,390.0,-129.0,261.0,0.0,,,261.0,-32.0,229.0,-8.0,,221.0,221.0,,1041.884032,0.2125,0.2125,0.2125,1041.884032,0.2125,0.2125,0.2125,
03/31/1997,5886.0,,,-4536.0,,1350.0,,-973.0,,,,377.0,0.0,48.0,48.0,,0.0,-48.0,377.0,-124.0,253.0,0.0,,,253.0,-29.0,224.0,-8.0,,216.0,216.0,,949.583984,0.2275,0.2275,0.2275,1024.943968,0.2175,0.2175,0.2175,
06/30/1997,6432.0,,,-4888.0,,1544.0,,-1043.0,,,,501.0,2.0,49.0,49.0,,0.0,-51.0,503.0,-162.0,341.0,0.0,,,341.0,-37.0,304.0,-8.0,,296.0,296.0,,943.323976,0.315,0.315,0.315,1020.096008,0.2975,0.2975,0.2975,
09/30/1997,5936.0,,,-4483.0,,1453.0,,-958.0,,,,495.0,-6.0,49.0,49.0,,0.0,-43.0,489.0,-159.0,330.0,0.0,,,330.0,-30.0,300.0,-8.0,,292.0,292.0,,937.291992,0.3125,0.3125,0.3125,1015.531984,0.295,0.295,0.295,
12/31/1997,6341.0,,,-4663.0,,1678.0,,-1090.0,,,,588.0,-186.0,,47.0,,0.0,139.0,402.0,-130.0,272.0,0.0,,,272.0,-28.0,244.0,-8.0,,236.0,236.0,,922.851988,0.255,0.255,0.255,998.219972,0.2425,0.2425,0.2425,
03/31/1998,5220.0,,,-3961.0,,1259.0,,-938.0,,,,321.0,41.0,47.0,47.0,,0.0,-88.0,362.0,-114.0,248.0,-31.0,,,279.0,-19.0,260.0,-8.0,,252.0,252.0,,917.664,0.275,0.24,0.24,995.244,0.26,0.23,0.23,
06/30/1998,5848.0,,,-4309.0,,1539.0,,-956.0,,,,583.0,-62.0,45.0,45.0,,0.0,17.0,521.0,-163.0,358.0,-27.0,,,385.0,-25.0,360.0,-8.0,,352.0,352.0,,916.528,0.385,0.355,0.355,996.392,0.36,0.335,0.335,
09/30/1998,5710.0,,,-4202.0,,1508.0,,-927.0,,,,581.0,-75.0,48.0,48.0,,0.0,27.0,506.0,-159.0,347.0,-22.0,,,369.0,-21.0,348.0,-8.0,,340.0,340.0,,908.0,0.375,0.35,0.35,986.0,0.35,0.33,0.33,
12/31/1998,6009.0,,,-4425.0,,1584.0,,-1084.0,,,,500.0,-79.0,57.0,57.0,,0.0,22.0,421.0,-132.0,289.0,-18.0,,,307.0,-20.0,287.0,-9.0,,278.0,278.0,,901.728,0.31,0.29,0.29,980.668,0.29,0.275,0.275,
03/31/1999,5382.0,,,-3977.0,,1405.0,,-975.0,,,,430.0,5.0,55.0,55.0,,0.0,-60.0,435.0,-136.0,299.0,-30.0,,,329.0,-21.0,308.0,-8.0,,300.0,300.0,,902.0,0.335,0.3,0.3,984.0,0.315,0.285,0.285,
06/30/1999,5984.0,,,-4347.0,,1637.0,,-999.0,,,,638.0,0.0,57.0,57.0,,0.0,-57.0,638.0,-196.0,442.0,-660.0,,,1102.0,-25.0,1077.0,-8.0,,1069.0,1069.0,,918.0,1.165,0.445,0.445,1002.0,1.075,0.415,0.415,
09/30/1999,6068.0,,,-4857.0,,1211.0,,-1092.0,,,,119.0,-4.0,63.0,63.0,,0.0,-59.0,115.0,-2.0,113.0,0.0,,,113.0,-23.0,90.0,-9.0,,81.0,81.0,346.0,960.0,0.085,0.085,0.42,988.0,0.08,0.08,0.415,
12/31/1999,6410.0,,,-5004.0,,1406.0,,-1359.0,,,,47.0,22.0,85.0,85.0,,0.0,-107.0,69.0,9.0,78.0,0.0,,,78.0,-22.0,56.0,-8.0,,48.0,48.0,306.0,952.0,0.05,0.05,0.35,976.0,0.05,0.05,0.35,
03/31/2000,6390.0,,,-4628.0,,1762.0,,-1095.0,,,,667.0,-86.0,86.0,86.0,,0.0,0.0,581.0,-177.0,404.0,0.0,,,404.0,-27.0,377.0,-8.0,0.0,369.0,369.0,,946.0,0.39,0.39,0.39,1022.0,0.37,0.37,0.37,
06/30/2000,6961.0,,,-4987.0,,1974.0,,-1096.0,,,,878.0,-93.0,93.0,93.0,,0.0,0.0,785.0,-252.0,533.0,0.0,,,533.0,-24.0,509.0,-8.0,0.0,501.0,501.0,,940.0,0.535,0.535,0.535,1016.0,0.5,0.5,0.5,
09/30/2000,6465.0,,,-4525.0,,1940.0,,-1090.0,,,,850.0,-97.0,97.0,97.0,,0.0,0.0,753.0,-230.0,523.0,0.0,,,523.0,-27.0,496.0,-8.0,0.0,488.0,488.0,,936.0,0.52,0.52,0.52,1012.0,0.49,0.49,0.49,
12/31/2000,6767.0,,,-4830.0,,1937.0,,-1192.0,,,,745.0,-106.0,106.0,106.0,,0.0,0.0,639.0,-194.0,445.0,0.0,,,445.0,-19.0,426.0,-8.0,0.0,418.0,418.0,,938.0,0.445,0.445,0.445,1014.0,0.42,0.42,0.42,
03/31/2001,6671.0,,,-4812.0,,1859.0,,-1082.0,,,,777.0,-107.0,107.0,107.0,,0.0,0.0,670.0,-204.0,466.0,0.0,,,466.0,-26.0,440.0,-8.0,0.0,432.0,432.0,,942.0,0.46,0.46,0.46,1016.0,0.43,0.43,0.43,
06/30/2001,7332.0,,,-5184.0,,2148.0,,-1159.0,,,,989.0,-109.0,109.0,109.0,,0.0,0.0,880.0,-261.0,619.0,0.0,,,619.0,-31.0,588.0,-8.0,0.0,580.0,580.0,,942.0,0.615,0.615,0.615,1014.0,0.58,0.58,0.58,
09/30/2001,6920.0,,,-4923.0,,1997.0,,-1175.0,,,,822.0,-100.0,100.0,100.0,,0.0,0.0,722.0,-129.0,593.0,0.0,,,593.0,-28.0,565.0,-7.0,0.0,558.0,558.0,,940.0,0.595,0.595,0.595,1008.0,0.56,0.56,0.56,
12/31/2001,6974.0,,,-5168.0,,1806.0,,-1161.0,,,,645.0,-110.0,110.0,110.0,,0.0,0.0,535.0,-161.0,374.0,0.0,,,374.0,-29.0,345.0,-8.0,0.0,337.0,337.0,85.0,938.0,0.36,0.36,0.45,1004.0,0.345,0.345,0.43,
03/31/2002,6374.0,,,-4485.0,,1889.0,,-1092.0,,,,797.0,-99.0,99.0,99.0,,0.0,0.0,698.0,-198.0,500.0,0.0,,,500.0,-33.0,467.0,-8.0,0.0,459.0,459.0,-9.75,946.0,0.485,0.485,0.475,1014.0,0.46,0.46,0.45,
06/30/2002,7324.0,,,-5190.0,,2134.0,,-1103.0,,,,1031.0,-96.0,96.0,96.0,,0.0,0.0,935.0,-266.0,669.0,0.0,,,669.0,-45.0,624.0,-8.0,0.0,616.0,616.0,,946.0,0.65,0.65,0.65,1014.0,0.615,0.615,0.615,
09/30/2002,7299.0,,,-5238.0,,2061.0,,-1059.0,,,,1002.0,-93.0,93.0,93.0,,0.0,0.0,909.0,-258.0,651.0,0.0,,,651.0,-39.0,612.0,-8.0,0.0,604.0,604.0,,946.0,0.64,0.64,0.64,1010.0,0.605,0.605,0.605,
12/31/2002,7215.0,,,-5248.0,,1967.0,,-1140.0,,,,827.0,-93.0,93.0,93.0,,0.0,0.0,734.0,-165.0,569.0,0.0,,,569.0,-36.0,533.0,-8.0,0.0,525.0,525.0,,944.0,0.555,0.555,0.555,1008.0,0.53,0.53,0.53,
03/31/2003,6702.0,,,-4866.0,,1836.0,,-999.0,,,,837.0,-91.0,91.0,91.0,,0.0,0.0,746.0,-209.0,537.0,0.0,,,537.0,-35.0,502.0,-8.0,0.0,494.0,494.0,,940.0,0.525,0.525,0.525,1002.0,0.5,0.5,0.5,
06/30/2003,7790.0,,,-5619.0,,2171.0,,-1138.0,,,,1033.0,-93.0,93.0,93.0,,0.0,0.0,940.0,-263.0,677.0,0.0,,,677.0,-45.0,632.0,-8.0,0.0,624.0,624.0,,936.0,0.665,0.665,0.665,1000.0,0.63,0.63,0.63,
09/30/2003,7954.0,,,-5713.0,,2241.0,,-1193.0,,,,1048.0,-95.0,95.0,95.0,,0.0,0.0,953.0,-267.0,686.0,0.0,,,686.0,-47.0,639.0,0.0,0.0,639.0,639.0,,940.0,0.67,0.67,0.67,1008.0,0.635,0.635,0.635,
12/31/2003,8588.0,,,-6310.0,,2278.0,,-1351.0,,,,927.0,-96.0,96.0,96.0,,0.0,0.0,831.0,-202.0,629.0,0.0,,,629.0,-41.0,588.0,0.0,0.0,588.0,588.0,,971.9,0.605,0.605,0.605,1013.78,0.58,0.58,0.58,
03/31/2004,8646.0,,,-6270.0,,2376.0,,-1413.0,,,,963.0,-87.0,87.0,87.0,,0.0,0.0,876.0,-245.0,631.0,0.0,,,631.0,-52.0,579.0,,,579.0,579.0,6.48,996.0,0.555,0.555,0.565,1016.0,0.54,0.54,0.545,
06/30/2004,9622.0,,,-6971.0,,2651.0,,-1401.0,,,,1250.0,-91.0,91.0,91.0,,0.0,0.0,1159.0,-261.0,898.0,0.0,,,898.0,-61.0,837.0,0.0,0.0,837.0,837.0,-70.7,992.0,0.82,0.82,0.75,1010.0,0.81,0.81,0.74,
09/30/2004,9339.0,,,-6740.0,,2599.0,,-1365.0,,,,1234.0,-147.0,89.0,89.0,,0.0,58.0,1087.0,-304.0,783.0,0.0,,,783.0,-61.0,722.0,0.0,0.0,722.0,722.0,41.76,992.0,0.73,0.73,0.77,1010.0,0.715,0.715,0.755,
12/31/2004,9838.0,,,-7189.0,,2649.0,,-1615.0,,,,1034.0,-96.0,,96.0,,0.0,0.0,938.0,-266.0,672.0,0.0,,,672.0,-60.0,612.0,0.0,0.0,612.0,612.0,,990.0,0.62,0.62,0.66,1008.0,0.61,0.61,0.65,
03/31/2005,9407.0,,,-6815.0,,2592.0,,-1504.0,,,,1088.0,-100.0,100.0,100.0,,0.0,0.0,988.0,-277.0,711.0,0.0,,,711.0,-60.0,651.0,0.0,0.0,651.0,651.0,11.7,992.0,0.655,0.655,0.6668,1016.0,0.64,0.64,0.65,
06/30/2005,11152.0,,,-7990.0,,3162.0,,-1673.0,,,,1489.0,-120.0,120.0,120.0,,0.0,0.0,1369.0,-326.0,1043.0,0.0,,,1043.0,-72.0,971.0,0.0,0.0,971.0,971.0,-91.62,995.0,0.98,0.98,0.89,1018.0,0.95,0.95,0.86,
09/30/2005,10905.0,,,-7891.0,,3014.0,,-1630.0,,,,1384.0,-135.0,135.0,135.0,,0.0,0.0,1249.0,-356.0,893.0,0.0,,,893.0,-72.0,821.0,0.0,0.0,821.0,821.0,35.75,992.0,0.83,0.83,0.87,1015.0,0.81,0.81,0.85,
12/31/2005,11261.0,,,-8239.0,,3022.0,,-1801.0,,,,1221.0,-143.0,,143.0,,0.0,0.0,1078.0,-294.0,784.0,95.0,,,689.0,-63.0,626.0,0.0,0.0,626.0,626.0,,987.0,0.64,0.73,0.8,1010.0,0.62,0.71,0.78,
03/31/2006,10615.0,,,-7650.0,,2965.0,,-1683.0,,,,1282.0,-142.0,142.0,142.0,,0.0,0.0,1140.0,-319.0,821.0,0.0,,,821.0,-53.0,768.0,0.0,0.0,768.0,768.0,4.3,984.0,0.78,0.78,0.78,1009.0,0.76,0.76,0.76,
06/30/2006,12264.0,,,-8775.0,,3489.0,,-1748.0,,,,1741.0,-155.0,155.0,155.0,,0.0,0.0,1586.0,-415.0,1171.0,0.0,,,1171.0,-68.0,1103.0,0.0,0.0,1103.0,1103.0,-70.63,983.0,1.12,1.12,1.05,1009.0,1.09,1.09,1.02,
09/30/2006,12163.0,,,-8794.0,,3369.0,,-1722.0,,,,1647.0,-156.0,156.0,156.0,,0.0,0.0,1491.0,-423.0,1068.0,0.0,,,1068.0,-72.0,996.0,0.0,0.0,996.0,996.0,23.63,980.0,1.02,1.02,1.04,1006.0,0.99,0.99,1.01,
12/31/2006,12787.0,,,-9521.0,,3266.0,,-1838.0,,,,1428.0,-153.0,,153.0,,0.0,0.0,1275.0,-337.0,938.0,0.0,,,938.0,-73.0,865.0,0.0,0.0,865.0,865.0,,972.0,0.89,0.89,0.95,998.0,0.87,0.87,0.93,
03/31/2007,12278.0,,,-8996.0,,3282.0,,-1778.0,,,,1504.0,-150.0,150.0,150.0,,0.0,0.0,1354.0,-442.0,912.0,0.0,,,912.0,-93.0,819.0,0.0,0.0,819.0,819.0,69.51,968.0,0.85,0.85,0.92,993.0,0.82,0.82,0.89,
06/30/2007,27808.0,,,-20258.0,,7550.0,,-1910.0,1494.0,,416.0,5640.0,-163.0,,163.0,,0.0,0.0,5477.0,-479.0,4998.0,0.0,,,4998.0,-75.0,4923.0,0.0,0.0,4923.0,4923.0,,966.0,1.19,1.19,1.21,990.0,1.16,1.16,1.18,
09/30/2007,13863.0,,,-10068.0,,3795.0,,-1907.0,,,,1888.0,-179.0,179.0,179.0,,0.0,0.0,1709.0,-434.0,1275.0,0.0,,,1275.0,-78.0,1197.0,0.0,0.0,1197.0,1197.0,-40.3,963.0,1.24,1.24,1.2,989.0,1.21,1.21,1.17,
12/31/2007,14714.0,,,-10729.0,,3985.0,,-2192.0,1711.0,,481.0,1793.0,-174.0,174.0,174.0,,0.0,0.0,1619.0,-481.0,1138.0,0.0,,,1138.0,-78.0,1060.0,0.0,0.0,1060.0,1060.0,,959.0,1.11,1.11,1.17,984.0,1.08,1.08,1.14,
03/31/2008,13958.0,,,-10238.0,,3720.0,0.0,-2046.0,1635.0,,411.0,1674.0,-165.0,,165.0,,,0.0,1509.0,-430.0,1079.0,0.0,,,1079.0,-79.0,1000.0,0.0,0.0,1000.0,1000.0,,952.0,1.05,1.05,1.07,975.0,1.03,1.03,1.05,
06/30/2008,15944.0,,,-11636.0,,4308.0,0.0,-2209.0,1775.0,,434.0,2099.0,-176.0,,176.0,,,0.0,1923.0,-548.0,1375.0,0.0,,,1375.0,-100.0,1275.0,0.0,0.0,1275.0,1275.0,61.1,944.0,1.35,1.35,1.41,966.0,1.32,1.32,1.38,
09/30/2008,15085.0,,,-10935.0,,4150.0,0.0,-2101.0,1665.0,,436.0,2049.0,-177.0,,177.0,,,0.0,1872.0,-502.0,1370.0,0.0,,,1370.0,-101.0,1269.0,0.0,0.0,1269.0,1269.0,,933.0,1.36,1.36,1.4,951.0,1.33,1.33,1.37,
12/31/2008,14770.0,,,-10828.0,,3942.0,0.0,-2139.0,1649.0,,490.0,1803.0,-171.0,,171.0,,,,1632.0,-403.0,1229.0,,,,1229.0,-84.0,1145.0,0.0,0.0,1145.0,1145.0,-65.9,922.0,1.24,1.24,1.18,933.0,1.23,1.23,1.17,
03/31/2009,12249.0,12199.0,50.0,-9107.0,9107.0,3142.0,0.0,-1892.0,1483.0,409.0,0.0,1250.0,-175.0,,175.0,,,0.0,1075.0,-276.0,799.0,0.0,0.0,0.0,799.0,-77.0,722.0,0.0,0.0,722.0,808.12,86.12,918.0,0.79,0.79,0.880305,926.0,0.78,0.78,0.873002,
06/30/2009,13196.0,13060.0,136.0,-9601.0,9601.0,3595.0,0.0,-1958.0,1574.0,384.0,0.0,1637.0,-177.0,,177.0,,,0.0,1460.0,-394.0,1066.0,0.0,0.0,0.0,1066.0,-90.0,976.0,0.0,0.0,976.0,1128.38,152.38,919.0,1.06,1.06,1.227835,929.0,1.05,1.05,1.214026,
09/30/2009,13375.0,13187.0,188.0,-9836.0,9836.0,3539.0,0.0,-1768.0,1424.0,344.0,0.0,1771.0,-170.0,,170.0,,,0.0,1601.0,-456.0,1145.0,0.0,0.0,0.0,1145.0,-87.0,1058.0,0.0,0.0,1058.0,1118.72,60.72,917.0,1.15,1.15,1.219978,929.0,1.14,1.14,1.205361,
12/31/2009,14100.0,14100.0,,-10317.0,10317.0,3783.0,0.0,-1976.0,1555.0,421.0,0.0,1807.0,-183.0,,183.0,,,0.0,1624.0,-455.0,1169.0,0.0,0.0,0.0,1169.0,-96.0,1073.0,0.0,0.0,1073.0,1129.93,56.93,915.0,1.17,1.17,1.234896,931.0,1.15,1.15,1.211149,
03/31/2010,12040.0,12040.0,,-8732.0,8732.0,3308.0,0.0,-1785.0,1424.0,397.0,-36.0,1523.0,-171.0,171.0,186.0,-15.0,,0.0,1352.0,-405.0,947.0,0.0,0.0,0.0,947.0,-81.0,866.0,0.0,0.0,866.0,886.0,20.0,913.6,0.95,0.95,0.96979,929.3,0.93,0.93,0.951522,
06/30/2010,13802.0,13802.0,,-10015.0,10015.0,3787.0,0.0,-1905.0,1491.0,459.0,-45.0,1882.0,-149.0,149.0,192.0,-43.0,,0.0,1733.0,-521.0,1212.0,0.0,0.0,0.0,1212.0,-102.0,1110.0,0.0,0.0,1110.0,1190.0,80.0,910.4,1.22,1.22,1.307118,925.4,1.2,1.2,1.286449,
09/30/2010,13620.0,13620.0,,-9667.0,9667.0,3953.0,0.0,-2025.0,1478.0,433.0,114.0,1928.0,-161.0,161.0,182.0,-21.0,,0.0,1767.0,-468.0,1299.0,0.0,0.0,0.0,1299.0,-101.0,1198.0,0.0,0.0,1198.0,1237.05,39.05,905.6,1.32,1.32,1.366,919.5,1.3,1.3,1.342469,
12/31/2010,14864.0,14864.0,,-11000.0,11000.0,3864.0,0.0,-2011.0,1631.0,457.0,-77.0,1853.0,-167.0,167.0,191.0,-24.0,,0.0,1686.0,-433.0,1253.0,0.0,0.0,0.0,1253.0,-54.0,1199.0,0.0,0.0,1199.0,1232.1,33.1,902.0,1.33,1.33,1.365965,916.0,1.31,1.31,1.346135,
03/31/2011,12680.0,12680.0,,-9164.0,9164.0,3516.0,0.0,-1828.0,1456.0,470.0,-98.0,1688.0,-148.0,148.0,165.0,-17.0,,0.0,1540.0,-486.0,1054.0,-47.0,-47.0,0.0,1101.0,-89.0,1012.0,0.0,0.0,1012.0,985.0,20.0,898.7,1.13,1.08,1.096028,914.9,1.11,1.06,1.08186,
06/30/2011,14469.0,14469.0,,-10468.0,10468.0,4001.0,0.0,-1851.0,1576.0,494.0,-219.0,2150.0,-141.0,141.0,164.0,-23.0,,0.0,2009.0,-612.0,1397.0,-33.0,-33.0,0.0,1430.0,-112.0,1318.0,0.0,0.0,1318.0,1257.692,-27.308,892.9,1.48,1.44,1.408547,909.8,1.45,1.41,1.379985,
09/30/2011,14235.0,14235.0,,-10338.0,10338.0,3897.0,0.0,-1746.0,1512.0,465.0,-231.0,2151.0,-139.0,139.0,166.0,-27.0,,0.0,2012.0,-628.0,1384.0,-37.0,-37.0,0.0,1421.0,-97.0,1324.0,0.0,0.0,1324.0,1315.014,28.014,888.8,1.49,1.45,1.479539,901.9,1.47,1.43,1.461061,
12/31/2011,14377.0,14377.0,,-10411.0,10411.0,3966.0,0.0,-2121.0,1623.0,524.0,-26.0,1845.0,-67.0,67.0,177.0,-110.0,,0.0,1778.0,-403.0,1375.0,-47.0,-47.0,0.0,1422.0,-97.0,1325.0,0.0,0.0,1325.0,1266.35,-11.65,888.0,1.49,1.44,1.42607,901.360544,1.47,1.42,1.407075,
03/31/2012,12416.0,12416.0,,-8930.0,8930.0,3486.0,0.0,-1773.0,1529.0,544.0,-300.0,1713.0,-129.0,129.0,164.0,-35.0,,0.0,1584.0,-320.0,1264.0,859.0,859.0,0.0,405.0,-75.0,330.0,0.0,0.0,330.0,1001.051,-187.949,890.9,0.37,1.33,1.12364,903.9,0.36,1.31,1.102069,
06/30/2012,13807.0,13807.0,,-9934.0,9934.0,3873.0,0.0,-1694.0,1509.0,525.0,-340.0,2179.0,-168.0,168.0,190.0,-22.0,,0.0,2011.0,-453.0,1558.0,136.0,136.0,0.0,1422.0,-94.0,1328.0,0.0,0.0,1328.0,1446.788,-17.212,893.4,1.49,1.64,1.619418,904.8,1.47,1.62,1.600977,
09/30/2012,15042.0,15042.0,,-11003.0,11003.0,4039.0,0.0,-1998.0,1619.0,590.0,-211.0,2041.0,-216.0,216.0,260.0,-44.0,,0.0,1825.0,-484.0,1341.0,-170.0,-170.0,0.0,1511.0,-96.0,1415.0,0.0,0.0,1415.0,1270.548,25.548,896.3,1.58,1.39,1.417548,907.2,1.56,1.37,1.398161,
12/31/2012,16443.0,16443.0,,-12286.0,12286.0,4157.0,0.0,-2406.0,1795.0,712.0,-101.0,1751.0,-260.0,260.0,279.0,-19.0,,0.0,1491.0,-454.0,1037.0,-1113.0,-1113.0,0.0,2150.0,-93.0,2057.0,0.0,0.0,2057.0,1212.494248,268.494248,895.253275,2.29,1.05,1.354359,910.176991,2.26,1.04,1.334991,
03/31/2013,14399.0,14399.0,,-10465.0,10465.0,3934.0,0.0,-1928.0,1627.0,610.0,-309.0,2006.0,-236.0,236.0,255.0,-19.0,,0.0,1770.0,-418.0,1352.0,4.0,4.0,0.0,1348.0,-82.0,1266.0,0.0,0.0,1266.0,1184.1,-85.9,901.3,1.4,1.41,1.313769,913.8,1.39,1.39,1.295997,
06/30/2013,16006.0,16006.0,,-11552.0,11552.0,4454.0,0.0,-1947.0,1737.0,631.0,-421.0,2507.0,-217.0,217.0,272.0,-55.0,,0.0,2290.0,-645.0,1645.0,-8.0,-8.0,0.0,1653.0,-93.0,1560.0,0.0,0.0,1560.0,1528.05,-23.95,901.1,1.73,1.72,1.695761,914.1,1.71,1.7,1.673799,
09/30/2013,15462.0,15462.0,,-11020.0,11020.0,4442.0,0.0,-2076.0,1633.0,630.0,-187.0,2366.0,-226.0,226.0,248.0,-22.0,,0.0,2140.0,-614.0,1526.0,-17.0,-17.0,0.0,1543.0,-111.0,1432.0,0.0,0.0,1432.0,1474.2,59.2,900.8,1.59,1.57,1.636545,915.5,1.57,1.55,1.614664,
12/31/2013,16759.0,16759.0,,-12284.0,12284.0,4475.0,0.0,-2145.0,1721.0,658.0,-234.0,2330.0,-218.0,218.0,259.0,-41.0,,0.0,2112.0,-561.0,1551.0,-14.0,-14.0,0.0,1565.0,-102.0,1463.0,0.0,0.0,1463.0,1531.53,82.53,901.0,1.63,1.61,1.699811,917.0,1.6,1.58,1.67,
03/31/2014,14745.0,14745.0,,-10690.0,10690.0,4055.0,0.0,-1957.0,1596.0,624.0,-263.0,2098.0,-225.0,225.0,243.0,-18.0,,0.0,1873.0,-567.0,1306.0,0.0,0.0,0.0,1306.0,-93.0,1213.0,0.0,0.0,1213.0,1296.0,83.0,900.9,1.35,1.35,1.438561,917.0,1.32,1.32,1.410513,
06/30/2014,17191.0,17191.0,,-12931.0,12931.0,4260.0,0.0,-1905.0,1623.0,666.0,-384.0,2355.0,-206.0,206.0,245.0,-39.0,,0.0,2149.0,-359.0,1790.0,0.0,0.0,0.0,1790.0,-110.0,1680.0,0.0,0.0,1680.0,1315.088,-364.912,900.1,1.87,1.87,1.461047,914.7,1.84,1.84,1.441058,
09/30/2014,14613.0,14613.0,,-10165.0,10165.0,4448.0,0.0,-1836.0,1501.0,640.0,-305.0,2612.0,-185.0,185.0,235.0,-50.0,,0.0,2427.0,-575.0,1852.0,-100.0,-100.0,0.0,1952.0,-98.0,1854.0,0.0,0.0,1854.0,1722.55,-31.45,897.7,2.07,1.96,1.919962,910.2,2.04,1.93,1.895447,
12/31/2014,14980.0,14980.0,,-10731.0,10731.0,4249.0,0.0,-1969.0,1620.0,624.0,-275.0,2280.0,-266.0,266.0,377.0,-111.0,,0.0,2014.0,-634.0,1380.0,-195.0,-195.0,0.0,1575.0,-102.0,1473.0,0.0,0.0,1473.0,1483.95,205.95,895.0,1.65,1.43,1.658045,907.0,1.63,1.41,1.637067,
03/31/2015,13320.0,13320.0,,-9506.0,9506.0,3814.0,0.0,-1632.0,1476.0,564.0,-408.0,2182.0,-217.0,217.0,239.0,-22.0,,0.0,1965.0,-530.0,1435.0,-63.0,-63.0,0.0,1498.0,-72.0,1426.0,0.0,0.0,1426.0,1341.55,-21.45,890.3,1.6,1.53,1.507975,904.2,1.58,1.51,1.486277,
06/30/2015,14690.0,14690.0,,-10472.0,10472.0,4218.0,0.0,-1803.0,1426.0,558.0,-181.0,2415.0,-217.0,217.0,245.0,-28.0,,0.0,2198.0,-626.0,1572.0,-80.0,-80.0,0.0,1652.0,-110.0,1542.0,0.0,0.0,1542.0,1486.0,24.0,877.3,1.76,1.67,1.692693,889.4,1.73,1.64,1.666984,
09/30/2015,13788.0,13788.0,,-9800.0,9800.0,3988.0,0.0,-1686.0,1359.0,546.0,-219.0,2302.0,-184.0,184.0,223.0,-39.0,,0.0,2118.0,-592.0,1526.0,65.0,65.0,0.0,1461.0,-99.0,1362.0,0.0,0.0,1362.0,1479.0,52.0,876.4,1.55,1.63,1.687586,885.0,1.54,1.61,1.668757,
12/31/2015,14300.0,14300.0,,-10653.0,10653.0,3647.0,0.0,-3255.0,1625.0,611.0,1019.0,392.0,-206.0,206.0,238.0,-32.0,,0.0,186.0,-363.0,-177.0,-3532.0,-3532.0,0.0,3355.0,-77.0,3278.0,0.0,0.0,3278.0,874.4,1128.4,850.0,3.86,-0.3,1.026353,850.0,3.86,-0.3,1.026353,
03/31/2016,13357.0,13357.0,,-9654.0,9654.0,3703.0,0.0,-1758.0,1363.0,541.0,-146.0,1945.0,-223.0,223.0,241.0,-18.0,,0.0,1722.0,-469.0,1253.0,-11.0,-11.0,0.0,1264.0,-81.0,1183.0,0.0,0.0,1183.0,1214.0,42.0,825.0,1.43,1.42,1.471515,831.3,1.42,1.41,1.460523,
06/30/2016,14874.0,14874.0,,-10741.0,10741.0,4133.0,0.0,-1796.0,1451.0,588.0,-243.0,2337.0,-225.0,225.0,248.0,-23.0,,0.0,2112.0,-587.0,1525.0,47.0,0.0,47.0,1478.0,-99.0,1379.0,0.0,0.0,1379.0,1338.0,-88.0,825.3,1.67,1.73,1.621229,833.6,1.65,1.71,1.604434,
09/30/2016,14354.0,14354.0,,-10342.0,10342.0,4012.0,0.0,-1761.0,1390.0,582.0,-211.0,2251.0,-225.0,225.0,252.0,-27.0,,0.0,2026.0,-492.0,1534.0,-37.0,-37.0,0.0,1571.0,-91.0,1480.0,0.0,0.0,1480.0,1463.181079,20.181079,822.4,1.8,1.76,1.77916,831.2,1.78,1.74,1.764279,
12/31/2016,14659.0,14659.0,,-10723.0,10723.0,3936.0,0.0,-2297.0,1856.0,626.0,-185.0,1639.0,-366.0,366.0,420.0,-54.0,,0.0,1273.0,-149.0,1124.0,11.0,11.0,0.0,1113.0,-100.0,1013.0,0.0,0.0,1013.0,1262.299696,238.299696,802.0,1.27,1.28,1.57394,810.0,1.25,1.26,1.554198,
03/31/2017,13815.0,13815.0,,-10136.0,10136.0,3679.0,0.0,-1535.0,1537.0,586.0,-588.0,2144.0,-90.0,213.0,236.0,-23.0,,-123.0,2054.0,-586.0,1468.0,0.0,0.0,0.0,1468.0,-82.0,1386.0,0.0,0.0,1386.0,1181.35,-204.65,793.5,1.75,1.75,1.488784,802.3,1.73,1.73,1.474921,
06/30/2017,15280.0,15280.0,,-11100.0,11100.0,4180.0,0.0,-1890.0,1538.0,609.0,-257.0,2290.0,-226.0,226.0,251.0,-25.0,,0.0,2064.0,-532.0,1532.0,0.0,0.0,0.0,1532.0,-93.0,1439.0,0.0,0.0,1439.0,1479.0,40.0,789.0,1.83,1.83,1.874525,798.2,1.8,1.8,1.850113,
09/30/2017,15062.0,15062.0,,-11106.0,11106.0,3956.0,0.0,-1924.0,1582.0,592.0,-250.0,2032.0,-92.0,223.0,258.0,-35.0,,-131.0,1940.0,-506.0,1434.0,0.0,0.0,0.0,1434.0,-104.0,1330.0,0.0,0.0,1330.0,1490.0,160.0,788.3,1.69,1.69,1.890143,797.1,1.67,1.67,1.870728,
12/31/2017,15680.0,15680.0,,-11795.0,11795.0,3885.0,0.0,-2087.0,1720.0,630.0,-263.0,1798.0,-93.0,247.0,272.0,-25.0,,-154.0,1705.0,-1219.0,486.0,0.0,0.0,0.0,486.0,-89.0,397.0,0.0,0.0,397.0,1274.0,877.0,789.0,0.5,0.5,1.614702,798.0,0.5,0.5,1.598997,
03/31/2018,15242.0,15242.0,,-11280.0,11280.0,3962.0,0.0,-2034.0,1711.0,554.0,-231.0,1928.0,-38.0,229.0,256.0,-27.0,,-191.0,1890.0,-522.0,1368.0,0.0,0.0,0.0,1368.0,-71.0,1297.0,0.0,0.0,1297.0,1421.0,124.0,789.9,1.64,1.64,1.798962,800.4,1.62,1.62,1.774923,
06/30/2018,16705.0,16705.0,,-12422.0,12422.0,4283.0,0.0,-1407.0,1759.0,589.0,-941.0,2876.0,-42.0,234.0,258.0,-24.0,,-192.0,2834.0,-695.0,2139.0,0.0,0.0,0.0,2139.0,-91.0,2048.0,0.0,0.0,2048.0,1580.0,-468.0,790.5,2.59,2.59,1.998735,799.6,2.56,2.56,1.974707,
09/30/2018,16510.0,16510.0,,-12536.0,12536.0,3974.0,0.0,-2136.0,1681.0,586.0,-131.0,1838.0,-70.0,258.0,323.0,-65.0,,-188.0,1768.0,-419.0,1349.0,0.0,0.0,0.0,1349.0,-111.0,1238.0,0.0,0.0,1238.0,1800.17,562.17,791.3,1.56,1.56,2.274953,801.8,1.54,1.54,2.241135,
12/31/2018,18044.0,18044.0,,-13747.0,13747.0,4297.0,0.0,-2386.0,1915.0,733.0,-262.0,1911.0,-123.0,317.0,388.0,-71.0,,-194.0,1788.0,-990.0,798.0,0.0,0.0,0.0,798.0,-112.0,686.0,0.0,0.0,686.0,1519.0,833.0,823.0,0.83,0.83,1.845687,831.0,0.83,0.83,1.832407,
03/31/2019,18365.0,18365.0,,-13707.0,13707.0,4658.0,0.0,-2613.0,1997.0,728.0,-112.0,2045.0,-223.0,431.0,450.0,-19.0,,-208.0,1822.0,-397.0,1425.0,0.0,0.0,0.0,1425.0,-79.0,1346.0,0.0,0.0,1346.0,1504.379581,158.379581,853.2,1.58,1.58,1.76322,860.7,1.56,1.56,1.744013,
06/30/2019,11329.0,11329.0,,-8554.0,8554.0,2775.0,0.0,-1389.0,902.0,605.0,-118.0,1386.0,-152.0,352.0,420.0,-68.0,,-200.0,1234.0,-6.0,1228.0,-717.0,-717.0,0.0,1945.0,-45.0,1900.0,0.0,0.0,1900.0,1140.146067,-42.853933,854.4,2.22,1.38,1.334441,863.7,2.2,1.37,1.320383,
09/30/2019,19496.0,19496.0,,-14211.0,14211.0,5285.0,0.0,-2799.0,2104.0,732.0,-37.0,2486.0,-98.0,401.0,435.0,-34.0,,-303.0,2388.0,-1131.0,1257.0,0.0,0.0,0.0,1257.0,-109.0,1148.0,0.0,0.0,1148.0,1908.0,760.0,855.0,1.34,1.34,2.231579,864.0,1.33,1.33,2.20963,
12/31/2019,19551.0,19551.0,,-14734.0,14734.0,4817.0,0.0,-2966.0,2314.0,812.0,-160.0,1851.0,-258.0,419.0,450.0,-31.0,,-161.0,1593.0,-326.0,1267.0,0.0,0.0,0.0,1267.0,-124.0,1143.0,0.0,0.0,1143.0,1676.0,533.0,856.0,1.33,1.33,1.957944,867.0,1.32,1.32,1.934764,
03/31/2020,18451.0,18451.0,,-14095.0,14095.0,4356.0,0.0,-2117.0,1438.0,697.0,-18.0,2239.0,17.0,259.0,,,,-276.0,2256.0,-440.0,1816.0,0.0,0.0,0.0,1816.0,-56.0,1760.0,0.0,0.0,1760.0,1760.0,0.0,1506.7,1.17,1.17,1.17,1517.6,1.16,1.16,1.16,
06/30/2020,14061.0,14061.0,,-12214.0,12214.0,1847.0,0.0,-5607.0,1811.0,695.0,3101.0,-3760.0,-98.0,335.0,346.0,-11.0,,-237.0,-3858.0,38.0,-3820.0,-9.0,-9.0,0.0,-3811.0,-24.0,-3835.0,0.0,0.0,-3835.0,-2734.589156,1109.410844,1501.3,-2.55,-2.56,-1.821481,1501.3,-2.55,-2.56,-1.821481,
09/30/2020,14972.923,,,,,3247.77672793,,,,,,1015.8,,,,,,,710.667,,429.143,,,,,,429.143,,,429.143,668.25,,,0.28,0.28,0.482,,0.28,0.28,0.482,
12/31/2020,16102.077,,,,,4024.55312538,,,,,,1552.2,,,,,,,1166.667,,854.857,,,,,,854.857,,,854.857,1029.875,,,0.56,0.56,0.733,,0.56,0.56,0.733,
