Date,Revenue,Sales & Services Revenue,Other Revenue,Cost of Revenue,Cost of Goods & Services,Gross Profit,Other Operating Income,Operating Expenses,"Selling, General & Admin",General & Administrative,Depreciation & Amortization,Other Operating Expense,Operating Income (Loss),Non-Operating (Income) Loss,"Interest Expense, Net",Interest Expense,Interest Income,Foreign Exch (Gain) Loss,(Income) Loss from Affiliates,Other Non-Op (Income) Loss,Pretax Income,Income Tax Expense (Benefit),Income (Loss) from Cont Ops,Net Extraordinary Losses (Gains),Discontinued Operations,XO & Accounting Changes,Income (Loss) Incl. MI,Minority Interest,"Net Income, GAAP",Preferred Dividends,Other Adjustments,"Net Income Avail to Common, GAAP","Net Income Avail to Common, Adj",Net Abnormal Losses (Gains),Basic Weighted Avg Shares,"Basic EPS, GAAP",Basic EPS from Cont Ops,"Basic EPS from Cont Ops, Adjusted",Diluted Weighted Avg Shares,"Diluted EPS, GAAP",Diluted EPS from Cont Ops,"Diluted EPS from Cont Ops, Adjusted",Source: Bloomberg
06/30/1991,14.536999,,,,,,,,,,,,,,,,,,,,,,,,,,,,0.551,,,0.551,0.551,,674.495972,0.000703,0.000703,,674.495972,0.000703,0.000703,0.000703,
09/29/1991,16.07,,,,,,,,,,,,,,,,,,,,,,,,,,,,0.388,,,0.388,0.388,,662.911987,0.000625,0.000625,,662.911987,0.000625,0.000625,0.000625,
12/31/1991,22.482998,,,,,,,,,,,,,,,,,,,,,,,,,,,,1.589,,,1.589,1.589,,694.271973,0.002266,0.002266,,694.271973,0.002266,0.002266,0.002266,
03/29/1992,20.276999,,,,,,,,,,,,,,,,,,,,,,,,,,,,0.556,,,0.556,0.556,,787.199951,0.000703,0.000703,,787.199951,0.000703,0.000703,0.000703,
06/28/1992,23.462999,,,,,,,,,,,,,,,,,,,,,,,,,,,,0.903,,,0.903,0.903,,790.848022,0.001016,0.001016,,790.848022,0.001016,0.001016,0.001016,
09/27/1992,26.855007,,,,,,,,,,,,,,,,,,,,,,,,,,,,1.056,,,1.056,1.056,,911.935913,0.001016,0.001016,,911.935913,0.001016,0.001016,0.001016,
12/27/1992,41.737999,,,-18.761,,22.976999,,-19.617001,,,,,3.36,1.864,,,,0.0,,-1.864,5.224,-1.972,3.252,0.0,,,3.252,0.0,3.252,-0.101,,3.151,3.151,,919.679993,0.003437,0.003437,,919.679993,0.003437,0.003437,0.003437,
03/28/1993,36.708,,,-17.076,,19.632,,-17.253,,,,,2.379,-0.641,,,,0.0,,0.641,1.738,-0.739,0.999,0.0,,,0.999,0.0,0.999,-0.101,,0.898,0.898,,922.624023,0.000937,0.000937,,922.624023,0.000937,0.000937,0.000937,
06/27/1993,43.983002,,,-20.212999,,23.770002,,-20.672001,,,,,3.098,-0.156,,,,0.0,,0.156,2.942,-1.106,1.836,0.0,,,1.836,0.0,1.836,-0.102,,1.734,1.734,,928.192017,0.001875,0.001875,,928.192017,0.001875,0.001875,0.001875,
10/03/1993,54.112,,,-24.424,,29.688,,-25.433001,,,,,4.255,-0.633,,,,0.0,,0.633,3.622,-1.427,2.195,0.0,,,2.195,0.0,2.195,-0.101,,2.094,2.094,,930.94397,0.002188,0.002188,,930.94397,0.002188,0.002188,0.002188,
01/02/1994,70.528,,,-32.480999,,38.047001,,-30.021,,,,,8.026,-0.212,,0.969,,0.0,,-0.757,7.814,-3.079,4.735,0.0,,,4.735,0.0,4.735,-0.68,,4.055,4.055,,958.176025,0.005,0.005,,958.176025,0.005,0.005,0.005,
04/03/1994,61.09,,,-27.978001,,33.112,,-30.764999,,,,,2.347,-0.273,,0.983,,0.0,,-0.71,2.074,-0.819,1.255,0.0,,,1.255,0.0,1.255,-0.67,,0.585,0.585,,959.200012,0.00125,0.00125,,959.200012,0.00125,0.00125,0.00125,
07/03/1994,72.969002,,,-32.678001,,40.291,,-34.676998,,,,,5.614,-4.282,,0.964,,0.0,,3.318,1.332,-1.121,0.211,0.0,,,0.211,0.0,0.211,-0.068,,0.143,0.143,,962.559998,0.000313,0.000313,,962.559998,0.000313,0.000313,0.000313,
10/02/1994,80.335999,,,-34.131001,,46.204998,,-38.894001,,,,,7.311,-0.777,,0.891,,0.0,,-0.114,6.534,-2.529,4.005,0.0,,,4.005,0.0,4.005,-0.67,,3.335,3.335,,963.039978,0.004062,0.004062,,963.039978,0.004062,0.004062,0.004062,
01/01/1995,115.544998,,,-50.715,,64.829998,,-50.666,,,,,14.164,0.036,,0.949,,0.0,,-0.985,14.2,-5.58,8.62,0.0,,,8.62,0.0,8.62,0.0,,8.62,8.62,,1063.807983,0.008125,0.008125,,1063.807983,0.008125,0.008125,0.008125,
04/02/1995,101.112999,,,-44.147999,,56.965,,-49.889,,,,,7.076,1.445,,0.926,,0.0,,-2.371,8.521,-3.391,5.13,0.0,,,5.13,0.0,5.13,0.0,,5.13,5.13,,1157.18396,0.004375,0.004375,,1157.18396,0.004375,0.004375,0.004375,
07/02/1995,119.174004,,,-52.021,,67.153004,,-56.846001,,,,,10.307,1.01,,0.907,,0.0,,-1.917,11.317,-4.472,6.845,0.0,,,6.845,0.0,6.845,0.0,,6.845,6.845,,1174.560059,0.005937,0.005937,,1174.560059,0.005937,0.005937,0.005937,
10/01/1995,129.380997,,,-57.910999,,71.469997,,-62.901001,,,,,8.569,0.536,,0.983,,0.0,,-1.519,9.105,-3.598,5.507,0.0,,,5.507,0.0,5.507,0.0,,5.507,5.507,,1178.432007,0.004688,0.004688,,1178.432007,0.004688,0.004688,0.004688,
12/31/1995,169.537003,,,-86.663002,,82.874001,,-67.07,,,,,15.804,0.008,,2.25,,0.0,,-2.258,15.812,-6.246,9.566,0.0,,,9.566,0.0,9.566,0.0,,9.566,9.566,,1184.927979,0.008125,0.008125,0.008125,1184.927979,0.008125,0.008125,0.008125,
03/31/1996,153.608994,,,-76.938004,,76.67099,,-69.115997,,,,,7.555,9.349,,2.709,,0.0,,-12.058,16.903999,-6.513,10.391,0.0,,,10.390999,0.0,10.391,0.0,,10.391,10.391,,1190.864014,0.00875,0.00875,0.00875,1190.864014,0.00875,0.00875,0.00875,
06/30/1996,176.949997,,,-83.164001,,93.785995,,-79.166,,,,,14.62,0.869,,1.96,,0.0,,-2.829,15.489,-6.043,9.446,0.0,,,9.446,0.0,9.446,0.0,,9.446,9.446,,1263.567993,0.0075,0.0075,0.0075,1263.567993,0.0075,0.0075,0.0075,
09/29/1996,196.384995,,,-89.035004,,107.349991,,-88.335999,,,,,19.014,1.282,,1.82,,0.0,,-3.102,20.296,-7.571,12.725,0.0,,,12.725,0.0,12.725,0.0,,12.725,12.725,,1296.816048,0.01,0.01,0.01,1296.816048,0.01,0.01,0.01,
12/29/1996,239.141998,,,-115.558998,,123.583,,-102.276001,,,,,21.306999,2.091,,1.804,,0.0,,-3.895,23.397999,-9.008,14.39,0.0,,,14.389999,0.0,14.39,0.0,0.0,14.39,14.39,,1243.599976,0.011875,0.011875,0.011875,1415.024048,0.01125,0.01125,0.01125,
03/30/1997,214.914993,,,-99.149002,,115.765991,,-101.774002,,,,,13.992,1.686,,1.834,,0.0,,-3.52,15.678,-6.035,9.643,0.0,,,9.643,0.0,9.643,0.0,0.0,9.643,9.643,,1250.031982,0.0075,0.0075,0.0075,1414.447998,0.0075,0.0075,0.0075,
06/29/1997,242.19,,,-102.625,,139.565,,-116.587,,,,,22.978,0.789,-0.789,1.816,-2.605,,,0.0,23.767,-9.151,14.616,,,,14.616,,14.616,,,14.616,14.616,,1301.008,0.01125,0.01125,0.01125,1425.024,0.01125,0.01125,0.01125,
09/28/1997,277.091003,,,-118.399002,,158.692001,,-130.360001,,,,,28.332001,0.552,,1.821,,0.0,,-2.373,28.884001,-11.905,16.979,0.0,,,16.979001,0.0,16.979,0.0,0.0,16.979,16.979,,1316.287968,0.013125,0.013125,0.013125,1316.287968,0.013125,0.013125,0.013125,
12/28/1997,321.325,,,-146.235,,175.09,,-141.609,,,,,33.481,1.312,-1.312,0.845,-2.157,,,0.0,34.793,-13.838,20.955,,,,20.955,,20.955,,,20.955,20.955,,1359.648,0.015625,0.015625,0.015625,1455.392,0.014375,0.014375,0.014375,
03/29/1998,295.243,,,-133.501,,161.742,,-140.402,,,,,21.34,2.094,-2.094,0.235,-2.329,,,0.0,23.434,-9.472,13.962,,,,13.962,,13.962,,,13.962,13.962,,2834.528,0.005,0.005,0.005,2926.064,0.005,0.005,0.005,
06/28/1998,334.429,,,-145.081,,189.348,,-163.471,,,,,25.877,-6.868,-2.062,0.114,-2.176,0.0,,8.93,19.009,-11.11,7.899,0.0,,,7.899,0.0,7.899,0.0,0.0,7.899,7.899,8.93,1425.104,0.005625,0.005625,0.011875,1481.184,0.005625,0.005625,0.011875,
09/27/1998,357.704987,,,-153.666,,204.038986,,-166.591003,,,,,37.448002,1.666,,0.187,,0.0,,-1.853,39.114002,-13.558,25.556,0.0,,,25.556002,0.0,25.556,0.0,,25.556,25.556,,1433.215942,0.018125,0.018125,0.018125,1478.384033,0.0175,0.0175,0.0175,
12/27/1998,405.638,,,-186.3,,219.338,,-178.161,,,,,41.177,1.941,-1.941,0.183,-2.124,0.0,,0.0,43.118,-16.385,26.733,0.0,,,26.733,0.0,26.733,0.0,,26.733,26.733,,1440.336,0.01875,0.01875,0.01875,1483.728,0.018125,0.018125,0.018125,
03/28/1999,375.822,,,-169.957,,205.865,,-179.098,,,,,26.767,2.197,-2.197,0.234,-2.431,0.0,,0.0,28.964,-11.007,17.957,0.0,,,17.957,0.0,17.957,0.0,,17.957,17.957,,1450.96,0.0125,0.0125,0.0125,1506.792,0.0125,0.0125,0.0125,
06/27/1999,423.792,,,-185.02,,238.772,,-200.558,,,,,38.214,1.52,-1.52,0.434,-1.954,0.0,,0.0,39.734,-15.099,24.635,0.0,,,24.635,0.0,24.635,0.0,0.0,24.635,24.635,,1462.248,0.01625,0.01625,0.01625,1530.688,0.01625,0.01625,0.01625,
10/03/1999,474.893,,,-199.733,,275.16,,-224.607,,,,,50.553,1.656979,7.021,0.512,,0.0,,-8.677979,52.209979,-19.842,32.368,0.0,,,32.367979,0.0,32.368,0.0,,32.368,32.368,,2185.568,0.00375,0.014375,0.014875,2253.648,0.0025,0.0025,0.0025,
01/02/2000,529.332,,,-240.714,,288.618,,-237.38,,,,,51.238,4.809,-1.414,,-1.414,,,-3.395,56.047,-21.298,34.749,,,,34.749,,34.749,,,34.749,34.749,,1467.416,0.02375,0.02375,0.02375,1514.72,0.0225,0.0225,0.0225,
04/02/2000,506.668,,,-225.24,,281.428,,-250.042,,,,,31.386,6.063,-2.242,,,,,-3.821,37.449,-14.043,23.406,,,,23.406,,23.406,0.0,,23.406,23.406,,2956.56,0.0075,0.0075,0.0075,3078.68,0.0075,0.0075,0.0075,
07/02/2000,557.516,,,-243.066,,314.45,,-264.483,,,,,49.967,5.894,-1.555,,,,,-4.339,55.861,-20.948,34.913,,,,34.913,,34.913,0.0,,34.913,34.913,,2984.312,0.01125,0.01125,0.01125,3102.096,0.01125,0.01125,0.01125,
10/01/2000,580.022,,,-248.843,,331.179,,-279.034,,,,,52.145,-40.932,-1.899,0.0,,0.0,,42.831,11.213,-9.717,1.496,0.0,,,1.496,0.0,1.496,0.0,0.0,1.496,1.496,,1501.192,0.001,0.00125,0.001,1570.864,0.00125,0.00125,0.00125,
12/31/2000,667.387,,,-292.22,,375.167,,-303.915,,,,,71.252,6.518,-1.713,,,,,-4.805,77.77,-28.775,48.995,,,,48.995,,48.995,0.0,,48.995,48.995,,3018.32,0.01625,0.01625,0.01625,3149.28,0.015,0.015,0.015,
04/01/2001,629.288,,,-271.178,,358.11,,-313.423,,,,,44.687,7.727,-1.56,0.0,,0.0,,-6.167,52.414,-20.204,32.21,0.0,,,32.21,0.0,32.21,0.0,0.0,32.21,32.21,,3042.904,0.01,0.01,0.01,3165.608,0.01,0.01,0.01,
07/01/2001,662.769,,,-271.35,,391.419,,-326.844,,,,,64.575,9.642,-2.91,0.0,,0.0,,-6.732,74.217,-27.46,46.757,0.0,,,46.757,0.0,46.757,0.0,0.0,46.757,46.757,,1527.776,0.03,0.03,0.03,1577.928,0.03,0.03,0.03,
09/30/2001,689.536,,,-278.037,,411.499,,-339.534,,,,,71.965,12.556,-4.585,0.0,,0.0,,-7.971,84.521,-31.273,53.248,0.0,,,53.248,0.0,53.248,0.0,0.0,53.248,53.248,,1555.968,0.005,0.005,0.005,1596.212,0.005,0.005,0.005,
12/30/2001,805.335,,,-337.029,,468.306,,-382.245,,,,,86.061,22.439,-2.493,0.0,,0.0,,-19.946,108.5,-40.145,68.355,0.0,,,68.355,0.0,68.355,0.0,0.0,68.355,68.355,,1523.228,0.045,0.045,0.045,1567.996,0.0425,0.0425,0.0425,
03/31/2002,783.217,,,-320.081,,463.136,,-421.815,,,,,41.321,9.24,-2.135,,,,,-7.105,50.561,-18.838,31.723,,,,31.723,,31.723,0.0,,31.723,31.723,,1537.384,0.02,0.02,0.02,1591.444,0.02,0.02,0.02,
06/30/2002,835.158,,,-337.401,,497.757,,-418.584,,,,,79.173,9.486,-1.456,,,,,-8.03,88.659,-32.991,55.668,,,,55.668,,55.668,0.0,,55.668,55.668,,1552.62,0.035,0.035,0.035,1604.764,0.035,0.035,0.035,
09/29/2002,865.198,,,-355.5,,509.698,,-433.36,,,,,76.338,14.941,-3.216,,,,,-11.725,91.279,-34.339,56.94,,,,56.94,,56.94,0.0,,56.94,56.94,,1555.968,0.0375,0.0375,0.0375,1596.212,0.0375,0.0375,0.0375,
12/29/2002,1003.526,,,-419.161,,584.365,,-470.131,,,,,114.234,11.097,-4.496,,,,,-6.601,125.331,-46.968,78.363,,,,78.363,,78.363,0.0,,78.363,78.363,,1554.608,0.05,0.05,0.05,1596.872,0.05,0.05,0.05,
03/30/2003,954.206,,,-392.098,,562.108,,-483.187,,,,,78.921,7.812,-1.239,,,,,-6.573,86.733,-34.702,52.031,,,,52.031,,52.031,0.0,,52.031,52.031,,1558.852,0.0325,0.0325,0.0325,1598.488,0.0325,0.0325,0.0325,
06/29/2003,1036.776,,,-425.709,,611.067,,-512.87,,,,,98.197,12.936,-5.115,,,,,-7.821,111.133,-42.777,68.356,,,,68.356,,68.356,0.0,,68.356,68.356,,1568.288,0.0425,0.0425,0.0425,1610.656,0.0425,0.0425,0.0425,
09/28/2003,1081.014,,,-448.959991,,632.054009,,-537.088989,,,,,94.964996,18.173,-0.772,,,0.0,,-17.401,113.137996,-43.542,69.596001,0.0,,,69.595996,0.0,69.596001,0.0,0.0,69.596001,69.596001,,1570.300048,0.045,0.045,0.045,1618.0,0.0425,0.0425,0.0425,
12/28/2003,1281.191,,,-528.709,,752.482,,-587.865,,,,,164.617,13.252,-3.208,,,0.0,,-10.044,177.869,-67.734,110.135,0.0,,,110.135,0.0,110.135,0.0,0.0,110.135,110.135,,1580.228,0.07,0.07,0.07,1630.58,0.0675,0.0675,0.0675,
03/28/2004,1241.068,,,-508.268,,732.8,,-620.985,,,,,111.815,15.629,-3.685,,,0.0,,-11.944,127.444,-48.559,78.885,0.0,,,78.885,0.0,78.885,0.0,0.0,78.885,78.885,,1590.228,0.05,0.05,0.05,1646.236,0.0475,0.0475,0.0475,
06/27/2004,1318.691,,,-542.148,,776.543,,-636.195,,,,,140.348,17.883,-4.424,,,,,-13.459,158.231,-60.127,98.104,,,,98.104,,98.104,0.0,,98.104,98.104,,1591.768,0.0625,0.0625,0.0625,1649.156,0.06,0.06,0.06,
10/03/2004,1453.297,,,-614.288,,839.009,,-707.91,,,,,131.099,26.743,7.293,0.4,,0.0,,-34.036,157.842,-55.469,102.373,0.0,,,102.373,0.0,102.373,0.0,0.0,102.373,102.373,,1592.552,0.065,0.065,0.065,1657.468,0.065,0.065,0.065,
01/02/2005,1589.544,,,-647.755,,941.789,,-727.445,,,,,214.344,17.969,-5.122,,,0.0,,-12.847,232.313,-87.603,144.71,0.0,,,144.71,0.0,144.71,0.0,0.0,144.71,144.71,,1602.096,0.09,0.09,0.09,1661.308,0.085,0.085,0.085,
04/03/2005,1518.716,,,-628.74,,889.976,,-748.992,,,,,140.984,20.308,-4.014,,,0.0,,-16.294,161.292,-60.831,100.461,0.0,,,100.461,0.0,100.461,0.0,0.0,100.461,100.461,,1603.852,0.065,0.065,0.065,1656.124,0.06,0.06,0.06,
07/03/2005,1601.799,,,-649.831,,951.968,,-770.472,,,,,181.496,21.309,-3.235,,,0.0,,-18.074,202.805,-77.292,125.513,0.0,,,125.513,0.0,125.513,,0.0,125.513,125.513,,3134.528,0.04,0.04,0.04,3232.148,0.04,0.04,0.04,
10/02/2005,1659.241,,,-678.886,,980.355,,-813.309,,,,,167.046,32.927,,,,0.0,,-32.927,199.973,-76.251,123.722,0.0,,,123.722,0.0,123.722,0.0,0.0,123.722,123.722,,1568.392,0.08,0.08,0.08,1568.392,0.08,0.08,0.08,
01/01/2006,1934.092,,,-778.038,,1156.054,,-895.927,,,,,260.127,20.068,-0.348,2.6,,,,-19.72,280.195,-106.039,174.156,0.0,,,174.156,0.0,174.156,0.0,0.0,174.156,174.156,,1534.042,0.115,0.115,0.115,1585.898,0.11,0.11,0.11,
04/02/2006,1885.822,,,-760.873,,1124.949,,-943.04,,,,,181.909,23.048,-3.063,,,0.0,,-19.985,204.957,-77.641,127.316,0.0,,,127.316,0.0,127.316,0.0,0.0,127.316,127.316,,1534.89,0.085,0.085,0.085,1589.226,0.08,0.08,0.08,
07/02/2006,1963.673,,,-804.889,,1158.784,,-969.877,,,,,188.907,30.694,-5.028,,,,,-25.666,219.601,-74.103,145.498,,,,145.498,,145.498,,,145.498,145.498,,1539.65,0.095,0.095,0.09,1596.518,0.09,0.09,0.085,
10/01/2006,2003.355,,,-834.991,,1168.364,,-999.292,,,,,169.072,32.418,,,,0.0,,-32.418,201.49,-66.987,134.503,17.214,,,117.289,0.0,117.289,0.0,0.0,117.289,117.289,,1568.392,0.075,0.085,0.085,1568.392,0.075,0.085,0.085,
12/31/2006,2355.723,,,-984.823,,1370.9,,-1069.929,,,,,300.971,25.192,-6.439,7.0,-13.439,,-18.753,0.0,326.163,-121.211,204.952,,,,204.952,,204.952,0.0,0.0,204.952,204.952,,1516.176,0.135,0.135,0.135,1565.528,0.13,0.13,0.13,
04/01/2007,2255.594,,,-944.746,,1310.848,,-1096.135,,,,,214.713,25.669,0.592,6.8,,0.0,,-26.261,240.382,-89.542,150.84,,,,150.84,,150.84,,,150.84,150.84,,1504.994,0.1,0.1,0.1,1548.11,0.095,0.095,0.095,
07/01/2007,2359.245,,,-1003.881,,1355.364,,-1134.653,,,,,220.711,22.262,2.241,10.9,,,,-24.503,242.973,-84.63,158.343,0.0,,,158.343,0.0,158.343,0.0,,158.343,158.343,,1488.946,0.105,0.105,0.105,1527.118,0.105,0.105,0.105,
09/30/2007,2440.935,,,-1065.674,,1375.261,,-1165.717,,,,,209.544,37.302,13.5,13.5,,0.0,,-50.802,246.846,-88.343,158.503,0.0,,,158.503,0.0,158.503,0.0,0.0,158.503,158.503,,1487.988,0.11,0.11,0.11,1519.972,0.105,0.105,0.105,
12/30/2007,2767.6,,,-1186.0,,1581.6,,-1272.1,,,,,309.5,17.2,-10.7,17.1,-27.8,,-23.6,17.1,326.7,-118.6,208.1,,,,208.1,,208.1,,0.0,208.1,208.1,,1463.2,0.14,0.14,0.14,1489.8,0.14,0.14,0.14,
03/30/2008,2526.0,,,-1106.7,,1419.3,,-1265.6,,,,,153.7,13.5,-0.2,11.2,,,,-13.3,167.2,-58.5,108.7,,,,108.7,,108.7,,0.0,108.7,108.7,,1457.4,0.075,0.075,0.075,1478.6,0.075,0.075,0.075,
06/29/2008,2574.0,,,-1163.1,,1410.9,,-1293.8,,,,,117.1,-150.3,-0.9,12.5,,,,151.2,-33.2,26.5,-6.7,,,,-6.7,,-6.7,,0.0,-6.7,-6.7,,1463.4,-0.005,-0.005,0.065,1463.4,-0.005,-0.005,0.065,
09/28/2008,2515.4,,,-1189.5,,1325.9,,-1249.0,,,,,76.9,-78.1,2.8,12.6,-9.8,,-36.5,111.8,-1.2,6.6,5.4,,,,5.4,,5.4,,0.0,5.4,5.4,,1483.8,0.005,0.005,0.05,1483.8,0.005,0.005,0.05,
12/28/2008,2615.2,2280.9,334.3,-2133.4,2133.4,481.8,0.0,-364.1,105.2,105.2,134.3,124.6,117.7,-19.0,,13.0,,,,6.0,98.7,-34.0,64.7,0.0,0.0,0.0,64.7,-0.4,64.3,0.0,0.0,64.3,113.375,49.075,1472.6,0.045,0.045,0.07699,1478.2,0.045,0.045,0.07699,
03/29/2009,2333.3,2050.5,282.8,-1863.1,1863.1,470.2,0.0,-429.3,104.3,104.3,134.1,190.9,40.9,-5.9,,8.9,,,,-3.0,35.0,-9.9,25.1,0.0,0.0,0.0,25.1,-0.1,25.0,0.0,0.0,25.0,123.865,98.865,1476.0,0.015,0.015,0.083919,1479.8,0.015,0.015,0.081809,
06/28/2009,2403.9,2102.9,301.0,-1864.8,1864.8,539.1,0.0,-335.1,110.3,110.3,133.7,91.1,204.0,10.0,,8.6,,,,-18.6,214.0,-65.8,148.2,0.0,0.0,0.0,148.2,3.3,151.5,0.0,0.0,151.5,192.04,40.54,1478.8,0.1,0.1,0.129862,1493.4,0.1,0.1,0.127146,
09/27/2009,2422.2,2118.0,304.2,-1888.7,1888.7,533.5,0.0,-334.1,133.2,133.2,132.6,68.3,199.4,9.3,,8.6,,,,-17.9,208.7,-58.7,150.0,0.0,0.0,0.0,150.0,0.0,150.0,0.0,0.0,150.0,184.58,34.58,1515.8,0.1,0.1,0.121771,1515.8,0.1,0.1,0.121771,
12/27/2009,2722.7,2396.6,326.1,-2041.8,2041.8,680.9,0.0,-328.3,136.9,136.9,130.6,60.8,352.6,16.9,,8.2,,,,-25.1,369.5,-126.0,243.5,0.0,0.0,0.0,243.5,-2.0,241.5,0.0,0.0,241.5,253.395,11.895,1488.4,0.16,0.16,0.170246,1525.8,0.16,0.16,0.167796,
03/28/2010,2534.7,2224.3,310.4,-1892.1,1892.1,642.6,0.0,-302.8,139.0,139.0,128.5,35.3,339.8,-3.3,,8.0,,,,-4.7,336.5,-118.7,217.8,0.0,0.0,0.0,217.8,-0.5,217.3,0.0,0.0,217.3,222.435,5.135,1494.2,0.145,0.145,0.148866,1533.8,0.14,0.14,0.143348,
06/27/2010,2612.0,2281.4,330.6,-1965.1,1965.1,646.9,0.0,-319.2,132.7,132.7,125.2,61.3,327.7,-9.3,,7.9,,,,1.4,318.4,-109.9,208.5,0.0,0.0,0.0,208.5,-0.6,207.9,0.0,0.0,207.9,221.16,13.26,1492.2,0.14,0.14,0.14821,1533.4,0.135,0.135,0.143648,
10/03/2010,2838.0,2603.7,234.3,-2111.0,2111.0,727.0,0.0,-327.7,160.9,160.9,126.1,40.7,399.3,13.3,,8.6,,,,-21.9,412.6,-134.1,278.5,0.0,0.0,0.0,278.5,0.4,278.9,0.0,0.0,278.9,283.06,4.16,1521.8,0.185,0.185,0.186003,1521.8,0.185,0.185,0.186003,
01/02/2011,2950.8,2572.0,378.8,-2106.5,2106.5,844.3,0.0,-342.4,156.6,156.6,127.8,58.0,501.9,6.5,,7.9,,,,-14.4,508.4,-160.8,347.6,0.0,0.0,0.0,347.6,-1.0,346.6,0.0,0.0,346.6,346.6,0.0,1491.4,0.23,0.23,0.23,1533.4,0.225,0.225,0.225,
04/03/2011,2785.7,2547.9,237.8,-2038.4,2038.4,747.3,0.0,-371.2,181.6,181.6,129.0,60.6,376.1,12.8,,7.1,,,,-19.9,388.9,-126.5,262.4,0.0,0.0,0.0,262.4,-0.8,261.6,0.0,0.0,261.6,261.6,0.0,1500.6,0.175,0.175,0.175,1543.6,0.17,0.17,0.17,
07/03/2011,2932.2,2683.5,248.7,-2154.6,2154.6,777.6,0.0,-375.4,190.2,190.2,129.5,55.7,402.2,7.5,,8.5,,,,-16.0,409.7,-129.9,279.8,0.0,0.0,0.0,279.8,-0.7,279.1,0.0,0.0,279.1,279.1,0.0,1501.0,0.185,0.185,0.185,1543.8,0.18,0.18,0.18,
10/02/2011,3031.9,2765.1,266.8,-2237.4,2237.4,794.5,0.0,-346.2,192.3,192.3,137.1,16.8,448.3,55.9,,9.8,,,,-65.7,504.2,-145.9,358.3,0.0,0.0,0.0,358.3,0.2,358.5,0.0,0.0,358.5,289.335,-69.165,1537.0,0.235,0.235,0.188247,1537.0,0.235,0.235,0.188247,
01/01/2012,3435.9,3129.3,306.6,-2491.8,2491.8,944.1,0.0,-388.1,191.5,191.5,134.8,61.8,556.0,14.6,,8.6,,,,-23.2,570.6,-188.4,382.2,0.0,0.0,0.0,382.2,-0.1,382.1,0.0,0.0,382.1,382.1,0.0,1495.8,0.255,0.255,0.255,1537.0,0.25,0.25,0.25,
04/01/2012,3195.9,2905.6,290.3,-2368.4,2368.4,827.5,0.0,-397.1,206.9,206.9,137.1,53.1,430.4,26.5,,8.8,,,,-35.3,456.9,-146.8,310.1,0.0,0.0,0.0,310.1,-0.2,309.9,0.0,0.0,309.9,309.9,0.0,1509.2,0.205,0.205,0.205,1546.6,0.2,0.2,0.2,
07/01/2012,3303.6,2995.4,308.2,-2422.1,2422.1,881.5,0.0,-389.9,199.0,199.0,136.7,54.2,491.6,0.8,,8.9,,,,-9.7,492.4,-159.1,333.3,0.0,0.0,0.0,333.3,-0.2,333.1,0.0,0.0,333.1,333.1,0.0,1517.8,0.22,0.22,0.22,1553.6,0.215,0.215,0.215,
09/30/2012,3364.2,3058.9,305.3,-2449.1,2449.1,915.1,0.0,-395.5,203.8,203.8,141.7,50.0,519.6,19.9,,6.4,,,,-26.3,539.5,-180.2,359.3,0.0,0.0,0.0,359.3,-0.3,359.0,0.0,0.0,359.0,359.0,0.0,1547.0,0.23,0.23,0.23,1547.0,0.23,0.23,0.23,
12/30/2012,3799.6,3449.4,350.2,-2710.2,2710.2,1089.4,0.0,-458.8,231.9,231.9,148.9,78.0,630.6,-9.5,,6.6,,,,2.9,621.1,-188.7,432.4,0.0,0.0,0.0,432.4,-0.2,432.2,0.0,0.0,432.2,432.2,0.0,1492.2,0.29,0.29,0.29,1522.6,0.285,0.285,0.285,
03/31/2013,3549.6,3227.5,322.1,-2568.8,2568.8,980.8,0.0,-436.7,230.3,230.3,153.1,53.3,544.1,44.7,,6.1,,,,-50.8,588.8,-198.1,390.7,0.0,0.0,0.0,390.7,-0.3,390.4,0.0,0.0,390.4,367.52,-22.88,1498.2,0.26,0.26,0.245308,1522.6,0.255,0.255,0.239973,
06/30/2013,3735.3,3393.3,342.0,-2681.7,2681.7,1053.6,0.0,-438.4,249.6,249.6,153.3,35.5,615.2,-2.8,,6.3,,,,-3.5,612.4,-194.6,417.8,0.0,0.0,0.0,417.8,0.0,417.8,0.0,0.0,417.8,417.8,0.0,1499.4,0.28,0.28,0.28,1523.8,0.275,0.275,0.275,
09/29/2013,3788.8,3442.5,346.3,-2707.6,2707.6,1081.2,0.0,-3196.4,226.1,226.1,166.1,2804.2,-2115.2,63.0,,9.1,,,,-72.1,-2052.2,820.1,-1232.1,0.0,0.0,0.0,-1232.1,0.1,-1232.0,0.0,0.0,-1232.0,430.362,1662.362,1504.4,-0.82,-0.82,0.286069,1504.4,-0.82,-0.82,0.285,
12/29/2013,4239.6,3837.8,401.8,-2970.2,2970.2,1269.4,0.0,-455.9,242.6,242.6,169.7,43.6,813.5,5.3,,14.5,,,,-19.8,818.8,-278.1,540.7,0.0,0.0,0.0,540.7,0.0,540.7,0.0,0.0,540.7,525.376,-15.324,1509.8,0.36,0.36,0.347977,1532.4,0.355,0.355,0.345,
03/30/2014,3873.8,3517.6,356.2,-2763.7,2763.7,1110.1,0.0,-466.0,240.6,240.6,174.4,51.0,644.1,1.1,,16.7,,,,-17.8,645.2,-218.3,426.9,0.0,0.0,0.0,426.9,0.1,427.0,0.0,0.0,427.0,427.0,0.0,1510.3,0.28,0.28,0.28,1529.1,0.28,0.28,0.28,
06/29/2014,4153.7,3745.6,408.1,-2888.0,2888.0,1265.7,0.0,-497.2,269.4,269.4,180.1,47.7,768.5,3.0,,16.4,,,,-19.4,771.5,-259.0,512.5,0.0,0.0,0.0,512.5,0.1,512.6,0.0,0.0,512.6,512.6,0.0,1503.5,0.34,0.34,0.34,1522.0,0.34,0.34,0.34,
09/28/2014,4180.8,3758.2,422.6,-2875.3,2875.3,1305.5,0.0,-450.6,238.6,238.6,185.4,26.6,854.9,69.3,,16.4,,,,-85.7,924.2,-336.6,587.6,0.0,0.0,0.0,587.6,0.3,587.9,0.0,0.0,587.9,521.006,-66.894,1521.6,0.39,0.39,0.342407,1521.6,0.39,0.39,0.342407,
12/28/2014,4803.2,4319.3,483.9,-3306.7,3306.7,1496.5,0.0,-581.0,298.4,298.4,206.0,76.6,915.5,384.0,,16.3,,,,-400.3,1299.5,-315.0,984.5,0.0,0.0,0.0,984.5,-1.4,983.1,0.0,0.0,983.1,736.75,-246.35,1498.8,0.66,0.66,0.49156,1516.8,0.65,0.65,0.487586,
03/29/2015,4563.5,4142.2,421.3,-3184.4,3184.4,1379.1,0.0,-601.6,305.9,305.9,217.1,78.6,777.5,-15.6,,16.9,,,,-1.3,761.9,-266.3,495.6,0.0,0.0,0.0,495.6,-0.7,494.9,0.0,0.0,494.9,495.29,0.39,1500.5,0.33,0.33,0.330083,1516.5,0.33,0.33,0.330083,
06/28/2015,4881.2,4406.0,475.2,-3346.3,3346.3,1534.9,0.0,-656.6,288.5,288.5,236.5,131.6,878.3,66.7,,19.1,,,-60.3,-25.5,945.0,-318.5,626.5,0.0,0.0,0.0,626.5,0.2,626.7,0.0,0.0,626.7,634.175,7.475,1498.5,0.42,0.42,0.423207,1515.7,0.41,0.41,0.414932,
09/27/2015,4914.8,4433.4,481.4,-3361.2,3361.2,1553.6,0.0,-584.2,303.9,303.9,234.3,46.0,969.4,-72.9,,18.2,,,,54.7,896.5,-244.0,652.5,0.0,0.0,0.0,652.5,0.0,652.5,0.0,0.0,652.5,692.8,40.3,1504.5,0.43,0.43,0.460485,1504.5,0.43,0.43,0.456786,
12/27/2015,5373.5,4832.9,540.6,-3692.4,3692.4,1681.1,0.0,-623.1,305.5,305.5,235.5,82.1,1058.0,-8.4,,16.5,,,,-8.1,1049.6,-361.9,687.7,0.0,0.0,0.0,687.7,-0.1,687.6,0.0,0.0,687.6,699.9,12.3,1485.9,0.46,0.46,0.471028,1503.3,0.46,0.46,0.468182,
03/27/2016,4993.2,4500.1,493.1,-3476.7,3476.7,1516.5,0.0,-652.3,330.5,330.5,247.8,74.0,864.2,-3.8,,18.3,,,,-14.5,860.4,-285.4,575.0,0.0,0.0,0.0,575.0,0.1,575.1,0.0,0.0,575.1,589.966,14.866,1472.1,0.39,0.39,0.400765,1486.6,0.39,0.39,0.4,
06/26/2016,5238.0,4710.8,527.2,-3589.7,3589.7,1648.3,0.0,-626.0,323.4,323.4,247.6,55.0,1022.3,51.1,,21.8,,,,-72.9,1073.4,-318.9,754.5,0.0,0.0,0.0,754.5,-0.4,754.1,0.0,0.0,754.1,763.525,9.425,1465.3,0.51,0.51,0.521071,1479.3,0.51,0.51,0.516371,
10/02/2016,5711.2,5118.0,593.2,-3816.5,3816.5,1894.7,0.0,-667.2,401.2,401.2,249.9,16.1,1227.5,-12.2,,24.7,,,,-12.5,1215.3,-413.5,801.8,0.0,0.0,0.0,801.8,-0.8,801.0,0.0,0.0,801.0,811.855,10.855,1478.4,0.54,0.54,0.549144,1478.4,0.54,0.54,0.547342,
01/01/2017,5732.9,5130.5,602.4,-3933.2,3933.2,1799.7,0.0,-667.1,356.4,356.4,249.7,61.0,1132.6,0.3,,23.8,,,,-24.1,1132.9,-381.4,751.5,0.0,0.0,0.0,751.5,0.3,751.8,0.0,0.0,751.8,765.8,14.0,1457.5,0.52,0.52,0.52542,1470.5,0.51,0.51,0.519521,
04/02/2017,5294.0,4747.3,546.7,-3727.6,3727.6,1566.4,0.0,-631.0,326.8,326.8,253.6,50.6,935.4,45.0,,22.9,,,,-67.9,980.4,-327.6,652.8,0.0,0.0,0.0,652.8,0.0,652.8,0.0,0.0,652.8,655.53,2.73,1453.2,0.45,0.45,0.451094,1464.8,0.45,0.45,0.451094,
07/02/2017,5661.5,5073.2,588.3,-3878.0,3878.0,1783.5,0.0,-739.3,325.0,325.0,252.6,161.7,1044.2,8.2,,23.5,,,,-31.7,1052.4,-361.1,691.3,0.0,0.0,0.0,691.3,0.3,691.6,0.0,0.0,691.6,564.885,-126.715,1447.7,0.48,0.48,0.390195,1459.4,0.47,0.47,0.383173,
10/01/2017,5698.4,5054.7,643.7,-4013.4,4013.4,1685.0,391.4,-1053.9,682.8,682.8,255.5,115.6,1022.5,129.3,,22.3,,,,-151.6,1151.8,-362.5,789.3,0.0,0.0,0.0,789.3,-0.8,788.5,0.0,0.0,788.5,823.925,35.425,1451.2,0.54,0.54,0.567754,1451.2,0.54,0.54,0.564411,
12/31/2017,6073.7,5391.3,682.4,-4239.9,4239.9,1833.8,0.0,-717.7,379.1,379.1,258.8,79.8,1116.1,1889.8,,25.9,,,,-1915.7,3005.9,-755.8,2250.1,0.0,0.0,0.0,2250.1,0.1,2250.2,0.0,0.0,2250.2,995.313,-1254.887,1421.0,1.58,1.58,0.700431,1434.6,1.57,1.57,0.69527,
04/01/2018,6031.8,5406.2,625.6,-4305.6,4305.6,1726.2,0.0,-953.7,405.8,405.8,331.6,216.3,772.5,43.1,,35.1,,,,-78.2,815.6,-155.8,659.8,0.0,0.0,0.0,659.8,0.3,660.1,0.0,0.0,660.1,767.671,107.571,1394.9,0.47,0.47,0.550341,1406.6,0.47,0.47,0.546476,
07/01/2018,6310.3,5649.7,660.6,-4379.9,4379.9,1930.4,0.0,-892.2,468.7,468.7,330.0,93.5,1038.2,-11.4,45.4,45.4,0.0,,,-34.0,1026.8,-174.8,852.0,0.0,0.0,0.0,852.0,0.5,852.5,0.0,0.0,852.5,940.683,88.183,1377.1,0.62,0.62,0.68309,1388.5,0.61,0.61,0.67351,
09/30/2018,6303.6,5620.0,683.6,-4456.8,4456.8,1846.8,87.7,-977.9,444.9,444.9,326.6,206.4,956.6,-24.7,,63.8,,,,-39.1,931.9,-175.5,756.4,0.0,0.0,0.0,756.4,-0.6,755.8,0.0,0.0,755.8,928.013,172.213,1348.7,0.56,0.56,0.68808,1348.7,0.56,0.56,0.687688,
12/30/2018,6632.7,5895.6,737.1,-4762.6,4762.6,1870.1,67.8,-922.2,448.0,448.0,333.4,140.8,1015.7,-50.2,,75.0,,,,-24.8,965.5,-205.1,760.4,0.0,0.0,0.0,760.4,0.2,760.6,0.0,0.0,760.6,851.371,90.771,1242.0,0.61,0.61,0.685484,1253.4,0.61,0.61,0.68242,
03/31/2019,6305.9,5627.7,678.2,-4566.1,4566.1,1739.8,62.3,-944.4,458.1,458.1,356.2,130.1,857.7,-37.7,,73.9,,,,-36.2,820.0,-161.2,658.8,0.0,0.0,0.0,658.8,4.4,663.2,0.0,0.0,663.2,744.914,81.714,1239.2,0.54,0.54,0.601125,1250.7,0.53,0.53,0.595335,
06/30/2019,6823.0,6098.0,725.0,-4827.1,4827.1,1995.9,76.0,-950.6,480.2,480.2,343.1,127.3,1121.3,555.6,86.4,86.4,0.0,,,-642.0,1676.9,-303.7,1373.2,0.0,0.0,0.0,1373.2,-0.4,1372.8,0.0,0.0,1372.8,990.089,-382.711,1211.0,1.13,1.13,0.81758,1223.0,1.12,1.12,0.807072,
09/29/2019,6747.0,6012.3,734.7,-4849.1,4849.1,1897.9,91.9,-906.5,458.4,458.4,344.7,103.4,1083.3,-79.3,,95.7,,,,-16.4,1004.0,-201.5,802.5,0.0,0.0,0.0,802.5,0.4,802.9,0.0,0.0,802.9,864.046,61.146,1205.6,0.67,0.67,0.716694,1205.6,0.67,0.67,0.716694,
12/29/2019,7097.1,6305.1,792.0,-5057.9,5057.9,2039.2,73.9,-893.3,434.2,434.2,351.0,108.1,1219.8,-76.0,,91.9,,,,-15.9,1143.8,-258.5,885.3,0.0,0.0,0.0,885.3,0.4,885.7,0.0,0.0,885.7,942.264,56.564,1180.4,0.75,0.75,0.798258,1191.0,0.74,0.74,0.787493,
03/29/2020,5995.7,5305.9,689.8,-4719.1,4719.1,1276.6,67.9,-857.1,406.5,406.5,356.3,94.3,487.4,-97.2,,99.2,,,,-2.0,390.2,-65.4,324.8,0.0,0.0,0.0,324.8,3.6,328.4,0.0,0.0,328.4,381.172,52.772,1171.8,0.28,0.28,0.325288,1180.7,0.28,0.28,0.324696,
06/28/2020,4222.1,3921.6,300.5,-4021.8,4021.8,200.3,68.4,-972.6,399.9,399.9,361.0,211.7,-703.9,-108.1,120.8,120.8,0.0,,,-12.7,-812.0,133.9,-678.1,0.0,0.0,0.0,-678.1,-0.3,-678.4,0.0,0.0,-678.4,-541.177,137.223,1168.5,-0.58,-0.58,-0.463138,1168.5,-0.58,-0.58,-0.463138,
09/30/2020,6002.857,,,,,4042.3239038,,,,,,,581.68,,,,,,,,471.944,,289.727,,,,,,289.727,,,289.727,341.684,,,0.246,0.246,0.293,,0.246,0.246,0.293,
12/31/2020,6914.364,,,,,4666.91912544,,,,,,,1049.667,,,,,,,,928.0,,724.143,,,,,,724.143,,,724.143,730.615,,,0.596,0.596,0.626,,0.596,0.596,0.626,
