Date,Revenue,Revenue From Electric,Revenue from Gas,Regulated Gas Revenue,Unregulated Gas Revenue,Revenue from Water,Other Revenue,Cost of Revenue,Fuel & Purchased Power Cost,Fuel Cost,Purchased Power Cost,Purchased Gas & Water Cost,Purchased Gas Cost,Purchased Water Cost,Other Cost of Revenue,Gross Profit,Operating Expenses,Maintenance Expenses,Depreciation Expenses,Taxes Other Than Income,Other Operating Expense,Operating Income (Loss),Non-Operating (Income) Loss,"Interest Expense, Net",Total Interest Income,AFUDC - Equity,Interest Expense,Interest Expenses on Bonds,AFUDC - Debts,Other Interest Expenses,Other Non-Op (Income) Loss,Pretax Income,Income Tax Expense (Benefit),Income (Loss) from Cont Ops,Net Extraordinary Losses (Gains),Discontinued Operations,XO & Accounting Changes,Income (Loss) Incl. MI,Minority Interest,"Net Income, GAAP",Preferred Dividends,Other Adjustments,"Net Income Avail to Common, GAAP","Net Income Avail to Common, Adj",Net Abnormal Losses (Gains),Basic Weighted Avg Shares,"Basic EPS, GAAP",Basic EPS from Cont Ops,"Basic EPS from Cont Ops, Adjusted",Diluted Weighted Avg Shares,"Diluted EPS, GAAP",Diluted EPS from Cont Ops,"Diluted EPS from Cont Ops, Adjusted",Source: Bloomberg
03/31/1990,287.437988,186.087997,100.386002,,,0.0,0.964,-108.865997,44.119001,45.832001,-1.713,64.747002,,,,178.571991,-103.108002,15.668,24.327,15.964,47.148998,75.463997,-20.992001,,,0.492,22.794001,23.855,-1.061,,-1.31,54.471996,-18.955999,35.515999,0.0,,,35.515997,0.0,35.515999,-1.734,,33.781999,33.781999,,80.592003,0.42,0.42,0.42,80.592003,0.42,0.42,0.42,
06/30/1990,260.554993,202.212997,57.285,,,0.0,1.057,-94.981003,56.616002,51.330002,5.286,38.365002,,,,165.57399,-101.302002,15.213,24.27,16.061001,45.757999,64.272003,-20.474,,,0.36,23.076,23.787001,-0.711,,-2.242,43.798003,-15.138,28.66,0.0,,,28.660004,0.0,28.66,-1.73,,26.93,26.93,,80.592003,0.335,0.335,0.335,80.592003,0.335,0.335,0.335,
09/30/1990,308.024994,258.759003,48.254002,,,0.0,1.012,-88.815002,58.315999,63.807999,-5.492,30.499001,,,,219.209991,-107.536003,16.259001,24.284,16.229,50.764,111.674004,23.529998,,,0.423,23.34,24.242001,-0.902,,-46.446999,135.204002,-32.561001,102.642998,0.0,,,102.643001,0.0,102.642998,-1.728,,100.914998,100.914998,,80.592003,1.25,1.25,1.25,80.592003,1.25,1.25,1.25,
12/31/1990,277.20401,189.748993,86.455002,,,0.0,1.0,-108.499001,50.584,47.625,2.959,57.915001,,,,168.705009,-116.765999,20.358999,24.92,16.357,55.130001,51.938999,-19.507,,,0.355,23.107,13.36,-0.805,10.552,-3.245,32.431999,-10.737,21.695,0.0,,,21.694998,0.0,21.695,-1.719,,19.976,19.976,,81.764,0.215,0.215,0.215,81.764,0.215,0.215,0.215,
03/31/1991,297.734985,197.772995,99.012001,,,0.0,0.95,-112.156998,51.555001,50.165001,1.39,60.602001,,,,185.577988,-104.477997,12.937,25.67,17.219999,48.651001,81.099998,-19.494001,,,0.696,22.540001,23.757,-1.217,,-2.35,61.605997,-21.351,40.255001,0.0,,,40.254998,0.0,40.255001,-1.682,,38.573001,38.573001,,81.764,0.47,0.47,0.47,81.764,0.47,0.47,0.47,
06/30/1991,256.212006,205.154999,50.084999,,,0.0,0.972,-86.710999,57.386001,56.185001,1.201,29.325001,,,,169.501007,-109.945999,16.555,25.728001,16.926001,50.737,59.555,-19.830001,,,1.091,21.478001,22.877001,-1.399,,-0.557,39.725,-13.691,26.034,0.0,,,26.034,0.0,26.034,-1.682,,24.352,24.352,,80.758003,0.3,0.3,0.3,80.758003,0.3,0.3,0.3,
09/30/1991,309.837006,261.522003,47.339001,,,0.0,0.976,-94.550003,65.897998,63.662998,2.235,28.652,,,,215.287003,-113.071999,17.212,25.660999,19.684,50.514999,102.214996,-21.949001,,,0.846,23.346001,24.677999,-1.332,,-0.551,80.265996,-28.886999,51.379002,0.0,,,51.378997,0.0,51.379002,-1.674,,49.705002,49.705002,,79.764,0.625,0.625,0.625,79.764,0.625,0.625,0.625,
12/31/1991,284.041992,202.764999,80.306,,,0.0,0.971,-113.134003,59.844,54.854,4.99,53.290001,,,,170.90799,-113.856003,14.895,25.610001,14.64,58.710999,57.051998,-18.53,,,0.821,24.094,17.378,-0.932,7.648,-4.743,38.521998,-13.633,24.889,0.0,,,24.888998,0.0,24.889,-1.668,,23.221,23.221,,80.627998,0.29,0.29,0.29,80.627998,0.29,0.29,0.29,
03/31/1992,297.414001,196.518005,99.903999,,,0.0,0.992,-104.880997,48.724,48.077,0.647,56.157001,,,,192.533005,-116.297997,16.155001,27.027,19.188,53.928001,76.235001,-21.216,,,1.123,23.638,24.566999,-0.929,,-1.299,55.019,-19.257,35.762001,0.0,,,35.762,0.0,35.762001,-1.63,,34.132001,34.132001,,81.760002,0.415,0.415,0.415,81.760002,0.415,0.415,0.415,
06/30/1992,255.343002,195.115005,59.256001,,,0.0,0.972,-88.569,52.807,51.145,1.662,35.762001,,,,166.774002,-117.736,17.145,27.157,19.091999,54.341999,49.037998,-21.824,,,1.29,23.733,24.664,-0.931,,-0.619,27.213998,-8.835,18.379,0.0,,,18.378998,0.0,18.379,-1.626,,16.753,16.753,,82.164001,0.205,0.205,0.205,82.164001,0.205,0.205,0.205,
09/30/1992,305.593994,248.746994,55.875999,,,0.0,0.971,-102.111,65.028999,62.806999,2.222,37.082001,,,,203.482994,-116.992996,16.541,26.976,0.0,53.861,86.489998,-23.23,,,1.628,25.74,26.966999,-1.227,,-0.882,63.259998,-22.004,41.256001,0.0,,,41.255998,0.0,41.256001,-1.613,,39.643,39.643,,82.580002,0.48,0.48,0.48,82.580002,0.48,0.48,0.48,
12/31/1992,280.023987,189.097,90.238998,,,0.0,0.688,-109.489998,46.914002,44.122002,2.792,62.576,,,,170.533989,-111.57,15.601,27.155001,0.0,53.668999,58.964001,-19.447,,,1.454,24.489,16.854,-1.184,8.819,-3.588,39.517001,-10.851,28.666,0.0,,,28.666001,0.0,28.666,-1.604,,27.062,27.062,,85.274002,0.32,0.32,0.32,85.274002,0.32,0.32,0.32,
03/31/1993,321.839996,207.556,113.496002,,,0.0,0.788,-122.764999,54.134999,51.356998,2.778,68.629997,,,,199.074997,-114.264999,16.493999,28.218,19.285,50.268002,84.809998,-17.037,,,2.672,25.347,27.392,-2.045,,-5.638,67.772997,-21.096001,46.676998,0.0,,,46.676997,0.0,46.676998,-1.567,,45.109998,45.109998,,88.222,0.51,0.51,0.51,88.222,0.51,0.51,0.51,
06/30/1993,280.381989,213.878998,65.474998,,,0.0,1.028,-103.874001,59.769,57.118,2.651,44.105,,,,176.507988,-118.675003,16.789,28.156,19.312,54.417999,57.833,-16.897,,,2.774,24.778999,26.441,-1.662,,-5.108,40.936001,-12.463,28.473,0.0,,,28.473,0.0,28.473,-1.564,,26.909,26.909,,88.860001,0.305,0.305,0.305,88.860001,0.305,0.305,0.305,
09/30/1993,359.453003,304.028992,54.408001,,,0.0,1.016,-112.084999,74.401,67.832001,6.569,37.683998,,,,247.368004,-123.848,16.931999,29.218,19.596001,58.102001,123.519997,-18.663,,,1.81,25.896,27.219,-1.323,,-5.423,104.856997,-38.882,65.974998,0.0,,,65.974997,0.0,65.974998,-1.548,,64.426998,64.426998,,91.421997,0.705,0.705,0.705,91.421997,0.705,0.705,0.705,
12/31/1993,302.492004,214.656998,86.816002,,,0.0,1.019,-112.764,53.440001,52.381001,1.059,59.324001,,,,189.728004,-120.572998,17.437,27.252001,15.433,60.451,69.154999,-18.516,,,1.673,25.167,26.315001,-1.148,,-4.978,50.638999,-17.566,33.073002,0.0,,,33.072999,0.0,33.073002,-1.538,,31.535002,31.535002,,93.120002,0.34,0.34,0.34,93.120002,0.34,0.34,0.34,
03/31/1994,347.30899,234.858994,111.429001,,,0.0,1.021,-130.518005,61.768002,56.983002,4.785,68.75,,,,216.790985,-119.301003,15.486,29.738001,19.222,54.855,97.489998,-16.417,,,2.11,26.184999,27.865,-1.68,,-7.658,81.072998,-28.091999,52.980999,0.0,,,52.980999,0.0,52.980999,-1.539,,51.441999,51.441999,,93.692001,0.549,0.55,0.55,93.692001,0.549,0.55,0.55,
06/30/1994,296.04599,225.188004,69.910004,,,0.0,0.948,-105.482002,59.324,54.312,5.012,46.158001,,,,190.563988,-124.554001,17.735001,29.806,19.153999,57.859001,66.010002,-18.332,,,1.959,26.197001,27.945999,-1.749,,-5.906,47.678002,-15.962,31.716,0.0,,,31.716002,0.0,31.716,-1.462,,30.254,30.254,,94.363998,0.3205,0.32,0.32,94.363998,0.3205,0.32,0.32,
09/30/1994,361.32901,294.360992,65.956001,,,0.0,1.012,-117.661003,72.638998,66.406998,6.232,45.021999,,,,243.668007,-123.193001,16.853001,29.761999,20.537001,56.041,120.474998,-68.525,,,1.495,28.214001,29.711,-1.497,,41.806,51.949998,-33.766998,18.183001,0.0,,,18.183,0.0,18.183001,-1.482,,16.701001,16.701001,,95.302002,0.176,0.175,0.175,95.302002,0.176,0.175,0.175,
12/31/1994,317.377991,220.979996,95.376999,,,0.0,1.021,-122.501999,61.508998,57.433998,4.075,60.993,,,,194.875992,-124.788002,13.651,29.871,20.025,61.241001,70.087997,-34.872001,,,2.612,27.801001,30.031,-2.23,,9.683,35.215996,-16.688999,18.527,0.0,,,18.526997,0.0,18.527,-1.472,,17.055,17.055,,95.844002,0.178,0.18,0.18,95.844002,0.178,0.18,0.18,
03/31/1995,344.759003,230.574005,113.158997,,,0.0,1.026,-117.886002,52.481001,51.852001,0.629,65.404999,,,,226.873001,-122.968002,14.79,30.778,21.27,56.130001,103.904999,-22.347,,,2.468,30.643,33.351002,-2.708,,-5.828,81.557999,-28.858999,52.699001,0.0,,,52.699,0.0,52.699001,-1.434,,51.265001,51.265001,,96.634003,0.53,0.53,0.53,96.634003,0.53,0.53,0.53,
06/30/1995,311.135986,239.003998,71.115997,,,0.0,1.016,-105.939003,60.980999,54.272999,6.708,44.958,,,,205.196983,-124.442001,15.746,30.74,20.357,57.598999,80.754997,-43.996,,,2.455,31.093,33.819,-2.726,,15.358,36.758997,-19.743,17.016001,0.0,,,17.015997,0.0,17.016001,-1.43,,15.586001,15.586001,,97.414001,0.16,0.16,0.16,97.414001,0.16,0.16,0.16,
09/30/1995,373.476013,307.619995,64.959999,,,0.0,0.896,-112.667999,71.989003,67.120003,4.869,40.679001,,,,260.808014,-122.808998,14.451,31.184999,21.110001,56.063,137.998993,-25.993,,,2.735,30.399,33.979,-3.58,,-1.671,112.005993,-42.561001,69.445,0.0,,,69.444992,0.0,69.445,-1.416,,68.029,68.029,,98.561996,0.69,0.69,0.69,98.561996,0.69,0.69,0.69,
12/31/1995,323.600006,229.222,93.427002,,,0.0,0.951,-118.042999,56.658,54.16,2.498,61.384998,,,,205.557007,-130.753006,13.445,37.185001,21.233,58.889999,74.804001,-21.152,,,2.317,29.413,32.320999,-2.908,,-5.944,53.652001,-18.785999,34.866001,0.0,,,34.866002,0.0,34.866001,-1.407,0.0,33.459001,33.459001,,103.496002,0.32,0.32,0.32,103.496002,0.32,0.32,0.32,
03/31/1996,394.962006,262.145996,131.906006,,,0.0,0.91,-145.276993,58.741999,57.001999,1.74,86.535004,,,,249.685013,-130.035004,14.97,35.790001,23.056,56.219002,119.650002,-15.202999,,,1.705,30.646999,32.596001,-1.949,,-13.739,104.447003,-34.264,70.182999,0.0,,,70.183003,0.0,70.182999,-1.37,,68.812999,68.812999,,104.157997,0.66,0.66,0.66,104.157997,0.66,0.66,0.66,
06/30/1996,350.385986,269.380005,80.112999,,,0.0,0.893,-125.194,70.711998,66.696999,4.015,54.481998,,,,225.191986,-135.979004,18.292,37.056999,22.936001,57.694,89.212997,-26.779001,,,1.601,30.936001,32.355999,-1.42,,-2.556,62.433997,-22.766001,39.667999,0.0,,,39.667996,0.0,39.667999,-1.368,,38.299999,38.299999,,104.823997,0.37,0.37,0.37,104.823997,0.37,0.37,0.37,
09/30/1996,402.283997,329.037994,72.329002,,,0.0,0.917,-124.469002,73.965,70.584,3.381,50.504002,,,,277.814995,-137.503998,16.979,37.054001,22.877001,60.594002,140.311005,-26.412,,,1.965,30.51,32.084999,-1.575,,-2.133,113.899004,-42.584999,71.314003,0.0,,,71.314005,0.0,71.314003,-1.351,,69.963003,69.963003,,105.446999,0.66,0.66,0.66,105.446999,0.66,0.66,0.66,
12/31/1996,365.199005,245.960007,118.850998,,,0.0,0.388,-143.867996,58.546002,56.233002,2.313,85.321999,,,,221.331009,-138.598999,18.121,37.655998,18.427999,64.393997,82.732002,-24.77,,,1.757,30.063,31.200001,-1.137,,-3.536,57.962002,-18.408001,39.554001,0.0,,,39.554001,0.0,39.554001,-1.344,,38.210001,38.210001,,106.049004,0.36,0.36,0.36,106.049004,0.36,0.36,0.36,
03/31/1997,385.118011,252.597,132.110001,,,0.0,0.411,-137.798004,54.990999,54.328999,0.662,82.806999,,,,247.320007,-135.283005,15.49,38.266998,25.847,55.679001,112.037003,-22.396001,,,1.919,30.947001,32.609001,-1.662,1.343,-6.632,89.641002,-30.933001,58.708,0.0,,,58.708001,0.0,58.708,-1.343,,57.365,57.365,,106.623001,0.54,0.54,0.54,107.099998,0.54,0.54,0.54,
06/30/1997,331.960999,247.451996,84.075996,,,0.0,0.433,-114.172997,58.893998,55.030998,3.863,55.278999,,,,217.788002,-138.039001,20.527,38.275002,23.125,56.112,79.749001,-28.795,,,1.279,30.145,28.577999,-1.433,3.0,-0.071,50.954001,-18.921,32.033001,0.0,,,32.033001,0.0,32.033001,-2.477,,29.556001,29.556001,,106.999001,0.28,0.28,0.28,107.099998,0.28,0.28,0.28,
09/30/1997,418.571014,340.362,77.814003,,,0.0,0.395,-132.929993,78.629001,75.720001,2.909,54.300999,,,,285.641021,-141.175003,16.282,38.035999,24.794001,62.063,144.466003,-23.113,,,1.56,29.767,31.398001,-1.631,2.916,-5.094,121.353003,-43.853001,77.5,0.0,,,77.500002,0.0,77.5,-2.916,,74.584,74.584,,107.320999,0.69,0.69,0.69,107.300003,0.69,0.69,0.69,
12/31/1997,387.350006,262.350006,125.0,,,0.0,,-159.098999,64.485998,62.919998,1.566,94.612999,,,,228.251007,-145.503006,19.701,38.422001,22.233999,65.146004,82.748001,-8.696002,,,2.242,30.141001,31.415001,-1.274,,-19.202999,74.051999,-11.293,62.758999,0.0,,,62.758999,0.0,62.758999,-3.264,,59.494999,59.494999,,107.0,0.55,0.55,0.39,107.099998,0.55,0.55,0.39,
03/31/1998,406.0,269.0,137.0,,,,,-144.0,61.0,59.0,2.0,83.0,,,,262.0,-135.0,19.0,30.0,26.0,60.0,127.0,-31.0,,,2.0,30.0,29.0,-2.0,3.0,3.0,96.0,-36.0,60.0,,,,60.0,,60.0,-2.0,,58.0,58.0,,107.3,0.5405,0.5405,0.5405,107.3,0.5405,0.5405,0.5405,
06/30/1998,387.0,299.0,88.0,,,0.0,0.0,-141.0,80.0,68.0,12.0,61.0,,,,246.0,-146.0,22.0,39.0,25.0,60.0,100.0,-30.0,,,2.0,30.0,30.0,-2.0,2.0,2.0,70.0,-26.0,45.0,0.0,,,44.0,0.0,45.0,-3.0,,42.0,42.0,,106.400002,0.4,0.4,0.4,106.400002,0.4,0.4,0.4,
09/30/1998,474.0,393.0,81.0,,,0.0,0.0,-147.0,93.0,84.0,9.0,54.0,,,,327.0,-152.0,21.0,39.0,26.0,66.0,175.0,-31.0,,,2.0,32.0,31.0,-2.0,3.0,1.0,144.0,-55.0,89.0,0.0,,,89.0,0.0,89.0,-3.0,,86.0,86.0,,104.199997,0.82,0.82,0.82,104.199997,0.82,0.82,0.82,
12/31/1998,365.0,260.0,105.0,,,0.0,0.0,-130.0,59.0,51.0,8.0,71.0,,,,235.0,-156.0,22.0,37.0,26.0,71.0,79.0,-26.0,,,2.0,32.0,29.0,-2.0,5.0,-4.0,53.0,-19.0,34.0,0.0,,,34.0,0.0,34.0,-3.0,,31.0,31.0,,103.599998,0.3,0.3,0.3,103.599998,0.3,0.3,0.3,
03/31/1999,546.0,266.0,279.0,,,,1.0,-293.0,65.0,61.0,4.0,228.0,,,,253.0,-167.0,18.0,42.0,27.0,80.0,86.0,-28.0,,,-1.0,35.0,31.0,-1.0,5.0,-8.0,58.0,-21.0,37.0,,,,37.0,,37.0,-2.0,,35.0,35.0,,103.599998,0.36,0.36,0.36,103.599998,0.36,0.36,0.36,
06/30/1999,435.0,293.0,142.0,,,,,-200.0,83.0,72.0,11.0,117.0,,,,235.0,-166.0,98.0,42.0,26.0,,69.0,-29.0,,,,36.0,32.0,,4.0,-7.0,40.0,-14.0,26.0,,,,26.0,,26.0,-4.0,,22.0,22.0,,103.599998,0.23,0.23,0.23,103.599998,0.23,0.23,0.23,
09/30/1999,558.0,393.0,165.0,,,,,-248.0,101.0,87.0,14.0,147.0,,,,310.0,-175.0,105.0,43.0,27.0,,135.0,-39.0,,,,52.0,34.0,,18.0,-13.0,96.0,-42.0,54.0,,,,54.0,,54.0,-2.0,,52.0,52.0,,103.599998,0.65,0.65,0.65,103.599998,0.65,0.65,0.65,
12/31/1999,398.0,274.0,123.0,,,0.0,1.0,-160.0,72.0,65.0,7.0,88.0,,,,238.0,-165.0,26.0,42.0,25.0,72.0,73.0,-5.0,,,0.0,37.0,35.0,-1.0,3.0,-32.0,68.0,-15.0,53.0,0.0,,,53.0,0.0,53.0,-2.0,,51.0,51.0,,103.599998,0.49,0.49,0.2,103.599998,0.49,0.49,0.2,
03/31/2000,821.0,294.0,527.0,,,,,-456.0,77.0,70.0,7.0,379.0,,,,365.0,-195.0,111.0,55.0,29.0,,170.0,-43.0,,,,55.0,44.0,,11.0,-12.0,127.0,-50.0,77.0,-29.0,,,106.0,,106.0,-2.0,,104.0,104.0,,104.0,1.0,0.72,0.72,104.0,1.0,0.72,0.72,
06/30/2000,662.0,320.0,342.0,,,0.0,0.0,-361.0,83.0,72.0,11.0,278.0,,,,301.0,-202.0,120.0,53.0,29.0,120.0,99.0,-47.0,,,,55.0,51.0,,4.0,-8.0,52.0,-21.0,31.0,0.0,,,31.0,0.0,31.0,-3.0,,28.0,28.0,,104.699997,0.27,0.27,0.27,104.699997,0.27,0.27,0.27,
09/30/2000,816.0,397.0,419.0,,,0.0,0.0,-469.0,103.0,84.0,19.0,366.0,,,,347.0,-201.0,118.0,54.0,29.0,118.0,146.0,-48.0,,,,58.0,55.0,,3.0,-10.0,98.0,-36.0,62.0,0.0,,,62.0,0.0,62.0,-3.0,,59.0,59.0,,104.699997,0.56,0.56,0.56,104.699997,0.56,0.56,0.56,
12/31/2000,1134.0,333.0,801.0,,,0.0,0.0,-785.0,114.0,69.0,45.0,671.0,,,,349.0,-210.0,,55.0,27.0,149.0,139.0,-42.0,,,,57.0,56.0,,1.0,-15.0,97.0,-34.0,63.0,,,,63.0,0.0,61.0,-2.0,,59.0,59.0,,104.7,0.57,0.57,0.61,104.7,0.57,0.57,0.61,
03/31/2001,1318.0,340.0,978.0,,,0.0,0.0,-931.0,115.0,67.0,48.0,816.0,,,,387.0,-342.0,128.0,56.0,30.0,128.0,173.0,-40.0,,,,62.0,59.0,0.0,1.0,-22.0,133.0,-51.0,82.0,0.0,,,82.0,0.0,82.0,-3.0,,79.0,79.0,,104.699997,0.75,0.75,0.71,104.699997,0.75,0.75,0.71,
06/30/2001,740.0,340.0,400.0,,,0.0,0.0,-440.0,107.0,68.0,39.0,333.0,,,,300.0,-207.0,122.0,56.0,29.0,122.0,93.0,505.0,,,,59.0,59.0,,0.0,-564.0,598.0,-210.0,388.0,0.0,,,388.0,0.0,388.0,-3.0,,385.0,385.0,,104.699997,3.67,3.67,0.29,104.699997,3.67,3.67,0.29,
09/30/2001,710.0,416.0,294.0,,,0.0,0.0,-365.0,130.0,87.0,43.0,235.0,,,,345.0,-202.0,117.0,56.0,29.0,117.0,143.0,-39.0,,,,52.0,52.0,,1.0,-13.0,104.0,-38.0,66.0,0.0,,,66.0,0.0,66.0,-3.0,,63.0,63.0,,104.699997,0.61,0.61,0.61,104.699997,0.61,0.61,0.61,
12/31/2001,683.0,273.0,410.0,,,0.0,0.0,-366.0,69.0,61.0,8.0,297.0,,,,317.0,-198.0,,56.0,27.0,115.0,119.0,-99.0,,,,50.0,53.0,,,49.0,20.0,-6.0,14.0,0.0,,,14.0,0.0,14.0,-2.0,,12.0,12.0,,104.699997,0.12,0.12,0.54,104.699997,0.12,0.12,0.54,
03/31/2002,822.0,302.0,520.0,,,,,-457.0,79.0,74.0,5.0,378.0,,,,365.0,-212.0,127.0,54.0,31.0,,153.0,-262.0,,,,52.0,51.0,,1.0,210.0,-109.0,39.0,-70.0,230.0,,,-300.0,,-300.0,-2.0,,-302.0,-302.0,,104.699997,-2.88,-0.68,-0.68,104.699997,-2.88,-0.68,-0.68,
06/30/2002,649.0,349.0,300.0,,,0.0,0.0,-342.0,108.0,92.0,16.0,234.0,,,,307.0,-218.0,131.0,55.0,32.0,131.0,89.0,-28.0,,,,52.0,51.0,,1.0,-24.0,61.0,-19.0,42.0,0.0,,,42.0,0.0,42.0,-2.0,,40.0,40.0,,104.732002,0.38,0.38,0.29,104.732002,0.38,0.38,0.29,
09/30/2002,694.0,424.0,270.0,,,0.0,0.0,-327.0,112.0,105.0,7.0,215.0,,,,367.0,-213.0,126.0,55.0,32.0,126.0,154.0,-33.0,,,0.0,50.0,49.0,0.0,1.0,-17.0,121.0,-41.0,80.0,0.0,,,80.0,0.0,80.0,-2.0,,78.0,78.0,,104.699997,0.74,0.74,0.74,104.699997,0.74,0.74,0.74,
12/31/2002,788.0,304.0,484.0,,,0.0,0.0,-444.0,73.0,59.0,14.0,371.0,,,,344.0,-226.0,0.0,56.0,32.0,138.0,118.0,-60.0,,,0.0,49.0,60.0,-12.0,1.0,11.0,58.0,-15.0,43.0,0.0,,,43.0,0.0,43.0,-1.0,,42.0,42.0,,109.800003,0.38,0.38,0.54,109.800003,0.38,0.38,0.54,
03/31/2003,1069.0,336.0,733.0,,,0.0,0.0,-662.0,91.0,81.0,10.0,571.0,,,,407.0,-239.0,144.0,60.0,35.0,144.0,168.0,-36.0,,,0.0,52.0,51.0,0.0,1.0,-16.0,132.0,-46.0,86.0,0.0,,,86.0,0.0,86.0,-2.0,,84.0,84.0,,110.800003,0.75,0.75,0.75,110.800003,0.75,0.75,0.75,
06/30/2003,726.0,356.0,370.0,,,0.0,0.0,-389.0,96.0,96.0,0.0,293.0,,,,337.0,-237.0,141.0,60.0,36.0,141.0,100.0,14.0,,,0.0,52.0,51.0,0.0,1.0,-66.0,114.0,-38.0,76.0,0.0,,,76.0,0.0,76.0,-2.0,,74.0,74.0,,110.800003,0.67,0.67,0.38,110.800003,0.67,0.67,0.38,
09/30/2003,751.0,429.0,322.0,,,0.0,0.0,-372.0,110.0,97.0,13.0,262.0,,,,379.0,-229.0,135.0,60.0,34.0,135.0,150.0,-29.0,,,0.0,48.0,48.0,0.0,0.0,-19.0,121.0,-35.0,86.0,0.0,,,86.0,0.0,86.0,-2.0,,84.0,84.0,,110.900002,0.76,0.76,0.74,110.900002,0.76,0.76,0.74,
12/31/2003,870.0,345.0,525.0,,,0.0,0.0,-507.0,101.0,60.0,41.0,406.0,,,,363.0,-230.0,0.0,58.0,34.0,138.0,133.0,-76.0,,,0.0,50.0,50.0,0.0,0.0,26.0,57.0,-16.0,41.0,0.0,,,41.0,0.0,41.0,-2.0,,39.0,39.0,,110.800003,0.36,0.36,0.63,110.800003,0.36,0.36,0.63,
03/31/2004,1136.0,380.0,756.0,,,0.0,0.0,-685.0,108.0,95.0,13.0,577.0,,,,451.0,-257.0,155.0,63.0,39.0,155.0,194.0,-36.0,,,0.0,50.0,50.0,0.0,0.0,-14.0,158.0,-55.0,103.0,0.0,,,103.0,0.0,103.0,-2.0,,101.0,101.0,,110.900002,0.91,0.91,0.91,110.900002,0.91,0.91,0.91,
06/30/2004,846.0,434.0,412.0,,,0.0,0.0,-475.0,140.0,140.0,0.0,335.0,,,,371.0,-248.0,144.0,66.0,38.0,144.0,123.0,-33.0,,,0.0,51.0,51.0,0.0,0.0,-18.0,90.0,-28.0,62.0,0.0,,,62.0,0.0,62.0,-2.0,,60.0,60.0,,111.199997,0.54,0.54,0.54,111.199997,0.54,0.54,0.54,
09/30/2004,857.0,492.0,365.0,,,0.0,0.0,-450.0,150.0,139.0,11.0,300.0,,,,407.0,-246.0,142.0,68.0,36.0,142.0,161.0,-81.0,,,0.0,50.0,50.0,0.0,0.0,31.0,80.0,-24.0,56.0,0.0,,,56.0,0.0,56.0,-2.0,,54.0,54.0,,111.800003,0.48,0.48,0.71,111.800003,0.48,0.48,0.71,
12/31/2004,1046.0,382.0,664.0,,,0.0,0.0,-661.0,120.0,93.0,27.0,541.0,,,,385.0,-267.0,0.0,68.0,32.0,167.0,118.0,-59.0,,,16.0,51.0,61.0,-10.0,0.0,24.0,59.0,-16.0,43.0,0.0,,,43.0,0.0,43.0,-1.0,0.0,42.0,42.0,,112.4,0.37,0.37,0.51,112.4,0.37,0.37,0.51,
03/31/2005,1266.0,415.0,851.0,,,0.0,0.0,-796.0,135.0,128.0,7.0,661.0,,,,470.0,-442.0,,245.0,39.0,158.0,28.0,-104.0,,,3.0,54.0,55.0,-1.0,0.0,53.0,-76.0,179.0,103.0,0.0,,,103.0,0.0,103.0,-2.0,0.0,101.0,101.0,,112.900002,0.89,0.89,0.89,112.900002,0.89,0.89,0.89,
06/30/2005,893.0,440.0,453.0,,,0.0,0.0,-526.0,150.0,137.0,13.0,376.0,,,,367.0,-282.0,,89.0,40.0,153.0,85.0,-36.0,,,3.0,54.0,57.0,-3.0,0.0,-15.0,49.0,-3.0,46.0,0.0,,,46.0,0.0,46.0,-2.0,0.0,44.0,44.0,,113.6,0.39,0.39,0.36,113.6,0.39,0.39,0.36,
09/30/2005,1131.0,619.0,512.0,,,0.0,0.0,-679.0,232.0,217.0,15.0,447.0,,,,452.0,-273.0,,89.0,35.0,149.0,179.0,-41.0,,,0.0,52.0,53.0,-1.0,0.0,-11.0,138.0,-36.0,102.0,0.0,,,102.0,0.0,102.0,-2.0,0.0,100.0,100.0,,114.1,0.88,0.88,0.88,114.1,0.88,0.88,0.88,
12/31/2005,1492.0,440.0,1052.0,,,0.0,0.0,-1059.0,144.0,136.0,8.0,915.0,,,,433.0,-290.0,,87.0,31.0,172.0,143.0,-45.0,,,0.0,52.0,52.0,0.0,0.0,-7.0,98.0,-22.0,76.0,0.0,,,76.0,0.0,76.0,-1.0,0.0,75.0,75.0,,114.5,0.65,0.65,0.65,114.5,0.65,0.65,0.65,
03/31/2006,1389.0,399.0,990.0,,,0.0,0.0,-932.0,121.0,117.0,4.0,811.0,,,,457.0,-272.0,,76.0,39.0,157.0,185.0,-46.0,,,0.0,54.0,55.0,-1.0,0.0,-8.0,139.0,-45.0,94.0,-6.0,,,100.0,0.0,100.0,-2.0,0.0,98.0,98.0,,115.0,0.85,0.8,0.8,115.0,0.85,0.8,0.8,
06/30/2006,944.0,461.0,483.0,,,0.0,0.0,-558.0,155.0,147.0,8.0,403.0,,,,386.0,-264.0,,77.0,37.0,150.0,122.0,-39.0,,,0.0,53.0,55.0,-2.0,0.0,-14.0,83.0,-23.0,60.0,0.0,,,60.0,0.0,60.0,-2.0,0.0,58.0,58.0,,115.5,0.5,0.5,0.46,115.5,0.5,0.5,0.46,
09/30/2006,1062.0,584.0,478.0,,,0.0,0.0,-617.0,207.0,200.0,7.0,410.0,,,,445.0,-289.0,,98.0,38.0,153.0,156.0,-40.0,,,0.0,52.0,54.0,-2.0,0.0,-12.0,116.0,-25.0,91.0,0.0,,,91.0,0.0,91.0,-2.0,0.0,89.0,89.0,,116.1,0.76,0.76,0.76,116.1,0.76,0.76,0.76,
12/31/2006,1168.0,433.0,735.0,,,0.0,0.0,-750.0,159.0,151.0,8.0,591.0,,,,418.0,-278.0,,81.0,37.0,160.0,140.0,-47.0,,,0.0,51.0,54.0,-3.0,0.0,-4.0,93.0,-26.0,67.0,0.0,,,67.0,0.0,67.0,-2.0,0.0,65.0,65.0,,116.5,0.57,0.57,0.57,116.5,0.57,0.57,0.57,
03/31/2007,1363.0,443.0,920.0,,,0.0,0.0,-894.0,167.0,156.0,11.0,727.0,,,,469.0,-306.0,,91.0,41.0,174.0,163.0,-45.0,,,1.0,53.0,55.0,-2.0,0.0,-7.0,118.0,-30.0,88.0,0.0,,,88.0,0.0,88.0,-2.0,0.0,86.0,86.0,,116.7,0.73,0.73,0.73,116.7,0.73,0.73,0.73,
06/30/2007,1007.0,470.0,537.0,,,0.0,0.0,-607.0,160.0,153.0,7.0,447.0,,,,400.0,-284.0,,86.0,38.0,160.0,116.0,-42.0,,,1.0,51.0,54.0,-3.0,0.0,-8.0,74.0,-17.0,57.0,0.0,,,57.0,0.0,57.0,-2.0,0.0,55.0,55.0,,116.7,0.47,0.47,0.47,116.7,0.47,0.47,0.47,
09/30/2007,1079.0,602.0,477.0,,,0.0,0.0,-617.0,218.0,209.0,9.0,399.0,,,,462.0,-273.0,,76.0,41.0,156.0,189.0,-49.0,,,1.0,51.0,55.0,-4.0,0.0,-1.0,140.0,-46.0,94.0,0.0,,,94.0,0.0,94.0,-2.0,0.0,92.0,92.0,,116.7,0.79,0.79,0.78,116.7,0.79,0.79,0.78,
12/31/2007,1172.0,440.0,732.0,,,0.0,0.0,-737.0,149.0,144.0,5.0,588.0,,,,435.0,-269.0,,71.0,40.0,158.0,166.0,-29.0,,,0.0,51.0,55.0,-4.0,0.0,-22.0,137.0,-47.0,90.0,0.0,,,90.0,0.0,90.0,-2.0,0.0,88.0,88.0,,116.7,0.75,0.75,0.75,116.7,0.75,0.75,0.75,
03/31/2008,1533.0,488.0,1045.0,,,0.0,0.0,-1020.0,182.0,177.0,5.0,838.0,,,,513.0,-300.0,,80.0,43.0,177.0,213.0,-40.0,,,3.0,53.0,56.0,-3.0,0.0,-10.0,173.0,-62.0,111.0,0.0,,,111.0,0.0,111.0,-2.0,0.0,109.0,109.0,0.0,116.7,0.94,0.94,0.94,116.7,0.94,0.94,0.94,
06/30/2008,1218.0,576.0,642.0,,,0.0,0.0,-798.0,243.0,227.0,16.0,555.0,,,,420.0,-289.0,,79.0,43.0,167.0,131.0,-43.0,,,2.0,54.0,58.0,-4.0,0.0,-9.0,88.0,-29.0,59.0,0.0,,,59.0,0.0,59.0,-2.0,0.0,57.0,57.0,,116.7,0.48,0.48,0.48,116.7,0.48,0.48,0.48,
09/30/2008,1266.0,671.0,595.0,,,0.0,0.0,-794.0,275.0,267.0,8.0,519.0,,,,472.0,-283.0,,83.0,40.0,160.0,189.0,-43.0,,,4.0,56.0,60.0,-4.0,0.0,-9.0,146.0,-50.0,96.0,0.0,,,96.0,0.0,96.0,-2.0,0.0,94.0,94.0,,117.1,0.8,0.8,0.8,117.1,0.8,0.8,0.8,
12/31/2008,1301.0,501.0,800.0,,,0.0,0.0,-835.0,200.0,192.0,8.0,635.0,,,,466.0,-289.0,,78.0,41.0,170.0,177.0,-41.0,,,6.0,63.0,68.0,-5.0,0.0,-16.0,136.0,-48.0,88.0,0.0,,,88.0,0.0,88.0,-2.0,0.0,86.0,86.0,,117.6,0.73,0.73,0.73,117.6,0.73,0.73,0.73,
03/31/2009,1343.0,497.0,846.0,422.0,424.0,0.0,0.0,-834.0,190.0,185.0,5.0,644.0,644.0,,0.0,509.0,-286.0,,83.0,45.0,158.0,223.0,-46.0,51.0,-7.0,7.0,58.0,64.0,-6.0,,-5.0,177.0,-61.0,116.0,0.0,0.0,0.0,116.0,0.0,116.0,-2.0,0.0,114.0,114.0,0.0,120.9,0.94,0.94,0.94,120.9,0.94,0.94,0.94,
06/30/2009,878.0,521.0,357.0,136.0,221.0,0.0,0.0,-462.0,193.0,190.0,3.0,269.0,269.0,,0.0,416.0,-291.0,,83.0,45.0,163.0,125.0,-47.0,48.0,-7.0,7.0,55.0,61.0,-6.0,,-1.0,78.0,-21.0,57.0,0.0,0.0,0.0,57.0,0.0,57.0,-2.0,0.0,55.0,55.0,0.0,121.8,0.45,0.45,0.45,121.8,0.45,0.45,0.45,
09/30/2009,921.0,615.0,306.0,117.0,189.0,0.0,0.0,-456.0,223.0,220.0,3.0,233.0,233.0,,0.0,465.0,-290.0,,83.0,44.0,163.0,175.0,-31.0,50.0,-9.0,9.0,59.0,66.0,-7.0,,-19.0,144.0,-40.0,104.0,0.0,0.0,0.0,104.0,0.0,104.0,-1.0,0.0,103.0,103.0,0.0,122.5,0.84,0.84,0.84,122.5,0.84,0.84,0.84,
12/31/2009,1094.0,508.0,586.0,283.0,303.0,0.0,0.0,-653.0,229.0,223.0,6.0,424.0,424.0,,0.0,441.0,-265.0,,68.0,42.0,155.0,176.0,-51.0,57.0,-5.0,5.0,62.0,71.0,-9.0,,-6.0,125.0,-45.0,80.0,0.0,0.0,0.0,80.0,0.0,80.0,-4.0,0.0,76.0,76.0,0.0,123.2,0.62,0.62,0.62,123.2,0.62,0.62,0.62,
03/31/2010,1428.0,540.0,888.0,430.0,458.0,0.0,0.0,-895.0,237.0,235.0,2.0,658.0,658.0,,0.0,533.0,-303.0,,83.0,48.0,172.0,230.0,-58.0,62.0,-3.0,3.0,65.0,67.0,-2.0,,-4.0,172.0,-45.0,127.0,0.0,0.0,0.0,127.0,0.0,127.0,0.0,0.0,127.0,127.0,0.0,123.8,1.02,1.02,1.02,123.8,1.02,1.02,1.02,
06/30/2010,939.0,575.0,364.0,137.0,227.0,0.0,0.0,-502.0,225.0,222.0,3.0,277.0,277.0,,0.0,437.0,-300.0,,83.0,50.0,167.0,137.0,-54.0,59.0,-7.0,7.0,66.0,69.0,-3.0,,-5.0,83.0,-29.0,54.0,0.0,0.0,0.0,54.0,0.0,54.0,0.0,0.0,54.0,54.0,0.0,125.2,0.43,0.43,0.43,125.2,0.43,0.43,0.43,
09/30/2010,1088.0,705.0,383.0,120.0,263.0,0.0,0.0,-594.0,287.0,280.0,7.0,307.0,307.0,,0.0,494.0,-298.0,,85.0,49.0,164.0,196.0,-57.0,61.0,-6.0,6.0,67.0,70.0,-3.0,,-4.0,139.0,-38.0,101.0,0.0,0.0,0.0,101.0,0.0,101.0,0.0,0.0,101.0,101.0,0.0,126.6,0.8,0.8,0.8,127.5,0.79,0.79,0.79,
12/31/2010,1145.0,547.0,598.0,296.0,302.0,0.0,0.0,-647.0,211.0,206.0,5.0,436.0,436.0,,0.0,498.0,-294.0,,84.0,43.0,167.0,204.0,-62.0,64.0,-4.0,4.0,68.0,70.0,-2.0,,-2.0,142.0,-47.0,95.0,0.0,0.0,0.0,95.0,0.0,95.0,0.0,0.0,95.0,95.0,0.0,127.2,0.74,0.74,0.74,128.4,0.74,0.74,0.74,
03/31/2011,1281.0,558.0,723.0,362.0,361.0,0.0,0.0,-725.0,213.0,211.0,2.0,512.0,512.0,,0.0,556.0,-308.0,,86.0,52.0,170.0,248.0,-63.0,67.0,-3.0,3.0,70.0,72.0,-2.0,,-4.0,185.0,-57.0,128.0,0.0,0.0,0.0,128.0,0.0,128.0,0.0,0.0,128.0,128.0,0.0,127.9,1.0,1.0,1.0,129.0,1.0,1.0,1.0,
06/30/2011,1000.0,616.0,384.0,135.0,249.0,0.0,0.0,-556.0,259.0,251.0,8.0,297.0,297.0,,0.0,444.0,-302.0,,86.0,51.0,165.0,142.0,-63.0,65.0,-5.0,5.0,70.0,73.0,-3.0,,-2.0,79.0,-23.0,56.0,0.0,0.0,0.0,56.0,0.0,56.0,0.0,0.0,56.0,56.0,0.0,128.5,0.44,0.44,0.44,129.7,0.43,0.43,0.43,
09/30/2011,1092.0,728.0,364.0,115.0,249.0,0.0,0.0,-574.0,283.0,277.0,6.0,291.0,291.0,,0.0,518.0,-303.0,,87.0,50.0,166.0,215.0,-66.0,68.0,-5.0,5.0,73.0,75.0,-2.0,,-2.0,149.0,-44.0,105.0,0.0,0.0,0.0,105.0,0.0,105.0,0.0,0.0,105.0,105.0,0.0,129.1,0.81,0.81,0.81,130.3,0.81,0.81,0.81,
12/31/2011,1036.0,521.0,515.0,237.0,278.0,0.0,0.0,-534.0,181.0,178.0,3.0,353.0,353.0,,0.0,502.0,-294.0,,88.0,49.0,157.0,208.0,-66.0,71.0,-1.0,1.0,72.0,72.0,0.0,,-5.0,142.0,-44.0,98.0,0.0,0.0,0.0,98.0,0.0,98.0,0.0,0.0,98.0,98.0,0.0,129.7,0.76,0.76,0.76,131.4,0.75,0.75,0.75,
03/31/2012,1107.0,545.0,562.0,277.0,285.0,0.0,0.0,-553.0,187.0,181.0,6.0,366.0,366.0,,0.0,554.0,-316.0,,89.0,52.0,175.0,238.0,-65.0,69.0,-3.0,3.0,72.0,74.0,-2.0,,-4.0,173.0,-52.0,121.0,0.0,0.0,0.0,121.0,0.0,121.0,0.0,0.0,121.0,121.0,0.0,130.3,0.93,0.93,0.93,132.2,0.91,0.91,0.91,
06/30/2012,908.0,592.0,316.0,127.0,189.0,0.0,0.0,-425.0,202.0,198.0,4.0,223.0,223.0,,0.0,483.0,-312.0,,89.0,53.0,170.0,171.0,-66.0,69.0,-4.0,4.0,73.0,76.0,-3.0,,-3.0,105.0,-33.0,72.0,0.0,0.0,0.0,72.0,0.0,72.0,0.0,0.0,72.0,72.0,0.0,130.9,0.55,0.55,0.55,133.1,0.54,0.54,0.54,
09/30/2012,1038.0,714.0,324.0,109.0,215.0,0.0,0.0,-496.0,248.0,239.0,9.0,248.0,248.0,,0.0,542.0,-304.0,,89.0,50.0,165.0,238.0,-65.0,69.0,-6.0,6.0,75.0,78.0,-3.0,,-4.0,173.0,-51.0,122.0,0.0,0.0,0.0,122.0,0.0,122.0,0.0,0.0,122.0,122.0,0.0,131.4,0.93,0.93,0.93,133.8,0.91,0.91,0.91,
12/31/2012,1123.0,596.0,527.0,261.0,266.0,0.0,0.0,-590.0,229.0,221.0,8.0,361.0,361.0,,0.0,533.0,-321.0,,90.0,51.0,180.0,212.0,-61.0,67.0,-9.0,9.0,76.0,79.0,-3.0,,-6.0,151.0,-46.0,105.0,0.0,0.0,0.0,105.0,0.0,105.0,0.0,0.0,105.0,105.0,0.0,131.9,0.79,0.79,0.79,134.2,0.78,0.78,0.78,
03/31/2013,1311.0,583.0,728.0,382.0,346.0,0.0,0.0,-694.0,193.0,186.0,7.0,501.0,501.0,,0.0,617.0,-324.0,,93.0,55.0,176.0,293.0,-70.0,71.0,-4.0,4.0,75.0,77.0,-2.0,,-1.0,223.0,-72.0,151.0,0.0,0.0,0.0,151.0,0.0,151.0,0.0,0.0,151.0,151.0,0.0,134.4,1.13,1.13,1.13,136.1,1.11,1.11,1.11,
06/30/2013,1016.0,610.0,406.0,158.0,248.0,0.0,0.0,-507.0,197.0,188.0,9.0,310.0,310.0,,0.0,509.0,-320.0,,94.0,55.0,171.0,189.0,-66.0,68.0,-6.0,6.0,74.0,77.0,-3.0,,-2.0,123.0,-38.0,85.0,0.0,0.0,0.0,85.0,0.0,85.0,0.0,0.0,85.0,85.0,0.0,139.6,0.6,0.6,0.6,139.6,0.6,0.6,0.6,
09/30/2013,1051.0,704.0,347.0,128.0,219.0,0.0,0.0,-480.0,215.0,196.0,19.0,265.0,265.0,,0.0,571.0,-316.0,,95.0,54.0,167.0,255.0,-65.0,65.0,-9.0,9.0,74.0,78.0,-4.0,,0.0,190.0,-59.0,131.0,0.0,0.0,0.0,131.0,0.0,131.0,0.0,0.0,131.0,131.0,0.0,140.1,0.94,0.94,0.94,140.1,0.94,0.94,0.94,
12/31/2013,1117.0,526.0,591.0,288.0,303.0,0.0,0.0,-599.0,183.0,175.0,8.0,416.0,416.0,,0.0,518.0,-345.0,,95.0,56.0,194.0,173.0,-16.0,67.0,-8.0,8.0,75.0,83.0,-8.0,,-51.0,157.0,-53.0,104.0,0.0,0.0,0.0,104.0,0.0,104.0,0.0,0.0,104.0,104.0,0.0,140.6,0.73,0.73,0.73,140.6,0.73,0.73,0.73,
03/31/2014,1590.0,678.0,912.0,458.0,454.0,0.0,0.0,-907.0,237.0,212.0,25.0,670.0,670.0,,0.0,683.0,-333.0,,95.0,58.0,180.0,350.0,-68.0,69.0,-7.0,7.0,76.0,79.0,-3.0,,-1.0,282.0,-89.0,193.0,0.0,0.0,0.0,193.0,0.0,193.0,0.0,0.0,193.0,193.0,0.0,141.1,1.37,1.37,1.37,141.1,1.37,1.37,1.37,
06/30/2014,1026.0,610.0,416.0,150.0,266.0,0.0,0.0,-545.0,227.0,211.0,16.0,318.0,318.0,,0.0,481.0,-327.0,,95.0,58.0,174.0,154.0,-12.0,68.0,-8.0,8.0,76.0,76.0,,,-56.0,142.0,-46.0,96.0,0.0,0.0,0.0,96.0,0.0,96.0,0.0,0.0,96.0,96.0,0.0,141.7,0.68,0.68,0.68,141.7,0.68,0.68,0.68,
09/30/2014,1121.0,739.0,382.0,132.0,250.0,0.0,0.0,-529.0,225.0,212.0,13.0,304.0,304.0,,0.0,592.0,-323.0,,96.0,58.0,169.0,269.0,-62.0,68.0,-11.0,11.0,79.0,84.0,-5.0,,-6.0,207.0,-63.0,144.0,0.0,0.0,0.0,144.0,0.0,144.0,0.0,0.0,144.0,144.0,0.0,142.1,1.01,1.01,1.01,142.1,1.01,1.01,1.01,
12/31/2014,1214.0,595.0,619.0,288.0,331.0,0.0,0.0,-622.0,185.0,158.0,27.0,437.0,437.0,,0.0,592.0,-358.0,,98.0,55.0,205.0,234.0,-79.0,74.0,-7.0,7.0,81.0,86.0,-5.0,,5.0,155.0,-50.0,105.0,0.0,0.0,0.0,105.0,0.0,105.0,0.0,0.0,105.0,105.0,0.0,142.6,0.73,0.73,0.73,142.6,0.73,0.73,0.73,
03/31/2015,1389.0,629.0,760.0,369.0,391.0,0.0,0.0,-710.0,187.0,174.0,13.0,523.0,523.0,,0.0,679.0,-93.0,,96.0,59.0,-62.0,586.0,42.0,72.0,-5.0,5.0,77.0,80.0,-3.0,,-114.0,628.0,-228.0,400.0,0.0,0.0,0.0,400.0,0.0,400.0,0.0,0.0,400.0,198.0,-202.0,142.9,2.8,2.8,1.385584,142.9,2.8,2.8,1.385584,
06/30/2015,967.0,638.0,329.0,130.0,199.0,0.0,0.0,-422.0,175.0,164.0,11.0,247.0,247.0,,0.0,545.0,-329.0,,97.0,59.0,173.0,216.0,-68.0,71.0,-7.0,7.0,78.0,82.0,-4.0,,-3.0,148.0,-49.0,99.0,0.0,0.0,0.0,99.0,0.0,99.0,0.0,0.0,99.0,99.0,0.0,142.9,0.69,0.69,0.69,142.9,0.69,0.69,0.69,
09/30/2015,1068.0,742.0,326.0,112.0,214.0,0.0,0.0,-461.0,201.0,187.0,14.0,260.0,260.0,,0.0,607.0,-315.0,,75.0,58.0,182.0,292.0,-70.0,73.0,-8.0,8.0,81.0,86.0,-5.0,,-3.0,222.0,-73.0,149.0,0.0,0.0,0.0,149.0,0.0,149.0,0.0,0.0,149.0,149.0,0.0,142.9,1.04,1.04,1.04,142.9,1.04,1.04,1.04,
12/31/2015,956.0,543.0,413.0,200.0,213.0,0.0,0.0,-406.0,150.0,136.0,14.0,256.0,256.0,0.0,0.0,550.0,-336.0,,90.0,58.0,188.0,214.0,-73.0,75.0,-7.0,7.0,82.0,84.0,-2.0,,-2.0,141.0,-43.0,98.0,0.0,0.0,0.0,98.0,0.0,98.0,0.0,0.0,98.0,98.0,0.0,142.9,0.69,0.69,0.69,142.9,0.69,0.69,0.69,
03/31/2016,1172.0,592.0,580.0,299.0,281.0,0.0,0.0,-506.0,147.0,136.0,11.0,359.0,359.0,,0.0,666.0,-335.0,,91.0,63.0,181.0,331.0,-76.0,78.0,-5.0,5.0,83.0,86.0,-3.0,,-2.0,255.0,-79.0,176.0,0.0,0.0,0.0,176.0,0.0,176.0,0.0,0.0,176.0,176.0,0.0,142.9,1.23,1.23,1.23,142.9,1.23,1.23,1.23,
06/30/2016,905.0,626.0,279.0,127.0,152.0,0.0,0.0,-339.0,147.0,130.0,17.0,192.0,192.0,,0.0,566.0,-345.0,,92.0,62.0,191.0,221.0,-70.0,74.0,-9.0,9.0,83.0,88.0,-5.0,,-4.0,151.0,-46.0,105.0,0.0,0.0,0.0,105.0,0.0,105.0,0.0,0.0,105.0,105.0,0.0,142.9,0.74,0.74,0.74,142.9,0.74,0.74,0.74,
09/30/2016,1093.0,817.0,276.0,111.0,165.0,0.0,0.0,-399.0,197.0,176.0,21.0,202.0,202.0,,0.0,694.0,-346.0,,93.0,66.0,187.0,348.0,-73.0,81.0,-7.0,7.0,88.0,93.0,-5.0,,-8.0,275.0,-86.0,189.0,0.0,0.0,0.0,189.0,0.0,189.0,0.0,0.0,189.0,189.0,0.0,143.0,1.32,1.32,1.32,143.0,1.32,1.32,1.32,
12/31/2016,1056.0,579.0,477.0,250.0,227.0,0.0,0.0,-449.0,147.0,133.0,14.0,302.0,302.0,,0.0,607.0,-340.0,,95.0,62.0,183.0,267.0,-83.0,109.0,,,87.0,91.0,-4.0,,-26.0,184.0,-60.0,124.0,0.0,0.0,0.0,124.0,0.0,124.0,0.0,0.0,124.0,124.0,0.0,143.0,0.867133,0.867133,0.867133,143.0,0.867133,0.867133,0.867133,
03/31/2017,1173.0,577.0,596.0,322.0,274.0,0.0,0.0,-517.0,147.0,136.0,11.0,370.0,370.0,,0.0,656.0,-336.0,,95.0,66.0,175.0,320.0,-75.0,87.0,,,87.0,93.0,-6.0,,-12.0,245.0,-74.0,171.0,0.0,0.0,0.0,171.0,0.0,171.0,0.0,0.0,171.0,171.0,0.0,143.0,1.19,1.19,1.19,143.0,1.19,1.19,1.19,
06/30/2017,1001.0,679.0,322.0,140.0,182.0,0.0,0.0,-409.0,182.0,161.0,21.0,227.0,227.0,,0.0,592.0,-341.0,,95.0,67.0,179.0,251.0,-74.0,88.0,,,88.0,95.0,-7.0,,-14.0,177.0,-56.0,121.0,0.0,0.0,0.0,121.0,0.0,121.0,0.0,0.0,121.0,121.0,0.0,143.0,0.85,0.85,0.85,143.0,0.85,0.85,0.85,
09/30/2017,1076.0,786.0,290.0,123.0,167.0,0.0,0.0,-400.0,189.0,167.0,22.0,211.0,211.0,,0.0,676.0,-554.0,,96.0,67.0,391.0,122.0,-76.0,95.0,,,95.0,97.0,-2.0,,-19.0,46.0,-12.0,34.0,0.0,0.0,0.0,34.0,0.0,34.0,0.0,0.0,34.0,166.0,132.0,143.0,0.24,0.24,1.160839,143.0,0.24,0.24,1.160839,
12/31/2017,1157.0,617.0,540.0,289.0,251.0,0.0,0.0,-504.0,156.0,130.0,26.0,348.0,348.0,,0.0,653.0,-1261.0,,96.0,64.0,1101.0,-608.0,-91.0,93.0,,,93.0,93.0,0.0,,-2.0,-699.0,254.0,-445.0,0.0,0.0,0.0,-445.0,0.0,-445.0,0.0,0.0,-445.0,306.22,751.22,143.0,-3.111888,-3.111888,2.141399,143.0,-3.111888,-3.111888,2.141399,
03/31/2018,1180.0,546.0,634.0,361.0,273.0,0.0,0.0,-617.0,211.0,159.0,52.0,406.0,406.0,,0.0,563.0,-374.0,,99.0,70.0,205.0,189.0,31.0,97.0,,,97.0,100.0,-3.0,,-128.0,220.0,-51.0,169.0,0.0,0.0,0.0,169.0,0.0,169.0,0.0,0.0,169.0,171.32,2.32,143.0,1.18,1.18,1.198042,143.0,1.18,1.18,1.196224,
06/30/2018,843.0,552.0,291.0,148.0,143.0,0.0,0.0,-362.0,170.0,155.0,15.0,192.0,192.0,,0.0,481.0,-378.0,,100.0,70.0,208.0,103.0,-91.0,95.0,,,95.0,98.0,-3.0,,-4.0,12.0,-4.0,8.0,0.0,0.0,0.0,8.0,0.0,8.0,0.0,0.0,8.0,95.23,87.23,143.0,0.06,0.06,0.665944,143.0,0.06,0.06,0.665944,
09/30/2018,926.0,669.0,257.0,122.0,135.0,0.0,0.0,-375.0,198.0,188.0,10.0,177.0,177.0,,0.0,551.0,-368.0,,100.0,67.0,201.0,183.0,-96.0,99.0,,,99.0,102.0,-3.0,,-3.0,87.0,-20.0,67.0,0.0,0.0,0.0,67.0,0.0,67.0,0.0,0.0,67.0,67.0,0.0,143.0,0.47,0.47,0.47,143.0,0.47,0.47,0.47,
12/31/2018,1103.0,555.0,548.0,303.0,245.0,0.0,0.0,-537.0,184.0,169.0,15.0,353.0,353.0,,0.0,566.0,-1770.0,,104.0,69.0,1597.0,-1204.0,-55.0,93.0,,,93.0,93.0,0.0,,-38.0,-1259.0,487.0,-772.0,0.0,0.0,0.0,-772.0,0.0,-772.0,0.0,0.0,-772.0,200.95,972.95,143.0,-5.398601,-5.398601,1.405245,143.0,-5.398601,-5.398601,1.405245,
03/31/2019,1339.5,,,,,,,,,,,,,,,,,,,,,,,,,,,,,,,242.0,,,,,,,,,,,,186.0,,,-3.63,-3.63,1.15,,-3.63,-3.63,1.15,
