Date,Net Revenue,Net Interest Income,Total Interest Income,Interest Income,Investment Income,Total Interest Expense,Total Non-Interest Income,Trading Securities G/L,Trading Account Profits/Losses,Investments & Loans Income (Loss),Other Income (Loss),Commissions & Fees Earned,Other Operating Income (Losses),Provision for Loan Losses,Net Revenue after Provisions,Total Non-Interest Expense,Commissions & Fees Paid,Other Operating Expenses,Operating Income (Loss),Non-Operating (Income) Loss,Other Non-Operating (Income) Loss,"Pretax Income (Loss), GAAP",Income Tax Expense (Benefit),Income (Loss) from Cont Ops,Net Extraordinary Losses (Gains),Discontinued Operations,Extraordinary & Accounting Items,Income (Loss) incl. Minority Interest,Minority Interest,"Net Income, GAAP",Preferred Dividends,Other Adjustments,"Net Income Avail to Common, GAAP","Net Income Avail to Common, Adj",Net Abnormal Losses (Gains),Basic Weighted Avg Shares,"Basic EPS, GAAP",Basic EPS from Cont Ops,"Basic EPS from Cont Ops, Adjusted",Diluted Weighted Avg Shares,"Diluted EPS, GAAP",Diluted EPS from Cont Ops,"Diluted EPS from Cont Ops, Adjusted",Source: Bloomberg
03/31/1990,92.902997,16.674,73.446999,22.084,51.362999,-56.772999,76.228997,,,,,70.491997,5.737,0.0,92.902997,-86.449999,2.878,83.571999,6.453,0.0,0.0,6.453,-2.732,3.721,0.0,,,3.721,0.0,3.721,0.0,,3.721,3.721,,1248.685881,0.003073,0.003073,,1248.685881,0.003073,0.003073,0.003073,
06/30/1990,96.730999,17.809999,75.822001,22.315001,53.507,-58.012001,78.921,,,,,72.111,6.81,0.0,96.730999,-88.391,3.154,85.237,8.34,0.0,0.0,8.34,-3.534,4.806,0.0,,,4.806,0.0,4.806,0.0,,4.806,4.806,,1252.786513,0.003731,0.003731,,1252.786513,0.003731,0.003731,0.003731,
09/30/1990,103.904001,18.361998,79.228998,22.997,56.231998,-60.867001,85.542003,,,,,79.272003,6.27,0.0,103.904001,-91.332003,3.227,88.105003,12.572,0.0,0.0,12.572,-5.324,7.248,0.0,,,7.248,0.0,7.248,0.0,,7.248,7.248,,1217.885604,0.005926,0.005926,,1217.885604,0.005926,0.005926,0.005926,
12/31/1990,93.854997,18.190998,81.035999,21.604,59.431999,-62.845001,75.663999,3.614,,,,68.098999,3.951,0.0,93.854997,-92.110998,3.01,89.100998,1.744,0.0,0.0,1.744,-0.738,1.006,0.0,,,1.006,0.0,1.006,0.0,,1.006,1.006,,1184.625,0.000878,0.000878,,1184.625,0.000878,0.000878,0.000878,
03/31/1991,126.087004,19.282001,79.389,19.243999,60.145,-60.106998,106.805002,,,,,98.607002,8.198,0.0,126.087004,-107.694999,3.456,104.238998,18.392,0.0,0.0,18.392,-7.789,10.603,0.0,,,10.603,0.0,10.603,0.0,,10.603,10.603,,1181.207778,0.008999,0.008999,,1181.207778,0.008999,0.008999,0.008999,
06/30/1991,128.854001,20.422001,75.214001,21.923,53.291,-54.792,108.432,,,,,98.916,9.516,0.0,128.854001,-112.292002,4.032,108.260002,16.562,0.0,0.0,16.562,-7.014,9.548,0.0,,,9.548,0.0,9.548,0.0,,9.548,9.548,,1183.804891,0.008121,0.008121,,1183.804891,0.008121,0.008121,0.008121,
09/30/1991,147.413002,20.455999,75.312998,23.108999,52.203999,-54.856998,126.957003,23.219999,,,,97.772003,5.965,0.0,147.413002,-122.948998,6.168,116.780998,24.464001,0.0,0.0,24.464001,-11.261,13.203,0.0,,,13.203001,0.0,13.203,0.0,,13.203,13.203,,1189.42425,0.011193,0.011193,,1189.42425,0.011193,0.011193,0.011193,
12/31/1991,167.273002,16.480001,72.282,23.823999,48.458,-55.801998,150.793001,40.201,,,,107.777,2.815,0.0,167.273002,-138.593999,7.023,131.570999,28.679001,0.0,0.0,28.679001,-12.565,16.114,0.0,,,16.114001,0.0,16.114,0.0,,16.114,16.114,,1193.737477,0.013498,0.013498,,1193.737477,0.013498,0.013498,0.013498,
03/31/1992,219.900009,21.618002,66.766001,23.914,42.852001,-45.147999,198.282007,41.216,,,,150.639008,6.427,0.0,219.900009,-167.043002,9.631,157.412003,52.856998,0.0,0.0,52.856998,-23.177999,29.679001,0.0,,,29.678999,0.0,29.679001,0.0,,29.679001,29.679001,,1197.898883,0.024691,0.024691,,1197.898883,0.024691,0.024691,0.024691,
06/30/1992,176.780002,23.830999,66.064001,27.211,38.853001,-42.233002,152.949003,30.157,,,,116.328003,6.464,0.0,176.780002,-143.761003,7.461,136.300003,33.019001,0.0,0.0,33.019001,-14.478,18.541,0.0,,,18.541001,0.0,18.541,0.0,,18.541,18.541,,1195.954908,0.015473,0.015473,,1195.954908,0.015473,0.015473,0.015473,
09/30/1992,159.330999,22.598999,60.061001,26.431999,33.629002,-37.462002,136.732,27.545,,,,104.931,4.256,0.0,159.330999,-144.282002,6.745,137.537003,15.049,0.0,0.0,15.049,-7.27,7.779,0.0,,,7.779,0.0,7.779,0.0,,7.779,7.779,,1179.461306,0.006584,0.006584,,1179.461306,0.006584,0.006584,0.006584,
12/31/1992,193.500996,23.492,58.139999,26.743,31.396999,-34.647999,170.008996,31.094999,,,,132.921997,5.992,0.0,193.500996,-148.198006,8.279,139.919006,45.303001,0.0,0.0,45.303001,-20.073999,25.229,0.0,,,25.229002,0.0,25.229,0.0,,25.229,25.229,,1169.4375,0.021399,0.021399,0.021399,1169.4375,0.021399,0.021399,0.021399,
03/31/1993,236.315999,26.076,59.728001,29.200001,30.528,-33.652,210.239999,40.480999,,,,164.028,5.731,0.0,236.315999,-174.925003,10.722,164.203003,61.390999,0.0,0.0,61.390999,-25.999001,35.391998,0.0,,,35.391998,0.0,35.391998,0.0,,35.391998,35.391998,,1194.425985,0.02963,0.02963,,1194.425985,0.02963,0.02963,0.02963,
06/30/1993,232.426998,28.429998,60.608,32.0,28.608,-32.178001,203.997,39.335999,,,,158.776001,5.885,0.0,232.426998,-180.453999,10.437,170.016998,51.973,0.0,0.0,51.973,-20.370001,31.603001,0.0,,,31.602999,0.0,31.603001,0.0,,31.603001,31.603001,,1200.885778,0.026173,0.026173,,1200.885778,0.026173,0.026173,0.026173,
09/30/1993,238.732003,31.124002,63.988001,34.0,29.988001,-32.863998,207.608001,42.688,,,,157.345001,7.575,0.0,238.732003,-191.060994,10.176,180.884995,47.671001,0.0,0.0,47.671001,-18.812,28.858999,6.7,,,22.159001,0.0,22.159,0.0,,22.159,22.159,,1208.175714,0.018272,0.023704,,1208.175714,0.018272,0.023704,0.023704,
12/31/1993,257.537991,34.218999,67.906999,36.799999,31.107,-33.688,223.318992,46.576,,,,170.610992,6.132,0.0,257.537991,-212.301,11.704,200.597,45.237,0.0,0.0,45.237,-16.723,28.514,0.0,,,28.514,0.0,28.514,0.0,,28.514,28.514,,1210.94998,0.023704,0.023704,0.023704,1210.94998,0.023704,0.023704,0.023704,
03/31/1994,287.905007,35.862,71.091999,38.0,33.091999,-35.23,252.043007,50.289001,,,,194.753006,7.001,0.0,287.905007,-224.361007,12.526,211.835007,63.543999,0.0,0.0,63.543999,-25.354,38.189999,0.0,,,38.189999,0.0,38.189999,0.0,,38.189999,38.189999,,1190.760778,0.032099,0.032099,,1190.760778,0.032099,0.032099,0.032099,
06/30/1994,258.194006,40.125,83.224998,38.224998,45.0,-43.099998,218.069006,40.175999,,,,170.126007,7.767,0.0,258.194006,-204.974999,11.169,193.806,53.219002,0.0,0.0,53.219002,-21.059999,32.159,0.0,,,32.159002,0.0,32.159,0.0,,32.159,32.159,,1182.600031,0.02716,0.02716,,1182.600031,0.02716,0.02716,0.02716,
09/30/1994,248.088995,42.126999,96.724998,50.724998,46.0,-54.598,205.961996,34.18,,,,162.938995,8.843,0.0,248.088995,-196.495001,11.385,185.110001,51.594002,0.0,0.0,51.594002,-20.399,31.195,0.0,,,31.195002,0.0,31.195,0.0,,31.195,31.195,,1176.524969,0.026667,0.026667,,1176.524969,0.026667,0.026667,0.026667,
12/31/1994,270.409005,46.594001,111.902,58.049999,53.852001,-65.307999,223.815004,37.950001,,,,175.106003,10.759,0.0,270.409005,-214.422997,14.264,200.158997,55.986,0.0,0.0,55.986,-22.187,33.799,0.0,,,33.799,0.0,33.799,0.0,,33.799,33.799,,1182.60004,0.028642,0.028642,0.028642,1182.60004,0.028642,0.028642,0.028642,
03/31/1995,296.853003,46.047997,125.250999,58.0,67.250999,-79.203003,250.805006,43.296001,,,,197.186005,10.323,0.0,296.853003,-233.472001,15.599,217.873001,63.381001,0.0,0.0,63.381001,-25.004999,38.375999,0.0,,,38.376001,0.0,38.375999,0.0,,38.375999,38.375999,,1188.998966,0.032593,0.032593,,1188.998966,0.032593,0.032593,0.032593,
06/30/1995,342.717992,49.639,137.305,61.0,76.305,-87.666,293.078992,52.738998,,,,230.845993,9.494,0.0,342.717992,-269.431002,19.252001,250.179001,73.287003,0.0,0.0,73.287003,-28.868,44.418999,0.0,,,44.419003,0.0,44.418999,0.0,,44.418999,44.418999,,1202.36404,0.037037,0.037037,,1202.36404,0.037037,0.037037,0.037037,
09/30/1995,385.560989,55.18,149.219002,68.0,81.219002,-94.039001,330.380989,51.985001,,,,265.575989,12.82,0.0,385.560989,-307.503008,22.877001,284.626007,78.057999,0.0,0.0,78.057999,-30.837,47.221001,0.0,,,47.220999,0.0,47.221001,0.0,,47.221001,47.221001,,1212.894024,0.038519,0.038519,,1212.894024,0.038519,0.038519,0.038519,
12/31/1995,394.770992,60.029999,156.345001,77.0,79.345001,-96.315002,334.740993,43.372002,,,,276.071991,15.297,0.0,394.770992,-332.392998,19.333,313.059998,62.377998,0.0,0.0,62.377998,-19.790001,42.588001,0.0,,,42.587997,0.0,42.588001,0.0,,42.588001,42.588001,,1214.324959,0.035556,0.035556,0.035556,1214.324959,0.035556,0.035556,0.035556,
03/31/1996,446.780985,58.944,157.953003,82.0,75.953003,-99.009003,387.836985,61.633999,,,,309.747986,16.455,0.0,446.780985,-367.111004,19.533001,347.578003,79.669998,0.0,0.0,79.669998,-32.727001,46.943001,0.0,,,46.942997,0.0,46.943001,0.0,,46.943001,46.943001,,1173.575294,0.04,0.04,0.04,1207.35228,0.04,0.04,0.04,
06/30/1996,491.782991,62.404999,163.404999,84.0,79.404999,-101.0,429.377993,73.119003,,,,336.53299,19.726,0.0,491.782991,-373.084005,21.773001,351.311005,118.698997,0.0,0.0,118.698997,-48.604,70.095001,0.0,,,70.094997,0.0,70.095001,0.0,,70.095001,70.095001,,1168.249535,0.06,0.06,0.06,1210.052238,0.057778,0.057778,0.057778,
09/30/1996,430.039001,63.966003,171.966003,87.0,84.966003,-108.0,366.072998,57.403,,,,290.404999,18.264999,0.0,430.039001,-333.541985,18.695,314.846985,96.497002,0.0,0.0,96.497002,-39.429001,57.068001,0.0,,,57.068001,0.0,57.068001,0.0,,57.068001,57.068001,,1167.297741,0.048889,0.048889,0.048889,1212.300041,0.046667,0.046667,0.046667,
12/31/1996,482.319016,69.673004,187.536003,86.0,101.536003,-117.862999,412.646011,64.746002,,,,328.51001,19.389999,0.0,482.319016,-383.122005,20.673,362.449005,99.196999,0.0,0.0,99.196999,-39.5,59.696999,0.0,,,59.696999,0.0,59.696999,0.0,,59.696999,59.696999,,1167.986275,0.051111,0.051111,0.051111,1214.10228,0.048889,0.048889,0.048889,
03/31/1997,535.653992,76.723,199.852997,106.0,93.852997,-123.129997,458.930992,69.135002,,,,389.79599,0.0,0.0,535.653992,-425.334015,22.444,402.890015,110.32,0.0,0.0,110.32,-43.584999,66.735001,0.0,,,66.735001,0.0,66.735001,0.0,,66.735001,66.735001,,1176.923206,0.057778,0.057778,0.057778,1220.568729,0.055556,0.055556,0.055556,
06/30/1997,530.783981,82.484993,215.611,111.0,104.611,-133.126007,448.298988,63.598,,,,384.700989,0.0,0.0,530.783981,-425.041004,22.216999,402.824005,105.742996,0.0,0.0,105.742996,-41.780998,63.962002,0.0,,,63.961998,0.0,63.962002,0.0,,63.962002,63.962002,,1178.900951,0.053333,0.053333,0.053333,1222.364273,0.051111,0.051111,0.051111,
09/30/1997,611.839005,94.013,236.350998,129.0,107.350998,-142.337997,517.826004,61.251999,,,,456.574005,0.0,0.0,611.839005,-484.89901,26.290001,458.609009,126.940002,0.0,0.0,126.940002,-50.415001,76.525002,0.0,,,76.525002,0.0,76.525002,0.0,,76.525002,76.525002,,1147.873466,0.066667,0.066667,0.066667,1228.504532,0.063333,0.063333,0.063333,
12/31/1997,620.472992,100.330994,248.220001,178.035004,70.184998,-147.889008,520.141998,64.0,,,,456.141998,0.0,0.0,620.472992,-477.22901,20.982,456.247009,143.244003,-39.0,39.0,104.244003,-41.188999,63.055,0.0,,,63.055004,0.0,63.055,0.0,,63.055,63.055,,1182.280518,0.053333,0.053333,0.073333,1234.799973,0.051111,0.051111,0.075556,
03/31/1998,604.406017,104.591003,260.186005,162.186005,98.0,-155.595001,499.815014,52.658001,,,,447.157013,0.0,0.0,604.406017,-492.071993,19.349001,472.722992,112.334,0.0,0.0,112.334,-44.369999,67.963997,0.0,,,67.964001,0.0,67.963997,0.0,,67.963997,67.963997,,1191.113937,0.057778,0.057778,0.057778,1236.599945,0.053333,0.053333,0.053333,
06/30/1998,637.959988,116.17099,276.813995,155.813995,121.0,-160.643005,521.788998,59.077999,,,,462.710999,0.0,0.0,637.959988,-512.079008,20.509001,491.570007,125.880997,0.0,0.0,125.880997,-49.525002,76.356003,0.0,,,76.355995,0.0,76.356003,0.0,,76.356003,76.356003,,1187.595016,0.062667,0.062667,0.062667,1229.08049,0.062222,0.062222,0.062222,
09/30/1998,705.270996,124.346008,291.126007,195.126007,96.0,-166.779999,580.924988,74.822998,,,,506.10199,0.0,0.0,705.270996,-542.772005,20.379,522.393005,162.498993,0.0,0.0,162.498993,-64.726997,97.772003,0.0,,,97.771996,0.0,97.772003,0.0,,97.772003,97.772003,,1190.529053,0.083333,0.083333,0.083333,1230.569962,0.08,0.08,0.08,
12/31/1998,788.6,130.4,130.4,130.4,,,658.2,100.2,,,,528.7,29.3,,788.6,-612.8,22.8,590.0,175.8,,,175.8,-69.4,106.4,0.0,,,106.4,0.0,106.4,0.0,0.0,106.4,106.4,,1182.0,0.09,0.09,0.09,1241.7,0.086667,0.086667,0.086667,
03/31/1999,951.585,149.851,149.851,149.851,,,801.734,131.311,,,,641.947,28.476,0.0,951.585,-715.493,24.387,691.106,236.092,,,236.092,-93.225,142.867,0.0,,,142.867,0.0,142.867,0.0,0.0,142.867,142.867,,2410.137,0.06,0.06,0.06,2515.506,0.056667,0.056667,0.056667,
06/30/1999,1116.206,196.799,403.029,300.029,103.0,-206.23,919.407,136.837,,,,782.57,0.0,0.0,1116.206,-834.325,25.512,808.813,281.879,0.0,0.0,281.879,-111.346,170.533,0.0,,,170.533,0.0,170.533,0.0,0.0,170.533,170.533,,3930.831,0.043333,0.043333,0.043333,4130.976,0.04,0.04,0.04,
09/30/1999,1015.722,210.882,437.88,324.88,113.0,-226.998,804.84,92.905,,,,711.935,0.0,0.0,1015.722,-779.859,22.277,757.582,235.863,0.0,0.0,235.863,-91.756,144.107,0.0,,,144.107,0.0,144.107,0.0,0.0,144.107,144.107,,1969.8945,0.073333,0.073333,0.073333,2063.604,0.073333,0.073333,0.073333,
12/31/1999,1274.016,233.338,495.211,495.211,0.0,-261.873,1040.678,139.443,,,,830.042,71.193,0.0,1274.016,-959.26,26.784,932.476,314.756,0.0,0.0,314.756,-124.165,190.591,0.0,,,190.591,0.0,190.591,0.0,0.0,190.591,190.591,,1217.4,0.146667,0.146667,0.146667,1217.4,0.14,0.14,0.14,
03/31/2000,1726.0,296.0,296.0,296.0,,,1430.0,245.0,,,,1160.0,25.0,0.0,1726.0,-1195.0,43.0,1152.0,531.0,-19.0,19.0,512.0,-212.0,300.0,0.0,,,300.0,0.0,300.0,0.0,0.0,300.0,300.0,,1995.0,0.153333,0.153333,0.16,2085.0,0.146667,0.146667,0.153333,
06/30/2000,1404.528,319.092,651.28,564.28,87.0,-332.188,1085.436,127.709,,,,957.727,0.0,0.0,1404.528,-1101.06,34.591,1066.469,303.461,-49.924,49.924,253.537,-116.357,137.18,0.0,,,137.18,0.0,137.18,0.0,0.0,137.18,137.18,,1359.169,0.1,0.1,0.146,1407.366,0.09,0.09,0.14,
09/30/2000,1322.577,315.88,673.435,575.435,98.0,-357.555,1006.697,96.599,,,,910.098,0.0,0.0,1322.577,-1065.349,29.397,1035.952,240.799,-16.752,16.752,224.047,-98.177,142.294,0.0,,,125.87,0.0,142.294,0.0,0.0,142.294,142.294,,1372.542,0.1,0.1,0.12,1414.897,0.1,0.1,0.12,
12/31/2000,1334.918,305.672,663.318,558.318,105.0,-357.646,1029.246,100.619,,,,928.627,0.0,0.0,1334.918,-1083.457,31.279,1052.178,251.461,-25.551,25.551,225.91,-87.205,138.705,0.0,,,138.705,0.0,138.705,0.0,0.0,138.705,138.705,,1414.0,0.1,0.1,0.11,1414.0,0.1,0.1,0.11,
03/31/2001,1200.0,257.0,589.0,302.0,287.0,-332.0,943.0,95.0,,,,848.0,0.0,0.0,1200.0,-1021.0,28.0,993.0,179.0,-15.0,15.0,164.0,-67.0,97.0,0.0,,,97.0,0.0,97.0,0.0,0.0,97.0,97.0,,1379.0,0.07,0.07,0.08,1410.0,0.07,0.07,0.08,
06/30/2001,1071.0,232.0,489.0,307.0,182.0,-257.0,839.0,55.0,,,,784.0,0.0,0.0,1071.0,-937.0,23.0,914.0,134.0,-160.0,160.0,-26.0,7.0,-19.0,-121.0,,,102.0,0.0,102.0,0.0,0.0,102.0,102.0,,1378.0,0.07,-0.01,0.07,1405.0,0.07,-0.01,0.07,
09/30/2001,997.0,230.0,431.0,283.0,148.0,-201.0,767.0,16.0,,,,751.0,0.0,0.0,997.0,-882.0,20.0,862.0,115.0,-89.0,89.0,26.0,-13.0,13.0,0.0,,,13.0,0.0,13.0,0.0,0.0,13.0,13.0,,1373.0,0.01,0.01,0.06,1395.0,0.01,0.01,0.06,
12/31/2001,1085.0,210.0,348.0,331.0,17.0,-138.0,875.0,89.0,,,,786.0,0.0,0.0,1085.0,-959.0,21.0,938.0,126.0,-155.0,155.0,-29.0,16.0,-13.0,0.0,,,-13.0,0.0,-13.0,0.0,0.0,-13.0,-13.0,,1347.0,-0.01,-0.01,0.08,1347.0,-0.01,-0.01,0.08,
03/31/2002,1048.0,218.0,309.0,206.0,103.0,-91.0,830.0,51.0,,,,779.0,0.0,0.0,1048.0,-872.0,17.0,855.0,176.0,-40.0,40.0,136.0,-50.0,86.0,-8.0,,,94.0,0.0,94.0,0.0,0.0,94.0,94.0,,1366.0,0.07,0.06,0.08,1389.0,0.07,0.06,0.08,
06/30/2002,1037.0,213.0,303.0,199.0,104.0,-90.0,824.0,49.0,,,,775.0,0.0,0.0,1037.0,-865.0,17.0,848.0,172.0,-11.0,11.0,161.0,-60.0,101.0,3.0,,,98.0,0.0,98.0,0.0,0.0,98.0,98.0,,1367.0,0.07,0.08,0.08,1385.0,0.07,0.08,0.08,
09/30/2002,1020.0,204.0,287.0,180.0,107.0,-83.0,816.0,47.0,,,,769.0,0.0,0.0,1020.0,-862.0,19.0,843.0,158.0,-159.0,159.0,-1.0,0.0,-1.0,3.0,,,-4.0,0.0,-4.0,0.0,0.0,-4.0,-4.0,,1358.0,0.0,0.0,0.07,1358.0,0.0,0.0,0.07,
12/31/2002,986.0,189.0,259.0,186.0,73.0,-70.0,797.0,37.0,,,,760.0,0.0,0.0,986.0,-848.0,17.0,831.0,138.0,-207.0,207.0,-69.0,18.0,-51.0,28.0,,,-79.0,0.0,-79.0,0.0,0.0,-79.0,-79.0,,1340.0,-0.06,-0.04,0.04,1340.0,-0.06,-0.04,0.04,
03/31/2003,900.0,175.0,239.0,148.0,91.0,-64.0,725.0,33.0,,,,692.0,0.0,0.0,900.0,-798.0,13.0,785.0,102.0,-5.0,5.0,97.0,-23.0,74.0,3.0,,,71.0,0.0,71.0,0.0,0.0,71.0,71.0,,1342.0,0.05,0.05,0.05,1357.0,0.05,0.05,0.05,
06/30/2003,1018.0,180.0,244.0,149.0,95.0,-64.0,838.0,43.0,,,,795.0,0.0,0.0,1018.0,-812.0,20.0,792.0,206.0,-24.0,24.0,182.0,-56.0,126.0,0.0,,,126.0,0.0,126.0,0.0,0.0,126.0,126.0,,1340.0,0.1,0.1,0.1,1360.0,0.09,0.09,0.09,
09/30/2003,997.0,181.0,235.0,235.0,,-54.0,816.0,22.0,,,,758.0,36.0,0.0,997.0,-766.0,10.0,756.0,231.0,-35.0,35.0,196.0,-72.0,124.0,-3.0,,,127.0,,127.0,0.0,0.0,127.0,127.0,,1342.0,0.09,0.09,0.12,1366.0,0.09,0.09,0.12,
12/31/2003,1118.0,193.0,251.0,163.0,88.0,-58.0,925.0,47.0,,,,878.0,0.0,0.0,1118.0,-864.0,23.0,841.0,254.0,-20.0,20.0,234.0,-86.0,148.0,0.0,,,148.0,0.0,148.0,0.0,0.0,148.0,148.0,,1345.0,0.11,0.11,0.11,1371.0,0.11,0.11,0.11,
03/31/2004,1190.0,210.0,263.0,171.0,92.0,-53.0,980.0,52.0,,,,928.0,0.0,0.0,1190.0,-943.0,23.0,920.0,247.0,0.0,0.0,247.0,-86.0,161.0,0.0,,,161.0,0.0,161.0,0.0,0.0,161.0,161.0,,1348.0,0.12,0.12,0.12,1375.0,0.12,0.12,0.12,
06/30/2004,1112.0,224.0,276.0,181.0,95.0,-52.0,888.0,40.0,,,,848.0,0.0,0.0,1112.0,-931.0,21.0,910.0,181.0,-2.0,2.0,179.0,-66.0,113.0,0.0,,,113.0,0.0,113.0,0.0,0.0,113.0,113.0,,1352.0,0.08,0.08,0.08,1373.0,0.08,0.08,0.08,
09/30/2004,1000.0,245.0,317.0,204.0,113.0,-72.0,755.0,22.0,,,,733.0,0.0,0.0,1000.0,-816.0,9.0,807.0,184.0,-112.0,112.0,72.0,-26.0,46.0,87.0,,,-41.0,0.0,-41.0,0.0,0.0,-41.0,-41.0,,1344.0,-0.03,0.03,0.08,1364.0,-0.03,0.03,0.08,
12/31/2004,1059.0,257.0,357.0,231.0,126.0,-100.0,802.0,20.0,,,,742.0,40.0,0.0,1059.0,-800.0,10.0,790.0,260.0,-100.0,100.0,160.0,-58.0,102.0,49.0,,,53.0,0.0,53.0,0.0,0.0,53.0,53.0,,1325.0,0.04,0.08,0.12,1348.0,0.04,0.08,0.12,
03/31/2005,1059.0,274.0,412.0,251.0,161.0,-138.0,785.0,207.0,,,,547.0,31.0,0.0,1059.0,-792.0,9.0,783.0,267.0,-21.0,21.0,246.0,-95.0,151.0,6.0,,,145.0,0.0,145.0,0.0,0.0,145.0,145.0,,1310.0,0.11,0.11,0.12,1326.0,0.11,0.11,0.12,
06/30/2005,1087.0,297.0,464.0,283.0,181.0,-167.0,790.0,187.0,,,,552.0,51.0,0.0,1087.0,-784.0,10.0,774.0,303.0,0.0,0.0,303.0,-117.0,186.0,0.0,,,186.0,0.0,186.0,0.0,0.0,186.0,186.0,,1300.0,0.14,0.14,0.14,1314.0,0.14,0.14,0.14,
09/30/2005,1138.0,331.0,509.0,313.0,196.0,-178.0,807.0,187.0,,,,584.0,36.0,0.0,1138.0,-813.0,0.0,813.0,325.0,4.0,-4.0,329.0,-123.0,206.0,-1.0,,,207.0,0.0,207.0,0.0,0.0,207.0,207.0,,1290.0,0.16,0.16,0.16,1308.0,0.16,0.16,0.16,
12/31/2005,335.0,120.0,138.0,26.0,112.0,-18.0,215.0,197.0,,,,-9.0,27.0,0.0,335.0,-206.0,0.0,206.0,148.0,1.0,-1.0,149.0,-58.0,91.0,-96.0,,,187.0,0.0,187.0,0.0,0.0,187.0,187.0,,1290.0,0.15,0.15,0.15,1298.0,0.14,0.14,0.14,
03/31/2006,1054.0,338.0,489.0,271.0,218.0,-151.0,716.0,227.0,,,,459.0,30.0,0.0,1054.0,-701.0,0.0,701.0,353.0,0.0,0.0,353.0,-139.0,214.0,-29.0,,,243.0,0.0,243.0,0.0,0.0,243.0,243.0,,1281.0,0.19,0.17,0.18,1296.0,0.19,0.17,0.18,
06/30/2006,1093.0,365.0,533.0,295.0,238.0,-168.0,728.0,210.0,,,,479.0,39.0,0.0,1093.0,-724.0,0.0,724.0,369.0,0.0,0.0,369.0,-146.0,223.0,-28.0,,,251.0,0.0,251.0,0.0,0.0,251.0,251.0,,1278.0,0.2,0.17,0.17,1294.0,0.19,0.17,0.17,
09/30/2006,1066.0,360.0,543.0,304.0,239.0,-183.0,706.0,167.0,,,,489.0,50.0,0.0,1066.0,-684.0,0.0,684.0,382.0,0.0,0.0,382.0,-152.0,230.0,-36.0,,,266.0,0.0,266.0,0.0,0.0,266.0,266.0,,1263.0,0.21,0.18,0.18,1277.0,0.21,0.18,0.18,
12/31/2006,1096.0,371.0,548.0,315.0,233.0,-177.0,725.0,181.0,,,,518.0,26.0,0.0,1096.0,-724.0,0.0,724.0,372.0,0.0,0.0,372.0,-148.0,224.0,-243.0,,,467.0,0.0,467.0,0.0,0.0,467.0,467.0,,1262.0,0.37,0.18,0.18,1274.0,0.37,0.18,0.18,
03/31/2007,1153.0,384.0,551.0,318.0,233.0,-167.0,769.0,202.0,,,,534.0,33.0,0.0,1153.0,-762.0,0.0,762.0,391.0,0.0,0.0,391.0,-155.0,236.0,-37.0,,,273.0,0.0,273.0,0.0,0.0,273.0,273.0,,1251.0,0.22,0.19,0.19,1266.0,0.22,0.19,0.19,
06/30/2007,1205.0,389.0,553.0,320.0,233.0,-164.0,816.0,198.0,,,,586.0,32.0,0.0,1205.0,-781.0,0.0,781.0,424.0,0.0,0.0,424.0,-168.0,256.0,-36.0,,,292.0,0.0,292.0,0.0,0.0,292.0,292.0,,1243.0,0.24,0.21,0.21,1257.0,0.23,0.2,0.2,
09/30/2007,1291.0,433.0,593.0,360.0,233.0,-160.0,858.0,218.0,,,,610.0,30.0,0.0,1291.0,-779.0,0.0,779.0,512.0,0.0,0.0,512.0,-189.0,323.0,-1211.0,,,1534.0,0.0,1534.0,0.0,0.0,1534.0,1534.0,,1188.0,1.29,0.27,0.27,1201.0,1.28,0.27,0.27,
12/31/2007,1345.0,441.0,573.0,355.0,218.0,-132.0,904.0,242.0,242.0,,,628.0,34.0,0.0,1345.0,-819.0,0.0,819.0,526.0,0.0,0.0,526.0,-221.0,305.0,-3.0,,,308.0,0.0,308.0,0.0,0.0,308.0,308.0,,1167.0,0.27,0.26,0.26,1167.0,0.26,0.26,0.26,
03/31/2008,1307.0,419.0,510.0,510.0,0.0,-91.0,888.0,246.0,246.0,,,613.0,29.0,0.0,1307.0,-799.0,0.0,799.0,508.0,0.0,0.0,508.0,-203.0,305.0,0.0,,,305.0,0.0,305.0,0.0,0.0,305.0,305.0,,1149.0,0.27,0.27,0.27,1159.0,0.26,0.26,0.26,
06/30/2008,1308.0,427.0,478.0,478.0,0.0,-51.0,881.0,230.0,,,,618.0,33.0,0.0,1308.0,-794.0,0.0,794.0,514.0,0.0,0.0,514.0,-201.0,313.0,18.0,,,295.0,0.0,295.0,0.0,0.0,295.0,295.0,,1145.0,0.26,0.27,0.27,1154.0,0.26,0.27,0.27,
09/30/2008,1251.0,447.0,497.0,497.0,0.0,-50.0,804.0,252.0,,,,596.0,-44.0,0.0,1251.0,-752.0,0.0,752.0,499.0,0.0,0.0,499.0,-195.0,304.0,0.0,,,304.0,0.0,304.0,0.0,0.0,304.0,304.0,,1148.0,0.26,0.26,0.3,1158.0,0.26,0.26,0.3,
12/31/2008,1284.0,372.0,423.0,423.0,0.0,-51.0,912.0,352.0,,,,528.0,32.0,0.0,1284.0,-777.0,0.0,777.0,507.0,0.0,0.0,507.0,-199.0,308.0,0.0,,,308.0,0.0,308.0,0.0,0.0,308.0,308.0,,1150.0,0.27,0.27,0.28,1158.0,0.27,0.27,0.28,
03/31/2009,1111.0,306.0,346.0,346.0,,-40.0,805.0,245.0,259.0,-14.0,0.0,502.0,58.0,,1111.0,-756.0,0.0,756.0,355.0,0.0,0.0,355.0,-137.0,218.0,0.0,0.0,0.0,218.0,0.0,218.0,0.0,0.0,218.0,218.0,0.0,1153.0,0.19,0.19,0.19,1156.0,0.19,0.19,0.19,
06/30/2009,1085.0,302.0,361.0,361.0,,-59.0,783.0,259.0,272.0,-13.0,0.0,486.0,38.0,,1085.0,-750.0,0.0,750.0,335.0,0.0,0.0,335.0,-130.0,205.0,0.0,0.0,0.0,205.0,0.0,205.0,0.0,0.0,205.0,205.0,36.4,1156.0,0.18,0.18,0.208824,1160.0,0.18,0.18,0.208824,
09/30/2009,1011.0,294.0,356.0,356.0,,-62.0,717.0,230.0,241.0,-11.0,0.0,451.0,36.0,,1011.0,-691.0,0.0,691.0,320.0,0.0,0.0,320.0,-120.0,200.0,0.0,0.0,0.0,200.0,0.0,200.0,0.0,0.0,200.0,200.0,0.0,1157.0,0.17,0.17,0.17,1163.0,0.17,0.17,0.17,
12/31/2009,986.0,305.0,365.0,365.0,,-60.0,681.0,202.0,224.0,-22.0,0.0,436.0,43.0,,986.0,-720.0,0.0,720.0,266.0,0.0,0.0,266.0,-102.0,164.0,0.0,0.0,0.0,164.0,0.0,164.0,0.0,0.0,164.0,164.0,0.0,1163.0,0.14,0.14,0.14,1163.0,0.14,0.14,0.14,
03/31/2010,992.0,340.0,391.0,391.0,,-51.0,652.0,201.0,209.0,-8.0,0.0,420.0,31.0,-14.0,978.0,-965.0,0.0,965.0,13.0,0.0,0.0,13.0,-7.0,6.0,0.0,0.0,0.0,6.0,0.0,6.0,0.0,0.0,6.0,6.0,127.4,1183.0,0.0,0.0,0.112764,1188.0,0.0,0.0,0.107239,
06/30/2010,1081.0,383.0,428.0,428.0,,-45.0,698.0,225.0,233.0,-8.0,0.0,437.0,36.0,-1.0,1080.0,-742.0,0.0,742.0,338.0,0.0,0.0,338.0,-133.0,205.0,0.0,0.0,0.0,205.0,0.0,205.0,0.0,0.0,205.0,205.0,0.0,1191.0,0.17,0.17,0.17,1195.0,0.17,0.17,0.17,
09/30/2010,1066.0,387.0,442.0,442.0,,-55.0,679.0,179.0,182.0,-3.0,0.0,468.0,32.0,-3.0,1063.0,-864.0,0.0,864.0,199.0,0.0,0.0,199.0,-75.0,124.0,0.0,0.0,0.0,124.0,0.0,124.0,0.0,0.0,124.0,124.0,92.3,1192.0,0.1,0.1,0.18146,1194.0,0.1,0.1,0.177303,
12/31/2010,1136.0,414.0,462.0,462.0,,-48.0,722.0,189.0,206.0,-17.0,0.0,497.0,36.0,-9.0,1127.0,-898.0,0.0,898.0,229.0,0.0,0.0,229.0,-110.0,119.0,0.0,0.0,0.0,119.0,0.0,119.0,0.0,0.0,119.0,119.0,80.6,1200.0,0.1,0.1,0.166333,1200.0,0.1,0.1,0.166333,
03/31/2011,1211.0,436.0,481.0,481.0,,-45.0,775.0,234.0,241.0,-7.0,0.0,502.0,39.0,-4.0,1207.0,-813.0,0.0,813.0,394.0,0.0,0.0,394.0,-151.0,243.0,0.0,0.0,0.0,243.0,0.0,243.0,0.0,0.0,243.0,243.0,0.0,1203.0,0.2,0.2,0.2,1207.0,0.2,0.2,0.2,
06/30/2011,1191.0,451.0,496.0,496.0,,-45.0,740.0,203.0,205.0,-2.0,0.0,502.0,35.0,-1.0,1190.0,-804.0,0.0,804.0,386.0,0.0,0.0,386.0,-148.0,238.0,0.0,0.0,0.0,238.0,0.0,238.0,0.0,0.0,238.0,238.0,4.55,1207.0,0.2,0.2,0.200953,1210.0,0.2,0.2,0.200953,
09/30/2011,1189.0,443.0,487.0,487.0,,-44.0,746.0,235.0,248.0,-13.0,0.0,466.0,45.0,-8.0,1181.0,-821.0,0.0,821.0,360.0,0.0,0.0,360.0,-140.0,220.0,0.0,0.0,0.0,220.0,0.0,220.0,0.0,0.0,220.0,220.0,10.0,1228.0,0.18,0.18,0.187296,1229.0,0.18,0.18,0.187296,
12/31/2011,1118.0,395.0,436.0,436.0,,-41.0,723.0,224.0,233.0,-9.0,0.0,458.0,41.0,-5.0,1113.0,-861.0,0.0,861.0,252.0,0.0,0.0,252.0,-89.0,163.0,0.0,0.0,0.0,163.0,0.0,163.0,0.0,0.0,163.0,163.0,1.3,1271.0,0.13,0.13,0.129268,1271.0,0.13,0.13,0.129268,
03/31/2012,1189.0,434.0,472.0,472.0,,-38.0,755.0,225.0,243.0,-18.0,0.0,484.0,46.0,0.0,1189.0,-876.0,0.0,876.0,313.0,0.0,0.0,313.0,-118.0,195.0,0.0,0.0,0.0,195.0,0.0,195.0,0.0,0.0,195.0,195.0,0.0,1272.0,0.15,0.15,0.15,1273.0,0.15,0.15,0.15,
06/30/2012,1287.0,458.0,497.0,497.0,,-39.0,829.0,212.0,219.0,-7.0,0.0,496.0,121.0,-4.0,1283.0,-851.0,0.0,851.0,432.0,0.0,0.0,432.0,-157.0,275.0,0.0,0.0,0.0,275.0,0.0,275.0,-14.0,0.0,261.0,261.0,0.0,1273.0,0.2,0.2,0.2,1274.0,0.2,0.2,0.2,
09/30/2012,1206.0,439.0,478.0,478.0,,-39.0,767.0,201.0,204.0,-3.0,0.0,524.0,42.0,-10.0,1196.0,-835.0,0.0,835.0,361.0,0.0,0.0,361.0,-114.0,247.0,0.0,0.0,0.0,247.0,0.0,247.0,-9.0,0.0,238.0,238.0,-20.0,1274.0,0.19,0.19,0.171115,1275.0,0.19,0.19,0.171115,
12/31/2012,1217.0,433.0,467.0,467.0,,-34.0,784.0,198.0,202.0,-4.0,0.0,539.0,47.0,-2.0,1215.0,-871.0,0.0,871.0,344.0,0.0,0.0,344.0,-133.0,211.0,0.0,0.0,0.0,211.0,0.0,211.0,-22.0,0.0,189.0,189.0,0.0,1278.0,0.15,0.15,0.15,1278.0,0.15,0.15,0.15,
03/31/2013,1296.0,469.0,497.0,497.0,,-28.0,827.0,219.0,223.0,-4.0,0.0,552.0,56.0,-6.0,1290.0,-959.0,0.0,959.0,331.0,0.0,0.0,331.0,-125.0,206.0,0.0,0.0,0.0,206.0,0.0,206.0,-8.0,0.0,198.0,198.0,0.0,1279.0,0.15,0.15,0.15,1282.0,0.15,0.15,0.15,
06/30/2013,1336.0,473.0,499.0,499.0,,-26.0,863.0,232.0,235.0,-3.0,0.0,572.0,59.0,1.0,1337.0,-925.0,0.0,925.0,412.0,0.0,0.0,412.0,-156.0,256.0,0.0,0.0,0.0,256.0,0.0,256.0,-23.0,0.0,233.0,233.0,0.0,1282.0,0.18,0.18,0.18,1288.0,0.18,0.18,0.18,
09/30/2013,1369.0,506.0,531.0,531.0,,-25.0,863.0,223.0,224.0,-1.0,0.0,583.0,57.0,4.0,1373.0,-909.0,0.0,909.0,464.0,0.0,0.0,464.0,-174.0,290.0,0.0,0.0,0.0,290.0,0.0,290.0,-8.0,0.0,282.0,282.0,0.0,1287.0,0.22,0.22,0.22,1296.0,0.22,0.22,0.22,
12/31/2013,1433.0,532.0,558.0,558.0,,-26.0,901.0,229.0,231.0,-2.0,0.0,608.0,64.0,2.0,1435.0,-937.0,0.0,937.0,498.0,0.0,0.0,498.0,-179.0,319.0,0.0,0.0,0.0,319.0,0.0,319.0,-22.0,0.0,297.0,297.0,0.0,1304.0,0.23,0.23,0.23,1304.0,0.23,0.23,0.23,
03/31/2014,1479.0,553.0,579.0,579.0,,-26.0,926.0,247.0,247.0,0.0,0.0,611.0,68.0,-1.0,1478.0,-956.0,0.0,956.0,522.0,0.0,0.0,522.0,-196.0,326.0,0.0,0.0,0.0,326.0,0.0,326.0,-8.0,0.0,318.0,318.0,0.0,1299.0,0.24,0.24,0.24,1311.0,0.24,0.24,0.24,
06/30/2014,1471.0,562.0,588.0,588.0,,-26.0,909.0,212.0,212.0,0.0,0.0,632.0,65.0,7.0,1478.0,-957.0,0.0,957.0,521.0,0.0,0.0,521.0,-197.0,324.0,0.0,0.0,0.0,324.0,0.0,324.0,-22.0,0.0,302.0,302.0,-13.13,1302.0,0.23,0.23,0.221866,1313.0,0.23,0.23,0.22,
09/30/2014,1550.0,573.0,600.0,600.0,,-27.0,977.0,208.0,209.0,-1.0,0.0,649.0,120.0,1.0,1551.0,-1033.0,0.0,1033.0,518.0,0.0,0.0,518.0,-197.0,321.0,0.0,0.0,0.0,321.0,0.0,321.0,-9.0,0.0,312.0,312.0,0.0,1304.0,0.24,0.24,0.24,1316.0,0.24,0.24,0.24,
12/31/2014,1554.0,584.0,607.0,607.0,,-23.0,970.0,239.0,239.0,0.0,0.0,641.0,90.0,-3.0,1551.0,-997.0,0.0,997.0,554.0,0.0,0.0,554.0,-204.0,350.0,0.0,0.0,0.0,350.0,0.0,350.0,-21.0,0.0,329.0,329.0,-18.2,1320.0,0.25,0.25,0.235455,1320.0,0.25,0.25,0.235455,
03/31/2015,1522.0,588.0,617.0,617.0,,-29.0,934.0,227.0,227.0,0.0,0.0,644.0,63.0,4.0,1526.0,-1042.0,0.0,1042.0,484.0,0.0,0.0,484.0,-182.0,302.0,0.0,0.0,0.0,302.0,0.0,302.0,-11.0,0.0,291.0,291.0,0.0,1312.0,0.22,0.22,0.22,1323.0,0.22,0.22,0.22,
06/30/2015,1564.0,612.0,645.0,645.0,,-33.0,952.0,203.0,203.0,0.0,0.0,670.0,79.0,2.0,1566.0,-999.0,0.0,999.0,567.0,0.0,0.0,567.0,-214.0,353.0,0.0,0.0,0.0,353.0,0.0,353.0,-23.0,0.0,330.0,330.0,-13.26,1314.0,0.25,0.25,0.24105,1326.0,0.25,0.25,0.24,
09/30/2015,1592.0,635.0,669.0,669.0,,-34.0,957.0,228.0,228.0,0.0,0.0,663.0,66.0,5.0,1597.0,-1014.0,0.0,1014.0,583.0,0.0,0.0,583.0,-207.0,376.0,0.0,0.0,0.0,376.0,0.0,376.0,-11.0,0.0,365.0,365.0,0.0,1316.0,0.28,0.28,0.28,1328.0,0.28,0.28,0.28,
12/31/2015,1691.0,690.0,726.0,726.0,,-36.0,1001.0,208.0,208.0,0.0,0.0,673.0,120.0,0.0,1691.0,-1046.0,0.0,1046.0,645.0,0.0,0.0,645.0,-229.0,416.0,0.0,0.0,0.0,416.0,0.0,416.0,-38.0,0.0,378.0,378.0,-15.0,1319.0,0.29,0.29,0.275208,1330.0,0.28,0.28,0.268722,
03/31/2016,1766.0,772.0,810.0,810.0,,-38.0,994.0,232.0,232.0,0.0,0.0,699.0,63.0,-2.0,1764.0,-1109.0,0.0,1109.0,655.0,0.0,0.0,655.0,-243.0,412.0,0.0,0.0,0.0,412.0,0.0,412.0,-20.0,0.0,392.0,392.0,0.0,1321.0,0.3,0.3,0.3,1330.0,0.29,0.29,0.29,
06/30/2016,1826.0,798.0,840.0,840.0,,-42.0,1028.0,201.0,201.0,0.0,0.0,757.0,70.0,2.0,1828.0,-1108.0,0.0,1108.0,720.0,0.0,0.0,720.0,-268.0,452.0,0.0,0.0,0.0,452.0,0.0,452.0,-46.0,0.0,406.0,406.0,0.0,1322.0,0.31,0.31,0.31,1333.0,0.3,0.3,0.3,
09/30/2016,1909.0,845.0,891.0,891.0,,-46.0,1064.0,190.0,190.0,0.0,0.0,798.0,76.0,5.0,1914.0,-1120.0,0.0,1120.0,794.0,0.0,0.0,794.0,-291.0,503.0,0.0,0.0,0.0,503.0,0.0,503.0,-33.0,0.0,470.0,470.0,0.0,1324.0,0.36,0.36,0.36,1334.0,0.35,0.35,0.35,
12/31/2016,1972.0,907.0,952.0,952.0,,-45.0,1065.0,202.0,202.0,0.0,0.0,801.0,62.0,0.0,1972.0,-1148.0,0.0,1148.0,824.0,0.0,0.0,824.0,-302.0,522.0,0.0,0.0,0.0,522.0,0.0,522.0,-44.0,0.0,478.0,478.0,-2.0,1329.0,0.36,0.36,0.358164,1341.0,0.36,0.36,0.358164,
03/31/2017,2081.0,1000.0,1055.0,1055.0,,-55.0,1081.0,192.0,192.0,0.0,0.0,823.0,66.0,,2081.0,-1238.0,0.0,1238.0,843.0,0.0,0.0,843.0,-279.0,564.0,0.0,0.0,0.0,564.0,0.0,564.0,-39.0,0.0,525.0,525.0,-31.0,1336.0,0.39,0.39,0.36976,1351.0,0.39,0.39,0.367054,
06/30/2017,2130.0,1053.0,1127.0,1127.0,,-74.0,1077.0,157.0,157.0,0.0,0.0,845.0,75.0,,2130.0,-1221.0,0.0,1221.0,909.0,0.0,0.0,909.0,-334.0,575.0,0.0,0.0,0.0,575.0,0.0,575.0,-45.0,0.0,530.0,530.0,0.0,1338.0,0.4,0.4,0.4,1351.0,0.39,0.39,0.39,
09/30/2017,2165.0,1082.0,1176.0,1176.0,,-94.0,1083.0,151.0,151.0,0.0,0.0,861.0,71.0,,2165.0,-1220.0,0.0,1220.0,945.0,0.0,0.0,945.0,-327.0,618.0,0.0,0.0,0.0,618.0,0.0,618.0,-43.0,0.0,575.0,575.0,0.0,1339.0,0.43,0.43,0.43,1353.0,0.42,0.42,0.42,
12/31/2017,2242.0,1147.0,1266.0,1266.0,,-119.0,1095.0,154.0,154.0,,0.0,863.0,78.0,,2242.0,-1289.0,0.0,1289.0,953.0,0.0,0.0,953.0,-356.0,597.0,0.0,0.0,0.0,597.0,0.0,597.0,-47.0,0.0,550.0,550.0,31.0,1343.0,0.409531,0.409531,0.432614,1357.0,0.405306,0.405306,0.42815,
03/31/2018,2398.0,1263.0,1421.0,1421.0,,-158.0,1135.0,201.0,201.0,0.0,0.0,851.0,83.0,0.0,2398.0,-1396.0,0.0,1396.0,1002.0,0.0,0.0,1002.0,-219.0,783.0,0.0,0.0,0.0,783.0,0.0,783.0,-37.0,0.0,746.0,746.0,0.0,1347.0,0.55,0.55,0.55,1362.0,0.55,0.55,0.55,
06/30/2018,2486.0,1407.0,1590.0,1590.0,,-183.0,1079.0,180.0,180.0,0.0,0.0,814.0,85.0,0.0,2486.0,-1355.0,0.0,1355.0,1131.0,0.0,0.0,1131.0,-265.0,866.0,0.0,0.0,0.0,866.0,0.0,866.0,-53.0,0.0,813.0,813.0,0.0,1350.0,0.6,0.6,0.6,1364.0,0.6,0.6,0.6,
09/30/2018,2579.0,1527.0,1755.0,1755.0,,-228.0,1052.0,176.0,176.0,0.0,0.0,809.0,67.0,,2579.0,-1360.0,0.0,1360.0,1219.0,0.0,0.0,1219.0,-296.0,923.0,0.0,0.0,0.0,923.0,0.0,923.0,-38.0,0.0,885.0,885.0,0.0,1351.0,0.66,0.66,0.66,1364.0,0.65,0.65,0.65,
12/31/2018,2669.0,1626.0,1914.0,1914.0,,-288.0,1043.0,206.0,206.0,0.0,0.0,755.0,82.0,,2669.0,-1459.0,0.0,1459.0,1210.0,0.0,0.0,1210.0,-275.0,935.0,0.0,0.0,0.0,935.0,0.0,935.0,-50.0,0.0,885.0,885.0,0.0,1343.0,0.66,0.66,0.66,1354.0,0.65,0.65,0.65,
03/31/2019,2723.0,1681.0,1998.0,1998.0,,-317.0,1042.0,217.0,217.0,0.0,0.0,755.0,70.0,,2723.0,-1459.0,0.0,1459.0,1264.0,0.0,0.0,1264.0,-300.0,964.0,0.0,0.0,0.0,964.0,0.0,964.0,-39.0,0.0,925.0,925.0,0.0,1333.0,0.69,0.69,0.69,1344.0,0.69,0.69,0.69,
06/30/2019,2681.0,1609.0,1927.0,1927.0,,-318.0,1072.0,174.0,174.0,0.0,0.0,786.0,112.0,,2681.0,-1445.0,0.0,1445.0,1236.0,0.0,0.0,1236.0,-299.0,937.0,0.0,0.0,0.0,937.0,0.0,937.0,-50.0,0.0,887.0,887.0,0.0,1328.0,0.67,0.67,0.67,1337.0,0.66,0.66,0.66,
09/30/2019,2711.0,1631.0,1892.0,1892.0,,-261.0,1080.0,172.0,172.0,0.0,0.0,825.0,83.0,,2711.0,-1475.0,0.0,1475.0,1236.0,0.0,0.0,1236.0,-285.0,951.0,0.0,0.0,0.0,951.0,0.0,951.0,-38.0,0.0,913.0,913.0,0.0,1300.0,0.7,0.7,0.7,1308.0,0.7,0.7,0.7,
12/31/2019,2606.0,1595.0,1763.0,1763.0,,-168.0,1011.0,86.0,86.0,0.0,0.0,845.0,80.0,0.0,2606.0,-1494.0,0.0,1494.0,1112.0,0.0,0.0,1112.0,-260.0,852.0,0.0,0.0,0.0,852.0,0.0,852.0,-51.0,0.0,801.0,801.0,12.93,1284.0,0.62,0.62,0.633902,1293.0,0.62,0.62,0.63,
03/31/2020,2617.0,1572.0,1708.0,1708.0,,-136.0,1045.0,188.0,188.0,0.0,0.0,827.0,30.0,,2617.0,-1570.0,0.0,1570.0,1047.0,0.0,0.0,1047.0,-252.0,795.0,0.0,0.0,0.0,795.0,0.0,795.0,-38.0,0.0,757.0,757.0,29.23,1287.0,0.59,0.59,0.610901,1294.0,0.58,0.58,0.602589,
06/30/2020,2450.0,1389.0,1486.0,1486.0,,-97.0,1061.0,193.0,193.0,0.0,0.0,801.0,67.0,,2450.0,-1562.0,0.0,1562.0,888.0,0.0,0.0,888.0,-217.0,671.0,0.0,0.0,0.0,671.0,0.0,671.0,-50.0,0.0,621.0,621.0,61.83871,1288.0,0.48,0.48,0.530154,1294.0,0.48,0.48,0.527789,
09/30/2020,2507.571,,,,,,,,,,,,,,,,,,1001.667,,,959.417,,687.0,,,,,,687.0,,,687.0,687.0,,,0.495,0.495,0.511,,0.495,0.495,0.511,
12/31/2020,2478.143,,,,,,,,,,,,,,,,,,937.5,,,929.5,,682.286,,,,,,682.286,,,682.286,682.286,,,0.479,0.479,0.492,,0.479,0.479,0.492,
