Date,Revenue,Sales & Services Revenue,Other Revenue,Cost of Revenue,Cost of Goods & Services,Gross Profit,Other Operating Income,Operating Expenses,"Selling, General & Admin",General & Administrative,Research & Development,Other Operating Expense,Operating Income (Loss),Non-Operating (Income) Loss,"Interest Expense, Net",Interest Expense,Interest Income,Foreign Exch (Gain) Loss,Other Non-Op (Income) Loss,Pretax Income,Income Tax Expense (Benefit),Income (Loss) from Cont Ops,Net Extraordinary Losses (Gains),Discontinued Operations,XO & Accounting Changes,Income (Loss) Incl. MI,Minority Interest,"Net Income, GAAP",Preferred Dividends,Other Adjustments,"Net Income Avail to Common, GAAP","Net Income Avail to Common, Adj",Net Abnormal Losses (Gains),Basic Weighted Avg Shares,"Basic EPS, GAAP",Basic EPS from Cont Ops,"Basic EPS from Cont Ops, Adjusted",Diluted Weighted Avg Shares,"Diluted EPS, GAAP",Diluted EPS from Cont Ops,"Diluted EPS from Cont Ops, Adjusted",Source: Bloomberg
03/31/1990,150.656006,,,-106.716003,,43.940002,,-6.45,,,,,37.490002,-6.739,,8.804,,,-2.065,30.751002,-11.0,19.750999,,,,19.751002,,19.750999,-1.951,,17.799999,17.799999,,145.340996,0.123333,0.123333,,145.340996,0.123333,0.123333,0.123333,
06/30/1990,138.966003,,,-103.305,,35.661003,,-6.776,,,,,28.885,-4.233,,9.57,,,-5.337,24.652,-9.0,15.652,,,,15.652,,15.652,-1.362,,14.29,14.29,,143.984997,0.1,0.1,,143.984997,0.1,0.1,0.1,
09/30/1990,129.033997,,,-97.078003,,31.955994,,-7.486,,,,,24.469999,-4.485,,9.036,,,-4.551,19.984999,-7.0,12.985,,,,12.984999,,12.985,0.0,,12.985,12.985,,139.659004,0.093333,0.093333,,139.659004,0.093333,0.093333,0.093333,
12/31/1990,144.5,,,-106.137001,,38.362999,,-7.325,,,,,31.038,-6.994,,8.685,,,-1.691,24.044,-8.9,15.144,,,,15.144,,15.144,-0.001,,15.143,15.143,,137.389503,0.11,0.11,,137.389503,0.11,0.11,0.11,
03/31/1991,153.479004,,,-107.689003,,45.790001,,-7.926,,,,,37.863998,-7.725,,9.684,,,-1.959,30.138998,-11.4,18.739,,,,18.738999,,18.739,0.0,,18.739,18.739,,138.170998,0.136667,0.136667,,138.170998,0.136667,0.136667,0.136667,
06/30/1991,156.076996,,,-112.421997,,43.654999,,-8.799,,,,,34.855999,-8.669,,10.609,,,-1.94,26.186999,-9.9,16.287001,,,,16.286999,,16.287001,0.0,,16.287001,16.287001,,139.053005,0.116667,0.116667,,139.053005,0.116667,0.116667,0.116667,
09/30/1991,152.513,,,-114.542999,,37.970001,,-7.949,,,,,30.021,-9.604,,10.776,,,-1.172,20.417,-2.3,18.117001,,,,18.117,,18.117001,0.0,,18.117001,18.117001,,143.126999,0.126667,0.126667,,143.126999,0.126667,0.126667,0.126667,
12/31/1991,181.179001,,,-130.085999,,51.093002,,-10.774,,,,,40.319,-8.19,,11.36,,,-3.17,32.129,-11.9,20.229,,,,20.229,,20.229,0.0,,20.229,20.229,,150.54,0.133333,0.133333,,150.54,0.133333,0.133333,0.133333,
03/31/1992,200.746002,,,-137.046005,,63.699997,,-10.577,,,,,53.123001,-12.553,,13.285,,,-0.732,40.570001,-15.4,25.17,,,,25.170002,,25.17,0.0,,25.17,25.17,,153.509995,0.163333,0.163333,,153.509995,0.163333,0.163333,0.163333,
06/30/1992,187.098999,,,-136.126999,,50.972,,-9.01,,,,,41.962002,-9.99,,13.887,,,-3.897,31.972002,-12.1,19.872,,,,19.872001,,19.872,0.0,,19.872,19.872,,153.354,0.13,0.13,,153.354,0.13,0.13,0.13,
09/30/1992,183.940002,,,-137.514008,,46.425995,,-9.3,,,,,37.125999,-9.63,,12.89,,,-3.26,27.495999,-10.4,17.096001,,,,17.095999,,17.096001,0.0,,17.096001,17.096001,,153.643997,0.11,0.11,,153.643997,0.11,0.11,0.11,
12/31/1992,200.692001,,,-139.735001,,60.957,,-9.806,,,,,51.151001,-11.853,,13.84,,,-1.987,39.298001,-14.9,24.398001,,,,24.398001,,24.398001,0.0,,24.398001,24.398001,,153.783004,0.16,0.16,,153.783004,0.16,0.16,0.16,
03/31/1993,224.371002,,,-152.899994,,71.471008,,-9.89,,,,,61.581001,-13.633,,14.581,,0.0,-0.948,47.948001,-18.700001,29.247999,2.031,,,27.217,0.0,27.216999,0.0,,27.216999,27.216999,,159.860001,0.17,0.185,,159.860001,0.17,0.185,0.185,
06/30/1993,217.048996,,,-155.128998,,61.919998,,-8.997,,,,,52.923,-12.59,,14.307,,0.0,-1.717,40.333,-16.0,24.333,0.0,,,24.333,0.0,24.333,0.0,,24.333,24.333,,167.231995,0.145,0.145,,167.231995,0.145,0.145,0.145,
09/30/1993,211.432007,,,-154.835007,,56.597,,-9.139,,,,,47.458,-9.851,,15.297,,0.0,-5.446,37.607,-17.799999,19.806999,0.0,,,19.807001,0.0,19.806999,0.0,,19.806999,19.806999,,169.309998,0.115,0.115,,169.309998,0.115,0.115,0.115,
12/31/1993,246.326004,,,-172.994003,,73.332001,,-15.68,,,,,57.652,-10.048,,15.446,,0.0,-5.398,47.604,-17.9,29.704,0.0,,,29.704,0.0,29.704,0.0,,29.704,29.704,,170.574006,0.175,0.175,,170.574006,0.175,0.175,0.175,
03/31/1994,261.257996,,,-171.716003,,89.541992,,-13.501,,,,,76.041,-13.108999,,15.624,,0.0,-2.515,62.932001,-25.487,37.445,0.0,,,37.445001,0.0,37.445,0.0,,37.445,37.445,,171.570007,0.22,0.22,,171.570007,0.22,0.22,0.22,
06/30/1994,262.862,,,-186.121002,,76.740997,,-11.37,,,,,65.371002,-14.661001,,16.832001,,0.0,-2.171,50.710001,-20.514999,30.195,0.0,,,30.195002,0.0,30.195,0.0,,30.195,30.195,,172.561996,0.175,0.175,,172.561996,0.175,0.175,0.175,
09/30/1994,277.813995,,,-200.899994,,76.914001,,-10.659,,,,,66.254997,-17.926999,,21.007999,,0.0,-3.081,48.327998,-19.725,28.603001,0.0,,,28.602998,0.0,28.603001,0.0,,28.603001,28.603001,,173.156006,0.165,0.165,,173.156006,0.165,0.165,0.165,
12/31/1994,315.240997,,,-217.242996,,97.998001,,-16.17,,,,,81.828003,-24.777,,26.659,,0.0,-1.882,57.051003,-22.249001,34.801998,0.0,,,34.802002,0.0,34.801998,0.0,,34.801998,34.801998,,178.121994,0.195,0.195,,178.121994,0.195,0.195,0.195,
03/31/1995,348.113007,,,-231.438004,,116.675003,,-12.453,,,,,104.222,-26.663,,25.284,,0.0,1.379,77.559,-30.179001,47.380001,0.0,,,47.379999,0.0,47.380001,0.0,,47.380001,47.380001,,192.944,0.245,0.245,,192.944,0.245,0.245,0.245,
06/30/1995,353.648987,,,-247.667007,,105.981979,,-11.018,,,,,94.963997,-28.464,,27.525,,0.0,0.939,66.499997,-25.860001,40.639999,0.0,,,40.639997,0.0,40.639999,0.0,,40.639999,40.639999,,193.973999,0.21,0.21,,193.973999,0.21,0.21,0.21,
09/30/1995,403.490997,,,-297.766998,,105.723999,,-12.206,,,,,93.517998,-31.496002,,32.254002,,0.0,-0.758,62.021996,-22.886,39.136002,0.0,,,39.135996,0.0,39.136002,0.0,,39.136002,39.136002,,197.093994,0.2,0.2,,197.093994,0.2,0.2,0.2,
12/31/1995,546.872986,,,-410.03299,,136.839996,,-17.923,,,,,118.917,-30.786999,,33.084999,,0.0,-2.298,88.130001,-31.698,56.431999,0.0,,,56.432001,0.0,56.431999,0.0,,56.431999,56.431999,,232.0,0.245,0.245,,232.0,0.245,0.245,0.245,
03/31/1996,575.453003,,,-415.285004,,160.167999,,-13.755,,,,,146.412994,-33.190001,,32.686001,,0.0,0.504,113.222994,-41.326,71.897003,0.0,,,71.896993,0.0,71.897003,0.0,,71.897003,71.897003,,234.800003,0.31,0.31,0.31,250.0,0.29,0.29,0.29,
06/30/1996,564.749023,,,-420.686005,,144.063019,,-14.786,,,,,129.276993,-31.708999,,34.244999,,0.0,-2.536,97.567994,-35.318001,62.25,0.0,,,62.249993,0.0,62.25,0.0,,62.25,62.25,,235.199997,0.26,0.26,0.26,250.0,0.25,0.25,0.25,
09/30/1996,544.5,,,-413.122009,,131.377991,,-12.296,,,,,119.082001,-30.307999,,35.994999,,0.0,-5.687,88.774002,-31.379,57.395,0.0,,,57.395002,0.0,57.395,0.0,,57.395,57.395,,235.5,0.25,0.25,0.25,244.0,0.24,0.24,0.24,
12/31/1996,609.492004,,,-440.648987,,168.843017,,-22.378,,,,,146.464996,-32.149001,,35.631001,,0.0,-3.482,114.315995,-40.560001,73.755997,0.0,,,73.755994,0.0,73.755997,0.0,,73.755997,73.755997,,235.660995,0.31,0.31,0.31,250.0,0.3,0.3,0.3,
03/31/1997,652.690002,,,-464.537994,,188.152008,,-16.628,,,,,171.524002,34.000004,,34.537998,,0.0,-68.538002,205.524006,-74.376999,131.147003,40.801998,,,90.345009,0.0,90.345001,0.0,,90.345001,90.345001,,237.264008,0.38,0.55,0.55,255.537994,0.36,0.52,0.52,
06/30/1997,616.328979,,,-453.145996,,163.182983,,-15.812,,,,,147.371002,-26.080998,,33.092999,,0.0,-7.012,121.290004,-42.488998,78.801003,0.0,,,78.801005,0.0,78.801003,0.0,,78.801003,78.801003,,240.871994,0.33,0.33,0.33,257.695007,0.31,0.31,0.31,
09/30/1997,600.994995,,,-449.222992,,151.772003,,-16.775,,,,,134.996994,-23.404001,,32.734001,,0.0,-9.33,111.592993,-38.868999,72.723999,0.0,,,72.723993,0.0,72.723999,0.0,,72.723999,72.723999,,251.634003,0.29,0.29,0.29,258.614014,0.28,0.28,0.28,
12/31/1997,665.851013,,,-481.346008,,184.505005,,-17.566,,,,,166.938995,-25.372999,,36.355,,0.0,-10.982,141.565996,-49.686001,91.879997,0.0,,,91.879995,0.0,91.879997,0.0,,91.879997,91.879997,,252.112,0.36,0.36,0.36,255.0,0.36,0.36,0.36,
03/31/1998,698.843994,,,-482.716003,,216.127991,,-17.007999,,,,,199.119995,-31.058999,37.709999,37.709999,,0.0,-6.651,168.060996,-59.275002,108.786003,,,,108.785995,0.0,108.786003,0.0,,108.786003,108.786003,,254.634995,0.43,0.43,0.43,261.768005,0.42,0.42,0.42,
06/30/1998,690.23,,,-502.54,,187.69,,-17.251,,,,,170.439,-29.936,40.464,40.464,,0.0,-10.528,140.503,-49.555,90.948,0.0,,,90.948,0.0,90.948,0.0,0.0,90.948,90.948,,255.004,0.36,0.36,0.36,261.74,0.35,0.35,0.35,
09/30/1998,712.52002,,,-538.814026,,173.705994,,-15.422,,,,,158.283997,-29.729002,,47.816002,,0.0,-18.087,128.554995,-45.341999,83.212997,0.0,,,83.212996,0.0,83.212997,0.0,,83.212997,83.212997,,257.380005,0.32,0.32,0.32,263.415985,0.32,0.32,0.32,
12/31/1998,773.495972,,,-632.25,,141.245972,,-17.158001,,,,,124.087997,-42.679999,,51.063,,0.0,-8.383,81.407998,-22.212999,59.195,0.0,,,59.194999,0.0,59.195,0.0,,59.195,59.195,,258.062988,0.23,0.23,0.23,263.154999,0.23,0.23,0.23,
03/31/1999,904.05603,,,-685.184998,,218.871033,,-19.709999,,,,,199.160995,-132.743999,57.448002,57.448002,,0.0,75.295998,66.416996,-24.534,41.882999,-1.885,,,43.767996,0.0,43.768002,0.0,,43.768002,43.768002,,272.98999,0.16,0.15,0.36,275.441986,0.16,0.15,0.36,
06/30/1999,745.835999,,,-576.502991,,169.333008,,-16.806999,,,,,152.526001,-43.981002,56.761002,56.761002,,0.0,-12.78,108.544999,-38.622002,69.922997,-6.09,,,76.012997,0.0,76.013,0.0,,76.013,76.013,,272.013,0.28,0.26,0.26,274.587006,0.28,0.26,0.26,
09/30/1999,708.190979,,,-584.437012,,123.753967,,-19.322001,,,,,104.431999,-59.737999,59.403999,59.403999,,0.0,0.334,44.694,-15.343,29.351,-2.703,,,32.054,0.0,32.054001,0.0,,32.054001,32.054001,,272.059998,0.12,0.11,0.11,273.07901,0.12,0.11,0.11,
12/31/1999,721.671021,,,-641.58197,,80.08905,,-26.746,,,,,53.342999,-332.392006,,64.571999,,0.0,267.820007,-279.049007,90.943001,-188.106003,-3.858,,,-184.248007,0.0,-184.248001,0.0,,-184.248001,-184.248001,,272.061005,-0.68,-0.69,0.1,272.061005,-0.68,-0.69,0.1,
03/31/2000,683.492981,,,-566.427979,,117.065002,,-20.113001,,,,,96.952003,-65.743004,69.549004,69.549004,,0.0,-3.806,31.209,-10.272,20.937,897.578003,,,-876.641003,0.0,-876.640991,0.0,,-876.640991,-876.640991,,272.062988,-3.22,0.08,0.08,273.501007,-3.21,0.08,0.08,
06/30/2000,636.545,,,-564.477,,72.068,,-19.734,,,,,52.334,-79.199,73.565,73.565,,0.0,5.634,-26.865,10.422,-16.443,-20.999,,,4.556,0.0,4.556,0.0,,4.556,4.556,,272.093,0.02,-0.06,0.12,272.093,0.02,-0.06,0.12,
09/30/2000,615.703003,,,-543.841003,,71.862,,-20.184999,,,,,51.676998,-67.046997,73.255997,73.255997,,0.0,-6.209,-15.369998,4.524,-10.846,38.779999,,,-49.625997,0.0,-49.625999,0.0,,-49.625999,-49.625999,,272.209991,-0.18,-0.04,-0.04,272.209991,-0.18,-0.04,-0.04,
12/31/2000,628.989,,,-562.342,,66.647,,-19.9,,,,,46.747,-552.699,65.178,65.178,,0.0,487.521,-505.952,86.781,-419.171,2.369,,,-421.54,0.0,-421.54,0.0,,-421.54,-421.54,,272.1345,-1.55,-1.54,0.34,272.587,-1.56,-1.54,0.34,
03/31/2001,677.776001,,,-566.888,,110.888,,-17.979,,,,,92.908997,-82.875,60.806,60.806,,0.0,22.069,10.033997,-6.715,3.319,3.054,,,0.264996,0.0,0.265,0.0,0.0,0.265,0.265,,273.636993,0.0,0.01,0.08,273.966003,0.0,0.01,0.08,
06/30/2001,618.711,,,-532.141,,86.57,,-18.423,,,,,68.147,-69.648,54.152,54.152,,0.0,15.496,-1.501,-9.155,-10.656,-0.071,,,-10.585,0.0,-10.585,0.0,0.0,-10.585,-10.585,,284.852,-0.04,-0.04,0.05,284.852,-0.04,-0.04,0.05,
09/30/2001,582.979004,,,-515.960022,,67.018982,,-17.049,,,,,49.970001,-45.106999,49.431999,49.431999,,0.0,-4.325,4.863002,-0.681,4.182,-0.099,,,4.281002,0.0,4.281,0.0,0.0,4.281,4.281,,290.257996,0.02,0.02,0.04,293.763,0.02,0.02,0.04,
12/31/2001,630.877,,,-535.968,,94.909,,-16.858,,,,,78.051,-626.875,47.236,47.236,,0.0,579.639,-548.824,-44.648,-593.472,-1.715,,,-591.757,0.0,-591.757,0.0,0.0,-591.757,-591.757,,291.76,-2.03,-2.03,-0.02,291.76,-2.03,-2.03,-0.02,
03/31/2002,601.265,,,-482.101,,119.164,0.0,-15.731,,,,,103.433,-38.114,,43.386,,,-5.272,65.319,-18.47,46.849,135.56,,,-88.711,,-88.711,,0.0,-88.711,-88.711,,292.653,-0.3,0.16,0.17,345.554,-0.3,0.15,0.16,
06/30/2002,583.423,,,-492.15,,91.273,0.0,-60.399,,,,,30.874,-231.099,,41.406,,,189.693,-200.225,57.21,-143.015,,,,-143.015,,-143.015,,0.0,-143.015,-143.015,,293.872,-0.49,-0.49,-0.07,293.872,-0.49,-0.49,-0.07,
09/30/2002,560.645996,,,-485.237,,75.408997,,-48.112999,,,,,27.296,-20.710001,38.221001,38.221001,,0.0,-17.511,6.585999,-2.525,4.061,0.0,,,4.060998,0.0,4.061,0.0,0.0,4.061,4.061,,295.151001,0.01,0.01,0.01,295.592987,0.01,0.01,0.01,
12/31/2002,586.387,,,-508.495,,77.892,,-31.937,,,,,45.955,-50.992,38.481,38.481,,0.0,12.511,-5.037,0.714,-4.323,0.0,,,-4.323,0.0,-4.323,0.0,0.0,-4.323,-4.323,,295.151,-0.01,-0.01,0.01,295.151,-0.01,-0.01,0.01,
03/31/2003,581.508972,,,-465.985992,,115.52298,,-21.410999,,,,,94.112,-24.05,37.396,37.396,,0.0,-13.346,70.061999,-25.976,44.085999,,,,44.085999,0.0,44.085999,0.0,0.0,44.085999,44.085999,,297.774994,0.15,0.15,0.15,348.665009,0.14,0.14,0.14,
06/30/2003,584.049988,,,-489.417999,,94.631989,,-37.992001,,,,,56.639999,-35.558,35.763,35.763,,0.0,-0.205,21.081999,-7.008,14.074,-1.234,,,15.307999,0.0,15.308,0.0,0.0,15.308,15.308,,299.351013,0.05,0.05,0.05,299.843994,0.05,0.05,0.05,
09/30/2003,566.460999,,,-497.515015,,68.945984,,-52.775002,,,,,16.171,-24.892999,34.834999,34.834999,,0.0,-9.942,-8.721999,3.331,-5.391,-0.659,,,-4.731999,0.0,-4.732,0.0,0.0,-4.732,-4.732,,300.506989,-0.02,-0.02,-0.02,300.506989,-0.02,-0.02,-0.02,
12/31/2003,602.34,,,-518.005,,84.335,,-65.927,,,,,18.408,15.393,30.631,30.631,,0.0,-46.024,33.801,0.899,30.42,0.0,,,34.7,0.0,30.42,0.0,0.0,30.42,30.42,,301.523,0.1,0.1,-0.01,348.804,0.1,0.1,-0.01,
03/31/2004,589.618,,,-475.567,,114.051,,-51.021,,,,,63.03,9.309,33.935,33.935,,0.0,-43.244,72.339,4.241,76.58,48.061,,,28.519,0.0,28.519,0.0,0.0,28.519,28.519,,313.0,0.1,0.25,0.18,313.0,0.1,0.250479,0.180192,
06/30/2004,432.368011,,,-359.019012,,73.348999,,-24.028,,,,,49.320999,-47.610001,31.843,31.843,,0.0,15.767,1.710999,6.904,8.615,-34.337002,,,42.952,0.0,42.952,0.0,0.0,42.952,42.952,,307.988007,0.14,0.03,0.06,312.725006,0.14,0.03,0.06,
09/30/2004,397.186005,,,-328.890991,,68.295013,,-25.298,,,,,42.997002,-25.634999,26.608999,26.608999,,0.0,-0.974,17.362002,-4.336,13.026,-0.85,,,13.876002,0.0,13.876,0.0,0.0,13.876,13.876,,336.589996,0.04,0.04,0.06,340.214996,0.04,0.04,0.06,
12/31/2004,426.628,,,-352.412,,74.216,,-30.549,,,,,,-22.856,,25.523,,0.0,-2.667,,1.017,20.551,-6.613,,,,0.0,27.164,0.0,0.0,27.164,27.164,,328.342,0.08,0.06,0.08,332.366,0.08,0.06,0.08,
03/31/2005,447.441986,,,-350.214996,,97.22699,,-19.716,,,,,77.511002,-28.756,24.656,24.656,,0.0,4.1,48.755002,-17.337999,31.417,186.362993,,,-154.94599,0.0,-154.945999,0.0,0.0,-154.945999,-154.945999,,313.48999,-0.49,0.1,0.11,317.751007,-0.49,0.1,0.11,
06/30/2005,431.84201,,,-358.798004,,73.044006,,-22.485001,,,,,50.558998,-30.282001,26.224001,26.224001,,,4.058,20.276997,-9.553,10.724,-3.113,,,13.836997,0.0,13.837,0.0,0.0,13.837,13.837,,302.363007,0.05,0.04,0.06,306.403992,0.05,0.04,0.06,
09/30/2005,406.369,,,-347.526,,58.843,,-19.744,,,,,39.099,-49.173,22.902,26.17,-3.268,0.0,26.271,-10.074,0.885,-9.189,0.463,,,-9.652,0.0,-9.652,0.0,0.0,-9.652,-9.652,,297.421,-0.03,-0.03,0.03,297.421,-0.03,-0.03,0.03,
12/31/2005,728.715,,,-360.634,,368.081,,-320.332,,,,,47.749,-19.49,13.245,26.683,-13.438,0.0,6.245,28.259,-6.03,22.229,-1.333,,,23.562,0.0,22.769,0.0,0.0,22.769,22.769,,295.578,0.08,0.08,0.08,305.404,0.08,0.08,0.08,
03/31/2006,442.001007,,,-353.307007,,88.694,,-22.007,,,,,66.686996,-24.265001,20.747,26.728001,-5.981,0.0,3.518,42.421996,-15.645,26.777,-0.149,,,26.925995,0.0,26.926001,0.0,0.0,26.926001,26.926001,,294.308014,0.09,0.09,0.1,298.678009,0.09,0.09,0.1,
06/30/2006,431.4,,,-347.212,,84.188,,-20.922,,,,,63.266,-22.505,19.827,26.609,-6.782,0.0,2.678,40.761,-15.404,25.357,-0.093,,,25.45,0.0,25.45,0.0,0.0,25.45,25.45,,293.409,0.09,0.09,0.1,297.501,0.09,0.09,0.1,
09/30/2006,400.334,,,-328.308,,72.026,,-20.956,,,,,51.07,-43.045,25.071,33.33,-8.259,0.0,17.974,8.025,-4.628,3.397,0.032,,,3.365,0.0,3.365,0.0,0.0,3.365,3.365,,291.662,0.01,0.01,0.1,295.918,0.01,0.01,0.1,
12/31/2006,479.153,,,-373.8,,105.353,,-31.015,,,,,74.338,-68.097,,36.732,-10.149,0.0,41.514,6.241,-9.168,-2.927,-3.697,,,0.77,0.0,0.77,0.0,0.0,0.77,0.77,,292.092,0.0,-0.01,0.11,297.306,0.0,-0.01,0.11,
03/31/2007,607.555,,,-466.401,,141.154,,-35.399,,,,,105.755,-47.541,36.005,37.597,-1.592,0.0,11.536,58.214,-23.497,34.717,-2.925,,,37.642,0.0,37.642,0.0,0.0,37.642,37.642,,293.096,0.13,0.12,0.17,298.621,0.13,0.12,0.17,
06/30/2007,565.492,,,-462.131,,103.361,,-30.281,,,,,73.08,-31.23,33.687,36.165,-2.478,0.0,-2.457,41.85,-28.941,12.909,-2.209,,,15.118,0.0,15.118,0.0,0.0,15.118,15.118,,290.577,0.05,0.04,0.1,296.124,0.05,0.04,0.1,
09/30/2007,539.333984,,,-436.813995,,102.519989,,-32.074001,,,,,70.445999,-27.539001,33.835999,38.09,-4.254,0.0,-6.296999,42.906999,-14.062,28.844999,0.675,,,28.169998,0.0,28.17,0.0,0.0,28.17,28.17,,284.510986,0.1,0.1,0.08,289.596985,0.1,0.1,0.08,
12/31/2007,572.921997,,,-452.812012,,120.109985,,-40.145,,,,,79.964996,164.050995,31.601,35.001999,-3.401,0.0,-195.651994,244.015991,-77.169998,166.845993,0.047,,,166.798993,0.0,166.798996,0.0,0.0,166.798996,166.798996,,271.697998,0.61,0.61,0.14,276.798004,0.6,0.6,0.13,
03/31/2008,573.451,,,-435.854,,137.597,0.0,-26.181,,,,,111.416,-44.943,,34.069,,,10.874,66.473,-24.969,41.504,-0.015,,,41.519,,41.519,0.0,0.0,41.519,41.519,,260.805,0.16,0.16,0.2,264.83,0.16,0.16,0.2,
06/30/2008,548.782,,,-441.621,,107.161,0.0,-19.964,,,,,87.197,-35.028,-1.454,33.311,-34.765,,36.482,52.169,-20.395,31.774,0.377,,,31.397,,31.397,0.0,0.0,31.397,31.397,,259.655,0.12,0.12,0.14,263.132,0.12,0.12,0.14,
09/30/2008,516.439,,,-434.171,,82.268,0.0,-16.11,,,,,66.158,-50.226,-1.128,33.222,-34.35,0.0,51.354,15.932,-1.16,14.772,0.0,,,14.772,-0.133,14.639,0.0,0.0,14.639,14.639,,257.408,0.06,0.06,0.1,260.37,0.06,0.06,0.1,
12/31/2008,516.95,,,-425.205,,91.745,0.0,-23.407,,,,,68.338,-39.617,,33.672,,,5.945,28.721,-19.193,9.528,,,,9.528,,9.528,0.0,0.0,9.528,9.528,,253.942,0.04,0.04,0.09,254.876,0.04,0.04,0.09,
03/31/2009,510.595,510.595,,-410.475,410.475,100.12,0.0,-14.556,21.786,21.786,,-7.23,85.564,-30.903,30.967,31.67,-0.703,,-0.064,54.661,-20.281,34.38,0.0,0.0,0.0,34.38,0.15,34.53,0.0,0.0,34.53,75.43045,41.05045,250.134,0.14,0.14,0.30216,250.309,0.14,0.14,0.30216,
06/30/2009,513.949,513.949,,-412.124,412.124,101.825,0.0,-32.755,26.466,26.466,,6.289,69.07,-29.168,31.801,32.386,-0.585,,-2.633,39.902,-16.322,23.58,0.0,0.0,0.0,23.58,-0.476,23.104,0.0,0.0,23.104,45.1155,22.0115,250.977,0.09,0.09,0.179759,251.13,0.09,0.09,0.17765,
09/30/2009,497.217,497.217,,-396.054,396.054,101.163,0.0,-23.182,20.961,20.961,,2.221,77.981,-28.016,28.799,29.383,-0.584,,-0.783,49.965,-19.403,30.562,0.0,0.0,0.0,30.562,0.6,31.162,0.0,0.0,31.162,58.21855,27.05655,251.765,0.12,0.12,0.231242,253.048,0.12,0.12,0.226923,
12/31/2009,531.759,531.759,,-413.472,413.472,118.287,0.74,-27.755,33.288,33.288,,-5.533,91.272,-36.432,,35.542,,,0.89,54.84,-20.269,34.571,0.0,0.0,0.0,34.571,-0.269,34.302,0.0,0.0,34.302,41.2021,6.9001,253.704,0.14,0.14,0.162402,255.113,0.13,0.13,0.157047,
03/31/2010,530.863,530.863,,-418.556,418.556,112.307,0.0,-26.681,26.201,26.201,,0.48,85.626,-34.185,,32.301,,,1.884,51.441,-20.116,31.325,0.0,0.0,0.0,31.325,-0.413,30.912,0.0,0.0,30.912,48.0212,16.6962,254.4,0.12,0.12,0.187139,256.154,0.12,0.12,0.18518,
06/30/2010,555.273,555.273,,-445.975,445.975,109.298,0.0,-13.372,26.974,26.974,,-13.602,95.926,-28.501,,32.483,,,-3.982,67.425,-27.198,40.227,0.0,0.0,0.0,40.227,0.058,40.285,0.0,0.0,40.285,44.01465,3.78765,251.763,0.16,0.16,0.175056,253.583,0.16,0.16,0.174937,
09/30/2010,533.165,533.165,,-430.518,430.518,102.647,0.0,-34.151,26.86,26.86,,7.291,68.496,-39.875,,31.497,,,8.378,28.621,-9.941,18.68,0.0,0.0,0.0,18.68,0.085,18.765,0.0,0.0,18.765,34.5017,15.8217,246.214,0.08,0.08,0.140474,247.523,0.08,0.08,0.140474,
12/31/2010,571.251,571.251,,-446.28,446.28,124.971,0.0,-20.973,23.654,23.654,,-2.681,103.998,-32.026,,31.915,,,0.111,71.972,-35.203,36.769,0.0,0.0,0.0,36.769,-0.314,36.455,0.0,0.0,36.455,34.28121,-2.48779,243.26,0.15,0.15,0.139633,245.066,0.15,0.15,0.139633,
03/31/2011,579.699,579.699,,-453.253,453.253,126.446,0.0,-29.253,28.833,28.833,,0.42,97.193,-33.199,,33.559,,,-0.36,63.994,-24.065,39.929,0.0,0.0,0.0,39.929,-1.165,38.764,0.0,0.0,38.764,23.9188,-16.0102,239.772,0.16,0.16,0.094898,242.052,0.16,0.16,0.093856,
06/30/2011,576.774,576.774,,-461.751,461.751,115.023,0.0,-34.528,24.685,24.685,,9.843,80.495,-35.668,,33.879,,,1.789,44.827,-18.089,26.738,0.0,0.0,0.0,26.738,-0.645,26.093,0.0,0.0,26.093,6.76305,-19.97495,238.498,0.11,0.11,0.025652,241.435,0.11,0.11,0.025652,
09/30/2011,572.999,572.999,,-465.949,465.949,107.05,0.0,-28.864,23.863,23.863,,5.001,78.186,-34.144,,33.038,,,1.106,44.042,-9.027,35.015,0.0,0.0,0.0,35.015,0.481,35.496,0.0,0.0,35.496,61.5026,26.4876,232.917,0.15,0.15,0.266119,235.513,0.15,0.15,0.262468,
12/31/2011,586.568,586.568,,-456.551,456.551,130.017,0.0,-22.192,26.479,26.479,,-4.287,107.825,-35.052,,33.306,,,1.746,72.773,-28.223,44.55,0.0,0.0,0.0,44.55,0.0,44.55,0.0,0.0,44.55,60.0283,15.4783,225.95,0.2,0.2,0.265671,228.281,0.2,0.2,0.265671,
03/31/2012,602.506,602.506,,-474.939,474.939,127.567,0.0,-26.449,25.959,25.959,,0.49,101.118,-29.683,,33.588,,,-3.905,71.435,-23.12,48.315,0.0,0.0,0.0,48.315,-0.29,48.025,0.0,0.0,48.025,20.6132,-27.7018,220.132,0.22,0.22,0.092323,223.212,0.22,0.22,0.092323,
06/30/2012,597.372,597.372,,-469.183,469.183,128.189,0.0,-28.5,29.558,29.558,,-1.058,99.689,-36.115,,33.894,,,2.221,63.574,-25.935,37.639,0.0,0.0,0.0,37.639,-0.563,37.076,0.0,0.0,37.076,32.3639,-5.2751,215.898,0.17,0.17,0.147296,218.906,0.17,0.17,0.145902,
09/30/2012,581.182,581.182,,-459.911,459.911,121.271,0.0,-26.095,26.41,26.41,,-0.315,95.176,-31.251,,33.568,,,-2.317,63.925,-22.128,41.797,0.0,0.0,0.0,41.797,-0.735,41.062,0.0,0.0,41.062,38.4374,-3.4796,214.914,0.19,0.19,0.174872,218.46,0.19,0.19,0.174072,
12/31/2012,629.421,629.421,,-481.221,481.221,148.2,0.0,-44.394,41.978,41.978,,2.416,103.806,-57.057,,34.018,,,23.039,46.749,-20.365,26.384,0.0,0.0,0.0,26.384,-0.001,26.383,0.0,0.0,26.383,21.4069,-4.9771,211.954,0.12,0.12,0.100993,215.261,0.12,0.12,0.096879,
03/31/2013,652.352,652.352,,-492.752,492.752,159.6,0.0,-31.835,30.866,30.866,,0.969,127.765,-33.753,,32.769,,,0.984,94.012,-35.29,58.722,0.0,0.0,0.0,58.722,-1.102,57.62,0.0,0.0,57.62,42.26645,-15.35355,211.38,0.27,0.27,0.199955,215.208,0.27,0.27,0.198657,
06/30/2013,624.231,624.231,,-498.248,498.248,125.983,0.0,-36.924,31.379,31.379,,5.545,89.059,-32.967,,32.74,,,0.227,56.092,-21.598,34.494,0.059,0.059,0.0,34.435,-0.82,33.615,0.0,0.0,33.615,17.489,-16.185,211.821,0.16,0.158974,0.082565,215.946,0.16,0.158974,0.082565,
09/30/2013,608.589,608.589,,-492.784,492.784,115.805,0.0,-32.759,33.74,33.74,,-0.981,83.046,-37.413,,38.08,,,-0.667,45.633,-18.407,27.226,-0.168,-0.168,0.0,27.394,-0.615,26.779,0.0,0.0,26.779,17.4504,-9.29395,211.954,0.13,0.125551,0.081702,216.37,0.12,0.119224,0.07627,
12/31/2013,667.228,667.228,,-519.296,519.296,147.932,0.0,-59.816,59.086,59.086,,0.73,88.116,-38.316,,38.771,,,-0.455,49.8,-17.729,32.071,0.035,0.035,0.0,32.036,-2.719,29.317,0.0,0.0,29.317,21.9831,-7.3689,212.079,0.14,0.138401,0.103655,216.354,0.14,0.138401,0.103655,
03/31/2014,745.495,745.495,,-579.433,579.433,166.062,0.0,-58.642,55.83,55.83,,2.812,107.42,-43.462,,44.996,,,-1.534,63.958,-22.707,41.251,-0.14,-0.14,0.0,41.391,-0.289,41.102,0.0,0.0,41.102,62.138,21.176,212.838,0.19,0.192456,0.29195,217.231,0.19,0.189356,0.286837,
06/30/2014,746.76,746.76,,-590.716,590.716,156.044,0.0,-11.313,46.307,46.307,,-34.994,144.731,-75.415,,46.307,,,29.108,69.316,-37.357,31.959,0.178,0.178,0.0,31.781,-5.859,25.922,0.0,0.0,25.922,39.629,13.529,212.39,0.12,0.122887,0.186586,215.989,0.12,0.120824,0.183462,
09/30/2014,718.314,718.314,,-570.016,570.016,148.298,0.0,-13.178,39.748,39.748,,-26.57,135.12,-43.385,,43.376,,,0.009,91.735,-74.934,16.801,-0.884,-0.884,0.0,17.685,-0.034,17.651,0.0,0.0,17.651,119.26635,102.46535,210.82,0.08,0.079532,0.565565,213.01,0.08,0.07585,0.556885,
12/31/2014,783.444,783.444,,-578.142,578.142,205.302,0.0,14.979,42.882,42.882,,-57.861,220.281,-42.69,,42.892,,,-0.202,177.591,-90.982,86.609,-1.34,-1.34,0.0,87.949,-0.155,87.794,0.0,0.0,87.794,97.3116,10.8576,206.977,0.42,0.417699,0.470157,210.467,0.42,0.413633,0.465221,
03/31/2015,748.117,748.117,,-570.673,570.673,177.444,0.0,-36.329,34.55,34.55,,1.779,141.115,-42.997,,42.939,,,0.058,98.118,-36.653,61.465,0.0,0.0,0.0,61.465,-0.09,61.375,0.0,0.0,61.375,67.7683,6.3933,203.51,0.3,0.3,0.332997,207.752,0.3,0.3,0.330774,
06/30/2015,754.354,754.354,,-588.097,588.097,166.257,0.0,-38.677,33.095,33.095,,5.582,127.58,-43.091,,42.982,,,0.109,84.489,-31.007,53.482,0.39,0.39,0.0,53.092,-0.497,52.595,0.0,0.0,52.595,52.08415,-0.90085,202.466,0.26,0.261698,0.257249,206.746,0.25,0.251886,0.247529,
09/30/2015,714.453,714.453,,-572.774,572.774,141.679,0.0,-17.131,27.895,27.895,,-10.764,124.548,-50.503,,43.921,,,6.582,74.045,-26.118,47.927,0.0,0.0,0.0,47.927,-0.479,47.448,0.0,0.0,47.448,49.7055,2.2575,199.31,0.24,0.24,0.249388,203.444,0.23,0.23,0.241096,
12/31/2015,769.28,769.28,,-581.478,581.478,187.802,0.0,-30.747,33.866,33.866,,-3.119,157.055,-43.356,,43.054,,,0.302,113.699,-41.249,72.45,0.0,0.0,0.0,72.45,-0.096,72.354,0.0,0.0,72.354,70.22845,-2.12555,196.248,0.37,0.37,0.357856,199.977,0.36,0.36,0.349371,
03/31/2016,749.219,749.219,,-586.296,586.296,162.923,0.0,-39.251,38.904,38.904,,0.347,123.672,-43.905,,43.082,,,0.823,79.767,-32.313,47.454,0.0,0.0,0.0,47.454,-0.009,47.445,0.0,0.0,47.445,57.8734,10.4284,194.924,0.24,0.24,0.296902,198.03,0.24,0.24,0.292661,
06/30/2016,751.396,751.396,,-589.407,589.407,161.989,0.0,-67.49,36.849,36.849,,30.641,94.499,-61.86,,39.398,,,22.462,32.639,-16.746,15.893,0.0,0.0,0.0,15.893,-0.273,15.62,0.0,0.0,15.62,54.33445,38.71445,193.806,0.08,0.08,0.280355,196.718,0.08,0.08,0.276802,
09/30/2016,721.467,721.467,,-580.722,580.722,140.745,0.0,-26.359,26.916,26.916,,-0.557,114.386,-39.423,,39.508,,,-0.085,74.963,-27.422,47.541,0.0,0.0,0.0,47.541,0.186,47.727,0.0,0.0,47.727,50.8064,3.0794,193.274,0.25,0.25,0.262872,196.567,0.24,0.24,0.255666,
12/31/2016,809.055,809.055,,-597.862,597.862,211.193,0.0,-30.427,34.039,34.039,,-3.612,180.766,-41.477,,40.105,,,1.372,139.289,-72.872,66.417,0.0,0.0,0.0,66.417,-0.171,66.246,0.0,0.0,66.246,77.1191,10.8731,190.34,0.34804,0.34804,0.405165,192.853,0.343505,0.343505,0.399885,
03/31/2017,777.71,777.71,,-600.471,600.471,177.239,0.0,-37.348,42.283,42.283,,-4.935,139.891,-41.365,,40.636,,,0.729,98.526,76.223,174.749,0.0,0.0,0.0,174.749,-0.047,174.702,0.0,0.0,174.702,72.97925,-101.72275,188.26,0.93,0.93,0.387651,192.867,0.91,0.91,0.382576,
06/30/2017,773.242,773.242,,-589.724,589.724,183.518,0.0,-39.616,40.369,40.369,,-0.753,143.902,-42.384,42.083,42.083,0.0,,0.301,101.518,-32.956,68.562,0.0,0.0,0.0,68.562,-0.081,68.481,0.0,0.0,68.481,67.5797,-0.9013,187.597,0.37,0.37,0.360239,192.138,0.36,0.36,0.355309,
09/30/2017,731.346,731.346,,-581.644,581.644,149.702,0.0,-40.646,39.213,39.213,,1.433,109.056,-42.478,,42.754,,,-0.276,66.578,-10.437,56.141,0.0,0.0,0.0,56.141,0.023,56.164,0.0,0.0,56.164,63.83045,7.66645,187.435,0.3,0.3,0.340547,192.243,0.29,0.29,0.329879,
12/31/2017,812.733,812.733,,-600.487,600.487,212.246,0.0,-34.247,31.423,31.423,0.0,2.824,177.999,-44.363,43.652,43.652,0.0,0.0,0.711,133.636,113.759,247.395,0.0,0.0,0.0,247.395,-0.079,247.316,0.0,0.0,247.316,97.8071,-149.5089,187.241,1.32,1.32,0.522359,191.729,1.29,1.29,0.510207,
03/31/2018,794.482,794.482,,-598.72,598.72,195.762,0.0,-32.07,34.784,34.784,,-2.714,163.692,-53.323,43.576,43.576,0.0,,9.747,110.369,-28.321,82.048,0.0,0.0,0.0,82.048,-0.06,81.988,0.0,0.0,81.988,87.16994,5.18194,185.13,0.44,0.44,0.470858,189.923,0.43,0.43,0.457284,
06/30/2018,796.092,796.092,,-607.965,607.965,188.127,0.0,-26.173,31.136,31.136,,-4.963,161.954,-42.639,44.519,44.519,0.0,,-1.88,119.315,-16.034,103.281,0.0,0.0,0.0,103.281,-0.042,103.239,0.0,0.0,103.239,80.35656,-22.88244,182.637,0.57,0.57,0.43998,187.188,0.55,0.55,0.427757,
09/30/2018,778.786,778.786,,-612.616,612.616,166.17,0.0,-33.867,41.07,41.07,,-7.203,132.303,-46.267,46.419,46.419,0.0,,-0.152,86.036,-17.043,68.993,0.0,0.0,0.0,68.993,-0.058,68.935,0.0,0.0,68.935,64.97093,-3.96407,180.858,0.38,0.38,0.359237,185.46,0.37,0.37,0.348626,
12/31/2018,820.814,820.814,,-610.551,610.551,210.263,0.0,-37.553,38.509,38.509,0.0,-0.956,172.71,-46.698,47.042,47.042,0.0,,-0.344,126.012,67.224,193.236,0.0,0.0,0.0,193.236,-0.19,193.046,0.0,0.0,193.046,99.3774,-93.6686,181.233,1.07,1.07,0.548341,185.676,1.04,1.04,0.535527,
03/31/2019,798.212,798.212,,-606.378,606.378,191.834,0.0,-44.856,42.53,42.53,,2.326,146.978,-46.67,47.39,47.39,0.0,,-0.72,100.308,-21.095,79.213,0.0,0.0,0.0,79.213,0.11,79.323,0.0,0.0,79.323,87.05492,7.73192,181.696,0.44,0.44,0.479124,185.317,0.43,0.43,0.471723,
06/30/2019,812.572,812.572,,-621.426,621.426,191.146,0.0,-41.041,29.37,29.37,,11.671,150.105,-54.022,47.317,47.317,0.0,,6.705,96.083,-23.57,72.513,0.0,0.0,0.0,72.513,-0.184,72.329,0.0,0.0,72.329,87.00892,14.67992,182.369,0.4,0.4,0.477104,185.69,0.39,0.39,0.469056,
09/30/2019,769.241,769.241,,-609.509,609.509,159.732,0.0,-31.147,29.406,29.406,,1.741,128.585,-55.716,46.678,46.678,0.0,,9.038,72.869,-1.997,70.872,0.0,0.0,0.0,70.872,-0.08,70.792,0.0,0.0,70.792,90.24039,19.44839,182.551,0.39,0.39,0.49433,185.843,0.38,0.38,0.48465,
12/31/2019,850.76,850.76,,-632.892,632.892,217.868,0.0,23.077,25.022,25.022,,-48.099,240.945,-45.773,44.458,44.458,0.0,,1.315,195.172,-47.999,147.173,0.0,0.0,0.0,147.173,-0.021,147.152,0.0,0.0,147.152,108.645,-38.507,182.329,0.81,0.81,0.595873,185.193,0.79,0.79,0.582071,
03/31/2020,802.965,745.411,57.554,-623.921,623.921,179.044,0.0,-27.268,31.813,31.813,,-4.545,151.776,-45.737,44.351,44.351,0.0,,1.386,106.039,-24.038,82.001,0.0,0.0,0.0,82.001,-0.06,81.941,0.0,0.0,81.941,78.54445,-3.39655,180.854,0.45,0.45,0.434298,183.585,0.45,0.45,0.431499,
06/30/2020,820.035,769.395,50.64,-601.268,601.268,218.767,0.0,-36.432,37.169,37.169,,-0.737,182.335,-40.612,41.767,41.767,0.0,,-1.155,141.723,-36.17,105.553,0.0,0.0,0.0,105.553,-0.045,105.508,0.0,0.0,105.508,104.882,-0.626,177.902,0.59,0.59,0.589549,179.666,0.59,0.59,0.586516,
09/30/2020,788.333,,,,,168.703262,,,,,,,128.0,,,,,,,92.8,,69.5,,,,,,69.5,,,69.5,69.5,,,0.385,0.385,0.393,,0.385,0.385,0.393,
12/31/2020,826.667,,,,,200.4667475,,,,,,,159.0,,,,,,,127.5,,95.55,,,,,,95.55,,,95.55,95.55,,,0.535,0.535,0.517,,0.535,0.535,0.517,
