Date,Revenue,Cost of Revenue,Gross Profit,Operating Expenses,Operating Income or Losses,Interest Expense,Foreign Exchange Losses (Gains),Net Non-Operating Losses (Gains),Pretax Income,Income Tax Expense (Benefit),Income Before XO Items,Extraordinary Loss Net of Tax,Minority/Non Controlling Interests (Credits),Net Income/Net Profit (Losses),Total Cash Preferred Dividends,Other Adjustments,Net Inc Avail to Common Shareholders,Abnormal Losses (Gains),Tax Effect on Abnormal Items,Normalized Income,Basic EPS Before Abnormal Items,Basic EPS Before XO Items,Basic Earnings per Share,Basic Weighted Avg Shares,Diluted EPS Before Abnormal Items,Diluted EPS Before XO Items,Diluted EPS,Diluted Weighted Avg Shares,Source: Bloomberg
09/29/1989,145.089996,-97.052002,48.037994,-35.539001,12.499,-0.358,0,0.663,12.804,-3.969,8.835,0.0,0.0,8.835,0,,8.835,,,8.834999,,0.063333,0.063333,138.905994,0.063333,0.063333,0.063333,138.905994,
12/29/1989,147.067993,-90.936996,56.130997,-36.407001,19.724001,-0.354,0,-4.372,14.998001,-4.65,10.348,0.0,0.0,10.348,0,,10.348,,,10.348001,,0.073333,0.073333,140.994003,0.073333,0.073333,0.073333,140.994003,
03/30/1990,161.052994,-103.975998,57.076996,-40.702,16.375,-0.344,0,1.079,17.11,-5.304,11.806,0.0,0.0,11.806,0,,11.806,,,11.806,,0.085,0.085,137.819996,0.085,0.085,0.085,137.819996,
06/29/1990,161.108002,-113.671997,47.436005,-29.653,17.783001,-0.433,0,1.939,19.289001,-5.979,13.31,0.0,0.0,13.31,0,,13.31,,,13.310001,0.095,0.095,0.095,134.289,0.095,0.095,0.095,134.289,
09/28/1990,128.445007,-87.988998,40.456009,-35.186001,5.27,-0.381,0,3.132,8.021,-2.487,5.534,0.0,0.0,5.534,0,,5.534,,,5.534,,0.041667,0.041667,134.724003,0.041667,0.041667,0.041667,134.724003,
12/28/1990,123.875,-85.432999,38.442001,-35.250999,3.191,-0.306,0,1.951,4.836,-1.499,3.337,0.0,0.0,3.337,0,,3.337,,,3.337,,0.025,0.025,135.071995,0.025,0.025,0.025,135.071995,
03/29/1991,114.317001,-78.742996,35.574005,-35.869999,-0.296,-0.411,0,1.401,0.694,-0.216,0.478,0.0,0.0,0.478,0,,0.478,,,0.478,,0.003333,0.003333,135.516003,0.003333,0.003333,0.003333,135.516003,
06/28/1991,127.015999,-101.025002,25.990997,-39.917999,-13.927,-0.008,0,1.916,-12.019,3.727,-8.292,0.0,0.0,-8.292,0,,-8.292,,,-8.292,-0.061667,-0.061667,-0.061667,136.053006,-0.061667,-0.061667,-0.061667,136.053006,
09/27/1991,128.001007,-89.697998,38.303009,-37.007,1.296,-0.108,0,1.849,3.037,-0.759,2.278,0.0,0.0,2.278,0,,2.278,,,2.278,,0.018333,0.0175,136.23,0.018333,0.018333,0.0175,136.23,
12/27/1991,133.505997,-93.778,39.727997,-37.992001,1.736,-0.131,0,1.346,2.951,-0.738,2.213,0.0,0.0,2.213,0,,2.213,,,2.213,,0.015,0.015,136.602001,0.015,0.015,0.015,136.602001,
03/27/1992,146.384995,-102.853996,43.530998,-37.534,5.997,-0.159,0,-0.486,5.352,-1.338,4.014,0.0,0.0,4.014,0,,4.014,,,4.014,,0.028333,0.028333,141.551994,0.028333,0.028333,0.028333,141.551994,
06/26/1992,172.938995,-122.514999,50.423996,-41.877998,8.546,-0.17,0,1.986,10.362,-2.59,7.772,0.0,0.0,7.772,0,,7.772,,,7.772,0.055,0.055,0.055,138.054006,0.055,0.055,0.055,138.054006,
09/25/1992,171.199997,-123.189003,48.010994,-39.738998,8.272,-0.184,0,0.965,9.053,-2.263,6.79,-4.7,0.0,2.09,0,,2.09,,,6.79,,0.036667,0.015,219.69001,0.036667,0.036667,0.015,219.69001,
01/01/1993,186.647003,-142.570007,44.076996,-43.353001,0.724,-0.227,0,1.403,1.9,-0.475,1.425,0.0,0.0,1.425,0,,1.425,,,1.425,,0.01,0.01,148.727997,0.01,0.01,0.01,148.727997,
04/02/1993,184.138,-131.199997,52.938004,-44.299999,8.638,-0.206,0,0.798,9.23,-2.308,6.922,0.0,0.0,6.922,0,,6.922,,,6.921999,,0.045,0.045,152.244003,0.045,0.045,0.045,152.244003,
07/02/1993,188.647003,-129.268005,59.378998,-46.808998,12.57,-0.316,0,0.461,12.715,-3.178,9.537,0.0,0.0,9.537,0,,9.537,,,9.537,0.0625,0.0625,0.0625,153.199996,0.0625,0.0625,0.0625,153.199996,
10/01/1993,170.292007,-120.699997,49.59201,-39.799,9.793,-0.252,0,0.974,10.515,-3.365,7.15,0.0,0.0,7.15,0,,7.15,,,7.15,,0.045,0.045,154.184006,0.045,0.045,0.045,154.184006,
12/31/1993,178.033005,-124.794998,53.238007,-43.257999,9.98,-0.416,0,-16.301001,-6.737001,2.156,-4.581,0.0,0.0,-4.581,0,,-4.581,,,-4.581001,,-0.03,-0.03,154.391998,-0.03,-0.03,-0.03,154.391998,
03/31/1994,204.046997,-140.660004,63.386993,-46.195,17.191999,-0.23,0,0.548,17.509999,-5.603,11.907,0.0,0.0,11.907,0,,11.907,,,11.906999,,0.08,0.08,154.240005,0.08,0.08,0.08,154.240005,
07/01/1994,259.210999,-180.574005,78.636994,-48.769001,29.868,-0.168,0,0.514,30.214,-9.668,20.546,0.0,0.0,20.546,0,,20.546,,,20.546,0.135,0.135,0.135,154.800004,0.135,0.135,0.135,154.800004,
09/30/1994,232.300995,-162.436005,69.86499,-52.674999,17.190001,-0.228,0,0.846,17.808001,-5.699,12.109,0.0,0.0,12.109,0,,12.109,,,12.109001,,0.08,0.08,155.820007,0.08,0.08,0.08,155.820007,
12/30/1994,277.393005,-202.057999,75.335007,-54.924999,20.41,-0.19,0,1.858,22.078,-7.065,15.013,0.0,0.0,15.013,0,,15.013,,,15.013,,0.095,0.095,156.462006,0.095,0.095,0.095,156.462006,
03/31/1995,313.51001,-230.488998,83.021011,-60.665001,22.356001,-0.165,0,0.853,23.044001,-7.373,15.671,0.0,0.0,15.671,0,,15.671,,,15.671001,,0.105,0.105,152.806,0.105,0.105,0.105,152.806,
06/30/1995,323.298004,-230.270996,93.027008,-63.127998,29.899,-0.192,0,0.804,30.511,-9.764,20.747,0.0,0.0,20.747,0,,20.747,,,20.747,0.135,0.135,0.135,153.600006,0.135,0.135,0.135,153.600006,
09/29/1995,242.192993,-181.115997,61.076996,-55.493,5.584,-0.147,0,0.572,6.009,-1.923,4.086,-13.21,0.0,-9.124,0,,-9.124,,,4.086,0.025,0.025,-0.06,153.332001,0.025,0.025,-0.06,153.332001,
12/29/1995,261.100006,-193.382996,67.71701,-57.534,10.183,-0.22,0,-0.256,9.707,-3.106,6.601,0.0,0.0,6.601,0,,6.601,,,6.601,0.045,0.045,0.045,152.757996,0.045,0.045,0.045,152.757996,
03/29/1996,271.882996,-196.673004,75.209991,-59.073002,16.136999,-0.206,0,1.018,16.948999,-5.424,11.525,0.0,0.0,11.525,0,,11.525,,,11.524999,0.075,0.075,0.075,152.927994,0.075,0.075,0.075,152.927994,
06/28/1996,272.725006,-190.703995,82.021011,-61.561001,20.459999,-0.099,0,-42.473,-22.112001,7.076,-15.036,0.0,0.0,-15.036,0,,-15.036,,,-15.036001,0.095,-0.01,-0.1,153.600006,0.095,-0.01,-0.1,153.600006,
09/27/1996,261.664001,-182.893997,78.770004,-63.466,15.304,-0.134,0,0.728,15.898,-5.087,10.811,3.4,0.0,14.211,0,,14.211,,,10.811,0.07,0.07,0.09,155.339996,0.07,0.07,0.09,155.339996,
12/27/1996,282.18399,-196.847,85.33699,-66.732002,18.605,-0.12,0,1.738,20.223,-6.471,13.752,0.0,0.0,13.752,0,,13.752,,,13.751999,0.09,0.09,0.09,154.410004,0.09,0.09,0.09,156.774002,
03/28/1997,301.740997,-207.449005,94.291992,-71.111,23.181,-0.09,0,1.116,24.207,-7.746,16.461,0.0,0.0,16.461,0,,16.461,,,16.461,0.105,0.105,0.105,154.690002,0.105,0.105,0.105,157.399994,
06/27/1997,322.656006,-221.891006,100.765,-73.648003,27.117001,-0.14,0,1.874,28.851001,-9.233,19.618,0.0,0.0,19.618,0,,19.618,,,19.618001,0.125,0.125,0.125,158.0,0.125,0.125,0.125,158.0,
09/26/1997,294.501007,-204.272995,90.228012,-67.848999,22.379,-0.115,0,1.286,23.55,-7.065,16.485001,0.0,0.0,16.485001,0,,16.485001,,,16.485,0.105,0.105,0.105,156.496002,0.105,0.105,0.105,159.852005,
12/26/1997,294.523987,-208.507004,86.016983,-65.837997,20.179001,-0.154,0,1.163,21.188001,-6.356,14.832,0.0,0.0,14.832,0,,14.832,,,14.832001,0.095,0.095,0.095,157.770004,0.095,0.095,0.095,160.298004,
03/27/1998,288.713989,-197.442001,91.271988,-67.077003,24.195,-0.101,0,0.387,24.481,-7.344,17.136999,0.0,0.0,17.136999,0,,17.136999,-0.056,,17.081,0.11,0.11,0.11,157.449997,0.11,0.11,0.11,159.328003,
06/26/1998,303.665009,-240.516006,63.149002,-76.420998,-13.272,-0.106,0,59.577999,46.199999,-13.861,32.339001,0.0,0.0,32.339001,0,,32.339001,-23.356001,7.024,16.006998,0.125,0.205,0.205,157.800003,0.12,0.2,0.2,160.600006,
09/25/1998,257.477997,-187.108994,70.369003,-68.080002,2.289,-0.167,0,19.298,21.42,-6.426,14.994,0.0,0.0,14.994,0,0.0,14.994,-18.0,5.3,2.294,0.015,0.09,0.09,158.432007,0.015,0.09,0.09,161.298004,
01/01/1999,310.747009,-222.925003,87.822006,-72.644997,15.177,-0.355,0,12.59,27.412,-8.224,19.188,0.0,0.0,19.188,0,0.0,19.188,-21.113001,12.75,10.824999,0.07,0.125,0.125,150.548004,0.07,0.125,0.125,152.061996,
04/02/1999,320.019012,-228.634995,91.384018,-65.502998,25.881001,-0.209,0,4.062,29.734,-8.92,20.813999,0.0,0.0,20.813999,0,0.0,20.813999,0.0,0.0,20.814,0.13,0.13,0.13,151.718002,0.13,0.13,0.13,156.451996,
07/02/1999,355.229004,-249.492996,105.736008,-73.050003,32.686001,0.0,0,34.952999,67.639,-20.292,47.347,0.0,0.0,47.347,0,0.0,47.347,-23.839001,3.262,26.77,0.18,0.32,0.32,153.800003,0.165,0.3,0.3,158.600006,
10/01/1999,349.319,-249.371002,99.947998,-67.438004,32.509998,-0.358,0,3.925,36.076998,-10.823,25.254,0.0,0.0,25.254,0,0.0,25.254,0.0,0.0,25.253998,0.16,0.16,0.16,155.729996,0.16,0.16,0.16,161.352005,
12/31/1999,372.721008,-263.511993,109.209015,-71.767998,37.441002,0.0,0,10.234,47.675002,-14.303,33.372002,0.0,0.0,33.372002,0,0.0,33.372002,-5.78,1.78,29.372001,0.185,0.21,0.21,157.505997,0.18,0.205,0.205,163.615997,
03/31/2000,440.730988,-310.656006,130.074982,-77.356003,52.719002,-0.13,0,1.852,54.441002,-16.332001,38.109001,0.0,0.0,38.109001,0,0.0,38.109001,0.0,0.0,38.109001,0.24,0.24,0.24,158.626999,0.23,0.23,0.23,166.615005,
06/30/2000,552.638977,-389.115997,163.52298,-83.429001,80.094002,-0.076,0,4.372,84.390002,-25.316999,59.073002,0.0,0.0,59.073002,0,0.0,59.073002,0.0,0.0,59.073003,0.37,0.37,0.37,159.399994,0.35,0.35,0.35,168.0,
09/29/2000,597.23999,-420.091003,177.148987,-85.947998,91.200996,-0.107,0,85.424004,176.518,-63.194,113.323997,0.0,-0.041,113.282997,0,0.0,113.282997,-42.400002,0.0,70.882998,0.4,0.71,0.71,160.294006,0.38,0.67,0.67,168.983002,
12/29/2000,631.429993,-436.984009,194.445984,-95.769997,98.676003,-0.087,0,8.598,107.187002,-36.473999,70.712997,0.0,0.089,70.802002,0,0.0,70.802002,0.0,0.0,70.802003,0.44,0.44,0.44,161.167007,0.42,0.42,0.42,167.246994,
03/31/2001,663.700012,-456.128998,207.571014,-96.494003,111.077003,-0.128,0,4.692,115.641003,-39.272999,76.367996,0.0,-0.132,76.236,0,0.0,76.236,0.0,0.0,76.236005,0.47,0.47,0.47,161.651001,0.46,0.46,0.46,167.035995,
06/29/2001,619.599976,-404.899994,214.699982,-109.0,105.699997,-0.1,0,5.5,111.099997,-37.700001,73.400002,0.0,0.0,73.400002,0,0.0,73.400002,0.0,0.0,73.399996,0.45,0.45,0.45,163.300003,0.44,0.44,0.44,167.5,
09/28/2001,410.096985,-278.915985,131.181,-82.334999,48.846001,-0.083,0,7.466,56.229001,-19.118,37.111,0.0,0.0,37.111,0,0.0,37.111,0.0,0.0,37.111001,0.23,0.23,0.23,158.013,0.23,0.23,0.23,159.917007,
12/28/2001,418.194,-278.566986,139.627014,-81.942001,57.685001,-0.133,0,2.021,59.573001,-20.417999,39.154999,0.0,0.0,39.154999,0,0.0,39.154999,2.463,0.0,41.618002,0.26,0.25,0.25,156.072006,0.26,0.25,0.25,157.559006,
03/29/2002,452.690002,-285.324005,167.365997,-89.831001,77.535004,-0.376,0,-10.862,66.297003,-22.514,43.783001,0.0,0.0,43.783001,0,0.0,43.783001,8.817,0.0,52.600004,0.33,0.28,0.28,156.438995,0.33,0.28,0.28,158.337997,
06/28/2002,390.135986,-244.154007,145.981979,-165.026993,-19.045,-0.277,0,-4.342,-23.664,7.999,-15.665,0.0,0.0,-15.665,0,0.0,-15.665,60.0,0.0,44.335,0.28,-0.1,-0.1,156.600006,0.28,-0.1,-0.1,157.899994,
09/27/2002,311.554993,-198.830994,112.723999,-86.838997,25.885,-0.85,0,-8.318,16.717,-5.703,11.014,0.0,0.0,11.014,0,0.0,11.014,13.2,-4.5,19.714,0.13,0.07,0.07,155.128006,0.13,0.07,0.07,155.710007,
12/27/2002,352.007996,-240.638,111.369995,-84.817001,26.552999,-0.247,0,-3.353,22.953,-7.805,15.148,0.0,0.0,15.148,0,0.0,15.148,15.4,-5.4,25.147999,0.16,0.1,0.1,154.380005,0.16,0.1,0.1,154.753998,
03/28/2003,382.630005,-252.024002,130.606003,-82.236,48.369999,0.0,0,-7.734,40.635999,-13.816,26.82,0.0,0.0,26.82,0,0.0,26.82,10.5,-3.8,33.519999,0.22,0.18,0.18,151.770996,0.22,0.18,0.18,152.167007,
06/27/2003,404.160004,-256.088013,148.071991,-84.541,63.530998,0.0,0,8.261,71.791998,-24.429001,47.362999,0.0,0.0,47.362999,0,0.0,47.362999,0.0,0.0,47.362997,0.32,0.32,0.32,149.100006,0.31,0.31,0.31,151.300003,
10/03/2003,395.635986,-248.378006,147.25798,-83.360001,63.897999,-0.235,0,2.236,65.898999,-23.229,42.669998,0.0,0.0,42.669998,0,0.0,42.669998,0.715,-0.25,43.134999,0.28,0.28,0.28,150.960999,0.28,0.28,0.28,153.796997,
01/02/2004,416.56601,-259.20401,157.362,-83.987999,73.374001,-0.204,0,5.798,78.968,-27.837,51.131001,0.0,0.0,51.131001,0,0.0,51.131001,0.598,-0.21,51.519001,0.34,0.34,0.34,151.873993,0.33,0.33,0.33,154.509995,
04/02/2004,436.968994,-275.53299,161.436005,-90.724998,70.710999,-0.191,0,8.822,79.341998,-25.389,53.952999,0.0,0.0,53.952999,0,0.0,53.952999,-2.2,0.7,52.452998,0.34,0.35,0.35,152.569,0.34,0.35,0.35,155.304993,
07/02/2004,458.833008,-290.087006,168.746002,-90.310997,78.434998,-0.148,0,5.837,84.123997,-13.877,70.247002,0.0,0.0,70.247002,0,0.0,70.247002,-15.58,0.0,54.666998,0.36,0.46,0.46,153.199997,0.35,0.45,0.45,155.800003,
10/01/2004,452.674011,-286.875,165.799011,-87.101997,78.696999,-0.157,0,5.943,84.482998,-28.605,55.877998,0.0,0.0,55.877998,0,0.0,55.877998,0.004,0.0,55.881999,0.36,0.36,0.36,153.431,0.36,0.36,0.36,155.436005,
12/31/2004,441.672,-277.951,163.721,-85.774,77.947,-0.174,0,5.753,83.526,-24.833,58.693,0.0,0.0,58.693,0,0.0,58.693,-0.008,0.0,58.685,0.39,0.39,0.39,152.395,0.38,0.38,0.38,154.51,
04/01/2005,489.506989,-308.854004,180.652985,-94.390999,86.262001,-0.197,0,7.073,93.138001,-31.399,61.738998,0.0,0.0,61.738998,0,0.0,61.738998,-0.272,0.0,61.467001,0.41,0.41,0.41,152.145996,0.4,0.4,0.4,154.261002,
07/01/2005,527.039001,-321.987,205.052002,-99.401001,105.651001,-0.233,0,-43.658001,61.76,-27.309999,34.450001,0.0,0.0,34.450001,0,0.0,34.450001,54.299999,-11.5,77.25,0.51,0.23,0.23,152.5,0.5,0.22,0.22,154.699997,
09/30/2005,490.048,-306.374,183.674,-101.353,82.321,-0.27,0,9.763,91.814,-31.07,60.744,0.0,0.0,60.744,0,0.0,60.744,0.895,0.0,61.639,0.40584,0.4,0.4,153.254,0.395781,0.39,0.39,154.814,
12/30/2005,495.241,-316.299,178.942,-104.562,74.38,-0.093,0,9.176,83.463,-30.016,53.447,0.0,0.0,53.447,0,0.0,53.447,20.402,-5.8,68.049,0.44,0.35,0.35,153.956,0.44,0.34,0.34,155.862,
