Date,Revenue,Sales & Services Revenue,Other Revenue,Cost of Revenue,Cost of Goods & Services,Gross Profit,Other Operating Income,Operating Expenses,"Selling, General & Admin",Depreciation & Amortization,Prov For Doubtful Accts,Other Operating Expense,Operating Income (Loss),Non-Operating (Income) Loss,"Interest Expense, Net",Interest Expense,Interest Income,Foreign Exch (Gain) Loss,Other Non-Op (Income) Loss,Pretax Income,Income Tax Expense (Benefit),Income (Loss) from Cont Ops,Net Extraordinary Losses (Gains),Discontinued Operations,XO & Accounting Changes,Income (Loss) Incl. MI,Minority Interest,"Net Income, GAAP",Preferred Dividends,Other Adjustments,"Net Income Avail to Common, GAAP","Net Income Avail to Common, Adj",Net Abnormal Losses (Gains),Basic Weighted Avg Shares,"Basic EPS, GAAP",Basic EPS from Cont Ops,"Basic EPS from Cont Ops, Adjusted",Diluted Weighted Avg Shares,"Diluted EPS, GAAP",Diluted EPS from Cont Ops,"Diluted EPS from Cont Ops, Adjusted",Source: Bloomberg
04/26/1989,6068,,,-4379,,1689,,-1527,,,,,162,-15,,75,,0.0,-60,147,-53,94,0.0,,,94,0.0,94,0.0,,94,94.0,,202.968034,0.464517,0.464517,,202.968034,0.464517,0.464517,0.464517,
07/26/1989,7006,,,-5154,,1852,,-1628,,,,,224,0,,82,,0.0,-82,224,-79,145,0.0,,,145,0.0,145,0.0,,145,145.0,,203.069205,0.7116,0.7116,,203.069205,0.7116,0.7116,0.7116,
10/25/1989,6707,,,-4932,,1775,,-1595,,,,,180,-19,,94,,0.0,-75,161,-57,104,0.0,,,104,0.0,104,0.0,,104,104.0,,203.271563,0.513933,0.513933,,203.271563,0.513933,0.513933,0.513933,
01/31/1990,9752,,,-7280,,2472,,-1892,,,,,580,-597,,129,,0.0,468,-17,-3,-20,0.0,,,-20,0.0,-20,0.0,,-20,-20.0,,202.084728,-0.098833,-0.098833,-0.098833,202.084728,-0.098833,-0.098833,-0.098833,
05/02/1990,7044,,,-5211,,1833,,-1638,,,,,195,-40,,99,,0.0,-59,155,-55,100,0.0,,,100,0.0,100,0.0,,100,100.0,,202.462132,0.494167,0.494167,,202.462132,0.494167,0.494167,0.494167,
08/01/1990,7785,,,-5810,,1975,,-1738,,,,,237,-7,,99,,0.0,-92,230,-82,148,0.0,,,148,0.0,148,0.0,,148,148.0,,202.563303,0.731366,0.731366,,202.563303,0.731366,0.731366,0.731366,
10/31/1990,7493,,,-5569,,1924,,-1733,,,,,191,-33,,108,,0.0,-75,158,-52,106,0.0,,,106,0.0,106,0.0,,106,106.0,,202.462132,0.523816,0.523816,,202.462132,0.523816,0.523816,0.523816,
01/31/1991,9748,,,-7305,,2443,,-1903,,,,,540,63,,103,,0.0,-166,603,-201,402,0.0,,,402,0.0,402,0.0,,402,402.0,,202.163141,1.986549,1.986549,1.986549,202.163141,1.986549,1.986549,1.986549,
05/01/1991,7644,,,-5747,,1897,,-1695,,,,,202,-39,,101,,0.0,-62,163,-56,107,0.0,,,107,0.0,107,0.0,,107,107.0,,203.575108,0.523816,0.523816,,203.575108,0.523816,0.523816,0.523816,
07/31/1991,8405,,,-6309,,2096,,-1835,,,,,261,-14,,104,,0.0,-90,247,-84,163,0.0,,,163,0.0,163,0.0,,163,163.0,,204.688099,0.80055,0.80055,,204.688099,0.80055,0.80055,0.80055,
10/30/1991,7971,,,-5981,,1990,,-1803,,,,,187,-21,,100,,0.0,-79,166,-57,109,0.0,,,109,0.0,109,-24.0,,85,85.0,,222.394682,0.494167,0.494167,,222.394682,0.494167,0.494167,0.494167,
01/29/1992,10560,,,-7893,,2667,,-2004,,,,,663,62,,96,,0.0,-158,725,-245,480,0.0,,,480,0.0,480,-20.0,,460,460.0,,201.481684,2.283049,2.283049,2.283049,201.481684,2.283049,2.283049,2.283049,
04/29/1992,6880,,,-5017,,1863,,-1514,,,,,349,-183,,101,,0.0,82,166,-60,106,-10.0,,,116,0.0,116,-19.0,,97,97.0,,229.882031,0.513933,0.4744,,229.882031,0.513933,0.4744,0.4744,
07/29/1992,7663,,,-5613,,2050,,-1686,,,,,364,-118,,104,,0.0,14,246,-86,160,-8.0,,,168,0.0,168,-20.0,,148,148.0,,460.877053,0.365683,0.345917,,460.877053,0.365683,0.345917,0.345917,
10/28/1992,7266,,,-5311,,1955,,-1599,,,,,356,-178,,114,,0.0,64,178,-62,116,-6.0,,,122,0.0,122,-21.0,,101,101.0,,462.495946,0.26685,0.256967,,462.495946,0.26685,0.256967,0.256967,
01/27/1993,9607,,,-6859,,2748,,-2114,,,,,634,103,,95,,0.0,-198,737,-237,500,-35.0,,,535,0.0,535,,,535,535.0,,469.072677,1.136583,1.0674,1.0674,469.072677,1.136583,1.0674,1.0674,
04/28/1993,7352,,,-5466,,1886,,-1744,,,,,142,-59,,122,,0.0,-63,83,-25,58,35.0,,,23,0.0,23,0.0,,23,23.0,,461.990044,0.049417,0.1186,,461.990044,0.049417,0.1186,0.1186,
07/28/1993,8439,,,-6309,,2130,,-1925,,,,,205,-25,,125,,0.0,-100,180,-55,125,23.0,,,102,0.0,102,0.0,,102,102.0,,461.382955,0.217433,0.26685,,461.382955,0.217433,0.26685,0.26685,
10/27/1993,8098,,,-6033,,2065,,-1898,,,,,167,9,,76,,0.0,-85,176,-72,104,10.0,,,94,0.0,94,0.0,,94,94.0,,462.495946,0.197667,0.217433,,462.495946,0.197667,0.217433,0.217433,
01/26/1994,8597,,,-6460,,2137,,-3160,,,,,-1023,47,,105,,0.0,-152,-976,371,-605,588.0,,,-1193,0.0,-1193,,,-1193,-1193.0,,462.900662,-2.579549,-1.33425,-1.33425,462.900662,-2.579549,-1.33425,-1.33425,
04/27/1994,7216,,,-5384,,1832,,-1758,,,,,74,-54,,125,,0.0,-71,20,-4,16,-2.0,,,18,0.0,18,0.0,,18,18.0,,461.281768,0.039533,0.02965,,461.281768,0.039533,0.02965,0.02965,
07/31/1994,8015,,,-5963,,2052,,-1823,,,,,229,-96,,116,,0.0,-20,133,-43,90,-4.0,,,94,0.0,94,0.0,,94,94.0,,461.484142,0.197667,0.187783,,461.484142,0.197667,0.187783,0.187783,
10/26/1994,7783,,,-5883,,1900,,-1813,,,,,87,-59,,133,,0.0,-74,28,-7,21,-18.0,,,39,0.0,39,0.0,,39,39.0,,462.192386,0.079067,0.039533,,462.192386,0.079067,0.039533,0.039533,
01/25/1995,9786,,,-7638,,2148,,-1982,,,,,166,-232,,119,,0.0,113,-66,43,-23,-168.0,,,145,0.0,145,-48.0,,97,97.0,,463.305378,0.20755,-0.158133,-0.158133,463.305378,0.20755,-0.158133,-0.158133,
04/26/1995,7443,,,-5788,,1655,,-1767,,,,,-112,75,,109,,0.0,-184,-37,12,-25,0.0,,,-25,0.0,-25,0.0,,-25,-25.0,,464.215996,-0.0593,-0.0593,,464.215996,-0.0593,-0.0593,-0.0593,
07/26/1995,8440,,,-6544,,1896,,-1827,,,,,69,-36,,114,,0.0,-78,33,-10,23,77.0,,,-54,0.0,-54,0.0,,-54,-54.0,,464.721898,-0.1186,0.04744,,464.721898,-0.1186,0.04744,0.04744,
10/25/1995,7975,,,-6286,,1689,,-1834,,,,,-145,-23,,96,,0.0,-73,-168,50,-118,-49.0,,,-69,0.0,-69,0.0,,-69,-69.0,,465.53136,-0.14825,-0.253013,,465.53136,-0.14825,-0.253013,-0.253013,
01/31/1996,7855,,,-6057,,1798,,-1448,,,,,350,-491,,115,,0.0,376,-141,31,-110,313.0,,,-423,0.0,-423,-6.0,,-429,-429.0,,467.049067,-0.899383,-0.239177,-0.239177,467.049067,-0.899383,-0.239177,-0.239177,
05/01/1996,6975,,,-5398,,1577,,-1519,,,,,58,-113,,113,,0.0,0,-55,19,-36,63.0,,,-99,0.0,-99,0.0,,-99,-99.0,,487.791064,-0.20755,-0.079067,-0.079067,487.791064,-0.20755,-0.079067,-0.079067,
07/31/1996,7566,,,-5875,,1691,,-1539,,,,,152,-113,,107,,0.0,6,39,-16,23,-11.0,,,34,0.0,34,0.0,,34,34.0,,493.861893,0.069183,0.049417,0.049417,493.861893,0.069183,0.049417,0.049417,
10/30/1996,7212,,,-5528,,1684,,-1533,,,,,151,-132,,119,,0.0,13,19,-11,8,-1.0,,,9,0.0,9,0.0,,9,9.0,,492.647715,0.019767,0.019767,0.019767,492.647715,0.019767,0.019767,0.019767,
01/29/1997,9684,,,-7589,,2095,,-1683,,,,,412,-116,,114,,0.0,2,296,-60,236,400.0,,,-164,0.0,-164,0.0,,-164,-164.0,,492.141812,-0.336033,0.484283,0.484283,492.141812,-0.26685,0.44475,0.44475,
04/30/1997,7263,,,-5637,,1626,,-1491,,,,,135,-110,,98,,0.0,12,25,-11,14,0.0,,,14,0.0,14,0.0,,14,14.0,,491.028821,0.02965,0.02965,0.02965,491.028821,0.02965,0.02965,0.02965,
07/30/1997,7846,,,-6197,,1649,,-1497,,,,,152,-104,,92,,0.0,12,48,-17,31,0.0,,,31,0.0,31,0.0,,31,31.0,,492.850088,0.0593,0.0593,0.0593,565.396468,0.0593,0.0593,0.0593,
10/29/1997,7315,,,-5683,,1632,,-1492,,,,,140,-109,,96,,0.0,13,31,-13,18,0.0,,,18,0.0,18,0.0,,18,18.0,,493.760706,0.039533,0.039533,0.039533,567.116549,0.039533,0.039533,0.039533,
01/28/1998,9759,,,-7635,,2124,,-1656,,,,,468,-203,,77,,0.0,126,265,-79,186,0.0,,,186,0.0,186,0.0,,186,186.0,,493.861893,0.375567,0.375567,0.523816,565.092939,0.345917,0.345917,0.494167,
04/29/1998,7515,,,-5908,,1607,,-1449,,,,,158,-74,,74,,0.0,0,84,-24,60,0.0,,,60,-13.0,47,0.0,,47,47.0,,495.480787,0.098833,0.098833,0.098833,568.937785,0.098833,0.098833,0.098833,
07/29/1998,8116,,,-6336,,1780,,-1561,,,,,219,-89,,70,,0.0,19,130,-38,92,0.0,,,92,-12.0,80,0.0,,80,80.0,,498.718543,0.158133,0.158133,0.187783,577.335752,0.158133,0.158133,0.187783,
10/28/1998,7642,,,-5954,,1688,,-1540,,,,,148,-89,,76,,0.0,13,59,-21,38,0.0,,,38,0.0,38,0.0,,38,38.0,,498.617356,0.079067,0.079067,0.079067,570.657865,0.08895,0.08895,0.08895,
01/27/1999,10401,,,-8121,,2280,,-1695,,,,,585,-85,,73,,0.0,12,500,-147,353,0.0,,,353,0.0,353,0.0,,353,353.0,,498.920916,0.7116,0.7116,0.7116,571.568514,0.642416,0.642416,0.642416,
04/28/1999,8078,,,-6370,,1708,,-1539,,,,,169,-79,,66,,0.0,13,90,-34,56,0.0,,,56,0.0,56,0.0,0.0,56,56.0,,499.932721,0.108717,0.108717,0.108717,573.794436,0.108717,0.108717,0.108717,
07/28/1999,8780,,,-6854,,1926,,-1638,,,,,288,-76,,64,,0.0,12,212,-74,138,230.0,,,-92,0.0,-92,0.0,0.0,-92,-92.0,,501.045712,-0.187783,0.276733,0.276733,573.693279,-0.14825,0.256967,0.256967,
10/27/1999,7962,,,-6248,,1714,,-1579,,,,,135,-89,,76,,0.0,13,46,-19,27,0.0,,,27,0.0,27,0.0,0.0,27,27.0,,497.909112,0.049417,0.049417,0.049417,568.836629,0.049417,0.049417,0.049417,
01/26/2000,11104,,,-8637,,2467,,-1760,,,,,707,-86,,96,,0.0,-10,621,-209,412,0.0,,,412,0.0,412,0.0,0.0,412,412.0,,491.028821,0.840083,0.840083,0.840083,560.438662,0.761016,0.761016,0.761016,
04/26/2000,8195,,,-6494,,1701,,-1581,,,,,120,-80,,70,-1.0,0.0,11,40,-18,22,0.0,,,22,0.0,22,0.0,0.0,22,22.0,,486.981602,0.0593,0.0593,0.0593,486.981602,0.0593,0.0593,0.0593,
07/26/2000,8998,,,-7518,,1480,,-2101,,,,,-621,-77,,71,-6.0,0.0,12,-698,250,-448,0.0,,,-448,0.0,-448,0.0,0.0,-448,-448.0,,486.981602,-0.91915,-0.91915,-0.91915,486.981602,-0.91915,-0.91915,-0.91915,
10/25/2000,8199,,,-6518,,1681,,-1697,,,,,-16,-82,,78,-8.0,0.0,12,-98,31,-67,0.0,,,-67,0.0,-67,0.0,0.0,-67,-67.0,,487.791064,-0.138367,-0.138367,-0.138367,487.791064,-0.138367,-0.138367,-0.138367,
01/31/2001,11636,,,-9128,,2508,,-2023,,,,,485,-107,66.0,68,-2.0,0.0,41,378,-129,249,0.0,,,249,0.0,249,0.0,0.0,249,249.0,463.0,488.499322,0.50405,0.50405,1.45285,488.499322,0.4744,0.4744,1.4232,
05/02/2001,8337,,,-6834,,1503,,-1712,,,,,-209,-133,,84,,0.0,49,-342,109,-233,0.0,,,-233,0.0,-233,0.0,0.0,-233,-233.0,,494.266609,-0.4744,-0.4744,-0.453645,494.266609,-0.4744,-0.4744,-0.453645,
08/01/2001,8917,,,-7253,,1664,,-2004,,,,,-340,-200,,88,2.0,0.0,110,-540,163,-377,0.0,,,-377,0.0,-377,0.0,0.0,-377,-377.0,,496.391405,-0.761016,-0.761016,-0.631545,496.391405,-0.761016,-0.761016,-0.631545,
10/31/2001,8019,,,-6463,,1556,,-1831,,,,,-275,-101,,96,,0.0,5,-376,127,-249,0.0,,,-249,0.0,-249,0.0,0.0,-249,-249.0,,503.67638,-0.494167,-0.494167,-0.306383,503.67638,-0.494167,-0.494167,-0.306383,
01/30/2002,10878,,,-9303,,1575,,-2041,,,,,-466,-888,,76,,0.0,812,-1354,-399,-1753,-166.0,,,-1587,0.0,-1587,0.0,0.0,-1587,-1587.0,,499.932721,-3.162666,-3.498699,-1.692026,499.932721,-3.162666,-3.498699,-1.692026,
05/01/2002,7181,,,-6519,,662,,-1670,,,,,-1008,-279,,33,0.0,0.0,246,-1287,12,-1275,167.0,,,-1442,0.0,-1442,0.0,0.0,-1442,-1442.0,,508.836591,-2.836516,-2.510366,0.820316,508.836591,-2.836516,-2.510366,0.820316,
07/31/2002,7183,,,-5912,,1271,,-1535,,,,,-264,-36,,32,-1.0,0.0,5,-300,0,-300,-7.0,,,-293,0.0,-293,0.0,0.0,-293,-293.0,,508.634248,-0.573233,-0.593,-0.50405,508.634248,-0.573233,-0.593,-0.50405,
10/30/2002,6459,,,-5353,,1106,,-1449,,,,,-343,-26,,37,-1.0,0.0,-10,-369,7,-362,21.0,,,-383,0.0,-383,0.0,0.0,-383,-383.0,,508.431875,-0.751133,-0.7116,-0.7116,508.431875,-0.751133,-0.7116,-0.7116,
01/29/2003,8529,,,-7058,,1471,,-1588,1588.0,,,0.0,-117,-722,53.0,53,,0.0,669,-839,5,-834,267.0,,,-1101,0.0,-1101,0.0,0.0,-1101,-1101.0,,523.001863,-2.105149,-1.591216,-0.761016,523.001863,-2.105149,-1.591216,-0.761016,
04/30/2003,6181,,,-4762,,1419,,-1421,,,,,-2,-856,,58,-1.0,0.0,799,-858,6,-852,10.0,,,-862,0.0,-862,0.0,0.0,-862,-862.0,,528.870342,-1.630749,-1.610983,-0.08895,528.870342,-1.630749,-1.610983,-0.08895,
07/30/2003,5652,,,-4419,,1233,,-1225,,,,,8,-22,,23,-2.0,0.0,1,-14,6,-8,0.0,,,-8,0.0,-8,0.0,0.0,-8,-8.0,,90.758881,-0.08895,-0.08895,-0.098833,90.758881,-0.08895,-0.08895,-0.098833,
10/29/2003,5092,,,-3925,,1167,,-1179,,,,,-12,-30,,32,-2.0,0.0,0,-42,14,-28,0.0,,,-28,0.0,-28,0.0,0.0,-28,-28.0,,90.657701,-0.306383,-0.306383,-0.316267,90.657701,-0.306383,-0.306383,-0.316267,
01/28/2004,6328,,,-4740,,1588,,-1177,,,,,411,23,,69,-6.0,0.0,-86,434,-164,270,0.0,,,270,0.0,270,0.0,0.0,270,270.0,,90.556523,2.984766,2.984766,2.362116,100.775749,2.747566,2.747566,2.194099,
04/28/2004,4615,,,-3478,,1137,,-1004,,,,,133,14,,33,-5.0,0.0,-42,147,-56,91,0.0,,,91,0.0,91,0.0,0.0,91,91.0,,90.556523,1.0081,1.0081,0.74125,101.484017,0.929033,0.929033,0.691833,
07/28/2004,4797,,,-3607,,1190,,-987,,,,,203,44,,33,-7.0,0.0,-70,247,-93,154,0.0,,,154,0.0,154,0.0,0.0,154,154.0,,90.556523,1.699933,1.699933,1.166233,102.69818,1.522033,1.522033,1.057516,
10/27/2004,4426,,,-3324,,1102,,-1000,,,,,102,784,,25,-9.0,0.0,-800,886,-334,552,0.0,,,552,0.0,552,0.0,0.0,552,552.0,,90.252979,6.117781,6.117781,0.721483,102.799358,5.386415,5.386415,0.6523,
01/26/2005,5909,,,-4402,,1507,,-1070,,,,,437,58,,23,-17.0,0.0,-64,495,-186,309,0.0,,,309,0.0,309,0.0,0.0,309,309.0,,89.747079,3.439399,3.439399,2.964999,102.293458,3.053949,3.053949,2.628966,
04/30/2005,7626,,,-5655,,1971,,-1823,,,1.0,,148,-13,42.0,42,0.0,0.0,-29,135,-52,83,90.0,,,-7,-2.0,-9,0.0,0.0,-9,-9.0,,123.440177,-0.069183,0.6523,0.553466,126.27323,-0.069183,0.642416,0.543583,
10/29/2005,12202,,,-8783,,3419,,-3256,,,21.0,,163,-91,70.0,70,0.0,0.0,21,72,-28,44,0.0,,,44,14.0,58,0.0,0.0,58,58.0,,165.430073,0.345917,0.345917,0.069183,165.531253,0.345917,0.345917,0.069183,
01/28/2006,16086,,,-11508,,4578,,-3372,3090.0,,,282.0,1206,283,47.0,88,-41.0,0.0,-330,1489,-533,956,0.0,,,956,-308.0,648,0.0,0.0,648,648.0,-199.02,162.597019,3.982982,3.982982,2.757449,162.597019,3.982982,3.982982,2.757449,
04/29/2006,11998,,,-8665,,3333,,-3010,,,,,323,-27,47.0,47,0.0,0.0,-20,296,-118,178,0.0,,,178,2.0,180,0.0,0.0,180,180.0,,159.865147,1.1267,1.1267,1.09705,159.865147,1.1267,1.1267,1.09705,
07/29/2006,12785,,,-9158,,3627,,-3103,,,,,524,-22,42.0,42,0.0,0.0,-20,502,-201,301,0.0,,,301,-7.0,294,0.0,0.0,294,294.0,-24.0,158.246259,1.858066,1.858066,1.709816,158.34744,1.858066,1.858066,1.709816,
10/28/2006,11941,,,-8557,,3384,,-3112,,,,,272,55,-51.0,89,-140.0,0.0,-4,327,-119,208,0.0,,,208,-12.0,196,0.0,0.0,196,196.0,-65.508,156.22265,1.255183,1.255183,0.840083,156.22265,1.255183,1.255183,0.840083,
02/03/2007,16292,,,-11444,,4848,,-3492,,,,,1356,-10,82.0,157,-217.0,0.0,70,1346,-495,851,0.0,,,851,-29.0,822,0.0,0.0,822,822.0,,157.436815,5.238165,5.238165,5.277698,157.537996,5.228282,5.228282,5.267815,
05/05/2007,11747,,,-8437,,3310,0.0,-2906,2644.0,,,262.0,404,-23,33.0,73,-40.0,,-10,381,-148,233,0.0,,,233,-10.0,223,0.0,0.0,223,223.0,-33.15,155.615567,1.433083,1.433083,1.220058,155.716747,1.433083,1.433083,1.220058,
08/04/2007,12260,,,-8869,,3391,0.0,-3064,2802.0,,,262.0,327,-12,29.0,71,-42.0,,-17,315,-128,187,0.0,,,187,-14.0,173,0.0,0.0,173,173.0,-3.25,152.580153,1.136583,1.136583,1.115283,152.681333,1.136583,1.136583,1.115283,
11/03/2007,11622,,,-8432,,3190,0.0,-3139,2884.0,,,255.0,51,-36,36.0,67,-31.0,,0,15,4,19,,,,19,-15.0,4,0.0,0.0,4,4.0,,141.551481,0.02965,0.02965,0.02965,141.551481,0.02965,0.02965,0.02965,
02/02/2008,15074,,,-10900,,4174,,-3408,,,,,766,-25,53.0,75,-22.0,0.0,-28,741,-278,361,0.0,,,463,-37.0,426,0.0,0.0,426,426.0,-17.485,136.087736,3.133016,3.133016,3.004532,136.087736,3.133016,3.133016,3.004532,
05/03/2008,11068,11068.0,,-8045,8045.0,3023,0.0,-3031,2815.0,248.0,,-32.0,-8,-56,,66,,,-10,-64,28,-36,0.0,0.0,0.0,-36,-20.0,-56,0.0,0.0,-56,-76.8,-20.8,133.254682,-0.424983,-0.424983,-0.57634,133.254682,-0.424983,-0.424983,-0.581076,
08/02/2008,11762,11762.0,,-8640,8640.0,3122,0.0,-2935,2694.0,247.0,,-6.0,187,-46,,65,,,-19,141,-56,85,0.0,0.0,0.0,85,-20.0,65,0.0,0.0,65,-13.252,-78.252,130.320449,0.494167,0.494167,-0.101688,130.320449,0.494167,0.494167,-0.106292,
11/01/2008,10660,10660.0,,-7806,7806.0,2854,0.0,-3056,2731.0,250.0,,75.0,-202,18,,71,,,-89,-184,73,-111,0.0,0.0,0.0,-111,-35.0,-146,0.0,0.0,-146,-109.3,36.7,126.981493,-1.146466,-1.146466,-0.860755,126.981493,-1.146466,-1.146466,-0.860755,
01/31/2009,13280,13280.0,,-9627,9627.0,3653,0.0,-3328,2820.0,236.0,,272.0,325,-34,,70,,,-36,291,-130,161,0.0,0.0,0.0,161,29.0,190,0.0,0.0,190,360.2,170.2,123.946079,1.531916,1.531916,2.906102,123.946079,1.531916,1.531916,2.905094,
05/02/2009,10055,10055.0,,-7182,7182.0,2873,0.0,-2745,2573.0,226.0,,-54.0,128,-70,,59,,,11,58,-24,34,0.0,0.0,0.0,34,-8.0,26,0.0,0.0,26,30.9,4.9,122.226011,0.217433,0.217433,0.252811,122.428372,0.20755,0.20755,0.247573,
08/01/2009,10551,10551.0,,-7756,7756.0,2795,0.0,-2853,2630.0,228.0,,-5.0,-58,-80,,63,,,17,-138,52,-86,0.0,0.0,0.0,-86,-8.0,-94,0.0,0.0,-94,-23.25,70.75,120.505943,-0.780783,-0.780783,-0.192936,120.505943,-0.780783,-0.780783,-0.193675,
10/31/2009,10190,10190.0,,-7419,7419.0,2771,0.0,-2877,2664.0,224.0,,-11.0,-106,-72,,72,,,0,-178,66,-112,0.0,0.0,0.0,-112,-15.0,-127,0.0,0.0,-127,-101.15,25.85,118.279972,-1.077283,-1.077283,-0.855174,118.279972,-1.077283,-1.077283,-0.858734,
01/30/2010,13247,13247.0,,-9467,9467.0,3780,0.0,-3031,2787.0,248.0,,-4.0,749,-71,,71,,,0,678,-217,461,0.0,0.0,0.0,461,-31.0,430,0.0,0.0,430,422.4,-7.6,116.256363,3.696365,3.696365,3.633349,116.256363,3.696365,3.696365,3.630993,
05/01/2010,10046,10046.0,,-7216,7216.0,2830,0.0,-2732,2555.0,221.0,,-44.0,98,-66,,67,,,-1,32,-15,17,0.0,0.0,0.0,17,-1.0,16,0.0,0.0,16,11.4,-4.6,115.952822,0.138367,0.138367,0.098315,116.054002,0.138367,0.138367,0.098315,
07/31/2010,10458,10458.0,,-7635,7635.0,2823,0.0,-2818,2606.0,221.0,,-9.0,5,-58,,69,,,-11,-53,19,-34,0.0,0.0,0.0,-34,-5.0,-39,0.0,0.0,-39,-26.85,12.15,113.929212,-0.345917,-0.345917,-0.235673,113.929212,-0.345917,-0.345917,-0.239271,
10/30/2010,9678,9678.0,,-7121,7121.0,2557,0.0,-2849,2630.0,219.0,,0.0,-292,-70,,77,,,-7,-362,147,-215,0.0,0.0,0.0,-215,-3.0,-218,0.0,0.0,-218,-188.0,30.0,111.197339,-1.956899,-1.956899,-1.690688,111.197339,-1.956899,-1.956899,-1.690688,
01/29/2011,13144,13144.0,,-9476,9476.0,3668,0.0,-3005,2780.0,239.0,,-14.0,663,-94,,97,,,-3,569,-187,382,0.0,0.0,0.0,382,-8.0,374,0.0,0.0,374,390.9,16.9,110.387896,3.389982,3.389982,3.541149,110.387896,3.389982,3.389982,3.541149,
04/30/2011,9540,9540.0,,-6996,6996.0,2544,0.0,-2716,2507.0,211.0,,-2.0,-172,-73,,75,,,-2,-245,76,-169,5.0,5.0,0.0,-174,4.0,-170,0.0,0.0,-170,-145.3,19.7,109.072549,-1.561566,-1.512149,-1.33214,109.072549,-1.561566,-1.512149,-1.33214,
07/30/2011,10138,10138.0,,-7537,7537.0,2601,0.0,-2792,2601.0,220.0,,-29.0,-191,-56,,71,,,-15,-247,97,-150,-6.0,-6.0,0.0,-144,-2.0,-146,0.0,0.0,-146,-131.85,20.15,108.060745,-1.354016,-1.403433,-1.220147,108.060745,-1.354016,-1.403433,-1.220147,
10/29/2011,9405,9405.0,,-7011,7011.0,2394,0.0,-2841,2635.0,210.0,,-4.0,-447,-58,,70,,,-12,-505,91,-414,11.0,11.0,0.0,-425,4.0,-421,0.0,0.0,-421,-274.6,135.4,107.757203,-3.903915,-3.805082,-2.548322,107.757203,-3.903915,-3.805082,-2.548553,
01/28/2012,12484,12484.0,,-9422,9422.0,3062,0.0,-3753,2921.0,212.0,,620.0,-691,-63,,73,,,-10,-754,-1633,-2387,17.0,17.0,0.0,-2404,1.0,-2403,0.0,0.0,-2403,54.7,2440.7,107.453662,-22.365976,-22.207843,0.509057,107.453662,-22.365976,-22.207843,0.506134,
04/28/2012,9270,9270.0,,-6703,6703.0,2567,0.0,-2252,2445.0,202.0,,-395.0,315,-54,,66,,,-12,261,-67,194,0.0,0.0,0.0,194,-5.0,189,0.0,0.0,189,-56.75,-245.75,107.15012,1.759233,1.759233,-0.529631,107.352481,1.759233,1.759233,-0.529955,
07/28/2012,9467,9467.0,,-6936,6936.0,2531,0.0,-2634,2437.0,212.0,,-15.0,-103,-55,,65,,,-10,-158,25,-133,0.0,0.0,0.0,-133,1.0,-132,0.0,0.0,-132,-121.75,10.25,107.15012,-1.235416,-1.235416,-1.136256,107.15012,-1.235416,-1.235416,-1.139756,
10/27/2012,8857,8857.0,,-6604,6604.0,2253,0.0,-2681,2496.0,211.0,,-26.0,-428,-59,,68,,,-9,-487,-11,-498,0.0,0.0,0.0,-498,0.0,-498,0.0,0.0,-498,-234.3,263.7,107.15012,-4.645165,-4.645165,-2.186652,107.15012,-4.645165,-4.645165,-2.186652,
02/02/2013,12260,12260.0,,-9097,9097.0,3163,0.0,-3785,3282.0,205.0,,298.0,-622,-4,,68,,,-64,-626,9,-617,0.0,0.0,0.0,-617,128.0,-489,0.0,0.0,-489,122.273,611.273,107.251301,-4.556215,-4.556215,1.140061,107.251301,-4.556215,-4.556215,1.140061,
05/04/2013,8452,8452.0,,-6296,6296.0,2156,0.0,-2403,2218.0,191.0,,-6.0,-247,-54,,61,,,-7,-301,9,-292,0.0,0.0,0.0,-292,13.0,-279,0.0,0.0,-279,-150.8,128.2,107.251301,-2.599316,-2.599316,-1.406044,107.251301,-2.599316,-2.599316,-1.406044,
08/03/2013,8871,8871.0,,-6685,6685.0,2186,0.0,-2237,2291.0,187.0,,-241.0,-51,-46,,59,,,-13,-97,-30,-127,0.0,0.0,0.0,-127,-67.0,-194,0.0,0.0,-194,-264.5,-70.5,107.352481,-1.808649,-1.808649,-2.463846,107.352481,-1.808649,-1.808649,-2.465364,
11/02/2013,8272,8272.0,,-6341,6341.0,1931,0.0,-2428,2262.0,181.0,,-15.0,-497,-52,,61,,,-9,-549,2,-547,0.0,0.0,0.0,-547,13.0,-534,0.0,0.0,-534,-341.2,192.8,107.352481,-4.971315,-4.971315,-3.178315,107.352481,-4.971315,-4.971315,-3.178315,
02/01/2014,10593,10593.0,,-8111,8111.0,2482,0.0,-2614,2613.0,173.0,,-172.0,-132,107,,73,,,-180,-25,-125,-150,0.0,0.0,0.0,-150,-208.0,-358,0.0,0.0,-358,67.7,425.7,107.453662,-3.330682,-3.330682,0.630039,107.453662,-3.330682,-3.330682,0.630039,
05/03/2014,7879,7879.0,,-6051,6051.0,1828,0.0,-2203,2089.0,155.0,,-41.0,-375,-70,,71,,,-1,-445,3,-442,0.0,0.0,0.0,-442,40.0,-402,0.0,0.0,-402,-279.8,122.2,107.453662,-3.745782,-3.745782,-2.603914,107.453662,-3.745782,-3.745782,-2.608548,
08/02/2014,8013,8013.0,,-6271,6271.0,1742,0.0,-2256,2118.0,152.0,,-14.0,-514,-35,,72,,,-37,-549,-32,-581,0.0,0.0,0.0,-581,8.0,-573,0.0,0.0,-573,-318.1,254.9,107.554842,-5.327115,-5.327115,-2.957561,107.554842,-5.327115,-5.327115,-2.957561,
11/01/2014,7207,7207.0,,-5606,5606.0,1601,0.0,-2091,2011.0,148.0,,-68.0,-490,21,,78,,,-99,-469,-159,-628,0.0,0.0,0.0,-628,80.0,-548,0.0,0.0,-548,-276.9,271.1,106.4,-5.15,-5.15,-2.602444,106.4,-5.15,-5.15,-2.602444,
01/31/2015,8099,8099.0,,-6121,6121.0,1978,0.0,-2107,2002.0,126.0,,-21.0,-129,-93,,92,,,1,-222,63,-159,0.0,0.0,0.0,-159,0.0,-159,0.0,0.0,-159,-42.8,116.2,106.3,-1.5,-1.5,-0.402634,106.3,-1.5,-1.5,-0.406867,
05/02/2015,5882,5882.0,,-4364,4364.0,1518,0.0,-1696,1681.0,122.0,,-107.0,-178,-107,,90,,,17,-285,-18,-303,0.0,0.0,0.0,-303,,-303,0.0,0.0,-303,-222.55,80.45,106.5,-2.85,-2.85,-2.089671,106.5,-2.85,-2.85,-2.094601,
08/01/2015,6211,6211.0,,-4776,4776.0,1435,0.0,-1336,1694.0,114.0,,-472.0,99,-112,,85,,,27,-13,221,208,0.0,0.0,0.0,208,,208,0.0,0.0,208,-278.8,-486.8,106.5,1.95,1.95,-2.61784,113.3,1.84,1.84,-2.61784,
10/31/2015,5750,5750.0,,-4488,4488.0,1262,0.0,-1644,1630.0,94.0,,-80.0,-382,-57,,74,,,-17,-439,-14,-453,0.0,0.0,0.0,-453,-1.0,-454,0.0,0.0,-454,-301.65,152.35,106.6,-4.26,-4.26,-2.829737,106.6,-4.26,-4.26,-2.830826,
01/30/2016,7303,7303.0,,-5708,5708.0,1595,0.0,-2134,1852.0,92.0,,190.0,-539,-109,,74,,,35,-648,68,-580,0.0,0.0,0.0,-580,0.0,-580,0.0,0.0,-580,-173.55,406.45,106.6,-5.44,-5.44,-1.628049,106.6,-5.44,-5.44,-1.628049,
04/30/2016,5394,5394.0,,-4217,4217.0,1177,0.0,-1545,1503.0,95.0,,-53.0,-368,-88,,85,,,3,-456,-15,-471,0.0,0.0,0.0,-471,0.0,-471,0.0,0.0,-471,-206.3,264.7,106.8,-4.41,-4.41,-1.931648,106.8,-4.41,-4.41,-1.931648,
07/30/2016,5663,5663.0,,-4403,4403.0,1260,0.0,-1529,1484.0,92.0,,-47.0,-269,-113,,99,,,14,-382,-13,-395,0.0,0.0,0.0,-395,,-395,0.0,0.0,-395,-225.6,169.4,106.9,-3.7,-3.7,-2.110384,106.9,-3.7,-3.7,-2.115341,
10/29/2016,5029,5029.0,,-4067,4067.0,962,0.0,-1586,1543.0,91.0,,-48.0,-624,-113,,105,,,8,-737,-11,-748,0.0,0.0,0.0,-748,0.0,-748,0.0,0.0,-748,-339.45,408.55,107.0,-6.99,-6.99,-3.17243,107.0,-6.99,-6.99,-3.17243,
01/28/2017,6052,5125.0,927.0,-4765,4765.0,1287,0.0,-2004,1579.0,97.0,,328.0,-717,-103,,115,,,-12,-820,213,-607,0.0,0.0,0.0,-607,,-607,0.0,0.0,-607,-134.35,472.65,107.0,-5.67,-5.67,-1.255607,107.0,-5.67,-5.67,-1.255607,
04/29/2017,4199,3329.0,870.0,-3268,3268.0,931,0.0,-582,1221.0,87.0,,-726.0,349,-176,,128,,,48,173,72,245,0.0,0.0,0.0,245,0.0,245,0.0,0.0,245,-226.9,-471.9,107.2,2.29,2.29,-2.116604,107.2,2.29,2.29,-2.116604,
07/29/2017,4365,4365.0,,-3394,3394.0,971,0.0,-1077,1369.0,83.0,,-375.0,-106,-135,,123,,,12,-241,-10,-251,0.0,0.0,0.0,-251,0.0,-251,0.0,0.0,-251,-117.1,133.9,107.3,-2.34,-2.34,-1.091333,107.3,-2.34,-2.34,-1.092097,
10/28/2017,3575,2810.0,765.0,-2871,2871.0,704,0.0,-873,1091.0,89.0,,-307.0,-169,-384,,136,,,248,-553,-3,-556,0.0,0.0,0.0,-556,0.0,-556,0.0,0.0,-556,-755.55,-199.55,107.5,-5.17,-5.17,-7.028372,107.5,-5.17,-5.17,-7.028372,
02/03/2018,4376,3589.0,787.0,-3452,3452.0,924,0.0,-1131,1156.0,73.0,,-98.0,-207,-150,,152,,,-2,-357,539,182,0.0,0.0,0.0,182,0.0,182,0.0,0.0,182,-180.0115,-362.0115,107.7,1.69,1.69,-1.671416,107.7,1.69,1.69,-1.671416,
05/05/2018,2891,2212.0,679.0,-2286,2286.0,605,0.0,-822,906.0,67.0,,-151.0,-217,-198,,166,,,32,-415,-9,-424,0.0,0.0,0.0,-424,0.0,-424,0.0,0.0,-424,-543.29,-119.29,108.0,-3.93,-3.93,-5.030463,108.0,-3.93,-3.93,-5.034537,
08/04/2018,3182,2428.0,754.0,-2480,2480.0,702,0.0,-904,864.0,66.0,,-26.0,-202,-325,,188,,,137,-527,19,-508,0.0,0.0,0.0,-508,0.0,-508,0.0,0.0,-508,-402.14,105.86,108.6,-4.677716,-4.677716,-3.702947,108.6,-4.677716,-4.677716,-3.702947,
11/03/2018,2742,2069.0,673.0,-2315,2315.0,427,0.0,-1081,856.0,65.0,,160.0,-654,-336,,178,,,158,-990,40,-950,0.0,0.0,0.0,-950,,-950,0.0,0.0,-950,-829.13,120.87,109.0,-8.72,-8.72,-7.606697,109.0,-8.72,-8.72,-7.611101,
