Date,Net Revenue,Net Interest Income,Total Interest Income,Interest Income,Investment Income,Total Interest Expense,Total Non-Interest Income,Trading Securities G/L,Trading Account Profits/Losses,Investment & Loan Inc (Loss),Other Income (Loss),Commissions & Fees Earned,Other Operating Income (Losses),Provision for Loan Losses,Net Revenue after Provisions,Total Non-Interest Expense,Commissions & Fees Paid,Other Operating Expenses,Operating Income (Loss),Non-Operating (Income) Loss,Other Non-Op (Income) Loss,"Pretax Income (Loss), GAAP",Income Tax Expense (Benefit),(Income) Loss from Affiliates,Income (Loss) from Cont Ops,Net Extraordinary Losses (Gains),Discontinued Operations,XO & Accounting Changes,Income (Loss) Incl. MI,Minority Interest,"Net Income, GAAP",Preferred Dividends,Other Adjustments,"Net Income Avail to Common, GAAP","Net Income Avail to Common, Adj",Net Abnormal Losses (Gains),Basic Weighted Avg Shares,"Basic EPS, GAAP",Basic EPS from Cont Ops,"Basic EPS from Cont Ops, Adjusted",Diluted Weighted Avg Shares,"Diluted EPS, GAAP",Diluted EPS from Cont Ops,"Diluted EPS from Cont Ops, Adjusted",Source: Bloomberg
03/31/1990,7.436,7.277,12.205,11.808,0.397,-4.928,0.159,0.0,,,,,0.159,-0.325,7.111,-3.216,0.0,3.216,3.895,0.0,0.0,3.895,-1.597,,2.298,0.0,,,2.298,0.0,2.298,0.0,,2.298,2.298,,25.339859,0.090703,0.090703,,25.339859,0.090703,0.090703,0.090703,
06/30/1990,8.639,8.394,14.089,13.623,0.466,-5.695,0.245,0.0,,,,,0.245,-0.715,7.924,-3.89,0.0,3.89,4.034,0.0,0.0,4.034,-1.559,,2.475,0.0,,,2.475,0.0,2.475,0.0,,2.475,2.475,,25.683839,0.097506,0.097506,,25.683839,0.097506,0.097506,0.097506,
09/30/1990,9.635,9.443,16.393,15.911,0.482,-6.95,0.192,0.0,,,,,0.192,-0.835,8.8,-4.249,0.0,4.249,4.551,0.0,0.0,4.551,-1.961,,2.59,0.0,,,2.59,0.0,2.59,0.0,,2.59,2.59,,25.666201,0.102041,0.102041,,25.666201,0.102041,0.102041,0.102041,
12/31/1990,10.675001,10.451001,18.019,17.513,0.506,-7.568,0.224,0.0,,,,,0.224,-1.34,9.335001,-4.662,0.0,4.662,4.673,0.0,0.0,4.673,-1.913,,2.76,0.0,,,2.76,0.0,2.759999,0.0,,2.759999,2.759999,,25.895521,0.106576,0.106576,,25.895521,0.106576,0.106576,0.106576,
03/31/1991,10.47,10.296,17.837,17.302,0.535,-7.541,0.174,0.0,,,,,0.174,-0.632,9.838,-4.998,0.0,4.998,4.84,0.0,0.0,4.84,-1.99,,2.85,0.0,,,2.85,0.0,2.85,0.0,,2.85,2.85,,25.886699,0.111111,0.111111,,25.886699,0.111111,0.111111,0.111111,
06/30/1991,11.146,10.935,18.374001,17.419001,0.955,-7.439,0.211,0.0,,,,,0.211,-0.757,10.389,-5.359,0.0,5.359,5.03,0.0,0.0,5.03,-2.155,,2.875,0.0,,,2.875,0.0,2.875,0.0,,2.875,2.875,,26.3592,0.109524,0.109524,,26.3592,0.109524,0.109524,0.109524,
09/30/1991,12.834,11.991,19.677999,17.809999,1.868,-7.687,0.843,0.0,,,,,0.843,-1.285,11.549,-5.858,0.0,5.858,5.691,0.0,0.0,5.691,-2.475,,3.216,0.0,,,3.216,0.0,3.216,0.0,,3.216,3.216,,31.046401,0.104762,0.104762,,31.046401,0.104762,0.104762,0.104762,
12/31/1991,13.292,12.9,19.983,17.559,2.424,-7.083,0.392,0.0,,,,0.606,-0.214,-1.409,11.883,-6.215,0.0,6.215,5.668,0.0,0.0,5.668,-2.355,,3.313,0.0,,,3.313,0.0,3.312999,0.0,,3.312999,3.312999,,32.390398,0.102381,0.102381,,32.390398,0.102381,0.102381,0.102381,
03/31/1992,14.252999,13.604999,19.325999,16.809999,2.516,-5.721,0.648,0.0,,,,0.0,0.648,-1.545,12.707999,-7.026,0.0,7.026,5.682,0.0,0.0,5.682,-2.272,,3.41,0.0,,,3.41,0.0,3.41,0.0,,3.41,3.41,,32.441088,0.104762,0.104762,,32.441088,0.104762,0.104762,0.104762,
06/30/1992,14.439,13.645,18.494999,16.000999,2.494,-4.85,0.794,0.0,,,,0.0,0.794,-2.252,12.186999,-6.386,0.0,6.386,5.801,0.0,0.0,5.801,-2.348,,3.453,0.0,,,3.453,0.0,3.453,0.0,,3.453,3.453,,32.499996,0.1075,0.1075,,32.499996,0.1075,0.1075,0.1075,
09/30/1992,13.957,13.51,17.981,15.717,2.264,-4.471,0.447,0.0,,,,0.0,0.447,-23.66,-9.703,-6.071,0.0,6.071,-15.774,0.0,0.0,-15.774,6.335,,-9.439,0.0,,,-9.439,0.0,-9.438999,0.0,,-9.438999,-9.438999,,31.408001,-0.3,-0.3,,31.408001,-0.3,-0.3,-0.3,
12/31/1992,15.46,14.124,18.330999,14.216,4.115,-4.207,1.336,0.0,,,,1.199,0.137,-7.925,7.534999,-6.935,0.0,6.935,0.6,0.0,0.0,0.6,-0.236,,0.364,0.0,,,0.364,0.0,0.364,0.0,,0.364,0.364,,29.120001,0.0125,0.0125,,29.120001,0.0125,0.0125,0.0125,
03/31/1993,17.111,12.805,16.496,14.498,1.998,-3.691,4.306,0.0,,,,0.569,3.737,-3.385,13.726,-12.054,0.0,12.054,1.672,0.0,0.0,1.672,-0.67,,1.002,0.0,,,1.002,0.0,1.002,0.0,,1.002,1.002,,32.831108,0.03,0.03,,32.831108,0.03,0.03,0.03,
06/30/1993,14.144,13.272,16.561,14.707,1.854,-3.289,0.872,0.031,,,,0.649,0.192,-2.997,11.147,-10.978,0.0,10.978,0.169,0.0,0.0,0.169,-0.045,,0.124,0.0,,,0.124,0.0,0.124,0.0,,0.124,0.124,,32.623894,0.005,0.005,,32.623894,0.005,0.005,0.005,
09/30/1993,14.883001,12.083001,15.328,13.468,1.86,-3.245,2.8,0.04,,,,0.939,1.821,-3.263,11.620001,-11.085,0.0,11.085,0.535,0.0,0.0,0.535,-0.233,,0.302,0.0,,,0.302,0.0,0.302,0.0,,0.302,0.302,,32.956001,0.01,0.01,,32.956001,0.01,0.01,0.01,
12/31/1993,13.595,12.296,15.736001,13.704,2.032,-3.44,1.299,-0.071,,,,0.675,0.695,-0.057,13.538,-13.247,0.0,13.247,0.291,0.0,0.0,0.291,-0.118,,0.173,0.0,,,0.173,0.0,0.173,0.0,,0.173,0.173,,33.119999,0.005,0.005,,33.119999,0.005,0.005,0.005,
03/31/1994,15.729,13.733,16.955,13.901,3.054,-3.222,1.996,0.0,,,,0.595,1.401,-0.637,15.092,-12.045,0.0,12.045,3.047,0.0,0.0,3.047,-1.313,,1.734,0.0,,,1.734,0.0,1.734,0.0,,1.734,1.734,,33.776001,0.0525,0.0525,,33.776001,0.0525,0.0525,0.0525,
06/30/1994,15.386,14.304,17.513,14.257,3.256,-3.209,1.082,-0.897,,,,0.815,1.164,-1.055,14.331,-10.386,0.0,10.386,3.945,0.0,0.0,3.945,-1.704,,2.241,0.0,,,2.241,0.0,2.241,0.0,,2.241,2.241,,34.091999,0.065,0.065,,34.091999,0.065,0.065,0.065,
09/30/1994,15.983999,15.173999,19.056999,16.466999,2.59,-3.883,0.81,-0.396,,,,1.063,0.143,-0.49,15.493999,-11.789,0.0,11.789,3.705,0.0,0.0,3.705,-1.598,,2.107,0.0,,,2.107,0.0,2.107,0.0,,2.107,2.107,,34.700001,0.06,0.06,,34.700001,0.06,0.06,0.06,
12/31/1994,18.083,17.049,21.527,19.084,2.443,-4.478,1.034,-1.128,,,,1.463,0.699,-0.905,17.178,-11.379,0.0,11.379,5.799,0.0,0.0,5.799,-2.815,,2.984,0.0,,,2.984,0.0,2.984,0.0,,2.984,2.984,,34.664001,0.085,0.085,,34.664001,0.085,0.085,0.085,
03/31/1995,19.141999,18.164999,24.007999,21.653999,2.354,-5.843,0.977,-0.422,,,,1.056,0.343,-1.355,17.786999,-12.068,0.0,12.068,5.719,0.0,0.0,5.719,-2.439,,3.28,0.0,,,3.28,0.0,3.28,0.0,,3.28,3.28,,35.348,0.0925,0.0925,,35.348,0.0925,0.0925,0.0925,
06/30/1995,20.848001,18.367001,24.303001,21.936001,2.367,-5.936,2.481,-0.348,,,,1.089,1.74,-1.406,19.442001,-12.416,0.0,12.416,7.026,0.0,0.0,7.026,-3.046,,3.98,0.0,,,3.98,0.0,3.98,0.0,,3.98,3.98,,36.132,0.11,0.11,,36.132,0.11,0.11,0.11,
09/30/1995,23.014,17.916,25.198,23.087,2.111,-7.282,5.098,0.0,,,,1.122,3.976,-3.337,19.677,-11.911,0.0,11.911,7.766,0.0,0.0,7.766,-2.303,,5.463,0.0,,,5.463,0.0,5.463,0.0,,5.463,5.463,,37.220001,0.1475,0.1475,,37.220001,0.1475,0.1475,0.1475,
12/31/1995,23.513,19.504,27.738001,24.131001,3.607,-8.234,4.009,0.002,,,,1.142,2.865,-2.639,20.874,-11.53,0.0,11.53,9.344,0.0,0.0,9.344,-3.914,,5.43,0.0,,,5.43,0.0,5.43,0.0,,5.43,5.43,,37.448002,0.145,0.145,,37.448002,0.145,0.145,0.145,
03/31/1996,22.106,20.273,28.205,23.926001,4.279,-7.932,1.833,0.001,,,,1.275,0.557,-1.523,20.583,-12.788,0.0,12.788,7.795,0.0,0.0,7.795,-3.118,,4.677,0.0,,,4.677,0.0,4.677,0.0,,4.677,4.677,,36.683998,0.1275,0.1275,0.1275,38.18,0.1225,0.1225,0.1225,
06/30/1996,24.42,20.866,30.019,24.882,5.137,-9.153,3.554,0.0,,,,1.3,2.254,-2.065,22.355,-12.96,0.0,12.96,9.395,0.0,0.0,9.395,-3.758,,5.637,0.0,,,5.637001,0.0,5.637,0.0,,5.637,5.637,,36.964001,0.1525,0.1525,0.1525,38.664001,0.145,0.145,0.145,
09/30/1996,24.954999,22.941999,33.294999,26.254999,7.04,-10.353,2.013,0.0,,,,1.118,0.895,-2.962,21.993,-13.207,0.0,13.207,8.786,0.0,0.0,8.786,-3.514,,5.272,0.0,,,5.272,0.0,5.272,0.0,,5.272,5.272,,36.995998,0.1425,0.1425,0.1425,38.944,0.135,0.135,0.135,
12/31/1996,27.403001,23.194001,33.554001,25.936001,7.618,-10.36,4.209,0.0,,,,1.393,2.816,-3.876,23.527001,-13.727,0.0,13.727,9.8,0.0,0.0,9.8,-3.92,,5.88,0.0,,,5.88,0.0,5.88,0.0,,5.88,5.88,,37.236,0.16,0.16,0.16,39.200001,0.15,0.15,0.15,
03/31/1997,28.687,23.857,34.893001,26.172001,8.721,-11.036,4.83,0.002,,,,1.344,3.484,-3.348,25.339,-14.667,0.0,14.667,10.672001,0.0,0.0,10.672001,-4.482,,6.190001,0.0,,,6.190001,0.0,6.190001,0.0,,6.190001,6.190001,,37.976002,0.165,0.165,0.165,39.944,0.155,0.155,0.155,
06/30/1997,30.059002,27.082002,39.720001,30.318001,9.402,-12.638,2.977,0.044,,,,1.517,1.416,-2.618,27.441002,-15.754,0.0,15.754,11.687002,0.0,0.0,11.687002,-4.908,,6.779002,0.0,,,6.779002,0.0,6.779002,0.0,,6.779002,6.779002,,38.327999,0.175,0.175,0.175,40.327999,0.17,0.17,0.17,
09/30/1997,31.859999,29.053999,44.170999,33.273998,10.897,-15.117,2.806,0.033,,,,1.747,1.026,-1.716,30.143999,-17.618,0.0,17.618,12.525999,0.0,0.0,12.525999,-5.261,,7.264999,0.0,,,7.264999,0.0,7.264999,0.0,,7.264999,7.264999,,38.959999,0.185,0.185,0.184998,41.155998,0.175,0.175,0.175,
12/31/1997,33.482999,30.830999,47.188,34.34,12.848,-16.357,2.652,0.011,,,,1.676,0.965,-2.385,31.097999,-18.261999,0.0,18.261999,12.836,0.0,0.0,12.836,-5.392,,7.444,0.0,,,7.444,0.0,7.444,0.0,,7.444,7.444,,39.678001,0.19,0.19,0.19,41.200001,0.18,0.18,0.18,
03/31/1998,37.327998,31.936998,49.540998,35.543999,13.997,-17.604,5.391,0.474,,,,2.084,2.833,-5.48,31.847998,-18.903999,0.0,18.903999,12.944,0.0,0.0,12.944,-5.365,,7.579,0.0,,,7.579,0.0,7.579,0.0,,7.579,7.579,,40.132,0.19,0.19,0.19,41.708,0.18,0.18,0.18,
06/30/1998,39.834002,35.399002,54.730001,38.525002,16.205,-19.330999,4.435,0.003,,,,2.104,2.328,-4.024,35.810002,-21.410999,0.0,21.410999,14.399,0.0,0.0,14.399,-5.836,,8.563,0.0,,,8.563,-0.362,8.201,0.0,,8.201,8.201,,40.523998,0.2,0.2,0.2,42.0,0.195,0.195,0.195,
09/30/1998,46.172162,38.456161,60.192001,42.435001,17.757,-21.73584,7.716,4.149,,,,2.227,1.34,-10.557,35.615162,-20.238001,0.0,20.238001,15.377,0.0,0.0,15.377,-6.002,,9.375,0.0,,,9.375,-0.825,8.55,0.0,,8.55,8.55,,40.700001,0.21,0.21,0.21,41.959999,0.205,0.205,0.205,
12/31/1998,46.443,40.823,60.764999,43.937,16.827999,-19.941999,5.62,0.614,,,,2.712,2.294,-17.098,29.345,-21.08,0.0,21.08,8.265,0.0,0.0,8.265,-2.914,,5.351,0.0,,,5.351,-0.825,4.526,0.0,,4.526,4.526,,40.779999,0.11,0.11,0.11,41.574001,0.11,0.11,0.11,
03/31/1999,46.653998,41.401999,62.353998,43.509998,18.844,-20.952,5.252,0.131,,,,3.336,1.785,-7.968,38.685999,-24.712,0.0,24.712,13.974,0.0,0.0,13.974,-5.313,,8.661,0.0,,,8.661,-0.825,7.836,0.0,,7.836,7.836,,40.976002,0.19,0.19,0.19,41.616001,0.19,0.19,0.19,
06/30/1999,53.229999,46.771999,68.723999,46.473999,22.25,-21.952,6.458,-0.374,,,,4.151,2.681,-10.802,42.427999,-26.972,0.0,26.972,15.456,0.0,0.0,15.456,-5.678,,9.778,0.0,,,9.778,-0.825,8.953,0.0,,8.953,8.953,,41.026001,0.22,0.22,0.22,41.813999,0.21,0.21,0.21,
09/30/1999,67.803002,54.389002,75.386002,51.228001,24.158001,-20.997,13.414,0.0,,,,6.274,7.14,-21.563,46.240002,-28.891001,0.0,28.891001,17.349001,0.0,0.0,17.349001,-6.015,,11.334,0.0,,,11.334001,-0.825,10.509,0.0,,10.509,10.509,,41.203999,0.26,0.26,0.26,42.453999,0.25,0.25,0.25,
12/31/1999,96.607001,62.876,75.405001,52.965,22.440001,-12.529,33.731,1.299,,,,3.03,29.402,-12.074,84.533,-41.784,0.0,41.784,42.749001,0.0,0.0,42.749001,-17.024,,25.725,0.0,,,25.725,-0.825,24.9,0.0,,24.9,24.9,,41.818001,0.6,0.6,0.6,43.720001,0.57,0.57,0.57,
03/31/2000,152.634001,71.499999,84.875999,60.32,24.556,-13.376,81.134002,29.888,,,,9.964,41.282001,-12.572,140.062001,-46.694,0.0,46.694,93.367996,0.0,0.0,93.367996,-37.888,,55.48,0.0,,,55.479996,-0.825,54.654999,0.0,0.0,54.654999,54.654999,,45.248001,1.21,1.21,1.21,47.528,1.15,1.15,1.15,
06/30/2000,116.492997,81.897998,95.065998,65.961998,29.104,-13.168,34.594999,2.245,,,,13.8,18.549999,-11.058,105.434998,-48.174999,0.0,48.174999,57.259998,0.0,0.0,57.259998,-22.700001,,34.560001,0.0,,,34.559998,-0.825,33.735001,0.0,0.0,33.735001,33.735001,,45.585999,0.74,0.74,0.74,47.979,0.7,0.7,0.7,
09/30/2000,130.823996,87.765996,102.707996,72.672997,30.035,-14.942,43.058,3.817,,,,15.463,23.778,-22.679001,108.144995,-49.199001,0.0,49.199001,58.945999,0.0,0.0,58.945999,-23.391001,,35.555,0.0,,,35.554998,-0.616,34.938999,0.0,0.0,34.938999,34.938999,,47.334,0.74,0.74,0.74,50.285999,0.69,0.69,0.69,
12/31/2000,119.527002,88.684003,104.110003,73.579002,30.531,-15.426,30.842999,1.115,,,,18.525999,11.202,-8.293,111.234001,-50.993,0.0,50.993,60.241001,0.0,0.0,60.241001,-23.927999,,36.313,0.0,,,36.313002,-0.574,35.738998,0.0,0.0,35.738998,35.738998,,48.429001,0.74,0.74,0.74,50.998001,0.7,0.7,0.7,
03/31/2001,105.611,81.735999,94.459999,66.279999,28.18,-12.724,23.875001,-0.336,,,,17.158001,7.053,-4.903,100.708,-45.327999,0.0,45.327999,55.380001,0.0,0.0,55.380001,-21.722,,33.658001,0.0,,,33.658001,-0.322,33.335999,0.0,0.0,33.335999,33.335999,,48.826,0.68,0.68,0.68,51.076,0.65,0.65,0.65,
06/30/2001,88.138,69.919,79.323,56.473,22.85,-9.404,18.219,-1.248,,,,14.084,5.383,-5.931,82.207,-43.847,0.0,43.847,38.36,-0.112,0.112,38.248,-14.116,,24.244,0.0,,,24.132,-0.112,24.132,0.0,0.0,24.132,24.132,,48.662,0.5,0.5,0.5,50.16,0.48,0.48,0.48,
09/30/2001,76.879,59.893,68.445,47.57,20.875,-8.552,16.986,-2.365,,,,14.958,4.393,-5.89,70.989,-43.422001,0.0,43.422001,27.566999,0.0,0.0,27.566999,-11.189,,16.378,0.0,,,16.377999,2.224,18.601999,0.0,0.0,18.601999,18.601999,,47.819,0.39,0.39,0.39,48.973999,0.38,0.38,0.38,
12/31/2001,67.990001,51.437002,58.098001,39.957001,18.141001,-6.661,16.552999,-3.624,,,,14.249,5.928,0.0,67.990001,-48.416,0.0,48.416,19.573999,-4.8,4.8,14.773999,-5.971,,8.803,0.0,,,8.802999,3.281,12.084,0.0,0.0,12.084,12.084,,45.577,0.27,0.27,0.34,46.818001,0.26,0.26,0.33,
03/31/2002,65.078,48.177,54.385,38.57,15.815,-6.208,16.901,-2.597,,,,8.975,10.523,-3.426,61.652,-42.493,,42.493,19.159,0.0,0.0,19.159,-7.639,,11.52,,,,11.52,1.84,13.36,0.0,0.0,13.36,13.36,,44.53,0.3,0.3,0.3,46.07,0.29,0.29,0.29,
06/30/2002,67.927,49.073,53.711,40.243,13.468,-4.638,18.854,-2.001,,,,18.067,2.788,3.207,71.134,-48.272,0.0,48.272,22.862,0.0,0.0,22.862,-8.528,,14.334,0.0,,,14.334,0.651,14.985,0.0,0.0,14.985,14.985,,45.389,0.33,0.33,0.33,46.975,0.32,0.32,0.32,
09/30/2002,64.115,47.852,52.51,40.633,11.877,-4.658,16.263,-2.063,,,,15.199,3.127,-2.63,61.485,-45.764,0.0,45.764,15.721,0.0,0.0,15.721,-4.925,,10.796,0.0,,,10.796,2.3,13.096,0.0,0.0,13.096,13.096,,43.993,0.3,0.3,0.3,44.888,0.29,0.29,0.29,
03/31/2003,65.424,47.978,50.639,38.666,11.973,-2.661,17.446,-4.705,,,,16.855,5.296,-3.384,62.04,-50.108,,50.108,11.932,0.0,0.0,11.932,-4.993,,6.939,,,,6.939,3.479,10.418,,0.0,10.418,10.418,,39.092,0.27,0.27,0.27,39.783,0.26,0.26,0.26,
06/30/2003,63.892,46.387,49.406,39.263,10.143,-3.019,17.505,-3.839,,,,18.036,3.308,-1.162,62.73,-49.89,,49.89,12.84,-17.0,17.0,-4.16,0.819,,-3.341,,,,-3.341,2.765,-0.576,,0.0,-0.576,-0.576,,36.735,-0.02,-0.02,-0.02,37.814,-0.02,-0.02,-0.02,
09/30/2003,67.614,46.274,49.751,37.644,12.107,-3.477,21.34,1.317,,,,16.154,3.869,7.449,75.063,-48.804,0.0,48.804,26.259,0.0,0.0,26.259,-8.837,,17.422,0.0,,,17.422,0.007,17.429,0.0,0.0,17.429,17.429,,34.205,0.51,0.51,0.51,35.348,0.49,0.49,0.49,
12/31/2003,66.664,46.388,50.997,36.69,14.307,-4.609,20.276,4.333,,,,13.534,2.409,5.471,72.135,-51.976,0.0,51.976,20.159,-46.0,46.0,-25.841,9.357,,-16.484,0.0,,,-16.484,1.438,-15.046,0.0,0.0,-15.046,-15.046,,34.195,-0.44,-0.44,0.38,34.195,-0.44,-0.44,0.38,
03/31/2004,75.706,50.82,53.56,38.076,15.484,-2.74,24.886,1.322,,,,18.574,4.99,-0.017,75.689,-53.169,1.281,51.888,22.52,0.0,0.0,22.52,-8.029,,14.491,,,,14.491,-0.481,14.01,0.0,0.0,14.01,14.01,,34.881,0.4,0.4,0.4,36.722,0.38,0.38,0.38,
06/30/2004,83.831,53.363,56.199,37.331,18.868,-2.836,30.468,4.348,,,,23.196,2.924,6.175,90.006,-66.349,0.0,66.349,23.657,0.0,0.0,23.657,-9.129,,14.528,0.0,,,14.528,-0.067,14.461,0.0,0.0,14.461,14.461,,35.049,0.41,0.41,0.41,37.127,0.39,0.39,0.39,
09/30/2004,80.991,60.046,62.946,42.615,20.331,-2.9,20.945,2.199,,,,15.442,3.304,1.39,82.381,-56.553,0.0,56.553,25.828,-1.91,1.91,23.918,-8.525,,15.393,0.0,,,15.393,-0.002,15.391,0.0,0.0,15.391,15.391,,35.303,0.44,0.44,0.47,37.524,0.41,0.41,0.44,
12/31/2004,98.806,66.953,69.868,48.598,21.27,-2.915,31.853,10.942,,,,16.803,4.108,3.369,102.175,-65.186,,65.186,36.989,0.0,0.0,36.989,-13.656,,23.333,,,,23.333,-2.54,20.793,,0.0,20.793,20.793,,35.622925,0.58,0.58,0.58,38.610543,0.54,0.54,0.54,
03/31/2005,94.495,69.126,72.183,50.415,21.768,-3.057,25.369,5.228,,,,17.084,3.057,3.814,98.309,-60.815,,60.815,37.494,0.0,0.0,37.494,-14.999,,22.495,0.0,,,22.495,0.441,22.936,,0.0,22.936,22.936,,35.632,0.64,0.64,0.64,38.766,0.59,0.59,0.59,
06/30/2005,101.823,71.69,75.469,53.331,22.138,-3.779,30.133,8.484,,,,19.541,2.108,-0.814,101.009,-66.325,0.0,66.325,34.684,0.0,0.0,34.684,-14.16,,20.524,0.0,,,20.524,0.372,20.896,0.0,0.0,20.896,20.896,,35.01,0.6,0.6,0.6,38.474,0.54,0.54,0.54,
09/30/2005,102.657,78.064,82.957,60.109,22.848,-4.893,24.593,2.537,,,,18.554,3.502,-1.427,101.23,-61.983,,61.983,39.247,0.0,0.0,39.247,-14.907,,24.34,,,,24.34,-1.281,23.059,0.0,0.0,23.059,23.059,,34.838,0.66,0.66,0.66,38.455,0.6,0.6,0.6,
12/31/2005,117.813,80.413,85.85,64.959,20.891,-5.437,37.4,12.714,,,,23.642,1.044,-1.81,116.003,-70.737,0.0,70.737,45.266,34.684,-34.684,79.95,-16.692,,28.574,0.0,,,63.258,-2.928,25.646,0.0,0.0,25.646,25.646,,34.98,0.733162,0.733162,0.733162,38.261,0.670291,0.670291,0.670291,
03/31/2006,107.28,83.879,89.405,68.188,21.217,-5.526,23.401,2.166,,,,16.603,4.632,2.474,109.754,-70.688,,70.688,39.066,0.0,0.0,39.066,-16.743,,22.323,-0.192,,,22.515,-0.244,22.271,0.0,0.0,22.271,22.271,,35.086,0.63,0.63,0.63,38.447,0.58,0.57,0.57,
06/30/2006,126.74,85.762,93.13,72.749,20.381,-7.368,40.978,16.807,,,,18.699,5.472,-4.602,122.138,-75.204,,75.204,46.934,-18.434,18.434,28.5,-9.092,,19.408,,,,19.408,-5.814,13.594,0.0,0.0,13.594,13.594,,34.968,0.39,0.39,0.39,37.991,0.36,0.36,0.36,
09/30/2006,120.776,89.808,100.304,81.847,18.457,-10.496,30.968,6.374,,,,18.918,5.676,-2.767,118.009,-75.007,0.0,75.007,43.002,0.0,0.0,43.002,-18.751,,24.251,0.0,,,24.251,0.919,25.17,0.0,0.0,25.17,25.17,,34.417,0.73,0.73,0.73,37.054,0.68,0.68,0.68,
12/31/2006,138.867,93.008,104.8,87.306,17.494,-11.792,45.859,10.647,,,,27.427,7.785,-4.982,133.885,-83.17,0.0,83.17,50.715,0.0,0.0,50.715,-21.196,,29.519,0.0,,,29.519,-1.169,28.35,0.0,0.0,28.35,28.35,,34.290427,0.83,0.83,0.83,37.0236,0.77,0.77,0.77,
03/31/2007,140.825,93.364,105.966,89.066,16.9,-12.602,47.461,19.483,,,,21.091,6.887,0.407,141.232,-82.117,0.0,82.117,59.115,0.0,0.0,59.115,-20.368,,38.747,0.0,,,38.747,-10.356,28.391,0.0,0.0,28.391,28.391,,34.422,0.82,0.82,0.82,37.163,0.76,0.76,0.76,
06/30/2007,150.276,94.576,109.731,93.392,16.339,-15.155,55.7,24.197,,,,22.467,9.036,-8.117,142.159,-80.712,0.0,80.712,61.447,-17.204,17.204,44.243,-15.553,,28.69,0.0,,,28.69,-5.825,22.865,0.0,0.0,22.865,22.865,,34.319,0.67,0.67,0.96,37.408,0.61,0.61,0.88,
09/30/2007,160.742,95.708,113.171,97.728,15.443,-17.463,65.034,30.223,,,,24.897,9.914,-3.155,157.587,-82.959,0.0,82.959,74.628,0.0,0.0,74.628,-26.054,,48.574,0.0,,,48.574,-10.458,38.116,0.0,0.0,38.116,38.116,,34.029,1.12,1.12,1.12,36.869,1.03,1.03,1.03,
12/31/2007,150.474,97.285,114.518,99.533,14.985,-17.233,53.189,22.506,,,,24.207,6.476,-5.971,144.503,-83.477,0.0,83.477,61.026,0.0,0.0,61.026,-24.803,,36.223,0.0,,,36.223,-1.957,34.266,0.0,0.0,34.266,34.266,,33.043715,1.04,1.04,1.04,35.73787,0.96,0.96,0.96,
03/31/2008,132.343,90.778,108.583,93.876,14.707,-17.805,37.234,0.0,0.0,,,26.199,11.035,-7.723,124.62,-83.437,0.0,83.437,41.183,0.0,0.0,41.183,-18.283,,22.9,0.0,,,22.9,4.218,27.118,0.0,0.0,27.118,27.118,0.0,32.28,0.84,0.84,0.84,34.583,0.78,0.78,0.78,
06/30/2008,131.311,86.796,103.863,88.199,15.664,-17.067,44.515,14.408,,,,24.348,5.759,-8.351,122.96,-83.331,0.0,83.331,39.629,-3.858,3.858,35.771,-16.291,,19.48,0.0,,,19.48,1.534,21.014,0.0,0.0,21.014,21.014,,32.054,0.66,0.66,0.78,34.192,0.61,0.61,0.72,
09/30/2008,135.049,94.611,113.395,96.968,16.427,-18.784,40.438,14.237,,,,24.288,1.913,-13.682,121.367,-80.431,0.0,80.431,40.936,0.0,0.0,40.936,-16.711,,24.225,0.0,,,24.225,1.693,25.918,0.0,0.0,25.918,25.918,0.0,32.535,0.8,0.8,0.8,33.778,0.77,0.77,0.77,
12/31/2008,122.07,96.41,113.65,97.721,15.929,-17.24,25.66,3.858,,,,19.944,1.858,-70.957,51.113,-61.83,,61.83,-10.717,0.0,0.0,-10.717,-0.863,,-11.58,,,,-11.58,11.694,0.114,-0.707,0.0,-0.593,-0.593,0.0,32.809705,-0.02,-0.02,-0.02,33.450626,-0.02,-0.02,-0.02,
03/31/2009,85.93,91.511,106.539,90.627,15.912,-15.028,-5.581,-33.231,0.0,-35.045,1.814,24.868,2.782,-43.466,42.464,-87.14,0.0,87.14,-44.676,0.0,0.0,-44.676,2.448,,-42.228,0.0,0.0,0.0,-42.228,33.993,-8.235,-3.536,0.0,-11.771,-9.1112,2.6598,32.932,-0.36,-0.36,-0.276667,32.932,-0.36,-0.36,-0.279234,
06/30/2009,119.956,91.681,104.556,86.733,17.823,-12.875,28.275,-1.98,0.0,-6.75,4.77,17.456,12.799,-21.393,98.563,-89.012,0.0,89.012,9.551,0.0,0.0,9.551,-7.174,,2.377,0.0,0.0,0.0,2.377,8.961,11.338,-3.545,0.0,7.793,11.043,3.25,32.952,0.24,0.24,0.335124,33.078,0.24,0.24,0.335124,
09/30/2009,131.125,96.818,107.986,85.416,22.57,-11.168,34.307,10.306,0.0,3.905,6.401,17.752,6.249,-8.03,123.095,-79.807,0.0,79.807,43.288,0.0,0.0,43.288,-16.879,,26.409,0.0,0.0,0.0,26.409,-2.246,24.163,-3.555,0.0,20.608,20.608,0.0,33.177,0.62,0.62,0.62,33.672,0.61,0.61,0.61,
12/31/2009,142.882,102.14,112.145,82.82,29.325,-10.005,40.742,16.212,0.0,6.681,9.531,16.399,8.131,-17.291,125.591,-87.907,0.0,87.907,37.684,0.0,0.0,37.684,-13.602,,24.082,0.0,0.0,0.0,24.082,-3.338,20.744,-14.7,0.0,6.044,6.044,0.0,36.475992,0.17,0.17,0.17,37.214321,0.16,0.16,0.16,
03/31/2010,150.113,100.84,110.019,76.782,33.237,-9.179,49.273,17.986,0.0,16.004,1.982,25.224,6.063,-10.745,139.368,-98.576,0.0,98.576,40.792,0.0,0.0,40.792,-11.582,,29.21,0.0,0.0,0.0,29.21,-10.653,18.557,0.0,0.0,18.557,18.557,0.0,41.405,0.45,0.45,0.45,42.291,0.44,0.44,0.44,
06/30/2010,146.593,106.436,116.245,78.443,37.802,-9.809,40.157,6.131,0.0,4.805,1.326,26.563,7.463,-7.408,139.185,-104.18,0.0,104.18,35.005,0.0,0.0,35.005,-13.819,,21.186,0.0,0.0,0.0,21.186,-0.066,21.12,0.0,0.0,21.12,21.12,0.0,41.72,0.51,0.51,0.51,42.476,0.5,0.5,0.5,
09/30/2010,192.577,106.341,116.758,83.435,33.323,-10.417,86.236,47.868,0.0,46.611,1.257,26.987,11.381,-10.971,181.606,-104.171,0.0,104.171,77.435,0.0,0.0,77.435,-24.996,,52.439,0.0,0.0,0.0,52.439,-14.652,37.787,0.0,0.0,37.787,37.787,0.0,41.93,0.9,0.9,0.9,42.513,0.89,0.89,0.89,
12/31/2010,176.382,104.518,118.709,91.84,26.869,-14.191,71.864,40.84,0.0,25.94,14.9,20.289,10.735,-15.504,160.878,-115.891,0.0,115.891,44.987,0.0,0.0,44.987,-11.005,,33.982,0.0,0.0,0.0,33.982,-16.495,17.487,0.0,0.0,17.487,17.487,0.0,42.067453,0.42,0.42,0.42,42.802817,0.41,0.41,0.41,
03/31/2011,210.253,120.299,134.101,91.778,42.323,-13.802,89.954,51.888,0.0,51.337,0.551,27.802,10.264,3.047,213.3,-117.435,0.0,117.435,95.865,0.0,0.0,95.865,-22.77,,73.095,0.0,0.0,0.0,73.095,-40.088,33.007,0.0,0.0,33.007,33.007,0.0,42.482,0.78,0.78,0.78,43.426,0.76,0.76,0.76,
06/30/2011,254.161,130.453,140.161,95.061,45.1,-9.708,123.708,85.331,0.0,71.68,13.651,28.365,10.012,-0.134,254.027,-121.032,0.0,121.032,132.995,0.0,0.0,132.995,-43.263,,89.732,0.0,0.0,0.0,89.732,-23.982,65.75,0.0,0.0,65.75,65.75,0.0,42.924,1.53,1.53,1.53,43.74,1.5,1.5,1.5,
09/30/2011,231.066,135.455,143.324,103.068,40.256,-7.869,95.611,62.213,0.0,52.262,9.951,30.29,3.108,-0.769,230.297,-127.451,0.0,127.451,102.846,0.0,0.0,102.846,-26.77,,76.076,0.0,0.0,0.0,76.076,-38.505,37.571,0.0,0.0,37.571,37.571,0.0,43.233,0.87,0.87,0.87,43.791,0.86,0.86,0.86,
12/31/2011,213.129,140.07,147.802,106.409,41.393,-7.732,73.059,45.777,0.0,19.755,26.022,20.511,6.771,-8.245,204.884,-134.71,0.0,134.71,70.174,0.0,0.0,70.174,-26.284,,43.89,0.0,0.0,0.0,43.89,-8.316,35.574,0.0,0.0,35.574,35.574,0.0,43.366891,0.82,0.82,0.82,43.816572,0.81,0.81,0.81,
03/31/2012,210.23,150.937,158.774,110.499,48.275,-7.837,59.293,13.815,0.0,7.839,5.976,32.4,13.078,-14.529,195.701,-132.012,0.0,132.012,63.689,0.0,0.0,63.689,-23.756,,39.933,0.0,0.0,0.0,39.933,-5.143,34.79,0.0,0.0,34.79,34.79,0.0,43.78,0.79,0.79,0.79,44.46,0.78,0.78,0.78,
06/30/2012,232.36,151.934,159.818,114.847,44.971,-7.884,80.426,34.522,0.0,25.809,8.713,33.24,12.664,-7.999,224.361,-135.766,0.0,135.766,88.595,0.0,0.0,88.595,-31.517,,57.078,0.0,0.0,0.0,57.078,-9.475,47.603,0.0,0.0,47.603,45.05,-2.553,44.207,1.08,1.08,1.019069,44.712,1.06,1.06,1.002901,
09/30/2012,223.569,154.43,161.958,122.571,39.387,-7.528,69.139,21.339,0.0,20.228,1.111,34.377,13.423,-6.788,216.781,-135.171,0.0,135.171,81.61,0.0,0.0,81.61,-28.47,,53.14,0.0,0.0,0.0,53.14,-10.851,42.289,0.0,0.0,42.289,42.289,0.0,44.449,0.95,0.95,0.95,44.915,0.94,0.94,0.94,
12/31/2012,287.251,160.563,168.168,125.374,42.794,-7.605,126.688,74.558,0.0,68.238,6.32,36.894,15.236,-15.014,272.237,-143.049,0.0,143.049,129.188,0.0,0.0,129.188,-29.526,,99.662,0.0,0.0,0.0,99.662,-49.241,50.421,0.0,0.0,50.421,50.421,0.0,44.525,1.13,1.13,1.13,44.982,1.12,1.12,1.12,
03/31/2013,241.773,163.169,171.014,124.463,46.551,-7.845,78.604,38.478,0.0,27.438,11.04,36.599,3.527,-5.813,235.96,-149.014,0.0,149.014,86.946,0.0,0.0,86.946,-26.401,,60.545,0.0,0.0,0.0,60.545,-19.654,40.891,0.0,0.0,40.891,40.891,0.0,44.802,0.91,0.91,0.91,45.393,0.9,0.9,0.9,
06/30/2013,268.32,170.081,177.983,132.519,45.464,-7.902,98.239,48.648,0.0,40.561,8.087,41.957,7.634,-18.572,249.748,-143.292,0.0,143.292,106.456,0.0,0.0,106.456,-29.968,,76.488,0.0,0.0,0.0,76.488,-27.904,48.584,0.0,0.0,48.584,48.584,0.0,45.164,1.08,1.08,1.08,45.684,1.06,1.06,1.06,
09/30/2013,434.746,177.096,185.24,140.839,44.401,-8.144,257.65,197.284,0.0,187.862,9.422,43.205,17.161,-10.638,424.108,-160.524,0.0,160.524,263.584,0.0,0.0,263.584,-47.404,,216.18,0.0,0.0,0.0,216.18,-148.559,67.621,0.0,0.0,67.621,67.621,0.0,45.58,1.48,1.48,1.48,46.202,1.46,1.46,1.46,
12/31/2013,425.711,186.998,195.384,148.437,46.947,-8.386,238.713,177.929,0.0,163.547,14.382,48.993,11.791,-28.67,397.041,-168.85,0.0,168.85,228.191,0.0,0.0,228.191,-35.285,,192.906,0.0,0.0,0.0,192.906,-134.149,58.757,0.0,0.0,58.757,58.757,0.0,45.701224,1.29,1.29,1.29,46.431259,1.27,1.27,1.27,
03/31/2014,506.553,196.328,205.024,149.808,55.216,-8.696,310.225,248.079,0.0,223.912,24.167,50.946,11.2,-0.494,506.059,-170.408,0.0,170.408,335.651,0.0,0.0,335.651,-61.296,,274.355,0.0,0.0,0.0,274.355,-183.405,90.95,0.0,0.0,90.95,90.95,0.0,45.866,1.98,1.98,1.98,46.725,1.95,1.95,1.95,
06/30/2014,219.175,204.965,213.841,149.623,64.218,-8.876,14.21,-44.545,0.0,-57.32,12.775,49.993,8.762,-1.947,217.228,-173.446,0.0,173.446,43.782,0.0,0.0,43.782,-33.582,,10.2,0.0,0.0,0.0,10.2,40.597,50.797,0.0,0.0,50.797,50.797,0.0,48.168275,1.05,1.05,1.05,49.044949,1.04,1.04,1.04,
09/30/2014,300.732,220.565,229.326,155.014,74.312,-8.761,80.167,32.182,0.0,5.644,26.538,53.346,-5.361,-16.61,284.122,-179.761,0.0,179.761,104.361,0.0,0.0,104.361,-40.207,,64.154,0.0,0.0,0.0,64.154,-0.177,63.977,0.0,0.0,63.977,63.977,0.0,50.752,1.26,1.26,1.26,51.571,1.24,1.24,1.24,
12/31/2014,402.374,234.737,243.725,162.964,80.761,-8.988,167.637,128.152,0.0,94.787,33.365,55.346,-15.861,-40.435,361.939,-186.067,0.0,186.067,175.872,0.0,0.0,175.872,-46.077,,129.795,0.0,0.0,0.0,129.795,-71.805,57.99,0.0,0.0,57.99,66.526,8.536,50.859313,1.14,1.14,1.30804,51.52815,1.13,1.13,1.295657,
03/31/2015,362.449,238.925,248.816,166.77,82.046,-9.891,123.524,72.992,0.0,33.263,39.729,58.21,-7.678,-6.452,355.997,-190.541,0.0,190.541,165.456,0.0,0.0,165.456,-63.066,,102.39,0.0,0.0,0.0,102.39,-13.874,88.516,0.0,0.0,88.516,88.516,0.0,51.009,1.74,1.74,1.74,51.719,1.71,1.71,1.71,
06/30/2015,370.058,243.771,253.926,168.572,85.354,-10.155,126.287,41.292,0.0,24.975,16.317,66.079,18.916,-26.513,343.545,-194.112,0.0,194.112,149.433,0.0,0.0,149.433,-54.974,0.0,94.459,0.0,0.0,0.0,94.459,-8.316,86.143,0.0,0.0,86.143,86.143,0.0,51.268,1.68,1.68,1.68,51.876,1.66,1.66,1.66,
09/30/2015,363.137,254.66,264.791,176.475,88.316,-10.131,108.477,29.012,0.0,18.768,10.244,68.388,11.077,-33.403,329.734,-184.755,0.0,184.755,144.979,0.0,0.0,144.979,-57.017,,87.962,0.0,0.0,0.0,87.962,-6.229,81.733,0.0,0.0,81.733,81.733,0.0,51.479,1.59,1.59,1.59,52.048,1.57,1.57,1.57,
12/31/2015,383.575,269.069,279.232,187.397,91.835,-10.163,114.506,29.954,0.0,12.439,17.515,72.705,11.847,-31.261,352.314,-208.608,0.0,208.608,143.706,0.0,0.0,143.706,-53.697,,90.009,0.0,0.0,0.0,90.009,-2.497,87.512,0.0,0.0,87.512,87.512,0.0,51.508962,1.7,1.7,1.7,52.061171,1.68,1.68,1.68,
03/31/2016,367.555,281.421,291.658,200.012,91.646,-10.237,86.134,-6.379,0.0,-4.684,-1.695,76.542,15.971,-33.341,334.214,-204.033,0.0,204.033,130.181,0.0,0.0,130.181,-53.584,,76.597,0.0,0.0,0.0,76.597,2.577,79.174,0.0,0.0,79.174,79.174,0.0,51.646,1.53,1.53,1.53,52.085,1.52,1.52,1.52,
06/30/2016,396.112,283.336,293.992,206.814,87.178,-10.656,112.776,32.068,0.0,23.27,8.798,74.454,6.254,-36.333,359.779,-200.352,0.0,200.352,159.427,0.0,0.0,159.427,-65.047,,94.38,0.0,0.0,0.0,94.38,-1.416,92.964,0.0,0.0,92.964,92.964,0.0,51.831,1.79,1.79,1.79,52.187,1.78,1.78,1.78,
09/30/2016,433.301,289.161,300.413,216.423,83.99,-11.252,144.14,42.922,0.0,23.178,19.744,80.526,20.692,-18.95,414.351,-221.827,0.0,221.827,192.524,0.0,0.0,192.524,-76.877,,115.647,0.0,0.0,0.0,115.647,-4.566,111.081,0.0,0.0,111.081,111.081,0.0,52.046,2.13,2.13,2.13,52.413,2.12,2.12,2.12,
12/31/2016,410.107,296.605,307.333,220.976,86.357,-10.728,113.502,31.71,0.0,9.976,21.734,84.648,-2.856,-7.073,403.034,-244.567,0.0,244.567,158.467,0.0,0.0,158.467,-54.825,,103.642,0.0,0.0,0.0,103.642,-4.176,99.466,0.0,0.0,99.466,99.466,0.0,52.134396,1.91,1.91,1.91,52.676578,1.89,1.89,1.89,
03/31/2017,427.652,309.993,320.926,230.477,90.449,-10.933,117.659,48.907,0.0,15.97,32.937,56.331,12.421,-30.734,396.918,-237.633,0.0,237.633,159.285,0.0,0.0,159.285,-51.405,,107.88,0.0,0.0,0.0,107.88,-6.397,101.483,0.0,0.0,101.483,95.383,-6.1,52.343571,1.94,1.94,1.822249,53.179433,1.91,1.91,1.795294,
06/30/2017,471.224,342.696,353.927,257.52,96.407,-11.231,128.528,54.558,0.0,17.63,36.928,61.159,12.811,-15.806,455.418,-251.246,0.0,251.246,204.172,0.0,0.0,204.172,-71.656,,132.516,0.0,0.0,0.0,132.516,-9.323,123.193,0.0,0.0,123.193,116.193,-7.0,52.536927,2.34,2.34,2.211644,53.194031,2.32,2.32,2.188406,
09/30/2017,532.752,373.974,385.271,274.656,110.615,-11.297,158.778,69.831,0.0,15.238,54.593,73.051,15.896,-23.522,509.23,-257.761,0.0,257.761,251.469,0.0,0.0,251.469,-97.351,,154.118,0.0,0.0,0.0,154.118,-5.498,148.62,0.0,0.0,148.62,147.32,-1.3,52.705,2.82,2.82,2.795181,53.305,2.79,2.79,2.765612,
12/31/2017,545.972,393.706,405.016,284.64,120.376,-11.31,152.266,61.622,0.0,15.765,45.857,72.662,17.982,-22.242,523.73,-264.015,0.0,264.015,259.715,0.0,0.0,259.715,-135.051,,124.664,0.0,0.0,0.0,124.664,-7.454,117.21,0.0,0.0,117.21,151.21,34.0,52.761821,2.22,2.22,2.865898,53.501851,2.19,2.19,2.825492,
03/31/2018,575.381,419.863,432.398,302.829,129.569,-12.535,155.518,62.076,0.0,9.058,53.018,81.183,12.259,-27.972,547.409,-265.417,0.0,265.417,281.992,0.0,0.0,281.992,-73.966,,208.026,0.0,0.0,0.0,208.026,-13.065,194.961,0.0,0.0,194.961,194.961,0.0,52.883063,3.69,3.69,3.69,53.685216,3.63,3.63,3.63,
06/30/2018,659.132,466.443,481.301,336.485,144.816,-14.858,192.689,89.252,0.0,36.114,53.138,89.047,14.39,-29.08,630.052,-305.739,0.0,305.739,324.313,0.0,0.0,324.313,-77.287,,247.026,0.0,0.0,0.0,247.026,-9.228,237.798,0.0,0.0,237.798,237.798,0.0,53.064,4.48,4.48,4.48,53.776,4.42,4.42,4.42,
09/30/2018,703.292,493.222,513.313,360.49,152.823,-20.091,210.07,98.99,0.0,32.193,66.797,99.058,12.022,-17.174,686.118,-309.445,0.0,309.445,376.673,0.0,0.0,376.673,-95.308,,281.365,0.0,0.0,0.0,281.365,-6.548,274.817,0.0,0.0,274.817,274.817,0.0,53.235,5.16,5.16,5.16,53.919,5.1,5.1,5.1,
12/31/2018,701.167,514.46,542.897,393.884,149.013,-28.437,186.707,65.73,0.0,10.729,55.001,107.79,13.187,-13.644,687.523,-307.592,0.0,307.592,379.931,0.0,0.0,379.931,-105.0,,274.931,0.0,0.0,0.0,274.931,-8.667,266.264,0.0,0.0,266.264,266.264,0.0,53.125046,5.01,5.01,5.01,53.684512,4.96,4.96,4.96,
03/31/2019,793.262,512.886,551.014,413.36,137.654,-38.128,280.376,88.381,0.0,29.028,59.353,180.098,11.897,-28.551,764.711,-365.664,0.0,365.664,399.047,0.0,0.0,399.047,-107.435,,291.612,0.0,0.0,0.0,291.612,-2.88,288.732,0.0,0.0,288.732,288.77308,0.04108,52.58695,5.49,5.49,5.491345,53.109173,5.44,5.44,5.440774,
06/30/2019,863.153,529.403,585.767,440.441,145.326,-56.364,333.75,134.551,0.0,47.698,86.853,181.954,17.245,-23.946,839.207,-383.522,0.0,383.522,455.685,0.0,0.0,455.685,-119.114,,336.571,0.0,0.0,0.0,336.571,-18.584,317.987,0.0,0.0,317.987,318.13315,0.14615,51.954761,6.12,6.12,6.123272,52.336178,6.08,6.08,6.082793,
09/30/2019,814.653,520.644,583.892,423.113,160.779,-63.248,294.009,107.719,0.0,29.849,77.87,172.659,13.631,-36.536,778.117,-391.324,0.0,391.324,386.793,0.0,0.0,386.793,-105.075,,281.718,0.0,0.0,0.0,281.718,-14.437,267.281,0.0,0.0,267.281,267.42715,0.14615,51.544807,5.19,5.19,5.188246,51.85847,5.15,5.15,5.152818,
12/31/2019,847.012,533.668,588.735,418.691,170.044,-55.067,313.344,101.359,0.0,28.095,73.264,199.388,12.597,-17.383,829.629,-460.752,0.0,460.752,368.877,0.0,0.0,368.877,-94.061,,274.816,0.0,0.0,0.0,274.816,-11.96,262.856,0.0,0.0,262.856,266.83286,3.97686,51.587074,5.1,5.1,5.172475,51.95925,5.06,5.06,5.136538,
03/31/2020,826.071,524.137,567.402,400.193,167.209,-43.265,301.934,106.955,0.0,46.055,60.9,183.842,11.137,-243.48,582.591,-399.585,0.0,399.585,183.006,0.0,0.0,183.006,-49.357,,133.649,0.0,0.0,0.0,133.649,1.973,135.622,-3.369,0.0,132.253,132.253,0.0,51.565499,2.56,2.56,2.56,51.944091,2.55,2.55,2.55,
06/30/2020,881.775,512.927,523.523,367.512,156.011,-10.596,368.848,97.63,0.0,34.868,62.762,254.69,16.528,-66.481,815.294,-479.636,0.0,479.636,335.658,0.0,0.0,335.658,-87.869,,247.789,0.0,0.0,0.0,247.789,-14.26,233.529,-4.594,0.0,228.935,228.935,0.0,51.581,4.44,4.44,4.44,51.795,4.42,4.42,4.42,
09/30/2020,808.6,,,,,,,,,,,,,,,,,,349.0,,,296.714,,,211.429,,,,,,211.429,,,211.429,199.267,,,3.957,3.957,3.986,,3.957,3.957,3.986,
12/31/2020,806.727,,,,,,,,,,,,,,,,,,338.0,,,259.538,,,187.25,,,,,,187.25,,,187.25,182.667,,,3.548,3.548,3.502,,3.548,3.548,3.502,
