Date,Revenue,Sales & Services Revenue,Cost of Revenue,Cost of Goods & Services,Gross Profit,Other Operating Income,Operating Expenses,"Selling, General & Admin",Other Operating Expense,Operating Income (Loss),Non-Operating (Income) Loss,"Interest Expense, Net",Interest Expense,Interest Income,Foreign Exch (Gain) Loss,Other Non-Op (Income) Loss,Pretax Income,Income Tax Expense (Benefit),Income (Loss) from Cont Ops,Net Extraordinary Losses (Gains),Discontinued Operations,XO & Accounting Changes,Income (Loss) Incl. MI,Minority Interest,"Net Income, GAAP",Preferred Dividends,Other Adjustments,"Net Income Avail to Common, GAAP","Net Income Avail to Common, Adj",Net Abnormal Losses (Gains),Basic Weighted Avg Shares,"Basic EPS, GAAP",Basic EPS from Cont Ops,"Basic EPS from Cont Ops, Adjusted",Diluted Weighted Avg Shares,"Diluted EPS, GAAP",Diluted EPS from Cont Ops,"Diluted EPS from Cont Ops, Adjusted",Source: Bloomberg
07/31/1989,100.067001,,-65.410004,,34.656997,,-22.042999,,,12.614,0.631,,0.127,,0.0,-0.758,13.245,-5.188,8.057,0.0,,,8.057,0.0,8.057,0.0,,8.057,8.057,,27.812403,0.290975,0.290975,0.290975,27.812403,0.290975,0.290975,0.290975,
10/31/1989,118.360001,,-79.505997,,38.854004,,-25.031,,,13.823,-0.063,,0.413,,0.0,-0.35,13.76,-5.507,8.253,0.0,,,8.253,0.0,8.253,0.0,,8.253,8.253,,27.812403,0.296265,0.296265,0.296265,27.812403,0.296265,0.296265,0.296265,
01/31/1990,95.427002,,-65.098999,,30.328003,,-20.674,,,9.654,0.038,,0.331,,0.0,-0.369,9.692,-3.608,6.084,0.0,,,6.084,0.0,6.084,0.0,,6.084,6.084,,27.812403,0.216908,0.216908,0.216908,27.812403,0.216908,0.216908,0.216908,
04/30/1990,108.502998,,-71.434998,,37.068001,,-24.16,,,12.908,0.339,,0.215,,0.0,-0.554,13.247,-5.464,7.783,0.0,,,7.783,0.0,7.783,0.0,,7.783,7.783,,27.812402,0.280394,0.280394,0.280394,27.812402,0.280394,0.280394,0.280394,
07/31/1990,110.742996,,-71.316002,,39.426994,,-25.871,,,13.556,0.275,,0.149,,0.0,-0.424,13.831,-5.363,8.468,0.0,,,8.468,0.0,8.468,0.0,,8.468,8.468,,27.918254,0.301555,0.301555,0.301555,27.918254,0.301555,0.301555,0.301555,
10/31/1990,125.177002,,-82.198997,,42.978005,,-28.612,,,14.366,-0.035,,0.313,,0.0,-0.278,14.331,-5.732,8.599,0.0,,,8.599,0.0,8.599,0.0,,8.599,8.599,,27.918254,0.312136,0.312136,0.312136,27.918254,0.312136,0.312136,0.312136,
01/31/1991,102.003998,,-66.045998,,35.958,,-25.778,,,10.18,0.136,,0.17,,0.0,-0.306,10.316,-4.047,6.269,0.0,,,6.269,0.0,6.269,0.0,,6.269,6.269,,13.959127,0.444397,0.444397,0.444397,13.959127,0.444397,0.444397,0.444397,
04/30/1991,117.052002,,-76.120003,,40.931999,,-27.489,,,13.443,0.66,,0.156,,0.0,-0.816,14.103,-5.695,8.408,0.0,,,8.408,0.0,8.408,0.0,,8.408,8.408,,27.916364,0.301555,0.301555,0.301555,27.916364,0.301555,0.301555,0.301555,
07/31/1991,119.721001,,-77.806,,41.915001,,-27.740999,,,14.174,0.516,,0.092,,0.0,-0.608,14.69,-5.746,8.944,0.0,,,8.944,0.0,8.944,0.0,,8.944,8.944,,27.912583,0.322717,0.322717,0.322717,27.912583,0.322717,0.322717,0.322717,
10/31/1991,130.757996,,-85.324997,,45.432999,,-30.509001,,,14.924,0.401,,0.14,,0.0,-0.541,15.325,-6.021,9.304,0.0,,,9.304,0.0,9.304,0.0,,9.304,9.304,,27.91542,0.338589,0.338589,0.338589,27.91542,0.338589,0.338589,0.338589,
01/31/1992,111.964996,,-72.682999,,39.281997,,-28.389,,,10.893,0.19,,0.121,,0.0,-0.311,11.083,-4.353,6.73,0.0,,,6.73,0.0,6.73,0.0,,6.73,6.73,,27.916364,0.24336,0.24336,0.24336,27.916364,0.24336,0.24336,0.24336,
04/30/1992,121.028,,-78.319,,42.709,,-28.249001,,,14.46,0.525,,0.093,,0.0,-0.618,14.985,-5.845,9.14,0.0,,,9.14,0.0,9.14,0.0,,9.14,9.14,,27.914473,0.328008,0.328008,0.328008,27.914473,0.328008,0.328008,0.328008,
08/01/1992,124.780998,,-81.353996,,43.427002,,-28.15,,,15.277,0.403,,0.065,,0.0,-0.468,15.68,-6.167,9.513,4.454,,,5.059,0.0,5.059,0.0,,5.059,5.059,,27.945662,0.179875,0.338589,0.338589,27.945662,0.179875,0.338589,0.338589,
10/31/1992,133.863998,,-86.552002,,47.311996,,-30.577999,,,16.733999,0.242,,0.056,,0.0,-0.298,16.975999,-6.714,10.262,0.0,,,10.261999,0.0,10.262,0.0,,10.262,10.262,,27.984412,0.370331,0.370331,0.370331,27.984412,0.370331,0.370331,0.370331,
01/31/1993,110.366997,,-69.807999,,40.558998,,-29.021999,,,11.537,0.937,,0.121,,0.0,-1.058,12.474,-5.177,7.297,0.0,,,7.297,0.0,7.297,0.0,,7.297,7.297,,27.987247,0.264522,0.264522,0.264522,27.987247,0.264522,0.264522,0.264522,
04/30/1993,122.296997,,-76.216003,,46.080994,,-29.891001,,,16.190001,0.15,,0.143,,0.0,-0.293,16.340001,-6.013,10.327,0.0,,,10.327001,0.0,10.327,0.0,,10.327,10.327,,27.78216,0.370331,0.370331,0.370331,27.78216,0.370331,0.370331,0.370331,
07/31/1993,118.254997,,-74.378998,,43.875999,,-29.566,,,14.31,0.303,,0.056,,0.0,-0.359,14.613,-5.706,8.907,0.0,,,8.907,0.0,8.907,0.0,,8.907,8.907,,27.601646,0.328008,0.328008,0.328008,27.601646,0.328008,0.328008,0.328008,
10/31/1993,130.970001,,-88.486,,42.484001,,-32.429001,,,17.511,0.103,,0.042,,0.0,-0.145,17.614,-7.192,10.422,0.0,,,10.422,0.0,10.422,0.0,,10.422,10.422,,27.601646,0.370331,0.370331,0.370331,27.601646,0.370331,0.370331,0.370331,
01/31/1994,115.615997,,-74.708,,40.907997,,-29.021,,,11.887,0.473,,0.116,,0.0,-0.589,12.36,-4.973,7.387,0.0,,,7.387,0.0,7.387,0.0,,7.387,7.387,,27.561007,0.275103,0.275103,0.275103,27.561007,0.275103,0.275103,0.275103,
04/30/1994,120.894997,,-73.724998,,47.169999,,-33.022999,,,6.691,1.445,,0.296,,0.0,-1.741,8.136,-4.354,3.782,0.0,,,3.782,0.0,3.782,0.0,,3.782,3.782,,27.549665,0.137552,0.137552,0.137552,27.549665,0.137552,0.137552,0.137552,
07/30/1994,144.347,,-94.419998,,49.927002,,-34.722,,,15.205,0.156,,0.739,,0.0,-0.895,15.361,-6.146,9.215,0.0,,,9.215,0.0,9.215,0.0,,9.215,9.215,,27.532653,0.338589,0.338589,0.338589,27.532653,0.338589,0.338589,0.338589,
10/31/1994,184.339005,,-120.771004,,63.568001,,-42.778,,,20.790001,0.108,,1.385,,0.0,-1.493,20.898001,-8.572,12.326,0.0,,,12.326001,0.0,12.326,0.0,,12.326,12.326,,27.570458,0.444397,0.444397,0.444397,27.570458,0.444397,0.444397,0.444397,
01/31/1995,157.348007,,-100.599998,,56.748009,,-41.841,,,14.907,-0.442,,1.299,,0.0,-0.857,14.465,-5.776,8.689,0.0,,,8.689,0.0,8.689,0.0,,8.689,8.689,,27.566676,0.317427,0.317427,0.317427,27.566676,0.317427,0.317427,0.317427,
04/30/1995,142.244995,,-95.222,,47.022995,,-35.425999,,,11.597,-0.941,,1.092,,0.0,-0.151,10.656,-4.583,6.073,0.0,,,6.073,0.0,6.073,0.0,,6.073,6.073,,27.559116,0.222199,0.222199,0.222199,27.559116,0.222199,0.222199,0.222199,
07/31/1995,133.897003,,-85.294998,,48.602005,,-32.844002,,,15.758,0.193,,0.39,,0.0,-0.583,15.951,-6.567,9.384,-0.14,,,9.524,0.0,9.524,0.0,,9.524,9.524,,27.562896,0.349169,0.349169,0.349169,27.562896,0.349169,0.349169,0.349169,
10/31/1995,142.563004,,-93.182999,,49.380005,,-34.205002,,,15.175,-7.445,,0.993,,0.0,6.452,7.73,0.905,8.635,-0.781,,,9.416,0.0,9.416,0.0,,9.416,9.416,,27.556281,0.338589,0.306846,0.306846,27.556281,0.338589,0.306846,0.306846,
01/31/1996,121.207001,,-76.373001,,44.834,,-33.389999,,,11.444,-0.859,,0.983,,0.0,-0.124,10.585,-4.729,5.856,-0.481,,,6.337,0.0,6.337,0.0,,6.337,6.337,,27.565732,0.23278,0.211618,0.211618,27.565732,0.23278,0.211618,0.211618,
04/30/1996,130.908997,,-82.244003,,48.664994,,-37.048,,,11.617,-1.088,,0.027,,0.0,1.061,10.529,-4.951,5.578,1.542,,,4.036,0.0,4.036,0.0,,4.036,4.036,,27.568567,0.148132,0.201037,0.201037,27.568567,0.148132,0.201037,0.201037,
07/31/1996,129.628998,,-85.883003,,43.745995,,-30.517,,,13.229,-0.398,,0.75,,0.0,-0.352,12.831,-5.342,7.489,0.0,,,7.489,0.0,7.489,0.0,,7.489,7.489,,27.564787,0.275103,0.275103,0.275103,27.564787,0.275103,0.275103,0.275103,
10/31/1996,138.296005,,-94.156998,,44.139008,,-30.563,,,13.576,-0.245,,0.669,,0.0,-0.424,13.331,-5.513,7.818,0.0,,,7.818,0.0,7.818,0.0,,7.818,7.818,,27.4079,0.285684,0.285684,0.285684,27.4079,0.285684,0.285684,0.285684,
01/31/1997,120.250999,,-80.383003,,39.867996,,-28.862,,,11.006,-0.019,,0.371,,0.0,-0.352,10.987,-4.454,6.533,0.0,,,6.533,0.0,6.533,0.0,,6.533,6.533,,27.494848,0.23278,0.23278,0.23278,27.5525,0.23278,0.23278,0.23278,
04/30/1997,135.931,,-88.526001,,47.404999,,-32.012001,,,15.393,0.624,,0.0,,0.0,-0.624,16.017,-6.922,9.095,0.0,,,9.095,0.0,9.095,0.0,,9.095,9.095,,27.691429,0.328008,0.328008,0.328008,27.691429,0.328008,0.328008,0.328008,
07/31/1997,147.389008,,-95.992996,,51.396012,,-35.389999,,,16.006001,0.819,,0.005,,0.0,-0.824,16.825001,-6.852,9.973,0.0,,,9.973001,0.0,9.973,0.0,,9.973,9.973,,27.477836,0.35975,0.35975,0.35975,27.592195,0.35975,0.35975,0.35975,
10/31/1997,145.186996,,-95.973999,,49.212997,,-35.346001,,,13.867,0.571,,0.085,,0.0,-0.656,14.438,-5.836,8.602,0.0,,,8.602,0.0,8.602,0.0,,8.602,8.602,,27.501466,0.317427,0.317427,0.317427,27.766093,0.306846,0.306846,0.306846,
01/31/1998,130.658005,,-83.426003,,47.232002,,-35.005001,,,12.227,0.934,,0.03,,0.0,-0.964,13.161,-5.128,8.033,2.958,,,5.075,0.0,5.075,0.0,,5.075,5.075,,27.440978,0.179875,0.285684,0.285684,27.768928,0.179875,0.285684,0.285684,
04/30/1998,142.242004,,-90.220001,,52.022003,,-37.057999,,,14.964,1.371,,0.025,,0.0,-1.396,16.335,-6.595,9.74,0.0,,,9.74,0.0,9.74,0.0,,9.74,9.74,,27.4079,0.35975,0.35975,0.35975,27.88045,0.349169,0.349169,0.349169,
07/31/1998,150.5,,-96.638,,53.862,,-37.342,,,16.52,0.916,-0.621,0.004,-0.625,0.0,-0.295,17.436,-7.02,10.416,0.0,,,10.416,0.0,10.416,0.0,,10.416,10.416,,27.433418,0.380912,0.380912,0.380912,27.721673,0.380912,0.380912,0.380912,
10/31/1998,154.894,,-103.204,,51.69,,-37.378,,,14.312,0.373,-0.182,0.256,-0.438,,-0.191,14.685,-5.622,9.063,,,,9.063,,9.063,0.0,,9.063,9.063,,27.448669,0.328008,0.328008,0.328008,27.627113,0.328008,0.328008,0.328008,
01/31/1999,140.772003,,-91.717003,,49.055,,-35.465,,,13.59,0.215,0.252,0.252,,0.0,-0.467,13.805,-5.56,8.245,0.0,,,8.245,0.0,8.245,0.0,,8.245,8.245,,27.475948,0.296265,0.296265,0.296265,27.68576,0.296265,0.296265,0.296265,
04/30/1999,156.291,,-104.385,,51.906,,-37.353,,,14.553,0.819,-0.182,0.333,-0.515,0.0,-0.637,15.372,-5.666,10.039,0.0,,,9.706,0.0,10.039,0.0,,10.039,10.039,,27.107358,0.370331,0.370331,0.370331,27.905023,0.35975,0.35975,0.35975,
07/31/1999,163.724,,-107.92,,55.804,,-38.571,,,17.233,0.61,0.48,0.48,,0.0,-1.09,17.843,-6.806,11.037,0.0,,,11.037,0.0,11.037,0.0,,11.037,11.037,,27.453265,0.402074,0.402074,0.402074,27.576128,0.402074,0.402074,0.402074,
10/31/1999,163.965,,-109.092,,54.873,,-39.804,,,15.069,0.152,0.098,0.853,-0.755,0.0,-0.25,15.221,-5.832,9.389,0.0,,,9.389,0.0,9.389,0.0,0.0,9.389,9.389,,27.256781,0.349169,0.349169,0.349169,27.366282,0.338589,0.338589,0.338589,
01/31/2000,152.63,,-100.263,,52.367,,-39.313,,,13.054,-5.338,0.706,1.284,-0.578,0.0,4.632,7.716,-2.753,4.963,0.0,,,4.963,0.0,4.963,0.0,,4.963,4.963,,26.976934,0.179875,0.179875,0.296265,27.032695,0.179875,0.179875,0.296265,
04/30/2000,159.087,,-110.952,,48.135,,-37.764,,,10.371,-9.62,-0.156,0.494,-0.65,0.0,9.776,0.751,0.217,0.968,0.0,,,0.968,0.0,0.968,0.0,,0.968,0.968,,27.02986,0.031743,0.031743,0.275103,27.02986,0.031743,0.031743,0.275103,
07/31/2000,166.328,,-110.404,,55.924,,-39.858,,,16.066,-0.347,0.148,0.898,-0.75,,0.199,15.719,-6.161,9.558,0.992,,,8.566,0.0,8.566,,,8.566,8.566,,26.639864,0.317427,0.35975,0.35975,26.690007,0.317427,0.35975,0.35975,
10/31/2000,169.837,,-115.465,,54.372,,-40.66,,,13.712,-3.558,1.256,1.968,-0.712,,2.302,10.154,-3.945,6.209,0.0,,,6.209,0.0,6.209,0.0,0.0,6.209,6.209,,23.829623,0.264522,0.264522,0.264522,24.008917,0.253941,0.253941,0.253941,
01/31/2001,153.628,,-101.185,,52.443,,-39.691,,,12.752,-1.662,1.624,2.192,-0.568,,0.038,11.09,-4.051,7.039,,,,7.039,,7.039,,,7.039,7.039,,22.766678,0.306846,0.306846,0.306846,23.073792,0.306846,0.306846,0.306846,
04/30/2001,161.449,,-116.894,,44.555,,-35.764,,,8.791,-1.262,1.841,2.729,-0.888,0.0,-0.579,7.529,-2.137,5.392,0.0,,,5.392,0.0,5.392,0.0,0.0,5.392,5.392,,23.086903,0.24336,0.24336,0.296265,24.249376,0.24336,0.24336,0.296265,
07/31/2001,169.792,,-112.875,,56.917,,-41.685,,,15.232,-1.483,1.55,2.281,-0.731,,-0.067,13.749,-5.362,8.387,0.0,,,8.387,0.0,8.387,0.0,0.0,8.387,8.387,,22.968765,0.370331,0.370331,0.370331,23.177632,0.370331,0.370331,0.370331,
10/31/2001,172.844,,-117.024,,55.82,,-41.307,,,14.513,-1.884,1.754,2.356,-0.602,0.0,0.13,12.629,-4.925,7.704,0.0,,,7.704,0.0,7.704,0.0,0.0,7.704,7.704,,21.692137,0.35975,0.35975,0.35975,22.081461,0.349169,0.349169,0.349169,
01/31/2002,168.392,,-113.391,,55.001,0.0,-39.787,39.787,0.0,15.214,-2.186,1.693,2.073,-0.38,0.0,0.493,13.028,-5.081,7.947,0.0,,,7.947,0.0,7.947,0.0,0.0,7.947,7.947,,21.927392,0.35975,0.338589,0.379854,22.344946,0.35975,0.338589,0.379854,
04/30/2002,176.12,,-119.13,,56.99,,-42.393,,,14.597,-4.068,2.029,2.497,-0.468,0.0,2.039,10.529,-3.876,6.653,0.0,,,6.653,0.0,6.653,0.0,0.0,6.653,6.653,,23.288209,0.285684,0.285684,0.402074,23.288209,0.275103,0.275103,0.391493,
07/31/2002,274.936,,-182.584,,92.352,,-59.947,,,32.405,-6.571,1.744,2.313,-0.569,0.0,4.827,25.834,-9.817,16.017,0.0,,,16.017,0.0,16.017,0.0,0.0,16.017,16.017,3.03,40.646,0.39,0.39,0.39,41.017,0.39,0.39,0.39,
10/31/2002,366.975,,-240.563,,126.412,,-74.948,,,51.464,-4.549,1.69,2.296,-0.606,0.0,2.859,46.915,-17.828,29.087,0.0,,,29.087,0.0,29.087,0.0,0.0,29.087,29.087,1.532,49.452,0.59,0.59,0.62,49.909,0.58,0.58,0.61,
01/31/2003,340.826,,-217.895,,122.931,,-71.907,,,51.024,-5.875,1.826,2.275,-0.449,0.0,4.049,45.149,-17.156,27.993,0.0,,,27.993,0.0,27.993,0.0,0.0,27.993,27.993,,49.586817,0.56,0.56,0.591,50.09554,0.56,0.56,0.59,
04/30/2003,329.007,,-214.621,,114.386,,-72.958,,,41.428,-3.936,1.453,1.868,-0.415,0.0,2.483,37.492,-14.247,23.245,0.0,,,23.245,0.0,23.245,0.0,0.0,23.245,23.245,5.706,47.309257,0.49,0.49,0.61,47.764777,0.49,0.49,0.61,
07/31/2003,341.911987,,-223.511002,,118.400986,,-75.056999,,,43.344002,-2.95,1.577,1.94,-0.363,0.0,1.373,40.394002,-15.148,25.246,-0.539,,,25.785002,0.0,25.785,0.0,0.0,25.785,25.785,,49.674408,0.52,0.51,0.56,50.129829,0.51,0.5,0.55,
10/31/2003,374.203003,,-241.233002,,132.970001,,-80.075996,,,52.894001,-1.001,0.695,1.618,-0.923,0.0,0.306,51.893001,-19.174,32.719002,0.652,,,32.067001,0.0,32.067001,0.0,0.0,32.067001,32.067001,,49.785,0.64,0.66,0.68,50.300999,0.64,0.66,0.68,
01/31/2004,343.787994,,-216.837006,,126.950989,,-74.956001,,,51.994999,-2.637,0.38,1.372,-0.992,0.0,2.257,49.357999,-18.238001,31.120001,-0.198,,,31.317998,0.0,31.318001,0.0,0.0,31.318001,31.318001,,49.867001,0.63,0.62,0.66,50.498001,0.62,0.62,0.65,
04/30/2004,348.713,,-236.555,,112.158,,-73.828,,,38.33,-2.019,0.475,1.424,-0.949,0.0,1.544,36.311,-14.585,21.726,-0.454,,,22.18,0.0,22.18,0.0,0.0,22.18,22.18,-3.247,49.817,0.45,0.45,0.37,50.396,0.44,0.44,0.38,
07/31/2004,415.81601,,-270.566986,,145.249023,,-91.222,,,54.027,-10.692,3.716,4.457,-0.741,0.0,6.976,43.335001,-15.861,27.474001,-5.374,,,32.848001,0.0,32.848,0.0,0.0,32.848,32.848,,53.831001,0.61,0.51,0.58,54.513,0.6,0.5,0.57,
10/31/2004,588.922,,-400.041,,188.881,,-115.279,,,73.602,-9.467,5.115,5.782,-0.667,0.0,4.352,64.135,-23.472,40.663,2.658,,,38.005,0.0,38.005,0.0,0.0,38.005,38.005,,58.185,0.65,0.7,0.76,58.815,0.65,0.69,0.75,
01/31/2005,550.234,,-376.036,,174.198,,-106.464,,,67.734,-12.216,5.11,6.154,-1.044,0.0,7.106,55.518,-19.994,35.524,-0.584,,,36.108,0.0,36.108,0.0,0.0,36.108,36.108,4.928,58.108123,0.62,0.61,0.71,58.743522,0.61,0.6,0.7,
04/30/2005,491.454,,-340.616,,150.838,,-95.27,,,55.568,-13.93,3.931,6.162,-2.231,0.0,9.999,41.638,-14.818,26.786,4.674,,,22.146,0.0,22.112,0.0,0.0,22.112,22.112,,58.261152,0.38,0.46,0.59,58.963433,0.38,0.45,0.58,
07/31/2005,510.331,,-345.618,,164.713,,-110.624,,,54.089,-8.51,4.287,6.107,-1.82,0.0,4.223,45.579,-15.682,29.897,0.0,,,29.897,0.0,29.897,0.0,0.0,29.897,29.897,2.814,58.279424,0.51,0.51,0.56,58.920456,0.51,0.51,0.56,
10/31/2005,606.264,,-402.841,,203.423,,-120.025,,,83.398,-10.839,4.696,6.025,-1.329,0.0,6.143,72.559,-26.115,46.444,0.0,,,46.444,0.0,46.444,0.0,0.0,46.444,46.444,3.838,58.096308,0.8,0.8,0.868,58.695878,0.79,0.79,0.8573,
01/31/2006,536.453,,-372.599,,163.854,,-103.61,,,60.244,-10.672,4.275,5.984,-1.709,0.0,6.397,49.572,-18.26,31.312,0.0,,,31.312,0.0,31.312,0.0,0.0,31.312,31.312,8.219,57.944604,0.54,0.54,0.68,58.486412,0.54,0.54,0.68,
04/30/2006,501.678,,-338.8,,162.878,,-104.198,,,58.68,-10.82,4.138,5.91,-1.772,0.0,6.682,47.86,-12.159,35.701,0.0,,,35.701,0.0,35.701,0.0,0.0,35.701,35.701,,57.107708,0.63,0.63,0.69,57.566403,0.62,0.62,0.68,
07/31/2006,526.509,,-368.515,,157.994,,-108.397,,,49.597,-5.406,4.106,6.101,-1.995,0.0,1.3,44.191,-15.467,28.724,0.0,,,28.724,0.0,28.724,0.0,0.0,28.724,28.724,,56.677665,0.51,0.51,0.51,57.194161,0.5,0.5,0.5,
10/31/2006,604.955,,-413.764,,191.191,,-116.088,,,75.103,-4.467,3.923,5.924,-2.001,0.0,0.544,70.636,-25.067,45.569,0.0,,,45.569,0.0,45.569,0.0,0.0,45.569,45.569,,56.621695,0.8,0.8,0.83,57.198894,0.8,0.8,0.83,
01/31/2007,523.081,,-350.114,,172.967,,-108.789,,,64.178,-3.73,3.027,5.656,-2.629,,0.703,60.448,-20.021,40.427,,,,40.427,,40.427,0.0,0.0,40.427,40.427,,56.185039,0.72,0.72,0.72,56.7876,0.71,0.71,0.72,
04/30/2007,493.472,,-313.569,,179.903,,-109.54,109.54,0.0,70.363,-4.634,3.082,5.682,-2.6,0.0,1.552,65.729,-23.23,42.499,0.0,,,42.499,0.0,42.499,0.0,0.0,42.499,42.499,,56.240696,0.76,0.76,0.76,57.044652,0.75,0.75,0.75,
07/31/2007,561.513,,-375.529,,185.984,0.0,-116.75,116.75,0.0,69.234,-5.411,6.598,10.093,-3.495,,-1.187,63.823,-23.062,40.761,,,,40.761,,40.761,,0.0,40.761,40.761,,56.645611,0.72,0.72,0.72,57.265133,0.71,0.71,0.72,
10/31/2007,707.89,,-489.402,,218.488,0.0,-131.361,131.361,0.0,87.127,-11.251,7.091,10.917,-3.826,,4.16,75.876,-25.71,50.166,,,,50.166,,50.166,,0.0,50.166,50.166,2.041,57.104442,0.88,0.88,0.915742,57.531816,0.87,0.87,0.905476,
01/31/2008,665.373,,-469.92,,195.453,0.0,-122.907,122.907,0.0,72.546,-10.386,7.031,10.725,-3.694,,3.355,62.16,-19.759,42.401,,,,42.401,,42.401,0.0,0.0,42.401,42.401,2.343,56.400147,0.75,0.75,0.791542,56.823265,0.75,0.75,0.791233,
04/30/2008,589.998,,-407.759,,182.239,,-115.768,110.1,5.668,66.471,-13.542,8.166,10.41,-2.244,,5.376,52.929,-15.878,37.051,,,,37.051,,37.051,,0.0,37.051,37.051,2.898,54.721975,0.68,0.68,0.732228,55.229379,0.67,0.67,0.722472,
07/31/2008,663.657,663.657,-455.878,455.878,207.779,0.0,-135.951,131.884,4.067,71.828,-8.381,9.406,10.744,-1.338,,-1.025,63.447,-21.156,42.291,0.0,0.0,0.0,42.291,0.0,42.291,0.0,0.0,42.291,68.673,26.382,54.2827,0.78,0.78,1.265099,54.667666,0.77,0.77,1.252589,
10/31/2008,843.142,843.142,-599.723,599.723,243.419,0.0,-157.122,149.81,7.312,86.297,-9.072,9.413,11.314,-1.901,,-0.341,77.225,-25.772,51.453,0.0,0.0,0.0,51.453,0.0,51.453,0.0,0.0,51.453,55.57205,4.11905,54.831695,0.94,0.94,1.013502,54.976305,0.94,0.94,1.013502,
01/31/2009,1182.594,1182.594,-781.553,781.553,401.041,0.0,-265.582,211.633,53.949,135.459,-21.103,20.137,21.959,-1.822,,0.966,114.356,-36.415,77.941,0.0,0.0,0.0,77.941,0.0,77.941,0.0,0.0,77.941,100.441937,22.500937,114.922817,0.68,0.68,0.873995,114.987828,0.68,0.68,0.873995,
04/30/2009,1068.54,1068.54,-669.35,669.35,399.19,0.0,-241.743,181.709,60.034,157.447,-16.41,16.529,18.461,-1.932,,-0.119,141.037,-46.769,94.268,0.0,0.0,0.0,94.268,0.0,94.268,0.0,0.0,94.268,120.4734,26.2054,118.429061,0.8,0.8,1.017262,118.470901,0.8,0.8,1.017262,
07/31/2009,1051.526,1051.526,-645.497,645.497,406.029,0.0,-237.195,201.177,36.018,168.834,-17.6,17.58,18.951,-1.371,,0.02,151.234,-53.171,98.063,0.0,0.0,0.0,98.063,0.0,98.063,0.0,0.0,98.063,108.7724,10.7094,118.664653,0.83,0.83,0.916637,118.746244,0.83,0.83,0.916637,
10/31/2009,1278.745,1278.745,-786.495,786.495,492.25,0.0,-261.044,232.985,28.059,231.206,-16.204,16.787,17.473,-0.686,,-0.583,215.002,-75.012,139.99,0.0,0.0,0.0,139.99,0.0,139.99,0.0,0.0,139.99,145.2862,5.2962,118.956181,1.18,1.18,1.221342,119.10043,1.18,1.18,1.221342,
01/31/2010,1205.939,1205.939,-747.635,747.635,458.304,0.0,-248.438,214.411,34.027,209.866,-12.705,13.926,14.236,-0.31,,-1.221,197.161,-61.682,135.479,0.0,0.0,0.0,135.479,0.0,135.479,0.0,0.0,135.479,144.89035,9.41135,119.069183,1.14,1.14,1.216859,119.216915,1.14,1.14,1.216859,
04/30/2010,1069.079,1069.079,-638.972,638.972,430.107,0.0,-249.104,229.648,19.456,181.003,-13.647,14.101,14.527,-0.426,,-0.454,167.356,-46.75,120.606,0.0,0.0,0.0,120.606,0.0,120.606,0.0,0.0,120.606,128.3787,7.7727,119.121257,1.01,1.01,1.077714,119.268283,1.01,1.01,1.07517,
07/31/2010,1047.312,1047.312,-629.424,629.424,417.888,0.0,-252.721,203.261,49.46,165.167,-15.413,16.106,16.539,-0.433,,-0.693,149.754,-46.873,102.881,0.0,0.0,0.0,102.881,0.0,102.881,0.0,0.0,102.881,122.51945,19.63845,119.300926,0.86,0.86,1.026978,119.44049,0.86,0.86,1.026978,
10/31/2010,1278.913,1278.913,-772.171,772.171,506.742,0.0,-266.706,222.821,43.885,240.036,-18.309,17.933,18.505,-0.572,,0.376,221.727,-72.001,149.726,0.0,0.0,0.0,149.726,0.0,149.726,0.0,0.0,149.726,164.7995,15.0735,119.512001,1.25,1.25,1.378937,119.642398,1.25,1.25,1.375988,
01/31/2011,1312.351,1312.351,-821.086,821.086,491.265,0.0,-278.303,214.325,63.978,212.962,-17.183,17.353,18.132,-0.779,,-0.17,195.779,-63.784,131.995,0.0,0.0,0.0,131.995,0.0,131.995,0.0,0.0,131.995,161.3529,29.3579,117.155509,1.12,1.12,1.377254,117.258755,1.11,1.11,1.360369,
04/30/2011,1187.167,1187.167,-766.169,766.169,420.998,0.0,-254.891,222.707,32.184,166.107,-16.203,15.69,16.418,-0.728,,0.513,149.904,-55.024,94.88,0.0,0.0,0.0,94.88,0.0,94.88,0.0,0.0,94.88,126.9484,32.0684,115.429821,0.82,0.82,1.099789,115.496532,0.82,0.82,1.097657,
07/31/2011,1188.883,1188.883,-757.799,757.799,431.084,0.0,-250.381,216.552,33.829,180.703,-13.877,15.12,15.422,-0.302,,-1.243,166.826,-55.303,111.523,0.0,0.0,0.0,111.523,0.0,111.523,0.0,0.0,111.523,127.7782,16.2552,113.122789,0.98,0.98,1.129553,113.180426,0.98,0.98,1.123622,
10/31/2011,1513.905,1513.905,-1002.517,1002.517,511.388,0.0,-299.774,236.602,63.172,211.614,-18.413,19.124,19.448,-0.324,,-0.711,193.201,-65.954,127.247,0.0,0.0,0.0,127.247,0.0,127.247,0.0,0.0,127.247,154.04845,26.80145,112.731758,1.12,1.12,1.366504,112.731758,1.12,1.12,1.357745,
01/31/2012,1467.641,1467.641,-1001.956,1001.956,465.685,0.0,-265.319,225.016,40.303,200.366,-23.131,23.135,23.599,-0.464,,-0.004,177.235,-60.391,116.844,0.0,0.0,0.0,116.844,0.0,116.844,0.0,0.0,116.844,138.00345,21.15945,112.493822,1.03,1.03,1.226765,112.493822,1.03,1.03,1.22,
04/30/2012,1355.353,1355.353,-905.568,905.568,449.785,0.0,-264.185,214.513,49.672,185.6,-21.704,22.413,22.827,-0.414,,-0.709,163.896,-59.766,104.13,0.0,0.0,0.0,104.13,0.0,104.13,0.0,0.0,104.13,125.4097,21.2797,111.405674,0.93,0.93,1.125703,111.445492,0.93,0.93,1.120943,
07/31/2012,1369.7,1369.7,-899.9,899.9,469.8,0.0,-279.3,232.2,47.1,190.5,-23.2,23.6,23.6,0.0,,-0.4,167.3,-56.4,110.9,0.0,0.0,0.0,110.9,0.0,110.9,0.0,0.0,110.9,124.68,13.78,109.418592,1.0,1.0,1.139477,109.448128,1.0,1.0,1.125904,
10/31/2012,1628.7,1628.7,-1086.8,1086.8,541.9,0.0,-294.3,257.2,37.1,247.6,-23.4,23.9,,,,-0.5,224.2,-75.4,148.8,0.0,0.0,0.0,148.8,0.0,148.8,0.0,0.0,148.8,157.835,9.035,108.269499,1.36,1.36,1.457797,108.296099,1.36,1.36,1.443429,
01/31/2013,1559.6,1559.6,-1023.4,1023.4,536.2,0.0,-277.9,251.0,26.9,258.3,-24.3,23.8,,,,0.5,234.0,-79.8,154.2,0.0,0.0,0.0,154.2,0.0,154.2,0.0,0.0,154.2,159.4,5.2,108.472267,1.42,1.42,1.4695,108.491922,1.42,1.42,1.46793,
04/30/2013,1339.7,1339.7,-860.0,860.0,479.7,0.0,-265.7,233.5,32.2,214.0,-22.2,22.1,,,,0.1,191.8,-61.5,130.3,0.0,0.0,0.0,130.3,0.0,130.3,0.0,0.0,130.3,137.58,7.28,107.192882,1.22,1.22,1.283481,107.209912,1.22,1.22,1.283481,
07/31/2013,1350.9,1350.9,-858.0,858.0,492.9,0.0,-279.6,250.2,29.4,213.3,-23.8,23.8,24.0,-0.2,,0.0,189.5,-62.9,126.6,0.0,0.0,0.0,126.6,0.0,126.6,0.0,0.0,126.6,128.355,1.755,105.077523,1.19,1.19,1.221527,105.094278,1.19,1.19,1.206699,
10/31/2013,1559.9,1559.9,-1007.3,1007.3,552.6,0.0,-301.8,270.3,31.5,250.8,-20.8,20.5,20.9,-0.4,,0.3,230.0,-76.6,153.4,0.0,0.0,0.0,153.4,0.0,153.4,0.0,0.0,153.4,160.355,6.955,105.130715,1.46,1.46,1.525292,105.145966,1.46,1.46,1.525292,
01/31/2014,1465.5,1465.5,-920.3,920.3,545.2,0.0,-281.7,250.3,31.4,263.5,-17.0,18.4,18.8,-0.4,,-1.4,246.5,-79.8,166.7,0.0,0.0,0.0,166.7,0.0,166.7,0.0,0.0,166.7,173.2,6.5,104.791746,1.59,1.59,1.652802,104.805369,1.59,1.59,1.65202,
04/30/2014,1234.3,1234.3,-794.0,794.0,440.3,0.0,-248.9,218.0,30.9,191.4,-7.7,16.7,17.3,-0.6,0.0,-9.0,183.7,-65.2,118.5,0.0,0.0,0.0,118.5,0.0,118.5,0.0,0.0,118.5,125.195,6.695,102.549685,1.16,1.16,1.220823,102.561353,1.16,1.16,1.220823,
07/31/2014,1323.8,1323.8,-845.1,845.1,478.7,0.0,-287.1,253.4,33.7,191.6,-16.1,17.4,17.7,-0.3,4.5,-5.8,175.5,-59.5,116.0,0.0,0.0,0.0,116.0,0.0,116.0,0.0,0.0,116.0,135.76,19.76,101.028622,1.14,1.14,1.343778,101.037093,1.14,1.14,1.335572,
10/31/2014,1481.8,1481.8,-945.3,945.3,536.5,0.0,-281.7,252.4,29.3,254.8,-15.9,16.2,16.6,-0.4,8.0,-8.3,238.9,-80.6,158.3,0.0,0.0,0.0,158.3,0.0,158.3,0.0,0.0,158.3,155.375,-2.925,101.821374,1.55,1.55,1.525957,101.824624,1.55,1.55,1.521274,
01/31/2015,1440.0,1440.0,-917.1,917.1,522.9,0.0,-267.8,237.3,30.5,255.1,-16.7,16.8,17.2,-0.4,0.0,-0.1,238.4,-77.5,160.9,0.0,0.0,0.0,160.9,0.0,160.9,0.0,0.0,160.9,157.795,-3.105,101.190896,1.58,1.58,1.559379,101.191571,1.58,1.58,1.549316,
04/30/2015,1447.1,1447.1,-1016.5,1016.5,430.6,0.0,-360.1,288.2,71.9,70.5,-200.3,29.5,,,12.9,157.9,-129.8,39.5,-90.3,0.0,0.0,0.0,-90.3,0.0,-90.3,0.0,0.0,-90.3,-45.775,44.525,108.810415,-0.829884,-0.829884,-0.420686,108.819151,-0.829884,-0.829884,-0.420719,
07/31/2015,1952.0,1952.0,-1223.3,1223.3,728.7,0.0,-461.6,387.6,74.0,267.1,-44.3,44.4,44.8,-0.4,14.4,-14.5,222.8,-86.4,136.4,0.0,0.0,0.0,136.4,0.0,136.4,0.0,0.0,136.4,159.289944,22.889944,119.089757,1.14,1.14,1.337562,119.102962,1.14,1.14,1.332186,
10/31/2015,2077.7,2077.7,-1290.4,1290.4,787.3,0.0,-473.5,389.8,83.7,313.8,-44.2,42.6,43.0,-0.4,20.9,-19.3,269.6,-93.6,176.0,0.0,0.0,0.0,176.0,0.0,176.0,0.0,0.0,176.0,194.785,18.785,119.670298,1.47,1.47,1.62768,119.680574,1.47,1.47,1.626959,
01/31/2016,1973.9,1973.9,-1210.1,1210.1,763.8,0.0,-445.5,381.1,64.4,318.3,-43.0,43.6,44.1,-0.5,17.5,-18.1,275.3,-90.0,185.3,0.0,0.0,0.0,185.3,0.0,185.3,0.0,0.0,185.3,195.035,9.735,119.16772,1.55,1.55,1.636643,119.220305,1.55,1.55,1.631656,
04/30/2016,1807.6,1807.6,-1119.6,1119.6,688.0,0.0,-441.9,351.8,90.1,246.1,-35.9,40.5,41.1,-0.6,7.0,-11.6,210.2,-19.2,191.0,0.0,0.0,0.0,191.0,0.0,191.0,0.0,0.0,191.0,171.769994,-19.230006,118.755584,1.61,1.61,1.446416,118.845157,1.61,1.61,1.446416,
07/31/2016,1815.8,1815.8,-1093.1,1093.1,722.7,0.0,-428.9,356.0,72.9,293.8,-40.4,41.5,41.9,-0.4,0.0,-1.1,253.4,-83.4,170.0,0.0,0.0,0.0,170.0,0.0,170.0,0.0,-0.8,169.2,181.638746,12.438746,116.3,1.46,1.46,1.561812,116.5,1.46,1.46,1.561812,
10/31/2016,1913.9,1913.9,-1171.0,1171.0,742.9,0.0,-439.6,363.1,76.5,303.3,-37.8,41.0,41.5,-0.5,-0.1,-3.1,265.5,-88.2,177.3,0.0,0.0,0.0,177.3,0.0,177.3,0.0,0.0,177.3,205.010253,27.710253,116.429632,1.52,1.52,1.760808,116.55324,1.52,1.52,1.757748,
01/31/2017,1878.8,1878.8,-1155.9,1155.9,722.9,0.0,-485.2,337.2,148.0,237.7,-40.1,40.3,40.8,-0.5,-1.7,1.5,197.6,-63.0,134.6,0.0,0.0,0.0,134.6,0.0,134.6,0.0,-0.6,134.0,199.095751,65.095751,115.9,1.16,1.16,1.717824,116.0,1.16,1.16,1.717824,
04/30/2017,1783.8,1783.8,-1137.0,1137.0,646.8,0.0,-450.1,334.4,115.7,196.7,-34.8,40.3,40.8,-0.5,0.0,-5.5,161.9,-51.5,110.4,0.0,0.0,0.0,110.4,0.0,110.4,0.0,0.0,110.4,171.717259,61.317259,114.8,0.96,0.96,1.495795,114.9,0.96,0.96,1.493658,
07/31/2017,1748.9,1748.9,-1086.8,1086.8,662.1,0.0,-426.9,348.8,78.1,235.2,-46.2,42.0,42.5,-0.5,1.8,2.4,189.0,-62.2,126.8,0.0,0.0,0.0,126.8,0.0,126.8,0.0,-0.6,126.2,136.409295,10.209295,113.5,1.12,1.12,1.201844,113.6,1.12,1.12,1.201844,
10/31/2017,1923.6,1923.6,-1168.6,1168.6,755.0,0.0,-422.9,359.5,63.4,332.1,-40.3,41.6,41.6,0.0,0.0,-1.3,291.8,-97.2,194.6,0.0,0.0,0.0,194.6,0.0,194.6,0.0,0.0,194.6,195.198286,0.598286,113.0,1.71,1.71,1.727418,113.0,1.71,1.71,1.715295,
01/31/2018,1903.3,1903.3,-1174.8,1174.8,728.5,0.0,-564.5,330.6,233.9,164.0,-48.0,43.1,43.1,0.0,0.0,4.9,116.0,715.3,831.3,0.0,0.0,0.0,831.3,0.0,831.3,0.0,0.0,831.3,249.84038,-581.45962,113.0,7.36,7.36,2.210977,113.0,7.36,7.36,2.210977,
04/30/2018,1781.3,1781.3,-1090.8,1090.8,690.5,0.0,-377.8,324.0,53.8,312.7,-48.5,47.4,48.3,-0.9,0.0,1.1,264.2,-78.3,185.9,0.0,0.0,0.0,185.9,0.0,185.9,0.0,0.0,185.9,179.668,-6.232,113.6,1.64,1.64,1.581585,113.6,1.64,1.64,1.581585,
07/31/2018,1902.5,1902.5,-1224.3,1224.3,678.2,0.0,-451.3,383.3,68.0,226.9,-53.8,53.6,54.3,-0.7,0.0,0.2,173.1,-40.1,133.0,0.0,0.0,0.0,133.0,0.0,133.0,0.0,-0.7,132.3,155.15122,22.85122,113.7,1.17,1.17,1.364567,113.7,1.17,1.17,1.364567,
10/31/2018,2021.5,2021.5,-1250.2,1250.2,771.3,0.0,-440.8,382.4,58.4,330.5,-61.1,53.6,53.6,0.0,0.0,7.5,269.4,-80.9,188.5,0.0,0.0,0.0,188.5,0.0,188.5,0.0,-1.0,187.5,204.859155,17.359155,113.7,1.66,1.66,1.801752,113.7,1.66,1.66,1.801752,
01/31/2019,2011.9,2011.9,-1238.1,1238.1,773.8,0.0,-556.2,373.1,183.1,217.6,-60.4,51.6,51.6,0.0,0.0,8.8,157.2,-35.8,121.4,0.0,0.0,0.0,121.4,0.0,121.4,0.0,0.0,121.4,213.081739,91.681739,113.2,1.07,1.07,1.882348,113.2,1.07,1.07,1.879909,
04/30/2019,1902.1,1902.1,-1209.7,1209.7,692.4,0.0,-538.8,369.8,169.0,153.6,-51.7,49.1,54.5,-5.4,0.0,2.6,101.9,-30.4,71.5,0.0,0.0,0.0,71.5,0.0,71.5,0.0,0.0,71.5,189.937,118.437,113.7,0.63,0.63,1.67051,113.8,0.63,0.63,1.67051,
07/31/2019,1778.9,1778.9,-1079.3,1079.3,699.6,0.0,-442.0,380.5,61.5,257.6,-50.9,49.4,49.4,0.0,1.8,-0.3,206.7,-52.1,154.6,0.0,0.0,0.0,154.6,0.0,154.6,0.0,-0.8,153.8,134.31148,-19.48852,113.9,1.36,1.36,1.179205,113.9,1.36,1.36,1.179205,
10/31/2019,1957.8,1957.8,-1203.8,1203.8,754.0,0.0,-424.2,361.5,62.7,329.8,-50.7,49.1,49.1,0.0,1.8,-0.2,279.1,-67.9,211.2,0.0,0.0,0.0,211.2,0.0,211.2,0.0,-1.3,209.9,211.715686,1.815686,114.1,1.85,1.85,1.855527,114.1,1.85,1.85,1.855527,
01/31/2020,1972.3,1972.3,-1212.3,1212.3,760.0,0.0,-471.0,358.9,112.1,289.0,-46.5,45.1,45.1,0.0,-1.3,2.7,242.5,-55.1,187.4,0.0,0.0,0.0,187.4,0.0,187.4,0.0,0.0,187.4,223.849438,36.449438,114.0,1.64,1.64,1.963592,114.0,1.64,1.64,1.959732,
04/30/2020,2092.0,2092.0,-1303.6,1303.6,788.4,0.0,-441.7,373.4,68.3,346.7,-48.3,45.6,45.6,0.0,4.5,-1.8,298.4,-72.1,226.3,0.0,0.0,0.0,226.3,0.0,226.3,0.0,0.0,226.3,248.607,22.307,114.0,1.98,1.98,2.180763,114.0,1.98,1.98,2.175675,
07/31/2020,1971.8,1971.8,-1196.4,1196.4,775.4,0.0,-414.3,357.5,56.8,361.1,-47.5,46.1,46.1,0.0,3.1,-1.7,313.6,-76.6,237.0,0.0,0.0,0.0,237.0,0.0,237.0,0.0,-1.1,235.9,223.582028,-12.317972,114.1,2.08,2.08,1.959527,114.1,2.08,2.08,1.959527,
10/31/2020,2006.533,,,,760.65659497,,,,,368.833,,,,,,,333.3,,242.167,,,,,,242.167,,,242.167,253.2,,,2.107,2.107,2.224,,2.107,2.107,2.224,
01/31/2021,1990.533,,,,746.68873896,,,,,364.5,,,,,,,327.889,,234.667,,,,,,234.667,,,234.667,248.444,,,2.063,2.063,2.168,,2.063,2.063,2.168,
