Date,Revenue,Sales & Services Revenue,Other Revenue,Cost of Revenue,Cost of Goods & Services,Gross Profit,Other Operating Income,Operating Expenses,"Selling, General & Admin",Selling & Marketing,General & Administrative,Research & Development,Other Operating Expense,Operating Income (Loss),Non-Operating (Income) Loss,"Interest Expense, Net",Interest Expense,Interest Income,Foreign Exch (Gain) Loss,(Income) Loss from Affiliates,Other Non-Op (Income) Loss,Pretax Income,Income Tax Expense (Benefit),Current Income Tax,Deferred Income Tax,Tax Allowance/Credit,Income (Loss) from Cont Ops,Net Extraordinary Losses (Gains),Discontinued Operations,XO & Accounting Changes,Income (Loss) Incl. MI,Minority Interest,"Net Income, GAAP",Preferred Dividends,Other Adjustments,"Net Income Avail to Common, GAAP","Net Income Avail to Common, Adj",Net Abnormal Losses (Gains),Basic Weighted Avg Shares,"Basic EPS, GAAP",Basic EPS from Cont Ops,"Basic EPS from Cont Ops, Adjusted",Diluted Weighted Avg Shares,"Diluted EPS, GAAP",Diluted EPS from Cont Ops,"Diluted EPS from Cont Ops, Adjusted",Source: Bloomberg
03/31/1990,1221.760986,,,-864.971008,,356.789978,,-217.285995,,,,,,139.503998,9.326,,20.855,,,,-30.181,148.829998,-20.275999,,,,128.554001,0.0,,,128.553999,0.0,128.554001,0.0,,128.554001,128.554001,,950.883972,0.135,0.135,,950.883972,0.135,0.135,0.135,
06/30/1990,1292.064941,,,-904.067017,,387.997925,,-219.001999,,,,,,168.996002,16.617001,,20.582001,,,,-37.199001,185.613003,-40.856998,,,,144.755997,0.0,,,144.756004,0.0,144.755997,0.0,,144.755997,144.755997,,951.096008,0.1525,0.1525,,951.096008,0.1525,0.1525,0.1525,
09/30/1990,1323.755249,,,-921.215027,,402.540222,,-222.690002,,,,,,179.850296,7.624001,,21.372,,,,-28.996,187.474297,-40.055,,,,147.419296,0.0,,,147.419296,0.0,147.419296,0.0,,147.419296,147.419296,,953.952026,0.155,0.155,,953.952026,0.155,0.155,0.155,
12/31/1990,1468.635742,,,-1041.20105,,427.434692,,-258.131989,,,,,,169.302704,7.177,,23.877001,,19.0,,-50.054001,176.479704,-26.927999,,,,149.551697,0.0,,,149.551705,0.0,149.551697,0.0,,149.551697,149.551697,,953.033996,0.1575,0.1575,0.1575,953.033996,0.1575,0.1575,0.1575,
03/31/1991,1510.977051,,,-1100.875,,410.102051,,-248.244995,,,,,,161.856995,5.054001,,27.063999,,,,-32.118,166.910995,-34.091999,,,,132.819,0.0,,,132.818996,0.0,132.819,0.0,,132.819,132.819,,952.768005,0.14,0.14,,952.768005,0.14,0.14,0.14,
06/30/1991,1552.734009,,,-1096.053955,,456.680054,,-244.679001,,,,,,212.001007,3.472,,26.483,,,,-29.955,215.473007,-34.625,,,,180.848007,0.0,,,180.848007,0.0,180.848007,0.0,,180.848007,180.848007,,953.995972,0.19,0.19,,953.995972,0.19,0.19,0.19,
09/30/1991,1470.081055,,,-1060.435059,,409.645996,,-239.373993,,,,,,170.272003,64.238001,,25.552,,,,-89.790001,234.510004,-38.243999,,,,196.266006,0.0,,,196.266005,0.0,196.266006,0.0,,196.266006,196.266006,,957.971985,0.205,0.205,,957.971985,0.205,0.205,0.205,
12/31/1991,1611.379028,,,-1167.469971,,443.909057,,-257.083008,,,,,,186.826004,177.933998,,23.167,,2.0,,-203.100998,364.760002,-59.041,,,,305.718994,0.0,,,305.719002,0.0,305.718994,0.0,,305.718994,305.718994,,959.616028,0.32,0.32,0.32,959.616028,0.32,0.32,0.32,
03/31/1992,1552.11499,,,-1127.543945,,424.571045,,-260.945007,,,,,,163.626007,20.596998,,19.448,,,,-40.044998,184.223005,-27.92,,,,156.302994,0.0,,,156.303005,0.0,156.302994,0.0,,156.302994,156.302994,,960.072021,0.1625,0.1625,,960.072021,0.1625,0.1625,0.1625,
06/30/1992,1553.249023,,,-1106.237061,,447.011963,,-253.593994,,,,,,193.417999,6.686001,,19.816,,,,-26.502001,200.104,-21.611,,,,178.492996,0.0,,,178.493,0.0,178.492996,0.0,,178.492996,178.492996,,961.495972,0.185,0.185,,961.495972,0.185,0.185,0.185,
09/30/1992,1594.232056,,,-1142.906982,,451.325073,,-262.963013,,,,,,188.362,4.755999,,18.860001,,,,-23.615999,193.117998,-20.4,,,,172.718002,0.0,,,172.717999,0.0,172.718002,0.0,,172.718002,172.718002,,965.632019,0.18,0.18,,965.632019,0.18,0.18,0.18,
12/31/1992,1631.912964,,,-1202.713989,,429.198975,,-272.729004,,,,,,156.470001,14.056,,19.27,,22.0,,-55.326,170.526001,-16.437,,,,154.089005,0.0,,,154.089001,0.0,154.089005,0.0,,154.089005,154.089005,,967.21002,0.16,0.16,0.16,967.21002,0.16,0.16,0.16,
03/31/1993,1597.557007,,,-1186.874023,,410.682983,,-256.669006,,,,,,154.014008,6.908001,,19.049999,,,,-25.958,160.922009,-27.735001,,,,133.186996,248.0,,,-114.812992,0.0,-114.813004,0.0,,-114.813004,-114.813004,,967.460022,-0.12,0.1375,,967.460022,-0.12,0.1375,0.1375,
06/30/1993,1719.296021,,,-1271.982056,,447.313965,,-268.096985,,,,,,179.216995,8.087002,,17.966999,,,,-26.054001,187.303997,-24.344999,,,,162.959,0.0,,,162.958998,0.0,162.959,0.0,,162.959,162.959,,968.539978,0.1675,0.1675,,968.539978,0.1675,0.1675,0.1675,
09/30/1993,1642.437988,,,-1213.604004,,428.833984,,-254.511002,,,,,,174.322998,6.588001,,16.153999,,,,-22.742001,180.910999,-18.254999,,,,162.656006,0.0,,,162.656,0.0,162.656006,0.0,,162.656006,162.656006,,936.835999,0.1675,0.1675,,936.835999,0.1675,0.1675,0.1675,
12/31/1993,1746.175049,,,-1352.135986,,394.039063,,-267.623993,,,,,,126.415001,8.330001,,15.717,,,,-24.047001,134.745002,-10.784,,,,123.960999,0.0,,,123.961002,0.0,123.960999,0.0,,123.960999,123.960999,,973.895996,0.1275,0.1275,0.1275,973.895996,0.1275,0.1275,0.1275,
03/31/1994,1640.302979,,,-1264.26001,,376.042969,,-243.817001,,,,,,132.225998,7.959,,14.843,,,,-22.802,140.184998,-18.709999,,,,121.474998,0.0,,,121.474998,0.0,121.474998,0.0,,121.474998,121.474998,,974.495972,0.125,0.125,,974.495972,0.125,0.125,0.125,
06/30/1994,1639.05896,,,-1256.444946,,382.614014,,-247.016006,,,,,,135.598007,3.932,,15.119,,,,-19.051001,139.530007,-16.139999,,,,123.389999,0.0,,,123.390008,0.0,123.389999,0.0,,123.389999,123.389999,,973.515991,0.1275,0.1275,,973.515991,0.1275,0.1275,0.1275,
09/30/1994,1636.733032,,,-1237.858032,,398.875,,-241.061996,,,,,,157.813004,3.326,,16.427999,,,,-19.754,161.139004,-24.513,,,,136.626007,0.0,,,136.626003,0.0,136.626007,0.0,,136.626007,136.626007,,975.604004,0.14,0.14,,975.604004,0.14,0.14,0.14,
12/31/1994,1780.75,,,-1349.32605,,431.42395,,-260.158997,,,,,,171.264999,5.353,,16.938,,,,-22.291,176.617999,-22.032,,,,154.585999,0.0,,,154.585999,0.0,154.585999,0.0,,154.585999,154.585999,,971.148012,0.16,0.16,0.16,971.148012,0.16,0.16,0.16,
03/31/1995,1762.296997,,,-1336.462036,,425.834961,,-254.809998,,,,,,171.024994,3.352001,,20.525999,,,,-23.878,174.376995,-27.568001,,,,146.809006,0.0,,,146.808994,0.0,146.809006,0.0,,146.809006,146.809006,,968.208008,0.1525,0.1525,,968.208008,0.1525,0.1525,0.1525,
06/30/1995,1877.081055,,,-1417.744995,,459.33606,,-262.862,,,,,,196.473999,0.709,,21.472,,,,-22.181,197.182999,-30.329,,,,166.854004,0.0,,,166.853998,0.0,166.854004,0.0,,166.854004,166.854004,,967.547974,0.1725,0.1725,,967.547974,0.1725,0.1725,0.1725,
09/30/1995,1918.781006,,,-1455.031006,,463.75,,-261.005005,,,,,,202.744995,1.531,,20.764,,,,-22.295,204.275995,-35.478001,,,,168.798004,0.0,,,168.797995,0.0,168.798004,0.0,,168.798004,168.798004,,970.599976,0.175,0.175,,970.599976,0.175,0.175,0.175,
12/31/1995,2063.534912,,,-1594.918945,,468.615967,,-278.402008,,,,,,190.214005,4.323999,,18.858,,,,-23.181999,194.538004,-27.841999,,,,166.695999,0.0,,,166.696005,0.0,166.695999,0.0,,166.695999,166.695999,,971.731996,0.1725,0.1725,0.1725,971.731996,0.1725,0.1725,0.1725,
03/31/1996,2027.828003,,,-1549.603027,,478.224976,,-269.247986,,,,,,208.977005,0.027,,17.343,,,,-17.370001,209.004005,-38.137001,,,,170.867004,0.0,,,170.867004,0.0,170.867004,0.0,,170.867004,170.867004,,973.432007,0.175,0.175,0.175,976.383972,0.175,0.175,0.175,
06/30/1996,2150.790039,,,-1631.996948,,518.793091,,-278.756989,,,,,,240.035995,-2.053001,,18.120001,,,,-16.066999,237.982994,-41.264999,,,,196.718002,0.0,,,196.717995,0.0,196.718002,0.0,,196.718002,196.718002,,978.679993,0.2,0.2,0.2,1008.812012,0.195,0.195,0.195,
09/30/1996,2261.839111,,,-1751.739014,,510.100098,,-270.785004,,,,,,239.315002,-333.526985,,18.542,,,,314.984985,-94.211983,323.046997,,,,228.835007,0.0,,,228.835014,0.0,228.835007,0.0,,228.835007,228.835007,,982.924011,0.235,0.235,0.235,994.935974,0.23,0.23,0.23,
12/31/1996,2515.693115,,,-1902.10498,,613.588135,,-290.514008,,,,,,323.074005,-0.042999,,18.014999,,,,-17.972,323.031006,-67.968002,,,,255.063004,0.0,,,255.063004,0.0,255.063004,0.0,,255.063004,255.063004,,985.29602,0.26,0.26,0.26,1020.252016,0.25,0.25,0.25,
03/31/1997,2402.060059,,,-1782.787964,,619.272095,,-280.367004,,,,,,338.904999,0.285999,,17.819,,,,-18.105,339.190998,-79.248001,,,,259.942993,0.0,,,259.942997,0.0,259.942993,0.0,,259.942993,259.942993,,986.85199,0.265,0.265,0.265,1018.440002,0.255,0.255,0.255,
06/30/1997,2601.678955,,,-1929.323975,,672.35498,,-289.209991,,,,,,383.144989,1.421001,,19.316999,,,,-20.738001,384.56599,-78.059998,,,,306.506012,0.0,,,306.505993,0.0,306.506012,0.0,,306.506012,306.506012,,987.728027,0.31,0.31,0.31,1021.924011,0.3,0.3,0.3,
09/30/1997,2970.708008,,,-2138.440918,,832.26709,,-337.071991,,,,,,495.195007,9.852999,,25.822001,,,,-35.674999,505.048006,-121.456001,,,,383.59201,0.0,,,383.592005,0.0,383.59201,0.0,,383.59201,383.59201,,1079.868042,0.355,0.355,0.355,1125.317993,0.34,0.34,0.34,
12/31/1997,3568.983642,,,-2522.16101,,1046.822632,,-475.13202,,,,,,571.69104,4.457998,,32.358002,,5.0,,-41.816,576.149038,-141.640999,,,,434.507935,0.0,,,434.508039,0.0,434.507935,0.0,,434.507935,434.507935,,995.464,0.435,0.435,0.435,1040.298,0.42,0.42,0.42,
03/31/1998,3023.700928,,,-2161.898926,,861.802002,,-371.233002,,,,,,490.569,9.671,,25.504,,,,-35.174999,500.24,-121.913002,,,,378.326996,0.0,,,378.326998,0.0,378.326996,0.0,,378.326996,378.326996,,1085.456055,0.35,0.35,0.35,1127.708008,0.335,0.335,0.335,
06/30/1998,3083.905029,,,-2213.644043,,870.260986,,-380.031006,,,,,,490.230011,11.566999,,25.684999,,,,-37.251999,501.79701,-114.295998,,,,387.501007,0.0,,,387.501013,0.0,387.501007,0.0,,387.501007,387.501007,,1087.119995,0.355,0.355,0.355,1129.567993,0.345,0.345,0.345,
09/30/1998,2932.447021,,,-2137.355957,,795.091064,,-370.140015,,,,,,424.950989,-437.102989,,41.665001,,,,395.437988,-12.152,-17.323,,,,-29.475,0.0,,,-29.475,0.0,-29.475,0.0,,-29.475,-29.475,,1090.219971,-0.025,-0.025,0.315,1121.546021,-0.025,-0.025,0.315,
12/31/1998,2775.5,,,-2077.51,,697.99,0.0,-368.462,231.121,118.511,,,137.341,329.528,3.46,-3.46,57.307,-60.767,,,0.0,332.988,-55.142,,,,277.846,,,,277.846,0.0,277.846,0.0,0.0,277.846,277.846,,1091.904,0.255,0.255,0.255,1116.016,0.25,0.25,0.25,
03/31/1999,2306.462,,,-1751.649,,554.813,,-341.932,,,,,,212.881,-69.961,48.048,48.048,,,,21.913,142.92,-53.753,,,,89.167,0.0,,,89.167,0.0,89.167,0.0,,89.167,89.167,,1092.754,0.08,0.08,0.16,1119.828,0.08,0.08,0.16,
06/30/1999,2174.263,,,-1697.326,,476.937,,-335.175,,,,,,141.762,10.782,46.691,46.691,,,,-57.473,152.544,-25.257,,,,127.287,0.0,,,127.287,0.0,127.287,0.0,,127.287,127.287,,1094.224,0.115,0.115,0.115,1127.058,0.115,0.115,0.115,
09/30/1999,2249.315,,,-1744.912,,504.403,,-346.368,,,,,,158.035,14.293,47.681,47.681,,,,-61.974,172.328,-33.347,,,,138.981,0.0,,,138.981,0.0,138.981,0.0,,138.981,138.981,,1097.342,0.125,0.125,0.125,1131.102,0.125,0.125,0.125,
12/31/1999,2179.3,,,-1773.194,,406.106,,-337.85,,,,,,68.256,18.996,60.046,60.046,,,,-79.042,87.252,-28.781,,,,58.471,47.212,,,11.259,0.0,11.259,0.0,,11.259,11.259,,1105.118,0.01,0.055,0.12,1132.324,0.01,0.05,0.115,
03/31/2000,2137.442,,,-1633.623,,503.819,,-338.285,,,,,,165.534,13.014,63.096,63.096,,,,-76.11,178.548,-42.39,,,,136.158,0.0,,,136.158,0.0,136.158,0.0,0.0,136.158,136.158,,1133.772,0.12,0.12,0.12,1153.082,0.12,0.12,0.12,
06/30/2000,2338.266,,,-1794.136,,544.13,,-355.183,,,,,,188.947,18.2,65.341,65.341,,,,-83.541,207.147,-51.224,,,,155.923,0.0,,,155.923,0.0,155.923,0.0,,155.923,155.923,,1138.586,0.135,0.135,0.135,1159.414,0.135,0.135,0.135,
09/30/2000,2447.272,,,-1854.181,,593.091,,-353.707,,,,,,239.384,17.188,72.495,72.495,,,,-89.683,256.572,-51.974,,,,204.598,0.0,,,204.598,0.0,204.598,0.0,,204.598,204.598,,1142.702,0.18,0.18,0.18,1163.474,0.175,0.175,0.175,
12/31/2000,2688.482,,,-2096.291,,592.191,,-379.238,,,,,,212.953,98.772,75.149,75.149,,,,-173.921,311.725,-82.66,,,,229.065,0.0,,,229.065,8.852,237.917,0.0,,237.917,237.917,,1145.166,0.21,0.21,0.21,1164.638,0.205,0.205,0.205,
03/31/2001,3013.656982,,,-2295.961914,,717.695068,,-381.608002,,,,,,336.087006,13.828003,,76.200996,-65.0,,,-25.028999,349.915009,-107.940002,,,,241.975006,0.0,,,241.975006,-6.087,235.888,0.0,0.0,235.888,235.888,,1146.119995,0.205,0.205,0.225,1162.823975,0.205,0.205,0.225,
06/30/2001,3634.599,,,-3072.545,,562.054,,-508.042,,,,,,54.012,-49.369,108.757,108.757,,,,-59.388,4.643,-91.09,,,,-86.447,0.0,,,-86.447,-6.838,-93.285,0.0,0.0,-93.285,-93.285,,1146.902,-0.08,-0.08,0.16,1160.074,-0.08,-0.08,0.16,
09/30/2001,3624.404,,,-2711.686,,912.718,,-484.479,,,,,,428.239,-61.557,102.319,102.319,,,,-40.762,366.682,-157.358,,,,209.324,0.0,,,209.324,-14.676,194.648,0.0,0.0,194.648,194.648,,1150.038,0.17,0.17,0.17,1158.944,0.17,0.17,0.17,
12/31/2001,3577.369,,,-2671.798,,905.571,,-455.085,,,,,,450.486,-45.54,67.619,97.619,-30.0,,,-22.079,404.946,-219.036,,,,185.91,0.0,,,185.91,-0.944,184.966,0.0,0.0,184.966,184.966,,1151.566,0.16,0.16,0.155,1159.868,0.16,0.16,0.155,
03/31/2002,3309.356,,,-2600.09,,709.266,,-417.701,,,,,,291.565,-48.416,64.253,82.253,-18.0,,,-15.837,243.149,-64.183,,,,178.966,0.0,,,178.966,-6.494,172.472,0.0,0.0,172.472,172.472,,1152.612,0.15,0.15,0.175,1162.208,0.15,0.15,0.175,
06/30/2002,3388.561,,,-2637.495,,751.066,,-424.489,,,,,,326.577,-58.237,76.413,96.413,-20.0,,,-18.176,268.34,-70.247,,,,198.093,0.0,,,198.093,-2.058,196.035,0.0,0.0,196.035,196.035,,1154.484,0.17,0.17,0.17,1162.89,0.17,0.17,0.17,
09/30/2002,3501.37,,,-2778.651,,722.719,,-437.821,,,,,,284.898,-57.321,81.238,98.238,-17.0,,,-23.917,227.577,-60.843,,,,166.734,0.0,,,166.734,6.103,172.837,0.0,0.0,172.837,172.837,,1159.264,0.15,0.15,0.15,1163.712,0.15,0.15,0.15,
12/31/2002,3433.787,,,-5865.936,,-2432.149,,-440.894,,,,,,-2873.043,-64.931,78.069,91.069,-13.0,,,-13.138,-2937.974,-92.631,,,,-3030.605,-74.938,,,-2955.667,94.328,-2861.339,0.0,0.0,-2861.339,-2861.339,,1162.348,-2.46,-2.525,0.125,1162.348,-2.46,-2.525,0.125,
03/31/2003,3343.344,,,-2650.073,,693.271,,-416.155,,,,,,277.116,-63.205,78.863,92.863,-14.0,,,-15.658,213.911,-68.998,,,,144.913,0.0,,,144.913,4.249,149.162,0.0,0.0,149.162,149.162,,1164.418,0.13,0.13,0.13,1167.962,0.13,0.13,0.13,
06/30/2003,3515.653,,,-2772.3,,743.353,,-407.2,,,,,,336.153,-134.686,79.301,92.301,-13.0,,,55.385,201.467,-61.783,,,,139.684,30.233,,,109.451,2.671,112.122,0.0,0.0,112.122,112.122,,1164.95,0.095,0.12,0.19,1178.048,0.095,0.12,0.19,
09/30/2003,3508.067,,,-2743.248,,764.819,,-418.725,,,,,,346.094,-553.675,64.926,75.926,-11.0,,,488.749,-207.581,41.378,,,,-166.203,0.0,,,-166.203,110.88,-55.323,0.0,0.0,-55.323,-55.323,,1170.358,-0.045,-0.045,0.205,1214.51,-0.045,-0.045,0.2,
12/31/2003,3670.774,,,-2911.633,,759.141,,-395.985,,,,,,363.156,-5.078,59.246,73.246,-14.0,,,-54.168,358.078,-119.999,,,,238.079,57.439,,,180.64,-3.6,177.04,0.0,0.0,177.04,177.04,,1171.51,0.15,0.2,0.25,1215.934,0.15,0.2,0.25,
03/31/2004,3018.32,,,-2344.11,,674.21,,-270.757,,,,,,403.458,-217.361,128.773,142.773,-14.0,,,88.588,186.097,-56.276,,,,129.821,-93.447,,,223.268,-2.982,220.286,0.0,0.0,220.286,220.286,,1175.476,0.185,0.11,0.2365,1223.72,0.185,0.11,0.235,
06/30/2004,2856.32,,,-2250.53,,605.79,,-219.126,,,,,,386.657,-53.533,30.181,41.181,-11.0,,,23.352,333.124,-76.363,,,,256.761,-100.934,,,357.695,-2.088,355.607,0.0,0.0,355.607,355.607,,1179.766,0.3,0.215,0.245,1226.7598,0.295,0.215,0.24,
09/30/2004,2905.927,,,-2301.238,,604.689,,-217.157,,,,,,387.532,-6.658,28.706,43.706,-15.0,,,-22.048,380.874,-74.39,,,,306.484,-20.24,,,326.724,-8.519,318.205,0.0,0.0,318.205,318.205,,1179.872,0.27,0.255,0.265,1227.574,0.265,0.25,0.26,
12/31/2004,3067.67,,,-2388.693,,678.977,,-225.139,,,,,,453.838,-4.624,-13.729,44.788,-16.0,,,-24.164,449.214,-90.91,,,,358.304,21.626,,,336.678,-6.906,329.772,0.0,0.0,329.772,329.772,,1177.598,0.28,0.3,0.3,1224.924,0.275,0.295,0.295,
03/31/2005,3159.111,,,-2405.132,,753.979,,-216.704,95.484,10.062,,,121.22,537.275,141.991,-141.991,46.562,-188.553,,,0.0,679.266,-137.696,,,,541.57,1.028,,,540.542,-17.133,523.409,0.0,0.0,523.409,523.409,,1178.666,0.445,0.445,0.33,1227.53,0.435,0.435,0.325,
06/30/2005,3428.632,,,-2546.684,,881.948,,-227.096,105.461,14.566,,,121.635,654.852,-4.217,4.217,50.437,-46.22,,,0.0,650.635,-162.123,,,,488.512,-9.0,,,497.512,-15.311,482.201,0.0,0.0,482.201,482.201,,1177.482,0.41,0.4,0.4,1225.964,0.4,0.39,0.39,
09/30/2005,3698.093,,,-2757.31,,940.783,,-229.944,101.678,11.828,,,128.266,710.839,29.464,-29.464,50.637,-80.101,,,0.0,740.303,-174.953,,,,565.35,0.0,,,565.35,-24.547,540.803,0.0,0.0,540.803,540.803,,1179.64,0.46,0.46,0.445,1231.846,0.445,0.445,0.43,
12/31/2005,4023.346,,,-2913.97,,1109.376,,-251.291,,,,,,858.085,43.441,17.454,49.454,-32.0,0.0,,-60.895,901.526,-207.155,,,,694.371,0.0,,,694.371,-33.817,660.554,0.0,0.0,660.554,660.554,,1178.52,0.56,0.56,0.54,1233.52,0.54,0.54,0.525,
03/31/2006,4239.017,,,-2994.794,,1244.223,,-239.796,110.39,13.166,,,129.406,1004.427,17.648,-17.648,47.844,-65.492,,,0.0,1022.075,-256.651,,,,765.424,0.0,,,765.424,-42.913,722.511,0.0,0.0,722.511,722.511,,1180.344,0.612119,0.612119,0.612119,1240.694,0.582344,0.582344,0.582344,
06/30/2006,4686.775,,,-3255.264,,1431.511,,-292.54,121.65,14.274,,,170.89,1138.971,2.169,-2.169,61.421,-63.59,0.0,,0.0,1141.14,-278.419,,,,862.721,0.0,,,862.721,-5.821,856.9,0.0,0.0,856.9,856.9,,1184.357,0.72,0.72,0.72,1246.077,0.69,0.69,0.69,
09/30/2006,4954.818,,,-3369.573,,1585.245,,-276.328,126.79,17.632,,,149.538,1308.917,8.348,-8.348,62.351,-70.699,,,0.0,1317.265,-317.434,,,,999.831,0.0,,,999.831,-0.007,999.824,0.0,0.0,999.824,999.824,,1183.683,0.84,0.84,0.84,1243.966,0.81,0.81,0.81,
12/31/2006,5349.868,,,-3563.122,,1786.746,,-342.703,,,,,,1444.043,23.637,35.3,63.3,-28.0,0.0,,-58.937,1467.68,-337.064,,,,1130.614,0.0,,,1130.616,0.0,1130.616,0.0,0.0,1130.616,1130.616,,1178.32,0.36,0.36,0.36,1238.05,0.33,0.33,0.33,
03/31/2007,5464.405,,,-3617.424,,1846.981,,-307.951,140.853,16.683,,,167.098,1539.03,15.476,-15.476,68.147,-83.623,0.0,,0.0,1554.506,-373.679,,,,1180.827,0.0,,,1180.827,0.0,1180.827,0.0,0.0,1180.827,1180.827,,1178.453,1.0,1.0,1.0,1236.491,0.96,0.96,0.96,
06/30/2007,5638.762,,,-3736.871,,1901.891,,-313.743,139.064,19.998,,,174.679,1588.148,31.214,-31.214,66.27,-97.484,0.0,,0.0,1619.362,-360.883,,,,1258.479,0.0,,,1258.479,0.0,1258.479,0.0,0.0,1258.479,1258.479,,1184.243,1.06,1.06,1.06,1240.911,1.02,1.02,1.02,
09/30/2007,5925.662,,,-3905.095,,2020.567,,-349.358,159.164,21.904,,,190.194,1671.209,38.956,-38.956,68.622,-107.578,0.0,,0.0,1710.165,-356.168,,,,1353.997,0.0,,,1353.997,0.0,1353.997,0.0,0.0,1353.997,1353.997,,1194.175,1.13,1.13,1.13,1243.808,1.09,1.09,1.09,
12/31/2007,6247.713,,,-4217.436,,2030.277,0.0,-361.152,164.632,22.96,,,196.52,1669.125,214.101,-119.291,71.519,-190.81,0.0,,-94.81,1883.226,-357.203,,,,1526.023,0.0,,,1526.023,0.0,1526.023,0.0,0.0,1526.023,1526.023,,1194.905,1.12,1.12,1.11,1239.999,1.12,1.12,1.11,
03/31/2008,6289.873,,,-4358.295,,1931.578,,-352.331,161.3,22.968,,,191.031,1579.247,36.189,-36.189,66.041,-102.23,0.0,,0.0,1615.436,-308.587,,,,1306.849,-37.85,,,1344.699,-6.395,1338.304,0.0,0.0,1338.304,1338.304,,1195.995,1.12,1.09,1.09,1233.244,1.09,1.06,1.06,
06/30/2008,6746.148,,,-4608.879,,2137.269,,-369.375,172.001,25.871,,,197.374,1767.894,35.643,-35.643,61.354,-96.997,0.0,,0.0,1803.537,-377.731,,,,1425.806,0.0,,,1425.806,-5.811,1419.995,0.0,0.0,1419.995,1419.995,,1195.162,1.19,1.19,1.19,1230.229,1.16,1.16,1.16,
09/30/2008,7259.0,,,-4967.0,,2292.0,0.0,-381.0,173.0,23.0,,,208.0,1911.0,46.0,-46.0,61.0,-107.0,,,0.0,1957.0,-418.0,,,,1539.0,0.0,,,1539.0,-13.0,1526.0,0.0,0.0,1526.0,1526.0,,1199.0,1.27,1.27,1.27,1225.0,1.25,1.25,1.25,
12/31/2008,6868.043,,,-5033.473,,1834.57,0.0,-395.887,173.669,23.636,,,222.218,1438.683,37.179,-37.179,58.709,-95.888,0.0,,0.0,1475.862,-325.664,,,,1150.198,0.0,,,1150.198,-0.058,1150.14,0.0,0.0,1150.14,1150.14,,1194.97,0.95,0.95,1.03,1210.459,0.95,0.95,1.03,
03/31/2009,6000.0,6000.0,,-4510.0,4510.0,1490.0,0.0,-320.0,130.0,,130.0,190.0,0.0,1170.0,22.0,37.0,55.0,-18.0,,-59.0,0.0,1192.0,-252.0,174.0,78.0,,940.0,0.0,0.0,0.0,940.0,-2.0,938.0,0.0,0.0,938.0,938.0,0.0,1196.0,0.78,0.78,0.78,1210.0,0.78,0.78,0.78,
06/30/2009,5528.0,5528.0,,-4432.0,4432.0,1096.0,0.0,-328.0,131.0,,131.0,197.0,0.0,768.0,-1.0,44.0,61.0,-17.0,,-43.0,0.0,767.0,-152.0,148.0,4.0,,615.0,0.0,0.0,0.0,615.0,-2.0,613.0,0.0,0.0,613.0,820.0,207.0,1197.0,0.51,0.51,0.685046,1214.0,0.51,0.51,0.680511,
09/30/2009,5430.0,5430.0,,-4144.0,4144.0,1286.0,0.0,-326.0,128.0,,128.0,198.0,0.0,960.0,20.0,39.0,54.0,-15.0,,-59.0,0.0,980.0,-191.0,14.0,177.0,,789.0,0.0,0.0,0.0,789.0,-2.0,787.0,0.0,0.0,787.0,787.0,0.0,1200.0,0.66,0.66,0.66,1218.0,0.65,0.65,0.65,
12/31/2009,5744.0,5744.0,,-4399.0,4399.0,1345.0,0.0,-362.0,145.0,,145.0,217.0,0.0,983.0,11.0,41.0,51.0,-10.0,,-49.0,-3.0,994.0,-175.0,60.0,115.0,,819.0,22.0,22.0,0.0,797.0,-2.0,795.0,0.0,0.0,795.0,817.0,0.0,1199.0,0.66,0.681401,0.681401,1218.0,0.65,0.67,0.67,
03/31/2010,5598.0,5598.0,0.0,-4415.0,4415.0,1183.0,0.0,-314.0,72.0,,72.0,207.0,35.0,869.0,19.0,28.0,45.0,-17.0,,-47.0,0.0,888.0,-214.0,181.0,33.0,,674.0,0.0,0.0,0.0,674.0,-2.0,672.0,0.0,0.0,672.0,747.0,75.0,1195.0,0.56,0.56,0.625105,1215.0,0.56,0.56,0.621728,
06/30/2010,5937.0,5937.0,0.0,-4652.0,4652.0,1285.0,0.0,-290.0,74.0,,74.0,216.0,0.0,995.0,-2.0,38.0,53.0,-15.0,,-36.0,0.0,993.0,-177.0,179.0,-2.0,,816.0,0.0,0.0,0.0,816.0,2.0,818.0,0.0,0.0,818.0,818.0,0.0,1192.0,0.69,0.69,0.69,1208.0,0.68,0.68,0.68,
09/30/2010,6845.0,6646.0,199.0,-5471.0,5471.0,1374.0,0.0,-711.0,75.0,,75.0,240.0,396.0,663.0,1277.0,35.0,47.0,-12.0,,-46.0,-1266.0,1940.0,-209.0,94.0,115.0,,1731.0,0.0,0.0,0.0,1731.0,3.0,1734.0,0.0,0.0,1734.0,875.0,-859.0,1249.0,1.39,1.39,0.70056,1258.0,1.38,1.38,0.69717,
12/31/2010,9067.0,8492.0,575.0,-7305.0,7305.0,1762.0,0.0,-411.0,90.0,,90.0,256.0,65.0,1351.0,-16.0,55.0,61.0,-6.0,,-35.0,-4.0,1335.0,-290.0,545.0,-255.0,,1045.0,0.0,0.0,0.0,1045.0,-2.0,1043.0,0.0,0.0,1043.0,1164.0,121.0,1363.0,0.76,0.76,0.853999,1376.0,0.76,0.76,0.847936,
03/31/2011,8716.0,8122.0,594.0,-7055.0,7055.0,1661.0,0.0,-381.0,93.0,,93.0,254.0,34.0,1280.0,-42.0,63.0,73.0,-10.0,,-21.0,0.0,1238.0,-295.0,235.0,60.0,,943.0,0.0,0.0,0.0,943.0,1.0,944.0,0.0,0.0,944.0,972.0,28.0,1360.0,0.69,0.69,0.714706,1375.0,0.69,0.69,0.710364,
06/30/2011,8990.0,8990.0,,-7023.0,7023.0,1967.0,0.0,-452.0,139.0,,139.0,281.0,32.0,1515.0,-40.0,59.0,69.0,-10.0,,-19.0,0.0,1475.0,-366.0,452.0,-86.0,,1109.0,-233.0,-233.0,0.0,1342.0,-3.0,1339.0,0.0,0.0,1339.0,1170.0,64.0,1352.0,0.99,0.82,0.865385,1366.0,0.98,0.81,0.856852,
09/30/2011,9546.0,9546.0,,-7444.0,7444.0,2102.0,0.0,-379.0,87.0,,87.0,266.0,26.0,1723.0,-36.0,60.0,70.0,-10.0,,-24.0,0.0,1687.0,-398.0,330.0,68.0,,1289.0,-16.0,-16.0,0.0,1305.0,-4.0,1301.0,0.0,0.0,1301.0,1308.0,23.0,1345.0,0.97,0.96,0.972491,1357.0,0.96,0.95,0.966949,
12/31/2011,10301.0,10301.0,,-7997.0,7997.0,2304.0,0.0,-393.0,98.0,,98.0,273.0,22.0,1911.0,-51.0,75.0,86.0,-11.0,,-24.0,0.0,1860.0,-457.0,529.0,-72.0,,1403.0,-16.0,-16.0,0.0,1419.0,-5.0,1414.0,0.0,0.0,1414.0,1478.0,80.0,1338.0,1.06,1.044843,1.104634,1347.0,1.05,1.04,1.099391,
03/31/2012,9918.0,9918.0,,-7811.0,7811.0,2107.0,0.0,-387.0,97.0,,97.0,275.0,15.0,1720.0,-33.0,70.0,80.0,-10.0,,-37.0,0.0,1687.0,-400.0,416.0,-16.0,,1287.0,-19.0,-19.0,0.0,1306.0,-5.0,1301.0,0.0,0.0,1301.0,1295.0,13.0,1334.0,0.98,0.96,0.970765,1344.0,0.97,0.95,0.959673,
06/30/2012,10341.0,10341.0,,-8119.0,8119.0,2222.0,0.0,-410.0,101.0,,101.0,287.0,22.0,1812.0,-33.0,71.0,78.0,-7.0,,-38.0,0.0,1779.0,-439.0,452.0,-13.0,,1340.0,-75.0,-75.0,0.0,1415.0,-12.0,1403.0,0.0,0.0,1403.0,1349.0,21.0,1331.0,1.05,1.0,1.013524,1339.0,1.05,0.99,1.005683,
09/30/2012,10498.0,10498.0,,-8237.0,8237.0,2261.0,0.0,-418.0,95.0,,95.0,291.0,32.0,1843.0,-45.0,81.0,89.0,-8.0,,-36.0,0.0,1798.0,-436.0,494.0,-58.0,,1362.0,-65.0,-65.0,0.0,1427.0,-3.0,1424.0,0.0,0.0,1424.0,1387.0,28.0,1328.0,1.07,1.02,1.044428,1336.0,1.07,1.02,1.040958,
12/31/2012,11083.0,11083.0,,-8762.0,8762.0,2321.0,0.0,-508.0,111.0,,111.0,304.0,93.0,1813.0,-58.0,83.0,93.0,-10.0,,-30.0,5.0,1755.0,-432.0,414.0,18.0,,1323.0,-48.0,-48.0,0.0,1371.0,-9.0,1362.0,0.0,0.0,1362.0,1391.0,77.0,1328.0,1.025602,0.989458,1.04744,1336.0,1.019461,0.983533,1.041168,
03/31/2013,10570.0,10570.0,,-8409.0,8409.0,2161.0,0.0,-479.0,95.0,,95.0,292.0,92.0,1682.0,-65.0,92.0,98.0,-6.0,,-27.0,0.0,1617.0,-406.0,379.0,27.0,,1211.0,-56.0,-56.0,0.0,1267.0,-8.0,1259.0,0.0,0.0,1259.0,1295.0,92.0,1330.0,0.95,0.9,0.973684,1340.0,0.94,0.9,0.968657,
06/30/2013,11182.0,11182.0,,-8712.0,8712.0,2470.0,0.0,271.0,100.0,,100.0,293.0,-664.0,2741.0,-68.0,92.0,98.0,-6.0,,-24.0,0.0,2673.0,-449.0,521.0,-72.0,,2224.0,124.0,124.0,0.0,2100.0,-5.0,2095.0,0.0,0.0,2095.0,1536.0,-683.0,1327.0,1.58,1.67,1.157498,1336.0,1.57,1.66,1.148772,
09/30/2013,11608.0,11608.0,,-8926.0,8926.0,2682.0,0.0,-396.0,110.0,,110.0,286.0,0.0,2286.0,-55.0,89.0,98.0,-9.0,,-34.0,0.0,2231.0,-506.0,445.0,61.0,,1725.0,0.0,0.0,0.0,1725.0,-10.0,1715.0,0.0,0.0,1715.0,1715.0,0.0,1322.0,1.3,1.3,1.3,1333.0,1.29,1.29,1.29,
12/31/2013,11906.0,11906.0,,-9283.0,9283.0,2623.0,0.0,-415.0,111.0,,111.0,304.0,0.0,2208.0,-38.0,86.0,97.0,-11.0,,-48.0,0.0,2170.0,-487.0,608.0,-121.0,,1683.0,0.0,0.0,0.0,1683.0,-19.0,1664.0,0.0,0.0,1664.0,1786.0,122.0,1312.0,1.268293,1.268293,1.36128,1326.0,1.254902,1.254902,1.346908,
03/31/2014,11239.0,11239.0,,-8745.0,8745.0,2494.0,0.0,-390.0,106.0,,106.0,284.0,0.0,2104.0,-27.0,91.0,103.0,-12.0,,-64.0,0.0,2077.0,-469.0,490.0,-21.0,,1608.0,0.0,0.0,0.0,1608.0,-16.0,1592.0,0.0,0.0,1592.0,1592.0,0.0,1306.0,1.22,1.22,1.22,1318.0,1.21,1.21,1.21,
06/30/2014,12054.0,12054.0,,-9269.0,9269.0,2785.0,0.0,-432.0,123.0,,123.0,309.0,0.0,2353.0,-26.0,77.0,90.0,-13.0,,-51.0,0.0,2327.0,-506.0,498.0,8.0,,1821.0,205.0,205.0,0.0,1616.0,-21.0,1595.0,0.0,0.0,1595.0,1800.0,0.0,1300.0,1.23,1.38,1.38,1315.0,1.21,1.37,1.37,
09/30/2014,12646.0,12646.0,,-9689.0,9689.0,2957.0,0.0,-426.0,125.0,,125.0,301.0,0.0,2531.0,-11.0,77.0,90.0,-13.0,,-66.0,0.0,2520.0,-556.0,563.0,-7.0,,1964.0,0.0,0.0,0.0,1964.0,-15.0,1949.0,0.0,0.0,1949.0,1949.0,0.0,1294.0,1.51,1.51,1.51,1310.0,1.49,1.49,1.49,
12/31/2014,12641.0,12641.0,,-9691.0,9691.0,2950.0,0.0,-2219.0,122.0,,122.0,324.0,1773.0,731.0,-16.0,74.0,87.0,-13.0,,-123.0,65.0,715.0,-398.0,599.0,-201.0,,317.0,0.0,0.0,0.0,317.0,-15.0,302.0,0.0,0.0,302.0,1941.0,1639.0,1282.0,0.24,0.24,1.514041,1293.0,0.23,0.23,1.497595,
03/31/2015,10248.0,10248.0,,-8096.0,8096.0,2152.0,0.0,-825.0,119.0,,119.0,267.0,439.0,1327.0,-33.0,68.0,82.0,-14.0,,-35.0,0.0,1294.0,-306.0,328.0,-22.0,,988.0,0.0,0.0,0.0,988.0,-13.0,975.0,0.0,0.0,975.0,1358.0,383.0,1276.0,0.76,0.76,1.064263,1285.0,0.76,0.76,1.058054,
06/30/2015,9010.0,9010.0,,-7136.0,7136.0,1874.0,0.0,-399.0,120.0,,120.0,279.0,0.0,1475.0,-39.0,74.0,86.0,-12.0,,35.0,-70.0,1436.0,-302.0,352.0,-50.0,,1134.0,0.0,0.0,0.0,1134.0,-10.0,1124.0,0.0,0.0,1124.0,1124.0,0.0,1269.0,0.89,0.89,0.89,1280.0,0.88,0.88,0.88,
09/30/2015,8472.0,8472.0,,-6798.0,6798.0,1674.0,0.0,-395.0,122.0,,122.0,273.0,0.0,1279.0,-26.0,73.0,86.0,-13.0,,-47.0,0.0,1253.0,-250.0,,,,1003.0,0.0,0.0,0.0,1003.0,-14.0,989.0,0.0,0.0,989.0,989.0,0.0,1265.0,0.78,0.78,0.78,1272.0,0.78,0.78,0.78,
12/31/2015,7744.0,7744.0,,-6292.0,6292.0,1452.0,0.0,-2544.0,132.0,,132.0,276.0,2136.0,-1092.0,-10.0,77.0,91.0,-14.0,,-66.0,-1.0,-1102.0,113.0,,,,-989.0,0.0,0.0,0.0,-989.0,-27.0,-1016.0,0.0,0.0,-1016.0,819.0,1835.0,1259.0,-0.81,-0.81,0.650516,1259.0,-0.81,-0.81,0.647506,
03/31/2016,6520.0,6520.0,,-5460.0,5460.0,1060.0,0.0,-350.0,110.0,,110.0,240.0,0.0,710.0,-88.0,113.0,133.0,-20.0,,-25.0,0.0,622.0,-99.0,258.0,-158.0,-1.0,523.0,0.0,0.0,0.0,523.0,-22.0,501.0,0.0,0.0,501.0,501.0,0.0,1254.0,0.4,0.4,0.4,1259.0,0.4,0.4,0.4,
06/30/2016,7164.0,7164.0,,-6465.0,6465.0,699.0,0.0,-3118.0,103.0,,103.0,257.0,2758.0,-2419.0,-95.0,119.0,149.0,-30.0,,-24.0,0.0,-2514.0,368.0,,,,-2146.0,0.0,0.0,0.0,-2146.0,-14.0,-2160.0,0.0,0.0,-2160.0,316.0,2476.0,1389.0,-1.56,-1.56,0.227502,1389.0,-1.56,-1.56,0.222577,
09/30/2016,7019.0,7019.0,,-6291.0,6291.0,728.0,0.0,-433.0,92.0,,92.0,253.0,88.0,295.0,-95.0,118.0,149.0,-31.0,,-23.0,0.0,200.0,-10.0,,,,190.0,0.0,0.0,0.0,190.0,-14.0,176.0,0.0,0.0,176.0,353.0,177.0,1392.0,0.13,0.13,0.253592,1401.0,0.13,0.13,0.253592,
12/31/2016,7107.0,7107.0,,-6193.0,6193.0,914.0,0.0,-1035.0,99.0,,99.0,261.0,675.0,-121.0,-92.0,110.0,139.0,-29.0,,-18.0,0.0,-213.0,19.0,,,,-194.0,0.0,0.0,0.0,-194.0,-10.0,-204.0,0.0,0.0,-204.0,379.0,583.0,1391.0,-0.15,-0.15,0.272466,1391.0,-0.15,-0.15,0.269123,
03/31/2017,6894.0,6894.0,,-6076.0,6076.0,818.0,0.0,-391.0,98.0,,98.0,211.0,82.0,427.0,-93.0,110.0,139.0,-29.0,,-17.0,0.0,334.0,-50.0,,,,284.0,0.0,0.0,0.0,284.0,-5.0,279.0,0.0,0.0,279.0,347.0,68.0,1393.0,0.2,0.2,0.249103,1402.0,0.2,0.2,0.248502,
06/30/2017,7462.0,7462.0,,-6468.0,6468.0,994.0,0.0,-897.0,110.0,,110.0,196.0,591.0,97.0,-80.0,108.0,142.0,-34.0,,-28.0,0.0,17.0,-98.0,,,,-81.0,0.0,0.0,0.0,-81.0,7.0,-74.0,0.0,0.0,-74.0,488.0,562.0,1387.0,-0.05,-0.05,0.351839,1387.0,-0.05,-0.05,0.351839,
09/30/2017,7905.0,7905.0,,-6797.0,6797.0,1108.0,0.0,-353.0,115.0,,115.0,189.0,49.0,755.0,-78.0,108.0,142.0,-34.0,,-30.0,0.0,677.0,-121.0,,,,556.0,0.0,0.0,0.0,556.0,-11.0,545.0,0.0,0.0,545.0,581.0,36.0,1385.0,0.39,0.39,0.419495,1392.0,0.39,0.39,0.415862,
12/31/2017,8179.0,8179.0,,-7200.0,7200.0,979.0,0.0,-3097.0,109.0,,109.0,192.0,2796.0,-2118.0,-92.0,113.0,144.0,-31.0,,-21.0,0.0,-2210.0,-61.0,,,,-2271.0,0.0,0.0,0.0,-2271.0,17.0,-2254.0,0.0,0.0,-2254.0,669.0,2923.0,1388.0,-1.623919,-1.623919,0.481988,1388.0,-1.623919,-1.623919,0.481988,
03/31/2018,7829.0,7829.0,,-6802.0,6802.0,1027.0,0.0,-283.0,111.0,,111.0,172.0,0.0,744.0,-101.0,115.0,143.0,-28.0,,-14.0,0.0,643.0,-113.0,,,,530.0,0.0,0.0,0.0,530.0,-5.0,525.0,0.0,0.0,525.0,525.0,0.0,1385.0,0.38,0.38,0.38,1394.0,0.38,0.38,0.38,
06/30/2018,8303.0,8303.0,,-7179.0,7179.0,1124.0,0.0,-473.0,114.0,,114.0,175.0,184.0,651.0,-104.0,132.0,144.0,-12.0,,-28.0,0.0,547.0,-106.0,,,,441.0,0.0,0.0,0.0,441.0,-11.0,430.0,0.0,0.0,430.0,594.0,164.0,1384.0,0.31,0.31,0.429191,1392.0,0.31,0.31,0.427816,
09/30/2018,8504.0,8504.0,,-7324.0,7324.0,1180.0,0.0,-282.0,105.0,,105.0,177.0,0.0,898.0,-111.0,137.0,147.0,-10.0,,-26.0,0.0,787.0,-129.0,,,,658.0,0.0,0.0,0.0,658.0,-14.0,644.0,0.0,0.0,644.0,644.0,0.0,1385.0,0.46,0.46,0.46,1392.0,0.46,0.46,0.46,
12/31/2018,8180.0,8180.0,,-7172.0,7172.0,1008.0,0.0,-249.0,114.0,,114.0,178.0,-43.0,759.0,-111.0,132.0,142.0,-10.0,,-21.0,0.0,648.0,-100.0,,,,548.0,0.0,0.0,0.0,548.0,-10.0,538.0,0.0,0.0,538.0,498.0,-40.0,1384.0,0.39,0.39,0.359827,1392.0,0.39,0.39,0.359827,
03/31/2019,7879.0,7879.0,,-6952.0,6952.0,927.0,0.0,-285.0,112.0,,112.0,173.0,0.0,642.0,-133.0,136.0,147.0,-11.0,,-3.0,0.0,509.0,-79.0,,,,430.0,0.0,0.0,0.0,430.0,-9.0,421.0,0.0,0.0,421.0,421.0,0.0,1385.0,0.3,0.3,0.3,1397.0,0.3,0.3,0.3,
06/30/2019,8269.0,8269.0,,-7252.0,7252.0,1017.0,0.0,-293.0,114.0,,114.0,179.0,0.0,724.0,-131.0,145.0,156.0,-11.0,,-14.0,0.0,593.0,-99.0,,,,494.0,0.0,0.0,0.0,494.0,-2.0,492.0,0.0,0.0,492.0,492.0,0.0,1384.0,0.36,0.36,0.36,1395.0,0.35,0.35,0.35,
09/30/2019,8541.0,8541.0,,-7385.0,7385.0,1156.0,0.0,-12988.0,120.0,,120.0,176.0,12692.0,-11832.0,-139.0,152.0,160.0,-8.0,,-13.0,0.0,-11971.0,598.0,,,,-11373.0,0.0,0.0,0.0,-11373.0,-10.0,-11383.0,0.0,0.0,-11383.0,596.0,11979.0,1385.0,-8.22,-8.22,0.430325,1385.0,-8.22,-8.22,0.429097,
12/31/2019,8228.0,8228.0,,-7127.0,7127.0,1101.0,0.0,-528.0,129.0,,129.0,190.0,209.0,573.0,-121.0,136.0,146.0,-10.0,,-15.0,0.0,452.0,-109.0,,,,343.0,0.0,0.0,0.0,343.0,-10.0,333.0,0.0,0.0,333.0,545.0,212.0,1384.0,0.24,0.24,0.393786,1396.0,0.24,0.24,0.391862,
03/31/2020,7455.0,7455.0,,-6624.0,6624.0,831.0,0.0,-8823.0,127.0,,127.0,173.0,8523.0,-7992.0,-97.0,121.0,136.0,-15.0,,-24.0,0.0,-8089.0,721.0,,,,-7368.0,0.0,0.0,0.0,-7368.0,-8.0,-7376.0,0.0,0.0,-7376.0,351.0,7727.0,1387.0,-5.32,-5.32,0.253064,1387.0,-5.32,-5.32,0.251017,
06/30/2020,5356.0,5356.0,,-4925.0,4925.0,431.0,0.0,-3947.0,81.0,,81.0,142.0,3724.0,-3516.0,-111.0,137.0,144.0,-7.0,,-26.0,0.0,-3627.0,199.0,,,,-3428.0,0.0,0.0,0.0,-3428.0,-6.0,-3434.0,0.0,0.0,-3434.0,-485.0,2949.0,1388.0,-2.47,-2.47,-0.349424,1388.0,-2.47,-2.47,-0.349424,
09/30/2020,5388.88,,,,,1189.4335936,,,,,,,,394.421,,,,,,,,226.842,,,,,161.667,,,,,,161.667,,,161.667,161.667,,,0.125,0.125,0.125,,0.125,0.125,0.125,
12/31/2020,5329.64,,,,,1214.0386956,,,,,,,,408.526,,,,,,,,239.632,,,,,173.625,,,,,,173.625,,,173.625,173.625,,,0.134,0.134,0.134,,0.134,0.134,0.134,
