Date,Revenue,Rental Income,Base Rent,Recoveries from Tenants,Percentage Rent,Other Rental Income,Real Estate Sales,Com & Fee Earn/Inc from REO,Mortgage Income,Other Operating Income,Operating Expenses,Property Operating Expenses,Real Estate Tax,Other Property Expense,General & Administrative,Depreciation & Amortization,Provision for Loan Losses,Cost of Real Estate Sold,Other Operating Expenses,Operating Income (Loss),Non-Operating (Income) Loss,Interest Expense,(Income) Loss from Affiliates,Other Non-Op (Income) Loss,Pretax Income,Income Tax Expense (Benefit),Current Income Tax,Deferred Income Tax,Income (Loss) from Cont Ops,Net Extraordinary Losses (Gains),Discontinued Operations,XO & Accounting Changes,Income (Loss) Incl. MI,Minority Interest,"Net Income, GAAP",Preferred Dividends,Other Adjustments,"Net Income Avail to Common, GAAP","Net Income Avail to Common, Adj",Net Abnormal Losses (Gains),Basic Weighted Avg Shares,"Basic EPS, GAAP",Basic EPS from Cont Ops,"Basic EPS from Cont Ops, Adjusted",Diluted Weighted Avg Shares,"Diluted EPS, GAAP",Diluted EPS from Cont Ops,"Diluted EPS from Cont Ops, Adjusted",FFO Reconciliation,D&A of Con Real Estate,D&A of Uncon Real Estate,D&A of Non-Real Estate Assets,D&A from Disc Ops,Income from Uncon JVs,Disposal of Uncon Assets,Disposal of Assets from Disc Ops,Other FFO Adjustments,Funds from Operations,Other Abnormal Gains/(Losses),Adjusted Funds from Operations,Straight-Line Rent,Stock-Based Compensation,Amortization of Financing Costs,Recurring Capital Expenditure,Accounting Adjustments,Tenant Improv & Leasing Com,Funds Available For Distribution,AFFO Per Diluted Share,FAD Per Diluted Share,Dividend Per Share,AFFO Payout Ratio,FAD Payout Ratio,FFO Payout Ratio,Source: Bloomberg
03/31/1997,12.525,12.51,,,,,,0.0,0.0,0.015,-7.202,5.436,,,0.257,1.509,0.0,,0.0,5.323,-1.555,1.479,0.076,0.0,3.768,0.0,,,,0.0,,,3.768,,3.327,0.0,,3.327,3.327,,8.531,0.39,0.39,0.39,8.531,0.39,0.39,0.39,,,,,,,,,,4.798,,4.798,,,,,,,4.798,0.562419,0.562419,0.0,0.0,0.0,0.0,
06/30/1997,16.393999,14.507,,,,,,0.0,0.0,1.887,-9.566,6.274,,,1.171,2.121,0.0,,0.0,6.828,-1.431,1.507,-0.076,0.0,5.397,0.0,,,,0.0,,,5.397,,4.17,0.0,,4.17,4.17,,10.71,0.31,0.31,0.31,10.71,0.31,0.31,0.31,,,,,,,,,,6.246,,6.246,,,,,,,6.246,0.583193,0.583193,0.0,0.0,0.0,0.0,
09/30/1997,7.149,6.942,,,,,,0.0,0.0,0.207,-3.973,2.69,,,0.437,0.846,0.0,,0.0,3.176,-0.723,0.593,0.13,0.0,2.453,0.0,,,,1.874,,,0.579,,0.182,0.0,,0.182,0.182,,12.292,0.015,0.16,0.16,14.8,0.015,0.16,0.16,,,,,,,,,,2.859,,2.859,,,,,,,2.859,0.193176,0.193176,0.0,0.0,0.0,0.0,
12/31/1997,16.058001,15.78,,,,,0.0,0.0,0.0,0.278,-10.365,7.885,,,0.511,1.969,0.0,,0.0,5.693,-1.513,1.542,-0.029,0.0,4.18,0.0,,,,0.0,,,4.18,,3.503,0.0,,3.503,3.503,,12.292,0.28,0.28,0.28,14.795,0.28,0.28,0.28,,,,,,,,,,5.422,,5.422,,,,,,,5.422,0.366475,0.366475,0.51,139.163593,139.163593,115.621544,
03/31/1998,22.197,21.556,,,,,,,,0.641,-13.866,10.135,,,1.038,2.693,,,,8.331,-3.452,3.494,-0.042,,4.879,,,,,,,,,,4.089,,,4.089,4.089,,12.292,0.33,0.33,0.33,12.404,0.33,0.33,0.33,,,,,,,,,,7.331,,7.331,,,,,,,7.331,0.591019,0.591019,,,,0.0,
06/30/1998,33.663,32.735,,,,,,,,0.928,-22.561,17.266,,,1.344,3.951,,,,11.102,-3.968,3.877,0.091,,7.134,,,,,0.522,,,,,5.85,-1.12,,4.659,4.659,,18.358,0.25,0.28,0.28,18.42,0.25,0.28,0.28,,,,,,,,,,9.581,,9.581,,,,,,,9.581,0.520141,0.520141,0.35,67.289427,67.289427,67.062937,
09/30/1998,39.75,38.881001,,,,,,,,0.869,-26.251,20.611,,,1.571,4.069,,,,13.499,-2.441,2.419,0.022,,11.058,,,,,,,,,,10.256,-2.3,,7.823,7.823,,23.922001,0.33,0.33,0.33,23.927999,0.33,0.33,0.33,,,,,,,,,,-4.271,,-4.271,,,,,,,-4.271,-0.178494,-0.178494,0.35,,,,
12/31/1998,38.942,37.635,,,,,,,,1.307,-24.917,18.419,,,1.807,4.691,,,,12.784,-2.838,3.296,-0.458,0.0,9.946,,,,,0.0,,,,,9.256,-2.346,,6.91,6.91,,24.128,0.307154,0.307154,0.307154,33.828,0.219079,0.219079,0.219079,,,,,,,,,,12.614,,12.614,,,,,,,12.614,0.372886,0.372886,0.7,187.72475,187.72475,116.212145,
03/31/1999,46.662,45.359,,,,,,,,1.303,-24.155,21.51,,,2.645,5.438,,,,17.069,-5.027,5.238,-0.211,,12.042,,,,,,,,,,10.613,-2.3,,8.214,8.214,,24.192,0.34,0.34,0.34,26.664,0.34,0.34,0.34,,,,,,,,,,16.339,,16.339,,,,,,,16.339,0.612774,0.612774,0.35,57.117327,57.117327,51.814677,
06/30/1999,50.809,48.995,,,,,,,,1.814,-31.147,21.786,,,2.771,6.59,,,,19.662,-6.594,6.711,-0.117,,13.068,,,,,0.628,,,,,10.776,-2.3,,8.377,8.377,,24.192,0.35,0.37,0.37,24.26,0.35,0.37,0.37,,,,,,,,,,18.125,,18.125,,,,,,,18.125,0.747115,0.747115,0.35,46.846897,46.846897,93.37931,
09/30/1999,54.652,52.495,,,,,,,,2.157,-27.936,24.957,,,2.979,7.677,,,,19.039,-7.398,7.772,-0.374,0.0,11.641,,,,,,,,,,10.472,-2.3,,8.073,8.073,,24.2,0.33,0.33,0.33,24.278,0.33,0.33,0.33,,,,,,,,,,18.218,,18.218,,,,,,,18.218,0.750391,0.750391,0.35,46.642332,46.642332,46.49248,
12/31/1999,53.077,50.834999,,,,,0.0,0.0,0.0,2.242,-32.377999,22.296,,,2.527,7.555,0.0,,0.0,20.699,-8.484,8.889,-0.405,0.0,12.215,0.0,,,,0.361,,,11.854,,10.995,-2.401,,8.594,8.594,,26.612,0.35,0.36,0.36,26.612,0.35,0.36,0.36,,,,,,,,,,19.163,,19.163,,,,,,,19.163,0.720089,0.720089,0.363,50.410457,50.410457,45.859208,
03/31/2000,54.759,53.422,,,,,,,,1.337,-34.312,23.708,,,2.788,7.816,,,,20.447,5.744,9.492,-1.011,-14.225,26.191,,,,,,,,,,24.04,-2.3,,21.633,21.633,,24.22,0.89,0.3,0.3,26.832,0.89,0.3,0.3,,,,,,,,,,19.468,,19.468,,,,,,,19.468,0.725552,0.725552,0.3625,49.961989,49.961989,45.098367,
06/30/2000,56.494,52.374,,,,,,,,4.12,-35.248,23.655,,,3.19,8.403,,,,21.246,-4.105,10.053,-1.151,-4.797,17.141,,,,,0.43,,,,,15.395,-2.3,,12.988,12.988,,24.309,0.53,0.35,0.35,27.045,0.53,0.37,0.37,,,,,,,,,,20.624,,20.624,,,,,,,20.624,0.762581,0.762581,0.3625,47.535941,47.535941,42.726981,
09/30/2000,60.874,55.736,,,,,,,,5.138,-36.563,25.723,,,2.54,8.3,,,,24.311,-4.417,10.698,-0.657,-5.624,19.894,,,,,,,,,,18.398,-2.3,,15.991,15.991,,24.458,0.65,0.42,0.42,27.3,0.64,0.43,0.43,,,,,,,,,,62.463,,62.463,,,,,,,62.463,2.288022,2.288022,0.3625,15.843379,15.843379,42.517971,
12/31/2000,58.195999,54.384998,,,,,0.0,0.0,0.0,3.811,-34.103001,23.068001,,,3.043,7.992,0.0,,0.0,24.093,7.249,10.188,-6.692,-10.745,31.342,0.0,,,,0.491,,,30.851,,28.384001,-2.512,,25.872001,25.872001,,24.504999,1.07,1.09,1.09,24.992001,0.87,0.88,0.88,,,,,,,,,,22.353001,,22.353001,,,,,,,22.353001,0.894406,0.894406,0.3625,40.529683,40.529683,39.739908,
03/31/2001,66.994,63.41,,,,,,,,3.584,-40.432,27.165,,,3.547,9.72,,,,26.562,-11.139,13.897,-1.244,-1.514,15.423,,,,,0.63,,,,,13.712,-2.3,,11.298,11.298,,24.639,0.46,0.48,0.48,27.403,0.45,0.47,0.47,,,,,,,,,,23.47,,23.47,,,,,,,23.47,0.856476,0.856476,0.3875,45.243556,45.243556,40.775458,
06/30/2001,66.476,60.88,,,,,,,,5.596,-38.055,25.198,,,3.668,9.189,,,,28.421,-9.071,13.171,-1.098,-3.002,19.35,,,,,,,,,,17.945,-2.3,,15.53,15.53,,24.706,0.63,0.51,0.51,32.183,0.6,0.51,0.51,,,,,,,,,,25.738,,25.738,,,,,,,25.738,0.799739,0.799739,0.3875,48.453308,48.453308,74.625068,
09/30/2001,59.795,55.387,,,,,,,,4.408,-37.902,24.994,,,4.116,8.792,,,,21.893,-6.382,9.724,-2.695,-0.647,15.511,,,,,-0.786,,,,,15.347,-2.3,,12.933,12.933,,28.511,0.45,0.4,0.4,31.373,0.44,0.39,0.39,,,,,,,,,,26.254,,26.254,,,,,,,26.254,0.836834,0.836834,0.3875,46.305468,46.305468,42.081254,
12/31/2001,56.422,49.871,,,,,,,,6.551,-35.227,21.768,,,4.043,9.416,,,,21.195,-6.006,8.315,-2.516,0.207,15.189,,,,,-1.791,,,,,15.997,-2.3,,13.582,13.582,,30.116,0.53,0.5,0.5,28.273,0.57,0.54,0.54,,,,,,,,,,28.582,,28.582,,,,,,,28.582,1.010929,1.010929,0.4425,43.771613,43.771613,46.637744,
03/31/2002,59.372,52.766,,,,,,,,6.606,-36.01,23.541,,,3.202,9.267,,,,23.362,-5.169,8.418,-3.249,,18.193,,,,,-0.553,,,,,17.636,-2.3,,15.213,15.213,,29.992,0.51,0.49,0.49,32.905,0.5,0.48,0.48,,,,,,,,,,29.279,,29.279,,,,,,,29.279,0.889804,0.889804,0.44,49.449093,49.449093,45.071485,
06/30/2002,57.919,50.955,,,,,,,,6.964,-35.897,23.408,,,3.357,9.132,,,,22.022,-4.516,8.821,-4.305,,17.506,,,,,-1.625,,,,,18.098,-2.3,,15.921,15.921,,30.2,0.52,0.47,0.47,33.183,0.51,0.46,0.46,,,,,,,,,,1.381,,1.381,,,,,,,1.381,0.041618,0.041618,0.4425,1063.249638,1063.249638,967.668356,
09/30/2002,60.803,53.879,,,,,,,,6.924,-38.717,26.136,,,3.16,9.421,,,,22.086,-3.264,9.069,-5.805,,18.822,,,,,-1.715,,,,,19.436,-2.3,,17.013,17.013,,30.357,0.56,0.5,0.5,37.811,0.54,0.49,0.49,,,,,,,,,,61.835,,61.835,,,,,,,61.835,1.635371,1.635371,0.4425,27.058086,27.058086,21.723898,
12/31/2002,59.009,51.047,,,,,,,,7.962,-37.493,24.012,,,3.563,9.918,,,,21.516,-3.331,8.647,-5.316,,18.185,,,,,-2.049,,,,,19.161,-2.3,,16.74,16.74,,30.395,0.63,0.6,0.6,47.245,0.41,0.38,0.38,,,,,,,,,,32.935,,32.935,,,,,,,32.935,0.697111,0.697111,0.465,66.703886,66.703886,42.902687,
03/31/2003,66.678,60.062,,,,,,,,6.616,-43.254,29.478,,,3.186,10.59,,,,23.424,-5.572,9.651,-4.079,,17.852,,,,,-19.557,,,,,36.347,-2.3,,34.178,34.178,,30.706,1.11,0.5,0.5,38.182,1.01,0.49,0.49,,,,,,,,,,32.528,,32.528,,,,,,,32.528,0.85192,0.85192,0.465,54.582606,54.582606,43.895382,
06/30/2003,74.351,69.738,,,,,,,,4.613,-36.338,33.534,,,2.804,11.573,,,,26.44,-8.022,11.574,-3.552,0.0,18.418,,,,,-0.658,,,,,17.973,-2.3,,15.542,15.542,,31.082,0.5,0.48,0.48,38.819,0.49,0.47,0.47,,,,,,,,,,66.404,,66.404,,,,,,,66.404,1.710606,1.710606,0.465,27.183355,27.183355,21.765451,
09/30/2003,75.92,67.948,,,,,,,,7.972,-50.234,35.929,,,2.994,11.311,,,,25.686,-8.548,11.584,-3.036,,17.138,,,,,-5.39012,,,,,21.64112,-2.224,,19.41712,19.41712,,31.269,0.62,0.45,0.45,39.186,0.59,0.44,0.44,,,,,,,,,,-32.479,,-32.479,,,,,,,-32.479,-0.828842,-0.828842,0.465,,,,
12/31/2003,80.924004,67.535004,,,,,0.0,0.0,9.861,3.528,-53.567999,34.411999,,,8.048,11.108,0.0,,0.0,27.356,-5.589,12.683,-4.007,-3.087,21.767,0.0,,,,-1.832,,,23.599,,22.292,-0.625,,21.667,21.667,,35.957001,0.6,0.55,0.55,37.458,0.58,0.53,0.53,,,,,,,,,,35.242001,,35.242001,,,,,,,35.242001,0.94084,0.94084,0.465,49.423896,49.423896,50.485215,
03/31/2004,81.026,64.735,,,,,,,,16.291,-43.801,39.562,,,4.239,13.048,,,,24.177,-4.279,14.83,-10.551,0.0,19.898,,,,,,,,,,18.955,-3.0,,15.955,15.955,,37.978,0.42,0.42,0.42,42.01,0.4,0.4,0.4,,,,,,,,,,34.99,,34.99,,,,,,,34.99,0.832897,0.832897,0.5,60.031438,60.031438,55.21006,
06/30/2004,82.711,67.174,,,,,,,,15.537,-49.505,31.72,,,4.467,13.318,,,,33.206,18.268,14.578,-10.834,-22.012,51.474,,,,,,,,,,48.831,-3.446,,45.385,45.385,,38.638,1.18,1.18,1.18,42.456,1.13,1.13,1.13,,,,,,,,,,,,,,,,,,,,,,0.5,,,,
09/30/2004,85.868,72.602,,,,,,,,13.266,-56.777,43.752,,,,13.025,,,,29.091,-5.337,15.969,-10.632,,23.754,,,,,-2.428,,,,,25.15,-4.843,,20.307,20.307,,39.386,0.52,0.46,0.46,43.317,0.49,0.43,0.43,,,,,,,,,,40.663,,40.663,,,,,,,40.663,0.938731,0.938731,0.5,53.263409,53.263409,48.429776,
12/31/2004,94.113,80.23,,,,,0.0,0.0,8.418,5.465,-62.612,39.235,,,9.336,14.041,0.0,,0.0,31.501,-5.667,17.688,-12.021,0.0,25.834,0.0,,,,-91.685,,,117.519,,116.494,-4.969,,111.525,111.525,,40.661,2.75,0.495,0.495,42.227,2.64,0.47,0.47,,,,,,,,,,42.578,,42.578,,,,,,,42.578,1.008312,1.008312,0.54,53.554841,53.554841,53.912819,
03/31/2005,100.112,82.189,,,,,,,,17.923,-65.108,42.829,,,8.238,14.041,,,,35.004,-5.928,17.987,-12.059,,29.076,,,,22.91,-0.379,,,,1.576,27.879,-4.969,,22.91,22.91,,41.302,0.56,0.55,0.55,45.16,0.54,0.53,0.53,,14.041,,-0.181,,,,,6.215,44.561,,44.561,,,,,,,44.561,0.986736,0.986736,0.54,54.725881,54.725881,50.050672,
06/30/2005,102.056,83.991,,,,,,,,18.065,-67.689,42.665,,,10.594,14.43,,,,34.367,-7.052,20.386,-13.334,,27.315,,,,56.47,-35.425,,,,1.301,61.439,-4.969,,56.47,56.47,,41.79,1.35,0.5,0.5,45.505,1.31,0.49,0.49,,14.43,,0.189,,,,33.864,8.224,46.372,,46.372,,,,,,,46.372,1.019053,1.019053,0.54,52.990382,52.990382,48.66428,
09/30/2005,115.598,88.049,,,,,,,,27.549,-74.867,46.686,,,13.418,14.763,,,,40.731,2.333,22.467,-13.25,-11.55,43.064,,,,37.33,-1.415,,,,2.18,42.299,-4.969,,37.33,37.33,,41.923,0.89,0.58,0.58,45.674,0.87,0.58,0.58,,14.763,,0.207,,,11.55,,12.018,51.705,,51.705,,,,,,,51.705,1.132044,1.132044,0.54,47.701305,47.701305,43.783812,
12/31/2005,106.423,86.828,,,,,0.0,0.0,44.989,-25.394,-71.951,44.571,,,11.965,15.415,0.0,,0.0,34.472,-10.268,20.974,-10.706,0.0,24.204,0.0,,,22.641,-3.161,,,27.365,1.619,25.802,-4.968,,20.834,20.834,,44.596,0.49,0.41,0.42,45.82,0.48,0.41,0.41,,15.869,,-0.204,,,,,,46.874,,46.874,,,,,,,46.874,1.023003,1.023003,0.6,58.650851,58.650851,54.780689,
03/31/2006,116.366,93.017,,,,,0.0,0.0,0.0,23.349,-79.046,50.424,,,12.986,15.636,0.0,,0.0,37.32,-8.237,18.205,-9.968,0.0,29.083,0.0,,,23.732,-1.659,,,30.742,2.13,28.701,-4.969,2.356,23.732,23.732,,42.858,0.55,0.51,0.51,46.608,0.54,0.5,0.5,,16.784,,-0.268,,,,,7.98,50.358,,50.358,-5.414,,,-0.548,-1.726,-7.939,37.087,1.080458,0.795722,0.6,55.531991,75.403241,51.063982,
06/30/2006,123.64,94.953,,,,,0.0,0.0,0.0,28.687,-78.831,48.854,,,13.257,16.72,0.0,,0.0,44.809,-12.174,22.77,-10.596,0.0,32.635,0.0,,,29.06,-3.818,,,36.453,2.424,34.029,-4.969,2.527,29.06,29.06,,43.191,0.67,0.58,0.58,46.901,0.65,0.57,0.57,,16.72,,-0.239,,,,,9.229,57.194,,57.194,-4.897,,,-1.617,-2.376,-6.799,44.032,1.219462,0.938829,0.6,49.202014,63.90943,45.309998,
09/30/2006,129.588,104.169,,,,,0.0,0.0,0.0,25.419,-86.214,54.365,,,13.829,18.02,0.0,,0.0,43.374,-14.847,24.526,-9.679,0.0,28.527,0.0,,,118.689,-97.769,,,126.296,2.638,123.658,-4.969,2.057,118.689,118.689,,45.277,2.62,0.46,0.46,49.215,2.53,0.45,0.45,,18.02,,-0.238,,,,,-83.562,55.547,,55.547,-4.236,,,-2.366,-4.999,-5.965,40.038,1.12866,0.813532,0.6,53.160387,73.752435,48.906692,
12/31/2006,145.305,89.238,,,,,0.0,0.0,15.202,40.865,-95.644,50.959,,,25.669,19.016,0.0,,0.0,49.661,-14.482,28.47,-10.537,-3.451,35.179,0.0,,,29.363,-3.416,,,38.595,3.464,34.327,-4.968,-12.357,29.359,29.359,,46.993,0.62,0.55,0.55,48.463,0.62,0.55,0.55,,15.422,,-0.24,,,-3.451,,112.049,60.53,,60.53,-6.353,,,-7.476,4.425,-1.829,36.94,1.183151,0.722048,0.7,59.164051,96.9464,54.001156,
03/31/2007,285.918,174.331,,,,,0.0,0.0,0.0,111.587,-153.649,83.342,,,34.247,36.06,0.0,,0.0,132.269,27.2,60.892,-88.092,0.0,159.469,0.0,,,147.427,-3.581,,,163.05,10.654,152.396,-4.969,11.043,147.427,147.427,,56.649,2.6,2.54,2.61,60.93,2.53,2.47,2.55,,36.06,,-0.236,,,-78.738,,8.549,123.716,,123.716,-12.754,,,-0.693,-0.471,-3.04,117.801,2.030461,1.933383,0.7,34.474926,36.205974,32.052685,
06/30/2007,251.811,201.191,,,,,0.0,0.0,0.0,50.62,-161.945,94.504,,,24.131,43.31,0.0,,0.0,89.866,-59.778,71.837,-12.059,0.0,30.088,0.0,,,265.881,-246.414,,,276.502,5.652,270.85,-4.969,2.216,265.881,265.881,,59.513,4.47,0.33,0.33,63.275,4.38,0.32,0.32,,43.31,,-0.243,,,,-241.906,6.82,79.513,,79.513,-15.293,,,-1.929,3.274,-6.337,61.444,1.256626,0.971063,0.7,55.704728,72.085964,52.392816,
09/30/2007,245.251,208.613,,,,,0.0,0.0,,36.638,-163.967,94.497,,,22.224,47.246,0.0,,0.0,81.284,-56.515,67.817,-11.302,0.0,24.769,0.0,,,98.568,-82.761,,,107.53,4.413,103.537,-4.969,4.687,98.568,98.568,,59.432,1.66,0.31,0.31,62.411,1.64,0.3,0.3,,49.957,,-0.215,,,,,-74.903,77.82,,77.82,-15.987,,,-1.251,-6.125,-6.055,53.089,1.246896,0.850635,0.7,56.139424,82.291435,53.459779,
12/31/2007,253.011,209.155,,,,,0.0,0.0,0.0,43.856,-172.873,96.458,,,24.444,51.971,0.0,,0.0,80.138,-57.451,71.5,-14.049,0.0,22.687,0.0,,,128.659,-116.839,,,139.526,2.454,133.635,-4.969,-7.498,128.666,128.666,,59.031,2.18,0.3,0.3,61.917,2.16,0.28,0.28,,45.844,,-0.208,,,47.229,-239.844,92.773,76.905,,76.905,-11.775,,,-1.476,1.705,-5.472,52.389,1.242066,0.846117,0.7875,63.402428,93.072281,60.447191,
03/31/2008,254.702,223.8,,,,,0.0,0.0,0.0,30.902,-118.905,94.445,,,24.46,53.434,0.0,,1.25,81.113,-58.253,77.678,-19.425,0.0,22.86,0.0,,,121.094,-112.992,,,135.852,8.394,126.063,-4.969,-1.464,121.094,121.094,0.0,58.482,2.07062,0.24,0.24,61.221,2.060257,0.24,0.24,,53.434,8.175,-0.223,2.504,,,-110.232,,83.146,,83.146,-15.667,,1.632,-0.361,0.223,-6.125,61.384,1.358129,1.002662,0.7875,57.984193,78.540886,55.349626,
06/30/2008,290.722,222.582,,,,,0.0,0.0,0.0,68.14,-120.764,95.33,,,25.434,54.685,0.0,,5.0,110.273,36.161,75.142,-111.303,0.0,146.434,0.0,,,134.191,-1.566,,,148.0,8.84,139.16,-4.969,-2.342,134.191,134.191,0.0,58.329,2.3,2.26,2.3,61.014,2.29,1.53,0.73,,54.685,11.381,-0.234,1.715,,-93.481,,,117.097,,117.097,-10.605,,,-1.114,1.538,-9.763,94.811,1.919182,1.553922,0.7875,41.033096,50.678218,39.227382,
09/30/2008,268.313,228.93,,,,,0.0,0.0,0.0,39.383,-120.732,99.812,,,20.92,53.535,0.0,,9.15,84.896,-51.42,73.245,-21.825,0.0,33.476,0.0,,,28.827,-0.063,,,33.539,-0.257,33.796,-4.969,-2.716,28.827,28.827,,58.113,0.5,0.504967,0.51,60.716,0.49,0.498962,0.5,,53.535,9.323,-0.237,1.429,,-9.533,,,83.087,,83.087,-14.697,,1.599,-2.415,0.237,-9.147,55.948,1.368453,0.92147,0.7875,57.546728,85.461232,55.0796,
12/31/2008,269.025,223.7,,,,,0.0,0.0,0.0,45.325,-131.37,97.6,,,33.77,55.414,0.0,,101.732,-19.491,-132.052,72.45,137.067,-77.465,-151.543,0.0,,,76.64,-239.846,,,88.303,6.694,81.609,-4.969,11.392,76.64,76.64,0.0,57.12,1.35,-2.857248,1.35,59.46,1.34,-2.857248,1.34,,55.414,13.68,-0.281,0.783,,,-238.892,147.489,61.527,,61.527,0.072,,1.662,-5.545,0.281,-11.785,57.604,1.034763,0.968786,0.375,36.240187,38.708249,34.813984,
03/31/2009,262.437,229.258,0.0,33.629,0.0,195.629,0.0,0.0,0.0,33.179,-234.275,99.888,36.75,63.138,17.922,54.465,,0.0,62.0,28.162,8.086,61.433,-22.614,-46.905,36.248,0.0,0.0,0.0,32.768,-6.286,-6.286,0.0,42.534,4.797,37.737,-4.969,-18.663,32.768,-21.23,-47.712,57.178,0.573088,0.46315,-0.371297,59.555,0.572378,0.46315,-0.371297,,54.465,11.265,-0.204,0.333,-9.541,,-6.572,0.807,88.118,,88.118,-12.202,,1.436,-0.609,0.204,-3.359,54.925,1.479607,0.922257,0.375,25.344566,40.661129,24.332997,
06/30/2009,252.005,223.307,0.0,31.39,0.0,191.917,0.0,0.0,0.0,28.698,-215.086,96.675,36.519,60.156,17.946,54.888,,0.0,45.577,36.919,-14.637,58.219,-14.135,-29.447,22.282,0.0,0.0,0.0,12.543,0.705,0.705,0.0,21.577,4.065,17.512,-4.969,-1.616,12.543,14.637,1.389,67.363,0.19,0.196666,0.217285,69.742,0.18,0.190109,0.210025,,54.888,9.322,-0.17,,0.298,2.693,,-0.126,83.513,0.0,83.513,-9.701,,0.001476,-2.95,0.17,-4.238,65.179476,1.197456,0.93458,0.1,8.351035,10.699994,8.066169,
09/30/2009,245.769,218.515,0.0,29.061,0.0,189.454,0.0,0.0,0.0,27.254,-187.78,96.447,34.22,62.227,18.869,56.364,,0.0,16.1,57.989,-43.43,68.435,-16.585,-8.42,14.559,0.0,0.0,0.0,-2.52,9.966,9.966,0.0,4.593,2.144,2.449,-4.969,-1.725,-2.52,-0.922,-8.368,76.832,-0.03,0.096913,-0.012,79.168,-0.03,0.095884,-0.012,,56.364,9.8,-0.176,0.668,,,11.829,-0.052,78.057,0.0,78.057,-10.604,,3.069,-3.415,0.176,-5.342,60.216,0.984648,0.759593,0.1,10.155912,13.16494,9.843063,
12/31/2009,243.04,219.184,0.0,28.831,0.0,190.353,0.0,0.0,0.0,23.856,-201.0,95.243,33.179,62.064,19.255,59.67,,0.0,26.832,42.04,-38.931,56.161,-16.392,-0.838,3.109,0.0,0.0,0.0,-5.123,0.148,0.148,0.0,2.961,3.115,-0.154,-4.969,1.744,-5.123,-5.581,-0.606,77.266,-0.07,-0.068137,-0.072231,79.454,-0.07,-0.068137,-0.075764,,59.67,9.577,-0.187,0.568,,,1.741,-0.232,69.129,,69.129,-14.541,,1.966,-3.662,0.187,-7.987,46.836,0.870051,0.589473,0.1,11.493584,16.964301,11.177075,
03/31/2010,250.881,222.303,0.0,30.093,0.0,192.21,0.0,0.0,0.0,28.578,-182.56,101.579,36.972,64.607,18.398,55.525,,0.0,7.058,68.321,-44.104,59.082,-15.376,0.398,24.217,0.0,0.0,0.0,15.079,-1.917,-1.917,0.0,26.134,3.939,22.195,-7.116,-7.611,15.079,13.275,0.113,77.823,0.19,0.17,0.170579,79.76,0.19,0.17,0.170579,,55.525,8.77,-0.172,1.527,,,,0.285,84.953,1.058,86.011,-17.288,,2.295,-1.603,0.172,-7.154,54.822,1.078373,0.687337,0.1,9.273232,14.548904,9.160712,
06/30/2010,251.572,221.907,0.0,28.655,0.0,193.252,0.0,0.0,0.0,29.665,-180.462,97.621,37.194,60.427,18.379,55.373,,0.0,9.089,71.11,76.986,58.512,-136.774,1.276,148.096,0.0,0.0,0.0,137.038,-2.403,-2.403,0.0,150.499,5.916,144.583,-7.545,-2.231,137.038,135.911,1.276,78.046,1.76,1.725072,1.741422,79.791,1.75,1.719884,1.735876,,55.373,8.721,-0.358,1.532,,-126.769,,,81.453,4.695,86.148,-18.354,,1.571,-3.343,0.358,-6.26,57.889,1.079671,0.725508,0.1,9.262084,13.783448,9.581722,
09/30/2010,319.151,226.709,0.0,30.846,0.0,195.863,0.0,0.0,0.0,92.442,-180.811,101.734,35.806,65.928,18.474,56.011,,0.0,4.592,138.34,-51.47,59.023,-8.064,0.511,86.87,0.0,0.0,0.0,111.5,-37.696,-37.696,0.0,124.566,5.521,119.045,-7.545,-4.943,111.5,74.315,0.511,78.227,1.43,0.95,0.949992,79.781,1.42,0.94,0.946405,,56.011,7.116,-0.155,1.326,,-0.52,-35.485,,145.314,3.254,148.568,-17.382,,2.581,-2.057,0.155,-11.85,115.072,1.862198,1.442348,0.1,5.369999,6.933138,5.383308,
12/31/2010,262.784,229.823,0.0,28.618,0.0,201.205,0.0,0.0,0.0,32.961,-188.623,100.783,35.858,64.925,20.695,58.284,,0.0,8.861,74.161,-58.367,63.074,-6.682,1.975,15.794,0.0,0.0,0.0,7.209,-2.166,-2.166,0.0,17.96,3.206,14.754,-7.545,-1.863,7.209,5.043,0.0,78.3,0.09,0.064406,0.064406,79.937,0.09,0.062904,0.062904,,58.284,7.555,-0.189,0.941,-0.682,-1.633,,2.75,77.441,3.475,80.916,-16.665,,2.598,-10.055,0.189,-21.099,34.021,1.012247,0.425598,0.1,9.87901,23.49637,10.110923,
03/31/2011,329.221,257.295,0.0,30.275,0.0,227.02,0.0,0.0,0.0,71.926,-194.151,108.199,40.067,68.132,20.021,63.497,,0.0,2.434,135.07,-43.049,68.066,-8.206,-16.811,92.021,0.0,0.0,0.0,80.887,-1.873,-1.873,0.0,93.894,5.462,88.432,-7.545,3.199,80.887,65.226,-13.788,79.401,1.02,1.01,0.821476,81.643,1.01,1.0,0.821476,,63.497,6.234,-0.213,0.676,,,,-13.788,142.755,2.434,145.189,-51.501,,3.8,-1.645,0.213,-9.727,89.528,1.77834,1.096579,0.1,5.623222,9.11927,5.562047,
06/30/2011,298.705,273.629,0.0,34.994,0.0,238.635,0.0,0.0,0.0,25.076,-204.673,114.183,43.975,70.208,22.454,65.539,,0.0,2.497,94.032,407.394,70.857,-2.184,-476.067,501.426,0.0,0.0,0.0,526.458,-47.761,-47.761,0.0,549.187,15.184,534.003,-7.545,3.823,526.458,2.624,-476.073,83.578,6.3,5.74,0.031396,86.01,6.26,5.7,0.031396,,65.539,7.074,,-0.212,,,-46.085,-475.102,92.856,1.589,94.445,-22.439,,2.684,-4.938,0.212,-21.575,52.212,1.09807,0.607046,0.1,9.106888,16.473225,9.000818,
09/30/2011,306.623,282.114,0.0,39.176,0.0,242.938,0.0,0.0,0.0,24.509,-214.898,122.471,44.915,77.556,18.9,73.358,,0.0,0.169,91.725,-76.353,77.589,-0.304,-0.932,15.372,0.0,0.0,0.0,7.079,-1.116,-1.116,0.0,16.488,1.864,14.624,-7.545,2.143,7.079,5.031,-0.932,85.696,0.08,0.069583,0.058708,88.081,0.08,0.06733,0.056749,,73.358,9.865,-0.242,,,-3.032,,-0.999,87.893,0.169,88.062,-21.206,,2.986,-9.103,0.242,-24.519,38.605,0.999784,0.43829,0.1,10.002158,22.815956,9.750037,
12/31/2011,328.879,294.495,0.0,41.152,0.0,253.343,0.0,0.0,0.0,34.384,-230.235,126.223,45.497,80.726,18.728,74.951,,0.0,10.333,98.644,-82.203,83.525,6.194,-7.516,16.441,0.0,0.0,0.0,2.809,-1.115,-1.115,0.0,17.556,7.202,10.354,-7.545,17.795,2.809,-6.612,-8.306,86.02,0.03,0.019693,-0.076866,88.744,0.03,0.017436,-0.076866,,74.951,8.005,-0.255,,,0.114,,-2.517,90.309,1.785,92.094,-24.562,,4.649,-12.701,0.255,-32.74,44.79,1.037749,0.50471,0.25,24.090603,49.533378,23.812688,
03/31/2012,339.133,302.418,0.0,41.656,0.0,260.762,0.0,0.0,0.0,36.715,-232.425,133.54,51.48,82.06,20.196,77.069,,0.0,1.62,106.708,-78.017,83.717,-5.7,0.0,28.691,0.0,0.0,0.0,25.256,-6.466,-6.466,0.0,35.157,1.959,32.801,-7.545,5.852,25.256,18.79,0.0,86.744,0.29,0.216614,0.216614,90.173,0.29,0.216614,0.216614,,77.069,9.141,-0.267,0.014,,-7.26,-6.627,,99.285,1.312,100.597,-18.6,,3.58,-8.01,0.267,-3.495,80.191,1.1156,0.889302,0.25,22.409465,28.111945,21.842172,
06/30/2012,344.535,304.805,0.0,40.967,0.0,263.838,0.0,0.0,0.0,39.73,-227.478,128.58,52.256,76.324,20.721,76.207,,0.0,1.97,117.057,0.501,85.712,-86.213,0.0,117.558,0.0,0.0,0.0,103.04,-0.899,-0.899,0.0,118.457,7.308,110.584,-7.544,4.432,103.04,102.141,0.0,89.789,1.15,1.137567,1.137567,93.351,1.14,1.13037,1.13037,,76.207,6.366,-0.209,1.605,,-9.534,,-5.789,178.994,1.97,180.964,-81.221,,3.553,-8.051,0.209,-30.81,69.076,1.938533,0.73996,0.25,12.89635,33.785613,12.540783,
09/30/2012,357.011,319.87,0.0,42.194,0.0,277.676,0.0,0.0,0.0,37.141,-248.268,144.518,53.293,91.225,20.551,81.827,,0.0,1.372,108.743,-81.064,90.152,-6.851,-2.237,27.679,0.0,0.0,0.0,7.732,-0.951,-0.951,0.0,28.63,2.402,25.657,-7.915,6.506,7.732,6.781,0.0,90.241,0.09,0.075143,0.075143,93.891,0.09,0.075143,0.075143,,81.827,6.669,-0.22,1.602,,4.807,,,104.819,1.372,106.191,-15.684,,4.493,-6.626,0.22,-17.353,77.747,1.131003,0.828056,0.25,22.104274,30.191197,22.27745,
12/31/2012,346.599,305.294,0.0,40.883,0.0,264.411,0.0,0.0,0.0,41.305,-249.375,134.606,52.591,82.015,21.372,92.17,,0.0,1.227,97.224,-79.5,89.932,-14.707,4.275,17.724,0.0,0.0,0.0,19.96,-9.736,-9.736,0.0,27.46,-0.481,27.367,-7.407,10.388,19.96,17.202,6.978,90.481,0.22,0.112996,0.190117,90.745,0.22,0.11271,0.189607,,92.17,13.417,-0.243,1.616,,-19.277,,,107.162,1.227,108.389,-13.866,,7.824,-19.38,0.243,-22.737,70.861,1.15294,0.753752,0.33,28.622489,43.780966,27.86317,
03/31/2013,359.953,301.479,0.0,39.804,0.0,261.675,0.0,0.0,0.0,58.474,-232.79,131.742,52.444,79.298,21.067,78.623,,0.0,1.358,127.163,-98.735,85.238,-5.073,18.57,28.428,0.0,0.0,0.0,18.909,-1.909,-1.909,0.0,30.337,3.456,26.316,-7.407,12.641,18.909,35.513,18.513,91.399,0.21,0.19,0.388549,94.302,0.21,0.19,0.386316,,78.623,7.527,-0.245,2.067,,0.0,-1.113,,109.224,6.971,116.195,-15.402,,4.463,-2.417,0.245,-6.324,109.401,1.232158,1.160113,0.33,26.782271,28.445499,27.93983,
06/30/2013,353.944,301.49,0.0,38.747,0.0,262.743,0.0,0.0,0.0,52.454,-233.087,128.29,51.749,76.541,21.514,81.577,,0.0,1.706,120.857,-93.447,83.78,7.344,2.323,27.41,0.0,0.0,0.0,8.276,-3.838,-3.838,0.0,31.248,3.248,27.435,-6.999,2.403,8.276,6.753,2.315,91.66,0.09,0.048418,0.073674,94.536,0.09,0.048418,0.072906,,81.577,17.62,-0.343,2.06,,3.583,,4.455,120.476,1.706,122.182,-12.487,,4.229,-6.92,0.343,-21.863,87.887,1.292439,0.929667,0.33,25.533123,35.496581,25.106909,
09/30/2013,338.782,284.465,0.0,42.026,0.0,242.439,0.0,0.0,0.0,54.317,-237.274,132.243,51.529,80.714,20.869,84.162,,0.0,0.0,101.508,-77.394,82.347,-2.585,-2.368,24.114,0.0,0.0,0.0,37.025,-21.222,-21.222,0.0,45.336,4.011,40.763,-3.738,2.794,37.025,15.803,0.0,91.988,0.4,0.171794,0.171794,95.016,0.4,0.171794,0.171794,,84.162,12.72,-0.416,3.311,,0.354,-13.787,,127.38,4.532,131.912,-7.747,,4.121,-6.221,0.416,-16.842,108.433,1.388314,1.141208,0.33,23.769847,28.916732,23.831088,
12/31/2013,350.451,296.875,0.0,41.115,0.0,255.76,0.0,0.0,0.0,53.576,-243.654,131.849,53.219,78.63,22.742,85.795,,0.0,3.268,106.797,-68.271,81.483,-13.207,-0.005,38.526,0.0,0.0,0.0,37.12,-5.836,-5.836,0.0,44.362,2.936,40.858,-3.738,-19.105,37.12,31.279,-0.005,94.004,0.39,0.332794,0.332741,94.321,0.39,0.328126,0.328073,,85.795,13.399,-0.505,3.31,,-7.538,,,134.517,3.6,138.117,-12.616,26.77,3.451,16.018,0.505,-51.095,102.045,1.421717,1.050408,0.5,35.168734,47.600568,34.941309,
03/31/2014,362.445,293.783,0.0,37.807,0.0,255.976,0.0,0.0,0.0,68.662,-242.538,130.292,52.35,77.942,23.257,86.515,,0.0,2.474,119.907,30.936,79.835,-110.768,-0.003,150.843,0.0,0.0,0.0,146.09,-5.769,-5.769,0.0,156.612,6.219,149.828,-3.738,0.426,146.09,140.318,-0.003,95.117,1.54,1.475246,1.475215,98.716,1.53,1.47156,1.471529,,86.515,12.987,-0.514,3.297,,-104.64,0.0,,149.954,-7.6,142.354,-14.292,,3.657,-6.664,0.514,-17.18,108.815,1.442056,1.102304,0.5,34.672717,45.359555,31.719727,
06/30/2014,380.632,318.184,0.0,38.576,0.0,279.608,0.0,0.0,0.0,62.448,-247.89,128.942,51.804,77.138,23.872,93.379,,0.0,1.697,132.742,-2.79,83.271,-10.063,-70.418,129.952,0.0,0.0,0.0,235.541,-120.38,-120.38,0.0,250.332,10.488,239.279,-3.738,-9.651,235.541,116.189,1.028,95.455,2.467561,1.206443,1.217212,99.484,2.454525,1.206443,1.216776,,93.379,8.161,-0.503,1.459,,-1.444,-114.735,-71.446,160.9,-8.603,152.297,-14.752,13.243,5.401,-15.026,0.503,-31.702,100.313,1.530869,1.008333,0.5,32.661182,49.586793,29.662834,
09/30/2014,390.274,335.119,0.0,43.826,0.0,291.293,0.0,0.0,0.0,55.155,-255.222,135.747,55.548,80.199,22.649,94.443,,0.0,2.383,135.052,-95.0,89.055,-22.53,28.475,40.052,0.0,0.0,0.0,64.688,-33.542,-33.542,0.0,73.594,4.348,68.426,-3.738,-8.702,64.688,55.621,24.475,95.734,0.675706,0.325339,0.580995,99.706,0.675225,0.325339,0.570811,,94.443,5.831,-0.503,0.678,,-16.496,-29.507,4.0,127.482,,127.482,-16.324,9.855,6.679,-15.332,0.503,-110.791,-6.63,1.278579,-0.066495,0.5,39.105913,,37.548046,
12/31/2014,386.627,338.356,0.0,44.167,0.0,294.189,0.0,0.0,0.0,48.271,-259.588,137.452,58.141,79.311,22.71,97.273,,0.0,2.153,127.039,-84.157,87.616,-6.429,2.97,42.882,0.0,0.0,0.0,56.785,-22.443,-22.443,0.0,65.325,4.002,60.523,-3.738,-9.648,56.785,41.207,6.865,96.77,0.59,0.354883,0.425824,97.243,0.59,0.354883,0.425479,,97.273,6.508,-0.525,0.147,,-0.673,-18.817,0.0,144.7,9.0,153.7,-11.823,24.793,6.64,-24.488,0.525,-35.447,104.252,1.52127,1.031851,0.6,39.440729,58.147949,40.125777,
03/31/2015,396.299,344.298,0.0,40.969,0.0,303.329,0.0,0.0,0.0,52.001,-275.632,140.688,55.723,84.965,25.464,108.337,,0.0,1.143,120.667,-78.441,82.422,-4.03,0.049,42.226,0.0,0.0,0.0,43.277,-13.41,-13.41,0.0,55.636,7.67,47.015,-3.738,10.192,43.277,29.916,0.049,98.402,0.44,0.31,0.304018,103.019,0.44,0.31,0.304018,,108.337,8.622,-0.525,,,,-12.983,,154.398,1.1,155.498,-43.891,,6.615,-5.032,0.525,-15.214,108.693,1.509411,1.055077,0.6,39.750608,56.867876,38.631977,
06/30/2015,409.074,345.633,0.0,41.407,0.0,304.226,0.0,0.0,0.0,63.441,-360.318,134.486,56.286,78.2,23.2,199.565,,0.0,3.067,48.756,-77.935,81.698,-3.763,0.0,-29.179,0.0,0.0,0.0,-39.106,0.0,0.0,0.0,-29.179,5.049,-35.368,-3.738,8.344,-39.106,-39.106,0.0,99.579,-0.39,-0.39,-0.39,99.579,-0.39,-0.39,-0.39,,199.565,4.435,-0.5,,,-0.769,0.0,,168.674,-2.7,165.974,-36.127,,5.952,-10.583,0.5,-36.97,97.09,1.596733,0.934043,0.6,37.576729,64.236894,35.386011,
09/30/2015,432.066,366.719,0.0,48.254,0.0,318.465,0.0,0.0,0.0,65.347,-323.398,147.909,61.009,86.9,23.475,146.185,,0.0,5.829,108.668,68.085,91.301,-18.908,-140.478,176.753,0.0,0.0,0.0,163.658,0.0,0.0,0.0,176.753,7.132,167.396,-3.738,2.473,163.658,3.954,-159.704,99.621,1.64,1.64,0.03969,103.929,1.64,1.64,0.03969,,146.185,10.796,-0.5,0.0,,-15.281,-159.704,19.226,171.512,0.6,172.112,-42.128,,7.16,-14.266,0.5,-16.976,108.875,1.641945,1.038666,0.6,36.542019,57.766429,34.850389,
12/31/2015,425.39,367.843,0.0,47.882,0.0,319.961,0.0,0.0,0.0,57.547,-275.002,144.077,59.684,84.393,22.734,106.8,,0.0,1.391,150.388,-37.278,95.797,-2.171,-56.348,113.11,0.0,0.0,0.0,101.303,-1.139,-1.139,0.0,114.249,6.557,105.041,-3.738,7.814,101.303,83.894,-16.27,99.758,1.02,1.00407,0.840975,100.226,1.01,0.998636,0.836303,,106.8,10.373,-0.511,,,0.206,-17.409,-40.078,167.241,1.4,168.641,-38.702,,7.621,-27.776,0.511,-93.565,24.544,1.620691,0.235875,0.72,44.425496,305.246089,42.947459,
03/31/2016,455.444,391.218,0.0,45.611,0.0,345.607,0.0,0.0,0.0,64.226,-354.121,149.502,61.674,87.828,24.032,179.308,,0.0,1.279,101.323,-68.82,102.604,-20.011,-13.773,32.503,0.0,0.0,0.0,23.221,0.0,0.0,0.0,32.503,2.896,26.959,-3.738,8.45,23.221,9.448,-13.773,100.051,0.23,0.23,0.094432,104.259,0.23,0.23,0.094432,,179.308,10.514,-0.496,,,-9.915,-13.773,,191.755,1.3,193.055,-29.704,,7.932,-3.921,0.496,-18.999,157.309,1.851687,1.508829,0.72,38.883468,47.719126,37.52966,
06/30/2016,617.614,465.425,0.0,48.616,0.0,416.809,0.0,0.0,0.0,152.189,-597.396,145.755,62.124,83.631,24.484,425.042,,0.0,2.115,20.218,128.877,96.522,-39.289,-186.11,149.095,0.0,0.0,0.0,133.457,0.0,0.0,0.0,149.095,9.021,137.194,-3.737,15.219,133.457,-63.123,-196.58,100.134,1.33,1.33,-0.630385,104.792,1.33,1.33,-0.630385,,425.042,8.328,-0.5,0.0,,-33.448,-196.58,10.387,355.707,-180.1,175.607,-30.087,,7.433,-14.781,2.6,-42.744,113.247,1.675767,1.080684,0.72,42.965394,66.624493,20.250656,
09/30/2016,416.681,334.612,0.0,53.13,0.0,281.482,0.0,0.0,0.0,82.069,-292.612,151.896,64.133,87.763,25.458,112.665,,0.0,2.593,124.069,-80.726,77.38,3.743,-0.397,43.343,0.0,0.0,0.0,34.252,0.0,0.0,0.0,43.343,2.499,37.99,-3.738,-16.916,34.252,33.855,-0.397,100.233,0.34,0.34,0.337763,105.143,0.34,0.34,0.336224,,112.665,23.349,-0.509,,,-0.225,-0.397,0.0,171.634,-15.9,155.734,-7.393,,4.815,-12.902,0.509,-40.233,83.614,1.481164,0.795241,0.72,48.610425,90.538618,42.047473,
12/31/2016,374.242,329.37,0.0,49.501,0.0,279.869,0.0,0.0,0.0,44.872,-278.707,147.355,60.457,86.898,25.785,104.026,,0.0,1.541,95.535,-41.565,69.257,-0.326,-27.366,53.97,0.0,0.0,0.0,44.016,0.0,0.0,0.0,53.97,3.364,47.753,-3.737,7.846,44.016,16.65,-27.366,100.321,0.44,0.44,0.165967,100.695,0.44,0.44,0.165967,,104.026,27.662,-0.522,,,-0.421,-27.366,0.0,150.759,1.541,152.3,-13.322,,4.384,-26.646,0.522,-69.424,55.66,1.44721,0.528901,0.775,53.55133,146.530138,51.571565,
03/31/2017,377.381,325.521,0.0,44.192,0.0,281.329,0.0,0.0,0.0,51.86,-262.292,143.882,61.068,82.814,24.143,94.134,,,0.133,115.089,-114.165,70.383,-8.661,52.443,0.924,0.0,0.0,0.0,11.351,0.0,0.0,0.0,0.924,-17.015,15.089,-3.738,6.859,11.351,10.784,-0.567,100.643,0.11,0.11,0.107151,105.554,0.11,0.11,0.104628,,94.134,24.282,-0.516,,,-2.047,-0.567,56.272,165.894,0.133,166.027,-15.939,,4.761,-6.309,0.516,-21.277,134.638,1.572911,1.275537,0.775,49.271715,60.758738,46.979999,
06/30/2017,398.15,322.027,0.0,42.62,0.0,279.407,0.0,0.0,0.0,76.123,-297.461,140.105,60.945,79.16,24.256,133.054,,0.0,0.046,100.689,-84.674,68.288,-16.501,32.887,16.015,0.0,0.0,0.0,8.222,0.0,0.0,0.0,16.015,1.205,11.959,-3.737,20.957,8.222,12.045,3.823,99.9,0.08,0.08,0.120571,104.732,0.08,0.08,0.116503,,133.054,25.086,-0.564,,,-13.089,3.823,29.064,186.801,-19.654,167.147,-16.27,,3.432,-16.673,0.564,-36.705,122.452,1.596041,1.169261,0.775,48.557647,66.281196,40.885755,
09/30/2017,374.6,319.514,0.0,44.749,0.0,274.765,0.0,0.0,0.0,55.086,-264.271,148.394,64.16,84.234,23.963,91.728,,0.0,0.186,110.329,-64.534,69.642,-5.108,0.0,45.795,0.0,0.0,0.0,38.869,0.0,0.0,0.0,45.795,0.338,42.607,-3.738,-0.197,38.869,38.869,0.0,97.783,0.4,0.4,0.4,102.57,0.4,0.4,0.4,,91.728,23.568,-0.556,,,-1.03,0.0,0.0,152.917,0.186,153.103,-15.384,,4.008,-19.085,0.557,-42.387,80.615,1.492814,0.786028,0.775,51.915377,98.597035,49.281636,
12/31/2017,361.342,306.87,0.0,41.378,0.0,265.492,0.0,0.0,0.0,54.472,-248.878,138.537,58.15,80.387,28.136,84.404,,0.0,-2.199,112.464,-74.129,65.23,-7.788,16.687,38.335,0.0,0.0,0.0,27.982,0.0,0.0,0.0,38.335,3.766,31.719,-3.737,3.691,27.982,-48.515,-76.497,96.018,0.29,0.29,-0.50527,96.265,0.29,0.29,-0.50527,,84.404,29.397,-0.554,,,0.0,-76.497,93.184,161.682,6.299,167.981,-14.479,,4.297,-29.374,0.554,-47.322,85.348,1.666825,0.846883,0.8125,48.745357,95.940078,48.251893,
03/31/2018,301.695,241.768,0.0,26.399,0.0,215.369,0.0,0.0,0.0,59.927,-206.829,113.751,45.661,68.09,23.528,69.388,,0.0,0.162,94.866,18.957,51.453,2.404,-72.814,113.823,0.0,0.0,0.0,101.766,0.0,0.0,0.0,113.823,5.47,105.504,-3.738,-4.875,101.766,78.245,-23.521,90.52,1.12,1.12,0.864395,95.256,1.12,1.12,0.864395,,69.388,48.006,-0.566,,,6.44,-23.521,-49.293,157.69,0.162,157.852,-6.93,,3.537,-7.359,0.566,-9.765,133.026,1.657134,1.39651,0.8125,49.030421,58.180732,45.875452,
06/30/2018,301.116,238.421,0.0,27.052,0.0,211.369,0.0,0.0,0.0,62.695,-201.146,110.405,45.322,65.083,22.479,67.914,,0.0,0.348,99.97,15.929,57.157,-76.727,3.641,115.899,0.0,0.0,0.0,103.556,0.0,0.0,0.0,115.899,5.759,107.293,-3.737,-15.265,103.556,118.346,14.79,87.176,1.19,1.19,1.357553,92.083,1.19,1.19,1.350616,,67.914,47.308,-0.584,,,-72.025,14.79,-11.149,155.569,0.348,155.917,-5.675,,3.546,-8.742,0.584,-24.182,106.183,1.693222,1.153123,0.8125,47.985427,70.460844,44.717778,
09/30/2018,307.545,250.866,0.0,29.103,0.0,221.763,0.0,0.0,0.0,56.679,-207.755,115.164,48.805,66.359,20.594,70.747,,0.0,1.25,99.79,-0.336,57.798,-71.908,14.446,99.454,0.0,0.0,0.0,88.209,0.0,0.0,0.0,99.454,4.661,91.947,-3.738,-5.933,88.209,92.907,4.698,85.566,1.03,1.03,1.085793,90.428,1.03,1.03,1.081953,,70.747,45.485,-0.616,,,-70.937,2.504,9.748,149.801,0.163,149.964,-9.58,,2.63,-17.69,0.616,-25.326,94.681,1.65838,1.047032,0.8125,48.993592,77.600311,46.30877,
12/31/2018,317.036,247.519,0.0,31.042,0.0,216.477,0.0,0.0,0.0,69.517,-213.009,109.343,46.563,62.78,26.03,71.458,,0.0,6.178,104.027,-162.347,54.669,-165.047,272.725,-58.32,0.0,0.0,0.0,-61.219,0.0,0.0,0.0,-58.32,-3.68,-57.482,-3.737,-5.101,-61.219,-9.346,51.873,83.967,-0.73,-0.73,-0.111306,84.156,-0.73,-0.73,-0.113609,,71.458,46.348,-0.638,,,-167.445,36.984,220.852,142.66,0.426,143.086,-10.914,,2.695,-37.749,0.638,-54.777,37.878,1.619059,0.428601,0.85,52.499616,198.319869,50.029406,
03/31/2019,304.255,240.118,0.0,,0.0,,0.0,0.0,0.0,64.137,-207.061,112.684,46.688,65.996,25.979,68.343,,0.0,0.055,97.194,-44.425,53.267,-11.932,3.09,52.769,0.0,0.0,0.0,43.792,0.0,0.0,0.0,52.769,2.515,47.53,-3.738,-9.949,43.792,44.841,1.049,83.313,0.52,0.52,0.538223,87.81,0.52,0.52,0.531946,,68.343,47.625,-0.707,,,-17.166,1.049,2.041,147.492,0.055,147.547,-4.595,,2.742,-8.717,0.707,-15.431,112.304,1.680298,1.278943,0.85,50.586254,66.461123,47.835815,
06/30/2019,313.024,244.959,0.0,28.479,0.0,216.48,0.0,0.0,0.0,68.065,-208.511,113.309,46.694,66.615,25.48,69.461,,0.0,0.261,104.513,69.228,49.872,-51.469,-67.631,173.741,0.0,0.0,0.0,161.103,0.0,0.0,0.0,173.741,6.172,164.84,-3.737,-23.75,161.103,161.103,0.0,82.971,1.94,1.94,1.94,87.398,1.94,1.94,1.94,,69.461,49.903,-0.746,,,-59.015,0.0,-67.631,159.247,0.261,159.508,-8.121,,2.712,-15.988,0.746,-24.193,90.914,1.825076,1.04023,0.85,46.573401,81.712718,43.847608,
09/30/2019,313.634,248.028,0.0,32.581,0.0,215.447,0.0,0.0,0.0,65.606,-212.117,117.768,49.626,68.142,23.841,70.464,,0.0,0.044,101.517,-60.795,51.224,9.864,-0.293,40.722,0.0,0.0,0.0,33.157,0.0,0.0,0.0,40.722,1.095,36.895,-3.738,-22.753,33.157,29.616,-3.541,82.292,0.4,0.4,0.359889,86.714,0.4,0.4,0.359165,,70.464,47.674,-0.74,,,0.0,-3.541,3.248,151.357,0.044,151.401,-8.403,,3.112,-14.184,0.74,-28.55,81.363,1.745981,0.938291,0.85,48.683232,90.590195,45.680081,
12/31/2019,308.082,250.452,0.0,31.957,0.0,218.495,0.0,0.0,0.0,57.63,-204.901,114.867,47.756,67.111,25.575,64.09,,0.0,0.369,103.181,-78.926,47.811,11.874,19.241,24.255,0.0,0.0,0.0,17.432,0.0,0.0,0.0,24.255,0.36,21.169,-3.737,-0.502,17.432,36.673,19.241,79.517,0.21,0.21,0.461197,80.07,0.21,0.21,0.450302,,64.09,47.224,-0.742,,,0.0,19.241,0.0,147.605,0.369,147.974,-1.497,,3.087,-6.377,0.742,-20.315,123.112,1.75491,1.460057,0.85,48.435536,58.216908,45.790759,
03/31/2020,314.303,222.631,,,,,,0.0,0.0,91.672,-207.017,107.855,46.622,61.233,19.57,68.279,,0.0,11.313,107.286,19.828,39.994,12.814,-72.636,127.114,0.0,0.0,0.0,114.801,0.0,0.0,0.0,127.114,5.909,118.539,-3.738,3.646,114.801,42.165,-72.636,77.864,1.474378,1.474378,0.541521,82.567,1.390398,1.390398,0.510676,,68.279,56.318,-0.65,,,0.0,-72.636,0.0,172.021,-26.435,145.586,-47.359,,2.5,-3.793,0.65,-21.681,79.549,1.763247,0.963448,0.295,16.730499,30.619197,13.175717,
06/30/2020,253.699,195.886,,,,,,0.0,0.0,57.813,-217.026,90.389,41.661,48.728,23.51,95.941,,,7.186,36.673,29.954,32.731,2.199,-64.884,66.627,0.0,0.0,0.0,56.444,0.0,0.0,0.0,66.627,4.093,60.181,-3.737,-7.001,56.444,-8.44,-64.884,75.69,0.74,0.74,-0.111507,80.219,0.74,0.74,-0.111507,,95.941,45.107,-0.609,,,0.0,-64.884,0.0,136.092,0.373,136.465,11.004,,2.661,-5.543,0.609,-13.008,125.187,1.701156,1.560565,0.885,52.02346,56.710214,48.942627,
09/30/2020,234.333,,,,,,,,,,,,,,,,,,,0.55,,,,,,,,,,,,,,,-5.599,,,-5.599,-6.546,,,-0.22,-0.22,-0.257,,-0.22,-0.22,-0.257,,,,,,,,,,,,,,,,,,,,,,,,,,
12/31/2020,227.75,,,,,,,,,,,,,,,,,,,0.25,,,,,,,,,,,,,,,-9.077,,,-9.077,-10.011,,,-0.28,-0.28,-0.365,,-0.28,-0.28,-0.365,,,,,,,,,,,,,,,,,,,,,,,,,,
