Date,Net Revenue,Net Interest Income,Total Interest Income,Interest Income,Investment Income,Total Interest Expense,Total Non-Interest Income,Trading Securities G/L,Trading Account Profits/Losses,Investments & Loans Income (Loss),Other Income (Loss),Commissions & Fees Earned,Other Operating Income (Losses),Provision for Loan Losses,Net Revenue after Provisions,Total Non-Interest Expense,Commissions & Fees Paid,Other Operating Expenses,Operating Income (Loss),Non-Operating (Income) Loss,Other Non-Operating (Income) Loss,"Pretax Income (Loss), GAAP",Income Tax Expense (Benefit),Income (Loss) from Cont Ops,Net Extraordinary Losses (Gains),Discontinued Operations,Extraordinary & Accounting Items,Income (Loss) incl. Minority Interest,Minority Interest,"Net Income, GAAP",Preferred Dividends,Other Adjustments,"Net Income Avail to Common, GAAP","Net Income Avail to Common, Adj",Net Abnormal Losses (Gains),Basic Weighted Avg Shares,"Basic EPS, GAAP",Basic EPS from Cont Ops,"Basic EPS from Cont Ops, Adjusted",Diluted Weighted Avg Shares,"Diluted EPS, GAAP",Diluted EPS from Cont Ops,"Diluted EPS from Cont Ops, Adjusted",Source: Bloomberg
03/31/1990,112.654999,112.654999,836.745026,610.801025,225.944,-724.090027,0.0,0.0,,,,0.0,0.0,0.0,112.654999,-17.955999,0.0,17.955999,94.698997,0.0,0.0,94.698997,-23.665001,71.033997,0.0,,,71.033997,0.0,71.033997,-2.682,,68.351997,68.351997,,1040.843983,0.065714,0.065714,,1040.843983,0.065714,0.065714,0.065714,
06/30/1990,117.945023,117.945023,884.508011,651.218018,233.289993,-766.562988,0.0,0.0,,,,0.0,0.0,0.0,117.945023,-19.301001,0.0,19.301001,98.643997,0.0,0.0,98.643997,-24.601,74.042999,0.0,,,74.042997,0.0,74.042999,-2.665,,71.377999,71.377999,,1044.82354,0.068571,0.068571,,1044.82354,0.068571,0.068571,0.068571,
09/30/1990,122.626953,122.626953,891.987976,661.750977,230.237,-769.361023,0.0,0.0,,,,0.0,0.0,0.0,122.626953,-18.986,0.0,18.986,103.640999,0.0,0.0,103.640999,-25.749001,77.891998,0.0,,,77.891998,0.0,77.891998,-2.673,,75.218998,75.218998,,1031.00552,0.073333,0.073333,,1031.00552,0.073333,0.073333,0.073333,
12/30/1990,125.641006,125.641006,889.68898,657.518982,232.169998,-764.047974,0.0,0.0,,,,0.0,0.0,0.0,125.641006,-22.511,0.0,22.511,103.129997,0.0,0.0,103.129997,-25.157,77.973,0.0,,,77.972998,0.0,77.973,-2.674,,75.299,75.299,,1013.638527,0.074286,0.074286,,1013.638527,0.074286,0.074286,0.074286,
03/31/1991,131.60701,131.60701,837.247025,603.132019,234.115005,-705.640015,0.0,0.0,,,,0.0,0.0,0.0,131.60701,-21.061001,0.0,21.061001,110.545998,0.0,0.0,110.545998,-28.495001,82.051003,0.0,,,82.050997,0.0,82.051003,-2.674,,79.377002,79.377002,,999.43198,0.079048,0.079048,,999.43198,0.079048,0.079048,0.079048,
06/30/1991,137.236008,137.236008,784.392014,579.458008,204.934006,-647.156006,0.0,0.0,,,,0.0,0.0,0.0,137.236008,-22.974001,0.0,22.974001,114.262001,0.0,0.0,114.262001,-29.549,84.712997,0.0,,,84.713001,0.0,84.712997,-2.673,,82.039997,82.039997,,994.717506,0.082857,0.082857,,994.717506,0.082857,0.082857,0.082857,
09/30/1991,143.47998,143.47998,783.422974,565.719971,217.703003,-639.942993,0.0,0.0,,,,0.0,0.0,0.0,143.47998,-23.552999,0.0,23.552999,119.927002,0.0,0.0,119.927002,-32.696999,87.230003,0.0,,,87.230003,0.0,87.230003,-2.674,,84.556003,84.556003,,990.874535,0.085714,0.085714,,990.874535,0.085714,0.085714,0.085714,
12/31/1991,146.887009,146.887009,716.598007,519.234009,197.363998,-569.710999,0.0,0.0,,,,0.0,0.0,0.0,146.887009,-22.231001,0.0,22.231001,124.655998,0.0,0.0,124.655998,-33.508999,91.147003,0.0,,,91.146999,0.0,91.147003,-2.673,,88.474003,88.474003,,977.864971,0.090476,0.090476,,977.864971,0.090476,0.090476,0.090476,
03/31/1992,154.220016,154.220016,676.707016,517.872009,158.835007,-522.487,0.0,0.0,,,,0.0,0.0,0.0,154.220016,-22.742001,0.0,22.742001,131.477997,0.0,0.0,131.477997,-35.445,96.032997,0.93,,,95.102997,0.0,95.102997,-2.674,,92.428997,92.428997,,970.935013,0.095238,0.09619,,970.935013,0.095238,0.09619,0.09619,
06/30/1992,199.32402,199.32402,674.847031,534.512024,140.335007,-475.52301,0.0,0.0,,,,0.0,0.0,0.0,199.32402,-24.415001,0.0,24.415001,174.908997,0.0,0.0,174.908997,-53.916,120.992996,23.462999,,,97.529997,0.0,97.529999,-2.673,,94.856999,94.856999,,957.684002,0.099048,0.12381,,957.684002,0.099048,0.12381,0.12381,
09/30/1992,227.734016,227.734016,648.630013,521.890015,126.739998,-420.895996,0.0,0.0,,,,0.0,0.0,0.0,227.734016,-24.743999,0.0,24.743999,202.990005,0.0,0.0,202.990005,-62.712002,140.278,40.214001,,,100.064003,0.0,100.064003,-2.673,,97.391003,97.391003,,946.606499,0.102857,0.145714,,946.606499,0.102857,0.145714,0.145714,
12/31/1992,221.420006,221.420006,614.672997,497.442993,117.230003,-393.252991,0.0,0.0,,,,0.0,0.0,0.0,221.420006,-29.402,0.0,29.402,192.018005,0.0,0.0,192.018005,-62.261002,129.757004,28.527,,,101.230003,0.0,101.230003,-2.674,,98.556003,98.556003,,966.283504,0.104762,0.134286,,966.283504,0.104762,0.134286,0.134286,
03/31/1993,238.490974,238.490974,624.621986,508.553986,116.068001,-386.131012,0.0,0.0,,,,0.0,0.0,0.0,238.490974,-25.768,0.0,25.768,212.723007,0.0,0.0,212.723007,-65.819,146.904007,42.202,,,104.702007,0.0,104.702003,-2.674,,102.028003,102.028003,,935.549984,0.109524,0.154286,,935.549984,0.109524,0.154286,0.154286,
06/30/1993,225.409988,225.409988,591.212997,504.481995,86.731003,-365.803009,0.0,0.0,,,,0.0,0.0,0.0,225.409988,-27.608999,0.0,27.608999,197.800995,0.0,0.0,197.800995,-58.992001,138.809006,32.125,,,106.683994,0.0,106.683998,-2.673,,104.010998,104.010998,,917.206467,0.113333,0.148571,,917.206467,0.113333,0.148571,0.148571,
09/30/1993,226.513,226.513,588.554993,500.619995,87.934998,-362.041992,0.0,0.0,,,,0.0,0.0,0.0,226.513,-26.028999,0.0,26.028999,200.483994,0.0,0.0,200.483994,-65.852997,134.630997,25.535999,,,109.094997,0.0,109.095001,-2.674,,106.421001,106.421001,,1029.661537,0.118095,0.142857,,1029.661537,0.118095,0.142857,0.142857,
12/31/1993,246.348007,246.348007,613.06102,516.942017,96.119003,-366.713013,0.0,0.0,,,,0.0,0.0,0.0,246.348007,-29.954,0.0,29.954,216.393997,0.0,0.0,216.393997,-69.299004,147.095001,37.526001,,,109.568993,0.0,109.569,-2.673,,106.896,106.896,,891.46051,0.12,0.161905,,891.46051,0.12,0.161905,0.161905,
03/31/1994,201.745979,201.745979,594.93998,513.078979,81.861,-393.194,0.0,0.0,,,,0.0,0.0,0.0,201.745979,-26.219,0.0,26.219,175.526993,0.0,0.0,175.526993,-53.720001,121.806999,9.329,,,112.477991,0.0,112.477997,-2.674,,109.803997,109.803997,,878.377487,0.124762,0.135238,,878.377487,0.124762,0.135238,0.135238,
06/30/1994,184.770996,184.770996,660.700989,552.299988,108.401001,-475.929993,0.0,0.0,,,,0.0,0.0,0.0,184.770996,-30.16,0.0,30.16,154.610992,0.0,0.0,154.610992,-45.862999,108.748001,0.0,,,108.747993,0.0,108.748001,-2.673,,106.075001,106.075001,,859.41449,0.12381,0.12381,,859.41449,0.12381,0.12381,0.12381,
09/30/1994,168.525009,168.525009,753.098007,611.544006,141.554001,-584.572998,0.0,0.0,,,,0.0,0.0,0.0,168.525009,-34.251999,0.0,34.251999,134.272995,0.0,0.0,134.272995,-37.988998,96.283997,0.0,,,96.283997,0.0,96.283997,-2.673,,93.610996,93.610996,,825.887981,0.113333,0.113333,,825.887981,0.113333,0.113333,0.113333,
12/31/1994,154.017044,154.017044,842.815018,674.330017,168.485001,-688.797974,0.0,0.0,,,,0.0,0.0,0.0,154.017044,-39.803001,0.0,39.803001,114.213997,0.0,0.0,114.213997,-28.955999,85.258003,0.0,,,85.257998,0.0,85.258003,-2.674,,82.584003,82.584003,,788.098492,0.104762,0.104762,,788.098492,0.104762,0.104762,0.104762,
03/31/1995,155.734985,155.734985,915.815002,731.492004,184.322998,-760.080017,0.0,0.0,,,,0.0,0.0,0.0,155.734985,-36.035,0.0,36.035,119.699997,0.0,0.0,119.699997,-30.906,88.793999,0.0,,,88.793997,0.0,88.793999,-2.674,,86.119999,86.119999,,769.607975,0.111429,0.111429,,769.607975,0.111429,0.111429,0.111429,
06/30/1995,160.351959,160.351959,924.027985,741.802979,182.225006,-763.676025,0.0,0.0,,,,0.0,0.0,0.0,160.351959,-41.143002,0.0,41.143002,119.209,0.0,0.0,119.209,-31.187,88.022003,0.0,,,88.021999,0.0,88.022003,-2.673,,85.349003,85.349003,,747.421486,0.114286,0.114286,,747.421486,0.114286,0.114286,0.114286,
09/30/1995,165.914963,165.914963,926.723984,751.807983,174.916,-760.809021,0.0,0.0,,,,0.0,0.0,0.0,165.914963,-47.317001,0.0,47.317001,118.598,0.0,0.0,118.598,-32.030998,86.567001,0.0,,,86.567001,0.0,86.567001,-2.674,,83.893001,83.893001,,689.114971,0.121905,0.121905,,689.114971,0.121905,0.121905,0.121905,
12/31/1995,191.014008,191.014008,927.097992,749.322998,177.774994,-736.083984,0.0,0.0,,,,0.0,0.0,0.0,191.014008,-36.068001,0.0,36.068001,154.945999,0.0,0.0,154.945999,-47.139,107.806999,4.911,,,102.895999,0.0,102.896004,-2.673,,100.223004,100.223004,,628.550995,0.159048,0.166857,,628.550995,0.159048,0.166857,0.166857,
03/31/1996,254.433001,232.679001,887.489975,753.164978,134.324997,-654.810974,21.754,11.789,,,,4.539,5.426,0.0,254.433001,-98.773003,0.0,98.773003,155.660004,0.0,0.0,155.660004,-47.967999,107.692001,4.792,,,102.900005,-2.673,100.226997,0.0,,100.226997,100.226997,,601.366488,0.166667,0.177143,0.177143,603.529501,0.166667,0.177143,0.177143,
06/30/1996,247.460051,219.56105,859.64003,725.611023,134.029007,-640.078979,27.899,10.668,,,,11.129,6.102,0.0,247.460051,-100.144997,0.0,100.144997,147.315002,0.0,0.0,147.315002,-44.34,102.974998,0.0,,,102.975002,-2.674,100.301003,0.0,,100.301003,100.301003,,590.00552,0.17,0.17,0.17,588.871502,0.17,0.17,0.17,
09/30/1996,244.198976,208.987976,854.653992,718.166992,136.487,-645.666016,35.211,13.778,,,,14.401,7.032,0.0,244.198976,-100.074997,0.0,100.074997,144.123993,0.0,0.0,144.123993,-42.876999,101.247002,0.0,,,101.246994,-2.673,98.573997,0.0,,98.573997,98.573997,,579.757502,0.17,0.17,0.17,579.757502,0.17,0.17,0.17,
12/31/1996,267.260022,205.208023,841.424026,703.796021,137.628006,-636.216003,62.051999,24.643999,,,,27.667,9.741,0.0,267.260022,-106.658997,0.0,106.658997,160.600998,0.0,0.0,160.600998,-48.313,112.288002,0.0,,,112.287998,-2.674,109.613998,0.0,,109.613998,109.613998,,568.73251,0.193333,0.193333,0.193333,572.092506,0.19,0.19,0.19,
03/31/1997,281.109997,205.169998,852.302017,711.192017,141.110001,-647.132019,75.939999,37.174999,,,,25.959999,12.805,-6.144,274.965997,-101.558998,0.0,101.558998,173.406998,0.0,0.0,173.406998,-54.57,118.836998,0.0,,,118.836998,-2.674,116.163002,0.0,,116.163002,116.163002,,560.049013,0.206667,0.206667,0.206667,563.262011,0.206667,0.206667,0.206667,
06/30/1997,286.115016,208.060013,860.224991,695.145996,165.078995,-652.164978,78.055003,34.837002,,,,31.231001,11.987,-0.599,285.516016,-115.282997,0.0,115.282997,170.233002,0.0,0.0,170.233002,-51.069,119.164001,0.0,,,119.164001,-2.673,116.490997,0.0,,116.490997,116.490997,,552.656988,0.21,0.21,0.21,556.4265,0.21,0.21,0.21,
09/30/1997,402.289984,183.598984,825.059006,680.38501,144.673996,-641.460022,218.691,162.848999,,,,44.449001,11.393,-13.257,389.032984,-172.945007,0.0,172.945007,216.087997,0.0,0.0,216.087997,-70.820999,145.266998,0.0,,,145.266998,-2.674,142.593002,0.0,,142.593002,142.593002,,541.946983,0.263333,0.263333,0.263333,547.175995,0.26,0.26,0.26,
12/31/1997,307.478012,184.327011,769.725998,647.468994,122.257004,-585.398987,123.151001,61.410999,,,,49.581001,12.159,-3.478,304.000012,-103.980003,0.0,103.980003,200.020004,0.0,0.0,200.020004,-64.698997,135.320999,0.0,,,135.321007,-2.673,132.647995,0.0,,132.647995,132.647995,,524.422497,0.253333,0.253333,0.253333,528.748484,0.25,0.25,0.25,
03/31/1998,304.97904,171.590042,712.940018,621.65802,91.281998,-541.349976,133.388998,65.555,,,,52.863998,14.97,-5.513,299.46604,-90.862,0.0,90.862,208.604004,0.0,0.0,208.604004,-66.922997,141.681,0.0,,,141.681007,-2.673,139.007996,0.0,,139.007996,139.007996,,515.201982,0.27,0.27,0.27,522.285003,0.266667,0.266667,0.266667,
06/30/1998,316.327021,177.684022,673.401032,596.491028,76.910004,-495.71701,138.642999,60.299,,,,62.508999,15.835,-6.387,309.940021,-93.732002,0.0,93.732002,216.207993,0.0,0.0,216.207993,-69.303001,146.904999,0.0,,,146.904992,-2.674,144.231003,0.0,,144.231003,144.231003,,504.845994,0.286667,0.286667,0.286667,513.324006,0.28,0.28,0.28,
09/30/1998,249.417985,149.875984,607.033974,538.857971,68.176003,-457.15799,99.542001,6.624,,,,74.552002,18.365999,-1.905,247.512985,-86.540001,0.0,86.540001,160.973007,0.0,0.0,160.973007,-50.487,110.486,0.0,,,110.486007,-2.674,107.811996,0.0,,107.811996,107.811996,,498.894012,0.216667,0.216667,0.216667,505.890015,0.213333,0.213333,0.213333,
12/31/1998,268.895016,163.503014,594.275017,536.041016,58.234001,-430.772003,105.392003,-4.676,,,,90.938004,19.129999,-14.814,254.081016,-89.735001,0.0,89.735001,164.345993,0.0,0.0,164.345993,-51.259998,113.085999,0.0,,,113.085995,-2.673,110.413002,0.0,,110.413002,110.413002,,493.544998,0.223333,0.223333,0.223333,500.69101,0.22,0.22,0.22,
03/31/1999,264.291,157.652,615.365,562.414,52.951,-457.713,106.639,-0.017,,,,85.871,20.785,-7.636,256.655,-86.268,0.0,86.268,170.387,0.0,0.0,170.387,-53.905,116.482,,,,116.482,-2.673,113.809,0.0,0.0,113.809,113.809,,489.492,0.233333,0.233333,0.233333,497.037,0.23,0.23,0.23,
06/30/1999,284.337,172.706,658.227,608.208,50.019,-485.521,111.631,9.003,,,,80.762,21.866,-13.029,271.308,-86.41,0.0,86.41,184.898,0.0,0.0,184.898,-58.561,126.337,,,,126.337,-2.674,123.663,0.0,0.0,123.663,123.663,,484.032,0.256667,0.256667,0.256667,491.409,0.253333,0.253333,0.253333,
09/30/1999,279.668,184.358,725.357,672.072,53.285,-540.999,95.31,12.333,,,,61.866,21.111,-6.545,273.123,-91.52,0.0,91.52,181.603,0.0,0.0,181.603,-57.524,124.079,0.0,,,124.079,-2.674,121.405,0.0,0.0,121.405,121.405,,478.983,0.253333,0.253333,0.253333,486.909,0.25,0.25,0.25,
12/31/1999,316.284,179.074,809.626,725.998,83.628,-630.552,137.21,56.962,,,,60.085,20.163,-7.148,309.136,-94.376,0.0,94.376,214.764,0.0,0.0,214.764,-70.137,144.627,0.0,,,144.627,-2.673,141.954,-1.438,0.0,140.516,140.516,,474.609,0.296667,0.296667,0.296667,482.724,0.29,0.29,0.29,
03/31/2000,337.46,161.869,819.716,701.525,118.191,-657.847,175.591,85.332,,,,62.119,28.14,-9.438,328.022,-96.238,0.0,96.238,231.784,0.0,0.0,231.784,-75.461,156.323,0.0,,,156.323,-2.674,153.649,-2.907,0.0,150.742,150.742,,471.591,0.32,0.32,0.226667,486.768,0.31,0.31,0.22,
06/30/2000,286.955,161.641,807.048,664.681,142.367,-645.407,125.314,26.814,,,,68.548,29.952,-7.9,279.055,-95.044,0.0,95.044,184.011,0.0,0.0,184.011,-60.844,123.167,0.0,,,123.167,-2.673,120.494,-2.886,0.0,117.608,117.608,,468.27,0.25,0.25,0.243333,485.907,0.243333,0.243333,0.233333,
09/30/2000,366.249,160.333,898.986,799.003,99.983,-738.653,205.916,22.803,,,,130.663,52.45,-5.428,360.821,-167.116,0.0,167.116,193.705,-53.0,53.0,140.705,-45.813,94.892,0.0,,,94.892,-2.674,92.218,-2.865,0.0,89.353,89.353,,481.956,0.186667,0.186667,0.26,489.837,0.183333,0.183333,0.256667,
12/31/2000,338.756,157.945,952.909,812.141,140.768,-794.964,180.811,-24.481,,,,161.838,43.454,-9.353,329.403,-174.312,0.0,174.312,155.091,0.0,0.0,155.091,-53.762,101.329,0.0,,,101.329,-2.673,98.656,-2.864,0.0,95.792,95.792,,491.781,0.193333,0.193333,0.273333,509.598,0.186667,0.186667,0.266667,
03/31/2001,234.286,179.808,874.673,741.82,132.853,-694.865,54.478,-151.388,,,,175.194,30.672,-13.599,220.687,-167.373,0.0,167.373,53.314,0.0,0.0,53.314,-20.839,32.475,0.0,,,32.475,-2.674,29.801,-2.875,0.0,26.926,26.926,,489.153,0.056667,0.056667,0.296667,509.817,0.053333,0.053333,0.28,
06/30/2001,623.623,227.403,794.848,698.896,95.952,-567.445,396.22,87.6,,,,251.777,56.843,-13.271,610.352,-170.267,0.0,170.267,440.085,0.0,0.0,440.085,-155.617,284.468,0.0,,,284.468,-2.673,281.795,-2.875,0.0,278.92,278.92,,482.121,0.58,0.58,0.313333,499.224,0.56,0.56,0.3,
09/30/2001,-90.117,197.619,699.291,615.349,83.942,-501.672,-287.736,-550.478,,,,194.106,68.636,-15.299,-105.416,-184.113,0.0,184.113,-289.529,0.0,0.0,-289.529,98.656,-190.873,0.0,,,-190.873,-2.673,-193.546,-2.875,0.0,-196.421,-196.421,,471.222,-0.416667,-0.416667,0.34,471.222,-0.416667,-0.416667,0.33,
12/31/2001,623.241,268.586,628.719,568.639,60.08,-360.133,354.655,5.491,,,,268.414,80.75,-23.822,599.419,-185.901,0.0,185.901,413.518,0.0,0.0,413.518,-145.523,267.995,0.0,,,267.995,-2.05,265.945,-2.876,0.0,263.069,263.069,,466.746,0.563333,0.563333,0.343333,466.746,0.563333,0.563333,0.343333,
03/31/2002,841.549,281.377,597.977,560.567,37.41,-316.6,560.172,243.504,,,,274.283,42.385,-20.237,821.312,-166.801,0.0,166.801,654.511,0.0,0.0,654.511,-232.167,422.344,0.0,,,422.344,0.0,422.344,-2.875,0.0,419.469,419.469,,466.887,0.9,0.9,0.36,479.049,0.876667,0.876667,0.35,
06/30/2002,391.147,287.926,598.956,549.142,49.814,-311.03,103.221,-199.696,,,,258.353,44.564,-27.55,363.597,-167.942,0.0,167.942,195.655,0.0,0.0,195.655,-69.654,126.001,0.0,,,126.001,0.0,126.001,-2.875,0.0,123.126,123.126,,462.906,0.266667,0.266667,0.38,475.845,0.26,0.26,0.37,
09/30/2002,103.36101,254.313009,554.927999,526.098999,28.829,-300.61499,-150.952,-410.951996,,,,196.505997,63.493999,-34.771,68.59001,-174.309006,0.0,174.309006,-105.719002,0.0,0.0,-105.719002,43.34,-62.379002,0.0,,,-62.379002,0.0,-62.379002,-2.875,0.0,-65.254002,-65.254002,,461.160004,-0.14,-0.14,0.413333,461.160004,-0.14,-0.14,0.403333,
12/31/2002,693.738,295.081,587.298,608.113,-20.815,-292.217,398.657,104.317,,,,242.174,52.166,-34.066,659.672,-180.72,0.0,180.72,478.952,0.0,0.0,478.952,-172.922,306.03,0.0,,,306.03,0.0,306.03,-2.876,0.0,303.154,303.154,,458.331,0.66,0.66,0.313333,471.222,0.643333,0.643333,0.306667,
03/31/2003,865.151,240.628,484.717,456.456,28.261,-244.089,624.523,338.609,,,,237.284,48.63,-42.545,822.606,-179.365,0.0,179.365,643.241,0.0,0.0,643.241,-226.692,416.549,0.0,,,416.549,0.0,416.549,-2.875,0.0,413.674,413.674,,456.582,0.906667,0.906667,0.44,469.695,0.88,0.88,0.426667,
06/30/2003,800.326,354.168,611.641,569.607,42.034,-257.473,446.158,108.925,,,,278.15,59.083,-36.449,763.877,-189.867,0.0,189.867,574.01,0.0,0.0,574.01,-201.316,372.694,0.0,,,372.694,0.0,372.694,-2.875,0.0,369.819,369.819,,452.174,0.82,0.82,0.46,465.132,0.8,0.8,0.44,
09/30/2003,780.330967,333.47298,577.191975,537.987976,39.203999,-243.718994,446.857986,128.716995,,,,264.778992,53.362,-41.695,738.635967,-184.205002,0.0,184.205002,554.43103,0.0,0.0,554.43103,-204.514008,349.916992,-129.970993,,,479.888016,0.0,479.888,-2.875,0.0,477.013,477.013,,450.725006,1.06,0.77,0.5,460.647003,1.04,0.76,0.49,
12/31/2003,692.512032,292.510033,555.92202,514.731018,41.191002,-263.411987,400.001999,80.314003,,,,227.600998,92.086998,-26.791,665.721031,-254.434006,0.0,254.434006,411.286987,0.0,0.0,411.286987,-146.858002,264.428986,0.0,,,264.428986,0.0,264.428986,-2.876,0.0,261.552986,261.552986,,448.769989,0.58,0.58,0.63,458.022003,0.57,0.57,0.62,
03/31/2004,629.438,321.715,607.389,563.932,43.457,-285.674,307.723,-2.789,,,,251.557,58.955,-39.818,589.62,-208.877,0.0,208.877,380.743,0.0,0.0,380.743,-89.278,291.465,0.0,,,291.465,0.0,291.465,-2.886,0.0,288.579,288.579,,442.664,0.65,0.65,0.52,482.06,0.61,0.61,0.48,
06/30/2004,1202.108028,332.607029,639.43903,586.905029,52.534,-306.832001,869.500999,583.987,,,,217.399002,68.114998,-28.344,1173.764029,-206.050995,0.0,206.050995,967.713013,0.0,0.0,967.713013,-352.786987,614.926025,0.0,,,614.926025,0.0,614.926025,-2.864,0.0,612.062025,612.062025,,439.901001,1.39,1.39,0.51,478.497009,1.29,1.29,0.5,
09/30/2004,778.405987,312.942974,684.89497,623.120972,61.773998,-371.951996,465.463013,103.703003,,,,270.626007,91.134003,-10.93,767.475986,-210.772003,0.0,210.772003,556.703979,-102.989998,102.989998,453.713982,-97.136002,356.578003,0.0,,,356.57798,0.0,356.578003,-2.875,0.0,353.703003,353.703003,,435.764008,0.81,0.81,0.59,444.143005,0.8,0.8,0.58,
12/31/2004,1173.879,332.034,801.272,726.178,75.094,-469.238,841.845,490.166,,,,281.22,70.459,-31.974,1141.905,-269.232,0.0,269.232,872.673,-117.858,117.858,754.815,-103.488,651.327,0.0,,,651.327,-1.026,650.301,-2.876,0.0,647.425,647.425,,426.316,1.52,1.52,0.6,468.232,1.4,1.4,0.58,
03/31/2005,720.857985,346.759998,910.971973,848.922974,62.049,-564.211975,374.097986,15.643,,,,296.135986,62.319,-46.522999,674.334986,-262.290985,0.0,262.290985,412.044006,0.0,0.0,412.044006,-186.466003,225.578003,0.0,,,225.578003,-2.194,223.384003,-2.875,0.0,220.509003,220.509003,,420.924011,0.52,0.52,0.6,463.014008,0.49,0.49,0.57,
06/30/2005,841.68404,329.788029,994.039005,939.794006,54.244999,-664.250977,511.896011,156.061005,,,,300.087006,55.748001,-78.947998,762.736042,-287.412994,0.0,287.412994,475.322998,0.0,0.0,475.322998,-176.572998,298.75,0.0,,,298.75,-2.235,296.515015,-3.908,0.0,292.607015,292.607015,,419.497009,0.7,0.7,0.66,461.899994,0.66,0.66,0.62,
09/30/2005,886.377953,384.763962,1212.885971,1142.344971,70.541,-828.122009,501.613991,273.438995,,,,112.228996,115.945999,-12.217,874.160953,-291.960999,0.0,291.960999,582.200012,0.0,0.0,582.200012,-149.820999,432.378998,0.0,,,432.379013,-1.029,431.350006,-7.288,0.0,424.062006,424.062006,,417.234985,1.02,1.02,0.75,458.798004,0.95,0.95,0.69,
12/31/2005,1009.876976,390.132973,1392.265968,1302.344971,89.920998,-1002.132996,619.744003,289.996002,,,,123.662003,206.085999,-65.318001,944.558975,-296.662994,0.0,296.662994,647.895996,0.0,0.0,647.895996,-215.906998,431.989014,0.0,,,431.988998,-0.954,431.035004,-7.832,0.0,423.203004,423.203004,,415.907013,1.02,1.02,0.68,457.406006,0.96,0.96,0.63,
03/31/2006,673.364,387.521,1480.305,1384.495,95.81,-1092.784,285.843,-56.716,,,,217.45,125.109,-60.319,613.045,-323.309,0.0,323.309,289.736,0.0,0.0,289.736,-137.045,152.691,0.0,,,152.691,-1.09,151.601,-8.301,0.0,143.3,143.3,,412.675,0.35,0.35,0.68,422.974,0.34,0.34,0.65,
06/30/2006,1490.958977,356.804955,1560.871971,1435.917969,124.954002,-1204.067017,1134.154022,793.981018,,,,206.259003,133.914001,-67.396004,1423.562973,-316.60199,0.0,316.60199,1106.96106,0.0,0.0,1106.96106,-381.828003,725.132996,0.0,,,725.133057,-1.355,723.778015,-8.787,0.0,714.991015,714.991015,,410.957001,1.74,1.74,0.78,454.313995,1.52,1.52,0.72,
09/30/2006,888.993,337.821,1701.092,1560.009,141.083,-1363.271,551.172,56.85,,,,348.486,145.836,-67.242,821.751,-353.494,,353.494,468.257,,,468.257,-203.686,264.571,,,,264.571,-1.099,263.472,-9.221,,254.251,254.251,,410.034,0.62,0.62,0.76,449.841,0.6,0.6,0.73,
12/31/2006,575.072,371.97,1834.703,1693.548,141.155,-1462.733,203.102,-280.451,,,,310.276,173.277,-92.005,483.067,-352.747,0.0,352.747,130.32,0.0,0.0,130.32,-111.752,18.568,0.0,,,18.568,-0.463,18.105,-9.258,0.0,8.847,8.847,,409.597,0.02,0.02,0.77,418.357,0.02,0.02,0.74,
03/31/2007,933.676,413.816,1945.906,1832.002,113.904,-1532.09,519.86,-20.636,,,,378.501,161.995,-150.33,783.346,-356.174,0.0,356.174,427.172,0.0,0.0,427.172,-310.014,117.158,0.0,,,117.158,-1.005,116.153,-9.093,,107.06,107.06,,411.04,0.26,0.26,0.58,418.449,0.26,0.26,0.57,
06/30/2007,1618.891037,398.65303,2095.882034,1954.358032,141.524002,-1697.229004,1220.238007,810.64502,,,,243.496994,166.095993,-148.199997,1470.69104,-398.799988,0.0,398.799988,1071.890991,0.0,0.0,1071.890991,-104.723999,967.166992,0.0,,,967.166992,-0.696,966.471008,-9.156,0.0,957.315008,957.315008,,411.869995,2.32,2.32,0.46,452.406006,1.03,1.03,0.43,
09/30/2007,239.265,441.31,2321.121,2109.818,211.303,-1879.811,-202.045,-512.641,,,,151.124,159.472,-142.6,96.665,-355.899,0.0,355.899,-259.234,0.0,0.0,-259.234,-84.449,-343.683,0.0,,,-343.683,-0.077,-343.76,-9.274,0.0,-353.034,-353.034,,412.944,-0.85,-0.85,0.7,412.944,-0.85,-0.85,0.7,
12/31/2007,-706.473,334.471,2311.113,2070.267,240.846,-1976.642,-1040.944,-1366.144,,,,156.141,169.059,-574.178,-1280.651,-440.974,0.0,440.974,-1721.625,0.0,0.0,-1721.625,86.904,-1634.721,0.0,,,-1634.721,-0.537,-1635.258,-9.622,,-1644.88,-1644.88,,413.049,-3.98,-3.98,-0.36,413.049,-3.98,-3.98,-0.36,
03/31/2008,347.28,276.369,1891.814,1767.998,123.816,-1615.445,70.911,-307.462,,,,227.601,150.772,-137.311,209.969,-355.648,0.0,355.648,-145.679,-20.678,20.678,-166.357,62.488,-103.869,0.0,,,-103.869,0.065,-103.804,-29.025,0.0,-132.829,-132.829,,466.58,-0.28,-0.28,0.38,466.58,-0.28,-0.28,0.38,
06/30/2008,965.179,402.543,1768.461,1697.94,70.521,-1365.918,562.636,318.46,,,,109.083,135.093,-143.015,822.164,-353.688,0.0,353.688,468.476,-46.74,46.74,421.736,-153.074,268.662,0.0,,,268.662,-2.926,265.736,-27.391,0.0,238.345,238.345,140.475,466.649,0.51,0.51,0.81,517.954,0.5,0.5,0.77,
09/30/2008,302.753,474.749,1869.282,1812.128,57.154,-1394.533,-171.996,-285.656,,,,191.256,-77.596,-186.909,115.844,-367.152,0.0,367.152,-251.308,-10.508,10.508,-261.816,103.819,-157.997,0.0,,,-157.997,-0.544,-158.541,-27.474,0.0,-186.015,-186.015,,466.646,-0.4,-0.4,-0.4,466.646,-0.4,-0.4,-0.4,
12/31/2008,205.578,210.559,1740.081,1715.308,24.773,-1529.522,-4.981,-356.91,,,,195.382,156.547,-252.415,-46.837,-270.864,0.0,270.864,-317.701,-5.748,5.748,-323.449,132.263,-191.186,24.304,,,-215.49,-0.527,-216.017,-27.316,0.0,-243.333,-243.333,3.7362,466.692,-0.52,-0.47,-0.47,466.692,-0.52,-0.47,-0.47,
03/31/2009,568.72,215.063,1241.61,1235.639,5.971,-1026.547,353.657,104.025,0.0,,104.025,13.518,236.114,-250.279,318.441,-298.889,0.0,298.889,19.552,0.0,0.0,19.552,5.517,25.069,46.174,46.174,0.0,-21.105,-0.281,-21.386,-26.395,0.0,-47.781,-47.781,-38.9883,466.761,-0.1,-0.003443,-0.086972,466.761,-0.1,-0.003443,-0.086972,
06/30/2009,430.532,383.701,1203.16,1196.116,7.044,-819.459,46.831,-561.795,0.0,,-561.795,185.628,422.998,-278.112,152.42,-311.497,0.0,311.497,-159.077,0.0,0.0,-159.077,43.11,-115.967,6.542,6.542,0.0,-122.509,-0.211,-122.72,-25.8,0.0,-148.52,-148.52,-208.5616,466.799,-0.32,-0.31,-0.750943,466.799,-0.32,-0.31,-0.756791,
09/30/2009,882.671,525.176,1199.046,1192.165,6.881,-673.87,357.495,-99.104,0.0,12.452,-111.556,285.352,171.247,-321.127,561.544,-305.622,0.0,305.622,255.922,-9.774,9.774,246.148,-80.423,165.725,6.417,6.417,0.0,159.308,-0.198,159.11,-42.627,0.0,116.483,116.483,-46.71875,470.28,0.25,0.26,0.161991,471.058,0.25,0.26,0.160822,
12/31/2009,834.661,598.786,,,,,235.875,235.875,0.0,271.084,-35.209,,,,834.661,,,,,-46.471,46.471,683.578,,,148.724,148.724,0.0,309.134,,,,,,,-46.6713,,,,,,,,,
03/31/2010,1087.185,854.477,1385.861,1380.912,4.949,-531.384,232.708,-73.757,0.0,8.653,-82.41,202.584,103.881,-359.12,728.065,-312.439,0.0,312.439,415.626,-9.712,9.712,405.914,-159.16,246.754,6.614,6.614,0.0,240.14,0.0,240.14,-18.678,0.0,221.462,221.462,-41.49015,484.259,0.46,0.47,0.385302,526.631,0.45,0.46,0.381216,
06/30/2010,1263.236,895.922,1464.855,1458.556,6.299,-568.933,367.314,91.801,0.0,-3.515,95.316,186.912,88.601,-382.239,880.997,-327.537,0.0,327.537,553.46,-9.71,9.71,543.75,-198.978,344.772,6.954,6.954,0.0,337.818,,337.818,-18.711,0.0,319.107,319.107,-33.21,484.832,0.66,0.67,0.604026,527.391,0.63,0.64,0.57703,
09/30/2010,720.0,872.0,1511.0,1503.0,8.0,-639.0,-152.0,-343.0,0.0,1.0,-344.0,177.0,14.0,-358.0,362.0,-312.0,0.0,312.0,50.0,-670.0,670.0,-620.0,126.0,-494.0,1.0,1.0,0.0,-495.0,,-495.0,-19.0,0.0,-514.0,-514.0,635.88705,485.0,-1.06,-1.06,0.253375,485.0,-1.06,-1.06,0.251107,
12/31/2010,1146.0,857.0,,,,,289.0,289.0,0.0,318.0,-29.0,,,,1146.0,,,,,0.0,0.0,760.0,,,52.0,52.0,0.0,447.0,,,,,,,-47.8661,,,,,,,,,
03/31/2011,892.365,897.966,1492.561,1487.222,5.339,-594.595,-5.601,-241.882,0.0,,-241.882,176.633,59.648,-303.405,588.96,-306.761,0.0,306.761,282.199,-6.064,6.064,276.135,-99.711,176.424,1.73,1.73,0.0,174.694,0.0,174.694,-3.878,0.0,170.816,170.816,-22.3223,526.746,0.32,0.32,0.285192,531.964,0.32,0.32,0.278038,
06/30/2011,540.347,868.407,1459.834,1455.091,4.743,-591.427,-328.06,-509.788,0.0,,-509.788,178.217,3.511,-290.686,249.661,-270.313,0.0,270.313,-20.652,-6.063,6.063,-26.715,9.585,-17.13,-11.482,-11.482,0.0,-5.648,,-5.648,-4.052,0.0,-9.7,-9.7,0.82615,523.808,-0.02,-0.04,-0.038861,523.808,-0.02,-0.04,-0.038861,
09/30/2011,585.0,885.0,1476.0,1472.0,4.0,-591.0,-300.0,-480.0,0.0,,-480.0,179.0,1.0,-409.0,176.0,-286.0,0.0,286.0,-110.0,-6.0,6.0,-116.0,46.0,-70.0,-23.0,-23.0,0.0,-47.0,,-47.0,-5.0,0.0,-52.0,-52.0,0.65,511.0,-0.1,-0.14,-0.145499,511.0,-0.1,-0.14,-0.145499,
12/31/2011,1338.0,879.0,1502.0,1497.0,5.0,-623.0,459.0,237.0,,-35.0,272.0,179.0,43.0,-292.0,1046.0,-251.0,,251.0,795.0,0.0,0.0,795.0,-285.0,510.0,-1.0,-1.0,0.0,511.0,,511.0,-5.0,0.0,506.0,506.0,5.3469,514.0,1.0,1.0,0.992893,514.0,0.99,0.99,0.992893,
03/31/2012,703.0,811.0,1477.0,1472.0,5.0,-666.0,-108.0,-372.0,0.0,,-372.0,187.0,77.0,-253.0,450.0,-267.0,0.0,267.0,183.0,-5.0,5.0,178.0,-67.0,111.0,0.0,0.0,0.0,111.0,1.0,112.0,-5.0,0.0,107.0,107.0,-20.8,503.0,0.21,0.21,0.171372,510.0,0.21,0.21,0.169216,
06/30/2012,946.0,747.0,1403.0,1397.0,6.0,-656.0,199.0,6.0,0.0,,6.0,175.0,18.0,-243.0,703.0,-234.0,0.0,234.0,469.0,-5.0,5.0,464.0,-169.0,295.0,4.0,4.0,0.0,291.0,1.0,292.0,-5.0,0.0,287.0,287.0,-11.05,482.0,0.59,0.6,0.580809,488.0,0.59,0.6,0.577357,
09/30/2012,788.0,819.0,1464.0,1459.0,5.0,-645.0,-31.0,-233.0,0.0,,-233.0,156.0,46.0,-270.0,518.0,-222.0,0.0,222.0,296.0,-5.0,5.0,291.0,-104.0,187.0,0.0,0.0,0.0,187.0,1.0,188.0,-5.0,0.0,183.0,183.0,-27.3,464.0,0.39,0.39,0.33556,471.0,0.39,0.39,0.332038,
12/31/2012,1060.0,832.0,1426.0,1421.0,5.0,-594.0,228.0,-27.0,0.0,1.0,-28.0,163.0,92.0,-314.0,746.0,-227.0,0.0,227.0,519.0,-14.0,14.0,505.0,-157.0,348.0,0.0,0.0,0.0,348.0,,348.0,-5.0,0.0,343.0,343.0,-18.3,463.0,0.75,0.75,0.701296,463.0,0.74,0.74,0.701296,
03/31/2013,1045.0,795.0,1366.0,1361.0,5.0,-571.0,250.0,24.0,0.0,55.0,-31.0,169.0,57.0,-241.0,804.0,-245.0,0.0,245.0,559.0,-3.0,3.0,556.0,-211.0,345.0,-1.0,-1.0,0.0,346.0,,346.0,-5.0,0.0,341.0,341.0,-8.45,451.0,0.76,0.75388,0.735144,458.0,0.74,0.737817,0.719367,
06/30/2013,1294.0,784.0,1337.0,1333.0,4.0,-553.0,510.0,269.0,0.0,251.0,18.0,198.0,43.0,-201.0,1093.0,-282.0,0.0,282.0,811.0,-4.0,4.0,807.0,-300.0,507.0,-35.0,-35.0,0.0,542.0,1.0,543.0,-5.0,0.0,538.0,538.0,3.25,440.0,1.22,1.14,1.150568,448.0,1.2,1.12,1.127254,
09/30/2013,169.93,116.783,137.693,131.03,6.663,-20.91,53.147,43.731,0.0,43.731,0.0,0.0,9.416,-20.404,149.526,-70.197,0.0,70.197,79.329,0.0,0.0,79.329,-30.272,49.057,0.0,0.0,0.0,49.057,0.333,49.39,,0.0,49.39,49.39,1.07705,436.109,0.11,0.11,0.115721,444.939,0.11,0.11,0.112421,
12/31/2013,201.649,122.213,146.331,142.446,3.885,-24.118,79.436,68.094,0.0,68.094,0.0,0.0,11.342,-29.258,172.391,-75.598,0.0,75.598,96.793,0.0,0.0,96.793,-36.923,59.87,0.0,0.0,0.0,59.87,0.332,60.202,0.0,0.0,60.202,60.202,0.9685,433.875,0.14,0.14,0.140986,442.949,0.14,0.14,0.140986,
03/31/2014,180.498,139.238,161.869,160.035,1.834,-22.631,41.26,33.124,0.0,33.888,-0.764,0.0,8.136,-39.159,141.339,-63.9,0.0,63.9,77.439,-1.767,1.767,75.672,-28.658,47.014,0.0,0.0,0.0,47.014,0.434,47.448,,0.0,47.448,47.448,0.90885,426.717,0.11,0.11,0.113323,434.65,0.11,0.11,0.112091,
06/30/2014,152.238,144.539,165.573,162.238,3.335,-21.034,7.699,-7.53,0.0,1.928,-9.458,0.0,15.229,-1.014,151.224,-73.999,0.0,73.999,77.225,-1.156,1.156,76.069,-31.941,44.128,0.0,0.0,0.0,44.128,0.0,44.128,-3.228,0.0,40.9,40.9,13.111,422.805,0.1,0.1,0.127744,430.75,0.09,0.09,0.120438,
09/30/2014,240.035,144.026,168.203,164.106,4.097,-24.177,96.009,90.548,0.0,90.548,0.0,0.0,5.461,-14.898,225.137,-87.308,0.0,87.308,137.829,0.0,0.0,137.829,-54.903,82.926,0.0,0.0,0.0,82.926,0.0,82.926,-4.85,0.0,78.076,78.076,9.89885,423.079,0.18,0.18,0.20794,431.604,0.18,0.18,0.202935,
12/31/2014,162.992,150.676,178.649,174.413,4.236,-27.973,12.316,1.221,0.0,1.221,0.0,0.0,11.095,-30.458,132.534,-88.352,0.0,88.352,44.182,0.0,0.0,44.182,-24.465,19.717,0.0,0.0,0.0,19.717,0.0,19.717,-4.855,0.0,14.862,14.862,7.5595,423.325,0.04,0.04,0.052965,432.108,0.03,0.03,0.047494,
03/31/2015,182.253,170.954,201.356,197.856,3.5,-30.402,11.299,3.292,0.0,0.0,3.292,,8.007,-16.618,165.635,-85.844,0.0,85.844,79.791,-0.37,0.37,79.421,-31.722,47.699,0.0,0.0,0.0,47.699,0.0,47.699,-4.823,0.0,42.876,42.876,1.66305,424.428,0.1,0.1,0.104939,432.302,0.1,0.1,0.103847,
06/30/2015,257.645,168.257,198.474,195.287,3.187,-30.217,89.388,78.476,0.0,76.874,1.602,0.0,10.912,-15.558,242.087,-90.543,0.0,90.543,151.544,-0.37,0.37,151.174,-60.158,91.016,0.0,0.0,0.0,91.016,0.0,91.016,-4.87,0.0,86.146,86.146,0.1036,425.688,0.2,0.2,0.202612,432.742,0.2,0.2,0.200239,
09/30/2015,185.35,175.442,208.901,205.274,3.627,-33.459,9.908,-0.547,0.0,0.0,-0.547,0.0,10.455,-27.497,157.853,-94.144,0.0,94.144,63.709,0.0,0.0,63.709,-17.985,45.724,0.0,0.0,0.0,45.724,0.0,45.724,-4.913,0.0,40.811,40.811,1.4625,426.019,0.1,0.1,0.099229,432.547,0.09,0.09,0.093381,
12/31/2015,259.844,187.846,222.387,218.703,3.684,-34.541,71.998,59.437,0.0,58.484,0.953,0.0,12.561,-30.382,229.462,-84.332,0.0,84.332,145.13,-0.37,0.37,144.76,-54.915,89.845,0.0,0.0,0.0,89.845,0.0,89.845,-4.989,0.0,84.856,84.856,-0.81745,426.137,0.2,0.2,0.19721,431.531,0.2,0.2,0.19721,
03/31/2016,230.537,209.863,249.455,245.23,4.225,-39.592,20.674,-0.354,0.0,0.0,-0.354,0.0,21.028,-32.602,197.935,-92.885,0.0,92.885,105.05,-0.26,0.26,104.79,-38.875,65.915,0.0,0.0,0.0,65.915,0.0,65.915,-5.139,0.0,60.776,60.776,-0.643,427.111,0.14,0.14,0.14079,430.903,0.14,0.14,0.138508,
06/30/2016,228.591,212.766,255.241,251.675,3.566,-42.475,15.825,2.142,0.0,0.0,2.142,0.0,13.683,-41.793,186.798,-94.777,0.0,94.777,92.021,-0.261,0.261,91.76,-34.555,57.205,0.0,0.0,0.0,57.205,0.0,57.205,-5.243,0.0,51.962,51.962,-0.908,427.942,0.12,0.12,0.119301,431.796,0.12,0.12,0.117897,
09/30/2016,246.241,223.275,272.537,268.341,4.196,-49.262,22.966,1.368,0.0,0.0,1.368,0.0,21.598,-41.784,204.457,-99.709,0.0,99.709,104.748,-0.226,0.226,104.522,-47.557,56.965,0.0,0.0,0.0,56.965,0.0,56.965,-5.316,0.0,51.649,51.649,-0.511,428.077,0.12,0.12,0.11946,433.523,0.12,0.12,0.118821,
12/31/2016,254.785,245.434,300.013,295.241,4.772,-54.579,9.351,-3.884,0.0,0.23,-4.114,0.0,13.235,-43.226,211.559,-97.81,0.0,97.81,113.749,-0.385,0.385,113.364,-43.122,70.242,0.0,0.0,0.0,70.242,0.0,70.242,-5.506,0.0,64.736,64.736,3.99,428.374,0.15112,0.15112,0.160435,435.454,0.148663,0.148663,0.157826,
03/31/2017,274.044,268.076,329.488,324.757,4.731,-61.412,5.968,-5.378,0.0,0.0,-5.378,0.0,11.346,-25.296,248.748,-102.677,0.0,102.677,146.071,-0.117,0.117,145.954,-51.011,94.943,0.0,0.0,0.0,94.943,0.0,94.943,-5.575,0.0,89.368,89.368,3.374,429.891,0.21,0.21,0.215734,438.735,0.2,0.2,0.20769,
06/30/2017,276.913,269.893,342.095,336.739,5.356,-72.202,7.02,-3.609,0.0,0.0,-3.609,0.0,10.629,-50.215,226.698,-111.251,0.0,111.251,115.447,-0.117,0.117,115.33,-44.713,70.617,0.0,0.0,0.0,70.617,0.0,70.617,-3.974,0.0,66.643,66.643,2.168,431.245,0.15,0.15,0.159564,438.115,0.15,0.15,0.154948,
09/30/2017,288.177,282.061,366.224,359.61,6.614,-84.163,6.116,1.661,0.0,0.0,1.661,0.0,4.455,-54.93,233.247,-116.142,0.0,116.142,117.105,-0.117,0.117,116.988,-40.617,76.371,0.0,0.0,0.0,76.371,0.0,76.371,-3.028,0.0,73.343,73.343,-0.912,431.718,0.17,0.17,0.167774,438.419,0.17,0.17,0.167774,
12/31/2017,308.251,309.191,399.496,392.399,7.097,-90.305,-0.94,-0.94,0.0,0.0,-0.94,0.0,0.0,-55.324,252.927,-139.616,0.0,139.616,113.311,-0.118,0.118,113.193,-66.19,47.003,0.0,0.0,0.0,47.003,0.0,47.003,-3.137,0.0,43.866,43.866,15.471,431.98,0.1,0.1,0.137361,438.932,0.1,0.1,0.135247,
03/31/2018,346.148,332.614,437.231,430.048,7.183,-104.617,13.534,3.892,0.0,0.0,3.892,0.0,9.642,-53.931,292.217,-124.874,0.0,124.874,167.343,-0.092,0.092,167.251,-40.997,126.254,0.0,0.0,0.0,126.254,0.0,126.254,-3.397,0.0,122.857,122.857,-2.863,433.952,0.28,0.28,0.276514,438.977,0.28,0.28,0.273478,
06/30/2018,348.488,340.95,462.311,454.045,8.266,-121.361,7.538,-4.757,0.0,0.511,-5.268,,12.295,-63.267,285.221,-135.315,0.0,135.315,149.906,0.0,0.0,149.906,-40.074,109.832,0.0,0.0,0.0,109.832,0.0,109.832,-3.92,0.0,105.912,105.912,3.807,435.187,0.24,0.24,0.252119,439.445,0.24,0.24,0.248663,
09/30/2018,270.982,356.633,497.597,485.997,11.6,-140.964,-85.651,-4.949,0.0,,-4.949,0.0,-80.702,-70.047,200.935,-150.724,0.0,150.724,50.211,0.0,0.0,50.211,53.667,103.878,0.0,0.0,0.0,103.878,0.0,103.878,-4.124,0.0,99.754,99.754,3.454,435.468,0.23,0.23,0.237005,440.019,0.23,0.23,0.237005,
12/31/2018,395.551,382.867,538.213,524.597,13.616,-155.346,12.684,6.238,0.0,0.0,6.238,0.0,6.446,-57.619,337.932,-145.971,0.0,145.971,191.961,0.0,0.0,191.961,-44.449,147.512,0.0,0.0,0.0,147.512,0.0,147.512,-4.199,0.0,143.313,143.313,-5.37,435.586,0.33,0.33,0.316684,440.264,0.33,0.33,0.316684,
03/31/2019,418.422,402.281,566.453,553.479,12.974,-164.172,16.141,2.763,0.0,0.0,2.763,,13.378,-63.79,354.632,-140.147,0.0,140.147,214.485,0.0,0.0,214.485,-56.296,158.189,0.0,0.0,0.0,158.189,0.0,158.189,-4.468,0.0,153.721,153.721,-3.175,434.574,0.35,0.35,0.346422,438.248,0.35,0.35,0.342755,
06/30/2019,416.259,396.868,573.722,553.905,19.817,-176.854,19.391,16.736,0.0,0.0,16.736,,2.655,-93.375,322.884,-138.806,0.0,138.806,184.078,0.0,0.0,184.078,-33.801,150.277,0.0,0.0,0.0,150.277,0.0,150.277,-4.331,0.0,145.946,145.946,-13.784,429.278,0.34,0.34,0.30787,432.253,0.34,0.34,0.30787,
09/30/2019,422.306,405.065,590.391,564.698,25.693,-185.326,17.241,1.961,0.0,0.0,1.961,0.0,15.28,-99.526,322.78,-153.621,0.0,153.621,169.159,0.0,0.0,169.159,-40.701,128.458,0.0,0.0,0.0,128.458,0.0,128.458,-4.153,0.0,124.305,124.305,2.148,424.149,0.29,0.29,0.298133,427.336,0.29,0.29,0.295026,
12/31/2019,415.255,419.101,600.466,577.087,23.379,-181.365,-3.846,-3.635,0.0,0.0,-3.635,0.0,-0.211,-97.558,317.697,-141.679,0.0,141.679,176.018,0.0,0.0,176.018,-34.666,141.352,0.0,0.0,0.0,141.352,0.0,141.352,-3.885,0.0,137.467,137.467,4.396,421.346,0.33,0.33,0.33669,425.042,0.32,0.32,0.330343,
03/31/2020,692.21,400.116,574.933,555.277,19.656,-174.817,292.094,284.607,0.0,238.935,45.672,,7.487,-61.258,630.952,-147.298,0.0,147.298,483.654,0.0,0.0,483.654,-121.481,362.173,0.0,0.0,0.0,362.173,0.0,362.173,-3.464,0.0,358.709,358.709,-31.982,409.786,0.88,0.88,0.797311,412.755,0.87,0.87,0.792516,
06/30/2020,377.569,348.775,484.795,480.17,4.625,-136.02,28.794,3.382,0.0,-0.369,3.751,,25.412,-351.887,25.682,-141.557,0.0,141.557,-115.875,0.0,0.0,-115.875,30.664,-85.211,0.0,0.0,0.0,-85.211,0.0,-85.211,-2.478,0.0,-87.689,-87.689,5.935,375.009,-0.23,-0.23,-0.218005,375.009,-0.23,-0.23,-0.218005,
09/30/2020,374.333,,,,,,,,,,,,,,,,,,,,,57.208,,52.35,,,,,,52.35,,,52.35,52.35,,,0.122,0.122,0.083,,0.122,0.122,0.083,
12/31/2020,375.0,,,,,,,,,,,,,,,,,,,,,155.375,,113.0,,,,,,113.0,,,113.0,113.0,,,0.323,0.323,0.29,,0.323,0.323,0.29,
