Date,Revenue,Sales & Services Revenue,Financing Revenue,Cost of Revenue,Cost of Goods & Services,Cost of Financing Revenue,Gross Profit,Other Operating Income,Operating Expenses,"Selling, General & Admin",Research & Development,Other Operating Expense,Operating Income (Loss),Non-Operating (Income) Loss,"Interest Expense, Net",Interest Expense,Interest Income,Foreign Exch (Gain) Loss,(Income) Loss from Affiliates,Other Non-Op (Income) Loss,Pretax Income,Income Tax Expense (Benefit),Income (Loss) from Cont Ops,Net Extraordinary Losses (Gains),Discontinued Operations,XO & Accounting Changes,Income (Loss) Incl. MI,Minority Interest,"Net Income, GAAP",Preferred Dividends,Other Adjustments,"Net Income Avail to Common, GAAP","Net Income Avail to Common, Adj",Net Abnormal Losses (Gains),Basic Weighted Avg Shares,"Basic EPS, GAAP",Basic EPS from Cont Ops,"Basic EPS from Cont Ops, Adjusted",Diluted Weighted Avg Shares,"Diluted EPS, GAAP",Diluted EPS from Cont Ops,"Diluted EPS from Cont Ops, Adjusted",Source: Bloomberg
03/31/1990,240.393997,,,-119.903999,,,120.489998,,-73.535004,,,,46.955002,2.145,,,,0.0,,-2.145,49.100002,-17.968,31.132,0.0,,,31.132001,0.0,31.132,0.0,,31.132,31.132,,61.699499,0.506667,0.506667,0.506667,61.699499,0.506667,0.506667,0.506667,
06/30/1990,239.472,,,-121.351997,,,118.120003,,-74.464996,,,,43.654999,-0.913,,,,0.0,,0.913,42.741999,-15.591,27.150999,0.0,,,27.150999,0.0,27.150999,0.0,,27.150999,27.150999,,61.728001,0.44,0.44,0.44,61.728001,0.44,0.44,0.44,
09/29/1990,227.889008,,,-113.124001,,,114.765007,,-74.749001,,,,40.015999,-0.379,,,,0.0,,0.379,39.636999,-14.427,25.209999,0.0,,,25.209999,0.0,25.209999,0.0,,25.209999,25.209999,,61.7805,0.406667,0.406667,0.406667,61.7805,0.406667,0.406667,0.406667,
12/29/1990,223.778,,,-108.003998,,,115.774002,,-136.516998,,,,-20.743,49.124001,,,,0.0,,-49.124001,28.381001,-11.114,17.267,0.0,,,17.267,0.0,17.267,0.0,,17.267,17.267,,61.902002,0.28,0.28,0.28,61.902002,0.28,0.28,0.28,
03/30/1991,222.990997,,,-115.100998,,,107.889999,,-77.757004,,,,30.132999,-3.419,,,,0.0,,3.419,26.714,-9.899,16.815001,38.949001,,,-22.134002,0.0,-22.134001,0.0,,-22.134001,-22.134001,,61.961998,-0.346667,0.273333,0.273333,61.961998,-0.346667,0.273333,0.273333,
06/29/1991,225.304001,,,-115.866997,,,109.437004,,-76.632004,,,,32.805,-2.024,,,,0.0,,2.024,30.781,-11.637,19.143999,0.0,,,19.144,0.0,19.143999,0.0,,19.143999,19.143999,,62.206501,0.306667,0.306667,0.306667,62.206501,0.306667,0.306667,0.306667,
09/28/1991,215.464005,,,-108.098999,,,107.365005,,-79.323997,,,,28.041,1.353,,,,0.0,,-1.353,29.394,-10.899,18.495001,0.0,,,18.495,0.0,18.495001,0.0,,18.495001,18.495001,,62.541,0.293333,0.293333,0.293333,62.541,0.293333,0.293333,0.293333,
12/28/1991,217.832001,,,-104.838997,,,112.993004,,-136.994995,,,,-24.002001,55.639,,,,0.0,,-55.639,31.636999,-12.865,18.771999,0.0,,,18.771999,0.0,18.771999,0.0,,18.771999,18.771999,,63.27,0.293333,0.293333,0.293333,63.27,0.293333,0.293333,0.293333,
03/28/1992,226.253006,,,-111.990997,,,114.262009,,-83.608002,,,,30.653999,-1.297,,,,0.0,,1.297,29.356999,-10.882,18.475,0.0,,,18.474999,0.0,18.475,0.0,,18.475,18.475,,63.376499,0.293333,0.293333,0.293333,63.376499,0.293333,0.293333,0.293333,
06/27/1992,232.906998,,,-115.065002,,,117.841995,,-85.986,,,,31.856001,-0.244,,,,0.0,,0.244,31.612001,-12.023,19.589001,0.0,,,19.589001,0.0,19.589001,0.0,,19.589001,19.589001,,63.4275,0.306667,0.306667,0.306667,63.4275,0.306667,0.306667,0.306667,
09/26/1992,225.554001,,,-111.010002,,,114.543999,,-88.896004,,,,25.648001,-1.178,,,,0.0,,1.178,24.470001,-9.315,15.155,0.0,,,15.155001,0.0,15.155,0.0,,15.155,15.155,,63.48,0.24,0.24,0.24,63.48,0.24,0.24,0.24,
01/02/1993,299.085999,,,-136.320999,,,162.764999,,-198.893997,,,,-36.129002,60.264999,,,,0.0,,-60.264999,24.135998,-11.38,12.756,0.0,,,12.755998,0.0,12.756,0.0,,12.756,12.756,,63.612001,0.2,0.2,0.2,63.612001,0.2,0.2,0.2,
04/03/1993,270.674011,,,-131.735992,,,138.938019,,-108.292,,,,30.646,-1.541,,,,0.0,,1.541,29.105,-10.601,18.504,0.0,,,18.504,0.0,18.504,0.0,,18.504,18.504,,63.654001,0.293333,0.293333,0.293333,63.654001,0.293333,0.293333,0.293333,
07/03/1993,272.717987,,,-125.878998,,,146.838989,,-109.795998,,,,37.042999,-2.592,,,,0.0,,2.592,34.450999,-12.089,22.362,0.0,,,22.362,0.0,22.362,0.0,,22.362,22.362,,63.712498,0.346667,0.346667,0.346667,63.712498,0.346667,0.346667,0.346667,
10/02/1993,271.096008,,,-130.337006,,,140.759003,,-106.050003,,,,34.709,-3.355,,,,0.0,,3.355,31.354,-10.818,20.535999,0.0,,,20.536,0.0,20.535999,0.0,,20.535999,20.535999,,63.827997,0.32,0.32,0.32,63.827997,0.32,0.32,0.32,
12/31/1993,317.522003,,,-148.330002,,,169.192001,,-185.772003,,,,-16.58,58.161001,,11.198,,0.0,,-69.359001,41.581001,-17.171,24.41,0.0,,,24.410002,0.0,24.41,0.0,,24.41,24.41,,63.855,0.386667,0.386667,0.386667,63.855,0.386667,0.386667,0.386667,
04/02/1994,298.777008,,,-145.307007,,,153.470001,,-113.866997,,,,39.603001,-2.36,,,,0.0,,2.36,37.243001,-14.409,22.834,0.0,,,22.834,0.0,22.834,0.0,,22.834,22.834,,64.001999,0.36,0.36,0.36,64.001999,0.36,0.36,0.36,
07/02/1994,298.752014,,,-142.664993,,,156.087021,,-113.375,,,,42.712002,-2.368,,,,0.0,,2.368,40.344002,-14.245,26.099001,0.0,,,26.099002,0.0,26.099001,0.0,,26.099001,26.099001,,64.078503,0.406667,0.406667,0.406667,64.078503,0.406667,0.406667,0.406667,
10/01/1994,278.359009,,,-137.587997,,,140.771011,,-108.924004,,,,31.847,1.536,,,,0.0,,-1.536,33.383,-10.677,22.705999,0.0,,,22.706,0.0,22.705999,0.0,,22.705999,22.705999,,64.147499,0.353333,0.353333,0.353333,64.147499,0.353333,0.353333,0.353333,
12/31/1994,318.40799,,,-159.899002,,,158.508987,,-174.195007,,,,-15.686,58.384998,,,,0.0,,-58.384998,42.698998,-16.024,26.674999,0.0,,,26.674998,0.0,26.674999,0.0,,26.674999,26.674999,,64.185001,0.413333,0.413333,0.413333,64.185001,0.413333,0.413333,0.413333,
04/01/1995,309.106995,,,-149.837997,,,159.268997,,-132.352005,,,,26.917,15.082999,,2.509,,0.0,,-17.591999,41.999999,-15.54,26.459999,0.0,,,26.459999,0.0,26.459999,0.0,,26.459999,26.459999,,63.574499,0.42,0.42,0.42,63.574499,0.42,0.42,0.42,
07/01/1995,326.81601,,,-159.569,,,167.247009,,-134.483994,,,,32.763,14.409001,,3.069,,0.0,,-17.478001,47.172001,-17.454,29.718,0.0,,,29.718001,0.0,29.718,0.0,,29.718,29.718,,61.160997,0.48,0.48,0.48,61.160997,0.48,0.48,0.48,
09/30/1995,309.065002,,,-151.026001,,,158.039001,,-129.227005,,,,28.812,12.986001,,4.134,,0.0,,-17.120001,41.798001,-15.469,26.329,0.0,,,26.329001,0.0,26.329,0.0,,26.329,26.329,,60.574499,0.43,0.43,0.43,60.574499,0.43,0.43,0.43,
12/30/1995,347.136993,,,-168.201004,,,178.935989,,-141.957993,,,,36.978001,11.941,,3.615,,0.0,,-15.556,48.919,-18.096001,30.823,0.0,,,30.823,0.0,30.823,0.0,,30.823,30.823,,60.729,0.51,0.51,0.51,60.729,0.51,0.51,0.51,
03/30/1996,344.364014,,,-170.535004,,,173.82901,,-139.699005,,,,34.130001,12.934,,2.942,,0.0,,-15.876,47.064002,-17.414,29.65,0.0,,,29.650002,0.0,29.65,0.0,,29.65,29.65,,60.920998,0.49,0.49,0.49,61.7715,0.48,0.48,0.48,
06/29/1996,384.553986,,,-190.425003,,,194.128983,,-151.731003,,,,42.397999,12.408,,3.31,,0.0,,-15.718,54.805999,-20.278,34.528,0.0,,,34.527999,0.0,34.528,0.0,,34.528,34.528,,61.0935,0.56,0.56,0.56,61.657499,0.56,0.56,0.56,
09/28/1996,347.201996,,,-170.723999,,,176.477997,,-141.397995,,,,35.080002,13.753,,3.06,,0.0,,-16.813,48.833002,-18.068001,30.764999,0.0,,,30.765001,0.0,30.764999,0.0,,30.764999,30.764999,,61.039001,0.51,0.51,0.51,61.529999,0.5,0.5,0.5,
12/28/1996,409.158997,,,-202.811005,,,206.347992,,-161.699005,,,,44.648998,13.301,,3.337,,0.0,,-16.638,57.949998,-21.441999,36.507999,0.0,,,36.507999,0.0,36.507999,0.0,,36.507999,36.507999,,60.819,0.6,0.6,0.6,61.877998,0.59,0.59,0.59,
03/29/1997,375.299011,,,-182.332001,,,192.96701,,-151.319,,,,41.647999,12.088999,,4.381,,0.0,,-16.469999,53.736998,-19.882999,33.854,0.0,,,33.853999,0.0,33.854,0.0,,33.854,33.854,,60.855,0.56,0.56,0.56,61.678001,0.55,0.55,0.55,
06/30/1997,409.230988,,,-201.563995,,,207.666992,,-159.112,,,,48.555,13.302999,,4.479,,0.0,,-17.782,61.858,-22.886999,38.971001,0.0,,,38.971001,0.0,38.971001,0.0,,38.971001,38.971001,,60.924,0.64,0.64,0.64,61.734001,0.63,0.63,0.63,
09/27/1997,391.161987,,,-191.867996,,,199.293991,,-154.343994,,,,44.950001,11.422,,4.119,,0.0,,-15.541,56.372001,-20.858,35.514,0.0,,,35.514001,0.0,35.514,0.0,,35.514,35.514,,60.969002,0.58,0.58,0.58,61.797001,0.58,0.58,0.58,
01/03/1998,496.52301,,,-252.623001,,,243.900009,,-185.406998,,,,58.493,8.216,,4.675,,0.0,,-12.891,66.709,-24.681999,42.027,0.0,,,42.027,0.0,42.027,0.0,,42.027,42.027,,60.648998,0.69,0.69,0.69,61.490002,0.68,0.68,0.68,
04/04/1998,426.429,,,-214.884,,,211.545,0.0,-170.832,,,,40.713,12.296,,4.033,,,,-16.329,53.009,-19.083,33.926,0.0,,,33.926,0.0,33.926,0.0,0.0,33.926,33.926,,59.894001,0.57,0.57,0.57,60.757,0.56,0.56,0.56,
07/04/1998,442.175995,,,-237.485992,,,204.690002,,-178.147995,,,,26.542,8.866,,5.449,,0.0,,-14.315,35.408,-12.747,22.660999,0.0,,,22.661,0.0,22.660999,0.0,,22.660999,22.660999,,59.186001,0.38,0.38,0.38,60.005001,0.38,0.38,0.38,
10/03/1998,427.272003,,,-225.184006,,,202.087997,,-176.365997,,,,25.722,-123.743001,,5.883,,0.0,,117.860001,-98.021,24.024,-73.997002,0.0,,,-73.997,0.0,-73.997002,0.0,,-73.997002,-73.997002,,58.994999,-1.23,-1.23,0.39,58.994999,-1.23,-1.23,0.39,
01/02/1999,476.76001,,,-271.207001,,,205.553009,,-180.464996,,,,25.087999,-4.644,,5.889,,0.0,,-1.245,20.443999,-7.813,12.631,0.0,,,12.630999,0.0,12.631,0.0,,12.631,12.631,,58.803001,0.21,0.21,0.55,59.379002,0.21,0.21,0.55,
04/03/1999,452.585,,,-233.684,,,218.901,,-182.229,,,,36.672,13.545,4.681,4.681,,0.0,,-18.226,50.217,-17.976,32.241,0.0,,,32.241,0.0,32.241,0.0,,32.241,32.241,,58.569,0.55,0.55,0.57,58.958,0.55,0.55,0.57,
07/03/1999,473.153,,,-247.888,,,225.265,,-174.482,,,,50.783,-11.719,5.417,5.417,,0.0,,6.302,39.064,-14.065,24.999,0.0,,,24.999,0.0,24.999,0.0,,24.999,24.999,,58.384,0.43,0.43,0.66,58.804,0.42,0.42,0.65,
10/02/1999,453.157,,,-234.738,,,218.419,,-170.504,,,,47.915,18.248,5.262,5.262,,0.0,,-23.51,66.163,-23.613,42.55,0.0,,,42.55,0.0,42.55,0.0,,42.55,42.55,,58.491,0.73,0.73,0.63,58.915,0.72,0.72,0.62,
01/01/2000,566.726,,,-316.526,,,250.2,,-196.443,,,,53.757,-11.264,11.998,11.998,,0.0,,-0.734,42.493,-15.056,27.437,0.0,,,27.437,0.0,27.437,0.0,,27.437,27.437,,58.531,0.47,0.47,0.76,58.914,0.47,0.47,0.76,
04/01/2000,544.3,,,-295.4,,,248.9,,-195.3,,,,53.6,2.1,10.3,10.3,,0.0,,-12.4,55.7,-20.4,35.3,-25.4,,,60.7,0.0,60.7,0.0,0.0,60.7,60.7,,58.5,1.03,0.6,0.61,58.7,1.03,0.6,0.61,
07/01/2000,563.2,,,-298.4,,,264.8,,-193.5,,,,71.3,0.7,10.6,10.6,,0.0,,-11.3,72.0,-26.3,45.7,,,,45.7,0.0,45.7,0.0,0.0,45.7,45.7,,58.6,0.78,0.78,0.78,58.8,0.78,0.78,0.78,
09/30/2000,511.9,,,-278.9,,,233.0,,-187.7,,,,45.3,-0.6,10.3,10.3,,0.0,,-9.7,44.7,-16.3,28.4,0.0,,,28.4,0.0,28.4,0.0,0.0,28.4,28.4,,58.5,0.48,0.48,0.48,58.7,0.48,0.48,0.48,
12/30/2000,556.3,,,-296.7,,,259.6,,-216.1,,,,43.5,-23.3,9.5,9.5,,0.0,,13.8,20.2,-6.5,13.7,0.0,,,13.7,0.0,13.7,0.0,0.0,13.7,13.7,,58.0,0.25,0.25,0.67,58.2,0.24,0.24,0.66,
03/31/2001,527.4,,,-283.7,,,243.7,,-202.5,,,,41.2,5.1,-3.2,8.9,-12.1,0.0,,-1.9,46.3,-16.9,29.4,2.5,,,26.9,0.0,26.9,0.0,0.0,26.9,26.9,,57.8,0.46,0.51,0.51,58.2,0.46,0.51,0.51,
06/30/2001,525.6,,,-286.3,,,239.3,,-205.9,,,,33.4,-17.3,1.3,9.2,-7.9,0.0,,16.0,16.1,-7.2,8.9,0.0,,,8.9,0.0,8.9,0.0,0.0,8.9,8.9,,57.9,0.15,0.15,0.4,58.2,0.15,0.15,0.4,
09/29/2001,508.1,,,-273.3,,,234.8,,-199.0,,,,35.8,-32.6,1.4,9.1,-7.7,0.0,,31.2,3.2,-2.6,0.6,0.0,,,0.6,0.0,0.6,0.0,0.0,0.6,0.6,,58.0,0.01,0.01,0.41,58.2,0.01,0.01,0.41,
12/29/2001,534.6,,,-290.8,,,243.8,,-241.3,,,,2.5,-20.5,0.3,8.3,-8.0,0.0,,20.2,-18.0,0.6,-17.4,0.0,,,-17.4,0.0,-17.4,0.0,0.0,-17.4,-17.4,,57.9,-0.3,-0.3,0.52,57.9,-0.3,-0.3,0.52,
03/30/2002,510.0,,,-274.3,,,235.7,,-197.9,,,,37.8,-4.0,0.5,7.8,-7.3,0.0,,3.5,33.8,-12.1,21.7,-2.8,,,24.5,0.0,24.5,0.0,0.0,24.5,24.5,,58.0,0.42,0.37,0.44,58.7,0.42,0.37,0.44,
06/29/2002,547.2,,,-295.8,,,251.4,,-202.8,,,,48.6,-3.0,-1.3,7.5,-8.8,0.0,,4.3,45.6,-16.4,29.2,0.0,,,29.2,0.0,29.2,0.0,0.0,29.2,29.2,,58.2,0.5,0.5,0.51,58.7,0.5,0.5,0.51,
09/28/2002,502.4,,,-274.6,,,227.8,,-197.2,,,,30.6,-0.5,-3.4,6.9,-10.3,0.0,,3.9,30.1,-10.9,19.2,0.0,,,19.2,0.0,19.2,0.0,0.0,19.2,19.2,,58.4,0.33,0.33,0.35,58.7,0.33,0.33,0.35,
12/28/2002,549.5,,,-299.5,,,250.0,,-201.3,,,,48.7,3.0,-4.8,6.5,-11.3,0.0,,1.8,51.7,-18.6,33.1,0.0,,,33.1,0.0,33.1,0.0,0.0,33.1,33.1,,58.3,0.57,0.57,0.51,58.6,0.56,0.56,0.5,
03/29/2003,543.1,,,-297.7,,,245.4,,-212.9,,,,32.5,0.4,-4.1,6.4,-10.5,0.0,,3.7,32.9,-11.5,21.4,0.0,,,21.4,0.0,21.4,0.0,0.0,21.4,21.4,,58.2,0.37,0.37,0.37,58.3,0.37,0.37,0.37,
06/28/2003,565.2,,,-319.1,,,246.1,,-216.6,,,,29.5,4.8,6.0,6.0,,0.0,,-10.8,34.3,-12.0,22.3,0.0,,,22.3,0.0,22.3,0.0,0.0,22.3,22.3,,58.2,0.38,0.38,0.38,58.4,0.38,0.38,0.38,
09/27/2003,525.6,,,-303.8,,,221.8,,-200.7,,,,21.1,1.8,-4.2,5.8,-10.0,0.0,,2.4,22.9,-5.2,17.7,0.0,,,17.7,0.0,17.7,0.0,0.0,17.7,17.7,,58.289,0.3,0.3,0.46,58.439,0.3,0.3,0.46,
01/03/2004,599.3,,,-347.9,,,251.4,,-228.2,,,,23.2,3.4,6.2,6.2,,0.0,,-9.6,26.6,-9.3,17.3,0.0,,,17.3,0.0,17.3,0.0,0.0,17.3,17.3,,58.2,0.3,0.3,0.39,58.4,0.3,0.3,0.39,
04/03/2004,616.3,,,-345.8,,,270.5,,-243.5,,,,27.0,-7.5,5.6,5.6,,0.0,,1.9,19.5,-6.8,12.7,0.0,,,12.7,0.0,12.7,0.0,0.0,12.7,12.7,,58.2,0.22,0.22,0.38,58.7,0.22,0.22,0.38,
07/03/2004,612.1,,,-335.4,,,276.7,,-235.9,,,,40.8,-6.6,5.7,5.7,,0.0,,0.9,34.2,-12.0,22.2,0.0,,,22.2,0.0,22.2,0.0,0.0,22.2,22.2,,57.9,0.38,0.38,0.38,58.5,0.38,0.38,0.38,
10/02/2004,568.8,,,-311.5,,,257.3,,-220.8,,,,36.5,-6.9,6.1,6.1,,0.0,,0.8,29.6,-6.8,22.8,0.0,,,22.8,0.0,22.8,0.0,0.0,22.8,22.8,,57.733,0.39,0.39,0.39,58.219,0.39,0.39,0.39,
01/01/2005,610.0,,,-327.1,,,282.9,,-244.9,,,,38.0,-0.9,,5.6,,0.0,,-4.7,37.1,-13.1,24.0,0.0,,,24.0,0.0,24.0,0.0,0.0,24.0,24.0,,57.6,0.42,0.42,0.48,58.0,0.42,0.42,0.48,
04/02/2005,612.799988,,,-341.799988,,,271.0,,-236.699997,,,,34.299999,-6.8,5.9,5.9,,0.0,,0.9,27.499999,-9.6,17.9,0.0,,,17.899999,0.0,17.9,0.0,0.0,17.9,17.9,,57.799999,0.31,0.31,0.4,58.299999,0.31,0.31,0.4,
07/02/2005,608.599976,,,-323.799988,,,284.799988,,-237.5,,,,47.299999,-6.4,5.6,5.6,,0.0,,0.8,40.899999,-14.3,26.6,0.0,,,26.599999,0.0,26.6,0.0,0.0,26.6,26.6,,57.700001,0.46,0.46,0.54,58.299999,0.46,0.46,0.54,
10/01/2005,567.2,,,-306.9,,,260.3,,-217.5,,,,42.8,-6.1,5.6,5.6,,0.0,,0.5,36.7,-15.7,21.0,0.0,,,21.0,0.0,21.0,0.0,0.0,21.0,21.0,,57.9,0.36,0.36,0.41,58.6,0.36,0.36,0.41,
12/31/2005,573.6,,,-316.2,,,257.4,,-213.8,,,,43.6,-0.7,,4.6,,0.0,,-3.9,42.9,-15.5,27.4,0.0,,,27.4,0.0,27.4,0.0,0.0,27.4,27.4,,57.9,0.47,0.47,0.53,58.7,0.47,0.47,0.53,
04/01/2006,604.700012,,,-342.399994,,,262.300018,,-222.899994,,,,39.400002,-5.6,4.4,4.4,,0.0,,1.2,33.8,-11.7,22.1,0.0,,,22.1,0.0,22.1,0.0,,22.1,22.1,,58.200001,0.38,0.38,0.38,59.099998,0.37,0.37,0.37,
07/01/2006,633.4,,,-350.5,,,282.9,,-224.9,224.9,,0.0,58.0,-42.4,3.1,4.7,-1.6,,,39.3,15.6,-3.9,11.7,-0.1,,,11.8,,11.8,,,11.8,11.8,,58.2,0.2,0.2,0.6,58.9,0.2,0.2,0.6,
09/30/2006,606.0,,,-344.4,,,261.6,,-216.0,216.0,,0.0,45.6,-3.2,2.7,4.5,-1.8,0.0,,0.5,42.4,-14.8,27.6,-0.6,,,28.2,0.0,28.2,0.0,0.0,28.2,28.2,,58.2,0.48,0.47,0.47,58.8,0.48,0.47,0.47,
12/30/2006,670.8,,,-381.4,,,289.4,,-230.2,230.2,,0.0,59.2,-5.8,,7.0,,,,-1.2,53.4,-15.4,38.0,0.0,,,38.0,0.0,38.0,0.0,0.0,38.0,38.0,,58.4,0.65,0.65,0.65,59.2,0.64,0.64,0.64,
03/31/2007,719.1,,,-405.5,,,313.6,,-244.9,,,,68.7,-11.2,10.0,11.3,-1.3,,,1.2,57.5,-19.5,38.0,-1.0,,,39.0,,39.0,,,39.0,39.0,,58.2,0.67,0.65,0.65,59.0,0.66,0.64,0.64,
06/30/2007,726.7,,,-399.2,,,327.5,,-240.1,240.1,,0.0,87.4,-9.2,8.8,11.7,-2.9,0.0,,0.4,78.2,-25.4,52.8,9.0,,,43.8,0.0,43.8,0.0,0.0,43.8,43.8,,58.1,0.75,0.91,0.91,58.8,0.74,0.9,0.9,
09/29/2007,696.5,,,-390.0,,,306.5,,-234.1,234.1,,0.0,72.4,-9.7,9.6,11.6,-2.0,0.0,,0.1,62.7,-21.6,41.1,0.0,,,41.1,0.0,41.1,0.0,0.0,41.1,41.1,,57.7,0.71,0.71,0.71,58.4,0.7,0.7,0.7,
12/29/2007,761.9,,,-420.5,,,341.4,,-245.1,245.1,,0.0,96.3,-11.9,,11.5,,,,0.4,84.4,-26.3,58.1,0.0,,,58.1,-0.8,57.3,0.0,0.0,57.3,57.3,,57.5,1.0,1.0,1.0,58.2,0.98,0.98,0.98,
03/29/2008,747.0,,,-408.3,,,338.7,,-245.5,,,,93.2,-8.5,7.1,9.5,-2.4,,,1.4,84.7,-28.3,56.4,,,,56.4,0.2,56.6,0.0,0.0,56.6,56.6,,57.5,0.98,0.98,1.03,58.2,0.97,0.97,1.02,
06/28/2008,784.400024,,,-427.100006,,,357.300018,,-245.600006,,,,111.699997,-10.3,7.1,8.8,-1.7,0.0,,3.2,101.399997,-34.5,66.900002,0.0,,,66.899997,0.0,66.900002,0.0,,66.900002,66.900002,,57.599998,1.16,1.16,1.16,58.099998,1.15,1.15,1.15,
09/27/2008,715.8,,,-398.8,,,317.0,0.0,-230.6,230.6,,0.0,86.4,-5.8,5.3,6.8,-1.5,,,0.5,80.6,-26.8,53.8,,,,53.8,0.8,54.6,,0.0,54.6,54.6,,57.5,0.95,0.95,0.95,58.2,0.94,0.94,0.94,
01/03/2009,687.5,,,-378.6,,,308.9,,-211.4,,,,97.5,-6.4,,8.7,-1.0,1.3,,-2.6,88.3,-28.2,62.9,0.0,,,60.1,-4.3,58.6,0.0,0.0,58.6,58.6,,57.4,1.02,1.02,1.1,58.0,1.01,1.01,1.09,
04/04/2009,592.6,572.6,20.0,-323.9,313.9,10.0,268.7,0.0,-204.4,,,204.4,64.3,-8.9,8.3,8.6,-0.3,0.6,0.1,0.0,55.4,-18.3,37.2,0.0,0.0,0.0,37.2,-2.4,34.8,0.0,0.0,34.8,35.71,0.91,57.5,0.61,0.61,0.621043,57.8,0.6,0.6,0.615744,
07/04/2009,615.6,590.0,25.6,-345.0,336.0,9.0,270.6,0.0,-200.3,,,200.3,70.3,-10.5,11.1,11.6,-0.5,-0.7,-0.2,0.1,59.8,-17.6,42.0,0.0,0.0,0.0,42.0,-4.6,37.4,0.0,0.0,37.4,42.99,5.59,57.7,0.65,0.65,0.745061,57.9,0.65,0.65,0.745061,
10/03/2009,587.8,581.8,6.0,-332.6,321.3,11.3,255.2,0.0,-206.5,,,206.5,48.7,-12.6,12.2,12.8,-0.6,0.0,0.6,0.4,36.1,-10.3,26.4,0.0,0.0,0.0,26.4,-1.0,25.4,0.0,0.0,25.4,28.455,3.055,57.7,0.44,0.44,0.493154,57.8,0.44,0.44,0.492855,
01/02/2010,624.8,618.1,6.7,-344.2,333.7,10.5,280.6,0.0,-213.2,,,213.2,67.4,-13.4,14.4,14.7,-0.3,-0.5,0.6,-0.5,54.0,-16.5,38.1,0.0,0.0,0.0,38.1,-1.5,36.6,0.0,0.0,36.6,40.89,4.29,57.7,0.63,0.63,0.708666,57.9,0.63,0.63,0.704093,
04/03/2010,631.3,621.6,9.7,-345.4,334.0,11.4,285.9,0.0,-215.9,,,215.9,70.0,-13.7,13.8,14.0,-0.2,-0.2,0.7,0.1,56.3,-19.0,38.0,0.0,0.0,0.0,38.0,-1.2,36.8,0.0,0.0,36.8,38.88,2.08,57.8,0.64,0.64,0.672664,58.3,0.63,0.63,0.665678,
07/03/2010,661.5,647.6,13.9,-356.0,343.8,12.2,305.5,0.0,-224.8,,,224.8,80.7,-14.0,12.9,13.2,-0.3,1.4,0.5,-0.3,66.7,-20.3,46.9,0.0,0.0,0.0,46.9,-1.6,45.3,0.0,0.0,45.3,47.315,2.015,58.0,0.78,0.78,0.815776,58.3,0.78,0.78,0.814563,
10/02/2010,670.3,653.1,17.2,-364.1,351.9,12.2,306.2,0.0,-222.4,,,222.4,83.8,-12.8,13.0,13.5,-0.5,-0.4,1.1,0.2,71.0,-23.8,48.3,0.0,0.0,0.0,48.3,-1.8,46.5,0.0,0.0,46.5,47.085,0.585,58.1,0.8,0.8,0.810413,58.4,0.8,0.8,0.810017,
01/01/2011,718.4,696.9,21.5,-390.5,378.4,12.1,327.9,0.0,-231.0,,0.0,231.0,96.9,-13.5,13.8,14.1,-0.3,-0.1,0.9,-0.2,83.4,-24.5,59.8,0.0,0.0,0.0,59.8,-1.9,57.9,0.0,0.0,57.9,58.55,0.65,58.2,0.99,0.99,1.006014,58.7,0.99,0.99,1.001073,
04/02/2011,719.5,693.7,25.8,-376.4,363.1,13.3,343.1,0.0,-243.3,,,243.3,99.8,-15.5,15.9,16.3,-0.4,-0.4,0.9,0.0,84.3,-27.2,58.0,0.0,0.0,0.0,58.0,-1.8,56.2,0.0,0.0,56.2,58.15,1.95,58.2,0.97,0.97,0.999141,58.7,0.96,0.96,0.99322,
07/02/2011,757.0,726.7,30.3,-397.3,384.5,12.8,359.7,0.0,-225.4,,,225.4,134.3,-15.4,15.9,16.3,-0.4,-0.5,0.8,0.0,118.9,-39.8,79.9,0.0,0.0,0.0,79.9,-1.9,78.0,0.0,0.0,78.0,67.6,-10.4,58.2,1.34,1.34,1.161512,58.8,1.33,1.33,1.153129,
10/01/2011,729.9,697.2,32.7,-379.8,367.9,11.9,350.1,0.0,-235.0,,,235.0,115.1,-16.8,14.8,15.1,-0.3,2.0,2.0,0.0,98.3,-30.5,69.8,0.0,0.0,0.0,69.8,-2.0,67.8,0.0,0.0,67.8,69.62,1.82,58.2,1.16,1.16,1.19622,58.7,1.16,1.16,1.191005,
12/31/2011,772.1,736.6,35.5,-414.2,400.8,13.4,357.9,0.0,-232.0,,0.0,232.0,125.9,-14.5,13.2,13.5,-0.3,1.5,0.9,-0.2,111.4,-36.2,76.1,0.0,0.0,0.0,76.1,-1.8,74.3,0.0,0.0,74.3,77.095,2.795,58.2,1.28,1.28,1.324656,58.7,1.27,1.27,1.317615,
03/31/2012,773.2,735.2,38.0,-401.6,387.5,14.1,371.6,0.0,-250.2,,,250.2,121.4,-14.3,13.7,13.9,-0.2,0.6,1.1,0.0,107.1,-35.2,73.0,0.0,0.0,0.0,73.0,-2.0,71.0,0.0,0.0,71.0,73.08,2.08,58.2,1.22,1.22,1.25567,58.8,1.21,1.21,1.245374,
06/30/2012,777.8,737.9,39.9,-402.3,388.0,14.3,375.5,0.0,-245.3,,,245.3,130.2,-13.8,13.6,13.9,-0.3,0.1,0.4,0.1,116.4,-38.3,78.5,0.0,0.0,0.0,78.5,-2.1,76.4,0.0,0.0,76.4,82.965,6.565,58.2,1.31,1.31,1.425515,58.8,1.3,1.3,1.41165,
09/29/2012,752.1,711.6,40.5,-383.8,371.2,12.6,368.3,0.0,-244.2,,,244.2,124.1,-13.8,13.6,13.6,0.0,-0.2,1.0,0.4,110.3,-34.9,76.4,0.0,0.0,0.0,76.4,-2.3,74.1,0.0,0.0,74.1,75.595,1.495,58.3,1.27,1.27,1.296655,58.9,1.26,1.26,1.285382,
12/29/2012,796.1,753.2,42.9,-414.8,401.2,13.6,381.3,0.0,-240.6,,,240.6,140.7,-14.3,,14.4,,,0.1,-0.1,126.4,-39.8,86.7,0.0,0.0,0.0,86.7,-2.1,84.6,0.0,0.0,84.6,84.6,0.0,58.2,1.45,1.45,1.45,59.0,1.43,1.43,1.43,
03/30/2013,785.7,741.7,44.0,-398.3,384.8,13.5,387.4,0.0,-249.1,,,249.1,138.3,-14.2,13.5,13.6,-0.1,0.7,-0.2,0.0,124.1,-38.8,85.1,0.0,0.0,0.0,85.1,-2.3,82.8,0.0,0.0,82.8,84.62,1.82,58.3,1.42,1.42,1.451458,59.2,1.4,1.4,1.430743,
06/29/2013,808.6,764.1,44.5,-404.8,390.9,13.9,403.8,0.0,-255.4,,,255.4,148.4,-15.5,13.7,13.8,-0.1,1.8,0.3,0.0,132.9,-42.5,90.7,0.0,0.0,0.0,90.7,-2.3,88.4,0.0,0.0,88.4,89.57,1.17,58.2,1.52,1.52,1.539003,59.0,1.5,1.5,1.519831,
09/28/2013,798.3,753.2,45.1,-402.4,388.9,13.5,395.9,0.0,-253.0,,,253.0,142.9,-15.2,14.3,14.4,-0.1,0.9,0.1,0.0,127.7,-40.8,87.0,0.0,0.0,0.0,87.0,-2.4,84.6,0.0,0.0,84.6,85.77,1.17,58.2,1.45,1.45,1.473711,59.0,1.43,1.43,1.449831,
12/28/2013,844.9,797.5,47.4,-433.4,419.0,14.4,411.5,0.0,-254.9,,0.0,254.9,156.6,-15.1,14.1,14.3,-0.2,1.0,0.0,0.0,141.5,-44.6,96.9,0.0,0.0,0.0,96.9,-2.4,94.5,0.0,0.0,94.5,94.5,0.0,58.1,1.63,1.63,1.63,59.1,1.6,1.6,1.6,
03/29/2014,837.7,787.5,50.2,-424.6,408.8,15.8,413.1,0.0,-257.0,,,257.0,156.1,-13.8,13.6,13.7,-0.1,0.2,0.2,0.0,142.3,-44.3,98.2,0.0,0.0,0.0,98.2,-2.3,95.9,0.0,0.0,95.9,98.5,2.6,58.2,1.65,1.65,1.69244,59.1,1.62,1.62,1.663993,
06/28/2014,878.2,826.5,51.7,-443.0,426.1,16.9,435.2,0.0,-262.3,,,262.3,172.9,-12.4,12.6,12.7,-0.1,-0.1,0.2,-0.1,160.5,-51.9,108.8,0.0,0.0,0.0,108.8,-2.7,106.1,0.0,0.0,106.1,106.49,0.39,58.1,1.83,1.83,1.832874,59.0,1.8,1.8,1.80661,
09/27/2014,859.9,806.3,53.6,-428.3,412.4,15.9,431.6,0.0,-263.3,,,263.3,168.3,-13.6,12.6,12.7,-0.1,1.0,0.1,0.0,154.7,-48.4,106.4,0.0,0.0,0.0,106.4,-2.7,103.7,0.0,0.0,103.7,104.61,0.91,58.1,1.78,1.78,1.800516,59.0,1.76,1.76,1.775424,
01/03/2015,916.8,857.4,59.4,-463.3,446.1,17.2,453.5,0.0,-266.1,,,266.1,187.4,-14.0,13.6,13.8,-0.2,0.4,0.2,0.0,173.4,-54.9,118.7,0.0,0.0,0.0,118.7,-2.5,116.2,0.0,0.0,116.2,115.81,-0.39,58.1,2.0,2.0,1.993287,59.1,1.97,1.97,1.963401,
04/04/2015,885.2,827.8,57.4,-434.8,417.7,17.1,450.4,0.0,-272.2,,,272.2,178.2,-13.7,12.9,13.0,-0.1,0.8,0.5,0.0,164.5,-51.8,113.2,0.0,0.0,0.0,113.2,-2.7,110.5,0.0,0.0,110.5,110.5,0.0,58.1,1.9,1.9,1.9,59.1,1.87,1.87,1.87,
07/04/2015,910.5,851.8,58.7,-450.1,432.8,17.3,460.4,0.0,-268.2,,,268.2,192.2,-13.6,12.8,12.9,-0.1,0.7,0.6,0.1,178.6,-56.2,123.0,0.0,0.0,0.0,123.0,-3.0,120.0,0.0,0.0,120.0,121.495,1.495,58.1,2.07,2.07,2.091136,59.1,2.03,2.03,2.055296,
10/03/2015,882.6,821.5,61.1,-432.2,414.6,17.6,450.4,0.0,-263.3,,,263.3,187.1,-13.5,12.9,13.0,-0.1,0.6,0.2,0.0,173.6,-53.9,119.9,0.0,0.0,0.0,119.9,-3.1,116.8,0.0,0.0,116.8,117.905,1.105,58.1,2.01,2.01,2.029346,59.1,1.98,1.98,1.998697,
01/02/2016,914.8,851.7,63.1,-457.5,439.4,18.1,457.3,0.0,-250.0,,,250.0,207.3,-13.5,12.8,13.0,-0.2,0.6,0.0,0.1,193.8,-59.3,134.5,0.0,0.0,0.0,134.5,-3.1,131.4,0.0,0.0,131.4,131.075,-0.325,58.1,2.26,2.26,2.256024,59.2,2.22,2.22,2.21451,
04/02/2016,900.5,834.2,66.3,-438.2,418.9,19.3,462.3,0.0,-259.9,,,259.9,202.4,-13.8,13.0,13.1,-0.1,0.9,0.3,-0.1,188.6,-57.6,131.3,0.0,0.0,0.0,131.3,-3.0,128.3,0.0,0.0,128.3,128.3,0.0,58.1,2.21,2.21,2.21,59.5,2.16,2.16,2.16,
07/02/2016,941.6,872.3,69.3,-460.8,441.0,19.8,480.8,0.0,-264.9,,,264.9,215.9,-11.7,12.7,12.9,-0.2,-1.0,1.4,0.0,204.2,-62.2,143.4,0.0,0.0,0.0,143.4,-3.3,140.1,0.0,0.0,140.1,140.62,0.52,58.1,2.41,2.41,2.42031,59.4,2.36,2.36,2.368754,
10/01/2016,905.7,834.1,71.6,-436.0,415.0,21.0,469.7,0.0,-261.5,,,261.5,208.2,-13.9,12.9,13.1,-0.2,1.0,0.5,0.0,194.3,-59.6,135.2,0.0,0.0,0.0,135.2,-3.5,131.7,0.0,0.0,131.7,131.635,-0.065,58.0,2.27,2.27,2.269569,59.3,2.22,2.22,2.218904,
12/31/2016,964.0,889.8,74.2,-468.5,445.9,22.6,495.5,0.0,-267.8,,,267.8,227.7,-13.4,13.0,13.1,-0.1,0.4,0.3,0.0,214.3,-64.9,149.7,0.0,0.0,0.0,149.7,-3.4,146.3,0.0,0.0,146.3,146.56,0.26,58.2,2.513746,2.513746,2.518213,59.4,2.462963,2.462963,2.46734,
04/01/2017,963.9,887.1,76.8,-463.1,438.8,24.3,500.8,0.0,-278.1,,,278.1,222.7,-15.1,12.6,12.7,-0.1,-1.7,0.1,4.2,207.6,-62.6,145.1,0.0,0.0,0.0,145.1,-3.5,141.6,0.0,0.0,141.6,141.47,-0.13,57.9,2.45,2.45,2.443351,59.3,2.39,2.39,2.387808,
07/01/2017,999.1,921.4,77.7,-481.3,458.2,23.1,517.8,0.0,-279.5,,,279.5,238.3,-14.9,12.9,13.0,-0.1,2.0,0.7,0.0,223.4,-67.3,156.8,0.0,0.0,0.0,156.8,-3.6,153.2,0.0,0.0,153.2,153.2,0.0,57.8,2.65,2.65,2.65,59.0,2.6,2.6,2.6,
09/30/2017,982.8,903.8,79.0,-478.0,455.0,23.0,504.8,0.0,-296.1,,,296.1,208.7,-14.8,13.1,13.1,0.0,2.0,0.4,-0.3,193.9,-57.2,137.1,0.0,0.0,0.0,137.1,-3.7,133.4,0.0,0.0,133.4,142.765,9.365,57.2,2.33,2.33,2.495892,58.3,2.29,2.29,2.450635,
12/30/2017,1054.5,974.6,79.9,-534.5,509.0,25.5,520.0,0.0,-307.6,,,307.6,212.4,-15.4,13.5,13.6,-0.1,1.3,0.0,0.6,197.0,-63.8,133.2,0.0,0.0,0.0,133.2,-3.7,129.5,0.0,0.0,129.5,155.795,26.295,56.8,2.27993,2.27993,2.74287,57.7,2.244367,2.244367,2.700087,
03/31/2018,1018.5,935.5,83.0,-490.0,463.9,26.1,528.5,0.0,-293.9,,,293.9,234.6,-10.8,13.5,13.6,-0.1,2.1,0.6,-4.8,223.8,-57.6,166.8,0.0,0.0,0.0,166.8,-3.8,163.0,0.0,0.0,163.0,161.421,-1.579,56.7,2.87,2.87,2.846931,57.8,2.82,2.82,2.792682,
06/30/2018,1036.6,954.6,82.0,-491.7,467.5,24.2,544.9,0.0,-294.0,,,294.0,250.9,-12.6,11.8,12.0,-0.2,0.3,0.2,0.5,238.3,-55.8,182.7,0.0,0.0,0.0,182.7,-4.0,178.7,0.0,0.0,178.7,178.858,0.158,56.4,3.17,3.17,3.171241,57.3,3.12,3.12,3.122757,
09/29/2018,980.1,898.1,82.0,-466.9,444.2,22.7,513.2,0.0,-280.8,,,280.8,232.4,-13.4,12.3,12.4,-0.1,1.8,-0.1,-0.6,219.0,-51.5,167.4,0.0,0.0,0.0,167.4,-4.2,163.2,0.0,0.0,163.2,165.474,2.274,56.3,2.9,2.9,2.939147,57.3,2.85,2.85,2.889686,
12/29/2018,1035.2,952.5,82.7,-521.7,495.1,26.6,513.5,0.0,-275.3,,0.0,275.3,238.2,-9.4,12.2,12.4,-0.2,-0.3,0.0,-2.5,228.8,-49.5,179.3,0.0,0.0,0.0,179.3,-4.3,175.0,0.0,0.0,175.0,171.642,-3.358,55.8,3.14,3.14,3.076022,56.6,3.09,3.09,3.030671,
03/30/2019,1007.3,921.7,85.6,-473.6,450.1,23.5,533.7,0.0,-284.2,,,284.2,249.5,-11.0,12.1,12.5,-0.4,1.5,0.5,-2.6,238.5,-56.9,182.1,0.0,0.0,0.0,182.1,-4.2,177.9,0.0,0.0,177.9,175.362,-2.538,55.5,3.21,3.21,3.159676,56.3,3.16,3.16,3.11492,
06/29/2019,1035.4,951.3,84.1,-501.0,477.5,23.5,534.4,0.0,-283.9,,,283.9,250.5,-10.3,12.1,12.4,-0.3,1.0,0.3,-2.8,240.2,-55.6,184.9,0.0,0.0,0.0,184.9,-4.5,180.4,0.0,0.0,180.4,180.637,0.237,55.2,3.27,3.27,3.272409,56.0,3.22,3.22,3.224232,
09/28/2019,985.9,901.8,84.1,-476.8,453.7,23.1,509.1,0.0,-280.4,,,280.4,228.7,-9.2,11.6,12.0,-0.4,0.2,0.1,-2.7,219.5,-50.4,169.2,0.0,0.0,0.0,169.2,-4.6,164.6,0.0,0.0,164.6,164.758,0.158,55.0,2.99,2.99,2.9956,55.7,2.96,2.96,2.962837,
12/29/2019,1039.1,955.2,83.9,-526.4,504.7,21.7,512.7,0.0,-279.1,,0.0,279.1,233.6,-9.7,11.7,12.1,-0.4,0.9,0.0,-2.9,223.9,-48.9,175.0,0.0,0.0,0.0,175.0,-4.4,170.6,0.0,0.0,170.6,170.679,0.079,54.7,3.12,3.12,3.120274,55.4,3.08,3.08,3.081426,
03/28/2020,938.1,852.2,85.9,-459.6,430.6,29.0,478.5,0.0,-282.7,,,282.7,195.8,-9.9,11.0,11.4,-0.4,1.9,0.0,-3.0,185.9,-43.9,142.0,0.0,0.0,0.0,142.0,-4.8,137.2,0.0,0.0,137.2,143.279,6.079,54.5,2.52,2.52,2.628972,55.0,2.49,2.49,2.600527,
06/27/2020,808.9,724.3,84.6,-410.1,383.1,27.0,398.8,0.0,-250.1,,,250.1,148.7,-11.4,13.1,13.4,-0.3,0.7,0.5,-2.4,137.3,-31.9,105.9,0.0,0.0,0.0,105.9,-4.7,101.2,0.0,0.0,101.2,104.579,3.379,54.4,1.86,1.86,1.922408,54.8,1.85,1.85,1.911661,
09/30/2020,818.833,,,,,,384.45028183,,,,,,169.667,,,,,,,,161.8,,115.2,,,,,,115.2,,,115.2,118.667,,,2.165,2.165,2.147,,2.165,2.165,2.147,
12/31/2020,889.333,,,,,,414.6959779,,,,,,196.333,,,,,,,,185.2,,138.4,,,,,,138.4,,,138.4,139.167,,,2.547,2.547,2.586,,2.547,2.547,2.586,
