Date,Net Revenue,Net Interest Income,Total Interest Income,Interest Income,Investment Income,Total Interest Expense,Total Non-Interest Income,Trading Securities G/L,Trading Account Profits/Losses,Investment & Loan Inc (Loss),Other Income (Loss),Commissions & Fees Earned,Other Operating Income (Losses),Provision for Loan Losses,Net Revenue after Provisions,Total Non-Interest Expense,Commissions & Fees Paid,Other Operating Expenses,Operating Income (Loss),Non-Operating (Income) Loss,Other Non-Op (Income) Loss,"Pretax Income (Loss), GAAP",Income Tax Expense (Benefit),Income (Loss) from Cont Ops,Net Extraordinary Losses (Gains),Discontinued Operations,XO & Accounting Changes,Income (Loss) Incl. MI,Minority Interest,"Net Income, GAAP",Preferred Dividends,Other Adjustments,"Net Income Avail to Common, GAAP","Net Income Avail to Common, Adj",Net Abnormal Losses (Gains),Basic Weighted Avg Shares,"Basic EPS, GAAP",Basic EPS from Cont Ops,"Basic EPS from Cont Ops, Adjusted",Diluted Weighted Avg Shares,"Diluted EPS, GAAP",Diluted EPS from Cont Ops,"Diluted EPS from Cont Ops, Adjusted",Source: Bloomberg
03/31/1990,55.308999,29.518999,66.664999,56.022999,10.642,-37.146,25.79,0.029,,,,21.278,4.483,-2.464,52.844999,-40.495998,0.0,40.495998,12.349,0.0,0.0,12.349,-3.175,9.174,0.0,,,9.174,-0.481,8.693,0.0,,8.693,8.693,,25.14977,0.345679,0.345679,,25.14977,0.345679,0.345679,0.345679,
06/30/1990,58.925998,30.401998,69.073998,58.175999,10.898,-38.672001,28.524001,-0.028,,,,24.610001,3.942,-2.625,56.300998,-43.167,0.0,43.167,13.134,0.0,0.0,13.134,-3.607,9.527,0.0,,,9.527,-0.547,8.98,0.0,,8.98,8.98,,25.150493,0.359506,0.359506,,25.150493,0.359506,0.359506,0.359506,
09/30/1990,63.093,31.661999,72.889999,62.181,10.709,-41.228001,31.431001,0.026,,,,27.481001,3.924,-3.108,59.985,-46.405998,0.0,46.405998,13.579,0.0,0.0,13.579,-3.796,9.783,0.0,,,9.783,-0.59,9.193,0.0,,9.193,9.193,,25.155556,0.359506,0.359506,,25.155556,0.359506,0.359506,0.359506,
12/31/1990,68.461998,32.095999,73.833998,63.058998,10.775,-41.737999,36.365999,-0.141,,,,36.528999,-0.022,-4.719,63.742998,-49.859001,0.0,49.859001,13.884,0.0,0.0,13.884,-4.188,9.696,0.0,,,9.696,-0.686,9.01,0.0,,9.01,9.01,,24.679318,0.359506,0.359506,0.359506,24.679318,0.359506,0.359506,0.359506,
03/31/1991,39.842003,39.842003,92.217003,92.217003,,-52.375,,,,,,,,-4.354,35.488003,-19.139999,,19.139999,16.348,0.0,0.0,16.348,-5.007,11.341,0.0,,,11.341,0.0,11.341,0.0,,11.341,11.341,,30.377885,0.373333,0.373333,,30.377885,0.373333,0.373333,0.373333,
06/30/1991,41.578995,41.578995,94.922997,94.922997,,-53.344002,,,,,,,,-5.643,35.935995,-18.952999,,18.952999,16.983,0.0,0.0,16.983,-5.258,11.725,0.0,,,11.725,0.0,11.725,0.0,,11.725,11.725,,29.753026,0.394074,0.400988,,29.753026,0.394074,0.400988,0.400988,
09/30/1991,47.597,47.597,106.431,106.431,,-58.834,,,,,,,,-7.145,40.452,-21.792999,,21.792999,18.659,0.0,0.0,18.659,-6.013,12.646,0.0,,,12.646,0.0,12.646,0.0,,12.646,12.646,,32.090456,0.394074,0.400988,,32.090456,0.394074,0.400988,0.400988,
12/31/1991,48.375,48.375,107.040001,107.040001,,-58.665001,,,,,,,,-9.545,38.83,-19.965,,19.965,18.865,0.0,0.0,18.865,-6.008,12.857,0.0,,,12.857,0.0,12.857,0.0,,12.857,12.857,,32.625633,0.394074,0.394074,0.394074,32.625633,0.394074,0.394074,0.394074,
03/31/1992,94.659997,49.311998,102.035997,82.586998,19.448999,-52.723999,45.347998,0.675,,,,37.807999,6.865,-6.267,88.392997,-67.105003,0.0,67.105003,21.288,0.0,0.0,21.288,-6.638,14.65,0.0,,,14.65,-0.627,14.023,0.0,,14.023,14.023,,31.963651,0.435556,0.428642,,31.963651,0.435556,0.428642,0.428642,
06/30/1992,98.472998,51.796,100.999998,82.198997,18.801001,-49.203999,46.676998,-0.007,,,,39.669998,7.014,-6.556,91.916997,-68.445,0.0,68.445,23.472,0.0,0.0,23.472,-7.548,15.924,0.0,,,15.924,-0.74,15.184,0.0,,15.184,15.184,,32.010419,0.477037,0.483951,,32.010419,0.477037,0.483951,0.483951,
09/30/1992,105.292001,54.115,99.046,81.07,17.976,-44.931,51.177001,0.224,,,,10.017,40.936001,-8.065,97.227001,-71.657997,0.0,71.657997,25.569,0.0,0.0,25.569,-8.556,17.013,0.0,,,17.013,-0.859,16.153999,0.0,,16.153999,16.153999,,32.019578,0.497778,0.497778,,32.019578,0.497778,0.497778,0.497778,
12/31/1992,108.279997,55.942999,97.494997,79.754997,17.74,-41.551998,52.336998,0.001,,,,83.724998,-31.389,-9.638,98.641997,-73.359001,0.0,73.359001,25.283001,0.0,0.0,25.283001,-8.387,16.896,0.0,,,16.896001,-1.081,15.815,0.0,,15.815,15.815,,32.031872,0.497778,0.497778,0.497778,32.031872,0.497778,0.497778,0.497778,
03/31/1993,107.808001,54.875,95.146999,77.696999,17.450001,-40.271999,52.933001,0.637,,,,44.624001,7.672,-5.837,101.971001,-76.073997,0.0,76.073997,25.896999,0.0,0.0,25.896999,-8.665,17.232,0.0,,,17.231999,-0.765,16.466999,0.0,,16.466999,16.466999,,32.075026,0.518519,0.518519,,32.075026,0.518519,0.518519,0.518519,
06/30/1993,111.281001,56.594999,96.768,78.973999,17.794001,-40.173,54.686001,0.048,,,,46.234001,8.404,-5.8,105.481001,-77.057999,0.0,77.057999,28.423,0.0,0.0,28.423,-9.659,18.764,0.0,,,18.764,-0.911,17.852999,0.0,,17.852999,17.852999,,32.120345,0.56,0.56,,32.120345,0.56,0.56,0.56,
09/30/1993,115.458997,58.396996,98.720997,80.962997,17.757999,-40.324001,57.062001,0.313,,,,48.344002,8.405,-6.712,108.746997,-79.043999,0.0,79.043999,29.702999,0.0,0.0,29.702999,-9.677,20.025999,2.912,,,17.113999,-0.999,16.115,0.0,,16.115,16.115,,32.137704,0.497778,0.601482,,32.137704,0.497778,0.601482,0.601482,
12/31/1993,120.601002,59.196001,98.641001,81.542,17.099001,-39.445,61.405001,0.109,,,,59.282001,2.014,-5.135,115.466002,-81.596001,0.0,81.596001,33.869999,0.0,0.0,33.869999,-11.938,21.931999,0.0,,,21.931999,-1.221,20.711,0.0,,20.711,20.711,,32.161812,0.642963,0.642963,0.642963,32.161812,0.642963,0.642963,0.642963,
03/31/1994,132.332998,67.872997,112.616997,92.629997,19.987,-44.743999,64.460001,0.534,,,,50.436001,13.49,-6.0,126.332998,-93.199997,0.0,93.199997,33.132999,0.0,0.0,33.132999,-11.878,21.254999,0.0,,,21.254999,-0.836,20.419001,0.0,,20.419001,20.419001,,35.995327,0.56,0.56,,35.995327,0.56,0.56,0.56,
06/30/1994,140.418,74.789,122.353998,101.780998,20.573,-47.564999,65.629001,-0.014,,,,55.054001,10.589,-5.566,134.852,-98.683998,0.0,98.683998,36.167999,0.0,0.0,36.167999,-12.565,23.603001,0.0,,,23.603,-1.005,22.598,0.0,,22.598,22.598,,36.206508,0.622222,0.622222,,36.206508,0.622222,0.622222,0.622222,
09/30/1994,146.216002,77.469,127.675001,107.830002,19.844999,-50.206001,68.747002,0.044,,,,58.441002,10.262,-5.463,140.753002,-101.801003,0.0,101.801003,38.952,0.0,0.0,38.952,-13.17,25.782,0.0,,,25.782,-1.099,24.683001,0.0,,24.683001,24.683001,,36.333793,0.684445,0.684445,,36.333793,0.684445,0.684445,0.684445,
12/31/1994,156.595997,81.099996,135.735998,115.822998,19.913,-54.636002,75.496001,-1.285,,,,72.137001,4.644,-8.358,148.237997,-113.239998,0.0,113.239998,34.998001,0.0,0.0,34.998001,-11.861,23.136999,0.0,,,23.137001,-1.385,21.752001,0.0,,21.752001,21.752001,,36.422506,0.601482,0.601482,0.601482,36.422506,0.601482,0.601482,0.601482,
03/31/1995,156.305999,82.829998,144.343998,124.100998,20.243,-61.514,73.476001,-0.243,,,,63.755001,9.964,-5.245,151.060999,-112.623001,0.0,112.623001,38.438,0.0,0.0,38.438,-13.448,24.99,0.0,,,24.99,-0.92,24.07,0.0,,24.07,24.07,,36.575346,0.663704,0.663704,,36.575346,0.663704,0.663704,0.663704,
06/30/1995,165.561997,84.508995,153.317993,132.914993,20.403,-68.808998,81.053002,0.228,,,,69.831001,10.994,-5.739,159.822997,-116.877998,0.0,116.877998,42.945,0.0,0.0,42.945,-15.188,27.757,0.0,,,27.757,-1.157,26.6,0.0,,26.6,26.6,,36.893077,0.725926,0.725926,,36.893077,0.725926,0.725926,0.725926,
09/30/1995,176.023991,86.261993,157.442993,136.136993,21.306,-71.181,89.761998,0.015,,,,76.976997,12.77,-6.214,169.809991,-121.192001,0.0,121.192001,48.618,0.0,0.0,48.618,-16.917999,31.700001,0.0,,,31.700001,-1.421,30.278999,0.0,,30.278999,30.278999,,37.092203,0.808889,0.808889,,37.092203,0.808889,0.808889,0.808889,
12/31/1995,184.816994,88.273996,160.682993,138.039993,22.643,-72.408997,96.542998,0.368,,,,89.155998,7.019,-8.589,176.227994,-121.427002,0.0,121.427002,54.800999,0.0,0.0,54.800999,-19.332001,35.469002,0.0,,,35.468998,-1.835,33.633999,0.0,,33.633999,33.633999,,37.229133,0.912593,0.912593,0.912593,37.229133,0.912593,0.912593,0.912593,
03/31/1996,185.575995,89.128992,160.195993,136.343994,23.851999,-71.067001,96.447002,0.073,,,,83.967003,12.407,-6.433,179.142994,-132.054993,0.0,132.054993,47.088001,0.0,0.0,47.088001,-16.312,30.775999,0.0,,,30.776001,-1.149,29.627001,0.0,,29.627001,29.627001,,37.25372,0.794371,0.794371,0.794371,37.25372,0.794371,0.794371,0.794371,
06/30/1996,195.288005,92.687006,163.895006,139.432007,24.462999,-71.208,102.600999,-0.138,,,,88.487999,14.251,-8.233,187.055006,-134.167007,0.0,134.167007,52.888,0.0,0.0,52.888,-18.259001,34.629002,0.0,,,34.629,-1.521,33.108002,0.0,,33.108002,33.108002,,37.285703,0.886667,0.886667,0.886667,37.285703,0.886667,0.886667,0.886667,
09/30/1996,205.045008,95.632008,168.609005,143.173004,25.436001,-72.976997,109.413001,0.029,,,,95.207001,14.177,-8.011,197.034009,-134.776001,0.0,134.776001,62.257999,-4.546,4.546,57.711999,-20.32,37.391998,0.0,,,37.392,-2.184,35.208,0.0,,35.208,35.208,,37.380524,0.933334,0.933334,1.026667,37.380524,0.933334,0.933334,1.026667,
12/31/1996,214.343003,97.426005,170.603007,145.184006,25.419001,-73.177002,116.916998,-0.14,,,,101.808998,15.248,-9.089,205.254003,-136.037994,0.0,136.037994,69.216003,0.0,0.0,69.216003,-24.816999,44.398998,0.0,,,44.399004,-2.738,41.660999,0.0,,41.660999,41.660999,,37.392096,1.12,1.12,1.12,37.883239,1.12,1.12,1.12,
03/31/1997,210.386003,98.155001,172.414003,146.326004,26.087999,-74.259003,112.231002,-0.032,,,,97.606003,14.657,-7.001,203.385003,-145.501999,0.0,145.501999,57.882999,0.0,0.0,57.882999,-20.447001,37.436001,0.0,,,37.435999,-1.629,35.806999,0.0,,35.806999,35.806999,,37.405596,0.98,0.98,0.98,37.902524,0.911556,0.911556,0.911556,
06/30/1997,223.54099,102.607992,180.408995,153.841995,26.566999,-77.801003,120.932998,0.03,,,,104.808998,16.094,-8.279,215.26199,-151.121002,0.0,151.121002,64.140999,0.0,0.0,64.140999,-22.905001,41.236,0.0,,,41.235998,-1.914,39.321999,0.0,,39.321999,39.321999,,37.428633,1.05,1.05,1.05,37.944631,1.05,1.05,1.05,
09/30/1997,229.163002,104.843002,185.047005,158.464005,26.583,-80.204002,124.319999,-0.018,,,,107.918999,16.419001,-7.604,221.559002,-151.882996,0.0,151.882996,69.676003,0.0,0.0,69.676003,-24.028999,45.646999,0.0,,,45.647003,-2.546,43.101002,0.0,,43.101002,43.101002,,36.219418,1.19,1.19,1.19,37.989416,1.12,1.12,1.12,
12/31/1997,238.545008,106.783008,187.803005,161.699005,26.104,-81.019997,131.762,-0.003,,,,113.473,18.292,-9.412,229.133008,-152.787003,0.0,152.787003,76.346001,0.0,0.0,76.346001,-26.285999,50.060001,0.0,,,50.060002,-3.054,47.006001,0.0,,47.006001,47.006001,,37.519702,1.26,1.26,1.26,38.034418,1.26,1.26,1.26,
03/31/1998,238.382,106.062,186.954998,159.421997,27.533001,-80.892998,132.319999,0.145,,,,20.674,111.500999,-7.594,230.788,-164.641006,0.0,164.641006,66.147003,0.0,0.0,66.147003,-22.959999,43.187,0.0,,,43.187004,-1.974,41.213001,0.0,0.0,41.213001,41.213001,,56.340843,0.746667,0.746667,0.746667,57.316912,0.7,0.7,0.7,
06/30/1998,237.391003,107.940002,189.067001,162.621002,26.445999,-81.126999,129.451,0.181,,,,21.813,107.457001,-7.004,230.387003,-159.522995,,159.522995,70.863998,,,70.863998,-24.409,46.455002,,,,46.454998,-2.243,44.212002,,,44.212002,44.212002,,37.581846,1.19,1.19,1.19,38.255704,1.19,1.19,1.19,
09/30/1998,288.795004,142.733002,227.536003,199.604004,27.931999,-84.803001,146.062003,0.428,,,,114.966003,30.667999,-5.781,283.014004,-175.013,0.0,175.013,80.069,0.0,0.0,80.069,-27.540001,52.528999,0.0,,,52.528999,-2.921,49.608002,0.0,,49.608002,49.608002,,38.954417,1.26,1.26,1.26,39.531561,1.26,1.26,1.26,
12/31/1998,283.394011,119.199005,205.455002,205.455002,,-86.255997,164.195006,0.549,,,,138.281006,25.365,-6.331,277.063011,-186.235992,0.0,186.235992,90.827003,0.0,0.0,90.827003,-31.191,59.636002,0.0,,,59.636003,-3.421,56.215,0.0,,56.215,56.215,,38.281273,1.4,1.4,1.4,38.917133,1.4,1.4,1.4,
03/31/1999,285.355997,120.463001,206.830997,175.863998,30.966999,-86.367996,164.892995,0.447,,,,129.813995,34.632,-7.215,278.140996,-197.768997,0.0,197.768997,80.372002,0.0,0.0,80.372002,-27.149,53.223,0.0,,,53.223001,-2.49,50.733002,0.0,,50.733002,50.733002,,39.84713,1.26,1.26,1.26,40.388987,1.26,1.26,1.26,
06/30/1999,309.374,125.901,214.902,183.806,31.096,-89.001,183.473,0.268,,,,25.006,158.199,-9.515,299.859,-213.727,0.0,213.727,86.132,0.0,0.0,86.132,-29.277,56.855,0.0,,,56.855,-3.542,53.313,0.0,0.0,53.313,53.313,,39.929845,1.33,1.33,1.33,40.352845,1.33,1.33,1.33,
09/30/1999,317.573,130.633997,225.643,193.709,31.934,-95.009003,186.939003,0.159,,,,153.621002,33.159,-8.613,308.96,-215.815994,0.0,215.815994,93.143997,0.0,0.0,93.143997,-31.882,61.262001,0.0,,,61.261997,-3.257,58.005001,0.0,,58.005001,58.005001,,39.956274,1.47,1.47,1.47,40.400845,1.47,1.47,1.47,
12/31/1999,334.755996,136.295998,240.630997,240.630997,,-104.334999,198.459998,0.328,,,,171.962997,26.169001,-8.664,326.091996,-229.237,0.0,229.237,96.855003,6.0,-6.0,102.855003,-35.700001,67.154999,0.0,,,67.155003,-3.899,63.256001,0.0,,63.256001,63.256001,,40.271559,1.54,1.54,1.456,40.770273,1.54,1.54,1.456,
03/31/2000,337.585008,136.969002,250.269005,217.354004,32.915001,-113.300003,200.616006,-0.001,,,,178.615005,22.002001,-10.911,326.674008,-226.876007,0.0,226.876007,99.797997,0.0,0.0,99.797997,-34.445,65.352997,0.0,,,65.352997,-3.961,61.391998,0.0,0.0,61.391998,61.391998,,40.308987,1.54,1.54,1.54,40.707272,1.54,1.54,1.54,
06/30/2000,347.143,141.58,269.0,235.249,33.751,-127.42,205.563,-0.027,,,,168.051,37.539,-12.712,334.431,-232.438,0.0,232.438,101.993,0.0,0.0,101.993,-35.577,66.416,0.0,,,66.416,-4.664,61.752,0.0,0.0,61.752,61.752,,40.493845,1.54,1.54,1.54,40.943559,1.54,1.54,1.54,
09/30/2000,344.539994,140.240997,283.563995,249.130997,34.432999,-143.322998,204.298996,0.098,,,,170.854996,33.346001,-9.622,334.917994,-229.759003,0.0,229.759003,105.158997,0.0,0.0,105.158997,-36.736,68.422997,0.0,,,68.422997,-3.692,64.731003,0.0,,64.731003,64.731003,,40.5927,1.610001,1.610001,1.610001,41.055987,1.610001,1.610001,1.610001,
12/31/2000,352.777,143.542002,294.971994,268.830994,26.141001,-151.429993,209.234998,0.711,,,,176.309998,32.214001,-11.096,341.681,-230.401001,0.0,230.401001,111.279999,10.0,-10.0,121.279999,-42.419998,78.860001,0.0,,,78.860001,-4.178,74.681999,0.0,,74.681999,74.681999,,40.631846,1.82,1.82,1.610001,41.222701,1.82,1.82,1.610001,
03/31/2001,370.393018,146.413013,292.61301,258.506012,34.106998,-146.199997,223.980004,0.418,,,,197.673004,25.889,-10.987,359.406017,-242.136002,0.0,242.136002,117.269997,0.0,0.0,117.269997,-41.18,76.089996,0.0,,,76.089996,-4.205,71.885002,0.0,0.0,71.885002,71.885002,,41.100988,1.750001,1.750001,1.750001,41.892557,1.750001,1.750001,1.750001,
06/30/2001,386.625992,153.887997,288.033993,257.123993,30.91,-134.145996,232.737996,0.428,,,,212.229996,20.08,-13.17,373.455992,-249.042999,0.0,249.042999,124.413002,0.0,0.0,124.413002,-43.771,80.641998,0.0,,,80.642002,-5.027,75.614998,0.0,0.0,75.614998,75.614998,,41.473559,1.82,1.82,1.82,42.316843,1.82,1.82,1.82,
09/30/2001,388.093006,158.717999,280.753002,246.957001,33.796001,-122.035004,229.375008,0.337,,,,212.139008,16.899,-10.799,377.294006,-248.470001,0.0,248.470001,128.824005,0.0,0.0,128.824005,-44.943001,83.880997,0.0,,,83.881004,-4.976,78.904999,0.0,0.0,78.904999,78.904999,,41.552561,1.890001,1.890001,1.890001,42.479558,1.890001,1.890001,1.890001,
12/31/2001,648.896,170.772,269.488,231.374,38.114,-98.716,478.124,0.539,,,,221.422,256.163,-16.717,632.179,-492.834,0.0,492.834,139.345,0.0,0.0,139.345,-48.483,90.862,0.0,,,90.862,-5.651,85.211,0.0,0.0,85.211,85.211,,41.760845,2.030001,2.030001,2.030001,42.36813,2.030001,2.030001,2.030001,
03/31/2002,461.730004,172.617004,258.073006,223.850006,34.223,-85.456001,289.113,0.929,,,,269.069,19.115,-13.109,448.621004,-314.330994,0.0,314.330994,134.289993,0.0,0.0,134.289993,-46.450001,87.839996,0.0,,,87.839993,-5.088,82.751999,0.0,0.0,82.751999,82.751999,,42.132416,1.960001,1.960001,1.960001,42.8797,1.960001,1.960001,1.960001,
06/30/2002,534.992993,175.341007,258.677006,226.154007,32.522999,-83.335999,359.651986,-7.395,,,,354.441986,12.605,-19.978001,515.014992,-375.919006,0.0,375.919006,139.095993,0.0,0.0,139.095993,-47.576,91.519997,0.0,,,91.519993,-5.625,85.894997,0.0,0.0,85.894997,85.894997,,42.232701,2.030001,2.030001,2.030001,42.897418,2.030001,2.030001,2.030001,
09/30/2002,494.484015,182.939003,269.144005,236.964005,32.18,-86.205002,311.545012,0.717,,,,296.032013,14.796,-16.41,478.074016,-327.964996,0.0,327.964996,150.108994,0.0,0.0,150.108994,-51.583,98.526001,0.0,,,98.525993,-6.254,92.272003,0.0,0.0,92.272003,92.272003,,42.651987,2.170001,2.170001,2.170001,43.140843,2.170001,2.170001,2.170001,
12/31/2002,461.119,186.607,269.146,238.249,30.897,-82.539,274.512,0.032,,,,255.623,18.857,-15.83,445.289,-281.255,0.0,281.255,164.034,0.0,0.0,164.034,-52.924,111.11,0.0,,,111.11,-6.682,104.428,0.0,0.0,104.428,104.428,,42.872559,2.450001,2.450001,2.450001,43.189987,2.450001,2.450001,2.450001,
03/31/2003,506.837979,181.582991,259.756994,231.261993,28.495001,-78.174004,325.254988,0.06,,,,313.549988,11.645,-20.304001,486.533978,-339.990997,0.0,339.990997,146.542999,0.0,0.0,146.542999,-50.48,96.063004,0.0,,,96.063,-6.144,89.918999,0.0,0.0,89.918999,89.918999,,43.152414,2.100001,2.100001,2.100001,43.428846,2.100001,2.100001,2.100001,
06/30/2003,532.235996,190.936998,270.741999,242.794998,27.947001,-79.805,341.298998,0.521,,,,325.641998,15.136,-16.565001,515.670996,-356.674011,0.0,356.674011,158.996994,0.0,0.0,158.996994,-56.101002,102.896004,0.0,,,102.895992,-6.529,96.366997,0.0,0.0,96.366997,96.366997,,43.253701,2.240001,2.240001,2.240001,43.57356,2.240001,2.240001,2.240001,
09/30/2003,540.297983,193.112991,266.247993,239.720993,26.527,-73.135002,347.184992,0.755,,,,334.653992,11.776,-15.108,525.189983,-360.687988,0.0,360.687988,164.501999,0.0,0.0,164.501999,-57.722,106.779999,0.0,,,106.779999,-6.78,100.0,0.0,0.0,100.0,100.0,,43.052272,2.310001,2.310001,2.310001,43.501988,2.310001,2.310001,2.310001,
12/31/2003,553.021,197.431,264.745,239.378,25.367,-67.314,355.59,1.155,,,,339.059,15.376,-19.8,533.221,-364.79,0.0,364.79,168.431,0.0,0.0,168.431,-58.273,110.158,0.0,,,110.158,-7.519,102.639,0.0,0.0,102.639,102.639,,43.120273,2.380001,2.380001,2.380001,43.73713,2.380001,2.380001,2.380001,
03/31/2004,564.037,202.747,269.691,243.336,26.355,-66.944,361.29,-0.065,,,,346.379,14.976,-15.724,548.313,-393.323,,393.323,154.99,15.8,-15.8,170.79,-60.379,110.411,,,,110.411,-6.249,104.162,0.0,,104.162,104.162,,43.377701,2.380001,2.380001,2.170001,43.830273,2.380001,2.380001,2.170001,
06/30/2004,581.754,210.462,277.266,250.868,26.398,-66.804,371.292,,,,,353.373,17.919,-17.548,564.206,-391.252,,391.252,172.954,,,172.954,-60.961,111.993,,,,111.993,-6.852,105.141,0.0,,105.141,105.141,,43.739987,2.380001,2.380001,2.380001,44.122415,2.380001,2.380001,2.380001,
09/30/2004,607.726011,223.434006,299.747009,273.06601,26.681,-76.313004,384.292006,-0.024,,,,370.281006,14.035,-21.191999,586.534012,-405.704987,0.0,405.704987,180.828995,0.0,0.0,180.828995,-64.341003,116.487999,0.0,,,116.487991,-7.48,109.008003,0.0,0.0,109.008003,109.008003,,44.206844,2.450001,2.450001,2.450001,44.620413,2.450001,2.450001,2.450001,
12/31/2004,612.373014,224.036007,312.316006,285.824005,26.492001,-88.279999,388.337007,0.164,,,,383.251007,4.922,-20.855,591.518014,-398.085999,0.0,398.085999,193.432007,0.0,0.0,193.432007,-66.567001,126.864998,0.0,,,126.865005,-8.143,118.722,0.0,0.0,118.722,118.722,,44.248557,2.660001,2.660001,2.660001,44.752559,2.660001,2.660001,2.660001,
03/31/2005,651.972,226.862,331.306,303.839,27.467,-104.444,425.11,0.271,,,,415.321,9.518,-19.283,632.689,-438.24,0.0,438.24,194.449,0.0,0.0,194.449,-68.883,125.566,0.0,,,125.566,-8.832,116.734,0.0,0.0,116.734,116.734,,44.374558,2.660001,2.660001,2.660001,44.842844,2.590001,2.590001,2.590001,
06/30/2005,723.357,237.065,359.175,330.815,28.36,-122.11,486.292,0.327,,,,478.64,7.325,-22.823,700.534,-486.611,,486.611,213.923,,,213.923,-75.791,138.132,,,,138.132,-9.672,128.46,,,128.46,128.46,,44.450558,2.870001,2.870001,2.870001,44.955844,2.870001,2.870001,2.870001,
09/30/2005,750.201,244.825,386.412,356.792,29.62,-141.587,505.376,,,,,492.777,12.599,-19.639,730.562,-505.411,,505.411,225.151,,,225.151,-81.853,143.298,,,,143.298,-9.306,133.992,,,133.992,133.992,,44.548844,3.010001,3.010001,3.010001,45.047986,3.010001,3.010001,3.010001,
12/31/2005,761.796,260.095,419.332,388.035,31.297,-159.237,501.701,-0.135,,,,495.681,6.155,-20.787,741.009,-513.129,0.0,513.129,227.88,0.0,0.0,227.88,-81.049,146.831,0.0,,,146.831,-9.571,137.26,0.0,0.0,137.26,137.26,,44.613987,3.080001,3.080001,3.080001,45.039986,3.080001,3.080001,3.080001,
03/31/2006,754.311,262.436,439.493,406.15,33.343,-177.057,491.875,-0.073,,,,482.777,9.171,-19.549,734.762,-513.794,0.0,513.794,220.968,0.0,0.0,220.968,-76.722,144.246,0.0,,,144.246,-9.74,134.506,0.0,0.0,134.506,134.506,,44.805558,3.010001,3.010001,3.010001,45.172558,3.010001,3.010001,3.010001,
06/30/2006,804.956,287.203,497.713,460.879,36.834,-210.51,517.753,-1.062,,,,509.552,9.263,-18.534,786.422,-532.414,,532.414,254.008,,,254.008,-90.046,163.962,,,,163.962,-11.165,152.797,,,152.797,152.797,,46.111843,3.290001,3.290001,3.290001,46.4887,3.290001,3.290001,3.290001,
09/30/2006,820.541,292.602,533.629,495.166,38.463,-241.027,527.939,-0.982,,,,519.043,9.878,-18.39,802.151,-554.905,,554.905,247.246,0.0,0.0,247.246,-82.774,164.472,,,,164.472,-10.406,154.066,0.0,0.0,154.066,154.066,,46.2367,3.360001,3.360001,3.360001,46.690557,3.290001,3.290001,3.290001,
12/31/2006,386.464,288.871,545.631,504.516,41.115,-256.76,97.593,-0.001,,,,74.912,22.682,-18.675,367.789,-203.43,0.0,203.43,164.36,62.9,-62.9,227.26,-59.384,104.976,-70.571,,,238.447,0.0,175.548,0.0,0.0,175.548,175.548,,46.364986,3.780001,2.240001,1.33,46.874557,3.780001,2.240001,1.26,
03/31/2007,370.452,282.949,547.899,504.102,43.797,-264.95,87.503,0.447,,,,74.825,12.231,-20.515,349.937,-194.797,,194.797,155.14,,,155.14,-54.733,100.407,-46.346,,,146.753,0.0,146.753,0.0,,146.753,146.753,,46.5267,3.150001,2.170001,2.170001,47.081843,3.150001,2.100001,2.100001,
06/30/2007,384.805,288.475,564.492,518.08,46.412,-276.017,96.33,0.258,,,,78.189,17.883,-20.281,364.524,-197.66,0.0,197.66,166.864,0.0,0.0,166.864,-61.055,105.809,-56.941,,,162.75,,162.75,0.0,0.0,162.75,162.75,,46.629986,3.500001,2.240001,2.240001,47.180414,3.430001,2.240001,2.240001,
09/30/2007,394.115,290.839,572.226,523.796,48.43,-281.387,103.276,0.186,,,,77.171,25.919,-58.77,335.345,-200.425,,200.425,134.92,-9.082,9.082,125.838,-42.261,83.577,-51.366,,,134.943,,134.943,,,134.943,134.943,,46.744986,2.870001,1.820001,1.960001,47.1657,2.870001,1.750001,1.890001,
12/31/2007,385.683,286.685,553.787,553.787,,-267.102,98.998,0.09,,,,78.782,20.126,-70.642,315.041,-210.409,,210.409,104.632,-24.8,24.8,79.832,-26.69,53.142,-28.717,,,81.859,,81.859,,0.0,81.859,81.859,,46.864557,1.750001,1.12,1.12,47.0647,1.750001,1.12,1.12,
03/31/2008,380.082,278.649,503.881,456.394,47.487,-225.232,101.433,,,,,81.063,20.37,-91.049,289.033,-218.804,,218.804,70.229,55.972,-55.972,126.201,-43.648,82.553,,,,82.553,-1.559,80.994,0.0,,80.994,80.994,,46.9957,1.750001,1.750001,0.77,47.388414,1.680001,1.680001,0.7,
06/30/2008,364.933,273.421,458.14,409.565,48.575,-184.719,91.512,0.0,,,,78.139,13.373,-93.616,271.317,-238.964,0.0,238.964,32.353,-10.814,10.814,21.539,-9.302,12.237,0.0,,,12.237,-0.138,12.099,0.0,0.0,12.099,12.099,,47.0247,0.28,0.28,0.7,47.345414,0.28,0.28,0.7,
09/30/2008,366.753,267.798,455.223,406.14,49.083,-187.425,98.955,,,,,74.745,24.21,-151.351,215.402,-249.802,,249.802,-34.4,-25.282,25.282,-59.682,24.211,-35.471,,,,-35.471,-4.65,-40.121,0.0,,-40.121,-40.121,,47.062557,-0.84,-0.84,-0.42,47.062557,-0.84,-0.84,-0.42,
12/31/2008,346.586,258.025,441.749,394.287,47.462,-183.724,88.561,0.045,,,,73.682,14.834,-363.867,-17.281,-284.033,,284.033,-301.314,-439.166,439.166,-740.48,106.435,-634.045,,,,-634.045,-1.365,-635.41,-2.057,0.0,-637.467,-637.467,,47.0987,-13.510004,-13.510004,-4.130001,47.0987,-13.510004,-13.510004,-4.130001,
03/31/2009,331.987,243.239,386.393,337.165,49.228,-143.154,88.748,0.0,0.0,0.0,0.0,76.078,12.67,-290.437,41.55,-263.356,0.0,263.356,-221.806,0.0,0.0,-221.806,85.077,-136.729,0.0,0.0,0.0,-136.729,0.057,-136.672,-14.192,0.0,-150.864,-146.7313,4.1327,47.112129,-3.220001,-3.220001,-3.114511,47.112129,-3.220001,-3.220001,-3.132284,
06/30/2009,364.446,256.608,384.491,336.551,47.94,-127.883,107.838,0.0,0.0,0.0,0.0,84.947,22.891,-631.526,-267.08,-396.316,0.0,396.316,-663.396,0.0,0.0,-663.396,79.143,-584.253,0.0,0.0,0.0,-584.253,-2.677,-586.93,-14.225,0.0,-601.155,-590.10695,11.04805,47.121414,-12.740004,-12.740004,-12.523116,47.121414,-12.740004,-12.740004,-12.523116,
09/30/2009,345.428,254.631,376.62,331.676,44.944,-121.989,90.797,14.73,0.0,14.73,0.0,76.423,-0.356,-496.522,-151.094,-319.453,0.0,319.453,-470.547,0.0,0.0,-470.547,30.745,-439.802,0.0,0.0,0.0,-439.802,0.255,-439.547,-14.258,0.0,-453.805,-456.717,-2.912,49.232271,-9.240003,-9.240003,-9.276781,49.232271,-9.240003,-9.240003,-9.299153,
12/31/2009,392.679,255.832,361.685,322.88,38.805,-105.853,136.847,-0.663,0.0,-0.663,0.0,72.289,65.221,-387.115,5.564,-249.493,0.0,249.493,-243.929,0.0,0.0,-243.929,-6.864,-250.793,-0.889,-0.889,0.0,-249.904,0.001,-249.903,-14.291,0.0,-264.194,-257.1998,7.8832,69.443408,-4.060001,-3.817255,-3.703729,69.443408,-4.060001,-4.072804,-3.959285,
03/31/2010,318.565,248.867,342.795,306.192,36.603,-93.928,69.698,-0.448,0.0,-0.448,0.0,64.408,5.738,-340.948,-22.383,-252.797,0.0,252.797,-275.18,0.0,0.0,-275.18,16.337,-258.843,-43.161,-43.161,0.0,-215.682,0.209,-215.473,-14.325,0.0,-229.798,-272.959,0.0,69.943836,-3.290001,-3.920001,-3.920001,69.943836,-3.290001,-3.920001,-3.920001,
06/30/2010,324.034,250.039,337.739,301.268,36.471,-87.7,73.995,0.017,0.0,0.017,0.0,67.521,6.457,-298.904,25.13,-258.762,0.0,258.762,-233.632,0.0,0.0,-233.632,5.057,-228.575,0.0,0.0,0.0,-228.575,0.381,-228.194,-14.36,0.0,-242.554,-242.554,0.0,96.678971,-2.520001,-2.520001,-2.520001,96.678971,-2.520001,-2.520001,-2.520001,
09/30/2010,327.224,245.46,326.49,291.642,34.848,-81.03,81.764,-0.612,0.0,-0.612,0.0,70.132,12.244,-239.02,88.204,-269.011,0.0,269.011,-180.807,0.0,0.0,-180.807,-0.36,-181.167,0.0,0.0,0.0,-181.167,-0.277,-181.444,-14.394,0.0,-195.838,-193.615,2.223,112.130824,-1.750001,-1.750001,-1.726691,112.130824,-1.750001,-1.750001,-1.730177,
03/31/2011,301.598,237.434,298.432,266.879,31.553,-60.998,64.164,1.42,0.0,1.42,0.0,56.158,6.586,-141.746,159.852,-239.716,0.0,239.716,-79.864,0.0,0.0,-79.864,0.456,-79.408,0.0,0.0,0.0,-79.408,0.22,-79.188,-14.466,0.0,-93.654,-77.83755,15.81645,112.177538,-0.84,-0.84,-0.693875,112.177538,-0.84,-0.84,-0.699006,
06/30/2011,298.81,230.961,288.052,258.446,29.606,-57.091,67.849,0.377,0.0,0.377,0.0,60.369,7.103,-120.159,178.651,-222.415,0.0,222.415,-43.764,0.0,0.0,-43.764,4.764,-39.0,0.0,0.0,0.0,-39.0,0.0,-39.0,-14.504,0.0,-53.504,-51.4851,2.0189,112.182395,-0.49,-0.49,-0.458941,112.182395,-0.49,-0.49,-0.472003,
09/30/2011,361.995,228.603,281.97,253.829,28.141,-53.367,133.392,62.873,0.0,62.873,0.0,62.638,7.881,-102.325,259.67,-222.552,0.0,222.552,37.118,0.0,0.0,37.118,-6.91,30.208,0.0,0.0,0.0,30.208,0.0,30.208,-14.541,0.0,15.667,17.34855,1.68155,112.182823,0.14,0.14,0.154644,130.178104,0.14,0.14,0.152915,
12/31/2011,300.626,227.156,273.303,246.783,26.52,-46.147,73.47,10.337,0.0,10.337,0.0,53.184,9.949,-54.565,246.061,-219.082,0.0,219.082,26.979,0.0,0.0,26.979,0.378,27.357,0.0,0.0,0.0,27.357,0.0,27.357,-14.578,0.0,12.779,13.19435,0.41535,112.184109,0.14,0.14,0.117614,130.178961,0.07,0.07,0.073192,
03/31/2012,305.098,220.959,262.654,239.627,23.027,-41.695,84.139,20.083,0.0,20.083,0.0,53.995,10.061,-66.049,239.049,-203.133,0.0,203.133,35.916,0.0,0.0,35.916,0.077,35.993,0.0,0.0,0.0,35.993,0.0,35.993,-14.624,0.0,21.369,21.9267,0.5577,112.304966,0.21,0.21,0.195244,129.855104,0.14,0.14,0.144298,
06/30/2012,289.833,213.356,253.809,233.355,20.454,-40.453,76.477,4.17,0.0,4.17,0.0,57.198,15.109,-44.222,245.611,-208.264,0.0,208.264,37.347,0.0,0.0,37.347,2.105,39.452,0.0,0.0,0.0,39.452,0.0,39.452,-14.649,0.0,24.803,25.70845,0.90545,112.367966,0.21,0.21,0.228788,129.965818,0.21,0.21,0.216965,
09/30/2012,285.578,212.345,247.676,230.618,17.058,-35.331,73.233,6.656,0.0,6.656,0.0,59.991,6.586,-63.572,222.006,-191.492,0.0,191.492,30.514,0.0,0.0,30.514,0.211,30.725,0.0,0.0,0.0,30.725,0.0,30.725,-14.695,0.0,16.03,16.8048,0.7748,112.367966,0.14,0.14,0.149548,130.056532,0.14,0.14,0.145957,
12/31/2012,287.573,207.456,240.0,224.935,15.065,-32.544,80.117,8.233,0.0,8.233,0.0,63.92,7.964,-146.526,141.047,-213.346,0.0,213.346,-72.299,0.0,0.0,-72.299,799.795,727.496,0.0,0.0,0.0,727.496,0.0,727.496,-14.736,0.0,712.76,714.03985,1.27985,112.367966,6.370002,6.370002,6.354476,130.178675,5.460002,5.460002,5.46983,
03/31/2013,264.535,199.814,230.391,217.799,12.592,-30.577,64.721,0.045,0.0,0.045,0.0,57.554,7.122,-35.696,228.839,-182.286,0.0,182.286,46.553,0.0,0.0,46.553,-16.979,29.574,0.0,0.0,0.0,29.574,0.0,29.574,-14.776,0.0,14.798,17.9505,3.1525,112.434681,0.14,0.14,0.159656,130.119247,0.14,0.14,0.159656,
06/30/2013,267.169,202.077,231.513,216.992,14.521,-29.436,65.092,1.403,0.0,1.403,0.0,58.259,5.43,-13.077,254.092,-181.186,0.0,181.186,72.906,0.0,0.0,72.906,-27.371,45.535,0.0,0.0,0.0,45.535,0.0,45.535,-14.818,0.0,30.717,31.8597,1.1427,121.584678,0.28,0.28,0.262038,130.133818,0.21,0.21,0.218778,
09/30/2013,267.548,203.97,233.852,219.244,14.608,-29.882,63.578,1.124,0.0,1.124,0.0,54.724,7.73,-6.761,260.787,-187.328,0.0,187.328,73.459,0.0,0.0,73.459,-27.765,45.694,0.0,0.0,0.0,45.694,0.0,45.694,-8.506,0.0,37.188,37.63455,0.44655,136.67053,0.28,0.28,0.275366,137.097102,0.28,0.28,0.275366,
12/31/2013,264.512,204.331,233.259,217.424,15.835,-28.928,60.181,0.373,0.0,0.373,0.0,53.93,5.878,-14.064,250.448,-190.738,0.0,190.738,59.71,0.0,0.0,59.71,-21.131,38.579,0.0,0.0,0.0,38.579,0.0,38.579,-2.73,0.0,35.849,44.262,8.413,138.896958,0.28,0.28,0.318668,139.418958,0.28,0.28,0.318668,
03/31/2014,270.696,200.514,228.382,212.562,15.82,-27.868,70.182,1.331,0.0,1.331,0.0,52.352,16.499,-9.511,261.185,-184.161,0.0,184.161,77.024,0.0,0.0,77.024,-28.608,48.416,0.0,0.0,0.0,48.416,0.0,48.416,-2.559,0.0,45.857,47.6692,1.8122,138.931673,0.35,0.35,0.343112,139.503815,0.35,0.35,0.343112,
06/30/2014,268.439,205.051,232.213,217.017,15.196,-27.162,63.388,0.0,0.0,0.0,0.0,56.147,7.241,-12.284,256.155,-182.205,0.0,182.205,73.95,0.0,0.0,73.95,-27.078,46.872,0.0,0.0,0.0,46.872,0.0,46.872,-2.559,0.0,44.313,49.3284,5.0154,138.991,0.32,0.32,0.354904,139.567,0.32,0.32,0.354904,
09/30/2014,270.248,206.263,233.394,218.558,14.836,-27.131,63.985,0.0,0.0,0.0,0.0,56.198,7.787,-3.843,266.405,-193.749,0.0,193.749,72.656,0.0,0.0,72.656,-25.868,46.788,0.0,0.0,0.0,46.788,0.0,46.788,-2.559,0.0,44.229,52.7817,8.5527,139.043,0.32,0.32,0.379607,139.726,0.32,0.32,0.379607,
12/31/2014,272.004,207.455,234.703,219.963,14.74,-27.248,64.549,0.0,0.0,0.0,0.0,56.93,7.619,-8.193,263.811,-184.883,0.0,184.883,78.928,0.0,0.0,78.928,-25.757,53.171,0.0,0.0,0.0,53.171,0.0,53.171,-2.559,0.0,50.612,53.024,2.412,137.031,0.37,0.37,0.386949,137.831,0.37,0.37,0.386949,
03/31/2015,269.117,203.263,231.401,216.719,14.682,-28.138,65.854,0.725,0.0,0.725,0.0,57.762,7.367,-4.397,264.72,-178.908,0.0,178.908,85.812,0.0,0.0,85.812,-31.849,53.963,0.0,0.0,0.0,53.963,0.0,53.963,-2.559,0.0,51.404,51.5782,0.1742,134.933,0.38,0.38,0.38225,135.744,0.38,0.38,0.381283,
06/30/2015,272.476,203.644,233.654,218.596,15.058,-30.01,68.832,1.985,0.0,1.985,0.0,59.035,7.812,-6.636,265.84,-177.806,0.0,177.806,88.034,0.0,0.0,88.034,-32.242,55.792,0.0,0.0,0.0,55.792,0.0,55.792,-2.559,0.0,53.233,56.15435,2.92135,132.947,0.4,0.4,0.422381,133.625,0.4,0.4,0.421862,
09/30/2015,274.849,207.79,238.093,222.471,15.622,-30.303,67.059,0.0,0.0,0.0,0.0,58.766,8.293,-2.956,271.893,-177.907,0.0,177.907,93.986,0.0,0.0,93.986,-36.058,57.928,0.0,0.0,0.0,57.928,0.0,57.928,-2.559,0.0,55.369,55.5988,0.2298,131.516,0.42,0.42,0.422753,132.297,0.42,0.42,0.421737,
12/31/2015,278.795,212.62,242.814,226.173,16.641,-30.194,66.175,0.058,0.0,0.058,0.0,56.801,9.316,-5.021,273.774,-183.033,0.0,183.033,90.741,0.0,0.0,90.741,-32.343,58.398,0.0,0.0,0.0,58.398,0.0,58.398,-2.559,0.0,55.839,57.55545,1.71645,130.354,0.43,0.43,0.441532,131.197,0.43,0.43,0.441532,
03/31/2016,281.34,218.193,249.323,231.741,17.582,-31.13,63.147,0.067,0.0,0.067,0.0,56.127,6.953,-9.377,271.963,-188.233,0.0,188.233,83.73,0.0,0.0,83.73,-31.199,52.531,0.0,0.0,0.0,52.531,0.0,52.531,-2.559,0.0,49.972,55.73675,5.76475,127.227,0.39,0.39,0.438089,127.857,0.39,0.39,0.435087,
06/30/2016,289.335,221.449,252.393,235.046,17.347,-30.944,67.886,0.0,0.0,0.0,0.0,58.725,9.161,-6.693,282.642,-188.611,0.0,188.611,94.031,0.0,0.0,94.031,-33.574,60.457,0.0,0.0,0.0,60.457,0.0,60.457,-2.559,0.0,57.898,61.92865,4.03065,125.1,0.46,0.46,0.495033,125.699,0.46,0.46,0.492066,
09/30/2016,294.162,226.007,256.554,239.545,17.009,-30.547,68.155,0.059,0.0,0.059,0.0,59.627,8.469,-5.671,288.491,-185.871,0.0,185.871,102.62,0.0,0.0,102.62,-37.375,65.245,0.0,0.0,0.0,65.245,0.0,65.245,-2.559,0.0,62.686,63.9626,1.2766,122.924,0.51,0.51,0.520343,123.604,0.51,0.51,0.520328,
12/31/2016,307.537,233.531,264.533,246.267,18.266,-31.002,74.006,5.885,0.0,5.885,0.0,58.364,9.757,-6.259,301.278,-193.209,0.0,193.209,108.069,0.0,0.0,108.068,-39.519,68.55,0.0,0.0,0.0,68.55,0.0,68.55,-2.559,0.0,65.991,69.7896,3.7986,122.341,0.54,0.54,0.570451,123.187,0.54,0.54,0.570451,
03/31/2017,311.766,239.927,272.401,252.072,20.329,-32.474,71.839,5.854,0.0,5.854,0.0,57.97,8.015,-8.674,303.092,-197.388,0.0,197.388,105.704,0.0,0.0,105.704,-33.847,71.857,0.0,0.0,0.0,71.857,0.0,71.857,-2.559,0.0,69.298,73.524342,4.226342,122.3,0.57,0.57,0.60118,123.059,0.56,0.56,0.594344,
06/30/2017,319.798,251.097,285.51,264.718,20.792,-34.413,68.701,-0.001,0.0,-0.001,0.0,59.755,8.947,-10.26,309.538,-191.747,0.0,191.747,117.791,0.0,0.0,117.791,-41.788,76.003,0.0,0.0,0.0,76.003,0.0,76.003,-2.559,0.0,73.444,73.45245,0.00845,122.203,0.6,0.6,0.601069,123.027,0.6,0.6,0.600069,
09/30/2017,398.007,262.572,297.652,277.091,20.561,-35.08,135.435,-7.983,0.0,-7.983,0.0,58.979,84.439,-39.686,358.321,-205.646,0.0,205.646,152.675,0.0,0.0,152.675,-54.668,98.007,0.0,0.0,0.0,98.007,0.0,98.007,-2.559,0.0,95.448,72.0233,-23.4247,120.9,0.79,0.79,0.595726,121.814,0.78,0.78,0.587701,
12/31/2017,339.065,269.713,306.934,283.85,23.084,-37.221,69.352,0.0,0.0,0.0,0.0,58.485,10.867,-8.565,330.5,-226.534,0.0,226.534,103.966,0.0,0.0,103.966,-74.361,29.605,0.0,0.0,0.0,29.605,0.0,29.605,-2.559,0.0,27.046,86.596467,59.550467,119.282,0.23,0.23,0.725981,120.182,0.23,0.23,0.725502,
03/31/2018,341.33,274.284,313.134,288.773,24.361,-38.85,67.046,-3.056,0.0,-3.056,0.0,61.934,8.168,-12.776,328.554,-195.179,0.0,195.179,133.375,0.0,0.0,133.375,-30.209,103.166,0.0,0.0,0.0,103.166,0.0,103.166,-2.559,0.0,100.607,99.6847,-0.9223,118.666,0.85,0.85,0.840044,119.321,0.84,0.84,0.83227,
06/30/2018,357.964,284.577,329.834,305.227,24.607,-45.257,73.387,-1.333,0.0,-1.333,0.0,63.813,10.907,-11.79,346.174,-204.057,0.0,204.057,142.117,0.0,0.0,142.117,-30.936,111.181,0.0,0.0,0.0,111.181,0.0,111.181,-2.559,0.0,108.622,107.021717,-1.600283,118.397,0.92,0.92,0.903923,119.139,0.91,0.91,0.896568,
09/30/2018,363.287,291.619,343.942,319.2,24.742,-52.323,71.668,0.0,0.0,,0.0,63.781,7.887,-14.982,348.305,-220.297,0.0,220.297,128.008,0.0,0.0,128.008,-18.949,109.059,0.0,0.0,0.0,109.059,0.0,109.059,-9.729,0.0,99.33,104.62695,5.29695,117.241,0.85,0.85,0.892409,118.095,0.84,0.84,0.884853,
12/31/2018,365.924,297.933,357.395,332.227,25.168,-59.462,67.991,0.0,0.0,,0.0,63.998,3.993,-12.148,353.776,-209.922,0.0,209.922,143.854,0.0,0.0,143.854,-38.784,105.07,0.0,0.0,0.0,105.07,0.0,105.07,-3.151,0.0,101.919,105.087124,3.168124,116.303,0.88,0.88,0.903563,116.986,0.87,0.87,0.897081,
03/31/2019,476.553,397.175,504.839,454.51,50.329,-107.664,79.378,0.933,0.0,0.933,0.0,64.552,13.893,-23.569,452.984,-292.41,0.0,292.41,160.574,0.0,0.0,160.574,-40.388,120.186,0.0,0.0,0.0,120.186,0.0,120.186,-3.15,0.0,117.036,161.356665,44.320665,160.927,0.73,0.73,1.00267,162.76,0.72,0.72,0.992307,
06/30/2019,487.069,397.262,516.131,462.585,53.546,-118.869,89.807,-1.845,0.0,-1.845,0.0,73.977,17.675,-12.119,474.95,-264.126,0.0,264.126,210.824,0.0,0.0,210.824,-54.64,156.184,0.0,0.0,0.0,156.184,0.0,156.184,-3.15,0.0,153.034,159.036573,6.002573,157.389,0.97,0.97,1.010468,159.077,0.96,0.96,0.997734,
09/30/2019,490.857,402.097,523.415,468.676,54.739,-121.318,88.76,-3.731,0.0,-3.731,0.0,78.753,13.738,-27.562,463.295,-276.31,0.0,276.31,186.985,0.0,0.0,186.985,-51.259,135.726,0.0,0.0,0.0,135.726,0.0,135.726,-8.291,0.0,127.435,145.410928,17.975928,152.238,0.84,0.84,0.955155,154.043,0.83,0.83,0.946694,
12/31/2019,497.223,399.268,506.253,452.808,53.445,-106.985,97.955,-2.157,0.0,-2.157,0.0,78.72,21.392,-24.47,472.753,-266.121,0.0,266.121,206.632,0.0,0.0,206.632,-54.948,151.684,0.0,0.0,0.0,151.684,0.0,151.684,-8.29,0.0,143.394,143.650376,0.256376,146.948,0.98,0.98,0.977559,148.529,0.97,0.97,0.971726,
03/31/2020,477.117,373.26,483.897,431.452,52.445,-110.637,103.857,4.479,0.0,4.479,0.0,82.681,16.697,-158.722,318.395,-276.279,0.0,276.279,42.116,0.0,0.0,42.116,-3.595,38.521,0.0,0.0,0.0,38.521,0.0,38.521,-8.291,0.0,30.23,34.027321,3.797321,147.311,0.21,0.21,0.23099,148.401,0.2,0.2,0.225588,
06/30/2020,550.05,376.566,451.569,404.72,46.849,-75.003,173.484,69.409,0.0,69.409,0.0,79.267,24.808,-141.851,408.199,-284.141,0.0,284.141,124.058,0.0,0.0,124.058,-30.866,93.192,0.0,0.0,0.0,93.192,0.0,93.192,-8.291,0.0,84.901,90.489452,5.588452,147.288,0.58,0.58,0.614371,147.733,0.57,0.57,0.607828,
09/30/2020,471.636,,,,,,,,,,,,,,,,,,200.5,,,106.08,,67.66,,,,,,67.66,,,67.66,75.709,,,0.485,0.485,0.451,,0.485,0.485,0.451,
12/31/2020,482.364,,,,,,,,,,,,,,,,,,236.0,,,119.04,,77.86,,,,,,77.86,,,77.86,85.091,,,0.55,0.55,0.533,,0.55,0.55,0.533,
