Date,Revenue,Revenue From Electric,Regulated Electric Revenue,Unregulated Electric Revenue,Other Electric Revenue,Revenue from Gas,Revenue from Water,Other Revenue,Cost of Revenue,Fuel & Purchased Power Cost,Fuel Cost,Purchased Power Cost,Purchased Gas & Water Cost,Purchased Gas Cost,Other Cost of Revenue,Gross Profit,Operating Expenses,Maintenance Expenses,Depreciation Expenses,Taxes Other Than Income,Other Operating Expense,Operating Income (Loss),Non-Operating (Income) Loss,"Interest Expense, Net",Total Interest Income,AFUDC - Equity,Interest Income,Interest Expense,Interest Expenses on Bonds,AFUDC - Debts,Other Interest Expenses,Other Non-Op (Income) Loss,Pretax Income,Income Tax Expense (Benefit),Income (Loss) from Cont Ops,Net Extraordinary Losses (Gains),Discontinued Operations,XO & Accounting Changes,Income (Loss) Incl. MI,Minority Interest,"Net Income, GAAP",Preferred Dividends,Other Adjustments,"Net Income Avail to Common, GAAP","Net Income Avail to Common, Adj",Net Abnormal Losses (Gains),Basic Weighted Avg Shares,"Basic EPS, GAAP",Basic EPS from Cont Ops,"Basic EPS from Cont Ops, Adjusted",Diluted Weighted Avg Shares,"Diluted EPS, GAAP",Diluted EPS from Cont Ops,"Diluted EPS from Cont Ops, Adjusted",Source: Bloomberg
03/31/1990,1667.567017,1667.567017,,,,0.0,0.0,0.0,-586.067017,586.066986,452.972992,133.093994,0.0,,,1081.5,-704.198975,136.723999,186.847,101.484001,279.144012,377.300995,-166.461993,,,8.287,,201.330994,195.645004,-6.817,12.503,-26.582001,210.839002,-67.858002,142.981003,0.0,,,142.981,0.0,142.981003,-29.900999,,113.080004,113.080004,,633.307983,0.18,0.18,0.18,633.307983,0.18,0.18,0.18,
06/30/1990,2018.446045,2018.446045,,,,0.0,0.0,0.0,-756.827026,756.826996,603.546997,153.279999,0.0,,,1261.619019,-713.197021,156.199005,185.113007,88.239998,283.644989,548.421997,-175.056994,,,7.52,,206.205994,196.617004,-8.694,18.283001,-23.629,373.365003,-128.656998,244.707993,0.0,,,244.708005,0.0,244.707993,-28.733999,,215.973993,215.973993,,633.307983,0.34,0.34,0.34,633.307983,0.34,0.34,0.34,
09/30/1990,2437.582031,2437.582031,,,,0.0,0.0,0.0,-869.687988,869.687988,724.221985,145.466003,0.0,,,1567.894043,-726.255005,123.763,188.647995,110.162003,303.682007,841.638977,-167.254993,,,8.93,,207.511993,197.125,-8.732,19.118999,-31.327,674.383984,-240.046997,434.337006,218.0,,,216.336987,0.0,216.337006,-28.375,,187.962006,187.962006,,631.307983,0.3,0.645,0.645,631.307983,0.3,0.645,0.645,
12/31/1990,1851.405029,1851.405029,,,,0.0,0.0,0.0,-678.41803,678.417999,546.257996,132.160004,0.0,,,1172.987,-796.348999,185.313995,188.391998,97.113998,325.528992,376.638,-214.226005,,,8.263,,196.951004,198.613007,-9.757,8.095,25.538,162.411996,-47.438,114.973999,0.0,,,114.973996,0.0,114.973999,-27.99,,86.983999,86.983999,,644.325989,0.135,0.135,0.135,644.325989,0.135,0.135,0.135,
03/31/1991,1783.240967,1783.240967,,,,0.0,0.0,0.0,-597.77301,597.772995,467.457001,130.315994,0.0,,,1185.467957,-735.427002,137.729996,189.759003,107.224998,300.713013,450.040985,-186.984007,,,5.537,,200.404007,194.141006,-8.495,14.758,-7.883,263.056978,-98.824997,164.231995,0.0,,,164.231981,0.0,164.231995,-27.028999,,137.202995,137.202995,,631.307983,0.215,0.215,0.215,631.307983,0.215,0.215,0.215,
06/30/1991,2015.389038,2015.389038,,,,0.0,0.0,0.0,-687.164978,687.165016,575.593018,111.571999,0.0,,,1328.22406,-811.851013,183.988998,192.867004,107.579002,327.415985,516.372986,-198.679998,,,2.723,,205.516998,194.145004,-4.286,15.658,-4.114,317.692987,-119.866997,197.826004,0.0,,,197.825991,0.0,197.826004,-27.125,,170.701004,170.701004,,631.307983,0.275,0.275,0.275,631.307983,0.275,0.275,0.275,
09/30/1991,2363.239014,2363.239014,,,,0.0,0.0,0.0,-770.64801,770.648018,663.64502,107.002998,0.0,,,1592.591003,-776.38501,138.863998,190.903,113.014999,333.602997,816.205994,-160.417,,,2.826,,200.179001,189.139999,-3.567,14.606,-36.936001,655.788994,-257.048004,398.740997,0.0,,,398.740989,0.0,398.740997,-26.851999,,371.888998,371.888998,,631.307983,0.585,0.585,0.585,631.307983,0.585,0.585,0.585,
12/31/1991,1888.130981,1888.130981,,,,0.0,0.0,0.0,-649.414001,649.413994,530.304993,119.109001,0.0,,,1238.71698,-664.336975,176.417007,189.470993,104.181,194.268005,574.380005,-229.918993,,,1.914,,190.899994,179.574005,-1.652,12.978,40.932999,344.461012,-121.260002,223.201004,0.0,,,223.20101,0.0,223.201004,-26.993999,,196.207005,196.207005,,622.880005,0.315,0.315,0.315,622.880005,0.315,0.315,0.315,
03/31/1992,1807.890015,1807.890015,,,,0.0,0.0,0.0,-556.723022,556.723,446.490997,110.232002,0.0,,,1251.166992,-733.830994,136.959,190.990997,109.902,295.979004,517.335999,-180.498996,,,2.086,,187.423996,176.593994,-3.21,14.04,-4.839,336.837003,-125.084,211.753006,0.0,,,211.753003,0.0,211.753006,-26.965,,184.788006,184.788006,,633.307983,0.295,0.295,0.295,633.307983,0.295,0.295,0.295,
06/30/1992,2011.541016,2011.541016,,,,0.0,0.0,0.0,-670.276001,670.276001,540.072998,130.203003,0.0,,,1341.265015,-762.018982,155.302002,191.201996,107.962997,307.552002,579.245972,-180.867995,,,2.524,,189.244995,176.169006,-3.404,16.48,-5.853,398.377977,-149.572998,248.804993,0.0,,,248.804979,0.0,248.804993,-25.629999,,223.174994,223.174994,,633.307983,0.35,0.35,0.35,633.307983,0.35,0.35,0.35,
09/30/1992,2385.589111,2385.589111,,,,0.0,0.0,0.0,-752.80603,752.806015,641.989014,110.817001,0.0,,,1632.783081,-765.020996,131.125,192.218994,115.214996,326.462006,867.762024,-179.407993,,,2.827,,185.457993,173.380005,-3.382,15.46,-3.223,688.354031,-258.069,430.285004,0.0,,,430.285031,0.0,430.285004,-26.169001,,404.116003,404.116003,,631.843994,0.64,0.64,0.64,631.843994,0.64,0.64,0.64,
12/31/1992,1867.97998,1867.97998,,,,0.0,0.0,0.0,-588.195007,588.194992,485.446991,102.748001,0.0,,,1279.784973,-835.129028,189.613998,193.587997,102.919998,349.006989,444.656006,-203.225002,,,2.563,,173.873001,157.856995,-2.004,18.02,31.915001,241.431004,-75.274002,166.156998,0.0,,,166.157002,0.0,166.156998,-25.236,,140.920998,140.920998,,626.31598,0.225,0.225,0.225,626.31598,0.225,0.225,0.225,
03/31/1993,1839.562012,1839.562012,,,,0.0,0.0,0.0,-551.60199,551.60199,457.386993,94.214996,0.0,,,1287.960022,-780.723022,157.464996,194.393997,115.042,313.821991,507.237,-179.459005,,,0.747,,178.589005,155.662003,-2.654,25.580999,1.617,327.777995,-126.470001,201.307999,0.0,,,201.307994,0.0,201.307999,-24.305,,177.002998,177.002998,,633.565979,0.28,0.28,0.28,633.565979,0.28,0.28,0.28,
06/30/1993,2068.125977,2068.125977,,,,0.0,0.0,0.0,-646.958008,646.957977,556.578979,90.378998,0.0,,,1421.167969,-835.028015,164.345993,201.212997,112.625,356.843994,586.140015,-171.802999,,,1.137,,212.154999,150.904999,-3.426,64.676003,-39.215,414.337016,-140.802002,273.535004,0.0,,,273.535014,0.0,273.535004,-23.051001,,250.484003,250.484003,,636.107971,0.395,0.395,0.395,636.107971,0.395,0.395,0.395,
09/30/1993,2636.381104,2636.381104,,,,0.0,0.0,0.0,-811.336975,811.336975,724.875977,86.460999,0.0,,,1825.044128,-870.304016,140.242004,198.688004,121.370003,410.003998,954.73999,-183.239996,,,2.804,,171.048996,146.302002,-3.355,28.101999,14.995,771.499994,-306.997986,464.502014,0.0,,,464.502008,0.0,464.502014,-22.826,,441.676014,441.676014,,638.828003,0.69,0.69,0.69,638.828003,0.69,0.69,0.69,
12/31/1993,1945.077026,1945.077026,,,,0.0,0.0,0.0,-590.794006,590.793991,526.161987,64.632004,0.0,,,1354.28302,-903.406006,190.509995,208.098007,112.392998,392.404999,450.877014,-192.41,,,4.297,,162.914001,141.876999,-3.816,24.853001,33.792999,258.467014,-102.497002,155.970001,0.0,,,155.970012,0.0,155.970001,-23.285,,132.685001,132.685001,,643.497986,0.205,0.205,0.205,643.497986,0.205,0.205,0.205,
03/31/1994,1932.430054,1932.430054,,,,0.0,0.0,0.0,-560.651001,560.651001,479.990997,80.660004,0.0,,,1371.779053,-928.874023,173.787003,200.210007,118.935997,435.94101,442.904999,-173.435994,,,3.283,,166.940994,142.570999,-4.384,28.754,9.778,269.469005,-106.531998,162.936996,0.0,,,162.937007,0.0,162.936996,-21.334,,141.602997,141.602997,,646.452026,0.22,0.22,0.22,646.452026,0.22,0.22,0.22,
06/30/1994,2068.485107,2068.485107,,,,0.0,0.0,0.0,-579.629028,579.629032,536.68103,42.948002,0.0,,,1488.856079,-861.573975,161.089005,202.175995,118.014999,380.294006,627.281982,-160.723004,,,2.492,,170.520004,153.569,-5.342,22.292999,-7.305,466.558978,-188.628006,277.931,0.0,,,277.930972,0.0,277.931,-21.732,,256.198999,256.198999,,648.346985,0.39,0.39,0.39,648.346985,0.39,0.39,0.39,
09/30/1994,2381.334961,2381.334961,,,,0.0,0.0,0.0,-639.739014,639.738995,591.567993,48.171001,0.0,,,1741.595947,-845.723022,162.201004,204.664001,121.308998,357.549011,895.872986,-180.913994,,,2.68,,164.856995,149.093994,-4.061,19.823999,18.737,714.958992,-276.97699,437.981995,0.0,,,437.982002,0.0,437.981995,-22.030001,,415.951994,415.951994,,650.453979,0.64,0.64,0.64,650.453979,0.64,0.64,0.64,
12/30/1994,1914.75,1914.75,,,,0.0,0.0,0.0,-554.981018,554.981011,449.76001,105.221001,0.0,,,1359.768982,-899.828979,162.923004,213.949997,116.739998,406.216003,459.940002,-149.927007,,,2.545,,157.682007,152.766006,-4.213,9.129,-5.21,310.012995,-112.862999,197.149994,0.0,,,197.149996,0.0,197.149994,-21.903999,,175.245995,175.245995,,654.0,0.27,0.27,0.27,654.0,0.27,0.27,0.27,
03/31/1995,1929.042969,1929.042969,,,,0.0,0.0,0.0,-508.320007,508.320011,449.782013,58.537998,0.0,,,1420.722961,-883.35199,159.412003,212.322006,123.447998,388.170013,537.370972,-165.061004,,,3.119,,162.591003,144.516998,-5.848,23.922001,5.589,372.309968,-140.311996,231.998001,0.0,,,231.997972,-3.206,228.792007,-22.450001,,206.342007,206.342007,,661.0,0.31,0.31,0.31,661.0,0.31,0.31,0.31,
06/30/1995,2183.570068,2183.570068,,,,0.0,0.0,0.0,-616.317017,616.316994,545.765991,70.551003,0.0,,,1567.253052,-920.853027,162.895996,216.720001,121.431999,419.804993,646.400024,-156.540997,,,1.885,,169.436996,144.925003,-5.391,29.903,-11.011,489.859028,-200.091995,289.766998,0.0,,,289.767032,0.0,289.766998,-22.253,,267.513998,267.513998,,666.0,0.4,0.4,0.4,666.0,0.4,0.4,0.4,
09/30/1995,2758.8479,2758.8479,,,,0.0,0.0,0.0,-780.281006,780.281006,665.190002,115.091003,0.0,,,1978.566895,-981.950989,142.936005,243.639008,131.994995,463.381012,996.616028,-191.642998,,,0.843,,166.654999,139.835007,-3.663,30.483,25.830999,804.97303,-314.360992,490.612,0.0,,,490.612037,0.0,490.612,-21.788,,468.823999,468.823999,,665.773987,0.71,0.71,0.71,665.773987,0.71,0.71,0.71,
12/31/1995,2308.539062,2308.539062,,,,0.0,0.0,0.0,-712.08197,712.082,465.261993,246.820007,0.0,,,1596.457092,-1085.843994,217.755997,231.319,158.125,478.644012,510.613007,-201.549001,,,,,197.317001,171.723007,-5.098,30.691999,4.232,309.064006,-114.235001,194.828995,0.0,,,194.829005,-13.0,181.828995,-21.509001,,160.319994,160.319994,,667.0,0.24,0.24,0.24,667.0,0.24,0.24,0.24,
03/31/1996,2415.61792,2415.61792,,,,0.0,0.0,0.0,-774.125,774.125,502.627991,271.497009,0.0,,,1641.49292,-1058.204956,186.376999,244.845993,168.645004,458.337006,583.288025,-165.713002,,,0.86,,190.024002,152.742996,-5.311,42.591999,-23.451,417.575023,-163.763,253.811996,0.0,,,253.812023,0.556,254.367996,-21.493,,232.874996,232.874996,,670.10498,0.35,0.35,0.35,670.10498,0.35,0.35,0.35,
06/30/1996,2538.568115,2538.568115,,,,0.0,0.0,0.0,-778.486023,778.485992,555.322998,223.162994,0.0,,,1760.082092,-1072.678955,196.722,247.285004,152.306,476.365997,687.403015,-191.841006,,,0.184,,184.072006,131.542999,-5.478,58.007,7.953,495.562009,-185.212997,310.348999,0.0,,,310.349011,-1.382,308.96701,-21.707001,,287.26001,287.26001,,671.757019,0.43,0.43,0.43,671.757019,0.43,0.43,0.43,
09/30/1996,2916.63501,2916.63501,,,,0.0,0.0,0.0,-894.690979,894.691025,642.400024,252.291,0.0,,,2021.944031,-1044.634033,169.675003,247.891998,162.384003,464.683014,977.309998,-173.884994,,,1.169,,184.384995,141.988007,-4.4,46.797001,-9.331,803.425003,-309.864014,493.561005,0.0,,,493.56099,-3.765,489.79599,-22.356001,,467.439989,467.439989,,673.651001,0.69,0.69,0.69,673.651001,0.69,0.69,0.69,
12/31/1996,2487.070068,2487.070068,,,,0.0,0.0,0.0,-900.286987,900.286987,544.645996,355.640991,0.0,,,1586.783081,-1233.245972,228.975998,255.643997,150.722,597.903992,353.536987,-65.947001,,,1.719,,139.128998,136.977005,-3.884,6.036,-71.462997,287.589986,-98.778,188.811996,0.0,,,188.811986,-8.591,180.220993,-40.735001,,139.485992,139.485992,,675.0,0.21,0.21,0.21,675.0,0.21,0.21,0.21,
03/31/1997,2584.414062,2584.414062,,,,0.0,0.0,0.0,-943.995972,943.996002,485.755005,458.240997,0.0,,,1640.418091,-1098.083984,191.292007,292.123993,151.694,462.973999,542.333984,-159.480996,,,0.791,,202.565994,159.720001,-4.596,47.442001,-42.293999,382.852989,-141.742996,241.110001,0.0,,,241.109993,-15.519,225.591003,-38.577999,,187.013004,187.013004,,678.825989,0.28,0.28,0.28,678.825989,0.28,0.28,0.28,
06/30/1997,2717.195068,2717.195068,,,,0.0,0.0,0.0,-1000.427002,1000.426971,517.250977,483.175995,0.0,,,1716.768066,-1133.505005,211.552994,286.907013,139.272995,495.772003,583.263,-167.485993,,,0.832,,206.845993,173.979996,-3.988,36.854,-38.528,415.777007,-145.097,270.679993,0.0,,,270.680007,-12.823,257.856995,-43.062,,214.794994,214.794994,,682.786011,0.31,0.31,0.31,682.786011,0.31,0.31,0.31,
09/30/1997,4071.204102,4071.204102,,,,0.0,0.0,0.0,-1832.598999,1832.598999,694.151978,1138.447021,0.0,,,2238.605103,-1186.078979,164.748001,357.563995,145.667999,518.098999,1052.526001,-329.862993,,,2.649,,210.798996,170.285995,-1.84,42.353001,121.712997,722.663007,-317.828003,404.834991,0.0,,,404.835005,15.454,420.289001,-45.578999,,374.710003,374.710003,,687.158997,0.55,0.55,0.71,687.158997,0.55,0.55,0.71,
12/31/1997,3238.187012,3238.187012,,,,0.0,0.0,0.0,-1536.978027,1536.977966,583.84198,953.135986,0.0,,,1701.208984,-1214.332031,195.406998,309.404999,135.365005,574.155029,486.877014,-153.170003,,,1.728,,252.789001,208.014008,-3.576,48.351002,-97.890999,333.707012,-86.332001,247.375,0.0,,,247.375011,-16.112,231.263,-35.780998,,195.482002,195.482002,,691.0,0.28,0.28,0.28,691.0,0.28,0.28,0.28,
03/31/1998,2513.715088,2513.715088,,,,0.0,0.0,0.0,-782.327026,782.326996,474.328003,307.998993,0.0,,,1731.388062,-1141.125,199.988007,324.299011,147.332001,469.506012,590.263,-161.338003,,,0.503,,229.244003,181.233994,-2.519,50.528999,-67.403,428.924997,-128.899002,300.026001,0.0,,,300.025995,-16.587,283.438995,-41.737,,241.701996,241.701996,,695.0,0.348,0.348,0.348,695.0,0.348,0.348,0.348,
06/30/1998,2913.381104,2913.381104,,,,0.0,0.0,0.0,-919.481995,919.482025,616.504028,302.977997,0.0,,,1993.899109,-1345.155029,234.681,426.415009,143.158997,540.900024,648.744019,-158.68201,,,0.634,,268.325012,211.987,-3.096,59.433998,-109.009003,490.062009,-164.171997,325.890015,0.0,,,325.890012,-13.123,312.766998,-41.993999,,270.772999,270.772999,,697.658997,0.388,0.388,0.388,697.658997,0.388,0.388,0.388,
09/30/1998,3456.784912,3456.784912,,,,0.0,0.0,0.0,-1067.715942,1067.716034,738.223022,329.493011,0.0,,,2389.06897,-1322.324951,207.988007,418.70401,148.613998,547.018982,1066.744019,-188.191998,,,2.632,,235.240997,179.427994,-3.393,59.206001,-44.417,878.552021,-290.317993,588.234009,0.0,,,588.234028,-27.280001,560.953979,-44.924999,,516.02898,516.02898,,697.796997,0.74,0.74,0.74,697.796997,0.74,0.74,0.74,
12/31/1998,2519.118896,2519.118896,,,,0.0,0.0,0.0,-844.474976,844.475006,541.945007,302.529999,0.0,,,1674.643921,-1328.39502,244.343002,369.582001,159.895004,554.575012,346.248993,-234.788003,,,3.36,,220.190002,216.264999,-2.906,6.831,17.958,111.46099,-94.611,16.85,0.0,,,16.84999,-23.01,-6.16,-45.344002,,-51.504002,-51.504002,,697.544006,-0.08,-0.08,0.24,697.544006,-0.08,-0.08,0.24,
03/31/1999,2441.565,2441.565,,,,0.0,0.0,0.0,-786.892,786.892,512.466,274.426,0.0,,,1654.673,-1169.698,221.286,315.081,146.262,487.069,484.975,-81.308,,,0.0,29.486,207.007,193.81,,13.197,-96.213,403.667,-108.608,295.059,0.0,,,295.059,-21.343,273.711,-49.4,,224.311,224.311,,698.527,0.32,0.32,0.32,698.527,0.32,0.32,0.32,
06/30/1999,2791.08,2791.08,,,,0.0,0.0,0.0,-901.042,901.042,656.89,244.152,0.0,,,1890.038,-1222.732,233.938,325.163,145.06,518.564,667.306,-135.122,,,,40.142,234.46,218.404,,16.056,-59.196,532.184,-152.589,379.595,0.0,,,379.595,-14.841,364.754,-50.769,,313.985,313.985,,693.465,0.45,0.45,0.45,693.465,0.45,0.45,0.45,
09/30/1999,3736.649,3736.649,,,,0.0,0.0,0.0,-1244.125,1244.125,893.394,350.731,0.0,,,2492.524,-1313.413,195.224,335.731,159.199,623.259,1179.111,9.739,,,,45.91,250.926,164.769,,86.157,-214.755,1188.85,-403.439,785.411,0.0,,,785.411,-118.518,666.893,-51.71,,615.183,615.183,,678.472,0.9,0.9,0.91,678.472,0.9,0.9,0.91,
12/31/1999,2615.706,2615.706,,,,0.0,0.0,0.0,-741.941,741.941,657.25,84.691,0.0,,,1873.765,-1426.157,294.552,331.025,161.479,639.108,447.608,-185.309,,,,,366.607,121.017,,245.59,-181.298,262.299,-61.364,200.935,,,,200.935,-28.298,172.642,-50.121,,122.521,122.521,,670.0,0.19,0.19,0.22,670.0,0.19,0.19,0.22,
03/31/2000,2051.603,2051.603,,,,0.0,0.0,0.0,-598.502,598.502,524.073,74.429,0.0,,,1453.101,-1025.158,210.942,291.674,135.179,387.363,427.943,-138.104,,,0.0,27.325,152.947,152.947,,0.0,12.482,289.839,-91.747,198.092,-94.289,,,292.381,0.0,292.381,-46.937,,245.444,245.444,,653.134,0.38,0.23,0.23,653.134,0.38,0.23,0.23,
06/30/2000,2522.742,2522.742,,,,0.0,0.0,0.0,-800.785,800.785,644.38,156.405,0.0,,,1721.957,-1123.792,214.772,311.401,131.837,465.782,598.165,-147.729,,,,34.8,169.286,169.286,,0.0,13.243,450.436,-147.825,302.611,-86.334,,,388.945,0.0,388.945,-47.041,,341.904,341.904,,648.696,0.52,0.39,0.39,648.696,0.52,0.39,0.39,
09/30/2000,3197.375,3197.375,,,,0.0,0.0,0.0,-1099.65,1099.65,778.508,321.142,0.0,,,2097.725,-1058.935,173.472,286.94,144.341,454.182,1038.79,-152.539,,,,36.641,169.799,169.799,,0.0,19.381,886.251,-315.889,570.362,-90.233,,,660.595,0.0,660.595,-48.816,,611.779,611.779,,649.347,0.95,0.81,1.03,650.869,0.95,0.81,1.03,
12/31/2000,2294.28,2088.28,,,,0.0,0.0,206.0,-742.063,742.063,617.039,125.024,0.0,,,1552.217,-1213.115,252.814,280.985,124.643,554.673,339.102,-195.628,,,0.0,,166.968,166.968,,0.0,28.66,143.474,-32.539,110.935,-48.144,,,159.079,0.0,159.079,-45.206,,113.873,113.873,,661.0,0.16,-0.33,0.21,661.0,0.16,-0.33,0.21,
03/31/2001,2269.518,2269.518,,,,0.0,0.0,0.0,-721.507,721.507,607.481,114.026,0.0,,,1548.011,-1072.697,225.857,303.666,137.309,405.865,475.314,-139.581,,,0.0,,144.888,144.888,0.0,0.0,-5.307,335.733,-109.945,225.788,-140.803,,,366.591,0.0,366.591,-47.046,0.0,319.545,319.545,,682.575,0.47,0.26,0.26,682.575,0.47,0.26,0.26,
06/30/2001,2561.804,2561.804,,,,0.0,0.0,0.0,-852.237,852.237,654.906,197.331,0.0,,,1709.567,-1124.753,229.641,283.387,134.904,476.821,584.814,-128.955,,,,7.506,145.65,145.65,,42.099,-9.189,455.859,-138.758,317.101,-2.185,,,319.286,0.0,319.286,-46.713,0.0,272.573,272.573,,686.702,0.39,0.4,0.4,691.404,0.39,0.4,0.4,
09/30/2001,3164.461,3164.461,,,,0.0,0.0,0.0,-1088.846,1088.846,751.297,337.549,0.0,,,2075.615,-1077.73,186.661,282.396,142.372,466.301,997.885,-112.53,,,,5.607,133.517,133.517,,42.015,-15.38,885.355,-284.412,600.943,0.0,,,600.943,0.0,600.943,-46.565,0.0,554.378,554.378,,691.687,0.8,0.8,0.8,691.728,0.79,0.79,0.79,
12/31/2001,2159.217,1618.217,,,,0.0,0.0,541.0,-632.41,632.41,563.316,69.094,0.0,,,1526.807,-1193.82,266.841,303.551,120.415,503.013,332.987,-145.934,,,,,132.945,132.945,,,12.989,187.053,-24.885,162.168,-0.012,,,162.18,0.0,162.18,-46.676,,115.504,115.504,,695.0,0.16,0.16,0.16,710.0,0.16,0.16,0.16,
03/31/2002,2213.588,2213.588,,,,0.0,0.0,0.0,-641.81,641.81,574.193,67.617,0.0,,,1571.778,-1054.278,228.79,240.389,139.847,445.252,517.5,-172.447,,,0.0,4.803,163.08,120.553,0.0,42.527,14.17,345.053,-116.386,228.667,0.0,,,228.667,0.0,228.667,-4.381,0.0,224.286,224.286,,701.012,0.32,0.32,0.32,706.298,0.32,0.32,0.32,
06/30/2002,2630.772,2630.772,,,,0.0,0.0,0.0,-810.188,810.188,686.544,123.644,0.0,,,1820.584,-1161.871,247.019,254.271,137.877,522.704,658.713,-168.044,,,,4.141,166.868,123.219,,43.649,5.317,490.669,-154.881,335.788,0.0,,,335.788,0.0,335.788,-4.396,0.0,331.392,331.392,,706.181,0.47,0.47,0.47,712.165,0.46,0.46,0.46,
09/30/2002,3248.008,3092.87,,,,0.0,0.0,155.138,-1028.715,1028.715,845.121,183.594,0.0,,,2219.293,-1149.241,194.157,265.538,146.996,542.55,1070.052,-197.943,,,,6.645,168.912,124.237,,44.675,35.676,872.109,-272.283,599.826,,,,599.826,0.0,599.826,0.0,0.0,599.826,599.826,,710.647,0.84,0.84,0.84,716.464,0.83,0.83,0.83,
12/31/2002,2456.632,2113.632,,,,0.0,0.0,343.0,-799.287,799.287,725.142,74.145,0.0,,,1657.345,-1322.61,291.034,286.802,132.28,612.494,334.735,-201.566,,,,,168.14,123.991,,44.149,33.426,133.169,15.55,148.719,0.0,,,148.719,0.0,148.719,-3.81,,144.909,144.909,,715.0,0.23,0.23,0.23,715.0,0.23,0.23,0.23,
03/31/2003,2552.902,2404.882,,,,0.0,0.0,148.02,-847.429,847.429,710.327,137.102,0.0,,,1705.473,-1117.39,229.71,244.988,148.826,493.866,588.083,-164.733,,,7.851,4.498,163.347,123.761,0.0,39.586,13.735,423.35,-121.168,302.182,-0.367,,,302.549,0.0,302.549,-4.75,0.0,297.799,297.799,,718.943,0.41,0.41,0.41,724.891,0.41,0.41,0.41,
06/30/2003,2859.223,2859.223,,,,0.0,0.0,0.0,-867.82,867.82,732.245,135.575,0.0,,,1991.403,-1210.181,238.954,258.297,142.737,570.193,781.222,-158.1,,,4.173,20.589,174.139,134.188,,39.951,8.723,623.122,-185.763,437.359,0.0,,,437.359,0.0,437.359,-5.472,,431.887,431.887,,724.627,0.6,0.6,0.49,730.286,0.59,0.59,0.47,
09/30/2003,3319.096,3319.096,,,,0.0,0.0,0.0,-1075.993,1075.993,936.982,139.011,0.0,,,2243.103,-1148.754,195.871,260.623,155.263,536.997,1094.349,-196.298,,,5.025,4.994,165.546,129.153,,36.393,40.771,898.051,-279.216,618.835,0.0,,,618.835,0.0,618.835,-5.473,,613.362,613.362,,729.816,0.85,0.85,0.85,734.855,0.84,0.84,0.84,
12/31/2003,2519.779,2015.779,,,,0.0,0.0,504.0,-712.758,712.758,651.446,61.312,0.0,,,1807.021,-1375.675,272.465,263.092,139.174,700.944,431.346,-268.869,,,15.802,5.919,174.968,139.898,0.0,35.07,115.622,162.477,-25.853,136.624,0.367,,,136.257,0.0,136.257,-5.305,0.0,130.952,130.952,,733.0,0.17,0.17,0.22,733.0,0.17,0.17,0.22,
03/31/2004,2754.05,2588.31,,,,0.0,0.0,165.743,-927.377,927.377,807.619,119.758,0.0,,,1826.673,-1172.41,237.497,240.654,158.484,535.772,654.266,-194.597,,,8.184,7.654,161.753,130.585,0.0,31.168,48.682,459.669,-123.055,336.614,0.0,,,336.614,0.0,336.614,-5.472,,331.142,331.142,,736.638,0.45,0.45,0.45,741.603,0.45,0.45,0.45,
06/30/2004,3008.9,2915.74,,,,0.0,0.0,93.152,-1088.07,1088.066,870.0,218.066,0.0,,,1920.83,-1225.91,268.459,233.449,154.583,569.421,694.917,-174.226,,,9.467,6.455,170.598,138.613,,31.985,19.55,520.691,-159.02,361.671,0.0,,,361.671,0.0,361.671,-9.539,0.0,352.132,352.132,,738.185,0.48,0.48,0.48,742.453,0.47,0.47,0.47,
09/30/2004,3440.8,3358.02,,,,0.0,0.0,82.787,-1170.26,1170.264,982.511,187.753,0.0,,,2270.54,-1157.57,209.497,241.134,161.165,545.778,1112.97,-155.477,,,14.333,6.174,164.703,132.773,0.0,31.93,11.281,957.493,-305.615,651.875,0.0,,,651.878,0.0,651.875,-7.402,,644.473,644.473,,739.345,0.87,0.87,0.87,743.695,0.87,0.87,0.87,
12/31/2004,5442.0,5442.0,,,,,,,-1896.0,1896.0,1896.0,,,,,3546.0,-2754.0,1968.0,480.0,306.0,,792.0,-388.0,,,,,358.0,358.0,,,30.0,404.0,4.0,408.0,,,,408.0,,408.0,,0.0,408.0,408.0,,1482.0,0.54,0.54,0.54,1482.0,0.54,0.54,0.54,
03/31/2005,2787.03,2717.029,,,,0.0,0.0,70.001,-962.837,962.837,864.621,98.216,0.0,,,1824.193,-1264.514,294.092,291.11,162.884,516.428,559.679,-158.849,,,16.859,5.272,170.917,170.917,0.0,0.0,10.063,400.83,-75.887,324.943,-5.419,,,330.362,0.0,330.362,-7.402,0.0,322.96,322.96,,744.025,0.43,0.43,0.43,748.672,0.43,0.42,0.42,
06/30/2005,3119.646,3049.436,,,,0.0,0.0,70.21,-1116.918,1116.918,993.241,123.677,0.0,,,2002.728,-1281.338,259.975,286.374,162.798,572.191,721.39,-178.725,,,14.011,6.223,186.146,186.146,0.0,0.0,12.813,542.665,-146.447,396.218,1.995,,,394.223,0.0,394.223,-7.402,0.0,386.821,386.821,,746.823,0.52,0.52,0.52,751.016,0.52,0.52,0.52,
09/30/2005,4357.883,4288.834,,,,0.0,0.0,69.049,-1755.552,1755.552,1408.222,347.33,0.0,,,2602.331,-1325.355,206.823,298.385,179.049,641.098,1276.976,-187.071,,,9.974,9.104,194.106,194.106,0.0,0.0,12.043,1089.905,-351.436,738.469,8.84,,,729.629,0.0,729.629,-7.425,0.0,722.204,722.204,,743.214,0.97,0.98,0.98,747.817,0.97,0.98,0.98,
12/31/2005,3289.0,3220.0,,,,0.0,0.0,69.0,-1391.0,1391.0,1391.0,,0.0,,,1898.0,-1494.0,,300.0,175.0,1019.0,404.0,-216.0,,,,24.505,195.0,195.0,0.0,0.0,45.505,188.0,-21.0,167.0,0.0,,,167.0,0.0,167.0,-7.771,0.0,159.229,159.229,,742.0,0.21,0.21,0.21,748.495,0.21,0.21,0.21,
03/31/2006,3063.26,2997.272,,,,0.0,0.0,65.988,-1152.956,1152.956,1048.545,104.411,0.0,,,1910.304,-1320.011,283.63,298.926,175.003,562.452,590.293,-214.142,,,11.527,6.672,207.004,207.004,0.0,0.0,25.337,376.151,-107.022,269.129,-1.493,,,270.622,0.0,270.622,-9.015,0.0,261.607,261.607,,742.195,0.35,0.35,0.35,747.039,0.35,0.35,0.35,
06/30/2006,3591.503,3526.384,,,,0.0,0.0,65.119,-1446.493,1446.493,1307.65,138.843,0.0,,,2145.01,-1337.945,273.292,297.532,179.2,587.921,807.065,-189.28,,,10.398,6.237,211.335,211.335,0.0,0.0,-5.42,617.785,-222.249,395.536,2.307,,,393.229,0.0,393.229,-8.006,0.0,385.223,385.223,,742.515,0.52,0.52,0.53,746.387,0.52,0.52,0.53,
09/30/2006,4549.378,4479.75,,,,0.0,0.0,69.628,-1864.937,1864.937,1625.046,239.891,0.0,,,2684.441,-1326.728,236.647,300.104,186.631,603.346,1357.713,-205.179,,,11.847,12.748,215.739,215.739,0.0,0.0,14.035,1152.534,-405.331,747.203,0.098,,,747.105,0.0,747.105,-9.12,0.0,737.985,737.985,,742.884,0.99,0.99,0.99,747.56,0.99,0.99,0.99,
12/31/2006,3152.0,3085.0,,,,0.0,0.0,67.0,-1231.0,1231.0,1231.0,,,,,1921.0,-1452.0,,304.0,177.0,971.0,469.0,-227.0,,,0.0,15.343,240.0,240.0,0.0,0.0,2.343,242.0,-46.0,196.0,0.0,,,196.0,0.0,196.0,-8.0,0.0,188.0,188.0,,745.0,0.25,0.25,0.25,1496.0,0.25,0.25,0.25,
03/31/2007,3408.669,3345.804,,,,0.0,0.0,62.865,-1380.592,1380.592,1316.519,64.073,0.0,,,2028.077,-1336.75,281.995,306.344,183.039,565.372,691.327,-186.925,,,20.174,10.555,217.85,217.85,0.0,0.0,-0.196,504.402,-155.584,348.818,0.0,,,348.818,0.0,348.818,-10.129,0.0,338.689,338.689,,750.259,0.45,0.45,0.41,755.352,0.45,0.45,0.41,
06/30/2007,3771.928,3721.516,,,,0.0,0.0,50.412,-1557.642,1557.642,1457.506,100.136,0.0,,,2214.286,-1370.229,289.039,310.286,184.527,586.377,844.057,-199.193,,,23.597,9.66,222.575,222.575,0.0,0.0,9.875,644.864,-205.581,439.283,0.0,,,439.283,0.0,439.283,-10.13,0.0,429.153,429.153,,755.137,0.57,0.57,0.55,759.846,0.56,0.56,0.54,
09/30/2007,4832.043,4779.527,,,,0.0,0.0,52.516,-2020.182,2020.182,1738.693,281.489,0.0,,,2811.861,-1430.278,260.449,311.939,206.763,651.127,1381.583,-163.878,,,28.05,11.638,232.786,232.786,0.0,0.0,-29.22,1217.705,-445.259,772.446,0.0,,,772.446,0.0,772.446,-10.451,0.0,761.995,761.995,,758.308,1.0,1.0,0.99,762.392,1.0,1.0,0.99,
12/31/2007,3340.36,3293.153,,,,0.0,0.0,47.207,-1412.584,1412.584,1343.282,69.302,0.0,,,1927.776,-1518.743,343.517,316.431,166.671,692.124,409.033,-159.004,,,34.179,13.147,212.789,212.789,0.0,0.0,-6.459,250.029,-28.576,221.453,0.0,,,221.453,0.0,221.453,-17.29,0.0,204.163,204.163,,760.296,0.27,0.27,0.26,766.41,0.27,0.27,0.26,
03/31/2008,3682.91,3649.466,,,,0.0,0.0,33.444,-1544.847,1544.847,1451.943,92.904,0.0,,0.0,2138.063,-1429.974,,343.885,189.272,896.817,708.089,-154.552,,,40.585,9.805,217.109,217.109,0.0,0.0,-12.167,553.537,-178.138,375.399,0.0,,,375.399,0.0,375.399,-16.195,0.0,359.204,359.204,0.0,766.15,0.47,0.47,0.47,770.322,0.47,0.47,0.47,
06/30/2008,4215.187,4182.842,3449.878,591.802,141.162,0.0,0.0,32.345,-1819.334,1819.334,1622.074,197.26,0.0,,,2395.853,-1471.785,,358.745,198.042,914.998,924.068,-266.539,,,35.486,1.188,228.948,228.948,0.0,0.0,74.265,657.529,-224.952,432.577,0.0,,,432.577,0.0,432.577,-16.195,0.0,416.382,416.382,0.0,769.122,0.54,0.54,0.54,773.14,0.54,0.54,0.54,
09/30/2008,5426.499,5395.598,4478.292,774.847,142.459,,0.0,30.901,-2531.087,2531.087,2152.828,378.259,,,,2895.412,-1490.716,,367.014,215.298,908.404,1404.696,-173.551,,,35.541,9.744,219.067,219.067,,,-0.231,1231.145,-434.515,796.63,,,,796.63,,796.63,-16.194,0.0,780.436,780.436,0.0,772.622,1.01,1.01,1.01,776.903,1.0,1.0,1.0,
12/31/2008,3802.0,3772.0,0.0,0.0,,0.0,0.0,30.0,-1738.0,1738.0,1738.0,,0.0,,0.0,2064.0,-1601.0,0.0,373.0,194.0,1034.0,463.0,-200.0,,,0.0,,218.0,218.0,0.0,0.0,-18.0,263.0,-77.0,186.0,0.0,,,186.0,0.0,186.0,,0.0,186.0,186.0,0.0,776.0,0.24,0.24,0.24,776.0,0.24,0.24,0.24,
03/31/2009,3666.307,3638.871,3064.659,451.414,122.798,,0.0,27.436,-1513.911,1513.911,1406.267,107.644,,,0.0,2152.396,-1662.719,,389.758,199.88,1073.081,489.677,-180.592,176.207,-49.52,42.612,6.908,225.727,225.727,,,4.385,309.085,-167.169,141.916,0.0,0.0,0.0,141.916,0.0,141.916,-16.195,0.0,125.721,327.721,202.0,779.858,0.16,0.16,0.420232,781.645,0.16,0.16,0.418429,
06/30/2009,3885.164,3859.165,3293.012,437.75,128.403,,0.0,25.999,-1582.326,1582.326,1449.138,133.188,,,0.0,2302.838,-1416.644,,377.341,208.089,831.214,886.194,-165.669,180.46,-52.37,47.5,4.87,232.83,232.83,,,-14.791,720.525,-225.717,494.808,0.0,0.0,0.0,494.808,0.0,494.808,-16.195,0.0,478.613,469.497,-9.116,790.748,0.61,0.61,0.593738,792.068,0.6,0.6,0.588491,
09/30/2009,4681.482,4656.65,3997.659,519.122,139.869,,0.0,24.832,-1900.318,1900.318,1733.527,166.791,,,0.0,2781.164,-1365.888,,332.117,212.882,820.889,1415.276,-173.159,169.271,-57.074,51.061,6.013,226.345,226.345,,,3.888,1242.117,-435.947,806.17,0.0,0.0,0.0,806.17,0.0,806.17,-16.195,0.0,789.975,789.975,0.0,798.418,0.99,0.99,0.99,800.178,0.99,0.99,0.99,
12/31/2009,3510.0,3487.0,2952.0,394.0,141.0,,0.0,23.0,-1429.0,1429.0,1429.0,,,,0.0,2081.0,-1600.0,,409.0,197.0,994.0,481.0,-145.0,220.0,,,,220.0,220.0,,,-75.0,336.0,-69.0,267.0,0.0,0.0,0.0,267.0,0.0,267.0,-16.0,0.0,251.0,256.0,5.0,810.0,0.31,0.31,0.316049,810.0,0.31,0.31,0.316049,
03/31/2010,4157.317,4135.942,3458.92,541.587,135.435,,0.0,21.375,-1771.724,1771.724,1645.158,126.566,,,0.0,2385.593,-1463.599,,343.38,212.195,908.024,921.994,-175.61,168.304,-54.178,49.391,4.787,222.482,222.482,,,7.306,746.384,-235.681,510.703,0.0,0.0,0.0,510.703,0.0,510.703,-16.195,0.0,494.508,494.508,0.0,822.526,0.6,0.6,0.6,824.787,0.6,0.6,0.6,
06/30/2010,4207.419,4186.861,3571.48,473.229,142.152,,0.0,20.558,-1757.358,1757.358,1628.985,128.373,,,0.0,2450.061,-1499.01,,366.553,214.066,918.391,951.051,-177.16,168.562,-50.107,45.3,4.807,218.669,218.669,,,8.598,773.891,-247.502,526.389,0.0,0.0,0.0,526.389,0.0,526.389,-16.195,0.0,510.194,510.194,0.0,828.363,0.62,0.62,0.62,832.622,0.61,0.61,0.61,
09/30/2010,5319.912,5299.509,4572.617,565.932,160.96,,0.0,20.403,-2178.97,2178.97,1969.683,209.287,,,0.0,3140.942,-1682.427,,426.797,235.26,1020.37,1458.515,-183.155,174.513,-50.625,45.162,5.463,225.138,225.138,,,8.642,1275.36,-441.927,833.433,0.0,0.0,0.0,833.433,0.0,833.433,-16.195,0.0,817.238,817.238,0.0,835.953,0.98,0.98,0.98,841.835,0.97,0.97,0.97,
12/31/2010,3771.0,3751.0,3188.0,413.0,150.0,,0.0,20.0,-1554.0,1554.0,1554.0,,,,0.0,2217.0,-1747.0,,376.0,208.0,1163.0,470.0,-200.0,229.0,,,,229.0,229.0,,,-29.0,270.0,-101.0,169.0,0.0,0.0,0.0,169.0,,169.0,-16.0,0.0,153.0,153.0,0.0,842.0,0.18,0.18,0.18,842.0,0.18,0.18,0.18,
03/31/2011,4012.0,3995.0,3396.0,449.0,150.0,,0.0,17.0,-1576.0,1576.0,1476.0,100.0,,,0.0,2436.0,-1582.0,,418.0,220.0,944.0,854.0,-185.0,187.0,-35.0,35.0,,222.0,222.0,,,-2.0,669.0,-231.0,438.0,0.0,0.0,0.0,438.0,0.0,438.0,-16.0,0.0,422.0,422.0,0.0,848.0,0.5,0.5,0.5,854.0,0.49,0.49,0.49,
06/30/2011,4521.0,4503.0,3842.0,507.0,154.0,,0.0,18.0,-1818.0,1818.0,1673.0,145.0,,,0.0,2703.0,-1567.0,,430.0,227.0,910.0,1136.0,-167.0,163.0,-36.0,36.0,,199.0,199.0,,,4.0,969.0,-349.0,620.0,0.0,0.0,0.0,620.0,,620.0,-16.0,0.0,604.0,604.0,0.0,855.0,0.71,0.71,0.71,862.0,0.7,0.7,0.7,
09/30/2011,5428.0,5411.0,4693.0,557.0,161.0,,0.0,17.0,-2123.0,2123.0,1908.0,215.0,,,0.0,3305.0,-1653.0,,431.0,239.0,983.0,1652.0,-176.0,175.0,-42.0,42.0,,217.0,217.0,,,1.0,1476.0,-543.0,933.0,0.0,0.0,0.0,933.0,0.0,933.0,-17.0,0.0,916.0,916.0,0.0,860.0,1.07,1.07,1.07,868.0,1.06,1.06,1.06,
12/31/2011,3696.0,3679.0,3140.0,392.0,147.0,,0.0,17.0,-1353.0,1353.0,1353.0,,,,0.0,2343.0,-1754.0,,438.0,215.0,1101.0,589.0,-216.0,219.0,,,,219.0,219.0,,,-3.0,373.0,-96.0,277.0,0.0,0.0,0.0,277.0,,277.0,-16.0,0.0,261.0,261.0,0.0,865.0,0.3,0.3,0.3,865.0,0.3,0.3,0.3,
03/31/2012,3604.0,3589.0,3092.0,349.0,148.0,,0.0,15.0,-1205.0,1205.0,1064.0,141.0,,,0.0,2399.0,-1633.0,,441.0,225.0,967.0,766.0,-182.0,180.0,-31.0,31.0,,211.0,211.0,,,2.0,584.0,-200.0,384.0,0.0,0.0,0.0,384.0,0.0,384.0,-16.0,0.0,368.0,368.0,0.0,868.0,0.42,0.42,0.42,877.0,0.42,0.42,0.42,
06/30/2012,4181.0,4166.0,3597.0,415.0,154.0,,0.0,15.0,-1440.0,1440.0,1290.0,150.0,,,0.0,2741.0,-1598.0,,445.0,228.0,925.0,1143.0,-175.0,188.0,-32.0,32.0,,220.0,220.0,,,-13.0,968.0,-329.0,639.0,0.0,0.0,0.0,639.0,0.0,639.0,-16.0,0.0,623.0,602.0,-21.0,872.0,0.71,0.71,0.690367,880.0,0.71,0.71,0.686136,
09/30/2012,5049.0,5033.0,4379.0,497.0,157.0,,0.0,16.0,-1717.0,1717.0,1553.0,164.0,,,0.0,3332.0,-1592.0,,449.0,237.0,906.0,1740.0,-178.0,179.0,-39.0,39.0,,218.0,218.0,,,-1.0,1562.0,-569.0,993.0,0.0,0.0,0.0,993.0,0.0,993.0,-17.0,0.0,976.0,976.0,0.0,876.0,1.11,1.11,1.11,883.0,1.11,1.11,1.11,
12/31/2012,3703.0,3690.0,3119.0,414.0,157.0,,0.0,13.0,-1239.0,1239.0,1239.0,,,,0.0,2464.0,-1650.0,,452.0,224.0,974.0,814.0,-179.0,163.0,-47.0,41.0,6.0,210.0,210.0,,,16.0,635.0,-236.0,399.0,0.0,0.0,0.0,399.0,0.0,399.0,-16.0,0.0,383.0,383.0,0.0,869.0,0.44,0.44,0.44,869.0,0.44,0.44,0.44,
03/31/2013,3897.0,3885.0,3298.0,432.0,155.0,,0.0,12.0,-1357.0,1357.0,1262.0,95.0,,,0.0,2540.0,-2215.0,,466.0,235.0,1514.0,325.0,-197.0,170.0,-41.0,41.0,,211.0,211.0,,,27.0,128.0,-31.0,97.0,0.0,0.0,0.0,97.0,0.0,97.0,-16.0,0.0,81.0,430.0,349.0,870.0,0.09,0.09,0.494253,875.0,0.09,0.09,0.488857,
06/30/2013,4246.0,4230.0,3620.0,454.0,156.0,,0.0,16.0,-1501.0,1501.0,1374.0,127.0,,,0.0,2745.0,-2105.0,,476.0,232.0,1397.0,640.0,-169.0,170.0,-45.0,45.0,,215.0,215.0,,,-1.0,471.0,-158.0,313.0,0.0,0.0,0.0,313.0,0.0,313.0,-16.0,0.0,297.0,575.0,278.0,874.0,0.34,0.34,0.657895,879.0,0.34,0.34,0.656268,
09/30/2013,5017.0,5005.0,4319.0,520.0,166.0,,0.0,12.0,-1725.0,1725.0,1580.0,145.0,,,0.0,3292.0,-1801.0,,480.0,243.0,1078.0,1491.0,-154.0,149.0,-53.0,53.0,,202.0,202.0,,,5.0,1337.0,-468.0,869.0,0.0,0.0,0.0,869.0,0.0,869.0,-17.0,0.0,852.0,945.0,93.0,878.0,0.97,0.97,1.08,881.0,0.97,0.97,1.075562,
12/31/2013,3927.0,3915.0,3304.0,449.0,162.0,,0.0,12.0,-1388.0,1388.0,1294.0,94.0,,,0.0,2539.0,-1740.0,,479.0,224.0,1037.0,799.0,-176.0,140.0,-56.0,51.0,5.0,196.0,196.0,,,36.0,623.0,-192.0,431.0,0.0,0.0,0.0,431.0,0.0,431.0,-17.0,0.0,414.0,427.0,13.0,885.0,0.47,0.47,0.48,885.0,0.47,0.47,0.48,
03/31/2014,4644.0,4627.0,3858.0,604.0,165.0,,0.0,17.0,-1834.0,1834.0,1647.0,187.0,,,0.0,2810.0,-2110.0,,497.0,247.0,1366.0,700.0,-156.0,149.0,-57.0,57.0,,206.0,206.0,,,7.0,544.0,-176.0,368.0,0.0,0.0,0.0,368.0,0.0,368.0,-17.0,0.0,351.0,586.0,235.0,890.0,0.39,0.39,0.658427,893.0,0.39,0.39,0.653158,
06/30/2014,4467.0,4454.0,3770.0,515.0,169.0,,0.0,13.0,-1595.0,1595.0,1462.0,133.0,,,0.0,2872.0,-1769.0,,504.0,246.0,1019.0,1103.0,-154.0,148.0,-62.0,62.0,,210.0,210.0,,,6.0,949.0,-321.0,628.0,0.0,0.0,0.0,628.0,0.0,628.0,-17.0,0.0,611.0,611.0,0.0,895.0,0.68,0.68,0.68,899.0,0.68,0.68,0.68,
09/30/2014,5339.0,5327.0,4558.0,600.0,169.0,,0.0,12.0,-1850.0,1850.0,1656.0,194.0,,,0.0,3489.0,-2211.0,,514.0,258.0,1439.0,1278.0,-151.0,144.0,-63.0,63.0,,207.0,207.0,,,7.0,1127.0,-392.0,735.0,0.0,0.0,0.0,735.0,0.0,735.0,-17.0,0.0,718.0,976.0,258.0,898.0,0.8,0.8,1.08686,902.0,0.8,0.8,1.086031,
12/31/2014,4049.0,4030.0,3396.0,465.0,169.0,,0.0,19.0,-1398.0,1398.0,1398.0,,,,0.0,2651.0,-2059.0,,424.0,235.0,1400.0,592.0,-177.0,149.0,-68.0,63.0,5.0,217.0,217.0,,,28.0,415.0,-98.0,317.0,0.0,0.0,0.0,317.0,,317.0,-17.0,0.0,300.0,343.0,43.0,906.0,0.331126,0.331126,0.378587,906.0,0.331126,0.331126,0.378587,
03/31/2015,4183.0,4172.0,3542.0,467.0,163.0,,0.0,11.0,-1356.0,1356.0,1212.0,144.0,,,0.0,2827.0,-1870.0,,487.0,252.0,1131.0,957.0,-158.0,150.0,-63.0,63.0,,213.0,213.0,,,8.0,799.0,-274.0,525.0,0.0,0.0,0.0,525.0,,525.0,-17.0,0.0,508.0,514.0,6.0,910.0,0.56,0.56,0.564835,915.0,0.56,0.56,0.564835,
06/30/2015,4337.0,4324.0,3714.0,448.0,162.0,,0.0,13.0,-1371.0,1371.0,1200.0,171.0,,,0.0,2966.0,-1868.0,,500.0,245.0,1123.0,1098.0,-153.0,141.0,-39.0,39.0,,180.0,180.0,,,12.0,945.0,-302.0,643.0,0.0,0.0,0.0,643.0,,643.0,-14.0,0.0,629.0,647.0,18.0,909.0,0.69,0.69,0.711771,912.0,0.69,0.69,0.709737,
09/30/2015,5401.0,5390.0,4701.0,520.0,169.0,,0.0,11.0,-1713.0,1713.0,1520.0,193.0,,,0.0,3688.0,-2039.0,,528.0,264.0,1247.0,1649.0,-179.0,158.0,-60.0,60.0,,218.0,218.0,,,21.0,1470.0,-500.0,970.0,0.0,0.0,0.0,970.0,,970.0,-11.0,0.0,959.0,1064.0,105.0,910.0,1.05,1.05,1.169231,912.0,1.05,1.05,1.165132,
12/31/2015,3568.0,3555.0,3029.0,363.0,163.0,,0.0,13.0,-956.0,956.0,956.0,,,,0.0,2612.0,-2034.0,,519.0,236.0,1279.0,578.0,-177.0,165.0,-63.0,63.0,,228.0,228.0,,,12.0,401.0,-118.0,283.0,0.0,0.0,0.0,283.0,,283.0,-12.0,0.0,271.0,403.0,132.0,911.0,0.3,0.3,0.442371,911.0,0.3,0.3,0.442371,
03/31/2016,3992.0,3954.0,3377.0,396.0,181.0,,0.0,38.0,-1095.0,1076.0,911.0,165.0,,,19.0,2897.0,-1957.0,,541.0,256.0,1160.0,940.0,-222.0,193.0,-53.0,53.0,,246.0,246.0,,,29.0,718.0,-217.0,501.0,0.0,0.0,0.0,501.0,-1.0,500.0,-11.0,0.0,489.0,536.0,47.0,916.0,0.53,0.53,0.585153,922.0,0.53,0.53,0.580976,
06/30/2016,4459.0,4360.0,3748.0,446.0,166.0,,0.0,99.0,-1270.0,1212.0,1023.0,189.0,,,58.0,3189.0,-2004.0,,569.0,255.0,1180.0,1185.0,-277.0,248.0,-45.0,45.0,,293.0,293.0,,,29.0,908.0,-261.0,647.0,0.0,0.0,0.0,647.0,-12.0,635.0,-12.0,0.0,623.0,704.0,81.0,934.0,0.67,0.67,0.75,940.0,0.66,0.66,0.74617,
09/30/2016,6264.0,5602.0,4808.0,613.0,181.0,518.0,0.0,144.0,-1844.0,1627.0,1400.0,227.0,133.0,133.0,84.0,4420.0,-2503.0,,695.0,309.0,1499.0,1917.0,-301.0,322.0,-52.0,52.0,,374.0,374.0,,,-21.0,1616.0,-439.0,1177.0,0.0,0.0,0.0,1177.0,-27.0,1150.0,-11.0,0.0,1139.0,1233.0,94.0,968.0,1.18,1.18,1.27376,975.0,1.17,1.17,1.26641,
12/31/2016,5181.0,3942.0,3302.0,471.0,169.0,1078.0,0.0,161.0,-1775.0,1196.0,1027.0,169.0,480.0,480.0,99.0,3406.0,-2962.0,,697.0,292.0,1973.0,444.0,-205.0,332.0,-52.0,52.0,,404.0,404.0,,,-127.0,239.0,-34.0,205.0,0.0,0.0,0.0,205.0,3.0,208.0,-11.0,0.0,197.0,327.0,130.0,984.0,0.200203,0.200203,0.332317,997.0,0.197593,0.197593,0.327984,
03/31/2017,5771.0,4100.0,3394.0,531.0,175.0,1530.0,0.0,141.0,-1982.0,1175.0,996.0,179.0,719.0,719.0,88.0,3789.0,-2537.0,,716.0,330.0,1491.0,1252.0,-272.0,359.0,-57.0,57.0,,416.0,416.0,,,-87.0,980.0,-315.0,665.0,0.0,0.0,0.0,665.0,4.0,669.0,-11.0,0.0,658.0,680.0,22.0,993.0,0.66,0.66,0.684794,1000.0,0.66,0.66,0.682,
06/30/2017,5430.0,4562.0,3777.0,618.0,167.0,684.0,0.0,184.0,-1649.0,1303.0,1092.0,211.0,232.0,232.0,114.0,3781.0,-5430.0,,754.0,308.0,4368.0,-1649.0,-286.0,366.0,-58.0,58.0,,424.0,424.0,,,-80.0,-1935.0,587.0,-1348.0,0.0,0.0,0.0,-1348.0,-22.0,-1370.0,-11.0,0.0,-1381.0,728.0,2109.0,998.0,-1.38,-1.38,0.729459,1005.0,-1.38,-1.38,0.718507,
09/30/2017,6201.0,5501.0,4615.0,718.0,168.0,532.0,0.0,168.0,-1765.0,1541.0,1285.0,256.0,134.0,134.0,90.0,4436.0,-2445.0,,767.0,303.0,1375.0,1991.0,-292.0,389.0,-18.0,18.0,,407.0,407.0,,,-97.0,1699.0,-590.0,1109.0,0.0,0.0,0.0,1109.0,-30.0,1079.0,-10.0,0.0,1069.0,1119.0,50.0,1003.0,1.07,1.07,1.115653,1010.0,1.06,1.06,1.109505,
12/31/2017,5629.0,4274.0,3544.0,559.0,171.0,1045.0,0.0,310.0,-1980.0,1245.0,1028.0,217.0,515.0,515.0,220.0,3649.0,-2910.0,,774.0,309.0,1827.0,739.0,-414.0,419.0,-27.0,27.0,,446.0,446.0,,,-5.0,325.0,175.0,500.0,0.0,0.0,0.0,500.0,2.0,502.0,-6.0,0.0,496.0,489.0,-7.0,1007.0,0.49,0.49,0.485601,1007.0,0.49,0.49,0.483049,
03/31/2018,6372.0,4352.0,3568.0,619.0,165.0,1607.0,0.0,413.0,-2377.0,1368.0,1101.0,267.0,720.0,720.0,289.0,3995.0,-2619.0,,769.0,355.0,1495.0,1376.0,-327.0,428.0,-30.0,30.0,,458.0,458.0,,,-101.0,1049.0,-113.0,936.0,0.0,0.0,0.0,936.0,6.0,942.0,-4.0,0.0,938.0,924.0,-14.0,1011.0,0.93,0.93,0.913947,1016.0,0.92,0.92,0.90622,
06/30/2018,5627.0,4526.0,3740.0,616.0,170.0,706.0,0.0,395.0,-1846.0,1339.0,1103.0,236.0,228.0,228.0,279.0,3781.0,-3718.0,,783.0,316.0,2619.0,63.0,-329.0,438.0,-32.0,32.0,,470.0,470.0,,,-109.0,-266.0,139.0,-127.0,0.0,0.0,0.0,-127.0,-23.0,-150.0,-4.0,0.0,-154.0,805.0,959.0,1014.0,-0.15,-0.15,0.793886,1014.0,-0.15,-0.15,0.793886,
09/30/2018,6159.0,5468.0,4605.0,698.0,165.0,492.0,0.0,199.0,-1791.0,1567.0,1310.0,257.0,104.0,104.0,120.0,4368.0,-2194.0,,787.0,319.0,1088.0,2174.0,-329.0,422.0,-36.0,36.0,,458.0,458.0,,,-93.0,1845.0,-623.0,1222.0,0.0,0.0,0.0,1222.0,-54.0,1168.0,-4.0,0.0,1164.0,1163.0,-1.0,1023.0,1.14,1.14,1.136852,1029.0,1.13,1.13,1.129028,
12/31/2018,5337.0,4057.0,3309.0,579.0,169.0,1048.0,0.0,232.0,-1938.0,1334.0,1334.0,,486.0,486.0,118.0,3399.0,-2821.0,,793.0,325.0,1703.0,578.0,-458.0,417.0,-39.0,39.0,,456.0,456.0,,,41.0,120.0,149.0,269.0,0.0,0.0,0.0,269.0,13.0,282.0,-4.0,0.0,278.0,256.0,-22.0,1034.0,0.27,0.27,0.247582,1034.0,0.27,0.27,0.247582,
03/31/2019,5412.0,3751.0,3084.0,499.0,168.0,1474.0,0.0,187.0,-1824.0,1020.0,850.0,170.0,686.0,686.0,118.0,3588.0,103.0,,751.0,329.0,-1183.0,3691.0,-272.0,398.0,-32.0,32.0,,430.0,430.0,,,-126.0,3419.0,-1360.0,2059.0,0.0,0.0,0.0,2059.0,29.0,2088.0,-4.0,0.0,2084.0,730.0,-1354.0,1038.0,2.01,2.01,0.703276,1045.0,1.99,1.99,0.694306,
06/30/2019,5098.0,4243.0,3540.0,542.0,161.0,689.0,0.0,166.0,-1390.0,1115.0,914.0,201.0,191.0,191.0,84.0,3708.0,-2366.0,,755.0,299.0,1312.0,1342.0,-266.0,398.0,-31.0,31.0,,429.0,429.0,,,-132.0,1076.0,-145.0,931.0,0.0,0.0,0.0,931.0,-29.0,902.0,-3.0,0.0,899.0,833.0,-66.0,1044.0,0.86,0.86,0.797893,1052.0,0.85,0.85,0.787262,
09/30/2019,5995.0,5300.0,4512.0,625.0,163.0,498.0,0.0,197.0,-1519.0,1326.0,1072.0,254.0,79.0,79.0,114.0,4476.0,-2463.0,,760.0,303.0,1400.0,2013.0,-301.0,401.0,-33.0,33.0,,434.0,434.0,,,-100.0,1712.0,-367.0,1345.0,0.0,0.0,0.0,1345.0,-25.0,1320.0,-4.0,0.0,1316.0,1404.0,88.0,1048.0,1.26,1.26,1.339695,1057.0,1.25,1.25,1.333254,
12/31/2019,4914.0,3577.0,2948.0,485.0,144.0,1131.0,0.0,206.0,-1459.0,977.0,977.0,,363.0,363.0,119.0,3455.0,-2765.0,,771.0,299.0,1695.0,690.0,-355.0,410.0,-32.0,32.0,,442.0,442.0,,,-55.0,335.0,74.0,409.0,0.0,0.0,0.0,409.0,36.0,445.0,-5.0,0.0,440.0,257.0,-183.0,1052.0,0.42,0.42,0.244297,1052.0,0.42,0.42,0.244297,
03/31/2020,5018.0,3647.0,3078.0,418.0,151.0,1249.0,0.0,122.0,-1311.0,817.0,636.0,181.0,439.0,439.0,55.0,3707.0,-2444.0,,857.0,330.0,1257.0,1263.0,-277.0,422.0,-34.0,34.0,,456.0,456.0,,,-145.0,986.0,-145.0,841.0,0.0,0.0,0.0,841.0,31.0,872.0,-4.0,0.0,868.0,825.0,-43.0,1057.0,0.82,0.82,0.780511,1067.0,0.81,0.81,0.7697,
06/30/2020,4620.0,3822.0,3182.0,472.0,168.0,636.0,0.0,162.0,-1039.0,821.0,621.0,200.0,144.0,144.0,74.0,3581.0,-2523.0,,873.0,298.0,1352.0,1058.0,-432.0,409.0,-35.0,35.0,,444.0,444.0,,,23.0,626.0,-5.0,621.0,0.0,0.0,0.0,621.0,-5.0,616.0,-4.0,0.0,612.0,822.0,210.0,1058.0,0.58,0.58,0.776938,1063.0,0.58,0.58,0.776938,
09/30/2020,5848.833,,,,,,,,,,,,,,,4085.46833883,,,,,,1984.75,,,,,,,,,,,1629.0,,1277.667,,,,,,1277.667,,,1277.667,1290.286,,,1.243,1.243,1.223,,1.243,1.243,1.223,
12/31/2020,5331.0,,,,,,,,,,,,,,,3131.21616,,,,,,1265.25,,,,,,,,,,,650.333,,517.667,,,,,,517.667,,,517.667,387.714,,,0.367,0.367,0.372,,0.367,0.367,0.372,
