Date,Total Interest Income,Total Interest Expense,Net Interest Income,Trading Account Profit,Commissions & Fees Earned,Other Operating Income,Net Revenue,Provisions for Loan Losses,Net Revenue After Provisions,Non-Interest Expense,Operating Income or Losses,Net Non-Operating Losses (Gains),Pretax Income,Income Tax Expense (Benefit),Income Before XO Items,Extraordinary Loss Net of Tax,Minority/Non Controlling Interests (Credits),Net Income/Net Profit (Losses),Total Cash Preferred Dividends,Other Adjustments,Net Inc Avail to Common Shareholders,Abnormal Losses (Gains),Tax Effect on Abnormal Items,Normalized Income,Basic EPS Before Abnormal Items,Basic EPS Before XO Items,Basic Earnings per Share,Basic Weighted Avg Shares,Diluted EPS Before Abnormal Items,Diluted EPS Before XO Items,Diluted EPS,Diluted Weighted Avg Shares,Source: Bloomberg
03/31/1990,181.702999,-116.709999,64.993,0.336,15.024,5.506,85.859,-13.49,72.369,-57.394001,14.975,0.0,14.975,-2.34,12.635,,,12.635,0,,12.635,,,12.635,,0.06963,0.06963,183.208501,0.06963,0.06963,0.06963,183.208501,
06/30/1990,191.818996,-123.182999,68.635998,0.02,15.724,6.282,90.661998,-10.489,80.172997,-54.921001,25.252001,0.0,25.252001,-6.228,19.024,,,19.024,0,,19.024,,,19.024001,,0.103704,0.103704,183.397501,0.103704,0.103704,0.103704,183.397501,
09/30/1990,196.818993,-125.719002,71.099991,0.064,15.889,4.345,91.397991,-8.915,82.482991,-57.580002,24.903,0.0,24.903,-6.152,18.750999,,,18.750999,0,,18.750999,,,18.751,,0.102222,0.102222,183.465002,0.102222,0.102222,0.102222,183.465002,
12/31/1990,210.101006,-132.716995,77.384011,0.044,32.289001,-8.22,101.497012,-11.741,89.756012,-64.818001,24.938,0.0,24.938,-5.64,19.298,0.0,0.0,19.298,0,,19.298,,,19.298,0.105185,0.105185,0.105185,183.502118,0.105185,0.105185,0.105185,183.502118,
03/31/1991,203.358006,-123.550003,79.808002,0.073,17.636,6.302,103.819002,-8.996,94.823002,-68.228996,26.594,,26.594,-6.359,20.235001,,,20.235001,0,,20.235001,,,20.235,,0.10963,0.10963,184.2885,0.10963,0.10963,0.10963,184.2885,
06/30/1991,202.724995,-117.929001,84.795994,0.143,18.707001,6.49,110.135994,-9.288,100.847994,-70.000999,30.847,,30.847,-8.363,22.483999,,,22.483999,0,,22.483999,,,22.484,,0.121481,0.121481,185.327996,0.121481,0.121481,0.121481,185.327996,
09/30/1991,210.43,-119.305,91.125,0.306,19.711,6.628,117.77,-9.057,108.713,-75.683998,33.028999,,33.028999,-9.438,23.591,,,23.591,0,,23.591,,,23.591,,0.122963,0.122963,192.732747,0.122963,0.122963,0.122963,192.732747,
12/31/1991,210.69799,-113.668999,97.028991,0.158,39.570999,-10.33,126.42799,-10.701,115.72699,-82.882004,32.845001,0.0,32.845001,-9.149,23.695999,0.0,0.0,23.695999,0,,23.695999,,,23.696001,0.12,0.12,0.12,195.728717,0.12,0.12,0.12,195.728717,
03/31/1992,201.051994,-100.511002,100.540993,-0.05,21.679001,6.868,129.037994,-10.286,118.751993,-82.179001,36.573002,,36.573002,-10.798,25.775,,,25.775,0,,25.775,,,25.775002,,0.128889,0.128889,200.241005,0.128889,0.128889,0.128889,200.241005,
06/30/1992,208.082993,-98.165001,109.917992,0.306,23.65,7.783,141.656991,-10.305,131.351991,-91.612,39.740002,,39.740002,-12.268,27.472,,,27.472,0,,27.472,,,27.472002,,0.137778,0.137778,200.547009,0.137778,0.137778,0.137778,200.547009,
09/30/1992,209.43399,-93.297997,116.135994,0.245,25.951,8.601,150.932994,-11.369,139.563994,-97.024002,42.540001,,42.540001,-13.428,29.112,,,29.112,0,,29.112,,,29.112,,0.14,0.14,207.940498,0.14,0.14,0.14,207.940498,
12/31/1992,213.655007,-90.956001,122.699006,0.133,50.846001,-13.473,160.205007,-11.345,148.860007,-102.820999,46.039001,0.0,46.039001,-14.152,31.886999,0.0,0.0,31.886999,0,,31.886999,,,31.887001,0.146667,0.146667,0.146667,217.78128,0.146667,0.146667,0.146667,217.78128,
03/31/1993,224.332001,-96.32,128.012001,0.346,35.018002,2.717,166.093003,-11.305,154.788002,-103.175003,51.612999,0.0,51.612999,-16.768999,34.844002,,,34.844002,0,,34.844002,,,34.844,,0.153333,0.153333,228.735008,0.153333,0.153333,0.153333,228.735008,
06/30/1993,231.908997,-101.017998,130.890999,0.207,37.935001,3.312,172.345,-11.1,161.245,-105.795998,55.449001,0.0,55.449001,-18.209,37.240002,0.0,0.0,37.240002,0,,37.240002,,,37.240002,,0.16,0.16,233.258995,0.16,0.16,0.16,233.258995,
09/30/1993,235.209,-100.098999,135.110001,0.016,40.796001,3.139,179.061002,-11.718,167.343002,-109.028,58.314999,0.0,58.314999,-19.243999,39.070999,0.0,0.0,39.070999,0,,39.070999,,,39.070999,,0.166667,0.166667,234.593994,0.166667,0.166667,0.166667,234.593994,
12/31/1993,236.101002,-100.306,135.795002,0.034,49.651001,1.531,187.011003,-10.909,176.102003,-116.952003,59.150002,0.0,59.150002,-19.77,39.380001,0.0,0.0,39.380001,0,,39.380001,,,39.380002,0.166667,0.166667,0.166667,236.571006,0.166667,0.166667,0.166667,236.571006,
03/31/1994,238.206997,-99.880997,138.326,0.066,43.646999,3.109,185.148,-10.189,174.958999,-113.404999,61.554001,0.0,61.554001,-20.816999,40.737,0.0,0.0,40.737,0,,40.737,,,40.737001,,0.17,0.17,239.541,0.17,0.17,0.17,239.541,
06/30/1994,261.673004,-112.747002,148.926003,-0.009,43.247002,1.449,193.613004,-11.703,181.910004,-118.512001,63.397999,0.0,63.397999,-21.006001,42.391998,0.0,0.0,42.391998,0,,42.391998,,,42.391998,,0.176667,0.176667,239.960999,0.176667,0.176667,0.176667,239.960999,
09/30/1994,292.228001,-133.229004,158.998997,0.06,43.370998,2.955,205.384995,-11.38,194.004995,-126.982002,67.023003,0.0,67.023003,-22.517,44.506001,0.0,0.0,44.506001,0,,44.506001,,,44.506002,,0.183333,0.183333,242.865005,0.183333,0.183333,0.183333,242.865005,
12/31/1994,316.503998,-155.210007,161.293991,0.213,43.974998,2.695,208.176989,-11.712,196.464989,-127.099998,69.364998,0.0,69.364998,-23.997999,45.367001,0.0,0.0,45.367001,0,,45.367001,,,45.366999,0.186667,0.186667,0.186667,245.106009,0.186667,0.186667,0.186667,245.106009,
03/31/1995,339.602001,-177.007996,162.594006,0.095,45.428001,2.419,210.536007,-12.542,197.994007,-126.955002,71.039001,0.0,71.039001,-24.198999,46.84,0.0,0.0,46.84,0,,46.84,,,46.840002,,0.19,0.19,246.444008,0.19,0.19,0.19,246.444008,
06/30/1995,362.411995,-195.117004,167.294991,0.045,48.882999,2.035,218.25799,-13.555,204.70299,-131.746002,72.957001,0.0,72.957001,-24.927999,48.028999,0.0,0.0,48.028999,0,,48.028999,,,48.029001,,0.193333,0.193333,248.426994,0.193333,0.193333,0.193333,248.426994,
09/30/1995,382.821007,-206.744003,176.077003,0.022,49.546001,3.257,228.902005,-13.392,215.510005,-137.807999,77.702003,0.0,77.702003,-27.155001,50.547001,0.0,0.0,50.547001,0,,50.547001,,,50.547003,,0.2,0.2,252.735008,0.2,0.2,0.2,252.735008,
12/31/1995,399.787987,-212.554001,187.233986,0.031,52.523998,4.379,244.167984,-21.797001,222.370983,-140.024994,82.346001,0.0,82.346001,-28.757,53.589001,0.0,0.0,53.589001,0,,53.589001,,,53.589001,0.203333,0.203333,0.203333,265.013991,0.203333,0.203333,0.203333,265.013991,
03/31/1996,404.108009,-212.546005,191.562004,0.062,54.849998,8.904,255.378003,-20.458,234.920003,-146.304993,88.614998,0.0,88.614998,-31.174,57.441002,0.0,0.0,57.441002,0,,57.441002,0.0,0.0,57.440998,0.215,0.215,0.215,267.167999,0.215,0.215,0.215,269.261993,
06/30/1996,440.644997,-227.656006,212.988991,-0.006,58.073002,3.185,274.240993,-20.466999,253.773994,-156.173996,97.599998,0.0,97.599998,-34.477001,63.123001,0.0,0.0,63.123001,0,,63.123001,0.0,0.0,63.122997,0.22,0.22,0.22,286.922997,0.22,0.22,0.22,287.22599,
09/30/1996,467.583015,-242.132996,225.45002,0.086,56.612999,3.811,285.960019,-21.905001,264.055018,-155.253006,108.802002,-14.0,94.802002,-29.080999,65.721001,0.0,0.0,65.721001,0,,65.721001,14.0,-5.4,74.321002,0.26,0.23,0.23,285.744003,0.256667,0.225,0.225,290.01899,
12/31/1996,491.884003,-255.858994,236.025009,8.367,63.230999,-2.367,305.256008,-27.197001,278.059007,-171.565994,106.492996,0.0,106.492996,-38.075001,68.417999,0.0,0.0,68.417999,0,,68.417999,0.0,0.0,68.417995,0.236667,0.236667,0.236667,288.344994,0.236667,0.236667,0.236667,290.597991,
03/31/1997,510.650002,-266.093994,244.556007,0.094,58.709999,3.174,306.534006,-22.375,284.159006,-174.041,110.117996,0.0,110.117996,-39.217999,70.900002,0.0,0.0,70.900002,0,,70.900002,0.0,0.0,70.899998,0.24,0.24,0.24,293.042999,0.24,0.24,0.24,295.47599,
06/30/1997,558.186005,-296.161011,262.024994,0.304,59.245998,4.496,326.070992,-26.502001,299.568991,-182.158005,117.411003,0.0,117.411003,-42.043999,75.366997,0.0,0.0,75.366997,0,,75.366997,0.0,0.0,75.367004,0.25,0.25,0.25,298.992004,0.25,0.25,0.25,301.284004,
09/30/1997,574.241997,-308.447998,265.793999,1.053,62.834,5.909,335.589998,-20.002001,315.587997,-192.987,122.600998,0.0,122.600998,-44.112999,78.487999,0.0,0.0,78.487999,0,,78.487999,0.0,0.0,78.487999,0.265,0.265,0.265,299.325005,0.26,0.26,0.26,302.076004,
12/31/1997,589.173996,-315.376007,273.797989,0.288,66.348999,8.05,348.484988,-21.733999,326.750989,-199.029999,127.721001,0.0,127.721001,-45.768002,81.953003,0.0,0.0,81.953003,0,,81.953003,0.0,0.0,81.952999,0.27,0.27,0.27,305.963997,0.265,0.265,0.265,309.081,
03/31/1998,597.46199,-324.112,273.349991,7.252,70.755997,10.11,361.467987,-17.855,343.612988,-212.505997,131.106995,0.0,131.106995,-44.654999,86.452003,0.0,0.0,86.452003,0,,86.452003,0.0,0.0,86.451996,0.275,0.275,0.275,316.747986,0.27,0.27,0.27,319.996002,
06/30/1998,635.943977,-345.873993,290.069984,1.058,77.560997,14.526,383.214981,-25.481001,357.733981,-222.912994,134.820999,0.0,134.820999,-45.328999,89.491997,0.0,0.0,89.491997,0,,89.491997,0.0,0.0,89.492001,0.28,0.28,0.28,322.359985,0.275,0.275,0.275,325.424011,
09/30/1998,656.045029,-359.196014,296.849014,-0.399,83.329002,16.438999,396.218016,-22.040001,374.178015,-236.798004,137.380005,0.0,137.380005,-42.719002,94.661003,0.0,0.0,94.661003,0,,94.661003,0.0,0.0,94.661003,0.285,0.285,0.285,330.032013,0.285,0.285,0.285,332.731995,
12/31/1998,668.011017,-357.074005,310.937012,31.226999,70.389,3.594,416.147011,-29.42,386.727011,-242.225998,144.501007,0.0,144.501007,-46.495998,98.004997,0.0,0.0,98.004997,0,,98.004997,0.0,0.0,98.005009,0.295,0.295,0.295,332.496002,0.295,0.295,0.295,334.817993,
03/31/1999,670.767014,-354.263,316.504013,10.266,89.005997,11.792,427.568009,-30.362,397.20601,-242.643005,154.563004,0.0,154.563004,-50.039001,104.524002,0.0,0.0,104.524002,0,,104.524002,0.0,0.0,104.524002,0.31,0.31,0.31,334.540009,0.31,0.31,0.31,337.174011,
06/30/1999,695.288002,-358.492004,336.795998,7.47,88.413002,11.106,443.784999,-31.775999,412.009,-248.886002,163.123001,0.0,163.123001,-53.437,109.685997,0.0,0.0,109.685997,0,,109.685997,0.0,0.0,109.686001,0.33,0.33,0.33,334.877991,0.325,0.325,0.325,337.492004,
09/30/1999,750.123032,-394.381012,355.74202,8.601,90.155998,14.69,469.189017,-42.757,426.432017,-258.812012,167.619995,0.0,167.619995,-54.563,113.056999,0.0,0.0,113.056999,0,,113.056999,0.0,0.0,113.056995,0.335,0.335,0.335,335.308014,0.335,0.335,0.335,337.484009,
12/31/1999,790.268982,-432.402008,357.866974,7.494,92.994003,11.569,469.923977,-36.354,433.569977,-260.160004,173.410004,0.0,173.410004,-57.504002,115.905998,0.0,0.0,115.905998,0,,115.905998,0.0,0.0,115.906002,0.345,0.345,0.345,335.742004,0.345,0.345,0.345,337.940002,
03/31/2000,815.507019,-459.346985,356.160034,2.008,88.744003,22.724001,469.636038,-30.662001,438.974038,-263.612,175.362,0.0,175.362,-57.273998,118.087997,0.0,0.0,118.087997,0,0.0,118.087997,0.0,0.0,118.088001,0.35,0.35,0.35,336.074005,0.35,0.35,0.35,337.394012,
06/30/2000,841.643997,-490.835999,350.807999,0.414,94.380997,24.266001,469.868996,-24.181999,445.686997,-268.81601,176.871002,0.0,176.871002,-56.999001,119.872002,0.0,0.0,119.872002,0,0.0,119.872002,0.0,0.0,119.872002,0.36,0.36,0.36,336.368011,0.36,0.36,0.36,337.56601,
09/30/2000,862.570984,-523.039978,339.531006,-8.699,98.869003,56.816002,486.517011,-18.452999,468.064012,-289.203003,178.860992,0.0,178.860992,-57.241001,121.620003,0.0,0.0,121.620003,0,0.0,121.620003,0.0,0.0,121.619991,0.36,0.36,0.36,336.477997,0.36,0.36,0.36,337.832001,
12/31/2000,874.366013,-535.127991,339.238022,36.707001,65.818001,23.635,465.398024,-19.530001,445.868023,-265.565002,180.302994,0.0,180.302994,-57.553001,122.75,0.0,0.0,122.75,0,0.0,122.75,0.0,0.0,122.749992,0.36,0.36,0.36,336.821991,0.36,0.36,0.36,338.447998,
03/31/2001,844.496979,-493.575012,350.921967,1.95,85.579002,42.831001,481.28197,-22.811001,458.470969,-267.002014,191.468994,0.0,191.468994,-61.612999,129.856003,0.0,0.0,129.856003,0,0.0,129.856003,0.0,0.0,129.855995,0.38,0.38,0.38,338.649994,0.38,0.38,0.38,341.727997,
06/30/2001,811.851974,-437.834991,374.016983,6.096,110.313004,24.052,514.477987,-25.747999,488.729988,-283.218994,205.511002,0.0,205.511002,-67.892998,137.617996,0.0,0.0,137.617996,0,0.0,137.617996,0.0,0.0,137.618004,0.41,0.41,0.41,339.973999,0.4,0.4,0.4,344.048004,
09/30/2001,782.373993,-392.614014,389.759979,6.497,112.556999,20.375999,529.189978,-30.4,498.789979,-285.593994,213.195999,0.0,213.195999,-71.113998,142.082001,0.0,0.0,142.082001,0,0.0,142.082001,0.0,0.0,142.082001,0.41,0.41,0.41,342.18399,0.41,0.41,0.41,346.540985,
12/31/2001,732.036972,-318.634003,413.402969,45.745998,67.43,47.602001,574.180969,-39.334,534.84697,-317.553009,217.294006,0.0,217.294006,-72.382004,144.912003,0.0,0.0,144.912003,0,0.0,144.912003,0.0,0.0,144.912003,0.42,0.42,0.42,344.815002,0.42,0.42,0.42,348.769012,
03/31/2002,681.942978,-261.434998,420.50798,11.57,115.508003,26.691,574.276983,-27.65,546.626984,-312.321991,234.304993,0.0,234.304993,-76.535004,157.770004,0.0,0.0,157.770004,0,0.0,157.770004,0.0,0.0,157.769989,0.46,0.46,0.46,346.506012,0.45,0.45,0.45,350.403015,
06/30/2002,671.787003,-243.839996,427.947006,8.106,127.473999,24.368,587.895005,-28.728001,559.167005,-320.845001,238.322006,0.0,238.322006,-77.383003,160.938995,0.0,0.0,160.938995,0,0.0,160.938995,0.0,0.0,160.939003,0.46,0.46,0.46,346.740997,0.46,0.46,0.46,351.463989,
09/30/2002,664.738998,-235.723007,429.015991,5.373,134.393005,26.636,595.417996,-36.354,559.063996,-315.966003,243.098007,0.0,243.098007,-78.851997,164.246002,0.0,0.0,164.246002,0,0.0,164.246002,0.0,0.0,164.24601,0.47,0.47,0.47,346.802002,0.47,0.47,0.47,351.007996,
12/31/2002,646.941986,-219.328995,427.612991,10.511,143.5,26.865999,608.48999,-34.0,574.48999,-327.717987,246.772003,0.0,246.772003,-79.856003,166.916,0.0,0.0,166.916,0,0.0,166.916,0.0,0.0,166.916,0.48,0.48,0.48,346.871002,0.48,0.48,0.48,350.868011,
03/31/2003,614.595016,-199.376999,415.218018,-1.096,132.395004,31.931999,578.449021,-29.4,549.049021,-298.027008,251.022003,0.0,251.022003,-79.677002,171.345001,0.0,0.0,171.345001,0,0.0,171.345001,0.0,0.0,171.345001,0.5,0.5,0.5,345.514008,0.49,0.49,0.49,350.493988,
06/30/2003,606.119995,-189.363998,416.755997,14.288,150.313004,31.079,612.436001,-30.299999,582.136002,-324.359009,257.777008,0.0,257.777008,-82.997002,174.779999,0.0,0.0,174.779999,0,0.0,174.779999,0.0,0.0,174.780006,0.51,0.51,0.51,340.220001,0.51,0.51,0.51,343.578003,
09/30/2003,573.153015,-165.578995,407.57402,16.938,146.964996,30.694,602.171017,-30.0,572.171017,-312.384003,259.786987,0.0,259.786987,-81.210999,178.576004,0.0,0.0,178.576004,0,0.0,178.576004,0.0,0.0,178.575989,0.53,0.53,0.53,336.18399,0.53,0.53,0.53,339.875,
12/31/2003,573.216995,-159.455994,413.761002,0.062,150.994003,24.073,588.890005,-34.849998,554.040006,-294.003998,260.036011,0.0,260.036011,-79.551003,180.485001,0.0,0.0,180.485001,0,0.0,180.485001,0.0,0.0,180.485008,0.54,0.54,0.54,332.062012,0.54,0.54,0.54,336.229004,
03/31/2004,565.028,-155.070007,409.957993,2.933,125.440002,38.000999,576.331995,-27.521999,548.809995,-285.354004,263.455994,0.0,263.455994,-80.499001,182.957001,0.0,0.0,182.957001,0,0.0,182.957001,0.0,0.0,182.956993,0.55,0.55,0.55,331.027008,0.55,0.55,0.55,335.251007,
06/30/2004,574.477005,-155.100006,419.376999,82.098999,130.358002,29.76,661.594,-29.0,632.594,-349.718994,282.875,0.0,282.875,-88.135002,194.740005,0.0,0.0,194.740005,0,0.0,194.740005,0.0,0.0,194.739998,0.59,0.59,0.59,332.036987,0.58,0.58,0.58,336.450012,
09/30/2004,599.591995,-177.376007,422.215988,-0.123,134.031998,19.422001,575.546987,-22.65,552.896987,-274.903015,277.993988,0.0,277.993988,-89.730003,188.264008,0.0,0.0,188.264008,0,0.0,188.264008,0.0,0.0,188.263985,0.56,0.56,0.56,333.657013,0.56,0.56,0.56,338.662994,
