Date,Revenue,Rental Income,Base Rent,Recoveries from Tenants,Percentage Rent,Other Rental Income,Real Estate Sales,Com & Fee Earn/Inc from REO,Mortgage Income,Other Operating Income,Operating Expenses,Property Operating Expenses,Real Estate Tax,Maintenance Expense,Other Property Expense,General & Administrative,Depreciation & Amortization,Provision for Loan Losses,Cost of Real Estate Sold,Other Operating Expenses,Operating Income (Loss),Non-Operating (Income) Loss,Interest Expense,(Income) Loss from Affiliates,Other Non-Op (Income) Loss,Pretax Income,Income Tax Expense (Benefit),Income (Loss) from Cont Ops,Net Extraordinary Losses (Gains),Discontinued Operations,XO & Accounting Changes,Income (Loss) Incl. MI,Minority Interest,"Net Income, GAAP",Preferred Dividends,Other Adjustments,"Net Income Avail to Common, GAAP","Net Income Avail to Common, Adj",Net Abnormal Losses (Gains),Basic Weighted Avg Shares,"Basic EPS, GAAP",Basic EPS from Cont Ops,"Basic EPS from Cont Ops, Adjusted",Diluted Weighted Avg Shares,"Diluted EPS, GAAP",Diluted EPS from Cont Ops,"Diluted EPS from Cont Ops, Adjusted",FFO Reconciliation,D&A of Con Real Estate,D&A of Uncon Real Estate,Disposal of Con Assets,Disposal of Uncon Assets,Disposal of Assets from Disc Ops,Abnormal Losses/(Gains),Net Income to Partners,Other FFO Adjustments,Funds from Operations,Other Abnormal Gains/(Losses),Adjusted Funds from Operations,Straight-Line Rent,Stock-Based Compensation,Amortization of Financing Costs,Recurring Capital Expenditure,Accounting Adjustments,Tenant Improv & Leasing Com,Funds Available For Distribution,AFFO Per Diluted Share,FAD Per Diluted Share,Dividend Per Share,AFFO Payout Ratio,FAD Payout Ratio,FFO Payout Ratio,Source: Bloomberg
03/31/1994,104.987,97.230003,,,,,,0.0,0.0,7.757,-59.447,36.792999,,,,0.0,18.319,0.0,,4.335,45.540001,-27.585001,28.381001,,-0.796,17.955,0.0,,2.281,,,15.674001,,8.534,,,8.534,8.534,,47.958281,0.18143,0.229174,0.229174,47.958281,0.18143,0.229174,0.229174,,,,,,,,,,21.836,,21.836,,,,,,,21.836,0.455312,0.455312,0.453669,99.639145,99.639145,94.435794,
06/30/1994,111.808998,104.378998,,,,,,0.0,0.0,7.43,-62.335999,38.835999,,,,0.0,19.128,0.0,,4.372,49.473,-29.747,28.726,,1.021,19.726,0.0,,6.874,,,12.852,,6.749,,,6.749,6.749,,48.814922,0.133685,0.276919,0.276919,48.814922,0.133685,0.276919,0.276919,,,,,,,,,,22.299999,,22.299999,,,,,,,22.299999,0.456828,0.456828,0.453669,99.308686,99.308686,92.470856,
09/30/1994,120.528,110.639999,,,,,,0.0,0.0,9.888,-69.042999,43.487999,,,,0.0,19.497,0.0,,6.058,51.485001,-29.018001,30.540001,,-1.522,22.467,0.0,,6.117,,,16.35,,8.604,,,8.604,8.604,,49.429653,0.171881,0.296017,0.296017,49.429653,0.171881,0.296017,0.296017,,,,,,,,,,24.563999,,24.563999,,,,,,,24.563999,0.496949,0.496949,0.453669,91.291002,91.291002,87.42876,
12/31/1994,136.352005,116.478996,,,,,,0.0,0.0,19.872999,-68.551999,40.507999,,,,0.0,19.000999,4.238,,4.805,67.799999,-63.881001,35.333,,28.548,3.918999,0.0,,2.708,,,1.210999,,-0.51,,,-0.51,-0.51,,50.711472,-0.009549,0.047745,0.047745,50.711472,-0.009549,0.047745,0.047745,,,,,,,,,,29.514999,,29.514999,,,,,,,29.514999,0.582018,0.582018,0.453574,77.931222,77.931222,72.763003,
03/31/1995,129.490005,119.263,,,,,,0.0,0.0,10.227,-70.625001,44.096001,,,,0.0,21.107,0.0,,5.422,58.864998,-36.280999,38.932999,,-2.652,22.583999,0.0,,0.0,,,22.583999,,12.647,,,12.647,12.647,,51.710536,0.248272,0.248272,0.248272,51.710536,0.248272,0.248272,0.248272,,,,,,,,,,25.48,,25.48,,,,,,,25.48,0.492743,0.492743,0.470285,95.44217,95.44217,91.993724,
06/30/1995,130.764999,124.244003,,,,,,0.0,0.0,6.521,-72.650001,43.527,,,,0.0,22.09,0.0,,7.033,58.115,-33.628999,36.723999,,-3.095,24.486001,0.0,,0.248,,,24.238001,,13.947,,,13.947,13.947,,58.287196,0.238723,0.238723,0.238723,58.287196,0.238723,0.238723,0.238723,,,,,,,,,,28.99,,28.99,,,,,,,28.99,0.497365,0.497365,0.470285,94.555247,94.555247,91.462572,
09/30/1995,138.042007,131.546005,,,,,,0.0,0.0,6.496,-73.850999,49.806999,,,,0.0,22.014999,0.0,,2.029,64.190998,-36.639999,36.467999,,0.172,27.551,0.0,,2.636,,,24.915,,14.774,,,14.774,14.774,,56.887036,0.238723,0.26737,0.26737,56.887036,0.238723,0.26737,0.26737,,,,,,,,,,31.799999,,31.799999,,,,,,,31.799999,0.559003,0.559003,0.470285,84.129224,84.129224,85.242142,
12/31/1995,155.360001,147.608994,,,,,,0.0,0.0,7.751,-85.394999,46.592999,,,,0.0,27.527,2.939,,8.336,69.964998,-79.348999,38.098999,,41.25,-9.384001,0.0,,0.401,,,-9.785001,,17.903,,,16.413,16.413,,57.406469,0.26737,0.276919,0.276919,57.406469,0.26737,0.276919,0.276919,,,,,,,,,,38.321999,,38.321999,,,,,,,38.321999,0.667555,0.667555,0.470285,70.448762,70.448762,70.888788,
03/31/1996,139.444,130.076996,,,,,,0.0,0.0,9.367,-78.371002,50.123001,,,,0.0,24.672001,0.0,,3.576,61.073002,-36.738002,38.566002,,-1.828,24.335,0.0,,0.265,,,24.07,,15.185,,,13.154001,13.154001,,61.139872,0.219625,0.219625,0.219625,61.139872,0.219625,0.219625,0.219625,,,,,,,,,,29.726999,,29.726999,,,,,,,29.726999,0.486213,0.486213,0.470285,96.723975,96.723975,91.717967,
06/30/1996,143.761002,133.447006,,,,,,0.0,0.0,10.314,-80.709999,51.273998,,,,0.0,26.635,0.0,,2.801,63.051001,-38.411001,40.568001,,-2.157,24.64,0.0,,0.0,,,24.64,,15.443,,,13.412,13.412,,61.326282,0.219625,0.219625,0.219625,61.326282,0.219625,0.219625,0.219625,,,,,,,,,,30.892,,30.892,,,,,,,30.892,0.503732,0.503732,0.470285,93.360096,93.360096,88.259094,
09/30/1996,202.436005,187.873001,,,,,,0.0,0.0,14.563,-119.721003,77.549004,,,,0.0,37.605999,1.116,,3.45,82.715002,-52.657002,56.212002,,-3.555,30.058,0.0,,2.53,,,27.528,,17.007999,,,14.783999,14.783999,,84.194829,0.171881,0.190978,0.190978,84.194829,0.171881,0.190978,0.190978,,,,,,,,,,45.604,,45.604,,,,,,,45.604,0.541648,0.541648,0.144666,26.708504,26.708504,30.995089,
12/31/1996,262.063995,251.475998,,,,,,0.0,0.0,10.588,-137.389998,51.099998,,,,0.0,46.867001,2.344,,37.078999,124.674,-110.629997,66.835999,,43.793999,14.044003,0.0,,0.726,,,13.318003,,37.619999,,,31.211999,31.211999,,101.240729,0.305566,0.315115,0.315115,101.240729,0.305566,0.315115,0.315115,,,,,,,,,,66.245003,,66.245003,,,,,,,66.245003,0.654332,0.654332,0.470285,71.872512,71.872512,69.642987,
03/31/1997,242.414001,231.356995,,,,,0.0,0.0,0.0,11.057,-130.707999,77.377998,,,,0.0,43.354,0.975,,9.001,111.705997,-67.159999,67.917999,-0.721,-0.037,44.545998,0.0,,23.247,,,21.298998,,14.639,,,8.233,8.233,,101.553849,0.076391,0.219625,0.219625,101.969606,0.076391,0.219625,0.219625,,,,,,,,,,53.992001,,53.992001,,,,,,,53.992001,0.529491,0.529491,0.470762,88.908377,88.908377,88.403835,
06/30/1997,245.054993,233.610992,,,,,0.0,0.0,0.0,11.444,-130.600004,84.621002,,,,0.0,44.129002,1.85,,0.0,114.454998,-65.300996,67.075996,-1.792,0.017,49.154002,0.0,,1.467,,,47.687002,,31.358,,,24.951,24.951,,102.126685,0.248272,0.257821,0.257821,102.498458,0.238723,0.257821,0.257821,,,,,,,,,,57.416,,57.416,,,,,,,57.416,0.560165,0.560165,0.482221,86.085541,86.085541,84.71332,
09/30/1997,259.78299,242.382996,,,,,0.0,0.0,0.0,17.4,-142.211004,89.522003,,,,0.0,48.185001,-0.135,,4.639,117.572002,-61.863002,68.940002,-7.077,0.0,55.709,0.0,,-27.215,,,82.924,,53.743,,,44.642,44.642,,103.452496,0.429702,0.26737,0.26737,103.855677,0.429702,0.26737,0.26737,,,,,,,,,,63.173,,63.173,,,,,,,63.173,0.608277,0.608277,0.482221,79.276515,79.276515,82.867678,
12/31/1997,306.915009,295.22699,,,,,0.0,0.0,0.0,11.688,-173.618,100.045998,,,,0.0,65.232002,3.302,,5.038,133.297001,-74.302999,83.889,-9.586,0.0,58.994001,0.0,,2.443,,,56.551001,,37.497002,,,30.163002,30.163002,,111.334005,0.26737,0.276919,0.276919,111.738241,0.26737,0.276919,0.276919,,,,,,,,,,83.468002,,83.468002,,,,,,,83.468002,0.746996,0.746996,0.482221,64.554664,64.554664,94.9214,
03/31/1998,300.256989,284.402008,,,,,0.0,0.0,0.0,15.855,-166.590001,99.970001,,,,0.0,58.305,2.722,,5.593,133.667004,-87.101004,91.910004,-4.809,0.0,46.566,0.0,,0.0,,,46.566,,31.282,,,23.947999,23.947999,,114.865295,0.210076,0.210076,0.210076,115.271072,0.210076,0.210076,0.210076,,,,,,,,,,69.014999,,69.014999,,,,,,,69.014999,0.598719,0.598719,0.482221,80.542047,80.542047,77.916393,
06/30/1998,310.375,288.985992,,,,,0.0,0.0,0.0,21.389,-165.148997,99.518997,,,,0.0,58.313,0.733,,6.584,145.226002,-99.558002,92.510002,-0.171,7.219,45.668,0.0,,-7.024,,,52.692,,34.800999,,,27.466999,27.466999,,117.243577,0.238723,0.200527,0.200527,117.689695,0.238723,0.200527,0.200527,,,,,,,,,,73.719002,,73.719002,,,,,,,73.719002,0.626385,0.626385,0.482221,76.984768,76.984768,75.677912,
09/30/1998,322.338013,298.839996,,,,,0.0,0.0,0.0,23.497999,-174.800999,110.735001,,,,0.0,61.106998,-1.857,,4.816,147.537003,-93.578001,97.331001,-3.817,0.064,53.959001,0.0,,0.022,,,53.937001,,36.557999,,,28.965999,28.965999,,122.68398,0.238723,0.238723,0.238723,123.024329,0.238723,0.238723,0.238723,,,,,,,,,,79.841003,,79.841003,,,,,,,79.841003,0.648985,0.648985,0.482221,74.303768,74.303768,103.46188,
12/31/1998,472.588989,457.639008,,,,,0.0,0.0,0.0,14.95,-256.807,153.949997,,,,0.0,90.717003,5.016,,7.124,215.782005,-118.410007,138.167007,-19.757,0.0,97.371998,0.0,,-0.144,,,97.515998,,72.428001,,,53.217001,53.217001,,174.654233,0.305566,0.305566,0.305566,174.970501,0.305566,0.305566,0.305566,,,,,,,,,,141.121994,,141.121994,,,,,,,141.121994,0.806547,0.806547,0.482221,59.788264,59.788264,59.58674,
03/31/1999,446.093,424.572,,,,,,,,21.521,-249.195,130.122,,,,,89.76,1.843,,27.47,196.898,-127.695,141.122,-13.427,,69.203,,,1.774,,,,,45.325,,,34.954,34.954,,176.969259,0.200527,0.200527,0.200527,177.159722,0.200527,0.200527,0.200527,,,,,,,,,,114.26,,114.26,,,,,,,114.26,0.644955,0.644955,0.482221,74.768142,74.768142,82.79888,
06/30/1999,454.006,430.535,,,,,,,,23.471,-247.363,147.956,,,,,89.765,2.951,,6.691,183.172,-129.683,142.734,-13.051,,53.489,3.374,,0.043,,,56.82,,23.78,,,14.991,14.991,,181.530817,0.210076,0.210076,0.210076,181.810786,0.210076,0.210076,0.210076,,,,,,,,,,125.099,,125.099,,,,,,,125.099,0.688072,0.688072,0.482221,70.082829,70.082829,69.974909,
09/30/1999,471.171,449.741,,,,,,,,21.43,-256.389,155.571,,,,,93.402,2.043,,5.373,214.782,-137.421,144.015,-18.594,12.0,77.361,,,0.41,,,,,51.18,,,42.435,42.435,,181.665861,0.229174,0.238723,0.305566,181.740038,0.229174,0.238723,0.305566,,,,,,,,,,130.865,,130.865,,,,,,,130.865,0.720067,0.720067,0.482221,66.968863,66.968863,66.94153,
12/31/1999,517.971985,486.670013,,,,,0.0,0.0,0.0,31.302,-299.677003,95.653999,,,,65.843002,109.276001,-1.668,,30.572001,218.295006,-152.436002,148.968002,-11.406,14.874,65.859004,0.0,,-7.522,,,73.381003,,59.592999,,,50.426998,50.426998,,181.34714,0.286468,0.305566,0.305566,196.603302,0.286468,0.305566,0.305566,,,,,,,,,,218.694,,218.694,,,,,,,218.694,1.112362,1.112362,0.482221,43.351063,43.351063,39.987075,
03/31/2000,477.851,453.344,,,,,0.0,0.0,0.0,24.507,-270.707,160.979,,,,0.0,98.488,2.131,,9.109,207.144,-133.574,158.659,-17.989,-7.096,73.57,0.0,,12.782,,,60.788,,37.464,,,28.243,28.243,,181.405777,0.152783,0.200527,0.200527,181.452903,0.152783,0.200527,0.200527,,,,,,,,,,170.225,,170.225,,,,,,,170.225,0.938122,0.938122,0.482221,51.402755,51.402755,52.367161,
06/30/2000,487.659,455.286,,,,,0.0,0.0,0.0,32.373,-271.357,160.628,,,,0.0,99.14,2.214,,9.375,216.302,-138.107,155.207,-15.538,-1.562,78.195,0.0,,0.0,,,78.195,,50.229,,,41.012,41.012,,181.875987,0.229174,0.229174,0.229174,182.025743,0.229174,0.229174,0.229174,,,,,,,,,,180.468,,180.468,,,,,,,180.468,0.991442,0.991442,0.482221,48.638304,48.638304,48.598089,
09/30/2000,493.926,454.645,,,,,0.0,0.0,0.0,39.281,-274.513,155.214,,,,0.0,106.983,3.326,,8.99,219.413,-139.597,160.668,-20.92,-0.151,79.816,0.0,,0.0,,,79.816,,51.21,,,42.025,42.025,,180.919859,0.229174,0.229174,0.229174,181.027724,0.229174,0.229174,0.229174,,,,,,,,,,192.453,,192.453,,,,,,,192.453,1.063113,1.063113,0.482221,45.359288,45.359288,45.332107,
12/31/2000,561.315,523.774,,,,,0.0,0.0,0.0,37.541,-303.606,108.835,,,,65.797,115.454,1.973,,11.547,257.709,-131.501,161.144,-29.32,-0.323,126.208,0.0,,0.209,,,125.999,,84.433,,0.0,75.248,75.248,,180.055887,0.420153,0.420153,0.420153,181.103126,0.420153,0.420153,0.420153,,,,,,,,,,250.012,,250.012,,,,,,,250.012,1.380495,1.380495,0.482221,34.930991,34.930991,34.061965,
03/31/2001,490.676,465.528,,,,,0.0,0.0,0.0,25.148,-281.303,165.099,,,,0.0,106.515,2.904,,6.785,209.373,-143.482,157.924,-11.731,-2.711,65.891,0.0,,1.663,,,64.228,,40.124,,0.0,30.939,30.939,,180.126052,0.171881,0.18143,0.18143,180.311413,0.171881,0.18143,0.18143,,,,,,,,,,177.569,,177.569,,,,,,,177.569,0.984791,0.984791,0.482221,48.966819,48.966819,48.916759,
06/30/2001,488.27,460.965,,,,,0.0,0.0,0.0,27.305,-279.09,163.338,,,,0.0,106.748,2.243,,6.761,209.18,-136.095,149.97,-13.903,0.028,73.085,0.0,,0.0,,,73.085,,45.923,,0.0,36.746,36.746,,180.632916,0.200527,0.200527,0.200527,180.966985,0.200527,0.200527,0.200527,,,,,,,,,,189.195,,189.195,,,,,,,189.195,1.045467,1.045467,0.501319,47.951637,47.951637,47.796189,
09/30/2001,500.647,467.204,,,,,0.0,0.0,0.0,33.443,-286.188,158.763,,,,0.0,111.196,2.677,,13.552,214.459,-142.388,149.044,-6.787,0.131,72.071,0.0,,0.22,,,71.851,,52.75,,0.0,36.251,36.251,,180.906245,0.200527,0.200527,0.200527,181.204708,0.200527,0.200527,0.200527,,,,,,,,,,210.241,,210.241,,,,,,,210.241,1.16024,1.16024,0.501319,43.208163,43.208163,43.137162,
12/31/2001,569.242,532.495,,,,,0.0,0.0,0.0,36.747,-321.836,182.901,,,,0.0,129.098,0.591,,9.246,247.406,-165.563,150.687,-32.066,46.942,292.89,0.0,282.297,-0.346,,,293.236,-7.012,60.352,-77.445,0.0,43.853,43.853,,180.825747,0.248272,0.248272,0.506093,181.201092,0.238723,0.238723,0.496544,,452.428,138.814,-2.61,,,63.645,,,273.112,,273.112,,,,,,,273.112,1.507232,1.507232,0.501319,33.260883,33.260883,52.591977,
03/31/2002,494.947,467.45,,,,,0.0,0.0,0.0,27.497,-293.506,166.594,,,,0.623,110.715,3.202,,12.372,201.441,-138.428,147.862,-9.434,0.0,63.013,0.0,,0.0,,,63.013,,46.505,,0.0,30.006,30.006,,182.162931,0.162332,0.162332,0.162332,182.773471,0.162332,0.162332,0.162332,,,,,,,,,,145.272,,145.272,,,,,,,145.272,0.79482,0.79482,0.501319,63.073218,63.073218,62.862768,
06/30/2002,511.532,479.549,,,,,,,,31.983,-292.067,159.099,,,,1.174,115.105,1.455,,15.234,219.465,37.43,150.09,-1.074,-186.446,256.895,,,-1.435,,,,,189.506,,,173.17,173.17,,182.674572,0.945343,0.935795,0.849854,198.406736,0.926246,0.916697,0.830756,,,,,,,,,,-144.993008,,-144.993008,,,,,,,-144.993008,-0.730787,-0.730787,0.525191,,,,
09/30/2002,541.072,499.123,,,,,,,,41.949,-313.952,170.831,,,,0.79,123.526,2.182,,16.623,227.12,-130.622,151.841,-22.933,1.714,96.498,,,-2.248,,,,,74.586,,,58.903,58.903,,194.296661,0.305566,0.296017,0.296017,195.060572,0.305566,0.296017,0.296017,,,,,,,,,,454.160008,,454.160008,,,,,,,454.160008,2.328302,2.328302,0.525191,22.556813,22.556813,22.468474,
12/31/2002,576.601,541.288,,,,,0.0,0.0,0.0,35.313,-306.371,178.132,,,,0.646,118.049,2.175,,7.369,270.23,-130.99,149.473,-26.628,8.145,139.24,0.0,,-12.824,,,152.064,,111.991,,0.0,96.308,96.308,,188.409032,0.486995,0.439251,0.439251,190.074756,0.506093,0.458348,0.458348,,,,,,,,,,453.73,,453.73,,,,,,,453.73,2.387113,2.387113,0.525191,22.001084,22.001084,36.975955,
03/31/2003,534.863,495.065,,,,,,18.826,,20.972,-316.292,163.231,,,,3.044,120.947,4.363,,24.707,218.571,-129.794,151.197,-21.38,-0.023,88.777,-1.963,,-7.337,,,94.151,,70.822,,,55.14,55.14,,195.907365,0.276919,0.248272,0.248272,196.61359,0.276919,0.248272,0.248272,,,,,,,,,,168.603,,168.603,,,,,,,168.603,0.857535,0.857535,0.572935,66.811916,66.811916,66.571931,
06/30/2003,556.227,504.739,,,,,,21.274,,30.214,-328.577,171.509,,,,4.03,122.831,4.059,,26.148,227.65,-125.667,151.261,-25.594,,101.983,-2.064,,15.511,,,84.408,,65.975,,,50.292,50.292,,197.966955,0.257821,0.315114,0.315114,198.794303,0.248272,0.305566,0.305566,,,,,,,,,,186.422,,186.422,,,,,,,186.422,0.937763,0.937763,0.572935,61.095956,61.095956,60.841685,
09/30/2003,559.554,515.416,,,,,,19.102,,25.036,-329.348,173.656,,,,4.03,126.269,2.132,,23.261,230.206,-140.667,149.036,-24.015,15.646,89.539,-2.422,,10.746,,,76.371,,58.404,,,42.721,42.721,,198.101035,0.219625,0.257821,0.315114,199.037927,0.210076,0.248272,0.305566,,,,,,,,,,179.345,,179.345,,,,,,,179.345,0.901059,0.901059,0.572935,63.584646,63.584646,63.285347,
03/31/2004,584.313,539.181,,,,,,17.913,,27.219,-355.843,180.621,,,,3.564,138.385,3.415,,29.858,228.47,-149.814,153.386,-17.072,13.5,78.656,-2.01,,0.118,,,76.528,,56.187,,,48.351,48.351,,211.803889,0.229174,0.229174,0.229174,212.813865,0.229174,0.229174,0.229174,,,,,,,,,,194.603,,194.603,,,,,,,194.603,0.914428,0.914428,0.62068,67.876304,67.876304,67.554175,
06/30/2004,601.583,548.63,,,,,,18.49,,34.463,-361.382,180.127,,,,3.46,145.513,3.306,,28.976,240.201,-125.491,156.946,-19.836,-11.619,114.71,-6.632,,0.612,,,107.466,,78.545,,,70.711,70.711,,215.262961,0.324663,0.324663,0.324663,216.109196,0.324663,0.324663,0.324663,,,,,,,,,,208.557,,208.557,,,,,,,208.557,0.965054,0.965054,0.62068,64.315592,64.315592,64.063747,
09/30/2004,613.326,561.81,,,,,0.0,17.932,0.0,33.584,-367.696,190.466,,,,3.615,143.428,3.41,,26.777,245.63,-135.486,160.508,-23.901,-1.121,110.144,-2.196,,-1.933,,,109.881,,81.975,,0.0,74.141,74.141,,215.790913,0.343761,0.334212,0.334212,216.671244,0.343761,0.334212,0.334212,,,,,,,,,,276.399,,276.399,,,,,,,276.399,1.275661,1.275661,0.62068,48.655575,48.655575,48.457888,
12/31/2004,821.377,741.006,,,,,0.0,18.402,0.0,61.969,-472.271,252.324,,,,6.143,190.656,7.287,,15.861,349.106,-167.701,188.005,-20.304,0.0,129.167,-0.932,,-14.727,,,142.962,,126.286,,0.0,107.444,107.444,,228.307396,0.467897,0.515642,0.515642,229.236297,0.467897,0.515642,0.515642,,,,,,,,,,382.719,,382.719,,,,,,,382.719,1.669539,1.669539,0.62068,37.176728,37.176728,37.026082,
03/31/2005,741.97,686.729,,,,,0.0,19.68,0.0,35.561,-472.375,217.974,,,,3.787,210.298,2.3,,38.016,269.595,-166.804,195.204,-17.927,-10.473,102.791,-4.686,,-3.253,,,101.358,,75.464,,0.0,57.067,57.067,,230.796997,0.248272,0.238723,0.238723,231.734297,0.248272,0.238723,0.238723,,,,,,,,,,333.781,,333.781,,,,,,,333.781,1.440361,1.440361,0.668425,46.406753,46.406753,46.219051,
06/30/2005,752.084,694.565,,,,,0.0,17.505,0.0,40.014,-463.261,214.103,,,,4.454,204.494,-1.696,,41.906,288.823,-181.192,197.782,-14.456,-2.134,107.631,-2.734,,-119.942,,,224.839,,173.218,,0.0,154.811,154.811,,230.630719,0.668425,0.257821,0.257821,231.555717,0.668425,0.257821,0.257821,,,,,,,,,,335.169,,335.169,,,,,,,335.169,1.447466,1.447466,0.668425,46.17896,46.17896,45.994488,
09/30/2005,783.009,720.369,,,,,0.0,19.746,0.0,42.894,-484.171,233.911,,,,4.993,203.022,2.727,,39.518,298.838,-182.543,201.15,-18.662,0.055,116.295,-3.796,,-10.3,,,122.799,,92.883,,0.0,74.358,74.358,,230.977565,0.324663,0.286468,0.286468,231.953894,0.324663,0.286468,0.286468,,,,,,,,,,323.461,,323.461,,,,,,,323.461,1.394506,1.394506,0.668425,47.932737,47.932737,47.73098,
12/31/2005,889.79,818.431,,,,,0.0,20.835,0.0,50.24,-541.623,276.881,,,,4.462,232.097,4.796,,23.387,348.167,-187.584,204.956,-30.762,13.39,160.583,-5.013,,-21.692,,,177.262,,134.184,,0.0,115.659,115.659,,230.246882,0.506093,0.429702,0.429702,231.213483,0.496544,0.420153,0.420153,,,,,,,,,,418.957,,418.957,,,,,,,418.957,1.811992,1.811992,0.668425,36.888941,36.888941,36.734725,
03/31/2006,787.649,725.182,,,,,0.0,20.169,0.0,42.298,-488.445,231.109,,,,4.493,209.447,-0.006,,43.402,299.204,-139.799,204.072,-19.692,-44.581,159.405,-1.639,122.59,-0.163,,,157.929,34.414,122.59,-25.399,0.0,104.017,104.017,,231.000332,0.448799,0.448799,0.448799,232.019402,0.448799,0.448799,0.448799,,213.542,48.032,,,-34.322,,,,358.857,,283.631,-3.8,,,-8.489,24.1,-16.533,278.909,1.144139,1.125091,0.725718,63.429216,64.503089,46.715308,
06/30/2006,798.738,727.9,,,,,0.0,19.399,0.0,51.439,-488.689,223.041,,,,5.005,211.363,4.466,,44.814,310.049,-173.262,200.743,-19.882,-7.599,136.787,-3.22,101.263,0.023,,,133.544,28.848,101.263,-25.323,0.0,82.868,82.868,,231.429659,0.35331,0.35331,0.35331,232.356693,0.35331,0.35331,0.35331,,210.448,50.915,,,-7.711,,,,358.44,,283.443,-1.5,,,-22.26,24.5,-14.755,269.428,1.14189,1.085428,0.725718,63.55414,66.860074,46.856579,
09/30/2006,818.736,755.798,,,,,0.0,20.78,0.0,42.158,-497.412,233.24,,,,4.422,211.39,0.393,,47.967,321.324,-170.84,206.195,-25.898,-9.457,150.484,-2.536,112.995,-0.056,,,148.004,31.855,112.995,-25.296,0.0,94.592,94.592,,231.647051,0.410604,0.410604,0.410604,232.559828,0.410604,0.410604,0.410604,,209.023,50.386,,,-9.457,,,,369.506,,369.506,-7.8,,,-34.32,26.8,-18.026,336.16,1.488167,1.353868,0.725718,48.765909,53.603332,45.49601,
12/31/2006,927.031,854.297,,,,,,21.94,,50.794,-289.472,282.093,,,,2.732,224.002,4.647,,23.905,389.652,-94.351,210.848,-35.116,-81.381,295.301,-3.975,,-0.242,,,291.568,,226.992,,0.0,204.668,204.668,,231.771661,0.88805,0.88805,0.88805,247.850959,0.878501,0.878501,0.878501,,,,,,,,,,450.42,,450.42,,,,,,,450.42,1.817302,1.817302,0.725718,39.933831,39.933831,37.343129,
03/31/2007,852.141,759.37,,,,,0.0,20.875,0.0,71.896,-503.175,236.3,,,,3.899,215.271,0.542,,47.163,348.966,-200.705,222.478,-21.773,0.0,148.261,-1.285,112.787,0.162,,,146.814,31.076,112.787,-19.645,0.0,98.381,98.381,,232.951306,0.420153,0.420153,0.420153,233.84928,0.420153,0.420153,0.420153,,212.488,53.314,,,2.38,,,,392.4,,310.785,-5.1,,,-7.034,20.9,-27.036,292.515,1.251154,1.177603,0.80211,64.109581,68.113758,47.61786,
06/30/2007,855.932,778.704,,,,,0.0,17.542,0.0,59.686,-522.381,240.339,,,,6.119,230.611,1.424,,43.888,333.551,-235.695,243.654,-7.459,-0.5,97.856,0.528,74.22,-0.017,,,98.401,21.048,74.22,-19.9,0.0,59.917,59.917,,233.952312,0.257821,0.257821,0.257821,234.828699,0.257821,0.257821,0.257821,,226.853,73.693,,-2.88,,,,,373.034,,296.304,-5.6,,,-13.359,27.3,-33.922,270.723,1.189502,1.086808,0.80211,67.432407,73.804191,50.305174,
09/30/2007,907.145,825.609,,,,,0.0,34.952,0.0,46.584,-528.446,248.151,,,,4.887,224.662,3.134,,47.612,378.699,-147.467,238.155,-8.491,-82.197,231.232,-0.648,179.227,0.026,,,230.558,50.119,179.227,-19.672,0.0,164.937,164.937,,233.642358,0.70662,0.70662,0.70662,234.423145,0.70662,0.70662,0.70662,,220.984,72.095,,-84.043,,,,,418.71,,332.392,-8.3,,,-59.915,19.2,-35.968,247.409,1.336792,0.995013,0.80211,60.002563,80.612961,44.758134,
12/31/2007,1035.581,924.197,,,,,0.0,40.371,0.0,71.013,-561.732,257.595,,,,4.682,235.092,4.462,,59.901,473.849,-286.882,241.565,-0.397,45.714,186.967,12.727,125.005,27.894,,,171.8,40.131,125.005,-17.438,0.0,112.929,112.929,,233.532397,0.486995,0.611131,0.849854,234.347641,0.477446,0.601582,0.840305,,232.162,107.411,,20.471,,,,,507.742,,403.015,-8.5,,,-94.99,18.1,-32.508,285.117,1.621892,1.147424,0.80211,49.455191,69.905281,36.900564,
03/31/2008,895.298,817.581,,,,,0.0,33.02,0.0,44.697,-212.862,245.675,,,,-39.395,228.043,6.582,,57.921,351.775,-222.776,229.917,-7.141,0.0,128.999,0.023,129.022,,,,129.022,,99.284,-16.255,0.0,87.933,87.933,,234.011018,0.372408,0.372408,0.372408,234.656719,0.372408,0.372408,0.372408,,225.056,84.33,,,,,-2.101,,420.052,,347.841,-8.2,,,-4.001,18.6,-25.375,328.865,1.398412,1.322123,0.859403,61.455665,65.001748,47.877361,
06/30/2008,922.947,843.838,,,,,0.0,34.879,0.0,44.23,-256.821,244.945,,,,5.095,236.617,6.781,,50.471,379.038,-264.058,232.335,11.393,20.33,114.98,-0.627,114.353,0.0,,,114.353,,87.917,-15.573,0.0,76.572,76.572,0.0,235.610354,0.324663,0.324663,0.324663,236.226975,0.324663,0.324663,0.324663,,232.449,99.318,,,,,-2.692,,427.855,,340.878,-13.3,,,-20.515,19.0,-26.213,299.85,1.366908,1.202387,0.859403,62.872054,71.474737,47.325446,
09/30/2008,935.594,860.849,,,,,0.0,33.35,0.0,41.395,-263.989,254.95,,,,5.035,235.915,4.004,,52.338,383.352,-222.643,239.955,-17.312,0.0,160.709,-0.972,159.737,0.0,,,159.737,,124.093,-15.55,0.0,112.809,112.809,0.0,236.001534,0.477446,0.477446,0.477446,236.597893,0.477446,0.477446,0.477446,,232.524,89.944,,,,,-2.758,,463.897,,370.157,-9.5,,,-31.134,13.6,-22.241,320.882,1.482243,1.284928,0.859403,57.979911,66.883371,43.721013,
12/31/2008,1029.316,935.83,,,,,0.0,31.222,0.0,62.264,-261.846,249.623,,,,5.555,268.902,6.668,,53.196,445.372,-246.919,244.933,-19.186,21.172,198.453,-2.005,196.423,0.025,,,196.423,,152.342,-11.34,0.0,145.203,145.203,21.172,238.259303,0.611131,0.611131,0.697071,250.175829,0.611131,0.611131,0.687523,,264.465,94.519,,,,,-3.54,,540.527,,432.646,-8.6,,,-38.347,13.3,-25.373,373.626,1.729368,1.493454,0.859403,49.694646,57.544684,37.881697,
03/31/2009,918.492,842.676,571.414,258.762,0.0,12.5,0.0,30.651,0.0,45.165,-554.276,235.484,88.243,22.588,124.653,4.048,256.337,13.015,0.0,45.392,364.216,-220.491,226.036,-5.545,0.0,143.725,2.523,146.248,0.0,0.0,0.0,146.248,,113.297,-10.706,0.0,106.768,106.768,0.0,241.293541,0.439957,0.439957,0.439957,241.51847,0.439957,0.439957,0.439957,,252.913,91.416,,,,,-3.039,,476.832,,392.149,-0.0105,,,-6.193,10.7,-13.647,382.9985,1.574256,1.537521,0.084022,5.337257,5.464773,4.251808,
06/30/2009,903.612,838.658,567.633,257.532,0.0,13.493,0.0,30.055,0.0,34.899,-678.914,229.921,83.076,20.186,126.659,5.31,251.685,7.066,0.0,184.932,224.698,-238.949,244.443,-5.494,0.0,-14.251,0.143,-14.108,0.0,0.0,0.0,-14.108,,-14.231,-10.682,0.0,-20.76,119.718,140.478,271.944966,-0.078925,-0.078925,0.440229,271.944966,-0.078925,-0.078925,0.437643,,248.042,92.222,,,,,-2.325,,313.149,140.478,405.91,-7.0,,,-12.225,9.9,-7.3,389.285,1.44429,1.385135,0.591935,40.984504,42.734809,51.404835,
09/30/2009,924.932,858.517,570.1,268.611,0.0,19.806,0.0,29.988,0.0,36.427,-532.755,236.046,79.854,19.151,137.041,4.509,250.151,-0.745,0.0,42.794,392.177,-253.226,257.881,-4.655,0.0,138.951,0.238,139.189,0.0,0.0,0.0,139.189,,112.086,-8.662,0.0,105.547,105.547,0.0,283.219672,0.377599,0.377599,0.377599,284.270264,0.377599,0.377599,0.377599,,247.236,98.01,,0.0,,,-2.7,,473.073,0.0,400.581,-7.8,,,-12.838,9.2,-30.578,358.565,1.37175,1.22787,0.596209,43.463419,48.556384,35.6939,
12/31/2009,1028.18,924.136,607.691,277.322,0.0,39.123,0.0,33.365,0.0,70.679,-602.579,243.51,82.784,29.811,130.915,4.257,239.425,3.319,0.0,112.068,425.601,-311.984,263.705,5.582,42.697,113.617,2.316,387.262,0.0,0.0,0.0,115.933,,98.255,-38.194,0.0,91.543,191.115,99.572,283.968,0.32,0.32,0.673016,292.667,0.32,0.32,0.660223,,983.487,391.113,,30.108,,,-5.496,,1748.28,99.572,1570.146,-5.6,,,-14.96,9.9,-20.458,1539.028,5.686874,5.574169,0.6,10.550611,10.763937,9.745624,
03/31/2010,925.071,840.749,571.61,255.928,0.0,13.211,0.0,28.568,0.0,55.754,-498.155,231.078,89.729,23.745,117.604,5.112,228.909,-3.451,0.0,36.507,426.916,-405.96,263.959,-17.582,159.583,20.956,-0.202,20.754,0.0,0.0,0.0,20.754,,14.983,-6.828,0.0,9.373,168.956,159.583,286.124631,0.03,0.03,0.590498,286.438373,0.03,0.03,0.587129,,225.43,94.907,,-6.042,,,-2.663,,325.558,165.625,442.37,-4.5,,,-9.743,8.6,-37.08,399.647,1.505085,1.359727,0.6,39.864864,44.126492,52.732471,
06/30/2010,933.566,850.327,580.157,255.693,0.0,14.477,0.0,28.349,0.0,54.89,-518.099,222.779,78.658,20.605,123.516,5.627,234.19,4.487,0.0,51.016,415.467,-230.825,261.463,-10.614,-20.024,184.642,0.51,185.152,0.0,0.0,0.0,185.152,,151.839,0.525,0.0,151.174,131.15,-20.024,292.323804,0.52,0.52,0.448646,292.613735,0.52,0.52,0.448646,,230.724,93.845,,-20.024,,,-2.56,,487.662,,405.23,-9.6,,,-8.255,7.6,-39.228,355.747,1.382174,1.213396,0.6,43.409866,49.448007,35.966362,
09/30/2010,979.275,905.424,605.146,274.013,0.0,26.265,0.0,29.98,0.0,43.871,-581.481,243.962,86.68,20.2,137.082,5.17,243.303,-3.096,0.0,92.142,397.794,-117.511,249.264,-22.533,-109.22,280.283,0.249,280.532,0.0,0.0,0.0,280.532,,231.458,-1.313,0.0,230.624,121.404,-109.22,292.830418,0.79,0.79,0.414588,293.089128,0.79,0.79,0.414588,,239.828,95.877,,-294.283,,,-2.119,,318.522,185.063,450.08,-9.7,,,-15.26,8.0,-22.28,410.84,1.535643,1.401759,0.6,39.071587,42.803378,55.160476,
12/31/2010,1119.718,1027.42,672.606,298.146,0.0,56.668,0.0,34.31,0.0,57.988,-615.656,262.024,90.893,37.875,133.256,5.358,276.418,5.19,0.0,66.666,504.062,-234.695,252.405,-25.879,8.169,269.367,-2.291,753.514,0.0,0.0,0.0,267.076,,218.758,-8.929,0.0,217.923,217.923,8.169,292.931,0.74,0.74,0.771827,293.161,0.74,0.74,0.767865,,968.695,380.718,,-321.036,,,-10.64,,1762.322,8.169,1478.863,-8.3,,,-34.223,8.4,-29.734,1415.006,5.041515,4.823824,0.8,15.868245,16.584354,13.297502,
03/31/2011,1019.874,942.899,644.332,281.425,0.0,17.142,0.0,30.492,0.0,46.483,-568.984,245.528,93.264,30.835,121.429,7.667,266.31,1.405,0.0,48.074,450.89,-230.082,248.119,-18.621,0.584,220.808,-1.142,219.666,0.0,0.0,0.0,219.666,,180.246,-1.313,0.0,179.412,179.412,0.0,293.080205,0.61,0.61,0.61,293.290496,0.61,0.61,0.61,,262.546,91.271,,0.584,,,-2.111,,570.643,,473.451,-7.3,,,-12.234,8.4,-32.285,430.032,1.614276,1.466235,0.8,49.557821,54.561521,41.087714,
06/30/2011,1040.861,957.173,649.57,285.623,0.0,21.98,0.0,31.259,0.0,52.429,-573.289,252.064,93.424,24.657,133.983,8.974,261.298,0.274,0.0,50.679,467.572,-216.347,244.517,-13.821,-14.349,251.225,-0.703,250.522,0.0,0.0,0.0,250.522,,205.955,-1.313,0.0,205.121,205.121,0.0,293.367771,0.7,0.7,0.7,293.402353,0.7,0.7,0.7,,257.77,92.276,,-14.349,,,-1.939,,582.967,,483.716,-8.1,,,-32.787,8.0,-44.521,406.308,1.64864,1.384812,0.8,48.524837,57.769574,40.258577,
09/30/2011,1074.36,995.682,664.724,294.305,0.0,36.653,0.0,31.249,0.0,47.429,-590.762,259.948,87.264,24.465,148.219,14.974,260.802,1.501,0.0,53.537,483.598,-148.957,244.384,-17.12,-78.307,334.641,-0.86,333.781,0.0,0.0,0.0,333.781,,274.834,-1.313,0.0,274.0,274.0,0.0,293.735663,0.93,0.93,0.93,293.758135,0.93,0.93,0.93,,257.172,96.731,,,,-78.307,-1.829,,606.235,,502.264,-10.8,,,-34.211,8.3,-29.176,436.377,1.709788,1.485498,0.8,46.789418,53.853984,38.761954,
12/31/2011,1171.337,1087.083,706.099,315.916,0.0,65.068,0.0,35.009,0.0,49.245,-634.948,269.284,95.803,33.539,139.942,14.705,277.536,3.325,0.0,70.098,536.389,-90.273,246.507,-31.677,-124.557,446.116,-4.185,441.931,0.0,0.0,0.0,441.931,,363.764,-1.313,0.0,362.93,362.93,0.0,293.832555,1.24,1.24,1.24,293.832555,1.24,1.24,1.24,,270.081,95.456,,-124.557,,,-2.679,,678.919,,562.495,-11.0,,,-66.49,8.2,-35.581,457.624,1.914336,1.557429,1.1,57.461186,70.629228,47.607419,
03/31/2012,1118.969,1036.166,702.098,306.388,0.0,27.68,0.0,32.287,0.0,50.516,-602.248,250.181,98.702,25.641,125.838,13.889,285.109,3.545,0.0,49.524,516.721,267.111,258.079,-30.353,-494.837,783.832,-2.003,781.829,0.0,0.0,0.0,781.829,,646.244,-1.313,0.0,645.41,645.41,0.0,295.69341,2.18,2.18,2.18,295.69452,2.18,2.18,2.18,,281.349,83.733,,,,-494.837,-2.109,,648.652,,537.825,-8.8,,,-17.369,11.8,-33.161,490.295,1.818851,1.658111,0.95,52.230791,57.294129,43.30654,
06/30/2012,1188.066,1108.095,746.198,330.47,0.0,31.427,0.0,28.347,0.0,51.624,-663.739,278.009,106.777,26.665,144.567,14.733,311.863,2.906,0.0,56.228,524.327,-259.428,288.56,-29.132,0.0,264.899,-3.963,260.936,0.0,0.0,0.0,260.936,,216.279,-1.314,0.0,215.445,215.445,0.0,303.252359,0.71,0.71,0.71,303.253401,0.71,0.71,0.71,,308.187,122.815,,,,,-1.854,,688.77,,573.307,-11.4,,,-33.43,19.0,-52.008,495.469,1.890524,1.633847,1.0,52.895395,61.205242,44.028102,
09/30/2012,1228.617,1152.652,759.039,342.443,0.0,51.17,0.0,32.294,0.0,43.671,-663.664,292.742,105.694,26.556,160.492,14.165,310.244,-1.18,0.0,47.693,564.953,-254.678,288.896,-37.129,2.911,310.275,-3.904,306.371,0.0,0.0,0.0,306.371,,255.755,-1.312,0.0,254.921,254.921,0.0,304.107489,0.84,0.84,0.84,304.108559,0.84,0.84,0.84,,306.611,107.935,,,,2.911,-2.464,,720.052,,603.845,-11.5,,,-32.331,15.1,-35.926,539.188,1.985405,1.772817,1.05,52.885939,59.227783,44.345806,
12/31/2012,1344.431,1254.988,808.533,361.006,0.0,85.449,0.0,35.438,0.0,54.005,-729.833,303.047,108.094,37.306,157.647,14.358,350.353,7.538,0.0,54.537,614.598,-238.094,291.492,-35.294,-18.104,376.504,-6.008,370.496,0.0,0.0,0.0,370.496,,316.217,-1.313,0.0,315.383,315.383,0.0,309.417,1.01,1.01,1.01,309.418,1.01,1.01,1.01,,346.594,131.861,,,,-18.104,-2.092,,827.442,,707.809,-12.6,,,-62.575,16.9,-72.844,576.69,2.287254,1.863549,1.1,48.092607,59.027172,41.133844,
03/31/2013,1215.058,1154.575,777.907,338.969,0.0,37.699,0.0,29.729,0.0,30.754,-657.369,270.599,109.705,29.725,131.169,14.509,316.633,2.734,0.0,52.894,557.689,-210.028,285.026,-54.231,-20.767,347.661,-13.193,334.468,0.0,0.0,0.0,334.468,-2.173,283.972,-1.313,0.0,283.138,283.138,0.0,309.986506,0.91,0.91,0.91,309.986709,0.91,0.91,0.91,,312.585,121.549,,,,-20.767,-2.461,,741.888,,635.201,-12.8,16.9,10.8,-8.928,21.6,-34.59,628.183,2.049121,2.026482,1.15,56.121613,56.748599,48.050984,
06/30/2013,1084.993,1021.09,674.654,307.359,0.0,39.077,0.0,31.814,0.0,32.089,-575.054,232.194,91.014,21.604,119.576,15.421,273.537,-0.495,0.0,54.397,509.939,-141.851,266.229,-56.31,-68.068,368.088,-8.959,400.525,-41.396,-41.396,0.0,400.525,-2.204,340.77,-1.313,0.0,339.936,298.54,0.0,310.261278,1.1,0.99,0.99,310.261278,1.1,0.99,0.99,,314.622,124.828,,,,-68.068,-2.097,,766.293,,655.946,-13.275,17.66,11.569,-36.155,16.806,-39.557,612.994,2.114161,1.975724,1.15,54.395095,58.206516,46.561886,
09/30/2013,1146.877,1066.198,690.904,320.179,0.0,55.115,0.0,33.613,0.0,47.066,-598.399,243.195,93.001,22.746,127.448,14.546,279.302,2.398,0.0,58.958,548.478,-212.066,270.7,-47.563,-11.071,336.412,-7.7,367.294,-38.581,-38.581,0.0,367.293,-2.218,312.509,-1.313,0.0,311.675,273.094,0.0,310.332777,1.0,0.89,0.89,310.332777,1.0,0.89,0.89,,321.962,130.055,,,,-11.071,-1.959,,802.75,,687.31,-13.55,16.72,10.937,-39.46,15.758,-46.768,630.947,2.214736,2.033116,1.15,51.924932,56.563428,44.457514,
12/31/2013,1251.155,1159.761,737.433,337.028,0.0,85.3,0.0,31.816,0.0,59.578,-623.386,261.703,94.925,29.53,137.248,15.327,283.526,3.219,0.0,59.611,627.769,-217.668,273.846,-48.569,-7.609,410.101,-9.764,449.304,-48.967,-48.967,0.0,449.304,-2.391,382.389,-1.313,0.0,381.555,332.588,0.0,310.434,1.229102,1.071365,1.071365,362.455,1.052696,0.917598,0.917598,,324.478,134.768,,,,-7.609,-2.474,,894.763,,766.344,-18.132,13.433,11.593,-45.994,15.461,-60.756,681.949,2.468621,2.19676,1.2,48.610128,54.625903,41.63346,
03/31/2014,1157.022,1079.428,722.283,325.471,0.0,31.674,0.0,30.607,0.0,46.987,-596.057,241.637,94.305,29.766,117.566,14.855,280.493,4.423,0.0,54.649,560.965,-194.501,254.234,-57.078,-2.655,366.464,-6.863,401.103,-41.502,-41.502,0.0,401.103,-0.897,342.482,-1.313,0.0,341.648,300.146,0.0,310.62257,1.1,0.99,0.99,310.62257,1.1,0.99,0.99,,322.604,147.256,,,,-2.897,-0.523,,865.333,,740.455,-14.048,18.206,12.162,-6.959,21.583,-40.063,731.336,2.383774,2.354417,1.25,52.437859,53.091705,44.870381,
06/30/2014,1181.982,1109.896,728.486,342.25,0.0,39.16,0.0,34.142,0.0,37.944,-620.451,251.831,99.396,21.656,130.779,15.599,287.214,2.442,0.0,63.365,561.531,-65.296,254.93,-55.764,-133.87,496.235,-6.626,477.468,12.141,12.141,0.0,477.468,-0.966,407.421,-1.313,0.0,406.587,418.728,0.0,310.743242,1.31,1.34,1.34,310.743242,1.31,1.34,1.34,,314.5,128.461,,,,-133.87,-0.447,,783.833,,669.83,-13.263,15.664,10.515,-24.257,8.294,-45.199,621.584,2.155576,2.000315,1.3,60.30872,64.989752,51.537281,
09/30/2014,1234.694,1143.311,740.214,350.595,0.0,52.502,0.0,36.396,0.0,54.987,-627.137,263.876,97.359,21.416,145.101,14.388,281.661,1.769,0.0,65.443,607.557,-304.005,249.78,-55.631,109.856,303.552,-6.589,296.963,0.0,0.0,0.0,296.963,-0.869,252.802,-1.313,0.0,251.968,379.541,127.573,310.772019,0.81,0.81,1.221284,310.772019,0.81,0.81,1.220503,,277.936,135.131,,,,-17.717,-0.75,,689.381,127.6,716.695,-17.581,13.872,9.647,-37.129,8.971,-35.005,659.47,2.306176,2.122038,1.3,56.370367,61.261862,58.603824,
12/31/2014,1297.12,1199.177,771.312,344.096,0.0,83.769,0.0,37.081,0.0,60.862,-641.832,262.117,93.131,27.178,141.808,15.116,294.458,3.366,0.0,66.775,655.288,-171.288,233.655,-58.301,-4.066,484.0,-8.008,475.992,0.0,0.0,0.0,475.992,-0.968,405.882,-1.313,0.0,405.048,402.4051,-2.6429,310.784,1.30331,1.30331,1.294806,363.635,1.113886,1.113886,1.106618,,289.584,138.291,,,,-4.066,-0.772,,896.748,,766.439,-14.207,13.186,8.972,-50.027,8.617,-28.68,704.3,2.466147,2.266204,1.3,52.71381,57.364646,45.053817,
03/31/2015,1216.235,1132.572,753.445,340.17,0.0,38.957,0.0,35.078,0.0,48.585,-617.064,255.135,106.888,29.734,118.513,14.999,288.106,3.847,0.0,54.977,599.171,-167.301,232.173,-64.872,0.0,431.87,-6.362,425.508,0.0,0.0,0.0,425.508,-0.885,363.008,-1.313,0.0,362.174,362.174,0.0,311.101297,1.16,1.16,1.16,311.101297,1.16,1.16,1.16,,284.227,123.884,,,,0.0,-0.69,,830.731,,710.426,-16.35,12.52,9.982,-10.435,10.577,-35.003,681.717,2.283586,2.191304,1.4,61.307075,63.888886,52.428742,
06/30/2015,1349.11,1169.476,768.138,364.309,0.0,37.029,0.0,40.027,0.0,139.607,-646.725,270.219,106.487,22.676,141.056,15.345,295.778,2.685,0.0,62.698,702.385,-144.439,230.974,-70.196,-16.339,557.946,-3.42,554.526,0.0,0.0,0.0,554.526,-0.946,473.778,-1.313,0.0,472.944,456.605,-16.339,310.499,1.52,1.52,1.470552,310.499,1.52,1.52,1.467378,,291.853,128.184,,,,-16.339,-0.609,,955.356,-80.2,737.474,-16.889,12.533,9.922,-27.56,8.629,-35.398,688.711,2.032942,1.89852,1.5,73.784703,79.008902,48.751303,
09/30/2015,1320.137,1209.024,788.368,373.223,0.0,47.433,0.0,38.568,0.0,72.545,-662.55,289.91,114.145,21.189,154.576,14.838,289.36,-0.361,0.0,68.803,657.587,-161.433,229.654,-68.221,0.0,496.154,-3.658,492.496,0.0,0.0,0.0,492.496,-0.895,420.843,-1.313,0.0,420.009,420.009,0.0,309.417298,1.36,1.36,1.36,309.417298,1.36,1.36,1.36,,285.49,143.747,,,,0.0,-0.839,,918.686,,786.896,-14.958,12.394,9.456,-35.37,8.848,-36.122,731.144,2.543157,2.362973,1.55,60.94787,65.595334,52.20465,
12/31/2015,1380.621,1270.968,832.396,367.921,0.0,70.651,0.0,44.792,0.0,64.861,-670.891,279.782,105.321,27.77,146.691,15.147,304.325,0.463,0.0,71.174,709.73,-243.082,230.896,-81.517,93.703,466.648,-6.731,459.917,0.0,0.0,0.0,459.917,-0.906,393.131,-1.313,0.0,392.297,486.0,93.703,309.419,1.27,1.27,1.570686,309.419,1.27,1.27,1.570686,,299.346,137.515,,,,-27.25,-0.845,,866.464,,866.464,-17.508,13.204,10.496,-59.373,11.625,-22.001,802.907,2.398616,2.222672,1.6,66.705137,71.985423,57.136869,
03/31/2016,1336.715,1219.065,818.536,371.613,0.0,28.916,0.0,33.4,0.0,84.25,-651.814,273.586,109.423,26.065,138.098,14.864,300.614,3.664,0.0,59.086,684.901,-105.876,219.19,-90.626,-22.688,579.025,-15.186,563.839,0.0,0.0,0.0,563.839,-2.714,481.829,-1.313,0.0,480.995,458.307,-22.688,309.416,1.55,1.55,1.4812,309.416,1.55,1.55,1.476675,,297.196,118.242,,,,-22.688,-0.729,,951.833,,951.833,-15.115,12.666,10.684,-17.535,-6.803,-34.417,901.313,2.633775,2.493983,1.6,60.749312,64.154406,52.011813,
06/30/2016,1315.38,1220.536,822.224,367.062,0.0,31.25,0.0,34.478,0.0,60.366,-656.144,268.275,107.505,22.842,137.928,15.125,303.585,4.944,0.0,64.215,659.236,-124.796,213.995,-84.99,-4.209,534.44,-7.115,527.325,0.0,0.0,0.0,527.325,-3.439,456.223,-1.313,0.0,455.389,451.18,-4.209,313.399467,1.45,1.45,1.439632,313.399467,1.45,1.45,1.43657,,300.179,134.893,,,,-4.209,-0.565,,952.871,,952.871,-15.856,12.806,10.436,-33.955,-6.034,-18.686,901.582,2.633972,2.492197,1.6,60.74476,64.200394,52.624033,
09/30/2016,1357.168,1261.077,842.801,378.187,0.0,40.089,0.0,41.721,0.0,54.37,-680.977,290.699,111.727,23.178,155.794,15.154,311.757,-0.747,0.0,64.114,676.191,-81.926,214.861,-83.374,-49.561,594.265,-6.325,587.94,0.0,0.0,0.0,587.94,-3.271,505.578,-1.313,0.0,504.744,455.183,-49.561,314.234418,1.61,1.61,1.448546,314.234418,1.61,1.61,1.448546,,308.392,134.795,,,,-45.162,-5.361,,976.02,,976.02,-13.306,12.662,9.543,-36.257,-8.327,-47.869,892.466,2.697947,2.466984,1.65,61.15762,66.883287,53.122558,
12/31/2016,1425.966,1314.131,874.937,377.941,0.0,61.253,0.0,34.277,0.0,77.558,-725.465,281.387,110.374,27.638,143.375,19.939,336.717,-0.542,0.0,87.964,700.501,-243.847,209.508,-94.344,128.683,456.654,-1.052,455.602,0.0,0.0,0.0,455.602,-4.159,395.265,-1.313,0.0,394.431,523.114,128.683,313.685,1.26,1.26,1.667641,313.685,1.26,1.26,1.667641,,330.708,140.046,,,,-8.094,-0.563,,912.227,136.777,1049.004,-12.56,18.273,11.261,-56.134,-7.389,-30.213,972.242,2.904324,2.691797,1.65,56.811847,61.297347,56.738098,
03/31/2017,1345.763,1253.917,846.798,378.915,0.0,28.204,0.0,30.547,0.0,61.299,-669.092,272.256,106.659,25.601,139.996,14.001,310.832,5.21,0.0,66.793,676.671,-129.117,198.202,-69.085,0.0,547.554,3.521,551.075,0.0,0.0,0.0,551.075,-3.9,478.57,-1.313,0.0,477.736,477.736,0.0,312.81,1.53,1.53,1.53,312.81,1.53,1.53,1.53,,307.688,131.218,,,,,0.244,,985.012,,985.012,-10.19,10.631,10.41,-10.518,-1.747,-58.306,925.292,2.735157,2.569328,1.75,63.981708,68.111202,55.574704,
06/30/2017,1361.548,1261.843,851.552,380.527,0.0,29.764,0.0,31.367,0.0,68.338,-675.399,278.982,113.415,21.7,143.867,13.074,322.396,2.659,0.0,58.288,686.149,-238.786,207.174,-92.017,123.629,447.363,-5.99,441.373,0.0,0.0,0.0,441.373,-4.315,382.824,-1.313,0.0,381.99,505.619,123.629,311.579301,1.23,1.23,1.622762,311.579301,1.23,1.23,1.622762,,318.585,135.476,,,,,-0.074,,,128.6,,-5.068,7.946,9.353,-28.696,-1.546,-24.188,,,,1.75,,,,
09/30/2017,1403.638,1284.531,861.184,386.713,0.0,36.634,0.0,28.946,0.0,90.161,-713.57,292.118,111.953,25.352,154.813,13.014,317.037,2.895,0.0,88.506,690.068,-82.922,199.032,-116.11,0.0,607.146,-14.511,592.634,0.0,0.0,0.0,592.635,-4.606,514.617,-1.313,0.0,513.783,513.783,0.0,310.853,1.65,1.65,1.65,310.853,1.65,1.65,1.65,,313.195,134.998,,,,,0.551,,1035.459,,1035.459,-11.851,10.943,8.982,-32.406,-1.459,-31.275,978.393,2.891536,2.732178,1.8,62.250654,65.881502,54.037427,
12/31/2017,1427.692,1320.112,880.475,386.767,0.0,52.87,0.0,30.4,0.0,77.18,-678.24,287.59,107.976,24.247,155.367,11.883,325.187,0.539,0.0,53.041,749.452,-83.269,204.986,-123.059,1.342,666.183,-6.362,659.82,0.0,0.0,0.0,659.821,-4.249,571.95,-1.313,0.0,571.116,572.458,1.342,310.855573,1.84,1.84,1.841556,310.855573,1.84,1.84,1.841556,,321.398,139.026,,,,1.342,-0.733,,1115.291,,1115.291,-7.42,9.725,9.197,-56.207,-1.425,-43.67,1025.491,3.11512,2.8643,1.85,59.387752,64.588207,51.563476,
03/31/2018,1394.182,1267.893,,,0.0,,0.0,28.181,0.0,98.108,-692.249,290.119,114.187,27.684,148.248,12.628,316.936,,,72.566,701.933,19.811,205.492,-90.026,-135.277,721.744,-6.22,715.524,0.0,0.0,0.0,715.524,-4.648,621.488,-1.313,0.0,620.654,620.654,0.0,310.583643,2.0,2.0,2.0,310.583643,2.0,2.0,2.0,,314.006,134.925,,,,-135.277,0.092,3.029,1026.338,,1026.338,-8.605,9.252,9.49,-33.578,-1.361,-37.156,964.38,2.871301,2.697966,1.95,67.91346,72.27666,59.009615,
06/30/2018,1385.059,1258.698,,,0.0,,0.0,28.541,0.0,97.82,-657.076,273.082,111.449,22.191,139.442,10.913,320.198,,0.0,52.883,727.983,-86.432,206.624,-100.828,-19.364,641.551,-10.137,631.414,0.0,0.0,0.0,631.414,-4.537,547.838,-1.313,0.0,547.004,537.332,-9.672,309.355,1.77,1.77,1.736943,309.355,1.77,1.77,1.736943,,317.364,137.279,,,,-9.672,-0.279,-9.692,1060.564,,1060.564,-43.845,13.843,15.138,-69.825,-2.79,-69.825,903.26,2.97759,2.535951,1.95,65.489202,76.894239,56.879382,
09/30/2018,1404.021,1284.674,,,0.0,,0.0,28.784,0.0,90.563,-681.178,298.656,119.315,23.632,155.709,12.172,316.175,,,54.175,722.843,-70.513,199.469,-134.408,5.452,652.33,-10.118,642.212,0.0,0.0,0.0,642.212,-4.38,557.101,-1.313,0.0,556.267,556.267,0.0,309.294045,1.8,1.8,1.8,309.294045,1.8,1.8,1.8,,313.245,131.573,,,,5.452,-0.497,,1086.292,,1086.292,-6.739,8.371,9.187,-49.331,-0.611,-51.557,995.612,3.050756,2.79609,2.0,65.557511,71.528467,56.944918,
12/31/2018,1462.027,1347.155,,,,,0.0,30.78,0.0,84.092,-691.515,297.349,112.79,26.081,158.478,10.83,329.145,,0.0,54.191,770.512,73.102,204.341,-149.987,-127.456,843.614,-10.422,833.192,0.0,0.0,0.0,833.192,-5.082,713.63,-1.313,0.0,712.796,568.917,-143.879,309.293708,2.3,2.3,1.839407,309.293708,2.3,2.3,1.834814,,326.273,129.818,,,,-120.84,-10.642,,1151.406,,1151.406,-6.732,2.873,6.593,-67.66,-1.428,-32.301,1052.751,3.230693,2.95388,2.0,61.906226,67.707559,53.724526,
03/31/2019,1452.834,1280.058,,,0.0,,0.0,27.544,0.0,145.232,-707.813,292.055,115.459,27.922,148.674,9.136,328.643,0.0,0.0,77.979,745.021,-102.972,198.733,-90.444,-5.317,642.049,-10.102,631.947,0.0,0.0,0.0,631.947,-4.882,549.309,-1.313,0.0,548.475,548.475,0.0,308.978053,1.78,1.78,1.78,308.978053,1.78,1.78,1.78,,325.938,134.63,,,,,0.917,-5.317,1081.92,,1081.92,-16.66,7.11,7.477,,-1.361,-42.142,1036.344,3.040997,2.912895,2.05,67.412091,70.376719,58.544533,
06/30/2019,1397.186,1298.567,,,0.0,,0.0,28.248,0.0,70.371,-716.555,279.303,115.914,21.85,141.539,10.359,352.606,,,74.287,680.631,-101.519,198.425,-106.542,9.636,579.112,-7.01,572.102,0.0,0.0,0.0,572.102,-4.935,496.158,-1.313,0.0,495.324,492.643,-2.681,308.709,1.6,1.6,1.595817,308.709,1.6,1.6,1.591315,,350.045,139.271,,,,-2.681,-0.4,12.317,1064.406,,1064.406,-27.185,6.733,7.661,-41.135,-1.429,-47.365,961.686,2.994177,2.705225,2.05,68.466224,75.779267,59.456021,
09/30/2019,1416.554,1308.908,,,0.0,,0.0,27.976,0.0,79.67,-711.252,300.328,118.031,23.979,158.318,8.032,334.944,,,67.948,705.302,-70.381,202.382,-119.706,-12.295,634.921,-6.197,628.724,0.0,0.0,0.0,628.724,-4.79,545.088,-1.313,0.0,544.254,534.113,-10.141,307.275,1.77,1.77,1.738225,307.275,1.77,1.77,1.736997,,332.456,138.116,,,,-12.295,-0.337,,1080.561,,1080.561,-22.11,7.304,7.871,-53.195,-1.304,-55.598,963.529,3.052105,2.721541,2.1,68.804982,77.162161,59.716897,
12/31/2019,1488.615,1356.238,,,,,0.0,29.174,0.0,103.203,-711.739,300.3,118.6,26.743,154.957,7.333,324.31,,0.0,79.796,776.876,-179.716,189.813,-127.657,117.56,597.16,-6.744,590.416,0.0,0.0,0.0,590.416,-4.834,511.028,-1.313,0.0,510.194,624.389,114.195,306.86896,1.66,1.66,2.034709,306.86896,1.66,1.66,2.03213,,321.404,139.579,,,,1.304,-1.172,,1045.384,100.9647,1008.1297,-24.952,5.883,5.086,-72.33,-1.382,-47.147,873.2877,3.285212,2.8458,2.1,63.922817,73.792967,61.644794,
03/31/2020,1353.36,1262.232,,,0.0,,0.0,29.166,0.0,61.962,-698.491,281.125,117.543,24.431,139.151,6.894,328.262,,,82.21,654.869,-155.248,187.627,-50.465,18.086,499.621,5.783,505.404,0.0,0.0,0.0,505.404,-4.464,438.439,-1.313,0.0,437.605,436.643,-0.962,306.504,1.43,1.43,1.424592,306.504,1.43,1.43,1.424592,,326.039,136.706,,,,-0.962,0.172,19.048,980.63,,851.002,-12.017,6.728,6.579,-18.388,-1.285,-44.22,788.399,2.776479,2.572231,2.1,75.635357,81.641199,65.637233,
06/30/2020,1062.041,1013.51,,,0.0,,0.0,21.035,0.0,27.496,-611.173,214.61,117.221,14.08,83.309,7.296,324.14,,0.0,65.127,450.868,-160.382,197.061,-44.322,7.643,290.486,0.062,290.548,0.0,0.0,0.0,290.548,-5.048,255.047,-1.313,0.0,254.213,262.058,7.845,305.882,0.83,0.83,0.856729,305.882,0.83,0.83,0.855647,,321.707,129.309,,,,7.845,3.628,-0.202,746.474,,647.937,2.623,5.166,6.496,-11.056,-1.157,4.18,654.189,2.118258,2.138697,1.3,61.371183,60.784666,53.269987,
09/30/2020,1148.333,,,,,,,,,,,,,,,,,,,,299.0,,,,,,,,,,,,,306.5,,,306.5,323.667,,,1.003,1.003,0.972,,1.003,1.003,0.972,,,,,,,,,,,,,,,,,,,,,,,,,,
12/31/2020,1158.667,,,,,,,,,,,,,,,,,,,,354.0,,,,,,,,,,,,,382.0,,,382.0,388.0,,,1.15,1.15,1.158,,1.15,1.15,1.158,,,,,,,,,,,,,,,,,,,,,,,,,,
