Date,Revenue,Sales & Services Revenue,Cost of Revenue,Cost of Goods & Services,Gross Profit,Other Operating Income,Operating Expenses,"Selling, General & Admin",Research & Development,Depreciation & Amortization,Other Operating Expense,Operating Income (Loss),Non-Operating (Income) Loss,"Interest Expense, Net",Interest Expense,Interest Income,Foreign Exch (Gain) Loss,(Income) Loss from Affiliates,Other Non-Op (Income) Loss,Pretax Income,Income Tax Expense (Benefit),Current Income Tax,Tax Allowance/Credit,Income (Loss) from Cont Ops,Net Extraordinary Losses (Gains),Discontinued Operations,XO & Accounting Changes,Income (Loss) Incl. MI,Minority Interest,"Net Income, GAAP",Preferred Dividends,Other Adjustments,"Net Income Avail to Common, GAAP","Net Income Avail to Common, Adj",Net Abnormal Losses (Gains),Basic Weighted Avg Shares,"Basic EPS, GAAP",Basic EPS from Cont Ops,"Basic EPS from Cont Ops, Adjusted",Diluted Weighted Avg Shares,"Diluted EPS, GAAP",Diluted EPS from Cont Ops,"Diluted EPS from Cont Ops, Adjusted",Source: Bloomberg
03/31/1990,420.022003,,-214.764008,,205.257996,,-154.591995,,,,,50.666,-21.738,,12.469,,,,9.269,28.928,-12.439,,,16.489,0.0,,,16.489,0.0,16.489,0.0,,16.489,16.489,,390.391998,0.0425,0.0425,,390.391998,0.0425,0.0425,0.0425,
06/30/1990,457.769989,,-232.302994,,225.466995,,-161.699997,,,,,63.766998,1.500999,,13.383,,,,-14.884,65.267998,-28.065001,,,37.202999,0.0,,,37.202997,0.0,37.202999,0.0,,37.202999,37.202999,,390.328003,0.095,0.095,,390.328003,0.095,0.095,0.095,
09/30/1990,502.785004,,-249.776001,,253.009003,,-163.432999,,,,,89.575996,28.589,,14.994,,,,-43.583,118.164996,-50.811001,,,67.353996,0.0,,,67.353995,0.0,67.353996,0.0,,67.353996,67.353996,,390.424011,0.1725,0.1725,,390.424011,0.1725,0.1725,0.1725,
12/31/1990,558.060974,,-243.815994,,314.24498,,-193.100998,,,,,121.143997,-30.917999,,14.781,,,,16.136999,90.225998,-38.797001,,,51.429001,0.0,,,51.428997,0.0,51.429001,0.0,,51.429001,51.429001,,390.488008,0.13125,0.13125,0.13125,390.488008,0.13125,0.13125,0.13125,
03/31/1991,428.450989,,-220.205994,,208.244995,,-159.934998,,,,,48.310001,-26.114,,12.954,,,,13.16,22.196001,-9.478,,,12.718,0.0,,,12.718001,0.0,12.718,0.0,,12.718,12.718,,390.528015,0.0325,0.0325,,390.528015,0.0325,0.0325,0.0325,
06/30/1991,456.923004,,-231.423004,,225.5,,-167.268997,,,,,58.230999,2.63,,11.703,,,,-14.333,60.860999,-25.987,,,34.874001,0.0,,,34.874,0.0,34.874001,0.0,,34.874001,34.874001,,390.824005,0.08875,0.08875,,390.824005,0.08875,0.08875,0.08875,
09/30/1991,489.519989,,-255.789993,,233.729996,,-165.580002,,,,,68.150002,27.939,,11.824,,,,-39.763,96.089002,-41.029999,,,55.058998,0.0,,,55.059003,0.0,55.058998,0.0,,55.058998,55.058998,,390.447998,0.14125,0.14125,,390.447998,0.14125,0.14125,0.14125,
12/31/1991,568.117981,,-271.005005,,297.112976,,-202.229996,,,,,94.883003,-15.722,,10.506,,,,5.216,79.161003,-33.801998,,,45.359001,0.0,,,45.359005,0.0,45.359001,0.0,,45.359001,45.359001,,390.368008,0.11625,0.11625,0.11625,390.368008,0.11625,0.11625,0.11625,
03/31/1992,454.808014,,-238.194,,216.614014,,-170.962997,,,,,45.651001,-24.072,,10.125,,,,13.947,21.579001,-9.214,,,12.365,124.587006,,,-112.222004,0.0,-112.222,0.0,,-112.222,-112.222,,390.936005,-0.2875,0.03125,,390.936005,-0.2875,0.03125,0.03125,
06/30/1992,484.274994,,-245.897003,,238.377991,,-174.0,,,,,64.377998,-0.164001,,9.208,,,,-9.044,64.213998,-27.42,,,36.793999,0.0,,,36.793998,0.0,36.793999,0.0,,36.793999,36.793999,,391.191986,0.09375,0.09375,,391.191986,0.09375,0.09375,0.09375,
09/30/1992,532.723999,,-272.306,,260.417999,,-183.787003,,,,,76.630997,26.866001,,9.459,,,,-36.325001,103.496998,-44.193001,,,59.304001,0.0,,,59.303997,0.0,59.304001,0.0,,59.304001,59.304001,,391.0,0.1525,0.1525,,391.0,0.1525,0.1525,0.1525,
12/31/1992,578.684021,,-282.674011,,296.01001,,-198.563995,,,,,97.445999,-19.449,,8.765,,,,10.684,77.996999,-33.305,,,44.692001,0.0,,,44.691999,0.0,44.692001,-0.001937,,44.690064,44.690064,,391.287992,0.11375,0.11375,0.11375,391.287992,0.11375,0.11375,0.11375,
03/31/1993,466.946991,,-245.520004,,221.426987,,-169.268997,,,,,52.158001,-25.544,,8.199,,,,17.344999,26.614001,-11.364,,,15.25,0.0,,,15.250001,0.0,15.25,0.0,,15.25,15.25,,392.503998,0.03875,0.03875,,392.503998,0.03875,0.03875,0.03875,
06/30/1993,490.907013,,-248.563004,,242.344009,,-177.531998,,,,,64.811996,6.936,,7.812,,,,-14.748,71.747997,-28.570999,,,43.176998,0.0,,,43.176998,0.0,43.176998,0.0,,43.176998,43.176998,,391.864014,0.11,0.11,,391.864014,0.11,0.11,0.11,
09/30/1993,554.968994,,-284.837006,,270.131989,,-180.406006,,,,,89.725998,-198.530005,,7.941,,,,190.589005,-108.804007,16.936001,,,-91.867996,0.0,,,-91.868006,0.0,-91.867996,0.0,,-91.867996,-91.867996,,393.056,-0.23375,-0.23375,,393.056,-0.23375,-0.23375,-0.23375,
12/31/1993,682.630005,,-349.661011,,332.968994,,-246.953003,,,,,86.015999,-9.295,,12.39,,,,-3.095,76.720999,-31.839001,,,44.882,0.0,,,44.881998,0.0,44.882,0.0,,44.882,44.882,,394.728,0.11375,0.11375,0.11375,394.728,0.11375,0.11375,0.11375,
03/31/1994,559.773987,,-295.854004,,263.919983,,-230.341003,,,,,33.578999,-8.125,,11.348,,,,-3.223,25.453999,-10.487,,,14.967,0.0,,,14.966999,0.0,14.967,0.0,,14.967,14.967,,395.559998,0.0375,0.0375,,395.559998,0.0375,0.0375,0.0375,
06/30/1994,648.278992,,-321.643005,,326.635986,,-237.647003,,,,,88.988998,-7.287,,12.698,,,,-5.411,81.701998,-33.660999,,,48.041,0.0,,,48.040999,0.0,48.041,0.0,,48.041,48.041,,395.536011,0.12125,0.12125,,395.536011,0.12125,0.12125,0.12125,
09/30/1994,855.517029,,-430.420013,,425.097015,,-263.536987,,,,,161.559998,-8.222,,14.224,,,,-6.002,153.337997,-63.175999,,,90.162003,0.0,,,90.161999,0.0,90.162003,0.0,,90.162003,90.162003,,396.29599,0.2275,0.2275,,396.29599,0.2275,0.2275,0.2275,
12/31/1994,697.299011,,-200.389008,,496.910003,,-405.378998,,,,,91.530998,-6.585,,13.476,,,,-6.891,84.945998,-34.997002,,,49.949001,0.0,,,49.948996,0.0,49.949001,0.0,,49.949001,49.949001,,397.088016,0.12625,0.12625,0.12625,397.088016,0.12625,0.12625,0.12625,
03/31/1995,568.547974,,-281.299988,,287.247986,,-256.100006,,,,,31.148001,-7.421,,12.79,,,,-5.369,23.727001,-9.776,,,13.951,0.0,,,13.951001,0.0,13.951,0.0,,13.951,13.951,,397.432007,0.035,0.035,0.035,397.432007,0.035,0.035,0.035,
06/30/1995,712.781982,,-324.338989,,388.442993,,-287.686005,,,,,100.757004,-10.893,,16.289,,,,-5.396,89.864004,-37.022999,,,52.841,0.0,,,52.841005,0.0,52.841,0.0,,52.841,52.841,,398.640015,0.1325,0.1325,0.1325,398.640015,0.1325,0.1325,0.1325,
09/30/1995,904.351013,,-365.511993,,538.83902,,-346.022003,,,,,192.817001,-12.847,,16.32,,,,-3.473,179.970002,-74.148003,,,105.821999,0.0,,,105.821999,0.0,105.821999,0.0,,105.821999,105.821999,,395.600006,0.2675,0.2675,0.2675,399.839996,0.265,0.265,0.265,
12/31/1995,749.60199,,-369.196991,,380.404999,,-302.475006,,,,,77.93,14.779999,,13.367,,,,-28.146999,92.709999,-38.196999,,,54.513,0.0,,,54.513,0.0,54.513,0.0,,54.513,54.513,,396.455992,0.1375,0.1375,0.1375,401.056,0.1375,0.1375,0.1375,
03/31/1996,583.851013,,-293.188995,,290.662018,,-257.226013,,,,,33.436001,-6.177,,11.419,,,,-5.242,27.259001,-11.067,,,16.191999,0.0,,,16.192001,0.0,16.191999,0.0,,16.191999,16.191999,,402.824005,0.04,0.04,0.04,402.824005,0.04,0.04,0.04,
06/30/1996,710.934021,,-327.075989,,383.858032,,-279.93399,,,,,103.924004,-7.684,,12.412,,,,-4.728,96.240004,-39.074001,,,57.166,0.0,,,57.166003,0.0,57.166,0.0,,57.166,57.166,,401.164001,0.1425,0.1425,0.1425,401.243988,0.14,0.14,0.14,
09/30/1996,949.008972,,-397.774994,,551.233978,,-350.233002,,,,,201.001007,-8.228,,13.075,,,,-4.847,192.773007,-78.264999,,,114.508003,0.0,,,114.508008,0.0,114.508003,0.0,,114.508003,114.508003,,394.855988,0.29,0.29,0.29,397.90799,0.2875,0.2875,0.2875,
12/31/1996,830.903015,,-426.988007,,403.915008,,-319.268005,,,,,84.647003,413.888,,10.75,,,,-424.638,498.535003,-190.667999,,,307.867004,0.0,,,307.867004,0.0,307.867004,0.0,,307.867004,307.867004,,397.247984,0.775,0.775,0.16,399.303984,0.77,0.77,0.155,
03/31/1997,652.934998,,-325.596008,,327.338989,,-294.604004,,,,,32.735001,-7.758,,11.384,,,,-3.626,24.977001,-9.991,,,14.986,0.0,,,14.986001,0.0,14.986,0.0,,14.986,14.986,,397.171997,0.035,0.035,0.035,399.588013,0.035,0.035,0.035,
06/30/1997,836.651978,,-371.484009,,465.167969,,-347.406006,,,,,117.762001,-9.169,,14.234,,,,-5.065,108.593001,-43.437,,,65.155998,0.0,,,65.156001,0.0,65.155998,0.0,,65.155998,65.155998,,397.59201,0.165,0.165,0.165,400.428009,0.165,0.165,0.165,
09/30/1997,1143.73999,,-510.345001,,633.394989,,-415.152008,,,,,218.242996,7.73,,15.299,,,,-23.028999,225.972996,-82.473999,,,143.498993,0.0,,,143.498997,0.0,143.498993,0.0,,143.498993,143.498993,,393.895996,0.365,0.365,0.365,397.600006,0.36,0.36,0.36,
12/31/1997,900.768005,,-431.951996,,468.816009,,-352.571014,,,,,116.245003,-4.522,,11.625,,,,-7.103,111.723003,-44.688999,,,67.033997,0.0,,,67.034004,0.0,67.033997,0.0,,67.033997,67.033997,,394.316008,0.17,0.17,0.17,394.660004,0.17,0.17,0.17,
03/31/1998,703.419983,,-358.575012,,344.844971,,-304.558014,,,,,40.286999,-7.273,,12.102,,,,-4.829,33.013999,-12.875,,,20.139,0.0,,,20.138999,0.0,20.139,0.0,,20.139,20.139,,395.556,0.05,0.05,0.05,399.164001,0.05,0.05,0.05,
06/30/1998,881.122009,,-390.203003,,490.919006,,-356.829987,,,,,134.089005,-6.48,,13.025,,,,-6.545,127.609005,-49.768002,,,77.841003,0.0,,,77.841003,0.0,77.841003,0.0,,77.841003,77.841003,,395.743988,0.195,0.195,0.195,399.335999,0.195,0.195,0.195,
09/30/1998,1206.425049,,-497.127991,,709.297058,,-455.523987,,,,,253.772995,23.940001,,,,0.0,,-23.940001,277.712996,-108.307999,,,169.404999,8.716,,,160.688997,0.0,160.688995,0.0,,160.688995,160.688995,,393.283997,0.41,0.43,0.43,397.115997,0.405,0.425,0.425,
12/31/1998,938.177979,,-384.428009,,553.749969,,-430.295013,,,,,123.455002,-1.369,,9.191,,,,-7.822,122.086002,-47.613998,,,74.472,0.0,,,74.472003,0.0,74.472,0.0,,74.472,74.472,,392.347992,0.19,0.19,0.19,396.515991,0.185,0.185,0.185,
03/31/1999,716.471008,,-351.080994,,365.390015,,-320.457001,,,,,44.932999,-4.855,,9.441,,0.0,,-4.586,40.077999,-15.63,,,24.448,0.0,,,24.447999,0.0,24.448,0.0,,24.448,24.448,,393.694,0.06,0.06,0.06,398.660004,0.06,0.06,0.06,
06/30/1999,922.721008,,-410.041992,,512.679016,,-359.649994,,,,,153.029007,-5.455999,,10.296,,0.0,,-4.84,147.573008,-57.553001,,,90.019997,0.0,,,90.020006,0.0,90.019997,0.0,,90.019997,90.019997,,394.200012,0.23,0.23,0.23,398.769989,0.225,0.225,0.225,
09/30/1999,1318.477051,,-508.746002,,809.731049,,-491.678009,,,,,318.053009,-5.69,,12.591,,0.0,,-6.901,312.363009,-121.821999,,,190.541,0.0,,,190.541011,0.0,190.541,0.0,,190.541,190.541,,392.208008,0.485,0.485,0.485,396.156006,0.48,0.48,0.48,
12/31/1999,1034.328003,,-468.256012,,566.071991,,-406.049011,,,,,160.022995,37.937001,,9.685,,0.0,,-47.622002,197.959996,-77.205002,,,120.754997,0.0,,,120.754994,0.0,120.754997,0.0,,120.754997,120.754997,,391.182007,0.31,0.31,0.25,395.544006,0.305,0.305,0.245,
03/31/2000,784.213989,,,,,,-729.346985,,,,,54.867001,15.693999,,9.345,,0.0,,-25.039,70.561,-27.166,,,43.395,68.122002,,,-24.727002,0.0,-24.726999,0.0,0.0,-24.726999,-24.726999,,388.782013,-0.065,0.11,0.085,392.208008,-0.065,0.11,0.085,
06/30/2000,1015.924011,,,,,,-839.088989,,,,,176.835007,-3.125,,11.238,,0.0,,-8.113,173.710007,-66.877998,,,106.832001,0.0,,,106.832008,0.0,106.832001,0.0,0.0,106.832001,106.832001,,387.410004,0.275,0.275,0.275,390.880005,0.275,0.275,0.275,
09/30/2000,1394.469971,,,,,,-1044.581055,,,,,349.889008,-15.035,,15.035,,0.0,,0.0,334.854008,-134.977005,,,215.610992,0.0,,,199.877003,0.0,215.610992,0.0,0.0,215.610992,215.610992,,388.976013,0.555,0.555,0.555,393.700012,0.55,0.55,0.55,
12/31/2000,1086.36,,,,,,,,,,,189.706,-17.223,,,,,,17.223,172.483,-66.405,,,106.078,,,,106.078,,106.078,,,106.078,106.078,,388.954,0.275,0.275,0.275,393.112,0.27,-0.27,-0.27,
03/31/2001,846.396973,,,,,,-808.38501,,,,,38.012001,-4.855999,,16.879999,,0.0,,-12.024,33.156002,-12.765,,,20.391001,0.0,,,20.391002,0.0,20.391001,0.0,0.0,20.391001,20.391001,,387.914001,0.055,0.055,0.045,391.925995,0.05,0.05,0.04,
06/30/2001,1149.469971,,,,,,-969.343994,,,,,180.126007,-6.097,,16.021,,0.0,,-9.924,174.029007,-54.032001,,,119.997002,0.0,,,119.997005,0.0,119.997002,0.0,0.0,119.997002,119.997002,,389.141998,0.31,0.31,0.3,393.924011,0.305,0.305,0.295,
09/30/2001,1535.099976,,,,,,-1148.088989,,,,,387.010986,2.401,,13.558,,0.0,,-15.959,389.411986,-149.923996,,,239.488007,0.0,,,239.48799,0.0,239.488007,0.0,0.0,239.488007,239.488007,,387.783997,0.62,0.62,0.62,391.359985,0.61,0.61,0.61,
12/31/2001,1114.567993,,,,,,-1095.827026,,,,,18.740999,-0.28,,8.611,,0.0,,-8.331,18.460999,-21.306,,,-2.845,0.0,,,-2.845,0.0,-2.845,0.0,0.0,-2.845,-2.845,,386.138,-0.005,-0.005,0.28,388.84201,-0.005,-0.005,0.28,
03/31/2002,830.54303,,-392.201,,438.34203,,-785.481018,,,,,45.062,0.719,6.422,6.422,,0.0,,-7.141,45.781,-17.167999,,,28.613001,-0.589,,,29.202001,0.0,29.202,0.0,0.0,29.202,29.202,,385.778016,0.075,0.075,0.075,389.93399,0.075,0.075,0.075,
06/30/2002,1175.270996,,,,,,-960.846008,,,,,214.425995,2.195,,7.151,,0.0,,-9.346,216.620995,-81.233002,,,135.388,-1.082,,,136.469993,0.0,136.470001,0.0,0.0,136.470001,136.470001,,386.533996,0.355,0.35,0.35,390.100006,0.35,0.345,0.345,
09/30/2002,1560.930054,,,,,,-1132.911011,,,,,428.019012,-6.49,,5.965,,0.0,,0.525,421.529012,-146.979004,,,274.549988,-1.669,,,276.219008,0.0,276.218994,0.0,0.0,276.218994,276.218994,,386.059998,0.715,0.715,0.71,388.921998,0.71,0.71,0.705,
12/31/2002,1073.440002,,,,,,,,,,,213.745007,-0.281,,2.979,,0.0,,-2.698,213.464007,-80.048981,,,133.415014,-1.454,,,134.869026,0.0,134.869015,0.0,0.0,134.869015,134.869015,,385.776,0.35,0.345,0.345,385.776,0.345,0.34,0.34,
03/31/2003,830.814026,,,,,,-768.916016,,,,,61.897999,1.375,,2.679,,0.0,,-4.054,63.272999,-23.41,,,39.862999,-55.531998,,,95.394997,0.0,95.394997,0.0,0.0,95.394997,95.394997,,381.865997,0.25,0.105,0.105,383.963989,0.25,0.105,0.105,
06/30/2003,1172.019043,,,,,,-946.77301,,,,,225.246002,1.412,,2.673,,0.0,,-4.085,226.658002,-83.862999,,,142.794998,0.76,,,142.035003,0.0,142.035004,0.0,0.0,142.035004,142.035004,,379.660004,0.375,0.375,0.375,382.548004,0.37,0.375,0.375,
09/30/2003,1602.666992,,,,,,-1141.435059,,,,,461.231995,-2.026,,2.026,,0.0,,0.0,459.205995,-169.906998,,,289.299011,-0.997,,,290.295997,0.0,290.29599,0.0,0.0,290.29599,290.29599,,381.048004,0.76,0.76,0.76,384.109985,0.755,0.755,0.755,
12/31/2003,1250.631775,,-2018.449951,,-767.818176,,1021.308106,,,,,253.48999,131.481006,,,,0.0,,-131.481006,384.970996,-166.703006,,,218.267959,58.343997,,,159.923993,0.0,159.924033,0.0,0.0,159.924033,159.924033,,381.362026,0.42,0.57,0.415,385.41806,0.415,0.565,0.415,
03/31/2004,911.575012,,,,,,-820.526978,,,,,91.047997,-1.737,,1.737,,0.0,,0.0,89.310997,-13.045,,,76.265999,0.587,,,75.678996,0.0,75.679001,0.0,0.0,75.679001,75.679001,,381.161987,0.2,0.2,0.15,386.980011,0.195,0.195,0.145,
06/30/2004,1230.300049,,,,,,-965.237,,,,,265.059998,-2.161,,2.161,,0.0,,0.0,262.898998,-97.273003,,,165.626007,0.0,,,165.625995,0.0,165.626007,0.0,0.0,165.626007,165.626007,,379.179993,0.435,0.435,0.435,385.213989,0.43,0.43,0.43,
09/30/2004,1722.876,,-649.163,,1073.713,,-556.797,,,,,516.916,-1.867,1.867,1.867,,0.0,,0.0,515.049,-190.568,,,324.481,0.0,,,324.481,0.0,324.481,0.0,0.0,324.481,324.481,,378.76,0.86,0.86,0.86,384.112,0.85,0.85,0.85,
12/31/2004,1361.833,,,,,,-1060.167,,,,,301.666,-0.02,,0.02,,0.0,,0.0,301.646,-111.609,,,190.037,0.0,,,190.037,0.0,190.037,0.0,0.0,190.037,190.037,,379.27,0.495,0.495,0.495,386.608,0.485,0.485,0.485,
03/31/2005,1029.006,,-430.727,,598.279,,-472.605,,,,,125.674,-0.698,0.698,0.698,,0.0,,0.0,124.976,-46.241,,,78.735,0.0,,,78.735,0.0,78.735,0.0,0.0,78.735,78.735,,378.83,0.21,0.21,0.21,386.6,0.205,0.205,0.205,
06/30/2005,1456.277,,-574.441,,881.836,,-567.863,,,,,313.973,-3.512,3.512,3.512,,0.0,,0.0,310.461,-115.491,,,194.97,0.0,,,194.97,0.0,194.97,0.0,0.0,194.97,194.97,,373.534,0.52,0.52,0.55,380.047,0.51,0.51,0.54,
09/30/2005,1977.041,,-722.003,,1255.038,,-651.841,,,,,603.197,3.95,2.808,2.808,,0.0,,-6.758,607.147,-225.858,,,381.289,0.0,,,381.289,0.0,381.289,0.0,0.0,381.289,381.289,,373.552,1.02,1.02,1.02,381.163,1.0,1.0,1.0,
12/31/2005,1541.318,,-589.163,,952.155,,-631.071,,,,,321.084,-0.074,-1.816,,,0.0,,1.89,321.01,-128.066,,,189.312,0.0,,,192.944,0.0,189.312,0.0,0.0,189.312,189.312,,374.001,0.51,0.51,0.57,382.362,0.5,0.5,0.56,
03/31/2006,1140.679,,-481.485,,659.194,,-543.52,,,,,115.674,2.509,-2.509,,,0.0,,0.0,118.183,-43.963,,,74.22,0.0,,,74.22,0.0,74.22,0.0,0.0,74.22,74.22,,367.456,0.2,0.2,0.24,377.333,0.2,0.2,0.24,
06/30/2006,1527.543,,-586.476,,941.067,,-580.664,,,,,360.403,-8.555,8.555,8.555,,0.0,,0.0,351.848,-130.887,,,220.961,0.0,,,220.961,0.0,220.961,0.0,0.0,220.961,220.961,,355.783,0.62,0.62,0.62,365.507,0.6,0.6,0.6,
09/30/2006,1992.569946,,-712.257019,,1280.312927,,-664.083984,,,,,616.229004,-7.515,7.515,7.515,,0.0,,0.0,608.714004,-226.440994,,,382.27301,0.0,,,382.27301,0.0,382.27301,0.0,0.0,382.27301,382.27301,,351.139008,1.09,1.09,1.12,360.934998,1.06,1.06,1.09,
12/31/2006,1594.346,,-1268.198,,326.148,,,,,,,326.148,-0.07,0.07,0.07,,0.0,,0.0,326.078,-121.301,,,204.777,0.0,,,204.777,0.0,204.777,0.0,0.0,204.777,204.777,,352.965,0.58,0.58,0.65,364.16,0.56,0.56,0.63,
03/31/2007,1296.418,,-504.382,,792.036,,-559.855,,,,,232.181,-1.204,1.204,1.204,,0.0,,0.0,230.977,-87.139,,,143.838,0.0,,,143.838,0.0,143.838,0.0,0.0,143.838,143.838,,351.215,0.41,0.41,0.3807,361.497,0.4,0.4,0.3707,
06/30/2007,1718.179,,-634.801,,1083.378,,-627.953,,,,,455.425,-12.099,12.099,12.099,,0.0,,0.0,443.326,-166.248,,,277.078,0.0,,,277.078,0.0,277.078,0.0,0.0,277.078,277.078,,340.183,0.81,0.81,0.81,350.298,0.79,0.79,0.79,
09/30/2007,2187.996,,-766.891,,1421.105,,-682.453,,,,,738.652,-15.423,15.423,15.423,,0.0,,0.0,723.229,-271.211,,,452.018,0.0,,,452.018,0.0,452.018,0.0,0.0,452.018,452.018,,330.249,1.37,1.37,1.37,337.733,1.34,1.34,1.34,
12/31/2007,1569.688,,-1332.833,,236.855,0.0,,,,,,236.855,-23.71,11.855,11.855,,0.0,,11.855,213.145,-84.375,,,128.77,0.0,,,128.77,0.0,128.77,0.0,0.0,128.77,128.77,,324.35,0.43,0.43,0.51,330.765,0.43,0.43,0.51,
03/31/2008,1217.871,,-508.311,,709.56,0.0,-558.5,516.773,,,41.727,151.06,-17.83,17.83,17.83,,,,0.0,133.23,-48.667,,,84.563,,,,84.563,-3.453,81.11,0.0,0.0,81.11,81.11,,319.945,0.25,0.25,0.25,323.4,0.25,0.25,0.25,
06/30/2008,1673.225,,-647.154,,1026.071,0.0,-661.39,617.835,,,43.555,364.681,-20.354,20.354,20.354,,,,0.0,344.327,-127.377,,,216.95,0.0,,,216.95,-4.656,212.294,0.0,0.0,212.294,212.294,,317.746,0.67,0.67,0.67,321.087,0.66,0.66,0.66,
09/30/2008,2048.541,,-755.088,,1293.453,0.0,-640.537,596.948,,,43.589,652.916,-22.002,22.002,22.002,,,,0.0,630.914,-234.099,,,396.815,0.0,,,396.815,-6.649,390.166,0.0,0.0,390.166,390.166,,313.105,1.25,1.25,1.25,317.203,1.23,1.23,1.23,
12/31/2008,1415.418,,-1209.391,,206.027,0.0,,,,,,206.027,-15.438,,,,,,15.438,190.589,-69.552,,,121.037,,,,121.037,-5.116,115.921,0.0,0.0,115.921,115.921,17.095,311.215,0.37,0.37,0.424929,312.834,0.37,0.37,0.424645,
03/31/2009,1148.207,1148.207,-488.939,488.939,659.268,0.0,-534.927,491.311,,43.616,0.0,124.341,-20.591,20.591,,,,,0.0,103.75,-37.765,,,65.985,0.0,0.0,0.0,65.985,-2.981,63.004,0.0,0.0,63.004,63.004,0.0,312.017,0.2,0.2,0.2,312.017,0.2,0.2,0.2,
06/30/2009,1465.18,1465.18,-582.505,582.505,882.675,0.0,-586.348,546.126,,40.222,0.0,296.327,-32.348,18.499,,,,,13.849,263.979,-96.088,,,167.891,0.0,0.0,0.0,167.891,-3.798,164.093,0.0,0.0,164.093,182.593,18.5,312.226,0.53,0.53,0.58481,313.033,0.52,0.52,0.579099,
09/30/2009,1875.903,1875.903,-735.88,735.88,1140.023,0.0,-584.058,546.961,,37.097,0.0,555.965,-17.827,17.827,,,,,0.0,538.138,-195.882,,,342.256,0.0,0.0,0.0,342.256,-6.145,336.111,0.0,0.0,336.111,336.111,0.0,312.471,1.08,1.08,1.08,313.642,1.07,1.07,1.07,
12/31/2009,1462.492,1462.492,-578.683,578.683,883.809,10.545,-601.402,556.853,,44.549,0.0,292.952,-19.95,19.95,,,,,0.0,273.002,-99.373,,,173.629,0.0,0.0,0.0,173.629,-6.335,167.294,0.0,0.0,167.294,160.594,-6.7,312.687,0.54,0.54,0.513593,314.482,0.53,0.53,0.508695,
03/31/2010,1190.4,1190.4,-476.2,476.2,714.2,0.0,-523.9,488.0,,35.9,0.0,190.3,-22.1,22.1,,,,,0.0,168.2,-61.2,,,107.0,0.0,0.0,0.0,107.0,-3.7,103.3,0.0,0.0,103.3,103.3,0.0,313.4,0.33,0.33,0.33,316.3,0.33,0.33,0.33,
06/30/2010,1474.1,1474.1,-560.9,560.9,913.2,0.0,-586.9,547.7,,39.2,0.0,326.3,-20.9,20.9,,,,,0.0,305.4,-111.2,,,194.2,0.0,0.0,0.0,194.2,-3.1,191.1,0.0,0.0,191.1,191.1,0.0,311.2,0.61,0.61,0.61,313.2,0.61,0.61,0.61,
09/30/2010,1956.2,1956.2,-708.0,708.0,1248.2,11.1,-629.3,597.6,,31.7,0.0,630.0,-19.3,19.3,,,,,0.0,610.7,-221.7,,,389.0,-0.7,-0.7,0.0,389.7,-9.8,379.9,0.0,0.0,379.9,375.078,-4.122,307.2,1.24,1.23,1.220957,309.3,1.23,1.23,1.216673,
12/31/2010,1496.0,1496.0,-549.9,549.9,946.1,0.0,-679.1,600.7,,34.2,44.2,267.0,-19.0,19.0,,,,,0.0,248.0,-90.0,,,158.0,-3.0,-3.0,0.0,161.0,-7.0,154.0,0.0,0.0,154.0,168.55,17.55,306.0,0.5,0.49,0.550817,310.0,0.5,0.49,0.54,
03/31/2011,1261.0,1261.0,-503.0,503.0,758.0,0.0,-542.0,503.0,,39.0,0.0,216.0,-19.0,19.0,,,,,0.0,197.0,-72.0,,,125.0,1.0,1.0,0.0,124.0,-4.0,120.0,0.0,0.0,120.0,121.0,0.0,305.2,0.39,0.4,0.4,309.6,0.39,0.39,0.39,
06/30/2011,1557.0,1557.0,-593.0,593.0,964.0,13.0,-619.0,580.0,,39.0,0.0,358.0,-20.0,20.0,,,,,0.0,338.0,-122.0,,,216.0,0.0,0.0,0.0,216.0,-5.0,211.0,0.0,0.0,211.0,211.0,0.0,303.6,0.7,0.7,0.7,309.2,0.68,0.68,0.68,
09/30/2011,1908.0,1908.0,-711.0,711.0,1197.0,0.0,-590.0,552.0,,38.0,0.0,607.0,-18.0,18.0,,,,,0.0,589.0,-214.0,,,375.0,1.0,1.0,0.0,374.0,-8.0,366.0,0.0,0.0,366.0,358.55,-8.45,297.8,1.23,1.23,1.203996,303.6,1.21,1.21,1.182167,
12/31/2011,1004.0,1004.0,,,,0.0,-804.0,,,,804.0,200.0,-19.0,19.0,,,,,0.0,181.0,-68.0,,,113.0,-108.0,-108.0,0.0,221.0,-7.0,214.0,0.0,0.0,214.0,133.3,27.3,286.2,0.75,0.38,0.465758,292.4,0.73,0.37,0.463365,
03/31/2012,1035.0,1035.0,-361.0,361.0,674.0,0.0,-392.0,361.0,,31.0,0.0,282.0,-21.0,21.0,,,,,0.0,261.0,-98.0,,,163.0,36.0,36.0,0.0,127.0,-4.0,123.0,0.0,0.0,123.0,177.85,18.85,278.0,0.44,0.57,0.639748,283.8,0.43,0.56,0.62642,
06/30/2012,1072.0,1072.0,-351.0,351.0,721.0,0.0,-413.0,379.0,,34.0,0.0,308.0,-21.0,21.0,,,,,0.0,287.0,-107.0,,,180.0,-40.0,-40.0,0.0,220.0,-4.0,216.0,0.0,0.0,216.0,201.35,25.35,279.7,0.77,0.63,0.719878,285.3,0.76,0.62,0.708854,
09/30/2012,1116.0,1116.0,-367.0,367.0,749.0,0.0,-474.0,435.0,,39.0,0.0,275.0,-21.0,21.0,,,,,0.0,254.0,-82.0,,,172.0,-165.0,-165.0,0.0,337.0,-23.0,314.0,0.0,0.0,314.0,237.4,88.4,278.7,1.13,0.54,0.851812,284.6,1.1,0.53,0.840611,
12/31/2012,1226.0,,-407.0,,819.0,0.0,-472.0,,,,,347.0,-18.0,18.0,,,,,0.0,329.0,-118.0,,,211.0,404.0,,,-193.0,-23.0,-216.0,0.0,0.0,-216.0,173.05,,277.9,-0.78,0.68,0.622706,284.7,-0.78,0.67,0.617489,
03/31/2013,1181.0,1181.0,-374.0,374.0,807.0,0.0,-529.0,494.0,,35.0,0.0,278.0,-15.0,15.0,,,,,0.0,263.0,-89.0,,,174.0,-581.0,-581.0,0.0,755.0,-20.0,735.0,0.0,0.0,735.0,232.65,78.65,280.5,2.62,0.55,0.829412,284.3,2.59,0.54,0.816644,
06/30/2013,1250.0,1250.0,-395.0,395.0,855.0,0.0,-419.0,384.0,,35.0,0.0,436.0,-16.0,16.0,,,,,0.0,420.0,-147.0,,,273.0,-4.0,-4.0,0.0,277.0,-23.0,254.0,0.0,0.0,254.0,257.0,7.0,274.3,0.93,0.91,0.93693,278.3,0.91,0.9,0.925153,
09/30/2013,1152.0,1152.0,-371.0,371.0,781.0,24.0,-410.0,377.0,,33.0,0.0,395.0,-14.0,14.0,,,,,0.0,381.0,-123.0,,,258.0,13.0,13.0,0.0,245.0,-30.0,215.0,0.0,0.0,215.0,223.45,-4.55,272.8,0.79,0.83,0.819098,278.8,0.77,0.82,0.80368,
12/31/2013,1206.0,1206.0,-422.0,422.0,784.0,0.0,-513.0,378.0,,34.0,101.0,271.0,-14.0,14.0,,,,,0.0,257.0,-75.0,,,182.0,-6.0,-6.0,0.0,188.0,-17.0,171.0,0.0,0.0,171.0,216.35,51.35,270.4,0.63,0.61,0.800111,278.0,0.62,0.6,0.784712,
03/31/2014,1196.0,1196.0,-396.0,396.0,800.0,0.0,-380.0,347.0,,33.0,0.0,420.0,-14.0,14.0,,,,,0.0,406.0,-138.0,,,268.0,-7.0,-7.0,0.0,275.0,-27.0,248.0,0.0,0.0,248.0,241.0,0.0,271.8,0.91,0.89,0.89,277.2,0.89,0.87,0.87,
06/30/2014,1302.0,1302.0,-407.0,407.0,895.0,0.0,-419.0,376.0,,34.0,9.0,476.0,-14.0,14.0,,,,,0.0,462.0,-152.0,,,310.0,-6.0,-6.0,0.0,316.0,-24.0,292.0,0.0,0.0,292.0,292.5,6.5,271.5,1.08,1.05,1.077348,276.1,1.06,1.04,1.063542,
09/30/2014,1263.0,1263.0,-402.0,402.0,861.0,0.0,-495.0,462.0,,33.0,0.0,366.0,-12.0,12.0,,,,,0.0,354.0,-139.0,,,215.0,-2.0,-2.0,0.0,217.0,-27.0,190.0,0.0,0.0,190.0,227.0,39.0,270.9,0.7,0.69,0.837948,275.4,0.69,0.68,0.821612,
12/31/2014,1290.0,1290.0,-397.0,397.0,893.0,0.0,-2041.0,1944.0,,34.0,63.0,-1148.0,-19.0,19.0,,,,,0.0,-1167.0,183.0,,,-984.0,-163.0,-163.0,0.0,-821.0,-25.0,-846.0,0.0,0.0,-846.0,26.45,1035.45,271.7,-3.11,-3.71,0.09735,271.7,-3.11,-3.71,0.09735,
03/31/2015,1273.0,1273.0,-410.0,410.0,863.0,0.0,-362.0,329.0,,33.0,0.0,501.0,-16.0,16.0,,,,0.0,0.0,485.0,-156.0,,,329.0,0.0,0.0,0.0,329.0,-26.0,303.0,0.0,0.0,303.0,299.1,-3.9,273.5,1.11,1.11,1.093601,276.3,1.1,1.1,1.085885,
06/30/2015,1342.0,1342.0,-412.0,412.0,930.0,11.0,-359.0,326.0,,33.0,0.0,582.0,-16.0,16.0,,,,0.0,0.0,566.0,-185.0,,,381.0,0.0,0.0,0.0,381.0,-28.0,353.0,0.0,0.0,353.0,332.85,-20.15,273.1,1.29,1.29,1.218784,275.7,1.28,1.28,1.206913,
09/30/2015,1324.0,1324.0,-419.0,419.0,905.0,0.0,-495.0,458.0,,37.0,0.0,410.0,-30.0,30.0,,,,,0.0,380.0,-99.0,,,281.0,0.0,0.0,0.0,281.0,-29.0,252.0,0.0,0.0,252.0,245.908196,-6.091804,271.3,0.93,0.93,0.906407,274.4,0.92,0.92,0.8978,
12/31/2015,1374.0,1374.0,-481.0,481.0,893.0,0.0,-469.0,415.0,,54.0,0.0,424.0,-40.0,40.0,,,,,0.0,384.0,-108.0,,,276.0,0.0,0.0,0.0,276.0,-28.0,248.0,0.0,0.0,248.0,283.1,35.1,268.5,0.92,0.92,1.054376,272.1,0.91,0.91,1.038997,
03/31/2016,1341.0,1341.0,-453.0,453.0,888.0,0.0,-376.0,334.0,,42.0,0.0,512.0,-40.0,40.0,,,,0.0,0.0,472.0,-149.0,,,323.0,0.0,0.0,0.0,323.0,-29.0,294.0,0.0,0.0,294.0,304.0,10.0,265.0,1.11,1.11,1.14717,267.2,1.1,1.1,1.137425,
06/30/2016,1482.0,1482.0,-469.0,469.0,1013.0,0.0,-362.0,317.0,,45.0,0.0,651.0,-42.0,42.0,,,,0.0,0.0,609.0,-197.0,,,412.0,0.0,0.0,0.0,412.0,-29.0,383.0,0.0,0.0,383.0,369.35,-13.65,264.5,1.45,1.45,1.396408,266.7,1.44,1.44,1.388819,
09/30/2016,1439.0,1439.0,-431.0,431.0,1008.0,0.0,340.0,337.0,,45.0,-722.0,1348.0,-39.0,39.0,,,,0.0,0.0,1309.0,-386.0,,,923.0,0.0,0.0,0.0,923.0,-31.0,892.0,0.0,0.0,892.0,359.468265,-532.531735,262.9,3.39,3.39,1.367319,265.3,3.36,3.36,1.352719,
12/31/2016,1399.0,1399.0,-420.0,420.0,979.0,0.0,-149.0,479.0,,49.0,-379.0,830.0,-32.0,60.0,,,,,-28.0,798.0,-228.0,,,570.0,0.0,0.0,0.0,570.0,-33.0,537.0,0.0,0.0,537.0,359.55,-177.45,258.9,2.07,2.07,1.38876,261.6,2.05,2.05,1.371674,
03/31/2017,1453.0,1453.0,-411.0,411.0,1042.0,0.0,-403.0,360.0,,43.0,0.0,639.0,-28.0,37.0,,,,0.0,-9.0,611.0,-181.0,,,430.0,0.0,0.0,0.0,430.0,-31.0,399.0,0.0,0.0,399.0,407.0,8.0,258.2,1.54,1.54,1.576297,260.8,1.53,1.53,1.560675,
06/30/2017,1509.0,1509.0,-432.0,432.0,1077.0,0.0,-409.0,364.0,,45.0,0.0,668.0,-28.0,37.0,,,,0.0,-9.0,640.0,-183.0,,,457.0,0.0,0.0,0.0,457.0,-36.0,421.0,0.0,0.0,421.0,429.0,8.0,257.3,1.63,1.63,1.667314,259.9,1.62,1.62,1.650781,
09/30/2017,1513.0,1513.0,-419.0,419.0,1094.0,0.0,-445.0,399.0,,46.0,0.0,649.0,-28.0,37.0,,,,0.0,-9.0,621.0,-169.0,,,452.0,0.0,0.0,0.0,452.0,-38.0,414.0,0.0,0.0,414.0,426.0,12.0,255.5,1.62,1.62,1.667319,257.9,1.61,1.61,1.65653,
12/31/2017,1589.0,1589.0,-433.0,433.0,1156.0,0.0,-529.0,482.0,0.0,46.0,1.0,627.0,-38.0,39.0,,,0.0,0.0,-1.0,589.0,-290.0,,,299.0,0.0,0.0,0.0,299.0,-36.0,263.0,0.0,0.0,263.0,479.0,216.0,254.4,1.03,1.03,1.882862,257.0,1.02,1.02,1.860467,
03/31/2018,1567.0,1567.0,-430.0,430.0,1137.0,0.0,-426.0,381.0,,45.0,0.0,711.0,-30.0,34.0,,,0.0,,-4.0,681.0,-147.0,,,534.0,0.0,0.0,0.0,534.0,-43.0,491.0,0.0,0.0,491.0,491.0,0.0,252.4,1.94,1.94,1.94,254.4,1.93,1.93,1.93,
06/30/2018,1609.0,1609.0,-441.0,441.0,1168.0,0.0,-496.0,444.0,,52.0,0.0,672.0,-15.0,26.0,,,,,-11.0,657.0,-156.0,,,501.0,0.0,0.0,0.0,501.0,-40.0,461.0,0.0,0.0,461.0,525.0,64.0,251.1,1.83,1.83,2.0908,253.3,1.82,1.82,2.072665,
09/30/2018,1546.0,1546.0,-410.0,410.0,1136.0,0.0,-432.0,379.0,,53.0,0.0,704.0,-32.0,38.0,,,,0.0,-6.0,672.0,-137.0,,,535.0,0.0,0.0,0.0,535.0,-40.0,495.0,0.0,0.0,495.0,526.0,31.0,251.3,1.97,1.97,2.093116,253.5,1.95,1.95,2.072288,
12/31/2018,1536.0,1536.0,-411.0,411.0,1125.0,1.0,-422.0,367.0,,55.0,0.0,704.0,-34.0,36.0,,,0.0,0.0,-2.0,670.0,-119.0,119.0,,551.0,0.0,0.0,0.0,551.0,-39.0,512.0,0.0,0.0,512.0,536.0,24.0,249.0,2.06,2.06,2.15261,251.5,2.03,2.03,2.125427,
03/31/2019,1571.0,1571.0,-473.0,473.0,1098.0,0.0,-393.0,341.0,,52.0,0.0,705.0,-139.0,36.0,,,0.0,,103.0,566.0,-113.0,,,453.0,0.0,0.0,0.0,453.0,-43.0,410.0,0.0,0.0,410.0,500.0,90.0,246.7,1.66,1.66,2.026753,248.3,1.65,1.65,2.012465,
06/30/2019,1704.0,1704.0,-452.0,452.0,1252.0,0.0,-439.0,387.0,,52.0,0.0,813.0,-31.0,37.0,,,0.0,0.0,-6.0,782.0,-180.0,,,602.0,0.0,0.0,0.0,602.0,-47.0,555.0,0.0,0.0,555.0,579.0,24.0,246.1,2.25,2.25,2.352702,247.4,2.24,2.24,2.337009,
09/30/2019,1689.0,1689.0,-438.0,438.0,1251.0,0.0,-360.0,360.0,,49.0,-49.0,891.0,-40.0,32.0,,,0.0,0.0,8.0,851.0,-189.0,,,662.0,0.0,0.0,0.0,662.0,-45.0,617.0,0.0,0.0,617.0,583.0,-34.0,245.0,2.52,2.52,2.379592,246.5,2.5,2.5,2.362069,
12/31/2019,1735.0,1735.0,-464.0,464.0,1271.0,0.0,-453.0,402.0,0.0,51.0,0.0,818.0,-87.0,93.0,93.0,0.0,0.0,0.0,-6.0,731.0,-146.0,146.0,0.0,585.0,0.0,0.0,0.0,585.0,-44.0,541.0,0.0,0.0,541.0,598.0,57.0,244.0,2.22,2.22,2.45082,245.6,2.2,2.2,2.432085,
03/31/2020,1786.0,1786.0,-521.0,521.0,1265.0,0.0,-353.0,311.0,,49.0,-7.0,912.0,-35.0,34.0,34.0,0.0,,,1.0,877.0,-188.0,,,689.0,0.0,0.0,0.0,689.0,-50.0,639.0,0.0,0.0,639.0,643.0,4.0,242.1,2.64,2.64,2.655927,243.3,2.62,2.62,2.636441,
06/30/2020,1943.0,1943.0,-493.0,493.0,1450.0,0.0,-345.0,295.0,,51.0,-1.0,1105.0,-30.0,40.0,40.0,0.0,,0.0,-10.0,1075.0,-233.0,,,842.0,0.0,0.0,0.0,842.0,-50.0,792.0,0.0,0.0,792.0,797.0,5.0,240.9,3.29,3.29,3.308427,241.9,3.28,3.28,3.30067,
09/30/2020,1719.643,,,,1242.73440681,,,,,,,867.455,,,,,,,,827.8,,,,574.5,,,,,,574.5,,,574.5,593.1,,,2.857,2.857,2.472,,2.857,2.857,2.472,
12/31/2020,1725.786,,,,1259.4786228,,,,,,,845.273,,,,,,,,810.6,,,,568.25,,,,,,568.25,,,568.25,580.2,,,2.816,2.816,2.417,,2.816,2.816,2.417,
