Date,Revenue,Sales & Services Revenue,Cost of Revenue,Cost of Goods & Services,Depreciation & Amortization,Gross Profit,Other Operating Income,Operating Expenses,"Selling, General & Admin",Other Operating Expense,Operating Income (Loss),Non-Operating (Income) Loss,"Interest Expense, Net",Interest Expense,Interest Income,Foreign Exch (Gain) Loss,Other Non-Op (Income) Loss,Pretax Income,Income Tax Expense (Benefit),Income (Loss) from Cont Ops,Net Extraordinary Losses (Gains),Discontinued Operations,XO & Accounting Changes,Income (Loss) Incl. MI,Minority Interest,"Net Income, GAAP",Preferred Dividends,Other Adjustments,"Net Income Avail to Common, GAAP","Net Income Avail to Common, Adj",Net Abnormal Losses (Gains),Basic Weighted Avg Shares,"Basic EPS, GAAP",Basic EPS from Cont Ops,"Basic EPS from Cont Ops, Adjusted",Diluted Weighted Avg Shares,"Diluted EPS, GAAP",Diluted EPS from Cont Ops,"Diluted EPS from Cont Ops, Adjusted",Source: Bloomberg
09/30/1996,6.313,,-5.011,,,1.302,,-1.802,,,-0.5,0.014,,0.102,,0.0,-0.116,-0.486,0.0,-0.486,0.0,,,-0.486,0.0,-0.486,0.0,,-0.486,-0.486,,32.812,-0.015,-0.015,-0.015,32.812,-0.015,-0.015,-0.015,
12/31/1996,6.612,,-5.223,,,1.389,,-2.438,,,-1.049,0.24,,0.065,,0.0,-0.305,-0.809,0.0,-0.809,0.0,,,-0.809,0.0,-0.809,0.0,,-0.809,-0.809,,40.0,-0.02,-0.02,-0.02,40.0,-0.02,-0.02,-0.02,
03/31/1997,9.879,,-7.911,,,1.968,,-1.969,1.969,0.0,-0.001,0.103,-0.103,0.123,-0.226,0.0,0.0,0.102,0.0,0.102,0.0,,,0.102,0.0,0.102,0.0,0.0,0.102,0.102,,42.06842,0.0025,0.0025,0.0025,42.06842,0.0025,0.0025,0.0025,
06/30/1997,10.937,,-8.195,,,2.742,,-2.636,2.636,0.0,0.106,0.079,-0.079,0.092,-0.171,0.0,0.0,0.185,-0.005,0.18,0.0,,,0.18,0.0,0.18,0.0,0.0,0.18,0.18,,42.363076,0.005,0.005,0.005,42.363076,0.005,0.005,0.005,
09/30/1997,12.659,,-9.007,,,3.652,,-3.122,3.122,0.0,0.53,0.01,-0.01,0.121,-0.131,0.0,0.0,0.54,-0.011,0.529,0.0,,,0.529,0.0,0.529,0.0,0.0,0.529,0.529,,43.357744,0.0125,0.0125,0.0125,43.357744,0.0125,0.0125,0.0125,
12/31/1997,12.691,,-8.996,,,3.695,,-2.944,,,0.751,-0.002,,0.092,,0.0,-0.09,0.749,-0.13,0.619,0.0,,,0.619,0.0,0.619,0.0,,0.619,0.619,,44.259998,0.015,0.015,0.015,44.259998,0.015,0.015,0.015,
09/30/1998,16.741,,-10.863,,,5.878,,-3.793,3.793,0.0,2.085,-0.029,0.049,0.118,-0.069,0.0,-0.02,2.056,-0.503,1.553,0.0,,,1.553,0.0,1.553,0.0,0.0,1.553,1.553,,42.778732,0.0375,0.0375,0.0375,45.458096,0.035,0.035,0.035,
12/31/1998,21.922001,,-14.836,,,7.086,,-4.778,,,2.308,-0.149,,0.535,,0.0,-0.386,2.159,0.133,2.292,0.0,,,2.292,0.0,2.292,0.0,,2.292,2.292,,43.495998,0.05,0.05,0.05,45.68,0.05,0.05,0.05,
03/31/1999,23.868,,-15.861,,,8.007,,-5.084,,,2.923,0.097,0.286,0.363,-0.077,,-0.383,3.02,-0.593,2.427,,,,2.427,,2.427,,,2.427,2.427,,52.275724,0.0475,0.0475,0.0475,54.13812,0.045,0.045,0.045,
06/30/1999,25.019,,-16.479,,,8.54,,-5.186,,,3.354,0.029,-0.023,0.172,-0.195,0.0,-0.006,3.383,-0.823,2.56,0.0,,,2.56,0.0,2.56,0.0,0.0,2.56,2.56,,58.184804,0.045,0.045,0.045,59.514736,0.0425,0.0425,0.0425,
09/30/1999,25.398,,-16.658,,,8.74,,-5.271,,,3.469,0.165,-0.15,0.154,-0.304,,-0.015,3.634,-0.752,2.882,,,,2.882,,2.882,,,2.882,2.882,,58.420876,0.05,0.05,0.05,60.01242,0.0475,0.0475,0.0475,
12/31/1999,58.563,,-37.125,,,21.438,,-10.939,8.426,2.513,10.499,-12.738,4.938,5.506,-0.568,0.0,7.8,-2.239,8.338,6.099,0.0,,,6.099,0.0,6.099,0.0,0.0,6.099,6.099,,70.148896,0.0875,0.0875,0.2,70.148896,0.0875,0.0875,0.2,
03/31/2000,77.668,,-47.357,,,30.311,,-14.484,14.484,0.0,15.827,-9.547,9.659,9.855,-0.196,,-0.112,6.28,-2.507,3.773,,,,3.773,,3.773,,0.0,3.773,3.773,,58.986412,0.0625,0.0625,0.0625,78.35636,0.0475,0.0475,0.0475,
06/30/2000,79.557,,-48.261,,,31.296,,-14.726,,,16.57,-11.39,9.843,9.955,-0.112,0.0,1.547,5.18,-2.094,3.086,0.0,,,3.086,0.0,3.086,-0.633,0.0,2.453,2.453,,59.170408,0.0425,0.0425,0.0425,79.669196,0.0375,0.0375,0.0375,
09/30/2000,81.066,,-49.151,,,31.915,,-14.765,,,17.15,-11.311,9.684,9.861,-0.177,,1.627,5.839,-2.406,3.433,,,,3.433,,3.433,,,3.433,3.433,,59.489288,0.0475,0.0475,0.0475,80.384492,0.0425,0.0425,0.0425,
12/31/2000,85.431,,-51.576,,,33.855,,-15.483,11.997,3.486,18.372,-11.855,10.041,10.114,-0.073,0.0,1.814,6.517,-2.298,4.219,0.0,,,4.219,0.0,4.219,-0.617,0.0,3.602,3.602,,81.72286,0.051625,0.051625,0.07075,81.72286,0.051625,0.051625,0.069125,
03/31/2001,85.835,,-51.771,,,34.064,,-15.828,,,18.236,-9.809,9.399,9.44,-0.041,,0.41,8.427,-3.41,5.017,,,,5.017,,5.017,,0.0,5.017,5.017,,60.9597,0.0823,0.0823,0.08475,82.379944,0.060901,0.060901,0.0625,
06/30/2001,88.549,,-53.348,,,35.201,,-16.25,,,18.951,-9.52,,9.016,-0.139,,0.643,9.431,-3.837,5.594,,,,5.594,,5.594,,,5.594,5.594,,61.622728,0.09,0.09,0.09,61.622728,0.0675,0.0675,0.0675,
09/30/2001,91.261,,-54.794,,,36.467,,-16.717,16.717,0.0,19.75,-9.19,8.857,8.942,-0.085,0.0,0.333,10.56,-4.225,6.335,0.0,,,6.335,0.0,6.335,-0.657,0.0,5.678,5.678,,62.639648,0.1,0.1,0.1,84.392744,0.075,0.075,0.075,
12/31/2001,93.379,,-56.046,,,37.333,,-17.291,13.772,3.519,20.042,-7.918,7.918,8.019,-0.101,0.0,-4.633,16.757,-3.257,5.073,7.309,,,6.191,0.0,-2.236,-0.59,0.0,-2.826,-2.826,,69.320244,-0.032256,0.073182,0.073182,87.424912,-0.032256,-0.032256,-0.032256,
03/31/2002,97.064003,,-55.401001,,,41.663002,,-17.469,,,24.194,-6.47,,5.809,-0.163,0.0,0.824,17.724,-7.093,10.631,0.0,,,10.631,0.0,10.631,-0.404,0.0,10.227,10.227,,74.444,0.135,0.135,0.14,89.543999,0.12,0.12,0.1235,
06/30/2002,99.269,,-59.042,,,40.227,,-14.868,,,25.359,-6.265,5.893,5.991,-0.098,,0.372,19.094,-7.571,11.523,,,,11.523,,11.523,,,11.523,11.523,,75.047182,0.15,0.15,0.15,90.29328,0.13,0.13,0.13,
09/30/2002,101.979,,-59.932,,,42.047,,-15.394,15.394,0.0,26.653,-6.794,6.489,6.602,-0.113,0.0,0.305,19.859,-7.723,12.136,0.0,,,12.136,0.0,12.136,0.0,0.0,12.136,12.136,,75.38635,0.16,0.16,0.16,90.248708,0.135,0.135,0.135,
12/31/2002,103.207,,-59.861,,,43.346,,-15.445,15.031,0.414,27.901,-9.001,4.775,4.832,-0.057,0.0,4.226,18.9,-7.466,11.434,0.0,,,11.434,0.0,11.434,0.0,0.0,11.434,11.434,,90.785076,0.125,0.125,0.1585,90.785076,0.125,0.125,0.1585,
03/31/2003,112.311,,-61.714,,,50.597,,-20.148,,,30.449,-6.102,3.738,3.927,-0.189,,2.364,24.347,-9.666,14.681,,,,14.681,,14.681,,0.0,14.681,14.681,,81.043196,0.18,0.18,0.18,91.686456,0.16,0.16,0.16,
06/30/2003,113.135002,,-61.126999,,,52.008003,,-20.629,,,31.379,-5.638,,3.385,-0.071,0.0,2.324,25.741,-10.219,15.522,0.0,,,15.522,0.0,15.522,0.0,0.0,15.522,15.522,,82.304,0.19,0.19,0.2,92.21,0.17,0.17,0.18,
09/30/2003,113.228,,-60.369,,,52.859,,-21.024,16.781,4.243,31.835,-3.454,2.597,2.829,-0.232,0.0,0.857,28.381,-11.21,17.171,0.0,,,17.171,0.0,17.171,0.0,0.0,17.171,17.171,,83.939514,0.205,0.205,0.205,92.570916,0.185,0.185,0.185,
12/31/2003,114.551003,,-73.389999,,,41.161003,,-7.757,,,33.403999,-3.144,,2.707,-0.058,0.0,0.495,30.259999,-11.853,18.407,0.0,,,18.407,0.0,18.407,0.0,0.0,18.407,18.407,,84.223999,0.215,0.215,0.215,92.624001,0.2,0.2,0.2,
03/31/2004,117.556,,-60.853,,,56.703,,-21.896,,,34.807,-3.013,2.477,2.529,-0.052,,0.536,31.794,-12.67,19.124,,,,19.124,,19.124,,,19.124,19.124,,86.309166,0.22,0.22,0.22,92.09002,0.21,0.21,0.21,
06/30/2004,123.793,,-64.378,,,59.415,,-23.576,,,35.839,-4.631,2.518,2.584,-0.066,,2.113,31.208,-12.341,18.867,,,,18.867,,18.867,,,18.867,18.867,,88.189648,0.215,0.215,0.215,0.924325,0.205,0.205,0.205,
09/30/2004,135.988998,,-71.806,,,64.182999,,-25.577,,,38.605999,-3.765,,3.266,-0.286,0.0,0.785,34.840999,-13.713,21.128,0.0,,,21.127999,0.0,21.128,0.0,0.0,21.128,21.128,,90.458,0.235,0.235,0.24,92.598,0.23,0.23,0.235,
12/31/2004,138.889999,,-78.341003,,,60.548996,,-22.218,,,38.331001,-7.61,,2.807,-0.154,0.0,4.957,30.721001,-11.662,19.059,0.0,,,19.059002,0.0,19.059,0.0,0.0,19.059,19.059,,91.716003,0.21,0.21,0.24,91.716003,0.21,0.21,0.235,
03/31/2005,140.578003,,-75.480003,,,65.098,,-25.913,,,39.185001,-3.264,2.276,2.343,-0.067,,0.988,35.921001,-14.106,21.815001,,,,21.815001,,21.815001,,,21.815001,21.815001,,89.118103,0.245,0.245,0.245,91.021126,0.24,0.24,0.24,
06/30/2005,149.148,,-79.863,,,69.285,,-27.302,,,41.983,-4.227,3.121,3.254,-0.133,,1.106,37.756,-14.774,22.982,,,,22.982,,22.982,,,22.982,22.982,,88.245672,0.26,0.26,0.262,90.12816,0.255,0.255,0.257,
09/30/2005,153.175995,,-81.513,,,71.662994,,-28.665001,,,42.998001,-4.558,3.023,3.251,-0.228,,1.535,38.440001,-15.057,23.382999,,,,23.383001,,23.382999,,,23.382999,23.382999,,88.829597,0.265,0.265,0.275,90.803558,0.26,0.26,0.27,
12/31/2005,166.555,,-104.564,,,61.991,,-17.802,,,44.189,-44.326,,4.163,-0.336,0.0,40.499,-0.137,-0.889,-1.026,0.0,,,-1.026,0.0,-1.026,0.0,0.0,-1.026,-1.026,,88.083268,-0.01,-0.01,0.275,90.531234,-0.01,-0.01,0.265,
03/31/2006,179.249,,-95.843,,,83.406,,-38.029,,,45.377,-6.811,5.65,5.906,-0.256,,1.161,38.566,-15.041,23.525,,,,23.525,,23.525,,0.0,23.525,23.525,,88.124346,0.265,0.265,0.27,90.31185,0.26,0.26,0.265,
06/30/2006,198.424,,-105.883,,,92.541,,-41.616,,,50.925,-9.666,7.002,7.253,-0.251,,2.664,41.259,-16.091,25.168,,,,25.168,,25.168,,,25.168,25.168,,88.46175,0.285,0.285,0.3,90.62133,0.28,0.28,0.295,
09/30/2006,203.267,,-107.7,,,95.567,,-42.532,,,53.035,-7.9,7.32,7.81,-0.49,,0.58,45.135,-17.603,27.532,,,,27.532,,27.532,,,27.532,27.532,,88.512004,0.31,0.31,0.315,90.495268,0.305,0.305,0.31,
12/31/2006,208.697,,-115.667,,,93.03,,-37.385,,,55.645,-8.031,7.089,7.45,-0.361,0.0,0.942,47.614,-18.569,29.045,0.0,,,29.045,0.0,29.045,0.0,0.0,29.045,29.045,,90.66578,0.32,0.32,0.325,90.66578,0.32,0.32,0.325,
03/31/2007,211.049,,-111.619,,,99.43,,-43.841,,,55.589,-7.492,7.299,7.7,-0.401,0.0,0.193,48.097,-18.71,29.387,0.0,,,29.387,0.0,29.387,0.0,0.0,29.387,29.387,,88.284526,0.335,0.335,0.335,90.436694,0.325,0.325,0.325,
06/30/2007,232.845,,-122.577,,,110.268,,-49.9,,,60.368,-8.339,7.739,8.276,-0.537,0.0,0.6,52.029,-20.031,31.998,0.0,,,31.998,0.0,31.998,0.0,0.0,31.998,31.998,,87.634365,0.37,0.37,0.37,89.956735,0.36,0.36,0.36,
09/30/2007,237.322998,,-124.799004,,,112.523994,,-50.304001,,,62.220001,-9.164,8.557,8.864,-0.307,0.0,0.607,53.056001,-20.160999,32.895,0.0,,,32.895002,0.0,32.895,0.0,0.0,32.895,32.895,,87.299446,0.38,0.38,0.38,89.794891,0.37,0.37,0.37,
12/31/2007,251.55,,-139.196,,,112.354,,-49.347,,,63.007,-24.949,8.78,9.125,-0.345,0.0,16.169,38.058,-13.96,24.098,0.0,,,24.098,0.0,24.098,0.0,0.0,24.098,24.098,9.826,89.8017,0.27,0.27,0.38,89.801677,0.27,0.27,0.38,
03/31/2008,254.783997,,-135.121002,,,119.662994,,-54.110001,,,65.553001,-14.234,7.726,8.128,-0.402,0.0,6.508,51.319001,-19.655001,31.664,0.0,,,31.664001,0.0,31.664,0.0,0.0,31.664,31.664,,86.845154,0.36,0.36,0.4,89.393242,0.35,0.35,0.39,
06/30/2008,277.786011,,-148.393997,,,129.392014,,-58.002998,,,71.389,-8.963,7.982,8.139,-0.157,0.0,0.981,62.426,-23.740999,38.685001,0.0,,,38.685001,0.0,38.685001,0.0,0.0,38.685001,38.685001,,86.093712,0.45,0.45,0.45,88.48494,0.44,0.44,0.44,
09/30/2008,277.097992,,-147.809006,,,129.288986,,-57.474998,,,71.814003,-9.35,8.433,8.618,-0.185,0.0,0.917,62.464003,-23.237,39.227001,0.0,,,39.227003,0.0,39.227001,0.0,0.0,39.227001,39.227001,,85.449867,0.46,0.46,0.46,87.864212,0.45,0.45,0.45,
12/31/2008,274.011,,-167.326,,,106.685,,-40.73,,,65.955,-3.16,8.033,8.219,-0.186,0.0,-4.873,62.795,-23.663,39.132,0.0,,,39.132,0.0,39.132,0.0,0.0,39.132,39.132,,87.63,0.45,0.45,0.46,87.63,0.45,0.45,0.46,
03/31/2009,277.09,277.09,-142.594,135.901,8.844,134.496,0.0,-60.296,50.731,0.721,74.2,-8.715,7.925,8.099,-0.174,,0.79,65.485,-24.811,40.674,0.0,0.0,0.0,40.674,-0.019,40.655,0.0,0.0,40.655,41.12365,0.46865,84.908733,0.48,0.48,0.484328,86.841903,0.47,0.47,0.475397,
06/30/2009,289.268,289.268,-145.618,138.502,9.66,143.65,0.0,-64.11,53.047,1.403,79.54,-8.979,8.151,8.2,-0.049,,0.828,70.561,-26.567,43.994,0.0,0.0,0.0,43.994,-0.092,43.902,0.0,0.0,43.902,44.81395,0.91195,84.919498,0.52,0.52,0.527723,86.84326,0.51,0.51,0.520501,
09/30/2009,297.836,297.836,-150.272,143.625,9.959,147.564,0.0,-68.031,54.312,3.76,79.533,-9.86,9.214,9.262,-0.048,,0.646,69.673,-23.11,46.563,0.0,0.0,0.0,46.563,-0.037,46.526,0.0,0.0,46.526,47.17,0.644,84.899815,0.55,0.55,0.555596,86.794118,0.54,0.54,0.55,
12/31/2009,313.542,313.542,-165.696,165.696,,147.846,0.0,-65.93,60.206,5.724,81.916,-9.947,8.842,8.884,-0.042,,1.105,71.969,-26.811,45.158,0.0,0.0,0.0,45.158,-0.55,44.608,0.0,0.0,44.608,47.3081,2.7001,86.353095,0.53,0.53,0.547845,86.353095,0.52,0.52,0.547845,
03/31/2010,335.177,335.177,-170.57,161.708,12.389,164.607,0.0,-77.475,62.47,2.616,87.132,-9.886,8.883,8.963,-0.08,,1.003,77.246,-28.612,48.634,0.0,0.0,0.0,48.634,-0.515,48.119,0.0,0.0,48.119,49.8194,1.7004,84.766721,0.57,0.57,0.587724,86.573237,0.56,0.56,0.579641,
06/30/2010,347.734,347.734,-176.54,167.609,12.617,171.194,0.0,-77.596,63.564,1.415,93.598,-9.73,8.838,8.87,-0.032,,0.892,83.868,-30.102,53.766,0.0,0.0,0.0,53.766,-0.672,53.094,0.0,0.0,53.094,53.960942,0.866942,84.890285,0.63,0.63,0.635655,86.694239,0.61,0.61,0.62,
09/30/2010,362.988,362.988,-185.515,176.325,13.504,177.473,0.0,-81.434,65.033,2.897,96.039,-8.094,8.427,8.509,-0.082,,-0.333,87.945,-30.645,57.3,0.0,0.0,0.0,57.3,-0.614,56.686,0.0,0.0,56.686,60.172231,3.486231,85.29574,0.66,0.66,0.705454,87.179057,0.65,0.65,0.689989,
12/31/2010,393.489,393.489,-210.833,200.791,5.333,182.656,0.0,-88.742,70.353,13.056,93.914,-11.12,10.667,10.739,-0.072,,0.453,82.794,-32.037,50.757,0.0,0.0,0.0,50.757,-0.777,49.98,0.0,0.0,49.98,57.2404,7.2604,87.279853,0.59,0.59,0.655826,87.279853,0.57,0.57,0.653185,
03/31/2011,398.126,398.126,-215.696,205.878,5.285,182.43,0.0,-80.017,74.732,0.0,102.413,-11.451,11.188,11.372,-0.184,,0.263,90.962,-34.376,56.586,0.0,0.0,0.0,56.586,-0.912,55.674,0.0,0.0,55.674,59.674,4.0,85.459302,0.65,0.65,0.698274,87.526683,0.64,0.64,0.68,
06/30/2011,410.441,410.441,-223.7,213.53,5.781,186.741,0.0,-84.793,79.012,0.0,101.948,-13.763,12.944,13.007,-0.063,,0.819,88.185,-32.295,55.89,0.0,0.0,0.0,55.89,-0.348,55.542,0.0,0.0,55.542,59.92495,4.38295,85.936036,0.65,0.65,0.69732,87.93531,0.63,0.63,0.679843,
09/30/2011,420.924,420.924,-230.869,220.419,6.483,190.055,0.0,-85.489,79.006,0.0,104.566,-12.374,11.797,12.034,-0.237,,0.577,92.192,-32.448,59.744,0.0,0.0,0.0,59.744,-0.497,59.247,0.0,0.0,59.247,63.4226,4.1756,85.564682,0.69,0.69,0.741224,87.385121,0.68,0.68,0.727784,
12/31/2011,446.557,446.557,-245.039,234.342,7.362,201.518,0.0,-86.098,76.962,1.774,115.42,-14.435,12.703,13.018,-0.315,,1.732,100.985,-35.862,65.123,0.0,0.0,0.0,65.123,-0.835,64.288,0.0,0.0,64.288,64.34195,0.05395,86.635383,0.74,0.74,0.742675,86.635383,0.74,0.74,0.740623,
03/31/2012,460.077,460.077,-254.77,244.182,7.13,205.307,0.0,-89.045,81.915,0.0,116.262,-13.232,12.674,12.766,-0.092,,0.558,103.03,-37.715,65.315,0.0,0.0,0.0,65.315,-0.458,64.857,,0.0,64.857,67.510538,2.653538,84.82828,0.76,0.76,0.795849,86.587944,0.75,0.75,0.780646,
06/30/2012,468.95,468.95,-259.462,248.832,7.396,209.488,0.0,-91.761,84.365,0.0,117.727,-12.169,12.659,12.783,-0.124,,-0.49,105.558,-37.186,68.372,0.0,0.0,0.0,68.372,-0.779,67.593,,0.0,67.593,70.198068,2.605068,85.170255,0.79,0.79,0.824209,86.835615,0.78,0.78,0.81,
09/30/2012,480.484,480.484,-264.93,253.526,8.041,215.554,0.0,-101.007,92.966,0.0,114.547,-13.419,12.931,13.048,-0.117,,0.488,101.128,-35.382,65.746,0.0,0.0,0.0,65.746,-0.269,65.477,,0.0,65.477,73.33452,7.85752,85.748998,0.76,0.76,0.855223,87.305779,0.75,0.75,0.84,
12/31/2012,503.638,503.638,-276.55,264.541,9.085,227.088,0.0,-106.788,86.496,11.207,120.3,-12.819,13.006,13.077,-0.071,,-0.187,107.481,-36.973,70.508,0.0,0.0,0.0,70.508,-0.439,70.069,0.0,0.0,70.069,76.178718,6.109718,87.28168,0.8,0.8,0.872792,87.28168,0.8,0.8,0.87,
03/31/2013,513.804,513.804,-281.71,269.673,9.451,232.094,0.0,-100.497,91.046,0.0,131.597,-14.392,13.379,13.546,-0.167,,1.013,117.205,-41.983,75.222,0.0,0.0,0.0,75.222,-0.605,74.617,0.0,0.0,74.617,77.309685,2.692685,86.093301,0.87,0.87,0.897976,87.459497,0.85,0.85,0.880788,
06/30/2013,526.525,526.525,-288.673,276.385,9.487,237.852,0.0,-104.332,94.845,0.0,133.52,-13.458,12.913,13.015,-0.102,,0.545,120.062,-41.619,78.443,0.0,0.0,0.0,78.443,-0.399,78.044,0.0,0.0,78.044,81.614898,3.570898,86.125012,0.91,0.91,0.947633,87.614953,0.89,0.89,0.930757,
09/30/2013,534.579,534.579,-293.176,280.645,9.319,241.403,0.0,-106.008,96.689,0.0,135.395,-14.657,13.316,13.467,-0.151,,1.341,120.738,-39.906,80.832,0.0,0.0,0.0,80.832,-0.285,80.547,0.0,0.0,80.547,82.96825,2.42125,85.849656,0.94,0.94,0.966437,87.401565,0.92,0.92,0.947703,
12/31/2013,567.899,567.899,-312.494,299.347,10.148,255.405,0.0,-120.298,99.728,10.422,135.107,-15.366,15.341,15.341,0.0,,0.025,119.741,-41.154,78.587,0.0,0.0,0.0,78.587,-0.423,78.164,0.0,0.0,78.164,83.904447,5.740447,87.107437,0.9,0.9,0.963229,87.107437,0.9,0.9,0.963229,
03/31/2014,569.955,569.955,-314.486,301.76,10.63,255.469,0.0,-122.81,112.18,0.0,132.659,-15.598,14.898,14.918,-0.02,,0.7,117.061,-37.291,79.77,0.0,0.0,0.0,79.77,-0.621,79.149,0.0,0.0,79.149,90.4088,11.2598,85.270046,0.93,0.93,1.060264,86.613843,0.91,0.91,1.04,
06/30/2014,640.822,640.822,-365.518,350.416,12.379,275.304,0.0,-129.926,117.547,0.0,145.378,-16.76,16.368,16.418,-0.05,,0.392,128.618,-45.941,82.677,0.0,0.0,0.0,82.677,-0.741,81.936,0.0,0.0,81.936,89.072007,7.136007,84.699043,0.97,0.97,1.051629,85.982588,0.95,0.95,1.032994,
09/30/2014,667.877,667.877,-389.208,373.973,13.53,278.669,0.0,-139.133,125.603,0.0,139.536,-17.094,16.617,16.644,-0.027,,0.477,122.442,-39.401,83.041,0.0,0.0,0.0,83.041,-0.196,82.845,0.0,0.0,82.845,92.31781,9.47281,84.85836,0.98,0.98,1.087905,86.116455,0.96,0.96,1.07,
12/31/2014,676.947,676.947,-391.597,378.182,11.599,285.35,0.0,-146.587,112.563,22.425,138.763,-19.316,18.139,18.162,-0.023,,1.177,119.447,-36.789,82.658,0.0,0.0,0.0,82.658,-0.132,82.526,0.0,0.0,82.526,96.317122,13.791122,86.194513,0.96,0.96,1.117439,86.194513,0.96,0.96,1.117439,
03/31/2015,663.319,663.319,-381.988,367.34,12.915,281.331,0.0,-154.278,141.363,0.0,127.053,-19.196,18.598,18.633,-0.035,,0.598,107.857,-32.047,75.81,0.0,0.0,0.0,75.81,-0.352,75.458,0.0,0.0,75.458,93.592971,18.134971,85.037823,0.89,0.89,1.100604,86.357006,0.87,0.87,1.08,
06/30/2015,715.689,715.689,-410.865,396.793,13.308,304.824,0.0,-150.06,136.752,0.0,154.764,-17.994,16.39,16.429,-0.039,,1.604,136.77,-48.493,88.277,0.0,0.0,0.0,88.277,-0.447,87.83,0.0,0.0,87.83,97.539325,9.709325,84.961907,1.03,1.03,1.148036,86.221034,1.02,1.02,1.13261,
09/30/2015,718.596,718.596,-418.921,404.918,13.487,299.675,0.0,-170.919,157.432,0.0,128.756,-19.132,17.378,17.386,-0.008,,1.754,109.624,-39.718,69.906,0.0,0.0,0.0,69.906,-0.457,69.449,0.0,0.0,69.449,93.111292,23.662292,84.884599,0.82,0.82,1.096916,86.120315,0.81,0.81,1.084759,
12/31/2015,888.304,888.304,-507.949,489.03,7.519,380.355,0.0,-229.816,222.297,0.0,150.539,-20.383,24.908,25.05,-0.142,,-4.525,130.156,-49.618,80.538,0.0,0.0,0.0,80.538,0.289,80.827,-10.106,0.0,70.721,91.116625,20.395625,85.949461,0.82,0.82,1.060119,85.949461,0.82,0.82,1.057298,
03/31/2016,874.181,874.181,-507.601,483.751,24.564,366.58,0.0,-225.657,201.093,0.0,140.923,-25.292,24.041,24.062,-0.021,,1.251,115.631,-38.036,77.595,0.0,0.0,0.0,77.595,-0.809,76.786,-10.106,0.0,66.68,78.85502,12.17502,84.705,0.79,0.79,0.930937,85.845501,0.78,0.78,0.921825,
06/30/2016,891.621,891.621,-513.98,488.95,57.59,377.641,0.0,-277.933,220.343,0.0,99.708,-26.476,24.358,24.367,-0.009,,2.118,73.232,-27.002,46.23,0.0,0.0,0.0,46.23,-0.196,46.034,-10.021,1.28,37.293,65.847995,28.554996,84.893263,0.44,0.44,0.775656,85.760686,0.43,0.43,0.762961,
09/30/2016,890.144,890.144,-514.188,489.923,82.182,375.956,0.0,-251.439,169.257,0.0,124.517,-21.758,24.69,24.711,-0.021,,-2.932,102.759,-37.586,65.173,0.0,0.0,0.0,65.173,-0.378,64.795,-9.726,6.467,61.536,81.329382,19.793382,85.044303,0.72,0.72,0.956318,85.570529,0.72,0.72,0.951311,
12/31/2016,906.396,906.396,-532.723,513.159,19.31,373.673,0.0,-299.758,280.448,0.0,73.915,-31.769,24.62,24.647,-0.027,,7.149,42.146,-23.635,18.511,0.0,0.0,0.0,18.511,-0.157,18.354,-6.023,0.0,12.331,59.214564,46.883564,85.1,0.15,0.15,0.695823,85.43349,0.14,0.14,0.688773,
03/31/2017,892.4,892.4,-523.7,500.8,6.2,368.7,0.0,-254.2,248.0,0.0,114.5,-24.8,23.3,23.3,0.0,,1.5,89.7,-31.1,58.6,0.0,0.0,0.0,58.6,-0.4,58.2,-4.8,0.0,53.4,80.4,27.0,85.2,0.63,0.63,0.943662,85.6,0.62,0.62,0.935421,
06/30/2017,917.733,917.733,-535.981,513.277,35.956,381.752,0.0,-574.106,538.15,0.0,-192.354,-25.351,23.744,23.772,-0.028,,1.607,-217.705,73.513,-144.192,0.0,0.0,0.0,-144.192,0.15,-144.042,-9.185,4.459,-148.768,75.472603,224.240603,85.271699,-1.74,-1.74,0.885084,85.271699,-1.74,-1.74,0.885084,
09/30/2017,882.8,882.8,-514.7,491.0,36.6,368.1,0.0,-274.5,237.9,0.0,93.6,-26.8,24.5,24.5,0.0,,2.3,66.8,-27.8,39.0,0.0,0.0,0.0,39.0,0.0,39.0,-3.5,0.0,35.5,73.1,37.6,85.3,0.42,0.42,0.856975,85.6,0.41,0.41,0.849252,
12/31/2017,887.8,887.8,-543.8,507.1,5.7,344.0,0.0,-367.4,296.7,65.0,-23.4,-23.3,22.2,22.2,0.0,,1.1,-46.7,136.3,89.6,0.0,0.0,0.0,89.6,-0.4,89.2,-8.8,2.9,83.3,57.9,-25.4,85.4,0.98,0.98,0.677986,85.6,0.97,0.97,0.673271,
03/31/2018,895.0,895.0,-536.5,512.3,6.6,358.5,0.0,-304.4,297.8,0.0,54.1,-25.0,25.0,25.0,0.0,,0.0,29.1,-6.6,22.5,0.0,0.0,0.0,22.5,0.0,22.5,-1.5,0.0,21.0,86.4,65.4,85.5,0.25,0.25,1.010526,85.8,0.25,0.25,1.010526,
06/30/2018,883.3,883.3,-530.0,504.0,6.7,353.3,0.0,-290.9,284.2,0.0,62.4,-25.2,24.6,24.6,0.0,,0.6,37.2,-9.6,27.6,0.0,0.0,0.0,27.6,0.1,27.7,-1.1,0.0,26.6,81.5,54.9,85.6,0.31,0.31,0.952103,85.8,0.31,0.31,0.94986,
09/30/2018,854.9,854.9,-519.4,494.6,39.1,335.5,0.0,-267.2,228.1,0.0,68.3,-33.9,27.7,27.7,0.0,,6.2,34.4,-10.9,23.5,0.0,0.0,0.0,23.5,0.0,23.5,-6.0,0.0,17.5,60.2,42.7,86.7,0.2,0.2,0.694348,86.8,0.2,0.2,0.691935,
12/31/2018,852.7,852.7,-524.0,498.7,4.7,328.7,0.0,-674.6,311.4,358.5,-345.9,-30.2,28.7,28.7,0.0,,1.5,-376.1,56.9,-319.2,0.0,0.0,0.0,-319.2,0.8,-318.4,0.0,0.0,-318.4,67.4,385.8,90.7,-3.51,-3.51,0.743109,90.7,-3.51,-3.51,0.743109,
03/31/2019,830.1,830.1,-533.0,533.0,,297.1,0.0,-301.3,285.8,15.5,-4.2,-29.8,27.6,27.6,0.0,,2.2,-34.0,-3.6,-37.6,0.0,0.0,0.0,-37.6,-0.2,-37.8,0.0,0.0,-37.8,22.7,60.5,90.7,-0.42,-0.42,0.250276,90.7,-0.42,-0.42,0.247034,
06/30/2019,845.8,845.8,-543.2,516.8,6.5,302.6,0.0,-277.3,270.8,0.0,25.3,-58.5,33.6,33.6,0.0,,24.9,-33.2,3.0,-30.2,0.0,0.0,0.0,-30.2,-0.3,-30.5,0.0,0.0,-30.5,23.2,53.7,91.0,-0.33,-0.33,0.254945,91.0,-0.33,-0.33,0.254945,
09/30/2019,833.1,833.1,-537.8,512.3,6.2,295.3,0.0,-329.8,241.2,82.4,-34.5,-33.1,29.9,29.9,0.0,,3.2,-67.6,8.6,-59.0,0.0,0.0,0.0,-59.0,-0.2,-59.2,0.0,0.0,-59.2,44.0,103.2,91.1,-0.65,-0.65,0.482986,91.1,-0.65,-0.65,0.482821,
12/31/2019,799.9,799.9,-520.4,495.4,5.2,279.5,0.0,-478.0,240.5,232.3,-198.5,-29.5,27.2,27.2,0.0,,2.3,-228.0,8.8,-219.2,0.0,0.0,0.0,-219.2,-0.1,-219.3,0.0,0.0,-219.3,39.1,258.4,91.2,-2.41,-2.41,0.428728,91.2,-2.41,-2.41,0.423333,
03/31/2020,785.0,785.0,-498.4,498.4,,286.6,0.0,-317.0,258.7,58.3,-30.4,-27.9,25.0,25.0,0.0,,2.9,-58.3,38.4,-19.9,0.0,0.0,0.0,-19.9,-0.2,-20.1,0.0,0.0,-20.1,62.5,82.6,91.3,-0.22,-0.22,0.684556,91.3,-0.22,-0.22,0.684556,
06/30/2020,598.2,598.2,-368.5,368.5,,229.7,0.0,-204.8,201.0,3.8,24.9,-20.3,19.3,19.3,0.0,,1.0,4.6,-8.7,-4.1,0.0,0.0,0.0,-4.1,-0.4,-4.5,0.0,0.0,-4.5,12.643,17.143,91.4,-0.05,-0.05,0.138326,91.4,-0.05,-0.05,0.13756,
09/30/2020,641.4,,,,,246.509262,,,,,91.5,,,,,,,70.2,,-1.0,,,,,,-1.0,,,-1.0,52.3,,,-0.01,-0.01,0.562,,-0.01,-0.01,0.562,
12/31/2020,656.5,,,,,252.640895,,,,,90.183,,,,,,,73.575,,26.18,,,,,,26.18,,,26.18,55.271,,,0.286,0.286,0.593,,0.286,0.286,0.593,
