Date,Revenue,Sales & Services Revenue,Cost of Revenue,Cost of Goods & Services,Gross Profit,Other Operating Income,Operating Expenses,"Selling, General & Admin",Research & Development,Other Operating Expense,Operating Income (Loss),Non-Operating (Income) Loss,"Interest Expense, Net",Interest Expense,Interest Income,Foreign Exch (Gain) Loss,Other Non-Op (Income) Loss,Pretax Income,Income Tax Expense (Benefit),Income (Loss) from Cont Ops,Net Extraordinary Losses (Gains),Discontinued Operations,XO & Accounting Changes,Income (Loss) Incl. MI,Minority Interest,"Net Income, GAAP",Preferred Dividends,Other Adjustments,"Net Income Avail to Common, GAAP","Net Income Avail to Common, Adj",Net Abnormal Losses (Gains),Basic Weighted Avg Shares,"Basic EPS, GAAP",Basic EPS from Cont Ops,"Basic EPS from Cont Ops, Adjusted",Diluted Weighted Avg Shares,"Diluted EPS, GAAP",Diluted EPS from Cont Ops,"Diluted EPS from Cont Ops, Adjusted",Source: Bloomberg
03/31/1997,170.489,,-99.029,,71.46,,-45.71,,,,25.75,0.253,,,,,-0.253,26.003,-10.087,15.916,0.0,,,15.916,,15.916,,,15.916,15.916,,70.33,0.225,0.225,0.225,,,,,
06/30/1997,155.134,,-88.3,,66.834,,-47.099,,,,19.735,-0.462,,0.522,-0.06,,0.0,19.273,-7.526,11.747,,,,11.747,,11.747,,,11.747,11.747,,69.912,0.17,0.17,0.17,69.912,0.17,0.17,0.17,
09/30/1997,173.383,,-95.196,,78.187,,-52.547,,,,25.64,-0.558,,0.873,-0.315,,0.0,25.082,-9.773,15.309,,,,15.309,,15.309,,,15.309,15.309,,70.27,0.22,0.22,0.22,70.27,0.22,0.22,0.22,
12/31/1997,186.639,,-102.591,,84.048,,-52.088,,,,31.96,-2.19,,2.453,-0.263,,0.0,29.77,-11.6,18.17,,,,18.17,,18.17,,,18.17,18.17,,67.808,0.27,0.27,0.27,70.236,0.26,0.26,0.26,
03/31/1998,204.5,,-109.011,,95.489,,-60.21,54.215,,5.995,35.279,-2.049,,,,,2.049,33.23,-12.96,20.27,,,,20.27,,20.27,0.0,,20.27,20.27,,140.952,0.15,0.15,0.15,140.952,0.145,0.145,0.145,
06/30/1998,173.775,,-92.461,,81.314,,-55.56,,,,25.754,-2.239,,2.394,-0.155,,0.0,23.515,-9.17,14.345,,,,14.345,,14.345,,,14.345,14.345,,68.118,0.21,0.21,0.21,70.682,0.205,0.205,0.205,
09/30/1998,191.125,,-101.621,,89.504,,-56.767,,,,32.737,-1.965,,2.325,-0.36,,0.0,30.772,-12.001,18.771,,,,18.771,,18.771,,,18.771,18.771,,68.326,0.27,0.27,0.27,70.755,0.27,0.27,0.27,
12/31/1998,205.794,,-109.26,,96.534,,-55.943,,,,40.591,-2.927,,3.097,-0.17,,0.0,37.664,-14.689,22.975,,,,22.975,,22.975,,,22.975,22.975,,68.174,0.34,0.34,0.34,70.378,0.33,0.33,0.33,
03/31/1999,226.917,,-125.678,,101.239,,-63.942,,,,37.297,-2.052,,,,,2.052,35.245,-6.482,28.763,,,,28.763,,28.763,,,28.763,28.763,,70.566,0.42,0.42,0.42,70.566,0.41,0.41,0.41,
06/30/1999,176.813,,-94.801,,82.012,,-63.859,,,,18.153,-3.097,,3.493,-0.396,,0.0,15.056,-5.721,9.335,,,,9.335,,9.335,,,9.335,9.335,,67.501,0.14,0.14,0.14,69.056,0.14,0.14,0.14,
09/30/1999,198.602,,-108.001,,90.601,,-64.349,,,,26.252,-3.051,,3.903,-0.852,,0.0,23.201,-8.793,14.408,,,,14.408,,14.408,,,14.408,14.408,,67.455,0.21,0.21,0.21,68.475,0.21,0.21,0.21,
12/31/1999,195.119,,-108.038,,87.081,,-66.866,,,,20.215,-2.579,,4.086,-1.507,,0.0,17.636,-6.701,10.935,,,,10.935,,10.935,,,10.935,10.935,,67.495,0.16,0.16,0.16,68.388,0.16,0.16,0.16,
06/30/2000,183.813,,-109.828,,73.985,,-68.379,,,,5.606,-4.271,,4.271,,,0.0,1.335,-0.507,0.828,,,,0.828,,0.828,,,0.828,0.828,,67.517,0.01,0.01,0.01,68.286,0.01,0.01,0.01,
09/30/2000,193.178,,-111.962,,81.216,,-65.277,,,,15.939,-10.382,,5.191,,,5.191,5.557,-4.024,6.724,,,,1.533,,6.724,,,6.724,6.724,,67.509,0.1,0.1,0.1,68.33,0.1,0.1,0.1,
12/31/2000,204.465,,-118.305,,86.16,,-64.852,,,,21.308,-9.364,,4.682,,,4.682,11.944,-6.235,10.391,,,,5.709,,10.391,,,10.391,10.391,,68.118,0.15,0.15,0.15,69.429,0.15,0.15,0.15,
03/31/2001,218.631,,-148.534,,70.097,,-88.776,81.853,,6.923,-18.679,-4.273,4.273,,,,0.0,-22.952,6.326,-16.626,,,,-16.626,,-16.626,,,-16.626,-16.626,,68.595,-0.24,-0.24,-0.24,68.595,-0.24,-0.24,-0.24,
06/30/2001,197.074,,-115.861,,81.213,,-71.094,,,,10.119,-3.162,,,,,3.162,6.957,-2.574,4.383,,,,4.383,,4.383,,,4.383,4.383,,68.752,0.06,0.06,0.06,70.13,0.06,0.06,0.06,
09/30/2001,206.393,,-121.719,,84.674,,-67.941,,,,16.733,-2.099,,,,,2.099,14.634,-5.415,9.219,,,,9.219,,9.219,,,9.219,9.219,,69.104,0.13,0.13,0.13,70.696,0.13,0.13,0.13,
12/31/2001,218.637,,-129.792,,88.845,,-65.335,,,,23.51,-1.283,,,,,1.283,22.227,-8.224,14.003,,,,14.003,,14.003,,,14.003,14.003,,69.362,0.2,0.2,0.2,70.833,0.2,0.2,0.2,
03/31/2002,244.593,,-144.124,,100.469,,-70.218,,,,30.251,-0.732,,,,,0.732,29.519,-10.922,18.597,,,,18.597,,18.597,,,18.597,18.597,,69.433,0.27,0.27,0.27,70.771,0.26,0.26,0.26,
06/30/2002,221.351,,-129.537,,91.814,,-71.221,,,,20.593,-0.54,,,,,0.54,20.053,-7.219,12.834,,,,12.834,,12.834,,,12.834,12.834,,69.638,0.18,0.18,0.18,71.081,0.18,0.18,0.18,
09/30/2002,232.732,,-136.337,,96.395,,-67.214,,,,29.181,-0.413,,,,,0.413,28.768,-10.357,18.411,,,,18.411,,18.411,,,18.411,18.411,,69.118,0.27,0.27,0.27,70.373,0.26,0.26,0.26,
12/31/2002,244.312,,-140.369,,103.943,,-69.914,,,,34.029,-0.466,,,,,0.466,33.563,-12.083,21.48,,,,21.48,,21.48,,,21.48,21.48,,69.389,0.31,0.31,0.31,70.568,0.3,0.3,0.3,
03/31/2003,273.692,,-157.024,,116.668,,-74.704,,,,41.964,-0.231,,,,,0.231,41.733,-15.024,26.709,,,,26.709,,26.709,,,26.709,26.709,,69.592,0.38,0.38,0.38,71.057,0.38,0.38,0.38,
06/30/2003,259.28,,-152.709,,106.571,,-80.347,72.68,,7.667,26.224,-0.485,0.817,0.987,-0.17,,-0.332,25.739,-9.267,16.472,,,,16.472,,16.472,,0.0,16.472,16.472,,69.458,0.24,0.24,0.24,70.764,0.23,0.23,0.23,
09/30/2003,257.389,,-146.775,,110.614,,-78.29,71.879,,6.411,32.324,-0.499,0.499,,,,0.0,31.825,-11.456,20.369,,,,20.369,,20.369,,0.0,20.369,20.369,,69.347,0.29,0.29,0.29,70.57,0.29,0.29,0.29,
12/31/2003,274.286,,-159.189,,115.097,,-77.271,,,,37.826,-0.448,,,,,0.448,37.378,-10.285,27.093,,,,27.093,,27.093,,,27.093,27.093,,69.468,0.39,0.39,0.39,70.559,0.38,0.38,0.38,
03/31/2004,296.057,,-170.44,,125.617,,-81.635,,,,43.982,-0.84,,,,,0.84,43.142,-12.833,30.309,,,,30.309,,30.309,,,30.309,30.309,,69.806,0.43,0.43,0.43,71.071,0.43,0.43,0.43,
06/30/2004,254.797,,-144.905,,109.892,,-81.877,72.566,,9.311,28.015,-0.701,0.817,0.987,-0.17,,-0.116,27.314,-9.697,17.617,,,,17.617,,17.617,,0.0,17.617,17.617,,69.475,0.25,0.25,0.25,70.442,0.25,0.25,0.25,
09/30/2004,264.846,,-153.358,,111.488,,-80.621,71.944,,8.677,30.867,-0.685,3.685,3.903,-0.218,,-3.0,30.182,-11.289,18.893,,,,18.893,,18.893,,0.0,18.893,18.893,,69.01,0.27,0.27,0.27,69.744,0.27,0.27,0.27,
12/31/2004,273.765,,-157.297,,116.468,,-77.883,,,,38.585,-0.633,,1.117,-0.484,0.0,0.0,37.952,-14.321,23.631,-0.826,,,24.457,0.0,24.457,0.0,0.0,24.457,24.457,,69.134,0.35,0.34,0.34,69.838,0.35,0.34,0.34,
03/31/2005,307.041,,-177.576,,129.465,,-83.13,,,,46.335,-1.032,,0.0,,0.0,1.032,45.303,-20.214,25.089,0.076,,,25.013,0.0,25.013,0.0,0.0,25.013,25.013,,69.398,0.36,0.36,0.36,70.063,0.36,0.36,0.36,
06/30/2005,276.698,,-158.927,,117.771,,-90.522,,,,27.249,0.706,,1.221,-1.927,0.0,0.0,27.955,-10.623,17.332,0.0,,,17.332,0.0,17.332,0.0,0.0,17.332,17.332,,69.127,0.25,0.25,0.25,69.886,0.25,0.25,0.25,
09/30/2005,284.37,,-168.137,,116.233,,-89.187,,,,27.046,-0.937,,1.303,-0.366,0.0,0.0,26.109,-9.694,16.415,0.0,,,16.415,0.0,16.415,0.0,0.0,16.415,16.415,,68.196,0.24,0.24,0.24,68.979,0.24,0.24,0.24,
12/31/2005,287.492,,-165.396,,122.096,,-83.042,,,,39.054,-0.503,,1.1,-0.597,,0.0,38.551,-15.386,23.165,-4.924,,,28.089,0.0,28.089,0.0,0.0,28.089,28.089,,68.205,0.41,0.34,0.34,68.826,0.41,0.34,0.34,
03/31/2006,331.274,,-197.944,,133.33,,-89.42,,,,43.91,-27.464,,1.311,,0.0,26.153,16.446,-10.313,7.444,-1.008,,,7.141,0.0,8.452,0.0,0.0,8.452,8.452,,67.425,0.13,0.11,0.34,68.066,0.12,0.11,0.34,
06/30/2006,265.067,,-151.692,,113.375,,-87.914,78.414,,9.5,25.461,-1.09,1.09,1.769,-0.679,0.0,0.0,24.371,-10.314,14.057,-0.627,,,14.684,0.0,14.684,0.0,0.0,14.684,14.684,,66.197,0.22,0.21,0.23,66.663,0.22,0.21,0.23,
09/30/2006,283.536,,-164.775,,118.761,,-91.069,,,,27.692,-2.733,,2.376,-0.801,0.0,1.158,24.959,-8.599,16.36,0.0,,,16.36,0.0,16.36,0.0,0.0,16.36,16.36,,65.567,0.25,0.25,0.283,66.119,0.25,0.25,0.283,
12/31/2006,298.967,,-171.266,,127.701,,-90.672,82.594,,8.078,37.029,-4.302,1.123,1.714,-0.591,0.0,3.179,32.727,-11.859,20.868,-0.431,,,21.299,0.0,21.299,0.0,0.0,21.299,21.299,,64.737,0.33,0.32,0.35,65.34,0.33,0.32,0.35,
03/31/2007,349.837,,-204.867,,144.97,,-91.972,83.102,,8.87,52.998,-2.125,0.983,1.352,-0.369,0.0,1.142,50.873,-21.061,29.812,0.0,,,29.812,0.0,29.812,0.0,0.0,29.812,29.812,,64.931,0.46,0.46,0.48,65.539,0.45,0.45,0.47,
06/30/2007,280.944,,-165.344,,115.6,,-92.642,83.383,,9.259,22.958,-2.164,0.773,1.235,-0.462,,1.391,20.794,-7.591,13.203,0.0,,,13.203,0.0,13.203,0.0,0.0,13.203,13.203,,65.017,0.2,0.2,0.22,65.909,0.2,0.2,0.22,
09/30/2007,295.002,,-174.794,,120.208,,-93.062,84.531,,8.531,27.146,-1.562,0.864,1.478,-0.614,,0.698,25.584,-9.566,16.018,0.0,,,16.018,0.0,16.018,0.0,0.0,16.018,16.018,,64.207,0.25,0.25,0.26,65.047,0.25,0.25,0.26,
12/31/2007,313.974,,-187.372,,126.602,,-92.188,82.015,,10.173,34.414,-1.887,0.935,1.516,-0.581,,0.952,32.527,-10.751,21.776,,,,21.776,,21.776,0.0,0.0,21.776,21.776,,62.995,0.35,0.35,0.36,63.836,0.34,0.34,0.35,
03/31/2008,375.17,,-226.977,,148.193,,-93.705,84.752,,8.953,54.488,-13.594,,,-0.576,,14.17,40.894,-14.785,26.109,0.0,,,26.109,0.0,26.109,0.0,0.0,26.109,26.109,,60.982,0.43,0.43,0.6,61.704,0.42,0.42,0.59,
06/30/2008,311.565,311.565,-181.064,181.064,130.501,0.0,-95.461,87.348,8.279,-0.166,35.04,-1.385,,1.766,,,-0.381,33.655,-8.155,25.5,0.0,0.0,0.0,25.5,0.0,25.5,0.0,0.0,25.5,25.56565,0.06565,58.694,0.43,0.43,0.435575,59.647,0.43,0.43,0.431101,
09/30/2008,323.127,323.127,-190.764,190.764,132.363,0.0,-85.395,77.29,8.068,0.037,46.968,-1.978,,2.518,,,-0.54,44.99,-16.196,28.794,0.0,0.0,0.0,28.794,0.0,28.794,0.0,0.0,28.794,26.5749,-2.2191,59.312,0.49,0.49,0.448053,60.376,0.48,0.48,0.443245,
12/31/2008,319.467,319.467,-195.4,195.4,124.067,0.0,-78.249,67.272,8.122,2.855,45.818,-2.848,,3.214,,,-0.366,42.97,-14.395,28.575,0.0,0.0,0.0,28.575,0.0,28.575,0.0,0.0,28.575,36.05535,7.48035,58.66,0.49,0.49,0.61465,59.347,0.48,0.48,0.606044,
03/31/2009,344.366,344.366,-204.555,204.555,139.811,0.0,-92.192,83.073,8.291,0.828,47.619,-2.749,,3.065,,,-0.316,44.87,-17.054,27.816,0.0,0.0,0.0,27.816,0.0,27.816,0.0,0.0,27.816,26.9705,-0.8455,58.445,0.48,0.48,0.461468,58.807,0.47,0.47,0.455622,
06/30/2009,283.543,283.543,-158.707,158.707,124.836,0.0,-81.974,74.605,7.58,-0.211,42.862,-2.865,,3.083,,,-0.218,39.997,-14.455,25.542,0.0,0.0,0.0,25.542,,25.542,0.0,0.0,25.542,25.2742,-0.2678,58.517,0.44,0.44,0.431912,58.984,0.43,0.43,0.42546,
09/30/2009,314.229,314.229,-181.574,181.574,132.655,0.0,-82.59,74.516,8.189,-0.115,50.065,-2.852,,3.13,,,-0.278,47.213,-15.129,32.084,0.0,0.0,0.0,32.084,,32.084,0.0,0.0,32.084,31.9891,-0.0949,58.654,0.55,0.55,0.545387,59.418,0.54,0.54,0.538403,
12/31/2009,327.832,327.832,-188.349,188.349,139.483,0.0,-80.055,71.776,8.265,0.014,59.428,-2.756,,3.291,,,-0.535,56.672,-15.666,41.006,0.0,0.0,0.0,41.006,,41.006,0.0,0.0,41.006,41.81135,0.80535,58.962,0.7,0.7,0.709124,59.758,0.69,0.69,0.703477,
03/31/2010,332.129,332.129,-189.921,189.921,142.208,0.0,-90.851,75.717,9.973,5.161,51.357,-3.423,,3.667,,,-0.244,47.934,-18.099,29.835,0.0,0.0,0.0,29.835,,29.835,0.0,0.0,29.835,33.5522,3.7172,59.173,0.5,0.5,0.567019,59.851,0.5,0.5,0.562108,
06/30/2010,188.98,188.98,-170.914,170.914,18.066,0.0,-81.067,72.117,8.609,0.341,-63.001,-2.845,,3.007,,,-0.162,-65.846,20.636,-45.21,0.0,0.0,0.0,-45.21,,-45.21,0.0,0.0,-45.21,-44.72185,0.48815,59.397,-0.76,-0.76,-0.752931,59.397,-0.76,-0.76,-0.752931,
09/30/2010,312.425,312.425,-177.37,177.37,135.055,0.0,-80.147,71.999,8.043,0.105,54.908,-2.808,,2.996,,,-0.188,52.1,-16.389,35.711,0.0,0.0,0.0,35.711,,35.711,0.0,0.0,35.711,36.42015,0.70915,59.356,0.6,0.6,0.613588,60.049,0.59,0.59,0.60181,
12/31/2010,328.283,328.283,-191.269,191.269,137.014,0.0,-101.183,93.467,7.739,-0.023,35.831,-2.728,,3.049,,,-0.321,33.103,-11.338,21.765,0.0,0.0,0.0,21.765,,21.765,0.0,0.0,21.765,34.0752,12.3102,59.233,0.37,0.37,0.575274,60.176,0.36,0.36,0.56457,
03/31/2011,377.76,377.76,-221.733,221.733,156.027,0.0,-98.553,87.885,9.889,0.779,57.474,-3.011,,2.948,,,0.063,54.463,-15.463,39.0,0.0,0.0,0.0,39.0,,39.0,0.0,0.0,39.0,39.82595,0.82595,59.239,0.66,0.66,0.672293,60.109,0.65,0.65,0.663741,
06/30/2011,318.639,318.639,-185.714,185.714,132.925,0.0,-86.024,77.009,8.757,0.258,46.901,-3.104,,2.997,,,0.107,43.797,-15.066,28.731,0.0,0.0,0.0,28.731,,28.731,0.0,0.0,28.731,29.0781,0.3471,59.255,0.48,0.48,0.490728,60.103,0.48,0.48,0.485775,
09/30/2011,342.707,342.707,-209.398,209.398,133.309,0.0,-85.666,76.652,8.915,0.099,47.643,-2.399,,3.081,,,-0.682,45.244,-15.68,29.564,0.0,0.0,0.0,29.564,,29.564,0.0,0.0,29.564,29.60535,0.04135,58.744,0.5,0.5,0.503972,59.38,0.5,0.5,0.500696,
12/31/2011,355.215,355.215,-217.209,217.209,138.006,0.0,-84.282,73.922,9.196,1.164,53.724,-2.632,,3.005,,,-0.373,51.092,-17.443,33.649,0.0,0.0,0.0,33.649,,33.649,0.0,0.0,33.649,34.43695,0.78795,57.782,0.58,0.58,0.595981,58.237,0.58,0.58,0.59353,
03/31/2012,390.249,390.249,-226.024,226.024,164.225,0.0,-90.177,81.969,9.085,-0.877,74.048,-3.073,,2.982,,,0.091,70.975,-26.804,44.171,0.0,0.0,0.0,44.171,,44.171,0.0,0.0,44.171,33.2152,-10.9558,57.686,0.77,0.77,0.575793,58.133,0.76,0.76,0.571539,
06/30/2012,336.96,336.96,-199.708,199.708,137.252,0.0,-88.95,79.774,9.312,-0.136,48.302,-2.712,,2.972,,,-0.26,45.59,-15.236,30.354,0.0,0.0,0.0,30.354,,30.354,0.0,0.0,30.354,30.4447,0.0907,57.911,0.52,0.52,0.525715,58.312,0.52,0.52,0.521555,
09/30/2012,356.321,356.321,-203.2,203.2,153.121,0.0,-90.844,81.04,9.852,-0.048,62.277,-3.375,,3.406,,,-0.031,58.902,-18.757,40.145,0.0,0.0,0.0,40.145,,40.145,0.0,0.0,40.145,29.1459,-10.9991,58.264,0.69,0.69,0.500239,58.792,0.68,0.68,0.492915,
12/31/2012,380.405,380.405,-227.283,227.283,153.122,0.0,-85.982,75.953,10.415,-0.386,67.14,-3.869,,4.207,,,-0.338,63.271,-15.174,48.097,0.0,0.0,0.0,48.097,,48.097,0.0,0.0,48.097,31.4288,-16.6682,58.425,0.82,0.82,0.537934,58.972,0.82,0.82,0.537354,
03/31/2013,428.216,428.216,-250.448,250.448,177.768,0.0,-112.658,101.909,11.726,-0.977,65.11,-5.774,,5.09,,,0.684,59.336,-17.955,41.381,0.0,0.0,0.0,41.381,,41.381,0.0,0.0,41.381,38.3613,-3.0197,58.622,0.71,0.71,0.654384,59.301,0.7,0.7,0.649078,
06/30/2013,367.652,367.652,-220.806,220.806,146.846,0.0,-105.834,93.929,11.853,0.052,41.012,-4.739,,4.987,,,-0.248,36.273,-3.956,32.317,0.0,0.0,0.0,32.317,,32.317,0.0,0.0,32.317,23.5529,-8.7641,59.005,0.55,0.55,0.399168,59.79,0.54,0.54,0.393419,
09/30/2013,383.762,383.762,-229.256,229.256,154.506,0.0,-104.206,90.661,13.527,0.018,50.3,-4.642,,4.869,,,-0.227,45.658,-15.915,29.743,0.0,0.0,0.0,29.743,,29.743,0.0,0.0,29.743,30.77505,1.03205,59.027,0.5,0.5,0.521372,59.762,0.5,0.5,0.517269,
12/31/2013,405.551,405.551,-241.776,241.776,163.775,0.0,-107.885,95.497,11.58,0.808,55.89,-4.431,,4.672,,,-0.241,51.459,-22.953,28.506,0.0,0.0,0.0,28.506,,28.506,0.0,0.0,28.506,32.8528,4.3468,58.885,0.48,0.48,0.557915,59.685,0.48,0.48,0.552829,
03/31/2014,465.287,465.287,-280.792,280.792,184.495,0.0,-124.89,100.883,11.681,12.326,59.605,-4.619,,4.242,,,0.377,54.986,-16.11,38.876,0.0,0.0,0.0,38.876,,38.876,0.0,0.0,38.876,53.2306,14.3546,58.946,0.66,0.66,0.90304,59.743,0.65,0.65,0.890273,
06/30/2014,412.643,412.643,-242.55,242.55,170.093,0.0,-125.925,113.688,12.409,-0.172,44.168,-4.462,,4.682,,,-0.22,39.706,-15.169,24.537,0.0,0.0,0.0,24.537,,24.537,0.0,0.0,24.537,27.95045,3.41345,59.169,0.41,0.41,0.472383,59.814,0.41,0.41,0.467068,
09/30/2014,462.729,462.729,-268.737,268.737,193.992,0.0,-140.569,126.292,13.006,1.271,53.423,-4.912,,4.948,,,-0.036,48.511,-17.507,31.004,0.0,0.0,0.0,31.004,,31.004,0.0,0.0,31.004,36.6881,5.6841,59.375,0.52,0.52,0.617905,60.02,0.52,0.52,0.614703,
12/31/2014,473.244,473.244,-276.088,276.088,197.156,0.0,-135.81,122.37,14.549,-1.109,61.346,-4.405,,4.822,,,-0.417,56.941,-18.817,38.124,0.0,0.0,0.0,38.124,,38.124,0.0,0.0,38.124,44.07545,5.95145,59.475,0.64,0.64,0.741075,60.146,0.63,0.63,0.72895,
03/31/2015,501.647,501.647,-288.587,288.587,213.06,0.0,-144.786,130.992,14.175,-0.381,68.274,-4.612,,4.735,,,-0.123,63.662,-22.263,41.399,0.0,0.0,0.0,41.399,,41.399,0.0,0.0,41.399,55.85485,14.45585,59.634,0.69,0.69,0.936628,60.201,0.69,0.69,0.930126,
06/30/2015,439.902,439.902,-255.812,255.812,184.09,0.0,-139.874,126.835,13.765,-0.726,44.216,-5.658,,6.12,,,-0.462,38.558,-14.267,24.291,0.0,0.0,0.0,24.291,,24.291,0.0,0.0,24.291,33.36895,9.07795,59.768,0.41,0.41,0.558308,60.286,0.4,0.4,0.550581,
09/30/2015,489.897,489.897,-280.576,280.576,209.321,0.0,-186.658,172.459,14.255,-0.056,22.663,-6.822,,7.485,,,-0.663,15.841,-7.154,8.687,0.0,0.0,0.0,8.687,,8.687,0.0,0.0,8.687,46.036,37.349,59.897,0.15,0.15,0.768586,60.37,0.14,0.14,0.758668,
12/31/2015,618.688,618.688,-380.507,380.507,238.181,0.0,-191.459,177.319,14.334,-0.194,46.722,-17.3,,17.706,,,-0.406,29.422,-8.268,21.154,0.0,0.0,0.0,21.154,-1.109,20.045,,0.0,20.045,55.67785,35.63285,77.221,0.26,0.26,0.72102,77.712,0.26,0.26,0.718524,
03/31/2016,690.277,690.277,-426.388,426.388,263.889,0.0,-164.563,150.097,14.31,0.156,99.326,-10.847,,11.396,,,-0.549,88.479,-30.61,57.869,0.0,0.0,0.0,57.869,-0.129,57.74,0.0,0.0,57.74,60.31265,2.57265,85.907,0.67,0.67,0.702069,86.367,0.67,0.67,0.699787,
06/30/2016,638.378,638.378,-398.388,398.388,239.99,0.0,-166.468,151.886,14.428,0.154,73.522,-10.578,,11.071,,,-0.493,62.944,-14.234,48.71,0.0,0.0,0.0,48.71,-0.309,48.401,0.0,0.0,48.401,51.954,3.553,86.038,0.56,0.56,0.603849,86.519,0.56,0.56,0.601066,
09/30/2016,646.415,646.415,-398.507,398.507,247.908,0.0,-178.345,163.68,14.617,0.048,69.563,-10.64,,10.924,,,-0.284,58.923,-18.721,40.202,0.0,0.0,0.0,40.202,0.214,40.416,0.0,0.0,40.416,54.9357,14.5197,85.851,0.47,0.47,0.639896,86.333,0.47,0.47,0.638183,
12/31/2016,646.774,646.774,-389.165,389.165,257.609,0.0,-231.725,158.76,14.591,58.374,25.884,-10.441,,10.98,,,-0.539,15.443,-19.79,-4.347,0.0,0.0,0.0,-4.347,-0.649,-4.996,0.0,0.0,-4.996,76.77235,81.76835,85.074,-0.06,-0.06,0.902418,85.525,-0.06,-0.06,0.896075,
03/31/2017,681.189,681.189,-401.064,401.064,280.125,0.0,-221.499,205.743,15.761,-0.005,58.626,-11.291,,11.545,,,-0.254,47.335,-21.27,26.065,0.0,0.0,0.0,26.065,0.078,26.143,0.0,0.0,26.143,62.3519,36.2089,84.934,0.31,0.31,0.734122,85.529,0.31,0.31,0.733352,
06/30/2017,607.964,607.964,-351.843,351.843,256.121,0.0,-169.866,155.811,14.004,0.051,86.255,-12.001,,12.466,,,-0.465,74.254,-16.039,58.215,0.0,0.0,0.0,58.215,-0.138,58.077,0.0,0.0,58.077,60.8096,2.7326,85.09,0.68,0.68,0.71465,85.72,0.68,0.68,0.711878,
09/30/2017,634.159,634.159,-367.762,367.762,266.397,0.0,-167.88,153.879,13.974,0.027,98.517,-11.17,11.17,12.683,-1.513,,0.0,87.347,-22.903,64.444,0.0,0.0,0.0,64.444,0.015,64.459,0.0,0.0,64.459,67.611965,3.152965,85.199,0.76,0.76,0.793577,85.869,0.75,0.75,0.786718,
12/31/2017,661.9,661.9,-383.683,383.683,278.217,0.0,-174.937,159.664,15.195,0.078,103.28,-11.344,11.344,12.461,-1.117,,0.0,91.936,3.404,95.34,0.0,0.0,0.0,95.34,-0.559,94.781,0.0,0.0,94.781,82.114434,-12.666566,85.004,1.12,1.12,0.966007,85.719,1.11,1.11,0.962232,
03/31/2018,715.973,715.973,-423.22,423.22,292.753,0.0,-179.13,161.574,17.609,-0.053,113.623,-12.178,12.178,13.019,-0.841,,0.0,101.445,-27.822,73.623,0.0,0.0,0.0,73.623,-0.025,73.598,0.0,0.0,73.598,90.688755,17.090755,84.819,0.87,0.87,1.069203,85.544,0.86,0.86,1.059789,
06/30/2018,638.758,638.758,-369.708,369.708,269.05,0.0,-174.626,158.406,16.22,0.0,94.424,-11.373,11.373,11.74,-0.367,,0.0,83.051,-12.773,70.278,0.0,0.0,0.0,70.278,-0.287,69.991,0.0,0.0,69.991,71.456286,1.465286,84.685,0.83,0.83,0.843789,85.509,0.82,0.82,0.837136,
09/30/2018,678.961,678.961,-394.297,394.297,284.664,0.0,-178.085,162.312,15.773,0.0,106.579,-11.32,11.32,11.393,-0.073,,0.0,95.259,-17.764,77.495,0.0,0.0,0.0,77.495,-0.038,77.457,0.0,0.0,77.457,80.161315,2.704315,84.537,0.92,0.92,0.948239,85.477,0.91,0.91,0.941638,
12/31/2018,696.238,696.238,-409.241,409.241,286.997,0.0,-217.413,176.099,15.167,26.147,69.584,-11.824,10.879,10.879,0.0,,0.945,57.76,-9.334,48.426,0.0,0.0,0.0,48.426,-0.568,47.858,0.0,0.0,47.858,79.967173,32.109173,84.54,0.57,0.57,0.945909,85.441,0.56,0.56,0.935805,
03/31/2019,768.213,768.213,-433.497,433.497,334.716,0.0,-193.838,173.12,15.878,4.84,140.878,-7.478,11.001,11.001,0.0,,-3.523,133.4,-24.523,108.877,0.0,0.0,0.0,108.877,-0.132,108.745,0.0,0.0,108.745,116.781198,8.036198,84.546,1.29,1.29,1.381274,85.447,1.27,1.27,1.364049,
06/30/2019,696.803,696.803,-390.96,390.96,305.843,0.0,-195.755,178.781,15.585,1.389,110.088,-10.678,10.445,10.445,0.0,,0.233,99.41,-14.633,84.777,0.0,0.0,0.0,84.777,-0.187,84.59,0.0,0.0,84.59,91.413671,6.823671,84.638,1.0,1.0,1.080055,85.566,0.99,0.99,1.069747,
09/30/2019,736.84,736.84,-418.173,418.173,318.667,0.0,-191.934,175.959,16.249,-0.274,126.733,-9.426,9.426,10.444,-1.018,,0.0,117.307,-22.165,95.142,0.0,0.0,0.0,95.142,-0.373,94.769,0.0,0.0,94.769,97.733929,2.964929,84.795,1.12,1.12,1.152591,85.695,1.11,1.11,1.144599,
12/31/2019,774.261,774.261,-442.908,442.908,331.353,0.0,-188.966,172.927,16.487,-0.448,142.387,-8.435,8.435,9.813,-1.378,,0.0,133.952,-29.285,104.667,0.0,0.0,0.0,104.667,0.263,104.93,0.0,0.0,104.93,107.378071,2.448071,84.788,1.24,1.24,1.26643,85.628,1.23,1.23,1.25859,
03/31/2020,822.991,822.991,-458.931,458.931,364.06,0.0,-206.295,189.064,17.225,0.006,157.765,-9.753,9.577,9.577,0.0,,0.176,148.012,-24.793,123.219,0.0,0.0,0.0,123.219,0.097,123.316,0.0,0.0,123.316,124.974255,1.658255,84.891,1.45,1.45,1.472173,85.676,1.44,1.44,1.459355,
06/30/2020,668.932,668.932,-383.364,383.364,285.568,0.0,-171.567,155.17,16.231,0.166,114.001,-7.203,7.203,9.492,-2.289,,0.0,106.798,-18.674,88.124,0.0,0.0,0.0,88.124,0.066,88.19,0.0,0.0,88.19,89.547654,1.357654,84.959,1.04,1.04,1.05401,85.676,1.03,1.03,1.045846,
09/30/2020,717.0,,,,310.8912,,,,,,143.2,,,,,,,135.4,,88.0,,,,,,88.0,,,88.0,109.2,,,1.123,1.123,1.253,,1.123,1.123,1.253,
12/31/2020,771.833,,,,335.4386218,,,,,,160.6,,,,,,,152.6,,101.0,,,,,,101.0,,,101.0,123.0,,,1.278,1.278,1.418,,1.278,1.278,1.418,
