Date,Net Revenue,Net Interest Income,Total Interest Income,Interest Income,Investment Income,Total Interest Expense,Total Non-Interest Income,Trading Securities G/L,Trading Account Profits/Losses,Investment & Loan Inc (Loss),Other Income (Loss),Commissions & Fees Earned,Other Operating Income (Losses),Provision for Loan Losses,Net Revenue after Provisions,Total Non-Interest Expense,Commissions & Fees Paid,Other Operating Expenses,Operating Income (Loss),Non-Operating (Income) Loss,Other Non-Op (Income) Loss,"Pretax Income (Loss), GAAP",Income Tax Expense (Benefit),Income (Loss) from Cont Ops,Net Extraordinary Losses (Gains),Discontinued Operations,XO & Accounting Changes,Income (Loss) Incl. MI,Minority Interest,"Net Income, GAAP",Preferred Dividends,Other Adjustments,"Net Income Avail to Common, GAAP","Net Income Avail to Common, Adj",Net Abnormal Losses (Gains),Basic Weighted Avg Shares,"Basic EPS, GAAP",Basic EPS from Cont Ops,"Basic EPS from Cont Ops, Adjusted",Diluted Weighted Avg Shares,"Diluted EPS, GAAP",Diluted EPS from Cont Ops,"Diluted EPS from Cont Ops, Adjusted",Source: Bloomberg
03/31/1990,444.976962,308.246964,701.006973,595.107971,105.899002,-392.76001,136.729999,0.195,,,,121.682999,14.852,-38.008999,406.967964,-289.872009,0.0,289.872009,117.096001,0.0,0.0,117.096001,-29.225,87.871002,0.0,,,87.871,0.0,87.871002,0.0,,87.871002,87.871002,,255.710007,0.345,0.345,,255.710007,0.345,0.345,0.345,
06/30/1990,450.093993,312.736992,708.37899,591.575989,116.803001,-395.641998,137.357001,1.579,,,,123.110001,12.668,-64.591003,385.502989,-285.355011,0.0,285.355011,100.148003,0.0,0.0,100.148003,-11.654,88.494003,0.0,,,88.494002,0.0,88.494003,0.0,,88.494003,88.494003,,255.300003,0.345,0.345,,255.300003,0.345,0.345,0.345,
09/30/1990,450.765003,316.222,716.057999,593.237,122.820999,-399.835999,134.543003,1.225,,,,124.940002,8.378,-41.643002,409.122001,-293.390015,0.0,293.390015,115.732002,0.0,0.0,115.732002,-27.5,88.232002,0.0,,,88.232002,0.0,88.232002,0.0,,88.232002,88.232002,,254.475998,0.345,0.345,,254.475998,0.345,0.345,0.345,
12/31/1990,468.704021,328.268022,733.978013,600.244019,133.733994,-405.709991,140.435999,2.392,,,,128.445999,9.598,-52.650002,416.054019,-304.834015,0.0,304.834015,111.220001,0.0,0.0,111.220001,-25.447001,85.773003,0.0,,,85.773,0.0,85.773003,0.0,,85.773003,85.773003,,253.675004,0.34,0.34,0.34,253.675004,0.34,0.34,0.34,
03/31/1991,470.632009,329.442017,712.231018,579.171021,133.059998,-382.789001,141.189993,1.663,,,,130.595993,8.931,-50.071999,420.560011,-303.484009,0.0,303.484009,117.075996,0.0,0.0,117.075996,-28.037001,89.039001,0.0,,,89.038996,0.0,89.039001,0.0,,89.039001,89.039001,,254.509995,0.35,0.35,,254.509995,0.35,0.35,0.35,
06/30/1991,488.679013,333.713013,698.215027,565.254028,132.960999,-364.502014,154.966,2.406,,,,141.707001,10.853,-57.240002,431.439011,-304.872986,0.0,304.872986,126.566002,0.0,0.0,126.566002,-34.042,92.524002,0.0,,,92.524002,0.0,92.524002,0.0,,92.524002,92.524002,,255.636002,0.36,0.36,,255.636002,0.36,0.36,0.36,
09/30/1991,491.852986,340.095993,680.848007,540.997009,139.850998,-340.752014,151.756993,1.132,,,,136.858994,13.766,-46.514999,445.337987,-316.52301,0.0,316.52301,128.815002,0.0,0.0,128.815002,-35.160999,93.653999,0.0,,,93.654003,0.0,93.653999,0.0,,93.653999,93.653999,,256.313995,0.365,0.365,,256.313995,0.365,0.365,0.365,
12/31/1991,497.846013,348.466018,666.69902,519.197021,147.501999,-318.233002,149.379995,-3.344,,,,140.910995,11.813,-52.362999,445.483014,-320.101013,0.0,320.101013,125.382004,5.3,-5.3,130.682004,-35.231998,95.449997,0.0,,,95.450006,0.0,95.449997,0.0,,95.449997,95.449997,,256.205994,0.375,0.375,0.375,256.205994,0.375,0.375,0.375,
03/31/1992,545.194995,376.983994,659.537003,500.479004,159.057999,-282.553009,168.211002,1.315,,,,151.552002,15.344,-52.543999,492.650997,-349.238007,0.0,349.238007,143.412994,0.0,0.0,143.412994,-40.929001,102.484001,0.0,,,102.483994,0.0,102.484001,0.0,,102.484001,102.484001,,261.484009,0.39,0.39,,261.484009,0.39,0.39,0.39,
06/30/1992,554.025004,388.459,646.272995,478.727997,167.544998,-257.813995,165.566004,4.029,,,,151.033005,10.504,-55.844002,498.181002,-344.871002,0.0,344.871002,153.309998,0.0,0.0,153.309998,-47.410999,105.899002,0.0,,,105.898998,0.0,105.899002,0.0,,105.899002,105.899002,,259.112,0.41,0.41,,259.112,0.41,0.41,0.41,
09/30/1992,560.879989,393.968994,622.368988,473.730988,148.638,-228.399994,166.910995,2.191,,,,153.481995,11.238,-56.358002,504.521987,-351.167999,0.0,351.167999,153.354004,0.0,0.0,153.354004,-46.853001,106.500999,0.0,,,106.501003,0.0,106.500999,0.0,,106.500999,106.500999,,257.667999,0.415,0.415,,257.667999,0.415,0.415,0.415,
12/31/1992,575.209983,403.146988,609.376984,459.174988,150.201996,-206.229996,172.062995,5.805,,,,155.425995,10.832,-69.496002,505.713981,-380.02301,0.0,380.02301,125.691002,0.0,0.0,125.691002,-36.178001,89.513,0.0,,,89.513001,0.0,89.513,0.0,,89.513,89.513,,256.191986,0.35,0.35,0.35,256.191986,0.35,0.35,0.35,
03/31/1993,574.784971,394.077972,593.718979,453.372986,140.345993,-199.641006,180.706999,4.325,,,,162.251999,14.13,-46.215,528.569971,-353.72699,0.0,353.72699,174.843002,0.0,0.0,174.843002,-59.375999,115.467003,0.0,,,115.467003,0.0,115.467003,0.0,,115.467003,115.467003,,255.733994,0.45,0.45,,255.733994,0.45,0.45,0.45,
06/30/1993,575.38699,393.495987,588.950989,457.243988,131.707001,-195.455002,181.891003,3.504,,,,165.953003,12.434,-46.248001,529.138989,-353.893005,0.0,353.893005,175.246002,0.0,0.0,175.246002,-56.469002,118.777,0.0,,,118.777,0.0,118.777,0.0,,118.777,118.777,,252.272003,0.47,0.47,,252.272003,0.47,0.47,0.47,
09/30/1993,574.415008,392.597015,591.019012,461.018005,130.001007,-198.421997,181.817993,3.09,,,,166.498993,12.229,-49.655998,524.75901,-346.869995,0.0,346.869995,177.889008,0.0,0.0,177.889008,-57.595001,120.293999,0.0,,,120.294006,0.0,120.293999,0.0,,120.293999,120.293999,,250.481995,0.48,0.48,,250.481995,0.48,0.48,0.48,
12/31/1993,573.566991,391.526993,588.677994,459.806,128.871994,-197.151001,182.039998,2.382,,,,167.044998,12.613,-46.945,526.621991,-353.937988,0.0,353.937988,172.684006,0.0,0.0,172.684006,-53.493,119.191002,0.0,,,119.191006,0.0,119.191002,0.0,,119.191002,119.191002,,246.800004,0.485,0.485,0.485,246.800004,0.485,0.485,0.485,
03/31/1994,569.935999,389.384995,586.582001,458.772003,127.809998,-197.197006,180.551004,2.757,,,,162.908005,14.886,-33.917,536.018999,-345.959015,0.0,345.959015,190.059998,0.0,0.0,190.059998,-62.987,127.072998,0.0,,,127.072998,0.0,127.072998,0.0,,127.072998,127.072998,,243.313995,0.52,0.52,,243.313995,0.52,0.52,0.52,
06/30/1994,582.212021,404.935013,621.17601,493.88501,127.291,-216.240997,177.277008,0.115,,,,160.264008,16.898001,-33.893002,548.31902,-351.487,0.0,351.487,196.832001,0.0,0.0,196.832001,-65.361,131.470993,0.0,,,131.471001,0.0,131.470993,0.0,,131.470993,131.470993,,241.203995,0.545,0.545,,241.203995,0.545,0.545,0.545,
09/30/1994,580.936014,407.803009,652.621002,526.539001,126.082001,-244.817993,173.133005,-0.882,,,,158.546005,15.469,-34.827,546.109014,-348.972992,0.0,348.972992,197.136002,0.0,0.0,197.136002,-65.251999,131.884003,0.0,,,131.884003,0.0,131.884003,0.0,,131.884003,131.884003,,238.542007,0.555,0.555,,238.542007,0.555,0.555,0.555,
12/31/1994,586.724035,417.758034,691.998024,565.676025,126.321999,-274.23999,168.966001,-4.682,,,,165.289001,8.359,-35.203999,551.520036,-353.583008,0.0,353.583008,197.936996,0.0,0.0,197.936996,-65.621002,132.315994,0.0,,,132.315994,0.0,132.315994,0.0,,132.315994,132.315994,,234.100006,0.565,0.565,0.565,234.100006,0.565,0.565,0.565,
03/31/1995,588.759981,411.876976,726.524986,602.932983,123.592003,-314.64801,176.883005,2.057,,,,163.408005,11.418,-25.469,563.290981,-358.105988,0.0,358.105988,205.184998,0.0,0.0,205.184998,-69.149002,136.035995,0.0,,,136.035995,0.0,136.035995,0.0,,136.035995,136.035995,,231.085999,0.59,0.59,,231.085999,0.59,0.59,0.59,
06/30/1995,588.729997,414.484993,758.405983,635.734985,122.670998,-343.92099,174.245004,2.294,,,,160.854004,11.097,-26.219999,562.509998,-349.717987,0.0,349.717987,212.792007,0.0,0.0,212.792007,-71.916,140.876007,0.0,,,140.876007,0.0,140.876007,0.0,,140.876007,140.876007,,230.179993,0.61,0.61,,230.179993,0.61,0.61,0.61,
09/30/1995,600.527022,417.910019,759.879013,639.041016,120.837997,-341.968994,182.617004,1.054,,,,165.966003,15.597,-29.131001,571.396022,-363.079987,0.0,363.079987,208.315994,0.0,0.0,208.315994,-64.615997,143.699997,0.0,,,143.699997,0.0,143.699997,0.0,,143.699997,143.699997,,228.175995,0.63,0.63,,228.175995,0.63,0.63,0.63,
12/31/1995,611.495006,432.169999,782.393998,659.737,122.656998,-350.223999,179.325007,-1.454,,,,170.904007,9.875,-31.288,580.207006,-380.575012,0.0,380.575012,199.632004,0.0,0.0,199.632004,-54.768002,144.863998,0.0,,,144.864002,0.0,144.863998,0.0,,144.863998,144.863998,,226.298004,0.64,0.64,0.64,226.298004,0.64,0.64,0.64,
03/31/1996,636.873973,423.197975,780.52198,656.34198,124.18,-357.324005,213.675998,19.862,,,,181.503998,12.31,-25.028,611.845973,-401.015015,0.0,401.015015,210.830994,0.0,0.0,210.830994,-60.411999,150.419006,0.0,,,150.418995,0.0,150.419006,0.0,,150.419006,150.419006,,222.382004,0.68,0.68,0.68,225.388,0.66,0.66,0.66,
06/30/1996,644.332018,444.258026,798.516022,665.939026,132.576996,-354.257996,200.073992,0.931,,,,180.526993,18.615999,-26.194,618.138018,-393.378998,0.0,393.378998,224.759003,0.0,0.0,224.759003,-72.662003,152.097,0.0,,,152.097,0.0,152.097,0.0,,152.097,152.097,,221.141998,0.68,0.68,0.68,224.061005,0.68,0.68,0.68,
09/30/1996,651.686996,454.388992,820.357986,686.174988,134.182999,-365.968994,197.298003,3.0,,,,184.078003,10.22,-29.933001,621.753995,-389.643005,0.0,389.643005,232.110992,0.0,0.0,232.110992,-76.523003,155.587997,0.0,,,155.58799,0.0,155.587997,0.0,,155.587997,155.587997,,219.610001,0.71,0.71,0.71,222.682999,0.7,0.7,0.7,
12/31/1996,669.306005,462.365005,846.646011,712.002014,134.643997,-384.281006,206.941,3.675,,,,202.209,1.057,-34.761002,634.545003,-399.04599,0.0,399.04599,235.498993,0.0,0.0,235.498993,-76.987999,158.511002,0.0,,,158.510994,0.0,158.511002,0.0,,158.511002,158.511002,,218.352997,0.73,0.73,0.73,221.839996,0.72,0.72,0.72,
03/31/1997,1011.399987,685.5,1254.900024,1254.900024,,-569.400024,325.899987,10.3,,,,287.299988,28.299999,-55.900002,955.499986,-594.400024,0.0,594.400024,361.100006,0.0,0.0,361.100006,-128.5,232.600006,0.0,,,232.600006,0.0,232.600006,0.0,,232.600006,232.600006,,320.817993,0.72,0.72,0.72,325.342987,0.71,0.71,0.71,
06/30/1997,1029.599921,691.299927,1286.699951,1286.699951,,-595.400024,338.299994,5.4,,,,298.399994,34.5,-65.199997,964.399924,-595.299988,0.0,595.299988,369.100006,0.0,0.0,369.100006,-128.199997,240.899994,0.0,,,240.900009,0.0,240.899994,0.0,,240.899994,240.899994,,316.68399,0.76,0.76,0.76,320.709991,0.75,0.75,0.75,
09/30/1997,1027.499938,697.699951,1329.699951,1329.699951,,-632.0,329.799987,5.6,,,,309.299988,14.9,-48.099998,979.39994,-602.599976,0.0,602.599976,376.799988,0.0,0.0,376.799988,-129.0,247.800003,0.0,,,247.799988,0.0,247.800003,0.0,,247.800003,247.800003,,314.721008,0.79,0.79,0.79,319.256989,0.78,0.78,0.78,
12/31/1997,1071.900012,710.200012,1366.900024,1366.900024,,-656.700012,361.7,8.3,,,,327.5,25.9,-55.900002,1016.00001,-623.400024,0.0,623.400024,392.600006,0.0,0.0,392.600006,-138.0,254.600006,0.0,,,254.600006,0.0,254.600006,0.0,,254.600006,254.600006,,313.617004,0.81,0.81,0.81,318.480011,0.8,0.8,0.8,
03/31/1998,1118.445,719.786,1387.823,1178.214,209.609,-668.037,398.659,15.765,,,,337.689,45.205,-51.722,1066.723,-660.386,0.0,660.386,406.337,0.0,0.0,406.337,-141.403,264.934,0.0,,,264.934,0.0,264.934,0.0,,264.934,264.934,,315.678,0.84,0.84,0.84,320.386,0.83,0.83,0.83,
06/30/1998,1155.772,734.481,1425.538,1209.351,216.187,-691.057,421.291,16.879,,,,356.948,47.464,-55.24,1100.532,-688.096,0.0,688.096,412.436,0.0,0.0,412.436,-141.008,271.428,0.0,,,271.428,0.0,271.428,0.0,,271.428,271.428,,314.999,0.86,0.86,0.86,319.689,0.85,0.85,0.85,
09/30/1998,1181.531,721.426,1419.601,1205.635,213.966,-698.175,460.105,7.396,,,,393.16,59.549,-40.49,1141.041,-732.965,0.0,732.965,408.076,0.0,0.0,408.076,-131.316,276.76,0.0,,,276.76,0.0,276.76,0.0,,276.76,276.76,,313.572,0.88,0.88,0.88,317.92,0.87,0.87,0.87,
12/31/1998,1189.546028,753.42804,1442.938049,1157.144043,285.794006,-689.51001,436.117989,-31.833,,,,345.946991,122.003998,-47.150002,1142.396027,-731.52002,0.0,731.52002,410.876007,-161.919006,161.919006,248.957001,-91.061996,157.895004,0.0,,,157.895004,0.0,157.895004,0.0,,157.895004,157.895004,,315.403015,0.5,0.5,0.87,320.223999,0.49,0.49,0.86,
03/31/1999,1214.745,769.818,1441.97,1220.814,221.156,-672.152,444.927,9.857,,,,390.875,44.195,-41.995,1172.75,-727.054,0.0,727.054,445.696,-13.844,13.844,431.852,-150.115,281.737,0.0,,,281.737,0.0,281.737,0.0,,281.737,281.737,,318.090071,0.89,0.89,0.92,322.36387,0.87,0.87,0.9,
06/30/1999,1254.135,784.802,1452.536,1220.747,231.789,-667.734,469.333,15.316,,,,399.822,54.195,-48.822,1205.313,-734.758,0.0,734.758,470.555,-17.547,17.547,453.008,-159.345,293.663,0.0,,,293.663,0.0,293.663,0.0,,293.663,293.663,,318.315379,0.92,0.92,0.97,322.44849,0.91,0.91,0.96,
09/30/1999,1241.575,794.98,1506.442,1257.12,249.322,-711.462,446.595,8.715,,,,391.799,46.081,-46.517,1195.058,-685.195,,685.195,509.863,-7.116,7.116,502.747,-181.341,321.406,0.0,,,321.406,0.0,321.406,0.0,,321.406,321.406,,318.238977,1.01,1.01,1.02,322.222668,1.0,1.0,1.01,
12/31/1999,1111.422,795.856,1559.26,1132.784,426.476,-763.404,315.566,-142.964,,,,403.585,54.945,-33.104,1078.318,-763.177,0.0,763.177,315.141,-7.093,7.093,308.048,-80.904,227.144,-202.648,,,429.792,0.0,429.794,0.0,,429.794,429.794,,317.079,1.36,0.72,0.73,321.174,1.35,0.72,0.73,
03/31/2000,1219.445,782.593,1610.829,1331.223,279.606,-828.236,436.852,18.875,,,,387.978,29.999,-22.292,1197.153,-690.682,0.0,690.682,506.471,-13.633,13.633,492.838,-173.399,319.439,0.0,,,319.439,0.0,319.439,0.0,0.0,319.439,319.439,,303.461233,1.05,1.05,1.08,306.738634,1.04,1.04,1.07,
06/30/2000,1213.0,769.03,1672.049,1399.195,272.854,-903.019,443.97,0.089,,,,405.127,38.754,-27.693,1185.307,-701.601,0.0,701.601,483.706,-18.183,18.183,465.523,-148.054,317.469,0.0,,,317.469,0.0,317.469,0.0,0.0,317.469,317.469,,298.985834,1.06,1.06,1.1,302.140506,1.05,1.05,1.09,
09/30/2000,1218.683,771.45,1764.216,1489.507,274.709,-992.766,447.233,4.338,,,,409.309,33.586,-30.54,1188.143,-698.315,0.0,698.315,489.828,-8.255,8.255,481.573,-154.753,326.82,0.0,,,326.82,0.0,326.82,0.0,0.0,326.82,326.82,,295.574838,1.11,1.11,1.12,298.558479,1.1,1.1,1.11,
12/31/2000,1308.226,862.653,1875.616,1507.679,367.937,-1012.963,445.573,-16.686,,,,399.981,62.278,-53.449,1254.777,-695.475,0.0,695.475,482.011,-2.389,2.389,479.622,-149.25,330.372,0.0,,,330.372,0.0,330.372,0.0,0.0,330.372,330.372,,297.834,1.13,1.13,1.14,300.956,1.11,1.11,1.12,
03/31/2001,1330.776,804.857,1743.874,1466.573,277.301,-939.017,525.919,86.811,,,,402.791,36.317,-67.3,1263.476,-742.697,0.0,742.697,520.779,0.0,0.0,520.779,-183.254,337.525,0.0,,,337.525,0.0,337.525,0.0,0.0,337.525,337.525,,291.805,1.16,1.16,1.16,295.832,1.14,1.14,1.14,
06/30/2001,1345.715,823.903,1634.658,1297.214,337.444,-810.755,521.812,52.623,,,,434.822,34.367,-39.615,1306.1,-763.838,,763.838,542.262,,,542.262,-177.292,364.97,17.824,,,347.146,,347.146,0.0,0.0,347.146,347.146,,287.878,1.21,1.27,1.25,291.677,1.19,1.25,1.23,
09/30/2001,1354.231,803.829,1509.944,1196.383,313.561,-706.115,550.402,66.209,,,,443.01,41.183,-80.157,1274.074,-744.812,0.0,744.812,529.262,-32.0,32.0,497.262,-163.118,334.144,0.0,,,334.144,0.0,334.144,0.0,0.0,334.144,334.144,,285.57,1.17,1.17,1.24,289.601,1.15,1.15,1.22,
12/31/2001,1377.701,820.011,1391.098,1046.363,344.735,-571.087,557.69,-52.563,,,,465.951,144.302,-88.093,1289.608,-862.191,0.0,862.191,427.417,32.0,-32.0,459.417,-126.837,332.58,-24.142,,,356.722,0.0,356.722,0.0,0.0,356.722,356.722,,287.702,1.24,1.16,1.08,291.584,1.24,1.16,1.08,
03/31/2002,1388.639,798.106,1297.589,1070.831,226.758,-499.483,590.533,89.108,,,,458.61,42.815,-118.275,1270.364,-796.881,0.0,796.881,473.483,-61.298,61.298,412.185,-107.304,304.881,0.0,,,304.881,0.0,304.881,0.0,0.0,304.881,304.881,,284.055,1.07,1.07,1.21,287.375,1.06,1.06,1.2,
06/30/2002,1415.075,813.388,1291.952,1018.172,273.78,-478.564,601.687,79.97,,,,487.58,34.137,-111.018,1304.057,-793.982,0.0,793.982,510.075,0.0,0.0,510.075,-166.39,343.685,0.0,,,343.685,0.0,343.685,0.0,0.0,343.685,343.685,,283.293,1.22,1.22,1.22,287.288,1.2,1.2,1.2,
09/30/2002,1388.496,805.114,1270.717,1009.347,261.37,-465.603,583.382,69.366,,,,514.016,0.0,-98.699,1289.797,-808.139,0.0,808.139,479.146,0.0,0.0,479.146,-136.153,342.993,0.0,,,342.993,0.0,342.993,0.0,0.0,342.993,342.993,,282.31,1.21,1.21,1.21,285.991,1.2,1.2,1.2,
12/31/2002,1443.174,827.101,1274.939,916.596,358.343,-447.838,616.073,-33.897,,,,492.799,157.171,-141.8,1301.374,-927.268,0.0,927.268,376.618,,,376.618,-81.668,340.25,0.0,,,294.95,0.0,340.25,0.0,0.0,340.25,340.25,,282.495,1.21,1.21,1.21,286.052,1.2,1.2,1.2,
03/31/2003,1370.129,822.47,1218.121,1031.954,186.167,-395.651,547.659,72.832,,,,456.84,17.987,-80.803,1289.326,-818.229,0.0,818.229,471.097,0.0,0.0,471.097,-143.249,327.848,0.0,,,327.848,0.0,327.848,0.0,0.0,327.848,327.848,,278.631,1.18,1.18,1.18,281.33,1.17,1.17,1.17,
06/30/2003,1438.759,799.513,1174.04,908.868,265.172,-374.527,639.246,60.821,,,,578.425,0.0,-82.662,1356.097,-837.728,0.0,837.728,475.915,0.0,0.0,475.915,-145.556,330.359,0.0,,,330.359,0.0,330.359,0.0,0.0,330.359,330.359,,277.397,1.19,1.19,1.19,280.287,1.17,1.17,1.17,
09/30/2003,1414.796,832.8,1177.745,894.768,282.977,-344.945,581.996,57.92,,,,524.076,0.0,-79.799,1334.997,-859.865,0.0,859.865,467.614,0.0,0.0,467.614,-136.031,331.583,0.0,,,331.583,0.0,331.583,0.0,0.0,331.583,331.583,,278.296,1.19,1.19,1.19,281.567,1.18,1.18,1.18,
12/31/2003,1399.62,865.52,1198.936,790.788,408.148,-333.416,534.1,-67.697,,,,358.926,242.871,-70.286,1329.334,-884.794,0.0,884.794,494.512,,,494.512,-152.005,342.507,0.0,,,342.507,0.0,342.507,0.0,0.0,342.507,342.507,,278.295,1.23,1.23,1.23,281.434,1.21,1.21,1.21,
03/31/2004,1446.734,851.648,1173.864,889.685,284.179,-322.216,595.086,34.317,,,,514.428,46.341,-59.388,1387.346,-889.748,0.0,889.748,497.598,0.0,0.0,497.598,-139.121,358.477,0.0,,,358.477,0.0,358.477,0.0,0.0,358.477,358.477,,279.523,1.28,1.28,1.28,283.523,1.26,1.26,1.26,
06/30/2004,1504.142,872.429,1188.074,892.575,295.499,-315.645,631.713,0.0,,,,576.76,54.953,-38.751,1465.391,-928.449,0.0,928.449,527.894,0.0,0.0,527.894,-163.057,364.837,0.0,,,364.837,0.0,364.837,0.0,0.0,364.837,364.837,,279.84,1.31,1.31,1.31,283.116,1.29,1.29,1.29,
09/30/2004,1504.566,876.874,1252.177,965.767,286.41,-375.303,627.692,5.15,,,,537.966,84.576,-41.774,1462.792,-929.849,0.0,929.849,532.943,,,532.943,-164.177,368.766,,,,368.766,0.0,368.766,0.0,,368.766,368.766,,280.185,1.31,1.31,1.31,283.502,1.3,1.3,1.3,
12/31/2004,1843.207,1084.204,1084.204,725.554,358.65,,759.003,-19.377,,,,319.414,458.966,-37.099,1806.108,-1120.591,0.0,1120.591,685.517,-28.401,28.401,657.116,-201.387,455.729,0.0,,,455.729,0.0,455.729,0.0,0.0,455.729,455.729,,357.524,1.274681,1.274681,1.32,362.661,1.256625,1.256625,1.31,
03/31/2005,1845.5,1111.56,1716.022,1332.854,383.168,-604.462,733.94,38.387,,,,613.299,82.254,-10.556,1834.944,-1108.168,,1108.168,726.776,-5.864,5.864,720.912,-228.618,492.294,,,,492.294,,492.294,0.0,,492.294,492.294,,358.253,1.37,1.37,1.37,363.138,1.36,1.36,1.36,
06/30/2005,1894.618,1123.709,1843.273,1445.517,397.756,-719.564,770.909,31.792,,,,631.378,107.739,-47.811,1846.807,-1118.563,,1118.563,728.244,-54.262,54.262,673.982,-208.282,465.7,,,,465.7,,465.7,0.0,,465.7,465.7,,359.09,1.3,1.3,1.39,363.642,1.28,1.28,1.37,
09/30/2005,1985.551,1156.661,1996.674,1583.111,413.563,-840.013,828.89,39.768,,,,642.762,146.36,-70.393,1915.158,-1164.967,,1164.967,750.191,-8.596,8.596,741.595,-230.821,510.774,,,,510.774,,510.774,0.0,,510.774,510.774,,359.702,1.42,1.42,1.42,363.854,1.4,1.4,1.4,
12/31/2005,1984.959,1187.036,2175.34,1711.37,463.97,-988.304,797.923,28.018,,,,655.864,114.041,-48.126,1936.833,0.0,0.0,0.0,736.444,-6.538,6.538,729.906,-21.435,518.471,0.0,,,708.471,0.0,518.471,0.0,0.0,518.471,518.471,,359.203,1.44,1.44,1.45,363.175,1.43,1.43,1.44,
03/31/2006,2030.547,1179.041,2278.713,1808.306,470.407,-1099.672,851.506,36.979,,,,737.81,76.717,-33.403,1997.144,-1226.491,0.0,1226.491,770.653,0.0,0.0,770.653,-239.126,531.527,0.0,,,531.527,0.0,531.527,0.0,0.0,531.527,531.527,,359.934,1.48,1.48,1.48,363.437,1.46,1.46,1.46,
06/30/2006,2044.112,1168.743,2423.087,1954.904,468.183,-1254.344,875.369,52.04,,,,750.247,73.082,-51.759,1992.353,-1214.093,0.0,1214.093,778.26,0.0,0.0,778.26,-234.258,544.002,0.0,,,544.002,0.0,544.002,0.0,0.0,544.002,544.002,,361.267,1.51,1.51,1.51,364.391,1.49,1.49,1.49,
09/30/2006,1897.564,1151.392,2525.489,2040.637,484.852,-1374.097,746.172,-71.412,,,,735.801,81.783,-61.568,1835.996,-1205.499,0.0,1205.499,630.497,112.759,-112.759,743.256,-207.668,535.588,0.0,,,535.588,0.0,535.588,0.0,0.0,535.588,535.588,,361.805,1.48,1.48,1.44,365.121,1.47,1.47,1.43,
12/31/2006,2043.855,1161.289,2564.731,1945.166,619.565,-1403.442,847.189,9.586,9.586,,,740.13,97.473,-75.806,1968.049,-1233.777,0.0,1233.777,734.272,,,734.272,-202.906,531.366,0.0,,,531.366,0.0,531.366,-7.729,0.0,523.637,523.637,,354.677,1.48,1.48,1.5,358.292,1.46,1.46,1.48,
03/31/2007,2011.125,1164.559,2528.057,2006.511,521.546,-1363.498,846.566,90.221,,,,686.133,70.212,-56.441,1954.684,-1235.997,,1235.997,718.687,32.34,-32.34,751.027,-229.731,521.296,,,,521.296,0.0,521.296,-7.363,,513.933,513.933,,353.448,1.45,1.45,1.39,357.214,1.44,1.44,1.38,
06/30/2007,2115.1,1195.284,2543.87,1991.151,552.719,-1348.586,919.816,18.043,,,,792.035,109.738,-104.68,2010.42,-1251.194,,1251.194,759.226,234.806,-234.806,994.032,-312.601,681.431,,,,681.431,0.0,681.431,-7.519,,673.912,673.912,,351.987,1.91,1.91,1.5,356.008,1.89,1.89,1.48,
09/30/2007,2011.327,1192.188,2515.292,2028.45,486.842,-1323.104,819.139,-30.196,,,,769.205,80.13,-147.02,1864.307,-1236.445,,1236.445,627.862,-54.8,54.8,573.062,-152.898,420.164,,,,420.164,0.0,420.164,-7.526,,412.638,412.638,,346.15,1.19,1.19,1.29,349.592,1.18,1.18,1.28,
12/31/2007,1624.69,1167.513,2448.701,2003.309,445.392,-1281.188,457.177,-431.468,,,,798.818,89.827,-356.781,1267.909,-1378.411,,1378.411,-110.502,41.91,-41.91,-68.592,79.716,11.124,,,,11.124,0.0,11.124,-7.867,,3.257,3.257,,345.917,0.01,0.01,-0.07,348.072,0.01,0.01,-0.07,
03/31/2008,1984.635,1139.867,2258.332,1863.84,394.492,-1118.465,844.768,-32.368,,,,816.3,60.836,-560.022,1424.613,-1282.545,,1282.545,142.068,240.135,-240.135,382.203,-91.648,290.555,,,,290.555,0.0,290.555,-6.977,,283.578,283.578,,346.581,0.82,0.82,0.37,348.072,0.81,0.81,0.36,
06/30/2008,2540.078,1156.716,2066.365,1722.345,344.02,-909.649,1383.362,500.481,,,,826.569,56.312,-448.027,2092.051,-1378.533,,1378.533,713.518,29.648,-29.648,743.166,-202.804,540.362,,,,540.362,0.0,540.362,-5.112,,535.25,535.25,,348.714,1.53,1.53,1.48,349.783,1.53,1.53,1.48,
09/30/2008,2349.622,1146.213,2017.314,1695.744,321.57,-871.101,1203.409,294.182,,,,842.269,66.958,-503.672,1845.95,-1653.086,,1653.086,192.864,66.813,-66.813,259.677,52.767,312.444,,,,312.444,0.0,312.444,-5.111,,307.333,307.333,,349.916,0.88,0.88,0.69,350.97,0.88,0.88,0.69,
12/31/2008,1897.3,1176.86,1985.371,1677.652,307.719,-808.511,309.387,-61.879,-61.879,,0.0,315.646,55.62,-962.494,934.806,-1601.479,0.0,1601.479,-666.673,11.634,-11.634,-656.543,308.956,-347.587,0.0,0.0,0.0,-347.587,0.0,-347.587,-31.634,0.0,-379.221,-379.221,,350.439,-1.08,-1.08,-1.07,351.882,-1.08,-1.08,-1.07,
03/31/2009,2183.336,1062.098,1729.335,1413.935,315.4,-667.237,1121.238,110.67,107.293,3.377,0.0,972.454,38.114,-994.098,1189.238,-2152.023,0.0,2152.023,-962.785,0.0,0.0,-962.785,150.777,-812.008,0.0,0.0,0.0,-812.008,-3.159,-815.167,,-60.214,-875.381,-167.9756,707.4054,351.352,-2.49,-2.49,-0.478084,351.352,-2.49,-2.49,-0.478084,
06/30/2009,2161.332,1089.657,1693.274,1397.666,295.608,-603.617,1071.675,57.183,-30.02,87.203,0.0,973.019,41.473,-962.181,1199.151,-1527.972,0.0,1527.972,-328.821,0.0,0.0,-328.821,148.957,-179.864,0.0,0.0,0.0,-179.864,-3.596,-183.46,,19.032,-164.428,-134.6164,29.8116,399.242,-0.41,-0.41,-0.33718,400.633,-0.41,-0.41,-0.33718,
09/30/2009,1912.509,1137.458,1657.522,1370.746,286.776,-520.064,775.051,-40.174,-86.866,46.692,0.0,768.788,46.437,-1133.929,778.58,-1428.847,0.0,1428.847,-650.267,0.0,0.0,-650.267,336.056,-314.211,0.0,0.0,0.0,-314.211,-2.73,-316.941,,-60.203,-377.144,-375.6646,1.4794,494.169,-0.76,-0.76,-0.760195,494.169,-0.76,-0.76,-0.760195,
12/31/2009,1918.787,1176.787,1629.869,1347.653,282.216,-453.082,742.0,42.0,-31.0,73.0,0.0,663.0,37.0,-974.0,944.787,-1452.787,0.0,1452.787,-508.0,0.0,0.0,-508.0,263.0,-245.0,0.0,0.0,0.0,-245.0,-3.0,-248.0,,-68.0,-316.0,-250.22,65.78,494.332,-0.64,-0.64,-0.506178,498.082,-0.64,-0.64,-0.507933,
03/31/2010,1870.0,1172.0,1574.0,1317.0,257.0,-402.0,698.0,-6.0,-7.0,1.0,0.0,676.0,28.0,-862.0,1008.0,-1361.0,0.0,1361.0,-353.0,0.0,0.0,-353.0,194.0,-159.0,0.0,0.0,0.0,-159.0,-2.0,-161.0,-68.0,0.0,-229.0,-234.85,-5.85,495.0,-0.46,-0.46,-0.474444,498.0,-0.46,-0.46,-0.474444,
06/30/2010,2130.0,1178.0,1570.0,1318.0,252.0,-392.0,952.0,166.0,109.0,57.0,0.0,740.0,46.0,-662.0,1468.0,-1503.0,0.0,1503.0,-35.0,0.0,0.0,-35.0,50.0,15.0,0.0,0.0,0.0,15.0,-3.0,12.0,-68.0,0.0,-56.0,-15.05,40.95,495.351,-0.11,-0.11,-0.030382,498.499,-0.11,-0.11,-0.030382,
09/30/2010,2285.0,1238.0,1604.0,1330.0,274.0,-366.0,1047.0,47.0,-22.0,69.0,0.0,954.0,46.0,-615.0,1670.0,-1499.0,0.0,1499.0,171.0,0.0,0.0,171.0,-14.0,157.0,0.0,0.0,0.0,157.0,-4.0,153.0,-69.0,0.0,84.0,91.8,7.8,495.501,0.17,0.17,0.185267,498.802,0.17,0.17,0.185267,
12/31/2010,2298.0,1266.0,1595.0,1335.0,260.0,-329.0,1032.0,157.0,93.0,64.0,0.0,805.0,70.0,-512.0,1786.0,-1548.0,0.0,1548.0,238.0,0.0,0.0,238.0,-45.0,193.0,0.0,0.0,0.0,193.0,-8.0,185.0,-69.0,-2.0,114.0,116.6,2.6,495.71,0.23,0.23,0.235218,499.423,0.23,0.23,0.235206,
03/31/2011,2132.0,1249.0,1554.0,1314.0,240.0,-305.0,883.0,116.0,52.0,64.0,0.0,720.0,47.0,-447.0,1685.0,-1465.0,0.0,1465.0,220.0,0.0,0.0,220.0,-33.0,187.0,0.0,0.0,0.0,187.0,-7.0,180.0,-68.0,-74.0,38.0,37.35,-0.65,500.0,0.08,0.08,0.0747,504.0,0.08,0.08,0.0747,
06/30/2011,2171.0,1259.0,1546.0,1299.0,247.0,-287.0,912.0,85.0,53.0,32.0,0.0,770.0,57.0,-392.0,1779.0,-1542.0,0.0,1542.0,237.0,0.0,0.0,237.0,-58.0,179.0,0.0,0.0,0.0,179.0,-1.0,178.0,-2.0,-2.0,174.0,173.35,-0.65,531.792,0.33,0.33,0.325973,535.416,0.33,0.33,0.325973,
09/30/2011,2166.0,1263.0,1538.0,1296.0,242.0,-275.0,903.0,68.0,66.0,2.0,0.0,782.0,53.0,-347.0,1819.0,-1560.0,0.0,1560.0,259.0,0.0,0.0,259.0,-45.0,214.0,0.0,0.0,0.0,214.0,1.0,215.0,-2.0,-2.0,211.0,210.35,-0.65,531.928,0.4,0.4,0.395448,535.395,0.39,0.39,0.388786,
12/31/2011,2017.0,1294.0,1543.0,1310.0,233.0,-249.0,723.0,96.0,77.0,19.0,0.0,588.0,39.0,-327.0,1690.0,-1667.0,0.0,1667.0,23.0,0.0,0.0,23.0,57.0,80.0,0.0,0.0,0.0,80.0,-6.0,74.0,-2.0,-1.0,71.0,71.0,0.0,532.146,0.13,0.13,0.13,535.717,0.13,0.13,0.13,
03/31/2012,2187.0,1311.0,1534.0,1300.0,234.0,-223.0,876.0,75.0,57.0,18.0,0.0,744.0,57.0,-317.0,1870.0,-1541.0,0.0,1541.0,329.0,0.0,0.0,329.0,-69.0,260.0,0.0,0.0,0.0,260.0,-10.0,250.0,-3.0,-2.0,245.0,245.0,0.0,533.1,0.46,0.46,0.46,536.407,0.46,0.46,0.46,
06/30/2012,2214.0,1274.0,1492.0,1263.0,229.0,-218.0,940.0,84.0,70.0,14.0,0.0,803.0,53.0,-300.0,1914.0,-1546.0,0.0,1546.0,368.0,0.0,0.0,368.0,-91.0,277.0,0.0,0.0,0.0,277.0,-2.0,275.0,-3.0,-2.0,270.0,278.45,8.45,533.964,0.51,0.51,0.521477,537.495,0.5,0.5,0.515721,
09/30/2012,3813.0,1271.0,1445.0,1257.0,188.0,-174.0,2542.0,1960.0,19.0,1941.0,0.0,613.0,-31.0,-450.0,3363.0,-1726.0,0.0,1726.0,1637.0,0.0,0.0,1637.0,-551.0,1086.0,0.0,0.0,0.0,1086.0,-9.0,1077.0,-2.0,-9.0,1066.0,1067.3,1.3,534.506,1.99,1.99,1.996797,538.699,1.98,1.98,1.982413,
12/31/2012,2261.0,1246.0,1396.0,1215.0,181.0,-150.0,1015.0,66.0,65.0,1.0,0.0,931.0,18.0,-328.0,1933.0,-1510.0,0.0,1510.0,423.0,0.0,0.0,423.0,-62.0,361.0,0.0,0.0,0.0,361.0,-5.0,356.0,-4.0,-2.0,350.0,350.65,0.65,535.012,0.66,0.66,0.655406,539.618,0.65,0.65,0.651205,
03/31/2013,2084.0,1221.0,1359.0,1169.0,190.0,-138.0,863.0,44.0,42.0,2.0,0.0,775.0,44.0,-212.0,1872.0,-1363.0,0.0,1363.0,509.0,0.0,0.0,509.0,-151.0,358.0,0.0,0.0,0.0,358.0,-6.0,352.0,-9.0,-3.0,340.0,340.0,0.0,535.68,0.64,0.64,0.64,539.862,0.63,0.63,0.63,
06/30/2013,2069.0,1211.0,1347.0,1157.0,190.0,-136.0,858.0,49.0,49.0,0.0,0.0,765.0,44.0,-146.0,1923.0,-1397.0,0.0,1397.0,526.0,0.0,0.0,526.0,-146.0,380.0,0.0,0.0,0.0,380.0,-3.0,377.0,-9.0,-3.0,365.0,365.0,0.0,535.172,0.68,0.68,0.68,539.763,0.68,0.68,0.68,
09/30/2013,1888.0,1208.0,1339.0,1148.0,191.0,-131.0,680.0,33.0,33.0,0.0,0.0,637.0,10.0,-95.0,1793.0,-1730.0,0.0,1730.0,63.0,0.0,0.0,63.0,133.0,196.0,0.0,0.0,0.0,196.0,-7.0,189.0,-9.0,-1.0,179.0,388.95,209.95,533.829,0.33,0.33,0.728604,538.85,0.33,0.33,0.719626,
12/31/2013,2027.0,1213.0,1343.0,1159.0,184.0,-130.0,814.0,58.0,57.0,1.0,0.0,701.0,55.0,-101.0,1926.0,-1377.0,0.0,1377.0,549.0,0.0,0.0,549.0,-122.0,427.0,0.0,0.0,0.0,427.0,-1.0,426.0,-13.0,-13.0,400.0,400.0,0.0,532.492,0.751185,0.751185,0.751185,537.921,0.743604,0.743604,0.743604,
03/31/2014,1995.0,1204.0,1336.0,1151.0,185.0,-132.0,791.0,48.0,49.0,-1.0,0.0,705.0,38.0,-102.0,1893.0,-1357.0,0.0,1357.0,536.0,0.0,0.0,536.0,-125.0,411.0,0.0,0.0,0.0,411.0,-6.0,405.0,-9.0,-3.0,393.0,393.0,0.0,531.162,0.74,0.74,0.74,536.992,0.73,0.73,0.73,
06/30/2014,2166.0,1209.0,1346.0,1161.0,185.0,-137.0,957.0,151.0,47.0,104.0,0.0,741.0,65.0,-73.0,2093.0,-1517.0,0.0,1517.0,576.0,0.0,0.0,576.0,-173.0,403.0,0.0,0.0,0.0,403.0,-4.0,399.0,-9.0,-3.0,387.0,435.1,48.1,529.764,0.73,0.73,0.821309,535.486,0.72,0.72,0.809825,
09/30/2014,1995.0,1215.0,1353.0,1152.0,201.0,-138.0,780.0,37.0,46.0,-9.0,0.0,691.0,52.0,-93.0,1902.0,-1259.0,0.0,1259.0,643.0,0.0,0.0,643.0,-67.0,576.0,0.0,0.0,0.0,576.0,0.0,576.0,-9.0,-4.0,563.0,563.0,0.0,527.402,1.07,1.07,1.07,533.23,1.06,1.06,1.06,
12/31/2014,2006.0,1211.0,1349.0,1153.0,196.0,-138.0,795.0,35.0,40.0,-5.0,0.0,718.0,42.0,-74.0,1932.0,-1410.0,0.0,1410.0,522.0,0.0,0.0,522.0,-128.0,394.0,0.0,0.0,0.0,394.0,0.0,394.0,-16.0,0.0,378.0,472.25,94.25,521.775,0.72,0.72,0.905084,527.959,0.72,0.72,0.898518,
03/31/2015,1957.0,1140.0,1272.0,1091.0,181.0,-132.0,817.0,55.0,55.0,0.0,0.0,699.0,63.0,-55.0,1902.0,-1280.0,0.0,1280.0,622.0,0.0,0.0,622.0,-191.0,431.0,0.0,0.0,0.0,431.0,-2.0,429.0,-17.0,-1.0,411.0,411.0,0.0,521.02,0.79,0.79,0.79,526.837,0.78,0.78,0.78,
06/30/2015,2041.0,1167.0,1297.0,1115.0,182.0,-130.0,874.0,68.0,54.0,14.0,0.0,754.0,52.0,-26.0,2015.0,-1328.0,0.0,1328.0,687.0,0.0,0.0,687.0,-202.0,485.0,0.0,0.0,0.0,485.0,-2.0,483.0,-15.0,-1.0,467.0,476.1,9.1,516.968,0.9,0.9,0.920947,522.479,0.89,0.89,0.907417,
09/30/2015,2022.0,1211.0,1333.0,1139.0,194.0,-122.0,811.0,38.0,31.0,7.0,0.0,715.0,58.0,-32.0,1990.0,-1264.0,0.0,1264.0,726.0,0.0,0.0,726.0,-187.0,539.0,0.0,0.0,0.0,539.0,-2.0,537.0,-16.0,-2.0,519.0,491.15,-27.85,513.01,1.01,1.01,0.957389,518.677,1.0,1.0,0.946306,
12/31/2015,2011.0,1246.0,1363.0,1161.0,202.0,-117.0,765.0,42.0,42.0,0.0,0.0,693.0,30.0,-51.0,1960.0,-1288.0,0.0,1288.0,672.0,0.0,0.0,672.0,-185.0,487.0,0.0,0.0,0.0,487.0,-3.0,484.0,-16.0,-1.0,467.0,428.76972,-38.23028,508.536,0.92,0.92,0.843145,514.507,0.91,0.91,0.835695,
03/31/2016,2063.0,1282.0,1411.0,1203.0,208.0,-129.0,781.0,55.0,55.0,0.0,0.0,688.0,38.0,-101.0,1962.0,-1318.0,0.0,1318.0,644.0,0.0,0.0,644.0,-195.0,449.0,0.0,0.0,0.0,449.0,-2.0,447.0,-17.0,0.0,430.0,430.0,0.0,505.482,0.85,0.85,0.85,509.931,0.84,0.84,0.84,
06/30/2016,2186.0,1288.0,1424.0,1222.0,202.0,-136.0,898.0,38.0,34.0,4.0,0.0,785.0,75.0,-146.0,2040.0,-1345.0,0.0,1345.0,695.0,0.0,0.0,695.0,-201.0,494.0,0.0,0.0,0.0,494.0,-2.0,492.0,-17.0,0.0,475.0,445.85,-29.15,501.374,0.95,0.95,0.889256,505.633,0.94,0.94,0.882349,
09/30/2016,2197.0,1308.0,1451.0,1245.0,206.0,-143.0,889.0,65.0,65.0,0.0,0.0,803.0,21.0,-97.0,2100.0,-1409.0,0.0,1409.0,691.0,0.0,0.0,691.0,-215.0,476.0,0.0,0.0,0.0,476.0,-2.0,474.0,-17.0,0.0,457.0,457.0,0.0,496.304,0.92,0.92,0.92,500.885,0.91,0.91,0.91,
12/31/2016,2158.0,1343.0,1492.0,1269.0,223.0,-149.0,815.0,58.0,58.0,,0.0,695.0,62.0,-101.0,2057.0,-1397.0,0.0,1397.0,660.0,0.0,0.0,660.0,-193.0,467.0,0.0,0.0,0.0,467.0,-2.0,465.0,-15.0,-2.0,448.0,467.25,19.25,491.497,0.91,0.91,0.950667,497.055,0.9,0.9,0.938728,
03/31/2017,2213.0,1366.0,1528.0,1289.0,239.0,-162.0,847.0,51.0,51.0,0.0,0.0,746.0,50.0,-119.0,2094.0,-1465.0,0.0,1465.0,629.0,0.0,0.0,629.0,-159.0,470.0,0.0,0.0,0.0,470.0,-2.0,468.0,-17.0,0.0,451.0,451.0,0.0,490.091,0.92,0.92,0.92,496.002,0.91,0.91,0.91,
06/30/2017,2230.0,1403.0,1583.0,1338.0,245.0,-180.0,827.0,47.0,46.0,1.0,0.0,734.0,46.0,-90.0,2140.0,-1388.0,0.0,1388.0,752.0,0.0,0.0,752.0,-222.0,530.0,0.0,0.0,0.0,530.0,-2.0,528.0,-23.0,0.0,505.0,505.0,0.0,482.913,1.05,1.05,1.05,488.02,1.03,1.03,1.03,
09/30/2017,2276.0,1430.0,1635.0,1382.0,253.0,-205.0,846.0,51.0,51.0,0.0,0.0,753.0,42.0,-120.0,2156.0,-1391.0,0.0,1391.0,765.0,0.0,0.0,765.0,-225.0,540.0,0.0,0.0,0.0,540.0,-2.0,538.0,-26.0,0.0,512.0,512.0,0.0,478.258,1.07,1.07,1.07,483.64,1.06,1.06,1.06,
12/31/2017,2267.0,1434.0,1641.0,1376.0,265.0,-207.0,833.0,-68.0,41.0,-109.0,0.0,705.0,196.0,-79.0,2188.0,-1520.0,0.0,1520.0,668.0,0.0,0.0,668.0,74.0,742.0,0.0,0.0,0.0,742.0,-2.0,740.0,-29.0,-1.0,710.0,557.0,-153.0,474.3,1.5,1.5,1.174362,480.359,1.48,1.48,1.161488,
03/31/2018,2237.0,1441.0,1668.0,1398.0,270.0,-227.0,796.0,43.0,42.0,1.0,0.0,682.0,71.0,-28.0,2209.0,-1417.0,0.0,1417.0,792.0,0.0,0.0,792.0,-147.0,645.0,0.0,0.0,0.0,645.0,-2.0,643.0,-31.0,0.0,612.0,612.0,0.0,468.723,1.31,1.31,1.31,473.62,1.29,1.29,1.29,
06/30/2018,2317.0,1488.0,1759.0,1476.0,283.0,-271.0,829.0,53.0,53.0,,0.0,720.0,56.0,-32.0,2285.0,-1390.0,0.0,1390.0,895.0,0.0,0.0,895.0,-171.0,724.0,0.0,0.0,0.0,724.0,-2.0,722.0,-25.0,0.0,697.0,697.0,0.0,465.529,1.5,1.5,1.5,469.339,1.49,1.49,1.49,
09/30/2018,2294.0,1512.0,1834.0,1549.0,285.0,-322.0,782.0,42.0,42.0,,0.0,695.0,45.0,-61.0,2233.0,-1384.0,0.0,1384.0,849.0,0.0,0.0,849.0,-95.0,754.0,0.0,0.0,0.0,754.0,-2.0,752.0,-26.0,0.0,726.0,726.0,0.0,460.252,1.58,1.58,1.58,464.164,1.56,1.56,1.56,
12/31/2018,2365.0,1547.0,1944.0,1634.0,310.0,-397.0,818.0,24.0,24.0,,0.0,700.0,94.0,-87.0,2278.0,-1482.0,0.0,1482.0,796.0,0.0,0.0,796.0,-136.0,660.0,0.0,0.0,0.0,660.0,-2.0,658.0,-26.0,0.0,632.0,679.4,47.4,449.404,1.41,1.41,1.51178,452.957,1.4,1.4,1.504646,
03/31/2019,2328.0,1544.0,1987.0,1697.0,290.0,-443.0,784.0,60.0,60.0,,0.0,676.0,48.0,-153.0,2175.0,-1489.0,0.0,1489.0,686.0,0.0,0.0,686.0,-104.0,582.0,0.0,0.0,0.0,582.0,-2.0,580.0,-26.0,0.0,554.0,594.19958,40.19958,443.566,1.25,1.25,1.339597,446.662,1.24,1.24,1.33,
06/30/2019,2560.0,1535.0,2021.0,1721.0,300.0,-486.0,1025.0,13.0,55.0,-42.0,0.0,685.0,327.0,-127.0,2433.0,-1638.0,0.0,1638.0,795.0,0.0,0.0,795.0,-105.0,690.0,0.0,0.0,0.0,690.0,-2.0,688.0,-25.0,0.0,663.0,669.32,6.32,443.806,1.49,1.49,1.508136,446.391,1.48,1.48,1.494158,
09/30/2019,2353.0,1510.0,2005.0,1708.0,297.0,-495.0,843.0,33.0,29.0,4.0,0.0,733.0,77.0,-132.0,2221.0,-1474.0,0.0,1474.0,747.0,0.0,0.0,747.0,-122.0,625.0,0.0,0.0,0.0,625.0,-2.0,623.0,-26.0,0.0,597.0,614.38,17.38,443.96,1.35,1.35,1.383863,446.962,1.34,1.34,1.378885,
12/31/2019,2366.0,,,,,,,,,,,,,,,,,,,,,775.8,,609.5,,,,,,609.5,,,609.5,612.714,,,1.37,1.37,1.378,,1.37,1.37,1.378,
