Date,Revenue,Sales & Services Revenue,Cost of Revenue,Cost of Goods & Services,Gross Profit,Other Operating Income,Operating Expenses,"Selling, General & Admin",Research & Development,Other Operating Expense,Operating Income (Loss),Non-Operating (Income) Loss,"Interest Expense, Net",Interest Expense,Interest Income,Foreign Exch (Gain) Loss,Other Non-Op (Income) Loss,Pretax Income,Income Tax Expense (Benefit),Income (Loss) from Cont Ops,Net Extraordinary Losses (Gains),Discontinued Operations,XO & Accounting Changes,Income (Loss) Incl. MI,Minority Interest,"Net Income, GAAP",Preferred Dividends,Other Adjustments,"Net Income Avail to Common, GAAP","Net Income Avail to Common, Adj",Net Abnormal Losses (Gains),Basic Weighted Avg Shares,"Basic EPS, GAAP",Basic EPS from Cont Ops,"Basic EPS from Cont Ops, Adjusted",Diluted Weighted Avg Shares,"Diluted EPS, GAAP",Diluted EPS from Cont Ops,"Diluted EPS from Cont Ops, Adjusted",Source: Bloomberg
03/31/1990,45.638,,-15.935,,29.703,,-8.942,,,,20.761,2.01,,0.0,,0.0,-2.01,22.771,-6.034,16.737,0.0,,,16.737,0.0,16.737,0.0,,16.737,16.737,,286.332001,0.058333,0.058333,,286.332001,0.058333,0.058333,0.058333,
06/30/1990,45.681,,-15.855,,29.826,,-9.834,,,,19.992001,2.278,,0.0,,0.0,-2.278,22.270001,-5.902,16.368,0.0,,,16.368001,0.0,16.368,0.0,,16.368,16.368,,287.124001,0.056667,0.056667,,287.124001,0.056667,0.056667,0.056667,
09/30/1990,41.193001,,-14.354,,26.839001,,-8.58,,,,18.259001,2.67,,0.0,,0.0,-2.67,20.929001,-5.243,15.686,0.0,,,15.686001,0.0,15.686,0.0,,15.686,15.686,,287.465996,0.055,0.055,,287.465996,0.055,0.055,0.055,
12/31/1990,42.647999,,-14.286,,28.361999,,-10.059,,,,18.302999,2.757,,0.0,,0.0,-2.757,21.059999,-5.171,15.889,0.0,,,15.888999,0.0,15.889,0.0,,15.889,15.889,,282.014994,0.055,0.055,0.055,282.014994,0.055,0.055,0.055,
03/31/1991,52.285999,,-15.129,,37.157,,-12.55,,,,24.607,2.852,,0.0,,0.0,-2.852,27.459,-7.277,20.181999,0.0,,,20.182,0.0,20.181999,0.0,,20.181999,20.181999,,288.120003,0.07,0.07,,288.120003,0.07,0.07,0.07,
06/30/1991,55.09,,-16.874001,,38.216,,-11.661,,,,26.555,2.773,,0.0,,0.0,-2.773,29.328,-7.772,21.556,0.0,,,21.556,0.0,21.556,0.0,,21.556,21.556,,288.251999,0.075,0.075,,288.251999,0.075,0.075,0.075,
09/30/1991,49.618,,-14.605,,35.013,,-11.382,,,,23.631001,3.158,,0.0,,0.0,-3.158,26.789001,-6.681,20.108,0.0,,,20.108,0.0,20.108,0.0,,20.108,20.108,,288.671997,0.07,0.07,,288.671997,0.07,0.07,0.07,
12/31/1991,52.842999,,-14.186,,38.656999,,-12.803,,,,25.854,3.279,,0.0,,0.0,-3.279,29.133,-7.011,22.122,0.0,,,22.122,0.0,22.122,0.0,,22.122,22.122,,283.925994,0.076667,0.076667,0.076667,283.925994,0.076667,0.076667,0.076667,
03/31/1992,60.055,,-15.882,,44.173,,-13.777,,,,30.396,3.233,,0.0,,0.0,-3.233,33.629,-8.575,25.054001,0.0,,,25.054,0.0,25.054001,0.0,,25.054001,25.054001,,288.431992,0.086667,0.086667,,288.431992,0.086667,0.086667,0.086667,
06/30/1992,57.007999,,-14.212,,42.796,,-13.115,,,,29.681,3.73,,0.0,,0.0,-3.73,33.411,-8.52,24.891001,0.0,,,24.890999,0.0,24.891001,0.0,,24.891001,24.891001,,287.862007,0.086667,0.086667,,287.862007,0.086667,0.086667,0.086667,
09/30/1992,58.280998,,-14.237,,44.043998,,-13.477,,,,30.566999,3.382,,0.0,,0.0,-3.382,33.948999,-8.657,25.292,0.0,,,25.292,0.0,25.292,0.0,,25.292,25.292,,287.280006,0.088333,0.088333,,287.280006,0.088333,0.088333,0.088333,
12/31/1992,64.203003,,-15.919,,48.284003,,-16.67,,,,31.614,3.851,,0.0,,0.0,-3.851,35.465,-9.044,26.421,0.0,,,26.421,0.0,26.421,0.0,,26.421,26.421,,284.969994,0.091667,0.091667,0.091667,284.969994,0.091667,0.091667,0.091667,
03/31/1993,68.153999,,-16.929001,,51.224998,,-15.507,,,,35.717999,3.462,,0.0,,0.0,-3.462,39.179998,-9.991,29.188999,0.0,,,29.188998,0.0,29.188999,0.0,,29.188999,29.188999,,286.662003,0.101667,0.101667,,286.662003,0.101667,0.101667,0.101667,
06/30/1993,66.944,,-16.327,,50.617001,,-15.468,,,,35.148998,3.566,,0.0,,0.0,-3.566,38.714998,-9.872,28.843,0.0,,,28.842999,0.0,28.843,0.0,,28.843,28.843,,283.956001,0.101667,0.101667,,283.956001,0.101667,0.101667,0.101667,
09/30/1993,58.945999,,-13.998,,44.947999,,-14.379,,,,30.569,3.542,,0.0,,0.0,-3.542,34.111,-8.139,25.972,0.0,,,25.972,0.0,25.972,0.0,,25.972,25.972,,282.68399,0.091667,0.091667,,282.68399,0.091667,0.091667,0.091667,
12/31/1993,58.598,,-14.088,,44.51,,-14.658,,,,29.851999,3.364,,0.0,,0.0,-3.364,33.215999,-7.577,25.639,0.0,,,25.638999,0.0,25.639,0.0,,25.639,25.639,,280.002,0.091667,0.091667,0.091667,280.002,0.091667,0.091667,0.091667,
03/31/1994,66.684998,,-16.871,,49.813997,,-16.475,,,,33.339001,3.776,,0.0,,0.0,-3.776,37.115001,-10.578,26.537001,0.0,,,26.537001,0.0,26.537001,0.0,,26.537001,26.537001,,279.89399,0.095,0.095,,279.89399,0.095,0.095,0.095,
06/30/1994,66.736,,-16.459,,50.277,,-16.698999,,,,33.577999,3.071,,0.0,,0.0,-3.071,36.648999,-10.445,26.204,0.0,,,26.204,0.0,26.204,0.0,,26.204,26.204,,280.026009,0.093333,0.093333,,280.026009,0.093333,0.093333,0.093333,
09/30/1994,62.467999,,-15.477,,46.990998,,-16.259001,,,,30.732,3.518,,0.0,,0.0,-3.518,34.25,-9.761,24.489,0.0,,,24.489001,0.0,24.489,0.0,,24.489,24.489,,280.896011,0.086667,0.086667,,280.896011,0.086667,0.086667,0.086667,
12/31/1994,163.751007,,-52.148998,,111.602009,,-109.952003,,,,1.65,-3.309,,0.0,,0.0,3.309,-1.659,3.663,2.004,0.0,,,2.004,0.0,2.004,0.0,,2.004,2.004,,281.885994,0.006667,0.006667,0.006667,281.885994,0.006667,0.006667,0.006667,
03/31/1995,180.498993,,-59.105999,,121.392994,,-74.278999,,,,47.113998,-2.789,,,,,2.789,44.324998,-13.741,30.584,0.0,,,30.583998,0.0,30.584,0.0,,30.584,30.584,,281.988007,0.108333,0.108333,,281.988007,0.108333,0.108333,0.108333,
06/30/1995,195.072006,,-58.985001,,136.087006,,-82.665001,,,,53.422001,-2.008,,,,,2.008,51.414001,-15.801,35.612999,0.0,,,35.613001,0.0,35.612999,0.0,,35.612999,35.612999,,323.099991,0.11,0.11,,323.099991,0.11,0.11,0.11,
09/30/1995,186.175995,,-56.401001,,129.774994,,-78.949997,,,,50.825001,-0.897,,,,,0.897,49.928001,-15.528,34.400002,0.0,,,34.400001,0.0,34.400002,0.0,,34.400002,34.400002,,325.43399,0.105,0.105,,325.43399,0.105,0.105,0.105,
12/31/1995,200.087997,,-60.338001,,139.749996,,-83.800003,,,,55.950001,-0.096,,,,,0.096,55.854001,-17.603001,38.250999,0.0,,,38.251,0.0,38.250999,0.0,,38.250999,38.250999,,325.664,0.11,0.11,0.11,325.664,0.11,0.11,0.11,
03/31/1996,211.828995,,-70.539001,,141.289993,,-101.473999,,,,39.816002,4.787,,,,,-4.787,44.603002,-14.545,30.058001,0.0,,,30.058002,0.0,30.058001,0.0,,30.058001,30.058001,,363.492004,0.0825,0.0825,0.1025,364.339996,0.0825,0.0825,0.1025,
06/30/1996,220.498001,,-73.059998,,147.438004,,-103.539001,,,,43.898998,2.493,,,,,-2.493,46.391998,-16.472,29.92,0.0,,,29.919998,0.0,29.92,0.0,,29.92,29.92,,363.492004,0.08,0.08,0.08,368.268005,0.08,0.08,0.08,
09/30/1996,212.455994,,-69.463997,,142.991997,,-98.291,,,,44.701,1.209,,,,,-1.209,45.91,-15.731,30.179001,0.0,,,30.179,0.0,30.179001,0.0,,30.179001,30.179001,,369.68399,0.0825,0.0825,0.0825,369.68399,0.0825,0.0825,0.0825,
12/31/1996,231.964005,,-81.824997,,150.139008,,-115.809998,,,,34.328999,-80.625,,,,,80.625,-46.296001,16.775999,-29.52,0.0,,,-29.520002,0.0,-29.52,0.0,,-29.52,-29.52,,365.343996,-0.08,-0.08,0.065,365.612,-0.08,-0.08,0.065,
03/31/1997,250.389999,,-91.716003,,158.673996,,-124.678001,,,,33.995998,0.947,,,,,-0.947,34.942998,-12.066,22.877001,0.0,,,22.876998,0.0,22.877001,0.0,,22.877001,22.877001,,365.428009,0.0625,0.0625,0.0625,370.79599,0.0625,0.0625,0.0625,
06/30/1997,261.455994,,-91.632004,,169.82399,,-127.620003,,,,42.203999,-28.278999,,,,,28.278999,13.924999,-5.16,8.765,0.0,,,8.764999,0.0,8.765,0.0,,8.765,8.765,,365.675995,0.025,0.025,0.08,370.372009,0.0225,0.0225,0.0775,
09/30/1997,233.188995,,-88.765999,,144.422997,,-114.668999,,,,29.754,-1.103,,,,,1.103,28.651,-10.099,18.552,0.0,,,18.552,0.0,18.552,0.0,,18.552,18.552,,366.843994,0.05,0.05,0.05,373.003998,0.05,0.05,0.05,
12/31/1997,249.360992,,-93.602997,,155.757996,,-116.225998,,,,39.531998,-28.815001,,,,,28.815001,10.716997,-6.205,4.511997,1.566,,,2.945997,0.0,2.945997,0.0,,2.945997,2.945997,,367.312012,0.0075,0.0125,0.075,369.131989,0.0075,0.0125,0.075,
03/31/1998,257.488,,-98.226,,159.262,0.0,-114.277,92.064,,22.213,44.985,-3.334,,3.788,,-0.555,0.101,44.884,-15.709,29.175,0.0,,,29.175,0.0,29.175,0.0,0.0,29.175,29.175,,362.292,0.08,0.08,0.08,365.26,0.08,0.08,0.08,
06/30/1998,261.231995,,-96.025002,,165.206993,,-115.831001,,,,49.375999,5.322,,7.299,,0.562,-13.183,54.697999,-14.664,40.034,0.0,,,40.034,0.0,40.034,0.0,,40.034,40.034,,335.899994,0.12,0.12,0.0975,339.276001,0.1175,0.1175,0.095,
09/30/1998,248.822006,,-90.704002,,158.118004,,-108.25,,,,49.868004,-7.494,,6.94,,,0.554,42.374004,-12.924,29.450005,0.0,,,29.450004,0.0,29.450005,0.0,,29.450005,29.450005,,336.100006,0.0875,0.0875,0.0875,337.067993,0.0875,0.0875,0.0875,
12/31/1998,248.451996,,-87.985001,,160.466995,,-110.744003,,,,49.722992,-5.949,,5.64,,,0.309,43.773992,-13.351,30.422993,0.0,,,30.422992,0.0,30.422993,0.0,,30.422993,30.422993,,336.544006,0.09,0.09,0.09,337.635986,0.09,0.09,0.09,
03/31/1999,266.734,,-93.461,,173.273,0.0,-171.341,96.423,,74.918,1.932,-9.771,,5.822,,-0.682,4.631,-2.699,-9.358,-12.057,0.0,,,-12.057,0.0,-12.057,0.0,0.0,-12.057,-12.057,,336.776,-0.035801,-0.035801,-0.035801,336.776,-0.035801,-0.035801,-0.035801,
06/30/1999,290.658997,,-99.749001,,190.909996,,-137.468994,,,,53.441002,-3.834,,6.723,,-1.922,-0.967,49.607002,-12.402,37.203999,0.0,,,37.205001,0.0,37.205002,0.0,,37.205002,37.205002,,337.548004,0.11,0.11,0.11,339.403992,0.11,0.11,0.11,
09/30/1999,275.813995,,-94.285004,,181.528992,,-125.963997,,,,55.564999,-83.566997,,6.937,,0.459,76.170998,-28.001999,-8.992,-36.993999,0.0,,,-36.993998,0.0,-36.993999,0.0,,-36.993999,-36.993999,,338.343994,-0.11,-0.11,0.1075,338.343994,-0.11,-0.11,0.1075,
12/31/1999,281.34201,,-93.406998,,187.935013,,-132.477997,,,,55.457001,-7.359,,8.622,,-0.521,-0.742,48.098001,-12.025,36.074001,0.0,,,36.073001,0.0,36.073002,0.0,,36.073002,36.073002,,335.79599,0.1075,0.1075,0.1075,336.888,0.1075,0.1075,0.1075,
03/31/2000,295.498993,,-101.977997,,193.520996,,-135.692993,,,,57.827999,-33.207001,,7.799,,0.0,25.408001,24.620998,-8.793,15.828,0.0,,,15.827998,0.0,15.828,0.0,0.0,15.828,15.828,,335.115997,0.0475,0.0475,0.1125,335.963989,0.0475,0.0475,0.1125,
06/30/2000,300.938995,,-98.575996,,202.362999,,-142.662003,,,,59.701,-12.543,,7.908,,0.668,3.967,47.158,-13.039,34.118999,0.0,,,34.119001,0.0,34.118999,0.0,,34.118999,34.118999,,335.447998,0.1025,0.1025,0.1175,339.700012,0.1,0.1,0.115,
09/30/2000,286.968994,,-93.008003,,193.960991,,-137.345001,,,,56.616001,-5.95,,7.272,,0.0,-1.322,50.666001,-12.667,37.999001,0.0,,,37.999002,0.0,37.999001,0.0,,37.999001,37.999001,,337.075989,0.1125,0.1125,0.1125,345.976013,0.11,0.11,0.11,
12/31/2000,295.398987,,-97.586998,,197.811989,,-138.496994,102.63,,35.866994,59.314999,-4.451,,5.59,,1.872,-3.011,54.864,-13.716,41.147999,0.0,,,41.148,0.0,41.147999,0.0,,41.147999,41.147999,,340.403992,0.12,0.12,0.12,351.432008,0.1175,0.1175,0.1175,
03/31/2001,326.065002,,-107.077003,,218.987999,,-153.126007,,,,65.862,-3.097,,,,0.0,3.097,62.765,-15.691,47.074001,0.0,,,47.074,0.0,47.074001,0.0,0.0,47.074001,47.074001,,342.14801,0.1375,0.1375,0.1375,353.604004,0.1325,0.1325,0.1325,
06/30/2001,336.062012,,-110.223,,225.839012,,-158.205994,,,,67.633003,-7.54,,,,0.0,7.54,60.093003,-16.274,43.819,0.0,,,43.819003,0.0,43.819,0.0,0.0,43.819,43.819,,343.144012,0.1275,0.1275,0.14,355.212006,0.1225,0.1225,0.1375,
09/30/2001,337.028992,,-108.321999,,228.706993,,-157.824997,,,,70.882004,-34.448002,,,,0.0,34.448002,36.434002,-5.0,31.434,0.0,,,31.434002,0.0,31.434,0.0,0.0,31.434,31.434,,346.040009,0.09,0.09,0.15,359.328003,0.0875,0.0875,0.145,
12/31/2001,348.200012,,-111.870003,,236.330009,,-162.057007,,,,74.273003,-5.587,,,,0.0,5.587,68.686003,-18.421,50.264999,0.0,,,50.265003,0.0,50.264999,0.0,0.0,50.264999,50.264999,,348.088013,0.145,0.145,0.16,361.992004,0.14,0.14,0.1525,
03/31/2002,371.192993,,-118.788002,,252.404991,,-169.151993,,,,83.252998,-0.485,,,,0.0,0.485,82.767998,-20.691999,62.076,0.0,,,62.075999,0.0,62.076,0.0,0.0,62.076,62.076,,350.447998,0.175,0.175,0.175,364.772003,0.17,0.17,0.17,
06/30/2002,404.347992,,-128.962006,,275.385986,,-180.501007,,,,94.885002,0.227,,,,0.0,-0.227,95.112002,-25.556999,69.555,0.0,,,69.555003,0.0,69.555,0.0,0.0,69.555,69.555,,352.791992,0.195,0.195,0.195,366.944,0.19,0.19,0.19,
09/30/2002,404.856995,,-128.380997,,276.475998,,-181.0,,,,95.475998,1.388,,,,0.0,-1.388,96.863998,-25.184,71.68,0.0,,,71.679998,0.0,71.68,0.0,0.0,71.68,71.68,,354.127991,0.2,0.2,0.2,365.966003,0.195,0.195,0.195,
12/31/2002,409.531006,,-129.815002,,279.716003,,-183.375,,,,96.341003,2.273,,,,0.0,-2.273,98.614003,-25.639999,72.973999,0.0,,,72.974004,0.0,72.973999,0.0,0.0,72.973999,72.973999,,355.196014,0.205,0.205,0.205,366.338013,0.2,0.2,0.2,
03/31/2003,441.384003,,-139.464005,,301.919998,,-195.026001,,,,106.893997,1.197,,0.197,-2.003,0.0,0.609,108.090997,-28.104,79.987,0.0,,,79.986997,0.0,79.987,0.0,0.0,79.987,79.987,,357.776001,0.225,0.225,0.225,372.652008,0.215,0.215,0.215,
06/30/2003,495.092987,,-161.300003,,333.792984,,-224.119003,,,,109.674004,-1.116,,0.273,-1.675,0.0,2.518,108.558004,-28.225,80.333,0.0,,,80.333003,0.0,80.333,0.0,0.0,80.333,80.333,,360.578003,0.225,0.225,0.225,378.238007,0.21,0.21,0.21,
09/30/2003,477.45401,,-146.712997,,330.741013,,-216.223007,,,,114.517998,-0.822,,1.591,-1.666,0.0,0.897,113.695998,-29.559999,84.136002,0.0,,,84.135998,0.0,84.136002,0.0,0.0,84.136002,84.136002,,351.992004,0.24,0.24,0.24,369.052002,0.23,0.23,0.23,
12/31/2003,518.583008,,-155.613998,,362.96901,,-238.110001,,,,124.859001,-1.069,,1.685,-1.687,0.0,1.071,123.790001,-32.624001,92.850998,0.0,,,91.166,0.0,92.850998,0.0,0.0,92.850998,92.850998,,345.306,0.27,0.27,0.27,363.070008,0.255,0.255,0.255,
03/31/2004,548.575989,,-164.244995,,384.330994,,-253.128998,,,,131.201996,-1.565,,1.34,-1.569,0.0,1.794,129.636996,-34.483002,95.153999,0.0,,,95.153994,0.0,95.153999,0.0,0.0,95.153999,95.153999,,349.174011,0.27,0.27,0.27,368.243988,0.26,0.26,0.26,
06/30/2004,556.60199,,-161.451004,,395.150986,,-260.625,,,,134.526001,0.121,,1.067,-1.608,0.0,0.42,134.647001,-35.804001,98.843002,0.0,,,98.843,0.0,98.843002,0.0,0.0,98.843002,98.843002,,352.604004,0.28,0.28,0.28,370.824005,0.265,0.265,0.265,
09/30/2004,578.31897,,-165.917999,,412.40097,,-258.385986,,,,154.014999,-34.703001,,1.358,-2.084,0.0,35.429001,119.311998,-28.134001,91.178001,0.0,,,91.177997,0.0,91.178001,0.0,0.0,91.178001,91.178001,,354.570007,0.255,0.255,0.32,370.813995,0.245,0.245,0.305,
12/31/2004,610.676,,-175.363,,435.313,,-269.115,,,,166.198,-12.602,,1.045,-4.832,0.0,16.389,153.596,-28.837,124.759,0.0,,,124.759,0.0,124.759,0.0,0.0,124.759,124.759,,357.468,0.35,0.35,0.34,374.086,0.33,0.33,0.33,
03/31/2005,663.909,,-187.883,,476.026,,-296.032,219.047,,76.985,179.994,-10.668,0.554,4.612,-4.058,0.0,10.114,169.326,-49.975,119.351,0.0,,,119.351,0.0,119.351,0.0,0.0,119.351,119.351,,360.304,0.33,0.33,0.37,375.529,0.32,0.32,0.35,
06/30/2005,723.655,,-201.018,,522.637,,-327.393,237.586,,89.807,195.244,-12.311,0.594,4.812,-4.218,0.0,11.717,182.933,-81.452,101.481,0.0,,,101.481,0.0,101.481,0.0,0.0,101.481,101.481,,362.419,0.28,0.28,0.392,376.964,0.27,0.27,0.378,
09/30/2005,737.78,,-200.735,,537.045,,-341.044,243.551,,97.493,196.001,15.417,-4.293,0.672,-4.965,0.0,-11.124,211.418,-43.631,167.787,0.0,,,167.787,0.0,167.787,0.0,0.0,167.787,167.787,,364.913,0.46,0.46,0.42,380.957,0.44,0.44,0.402,
12/31/2005,789.936,,-207.125,,582.811,,-373.646,268.704,,104.942,209.165,-151.37,-6.35,-0.068,-6.282,0.0,157.72,57.727,-52.856,4.871,0.0,,,4.871,0.0,4.871,0.0,0.0,4.871,4.871,,382.974,0.01,0.01,0.41,382.974,0.01,0.01,0.41,
03/31/2006,784.416,,-208.447,,575.969,,-389.466,284.208,,105.258,186.503,-0.704,2.354,6.471,-4.117,0.0,-1.65,185.799,-48.73,137.069,0.0,,,137.069,0.0,137.069,0.0,0.0,137.069,137.069,,368.707,0.37,0.37,0.37,384.997,0.36,0.36,0.36,
06/30/2006,832.922,,-226.964,,605.958,,-409.862,301.022,,108.84,196.096,-5.219,5.794,9.383,-3.589,0.0,-0.575,190.877,-49.845,141.032,0.0,,,141.032,0.0,141.032,0.0,0.0,141.032,141.032,,362.175,0.39,0.39,0.39,375.141,0.38,0.38,0.38,
09/30/2006,821.278,,-225.179,,596.099,,-399.098,290.424,,108.674,197.001,-43.986,8.73,9.796,-1.066,0.0,35.256,153.015,-37.475,115.54,0.0,,,115.54,0.0,115.54,0.0,0.0,115.54,115.54,,352.774,0.33,0.33,0.39,365.171,0.32,0.32,0.38,
12/30/2006,863.831,,-237.815,,626.016,,-427.706,319.376,,108.33,198.31,-7.36,7.739,8.233,-0.494,0.0,-0.379,190.95,-36.34,154.61,0.0,,,154.61,0.0,154.61,0.0,0.0,154.61,154.61,,365.988,0.42,0.42,0.39,365.988,0.42,0.42,0.39,
03/31/2007,886.978,,-238.977,,648.001,,-444.298,328.34,,115.958,203.703,-5.168,13.219,13.588,-0.369,0.0,-8.051,198.535,-52.81,145.725,0.0,,,145.725,0.0,145.725,0.0,0.0,145.725,145.725,,347.032,0.42,0.42,0.42,359.276,0.41,0.41,0.41,
06/30/2007,947.336,,-253.023,,694.313,,-468.152,348.694,,119.458,226.161,-45.45,10.465,11.226,-0.761,0.0,34.985,180.711,-45.911,134.8,0.0,,,134.8,0.0,134.8,0.0,0.0,134.8,134.8,,338.734,0.4,0.4,0.46,349.567,0.39,0.39,0.45,
09/29/2007,926.84,,-244.859,,681.981,,-454.85,337.823,,117.027,227.131,-7.625,7.088,7.997,-0.909,0.0,0.537,219.506,-59.267,160.239,0.0,,,160.239,0.0,160.239,0.0,0.0,160.239,160.239,,340.36,0.47,0.47,0.47,350.238,0.46,0.46,0.46,
12/29/2007,1018.123,,-266.443,,751.68,,-491.498,,,,260.182,-114.629,,5.418,-2.335,0.0,111.546,145.553,-27.279,118.274,0.0,,,118.274,0.0,118.274,0.0,0.0,118.274,118.274,,337.926,0.35,0.35,0.56,350.696,0.34,0.34,0.54,
03/29/2008,1010.738,,-260.487,,750.251,0.0,-490.751,367.116,,123.635,259.5,-10.427,13.769,18.025,-4.256,,-3.342,249.073,-72.504,176.569,0.0,,,176.569,0.0,176.569,0.0,0.0,176.569,176.569,,343.658,0.51,0.51,0.53,351.955,0.5,0.5,0.52,
06/28/2008,1135.76,,-287.691,,848.069,0.0,-554.716,416.261,,138.455,293.353,-18.02,15.01,18.101,-3.091,,3.01,275.333,-82.421,192.912,0.0,,,192.912,0.0,192.912,0.0,0.0,192.912,192.912,,340.699,0.57,0.57,0.59,348.269,0.55,0.55,0.57,
09/27/2008,1084.136,,-273.926,,810.21,0.0,-532.379,401.325,,131.054,277.831,-18.105,15.026,18.284,-3.258,,3.079,259.726,-75.03,184.696,0.0,,,184.696,0.0,184.696,0.0,0.0,184.696,184.696,,342.698,0.54,0.54,0.55,349.728,0.53,0.53,0.54,
01/03/2009,1132.617,,-283.834,,848.783,,-909.833,451.824,,458.009,258.304,-461.668,12.434,18.144,-5.71,,449.234,-192.563,2.205,-201.159,0.0,,,-190.358,0.0,-201.159,0.0,0.0,-201.159,-201.159,,344.497,-0.58,-0.58,0.2,348.936,-0.58,-0.58,0.19,
04/04/2009,1133.793,1133.793,-294.495,294.495,839.298,0.0,-557.026,417.675,139.351,0.0,282.272,-7.312,6.392,6.951,-0.559,,0.92,274.96,-73.689,201.271,0.0,0.0,0.0,201.271,0.0,201.271,0.0,0.0,201.271,201.671,0.4,345.85,0.58,0.58,0.583117,349.807,0.58,0.58,0.581143,
07/04/2009,1184.412,1184.412,-305.544,305.544,878.868,0.0,-574.221,431.169,143.052,0.0,304.647,-4.961,5.101,5.619,-0.518,,-0.14,299.686,-80.316,219.37,0.0,0.0,0.0,219.37,0.0,219.37,0.0,0.0,219.37,219.37,0.0,346.767,0.63,0.63,0.63,350.62,0.63,0.63,0.63,
10/03/2009,1159.606,1159.606,-305.731,305.731,853.875,0.0,-611.845,427.227,142.224,42.394,242.03,-23.594,14.212,14.855,-0.643,,9.382,218.436,-51.501,166.935,0.0,0.0,0.0,166.935,0.0,166.935,0.0,0.0,166.935,203.989,37.054,340.651,0.49,0.49,0.598821,344.298,0.48,0.48,0.587622,
01/02/2010,1203.462,1203.462,-347.615,347.615,855.847,0.0,-571.75,399.18,135.139,37.431,284.097,-19.786,17.841,18.178,-0.337,,1.945,264.311,-74.661,189.65,0.0,0.0,0.0,189.65,0.0,189.65,0.0,0.0,189.65,226.539,36.889,332.711,0.57,0.57,0.680888,332.711,0.57,0.57,0.680874,
04/03/2010,1261.696,1261.696,-321.169,321.169,940.527,0.0,-594.52,443.29,151.23,0.0,346.007,-20.316,19.904,20.155,-0.251,,0.412,325.691,-87.122,238.569,0.0,0.0,0.0,238.569,0.0,238.569,0.0,0.0,238.569,232.218,-6.351,325.309,0.73,0.73,0.713838,328.062,0.73,0.73,0.710641,
07/03/2010,1312.769,1312.769,-345.302,345.302,967.467,0.0,-602.714,447.61,155.104,0.0,364.753,-20.23,14.959,15.43,-0.471,,5.271,344.523,-90.485,254.038,0.0,0.0,0.0,254.038,0.0,254.038,0.0,0.0,254.038,246.984,-7.054,326.924,0.78,0.78,0.755478,329.313,0.77,0.77,0.74858,
10/02/2010,1239.905,1239.905,-339.819,339.819,900.086,0.0,-601.102,438.723,150.135,12.244,298.984,-11.111,13.929,14.714,-0.785,,-2.818,287.873,-79.488,208.385,0.0,0.0,0.0,208.385,0.0,208.385,0.0,0.0,208.385,221.949,13.564,328.231,0.63,0.63,0.676198,329.927,0.63,0.63,0.671112,
01/01/2011,1350.401,1350.401,-403.821,403.821,946.58,0.0,-679.075,487.958,174.617,16.5,267.505,-16.789,16.504,17.073,-0.569,,0.285,250.716,-44.272,206.444,0.0,0.0,0.0,206.444,0.0,206.444,0.0,0.0,206.444,233.685,27.241,334.651,0.62,0.62,0.698295,334.651,0.62,0.62,0.698295,
04/02/2011,1376.0,1376.0,-365.0,365.0,1011.0,0.0,-689.0,513.0,176.0,0.0,322.0,-27.0,17.0,18.0,-1.0,,10.0,295.0,-62.0,233.0,0.0,0.0,0.0,233.0,0.0,233.0,0.0,0.0,233.0,262.0,29.0,325.3,0.72,0.72,0.80541,328.9,0.71,0.71,0.798173,
07/02/2011,1446.0,1446.0,-395.0,395.0,1051.0,0.0,-726.0,514.0,176.0,36.0,325.0,-25.0,16.0,17.0,-1.0,,9.0,300.0,-59.0,241.0,0.0,0.0,0.0,241.0,0.0,241.0,0.0,0.0,241.0,282.6,41.6,328.6,0.73,0.73,0.860012,332.6,0.72,0.72,0.845075,
10/01/2011,1383.0,1383.0,-370.0,370.0,1013.0,0.0,-702.0,505.0,176.0,21.0,311.0,-20.0,16.0,17.0,-1.0,,4.0,291.0,-64.0,227.0,0.0,0.0,0.0,227.0,0.0,227.0,0.0,0.0,227.0,248.0,21.0,324.2,0.7,0.7,0.76496,326.8,0.69,0.69,0.754259,
12/31/2011,1407.0,1407.0,-403.0,403.0,1004.0,0.0,-847.0,552.0,177.0,118.0,157.0,-24.0,14.0,18.0,-4.0,,10.0,133.0,-8.0,125.0,0.0,0.0,0.0,125.0,0.0,125.0,0.0,0.0,125.0,227.0,102.0,320.0,0.39,0.39,0.709375,320.0,0.39,0.39,0.70875,
03/31/2012,1395.0,1395.0,-381.0,381.0,1014.0,0.0,-712.0,490.0,175.0,47.0,302.0,-23.0,17.0,18.0,-1.0,,6.0,279.0,-67.0,212.0,0.0,0.0,0.0,212.0,0.0,212.0,0.0,0.0,212.0,252.45,40.45,315.7,0.67,0.67,0.799652,317.7,0.67,0.67,0.797321,
06/30/2012,1410.0,1410.0,-383.0,383.0,1027.0,0.0,-689.0,494.0,173.0,22.0,338.0,-25.0,18.0,19.0,-1.0,,7.0,313.0,-69.0,244.0,0.0,0.0,0.0,244.0,0.0,244.0,0.0,0.0,244.0,258.75,14.75,313.9,0.78,0.78,0.824307,315.2,0.78,0.78,0.824307,
09/29/2012,1326.0,1326.0,-355.0,355.0,971.0,0.0,-736.0,456.0,170.0,110.0,235.0,-19.0,17.0,18.0,-1.0,,2.0,216.0,-40.0,176.0,0.0,0.0,0.0,176.0,0.0,176.0,0.0,0.0,176.0,245.7,69.7,314.7,0.56,0.56,0.780744,316.3,0.56,0.56,0.78036,
12/29/2012,1372.0,1372.0,-419.0,419.0,953.0,0.0,-728.0,451.0,158.0,119.0,225.0,-28.0,16.0,18.0,-2.0,,12.0,197.0,-77.0,120.0,0.0,0.0,0.0,120.0,0.0,120.0,0.0,0.0,120.0,228.6,108.6,310.0,0.39,0.39,0.737419,310.0,0.39,0.39,0.737419,
03/30/2013,1338.0,1338.0,-377.0,377.0,961.0,0.0,-653.0,468.0,160.0,25.0,308.0,-48.0,18.0,19.0,-1.0,,30.0,260.0,-38.0,222.0,0.0,0.0,0.0,222.0,1.0,223.0,0.0,0.0,223.0,245.25,22.25,285.3,0.78,0.78,0.859621,287.4,0.78,0.78,0.857418,
06/29/2013,1403.0,1403.0,-382.0,382.0,1021.0,0.0,-739.0,489.0,173.0,77.0,282.0,-183.0,18.0,20.0,-2.0,,165.0,99.0,8.0,107.0,0.0,0.0,0.0,107.0,8.0,115.0,0.0,0.0,115.0,265.3,150.3,283.9,0.41,0.41,0.934484,286.7,0.4,0.4,0.924241,
09/28/2013,1338.0,1338.0,-385.0,385.0,953.0,0.0,-640.0,452.0,172.0,16.0,313.0,-17.0,20.0,21.0,-1.0,,-3.0,296.0,-44.0,252.0,0.0,0.0,0.0,252.0,10.0,262.0,0.0,0.0,262.0,256.05,-5.95,287.5,0.91,0.91,0.890609,292.0,0.9,0.9,0.879623,
12/28/2013,1422.0,1422.0,-430.0,430.0,992.0,0.0,-844.0,455.0,186.0,203.0,148.0,-19.0,20.0,21.0,-1.0,,-1.0,129.0,-18.0,111.0,0.0,0.0,0.0,111.0,12.0,123.0,0.0,0.0,123.0,278.2,155.2,296.2,0.42,0.42,0.93923,296.2,0.42,0.42,0.93923,
03/29/2014,1363.0,1363.0,-383.0,383.0,980.0,0.0,-668.0,444.0,170.0,54.0,312.0,-20.0,20.0,21.0,-1.0,,0.0,292.0,-53.0,239.0,0.0,0.0,0.0,239.0,10.0,249.0,0.0,0.0,249.0,270.65,21.65,284.4,0.88,0.88,0.951653,289.3,0.86,0.86,0.934836,
06/28/2014,1448.0,1448.0,-433.0,433.0,1015.0,0.0,-726.0,502.0,178.0,46.0,289.0,-21.0,20.0,21.0,-1.0,,1.0,268.0,-22.0,246.0,0.0,0.0,0.0,246.0,24.0,270.0,0.0,0.0,270.0,296.1,26.1,284.2,0.95,0.95,1.041872,288.9,0.93,0.93,1.020343,
09/27/2014,1372.0,1372.0,-412.0,412.0,960.0,0.0,-690.0,453.0,169.0,68.0,270.0,-20.0,20.0,21.0,-1.0,,0.0,250.0,-18.0,232.0,0.0,0.0,0.0,232.0,6.0,238.0,0.0,0.0,238.0,279.0,41.0,285.2,0.83,0.83,0.978261,290.0,0.82,0.82,0.961379,
01/03/2015,1439.0,1439.0,-425.0,425.0,1014.0,0.0,-734.0,457.0,175.0,102.0,280.0,-22.0,20.0,22.0,-2.0,,2.0,258.0,-20.0,238.0,0.0,0.0,0.0,238.0,7.0,245.0,0.0,0.0,245.0,298.65,53.65,290.6,0.84,0.84,1.027701,290.6,0.84,0.84,1.024618,
04/04/2015,1345.0,1345.0,-395.0,395.0,950.0,0.0,-625.0,430.0,167.0,28.0,325.0,-17.0,20.0,21.0,-1.0,,-3.0,308.0,-52.0,256.0,0.0,0.0,0.0,256.0,6.0,262.0,0.0,0.0,262.0,238.65,-23.35,283.0,0.93,0.93,0.843286,287.1,0.91,0.91,0.828669,
07/04/2015,1410.0,1410.0,-424.0,424.0,986.0,0.0,-672.0,447.0,171.0,54.0,314.0,-20.0,20.0,20.0,0.0,,0.0,294.0,-12.0,282.0,0.0,0.0,0.0,282.0,8.0,290.0,0.0,0.0,290.0,274.0,-16.0,281.1,1.03,1.03,0.974742,285.5,1.02,1.02,0.963958,
10/03/2015,1339.0,1339.0,-425.0,425.0,914.0,0.0,-620.0,413.0,161.0,46.0,294.0,-33.0,21.0,22.0,-1.0,,12.0,261.0,-46.0,215.0,0.0,0.0,0.0,215.0,0.0,215.0,0.0,0.0,215.0,263.75,48.75,282.2,0.76,0.76,0.934621,286.3,0.75,0.75,0.920276,
01/02/2016,1447.0,1447.0,-501.0,501.0,946.0,0.0,-849.0,588.0,177.0,84.0,97.0,-32.0,39.0,40.0,-1.0,,-7.0,65.0,48.0,113.0,0.0,0.0,0.0,113.0,0.0,113.0,0.0,0.0,113.0,260.0,147.0,286.5,0.39,0.39,0.907504,286.5,0.39,0.39,0.903089,
04/02/2016,1448.0,1448.0,-487.0,487.0,961.0,0.0,-733.0,491.0,188.0,54.0,228.0,-92.0,39.0,40.0,-1.0,,53.0,136.0,-41.0,95.0,0.0,0.0,0.0,95.0,0.0,95.0,0.0,0.0,95.0,128.25,33.25,283.5,0.33,0.33,0.452381,286.4,0.33,0.33,0.446096,
07/02/2016,1562.0,1562.0,-496.0,496.0,1066.0,0.0,-753.0,502.0,192.0,59.0,313.0,-43.0,40.0,40.0,0.0,,3.0,270.0,-32.0,238.0,0.0,0.0,0.0,238.0,0.0,238.0,0.0,0.0,238.0,275.0,37.0,284.3,0.84,0.84,0.967288,288.3,0.83,0.83,0.958339,
10/01/2016,1499.0,1499.0,-495.0,495.0,1004.0,0.0,-718.0,481.0,183.0,54.0,286.0,-41.0,39.0,39.0,0.0,,2.0,245.0,-33.0,212.0,0.0,0.0,0.0,212.0,0.0,212.0,0.0,0.0,212.0,255.65,43.65,285.2,0.74,0.74,0.896388,290.0,0.73,0.73,0.880517,
12/31/2016,1529.2,,,,1058.787496,,,,,,403.286,,,,,,,367.143,,301.0,,,,,,301.0,,,301.0,305.375,,,,,1.063,,,,1.063,
03/31/2017,1514.4,,,,1046.4504,,,,,,373.0,,,,,,,343.5,,270.0,,,,,,270.0,,,270.0,286.0,,,0.93,0.93,1.001,,0.93,0.93,1.001,
