Date,Net Revenue,Net Interest Income,Total Interest Income,Interest Income,Investment Income,Total Interest Expense,Total Non-Interest Income,Trading Securities G/L,Trading Account Profits/Losses,Investment & Loan Inc (Loss),Other Income (Loss),Commissions & Fees Earned,Other Operating Income (Losses),Provision for Loan Losses,Net Revenue after Provisions,Total Non-Interest Expense,Commissions & Fees Paid,Other Operating Expenses,Operating Income (Loss),Non-Operating (Income) Loss,Other Non-Op (Income) Loss,"Pretax Income (Loss), GAAP",Income Tax Expense (Benefit),Income (Loss) from Cont Ops,Net Extraordinary Losses (Gains),Discontinued Operations,XO & Accounting Changes,Income (Loss) Incl. MI,Minority Interest,"Net Income, GAAP",Preferred Dividends,Other Adjustments,"Net Income Avail to Common, GAAP","Net Income Avail to Common, Adj",Net Abnormal Losses (Gains),Basic Weighted Avg Shares,"Basic EPS, GAAP",Basic EPS from Cont Ops,"Basic EPS from Cont Ops, Adjusted",Diluted Weighted Avg Shares,"Diluted EPS, GAAP",Diluted EPS from Cont Ops,"Diluted EPS from Cont Ops, Adjusted",Source: Bloomberg
03/31/1990,182.840998,63.989998,184.834,127.474998,57.359001,-120.844002,118.851,7.737,,,,103.902,7.212,-10.416,172.424998,-129.229004,0.0,129.229004,43.195999,0.0,0.0,43.195999,-15.586,27.610001,0.0,,,27.609999,0.0,27.610001,0.0,,27.610001,27.610001,,295.519989,0.09375,0.09375,,295.519989,0.09375,0.09375,0.09375,
06/30/1990,189.327008,64.894005,198.288002,136.496002,61.792,-133.393997,124.433004,9.323,,,,112.146004,2.964,-10.396,178.931009,-134.968002,0.0,134.968002,43.963001,0.0,0.0,43.963001,-15.44,28.523001,0.0,,,28.523002,0.0,28.523001,0.0,,28.523001,28.523001,,295.847992,0.09625,0.09625,,295.847992,0.09625,0.09625,0.09625,
09/30/1990,195.339004,67.916004,210.431004,152.093002,58.338001,-142.514999,127.423,9.547,,,,111.611,6.265,-10.442,184.897004,-137.412994,0.0,137.412994,47.484001,0.0,0.0,47.484001,-17.608999,29.875,0.0,,,29.875002,0.0,29.875,0.0,,29.875,29.875,,295.463989,0.10125,0.10125,,295.463989,0.10125,0.10125,0.10125,
12/31/1990,206.219991,74.023994,223.931999,164.070999,59.861,-149.908005,132.195997,9.749,,,,118.462997,3.984,-14.407,191.812991,-142.996002,0.0,142.996002,48.817001,0.0,0.0,48.817001,-17.497999,31.319,0.0,,,31.319002,0.0,31.319,0.0,,31.319,31.319,,291.795992,0.10625,0.10625,0.10625,291.795992,0.10625,0.10625,0.10625,
03/31/1991,203.719002,71.34,189.512997,128.031998,61.480999,-118.172997,132.379002,11.186,,,,119.844002,1.349,-15.437,188.282001,-147.789993,0.0,147.789993,40.492001,56.200001,-56.200001,96.692001,-39.188,57.504002,0.0,,,57.504002,0.0,57.504002,0.0,,57.504002,57.504002,,297.272003,0.1925,0.1925,,297.272003,0.1925,0.1925,0.1925,
06/30/1991,209.140002,68.459003,178.834003,116.885002,61.949001,-110.375,140.680998,12.871,,,,122.655998,5.154,-15.113,194.027002,-151.735001,0.0,151.735001,42.292,0.0,0.0,42.292,-16.007,26.285,0.0,,,26.285,0.0,26.285,0.0,,26.285,26.285,,299.007996,0.0875,0.0875,,299.007996,0.0875,0.0875,0.0875,
09/30/1991,206.868995,69.070995,183.387997,120.672997,62.715,-114.317001,137.798,11.135,,,,123.278999,3.384,-14.731,192.137995,-150.345993,0.0,150.345993,41.792,0.0,0.0,41.792,-14.538,27.254,0.0,,,27.254,0.0,27.254,0.0,,27.254,27.254,,300.18399,0.09125,0.09125,,300.18399,0.09125,0.09125,0.09125,
12/31/1991,217.709999,64.685006,186.053002,124.82,61.233002,-121.367996,153.024993,11.733,,,,133.082993,8.209,-14.731,202.978999,-158.667007,0.0,158.667007,44.312,0.0,0.0,44.312,-16.084999,28.226999,0.0,,,28.227001,0.0,28.226999,0.0,,28.226999,28.226999,,302.28,0.0925,0.0925,0.0925,302.28,0.0925,0.0925,0.0925,
03/31/1992,234.954998,67.456005,181.998005,124.550003,57.448002,-114.542,167.498993,16.355,,,,144.621994,6.522,-5.903,229.051999,-168.781006,0.0,168.781006,60.271,0.0,0.0,60.271,-24.039,36.231998,0.0,,,36.232,0.0,36.231998,0.0,,36.231998,36.231998,,303.936005,0.11875,0.11875,,303.936005,0.11875,0.11875,0.11875,
06/30/1992,238.070001,68.482998,183.605999,125.226997,58.379002,-115.123001,169.587003,18.700001,,,,147.302002,3.585,-1.906,236.164001,-175.138,0.0,175.138,61.026001,0.0,0.0,61.026001,-22.325001,38.701,0.0,,,38.701,0.0,38.701,0.0,,38.701,38.701,,304.548004,0.1275,0.1275,,304.548004,0.1275,0.1275,0.1275,
09/30/1992,253.597993,71.561996,179.362999,122.153999,57.209,-107.801003,182.035996,18.809999,,,,157.893997,5.332,-1.897,251.700993,-183.727997,0.0,183.727997,67.973,0.0,0.0,67.973,-26.101,41.872002,0.0,,,41.872,0.0,41.872002,0.0,,41.872002,41.872002,,305.26001,0.1375,0.1375,,305.26001,0.1375,0.1375,0.1375,
12/31/1992,258.573009,74.815003,169.429001,111.348999,58.080002,-94.613998,183.758006,19.027,,,,162.184006,2.547,-2.495,256.078009,-188.787003,0.0,188.787003,67.291,0.0,0.0,67.291,-23.653,43.638,0.0,,,43.638,0.0,43.638,0.0,,43.638,43.638,,305.880004,0.1425,0.1425,0.1425,305.880004,0.1425,0.1425,0.1425,
03/31/1993,270.255006,76.248001,163.385002,102.219002,61.166,-87.137001,194.007005,24.620001,,,,163.979004,5.408,-2.68,267.575006,-203.119003,0.0,203.119003,64.456001,0.0,0.0,64.456001,-21.801001,42.654999,0.0,,,42.655001,0.0,42.654999,0.0,,42.654999,42.654999,,306.996002,0.14,0.14,,306.996002,0.14,0.14,0.14,
06/30/1993,280.801006,75.495003,171.831001,111.468002,60.362999,-96.335999,205.306004,26.382,,,,172.285004,6.639,-2.88,277.921006,-211.608994,0.0,211.608994,66.311996,0.0,0.0,66.311996,-23.094999,43.216999,0.0,,,43.216997,0.0,43.216999,0.0,,43.216999,43.216999,,304.18399,0.1425,0.1425,,304.18399,0.1425,0.1425,0.1425,
09/30/1993,294.42899,82.996998,176.819996,112.865997,63.953999,-93.822998,211.431993,27.663,,,,180.610992,3.158,-2.88,291.54899,-218.425003,0.0,218.425003,73.124001,0.0,0.0,73.124001,-26.851,46.272999,0.0,,,46.273001,0.0,46.272999,0.0,,46.272999,46.272999,,304.667999,0.1525,0.1525,,304.667999,0.1525,0.1525,0.1525,
12/31/1993,305.542999,82.873001,186.832001,117.531998,69.300003,-103.959,222.669998,23.155001,,,,201.268997,-1.754,-2.88,302.662999,-229.100006,0.0,229.100006,73.563004,0.0,0.0,73.563004,-25.879,47.683998,0.0,,,47.684004,0.0,47.683998,0.0,,47.683998,47.683998,,305.596008,0.155,0.155,0.155,305.596008,0.155,0.155,0.155,
03/31/1994,352.792999,93.758003,199.137001,118.702003,80.434998,-105.378998,259.034996,34.293999,,,,213.574997,11.166,-3.17,349.622999,-263.78299,0.0,263.78299,85.839996,0.0,0.0,85.839996,-31.643,54.196999,0.0,,,54.196997,0.0,54.196999,0.0,,54.196999,54.196999,,330.596008,0.165,0.165,,330.596008,0.165,0.165,0.165,
06/30/1994,346.638002,96.972008,209.423004,122.327003,87.096001,-112.450996,249.665995,29.124001,,,,211.871994,8.67,-3.182,343.456002,-260.769989,0.0,260.769989,82.685997,0.0,0.0,82.685997,-28.806999,53.879002,0.0,,,53.878998,0.0,53.879002,0.0,,53.879002,53.879002,,331.415985,0.1625,0.1625,,331.415985,0.1625,0.1625,0.1625,
09/30/1994,352.302003,99.621002,243.638,146.119003,97.518997,-144.016998,252.681001,27.353001,,,,216.444,8.884,-3.159,349.143003,-264.618011,0.0,264.618011,84.525002,0.0,0.0,84.525002,-29.372,55.153,0.0,,,55.153002,0.0,55.153,0.0,,55.153,55.153,,331.832001,0.165,0.165,,331.832001,0.165,0.165,0.165,
12/31/1994,357.748013,101.80101,284.046005,161.468002,122.578003,-182.244995,255.947003,24.451,,,,222.953003,8.543,-2.058,355.690013,-268.606995,0.0,268.606995,87.083,0.0,0.0,87.083,-29.969,57.113998,0.0,,,57.114,0.0,57.113998,0.0,,57.113998,57.113998,,331.403992,0.1725,0.1725,0.1725,331.403992,0.1725,0.1725,0.1725,
03/31/1995,362.186013,100.451012,318.754005,191.815002,126.939003,-218.302994,261.735001,39.624001,,,,216.263,5.848,-2.0,360.186013,-274.812988,0.0,274.812988,85.373001,0.0,0.0,85.373001,-31.037001,54.335999,0.0,,,54.336,0.0,54.335999,0.0,,54.335999,54.335999,,331.559998,0.165,0.165,,331.559998,0.165,0.165,0.165,
06/30/1995,382.542999,105.819,330.128006,209.354004,120.774002,-224.309006,276.723999,39.341,,,,228.737,8.646,-2.0,380.542999,-289.213989,0.0,289.213989,91.329002,0.0,0.0,91.329002,-28.667999,62.660999,0.0,,,62.661003,0.0,62.660999,0.0,,62.660999,62.660999,,332.075989,0.1875,0.1875,,332.075989,0.1875,0.1875,0.1875,
09/30/1995,392.763988,108.981987,341.301994,236.429993,104.872002,-232.320007,283.782001,38.328999,,,,240.509003,4.944,-2.001,390.762988,-300.686005,0.0,300.686005,90.077003,0.0,0.0,90.077003,-25.441,64.636002,0.0,,,64.636003,0.0,64.636002,0.0,,64.636002,64.636002,,332.687988,0.195,0.195,,332.687988,0.195,0.195,0.195,
12/31/1995,411.01299,114.181991,346.434997,248.643997,97.791,-232.253006,296.830999,39.439999,,,,251.5,5.891,-1.999,409.01399,-309.303009,0.0,309.303009,99.710999,0.0,0.0,99.710999,-34.235001,65.475998,0.0,,,65.475998,0.0,65.475998,0.0,,65.475998,65.475998,,332.451996,0.1975,0.1975,0.1975,332.451996,0.1975,0.1975,0.1975,
03/31/1996,437.855998,131.189011,346.018005,252.716003,93.302002,-214.828995,306.666987,35.763,,,,262.204987,8.699,-2.0,435.855998,-327.868011,0.0,327.868011,107.987999,0.0,0.0,107.987999,-38.237999,69.75,0.0,,,69.75,0.0,69.75,0.0,,69.75,69.75,,326.0,0.215,0.215,0.215,332.0,0.21,0.21,0.21,
06/30/1996,457.285009,134.294006,342.354004,225.884003,116.470001,-208.059998,322.991003,33.048,,,,284.371002,5.572,-2.001,455.284009,-344.839996,0.0,344.839996,110.444,0.0,0.0,110.444,-38.935001,71.509003,0.0,,,71.508999,0.0,71.509003,0.0,,71.509003,71.509003,,324.0,0.22,0.22,0.22,326.0,0.22,0.22,0.22,
09/30/1996,462.937009,138.679001,368.548004,238.783997,129.764008,-229.869003,324.258008,31.952,,,,289.527008,2.779,-2.0,460.937009,-350.023987,0.0,350.023987,110.913002,0.0,0.0,110.913002,-37.298,73.614998,0.0,,,73.615002,0.0,73.614998,0.0,,73.614998,73.614998,,322.0,0.23,0.23,0.23,326.0,0.225,0.225,0.225,
12/31/1996,494.921992,146.83799,386.079994,264.615997,121.463997,-239.242004,348.084002,25.237,,,,306.897003,15.95,-1.999,492.922992,-375.268005,0.0,375.268005,117.654999,0.0,0.0,117.654999,-39.528999,78.125999,0.0,,,78.125999,0.0,78.125999,0.0,,78.125999,78.125999,,322.0,0.24,0.24,0.24,328.0,0.235,0.235,0.235,
03/31/1997,524.0,150.0,398.0,256.0,142.0,-248.0,374.0,46.0,,,,326.0,2.0,-3.0,521.0,-391.0,0.0,391.0,130.0,0.0,0.0,130.0,-44.0,86.0,0.0,,,86.0,0.0,86.0,0.0,,86.0,86.0,,322.671997,0.27,0.27,0.27,328.420013,0.265,0.265,0.265,
06/30/1997,558.0,154.0,425.0,270.0,155.0,-271.0,404.0,50.0,,,,347.0,7.0,-3.0,555.0,-419.0,0.0,419.0,136.0,0.0,0.0,136.0,-44.0,92.0,0.0,,,92.0,0.0,92.0,0.0,,92.0,92.0,,320.881989,0.285,0.285,0.285,326.776001,0.28,0.28,0.28,
09/30/1997,606.0,164.0,452.0,297.0,155.0,-288.0,442.0,74.0,,,,361.0,7.0,-5.0,601.0,-451.0,0.0,451.0,150.0,0.0,0.0,150.0,-49.0,101.0,0.0,,,101.0,0.0,101.0,0.0,,101.0,101.0,,320.738007,0.315,0.315,0.315,327.697998,0.31,0.31,0.31,
12/31/1997,626.0,173.0,480.0,326.0,154.0,-307.0,453.0,75.0,,,,377.0,1.0,-5.0,621.0,-473.0,0.0,473.0,148.0,0.0,0.0,148.0,-47.0,101.0,0.0,,,101.0,0.0,101.0,0.0,,101.0,101.0,,321.002014,0.315,0.315,0.315,328.10199,0.305,0.305,0.305,
03/31/1998,639.0,176.0,497.0,348.0,149.0,-321.0,463.0,75.0,,,,386.0,2.0,-5.0,634.0,-474.0,,474.0,160.0,,,160.0,-54.0,106.0,,,,106.0,,106.0,,,106.0,106.0,,321.73999,0.33,0.33,0.33,328.201996,0.32,0.32,0.32,
06/30/1998,675.0,182.0,550.0,408.0,142.0,-368.0,493.0,67.0,,,,420.0,6.0,-4.0,671.0,-507.0,0.0,507.0,164.0,0.0,0.0,164.0,-55.0,109.0,0.0,,,109.0,0.0,109.0,0.0,,109.0,109.0,,322.32199,0.335,0.335,0.335,329.053986,0.33,0.33,0.33,
09/30/1998,698.0,187.0,602.0,468.0,134.0,-415.0,511.0,73.0,,,,427.0,11.0,-4.0,694.0,-528.0,0.0,528.0,166.0,0.0,0.0,166.0,-55.0,111.0,0.0,,,111.0,0.0,111.0,0.0,,111.0,111.0,,322.290008,0.345,0.345,0.345,327.812012,0.34,0.34,0.34,
12/31/1998,730.0,200.0,588.0,446.0,142.0,-388.0,530.0,74.0,,,,448.0,8.0,-4.0,726.0,-559.0,0.0,559.0,167.0,0.0,0.0,167.0,-57.0,110.0,0.0,,,110.0,0.0,110.0,0.0,,110.0,110.0,,321.023987,0.345,0.345,0.345,326.415985,0.34,0.34,0.34,
03/31/1999,746.0,194.0,564.0,426.0,138.0,-370.0,552.0,99.0,,,,453.0,0.0,-4.0,742.0,-557.0,0.0,557.0,185.0,0.0,0.0,185.0,-64.0,121.0,0.0,,,121.0,0.0,121.0,0.0,,121.0,121.0,,321.824,0.375,0.375,0.375,327.888,0.37,0.37,0.37,
06/30/1999,769.0,194.0,610.0,452.0,158.0,-416.0,575.0,87.0,,,,488.0,0.0,-4.0,765.0,-577.0,0.0,577.0,188.0,0.0,0.0,188.0,-65.0,123.0,0.0,,,123.0,0.0,123.0,0.0,,123.0,123.0,,322.31601,0.385,0.385,0.385,328.34201,0.375,0.375,0.375,
09/30/1999,769.0,198.0,626.0,431.0,195.0,-428.0,571.0,72.0,,,,499.0,0.0,-4.0,765.0,-576.0,0.0,576.0,189.0,0.0,0.0,189.0,-63.0,126.0,0.0,,,126.0,0.0,126.0,0.0,,126.0,126.0,,321.658,0.39,0.39,0.39,326.632,0.385,0.385,0.385,
12/31/1999,752.0,195.0,637.0,411.0,226.0,-442.0,557.0,18.0,,,,539.0,0.0,-2.0,750.0,-626.0,0.0,626.0,124.0,282.0,-282.0,406.0,-157.0,249.0,0.0,,,249.0,0.0,249.0,0.0,,249.0,249.0,,320.268,0.775,0.775,0.2625,325.874,0.76,0.76,0.26,
03/31/2000,917.0,212.0,726.0,488.0,238.0,-514.0,705.0,113.0,,,,592.0,0.0,-3.0,914.0,-684.0,0.0,684.0,230.0,0.0,0.0,230.0,-80.0,150.0,0.0,,,150.0,0.0,150.0,0.0,0.0,150.0,150.0,,319.672,0.47,0.47,0.47,325.486,0.46,0.46,0.46,
06/30/2000,871.0,215.0,768.0,514.0,254.0,-553.0,656.0,106.0,,,,550.0,0.0,-2.0,869.0,-642.0,0.0,642.0,227.0,0.0,0.0,227.0,-79.0,148.0,0.0,,,148.0,0.0,148.0,0.0,0.0,148.0,148.0,,321.694,0.46,0.46,0.46,328.09,0.45,0.45,0.45,
09/30/2000,891.0,235.0,838.0,589.0,249.0,-603.0,656.0,101.0,,,,555.0,0.0,-3.0,888.0,-665.0,0.0,665.0,223.0,0.0,0.0,223.0,-73.0,150.0,0.0,,,150.0,0.0,150.0,0.0,0.0,150.0,150.0,,322.442,0.465,0.465,0.465,328.964,0.455,0.455,0.455,
12/31/2000,880.0,232.0,924.0,678.0,246.0,-692.0,648.0,99.0,,,,549.0,0.0,-1.0,879.0,-653.0,0.0,653.0,226.0,0.0,0.0,226.0,-79.0,147.0,0.0,,,147.0,0.0,147.0,0.0,,147.0,147.0,,322.88,0.46,0.46,0.46,329.632,0.45,0.45,0.45,
12/31/2001,992.0,285.0,563.0,330.0,233.0,-278.0,707.0,31.0,,,,676.0,0.0,-3.0,989.0,-736.0,0.0,736.0,253.0,0.0,0.0,253.0,-82.0,171.0,0.0,,,171.0,0.0,171.0,0.0,0.0,171.0,171.0,,323.489,0.53,0.53,0.53,329.268,0.52,0.52,0.52,
03/31/2002,982.0,281.0,524.0,309.0,215.0,-243.0,701.0,4.0,,,,697.0,0.0,-1.0,981.0,-715.0,0.0,715.0,266.0,0.0,0.0,266.0,-88.0,178.0,0.0,,,178.0,0.0,178.0,0.0,0.0,178.0,178.0,,323.689,0.55,0.55,0.55,328.999,0.54,0.54,0.54,
06/30/2002,1004.0,249.0,510.0,310.0,200.0,-261.0,755.0,10.0,,,,745.0,0.0,-1.0,1003.0,-738.0,0.0,738.0,265.0,0.0,0.0,265.0,-87.0,178.0,0.0,,,178.0,0.0,178.0,0.0,0.0,178.0,178.0,,323.858,0.55,0.55,0.55,328.262,0.54,0.54,0.54,
09/30/2002,957.0,224.0,475.0,288.0,187.0,-251.0,733.0,110.0,,,,623.0,0.0,-1.0,956.0,-684.0,0.0,684.0,272.0,0.0,0.0,272.0,-90.0,182.0,0.0,,,182.0,0.0,182.0,0.0,0.0,182.0,182.0,,323.023,0.57,0.57,0.57,326.163,0.56,0.56,0.56,
12/31/2002,962.0,225.0,465.0,310.0,155.0,-240.0,737.0,31.0,,,,706.0,0.0,-1.0,961.0,-704.0,0.0,704.0,257.0,495.0,-495.0,752.0,-275.0,477.0,0.0,,,477.0,0.0,477.0,0.0,0.0,477.0,477.0,-296.0,323.52,1.47,1.47,0.56,326.469,1.46,1.46,0.56,
03/31/2003,1020.0,204.0,397.0,213.0,184.0,-193.0,816.0,26.0,,,,790.0,0.0,0.0,1020.0,-759.0,0.0,759.0,261.0,-75.0,75.0,186.0,-90.0,96.0,0.0,,,96.0,0.0,96.0,0.0,0.0,96.0,96.0,,329.569,0.29,0.29,0.44,332.054,0.29,0.29,0.44,
06/30/2003,1082.0,193.0,401.0,214.0,187.0,-208.0,889.0,8.0,,,,881.0,0.0,0.0,1082.0,-811.0,0.0,811.0,271.0,-328.0,328.0,-57.0,34.0,-23.0,0.0,,,-23.0,0.0,-23.0,0.0,0.0,-23.0,-23.0,,331.325,-0.07,-0.07,0.52,333.971,-0.07,-0.07,0.52,
09/30/2003,1126.0,203.0,364.0,182.0,182.0,-161.0,923.0,96.0,,,,827.0,0.0,0.0,1126.0,-792.0,0.0,792.0,334.0,-29.0,29.0,305.0,-103.0,202.0,0.0,,,202.0,0.0,202.0,0.0,0.0,202.0,202.0,,332.246,0.61,0.61,0.68,336.568,0.6,0.6,0.66,
12/31/2003,1161.0,210.0,377.0,200.0,177.0,-167.0,951.0,-107.0,,,,1058.0,0.0,0.0,1161.0,-798.0,0.0,798.0,363.0,315.0,-315.0,678.0,-231.0,447.0,0.0,,,447.0,0.0,447.0,0.0,0.0,447.0,447.0,-210.0,333.579,1.34,1.34,0.72,338.895,1.33,1.33,0.71,
03/31/2004,1219.0,203.0,384.0,181.0,203.0,-181.0,1016.0,121.0,,,,895.0,0.0,0.0,1219.0,-890.0,0.0,890.0,329.0,-18.0,18.0,311.0,-94.0,217.0,0.0,,,217.0,0.0,217.0,0.0,0.0,217.0,217.0,,334.635,0.65,0.65,0.68,342.129,0.63,0.63,0.67,
06/30/2004,1287.0,226.0,408.0,209.0,199.0,-182.0,1061.0,16.0,,,,1045.0,0.0,0.0,1287.0,-937.0,0.0,937.0,350.0,-16.0,16.0,334.0,-114.0,220.0,0.0,,,220.0,0.0,220.0,0.0,0.0,220.0,220.0,,334.93,0.66,0.66,0.69,340.647,0.65,0.65,0.68,
09/30/2004,1174.0,213.0,463.0,243.0,220.0,-250.0,961.0,75.0,,,,886.0,0.0,0.0,1174.0,-890.0,0.0,890.0,284.0,-16.0,16.0,268.0,-91.0,177.0,0.0,,,177.0,0.0,177.0,0.0,0.0,177.0,177.0,,335.626,0.52,0.52,0.55,339.348,0.52,0.52,0.55,
12/31/2004,1253.0,217.0,532.0,532.0,,-315.0,1036.0,118.0,,,,780.0,138.0,18.0,1271.0,-959.0,,959.0,312.0,-33.0,33.0,279.0,-95.0,184.0,0.0,,,184.0,0.0,184.0,0.0,0.0,184.0,184.0,,333.238,0.55,0.55,0.595,336.964,0.55,0.55,0.594,
03/31/2005,1308.0,212.0,603.0,289.0,314.0,-391.0,1096.0,-1.0,,,,1097.0,0.0,0.0,1308.0,-966.0,0.0,966.0,342.0,0.0,0.0,342.0,-116.0,226.0,0.0,,,226.0,0.0,226.0,0.0,0.0,226.0,226.0,,331.563,0.68,0.68,0.68,334.653,0.67,0.67,0.67,
12/31/2005,2005.0,831.0,1450.0,861.0,589.0,-619.0,1174.0,-2.0,,,,1176.0,0.0,0.0,2005.0,-1039.0,0.0,1039.0,966.0,-589.0,589.0,377.0,-128.0,249.0,0.0,,,249.0,0.0,249.0,0.0,0.0,249.0,249.0,,330.689,0.75,0.75,0.75,337.061,0.74,0.74,0.74,
03/31/2006,1523.0,266.0,961.0,295.0,666.0,-695.0,1257.0,-3.0,,,,1260.0,0.0,0.0,1523.0,-1096.0,0.0,1096.0,427.0,0.0,0.0,427.0,-145.0,282.0,-10.0,,,292.0,0.0,292.0,0.0,0.0,292.0,292.0,,332.761,0.88,0.85,0.85,337.117,0.87,0.84,0.84,
06/30/2006,1651.0,262.0,1034.0,329.0,705.0,-772.0,1389.0,14.0,,,,1375.0,0.0,0.0,1651.0,-1176.0,0.0,1176.0,475.0,-83.0,83.0,392.0,-165.0,227.0,0.0,,,227.0,0.0,227.0,0.0,0.0,227.0,227.0,83.0,330.804,0.69,0.69,0.94,335.879,0.68,0.68,0.93,
09/30/2006,1500.0,266.0,1103.0,329.0,774.0,-837.0,1234.0,3.0,,,,1231.0,0.0,0.0,1500.0,-1090.0,0.0,1090.0,410.0,15.0,-15.0,425.0,-147.0,278.0,0.0,,,278.0,0.0,278.0,0.0,0.0,278.0,278.0,-10.0,330.44,0.84,0.84,0.81,335.513,0.83,0.83,0.8,
12/31/2006,1622.0,316.0,1225.0,393.0,832.0,-909.0,1306.0,1.0,,,,1305.0,0.0,0.0,1622.0,-1178.0,0.0,1178.0,444.0,0.0,0.0,444.0,-153.0,291.0,0.0,,,291.0,0.0,291.0,0.0,0.0,291.0,291.0,,331.421,0.87,0.87,0.87,337.429,0.86,0.86,0.86,
03/31/2007,1696.0,325.0,1172.0,344.0,828.0,-847.0,1371.0,1.0,,,,1370.0,0.0,0.0,1696.0,-1213.0,0.0,1213.0,483.0,0.0,0.0,483.0,-169.0,314.0,0.0,,,314.0,0.0,314.0,0.0,0.0,314.0,314.0,,334.036,0.94,0.94,0.94,338.727,0.93,0.93,0.93,
06/30/2007,1921.0,385.0,1203.0,336.0,867.0,-818.0,1536.0,-1.0,,,,1537.0,0.0,0.0,1921.0,-1358.0,0.0,1358.0,563.0,0.0,0.0,563.0,-197.0,366.0,0.0,,,366.0,0.0,366.0,0.0,0.0,366.0,366.0,,335.769,1.09,1.09,1.09,341.101,1.07,1.07,1.07,
09/30/2007,2240.0,464.0,1383.0,397.0,986.0,-919.0,1776.0,-6.0,,,,1782.0,0.0,0.0,2240.0,-1548.0,0.0,1548.0,692.0,-141.0,141.0,551.0,-193.0,358.0,0.0,,,358.0,0.0,358.0,0.0,0.0,358.0,358.0,91.65,386.843,0.92,0.92,1.16,392.15,0.91,0.91,1.15,
12/31/2007,2479.0,556.0,1454.0,477.0,977.0,-898.0,1923.0,13.0,,,,1910.0,0.0,0.0,2479.0,-2116.0,0.0,2116.0,363.0,-57.0,57.0,306.0,-83.0,223.0,0.0,,,223.0,0.0,223.0,0.0,0.0,223.0,223.0,,385.2,0.58,0.58,1.4,392.2,0.57,0.57,1.38,
03/31/2008,2577.0,625.0,1288.0,439.0,849.0,-663.0,1952.0,-9.0,,,,1961.0,0.0,0.0,2577.0,-1748.0,0.0,1748.0,829.0,-26.0,26.0,803.0,-273.0,530.0,0.0,,,530.0,0.0,530.0,0.0,0.0,530.0,530.0,,387.942,1.37,1.37,1.41,393.647,1.35,1.35,1.39,
06/30/2008,2672.0,657.0,1137.0,391.0,746.0,-480.0,2015.0,9.0,,,,2006.0,0.0,0.0,2672.0,-1809.0,0.0,1809.0,863.0,-32.0,32.0,831.0,-283.0,548.0,0.0,,,548.0,0.0,548.0,0.0,0.0,548.0,548.0,,402.482,1.36,1.36,1.41,406.964,1.35,1.35,1.4,
09/30/2008,2771.0,525.0,1027.0,233.0,794.0,-502.0,2246.0,347.0,,,,1899.0,0.0,0.0,2771.0,-1895.0,0.0,1895.0,876.0,-30.0,30.0,846.0,-369.0,477.0,0.0,,,477.0,0.0,477.0,0.0,0.0,477.0,477.0,,430.872,1.11,1.11,1.15,435.03,1.09,1.09,1.13,
12/31/2008,2673.0,843.0,1427.0,671.0,756.0,-584.0,1830.0,-51.0,,,,1881.0,0.0,0.0,2673.0,-2256.0,0.0,2256.0,417.0,-333.0,333.0,84.0,3.0,87.0,0.0,,,87.0,0.0,87.0,-22.0,0.0,65.0,65.0,,431.042,0.15,0.15,1.18,431.902,0.15,0.15,1.18,
03/31/2009,2002.0,564.0,738.0,141.0,597.0,-174.0,1438.0,16.0,0.0,16.0,0.0,1422.0,0.0,-84.0,1918.0,-1304.0,0.0,1304.0,614.0,0.0,0.0,614.0,-138.0,476.0,0.0,0.0,0.0,476.0,0.0,476.0,-25.0,-6.0,445.0,456.05,11.05,432.179,1.03,1.03,1.055234,435.299,1.02,1.02,1.045385,
06/30/2009,2122.0,580.0,773.0,116.0,657.0,-193.0,1542.0,26.0,0.0,26.0,0.0,1516.0,0.0,-14.0,2108.0,-1364.0,0.0,1364.0,744.0,0.0,0.0,744.0,-242.0,502.0,3684.0,0.0,3684.0,-3182.0,0.0,-3182.0,-21.0,-111.0,-3314.0,377.0,7.0,462.399,-7.16,0.8,0.815313,465.814,-7.16,0.748736,0.763764,
09/30/2009,2236.0,723.0,898.0,100.0,798.0,-175.0,1513.0,42.0,0.0,42.0,0.0,1471.0,0.0,-16.0,2220.0,-1733.0,0.0,1733.0,487.0,0.0,0.0,487.0,-160.0,327.0,0.0,0.0,0.0,327.0,0.0,327.0,0.0,0.0,327.0,334.15,7.15,493.453,0.66,0.66,0.677167,498.29,0.66,0.66,0.674349,
12/31/2009,2280.0,697.0,877.0,89.0,788.0,-180.0,1583.0,57.0,0.0,57.0,0.0,1526.0,0.0,-35.0,2245.0,-1565.0,0.0,1565.0,680.0,0.0,0.0,680.0,-182.0,498.0,0.0,0.0,0.0,498.0,0.0,498.0,0.0,0.0,498.0,502.97615,4.97615,493.459,1.01,1.01,1.019287,497.615,1.0,1.0,1.01,
03/31/2010,2296.0,661.0,878.0,134.0,744.0,-217.0,1635.0,95.0,0.0,95.0,0.0,1540.0,0.0,-15.0,2281.0,-1579.0,0.0,1579.0,702.0,0.0,0.0,702.0,-207.0,495.0,0.0,0.0,0.0,495.0,0.0,495.0,,-3.0,492.0,500.45,8.45,494.588,0.99,0.99,1.011852,498.056,0.99,0.99,1.006966,
06/30/2010,2304.0,658.0,846.0,103.0,743.0,-188.0,1646.0,-50.0,0.0,-50.0,0.0,1696.0,0.0,-10.0,2294.0,-1944.0,0.0,1944.0,350.0,0.0,0.0,350.0,82.0,432.0,0.0,0.0,0.0,432.0,0.0,432.0,0.0,0.0,432.0,458.65,26.65,495.606,0.87,0.87,0.925433,498.886,0.87,0.87,0.923419,
09/30/2010,2310.0,724.0,904.0,99.0,805.0,-180.0,1586.0,17.0,0.0,17.0,0.0,1569.0,0.0,-1.0,2309.0,-1527.0,0.0,1527.0,782.0,0.0,0.0,782.0,-236.0,546.0,0.0,0.0,0.0,546.0,0.0,546.0,0.0,-6.0,540.0,554.95,14.95,495.729,1.09,1.09,1.119462,498.159,1.08,1.08,1.11001,
12/31/2010,2043.0,656.0,834.0,113.0,721.0,-178.0,1387.0,-348.0,0.0,-348.0,0.0,1735.0,0.0,1.0,2044.0,-1792.0,0.0,1792.0,252.0,0.0,0.0,252.0,-169.0,83.0,0.0,0.0,0.0,83.0,0.0,83.0,0.0,-2.0,81.0,190.2,109.2,495.758,0.17,0.17,0.383655,499.232,0.16,0.16,0.378736,
03/31/2011,2361.0,577.0,734.0,117.0,617.0,-157.0,1784.0,-7.0,0.0,-7.0,0.0,1791.0,0.0,1.0,2362.0,-1702.0,0.0,1702.0,660.0,0.0,0.0,660.0,-189.0,471.0,0.0,0.0,0.0,471.0,0.0,471.0,0.0,-5.0,466.0,478.35,12.35,497.471,0.94,0.94,0.961564,500.98,0.93,0.93,0.954652,
06/30/2011,2491.0,572.0,719.0,102.0,617.0,-147.0,1919.0,27.0,0.0,27.0,0.0,1892.0,0.0,-2.0,2489.0,-1774.0,0.0,1774.0,715.0,0.0,0.0,715.0,-202.0,513.0,0.0,0.0,0.0,513.0,0.0,513.0,-7.0,-4.0,502.0,513.05,11.05,496.806,1.01,1.01,1.032697,501.044,1.0,1.0,1.022054,
09/30/2011,2427.0,578.0,728.0,113.0,615.0,-150.0,1849.0,5.0,0.0,5.0,0.0,1844.0,0.0,0.0,2427.0,-1798.0,0.0,1798.0,629.0,0.0,0.0,629.0,-74.0,555.0,0.0,0.0,0.0,555.0,0.0,555.0,-6.0,-6.0,543.0,598.25,55.25,490.84,1.11,1.11,1.218829,494.78,1.1,1.1,1.211666,
12/31/2011,2315.0,606.0,765.0,125.0,640.0,-159.0,1709.0,42.0,0.0,42.0,0.0,1667.0,0.0,1.0,2316.0,-1784.0,0.0,1784.0,532.0,0.0,0.0,532.0,-151.0,381.0,0.0,0.0,0.0,381.0,0.0,381.0,-7.0,-3.0,371.0,447.95,76.95,485.424,0.77,0.77,0.922802,490.328,0.76,0.76,0.916936,
03/31/2012,2421.0,625.0,765.0,107.0,658.0,-140.0,1796.0,11.0,0.0,11.0,0.0,1785.0,0.0,0.0,2421.0,-1835.0,0.0,1835.0,586.0,0.0,0.0,586.0,-159.0,427.0,0.0,0.0,0.0,427.0,0.0,427.0,-7.0,-3.0,417.0,441.5227,24.5227,484.942,0.86,0.86,0.910465,490.454,0.85,0.85,0.9,
06/30/2012,2423.0,672.0,786.0,120.0,666.0,-114.0,1751.0,-27.0,0.0,-27.0,0.0,1778.0,0.0,1.0,2424.0,-1772.0,0.0,1772.0,652.0,0.0,0.0,652.0,-162.0,490.0,0.0,0.0,0.0,490.0,0.0,490.0,-7.0,-3.0,480.0,509.31108,29.31108,481.404,1.0,1.0,1.05797,488.518,0.98,0.98,1.04,
09/30/2012,2356.0,619.0,730.0,103.0,627.0,-111.0,1737.0,18.0,0.0,18.0,0.0,1719.0,0.0,0.0,2356.0,-1415.0,0.0,1415.0,941.0,0.0,0.0,941.0,-267.0,674.0,0.0,0.0,0.0,674.0,0.0,674.0,-15.0,-5.0,654.0,521.4469,-132.5531,472.355,1.39,1.39,1.10393,480.01,1.36,1.36,1.083853,
12/31/2012,2449.0,622.0,733.0,118.0,615.0,-111.0,1827.0,21.0,0.0,21.0,0.0,1806.0,0.0,2.0,2451.0,-1864.0,0.0,1864.0,587.0,0.0,0.0,587.0,-117.0,470.0,0.0,0.0,0.0,470.0,0.0,470.0,0.0,-2.0,468.0,549.54116,81.54116,459.339,1.02,1.02,1.196374,467.466,1.0,1.0,1.174432,
03/31/2013,2435.0,576.0,687.0,101.0,586.0,-111.0,1859.0,2.0,0.0,2.0,0.0,1857.0,0.0,,2435.0,-1826.0,0.0,1826.0,609.0,0.0,0.0,609.0,-145.0,464.0,0.0,0.0,0.0,464.0,0.0,464.0,-7.0,-2.0,455.0,463.60502,8.60502,454.315,1.0,1.0,1.020448,462.751,0.98,0.98,0.998595,
06/30/2013,2560.0,596.0,700.0,124.0,576.0,-104.0,1964.0,-7.0,0.0,-7.0,0.0,1971.0,0.0,,2560.0,-1798.0,0.0,1798.0,762.0,0.0,0.0,762.0,-183.0,579.0,0.0,0.0,0.0,579.0,0.0,579.0,-6.0,-2.0,571.0,598.6624,27.6624,452.176,1.26,1.26,1.323959,461.04,1.24,1.24,1.3,
09/30/2013,2425.0,546.0,643.0,95.0,548.0,-97.0,1879.0,-4.0,0.0,-4.0,0.0,1883.0,0.0,,2425.0,-1722.0,0.0,1722.0,703.0,0.0,0.0,703.0,-163.0,540.0,0.0,0.0,0.0,540.0,0.0,540.0,-7.0,-2.0,531.0,558.12924,27.12924,442.86,1.2,1.2,1.260284,452.154,1.17,1.17,1.23,
12/31/2013,2464.0,585.0,684.0,105.0,579.0,-99.0,1879.0,125.0,0.0,0.0,125.0,1754.0,0.0,-6.0,2458.0,-1846.0,0.0,1846.0,612.0,0.0,0.0,612.0,-59.0,553.0,0.0,0.0,0.0,553.0,0.0,553.0,-6.0,-2.0,545.0,598.427,53.427,435.871,1.25,1.25,1.372945,445.225,1.22,1.22,1.34,
03/31/2014,2485.0,555.0,655.0,102.0,553.0,-100.0,1930.0,140.0,0.0,6.0,134.0,1790.0,0.0,-2.0,2483.0,-2028.0,0.0,2028.0,455.0,0.0,0.0,455.0,-92.0,363.0,0.0,0.0,0.0,363.0,0.0,363.0,-6.0,-1.0,356.0,437.2104,81.2104,430.621,0.83,0.83,1.015302,438.815,0.81,0.81,0.995068,
06/30/2014,2598.0,561.0,650.0,124.0,526.0,-89.0,2037.0,142.0,0.0,-2.0,144.0,1895.0,0.0,-2.0,2596.0,-1850.0,0.0,1850.0,746.0,0.0,0.0,746.0,-124.0,622.0,0.0,0.0,0.0,622.0,0.0,622.0,-19.0,-1.0,602.0,623.766,21.766,427.824,1.41,1.41,1.457997,435.32,1.38,1.38,1.43,
09/30/2014,2582.0,570.0,671.0,126.0,545.0,-101.0,2012.0,161.0,0.0,0.0,161.0,1851.0,0.0,-2.0,2580.0,-1892.0,0.0,1892.0,688.0,0.0,0.0,688.0,-128.0,560.0,0.0,0.0,0.0,560.0,0.0,560.0,-18.0,0.0,542.0,554.89208,12.89208,421.974,1.28,1.28,1.314991,429.736,1.26,1.26,1.29,
12/31/2014,2625.0,574.0,676.0,154.0,522.0,-102.0,2051.0,168.0,0.0,0.0,168.0,1883.0,0.0,-4.0,2621.0,-2057.0,0.0,2057.0,564.0,0.0,0.0,564.0,-76.0,488.0,0.0,0.0,0.0,488.0,0.0,488.0,-18.0,-1.0,469.0,502.94712,33.94712,416.651,1.13,1.13,1.207118,424.339,1.11,1.11,1.19,
03/31/2015,2600.0,546.0,642.0,142.0,500.0,-96.0,2054.0,202.0,0.0,-1.0,203.0,1852.0,0.0,-4.0,2596.0,-2097.0,0.0,2097.0,499.0,0.0,0.0,499.0,-94.0,405.0,0.0,0.0,0.0,405.0,0.0,405.0,-31.0,-1.0,373.0,526.0,153.0,412.225,0.9,0.9,1.276002,418.75,0.89,0.89,1.255373,
06/30/2015,2608.0,535.0,629.0,148.0,481.0,-94.0,2073.0,164.0,0.0,-3.0,167.0,1909.0,0.0,-2.0,2606.0,-2134.0,0.0,2134.0,472.0,0.0,0.0,472.0,-54.0,418.0,0.0,0.0,0.0,418.0,0.0,418.0,-29.0,0.0,389.0,546.0,157.0,410.674,0.95,0.95,1.329522,416.712,0.93,0.93,1.306759,
09/30/2015,2614.0,513.0,614.0,152.0,462.0,-101.0,2101.0,175.0,0.0,-2.0,177.0,1926.0,0.0,-5.0,2609.0,-1962.0,0.0,1962.0,647.0,0.0,0.0,647.0,-67.0,580.0,0.0,0.0,0.0,580.0,1.0,581.0,-42.0,0.0,539.0,534.82167,-4.17833,406.612,1.33,1.33,1.315312,412.167,1.31,1.31,1.299863,
12/31/2015,2538.0,494.0,603.0,150.0,453.0,-109.0,2044.0,143.0,0.0,0.0,143.0,1901.0,0.0,-1.0,2537.0,-1857.0,0.0,1857.0,680.0,0.0,0.0,680.0,-103.0,577.0,0.0,0.0,0.0,577.0,-1.0,576.0,-28.0,-1.0,547.0,560.07012,13.07012,402.041,1.36,1.36,1.393067,407.012,1.34,1.34,1.372112,
03/31/2016,2484.0,512.0,629.0,183.0,446.0,-117.0,1972.0,158.0,0.0,2.0,156.0,1814.0,0.0,-4.0,2480.0,-2050.0,0.0,2050.0,430.0,0.0,0.0,430.0,-62.0,368.0,0.0,0.0,0.0,368.0,,368.0,-49.0,0.0,319.0,404.0,85.0,399.421,0.8,0.8,1.011464,403.615,0.79,0.79,1.000597,
06/30/2016,2573.0,521.0,620.0,168.0,452.0,-99.0,2052.0,156.0,0.0,-1.0,157.0,1896.0,0.0,-4.0,2569.0,-1860.0,0.0,1860.0,709.0,0.0,0.0,709.0,-92.0,617.0,0.0,0.0,0.0,617.0,2.0,619.0,-33.0,-1.0,585.0,591.0,6.0,394.16,1.48,1.48,1.499391,398.847,1.47,1.47,1.485043,
09/30/2016,2620.0,537.0,647.0,184.0,463.0,-110.0,2083.0,163.0,0.0,4.0,159.0,1920.0,0.0,0.0,2620.0,-1984.0,0.0,1984.0,636.0,0.0,0.0,636.0,-72.0,564.0,0.0,0.0,0.0,564.0,-1.0,563.0,-55.0,-1.0,507.0,557.0,50.0,388.358,1.31,1.31,1.434244,393.212,1.29,1.29,1.417158,
12/31/2016,2530.0,514.0,616.0,177.0,439.0,-102.0,2016.0,184.0,0.0,2.0,182.0,1832.0,0.0,-2.0,2528.0,-2183.0,0.0,2183.0,345.0,0.0,0.0,345.0,248.0,593.0,0.0,0.0,0.0,593.0,0.0,593.0,-36.0,0.0,557.0,583.0,26.0,384.115,1.45,1.45,1.517775,389.046,1.43,1.43,1.49683,
03/31/2017,2668.0,510.0,650.0,219.0,431.0,-140.0,2158.0,124.0,0.0,-40.0,164.0,2034.0,0.0,2.0,2670.0,-2086.0,0.0,2086.0,584.0,0.0,0.0,584.0,-82.0,502.0,0.0,0.0,0.0,502.0,0.0,502.0,-55.0,-1.0,446.0,464.85,18.85,381.224,1.17,1.17,1.219362,386.417,1.15,1.15,1.198781,
06/30/2017,2810.0,575.0,700.0,272.0,428.0,-125.0,2235.0,178.0,0.0,0.0,178.0,2057.0,0.0,-3.0,2807.0,-2031.0,0.0,2031.0,776.0,0.0,0.0,776.0,-156.0,620.0,0.0,0.0,0.0,620.0,0.0,620.0,-36.0,0.0,584.0,630.15,46.15,375.395,1.56,1.56,1.678632,380.915,1.53,1.53,1.651156,
09/30/2017,2846.0,603.0,761.0,325.0,436.0,-158.0,2243.0,151.0,0.0,1.0,150.0,2092.0,0.0,-3.0,2843.0,-2021.0,0.0,2021.0,822.0,0.0,0.0,822.0,-137.0,685.0,0.0,0.0,0.0,685.0,0.0,685.0,-55.0,-1.0,629.0,650.45,21.45,372.765,1.69,1.69,1.744933,378.518,1.66,1.66,1.716668,
12/31/2017,2942.0,616.0,797.0,352.0,445.0,-181.0,2326.0,579.0,0.0,0.0,579.0,1747.0,0.0,2.0,2944.0,-2131.0,0.0,2131.0,813.0,0.0,0.0,813.0,-464.0,349.0,0.0,0.0,0.0,349.0,0.0,349.0,-36.0,0.0,313.0,788.45,475.45,369.882,0.846216,0.846216,2.131626,375.515,0.833522,0.833522,2.09965,
03/31/2018,3056.0,643.0,857.0,391.0,466.0,-214.0,2413.0,302.0,0.0,-2.0,304.0,2111.0,0.0,0.0,3056.0,-2268.0,0.0,2268.0,788.0,0.0,0.0,788.0,-129.0,659.0,0.0,0.0,0.0,659.0,0.0,659.0,-55.0,-1.0,603.0,603.0,0.0,367.439,1.64,1.64,1.64,372.619,1.62,1.62,1.62,
06/30/2018,3063.0,659.0,907.0,443.0,464.0,-248.0,2404.0,324.0,0.0,9.0,315.0,2080.0,0.0,-2.0,3061.0,-2170.0,0.0,2170.0,891.0,0.0,0.0,891.0,-158.0,733.0,0.0,0.0,0.0,733.0,0.0,733.0,-36.0,0.0,697.0,757.83,60.83,365.619,1.91,1.91,2.072731,370.41,1.88,1.88,2.044223,
09/30/2018,2989.0,672.0,916.0,451.0,465.0,-244.0,2317.0,287.0,0.0,-1.0,288.0,2030.0,0.0,-5.0,2984.0,-2091.0,0.0,2091.0,893.0,0.0,0.0,893.0,-129.0,764.0,0.0,0.0,0.0,764.0,0.0,764.0,-55.0,-1.0,708.0,708.0,0.0,374.963,1.89,1.89,1.89,379.383,1.87,1.87,1.87,
12/31/2018,3098.0,697.0,982.0,496.0,486.0,-285.0,2401.0,534.0,0.0,0.0,534.0,1867.0,0.0,-8.0,3090.0,-2509.0,0.0,2509.0,581.0,0.0,0.0,581.0,-146.0,435.0,0.0,0.0,0.0,435.0,0.0,435.0,-42.0,1.0,394.0,661.13,267.13,379.911,1.037085,1.037085,1.740223,383.492,1.027401,1.027401,1.723973,
03/31/2019,2932.0,673.0,1027.0,524.0,503.0,-354.0,2259.0,279.0,0.0,-1.0,280.0,1980.0,0.0,-4.0,2928.0,-2293.0,0.0,2293.0,635.0,0.0,0.0,635.0,-127.0,508.0,0.0,0.0,0.0,508.0,0.0,508.0,-55.0,-1.0,452.0,473.0,21.0,377.915,1.2,1.2,1.251604,381.703,1.18,1.18,1.235017,
06/30/2019,2873.0,613.0,1007.0,508.0,499.0,-394.0,2260.0,273.0,0.0,0.0,273.0,1987.0,0.0,-1.0,2872.0,-2154.0,0.0,2154.0,718.0,0.0,0.0,718.0,-131.0,587.0,0.0,0.0,0.0,587.0,0.0,587.0,-50.0,0.0,537.0,546.0,9.0,373.773,1.44,1.44,1.46078,377.577,1.42,1.42,1.443836,
09/30/2019,2903.0,644.0,1001.0,500.0,501.0,-357.0,2259.0,284.0,0.0,0.0,284.0,1975.0,0.0,-2.0,2901.0,-2180.0,0.0,2180.0,721.0,0.0,0.0,721.0,-138.0,583.0,0.0,0.0,0.0,583.0,0.0,583.0,-55.0,0.0,528.0,561.0,33.0,366.732,1.44,1.44,1.529727,370.595,1.42,1.42,1.509046,
12/31/2019,3048.0,636.0,906.0,412.0,494.0,-270.0,2412.0,318.0,0.0,44.0,274.0,2094.0,0.0,-3.0,3045.0,-2407.0,0.0,2407.0,638.0,0.0,0.0,638.0,-74.0,564.0,0.0,0.0,0.0,564.0,0.0,564.0,-72.0,0.0,492.0,584.0,92.0,361.224,1.362036,1.362036,1.616725,364.789,1.348725,1.348725,1.600925,
03/31/2020,3065.0,664.0,868.0,384.0,484.0,-204.0,2401.0,461.0,0.0,2.0,459.0,1940.0,0.0,-36.0,3029.0,-2255.0,0.0,2255.0,774.0,0.0,0.0,774.0,-140.0,634.0,0.0,0.0,0.0,634.0,0.0,634.0,-53.0,-1.0,580.0,588.0,8.0,353.746,1.64,1.64,1.66221,357.993,1.62,1.62,1.642347,
06/30/2020,2937.0,559.0,674.0,258.0,416.0,-115.0,2378.0,344.0,0.0,0.0,344.0,2034.0,0.0,-52.0,2885.0,-2082.0,0.0,2082.0,803.0,0.0,0.0,803.0,-109.0,694.0,0.0,0.0,0.0,694.0,0.0,694.0,-32.0,0.0,662.0,671.0,9.0,352.157,1.88,1.88,1.9054,356.413,1.86,1.86,1.885252,
09/30/2020,2766.333,,,,,,,,,,,,,,,,,,500.5,,,653.167,,484.5,,,,,,484.5,,,484.5,485.818,,,1.339,1.339,1.397,,1.339,1.339,1.397,
12/31/2020,2817.867,,,,,,,,,,,,,,,,,,556.0,,,696.75,,521.2,,,,,,521.2,,,521.2,532.636,,,1.458,1.458,1.505,,1.458,1.458,1.505,
