Date,Revenue,Sales & Services Revenue,Cost of Revenue,Cost of Goods & Services,Gross Profit,Other Operating Income,Operating Expenses,"Selling, General & Admin",Prov For Doubtful Accts,Other Operating Expense,Operating Income (Loss),Non-Operating (Income) Loss,"Interest Expense, Net",Interest Expense,Interest Income,Foreign Exch (Gain) Loss,Other Non-Op (Income) Loss,Pretax Income,Income Tax Expense (Benefit),(Income) Loss from Affiliates,Income (Loss) from Cont Ops,Net Extraordinary Losses (Gains),Discontinued Operations,XO & Accounting Changes,Income (Loss) Incl. MI,Minority Interest,"Net Income, GAAP",Preferred Dividends,Other Adjustments,"Net Income Avail to Common, GAAP","Net Income Avail to Common, Adj",Net Abnormal Losses (Gains),Basic Weighted Avg Shares,"Basic EPS, GAAP",Basic EPS from Cont Ops,"Basic EPS from Cont Ops, Adjusted",Diluted Weighted Avg Shares,"Diluted EPS, GAAP",Diluted EPS from Cont Ops,"Diluted EPS from Cont Ops, Adjusted",Source: Bloomberg
03/31/1990,484.100006,,-317.899994,,166.200012,,-116.300003,,,,49.900002,-12.4,,9.4,,,3.0,37.500002,-15.0,,22.5,0.0,,,22.500002,0.0,22.5,0.0,,22.5,22.5,,85.505997,0.265,0.265,,85.505997,0.265,0.265,0.265,
06/30/1990,498.899994,,-321.200012,,177.699982,,-113.800003,,,,63.900002,-12.9,,8.5,,,4.4,51.000001,-20.4,,30.6,0.0,,,30.600002,0.0,30.6,0.0,,30.6,30.6,,84.587997,0.36,0.36,,84.587997,0.36,0.36,0.36,
09/29/1990,492.299988,,-322.100006,,170.199982,,-114.599998,,,,55.599998,-11.5,,8.1,,,3.4,44.099998,-16.4,,27.700001,0.0,,,27.699998,0.0,27.700001,0.0,,27.700001,27.700001,,84.237999,0.325,0.325,,84.237999,0.325,0.325,0.325,
12/29/1990,501.399994,,-331.100006,,170.299988,,-118.300003,,,,52.0,-12.6,,10.3,,,2.3,39.4,-13.6,,25.799999,0.0,,,25.799999,0.0,25.799999,0.0,,25.799999,25.799999,,82.977997,0.315,0.315,,82.977997,0.315,0.315,0.315,
03/30/1991,453.600006,,-301.399994,,152.200012,,-114.699997,,,,37.5,-12.2,,8.6,,,3.6,25.3,-9.5,,15.8,12.5,,,3.3,0.0,3.3,0.0,,3.3,3.3,,82.050003,0.045,0.195,,82.050003,0.045,0.195,0.195,
06/29/1991,490.0,,-321.200012,,168.799988,,-114.800003,,,,54.0,-12.0,,9.7,,,2.3,42.0,-16.1,,25.9,0.0,,,25.9,0.0,25.9,0.0,,25.9,25.9,,83.744003,0.31,0.31,,83.744003,0.31,0.31,0.31,
09/28/1991,506.100006,,-336.299988,,169.800018,,-114.199997,,,,55.599998,-9.3,,10.4,,,-1.1,46.299999,-17.9,,28.4,0.0,,,28.399999,0.0,28.4,0.0,,28.4,28.4,,90.592003,0.32,0.32,,90.592003,0.32,0.32,0.32,
12/29/1991,512.5,,-334.899994,,177.600006,,-118.699997,,,,58.900002,-16.0,,8.9,,,7.1,42.900002,-15.9,,27.0,0.0,,,27.000002,0.0,27.0,0.0,,27.0,27.0,,90.515999,0.3,0.3,,90.515999,0.3,0.3,0.3,
03/28/1992,502.100006,,-334.700012,,167.399994,,-127.0,,,,40.400002,-12.6,,7.7,,,4.9,27.800002,-10.3,,17.5,0.0,,,17.500001,0.0,17.5,0.0,,17.5,17.5,,91.564003,0.19,0.19,,91.564003,0.19,0.19,0.19,
06/27/1992,560.900024,,-372.399994,,188.500031,,-130.0,,,,58.5,-12.9,,7.9,,,5.0,45.6,-16.799999,,28.799999,0.0,,,28.800001,0.0,28.799999,0.0,,28.799999,28.799999,,91.961998,0.315,0.315,,91.961998,0.315,0.315,0.315,
09/26/1992,555.900024,,-370.0,,185.900024,,-132.699997,,,,53.200001,-12.3,,7.2,,,5.1,40.900001,-15.5,,25.4,0.0,,,25.400001,0.0,25.4,0.0,,25.4,25.4,,91.342003,0.28,0.28,,91.342003,0.28,0.28,0.28,
01/02/1993,598.799988,,-404.799988,,194.0,,-138.100006,,,,55.900002,-12.1,,10.2,,,1.9,43.800002,-17.4,,26.4,0.0,,,26.400002,0.0,26.4,0.0,,26.4,26.4,,91.374001,0.29,0.29,,91.374001,0.29,0.29,0.29,
03/31/1993,553.400024,,-374.700012,,178.700012,,-130.100006,,,,48.599998,-11.1,,7.3,,0.0,3.8,37.499998,-14.5,,23.0,8.5,,,14.499998,0.0,14.5,0.0,,14.5,14.5,,90.547997,0.16,0.255,,90.547997,0.16,0.255,0.255,
07/03/1993,565.200012,,-383.5,,181.700012,,-128.5,,,,53.200001,-10.0,,6.0,,0.0,4.0,43.200001,-16.200001,,27.0,0.0,,,27.0,0.0,27.0,0.0,,27.0,27.0,,89.942001,0.3,0.3,,89.942001,0.3,0.3,0.3,
10/02/1993,576.299988,,-396.799988,,179.5,,-126.099998,,,,53.400002,-10.5,,6.9,,0.0,3.6,42.900002,-17.9,,25.0,0.0,,,25.000002,0.0,25.0,0.0,,25.0,25.0,,89.508003,0.28,0.28,,89.508003,0.28,0.28,0.28,
12/31/1993,578.200012,,-398.0,,180.200012,,-127.599998,,,,52.599998,-28.2,,11.8,,6.0,10.4,24.399999,-6.8,,17.6,0.0,,,17.599998,0.0,17.6,0.0,,17.6,17.6,,89.375999,0.195,0.195,,89.375999,0.195,0.195,0.195,
04/02/1994,585.700012,,-394.399994,,191.300018,,-133.800003,,,,57.5,-16.2,,7.4,,,8.8,41.3,-15.7,,25.6,0.0,,,25.6,0.0,25.6,0.0,,25.6,25.6,,89.542,0.285,0.285,,89.542,0.285,0.285,0.285,
06/30/1994,628.799988,,-418.600006,,210.199982,,-139.399994,,,,70.800003,-16.8,,7.8,,,9.0,54.000003,-20.299999,,33.700001,0.0,,,33.700004,0.0,33.700001,0.0,,33.700001,33.700001,,89.657997,0.375,0.375,,89.657997,0.375,0.375,0.375,
09/30/1994,632.599976,,-425.700012,,206.899963,,-139.5,,,,67.400002,-16.0,,6.9,,,9.1,51.400001,-19.200001,,32.200001,0.0,,,32.2,0.0,32.200001,0.0,,32.200001,32.200001,,89.676003,0.36,0.36,,89.676003,0.36,0.36,0.36,
12/31/1994,663.799988,,-445.299988,,218.5,,-147.699997,,,,70.800003,-15.7,,11.5,,,4.2,55.100003,-21.299999,,33.799999,0.0,,,33.800004,0.0,33.799999,0.0,,33.799999,33.799999,,89.382004,0.38,0.38,,89.382004,0.38,0.38,0.38,
03/31/1995,643.299988,,-437.600006,,205.699982,,-147.300003,,,,58.400002,-12.1,,7.5,,,4.6,46.300002,-17.6,,28.700001,0.0,,,28.700001,0.0,28.700001,0.0,,28.700001,28.700001,,88.828003,0.32,0.32,,88.828003,0.32,0.32,0.32,
06/30/1995,655.5,,-443.600006,,211.899994,,-148.600006,,,,63.299999,-12.5,,8.1,,,4.4,50.799999,-19.299999,,31.5,0.0,,,31.5,0.0,31.5,0.0,,31.5,31.5,,88.732002,0.36,0.36,,88.732002,0.36,0.36,0.36,
09/30/1995,655.700012,,-448.0,,207.700012,,-148.0,,,,59.700001,-52.800001,,7.6,,,45.200001,6.9,-8.6,,-1.7,0.0,,,-1.7,0.0,-1.7,0.0,,-1.7,-1.7,,88.580002,-0.02,-0.02,,88.580002,-0.02,-0.02,-0.02,
12/31/1995,669.799988,,-460.5,,209.299988,,-147.800003,,,,61.5,-52.699999,,12.4,,,40.299999,8.800001,-8.2,,0.6,0.0,,,0.600001,0.0,0.6,0.0,,0.6,0.6,,88.694,0.01,0.01,,88.694,0.01,0.01,0.01,
03/31/1996,635.299988,,-429.299988,,206.0,,-149.0,,,,57.0,-10.0,,6.5,,,3.5,47.0,-17.4,,29.6,0.0,,,29.6,0.0,29.6,0.0,,29.6,29.6,,88.816002,0.33,0.33,0.38,88.816002,0.33,0.33,0.38,
06/30/1996,677.200012,,-453.0,,224.200012,,-153.100006,,,,71.099998,-13.6,,5.4,,,8.2,57.499999,-24.9,,32.599998,0.0,,,32.599999,0.0,32.599998,0.0,,32.599998,32.599998,,88.824997,0.37,0.37,0.49,90.232002,0.36,0.36,0.48,
09/28/1996,672.900024,,-448.399994,,224.500031,,-151.699997,,,,72.800003,-13.8,,5.2,,,8.6,59.000003,-21.299999,,37.700001,0.0,,,37.700004,0.0,37.700001,0.0,,37.700001,37.700001,,88.847,0.42,0.42,0.48,88.847,0.42,0.42,0.48,
12/31/1996,685.400024,,-464.799988,,220.600037,,-154.699997,,,,65.900002,-55.199999,,10.9,,,44.299999,10.700003,-13.7,,-3.0,0.0,,,-2.999997,0.0,-3.0,0.0,,-3.0,-3.0,,89.124001,-0.03,-0.03,0.48,89.789001,-0.03,-0.03,0.48,
03/29/1997,646.599976,,-431.399994,,215.199982,,-153.199997,,,,62.0,-3.3,,4.3,,,-1.0,58.7,-22.0,,36.700001,0.0,,,36.7,0.0,36.700001,0.0,,36.700001,36.700001,,89.347,0.41,0.41,0.45,90.138,0.41,0.41,0.45,
06/28/1997,673.599976,,-446.100006,,227.499969,,-153.800003,,,,73.699997,-155.200003,,4.4,,,150.800003,-81.500006,17.0,,-64.5,0.0,,,-64.500006,0.0,-64.5,0.0,,-64.5,-64.5,,89.525002,-0.72,-0.72,0.56,89.525002,-0.72,-0.72,0.56,
09/27/1997,650.5,,-436.600006,,213.899994,,-148.199997,,,,65.699997,-112.098002,,4.2,,,107.898003,-46.398005,5.8,,-40.599998,0.0,,,-40.598005,0.0,-40.599998,0.0,,-40.599998,-40.599998,,89.570999,-0.46,-0.46,0.55,89.570999,-0.46,-0.46,0.55,
12/31/1997,698.799988,,-469.299988,,229.5,,-172.5,,,,57.0,-6.4,,11.8,,,-5.4,50.6,-24.1,,26.5,0.0,,,26.5,0.0,26.5,0.0,,26.5,26.5,,89.516998,0.3,0.3,0.56,90.533997,0.29,0.29,0.55,
04/04/1998,671.900024,,-435.0,,236.900024,,-171.100006,,,,65.800003,-7.6,,6.8,,,0.8,58.200003,-21.799999,,36.400002,0.0,,,36.400004,0.0,36.400002,0.0,,36.400002,36.400002,,89.483002,0.41,0.41,0.52,90.519997,0.4,0.4,0.51,
07/04/1998,691.799988,,-448.899994,,242.899994,,-166.100006,,,,76.800003,-9.3,,6.6,,,2.7,67.500003,-25.299999,,42.200001,0.0,,,42.200004,0.0,42.200001,0.0,,42.200001,42.200001,,89.404999,0.47,0.47,0.58,90.442001,0.47,0.47,0.58,
10/03/1998,689.599976,,-453.200012,,236.399963,,-172.699997,,,,63.700001,-10.099994,,8.7,,,1.399994,53.600007,-20.200001,,33.400002,0.0,,,33.400006,0.0,33.400002,0.0,,33.400002,33.400002,,89.366997,0.37,0.37,0.55,90.101997,0.37,0.37,0.55,
12/31/1998,675.799988,,-455.700012,,220.099976,,-174.800003,,,,45.299999,-9.2,,8.9,,,0.3,36.1,-10.3,,25.799999,0.0,,,25.799999,0.0,25.799999,0.0,,25.799999,25.799999,,89.375,0.29,0.29,0.5,89.745003,0.29,0.29,0.5,
04/03/1999,683.7,,-451.4,,232.3,,-173.1,173.1,,0.0,59.2,-11.8,7.2,7.2,,,4.6,47.4,-17.1,,30.3,0.0,,,30.3,0.0,30.3,0.0,,30.3,30.3,,89.446,0.34,0.34,0.48,89.642,0.34,0.34,0.48,
07/03/1999,685.5,,-455.1,,230.4,,-182.2,182.2,,0.0,48.2,-10.1,7.7,7.7,,,2.4,38.1,-12.8,,25.3,0.0,,,25.3,0.0,25.3,0.0,,25.3,25.3,,89.447,0.28,0.28,0.54,89.831,0.28,0.28,0.54,
10/02/1999,692.0,,-446.9,,245.1,,-166.9,166.9,,0.0,78.2,-0.8,7.0,7.0,,,-6.2,77.4,-27.1,,50.3,0.0,,,50.3,0.0,50.3,0.0,,50.3,50.3,,89.687,0.56,0.56,0.56,89.949,0.56,0.56,0.56,
01/01/2000,690.6,,-460.5,,230.1,,-180.8,,,,49.3,18.6,11.0,11.0,,,-29.6,67.9,-23.8,,44.1,0.0,,,44.1,0.0,44.1,0.0,,44.1,44.1,,89.942,0.49,0.49,0.48,90.159,0.49,0.49,0.48,
04/01/2000,695.4,,-438.0,,257.4,,-171.9,171.9,,0.0,85.5,-12.5,6.5,6.5,,,6.0,73.0,-24.8,,48.2,0.0,,,48.2,0.0,48.2,0.0,0.0,48.2,48.2,,88.936,0.54,0.54,0.54,89.158,0.54,0.54,0.54,
07/01/2000,702.8,,-447.1,,255.7,,-168.1,168.1,,0.0,87.6,-10.9,7.2,7.2,,,3.7,76.7,-26.1,,50.6,0.0,,,50.6,0.0,50.6,0.0,0.0,50.6,50.6,,87.614,0.58,0.58,0.58,87.827,0.58,0.58,0.58,
09/30/2000,684.4,,-439.4,,245.0,,-162.2,162.2,,0.0,82.8,-9.0,7.2,7.2,,,1.8,73.8,-25.1,,48.7,0.0,,,48.7,0.0,48.7,0.0,0.0,48.7,48.7,,86.532,0.56,0.56,0.56,86.677,0.56,0.56,0.56,
12/30/2000,666.3,,-427.0,,239.3,,-154.4,,,,84.9,-14.7,13.4,13.4,,,1.3,70.2,-23.3,,46.9,0.0,,,46.9,0.0,46.9,0.0,0.0,46.9,46.9,,86.414,0.54,0.54,0.54,86.767,0.54,0.54,0.54,
03/31/2001,621.6,,-398.5,,223.1,,-148.9,153.5,,-4.6,74.2,-3.8,8.3,8.3,,,-4.5,70.4,-23.8,,46.6,0.0,,,46.6,0.0,46.6,0.0,0.0,46.6,46.6,-1.848,85.897,0.54,0.54,0.52,87.113,0.54,0.54,0.52,
06/30/2001,671.6,,-437.3,,234.3,,-146.1,151.0,,-4.9,88.2,-12.5,9.1,9.1,,0.0,3.4,75.7,-25.0,,50.7,0.0,,,50.7,0.0,50.7,0.0,0.0,50.7,50.7,,85.838,0.59,0.59,0.59,87.517,0.58,0.58,0.58,
09/29/2001,671.4,,-436.8,,234.6,,-147.4,152.1,,-4.7,87.2,-10.6,6.7,8.5,-1.8,,3.9,76.6,-22.1,,54.5,0.0,,,54.5,0.0,54.5,0.0,0.0,54.5,54.5,,85.439,0.64,0.64,0.64,87.419,0.62,0.62,0.62,
12/29/2001,642.0,,-428.7,,213.3,,-133.5,,,,79.8,-65.8,4.8,4.8,,0.0,61.0,14.0,-7.5,,6.5,0.0,,,6.5,0.0,6.5,0.0,0.0,6.5,6.5,,85.811,0.08,0.08,0.59,87.748,0.07,0.07,0.57,
03/30/2002,616.7,,-401.2,,215.5,,-135.1,135.1,,0.0,80.4,-8.5,7.1,7.1,,,1.4,71.9,-23.0,,48.9,0.0,,,48.9,0.0,48.9,0.0,0.0,48.9,48.9,,85.518,0.57,0.57,0.57,87.889,0.56,0.56,0.56,
06/29/2002,649.1,,-426.1,,223.0,,-134.9,134.9,,0.0,88.1,15.1,5.9,6.9,-1.0,,-21.0,103.2,-39.9,,63.3,0.0,,,63.3,0.0,63.3,0.0,0.0,63.3,63.3,,85.822,0.74,0.74,0.74,88.111,0.72,0.72,0.72,
09/28/2002,665.5,,-455.6,,209.9,,-133.4,133.4,,0.0,76.5,-4.3,4.8,5.6,-0.8,,-0.5,72.2,-17.5,,54.7,0.0,,,54.7,0.0,54.7,0.0,0.0,54.7,54.7,,86.582,0.63,0.63,0.63,88.041,0.62,0.62,0.62,
12/28/2002,661.7,,-474.3,,187.4,,-143.8,,,,43.6,-18.4,7.4,8.9,-1.5,,11.0,25.2,-7.1,,18.1,0.0,,,18.1,0.0,18.1,0.0,0.0,18.1,18.1,,87.906,0.21,0.21,0.38,89.007,0.2,0.2,0.37,
03/29/2003,632.2,,-418.8,,213.4,,-152.4,172.3,,-19.9,61.0,-33.7,8.9,8.9,,,24.8,27.3,-8.3,,19.0,-0.2,,,19.2,0.0,19.2,0.0,0.0,19.2,19.2,,87.815,0.22,0.22,0.35,88.478,0.22,0.22,0.35,
06/28/2003,652.6,,-432.2,,220.4,,-169.0,161.1,12.7,-4.8,51.4,-36.6,6.6,8.1,-1.5,,30.0,14.8,-5.5,,9.3,-3.1,,,12.4,0.0,12.4,0.0,0.0,12.4,12.4,,85.555,0.14,0.11,0.49,86.002,0.14,0.11,0.49,
09/27/2003,665.6,,-438.2,,227.4,,-143.5,146.1,1.9,-4.5,83.9,-29.4,7.3,8.7,-1.4,,22.1,54.5,-17.1,,37.4,-4.3,,,41.7,0.0,41.7,0.0,0.0,41.7,41.7,,81.475,0.51,0.46,0.602,82.126,0.51,0.46,0.6,
01/03/2004,727.7,,-476.5,,251.2,,-120.3,,,,130.9,-94.5,,8.4,,0.0,86.1,36.4,-5.4,,31.0,-3.6,,,34.6,0.0,34.6,0.0,0.0,34.6,34.6,24.7,81.514,0.43,0.38,0.68,82.572,0.42,0.38,0.68,
04/03/2004,734.8,,-466.9,,267.9,,-166.7,170.3,2.2,-5.8,101.2,-21.3,8.0,8.8,-0.8,,13.3,79.9,-24.9,,55.0,-98.5,,,153.5,0.0,153.5,0.0,0.0,153.5,153.5,,81.628,1.88,0.67,0.67,83.392,1.84,0.66,0.66,
07/03/2004,753.9,,-480.8,,273.1,,-171.3,175.1,2.4,-6.2,101.8,-19.3,8.6,9.5,-0.9,,10.7,82.5,-23.7,,58.8,-2.6,,,61.4,0.0,61.4,0.0,0.0,61.4,61.4,,81.94,0.75,0.72,0.72,84.112,0.73,0.7,0.7,
10/02/2004,751.8,,-474.0,,277.8,,-173.2,175.6,2.9,-5.3,104.6,-18.7,8.4,9.4,-1.0,,10.3,85.9,-24.7,,61.2,-2.7,,,63.9,0.0,63.9,0.0,0.0,63.9,63.9,,82.173,0.78,0.74,0.74,84.384,0.76,0.73,0.73,
01/01/2005,756.9,,-472.1,,284.8,,-180.1,,,,104.7,-26.3,,10.9,-1.5,0.0,16.9,78.4,-14.0,,64.4,-23.7,,,88.1,0.0,88.1,0.0,0.0,88.1,88.1,,82.487,1.07,0.78,0.87,85.02,1.04,0.76,0.84,
04/02/2005,796.3,,-509.3,,287.0,,-184.4,184.4,,0.0,102.6,-17.1,7.6,8.8,-1.2,0.0,9.5,85.5,-19.7,,65.8,-0.8,,,66.6,0.0,66.6,0.0,0.0,66.6,66.6,,82.822,0.8,0.79,0.83,85.156,0.78,0.77,0.81,
07/02/2005,814.7,,-514.0,,300.7,,-188.4,186.7,1.7,0.0,112.3,-21.8,8.2,9.4,-1.2,0.0,13.6,90.5,-25.2,,65.3,-0.6,,,65.9,0.0,65.9,0.0,0.0,65.9,65.9,,83.02,0.79,0.79,0.8,84.983,0.78,0.77,0.78,
10/01/2005,834.9,,-530.6,,304.3,,-179.1,175.2,3.9,0.0,125.2,-23.0,8.1,9.4,-1.3,0.0,14.9,102.2,-25.8,,76.4,-0.5,,,76.9,0.0,76.9,0.0,0.0,76.9,76.9,,83.566,0.92,0.92,0.94,85.483,0.9,0.89,0.91,
12/31/2005,810.2,,-525.1,,285.1,,-182.7,,,,102.4,-24.8,,12.8,-2.9,0.0,14.9,77.6,-15.5,,62.1,1.9,,,60.2,0.0,60.2,0.0,0.0,60.2,60.2,,83.915,0.72,0.76,0.77,85.856,0.7,0.75,0.76,
03/31/2006,968.7,,-636.8,,331.9,,-238.8,238.8,,0.0,93.1,-42.2,15.6,16.8,-1.2,0.0,26.6,50.9,-12.4,,38.5,0.8,,,37.7,0.0,37.7,0.0,0.0,37.7,37.7,,82.892,0.46,0.46,0.72,84.804,0.45,0.45,0.7,
07/01/2006,1017.9,,-641.2,,376.7,,-244.6,243.5,1.1,0.0,132.1,-30.1,17.4,18.4,-1.0,0.0,12.7,102.0,-27.0,,75.0,0.3,,,74.7,0.0,74.7,0.0,0.0,74.7,74.7,,81.132,0.92,0.92,0.94,82.978,0.9,0.9,0.92,
09/30/2006,1012.7,,-634.9,,377.8,,-231.9,229.1,2.8,0.0,145.9,-32.8,16.5,17.6,-1.1,0.0,16.3,113.1,-22.9,,90.2,-0.3,,,90.5,0.0,90.5,0.0,0.0,90.5,90.5,,81.206,1.11,1.11,1.12,82.867,1.09,1.09,1.1,
12/31/2006,1019.3,,-647.2,,372.1,,-239.9,239.9,,0.0,132.2,-31.1,14.3,15.4,-1.1,0.0,16.8,101.1,-14.1,,87.0,0.4,,,86.6,0.0,86.6,0.0,0.0,86.6,86.6,,81.796,1.06,1.06,1.09,83.691,1.03,1.04,1.07,
03/31/2007,1062.1,,-666.8,,395.3,,-259.0,256.6,2.4,0.0,136.3,-44.1,20.2,21.4,-1.2,0.0,23.9,92.2,-24.6,,67.6,0.0,,,67.6,0.0,67.6,0.0,0.0,67.6,67.6,,82.851,0.82,0.82,0.87,84.774,0.8,0.8,0.85,
06/30/2007,1095.7,,-673.3,,422.4,,-263.4,259.4,4.0,0.0,159.0,-47.4,20.3,21.2,-0.9,0.0,27.1,111.6,-29.0,,82.6,-2.7,,,85.3,0.0,85.3,0.0,0.0,85.3,85.3,,82.81,1.03,1.0,1.04,84.542,1.01,0.98,1.02,
09/29/2007,1106.2,,-684.6,,421.6,,-252.4,250.6,1.8,0.0,169.2,-48.2,20.2,21.3,-1.1,0.0,28.0,121.0,-32.5,,88.5,-2.9,,,91.4,0.0,91.4,0.0,0.0,91.4,91.4,,82.288,1.11,1.08,1.1,83.999,1.09,1.05,1.07,
12/29/2007,1138.2,,-713.4,,424.8,,-269.9,269.9,,0.0,154.9,-41.3,17.6,19.5,-1.9,0.0,23.7,113.6,-24.7,,88.9,-3.4,,,92.3,0.0,92.3,0.0,0.0,92.3,92.3,,81.556,1.13,1.09,1.11,83.089,1.11,1.07,1.09,
03/29/2008,1071.0,,-665.1,,405.9,0.0,-274.6,272.4,2.2,0.0,131.3,-44.2,20.9,21.9,-1.0,,23.3,87.1,-22.8,,64.3,-2.4,,,66.7,-0.2,66.5,0.0,0.0,66.5,66.5,,79.176,0.84,0.81,0.84,80.404,0.83,0.8,0.83,
06/28/2008,1151.7,,-710.1,,441.6,0.0,-320.4,280.1,2.8,37.5,121.2,-20.3,20.3,24.0,-3.7,,0.0,100.9,-26.3,,74.6,-3.9,,,78.5,-0.4,78.1,0.0,0.0,78.1,78.1,11.05,78.65,0.99,0.94,1.080496,79.827,0.98,0.93,1.068424,
09/27/2008,1117.6,,-686.2,,431.4,0.0,-274.8,269.2,5.6,0.0,156.6,-53.5,20.8,23.5,-2.7,,32.7,103.1,-25.4,,77.7,-85.9,,,163.6,-0.6,163.0,0.0,0.0,163.0,163.0,,78.808,2.06,0.98,1.02,79.846,2.04,0.97,1.01,
01/03/2009,1085.9,,-693.4,,392.5,,-275.3,,,,117.2,-115.1,20.9,22.7,-1.8,,94.2,2.1,2.0,,4.1,-40.6,,,44.7,-0.5,-0.7,0.0,0.0,-0.7,-0.7,29.5828,78.985,-0.01,-0.52,-0.15,79.525,-0.01,-0.52,-0.15,
04/04/2009,913.0,913.0,-551.9,551.9,361.1,0.0,-292.1,247.6,5.1,39.4,69.0,-16.3,16.3,17.0,-0.7,,0.0,52.7,-13.7,,39.0,0.6,0.6,0.0,38.4,-0.7,37.7,0.0,-0.1,37.6,44.115,5.915,79.209,0.48,0.48,0.556944,79.471,0.47,0.48,0.55443,
07/04/2009,919.2,919.2,-552.6,552.6,366.6,0.0,-296.4,253.2,2.1,41.1,70.2,28.5,15.3,16.2,-0.9,,-43.8,98.7,-26.7,,72.0,1.3,1.3,0.0,70.7,-1.2,69.5,0.0,-0.1,69.4,50.02204,-20.67796,79.327,0.88,0.89,0.63058,79.744,0.87,0.88,0.620696,
10/03/2009,935.5,935.5,-549.1,549.1,386.4,0.0,-291.6,248.6,2.8,40.2,94.8,-15.0,15.0,15.5,-0.5,,0.0,79.8,-17.7,,62.1,1.4,1.4,0.0,60.7,-0.3,60.4,0.0,0.0,60.4,66.09,4.29,79.966,0.75,0.77,0.826476,80.565,0.75,0.77,0.823249,
01/02/2010,969.4,969.4,-575.2,575.2,394.2,0.0,-328.1,269.0,,59.1,66.1,-14.0,14.0,15.0,-1.0,,0.0,52.1,2.3,,54.4,-0.8,-0.8,0.0,55.2,0.2,55.4,0.0,0.0,55.4,82.38086,27.78086,80.626,0.7,0.69,1.021765,81.663,0.69,0.68,1.020189,
04/03/2010,1262.0,1262.0,-806.1,806.1,455.9,0.0,-544.8,378.5,4.0,162.3,-88.9,-18.1,18.1,19.3,-1.2,,0.0,-107.0,-1.5,,-108.5,0.0,0.0,0.0,-108.5,-0.1,-108.6,0.0,0.2,-108.4,74.98,183.38,97.672,-1.11,-1.11,0.767671,97.672,-1.11,-1.11,0.767508,
07/03/2010,2365.6,2365.6,-1596.6,1596.6,769.0,0.0,-735.1,581.1,3.1,150.9,33.9,-24.6,24.6,26.8,-2.2,,0.0,9.3,37.0,,46.3,0.0,0.0,0.0,46.3,-0.5,45.8,0.0,-0.2,45.6,210.71,165.11,162.847,0.28,0.28,1.293914,166.084,0.28,0.28,1.274135,
10/02/2010,2369.1,2369.1,-1514.8,1514.8,854.3,0.0,-659.7,579.3,3.3,77.1,194.6,-26.7,26.7,29.2,-2.5,,0.0,167.9,-44.8,,123.1,0.0,0.0,0.0,123.1,0.1,123.2,0.0,0.0,123.2,166.745,43.545,165.793,0.74,0.74,1.005742,168.889,0.73,0.73,0.987832,
01/01/2011,2394.4,2394.4,-1527.9,1527.9,866.5,0.0,-666.7,615.3,,51.4,199.8,-31.2,31.2,34.6,-3.4,,0.0,168.6,-28.7,,139.9,2.6,2.6,0.0,137.3,0.5,137.8,0.0,0.0,137.8,181.36,40.96,166.141,0.83,0.84,1.091603,169.833,0.81,0.83,1.071178,
04/02/2011,2361.5,2361.5,-1484.1,1484.1,877.4,0.0,-615.0,599.0,2.7,13.3,262.4,-82.1,29.6,34.7,-5.1,,52.5,180.3,-23.2,,157.1,-1.3,-1.3,0.0,158.4,0.3,158.7,0.0,0.0,158.7,186.145,28.745,167.259,0.95,0.94,1.112915,171.945,0.92,0.92,1.087176,
07/02/2011,2603.3,2603.3,-1640.4,1640.4,962.9,0.0,-710.8,624.1,6.1,80.6,252.1,-26.8,26.8,34.0,-7.2,,0.0,225.3,-27.7,,197.6,0.3,0.3,0.0,197.3,0.0,197.3,0.0,-0.4,196.9,271.48,74.28,168.119,1.17,1.17,1.614809,173.075,1.14,1.14,1.569178,
10/01/2011,2619.7,2619.7,-1651.4,1651.4,968.3,0.0,-744.2,635.9,3.8,104.5,224.1,-26.8,26.8,34.8,-8.0,,0.0,197.3,-35.1,,162.2,6.9,6.9,0.0,155.3,-0.7,154.6,0.0,0.0,154.6,238.295,76.795,164.962,0.94,0.98,1.444545,168.896,0.92,0.96,1.414688,
12/31/2011,2565.4,2565.4,-1655.0,1655.0,910.4,0.0,-732.8,639.7,,93.1,177.6,-30.2,30.2,,,,0.0,147.4,5.9,,153.3,-10.2,-10.2,0.0,163.5,0.5,164.0,0.0,0.0,164.0,142.365,-11.435,163.421,1.0,0.94,0.871155,166.993,0.98,0.92,0.851524,
03/31/2012,2426.1,2426.1,-1514.1,1514.1,912.0,0.0,-745.2,635.0,2.3,107.9,166.8,-31.4,31.4,33.9,-2.5,,0.0,135.4,-29.8,,105.6,-15.5,-15.5,0.0,121.1,0.7,121.8,0.0,0.0,121.8,192.11,85.81,164.53,0.74,0.65,1.167629,168.948,0.72,0.63,1.137908,
06/30/2012,2567.0,2567.0,-1636.7,1636.7,930.3,0.0,-733.1,622.9,3.3,106.9,197.2,-32.4,32.4,34.6,-2.2,,0.0,164.8,-38.6,,126.2,-28.3,-28.3,0.0,154.5,0.3,154.8,0.0,0.0,154.8,205.16,78.66,164.082,0.94,0.77,1.25035,167.921,0.92,0.75,1.218435,
09/29/2012,2517.2,2517.2,-1605.3,1605.3,911.9,0.0,-774.8,604.6,4.6,165.6,137.1,-34.2,34.2,36.7,-2.5,,0.0,102.9,-12.9,,90.0,-25.0,-25.0,0.0,115.0,0.2,115.2,0.0,0.0,115.2,266.86,176.66,162.99,0.71,0.55,1.637278,166.043,0.69,0.54,1.603941,
12/29/2012,2659.5,2659.5,-1713.4,1713.4,946.1,0.0,-777.0,636.6,,140.4,169.1,-36.1,36.1,,,,0.0,133.0,4.7,,137.7,-354.8,-354.8,0.0,492.5,-0.4,492.1,0.0,0.0,492.1,269.61,132.31,161.212,3.05,0.85,1.672394,164.553,2.99,0.83,1.634057,
03/30/2013,2476.5,2476.5,-1567.9,1567.9,908.6,0.0,-778.4,663.2,1.5,113.7,130.2,-36.7,36.7,39.9,-3.2,,0.0,93.5,-8.8,,84.7,4.0,4.0,0.0,80.7,0.4,81.1,0.0,0.0,81.1,150.985,65.885,155.552,0.52,0.55,0.97064,158.994,0.51,0.53,0.944387,
06/29/2013,2858.2,2858.2,-1852.5,1852.5,1005.7,0.0,-717.7,673.8,3.4,40.5,288.0,-36.3,36.3,39.6,-3.3,,0.0,251.7,-54.4,,197.3,10.5,10.5,0.0,186.8,0.3,187.1,0.0,0.0,187.1,204.615,7.015,155.064,1.21,1.27,1.319552,158.351,1.18,1.25,1.2943,
09/28/2013,2759.3,2759.3,-1771.6,1771.6,987.7,0.0,-764.7,665.0,4.6,95.1,223.0,-36.1,36.1,39.1,-3.0,,0.0,186.9,-17.3,,169.6,3.9,3.9,0.0,165.7,0.3,166.0,0.0,0.0,166.0,242.425,72.525,155.043,1.07,1.1,1.563598,158.925,1.04,1.07,1.526347,
12/28/2013,2880.6,2880.6,-1853.8,1853.8,1026.8,0.0,-928.3,696.9,,231.4,98.5,-38.3,38.3,,,,0.0,60.2,10.2,,70.4,14.4,14.4,0.0,56.0,0.1,56.1,0.0,0.0,56.1,178.765,108.265,155.512,0.36,0.45,1.149525,159.2,0.35,0.44,1.120057,
03/29/2014,2617.1,2617.1,-1660.7,1660.7,956.4,0.0,-697.8,636.9,3.7,57.2,258.6,-40.7,40.7,44.1,-3.4,,0.0,217.9,-48.0,,169.9,7.8,7.8,0.0,162.1,-0.2,161.9,0.0,0.0,161.9,167.295,-2.405,155.905,1.04,1.09,1.073057,158.951,1.02,1.07,1.05487,
06/28/2014,2860.1,2860.1,-1811.5,1811.5,1048.6,0.0,-711.5,649.0,6.9,55.6,337.1,-40.3,40.3,43.3,-3.0,,0.0,296.8,-74.1,,222.7,5.3,5.3,0.0,217.4,-0.9,216.5,0.0,0.0,216.5,221.195,-0.605,156.316,1.38,1.42,1.41505,159.666,1.36,1.39,1.386211,
09/27/2014,2878.9,2878.9,-1832.3,1832.3,1046.6,0.0,-701.8,637.2,3.9,60.7,344.8,-40.4,40.4,43.5,-3.1,,0.0,304.4,-58.3,,246.1,9.7,9.7,0.0,236.4,0.3,236.7,0.0,0.0,236.7,246.27,-0.13,156.628,1.51,1.57,1.572324,160.582,1.47,1.53,1.52919,
01/03/2015,2982.5,2982.5,-1931.4,1931.4,1051.1,0.0,-743.2,658.3,,84.9,307.9,-42.2,42.2,,,,0.0,265.7,-46.7,,219.0,73.5,73.5,0.0,145.5,0.3,145.8,0.0,0.0,145.8,236.995,17.695,155.799,0.94,1.41,1.521159,160.013,0.91,1.37,1.480585,
04/04/2015,2630.0,2630.0,-1656.4,1656.4,973.6,0.0,-711.6,613.7,9.3,88.6,262.0,-40.7,40.7,44.4,-3.7,,0.0,221.3,-55.3,,166.0,4.5,4.5,0.0,161.5,0.8,162.3,0.0,0.0,162.3,182.985,16.185,152.172,1.07,1.1,1.202488,156.537,1.04,1.07,1.173394,
07/04/2015,2866.9,2866.9,-1809.7,1809.7,1057.2,0.0,-700.0,631.5,13.0,55.5,357.2,-43.2,43.2,46.2,-3.0,,0.0,314.0,-78.5,,235.5,8.5,8.5,0.0,227.0,0.2,227.2,0.0,0.0,227.2,238.95,3.25,148.059,1.53,1.59,1.613884,152.663,1.49,1.54,1.561289,
10/03/2015,2829.5,2829.5,-1802.5,1802.5,1027.0,0.0,-676.3,598.4,9.9,68.0,350.7,-41.6,41.6,45.2,-3.6,,0.0,309.1,-75.7,,233.4,5.4,5.4,0.0,228.0,0.7,228.7,0.0,0.0,228.7,243.2,9.1,145.911,1.57,1.6,1.666769,150.781,1.52,1.55,1.610352,
01/02/2016,2845.4,2845.4,-1831.2,1831.2,1014.2,0.0,-668.1,610.6,,57.5,346.1,-39.7,39.7,44.6,-4.9,,0.0,306.4,-39.1,,267.3,1.7,1.7,0.0,265.6,-0.1,265.5,0.0,0.0,265.5,269.605,2.405,145.908,1.82,1.83,1.847774,150.02,1.77,1.78,1.796031,
04/02/2016,2672.1,2672.1,-1694.5,1694.5,977.6,0.0,-682.0,620.4,7.4,54.2,295.6,-41.5,41.5,47.3,-5.8,,0.0,254.1,-65.5,,188.6,0.0,0.0,0.0,188.6,0.8,189.4,0.0,0.0,189.4,194.6,5.2,145.87,1.3,1.3,1.334065,147.619,1.28,1.28,1.315226,
07/02/2016,2932.4,2932.4,-1803.5,1803.5,1128.9,0.0,-724.7,659.7,7.2,57.8,404.2,-42.2,42.2,47.7,-5.5,,0.0,362.0,-90.5,,271.5,0.0,0.0,0.0,271.5,0.0,271.5,0.0,0.0,271.5,278.13,6.63,145.135,1.87,1.87,1.916354,147.263,1.84,1.84,1.885021,
10/01/2016,2882.0,2882.0,-1797.9,1797.9,1084.1,0.0,-711.3,643.8,1.6,65.9,372.8,-45.1,45.1,50.2,-5.1,,0.0,327.7,-78.7,,249.0,0.0,0.0,0.0,249.0,-0.1,248.9,0.0,0.0,248.9,254.815,5.915,145.41,1.71,1.71,1.75239,147.975,1.68,1.68,1.719973,
12/31/2016,3107.0,3107.0,-2029.6,2029.6,1077.4,0.0,-749.4,685.4,7.0,57.0,328.0,-42.5,42.5,49.3,-6.8,,0.0,285.5,-27.0,,258.5,0.0,0.0,0.0,258.5,-0.3,258.2,0.0,0.0,258.2,240.455,-17.745,147.749,1.747558,1.747558,1.627456,149.971,1.721666,1.721666,1.603343,
04/01/2017,2856.3,2856.3,-1790.3,1790.3,1066.0,0.0,-549.9,682.0,8.3,-140.4,516.1,-42.7,42.7,51.3,-8.6,,0.0,473.4,-79.7,,393.7,0.0,0.0,0.0,393.7,0.0,393.7,0.0,0.0,393.7,225.72,-167.98,149.208,2.64,2.64,1.512788,151.526,2.6,2.6,1.491411,
07/01/2017,3286.7,3286.7,-2073.4,2073.4,1213.3,0.0,-808.7,738.6,5.6,64.5,404.6,-46.3,46.3,56.0,-9.7,,0.0,358.3,-80.7,,277.6,0.0,0.0,0.0,277.6,0.0,277.6,0.0,0.0,277.6,338.895,61.295,149.514,1.86,1.86,2.266644,152.226,1.82,1.82,2.222658,
09/30/2017,3359.4,3359.4,-2106.4,2106.4,1253.0,0.0,-851.7,763.4,5.5,82.8,401.3,-46.9,46.9,57.2,-10.3,,0.0,354.4,-79.9,,274.5,0.0,0.0,0.0,274.5,0.0,274.5,0.0,0.0,274.5,312.995,38.495,149.689,1.83,1.83,2.090969,152.622,1.8,1.8,2.052224,
12/30/2017,3464.2,3464.2,-2218.2,2218.2,1246.0,0.0,-857.7,795.8,,61.9,388.3,-46.6,46.6,58.1,-11.5,,0.0,341.7,-60.6,,281.1,0.0,0.0,0.0,281.1,0.4,281.5,0.0,0.0,281.5,322.325,40.825,150.08,1.88,1.88,2.147688,153.412,1.84,1.84,2.106113,
03/31/2018,3209.3,3209.3,-2043.6,2043.6,1165.7,0.0,-866.5,778.8,6.8,80.9,299.2,-47.4,47.4,63.2,-15.8,,0.0,251.8,-81.7,,170.1,0.0,0.0,0.0,170.1,0.5,170.6,0.0,0.0,170.6,230.751,60.151,150.612,1.13,1.13,1.532089,153.905,1.11,1.11,1.500832,
06/30/2018,3643.6,3643.6,-2356.5,2356.5,1287.1,0.0,-939.3,801.8,4.0,133.5,347.8,-53.4,53.4,69.0,-15.6,,0.0,294.4,-1.0,0.0,293.4,0.0,0.0,0.0,293.4,0.2,293.6,0.0,0.0,293.6,398.831,105.231,149.748,1.96,1.96,2.663348,152.494,1.93,1.93,2.620066,
09/29/2018,3494.8,3494.8,-2256.4,2256.4,1238.4,0.0,-880.1,792.9,6.0,81.2,358.3,-53.4,53.4,72.1,-18.7,,0.0,304.9,-56.6,0.0,248.3,0.0,0.0,0.0,248.3,-0.5,247.8,0.0,0.0,247.8,330.922,83.122,147.964,1.67,1.67,2.236503,150.599,1.65,1.65,2.201943,
12/29/2018,3634.7,3634.7,-2474.8,2474.8,1159.9,0.0,-933.9,781.4,,152.5,226.0,-55.0,55.0,73.6,-18.6,,0.0,171.0,-277.0,0.0,-106.0,0.0,0.0,0.0,-106.0,-0.8,-106.8,0.0,0.0,-106.8,316.7,423.5,147.582,-0.72,-0.72,2.145926,147.582,-0.72,-0.72,2.145926,
03/30/2019,3333.6,3333.6,-2228.0,2228.0,1105.6,0.0,-853.0,760.6,18.3,74.1,252.6,-57.8,57.8,74.4,-16.6,,0.0,194.8,-24.7,0.3,170.4,0.0,0.0,0.0,170.4,-0.5,169.9,0.0,0.0,169.9,210.1,40.2,147.863,1.15,1.15,1.42091,149.908,1.13,1.13,1.398164,
06/29/2019,3761.3,3761.3,-2461.5,2461.5,1299.8,0.0,-835.8,776.2,6.1,53.5,464.0,-60.3,60.3,72.4,-12.1,,0.0,403.7,-51.6,5.3,357.4,0.0,0.0,0.0,357.4,-1.1,356.3,0.0,0.0,356.3,393.427,37.127,148.099,2.41,2.41,2.656514,150.358,2.37,2.37,2.616924,
09/28/2019,3633.1,3633.1,-2393.6,2393.6,1239.5,0.0,-885.1,752.8,3.3,129.0,354.4,-59.7,59.7,72.4,-12.7,,0.0,294.7,-59.2,-4.4,231.1,0.0,0.0,0.0,231.1,-0.6,230.5,0.0,0.0,230.5,373.615567,143.115567,148.35,1.55,1.55,2.518474,150.623,1.53,1.53,2.480157,
12/28/2019,3714.2,3714.2,-2553.6,2553.6,1160.6,0.0,-871.2,723.7,5.3,142.2,289.4,-52.6,52.6,65.1,-12.5,,0.0,236.8,-25.3,-12.4,199.1,0.0,0.0,0.0,199.1,0.0,199.1,0.0,0.0,199.1,321.341,122.241,149.016,1.34,1.34,2.15642,151.244,1.32,1.32,2.128237,
03/28/2020,3129.4,3129.4,-2106.3,2106.3,1023.1,0.0,-827.3,737.8,10.7,78.8,195.8,-49.6,49.6,59.7,-10.1,,0.0,146.2,-12.9,-0.2,133.1,0.0,0.0,0.0,133.1,0.1,133.2,0.0,0.0,133.2,181.8,48.6,150.33,0.89,0.89,1.209339,151.903,0.88,0.88,1.199941,
06/27/2020,3147.4,3147.4,-2134.7,2134.7,1012.7,0.0,-846.8,713.0,19.0,114.8,165.9,-54.8,54.8,57.3,-2.5,,0.0,111.1,117.3,10.3,238.7,0.0,0.0,0.0,238.7,-0.3,238.4,-4.7,0.0,233.7,259.837,26.137,153.33,1.52,1.52,1.694626,154.154,1.52,1.52,1.689551,
09/30/2020,3856.375,,,,1351.62087375,,,,,,600.917,,,,,,,473.25,,,340.333,,,,,,340.333,,,340.333,385.308,,,2.277,2.277,2.481,,2.277,2.277,2.481,
12/31/2020,3811.063,,,,1301.70667828,,,,,,569.917,,,,,,,449.5,,,319.25,,,,,,319.25,,,319.25,352.846,,,1.997,1.997,2.325,,1.997,1.997,2.325,
