Date,Revenue,Sales & Services Revenue,Other Revenue,Cost of Revenue,Cost of Goods & Services,Gross Profit,Other Operating Income,Operating Expenses,"Selling, General & Admin",Depreciation & Amortization,Other Operating Expense,Operating Income (Loss),Non-Operating (Income) Loss,"Interest Expense, Net",Interest Expense,Interest Income,Foreign Exch (Gain) Loss,(Income) Loss from Affiliates,Other Non-Op (Income) Loss,Pretax Income,Income Tax Expense (Benefit),Income (Loss) from Cont Ops,Net Extraordinary Losses (Gains),Discontinued Operations,XO & Accounting Changes,Income (Loss) Incl. MI,Minority Interest,"Net Income, GAAP",Preferred Dividends,Other Adjustments,"Net Income Avail to Common, GAAP","Net Income Avail to Common, Adj",Net Abnormal Losses (Gains),Basic Weighted Avg Shares,"Basic EPS, GAAP",Basic EPS from Cont Ops,"Basic EPS from Cont Ops, Adjusted",Diluted Weighted Avg Shares,"Diluted EPS, GAAP",Diluted EPS from Cont Ops,"Diluted EPS from Cont Ops, Adjusted",Source: Bloomberg
03/31/1993,2457.8,,,-787.4,,1670.4,,-1149.7,677.3,,472.4,520.7,-81.3,,127.9,,,-54.1,7.5,439.4,-136.9,302.5,2216.6,,,-1914.1,0.0,-1914.1,0.0,0.0,-1914.1,-1914.1,,1200.2,-1.595,0.25,0.25,1200.2,-1.595,0.25,0.25,
06/30/1993,2539.3,,,-803.9,,1735.4,,-1160.5,680.9,,479.6,574.9,-90.0,,130.8,,,-59.8,19.0,484.9,-146.9,338.0,43.6,,,294.4,0.0,294.4,0.0,0.0,294.4,294.4,,1200.4,0.245,0.28,0.28,1200.4,0.245,0.28,0.28,
09/30/1993,2795.1,,,-873.5,,1921.6,,-1266.3,782.1,,484.2,655.3,-68.1,,123.8,,,-65.7,10.0,587.2,-178.4,408.8,20.2,,,388.6,0.0,388.6,0.0,0.0,388.6,388.6,,1198.0,0.325,0.34,0.34,1198.0,0.325,0.34,0.34,
03/31/1994,2646.2,,,-839.5,,1806.7,,-1208.3,716.3,,492.0,598.4,-59.4,,115.5,,,-70.0,13.9,539.0,-181.3,357.7,0.0,,,357.7,0.0,357.7,0.0,0.0,357.7,357.7,,1203.6,0.295,0.295,0.295,1203.6,0.295,0.295,0.295,
06/30/1994,2764.6,,,-867.0,,1897.6,,-1243.8,739.3,,504.5,653.8,-67.6,,117.2,,,-67.4,17.8,586.2,-200.7,385.5,0.0,,,385.5,0.0,385.5,0.0,0.0,385.5,385.5,,1202.6,0.32,0.32,0.32,1202.6,0.32,0.32,0.32,
09/30/1994,3000.1,,,-959.0,,2041.1,,-1270.7,764.4,,506.3,770.4,-50.1,,116.9,,,-73.1,6.3,720.3,-239.5,480.8,0.0,,,480.8,0.0,480.8,0.0,0.0,480.8,480.8,,1203.4,0.4,0.4,0.4,1203.4,0.4,0.4,0.4,
03/31/1995,2877.7,,,-867.5,,2010.2,,-1290.9,758.7,,532.2,719.3,-135.1,,133.8,,,-4.5,5.8,584.2,-189.0,395.2,0.0,,,395.2,0.0,395.2,0.0,0.0,395.2,395.2,,1215.0,0.325,0.325,0.325,1215.0,0.325,0.325,0.325,
06/30/1995,2988.7,,,-881.8,,2106.9,,-1344.6,805.3,,539.3,762.3,-94.1,,126.2,,,-43.1,11.0,668.2,-226.2,442.0,0.0,,,442.0,0.0,442.0,0.0,0.0,442.0,442.0,,1216.4,0.365,0.365,0.365,1216.4,0.365,0.365,0.365,
09/30/1995,3242.0,,,-963.7,,2278.3,,-1387.5,846.4,,541.1,890.8,-90.8,,130.5,,,-51.7,12.0,800.0,-265.7,534.3,2819.3,,,-2285.0,0.0,-2285.0,0.0,0.0,-2285.0,-2285.0,,1219.8,-1.875,0.44,0.44,1219.8,-1.875,0.44,0.44,
12/31/1995,5725.0,,,,,,,-4571.0,,,,1154.0,-418.0,,,,0.0,,418.0,736.0,,736.0,0.0,,,,0.0,736.0,0.0,,736.0,736.0,,1840.0,0.4,0.4,0.4,1840.0,0.4,0.4,0.4,
03/31/1996,5574.0,,,-2943.0,,2631.0,,-1173.0,,,,1458.0,-165.0,,212.0,,0.0,,-47.0,1293.0,-495.0,798.0,-90.0,,,888.0,0.0,888.0,0.0,,888.0,888.0,,1850.0,0.48,0.4315,0.48,1850.0,0.48,0.48,0.48,
06/30/1996,5738.0,,,-2955.0,,2783.0,,-1294.0,,,,1489.0,-177.0,,213.0,,0.0,,-36.0,1312.0,-509.0,803.0,0.0,,,803.0,0.0,803.0,0.0,,803.0,803.0,,1845.978027,0.435,0.435,0.435,1845.978027,0.435,0.435,0.435,
09/30/1996,5957.0,,,-3116.0,,2841.0,,-1309.0,,,,1532.0,-145.0,,193.0,,0.0,,-48.0,1387.0,-520.0,867.0,0.0,,,867.0,0.0,867.0,0.0,,867.0,867.0,,1844.680054,0.47,0.47,0.47,1844.680054,0.47,0.47,0.47,
12/31/1996,6217.0,,,-3315.0,,2902.0,,-1545.0,,,,1357.0,-200.0,,194.0,,0.0,,6.0,1157.0,-436.0,721.0,0.0,,,721.0,0.0,721.0,0.0,,721.0,721.0,,1825.31604,0.395,0.395,0.395,1825.31604,0.395,0.395,0.395,
03/31/1997,5973.0,,,-3123.0,,2850.0,,-1264.0,,,,1586.0,-201.0,,208.0,,0.0,,-7.0,1385.0,-528.0,857.0,0.0,,,857.0,0.0,857.0,0.0,,857.0,857.0,,1824.881958,0.47,0.47,0.42,1838.07605,0.466,0.466,0.4175,
06/30/1997,5921.0,,,-3873.0,,2048.0,,-2981.0,,,,-933.0,-254.0,,245.0,,0.0,,9.0,-1187.0,400.0,-787.0,0.0,,,-787.0,0.0,-787.0,0.0,,-787.0,-787.0,,1825.52002,-0.43,-0.43,0.45,1825.52002,-0.43,-0.43,0.45,
09/30/1997,6329.0,,,-3451.0,,2878.0,,-1406.0,,,,1472.0,-204.0,,240.0,,0.0,,-36.0,1268.0,-452.0,816.0,0.0,,,816.0,0.0,816.0,0.0,,816.0,816.0,,1828.52002,0.445,0.445,0.47,1844.199951,0.44,0.44,0.465,
12/31/1997,8458.0,,,-12656.0,,-4198.0,0.0,,,,,1453.0,-350.0,,350.0,,,,,1103.0,-315.0,788.0,,,,788.0,,788.0,0.0,0.0,788.0,788.0,,3668.0,0.215,0.215,0.305,3668.0,0.215,0.215,0.305,
03/31/1998,11038.0,,,,,,,,,,,2685.0,,,,,,,,,,,,,,,,1483.0,0.0,,1483.0,1483.0,,3449.0,0.43,0.43,0.44,3449.0,0.43,0.43,0.44,
06/30/1998,7030.0,,,-3978.0,,3052.0,,-1235.0,,,,1817.0,-226.0,299.0,260.0,39.0,,,-73.0,1591.0,-571.0,1020.0,,,,1020.0,,1020.0,0.0,,1020.0,1020.0,,1958.0,0.52,0.52,0.52,1984.928,0.51,0.51,0.51,
09/30/1998,7216.0,,,,,,,-5313.0,,,,1903.0,98.0,244.0,244.0,,,,-342.0,2001.0,-739.0,1262.0,,,,1262.0,,1262.0,0.0,,1262.0,1262.0,,1955.0,0.65,0.65,0.65,1971.875,0.64,0.64,0.64,
12/31/1998,7676.0,,,-7418.0,,258.0,,,,,,1647.0,-300.0,,300.0,,0.0,,,1347.0,-531.0,816.0,60.0,,,756.0,,756.0,0.0,0.0,756.0,756.0,,1987.0,0.38,0.41,0.41,1987.0,0.38,0.41,0.41,
03/31/1999,11819.0,,,,,,,-8768.0,,,,3051.0,-262.0,,357.0,,0.0,,-95.0,2789.0,-1016.0,1773.0,-207.0,,,1980.0,0.0,1980.0,0.0,,1980.0,1980.0,,3408.0,0.58,0.52,0.49,3458.0,0.57,0.51,0.49,
06/30/1999,7395.0,,,-4175.0,,3220.0,,-1273.0,,,,1947.0,-118.0,210.0,213.0,-3.0,0.0,,-92.0,1829.0,-653.0,1176.0,0.0,,,1176.0,0.0,1176.0,0.0,,1176.0,1176.0,,1964.0,0.6,0.6,0.6,1995.728,0.59,0.59,0.59,
09/30/1999,7765.0,,,-7640.0,,125.0,,-5658.0,,,,2107.0,-102.0,205.0,205.0,,0.0,,-103.0,2005.0,-727.0,1278.0,0.0,,,1278.0,0.0,1278.0,0.0,,1278.0,1278.0,,1967.0,0.65,0.65,0.65,1996.875,0.64,0.64,0.64,
12/31/1999,12897.0,,,,,,0.0,-10048.0,,,,2858.0,-121.0,,361.0,,0.0,,-240.0,2737.0,-1010.0,1727.0,-1379.0,,,3106.0,0.0,3106.0,0.0,0.0,3106.0,3106.0,,3450.0,0.9,0.9,0.9,3450.0,0.9,0.9,0.9,
03/31/2000,12553.0,,,,,,,-9477.0,,,,3076.0,-115.0,,356.0,,0.0,,-241.0,2961.0,-1139.0,1822.0,0.0,,,1822.0,0.0,1822.0,0.0,0.0,1822.0,1822.0,,3396.0,0.54,0.54,0.57,3432.0,0.53,0.53,0.56,
06/30/2000,13191.0,,,,,,,-10193.0,,,,2998.0,-85.0,,416.0,,0.0,,-331.0,2913.0,-1062.0,1851.0,0.0,,,1851.0,0.0,1851.0,0.0,,1851.0,1851.0,,3396.0,0.54,0.54,0.56,3438.0,0.54,0.54,0.56,
09/30/2000,13422.0,,,,,,,-10576.0,,,,2846.0,1858.0,,422.0,-32.0,0.0,,-2248.0,4704.0,-1705.0,2999.0,0.0,,,2999.0,0.0,2999.0,0.0,0.0,2999.0,2999.0,,3387.0,0.88,0.88,0.57,3425.0,0.88,0.88,0.57,
12/31/2000,12239.0,,,,,,,-10416.0,,,,1823.0,487.0,,398.0,,0.0,,-885.0,2310.0,-1015.0,1295.0,0.0,,,1295.0,0.0,1295.0,0.0,,1295.0,1295.0,,3389.0,0.38,0.38,0.58,3436.0,0.38,0.38,0.57,
03/31/2001,11190.0,,,-6083.0,,5107.0,0.0,-2448.0,,,,2659.0,226.0,281.0,459.0,-178.0,,-401.0,-106.0,2885.0,-1021.0,1864.0,10.0,,,1854.0,,1854.0,,0.0,1854.0,1854.0,,3377.0,0.55,0.55,0.55,3377.0,0.54,0.55,0.55,
06/30/2001,11477.0,,,-6226.0,,5251.0,,-2174.0,,,,3077.0,145.0,232.0,425.0,-193.0,,,-377.0,3222.0,-1143.0,2079.0,8.0,,,2071.0,,2071.0,,,2071.0,2071.0,,3367.0,0.62,0.62,0.62,3367.0,0.61,0.61,0.61,
09/30/2001,11338.0,,,,,,,-8622.0,,,,2716.0,415.0,,377.0,-144.0,0.0,,-648.0,3131.0,-1125.0,2006.0,0.0,,,2006.0,0.0,2006.0,0.0,0.0,2006.0,2006.0,,3362.0,0.6,0.6,0.57,3390.0,0.59,0.59,0.57,
12/31/2001,11903.0,,,,,,0.0,,,,,,,,,,,,,,,1245.0,,,,,,1245.0,,0.0,1245.0,1245.0,,3359.0,0.37,0.37,0.37,3385.0,0.37,0.37,0.37,
03/31/2002,10522.0,,,-6080.0,,4442.0,0.0,-2136.0,,,,2306.0,244.0,350.0,350.0,-142.0,0.0,-437.0,-15.0,2550.0,-840.0,1710.0,1791.0,,,-81.0,0.0,-81.0,0.0,0.0,-81.0,-81.0,0.0,3347.0,-0.02,0.51,0.51,3347.0,-0.02,0.51,0.51,
06/30/2002,10843.0,,,-6430.0,,4413.0,,-2156.0,,,,2257.0,468.0,192.0,340.0,-148.0,0.0,,-660.0,2725.0,-880.0,1845.0,0.0,,,1845.0,0.0,1845.0,0.0,0.0,1845.0,1845.0,0.0,3333.0,0.55,0.55,0.55,3333.0,0.55,0.55,0.55,
09/30/2002,10556.0,,,-6287.0,,4269.0,,-2148.0,,,,2121.0,511.0,219.0,356.0,-137.0,,,-730.0,2632.0,-862.0,1770.0,,,,1770.0,,1770.0,,,1770.0,1770.0,,3336.0,0.53,0.53,0.53,3336.0,0.53,0.53,0.53,
12/31/2002,11217.0,,,-7140.0,,4077.0,,-2138.0,,,,1939.0,-60.0,60.0,336.0,-134.0,,,-813.0,2550.0,-402.0,2148.0,29.0,,,2119.0,0.0,2119.0,,0.0,2119.0,2119.0,0.0,3304.0,0.641344,0.650121,0.650121,3376.0,0.627666,0.627666,0.627666,
03/31/2003,10333.0,,,-4041.0,,6292.0,,-4394.0,,,,1898.0,1765.0,181.0,317.0,-136.0,,,-1946.0,3663.0,-1208.0,2455.0,-2548.0,,,5003.0,,5003.0,,,5003.0,5003.0,,3320.0,1.51,0.74,0.74,3335.333333,1.5,0.74,0.74,
06/30/2003,10204.0,,,-4035.0,,6169.0,,-4420.0,,,,1749.0,323.0,232.0,375.0,-143.0,,,-555.0,2072.0,-684.0,1388.0,,,,1388.0,,1388.0,,,1388.0,1388.0,,3334.0,0.42,0.42,0.42,3334.0,0.42,0.42,0.42,
09/30/2003,10239.0,,,-4244.0,,5995.0,,-4385.0,,,,1610.0,205.0,154.0,280.0,-126.0,,,-359.0,1815.0,-599.0,1216.0,,,,1216.0,,1216.0,,0.0,1216.0,1216.0,,3331.0,0.37,0.37,0.37,3331.0,0.37,0.37,0.37,
12/31/2003,10067.0,,,-4333.0,,5734.0,,-4522.0,,,,1212.0,-71.0,71.0,269.0,-198.0,,,-210.0,1351.0,-439.0,912.0,14.0,,,898.0,,898.0,,0.0,898.0,898.0,,3287.0,0.273197,0.277457,0.277457,3287.0,0.273197,0.273197,0.273197,
03/31/2004,10128.0,,,-4227.0,,5901.0,,-4331.0,,,,1570.0,1338.0,115.0,231.0,-116.0,,,-1453.0,2908.0,-960.0,1948.0,,,,1948.0,,1948.0,,,1948.0,1948.0,,3308.0,0.59,0.59,0.59,3323.0,0.59,0.59,0.59,
06/30/2004,10196.0,,,-4292.0,,5904.0,,-4464.0,,,,1440.0,210.0,,235.0,-120.0,0.0,,-325.0,1650.0,-515.0,1135.0,-33.0,,,1168.0,0.0,1168.0,0.0,0.0,1168.0,1168.0,,3312.0,0.35,0.34,0.38,3323.0,0.35,0.34,0.38,
09/30/2004,10292.0,,,-4284.0,,6008.0,,-4310.0,,,,1698.0,157.0,,238.0,-140.0,0.0,,-255.0,1855.0,-610.0,1245.0,-849.0,,,2094.0,0.0,2094.0,0.0,,2094.0,2094.0,,3314.0,0.63,0.38,0.38,3325.0,0.63,0.38,0.38,
12/31/2004,10287.0,,,-4712.0,,5575.0,,-4328.0,,,,1247.0,-440.0,,318.0,-116.0,0.0,,238.0,807.0,-119.0,688.0,0.0,,,688.0,0.0,688.0,0.0,0.0,688.0,688.0,,3307.0,0.21,0.21,0.34,3317.0,0.21,0.21,0.34,
03/31/2005,10248.0,,,-4388.0,,5860.0,,-4304.0,,,,1556.0,-255.0,244.0,353.0,-109.0,0.0,,11.0,1301.0,-416.0,885.0,0.0,,,885.0,0.0,885.0,0.0,0.0,885.0,885.0,,3303.0,0.27,0.27,0.34,3315.0,0.27,0.27,0.34,
06/30/2005,10317.0,,,-4401.0,,5916.0,,-4398.0,,,,1518.0,-34.0,249.0,349.0,-100.0,,,-215.0,1484.0,-484.0,1000.0,,,,1000.0,,1000.0,,,1000.0,1000.0,,3302.0,0.3,0.3,0.43,3743.0,0.3,0.3,0.43,
09/30/2005,10304.0,,,-4364.0,,5940.0,,-3978.0,,,,1962.0,-118.0,267.0,349.0,-82.0,,,-149.0,1844.0,-598.0,1246.0,0.0,,,1246.0,0.0,1246.0,0.0,0.0,1246.0,1246.0,,3296.0,0.38,0.38,0.47,3943.0,0.38,0.38,0.47,
12/31/2005,12909.0,,,-5856.0,,7053.0,,-5921.0,,,,1132.0,-43.0,,405.0,-92.0,0.0,,-270.0,1089.0,566.0,1655.0,0.0,,,1655.0,0.0,1655.0,0.0,0.0,1655.0,1655.0,,3569.0,0.46,0.46,0.48,3580.0,0.46,0.46,0.48,
03/31/2006,15756.0,,,-7364.0,,8392.0,,-6201.0,,,,2191.0,-34.0,379.0,464.0,-85.0,0.0,,-345.0,2157.0,-712.0,1445.0,0.0,,,1445.0,0.0,1445.0,0.0,0.0,1445.0,1445.0,,3882.0,0.37,0.37,0.52,3902.0,0.37,0.37,0.52,
06/30/2006,15770.0,,,-7163.0,,8607.0,,-6003.0,,,,2604.0,93.0,377.0,472.0,-95.0,0.0,,-470.0,2697.0,-889.0,1808.0,0.0,,,1808.0,0.0,1808.0,0.0,0.0,1808.0,1808.0,,3886.0,0.47,0.47,0.59,3905.0,0.46,0.46,0.58,
09/30/2006,15638.0,,,-6664.0,,8974.0,,-6057.0,,,,2917.0,316.0,344.0,442.0,-98.0,,,-660.0,3233.0,-1068.0,2165.0,0.0,,,2165.0,0.0,2165.0,0.0,0.0,2165.0,2165.0,,3873.0,0.56,0.56,0.63,3892.0,0.56,0.56,0.63,
12/31/2006,15891.0,,,-7092.0,,8799.0,,-6223.0,,,,2576.0,218.0,645.0,465.0,,0.0,,-863.0,2794.0,-856.0,1938.0,0.0,,,1938.0,0.0,1938.0,0.0,0.0,1938.0,1938.0,,3887.0,0.49,0.49,0.22,3909.0,0.5,0.5,0.23,
03/31/2007,28969.0,,,-11252.0,,17717.0,,-13053.0,,,,4664.0,-196.0,838.0,873.0,-35.0,0.0,,-642.0,4468.0,-1620.0,2848.0,0.0,,,2848.0,0.0,2848.0,0.0,0.0,2848.0,2848.0,,6224.0,0.46,0.46,0.66,6266.0,0.45,0.45,0.65,
06/30/2007,29478.0,,,-11658.0,,17820.0,,-12876.0,,,,4944.0,-542.0,879.0,879.0,0.0,0.0,,-337.0,4402.0,-1498.0,2904.0,0.0,,,2904.0,0.0,2904.0,0.0,0.0,2904.0,2904.0,,6145.0,0.47,0.47,0.47,6195.0,0.47,0.47,0.47,
09/30/2007,30132.0,,,-11736.0,,18396.0,,-13092.0,7770.0,,5322.0,5304.0,-742.0,887.0,887.0,0.0,0.0,,-145.0,4562.0,-1499.0,3063.0,0.0,,,3063.0,0.0,3063.0,0.0,0.0,3063.0,3063.0,,6088.0,0.5,0.5,0.5,6129.0,0.5,0.5,0.5,
12/31/2007,30349.0,,,-11734.0,,18615.0,,-13123.0,,,,5492.0,-720.0,,868.0,,0.0,,-148.0,4772.0,-1636.0,3136.0,0.0,,,3136.0,0.0,3136.0,0.0,0.0,3136.0,3136.0,,6054.0,0.52,0.52,0.72,6095.0,0.51,0.51,0.71,
03/31/2008,30744.0,,,-11995.0,,18749.0,0.0,-12769.0,7866.0,,4903.0,5980.0,-531.0,,865.0,,0.0,-243.0,-91.0,5449.0,-1930.0,3519.0,0.0,,,3519.0,-58.0,3461.0,0.0,0.0,3461.0,3461.0,,5997.0,0.58,0.58,0.58,6033.0,0.57,0.57,0.57,
06/30/2008,30866.0,,,-11897.0,,18969.0,0.0,-12402.0,7444.0,,4958.0,6567.0,-613.0,854.0,854.0,0.0,0.0,-212.0,-29.0,5954.0,-2111.0,3843.0,0.0,,,3843.0,-71.0,3772.0,0.0,0.0,3772.0,3772.0,,5926.0,0.64,0.64,0.77,5962.0,0.63,0.63,0.76,
09/30/2008,31342.0,,,-13022.0,,18320.0,0.0,-12702.0,7724.0,,4978.0,5618.0,-624.0,,858.0,,0.0,-257.0,23.0,4994.0,-1705.0,3289.0,0.0,,,3289.0,-59.0,3230.0,0.0,0.0,3230.0,3230.0,,5893.0,0.55,0.55,0.67,5921.0,0.55,0.55,0.67,
12/31/2008,31076.0,,,-12642.0,,18434.0,0.0,-13536.0,8492.0,,5044.0,4898.0,-1131.0,813.0,813.0,0.0,,-107.0,425.0,3767.0,-1290.0,2477.0,0.0,,,2477.0,-73.0,2404.0,0.0,0.0,2404.0,2404.0,,5893.0,0.41,0.41,0.53,5920.0,0.41,0.41,0.53,
03/31/2009,30571.0,27679.0,2892.0,-12195.0,12195.0,18376.0,0.0,-12639.0,7753.0,4886.0,0.0,5737.0,-727.0,,849.0,,,-137.0,15.0,5010.0,-1809.0,3201.0,0.0,0.0,0.0,3201.0,-75.0,3126.0,0.0,0.0,3126.0,3154.6,28.6,5896.0,0.53,0.53,0.535041,5922.0,0.53,0.53,0.534829,
06/30/2009,30614.0,27749.0,2865.0,-12557.0,12557.0,18057.0,0.0,-12557.0,7682.0,4875.0,0.0,5500.0,-615.0,,876.0,,,-231.0,-30.0,4885.0,-1612.0,3273.0,-3.0,-3.0,0.0,3276.0,-78.0,3198.0,0.0,0.0,3198.0,3195.0,0.0,5900.0,0.54,0.54,0.54,5923.0,0.54,0.54,0.54,
09/30/2009,30734.0,27925.0,2809.0,-12907.0,12907.0,17827.0,0.0,-12455.0,7574.0,4881.0,0.0,5372.0,-641.0,,851.0,,,-181.0,-29.0,4731.0,-1463.0,3268.0,-7.0,-7.0,0.0,3275.0,-83.0,3192.0,0.0,0.0,3192.0,3152.5,-32.5,5901.0,0.54,0.54,0.534231,5922.0,0.54,0.54,0.534231,
12/31/2009,30708.0,27818.0,2890.0,-12973.0,12973.0,17735.0,0.0,-13171.0,8205.0,4966.0,0.0,4564.0,-503.0,,795.0,,,-185.0,-107.0,4061.0,-1271.0,2790.0,-14.0,-14.0,0.0,2804.0,-74.0,2730.0,0.0,0.0,2730.0,3343.9,627.9,5901.0,0.46,0.46,0.566667,5927.0,0.46,0.46,0.565939,
03/31/2010,30530.0,28025.0,2505.0,-12383.0,12383.0,18147.0,0.0,-12176.0,7396.0,4780.0,0.0,5971.0,-570.0,,765.0,,,-217.0,22.0,5401.0,-2863.0,2538.0,-2.0,-2.0,0.0,2540.0,-87.0,2453.0,0.0,0.0,2453.0,3485.0,1034.0,5905.0,0.42,0.42,0.590178,5935.0,0.41,0.41,0.584221,
06/30/2010,30808.0,28283.0,2525.0,-12452.0,12452.0,18356.0,0.0,-12273.0,7454.0,4819.0,0.0,6083.0,164.0,,754.0,,,-195.0,-723.0,6247.0,-2160.0,4087.0,5.0,5.0,0.0,4082.0,-79.0,4003.0,0.0,0.0,4003.0,4588.45,580.45,5909.0,0.68,0.68,0.776519,5937.0,0.67,0.67,0.767768,
09/30/2010,31581.0,28561.0,3020.0,-13605.0,13605.0,17976.0,0.0,-12545.0,7672.0,4873.0,0.0,5431.0,-388.0,,729.0,,,-217.0,-124.0,5043.0,6573.0,11616.0,-780.0,-780.0,0.0,12396.0,-77.0,12319.0,0.0,0.0,12319.0,3160.35,-8378.65,5909.0,2.08,1.95,0.534837,5938.0,2.07,1.94,0.528978,
12/31/2010,31361.0,28463.0,2898.0,-13939.0,13939.0,17422.0,0.0,-15334.0,10342.0,4907.0,85.0,2088.0,-541.0,,746.0,,,-133.0,-72.0,1547.0,-388.0,1159.0,-2.0,-2.0,0.0,1161.0,-72.0,1089.0,0.0,0.0,1089.0,3299.47,2212.47,5915.0,0.18,0.18,0.557814,5941.0,0.18,0.18,0.552407,
03/31/2011,31247.0,28550.0,2697.0,-12813.0,12813.0,18434.0,0.0,-12626.0,8042.0,4584.0,0.0,5808.0,-538.0,,846.0,,,-249.0,-59.0,5270.0,-1802.0,3468.0,0.0,0.0,0.0,3468.0,-60.0,3408.0,0.0,0.0,3408.0,3381.35,-26.65,5925.0,0.57,0.57,0.570692,5945.0,0.57,0.57,0.565517,
06/30/2011,31495.0,28687.0,2808.0,-12756.0,12756.0,18739.0,0.0,-12574.0,7972.0,4602.0,0.0,6165.0,-614.0,,848.0,,,-207.0,-27.0,5551.0,-1893.0,3658.0,0.0,0.0,0.0,3658.0,-67.0,3591.0,0.0,0.0,3591.0,3612.45,21.45,5932.0,0.6,0.6,0.608977,5953.0,0.6,0.6,0.603603,
09/30/2011,31478.0,28765.0,2713.0,-12656.0,12656.0,18822.0,0.0,-12587.0,7969.0,4618.0,0.0,6235.0,-650.0,,889.0,,,-193.0,-46.0,5585.0,-1899.0,3686.0,0.0,0.0,0.0,3686.0,-63.0,3623.0,0.0,0.0,3623.0,3593.1,-29.9,5936.0,0.61,0.61,0.605307,5954.0,0.61,0.61,0.604978,
12/31/2011,32503.0,28703.0,3800.0,-16865.0,16865.0,15638.0,0.0,-24628.0,17145.0,4573.0,2910.0,-8990.0,-700.0,,952.0,,,-135.0,-117.0,-9690.0,3062.0,-6628.0,0.0,0.0,0.0,-6628.0,-50.0,-6678.0,0.0,0.0,-6678.0,-278.6,6399.4,5933.0,-1.12,-1.12,-0.046958,5955.0,-1.12,-1.12,-0.046958,
03/31/2012,31822.0,29002.0,2820.0,-12817.0,12817.0,19005.0,0.0,-12904.0,8344.0,4560.0,0.0,6101.0,-584.0,,859.0,,,-223.0,-52.0,5517.0,-1865.0,3652.0,0.0,0.0,0.0,3652.0,-68.0,3584.0,0.0,0.0,3584.0,3556.05,-27.95,5918.0,0.6,0.6,0.600887,5940.0,0.6,0.6,0.595295,
06/30/2012,31575.0,31575.0,,-12254.0,12254.0,19321.0,0.0,-12504.0,8005.0,4499.0,0.0,6817.0,-786.0,,941.0,,,-132.0,-23.0,6031.0,-2066.0,3965.0,0.0,0.0,0.0,3965.0,-63.0,3902.0,0.0,0.0,3902.0,3909.15,7.15,5855.0,0.67,0.67,0.66766,5876.0,0.66,0.66,0.661217,
09/30/2012,31459.0,28456.0,3003.0,-12602.0,12602.0,18857.0,0.0,-12820.0,8308.0,4512.0,0.0,6037.0,-595.0,,824.0,,,-182.0,-47.0,5442.0,-1741.0,3701.0,0.0,0.0,0.0,3701.0,-66.0,3635.0,0.0,0.0,3635.0,3608.35,-26.65,5771.0,0.63,0.63,0.625256,5792.0,0.63,0.63,0.625256,
12/31/2012,32578.0,28531.0,4047.0,-17555.0,17555.0,15023.0,0.0,-20981.0,16409.0,4572.0,0.0,-5958.0,-593.0,,820.0,,,-215.0,-12.0,-6551.0,2772.0,-3779.0,0.0,0.0,0.0,-3779.0,-78.0,-3857.0,0.0,0.0,-3857.0,2391.0,6248.0,5661.0,-0.68,-0.68,0.422364,5680.0,-0.68,-0.68,0.42,
03/31/2013,31356.0,28530.0,2826.0,-12554.0,12554.0,18802.0,0.0,-12862.0,8333.0,4529.0,0.0,5940.0,-610.0,,827.0,,,-185.0,-32.0,5330.0,-1557.0,3773.0,0.0,0.0,0.0,3773.0,-73.0,3700.0,0.0,0.0,3700.0,3528.9,-171.1,5513.0,0.67,0.67,0.640105,5530.0,0.67,0.67,0.63906,
06/30/2013,32075.0,32075.0,,-13270.0,13270.0,18805.0,0.0,-12692.0,8121.0,4571.0,0.0,6113.0,-319.0,,825.0,,,-218.0,-288.0,5794.0,-1914.0,3880.0,0.0,0.0,0.0,3880.0,-58.0,3822.0,0.0,0.0,3822.0,3613.92,-208.08,5381.0,0.71,0.71,0.671608,5397.0,0.71,0.71,0.671445,
09/30/2013,32158.0,28940.0,3218.0,-13403.0,13403.0,18755.0,0.0,-12567.0,7952.0,4615.0,0.0,6188.0,-688.0,,829.0,,,-91.0,-50.0,5500.0,-1595.0,3905.0,0.0,0.0,0.0,3905.0,-91.0,3814.0,0.0,0.0,3814.0,4020.67,206.67,5315.0,0.72,0.72,0.756476,5331.0,0.72,0.72,0.756476,
12/31/2013,33163.0,29097.0,4066.0,-12237.0,12237.0,20926.0,0.0,-8688.0,4008.0,4680.0,0.0,12238.0,-1085.0,,1459.0,,,-148.0,-226.0,11153.0,-4158.0,6995.0,0.0,0.0,0.0,6995.0,-82.0,6913.0,0.0,0.0,6913.0,2861.81,-4051.19,5267.0,1.31,1.31,0.543347,5283.0,1.31,1.31,0.543165,
03/31/2014,32476.0,32476.0,,-13321.0,13321.0,19155.0,0.0,-12877.0,8260.0,4617.0,0.0,6278.0,-627.0,,860.0,,,-88.0,-145.0,5651.0,-1917.0,3734.0,0.0,0.0,0.0,3734.0,-82.0,3652.0,0.0,4.0,3656.0,3629.08,-26.92,5222.0,0.7,0.7,0.69496,5238.0,0.7,0.7,0.694861,
06/30/2014,32575.0,32575.0,,-14212.0,14212.0,18363.0,0.0,-12747.0,8197.0,4550.0,0.0,5616.0,490.0,,881.0,,,-102.0,-1269.0,6106.0,-2485.0,3621.0,0.0,0.0,0.0,3621.0,-74.0,3547.0,0.0,3.0,3550.0,3236.8,-313.2,5204.0,0.68,0.68,0.621983,5220.0,0.68,0.68,0.62,
09/30/2014,32957.0,32957.0,,-14336.0,14336.0,18621.0,0.0,-13014.0,8475.0,4539.0,0.0,5607.0,-976.0,,1016.0,,,2.0,-42.0,4631.0,-1444.0,3187.0,0.0,0.0,0.0,3187.0,-57.0,3130.0,0.0,-3.0,3127.0,3180.3,53.3,5198.0,0.6,0.6,0.611831,5214.0,0.6,0.6,0.610222,
12/31/2014,34439.0,34439.0,,-18456.0,18456.0,15983.0,0.0,-21452.0,14765.0,4567.0,2120.0,-5469.0,-744.0,,856.0,,,13.0,-125.0,-6213.0,2295.0,-3918.0,0.0,0.0,0.0,-3918.0,-81.0,-3999.0,0.0,0.0,-3999.0,2883.48,6882.48,5198.0,-0.77,-0.77,0.554729,5214.0,-0.77,-0.77,0.55,
03/31/2015,32576.0,32576.0,,-14480.0,14480.0,18096.0,0.0,-12539.0,7961.0,4578.0,0.0,5557.0,-829.0,,899.0,,,0.0,-70.0,4728.0,-1389.0,3339.0,0.0,0.0,0.0,3339.0,-76.0,3263.0,0.0,4.0,3267.0,3334.41,67.41,5203.0,0.63,0.63,0.640863,5219.0,0.63,0.63,0.640863,
06/30/2015,33015.0,33015.0,,-15079.0,15079.0,17936.0,0.0,-12163.0,7467.0,4696.0,0.0,5773.0,-851.0,,932.0,,,-33.0,-48.0,4922.0,-1738.0,3184.0,0.0,0.0,0.0,3184.0,-102.0,3082.0,0.0,0.0,3082.0,3522.05,440.05,5204.0,0.59,0.59,0.676797,5220.0,0.59,0.59,0.674301,
09/30/2015,39091.0,39091.0,,-17796.0,17796.0,21295.0,0.0,-15372.0,9107.0,6265.0,0.0,5923.0,-1188.0,,1146.0,,,-15.0,57.0,4735.0,-1657.0,3078.0,0.0,0.0,0.0,3078.0,-84.0,2994.0,0.0,0.0,2994.0,3590.9,596.9,5924.0,0.5,0.5,0.606161,5943.0,0.5,0.5,0.600437,
12/31/2015,42119.0,42119.0,,-19691.0,19691.0,22428.0,0.0,-14896.0,8419.0,6477.0,0.0,7532.0,-1225.0,,1143.0,,,-31.0,113.0,6307.0,-2221.0,4086.0,0.0,0.0,0.0,4086.0,-80.0,4006.0,0.0,0.0,4006.0,3128.53,-877.47,6165.0,0.65,0.65,0.507466,6187.0,0.65,0.65,0.507466,
03/31/2016,40535.0,40535.0,,-18400.0,18400.0,22135.0,0.0,-15004.0,8441.0,6563.0,0.0,7131.0,-1124.0,,1207.0,,,-13.0,-70.0,6007.0,-2122.0,3885.0,0.0,0.0,0.0,3885.0,-82.0,3803.0,0.0,4.0,3807.0,3485.15,-321.85,6172.0,0.62,0.62,0.564671,6190.0,0.61,0.61,0.558005,
06/30/2016,40520.0,40520.0,,-18475.0,18475.0,22045.0,0.0,-15485.0,8909.0,6576.0,0.0,6560.0,-1139.0,,1258.0,,,-28.0,-91.0,5421.0,-1906.0,3515.0,0.0,0.0,0.0,3515.0,-107.0,3408.0,0.0,0.0,3408.0,3551.0,143.0,6174.0,0.55,0.55,0.575154,6195.0,0.55,0.55,0.573083,
09/30/2016,40890.0,40890.0,,-18890.0,18890.0,22000.0,0.0,-15592.0,9013.0,6579.0,0.0,6408.0,-1215.0,,1224.0,,,-16.0,7.0,5193.0,-1775.0,3418.0,0.0,0.0,0.0,3418.0,-90.0,3328.0,0.0,0.0,3328.0,3722.74,394.74,6168.0,0.54,0.54,0.603557,6189.0,0.54,0.54,0.603557,
12/31/2016,41841.0,41841.0,,-21119.0,21119.0,20722.0,0.0,-16474.0,9984.0,6129.0,361.0,4248.0,-1057.0,,1221.0,,,-41.0,-123.0,3191.0,-676.0,2515.0,0.0,0.0,0.0,2515.0,-78.0,2437.0,0.0,0.0,2437.0,2686.366721,249.366721,6161.0,0.39,0.39,0.436028,6181.0,0.39,0.39,0.430344,
03/31/2017,39365.0,39365.0,,-18110.0,18110.0,21255.0,0.0,-14899.0,8772.0,6127.0,0.0,6356.0,-978.0,,1293.0,,,173.0,-488.0,5378.0,-1804.0,3574.0,0.0,0.0,0.0,3574.0,-105.0,3469.0,0.0,0.0,3469.0,3771.326494,302.326494,6166.0,0.56,0.56,0.611633,6186.0,0.56,0.56,0.608873,
06/30/2017,39837.0,39837.0,,-18254.0,18254.0,21583.0,0.0,-14260.0,8113.0,6147.0,0.0,7323.0,-1253.0,,1395.0,,,-14.0,-128.0,6070.0,-2056.0,4014.0,0.0,0.0,0.0,4014.0,-99.0,3915.0,0.0,0.0,3915.0,4325.04,410.04,6165.0,0.63,0.63,0.701547,6184.0,0.63,0.63,0.696307,
09/30/2017,39668.0,39668.0,,-19169.0,19169.0,20499.0,0.0,-14692.0,8650.0,6042.0,0.0,5807.0,-833.0,,1686.0,,,-11.0,-842.0,4974.0,-1851.0,3123.0,0.0,0.0,0.0,3123.0,-94.0,3029.0,0.0,0.0,3029.0,3729.688,700.688,6162.0,0.49,0.49,0.605272,6182.0,0.49,0.49,0.603343,
12/31/2017,41676.0,41676.0,,-21926.0,21926.0,19750.0,0.0,-18469.0,9484.0,6071.0,2914.0,1281.0,-2564.0,,1926.0,,,-20.0,658.0,-1283.0,20419.0,19136.0,0.0,0.0,0.0,19136.0,-99.0,19037.0,0.0,0.0,19037.0,2569.900236,-16467.099764,6163.0,3.08,3.08,0.416989,6182.0,3.08,3.08,0.416283,
03/31/2018,38038.0,38038.0,,-17946.0,17946.0,20092.0,0.0,-13891.0,7897.0,5994.0,0.0,6201.0,-60.0,,1771.0,,,-9.0,-1702.0,6141.0,-1382.0,4759.0,0.0,0.0,0.0,4759.0,-97.0,4662.0,0.0,0.0,4662.0,5158.580311,496.580311,6161.0,0.75,0.75,0.837296,6180.0,0.75,0.75,0.830353,
06/30/2018,38986.0,38986.0,,-17458.0,17458.0,21528.0,0.0,-15062.0,8684.0,6378.0,0.0,6466.0,314.0,,2023.0,,,16.0,-2353.0,6780.0,-1532.0,5248.0,0.0,0.0,0.0,5248.0,-116.0,5132.0,0.0,0.0,5132.0,6304.275862,1172.275862,6351.0,0.81,0.81,0.992643,6374.0,0.81,0.81,0.992643,
09/30/2018,45739.0,45739.0,,-20706.0,20706.0,25033.0,0.0,-17764.0,9598.0,8166.0,0.0,7269.0,-1062.0,,2051.0,,,64.0,-1053.0,6207.0,-1391.0,4816.0,0.0,0.0,0.0,4816.0,-98.0,4718.0,0.0,0.0,4718.0,4803.284953,85.284953,7284.0,0.65,0.65,0.65943,7320.0,0.65,0.65,0.65943,
12/31/2018,47993.0,47993.0,,-23309.0,23309.0,24684.0,0.0,-18524.0,10586.0,7892.0,46.0,6160.0,-415.0,,2112.0,,,-23.0,-1674.0,5745.0,-615.0,5130.0,0.0,0.0,0.0,5130.0,-272.0,4858.0,0.0,0.0,4858.0,4927.075472,69.075472,7296.0,0.66,0.66,0.675312,7328.0,0.66,0.66,0.669426,
03/31/2019,44827.0,44827.0,,-20739.0,20739.0,24088.0,0.0,-16855.0,9649.0,7206.0,0.0,7233.0,-1862.0,,2141.0,,,7.0,-286.0,5371.0,-1023.0,4348.0,0.0,0.0,0.0,4348.0,-252.0,4096.0,0.0,0.0,4096.0,4686.617362,590.617362,7313.0,0.56,0.56,0.640861,7342.0,0.56,0.56,0.640444,
06/30/2019,44957.0,44957.0,,-20512.0,20512.0,24445.0,0.0,-16945.0,9844.0,7101.0,0.0,7500.0,-2427.0,,2149.0,,,-40.0,318.0,5073.0,-1099.0,3974.0,0.0,0.0,0.0,3974.0,-261.0,3713.0,0.0,0.0,3713.0,3667.550556,-45.449444,7323.0,0.51,0.51,0.500826,7353.0,0.51,0.51,0.500826,
09/30/2019,44588.0,44588.0,,-20154.0,20154.0,24434.0,0.0,-16533.0,9584.0,6949.0,0.0,7901.0,-3015.0,,2083.0,,,-3.0,935.0,4886.0,-937.0,3949.0,0.0,0.0,0.0,3949.0,-249.0,3700.0,0.0,0.0,3700.0,3893.869654,193.869654,7327.0,0.5,0.5,0.531441,7356.0,0.5,0.5,0.526355,
12/31/2019,46821.0,46821.0,,-22736.0,22736.0,24085.0,0.0,-18764.0,10345.0,6961.0,1458.0,5321.0,-2183.0,,2049.0,,,30.0,104.0,3138.0,-434.0,2704.0,0.0,0.0,0.0,2704.0,-310.0,2394.0,-3.0,0.0,2391.0,4531.698682,2140.698682,7312.0,0.33,0.33,0.619762,7341.0,0.33,0.33,0.619762,
03/31/2020,42779.0,42779.0,,-19281.0,19281.0,23498.0,0.0,-16012.0,8790.0,7222.0,0.0,7486.0,-1221.0,,2018.0,,,6.0,-803.0,6265.0,-1302.0,4963.0,0.0,0.0,0.0,4963.0,-353.0,4610.0,-32.0,0.0,4578.0,4291.186083,-286.813917,7187.0,0.63,0.63,0.597076,7214.0,0.63,0.63,0.590242,
06/30/2020,40950.0,40950.0,,-17983.0,17983.0,22967.0,0.0,-19435.0,9831.0,7285.0,2319.0,3532.0,-1034.0,,2041.0,,,10.0,-1017.0,2498.0,-935.0,1563.0,0.0,0.0,0.0,1563.0,-282.0,1281.0,-52.0,0.0,1229.0,4199.467337,3038.080402,7145.0,0.17,0.17,0.597212,7170.0,0.17,0.17,0.593721,
09/30/2020,41737.474,,,,,23829.59340556,,,,,,8575.75,,,,,,,,5132.545,,3741.333,,,,,,3741.333,,,3741.333,5060.5,,,0.521,0.521,0.771,,0.521,0.521,0.771,
12/31/2020,44070.056,,,,,23769.62540416,,,,,,8429.75,,,,,,,,4818.7,,3594.333,,,,,,3594.333,,,3594.333,5021.0,,,0.503,0.503,0.748,,0.503,0.503,0.748,
