Date,Revenue,Revenue From Electric,Regulated Electric Revenue,Unregulated Electric Revenue,Other Electric Revenue,Revenue from Gas,Regulated Gas Revenue,Unregulated Gas Revenue,Other Gas Revenue,Revenue from Water,Other Revenue,Cost of Revenue,Fuel & Purchased Power Cost,Fuel Cost,Purchased Power Cost,Purchased Gas & Water Cost,Purchased Gas Cost,Other Cost of Revenue,Gross Profit,Operating Expenses,Maintenance Expenses,Depreciation Expenses,Taxes Other Than Income,Other Operating Expense,Operating Income (Loss),Non-Operating (Income) Loss,"Interest Expense, Net",Total Interest Income,AFUDC - Equity,Interest Expense,Interest Expenses on Bonds,AFUDC - Debts,Other Interest Expenses,Other Non-Op (Income) Loss,Pretax Income,Income Tax Expense (Benefit),Income (Loss) from Cont Ops,Net Extraordinary Losses (Gains),Discontinued Operations,XO & Accounting Changes,Income (Loss) Incl. MI,Minority Interest,"Net Income, GAAP",Preferred Dividends,Other Adjustments,"Net Income Avail to Common, GAAP","Net Income Avail to Common, Adj",Net Abnormal Losses (Gains),Basic Weighted Avg Shares,"Basic EPS, GAAP",Basic EPS from Cont Ops,"Basic EPS from Cont Ops, Adjusted",Diluted Weighted Avg Shares,"Diluted EPS, GAAP",Diluted EPS from Cont Ops,"Diluted EPS from Cont Ops, Adjusted",Source: Bloomberg
03/31/1990,236.470993,236.470993,,,,0.0,,,,0.0,0.0,-121.112,121.112,121.112,,0.0,,,115.358994,-64.836998,16.944,29.660999,18.232,,50.521999,-11.321,,,0.0,13.63,13.74,-0.11,0.0,-2.309,39.200999,-10.828,28.372999,0.0,,,28.372999,0.0,28.372999,-0.965,,27.407999,27.407999,,113.625999,0.24,0.24,0.24,113.625999,0.24,0.24,0.24,
06/30/1990,278.056,278.056,,,,0.0,,,,0.0,0.0,-142.192001,142.192001,142.192001,,0.0,,,135.863998,-67.017998,18.893,29.59,18.535,,68.846001,-12.261,,,0.0,14.916,15.127,-0.211,0.0,-2.655,56.585,-17.313,39.271999,0.0,,,39.272001,0.0,39.271999,-0.892,,38.379999,38.379999,,113.657997,0.34,0.34,0.34,113.657997,0.34,0.34,0.34,
09/30/1990,309.14801,309.14801,,,,0.0,,,,0.0,0.0,-152.757004,152.757004,152.757004,,0.0,,,156.391006,-72.848,21.079,30.631001,21.138,,83.542999,-14.585,,,0.0,15.396,15.599,-0.203,0.0,-0.811,68.957999,-22.735001,46.223,0.0,,,46.222999,0.0,46.223,-0.892,,45.331,45.331,,113.683998,0.4,0.4,0.4,113.683998,0.4,0.4,0.4,
12/31/1990,273.388,273.388,,,,0.0,,,,0.0,0.0,-144.205994,144.205994,144.205994,,0.0,,,129.182007,-74.046997,22.308001,31.202,20.537001,,55.134998,-13.811,,,0.0,15.607,15.831,-0.224,0.0,-1.796,41.323998,-12.193,29.131001,0.0,,,29.130998,0.0,29.131001,-0.892,,28.239,28.239,,115.262001,0.245,0.245,0.245,115.262001,0.245,0.245,0.245,
03/31/1991,252.565994,252.565994,,,,0.0,,,,0.0,0.0,-131.466003,131.466003,131.466003,,0.0,,,121.099991,-72.283997,19.774,32.189999,20.32,,48.816002,-14.454,,,0.0,16.048,16.233999,-0.186,0.0,-1.594,34.362002,-7.079,27.283001,0.0,,,27.283002,0.0,27.283001,-0.892,,26.391001,26.391001,,113.713997,0.23,0.23,0.23,113.713997,0.23,0.23,0.23,
06/30/1991,290.855988,290.855988,,,,0.0,,,,0.0,0.0,-145.035004,145.035004,145.035004,,0.0,,,145.820984,-77.153,22.677,33.307999,21.167999,,68.667999,-15.786,,,0.0,16.406,16.67,-0.264,0.0,-0.62,52.881999,-14.28,38.602001,0.0,,,38.601999,0.0,38.602001,-0.892,,37.710001,37.710001,,113.811996,0.335,0.335,0.335,113.811996,0.335,0.335,0.335,
09/30/1991,324.247009,324.247009,,,,0.0,,,,0.0,0.0,-156.792999,156.792999,156.792999,,0.0,,,167.45401,-79.521004,21.844,34.174999,23.502001,,87.932999,-14.915,,,0.0,16.285,16.575001,-0.29,0.0,-1.37,73.017999,-22.85,50.167999,0.0,,,50.167998,0.0,50.167999,-0.892,,49.275999,49.275999,,113.966003,0.43,0.43,0.43,113.966003,0.43,0.43,0.43,
12/31/1991,286.403992,286.403992,,,,0.0,,,,0.0,0.0,-149.490997,149.490997,149.490997,,0.0,,,136.912994,-80.052002,25.059999,33.013,21.979,,56.861,-14.969,,,0.0,16.288,16.646,-0.358,0.0,-1.319,41.892,-9.077,32.814999,0.0,,,32.815,0.0,32.814999,-0.892,,31.922999,31.922999,,114.010002,0.28,0.28,0.28,114.010002,0.28,0.28,0.28,
03/31/1992,262.605011,262.605011,,,,0.0,,,,0.0,0.0,-130.255997,130.255997,130.255997,,0.0,,,132.349014,-80.805,23.115,35.206001,22.483999,,51.543999,-15.183,,,0.0,16.003,16.212,-0.209,0.0,-0.82,36.360998,-9.041,27.32,0.0,,,27.319998,0.0,27.32,-0.892,,26.428,26.428,,114.297997,0.23,0.23,0.23,114.297997,0.23,0.23,0.23,
06/30/1992,283.632996,283.632996,,,,0.0,,,,0.0,0.0,-137.677994,137.677994,137.677994,,0.0,,,145.955002,-82.306999,23.745001,35.335999,23.226,,63.647999,-14.305,,,0.0,15.915,16.136999,-0.222,0.0,-1.61,49.342999,-13.803,35.540001,0.0,,,35.539998,0.0,35.540001,-0.892,,34.648001,34.648001,,114.522003,0.305,0.305,0.305,114.522003,0.305,0.305,0.305,
09/30/1992,341.157013,341.157013,,,,0.0,,,,0.0,0.0,-167.130997,167.130997,167.130997,,0.0,,,174.026016,-83.502998,22.576,35.831001,25.096001,,90.523003,-13.8,,,0.0,15.272,15.583,-0.311,0.0,-1.472,76.723002,-22.413,54.310001,0.0,,,54.310002,0.0,54.310001,-0.892,,53.418001,53.418001,,114.716003,0.465,0.465,0.465,114.716003,0.465,0.465,0.465,
12/31/1992,295.755005,295.755005,,,,0.0,,,,0.0,0.0,-148.699997,148.699997,148.699997,,0.0,,,147.055008,-83.746002,24.875999,36.106998,22.763,,63.308998,-16.636,,,0.0,17.333,17.695,-0.362,0.0,-0.697,46.672998,-11.248,35.424999,0.0,,,35.424998,0.0,35.424999,-0.891,,34.533999,34.533999,,115.134002,0.3,0.3,0.3,115.134002,0.3,0.3,0.3,
03/31/1993,282.300995,282.300995,,,,0.0,,,,0.0,0.0,-133.932007,133.932007,133.932007,,0.0,,,148.368988,-87.917999,22.982,40.303001,24.632999,,60.451,-28.627,,,0.0,19.591,20.162001,-0.571,0.0,9.036,31.824,-6.115,25.709,-11.228,,,36.937,0.0,36.937,-0.892,,36.045,36.045,,115.057999,0.315,0.215,0.215,115.057999,0.315,0.215,0.215,
06/30/1993,314.605011,314.605011,,,,0.0,,,,0.0,0.0,-153.291,153.291,153.291,,0.0,,,161.314011,-90.287003,24.582001,40.931,24.774,,71.027,-18.506,,,0.0,19.236,20.000999,-0.765,0.0,-0.73,52.521,-13.421,39.099998,0.0,,,39.100001,0.0,39.099998,-0.892,,38.207998,38.207998,,115.281998,0.33,0.33,0.33,115.281998,0.33,0.33,0.33,
09/30/1993,364.705994,364.705994,,,,0.0,,,,0.0,0.0,-172.570007,172.570007,172.570007,,0.0,,,192.135986,-95.802002,24.364,41.646,29.792,,96.334,-17.087001,,,0.822,18.783001,18.974001,-0.191,0.0,-0.874,79.246999,-26.521,52.726002,0.0,,,52.725999,0.0,52.726002,-0.892,,51.834002,51.834002,,115.447998,0.45,0.45,0.45,115.447998,0.45,0.45,0.45,
12/31/1993,322.324005,322.324005,,,,0.0,,,,0.0,0.0,-165.074997,165.074997,165.074997,,0.0,,,157.249008,-94.610001,26.993,42.467999,25.149,,62.639,-17.307,,,0.763,18.452,19.021,-0.569,0.0,-0.382,45.332,-8.991,36.341,0.0,,,36.341,0.0,36.341,-0.892,,35.449,35.449,,115.571999,0.31,0.31,0.31,115.571999,0.31,0.31,0.31,
03/31/1994,306.622009,306.622009,,,,0.0,,,,0.0,0.0,-153.332001,153.332001,153.332001,,0.0,,,153.290009,-93.392998,22.513,43.173,27.707001,,59.896999,-15.452999,,,0.273,18.601999,19.238001,-0.636,0.0,-2.876,44.444,-9.95,34.493999,0.0,,,34.494,0.0,34.493999,-0.892,,33.601999,33.601999,,115.690002,0.29,0.29,0.29,115.690002,0.29,0.29,0.29,
06/30/1994,353.319,353.319,,,,0.0,,,,0.0,0.0,-178.528,178.528,178.528,,0.0,,,174.791,-99.017998,26.493,44.021,28.504,,75.773003,-17.868,,,0.371,19.233,20.052999,-0.82,0.0,-0.994,57.905003,-15.153,42.751999,0.0,,,42.752003,0.0,42.751999,-0.892,,41.859999,41.859999,,115.900002,0.36,0.36,0.36,115.900002,0.36,0.36,0.36,
09/30/1994,366.592987,366.592987,,,,0.0,,,,0.0,0.0,-176.479004,176.479004,176.479004,,0.0,,,190.113983,-95.442001,24.326,43.535999,27.58,,94.671997,-17.137,,,0.459,18.539,19.610001,-1.071,0.0,-0.943,77.534998,-22.076,55.459,0.0,,,55.458997,0.0,55.459,-0.892,,54.567,54.567,,116.005997,0.47,0.47,0.47,116.005997,0.47,0.47,0.47,
12/31/1994,324.319,324.319,,,,0.0,,,,0.0,0.0,-187.526993,187.526993,187.526993,,0.0,,,136.792007,-97.322998,27.733999,43.257,26.332001,,39.469002,-16.803,,,2.438,20.763,20.763,,0.0,-1.522,22.666002,1.374,24.040001,0.0,,,24.040002,0.0,24.040001,-0.892,,23.148001,23.148001,,116.137001,0.2,0.2,0.2,116.137001,0.2,0.2,0.2,
03/31/1995,319.134003,319.134003,,,,0.0,,,,0.0,0.0,-155.421005,155.421005,155.421005,,0.0,,,163.712997,-97.666,23.934,44.597,29.135,,66.046997,-18.61,,,1.799,20.601,21.684999,-1.084,0.0,-0.192,47.436997,-10.041,37.396,0.0,,,37.395997,0.0,37.396,-0.892,,36.504,36.504,,116.265999,0.31,0.31,0.31,116.265999,0.31,0.31,0.31,
06/30/1995,349.699005,349.699005,,,,0.0,,,,0.0,0.0,-169.617996,169.617996,169.617996,,0.0,,,180.081009,-99.346001,25.858999,44.611,28.875999,,80.735001,-18.425999,,,2.521,21.212999,22.732,-1.519,0.0,-0.266,62.309001,-15.037,47.271999,0.0,,,47.272001,0.0,47.271999,-0.892,,46.379999,46.379999,,116.394997,0.4,0.4,0.4,116.394997,0.4,0.4,0.4,
09/30/1995,389.096985,389.096985,,,,0.0,,,,0.0,0.0,-187.785995,187.785995,187.785995,,0.0,,,201.310989,-94.242996,24.563,41.235001,28.445,,107.068001,-17.222,,,3.234,20.368999,22.318001,-1.949,0.0,0.087,89.846001,-25.707001,64.139,0.0,,,64.139001,0.0,64.139,-0.892,,63.247,63.247,,116.516998,0.55,0.55,0.55,116.516998,0.55,0.55,0.55,
12/31/1995,334.369995,334.369995,,,,0.0,,,,0.0,0.0,-171.774994,171.774994,171.774994,,0.0,,,162.595001,-98.745003,26.944,44.257,27.544001,,63.849998,-14.642,,,6.146,21.017,22.065001,-1.048,0.0,-0.229,49.207998,-8.315,40.893002,0.0,,,40.892999,0.0,40.893002,-0.924,,39.969002,39.969002,,116.660004,0.34,0.34,0.34,116.660004,0.34,0.34,0.34,
03/31/1996,442.299988,341.140991,,,,101.158997,,,,0.0,,-177.070007,177.070007,177.070007,,0.0,,,265.22998,-179.429993,20.903,44.963001,30.056,83.508003,85.800003,-23.15,,,5.019,20.618999,22.67,-2.051,0.0,7.55,62.650003,-11.558,51.091999,0.2,,,50.892004,0.0,50.891998,-0.892,,49.999998,49.999998,,128.205002,0.39,0.39,0.39,128.205002,0.39,0.39,0.39,
06/30/1996,434.700012,434.700012,,,,,,,,0.0,,-236.600006,236.600006,236.600006,,0.0,,,198.100006,-110.199997,25.299999,50.200001,34.700001,,87.900002,-18.9,,,5.4,24.1,26.299999,-2.2,0.0,0.2,69.000001,-17.5,51.5,0.6,,,50.900001,0.0,50.900002,-0.4,,50.500002,50.500002,,129.300003,0.39,0.39,0.39,129.300003,0.39,0.39,0.39,
09/30/1996,458.200012,458.200012,,,,,,,,0.0,,-237.899994,237.899994,237.899994,,0.0,,,220.300018,-109.5,26.1,50.0,33.400002,,110.800003,-18.6,,,5.8,24.0,26.299999,-2.3,0.0,0.4,92.200003,-25.799999,66.400002,-0.3,,,66.700004,0.0,66.699997,-0.2,,66.499997,66.499997,,129.399994,0.51,0.52,0.52,129.399994,0.51,0.52,0.52,
12/31/1996,440.100006,440.100006,,,,,,,,0.0,,-220.421997,90.321999,90.321999,,130.100006,,,219.678009,-122.377998,25.097,57.637001,39.644001,,97.300003,-20.000001,,,0.281,29.981001,29.83,-0.151,0.0,-9.7,77.300002,-26.941999,50.208,0.4,,,49.958003,0.0,49.807999,-0.308,,49.499999,49.499999,,130.263,0.38,0.38,0.38,130.263,0.38,0.38,0.38,
03/31/1997,450.299988,272.799988,,,,76.800003,,,,0.0,100.699997,-137.5,99.499997,88.699997,10.8,38.0,,,312.799988,-214.800003,24.1,55.700001,37.400002,97.599998,98.0,-25.9,,,0.1,26.9,26.9,,0.0,-0.9,72.1,-21.1,51.0,0.0,,,51.0,0.0,51.0,-0.2,,50.8,50.8,,130.600006,0.39,0.39,0.39,130.600006,0.39,0.39,0.39,
06/30/1997,460.899994,300.0,,,,57.099998,,,,0.0,103.800003,-133.399994,106.399997,90.699997,15.7,27.0,,,327.5,-224.0,29.1,56.200001,36.099998,102.599998,103.5,-25.500001,,,0.0,26.700001,26.700001,0.0,0.0,-1.2,77.999999,-27.299999,50.700001,0.0,,,50.7,0.0,50.700001,-0.2,,50.500001,50.500001,,130.699997,0.39,0.39,0.39,131.100006,0.39,0.39,0.39,
09/30/1997,494.700012,342.299988,,,,49.700001,,,,0.0,102.699997,-149.600006,127.400003,98.300003,29.1,22.200001,,,345.100006,-219.5,30.1,56.5,35.0,97.900002,125.599998,-26.8,,,0.0,26.4,26.4,,0.0,0.4,98.799998,-31.200001,67.599998,8.2,,,59.399997,0.0,59.400002,-0.1,,59.300002,59.300002,,130.800003,0.45,0.51,0.51,130.800003,0.45,0.51,0.51,
12/31/1997,456.400055,274.099975,,,,66.000004,,,,0.0,116.300003,-140.200012,107.799994,95.699997,12.099997,32.399997,,,316.200043,-230.699028,30.898997,56.999992,35.0,107.800039,85.501015,14.800982,,,0.0,25.800001,25.900001,-0.1,0.0,-40.600983,100.301997,-15.099997,42.601002,1.3,,,83.902,0.0,41.300998,0.0,,41.300998,41.300998,,130.899994,0.31,0.33,0.37,130.899994,0.31,0.33,0.37,
03/31/1998,467.8,273.4,,,,80.7,,,,,113.7,,,,,,,,,-397.9,28.0,56.9,37.7,275.3,69.9,-28.8,,,0.0,25.9,25.9,0.0,0.0,2.9,41.1,-10.3,30.8,-22.2,,,53.0,0.0,53.0,0.0,,53.0,53.0,,131.6,0.4,0.23,0.23,132.1,0.4,0.23,0.23,
06/30/1998,490.6,320.9,,,,58.0,,,,,111.7,,,,,,,,,-380.2,31.9,57.4,37.2,253.7,110.4,-26.5,,,0.0,26.0,26.0,0.0,0.0,0.5,83.9,-26.0,57.9,0.0,,,57.9,0.0,57.9,0.0,,57.9,57.9,,131.7,0.44,0.44,0.44,132.2,0.44,0.44,0.44,
09/30/1998,525.3,353.7,,,,49.6,,,,0.0,122.0,,,,,,,,,-396.4,29.3,58.1,38.2,270.8,128.9,-25.4,,,0.0,25.8,25.8,,0.0,-0.4,103.5,-32.3,71.2,0.4,,,70.8,0.0,70.8,0.0,,70.8,70.8,,131.8,0.54,0.54,0.54,132.2,0.54,0.54,0.54,
12/31/1998,472.0,1234.6,,,,252.8,,,,0.0,468.3,-566.7,451.3,366.6,84.7,115.4,,,-94.7,186.8,39.7,60.6,36.3,,92.1,-33.1,,,0.0,26.6,26.6,0.0,0.0,6.5,59.0,-14.7,44.3,19.5,,,24.8,0.0,24.8,0.0,,24.8,24.8,,131.7,0.19,0.31,0.42,133.2,0.19,0.31,0.42,
03/31/1999,445.7,260.9,,,,71.1,,,,0.0,113.7,,,,,,,,,-349.6,27.5,58.0,37.8,226.3,96.1,-25.4,,,0.0,26.1,26.1,0.0,0.0,-0.7,70.7,-21.2,49.5,0.3,,,49.2,0.0,49.2,0.0,,49.2,49.2,,132.0,0.38,0.38,0.38,132.0,0.38,0.38,0.38,
06/30/1999,491.7,304.3,,,,56.7,,,,0.0,130.7,,,,,,,,,-392.0,32.8,55.7,37.5,266.0,99.7,-26.2,,,0.0,27.6,27.6,0.0,0.0,-1.4,73.5,-21.6,51.9,0.0,,,51.9,0.0,51.9,0.0,,51.9,51.9,,132.0,0.39,0.4,0.4,132.2,0.39,0.4,0.4,
09/30/1999,555.9,358.6,,,,57.2,,,,,140.1,,,,,,,,,-417.1,30.5,58.1,37.4,291.1,138.8,-51.1,,,0.0,37.4,37.4,0.0,0.0,13.7,87.7,-31.8,55.9,13.6,,,42.3,0.0,42.3,0.0,,42.3,42.3,,131.9,0.32,0.42,0.54,132.0,0.32,0.42,0.54,
12/31/1999,489.0,276.0,,,,66.7,,,,0.0,146.3,,,,,,,,,-81.6,34.5,62.9,36.0,265.2,90.4,-33.0,,,1.3,32.6,33.1,,0.0,1.7,57.4,-12.9,44.5,1.7,,,42.8,0.0,42.8,0.0,,42.8,42.8,,128.8,0.33,0.33,0.36,128.9,0.33,0.33,0.36,
03/31/2000,524.5,292.6,,,,86.6,,,,0.0,145.3,,,,,,,,,-416.4,35.9,62.0,38.9,279.6,108.1,-33.9,,,0.0,35.7,35.7,0.0,0.0,-1.8,74.2,-20.7,53.5,0.0,,,53.5,0.0,53.5,0.0,,53.5,53.5,,126.2,0.42,0.42,0.42,126.2,0.42,0.42,0.42,
06/30/2000,559.5,340.4,,,,71.4,,,,0.0,147.7,,,,,,,,,-459.8,43.7,64.0,37.9,314.2,99.7,-33.5,,,0.0,39.3,39.3,0.0,0.0,-5.8,66.2,-8.7,57.5,0.0,,,57.5,0.0,57.5,0.0,,57.5,57.5,,125.3,0.46,0.46,0.46,125.4,0.46,0.46,0.46,
09/30/2000,614.7,391.8,,,,72.0,,,,0.0,150.9,,,,,,,,,-493.7,29.9,68.8,37.1,357.9,121.0,-37.4,,,0.0,48.8,48.8,0.0,0.0,-11.4,83.6,-1.6,82.0,0.0,,,82.0,0.0,82.0,0.0,,82.0,82.0,,125.6,0.65,0.65,0.65,126.1,0.65,0.65,0.65,
12/31/2000,596.4001,328.1,,,,84.5,,,,0.0,183.8,,,,,,,,,-511.60009,30.5,73.40001,37.3,370.40008,84.80001,-36.20002,,,1.6,43.09999,43.80001,-0.7,0.0,-5.29997,48.59999,12.5,57.89999,0.0,,,61.09999,0.0,57.89999,0.0,,57.89999,57.89999,,126.1,0.46,0.46,0.46,127.3,0.44,0.44,0.44,
03/31/2001,671.2,459.9,,,,,,,,0.0,211.3,-158.3,76.3,42.9,33.4,82.0,,,512.9,-403.4,36.8,69.5,46.2,250.9,109.5,-39.5,,,0.8,45.2,41.2,-0.3,4.3,-4.9,70.0,-0.3,69.7,0.0,,,69.7,0.0,69.7,0.0,0.0,69.7,69.7,,128.6,0.54,0.54,0.54,129.8,0.53,0.53,0.53,
06/30/2001,641.8,359.1,,,,82.3,,,,0.0,200.4,,,,,,,,,-535.9,37.5,73.1,43.9,381.4,105.9,-31.5,,,1.3,46.3,46.8,-0.5,0.0,-13.5,74.4,-2.5,71.9,0.0,,,71.9,0.0,71.9,-4.2,0.0,67.7,67.7,,135.7,0.53,0.53,0.53,136.9,0.52,0.52,0.52,
09/30/2001,659.6,462.0,,,,,,,,0.0,197.6,-147.4,113.1,70.2,42.9,34.3,,,512.2,-380.4,32.8,71.7,40.0,235.9,131.8,-31.3,,,2.0,43.2,39.7,-0.7,4.2,-9.9,100.5,-9.7,90.8,-6.5,,,97.3,0.0,97.3,0.0,,97.3,97.3,,136.0,0.72,0.67,0.67,136.9,0.71,0.66,0.66,
12/31/2001,574.0,574.0,,,,,,,,0.0,,-109.5,82.8,72.3,10.5,26.7,,,464.5,-396.4,44.2,73.9,31.2,247.1,68.1,-19.3,,,2.5,39.4,40.5,-1.1,0.0,-17.6,48.8,14.6,63.4,-5.7,,,69.1,0.0,69.1,-4.3,,64.8,64.8,,138.71,0.47,0.43,0.43,139.3,0.47,0.43,0.43,
03/31/2002,606.6,424.1,,,,,,,,0.0,182.5,-128.7,93.4,66.3,27.1,35.3,,,477.9,-388.7,40.0,78.0,43.7,227.0,89.2,-27.4,,,4.3,46.8,39.5,-1.7,9.0,-15.1,61.8,8.1,69.9,-5.5,,,75.4,0.0,75.4,0.0,,75.4,75.4,,139.7,0.54,0.5,0.5,140.3,0.54,0.5,0.5,
06/30/2002,677.7,481.1,,,,,,,,0.0,196.6,-175.8,137.6,87.7,49.9,38.2,,,501.9,-404.2,40.9,76.9,44.2,242.2,97.7,-22.5,,,5.7,41.6,33.9,-2.2,9.9,-13.4,75.2,5.7,80.9,-4.8,,,85.7,0.0,85.7,0.0,,85.7,85.7,,144.2,0.59,0.56,0.56,144.7,0.59,0.56,0.56,
09/30/2002,725.6,512.7,,,,,,,,0.0,212.9,-200.4,162.8,96.2,66.6,37.6,,,525.2,-388.6,34.8,78.1,41.0,234.7,136.6,-19.1,,,6.9,40.2,32.9,-2.7,10.0,-14.2,117.5,-6.9,110.6,-8.3,,,118.9,0.0,118.9,0.0,,118.9,118.9,,156.1,0.76,0.71,0.71,156.1,0.76,0.71,0.71,
12/31/2002,665.9,449.1,,,,,,,,,216.8,-159.0,121.2,62.5,58.7,37.8,,,506.9,-441.4,46.4,70.4,44.3,280.3,65.5,-60.2,,,8.0,47.8,40.8,-3.0,10.0,20.4,5.3,31.5,36.8,-13.3,,,50.1,0.0,50.1,-215.8,0.0,-165.7,-165.7,,172.8,-0.958912,-1.03588,-1.03588,172.8,-0.958912,-1.03588,-1.03588,
03/31/2003,651.8,341.9,,,,126.9,,,,0.0,183.0,-161.3,90.5,51.1,39.4,70.8,,,490.5,-394.5,34.6,79.8,43.4,236.7,96.0,-155.3,,,7.6,64.5,57.4,-2.9,10.0,98.4,-59.3,39.0,-20.3,-23.0,,,2.7,0.0,2.7,0.0,,2.7,2.7,,175.9,0.01,-0.12,0.4,175.9,0.01,-0.12,0.4,
06/30/2003,695.3,407.8,,,,94.7,,,,0.0,192.8,-180.1,127.8,94.2,33.6,52.3,,,515.2,-432.8,36.6,96.4,43.8,256.0,82.4,-188.2,,,4.1,86.7,77.0,-1.6,11.3,105.6,-105.8,87.4,-18.4,106.9,,,-125.3,23.4,-101.9,0.0,,-101.9,-101.9,,176.4,-0.58,0.03,0.22,176.6,-0.58,0.03,0.22,
09/30/2003,759.1,456.2,,,,103.2,,,,0.0,199.7,-220.4,157.3,111.0,46.3,63.1,,,538.7,-435.5,35.5,86.9,45.2,267.9,103.2,-119.9,,,3.9,91.5,83.0,-1.5,10.0,32.3,-16.7,10.0,-6.7,24.1,,,-30.8,11.3,-19.5,0.0,,-19.5,-19.5,,179.5,-0.11,0.03,0.07,179.8,-0.11,0.03,0.07,
12/31/2003,261.900049,379.999976,,,,83.599994,,,,0.0,-201.700012,-173.199976,135.399991,88.599994,46.799997,37.8,,,88.700073,-22.8,29.899994,40.200006,39.7,-87.0,65.900012,182.400001,,,4.199999,57.3,50.200006,-1.6,8.7,-235.500002,248.300013,-60.3,188.0,1027.299976,,,-839.299963,14.099999,-825.200024,0.0,,-825.200024,-825.200024,,179.699997,-4.59,4.26,3.35,179.699997,-4.59,4.26,3.35,
03/31/2004,642.3,370.8,,,,117.8,,,,0.0,153.7,-208.8,149.9,120.8,29.1,58.9,,,433.5,-374.3,31.4,72.1,48.4,222.4,59.2,-45.0,,,0.7,88.6,88.9,-0.3,0.0,-42.9,14.2,-8.7,5.5,26.2,,,-20.7,23.2,2.5,0.0,,2.5,2.5,,188.0,0.01,0.15,0.17,188.6,0.01,0.15,0.17,
06/30/2004,713.0,429.6,,,,105.7,,,,0.0,177.7,-233.6,173.4,120.4,53.0,60.2,,,479.4,-396.8,33.6,73.5,49.2,240.5,82.6,-199.3,,,0.0,84.0,84.0,0.0,0.0,115.3,-116.7,15.8,-100.9,25.7,,,-126.6,18.4,-108.2,0.0,,-108.2,-108.2,,188.349,-0.57,-0.44,0.22,188.349,-0.57,-0.44,0.22,
09/30/2004,698.1,472.8,,,,92.3,,,,0.0,133.0,-259.2,207.0,153.9,53.1,52.2,,,438.9,-362.5,31.7,68.1,45.2,217.5,76.4,-30.4,,,0.0,75.2,75.2,0.0,0.0,-44.8,46.0,-19.5,26.5,4.5,,,22.0,19.3,41.3,0.0,0.0,41.3,41.3,,194.1,0.21,0.23,0.23,194.4,0.21,0.23,0.23,
12/31/2004,656.4,414.2,,,,101.4,,,,0.0,140.8,-233.6,178.7,141.6,37.1,54.9,,,422.8,-381.6,39.2,69.0,43.2,230.2,41.2,-670.5,,,0.0,77.9,77.9,0.0,0.0,592.6,-629.3,259.6,-369.7,136.4,,,-506.1,18.5,-487.6,0.0,0.0,-487.6,-487.6,,199.7,-2.44,-1.76,0.17,199.7,-2.44,-1.76,0.17,
03/31/2005,684.7,380.1,,,,142.7,,,,0.0,161.9,-239.0,155.5,114.6,40.9,83.5,,,445.7,-365.8,39.0,70.1,50.1,206.6,79.9,-23.2,,,0.0,75.5,75.5,0.0,0.0,-52.3,56.7,-27.8,28.9,18.8,,,10.1,22.6,32.7,0.0,0.0,32.7,32.7,,205.1,0.16,0.25,0.25,206.0,0.16,0.25,0.25,
06/30/2005,719.0,244.1,,,,113.0,,,,0.0,361.9,-239.1,172.7,127.8,44.9,66.4,,,479.9,-387.2,37.1,69.9,44.7,235.5,92.7,-99.9,,,0.0,76.4,76.4,0.0,0.0,23.5,-7.2,-4.0,-11.2,-82.8,,,71.6,23.6,95.2,0.0,0.0,95.2,95.2,,206.7,0.46,0.06,0.28,208.9,0.44,0.04,0.26,
09/30/2005,836.4,524.0,,,,139.2,,,,0.0,173.2,-321.7,225.0,120.4,104.6,96.7,,,514.7,-414.1,52.4,71.2,51.7,238.8,100.6,11.4,,,0.0,68.3,68.3,0.0,0.0,-79.7,112.0,-39.2,72.8,-0.1,,,72.9,21.7,94.6,0.0,0.0,94.6,94.6,,207.1,0.46,0.46,0.47,209.3,0.45,0.45,0.46,
12/05/2005,770.0,598.6,,,,154.6,,,,0.0,16.8,-281.2,177.6,98.3,79.3,103.6,,,488.8,-402.1,39.9,71.0,48.2,243.0,86.7,-22.4,,,0.0,68.5,68.5,0.0,0.0,-46.1,64.3,-30.9,33.4,0.6,,,32.8,19.2,52.0,0.0,0.0,52.0,52.0,,207.355,0.25,0.25,0.26,216.492,0.24,0.24,0.25,
03/31/2006,836.4,456.9,,,,186.2,,,,0.0,193.3,-340.1,217.3,182.8,34.5,122.8,,,496.3,-410.1,45.0,70.3,56.8,238.0,86.2,-30.2,,,0.2,69.0,69.1,-0.1,0.0,-38.6,56.0,-22.7,33.3,0.0,,,33.3,21.9,55.2,0.0,0.0,55.2,55.2,,207.5,0.27,0.27,0.29,208.7,0.26,0.26,0.28,
06/30/2006,862.6,533.1,,,,137.4,,,,0.0,192.1,-344.4,256.3,200.5,55.8,88.1,,,518.2,-410.6,49.9,70.6,53.4,236.7,107.6,-38.2,,,0.4,70.0,70.1,-0.1,0.0,-31.4,69.4,-27.3,42.1,-1.4,,,43.5,19.0,62.5,0.0,0.0,62.5,62.5,,207.7,0.3,0.29,0.25,208.6,0.3,0.29,0.25,
09/30/2006,922.9,602.3,,,,131.3,,,,0.0,189.3,-390.1,305.7,226.3,79.4,84.4,,,532.8,-402.5,41.5,70.1,55.5,235.4,130.3,-13.9,,,0.8,70.1,70.5,-0.4,0.0,-55.4,116.4,-42.7,73.7,0.0,,,73.7,6.0,79.7,0.0,0.0,79.7,79.7,,207.9,0.38,0.38,0.37,208.7,0.38,0.38,0.37,
12/31/2006,826.2,492.6,,,,122.7,,,,0.0,210.9,-315.4,245.4,193.8,51.6,70.0,,,510.8,-437.4,46.9,71.2,51.8,267.5,73.4,-21.7,,,1.3,69.2,69.7,-0.5,0.0,-46.2,51.7,-26.0,25.7,-0.5,,,26.2,22.7,48.9,0.0,0.0,48.9,48.9,,208.3,0.23,0.23,0.18,208.7,0.23,0.23,0.18,
03/31/2007,821.3,471.9,,,,169.2,,,,0.0,180.2,-350.4,242.7,189.1,53.6,107.7,,,470.9,-392.5,49.0,71.6,58.8,213.1,78.4,2.7,,,1.7,67.1,67.8,-0.7,0.0,-68.1,81.1,-31.8,49.3,0.0,,,49.3,23.5,72.8,0.0,0.0,72.8,72.8,,208.6,0.35,0.35,0.21,209.6,0.35,0.35,0.21,
06/30/2007,866.5,544.7,,,,143.2,,,,0.0,178.6,-369.3,276.8,207.3,69.5,92.5,,,497.2,-409.5,47.4,66.8,55.0,240.3,87.7,-23.3,,,1.1,65.7,66.1,-0.4,0.0,-41.3,64.4,-25.3,39.1,-14.3,,,53.4,20.3,73.7,0.0,0.0,73.7,73.7,,208.9,0.35,0.28,0.32,210.0,0.35,0.28,0.32,
09/30/2007,990.0,646.9,,,,145.5,,,,0.0,197.6,-434.8,335.6,251.1,84.5,99.2,,,555.2,-413.5,41.1,59.8,53.6,259.0,141.7,-22.1,,,0.7,63.9,64.2,-0.3,0.0,-41.1,119.6,-47.6,72.0,0.0,,,72.0,20.8,92.8,0.0,0.0,92.8,92.8,,209.2,0.44,0.44,0.37,210.0,0.44,0.44,0.37,
12/31/2007,858.3,524.9,,,,141.8,,,,0.0,191.6,-362.0,271.5,207.2,64.3,90.5,,,496.3,-388.8,46.0,65.5,50.9,226.4,107.5,158.3,,,1.0,61.1,61.4,-0.3,0.0,-218.4,265.8,-109.5,156.3,0.0,,,156.3,17.6,173.9,0.0,0.0,173.9,173.9,,209.4,0.84,0.84,0.25,210.4,0.83,0.83,0.24,
03/31/2008,791.7,461.5,,,,179.0,,,,0.0,151.2,-364.5,245.5,163.6,81.9,119.0,,,427.2,-349.6,46.0,65.0,54.9,183.7,77.6,-33.7,,,1.3,57.7,58.2,-0.5,0.0,-22.7,43.9,-13.1,30.8,0.0,,,30.8,0.0,30.8,0.0,0.0,30.8,30.8,,209.7,0.15,0.15,0.15,210.6,0.15,0.15,0.15,
06/30/2008,887.2,546.1,,,,184.3,,,,0.0,156.8,-425.9,292.1,176.2,115.9,133.8,,,461.3,-358.9,45.6,64.9,54.1,194.3,102.4,-28.6,,,1.7,55.9,56.6,-0.7,0.0,-25.6,73.8,-22.4,51.4,0.0,,,51.4,0.0,51.4,0.0,0.0,51.4,51.4,,210.4,0.24,0.24,0.24,212.1,0.24,0.24,0.24,
09/30/2008,926.1,601.8,,,,180.6,,,,0.0,143.7,-463.6,328.7,263.7,65.0,134.9,,,462.5,-346.0,41.4,66.7,52.1,185.8,116.5,-29.7,,,1.3,57.4,57.9,-0.5,0.0,-26.4,86.8,-28.6,58.2,0.0,,,58.2,0.0,58.2,0.0,0.0,58.2,58.2,,211.2,0.28,0.28,0.28,212.6,0.27,0.27,0.27,
12/31/2008,770.3,481.8,,,,144.5,,,,0.0,144.0,-347.4,258.5,215.9,42.6,88.9,,,422.9,-334.4,40.9,69.5,50.4,173.6,88.5,-36.2,,,2.0,57.9,58.6,-0.7,0.0,-19.7,52.3,-30.3,22.0,0.0,,,22.0,0.0,22.0,0.0,0.0,22.0,22.0,,211.3,0.1,0.1,0.2,211.8,0.1,0.1,0.2,
03/31/2009,824.0,507.6,507.6,,,153.0,153.0,,,0.0,163.4,-359.2,270.9,228.7,42.2,88.3,88.3,0.0,464.8,-382.1,52.4,69.7,60.4,199.6,82.7,-30.2,53.0,-3.3,3.3,56.3,57.6,-1.3,,-22.8,52.5,-17.8,34.7,0.0,0.0,0.0,34.7,0.0,34.7,0.0,0.0,34.7,29.6,-5.1,211.4,0.16,0.16,0.140019,212.2,0.16,0.16,0.135966,
06/30/2009,825.2,563.6,563.6,,,103.1,103.1,,,0.0,158.5,-332.5,281.6,225.5,56.1,50.9,50.9,0.0,492.7,-369.6,46.2,71.3,55.9,196.2,123.1,-34.9,53.9,-2.5,2.5,56.4,57.4,-1.0,,-19.0,88.2,-27.3,60.9,0.0,0.0,0.0,60.9,0.0,60.9,0.0,0.0,60.9,60.9,0.0,211.7,0.29,0.29,0.29,212.5,0.29,0.29,0.29,
09/30/2009,896.3,620.9,620.9,,,101.0,101.0,,,0.0,174.4,-347.3,299.8,253.5,46.3,47.5,47.5,0.0,549.0,-414.0,46.3,72.8,56.1,238.8,135.0,-42.3,54.8,-2.5,2.5,57.3,58.2,-0.9,,-12.5,92.7,-27.9,64.8,0.0,0.0,0.0,64.8,0.0,64.8,0.0,0.0,64.8,85.6,20.8,211.9,0.3,0.3,0.403964,213.2,0.3,0.3,0.397561,
12/31/2009,765.0,502.7,502.7,,,113.7,113.7,,,0.0,148.6,-291.2,235.2,202.2,33.0,56.0,56.0,0.0,473.8,-354.4,42.7,74.1,52.0,185.6,119.4,-40.3,56.0,-1.0,1.0,57.0,58.3,-1.3,,-15.7,79.1,-25.6,53.5,0.0,0.0,0.0,53.5,0.0,53.5,0.0,0.0,53.5,53.9,0.4,212.1,0.25,0.25,0.254125,213.7,0.25,0.25,0.251872,
03/31/2010,912.3,525.1,525.1,,,192.9,192.9,,,0.0,194.3,-337.2,221.2,164.0,57.2,116.0,116.0,0.0,575.1,-406.2,44.7,77.0,60.7,223.8,168.9,-78.6,58.3,-1.0,1.0,59.3,59.9,-0.6,,20.3,90.3,-34.3,56.0,0.0,0.0,0.0,56.0,-0.2,55.8,0.0,0.0,55.8,72.9,17.1,212.2,0.26,0.26,0.343544,213.9,0.26,0.26,0.339944,
06/30/2010,898.8,553.2,553.2,,,116.1,116.1,,,0.0,229.5,-293.9,234.5,185.4,49.1,59.4,59.4,0.0,604.9,-435.0,47.8,77.9,56.0,253.3,169.9,-58.1,57.9,-0.3,0.3,58.2,58.4,-0.2,,0.2,111.8,-36.1,75.7,0.0,0.0,0.0,75.7,-0.2,75.5,0.0,0.0,75.5,79.6,4.1,212.5,0.35,0.35,0.374588,214.7,0.35,0.35,0.369096,
09/30/2010,901.8,593.6,593.6,,,116.6,116.6,,,0.0,191.6,-330.7,269.7,224.5,45.2,61.0,61.0,0.0,571.1,-411.4,44.6,78.8,57.4,230.6,159.7,-43.1,57.1,-0.3,0.3,57.4,57.5,-0.1,,-14.0,116.6,-65.5,51.1,0.0,0.0,0.0,51.1,-0.1,51.0,0.0,0.0,51.0,74.1,23.1,212.8,0.24,0.24,0.348214,215.1,0.24,0.24,0.347392,
12/31/2010,775.0,491.3,491.3,,,104.3,104.3,,,0.0,179.4,-251.2,203.1,175.0,28.1,48.1,48.1,0.0,523.8,-395.5,47.7,79.2,53.3,215.3,128.3,-37.4,56.1,-0.3,0.3,56.4,56.6,-0.2,,-18.7,90.9,-34.1,56.8,0.0,0.0,0.0,56.8,-0.1,56.7,0.0,0.0,56.7,48.9,-7.8,212.9,0.27,0.27,0.229685,215.4,0.26,0.26,0.223788,
03/31/2011,796.1,433.2,433.2,,,156.1,156.1,,,0.0,206.8,-254.1,172.1,144.9,27.2,82.0,82.0,0.0,542.0,-411.1,48.8,79.8,58.7,223.8,130.9,-50.8,52.3,-0.3,0.3,52.6,52.8,-0.2,,-1.5,80.1,-28.4,51.7,0.0,0.0,0.0,51.7,,51.7,0.0,-0.3,51.4,51.4,0.0,213.0,0.24,0.24,0.24,215.0,0.24,0.24,0.24,
06/30/2011,885.7,546.5,,,,111.2,,,,0.0,228.0,-292.2,238.1,194.2,43.9,54.1,54.1,0.0,593.5,-422.4,48.5,81.2,55.5,237.2,171.1,-49.4,50.9,-0.3,0.3,51.2,51.3,-0.1,,-1.5,121.7,-44.1,77.6,0.0,0.0,0.0,77.6,-0.1,77.5,0.0,-0.4,77.1,77.1,0.0,213.6,0.36,0.36,0.36,215.2,0.36,0.36,0.36,
09/30/2011,877.8,591.9,591.9,,,92.0,92.0,,,0.0,193.9,-299.9,258.4,226.3,32.1,41.5,41.5,0.0,577.9,-396.6,,80.5,56.7,259.4,181.3,-46.3,48.6,-0.2,0.2,48.8,48.9,-0.1,,-2.3,135.0,-48.9,86.1,-4.1,-4.2,0.1,90.2,,90.2,0.0,-0.5,89.7,85.6,0.0,213.8,0.42,0.4,0.4,215.3,0.42,0.4,0.4,
12/31/2011,720.0,449.0,449.0,,,92.0,92.0,,,0.0,179.0,-221.5,188.7,166.0,22.7,32.8,32.8,0.0,498.5,-377.7,,79.3,53.7,244.7,120.8,-46.0,48.4,-0.2,0.2,48.6,48.8,-0.2,,-2.4,74.8,-27.5,47.3,-5.9,-6.0,0.1,53.2,,53.2,0.0,0.0,53.2,47.3,0.0,213.8,0.25,0.22,0.22,215.4,0.25,0.22,0.22,
03/31/2012,697.1,446.6,446.6,,,110.2,110.2,,,0.0,140.3,-227.3,185.7,157.5,28.2,41.6,41.6,0.0,469.8,-355.0,105.6,81.2,56.0,112.2,114.8,-46.1,47.9,-0.4,0.4,48.3,48.5,-0.2,,-1.8,68.7,-24.1,44.6,-5.9,-5.9,0.0,50.5,,50.5,0.0,-0.2,50.3,44.4,0.0,213.9,0.24,0.21,0.21,215.3,0.23,0.2,0.2,
06/30/2012,752.5,506.8,506.8,,,94.8,94.8,,,0.0,150.9,-235.5,199.1,167.9,31.2,36.4,36.4,0.0,517.0,-367.9,,82.3,56.5,229.1,149.1,-46.1,47.4,-0.5,0.5,47.9,48.2,-0.3,,-1.3,103.0,-37.4,65.6,-7.5,-7.6,0.1,73.1,,73.1,0.0,-0.2,72.9,65.4,0.0,214.3,0.34,0.3,0.3,215.2,0.34,0.3,0.3,
09/30/2012,858.6,506.8,506.8,,,94.8,94.8,,,0.0,257.0,-275.4,234.9,209.1,25.8,40.5,40.5,0.0,583.2,-400.1,,83.4,58.3,258.4,183.1,-41.2,43.9,-0.7,0.7,44.6,45.0,-0.4,,-2.7,141.9,-51.7,90.2,46.2,46.1,0.1,44.0,,44.0,0.0,-0.3,43.7,89.9,0.0,214.5,0.2,0.42,0.42,215.4,0.2,0.42,0.42,
12/31/2012,688.4,452.7,452.7,,,98.7,98.7,,,0.0,137.0,-217.5,180.3,160.2,20.1,37.2,37.2,0.0,470.9,-361.4,,83.7,51.5,226.2,109.5,-39.3,41.7,-1.0,1.0,42.7,43.3,-0.6,,-2.4,70.2,-24.6,45.6,0.5,0.5,0.0,45.1,0.0,45.1,0.0,0.0,45.1,46.38,0.78,214.5,0.21,0.21,0.216224,215.0,0.21,0.21,0.213628,
03/31/2013,661.1,418.0,418.0,,,121.9,121.9,,,0.0,121.2,-204.1,154.6,140.0,14.6,49.5,49.5,0.0,457.0,-352.9,96.8,82.0,53.3,120.8,104.1,-39.7,41.3,-1.1,1.1,42.4,43.0,-0.6,,-1.6,64.4,-23.2,41.2,-0.3,-0.3,0.0,41.5,0.0,41.5,0.0,-0.1,41.4,41.1,0.0,214.6,0.19,0.19,0.19,215.6,0.19,0.19,0.19,
06/30/2013,735.9,502.9,502.9,,,101.8,101.8,,,0.0,131.2,-235.7,195.0,174.5,20.5,40.7,40.7,0.0,500.2,-380.7,,83.9,53.6,243.2,119.5,-39.7,41.3,-1.4,1.4,42.7,43.5,-0.8,,-1.6,79.8,-28.2,51.6,0.2,0.2,0.0,51.4,0.0,51.4,0.0,-0.2,51.2,53.2,1.8,215.0,0.24,0.24,0.247442,215.5,0.24,0.24,0.247442,
09/30/2013,642.1,556.2,556.2,,,83.1,83.1,,,0.0,2.8,-245.2,218.5,202.8,15.7,26.7,26.7,0.0,396.9,-255.2,,76.1,48.6,130.5,141.7,-38.5,38.1,-1.8,1.8,39.9,40.9,-1.0,,0.4,103.2,-38.9,64.3,1.5,1.5,0.0,62.8,0.0,62.8,0.0,0.0,62.8,66.4,2.1,215.2,0.29,0.3,0.30855,215.6,0.29,0.3,0.30855,
12/31/2013,688.4,473.0,473.0,,,86.4,86.4,,,0.0,129.0,-202.1,176.8,162.9,13.9,25.3,25.3,0.0,486.3,-386.7,,78.2,52.3,256.2,99.6,-37.6,38.3,-2.0,2.0,40.3,41.4,-1.1,,-0.7,62.0,-19.9,42.1,0.1,0.1,0.0,42.0,0.0,42.0,0.0,0.0,42.0,44.4,2.3,215.2,0.2,0.2,0.20632,215.7,0.2,0.2,0.20632,
03/31/2014,578.0,453.16,431.94,6.969,14.251,120.582,71.65,32.946,15.986,0.0,4.258,-214.9,167.8,149.6,18.2,47.1,47.1,0.0,363.1,-247.5,,75.9,47.8,123.8,115.6,-38.1,37.2,-2.4,2.4,39.6,41.0,-1.4,,0.9,77.5,-29.1,48.4,-1.7,-1.7,0.0,50.1,0.0,50.1,0.0,0.0,50.1,50.5,2.1,215.2,0.23,0.22,0.234665,215.7,0.23,0.22,0.229736,
06/30/2014,605.7,483.55,482.384,1.166,,120.05,103.7,4.109,12.241,0.0,2.1,-218.7,189.6,169.7,19.9,29.1,29.1,0.0,387.0,-256.0,,75.5,48.1,132.4,131.0,-38.2,38.7,-2.0,2.0,40.7,41.4,-0.7,,-0.5,92.8,-35.2,57.6,-0.8,0.0,-0.8,58.4,0.0,58.4,0.0,0.0,58.4,60.3,2.7,215.4,0.27,0.27,0.279944,215.9,0.27,0.27,0.279944,
09/30/2014,687.2,581.5,581.5,,,86.9,86.9,,,0.0,18.8,-259.8,225.5,204.5,21.0,34.3,34.3,0.0,427.4,-281.7,,78.6,50.4,152.7,145.7,-39.0,40.0,-2.9,2.9,42.9,44.4,-1.5,,-1.0,106.7,-33.7,73.0,61.9,61.9,0.0,11.1,0.0,11.1,0.0,0.0,11.1,73.9,0.9,227.8,0.04,0.32,0.324407,228.3,0.04,0.32,0.323942,
12/31/2014,695.5,473.0,473.0,,,219.8,219.8,,,0.0,2.7,-280.0,180.8,168.5,12.3,99.2,99.2,0.0,415.5,-303.4,,85.3,48.7,169.4,112.1,-43.8,44.7,-3.2,3.2,47.9,49.6,-1.7,,-0.9,68.3,-40.9,27.4,16.6,16.6,0.0,10.8,0.0,10.8,0.0,0.0,10.8,45.0,17.6,232.5,0.04,0.11,0.193548,233.1,0.04,0.11,0.185504,
03/31/2015,693.0,450.555,425.098,1.885,23.572,238.924,180.625,40.687,17.612,0.0,3.521,-264.2,161.2,144.1,17.1,103.0,103.0,0.0,428.8,-282.6,,85.5,51.8,145.3,146.2,-42.5,44.1,-3.8,3.8,47.9,49.8,-1.9,,-1.6,103.7,-39.9,63.8,5.8,5.8,0.0,58.0,0.0,58.0,0.0,0.0,58.0,64.5,0.7,232.8,0.25,0.27,0.277062,233.5,0.25,0.27,0.272998,
06/30/2015,680.6,532.497,508.94,0.987,22.57,145.292,100.272,32.413,12.607,0.0,2.811,-240.5,191.4,171.8,19.6,49.1,49.1,0.0,440.1,-296.8,,87.0,53.3,156.5,143.3,-41.3,42.7,-3.7,3.7,46.4,48.2,-1.8,,-1.4,102.0,-40.5,61.5,49.7,49.7,0.0,11.8,0.0,11.8,0.0,0.0,11.8,61.9,0.4,233.0,0.05,0.26,0.265665,233.6,0.05,0.26,0.261712,
09/30/2015,693.8,560.152,563.733,0.195,-3.776,130.977,87.289,30.909,12.779,0.0,2.671,-242.4,200.4,176.6,23.8,42.0,42.0,0.0,451.4,-304.8,,87.8,51.5,165.5,146.6,-40.0,41.4,-4.7,4.7,46.1,48.4,-2.3,,-1.4,106.6,-41.7,64.9,11.7,11.7,0.0,53.2,0.0,53.2,0.0,0.0,53.2,77.3,12.4,233.2,0.23,0.28,0.331475,234.7,0.23,0.28,0.331475,
12/31/2015,676.1,475.067,487.848,0.654,-13.435,197.655,147.435,36.482,13.738,0.0,3.378,-242.0,164.5,146.1,18.4,77.5,77.5,0.0,434.1,-308.1,,88.7,50.8,168.6,126.0,-41.8,40.8,-5.2,5.2,46.0,48.7,-2.7,,1.0,84.2,-33.2,51.0,0.5,0.5,0.0,50.5,0.0,50.5,0.0,0.0,50.5,52.5,1.5,233.4,0.21,0.22,0.224936,234.9,0.21,0.22,0.224936,
03/31/2016,659.5,424.508,428.31,1.399,-5.201,234.777,173.766,42.939,18.072,0.0,0.215,-226.4,129.6,115.2,14.4,96.8,96.8,0.0,433.1,-285.0,,89.8,52.9,142.3,148.1,-38.7,40.2,-5.7,5.7,45.9,48.9,-3.0,,-1.5,109.4,-35.7,73.7,-0.1,-0.1,0.0,73.8,0.0,73.8,0.0,0.0,73.8,73.8,0.1,234.0,0.31,0.31,0.315385,235.2,0.31,0.31,0.310425,
06/30/2016,652.3,498.0,485.5,0.7,11.8,151.4,103.4,33.6,14.4,0.0,2.9,-216.0,165.2,137.4,27.8,50.8,50.8,0.0,436.3,-369.6,,90.2,52.0,227.4,66.7,-36.9,37.9,-5.9,5.9,43.8,46.7,-2.9,,-1.0,29.8,-24.3,5.5,0.2,0.2,0.0,5.3,0.0,5.3,0.0,0.0,5.3,63.9,58.4,234.3,0.03,0.03,0.272727,235.5,0.03,0.03,0.272727,
09/30/2016,726.7,585.2,570.1,2.0,13.1,138.6,99.5,32.3,6.8,0.0,2.9,-265.0,211.8,173.5,38.3,53.2,53.2,0.0,461.7,-339.8,,92.0,56.3,191.5,121.9,-35.3,37.4,-6.5,6.5,43.9,47.1,-3.2,,-2.1,86.6,-17.2,69.4,0.0,0.0,0.0,69.4,0.0,69.4,0.0,0.0,69.4,94.035,24.635,,,,,,,,,
