Date,Revenue,Revenue From Electric,Regulated Electric Revenue,Unregulated Electric Revenue,Other Electric Revenue,Revenue from Gas,Regulated Gas Revenue,Unregulated Gas Revenue,Other Gas Revenue,Revenue from Water,Other Revenue,Cost of Revenue,Fuel & Purchased Power Cost,Fuel Cost,Purchased Power Cost,Purchased Gas & Water Cost,Other Cost of Revenue,Gross Profit,Operating Expenses,Maintenance Expenses,Depreciation Expenses,Taxes Other Than Income,Other Operating Expense,Operating Income (Loss),Non-Operating (Income) Loss,"Interest Expense, Net",Total Interest Income,AFUDC - Equity,Interest Income,Interest Expense,Interest Expenses on Bonds,AFUDC - Debts,Other Interest Expenses,Other Non-Op (Income) Loss,Pretax Income,Income Tax Expense (Benefit),Income (Loss) from Cont Ops,Net Extraordinary Losses (Gains),Discontinued Operations,XO & Accounting Changes,Income (Loss) Incl. MI,Minority Interest,"Net Income, GAAP",Preferred Dividends,Other Adjustments,"Net Income Avail to Common, GAAP","Net Income Avail to Common, Adj",Net Abnormal Losses (Gains),Basic Weighted Avg Shares,"Basic EPS, GAAP",Basic EPS from Cont Ops,"Basic EPS from Cont Ops, Adjusted",Diluted Weighted Avg Shares,"Diluted EPS, GAAP",Diluted EPS from Cont Ops,"Diluted EPS from Cont Ops, Adjusted",Source: Bloomberg
03/31/1990,167.283005,112.587997,,,,54.695,,,,0.0,0.0,-80.903999,41.701,34.923,6.778,39.202999,,86.379005,-59.265999,10.607,13.649,5.749,29.261,27.113001,-5.323,,,0.112,,6.319,5.315,-0.059,1.063,-0.884,21.790001,-7.373,14.417,0.0,,,14.417001,0.0,14.417,-0.826,,13.591,13.591,,22.889,0.59,0.59,0.59,22.889,0.59,0.59,0.59,
06/30/1990,131.459,107.492996,,,,23.966,,,,0.0,0.0,-52.425999,36.79,28.525,8.265,15.636,,79.033001,-62.779999,13.072,13.774,5.783,30.150999,16.253,-5.281,,,0.164,,6.082,5.281,-0.085,0.886,-0.637,10.972001,-3.02,7.952,0.0,,,7.952001,0.0,7.952,-0.826,,7.126,7.126,,22.889,0.31,0.31,0.31,22.889,0.31,0.31,0.31,
09/30/1990,131.973999,115.865997,,,,16.108,,,,0.0,0.0,-49.848,39.426999,33.411999,6.015,10.421,,82.125999,-57.094002,9.995,13.913,5.754,27.431999,25.032,-5.622,,,0.158,,6.284,5.416,-0.085,0.953,-0.504,19.41,-6.481,12.929,0.0,,,12.929,0.0,12.929,-0.826,,12.103,12.103,,22.889,0.53,0.53,0.53,22.889,0.53,0.53,0.53,
12/31/1990,158.257004,112.958,,,,45.299,,,,0.0,0.0,-71.202003,39.018999,32.931999,6.087,32.182999,,87.055,-61.119999,10.591,14.027,5.852,30.65,25.934999,-5.362,,,0.017,,6.199,5.277,-0.077,0.999,-0.82,20.573,-6.848,13.725,0.0,,,13.725,0.0,13.725,-0.815,,12.91,12.91,,22.889,0.57,0.57,0.57,22.889,0.57,0.57,0.57,
03/31/1991,181.341995,117.023003,,,,64.319,,,,0.0,0.0,-88.351997,42.735001,34.444,8.291,45.617001,,92.989998,-63.893002,12.18,13.643,5.766,32.304001,29.097,-5.12,,,0.047,,6.175,5.279,-0.057,0.953,-1.008,23.977,-7.646,16.330999,0.0,,,16.331,0.0,16.330999,-0.809,,15.521999,15.521999,,22.889,0.68,0.68,0.68,22.889,0.68,0.68,0.68,
06/30/1991,137.429993,115.137001,,,,22.292999,,,,0.0,0.0,-55.188999,41.302999,31.664,9.639,13.886,,82.240993,-67.502998,14.827,13.897,5.85,32.929001,14.738,-4.718,,,0.043,,5.89,5.146,-0.059,0.803,-1.129,10.02,-3.275,6.745,0.0,,,6.745,0.0,6.745,-0.809,,5.936,5.936,,22.889,0.26,0.26,0.26,22.889,0.26,0.26,0.26,
09/30/1991,139.835007,122.803001,,,,17.032,,,,0.0,0.0,-50.695999,39.908999,31.785,8.124,10.787,,89.139008,-59.457001,9.738,13.98,5.672,30.066999,29.681999,-5.511,,,0.02,,5.937,5.236,-0.038,0.739,-0.406,24.170999,-8.175,15.996,0.0,,,15.995999,0.0,15.996,-0.809,,15.187,15.187,,22.889,0.66,0.66,0.66,22.889,0.66,0.66,0.66,
12/31/1991,164.891998,116.314003,,,,48.577999,,,,0.0,0.0,-72.891998,39.992999,33.160999,6.832,32.898998,,92.0,-64.911003,11.478,14.167,5.746,33.52,27.089001,-5.029,,,0.003,,6.84,6.466,-0.039,0.413,-1.808,22.060001,-6.96,15.1,0.0,,,15.1,0.0,15.1,-0.81,,14.29,14.29,,22.889,0.63,0.63,0.63,22.889,0.63,0.63,0.63,
03/31/1992,175.966003,119.226997,,,,56.738998,,,,0.0,0.0,-78.444,39.224999,30.868999,8.356,39.219002,,97.522003,-66.179001,11.143,14.294,6.057,34.685001,31.343,-4.028,,,0.101,,6.676,6.416,-0.078,0.338,-2.547,27.315,-8.862,18.452999,0.0,,,18.453,0.0,18.452999,-0.809,,17.643999,17.643999,,22.889,0.77,0.77,0.77,22.889,0.77,0.77,0.77,
06/30/1992,144.395996,115.709,,,,28.687,,,,0.0,0.0,-59.457001,39.834,31.795,8.039,19.622999,,84.938995,-68.382004,12.41,14.477,6.238,35.257,16.556999,-5.237,,,0.175,,6.661,6.416,-0.152,0.397,-1.249,11.319999,-3.606,7.714,0.0,,,7.713999,0.0,7.714,-0.809,,6.905,6.905,,22.945999,0.3,0.3,0.3,22.945999,0.3,0.3,0.3,
09/30/1992,141.289001,121.226997,,,,20.062,,,,0.0,0.0,-54.290001,40.645001,33.435001,7.21,13.645,,86.999001,-63.856998,11.178,15.168,6.208,31.302999,23.142,-4.642,,,0.183,,6.615,6.416,-0.138,0.337,-1.79,18.5,-5.909,12.591,0.0,,,12.591,0.0,12.591,-0.809,,11.782,11.782,,23.747999,0.5,0.5,0.5,23.747999,0.5,0.5,0.5,
12/31/1992,173.151001,121.461998,,,,51.688999,,,,0.0,0.0,-71.158997,33.756,27.767,5.989,37.403,,101.992004,-66.682999,11.705,14.653,5.956,34.368999,35.308998,-6.12,,,0.035,,6.645,6.414,-0.174,0.405,-0.49,29.188998,-9.945,19.243999,0.0,,,19.243998,0.0,19.243999,-0.81,,18.433999,18.433999,,23.808001,0.78,0.78,0.78,23.808001,0.78,0.78,0.78,
03/31/1993,189.003006,123.440002,,,,65.563004,,,,0.0,0.0,-83.710999,39.047999,30.921,8.127,44.662998,,105.292007,-69.903999,11.702,15.386,6.228,36.588001,35.388,-4.874,,,0.098,,6.62,6.366,-0.135,0.389,-1.648,30.514001,-9.534,20.98,0.0,,,20.98,0.0,20.98,-0.809,,20.171,20.171,,23.861,0.85,0.85,0.85,23.861,0.85,0.85,0.85,
06/30/1993,157.692001,119.699997,,,,37.992001,,,,0.0,0.0,-64.149002,36.049999,27.914,8.136,28.099001,,93.542999,-70.845001,12.865,15.025,6.302,36.653,22.698,-4.92,,,0.155,,6.469,6.233,-0.124,0.36,-1.394,17.778,-6.047,11.731,0.0,,,11.731,0.0,11.731,-0.848,,10.883,10.883,,23.896999,0.45,0.45,0.45,23.896999,0.45,0.45,0.45,
09/30/1993,156.309998,128.598007,,,,27.712,,,,0.0,0.0,-56.629002,36.002999,30.007999,5.995,20.625999,,99.680996,-67.689003,10.732,15.054,6.354,35.549,31.992001,-5.54,,,0.016,,6.356,5.883,-0.098,0.375,-0.8,26.452001,-9.904,16.548,0.0,,,16.548001,0.0,16.548,-0.875,,15.673,15.673,,23.896,0.66,0.66,0.66,23.896,0.66,0.66,0.66,
12/31/1993,177.626999,121.517998,,,,56.109001,,,,0.0,0.0,-73.612,33.653,25.208,8.445,39.959,,104.014999,-77.241997,16.298,15.144,6.32,39.48,26.773001,-6.778,,,0.018,,6.31,5.911,-0.039,0.438,0.486,19.995001,-7.054,12.941,0.0,,,12.941001,0.0,12.941,-0.779,,12.162,12.162,,23.896999,0.51,0.51,0.51,23.896999,0.51,0.51,0.51,
03/31/1994,200.729996,123.609001,,,,77.121002,,,,0.0,0.0,-92.833,39.467,28.174,11.293,53.366001,,107.896996,-68.329002,11.496,14.192,6.536,36.105,39.568001,-5.184,,,0.02,,6.414,5.955,-0.035,0.494,-1.21,34.384001,-12.009,22.375,0.0,,,22.375001,0.0,22.375,-0.778,,21.597,21.597,,23.896999,0.9,0.9,0.9,23.896999,0.9,0.9,0.9,
06/30/1994,147.569,115.892998,,,,31.676001,,,,0.0,0.0,-57.549,36.587,28.128,8.459,20.962,,90.02,-72.177002,14.316,13.874,6.451,37.535999,17.843,-5.106,,,0.023,,6.253,5.887,-0.027,0.393,-1.124,12.737001,-4.549,8.188,0.0,,,8.188001,0.0,8.188,-0.778,,7.41,7.41,,23.896999,0.31,0.31,0.31,23.896999,0.31,0.31,0.31,
09/30/1994,152.257004,124.339996,,,,27.917,,,,0.0,0.0,-59.660999,38.172,29.177,8.995,21.489,,92.596004,-67.341003,9.877,14.042,6.544,36.877998,25.254999,-4.71,,,0.04,,6.209,5.77,-0.038,0.477,-1.459,20.544999,-6.817,13.728,0.0,,,13.727999,0.0,13.728,-0.778,,12.95,12.95,,23.896999,0.54,0.54,0.54,23.896999,0.54,0.54,0.54,
12/31/1994,173.238998,116.973999,,,,56.264999,,,,0.0,0.0,-76.612999,35.416,25.532,9.884,41.196999,,96.625999,-73.481003,14.294,14.257,6.532,38.397999,23.145,-5.483,,,0.025,,6.188,5.795,-0.039,0.432,-0.68,17.662,-6.151,11.511,0.0,,,11.511,0.0,11.511,-0.777,,10.734,10.734,,23.896999,0.51,0.51,0.51,23.896999,0.51,0.51,0.51,
03/31/1995,187.710999,121.099998,,,,66.611,,,,0.0,0.0,-81.111,36.2,24.118999,12.081,44.910999,,106.599998,-72.328003,13.276,16.575001,6.482,35.994999,34.271999,-2.356,,,0.025,,6.408,5.931,-0.033,0.51,-4.027,31.915999,-10.9,21.016001,0.0,,,21.016,0.0,21.016001,-0.778,,20.238001,20.238001,,23.896999,0.85,0.85,0.85,23.896999,0.85,0.85,0.85,
06/30/1995,162.153,117.417999,,,,44.735001,,,,0.0,0.0,-70.746002,36.784,26.388,10.396,33.962002,,91.406998,-77.249001,15.262,15.837,6.366,39.784,14.158,-4.419,,,0.048,,6.354,5.796,-0.048,0.606,-1.887,9.739,-3.095,6.644,0.0,,,6.644,0.0,6.644,-0.778,,5.866,5.866,,23.896999,0.24,0.24,0.24,23.896999,0.24,0.24,0.24,
09/30/1995,166.748001,130.800003,,,,35.948002,,,,0.0,0.0,-66.237999,38.543999,28.653999,9.89,27.694,,100.510002,-67.817001,10.288,16.579,6.567,34.382999,32.693001,-7.154,,,0.054,,6.306,5.654,,0.62,0.902,25.539001,-8.997,16.51,0.0,,,16.542001,0.0,16.51,-0.778,,15.732,15.732,,23.896999,0.66,0.66,0.66,23.896999,0.66,0.66,0.66,
12/31/1995,203.235992,119.681999,,,,82.630997,,,,0.0,0.923,-96.592003,32.923001,25.697001,7.226,63.668999,,106.643989,-79.360001,11.935,16.636,6.506,44.283001,27.284,-5.184,,,0.043,,6.327,5.478,-0.019,0.868,-1.1,22.1,-7.816,14.284,0.0,,,14.284,0.0,14.284,-0.777,,13.507,13.507,,23.896999,0.57,0.57,0.57,23.896999,0.57,0.57,0.57,
03/31/1996,251.337006,122.564003,,,,128.289001,,,,0.0,0.484,-137.789001,33.648,26.549,7.099,104.140999,,113.548004,-72.549004,9.248,16.507999,6.846,39.946999,40.999001,-4.73,,,0.037,,6.085,5.409,-0.032,0.708,-1.318,36.269,-11.971,24.298,0.0,,,24.298001,0.0,24.298,-0.778,,23.52,23.52,,23.896,0.98,0.98,0.98,23.896,0.98,0.98,0.98,
06/30/1996,181.628006,116.928001,,,,40.271,,,,0.0,24.429001,-61.721001,33.501999,24.268999,9.233,28.219,,119.907005,-99.301003,12.525,16.032,6.55,64.194,20.606001,-4.12,,,0.033,,5.966,5.432,-0.032,0.566,-1.813,16.486001,-5.588,10.898,0.0,,,10.898001,0.0,10.898,-0.778,,10.12,10.12,,23.893,0.42,0.42,0.42,23.893,0.42,0.42,0.42,
09/30/1996,178.979996,129.481995,,,,49.275002,,,,0.0,0.223,-80.277,37.531,27.593,9.938,42.745998,,98.702995,-76.186996,11.425,16.176001,6.802,41.784,22.516001,-6.203,,,0.035,,6.061,5.346,-0.028,0.743,0.177,16.313001,-5.15,11.163,0.0,,,11.163001,0.0,11.163,-0.778,,10.385,10.385,,23.893,0.43,0.43,0.43,23.893,0.43,0.43,0.43,
12/31/1996,246.309006,121.531998,,,,,,,,0.0,124.777,-38.473999,38.474,27.007,11.467,,,207.835007,-193.613998,15.608,16.462,6.67,154.873993,14.221,-8.413,,,0.034,,6.888,5.345,-0.036,1.579,1.559,5.808,-1.649,4.159,0.0,,,4.159,0.348,4.507,-0.777,,3.73,3.73,,23.885,0.17,0.17,0.17,23.885,0.17,0.17,0.17,
03/31/1997,263.013,122.963997,,,,84.580002,,,,0.0,55.469002,-102.814003,41.301001,27.145,14.156,61.513,,160.198997,-126.929001,9.468,17.927,6.939,92.595001,33.27,-5.335,,,0.035,,6.518,5.524,-0.034,1.028,-1.148,27.935,-9.203,18.732,0.0,,,18.732,0.281,19.013,-0.778,,18.235,18.235,,23.879999,0.76,0.76,0.76,23.879999,0.76,0.76,0.76,
06/30/1997,191.360001,118.263,,,,39.326,,,,0.0,33.771,-65.387001,39.407001,24.506001,14.901,25.98,,125.973,-110.352997,13.409,19.716,6.92,70.307999,15.62,-0.59,,,0.033,,6.187,5.655,-0.03,0.562,-5.564,15.03,-4.866,10.164,0.0,,,10.164,0.185,10.349,-0.778,,9.571,9.571,,23.875,0.4,0.4,0.4,23.875,0.4,0.4,0.4,
09/30/1997,198.843002,138.026001,,,,25.518,,,,0.0,35.299,-59.709,42.586,29.124001,13.462,17.122999,,139.134003,-111.362999,10.372,21.556,7.643,71.792,27.771,-5.993,,,0.034,,7.638,6.641,-0.025,1.022,-1.611,21.778,-8.381,13.397,0.0,,,13.397,0.143,13.54,-0.784,,12.756,12.756,,26.525,0.481,0.481,0.481,26.525,0.481,0.481,0.481,
12/31/1997,238.742004,113.752998,,,,61.666,,,,0.0,63.323002,-77.305,34.165999,26.934999,7.231,43.139,,161.437004,-136.628006,9.081,19.827999,6.177,101.542,24.809,-3.928,,,0.027,,7.223,5.496,-0.011,1.738,-3.268,20.881,-7.259,13.622,0.0,,,13.622,0.188,13.81,-0.777,,13.033,13.033,,23.865999,0.55,0.55,0.55,23.865999,0.55,0.55,0.55,
03/31/1998,291.226013,127.223,,,,65.484001,,,,0.0,98.518997,-81.004997,37.995001,25.648001,12.347,43.009998,,210.221016,-176.718002,10.598,21.659,8.257,136.203995,33.502998,-4.861,,,0.029,,7.321,6.381,-0.011,0.951,-2.431,28.641998,-10.119,18.523001,0.0,,,18.522998,0.212,18.735001,-0.783,,17.952001,17.952001,,26.516001,0.68,0.68,0.68,26.516001,0.68,0.68,0.68,
06/30/1998,232.054001,137.490997,,,,24.388,,,,0.0,70.175003,-55.124001,42.135,26.905001,15.23,12.989,,176.93,-155.300003,16.348,21.256001,8.112,109.584,21.629999,-5.484,,,0.039,,7.316,6.341,-0.027,1.002,-1.793,16.145999,-4.9,11.246,0.0,,,11.245999,0.003,11.249,-0.784,,10.465,10.465,,26.511999,0.39,0.39,0.39,26.511999,0.39,0.39,0.39,
09/30/1998,247.927994,146.007004,,,,25.889999,,,,0.0,76.030998,-63.105999,45.871,31.499001,14.372,17.235001,,184.821995,-157.214996,9.313,21.229,7.798,118.875,27.607,-8.045,,,0.068,,7.107,5.664,-0.057,1.5,1.006,19.562,-6.547,13.015,0.0,,,13.015001,0.18,13.195,-1.396,,11.799,11.799,,26.509001,0.445,0.445,0.445,26.509001,0.445,0.445,0.445,
12/31/1998,292.528015,132.539001,,,,49.348999,,,,0.0,110.639999,-73.929001,41.255,26.757,14.498,32.674,,218.599014,-201.294998,16.554001,22.129999,7.735,154.876007,17.304001,-7.569,,,0.037,,6.893,5.601,-0.082,1.374,0.713,9.735001,-1.879,7.856,0.0,,,7.856001,0.216,8.072,-1.657,,6.415,6.415,,26.504999,0.24,0.24,0.24,26.504999,0.24,0.24,0.24,
03/31/1999,329.834015,142.393005,,,,68.299004,,,,0.0,119.141998,-84.689003,44.405001,26.533001,17.872,40.284,,245.145012,-203.699005,14.616,20.219,8.461,160.403,41.445999,-4.633,,,0.196,,7.144,6.402,-0.177,0.919,-2.315,36.812999,-12.623,24.190001,0.0,,,24.189999,0.215,24.405001,-1.653,,22.752001,22.752001,,26.52,0.86,0.86,0.86,26.52,0.86,0.86,0.86,
06/30/1999,221.552002,136.925003,,,,34.556,,,,0.0,50.070999,-63.848,43.161001,26.582001,16.579,20.687,,157.704002,-137.625,16.229,20.535999,8.4,92.459999,20.079,-3.554,,,0.306,,7.153,6.339,-0.248,1.062,-3.293,16.525001,-4.879,11.646,0.0,,,11.646,0.048,11.694,-1.653,,10.041,10.041,,26.601,0.38,0.38,0.38,26.601,0.38,0.38,0.38,
09/30/1999,251.005005,162.951996,,,,30.528999,,,,0.0,57.523998,-80.455002,58.780998,33.412998,25.368,21.674,,170.550003,-142.990005,15.478,21.349001,8.262,97.901001,27.559999,-6.764,,,-0.015,,8.115,6.448,-1.532,3.199,-1.366,20.796,-5.325,15.471,0.0,,,15.471,0.0,15.471,-1.652,,13.819,13.819,,26.681999,0.52,0.52,0.52,26.681999,0.52,0.52,0.52,
12/31/1999,296.149017,140.201004,,,,58.136993,,,,0.0,97.811005,-77.29599,41.052002,27.251999,13.800003,36.243999,,218.853027,-188.201004,14.241484,21.640003,6.695001,145.625,30.652,-8.868002,,,0.229,,10.356002,7.973001,-0.944,3.327,-1.259,21.783998,-6.913999,14.870002,0.0,,,14.869999,-0.263,14.607001,-1.654,,12.953001,12.953001,,26.768,0.48,0.48,0.48,26.768,0.48,0.48,0.48,
03/31/2000,398.848999,153.431,,,,76.186996,,,,0.0,169.231003,-91.299004,43.893,28.219999,15.673,47.405998,,307.549995,-264.816986,16.732,27.17,9.268,211.647003,42.733002,-4.611,,,0.368,,11.175,8.842,-1.104,3.437,-6.196,38.122002,-7.237,30.885,0.0,,,30.885002,0.0,30.885,-1.653,,29.232,29.232,,26.634001,1.1,1.1,1.1,26.634001,1.1,1.1,1.1,
06/30/2000,374.673,150.523,,,,44.002,,,,0.0,180.148,-76.166,50.29,30.02,20.27,25.876,,298.507,-285.503,21.148,27.752,8.506,228.097,13.004,1.532,,,0.399,,12.007,10.7,-0.826,2.133,-13.14,14.536,-1.529,13.007,0.0,,,13.007,0.0,13.007,-1.652,,11.355,11.355,,26.398,0.43,0.43,0.43,26.398,0.43,0.43,0.43,
09/30/2000,456.88501,162.705994,,,,38.563999,,,,0.0,255.615005,-81.425003,53.962999,36.238998,17.724001,27.462,,375.460007,-345.636993,17.153999,24.525,8.235,295.722992,29.823,-12.199,,,0.466,,13.232,11.164,-0.431,2.499,-0.567,17.624,-3.105,14.519,0.0,,,14.519,0.0,14.519,-1.652,,12.867,12.867,,26.407,0.49,0.49,0.49,26.407,0.49,0.49,0.49,
12/31/2000,719.412964,157.126022,,,,105.766022,,,,0.0,456.521057,-130.39798,50.834005,35.028008,15.805998,79.564003,,589.014984,-563.499084,17.996998,20.395002,7.790001,517.317078,25.516001,-16.187999,,,0.479,,14.365998,10.970999,-0.391,3.786,2.301001,9.328002,5.866,15.194003,0.0,,,15.194002,0.0,15.194003,-1.655,,13.539003,13.539003,,26.413,0.51,0.51,0.51,26.413,0.51,0.51,0.51,
03/31/2001,997.434998,164.552002,,,,162.507004,,,,0.0,670.375977,-184.658005,56.046,33.701,22.344999,128.612,,812.776993,-775.995972,15.193,19.197001,8.956,732.650024,36.780998,-10.511,,,0.406,,14.353,10.954,-0.474,3.873,-3.436,26.269999,-1.063,25.207001,0.0,,,25.206999,0.0,25.207001,-1.654,,23.553001,23.553001,,26.455999,0.89,0.89,0.89,26.455999,0.89,0.89,0.89,
06/30/2001,577.167,155.899,,,,51.581,,,,0.0,369.687,-81.681,48.967,27.106,21.861,32.714,,495.486,-476.328,19.296,20.33,8.989,427.713,19.158,-10.441,,,0.48,,13.443,11.249,-0.518,2.712,-2.522,8.717,4.601,13.318,0.0,,,13.318,0.0,13.318,-1.653,,11.665,11.665,,28.573,0.41,0.41,0.41,28.573,0.41,0.41,0.41,
09/30/2001,517.099976,186.100006,,,,35.299999,,,,0.0,295.700012,-366.0,366.0,366.0,,,,151.099976,-114.099998,,21.200001,8.6,84.300003,37.0,-7.4,,,0.0,,14.0,14.0,0.0,0.0,-6.6,29.6,-6.1,23.5,0.0,,,23.5,0.0,23.5,-1.7,,21.8,21.8,,28.719999,0.76,0.76,0.76,28.719999,0.76,0.76,0.76,
12/31/2001,583.833,174.828,,,,72.976,,,,0.0,336.029,-96.842,96.842,96.842,,,,486.991,-472.612,,25.842,9.68,437.09,14.379,10.065,,,0.0,,13.998,13.998,0.0,0.0,-24.063,24.444,-2.244,22.2,0.0,,,22.2,0.0,22.2,-1.642,,20.558,20.558,,29.2,0.7,0.7,0.7,29.2,0.7,0.7,0.7,
03/31/2002,397.1,278.7,,,,,,,,,118.4,-210.6,210.6,210.6,,,,186.5,-141.4,,26.1,10.1,105.2,45.1,-9.2,,,,,14.9,14.0,,0.9,-5.7,35.9,-7.0,28.9,,,,28.9,,28.9,-0.8,,28.1,28.1,,31.4,0.89,0.89,0.89,31.6,0.89,0.89,0.89,
06/30/2002,331.899994,174.0,,,,57.799999,,,,0.0,100.099998,-165.899994,165.899994,165.899994,,,,166.0,-144.399994,,22.6,9.8,112.0,21.6,3.200001,,,0.0,,14.9,14.0,0.0,0.9,-18.1,24.800001,-2.2,22.6,0.0,,,22.600001,0.0,22.6,-0.8,,21.8,21.8,,31.700001,0.68,0.68,0.68,31.700001,0.68,0.68,0.68,
09/30/2002,377.1,247.7,,,,,,,,,129.4,-189.8,189.8,189.8,,,,187.3,-137.7,,23.8,10.0,103.9,49.6,-4.2,,,,,15.2,15.2,,,-11.0,45.4,-14.1,31.3,,,,31.3,,31.3,-0.8,,30.5,30.5,,31.9,0.96,0.96,0.96,32.1,0.95,0.95,0.95,
12/31/2002,355.0,4.9,,,,310.7,,,,0.0,39.4,-192.4,192.4,192.4,,,,162.6,-123.7,,22.3,10.0,91.4,38.9,4.0,,,0.0,,10.8,12.6,0.0,,-14.8,42.9,-5.4,35.7,6.0,,,31.5,0.1,29.8,-1.7,0.0,28.1,28.1,,31.8,0.91,0.91,0.91,32.6,0.91,0.91,0.91,
03/31/2003,1281.800049,192.0,,,,169.899994,,,,0.0,919.900024,-1072.5,1072.5,1072.5,,,,209.300049,-157.600006,,25.299999,10.8,121.5,51.700001,-8.9,,,,,15.4,14.5,,0.9,-6.5,42.800001,-8.2,34.599998,1.9,,,32.700001,1.1,33.799999,-0.8,,32.999999,32.999999,,32.099998,1.03,1.09,1.09,32.353001,1.02,1.08,1.08,
06/30/2003,971.900024,188.800003,,,,72.0,,,,0.0,711.099976,-801.299988,801.299988,801.299988,,,,170.600037,-160.100006,,26.700001,10.8,122.599998,10.5,-6.3,,,0.0,,13.8,13.8,0.0,0.0,-7.5,4.2,3.9,8.1,5.8,,,2.3,1.2,3.5,-0.8,,2.7,2.7,,32.400002,0.08,0.26,0.23,32.700001,0.08,0.26,0.23,
09/30/2003,989.400024,220.5,,,,49.0,,,,0.0,719.900024,-793.200012,793.200012,793.200012,,,,196.200012,-143.800003,,28.6,11.0,104.199997,52.400002,-5.2,,,0.0,,14.0,14.0,0.0,0.0,-8.8,47.200002,-16.0,31.200001,-1.6,,,32.800002,2.0,34.799999,-0.7,,34.099999,34.099999,,32.599998,1.05,1.0,0.96,32.900002,1.04,0.99,0.95,
12/31/2003,1121.2,291.5,,,,,,,,0.0,829.7,-922.3,922.3,922.3,,,,198.9,-188.8,,58.7,11.3,118.8,10.1,32.2,,,0.0,,13.8,13.8,0.0,0.0,-46.0,42.3,-11.2,31.1,6.7,,,24.4,1.3,25.7,-0.8,,24.9,24.9,,34.5,0.72,0.92,0.89,34.8,0.72,0.91,0.88,
03/31/2004,1373.3,217.2,,,,169.5,,,,0.0,986.6,-1139.2,1139.2,1139.2,,0.0,,234.1,-163.1,,25.7,11.8,125.6,71.0,-8.7,,,0.0,,13.5,13.5,0.0,0.0,-4.8,62.3,-15.9,46.4,3.0,,,43.4,0.0,43.4,-0.8,,42.6,42.6,,37.1,1.15,1.23,1.23,37.3,1.15,1.23,1.23,
06/30/2004,1045.9,206.3,,,,69.5,,,,0.0,770.1,-858.1,858.1,858.1,,,,187.8,-170.3,,26.6,11.5,132.2,17.5,-6.9,,,0.0,,13.0,13.0,0.0,0.0,-6.1,10.6,-1.0,9.6,5.3,,,4.3,1.1,5.4,-0.8,,4.6,4.6,,37.3,0.12,0.27,0.27,37.5,0.12,0.26,0.26,
09/30/2004,1091.900024,233.600006,,,,45.5,,,,0.0,812.799988,-881.799988,881.799988,881.799988,,,,210.100037,-161.5,,26.1,11.5,123.900002,48.599998,-5.0,,,0.0,,14.9,14.9,0.0,0.0,-9.9,43.599998,-9.3,34.299999,0.0,,,34.299998,1.2,35.5,-0.7,0.0,34.8,34.8,,37.400002,0.93,0.93,0.93,37.599998,0.93,0.93,0.93,
12/31/2004,1412.4,239.5,,,,136.4,,,,0.0,1036.5,-1186.4,1186.4,1186.4,,,,226.0,-1834.0,,28.6,11.3,143.5,42.6,15.6,,,0.0,,15.6,15.6,0.0,0.0,-31.2,58.2,-0.8,57.4,0.0,,,57.4,1.1,58.5,-0.8,0.0,57.7,57.7,,37.5,1.54,1.54,1.54,37.8,1.53,1.53,1.53,
03/31/2005,1486.900024,236.300003,,,,174.600006,,,,0.0,1076.0,-1219.5,1219.5,1219.5,0.0,0.0,,267.400024,-174.5,,29.200001,12.0,133.300003,92.900002,-8.500001,,,0.0,,16.200001,16.200001,0.0,0.0,-7.7,84.400001,-18.700001,65.699997,0.0,,,65.7,1.0,66.699997,-0.8,,65.899997,65.899997,,37.799999,1.74,1.74,1.74,38.099998,1.73,1.73,1.73,
06/30/2005,1314.5,231.800003,,,,89.599998,,,,,993.099976,-1096.800049,1096.800049,1096.800049,,,,217.699951,-212.300003,,66.599998,11.9,133.800003,5.4,30.3,,,,,15.2,15.2,,,-45.5,35.7,-7.5,28.200001,4.7,,,23.5,1.2,24.700001,-0.8,,23.900001,23.900001,,38.0,0.63,0.75,0.75,38.400002,0.62,0.74,0.74,
09/30/2005,1720.0,289.6,,,,71.6,,,,0.0,1358.8,-1501.7,1501.7,1501.7,,,,218.3,-153.1,,23.7,11.6,117.8,65.2,-6.0,,,0.0,,15.6,15.6,0.0,0.0,-9.6,59.2,-15.1,44.1,-3.5,,,47.6,1.2,48.8,-0.7,0.0,48.1,48.1,,38.2,1.26,1.17,0.85,38.6,1.25,1.16,0.84,
12/31/2005,2304.1,245.9,,,,184.8,,,,0.0,1873.4,-2121.0,2121.0,2121.0,0.0,0.0,,183.1,-185.1,,22.8,11.8,150.5,-2.0,8.4,,,0.0,,15.0,15.0,0.0,0.0,-23.4,6.4,1.7,8.1,-11.1,,,19.2,1.1,20.3,-0.8,0.0,19.5,19.5,,39.1,0.5,0.35,0.36,39.6,0.49,0.35,0.36,
03/31/2006,1995.699951,246.2,,,,193.0,,,,0.0,1556.5,-1740.699951,1740.699951,1740.699951,,,,255.0,-159.899994,,27.200001,14.6,118.099998,95.099998,-9.599999,,,0.0,,18.299999,18.299999,0.0,0.0,-8.7,85.499999,-27.4,58.099998,-1.6,,,59.699999,1.2,60.900002,-0.8,0.0,60.100002,60.100002,,40.299999,1.49,1.45,1.45,40.599998,1.48,1.44,1.44,
06/30/2006,1475.300049,254.1,,,,95.4,,,,0.0,1125.800049,-1243.400024,1243.400024,1243.400024,,0.0,,231.900024,-164.300003,,29.299999,14.6,120.400002,67.599998,-7.9,,,0.0,,22.4,22.4,0.0,0.0,-14.5,59.699999,-19.0,40.700001,6.2,,,34.499999,1.2,35.700001,-0.8,0.0,34.900001,34.900001,,42.200001,0.83,0.97,0.85,42.200001,0.83,0.97,0.85,
09/30/2006,1555.099976,303.8,,,,91.0,,,,0.0,1160.300049,-1348.5,1348.5,1348.5,,,,206.599976,-162.199997,,32.0,15.6,114.599998,44.400002,-17.6,,,0.0,,29.1,29.1,0.0,0.0,-11.5,26.800001,-0.2,26.6,-12.2,,,38.800001,1.4,40.200001,-0.7,0.0,39.500001,39.500001,,43.299999,0.91,0.63,0.63,43.400002,0.91,0.63,0.63,
12/31/2006,1864.6,253.8,,,,296.7,,,,0.0,1314.1,-1642.4,1642.4,1642.4,,0.0,,222.2,-180.1,,32.8,16.1,131.2,42.1,-21.3,,,0.0,,29.4,29.4,0.0,0.0,-8.1,20.8,1.6,22.4,0.3,,,22.1,0.0,22.1,-0.8,0.0,21.3,21.3,,43.5,0.49,0.5,0.38,43.6,0.49,0.5,0.38,
03/31/2007,2746.600098,288.5,,,,681.3,,,,0.0,1776.800049,-2315.5,2315.5,2315.5,,,,431.100098,-248.0,,40.200001,21.1,186.699997,183.100006,-24.100001,,,0.0,,36.400002,36.400002,0.0,0.0,-12.3,159.000005,-41.900002,117.099998,-23.0,,,140.100003,0.1,140.199997,-0.8,0.0,139.399997,139.399997,,57.5,2.42,2.02,1.75,57.799999,2.41,2.01,1.74,
06/30/2007,2361.699951,294.0,,,,417.8,,,,0.0,1649.900024,-2071.100098,2071.100098,2071.100098,,0.0,,290.599854,-324.5,,50.599998,22.0,251.899994,-33.900002,-20.999998,,,0.0,,42.599998,42.599998,0.0,0.0,-21.6,-54.9,15.3,-39.599998,-24.0,,,-15.599999,0.0,-15.6,-0.8,0.0,-16.4,-16.4,,76.0,-0.22,-0.53,0.12,76.0,-0.22,-0.53,0.12,
09/30/2007,2122.5,330.1,,,,235.9,,,,0.0,1556.5,-1775.5,1775.5,1775.5,,,,347.0,-292.899994,,52.5,21.5,218.899994,54.099998,-32.700001,,,0.0,,48.200001,48.200001,0.0,0.0,-15.5,21.399998,-9.8,11.6,-32.299999,,,43.899997,0.0,43.900002,-0.7,0.0,43.200002,43.200002,,76.199997,0.57,0.14,0.14,76.5,0.56,0.14,0.14,
12/31/2007,3061.6,290.3,,,,767.5,,,,0.0,2003.8,-2558.3,2558.3,2558.3,,0.0,,503.3,-339.2,,51.8,22.8,264.6,164.1,-22.6,,,0.0,,37.3,37.3,0.0,0.0,-14.7,141.5,-49.6,91.9,6.0,,,85.9,0.0,85.9,-0.8,0.0,85.1,85.1,,76.5,1.11,1.19,1.19,76.6,1.11,1.19,1.19,
03/31/2008,3989.199951,316.5,,,,1260.4,,,,0.0,2412.300049,-3390.800049,3390.800049,3390.800049,,,,598.399902,-363.700012,,51.200001,25.9,286.600006,234.699997,-19.800001,,,0.0,,37.900002,37.900002,0.0,0.0,-18.1,214.899996,-78.300003,136.600006,0.0,,,136.599993,0.0,136.600006,-0.8,0.0,135.800006,135.800006,,76.599998,1.77,1.77,1.86,76.800003,1.77,1.77,1.86,
06/30/2008,3417.2,300.5,,,,515.6,,,,0.0,2601.1,-3028.1,3028.1,3028.1,,,,389.1,-329.5,,55.9,21.8,251.8,59.6,-17.3,,,0.0,,33.5,33.5,0.0,0.0,-16.2,42.3,-17.5,24.8,-0.1,,,24.9,0.0,24.9,-0.8,0.0,24.1,24.1,,76.6,0.31,0.31,0.43,76.9,0.31,0.31,0.43,
09/30/2008,3223.100098,365.1,,,,315.0,,,,0.0,2543.0,-2978.899902,2978.899902,2978.899902,,,,244.200195,-320.399994,,56.700001,21.4,242.300003,-76.199997,-15.799999,,,0.0,,39.5,39.5,0.0,0.0,-23.700001,-91.999996,33.599998,-58.400002,0.0,,,-58.399998,0.0,-58.400002,-0.7,0.0,-59.100002,-59.100002,,76.699997,-0.77,-0.77,0.28,76.699997,-0.77,-0.77,0.28,
12/31/2008,3418.3,1236.8,,,,,,,,0.0,2181.5,-3000.6,3000.6,3000.6,,,,417.7,-382.6,,57.6,24.5,300.5,35.1,-24.4,,,0.0,,47.2,47.2,0.0,0.0,-22.8,10.7,11.0,21.7,-4.6,,,26.3,0.1,26.4,-0.8,0.0,25.6,25.6,,76.7,0.33,0.27,0.27,77.0,0.33,0.27,0.27,
03/31/2009,3200.8,317.9,317.9,,,1096.6,1096.6,,,,1786.3,-2679.7,2679.7,2679.7,,,,521.1,-666.2,,56.9,26.9,582.4,-145.1,-21.5,42.7,,,,42.7,42.7,,,-21.2,-166.6,-12.8,-179.4,0.0,0.0,0.0,-179.4,,-179.4,-0.8,0.0,-180.2,120.1,300.3,76.7,-2.35,-2.35,1.565841,76.7,-2.35,-2.35,1.565254,
06/30/2009,1427.6,303.9,303.9,,,308.7,308.7,,,0.0,815.0,-980.3,980.3,980.3,,,0.0,447.3,-374.4,,57.6,21.7,295.1,72.9,-19.4,40.0,,,,40.0,40.0,,,-20.6,53.5,-18.5,35.0,-0.3,-0.3,0.0,35.3,0.2,35.5,-0.8,0.0,34.7,72.6,38.2,76.8,0.45,0.45,0.945313,76.8,0.45,0.45,0.945313,
09/30/2009,1297.8,332.3,332.3,,,211.5,211.5,,,0.0,754.0,-882.3,882.3,882.3,,,0.0,415.5,-322.2,,57.5,23.9,240.8,93.3,-16.2,40.2,-1.5,,1.5,41.7,41.7,,,-24.0,77.1,-28.0,49.1,-2.3,-2.3,0.0,51.4,-0.4,51.0,-0.7,0.8,51.1,78.1,29.3,76.8,0.67,0.64,1.016927,76.9,0.66,0.63,1.011014,
12/31/2009,1573.6,924.9,924.9,,,648.7,648.7,,,,,-1078.8,1078.8,1078.8,,,,494.8,-428.5,,58.9,23.8,345.8,66.3,-18.6,40.4,,,,40.4,40.4,,,-21.8,47.7,-23.9,23.8,-0.2,-0.2,0.0,24.0,0.3,24.3,-0.8,0.0,23.5,67.3,44.0,76.8,0.31,0.31,0.876302,77.0,0.31,0.31,0.876302,
03/31/2010,1903.4,330.1,330.1,,,926.5,926.5,,,0.0,646.8,-1381.1,1381.1,1381.1,,,0.0,522.3,-402.9,,64.1,28.2,310.6,119.4,-19.0,39.4,,,,39.4,39.4,,,-20.4,100.4,-50.0,50.4,-0.1,-0.1,0.0,50.5,,50.5,-0.8,0.0,49.7,86.656,37.056,76.9,0.65,0.65,1.126866,77.2,0.64,0.64,1.12,
06/30/2010,1014.8,314.0,314.0,,,296.8,296.8,,,0.0,404.0,-566.4,566.4,566.4,,,0.0,448.4,-312.2,,67.8,20.6,223.8,136.2,-12.2,36.6,,,,36.6,36.6,,,-24.4,124.0,-44.4,79.6,0.0,0.0,0.0,79.6,0.3,79.9,-0.8,0.0,79.1,30.7,-48.4,77.4,1.02,1.02,0.396641,77.9,1.02,1.02,0.396641,
09/30/2010,997.9,364.5,364.5,,,234.1,234.1,,,0.0,399.3,-570.1,570.1,570.1,,,0.0,427.8,-388.6,,69.0,22.7,296.9,39.2,-8.9,34.4,-0.8,,0.8,35.2,35.2,,,-25.5,30.3,-9.2,21.1,0.0,0.0,0.0,21.1,0.0,21.1,-0.7,0.0,20.4,23.735,3.335,77.7,0.26,0.26,0.30547,78.1,0.26,0.26,0.302702,
12/31/2010,1287.1,902.5,902.5,,,384.6,384.6,,,,,-787.7,787.7,787.7,,,,499.4,-366.1,,64.9,21.7,279.5,133.3,-16.3,36.7,,,,36.7,36.7,,,-20.4,117.0,-44.6,72.4,-0.1,-0.1,0.0,72.5,,72.5,-0.8,0.0,71.7,70.6,-1.0,78.0,0.92,0.92,0.905128,78.5,0.91,0.91,0.897261,
03/31/2011,1627.1,317.4,317.4,,,851.3,851.3,,,,458.4,-1064.7,1064.7,1064.7,,,,562.4,-353.7,,62.3,26.8,264.6,208.7,-13.6,34.8,,,,34.8,34.8,,,-21.2,195.1,-71.7,123.4,-0.1,-0.1,0.0,123.5,,123.5,-0.8,0.0,122.7,123.286,0.686,78.3,1.57,1.57,1.574534,78.6,1.56,1.56,1.568728,
06/30/2011,1010.8,309.6,309.6,,,361.2,361.2,,,,340.0,-596.2,596.2,596.2,,,,414.6,-347.1,,62.2,23.8,261.1,67.5,-10.6,32.2,,,,32.2,32.2,,,-21.6,56.9,-26.1,30.8,0.9,0.9,0.0,29.9,,29.9,-0.8,0.0,29.1,29.8,-0.2,78.7,0.37,0.37,0.378653,79.1,0.37,0.37,0.367472,
09/30/2011,934.4,361.2,361.2,,,235.0,235.0,,,0.0,338.2,-538.5,538.5,538.5,,,0.0,395.9,-325.6,,61.8,23.5,240.3,70.3,-10.4,31.3,,,,31.3,31.3,,,-20.9,59.9,-22.5,37.4,-0.2,-0.2,0.0,37.6,,37.6,-0.7,0.0,36.9,33.2,-3.5,78.7,0.47,0.47,0.421855,79.2,0.47,0.47,0.421855,
12/31/2011,1127.3,858.8,858.8,,,268.5,268.5,,,0.0,,-714.7,714.7,714.7,,,0.0,412.6,-351.2,,62.5,23.7,265.0,61.4,-9.2,30.2,,,,30.2,30.2,,,-21.0,52.2,-13.4,38.8,-0.7,-0.7,0.0,39.5,,39.5,-0.8,0.0,38.7,79.6,41.6,78.7,0.49,0.48,1.011436,79.3,0.49,0.48,1.00459,
03/31/2012,1247.9,307.0,307.0,,,664.0,664.0,,,0.0,276.9,-746.0,746.0,746.0,,,0.0,501.9,-348.8,,62.1,27.4,259.3,153.1,-6.9,30.4,,,,30.4,30.4,,,-23.5,146.2,-47.4,98.8,-0.9,-0.9,0.0,99.7,,99.7,-0.8,0.0,98.9,123.3,25.3,78.6,1.26,1.25,1.568702,79.2,1.25,1.24,1.559444,
06/30/2012,839.6,311.8,311.8,,,251.8,251.8,,,0.0,276.0,-418.2,418.2,418.2,,,0.0,421.4,-334.3,,62.6,22.7,249.0,87.1,-5.8,29.7,,,,29.7,29.7,,,-23.9,81.3,-29.6,51.7,2.1,2.1,0.0,49.6,,49.6,-0.8,0.0,48.8,21.7,-29.2,78.5,0.62,0.65,0.276433,79.3,0.62,0.65,0.276433,
09/30/2012,927.7,366.8,366.8,,,215.5,215.5,,,0.0,345.4,-492.2,492.2,492.2,,,0.0,435.5,-327.0,,62.9,23.8,240.3,108.5,-4.6,29.9,,,,29.9,29.9,,,-25.3,103.9,-29.6,74.3,8.0,8.0,0.0,66.3,0.1,66.4,-0.7,0.0,65.7,39.3,-34.4,78.5,0.84,0.94,0.500637,79.3,0.83,0.93,0.496204,
12/31/2012,1197.2,842.6,0.0,0.0,0.0,0.0,0.0,0.0,0.0,0.0,354.6,-710.1,710.1,710.1,,,0.0,487.1,-368.3,,63.1,22.5,282.7,118.8,-6.4,30.2,,,,30.2,30.2,,,-23.8,112.4,-43.2,69.2,0.5,0.5,0.0,68.7,0.1,68.8,-0.8,0.0,68.0,70.2,1.7,78.6,0.87,0.87,0.89313,79.3,0.86,0.86,0.881438,
03/31/2013,1678.2,331.8,331.8,,,792.0,792.0,,,,554.4,-1001.9,1001.9,1001.9,,,,676.3,-383.2,,60.9,27.2,295.1,293.1,-1.3,29.3,,,,29.3,29.3,,,-28.0,291.8,-109.6,182.2,-6.1,-6.1,0.0,188.3,,188.3,-0.8,0.0,187.5,139.9,-41.5,78.7,2.38,2.3,1.777637,79.3,2.37,2.29,1.766671,
06/30/2013,1116.0,327.0,327.0,,,367.4,367.4,,,,421.6,-743.9,743.9,743.9,,,,372.1,-379.0,,65.5,24.8,288.7,-6.9,-0.3,28.6,,,,28.6,28.6,,,-28.3,-7.2,3.3,-3.9,0.8,0.8,0.0,-4.7,0.1,-4.6,-0.8,0.0,-5.4,35.7,40.3,79.4,-0.07,-0.06,0.449622,79.4,-0.07,-0.06,0.447557,
09/30/2013,1129.7,353.9,353.9,,,253.0,253.0,,,0.0,522.8,-698.1,698.1,698.1,,,0.0,431.6,-376.3,,69.6,24.4,282.3,55.3,2.1,33.1,,,,33.1,33.1,,,-35.2,57.4,-18.0,39.4,0.6,0.6,0.0,38.8,,38.8,-0.7,0.0,38.1,27.8,-10.9,79.8,0.48,0.49,0.348371,80.2,0.47,0.48,0.34409,
12/31/2013,1018.8,319.3,319.3,,,681.7,681.7,,,0.0,17.8,-497.4,497.4,497.4,,,0.0,521.4,-391.3,,69.8,23.3,298.2,130.1,-7.5,36.9,,,,36.9,36.9,,,-29.4,122.6,-48.4,74.2,-58.2,-58.2,0.0,132.4,,132.4,-0.8,0.0,131.6,73.4,0.0,80.1,1.64,0.91,0.91,80.7,1.63,0.91,0.91,
03/31/2014,1638.0,349.2,349.2,,,1267.6,1267.6,,,0.0,21.2,-975.6,975.6,975.6,,,0.0,662.4,-430.1,,70.6,26.9,332.6,232.3,-10.2,38.9,,,,38.9,38.9,,,-28.7,222.1,-81.9,140.2,-12.9,-12.9,0.0,153.1,0.1,153.2,-0.8,0.0,152.4,139.5,0.0,80.2,1.9,1.74,1.74,80.5,1.89,1.73,1.73,
06/30/2014,837.1,810.6,810.6,,,493.5,493.5,,,0.0,26.5,-400.2,400.2,400.2,,,0.0,436.9,-413.9,,72.8,17.2,323.9,23.0,-10.5,39.3,,,,39.3,39.3,,,-28.8,12.5,-4.5,8.0,0.8,0.8,0.0,7.2,,7.2,,0.0,7.2,11.835,3.835,,,,,,,,,
09/30/2014,1187.9,342.4,342.4,,,282.7,282.7,,,0.0,562.8,-738.6,738.6,738.6,,,0.0,449.3,-302.4,,73.3,26.3,202.8,146.9,-7.2,38.1,,,,38.1,38.1,,,-30.9,139.7,-56.8,82.9,-1.1,-1.1,0.0,84.0,0.0,84.0,-0.7,0.0,83.3,28.7,-53.5,80.2,1.04,1.03,0.357855,81.1,1.02,1.01,0.350321,
12/31/2014,1012.3,282.1,282.1,0.0,0.0,704.3,704.3,0.0,0.0,0.0,25.9,-506.1,506.1,506.1,,,0.0,506.2,-389.3,,72.4,21.8,295.1,116.9,-8.3,39.5,,,,39.5,39.5,,,-31.2,108.6,-54.8,53.8,19.0,19.0,0.0,34.8,,34.8,-0.8,0.0,34.0,66.2,13.2,80.2,0.42,0.66,0.825436,80.8,0.42,0.66,0.823366,
03/31/2015,1163.2,295.8,295.8,0.0,,839.5,839.5,0.0,,0.0,27.9,-577.7,577.7,577.7,,,0.0,585.5,-361.3,,74.7,25.6,261.0,224.2,-14.1,38.2,,,,38.2,38.2,,,-24.1,210.1,-78.9,131.2,0.9,0.9,0.0,130.3,0.0,130.3,-0.8,0.0,129.5,131.0,0.6,80.2,1.61,1.62,1.633416,80.8,1.6,1.61,1.617426,
06/30/2015,638.3,616.7,616.7,,,,,,,0.0,21.6,-217.1,217.1,217.1,,,0.0,421.2,-422.8,,72.1,17.9,332.8,-1.6,-15.8,40.0,,,,40.0,40.0,,,-24.2,-17.4,8.1,-9.3,0.0,0.0,0.0,-9.3,0.0,-9.3,,0.0,-9.3,32.12,41.42,,,,,,,,,
09/30/2015,744.0,,,,,,,,,,,,,,,,,,,,,,,,,,,,,,,,,,,,,,,,,,,,,,,,,,,0.445,,,,0.445,
12/31/2015,1066.0,,,,,,,,,,,,,,,,,,,,,,,,,,,,,,,,,,,,,,,,,,,,,,,,,,,0.97,,,,0.97,
