Date,Revenue,Cost of Revenue,Gross Profit,Other Operating Income,Operating Expenses,Operating Income or Losses,Interest Expense,Foreign Exchange Losses (Gains),Net Non-Operating Losses (Gains),Pretax Income,Income Tax Expense (Benefit),Income Before XO Items,Extraordinary Loss Net of Tax,Minority/Non Controlling Interests (Credits),Net Income/Net Profit (Losses),Total Cash Preferred Dividends,Other Adjustments,Net Inc Avail to Common Shareholders,Abnormal Losses (Gains),Tax Effect on Abnormal Items,Normalized Income,Basic EPS Before Abnormal Items,Basic EPS Before XO Items,Basic Earnings per Share,Basic Weighted Avg Shares,Diluted EPS Before Abnormal Items,Diluted EPS Before XO Items,Diluted EPS,Diluted Weighted Avg Shares,Source: Bloomberg
08/19/1989,294.084015,-153.608002,140.476013,,-138.591995,1.884,-4.659,,-0.88,-3.655,1.791,-1.864,0.0,0.0,-1.864,0.0,,-1.864,,,-1.864,,-0.02,-0.02,86.883001,-0.02,-0.02,-0.02,86.883001,
11/11/1989,330.10199,-171.610992,158.490997,,-152.162994,6.328,-5.483,,3.393,4.238,-3.775,0.463,0.0,0.0,0.463,0.0,,0.463,,,0.463,,0.003333,0.003333,86.813999,0.003333,0.003333,0.003333,86.813999,
03/03/1990,421.781006,-219.561005,202.220001,,-206.677994,-4.458,-7.83,,0.202,-12.086,-13.408,-25.493999,0.0,0.0,-25.493999,0.0,,-25.493999,,,-25.494,,-0.293333,-0.293333,87.212997,-0.293333,-0.293333,-0.293333,87.212997,
05/26/1990,362.286011,-186.283997,176.002014,,-146.945999,29.056,-5.966,,-81.928001,-58.838001,-6.862,-65.699997,0.0,0.0,-65.699997,0.0,,-65.699997,,,-65.700001,-0.753333,-0.753333,-0.753333,87.258,-0.753333,-0.753333,-0.753333,87.258,
08/18/1990,302.450012,-158.414993,144.035019,,-123.397003,20.638,-4.618,,0.752,16.772,-7.38,9.392,0.0,0.0,9.392,0.0,,9.392,,,9.392,,0.106667,0.106667,87.170998,0.106667,0.106667,0.106667,87.170998,
11/10/1990,309.356995,-154.695007,154.661987,,-133.556,21.106001,-3.803,,1.066,18.369001,-6.676,11.693,0.0,0.0,11.693,0.0,,11.693,,,11.693001,,0.136667,0.136667,87.272999,0.136667,0.136667,0.136667,87.272999,
03/02/1991,397.799988,-197.880005,199.919983,,-176.117004,23.802999,-4.178,,2.382,22.006999,-8.803,13.204,0.0,0.0,13.204,0.0,,13.204,,,13.203999,,0.15,0.15,87.482998,0.15,0.15,0.15,87.482998,
05/25/1991,321.328003,-148.389008,172.938995,,-147.923996,25.014999,-3.864,,-0.322,20.828999,-6.773,14.056,0.0,0.0,14.056,0.0,,14.056,,,14.055999,0.16,0.16,0.16,87.628497,0.16,0.16,0.16,87.628497,
08/24/1991,288.563995,-139.320999,149.242996,,-129.720993,19.521999,-3.444,0.0,-1.038,15.039999,-5.415,9.625,0.0,0.0,9.625,0.0,,9.625,,,9.624999,,0.11,0.11,87.891003,0.11,0.11,0.11,87.891003,
11/16/1991,303.203003,-153.389999,149.813004,,-132.729004,17.084,-3.491,0.0,-1.0,12.593,-4.533,8.06,0.0,0.0,8.06,0.0,,8.06,,,8.06,,0.09,0.09,88.446001,0.09,0.09,0.09,88.446001,
03/07/1992,394.812988,-201.104996,193.707993,,-173.548996,20.159,-3.822,0.0,-19.305,-2.968,0.082,-2.886,0.0,0.0,-2.886,0.0,,-2.886,,,-2.886,,-0.033333,-0.033333,88.712997,-0.033333,-0.033333,-0.033333,88.712997,
05/30/1992,310.662994,-158.270996,152.391998,,-141.145004,11.247,-0.534,0.0,-4.479,6.234,-0.082,6.152,0.0,0.0,6.152,0.0,,6.152,,,6.152,0.07,0.07,0.07,88.796991,0.07,0.07,0.07,88.796991,
08/29/1992,304.623993,-160.117996,144.505997,,-129.738007,14.768,-2.851,,-2.588,9.329,-3.172,6.157,3.325,0.0,9.482,0.0,,9.482,,,6.157,,0.07,0.106667,89.094,0.07,0.07,0.106667,89.094,
11/28/1992,333.484985,-169.645004,163.839981,,-144.613998,19.226,-2.276,,-4.173,12.777,-4.344,8.433,0.0,0.0,8.433,0.0,,8.433,,,8.433,,0.093333,0.093333,89.745003,0.093333,0.093333,0.093333,89.745003,
03/01/1993,311.233002,-160.070999,151.162003,,-132.729004,18.433001,-2.336,,-2.257,13.840001,-4.706,9.134,0.0,0.0,9.134,0.0,,9.134,,,9.134001,,0.1,0.1,90.251999,0.1,0.1,0.1,90.251999,
05/29/1993,353.036011,-186.475998,166.560013,,-145.684998,20.875,-2.848,,-153.031998,-135.004998,52.870998,-82.134003,0.0,0.0,-82.134003,0.0,,-82.134003,,,-82.134,-0.91,-0.91,-0.91,91.215003,-0.91,-0.91,-0.91,91.215003,
08/28/1993,291.580994,-154.804001,136.776993,,-122.056,14.721,,,-3.475,11.246,-1.564,9.682,0.0,0.0,9.682,0.0,,9.682,,,9.682,,0.103333,0.103333,91.553999,0.103333,0.103333,0.103333,91.553999,
11/27/1993,318.872009,-172.619995,146.252014,,-127.108002,19.143999,,,-1.797,17.346999,-5.902,11.445,0.0,0.0,11.445,0.0,,11.445,,,11.444999,,0.126667,0.126667,91.823999,0.126667,0.126667,0.126667,91.823999,
02/26/1994,334.738007,-181.858002,152.880005,,-129.837997,23.042,,,0.57,23.612,-7.956,15.656,0.0,0.0,15.656,0.0,,15.656,,,15.656,,0.17,0.17,90.806997,0.17,0.17,0.17,90.806997,
05/28/1994,379.790009,-205.675003,174.115006,,-143.869995,30.245001,,,3.643,33.888001,-9.782,24.106001,0.0,0.0,24.106001,0.0,,24.106001,,,24.106001,0.26,0.26,0.26,90.554997,0.26,0.26,0.26,90.554997,
08/27/1994,324.85199,-167.656998,157.194992,,-132.244995,24.950001,,,-1.953,22.997001,-5.632,17.365,0.0,0.0,17.365,0.0,,17.365,,,17.365001,0.18,0.18,0.18,96.285004,0.18,0.18,0.18,96.285004,
11/30/1994,358.654999,-194.841995,163.813004,,-137.565994,26.247,,,-1.179,25.068,-6.451,18.617001,0.0,0.0,18.617001,0.0,,18.617001,,,18.617,0.19,0.19,0.19,97.395,0.19,0.19,0.19,97.395,
02/25/1995,371.687988,-206.052994,165.634995,,-135.792999,29.841999,,,-0.916,28.925999,-7.568,21.358,0.0,0.0,21.358,0.0,,21.358,,,21.357999,0.216667,0.216667,0.216667,98.213997,0.216667,0.216667,0.216667,98.213997,
05/27/1995,442.766998,-251.319,191.447998,,-161.134003,30.313999,,,2.857,33.170999,-8.927,24.243999,0.0,0.0,24.243999,0.0,,24.243999,,,24.243999,0.246667,0.246667,0.246667,98.399997,0.246667,0.246667,0.246667,98.399997,
08/26/1995,401.022003,-231.082001,169.940002,,-137.287994,32.652,,,-0.267,32.385,-9.715,22.67,0.0,0.0,22.67,0.0,,22.67,,,22.67,,0.226667,0.226667,99.755997,0.226667,0.226667,0.226667,99.755997,
11/25/1995,443.597992,-256.925995,186.671997,,-149.304001,37.368,,,0.219,37.587,-11.277,26.309999,0.0,0.0,26.309999,0.0,,26.309999,,,26.31,,0.263333,0.263333,100.437,0.263333,0.263333,0.263333,100.437,
02/24/1996,433.5,-253.664993,179.835007,,-149.445007,30.389999,,,1.678,32.067999,-9.62,22.448,0.0,0.0,22.448,0.0,,22.448,,,22.447999,,0.223333,0.223333,100.143002,0.223333,0.223333,0.223333,100.143002,
05/25/1996,490.738007,-286.65799,204.080017,,-166.203995,37.875999,,,2.35,40.225999,-12.068,28.158001,0.0,0.0,28.158001,0.0,,28.158001,,,28.157999,0.286667,0.286667,0.286667,98.415,0.286667,0.286667,0.286667,98.415,
08/31/1996,440.11499,-248.843002,191.271988,,-158.542007,32.73,-3.028,,3.703,33.404999,-10.69,22.715,0.0,0.0,22.715,0.0,,22.715,0.0,0.0,22.715,0.23,0.23,0.23,98.297997,0.226667,0.226667,0.226667,99.776997,
11/30/1996,477.165985,-277.403992,199.761993,,-161.559998,38.202,-3.028,,3.731,38.904999,-12.449,26.455999,0.0,0.0,26.455999,0.0,,26.455999,0.0,0.0,26.455999,0.27,0.27,0.27,98.574005,0.266667,0.266667,0.266667,100.250999,
03/01/1997,478.885986,-273.653015,205.232971,,-163.117004,42.116001,-3.028,,3.209,42.297001,-13.535,28.761999,0.0,0.0,28.761999,0.0,,28.761999,0.0,0.0,28.762001,0.29,0.29,0.29,99.230999,0.286667,0.286667,0.286667,100.817997,
05/31/1997,543.914978,-307.454987,236.459991,,-186.056,50.403999,-3.027,,6.818,54.194999,-17.343,36.852001,0.0,0.0,36.852001,0.0,,36.852001,0.0,0.0,36.851999,0.37,0.37,0.37,99.944997,0.36,0.36,0.36,102.012006,
08/30/1997,481.273987,-280.001007,201.27298,,-163.123001,38.150002,-2.519,,4.243,39.874002,-13.158,26.716,0.0,0.0,26.716,0.0,,26.716,0.0,0.0,26.716002,0.265,0.265,0.265,100.605,0.26,0.26,0.26,102.884995,
11/30/1997,529.046021,-337.050995,191.995026,,-184.746002,7.249,-2.519,,-36.396999,-31.666999,10.45,-21.216999,0.0,0.0,-21.216999,0.0,,-21.216999,79.0,-26.1,31.683,0.315,-0.21,-0.21,101.092003,0.315,-0.21,-0.21,101.092003,
02/28/1998,517.570007,-292.716003,224.854004,,-176.220993,48.632999,-2.519,,4.992,51.105999,-16.865,34.241001,0.0,0.0,34.241001,0.0,,34.241001,0.0,0.0,34.241,0.34,0.34,0.34,100.966003,0.335,0.335,0.335,102.816002,
05/31/1998,557.911987,-310.707001,247.204987,,-187.970993,59.234001,-2.519,,6.786,63.501001,-20.955999,42.544998,0.0,0.0,42.544998,0.0,,42.544998,0.0,0.0,42.545002,0.42,0.42,0.42,100.903999,0.415,0.415,0.415,102.825996,
08/29/1998,263.601013,-145.936996,117.664017,,-124.207001,-6.543,-2.837,,-1.271,-10.651,4.462,-9.481,4.818,0.0,-4.663,0.0,,-4.663,0.0,0.0,-6.189,-0.095,-0.095,-0.045,98.949997,-0.095,-0.095,-0.045,98.949997,
11/28/1998,272.910004,-185.578995,87.331009,,-125.767998,-38.437,0.0,,-84.132004,-122.569004,39.584999,-84.121002,-1.75,0.0,-85.871002,0.0,,-85.871002,125.699997,-40.223999,2.491993,0.015,-0.895,-0.91,94.153999,0.015,-0.895,-0.91,94.153999,
02/27/1999,273.009003,-145.729004,127.279999,,-102.126999,25.153,0.0,,0.01,25.163,-5.761,12.241,2.261,0.0,14.502,0.0,,14.502,0.0,0.0,19.402,0.13,0.13,0.155,93.692001,0.13,0.13,0.155,94.498001,
05/29/1999,326.615997,-180.177002,146.438995,,-122.165001,24.274,-12.875,,3.882,15.281,-7.917,16.827999,8.043,0.0,24.871,0.0,,24.871,-12.37,4.33,-0.676,0.095,0.18,0.265,93.753998,0.095,0.18,0.265,94.334,
08/28/1999,280.747009,-156.455002,124.292007,,-110.083,14.209,-4.502,,-25.530001,-15.823001,4.906,-10.917,2.435,0.0,-8.482,0.0,0.0,-8.482,26.1,-5.9,9.283,0.1,-0.115,-0.09,93.982002,0.1,-0.115,-0.09,93.982002,
11/27/1999,261.270996,-141.274002,119.996994,,-104.195,15.802,-4.71,,2.677,13.769,-4.828,8.941,6.245,0.0,15.186,0.0,0.0,15.186,0.0,0.0,8.941,0.09,0.09,0.16,94.124001,0.09,0.09,0.16,95.272003,
02/26/2000,277.044006,-153.600998,123.443008,,-112.349998,11.093,-3.39,,-33.609001,-25.906001,9.067,-16.839001,327.631989,0.0,310.792999,0.0,0.0,310.792999,42.130001,-10.523,14.768001,0.15,-0.18,3.29,94.594002,0.15,-0.18,3.23,96.162003,
05/27/2000,301.493011,-144.860992,156.632019,,-126.839996,29.792,-3.196,,20.225,46.821,-15.28,31.541,0.0,0.0,31.541,0.0,0.0,31.541,-10.305,3.208,24.444,0.25,0.33,0.33,95.419998,0.245,0.32,0.32,97.888,
08/26/2000,278.19101,-133.229004,144.962006,,-107.695999,37.265999,-3.357,,8.292,42.200999,-14.77,27.431,0.0,0.0,27.431,0.0,0.0,27.431,0.0,0.0,27.430998,0.29,0.29,0.29,95.377998,0.28,0.28,0.28,97.477997,
11/25/2000,325.143005,-157.617004,167.526001,,-118.002998,49.522999,-3.126,,10.091,56.487998,-19.771,36.716999,0.0,0.0,36.716999,0.0,0.0,36.716999,-2.512,0.728,34.932998,0.37,0.39,0.39,94.646004,0.36,0.38,0.38,96.499001,
02/24/2001,326.854004,-158.492004,168.362,,-122.057999,46.304001,-3.55,,24.966,67.720001,-26.716,41.004002,0.0,0.0,41.004002,0.0,0.0,41.004002,-9.127,3.623,35.500001,0.37,0.43,0.43,94.695,0.37,0.43,0.43,96.273003,
05/26/2001,305.087006,-144.440994,160.646011,,-118.338997,42.306999,-2.993,,14.465,53.778999,-18.822001,34.957001,0.0,0.0,34.957001,0.0,0.0,34.957001,-0.616,0.216,34.556999,0.38,0.38,0.38,93.115997,0.37,0.37,0.37,94.136002,
08/25/2001,205.626999,-103.383003,102.243996,,-85.498001,16.746,-2.69,,-2.862,11.194,-3.918,7.276,0.986,0.0,8.262,0.0,0.0,8.262,7.928,-2.775,12.429,0.13,0.08,0.09,92.040001,0.13,0.08,0.09,92.815002,
11/24/2001,205.281998,-103.581001,101.700996,,-87.609001,14.092,-2.624,,0.07,11.538,-4.037,7.501,0.429,0.0,7.93,0.0,0.0,7.93,4.444,-1.573,10.372,0.11,0.08,0.09,91.530998,0.11,0.08,0.09,91.969002,
02/23/2002,197.147995,-98.475998,98.671997,,-79.492996,19.179001,-2.829,,2.261,18.611001,-6.515,12.096,-1.662,0.0,10.434,0.0,0.0,10.434,2.353,-0.824,13.625001,0.15,0.13,0.11,91.316002,0.15,0.13,0.11,92.428001,
05/25/2002,202.242996,-104.236,98.006996,,-80.572998,17.434,-2.071,,-5.081,10.282,-3.599,6.683,-0.62,0.0,6.063,0.0,0.0,6.063,9.284,-3.249,12.718,0.14,0.07,0.07,90.869003,0.14,0.07,0.07,91.778999,
08/31/2002,198.511993,-100.154999,98.356995,,-78.573997,19.783001,-2.053,,-3.954,13.776001,7.679,21.455,-1.676,0.0,19.778999,0.0,0.0,19.778999,-2.935,-3.348,15.172001,0.17,0.24,0.22,89.473999,0.17,0.24,0.22,89.807999,
11/30/2002,203.57,-102.302,101.268,,-86.901,14.367,-1.276,,-0.18,12.911,-4.52,8.391,-3.659,,4.732,0.0,0.0,4.732,4.599,-1.60965,11.38035,0.134,0.1,0.05,87.127,0.134,0.08,0.05,87.335,
03/01/2003,186.645004,-87.178001,99.467003,,-89.363998,10.103,-1.221,,-8.522,0.359999,0.686,1.046,-3.123,0.0,-2.077,0.0,0.0,-2.077,14.968,-4.35,11.664,0.13,0.01,-0.02,86.75,0.13,0.01,-0.02,86.945,
08/30/2003,201.438,-92.33,109.108,,-91.627,17.481,-1.122,,-0.559,15.8,-4.424,11.376,-1.5,,9.876,,0.0,9.876,5.906,-2.0671,15.2149,0.18,0.13,0.12,84.697,0.17,0.13,0.12,85.816,
11/29/2003,217.921005,-96.084,121.837005,,-99.711998,22.125,-0.661,,29.243,50.707,-14.198,36.508999,-0.022,0.0,36.487,0.0,0.0,36.487,-23.962999,6.71,19.256001,0.23,0.43,0.43,84.553001,0.22,0.42,0.42,86.427002,
02/28/2004,243.505997,-102.325996,141.18,,-102.291,38.889,-0.198,,25.882,64.573,-20.702,43.870998,-0.258,0.0,43.612999,0.0,0.0,43.612999,-21.621,6.846,29.096,0.35,0.52,0.51,84.920998,0.33,0.5,0.5,87.681999,
05/29/2004,257.755005,-106.836998,150.918007,,-114.749001,36.168999,-0.227,,0.29,36.231999,-9.763,26.469,-0.35,0.0,26.118999,0.0,0.0,26.118999,4.092,-1.463,29.097999,0.34,0.31,0.31,84.707001,0.34,0.31,0.3,86.277,
08/28/2004,250.465,-101.946,148.519,,-98.645,49.874,-0.083,,2.303,52.094,-15.628,36.466,-0.058,,36.408,,0.0,36.408,0.935,-0.32725,37.07375,0.447,0.44,0.43,83.782,0.447,0.43,0.43,85.211,
11/27/2004,266.828,-106.505,160.323,0.0,-118.198,42.125,-0.335,,-32.405,9.385,-11.964,-2.579,-0.255,,-2.834,0.0,0.0,-2.834,35.242,-12.3347,20.3283,0.232698,-0.03,-0.03,87.02,0.232698,-0.03,-0.03,87.02,
02/26/2005,256.332,-102.946,153.386,,-122.13,31.256,-0.113,0.0,1.494,32.637,-9.246,23.391,3.43,0.0,26.821,0.0,0.0,26.821,7.55,-2.81,28.131,0.31,0.26,0.3,89.307,0.31,0.26,0.3,90.69,
05/28/2005,261.028992,-109.115997,151.912994,,-125.426003,26.487,-0.289,0.0,3.87,30.067999,-8.495,21.573,-0.372,0.0,21.201,0.0,0.0,21.201,9.227,-3.43,27.37,0.31,0.25,0.24,87.099998,0.31,0.25,0.24,87.839996,
08/27/2005,235.059998,-99.102997,135.957001,,-112.169998,23.787001,-0.097,0.0,-3.815,19.875001,-5.707,14.168,-0.082,0.0,14.086,0.0,0.0,14.086,11.029,-3.943,21.254001,0.25,0.17,0.17,84.602997,0.25,0.17,0.17,85.296997,
11/26/2005,253.396,-101.171,152.225,,-118.776,33.449,-0.146,0.0,-3.103,30.2,-10.322,19.878,0.017,0.0,19.895,0.0,0.0,19.895,8.678,-3.0373,25.5187,0.31,0.24,0.24,82.833,0.31,0.24,0.24,83.584,
02/25/2006,262.105,-103.003,159.102,,-120.913,38.189,-0.096,0.0,-2.206,35.887,-10.949,24.938,1.575,0.0,26.513,0.0,0.0,26.513,9.384,-3.207,31.115,0.38,0.3,0.32,82.174,0.37,0.3,0.32,83.319,
05/27/2006,289.309,-115.151,174.158,,-133.899,40.259,-0.144,0.0,2.351,42.466,-10.558,31.908,-0.047,0.0,31.861,0.0,0.0,31.861,7.068,-2.528,36.448,0.44,0.38,0.38,83.681,0.43,0.37,0.37,85.365,
08/26/2006,268.113,-104.763,163.35,,-130.742,32.608,-0.099,0.0,-0.962,31.547,-11.434,20.113,0.007,0.0,20.12,0.0,0.0,20.12,10.04,-3.657,26.496,0.33,0.25,0.25,82.074,0.32,0.24,0.24,83.542,
11/25/2006,272.789,-113.493,159.296,,-133.176,26.12,-0.083,0.0,1.557,27.594,-7.997,19.597,-0.004,0.0,19.593,0.0,0.0,19.593,5.524,0.0,25.121,0.31,0.24,0.24,81.535,0.31,0.24,0.24,83.151,
02/24/2007,265.756012,-108.674004,157.082008,,-133.136993,23.945,-0.185,0.0,-1.217,22.543,-3.021,19.521999,3.229,0.0,22.750999,0.0,0.0,22.750999,10.676,-3.737,26.460999,0.33,0.24,0.29,79.794998,0.33,0.24,0.28,81.301003,
05/26/2007,298.514008,-117.101997,181.41201,,-143.964996,37.446999,-0.199,0.0,-6.097,31.150998,-3.112,28.039,-0.095,0.0,27.944,0.0,0.0,27.944,8.919,-4.856,32.101998,0.41,0.36,0.36,77.569,0.4,0.35,0.35,79.011002,
09/01/2007,291.494,-124.559,166.935,,-135.681,31.254,-1.415,0.0,1.651,31.49,-11.434,20.056,0.02,0.0,20.076,0.0,0.0,20.076,8.472,-2.965,25.563,0.34,0.27,0.27,75.237,0.33,0.26,0.26,77.078,
11/30/2007,277.333,,,,,38.4,,,,48.8,,16.9,,,16.9,,,16.9,,,,0.405,,,,0.405,,,,
02/29/2008,,,,,,,,,,47.6,,,,,,,,,,,,0.414,,,,0.414,,,,
