Date,Revenue,Sales & Services Revenue,Cost of Revenue,Cost of Goods & Services,Gross Profit,Other Operating Income,Operating Expenses,"Selling, General & Admin",Other Operating Expense,Operating Income (Loss),Non-Operating (Income) Loss,"Interest Expense, Net",Interest Expense,Interest Income,Foreign Exch (Gain) Loss,Other Non-Op (Income) Loss,Pretax Income,Income Tax Expense (Benefit),Income (Loss) from Cont Ops,Net Extraordinary Losses (Gains),Discontinued Operations,XO & Accounting Changes,Income (Loss) Incl. MI,Minority Interest,"Net Income, GAAP",Preferred Dividends,Other Adjustments,"Net Income Avail to Common, GAAP","Net Income Avail to Common, Adj",Net Abnormal Losses (Gains),Basic Weighted Avg Shares,"Basic EPS, GAAP",Basic EPS from Cont Ops,"Basic EPS from Cont Ops, Adjusted",Diluted Weighted Avg Shares,"Diluted EPS, GAAP",Diluted EPS from Cont Ops,"Diluted EPS from Cont Ops, Adjusted",Source: Bloomberg
03/31/1990,266.308014,,-224.184998,,42.123016,,-29.329,,,12.794,-7.855,,12.23,,0.0,-4.375,4.939,-0.635,4.304,0.0,,,4.304,0.0,4.304,0.0,,4.304,4.304,,19.77945,0.216,0.216,,19.77945,0.216,0.216,0.216,
06/30/1990,287.161011,,-243.445999,,43.715012,,-28.937,,,14.778,-8.282,,12.095,,0.0,-3.813,6.496,-0.678,5.818,0.0,,,5.818,0.0,5.818,0.0,,5.818,5.818,,19.872679,0.295,0.295,,19.872679,0.295,0.295,0.295,
09/30/1990,239.735001,,-197.666,,42.069,,-29.5,,,12.569,-6.395999,,11.525,,0.0,-5.129,6.173001,-0.971,5.202,0.0,,,5.202001,0.0,5.202,0.0,,5.202,5.202,,19.81426,0.265,0.265,,19.81426,0.265,0.265,0.265,
01/01/1991,229.973999,,-188.417007,,41.556992,,-31.556999,,,10.0,-9.764,,10.807,,0.0,-1.043,0.236,-0.077,0.159,0.0,,,0.159,0.0,0.159,0.0,,0.159,0.159,,19.786484,0.01,0.01,,19.786484,0.01,0.01,0.01,
03/31/1991,179.598999,,-154.326996,,25.272003,,-29.809999,,,-4.538,-7.832,,9.5,,0.0,-1.668,-12.37,-0.119,-12.489,0.0,,,-12.489,0.0,-12.489,0.0,,-12.489,-12.489,,19.802,-0.63,-0.63,,19.802,-0.63,-0.63,-0.63,
06/30/1991,216.608994,,-192.326004,,24.28299,,-28.323,,,-4.04,-7.167,,9.184,,0.0,-2.017,-11.207,-0.203,-11.41,0.0,,,-11.41,0.0,-11.41,0.0,,-11.41,-11.41,,19.834,-0.575,-0.575,,19.834,-0.575,-0.575,-0.575,
09/30/1991,187.429993,,-161.925003,,25.50499,,-28.033001,,,-2.528,9.488001,,6.934,,0.0,-16.422001,6.960001,-0.507,6.453,0.0,,,6.453001,-0.25,6.203,0.0,,6.203,6.203,,19.841999,0.315,0.315,,19.841999,0.315,0.315,0.315,
12/31/1991,200.556,,-181.735001,,18.820999,,-28.09,,,-9.269,-12.7541,,5.547,,0.2111,6.996,-22.0231,-0.039,-22.062099,0.0,,,-22.0621,9.972,-12.0901,0.0,,-12.0901,-12.0901,,19.840151,-0.61,-0.61,,19.840151,-0.61,-0.61,-0.61,
03/31/1992,84.989998,,-75.463997,,9.526001,,-9.349,,,0.177,-5.287,,0.0,,0.0,5.287,-5.11,0.0,-5.11,0.0,,,-5.11,0.0,-5.11,0.0,,-5.11,-5.11,,19.868,-0.255,-0.255,,19.868,-0.255,-0.255,-0.255,
06/30/1992,82.843002,,-75.942001,,6.901001,,-9.113,,,-2.212,-11.393,,0.0,,0.0,11.393,-13.605,0.0,-13.605,0.0,,,-13.605,0.0,-13.605,0.0,,-13.605,-13.605,,19.898001,-0.685,-0.685,,19.898001,-0.685,-0.685,-0.685,
09/30/1992,145.421005,,-132.848999,,12.572006,,-15.996,,,-3.424,-16.472,,0.0,,0.0,16.472,-19.896,0.0,-19.896,0.0,,,-19.896,0.0,-19.896,0.0,,-19.896,-19.896,,19.898001,-1.0,-1.0,,19.898001,-1.0,-1.0,-1.0,
12/31/1992,210.100998,,-185.089996,,25.011002,,-23.111,,,1.9,-20.464001,,0.0,,0.0,20.464001,-18.564001,0.0,-18.563999,0.0,,,-18.564001,0.0,-18.563999,0.0,,-18.563999,-18.563999,,19.898001,-0.935,-0.935,,19.898001,-0.935,-0.935,-0.935,
03/31/1993,183.197006,,-167.005005,,16.192001,,-21.228001,,,-5.036,-7.143,,7.625,,0.0,-0.482,-12.179,-0.22,-12.399,0.0,,,-12.399,0.0,-12.399,0.0,,-12.399,-12.399,,19.9,-0.625,-0.625,,19.9,-0.625,-0.625,-0.625,
06/30/1993,172.261002,,-159.003998,,13.257004,,-19.959999,,,-6.703,-9.086,,8.223,,0.0,0.863,-15.789,0.142,-15.647,2.003,,,-17.65,0.0,-17.65,0.0,,-17.65,-17.65,,19.906,-0.885,-0.785,,19.906,-0.885,-0.785,-0.785,
09/30/1993,164.052002,,-152.507004,,11.544998,,-19.009001,,,-7.464,-7.467,,8.001,,0.0,-0.534,-14.931001,-0.115,-15.046,0.0,,,-15.046001,0.0,-15.046,0.0,,-15.046,-15.046,,19.906,-0.755,-0.755,,19.906,-0.755,-0.755,-0.755,
12/31/1993,150.798996,,-143.300003,,7.498993,,-17.474001,,,-9.975,-12.048,,7.397,,0.0,4.651,-22.023,0.035,-21.988001,-0.539,,,-21.449,0.0,-21.448999,-0.152,,-21.600999,-21.600999,,19.906,-1.085,-1.11,,19.906,-1.085,-1.11,-1.11,
03/31/1994,168.037994,,-152.860992,,15.177002,,-21.355,,,-6.178,-4.628,,7.551,,0.0,-2.923,-10.806,-0.018,-10.824,0.0,,,-10.824,0.0,-10.824,-1.38,,-12.204,-12.204,,20.606001,-0.59,-0.59,,20.606001,-0.59,-0.59,-0.59,
06/30/1994,198.25,,-178.748001,,19.501999,,-17.516001,,,1.986,9.084,,7.892,,0.0,-16.976,11.07,-0.816,10.254,0.233,,,10.021,0.0,10.021,-1.444,,8.577,8.577,,27.677999,0.31,0.32,,27.677999,0.31,0.32,0.32,
09/30/1994,207.061996,,-184.279999,,22.781998,,-17.576,,,5.206,-4.015,,7.855,,0.0,-3.84,1.191,0.018,1.209,0.164,,,1.045,0.0,1.045,-1.517,,-0.472,-0.472,,20.606001,-0.025,-0.015,,20.606001,-0.025,-0.015,-0.015,
12/31/1994,213.431,,-187.733002,,25.697998,,-15.998,,,9.7,-9.199,,7.194,,0.0,2.005,0.501,0.03,0.531,0.312,,,0.219,0.0,0.219,-1.588,,-1.369,-1.369,,20.606001,-0.065,-0.05,,20.606001,-0.065,-0.05,-0.05,
03/31/1995,80.199997,,-68.199997,,12.0,,-9.213,,,2.787,-5.887,,,,0.0,5.887,-3.1,0.0,-3.1,-1.2,,,-1.9,0.0,-1.9,-1.729,,-3.629,-3.629,,20.620001,-0.175,-0.233,,20.620001,-0.175,-0.233,-0.233,
06/30/1995,133.300003,,-115.699997,,17.600006,,-15.313,,,2.287,-11.687,,,,0.0,11.687,-9.4,0.0,-9.4,14.3,,,-23.700001,0.0,-23.700001,-1.789,,-25.489001,-25.489001,,20.643999,-1.24,-0.5475,,20.643999,-1.24,-0.5475,-0.5475,
09/30/1995,148.800003,,-128.899994,,19.900009,,-17.094,,,2.806,-15.106,,,,0.0,15.106,-12.3,0.0,-12.3,-4.5,,,-7.8,0.0,-7.8,-1.853,,-9.653,-9.653,,20.6,-0.465,-0.6835,,20.6,-0.465,-0.6835,-0.6835,
12/31/1995,139.100006,,-118.199997,,20.900009,,-15.98,,,4.92,26.48,,,,0.0,-26.48,31.4,0.0,-7.3,-5.5,,,36.9,0.0,-1.8,-1.929,,-3.729,-3.729,,21.200001,-0.175,-0.4345,,21.200001,-0.175,-0.4345,-0.4345,
03/31/1996,173.199997,,-149.800003,,23.399994,,-16.299999,,,7.1,-9.8,,11.4,,0.0,-1.6,-2.7,0.0,-2.7,-3.2,,,0.5,0.0,0.5,-1.9,,-1.4,-1.4,,21.200001,-0.065,-0.215,-0.215,21.200001,-0.065,-0.215,-0.215,
06/30/1996,182.800003,,-155.800003,,27.0,,-16.299999,,,10.7,-12.4,,11.4,,0.0,1.0,-1.7,0.0,-1.7,-6.2,,,4.5,0.0,4.5,-1.9,,2.6,2.6,,26.799999,0.095,-0.135,-0.135,28.4,0.09,-0.13,-0.13,
09/30/1996,165.699997,,-142.0,,23.699997,,-14.8,,,8.9,-12.3,,11.8,,0.0,0.5,-3.400001,0.0,-3.4,-4.8,,,1.4,0.0,1.4,-2.3,,-0.9,-0.9,,27.6,-0.035,-0.205,-0.205,28.4,-0.03,-0.2,-0.2,
12/31/1996,156.800003,,-161.699997,,-4.899994,,-16.700001,,,-21.6,-12.8,,10.2,,0.0,2.6,-34.4,-12.1,-46.5,-90.400002,,,43.900001,0.0,41.299999,-16.799999,,24.5,24.5,,26.4,0.925,-2.4,-0.14,28.6,0.855,-2.215,-0.13,
03/31/1997,176.300003,,-148.800003,,27.5,,-14.1,,,13.4,-9.3,,9.5,,0.0,-0.2,4.1,-0.2,3.9,0.0,,,3.9,0.0,3.9,-0.4,,3.5,3.5,,26.6,0.13,0.13,0.13,28.799999,0.12,0.12,0.12,
06/30/1997,232.199997,,-193.899994,,38.300003,,-19.200001,,,19.1,-11.2,,11.2,,0.0,0.0,7.900001,-0.2,7.7,2.6,,,5.100001,0.0,5.1,-0.4,,4.7,4.7,,27.200001,0.175,0.27,0.27,30.4,0.155,0.24,0.24,
09/30/1997,214.100006,,-177.100006,,37.0,,-17.9,,,19.1,-10.4,,9.6,,0.0,0.8,8.7,0.0,8.7,12.2,,,-3.5,0.0,-3.5,-0.4,,-3.9,-3.9,,35.599998,-0.105,0.235,0.235,38.799999,-0.1,0.215,0.215,
12/31/1997,219.699997,,-182.899994,,36.800003,,-17.299999,,,19.5,-9.2,,9.1,,0.0,0.1,10.3,-0.3,10.0,0.0,,,10.0,0.0,10.0,-3.6,,6.4,6.4,,39.8,0.16,0.16,0.24,43.0,0.15,0.15,0.225,
03/31/1998,260.600006,,-215.800003,,44.800003,,-21.0,,,23.799999,-9.2,,8.8,,0.0,0.4,14.599999,-0.2,14.4,38.299999,,,-23.9,0.0,-23.9,0.0,,-23.9,-23.9,,41.200001,-0.58,0.35,0.35,44.400002,-0.54,0.325,0.325,
06/30/1998,333.5,,-272.899994,,60.600006,,-27.4,,,33.200001,-12.2,,12.2,,0.0,0.0,21.000001,-0.4,20.6,0.0,,,20.600001,0.0,20.6,0.0,,20.6,20.6,,41.400002,0.5,0.5,0.5,44.799999,0.46,0.46,0.46,
09/30/1998,318.700012,,-260.0,,58.700012,,-26.0,,,32.700001,-12.7,,12.6,,0.0,0.1,20.0,-0.3,19.700001,0.0,,,19.7,0.0,19.700001,0.0,,19.700001,19.700001,,41.599998,0.475,0.475,0.475,45.0,0.44,0.44,0.44,
12/31/1998,320.399994,,-258.700012,,61.699982,,-29.4,,,32.299999,-13.4,,13.6,,0.0,-0.2,18.899999,-0.8,18.1,0.0,,,18.099999,0.0,18.1,0.0,,18.1,18.1,,41.599998,0.435,0.435,0.435,44.599998,0.405,0.405,0.405,
03/31/1999,423.299988,,-352.399994,,70.899994,,-30.4,,,40.5,-13.7,13.3,13.3,,0.0,0.4,26.8,-0.8,26.0,0.0,,,26.0,0.0,26.0,0.0,0.0,26.0,26.0,,41.599998,0.625,0.625,0.625,45.0,0.58,0.58,0.58,
06/30/1999,448.100006,,-371.399994,,76.700012,,-29.700001,,,47.0,-15.9,15.6,15.6,,0.0,0.3,31.1,-0.7,30.4,0.0,,,30.4,0.0,30.4,0.0,0.0,30.4,30.4,,43.400002,0.7,0.7,0.7,46.799999,0.65,0.65,0.65,
09/30/1999,495.600006,,-407.100006,,88.5,,-38.700001,,,49.799999,-18.8,20.0,20.0,,0.0,-1.2,30.999999,-1.1,29.9,0.0,,,29.899999,0.0,29.9,0.0,0.0,29.9,29.9,,53.200001,0.56,0.56,0.56,56.0,0.535,0.535,0.535,
12/31/1999,489.600006,,-409.0,,80.600006,,-39.599998,,,41.0,-31.500001,,33.900002,-1.6,0.0,-0.8,9.499999,77.099998,86.599998,0.0,,,86.599997,0.0,86.599998,0.0,0.0,86.599998,86.599998,,55.599998,1.575,1.575,0.385,57.0,1.52,1.52,0.35,
03/31/2000,553.5,,-456.799988,,96.700012,,-41.700001,,,55.0,-25.5,24.9,26.0,-1.1,0.0,0.6,29.5,-9.4,20.1,0.0,,,20.1,0.0,20.1,0.0,0.0,20.1,20.1,,55.0,0.365,0.365,0.365,56.799999,0.355,0.355,0.355,
06/30/2000,593.5,,-486.899994,,106.600006,,-43.099998,,,63.5,-25.300001,24.299999,25.700001,-1.4,0.0,1.0,38.199999,-12.2,26.0,0.0,,,25.999999,0.0,26.0,0.0,0.0,26.0,26.0,,54.799999,0.475,0.475,0.475,56.200001,0.465,0.465,0.465,
09/30/2000,475.100006,,-388.399994,,86.700012,,-39.299999,,,47.400002,32.599998,24.4,26.0,-1.6,0.0,-56.999998,80.0,-30.299999,49.700001,0.0,,,49.700001,0.0,49.700001,0.0,0.0,49.700001,49.700001,,54.0,0.92,0.92,0.325,55.599998,0.895,0.895,0.315,
12/31/2000,446.600006,,-373.0,,73.600006,,-41.200001,,,32.400002,-20.5,20.700001,22.1,-1.4,0.0,-0.2,11.900001,-3.8,8.1,8.8,,,-0.699999,0.0,-0.7,0.0,0.0,-0.7,-0.7,,53.599998,-0.015,0.15,0.28,54.599998,-0.015,0.15,0.275,
03/31/2001,477.399994,,-398.799988,,78.600006,,-40.599998,,,38.0,-19.8,19.0,21.0,-2.0,0.0,0.8,18.2,-5.8,12.4,2.3,,,10.1,0.0,10.1,0.0,0.0,10.1,10.1,,53.599998,0.185,0.23,0.23,54.799999,0.185,0.225,0.225,
06/30/2001,439.299988,,-359.100006,,80.199982,,-41.0,,,39.200001,-21.500001,21.4,23.200001,-1.8,0.0,0.1,17.7,-5.7,12.0,0.0,,,12.0,0.0,12.0,0.0,0.0,12.0,12.0,,53.799999,0.225,0.225,0.265,55.599998,0.215,0.215,0.255,
09/30/2001,453.700012,,-408.200012,,45.5,,-41.799999,,,3.7,-19.7,19.1,21.9,-2.8,0.0,0.6,-16.0,5.1,-10.9,0.0,,,-10.9,0.0,-10.9,0.0,0.0,-10.9,-10.9,,53.799999,-0.205,-0.205,0.16,53.799999,-0.205,-0.205,0.16,
12/31/2001,442.100006,,-369.799988,,72.300018,,-49.0,,,23.299999,-18.6,,20.6,-1.1,0.0,-0.9,4.699999,-1.5,3.2,1.6,,,1.599999,0.0,1.6,0.0,0.0,1.6,1.6,,63.799999,0.025,0.05,0.07,65.0,0.025,0.05,0.07,
03/31/2002,546.400024,,-455.600006,,90.800018,,-56.700001,,,34.099998,-23.500001,20.9,21.700001,-0.8,0.0,2.6,10.599998,-3.4,7.2,114.400002,,,-107.200004,0.0,-107.199997,0.0,0.0,-107.199997,-107.199997,,76.0,-1.41,0.095,0.095,77.400002,-1.385,0.095,0.095,
06/30/2002,653.200012,,-528.400024,,124.799988,,-68.800003,,,56.0,-39.6,20.200001,22.1,-1.9,0.0,19.4,16.4,-5.3,11.1,5.9,,,5.2,0.0,5.2,0.0,0.0,5.2,5.2,,85.400002,0.06,0.13,0.24,87.199997,0.06,0.13,0.235,
09/30/2002,674.1,,-585.4,,88.7,,-54.7,,,34.0,-17.3,20.5,22.3,-1.8,0.0,-3.2,16.7,-5.3,11.4,1.6,,,9.8,0.0,9.8,0.0,0.0,9.8,9.8,,89.0,0.11,0.13,0.16,90.4,0.11,0.125,0.155,
12/31/2002,851.099976,,-786.299988,,64.799988,,-100.300003,,,-35.5,-23.8,23.200001,26.0,-2.8,0.0,0.6,-59.3,19.0,-40.299999,0.0,,,-40.3,0.0,-40.299999,0.0,0.0,-40.299999,-40.299999,,94.800003,-0.425,-0.425,0.055,97.400002,-0.425,-0.425,0.055,
03/31/2003,934.400024,,-807.599976,,126.800049,,-89.199997,,,37.599998,-23.9,,25.9,-1.7,0.0,-0.3,13.699999,-4.2,9.5,0.0,,,9.499999,0.0,9.5,0.0,0.0,9.5,9.5,,94.400002,0.1,0.1,0.1,98.800003,0.095,0.095,0.095,
06/30/2003,1048.8,,-932.1,,116.7,0.0,-152.2,100.9,51.3,-35.5,-29.4,24.5,26.6,-2.1,,4.9,-64.9,13.1,-51.8,0.0,,,-51.8,,-51.8,,0.0,-51.8,-51.8,,95.2,-0.545,-0.545,-0.006,95.2,-0.545,-0.545,-0.006,
09/30/2003,872.3,,-743.5,,128.8,0.0,-86.5,86.5,0.0,42.3,-23.3,21.4,23.0,-1.6,,1.9,19.0,-5.3,13.7,-0.8,,,14.5,,14.5,,0.0,14.5,14.5,,96.8,0.15,0.14,0.14,99.4,0.145,0.135,0.135,
12/31/2003,1010.6,,-879.9,,130.7,,-116.5,,,14.2,-31.9,,24.1,-1.7,0.0,9.5,-17.7,-182.7,-200.4,0.0,,,-200.4,0.0,-200.4,0.0,0.0,-200.4,-200.4,,96.2,-2.085,-2.085,0.0,96.2,-2.085,-2.085,0.0,
03/31/2004,1059.4,,-899.0,,160.4,,-112.5,,,47.9,-23.9,21.5,22.5,-1.0,0.0,2.4,24.0,-5.3,18.7,0.0,,,18.7,0.0,18.7,0.0,0.0,18.7,18.7,,97.6,0.19,0.19,0.19,101.6,0.185,0.185,0.185,
06/30/2004,1332.5,,-1139.8,,192.7,,-119.6,,,73.1,-2.2,22.0,23.4,-1.4,0.0,-19.8,70.9,-7.6,63.3,0.0,,,63.3,0.0,63.3,0.0,0.0,63.3,63.3,,98.2,0.645,0.645,0.645,102.0,0.62,0.62,0.62,
09/30/2004,1252.2,,-1066.0,,186.2,,-115.0,,,71.2,-22.6,21.4,23.2,-1.8,0.0,1.2,48.6,-3.9,44.7,0.0,,,44.7,0.0,44.7,0.0,0.0,44.7,44.7,,98.6,0.455,0.455,0.455,102.6,0.435,0.435,0.435,
12/31/2004,1375.7,,-1211.9,,163.8,,-141.4,,,22.4,-18.5,,23.0,-0.9,0.0,-3.6,3.9,193.5,197.4,0.0,,,197.4,0.0,197.4,0.0,0.0,197.4,197.4,,98.4,2.005,2.005,-0.03,102.0,1.935,1.935,-0.03,
03/31/2005,1451.1,,-1244.9,,206.2,,-134.7,134.7,0.0,71.5,-24.3,21.6,23.6,-2.0,0.0,2.7,47.2,-16.6,30.6,0.0,,,30.6,0.0,30.6,0.0,0.0,30.6,30.6,,99.0,0.31,0.31,0.315,102.0,0.3,0.3,0.305,
06/30/2005,1759.1,,-1476.9,,282.2,,-145.3,145.3,0.0,136.9,-22.9,22.2,23.8,-1.6,0.0,0.7,114.0,-42.8,71.2,0.0,,,71.2,0.0,71.2,0.0,0.0,71.2,71.2,,99.4,0.715,0.715,0.73,101.8,0.7,0.7,0.715,
09/30/2005,1541.4,,-1298.3,,243.1,,-141.6,141.6,0.0,101.5,-19.1,22.7,24.0,-1.3,0.0,-3.6,82.4,-30.5,51.9,0.0,,,51.9,0.0,51.9,0.0,0.0,51.9,51.9,,99.6,0.52,0.52,0.535,102.2,0.51,0.51,0.525,
12/31/2005,1568.3,,-1328.2,,240.1,,-167.7,,,72.4,-22.1,,26.0,-2.8,0.0,-1.1,50.3,-13.0,37.3,2.5,,,34.8,0.0,34.8,0.0,0.0,34.8,34.8,,99.8,0.35,0.37,0.535,104.6,0.34,0.36,0.515,
03/31/2006,1693.900024,,-1386.400024,,307.5,,-165.600006,,,141.899994,-21.2,22.299999,24.5,-2.2,0.0,-1.1,120.699994,-43.799999,76.900002,-1.9,,,78.799995,0.0,78.800003,0.0,0.0,78.800003,78.800003,,99.800003,0.79,0.77,0.77,102.400002,0.77,0.75,0.75,
06/30/2006,2020.400024,,-1627.699951,,392.700073,,-185.5,,,207.199997,-28.9,21.1,26.1,-5.0,0.0,7.8,178.299997,-65.099998,113.199997,-6.0,,,119.199998,0.0,119.199997,0.0,0.0,119.199997,119.199997,,200.399994,0.595,0.565,0.585,205.199997,0.58,0.55,0.57,
09/30/2006,1903.699951,,-1536.300049,,367.399902,,-176.300003,,,191.100006,-32.299999,16.299999,21.299999,-5.0,0.0,16.0,158.800007,-53.200001,105.599998,4.6,,,101.000006,0.0,101.0,0.0,0.0,101.0,101.0,,101.0,1.0,1.05,1.21,103.199997,0.98,1.02,1.18,
12/31/2006,2029.6,,-1654.1,,375.5,,-206.1,,,169.4,-12.4,,18.8,-3.3,0.0,-3.1,157.0,-56.1,100.9,0.0,,,100.9,0.0,100.9,0.0,0.0,100.9,100.9,,101.6,0.99,0.99,0.99,104.0,0.97,0.97,0.97,
03/31/2007,2012.7,,-1600.7,,412.0,,-211.3,211.3,0.0,200.7,-18.7,10.8,14.2,-3.4,0.0,7.9,182.0,-68.2,113.8,0.0,,,113.8,0.0,113.8,0.0,0.0,113.8,113.8,,102.2,1.11,1.11,1.19,104.7,1.09,1.09,1.17,
06/30/2007,2342.2,,-1835.1,,507.1,,-222.6,,,284.5,-13.2,11.2,14.7,-3.5,0.0,2.0,271.3,-96.7,174.6,0.0,,,174.6,0.0,174.6,0.0,0.0,174.6,174.6,,102.8,1.7,1.7,1.7,104.9,1.66,1.66,1.66,
09/30/2007,2196.5,,-1732.199951,,464.300049,,-228.0,,,236.300003,-6.3,10.1,14.6,-4.5,0.0,-3.8,230.000003,-78.5,151.5,0.0,,,151.500003,0.0,151.5,0.0,0.0,151.5,151.5,,102.599998,1.48,1.48,1.48,104.599998,1.45,1.45,1.45,
12/31/2007,2586.3,,-2087.7,,498.6,,-258.7,,,239.9,-3.9,14.6,22.3,-7.7,0.0,-10.7,236.0,-62.0,174.0,0.0,,,174.0,0.0,174.0,0.0,0.0,174.0,174.0,,101.9,1.71,1.71,1.71,104.1,1.67,1.67,1.67,
03/31/2008,2362.7,,-1848.7,,514.0,,-257.7,257.7,0.0,256.3,-9.8,16.4,25.5,-9.1,,-6.6,246.5,-83.2,163.3,0.0,,,163.3,0.0,163.3,0.0,0.0,163.3,163.3,0.0,101.1,1.62,1.62,1.62,103.0,1.59,1.59,1.59,
06/30/2008,2935.9,,-2284.7,,651.2,,-280.3,280.3,0.0,370.9,-17.8,19.3,24.3,-5.0,0.0,-1.5,353.1,-116.8,236.3,0.0,,,236.3,0.0,236.3,0.0,0.0,236.3,236.3,0.0,100.5,2.35,2.35,2.35,102.0,2.32,2.32,2.32,
09/30/2008,2514.6,,-2068.4,,446.2,,-279.0,279.0,0.0,167.2,-28.5,22.0,26.4,-4.4,,6.5,138.7,-44.9,93.8,,,,93.8,,93.8,0.0,0.0,93.8,93.8,0.0,96.1,0.98,0.98,0.98,98.1,0.96,0.96,0.96,
12/31/2008,1656.1,,-1433.7,,222.4,,-215.3,215.3,0.0,7.1,-491.5,23.3,26.7,-3.4,,468.2,-484.4,33.4,-451.0,-30.8,,,-420.2,-1.3,-421.5,0.0,0.0,-421.5,-421.5,298.935,94.6,-4.46,-4.78,-1.648679,94.6,-4.46,-4.78,-1.648679,
03/31/2009,965.8,965.8,-898.7,898.7,67.1,0.0,-178.1,178.1,0.0,-111.0,-25.5,22.3,23.4,-1.1,,3.2,-136.5,38.4,-98.1,-23.6,-23.6,0.0,-74.5,-0.4,-74.9,0.0,0.0,-74.9,-85.565,12.935,94.8,-0.79,-1.04,-0.902584,94.8,-0.79,-1.04,-0.903555,
06/30/2009,947.3,947.3,-881.5,881.5,65.8,0.0,-180.9,180.9,0.0,-115.1,-23.5,24.4,25.2,-0.8,,-0.9,-138.6,39.4,-99.2,-22.0,-22.0,0.0,-77.2,-0.4,-77.6,0.0,0.0,-77.6,-76.98,22.62,99.1,-0.78,-1.0,-0.776791,99.1,-0.78,-1.0,-0.776791,
09/30/2009,933.9,933.9,-864.4,864.4,69.5,0.0,-169.8,169.8,0.0,-100.3,-32.7,31.2,32.5,-1.3,,1.5,-133.0,27.5,-105.5,-3.3,-3.3,0.0,-102.2,-0.9,-103.1,0.0,0.0,-103.1,-102.045,4.355,108.1,-0.95,-0.98,-0.943987,108.1,-0.95,-0.98,-0.943987,
12/31/2009,1011.4,1011.4,-916.8,916.8,94.6,0.0,-169.9,169.9,0.0,-75.3,-40.4,36.6,38.3,-1.7,,3.8,-115.7,12.1,-103.6,39.8,39.8,0.0,-143.4,0.6,-142.8,0.0,0.0,-142.8,-97.54,5.46,108.2,-1.32,-0.95,-0.901479,108.2,-1.32,-0.95,-0.901479,
03/31/2010,935.9,935.9,-837.4,837.4,98.5,0.0,-165.0,165.0,0.0,-66.5,-47.7,34.8,35.9,-1.1,,12.9,-114.2,36.9,-77.3,-618.9,-618.9,0.0,541.6,-1.7,539.9,0.0,0.0,539.9,-69.51,9.49,108.4,4.98,-0.73,-0.641236,108.4,4.98,-0.73,-0.642454,
06/30/2010,1079.9,1079.9,-925.0,925.0,154.9,0.0,-165.3,165.3,0.0,-10.4,-24.9,33.4,35.4,-2.0,,-8.5,-35.3,23.6,-11.7,27.2,27.2,0.0,-38.9,-1.4,-40.3,0.0,0.0,-40.3,-7.085,4.615,108.7,-0.37,-0.12,-0.078059,108.7,-0.37,-0.12,-0.078059,
09/30/2010,1075.8,1075.8,-911.9,911.9,163.9,0.0,-160.3,160.3,0.0,3.6,-54.8,33.3,36.1,-2.8,,21.5,-51.2,-38.6,-89.8,4.9,4.9,0.0,-94.7,-1.1,-95.8,0.0,0.0,-95.8,-90.12,0.78,108.8,-0.88,-0.84,-0.828309,108.8,-0.88,-0.84,-0.832831,
12/31/2010,1326.6,1326.6,-1141.0,1141.0,185.6,0.0,-186.1,186.1,0.0,-0.5,-37.1,34.1,38.0,-3.9,,3.0,-37.6,4.9,-32.7,12.8,12.8,0.0,-45.5,0.2,-45.3,0.0,0.0,-45.3,-26.26,6.24,108.9,-0.42,-0.3,-0.241139,108.9,-0.42,-0.3,-0.2427,
03/31/2011,1256.2,1256.2,-1089.0,1089.0,167.2,0.0,-176.5,176.5,0.0,-9.3,19.5,26.1,28.2,-2.1,,-45.6,10.2,-6.0,4.2,-6.7,-6.7,0.0,10.9,0.8,11.7,0.0,0.0,11.7,-23.71,-28.71,109.2,0.11,0.05,-0.217125,116.6,0.1,0.04,-0.217125,
06/30/2011,1488.2,1488.2,-1273.3,1273.3,214.9,0.0,-208.1,208.1,0.0,6.8,9.7,24.9,27.9,-3.0,,-34.6,16.5,-16.3,0.2,1.4,1.4,0.0,-1.2,0.7,-0.5,0.0,0.0,-0.5,-6.31,-7.21,109.5,-0.004566,0.01,-0.057626,109.5,-0.004566,0.01,-0.057626,
09/30/2011,1803.6,1803.6,-1528.0,1528.0,275.6,0.0,-223.0,223.0,0.0,52.6,14.7,33.9,37.1,-3.2,,-48.6,67.3,-34.2,33.1,0.0,0.0,0.0,33.1,3.8,36.9,0.0,0.0,36.9,30.47,-6.43,109.6,0.34,0.34,0.278011,110.3,0.33,0.33,0.271704,
12/31/2011,1956.6,1956.6,-1654.0,1654.0,302.6,0.0,-271.5,271.5,0.0,31.1,-40.6,35.7,41.7,-6.0,,4.9,-9.5,6.1,-3.4,-1.3,-1.3,0.0,-2.1,-0.8,-2.9,0.0,0.0,-2.9,15.325,19.525,109.7,-0.03,-0.04,0.139699,109.7,-0.03,-0.04,0.137985,
03/31/2012,1819.4,1819.4,-1488.6,1488.6,330.8,0.0,-267.0,267.0,0.0,63.8,-33.4,37.9,40.5,-2.6,,-4.5,30.4,-8.8,21.6,-2.5,-2.5,0.0,24.1,-1.1,23.0,0.0,0.0,23.0,33.19,12.69,109.9,0.21,0.19,0.302002,114.3,0.2,0.18,0.291024,
06/30/2012,2011.5,2011.5,-1582.9,1582.9,428.6,0.0,-253.6,253.6,0.0,175.0,-50.4,44.4,46.9,-2.5,,6.0,124.6,-44.1,80.5,-2.3,-2.3,0.0,82.8,3.1,85.9,0.0,0.0,85.9,84.705,1.105,110.4,0.78,0.76,0.767255,111.4,0.77,0.75,0.759919,
09/30/2012,1822.0,1822.0,-1443.4,1443.4,378.6,0.0,-246.7,246.7,0.0,131.9,-94.8,41.3,42.6,-1.3,,53.5,37.1,-8.8,28.3,0.0,0.0,0.0,28.3,1.9,30.2,0.0,0.0,30.2,61.525,31.325,110.5,0.27,0.27,0.556787,113.3,0.27,0.27,0.546478,
12/31/2012,1619.8,1619.8,-1319.8,1319.8,300.0,0.0,-277.0,277.0,0.0,23.0,-63.7,32.2,34.6,-2.4,,31.5,-40.7,9.2,-31.5,0.1,-1.8,1.9,-31.6,-1.7,-33.3,0.0,0.0,-33.3,-2.385,30.815,110.5,-0.3,-0.3,-0.021584,110.5,-0.3,-0.3,-0.021584,
03/31/2013,1653.7,1653.7,-1332.5,1332.5,321.2,0.0,-255.6,255.6,0.0,65.6,-33.3,31.7,33.4,-1.7,,1.6,32.3,-14.6,17.7,-4.6,-4.6,0.0,22.3,1.6,23.9,0.0,0.0,23.9,25.1,5.8,110.8,0.22,0.18,0.226534,116.1,0.21,0.17,0.219957,
06/30/2013,1861.5,1861.5,-1510.3,1510.3,351.2,0.0,-267.7,267.7,0.0,83.5,-37.1,29.6,31.4,-1.8,,7.5,46.4,-27.7,18.7,-0.9,-0.9,0.0,19.6,1.7,21.3,0.0,0.0,21.3,77.78,57.38,111.2,0.19,0.18,0.69946,115.8,0.18,0.17,0.665509,
09/30/2013,1757.0,1757.0,-1375.6,1375.6,381.4,0.0,-242.8,242.8,0.0,138.6,-32.0,30.3,31.8,-1.5,,1.7,106.6,-22.8,83.8,-9.9,-9.9,0.0,93.7,0.7,94.4,0.0,0.0,94.4,86.775,2.275,111.3,0.85,0.76,0.77965,116.2,0.81,0.73,0.749578,
12/31/2013,1811.8,1811.8,-1426.1,1426.1,385.7,0.0,-254.3,254.3,0.0,131.4,-25.4,27.8,29.5,-1.7,,-2.4,106.0,-22.3,83.7,-1.6,-1.6,0.0,85.3,1.1,86.4,0.0,0.0,86.4,81.095,-3.705,111.3,0.78,0.76,0.728616,117.4,0.74,0.72,0.688441,
03/31/2014,1654.6,1654.6,-1321.2,1321.2,333.4,0.0,-258.4,258.4,0.0,75.0,-32.0,29.1,30.4,-1.3,,2.9,43.0,-11.5,31.5,-2.4,-2.4,0.0,33.9,1.1,35.0,0.0,0.0,35.0,32.6,0.0,110.8,0.32,0.3,0.3,117.3,0.3,0.28,0.28,
06/30/2014,2055.1,2055.1,-1631.3,1631.3,423.8,0.0,-262.9,262.9,0.0,160.9,-32.5,30.5,31.7,-1.2,,2.0,128.4,-40.0,88.4,-52.0,-52.0,0.0,140.4,-0.6,139.8,0.0,0.0,139.8,88.255,0.455,110.3,1.27,0.8,0.800136,115.8,1.21,0.76,0.763929,
09/30/2014,1809.8,1809.8,-1452.5,1452.5,357.3,0.0,-240.5,240.5,0.0,116.8,-30.4,26.5,28.8,-2.3,,3.9,86.4,-27.7,58.7,-5.5,-5.5,0.0,64.2,0.0,64.2,0.0,0.0,64.2,67.345,8.645,110.2,0.58,0.53,0.611116,115.4,0.56,0.51,0.584913,
12/31/2014,1789.4,1789.4,-1450.4,1450.4,339.0,0.0,-268.6,268.6,0.0,70.4,-31.0,26.4,28.2,-1.8,,4.6,39.4,41.5,80.9,-0.1,-0.1,0.0,81.0,-1.0,80.0,0.0,0.0,80.0,121.4,41.5,107.8,0.74,0.74,1.12616,112.2,0.71,0.71,1.079875,
03/31/2015,1495.6,1495.6,-1219.0,1219.0,276.6,0.0,-232.4,232.4,0.0,44.2,-34.1,27.2,28.2,-1.0,,6.9,10.1,-11.6,-1.5,-3.1,-3.1,0.0,1.6,-0.6,1.0,0.0,0.0,1.0,-2.1,0.0,106.3,0.01,-0.02,-0.02,106.3,0.01,-0.02,-0.02,
06/30/2015,1442.9,1442.9,-1140.7,1140.7,302.2,0.0,-166.1,166.1,0.0,136.1,-30.4,27.0,27.9,-0.9,,3.4,105.7,-29.8,75.9,-10.0,-10.0,0.0,85.9,-1.1,84.8,0.0,0.0,84.8,74.8,0.0,106.2,0.8,0.71,0.71,109.0,0.78,0.7,0.7,
09/30/2015,1255.4,1255.4,-1003.0,1003.0,252.4,0.0,-160.3,160.3,0.0,92.1,-36.2,24.7,25.7,-1.0,,11.5,55.9,-25.6,30.3,-14.6,-14.6,0.0,44.9,-1.3,43.6,0.0,0.0,43.6,47.0,18.0,108.5,0.4,0.28,0.445161,109.2,0.4,0.28,0.444835,
12/31/2015,1167.6,1167.6,-952.3,952.3,215.3,0.0,-158.1,158.1,0.0,57.2,-30.5,24.6,25.6,-1.0,,5.9,26.7,-3.0,23.7,7.1,7.1,0.0,16.6,-0.1,16.5,0.0,0.0,16.5,31.8,8.2,108.5,0.15,0.22,0.293088,109.4,0.15,0.22,0.293088,
03/31/2016,1114.3,1114.3,-932.6,932.6,181.7,0.0,-170.4,170.4,0.0,11.3,-29.4,23.5,24.7,-1.2,,5.9,-18.1,-3.9,-22.0,49.0,49.0,0.0,-71.0,0.2,-70.8,0.0,0.0,-70.8,5.2,27.0,108.8,-0.65,-0.2,0.047794,108.8,-0.65,-0.2,0.047794,
06/30/2016,1297.7,1297.7,-1055.6,1055.6,242.1,0.0,-168.7,168.7,0.0,73.4,-30.9,24.4,25.5,-1.1,,6.5,42.5,67.1,109.6,45.0,45.0,0.0,64.6,0.5,65.1,0.0,0.0,65.1,77.46,-32.64,109.2,0.6,1.01,0.704762,109.6,0.59,1.0,0.70219,
09/30/2016,1056.4,1056.4,-872.5,872.5,183.9,0.0,-144.3,144.3,0.0,39.6,-25.7,24.4,25.4,-1.0,,1.3,13.9,19.3,33.2,-64.1,-64.1,0.0,97.3,-0.5,96.8,0.0,0.0,96.8,26.4,-6.3,107.6,0.9,0.31,0.250929,108.6,0.89,0.31,0.250929,
12/31/2016,974.7,974.7,-870.0,870.0,104.7,0.0,-376.8,376.8,0.0,-272.1,-36.9,25.4,26.4,-1.0,,11.5,-309.0,-5.1,-314.1,-47.7,-47.7,0.0,-266.4,-0.8,-267.2,0.0,0.0,-267.2,-0.3,314.6,105.9,-2.52,-2.96,-0.002833,105.9,-2.52,-2.96,-0.002833,
03/31/2017,1006.9,1006.9,-854.6,854.6,152.3,0.0,-157.0,157.0,0.0,-4.7,-83.9,19.6,21.4,-1.8,,64.3,-88.6,28.3,-60.3,-55.7,-55.7,0.0,-4.6,,-4.6,0.0,0.0,-4.6,5.5,65.8,105.2,-0.04,-0.57,0.052281,105.2,-0.04,-0.57,0.052281,
06/30/2017,1181.7,1181.7,-941.0,941.0,240.7,0.0,-163.0,163.0,0.0,77.7,40.8,13.6,15.1,-1.5,,-54.4,118.5,-23.1,95.4,-5.4,-5.4,0.0,100.8,,100.8,0.0,0.0,100.8,49.6,-45.8,95.7,1.05,0.99,0.518286,97.1,1.04,0.98,0.508321,
09/30/2017,1111.2,1111.2,-892.2,892.2,219.0,0.0,-153.1,153.1,0.0,65.9,-9.2,13.6,15.5,-1.9,,-4.4,56.7,-0.1,56.6,-2.6,-2.6,0.0,59.2,,59.2,0.0,0.0,59.2,45.0,-11.6,88.0,0.67,0.64,0.511364,90.0,0.66,0.63,0.501111,
12/31/2017,1063.6,1063.6,-859.6,859.6,204.0,0.0,-163.0,163.0,0.0,41.0,-15.6,13.8,15.5,-1.7,,1.8,25.4,-57.1,-31.7,-5.0,-5.0,0.0,-26.7,,-26.7,0.0,0.0,-26.7,28.3,60.0,82.7,-0.32,-0.38,0.342201,82.7,-0.32,-0.38,0.342201,
03/31/2018,1116.6,1116.6,-888.0,888.0,228.6,0.0,-134.3,134.3,0.0,94.3,-11.4,12.6,15.9,-3.3,,-1.2,82.9,-14.2,68.7,18.4,18.4,0.0,50.3,,50.3,0.0,0.0,50.3,69.9,1.2,79.7,0.63,0.86,0.877039,81.7,0.62,0.84,0.854688,
06/30/2018,1253.0,1253.0,-974.4,974.4,278.6,0.0,-146.2,146.2,0.0,132.4,-17.8,16.2,18.2,-2.0,,1.6,114.6,-30.4,84.2,26.4,26.4,0.0,57.8,,57.8,0.0,0.0,57.8,101.1,16.9,75.5,0.77,1.11,1.339073,76.7,0.75,1.1,1.320339,
09/30/2018,1098.8,1098.8,-858.7,858.7,240.1,0.0,-135.9,135.9,0.0,104.2,-20.4,16.7,18.4,-1.7,,3.7,83.8,-14.6,69.2,30.6,30.6,0.0,38.6,,38.6,0.0,0.0,38.6,80.8,11.6,73.7,0.52,0.94,1.096336,75.1,0.51,0.92,1.074461,
12/31/2018,1048.8,1048.8,-834.2,834.2,214.6,0.0,-133.0,133.0,0.0,81.6,-75.8,18.6,20.3,-1.7,,57.2,5.8,13.8,19.6,52.6,52.6,0.0,-33.0,,-33.0,0.0,0.0,-33.0,59.3,39.7,72.8,-0.45,0.27,0.81456,74.0,-0.45,0.26,0.796486,
03/31/2019,1136.6,1136.6,-898.8,898.8,237.8,0.0,-138.1,138.1,0.0,99.7,-24.5,21.3,23.0,-1.7,,3.2,75.2,-18.0,57.2,123.8,123.8,0.0,-66.6,,-66.6,0.0,0.0,-66.6,62.3,5.1,70.6,-0.94,0.81,0.882436,71.8,-0.94,0.79,0.861031,
06/30/2019,1306.9,1306.9,-1035.1,1035.1,271.8,0.0,-145.8,145.8,0.0,126.0,-24.1,22.8,24.6,-1.8,,1.3,101.9,-20.3,81.6,6.5,6.5,0.0,75.1,,75.1,0.0,0.0,75.1,83.898,2.298,71.2,1.05,1.14,1.178343,71.7,1.05,1.14,1.17205,
09/30/2019,1024.6,1024.6,-815.0,815.0,209.6,0.0,-123.2,123.2,0.0,86.4,-18.5,20.1,22.0,-1.9,,-1.6,67.9,-15.5,52.4,31.0,31.0,0.0,21.4,,21.4,0.0,0.0,21.4,55.977,3.577,71.3,0.3,0.73,0.785091,71.8,0.3,0.73,0.779819,
12/31/2019,885.0,885.0,-716.4,716.4,168.6,0.0,-145.7,145.7,0.0,22.9,-20.4,17.2,18.3,-1.1,,3.2,2.5,16.0,18.5,-6.0,-6.0,0.0,24.5,,24.5,0.0,0.0,24.5,25.7,7.2,71.2,0.34,0.26,0.360955,71.9,0.34,0.26,0.360139,
03/31/2020,833.6,833.6,-696.9,696.9,136.7,0.0,-143.8,143.8,0.0,-7.1,-18.4,16.8,17.7,-0.9,,1.6,-25.5,0.8,-24.7,0.2,0.2,0.0,-24.9,0.0,-24.9,0.0,0.0,-24.9,-24.7,0.0,70.5,-0.35,-0.35,-0.35,70.5,-0.35,-0.35,-0.35,
06/30/2020,690.5,690.5,-583.4,583.4,107.1,0.0,-99.7,99.7,0.0,7.4,-13.6,15.7,16.5,-0.8,,-2.1,-6.2,3.0,-3.2,6.0,6.0,0.0,-9.2,0.0,-9.2,0.0,0.0,-9.2,2.1,5.3,69.3,-0.13,-0.05,0.030303,69.3,-0.13,-0.05,0.026479,
09/30/2020,749.786,,,,122.79245322,,,,,19.5,,,,,,,2.054,,3.255,,,,,,3.255,,,3.255,2.352,,,0.022,0.022,0.018,,0.022,0.022,0.018,
12/31/2020,739.0,,,,135.78386,,,,,13.525,,,,,,,-1.687,,-2.414,,,,,,-2.414,,,-2.414,-1.623,,,-0.043,-0.043,-0.054,,-0.043,-0.043,-0.054,
