Date,Net Revenue,Net Interest Income,Total Interest Income,Interest Income,Investment Income,Total Interest Expense,Total Non-Interest Income,Trading Securities G/L,Trading Account Profits/Losses,Investment & Loan Inc (Loss),Other Income (Loss),Commissions & Fees Earned,Other Operating Income (Losses),Provision for Loan Losses,Net Revenue after Provisions,Total Non-Interest Expense,Commissions & Fees Paid,Other Operating Expenses,Operating Income (Loss),Non-Operating (Income) Loss,Other Non-Op (Income) Loss,"Pretax Income (Loss), GAAP",Income Tax Expense (Benefit),Income (Loss) from Cont Ops,Net Extraordinary Losses (Gains),Discontinued Operations,XO & Accounting Changes,Income (Loss) Incl. MI,Minority Interest,"Net Income, GAAP",Preferred Dividends,Other Adjustments,"Net Income Avail to Common, GAAP","Net Income Avail to Common, Adj",Net Abnormal Losses (Gains),Basic Weighted Avg Shares,"Basic EPS, GAAP",Basic EPS from Cont Ops,"Basic EPS from Cont Ops, Adjusted",Diluted Weighted Avg Shares,"Diluted EPS, GAAP",Diluted EPS from Cont Ops,"Diluted EPS from Cont Ops, Adjusted",Source: Bloomberg
03/31/1990,40.152001,31.839001,76.958,60.616001,16.341999,-45.118999,8.313,0.056,,,,6.781,1.476,-4.737,35.415001,-26.673,,26.673,8.742,,,8.742,-2.579,6.163,0.0,,,6.163,0.0,6.163,0.0,,6.163,6.163,,5.342758,0.135,0.135,,5.342758,0.135,0.135,0.135,
06/30/1990,40.864,32.636,79.546999,62.376999,17.17,-46.910999,8.228,0.029,,,,6.893,1.306,-3.367,37.497,-27.809999,,27.809999,9.687,,,9.687,-2.905,6.782,0.0,,,6.782,0.0,6.782,0.0,,6.782,6.782,,45.342758,0.15,0.15,,45.342758,0.15,0.15,0.15,
09/30/1990,40.431,32.65,80.462999,60.257999,20.205,-47.813,7.781,-0.028,,,,6.872,0.937,-5.97,34.461,-27.708,,27.708,6.753,,,6.753,-1.596,5.157,0.0,,,5.157,0.0,5.157,0.0,,5.157,5.157,,45.401718,0.115,0.115,,45.401718,0.115,0.115,0.115,
12/31/1990,44.071999,34.925999,86.474998,70.683998,15.791,-51.549,9.146,0.736,,,,6.809,1.601,-7.215,36.856999,-30.691,,30.691,6.166,0.497,-0.497,6.663,-1.898,4.765,0.0,,,4.765,0.0,4.765,0.0,,4.765,4.765,,45.380959,0.105,0.105,,45.380959,0.105,0.105,0.105,
03/31/1991,44.342999,33.823999,79.404001,61.567001,17.837,-45.580002,10.519,0.586,,,,7.199,2.734,-5.468,38.874999,-29.312,,29.312,9.563,0.0,0.0,9.563,-2.859,6.704,0.0,,,6.704,0.0,6.704,0.0,,6.704,6.704,,45.336121,0.15,0.15,,45.336121,0.15,0.15,0.15,
06/30/1991,46.274,37.576,80.276001,63.651001,16.625,-42.700001,8.698,0.831,,,,7.476,0.391,-5.009,41.265,-30.757999,,30.757999,10.507,0.0,0.0,10.507,-3.256,7.251,0.0,,,7.251,0.0,7.251,0.0,,7.251,7.251,,45.338161,0.16,0.16,,45.338161,0.16,0.16,0.16,
09/30/1991,47.898998,39.432999,81.341999,64.737,16.605,-41.909,8.466,0.042,,,,7.825,0.599,-4.118,43.780998,-31.433001,,31.433001,12.348,0.0,0.0,12.348,-4.035,8.313,0.0,,,8.313,0.0,8.313,0.0,,8.313,8.313,,45.338161,0.18,0.18,,45.338161,0.18,0.18,0.18,
12/31/1991,52.142002,40.573002,82.290001,63.164001,19.125999,-41.716999,11.569,2.909,,,,7.896,0.764,-4.172,47.970002,-35.361,,35.361,12.609,0.0,0.0,12.609,-4.098,8.511,0.0,,,8.511,0.0,8.511,0.0,,8.511,8.511,,44.793999,0.19,0.19,,44.793999,0.19,0.19,0.19,
03/31/1992,56.786996,46.181995,88.637997,64.518997,24.118999,-42.456001,10.605,0.006,,,,9.399,1.2,-4.193,52.593996,-35.938,,35.938,16.656,0.0,0.0,16.656,-5.48,11.176,0.0,,,11.176,0.0,11.176,-0.708,,10.468,10.468,,56.534618,0.185,0.185,,56.534618,0.185,0.185,0.185,
06/30/1992,63.013999,52.386,94.768,67.404999,27.363001,-42.382,10.628,0.062,,,,9.605,0.961,-3.716,59.297999,-38.860001,,38.860001,20.438,0.0,0.0,20.438,-6.928,13.51,0.0,,,13.51,0.0,13.51,-1.299,,12.211,12.211,,60.882961,0.2,0.2,,60.882961,0.2,0.2,0.2,
09/30/1992,65.398002,54.221003,94.219004,66.814003,27.405001,-39.998001,11.177,0.0,,,,10.315,0.862,-3.741,61.657002,-38.009998,,38.009998,23.646999,0.0,0.0,23.646999,-8.215,15.432,0.0,,,15.431999,0.0,15.432,-1.299,,14.133,14.133,,60.80518,0.23,0.23,,60.80518,0.23,0.23,0.23,
12/31/1992,66.350002,55.180002,93.377001,66.165001,27.212,-38.196999,11.17,-0.167,,,,10.177,1.16,-3.125,63.225002,-44.004002,0.0,44.004002,19.221001,0.0,0.0,19.221001,-12.1,7.121,0.0,,,7.121001,0.0,7.121,-2.007,,5.114,5.114,,50.82,0.1,0.1,0.1,50.82,0.1,0.1,0.1,
03/31/1993,107.046999,74.792999,135.119999,99.823997,35.296001,-60.327,32.254,15.018,,,,15.635,1.601,-3.662,103.384999,-64.091003,0.0,64.091003,39.293999,0.0,0.0,39.293999,-14.054,25.24,27.217,,,-1.977001,0.0,-1.977,-1.299,,-3.276,-3.276,,83.671997,-0.04,0.285,,83.671997,-0.04,0.285,0.285,
06/30/1993,98.254,76.887001,136.177002,101.277,34.900002,-59.290001,21.366999,0.009,,,,17.747999,3.61,-4.291,93.963,-61.285999,0.0,61.285999,32.676998,0.0,0.0,32.676998,-10.049,22.628,0.0,,,22.627998,0.0,22.628,-1.299,,21.329,21.329,,83.926003,0.255,0.255,,83.926003,0.255,0.255,0.255,
09/30/1993,97.804999,77.877998,136.231998,100.765999,35.466,-58.354,19.927,0.17,,,,16.343,3.414,-3.54,94.264999,-61.099998,0.0,61.099998,33.165001,0.0,0.0,33.165001,-11.436,21.729,0.0,,,21.729001,0.0,21.729,-1.299,,20.43,20.43,,84.206001,0.245,0.245,,84.206001,0.245,0.245,0.245,
12/31/1993,95.029003,80.905003,139.781002,105.675003,34.105999,-58.875999,14.124,4.317,,,,9.602,0.205,-19.945,75.084003,-149.582001,0.0,149.582001,-74.498001,0.0,0.0,-74.498001,13.094,-61.403999,0.0,,,-61.404001,0.0,-61.403999,-1.301,,-62.704999,-62.704999,,87.089996,-0.72,-0.72,-0.72,87.089996,-0.72,-0.72,-0.72,
03/31/1994,237.430995,178.659996,306.241997,234.203995,72.038002,-127.582001,58.770999,1.521,,,,48.404999,8.845,-5.501,231.929995,-147.977997,0.0,147.977997,83.952003,0.0,0.0,83.952003,-28.981001,54.971001,0.0,,,54.971003,0.0,54.971001,-1.299,,53.672001,53.672001,,203.686005,0.265,0.265,,203.686005,0.265,0.265,0.265,
06/30/1994,234.510992,181.265991,317.770996,245.121994,72.649002,-136.505005,53.245001,0.627,,,,45.095001,7.523,-2.902,231.608992,-145.139999,0.0,145.139999,86.469002,0.0,0.0,86.469002,-29.361,57.108002,0.0,,,57.108002,0.0,57.108002,-1.3,,55.808002,55.808002,,204.056,0.275,0.275,,204.056,0.275,0.275,0.275,
09/30/1994,242.335998,186.575996,336.788994,264.744995,72.043999,-150.212997,55.760002,0.919,,,,47.691002,7.15,-2.339,239.996998,-144.080002,0.0,144.080002,95.917,0.0,0.0,95.917,-33.765999,62.151001,0.0,,,62.151001,0.0,62.151001,-1.299,,60.852001,60.852001,,205.141998,0.295,0.295,,205.141998,0.295,0.295,0.295,
12/31/1994,248.535,190.264,357.243004,282.169006,75.073997,-166.979004,58.271,0.007,,,,41.84,16.424,-7.104,241.431,-146.138,0.0,146.138,95.292999,0.0,0.0,95.292999,-32.651001,62.641998,0.0,,,62.641998,0.0,62.641998,-1.3,,61.341998,61.341998,,205.895996,0.3,0.3,,205.895996,0.3,0.3,0.3,
03/31/1995,219.798007,182.821007,368.637001,294.035004,74.601997,-185.815994,36.977001,-19.844999,,,,51.042,5.78,-7.0,212.798007,-141.350998,0.0,141.350998,71.446999,-88.0,88.0,-16.553001,4.208,-12.345,0.0,,,-12.345001,0.0,-12.345,-1.299,,-13.644,-13.644,,206.761993,-0.065,-0.065,,206.761993,-0.065,-0.065,-0.065,
06/30/1995,252.338999,184.961998,390.096992,310.412994,79.683998,-205.134995,67.377001,0.0,,,,50.388,16.989,-7.0,245.338999,-159.903,0.0,159.903,85.435997,0.0,0.0,85.435997,-27.528,57.908001,0.0,,,57.907997,0.0,57.908001,-1.289,,56.619001,56.619001,,207.048004,0.275,0.275,,207.048004,0.275,0.275,0.275,
09/30/1995,245.835995,184.270996,394.25499,314.72699,79.528,-209.983994,61.564999,1.114,,,,54.632999,5.818,-7.0,238.835995,-144.742996,0.0,144.742996,94.093002,0.0,0.0,94.093002,-31.613001,62.48,0.0,,,62.480001,0.0,62.48,-1.255,,61.225,61.225,,208.735992,0.295,0.295,,208.735992,0.295,0.295,0.295,
12/31/1995,275.691005,210.616005,423.623009,345.014008,78.609001,-213.007004,65.075,0.131,,,,59.667,5.277,-13.632,262.059005,-127.731003,0.0,127.731003,134.328003,-19.5,19.5,114.828003,-36.529999,78.297997,0.0,,,78.298004,0.0,78.297997,-1.236,,77.061997,77.061997,,218.0,0.315,0.315,,218.0,0.315,0.315,0.315,
03/31/1996,,,,,,,,,,,,,,,,,,,124.681,0.0,0.0,124.681,-41.951,82.730003,0.0,,,82.73,0.0,82.730003,-0.153,,82.577003,82.577003,,280.440002,0.295,0.295,0.295,280.440002,0.295,0.295,0.295,
06/30/1996,,,,,,,,,,,,,,,,,,,133.569,0.0,0.0,133.569,-44.449001,89.120003,0.0,,,89.119999,0.0,89.120003,-0.153,,88.967003,88.967003,,278.5,0.32,0.32,0.32,278.5,0.32,0.32,0.32,
09/30/1996,,,,,,,,,,,,,,,,,,,134.139999,-33.799999,33.799999,100.34,-31.999001,68.341003,0.0,,,68.341,0.0,68.341003,-0.153,,68.188003,68.188003,,278.941986,0.245,0.245,0.32,278.941986,0.245,0.245,0.32,
12/31/1996,256.764,161.706,398.833,398.833,0.0,-237.127,95.058,36.858,,,,51.184,7.016,-18.35,238.414,-206.228,0.0,206.228,969.624,0.0,0.0,969.624,-131.517,41.533,0.0,,,838.107,0.0,89.984,,,89.984,89.984,,273.432756,0.33,0.33,0.33,278.003792,0.325,0.325,0.325,
03/31/1997,372.218,274.069,526.983,417.937,109.046,-252.914,98.149,1.8,,,,89.372,6.977,-21.12,351.098,-198.674,,198.674,152.424,,,152.424,-52.346,100.078,,,,100.078,,100.078,,,100.078,100.078,,284.693316,0.35,0.35,0.35,289.655264,0.345,0.345,0.345,
06/30/1997,390.694022,293.35202,573.64801,573.64801,,-280.29599,97.342001,-0.933,,,,98.275002,,-24.92,365.774022,-208.423004,0.0,208.423004,157.350998,0.0,0.0,157.350998,-54.069,103.281998,0.0,,,103.281998,0.0,103.281998,0.0,,103.281998,103.281998,,287.507996,0.359,0.359,0.359,293.114014,0.35,0.35,0.35,
09/30/1997,442.804986,292.041992,571.085999,571.085999,,-279.044006,150.762994,1.016,,,,149.746994,,-21.844999,420.959987,-260.425995,0.0,260.425995,160.533997,-54.540001,54.540001,105.993996,-39.758999,66.235001,0.0,,,66.234997,0.0,66.235001,0.0,,66.235001,66.235001,,287.507996,0.23,0.23,0.3785,293.114014,0.23,0.23,0.375,
12/31/1997,405.273,293.990997,574.89801,574.89801,,-280.907013,111.282003,1.33,,,,109.952003,,-29.995001,375.277999,-209.237,0.0,209.237,166.041,-33.959999,33.959999,132.081001,-42.640999,89.440002,0.0,,,89.440002,0.0,89.440002,0.0,,89.440002,89.440002,,571.197628,0.155,0.155,0.2,582.195228,0.155,0.155,0.2,
03/31/1998,444.764,319.34,640.124,503.605,136.519,-320.784,125.424,2.501,,,,109.172,13.751,-23.438,421.326,-245.016,0.0,245.016,176.31,,,176.31,-55.865,120.445,0.0,,,120.445,0.0,120.445,0.0,0.0,120.445,120.445,,609.73403,0.2,0.2,0.2,622.56528,0.195,0.195,0.195,
06/30/1998,458.128,323.461,653.141,517.121,136.02,-329.68,134.667,1.293,,,,122.32,11.054,-23.038,435.09,-247.908,,247.908,187.182,0.0,0.0,187.182,-59.143,128.039,0.0,,,128.039,0.0,128.039,0.0,,128.039,128.039,,325.268,0.42,0.42,0.42,332.572,0.41,0.41,0.41,
09/30/1998,489.186,344.714,689.925,548.297,141.628,-345.211,144.472,2.277,,,,128.917,13.278,-21.428,467.758,-269.576,0.0,269.576,198.182,0.0,0.0,198.182,-62.773,135.409,0.0,,,135.409,0.0,135.409,0.0,0.0,135.409,135.409,,310.522891,0.44,0.44,0.44,316.482193,0.43,0.43,0.43,
12/31/1998,522.264,370.477,755.644,587.078,168.566,-385.167,151.787,2.12,,,,133.466,16.201,-20.631,501.633,-287.813,,287.813,213.82,,,213.82,-67.234,146.586,6.975,,,139.611,,139.611,,,139.611,139.611,,328.981759,0.45,0.45,0.45,335.757291,0.44,0.44,0.44,
03/31/1999,573.899,390.715,760.821,604.163,156.658,-370.106,183.184,0.194,,,,169.467,13.523,-21.569,552.33,-325.25,0.0,325.25,227.08,0.0,0.0,227.08,-73.072,154.008,0.0,,,154.008,0.0,154.008,0.0,,154.008,154.008,,343.404805,0.45,0.45,0.45,350.333049,0.44,0.44,0.44,
06/30/1999,628.872,421.691,818.092,641.67,176.422,-396.401,207.181,-2.895,,,,197.511,12.565,-23.739,605.133,-357.687,0.0,357.687,247.446,0.0,0.0,247.446,-79.545,167.901,0.0,,,167.901,0.0,167.901,0.0,,167.901,167.901,,351.436,0.48,0.48,0.48,358.314,0.47,0.47,0.47,
09/30/1999,714.557,491.945,964.875,756.33,208.545,-472.93,222.612,-1.882,,,,209.075,15.419,-24.352,690.205,-413.883,0.0,413.883,276.322,-19.7,19.7,256.622,-82.843,173.779,0.0,,,173.779,0.0,173.779,0.0,,173.779,173.779,,394.942,0.44,0.44,0.47,401.178,0.43,0.43,0.46,
12/31/1999,728.825019,503.256012,999.883026,794.447021,205.436005,-496.627014,225.569007,0.255,,,,206.751007,18.563,-24.358999,704.46602,-406.934998,0.0,406.934998,297.531006,-46.657001,46.657001,250.874005,-84.083,166.791,0.0,,,166.791005,0.0,166.791,0.0,0.0,166.791,166.791,,398.084991,0.42,0.42,0.5,403.817993,0.41,0.41,0.49,
03/31/2000,754.746,515.174,1046.141,836.221,209.92,-530.967,239.572,-0.104,,,,221.265,18.411,-26.767,727.979,-448.686,,448.686,279.293,,,279.293,-89.458,189.835,,,,189.835,,189.835,,,189.835,189.835,,407.978573,0.47,0.47,0.47,412.608438,0.46,0.46,0.46,
06/30/2000,793.284993,539.69899,1129.190994,911.731995,217.459,-589.492004,253.586003,-0.314,,,,227.481003,26.419001,-29.076,764.208993,-439.662994,0.0,439.662994,324.54599,-66.712997,66.712997,257.832993,-83.737,174.095993,0.0,,,174.095993,0.0,174.095993,0.0,0.0,174.095993,174.095993,,421.190002,0.41,0.41,0.52,426.398987,0.41,0.41,0.52,
09/30/2000,676.869,586.097,1259.961,1007.951,252.01,-673.864,90.772,-180.778,,,,244.162,27.388,-40.714,636.155,-536.084,,536.084,100.071,0.0,0.0,100.071,-27.597,72.474,0.0,,,72.474,0.0,72.474,0.0,0.0,72.474,72.474,,451.578894,0.16,0.16,0.16,456.725224,0.16,0.16,0.16,
12/31/2000,854.785939,574.551941,1277.142944,1049.517944,227.625,-702.591003,280.233998,5.247,,,,253.656998,21.33,-37.513,817.272939,-460.070007,0.0,460.070007,357.203003,-27.288,27.288,329.915003,-98.193001,231.722,0.0,,,231.722002,0.0,231.722,0.0,0.0,231.722,231.722,,448.631012,0.52,0.52,0.56,454.825989,0.51,0.51,0.55,
03/31/2001,917.465,585.454,1271.549,1010.882,260.667,-686.095,332.011,72.684,,,,243.661,15.666,-42.02,875.445,-538.498,0.0,538.498,336.947,0.0,0.0,336.947,-100.447,236.5,0.0,,,236.5,0.0,236.5,0.0,0.0,236.5,236.5,,452.634896,0.52,0.52,0.52,459.429071,0.51,0.51,0.51,
09/30/2001,957.673,621.691,1213.511,957.891,255.62,-591.82,335.982,2.423,,,,302.71,30.849,-68.5,889.173,-514.71,0.0,514.71,374.463,-67.201,67.201,307.262,-85.296,221.966,0.0,,,221.966,0.0,221.966,0.0,0.0,221.966,221.966,,454.346907,0.49,0.49,0.6,460.387879,0.48,0.48,0.59,
12/31/2001,987.833982,632.150986,1135.634995,881.606995,254.028,-503.484009,355.682997,32.344002,,,,293.300995,30.038,-65.0,922.833982,-520.039001,0.0,520.039001,402.795013,-15.07,15.07,387.725014,-109.781998,277.942993,0.0,,,277.943016,0.0,277.942993,0.0,0.0,277.942993,277.942993,,454.031006,0.61,0.61,0.63,459.368988,0.61,0.61,0.63,
03/31/2002,1004.817,647.266,1081.627,833.938,247.689,-434.361,357.551,13.407,,,,311.06,33.084,-56.5,948.317,-516.516,0.0,516.516,431.801,-14.619,14.619,417.182,-117.317,299.865,-9.78,,,309.645,0.0,309.645,0.0,0.0,309.645,309.645,,462.902144,0.67,0.65,0.68,468.604312,0.66,0.64,0.67,
06/30/2002,1074.895,690.031,1122.2,870.605,251.595,-432.169,384.864,19.666,,,,336.954,28.244,-58.5,1016.395,-556.03,0.0,556.03,460.365,-1.554,1.554,458.811,-130.859,327.952,0.0,,,327.952,0.0,327.952,0.0,0.0,327.952,327.952,,478.121878,0.69,0.69,0.69,484.009961,0.68,0.68,0.68,
09/30/2002,1095.451,702.092,1126.995,883.683,243.312,-424.903,393.359,135.519,,,,226.257,31.583,-64.0,1031.451,-564.479,0.0,564.479,466.972,-12.694,12.694,454.278,-126.121,328.157,0.0,,,328.157,0.0,328.157,0.0,0.0,328.157,328.157,,477.112074,0.69,0.69,0.71,482.325535,0.68,0.68,0.7,
12/31/2002,1164.692,708.071,1103.222,888.008,215.214,-395.151,456.621,1.508,,,,427.941,27.172,-84.7,1079.992,-609.153,0.0,609.153,470.839,-10.413,10.413,460.426,-123.171,337.255,0.0,,,337.255,0.0,337.255,0.0,0.0,337.255,337.255,,474.905,0.7,0.7,0.72,480.066,0.7,0.7,0.72,
03/31/2003,1137.099,692.178,1054.88,848.472,206.408,-362.702,444.921,34.234,,,,380.014,30.673,-63.0,1074.099,-599.359,0.0,599.359,474.74,-4.729,4.729,470.011,-142.263,327.748,0.0,,,327.748,0.0,327.748,0.0,0.0,327.748,327.748,,470.529,0.7,0.7,0.71,474.348,0.69,0.69,0.7,
06/30/2003,1164.516,703.42,1045.531,843.705,201.826,-342.111,461.096,109.5,,,,312.546,39.05,-61.5,1103.016,-619.079,0.0,619.079,483.937,-31.841,31.841,452.096,-135.859,316.237,0.0,,,316.237,0.0,316.237,0.0,0.0,316.237,316.237,,471.713,0.67,0.67,0.71,475.294,0.67,0.67,0.71,
09/30/2003,1318.561,806.458,1098.568,922.249,176.319,-292.11,512.103,-29.127,,,,513.525,27.705,-65.0,1253.561,-709.248,,709.248,544.313,-407.718,407.718,136.595,-20.704,115.891,,,,115.891,,115.891,,,115.891,115.891,,551.018984,0.21,0.21,0.21,555.543993,0.21,0.21,0.21,
12/31/2003,1350.960985,879.94899,1155.813004,984.63501,171.177994,-275.864014,471.011995,-7.529,,,,448.744995,29.796,-58.5,1292.460985,-703.750977,0.0,703.750977,588.710022,-71.982002,71.982002,516.72802,-211.701004,305.027008,0.0,,,305.027016,0.0,305.027008,0.0,0.0,305.027008,305.027008,,544.872009,0.56,0.56,0.69,549.857971,0.55,0.55,0.69,
03/31/2004,1282.31,806.823,1080.449,914.665,165.784,-273.626,475.487,-0.511,,,,429.105,46.893,-63.418,1218.892,-724.727,0.0,724.727,494.165,-9.65,9.65,484.515,-156.015,328.5,0.0,,,328.5,0.0,328.5,0.0,0.0,328.5,328.5,,546.576,0.6,0.6,0.61,550.547,0.6,0.6,0.61,
06/30/2004,1402.479,839.703,1119.454,947.628,171.826,-279.751,562.776,0.002,,,,527.421,35.353,-63.533,1338.946,-739.448,0.0,739.448,599.498,-0.791,0.791,598.707,-198.601,400.106,0.0,,,400.106,0.0,400.106,0.0,0.0,400.106,400.106,,554.042,0.72,0.72,0.72,557.486,0.72,0.72,0.72,
09/30/2004,1394.519,855.656,1158.938,986.847,172.091,-303.282,538.863,6.59,,,,498.445,33.828,-57.0,1337.519,-719.666,0.0,719.666,617.853,3.059,-3.059,620.912,-208.027,412.885,0.0,,,412.885,0.0,412.885,0.0,0.0,412.885,412.885,,553.944,0.75,0.75,0.74,558.577,0.74,0.74,0.74,
12/31/2004,2788.44,1692.082,2375.708,2026.19,349.518,-683.626,1096.358,0.104,,,,1012.752,83.502,-130.306,2658.134,-1425.406,,1425.406,1232.728,3.728,-3.728,1236.456,-402.688,833.768,,,,833.768,,833.768,0.0,0.0,833.768,833.768,,1104.107222,1.52,1.52,1.52,1115.021144,1.5,1.5,1.5,
03/31/2005,1365.804,849.183,1243.492,1056.704,186.788,-394.309,516.621,0.007,,,,482.927,33.687,-41.045,1324.759,-733.263,0.0,733.263,591.496,2.557,-2.557,594.053,-198.669,395.384,0.0,,,395.384,0.0,395.384,0.0,0.0,395.384,395.384,,549.282008,0.72,0.72,0.72,553.654679,0.71,0.71,0.71,
12/31/2005,1518.695,899.733,1499.217,1289.834,209.383,-599.484,618.962,-0.081,,,,571.162,47.881,-69.329,1449.366,-823.987,0.0,823.987,625.379,5.956,-5.956,631.335,-201.761,429.574,0.0,,,429.574,0.0,429.574,0.0,0.0,429.574,429.574,,543.88,0.79,0.79,0.78,548.608,0.78,0.78,0.78,
03/31/2006,1487.913,898.052,1556.67,1340.765,215.905,-658.618,589.861,0.002,,,,560.014,29.845,-47.571,1440.342,-795.625,0.0,795.625,644.717,-5.222,5.222,639.495,-207.982,431.513,0.0,,,431.513,0.0,431.513,0.0,0.0,431.513,431.513,-3.824,539.952669,0.8,0.8,0.79,543.43583,0.79,0.79,0.78,
12/31/2006,1636.899,955.619,1865.324,1624.737,240.587,-909.933,681.28,1.166,,,,609.497,70.617,-72.361,1564.538,-917.617,0.0,917.617,646.693,-9.134,9.134,563.161,-173.885,250.829,0.0,,,389.276,0.0,250.829,0.0,0.0,250.829,250.829,,540.807172,0.46,0.46,0.82,546.618368,0.46,0.46,0.81,
03/31/2007,1597.0,945.0,1891.0,1623.0,268.0,-946.0,652.0,-11.0,,,,601.0,62.0,-71.0,1526.0,-877.0,,877.0,649.0,-6.0,6.0,643.0,-222.0,421.0,0.0,,,421.0,0.0,421.0,,,421.0,421.0,,541.850632,0.78,0.78,0.79,547.229662,0.77,0.77,0.78,
06/30/2007,1695.0,966.0,1961.0,1688.0,273.0,-995.0,729.0,1.0,,,,667.0,61.0,-88.0,1607.0,-918.0,0.0,918.0,689.0,-5.0,5.0,684.0,-226.0,458.0,0.0,,,458.0,0.0,458.0,0.0,0.0,458.0,458.0,3.0,548.385,0.84,0.84,0.84,553.935,0.83,0.83,0.83,
09/30/2007,1653.0,978.0,2030.0,1733.0,297.0,-1052.0,675.0,6.0,,,,646.0,23.0,-105.0,1548.0,-881.0,0.0,881.0,667.0,-7.0,7.0,660.0,-216.0,444.0,0.0,,,444.0,0.0,444.0,0.0,0.0,444.0,444.0,4.55,550.603,0.81,0.81,0.82,555.336,0.8,0.8,0.81,
12/31/2007,1709.0,991.0,2012.0,1706.0,306.0,-1021.0,718.0,1.0,,,,673.0,44.0,-184.0,1525.0,-939.0,,939.0,586.0,-3.0,3.0,583.0,-172.0,411.0,,,,411.0,,411.0,,,411.0,411.0,,547.795,0.75,0.75,0.76,551.078,0.75,0.75,0.76,
03/31/2008,1788.0,1017.0,1895.0,1606.0,289.0,-878.0,771.0,43.0,,,,679.0,49.0,-223.0,1565.0,-961.0,,961.0,604.0,25.0,-25.0,629.0,-201.0,428.0,,,,428.0,,428.0,,0.0,428.0,428.0,,546.214,0.78,0.78,0.73,548.946,0.78,0.78,0.73,
06/30/2008,1895.0,1068.0,1790.0,1507.0,283.0,-722.0,827.0,10.0,,,,731.0,86.0,-330.0,1565.0,-961.0,,961.0,604.0,-1.0,1.0,603.0,-175.0,428.0,0.0,,,428.0,0.0,428.0,,,428.0,428.0,,546.628,0.78,0.78,0.69,549.758,0.78,0.78,0.69,
09/30/2008,1880.0,1088.0,1793.0,1506.0,287.0,-705.0,792.0,13.0,,,,749.0,30.0,-364.0,1516.0,-1004.0,,1004.0,512.0,-5.0,5.0,507.0,-149.0,358.0,,,,358.0,0.0,358.0,0.0,,358.0,358.0,,549.761,0.65,0.65,0.71,553.544,0.65,0.65,0.71,
12/31/2008,1872.0,1065.0,1729.0,1408.0,321.0,-664.0,807.0,41.0,,,,759.0,7.0,-528.0,1344.0,-985.0,,985.0,359.0,-29.0,29.0,330.0,-25.0,305.0,0.0,,,305.0,0.0,305.0,-21.0,0.0,284.0,284.0,,552.732,0.51,0.51,0.55,556.746,0.51,0.51,0.55,
03/31/2009,2177.0,1146.0,1679.0,1324.0,355.0,-533.0,1031.0,150.0,0.0,150.0,0.0,847.0,34.0,-676.0,1501.0,-1069.0,0.0,1069.0,432.0,0.0,0.0,432.0,-114.0,318.0,0.0,0.0,0.0,318.0,-6.0,312.0,-41.0,0.0,271.0,278.8,7.8,559.801,0.48,0.48,0.498034,563.566,0.48,0.48,0.49384,
06/30/2009,2131.0,1138.0,1640.0,1341.0,299.0,-502.0,993.0,19.0,0.0,19.0,0.0,907.0,67.0,-701.0,1430.0,-1181.0,0.0,1181.0,249.0,0.0,0.0,249.0,-41.0,208.0,0.0,0.0,0.0,208.0,-4.0,204.0,-83.0,0.0,121.0,120.35,-0.65,602.726,0.2,0.2,0.199676,608.797,0.2,0.2,0.198932,
09/30/2009,2177.0,1237.0,1745.0,1418.0,327.0,-508.0,940.0,31.0,0.0,31.0,0.0,862.0,47.0,-709.0,1468.0,-1320.0,0.0,1320.0,148.0,0.0,0.0,148.0,9.0,157.0,0.0,0.0,0.0,157.0,-5.0,152.0,0.0,0.0,152.0,163.7,11.7,665.408,0.23,0.23,0.246014,672.457,0.23,0.23,0.246014,
12/31/2009,2293.0,1323.0,1820.0,1479.0,341.0,-497.0,970.0,-1.0,0.0,-1.0,0.0,876.0,95.0,-725.0,1568.0,-1361.0,0.0,1361.0,207.0,0.0,0.0,207.0,-13.0,194.0,0.0,0.0,0.0,194.0,-9.0,185.0,0.0,0.0,185.0,173.85,-11.15,688.59,0.27,0.27,0.252472,696.038,0.27,0.27,0.252472,
03/31/2010,2158.0,1314.0,1779.0,1443.0,336.0,-465.0,844.0,-3.0,0.0,-3.0,0.0,789.0,58.0,-575.0,1583.0,-1341.0,0.0,1341.0,242.0,0.0,0.0,242.0,-48.0,194.0,0.0,0.0,0.0,194.0,-6.0,188.0,0.0,0.0,188.0,199.05,11.05,690.792,0.27,0.27,0.288148,698.675,0.27,0.27,0.285816,
06/30/2010,2399.0,1360.0,1819.0,1528.0,291.0,-459.0,1039.0,219.0,0.0,219.0,0.0,869.0,-49.0,-650.0,1749.0,-1500.0,0.0,1500.0,249.0,0.0,0.0,249.0,-25.0,224.0,0.0,0.0,0.0,224.0,-14.0,210.0,0.0,0.0,210.0,234.7,24.7,692.113,0.3,0.3,0.339106,701.322,0.3,0.3,0.335219,
09/30/2010,2424.0,1314.0,1762.0,1555.0,207.0,-448.0,1110.0,239.0,0.0,239.0,0.0,897.0,-26.0,-770.0,1654.0,-1408.0,0.0,1408.0,246.0,0.0,0.0,246.0,-27.0,219.0,0.0,0.0,0.0,219.0,-9.0,210.0,0.0,0.0,210.0,217.01535,7.01535,693.017,0.3,0.3,0.313146,701.535,0.3,0.3,0.31,
12/31/2010,2296.0,1332.0,1755.0,1570.0,185.0,-423.0,964.0,99.0,0.0,99.0,0.0,857.0,8.0,-643.0,1653.0,-1421.0,0.0,1421.0,232.0,0.0,0.0,232.0,-15.0,217.0,0.0,0.0,0.0,217.0,-9.0,208.0,0.0,0.0,208.0,210.6,2.6,693.993,0.3,0.3,0.303461,702.781,0.3,0.3,0.303461,
03/31/2011,1999.0,1285.0,1676.0,1526.0,150.0,-391.0,714.0,0.0,0.0,0.0,0.0,795.0,-81.0,-340.0,1659.0,-1372.0,0.0,1372.0,287.0,0.0,0.0,287.0,-53.0,234.0,0.0,0.0,0.0,234.0,-9.0,225.0,0.0,0.0,225.0,223.7,-1.3,695.309,0.32,0.32,0.321727,704.101,0.32,0.32,0.318154,
06/30/2011,2141.0,1354.0,1690.0,1527.0,163.0,-336.0,787.0,-2.0,0.0,-2.0,0.0,859.0,-70.0,-328.0,1813.0,-1395.0,0.0,1395.0,418.0,0.0,0.0,418.0,-91.0,327.0,0.0,0.0,0.0,327.0,-20.0,307.0,0.0,0.0,307.0,308.3,1.3,696.625,0.44,0.44,0.442562,704.969,0.44,0.44,0.441844,
09/30/2011,2106.0,1416.0,1750.0,1551.0,199.0,-334.0,690.0,-39.0,0.0,-39.0,0.0,829.0,-100.0,-250.0,1856.0,-1417.0,0.0,1417.0,439.0,0.0,0.0,439.0,-68.0,371.0,0.0,0.0,0.0,371.0,-5.0,366.0,0.0,0.0,366.0,366.0,0.0,697.052,0.52,0.52,0.52,705.604,0.52,0.52,0.52,
12/31/2011,2374.0,1452.0,1769.0,1534.0,235.0,-317.0,922.0,103.0,0.0,103.0,0.0,745.0,74.0,-272.0,2102.0,-1618.0,0.0,1618.0,484.0,0.0,0.0,484.0,-84.0,400.0,0.0,0.0,0.0,400.0,-9.0,391.0,,0.0,391.0,401.4,10.4,697.117,0.56,0.56,0.5758,706.178,0.55,0.55,0.564727,
03/31/2012,2307.0,1436.0,1743.0,1509.0,234.0,-307.0,871.0,-9.0,0.0,-9.0,0.0,855.0,25.0,-288.0,2019.0,-1385.0,0.0,1385.0,634.0,0.0,0.0,634.0,-189.0,445.0,0.0,0.0,0.0,445.0,-14.0,431.0,0.0,0.0,431.0,438.8,7.8,697.685,0.62,0.62,0.628937,707.369,0.61,0.61,0.621027,
06/30/2012,2428.0,1462.0,1728.0,1498.0,230.0,-266.0,966.0,-2.0,0.0,-2.0,0.0,951.0,17.0,-273.0,2155.0,-1426.0,0.0,1426.0,729.0,0.0,0.0,729.0,-191.0,538.0,0.0,0.0,0.0,538.0,-20.0,518.0,-8.0,0.0,510.0,499.3,-10.7,698.579,0.73,0.73,0.714737,708.454,0.72,0.72,0.704897,
09/30/2012,2446.0,1483.0,1720.0,1499.0,221.0,-237.0,963.0,-1.0,0.0,-1.0,0.0,932.0,32.0,-244.0,2202.0,-1529.0,0.0,1529.0,673.0,0.0,0.0,673.0,-177.0,496.0,0.0,0.0,0.0,496.0,-2.0,494.0,-25.0,0.0,469.0,496.95,27.95,699.091,0.67,0.67,0.710852,709.875,0.66,0.66,0.699373,
12/31/2012,2496.0,1476.0,1726.0,1504.0,222.0,-250.0,1020.0,0.0,0.0,0.0,0.0,997.0,23.0,-252.0,2244.0,-1488.0,0.0,1488.0,756.0,0.0,0.0,756.0,-207.0,549.0,0.0,0.0,0.0,549.0,-13.0,536.0,-30.0,0.0,506.0,513.15,7.15,699.586,0.72,0.72,0.733505,710.19,0.71,0.71,0.720068,
03/31/2013,2423.0,1422.0,1659.0,1444.0,215.0,-237.0,1001.0,23.0,0.0,23.0,0.0,931.0,47.0,-272.0,2151.0,-1414.0,0.0,1414.0,737.0,0.0,0.0,737.0,-481.0,256.0,0.0,0.0,0.0,256.0,-16.0,240.0,-30.0,0.0,210.0,494.25,284.25,700.275,0.3,0.3,0.705794,711.02,0.29,0.29,0.689778,
06/30/2013,2461.0,1415.0,1643.0,1428.0,215.0,-228.0,1046.0,23.0,0.0,23.0,0.0,1001.0,22.0,-168.0,2293.0,-1496.0,0.0,1496.0,797.0,0.0,0.0,797.0,-221.0,576.0,0.0,0.0,0.0,576.0,-16.0,560.0,-13.0,0.0,547.0,564.55,17.55,702.082,0.78,0.78,0.804108,712.861,0.77,0.77,0.794619,
09/30/2013,2322.0,1417.0,1639.0,1418.0,221.0,-222.0,905.0,0.0,0.0,0.0,0.0,882.0,23.0,-92.0,2230.0,-1471.0,0.0,1471.0,759.0,0.0,0.0,759.0,-450.0,309.0,0.0,0.0,0.0,309.0,-4.0,305.0,-37.0,0.0,268.0,505.6,237.6,704.134,0.38,0.38,0.718045,716.101,0.37,0.37,0.701797,
12/31/2013,2347.0,1362.0,1566.0,1346.0,220.0,-204.0,985.0,5.0,0.0,5.0,0.0,890.0,90.0,-60.0,2287.0,-1456.0,0.0,1456.0,831.0,0.0,0.0,831.0,-243.0,588.0,0.0,0.0,0.0,588.0,-14.0,574.0,-37.0,0.0,537.0,543.0,6.0,705.485,0.76,0.76,0.769683,717.671,0.75,0.75,0.75836,
03/31/2014,2274.0,1347.0,1546.0,1310.0,236.0,-199.0,927.0,2.0,0.0,2.0,0.0,877.0,48.0,-60.0,2214.0,-1385.0,0.0,1385.0,829.0,0.0,0.0,829.0,-256.0,573.0,0.0,0.0,0.0,573.0,-40.0,533.0,-37.0,0.0,496.0,501.2,5.2,712.842,0.7,0.7,0.703101,724.283,0.68,0.68,0.68718,
06/30/2014,2276.0,1343.0,1537.0,1303.0,234.0,-194.0,933.0,0.0,0.0,0.0,0.0,926.0,7.0,-74.0,2202.0,-1551.0,0.0,1551.0,651.0,0.0,0.0,651.0,-173.0,478.0,0.0,0.0,0.0,478.0,-16.0,462.0,-37.0,0.0,425.0,447.45,22.45,719.08,0.59,0.59,0.622253,728.452,0.58,0.58,0.610819,
09/30/2014,2285.0,1349.0,1541.0,1309.0,232.0,-192.0,936.0,-5.0,0.0,-5.0,0.0,921.0,20.0,-34.0,2251.0,-1556.0,0.0,1556.0,695.0,0.0,0.0,695.0,-134.0,561.0,0.0,0.0,0.0,561.0,-4.0,557.0,-37.0,0.0,520.0,603.85,83.85,720.117,0.72,0.72,0.838544,729.989,0.71,0.71,0.824865,
12/31/2014,2357.0,1335.0,1518.0,1281.0,237.0,-183.0,1022.0,0.0,0.0,0.0,0.0,987.0,35.0,-83.0,2274.0,-1394.0,0.0,1394.0,880.0,0.0,0.0,880.0,-277.0,603.0,0.0,0.0,0.0,603.0,-15.0,588.0,-37.0,0.0,551.0,562.7,11.7,720.418,0.77,0.77,0.781074,730.652,0.75,0.75,0.766013,
03/31/2015,2309.0,1312.0,1493.0,1253.0,240.0,-181.0,997.0,0.0,0.0,0.0,0.0,934.0,63.0,-99.0,2210.0,-1422.0,0.0,1422.0,788.0,0.0,0.0,788.0,-241.0,547.0,0.0,0.0,0.0,547.0,-22.0,525.0,-37.0,0.0,488.0,496.45,8.45,721.639,0.68,0.68,0.687948,731.511,0.67,0.67,0.681551,
06/30/2015,2331.0,1312.0,1489.0,1257.0,232.0,-177.0,1019.0,-1.0,0.0,-1.0,0.0,999.0,21.0,-97.0,2234.0,-1653.0,0.0,1653.0,581.0,0.0,0.0,581.0,-80.0,501.0,0.0,0.0,0.0,501.0,-10.0,491.0,-37.0,0.0,454.0,504.0,50.0,724.88,0.63,0.63,0.695287,734.527,0.62,0.62,0.688071,
09/30/2015,2452.0,1464.0,1650.0,1418.0,232.0,-186.0,988.0,-2.0,0.0,-2.0,0.0,934.0,56.0,-103.0,2349.0,-1594.0,0.0,1594.0,755.0,0.0,0.0,755.0,-222.0,533.0,0.0,0.0,0.0,533.0,-4.0,529.0,-37.0,0.0,492.0,542.05,50.05,764.435,0.64,0.64,0.709086,774.023,0.64,0.64,0.704662,
12/31/2015,2519.0,1504.0,1695.0,1458.0,237.0,-191.0,1015.0,0.0,0.0,,0.0,940.0,75.0,-129.0,2390.0,-1597.0,0.0,1597.0,793.0,0.0,0.0,793.0,-251.0,542.0,0.0,0.0,0.0,542.0,-3.0,539.0,-37.0,0.0,502.0,534.5,32.5,780.261,0.64,0.64,0.685027,790.244,0.64,0.64,0.681127,
03/31/2016,2545.0,1529.0,1721.0,1466.0,255.0,-192.0,1016.0,45.0,0.0,45.0,0.0,958.0,13.0,-184.0,2361.0,-1545.0,0.0,1545.0,816.0,0.0,0.0,816.0,-246.0,570.0,0.0,0.0,0.0,570.0,-6.0,564.0,-37.0,0.0,527.0,541.3,14.3,781.193,0.67,0.67,0.692915,790.176,0.67,0.67,0.688097,
06/30/2016,2747.0,1617.0,1805.0,1519.0,286.0,-188.0,1130.0,0.0,0.0,0.0,0.0,1056.0,74.0,-111.0,2636.0,-1797.0,0.0,1797.0,839.0,0.0,0.0,839.0,-252.0,587.0,0.0,0.0,0.0,587.0,-3.0,584.0,-43.0,0.0,541.0,586.0,45.0,814.261,0.67,0.67,0.719671,823.682,0.66,0.66,0.714633,
09/30/2016,2774.0,1610.0,1795.0,1533.0,262.0,-185.0,1164.0,0.0,0.0,0.0,0.0,1050.0,114.0,-148.0,2626.0,-1711.0,0.0,1711.0,915.0,0.0,0.0,915.0,-273.0,642.0,0.0,0.0,0.0,642.0,0.0,642.0,-43.0,0.0,599.0,626.0,27.0,812.521,0.74,0.74,0.770442,823.106,0.73,0.73,0.762803,
12/31/2016,2727.0,1565.0,1745.0,1519.0,226.0,-180.0,1162.0,1.0,0.0,1.0,0.0,1019.0,142.0,-129.0,2598.0,-1668.0,0.0,1668.0,930.0,0.0,0.0,930.0,-287.0,643.0,0.0,0.0,0.0,643.0,-7.0,636.0,-44.0,0.0,592.0,600.0,8.0,810.593,0.73,0.73,0.740199,821.971,0.72,0.72,0.729733,
03/31/2017,2780.0,1609.0,1775.0,1517.0,258.0,-166.0,1171.0,0.0,0.0,,0.0,1034.0,137.0,-148.0,2632.0,-2102.0,0.0,2102.0,530.0,0.0,0.0,530.0,-104.0,426.0,0.0,0.0,0.0,426.0,-5.0,421.0,-43.0,0.0,378.0,654.8,276.8,809.903,0.47,0.47,0.808492,822.719,0.46,0.46,0.796445,
06/30/2017,2855.0,1635.0,1824.0,1552.0,272.0,-189.0,1220.0,0.0,0.0,0.0,0.0,1092.0,128.0,-135.0,2720.0,-1742.0,0.0,1742.0,978.0,0.0,0.0,978.0,-304.0,674.0,0.0,0.0,0.0,674.0,1.0,675.0,-44.0,0.0,631.0,637.0,6.0,808.98,0.78,0.78,0.787411,819.389,0.77,0.77,0.777323,
09/30/2017,2813.0,1647.0,1877.0,1601.0,276.0,-230.0,1166.0,0.0,0.0,,,1021.0,145.0,-126.0,2687.0,-1745.0,0.0,1745.0,942.0,0.0,0.0,942.0,-294.0,648.0,0.0,0.0,0.0,648.0,-8.0,640.0,-43.0,0.0,597.0,626.0,29.0,794.558,0.75,0.75,0.787859,806.124,0.74,0.74,0.775975,
12/31/2017,2869.0,1644.0,1898.0,1612.0,286.0,-254.0,1225.0,-1.0,0.0,-1.0,0.0,1047.0,179.0,-138.0,2731.0,-1855.0,0.0,1855.0,876.0,0.0,0.0,876.0,-209.0,667.0,0.0,0.0,0.0,667.0,-9.0,658.0,-44.0,0.0,614.0,671.0,57.0,783.764,0.78,0.78,0.856125,795.867,0.77,0.77,0.84162,
03/31/2018,2813.0,1633.0,1921.0,1630.0,291.0,-288.0,1180.0,0.0,0.0,,0.0,1043.0,137.0,-150.0,2663.0,-1686.0,0.0,1686.0,977.0,0.0,0.0,977.0,-186.0,791.0,0.0,0.0,0.0,791.0,-3.0,788.0,-43.0,0.0,745.0,767.0,22.0,779.617,0.96,0.96,0.983816,791.005,0.94,0.94,0.967813,
06/30/2018,2879.0,1657.0,1994.0,1700.0,294.0,-337.0,1222.0,1.0,0.0,1.0,0.0,1100.0,121.0,-135.0,2744.0,-1720.0,0.0,1720.0,1024.0,0.0,0.0,1024.0,-202.0,822.0,0.0,0.0,0.0,822.0,-3.0,819.0,-44.0,0.0,775.0,792.0,17.0,775.836,1.0,1.0,1.020834,785.75,0.99,0.99,1.011635,
09/30/2018,2926.0,1687.0,2069.0,1786.0,283.0,-382.0,1239.0,0.0,0.0,0.0,0.0,1062.0,177.0,-135.0,2791.0,-1742.0,0.0,1742.0,1049.0,0.0,0.0,1049.0,-210.0,839.0,0.0,0.0,0.0,839.0,-7.0,832.0,-43.0,0.0,789.0,802.0,13.0,771.562,1.02,1.02,1.03945,781.867,1.01,1.01,1.026627,
12/31/2018,2940.0,1705.0,2136.0,1844.0,292.0,-431.0,1235.0,2.0,,2.0,0.0,818.0,415.0,-146.0,2794.0,-1784.0,0.0,1784.0,1010.0,0.0,0.0,1010.0,-205.0,805.0,0.0,0.0,0.0,805.0,-7.0,798.0,-44.0,0.0,754.0,813.0,59.0,765.013,0.99,0.99,1.062727,775.402,0.97,0.97,1.04609,
03/31/2019,2898.0,1696.0,2173.0,1871.0,302.0,-477.0,1202.0,0.0,0.0,0.0,0.0,1083.0,119.0,-155.0,2743.0,-1768.0,0.0,1768.0,975.0,0.0,0.0,975.0,-177.0,798.0,0.0,0.0,0.0,798.0,-6.0,792.0,-43.0,0.0,749.0,813.0,64.0,764.135,0.98,0.98,1.063948,774.071,0.97,0.97,1.05268,
06/30/2019,3042.0,1690.0,2206.0,1906.0,300.0,-516.0,1352.0,0.0,0.0,0.0,0.0,1232.0,120.0,-172.0,2870.0,-1751.0,0.0,1751.0,1119.0,0.0,0.0,1119.0,-234.0,885.0,0.0,0.0,0.0,885.0,1.0,886.0,-44.0,0.0,842.0,868.0,26.0,765.958,1.1,1.1,1.133221,774.603,1.09,1.09,1.123566,
09/30/2019,3003.0,1700.0,2218.0,1903.0,315.0,-518.0,1303.0,0.0,0.0,,0.0,1153.0,150.0,-117.0,2886.0,-1840.0,0.0,1840.0,1046.0,0.0,0.0,1046.0,-218.0,828.0,0.0,0.0,0.0,828.0,-3.0,825.0,-90.0,0.0,735.0,801.0,66.0,766.167,0.96,0.96,1.045464,775.791,0.95,0.95,1.035074,
12/31/2019,3625.0,2227.0,2812.0,2410.0,402.0,-585.0,1398.0,-116.0,0.0,-116.0,0.0,952.0,562.0,-171.0,3454.0,-2575.0,0.0,2575.0,879.0,0.0,0.0,879.0,-153.0,726.0,0.0,0.0,0.0,726.0,-5.0,721.0,-19.0,0.0,702.0,957.0,255.0,922.84,0.76,0.76,1.037016,934.718,0.75,0.75,1.02281,
03/31/2020,5611.0,3650.0,4426.0,3932.0,494.0,-776.0,1961.0,-2.0,0.0,-2.0,0.0,1924.0,39.0,-893.0,4718.0,-3431.0,0.0,3431.0,1287.0,0.0,0.0,1287.0,-224.0,1063.0,0.0,0.0,0.0,1063.0,-3.0,1060.0,-74.0,0.0,986.0,1125.0,139.0,1344.372,0.73,0.73,0.836822,1357.545,0.73,0.73,0.832391,
06/30/2020,5849.0,3448.0,3888.0,3444.0,444.0,-440.0,2401.0,300.0,0.0,300.0,0.0,2056.0,45.0,-844.0,5005.0,-3856.0,0.0,3856.0,1149.0,0.0,0.0,1149.0,-191.0,958.0,0.0,0.0,0.0,958.0,-3.0,955.0,-53.0,0.0,902.0,1341.0,439.0,1347.512,0.67,0.67,0.995167,1355.834,0.67,0.67,0.993786,
09/30/2020,5400.5,,,,,,,,,,,,,,,,,,1378.0,,,1311.917,,1001.1,,,,,,1001.1,,,1001.1,1012.308,,,0.69,0.69,0.774,,0.69,0.69,0.774,
12/31/2020,5382.125,,,,,,,,,,,,,,,,,,1458.0,,,1322.5,,963.5,,,,,,963.5,,,963.5,1004.154,,,0.68,0.68,0.721,,0.68,0.68,0.721,
