Date,Revenue,Sales & Services Revenue,Other Revenue,Cost of Revenue,Cost of Goods & Services,Gross Profit,Other Operating Income,Operating Expenses,"Selling, General & Admin",Research & Development,Depreciation & Amortization,Other Operating Expense,Operating Income (Loss),Non-Operating (Income) Loss,"Interest Expense, Net",Interest Expense,Interest Income,Foreign Exch (Gain) Loss,Other Non-Op (Income) Loss,Pretax Income,Income Tax Expense (Benefit),Income (Loss) from Cont Ops,Net Extraordinary Losses (Gains),Discontinued Operations,XO & Accounting Changes,Income (Loss) Incl. MI,Minority Interest,"Net Income, GAAP",Preferred Dividends,Other Adjustments,"Net Income Avail to Common, GAAP","Net Income Avail to Common, Adj",Net Abnormal Losses (Gains),Basic Weighted Avg Shares,"Basic EPS, GAAP",Basic EPS from Cont Ops,"Basic EPS from Cont Ops, Adjusted",Diluted Weighted Avg Shares,"Diluted EPS, GAAP",Diluted EPS from Cont Ops,"Diluted EPS from Cont Ops, Adjusted",Source: Bloomberg
04/29/1989,2826.0,,,-2058.0,,768.0,,-640.0,,,,,128.0,-62.0,,62.0,,,,66.0,-26.0,40.0,0.0,,,40.0,0.0,40.0,0.0,,40.0,40.0,,932.399963,0.0425,0.0425,,932.399963,0.0425,0.0425,0.0425,
07/29/1989,3097.0,,,-2265.0,,832.0,,-675.0,,,,,157.0,-66.0,,66.0,,,,91.0,-35.0,56.0,0.0,,,56.0,0.0,56.0,0.0,,56.0,56.0,,932.399963,0.06,0.06,,932.399963,0.06,0.06,0.06,
10/28/1989,3236.0,,,-2369.0,,867.0,,-692.0,,,,,175.0,-68.0,,68.0,,,,107.0,-43.0,64.0,0.0,,,64.0,0.0,64.0,0.0,,64.0,64.0,,930.0,0.069167,0.069167,,930.0,0.069167,0.069167,0.069167,
02/03/1990,4485.0,,,-3198.0,,1287.0,,-802.0,,,,,485.0,-71.0,,77.0,,,-6.0,414.0,-164.0,250.0,0.0,,,250.0,0.0,250.0,0.0,,250.0,250.0,,906.0,0.275833,0.275833,,906.0,0.275833,0.275833,0.275833,
05/05/1990,3007.0,,,-2167.0,,840.0,,-686.0,,,,,154.0,-61.0,,61.0,,,,93.0,-35.0,58.0,-6.0,,,64.0,0.0,64.0,-6.0,,58.0,58.0,,855.600037,0.0675,0.060833,,855.600037,0.0675,0.060833,0.060833,
08/04/1990,3242.0,,,-2359.0,,883.0,,-712.0,,,,,171.0,-75.0,,75.0,,,,96.0,-37.0,59.0,0.0,,,59.0,0.0,59.0,-5.0,,54.0,54.0,,855.600037,0.0625,0.0625,,855.600037,0.0625,0.0625,0.0625,
11/03/1990,3625.0,,,-2618.0,,1007.0,,-819.0,,,,,188.0,-95.0,,95.0,,,,93.0,-35.0,58.0,0.0,,,58.0,0.0,58.0,-7.0,,51.0,51.0,,854.399963,0.06,0.06,,854.399963,0.06,0.06,0.06,
02/02/1991,4865.0,,,-3508.0,,1357.0,,-886.0,,,,,471.0,-94.0,,106.0,,,-12.0,377.0,-142.0,235.0,4.0,,,231.0,0.0,231.0,-6.0,,225.0,225.0,,854.399964,0.263333,0.268333,0.268333,854.399964,0.263333,0.268333,0.268333,
05/04/1991,3349.0,,,-2420.0,,929.0,,-781.0,,,,,148.0,-94.0,,94.0,,,,54.0,-20.0,34.0,0.0,,,34.0,0.0,34.0,-6.0,,28.0,28.0,,858.0,0.0325,0.0325,,858.0,0.0325,0.0325,0.0325,
08/03/1991,3562.0,,,-2598.0,,964.0,,-806.0,,,,,158.0,-94.0,,94.0,,,,64.0,-24.0,40.0,0.0,,,40.0,0.0,40.0,-6.0,,34.0,34.0,,858.0,0.039167,0.039167,,858.0,0.039167,0.039167,0.039167,
11/02/1991,3955.0,,,-2913.0,,1042.0,,-884.0,,,,,158.0,-103.0,,103.0,,,,55.0,-20.0,35.0,0.0,,,35.0,0.0,35.0,-6.0,,29.0,29.0,,858.0,0.033333,0.033333,,858.0,0.033333,0.033333,0.033333,
02/01/1992,5249.0,,,-3820.0,,1429.0,,-1023.0,,,,,406.0,-107.0,,109.0,,,-2.0,299.0,-107.0,192.0,0.0,,,192.0,0.0,192.0,-6.0,,186.0,186.0,,856.800024,0.216667,0.216667,0.216667,856.800024,0.216667,0.216667,0.216667,
05/02/1992,3719.0,,,-2710.0,,1009.0,,-845.0,,,,,164.0,-108.0,,108.0,,,,56.0,-21.0,35.0,0.0,,,35.0,0.0,35.0,-6.0,,29.0,29.0,,858.0,0.033333,0.033333,,858.0,0.033333,0.033333,0.033333,
08/01/1992,3967.0,,,-2899.0,,1068.0,,-893.0,,,,,175.0,-107.0,,107.0,,,,68.0,-26.0,42.0,0.0,,,42.0,0.0,42.0,-6.0,,36.0,36.0,,859.199982,0.0425,0.0425,,859.199982,0.0425,0.0425,0.0425,
10/31/1992,4340.0,,,-3189.0,,1151.0,,-949.0,,,,,202.0,-111.0,,111.0,,,,91.0,-34.0,57.0,0.0,,,57.0,0.0,57.0,-6.0,,51.0,51.0,,859.199982,0.06,0.06,,859.199982,0.06,0.06,0.06,
01/30/1993,5901.0,,,-4331.0,,1570.0,,-1063.0,,,,,507.0,-111.0,,114.0,,,-3.0,396.0,-147.0,249.0,0.0,,,249.0,0.0,249.0,-6.0,,243.0,243.0,,860.399963,0.2825,0.2825,,860.399963,0.2825,0.2825,0.2825,
05/01/1993,4040.0,,,-2973.0,,1067.0,,-907.0,,,,,160.0,-112.0,,112.0,,,,48.0,-18.0,30.0,0.0,,,30.0,0.0,30.0,-5.0,,25.0,25.0,,861.600037,0.029167,0.029167,,861.600037,0.029167,0.029167,0.029167,
07/31/1993,4287.0,,,-3180.0,,1107.0,,-956.0,,,,,151.0,-113.0,,113.0,,,,38.0,-14.0,24.0,0.0,,,24.0,0.0,24.0,-4.0,,20.0,20.0,,860.399963,0.023333,0.023333,,860.399963,0.023333,0.023333,0.023333,
10/30/1993,4625.0,,,-3417.0,,1208.0,,-1021.0,,,,,187.0,-112.0,,112.0,,,,75.0,-32.0,43.0,0.0,,,43.0,0.0,43.0,-4.0,,39.0,39.0,,861.600037,0.045,0.045,,861.600037,0.045,0.045,0.045,
01/29/1994,6281.0,,,-4594.0,,1687.0,,-789.0,,,,,898.0,-452.0,,109.0,,0.0,343.0,446.0,-168.0,278.0,0.0,,,278.0,0.0,278.0,-2.0,,276.0,276.0,,861.600036,0.3175,0.3175,0.3175,861.600036,0.3175,0.3175,0.3175,
04/30/1994,4465.0,,,-3253.0,,1212.0,,-949.0,,,,,263.0,-199.0,,106.0,,,93.0,64.0,-25.0,39.0,0.0,,,39.0,0.0,39.0,-5.0,,34.0,34.0,,862.800018,0.04,0.04,,862.800018,0.04,0.04,0.04,
07/30/1994,4802.0,,,-3519.0,,1283.0,,-1005.0,,,,,278.0,-197.0,,105.0,,0.0,92.0,81.0,-32.0,49.0,0.0,,,49.0,0.0,49.0,0.0,,49.0,49.0,,864.0,0.051667,0.051667,,915.600037,0.050833,0.050833,0.050833,
10/29/1994,5046.0,,,-3695.0,,1351.0,,-1046.0,,,,,305.0,-196.0,,108.0,,0.0,88.0,109.0,-42.0,67.0,0.0,,,67.0,0.0,67.0,0.0,,67.0,67.0,,864.0,0.071667,0.071667,,864.0,0.071667,0.071667,0.071667,
01/28/1995,6998.0,,,-5169.0,,1829.0,,-1162.0,,,,,667.0,-207.0,,107.0,,0.0,100.0,460.0,-181.0,279.0,0.0,,,279.0,0.0,279.0,-13.4,,265.6,265.6,,864.0,0.3175,0.3175,0.3175,864.0,0.3175,0.3175,0.3175,
04/29/1995,4757.0,,,-3504.0,,1253.0,,-1033.0,,,,,220.0,-202.0,,107.0,,0.0,95.0,18.0,-7.0,11.0,0.0,,,11.0,0.0,11.0,-4.0,,7.0,7.0,,865.199976,0.008333,0.008333,0.008333,865.199976,0.008333,0.008333,0.008333,
07/29/1995,5236.0,,,-3896.0,,1340.0,,-1084.0,,,,,256.0,-209.0,,108.0,,0.0,101.0,47.0,-19.0,28.0,0.0,,,28.0,0.0,28.0,-5.0,,23.0,23.0,,867.600037,0.026667,0.026667,,867.600037,0.026667,0.026667,0.026667,
10/28/1995,5573.0,,,-4113.0,,1460.0,,-1175.0,,,,,285.0,-214.0,,111.0,,0.0,103.0,71.0,-27.0,44.0,0.0,,,44.0,0.0,44.0,-5.0,,39.0,39.0,,868.800018,0.045,0.045,,868.800018,0.045,0.045,0.045,
02/03/1996,7950.0,,,-6014.0,,1936.0,,-1345.0,,,,,591.0,-226.0,,116.0,,0.0,110.0,365.0,-137.0,228.0,0.0,,,228.0,0.0,228.0,-5.0,,223.0,223.0,,868.800024,0.256667,0.256667,0.256667,868.800024,0.256667,0.256667,0.256667,
05/04/1996,5380.0,,,-3949.0,,1431.0,,-1252.0,,,,,179.0,-109.0,109.0,109.0,,0.0,0.0,70.0,-28.0,42.0,1.0,,,41.0,0.0,41.0,-5.0,,36.0,36.0,,871.199976,0.041667,0.04,0.04,871.199976,0.040833,0.04,0.04,
08/03/1996,5751.0,,,-4197.0,,1554.0,,-1276.0,,,,,278.0,-111.0,,111.0,,0.0,0.0,167.0,-66.0,101.0,0.0,,,101.0,0.0,101.0,-5.0,,96.0,96.0,,874.799988,0.11,0.11,0.11,922.400024,0.105,0.105,0.105,
11/02/1996,6073.0,,,-4452.0,,1621.0,,-1316.0,,,,,305.0,-114.0,,114.0,,0.0,0.0,191.0,-75.0,116.0,9.0,,,107.0,0.0,107.0,-5.0,,102.0,102.0,,875.200012,0.12,0.13,0.13,922.400024,0.115,0.125,0.125,
02/01/1997,8167.0,,,-6030.0,,2137.0,,-1540.0,,,,,597.0,-242.0,,108.0,,0.0,134.0,355.0,-140.0,215.0,1.0,,,214.0,0.0,214.0,-5.0,,209.0,209.0,,877.599976,0.24,0.24,0.335,922.400024,0.225,0.225,0.315,
05/03/1997,5889.0,,,-4253.0,,1636.0,,-1321.0,,,,,315.0,-107.0,107.0,107.0,,0.0,0.0,208.0,-82.0,126.0,21.0,,,105.0,0.0,105.0,-5.0,,100.0,100.0,-6.0,869.599976,0.1125,0.1375,0.135,924.799988,0.11,0.1325,0.13,
08/02/1997,6293.0,,,-4586.0,,1707.0,,-1367.0,,,,,340.0,-107.0,107.0,107.0,,0.0,0.0,233.0,-92.0,141.0,11.0,,,130.0,0.0,130.0,-5.0,,125.0,125.0,,871.400024,0.14,0.1525,0.1525,927.599976,0.135,0.1475,0.1475,
11/01/1997,6622.0,,,-4815.0,,1807.0,,-1403.0,,,,,404.0,-107.0,107.0,107.0,,0.0,0.0,297.0,-118.0,179.0,19.0,,,160.0,0.0,160.0,-5.0,,155.0,155.0,-32.0,873.0,0.18,0.2,0.2,927.599976,0.17,0.19,0.19,
01/31/1998,8953.0,,,-6666.0,,2287.0,,-1604.0,,,,,683.0,-95.0,,95.0,,0.0,0.0,588.0,-232.0,356.0,0.0,,,356.0,0.0,356.0,-5.0,,351.0,351.0,,874.799988,0.4,0.4,0.4,928.799988,0.38,0.38,0.38,
05/02/1998,6402.0,,,-4478.0,,1924.0,,-1563.0,,,,,361.0,-96.0,96.0,96.0,,0.0,0.0,265.0,-105.0,160.0,2.0,,,158.0,0.0,158.0,-8.0,,150.0,150.0,,877.200012,0.175,0.18,0.18,933.200012,0.165,0.17,0.17,
08/01/1998,6987.0,,,-4890.0,,2097.0,,-1712.0,,,,,385.0,-101.0,101.0,101.0,,0.0,0.0,284.0,-112.0,172.0,0.0,,,172.0,0.0,172.0,-8.0,,164.0,164.0,,879.200012,0.19,0.19,0.19,935.200012,0.18,0.18,0.18,
10/31/1998,7218.0,,,-5046.0,,2172.0,,-1766.0,,,,,406.0,-104.0,104.0,104.0,,0.0,0.0,302.0,-119.0,183.0,1.0,,,182.0,0.0,182.0,-9.0,,173.0,173.0,2.0,881.0,0.2,0.2,0.2,932.599976,0.195,0.195,0.195,
01/30/1999,10139.0,,,-7431.0,,2708.0,,-1906.0,,,,,802.0,-194.0,,97.0,,0.0,97.0,608.0,-258.0,447.0,24.0,,,326.0,0.0,423.0,-5.0,,418.0,418.0,,882.6,0.475,0.5,0.5,937.6,0.45,0.475,0.475,
05/01/1999,7158.0,,,-4976.0,,2182.0,,-1771.0,1690.0,,,81.0,411.0,-94.0,94.0,94.0,,0.0,0.0,317.0,-123.0,194.0,0.0,,,194.0,0.0,194.0,-4.5,,189.5,189.5,,884.799988,0.215,0.215,0.215,939.0,0.205,0.205,0.205,
07/31/1999,7687.0,,,-5193.0,,2494.0,,-2022.0,1810.0,,,212.0,472.0,-98.0,98.0,98.0,,0.0,0.0,374.0,-146.0,228.0,4.0,,,224.0,0.0,224.0,-4.5,,219.5,219.5,,1764.4,0.125,0.125,0.125,1865.4,0.12,0.12,0.12,
10/30/1999,7927.0,,,-5486.0,,2441.0,,-1947.0,,,,,494.0,-102.0,102.0,102.0,,0.0,0.0,392.0,-151.0,241.0,9.0,,,232.0,0.0,232.0,-4.5,,227.5,227.5,,878.599976,0.26,0.27,0.27,927.400024,0.25,0.26,0.26,
01/29/2000,10930.0,,,-7374.0,,3556.0,,-2604.0,7490.0,,,-4886.0,952.0,-140.0,99.0,99.0,0.0,0.0,41.0,812.0,-331.0,481.0,-13.0,,,494.0,0.0,494.0,-15.5,,478.5,478.5,,884.800024,0.56,0.56,0.585,926.499964,0.535,0.535,0.565,
04/29/2000,7746.0,,,-5203.0,,2543.0,,-2058.0,1834.0,,,224.0,485.0,-96.0,96.0,96.0,,0.0,0.0,389.0,-150.0,239.0,0.0,,,239.0,0.0,239.0,0.0,,239.0,239.0,,910.400024,0.26,0.26,0.26,921.200012,0.26,0.26,0.26,
07/29/2000,8251.0,,,-5593.0,,2658.0,,-2140.0,1910.0,,,230.0,518.0,-100.0,100.0,100.0,,0.0,0.0,418.0,-161.0,257.0,-1.0,,,258.0,0.0,258.0,,,258.0,258.0,,906.6,0.28,0.28,0.28,915.2,0.28,0.28,0.28,
10/28/2000,8582.0,,,-5860.0,,2722.0,,-2263.0,,,,,459.0,-108.0,108.0,108.0,,0.0,0.0,351.0,-135.0,216.0,1.0,,,215.0,0.0,215.0,0.0,0.0,215.0,215.0,,900.400024,0.24,0.24,0.24,907.799988,0.24,0.24,0.24,
02/03/2001,12324.0,,,-8639.0,,3685.0,,-2669.0,,,,,1016.0,-121.0,,121.0,0.0,0.0,0.0,895.0,-343.0,552.0,0.0,,,552.0,0.0,552.0,0.0,0.0,552.0,552.0,,903.5,0.61,0.61,0.61,913.0,0.6,0.6,0.6,
05/05/2001,8334.0,,,-5603.0,,2731.0,,-2215.0,1887.0,,,328.0,516.0,-107.0,107.0,107.0,,0.0,0.0,409.0,-155.0,254.0,0.0,,,254.0,0.0,254.0,0.0,0.0,254.0,254.0,,899.0,0.28,0.28,0.28,908.5,0.28,0.28,0.28,
08/04/2001,8941.0,,,-6082.0,,2859.0,,-2311.0,1974.0,,,337.0,548.0,-109.0,109.0,109.0,,0.0,0.0,439.0,-168.0,271.0,0.0,,,271.0,0.0,271.0,0.0,0.0,271.0,271.0,,901.0,0.3,0.3,0.3,908.900024,0.3,0.3,0.3,
11/03/2001,9331.0,,,-6337.0,,2994.0,,-2574.0,2143.0,,,431.0,420.0,-122.0,122.0,122.0,,0.0,0.0,298.0,-113.0,185.0,0.0,,,185.0,0.0,185.0,0.0,0.0,185.0,185.0,,902.299988,0.2,0.2,0.25,908.299988,0.2,0.2,0.25,
02/02/2002,13220.0,,,-9121.0,,4099.0,,-2903.0,8461.0,,,-5558.0,1196.0,-135.0,135.0,135.0,0.0,0.0,0.0,1061.0,-403.0,658.0,0.0,,,658.0,0.0,658.0,0.0,0.0,658.0,658.0,-42.0,903.700012,0.73,0.73,0.73,913.49994,0.72,0.72,0.73,
05/04/2002,9594.0,,,-6322.0,,3272.0,,-2581.0,,,,,691.0,-135.0,135.0,135.0,,0.0,0.0,556.0,-211.0,345.0,0.0,,,345.0,0.0,345.0,0.0,0.0,345.0,345.0,,906.400024,0.38,0.38,0.38,914.700012,0.38,0.38,0.38,
08/03/2002,10068.0,,,-6640.0,,3428.0,,-2715.0,2249.0,,,466.0,713.0,-154.0,154.0,154.0,,0.0,0.0,559.0,-215.0,344.0,0.0,,,344.0,0.0,344.0,0.0,0.0,344.0,344.0,,907.900024,0.38,0.38,0.38,913.0,0.38,0.38,0.38,
11/02/2002,10194.0,,,-6736.0,,3458.0,,-2865.0,2364.0,,,501.0,593.0,-145.0,145.0,145.0,,0.0,0.0,448.0,-171.0,277.0,0.0,,,277.0,0.0,277.0,0.0,0.0,277.0,277.0,,908.5,0.31,0.31,0.31,914.0,0.3,0.3,0.3,
02/01/2003,14061.0,,,-9562.0,,4499.0,,-3232.0,,,,,1267.0,-154.0,,154.0,,0.0,0.0,1113.0,-425.0,688.0,0.0,,,688.0,0.0,688.0,0.0,0.0,688.0,688.0,,909.299988,0.76,0.76,0.75,914.299988,0.75,0.75,0.74,
05/03/2003,10322.0,,,-6764.0,,3558.0,0.0,-2853.0,2326.0,,,527.0,705.0,-142.0,,142.0,,0.0,0.0,563.0,-214.0,349.0,0.0,,,349.0,0.0,349.0,0.0,0.0,349.0,349.0,,910.3,0.38,0.38,0.38,915.1,0.38,0.38,0.38,
08/02/2003,9594.0,,,-6450.0,,3144.0,0.0,-2459.0,2010.0,,,449.0,685.0,-154.0,,154.0,,0.0,0.0,531.0,-202.0,329.0,-29.0,,,358.0,0.0,358.0,0.0,0.0,358.0,358.0,,910.8,0.39,0.36,0.36,918.1,0.39,0.36,0.36,
11/01/2003,9827.0,,,-6643.0,,3184.0,0.0,-2621.0,2164.0,,,457.0,563.0,-131.0,,131.0,,0.0,0.0,432.0,-161.0,271.0,-31.0,,,302.0,0.0,302.0,0.0,0.0,302.0,302.0,,911.3,0.33,0.3,0.28,918.0,0.33,0.3,0.28,
01/31/2004,13676.0,,,-9883.0,,3793.0,,-2535.0,,,,,1258.0,-129.0,,129.0,,0.0,0.0,1129.0,-407.0,722.0,-101.0,,,823.0,0.0,823.0,0.0,0.0,823.0,823.0,,911.599976,0.9,0.79,0.79,918.0,0.9,0.79,0.79,
05/01/2004,11587.0,,,-7556.0,,4031.0,,-3183.0,2640.0,,,543.0,848.0,-144.0,144.0,144.0,,0.0,0.0,704.0,-266.0,438.0,,,,438.0,0.0,438.0,,,438.0,438.0,,912.6,0.48,0.43,0.43,920.5,0.48,0.43,0.43,
07/31/2004,10556.0,,,-7009.0,,3547.0,0.0,-2752.0,2280.0,,,472.0,795.0,-207.0,,207.0,,0.0,0.0,588.0,-222.0,366.0,-1050.0,,,1416.0,0.0,1416.0,0.0,0.0,1416.0,1416.0,,911.5,1.55,0.4,0.4,918.0,1.54,0.4,0.4,
10/30/2004,10909.0,,,-7319.0,,3590.0,0.0,-2946.0,2437.0,,,509.0,644.0,-113.0,,113.0,,0.0,0.0,531.0,-201.0,330.0,-207.0,,,537.0,0.0,537.0,0.0,0.0,537.0,537.0,,896.0,0.6,0.37,0.22,902.1,0.6,0.37,0.22,
01/29/2005,15194.0,,,-10348.0,,4846.0,,-3437.0,2888.0,,,549.0,1409.0,-107.0,107.0,107.0,,0.0,0.0,1302.0,-493.0,809.0,-16.0,,,825.0,0.0,825.0,0.0,0.0,825.0,825.0,,895.3,0.92,0.91,0.95,903.0,0.91,0.9,0.94,
04/30/2005,11477.0,,,-7556.0,,3921.0,,-3014.0,2495.0,,,519.0,907.0,-111.0,111.0,111.0,,0.0,0.0,796.0,-302.0,494.0,0.0,,,494.0,0.0,494.0,0.0,0.0,494.0,494.0,,887.0,0.56,0.56,0.56,893.5,0.55,0.55,0.55,
07/30/2005,11990.0,,,-7828.0,,4162.0,,-3183.0,2650.0,,,533.0,979.0,-110.0,110.0,110.0,,0.0,0.0,869.0,-329.0,540.0,0.0,,,540.0,0.0,540.0,0.0,0.0,540.0,540.0,,883.3,0.61,0.61,0.61,891.2,0.61,0.61,0.61,
10/29/2005,12206.0,,,-8034.0,,4172.0,,-3341.0,2786.0,,,555.0,831.0,-118.0,118.0,118.0,,0.0,0.0,713.0,-278.0,435.0,0.0,,,435.0,0.0,435.0,0.0,0.0,435.0,435.0,,881.2,0.49,0.49,0.49,887.0,0.49,0.49,0.49,
01/28/2006,16947.0,,,-11509.0,,5438.0,,-3832.0,,,,,1606.0,-124.0,,124.0,,0.0,0.0,1482.0,-543.0,939.0,0.0,,,939.0,0.0,939.0,0.0,0.0,939.0,939.0,,876.6,1.07,1.07,1.07,883.5,1.06,1.06,1.06,
04/29/2006,12863.0,,,-8473.0,,4390.0,,-3373.0,2879.0,,,494.0,1017.0,-131.0,152.0,152.0,,0.0,-21.0,886.0,-332.0,554.0,0.0,,,554.0,0.0,554.0,0.0,0.0,554.0,554.0,,870.7,0.64,0.64,0.62,877.6,0.63,0.63,0.61,
07/29/2006,13347.0,,,-8686.0,,4661.0,,-3527.0,2987.0,,,540.0,1134.0,-280.0,140.0,140.0,,,140.0,854.0,-385.0,469.0,0.0,,,469.0,0.0,469.0,0.0,0.0,469.0,469.0,,860.8,0.71,0.71,0.71,867.2,0.7,0.7,0.7,
10/28/2006,13570.0,,,-8891.0,,4679.0,,-3722.0,3151.0,,,571.0,957.0,-149.0,149.0,,,0.0,0.0,808.0,-302.0,506.0,0.0,,,506.0,0.0,506.0,0.0,0.0,506.0,506.0,0.0,857.8,0.59,0.59,0.59,864.4,0.59,0.59,0.59,
02/03/2007,19710.0,,,-13349.0,,6361.0,,-4401.0,3804.0,,,597.0,1960.0,-151.0,,151.0,,,,1809.0,-690.0,1119.0,,,,1119.0,,1119.0,,,1119.0,1119.0,,858.5,1.3,1.3,1.3,865.4,1.29,1.29,1.29,
05/05/2007,14041.0,,,-9416.0,,4625.0,0.0,-3425.0,2863.0,,,562.0,1200.0,-136.0,136.0,138.0,-2.0,0.0,0.0,1064.0,-413.0,651.0,0.0,,,651.0,0.0,651.0,0.0,0.0,651.0,651.0,0.0,855.9,0.76,0.76,0.76,862.8,0.75,0.75,0.75,
08/04/2007,14620.0,,,-9696.0,,4924.0,0.0,-3657.0,3071.0,,,586.0,1267.0,-154.0,154.0,155.0,-1.0,0.0,0.0,1113.0,-427.0,686.0,0.0,,,686.0,0.0,686.0,0.0,0.0,686.0,686.0,0.0,850.8,0.81,0.81,0.81,857.4,0.8,0.8,0.8,
11/03/2007,14835.0,,,-10035.0,,4800.0,0.0,-3842.0,3191.0,,,651.0,958.0,-177.0,177.0,184.0,-7.0,0.0,0.0,781.0,-298.0,483.0,0.0,,,483.0,0.0,483.0,0.0,0.0,483.0,483.0,,845.6,0.57,0.57,0.57,851.0,0.56,0.56,0.56,
02/02/2008,19872.0,,,-13782.0,,6090.0,0.0,-4244.0,3546.0,,,698.0,1846.0,-181.0,181.0,190.0,-9.0,0.0,0.0,1665.0,-637.0,1028.0,0.0,,,1028.0,0.0,1028.0,0.0,0.0,1028.0,1028.0,0.0,829.4,1.24,1.24,1.24,834.3,1.23,1.23,1.23,
05/03/2008,14802.0,14802.0,,-9898.0,9898.0,4904.0,0.0,-3746.0,3037.0,,435.0,274.0,1158.0,-201.0,201.0,209.0,-8.0,,0.0,957.0,-355.0,602.0,0.0,0.0,0.0,602.0,0.0,602.0,0.0,0.0,602.0,602.0,0.0,805.5,0.75,0.75,0.75,809.6,0.74,0.74,0.74,
08/02/2008,15472.0,15472.0,,-10304.0,10304.0,5168.0,0.0,-3948.0,3153.0,,448.0,347.0,1220.0,-217.0,217.0,227.0,-10.0,,0.0,1003.0,-369.0,634.0,0.0,0.0,0.0,634.0,0.0,634.0,0.0,0.0,634.0,634.0,0.0,770.3,0.82,0.82,0.82,773.9,0.82,0.82,0.82,
11/01/2008,15114.0,15114.0,,-10130.0,10130.0,4984.0,0.0,-4117.0,3245.0,,469.0,403.0,867.0,-234.0,234.0,240.0,-6.0,,0.0,633.0,-264.0,369.0,0.0,0.0,0.0,369.0,0.0,369.0,0.0,0.0,369.0,369.0,0.0,753.5,0.49,0.49,0.49,756.6,0.49,0.49,0.49,
01/31/2009,19560.0,19560.0,,-13824.0,13824.0,5736.0,0.0,-4579.0,3519.0,,474.0,586.0,1157.0,-214.0,214.0,218.0,-4.0,,0.0,943.0,-334.0,609.0,0.0,0.0,0.0,609.0,0.0,609.0,0.0,0.0,609.0,609.0,0.0,752.4,0.81,0.81,0.81,754.1,0.81,0.81,0.81,
05/02/2009,14833.0,14833.0,,-9936.0,9936.0,4897.0,0.0,-3871.0,3015.0,,472.0,384.0,1026.0,-202.0,202.0,203.0,-1.0,,0.0,824.0,-302.0,522.0,0.0,0.0,0.0,522.0,0.0,522.0,0.0,0.0,522.0,534.35,12.35,752.2,0.69,0.69,0.710383,753.0,0.69,0.69,0.706401,
08/01/2009,15067.0,15067.0,,-9914.0,9914.0,5153.0,0.0,-4002.0,3136.0,,478.0,388.0,1151.0,-194.0,194.0,195.0,-1.0,,0.0,957.0,-363.0,594.0,0.0,0.0,0.0,594.0,0.0,594.0,0.0,0.0,594.0,594.0,0.0,752.0,0.79,0.79,0.79,754.4,0.79,0.79,0.79,
10/31/2009,15276.0,15276.0,,-10229.0,10229.0,5047.0,0.0,-4173.0,3255.0,,537.0,381.0,874.0,-191.0,191.0,191.0,0.0,,0.0,683.0,-247.0,436.0,0.0,0.0,0.0,436.0,0.0,436.0,0.0,0.0,436.0,436.0,0.0,751.8,0.58,0.58,0.58,755.7,0.58,0.58,0.58,
01/30/2010,20181.0,20181.0,,-13982.0,13982.0,6199.0,0.0,-4577.0,3673.0,,536.0,368.0,1622.0,-213.0,213.0,214.0,-1.0,,0.0,1409.0,-473.0,936.0,0.0,0.0,0.0,936.0,0.0,936.0,0.0,0.0,936.0,936.0,0.0,751.8,1.25,1.25,1.25,756.2,1.24,1.24,1.24,
05/01/2010,15593.0,15593.0,,-10412.0,10412.0,5181.0,0.0,-3939.0,3143.0,,516.0,280.0,1242.0,-187.0,187.0,188.0,-1.0,,0.0,1055.0,-384.0,671.0,0.0,0.0,0.0,671.0,0.0,671.0,0.0,0.0,671.0,671.0,0.0,739.9,0.91,0.91,0.91,745.7,0.9,0.9,0.9,
07/31/2010,15532.0,15532.0,,-10293.0,10293.0,5239.0,0.0,-3973.0,3263.0,,496.0,214.0,1266.0,-185.0,185.0,186.0,-1.0,,0.0,1081.0,-402.0,679.0,0.0,0.0,0.0,679.0,0.0,679.0,0.0,0.0,679.0,679.0,0.0,731.1,0.93,0.93,0.93,736.6,0.92,0.92,0.92,
10/30/2010,15605.0,15605.0,,-10562.0,10562.0,5043.0,0.0,-4076.0,3345.0,,533.0,198.0,967.0,-194.0,194.0,195.0,-1.0,,0.0,773.0,-238.0,535.0,0.0,0.0,0.0,535.0,0.0,535.0,0.0,0.0,535.0,491.74,-43.26,715.4,0.75,0.75,0.687364,721.0,0.74,0.74,0.68,
01/29/2011,20661.0,20661.0,,-14458.0,14458.0,6203.0,0.0,-4425.0,3720.0,,538.0,167.0,1778.0,-190.0,190.0,191.0,-1.0,,0.0,1588.0,-553.0,1035.0,0.0,0.0,0.0,1035.0,0.0,1035.0,0.0,0.0,1035.0,984.992,-50.008,708.1,1.46,1.46,1.391035,714.4,1.45,1.45,1.38,
04/30/2011,15935.0,15935.0,,-10838.0,10838.0,5097.0,0.0,-3833.0,3233.0,,512.0,88.0,1264.0,-183.0,183.0,183.0,0.0,,0.0,1081.0,-392.0,689.0,0.0,0.0,0.0,689.0,0.0,689.0,0.0,0.0,689.0,689.0,0.0,693.0,0.99,0.99,0.99,697.0,0.99,0.99,0.99,
07/30/2011,16240.0,16240.0,,-10872.0,10872.0,5368.0,0.0,-4068.0,3473.0,,509.0,86.0,1300.0,-191.0,191.0,192.0,-1.0,,0.0,1109.0,-405.0,704.0,0.0,0.0,0.0,704.0,0.0,704.0,0.0,0.0,704.0,704.0,0.0,680.8,1.03,1.03,1.03,685.1,1.03,1.03,1.03,
10/29/2011,16402.0,16402.0,,-11165.0,11165.0,5237.0,0.0,-4180.0,3525.0,,546.0,109.0,1057.0,-200.0,200.0,,,,0.0,857.0,-302.0,555.0,0.0,0.0,0.0,555.0,0.0,555.0,0.0,0.0,555.0,555.0,0.0,673.2,0.82,0.82,0.82,678.3,0.82,0.82,0.82,
01/28/2012,21288.0,21288.0,,-14986.0,14986.0,6302.0,0.0,-4602.0,3876.0,,564.0,162.0,1700.0,-292.0,292.0,293.0,-1.0,,0.0,1408.0,-427.0,981.0,0.0,0.0,0.0,981.0,0.0,981.0,0.0,0.0,981.0,1037.55,56.55,669.7,1.46,1.46,1.549276,675.0,1.45,1.45,1.533778,
04/28/2012,16867.0,16867.0,,-11541.0,11541.0,5326.0,0.0,-4041.0,3392.0,,529.0,120.0,1285.0,-184.0,184.0,184.0,0.0,,0.0,1101.0,-404.0,697.0,0.0,0.0,0.0,697.0,0.0,697.0,0.0,0.0,697.0,690.276,-6.724,666.3,1.05,1.05,1.035984,672.4,1.04,1.04,1.03,
07/28/2012,16779.0,16779.0,,-11297.0,11297.0,5482.0,0.0,-4227.0,3588.0,,531.0,108.0,1255.0,-184.0,184.0,184.0,0.0,,0.0,1071.0,-367.0,704.0,0.0,0.0,0.0,704.0,0.0,704.0,0.0,0.0,704.0,684.113,-19.887,656.7,1.07,1.07,1.041744,662.9,1.06,1.06,1.03,
10/27/2012,16929.0,16929.0,,-11569.0,11569.0,5360.0,0.0,-4196.0,3704.0,,542.0,-50.0,1164.0,-192.0,192.0,192.0,0.0,,0.0,972.0,-335.0,637.0,0.0,0.0,0.0,637.0,0.0,637.0,0.0,0.0,637.0,511.182,-125.818,654.8,0.97,0.97,0.780669,662.2,0.96,0.96,0.77,
02/02/2013,22726.0,22726.0,,-16160.0,16160.0,6566.0,0.0,-4898.0,4229.0,,539.0,130.0,1668.0,-204.0,204.0,204.0,0.0,,0.0,1464.0,-503.0,961.0,0.0,0.0,0.0,961.0,0.0,961.0,0.0,0.0,961.0,951.192,-9.808,648.8,1.48,1.48,1.466079,655.8,1.47,1.47,1.455044,
05/04/2013,16706.0,16706.0,,-11563.0,11563.0,5143.0,0.0,-3735.0,3590.0,,536.0,-391.0,1408.0,-629.0,629.0,629.0,0.0,,0.0,779.0,-281.0,498.0,0.0,0.0,0.0,498.0,0.0,498.0,0.0,0.0,498.0,530.475,32.475,642.1,0.78,0.78,0.826156,649.5,0.77,0.77,0.82,
08/03/2013,17117.0,17117.0,,-11745.0,11745.0,5372.0,0.0,-4240.0,3698.0,,542.0,0.0,1132.0,-171.0,171.0,171.0,0.0,,0.0,961.0,-350.0,611.0,0.0,0.0,0.0,611.0,0.0,611.0,0.0,0.0,611.0,611.0,0.0,634.8,0.96,0.96,0.96,642.0,0.95,0.95,0.95,
11/02/2013,17258.0,17258.0,,-12133.0,12133.0,5125.0,0.0,-4422.0,3853.0,,569.0,0.0,703.0,-165.0,165.0,165.0,0.0,,0.0,538.0,-197.0,341.0,0.0,0.0,0.0,341.0,0.0,341.0,0.0,0.0,341.0,341.0,0.0,631.3,0.54,0.54,0.54,637.4,0.54,0.54,0.54,
02/01/2014,20893.0,20893.0,,-15124.0,15124.0,5769.0,0.0,-4454.0,3946.0,,508.0,0.0,1315.0,-142.0,142.0,142.0,0.0,,0.0,1173.0,-393.0,780.0,260.0,260.0,0.0,520.0,0.0,520.0,0.0,0.0,520.0,826.65,46.65,632.3,0.82,1.23,1.30737,638.1,0.81,1.22,1.293108,
05/03/2014,16657.0,16657.0,,-11748.0,11748.0,4909.0,0.0,-3887.0,3376.0,,511.0,0.0,1022.0,-152.0,152.0,152.0,0.0,,0.0,870.0,-299.0,571.0,153.0,153.0,0.0,418.0,0.0,418.0,0.0,0.0,418.0,584.8,13.8,633.3,0.66,0.9,0.923417,638.2,0.66,0.89,0.911623,
08/02/2014,16957.0,16957.0,,-11798.0,11798.0,5159.0,0.0,-4136.0,3599.0,,537.0,0.0,1023.0,-433.0,433.0,433.0,0.0,,0.0,590.0,-199.0,391.0,157.0,157.0,0.0,234.0,0.0,234.0,0.0,0.0,234.0,632.95,241.95,633.5,0.37,0.62,0.999132,638.4,0.37,0.61,0.988994,
11/01/2014,17254.0,17254.0,,-12171.0,12171.0,5083.0,0.0,-4179.0,3644.0,,535.0,0.0,904.0,-146.0,146.0,146.0,0.0,,0.0,758.0,-232.0,526.0,174.0,174.0,0.0,352.0,0.0,352.0,0.0,0.0,352.0,503.0,-23.0,634.0,0.55,0.83,0.793375,639.6,0.55,0.82,0.78404,
01/31/2015,21751.0,21751.0,,-15563.0,15563.0,6188.0,0.0,-4603.0,4058.0,,545.0,0.0,1585.0,-151.0,151.0,151.0,0.0,,0.0,1434.0,-474.0,960.0,3600.0,3600.0,0.0,-2640.0,0.0,-2640.0,0.0,0.0,-2640.0,947.85,-12.15,637.9,-4.14,1.51,1.485891,644.0,-4.14,1.49,1.471134,
05/02/2015,17119.0,17119.0,,-11911.0,11911.0,5208.0,0.0,-4054.0,3514.0,,540.0,0.0,1154.0,-155.0,155.0,155.0,0.0,,0.0,999.0,-348.0,651.0,16.0,16.0,0.0,635.0,0.0,635.0,0.0,0.0,635.0,714.0,63.0,640.9,0.99,1.02,1.114058,646.4,0.98,1.01,1.107463,
08/01/2015,17427.0,17427.0,,-12051.0,12051.0,5376.0,0.0,-4046.0,3495.0,,551.0,0.0,1330.0,-148.0,148.0,148.0,0.0,,0.0,1182.0,-409.0,773.0,20.0,20.0,0.0,753.0,0.0,753.0,0.0,0.0,753.0,781.0,8.0,635.8,1.18,1.21,1.228374,641.0,1.18,1.21,1.22248,
10/31/2015,17613.0,17613.0,,-12440.0,12440.0,5173.0,0.0,-4297.0,3736.0,,561.0,0.0,876.0,-151.0,151.0,151.0,0.0,,0.0,725.0,-249.0,476.0,-73.0,-73.0,0.0,549.0,0.0,549.0,0.0,0.0,549.0,544.0,68.0,623.7,0.88,0.76,0.872214,628.8,0.87,0.76,0.868142,
01/30/2016,21626.0,21626.0,,-15594.0,15594.0,6032.0,0.0,-3863.0,3921.0,,562.0,-620.0,2169.0,-152.0,152.0,152.0,0.0,,0.0,2017.0,-596.0,1421.0,-5.0,-5.0,0.0,1426.0,0.0,1426.0,0.0,0.0,1426.0,937.65,-483.35,610.5,2.33,2.33,1.535872,615.3,2.32,2.31,1.524448,
04/30/2016,16196.0,16196.0,,-11185.0,11185.0,5011.0,0.0,-3699.0,3153.0,,546.0,0.0,1312.0,-415.0,415.0,415.0,0.0,,0.0,897.0,-283.0,614.0,-18.0,-18.0,0.0,632.0,0.0,632.0,0.0,0.0,632.0,778.0,164.0,598.3,1.06,1.03,1.300351,603.8,1.05,1.02,1.291613,
07/30/2016,16169.0,16169.0,,-11172.0,11172.0,4997.0,0.0,-3749.0,3249.0,,500.0,0.0,1248.0,-307.0,307.0,307.0,0.0,,0.0,941.0,-316.0,625.0,-55.0,-55.0,0.0,680.0,0.0,680.0,0.0,0.0,680.0,719.0,94.0,582.2,1.17,1.07,1.234971,586.8,1.16,1.07,1.230191,
10/29/2016,16441.0,16441.0,,-11536.0,11536.0,4905.0,0.0,-3844.0,3339.0,,505.0,0.0,1061.0,-142.0,142.0,142.0,0.0,,0.0,919.0,-311.0,608.0,0.0,0.0,0.0,608.0,0.0,608.0,0.0,0.0,608.0,603.0,-5.0,570.1,1.07,1.07,1.057709,574.8,1.06,1.06,1.051301,
01/28/2017,20690.0,20690.0,,-15188.0,15188.0,5502.0,0.0,-4154.0,3614.0,,540.0,0.0,1348.0,-140.0,140.0,140.0,0.0,,0.0,1208.0,-387.0,821.0,4.0,4.0,0.0,817.0,0.0,817.0,0.0,0.0,817.0,816.4,-4.6,559.7,1.46,1.47,1.458639,564.5,1.46,1.46,1.451851,
04/29/2017,16223.0,15995.0,228.0,-11199.0,11199.0,5024.0,0.0,-3869.0,3353.0,,516.0,0.0,1155.0,-125.0,140.0,140.0,0.0,,-15.0,1030.0,-355.0,675.0,-3.0,-3.0,0.0,678.0,0.0,678.0,0.0,0.0,678.0,668.0,-7.0,552.4,1.23,1.22,1.209269,555.2,1.22,1.21,1.197392,
07/29/2017,16634.0,16410.0,224.0,-11419.0,11419.0,5215.0,0.0,-4122.0,3601.0,,521.0,0.0,1093.0,-116.0,131.0,131.0,0.0,,-15.0,977.0,-307.0,670.0,-1.0,-1.0,0.0,671.0,0.0,671.0,0.0,0.0,671.0,675.0,5.0,549.3,1.22,1.22,1.228837,551.9,1.22,1.21,1.21906,
10/28/2017,16874.0,16647.0,227.0,-11712.0,11712.0,5162.0,0.0,-4315.0,3733.0,,582.0,0.0,847.0,-236.0,251.0,251.0,0.0,,-15.0,611.0,-135.0,476.0,-2.0,-2.0,0.0,478.0,0.0,478.0,0.0,0.0,478.0,496.0,20.0,544.5,0.88,0.87,0.910927,547.9,0.87,0.87,0.906503,
02/03/2018,22983.0,22734.0,249.0,-16795.0,16795.0,6188.0,0.0,-5059.0,4454.0,,605.0,0.0,1129.0,-117.0,131.0,131.0,0.0,,-14.0,1012.0,76.0,1088.0,1.0,1.0,0.0,1087.0,0.0,1087.0,0.0,0.0,1087.0,741.0,-347.0,541.5,2.01,2.01,1.368421,545.9,1.99,1.99,1.354352,
05/05/2018,16781.0,16556.0,225.0,-11625.0,11625.0,5156.0,0.0,-4115.0,3545.0,,570.0,0.0,1041.0,-114.0,121.0,121.0,0.0,,-7.0,927.0,-210.0,717.0,-1.0,-1.0,0.0,718.0,0.0,718.0,0.0,0.0,718.0,712.0,-5.0,536.9,1.34,1.34,1.326131,541.0,1.33,1.33,1.320758,
08/04/2018,17776.0,17552.0,224.0,-12239.0,12239.0,5537.0,0.0,-4404.0,3865.0,,539.0,0.0,1133.0,-111.0,115.0,115.0,0.0,,-4.0,1022.0,-223.0,799.0,0.0,0.0,0.0,799.0,0.0,799.0,0.0,0.0,799.0,787.0,-12.0,531.7,1.5,1.5,1.480158,536.3,1.49,1.49,1.467624,
11/03/2018,17821.0,17590.0,231.0,-12535.0,12535.0,5286.0,0.0,-4467.0,3937.0,,530.0,0.0,819.0,-106.0,115.0,115.0,0.0,,-9.0,713.0,-97.0,616.0,-6.0,-6.0,0.0,622.0,0.0,622.0,0.0,0.0,622.0,578.816,-37.184,525.9,1.18,1.17,1.10062,531.2,1.17,1.16,1.09,
02/02/2019,22977.0,22734.0,243.0,-16900.0,16900.0,6077.0,0.0,-4960.0,4376.0,,584.0,0.0,1117.0,-103.0,110.0,110.0,0.0,,-7.0,1014.0,-216.0,798.0,-1.0,-1.0,0.0,799.0,0.0,799.0,0.0,0.0,799.0,801.0,3.0,519.9,1.54,1.53,1.540681,524.3,1.52,1.52,1.525722,
05/04/2019,17627.0,17401.0,226.0,-12248.0,12248.0,5379.0,0.0,-4244.0,3663.0,,581.0,0.0,1135.0,-114.0,126.0,126.0,0.0,,-12.0,1021.0,-229.0,792.0,-3.0,-3.0,0.0,795.0,0.0,795.0,0.0,0.0,795.0,792.0,0.0,515.7,1.54,1.54,1.54,519.5,1.53,1.53,1.53,
08/03/2019,18422.0,18183.0,239.0,-12625.0,12625.0,5797.0,0.0,-4473.0,3912.0,,561.0,0.0,1324.0,-107.0,120.0,120.0,0.0,,-13.0,1217.0,-279.0,938.0,0.0,0.0,0.0,938.0,0.0,938.0,0.0,0.0,938.0,938.0,0.0,512.1,1.83,1.83,1.83,516.1,1.82,1.82,1.82,
11/02/2019,18665.0,18414.0,251.0,-12935.0,12935.0,5730.0,0.0,-4728.0,4153.0,,575.0,0.0,1002.0,-101.0,113.0,113.0,0.0,,-12.0,901.0,-195.0,706.0,-8.0,-8.0,0.0,714.0,0.0,714.0,0.0,0.0,714.0,705.53,-0.47,509.7,1.4,1.38,1.384206,514.8,1.39,1.37,1.369087,
02/01/2020,23398.0,23133.0,265.0,-17056.0,17056.0,6342.0,0.0,-5144.0,4504.0,0.0,640.0,0.0,1198.0,-147.0,118.0,118.0,0.0,0.0,29.0,1051.0,-218.0,833.0,-1.0,-1.0,0.0,834.0,0.0,834.0,0.0,0.0,834.0,866.0,33.0,506.2,1.65,1.64,1.710786,511.9,1.63,1.63,1.694466,
05/02/2020,19615.0,19371.0,244.0,-14510.0,14510.0,5105.0,0.0,-4637.0,4060.0,,577.0,0.0,468.0,-139.0,117.0,117.0,0.0,,22.0,329.0,-45.0,284.0,0.0,0.0,0.0,284.0,0.0,284.0,0.0,0.0,284.0,299.0,15.0,501.0,0.57,0.57,0.596806,505.8,0.56,0.56,0.589656,
08/01/2020,22975.0,22696.0,279.0,-15673.0,15673.0,7302.0,0.0,-5002.0,4460.0,,542.0,0.0,2300.0,-111.0,122.0,,,,-11.0,2189.0,-499.0,1690.0,0.0,0.0,0.0,1690.0,0.0,1690.0,0.0,0.0,1690.0,1684.0,-6.0,500.1,3.38,3.38,3.367327,504.4,3.35,3.35,3.338105,
10/31/2020,20438.222,,,,,5963.05565072,,,,,,,1069.941,,,,,,,987.789,,738.5,,,,,,738.5,,,738.5,751.667,,,1.48,1.48,1.49,,1.48,1.48,1.49,
01/31/2021,24728.667,,,,,6408.92862639,,,,,,,1246.882,,,,,,,1131.444,,894.3,,,,,,894.3,,,894.3,872.667,,,1.761,1.761,1.748,,1.761,1.761,1.748,
