Date,Revenue,Sales & Services Revenue,Cost of Revenue,Gross Profit,Other Operating Income,Operating Expenses,Research & Development,Depreciation & Amortization,Prov For Doubtful Accts,Other Operating Expense,Operating Income (Loss),Non-Operating (Income) Loss,"Interest Expense, Net",Interest Expense,Interest Income,Other Investment (Inc) Loss,Foreign Exch (Gain) Loss,(Income) Loss from Affiliates,Other Non-Op (Income) Loss,Pretax Income,Income Tax Expense (Benefit),Income (Loss) from Cont Ops,Net Extraordinary Losses (Gains),Discontinued Operations,XO & Accounting Changes,Income (Loss) Incl. MI,Minority Interest,"Net Income, GAAP",Preferred Dividends,Other Adjustments,"Net Income Avail to Common, GAAP","Net Income Avail to Common, Adj",Net Abnormal Losses (Gains),Basic Weighted Avg Shares,"Basic EPS, GAAP",Basic EPS from Cont Ops,"Basic EPS from Cont Ops, Adjusted",Diluted Weighted Avg Shares,"Diluted EPS, GAAP",Diluted EPS from Cont Ops,"Diluted EPS from Cont Ops, Adjusted",Source: Bloomberg
08/30/1989,996.325012,,,,,-883.913025,,,,,112.412003,-29.892001,,37.256001,,,,,-7.364,82.520002,-32.5,50.02,,,,50.020002,,50.02,,,50.02,50.02,,59.007002,0.866667,0.866667,,59.007002,0.866667,0.866667,0.866667,
11/30/1989,1037.910034,,,,,-912.609985,,,,,125.300003,-26.910001,,34.978001,,,,,-8.068,98.390002,-39.0,59.389999,2.291,,,57.099002,,57.098999,,,57.098999,57.098999,,60.038252,0.946667,0.986667,,60.038252,0.946667,0.986667,0.986667,
02/28/1990,1012.328979,,,,,-883.322021,,,,,129.007004,-24.724998,,32.155998,,,,,-7.431,104.282006,-41.5,62.782001,,,,62.782006,,62.782001,,,62.782001,62.782001,,61.529251,1.026667,1.026667,,61.529251,1.026667,1.026667,1.026667,
05/31/1990,888.435974,,,,,-742.155029,,,,,146.281006,-26.473001,,33.610001,,,,,-7.137,119.808005,-50.0,69.807999,0.709,,,69.099005,,69.098999,,,69.098999,69.098999,,59.465623,1.16,1.173333,1.173333,59.465623,1.16,1.173333,1.173333,
08/31/1990,894.763977,,,,,-769.750977,,,,,125.013,-24.862001,,32.282001,,,,,-7.42,100.150999,-40.5,59.651001,,,,59.650999,,59.651001,,,59.651001,59.651001,,59.689499,1.0,1.0,,59.689499,1.0,1.0,1.0,
11/30/1990,946.252991,,,,,-808.495972,,,,,137.757004,-23.979,,31.809,,,,,-7.83,113.778004,-46.5,67.278,1.278,,,66.000004,,66.0,,,66.0,66.0,,59.726252,1.093333,1.12,,59.726252,1.093333,1.12,1.12,
02/28/1991,955.666992,,,,,-810.497009,,,,,145.169998,-25.015,,31.437,,,,,-6.422,120.154998,-49.0,71.154999,0.281,,,70.873998,,70.874001,,,70.874001,70.874001,,59.967001,1.186667,1.186667,,59.967001,1.186667,1.186667,1.186667,
05/31/1991,1009.315979,,0.0,1009.315979,,-848.255981,,,,,161.059998,-23.144,,31.472,,,0.0,,-8.328,137.915998,-59.0,78.916,3.441,,,75.474998,0.0,75.474998,0.0,,75.474998,75.474998,,62.655562,1.2,1.253333,1.253333,62.655562,1.2,1.253333,1.253333,
08/31/1991,984.512024,,,,,-846.812012,,,,,137.699997,-17.056999,,24.438999,,,,,-7.382,120.642998,-49.0,71.642998,,,,71.642998,,71.642998,,,71.642998,71.642998,,65.930626,1.093333,1.093333,,65.930626,1.093333,1.093333,1.093333,
12/01/1991,1023.195984,,,,,-888.866028,,,,,134.330002,-14.698,,23.031,,,,,-8.333,119.632002,-49.0,70.632004,,,,70.632002,,70.632004,,,70.632004,70.632004,,65.016003,1.093333,1.093333,,65.016003,1.093333,1.093333,1.093333,
02/29/1992,971.429993,,,,,-881.065979,,,,,90.363998,-14.886001,,21.867001,,,,,-6.981,75.477998,-31.0,44.478001,4.322,,,40.155998,,40.155998,,,40.155998,40.155998,,63.640125,0.613333,0.693333,,63.640125,0.613333,0.693333,0.693333,
05/31/1992,1002.862,,0.0,1002.862,,-855.255981,,,,,147.606003,-233.358999,,22.663,,,0.0,,210.695999,-85.752996,32.0,-53.752998,24.677999,,,-78.430995,0.0,-78.431,0.0,,-78.431,-78.431,,63.066936,-1.226667,-0.8,-0.8,63.066936,-1.226667,-0.8,-0.8,
08/31/1992,941.544983,,,,,-841.255005,,,,,100.290001,-15.666,,20.6,,,0.0,,-4.934,84.624001,-34.0,50.624001,0.0,,,50.624001,0.0,50.624001,0.0,,50.624001,50.624001,,62.401125,0.8,0.8,,62.401125,0.8,0.8,0.8,
11/30/1992,785.335022,,,,,-683.051025,,,,,102.283997,25.747999,,19.523001,,,,,-45.271,128.031996,-50.0,78.031998,25.651001,,,52.380995,0.0,52.381001,0.0,,52.381001,52.381001,,62.259001,0.853333,1.253333,,62.259001,0.853333,1.253333,1.253333,
02/28/1993,794.689026,,,,,-700.528015,,,,,94.161003,12.892,,18.875,,,0.0,,-31.767,107.053003,-42.0,65.053001,10.902,,,54.151003,0.0,54.151001,0.0,,54.151001,54.151001,,62.25,0.88,1.04,,62.25,0.88,1.04,1.04,
05/31/1993,1240.43103,,0.0,1240.43103,,-1137.166016,,,,,103.264999,-163.974001,,19.002001,,,0.0,,144.972,-60.709002,27.0,-33.709,-36.553001,,,2.843999,0.0,2.844,0.0,,2.844,2.844,,62.255625,0.053333,-0.533333,-0.533333,62.255625,0.053333,-0.533333,-0.533333,
08/31/1993,771.544006,,,,,-686.854004,,,,,84.690002,8.226,,18.406,,,0.0,,-26.632,92.916002,-38.0,54.916,93.508003,,,-38.592001,-2.198,-40.790001,0.0,,-40.790001,-40.790001,,62.290501,-0.666667,0.826667,0.826667,62.290501,-0.666667,0.826667,0.826667,
11/30/1993,769.952026,,,,,-667.379028,,,,,102.572998,0.606998,,19.353001,,,,,-19.959999,103.179996,-42.0,61.18,287.370987,,,-226.19099,0.0,-226.190994,0.0,,-226.190994,-226.190994,,62.278873,-3.626667,0.986667,,62.278873,-3.626667,0.986667,0.986667,
02/28/1994,720.254028,,,,,-623.434998,,,,,96.819,50.897998,,15.536,,,0.0,,-66.433998,147.716998,-57.0,90.717003,255.0,,,-164.283002,0.0,-164.283005,0.0,,-164.283005,-164.283005,,62.201998,-2.64,1.466667,,62.201998,-2.64,1.466667,1.466667,
05/31/1994,705.25,,0.0,705.25,,-675.33197,,,,,29.917999,-13.731,,16.705,,,0.0,,-2.974,16.186999,-7.0,9.187,-288.479004,,,297.666003,2.198,6.264,0.0,,6.264,6.264,,63.092623,0.106667,0.186667,0.186667,63.092623,0.106667,0.186667,0.186667,
08/31/1994,662.835022,,,,,-577.96698,,,,,84.867996,24.147999,,17.66,,,0.0,,-41.807999,109.015995,-43.0,66.015999,0.0,,,66.015995,-1.988,64.028,0.0,,64.028,64.028,,63.172875,1.013333,1.013333,1.013333,63.172875,1.013333,1.013333,1.013333,
11/30/1994,638.799988,,,,,-554.0,,,,,84.800003,-6.799999,,17.299999,,,0.0,,-10.5,78.000004,-30.0,48.0,0.0,,,48.000004,-1.8,46.200001,0.0,,46.200001,46.200001,,63.119625,0.72,0.72,0.72,63.119625,0.72,0.72,0.72,
02/28/1995,660.5,,,,,-571.799988,,,,,88.699997,-6.6,,17.9,,,0.0,,-11.3,82.099997,-32.0,50.099998,0.0,,,50.099997,-1.2,48.900002,0.0,,48.900002,48.900002,,62.963247,0.773333,0.773333,0.773333,62.963247,0.773333,0.773333,0.773333,
05/31/1995,1355.86499,,0.0,1355.86499,,-1186.233032,,,,,169.632004,-100.747999,,85.139999,,,0.0,,15.608,68.884005,-30.0,38.883999,29.0,,,9.884005,-4.012,5.872,0.0,,5.872,5.872,,75.868126,0.08,0.453333,,75.868126,0.08,0.453333,0.453333,
08/31/1995,1216.6,,,,,-1042.7,,,,,173.899994,60.599999,,77.099998,,,0.0,,-137.699997,234.499993,-110.599998,123.900002,0.0,,,123.899995,-5.6,118.300003,0.0,,118.300003,118.300003,,75.70875,1.573333,1.573333,1.573333,75.70875,1.573333,1.573333,1.573333,
11/30/1995,1301.2,,,,,-1109.9,,,,,191.300003,119.599991,,81.300003,,,0.0,,-200.899994,310.899994,-123.099998,187.800003,0.0,,,187.799996,-5.0,182.800003,0.0,,182.800003,182.800003,,76.441875,2.4,2.4,2.4,76.441875,2.4,2.4,2.4,
02/29/1996,1972.699951,,,,,-1706.599976,,,,,266.100006,-96.299997,,107.199997,,,0.0,,-10.9,169.800009,-65.900002,103.900002,0.0,,,103.900007,-5.8,98.099998,0.0,,98.099998,98.099998,,110.336254,0.88,0.88,,110.336254,0.88,0.88,0.88,
05/31/1996,1979.9,,,,,-1680.8,,,,,299.1,-150.1,,103.0,,,0.0,,47.1,149.0,-73.8,75.2,48.0,,,27.2,-12.3,50.8,0.0,,50.8,50.8,,82.102501,0.618667,0.64,0.64,82.102501,0.618667,0.64,0.64,
08/31/1996,1991.0,,,,,-1730.0,,,,,261.0,-94.0,,100.0,,,0.0,,-6.0,167.0,-64.0,103.0,0.0,,,103.0,-7.0,96.0,0.0,,96.0,96.0,,112.880631,0.853333,0.853333,0.853333,112.880631,0.853333,0.853333,0.853333,
11/30/1996,2111.0,,,,,-1834.0,,,,,277.0,-94.0,,102.0,,,0.0,,-8.0,183.0,-71.0,112.0,0.0,,,112.0,-9.0,103.0,0.0,,103.0,103.0,,113.438255,0.906667,0.906667,0.906667,113.438255,0.906667,0.906667,0.906667,
02/28/1997,2109.0,,,,,-1806.0,,,,,303.0,-371.0,,106.0,,,0.0,,265.0,-68.0,10.0,-58.0,47.0,,,-105.0,-8.0,-113.3,0.0,,-113.3,-113.3,,114.166122,-0.986667,-0.56,1.04,114.166122,-0.986667,-0.56,1.04,
05/31/1997,2139.3,,,,,-1826.3,,,,,313.0,-589.0,,109.0,,,0.0,,480.0,-276.0,73.0,-203.0,105.0,,,-308.0,-3.0,-340.0,0.0,,-340.0,-340.0,,115.435879,-2.933333,-1.786667,1.093333,115.435879,-2.933333,-1.84,1.093333,
08/31/1997,2183.0,,,,,-1878.0,,,,,305.0,-106.0,,112.0,,,0.0,,-6.0,199.0,-77.0,122.0,0.0,,,122.0,-6.0,116.0,0.0,,116.0,116.0,,114.103123,1.013333,1.013333,1.013333,116.12812,1.013333,1.013333,1.013333,
11/30/1997,2293.0,,,,,-1963.0,,,,,330.0,-94.0,,118.0,,,0.0,,-24.0,236.0,-91.0,145.0,0.0,,,145.0,-7.0,138.0,0.0,,138.0,138.0,,116.754375,1.173333,1.173333,1.093333,116.754375,1.173333,1.173333,1.093323,
02/28/1998,2401.0,,,,,-2044.0,,,,,357.0,-109.0,,114.0,,,0.0,,-5.0,248.0,-94.0,154.0,0.0,,,154.0,-6.0,148.0,0.0,,148.0,148.0,,114.977623,1.28,1.28,1.28,117.306004,1.253333,1.253333,1.253333,
05/31/1998,2430.0,,,,,-2073.0,,,,,357.0,-371.0,,120.0,,,0.0,,251.0,-14.0,-7.0,-21.0,117.0,,,-138.0,-3.0,-141.0,0.0,,-141.0,-141.0,,115.740006,-1.226667,-0.213333,1.466667,115.983753,-1.226667,-0.213333,1.466667,
08/31/1998,2394.0,,,,,-2056.0,,,,,338.0,-112.0,,119.0,,,0.0,,-7.0,226.0,-85.0,141.0,0.0,,,141.0,-4.0,137.0,0.0,,137.0,137.0,,116.026131,1.173333,1.173333,1.173333,117.624378,1.173333,1.173333,1.173333,
11/30/1998,2379.0,,,,,-2062.0,,,,,317.0,-113.0,,119.0,,,0.0,,-6.0,204.0,-78.0,126.0,0.0,,,126.0,-1.0,125.0,0.0,,125.0,125.0,,116.176128,1.066667,1.066667,1.066667,117.725624,1.066667,1.066667,1.066667,
02/28/1999,2632.0,,,,,-2316.0,,,,,316.0,-114.0,,122.0,,,0.0,,-8.0,202.0,-78.0,124.0,0.0,,,124.0,0.0,124.0,0.0,,124.0,124.0,,116.352001,1.066667,1.066667,1.066667,117.354378,1.066667,1.066667,1.066667,
05/31/1999,2732.0,,,,,-2401.0,,,,,331.0,-482.0,125.0,125.0,,,0.0,,357.0,-151.0,16.0,-135.0,0.0,,,-135.0,-2.0,-137.0,0.0,,-137.0,-137.0,,116.5395,-1.173333,-1.173333,-1.173333,117.374625,-1.173333,-1.173333,-1.173333,
08/31/1999,2650.0,,,,,-2327.0,,,,,323.0,-109.0,,124.0,,,0.0,,-15.0,214.0,-81.0,133.0,19.0,,,114.0,-5.0,109.0,0.0,,109.0,109.0,,116.682003,0.933333,1.093333,1.04,117.459,0.933333,1.093333,1.04,
11/30/1999,2570.0,,,,,-2233.0,,,,,337.0,-56.0,,120.0,,,0.0,,-64.0,281.0,-141.0,140.0,0.0,,,140.0,-5.0,135.0,0.0,,135.0,135.0,,116.816997,1.146667,1.146667,1.146667,117.654373,1.146667,1.146667,1.146667,
02/29/2000,2636.0,,,,,-2269.0,,,,,367.0,-293.0,,117.0,,,0.0,,176.0,74.0,-30.0,44.0,0.0,,,44.0,-6.0,38.0,0.0,,38.0,38.0,,117.104622,0.32,0.32,1.466667,118.450871,0.32,0.32,1.466667,
05/31/2000,2707.0,,,,,-2332.0,,,204.0,,375.0,-305.0,118.0,118.0,,,0.0,,187.0,70.0,-26.0,44.0,19.0,,,25.0,-5.0,20.0,0.0,,20.0,20.0,121.0,117.04875,0.16,0.32,1.36,118.812,0.16,0.32,1.36,
08/31/2000,2680.0,,,,,-2300.0,,,,,380.0,-117.0,,123.0,,,0.0,,-6.0,263.0,-103.0,160.0,0.0,,,160.0,-6.0,154.0,0.0,0.0,154.0,154.0,,117.883129,1.306667,1.306667,1.306667,119.903629,1.28,1.28,1.28,
11/30/2000,2709.0,,,,,-2308.0,,,,,401.0,-105.0,,118.0,,,0.0,,-13.0,296.0,-117.0,179.0,0.0,,,179.0,-4.0,175.0,0.0,0.0,175.0,175.0,,119.263126,1.466667,1.466667,1.466667,122.147255,1.44,1.44,1.44,
02/28/2001,2817.0,,,,,-2378.0,,,,,439.0,-104.0,,113.0,,,0.0,,-9.0,335.0,-134.0,201.0,0.0,,,201.0,-3.0,198.0,0.0,0.0,198.0,198.0,,120.69413,1.653333,1.653333,1.653333,123.794998,1.6,1.6,1.6,
05/31/2001,3209.0,,,,,-2739.0,,,,,470.0,-208.0,,102.0,,,0.0,,106.0,262.0,-110.0,152.0,35.0,,,117.0,-1.0,116.0,0.0,0.0,116.0,116.0,,124.892625,0.933333,1.226667,1.813333,124.892625,0.933333,1.226667,1.813333,
08/31/2001,3051.0,,,,,-2574.0,,,,,477.0,-88.0,,97.0,,,0.0,,-9.0,389.0,-158.0,231.0,69.0,,,162.0,-7.0,155.0,0.0,0.0,155.0,155.0,,122.379375,1.28,1.84,1.84,125.851124,1.226667,1.786667,1.786667,
11/30/2001,3136.0,,,,,-2609.0,,,,,527.0,-175.0,,86.0,-7.0,,0.0,,96.0,352.0,-148.0,204.0,103.0,,,101.0,-12.0,89.0,0.0,0.0,89.0,89.0,,122.205379,0.72,1.573333,2.106667,125.698872,0.693333,1.52,2.053333,
02/28/2002,3248.0,,,,,-2681.0,,,,,567.0,-68.0,,75.0,,,0.0,,-7.0,499.0,-202.0,297.0,8.0,,,289.0,-9.0,280.0,0.0,0.0,280.0,280.0,,122.449505,2.293333,2.346667,2.346667,125.670376,2.24,2.293333,2.293333,
05/31/2002,3738.0,,,,,-3116.0,,,246.0,,622.0,-63.0,69.0,69.0,,,0.0,,-6.0,559.0,-228.0,331.0,60.0,,,271.0,-10.0,261.0,0.0,0.0,261.0,261.0,,188.515125,1.386667,1.706667,1.706667,188.515125,1.386667,1.706667,1.706667,
03/31/2003,3178.0,,,,,-3032.0,,,274.0,,552.0,-267.0,71.0,71.0,,,0.0,,196.0,285.0,-48.0,71.0,29.0,,,208.0,-8.0,-20.0,0.0,0.0,-20.0,-20.0,155.869999,117.627747,-0.16,0.04,1.36,118.081253,-0.16,0.04,1.36,
06/30/2003,3091.0,,,,,-2872.0,,,288.0,,219.0,-408.0,73.0,73.0,,,0.0,,335.0,-189.0,69.0,-120.0,66.0,,,-186.0,-9.0,-195.0,0.0,0.0,-195.0,-195.0,276.0,116.277496,-1.68,-1.12,1.24,116.277496,-1.68,-1.12,1.24,
09/30/2003,1998.0,,,,,-1975.0,,,522.0,,23.0,-339.0,73.0,73.0,,,0.0,,266.0,-316.0,117.0,-199.0,103.0,,,-302.0,-6.0,-308.0,0.0,0.0,-308.0,-308.0,168.839996,115.90725,-2.64,-1.76,-0.32,115.90725,-2.64,-1.76,-0.32,
12/31/2003,2817.0,,,,,-2760.0,,,364.0,,57.0,-1466.0,76.0,76.0,,,,,1390.0,-1409.0,310.0,-1099.0,-134.0,,,-965.0,11.0,-954.0,0.0,0.0,-954.0,-954.0,1402.0,116.13725,-8.2,-8.2,-8.2,116.13725,-8.2,-8.2,-8.2,
03/31/2004,2574.0,,,,,-2130.0,,,,,151.0,-97.0,,77.0,,,0.0,,20.0,54.0,-23.0,31.0,148.0,,,-117.0,-5.0,-122.0,0.0,0.0,-122.0,-122.0,,116.323998,-1.04,0.24,0.6,116.397499,-1.04,0.24,0.6,
06/30/2004,2505.0,,,,,-2678.0,,,,,-173.0,-100.0,,74.0,,,0.0,,26.0,-273.0,103.0,-170.0,256.0,,,-426.0,0.0,-426.0,0.0,0.0,-426.0,-426.0,,116.480499,-3.64,-1.44,-0.24,116.480499,-3.64,-1.44,-0.24,
09/30/2004,2177.0,,,,,-2145.0,,,251.0,,32.0,-97.0,91.0,91.0,,,0.0,,6.0,-65.0,15.0,-50.0,19.0,,,-69.0,-1.0,-70.0,0.0,0.0,-70.0,-70.0,17.0,116.6615,-0.6,-0.44,0.16,116.6615,-0.6,-0.44,0.16,
12/31/2004,1385.0,,,,,-1608.0,,,951.0,,70.0,-1362.0,-91.0,92.0,,,0.0,,1453.0,-1292.0,-388.0,-1680.0,517.0,,,-2197.0,9.0,-2188.0,0.0,0.0,-2188.0,-2188.0,,116.726501,-18.8,-14.4,-7.56,116.726501,-18.8,-14.4,-7.56,
03/31/2005,2334.0,,,,,-2204.0,,,167.0,,130.0,-124.0,101.0,101.0,,,,,23.0,6.0,17.0,23.0,24.0,,,-1.0,-3.0,-4.0,0.0,0.0,-4.0,-4.0,-11.0,117.01175,-0.04,0.16,0.04,117.23675,-0.04,0.16,0.04,
06/30/2005,2002.0,,,,,-1928.0,,,140.0,,74.0,-94.0,102.0,102.0,,,0.0,,-8.0,-20.0,12.0,-8.0,24.0,,,-32.0,-1.0,-33.0,0.0,0.0,-33.0,-33.0,4.55,117.1895,-0.28,-0.08,-0.04,117.1895,-0.28,-0.08,-0.04,
09/30/2005,1967.0,,,,,-1961.0,,,183.0,,6.0,-130.0,101.0,101.0,,,0.0,,29.0,-124.0,-3.0,-127.0,273.0,,,-400.0,-1.0,-401.0,0.0,0.0,-401.0,-401.0,46.0,117.29475,-3.4,-1.08,-0.72,117.29475,-3.4,-1.08,-0.72,
12/31/2005,1975.0,,,,,-1932.0,,,,,43.0,-165.0,,100.0,,,0.0,,65.0,-122.0,-57.0,-179.0,106.0,,,-285.0,-1.0,-286.0,0.0,0.0,-286.0,-286.0,,117.40175,-2.44,-1.56,-1.36,117.40175,-2.44,-1.56,-1.36,
03/31/2006,2089.0,,,,,-1954.0,,,121.0,,135.0,-131.0,102.0,102.0,,,0.0,,29.0,4.0,-4.0,0.0,-69.0,,,69.0,-1.0,70.0,0.0,0.0,70.0,70.0,48.0,117.51725,0.6,0.0,0.4,117.51725,0.6,0.0,0.4,
06/30/2006,2067.0,,,,,-1940.0,,,128.0,,127.0,-826.0,101.0,101.0,,,0.0,,725.0,-699.0,252.0,-447.0,-49.0,,,-398.0,0.0,-398.0,0.0,0.0,-398.0,-398.0,482.3,117.652,-3.4,-3.8,0.28,117.652,-3.4,-3.8,0.28,
09/30/2006,1909.0,,,,,-1877.0,,,149.0,,32.0,-93.0,104.0,104.0,,,0.0,,-11.0,-61.0,43.0,-18.0,70.0,,,-88.0,-1.0,-89.0,0.0,0.0,-89.0,-89.0,-14.13681,117.80675,-0.76,-0.16,-0.28,117.80675,-0.76,-0.16,-0.28,
12/31/2006,1999.0,,,,,-1939.0,,,117.0,,60.0,-413.0,102.0,102.0,,,,,311.0,-353.0,-29.0,-382.0,2.0,,,-384.0,-2.0,-386.0,0.0,0.0,-386.0,-386.0,209.95,117.871,-3.28,-3.24,-1.44,117.871,-3.28,-3.24,-1.44,
03/31/2007,2085.0,,,,,-1980.0,,,133.0,,105.0,-118.0,105.0,105.0,,,,,13.0,-13.0,84.0,71.0,-2.0,,,73.0,2.0,75.0,0.0,0.0,75.0,75.0,-86.0,118.034,0.64,0.76,0.04,118.5815,0.64,0.76,0.04,
06/30/2007,1912.0,,,,,-1841.0,,,142.0,,71.0,-97.0,105.0,105.0,,,0.0,,-8.0,-26.0,-3.0,-29.0,0.0,,,-29.0,-1.0,-30.0,0.0,0.0,-30.0,-30.0,-0.65,118.303,-0.24,-0.2,-0.2,118.303,-0.24,-0.2,-0.2,
09/30/2007,1886.0,,,,,-1806.0,,,155.0,,80.0,-111.0,105.0,105.0,,,0.0,,6.0,-31.0,-10.0,-41.0,18.0,,,-59.0,0.0,-59.0,0.0,0.0,-59.0,-59.0,16.0,118.496,-0.48,-0.32,-0.2,118.496,-0.48,-0.32,-0.2,
12/31/2007,1943.0,,,,,-1872.0,,,134.0,,71.0,-127.0,104.0,104.0,,,0.0,,23.0,-56.0,-20.0,-76.0,-3.0,,,-73.0,-2.0,-75.0,0.0,0.0,-75.0,-75.0,22.1,118.5715,-0.64,-0.64,-0.44,118.5715,-0.64,-0.64,-0.44,
03/31/2008,2031.0,,,,0.0,-1906.0,,,147.0,,125.0,-147.0,,104.0,,,,,43.0,-22.0,-1.0,-23.0,7.0,,,-30.0,-1.0,-31.0,0.0,0.0,-31.0,-31.0,31.85,118.7665,-0.24,-0.2,0.08,118.7665,-0.24,-0.2,0.08,
06/30/2008,1959.0,,,,0.0,-1889.0,,,153.0,,70.0,-103.0,,102.0,,,,,1.0,-33.0,16.0,-17.0,-2.0,,,-15.0,,-15.0,0.0,0.0,-15.0,-15.0,,119.077,-0.12,-0.142764,-0.100776,119.077,-0.12,-0.142764,-0.100776,
09/30/2008,1976.0,,,,0.0,-1910.0,,,164.0,,66.0,50.0,,106.0,,,,,-156.0,116.0,4.0,120.0,14.0,,,106.0,-2.0,104.0,,0.0,104.0,104.0,-2.6,119.2245,0.88,1.0,1.0,120.19725,0.88,1.0,0.9768,
12/31/2008,2011.0,,,,0.0,-1901.0,,,166.0,,110.0,-114.0,,106.0,,,,,8.0,-4.0,6.0,2.0,27.0,,,-25.0,-4.0,-29.0,,0.0,-29.0,-29.0,5.2,119.2815,-0.28,-0.04,0.003596,119.2815,-0.28,-0.04,0.003596,
03/31/2009,2106.0,2106.0,,,0.0,-1930.0,,96.0,,1834.0,176.0,26.0,,110.0,,-2.0,,,-134.0,202.0,-5.0,197.0,14.0,14.0,0.0,183.0,-5.0,178.0,0.0,0.0,178.0,108.8,-83.2,119.593,1.52,1.6,0.909752,119.878,1.48,1.6,0.90596,
06/30/2009,2062.0,2062.0,,,0.0,-1924.0,,98.0,,1826.0,138.0,-131.0,,120.0,,5.0,,,6.0,7.0,-4.0,3.0,17.0,17.0,0.0,-14.0,-1.0,-15.0,0.0,0.0,-15.0,12.4,10.4,120.11175,-0.12,0.04,0.103236,122.061,-0.12,0.04,0.103236,
09/30/2009,2069.0,2069.0,,,0.0,-1936.0,,97.0,,1839.0,133.0,-126.0,,112.0,,-2.0,,,16.0,7.0,-3.0,4.0,5.0,5.0,0.0,-1.0,-2.0,-3.0,0.0,0.0,-3.0,18.9,16.9,120.252,-0.04,0.0,0.157168,124.521,-0.04,0.0,0.13572,
12/31/2009,2080.0,2080.0,,,0.0,-1989.0,,95.0,,1894.0,91.0,-102.0,,103.0,,-1.0,,,0.0,-11.0,35.0,24.0,-5.0,-5.0,0.0,29.0,-2.0,27.0,-6.0,0.0,21.0,21.0,5.0,120.28275,0.16,0.12,0.174588,125.14425,0.16,0.12,0.159952,
03/31/2010,2150.0,2150.0,,,0.0,-1949.0,,95.0,,1854.0,201.0,-108.0,,109.0,,-1.0,,,0.0,93.0,-3.0,90.0,-5.0,-5.0,0.0,95.0,-1.0,94.0,-6.0,0.0,88.0,84.3,1.3,120.47925,0.72,0.68,0.699704,139.807,0.68,0.64,0.6493,
06/30/2010,2130.0,2130.0,,,0.0,-1959.0,,97.0,,1862.0,171.0,-106.0,,107.0,,-1.0,,,0.0,65.0,-20.0,45.0,10.0,10.0,0.0,35.0,-4.0,31.0,-6.0,0.0,25.0,31.6,-3.4,121.1525,0.2,0.28,0.260828,125.63725,0.2,0.28,0.252936,
09/30/2010,2075.0,2075.0,,,0.0,-1978.0,,101.0,,1877.0,97.0,-159.0,,107.0,,-3.0,,,55.0,-62.0,1002.0,940.0,0.0,0.0,0.0,940.0,-2.0,938.0,-6.0,0.0,932.0,971.0,39.0,121.3025,7.68,7.68,8.00478,139.9625,6.72,6.72,6.998648,
12/31/2010,2111.0,2111.0,,,0.0,-1946.0,,101.0,,1845.0,165.0,-103.0,,101.0,,0.0,,,2.0,62.0,-2.0,60.0,-22.0,-22.0,0.0,82.0,-2.0,80.0,-6.0,0.0,74.0,63.05,11.05,121.38725,0.6,0.44,0.519412,140.48025,0.56,0.4,0.47866,
03/31/2011,2299.0,2299.0,,,0.0,-2040.0,,101.0,,1939.0,259.0,-117.0,,118.0,,-1.0,,,0.0,142.0,-51.0,91.0,9.0,9.0,0.0,82.0,-3.0,79.0,-6.0,0.0,73.0,94.35,12.35,121.7255,0.6,0.68,0.775104,141.29525,0.56,0.64,0.727404,
06/30/2011,2132.0,2132.0,,,25.0,-1992.0,,100.0,,1892.0,165.0,-97.0,,98.0,,-1.0,,,0.0,68.0,-19.0,49.0,-14.0,-14.0,0.0,63.0,-2.0,61.0,-6.0,0.0,55.0,47.5,6.5,121.6985,0.44,0.32,0.390308,125.937,0.44,0.32,0.371612,
09/30/2011,2100.0,2100.0,,,0.0,-2021.0,,100.0,,1921.0,79.0,-58.0,,59.0,,-1.0,,,0.0,21.0,-4.0,17.0,2.0,2.0,0.0,15.0,-3.0,12.0,-6.0,0.0,6.0,16.45,8.45,117.188,0.05,0.07,0.140372,120.908,0.05,0.07,0.139888,
12/31/2011,2172.0,2172.0,,,0.0,-2017.0,,100.0,,1917.0,155.0,-217.0,,100.0,,0.0,,,117.0,-62.0,12.0,-50.0,16.0,16.0,0.0,-66.0,-4.0,-70.0,-6.0,0.0,-76.0,37.5,97.5,108.114,-0.7,-0.55,0.346856,108.114,-0.7,-0.55,0.346856,
03/31/2012,2302.0,2302.0,,,0.0,-2097.0,,100.0,,1997.0,205.0,-97.0,,98.0,,-1.0,,,0.0,108.0,-42.0,66.0,-1.0,-1.0,0.0,67.0,-3.0,64.0,-6.0,0.0,58.0,62.2,5.2,102.843,0.56,0.55,0.604804,121.218,0.53,0.52,0.562896,
06/30/2012,2265.0,2265.0,,,0.0,-2085.0,,104.0,,1981.0,180.0,-102.0,,102.0,,0.0,,,0.0,78.0,-30.0,48.0,68.0,-32.0,100.0,-20.0,18.0,-2.0,-4.0,0.0,-6.0,64.6,2.6,103.753,-0.06,0.597572,0.622632,106.927,-0.06,0.575948,0.600264,
09/30/2012,2221.0,2221.0,,,0.0,-2068.0,,110.0,,1958.0,153.0,-102.0,,103.0,,-1.0,,,0.0,51.0,-18.0,33.0,1.0,1.0,0.0,32.0,9.0,41.0,-1.0,0.0,40.0,44.9,3.9,104.244,0.38,0.29,0.43072,107.311,0.37,0.28,0.316344,
12/31/2012,2331.0,2331.0,,,0.0,-2120.0,,116.0,,2004.0,211.0,-114.0,,109.0,,1.0,,,4.0,97.0,-35.0,62.0,8.0,8.0,0.0,54.0,-5.0,49.0,0.0,0.0,49.0,69.35,12.35,105.961,0.46,0.54,0.654486,108.96,0.45,0.52,0.633344,
03/31/2013,2387.0,2387.0,,,0.0,-2241.0,,114.0,,2127.0,146.0,-280.0,,103.0,,,,,177.0,-134.0,53.0,-81.0,2.0,2.0,0.0,-83.0,-5.0,-88.0,0.0,0.0,-88.0,38.15,124.15,104.103,-0.85,-0.83,0.366464,104.103,-0.85,-0.83,0.362569,
06/30/2013,2422.0,2422.0,,,0.0,-2220.0,,121.0,,2099.0,202.0,-268.0,,98.0,,-1.0,,,171.0,-66.0,20.0,-46.0,-3.0,-3.0,0.0,-43.0,-7.0,-50.0,0.0,0.0,-50.0,66.6,119.6,103.01,-0.49,-0.52,0.646539,103.01,-0.49,-0.52,0.641052,
09/30/2013,2408.0,2408.0,,,0.0,-2260.0,,119.0,,2141.0,148.0,-91.0,,91.0,,0.0,,,0.0,57.0,-16.0,41.0,5.0,5.0,0.0,36.0,-8.0,28.0,0.0,0.0,28.0,46.65,13.65,100.894,0.28,0.33,0.462366,103.098,0.27,0.32,0.452398,
12/31/2013,3885.0,3885.0,,,0.0,-3718.0,,191.0,,3527.0,167.0,-182.0,,182.0,,,,,0.0,-15.0,8.0,-7.0,7.0,7.0,0.0,-14.0,-10.0,-24.0,0.0,0.0,-24.0,39.55,56.55,98.586,-0.24,-0.17,0.401173,98.586,-0.24,-0.17,0.401173,
03/31/2014,3926.0,3926.0,,,0.0,-3756.0,,193.0,,3563.0,170.0,-182.0,,182.0,,,,,0.0,-12.0,1.0,-11.0,5.0,5.0,0.0,-16.0,-16.0,-32.0,0.0,0.0,-32.0,-11.4,15.6,97.161,-0.33,-0.28,-0.117331,97.161,-0.33,-0.28,-0.119442,
06/30/2014,4038.0,4038.0,,,4.0,-3835.0,,209.0,,3626.0,207.0,-190.0,,190.0,,0.0,,,0.0,17.0,-8.0,9.0,16.0,16.0,0.0,-7.0,-19.0,-26.0,0.0,0.0,-26.0,18.6,28.6,97.677,-0.27,-0.11,0.190424,97.677,-0.27,-0.11,0.182802,
09/30/2014,4175.0,4175.0,,,4.0,-3968.0,,207.0,,3761.0,211.0,-210.0,,186.0,,0.0,,,24.0,1.0,18.0,19.0,1.0,1.0,0.0,18.0,-9.0,9.0,0.0,0.0,9.0,52.25,42.25,98.036,0.09,0.1,0.532967,100.926,0.09,0.1,0.518624,
12/31/2014,4465.0,4465.0,,,3.0,-4131.0,,240.0,,3891.0,337.0,-196.0,,196.0,,,,,0.0,141.0,-60.0,81.0,0.0,0.0,0.0,81.0,-20.0,61.0,0.0,0.0,61.0,105.85,44.85,98.331,0.62,0.62,1.076466,101.279,0.61,0.61,1.052836,
03/31/2015,4424.0,4424.0,,,4.0,-4138.0,,207.0,,3931.0,290.0,-199.0,,199.0,,0.0,,-4.0,4.0,91.0,-16.0,75.0,-1.0,-1.0,0.0,76.0,-29.0,47.0,0.0,0.0,47.0,67.0,21.0,98.699,0.48,0.47,0.678832,100.872,0.47,0.46,0.668185,
06/30/2015,4492.0,4492.0,,,16.0,-4344.0,,197.0,,4147.0,164.0,-218.0,,217.0,,1.0,,,0.0,-54.0,27.0,-27.0,1.0,1.0,0.0,-28.0,-33.0,-61.0,0.0,0.0,-61.0,76.0,136.0,99.244,-0.61,-0.6,0.765789,99.244,-0.61,-0.6,0.765789,
09/30/2015,4692.0,4692.0,,,7.0,-4440.0,,185.0,,4255.0,259.0,-219.0,,248.0,,-1.0,,-28.0,0.0,40.0,-11.0,29.0,1.0,1.0,0.0,28.0,-57.0,-29.0,0.0,0.0,-29.0,30.0,58.0,99.537,-0.29,-0.28,0.301395,99.537,-0.29,-0.28,0.301395,
12/31/2015,5026.0,5026.0,,,26.0,-4788.0,0.0,208.0,,4580.0,264.0,-197.0,,248.0,,-1.0,,-51.0,1.0,67.0,-68.0,-1.0,-3.0,-3.0,0.0,2.0,-99.0,-97.0,0.0,0.0,-97.0,15.0,115.0,99.188,-0.98,-1.01,0.151228,99.188,-0.98,-1.01,0.149414,
03/31/2016,5044.0,5044.0,,,24.0,-4714.0,,212.0,,4502.0,354.0,-249.0,,243.0,,,,-24.0,30.0,105.0,-67.0,38.0,4.0,4.0,0.0,34.0,-93.0,-59.0,0.0,0.0,-59.0,27.0,82.0,98.768,-0.6,-0.56,0.273368,98.768,-0.6,-0.56,0.270228,
06/30/2016,4868.0,4868.0,,,,-4624.0,,215.0,,4409.0,244.0,-219.0,,244.0,,,,-30.0,5.0,25.0,16.0,41.0,2.0,2.0,0.0,39.0,-85.0,-46.0,0.0,0.0,-46.0,40.0,84.0,99.341,-0.46,-0.44,0.402653,99.341,-0.46,-0.44,0.402653,
09/30/2016,4849.0,4849.0,,,2.0,-4543.0,,205.0,,4338.0,308.0,-219.0,,243.0,,,,-31.0,7.0,89.0,-10.0,79.0,-1.0,-1.0,0.0,80.0,-88.0,-8.0,0.0,0.0,-8.0,37.199996,46.199996,99.523,-0.08,-0.09,0.373783,99.523,-0.08,-0.09,0.373783,
12/31/2016,4860.0,4860.0,,,9.0,-4643.0,0.0,218.0,,4425.0,226.0,-197.0,249.0,249.0,0.0,-6.0,,-46.0,0.0,29.0,-6.0,23.0,0.0,0.0,0.0,23.0,-102.0,-79.0,0.0,0.0,-79.0,11.0,90.0,99.651,-0.79,-0.79,0.110385,99.651,-0.79,-0.79,0.110385,
03/31/2017,4813.0,4813.0,,,0.0,-4575.0,,221.0,,4354.0,238.0,-234.0,258.0,258.0,0.0,,,-29.0,5.0,4.0,33.0,37.0,1.0,1.0,0.0,36.0,-89.0,-53.0,0.0,0.0,-53.0,-27.0,25.0,100.0,-0.53,-0.52,-0.27,100.0,-0.53,-0.52,-0.27,
06/30/2017,4431.0,4431.0,,,0.0,-4149.0,,222.0,,3927.0,282.0,-263.0,260.0,260.0,0.0,,,-28.0,31.0,19.0,12.0,31.0,-1.0,-1.0,0.0,32.0,-87.0,-55.0,0.0,0.0,-55.0,-16.999975,39.000025,100.612,-0.55,-0.56,-0.168966,100.612,-0.55,-0.56,-0.172372,
09/30/2017,4586.0,4586.0,,,0.0,-4573.0,,219.0,,4354.0,13.0,-361.0,257.0,257.0,0.0,,,-38.0,142.0,-348.0,60.0,-288.0,1.0,1.0,0.0,-289.0,-78.0,-367.0,0.0,0.0,-367.0,-17.0,349.0,100.812,-3.64,-3.63,-0.168631,100.812,-3.64,-3.63,-0.168631,
12/31/2017,4978.0,4978.0,,,1.0,-4543.0,,208.0,,4335.0,436.0,-212.0,253.0,253.0,0.0,,,-49.0,8.0,224.0,-324.0,-100.0,-1.0,-1.0,0.0,-99.0,-130.0,-229.0,0.0,0.0,-229.0,120.0,350.0,100.945,-2.27,-2.28,1.188766,100.945,-2.27,-2.28,1.187235,
03/31/2018,4699.0,4699.0,,,0.0,-4207.0,,204.0,,4003.0,492.0,-232.0,255.0,255.0,0.0,,,-25.0,2.0,260.0,-70.0,190.0,-1.0,-1.0,0.0,191.0,-92.0,99.0,0.0,0.0,99.0,59.0,-39.0,101.392,0.98,0.97,0.5819,102.656,0.96,0.95,0.57009,
06/30/2018,4506.0,4506.0,,,0.0,-4139.0,,194.0,,3945.0,367.0,-217.0,254.0,254.0,0.0,,,-39.0,2.0,150.0,-44.0,106.0,-2.0,-2.0,0.0,108.0,-82.0,26.0,0.0,0.0,26.0,50.999984,26.999984,102.147,0.25,0.23,0.49928,104.177,0.25,0.23,0.489174,
09/30/2018,4489.0,4489.0,,,0.0,-4202.0,,204.0,,3998.0,287.0,-216.0,249.0,249.0,0.0,,,-33.0,0.0,71.0,-6.0,65.0,0.0,0.0,0.0,65.0,-74.0,-9.0,0.0,0.0,-9.0,30.0,39.0,102.402,-0.09,-0.09,0.292963,102.402,-0.09,-0.09,0.290852,
12/31/2018,4619.0,4619.0,,,0.0,-4268.0,,200.0,,4068.0,351.0,-193.0,246.0,246.0,0.0,,,-53.0,0.0,158.0,-56.0,102.0,0.0,0.0,0.0,102.0,-107.0,-5.0,0.0,0.0,-5.0,53.0,58.0,102.501,-0.05,-0.05,0.517068,102.501,-0.05,-0.05,0.515848,
03/31/2019,4545.0,4545.0,,,0.0,-4198.0,,208.0,,3990.0,347.0,-263.0,251.0,251.0,0.0,,,-34.0,46.0,84.0,-20.0,64.0,-8.0,-8.0,0.0,72.0,-84.0,-12.0,0.0,0.0,-12.0,62.0,82.0,102.788,-0.11,-0.19,0.603183,102.788,-0.11,-0.19,0.603183,
06/30/2019,4560.0,4560.0,,,0.0,-4202.0,,214.0,,3988.0,358.0,-206.0,247.0,247.0,0.0,,,-42.0,1.0,152.0,-33.0,119.0,-2.0,-2.0,0.0,121.0,-95.0,26.0,0.0,0.0,26.0,68.0,44.0,103.198,0.25,0.23,0.658927,104.629,0.25,0.23,0.650534,
09/30/2019,4568.0,4568.0,,,0.0,-4312.0,,205.0,,4107.0,256.0,-389.0,244.0,244.0,0.0,,,-38.0,183.0,-133.0,-20.0,-153.0,-1.0,-1.0,0.0,-152.0,-80.0,-232.0,0.0,0.0,-232.0,65.0,298.0,103.558,-2.24,-2.25,0.627668,103.558,-2.24,-2.25,0.627614,
12/31/2019,4806.0,4806.0,,,0.0,-4413.0,,223.0,,4190.0,393.0,-184.0,243.0,243.0,0.0,,,-61.0,2.0,209.0,-85.0,124.0,0.0,0.0,0.0,124.0,-127.0,-3.0,0.0,0.0,-3.0,100.0,103.0,104.048,-0.03,-0.03,0.961095,105.666,-0.03,-0.03,0.94477,
03/31/2020,4520.0,4520.0,,,0.0,-4221.0,,203.0,,4018.0,299.0,-214.0,243.0,243.0,0.0,,,-28.0,-1.0,85.0,75.0,160.0,1.0,1.0,0.0,159.0,-66.0,93.0,0.0,0.0,93.0,135.0,41.0,104.353,0.89,0.9,1.293686,105.733,0.88,0.89,1.277769,
06/30/2020,3648.0,3648.0,,,0.0,-3719.0,,206.0,,3513.0,-71.0,285.0,255.0,255.0,0.0,,,-31.0,-509.0,214.0,-45.0,169.0,0.0,0.0,0.0,169.0,-81.0,88.0,0.0,0.0,88.0,133.0,45.0,104.794,0.84,0.84,1.269157,105.578,0.83,0.83,1.256225,
09/30/2020,4379.4,,,,,,,,,,450.5,,,,,,,,,191.0,,-3.402,,,,,,-3.402,,,-3.402,27.138,,,0.293,0.293,0.301,,0.293,0.293,0.301,
12/31/2020,4869.933,,,,,,,,,,588.25,,,,,,,,,368.5,,98.183,,,,,,98.183,,,98.183,114.2,,,1.146,1.146,1.103,,1.146,1.146,1.103,
