Date,Revenue,Sales & Services Revenue,Cost of Revenue,Cost of Goods & Services,Gross Profit,Other Operating Income,Operating Expenses,"Selling, General & Admin",Research & Development,Prov For Doubtful Accts,Other Operating Expense,Operating Income (Loss),Non-Operating (Income) Loss,"Interest Expense, Net",Interest Expense,Interest Income,Foreign Exch (Gain) Loss,Other Non-Op (Income) Loss,Pretax Income,Income Tax Expense (Benefit),Income (Loss) from Cont Ops,Net Extraordinary Losses (Gains),Discontinued Operations,XO & Accounting Changes,Income (Loss) Incl. MI,Minority Interest,"Net Income, GAAP",Preferred Dividends,Other Adjustments,"Net Income Avail to Common, GAAP","Net Income Avail to Common, Adj",Net Abnormal Losses (Gains),Basic Weighted Avg Shares,"Basic EPS, GAAP",Basic EPS from Cont Ops,"Basic EPS from Cont Ops, Adjusted",Diluted Weighted Avg Shares,"Diluted EPS, GAAP",Diluted EPS from Cont Ops,"Diluted EPS from Cont Ops, Adjusted",Source: Bloomberg
04/30/1989,73.249001,,-38.73,,34.519001,,-26.674,,,,,7.845,-0.415,,,,,0.415,7.43,-3.197,4.233,,,,4.233,,4.233,,,4.233,4.233,,124.751999,0.034167,0.034167,,124.751999,0.034167,0.034167,0.034167,
07/31/1989,85.914001,,-43.784,,42.130001,,-31.750999,,,,,10.379,-0.568,,,,,0.568,9.811,-4.223,5.588,,,,5.588,,5.588,,,5.588,5.588,,125.416,0.045,0.045,,125.416,0.045,0.045,0.045,
10/31/1989,95.115997,,-46.793999,,48.321999,,-34.463001,,,,,13.859,-0.656,,,,,0.656,13.203,-5.694,7.509,,,,7.509,,7.509,,,7.509,7.509,,126.112,0.06,0.06,,126.112,0.06,0.06,0.06,
01/31/1990,129.684998,,-62.973,,66.711998,,-37.818001,,,,,28.893999,-0.951,,,,,0.951,27.942999,-11.968,15.975,,,,15.974999,,15.974998,,,15.974998,15.974998,,125.815992,0.1275,0.1275,0.1275,125.815992,0.1275,0.1275,0.1275,
04/30/1990,93.226997,,-49.287998,,43.938999,,-33.574001,,,,,10.365,-0.884,,,,,0.884,9.481,-4.037,5.444,,,,5.444,,5.444,,,5.444,5.444,,125.807999,0.04375,0.04375,,125.807999,0.04375,0.04375,0.04375,
07/31/1990,107.274002,,-54.669998,,52.604004,,-39.074001,,,,,13.53,-1.165,,,,,1.165,12.365,-5.267,7.098,,,,7.098,,7.098,,,7.098,7.098,,125.975998,0.05625,0.05625,,125.975998,0.05625,0.05625,0.05625,
10/31/1990,113.232002,,-55.952,,57.280003,,-40.314999,,,,,16.965,-1.195,,,,,1.195,15.77,-6.718,9.052,,,,9.052,,9.052,,,9.052,9.052,,125.816002,0.0725,0.0725,,125.816002,0.0725,0.0725,0.0725,
01/31/1991,141.979004,,-72.202003,,69.777001,,-42.831001,,,,,26.945999,-1.087,,4.475,,,-3.388,25.858999,-10.792,15.067,,,,15.066999,,15.067,,,15.067,15.067,,122.868,0.1225,0.1225,0.1225,122.868,0.1225,0.1225,0.1225,
05/01/1991,97.105003,,-51.661999,,45.443005,,-36.380001,,,,,9.063,-1.43,,,,,1.43,7.633,-3.221,4.412,6.335,,,-1.923,0.0,-1.923,,,-1.923,-1.923,,125.648003,-0.015,0.035,,125.648003,-0.015,0.035,0.035,
07/31/1991,119.372002,,-60.347,,59.025002,,-45.251999,,,,,13.773,-1.258,,,,,1.258,12.515,-5.281,7.234,0.0,,,7.234,0.0,7.234,,,7.234,7.234,,126.671997,0.0575,0.0575,,126.671997,0.0575,0.0575,0.0575,
10/31/1991,126.401001,,-61.436001,,64.965,,-49.237,,,,,15.728,-1.781,,,,,1.781,13.947,-5.886,8.061,0.0,,,8.061,0.0,8.061,,,8.061,8.061,,127.040001,0.06375,0.06375,,127.040001,0.06375,0.06375,0.06375,
01/31/1992,149.028,,-75.452003,,73.575997,,-51.112,,,,,22.464001,-1.493,,6.337,,,-4.844,20.971001,-8.873,12.098,0.0,,,12.098001,0.0,12.098,0.0,,12.098,12.098,,126.807992,0.095,0.095,0.095,126.807992,0.095,0.095,0.095,
04/30/1992,107.237999,,-57.644001,,49.593998,,-42.596001,,,,,6.998,-1.629,,,,,1.629,5.369,-2.266,3.103,,,,3.103,,3.103,,,3.103,3.103,,126.736,0.025,0.025,,126.736,0.025,0.025,0.025,
07/31/1992,120.830002,,-61.837002,,58.993,,-50.439999,,,,,8.553,-1.824,,,,,1.824,6.729,-2.84,3.889,0.0,,,3.889001,0.0,3.889,0.0,,3.889,3.889,,126.351997,0.03125,0.03125,,126.351997,0.03125,0.03125,0.03125,
10/31/1992,105.897003,,-51.592999,,54.304005,,-53.696999,,,,,0.607,-1.541,,,,,1.541,-0.934,0.99,0.056,0.0,,,0.056,0.0,0.056,0.0,,0.056,0.056,,125.968002,0.0,0.0,,125.968002,0.0,0.0,0.0,
01/31/1993,152.431,,-78.289001,,74.141999,,-63.558998,,,,,10.583,-1.822,,7.231,,,-5.409,8.761,-0.097,8.664,0.0,,,8.664,0.0,8.664,0.0,,8.664,8.664,,126.336,0.06875,0.06875,0.06875,126.336,0.06875,0.06875,0.06875,
04/30/1993,109.481003,,-58.700001,,50.781002,,-47.076,,,,,3.705,-1.87,,,,,1.87,1.835,-0.798,1.037,0.0,,,1.037,0.0,1.037,0.0,,1.037,1.037,,126.040001,0.00875,0.00875,,126.040001,0.00875,0.00875,0.00875,
07/31/1993,114.233002,,-58.785999,,55.447002,,-53.269001,,,,,2.178,-59.393002,,,,,59.393002,-57.215002,24.665001,-32.549999,0.0,,,-32.550001,0.0,-32.549999,0.0,,-32.549999,-32.549999,,126.239998,-0.2575,-0.2575,,126.239998,-0.2575,-0.2575,-0.2575,
10/31/1993,134.75,,-62.917999,,71.832001,,-63.391998,,,,,8.44,-2.725,,,,,2.725,5.715,-2.46,3.255,0.0,,,3.255,0.0,3.255,0.0,,3.255,3.255,,126.375999,0.02625,0.02625,,126.375999,0.02625,0.02625,0.02625,
01/31/1994,93.037003,,-38.215,,54.822003,,-79.174004,,,,,-24.351999,56.017002,,9.562,,0.0,-65.579002,31.665003,-13.649,18.016001,0.0,,,18.016003,0.0,18.016001,0.0,,18.016001,18.016001,,126.352,0.1425,0.1425,0.1425,126.352,0.1425,0.1425,0.1425,
04/30/1994,131.207001,,-64.007004,,67.199997,,-61.085999,,,,,6.114,-2.817,,,,0.0,2.817,3.297,-1.421,1.876,0.0,,,1.876,0.0,1.876,0.0,,1.876,1.876,,126.424004,0.015,0.015,,126.424004,0.015,0.015,0.015,
07/31/1994,152.257004,,-73.335999,,78.921005,,-69.519997,,,,,9.401,-3.338,,,,,3.338,6.063,-2.613,3.45,0.0,,,3.45,0.0,3.45,0.0,,3.45,3.45,,127.160004,0.0275,0.0275,,127.160004,0.0275,0.0275,0.0275,
10/31/1994,160.091003,,-75.674004,,84.417,,-72.176003,,,,,12.241,-3.947,,0.0,,0.0,3.947,8.294,-3.574,4.72,0.0,,,4.72,0.0,4.72,0.0,,4.72,4.72,,127.695999,0.0375,0.0375,,127.695999,0.0375,0.0375,0.0375,
01/31/1995,239.276001,,-111.612,,127.664001,,-90.764999,,,,,36.898998,-2.987,,12.942,,0.0,-9.955,33.911998,-14.617,19.295,0.0,,,19.294998,0.0,19.295,0.0,,19.295,19.295,,127.72,0.15125,0.15125,0.15125,127.72,0.15125,0.15125,0.15125,
04/30/1995,150.143997,,-72.780998,,77.362999,,-73.567001,,,,,3.796,0.0,,,,0.0,0.0,3.796,-1.636,2.16,0.0,,,2.16,0.0,2.16,0.0,,2.16,2.16,,126.896004,0.0175,0.0175,,126.896004,0.0175,0.0175,0.0175,
07/31/1995,184.682007,,-88.264,,96.418007,,-83.850998,,,,,12.567,-3.222,,,,0.0,3.222,9.345001,-4.037,5.308,0.0,,,5.308,0.0,5.308,0.0,,5.308,5.308,,127.695999,0.04125,0.04125,,127.695999,0.04125,0.04125,0.04125,
10/31/1995,187.766006,,-87.061996,,100.70401,,-88.886002,,,,,11.818,-0.765,,0.0,,0.0,0.765,11.053,-4.779,6.274,0.0,,,6.274,0.0,6.274,0.0,,6.274,6.274,,129.632004,0.04875,0.04875,,129.632004,0.04875,0.04875,0.04875,
01/31/1996,280.700012,,-127.815002,,152.88501,,-101.053001,,,,,51.832001,5.347,,,,0.0,-5.347,57.179001,-19.368,25.473,0.0,,,37.811001,0.0,25.473,0.0,,25.473,25.473,,131.728,0.19375,0.19375,0.19375,131.728,0.19375,0.19375,0.19375,
04/30/1996,180.740997,,-87.375,,93.365997,,-81.087997,,,,,12.278,-3.34,,,,0.0,3.34,8.938,-3.861,5.077,0.0,,,5.077,0.0,5.077,0.0,,5.077,5.077,,133.600006,0.04,0.04,0.04,133.600006,0.04,0.04,0.04,
07/31/1996,202.763,,-95.880997,,106.882004,,-90.003998,,,,,16.878,-2.36,,,,0.0,2.36,14.518,-6.272,8.246,0.0,,,8.246001,0.0,8.246,0.0,,8.246,8.246,,131.936005,0.0625,0.0625,0.0625,138.860001,0.06,0.06,0.06,
10/31/1996,210.985001,,-96.700996,,114.284004,,-95.640999,,,,,18.643,-2.186,,,,0.0,2.186,16.457,-7.11,9.347,0.0,,,9.346999,0.0,9.347,0.0,,9.347,9.347,,138.475998,0.0675,0.0675,0.0675,143.380005,0.065,0.065,0.065,
01/31/1997,327.618988,,-142.457001,,185.161987,,-123.547997,,,,,61.613998,1.359,,,,0.0,-1.359,62.972998,-27.204,35.769001,0.0,,,35.768998,0.0,35.769001,0.0,,35.769001,35.769001,,137.572008,0.26,0.26,0.26,143.408004,0.25,0.25,0.25,
04/30/1997,199.699,,-93.445,,106.254,,-89.551,,,0.339,,16.703,-1.124,,,,0.0,1.124,15.579,-6.699,8.88,0.0,,,8.88,0.0,8.88,0.0,0.0,8.88,8.88,,138.888,0.065,0.065,0.065,143.644,0.0625,0.0625,0.0625,
07/31/1997,217.149,,-100.522,,116.627,,-97.382,,,,,19.245,-1.035,,,,,1.035,18.21,-7.83,10.38,0.0,,,10.38,0.0,10.38,0.0,0.0,10.38,10.38,,139.96,0.075,0.075,0.075,144.708,0.0725,0.0725,0.0725,
10/31/1997,233.074,,-106.195,,126.879,,-105.453,,,,,21.426,-1.315,,,,0.0,1.315,20.111,-8.648,11.463,0.0,,,11.463,0.0,11.463,0.0,0.0,11.463,11.463,,140.396,0.0825,0.0825,0.0825,145.144,0.08,0.08,0.08,
01/31/1998,367.694,,-153.246002,,214.447998,,-138.399994,,,,,76.047997,-2.19,,4.563,,0.0,-2.373,73.857996,-31.759001,42.098999,0.0,,,42.098995,0.0,42.098999,0.0,,42.098999,42.098999,,140.007996,0.3,0.3,0.3,143.996002,0.2925,0.2925,0.2925,
04/30/1998,226.159,,-105.151,,121.008,,-100.542,,,0.347,,20.466,-1.129,,,,0.0,1.129,19.337,-8.217,11.12,0.0,,,11.12,0.0,11.12,0.0,0.0,11.12,11.12,,140.696,0.08,0.08,0.08,145.372,0.0775,0.0775,0.0775,
07/31/1998,247.722,,-112.036,,135.686,,-110.706,,,,,24.98,-1.458,,,,,1.458,23.522,-9.997,13.525,0.0,,,13.525,0.0,13.525,0.0,0.0,13.525,13.525,,140.676,0.095,0.095,0.095,145.072,0.0925,0.0925,0.0925,
10/31/1998,252.56,,-113.968,,138.592,,-116.137,,,,,22.455,-1.554,,,,0.0,1.554,20.901,-8.779,12.122,0.0,,,12.122,0.0,12.122,0.0,0.0,12.122,12.122,,139.388,0.0875,0.0875,0.0875,142.1,0.085,0.085,0.085,
01/31/1999,442.803009,,-183.792007,,259.011002,,-165.789993,,,,,93.221001,-1.333,,3.063,,0.0,-1.73,91.888001,-38.592999,53.294998,0.0,,,53.295002,0.0,53.294998,0.0,,53.294998,53.294998,,138.688004,0.385,0.385,0.385,143.199997,0.3725,0.3725,0.3725,
04/30/1999,272.277,,-123.981,,148.296,,-118.857,,,,,29.439,-1.582,3.586,3.586,,0.0,-2.004,27.857,-11.7,16.157,0.0,,,16.157,0.0,16.157,0.0,,16.157,16.157,,280.32,0.0575,0.0575,0.0575,290.808,0.055,0.055,0.055,
07/31/1999,307.066986,,-132.029999,,175.036987,,-133.084,,,,,41.952999,-2.331,,,,0.0,2.331,39.621999,-16.641001,22.981001,0.0,,,22.980998,0.0,22.981001,0.0,0.0,22.981001,22.981001,,284.359985,0.08,0.08,0.08,296.18399,0.08,0.08,0.08,
10/31/1999,324.894012,,-151.576004,,173.318008,,-133.835999,,,,,39.481998,-2.257,,0.0,,0.0,2.257,37.224998,-15.263,21.962,0.0,,,21.961999,0.0,21.962,0.0,,21.962,21.962,,144.660004,0.15,0.15,0.15,151.203995,0.15,0.15,0.15,
01/31/2000,563.195007,,-224.953003,,338.242004,,-192.233002,,,,,146.009003,-2.655,,7.727,,0.0,-5.072,143.354002,-58.775002,84.579002,0.0,,,84.579001,0.0,84.579002,0.0,,84.579002,84.579002,,144.869995,0.585,0.585,0.585,152.113998,0.555,0.555,0.555,
04/30/2000,345.143,,-156.434,,188.709,,-135.314,,,,,53.395,-2.685,,,,0.0,2.685,50.71,-20.285,30.425,0.0,,,30.425,0.0,30.425,0.0,0.0,30.425,30.425,,145.098,0.21,0.21,0.21,151.836,0.2,0.2,0.2,
07/31/2000,374.448,,-161.994,,212.454,0.0,-145.377,145.377,,,0.0,67.077,-1.804,,,,0.0,1.804,65.273,-26.108,39.165,0.0,,,39.165,0.0,39.165,0.0,0.0,39.165,39.165,,145.165,0.27,0.27,0.27,151.546,0.26,0.26,0.26,
10/31/2000,372.074,,-165.709,,206.365,0.0,-143.313,143.313,,,0.0,63.052,-2.516,,,,0.0,2.516,60.536,-24.216,36.32,0.0,,,36.32,0.0,36.32,0.0,0.0,36.32,36.32,,145.809,0.25,0.25,0.25,152.136,0.24,0.24,0.24,
01/31/2001,576.390991,,-235.505005,,340.885986,,-197.014008,,,,,143.871994,-2.75,,,,0.0,2.75,141.121994,-56.448002,84.674004,0.0,,,84.673992,0.0,84.674004,0.0,0.0,84.674004,84.674004,,145.897995,0.58,0.58,0.58,151.705002,0.56,0.56,0.56,
04/30/2001,336.401,,-146.261,,190.14,,-140.919,,,,,49.221,2.047,,,,0.0,-2.047,51.268,-20.506,30.762,0.0,,,30.762,0.0,30.762,0.0,0.0,30.762,30.762,-2.16,145.915,0.21,0.21,0.2,151.304,0.2,0.2,0.19,
07/31/2001,371.301,,-155.43,,215.871,,-150.201,,,,,65.67,-5.581,,,,0.0,5.581,60.089,-24.037,36.052,0.0,,,36.052,0.0,36.052,0.0,0.0,36.052,36.052,,146.042,0.25,0.25,0.25,151.752,0.24,0.24,0.24,
10/31/2001,333.074,,-140.235,,192.839,,-146.798,,,,,46.041,-5.993,,,,0.0,5.993,40.048,-16.02,24.028,0.0,,,24.028,0.0,24.028,0.0,0.0,24.028,24.028,,145.273,0.17,0.17,0.17,150.114,0.16,0.16,0.16,
01/31/2002,565.758972,,-221.132004,,344.626968,,-195.662003,,,,,148.964996,-11.058,,,,0.0,11.058,137.906997,-55.161999,82.745003,0.0,,,82.744998,0.0,82.745003,0.0,0.0,82.745003,82.745003,,144.908997,0.57,0.57,0.6,149.688004,0.55,0.55,0.58,
04/30/2002,347.129,,-140.714,,206.415,,-147.849,,,,,58.566,-4.052,,,,0.0,4.052,54.514,-21.805,32.709,0.0,,,32.709,0.0,32.709,0.0,0.0,32.709,32.709,,145.434,0.22,0.22,0.22,150.181,0.22,0.22,0.22,
07/31/2002,374.427,,-154.62,,219.807,,-160.729,,,,,59.078,-4.554,,,,0.0,4.554,54.524,-21.81,32.714,0.0,,,32.714,0.0,32.714,0.0,0.0,32.714,32.714,,145.78,0.22,0.22,0.22,149.727,0.22,0.22,0.22,
10/31/2002,366.033,,-150.22,,215.813,,-165.9,,,,,49.913,-5.446,,,,0.0,5.446,44.467,-9.283,35.184,0.0,,,35.184,0.0,35.184,0.0,0.0,35.184,35.184,,145.137,0.24,0.24,0.24,148.066,0.24,0.24,0.24,
01/31/2003,619.013,,-249.600006,,369.412994,,-217.772995,,,,,151.639999,-5.508,,,,0.0,5.508,146.131999,-56.845001,89.287003,0.0,,,89.286998,0.0,89.287003,0.0,0.0,89.287003,89.287003,,144.962006,0.62,0.62,0.62,147.804001,0.6,0.6,0.6,
04/30/2003,395.839,,-166.195,,229.644,,-170.675,,,,,58.969,-2.313,,,,,2.313,56.656,-20.793,35.863,,,,35.863,,35.863,,,35.863,35.863,,144.894,0.25,0.25,0.25,147.438,0.24,0.24,0.24,
07/31/2003,442.495,,-187.523,,254.972,,-186.519,,,,,68.453,-3.45,,,,,3.45,65.003,-23.856,41.147,,,,41.147,,41.147,,,41.147,41.147,,145.294,0.28,0.28,0.28,148.163,0.28,0.28,0.28,
10/31/2003,430.123,,-192.402,,237.721,0.0,-188.506,188.506,,,0.0,49.215,-4.933,,,,0.0,4.933,44.282,-16.251,28.031,0.0,,,28.031,0.0,28.031,0.0,0.0,28.031,28.031,,146.047,0.19,0.19,0.19,149.079,0.19,0.19,0.19,
01/31/2004,731.588013,,-296.542999,,435.045013,,-256.162994,,,,,178.882004,-2.138,,,,0.0,2.138,176.744004,-66.267998,110.475998,0.0,,,110.476006,0.0,110.475998,0.0,0.0,110.475998,110.475998,,146.682007,0.75,0.75,0.75,149.794998,0.74,0.74,0.74,
04/30/2004,456.96,,-197.294,,259.666,0.0,-191.33,191.33,,,0.0,68.336,-3.324,,,,0.0,3.324,65.012,-24.704,40.308,0.0,,,40.308,0.0,40.308,0.0,0.0,40.308,40.308,,146.815,0.27,0.27,0.27,149.481,0.27,0.27,0.27,
07/31/2004,476.597,,-211.313,,265.284,,-201.427,,,,,63.857,-4.798,,,,0.0,4.798,59.059,-22.443,36.616,0.0,,,36.616,0.0,36.616,0.0,0.0,36.616,36.616,,146.37,0.25,0.25,0.25,148.669,0.25,0.25,0.25,
10/31/2004,461.152,,-214.842,,246.31,,-207.362,,,,,38.948,-5.276,,,,0.0,5.276,33.672,-12.863,20.809,0.0,,,20.809,0.0,20.809,0.0,0.0,20.809,20.809,,145.943,0.14,0.14,0.14,147.75,0.14,0.14,0.14,
01/31/2005,810.122,,-348.441,,461.681,,-321.381,,,,,140.3,191.017,,,,0.0,-191.017,331.317,-114.277,217.04,0.0,,,217.04,0.0,217.04,0.0,0.0,217.04,217.04,,144.854,1.5,1.5,1.06,146.688,1.48,1.48,1.05,
04/30/2005,509.901,,-235.08,,274.821,,-208.51,,,,,66.311,-4.206,,,,,4.206,62.105,-22.047,40.058,,,,40.058,,40.058,,,40.058,40.058,,144.248,0.28,0.28,0.28,146.285,0.27,0.27,0.27,
07/31/2005,526.701,,-234.617,,292.084,,-218.016,,,,,74.068,-3.858,,,,0.0,3.858,70.21,-19.659,50.551,0.0,,,50.551,0.0,50.551,0.0,0.0,50.551,50.551,,142.989,0.35,0.35,0.35,144.93,0.35,0.35,0.35,
10/31/2005,500.105,,-229.575,,270.53,,-230.735,,,,,39.795,-4.289,,,,,4.289,35.506,-11.717,23.789,,,,23.789,,23.789,,,23.789,23.789,,142.28,0.17,0.17,0.19,144.993,0.16,0.16,0.18,
01/31/2006,858.446,,-353.541,,504.905,,-302.374,,,,,202.531,-2.378,,,,0.0,2.378,200.153,-59.896,140.257,0.0,,,140.257,0.0,140.257,0.0,0.0,140.257,140.257,,142.386,0.99,0.99,0.99,145.258,0.97,0.97,0.97,
04/30/2006,539.241,,-238.115,,301.126,,-226.879,,,,,74.247,-3.975,,,,0.0,3.975,70.272,-27.13,43.142,0.0,,,43.142,0.0,43.142,0.0,0.0,43.142,43.142,,141.941,0.3,0.3,0.3,144.367,0.3,0.3,0.3,
07/31/2006,554.657,,-244.214,,310.443,,-233.565,,,,,76.878,-5.214,,,,0.0,5.214,71.664,-26.95,44.714,3.57,,,41.144,0.0,41.144,0.0,0.0,41.144,41.144,,139.17,0.3,0.32,0.32,141.177,0.29,0.32,0.32,
10/31/2006,531.834,,-244.483,,287.351,,-239.696,,,,,47.655,1.294,,,,0.0,-1.294,48.949,-16.324,32.625,3.483,,,29.142,0.0,29.142,0.0,0.0,29.142,29.142,,136.753,0.21,0.24,0.24,138.872,0.21,0.23,0.23,
01/31/2007,958.887,,-406.258,,552.629,,-321.299,,,,,231.33,-2.639,,,,0.0,2.639,228.691,-80.82,147.871,7.372,,,140.499,0.0,140.499,0.0,0.0,140.499,140.499,,135.584,1.04,1.09,1.09,138.322,1.02,1.07,1.07,
04/30/2007,595.729,,-261.771,,333.958,0.0,-246.041,246.041,,,0.0,87.917,-3.085,,,,,3.085,84.832,-31.005,53.827,-0.254,,,54.081,0.0,54.081,0.0,0.0,54.081,54.081,0.0,136.488,0.4,0.39,0.39,139.724,0.39,0.39,0.39,
07/31/2007,662.562,,-290.656,,371.906,0.0,-259.119,259.119,,,0.0,112.787,-2.748,,,,,2.748,110.039,-43.33,66.709,26.246,,,40.463,,40.463,0.0,0.0,40.463,40.463,,136.743,0.3,0.49,0.49,140.325,0.29,0.48,0.48,
10/31/2007,627.323,,-285.776,,341.547,105.051,-288.403,288.403,,,105.051,158.195,-2.306,,,,,105.051,155.889,-52.787,103.102,1.555,,,101.547,0.0,101.547,0.0,0.0,101.547,101.547,0.0,136.124,0.75,0.74,0.74,139.487,0.73,0.74,0.74,
01/31/2008,1053.157,,-443.303,,609.854,,-411.427,,,,,198.427,0.008,,,,0.0,-0.008,198.435,-71.048,127.387,0.0,,,127.387,0.0,127.387,0.0,0.0,127.387,127.387,,129.637,0.98,0.98,1.3698,132.583,0.96,0.96,1.3412,
04/30/2008,668.149,668.149,-286.895,286.895,381.254,0.0,-277.945,277.945,,,0.0,103.309,-1.508,,,,,1.508,101.801,-37.411,64.39,0.0,0.0,0.0,64.39,0.0,64.39,0.0,0.0,64.39,64.39,0.0,126.458,0.51,0.51,0.51,128.773,0.5,0.5,0.5,
07/31/2008,729.634,729.634,-307.758,307.758,421.876,0.0,-287.547,287.547,,,0.0,134.329,-3.34,,,,,3.34,130.989,-48.349,82.64,1.87,1.87,0.0,80.77,0.0,80.77,0.0,0.0,80.77,82.64,0.0,125.714,0.64,0.66,0.66,128.177,0.63,0.64,0.64,
10/31/2008,616.152,616.152,-269.027,269.027,347.125,0.0,-265.622,265.622,,,0.0,81.503,-14.449,,,,,14.449,67.054,-21.498,45.556,1.779,1.779,0.0,43.777,0.0,43.777,0.0,0.0,43.777,45.556,0.0,123.399,0.35,0.37,0.37,124.899,0.35,0.36,0.36,
01/31/2009,837.593,837.593,-340.17,340.17,497.423,0.0,-425.282,327.443,,,97.839,72.141,-9.606,,,,,9.606,62.535,-25.122,37.413,6.328,6.328,0.0,31.085,0.0,31.085,0.0,0.0,31.085,111.654,74.241,123.363,0.25,0.3,0.905085,123.793,0.25,0.3,0.899719,
04/30/2009,517.615,517.615,-228.396,228.396,289.219,0.0,-229.705,229.705,,,0.0,59.514,-12.44,,,,,12.44,47.074,-19.631,27.443,3.102,3.102,0.0,24.341,0.0,24.341,0.0,0.0,24.341,27.443,0.0,124.001,0.2,0.22,0.22,124.164,0.2,0.22,0.22,
07/31/2009,612.493,612.493,-275.041,275.041,337.452,0.0,-247.898,247.898,,,0.0,89.554,-12.132,,,,,12.132,77.422,-20.705,56.717,-0.059,-0.059,0.0,56.776,,56.776,0.0,0.0,56.776,56.717,0.0,124.081,0.46,0.46,0.46,124.523,0.46,0.46,0.46,
10/31/2009,598.212,598.212,-270.409,270.409,327.803,0.0,-260.986,260.986,,,0.0,66.817,-11.326,,,,,11.326,55.491,-12.182,43.309,-0.03,-0.03,0.0,43.339,,43.339,0.0,0.0,43.339,43.309,0.0,124.202,0.35,0.35,0.35,125.582,0.35,0.34,0.34,
01/31/2010,981.384,981.384,-405.639,405.639,575.745,0.0,-351.138,351.138,,,0.0,224.607,-14.62,,,,,14.62,209.987,-71.78,138.207,-2.16,-2.16,0.0,140.367,0.0,140.367,0.0,0.0,140.367,138.207,0.0,125.097,1.12,1.1,1.1,127.265,1.1,1.09,1.09,
04/30/2010,633.586,633.586,-267.608,267.608,365.978,0.0,-260.561,260.561,,,0.0,105.417,-12.138,,,,,12.138,93.279,-28.854,64.425,0.0,0.0,0.0,64.425,0.0,64.425,0.0,0.0,64.425,65.019,0.594,126.699,0.51,0.51,0.513177,128.543,0.5,0.5,0.504621,
07/31/2010,668.76,668.76,-282.008,282.008,386.752,0.0,-273.146,273.146,,,0.0,113.606,-11.121,,,,,11.121,102.485,-34.81,67.675,0.0,0.0,0.0,67.675,,67.675,0.0,0.0,67.675,70.067,2.392,126.897,0.53,0.53,0.552156,128.385,0.53,0.53,0.548631,
10/31/2010,681.729,681.729,-283.158,283.158,398.571,0.0,-300.993,300.993,,,0.0,97.578,-12.997,,,,,12.997,84.581,-29.502,55.079,0.0,0.0,0.0,55.079,,55.079,,0.0,55.079,58.973,3.894,126.176,0.44,0.44,0.467387,127.905,0.43,0.43,0.460444,
01/31/2011,1101.215,1101.215,-430.238,430.238,670.977,0.0,-392.797,392.797,,,0.0,278.18,-11.091,,,0.0,,11.091,267.089,-85.865,181.224,0.0,0.0,0.0,181.224,0.0,181.224,0.0,0.0,181.224,185.111,3.887,126.628,1.43,1.43,1.461849,128.793,1.41,1.41,1.44018,
04/30/2011,761.018,761.018,-317.325,317.325,443.693,0.0,-307.727,307.727,,,0.0,135.966,-10.147,,,,,10.147,125.819,-44.756,81.063,0.0,0.0,0.0,81.063,0.0,81.063,0.0,0.0,81.063,86.066,5.003,127.601,0.64,0.64,0.674493,129.381,0.63,0.63,0.668669,
07/31/2011,872.712,872.712,-358.015,358.015,514.697,0.0,-374.157,374.157,,,0.0,140.54,-9.619,,,,,9.619,130.921,-40.878,90.043,0.0,0.0,0.0,90.043,,90.043,0.0,0.0,90.043,111.034,20.991,128.03,0.7,0.7,0.86725,129.794,0.69,0.69,0.851726,
10/31/2011,821.767,821.767,-345.918,345.918,475.849,0.0,-329.672,329.672,,,0.0,146.177,-10.393,,,,,10.393,135.784,-46.095,89.689,0.0,0.0,0.0,89.689,,89.689,0.0,0.0,89.689,89.689,0.0,127.21,0.71,0.71,0.71,128.812,0.7,0.7,0.7,
01/31/2012,1187.44,1187.44,-470.525,470.525,716.915,0.0,-431.172,431.172,,,0.0,285.743,-13.316,,,,,13.316,272.427,-94.032,178.395,0.0,0.0,0.0,178.395,0.0,178.395,0.0,0.0,178.395,178.395,0.0,126.747,1.41,1.41,1.41,128.344,1.39,1.39,1.39,
04/30/2012,819.17,819.17,-350.152,350.152,469.018,0.0,-334.033,334.033,,,0.0,134.985,-10.554,,,,,10.554,124.431,-42.897,81.534,0.0,0.0,0.0,81.534,0.0,81.534,0.0,0.0,81.534,81.534,0.0,126.723,0.64,0.64,0.64,128.178,0.64,0.64,0.64,
07/31/2012,886.569,886.569,-387.407,387.407,499.162,0.0,-344.582,344.582,,,0.0,154.58,-14.25,,,,,14.25,140.33,-48.529,91.801,0.0,0.0,0.0,91.801,,91.801,0.0,0.0,91.801,91.801,0.0,126.631,0.72,0.72,0.72,127.663,0.72,0.72,0.72,
10/31/2012,852.741,852.741,-388.452,388.452,464.289,0.0,-346.994,346.994,,,0.0,117.295,-14.783,,,,,14.783,102.512,-39.333,63.179,0.0,0.0,0.0,63.179,,63.179,0.0,0.0,63.179,63.179,0.0,126.737,0.5,0.5,0.5,127.902,0.49,0.49,0.49,
01/31/2013,1235.769,1235.769,-504.954,504.954,730.815,0.0,-440.458,440.458,,,0.0,290.357,-14.054,,,,,14.054,276.303,-96.66,179.643,0.0,0.0,0.0,179.643,,179.643,0.0,0.0,179.643,179.643,0.0,126.857,1.42,1.42,1.42,127.992,1.4,1.4,1.4,
04/30/2013,895.484,895.484,-392.26,392.26,503.224,0.0,-362.066,362.066,,,0.0,141.158,-12.712,,,,,12.712,128.446,-44.869,83.577,0.0,0.0,0.0,83.577,,83.577,0.0,0.0,83.577,89.362,5.785,127.318,0.66,0.66,0.70188,128.441,0.65,0.65,0.69504,
07/31/2013,925.884,925.884,-393.755,393.755,532.129,0.0,-355.243,355.243,,,0.0,176.886,-14.694,,,,,14.694,162.192,-55.411,106.781,0.0,0.0,0.0,106.781,,106.781,0.0,0.0,106.781,106.781,0.0,127.826,0.84,0.84,0.84,128.771,0.83,0.83,0.83,
10/31/2013,911.478,911.478,-391.997,391.997,519.481,0.0,-365.863,365.863,,,0.0,153.618,-13.922,,,,,13.922,139.696,-45.086,94.61,0.0,0.0,0.0,94.61,,94.61,0.0,0.0,94.61,94.61,0.0,128.004,0.74,0.74,0.74,128.974,0.73,0.73,0.73,
01/31/2014,1298.284,1298.284,-512.675,512.675,785.609,0.0,-952.942,472.731,,,480.211,-167.333,-8.135,,,,,8.135,-175.468,71.869,-103.599,0.0,0.0,0.0,-103.599,,-103.599,0.0,0.0,-103.599,208.53815,312.13715,128.192,-0.81,-0.81,1.626764,128.192,-0.81,-0.81,1.624919,
04/30/2014,1012.132,1012.132,-422.606,422.606,589.526,0.0,-379.733,379.733,,,0.0,209.793,-16.276,,,,,16.276,193.517,-67.908,125.609,0.0,0.0,0.0,125.609,,125.609,0.0,0.0,125.609,125.609,0.0,128.933,0.97,0.97,0.97,129.795,0.97,0.97,0.97,
07/31/2014,992.93,992.93,-397.767,397.767,595.163,0.0,-386.642,386.642,,,0.0,208.521,-16.151,,,,,16.151,192.37,-68.25,124.12,0.0,0.0,0.0,124.12,,124.12,0.0,0.0,124.12,124.12,0.0,129.252,0.96,0.96,0.96,129.908,0.96,0.96,0.96,
10/31/2014,959.589,959.589,-388.718,388.718,570.871,0.0,-402.38,402.38,,,0.0,168.491,-109.154,,,,,109.154,59.337,-21.069,38.268,0.0,0.0,0.0,38.268,,38.268,0.0,0.0,38.268,99.224,60.956,129.352,0.3,0.3,0.767085,129.978,0.29,0.29,0.758972,
01/31/2015,1285.262,1285.262,-503.647,503.647,781.615,0.0,-476.991,476.991,,,0.0,304.624,-12.311,,,,,12.311,292.313,-96.131,196.182,0.0,0.0,0.0,196.182,,196.182,0.0,0.0,196.182,196.182,0.0,129.347,1.52,1.52,1.52,129.991,1.51,1.51,1.51,
04/30/2015,962.4,962.4,-393.4,393.4,569.0,0.0,-399.0,399.0,,,0.0,170.0,-9.3,,,,,9.3,160.7,-55.8,104.9,0.0,0.0,0.0,104.9,,104.9,0.0,0.0,104.9,104.9,0.0,129.2,0.81,0.81,0.81,129.8,0.81,0.81,0.81,
07/31/2015,990.5,990.5,-397.5,397.5,593.0,0.0,-420.2,420.2,,,0.0,172.8,-13.6,,,,,13.6,159.2,-54.3,104.9,0.0,0.0,0.0,104.9,,104.9,0.0,0.0,104.9,111.2,6.3,129.0,0.81,0.81,0.862016,129.6,0.81,0.81,0.858611,
10/31/2015,938.2,938.2,-373.7,373.7,564.5,0.0,-408.1,408.1,,,0.0,156.4,-15.2,,,,,15.2,141.2,-50.2,91.0,0.0,0.0,0.0,91.0,,91.0,0.0,0.0,91.0,91.0,0.0,128.6,0.71,0.71,0.71,129.1,0.7,0.7,0.7,
01/31/2016,1213.6,1213.6,-448.8,448.8,764.8,0.0,-503.9,503.9,,,0.0,260.9,-12.1,,,,,12.1,248.8,-85.6,163.2,0.0,0.0,0.0,163.2,,163.2,0.0,0.0,163.2,186.8,23.6,127.4,1.28,1.28,1.466248,127.9,1.28,1.28,1.464519,
04/30/2016,891.3,891.3,-345.7,345.7,545.6,0.0,-411.0,411.0,,,0.0,134.6,-11.5,,,,,11.5,123.1,-35.6,87.5,0.0,0.0,0.0,87.5,,87.5,0.0,0.0,87.5,81.175,-6.325,126.1,0.69,0.69,0.643735,126.5,0.69,0.69,0.64,
07/31/2016,931.6,931.6,-354.5,354.5,577.1,0.0,-402.2,402.2,,,0.0,174.9,-13.4,,,,,13.4,161.5,-55.8,105.7,0.0,0.0,0.0,105.7,,105.7,0.0,0.0,105.7,105.7,0.0,125.3,0.84,0.84,0.84,125.6,0.84,0.84,0.84,
10/31/2016,949.3,949.3,-369.8,369.8,579.5,0.0,-424.3,424.3,,,0.0,155.2,-9.7,,,,,9.7,145.5,-50.4,95.1,0.0,0.0,0.0,95.1,,95.1,0.0,0.0,95.1,95.1,0.0,124.6,0.76,0.76,0.76,124.9,0.76,0.76,0.76,
01/31/2017,1229.6,1229.6,-441.4,441.4,788.2,0.0,-531.7,531.7,,,0.0,256.5,-10.0,,,,,10.0,246.5,-88.7,157.8,0.0,0.0,0.0,157.8,,157.8,0.0,0.0,157.8,181.8,24.0,124.5,1.27,1.27,1.460241,125.0,1.26,1.26,1.452,
04/30/2017,899.6,899.6,-340.5,340.5,559.1,0.0,-409.5,409.5,,,0.0,149.6,-13.5,,,,,13.5,136.1,-43.2,92.9,0.0,0.0,0.0,92.9,,92.9,0.0,0.0,92.9,92.9,0.0,124.6,0.75,0.75,0.75,125.3,0.74,0.74,0.74,
07/31/2017,959.7,959.7,-360.1,360.1,599.6,0.0,-414.9,414.9,,,0.0,184.7,-12.2,,,,,12.2,172.5,-57.5,115.0,0.0,0.0,0.0,115.0,,115.0,0.0,0.0,115.0,115.0,0.0,124.5,0.92,0.92,0.92,125.1,0.92,0.92,0.92,
10/31/2017,976.2,976.2,-376.2,376.2,600.0,0.0,-436.0,436.0,,,0.0,164.0,-13.6,,,,,13.6,150.4,-50.2,100.2,0.0,0.0,0.0,100.2,,100.2,0.0,0.0,100.2,100.2,0.0,124.4,0.81,0.81,0.81,125.0,0.8,0.8,0.8,
01/31/2018,1334.3,1334.3,-483.7,483.7,850.6,0.0,-543.4,543.4,,,0.0,307.2,-5.8,,,,,5.8,301.4,-239.5,61.9,0.0,0.0,0.0,61.9,,61.9,0.0,0.0,61.9,207.9,146.0,124.2,0.5,0.5,1.673913,124.9,0.5,0.5,1.668935,
04/30/2018,1033.2,1033.2,-382.3,382.3,650.9,0.0,-446.6,446.6,,,0.0,204.3,-13.8,,9.9,,,3.9,190.5,-48.2,142.3,0.0,0.0,0.0,142.3,,142.3,0.0,0.0,142.3,145.5,3.2,124.4,1.14,1.14,1.169614,125.0,1.14,1.14,1.1656,
07/31/2018,1075.9,1075.9,-387.1,387.1,688.8,0.0,-497.6,497.6,,,0.0,191.2,-9.2,,9.7,,,-0.5,182.0,-37.3,144.7,0.0,0.0,0.0,144.7,,144.7,0.0,0.0,144.7,144.7,0.0,123.2,1.17,1.17,1.17,124.0,1.17,1.17,1.17,
10/31/2018,1012.4,1012.4,-383.1,383.1,629.3,0.0,-502.9,502.9,,,0.0,126.4,-11.9,,10.1,,,1.8,114.5,-19.6,94.9,0.0,0.0,0.0,94.9,,94.9,0.0,0.0,94.9,94.9,0.0,122.3,0.78,0.78,0.78,123.1,0.77,0.77,0.77,
01/31/2019,1320.6,1320.6,-478.6,478.6,842.0,0.0,-573.6,573.6,0.0,,0.0,268.4,-11.9,,,,0.0,11.9,256.5,-52.0,204.5,0.0,0.0,0.0,204.5,,204.5,0.0,0.0,204.5,204.5,0.0,121.7,1.68,1.68,1.68,122.1,1.67,1.67,1.67,
04/30/2019,1003.1,1003.1,-383.9,383.9,619.2,0.0,-458.3,458.3,,,0.0,160.9,-9.4,,10.4,,,-1.0,151.5,-26.3,125.2,0.0,0.0,0.0,125.2,,125.2,0.0,0.0,125.2,125.2,0.0,121.4,1.03,1.03,1.03,121.9,1.03,1.03,1.03,
07/31/2019,1048.5,1048.5,-390.8,390.8,657.7,0.0,-473.4,473.4,,,0.0,184.3,-8.9,,9.8,,,-0.9,175.4,-39.1,136.3,0.0,0.0,0.0,136.3,,136.3,0.0,0.0,136.3,136.3,0.0,121.1,1.13,1.13,1.13,121.4,1.12,1.12,1.12,
10/31/2019,1014.6,1014.6,-388.9,388.9,625.7,0.0,-507.2,507.2,,,0.0,118.5,-13.4,,9.2,,,4.2,105.1,-26.7,78.4,0.0,0.0,0.0,78.4,,78.4,0.0,0.0,78.4,78.4,0.0,120.3,0.65,0.65,0.65,120.6,0.65,0.65,0.65,
01/31/2020,1357.8,1357.8,-498.5,498.5,859.3,0.0,-590.4,590.4,,,0.0,268.9,-10.6,,9.1,,,1.5,258.3,-57.1,201.2,0.0,0.0,0.0,201.2,,201.2,0.0,0.0,201.2,218.3,17.1,120.4,1.67,1.67,1.813123,121.2,1.66,1.66,1.801089,
04/30/2020,555.5,555.5,-246.5,246.5,309.0,0.0,-414.4,414.4,,,0.0,-105.4,15.6,,9.8,,,-25.4,-89.8,25.2,-64.6,0.0,0.0,0.0,-64.6,0.0,-64.6,0.0,0.0,-64.6,-39.483,25.117,121.2,-0.53,-0.53,-0.325767,121.2,-0.53,-0.53,-0.325767,
07/31/2020,747.1,747.1,-285.5,285.5,461.6,0.0,-401.9,401.9,,,0.0,59.7,-10.3,,11.1,,,-0.8,49.4,-17.5,31.9,0.0,0.0,0.0,31.9,,31.9,0.0,0.0,31.9,38.6,6.7,121.4,0.26,0.26,0.317957,121.7,0.26,0.26,0.315053,
10/31/2020,958.818,,,,582.68328678,,,,,,,86.888,,,,,,,75.6,,58.25,,,,,,58.25,,,58.25,58.25,,,0.464,0.464,0.464,,0.464,0.464,0.464,
01/31/2021,1339.545,,,,844.08749085,,,,,,,280.375,,,,,,,269.0,,210.0,,,,,,210.0,,,210.0,210.0,,,1.754,1.754,1.754,,1.754,1.754,1.754,
