Date,Revenue,Sales & Services Revenue,Cost of Revenue,Cost of Goods & Services,Gross Profit,Other Operating Income,Operating Expenses,"Selling, General & Admin",Research & Development,Other Operating Expense,Operating Income (Loss),Non-Operating (Income) Loss,"Interest Expense, Net",Interest Expense,Interest Income,Foreign Exch (Gain) Loss,(Income) Loss from Affiliates,Other Non-Op (Income) Loss,Pretax Income,Income Tax Expense (Benefit),Income (Loss) from Cont Ops,Net Extraordinary Losses (Gains),Discontinued Operations,XO & Accounting Changes,Income (Loss) Incl. MI,Minority Interest,"Net Income, GAAP",Preferred Dividends,Other Adjustments,"Net Income Avail to Common, GAAP","Net Income Avail to Common, Adj",Net Abnormal Losses (Gains),Basic Weighted Avg Shares,"Basic EPS, GAAP",Basic EPS from Cont Ops,"Basic EPS from Cont Ops, Adjusted",Diluted Weighted Avg Shares,"Diluted EPS, GAAP",Diluted EPS from Cont Ops,"Diluted EPS from Cont Ops, Adjusted",Source: Bloomberg
04/28/1989,466.372009,,-351.822998,,114.549011,,-83.476997,,,,31.072001,5.086,,4.459,,,,-9.545,36.158,-13.855,22.302999,-5.132,,,27.435001,-3.15,24.285,0.0,,24.285,24.285,,1878.047974,0.013438,0.010625,,1878.047974,0.013438,0.010625,0.010625,
07/29/1989,500.266998,,-388.966003,,111.300995,,-86.555,,,,24.746,-0.779,,5.826,,,,-5.047,23.967,-9.233,14.734,-1.942,,,16.676,-1.875,14.801,0.0,,14.801,14.801,,2020.352051,0.007188,0.00625,,2020.352051,0.007188,0.00625,0.00625,
10/28/1989,563.455994,,-423.494995,,139.960999,,-88.362,,,,51.598999,-3.964,,7.099,,,,-3.135,47.634999,-18.076,29.559,0.0,,,29.558999,0.0,29.559,0.0,,29.559,29.559,,2336.543945,0.013125,0.013125,,2336.543945,0.013125,0.013125,0.013125,
01/27/1990,618.640015,,-479.954987,,138.685028,,-97.231003,,,,41.453999,-15.09,,5.865,,0.0,,9.225,26.363998,-12.25,14.114,161.033997,,,-146.919998,0.0,-146.919998,0.0,,-146.919998,-146.919998,,2234.639893,-0.068125,0.00625,,2234.639893,-0.068125,0.00625,0.00625,
04/27/1990,513.757019,,-391.002991,,122.754028,,-92.161003,,,,30.593,-5.99,,5.99,,,,0.0,24.603001,-10.031,14.572,0.0,,,14.572001,0.0,14.572,0.0,,14.572,14.572,,2234.271973,0.006562,0.006562,,2234.271973,0.006562,0.006562,0.006562,
07/28/1990,572.47998,,-439.248993,,133.230988,,-102.490997,,,,30.74,-6.377,,6.377,,,,0.0,24.363,-9.932,14.431,0.0,,,14.431,0.0,14.431,0.0,,14.431,14.431,,2233.600098,0.006562,0.006562,,2233.600098,0.006562,0.006562,0.006562,
10/27/1990,645.97998,,-482.07901,,163.90097,,-106.721001,,,,57.18,-6.784,,6.784,,,,0.0,50.396,-20.555,29.841,0.0,,,29.841,0.0,29.841,0.0,,29.841,29.841,,2332.800049,0.013125,0.013125,,2332.800049,0.013125,0.013125,0.013125,
01/26/1991,714.062012,,-563.22998,,150.832032,,-120.210999,,,,30.621,-6.448,,6.448,,,,0.0,24.173,-8.889,15.284,0.0,,,15.284,0.0,15.284,0.0,,15.284,15.284,,2232.847904,0.006875,0.006875,0.006875,2232.847904,0.006875,0.006875,0.006875,
04/27/1991,603.291016,,-458.670013,,144.621002,,-112.946999,,,,31.674,-6.792,,6.792,,,,0.0,24.882,-10.063,14.819,0.0,,,14.819,0.0,14.819,0.0,,14.819,14.819,,2239.936035,0.006562,0.006562,,2239.936035,0.006562,0.006562,0.006562,
07/27/1991,649.492981,,-500.526001,,148.96698,,-118.487,,,,30.48,-6.601,,6.601,,,,0.0,23.879,-10.049,13.83,0.0,,,13.83,0.0,13.83,0.0,,13.83,13.83,,2243.775879,0.00625,0.00625,,2243.775879,0.00625,0.00625,0.00625,
10/26/1991,705.268982,,-527.559021,,177.709961,,-123.057999,,,,54.652,-7.149,,7.149,,,,0.0,47.503,-20.072001,27.431,0.0,,,27.431,0.0,27.431,0.0,,27.431,27.431,,2338.528076,0.012187,0.012187,,2338.528076,0.012187,0.012187,0.012187,
01/25/1992,799.661987,,-630.799988,,168.861999,,-137.154999,,,,31.707001,-6.747,,6.747,,,,0.0,24.960001,-10.926,14.034,50.0,,,-35.965999,0.0,-35.966,0.0,,-35.966,-35.966,,2241.696032,-0.015938,0.00625,0.00625,2241.696032,-0.015938,0.00625,0.00625,
04/25/1992,670.937012,,-507.850006,,163.087006,,-129.940994,,,,33.146,-7.107,,7.107,,,,0.0,26.039,-10.893,15.146,1.198,,,13.948,0.0,13.948,0.0,,13.948,13.948,,2243.104004,0.00625,0.006875,,2243.104004,0.00625,0.006875,0.006875,
07/25/1992,753.622009,,-576.565002,,177.057007,,-137.919998,,,,39.137001,-6.679,,6.679,,,,0.0,32.458001,-13.425,19.033001,0.0,,,19.033001,0.0,19.033001,0.0,,19.033001,19.033001,,2347.072021,0.008125,0.008125,,2347.072021,0.008125,0.008125,0.008125,
10/24/1992,839.116028,,-614.703979,,224.412048,,-149.195999,,,,75.216003,-6.624,,6.624,,,,0.0,68.592003,-28.077999,40.514,0.0,,,40.514004,0.0,40.514,0.0,,40.514,40.514,,2470.944092,0.016562,0.016562,,2470.944092,0.016562,0.016562,0.016562,
01/31/1993,997.565002,,-768.815979,,228.749023,,-176.832001,,,,51.917,-5.888,,5.888,,0.0,,0.0,46.029,-16.677999,29.351,0.0,,,29.351001,0.0,29.351,-3.939,,25.412,25.412,,2366.815904,0.010625,0.010625,0.010625,2366.815904,0.010625,0.010625,0.010625,
05/01/1993,785.637024,,-585.406006,,200.231018,,-157.931,,,,42.299999,-4.746,,4.746,,0.0,,0.0,37.553999,-14.897,22.657,2.667,,,19.989999,0.0,19.99,-1.789,,18.201,18.201,,2371.481934,0.007812,0.009062,,2371.481934,0.007812,0.009062,0.009062,
07/31/1993,841.054016,,-636.504028,,204.549988,,-156.087997,,,,48.462002,-5.035,,5.035,,0.0,,0.0,43.427002,-17.441999,25.985001,0.0,,,25.985003,0.0,25.985001,-1.789,,24.196001,24.196001,,2372.991943,0.010313,0.010313,,2372.991943,0.010313,0.010313,0.010313,
10/30/1993,959.682983,,-697.341003,,262.34198,,-177.143005,,,,85.198997,-6.19,,6.19,,0.0,,0.0,79.008997,-31.288,47.721001,0.0,,,47.720997,0.0,47.721001,-1.789,,45.932001,45.932001,,2512.895996,0.019063,0.019063,,2512.895996,0.019063,0.019063,0.019063,
01/29/1994,1040.225952,,-803.575012,,236.65094,,-182.893005,,,,53.757999,-3.07,,3.07,,0.0,,0.0,50.687999,-20.009001,30.679001,0.0,,,30.678998,0.0,30.679001,-1.789,,28.890001,28.890001,,2375.327872,0.012188,0.012188,0.012188,2375.327872,0.012188,0.012188,0.012188,
04/30/1994,762.26001,,-566.047974,,196.212036,,-147.039993,,,,49.172001,-5.336,,5.336,,0.0,,0.0,43.836001,-24.368,19.468,0.099,,,19.369001,0.0,19.368999,-1.789,,17.579999,17.579999,,2370.431885,0.0075,0.0075,,2370.431885,0.0075,0.0075,0.0075,
07/30/1994,775.23999,,-583.385986,,191.854004,,-152.483002,,,,39.370998,-5.4,,5.4,,0.0,,0.0,33.970998,-14.176,19.795,0.999,,,18.795999,0.0,18.796,-1.789,,17.006999,17.006999,,2363.679932,0.007188,0.007625,,2363.679932,0.007188,0.007625,0.007625,
10/29/1994,924.606018,,-680.36499,,244.241028,,-178.001007,,,,66.239998,-7.257,,7.257,,0.0,,0.0,58.982998,-24.386999,34.596001,1.808,,,32.787999,0.0,32.787998,-1.789,,30.998998,30.998998,,2491.679932,0.013125,0.013844,,2491.679932,0.013125,0.013844,0.013844,
01/28/1995,1027.040039,,-813.523987,,213.516052,,-195.662994,,,,17.853001,-6.491,,6.491,,0.0,,0.0,11.362001,1.358,12.72,1.054,,,11.666001,0.0,11.666,-1.789,,9.877,9.877,,2320.416,0.004375,0.004687,0.004687,2320.416,0.004375,0.004687,0.004687,
04/29/1995,830.429993,,-634.437012,,195.992981,,-170.195999,,,,25.797001,-8.499,,8.499,,0.0,,0.0,17.298001,-7.788,9.51,1.445,,,8.065001,0.0,8.065,-1.789,,6.276,6.276,,2318.783936,0.002813,0.003437,,2318.783936,0.002813,0.003437,0.003437,
07/29/1995,848.945007,,-657.682007,,191.263,,-166.932999,,,,24.33,-9.813,,9.813,,0.0,,0.0,14.517,-6.804,7.713,32.555,,,-24.842,0.0,-24.841999,-1.789,,-26.630999,-26.630999,,2319.647949,-0.011563,0.002469,,2319.647949,-0.011563,0.002469,0.002469,
10/28/1995,1012.671997,,-748.005005,,264.666992,,-196.949997,,,,67.717003,-11.25,,11.25,,0.0,,0.0,56.467003,-22.59,33.876999,0.0,,,33.877003,0.0,33.876999,-1.789,,32.087999,32.087999,,2459.456055,0.01375,0.01375,,2459.456055,0.01375,0.01375,0.01375,
01/27/1996,1283.067993,,-1103.133057,,179.934936,,-170.796997,,,,9.138,-8.624,,8.624,,0.0,,0.0,0.514,-0.025,0.489,-8.672,,,9.161,0.0,9.161,-4.04,,5.121,5.121,,2381.510496,0.002188,-0.001531,-0.001531,2381.510496,0.002188,-0.001531,-0.001531,
04/27/1996,1472.246948,,-1167.359009,,304.887939,,-251.151001,,,,53.737,-14.362,,15.162,,0.0,,-0.8,39.375,-16.351,23.024,-7.062,,,30.086,0.0,30.086,-4.527,,25.559,25.559,,2730.879883,0.010625,0.008125,0.008125,2730.879883,0.010625,0.008125,0.008125,
07/27/1996,1548.259033,,-1222.189941,,326.069092,,-257.914001,,,,68.154999,-10.968,,14.868,,0.0,,-3.9,57.186999,-23.497,33.689999,-2.364,,,36.053999,0.0,36.054001,-4.26,,31.794001,31.794001,,2879.583984,0.013125,0.011875,0.011875,2879.583984,0.013125,0.011875,0.011875,
10/26/1996,1722.428955,,-1305.270996,,417.157959,,-266.917999,,,,150.240005,-10.344,,10.344,,0.0,,0.0,139.896006,-58.306,81.589996,-5.92,,,87.510006,0.0,87.510002,-2.308,,85.202002,85.202002,,2900.159912,0.03125,0.02875,0.02875,2900.159912,0.03125,0.02875,0.02875,
01/25/1997,1946.474976,,-1503.963013,,442.511963,,-311.153992,,,,131.358002,-1.676,,11.676,,0.0,,-10.0,129.682002,-54.16,75.522003,-133.951004,,,209.473006,0.0,209.473007,-2.646,,206.827007,206.827007,,2889.855968,0.071875,0.025625,0.025625,2889.855968,0.071875,0.025625,0.025625,
04/26/1997,1560.150024,,-1202.619019,,357.531006,,-273.738007,,,,83.792999,-0.855,,7.055,,0.0,,-6.2,82.937999,-34.477001,48.460999,0.0,,,48.460998,0.0,48.460999,-2.625,,45.835999,45.835999,,2548.384033,0.018125,0.018125,0.018125,2834.687988,0.016875,0.016875,0.016875,
07/26/1997,1698.371948,,-1323.260986,,375.110962,,-283.787994,,,,91.322998,-1.545,,6.845,,0.0,,-5.3,89.777998,-37.200001,52.577999,0.0,,,52.577998,0.0,52.577999,-4.601,,47.976999,47.976999,,2553.855957,0.01875,0.01875,0.01875,2840.672119,0.01875,0.01875,0.01875,
10/25/1997,1887.697998,,-1414.33606,,473.361938,,-287.204987,,,,186.156998,-3.654,,6.354,,0.0,,-2.7,182.502998,-75.560997,106.942001,1.777,,,105.165001,0.0,105.165001,-3.443,,101.722001,101.722001,,2610.719971,0.03875,0.04,0.03875,2780.528076,0.0375,0.03875,0.0375,
01/31/1998,2242.849121,,-1736.324951,,506.52417,,-341.023987,,,,165.5,1.552,,5.848,,0.0,,-7.4,167.052,-68.441002,98.611,0.0,,,98.610998,0.0,98.611,-3.137,,95.474,95.474,,2738.271973,0.03625,0.03625,0.03625,2738.271973,0.03625,0.03625,0.03625,
05/02/1998,1775.847046,,-1330.260986,,445.58606,,-299.834991,,,,145.751007,0.042,,5.858,-5.9,0.0,,0.0,145.793007,-58.026001,87.766998,0.0,,,87.767006,0.0,87.766998,-1.25,,86.516998,86.516998,,2554.672119,0.03375,0.03375,0.03375,2722.47998,0.0325,0.0325,0.0325,
08/01/1998,1864.235962,,-1418.48999,,445.745972,,-303.332001,,,,142.414001,-1.425,,6.425,-5.0,0.0,,0.0,140.989001,-56.112999,84.875999,0.0,,,84.876002,0.0,84.875999,-1.238,,83.637999,83.637999,,2538.936035,0.0325,0.0325,0.0325,2697.095947,0.03125,0.03125,0.03125,
10/31/1998,2026.578003,,-1480.500977,,546.077026,,-322.531006,,,,223.546005,-1.507,,5.607,-4.1,0.0,,0.0,222.039005,-88.372002,133.667007,9.048,,,124.619003,0.0,124.619003,-0.978,,123.641003,123.641003,,2536.0,0.04875,0.0525,0.0525,2654.135984,0.0475,0.05,0.05,
01/31/1999,2282.439941,,-1728.162964,,554.276978,,-360.290009,,,,193.987,1.204,,4.296,-5.5,0.0,,0.0,195.191,-68.299004,126.891998,0.0,,,126.891996,0.0,126.891998,-0.057,,126.834998,126.834998,,2544.0,0.04875,0.04875,0.04875,2630.399902,0.04875,0.04875,0.04875,
05/01/1999,1930.505981,,-1418.791992,,511.713989,,-310.675995,,,,201.037994,0.734,,,-5.5,0.0,,4.766,201.771994,-79.498001,122.274002,5.154,,,117.119993,0.0,117.120003,0.0,,117.120003,117.120003,,2573.728024,0.045,0.0475,0.0475,2602.36792,0.045,0.0475,0.0475,
07/31/1999,2102.851074,,-1585.248047,,517.603027,,-330.480988,,,,187.121994,-1.964,,,-2.5,0.0,,4.464,185.157994,-69.277,115.880997,0.0,,,115.880994,0.0,115.880997,0.0,,115.880997,115.880997,,2537.26392,0.04625,0.04625,0.04625,2563.607912,0.045,0.045,0.045,
10/30/1999,2235.053955,,-1646.27002,,588.783935,,-338.319,,,,250.464996,-4.274,,,-0.5,0.0,,4.774,246.190996,-94.473999,151.716995,0.0,,,151.716997,0.0,151.716995,0.0,,151.716995,151.716995,,2506.384032,0.06,0.06,0.06,2530.503904,0.06,0.06,0.06,
01/29/2000,2526.936035,,-1929.089966,,597.846069,,-375.188995,,,,222.656998,-1.841,,,-4.6,0.0,,6.441,220.815998,-83.865997,136.949997,0.0,,,136.950001,0.0,136.949997,0.0,,136.949997,136.949997,,2466.248048,0.055,0.055,0.055,2466.248048,0.055,0.055,0.055,
04/29/2000,2108.115967,,-1554.040039,,554.075928,,-337.957001,,,,216.119003,-2.753,,,-5.6,0.0,,8.353,213.366003,-82.786003,130.580002,0.0,,,130.58,0.0,130.580002,0.0,0.0,130.580002,130.580002,,2386.248048,0.055,0.055,0.055,2400.360104,0.055,0.055,0.055,
07/29/2000,2258.174072,,-1702.297974,,555.876098,,-364.473999,,,,191.401993,-5.074,,,-2.6,0.0,,7.674,186.327993,-72.294998,114.032997,0.0,,,114.032995,0.0,114.032997,0.0,0.0,114.032997,114.032997,,2327.08008,0.04875,0.04875,0.04875,2341.32788,0.04875,0.04875,0.04875,
10/28/2000,2461.410889,,-1807.748047,,653.662842,,-385.665985,,,,267.997009,-9.379,,,-0.9,0.0,,10.279,258.618009,-100.344002,158.274002,0.0,,,158.274007,0.0,158.274002,0.0,0.0,158.274002,158.274002,,2247.896,0.07,0.07,0.07,2263.47192,0.07,0.07,0.07,
01/27/2001,2751.304932,,-2124.038086,,627.266846,,-414.938995,,,,212.328003,-5.698,,,-2.7,0.0,,8.398,206.630003,-71.450996,135.179001,0.0,,,135.179007,0.0,135.179001,0.0,0.0,135.179001,135.179001,,2260.12012,0.06,0.06,0.06,2260.12012,0.06,0.06,0.06,
04/28/2001,2270.89502,,-1686.615967,,584.279053,,-380.270996,,,,204.007996,-4.216,,4.216,-5.4,0.0,,5.4,199.791996,-76.121002,123.670998,0.0,,,123.670994,0.0,123.670998,0.0,0.0,123.670998,123.670998,,2234.303952,0.055,0.055,0.055,2257.023928,0.055,0.055,0.055,
07/28/2001,2487.62207,,-1894.703979,,592.918091,,-406.441986,,,,186.475998,-5.688,,5.688,-4.3,0.0,,4.3,180.787998,-68.879997,111.907997,0.0,,,111.908001,0.0,111.907997,0.0,0.0,111.907997,111.907997,,2210.072024,0.05,0.05,0.05,2233.087888,0.05,0.05,0.05,
10/27/2001,2741.769043,,-2059.996094,,681.772949,,-431.721008,,,,250.052002,-8.537,,8.537,-2.0,0.0,,2.0,241.515002,-92.016998,149.498001,40.0,,,109.498004,0.0,109.498001,0.0,0.0,109.498001,109.498001,,2187.072024,0.05,0.0675,0.0675,2208.639896,0.05,0.0675,0.0675,
01/26/2002,3208.711914,,-2481.605957,,727.105957,,-467.954987,,,,259.151001,-7.202,,7.202,-3.3,0.0,,3.3,251.949001,-96.628998,155.320007,0.0,,,155.320003,0.0,155.320007,0.0,0.0,155.320007,155.320007,,2155.896,0.0725,0.0725,0.0725,2202.448,0.07,0.07,0.07,
04/27/2002,2665.687012,,-1988.829956,,676.857056,,-433.015991,,,,243.841003,-6.194,,6.194,-3.0,0.0,,3.0,237.647003,-90.543999,147.102997,0.0,,,147.103004,0.0,147.102997,0.0,0.0,147.102997,147.102997,,2165.231936,0.0675,0.0675,0.0675,2188.48804,0.0675,0.0675,0.0675,
07/27/2002,2765.089111,,-2078.736084,,686.353027,,-469.528015,,,,216.824997,-5.963,,5.963,-3.1,0.0,,3.1,210.861997,-81.235001,129.626999,0.0,,,129.626996,0.0,129.626999,0.0,0.0,129.626999,129.626999,,2145.483888,0.06,0.06,0.06,2168.895996,0.06,0.06,0.06,
10/26/2002,3044.949951,,-2290.135986,,754.813965,,-508.341003,,,,246.473007,-7.313,,7.313,-1.7,0.0,,1.7,239.160007,-91.805,147.354996,0.0,,,147.355007,0.0,147.354996,0.0,0.0,147.354996,147.354996,,2109.144044,0.07,0.07,0.075,2129.340088,0.07,0.07,0.075,
01/25/2003,3505.480957,,-2721.876953,,783.604004,,-527.645996,,,,255.957993,-5.903,,5.903,-2.7,0.0,,2.7,250.054993,-95.751999,154.302994,0.0,,,154.302994,0.0,154.302994,0.0,0.0,154.302994,154.302994,,2117.167968,0.0725,0.0725,0.0725,2117.167968,0.0725,0.0725,0.0725,
04/26/2003,2788.705078,,-2113.629883,,675.075195,,-482.890991,,,,192.184006,-6.978,,8.678,-1.7,0.0,,0.0,185.206006,-71.675003,113.530998,0.0,,,113.531003,0.0,113.530998,0.0,0.0,113.530998,113.530998,,2066.587892,0.055,0.055,0.055,2082.016112,0.0525,0.0525,0.0525,
07/26/2003,3046.184082,,-2327.058105,,719.125977,,-510.817993,,,,208.307999,-7.228,,8.628,-1.4,0.0,,0.0,201.079999,-77.818001,123.262001,0.0,,,123.261998,0.0,123.262001,0.0,0.0,123.262001,123.262001,,2039.712036,0.06,0.06,0.06,2057.360108,0.0575,0.0575,0.0575,
10/25/2003,3387.451904,,-2528.049072,,859.402832,,-552.142029,,,,307.260986,-7.23,,8.33,-1.1,0.0,,0.0,300.030986,-117.197998,182.832993,0.0,,,182.832988,0.0,182.832993,0.0,0.0,182.832993,182.832993,,2023.615968,0.09,0.09,0.09,2044.248048,0.0875,0.0875,0.0875,
01/31/2004,4105.597168,,-3108.457031,,997.140137,,-609.315002,,,,387.825012,-5.816,,8.016,-2.2,0.0,,0.0,382.009012,-143.270004,238.738998,0.0,,,238.739008,0.0,238.738998,0.0,0.0,238.738998,238.738998,,2003.828004,0.12,0.12,0.12,2032.047972,0.115,0.115,0.115,
05/01/2004,3352.737061,,-2518.345947,,834.391114,,-553.473999,,,,280.916992,-6.583,,8.083,-1.5,0.0,,0.0,274.333992,-106.222,168.112,0.0,,,168.111992,0.0,168.112,0.0,0.0,168.112,168.112,,1988.180052,0.085,0.085,0.085,2086.343996,0.08,0.08,0.08,
07/31/2004,3414.287109,,-2629.207031,,785.080078,,-584.750977,,,,200.328995,-6.993,,8.593,-1.6,0.0,,0.0,193.335995,-75.094002,118.241997,0.0,,,118.241993,0.0,118.241997,0.0,0.0,118.241997,118.241997,,1967.948,0.06,0.06,0.06,2064.355956,0.0575,0.0575,0.0575,
10/30/2004,3817.350098,,-2857.10498,,960.245118,,-625.987,,,,334.257996,-7.134,,7.134,0.0,0.0,,0.0,327.123996,-126.268997,200.854996,0.0,,,200.854999,0.0,200.854996,0.0,0.0,200.854996,200.854996,,1938.052,0.1025,0.1025,0.1025,2027.680052,0.1,0.1,0.1,
01/29/2005,4329.109,,-3373.303,,955.806,,-686.814,,,,268.992,-5.047,,9.647,-4.6,0.0,,0.0,263.945,-98.965,164.98,0.0,,,164.98,0.0,164.98,0.0,0.0,164.98,164.98,,1940.94116,0.085,0.085,0.095,2028.92774,0.0825,0.0825,0.0925,
04/30/2005,3651.83,,-2788.769,,863.061,,-637.245,,,,225.816,-6.036,6.036,8.536,-2.5,0.0,,0.0,219.78,-84.199,135.581,0.0,,,135.581,0.0,135.581,0.0,0.0,135.581,135.581,,1907.916,0.07,0.07,0.07,1988.46,0.07,0.07,0.07,
07/30/2005,3647.866,,-2807.861,,840.005,,-652.143,,,,187.862,-7.917,7.917,8.917,-1.0,0.0,,0.0,179.945,-69.131,110.814,0.0,,,110.814,0.0,110.814,0.0,0.0,110.814,110.814,,1868.824,0.06,0.06,0.06,1971.268,0.0575,0.0575,0.0575,
10/29/2005,4041.912,,-3072.016,,969.896,,-702.461,,,,267.435,-10.119,10.119,11.119,-1.0,0.0,,0.0,257.316,-101.991,155.325,0.0,,,155.325,0.0,155.325,0.0,0.0,155.325,155.325,,1847.744,0.085,0.085,0.085,1945.98,0.08,0.08,0.08,
01/28/2006,4681.305,,-3599.603,,1081.702,,-733.941,,,,347.761,-12.496,,17.496,-5.9,0.0,,0.9,335.265,-47.849,287.416,-1.287,,,288.703,0.0,288.703,0.0,0.0,288.703,288.703,,1833.04,0.1575,0.155,0.1175,1941.8,0.15,0.1475,0.1125,
04/29/2006,3871.256,,-2922.849,,948.407,,-684.166,,,,264.241,-3.759,3.759,9.659,-5.9,0.0,,0.0,260.482,-96.62,163.862,0.053,,,163.809,0.0,163.809,0.0,0.0,163.809,163.809,,1835.68,0.09,0.09,0.0925,1939.788,0.085,0.085,0.0875,
07/29/2006,3963.659,,-3034.323,,929.336,0.0,-693.264,693.264,,0.0,236.072,-5.413,1.113,5.413,-4.3,0.0,,4.3,230.659,-91.835,138.824,0.668,,,138.156,0.0,138.156,0.0,0.0,138.156,138.156,,1808.528,0.0775,0.076761,0.0775,1909.94,0.0725,0.07285,0.0725,
10/28/2006,4472.943,,-3334.085,,1138.858,,-756.348,,,,382.51,-6.784,6.784,10.184,-3.4,0.0,,0.0,375.726,-144.907,230.819,0.207,,,230.612,0.0,230.612,0.0,0.0,230.612,230.612,,1810.176,0.1275,0.1275,0.1275,1917.964,0.12,0.12,0.12,
01/27/2007,5096.779,,-3922.446,,1174.333,0.0,-794.742,794.742,,0.0,379.591,0.39,9.954,20.654,-10.7,0.0,,-10.344,379.981,-136.73,243.251,37.789,,,205.462,0.0,205.462,0.0,0.0,205.462,205.462,,1826.328,0.1125,0.135,0.1375,1914.85456,0.1075,0.1275,0.13,
04/28/2007,4108.081,,-3117.215,,990.866,0.0,-709.277,709.277,,0.0,281.589,-17.928,-2.076,10.024,-12.1,,,20.004,263.661,-101.553,162.108,0.0,,,162.108,0.0,162.108,0.0,0.0,162.108,162.108,12.0,1814.26,0.09,0.09,0.09675,1916.104,0.085,0.085,0.091275,
07/28/2007,4313.298,,-3277.697,,1035.601,0.0,-749.051,749.051,,0.0,286.55,-194.518,-1.4,9.6,-11.0,0.0,,195.918,92.032,-33.0,59.032,0.0,0.0,0.0,59.032,0.0,59.032,0.0,0.0,59.032,59.032,118.0,1791.936,0.0325,0.0325,0.095,1893.276,0.0325,0.0325,0.095,
10/27/2007,4658.718,,-3480.607,,1178.111,0.0,-771.737,771.737,,0.0,406.374,-3.053,3.053,10.353,-7.3,,,0.0,403.321,-152.06,251.261,1.8,,,249.461,0.0,249.461,,0.0,249.461,249.461,0.0,1757.024,0.1425,0.1425,0.1425,1858.136,0.135,0.135,0.135,
01/26/2008,5391.876,,-4072.797,,1319.079,0.0,-848.126,,,,470.953,20.075,,15.231,-10.3,,,-25.006,491.028,-187.165,303.863,2.714,,,301.149,0.0,301.149,0.0,0.0,301.149,301.149,,1720.852,0.175,0.175,0.17,1825.144,0.165,0.1675,0.1625,
04/26/2008,4303.555,4303.555,-3276.943,3276.943,1026.612,0.0,-728.386,728.386,,0.0,298.226,-1.674,1.674,9.374,-7.7,,,0.0,296.552,-98.552,198.0,4.151,4.151,0.0,193.849,0.0,193.849,0.0,0.0,193.849,186.0,-12.0,1702.48,0.115,0.1175,0.109253,1801.604,0.1075,0.11,0.103339,
07/26/2008,4554.395,4554.395,-3447.443,3447.443,1106.952,0.0,-766.936,766.936,,0.0,340.016,-2.641,2.641,9.141,-6.5,,,0.0,337.375,-125.302,212.073,11.85,11.85,0.0,200.223,0.0,200.223,0.0,0.0,200.223,222.073,10.0,1685.156,0.12,0.125,0.131782,1781.692,0.1125,0.12,0.125613,
10/25/2008,4761.53,4761.53,-3536.99,3536.99,1224.54,0.0,-800.833,807.833,,-7.0,423.707,-5.449,5.449,8.849,-3.4,,,0.0,418.258,-164.141,254.117,18.268,18.268,0.0,235.849,0.0,235.849,0.0,0.0,235.849,250.117,-4.0,1668.428,0.1425,0.1525,0.149912,1762.996,0.135,0.145,0.142731,
01/31/2009,5380.025,5380.025,-4167.809,4167.809,1212.216,0.0,-808.934,832.434,,-23.5,403.282,-4.527,4.527,9.127,-4.6,,,0.0,398.755,-148.059,250.696,0.0,0.0,0.0,250.696,0.0,250.696,0.0,0.0,250.696,237.77995,-12.91605,1722.14,0.145,0.145,0.138072,1722.14,0.145,0.145,0.1375,
05/02/2009,4354.224,4354.224,-3273.346,3273.346,1080.878,0.0,-735.057,735.057,,0.0,345.821,-6.601,6.601,8.901,-2.3,,,0.0,339.22,-130.006,209.214,0.0,0.0,0.0,209.214,0.0,209.214,0.0,0.0,209.214,213.5332,4.3192,1650.176,0.1275,0.1275,0.1294,1727.68,0.1225,0.1225,0.125,
08/01/2009,4747.528,4747.528,-3534.302,3534.302,1213.226,0.0,-790.876,790.876,,0.0,422.35,-9.249,9.249,11.649,-2.4,,,0.0,413.101,-151.54,261.561,0.0,0.0,0.0,261.561,0.0,261.561,0.0,0.0,261.561,261.561,0.0,1695.564,0.155,0.155,0.155,1721.812,0.1525,0.1525,0.1525,
10/31/2009,5244.946,5244.946,-3802.179,3802.179,1442.767,0.0,-864.097,864.097,,0.0,578.67,-12.665,12.665,14.565,-1.9,,,0.0,566.005,-218.206,347.799,0.0,0.0,0.0,347.799,0.0,347.799,0.0,0.0,347.799,347.799,0.0,1686.616,0.205,0.205,0.205,1712.368,0.2025,0.2025,0.2025,
01/30/2010,5941.746,5941.746,-4358.602,4358.602,1583.144,0.0,-938.914,938.914,,0.0,644.23,-10.994,10.994,13.405,-2.411,,,0.0,633.236,-238.238,394.998,0.0,0.0,0.0,394.998,,394.998,,0.0,394.998,394.998,0.0,1645.824,0.24,0.24,0.24,1676.732,0.235,0.235,0.235,
05/01/2010,5016.54,5016.54,-3648.674,3648.674,1367.866,0.0,-821.363,821.363,,0.0,546.503,-10.202,10.202,11.969,-1.767,,,0.0,536.301,-204.867,331.434,0.0,0.0,0.0,331.434,0.0,331.434,0.0,0.0,331.434,331.434,0.0,1632.212,0.2025,0.2025,0.2025,1657.6,0.2,0.2,0.2,
07/31/2010,5068.08,5068.08,-3719.21,3719.21,1348.87,0.0,-842.251,853.801,,-11.55,506.619,-10.272,10.272,12.169,-1.897,,,0.0,496.347,-191.363,304.984,0.0,0.0,0.0,304.984,0.0,304.984,0.0,0.0,304.984,300.88658,-4.09742,1614.832,0.19,0.19,0.186327,1638.968,0.185,0.185,0.1825,
10/30/2010,5525.847,5525.847,-4006.404,4006.404,1519.443,0.0,-912.808,912.808,,0.0,606.635,-9.518,9.518,12.505,-2.987,,,0.0,597.117,-224.808,372.309,0.0,0.0,0.0,372.309,0.0,372.309,0.0,0.0,372.309,372.309,0.0,1588.868,0.235,0.235,0.235,1612.16,0.23,0.23,0.23,
01/29/2011,6331.726,6331.726,-4666.173,4666.173,1665.553,0.0,-1122.081,1122.081,,0.0,543.472,-9.145,9.145,12.371,-3.226,,,0.0,534.327,-203.524,330.803,-3.611,-3.611,0.0,334.414,0.0,334.414,0.0,0.0,334.414,330.803,0.0,1590.32,0.21,0.2075,0.2075,1590.32,0.21,0.2075,0.2075,
04/30/2011,5220.295,5220.295,-3827.258,3827.258,1393.037,0.0,-954.474,954.474,,0.0,438.563,-8.917,8.917,11.462,-2.545,,,0.0,429.646,-163.695,265.951,0.0,0.0,0.0,265.951,0.0,265.951,0.0,0.0,265.951,277.771135,11.820135,1551.912,0.17,0.17,0.178986,1576.018,0.17,0.17,0.1775,
07/30/2011,5468.274,5468.274,-3976.035,3976.035,1492.239,0.0,-923.693,923.693,,0.0,568.546,-9.109,9.109,11.318,-2.209,,,0.0,559.437,-211.099,348.338,0.0,0.0,0.0,348.338,0.0,348.338,0.0,0.0,348.338,348.338,0.0,1527.43,0.23,0.23,0.23,1550.502,0.225,0.225,0.225,
10/29/2011,5793.128,5793.128,-4166.587,4166.587,1626.541,0.0,-954.238,954.238,,0.0,672.303,-8.551,8.551,11.905,-3.354,,,0.0,663.752,-257.265,406.487,0.0,0.0,0.0,406.487,0.0,406.487,0.0,0.0,406.487,406.487,0.0,1508.546,0.27,0.27,0.27,1532.104,0.265,0.265,0.265,
01/28/2012,6709.758,6709.758,-4884.369,4884.369,1825.389,0.0,-1057.739,1057.739,,0.0,767.65,-9.071,9.071,11.998,-2.927,,,0.0,758.579,-283.265,475.314,0.0,0.0,0.0,475.314,0.0,475.314,0.0,0.0,475.314,475.314,0.0,1525.638,0.31,0.31,0.31,1525.638,0.31,0.31,0.31,
04/28/2012,5798.086,5798.086,-4165.728,4165.728,1632.358,0.0,-942.126,942.126,,0.0,690.232,-8.827,8.827,11.592,-2.765,,,0.0,681.405,-262.205,419.2,0.0,0.0,0.0,419.2,0.0,419.2,0.0,0.0,419.2,419.2,0.0,1484.466,0.28,0.28,0.28,1512.032,0.275,0.275,0.275,
07/28/2012,5945.559,5945.559,-4275.073,4275.073,1670.486,0.0,-978.514,978.514,,0.0,691.972,-9.182,9.182,12.074,-2.892,,,0.0,682.79,-261.698,421.092,0.0,0.0,0.0,421.092,0.0,421.092,0.0,0.0,421.092,421.092,0.0,1473.66,0.285,0.285,0.285,1502.486,0.28,0.28,0.28,
10/27/2012,6410.913,6410.913,-4566.073,4566.073,1844.84,0.0,-1090.282,1090.282,,0.0,754.558,-6.089,6.089,8.569,-2.48,,,0.0,748.469,-286.918,461.551,0.0,0.0,0.0,461.551,0.0,461.551,0.0,0.0,461.551,461.551,0.0,1463.15,0.315,0.315,0.315,1491.482,0.31,0.31,0.31,
02/02/2013,7723.814,7723.814,-5514.526,5514.526,2209.288,0.0,-1239.524,1239.524,,0.0,969.764,-5.077,5.077,8.597,-3.52,,,0.0,964.687,-359.843,604.844,0.0,0.0,0.0,604.844,0.0,604.844,0.0,0.0,604.844,604.844,0.0,1475.824,0.41,0.41,0.41,1475.824,0.41,0.41,0.41,
05/04/2013,6189.609,6189.609,-4433.533,4433.533,1756.076,0.0,-1018.909,1018.909,,0.0,737.167,-5.282,5.282,8.352,-3.07,,,0.0,731.885,-278.995,452.89,0.0,0.0,0.0,452.89,0.0,452.89,0.0,0.0,452.89,452.89,0.0,1439.056,0.315,0.315,0.315,1465.11,0.31,0.31,0.31,
08/03/2013,6442.424,6442.424,-4586.739,4586.739,1855.685,0.0,-1074.32,1074.32,,0.0,781.365,-8.919,8.919,11.839,-2.92,,,0.0,772.446,-292.887,479.559,0.0,0.0,0.0,479.559,0.0,479.559,0.0,0.0,479.559,479.559,0.0,1431.412,0.335,0.335,0.335,1457.198,0.33,0.33,0.33,
11/02/2013,6981.876,6981.876,-4934.465,4934.465,2047.411,0.0,-1158.668,1158.668,,0.0,888.743,-9.371,9.371,12.607,-3.236,,,0.0,879.372,-256.717,622.655,0.0,0.0,0.0,622.655,0.0,622.655,0.0,0.0,622.655,542.655,-80.0,1423.19,0.44,0.44,0.381295,1448.216,0.43,0.43,0.37476,
02/01/2014,7808.787,7808.787,-5650.3,5650.3,2158.487,0.0,-1215.192,1215.192,,0.0,943.295,-7.509,7.509,13.293,-5.784,,,0.0,935.786,-353.494,582.292,0.0,0.0,0.0,582.292,0.0,582.292,0.0,0.0,582.292,582.292,0.0,1438.984,0.405,0.405,0.405,1438.984,0.405,0.405,0.405,
05/03/2014,6491.176,6491.176,-4678.0,4678.0,1813.176,0.0,-1073.05,1073.05,,0.0,740.126,-9.595,9.595,13.183,-3.588,0.0,,0.0,730.531,-276.214,454.317,0.0,0.0,0.0,454.317,0.0,454.317,0.0,0.0,454.317,454.79605,0.47905,1402.054,0.325,0.325,0.324379,1425.804,0.32,0.32,0.320336,
08/02/2014,6917.212,6917.212,-4935.856,4935.856,1981.356,0.0,-1122.758,1122.758,,0.0,858.598,-27.98,11.15,14.866,-3.716,0.0,,16.83,830.618,-312.994,517.624,0.0,0.0,0.0,517.624,0.0,517.624,0.0,0.0,517.624,532.37605,14.75205,1388.434,0.375,0.375,0.383437,1410.4,0.365,0.365,0.37546,
11/01/2014,7366.066,7366.066,-5203.629,5203.629,2162.437,0.0,-1193.297,1193.297,,0.0,969.14,-10.04,10.04,13.672,-3.632,0.0,,0.0,959.1,-364.143,594.957,0.0,0.0,0.0,594.957,0.0,594.957,0.0,0.0,594.957,595.5784,0.6214,1380.366,0.43,0.43,0.431464,1402.01,0.425,0.425,0.425443,
01/31/2015,8303.953,8303.953,-5959.037,5959.037,2344.916,0.0,-1306.279,1306.279,0.0,0.0,1038.637,-9.002,9.002,13.659,-4.657,0.0,0.0,0.0,1029.635,-381.405,648.23,0.0,0.0,0.0,648.23,0.0,648.23,0.0,0.0,648.23,649.01455,0.78455,1391.856,0.475,0.475,0.466295,1391.856,0.465,0.465,0.465564,
05/02/2015,6865.637,6865.637,-4920.241,4920.241,1945.396,0.0,-1168.657,1168.657,,0.0,776.739,-11.624,11.624,14.968,-3.344,0.0,,0.0,765.115,-290.514,474.601,0.0,0.0,0.0,474.601,0.0,474.601,0.0,0.0,474.601,475.49735,0.89635,1362.738,0.35,0.35,0.348928,1382.412,0.345,0.345,0.345649,
08/01/2015,7363.731,7363.731,-5219.191,5219.191,2144.54,0.0,-1247.538,1247.538,,0.0,897.002,-10.808,10.808,14.265,-3.457,0.0,,0.0,886.194,-336.859,549.335,0.0,0.0,0.0,549.335,0.0,549.335,0.0,0.0,549.335,549.32655,-0.00845,1352.164,0.405,0.405,0.406257,1370.644,0.4,0.4,0.399994,
10/31/2015,7753.495,7753.495,-5506.899,5506.899,2246.596,0.0,-1292.401,1292.401,,0.0,954.195,-13.005,13.005,15.916,-2.911,0.0,,0.0,941.19,-353.934,587.256,0.0,0.0,0.0,587.256,0.0,587.256,0.0,0.0,587.256,587.7305,0.4745,1342.308,0.44,0.44,0.43785,1361.688,0.43,0.43,0.430349,
01/30/2016,8962.075,8962.075,-6388.192,6388.192,2573.883,0.0,-1497.119,1497.119,0.0,0.0,1076.764,-10.963,10.963,15.12,-4.157,0.0,0.0,0.0,1065.801,-399.335,666.466,0.0,0.0,0.0,666.466,0.0,666.466,0.0,0.0,666.466,667.30255,0.83655,1349.352,0.5,0.5,0.494536,1349.352,0.495,0.495,0.494536,
04/30/2016,7542.356,7542.356,-5372.143,5372.143,2170.213,0.0,-1335.05,1335.05,,0.0,835.163,-10.194,10.194,14.986,-4.792,0.0,,0.0,824.969,-316.623,508.346,0.0,0.0,0.0,508.346,0.0,508.346,0.0,0.0,508.346,515.1775,6.8315,1323.03,0.385,0.385,0.389392,1340.776,0.38,0.38,0.385095,
07/30/2016,7882.053,7882.053,-5562.961,5562.961,2319.092,0.0,-1393.248,1393.248,,0.0,925.844,-11.262,11.262,14.556,-3.294,0.0,,0.0,914.582,-352.408,562.174,0.0,0.0,0.0,562.174,0.0,562.174,0.0,0.0,562.174,556.9532,-5.2208,1316.234,0.425,0.425,0.423142,1333.212,0.42,0.42,0.416084,
10/29/2016,8291.688,8291.688,-5843.873,5843.873,2447.815,0.0,-1462.574,1462.574,,0.0,985.241,-95.408,12.462,16.958,-4.496,0.0,,82.946,889.833,-340.047,549.786,0.0,0.0,0.0,549.786,0.0,549.786,0.0,0.0,549.786,604.2326,54.4466,1307.118,0.42,0.42,0.462263,1323.442,0.415,0.415,0.45614,
01/28/2017,9467.647,9467.647,-6786.777,6786.777,2680.87,0.0,-1577.595,1577.595,0.0,0.0,1103.275,-9.616,9.616,15.171,-5.555,0.0,0.0,0.0,1093.659,-415.731,677.928,0.0,0.0,0.0,677.928,0.0,677.928,0.0,0.0,677.928,682.5547,4.6267,1303.707692,0.52,0.52,0.523549,1314.772,0.515,0.515,0.518519,
04/29/2017,7784.024,7784.024,-5530.072,5530.072,2253.952,0.0,-1411.603,1411.603,,0.0,842.349,-9.841,9.841,16.032,-6.191,0.0,,0.0,832.508,-296.229,536.279,0.0,0.0,0.0,536.279,0.0,536.279,0.0,0.0,536.279,536.96735,0.68835,1288.85,0.415,0.415,0.416625,1309.598,0.41,0.41,0.410525,
07/29/2017,8357.7,8357.7,-5972.675,5972.675,2385.025,0.0,-1483.648,1483.648,,0.0,901.377,-9.677,9.677,16.038,-6.361,0.0,,0.0,891.7,-338.743,552.957,0.0,0.0,0.0,552.957,0.0,552.957,0.0,0.0,552.957,554.33305,1.37605,1278.254,0.435,0.435,0.433664,1296.634,0.425,0.425,0.426061,
10/28/2017,8762.22,8762.22,-6150.02,6150.02,2612.2,0.0,-1584.219,1584.219,,0.0,1027.981,-7.981,7.981,16.283,-8.302,,,0.0,1020.0,-378.564,641.436,0.0,0.0,0.0,641.436,0.0,641.436,0.0,0.0,641.436,640.80745,-0.62855,1268.044,0.505,0.505,0.505351,1285.762,0.5,0.5,0.499511,
02/03/2018,10960.72,10960.72,-7849.4,7849.4,3111.32,0.0,-1994.851,1895.601,0.0,99.25,1116.469,-4.089,4.089,15.942,-11.853,,,0.0,1112.38,-235.104,877.276,0.0,0.0,0.0,877.276,0.0,877.276,0.0,0.0,877.276,800.337699,-76.938301,1276.806,0.695,0.695,0.626828,1276.806,0.685,0.685,0.624741,
05/05/2018,8688.72,8688.72,-6178.239,6178.239,2510.481,0.0,-1550.775,1550.775,,0.0,959.706,-4.148,4.148,15.717,-11.569,0.0,,0.0,955.558,-239.177,716.381,0.0,0.0,0.0,716.381,0.0,716.381,0.0,0.0,716.381,659.05876,-57.32224,1253.224,0.57,0.57,0.525891,1268.872,0.565,0.565,0.519825,
08/04/2018,9331.115,9331.115,-6635.815,6635.815,2695.3,0.0,-1699.714,1699.714,,0.0,995.586,-3.029,3.029,15.955,-12.926,0.0,,0.0,992.557,-252.931,739.626,0.0,0.0,0.0,739.626,0.0,739.626,0.0,0.0,739.626,682.64619,-56.97981,2493.702,0.295,0.295,0.273748,2531.84,0.29,0.29,0.267495,
11/03/2018,9825.759,9825.759,-6983.483,6983.483,2842.276,0.0,-1756.448,1756.448,,0.0,1085.828,-39.31,3.188,16.496,-13.308,0.0,,36.122,1046.518,-284.265,762.253,0.0,0.0,0.0,762.253,0.0,762.253,0.0,0.0,762.253,795.50489,33.25189,1236.842,0.62,0.62,0.643174,1257.562,0.61,0.61,0.636441,
02/02/2019,11127.34,11127.34,-8033.64,8033.64,3093.7,0.0,-1916.627,1916.627,,0.0,1177.073,1.505,-1.505,16.671,-18.176,0.0,,0.0,1178.578,-337.04,841.538,0.0,0.0,0.0,841.538,0.0,841.538,0.0,0.0,841.538,744.39377,-97.14423,1244.708,0.69,0.69,0.598047,1244.708,0.68,0.68,0.598047,
05/04/2019,9277.585,9277.585,-6637.885,6637.885,2639.7,0.0,-1702.401,1702.401,,0.0,937.299,-0.817,0.817,14.617,-13.8,0.0,,0.0,936.482,-236.304,700.178,0.0,0.0,0.0,700.178,0.0,700.178,0.0,0.0,700.178,464.29816,-235.87984,1214.531,0.58,0.58,0.382286,1233.407,0.57,0.57,0.378757,
08/03/2019,9781.596,9781.596,-7026.057,7026.057,2755.539,0.0,-1731.335,1731.335,,0.0,1024.204,-2.897,2.897,14.904,-12.007,0.0,,0.0,1021.307,-262.345,758.962,0.0,0.0,0.0,758.962,0.0,758.962,0.0,0.0,758.962,518.08169,-240.88031,1210.525,0.63,0.63,0.427981,1228.986,0.62,0.62,0.424001,
11/02/2019,10451.334,10451.334,-7440.033,7440.033,3011.301,0.0,-1885.923,1885.923,,0.0,1125.378,-3.259,3.259,14.882,-11.623,0.0,,0.0,1122.119,-293.856,828.263,0.0,0.0,0.0,828.263,0.0,828.263,0.0,0.0,828.263,584.86302,-243.39998,1206.369,0.69,0.69,0.484813,1224.288,0.68,0.68,0.481191,
02/01/2020,12206.462,12206.462,-8741.805,8741.805,3464.657,0.0,-2135.329,2135.329,,0.0,1329.328,-3.053,3.053,14.662,-11.609,0.0,,0.0,1326.275,-341.485,984.79,0.0,0.0,0.0,984.79,0.0,984.79,0.0,0.0,984.79,992.53279,7.74279,1200.963415,0.82,0.82,0.826447,1219.365,0.81,0.81,0.81635,
05/02/2020,4408.888,4408.888,-4414.465,4414.465,-5.577,0.0,-1313.92,1313.92,,0.0,-1319.497,-23.351,23.351,31.551,-8.2,0.0,,0.0,-1342.848,455.359,-887.489,0.0,0.0,0.0,-887.489,0.0,-887.489,0.0,0.0,-887.489,-1122.71404,-235.22504,1197.809,-0.74,-0.74,-0.937306,1197.809,-0.74,-0.74,-0.937306,
08/01/2020,6667.575,6667.575,-5174.49,5174.49,1493.085,0.0,-1527.768,1527.768,,0.0,-34.683,-57.336,57.336,59.036,-1.7,0.0,,0.0,-92.019,-122.201,-214.22,0.0,0.0,0.0,-214.22,0.0,-214.22,0.0,0.0,-214.22,-214.22,0.0,1198.634,-0.18,-0.18,-0.18,1198.634,-0.18,-0.18,-0.18,
10/31/2020,9303.96,,,,2542.5861888,,,,,,663.111,,,,,,,,599.1,,475.667,,,,,,475.667,,,475.667,446.2,,,0.388,0.388,0.378,,0.388,0.388,0.378,
01/31/2021,11771.2,,,,3281.104288,,,,,,1119.111,,,,,,,,1036.05,,861.4,,,,,,861.4,,,861.4,765.8,,,0.645,0.645,0.658,,0.645,0.645,0.658,
