Date,Revenue,Sales & Services Revenue,Cost of Revenue,Cost of Goods & Services,Gross Profit,Other Operating Income,Operating Expenses,"Selling, General & Admin",Research & Development,Depreciation & Amortization,Other Operating Expense,Operating Income (Loss),Non-Operating (Income) Loss,"Interest Expense, Net",Interest Expense,Interest Income,Foreign Exch (Gain) Loss,Other Non-Op (Income) Loss,Pretax Income,Income Tax Expense (Benefit),Income (Loss) from Cont Ops,Net Extraordinary Losses (Gains),Discontinued Operations,XO & Accounting Changes,Income (Loss) Incl. MI,Minority Interest,"Net Income, GAAP",Preferred Dividends,Other Adjustments,"Net Income Avail to Common, GAAP","Net Income Avail to Common, Adj",Net Abnormal Losses (Gains),Basic Weighted Avg Shares,"Basic EPS, GAAP",Basic EPS from Cont Ops,"Basic EPS from Cont Ops, Adjusted",Diluted Weighted Avg Shares,"Diluted EPS, GAAP",Diluted EPS from Cont Ops,"Diluted EPS from Cont Ops, Adjusted",Source: Bloomberg
12/31/1989,170.248993,,,,,,,,,,,,,,,,,,,,,,,,,,8.267,,,8.267,8.267,,68.188502,0.121481,0.121481,,68.188502,0.121481,0.121481,0.121481,
03/31/1990,142.839005,,-104.139,,38.700005,,-32.227001,,,,,6.473,3.194,,3.126,,,-6.32,9.667,-1.749,7.918,0.0,,,7.918,-1.524,6.394,0.0,,6.394,6.394,,68.117627,0.094815,0.094815,,68.117627,0.094815,0.094815,0.094815,
06/30/1990,170.169006,,-126.904999,,43.264008,,-41.623001,,,,,1.641,9.481,,3.021,,,-12.502,11.122,-1.076,10.046,0.0,,,10.046,-1.938,8.108,0.0,,8.108,8.108,,72.16425,0.112593,0.12,,72.16425,0.112593,0.12,0.12,
09/29/1990,184.604004,,-127.655998,,56.948006,,-43.330002,,,,,13.618,4.846,,3.816,,,-8.662,18.464,-6.905,11.559,0.0,,,11.559,-1.986,9.573,0.0,,9.573,9.573,,73.342128,0.13037,0.13037,,73.342128,0.13037,0.13037,0.13037,
12/30/1990,223.070999,,-160.634995,,62.436004,,-46.855,,,,,15.581,5.035,,3.95,,,-8.985,20.616,-8.029,12.587,0.0,,,12.587,-1.696,10.891,0.0,,10.891,10.891,,71.258066,0.154074,0.154074,0.154074,71.258066,0.154074,0.154074,0.154074,
03/31/1991,195.490005,,-141.076996,,54.41301,,-44.556999,,,,,9.856,5.206,,4.303,,,-9.509,15.062,-4.95,10.112,0.0,,,10.112,-1.528,8.584,0.0,,8.584,8.584,,74.071127,0.115556,0.115556,,74.071127,0.115556,0.115556,0.115556,
06/30/1991,197.809006,,-141.130997,,56.678009,,-46.487999,,,,,10.19,7.838,,4.862,,,-12.7,18.027999,-5.064,12.964,0.0,,,12.963999,-2.252,10.712,0.0,,10.712,10.712,,75.343498,0.142222,0.151111,,75.343498,0.142222,0.151111,0.151111,
09/28/1991,192.031998,,-135.802002,,56.229996,,-47.083,,,,,9.147,11.764001,,4.377,,,-16.141001,20.911001,-5.582,15.329,0.0,,,15.329001,-1.724,13.605,0.0,,13.605,13.605,,85.772249,0.16,0.16,,85.772249,0.16,0.16,0.16,
12/29/1991,220.153,,-168.218994,,51.934006,,-42.884998,,,,,9.049,16.122999,,4.781,,,-20.903999,25.171999,-9.254,15.918,0.0,,,15.917999,-1.765,14.153,0.0,,14.153,14.153,,86.897792,0.165926,0.165926,0.165926,86.897792,0.165926,0.165926,0.165926,
03/29/1992,204.384995,,-151.348007,,53.036987,,-44.41,,,,,8.627,10.327,,4.563,,,-14.89,18.954,-4.49,14.464,1.438,,,13.026,-1.83,11.196,0.0,,11.196,11.196,,88.8165,0.127407,0.142222,,88.8165,0.127407,0.142222,0.142222,
06/27/1992,210.065002,,-148.334,,61.731003,,-44.722,,,,,17.009001,8.808,,4.513,,,-13.321,25.817001,-8.845,16.972,0.0,,,16.972001,-3.068,13.904,0.0,,13.904,13.904,,90.288003,0.154074,0.154074,,90.288003,0.154074,0.154074,0.154074,
09/26/1992,242.917999,,-166.005005,,76.912994,,-52.911999,,,,,24.000999,4.341,,6.589,,,-10.93,28.342,-9.275,19.066999,0.0,,,19.067,-3.551,15.516,0.0,,15.516,15.516,,90.365624,0.171852,0.171852,,90.365624,0.171852,0.171852,0.171852,
01/02/1993,291.604004,,-205.630997,,85.973007,,-67.348,,,,,18.625,10.232001,,8.631,,,-18.863001,28.857001,-4.864,23.993,0.0,,,23.993001,-5.453,18.540001,0.0,0.0,18.540001,18.540001,,90.922497,0.204444,0.204444,0.204444,90.922497,0.204444,0.204444,0.204444,
04/03/1993,292.763,,-203.660995,,89.102005,,-66.617996,,,,,22.483999,1.988,,7.856,,,-9.844,24.471999,-5.53,18.941999,0.0,,,18.941999,-3.494,15.448,0.0,,15.448,15.448,,91.303873,0.168889,0.168889,,91.303873,0.168889,0.168889,0.168889,
07/03/1993,300.449005,,-206.761002,,93.688004,,-70.132004,,,,,23.556,7.373,,7.629,,,-15.002,30.928999,-7.62,23.309,0.0,,,23.309,-5.703,17.606001,0.0,,17.606001,17.606001,,91.415251,0.192593,0.192593,,91.415251,0.192593,0.192593,0.192593,
10/02/1993,318.380005,,-210.886993,,107.493011,,-67.917,,,,,39.576,3.699,,7.756,,,-11.455,43.275,-16.75,26.525,0.0,,,26.525,-5.602,20.923,0.0,,20.923,20.923,,104.068122,0.2,0.201481,,104.068122,0.2,0.201481,0.201481,
12/31/1993,338.126007,,-221.210999,,116.915008,,-78.922997,,,,,37.992001,-5.549,,8.402,,,-2.853,32.443001,-3.5,28.943001,0.0,,,28.943001,-6.287,22.656,0.0,,22.656,22.656,,107.225995,0.213333,0.213333,0.213333,107.225995,0.213333,0.213333,0.213333,
04/02/1994,383.723999,,-208.063995,,175.660004,,-137.445999,,,,,38.214001,4.794,,10.347,,,-15.141,43.008,-14.535,28.473,0.0,,,28.473001,-5.548,22.924999,0.0,,22.924999,22.924999,,113.607001,0.2,0.2,,113.607001,0.2,0.2,0.2,
07/02/1994,428.546997,,-232.921005,,195.625992,,-151.384995,,,,,44.241001,9.528,,16.481001,,,-26.009001,53.769001,-22.653,31.115999,0.0,,,31.116001,-6.698,24.417999,0.0,,24.417999,24.417999,,114.304496,0.213333,0.213333,,114.304496,0.213333,0.213333,0.213333,
10/01/1994,445.515991,,-235.330002,,210.185989,,-162.860992,,,,,47.325001,5.910002,,16.577999,,,-22.488001,53.235003,-14.6,38.634998,0.0,,,38.635002,-10.808,27.827,0.0,,27.827,27.827,,117.753748,0.235556,0.235556,,117.753748,0.235556,0.235556,0.235556,
12/31/1994,471.403992,,-252.330002,,219.07399,,-166.121994,,,,,52.952,3.412,,16.438,,,-19.85,56.364,-18.915001,37.449001,0.0,,,37.448999,-7.908,29.541,0.0,,29.541,29.541,,114.637502,0.253333,0.253333,0.253333,114.637502,0.253333,0.253333,0.253333,
04/01/1995,493.174011,,-265.579987,,227.594025,,-179.751007,,,,,47.842999,7.807999,,18.391001,,,-26.198999,55.650997,-18.563,37.088001,0.0,,,37.087997,-7.404,29.684,0.0,,29.684,29.684,,120.872252,0.24,0.24,,120.872252,0.24,0.24,0.24,
07/01/1995,544.171021,,-293.707001,,250.46402,,-192.322006,,,,,58.141998,9.382,,18.246,,,-27.628,67.523998,-24.221001,43.303001,0.0,,,43.302998,-10.253,33.049999,0.0,,33.049999,33.049999,,124.284004,0.26,0.26,,124.284004,0.26,0.26,0.26,
09/30/1995,585.987976,,-321.959991,,264.027985,,-194.944,,,,,69.084,18.732002,,20.153999,,,-38.886002,87.816002,-23.371,64.445,0.0,,,64.445002,-25.900999,38.543999,0.0,,38.543999,38.543999,,126.589497,0.3,0.3,,126.589497,0.3,0.3,0.3,
12/30/1995,646.958008,,-358.515015,,288.442993,,-216.356003,,,,,72.086998,15.729999,,21.07,,,-36.799999,87.816997,-32.556,55.261002,0.0,,,55.260997,-16.957001,38.304001,0.0,,38.304001,38.304001,,130.185001,0.29,0.29,0.29,130.185001,0.29,0.29,0.29,
03/30/1996,652.38501,,-372.144989,,280.240021,,-223.457001,,,,,56.783001,19.476999,,27.635,,,-47.112,76.26,-22.676001,53.584,0.0,,,53.584,-12.561,41.022999,0.0,,41.022999,41.022999,,132.492004,0.31,0.31,0.31,175.463997,0.26,0.26,0.26,
06/29/1996,745.758972,,-427.950012,,317.80896,,-255.731003,,,,,62.077999,19.509001,,25.601,,,-45.110001,81.587,-19.974001,61.612999,0.0,,,61.612999,-16.694,44.918999,0.0,,44.918999,44.918999,,140.134003,0.32,0.32,0.32,175.699997,0.28,0.28,0.28,
09/29/1996,739.981018,,-409.184998,,330.796021,,-252.725006,,,,,78.070999,33.268002,,21.82,,,-55.088001,111.339001,-31.938999,79.400002,0.0,,,79.400002,-28.158001,51.242001,0.0,,51.242001,51.242001,,142.791,0.36,0.359993,0.36,175.815002,0.31,0.31,0.31,
12/28/1996,794.432983,,-448.466003,,345.96698,,-258.791992,,,,,87.175003,18.189999,,21.639,,,-39.828999,105.365002,-36.256001,69.109001,0.0,,,69.109001,-15.477,53.632,0.0,,53.632,53.632,,149.539993,0.36,0.36,0.36,175.748993,0.31,0.31,0.31,
03/29/1997,763.505005,,-467.140015,,296.36499,,-227.533005,,,,,68.832001,28.762998,,21.412001,,,-50.174999,97.594999,-28.396999,69.197998,0.0,,,69.198,-17.139999,52.057999,0.0,,52.057999,52.057999,,150.070007,0.35,0.35,0.35,175.925003,0.31,0.31,0.31,
06/28/1997,875.016,,-479.01,,396.006,0.0,-294.647,213.167,,,81.48,101.359,11.591,,,,,-11.591,112.95,-42.026,70.924,,,,70.924,-14.766,56.158,0.0,0.0,56.158,56.158,,150.173,0.37,0.37,0.37,175.86,0.35,0.35,0.35,
09/27/1997,909.849976,,-535.809021,,374.040955,,-254.787994,,,,,119.252998,11.306999,24.896,24.896,,,-36.202999,130.559997,-47.950001,82.610001,0.0,,,82.609996,-20.750999,61.859001,0.0,,61.859001,61.859001,,150.345001,0.41,0.41,0.42,176.190994,0.36,0.36,0.37,
01/03/1998,1009.948975,,-597.580994,,412.367981,,-291.904999,,,,,120.462997,26.899001,25.330999,25.330999,,,-52.23,147.361998,-56.34,91.022003,0.0,,,91.021998,-21.768999,69.252998,0.0,,69.252998,69.252998,,158.936005,0.44,0.44,0.44,176.436005,0.4,0.4,0.4,
04/04/1998,944.263,,-533.694,,410.569,,-318.172,,,,,92.397,39.221,,0.0,,0.0,-39.221,131.618,-41.574,90.044,0.0,,,90.044,-24.551,65.493,,,65.493,65.493,,159.131,0.41,0.41,0.41,176.58,0.37,0.37,0.37,
07/04/1998,947.799,,-520.351,,427.448,,-317.852,,,,,109.596,17.816,,0.0,,0.0,-17.816,127.412,-51.093,76.319,-2.163,,,78.482,-16.697,61.785,,,61.785,61.785,,166.168,0.37,0.37,0.39,183.329,0.34,0.34,0.35,
10/03/1998,977.169,,-554.474,,422.695,,-327.423,,,,,95.272,-44.17,,0.0,,0.0,44.17,51.102,-38.182,12.92,-1.931,,,14.851,2.731,17.582,,,17.582,17.582,,163.362,0.11,0.11,0.28,163.936,0.1,0.1,0.27,
01/02/1999,998.365,,-578.374,,419.991,,-341.536,,,,,78.455,2.923,,0.0,,0.0,-2.923,81.378,-39.831,41.547,-1.0,,,42.547,-5.506,37.041,,,37.041,37.041,,158.8,0.23,0.23,0.23,259.0,0.23,0.23,0.23,
04/03/1999,1009.538,,-582.06,,427.478,,-359.727,,,,,67.751,-4.433,9.727,27.686,-17.959,0.0,-5.294,63.318,-30.899,32.419,0.0,,,32.419,-4.12,28.299,0.0,,28.299,28.299,,158.045,0.18,0.18,0.17,158.27,0.17,0.17,0.16,
07/03/1999,1092.34,,-642.488,,449.852,,-394.649,,,,,55.203,-425.541,13.828,27.788,-13.96,0.0,411.713,-370.338,87.632,-282.706,0.0,,,-282.706,47.518,-235.188,0.0,,-235.188,-235.188,,158.01,-1.49,-1.49,0.23,158.01,-1.49,-1.49,0.23,
10/02/1999,1077.27,,-620.49,,456.78,,-373.536,,,,,83.244,-9.66,14.951,29.317,-14.366,0.0,-5.291,73.584,-30.537,43.047,0.0,,,43.047,-6.718,36.329,0.0,,36.329,36.329,,158.198,0.23,0.23,0.23,158.384,0.22,0.22,0.22,
01/01/2000,658.985,,-367.939,,291.046,,-248.649,,,,,42.397,228.525,14.571,12.201,,,-243.096,270.922,-59.269,211.653,159.993,,,51.66,-55.673,-4.013,0.0,,-4.013,-4.013,,157.694,-0.03,0.14,0.16,157.965,-0.04,0.13,0.15,
04/01/2000,576.604,,-308.009,,268.595,,-218.127,,,,,50.468,-14.165,13.246,22.924,-9.678,,0.919,36.303,-16.085,20.218,10.925,,,9.293,-5.739,3.554,0.0,0.0,3.554,3.554,,156.813,0.02,0.09,0.06,157.464,0.02,0.09,0.06,
07/01/2000,579.95,,-313.701,,266.249,0.0,-213.073,166.971,,,46.102,53.176,-9.156,13.802,21.728,-7.926,,-4.646,44.02,-17.84,26.18,-2.557,,,28.737,-4.482,24.255,0.0,0.0,24.255,24.255,,156.018,0.16,0.14,0.13,157.767,0.15,0.13,0.12,
09/30/2000,546.949,,-320.601,,226.348,,-193.598,,,,,32.75,40.404,10.523,20.493,-9.97,,-50.927,73.154,-66.043,7.111,-4.998,,,12.109,0.17,12.279,0.0,0.0,12.279,12.279,,175.978,0.07,0.04,0.15,180.44,0.07,0.04,0.15,
12/30/2000,577.019,,-316.375,,260.644,,-198.878,,,,,61.766,-30.412,6.575,20.912,-14.337,,23.837,31.354,-12.249,19.105,94.788,,,-75.683,-0.516,-76.199,0.0,0.0,-76.199,-76.199,,181.039,-0.42,0.1,0.19,186.408,-0.41,0.1,0.18,
03/31/2001,573.089,,-317.835,,255.254,,-204.532,,,,,50.722,-14.628,1.769,19.443,-17.674,,12.859,36.094,-14.257,21.837,66.994,,,-45.157,-0.018,-45.175,0.0,0.0,-45.175,-45.175,,182.856,-0.25,0.12,0.16,187.177,-0.24,0.12,0.16,
06/30/2001,542.472,,-304.41,,238.062,,-200.204,,,,,37.858,-23.841,2.757,18.533,-15.776,,21.084,14.017,-5.411,8.606,-15.56,,,24.166,0.817,24.983,0.0,0.0,24.983,24.983,,181.628,0.14,0.05,0.17,185.056,0.14,0.05,0.17,
09/29/2001,512.941,,-284.455,,228.486,,-190.28,,,,,38.206,2.034,-0.978,18.353,-19.331,,-1.056,40.24,-15.09,25.15,-0.602,,,25.752,0.527,26.279,0.0,0.0,26.279,26.279,,180.28,0.15,0.14,0.16,182.823,0.14,0.14,0.16,
12/29/2001,559.708,,-322.888,,236.82,,-196.702,,,,,40.118,-59.788,-0.269,14.032,-14.301,,60.057,-19.67,7.829,-11.841,-0.459,,,-11.382,4.514,-6.868,0.0,0.0,-6.868,-6.868,,177.478,-0.04,-0.04,0.26,177.478,-0.04,-0.04,0.25,
03/30/2002,491.326,,-267.67,,223.656,,-178.539,,,,,45.117,51.918,-0.879,13.479,-14.358,,-51.039,97.035,-33.692,63.343,-51.37,,,114.713,0.331,115.044,0.0,0.0,115.044,115.044,,174.25,0.66,0.37,0.21,204.189,0.59,0.34,0.2,
06/29/2002,509.113,,-279.325,,229.788,,-179.125,,,,,50.663,22.829,-2.405,10.216,-12.621,,-20.424,73.492,-23.975,49.517,-19.0,,,68.517,0.0,68.517,0.0,0.0,68.517,68.517,,171.122,0.4,0.29,0.24,186.74,0.38,0.28,0.24,
09/28/2002,517.171,,-288.514,,228.657,,-176.879,,,,,51.778,4.883,-2.346,8.864,-11.21,0.0,-2.537,56.661,-17.644,39.017,0.0,,,39.017,0.0,39.017,0.0,0.0,39.017,39.017,,165.701,0.24,0.24,0.26,176.342,0.23,0.23,0.25,
12/28/2002,568.745,,-323.47,,245.275,,-185.234,,,,,60.041,-0.735,-1.328,8.357,-9.685,,2.063,59.306,-17.154,42.152,-45.0,,,87.152,0.0,87.152,0.0,0.0,87.152,87.152,9.984,163.214,0.53,0.26,0.32,175.248,0.51,0.25,0.31,
03/29/2003,500.205,,-276.367,,223.838,,-176.44,,,,,47.398,-2.201,-0.781,6.904,-7.685,0.0,2.982,45.197,-13.806,31.391,-5.036,,,36.427,0.0,36.427,0.0,0.0,36.427,36.427,,162.844,0.22,0.19,0.22,165.614,0.22,0.19,0.22,
06/28/2003,467.268,,-250.147,,217.121,,-162.687,,,,,54.434,7.752,-1.717,5.357,-7.074,0.0,-6.035,62.186,-7.545,54.641,1.502,,,53.139,0.0,53.139,0.0,0.0,53.139,53.139,,162.048,0.33,0.34,0.27,172.459,0.32,0.33,0.27,
09/27/2003,448.567,,-239.824,,208.743,,-153.078,,,,,55.665,-3.283,0.548,3.458,-2.91,0.0,2.735,52.382,-13.387,38.995,-9.52,,,48.515,0.0,48.515,0.0,0.0,48.515,48.515,,162.531,0.3,0.24,0.27,169.155,0.29,0.24,0.27,
12/31/2003,528.915,,-285.444,,243.471,,-170.837,,,,,72.634,-13.652,0.662,2.653,-1.991,0.0,12.99,58.982,-11.496,47.486,-14.442,,,61.928,0.0,61.928,0.0,0.0,61.928,61.928,8.499,163.427,0.38,0.29,0.34,167.812,0.37,0.29,0.34,
04/03/2004,582.002,,-317.418,,264.584,,-203.533,,,,,61.051,-0.971,0.94,2.862,-1.922,0.0,0.031,60.08,-16.958,43.122,0.0,,,43.122,0.0,43.122,0.0,0.0,43.122,43.122,,165.206,0.26,0.26,0.27,169.996,0.26,0.26,0.27,
07/03/2004,525.309,,-286.424,,238.885,,-179.1,,,,,59.785,9.852,1.028,2.694,-1.666,0.0,-10.88,69.637,-19.058,50.579,-40.501,,,91.08,0.0,91.08,0.0,0.0,91.08,91.08,,165.571,0.55,0.31,0.3,170.521,0.54,0.3,0.29,
10/02/2004,542.315,,-291.36,,250.955,,-186.299,153.425,,,32.874,64.656,-2.564,0.218,2.677,-2.459,0.0,2.346,62.092,-19.451,42.641,-63.895,,,106.536,0.0,106.536,0.0,0.0,106.536,106.536,,161.514,0.66,0.26,0.26,165.57,0.65,0.26,0.29,
12/31/2004,613.339,,-332.304,,281.035,,-210.911,,,,,70.124,1.89,-0.228,2.879,-2.974,0.0,-1.795,72.014,13.468,85.482,-35.617,,,121.099,0.0,121.099,0.0,0.0,121.099,121.099,,160.239,0.76,0.53,0.39,164.477,0.74,0.52,0.38,
04/02/2005,559.208,,-299.974,,259.234,,-199.558,163.501,,,36.057,59.676,6.459,-0.181,3.155,-3.336,0.0,-6.278,66.135,-17.397,48.738,-0.118,,,48.856,0.0,48.856,0.0,0.0,48.856,48.856,,160.957,0.3,0.28,0.31,164.73,0.3,0.28,0.31,
07/02/2005,653.621,,-366.166,,287.455,,-232.025,,,,,55.43,23.288,4.696,7.287,-2.591,0.0,-27.984,78.718,-21.958,56.76,-3.463,,,60.223,0.0,60.223,0.0,0.0,60.223,60.223,,161.255,0.37,0.35,0.36,164.658,0.37,0.35,0.36,
10/01/2005,679.411,,-373.712,,305.699,,-243.589,194.323,,,49.266,62.11,-2.751,6.109,8.307,-2.198,0.0,-3.358,59.359,-18.762,40.597,-17.137,,,57.734,0.0,57.734,0.0,0.0,57.734,57.734,,161.794,0.36,0.25,0.4,165.635,0.35,0.25,0.4,
12/31/2005,740.787,,-398.227,,342.56,0.0,-254.073,185.821,,,68.252,88.487,-3.646,4.522,7.966,-3.444,,-0.876,84.841,-29.48,55.361,-1.044,,,56.405,0.0,56.405,0.0,0.0,56.405,56.405,,162.341,0.35,0.34,0.34,166.312,0.34,0.34,0.34,
04/01/2006,684.287,,-371.663,,312.624,,-241.185,202.448,,,38.737,71.439,-7.373,4.263,7.795,-3.532,,3.11,64.066,-20.447,43.619,-3.287,,,46.906,0.0,46.906,0.0,0.0,46.906,46.906,,163.044,0.29,0.27,0.4,166.982,0.28,0.26,0.39,
07/01/2006,713.468,,-388.976,,324.492,,-247.539,206.919,,,40.62,76.953,-8.163,4.541,7.934,-3.393,,3.622,68.79,-19.847,48.943,1.063,,,47.88,0.0,47.88,0.0,0.0,47.88,47.88,,161.289,0.3,0.3,0.43,165.523,0.29,0.3,0.42,
09/30/2006,724.962,,-388.077,,336.885,,-256.596,217.938,,,38.658,80.289,-10.921,6.453,9.278,-2.825,,4.468,69.368,-20.535,48.833,0.0,,,48.833,0.0,48.833,0.0,0.0,48.833,48.833,,157.705,0.31,0.31,0.45,162.161,0.3,0.3,0.44,
12/31/2006,1668.9,,-1061.473,,607.427,,-455.232,403.063,,,52.169,152.195,-145.049,20.254,26.923,-6.669,,124.795,7.146,17.775,24.921,-0.395,,,25.316,0.0,25.316,0.0,0.0,25.316,25.316,,302.19,0.08,0.08,0.6,318.361,0.08,0.08,0.57,
03/31/2007,2338.2,,-1458.3,,879.9,,-680.1,620.3,,,59.8,199.8,-34.1,28.3,37.2,-8.9,,5.8,165.7,-26.9,138.8,-0.1,,,138.9,0.0,138.9,0.0,0.0,138.9,138.9,,420.1,0.33,0.33,0.62,441.1,0.31,0.31,0.59,
06/30/2007,2385.9,,-1449.3,,936.6,,-685.3,626.6,,,58.7,251.3,-29.0,22.6,33.2,-10.6,,6.4,222.3,-34.4,187.9,24.0,,,163.9,0.0,163.9,0.0,0.0,163.9,163.9,,424.0,0.39,0.44,0.68,446.5,0.37,0.42,0.65,
09/29/2007,2401.2,,-1453.1,,948.1,,-685.3,626.5,,,58.8,262.8,-27.5,18.9,32.5,-13.6,,8.6,235.3,-16.7,218.6,0.1,,,218.5,0.0,218.5,0.0,0.0,218.5,218.5,,424.3,0.51,0.52,0.69,446.6,0.49,0.49,0.65,
12/31/2007,2621.1,,-1550.8,,1070.3,,-619.4,558.0,,,61.4,450.9,-192.9,23.5,36.9,-13.4,,169.4,258.0,-23.7,234.3,-5.5,,,239.8,0.0,239.8,0.0,0.0,239.8,239.8,,417.5,0.57,0.56,0.8,440.7,0.54,0.53,0.76,
03/29/2008,2554.0,,-1535.6,,1018.4,0.0,-728.0,661.1,,,66.9,290.4,-18.2,25.7,35.8,-10.1,,-7.5,272.2,-42.1,230.1,0.4,,,229.7,0.0,229.7,0.0,0.0,229.7,229.7,,417.5,0.55,0.55,0.557,436.1,0.53,0.53,0.537,
06/28/2008,2709.6,,-1621.5,,1088.1,0.0,-757.9,698.9,,,59.0,330.2,-28.1,26.9,42.0,-15.1,,1.2,302.1,-59.2,242.9,-3.2,,,246.1,0.0,246.1,0.0,0.0,246.1,246.1,-3.51,418.0,0.59,0.58,0.572,437.1,0.56,0.55,0.542,
09/27/2008,2588.1,,-1555.3,,1032.8,0.0,-746.5,669.3,,,77.2,286.3,-27.7,24.8,39.7,-14.9,,2.9,258.6,-43.7,214.9,-3.2,,,218.1,0.0,218.1,0.0,0.0,218.1,218.1,10.01,419.0,0.52,0.51,0.533,438.3,0.5,0.49,0.513,
12/31/2008,2646.3,,-1549.0,,1097.3,0.0,-774.8,545.4,,,229.4,322.5,-27.4,22.4,34.0,-11.6,,5.0,295.1,-7.6,287.5,0.5,,,287.0,0.0,287.0,0.0,0.0,287.0,287.0,13.325,418.4,0.68,0.69,0.722,427.2,0.67,0.67,0.702,
03/28/2009,2255.1,2255.1,-1368.2,1368.2,886.9,0.0,-696.8,625.0,58.2,,13.6,190.1,-22.9,24.9,30.2,-5.3,,-2.0,167.2,-18.3,148.9,0.0,0.0,0.0,148.9,0.0,148.9,0.0,0.0,148.9,158.4965,9.5965,417.7,0.36,0.36,0.379451,425.3,0.35,0.35,0.372564,
06/27/2009,2484.1,2484.1,-1495.8,1495.8,988.3,0.0,-729.3,660.9,58.1,,10.3,259.0,-26.9,24.9,29.6,-4.7,,2.0,232.1,-25.2,206.9,0.0,0.0,0.0,206.9,0.0,206.9,0.0,0.0,206.9,214.781371,7.881371,415.3,0.5,0.5,0.517172,423.7,0.49,0.49,0.508601,
09/26/2009,2531.1,2531.1,-1519.9,1519.9,1011.2,0.0,-735.7,662.1,60.5,,13.1,275.5,-28.6,26.7,29.2,-2.5,,1.9,246.9,-25.7,221.2,0.0,0.0,0.0,221.2,0.0,221.2,0.0,0.0,221.2,230.120383,8.920383,407.9,0.54,0.54,0.564159,420.2,0.53,0.53,0.551229,
12/31/2009,2839.4,2839.4,-1667.0,1667.0,1172.4,0.0,-848.1,598.6,69.3,156.4,23.8,324.3,-43.4,25.5,29.1,-3.6,,17.9,280.9,-6.6,274.3,1.0,1.0,0.0,273.3,,273.3,0.0,0.0,273.3,306.215,31.915,408.7,0.67,0.67,0.749241,422.2,0.65,0.65,0.725592,
04/03/2010,2626.9,2626.9,-1560.5,1560.5,1066.4,0.0,-781.8,698.3,66.1,,17.4,284.6,-24.9,19.9,22.3,-2.4,,5.0,259.7,-35.1,224.6,-7.7,-7.7,0.0,232.3,0.0,232.3,0.0,0.0,232.3,246.375,21.775,409.6,0.57,0.55,0.601501,418.2,0.56,0.54,0.592068,
07/03/2010,2595.7,2595.7,-1546.8,1546.8,1048.9,0.0,-751.0,673.2,69.6,,8.2,297.9,-36.8,20.9,23.8,-2.9,,15.9,261.1,-32.4,228.7,-8.6,-8.6,0.0,237.3,0.0,237.3,0.0,0.0,237.3,245.47,16.77,409.3,0.58,0.56,0.599731,415.9,0.57,0.55,0.590322,
10/02/2010,2628.7,2628.7,-1567.2,1567.2,1061.5,0.0,-758.8,677.0,71.5,,10.3,302.7,-15.4,15.7,19.1,-3.4,,-0.3,287.3,-28.5,258.8,-9.7,-9.7,0.0,268.5,0.0,268.5,0.0,0.0,268.5,269.395,10.595,400.7,0.67,0.65,0.672311,404.5,0.66,0.64,0.666193,
12/31/2010,2718.9,2718.9,-1565.3,1565.3,1153.6,0.0,-832.8,595.6,77.6,135.1,24.5,320.8,-23.2,15.7,19.5,-3.8,,7.5,297.6,-12.7,284.9,-12.6,-12.6,0.0,297.5,0.0,297.5,0.0,0.0,297.5,306.285,21.385,393.5,0.76,0.72,0.778361,398.8,0.75,0.71,0.763623,
04/02/2011,2721.4,2721.4,-1601.1,1601.1,1120.3,0.0,-798.8,708.7,74.8,,15.3,321.5,-22.5,22.8,27.8,-5.0,,-0.3,299.0,-51.8,247.2,-5.0,-5.0,0.0,252.2,0.0,252.2,0.0,0.0,252.2,262.604381,15.404381,388.6,0.65,0.64,0.67577,394.6,0.64,0.63,0.669038,
07/02/2011,2854.0,2854.0,-1693.0,1693.0,1161.0,0.0,-895.9,772.9,83.2,,39.8,265.1,-10.3,32.3,38.9,-6.6,,-22.0,254.8,-37.7,217.1,-306.3,-306.3,0.0,523.4,0.0,523.4,0.0,0.0,523.4,270.185,53.085,381.9,1.37,0.57,0.707476,385.9,1.36,0.56,0.697562,
10/01/2011,2932.9,2932.9,-1714.0,1714.0,1218.9,0.0,-902.9,804.5,86.8,,11.6,316.0,-49.6,42.7,49.5,-6.8,,6.9,266.4,-0.1,266.3,0.9,0.9,0.0,265.4,0.0,265.4,0.0,0.0,265.4,306.275,39.975,379.5,0.7,0.7,0.807049,382.7,0.69,0.7,0.804455,
12/31/2011,3089.3,3089.3,-1736.1,1736.1,1353.2,0.0,-1005.7,693.6,95.5,186.7,29.9,347.5,-35.4,50.7,59.1,-8.4,0.0,-15.3,312.1,-19.6,292.5,3.6,3.6,0.0,288.9,0.0,288.9,0.0,0.0,288.9,331.175,38.675,373.4,0.77,0.78,0.886918,375.9,0.77,0.78,0.882886,
03/31/2012,3056.8,3056.8,-1767.1,1767.1,1289.7,0.0,-928.2,824.3,91.7,,12.2,361.5,-50.4,51.3,57.7,-6.4,,-0.9,311.1,-30.3,280.8,3.5,3.5,0.0,277.3,0.0,277.3,0.0,0.0,277.3,302.9,22.1,367.3,0.76,0.76,0.824666,370.1,0.75,0.76,0.819714,
06/30/2012,3108.1,3108.1,-1786.8,1786.8,1321.3,0.0,-953.5,835.0,94.2,,24.3,367.8,-49.4,50.7,57.4,-6.7,,-1.3,318.4,-26.0,292.4,58.6,58.6,0.0,233.8,0.0,233.8,0.0,0.0,233.8,317.685,25.285,367.0,0.64,0.8,0.865627,369.2,0.63,0.79,0.858486,
09/29/2012,3085.7,3085.7,-1787.3,1787.3,1298.4,0.0,-946.2,839.0,92.0,,15.2,352.2,-55.8,54.4,60.3,-5.9,,1.4,296.4,3.0,299.4,9.0,9.0,0.0,290.4,0.0,290.4,0.0,0.0,290.4,323.645,24.245,362.6,0.8,0.83,0.892568,365.4,0.79,0.82,0.886352,
12/31/2012,3259.3,3259.3,-1815.6,1815.6,1443.7,0.0,-1043.1,720.1,98.5,194.1,30.4,400.6,-57.1,60.0,66.2,-6.2,0.0,-2.9,343.5,42.3,385.8,9.4,9.4,0.0,376.4,0.0,376.4,0.0,0.0,376.4,413.555,27.755,358.4,1.05,1.08,1.153892,361.7,1.04,1.07,1.146735,
03/30/2013,3191.5,3191.5,-1855.2,1855.2,1336.3,0.0,-949.2,829.5,98.2,,21.5,387.1,-44.2,57.2,64.4,-7.2,,-13.0,342.9,-2.1,340.8,4.6,4.6,0.0,336.2,0.0,336.2,0.0,0.0,336.2,364.2,23.4,358.1,0.94,0.95,1.017034,361.7,0.93,0.94,1.004694,
06/29/2013,3240.1,3240.1,-1876.9,1876.9,1363.2,0.0,-987.8,869.6,96.7,,21.5,375.4,-95.4,57.3,64.4,-7.1,,38.1,280.0,-2.4,277.6,0.2,0.2,0.0,277.4,0.0,277.4,0.0,0.0,277.4,297.425,19.825,360.0,0.77,0.77,0.826181,363.5,0.76,0.76,0.814539,
09/28/2013,3191.8,3191.8,-1843.9,1843.9,1347.9,0.0,-955.8,848.5,95.9,,11.4,392.1,-73.1,57.2,64.3,-7.1,,15.9,319.0,-1.3,317.7,0.1,0.1,0.0,317.6,0.0,317.6,0.0,0.0,317.6,341.295,23.595,361.2,0.88,0.88,0.944892,367.3,0.86,0.86,0.924239,
12/31/2013,3466.9,3466.9,-1931.0,1931.0,1535.9,0.0,-1080.9,764.0,104.7,188.9,23.3,455.0,-77.4,62.4,69.0,-6.6,,15.0,377.6,-34.6,343.0,0.9,0.9,0.0,342.1,,342.1,0.0,0.0,342.1,380.854,37.854,361.8,0.95,0.95,1.052664,370.9,0.92,0.92,1.02206,
03/29/2014,3903.5,3903.5,-2283.5,2283.5,1620.0,0.0,-744.5,1177.0,149.7,,-582.2,875.5,-101.1,105.9,117.8,-11.9,,-4.8,774.4,-231.3,543.1,0.0,0.0,0.0,543.1,0.0,543.1,0.0,0.0,543.1,443.015,-100.085,393.3,1.38,1.38,1.126405,398.4,1.36,1.36,1.108783,
06/28/2014,4321.9,4321.9,-2475.4,2475.4,1846.5,0.0,-1498.4,1253.8,183.7,,60.9,348.1,-111.6,113.1,129.1,-16.0,,-1.5,236.5,42.0,278.5,0.0,0.0,0.0,278.5,0.0,278.5,0.0,0.0,278.5,168.86,-109.64,399.4,0.7,0.7,0.422784,403.1,0.69,0.69,0.418008,
09/27/2014,4171.4,4171.4,-2237.8,2237.8,1933.6,0.0,-1293.3,1228.7,175.2,,-110.6,640.3,-101.1,106.3,116.8,-10.5,,-5.2,539.2,-69.3,469.9,-1.7,-1.7,0.0,471.6,0.0,471.6,0.0,0.0,471.6,312.76,-157.14,399.9,1.18,1.17,0.782096,403.7,1.17,1.16,0.770751,
12/31/2014,4492.8,4492.8,-2290.8,2290.8,2202.0,0.0,-1562.9,1007.4,182.5,,373.0,639.1,-102.0,106.9,116.2,-9.3,,-4.9,537.1,66.9,604.0,2.8,2.8,0.0,601.2,0.0,601.2,0.0,0.0,601.2,447.16,-156.84,400.4,1.5,1.51,1.116783,404.1,1.49,1.49,1.101878,
03/28/2015,3918.8,3918.8,-2096.3,2096.3,1822.5,0.0,-1335.2,1137.4,165.8,,32.0,487.3,-105.3,101.4,108.4,-7.0,,3.9,382.0,3.1,385.1,0.0,0.0,0.0,385.1,0.0,385.1,0.0,0.0,385.1,413.88,28.78,397.8,0.97,0.97,1.040422,401.4,0.96,0.96,1.031699,
06/27/2015,4270.9,4270.9,-2329.1,2329.1,1941.8,0.0,-1346.0,1151.0,174.6,,20.4,595.8,-92.2,95.2,102.9,-7.7,,-3.0,503.6,8.0,511.6,0.0,0.0,0.0,511.6,0.0,511.6,0.0,0.0,511.6,507.96,-3.64,398.4,1.28,1.28,1.275,401.5,1.27,1.27,1.260934,
09/26/2015,4123.2,4123.2,-2239.9,2239.9,1883.3,0.0,-1320.4,1133.3,171.6,,15.5,562.9,-94.8,93.4,100.6,-7.2,,1.4,468.1,9.2,477.3,1.2,1.2,0.0,476.1,0.0,476.1,0.0,0.0,476.1,509.049487,31.749487,399.0,1.19,1.2,1.275813,402.0,1.18,1.19,1.268979,
12/31/2015,4652.5,4652.5,-2439.9,2439.9,2212.6,0.0,-1522.4,968.7,180.3,,373.4,690.2,-107.5,94.3,103.0,-8.7,,13.2,582.7,23.6,606.3,3.7,3.7,0.0,602.6,0.0,602.6,0.0,0.0,602.6,650.687905,44.387905,399.5,1.51,1.52,1.628756,402.4,1.5,1.51,1.620308,
04/02/2016,4294.8,4294.8,-2336.9,2336.9,1957.9,0.0,-1440.0,1212.9,176.5,,50.6,517.9,-94.9,95.4,106.2,-10.8,,-0.5,423.0,-20.7,402.3,0.1,0.1,0.0,402.2,0.0,402.2,0.0,0.0,402.2,478.21553,75.91553,395.8,1.02,1.02,1.208225,398.7,1.01,1.01,1.200408,
07/02/2016,4535.2,4535.2,-2456.7,2456.7,2078.5,0.0,-1440.9,1223.1,182.4,,35.4,637.6,-116.5,105.6,118.8,-13.2,,10.9,521.1,-4.3,516.8,0.2,0.2,0.0,516.6,0.0,516.6,0.0,0.0,516.6,560.853087,44.053087,393.9,1.31,1.31,1.423846,396.7,1.3,1.3,1.411049,
10/01/2016,4490.9,4490.9,-2437.0,2437.0,2053.9,0.0,-1512.8,1274.6,183.3,,54.9,541.1,-113.2,102.9,113.3,-10.4,,10.3,427.9,45.6,473.5,0.0,0.0,0.0,473.5,0.0,473.5,0.0,0.0,473.5,557.571667,84.071667,394.7,1.2,1.2,1.412647,397.4,1.19,1.19,1.401554,
12/31/2016,4953.0,4953.0,-2546.0,2546.0,2407.0,0.0,-1654.0,1017.0,213.0,,424.0,753.0,-101.0,117.0,131.0,-14.0,,-16.0,652.0,-19.0,633.0,3.0,3.0,0.0,630.0,0.0,630.0,0.0,0.0,630.0,694.10603,61.10603,395.0,1.6,1.6,1.75723,397.0,1.59,1.59,1.743919,
04/01/2017,4765.0,4765.0,-2572.0,2572.0,2193.0,0.0,-1573.0,1334.0,215.0,,24.0,620.0,-117.0,117.0,135.0,-18.0,,0.0,503.0,48.0,551.0,0.0,0.0,0.0,551.0,0.0,551.0,0.0,0.0,551.0,716.103181,165.103181,391.0,1.41,1.41,1.831466,394.0,1.4,1.4,1.819044,
07/01/2017,4990.0,4990.0,-2706.0,2706.0,2284.0,0.0,-1535.0,1291.0,222.0,,22.0,749.0,-123.0,116.0,134.0,-18.0,,7.0,626.0,-13.0,613.0,1.0,1.0,0.0,612.0,0.0,612.0,0.0,0.0,612.0,633.714973,20.714973,390.0,1.57,1.57,1.62491,393.0,1.56,1.56,1.61271,
09/30/2017,5116.0,5116.0,-2816.0,2816.0,2300.0,0.0,-1666.0,1400.0,217.0,,49.0,634.0,-154.0,132.0,157.0,-25.0,,22.0,480.0,54.0,534.0,0.0,0.0,0.0,534.0,0.0,534.0,0.0,0.0,534.0,630.331802,96.331802,396.0,1.35,1.35,1.591747,400.0,1.34,1.34,1.58083,
12/31/2017,6047.0,6047.0,-3249.0,3249.0,2798.0,0.0,-1841.0,1165.0,233.0,,443.0,957.0,-137.0,146.0,166.0,-20.0,,-9.0,820.0,-290.0,530.0,2.0,2.0,0.0,528.0,0.0,528.0,0.0,0.0,528.0,793.613028,263.613028,401.0,1.32,1.32,1.979085,405.0,1.3,1.31,1.960896,
03/31/2018,5853.0,5853.0,-3273.0,3273.0,2580.0,0.0,-1794.0,1515.0,234.0,,45.0,786.0,-152.0,143.0,163.0,-20.0,,9.0,634.0,-55.0,579.0,0.0,0.0,0.0,579.0,0.0,579.0,0.0,0.0,579.0,727.607552,148.607552,402.0,1.44,1.44,1.809969,406.0,1.43,1.43,1.796028,
06/30/2018,6078.0,6078.0,-3340.0,3340.0,2738.0,0.0,-1801.0,1542.0,242.0,,17.0,937.0,-131.0,139.0,170.0,-31.0,,-8.0,806.0,-54.0,752.0,0.0,0.0,0.0,752.0,0.0,752.0,0.0,0.0,752.0,775.098495,23.098495,403.0,1.87,1.87,1.923321,406.0,1.85,1.85,1.906893,
09/29/2018,5920.0,5920.0,-3305.0,3305.0,2615.0,0.0,-1703.0,1490.0,240.0,,-27.0,912.0,-102.0,121.0,162.0,-41.0,,-19.0,810.0,-101.0,709.0,0.0,0.0,0.0,709.0,0.0,709.0,0.0,0.0,709.0,731.622166,22.622166,402.0,1.76,1.76,1.819956,406.0,1.75,1.75,1.80572,
12/31/2018,6507.0,6507.0,-3458.0,3458.0,3049.0,0.0,-1901.0,1210.0,251.0,,440.0,1148.0,-136.0,127.0,172.0,-45.0,,9.0,1012.0,-114.0,898.0,0.0,0.0,0.0,898.0,0.0,898.0,0.0,0.0,898.0,990.516366,92.516366,402.0,2.23,2.23,2.463971,405.0,2.22,2.22,2.448435,
03/30/2019,6125.0,6125.0,-3418.0,3418.0,2707.0,0.0,-1787.0,1528.0,248.0,,11.0,920.0,-103.0,122.0,189.0,-67.0,,-19.0,817.0,-2.0,815.0,0.0,0.0,0.0,815.0,0.0,815.0,0.0,0.0,815.0,816.224792,1.224792,400.0,2.04,2.04,2.040562,403.0,2.02,2.02,2.023039,
06/29/2019,6316.0,6316.0,-3493.0,3493.0,2823.0,0.0,-1327.0,1565.0,246.0,,-484.0,1496.0,-103.0,121.0,181.0,-60.0,,-18.0,1393.0,-274.0,1119.0,0.0,0.0,0.0,1119.0,0.0,1119.0,0.0,0.0,1119.0,805.03,-313.97,400.0,2.8,2.8,2.012575,403.0,2.77,2.77,1.990918,
09/28/2019,6272.0,6272.0,-3509.0,3509.0,2763.0,0.0,-1817.0,1539.0,247.0,,31.0,946.0,-124.0,112.0,164.0,-52.0,,12.0,822.0,-62.0,760.0,0.0,0.0,0.0,760.0,0.0,760.0,0.0,0.0,760.0,831.372816,71.372816,401.0,1.89,1.89,2.073249,404.0,1.88,1.88,2.056665,
12/31/2019,6829.0,6829.0,-3670.0,3670.0,3159.0,0.0,-1927.0,1208.0,262.0,,457.0,1232.0,-194.0,97.0,142.0,-45.0,,97.0,1038.0,-36.0,1002.0,0.0,0.0,0.0,1002.0,0.0,1002.0,0.0,0.0,1002.0,1106.445596,104.445596,399.0,2.51,2.51,2.773047,402.0,2.49,2.49,2.749815,
03/28/2020,6230.0,6230.0,-3490.0,3490.0,2740.0,0.0,-1834.0,1551.0,245.0,,38.0,906.0,-78.0,90.0,126.0,-36.0,,-12.0,828.0,-40.0,788.0,0.0,0.0,0.0,788.0,0.0,788.0,0.0,0.0,788.0,841.13402,53.13402,397.0,1.99,1.99,2.118725,400.0,1.97,1.97,2.102835,
06/27/2020,6917.0,6917.0,-3540.0,3540.0,3377.0,0.0,-1986.0,1710.0,264.0,,12.0,1391.0,-138.0,129.0,137.0,-8.0,,9.0,1253.0,-97.0,1156.0,0.0,0.0,0.0,1156.0,0.0,1156.0,0.0,0.0,1156.0,1188.009277,32.009277,395.0,2.92,2.92,3.007618,398.0,2.9,2.9,2.980425,
09/30/2020,7516.588,,,,3697.48480308,,,,,,,1932.083,,,,,,,1857.75,,1261.25,,,,,,1261.25,,,1261.25,1674.0,,,3.214,3.214,4.163,,3.214,3.214,4.163,
12/31/2020,8007.647,,,,3895.80034197,,,,,,,2159.333,,,,,,,2102.833,,1451.25,,,,,,1451.25,,,1451.25,1891.231,,,3.727,3.727,4.646,,3.727,3.727,4.646,
