Date,Revenue,Sales & Services Revenue,Cost of Revenue,Cost of Goods & Services,Gross Profit,Other Operating Income,Operating Expenses,"Selling, General & Admin",Selling & Marketing,General & Administrative,Research & Development,Depreciation & Amortization,Other Operating Expense,Operating Income (Loss),Non-Operating (Income) Loss,"Interest Expense, Net",Interest Expense,Foreign Exch (Gain) Loss,Other Non-Op (Income) Loss,Pretax Income,Income Tax Expense (Benefit),Income (Loss) from Cont Ops,Net Extraordinary Losses (Gains),Discontinued Operations,XO & Accounting Changes,Income (Loss) Incl. MI,Minority Interest,"Net Income, GAAP",Preferred Dividends,Other Adjustments,"Net Income Avail to Common, GAAP","Net Income Avail to Common, Adj",Net Abnormal Losses (Gains),Basic Weighted Avg Shares,"Basic EPS, GAAP",Basic EPS from Cont Ops,"Basic EPS from Cont Ops, Adjusted",Diluted Weighted Avg Shares,"Diluted EPS, GAAP",Diluted EPS from Cont Ops,"Diluted EPS from Cont Ops, Adjusted",Source: Bloomberg
01/31/1997,6.132,,-2.976,,3.156,,-2.584,,,,,,,0.572,-0.285,,0.285,0.0,0.0,0.287,-0.015,0.272,0.0,,,0.272,0.0,0.272,-0.054,,0.218,0.218,,11.5065,0.02,0.02,0.02,11.5065,0.02,0.02,0.02,
04/30/1997,3.505,,-1.976,,1.529,,-1.862,,,,,,,-0.333,-0.201,,0.201,0.0,0.0,-0.534,-0.003,-0.537,0.0,,,-0.537,0.0,-0.537,-0.105,,-0.642,-0.642,,10.773,-0.073333,-0.073333,-0.073333,11.601,-0.066667,-0.066667,-0.066667,
07/31/1997,2.843,,-2.749,,0.094,,-1.485,,,,,,,-1.391,-0.129,,0.129,0.0,0.0,-1.52,0.0,-1.52,0.0,,,-1.52,0.0,-1.52,-0.002,,-1.522,-1.522,,13.1505,-0.113333,-0.113333,-0.113333,13.1505,-0.113333,-0.113333,-0.113333,
10/31/1997,81.196999,,-72.389,,8.807999,,-8.607,,,,,,,0.201,-1.231,,1.231,0.0,0.0,-1.03,0.0,-1.03,0.0,,,-1.03,0.0,-1.03,-0.647,,-1.677,-1.677,,15.45,-0.066667,-0.066667,-0.066667,15.45,-0.066667,-0.066667,-0.066667,
01/31/1998,51.405998,,-40.798,,10.607998,,-7.229,,,,,,,3.379,-1.548,,1.548,0.0,0.0,1.831,-0.008,1.823,0.0,,,1.823,0.0,1.823,0.0,,1.823,1.823,,19.887001,0.086667,0.08,0.08,25.309499,0.08,0.073333,0.073333,
04/30/1998,39.948002,,-29.847,,10.101002,,-8.271,,,,,,,1.83,-0.973,,0.973,0.0,0.0,0.857,-0.136,0.721,0.225,,,0.496,0.0,0.496,0.0,,0.496,0.496,,20.505,0.026667,0.033333,0.033333,24.6615,0.02,0.026667,0.026667,
07/31/1998,38.425999,,-28.17,,10.255999,,-8.855,,,,,,,1.4,-0.58,,0.58,0.0,0.0,0.82,-0.023,0.797,-0.063,,,0.86,0.0,0.86,0.0,,0.86,0.86,,21.858,0.04,0.039999,0.04,26.916,0.033333,0.033333,0.033333,
10/31/1998,64.272003,,-48.740002,,15.532001,,-11.452,,,,,,,4.08,-0.579,,0.579,0.0,0.0,3.501,0.501,4.002,0.0,,,4.002,0.0,4.002,-0.931,,3.071,3.071,,26.105999,0.153333,0.153333,0.153333,28.254001,0.14,0.14,0.14,
01/31/1999,68.280998,,-53.537998,,14.743,,-9.618,,,,,,,5.125,-0.817,,0.817,0.0,0.0,4.308,-1.413,2.895,0.0,,,2.895,0.0,2.895,0.0,,2.895,2.895,,27.318,0.106667,0.106667,0.113333,29.301001,0.1,0.1,0.106667,
04/30/1999,52.165332,,-36.085017,,16.080315,0.0,-12.688656,11.496645,5.328266,,,,1.192011,3.391659,-0.840457,,0.782953,,0.057504,2.551202,-0.99003,1.561172,,,,1.561172,,1.561172,,0.0,1.561172,1.561172,,28.728564,0.053333,0.053333,0.053333,31.12668,0.053333,0.053333,0.053333,
07/31/1999,63.562,,-43.931,,19.631001,,-15.422,,,,,,,4.209,-0.343,,0.454,0.0,-0.111,3.866,-1.158,2.708,0.0,,,2.708,0.0,2.708,0.0,,2.708,2.708,,33.6615,0.08,0.08,0.08,34.939499,0.08,0.08,0.08,
10/31/1999,121.924004,,-81.568001,,40.356003,,-25.576,,,,,,,14.78,-1.079,,0.856,0.0,0.223,13.701,-4.533,9.168,0.0,,,9.168,0.0,9.168,0.0,,9.168,9.168,,35.7135,0.26,0.26,0.26,35.7135,0.26,0.26,0.26,
01/31/2000,120.695,,-85.403,,35.292,,-27.599001,,,,,,,7.693,-1.662,,1.506,0.0,0.156,6.031,-2.065,3.966,0.0,,,3.966,0.0,3.966,0.0,0.0,3.966,3.966,,34.798499,0.113333,0.113333,0.113333,36.717001,0.106667,0.106667,0.106667,
04/30/2000,69.75,,-40.643002,,29.106998,,-21.645,,,,,,,7.462,-20.316999,,1.375,0.0,18.941999,-12.855,4.396,-8.459,0.0,,,-8.459,0.0,-8.459,0.0,0.0,-8.459,-8.459,,38.548499,-0.22,-0.22,0.093333,40.2285,-0.22,-0.22,0.093333,
07/31/2000,66.142998,,-37.313,,28.829998,,-23.077,,,,,,,5.753,-2.739,,1.636,0.0,1.103,3.014,-0.792,2.222,0.0,,,2.222,0.0,2.222,0.0,0.0,2.222,2.222,,43.591501,0.053333,0.053333,0.066667,44.8185,0.046667,0.046667,0.06,
10/31/2000,122.607905,,-79.64133,,42.966575,0.0,-20.747507,17.318919,8.611437,,,,3.428588,22.219068,-1.837922,1.552115,,,0.285807,20.381146,-7.007853,13.373293,,,,13.373293,,13.373293,0.0,0.0,13.373293,13.373293,,48.237694,0.28,0.28,0.282074,48.237694,0.28,0.28,0.282074,
01/31/2001,157.591003,,-104.260002,,53.331001,,-26.885,,,,,,,26.445999,-2.93,,2.93,0.0,0.0,23.515999,-9.947,13.569,5.337,,,8.231999,0.0,8.232,0.0,0.0,8.232,8.232,,48.5205,0.166667,0.273333,0.273333,49.438499,0.166667,0.273333,0.273333,
04/30/2001,88.179001,,-57.396,,30.783001,,-25.823,,,,,,,4.96,-23.109,,2.355,0.0,20.754,-18.149,6.682,-11.467,0.0,,,-11.467,0.0,-11.467,0.0,0.0,-11.467,-11.467,,48.961498,-0.233333,-0.233333,0.08,50.419498,-0.233333,-0.233333,0.08,
07/31/2001,81.327003,,-49.612,,31.715004,,-28.608,,,,,,,3.107,-1.313,,1.964,0.0,-0.651,1.794,-0.511,1.283,1.948,,,-0.665,0.0,-0.665,0.0,0.0,-0.665,-0.665,,51.439499,-0.013333,0.026667,0.02,53.653502,-0.013333,0.02,0.013333,
10/31/2001,121.704002,,-94.996002,,26.708,,-35.380001,,,,,,,-8.672,-1.984,,1.261,0.0,0.723,-10.656,5.976,-4.68,0.0,,,-4.68,0.0,-4.68,0.0,0.0,-4.68,-4.68,,54.7815,-0.086667,-0.086667,-0.08,54.7815,-0.086667,-0.086667,-0.08,
01/31/2002,282.925995,,-179.464996,,103.460999,,-45.216999,,,,,,,58.243999,-0.847,,0.974,0.0,-0.127,57.397,-22.568001,34.828999,0.0,,,34.828999,0.0,34.828999,0.0,0.0,34.828999,34.828999,,55.085999,0.633333,0.633333,0.633333,56.844,0.613333,0.613333,0.613333,
04/30/2002,170.330002,,-107.032997,,63.297005,,-45.542,,,,,,,17.754999,-1.489,,,0.0,1.489,16.265999,-6.629,9.637,0.0,,,9.636999,0.0,9.637,0.0,0.0,9.637,9.637,,55.585499,0.173333,0.173333,0.186667,58.152002,0.166667,0.166667,0.18,
07/31/2002,122.460999,,-76.936996,,45.524002,,-37.654999,,,,,,,7.869,0.299,,0.0,0.0,-0.299,8.168,-3.402,4.766,0.0,,,4.766,0.0,4.766,0.0,0.0,4.766,4.766,,58.057503,0.08,0.08,0.08,60.346498,0.08,0.08,0.08,
10/31/2002,218.259003,,-135.223007,,83.035995,,-44.188999,,,,,,,38.847,0.27,,,0.0,-0.27,39.117,-16.784,22.333,0.0,,,22.333,0.0,22.333,0.0,0.0,22.333,22.333,,59.820002,0.373333,0.373333,0.373333,62.188499,0.36,0.36,0.36,
01/31/2003,411.007996,,-244.667007,,166.340988,,-78.989998,,,,,,,87.350998,-0.757,,,0.0,0.757,86.593998,-35.058998,51.535,0.0,,,51.535,0.0,51.535,0.0,0.0,51.535,51.535,,61.178999,0.84,0.84,0.88,63.302999,0.813333,0.813333,0.853333,
04/30/2003,193.022995,,-121.540001,,71.482994,,-47.389,,,,,,,24.094,0.743,,,0.0,-0.743,24.837,-10.214,14.623,0.0,,,14.623,0.0,14.623,0.0,0.0,14.623,14.623,,61.893002,0.233333,0.233333,0.233333,63.421497,0.233333,0.233333,0.233333,
07/31/2003,152.054993,,-93.536003,,58.51899,,-49.358002,,,,,,,9.161,0.625,,0.0,0.0,-0.625,9.786,-4.09,5.696,0.0,,,5.696,0.0,5.696,0.0,0.0,5.696,5.696,,63.398998,0.086667,0.086667,0.086667,65.322001,0.086667,0.086667,0.086667,
10/31/2003,277.606995,,-177.229996,,100.376999,,-57.390999,,,,,,,42.986,-0.46,,,0.0,0.46,42.526,-16.261999,26.264,0.0,,,26.264001,0.0,26.264,0.0,0.0,26.264,26.264,,67.330502,0.4,0.4,0.4,67.330502,0.386667,0.386667,0.386667,
01/31/2004,375.511993,,-248.358002,,127.153992,,-77.115997,,,,,,,50.037998,0.426,,0.0,0.0,-0.426,50.463998,-18.705999,31.757999,0.0,,,31.757999,0.0,31.757999,0.0,0.0,31.757999,31.757999,,66.579002,0.48,0.48,0.48,68.131502,0.466667,0.466667,0.466667,
04/30/2004,153.367996,,-119.162003,,34.205994,,-58.459,,,,,,,-24.253,0.648,,0.0,0.0,-0.648,-23.605,9.029,-14.576,0.0,,,-14.576,0.0,-14.576,0.0,0.0,-14.576,-14.576,,66.891003,-0.22,-0.22,-0.22,66.891003,-0.22,-0.22,-0.22,
07/31/2004,160.858002,,-117.998001,,42.860001,,-64.218002,,,,,,,-21.358,0.53,,0.0,0.0,-0.53,-20.828,6.393,-14.435,0.0,,,-14.435,0.0,-14.435,0.0,0.0,-14.435,-14.435,,67.26,-0.213333,-0.213333,-0.213333,67.26,-0.213333,-0.213333,-0.213333,
10/31/2004,438.013,,-264.161987,,173.851013,,-76.143997,,,,,,,97.707001,-7.128,,0.0,0.0,7.128,90.579001,-27.948,62.631001,0.0,,,62.631001,0.0,62.631001,0.0,0.0,62.631001,62.631001,,67.651503,0.926667,0.926667,1.04,69.120003,0.906667,0.906667,1.013333,
01/31/2005,502.473999,,-321.898987,,180.575012,,-107.820999,,,,,,,72.753998,0.54,-0.54,0.0,0.0,0.0,73.293998,-18.045,55.249001,0.0,,,55.248998,0.0,55.249001,0.0,0.0,55.249001,55.249001,,68.529001,0.806667,0.806667,0.806667,69.773998,0.793333,0.793333,0.793333,
04/30/2005,222.067993,,-150.222,,71.845993,,-83.866997,,,,,,,-12.021,1.164,-1.164,0.0,0.0,0.0,-10.857,2.671,-8.186,0.0,,,-8.186,0.0,-8.186,0.0,0.0,-8.186,-8.186,,70.112,-0.12,-0.12,-0.12,70.112,-0.12,-0.12,-0.12,
07/31/2005,169.899,,-118.133,,51.766,,-94.466,64.83,32.449,,,,29.636,-42.7,1.258,-1.258,,,0.0,-41.442,12.466,-28.976,,,,-28.976,,-28.976,,,-28.976,-28.976,,70.556,-0.41,-0.41,-0.41,70.556,-0.41,-0.41,-0.41,
10/31/2005,306.779,,-192.078,,114.701,,-92.869,,,,,,,21.832,0.746,,0.0,0.0,-0.746,22.578,-3.717,18.861,0.0,,,18.861,0.0,18.861,0.0,0.0,18.861,18.861,,70.158,0.27,0.27,0.27,70.744,0.27,0.27,0.27,
01/31/2006,264.980988,,-209.313995,,55.666992,,-104.457001,,,,,,,-48.790001,0.253,-0.253,0.0,0.0,0.0,-48.537001,19.415001,-29.122,0.0,,,-29.122,0.0,-29.122,0.0,0.0,-29.122,-29.122,,71.429001,-0.41,-0.41,-0.41,71.429001,-0.41,-0.41,-0.41,
04/30/2006,265.122009,,-213.222,,51.900009,,-129.067993,,,,,,,-77.167999,0.004,-0.004,0.0,0.0,0.0,-77.163999,26.791,-50.373001,0.0,,,-50.372999,0.0,-50.373001,0.0,0.0,-50.373001,-50.373001,,70.978996,-0.71,-0.71,-0.47,70.978996,-0.71,-0.71,-0.47,
07/31/2006,241.181,,-171.688004,,69.492996,,-107.907997,,,,,,,-38.415001,-7.33,-1.199,0.0,0.0,8.529,-45.745001,-45.633999,-91.378998,0.0,,,-91.379,0.0,-91.378998,0.0,0.0,-91.378998,-91.378998,,71.095001,-1.29,-1.29,-1.17,71.095001,-1.29,-1.29,-1.17,
10/31/2006,266.556,,-184.757,,81.799,,-95.233,,,,,,,-13.434,0.398,-1.228,0.0,0.0,0.83,-13.036,-0.979,-14.015,0.0,,,-14.015,0.0,-14.015,0.0,0.0,-14.015,-14.015,,71.199,-0.2,-0.2,-0.13,71.199,-0.2,-0.2,-0.13,
01/31/2007,277.339996,,-204.225006,,73.11499,,-94.448997,,,,,,,-21.334,0.862,-0.862,0.0,0.0,0.0,-20.472,-1.076,-21.548,0.0,,,-21.548,0.0,-21.548,0.0,0.0,-21.548,-21.548,,71.360001,-0.3,-0.3,-0.125,71.360001,-0.3,-0.3,-0.125,
04/30/2007,205.436,,-105.679,,99.757,,-141.545,,,,,,,-41.788,-7.94,-1.022,0.0,0.0,8.962,-49.728,-1.521,-51.249,0.0,,,-51.249,0.0,-51.249,0.0,0.0,-51.249,-51.249,,71.736,-0.71,-0.71,-0.59,71.736,-0.71,-0.71,-0.59,
07/31/2007,206.415,,-168.279,,38.136,,-88.142,,,,,,,-50.006,-6.352,-0.748,0.0,0.0,7.1,-56.358,-2.188,-58.546,0.0,,,-58.546,0.0,-58.546,0.0,0.0,-58.546,-58.546,,72.075,-0.81,-0.81,-0.71,72.075,-0.81,-0.81,-0.71,
10/31/2007,292.6,,-202.948,,89.652,,-86.516,,,,,,,3.136,-4.793,0.324,,0.0,4.469,-1.657,-5.406,-7.063,0.0,,,-7.063,0.0,-7.063,0.0,0.0,-7.063,-7.063,,72.321,-0.1,-0.1,-0.02,72.321,-0.1,-0.1,-0.02,
01/31/2008,240.442,,-186.008,,54.434,,-87.35,,,,,,,-32.916,-0.314,0.152,,0.0,0.162,-33.23,-4.767,-37.997,0.0,,,-37.997,0.0,-37.997,0.0,0.0,-37.997,-37.997,,73.148,-0.52,-0.52,-0.5,73.148,-0.52,-0.52,-0.5,
04/30/2008,539.81,,-318.259,,221.551,,-117.494,,,,,,,104.057,-1.774,0.83,,0.0,0.944,102.283,-4.061,98.222,0.0,,,98.222,0.0,98.222,0.0,0.0,98.222,98.222,,75.098,1.31,1.31,1.37,75.954,1.29,1.29,1.35,
07/31/2008,433.836,,-259.656,,174.18,,-113.366,,,,,,,60.814,-0.897,-0.874,,0.0,1.771,59.917,-8.091,51.826,0.0,,,51.826,0.0,51.826,0.0,0.0,51.826,51.826,,75.866,0.68,0.68,0.78,76.975,0.67,0.67,0.77,
10/31/2008,323.441986,,-224.772003,,98.669983,,-111.051003,,,,,,,-12.381,-4.446,2.845,0.0,0.0,1.601,-16.827,1.873,-14.954,0.0,,,-14.954,0.0,-14.954,0.0,0.0,-14.954,-14.954,,76.045998,-0.2,-0.2,-0.11,76.045998,-0.2,-0.2,-0.11,
01/31/2009,149.351,149.351,-102.717,102.717,46.634,0.0,-102.851,77.126,38.671,38.455,20.943,4.782,0.0,-56.217,2.388,,,-3.9,1.512,-53.829,-0.019,-53.848,-3.46,-3.46,0.0,-50.388,0.0,-50.388,0.0,0.0,-50.388,-48.989,4.859,76.102,-0.66,-0.71,-0.643728,76.102,-0.66,-0.71,-0.646151,
04/30/2009,174.25,174.25,-109.877,109.877,64.373,0.0,-78.725,59.469,29.572,29.897,14.759,4.497,0.0,-14.352,-1.513,,,0.1,1.413,-15.865,5.454,-10.411,-0.331,-0.331,0.0,-10.08,0.0,-10.08,0.0,0.0,-10.08,-8.565,1.846,76.587,-0.13,-0.13,-0.111834,76.587,-0.13,-0.13,-0.111834,
07/31/2009,94.929,94.929,-76.939,76.939,17.99,0.0,-70.584,52.48,23.686,28.794,13.886,4.218,0.0,-52.594,-4.16,,,1.3,2.86,-56.754,-1.563,-58.317,-1.852,-1.852,0.0,-56.465,0.0,-56.465,0.0,0.0,-56.465,-57.896,0.421,76.994,-0.73,-0.76,-0.751955,76.994,-0.73,-0.76,-0.754532,
10/31/2009,343.392,343.392,-240.413,240.413,102.979,0.0,-119.047,85.852,51.471,34.381,14.159,4.282,14.754,-16.068,-0.885,,,-1.2,2.085,-16.953,-5.036,-21.989,0.0,0.0,0.0,-21.989,0.0,-21.989,0.0,0.0,-21.989,-7.137,14.852,77.569,-0.28,-0.28,-0.092008,77.569,-0.28,-0.28,-0.092008,
01/31/2010,163.238,163.238,-100.358,100.358,62.88,0.0,-89.403,69.789,41.094,28.695,15.455,4.159,0.0,-26.523,-4.813,,,0.9,3.913,-31.336,-2.486,-33.822,0.052,0.052,0.0,-33.874,0.0,-33.874,0.0,0.0,-33.874,-33.14,0.682,78.139,-0.43,-0.43,-0.424116,78.139,-0.43,-0.43,-0.424116,
04/30/2010,268.002,268.002,-156.779,156.779,111.223,0.0,-84.585,68.045,43.476,24.569,12.908,3.632,0.0,26.638,-7.764,,,0.4,7.364,18.874,-1.958,16.916,0.158,0.158,0.0,16.758,0.0,16.758,0.0,0.0,16.758,16.276,-0.64,78.805,0.2,0.2,0.206535,78.805,0.2,0.2,0.191879,
07/31/2010,354.076,354.076,-240.259,240.259,113.817,0.0,-93.132,71.492,46.706,24.786,17.582,4.058,0.0,20.685,-4.458,,,0.7,3.758,16.227,-3.848,12.379,6.459,6.459,0.0,5.92,0.0,5.92,0.0,0.0,5.92,13.566,1.187,79.36,0.07,0.14,0.170943,79.36,0.07,0.14,0.154957,
10/31/2010,373.701,373.701,-206.051,206.051,167.65,0.0,-108.206,87.743,60.071,27.672,16.669,3.794,0.0,59.444,-0.848,,,,0.848,58.596,-4.388,54.208,0.419,0.419,0.0,53.789,0.0,53.789,0.0,0.0,53.789,54.82,0.612,85.534,0.63,0.63,0.640915,98.461,0.58,0.58,0.586216,
12/31/2010,334.259,334.259,-188.65,188.65,145.609,0.0,-96.927,75.353,47.861,27.492,18.073,3.501,0.0,48.682,-4.013,,,,4.013,44.669,-3.849,40.82,-0.039,-0.039,0.0,40.859,0.0,40.859,0.0,-2.641,38.218,38.602,0.423,80.743,0.47,0.47,0.478085,93.682,0.45,0.45,0.454515,
03/31/2011,182.255,182.255,-120.043,120.043,62.212,0.0,-82.172,61.196,32.026,29.17,17.248,3.728,0.0,-19.96,-3.124,,,2.486,0.638,-23.084,0.668,-22.416,-0.362,-0.362,0.0,-22.054,0.0,-22.054,0.0,0.0,-22.054,-21.961,0.455,81.96,-0.27,-0.27,-0.267948,81.96,-0.27,-0.27,-0.267948,
06/30/2011,334.38,334.38,-211.219,211.219,123.161,0.0,-125.024,105.26,74.683,30.577,16.519,3.245,0.0,-1.863,-3.68,,,-0.3,3.98,-5.543,-3.076,-8.619,0.094,0.094,0.0,-8.713,0.0,-8.713,0.0,0.0,-8.713,-8.443,0.176,82.505,-0.11,-0.11,-0.102333,82.505,-0.11,-0.11,-0.107867,
09/30/2011,107.034,107.034,-74.703,74.703,32.331,0.0,-73.84,54.558,28.773,25.785,15.998,3.284,0.0,-41.509,-4.333,,,0.3,4.033,-45.842,-1.419,-47.261,0.11,0.11,0.0,-47.371,0.0,-47.371,0.0,0.0,-47.371,-46.493,0.768,82.94,-0.57,-0.57,-0.560562,82.94,-0.57,-0.57,-0.56074,
12/31/2011,236.325,236.325,-126.467,126.467,109.858,0.0,-89.61,69.933,40.228,29.705,16.823,2.854,0.0,20.248,-6.19,,,0.9,5.29,14.058,0.127,14.185,0.081,0.081,0.0,14.104,0.0,14.104,0.0,0.0,14.104,14.452,0.267,83.565,0.16,0.16,0.172943,83.565,0.16,0.16,0.163195,
03/31/2012,148.084,148.084,-116.466,116.466,31.618,0.0,-92.76,75.198,40.065,35.133,14.822,2.74,0.0,-61.142,-5.368,,,0.4,4.968,-66.51,0.505,-66.005,0.831,0.831,0.0,-66.836,0.0,-66.836,0.0,0.0,-66.836,-66.005,0.0,84.415,-0.79,-0.78,-0.78,84.415,-0.79,-0.78,-0.78,
06/30/2012,226.139,226.139,-186.731,186.731,39.408,0.0,-140.29,122.209,79.007,43.202,15.312,2.769,0.0,-100.882,-8.049,,,0.6,7.449,-108.931,-1.841,-110.772,0.066,0.066,0.0,-110.838,0.0,-110.838,0.0,0.0,-110.838,-110.772,0.0,85.01,-1.3,-1.3,-1.3,85.01,-1.3,-1.3,-1.3,
09/30/2012,273.084,273.084,-158.487,158.487,114.597,0.0,-118.53,96.66,65.851,30.809,19.32,2.55,0.0,-3.933,-7.419,,,-0.2,7.619,-11.352,-1.085,-12.437,0.054,0.054,0.0,-12.491,0.0,-12.491,0.0,0.0,-12.491,-12.063,0.374,85.396,-0.15,-0.15,-0.14126,85.396,-0.15,-0.15,-0.14562,
12/31/2012,415.773,415.773,-216.299,216.299,199.474,0.0,-118.482,93.604,60.724,32.88,22.369,2.509,0.0,80.992,-8.094,,,0.3,7.794,72.898,-2.021,70.877,-0.488,-0.488,0.0,71.365,0.0,71.365,0.0,0.0,71.365,71.261,0.384,93.338,0.76,0.76,0.763473,111.763,0.66,0.66,0.663436,
03/31/2013,299.487,299.487,-154.32,154.32,145.167,0.0,-116.105,92.116,51.747,40.369,21.183,2.806,0.0,29.062,-7.789,,,0.1,7.689,21.273,-0.103,21.17,-1.303,-1.303,0.0,22.473,0.0,22.473,0.0,0.0,22.473,21.286,0.116,93.698,0.24,0.23,0.227177,93.698,0.24,0.23,0.227177,
06/30/2013,142.667,142.667,-93.842,93.842,48.825,0.0,-98.389,74.461,41.601,32.86,20.871,3.057,0.0,-49.564,-11.233,,,0.7,10.533,-60.797,-1.087,-61.884,0.03,0.03,0.0,-61.914,0.0,-61.914,0.0,0.0,-61.914,-60.64185,1.24215,86.992,-0.71,-0.71,-0.697097,86.992,-0.71,-0.71,-0.697097,
09/30/2013,148.824,148.824,-92.463,92.463,56.361,0.0,-174.252,144.365,101.342,43.023,26.52,3.367,0.0,-117.891,-14.389,,,0.5,13.889,-132.28,8.185,-124.095,0.025,0.025,0.0,-124.12,0.0,-124.12,0.0,0.0,-124.12,-118.3608,5.7342,88.822,-1.4,-1.4,-1.332562,88.822,-1.4,-1.4,-1.335442,
12/31/2013,1863.869,1863.869,-1119.734,1119.734,744.135,0.0,-137.84,105.194,70.476,34.718,29.233,3.413,0.0,606.295,-5.949,,,-1.6,7.549,600.346,-21.902,578.444,0.018,0.018,0.0,578.426,0.0,578.426,0.0,-77.857,500.569,502.305,1.718,85.06,5.88,5.88,5.905302,111.812,4.69,4.69,4.705365,
03/31/2014,195.208,195.208,-108.288,108.288,86.92,0.0,-110.504,78.35,27.577,50.773,28.632,3.522,0.0,-23.584,-7.535,,,0.2,7.335,-31.119,0.345,-30.774,0.013,0.013,0.0,-30.787,0.0,-30.787,0.0,0.0,-30.787,-28.214,2.56,77.0,-0.4,-0.4,-0.366416,77.0,-0.4,-0.4,-0.366753,
06/30/2014,125.425,125.425,-54.156,54.156,71.269,0.0,-104.478,76.198,36.846,39.352,24.132,4.148,0.0,-33.209,-7.719,,,0.1,7.619,-40.928,5.525,-35.403,0.0,0.0,0.0,-35.403,0.0,-35.403,0.0,0.0,-35.403,-35.247,0.156,79.369,-0.45,-0.45,-0.44409,79.369,-0.45,-0.45,-0.448034,
09/30/2014,126.277,126.277,-52.016,52.016,74.261,0.0,-122.774,93.111,49.136,43.975,24.533,5.13,0.0,-48.513,11.464,,,0.1,-11.564,-37.049,-4.32,-41.369,0.0,0.0,0.0,-41.369,0.0,-41.369,0.0,0.0,-41.369,-52.309,-10.94,80.355,-0.51,-0.51,-0.650974,80.355,-0.51,-0.51,-0.650974,
12/31/2014,531.147,531.147,-278.013,278.013,253.134,0.0,-187.522,150.456,96.892,53.564,31.221,5.845,0.0,65.612,-10.958,,,2.1,8.858,54.654,-14.561,40.093,0.0,0.0,0.0,40.093,0.0,40.093,0.0,-3.127,36.966,37.907,0.941,80.659,0.46,0.46,0.469966,107.114,0.42,0.42,0.428785,
03/31/2015,300.089,300.089,-410.682,410.682,-110.593,0.0,-131.76,90.669,52.467,38.202,35.157,5.934,0.0,-242.353,-7.204,,,-0.2,7.404,-249.557,6.766,-242.791,0.0,0.0,0.0,-242.791,0.0,-242.791,0.0,0.0,-242.791,-242.526,0.265,81.085,-2.99,-2.99,-2.991009,81.085,-2.99,-2.99,-2.991009,
06/30/2015,275.297,275.297,-202.615,202.615,72.682,0.0,-135.319,94.602,45.567,49.035,34.142,6.575,0.0,-62.637,-7.534,,,0.2,7.334,-70.171,3.148,-67.023,0.0,0.0,0.0,-67.023,0.0,-67.023,0.0,0.0,-67.023,-65.1385,1.8845,82.833,-0.81,-0.81,-0.786383,82.833,-0.81,-0.81,-0.787249,
09/30/2015,346.974,346.974,-143.94,143.94,203.034,0.0,-136.603,104.837,54.876,49.961,24.413,7.353,0.0,66.431,-8.396,,,0.9,7.496,58.035,-3.3,54.735,0.0,0.0,0.0,54.735,0.0,54.735,0.0,-2.32,52.415,52.68995,0.27495,83.849,0.63,0.63,0.628391,110.304,0.55,0.55,0.552493,
12/31/2015,414.221,414.221,-257.861,257.861,156.36,0.0,-215.557,108.907,59.846,49.061,27.944,7.534,71.172,-59.197,-8.018,,,0.7,7.318,-67.215,24.802,-42.413,0.0,0.0,0.0,-42.413,0.0,-42.413,0.0,0.0,-42.413,3.8488,46.2618,83.426,-0.51,-0.51,0.046134,83.426,-0.51,-0.51,0.044525,
03/31/2016,377.206,377.206,-209.457,209.457,167.749,0.0,-123.174,82.415,38.02,44.395,33.308,7.338,0.113,44.575,-3.574,,,-0.393,3.967,41.001,5.398,46.399,0.0,0.0,0.0,46.399,0.0,46.399,0.0,0.0,46.399,44.074,-2.325,86.375,0.54,0.54,0.510263,114.496,0.48,0.48,0.459694,
06/30/2016,311.552,311.552,-191.38,191.38,120.172,0.0,-159.155,117.877,71.134,46.743,33.9,7.378,0.0,-38.983,-3.156,,,2.3,0.856,-42.139,3.572,-38.567,0.0,0.0,0.0,-38.567,0.0,-38.567,0.0,0.0,-38.567,-45.95575,-7.38875,84.588,-0.46,-0.46,-0.543289,84.588,-0.46,-0.46,-0.54735,
09/30/2016,420.167,420.167,-205.605,205.605,214.562,0.0,-167.368,129.872,80.187,49.685,30.005,7.491,0.0,47.194,-7.078,,,27.927,-20.849,40.116,-3.684,36.432,0.0,0.0,0.0,36.432,0.0,36.432,0.0,0.745,37.177,18.99715,-18.17985,87.176,0.42,0.42,0.217917,115.202,0.39,0.39,0.217917,
12/31/2016,476.473,476.473,-311.074,311.074,165.399,0.0,-193.808,148.759,95.82,52.939,37.589,7.46,0.0,-28.409,-3.715,,,1.1,2.615,-32.124,2.282,-29.842,0.0,0.0,0.0,-29.842,0.0,-29.842,0.0,0.0,-29.842,-122.46245,-92.62045,90.428,-0.33,-0.33,-1.354254,90.428,-0.33,-0.33,-1.354254,
03/31/2017,571.556,571.556,-314.9,314.9,256.656,0.0,-145.153,100.354,38.312,62.042,36.421,8.378,0.0,111.503,-0.392,,,,0.392,111.111,-11.831,99.28,0.0,0.0,0.0,99.28,0.0,99.28,0.0,-1.37,97.91,129.48895,31.57895,100.49,0.97,0.97,1.288575,115.839,0.89,0.89,1.162611,
06/30/2017,418.216,418.216,-194.569,194.569,223.647,0.0,-173.428,112.817,52.214,60.603,42.269,7.743,10.599,50.219,-2.808,,,1.1,1.708,47.411,12.865,60.276,0.0,0.0,0.0,60.276,0.0,60.276,0.0,-1.11,59.166,85.0477,25.8817,105.494,0.57,0.57,0.806185,117.753,0.56,0.56,0.779797,
09/30/2017,443.562,443.562,-246.548,246.548,197.014,0.0,-208.333,137.738,76.914,60.824,49.999,18.883,1.713,-11.319,-2.969,,,0.6,2.369,-14.288,11.552,-2.736,0.0,0.0,0.0,-2.736,0.0,-2.736,0.0,0.0,-2.736,-68.0909,-65.3549,109.43,-0.03,-0.03,-0.622232,109.43,-0.03,-0.03,-0.62723,
12/31/2017,480.84,480.84,-267.983,267.983,212.857,0.0,-204.005,145.464,79.513,65.951,49.977,7.864,0.7,8.852,3.374,,,0.4,-3.774,12.226,12.914,25.14,0.0,0.0,0.0,25.14,0.0,25.14,0.0,-0.121,25.019,-51.1339,-76.1529,113.991,0.22,0.22,-0.448578,117.639,0.21,0.21,-0.448578,
03/31/2018,450.274,450.274,-189.211,189.211,261.063,0.0,-173.238,107.901,47.451,60.45,54.128,9.479,1.73,87.825,3.451,,,0.0,-3.451,91.276,-0.423,90.853,0.0,0.0,0.0,90.853,0.0,90.853,0.0,-0.16,90.693,103.24136,12.54836,113.33,0.8,0.8,0.91098,118.675,0.77,0.77,0.875737,
06/30/2018,387.982,387.982,-131.365,131.365,256.617,0.0,-185.771,126.041,58.306,67.735,50.712,9.26,-0.242,70.846,6.601,,,1.5,-8.101,77.447,-5.754,71.693,0.0,0.0,0.0,71.693,0.0,71.693,0.0,0.0,71.693,143.73705,72.04405,112.941,0.63,0.63,1.272674,115.985,0.62,0.62,1.24115,
09/30/2018,492.667,492.667,-234.88,234.88,257.787,0.0,-231.801,161.485,94.165,67.32,60.565,9.751,0.0,25.986,4.975,,,0.9,-5.875,30.961,-5.594,25.367,0.0,0.0,0.0,25.367,0.0,25.367,0.0,0.0,25.367,-41.88728,-67.25428,113.735,0.22,0.22,-0.368288,116.095,0.22,0.22,-0.368288,
12/31/2018,1248.738,1248.738,-898.484,898.484,350.254,0.0,-298.475,231.96,161.322,70.638,62.305,10.14,-5.93,51.779,8.071,,,-2.2,-5.871,59.85,120.098,179.948,0.0,0.0,0.0,179.948,0.0,179.948,0.0,0.0,179.948,-2.79638,-182.74438,113.433,1.59,1.59,-0.024652,114.737,1.57,1.57,-0.024652,
03/31/2019,539.007,539.007,-258.915,258.915,280.092,0.0,-222.031,153.148,77.607,75.541,56.588,11.081,1.214,58.061,6.466,,,0.0,-6.466,64.527,-7.698,56.829,0.0,0.0,0.0,56.829,0.0,56.829,0.0,0.0,56.829,83.85016,27.02116,112.614,0.5,0.5,0.74458,113.939,0.5,0.5,0.737155,
06/30/2019,540.459,540.459,-241.469,241.469,298.99,0.0,-247.26,166.654,91.821,74.833,68.963,11.257,0.386,51.73,10.425,,,1.0,-11.425,62.155,-15.875,46.28,0.0,0.0,0.0,46.28,0.0,46.28,0.0,0.0,46.28,116.85465,70.57465,112.621,0.41,0.41,1.037592,113.728,0.41,0.41,1.030557,
09/30/2019,857.841,857.841,-468.248,468.248,389.593,0.0,-314.773,226.225,149.566,76.659,76.197,12.024,0.327,74.82,8.054,,,2.7,-10.754,82.874,-11.059,71.815,0.0,0.0,0.0,71.815,0.0,71.815,0.0,0.0,71.815,-22.38381,-94.19881,113.117,0.63,0.63,-0.197882,114.077,0.63,0.63,-0.197882,
12/31/2019,930.129,930.129,-437.093,437.093,493.036,0.0,-316.203,221.599,137.068,84.531,82.52,12.33,-0.246,176.833,11.943,,,1.0,-12.943,188.776,-25.134,163.642,0.0,0.0,0.0,163.642,0.0,163.642,0.0,0.0,163.642,188.70396,25.06196,113.251,1.44,1.44,1.666245,114.254,1.43,1.43,1.649353,
03/31/2020,760.541,760.541,-395.64,395.64,364.901,0.0,-243.017,162.181,79.969,82.212,68.718,12.502,-0.384,121.884,2.75,,,1.889,-4.639,124.634,-1.912,122.722,0.0,0.0,0.0,122.722,0.0,122.722,0.0,0.0,122.722,134.82875,12.10675,113.394,1.08,1.08,1.189029,114.4,1.07,1.07,1.175828,
06/30/2020,831.31,831.31,-476.689,476.689,354.621,0.0,-272.478,186.952,84.779,102.173,73.108,12.418,0.0,82.143,8.218,,,,-8.218,90.361,-1.856,88.505,0.0,0.0,0.0,88.505,0.0,88.505,0.0,0.0,88.505,-42.76298,-131.26798,113.862,0.78,0.78,-0.375568,114.956,0.77,0.77,-0.375568,
09/30/2020,850.842,,,,472.16625948,,,,,,,,,187.8,,,,,,189.615,,113.488,,,,,,113.488,,,113.488,162.313,,,1.015,1.015,1.447,,1.015,1.015,1.447,
12/31/2020,654.105,,,,374.69096715,,,,,,,,,95.82,,,,,,98.262,,115.863,,,,,,115.863,,,115.863,77.056,,,0.966,0.966,0.651,,0.966,0.966,0.651,
