Date,Revenue,Sales & Services Revenue,Financing Revenue,Cost of Revenue,Cost of Goods & Services,Gross Profit,Other Operating Income,Operating Expenses,"Selling, General & Admin",Other Operating Expense,Operating Income (Loss),Non-Operating (Income) Loss,"Interest Expense, Net",Interest Expense,Interest Income,Other Investment (Inc) Loss,Foreign Exch (Gain) Loss,(Income) Loss from Affiliates,Other Non-Op (Income) Loss,Pretax Income,Income Tax Expense (Benefit),Income (Loss) from Cont Ops,Net Extraordinary Losses (Gains),Discontinued Operations,XO & Accounting Changes,Income (Loss) Incl. MI,Minority Interest,"Net Income, GAAP",Preferred Dividends,Other Adjustments,"Net Income Avail to Common, GAAP","Net Income Avail to Common, Adj",Net Abnormal Losses (Gains),Basic Weighted Avg Shares,"Basic EPS, GAAP",Basic EPS from Cont Ops,"Basic EPS from Cont Ops, Adjusted",Diluted Weighted Avg Shares,"Diluted EPS, GAAP",Diluted EPS from Cont Ops,"Diluted EPS from Cont Ops, Adjusted",Source: Bloomberg
03/31/1990,1883.400024,,,-1314.199951,,569.200073,,-398.899994,,,170.300003,-64.699997,,65.199997,,,0.0,,-0.5,105.600006,-39.400002,66.199997,0.0,,,66.200005,0.0,66.199997,-0.3,,65.899997,65.899997,,362.496002,0.1825,0.1825,,362.496002,0.1825,0.1825,0.1825,
06/30/1990,1988.199951,,,-1398.0,,590.199951,,-407.600006,,,182.600006,-66.199998,,67.099998,,,0.0,,-0.9,116.400008,-44.299999,72.099998,0.0,,,72.100008,0.0,72.099998,-0.3,,71.799998,71.799998,,360.003998,0.2,0.2,,360.003998,0.2,0.2,0.2,
09/29/1990,1898.900024,,,-1325.800049,,573.099976,,-402.399994,,,170.699997,-63.799997,,64.199997,,,0.0,,-0.4,106.9,-40.299999,66.599998,0.0,,,66.600001,0.0,66.599998,-0.3,,66.299998,66.299998,,355.063995,0.1875,0.1875,,355.063995,0.1875,0.1875,0.1875,
12/29/1990,2144.5,,,-1568.699951,,575.800049,,-384.299988,,,191.5,-61.2,,62.0,,,0.0,,-0.8,130.3,-52.200001,78.099998,0.0,,,78.099999,0.0,78.099998,-0.4,,77.699998,77.699998,,341.962004,0.225,0.225,0.225,341.962004,0.225,0.225,0.225,
03/30/1991,1908.300049,,,-1335.900024,,572.400024,,-398.5,,,173.899994,-61.6,,62.0,,,0.0,,-0.4,112.299994,-45.900002,66.400002,0.0,,,66.399992,0.0,66.400002,-0.3,,66.100002,66.100002,,347.791992,0.19,0.19,,347.791992,0.19,0.19,0.19,
06/29/1991,2001.400024,,,-1415.400024,,586.0,,-408.700012,,,177.300003,-53.399999,,61.299999,,,0.0,,-7.9,123.900004,-49.799999,74.099998,0.0,,,74.100005,0.0,74.099998,-0.3,,73.799998,73.799998,,350.084015,0.2125,0.2125,,350.084015,0.2125,0.2125,0.2125,
09/28/1991,1899.099976,,,-1322.599976,,576.5,,-395.899994,,,180.600006,-55.200001,,62.200001,,,0.0,,-7.0,125.400005,-49.700001,75.699997,0.0,,,75.700005,0.0,75.699997,-0.3,,75.399997,75.399997,,351.036011,0.215,0.215,,351.036011,0.215,0.215,0.215,
12/29/1991,2013.699951,,,-1427.099976,,586.599975,,-397.0,,,189.600006,-56.2,,58.5,,,0.0,,-2.3,133.400006,-50.099998,83.300003,0.0,,,83.300008,0.0,83.300003,-0.2,,83.100003,83.100003,,343.862,0.2375,0.2375,0.2375,343.862,0.2375,0.2375,0.2375,
04/04/1992,1995.099976,,,-1066.800049,,928.299927,,-354.0,,,574.299988,-458.999985,,188.199997,,,0.0,,270.799988,115.300003,-45.900002,69.400002,679.5,,,-610.099998,0.0,-610.099976,-0.25,,-610.349976,-610.349976,,353.436005,-1.725,0.1975,,353.436005,-1.725,0.1975,0.1975,
07/04/1992,2161.600098,,,-1201.699951,,959.900146,,-364.100006,,,595.799988,-463.600006,,190.600006,,,0.0,,273.0,132.199982,-51.400002,80.800003,0.0,,,80.79998,0.0,80.800003,-0.25,,80.550003,80.550003,,353.687988,0.2275,0.2275,,353.687988,0.2275,0.2275,0.2275,
10/03/1992,2031.099976,,,-1071.699951,,959.400024,,-359.799988,,,599.599976,-463.899994,,183.399994,,,0.0,,280.5,135.699982,-52.200001,83.5,0.0,,,83.499981,0.0,83.5,-0.25,,83.25,83.25,,354.424011,0.235,0.235,,354.424011,0.235,0.235,0.235,
01/03/1993,2159.699951,,,-1220.5,,939.199951,,-323.899994,,,615.299988,-471.500015,,179.800003,,,0.0,,291.700012,143.799973,-53.400002,90.400002,0.0,,,90.399971,0.0,90.400002,-0.25,,90.150002,90.150002,,355.519988,0.255,0.255,0.255,355.519988,0.255,0.255,0.255,
03/31/1993,2164.699951,,,-1221.0,,943.699951,,-356.5,,,587.200012,-452.600006,,171.100006,,,0.0,,281.5,134.600006,-51.799999,82.800003,0.0,,,82.800007,0.0,82.800003,-0.249,,82.551003,82.551003,,358.399994,0.23,0.23,,358.399994,0.23,0.23,0.23,
07/03/1993,2253.199951,,,-1288.900024,,964.299927,,-364.200012,,,600.099976,-446.699982,,164.899994,,,0.0,,281.799988,153.399994,-59.099998,94.300003,0.0,,,94.299995,0.0,94.300003,-0.249,,94.051003,94.051003,,359.967987,0.2625,0.2625,,359.967987,0.2625,0.2625,0.2625,
10/02/1993,2233.100098,,,-1246.099976,,987.000122,,-370.399994,,,616.599976,-458.5,,167.0,,,0.0,,291.5,158.099976,-58.599998,99.5,0.0,,,99.499977,0.0,99.5,-0.249,,99.251,99.251,,361.212006,0.275,0.275,,361.212006,0.275,0.275,0.275,
12/31/1993,2427.300049,,,-1454.599976,,972.700073,,-350.100006,,,622.599976,-455.199997,,164.800003,,,0.0,,290.399994,167.399979,-64.900002,102.5,0.0,,,102.499977,0.0,102.5,-0.253,,102.247,102.247,,361.552,0.2825,0.2825,0.2825,361.552,0.2825,0.2825,0.2825,
04/02/1994,2408.0,,,-1426.0,,982.0,,-361.0,,,621.0,-452.0,,158.0,,,0.0,,294.0,169.0,-65.0,104.0,0.0,,,104.0,-4.0,100.0,0.0,,100.0,100.0,,362.35199,0.275,0.275,,362.35199,0.275,0.275,0.275,
07/02/1994,2517.0,,,-1483.0,,1034.0,,-380.0,,,654.0,-469.0,,163.0,,,0.0,,306.0,185.0,-71.0,114.0,0.0,,,114.0,-4.0,110.0,0.0,,110.0,110.0,,362.131989,0.305,0.305,,362.131989,0.305,0.305,0.305,
10/01/1994,2381.0,,,-1338.0,,1043.0,,-368.0,,,675.0,-490.0,,168.0,,,0.0,,322.0,185.0,-71.0,114.0,0.0,,,114.0,-3.0,111.0,0.0,,111.0,111.0,,362.308014,0.3075,0.3075,,362.308014,0.3075,0.3075,0.3075,
12/31/1994,2377.0,,,-1267.0,,1110.0,,-380.0,,,730.0,-515.0,,176.0,,,0.0,,339.0,215.0,-101.0,114.0,0.0,,,114.0,-2.0,112.0,0.0,,112.0,112.0,,356.480012,0.315,0.315,0.315,356.480012,0.315,0.315,0.315,
04/01/1995,2029.0,,,-1278.0,,751.0,,-302.0,,,449.0,-292.0,,202.0,,,0.0,,90.0,157.0,-62.0,95.0,-14.0,,,109.0,0.0,109.0,-0.199,,108.801,108.801,,348.220001,0.3125,0.2725,0.3125,348.220001,0.3125,0.2725,0.3125,
07/01/1995,2138.0,,,-1351.0,,787.0,,-306.0,,,481.0,-304.0,,209.0,,,0.0,,95.0,177.0,-70.0,107.0,-14.0,,,121.0,0.0,121.0,-0.199,,120.801,120.801,,346.716003,0.35,0.3075,0.3075,346.716003,0.35,0.3075,0.3075,
09/30/1995,2057.0,,,-1276.0,,781.0,,-352.0,,,429.0,-256.0,,197.0,,,0.0,,59.0,173.0,-69.0,104.0,-18.0,,,122.0,0.0,122.0,0.0,,122.0,122.0,,346.768005,0.3525,0.3005,0.3,346.768005,0.3525,0.3005,0.3,
12/30/1995,2229.0,,,-1389.0,,840.0,,-314.0,,,526.0,-343.0,,183.0,,,0.0,,160.0,183.0,-73.0,110.0,-17.0,,,127.0,0.0,127.0,-0.602,,126.398,126.398,,349.380004,0.3625,0.31575,0.3625,349.380004,0.3625,0.31575,0.3625,
03/30/1996,2214.0,,,-1393.0,,821.0,,-331.0,,,490.0,-309.0,,183.0,,,0.0,,126.0,181.0,-72.0,109.0,74.0,,,35.0,0.0,35.0,-0.199,,34.801,34.801,,337.859985,0.105,0.32,0.32,345.928009,0.1,0.315,0.315,
06/29/1996,2384.0,,,-1520.0,,864.0,,-342.0,,,522.0,-313.0,,183.0,,,0.0,,130.0,209.0,-84.0,125.0,0.0,,,125.0,0.0,125.0,-0.199,,124.801,124.801,,336.376007,0.37,0.37,0.37,345.032013,0.365,0.365,0.365,
09/28/1996,2248.0,,,-1395.0,,853.0,,-394.0,,,459.0,-258.0,,183.0,,,0.0,,75.0,201.0,-81.0,120.0,155.0,,,-35.0,0.0,-35.0,-0.199,,-35.199,-35.199,,334.119995,-0.105,0.36,0.36,342.716003,-0.1,0.35,0.35,
12/31/1996,2428.0,,,-1529.0,,899.0,,-307.0,,,592.0,-379.0,,182.0,,,0.0,,197.0,213.0,-85.0,128.0,0.0,,,128.0,0.0,128.0,-0.199,,127.801,127.801,,331.104004,0.385,0.385,0.385,339.492004,0.375,0.375,0.375,
03/29/1997,2103.0,,,-1656.0,,447.0,,-231.0,,,216.0,-78.0,,39.0,,,0.0,,39.0,138.0,-58.0,80.0,-45.0,,,125.0,0.0,125.0,-0.25,,124.75,124.75,,331.79599,0.375,0.24,0.24,340.776001,0.365,0.235,0.235,
06/28/1997,2207.0,,,-1730.0,,477.0,,-244.0,,,233.0,-67.0,,30.0,,,0.0,,37.0,166.0,-66.0,100.0,-45.0,,,145.0,0.0,145.0,-0.25,,144.75,144.75,,330.346008,0.44,0.3,0.3,339.593994,0.43,0.295,0.295,
09/27/1997,2042.0,,,-1589.0,,453.0,,-230.0,,,223.0,-74.0,,32.0,,,0.0,,42.0,149.0,-58.0,91.0,-47.0,,,138.0,0.0,138.0,-0.25,,137.75,137.75,,329.824006,0.415,0.275,0.275,339.350006,0.405,0.27,0.27,
01/03/1998,2331.0,,,-2014.0,,317.0,,-189.0,,,128.0,41.0,,28.0,,,0.0,,-69.0,169.0,-68.0,101.0,-49.0,,,150.0,0.0,150.0,-0.25,,149.75,149.75,,327.394012,0.46,0.31,0.31,337.053986,0.445,0.3,0.3,
04/04/1998,2252.0,,,-1765.0,,487.0,,-247.0,,,240.0,-76.0,70.0,70.0,,,0.0,,6.0,164.0,-65.0,99.0,-43.0,,,142.0,0.0,142.0,,,142.0,142.0,,325.618,0.435,0.3,0.3,334.31,0.425,0.295,0.295,
07/04/1998,2484.0,,,-1948.0,,536.0,,-262.0,,,274.0,-72.0,75.0,75.0,,,0.0,,-3.0,202.0,-86.0,116.0,-48.0,,,164.0,0.0,164.0,,,164.0,164.0,,327.226,0.5,0.355,0.355,336.054,0.49,0.35,0.35,
10/03/1998,2352.0,,,-1873.0,,479.0,,-252.0,,,227.0,-49.0,,37.0,,,0.0,,12.0,178.0,-70.0,108.0,-34.0,,,142.0,0.0,142.0,-0.25,,141.75,141.75,,324.312012,0.435,0.335,0.335,332.231995,0.425,0.325,0.325,
01/02/1999,2595.0,,,-2065.0,,530.0,,-285.0,,,245.0,-52.0,,36.0,,,0.0,,16.0,193.0,-73.0,120.0,-40.0,,,160.0,0.0,160.0,-0.25,,159.75,159.75,,314.450012,0.51,0.38,0.38,321.959991,0.5,0.37,0.37,
04/03/1999,2749.0,,,-2204.0,,545.0,,-284.0,,,261.0,-25.0,-3.0,13.0,-16.0,,0.0,,28.0,236.0,-91.0,145.0,-1572.0,,,1717.0,0.0,1717.0,-0.25,,1716.75,1716.75,,305.034,5.63,0.475,0.475,312.224,5.5,0.465,0.465,
07/03/1999,2887.0,,,-2270.0,,617.0,,-346.0,,,271.0,-12.0,-3.0,3.0,-6.0,,0.0,,15.0,259.0,-97.0,162.0,0.0,,,162.0,0.0,162.0,-0.25,,161.75,161.75,,301.024,0.54,0.54,0.54,308.192,0.525,0.525,0.525,
10/02/1999,2709.0,,,-2153.0,,556.0,,-300.0,,,256.0,-20.0,11.0,11.0,,,0.0,,9.0,236.0,-90.0,146.0,0.0,,,146.0,0.0,146.0,-0.25,,145.75,145.75,,300.138,0.485,0.485,0.485,306.812,0.475,0.475,0.475,
01/01/2000,3368.0,,,-2474.0,,894.0,,-388.0,,,506.0,-233.0,29.0,29.0,,,0.0,,204.0,273.0,-103.0,170.0,-31.0,,,201.0,0.0,201.0,-0.25,,200.75,200.75,,296.618,0.675,0.57,0.57,302.534,0.665,0.56,0.56,
04/01/2000,3237.0,,,-2609.0,,628.0,,-332.0,,,296.0,-46.0,33.0,33.0,,,0.0,,13.0,250.0,-92.0,158.0,59.0,,,99.0,0.0,99.0,-0.25,,98.75,98.75,,292.562,0.335,0.54,0.54,297.636,0.33,0.53,0.53,
07/01/2000,3222.0,,,-2541.0,,681.0,,-340.0,,,341.0,-57.0,41.0,41.0,,,0.0,,16.0,284.0,-105.0,179.0,0.0,,,179.0,0.0,179.0,-0.25,,178.75,178.75,,287.962,0.625,0.625,0.625,292.608,0.615,0.615,0.615,
09/30/2000,3134.0,,,-2399.0,,735.0,,-335.0,,,400.0,-149.0,42.0,42.0,,,0.0,,107.0,251.0,-93.0,158.0,0.0,,,158.0,0.0,158.0,-0.25,,157.75,157.75,,286.37,0.55,0.55,0.55,290.65,0.54,0.54,0.54,
12/30/2000,3312.0,,,-2261.0,,1051.0,,-380.0,,,671.0,-870.0,42.0,42.0,,,0.0,,828.0,-199.0,-19.0,-218.0,0.0,,,-218.0,0.0,-218.0,0.0,0.0,-218.0,-218.0,,283.938,-0.765,-0.765,0.64,283.938,-0.765,-0.765,0.64,
03/31/2001,3040.0,,,-2391.0,,649.0,,-367.0,,,282.0,-103.0,44.0,44.0,,,0.0,,59.0,179.0,-66.0,113.0,0.0,,,113.0,0.0,113.0,0.0,0.0,113.0,113.0,,281.466,0.4,0.4,0.505,285.504,0.395,0.395,0.5,
06/30/2001,3288.0,,,-2594.0,,694.0,,-402.0,,,292.0,-94.0,40.0,40.0,,,0.0,,54.0,198.0,-72.0,126.0,0.0,,,126.0,0.0,126.0,0.0,0.0,126.0,126.0,,282.11,0.445,0.445,0.555,286.822,0.44,0.44,0.55,
09/29/2001,2810.0,,,-2452.0,,358.0,,-355.0,,,3.0,-402.0,41.0,41.0,,,0.0,,361.0,-399.0,69.0,-330.0,0.0,,,-330.0,0.0,-330.0,0.0,0.0,-330.0,-330.0,,282.392,-1.17,-1.17,-0.125,282.392,-1.17,-1.17,-0.125,
12/29/2001,3183.0,,,-2323.0,,860.0,,-408.0,,,452.0,-37.0,58.0,58.0,,,0.0,,-21.0,415.0,-158.0,257.0,0.0,,,257.0,0.0,257.0,0.0,0.0,257.0,257.0,,282.512,0.91,0.91,0.24,284.92,0.905,0.905,0.235,
03/30/2002,2348.0,,,-1922.0,,426.0,,-254.0,,,172.0,-80.0,36.0,36.0,,,0.0,,44.0,92.0,-31.0,61.0,492.0,,,-431.0,0.0,-431.0,0.0,0.0,-431.0,-431.0,,280.806,-1.535,0.22,0.255,283.922,-1.52,0.215,0.25,
06/29/2002,2722.0,,,-2215.0,,507.0,,-257.0,,,250.0,-61.0,32.0,32.0,,,0.0,,29.0,189.0,-70.0,119.0,14.0,,,105.0,0.0,105.0,0.0,0.0,105.0,105.0,,278.972,0.375,0.425,0.465,283.198,0.37,0.425,0.465,
09/28/2002,2475.0,,,-1953.0,,522.0,,-301.0,,,221.0,-122.0,36.0,36.0,,,0.0,,86.0,99.0,-22.0,77.0,6.0,,,71.0,0.0,71.0,0.0,0.0,71.0,71.0,,275.696,0.26,0.28,0.365,278.29,0.255,0.275,0.36,
12/28/2002,2805.0,,,-1863.0,,942.0,,-493.0,,,449.0,-289.0,38.0,38.0,,,0.0,,251.0,160.0,-50.0,110.0,-21.0,,,131.0,0.0,131.0,0.0,0.0,131.0,131.0,,274.346,0.475,0.4,0.565,276.724,0.475,0.4,0.56,
03/29/2003,2383.0,,,-1906.0,,477.0,,-300.0,,,177.0,-75.0,24.0,24.0,,,0.0,,51.0,102.0,-33.0,69.0,3.0,,,66.0,0.0,66.0,0.0,0.0,66.0,66.0,,271.982,0.24,0.255,0.285,274.118,0.24,0.25,0.28,
06/28/2003,2514.0,,,-2005.0,,509.0,,-300.0,,,209.0,-83.0,22.0,22.0,,,0.0,,61.0,126.0,-38.0,88.0,25.0,,,63.0,0.0,63.0,0.0,0.0,63.0,63.0,,270.76,0.235,0.325,0.395,272.514,0.23,0.325,0.395,
09/27/2003,2216.0,,,-1766.0,,450.0,,-290.0,,,160.0,-88.0,26.0,26.0,,,0.0,,62.0,72.0,-23.0,49.0,2.0,,,47.0,0.0,47.0,0.0,0.0,47.0,47.0,,271.254,0.175,0.18,0.305,273.656,0.17,0.18,0.305,
01/03/2004,2699.0,,,-1992.0,,707.0,,-335.0,,,372.0,-276.0,39.0,39.0,,,0.0,,237.0,96.0,-13.0,83.0,0.0,,,83.0,0.0,83.0,0.0,0.0,83.0,83.0,,272.67,0.305,0.305,0.46,276.652,0.3,0.3,0.455,
04/03/2004,2337.0,,,-1857.0,,480.0,,-322.0,,,158.0,-97.0,25.0,25.0,,,0.0,,72.0,61.0,-20.0,41.0,4.0,,,37.0,0.0,37.0,0.0,0.0,37.0,37.0,,274.76,0.135,0.15,0.305,280.458,0.13,0.145,0.295,
07/03/2004,2523.0,,,-1991.0,,532.0,,-309.0,,,223.0,-60.0,25.0,25.0,,,0.0,,35.0,163.0,-54.0,109.0,9.0,,,100.0,0.0,100.0,0.0,0.0,100.0,100.0,,275.498,0.36,0.395,0.475,280.574,0.355,0.39,0.47,
10/02/2004,2549.0,,,-2029.0,,520.0,,-324.0,,,196.0,-55.0,23.0,23.0,,,0.0,,32.0,141.0,-40.0,101.0,-2.0,,,103.0,0.0,103.0,0.0,0.0,103.0,103.0,,275.792,0.375,0.365,0.415,281.236,0.365,0.36,0.41,
01/01/2005,909.0,,,-481.0,,428.0,,-254.0,,,174.0,1.0,21.0,21.0,,,0.0,,-22.0,175.0,-51.0,124.0,-1.0,,,125.0,0.0,125.0,0.0,0.0,125.0,125.0,,272.646,0.46,0.455,0.32,279.084,0.45,0.445,0.31,
04/02/2005,2270.0,,,-1711.0,,559.0,,-340.0,,,219.0,-90.0,24.0,24.0,,,0.0,,66.0,129.0,-45.0,84.0,-42.0,,,126.0,0.0,126.0,0.0,0.0,126.0,126.0,,270.253998,0.465,0.31,0.475,276.56601,0.455,0.305,0.465,
07/02/2005,2667.0,,,-2079.0,,588.0,,-336.0,,,252.0,-64.0,22.0,22.0,,,0.0,,42.0,188.0,-70.0,118.0,-5.0,,,123.0,0.0,123.0,0.0,0.0,123.0,123.0,,269.205994,0.46,0.44,0.6,275.164001,0.445,0.43,0.585,
10/01/2005,2405.0,,,-1828.0,,577.0,,-350.0,,,227.0,-29.0,23.0,23.0,,,,,6.0,198.0,-52.0,146.0,310.0,,,-164.0,,-164.0,,,-164.0,-164.0,,265.820007,-0.615,0.55,0.555,271.257996,-0.615,0.535,0.54,
12/31/2005,2701.0,,,-2046.0,,655.0,,-377.0,,,278.0,-54.0,21.0,21.0,,,0.0,,33.0,224.0,-56.0,168.0,50.0,,,118.0,0.0,118.0,0.0,0.0,118.0,118.0,,262.967987,0.45,1.805,0.675,274.018005,0.43,1.73,0.645,
04/01/2006,2632.0,,,-2027.0,,605.0,,-361.0,,,244.0,-31.0,22.0,22.0,,,0.0,,9.0,213.0,-55.0,158.0,-10.0,,,168.0,0.0,168.0,0.0,0.0,168.0,168.0,,260.186005,0.645,0.605,0.605,265.712006,0.63,0.595,0.595,
07/01/2006,2820.0,,,-2165.0,,655.0,,-376.0,,,279.0,-24.0,25.0,25.0,,,0.0,,-1.0,255.0,-78.0,177.0,108.0,,,69.0,0.0,69.0,0.0,0.0,69.0,69.0,,256.906006,0.27,0.69,0.69,262.588013,0.265,0.67,0.67,
09/30/2006,2837.0,,,-2193.0,,644.0,,-369.0,,,275.0,-33.0,23.0,23.0,,,0.0,,10.0,242.0,-67.0,175.0,6.0,,,169.0,0.0,169.0,0.0,0.0,169.0,169.0,,251.617996,0.67,0.695,0.695,256.757996,0.66,0.68,0.68,
12/30/2006,3201.0,,,-2491.0,,710.0,,-417.0,,,293.0,-28.0,20.0,20.0,,,0.0,,8.0,265.0,-69.0,196.0,1.0,,,195.0,0.0,195.0,0.0,0.0,195.0,195.0,,251.088,0.78,0.785,0.785,256.046,0.765,0.77,0.77,
03/31/2007,2964.0,,,-2180.0,,784.0,,-372.0,,,412.0,-128.0,123.0,123.0,,,0.0,,5.0,284.0,-86.0,198.0,2.0,,,196.0,0.0,196.0,0.0,0.0,196.0,196.0,,250.094,0.78,0.79,0.79,254.874,0.765,0.775,0.775,
06/30/2007,3235.0,,,-2374.0,,861.0,,-429.0,,,432.0,-135.0,124.0,124.0,,,0.0,,11.0,297.0,-82.0,215.0,5.0,,,210.0,0.0,210.0,0.0,0.0,210.0,210.0,,249.701996,0.845,0.86,0.985,254.272003,0.83,0.845,0.97,
09/29/2007,3110.0,,,-2275.0,,835.0,,-383.0,,,452.0,-123.0,117.0,117.0,,,0.0,,6.0,329.0,-104.0,225.0,-30.0,,,255.0,0.0,255.0,0.0,0.0,255.0,255.0,,249.332,1.02,0.9,0.9,254.321,1.0,0.88,0.88,
12/29/2007,3763.0,,,-2871.0,,892.0,,-494.0,,,398.0,-32.0,21.0,21.0,,,0.0,,11.0,366.0,-106.0,260.0,4.0,,,256.0,0.0,256.0,0.0,0.0,256.0,256.0,,249.649994,1.02,1.04,1.09,255.294006,1.0,1.02,1.07,
03/29/2008,3306.0,,,-2434.0,,872.0,0.0,-391.0,391.0,0.0,481.0,-142.0,115.0,115.0,,,,,27.0,339.0,-114.0,225.0,-6.0,,,231.0,0.0,231.0,0.0,0.0,231.0,231.0,,249.315,0.93,0.9,0.9,254.5,0.91,0.88,0.88,
06/28/2008,3684.0,,,-2775.0,,909.0,0.0,-393.0,393.0,0.0,516.0,-141.0,,101.0,,,0.0,,40.0,375.0,-125.0,250.0,-8.0,,,258.0,0.0,258.0,0.0,0.0,258.0,258.0,,250.039,1.03,1.0,1.0,254.58,1.01,0.98,0.98,
09/27/2008,3471.0,,,-2595.0,,876.0,0.0,-419.0,419.0,0.0,457.0,-136.0,,102.0,,,0.0,,34.0,321.0,-116.0,205.0,-1.0,,,206.0,0.0,206.0,0.0,0.0,206.0,206.0,0.0,243.753,0.85,0.85,0.85,247.182,0.83,0.83,0.83,
01/03/2009,3549.0,,,-2779.0,,770.0,,-403.0,,,367.0,-773.0,114.0,130.0,-16.0,,0.0,,659.0,-406.0,50.0,-356.0,-147.0,-147.0,,-209.0,0.0,-209.0,0.0,0.0,-209.0,-209.0,288.72025,241.405,-0.8658,-1.4747,-0.2787,241.405,-0.8658,-1.4747,-0.2787,
04/04/2009,2526.0,2404.0,122.0,-1999.0,1999.0,527.0,0.0,-296.0,346.0,-50.0,231.0,-190.0,82.0,83.0,-1.0,,,,108.0,41.0,2.0,43.0,-43.0,-43.0,0.0,86.0,0.0,86.0,0.0,0.0,86.0,31.3,-11.7,243.988,0.35,0.176238,0.128285,244.956,0.35,0.174458,0.126695,
07/04/2009,2612.0,2526.0,86.0,-2099.0,2099.0,513.0,0.0,-340.0,340.0,0.0,173.0,-293.0,,77.0,,,,,216.0,-120.0,58.0,-62.0,-4.0,-4.0,0.0,-58.0,0.0,-58.0,0.0,0.0,-58.0,21.85,83.85,264.091,-0.219,-0.234,0.082737,264.091,-0.219,-0.234,0.082737,
10/03/2009,2549.0,2478.0,71.0,-2047.0,2047.0,502.0,0.0,-348.0,348.0,0.0,154.0,-159.0,,74.0,,,,,85.0,-5.0,11.0,6.0,2.0,2.0,0.0,4.0,0.0,4.0,0.0,0.0,4.0,32.0,26.0,271.224,0.01,0.02,0.117984,278.429,0.01,0.02,0.113381,
01/02/2010,2813.0,2731.0,82.0,-2324.0,2324.0,489.0,0.0,-254.0,304.0,-50.0,235.0,-300.0,,75.0,,,,,225.0,-65.0,5.0,-60.0,3.0,3.0,0.0,-63.0,0.0,-63.0,0.0,0.0,-63.0,49.2,109.2,271.395,-0.232134,-0.22108,0.181286,271.395,-0.232134,-0.22108,0.181286,
04/03/2010,2210.0,2134.0,76.0,-1776.0,1776.0,434.0,0.0,-297.0,285.0,12.0,137.0,-126.0,,71.0,,,,,55.0,11.0,-15.0,-4.0,4.0,4.0,0.0,-8.0,0.0,-8.0,0.0,0.0,-8.0,3.8,7.8,273.174,-0.03,-0.0156,0.013911,273.174,-0.03,-0.0156,0.012953,
07/03/2010,2709.0,2653.0,56.0,-2188.0,2188.0,521.0,0.0,-299.0,299.0,0.0,222.0,-123.0,,69.0,,,,,54.0,99.0,-18.0,81.0,-1.0,-1.0,0.0,82.0,,82.0,0.0,0.0,82.0,87.5,6.5,274.098,0.3,0.3,0.319229,302.397,0.27,0.27,0.291495,
10/02/2010,2479.0,2420.0,59.0,-2037.0,2037.0,442.0,0.0,-301.0,301.0,0.0,141.0,-210.0,,67.0,,,,,143.0,-69.0,21.0,-48.0,0.0,0.0,0.0,-48.0,,-48.0,,0.0,-48.0,23.95,71.95,274.896,-0.17,-0.17,0.087124,274.896,-0.17,-0.17,0.087124,
01/01/2011,3127.0,3100.0,27.0,,,,0.0,-2943.0,,2943.0,184.0,-139.0,,37.0,,,,,102.0,45.0,18.0,63.0,3.0,3.0,0.0,60.0,,60.0,0.0,0.0,60.0,98.1,35.1,308.491,0.19,0.2,0.318,308.491,0.19,0.2,0.31378,
04/02/2011,2479.0,2453.0,26.0,-2055.0,2055.0,424.0,0.0,-304.0,304.0,0.0,120.0,-74.0,,62.0,,,,,12.0,46.0,-15.0,31.0,2.0,2.0,0.0,29.0,,29.0,0.0,0.0,29.0,31.0,0.0,276.358,0.1,0.11,0.11,319.119,0.09,0.1,0.1,
07/02/2011,2728.0,2695.0,33.0,-2225.0,2225.0,503.0,0.0,-295.0,295.0,0.0,208.0,-73.0,,61.0,,,,,12.0,135.0,-43.0,92.0,2.0,2.0,0.0,90.0,,90.0,,0.0,90.0,92.0,0.0,277.406,0.32,0.33,0.33,315.208,0.29,0.29,0.29,
10/01/2011,2814.0,2782.0,32.0,-2313.0,2313.0,501.0,0.0,-251.0,251.0,0.0,250.0,-64.0,,61.0,,,,,3.0,186.0,-50.0,136.0,-6.0,-6.0,0.0,142.0,,142.0,0.0,0.0,142.0,136.0,0.0,278.09,0.51,0.49,0.49,300.866,0.47,0.45,0.45,
12/31/2011,3254.0,3242.0,12.0,,,,0.0,-3218.0,,3218.0,36.0,-66.0,27.0,27.0,0.0,,0.0,0.0,39.0,-30.0,13.0,-17.0,2.0,2.0,0.0,-19.0,,-19.0,,0.0,-19.0,144.85,161.85,278.881,-0.07,-0.06,0.519397,278.881,-0.07,-0.06,0.519397,
03/31/2012,2856.0,2795.0,61.0,-2312.0,2312.0,544.0,0.0,-308.0,308.0,0.0,236.0,-59.0,,55.0,,,,,4.0,177.0,-57.0,120.0,2.0,2.0,0.0,118.0,0.0,118.0,0.0,0.0,118.0,120.0,0.0,280.022,0.42,0.43,0.43,294.632,0.4,0.41,0.41,
06/30/2012,3019.0,2964.0,55.0,-2435.0,2435.0,584.0,0.0,-283.0,283.0,0.0,301.0,-46.0,,53.0,,,,,-7.0,255.0,-82.0,173.0,1.0,1.0,0.0,172.0,,172.0,,0.0,172.0,173.0,0.0,281.114,0.61,0.61,0.61,295.547,0.58,0.58,0.58,
09/29/2012,3000.0,2936.0,64.0,-2475.0,2475.0,525.0,0.0,-264.0,264.0,0.0,261.0,-52.0,,52.0,,,,,0.0,209.0,-67.0,142.0,-9.0,-9.0,0.0,151.0,0.0,151.0,0.0,0.0,151.0,142.0,0.0,281.813,0.54,0.51,0.51,296.92,0.51,0.48,0.48,
12/29/2012,3362.0,3327.0,35.0,,,,0.0,-3081.0,,3081.0,281.0,-81.0,,38.0,,0.0,,,43.0,200.0,-54.0,146.0,-2.0,-2.0,0.0,148.0,,148.0,,0.0,148.0,163.49372,17.49372,291.562,0.51,0.5,0.560751,291.562,0.51,0.5,0.56,
03/30/2013,2855.0,2813.0,42.0,-2382.0,2382.0,473.0,0.0,-279.0,279.0,0.0,194.0,-51.0,,51.0,,,,,0.0,143.0,-28.0,115.0,-4.0,-4.0,0.0,119.0,0.0,119.0,0.0,0.0,119.0,115.0,0.0,273.2,0.44,0.42,0.42,288.978,0.41,0.4,0.4,
06/29/2013,2839.0,2808.0,31.0,-2338.0,2338.0,501.0,0.0,-296.0,296.0,0.0,205.0,-42.0,42.0,42.0,0.0,,,,0.0,163.0,-49.0,114.0,1.0,1.0,0.0,113.0,0.0,113.0,0.0,0.0,113.0,132.2,18.2,280.163,0.4,0.41,0.471868,283.824,0.4,0.4,0.464124,
09/28/2013,2904.0,2871.0,33.0,-2473.0,2473.0,431.0,0.0,-245.0,245.0,0.0,186.0,-41.0,41.0,41.0,0.0,,,,0.0,145.0,-47.0,98.0,-1.0,-1.0,0.0,99.0,0.0,99.0,0.0,0.0,99.0,98.0,0.0,281.525,0.35,0.35,0.35,281.71,0.35,0.35,0.35,
12/28/2013,3506.0,3480.0,26.0,,,,0.0,-3199.0,,3199.0,307.0,-84.0,27.0,27.0,0.0,,0.0,0.0,57.0,223.0,-52.0,171.0,4.0,4.0,0.0,167.0,0.0,167.0,0.0,0.0,167.0,171.0,0.0,282.707,0.59,0.6,0.6,282.707,0.59,0.6,0.6,
03/29/2014,2847.0,2818.0,29.0,-2357.0,2357.0,490.0,0.0,-302.0,302.0,0.0,188.0,-63.0,47.0,47.0,0.0,,,,16.0,125.0,-38.0,87.0,2.0,2.0,0.0,85.0,0.0,85.0,0.0,0.0,85.0,97.4,10.4,281.094,0.3,0.31,0.346503,283.327,0.3,0.31,0.346503,
06/28/2014,3505.0,3478.0,27.0,-2875.0,2875.0,630.0,0.0,-353.0,353.0,0.0,277.0,-67.0,47.0,47.0,0.0,,,,20.0,210.0,-65.0,145.0,1.0,1.0,0.0,144.0,0.0,144.0,0.0,0.0,144.0,159.1382,14.1382,280.28,0.52,0.52,0.567783,282.764,0.51,0.51,0.56,
09/27/2014,3430.0,3405.0,25.0,-2845.0,2845.0,585.0,0.0,-304.0,304.0,0.0,281.0,-50.0,47.0,47.0,0.0,,,,3.0,231.0,-71.0,160.0,1.0,1.0,0.0,159.0,0.0,159.0,0.0,0.0,159.0,161.95,1.95,278.86,0.57,0.57,0.580757,281.03,0.57,0.57,0.576939,
01/03/2015,4096.0,4074.0,22.0,,,,0.0,-3698.0,,3698.0,398.0,-111.0,40.0,40.0,0.0,,0.0,0.0,71.0,287.0,-74.0,213.0,1.0,1.0,0.0,212.0,0.0,212.0,0.0,0.0,212.0,221.45,8.45,279.771,0.76,0.76,0.79154,279.771,0.76,0.76,0.790203,
04/04/2015,3073.0,3051.0,22.0,-2509.0,2509.0,564.0,0.0,-337.0,337.0,0.0,227.0,-43.0,43.0,43.0,0.0,,,,0.0,184.0,-56.0,128.0,0.0,0.0,0.0,128.0,0.0,128.0,0.0,0.0,128.0,91.5,-36.5,277.902,0.46,0.46,0.329253,280.077,0.46,0.46,0.329253,
07/04/2015,3247.0,3223.0,24.0,-2635.0,2635.0,612.0,0.0,-329.0,329.0,0.0,283.0,-42.0,42.0,42.0,0.0,,,,0.0,241.0,-72.0,169.0,2.0,2.0,0.0,167.0,0.0,167.0,0.0,0.0,167.0,169.0,0.0,277.715,0.6,0.61,0.61,279.935,0.6,0.6,0.6,
10/03/2015,3180.0,3163.0,17.0,-2584.0,2584.0,596.0,0.0,-303.0,303.0,0.0,293.0,-41.0,41.0,41.0,0.0,,,,0.0,252.0,-76.0,176.0,0.0,0.0,0.0,176.0,0.0,176.0,0.0,0.0,176.0,176.0,0.0,276.334,0.64,0.64,0.64,278.039,0.63,0.63,0.63,
01/02/2016,3923.0,3903.0,20.0,,,,0.0,-3545.0,,3545.0,378.0,-84.0,32.0,32.0,0.0,,,,52.0,294.0,-69.0,225.0,-1.0,-1.0,0.0,226.0,0.0,226.0,0.0,0.0,226.0,225.0,0.0,276.653,0.82,0.81,0.81,276.653,0.82,0.81,0.81,
04/02/2016,3201.0,3181.0,20.0,-2635.0,2635.0,566.0,0.0,-308.0,308.0,0.0,258.0,-43.0,43.0,43.0,0.0,,0.0,,0.0,215.0,-64.0,151.0,1.0,1.0,0.0,150.0,0.0,150.0,0.0,0.0,150.0,102.6,-48.4,271.66,0.55,0.55,0.377678,273.022,0.55,0.55,0.372725,
07/02/2016,3511.0,3491.0,20.0,-2889.0,2889.0,622.0,0.0,-318.0,318.0,0.0,304.0,-44.0,44.0,44.0,0.0,,0.0,,0.0,260.0,-82.0,178.0,1.0,1.0,0.0,177.0,0.0,177.0,0.0,0.0,177.0,178.0,0.0,269.888,0.66,0.66,0.66,271.316,0.65,0.66,0.66,
10/01/2016,3251.0,3231.0,20.0,-2661.0,2661.0,590.0,0.0,-323.0,323.0,0.0,267.0,-160.0,45.0,45.0,0.0,,0.0,,115.0,107.0,192.0,299.0,-122.0,-122.0,0.0,421.0,0.0,421.0,0.0,0.0,421.0,166.000045,-132.999955,270.56,1.56,1.11,0.613542,272.099,1.55,1.1,0.611207,
12/31/2016,3825.0,3807.0,18.0,-3152.0,3152.0,673.0,0.0,-368.0,368.0,0.0,305.0,-11.0,42.0,42.0,0.0,,0.0,,-31.0,294.0,-79.0,215.0,1.0,1.0,0.0,214.0,0.0,214.0,0.0,0.0,214.0,476.35,261.35,269.626,0.793692,0.797401,1.766706,273.023,0.783817,0.787479,1.744725,
04/01/2017,3093.0,3075.0,18.0,-2592.0,2592.0,501.0,0.0,-301.0,309.0,-8.0,200.0,-79.0,42.0,42.0,0.0,,0.0,,37.0,121.0,-21.0,100.0,-1.0,-1.0,0.0,101.0,0.0,101.0,0.0,0.0,101.0,133.0047,33.0047,270.489,0.37,0.37,0.491719,272.83,0.37,0.37,0.490972,
07/01/2017,3604.0,3586.0,18.0,-2990.0,2990.0,614.0,0.0,-343.0,343.0,0.0,271.0,-56.0,43.0,43.0,0.0,,,,13.0,215.0,-62.0,153.0,0.0,0.0,0.0,153.0,0.0,153.0,0.0,0.0,153.0,167.95,14.95,267.114,0.57,0.57,0.628758,269.299,0.57,0.57,0.625515,
09/30/2017,3484.0,3466.0,18.0,-2884.0,2884.0,600.0,0.0,-328.0,335.0,-7.0,272.0,-69.0,44.0,44.0,0.0,,0.0,,25.0,203.0,-44.0,159.0,0.0,0.0,0.0,159.0,0.0,159.0,0.0,0.0,159.0,175.25,16.25,264.624,0.6,0.6,0.66226,266.989,0.6,0.6,0.660864,
12/30/2017,4017.0,4002.0,15.0,-3361.0,3361.0,656.0,0.0,-362.0,347.0,15.0,294.0,-71.0,45.0,45.0,0.0,,0.0,,26.0,223.0,-329.0,-106.0,0.0,0.0,0.0,-106.0,0.0,-106.0,0.0,0.0,-106.0,181.7953,287.7953,263.293,-0.402593,-0.402593,0.690468,265.882,-0.402593,-0.402593,0.679824,
03/31/2018,3296.0,3280.0,16.0,-2729.0,2729.0,567.0,0.0,-308.0,327.0,-19.0,259.0,-41.0,41.0,41.0,0.0,,0.0,,0.0,218.0,-29.0,189.0,0.0,0.0,0.0,189.0,0.0,189.0,0.0,0.0,189.0,189.0,0.0,260.497,0.73,0.73,0.73,263.672,0.72,0.72,0.72,
06/30/2018,3726.0,3709.0,17.0,-3073.0,3073.0,653.0,0.0,-351.0,370.0,-19.0,302.0,-42.0,42.0,42.0,0.0,,,,0.0,260.0,-36.0,224.0,0.0,0.0,0.0,224.0,0.0,224.0,0.0,0.0,224.0,224.0,0.0,253.904,0.88,0.88,0.88,257.177,0.87,0.87,0.87,
09/29/2018,3200.0,3185.0,15.0,-2687.0,2687.0,513.0,0.0,-288.0,307.0,-19.0,225.0,403.0,41.0,41.0,0.0,,0.0,,-444.0,628.0,-65.0,563.0,0.0,0.0,0.0,563.0,0.0,563.0,0.0,0.0,563.0,153.0,-410.0,246.136,2.29,2.29,0.621608,249.378,2.26,2.26,0.61591,
12/29/2018,3750.0,3732.0,18.0,-3105.0,3105.0,645.0,0.0,-328.0,271.0,57.0,317.0,-39.0,42.0,42.0,0.0,,0.0,,-3.0,278.0,-32.0,246.0,0.0,0.0,0.0,246.0,0.0,246.0,0.0,0.0,246.0,279.0,33.0,240.247,1.023946,1.023946,1.161305,242.721,1.013509,1.013509,1.149468,
03/30/2019,3109.0,3092.0,17.0,-2577.0,2577.0,532.0,0.0,-307.0,307.0,0.0,225.0,-13.0,42.0,42.0,0.0,,0.0,,-29.0,212.0,-33.0,179.0,0.0,0.0,0.0,179.0,0.0,179.0,0.0,0.0,179.0,179.0,0.0,234.839,0.76,0.76,0.76,236.437,0.76,0.76,0.76,
06/29/2019,3227.0,3211.0,16.0,-2641.0,2641.0,586.0,0.0,-264.0,292.0,-28.0,322.0,-43.0,43.0,43.0,0.0,,,,0.0,279.0,-62.0,217.0,0.0,0.0,0.0,217.0,0.0,217.0,0.0,0.0,217.0,217.0,0.0,232.013,0.94,0.94,0.94,233.545,0.93,0.93,0.93,
09/28/2019,3259.0,3245.0,14.0,-2747.0,2747.0,512.0,0.0,-227.0,255.0,-28.0,285.0,-44.0,44.0,44.0,0.0,,0.0,,0.0,241.0,-21.0,220.0,0.0,0.0,0.0,220.0,0.0,220.0,0.0,0.0,220.0,220.0,0.0,229.755,0.96,0.96,0.96,231.097,0.95,0.95,0.95,
01/04/2020,4035.0,4016.0,19.0,-3441.0,3441.0,594.0,0.0,-383.0,298.0,85.0,211.0,-1.0,42.0,42.0,0.0,,0.0,,-41.0,210.0,-11.0,199.0,0.0,0.0,0.0,199.0,0.0,199.0,0.0,0.0,199.0,254.0,55.0,228.653,0.870314,0.870314,1.110854,229.757,0.866132,0.866132,1.105516,
04/04/2020,2777.0,2763.0,14.0,-2387.0,2387.0,390.0,0.0,-263.0,263.0,0.0,127.0,-58.0,40.0,40.0,0.0,,,,18.0,69.0,-19.0,50.0,0.0,0.0,0.0,50.0,0.0,50.0,0.0,0.0,50.0,50.0,0.0,228.311,0.22,0.22,0.22,228.927,0.22,0.22,0.22,
07/04/2020,2472.0,2457.0,15.0,-2251.0,2251.0,221.0,0.0,-239.0,239.0,0.0,-18.0,-100.0,42.0,42.0,0.0,,,,58.0,-118.0,26.0,-92.0,0.0,0.0,0.0,-92.0,0.0,-92.0,0.0,0.0,-92.0,-92.0,0.0,228.247,-0.4,-0.4,-0.4,228.247,-0.4,-0.4,-0.4,
09/30/2020,2839.25,,,,,476.994,,,,,134.667,,,,,,,,,94.3,,80.5,,,,,,80.5,,,80.5,84.911,,,0.377,0.377,0.376,,0.377,0.377,0.376,
12/31/2020,3453.083,,,,,680.257351,,,,,245.0,,,,,,,,,180.9,,148.6,,,,,,148.6,,,148.6,149.889,,,0.637,0.637,0.693,,0.637,0.637,0.693,
