Date,Revenue,Revenue From Electric,Regulated Electric Revenue,Unregulated Electric Revenue,Other Electric Revenue,Revenue from Gas,Revenue from Water,Other Revenue,Cost of Revenue,Fuel & Purchased Power Cost,Fuel Cost,Purchased Power Cost,Purchased Gas & Water Cost,Purchased Gas Cost,Purchased Water Cost,Other Cost of Revenue,Gross Profit,Operating Expenses,Maintenance Expenses,Depreciation Expenses,Taxes Other Than Income,Other Operating Expense,Operating Income (Loss),Non-Operating (Income) Loss,"Interest Expense, Net",Total Interest Income,AFUDC - Equity,Interest Income,Interest Expense,Interest Expenses on Bonds,AFUDC - Debts,Other Interest Expenses,Other Non-Op (Income) Loss,Pretax Income,Income Tax Expense (Benefit),(Income) Loss from Affiliates,Income (Loss) from Cont Ops,Net Extraordinary Losses (Gains),Discontinued Operations,XO & Accounting Changes,Income (Loss) Incl. MI,Minority Interest,"Net Income, GAAP",Preferred Dividends,Other Adjustments,"Net Income Avail to Common, GAAP","Net Income Avail to Common, Adj",Net Abnormal Losses (Gains),Basic Weighted Avg Shares,"Basic EPS, GAAP",Basic EPS from Cont Ops,"Basic EPS from Cont Ops, Adjusted",Diluted Weighted Avg Shares,"Diluted EPS, GAAP",Diluted EPS from Cont Ops,"Diluted EPS from Cont Ops, Adjusted",Source: Bloomberg
03/31/1990,938.340027,938.340027,,,,0.0,0.0,0.0,-373.97699,373.97699,373.97699,,0.0,,,,564.363037,-358.424988,63.854,64.237,84.513,145.820999,205.938004,4.468003,,,131.054001,,128.003998,188.733002,-69.563004,8.834,-1.418,210.406007,6.188,,216.593994,0.0,,,216.594007,0,216.593994,-27.753,,188.840994,188.840994,,376.261993,0.5,0.5,0.5,376.261993,0.5,0.5,0.5,
06/30/1990,1043.895996,1043.895996,,,,0.0,0.0,0.0,-409.747986,409.747986,409.747986,,0.0,,,,634.14801,-380.790009,72.504997,64.748001,81.935997,161.600998,253.358002,12.899999,,,123.573997,,118.001999,172.518005,-65.651001,11.135,-7.328,266.258,-14.996,,251.261993,0.0,,,251.262,0,251.261993,-29.912001,,221.349993,221.349993,,387.078003,0.57,0.57,0.57,387.078003,0.57,0.57,0.57,
09/30/1990,1412.462036,1412.462036,,,,0.0,0.0,0.0,-496.259003,496.259003,496.259003,,0.0,,,,916.203033,-420.178986,66.155998,88.474998,83.349998,182.197998,496.023987,-25.597007,,,97.963997,,131.438004,173.054993,-52.491001,10.874,-7.877,470.42698,-95.903999,,374.52301,0.0,,,374.522981,0,374.52301,-29.863001,,344.660009,344.660009,,390.403992,0.885,0.885,0.885,390.403992,0.885,0.885,0.885,
12/31/1990,1147.925049,1147.925049,,,,0.0,0.0,0.0,-397.678986,397.678986,397.678986,,0.0,,,,750.246063,-508.143005,94.042,110.154999,97.953003,205.992996,242.102997,-98.224997,,,49.855,,156.186996,177.106995,-27.865999,6.946,-8.107,143.878,-17.187,,126.691002,0.0,,,126.691,0,126.691002,-30.74,,95.951002,95.951002,,392.174011,0.245,0.245,0.245,392.174011,0.245,0.245,0.245,
03/31/1991,1094.477051,1094.477051,,,,0.0,0.0,0.0,-365.556,365.556,365.556,,0.0,,,,728.921051,-462.807007,66.305,110.741997,94.913002,190.847,266.114014,-96.903995,,,51.990002,,158.492996,179.272003,-28.882,8.103,-9.599,169.210019,-14.687,,154.522995,0.0,,,154.523019,0,154.522995,-30.450001,,124.072994,124.072994,,405.06601,0.305,0.305,0.305,405.06601,0.305,0.305,0.305,
06/30/1991,1197.427979,1197.427979,,,,0.0,0.0,0.0,-412.941986,412.941986,412.941986,,0.0,,,,784.485992,-483.09201,82.516998,111.820999,93.925003,194.828995,301.394012,-102.015,,,53.810001,,167.039001,181.365005,-29.684,15.358,-11.214,199.379012,-18.701,,180.677994,0.0,,,180.678012,0,180.677994,-30.374001,,150.303993,150.303993,,414.355988,0.365,0.365,0.365,414.355988,0.365,0.365,0.365,
09/30/1991,1449.717041,1449.717041,,,,0.0,0.0,0.0,-464.584015,464.584015,464.584015,,0.0,,,,985.133026,-517.057007,67.356003,110.611,137.569,201.520996,468.075989,-1476.491989,,,93.192001,,203.720001,189.261002,-29.99,44.449001,1365.963989,-1008.416,273.17099,,-735.244995,0.0,,,-735.24501,0,-735.244995,-30.454,,-765.698996,-765.698996,,418.059998,-1.83,-1.83,-1.83,418.059998,-1.83,-1.83,-1.83,
12/31/1991,1151.551025,1151.551025,,,,0.0,0.0,0.0,-420.191986,420.191986,420.191986,,0.0,,,,731.359039,-511.158997,93.246002,103.703003,122.468002,191.742004,220.199997,-105.835999,,,52.751999,,173.475998,189.306,-23.745001,7.915,-14.888,114.363997,-2.681,,111.682999,0.0,,,111.682997,0,111.682999,-30.325001,,81.357998,81.357998,,419.730011,0.195,0.195,0.195,419.730011,0.195,0.195,0.195,
03/31/1992,1057.160034,1057.160034,,,,0.0,0.0,0.0,-357.114014,357.114014,357.114014,,0.0,,,,700.046021,-461.792999,70.412003,103.735001,108.375,179.270996,238.253006,-110.628,,,46.671001,,167.942001,186.776001,-26.375999,7.542,-10.643,127.625006,-11.911,,115.713997,-80.906998,,,196.621003,0,196.621002,-30.274,,166.347002,166.347002,,424.614014,0.39,0.2,0.2,424.614014,0.39,0.2,0.2,
06/30/1992,1196.064941,1196.064941,,,,0.0,0.0,0.0,-382.011993,382.011993,382.011993,,0.0,,,,814.052948,-478.490997,77.924004,104.775002,107.800003,187.992004,335.562012,-103.928006,,,49.514999,,160.990005,180.875,-27.888,8.003,-7.547,231.634006,-44.778,,186.856003,0.0,,,186.856006,0,186.856003,-30.166,,156.690002,156.690002,,428.041992,0.365,0.365,0.365,428.041992,0.365,0.365,0.365,
09/30/1992,1478.473022,1478.473022,,,,0.0,0.0,0.0,-475.794006,475.794006,475.794006,,0.0,,,,1002.679016,-473.434998,64.996002,105.726997,112.573997,190.138,529.244019,-93.037004,,,52.507,,155.617004,175.917999,-29.542999,9.242,-10.073,436.207014,-111.160004,,325.046997,0.0,,,325.04701,0,325.046997,-30.087,,294.959997,294.959997,,431.514008,0.685,0.685,0.685,431.514008,0.685,0.685,0.685,
12/31/1992,1176.177979,1176.177979,,,,0.0,0.0,0.0,-463.593994,463.593994,463.593994,,0.0,,,,712.583985,-481.235992,87.918999,107.063004,112.310997,173.942993,231.348007,-106.686998,,,45.769001,,160.029999,177.160004,-25.929001,8.799,-7.574,124.661009,-14.656,,110.004997,0.0,,,110.005009,0,110.004997,-27.891001,,82.113996,82.113996,,434.630004,0.19,0.19,0.19,434.630004,0.19,0.19,0.19,
03/31/1993,1142.493042,1142.493042,,,,0.0,0.0,0.0,-414.464996,414.464996,414.464996,,0.0,,,,728.028046,-452.335999,68.158997,107.595001,87.946999,188.634995,275.691986,-80.241004,,,56.715,,146.214005,179.800995,-42.733002,9.146,-9.258,195.450982,-12.347,,183.104004,0.0,,,183.103982,0,183.104004,-29.988001,,153.116003,153.116003,,437.622009,0.35,0.35,0.35,437.622009,0.35,0.35,0.35,
06/30/1993,1255.952026,1255.952026,,,,0.0,0.0,0.0,-438.757996,438.757996,438.757996,,0.0,,,,817.194031,-486.087006,79.530998,108.047997,112.972,185.535995,331.106995,-79.560002,,,57.816002,,144.757004,181.455002,-43.561001,6.863,-7.381,251.546993,-59.923,,191.623993,0.0,,,191.623992,0,191.623993,-28.958,,162.665993,162.665993,,440.373993,0.37,0.37,0.37,440.373993,0.37,0.37,0.37,
09/30/1993,1786.282959,1786.282959,,,,0.0,0.0,0.0,-565.575012,565.575012,565.575012,,0.0,,,,1220.707947,-567.625977,104.518997,125.169998,124.154999,213.781998,653.08197,-481.642017,,,31.479,,164.938004,181.335007,-23.716999,7.32,348.183014,171.439953,-91.619003,,79.820999,0.0,,,79.82095,0,79.820999,-28.15,,51.671,51.671,,445.81601,0.115,0.115,0.115,445.81601,0.115,0.115,0.115,
12/31/1993,1249.784058,1249.784058,,,,0.0,0.0,0.0,-439.256012,439.256012,439.256012,,0.0,,,,810.528046,-561.36499,97.794998,98.735001,140.233002,224.602005,249.162994,-174.164995,,,4.115,,183.785995,177.957993,-3.097,8.925,-5.506,74.997999,-45.654999,,29.343,0.0,,,29.343,0,29.343,-28.136,,1.207,1.207,,448.62799,0.0025,0.005,0.005,448.62799,0.0025,0.005,0.005,
03/31/1994,1301.378052,1301.378052,,,,0.0,0.0,0.0,-417.285004,417.285004,417.285004,,0.0,,,,884.093048,-570.950989,72.378998,136.598007,147.662994,214.311005,313.141998,-171.846996,,,2.889,,184.061996,172.468002,-2.474,14.068,-9.326,141.295002,-46.466999,,94.828003,0.0,,,94.828003,0,94.828003,-28.082001,,66.746002,66.746002,,451.623993,0.15,0.15,0.15,451.623993,0.15,0.15,0.15,
06/30/1994,1430.269043,1430.269043,,,,0.0,0.0,0.0,-434.303009,434.303009,434.303009,,0.0,,,,995.966034,-568.846008,82.942001,137.100006,144.972,203.832001,427.119995,-171.925001,,,3.092,,181.929001,165.145004,-2.647,19.431,-6.912,255.194994,-82.977997,,172.216995,0.0,,,172.216998,0,172.216995,-25.99,,146.226995,146.226995,,451.682007,0.325,0.325,0.325,451.682007,0.325,0.325,0.325,
09/30/1994,1702.019043,1702.019043,,,,0.0,0.0,0.0,-504.546997,504.546997,504.546997,,0.0,,,,1197.472046,-545.439026,70.036003,137.697998,122.416,215.289001,652.03302,-168.488004,,,3.194,,178.145004,161.970993,-2.697,18.871,-6.463,483.545016,-165.169998,,318.375,0.0,,,318.375017,0,318.375,-24.125,,294.25,294.25,,451.682007,0.65,0.65,0.65,451.682007,0.65,0.65,0.65,
12/31/1994,1229.876953,1229.876953,,,,0.0,0.0,0.0,-372.955994,372.955994,372.955994,,0.0,,,,856.920959,-600.659973,79.584,138.143005,144.093002,238.839996,256.260986,-164.976004,,,1.599,,171.479004,160.483002,-3.443,14.439,-4.904,91.284982,-32.022999,,59.262001,0.0,,,59.261983,0,59.262001,-23.686001,,35.576,35.576,,451.682006,0.08,0.08,0.08,451.682006,0.08,0.08,0.08,
03/31/1995,1244.265015,1244.265015,,,,0.0,0.0,0.0,-390.59201,390.59201,390.59201,,0.0,,,,853.673004,-542.328979,68.831001,138.914001,138.968002,195.615997,311.343994,-166.669998,,,-0.054,,171.350998,160.115005,-5.169,16.405001,-4.735,144.673996,-45.716999,,98.957001,0.0,,,98.956997,0,98.957001,-23.546,,75.411001,75.411001,,451.682007,0.165,0.165,0.165,451.682007,0.165,0.165,0.165,
06/30/1995,1353.998047,1353.998047,,,,0.0,0.0,0.0,-392.277008,392.277008,392.277008,,0.0,,,,961.721039,-539.416016,65.970001,139.244995,130.339005,203.862,422.304993,-168.059995,,,0.006,,172.453995,162.516998,-4.643,14.58,-4.388,254.244998,-84.578003,,169.667007,0.0,,,169.666995,0,169.667007,-21.235001,,148.432007,148.432007,,451.600006,0.33,0.33,0.33,451.600006,0.33,0.33,0.33,
09/30/1995,1775.668945,1775.668945,,,,0.0,0.0,0.0,-490.816986,490.816986,490.816986,,0.0,,,,1284.851959,-542.153015,68.920998,139.778,126.924004,206.529999,742.698975,-1396.268041,,,0.005,,168.154999,156.119003,-4.596,16.632,1228.118042,-653.569066,232.985992,,-420.583008,0.0,,,-420.583074,0,-420.583008,-21.132999,,-441.716007,-441.716007,,451.682007,-0.98,-0.98,-0.98,451.682007,-0.98,-0.98,-0.98,
12/31/1995,1264.755981,1264.755981,,,,0.0,0.0,0.0,-367.303986,367.303986,367.303986,,0.0,,,,897.451995,-586.172974,86.289001,145.882004,140.376999,213.625,311.278992,-168.594004,,,6.723,,178.895004,92.296997,-0.919,87.516998,-3.578,142.684988,-42.655998,,100.028999,0.0,,,100.02899,0,100.028999,-20.801001,,79.227998,79.227998,,451.600006,0.175,0.175,0.175,451.600006,0.175,0.175,0.175,
03/31/1996,1463.900024,1463.900024,,,,0.0,0.0,0.0,-481.830994,481.830994,481.830994,,0.0,,,,982.069031,-567.130981,71.018997,153.309006,132.378998,210.423996,414.937988,-192.029003,,,0.546,,195.619003,185.434998,-3.956,14.14,-3.044,222.908985,-74.167,,148.742004,0.0,,,148.741985,0,148.742004,-22.667999,,126.074005,126.074005,,451.682007,0.28,0.28,0.28,451.682007,0.28,0.28,0.28,
06/30/1996,1691.312988,1691.312988,,,,0.0,0.0,0.0,-554.619995,554.619995,554.619995,,0.0,,,,1136.692993,-601.645996,86.669998,154.444,129.511002,231.020996,535.046997,-219.049999,,,0.366,,214.667999,217.248993,-2.581,0.0,4.748,315.996998,-91.484001,,224.513,0.0,,,224.512996,0,224.513,-21.556,,202.957001,202.957001,,451.186005,0.45,0.45,0.45,451.186005,0.45,0.45,0.45,
09/30/1996,1930.097046,1930.097046,,,,0.0,0.0,0.0,-600.68103,600.68103,600.68103,,0.0,,,,1329.416016,-585.80603,,155.664001,128.837997,301.303986,743.609985,-184.892006,,,0.38,,190.462006,178.477997,-2.716,14.7,-5.19,558.717979,-179.365005,,379.352997,0.0,,,379.352974,0,379.352997,-21.370001,,357.982996,357.982996,,449.205994,0.795,0.795,0.795,449.205994,0.795,0.795,0.795,
12/31/1996,1465.618042,1465.618042,,,,0.0,0.0,0.0,-499.177002,499.177002,499.177002,,0.0,,,,966.44104,-814.734985,,157.087997,144.115997,513.531006,151.705994,-191.821996,,,0.283,,185.895996,187.891006,-1.995,,6.209,-40.116002,-30.216,,-70.332001,0.0,,,-70.332002,0,-70.332001,-20.764999,,-91.097,-91.097,,449.205994,0.15,0.15,0.15,449.205994,0.15,0.15,0.15,
03/31/1997,1493.803955,1493.803955,,,,0.0,0.0,0.0,-492.281006,492.281006,492.281006,,0.0,,,,1001.522949,-619.716003,,158.210007,136.306,325.200012,381.807007,-181.434998,,,0.313,,179.378998,167.703003,-2.305,13.981,2.369,200.372009,-58.263,,142.108994,0.0,,,142.109009,0,142.108994,-27.309999,,114.798994,114.798994,,449.205994,0.255,0.255,0.255,452.428009,0.255,0.255,0.255,
06/30/1997,1588.484985,1588.484985,,,,0.0,0.0,0.0,-499.114014,499.114014,499.114014,,0.0,,,,1089.370972,-629.442017,,158.580994,124.907997,345.953003,459.928986,-187.186993,,,0.347,,179.373993,182.007004,-2.633,0.0,8.16,272.741993,-89.991997,,182.75,0.0,,,182.749996,0,182.75,-22.004,,160.746,160.746,,449.231995,0.36,0.36,0.36,449.231995,0.36,0.36,0.36,
09/30/1997,2264.945068,2264.945068,,,,,0.0,0.0,-875.802979,670.460022,670.460022,,205.343002,,,,1389.142089,-704.098022,,172.865005,140.412994,390.820007,685.044006,-202.954,,,1.332,,199.319,201.089005,-1.77,0.0,4.967,482.090006,-168.876999,,313.213013,0.0,,,313.213007,0,313.213013,-23.603001,,289.610012,289.610012,,466.56601,0.62,0.62,0.845,466.56601,0.62,0.62,0.845,
12/31/1997,2598.374023,2598.374023,,,,,0.0,0.0,-1398.468018,550.833984,550.833984,,847.633972,,,,1199.906005,-820.015015,,176.792007,157.046005,486.177002,379.890991,-200.059006,,,3.244,,195.975006,198.156998,-2.182,0.0,7.328,179.831985,-59.765999,,120.066002,0.0,,,120.065986,0,120.066002,-24.767,,95.299002,95.299002,,482.661988,0.195,0.195,0.195,482.661988,0.19,0.19,0.19,
03/31/1998,2500.0,2500.0,,,,,0.0,,-1298.0,454.0,454.0,,844.0,,,,1202.0,-776.0,,185.0,163.0,428.0,426.0,-220.0,,,,8.0,218.0,204.0,-3.0,17.0,10.0,206.0,-74.0,,132.0,0.0,,,132.0,0,132.0,-5.0,,127.0,127.0,,490.0,0.26,0.26,0.26,490.0,0.255,0.255,0.255,
06/30/1998,3236.0,3236.0,,,,,0.0,,-1733.0,859.0,859.0,,874.0,,,,1503.0,-1029.0,,261.0,150.0,618.0,474.0,-311.0,,,,26.0,315.0,300.0,-2.0,17.0,22.0,163.0,-76.0,,87.0,0.0,,,87.0,0,87.0,-4.0,,83.0,83.0,,502.0,0.165,0.165,0.165,502.0,0.165,0.165,0.165,
09/30/1998,4380.0,4380.0,,,,,0.0,,-2292.0,1157.0,1157.0,,1135.0,,,,2088.0,-1305.0,,398.0,156.0,751.0,783.0,-302.0,,,,66.0,417.0,399.0,-2.0,20.0,-49.0,481.0,-184.0,,297.0,0.0,,,297.0,0,297.0,-4.0,,293.0,293.0,,562.0,0.52,0.52,0.52,562.0,0.52,0.52,0.52,
12/31/1998,4621.257812,3328.0,,,,1293.258057,0.0,,-2603.196045,1328.458984,1328.458984,,1274.737061,,,,2018.061767,-1237.421997,,303.154999,172.804001,761.463013,780.640015,-328.236984,,,,,394.915985,396.705994,-1.79,,-66.679001,452.403031,-192.408997,,259.993988,0.0,,,259.994034,0,259.993988,-23.235001,,236.758987,236.758987,,532.041992,0.445,0.445,0.38,532.041992,0.445,0.445,0.38,
03/31/1999,4468.0,4468.0,,,,,0.0,,-2678.0,1290.0,1290.0,,1388.0,,,,1790.0,-1177.0,,290.0,159.0,728.0,613.0,-348.0,,,,32.0,374.0,353.0,-3.0,24.0,6.0,265.0,-79.0,,186.0,0.0,,,186.0,0,186.0,-4.0,,182.0,182.0,,564.0,0.325,0.325,0.325,564.0,0.325,0.325,0.325,
06/30/1999,3729.0,1519.0,,,,146.0,0.0,2064.0,-1983.0,1101.0,1101.0,,882.0,,,,1746.0,-1225.0,,355.0,158.0,712.0,521.0,-373.0,,,,30.0,381.0,361.0,-3.0,23.0,22.0,148.0,-46.0,,102.0,0.0,,,102.0,0,102.0,-26.0,,76.0,76.0,,560.926,0.175,0.175,0.26,560.926,0.175,0.175,0.26,
09/30/1999,4435.0,2077.0,,,,143.0,0.0,2215.0,-2368.0,1228.0,1228.0,,1140.0,,,,2067.0,-1182.0,,303.0,154.0,725.0,885.0,-326.0,,,,36.0,377.0,373.0,-1.0,5.0,-15.0,559.0,-195.0,,364.0,0.0,,,364.0,0,364.0,-28.0,,336.0,336.0,,552.588,0.655,0.655,0.655,552.588,0.655,0.655,0.655,
12/31/1999,4486.0,1371.0,,,,255.0,0.0,2860.0,-2228.0,2228.0,2228.0,,,,,,2258.0,-1683.0,,227.0,171.0,1285.0,575.0,-75.0,,,,,366.0,369.0,-3.0,,-291.0,500.0,-129.0,,371.0,0.0,,,371.0,0,371.0,-28.0,,343.0,343.0,,551.366,0.62,0.62,0.62,551.366,0.62,0.62,0.62,
03/31/2000,4776.0,4776.0,,,,,,,-2896.0,2896.0,2896.0,,,,,,1880.0,-1258.0,,313.0,160.0,785.0,622.0,-338.0,,,,36.0,366.0,360.0,-2.0,8.0,8.0,284.0,-87.0,,197.0,0.0,,,197.0,0,197.0,-4.0,,193.0,193.0,,544.0,0.355,0.355,0.355,544.0,0.355,0.355,0.355,
06/30/2000,4592.0,1698.0,,,,148.0,0.0,2746.0,-2902.0,2902.0,2902.0,,,,,,1690.0,-1122.0,,305.0,159.0,658.0,568.0,-244.0,,,,31.0,377.0,368.0,-3.0,12.0,-102.0,324.0,-94.0,,230.0,0.0,,,230.0,0,230.0,-34.0,,196.0,196.0,,526.0,0.435,0.435,0.335,526.0,0.435,0.435,0.335,
09/30/2000,5834.0,2462.0,,,,141.0,0.0,3231.0,-3794.0,3794.0,3794.0,,,,,,2040.0,-1225.0,,277.0,159.0,789.0,815.0,-318.0,,,,28.0,384.0,375.0,-3.0,12.0,-38.0,497.0,-160.0,,337.0,0.0,,,337.0,0,337.0,-41.0,,296.0,296.0,,524.0,0.625,0.625,0.625,524.0,0.625,0.625,0.625,
12/31/2000,6807.0,1936.0,,,,494.0,0.0,4377.0,-4859.0,4859.0,4859.0,,,,,,1948.0,-1476.0,,218.0,178.0,1080.0,472.0,-279.0,,,,,360.0,363.0,-3.0,,-81.0,193.0,4.0,,197.0,0.0,,,197.0,0,197.0,-41.0,,156.0,156.0,,514.0,0.305,0.305,0.305,514.0,0.305,0.305,0.305,
03/31/2001,8375.0,1839.0,,,,680.0,0.0,5856.0,-6392.0,6392.0,6392.0,,,,,,1983.0,-1313.0,,312.0,182.0,819.0,670.0,-373.0,,,,28.0,379.0,372.0,-5.0,12.0,22.0,297.0,-93.0,,204.0,0.0,,,204.0,0,204.0,-39.0,0.0,165.0,165.0,,514.0,0.38,0.38,0.415,514.0,0.38,0.38,0.415,
06/30/2001,6127.0,1945.0,,,,167.0,0.0,4015.0,-4145.0,4145.0,4145.0,,,,,,1982.0,-1398.0,,302.0,200.0,896.0,584.0,-281.0,,,,26.0,348.0,345.0,-7.0,10.0,-41.0,303.0,-92.0,,211.0,0.0,,,211.0,0,211.0,-40.0,0.0,171.0,171.0,,512.0,0.39,0.39,0.39,512.0,0.39,0.39,0.39,
09/30/2001,3967.0,3967.0,,,,,0.0,,-1903.0,1903.0,1903.0,,,,,,2064.0,-1507.0,,301.0,195.0,1011.0,557.0,-386.0,,,0.0,48.0,384.0,384.0,,,50.0,171.0,168.0,,339.0,0.0,,,339.0,0,339.0,-5.0,,334.0,334.0,,520.0,0.64,0.64,0.71,520.0,0.64,0.64,0.71,
12/31/2001,6822.0,1503.0,,,,268.0,0.0,5051.0,-4821.0,4821.0,4821.0,,,,,,2001.0,-1525.0,,196.0,204.0,1125.0,476.0,-405.0,,,,,352.0,356.0,-4.0,,53.0,71.0,41.0,,112.0,154.0,,,-42.0,0,-42.0,-34.0,,-76.0,-76.0,,528.0,-0.145,0.15,0.375,528.0,-0.145,0.15,0.375,
03/31/2002,2453.0,2453.0,,,,,0.0,,-800.0,800.0,800.0,,,,,,1653.0,-1041.0,,220.0,118.0,703.0,612.0,-248.0,,,0.0,8.0,216.0,216.0,,,40.0,364.0,-107.0,,257.0,2.0,,,255.0,0,255.0,-5.0,,250.0,250.0,,530.0,0.47,0.475,0.51,530.0,0.47,0.475,0.505,
06/30/2002,2505.0,2505.0,,,,,0.0,,,,,,,,,,,-2045.0,,213.0,117.0,1715.0,460.0,-203.0,,,0.0,7.0,217.0,217.0,0.0,0.0,-7.0,257.0,-79.0,,178.0,-23.0,,,201.0,0,201.0,-6.0,,195.0,195.0,,538.0,0.365,0.32,0.32,538.0,0.365,0.32,0.32,
09/30/2002,2918.0,2918.0,,,,,0.0,,,,,,,,,,,-2334.0,,220.0,108.0,2006.0,584.0,-211.0,,,0.0,6.0,214.0,214.0,,,3.0,373.0,-118.0,,255.0,44.0,,,211.0,0,211.0,-5.0,,206.0,206.0,,564.0,0.365,0.44,0.46,564.0,0.365,0.44,0.46,
12/31/2002,2158.0,-161.0,,,,781.0,0.0,1538.0,-1136.0,1136.0,1136.0,,,,,,1022.0,-1099.0,,205.0,136.0,758.0,-77.0,-648.0,,,0.0,1.0,237.0,237.0,3.0,-12.0,412.0,-725.0,210.0,,-515.0,4362.0,,,-4877.0,0,-4877.0,-6.0,0.0,-4883.0,-4883.0,,594.0,-8.22,-0.905,-0.12,594.0,-8.22,-0.905,-0.12,
03/31/2003,2760.0,2760.0,,,,,0.0,,-1365.0,1365.0,1365.0,,,,,,1395.0,-994.0,,223.0,111.0,660.0,401.0,-241.0,,,0.0,10.0,247.0,247.0,,,4.0,160.0,-45.0,,115.0,70.0,,,45.0,0,45.0,-5.0,,40.0,40.0,,642.0,0.065,0.18,0.18,756.0,0.07,0.17,0.17,
06/30/2003,2149.0,2149.0,,,,,0.0,,-936.0,936.0,936.0,,,,,,1213.0,-802.0,,167.0,92.0,543.0,411.0,-181.0,,,0.0,7.0,201.0,201.0,0.0,0.0,-13.0,230.0,-70.0,,160.0,49.0,,,111.0,0,111.0,-6.0,,105.0,105.0,,642.0,0.165,0.25,0.25,756.0,0.155,0.225,0.225,
09/30/2003,2615.0,2615.0,,,,,0.0,,-1102.0,1102.0,1102.0,,,,,,1513.0,-838.0,,183.0,92.0,563.0,675.0,-173.0,,,0.0,5.0,194.0,194.0,,,-16.0,502.0,-169.0,,333.0,-64.0,,,397.0,0,397.0,-5.0,,392.0,392.0,,644.0,0.61,0.52,0.52,758.0,0.535,0.455,0.455,
12/31/2003,1076.0,1076.0,,,,0.0,0.0,0.0,-237.0,237.0,237.0,0.0,0.0,,,,839.0,-776.0,0.0,151.0,95.0,530.0,63.0,-137.0,,,0.0,14.0,142.0,142.0,0.0,0.0,9.0,-74.0,32.0,,-42.0,-71.0,,,29.0,0,29.0,-6.0,0.0,23.0,23.0,,648.0,0.03,0.105,0.105,762.0,0.35,0.1,0.1,
03/31/2004,2992.0,2992.0,,,,,0.0,,-1412.0,1412.0,1412.0,,,,,,1580.0,-1042.0,,235.0,108.0,699.0,538.0,-242.0,,,0.0,5.0,237.0,237.0,,,10.0,296.0,-95.0,,201.0,19.0,,,182.0,0,182.0,-5.0,,177.0,177.0,,646.0,0.275,0.31,0.34,760.0,0.25,0.285,0.315,
06/30/2004,2296.0,2296.0,,,,,0.0,,-1013.0,1013.0,1013.0,,,,,,1283.0,-938.0,,178.0,86.0,674.0,345.0,-594.0,,,0.0,2.0,174.0,174.0,0.0,0.0,422.0,-249.0,157.0,,-92.0,-346.0,,,254.0,0,254.0,-5.0,-849.0,-600.0,-600.0,,640.0,-0.935,-1.48,0.25,640.0,-0.935,-1.48,0.25,
09/30/2004,2743.0,2743.0,,,,,0.0,,-1134.0,1134.0,1134.0,,,,,,1609.0,-917.0,,210.0,94.0,613.0,692.0,-121.0,,,0.0,,163.0,163.0,0.0,0.0,-42.0,571.0,-188.0,,383.0,-287.0,,,670.0,0,670.0,-5.0,0.0,665.0,665.0,,590.0,1.125,0.64,1.105,590.0,0.67,0.185,0.655,
12/31/2004,2130.0,2130.0,,,,0.0,0.0,0.0,-794.0,794.0,794.0,,,,,,1336.0,-940.0,,137.0,102.0,656.0,396.0,-733.0,,,0.0,,121.0,174.0,0.0,0.0,612.0,-337.0,50.0,,-340.0,279.0,,,-566.0,0,-621.0,-7.0,0.0,-628.0,-628.0,,540.0,-1.16,-0.65,0.335,540.0,-1.16,-0.65,0.335,
03/31/2005,2058.0,2058.0,,,,,0.0,,-761.0,761.0,761.0,,,,,,1297.0,-787.0,,187.0,85.0,515.0,510.0,-130.0,,,0.0,19.0,195.0,192.0,-4.0,7.0,-46.0,380.0,26.0,,406.0,-15.0,,,421.0,0,421.0,-5.0,,416.0,416.0,,476.0,0.88,0.85,0.51,476.0,-0.1,-0.13,0.51,
06/30/2005,2535.0,2535.0,,,,0.0,0.0,0.0,-960.0,960.0,960.0,,0.0,,,,1575.0,-806.0,,189.0,81.0,536.0,769.0,-204.0,,,0.0,0.0,189.0,188.0,-4.0,5.0,15.0,565.0,-182.0,,383.0,0.0,,,383.0,0,383.0,-4.0,0.0,379.0,379.0,,476.0,0.79,0.8,0.87,486.0,0.7,0.71,0.78,
09/30/2005,3314.0,3314.0,,,,0.0,0.0,0.0,-1449.0,1449.0,1449.0,,0.0,,,,1865.0,-841.0,,203.0,93.0,545.0,1024.0,-167.0,,,0.0,16.0,207.0,207.0,0.0,0.0,-24.0,857.0,-286.0,,571.0,6.0,,,565.0,0,565.0,-2.0,0.0,563.0,563.0,,478.0,1.18,1.19,1.2,489.0,1.16,1.17,1.18,
12/31/2005,2755.0,2755.0,,,,0.0,0.0,0.0,-1091.0,1091.0,1091.0,,0.0,,,,1664.0,-912.0,,197.0,105.0,610.0,752.0,-148.0,,,0.0,13.0,211.0,215.0,8.0,-12.0,-50.0,604.0,-190.0,,415.0,58.0,,,356.0,0,356.0,0.0,0.0,356.0,356.0,,476.0,0.74,0.85,0.88,486.0,0.74,0.85,0.88,
03/31/2006,2304.0,2304.0,,,,,0.0,,-521.0,521.0,521.0,,,,,,1783.0,-827.0,,205.0,86.0,536.0,956.0,-189.0,,,0.0,9.0,213.0,214.0,-5.0,4.0,-15.0,767.0,-251.0,,516.0,-60.0,,,576.0,0,576.0,0.0,,576.0,576.0,,464.0,1.24,1.11,1.11,474.0,1.22,1.09,1.09,
06/30/2006,2667.0,2667.0,,,,0.0,0.0,0.0,-658.0,658.0,658.0,,0.0,,,,2009.0,-816.0,,207.0,87.0,522.0,1193.0,-386.0,,,0.0,11.0,218.0,224.0,-10.0,4.0,179.0,807.0,-310.0,,497.0,0.0,,,497.0,0,497.0,0.0,0.0,497.0,497.0,,458.0,1.08,1.08,1.6,465.0,1.07,1.07,1.59,
09/30/2006,3510.0,3510.0,,,,0.0,0.0,0.0,-1002.0,1002.0,1002.0,,0.0,,,,2508.0,-863.0,,216.0,102.0,545.0,1645.0,-186.0,,,0.0,10.0,209.0,209.0,0.0,0.0,-13.0,1459.0,-475.0,,984.0,-20.0,,,1004.0,0,1004.0,0.0,0.0,1004.0,1004.0,,459.0,2.19,2.15,2.14,466.0,2.15,2.11,2.1,
12/31/2006,2375.0,2375.0,,,,0.0,0.0,0.0,-603.0,603.0,603.0,,0.0,,,,1772.0,-906.0,,202.0,115.0,589.0,866.0,-171.0,,,0.0,16.0,190.0,183.0,15.0,-8.0,-3.0,695.0,-227.0,,468.0,-7.0,,,475.0,0,475.0,0.0,0.0,475.0,475.0,,460.0,1.04,1.02,1.2,467.0,1.02,1.0,1.18,
03/31/2007,1669.0,1669.0,,,,,0.0,,-665.0,665.0,665.0,,,,,,1004.0,-854.0,,204.0,87.0,563.0,150.0,-920.0,,,0.0,17.0,197.0,215.0,-22.0,4.0,740.0,-770.0,273.0,,-497.0,,,,-497.0,0,-497.0,0.0,,-497.0,-497.0,,458.0,-1.09,-1.09,0.96,458.0,-1.09,-1.09,0.96,
06/30/2007,2022.0,2022.0,,,,0.0,0.0,0.0,-739.0,739.0,739.0,,,,,,1283.0,-884.0,,200.0,89.0,595.0,399.0,-310.0,,,0.0,17.0,221.0,221.0,0.0,0.0,106.0,89.0,21.0,,110.0,-11.0,,,121.0,0,121.0,0.0,,121.0,121.0,,459.0,0.26,0.24,0.93,464.0,0.26,0.24,0.93,
09/30/2007,3445.0,3445.0,,,,0.0,0.0,0.0,-882.0,882.0,882.0,,0.0,,,,2563.0,-881.0,,209.0,93.0,579.0,1682.0,-197.0,,,0.0,19.0,226.0,226.0,0.0,0.0,-10.0,1485.0,-506.0,,979.0,-13.0,,,992.0,0,992.0,0.0,0.0,992.0,992.0,,460.0,2.15,2.12,2.12,465.0,2.13,2.1,2.1,
12/31/2007,856.0,856.0,,,,0.0,0.0,0.0,-739.0,739.0,739.0,,0.0,,,,117.0,-1125.0,,436.0,106.0,583.0,-1008.0,-822.0,,,0.0,27.0,866.0,848.0,22.0,-4.0,-17.0,-1830.0,576.0,,-1254.0,-1.0,,,-1253.0,0,-1253.0,0.0,0.0,-1253.0,-1253.0,,1664.944946,-0.75,-0.75,-0.75,1664.944946,-0.75,-0.75,-0.75,
03/31/2008,2354.0,2354.0,,,,0.0,0.0,0.0,-821.0,821.0,821.0,,0.0,,,,1533.0,-1055.0,,395.0,86.0,574.0,478.0,-2407.0,,,0.0,5.0,843.0,843.0,0.0,0.0,1569.0,-1929.0,660.0,,-1269.0,0.0,,,-1269.0,0,-1269.0,0.0,0.0,-1269.0,-1269.0,,1665.585,-0.76,-0.76,-0.76,1665.585,-0.76,-0.76,-0.76,
06/30/2008,2951.0,2951.0,,,,0.0,0.0,0.0,-1416.0,1416.0,1416.0,,,,,,1535.0,-5835.0,,390.0,81.0,5364.0,-4300.0,-834.0,,,0.0,8.0,831.0,831.0,0.0,0.0,11.0,-5134.0,1803.0,,-3331.0,0.0,,,-3331.0,0,-3331.0,0.0,0.0,-3331.0,-3331.0,,1667.005493,-2.0,-2.0,-2.0,1667.005493,-2.0,-2.0,-2.0,
09/30/2008,3695.0,3695.0,,,,0.0,0.0,0.0,-1631.0,1631.0,1631.0,,0.0,,,,2064.0,-1142.0,,431.0,92.0,619.0,922.0,4696.0,,,0.0,9.0,831.0,831.0,0.0,0.0,-5518.0,5618.0,-2001.0,,3617.0,0.0,,,3617.0,0,3617.0,0.0,0.0,3617.0,3617.0,,1666.701901,2.17,2.17,2.17,1666.701901,2.17,2.17,2.17,
12/31/2008,2364.0,2364.0,,,,0.0,0.0,0.0,-727.0,727.0,727.0,,0.0,,,,1637.0,3599.0,,394.0,104.0,-4097.0,5236.0,-14260.0,,,0.0,5.0,2430.0,2430.0,0.0,0.0,11835.0,-9024.0,9.0,,-9015.0,0.0,,,-9015.0,160,-8855.0,0.0,0.0,-8855.0,-8855.0,,1667.253807,-5.31,-5.31,0.07,1667.253807,-5.31,-5.31,0.07,
03/31/2009,2139.0,2139.0,,,,0.0,0.0,0.0,-601.0,601.0,601.0,,0.0,,,,1538.0,-1125.0,,407.0,85.0,633.0,413.0,374.0,,,0.0,1.0,667.0,667.0,0.0,0.0,-1040.0,787.0,-333.0,,454.0,0.0,,,454.0,-12,442.0,0.0,0.0,442.0,442.0,,1666.630298,0.27,0.27,0.32,1666.630298,0.27,0.27,0.32,
06/30/2009,2342.0,2342.0,,,,0.0,0.0,0.0,-700.0,700.0,700.0,,0.0,,,,1642.0,-1167.0,,423.0,79.0,665.0,475.0,-662.0,,,0.0,11.0,431.0,431.0,0.0,0.0,242.0,-187.0,48.0,,-139.0,0.0,,,-139.0,-16,-155.0,0.0,0.0,-155.0,-155.0,,1666.417409,-0.09,-0.09,-0.09,1666.417409,-0.09,-0.09,-0.09,
09/30/2009,2885.0,2885.0,,,,0.0,0.0,0.0,-870.0,870.0,870.0,,0.0,,,,2015.0,-1215.0,,456.0,94.0,665.0,800.0,-885.0,,,0.0,18.0,1039.0,1039.0,0.0,0.0,-136.0,-85.0,31.0,,-54.0,0.0,,,-54.0,-26,-80.0,0.0,0.0,-80.0,-80.0,,,,,,,,,,
12/31/2009,2180.0,2180.0,,,,0.0,0.0,0.0,-707.0,707.0,707.0,,0.0,,,,1473.0,-1272.0,,,101.0,703.0,201.0,59.0,,,0.0,15.0,775.0,775.0,0.0,0.0,-819.0,260.0,-113.0,,147.0,0.0,,,147.0,-10,137.0,0.0,0.0,137.0,137.0,,1664.382574,0.03,0.03,0.03,1664.382574,0.03,0.03,0.03,
03/31/2010,1999.0,1999.0,,,,0.0,0.0,0.0,-1047.0,1047.0,1047.0,,0.0,,,,952.0,-748.0,,342.0,22.0,384.0,204.0,354.0,,,0.0,10.0,954.0,954.0,0.0,0.0,-1298.0,558.0,-203.0,,355.0,0.0,,,355.0,0,355.0,0.0,0.0,355.0,355.0,,1668.630992,0.21,0.21,0.21,1668.630992,0.21,0.21,0.21,
06/30/2010,1993.0,1993.0,,,,0.0,0.0,0.0,-1074.0,1074.0,1074.0,0.0,0.0,,,,919.0,-790.0,0.0,350.0,26.0,414.0,129.0,-792.0,,,0.0,0.0,1122.0,1122.0,0.0,0.0,-330.0,-663.0,237.0,,-426.0,0.0,,,-426.0,0,-426.0,0.0,0.0,-426.0,-426.0,,1669.277542,-0.26,-0.26,-0.26,1669.277542,-0.26,-0.26,-0.26,
09/30/2010,2607.0,2607.0,,,,0.0,0.0,0.0,-1400.0,1400.0,1400.0,,0.0,,,,1207.0,-760.0,,352.0,24.0,384.0,447.0,-2979.0,,,0.0,0.0,1018.0,1018.0,0.0,0.0,1961.0,-2532.0,-370.0,,-2902.0,0.0,,,-2902.0,0,-2902.0,0.0,0.0,-2902.0,-2902.0,,1669.277542,-1.74,-1.74,-0.14,1669.277542,-1.74,-1.74,-0.14,
12/31/2010,1636.0,1636.0,,,,0.0,0.0,0.0,-850.0,850.0,850.0,0.0,0.0,,,,786.0,-803.0,0.0,363.0,34.0,406.0,-17.0,231.0,,,0.0,0.0,460.0,460.0,0.0,0.0,-691.0,214.0,-53.0,,161.0,0.0,,,161.0,0,161.0,0.0,0.0,161.0,161.0,,1669.277542,0.1,0.1,0.1,1669.277542,0.1,0.1,0.1,
03/31/2011,1672.0,1672.0,,,,0.0,0.0,0.0,-830.0,830.0,830.0,0.0,0.0,,,,842.0,-771.0,0.0,369.0,21.0,381.0,71.0,-648.0,,,0.0,2.0,643.0,643.0,0.0,0.0,7.0,-577.0,215.0,,-362.0,0.0,,,-362.0,0,-362.0,0.0,0.0,-362.0,-362.0,,1669.277542,-0.22,-0.22,-0.22,1669.277542,-0.22,-0.22,-0.22,
06/30/2011,1679.0,1679.0,,,,0.0,0.0,0.0,-838.0,838.0,838.0,0.0,0.0,,,,841.0,-628.0,0.0,371.0,22.0,235.0,213.0,-1302.0,,,0.0,,1301.0,1301.0,0.0,0.0,1.0,-1089.0,384.0,,-705.0,0.0,,,-705.0,0,-705.0,0.0,0.0,-705.0,-705.0,,1675.597195,-0.42,-0.42,-0.42,1675.597195,-0.42,-0.42,-0.42,
09/30/2011,2321.0,2321.0,,,,0.0,0.0,0.0,-1058.0,1058.0,1058.0,0.0,0.0,,,,1263.0,-802.0,0.0,379.0,21.0,402.0,461.0,-1614.0,,,0.0,,1523.0,1523.0,0.0,0.0,91.0,-1153.0,443.0,,-710.0,0.0,,,-710.0,0,-710.0,0.0,0.0,-710.0,-710.0,,1675.588195,-0.42,-0.42,-0.24,1675.588195,-0.42,-0.42,-0.24,
12/31/2011,1368.0,1368.0,,,,0.0,0.0,0.0,-670.0,670.0,670.0,0.0,0.0,,,,698.0,-870.0,0.0,380.0,32.0,458.0,-172.0,-56.0,,,0.0,,827.0,827.0,0.0,0.0,-771.0,-228.0,92.0,,-136.0,0.0,,,-136.0,0,-136.0,0.0,0.0,-136.0,-136.0,,1679.539245,-0.08,-0.08,-0.12,1679.539245,-0.08,-0.08,-0.12,
03/31/2012,1222.0,1222.0,,,,0.0,0.0,0.0,-628.0,628.0,628.0,0.0,0.0,,,,594.0,-721.0,0.0,337.0,19.0,365.0,-127.0,-357.0,,,0.0,2.0,785.0,785.0,0.0,0.0,-426.0,-484.0,180.0,,-304.0,0.0,,,-304.0,0,-304.0,0.0,0.0,-304.0,-304.0,,1678.739245,-0.18,-0.18,-0.18,1678.739245,-0.18,-0.18,-0.18,
06/30/2012,1385.0,1385.0,,,,0.0,0.0,0.0,-674.0,674.0,674.0,0.0,0.0,,,,711.0,-745.0,0.0,343.0,17.0,385.0,-34.0,-1065.0,,,0.0,,1018.0,1018.0,0.0,0.0,47.0,-1099.0,403.0,,-696.0,0.0,,,-696.0,0,-696.0,0.0,0.0,-696.0,-696.0,,1678.739245,-0.41,-0.41,-0.41,1678.739245,-0.41,-0.41,-0.41,
09/30/2012,1752.0,1752.0,,,,0.0,0.0,0.0,-850.0,850.0,850.0,0.0,0.0,,,,902.0,-732.0,0.0,335.0,19.0,378.0,170.0,-873.0,,,0.0,1.0,944.0,944.0,0.0,0.0,-70.0,-703.0,296.0,,-407.0,0.0,,,-407.0,0,-407.0,0.0,0.0,-407.0,-407.0,,1680.539245,-0.24,-0.24,-0.24,1680.539245,-0.24,-0.24,-0.24,
12/31/2012,1277.0,1277.0,,,,0.0,0.0,0.0,-664.0,664.0,664.0,0.0,0.0,,,,613.0,-817.0,0.0,358.0,25.0,434.0,-204.0,-2102.0,,,0.0,-1.0,761.0,761.0,0.0,0.0,1340.0,-2306.0,353.0,,-1953.0,0.0,,,-1953.0,0,-1953.0,0.0,0.0,-1953.0,-1953.0,,1680.539245,-1.17,-1.17,-0.455,1680.539245,-1.17,-1.17,-0.455,
03/31/2013,1260.0,1260.0,,,,0.0,0.0,0.0,-636.0,636.0,636.0,0.0,0.0,,,,624.0,-759.0,0.0,351.0,17.0,391.0,-135.0,-909.0,,,0.0,,784.0,784.0,0.0,0.0,125.0,-1044.0,475.0,,-569.0,0.0,,,-569.0,0,-569.0,0.0,0.0,-569.0,-569.0,10.4,1682.027886,-0.34,-0.34,-0.33,1682.027886,-0.34,-0.34,-0.33,
06/30/2013,1419.0,1419.0,,,,0.0,0.0,0.0,-687.0,687.0,687.0,0.0,0.0,,,,732.0,-804.0,,345.0,16.0,443.0,-72.0,-350.0,,,0.0,0.0,598.0,598.0,0.0,0.0,-248.0,-422.0,351.0,,-71.0,0.0,,,-71.0,0,-71.0,0.0,0.0,-71.0,-71.0,,1669.861383,-0.042518,-0.042518,-0.042518,1669.861383,-0.042518,-0.042518,-0.042518,
09/30/2013,1893.0,1893.0,1376.0,517.0,,0.0,0.0,0.0,-852.0,852.0,852.0,,0.0,,,,1041.0,-744.0,,335.0,18.0,391.0,297.0,-392.0,,,0.0,,533.0,533.0,0.0,0.0,-141.0,-95.0,100.0,,5.0,0.0,,,5.0,0,5.0,0.0,0.0,5.0,5.0,,1669.861383,0.002994,0.002994,0.002,1669.861383,0.002994,0.002994,0.002994,
12/31/2013,1327.0,1327.0,-1376.0,-517.0,,0.0,0.0,0.0,-673.0,673.0,673.0,0.0,0.0,,,,654.0,-784.0,0.0,357.0,24.0,403.0,-130.0,-1938.0,,,0.0,1.0,789.0,789.0,0.0,0.0,1150.0,-2068.0,345.0,,-1723.0,0.0,,,-1723.0,107,-1616.0,0.0,0.0,-1616.0,-1616.0,650.65,1669.861383,-0.967745,-0.967745,-0.577745,1669.861383,-0.967745,-0.967745,-0.577745,
03/31/2014,1517.0,1517.0,,,,0.0,0.0,0.0,-732.0,732.0,732.0,0.0,0.0,,,,785.0,-762.0,0.0,330.0,18.0,414.0,23.0,-992.0,,,0.0,1.0,863.0,863.0,0.0,0.0,130.0,-969.0,360.0,,-609.0,0.0,,,-609.0,0,-609.0,0.0,0.0,-609.0,-609.0,0.0,1669.861383,-0.364701,-0.364701,-0.36,1669.861383,-0.364701,-0.364701,-0.36,
06/30/2014,1406.0,1406.0,,,,0.0,0.0,0.0,-656.0,656.0,656.0,,0.0,,,,750.0,-768.0,,333.0,18.0,417.0,-18.0,-1154.0,,,0.0,0.0,571.0,571.0,0.0,0.0,583.0,-1172.0,398.0,,-774.0,0.0,,,-774.0,0,-774.0,0.0,0.0,-774.0,-774.0,432.25,1669.861383,-0.463512,-0.463512,-0.2,1669.861383,-0.463512,-0.463512,-0.2,
09/30/2014,1807.0,1807.0,,,,0.0,0.0,0.0,-868.0,868.0,868.0,0.0,0.0,,,,939.0,-717.0,,330.0,18.0,369.0,222.0,-245.0,,,0.0,0.0,382.0,382.0,0.0,0.0,-137.0,-23.0,72.0,,49.0,0.0,,,49.0,0,49.0,0.0,0.0,49.0,49.0,0.0,1669.861379,0.029344,0.029344,0.029344,1669.861379,0.029344,0.029344,0.002934,
12/31/2014,1248.0,1248.0,,,,0.0,0.0,0.0,-586.0,586.0,586.0,,0.0,,,,662.0,-744.0,0.0,290.0,24.0,430.0,-82.0,-6779.0,,,0.0,0.0,385.0,385.0,0.0,0.0,6394.0,-6861.0,1789.0,,-5072.0,0.0,,,-5072.0,0,-5072.0,0.0,0.0,-5072.0,-5072.0,3643.25,1669.861379,-3.037378,-3.037378,-0.855,1669.861379,-3.037378,-3.037378,-0.855,
03/31/2015,1272.0,1272.0,1053.0,148.0,71.0,0.0,0.0,0.0,-613.0,613.0,613.0,,,,,0.0,659.0,-1966.0,,218.0,,1748.0,-1307.0,-621.0,609.0,0.0,,0.0,609.0,609.0,,,12.0,-1928.0,401.0,,-1527.0,0.0,0.0,0.0,-1527.0,0,-1527.0,0.0,0.0,-1527.0,-259.55,1267.45,1669.861379,-0.914447,-0.914447,-0.155432,1669.861379,-0.914447,-0.914447,-0.155432,
06/30/2015,1256.0,1256.0,1051.0,152.0,53.0,,0.0,0.0,-646.0,646.0,646.0,,,,,0.0,610.0,-616.0,,222.0,,394.0,-6.0,-418.0,380.0,0.0,,0.0,380.0,380.0,,,38.0,-424.0,137.0,75.0,-212.0,0.0,0.0,0.0,-212.0,0,-212.0,0.0,0.0,-212.0,-167.8,44.2,1669.861379,-0.126957,-0.126957,-0.100487,1669.861379,-0.126957,-0.126957,-0.100487,
09/30/2015,1737.0,1737.0,1435.0,238.0,64.0,0.0,0.0,0.0,-831.0,831.0,831.0,,0.0,,,0.0,906.0,-2579.0,,203.0,,2376.0,-1673.0,-366.0,383.0,0.0,,0.0,383.0,383.0,,,-17.0,-2039.0,452.0,127.0,-1460.0,0.0,0.0,0.0,-1460.0,0,-1460.0,0.0,0.0,-1460.0,140.9,1600.9,1669.861378,-0.874324,-0.874324,0.084378,1669.861379,-0.874324,-0.874324,0.084378,
12/31/2015,1105.0,1105.0,910.0,142.0,53.0,,0.0,0.0,-602.0,602.0,602.0,,,,,0.0,503.0,-2023.0,,221.0,,1802.0,-1520.0,-1562.0,387.0,-1.0,,1.0,388.0,388.0,,,1175.0,-3082.0,680.0,132.0,-2143.0,0.0,0.0,0.0,-2143.0,0,-2143.0,0.0,0.0,-2143.0,-269.85,1873.15,1669.861376,-1.28334,-1.28334,-0.1616,1669.861375,-1.28334,-1.28334,-0.1616,
03/31/2016,1049.0,1049.0,877.0,118.0,54.0,0.0,0.0,0.0,-554.0,554.0,554.0,,0.0,0.0,0.0,0.0,495.0,-516.0,,141.0,,375.0,-21.0,-416.0,394.0,,,,394.0,394.0,,,22.0,-437.0,127.0,62.0,-248.0,0.0,0.0,0.0,-248.0,0,-248.0,0.0,0.0,-248.0,-163.5,84.5,1669.861379,-0.148515,-0.148515,-0.097912,1669.861379,-0.148515,-0.148515,-0.097912,
06/30/2016,1233.0,1233.0,978.0,204.0,51.0,0.0,0.0,0.0,-654.0,654.0,654.0,,0.0,0.0,0.0,0.0,579.0,-582.0,,166.0,,416.0,-3.0,-583.0,402.0,,,,402.0,402.0,,,181.0,-586.0,171.0,85.0,-330.0,0.0,0.0,0.0,-330.0,0,-330.0,0.0,0.0,-330.0,-149.95,180.05,1669.861379,-0.197621,-0.197621,-0.089798,1669.861379,-0.197621,-0.197621,-0.089798,
09/30/2016,1690.0,1690.0,1299.0,326.0,65.0,0.0,0.0,0.0,-874.0,874.0,874.0,,0.0,0.0,0.0,0.0,816.0,-518.0,,159.0,,359.0,298.0,-217.0,435.0,,,,435.0,435.0,,,-218.0,81.0,-42.0,127.0,166.0,0.0,0.0,0.0,166.0,0,166.0,0.0,0.0,166.0,6.1,-159.9,1669.861379,0.099409,0.099409,0.003653,1669.861379,0.099409,0.099409,0.003653,
