Date,Revenue,Sales & Services Revenue,Cost of Revenue,Gross Profit,Other Operating Income,Operating Expenses,Depreciation & Amortization,Prov For Doubtful Accts,Other Operating Expense,Operating Income (Loss),Non-Operating (Income) Loss,"Interest Expense, Net",Interest Expense,Interest Income,Foreign Exch (Gain) Loss,Other Non-Op (Income) Loss,Pretax Income,Income Tax Expense (Benefit),Income (Loss) from Cont Ops,Net Extraordinary Losses (Gains),Discontinued Operations,XO & Accounting Changes,Income (Loss) Incl. MI,Minority Interest,"Net Income, GAAP",Preferred Dividends,Other Adjustments,"Net Income Avail to Common, GAAP","Net Income Avail to Common, Adj",Net Abnormal Losses (Gains),Basic Weighted Avg Shares,"Basic EPS, GAAP",Basic EPS from Cont Ops,"Basic EPS from Cont Ops, Adjusted",Diluted Weighted Avg Shares,"Diluted EPS, GAAP",Diluted EPS from Cont Ops,"Diluted EPS from Cont Ops, Adjusted",Source: Bloomberg
03/31/1990,166.537994,,0.0,166.537994,,-152.078995,,,,14.459,-5.6,,5.679,,0.0,-0.079,8.859,-3.294,5.565,0.0,,,5.565,0.0,5.565,0.0,,5.565,5.565,,123.024002,0.0475,0.0475,,123.024002,0.0475,0.0475,0.0475,
06/30/1990,151.529999,,0.0,151.529999,,-140.287003,,,,11.243,-5.665,,5.736,,0.0,-0.071,5.578,-2.077,3.501,0.0,,,3.501,0.0,3.501,0.0,,3.501,3.501,,121.695999,0.0325,0.0325,,121.695999,0.0325,0.0325,0.0325,
09/30/1990,150.082001,,0.0,150.082001,,-142.320999,,,,7.761,-5.525,,5.653,,0.0,-0.128,2.236,-0.807,1.429,0.0,,,1.429,0.0,1.429,0.0,,1.429,1.429,,119.335999,0.015,0.015,,119.335999,0.015,0.015,0.015,
12/31/1990,158.957993,,0.0,158.957993,,-151.735001,,,,7.223,-5.442,,5.521,,0.0,-0.079,1.781,-0.669,1.112,0.0,,,1.112,0.0,1.112,0.0,,1.112,1.112,,108.879997,0.01,0.01,,108.879997,0.01,0.01,0.01,
03/31/1991,178.787003,,0.0,178.787003,,-161.998001,,,,16.789,-4.171,,4.271,,0.0,-0.1,12.618,-2.925,9.693,0.0,,,9.693,0.0,9.693,0.0,,9.693,9.693,,120.984001,0.0825,0.0825,,120.984001,0.0825,0.0825,0.0825,
06/30/1991,168.654999,,0.0,168.654999,,-156.311996,,,,12.343,-2.826,,2.926,,0.0,-0.1,9.517,-3.7,5.817,0.0,,,5.817,0.0,5.817,0.0,,5.817,5.817,,119.935997,0.0525,0.0525,,119.935997,0.0525,0.0525,0.0525,
09/30/1991,166.421997,,0.0,166.421997,,-159.414001,,,,7.008,-2.755,,2.872,,0.0,-0.117,4.253,-1.748,2.505,0.0,,,2.505,0.0,2.505,0.0,,2.505,2.505,,120.047997,0.02375,0.02375,,120.047997,0.02375,0.02375,0.02375,
12/31/1991,177.080994,,0.0,177.080994,,-175.186996,,,,1.894,2.025,,0.0,,-1.919,-0.106,3.919,-1.615,2.304,0.0,,,2.304,0.0,2.304,0.0,,2.304,2.304,,119.984001,0.0225,0.0225,,119.984001,0.0225,0.0225,0.0225,
03/31/1992,202.048996,,0.0,202.048996,,-179.072998,,,,22.976,-3.002,,3.002,,0.0,0.0,19.974,-12.531,7.443,0.0,,,7.443,0.0,7.443,0.0,,7.443,7.443,,120.071999,0.065,0.065,,120.071999,0.065,0.065,0.065,
06/30/1992,174.427994,,0.0,174.427994,,-161.399994,,,,13.028,-2.981,,2.981,,0.0,0.0,10.047,-3.927,6.12,0.0,,,6.12,0.0,6.12,0.0,,6.12,6.12,,120.248001,0.05375,0.05375,,120.248001,0.05375,0.05375,0.05375,
09/30/1992,173.720001,,0.0,173.720001,,-165.315002,,,,8.405,-2.675,,2.675,,0.0,0.0,5.73,-2.33,3.4,0.0,,,3.4,0.0,3.4,0.0,,3.4,3.4,,120.232002,0.03125,0.03125,,120.232002,0.03125,0.03125,0.03125,
12/31/1992,181.029999,,0.0,181.029999,,-173.072006,,,,7.958,-2.756,,2.756,,0.0,0.0,5.202,-2.145,3.057,0.0,,,3.057,0.0,3.057,0.0,,3.057,3.057,,118.487999,0.02875,0.02875,,118.487999,0.02875,0.02875,0.02875,
03/31/1993,195.304993,,0.0,195.304993,,-179.550003,,,,15.755,-2.635,,2.635,,0.0,0.0,13.12,-4.509,8.611,0.0,,,8.611,0.0,8.611,0.0,,8.611,8.611,,119.103996,0.075,0.075,,119.103996,0.075,0.075,0.075,
06/30/1993,187.453003,,0.0,187.453003,,-175.619995,,,,11.833,-2.098,,2.098,,0.0,0.0,9.735,-3.257,6.478,0.0,,,6.478,0.0,6.478,0.0,,6.478,6.478,,118.896004,0.0575,0.0575,,118.896004,0.0575,0.0575,0.0575,
09/30/1993,186.332001,,0.0,186.332001,,-176.824997,,,,9.507,-2.004,,2.004,,0.0,0.0,7.503,-2.346,5.157,0.0,,,5.157,0.0,5.157,0.0,,5.157,5.157,,118.351997,0.04625,0.04625,,118.351997,0.04625,0.04625,0.04625,
12/31/1993,192.453995,,0.0,192.453995,,-185.807999,,,,6.646,-1.908,,1.908,,0.0,0.0,4.738,-0.973,3.765,0.0,,,3.765,0.0,3.765,0.0,,3.765,3.765,,117.856003,0.035,0.035,,117.856003,0.035,0.035,0.035,
03/31/1994,194.432007,,0.0,194.432007,,-175.815994,,,,18.615999,-1.822,,1.822,,0.0,0.0,16.793999,-6.507,10.287,0.0,,,10.286999,0.0,10.287,0.0,,10.287,10.287,,118.087997,0.09,0.09,,118.087997,0.09,0.09,0.09,
06/30/1994,192.199005,,0.0,192.199005,,-177.485992,,,,14.713,-1.356,,1.356,,0.0,0.0,13.357,-5.204,8.153,0.0,,,8.153,0.0,8.153,0.0,,8.153,8.153,,115.160004,0.07125,0.07125,,115.160004,0.07125,0.07125,0.07125,
09/30/1994,191.511993,,0.0,191.511993,,-180.395004,,,,11.117,-1.495,,1.495,,0.0,0.0,9.622,-3.787,5.835,0.0,,,5.835,0.0,5.835,0.0,,5.835,5.835,,114.512001,0.05125,0.05125,,114.512001,0.05125,0.05125,0.05125,
12/31/1994,204.056,,0.0,204.056,,-195.298004,,,,8.758,-1.602,,1.602,,0.0,0.0,7.156,-2.711,4.445,0.0,,,4.445,0.0,4.445,0.0,,4.445,4.445,,112.176,0.04,0.04,0.04,112.176,0.04,0.04,0.04,
03/31/1995,203.529996,,,,,-182.572004,,,,20.958,-1.614,,1.614,,0.0,0.0,19.344,-7.503,11.841,0.0,,,11.841,0.0,11.841,0.0,,11.841,11.841,,111.536,0.10625,0.10625,0.10625,111.536,0.10625,0.10625,0.10625,
06/30/1995,198.107993,,,,,-182.232993,,,,15.875,-1.427,,1.427,,0.0,0.0,14.448,-4.893,9.555,0.0,,,9.555,0.0,9.555,0.0,,9.555,9.555,,112.096,0.085,0.085,0.085,112.096,0.085,0.085,0.085,
09/30/1995,212.320997,,,,,-197.654005,,,,14.667,-3.368,,3.368,,0.0,0.0,11.299,-4.07,7.229,0.0,,,7.229,0.0,7.229,0.0,,7.229,7.229,,112.464,0.06375,0.06375,0.06375,112.464,0.06375,0.06375,0.06375,
12/31/1995,240.26199,,,,,-227.577999,,,,12.684,-4.786,,4.786,,0.0,0.0,7.898,-1.039,6.859,0.0,,,6.859,0.0,6.859,0.0,,6.859,6.859,,114.432,0.06,0.06,0.06,114.432,0.06,0.06,0.06,
03/31/1996,244.75601,,,,,-215.930006,,,,28.826,-4.648,,4.648,,0.0,0.0,24.178,-8.677,15.501,0.0,,,15.501,0.0,15.501,0.0,,15.501,15.501,,110.72,0.14,0.14,0.14,114.848,0.135,0.135,0.135,
06/30/1996,257.440991,,,,,-232.318005,,,,25.122999,-5.972,,5.972,,0.0,0.0,19.150999,-6.935,12.216,0.0,,,12.215999,0.0,12.216,0.0,,12.216,12.216,,113.636,0.1075,0.1075,0.1075,115.832,0.105,0.105,0.105,
09/30/1996,273.582988,,,,,-250.861003,,,,22.722,-5.223,,5.223,,0.0,0.0,17.499,-6.214,11.285,0.0,,,11.285,0.0,11.285,0.0,,11.285,11.285,,128.968004,0.0875,0.0875,0.0875,131.395996,0.085,0.085,0.085,
12/31/1996,304.058,,,,,-275.404009,,,,28.653999,-9.478,,5.415,,0.0,4.063,19.175999,-7.507,11.669,0.0,,,11.668999,0.0,11.669,0.0,,11.669,11.669,,128.399992,0.09,0.09,0.09,131.255996,0.09,0.09,0.09,
03/31/1997,316.507013,,,,,-277.570002,,,,38.937,-4.956,,4.956,,0.0,0.0,33.981,-12.451,21.530001,0.0,,,21.53,0.0,21.530001,0.0,,21.530001,21.530001,,128.871996,0.1675,0.1675,0.1675,131.867996,0.1625,0.1625,0.1625,
06/30/1997,316.375989,,,,,-284.525006,,,,31.851,-5.384,,5.384,,0.0,0.0,26.467,-9.56,16.907,0.0,,,16.907,0.0,16.907,0.0,,16.907,16.907,,129.272004,0.13,0.13,0.13,132.412004,0.1275,0.1275,0.1275,
09/30/1997,333.297014,,,,,-306.852007,,,,26.445,-4.566,,4.566,,0.0,0.0,21.879,-8.06,13.819,0.0,,,13.819,0.0,13.819,0.0,,13.819,13.819,,129.384004,0.1075,0.1075,0.1075,132.511992,0.105,0.105,0.105,
12/31/1997,367.706986,,,,,-339.634995,,,,28.072001,-4.476,,4.476,,0.0,0.0,23.596001,-8.576,15.02,0.0,,,15.020001,0.0,15.02,0.0,,15.02,15.02,,129.608,0.115,0.115,0.115,133.512,0.1125,0.1125,0.1125,
03/31/1998,463.117,,-180.951,282.166,0.0,-240.539,,37.266,,41.627,,,,,,,39.879,-14.229,27.398,,,,25.65,-1.748,25.65,0.0,0.0,25.65,25.65,,130.064,0.1975,0.1975,0.1975,133.24,0.1925,0.1925,0.1925,
06/30/1998,441.568014,,,,,-399.289999,,,,42.278,-7.083,,7.083,,0.0,0.0,35.195,-11.208,23.987,0.0,,,23.987,-3.526,20.461,0.0,,20.461,20.461,,130.503996,0.1575,0.1575,0.1575,134.0,0.1525,0.1525,0.1525,
09/30/1998,424.973996,,,,,-395.993985,,,,28.98,-7.139,,7.139,,0.0,,21.841,-7.035,14.806,0.0,,,14.806,-1.413,13.393,0.0,,13.393,13.393,,130.572008,0.1025,0.1025,0.145,133.332,0.1,0.1,0.1425,
12/31/1998,442.567985,,,,,-402.547996,,,,40.02,-6.588,,6.588,,0.0,0.0,33.432,-10.982,22.450001,0.0,,,22.45,-2.396,20.054001,0.0,,20.054001,20.054001,,129.035996,0.155,0.155,0.1325,132.115996,0.1525,0.1525,0.1325,
03/31/1999,520.095,,-203.107,316.988,0.0,-265.299,,40.926,,51.689,,,,,,,47.695,-17.673,34.016,,,,30.022,-3.994,30.022,0.0,0.0,30.022,30.022,,128.028,0.235,0.235,0.235,130.752,0.23,0.23,0.23,
06/30/1999,472.922017,,,,,-426.71999,,,,46.202,-6.566,,,,0.0,6.566,39.636,-13.849,25.787001,0.0,,,25.787,-2.757,23.030001,0.0,,23.030001,23.030001,,126.636,0.1825,0.1825,0.1825,129.448,0.1775,0.1775,0.1775,
09/30/1999,444.902003,,,,,-422.296992,,,,22.605,-6.503,,,,0.0,6.503,16.102,-5.887,10.215,0.0,,,10.215,0.579,10.794,0.0,,10.794,10.794,,125.699996,0.085,0.085,0.085,128.203996,0.085,0.085,0.085,
12/31/1999,479.248,,,,,-445.02,,40.142,,34.228,-12.621,7.321,7.321,,0.0,5.3,21.607,-7.599,14.008,0.0,,,14.008,-0.079,13.929,0.0,,13.929,13.929,,122.308,0.115,0.115,0.1575,123.436,0.1125,0.1125,0.155,
03/31/2000,496.024028,,,,,-441.305004,,,,54.719002,-7.328,,,,0.0,7.328,47.391002,-15.619,31.771999,0.0,,,31.772002,-3.143,28.629,0.0,0.0,28.629,28.629,,122.364,0.235,0.235,0.235,124.22,0.23,0.23,0.23,
06/30/2000,482.945003,,,,,-435.95901,,,,46.986,-7.192,,,,0.0,7.192,39.794,-13.114,26.68,0.0,,,26.68,-3.371,23.309,0.0,0.0,23.309,23.309,,120.475996,0.1925,0.1925,0.1925,124.556,0.19,0.19,0.19,
09/30/2000,512.569,,,,,-467.231,,49.221,,45.338,-6.994,6.994,6.994,,0.0,0.0,38.344,-12.837,25.507,0.0,,,25.507,-3.172,22.335,0.0,0.0,22.335,22.335,,239.144,0.0925,0.0925,0.0925,270.752,0.09,0.09,0.09,
12/31/2000,558.281,,,,,-507.847,,56.541,,50.434,-16.174,8.427,8.427,,0.0,7.747,34.26,-11.176,23.084,0.0,,,23.084,-3.995,19.089,0.0,0.0,19.089,19.089,7.747,119.348,0.16,0.16,0.225,134.332,0.155,0.155,0.2125,
03/31/2001,621.721975,,,,,-550.991018,,,,70.731003,-9.883,,,,1.427,8.456,60.848003,-20.752001,40.096001,0.0,,,40.096002,-3.925,36.171001,0.0,0.0,36.171001,36.171001,,119.656,0.3025,0.3025,0.3025,134.296004,0.285,0.285,0.285,
06/30/2001,655.918008,,,,,-590.850992,,,,65.067001,-10.48,,10.506,,-0.026,0.0,54.587001,-18.497999,36.089001,0.0,,,36.089002,-3.699,32.389999,0.0,0.0,32.389999,32.389999,,119.835998,0.27,0.27,0.27,134.447998,0.255,0.255,0.255,
09/30/2001,652.102,,,,,-590.929,,68.682,,61.173,-9.846,9.846,9.846,,,0.0,51.327,-17.265,34.062,0.108,,,33.954,-3.7,30.254,,,30.254,30.254,,119.842,0.25,0.25,0.25,134.834,0.24,0.24,0.24,
12/31/2001,724.162,,,,,-660.68,,,,63.482,-54.721,,,,7.353,47.368,8.761,-0.632,8.129,1.008,,,7.121,-6.194,0.927,0.0,0.0,0.927,0.927,,119.658,0.01,0.02,0.25,121.034,0.01,0.02,0.25,
03/31/2002,746.477,,,,,-659.709,,57.894,,86.768,-8.73,8.964,8.964,,-0.234,0.0,78.038,-26.492,51.546,0.0,,,51.546,-5.873,45.673,0.0,0.0,45.673,45.673,,119.724,0.38,0.38,0.38,134.096,0.355,0.355,0.355,
06/30/2002,753.100007,,,,,-669.93802,,52.845,,83.162003,-8.402,8.153,8.153,,0.249,0.0,74.760003,-25.725,49.035,0.0,,,49.035003,-4.688,44.347,0.0,0.0,44.347,44.347,,119.867996,0.37,0.37,0.37,134.507996,0.345,0.345,0.345,
09/30/2002,750.514,,,,,-671.464996,,,,79.049004,-8.636,,,,0.255,8.381,70.413004,-24.038,46.375,0.0,,,46.375004,-4.924,41.451,0.0,0.0,41.451,41.451,,119.765998,0.345,0.345,0.345,134.350006,0.325,0.325,0.325,
03/31/2003,820.832,,,,,-722.785003,,,,98.046997,-9.849,,9.849,,,0.0,88.197997,-30.99,57.208,-0.612,,,57.819997,-5.03,52.790001,0.0,0.0,52.790001,52.790001,,116.554,0.455,0.455,0.455,131.192002,0.42,0.42,0.42,
06/30/2003,819.775,,,,,-720.161002,,,,99.613998,-9.37,,9.37,,,0.0,90.243998,-31.065001,59.179001,-0.301,,,59.479997,-8.53,50.950001,0.0,0.0,50.950001,50.950001,,115.309998,0.44,0.44,0.44,129.884002,0.41,0.41,0.41,
09/30/2003,810.862,,,,,-723.579,,60.591,,87.283,-8.609,8.609,,,,0.0,78.674,-26.574,52.1,-4.439,,,56.539,-7.478,49.061,0.0,0.0,49.061,49.061,,114.708,0.43,0.43,0.43,129.68,0.395,0.395,0.395,
12/31/2003,818.679987,,,,,-734.786005,,,,83.893997,-8.483,,10.394,,,-1.911,75.410997,-27.92,47.491001,-1.221,,,48.711997,-2.244,46.467999,0.0,0.0,46.467999,46.467999,,114.932,0.405,0.395,0.385,129.955994,0.36,0.35,0.34,
03/31/2004,898.98,,,,,-810.742,,83.596,,88.238,-10.902,11.0,11.0,,,-0.098,77.336,-26.813,50.523,-0.601,,,51.124,-4.941,46.183,0.0,0.0,46.183,46.183,-1.7,115.128,0.4,0.395,0.38,130.174,0.37,0.365,0.35,
06/30/2004,831.25,,,,,-746.418,,74.244,,84.832,-9.359,9.359,9.359,,,0.0,75.473,-25.908,49.565,-3.907,,,53.472,-5.183,48.289,0.0,0.0,48.289,48.289,0.0,115.244,0.42,0.385,0.385,129.946,0.39,0.36,0.36,
09/30/2004,834.186,,,,,-756.921,,79.907,,77.265,-9.351,9.351,9.351,,0.0,0.0,67.914,-22.967,44.947,1.507,,,43.44,-5.595,37.845,0.0,0.0,37.845,37.845,0.0,115.582,0.325,0.34,0.34,129.82,0.31,0.32,0.32,
12/31/2004,910.777,,,,,-842.647,,,,68.13,-18.364,,8.51,,0.0,9.854,49.766,-21.541,36.735,-2.322,,,30.547,-1.883,37.174,0.0,0.0,37.174,37.174,,115.27,0.32,0.3,0.245,128.984,0.305,0.29,0.23,
03/31/2005,924.237,,,,,-819.204,,82.408,,105.033,-10.676,21.352,22.676,-1.324,,-10.676,94.357,-31.748,62.609,-3.849,,,66.458,-7.919,58.539,0.0,0.0,58.539,58.539,,115.046,0.535,0.475,0.455,128.832,0.495,0.445,0.425,
06/30/2005,895.41,,,,,-822.004,,95.478,,73.406,-7.45,7.45,7.45,,,0.0,65.956,-21.398,44.558,-122.211,,,166.769,-7.926,158.843,0.0,0.0,158.843,158.843,0.0,112.85,1.405,0.325,0.325,127.296,1.265,0.305,0.305,
09/30/2005,868.038,,,,,-795.424,,102.734,,72.614,-53.59,6.404,6.404,0.0,0.0,47.186,19.024,-5.531,13.493,1.16,,,12.333,-4.014,8.319,0.0,0.0,8.319,8.319,,109.364,0.075,0.085,0.27,110.296,0.075,0.085,0.27,
12/31/2005,879.737,,,,,-816.749,,,,62.988,-44.536,,8.403,,0.0,36.133,18.452,-3.624,18.452,-3.232,,,18.06,-5.786,12.274,0.0,0.0,12.274,12.274,,108.004,0.115,0.085,0.225,108.448,0.115,0.085,0.225,
03/31/2006,959.282,,,,,-874.108,,75.007,,85.174,6.862,8.525,8.525,,,-15.387,92.036,-30.367,61.669,-0.592,,,62.261,-11.177,51.084,0.0,0.0,51.084,51.084,,107.536,0.475,0.47,0.4,121.012,0.44,0.435,0.365,
06/30/2006,960.491,,,,,-864.726,,87.182,,95.765,12.947,8.697,8.697,,,-21.644,108.712,-36.349,72.363,0.612,,,71.751,-11.492,60.259,,,60.259,60.259,,107.46,0.56,0.565,0.43,119.974,0.52,0.525,0.39,
09/30/2006,945.556,,,,,-875.063,,97.901,,70.493,124.188,6.14,6.14,,,-130.328,194.681,-65.704,128.977,0.084,,,128.893,-14.948,113.945,0.0,0.0,113.945,113.945,,113.588,1.005,1.005,0.275,114.002,1.0,1.0,0.27,
12/31/2006,976.941,,,,,-905.104,,88.94,,71.837,-8.556,9.196,9.196,,,-0.64,63.281,-20.458,42.823,0.032,,,42.791,-8.621,34.17,0.0,0.0,34.17,34.17,,108.47619,0.315,0.315,0.304161,108.47619,0.315,0.315,0.304161,
03/31/2007,1098.508,,,,,-991.342,,99.093,,107.166,-12.289,12.722,12.722,,,-0.433,94.877,-31.113,63.764,0.064,,,63.7,-14.192,49.508,0.0,0.0,49.508,49.508,,106.986,0.465,0.465,0.47,107.372,0.46,0.46,0.465,
06/30/2007,1075.937,,,,,-967.929,,103.039,,108.008,-14.098,13.04,13.04,,,1.058,93.91,-33.193,60.717,-0.029,,,60.746,-8.675,52.071,0.0,0.0,52.071,52.071,,106.998,0.485,0.485,0.395,107.456,0.485,0.485,0.395,
09/30/2007,1054.966,,,,,-987.924,,108.639,,67.042,-12.963,12.881,12.881,,,0.082,54.079,-14.961,39.118,0.48,,,38.638,-9.784,28.854,0.0,0.0,28.854,28.854,,106.962,0.27,0.275,0.325,107.258,0.27,0.275,0.325,
12/31/2007,1040.788,,,,,-952.75,,,,88.038,-12.276,,14.043,,0.0,-1.767,76.101,-25.358,50.404,-0.26,,,51.003,-10.71,39.954,0.0,0.0,39.954,39.954,,106.102,0.375,0.375,0.375,106.466,0.375,0.375,0.375,
03/31/2008,1277.976,,,,0.0,-1153.554,,119.797,,124.422,-13.479,13.479,,,,0.0,110.943,-37.611,73.332,-1.61,,,74.942,-13.279,61.663,0.0,0.0,61.663,61.663,0.0,102.526,0.6,0.585,0.585,102.56,0.6,0.585,0.585,
06/30/2008,1262.577,,,,0.0,-1147.506,,120.646,,115.071,-13.249,13.249,,,,0.0,101.822,-35.205,66.617,0.95,,,65.667,-11.427,54.24,0.0,0.0,54.24,54.24,,101.258,0.535,0.545,0.545,101.484,0.53,0.54,0.54,
09/30/2008,1244.462,,,,0.0,-1161.968,,125.003,,82.494,-13.419,13.419,,,,0.0,69.075,-22.536,46.539,0.226,,,46.313,-9.316,36.997,0.0,0.0,36.997,36.997,0.0,101.088,0.365,0.365,0.365,101.522,0.365,0.365,0.365,
12/31/2008,1237.402,,,,0.0,-1149.17,,111.299,,88.232,-13.06,13.06,,,,0.0,75.172,-28.026,47.146,0.0,0.0,,53.148,-6.671,46.477,0.0,0.0,46.477,46.477,,200.032,0.23,0.2,0.2,200.544,0.23,0.2,0.2,
03/31/2009,1193.441,1193.441,,,0.0,-1056.691,51.134,,1005.557,136.75,-12.638,12.638,12.773,-0.135,,0.0,124.112,-42.078,82.034,0.0,0.0,0.0,82.034,-14.493,67.541,0.0,0.0,67.541,67.541,0.0,98.412,0.685,0.685,0.685,98.412,0.685,0.685,0.685,
06/30/2009,1182.97,1182.97,,,0.0,-1019.927,51.085,,968.842,163.043,-11.879,11.879,12.024,-0.145,,0.0,151.164,-57.187,93.977,0.0,0.0,0.0,93.977,-13.084,80.893,0.0,0.0,80.893,85.224,4.331,97.7,0.825,0.825,0.872303,98.104,0.82,0.82,0.864147,
09/30/2009,1154.023,1154.023,,,0.0,-1052.146,51.205,,1000.941,101.877,-10.78,10.78,11.124,-0.344,,0.0,91.097,-32.043,59.054,0.0,0.0,0.0,59.054,-7.98,51.074,0.0,0.0,51.074,51.074,0.0,97.774,0.52,0.52,0.52,98.504,0.515,0.515,0.515,
12/31/2009,1163.342,1163.342,,,0.0,-1044.48,51.279,,993.201,118.862,-10.513,10.513,10.836,-0.323,,0.0,108.349,-39.167,69.182,0.0,0.0,0.0,69.182,-8.317,60.865,0.0,0.0,60.865,60.865,0.0,97.29,0.62,0.62,0.62,98.08,0.62,0.62,0.62,
03/31/2010,1221.763,1221.763,,,0.0,-1081.215,53.511,,1027.704,140.548,-12.377,12.377,12.594,-0.217,,0.0,128.171,-45.409,82.762,0.0,0.0,0.0,82.762,-10.943,71.819,0.0,0.0,71.819,70.519,-1.3,96.539,0.74,0.74,0.730472,97.45,0.73,0.73,0.71666,
06/30/2010,1194.551,1194.551,,,0.0,-1064.802,54.025,,1010.777,129.749,-12.277,12.277,12.33,-0.053,,0.0,117.472,-41.057,76.415,0.0,0.0,0.0,76.415,-10.843,65.572,0.0,0.0,65.572,76.86,11.288,96.703,0.68,0.68,0.794805,98.054,0.67,0.67,0.78512,
09/30/2010,1189.797,1189.797,,,0.0,-1085.113,55.53,,1029.583,104.684,-11.478,11.478,11.525,-0.047,,0.0,93.206,-27.404,65.802,0.0,0.0,0.0,65.802,-10.192,55.61,0.0,0.0,55.61,53.733,-1.877,96.777,0.57,0.57,0.555225,97.935,0.57,0.57,0.550834,
12/31/2010,1415.165,1415.165,,,0.0,-1284.449,60.849,,1223.6,130.716,-41.468,41.468,,,,0.0,89.248,-38.432,50.816,0.0,0.0,0.0,50.816,-13.634,37.182,0.0,0.0,37.182,62.115,24.933,97.125,0.38,0.38,0.639537,98.453,0.38,0.38,0.633248,
03/31/2011,1757.412,1757.412,,,0.0,-1496.999,71.351,,1425.648,260.413,-56.417,56.417,56.461,-0.044,,0.0,203.996,-74.009,129.987,0.0,0.0,0.0,129.987,-15.794,114.193,0.0,0.0,114.193,114.193,0.0,97.381,1.17,1.17,1.17,98.868,1.15,1.15,1.15,
06/30/2011,1714.464,1714.464,,,0.0,-1482.227,71.215,,1411.012,232.237,-49.808,49.808,49.85,-0.042,,0.0,182.429,-66.395,116.034,0.0,0.0,0.0,116.034,-12.385,103.649,0.0,0.0,103.649,103.649,0.0,97.563,1.06,1.06,1.06,99.258,1.04,1.04,1.04,
09/30/2011,1662.675,1662.675,,,0.0,-1467.147,73.17,,1393.977,195.528,-48.452,48.452,48.496,-0.044,,0.0,147.076,-52.234,94.842,0.0,0.0,0.0,94.842,-9.788,85.054,0.0,0.0,85.054,85.054,0.0,97.397,0.87,0.87,0.87,98.598,0.86,0.86,0.86,
12/31/2011,1662.996,1662.996,,,0.0,-1454.046,73.383,,1380.663,208.95,-46.115,46.115,,,,0.0,162.835,-54.828,108.007,0.0,0.0,0.0,108.007,-12.736,95.271,0.0,-0.081,95.19,95.19,0.0,96.455,0.99,0.99,0.99,97.424,0.98,0.98,0.98,
03/31/2012,1793.036,1793.036,,,0.0,-1524.008,71.792,,1452.216,269.028,-46.71,46.71,46.739,-0.029,,0.0,222.318,-79.748,142.57,0.0,0.0,0.0,142.57,-13.963,128.607,0.0,0.0,128.607,109.854,-18.753,96.593,1.33,1.33,1.137287,97.791,1.31,1.31,1.118234,
06/30/2012,1723.083,1723.083,,,1.955,-1494.706,72.983,,1421.723,230.332,-45.888,45.888,45.908,-0.02,,0.0,184.444,-67.0,117.444,0.0,0.0,0.0,117.444,-9.883,107.561,0.0,0.0,107.561,107.561,0.0,96.691,1.11,1.11,1.11,97.729,1.1,1.1,1.1,
09/30/2012,1680.353,1680.353,,,10.551,-1522.192,77.032,,1445.16,168.712,-45.207,45.207,45.228,-0.021,,0.0,123.505,-42.132,81.373,0.0,0.0,0.0,81.373,-9.556,71.817,0.0,0.0,71.817,89.943,18.126,96.817,0.74,0.74,0.929,97.611,0.73,0.73,0.915696,
12/31/2012,1764.927,1764.927,,,17.532,-1507.95,80.619,,1427.331,274.509,-41.113,41.113,41.128,-0.015,,0.0,233.396,-85.736,147.66,0.0,0.0,0.0,147.66,-12.199,135.461,0.0,0.0,135.461,122.7594,-12.7016,97.181,1.39,1.39,1.263204,97.711,1.39,1.39,1.260008,
03/31/2013,1831.632,1831.632,,,4.712,-1592.422,79.812,,1512.61,243.922,-39.938,39.938,39.947,-0.009,,0.0,203.984,-74.049,129.935,0.0,0.0,0.0,129.935,-10.151,119.784,0.0,0.0,119.784,119.784,0.0,97.711,1.23,1.23,1.23,98.571,1.21,1.21,1.21,
06/30/2013,1834.975,1834.975,,,0.083,-1531.004,81.682,,1449.322,304.054,-38.236,38.236,38.254,-0.018,,0.0,265.818,-98.015,167.803,0.0,0.0,0.0,167.803,-15.962,151.841,0.0,0.0,151.841,151.841,0.0,98.033,1.55,1.55,1.55,99.211,1.53,1.53,1.53,
09/30/2013,1816.369,1816.369,,,23.148,-1614.631,86.971,,1527.66,224.886,-32.314,32.314,37.0,-4.686,,0.0,192.572,-69.473,123.099,0.0,0.0,0.0,123.099,-8.512,114.587,0.0,0.0,114.587,114.587,0.0,98.151,1.17,1.17,1.17,99.587,1.15,1.15,1.15,
12/31/2013,1800.846,1800.846,,,33.081,-1591.326,88.707,,1502.619,242.601,-35.643,35.643,36.684,-1.041,,0.0,206.958,-73.772,133.186,0.0,0.0,0.0,133.186,-8.665,124.521,0.0,0.0,124.521,124.521,0.0,98.237,1.27,1.27,1.27,100.075,1.24,1.24,1.24,
03/31/2014,1938.314,1938.314,,,0.43,-1667.768,93.359,,1574.409,270.976,-35.193,35.193,35.198,-0.005,,0.0,235.783,-83.931,151.852,0.0,0.0,0.0,151.852,-13.774,138.078,0.0,0.0,138.078,131.748,-6.33,98.572,1.4,1.4,1.336566,100.157,1.38,1.38,1.316799,
06/30/2014,2051.766,2051.766,,,2.174,-1760.508,90.691,,1669.817,293.432,-35.087,35.087,35.092,-0.005,,0.0,258.345,-91.731,166.614,0.0,0.0,0.0,166.614,-14.943,151.671,0.0,-0.077,151.594,151.594,0.0,98.872,1.53,1.53,1.53,100.235,1.51,1.51,1.51,
09/30/2014,2038.717,2038.717,,,1.425,-1863.531,93.456,,1770.075,176.611,-32.133,32.133,32.574,-0.441,,0.0,144.478,-48.44,96.038,0.0,0.0,0.0,96.038,-13.241,82.797,0.0,-0.017,82.78,134.50805,51.72805,99.052,0.84,0.84,1.357954,101.033,0.82,0.82,1.331992,
12/31/2014,2176.291,2176.291,,,23.873,-1877.878,98.118,,1779.76,322.286,-31.225,31.225,31.311,-0.086,,0.0,291.061,-100.569,190.492,0.0,0.0,0.0,190.492,-17.695,172.797,0.0,-0.072,172.725,165.902,-6.823,98.808,1.75,1.75,1.679034,100.751,1.71,1.71,1.642279,
03/31/2015,2225.353,2225.353,,,0.0,-1898.299,98.998,,1799.301,327.054,-30.037,30.037,30.042,-0.005,,0.0,297.017,-102.694,194.323,0.0,0.0,0.0,194.323,-20.024,174.299,0.0,0.0,174.299,174.299,0.0,98.91,1.76,1.76,1.76,100.647,1.73,1.73,1.73,
06/30/2015,2275.204,2275.204,,,1.395,-1941.207,97.257,,1843.95,335.392,-27.684,27.684,27.689,-0.005,,0.0,307.708,-106.304,201.404,0.0,0.0,0.0,201.404,-19.211,182.193,0.0,-0.071,182.122,182.122,0.0,99.004,1.84,1.84,1.84,100.927,1.8,1.8,1.8,
09/30/2015,2227.655,2227.655,,,0.356,-1952.854,99.442,,1853.412,275.157,-27.13,27.13,27.135,-0.005,,0.0,248.027,-84.373,163.654,0.0,0.0,0.0,163.654,-13.367,150.287,0.0,-0.082,150.205,150.205,0.0,98.858,1.52,1.52,1.52,101.159,1.48,1.48,1.48,
12/31/2015,2315.239,2315.239,,,14.064,-2007.511,102.921,,1904.59,321.792,-28.643,28.643,28.907,-0.264,,0.0,293.149,-101.832,191.317,0.0,0.0,0.0,191.317,-17.568,173.749,0.0,-0.06,173.689,172.0133,-1.6757,98.416,1.76,1.76,1.747818,100.043,1.74,1.74,1.72325,
03/31/2016,2449.798,2449.798,,,0.0,-2093.474,104.049,,1989.425,356.324,-29.6,29.6,29.63,-0.03,,0.0,326.724,-111.005,215.719,0.0,0.0,0.0,215.719,-24.96,190.759,0.0,-0.089,190.67,190.67,0.0,97.607,1.95,1.95,1.95,98.895,1.93,1.93,1.93,
06/30/2016,2430.855,2430.855,,,0.0,-2097.567,101.411,,1996.156,333.288,-30.442,30.442,30.455,-0.013,,0.0,302.846,-107.397,195.449,0.0,0.0,0.0,195.449,-9.872,185.577,0.0,-0.084,185.493,185.493,0.0,97.109,1.91,1.91,1.91,98.389,1.89,1.89,1.89,
09/30/2016,2409.872,2409.872,,,0.0,-2132.303,103.712,,2028.591,277.569,-32.129,32.129,32.154,-0.025,,0.0,245.44,-88.175,157.265,0.0,0.0,0.0,157.265,-5.4,151.865,0.0,-0.069,151.796,151.796,0.0,97.118,1.56,1.56,1.56,98.321,1.54,1.54,1.54,
12/31/2016,2475.685,2475.685,,,5.339,-2166.794,107.436,,2059.358,314.23,-32.882,32.882,32.964,-0.082,,0.0,281.348,-102.61,178.738,0.0,0.0,0.0,178.738,-4.53,174.208,0.0,-0.072,174.136,174.136,0.0,96.998,1.8,1.8,1.8,97.915,1.78,1.78,1.78,
03/31/2017,2612.858,2612.858,,,0.0,-2258.925,110.798,,2148.127,353.933,-35.507,35.507,35.52,-0.013,,0.0,318.426,-107.899,210.527,0.0,0.0,0.0,210.527,-4.472,206.055,0.0,-0.094,205.961,205.961,0.0,96.585,2.13,2.13,2.13,97.372,2.12,2.12,2.12,
06/30/2017,2612.356,2612.356,,,0.0,-2282.165,113.112,,2169.053,330.191,-35.92,35.92,35.932,-0.012,,0.0,294.271,-103.883,190.388,0.0,0.0,0.0,190.388,-4.994,185.394,0.0,-0.082,185.312,185.312,0.0,96.247,1.93,1.93,1.93,97.042,1.91,1.91,1.91,
09/30/2017,2541.864,2541.864,,,0.0,-2284.554,110.217,,2174.337,257.31,-36.956,36.956,36.973,-0.017,,0.0,220.354,-74.992,145.362,0.0,0.0,0.0,145.362,-4.117,141.245,0.0,-0.081,141.164,141.164,0.0,95.246,1.48,1.48,1.48,95.977,1.47,1.47,1.47,
12/31/2017,2642.787,2642.787,,,0.0,-2304.043,113.638,,2190.405,338.744,-36.786,36.786,36.825,-0.039,,0.0,301.958,-76.923,225.035,0.0,0.0,0.0,225.035,-5.426,219.609,0.0,-0.105,219.504,200.754,-18.75,94.53,2.32,2.32,2.123707,94.909,2.31,2.31,2.112442,
03/31/2018,2687.516,2687.516,,,0.0,-2353.702,113.103,,2240.599,333.814,-37.576,37.576,37.679,-0.103,,0.0,296.238,-67.569,228.669,0.0,0.0,0.0,228.669,-4.837,223.832,0.0,-0.104,223.728,233.08363,9.35563,94.226,2.37,2.37,2.473666,94.683,2.36,2.36,2.45881,
06/30/2018,2681.353,2681.353,,,0.0,-2356.891,109.581,,2247.31,324.462,-22.692,38.0,38.546,-0.546,,-15.308,301.77,-71.059,230.711,0.0,0.0,0.0,230.711,-4.659,226.052,0.0,-0.392,225.66,225.1151,-0.5449,93.842,2.4,2.4,2.398874,94.281,2.39,2.39,2.38422,
09/30/2018,2648.913,2648.913,,,0.0,-2391.749,112.286,,2279.463,257.164,-28.097,39.506,39.542,-0.036,,-11.409,229.067,-54.186,174.881,0.0,0.0,0.0,174.881,-3.135,171.746,0.0,-0.317,171.429,199.712,28.283,92.849,1.85,1.85,2.150933,93.33,1.84,1.84,2.143043,
12/31/2018,2754.496,2754.496,,,0.0,-2494.674,118.075,,2376.599,259.822,-52.372,39.874,40.72,-0.846,,12.498,207.45,-43.828,163.622,0.0,0.0,0.0,163.622,-5.547,158.075,0.0,-0.278,157.797,231.97233,74.17533,92.187,1.71,1.71,2.516324,92.706,1.7,1.7,2.500114,
03/31/2019,2804.391,2804.391,,,0.0,-2463.954,120.04,,2343.914,340.437,-44.141,39.64,39.909,-0.269,,4.501,296.296,-58.898,237.398,0.0,0.0,0.0,237.398,-3.23,234.168,0.0,-0.515,233.653,236.38201,2.72901,90.776,2.57,2.57,2.604014,90.967,2.57,2.57,2.6,
06/30/2019,2855.168,2855.168,,,0.0,-2509.605,121.168,,2388.437,345.563,-34.755,42.487,42.536,-0.049,,-7.732,310.808,-69.543,241.265,0.0,0.0,0.0,241.265,-2.945,238.32,0.0,-0.656,237.664,240.582,2.918,89.136,2.67,2.67,2.699044,89.235,2.66,2.66,2.6927,
09/30/2019,2822.453,2822.453,,,0.0,-2633.524,121.528,,2511.996,188.929,-50.854,41.447,41.512,-0.065,,9.407,138.075,-37.205,100.87,0.0,0.0,0.0,100.87,-3.68,97.19,0.0,-0.243,96.947,185.02622,88.07922,87.952,1.1,1.1,2.103718,88.355,1.1,1.1,2.096879,
12/31/2019,2896.247,2896.247,,,0.0,-2555.268,127.656,,2427.612,340.979,-19.821,39.159,39.245,-0.086,,-19.338,321.158,-73.148,248.01,0.0,0.0,0.0,248.01,-2.834,245.176,0.0,-0.614,244.562,230.13818,-14.42382,87.184,2.81,2.81,2.639684,87.603,2.79,2.79,2.62535,
03/31/2020,2829.667,2829.667,,,0.0,-2592.973,124.394,,2468.579,236.694,-45.911,36.351,36.381,-0.03,,9.56,190.783,-46.323,144.46,0.0,0.0,0.0,144.46,-2.423,142.037,0.0,-0.373,141.664,149.014,7.35,86.212,1.64,1.64,1.72846,86.455,1.64,1.64,1.725015,
06/30/2020,2729.754,2729.754,,,0.0,-2371.723,126.208,,2245.515,358.031,-22.373,25.473,25.79,-0.317,,-3.1,335.658,-79.154,256.504,0.0,0.0,0.0,256.504,-4.575,251.929,0.0,-0.824,251.105,250.58919,-0.51581,84.632,2.97,2.97,2.960927,85.059,2.95,2.95,2.943936,
09/30/2020,2785.917,,,2785.917,,,,,,244.75,,,,,,,200.556,,152.8,,,,,,152.8,,,152.8,157.333,,,1.943,1.943,1.889,,1.943,1.943,1.889,
12/31/2020,2949.25,,,2949.25,,,,,,327.375,,,,,,,278.667,,215.2,,,,,,215.2,,,215.2,221.889,,,2.673,2.673,2.585,,2.673,2.673,2.585,
