Date,Revenue,Sales & Services Revenue,Other Revenue,Cost of Revenue,Cost of Goods & Services,Gross Profit,Other Operating Income,Operating Expenses,Depreciation & Amortization,Other Operating Expense,Operating Income (Loss),Non-Operating (Income) Loss,"Interest Expense, Net",Interest Expense,Interest Income,Foreign Exch (Gain) Loss,Other Non-Op (Income) Loss,Pretax Income,Income Tax Expense (Benefit),Income (Loss) from Cont Ops,Net Extraordinary Losses (Gains),Discontinued Operations,XO & Accounting Changes,Income (Loss) Incl. MI,Minority Interest,"Net Income, GAAP",Preferred Dividends,Other Adjustments,"Net Income Avail to Common, GAAP","Net Income Avail to Common, Adj",Net Abnormal Losses (Gains),Basic Weighted Avg Shares,"Basic EPS, GAAP",Basic EPS from Cont Ops,"Basic EPS from Cont Ops, Adjusted",Diluted Weighted Avg Shares,"Diluted EPS, GAAP",Diluted EPS from Cont Ops,"Diluted EPS from Cont Ops, Adjusted",Source: Bloomberg
12/31/1989,107.910995,,,,,,,,,,,,,,,,,,,,,,,,,4.789999,,,4.789999,4.789999,,764.383972,0.00625,0.00625,,764.383972,0.00625,0.00625,0.00625,
03/31/1990,129.904,,,-79.749,,50.155,,-38.485,,,11.67,-1.349,,1.349,,0.0,0.0,10.321,-3.509,6.812,0.0,,,6.812,-0.084,6.728,0.0,,6.728,6.728,,759.648,0.00875,0.00875,0.00875,919.008,0.008125,0.008125,0.00875,
06/30/1990,150.229,,,-97.922,,52.307,,-38.999,,,13.308,-1.29,,1.29,,0.0,0.0,12.018,-4.088,7.93,0.0,,,7.93,-0.152,7.778,0.0,,7.778,7.778,,775.392,0.01,0.01,,943.584,0.009062,0.009062,0.009062,
09/30/1990,156.831,,,-100.241,,56.59,,-42.234,,,14.356,-0.379,,0.379,,0.0,0.0,13.977,-4.751,9.226,0.0,,,9.226,-0.074,9.152,0.0,,9.152,9.152,,930.688,0.009687,0.009687,0.009687,944.832,0.009687,0.009687,0.009687,
12/31/1990,168.5,,,-105.761,,62.739,,-46.867,,,15.872,-0.323,,0.323,,0.0,0.0,15.549,-5.286,10.263,0.0,,,10.263,0.0,10.271,0.0,,10.271,10.271,,908.864,0.01125,0.01125,0.01125,908.864,0.01125,0.01125,0.01125,
03/31/1991,179.373995,,,-112.041,,67.332995,,-43.317001,,,24.015994,-0.327,,0.327,,0.0,0.0,23.688994,-8.054,15.635,0.0,,,15.634994,-0.08,15.555,0.0,,15.555,15.555,,920.096,0.016875,0.016875,0.016875,920.096,0.016875,0.016875,0.016875,
06/30/1991,186.696004,,,-111.334,,75.362004,,-47.292999,,,28.069005,-0.325,,0.325,,0.0,0.0,27.744005,-9.433,18.311001,0.0,,,18.311005,-0.042,18.268999,0.0,,18.268999,18.268999,,1027.232064,0.017812,0.017812,0.017812,1027.232064,0.017812,0.017812,0.017812,
09/30/1991,220.785005,,,-139.557007,,81.227998,,-50.964001,,,30.263997,-0.292,,0.292,,0.0,0.0,29.971997,-10.189,19.783001,0.0,,,19.782997,-0.052,19.731001,0.0,,19.731001,19.731001,,1031.936032,0.019062,0.019062,0.019062,1031.936032,0.019062,0.019062,0.019062,
12/31/1991,260.275,,,-170.728,,89.547,,-56.79,,,32.757,-0.301,,0.301,,0.0,0.0,32.456,-11.036,21.42,0.0,,,21.42,-0.126,21.294,0.0,,21.294,21.294,,1037.024,0.020625,0.020625,0.020625,1037.024,0.020625,0.020625,0.020625,
03/31/1992,335.276,,,-228.923,,106.353,,-67.317,,,39.036,-0.385,,0.385,,0.0,0.0,38.651,-13.528,25.123,0.0,,,25.123,-0.143,24.98,0.0,,24.98,24.98,,1065.215936,0.023438,0.023438,,1065.215936,0.023438,0.023438,0.023438,
06/30/1992,350.951,,,-235.824,,115.127,,-72.355,,,42.772,-0.203,,0.203,,0.0,0.0,42.569,-14.899,27.67,0.0,,,27.67,-0.07,27.6,0.0,,27.6,27.6,,883.2,0.024688,0.024688,0.024688,883.2,0.024688,0.024688,0.024688,
09/30/1992,447.765,,,-312.689,,135.076,,-85.564,,,49.512,-0.212,,0.212,,0.0,,49.3,-17.073,32.227,0.0,,,32.227,-0.139,32.088,0.0,,32.088,32.088,,1235.76,0.02625,0.02625,0.02625,1125.264032,0.02625,0.02625,0.02625,
12/31/1992,1066.644,,,-800.861,,265.783,,-189.797,,,75.986,-2.172,,2.172,,0.0,0.0,73.814,-26.56,47.254,0.0,,,47.254,-1.331,45.923,0.0,,45.923,45.923,,1131.135872,0.040625,0.040625,0.040625,1131.135872,0.040625,0.040625,0.040625,
03/31/1993,717.030029,,,-519.080017,,197.950012,,-122.487999,,,75.461998,-0.64,,0.64,,0.0,0.0,74.821998,-27.073999,47.748001,0.0,,,47.747999,-0.592,47.155998,0.0,,47.155998,47.155998,,1369.936032,0.035,0.035,,1369.936032,0.035,0.035,0.035,
06/30/1993,771.432007,,,-560.603027,,210.82898,,-130.787994,,,80.041,-0.853,,0.853,,0.0,0.0,79.188,-28.33,50.858002,0.0,,,50.858,-0.348,50.509998,0.0,,50.509998,50.509998,,1374.927984,0.03625,0.03625,,1374.927984,0.03625,0.03625,0.03625,
09/30/1993,799.140015,,,-576.666992,,222.473023,,-135.903,,,86.57,-0.642,,0.764,,0.0,-0.122,85.928,-30.659,55.269001,0.0,,,55.269,-0.444,54.825001,0.0,,54.825001,54.825001,,1375.024048,0.04,0.04,,1375.024048,0.04,0.04,0.04,
12/31/1993,827.599976,,,-580.237976,,247.362,,-153.084,,,94.278,-0.789,,0.789,,0.0,0.0,93.489,-33.316002,60.173,0.0,,,60.172998,-0.586,59.587002,0.0,,59.587002,59.587002,,1386.031984,0.0425,0.0425,,1386.031984,0.0425,0.0425,0.0425,
03/31/1994,903.556025,,,-629.578003,,273.978022,,-159.268997,,,114.709025,-0.568,,0.568,,0.0,0.0,114.141025,-43.067001,71.074024,0.0,,,71.074024,-0.676,70.398024,0.0,,70.398024,70.398024,,1396.056032,0.05,0.05,,1396.056032,0.05,0.05,0.05,
06/30/1994,939.466003,,,-652.265991,,287.200012,,-164.546005,,,122.653999,-36.508999,,0.569,,0.0,35.939999,86.145,-33.030998,53.113998,-1377.075012,,,1430.189014,-0.457,1429.732056,0.0,,1429.732056,1429.732056,,1403.92004,1.01875,0.0375,,1403.92004,1.01875,0.0375,0.0375,
09/30/1994,956.833984,,,-675.650024,,281.18396,,-149.720001,,,131.464005,-0.413,,0.413,,0.0,0.0,131.051005,-49.810001,81.240997,0.0,,,81.241004,-0.399,80.842003,0.0,,80.842003,80.842003,,1408.303952,0.0575,0.0575,,1408.303952,0.0575,0.0575,0.0575,
12/31/1994,969.027,,,-685.613,,283.414,,-146.193,,,137.221,-0.613,,0.613,,0.0,0.0,136.608,-51.914,84.694,0.0,,,84.694,-0.451,84.243,0.0,,84.243,84.243,,1412.584,0.06,0.06,0.06,1412.584,0.06,0.06,0.06,
03/31/1995,1103.835015,,,-783.500977,,320.334038,,-177.242996,,,143.091042,-0.18,,0.18,,0.0,0.0,142.911042,-52.877998,90.033044,0.0,,,90.033044,-0.601,89.432044,0.0,,89.432044,89.432044,,1411.224,0.06375,0.06375,,1411.224,0.06375,0.06375,0.06375,
06/30/1995,1157.944946,,,-824.161011,,333.783935,,-189.903,,,143.880997,-0.906,,0.378,,0.0,0.528,142.974997,-53.096001,89.878998,0.0,,,89.878996,0.0,89.878998,0.0,,89.878998,89.878998,,1410.432008,0.06375,0.06375,0.06375,1410.432008,0.06375,0.06375,0.06375,
09/30/1995,1215.536011,,,-872.357971,,343.17804,,-192.610001,,,150.567993,-0.146,,0.146,,0.0,0.0,150.421993,-55.654999,94.766998,0.0,,,94.766994,-1.097,93.669998,0.0,,93.669998,93.669998,,1416.560056,0.06625,0.06625,0.06625,1416.560056,0.06625,0.06625,0.06625,
12/31/1995,2193.562,,,-1450.913,,742.649,,-719.404,,,23.245,-0.067,,0.067,,0.0,0.0,23.178,-8.576,14.602,0.0,,,14.602,-1.619,12.983,-7.188,,5.795,5.795,,1435.824,0.00375,0.00375,0.00375,1435.824,0.00375,0.00375,0.00375,
03/31/1996,2318.11,,,-1585.369019,,732.740981,,-539.13501,,,193.606,-0.251,,0.251,,0.0,0.0,193.355,-73.474998,119.879997,0.0,,,119.880002,-0.934,118.945999,-7.188,,111.757999,111.757999,,1396.975952,0.08,0.08,0.08,1443.760008,0.0775,0.0775,0.0775,
06/30/1996,2492.183105,,,-1820.948975,,671.23413,,-573.758972,,,97.474998,-15.227,,0.259,,0.0,14.968,82.247998,-32.077,50.171001,0.0,,,50.170998,0.149,50.32,-7.188,,43.132,43.132,,1437.73596,0.03,0.03,0.055,1493.255984,0.02875,0.02875,0.05375,
09/30/1996,2587.35791,,,-1856.364014,,730.993896,,-581.594971,,,149.399002,-0.083,,0.083,,0.0,0.0,149.316002,-58.234001,91.082001,0.0,,,91.082001,0.145,91.226997,-7.188,,84.038997,84.038997,,1461.543944,0.0575,0.0575,0.0575,1497.04004,0.05625,0.05625,0.05625,
12/31/1996,2676.0,,,-1917.0,,759.0,,-603.0,,,156.0,0.0,,0.0,,0.0,0.0,156.0,-61.0,95.0,0.0,,,95.0,0.0,95.0,-7.0,,88.0,88.0,,1504.0,0.05875,0.05875,0.05875,1504.0,0.05875,0.05875,0.05875,
03/31/1997,2851.111,,,-2064.02,,787.091,,-608.681,,,178.41,-0.123,,0.123,,0.0,0.0,178.287,-69.531998,108.754997,0.0,,,108.755002,0.124,108.878998,-7.188,,101.690998,101.690998,,1479.14404,0.06875,0.06875,0.06875,1514.640016,0.0675,0.0675,0.0675,
06/30/1997,2930.5,,,-2118.6,,811.9,,-627.2,,,184.7,0.0,,0.0,,0.0,0.0,184.7,-69.0,115.7,0.0,,,115.7,0.0,115.7,-7.2,,108.5,108.5,,1496.0,0.0725,0.0725,0.0725,1528.0,0.07125,0.07125,0.07125,
09/30/1997,2958.9,,,-2144.1,,814.8,,-627.8,,,187.0,0.0,,0.0,,0.0,0.0,187.0,-70.9,116.1,0.0,,,116.1,0.0,116.1,-13.0,,103.1,103.1,,1504.0,0.0725,0.0725,0.0725,1536.0,0.07125,0.07125,0.07125,
12/31/1997,3054.0,,,-2216.0,,838.0,,-646.0,,,192.0,0.0,,0.0,,0.0,0.0,192.0,-73.0,119.0,0.0,,,119.0,0.0,119.0,-7.0,,112.0,112.0,,1536.0,0.0725,0.0725,0.0725,1536.0,0.0725,0.0725,0.0725,
03/31/1998,4115.0,,,-3152.0,,963.0,,-754.0,,,147.0,0.0,,0.0,,0.0,0.0,147.0,-77.0,132.0,0.0,,,70.0,0.0,132.0,-7.0,,125.0,125.0,,1544.0,0.08125,0.08125,0.08125,1592.0,0.07875,0.07875,0.07875,
06/30/1998,4235.0,,,-3435.0,,800.0,,-1479.0,,,-679.0,0.0,,0.0,,0.0,0.0,-679.0,114.0,-565.0,0.0,,,-565.0,0.0,-565.0,-7.0,,-572.0,-572.0,,1544.0,-0.37,-0.37,0.0825,1544.0,-0.37,-0.37,0.0825,
09/30/1998,4360.0,,,-3354.0,,1006.0,,-792.0,,,214.0,0.0,,0.0,,0.0,0.0,214.0,-79.0,135.0,0.0,,,135.0,0.0,135.0,-7.0,,128.0,128.0,,1536.0,0.08375,0.08375,0.08375,1552.0,0.0825,0.0825,0.0825,
12/31/1998,4645.0,,,-3582.0,,1063.0,,-849.0,,,214.0,-4.0,,4.0,,0.0,0.0,210.0,-78.0,132.0,0.0,,,132.0,0.0,132.0,-7.0,,125.0,125.0,,1496.0,0.07125,0.07125,0.08375,1496.0,0.07125,0.06875,0.08375,
03/31/1999,4809.0,,,-3720.0,,1089.0,,-868.0,,,221.0,-11.0,11.0,11.0,,,0.0,210.0,-78.0,132.0,,,,132.0,,132.0,,,132.0,132.0,,1440.0,0.09125,0.09125,0.09125,1464.0,0.09,0.09,0.09,
06/30/1999,4858.0,,,-3746.0,,1112.0,,-887.0,,,225.0,-11.0,11.0,11.0,,0.0,0.0,214.0,-79.0,135.0,0.0,,,135.0,0.0,135.0,0.0,0.0,135.0,135.0,,1392.0,0.0975,0.0975,0.0975,1424.0,0.095,0.095,0.095,
09/30/1999,4903.0,,,-3769.0,,1134.0,,-895.0,,,239.0,-10.0,10.0,10.0,,0.0,0.0,229.0,-85.0,144.0,0.0,,,144.0,0.0,144.0,0.0,0.0,144.0,144.0,,1392.0,0.10375,0.10375,0.10375,1424.0,0.10125,0.10125,0.10125,
12/31/1999,4992.0,,,-3808.0,,1184.0,,-926.0,,,258.0,-17.0,,17.0,,0.0,0.0,241.0,-84.0,157.0,0.0,,,157.0,0.0,157.0,0.0,,157.0,157.0,,1344.0,0.11625,0.11625,0.1125,1372.800048,0.11375,0.11375,0.11,
03/31/2000,5099.0,,,-3903.0,,1196.0,,-923.0,,,273.0,-17.0,17.0,17.0,,,0.0,256.0,-82.0,174.0,,,,174.0,,174.0,,,174.0,174.0,,1316.0,0.1325,0.1325,0.1325,1348.8,0.12875,0.12875,0.12875,
06/30/2000,5220.0,,,-3992.0,,1228.0,,-940.0,,,288.0,-16.0,16.0,16.0,,0.0,0.0,272.0,-102.0,170.0,0.0,,,170.0,0.0,170.0,0.0,0.0,170.0,170.0,,1301.6,0.13,0.13,0.13,1348.8,0.12625,0.12625,0.12625,
09/30/2000,5369.0,,,-4105.0,,1264.0,,-955.0,,,309.0,-18.0,18.0,18.0,,0.0,0.0,291.0,-109.0,182.0,0.0,,,182.0,0.0,182.0,0.0,0.0,182.0,182.0,,1287.2,0.14125,0.14125,0.14125,1342.4,0.135,0.135,0.135,
12/31/2000,5434.0,,,-4155.0,,1279.0,,-949.0,,,330.0,6.0,,21.0,,0.0,-27.0,336.0,-126.0,210.0,0.0,,,210.0,0.0,210.0,0.0,,210.0,210.0,,1332.0,0.165,0.165,0.1525,1332.0,0.1575,0.1575,0.145,
03/31/2001,5680.0,,,-4306.0,,1374.0,,-1009.0,,,365.0,-23.0,23.0,23.0,,0.0,0.0,342.0,-130.0,212.0,0.0,,,212.0,0.0,212.0,0.0,0.0,212.0,212.0,,1270.8,0.1675,0.1675,0.1675,1328.0,0.16,0.16,0.16,
06/30/2001,5813.0,,,-4394.0,,1419.0,,-1035.0,,,384.0,-24.0,24.0,24.0,,0.0,0.0,360.0,-137.0,223.0,0.0,,,223.0,0.0,223.0,0.0,0.0,223.0,223.0,,1251.6,0.1775,0.1775,0.1775,1308.4,0.17,0.17,0.17,
09/30/2001,5941.0,,,-4465.0,,1476.0,,-1080.0,,,396.0,-23.0,23.0,23.0,,0.0,0.0,373.0,-142.0,231.0,0.0,,,231.0,0.0,231.0,0.0,0.0,231.0,231.0,,1236.4,0.1875,0.1875,0.1875,1295.6,0.1775,0.1775,0.1775,
12/31/2001,6020.0,,,-4479.0,,1541.0,,-1120.0,,,421.0,-24.0,,24.0,,0.0,0.0,397.0,-150.0,247.0,0.0,,,247.0,0.0,247.0,0.0,0.0,247.0,247.0,,1250.63196,0.1975,0.1975,0.1975,1293.199952,0.19,0.19,0.19,
03/31/2002,6013.0,,,-4435.0,,1578.0,,-1096.0,,,482.0,-24.0,24.0,24.0,,,0.0,458.0,-163.0,295.0,,,,295.0,,295.0,,,295.0,295.0,,1229.6,0.24,0.24,0.24,1286.0,0.23,0.23,0.23,
06/30/2002,6078.0,,,-4418.0,,1660.0,,-1137.0,,,523.0,-20.0,20.0,20.0,,0.0,0.0,503.0,-178.0,325.0,0.0,,,325.0,0.0,325.0,0.0,0.0,325.0,325.0,,1219.6,0.2675,0.2675,0.2675,1281.2,0.2525,0.2525,0.2525,
09/30/2002,6247.0,,,-4509.0,,1738.0,,-1166.0,,,572.0,-24.0,24.0,24.0,,0.0,0.0,548.0,-195.0,353.0,0.0,,,353.0,0.0,353.0,0.0,0.0,353.0,353.0,,1200.4,0.2925,0.2925,0.2925,1260.8,0.28,0.28,0.28,
12/31/2002,6682.0,,,-4830.0,,1852.0,0.0,-1243.0,,,609.0,-22.0,,22.0,,0.0,0.0,587.0,-208.0,379.0,0.0,,,379.0,0.0,379.0,0.0,0.0,379.0,379.0,,1203.199952,0.315,0.315,0.315,1260.400024,0.3,0.3,0.3,
03/31/2003,6975.0,,,-5050.0,,1925.0,,-1272.0,,,653.0,-23.0,23.0,23.0,,,0.0,630.0,-227.0,403.0,,,,403.0,,403.0,,,403.0,403.0,,1193.2,0.3375,0.3375,0.3375,1246.4,0.3225,0.3225,0.3225,
06/30/2003,7087.0,,,-5109.0,,1978.0,,-1269.0,,,709.0,-24.0,24.0,24.0,,,0.0,685.0,-246.0,439.0,,,,439.0,,439.0,,,439.0,439.0,,1180.0,0.37,0.37,0.37,1236.0,0.355,0.355,0.355,
09/30/2003,7238.0,,,-5174.0,,2064.0,,-1301.0,,,763.0,-24.0,24.0,24.0,,,0.0,739.0,-263.0,476.0,,,,476.0,,476.0,,,476.0,476.0,,1178.0,0.405,0.405,0.405,1234.0,0.385,0.385,0.385,
12/31/2003,7523.0,,,-5381.0,,2142.0,0.0,-1332.0,,,810.0,-24.0,,24.0,,0.0,0.0,786.0,-279.0,507.0,0.0,,,507.0,0.0,507.0,0.0,0.0,507.0,507.0,,1165.517944,0.435,0.435,0.435,1218.0,0.415,0.415,0.415,
03/31/2004,8144.0,,,-5869.0,,2275.0,,-1399.0,,,876.0,-24.0,24.0,24.0,,,0.0,852.0,-298.0,554.0,,,,554.0,,554.0,,,554.0,554.0,,1202.0,0.46,0.46,0.46,1260.0,0.44,0.44,0.44,
06/30/2004,8704.0,,,-6326.0,,2378.0,,-1433.0,,,945.0,-28.0,28.0,28.0,,,0.0,917.0,-321.0,596.0,,,,596.0,,596.0,,,596.0,596.0,,1220.0,0.49,0.49,0.49,1278.0,0.465,0.465,0.465,
09/30/2004,9859.0,,,-7180.0,,2679.0,,-1587.0,,,1092.0,-34.0,34.0,34.0,,,0.0,1058.0,-360.0,698.0,,,,698.0,,698.0,,,698.0,698.0,,1282.0,0.545,0.545,0.545,1340.0,0.52,0.52,0.52,
12/31/2004,10511.0,,,-7625.0,,2886.0,,-1698.0,,,1466.0,-42.0,128.0,42.0,,0.0,-86.0,1424.0,-407.0,739.0,0.0,,,1017.0,0.0,739.0,0.0,0.0,739.0,739.0,,,0.57,0.57,0.57,,0.545,0.545,0.545,
03/31/2005,11164.0,,,-8155.0,,3009.0,,-1809.0,,,1200.0,-49.0,49.0,49.0,,,0.0,1151.0,-408.0,743.0,0.0,,,743.0,0.0,743.0,0.0,0.0,743.0,743.0,,1278.0,0.58,0.87,0.58,1340.0,0.55,0.825,0.55,
06/30/2005,11379.0,,,-8304.0,,3075.0,,-1813.0,,,1262.0,-55.0,55.0,55.0,0.0,,0.0,1207.0,-438.0,769.0,0.0,,,769.0,0.0,769.0,0.0,0.0,769.0,769.0,,1258.0,0.61,0.61,0.61,1324.0,0.58,0.58,0.58,
09/30/2005,11613.0,,,-8396.0,,3217.0,,-1894.0,,,1323.0,-62.0,62.0,62.0,,,0.0,1261.0,-461.0,800.0,0.0,,,800.0,0.0,800.0,0.0,0.0,800.0,800.0,,1255.0,0.64,0.64,0.64,1322.0,0.61,0.61,0.61,
12/31/2005,12165.0,,,-8928.0,,3237.0,,-2061.0,,,1176.0,46.0,,75.0,0.0,0.0,-121.0,1222.0,-444.0,778.0,0.0,,,778.0,0.0,778.0,0.0,0.0,778.0,778.0,,1275.4098,0.61,0.61,0.61,1341.3793,0.58,0.58,0.58,
03/31/2006,17581.0,,,-13420.0,,4161.0,,-2688.0,,,1473.0,-82.0,,82.0,,0.0,0.0,1391.0,-500.0,891.0,0.0,,,891.0,0.0,891.0,0.0,0.0,891.0,891.0,,1353.0,0.66,0.66,0.71,1419.0,0.63,0.63,0.68,
06/30/2006,17863.0,,,-13553.0,,4310.0,,-2643.0,,,1667.0,-116.0,116.0,116.0,,,0.0,1551.0,-570.0,981.0,0.0,,,981.0,0.0,981.0,0.0,0.0,981.0,981.0,,1339.0,0.73,0.73,0.73,1395.0,0.7,0.7,0.7,
09/30/2006,17970.0,,,-13520.0,,4450.0,,-2587.0,,,1863.0,-129.0,129.0,129.0,,,0.0,1734.0,-622.0,1112.0,0.0,,,1112.0,0.0,1112.0,0.0,0.0,1112.0,1112.0,,1341.0,0.83,0.83,0.83,1397.0,0.8,0.8,0.8,
12/31/2006,18157.0,,,-13253.0,,4904.0,,-2900.0,,,2004.0,-129.0,129.0,129.0,0.0,0.0,0.0,1875.0,-675.0,1200.0,0.0,,,1200.0,0.0,1200.0,0.0,0.0,1200.0,1200.0,,1350.574713,1.758511,2.628511,0.87,1398.809524,1.697872,2.537872,0.84,
03/31/2007,19047.0,,,-14610.0,,4437.0,0.0,-2855.0,,,1582.0,-116.0,,116.0,,0.0,0.0,1466.0,-539.0,927.0,0.0,,,927.0,0.0,927.0,0.0,0.0,927.0,927.0,,1343.0,0.69,0.69,0.77,1399.0,0.66,0.66,0.74,
06/30/2007,19000.0,,,-14125.0,,4875.0,,-2801.0,,,2074.0,-133.0,,133.0,,0.0,0.0,1941.0,-713.0,1228.0,0.0,,,1228.0,0.0,1228.0,0.0,0.0,1228.0,1228.0,,1326.0,0.93,0.93,0.93,1377.0,0.89,0.89,0.89,
09/30/2007,18679.0,,,-13706.0,,4973.0,0.0,-2818.0,,,2155.0,-142.0,,142.0,,0.0,0.0,2013.0,-730.0,1283.0,0.0,,,1283.0,0.0,1283.0,0.0,0.0,1283.0,1283.0,,1304.0,0.98,0.98,0.98,1348.0,0.95,0.95,0.95,
12/31/2007,18705.0,,,-13762.0,,4943.0,,-2905.0,,,2038.0,-153.0,153.0,153.0,,0.0,0.0,1885.0,-669.0,1216.0,0.0,,,1216.0,0.0,1216.0,0.0,0.0,1216.0,1216.0,,1318.0,0.95,0.95,0.95,1318.0,0.92,0.92,0.92,
03/31/2008,20304.0,,,-15469.0,,4835.0,0.0,-3122.0,,,1713.0,-154.0,,154.0,,0.0,0.0,1559.0,-565.0,994.0,0.0,,,994.0,0.0,994.0,0.0,0.0,994.0,994.0,,1240.0,0.8,0.8,0.8,1278.0,0.78,0.78,0.78,
06/30/2008,20272.0,,,-15610.0,,4662.0,,-3989.0,,,673.0,-164.0,,164.0,,0.0,0.0,509.0,-172.0,337.0,0.0,,,337.0,0.0,337.0,0.0,0.0,337.0,337.0,493.0,1216.0,0.28,0.28,0.69,1245.0,0.27,0.27,0.67,
09/30/2008,20156.0,,,-15330.0,,4826.0,0.0,-3228.0,,,1598.0,-166.0,,166.0,,0.0,0.0,1432.0,-512.0,920.0,0.0,,,920.0,0.0,920.0,0.0,0.0,920.0,920.0,-25.0,1204.0,0.76,0.76,0.74,1227.0,0.75,0.75,0.73,
12/31/2008,20454.0,,,-15430.0,,5024.0,,-3745.0,,,1279.0,-155.0,,155.0,,0.0,0.0,1124.0,-398.0,726.0,0.0,,,726.0,0.0,726.0,0.0,0.0,726.0,726.0,215.0,1213.0,0.6,0.6,0.78,1213.0,0.6,0.6,0.78,
03/31/2009,22004.0,1735.0,20269.0,-16974.0,16974.0,5030.0,0.0,-3362.0,234.0,3128.0,1668.0,-131.0,,131.0,,,0.0,1537.0,-553.0,984.0,0.0,0.0,0.0,984.0,0.0,984.0,0.0,0.0,984.0,982.05,-1.95,1198.0,0.82,0.82,0.819741,1210.0,0.81,0.81,0.808388,
06/30/2009,21655.0,1756.0,19899.0,-16929.0,16929.0,4726.0,0.0,-3286.0,249.0,3037.0,1440.0,-139.0,,139.0,,,0.0,1301.0,-442.0,859.0,0.0,0.0,0.0,859.0,0.0,859.0,0.0,0.0,859.0,857.05,-1.95,1170.0,0.73,0.73,0.732521,1180.0,0.73,0.73,0.728347,
09/30/2009,21695.0,1826.0,19869.0,-16613.0,16613.0,5082.0,0.0,-3406.0,250.0,3156.0,1676.0,-137.0,,137.0,,,0.0,1539.0,-504.0,1035.0,0.0,0.0,0.0,1035.0,0.0,1035.0,0.0,0.0,1035.0,1035.0,0.0,1153.0,0.9,0.9,0.9,1164.0,0.89,0.89,0.89,
12/31/2009,21784.0,1914.0,19870.0,-16538.0,16538.0,5246.0,0.0,-3671.0,258.0,3413.0,1575.0,-144.0,,144.0,,,0.0,1431.0,-487.0,944.0,0.0,0.0,0.0,944.0,0.0,944.0,0.0,0.0,944.0,944.0,0.0,1161.0,0.81,0.81,0.81,1161.0,0.81,0.81,0.81,
03/31/2010,23193.0,1892.0,21301.0,-17653.0,17653.0,5540.0,0.0,-3524.0,248.0,3276.0,2016.0,-125.0,,125.0,,,0.0,1891.0,-700.0,1191.0,0.0,0.0,0.0,1191.0,0.0,1191.0,0.0,0.0,1191.0,1166.3,-24.7,1145.0,1.04,1.04,1.018603,1156.0,1.03,1.03,1.008633,
06/30/2010,23264.0,1990.0,21274.0,-17755.0,17755.0,5509.0,0.0,-3608.0,249.0,3359.0,1901.0,-119.0,,119.0,,,0.0,1782.0,-659.0,1123.0,0.0,0.0,0.0,1123.0,0.0,1123.0,0.0,0.0,1123.0,1112.6,-10.4,1127.0,1.0,1.0,0.987223,1135.0,0.99,0.99,0.980837,
09/30/2010,23668.0,2065.0,21603.0,-17728.0,17728.0,5940.0,0.0,-3795.0,247.0,3548.0,2145.0,-119.0,,119.0,,,0.0,2026.0,-749.0,1277.0,0.0,0.0,0.0,1277.0,0.0,1277.0,0.0,0.0,1277.0,1276.35,-0.65,1115.0,1.15,1.15,1.144709,1124.0,1.14,1.14,1.139422,
12/31/2010,24030.0,2194.0,21836.0,-17821.0,17821.0,6209.0,0.0,-4407.0,320.0,4087.0,1802.0,-118.0,,118.0,,,0.0,1684.0,-641.0,1043.0,0.0,0.0,0.0,1043.0,0.0,1043.0,0.0,0.0,1043.0,1222.8,179.8,1106.0,0.94,0.94,1.105606,1106.0,0.94,0.94,1.102568,
03/31/2011,25432.0,2247.0,23185.0,-19324.0,19324.0,6108.0,0.0,-3887.0,270.0,3617.0,2221.0,-118.0,,118.0,,,0.0,2103.0,-757.0,1346.0,0.0,0.0,0.0,1346.0,0.0,1346.0,0.0,0.0,1346.0,1314.8,-31.2,1086.0,1.24,1.24,1.210681,1099.0,1.22,1.22,1.191611,
06/30/2011,25234.0,2261.0,22973.0,-19132.0,19132.0,6102.0,0.0,-4003.0,270.0,3733.0,2099.0,-119.0,,119.0,,,0.0,1980.0,-713.0,1267.0,0.0,0.0,0.0,1267.0,0.0,1267.0,0.0,0.0,1267.0,1284.55,17.55,1075.0,1.18,1.18,1.19493,1094.0,1.16,1.16,1.176042,
09/30/2011,25280.0,2304.0,22976.0,-19017.0,19017.0,6263.0,0.0,-4193.0,294.0,3899.0,2070.0,-129.0,,129.0,,,0.0,1941.0,-670.0,1271.0,0.0,0.0,0.0,1271.0,0.0,1271.0,0.0,0.0,1271.0,1249.55,-21.45,1065.0,1.19,1.19,1.173286,1083.0,1.17,1.17,1.150194,
12/31/2011,25916.0,2413.0,23503.0,-19244.0,19244.0,6672.0,0.0,-4598.0,290.0,4308.0,2074.0,-139.0,,139.0,,,0.0,1935.0,-677.0,1258.0,0.0,0.0,0.0,1258.0,0.0,1258.0,0.0,0.0,1258.0,1253.45,-4.55,1075.0,1.17,1.17,1.166,1075.0,1.17,1.17,1.165767,
03/31/2012,27282.0,2479.0,24803.0,-20573.0,20573.0,6709.0,0.0,-4392.0,296.0,4096.0,2317.0,-148.0,,148.0,,,0.0,2169.0,-781.0,1388.0,0.0,0.0,0.0,1388.0,0.0,1388.0,0.0,0.0,1388.0,1362.65,-25.35,1039.0,1.34,1.34,1.311501,1060.0,1.31,1.31,1.286085,
06/30/2012,27265.0,2478.0,24787.0,-20633.0,20633.0,6632.0,0.0,-4406.0,326.0,4080.0,2226.0,-153.0,,153.0,,,0.0,2073.0,-736.0,1337.0,0.0,0.0,0.0,1337.0,0.0,1337.0,0.0,0.0,1337.0,1304.5,-32.5,1028.0,1.3,1.3,1.268969,1049.0,1.27,1.27,1.239018,
09/30/2012,27302.0,2517.0,24785.0,-20098.0,20098.0,7204.0,0.0,-4594.0,317.0,4277.0,2610.0,-158.0,,158.0,,,0.0,2452.0,-895.0,1557.0,0.0,0.0,0.0,1557.0,0.0,1557.0,0.0,0.0,1557.0,1544.0,-13.0,1022.0,1.52,1.52,1.510763,1039.0,1.5,1.5,1.487488,
12/31/2012,28769.0,2736.0,26033.0,-21445.0,21445.0,7324.0,0.0,-5223.0,370.0,4853.0,2101.0,-173.0,,173.0,,,0.0,1928.0,-684.0,1244.0,0.0,0.0,0.0,1244.0,0.0,1244.0,0.0,0.0,1244.0,1213.45,-30.55,1037.0,1.2,1.2,1.170154,1037.0,1.2,1.2,1.170154,
03/31/2013,30340.0,2863.0,27477.0,-23251.0,23251.0,7089.0,0.0,-4950.0,336.0,4614.0,2139.0,-178.0,,178.0,,,0.0,1961.0,-721.0,1240.0,0.0,0.0,0.0,1240.0,-48.0,1192.0,0.0,0.0,1192.0,1154.95,-37.05,1016.0,1.17,1.17,1.136762,1029.0,1.16,1.16,1.123994,
06/30/2013,30408.0,2993.0,27415.0,-22842.0,22842.0,7566.0,0.0,-5165.0,340.0,4825.0,2401.0,-176.0,,176.0,,,0.0,2225.0,-789.0,1436.0,0.0,0.0,0.0,1436.0,0.0,1436.0,0.0,0.0,1436.0,1404.15,-31.85,1009.0,1.42,1.42,1.391625,1026.0,1.4,1.4,1.368957,
09/30/2013,30624.0,3105.0,27519.0,-22775.0,22775.0,7849.0,0.0,-5218.0,349.0,4869.0,2631.0,-178.0,,178.0,,,0.0,2453.0,-883.0,1570.0,0.0,0.0,0.0,1570.0,0.0,1570.0,0.0,0.0,1570.0,1590.15,20.15,1004.0,1.56,1.56,1.583815,1024.0,1.53,1.53,1.549678,
12/31/2013,31117.0,3226.0,27891.0,-23261.0,23261.0,7856.0,0.0,-5404.0,350.0,5054.0,2452.0,-176.0,,176.0,,,0.0,2276.0,-849.0,1427.0,0.0,0.0,0.0,1427.0,0.0,1427.0,0.0,0.0,1427.0,1398.4,-28.6,1014.0,1.41,1.41,1.379093,1014.0,1.41,1.41,1.379093,
03/31/2014,31708.0,3402.0,28306.0,-24100.0,24100.0,7608.0,0.0,-5554.0,360.0,5194.0,2054.0,-160.0,,160.0,,,0.0,1894.0,-795.0,1099.0,0.0,0.0,0.0,1099.0,0.0,1099.0,0.0,0.0,1099.0,1069.1,-29.9,983.0,1.12,1.12,1.087589,996.0,1.1,1.1,1.06998,
06/30/2014,32574.0,3484.0,29090.0,-24452.0,24452.0,8122.0,0.0,-5570.0,364.0,5206.0,2552.0,-155.0,,155.0,,,0.0,2397.0,-989.0,1408.0,0.0,0.0,0.0,1408.0,0.0,1408.0,0.0,0.0,1408.0,1338.45,-69.55,979.0,1.44,1.44,1.36716,991.0,1.42,1.42,1.349818,
09/30/2014,32759.0,3615.0,29144.0,-24047.0,24047.0,8712.0,0.0,-5809.0,373.0,5436.0,2903.0,-152.0,,152.0,,,0.0,2751.0,-1149.0,1602.0,0.0,0.0,0.0,1602.0,0.0,1602.0,0.0,0.0,1602.0,1582.5,-19.5,969.0,1.65,1.65,1.633127,982.0,1.63,1.63,1.610143,
12/31/2014,33433.0,3892.0,29541.0,-24553.0,24553.0,8880.0,0.0,-6115.0,381.0,5734.0,2765.0,-151.0,,151.0,,,0.0,2614.0,-1104.0,1510.0,0.0,0.0,0.0,1510.0,0.0,1510.0,0.0,0.0,1510.0,1491.8,-18.2,973.0,1.55,1.55,1.533196,973.0,1.55,1.55,1.531295,
03/31/2015,35756.0,3936.0,31820.0,-26904.0,26904.0,8852.0,0.0,-6212.0,378.0,5834.0,2640.0,-150.0,,150.0,,,0.0,2490.0,-1077.0,1413.0,0.0,0.0,0.0,1413.0,0.0,1413.0,0.0,0.0,1413.0,1411.05,-1.95,954.0,1.48,1.48,1.479088,969.0,1.46,1.46,1.457988,
06/30/2015,36263.0,4088.0,32175.0,-27251.0,27251.0,9012.0,0.0,-6117.0,379.0,5738.0,2895.0,-151.0,,151.0,,,0.0,2744.0,-1159.0,1585.0,0.0,0.0,0.0,1585.0,0.0,1585.0,0.0,0.0,1585.0,1540.8,-44.2,952.0,1.66,1.66,1.618487,966.0,1.64,1.64,1.594244,
09/30/2015,41489.0,9518.0,31971.0,-31841.0,31841.0,9648.0,0.0,-6630.0,452.0,6178.0,3018.0,-229.0,,229.0,,,0.0,2789.0,-1171.0,1618.0,0.0,0.0,0.0,1618.0,-21.0,1597.0,0.0,0.0,1597.0,1578.8,-18.2,953.0,1.68,1.68,1.656663,967.0,1.65,1.65,1.631179,
12/31/2015,43599.0,11692.0,31907.0,-34085.0,34085.0,9514.0,0.0,-7046.0,484.0,6562.0,2468.0,-260.0,,260.0,,,0.0,2208.0,-956.0,1252.0,0.0,0.0,0.0,1252.0,-34.0,1218.0,0.0,0.0,1218.0,1190.7,-27.3,953.0,1.26,1.26,1.249423,967.0,1.26,1.26,1.231768,
03/31/2016,44527.0,9533.0,34994.0,-34307.0,34307.0,10220.0,0.0,-7260.0,502.0,6758.0,2960.0,-259.0,,259.0,,,0.0,2701.0,-1074.0,1627.0,0.0,0.0,0.0,1627.0,-16.0,1611.0,0.0,0.0,1611.0,1588.25,-22.75,953.0,1.69,1.69,1.666579,967.0,1.67,1.67,1.646474,
06/30/2016,46485.0,9879.0,36606.0,-35978.0,35978.0,10507.0,0.0,-7304.0,511.0,6793.0,3203.0,-271.0,,271.0,,,0.0,2932.0,-1172.0,1760.0,0.0,0.0,0.0,1760.0,-6.0,1754.0,0.0,0.0,1754.0,1730.6,-23.4,951.0,1.84,1.84,1.819769,967.0,1.81,1.81,1.785801,
09/30/2016,46293.0,9960.0,36333.0,-35165.0,35165.0,11128.0,0.0,-7548.0,515.0,7033.0,3580.0,-269.0,,269.0,,,0.0,3311.0,-1333.0,1978.0,0.0,0.0,0.0,1978.0,-10.0,1968.0,0.0,0.0,1968.0,1968.0,0.0,952.0,2.07,2.07,2.07,969.0,2.03,2.03,2.03,
12/31/2016,47535.0,10522.0,37013.0,-36004.0,36004.0,11531.0,0.0,-8344.0,527.0,7817.0,3187.0,-268.0,,268.0,,,0.0,2919.0,-1211.0,1708.0,0.0,0.0,0.0,1708.0,-24.0,1684.0,0.0,0.0,1684.0,1639.15,-44.85,970.0,1.74,1.74,1.689845,970.0,1.74,1.74,1.689845,
03/31/2017,48723.0,9563.0,39160.0,-37755.0,37755.0,10968.0,0.0,-7555.0,533.0,7022.0,3413.0,-283.0,,283.0,,,0.0,3130.0,-939.0,2191.0,0.0,0.0,0.0,2191.0,-19.0,2172.0,0.0,0.0,2172.0,2172.0,0.0,954.0,2.28,2.28,2.28,975.0,2.23,2.23,2.23,
06/30/2017,50053.0,10212.0,39841.0,-38438.0,38438.0,11615.0,0.0,-7884.0,556.0,7328.0,3731.0,-301.0,,301.0,,,0.0,3430.0,-1080.0,2350.0,0.0,0.0,0.0,2350.0,-66.0,2284.0,0.0,0.0,2284.0,2284.0,0.0,964.0,2.37,2.37,2.37,985.0,2.32,2.32,2.32,
09/30/2017,50322.0,10523.0,39799.0,-38269.0,38269.0,12053.0,0.0,-7965.0,578.0,7387.0,4088.0,-294.0,,294.0,,,0.0,3794.0,-1233.0,2561.0,0.0,0.0,0.0,2561.0,-76.0,2485.0,0.0,0.0,2485.0,2485.0,0.0,968.0,2.57,2.57,2.57,989.0,2.51,2.51,2.51,
12/31/2017,52061.0,11385.0,40676.0,-39686.0,39686.0,12375.0,0.0,-8398.0,578.0,7820.0,3977.0,-308.0,,308.0,,,0.0,3669.0,52.0,3721.0,0.0,0.0,0.0,3721.0,-104.0,3617.0,0.0,0.0,3617.0,2366.05,-1250.95,970.0,3.728866,3.728866,2.439227,991.0,3.649849,3.649849,2.387538,
03/31/2018,55188.0,10806.0,44382.0,-42047.0,42047.0,13141.0,0.0,-9088.0,582.0,8506.0,4053.0,-329.0,,329.0,,,0.0,3724.0,-800.0,2924.0,0.0,0.0,0.0,2924.0,-88.0,2836.0,0.0,0.0,2836.0,2836.0,0.0,966.0,2.94,2.94,2.94,987.0,2.87,2.87,2.87,
06/30/2018,56086.0,11273.0,44813.0,-42898.0,42898.0,13188.0,0.0,-8984.0,598.0,8386.0,4204.0,-344.0,,344.0,,,0.0,3860.0,-850.0,3010.0,0.0,0.0,0.0,3010.0,-88.0,2922.0,0.0,0.0,2922.0,2922.0,0.0,961.0,3.04,3.04,3.04,982.0,2.98,2.98,2.98,
09/30/2018,56556.0,11561.0,44995.0,-42876.0,42876.0,13680.0,0.0,-9090.0,611.0,8479.0,4590.0,-353.0,,353.0,,,0.0,4237.0,-953.0,3284.0,0.0,0.0,0.0,3284.0,-96.0,3188.0,0.0,0.0,3188.0,3188.0,0.0,962.0,3.31,3.31,3.31,983.0,3.24,3.24,3.24,
12/31/2018,58417.0,13144.0,45273.0,-44580.0,44580.0,13837.0,0.0,-9340.0,637.0,8703.0,4497.0,-374.0,,374.0,,,0.0,4123.0,-959.0,3164.0,0.0,0.0,0.0,3164.0,-124.0,3040.0,0.0,0.0,3040.0,3040.0,0.0,982.0,3.1,3.1,3.1,982.0,3.1,3.1,3.1,
03/31/2019,60308.0,12390.0,47918.0,-46320.0,46320.0,13988.0,0.0,-9156.0,639.0,8517.0,4832.0,-400.0,,400.0,,,0.0,4432.0,-875.0,3557.0,0.0,0.0,0.0,3557.0,-90.0,3467.0,0.0,0.0,3467.0,3467.0,0.0,958.0,3.62,3.62,3.62,975.0,3.56,3.56,3.56,
06/30/2019,60595.0,12849.0,47746.0,-46782.0,46782.0,13813.0,0.0,-9069.0,654.0,8415.0,4744.0,-418.0,,418.0,,,0.0,4326.0,-941.0,3385.0,0.0,0.0,0.0,3385.0,-92.0,3293.0,0.0,0.0,3293.0,3293.0,0.0,950.0,3.47,3.47,3.47,964.0,3.42,3.42,3.42,
09/30/2019,60351.0,12488.0,47863.0,-45668.0,45668.0,14683.0,0.0,-9669.0,709.0,8960.0,5014.0,-449.0,,449.0,,,0.0,4565.0,-936.0,3629.0,0.0,0.0,0.0,3629.0,-91.0,3538.0,0.0,0.0,3538.0,3538.0,0.0,949.0,3.73,3.73,3.73,963.0,3.67,3.67,3.67,
12/31/2019,60901.0,12843.0,48058.0,-45787.0,45787.0,15114.0,0.0,-10019.0,718.0,9301.0,5095.0,-437.0,,437.0,,,0.0,4658.0,-990.0,3668.0,0.0,0.0,0.0,3668.0,-127.0,3541.0,0.0,0.0,3541.0,3541.0,0.0,962.0,3.68,3.68,3.68,962.0,3.68,3.68,3.68,
03/31/2020,64421.0,13416.0,51005.0,-48687.0,48687.0,15734.0,0.0,-10738.0,723.0,10015.0,4996.0,-437.0,,437.0,,,0.0,4559.0,-1094.0,3465.0,0.0,0.0,0.0,3465.0,-83.0,3382.0,0.0,0.0,3382.0,3382.0,0.0,949.0,3.56,3.56,3.56,962.0,3.52,3.52,3.52,
06/30/2020,62138.0,12403.0,49735.0,-42179.0,42179.0,19959.0,0.0,-10718.0,717.0,10001.0,9241.0,-430.0,430.0,430.0,0.0,,0.0,8811.0,-2115.0,6696.0,0.0,0.0,0.0,6696.0,-59.0,6637.0,0.0,0.0,6637.0,6637.0,0.0,949.0,6.99,6.99,6.99,960.0,6.91,6.91,6.91,
09/30/2020,63926.067,,,,,14446.65188133,,,,,4138.077,,,,,,,3855.667,,2772.563,,,,,,2772.563,,,2772.563,2953.0,,,2.942,2.942,3.106,,2.942,2.942,3.106,
12/31/2020,65350.733,,,,,13562.23761949,,,,,3737.077,,,,,,,3450.083,,2342.25,,,,,,2342.25,,,2342.25,2497.882,,,2.573,2.573,2.65,,2.573,2.573,2.65,
