Date,Revenue,Net Premiums Earned,Net Premiums Earned (L),Other Premiums Earned (NL & L),Investment Income,Other Operating Income,Policy Charges & Fees,Other Income,Claims & Losses,Claims & Losses (NL),Claims & Losses (L),LT Charges (L),Underwriting Expense & Acq Cost,Underwriting & Acq Cost (L),Underwriting Cost (L),Amort Def Acq Cost (L),Other Cost (L),Other Operating Expense,Operating Income (Loss),Interest Expense,Other Non-Op (Income) Loss,"Pretax Income (Loss), GAAP",Income Tax Expense (Benefit),Current Income Tax,Deferred Income Tax,Income (Loss) from Cont Ops,Net Extraordinary Losses (Gains),Discontinued Operations,XO & Accounting Changes,Income (Loss) Incl. MI,Minority Interest,"Net Income, GAAP",Preferred Dividends,Other Adjustments,"Net Income Avail to Common, GAAP","Net Income Avail to Common, Adj",Net Abnormal Losses (Gains),Basic Weighted Avg Shares,"Basic EPS, GAAP",Basic EPS from Cont Ops,"Basic EPS from Cont Ops, Adjusted",Diluted Weighted Avg Shares,"Diluted EPS, GAAP",Diluted EPS from Cont Ops,"Diluted EPS from Cont Ops, Adjusted",Source: Bloomberg
03/31/1990,504.600006,325.5,,,171.400003,7.7,,,-342.599991,0.0,256.899994,85.699997,-106.400002,,,,,,55.599998,0.0,0.0,55.599998,-12.1,,,43.5,0.0,,,43.499998,0.0,43.5,0.0,,43.5,43.5,,141.160004,0.31,0.31,,141.160004,0.31,0.31,0.31,
06/30/1990,513.200012,329.600006,,,177.3,6.3,,,-343.099999,0.0,255.699997,87.400002,-111.400002,,,,,,58.700001,-0.2,0.0,58.500001,-8.2,,,50.299999,0.0,,,50.300001,0.0,50.299999,0.0,,50.299999,50.299999,,138.951996,0.36,0.36,0.36,138.951996,0.36,0.36,0.36,
09/30/1990,551.900024,362.299988,,,186.199997,3.4,,,-373.400009,0.0,285.200012,88.199997,-116.0,,,,,,62.5,-2.0,0.0,60.5,-14.2,,,46.299999,0.0,,,46.3,0.0,46.299999,0.0,,46.299999,46.299999,,137.792008,0.335,0.335,0.335,137.792008,0.335,0.335,0.335,
12/31/1990,600.599976,404.200012,,,191.000006,5.4,,,-404.900002,0.0,315.0,89.900002,-136.100006,,,,,,59.599998,-2.2,0.0,57.399998,-12.3,,,45.099998,0.0,,,45.099998,0.0,45.099998,0.0,,45.099998,45.099998,,134.399994,0.34,0.34,,134.399994,0.34,0.34,0.34,
03/31/1991,595.799988,393.5,,,195.099994,7.2,,,-385.900009,0.0,299.700012,86.199997,-144.800003,,,,,,65.099998,-2.0,0.0,63.099998,-15.5,,,47.599998,0.0,,,47.599998,0.0,47.599998,0.0,,47.599998,47.599998,,133.024004,0.36,0.36,0.36,133.024004,0.36,0.36,0.36,
06/30/1991,591.200012,393.100006,,,190.599997,7.5,,,-391.300003,0.0,303.600006,87.699997,-127.800003,,,,,,72.099998,-2.2,0.0,69.899998,-14.9,,,55.0,0.0,,,54.999998,0.0,55.0,0.0,,55.0,55.0,,133.320008,0.415,0.415,0.415,133.320008,0.415,0.415,0.415,
09/30/1991,609.200012,409.0,,,192.200003,8.0,,,-397.699997,0.0,308.399994,89.300003,-137.100006,,,,,,74.400002,-3.7,0.0,70.700002,-17.9,,,52.799999,0.0,,,52.800002,0.0,52.799999,0.0,,52.799999,52.799999,,133.451996,0.395,0.395,0.395,133.451996,0.395,0.395,0.395,
12/31/1991,624.400024,420.5,,,195.199997,8.7,,,-405.700012,0.0,314.200012,91.5,-157.0,,,,,,61.700001,-3.3,0.0,58.400001,-8.8,,,49.599998,0.0,,,49.600001,0.0,49.599998,0.0,,49.599998,49.599998,,133.643997,0.37,0.37,,133.643997,0.37,0.37,0.37,
03/31/1992,750.799988,526.799988,,,209.800006,14.2,,,-459.600014,0.0,377.700012,81.900002,-190.899994,,,,,,100.300003,-2.6,0.0,97.700003,-25.1,,,72.599998,0.0,,,72.600003,0.0,72.599998,0.0,,72.599998,72.599998,,156.61,0.465,0.465,0.465,156.61,0.465,0.465,0.465,
06/30/1992,744.5,525.299988,,,210.899997,8.3,,,-453.600014,0.0,371.200012,82.400002,-187.100006,,,,,,103.800003,-2.8,0.0,101.000003,-27.1,,,73.900002,0.0,,,73.900003,0.0,73.900002,0.0,,73.900002,73.900002,,156.772004,0.47,0.47,0.47,156.772004,0.47,0.47,0.47,
09/30/1992,773.599976,538.599976,,,218.4,16.6,,,-465.899994,0.0,383.399994,82.5,-202.199997,,,,,,105.5,-2.7,0.0,102.8,-28.0,,,74.800003,0.0,,,74.8,0.0,74.800003,0.0,,74.800003,74.800003,,157.147994,0.475,0.475,0.475,157.147994,0.475,0.475,0.475,
12/31/1992,779.599976,551.700012,,,211.599994,16.299999,,,-481.899986,0.0,400.299988,81.599998,-197.899994,,,,,,99.800003,-2.8,0.0,97.000003,-27.1,,,69.900002,0.0,,,69.900003,0.0,69.900002,0.0,,69.900002,69.900002,,157.806,0.445,0.445,0.445,157.806,0.445,0.445,0.445,
03/31/1993,822.599976,578.900024,,,221.0,22.700001,,,-492.5,0.0,418.5,74.0,-216.100006,,,,,,114.0,-3.0,0.0,111.0,-35.0,,,76.0,12.1,,,63.9,0.0,63.900002,0.0,,63.900002,63.900002,,158.418,0.405,0.48,0.48,158.418,0.405,0.48,0.48,
06/30/1993,854.599976,624.599976,,,210.100003,19.9,,,-521.499985,0.0,449.799988,71.699997,-215.800003,,,,,,117.300003,-3.1,0.0,114.200003,-33.400002,,,80.800003,0.0,,,80.800001,0.0,80.800003,0.0,,80.800003,80.800003,,158.804,0.51,0.51,0.51,158.804,0.51,0.51,0.51,
09/30/1993,850.299988,622.900024,,,206.999994,20.4,,,-515.899994,0.0,446.899994,69.0,-216.699997,,,,,,117.699997,-3.0,0.0,114.699997,-42.599998,,,72.099998,0.0,,,72.099999,0.0,72.099998,0.0,,72.099998,72.099998,,159.119996,0.455,0.455,0.455,159.119996,0.455,0.455,0.455,
12/31/1993,869.5,647.700012,,,201.699997,20.1,,,-526.800003,0.0,460.5,66.300003,-218.699997,,,,,,124.0,-3.6,0.0,120.4,-37.299999,,,83.099998,0.0,,,83.100001,0.0,83.099998,0.0,,83.099998,83.099998,,153.89,0.54,0.54,0.54,153.89,0.54,0.54,0.54,
03/31/1994,877.400024,655.0,,,203.000006,19.4,,,-542.399994,0.0,481.399994,61.0,-220.899994,,,,,,114.099998,-3.3,0.0,110.799998,-33.700001,,,77.099998,0.0,,,77.099997,0.0,77.099998,0.0,,77.099998,77.099998,,151.216004,0.51,0.51,0.51,151.216004,0.51,0.51,0.51,
06/30/1994,928.0,701.400024,,,204.899994,21.700001,,,-579.600014,0.0,518.700012,60.900002,-221.0,,,,,,127.400002,-4.2,0.0,123.200002,-37.900002,,,85.300003,0.0,,,85.3,0.0,85.300003,0.0,,85.300003,85.300003,,149.668,0.57,0.57,0.57,149.668,0.57,0.57,0.57,
09/30/1994,890.5,670.299988,,,203.900003,16.299999,,,-767.900013,0.0,708.200012,59.700001,-222.699997,,,,,,-100.099998,-5.0,0.0,-105.099998,43.400002,,,-61.700001,0.0,,,-61.699996,0.0,-61.700001,0.0,,-61.700001,-61.700001,,147.659058,-0.42,-0.42,-0.42,147.659058,-0.42,-0.42,-0.42,
12/31/1994,927.799988,705.700012,,,203.999994,18.1,,,-600.899986,0.0,539.799988,61.099998,-251.0,,,,,,75.900002,-6.2,0.0,69.700002,-15.7,,,54.0,0.0,,,54.000002,0.0,54.0,0.0,,54.0,54.0,,144.794006,0.375,0.375,0.375,144.794006,0.375,0.375,0.375,
03/31/1995,955.099976,734.0,,,202.799994,18.299999,,,-628.899986,0.0,571.799988,57.099998,-233.5,,,,,,92.699997,-7.3,0.0,85.399997,-22.0,,,63.400002,0.0,,,63.399997,0.0,63.400002,0.0,,63.400002,63.400002,,144.932006,0.435,0.435,0.39,144.932006,0.435,0.435,0.39,
06/30/1995,1156.099976,729.200012,,,407.400009,19.5,,,-774.100014,0.0,717.700012,56.400002,-252.100006,,,,,,129.899994,-9.3,0.0,120.599994,-31.700001,,,88.900002,0.0,,,88.899993,0.0,88.900002,0.0,,88.900002,88.900002,,145.240006,0.61,0.61,0.43,145.240006,0.61,0.61,0.43,
09/30/1995,967.599976,738.0,,,210.700003,18.9,,,-625.500011,0.0,568.700012,56.799999,-240.800003,,,,,,101.300003,-10.2,0.0,91.100003,-24.4,,,66.699997,0.0,,,66.700003,0.0,66.699997,0.0,,66.699997,66.699997,,145.442002,0.46,0.46,0.46,145.442002,0.46,0.46,0.46,
12/31/1995,1044.099976,817.0,,,210.500003,16.6,,,-691.899986,0.0,634.799988,57.099998,-257.0,,,,,,95.199997,-10.4,0.0,84.799997,-22.700001,,,62.099998,0.0,,,62.099996,0.0,62.099998,0.0,,62.099998,62.099998,,145.789994,0.425,0.425,0.48,145.789994,0.425,0.425,0.48,
03/31/1996,1002.599976,769.299988,,,213.199997,20.1,,,-635.69999,0.0,584.299988,51.400002,-253.899994,,,,,,113.0,-10.3,0.0,102.7,-30.6,,,72.099998,0.0,,,72.1,0.0,72.099998,0.0,,72.099998,72.099998,,146.199996,0.49,0.49,0.475,146.199996,0.49,0.49,0.475,
06/30/1996,989.299988,761.099976,,,208.999997,19.200001,,,-612.299988,0.0,562.299988,50.0,-260.600006,,,,,,116.400002,-10.4,0.0,106.000002,-32.099998,,,73.900002,0.0,,,73.900004,0.0,73.900002,0.0,,73.900002,73.900002,,146.619996,0.5,0.5,0.52,146.619996,0.5,0.5,0.52,
09/30/1996,1023.299988,796.200012,,,209.399997,17.700001,,,-655.400013,0.0,605.200012,50.200001,-245.100006,,,,,,122.800003,-9.9,-49.5,63.400003,-19.299999,,,44.099998,0.0,,,44.100004,0.0,44.099998,0.0,,44.099998,44.099998,,146.199996,0.3,0.3,0.525,146.199996,0.3,0.3,0.525,
12/31/1996,1027.5,793.799988,,,174.000006,59.700001,,,-621.900024,0.0,572.900024,49.0,-326.0,,,,,,79.599998,-10.1,0.0,69.499998,-21.6,,,47.900002,0.0,,,47.899998,0.0,47.900002,0.0,,47.900002,47.900002,,144.600006,0.33,0.33,0.55,144.600006,0.33,0.33,0.55,
03/31/1997,1043.0,766.299988,,,162.600003,114.099998,,,-611.999977,0.0,578.599976,33.400002,-249.100006,,,,,,181.899994,-10.2,0.0,171.699994,-56.700001,,,115.0,0.0,,,114.999993,0.0,115.0,0.0,,115.0,115.0,,142.388,0.81,0.81,0.55,145.115997,0.79,0.79,0.54,
06/30/1997,992.4,786.7,786.7,0.0,162.7,43.0,,,-603.9,,585.0,18.9,-251.5,,,,,,137.0,-10.6,,126.4,-38.8,,,87.6,,,,87.6,,87.6,,,87.6,87.6,,139.399,0.63,0.63,0.63,142.099,0.62,0.62,0.62,
09/30/1997,1045.2,833.8,833.8,0.0,167.0,44.4,,,-646.0,,629.6,16.4,-257.4,,,,,,141.8,-10.4,,131.4,-39.9,,,91.5,,,,91.5,,91.5,,,91.5,91.5,,139.231,0.66,0.66,0.66,142.35,0.64,0.64,0.64,
12/31/1997,1034.2,870.6,870.6,0.0,163.6,,,,-927.3,0.0,927.3,,0.0,,,,,,106.9,,-6.5,106.9,-30.7,,,76.2,0.0,,,76.2,0.0,76.2,0.0,0.0,76.2,76.2,,138.300003,0.55,0.55,0.66,138.399994,0.54,0.54,0.64,
03/31/1998,2102.100098,1492.599976,,,534.399976,75.099998,,,-1313.800049,0.0,1313.800049,0.0,-513.700012,,,,,,274.600006,-27.299999,0.0,247.300007,-82.699997,,,164.600006,0.0,,,164.60001,0.0,164.600006,0.0,,164.600006,164.600006,,236.626999,0.69,0.69,0.66,242.625,0.68,0.68,0.65,
06/30/1998,2107.100098,1506.099976,,,518.6,82.400002,,,-1304.699951,0.0,1304.699951,0.0,-506.200012,,,,,,296.200012,-30.700001,0.0,265.500011,-92.0,,,173.5,0.0,,,173.500011,0.0,173.5,0.0,,173.5,173.5,,237.020996,0.73,0.73,0.71,242.835007,0.71,0.71,0.69,
09/30/1998,2144.899902,1560.5,,,510.799994,73.599998,,,-1329.0,0.0,1329.0,0.0,-507.399994,,,,,,308.5,-32.599998,0.0,275.900002,-89.599998,,,186.300003,0.0,,,186.300003,0.0,186.300003,0.0,,186.300003,186.300003,,237.033005,0.79,0.79,0.74,242.304001,0.77,0.77,0.72,
12/31/1998,2165.2,1569.8,,,526.6,68.8,,,-1502.2,0.0,1502.2,0.0,-502.2,,,,,,160.8,-29.3,0.0,131.5,-38.5,,,93.0,0.0,,,93.0,0.0,93.0,0.0,,93.0,93.0,,237.229,0.39,0.39,0.33,241.47,0.39,0.39,0.32,
03/31/1999,2269.100098,1681.5,,,506.800006,80.800003,,,-1502.099976,0.0,1502.099976,0.0,-426.399994,,,,,,297.899994,-32.900002,-101.800003,163.199989,-73.900002,,,89.300003,0.0,,,89.299988,0.0,89.300003,0.0,,89.300003,89.300003,,237.785004,0.38,0.38,0.73,242.253006,0.37,0.37,0.71,
06/30/1999,2277.600098,1687.400024,,,522.2,68.0,,,-1690.699951,0.0,1690.699951,0.0,-540.299988,,,,,,29.1,-33.599998,-270.100006,-274.600004,83.400002,,,0.0,,,,-191.200003,,-191.199997,0.0,,-191.199997,-191.199997,,238.438004,-0.8,-0.8,-0.8,238.438004,-0.8,-0.8,-0.8,
09/30/1999,2433.100098,1736.199951,,,591.300026,105.599998,,,-2053.100098,,2053.100098,,-565.099976,,,,,,-228.5,-34.299999,,-262.799999,45.799999,,,-217.0,,,,-217.0,,-217.0,0.0,,-217.0,-217.0,,239.740005,-0.91,-0.91,-0.91,239.740005,-0.91,-0.91,-0.91,
12/31/1999,2349.8,1738.1,,,526.5,85.2,,,-1763.7,0.0,1763.7,0.0,-366.9,,,,,,219.2,-37.0,-2.7,179.5,-43.5,,,136.0,0.0,,,136.0,0.0,136.0,0.0,,136.0,136.0,,240.34,0.57,0.57,0.56,241.383,0.56,0.56,0.558,
03/31/2000,2394.100098,1780.800049,,,552.099976,61.400002,,,-1579.5,0.0,1579.5,0.0,-547.599976,,,,,,250.300003,-43.900002,0.0,206.400002,-71.900002,,,134.5,0.0,,,134.5,0.0,134.5,0.0,0.0,134.5,134.5,,240.593994,0.56,0.56,0.56,241.384995,0.56,0.56,0.56,
06/30/2000,2423.699951,1789.900024,,,544.8,89.0,,,-1631.099976,0.0,1631.099976,0.0,-510.100006,,,,,,264.700012,-45.099998,0.0,219.600014,-76.5,,,143.100006,0.0,,,143.100014,0.0,143.100006,0.0,0.0,143.100006,143.100006,,240.755005,0.59,0.59,0.59,241.645996,0.59,0.59,0.59,
09/30/2000,2311.699951,1754.599976,,,482.399994,88.699997,,,-1556.699951,0.0,1556.699951,0.0,-480.5,,,,,,255.699997,-47.200001,0.0,208.499996,-71.5,,,137.0,0.0,,,136.999996,0.0,137.0,0.0,,137.0,137.0,,240.929993,0.57,0.57,0.6,242.188004,0.57,0.57,0.6,
12/31/2000,2302.800049,1731.699951,,,482.899994,90.400002,,,-1640.199951,0.0,1640.199951,0.0,-371.899994,,,,,,276.700012,-45.599998,0.0,231.100014,-81.5,,,149.600006,0.0,,,149.600014,0.0,149.600006,0.0,0.0,149.600006,149.600006,,241.207993,0.62,0.62,0.616,242.975998,0.616,0.616,0.61,
03/31/2001,2340.899902,1746.900024,,,494.5,100.699997,,,-1518.099976,0.0,1518.099976,0.0,-536.799988,,,,,,268.299988,-42.799999,0.0,225.499989,-78.699997,,,182.0,0.0,,,146.799992,0.0,182.0,0.0,0.0,182.0,182.0,,241.410995,0.75,0.75,0.61,243.201004,0.75,0.75,0.61,
06/30/2001,2363.0,1769.800049,,,500.0,94.699997,,,-1571.199951,0.0,1571.199951,0.0,-518.599976,,,,,,255.100006,-44.200001,0.0,210.900005,-64.800003,,,146.100006,0.0,,,146.100002,0.0,146.100006,0.0,0.0,146.100006,146.100006,,241.720993,0.6,0.6,0.61,244.009003,0.6,0.6,0.6,
09/30/2001,2377.4,1792.2,1792.2,0.0,506.4,78.8,,,-1611.0,,1611.0,,-514.2,,,,,,234.3,-41.1,0.0,193.2,-66.1,,,127.1,,,,127.1,,127.1,0.0,0.0,127.1,127.1,,242.0208,0.53,0.53,0.53,243.7851,0.52,0.52,0.52,
12/31/2001,2272.800049,1769.300049,,,423.399994,80.099998,,,-1534.0,0.0,1534.0,0.0,-521.200012,,,,,,196.300003,-41.5,0.0,154.800003,-54.299999,,,100.5,2.9,,,97.600004,0.0,97.599998,0.0,0.0,97.599998,97.599998,,242.130997,0.4,0.415065,0.62,243.470993,0.4,0.41278,0.62,
03/31/2002,2330.5,1825.5,1825.5,0.0,414.1,90.9,,,-1587.5,,1587.5,,-558.6,,,,,,174.1,-38.4,0.0,135.7,-40.7,,,95.0,7.1,,,87.9,0.0,87.9,0.0,0.0,87.9,87.9,,242.5973,0.36,0.39,0.39,244.1196,0.36,0.39,0.39,
06/30/2002,2401.6,1865.5,1865.5,0.0,430.8,105.3,,,-1648.8,0.0,1648.8,0.0,-555.0,,,,,,186.7,-38.7,0.0,148.0,-50.3,,,97.7,,,,97.7,0.0,97.7,0.0,0.0,97.7,97.7,,242.5408,0.4,0.4,0.4,243.7729,0.4,0.4,0.4,
09/30/2002,2450.1,1882.2,1882.2,0.0,468.9,99.0,,,-1676.1,,1676.1,,-544.7,,,,,,218.2,-42.9,0.0,175.3,-61.9,,,113.4,,,,113.4,,113.4,0.0,0.0,113.4,113.4,,241.4538,0.47,0.47,0.47,242.2766,0.47,0.47,0.47,
12/31/2002,2430.300049,1879.900024,,,538.0,94.0,,,-1670.0,0.0,1670.0,0.0,-556.900024,,,,,,193.800003,-42.400002,0.0,151.400002,-22.9,,,128.5,0.0,,,128.500002,0.0,128.5,0.0,0.0,128.5,128.5,,241.559998,0.39,0.39,0.64,242.128998,0.39,0.39,0.64,
03/31/2003,2394.8,1871.3,1871.3,0.0,434.2,89.3,,,-2143.4,0.0,2143.4,0.0,-589.6,,,,,,-348.0,-41.5,,-389.5,140.5,,,-249.0,-2.6,,,-246.4,0.0,-246.4,0.0,0.0,-246.4,-246.4,,241.6194,-1.02,-1.03,-1.03,241.6194,-1.02,-1.03,-1.03,
06/30/2003,2529.2,1911.2,,,508.5,109.5,,,-1765.8,,1765.8,,-569.4,,,,,,183.3,-45.9,,137.4,-43.3,,,94.1,-4.4,,,98.5,,98.5,,,98.5,98.5,,272.5641,0.36,0.35,0.35,273.7736,0.36,0.34,0.34,
09/30/2003,2556.3,1921.3,1921.3,0.0,529.5,105.5,,,-1765.9,,1765.9,,-583.1,,,,,,197.7,-50.0,0.0,147.7,-49.4,,,98.3,-10.4,,,108.7,,108.7,0.0,0.0,108.7,108.7,,294.7198,0.37,0.33,0.33,298.7073,0.36,0.33,0.33,
12/31/2003,2205.7,1654.3,,,438.1,86.9,,,-1981.5,,1981.5,,-527.4,,,,,,-307.9,-49.8,0.0,-357.7,132.3,,,-225.4,121.8,,,-347.2,,-347.2,0.0,0.0,-347.2,-347.2,,295.625,-1.17,-0.76,-0.76,295.625,-1.17,-0.76,-0.76,
03/31/2004,2623.7,1956.2,,,559.5,108.0,,,-1879.3,0.0,1879.3,0.0,-605.1,,,,,,135.4,-49.2,-856.4,-770.2,0.0,,,0.0,0.0,,,-770.2,0.0,-562.3,0.0,0.0,-562.3,-562.3,,294.99,-1.91,-1.93,0.15,294.99,-1.91,-1.93,-1.93,
06/30/2004,2509.3,1956.8,,,532.9,106.1,,,-1756.8,0.0,1756.8,0.0,-583.7,,,,,,163.6,-51.5,0.0,112.1,-37.1,,,75.0,67.8,,,7.2,0.0,7.2,0.0,0.0,7.2,7.2,,295.161,0.02,0.25,0.44,301.478,0.02,0.25,0.43,
09/30/2004,2655.3,1962.3,1962.3,0.0,591.7,101.3,,,-1764.2,0.0,1764.2,0.0,-577.4,,,,,,309.2,-53.4,0.0,255.8,-88.2,,,167.6,0.0,,,167.6,0.0,167.6,0.0,0.0,167.6,167.6,,295.265,0.57,0.57,0.43,303.628,0.55,0.55,0.41,
12/31/2004,2676.6,1964.3,,,590.3,122.0,,,-1848.1,0.0,1848.1,0.0,-630.5,,,,,,195.8,-53.0,0.0,142.8,-8.3,,,134.5,0.0,,,134.5,0.0,134.5,0.0,0.0,134.5,134.5,,295.3697,0.46,0.46,0.39,302.248,0.45,0.45,0.39,
03/31/2005,2571.9,1935.0,1935.0,0.0,524.8,112.1,,,-1737.9,,1737.9,,-595.5,,,,,,234.4,-52.8,0.0,181.6,-29.4,,,152.2,,,,152.2,,152.2,,0.0,152.2,152.2,,295.4905,0.52,0.52,0.53,307.6109,0.49,0.49,0.5,
06/30/2005,2656.7,1940.0,1940.0,0.0,613.7,103.0,,,-1730.6,,1730.6,,-603.5,,,,,,318.7,-52.9,0.0,265.8,-94.5,,,171.3,,,,171.3,,171.3,,0.0,171.3,171.3,,295.6064,0.58,0.58,0.45,309.1083,0.55,0.55,0.42,
09/30/2005,2543.9,1952.2,,,475.8,115.9,,,-1812.1,,1812.1,,-422.1,,,,,,118.1,-49.8,,68.3,-15.7,,,52.6,,,,52.6,,52.6,,,52.6,52.6,,295.7672,0.18,0.18,0.46,314.6481,0.17,0.17,0.43,
12/31/2005,2664.7,1988.4,,,567.3,109.0,,,-1802.6,0.0,1802.6,0.0,-612.5,,,,,,246.4,-52.5,0.0,193.9,-56.4,,,137.5,0.0,,,137.5,0.0,137.5,0.0,0.0,137.5,137.5,,296.086409,0.46,0.46,0.46,318.681427,0.43,0.43,0.43,
03/31/2006,2600.1,1970.0,1970.0,0.0,566.3,63.8,,,-1867.5,,1867.5,,-566.6,,,,,,166.0,-53.1,-5.3,107.6,-36.2,,,71.4,-2.0,,,73.4,,73.4,,0.0,73.4,73.4,,296.5604,0.25,0.24,0.43,319.6368,0.23,0.22,0.4,
06/30/2006,2621.7,1987.2,1987.2,0.0,570.8,63.7,,,-1807.9,,1807.9,,-557.7,,,,,,256.1,-48.7,-17.8,189.6,-66.3,,,123.3,-1.9,,,125.2,,125.2,0.0,0.0,125.2,125.2,,319.2073,0.39,0.38,0.43,329.905,0.38,0.37,0.42,
09/30/2006,2617.4,1969.0,1969.0,0.0,583.6,64.8,,,-2088.9,,2088.9,,-581.7,,,,,,-53.2,-44.2,0.0,-97.4,32.1,,,-65.3,-1.6,,,-63.7,,-63.7,0.0,0.0,-63.7,-63.7,,340.7277,-0.19,-0.19,0.46,340.7277,-0.19,-0.19,-0.19,
12/31/2006,2696.1,2022.0,2022.0,0.0,602.1,72.0,,,-1812.9,,1812.9,,-567.1,,,,,,314.1,-45.8,-2.7,265.6,8.6,,,274.2,-1.9,,,276.1,,276.1,,0.0,276.1,276.1,,340.812551,0.81,0.8,0.8,345.527845,0.8,0.79,0.79,
03/31/2007,2600.6,1944.0,1944.0,0.0,585.8,70.8,,,-1729.3,,1729.3,,-563.1,,,,,,308.2,-45.9,-2.4,259.9,-88.5,,,171.4,-6.9,,,178.3,,178.3,,0.0,178.3,178.3,,341.208,0.52,0.5,1.01,346.3803,0.51,0.49,0.5,
06/30/2007,2665.6,1986.7,1986.7,0.0,608.2,70.7,,,-1816.9,,1816.9,,-570.5,,,,,,278.2,-44.5,-0.8,232.9,-79.4,,,153.5,,,,153.5,,153.5,0.0,0.0,153.5,153.5,,350.8438,0.44,0.44,0.52,354.8374,0.43,0.43,0.51,
09/30/2007,2610.2,1986.5,1986.5,0.0,557.1,66.6,,,-1726.3,,1726.3,,-561.0,,,,,,322.9,-43.9,0.0,279.0,-92.0,,,187.0,,,,187.0,,187.0,,0.0,187.0,187.0,,359.7412,0.52,0.52,0.6,360.9063,0.52,0.52,0.52,
12/31/2007,2643.5,1983.9,1983.9,0.0,593.6,66.0,,,-1715.7,0.0,1715.7,0.0,-595.6,,,,,,332.2,-48.8,-58.0,225.4,-64.9,,,160.5,0.0,,,160.5,0.0,160.5,0.0,0.0,160.5,160.5,52.6,360.0834,0.45,0.45,0.6,360.982,0.44,0.44,0.6,
03/31/2008,2540.6,1950.5,1950.5,0.0,522.9,67.2,,,-1656.9,,1656.9,,-595.1,,,,,,288.6,-43.9,0.0,244.7,-81.6,,,163.1,,,,163.1,0.0,163.1,,0.0,163.1,163.1,,350.7196,0.47,0.47,0.6,351.4658,0.46,0.46,0.59,
06/30/2008,2675.3,1968.6,1968.6,0.0,639.2,67.5,,,-1674.7,,1674.7,,-592.8,,,,,,407.8,-40.4,-0.4,367.0,-126.7,,,240.3,,,,240.3,,240.3,,0.0,240.3,240.3,,345.4435,0.7,0.7,0.66,346.0354,0.69,0.69,0.65,
09/30/2008,2442.7,1946.5,1946.5,0.0,428.9,67.3,,,-1646.3,,1646.3,,-599.4,,,,,,197.0,-37.2,0.0,159.8,-51.8,,,108.0,,,,108.0,,108.0,,0.0,108.0,108.0,,337.2364,0.32,0.32,0.64,337.9128,0.32,0.32,0.64,
12/31/2008,2323.7,1917.7,1917.7,0.0,332.1,73.9,,,-1648.5,,1648.5,,-587.9,,,,,,87.3,-34.8,0.0,52.5,-10.7,,,41.8,,,,41.8,,41.8,,0.0,41.8,41.8,,330.845996,0.13,0.13,0.63,330.981471,0.13,0.13,0.13,
03/31/2009,2448.9,1872.8,1872.8,0.0,509.1,67.0,0.0,67.0,-1575.7,,1575.7,,-590.0,590.0,395.6,131.8,62.6,,283.2,-32.6,0.0,250.6,-85.7,60.4,25.3,164.9,0.0,0.0,0.0,164.9,0.0,164.9,0.0,0.0,164.9,123.1,-41.8,330.8048,0.5,0.5,0.372123,330.9645,0.5,0.5,0.372123,
06/30/2009,2628.0,1875.9,1875.9,0.0,684.9,67.2,0.0,67.2,-1584.2,,1584.2,,-602.2,602.2,405.7,132.8,63.7,,441.6,-30.4,0.0,411.2,-144.0,117.9,26.1,267.2,0.0,0.0,0.0,267.2,0.0,267.2,0.0,0.0,267.2,318.6,51.4,331.1718,0.81,0.81,0.962038,331.9552,0.8,0.8,0.95484,
09/30/2009,2517.5,1861.1,1861.1,0.0,594.5,61.9,0.0,61.9,-1565.1,,1565.1,,-589.9,589.9,399.4,130.4,60.1,,362.5,-27.9,0.0,334.6,-113.5,119.1,-5.6,221.1,0.0,0.0,0.0,221.1,0.0,221.1,0.0,0.0,221.1,230.6,9.5,331.4112,0.67,0.67,0.695812,332.6221,0.66,0.66,0.688561,
12/31/2009,2496.6,1865.7,1865.7,0.0,569.8,61.1,0.0,61.1,-1566.6,,1566.6,,-599.6,599.6,411.3,131.2,57.1,,330.4,-34.5,0.0,295.9,-96.5,80.5,16.0,199.4,0.0,0.0,0.0,199.4,0.0,199.4,0.0,0.0,199.4,180.5,-18.9,331.67276,0.6,0.6,0.544211,332.99848,0.6,0.6,0.543243,
03/31/2010,2561.6,1863.2,1863.2,0.0,638.6,59.8,0.0,59.8,-1568.9,,1568.9,,-598.1,598.1,393.5,141.2,63.4,,394.6,-33.4,0.0,361.2,-131.4,74.9,56.5,229.8,0.0,0.0,0.0,229.8,0.0,229.8,0.0,0.0,229.8,213.16,-16.64,332.2702,0.69,0.69,0.641526,333.5247,0.69,0.69,0.641526,
06/30/2010,2510.6,1849.8,1849.8,0.0,600.3,60.5,0.0,60.5,-1579.6,,1579.6,,-588.8,588.8,394.8,135.9,58.1,,342.2,-34.1,0.0,308.1,-98.4,95.2,3.2,209.7,0.0,0.0,0.0,209.7,0.0,209.7,0.0,0.0,209.7,228.875,19.175,331.2368,0.63,0.63,0.690971,332.6322,0.63,0.63,0.69,
09/30/2010,2527.9,1850.2,1850.2,0.0,619.5,58.2,0.0,58.2,-1587.5,,1587.5,,-578.7,578.7,385.0,130.6,63.1,,361.7,-35.2,0.0,326.5,-105.7,80.6,25.1,220.8,0.0,0.0,0.0,220.8,0.0,220.8,0.0,0.0,220.8,220.75,-0.05,323.0835,0.68,0.68,0.68,324.467,0.68,0.68,0.68,
12/31/2010,2593.1,1868.2,1868.2,0.0,661.8,63.1,0.0,63.1,-1618.1,,1618.1,,-600.4,600.4,397.9,139.4,63.1,,374.6,-39.1,0.0,335.5,-109.7,50.3,59.4,225.8,0.0,0.0,0.0,225.8,0.0,225.8,0.0,0.0,225.8,243.0,17.2,316.968173,0.71,0.71,0.766638,318.46294,0.71,0.71,0.764009,
03/31/2011,2563.1,1869.5,1869.5,0.0,633.9,59.7,0.0,59.7,-1593.0,,1593.0,,-604.8,604.8,397.7,95.0,112.1,,365.3,-37.9,0.0,327.4,-103.8,65.3,38.5,223.6,0.0,0.0,0.0,223.6,0.0,223.6,0.0,0.0,223.6,213.72,-9.88,312.7423,0.72,0.72,0.683374,314.3323,0.71,0.71,0.678568,
06/30/2011,2564.5,1875.0,1875.0,0.0,633.5,56.0,0.0,56.0,-1599.4,,1599.4,,-595.5,595.5,395.4,94.6,105.5,,369.6,-35.1,0.0,334.5,-106.9,91.0,15.9,227.6,0.0,0.0,0.0,227.6,0.0,227.6,0.0,0.0,227.6,229.94,2.34,306.3162,0.74,0.74,0.750662,307.411,0.74,0.74,0.747612,
09/30/2011,2545.6,1881.2,1881.2,0.0,605.3,59.1,0.0,59.1,-1635.6,,1635.6,,-586.2,586.2,391.5,84.3,110.4,,323.8,-35.1,0.0,288.7,-86.7,54.4,32.3,202.0,0.0,0.0,0.0,202.0,0.0,202.0,0.0,0.0,202.0,186.1,-15.9,298.1858,0.68,0.68,0.624108,299.1729,0.68,0.68,0.624108,
12/31/2011,2604.8,1888.5,1888.5,0.0,642.0,74.3,0.0,74.3,-2381.5,,2381.5,,-805.4,805.4,408.9,287.8,108.7,,-582.1,-35.2,0.0,-617.3,248.3,19.8,-268.1,-369.0,0.0,0.0,0.0,-369.0,0.0,-369.0,0.0,0.0,-369.0,-396.51,-27.51,292.624885,-1.26,-1.26,-1.355011,292.624885,-1.26,-1.26,-1.355011,
03/31/2012,2611.3,1921.9,1921.9,0.0,631.9,57.5,0.0,57.5,-1662.9,,1662.9,,-602.9,602.9,388.6,99.4,114.9,,345.5,-35.5,0.0,310.0,-96.1,37.3,58.8,213.9,0.0,0.0,0.0,213.9,0.0,213.9,0.0,0.0,213.9,222.2,8.3,290.4295,0.74,0.74,0.765074,291.284,0.73,0.73,0.758495,
06/30/2012,2617.9,1927.6,1927.6,0.0,631.4,58.9,0.0,58.9,-1683.2,,1683.2,,-603.1,603.1,392.3,99.2,111.6,,331.6,-35.2,0.0,296.4,-80.0,3.6,76.4,216.4,0.0,0.0,0.0,216.4,0.0,216.4,0.0,0.0,216.4,215.0,-1.4,283.3166,0.76,0.76,0.758868,283.7406,0.76,0.76,0.755066,
09/30/2012,2628.0,1929.4,1929.4,0.0,640.5,58.1,0.0,58.1,-1686.9,,1686.9,,-584.1,584.1,380.4,87.0,116.7,,357.0,-36.6,0.0,320.4,-90.2,85.5,4.7,230.2,0.0,0.0,0.0,230.2,0.0,230.2,0.0,0.0,230.2,244.0,13.8,278.3544,0.83,0.83,0.87658,278.511,0.83,0.83,0.87658,
12/31/2012,2658.2,1937.2,1937.2,0.0,667.6,53.4,0.0,53.4,-1689.2,,1689.2,,-608.2,608.2,408.4,93.1,106.7,,360.8,-38.1,0.0,322.7,-88.8,80.2,8.6,233.9,0.0,0.0,0.0,233.9,0.0,233.9,0.0,0.0,233.9,250.3,16.4,273.444807,0.86,0.86,0.915358,273.613206,0.85,0.85,0.909939,
03/31/2013,2624.8,1930.9,1930.9,0.0,631.4,62.5,0.0,62.5,-1648.5,,1648.5,,-635.4,635.4,391.6,123.8,120.0,,340.9,-37.1,0.0,303.8,-91.2,81.8,9.4,212.6,0.0,0.0,0.0,212.6,0.0,212.6,0.0,0.0,212.6,219.3,6.7,269.3611,0.79,0.79,0.814149,270.3544,0.79,0.79,0.814149,
06/30/2013,2601.9,1905.8,1905.8,0.0,639.4,56.7,0.0,56.7,-1661.8,,1661.8,,-591.3,591.3,382.5,101.3,107.5,,348.8,-37.3,0.0,311.5,-92.9,112.2,-19.3,218.6,0.0,0.0,0.0,218.6,0.0,218.6,0.0,0.0,218.6,227.2,8.6,265.5604,0.82,0.82,0.855549,266.7363,0.82,0.82,0.852242,
09/30/2013,2540.9,1897.3,1897.3,0.0,589.4,54.2,0.0,54.2,-1641.6,,1641.6,,-577.8,577.8,374.4,98.6,104.8,,321.5,-37.4,0.0,284.1,-78.4,69.4,9.0,205.7,0.0,0.0,0.0,205.7,0.0,205.7,0.0,0.0,205.7,188.5,-17.2,262.9459,0.78,0.78,0.716878,264.26,0.78,0.78,0.714913,
12/31/2013,2586.2,1890.7,1890.7,0.0,638.7,56.8,0.0,56.8,-1643.8,,1643.8,,-599.0,599.0,393.4,95.2,110.4,,343.4,-37.6,0.0,305.8,-84.6,33.2,51.4,221.2,0.0,0.0,0.0,221.2,0.0,221.2,0.0,0.0,221.2,227.0,5.8,261.1476,0.85,0.85,0.86924,262.5579,0.84,0.84,0.86209,
03/31/2014,2614.4,1938.5,1938.5,0.0,622.1,53.8,0.0,53.8,-1631.3,,1631.3,,-615.4,615.4,389.8,118.6,107.0,,367.7,-37.9,0.0,329.8,-104.0,37.8,66.2,225.8,0.0,0.0,0.0,225.8,0.0,225.8,0.0,0.0,225.8,229.9,4.1,259.4085,0.87,0.87,0.886247,260.7099,0.86,0.86,0.875726,
06/30/2014,2656.8,1943.6,1943.6,0.0,658.3,54.9,0.0,54.9,-1653.4,,1653.4,,-600.9,600.9,390.1,106.4,104.4,,402.5,-52.7,0.0,349.8,-110.4,86.6,23.8,239.4,0.0,0.0,0.0,239.4,0.0,239.4,0.0,0.0,239.4,268.8,29.4,256.7902,0.93,0.93,1.046769,257.9097,0.93,0.93,1.043993,
09/30/2014,2614.3,1947.2,1947.2,0.0,612.5,54.6,0.0,54.6,-1653.6,,1653.6,,-605.3,605.3,393.2,107.9,104.2,,355.4,-38.4,0.0,317.0,-97.9,66.8,31.1,219.1,0.0,0.0,0.0,219.1,0.0,219.1,0.0,0.0,219.1,220.0,0.9,253.5861,0.86,0.86,0.867555,254.7955,0.86,0.86,0.863532,
12/31/2014,2639.0,1967.9,1967.9,0.0,615.4,55.7,0.0,55.7,-2372.5,,2372.5,,-682.6,682.6,479.0,107.9,95.7,,-416.1,-38.5,0.0,-454.6,172.4,-55.7,-116.7,-282.2,0.0,0.0,0.0,-282.2,0.0,-282.2,0.0,0.0,-282.2,-202.368,79.832,252.4,-1.12,-1.12,-0.801775,252.4,-1.12,-1.12,-0.803708,
03/31/2015,2647.4,2006.3,2006.3,0.0,586.7,54.4,0.0,54.4,-1653.9,,1653.9,,-652.7,652.7,406.5,134.3,111.9,,340.8,-37.8,0.0,303.0,-90.1,40.6,49.5,212.9,0.0,0.0,0.0,212.9,0.0,212.9,0.0,0.0,212.9,202.9,-10.0,251.5,0.85,0.85,0.806759,252.2,0.84,0.84,0.800349,
06/30/2015,2703.7,2017.5,2017.5,0.0,631.5,54.7,0.0,54.7,-1702.8,,1702.8,,-643.1,643.1,415.1,124.1,103.9,,357.8,-38.0,0.0,319.8,-95.5,105.9,-10.4,224.3,0.0,0.0,0.0,224.3,0.0,224.3,0.0,0.0,224.3,228.0,3.7,248.3,0.9,0.9,0.918244,249.2,0.9,0.9,0.914848,
09/30/2015,2657.8,2020.8,2020.8,0.0,585.5,51.5,0.0,51.5,-1690.9,,1690.9,,-629.9,629.9,406.0,117.0,106.9,,337.0,-38.1,0.0,298.9,-95.1,95.1,,203.8,0.0,0.0,0.0,203.8,0.0,203.8,0.0,0.0,203.8,223.0,19.2,245.4,0.83,0.83,0.90872,246.3244,0.83,0.83,0.907946,
12/31/2015,2722.4,2037.8,2037.8,0.0,633.7,50.9,0.0,50.9,-1735.2,,1735.2,,-631.7,631.7,420.9,106.9,103.9,,355.5,-38.9,0.0,316.6,-90.5,100.5,-10.0,226.1,0.0,0.0,0.0,226.1,0.0,226.1,0.0,0.0,226.1,238.35,12.25,242.8877,0.93,0.93,0.981318,243.7943,0.93,0.93,0.980247,
03/31/2016,2725.4,2087.5,2087.5,0.0,585.9,52.0,0.0,52.0,-1729.8,,1729.8,,-652.8,652.8,413.2,132.2,107.4,,342.8,-38.6,0.0,304.2,-93.6,51.0,42.6,210.6,0.0,0.0,0.0,210.6,0.0,210.6,0.0,0.0,210.6,199.6,-11.0,239.6194,0.88,0.88,0.832988,239.9304,0.88,0.88,0.832988,
06/30/2016,2761.3,2081.6,2081.6,0.0,628.6,51.1,0.0,51.1,-1733.5,,1733.5,,-645.2,645.2,410.7,126.2,108.3,,382.6,-42.4,0.0,340.2,-103.4,107.7,-4.3,236.8,0.0,0.0,0.0,236.8,0.0,236.8,0.0,0.0,236.8,243.2,6.4,236.9,1.0,1.0,1.026593,237.3,1.0,1.0,1.026593,
09/30/2016,2763.3,2089.4,2089.4,0.0,622.4,51.5,0.0,51.5,-1742.6,,1742.6,,-643.4,643.4,415.6,118.8,109.0,,377.3,-45.2,0.0,332.1,-96.1,84.0,12.1,236.0,0.0,0.0,0.0,236.0,0.0,236.0,0.0,0.0,236.0,245.9,9.9,233.8,1.01,1.01,1.051754,234.2,1.01,1.01,1.051754,
12/31/2016,2796.5,2099.2,2099.2,0.0,646.3,51.0,0.0,51.0,-1735.9,,1735.9,,-649.6,649.6,424.2,115.8,109.6,,411.0,-39.8,0.0,371.2,-123.2,143.0,-19.8,248.0,0.0,0.0,0.0,248.0,0.0,248.0,0.0,0.0,248.0,229.7,-18.3,231.5186,1.07,1.07,0.992145,232.4541,1.07,1.07,0.991275,
03/31/2017,2806.5,2142.9,2142.9,0.0,613.4,50.2,0.0,50.2,-1749.0,,1749.0,,-478.4,478.4,228.8,141.5,108.1,-209.0,370.1,-39.8,0.0,330.3,-100.4,56.6,43.8,229.9,0.0,0.0,0.0,229.9,0.0,229.9,0.0,0.0,229.9,236.1,6.2,229.4296,1.0,1.0,1.029074,230.3788,1.0,1.0,1.026912,
06/30/2017,2822.0,2142.2,2142.2,0.0,628.6,51.2,0.0,51.2,-1752.0,,1752.0,,-668.5,668.5,422.1,138.3,108.1,,401.5,-39.9,0.0,361.6,-116.5,105.8,10.7,245.1,0.0,0.0,0.0,245.1,0.0,245.1,0.0,0.0,245.1,240.4,-4.7,227.4544,1.08,1.08,1.056915,228.1787,1.07,1.07,1.049402,
09/30/2017,2819.1,2153.6,2153.6,0.0,618.8,46.7,0.0,46.7,-1765.6,,1765.6,,-646.6,646.6,415.3,123.7,107.6,,406.9,-40.1,0.0,366.8,-114.5,139.4,-24.9,252.3,0.0,0.0,0.0,252.3,0.0,252.3,0.0,0.0,252.3,246.1,-6.2,225.3,1.12,1.12,1.092321,226.0,1.12,1.12,1.092321,
12/31/2017,2839.2,2158.4,2158.4,0.0,631.2,49.6,0.0,49.6,-1789.1,,1789.1,,-664.7,664.7,432.1,123.6,109.0,,385.4,-40.1,0.0,345.3,-78.4,99.5,-21.1,266.9,0.0,0.0,0.0,266.9,0.0,266.9,0.0,0.0,266.9,228.2,-38.7,223.8725,1.19,1.19,1.01933,224.8286,1.19,1.19,1.017869,
03/31/2018,2899.6,2250.0,2250.0,0.0,600.1,49.5,0.0,49.5,-1807.9,,1807.9,,-488.7,488.7,224.2,151.5,113.0,-221.7,381.3,-40.2,0.0,341.1,-67.6,89.4,-21.8,273.5,0.0,0.0,0.0,273.5,0.0,273.5,0.0,0.0,273.5,275.1,1.6,221.894,1.23,1.23,1.239781,222.577,1.23,1.23,1.237189,
06/30/2018,2890.3,2221.0,2221.0,0.0,621.0,48.3,0.0,48.3,-1804.1,,1804.1,,-468.2,468.2,220.2,140.2,107.8,-220.8,397.2,-42.4,0.0,354.8,-69.3,80.6,-11.3,285.5,0.0,0.0,0.0,285.5,0.0,285.5,0.0,0.0,285.5,287.6,2.1,220.7767,1.29,1.29,1.302674,221.0627,1.29,1.29,1.2995,
09/30/2018,2927.8,2251.8,2251.8,0.0,625.9,50.1,0.0,50.1,-2578.9,,2578.9,,-684.0,684.0,437.1,136.9,110.0,,-335.1,-42.7,0.0,-377.8,93.1,2.7,-95.8,-284.7,0.0,0.0,0.0,-284.7,0.0,-284.7,0.0,0.0,-284.7,300.6,585.3,218.8928,-1.3,-1.3,1.373275,218.8928,-1.3,-1.3,1.373275,
12/31/2018,2880.8,2263.3,2263.3,0.0,567.2,50.3,0.0,50.3,-1829.5,,1829.5,,-699.6,699.6,453.1,136.9,109.6,0.0,351.7,-42.0,0.0,309.7,-60.6,54.7,5.9,249.1,0.0,0.0,0.0,249.1,0.0,249.1,0.0,0.0,249.1,281.7,32.6,217.0493,1.15,1.15,1.297862,217.4415,1.15,1.15,1.297862,
03/31/2019,2987.6,2338.7,2338.7,0.0,595.8,53.1,0.0,53.1,-1840.8,,1840.8,,-524.9,524.9,237.9,170.6,116.4,-226.5,395.4,-42.1,0.0,353.3,-72.4,54.3,18.1,280.9,0.0,0.0,0.0,280.9,0.0,280.9,0.0,0.0,280.9,280.3,-0.6,214.2971,1.31,1.31,1.307997,214.4297,1.31,1.31,1.307202,
06/30/2019,3016.7,2343.1,2343.1,0.0,617.6,56.0,0.0,56.0,-1902.6,,1902.6,,-495.6,495.6,229.9,151.6,114.1,-223.9,394.6,-42.6,0.0,352.0,-70.8,74.0,-3.2,281.2,0.0,0.0,0.0,281.2,0.0,281.2,0.0,0.0,281.2,286.9,5.7,211.0687,1.33,1.33,1.359273,211.1126,1.33,1.33,1.357,
09/30/2019,2960.0,2331.2,2331.2,0.0,573.2,55.6,0.0,55.6,-1871.5,,1871.5,,-717.8,717.8,454.2,146.3,117.3,-25.2,345.5,-46.1,0.0,299.4,-57.4,42.3,15.1,242.0,0.0,0.0,0.0,242.0,0.0,242.0,0.0,0.0,242.0,282.7,40.7,208.0978,1.16,1.16,1.358496,208.116,1.16,1.16,1.355564,
12/31/2019,3034.6,2352.6,2352.6,0.0,625.5,56.5,0.0,56.5,-1881.3,,1881.3,,-727.2,727.2,469.5,141.4,116.3,-2.1,424.0,-46.6,0.0,377.4,-81.2,104.2,-23.0,296.2,0.0,0.0,0.0,296.2,0.0,296.2,0.0,0.0,296.2,290.7,-5.5,205.5655,1.44,1.44,1.414148,205.6905,1.44,1.44,1.413261,
03/31/2020,2871.1,2371.4,2371.4,0.0,441.0,58.7,0.0,58.7,-1854.8,,1854.8,,-529.0,529.0,235.6,176.2,117.2,-239.5,247.8,-45.7,0.0,202.1,-41.1,57.6,-16.5,161.0,0.0,0.0,0.0,161.0,0.0,161.0,0.0,0.0,161.0,274.1,113.1,203.306,0.79,0.79,1.348214,203.3557,0.79,0.79,1.346168,
06/30/2020,3021.2,2368.7,2368.7,0.0,602.8,49.7,0.0,49.7,-1882.8,,1882.8,,-520.1,520.1,256.3,140.7,123.1,-233.2,385.1,-47.5,0.0,337.6,-72.1,70.6,1.5,265.5,0.0,0.0,0.0,265.5,0.0,265.5,0.0,0.0,265.5,250.1,-15.4,203.6243,1.3,1.3,1.228242,203.6711,1.3,1.3,1.224388,
09/30/2020,2995.833,,,,,,,,,,,,,,,,,,297.5,,,324.75,,,,254.0,,,,,,254.0,,,254.0,267.833,,,1.245,1.245,1.301,,1.245,1.245,1.301,
12/31/2020,2993.0,,,,,,,,,,,,,,,,,,301.5,,,330.75,,,,149.2,,,,,,149.2,,,149.2,267.5,,,1.264,1.264,1.298,,1.264,1.264,1.298,
