Date,Revenue,Sales & Services Revenue,Cost of Revenue,Cost of Goods & Services,Depreciation & Amortization,Gross Profit,Other Operating Income,Operating Expenses,"Selling, General & Admin",Other Operating Expense,Operating Income (Loss),Non-Operating (Income) Loss,"Interest Expense, Net",Interest Expense,Interest Income,Foreign Exch (Gain) Loss,Other Non-Op (Income) Loss,Pretax Income,Income Tax Expense (Benefit),Current Income Tax,Income (Loss) from Cont Ops,Net Extraordinary Losses (Gains),Discontinued Operations,XO & Accounting Changes,Income (Loss) Incl. MI,Minority Interest,"Net Income, GAAP",Preferred Dividends,Other Adjustments,"Net Income Avail to Common, GAAP","Net Income Avail to Common, Adj",Net Abnormal Losses (Gains),Basic Weighted Avg Shares,"Basic EPS, GAAP",Basic EPS from Cont Ops,"Basic EPS from Cont Ops, Adjusted",Diluted Weighted Avg Shares,"Diluted EPS, GAAP",Diluted EPS from Cont Ops,"Diluted EPS from Cont Ops, Adjusted",Source: Bloomberg
03/31/1998,171.141006,,-123.230003,,,47.911003,,-31.65,,,16.261,-4.991,,5.787,,0.0,-0.796,11.27,-4.566,,6.704,0.0,,,6.704,0.0,6.704,0.0,,6.704,6.704,,58.622002,0.11,0.11,0.11,63.532001,0.11,0.11,0.11,
06/30/1998,254.046997,,-166.625,,,87.421997,,-49.193001,,,38.229,-6.022,,9.458,,0.0,-3.436,32.207,-11.892,,20.315001,0.0,,,20.315,0.0,20.315001,0.0,,20.315001,20.315001,,66.060997,0.31,0.31,0.35,73.742996,0.28,0.28,0.24,
09/30/1998,379.074005,,-240.356995,,,138.71701,,-71.613998,,,67.102997,-68.827999,,23.924,,0.0,44.903999,-1.725002,-8.431,,-10.156,21.336999,,,-31.493001,0.0,-31.493,0.0,,-31.493,-31.493,,68.415001,-0.46,-0.15,0.32,75.571999,-0.41,-0.13,0.32,
12/31/1998,416.019989,,-266.622009,,,149.39798,,-78.412003,,,70.986,-34.441999,,29.862,,0.0,4.58,36.544001,-18.27,,18.274,0.0,,,18.274,0.0,18.274,0.0,,18.274,18.274,,70.285004,0.26,0.26,0.35,75.543999,0.24,0.24,0.33,
03/31/1999,392.30899,,-258.317993,,,133.990997,,-77.43,,,56.561001,-29.041999,24.372999,24.372999,,0.0,4.669,27.519001,-11.294,,16.225,0.0,,,16.225002,0.0,16.225,0.0,,16.225,16.225,,69.012001,0.24,0.24,0.24,90.941002,0.18,0.18,0.18,
06/30/1999,503.661987,,-319.597992,,,184.063995,,-98.950996,,,85.112999,-41.238001,26.933001,26.933001,,0.0,14.305,43.874998,-17.989,,25.886,0.0,,,25.885998,0.0,25.886,0.0,,25.886,25.886,,71.57,0.36,0.36,0.52,92.292,0.28,0.28,0.4,
09/30/1999,668.617981,,-411.639008,,,256.978973,,-115.021004,,,141.957993,-46.690001,42.235001,42.235001,,0.0,4.455,95.267992,-39.060001,,56.208,0.0,,,56.207991,0.0,56.208,0.0,,56.208,56.208,,71.935997,0.78,0.78,0.78,98.999001,0.6,0.6,0.6,
12/31/1999,669.039001,,-419.154999,,,249.884003,,-124.059998,,,125.823997,-50.678999,46.286999,46.286999,,0.0,4.392,75.144999,-30.798,,44.347,0.0,,,44.346998,0.0,44.347,0.0,,44.347,44.347,,72.893997,0.62,0.62,0.62,93.199997,0.48,0.48,0.48,
03/31/2000,578.961975,,-372.977997,,,205.983978,,-121.867996,,,84.115997,-49.478999,49.682999,49.682999,,0.0,-0.204,34.636999,-17.226,,17.410999,0.0,,,17.410999,0.0,17.410999,0.0,,17.410999,17.410999,,72.058998,0.24,0.24,0.24,92.850998,0.19,0.19,0.19,
06/30/2000,729.945984,,-458.14801,,,271.797974,,-129.822006,,,141.975998,-61.294001,56.527,56.527,,0.0,4.767,80.681997,-33.483002,,47.199001,0.0,,,47.198996,0.0,47.199001,0.0,,47.199001,47.199001,,71.630997,0.66,0.66,0.66,91.958,0.51,0.51,0.51,
09/30/2000,859.03302,,-518.328979,,,340.704041,,-146.380997,,,194.322998,-65.448998,61.057999,61.057999,,0.0,4.391,128.874,-53.483002,,75.390999,0.0,,,75.390998,0.0,75.390999,0.0,,75.390999,75.390999,,70.286003,1.07,1.07,1.07,99.532997,0.79,0.79,0.79,
12/31/2000,750.920105,,-480.835999,,,270.084106,,-142.559998,,,127.524002,-70.221008,61.511009,61.511009,,0.0,8.709999,57.302994,-20.929001,,36.374001,0.0,,,36.373993,0.0,36.374001,0.0,,36.374001,36.374001,,91.820999,0.4,0.4,0.4,91.820999,0.4,0.4,0.4,
03/31/2001,619.104004,,-416.536987,,,202.567017,,-135.0,,,67.567001,-61.734999,57.529999,57.529999,,0.0,4.205,5.832003,-2.42,,3.412,0.0,,,3.412003,0.0,3.412,0.0,0.0,3.412,3.412,,70.731003,0.05,0.05,0.05,91.609001,0.04,0.04,0.04,
06/30/2001,768.013,,-481.950012,,,286.062988,,-139.953003,,,146.110001,-98.460999,57.058998,57.058998,,0.0,41.402,47.649002,-22.714001,,24.934999,11.317,,,13.618001,0.0,13.618,0.0,0.0,13.618,13.618,,71.318001,0.19,0.35,0.56,94.154999,0.14,0.26,0.42,
09/30/2001,795.482971,,-490.240997,,,305.241974,,-138.007004,,,167.235001,-61.163002,56.726002,56.726002,,0.0,4.437,106.071999,-44.02,,62.051998,0.0,,,62.051999,0.0,62.051998,0.0,0.0,62.051998,62.051998,,73.233002,0.85,0.85,0.85,103.514999,0.63,0.63,0.63,
12/31/2001,704.005,,-458.407,,,245.598,,-135.554,,,110.044,-55.047,55.123,55.123,,0.0,-0.076,54.997,-22.823,,32.174,0.0,,,32.174,0.0,32.174,0.0,0.0,32.174,32.174,,73.282,0.44,0.44,0.44,95.596,0.34,0.34,0.34,
03/31/2002,598.965,,-419.757,,,179.208,,-112.379,,,66.829,-54.397,49.983,49.983,,0.0,4.414,12.432,-4.848,,7.584,288.339,,,-280.755,0.0,-280.755,0.0,0.0,-280.755,-280.755,,73.521,-3.82,0.17,0.17,97.341,-3.84,0.13,0.13,
06/30/2002,744.759,,-491.497,,,253.262,,-120.379,,,132.883,-49.089,47.532,47.532,,0.0,1.557,83.794,-32.68,,51.114,0.0,,,51.114,0.0,51.114,0.0,0.0,51.114,51.114,,76.417,0.67,0.67,0.67,99.995,0.51,0.51,0.51,
09/30/2002,783.103,,-537.356,,,245.747,,-125.884,,,119.863,-53.075,48.691,48.691,,0.0,4.384,66.788,-26.021,,40.767,0.0,,,40.767,0.0,40.767,0.0,0.0,40.767,40.767,,76.539,0.53,0.53,0.53,95.707,0.43,0.43,0.43,
12/31/2002,694.162,,-486.1,,,208.062,,-139.6,,,68.462,-332.813,54.1,54.1,,0.0,278.713,-264.351,55.4,,-208.951,0.0,,,-208.951,0.0,-208.951,0.0,0.0,-208.951,-208.951,217.0,76.6,-2.33,-2.33,0.09,76.6,-2.33,-2.33,0.09,
03/31/2003,591.851,,-437.862,,,153.989,0.0,-113.739,96.761,16.978,40.25,-54.55,,54.656,,0.0,-0.106,-14.3,5.577,,-8.723,0.0,,,-8.723,0.0,-8.723,0.0,0.0,-8.723,-8.723,,76.778,-0.11,-0.11,-0.11,76.778,-0.11,-0.11,-0.11,
06/30/2003,728.056,,-504.99,,,223.066,0.0,-128.432,111.563,16.869,94.634,-56.58,,58.082,,0.0,-1.502,38.054,-14.663,,23.391,0.0,,,23.391,0.0,23.391,0.0,0.0,23.391,23.391,,77.025,0.3,0.3,0.3,95.042,0.25,0.25,0.25,
09/30/2003,805.134,,-546.575,,,258.559,0.0,-145.153,127.49,17.663,113.406,-56.824,,53.42,,0.0,3.404,56.582,-24.698,,31.884,0.0,,,31.884,0.0,31.884,0.0,0.0,31.884,31.884,,76.956,0.43,0.43,0.56,97.016,0.34,0.34,0.44,
12/31/2003,742.196,,-529.8,,,212.396,,-133.3,,,79.096,-485.931,,54.1,,0.0,431.831,-406.835,101.7,,-305.135,0.0,,,-305.135,0.0,-305.135,0.0,0.0,-305.135,-305.135,,77.1,-3.96,-3.96,-3.96,77.1,-3.96,-3.96,-3.96,
03/31/2004,644.713,,-480.617,,,164.096,,-131.209,,,32.887,-210.471,49.569,49.569,,0.0,160.902,-177.584,70.981,,-106.603,0.0,,,-106.603,0.0,-106.603,0.0,0.0,-106.603,-106.603,100.7,77.285,-1.38,-1.38,-0.08,77.285,-1.38,-1.38,-0.08,
06/30/2004,776.04,,-535.634,,,240.406,,-133.289,,,107.117,-50.538,37.977,37.977,,0.0,12.561,56.579,-21.617,,34.962,0.0,,,34.962,0.0,34.962,0.0,0.0,34.962,34.962,,77.384,0.45,0.45,0.53,98.112,0.36,0.36,0.42,
09/30/2004,849.718,,-572.1,,,277.618,,-144.185,,,133.433,-179.971,39.162,39.162,,0.0,140.809,-46.538,-17.843,,-64.381,0.0,,,-64.381,0.0,-64.381,0.0,0.0,-64.381,-64.381,,77.844,-0.83,-0.83,0.58,77.844,-0.83,-0.83,0.58,
12/31/2004,823.529,,-546.649,,,276.88,,-155.317,,,121.563,-42.02,42.292,42.292,,0.0,-0.272,79.543,-27.521,,52.022,0.0,,,52.022,0.0,52.022,0.0,0.0,52.022,52.022,,77.929904,0.67,0.67,0.67,77.929904,0.67,0.67,0.67,
03/31/2005,732.0,,-530.0,,,202.0,0.0,-138.0,122.0,16.0,64.0,-45.0,43.0,43.0,0.0,0.0,2.0,19.0,-7.0,,12.0,0.0,,,12.0,0.0,12.0,0.0,0.0,12.0,12.0,,94.903969,0.12,0.12,0.12,109.792632,0.11,0.11,0.11,
06/30/2005,888.0,,-605.0,,,283.0,0.0,-151.0,136.0,15.0,132.0,-50.0,47.0,47.0,0.0,0.0,3.0,82.0,-32.0,0.0,50.0,0.0,,,50.0,0.0,50.0,0.0,0.0,50.0,50.0,,94.992299,0.53,0.53,0.53,110.116737,0.48,0.48,0.48,
09/30/2005,979.0,,-634.0,,,345.0,0.0,-172.0,162.0,10.0,173.0,-47.0,52.0,52.0,0.0,0.0,-5.0,126.0,-50.0,,76.0,0.0,,,76.0,0.0,76.0,0.0,0.0,76.0,76.0,,95.010517,0.8,0.8,0.8,109.915621,0.71,0.71,0.71,
12/31/2005,890.0,,-575.0,,,315.0,0.0,-171.0,161.0,10.0,144.0,-53.0,52.0,52.0,0.0,0.0,1.0,91.0,-36.0,,55.0,6.0,,,49.0,0.0,49.0,0.0,0.0,49.0,49.0,,104.255,0.47,0.53,0.53,208.51,0.47,0.53,0.53,
03/31/2006,799.0,,-549.0,,,250.0,0.0,-156.0,146.0,10.0,94.0,-54.0,53.0,53.0,0.0,0.0,1.0,40.0,-15.0,,25.0,5.0,,,20.0,0.0,20.0,0.0,0.0,20.0,20.0,,94.306,0.21,0.26,0.26,107.935,0.19,0.23,0.23,
06/30/2006,919.0,,-598.0,,,321.0,0.0,-168.0,151.0,17.0,153.0,-53.0,54.0,54.0,0.0,0.0,-1.0,100.0,-41.0,,59.0,3.0,,,56.0,0.0,56.0,0.0,0.0,56.0,56.0,,96.43,0.59,0.62,0.62,115.033,0.51,0.54,0.54,
09/30/2006,983.0,,-612.0,,,371.0,0.0,-166.0,156.0,10.0,205.0,-61.0,61.0,61.0,0.0,0.0,0.0,144.0,-56.0,,88.0,-7.0,,,95.0,0.0,95.0,0.0,0.0,95.0,95.0,,97.598,0.97,0.9,0.9,113.982,0.85,0.79,0.82,
12/31/2006,939.0,,-592.0,,,347.0,0.0,-173.0,160.0,13.0,174.0,-53.0,53.0,53.0,0.0,0.0,0.0,121.0,-44.0,,77.0,24.0,,,53.0,0.0,53.0,0.0,0.0,53.0,53.0,,108.163,0.49,0.71,0.71,108.163265,0.49,0.71,0.71,
03/31/2007,838.0,,-580.0,,,258.0,0.0,-159.0,147.0,12.0,99.0,-49.0,49.0,49.0,0.0,0.0,0.0,50.0,-18.0,,32.0,2.0,,,30.0,0.0,30.0,0.0,0.0,30.0,30.0,,98.253,0.31,0.33,0.33,110.201,0.28,0.3,0.3,
06/30/2007,962.0,,-630.0,,,332.0,0.0,-160.0,147.0,13.0,172.0,-56.0,58.0,58.0,0.0,0.0,-2.0,116.0,-49.0,,67.0,0.0,,,67.0,0.0,67.0,0.0,0.0,67.0,67.0,,99.185,0.68,0.68,0.68,114.968,0.6,0.6,0.6,
09/30/2007,990.0,,-611.0,,,379.0,0.0,-163.0,150.0,13.0,216.0,-44.0,46.0,46.0,0.0,0.0,-2.0,172.0,-61.0,,111.0,-1.0,,,112.0,0.0,112.0,0.0,0.0,112.0,112.0,,101.142,1.1,1.09,1.09,115.089,0.98,0.97,0.97,
12/31/2007,930.0,,-591.0,,,339.0,0.0,-167.0,151.0,16.0,172.0,68.0,43.0,43.0,0.0,0.0,-111.0,240.0,-87.0,,153.0,0.0,,,153.0,0.0,153.0,0.0,0.0,153.0,153.0,,86.1,1.35,1.35,1.35,114.7,1.35,2.71,0.86,
03/31/2008,772.0,,-524.0,,,248.0,0.0,-146.0,131.0,15.0,102.0,-43.0,43.0,43.0,0.0,0.0,0.0,59.0,-21.0,,38.0,0.0,,,38.0,0.0,38.0,0.0,0.0,38.0,38.0,,103.332,0.37,0.37,0.37,110.765,0.34,0.34,0.34,
06/30/2008,831.0,,-545.0,,,286.0,0.0,-143.0,128.0,15.0,143.0,-67.0,51.0,51.0,0.0,,16.0,76.0,-39.0,,37.0,0.0,,,37.0,0.0,37.0,0.0,-239.0,-202.0,-202.0,22.471,86.419,-2.33,-2.33,-2.07,86.419,-2.33,-2.33,-2.07,
09/30/2008,873.0,,-538.0,,,335.0,0.0,-147.0,133.0,14.0,188.0,-71.0,72.0,72.0,0.0,0.0,-1.0,117.0,-43.0,,74.0,0.0,,,74.0,0.0,74.0,0.0,0.0,74.0,74.0,,66.672,1.11,1.11,1.11,77.354,0.98,0.98,0.98,
12/31/2008,791.0,,-423.0,,,368.0,0.0,-255.0,120.0,135.0,113.0,-1178.0,17.0,17.0,0.0,,1161.0,-1065.0,212.0,,-853.0,,,,-853.0,,-853.0,0.0,0.0,-853.0,-853.0,898.0,59.9,-14.25,-14.25,0.74,59.9,-14.25,-14.25,0.74,
03/31/2009,594.0,594.0,-450.0,344.0,14.0,144.0,0.0,-126.0,108.0,4.0,18.0,-51.0,52.0,52.0,0.0,,-1.0,-33.0,14.0,,-19.0,0.0,0.0,0.0,-19.0,0.0,-19.0,0.0,0.0,-19.0,-19.0,0.0,59.986,-0.32,-0.32,-0.32,59.986,-0.32,-0.32,-0.32,
06/30/2009,615.0,615.0,-474.0,364.0,15.0,141.0,0.0,-136.0,101.0,20.0,5.0,-34.0,32.0,32.0,0.0,,2.0,-29.0,12.0,,-17.0,0.0,0.0,0.0,-17.0,0.0,-17.0,0.0,0.0,-17.0,-15.0,2.0,60.124,-0.28,-0.28,-0.249484,60.124,-0.28,-0.28,-0.249484,
09/30/2009,592.0,592.0,-412.0,312.0,13.0,180.0,0.0,-113.0,99.0,1.0,67.0,-63.0,64.0,64.0,0.0,,-1.0,4.0,-4.0,,0.0,0.0,0.0,0.0,0.0,0.0,0.0,0.0,0.0,0.0,1.65,1.65,60.132,0.0,0.0,0.02744,60.728,0.0,0.0,0.02717,
12/31/2009,557.0,557.0,-412.0,311.0,15.0,145.0,0.0,-121.0,100.0,6.0,24.0,-73.0,74.0,74.0,0.0,,-1.0,-49.0,25.0,,-24.0,2.0,2.0,0.0,-26.0,0.0,-26.0,0.0,0.0,-26.0,-12.0,12.0,60.2,-0.43,-0.39,-0.199336,60.2,-0.43,-0.39,-0.199336,
03/31/2010,478.0,478.0,-375.0,279.0,13.0,103.0,0.0,-105.0,86.0,6.0,-2.0,-62.0,63.0,63.0,0.0,,-1.0,-64.0,24.0,,-40.0,0.0,0.0,0.0,-40.0,0.0,-40.0,0.0,0.0,-40.0,-35.0,5.0,60.227,-0.67,-0.67,-0.581135,60.227,-0.67,-0.67,-0.586981,
06/30/2010,557.0,557.0,-386.0,291.0,16.0,171.0,0.0,-112.0,90.0,6.0,59.0,-56.0,56.0,57.0,-1.0,,0.0,3.0,9.0,,12.0,0.0,0.0,0.0,12.0,0.0,12.0,0.0,0.0,12.0,17.0,5.0,60.49,0.2,0.2,0.281038,67.7,0.18,0.18,0.253855,
09/30/2010,605.0,605.0,-396.0,298.0,14.0,209.0,0.0,-116.0,95.0,7.0,93.0,-55.0,57.0,57.0,0.0,0.0,-2.0,38.0,-15.0,,23.0,0.0,0.0,0.0,23.0,0.0,23.0,0.0,0.0,23.0,28.0,5.0,60.531,0.37,0.37,0.462573,68.532,0.33,0.33,0.402959,
12/31/2010,597.0,597.0,-422.0,322.0,17.0,175.0,0.0,-128.0,96.0,15.0,47.0,-87.0,87.0,87.0,0.0,,0.0,-40.0,23.0,,-17.0,4.0,4.0,0.0,-21.0,0.0,-21.0,0.0,0.0,-21.0,14.0,31.0,60.6,-0.35,-0.29,0.231023,60.6,-0.35,-0.29,0.221551,
03/31/2011,523.0,523.0,-385.0,286.0,12.0,138.0,0.0,-108.0,95.0,1.0,30.0,-57.0,58.0,58.0,0.0,,-1.0,-27.0,7.0,,-20.0,0.0,0.0,0.0,-20.0,,-20.0,0.0,0.0,-20.0,-19.0,1.0,60.85,-0.34,-0.34,-0.312243,60.85,-0.34,-0.34,-0.323566,
06/30/2011,629.0,629.0,-418.0,315.0,14.0,211.0,0.0,-116.0,100.0,2.0,95.0,-56.0,59.0,60.0,-1.0,,-3.0,39.0,-11.0,,28.0,1.0,1.0,0.0,27.0,0.0,27.0,0.0,0.0,27.0,30.0,2.0,61.363636,0.44,0.45,0.488889,74.052,0.37,0.38,0.407008,
09/30/2011,713.0,713.0,-439.0,329.0,13.0,274.0,0.0,-118.0,103.0,2.0,156.0,-60.0,58.0,58.0,0.0,0.0,2.0,96.0,-31.0,,65.0,0.0,0.0,0.0,65.0,0.0,65.0,0.0,0.0,65.0,66.0,1.0,62.64,1.04,1.04,1.05364,73.334,0.91,0.91,0.923636,
12/31/2011,746.0,746.0,-471.0,360.0,18.0,275.0,0.0,-160.0,109.0,33.0,115.0,-59.0,60.0,60.0,0.0,,-1.0,56.0,-28.0,,28.0,-1.0,-1.0,0.0,29.0,0.0,29.0,0.0,0.0,29.0,60.552,32.552,73.4,0.39,0.381471,0.824959,73.4,0.39,0.376376,0.819864,
03/31/2012,656.0,656.0,-443.0,328.0,14.0,213.0,0.0,-126.0,102.0,10.0,87.0,-68.0,69.0,69.0,0.0,,-1.0,19.0,-6.0,,13.0,0.0,0.0,0.0,13.0,0.0,13.0,0.0,0.0,13.0,19.0,6.0,63.131,0.21,0.21,0.300961,76.266,0.17,0.17,0.248672,
06/30/2012,993.0,993.0,-619.0,447.0,49.0,374.0,0.0,-328.0,146.0,133.0,46.0,-110.0,122.0,122.0,0.0,,-12.0,-64.0,12.0,,-52.0,0.0,0.0,0.0,-52.0,,-52.0,,0.0,-52.0,30.0,82.0,83.231,-0.63,-0.63,0.360443,83.231,-0.63,-0.63,0.35521,
09/30/2012,1219.0,1219.0,-714.0,510.0,71.0,505.0,0.0,-283.0,164.0,48.0,222.0,-128.0,128.0,128.0,0.0,,0.0,94.0,-21.0,,73.0,0.0,0.0,0.0,73.0,0.0,73.0,0.0,0.0,73.0,119.0,46.0,92.539,0.78,0.78,1.285944,105.273,0.7,0.7,1.136959,
12/31/2012,1249.0,1249.0,-754.0,546.0,64.0,495.0,0.0,-259.0,176.0,19.0,236.0,-197.0,197.0,197.0,0.0,0.0,0.0,39.0,2.0,,41.0,0.0,0.0,0.0,41.0,0.0,41.0,0.0,0.0,41.0,106.0,65.0,92.7,0.44,0.44,1.143474,105.2,0.4,0.4,1.017871,
03/31/2013,1100.0,1100.0,-715.0,513.0,64.0,385.0,0.0,-236.0,160.0,12.0,149.0,-119.0,120.0,120.0,0.0,0.0,-1.0,30.0,-9.0,,21.0,0.0,0.0,0.0,21.0,0.0,21.0,0.0,0.0,21.0,39.0,18.0,93.31,0.22,0.22,0.417962,106.38,0.19,0.19,0.359205,
06/30/2013,1206.0,1206.0,-735.0,527.0,62.0,471.0,0.0,-221.0,152.0,7.0,250.0,-119.0,119.0,119.0,0.0,0.0,0.0,131.0,-48.0,,83.0,0.0,0.0,0.0,83.0,0.0,83.0,0.0,0.0,83.0,95.0,12.0,93.895,0.89,0.89,1.011768,106.715,0.78,0.78,0.892449,
09/30/2013,1311.0,1311.0,-747.0,528.0,59.0,564.0,0.0,-227.0,167.0,1.0,337.0,-119.0,121.0,121.0,0.0,0.0,-2.0,218.0,-75.0,,143.0,0.0,0.0,0.0,143.0,0.0,143.0,0.0,0.0,143.0,150.0,7.0,93.244,1.53,1.53,1.608683,105.548,1.35,1.35,1.416321,
12/31/2013,1338.0,1338.0,-771.0,548.0,61.0,567.0,0.0,-225.0,163.0,1.0,342.0,-116.0,118.0,118.0,0.0,0.0,-2.0,226.0,-86.0,,140.0,0.0,0.0,0.0,140.0,0.0,140.0,0.0,0.0,140.0,146.65,6.65,106.1,1.31,1.31,1.382187,106.1,1.31,1.31,1.372677,
03/31/2014,1178.0,1178.0,-730.0,513.0,60.0,448.0,0.0,-230.0,168.0,2.0,218.0,-124.0,125.0,125.0,0.0,0.0,-1.0,94.0,-34.0,,60.0,0.0,0.0,0.0,60.0,0.0,60.0,0.0,0.0,60.0,73.0,13.0,95.225,0.63,0.63,0.766605,106.424,0.56,0.56,0.682153,
06/30/2014,1399.0,1399.0,-810.0,581.0,70.0,589.0,0.0,-264.0,187.0,7.0,325.0,-183.0,187.0,188.0,-1.0,0.0,-4.0,142.0,-48.0,,94.0,0.0,0.0,0.0,94.0,0.0,94.0,0.0,0.0,94.0,144.0,50.0,97.002,0.98,0.98,1.484505,105.594,0.9,0.9,1.373512,
09/30/2014,1544.0,1544.0,-856.0,620.0,70.0,688.0,0.0,-266.0,194.0,2.0,422.0,-119.0,124.0,124.0,0.0,0.0,-5.0,303.0,-111.0,,192.0,0.0,0.0,0.0,192.0,0.0,192.0,0.0,0.0,192.0,202.0,10.0,98.485,1.95,1.95,2.051074,104.076,1.84,1.84,1.936084,
12/31/2014,1564.0,1564.0,-857.0,618.0,73.0,707.0,0.0,-281.0,209.0,-1.0,426.0,-115.0,119.0,119.0,0.0,0.0,-4.0,311.0,-117.0,,194.0,0.0,0.0,0.0,194.0,0.0,194.0,0.0,0.0,194.0,198.3,4.3,99.2,1.96,1.96,1.998992,103.1,1.88,1.88,1.921707,
03/31/2015,1315.0,1315.0,-791.0,556.0,69.0,524.0,0.0,-224.0,181.0,-26.0,300.0,-118.0,121.0,121.0,0.0,0.0,-3.0,182.0,-67.0,,115.0,0.0,0.0,0.0,115.0,0.0,115.0,0.0,0.0,115.0,137.65,22.65,97.007,1.19,1.19,1.41897,99.065,1.16,1.16,1.388638,
06/30/2015,1429.0,1429.0,-811.0,571.0,67.0,618.0,0.0,-243.0,175.0,1.0,375.0,-226.0,232.0,233.0,-1.0,0.0,-6.0,149.0,-63.0,,86.0,0.0,0.0,0.0,86.0,0.0,86.0,0.0,0.0,86.0,164.65,78.65,96.647,0.89,0.89,1.703622,97.747,0.88,0.88,1.684628,
09/30/2015,1550.0,1550.0,-860.0,611.0,66.0,690.0,0.0,-244.0,178.0,0.0,446.0,-106.0,107.0,107.0,0.0,0.0,-1.0,340.0,-125.0,,215.0,0.0,0.0,0.0,215.0,0.0,215.0,0.0,0.0,215.0,219.0,4.0,94.213,2.28,2.28,2.32452,95.191,2.25,2.25,2.292021,
12/31/2015,1523.0,1523.0,-875.0,623.0,66.0,648.0,0.0,-251.0,180.0,5.0,397.0,-105.0,107.0,107.0,0.0,0.0,-2.0,292.0,-123.0,,169.0,0.0,0.0,0.0,169.0,0.0,169.0,0.0,0.0,169.0,177.808,8.808,92.7,1.82,1.82,1.918101,93.6,1.81,1.81,1.904103,
03/31/2016,1310.0,1310.0,-810.0,567.0,67.0,500.0,0.0,-246.0,177.0,2.0,254.0,-107.0,107.0,108.0,-1.0,0.0,0.0,147.0,-55.0,,92.0,0.0,0.0,0.0,92.0,0.0,92.0,0.0,0.0,92.0,101.0,9.0,90.51,1.01,1.01,1.115899,90.943,1.01,1.01,1.108963,
06/30/2016,1421.0,1421.0,-831.0,589.0,64.0,590.0,0.0,-243.0,177.0,2.0,347.0,-130.0,132.0,132.0,0.0,0.0,-2.0,217.0,-83.0,,134.0,0.0,0.0,0.0,134.0,0.0,134.0,0.0,0.0,134.0,157.0,23.0,88.095,1.52,1.52,1.782167,88.473,1.52,1.52,1.779966,
09/30/2016,1508.0,1508.0,-852.0,602.0,61.0,656.0,0.0,-244.0,179.0,4.0,412.0,-109.0,110.0,110.0,0.0,0.0,-1.0,303.0,-116.0,,187.0,0.0,0.0,0.0,187.0,0.0,187.0,0.0,0.0,187.0,200.0,13.0,85.945,2.18,2.18,2.32707,86.445,2.16,2.16,2.310385,
12/31/2016,1523.0,1523.0,-866.0,611.0,63.0,657.0,0.0,-255.0,186.0,6.0,402.0,-160.0,162.0,164.0,-2.0,0.0,-2.0,242.0,-89.0,,153.0,0.0,0.0,0.0,153.0,0.0,153.0,0.0,0.0,153.0,203.0,50.0,84.318,1.814559,1.814559,2.407552,85.239,1.794953,1.794953,2.381539,
03/31/2017,1356.0,1356.0,-842.0,594.0,62.0,514.0,0.0,-257.0,193.0,2.0,257.0,-96.0,94.0,95.0,-1.0,0.0,2.0,161.0,-52.0,,109.0,0.0,0.0,0.0,109.0,0.0,109.0,0.0,0.0,109.0,115.0,6.0,84.456,1.29,1.29,1.361656,85.377,1.27,1.27,1.340277,
06/30/2017,1597.0,1597.0,-942.0,676.0,64.0,655.0,0.0,-315.0,218.0,33.0,340.0,-111.0,113.0,113.0,0.0,0.0,-2.0,229.0,-88.0,,141.0,0.0,0.0,0.0,141.0,0.0,141.0,0.0,0.0,141.0,181.0,40.0,84.635,1.67,1.67,2.138595,85.408,1.65,1.65,2.11834,
09/30/2017,1766.0,1766.0,-993.0,703.0,63.0,773.0,0.0,-325.0,237.0,25.0,448.0,-126.0,131.0,131.0,0.0,,-5.0,322.0,-123.0,,199.0,0.0,0.0,0.0,199.0,0.0,199.0,0.0,0.0,199.0,248.0,49.0,84.663,2.36,2.36,2.929261,85.592,2.33,2.33,2.902483,
12/31/2017,1922.0,1922.0,-1095.0,775.0,70.0,827.0,0.0,-365.0,255.0,40.0,462.0,-126.0,126.0,126.0,0.0,0.0,0.0,336.0,561.0,,897.0,0.0,0.0,0.0,897.0,0.0,897.0,0.0,0.0,897.0,258.858,-638.142,84.6,10.602837,10.602837,3.059787,85.8,10.45,10.45,3.012448,
03/31/2018,1734.0,1734.0,-1088.0,766.0,71.0,646.0,0.0,-306.0,232.0,3.0,340.0,-108.0,109.0,109.0,0.0,0.0,-1.0,232.0,-49.0,,183.0,0.0,0.0,0.0,183.0,0.0,183.0,0.0,0.0,183.0,204.0,21.0,84.256,2.18,2.18,2.421193,85.238,2.15,2.15,2.396369,
06/30/2018,1891.0,1891.0,-1109.0,786.0,67.0,782.0,0.0,-312.0,239.0,6.0,470.0,-111.0,112.0,112.0,0.0,,-1.0,359.0,-89.0,,270.0,0.0,0.0,0.0,270.0,0.0,270.0,0.0,0.0,270.0,286.0,16.0,83.456,3.22,3.22,3.426956,84.199,3.2,3.2,3.390026,
09/30/2018,2116.0,2116.0,-1178.0,835.0,75.0,938.0,0.0,-360.0,265.0,20.0,578.0,-118.0,118.0,118.0,0.0,,0.0,460.0,-127.0,,333.0,0.0,0.0,0.0,333.0,0.0,333.0,0.0,0.0,333.0,357.0,24.0,82.344,4.05,4.05,4.335471,83.172,4.01,4.01,4.298559,
12/31/2018,2306.0,2306.0,-1308.0,933.0,95.0,998.0,0.0,-435.0,302.0,38.0,563.0,-138.0,142.0,142.0,0.0,0.0,-4.0,425.0,-115.0,,310.0,0.0,0.0,0.0,310.0,0.0,310.0,0.0,0.0,310.0,348.0,38.0,80.6,3.846154,3.846154,4.317618,81.5,3.8,3.8,4.266258,
03/31/2019,2117.0,2117.0,-1356.0,961.0,104.0,761.0,0.0,-393.0,280.0,9.0,368.0,-148.0,151.0,151.0,0.0,,-3.0,220.0,-45.0,,175.0,0.0,0.0,0.0,175.0,0.0,175.0,0.0,0.0,175.0,195.47,20.47,79.401,2.21,2.21,2.461808,80.047,2.19,2.19,2.445725,
06/30/2019,2290.0,2290.0,-1379.0,980.0,105.0,911.0,0.0,-382.0,271.0,6.0,529.0,-178.0,180.0,180.0,0.0,,-2.0,351.0,-81.0,,270.0,0.0,0.0,0.0,270.0,0.0,270.0,0.0,0.0,270.0,310.05,40.05,78.3,3.45,3.45,3.95977,78.5,3.44,3.44,3.950191,
09/30/2019,2488.0,2488.0,-1455.0,1038.0,102.0,1033.0,0.0,-377.0,273.0,2.0,656.0,-146.0,147.0,147.0,0.0,,-1.0,510.0,-119.0,,391.0,0.0,0.0,0.0,391.0,0.0,391.0,0.0,0.0,391.0,406.0,15.0,76.699,5.1,5.1,5.29342,76.857,5.08,5.08,5.275168,
12/31/2019,2456.0,2456.0,-1491.0,1071.0,96.0,965.0,0.0,-366.0,268.0,2.0,599.0,-166.0,170.0,170.0,0.0,,-4.0,433.0,-95.0,,338.0,0.0,0.0,0.0,338.0,0.0,338.0,0.0,0.0,338.0,368.372,30.372,75.1,4.49,4.49,4.905087,75.4,4.49,4.49,4.892812,
03/31/2020,2125.0,2125.0,-1398.0,972.0,100.0,727.0,0.0,-369.0,267.0,2.0,358.0,-132.0,136.0,136.0,0.0,,-4.0,226.0,-53.0,,173.0,0.0,0.0,0.0,173.0,0.0,173.0,0.0,0.0,173.0,197.26,24.26,74.0,2.33,2.33,2.665676,74.3,2.33,2.33,2.656514,
06/30/2020,1939.0,1939.0,-1238.0,843.0,95.0,701.0,0.0,-320.0,222.0,3.0,381.0,-130.0,130.0,130.0,0.0,,0.0,251.0,-39.0,,212.0,0.0,0.0,0.0,212.0,0.0,212.0,0.0,0.0,212.0,218.47,6.47,72.2,2.94,2.94,3.0259,72.3,2.93,2.93,3.019488,
09/30/2020,2148.273,,,,,817.8475311,,,,,448.167,,,,,,,320.167,,,234.5,,,,,,234.5,,,234.5,301.833,,,3.313,3.313,4.21,,3.313,3.313,4.21,
12/31/2020,2152.0,,,,,795.14248,,,,,443.286,,,,,,,327.875,,,247.833,,,,,,247.833,,,247.833,276.667,,,3.215,3.215,3.947,,3.215,3.215,3.947,
