Date,Net Revenue,Net Interest Income,Total Interest Income,Interest Income,Investment Income,Total Interest Expense,Total Non-Interest Income,Trading Securities G/L,Trading Account Profits/Losses,Investment & Loan Inc (Loss),Other Income (Loss),Commissions & Fees Earned,Other Operating Income (Losses),Provision for Loan Losses,Net Revenue after Provisions,Total Non-Interest Expense,Commissions & Fees Paid,Other Operating Expenses,Operating Income (Loss),Non-Operating (Income) Loss,Other Non-Op (Income) Loss,"Pretax Income (Loss), GAAP",Income Tax Expense (Benefit),Current Income Tax,Deferred Income Tax,Tax Allowance/Credit,Income (Loss) from Cont Ops,Net Extraordinary Losses (Gains),Discontinued Operations,XO & Accounting Changes,Income (Loss) Incl. MI,Minority Interest,"Net Income, GAAP",Preferred Dividends,Other Adjustments,"Net Income Avail to Common, GAAP","Net Income Avail to Common, Adj",Net Abnormal Losses (Gains),Basic Weighted Avg Shares,"Basic EPS, GAAP",Basic EPS from Cont Ops,"Basic EPS from Cont Ops, Adjusted",Diluted Weighted Avg Shares,"Diluted EPS, GAAP",Diluted EPS from Cont Ops,"Diluted EPS from Cont Ops, Adjusted",Source: Bloomberg
03/31/1999,2413.499992,1420.999969,2575.399994,2221.0,354.399994,-1154.400024,992.500023,67.099998,,,,833.400024,92.0,-143.100006,2270.399986,-1248.599976,0.0,1248.599976,1021.799988,-17.9,17.9,1003.899988,-349.5,,,,654.400024,0.0,,,654.399988,0.0,654.400024,0.0,0.0,654.400024,654.400024,,1924.5,0.34,0.34,0.346667,1924.5,0.34,0.34,0.346667,
06/30/1999,2491.000053,1458.200043,2610.399994,2275.5,334.899994,-1152.199951,1032.800011,54.900002,,,,895.200012,82.699997,-150.300003,2340.70005,-1270.400024,0.0,1270.400024,1070.300049,-45.099998,45.099998,1025.20005,-359.600006,,,,665.599976,0.0,,,665.600044,0.0,665.599976,0.0,0.0,665.599976,665.599976,,1901.699951,0.35,0.35,0.36,1901.699951,0.34,0.34,0.35,
09/30/1999,2561.099834,1478.69986,2700.499908,2361.899902,338.600006,-1221.800049,1082.399975,44.799999,,,,911.599976,126.0,-178.899994,2382.199841,-1267.400024,0.0,1267.400024,1114.800049,-379.299988,379.299988,735.500061,-310.700012,,,,424.799988,0.0,,,424.800049,0.0,424.799988,0.0,0.0,424.799988,424.799988,,1931.0,0.22,0.22,0.34,1931.0,0.22,0.22,0.34,
12/31/1999,2615.699944,1478.499939,2740.399963,2422.199951,318.200012,-1261.900024,1137.200005,68.800003,,,,966.0,102.400002,-173.699997,2441.999947,-1342.099976,0.0,1342.099976,1099.900024,-90.5,90.5,1009.400024,-372.399994,,,,637.0,0.0,,,637.000031,0.0,637.0,0.0,0.0,637.0,637.0,,1930.300049,0.33,0.33,0.36,1930.300049,0.33,0.33,0.36,
03/31/2000,1640.8,845.4,1563.6,1489.3,74.3,-718.2,795.4,83.3,,,,595.8,116.3,-154.0,1486.8,-887.9,0.0,887.9,598.9,-13.1,13.1,585.8,-206.8,,,,379.0,0.0,,,379.0,0.0,379.0,0.0,0.0,379.0,379.0,,748.339548,0.51,0.51,0.54,750.142962,0.51,0.51,0.54,
06/30/2000,1046.161,674.587,1360.714,1128.47,232.244,-686.127,371.574,0.003,,,,237.927,133.644,-51.054,995.107,-441.189,0.0,441.189,553.918,-66.9,66.9,487.018,-170.275,,,,316.743,0.0,,,316.743,0.0,316.743,0.0,0.0,316.743,316.743,,968.446,0.33,0.33,0.37,979.378,0.32,0.32,0.36,
09/30/2000,1053.618,678.653,1405.546,1179.27,226.276,-726.893,374.965,0.093,,,,234.741,140.131,-58.2,995.418,-431.612,0.0,431.612,563.806,-102.0,102.0,461.806,-152.812,,,,308.994,0.0,,,308.994,0.0,308.994,0.0,0.0,308.994,308.994,,958.886,0.32,0.32,0.39,967.578,0.32,0.32,0.39,
12/31/2000,7192.221,3850.96,7742.64,6916.86,825.78,-3891.68,3341.261,183.104,,,,3014.532,143.625,-564.746,6627.475,-3607.599,0.0,3607.599,3019.876,-166.7,166.7,2853.176,-982.313,,,,1870.863,0.0,,,1870.863,0.0,1870.863,0.0,0.0,1870.863,1870.863,,4948.328,0.35,0.35,0.37,4976.901,0.35,0.35,0.37,
03/31/2001,2956.500046,1545.800049,3009.0,2692.0,317.0,-1463.199951,1410.699997,287.899994,,,,1018.0,104.800003,-365.799988,2590.700058,-1394.300049,0.0,1394.300049,1196.400024,-570.799988,570.799988,625.600037,-215.5,,,,410.100006,0.0,,,410.100037,0.0,410.100006,0.0,0.0,410.100006,410.100006,,1901.099976,0.22,0.22,0.42,1915.699951,0.21,0.21,0.42,
06/30/2001,2833.599907,1557.999908,2815.799957,2460.199951,355.600006,-1257.800049,1275.599998,87.099998,,,,1097.5,91.0,-240.0,2593.599907,-1341.900024,0.0,1341.900024,1251.699951,-391.899994,391.899994,859.799957,-297.5,,,,562.299988,0.0,,,562.299957,0.0,562.299988,0.0,0.0,562.299988,562.299988,,1905.300049,0.3,0.3,0.44,1917.199951,0.29,0.29,0.43,
09/30/2001,2917.40004,1599.000061,2708.30011,2306.100098,402.200012,-1109.300049,1318.399979,103.400002,,,,1150.599976,64.400002,-1275.0,1642.40004,-1418.699951,0.0,1418.699951,223.699997,-163.100006,163.100006,60.599991,-21.9,,,,38.700001,0.0,,,38.699991,0.0,38.700001,0.0,0.0,38.700001,38.700001,,1952.699951,0.02,0.02,0.08,1965.400024,0.02,0.02,0.08,
12/31/2001,2998.5,1706.0,2550.5,2098.7,451.8,-844.5,1292.5,72.3,,,,1177.5,42.7,-648.0,2350.5,-1503.9,0.0,1503.9,846.6,241.6,-241.6,1088.2,-392.8,,,,695.4,0.0,,,695.4,0.0,695.4,0.0,0.0,695.4,695.4,,1952.5,0.36,0.36,0.28,1955.7,0.36,0.36,0.28,
03/31/2002,2988.200096,1661.300049,2362.600037,1962.400024,400.200012,-701.299988,1326.900047,94.0,,,,1165.300049,67.599998,-335.0,2653.200096,-1362.599976,0.0,1362.599976,1290.599976,-74.199997,74.199997,1216.399979,-423.200012,,,,793.200012,37.200001,,,755.999966,0.0,756.0,0.0,0.0,756.0,756.0,,1919.800049,0.39,0.41,0.44,1930.099976,0.39,0.41,0.44,
06/30/2002,3124.599998,1680.800049,2375.600037,1971.800049,403.799988,-694.799988,1443.79995,80.099998,,,,1283.699951,80.0,-335.0,2789.599998,-1455.300049,0.0,1455.300049,1334.300049,-71.599998,71.599998,1262.70005,-439.600006,,,,823.099976,0.0,,,823.100044,0.0,823.099976,0.0,0.0,823.099976,823.099976,,1913.199951,0.43,0.43,0.45,1926.900024,0.43,0.43,0.45,
09/30/2002,3297.4,1731.8,2420.0,1989.9,430.1,-688.2,1565.6,171.6,,,,1305.6,88.4,-330.0,2967.4,-1577.2,0.0,1577.2,1390.2,-70.4,70.4,1319.8,-459.5,,,,860.3,0.0,,,860.3,0.0,860.3,0.0,0.0,860.3,860.3,,1915.0,0.45,0.45,0.47,1923.3,0.45,0.45,0.47,
12/31/2002,2614.8,1740.4,2335.7,1914.9,420.8,-595.3,874.4,-45.8,,,,757.4,162.8,-349.0,2265.8,-1024.2,0.0,1024.2,1241.6,-105.0,105.0,1136.6,-385.2,,,,751.4,22.7,,,728.7,0.0,728.7,0.0,0.0,728.7,728.7,,1916.0,0.38,0.39,0.43,1918.9,0.38,0.39,0.43,
03/31/2003,3135.499969,1769.399994,2331.199982,1866.599976,464.600006,-561.799988,1366.099976,140.699997,,,,1121.599976,103.800003,-335.0,2800.499969,-1437.0,0.0,1437.0,1363.5,-17.6,17.6,1345.9,-461.799988,,,,884.099976,-0.7,,,884.800012,0.0,884.799988,0.0,0.0,884.799988,884.799988,,1919.0,0.46,0.46,0.47,1926.599976,0.46,0.46,0.47,
06/30/2003,3264.799973,1791.899963,2327.799988,1846.099976,481.700012,-535.900024,1472.900009,213.100006,,,,1175.0,84.800003,-323.0,2941.799973,-1535.800049,0.0,1535.800049,1406.0,-10.8,10.8,1395.2,-480.200012,,,,915.0,-4.9,,,919.899988,0.0,919.900024,0.0,0.0,919.900024,919.900024,,1922.300049,0.48,0.48,0.49,1931.599976,0.48,0.47,0.49,
09/30/2003,2995.899948,1818.5,2311.299988,1841.5,469.799988,-492.799988,1177.399948,-108.900002,,,,1196.699951,89.599998,-310.0,2685.899948,-1243.099976,0.0,1243.099976,1442.800049,-10.2,10.2,1432.600049,-491.899994,,,,940.700012,-10.2,,,950.900055,0.0,950.900024,0.0,0.0,950.900024,950.900024,,1926.0,0.49,0.49,0.49,1939.800049,0.49,0.48,0.48,
12/31/2003,2487.3,1790.9,2254.0,1798.7,455.3,-463.1,696.4,-237.5,,,,823.0,110.9,-286.0,2201.3,-921.4,0.0,921.4,1332.6,-7.6,7.6,1325.0,-464.6,,,,860.4,-22.5,,,882.9,0.0,882.9,0.0,0.0,882.9,882.9,,1927.5,0.46,0.45,0.45,1944.6,0.45,0.44,0.44,
03/31/2004,3090.100021,1771.800049,2258.100037,1768.900024,489.200012,-486.299988,1318.299973,0.0,,,,1215.099976,103.199997,-235.0,2855.100021,-1419.5,0.0,1419.5,1435.599976,-35.400002,35.400002,1400.199974,-391.799988,,,,1008.400024,0.0,,,1008.399986,0.0,1008.400024,0.0,0.0,1008.400024,1008.400024,,1915.400024,0.53,0.53,0.54,1941.099976,0.52,0.52,0.53,
06/30/2004,3185.800072,1772.400024,2236.200012,1765.5,470.700012,-463.799988,1413.400047,0.0,,,,1306.300049,107.099998,-204.5,2981.300072,-1232.599976,0.0,1232.599976,1577.0,0.0,0.0,1577.0,-540.099976,,,,1036.900024,0.0,,,1036.900024,0.0,1036.900024,0.0,0.0,1036.900024,1036.900024,,1891.599976,0.55,0.55,0.55,1913.400024,0.54,0.54,0.54,
09/30/2004,3298.599976,1774.599976,2302.799988,1828.5,474.299988,-528.200012,1524.0,87.300003,,,,1312.0,124.699997,-165.100006,3133.499969,-1519.0,0.0,1519.0,1614.5,0.0,0.0,1614.5,-549.0,,,,1065.5,0.0,,,1065.5,0.0,1065.5,0.0,0.0,1065.5,1065.5,,1877.0,0.57,0.57,0.57,1903.699951,0.56,0.56,0.56,
12/31/2004,3227.7,1792.5,2389.4,1905.0,484.4,-596.9,1435.2,-20.5,,,,1312.4,143.3,-65.0,3162.7,-1465.7,0.0,1465.7,1697.0,-96.0,96.0,1601.0,-545.0,,,,1056.0,0.0,,,1056.0,0.0,1056.0,0.0,0.0,1056.0,1056.0,,1865.0,0.56,0.56,0.59,1893.8,0.56,0.56,0.59,
03/31/2005,3126.0,1744.0,2435.0,1938.0,497.0,-691.0,1382.0,-59.0,,,,1287.0,154.0,-172.0,2954.0,-1331.0,0.0,1331.0,1623.0,0.0,0.0,1623.0,-552.0,,,,1071.0,0.0,,,1071.0,0.0,1071.0,0.0,0.0,1071.0,1071.0,,1852.0,0.58,0.58,0.58,1880.0,0.57,0.57,0.57,
06/30/2005,3295.0,1754.0,2565.0,2055.0,510.0,-811.0,1541.0,1.0,,,,1405.0,135.0,-144.0,3151.0,-1541.0,0.0,1541.0,1610.0,40.0,-40.0,1650.0,-529.0,,,,1121.0,0.0,,,1121.0,0.0,1121.0,0.0,0.0,1121.0,1121.0,,1833.0,0.61,0.61,0.58,1857.0,0.6,0.6,0.57,
09/30/2005,3358.0,1782.0,2718.0,2196.0,522.0,-936.0,1576.0,1.0,,,,1441.0,134.0,-145.0,3213.0,-1473.0,0.0,1473.0,1740.0,0.0,0.0,1740.0,-586.0,,,,1154.0,0.0,,,1154.0,0.0,1154.0,0.0,0.0,1154.0,1154.0,,1823.0,0.63,0.63,0.63,1849.0,0.62,0.62,0.62,
12/31/2005,3321.0,1775.0,2833.0,2302.0,531.0,-1058.0,1546.0,-49.0,,,,1425.0,170.0,-205.0,3116.0,-1464.0,0.0,1464.0,1652.0,0.0,0.0,1652.0,-509.0,,,,1143.0,0.0,,,1143.0,0.0,1143.0,0.0,0.0,1143.0,1143.0,,1816.0,0.63,0.63,0.63,1841.0,0.62,0.62,0.62,
03/31/2006,3329.0,1715.0,2891.0,2375.0,516.0,-1176.0,1614.0,0.0,,,,1383.0,231.0,-115.0,3214.0,-1500.0,0.0,1500.0,1714.0,0.0,0.0,1714.0,-561.0,,,,1153.0,0.0,,,1153.0,0.0,1153.0,0.0,0.0,1153.0,1153.0,,1801.0,0.64,0.64,0.64,1826.0,0.63,0.63,0.63,
06/30/2006,3441.0,1686.0,3018.0,2485.0,533.0,-1332.0,1755.0,3.0,,,,1573.0,179.0,-125.0,3316.0,-1519.0,0.0,1519.0,1797.0,-11.0,11.0,1786.0,-585.0,,,,1201.0,0.0,,,1201.0,0.0,1201.0,-17.0,0.0,1184.0,1184.0,7.0,1781.0,0.66,0.66,0.66,1805.0,0.66,0.66,0.66,
09/30/2006,3408.0,1660.0,3149.0,2609.0,540.0,-1489.0,1748.0,0.0,,,,1558.0,190.0,-135.0,3273.0,-1538.0,0.0,1538.0,1735.0,0.0,0.0,1735.0,-532.0,,,,1203.0,0.0,,,1203.0,0.0,1203.0,-16.0,0.0,1187.0,1187.0,,1771.0,0.67,0.67,0.67,1796.0,0.66,0.66,0.66,
12/31/2006,3357.0,1680.0,3205.0,2630.0,575.0,-1525.0,1677.0,11.0,,,,1505.0,161.0,-169.0,3188.0,-1590.0,0.0,1590.0,1598.0,30.0,-30.0,1628.0,-434.0,,,,1194.0,0.0,,,1194.0,0.0,1194.0,-15.0,0.0,1179.0,1179.0,,1761.0,0.67,0.67,0.66,1789.0,0.66,0.66,0.65,
03/31/2007,3345.0,1649.0,3187.0,2612.0,575.0,-1538.0,1696.0,1.0,,,,1536.0,159.0,-177.0,3168.0,-1545.0,0.0,1545.0,1623.0,0.0,0.0,1623.0,-493.0,,,,1130.0,0.0,,,1130.0,0.0,1130.0,-15.0,0.0,1115.0,1115.0,,1752.0,0.64,0.64,0.64,1780.0,0.63,0.63,0.63,
06/30/2007,3487.0,1632.0,3236.0,2650.0,586.0,-1604.0,1855.0,3.0,,,,1683.0,169.0,-191.0,3296.0,-1640.0,0.0,1640.0,1656.0,0.0,0.0,1656.0,-500.0,,,,1156.0,0.0,,,1156.0,0.0,1156.0,-15.0,0.0,1141.0,1141.0,,1736.0,0.66,0.66,0.66,1760.0,0.65,0.65,0.65,
09/30/2007,3511.0,1667.0,3334.0,2736.0,598.0,-1667.0,1844.0,7.0,,,,1687.0,150.0,-199.0,3312.0,-1628.0,0.0,1628.0,1684.0,-115.0,115.0,1569.0,-473.0,,,,1096.0,0.0,,,1096.0,0.0,1096.0,-15.0,0.0,1081.0,1081.0,75.0,1725.0,0.63,0.63,0.67,1745.0,0.62,0.62,0.66,
12/31/2007,3518.0,1741.0,3379.0,2766.0,613.0,-1638.0,1777.0,4.0,,,,1727.0,46.0,-225.0,3293.0,-1612.0,0.0,1612.0,1681.0,-322.0,322.0,1359.0,-417.0,,,,942.0,0.0,,,942.0,0.0,942.0,-15.0,0.0,927.0,927.0,,1726.0,0.54,0.54,0.66,1746.0,0.53,0.53,0.65,
03/31/2008,3847.0,1803.0,3205.0,2597.0,608.0,-1402.0,2044.0,-251.0,,,,1736.0,559.0,-485.0,3362.0,-1796.0,0.0,1796.0,1566.0,0.0,0.0,1566.0,-476.0,,,,1090.0,,,,1090.0,,1090.0,-12.0,0.0,1078.0,1078.0,,1731.0,0.62,0.62,0.62,1749.0,0.62,0.62,0.62,
06/30/2008,3844.0,1875.0,3015.0,2472.0,543.0,-1140.0,1969.0,14.0,,,,1842.0,113.0,-596.0,3248.0,-1818.0,0.0,1818.0,1430.0,-77.0,77.0,1353.0,-386.0,,,,967.0,0.0,,,967.0,-17.0,950.0,-22.0,-2.0,926.0,926.0,,1740.0,0.53,0.53,0.56,1755.0,0.53,0.53,0.56,
09/30/2008,3345.0,1933.0,3057.0,2527.0,530.0,-1124.0,1412.0,-411.0,,,,1815.0,8.0,-748.0,2597.0,-1813.0,0.0,1813.0,784.0,0.0,0.0,784.0,-198.0,,,,586.0,0.0,,,586.0,-10.0,576.0,-19.0,0.0,557.0,557.0,0.0,1743.0,0.32,0.32,0.32,1756.0,0.32,0.32,0.32,
12/31/2008,3584.0,2121.0,3141.0,2611.0,530.0,-1020.0,1463.0,-253.0,,,,1655.0,61.0,-1267.0,2317.0,-1960.0,0.0,1960.0,357.0,0.0,0.0,357.0,-27.0,,,,330.0,0.0,,,330.0,0.0,330.0,-89.0,0.0,241.0,241.0,,1754.0,0.15,0.15,0.15,1764.0,0.15,0.15,0.15,
03/31/2009,3835.0,2047.0,2867.0,2370.0,497.0,-820.0,1788.0,-198.0,0.0,-198.0,0.0,1817.0,169.0,-1318.0,2517.0,-1871.0,0.0,1871.0,646.0,0.0,0.0,646.0,-101.0,423.0,-322.0,,545.0,0.0,0.0,0.0,545.0,-16.0,529.0,-100.0,-10.0,419.0,419.0,0.0,1754.0,0.24,0.24,0.24,1760.0,0.24,0.24,0.24,
06/30/2009,4109.0,2054.0,2840.0,2367.0,473.0,-786.0,2055.0,-19.0,0.0,-19.0,0.0,1984.0,90.0,-1395.0,2714.0,-2129.0,0.0,2129.0,585.0,0.0,0.0,585.0,-100.0,346.0,-246.0,0.0,485.0,0.0,0.0,0.0,485.0,-14.0,471.0,-90.0,-160.0,221.0,300.95,79.95,1833.0,0.12,0.12,0.164184,1840.0,0.12,0.12,0.163451,
09/30/2009,4200.0,2107.0,2857.0,2396.0,461.0,-750.0,2093.0,-76.0,,-76.0,0.0,2001.0,168.0,-1456.0,2744.0,-2053.0,0.0,2053.0,691.0,0.0,0.0,691.0,-86.0,394.0,-308.0,,605.0,0.0,0.0,0.0,605.0,-2.0,603.0,-20.0,0.0,583.0,583.0,0.0,1908.0,0.31,0.31,0.31,1917.0,0.3,0.3,0.3,
12/31/2009,4326.0,2310.0,2974.0,2522.0,452.0,-664.0,2016.0,-158.0,0.0,-158.0,0.0,1929.0,245.0,-1388.0,2938.0,-2228.0,0.0,2228.0,710.0,0.0,0.0,710.0,-108.0,-223.0,331.0,,602.0,0.0,0.0,0.0,602.0,,602.0,-22.0,0.0,580.0,580.0,0.0,1908.0,0.3,0.3,0.3,1917.0,0.3,0.3,0.3,
03/31/2010,4270.0,2352.0,2993.0,2539.0,454.0,-641.0,1918.0,-34.0,0.0,-34.0,0.0,1817.0,135.0,-1310.0,2960.0,-2136.0,0.0,2136.0,824.0,0.0,0.0,824.0,-161.0,183.0,-22.0,,663.0,0.0,0.0,0.0,663.0,6.0,669.0,-19.0,-2.0,648.0,648.0,0.0,1910.0,0.34,0.34,0.34,1919.0,0.34,0.34,0.34,
06/30/2010,4467.0,2357.0,2995.0,2554.0,441.0,-638.0,2110.0,-21.0,,-21.0,0.0,1961.0,170.0,-1139.0,3328.0,-2377.0,0.0,2377.0,951.0,0.0,0.0,951.0,-199.0,333.0,-134.0,0.0,752.0,0.0,0.0,0.0,752.0,14.0,766.0,,0.0,766.0,766.0,0.0,1912.0,0.45,0.45,0.45,1921.0,0.45,0.45,0.45,
09/30/2010,4534.0,2424.0,3077.0,2606.0,471.0,-653.0,2110.0,-9.0,0.0,-9.0,0.0,1988.0,131.0,-995.0,3539.0,-2385.0,0.0,2385.0,1154.0,0.0,0.0,1154.0,-260.0,395.0,-135.0,,894.0,0.0,0.0,0.0,894.0,14.0,908.0,-33.0,-4.0,871.0,871.0,0.0,1913.0,0.46,0.46,0.46,1920.0,0.45,0.45,0.45,
12/31/2010,4668.0,2446.0,3093.0,2612.0,481.0,-647.0,2222.0,-14.0,0.0,-14.0,0.0,1941.0,295.0,-912.0,3756.0,-2485.0,0.0,2485.0,1271.0,0.0,0.0,1271.0,-315.0,394.0,-79.0,,956.0,0.0,0.0,0.0,956.0,18.0,974.0,-23.0,0.0,951.0,910.0,-41.0,1914.0,0.5,0.5,0.475444,1922.0,0.49,0.49,0.468668,
03/31/2011,4464.0,2452.0,3100.0,2609.0,491.0,-648.0,2012.0,-5.0,0.0,-5.0,0.0,1813.0,204.0,-755.0,3709.0,-2314.0,0.0,2314.0,1395.0,0.0,0.0,1395.0,-366.0,416.0,-50.0,,1029.0,0.0,0.0,0.0,1029.0,17.0,1046.0,-39.0,-4.0,1003.0,973.1,-29.9,1918.0,0.52,0.52,0.507351,1928.0,0.52,0.52,0.504492,
06/30/2011,4634.0,2488.0,3119.0,2626.0,493.0,-631.0,2146.0,-8.0,0.0,-8.0,0.0,1979.0,175.0,-572.0,4062.0,-2425.0,0.0,2425.0,1637.0,0.0,0.0,1637.0,-458.0,113.0,345.0,,1179.0,0.0,0.0,0.0,1179.0,24.0,1203.0,-30.0,-6.0,1167.0,1167.0,0.0,1921.0,0.61,0.61,0.61,1929.0,0.6,0.6,0.6,
09/30/2011,4737.0,2566.0,3200.0,2688.0,512.0,-634.0,2171.0,-9.0,0.0,-9.0,0.0,1994.0,186.0,-519.0,4218.0,-2476.0,0.0,2476.0,1742.0,0.0,0.0,1742.0,-490.0,535.0,-45.0,0.0,1252.0,0.0,0.0,0.0,1252.0,21.0,1273.0,-30.0,-6.0,1237.0,1237.0,0.0,1915.0,0.65,0.65,0.65,1922.0,0.64,0.64,0.64,
12/31/2011,5048.0,2617.0,3220.0,2696.0,524.0,-603.0,2431.0,-9.0,0.0,-9.0,0.0,1994.0,446.0,-497.0,4551.0,-2696.0,0.0,2696.0,1855.0,0.0,0.0,1855.0,-527.0,29.0,498.0,,1328.0,0.0,0.0,0.0,1328.0,22.0,1350.0,-30.0,-6.0,1314.0,1227.55,-86.45,1904.0,0.69,0.69,0.644722,1911.0,0.69,0.69,0.644722,
03/31/2012,4873.0,2634.0,3232.0,2699.0,533.0,-598.0,2239.0,0.0,0.0,,0.0,2038.0,201.0,-481.0,4392.0,-2560.0,0.0,2560.0,1832.0,0.0,0.0,1832.0,-527.0,454.0,73.0,,1305.0,0.0,0.0,0.0,1305.0,33.0,1338.0,-46.0,-7.0,1285.0,1285.0,0.0,1901.0,0.68,0.68,0.68,1910.0,0.67,0.67,0.67,
06/30/2012,5013.0,2658.0,3228.0,2691.0,537.0,-570.0,2355.0,-19.0,,-19.0,0.0,2177.0,197.0,-470.0,4543.0,-2601.0,0.0,2601.0,1942.0,0.0,0.0,1942.0,-564.0,663.0,-99.0,,1378.0,0.0,0.0,0.0,1378.0,37.0,1415.0,-64.0,-6.0,1345.0,1345.0,0.0,1888.0,0.71,0.71,0.71,1898.0,0.71,0.71,0.71,
09/30/2012,5122.0,2726.0,3227.0,2713.0,514.0,-501.0,2396.0,1.0,,1.0,0.0,2202.0,193.0,-488.0,4634.0,-2609.0,,2609.0,2025.0,0.0,0.0,2025.0,-593.0,538.0,55.0,,1432.0,0.0,0.0,0.0,1432.0,42.0,1474.0,-64.0,-6.0,1404.0,1404.0,0.0,1886.0,0.74,0.74,0.74,1897.0,0.74,0.74,0.74,
12/31/2012,5056.0,2727.0,3196.0,2706.0,490.0,-469.0,2329.0,3.0,0.0,3.0,0.0,2174.0,152.0,-443.0,4613.0,-2686.0,0.0,2686.0,1927.0,0.0,0.0,1927.0,-552.0,532.0,20.0,,1375.0,0.0,0.0,0.0,1375.0,45.0,1420.0,-71.0,0.0,1349.0,1401.0,52.0,1872.0,0.72,0.72,0.748397,1880.0,0.72,0.72,0.74766,
03/31/2013,4818.0,2653.0,3111.0,2629.0,482.0,-458.0,2165.0,5.0,0.0,5.0,0.0,2022.0,138.0,-403.0,4415.0,-2470.0,0.0,2470.0,1945.0,0.0,0.0,1945.0,-558.0,548.0,10.0,,1387.0,0.0,0.0,0.0,1387.0,41.0,1428.0,-64.0,-6.0,1358.0,1358.0,0.0,1858.0,0.73,0.73,0.73,1867.0,0.73,0.73,0.73,
06/30/2013,4892.0,2616.0,3038.0,2592.0,446.0,-422.0,2276.0,6.0,0.0,6.0,0.0,2111.0,159.0,-362.0,4530.0,-2557.0,0.0,2557.0,1973.0,0.0,0.0,1973.0,-529.0,645.0,-116.0,0.0,1444.0,0.0,0.0,0.0,1444.0,40.0,1484.0,-64.0,-15.0,1405.0,1405.0,0.0,1843.0,0.76,0.76,0.76,1853.0,0.76,0.76,0.76,
09/30/2013,4835.0,2658.0,3068.0,2602.0,466.0,-410.0,2177.0,-3.0,0.0,-3.0,0.0,2065.0,115.0,-298.0,4537.0,-2565.0,0.0,2565.0,1972.0,0.0,0.0,1972.0,-542.0,474.0,68.0,0.0,1430.0,0.0,0.0,0.0,1430.0,38.0,1468.0,-61.0,-7.0,1400.0,1400.0,0.0,1832.0,0.76,0.76,0.76,1843.0,0.76,0.76,0.76,
12/31/2013,4833.0,2677.0,3068.0,2628.0,440.0,-391.0,2156.0,1.0,0.0,1.0,0.0,1998.0,157.0,-277.0,4556.0,-2682.0,0.0,2682.0,1874.0,0.0,0.0,1874.0,-403.0,434.0,-31.0,,1471.0,0.0,0.0,0.0,1471.0,-15.0,1456.0,-67.0,0.0,1389.0,1389.0,0.0,1821.0,0.76,0.76,0.76,1832.0,0.76,0.76,0.76,
03/31/2014,4758.0,2650.0,3022.0,2554.0,468.0,-372.0,2108.0,5.0,0.0,5.0,0.0,1927.0,176.0,-306.0,4452.0,-2544.0,0.0,2544.0,1908.0,0.0,0.0,1908.0,-496.0,573.0,-77.0,,1412.0,0.0,0.0,0.0,1412.0,-15.0,1397.0,-60.0,-6.0,1331.0,1331.0,0.0,1818.0,0.73,0.73,0.73,1828.0,0.73,0.73,0.73,
06/30/2014,5133.0,2689.0,3047.0,2562.0,485.0,-358.0,2444.0,0.0,0.0,,0.0,2075.0,369.0,-324.0,4809.0,-2753.0,0.0,2753.0,2056.0,0.0,0.0,2056.0,-547.0,505.0,42.0,,1509.0,0.0,0.0,0.0,1509.0,-14.0,1495.0,-61.0,-7.0,1427.0,1696.1,269.1,1811.0,0.79,0.79,0.936554,1821.0,0.78,0.78,0.927776,
09/30/2014,4934.0,2692.0,3057.0,2545.0,512.0,-365.0,2242.0,-3.0,0.0,-3.0,0.0,2068.0,177.0,-311.0,4623.0,-2614.0,0.0,2614.0,2009.0,0.0,0.0,2009.0,-523.0,524.0,-1.0,,1486.0,0.0,0.0,0.0,1486.0,-15.0,1471.0,-60.0,-6.0,1405.0,1405.0,0.0,1798.0,0.78,0.78,0.78,1807.0,0.78,0.78,0.78,
12/31/2014,5114.0,2744.0,3102.0,2573.0,529.0,-358.0,2370.0,1.0,0.0,1.0,0.0,2051.0,318.0,-288.0,4826.0,-2804.0,0.0,2804.0,2022.0,0.0,0.0,2022.0,-521.0,617.0,-96.0,,1501.0,0.0,0.0,0.0,1501.0,-13.0,1488.0,-68.0,0.0,1420.0,1454.45,34.45,1787.0,0.79,0.79,0.813906,1796.0,0.79,0.79,0.809182,
03/31/2015,4852.0,2698.0,3061.0,2525.0,536.0,-363.0,2154.0,0.0,0.0,,0.0,1955.0,199.0,-264.0,4588.0,-2665.0,0.0,2665.0,1923.0,0.0,0.0,1923.0,-479.0,464.0,15.0,,1444.0,0.0,0.0,0.0,1444.0,-13.0,1431.0,-60.0,-6.0,1365.0,1365.0,0.0,1781.0,0.77,0.77,0.77,1789.0,0.76,0.76,0.76,
06/30/2015,4988.0,2716.0,3068.0,2498.0,570.0,-352.0,2272.0,0.0,0.0,,0.0,2062.0,210.0,-281.0,4707.0,-2682.0,0.0,2682.0,2025.0,0.0,0.0,2025.0,-528.0,515.0,13.0,,1497.0,0.0,0.0,0.0,1497.0,-14.0,1483.0,-66.0,0.0,1417.0,1417.0,0.0,1771.0,0.8,0.8,0.8,1779.0,0.8,0.8,0.8,
09/30/2015,5094.0,2768.0,3117.0,2555.0,562.0,-349.0,2326.0,-1.0,0.0,-1.0,0.0,2098.0,229.0,-282.0,4812.0,-2775.0,0.0,2775.0,2037.0,0.0,0.0,2037.0,-534.0,659.0,-125.0,,1503.0,0.0,0.0,0.0,1503.0,-14.0,1489.0,-62.0,-5.0,1422.0,1422.0,0.0,1758.0,0.81,0.81,0.81,1766.0,0.81,0.81,0.81,
12/31/2015,5159.0,2819.0,3156.0,2617.0,539.0,-337.0,2340.0,1.0,0.0,1.0,0.0,2070.0,269.0,-305.0,4854.0,-2809.0,0.0,2809.0,2045.0,0.0,0.0,2045.0,-556.0,664.0,-108.0,,1489.0,0.0,0.0,0.0,1489.0,-13.0,1476.0,-72.0,0.0,1404.0,1404.0,0.0,1747.0,0.8,0.8,0.8,1754.0,0.8,0.8,0.8,
03/31/2016,4984.0,2835.0,3221.0,2673.0,548.0,-386.0,2149.0,3.0,0.0,3.0,0.0,1962.0,184.0,-330.0,4654.0,-2749.0,0.0,2749.0,1905.0,0.0,0.0,1905.0,-504.0,391.0,113.0,,1401.0,0.0,0.0,0.0,1401.0,-15.0,1386.0,-61.0,4.0,1329.0,1329.0,0.0,1737.0,0.77,0.77,0.77,1743.0,0.76,0.76,0.76,
06/30/2016,5397.0,2845.0,3252.0,2693.0,559.0,-407.0,2552.0,3.0,0.0,3.0,0.0,2163.0,386.0,-327.0,5070.0,-2992.0,0.0,2992.0,2078.0,0.0,0.0,2078.0,-542.0,650.0,-108.0,,1536.0,0.0,0.0,0.0,1536.0,-14.0,1522.0,-79.0,-8.0,1435.0,1435.0,0.0,1725.0,0.83,0.83,0.83,1731.0,0.83,0.83,0.83,
09/30/2016,5338.0,2893.0,3320.0,2762.0,558.0,-427.0,2445.0,10.0,0.0,10.0,0.0,2263.0,172.0,-325.0,5013.0,-2931.0,0.0,2931.0,2082.0,0.0,0.0,2082.0,-566.0,825.0,-259.0,,1516.0,0.0,0.0,0.0,1516.0,-14.0,1502.0,-61.0,-7.0,1434.0,1434.0,0.0,1710.0,0.84,0.84,0.84,1716.0,0.84,0.84,0.84,
12/31/2016,5386.0,2955.0,3374.0,2807.0,567.0,-419.0,2431.0,6.0,0.0,6.0,0.0,2174.0,251.0,-342.0,5044.0,-3004.0,0.0,3004.0,2040.0,0.0,0.0,2040.0,-549.0,1056.0,-507.0,,1491.0,0.0,0.0,0.0,1491.0,-13.0,1478.0,-87.0,0.0,1391.0,1391.0,0.0,1700.0,0.82,0.82,0.82,1705.0,0.82,0.82,0.82,
03/31/2017,5239.0,2980.0,3393.0,2828.0,565.0,-413.0,2259.0,29.0,0.0,29.0,0.0,2050.0,180.0,-345.0,4894.0,-2909.0,0.0,2909.0,1985.0,0.0,0.0,1985.0,-499.0,596.0,-97.0,,1486.0,0.0,0.0,0.0,1486.0,-13.0,1473.0,-69.0,-17.0,1387.0,1387.0,0.0,1694.0,0.82,0.82,0.82,1701.0,0.82,0.82,0.82,
06/30/2017,5397.0,3049.0,3519.0,2935.0,584.0,-470.0,2348.0,9.0,0.0,9.0,0.0,2144.0,195.0,-350.0,5047.0,-2984.0,0.0,2984.0,2063.0,0.0,0.0,2063.0,-551.0,574.0,-23.0,,1512.0,0.0,0.0,0.0,1512.0,-12.0,1500.0,-64.0,-6.0,1430.0,1430.0,0.0,1684.0,0.85,0.85,0.85,1690.0,0.85,0.85,0.85,
09/30/2017,5516.0,3176.0,3704.0,3096.0,608.0,-528.0,2340.0,9.0,0.0,9.0,0.0,2137.0,194.0,-360.0,5156.0,-2998.0,0.0,2998.0,2158.0,0.0,0.0,2158.0,-589.0,508.0,81.0,,1569.0,0.0,0.0,0.0,1569.0,-6.0,1563.0,-71.0,-7.0,1485.0,1485.0,0.0,1672.0,0.89,0.89,0.89,1678.0,0.88,0.88,0.88,
12/31/2017,5545.0,3175.0,3730.0,3111.0,619.0,-555.0,2370.0,10.0,0.0,10.0,0.0,2155.0,205.0,-335.0,5210.0,-3899.0,0.0,3899.0,1311.0,0.0,0.0,1311.0,375.0,609.0,-984.0,,1686.0,0.0,0.0,0.0,1686.0,-4.0,1682.0,-71.0,0.0,1611.0,1611.0,0.0,1659.0,0.97,0.97,0.97,1664.0,0.97,0.97,0.97,
03/31/2018,5440.0,3168.0,3791.0,3145.0,646.0,-623.0,2272.0,5.0,0.0,5.0,0.0,2100.0,167.0,-341.0,5099.0,-3055.0,0.0,3055.0,2044.0,0.0,0.0,2044.0,-362.0,326.0,36.0,,1682.0,0.0,0.0,0.0,1682.0,-7.0,1675.0,-70.0,-8.0,1597.0,1597.0,0.0,1652.0,0.97,0.97,0.97,1657.0,0.96,0.96,0.96,
06/30/2018,5611.0,3197.0,3948.0,3256.0,692.0,-751.0,2414.0,10.0,0.0,10.0,0.0,2197.0,207.0,-327.0,5284.0,-3085.0,0.0,3085.0,2199.0,0.0,0.0,2199.0,-441.0,374.0,67.0,,1758.0,0.0,0.0,0.0,1758.0,-8.0,1750.0,-64.0,-8.0,1678.0,1678.0,0.0,1642.0,1.02,1.02,1.02,1646.0,1.02,1.02,1.02,
09/30/2018,5669.0,3251.0,4123.0,3426.0,697.0,-872.0,2418.0,10.0,0.0,10.0,0.0,2182.0,226.0,-343.0,5326.0,-3044.0,0.0,3044.0,2282.0,0.0,0.0,2282.0,-460.0,526.0,-66.0,,1822.0,0.0,0.0,0.0,1822.0,-7.0,1815.0,-76.0,-7.0,1732.0,1732.0,0.0,1629.0,1.06,1.06,1.06,1633.0,1.06,1.06,1.06,
12/31/2018,5801.0,3303.0,4311.0,3565.0,746.0,-1008.0,2498.0,5.0,0.0,5.0,0.0,2183.0,310.0,-368.0,5433.0,-3280.0,0.0,3280.0,2153.0,0.0,0.0,2153.0,-291.0,456.0,-165.0,,1862.0,0.0,0.0,0.0,1862.0,-6.0,1856.0,-79.0,0.0,1777.0,1735.0,-42.0,1615.0,1.1,1.1,1.074303,1618.0,1.1,1.1,1.074042,
03/31/2019,5550.0,3259.0,4351.0,3621.0,730.0,-1092.0,2291.0,5.0,0.0,5.0,0.0,2039.0,247.0,-377.0,5173.0,-3087.0,0.0,3087.0,2086.0,0.0,0.0,2086.0,-378.0,250.0,128.0,,1708.0,0.0,0.0,0.0,1708.0,-9.0,1699.0,-79.0,-7.0,1613.0,1613.0,0.0,1602.0,1.01,1.01,1.01,1605.0,1.0,1.0,1.0,
06/30/2019,5795.0,3305.0,4451.0,3672.0,779.0,-1146.0,2490.0,17.0,0.0,17.0,0.0,2216.0,257.0,-365.0,5430.0,-3153.0,0.0,3153.0,2277.0,0.0,0.0,2277.0,-449.0,478.0,-29.0,,1828.0,0.0,0.0,0.0,1828.0,-7.0,1821.0,-80.0,0.0,1741.0,1741.0,0.0,1590.0,1.09,1.09,1.09,1592.0,1.09,1.09,1.09,
09/30/2019,5895.0,3281.0,4437.0,3655.0,782.0,-1156.0,2614.0,25.0,0.0,25.0,0.0,2305.0,284.0,-367.0,5528.0,-3144.0,0.0,3144.0,2384.0,0.0,0.0,2384.0,-467.0,554.0,-87.0,,1917.0,0.0,0.0,0.0,1917.0,-9.0,1908.0,-79.0,-8.0,1821.0,1821.0,0.0,1575.0,1.16,1.16,1.16,1578.0,1.15,1.15,1.15,
12/31/2019,5643.0,3207.0,4255.0,3491.0,764.0,-1048.0,2436.0,26.0,0.0,26.0,0.0,2272.0,138.0,-395.0,5248.0,-3401.0,0.0,3401.0,1847.0,0.0,0.0,1847.0,-354.0,259.0,95.0,,1493.0,0.0,0.0,0.0,1493.0,-7.0,1486.0,-78.0,0.0,1408.0,1540.0,132.0,1556.0,0.91,0.91,0.989717,1558.0,0.9,0.9,0.984724,
03/31/2020,5748.0,3223.0,4116.0,3380.0,736.0,-893.0,2525.0,50.0,0.0,50.0,0.0,2255.0,220.0,-993.0,4755.0,-3316.0,0.0,3316.0,1439.0,0.0,0.0,1439.0,-260.0,385.0,-125.0,,1179.0,0.0,0.0,0.0,1179.0,-8.0,1171.0,-78.0,-5.0,1088.0,1088.0,0.0,1518.0,0.72,0.72,0.72,1519.0,0.72,0.72,0.72,
06/30/2020,5814.0,3200.0,3672.0,2990.0,682.0,-472.0,2614.0,81.0,0.0,81.0,0.0,2403.0,130.0,-1737.0,4077.0,-3318.0,0.0,3318.0,759.0,0.0,0.0,759.0,-64.0,840.0,-776.0,,695.0,0.0,0.0,0.0,695.0,-6.0,689.0,-75.0,0.0,614.0,614.0,0.0,1506.0,0.41,0.41,0.41,1507.0,0.41,0.41,0.41,
09/30/2020,5645.737,,,,,,,,,,,,,,,,,,,,,1554.063,,,,,1287.417,,,,,,1287.417,,,1287.417,1232.091,,,0.829,0.829,0.785,,0.829,0.829,0.785,
12/31/2020,5584.0,,,,,,,,,,,,,,,,,,,,,1354.824,,,,,1101.923,,,,,,1101.923,,,1101.923,1079.545,,,0.708,0.708,0.672,,0.708,0.708,0.672,
