Date,Revenue,Sales & Services Revenue,Cost of Revenue,Cost of Goods & Services,Gross Profit,Other Operating Income,Operating Expenses,"Selling, General & Admin",Other Operating Expense,Operating Income (Loss),Non-Operating (Income) Loss,"Interest Expense, Net",Interest Expense,Interest Income,Foreign Exch (Gain) Loss,(Income) Loss from Affiliates,Other Non-Op (Income) Loss,Pretax Income,Income Tax Expense (Benefit),Income (Loss) from Cont Ops,Net Extraordinary Losses (Gains),Discontinued Operations,XO & Accounting Changes,Income (Loss) Incl. MI,Minority Interest,"Net Income, GAAP",Preferred Dividends,Other Adjustments,"Net Income Avail to Common, GAAP","Net Income Avail to Common, Adj",Net Abnormal Losses (Gains),Basic Weighted Avg Shares,"Basic EPS, GAAP",Basic EPS from Cont Ops,"Basic EPS from Cont Ops, Adjusted",Diluted Weighted Avg Shares,"Diluted EPS, GAAP",Diluted EPS from Cont Ops,"Diluted EPS from Cont Ops, Adjusted",Source: Bloomberg
03/31/1990,487,,-380.0,,107.0,,-50.0,,,57,-38.0,,72.0,,,,-34.0,19,-12.0,7.0,-1.0,,,8.0,,8.0,0.0,,8.0,8.0,,1.410036,5.419649,5.032531,,1.410036,5.419649,5.032531,5.032531,
06/30/1990,485,,-368.0,,117.0,,-50.0,,,67,-71.0,,72.0,,,,-1.0,-4,3.0,-1.0,-2.0,,,1.0,,1.0,0.0,,1.0,1.0,,1.426904,0.774235,-0.774235,,1.426904,0.774235,-0.774235,-0.774235,
09/30/1990,490,,-381.0,,109.0,,-49.0,,,60,-73.0,,73.0,,,,0.0,-13,0.0,-13.0,-2.0,,,-11.0,,-11.0,0.0,,-11.0,-11.0,,1.423856,-7.742355,-8.903708,,1.423856,-7.742355,-8.903708,-8.903708,
12/31/1990,453,,-370.0,,83.0,,-54.0,,,29,-91.0,,75.0,,,,16.0,-62,15.0,-47.0,41.0,,,-88.0,,-88.0,0.0,,-88.0,-88.0,,1.423934,-62.325958,-33.679244,,1.423934,-62.325958,-33.679244,-33.679244,
03/31/1991,416,,-336.0,,80.0,,-48.0,,,32,-80.0,,80.0,,,,0.0,-48,13.0,-35.0,1.0,,,-36.0,,-36.0,0.0,,-36.0,-36.0,,1.427499,-25.549773,-24.775535,,1.427499,-25.549773,-24.775535,-24.775535,
06/30/1991,434,,-349.0,,85.0,,-48.0,,,37,-82.0,,83.0,,,,-1.0,-45,14.0,-31.0,18.0,,,-49.0,,-49.0,0.0,,-49.0,-49.0,,1.442042,-34.066362,-21.678594,,1.442042,-34.066362,-21.678594,-21.678594,
09/30/1991,445,,-359.0,,86.0,,-48.0,,,38,-82.0,,86.0,,,,-4.0,-44,12.0,-32.0,1.0,,,-33.0,,-33.0,0.0,,-33.0,-33.0,,1.442404,-22.839946,-22.065711,,1.442404,-22.839946,-22.065711,-22.065711,
12/31/1991,417,,-341.0,,76.0,,-50.0,,,26,-83.0,,84.0,,,,-1.0,-57,14.0,-43.0,0.0,,,-43.0,,-43.0,0.0,,-43.0,-43.0,,1.442236,-30.195183,-30.195183,,1.442236,-30.195183,-30.195183,-30.195183,
03/31/1992,426,,-355.0,,71.0,,-51.0,,,20,-81.0,,85.0,,,,-4.0,-61,11.0,-50.0,0.0,,,-50.0,,-50.0,0.0,,-50.0,-50.0,,1.441034,-34.453479,-34.453479,,1.441034,-34.453479,-34.453479,-34.453479,
06/30/1992,441,,-360.0,,81.0,,-53.0,,,28,-85.0,,87.0,,,,-2.0,-57,9.0,-48.0,0.0,,,-48.0,,-48.0,0.0,,-48.0,-48.0,,1.440673,-33.679244,-33.679244,,1.440673,-33.679244,-33.679244,-33.679244,
09/30/1992,474,,-380.0,,94.0,,-55.0,,,39,-79.0,,81.0,,,,-2.0,-40,7.0,-33.0,0.0,,,-33.0,,-33.0,0.0,,-33.0,-33.0,,1.441138,-22.839946,-22.839946,,1.441138,-22.839946,-22.839946,-22.839946,
12/31/1992,436,,-365.0,,71.0,,-59.0,,,12,-78.0,,81.0,,,,-3.0,-66,6.0,-60.0,0.0,,,-60.0,,-60.0,0.0,,-60.0,-60.0,,1.44044,-41.421601,-41.421601,,1.44044,-41.421601,-41.421601,-41.421601,
03/31/1993,436,,-357.0,,79.0,,-52.0,,,27,-149.0,,75.0,,,,74.0,-122,-7.0,-129.0,150.0,,,-279.0,,-279.0,0.0,,-279.0,-279.0,,1.440259,-193.946002,-89.811315,,1.440259,-193.946002,-89.811315,-89.811315,
06/30/1993,470,,-377.0,,93.0,,-83.0,,,10,749.0,,33.0,,,,-782.0,759,-11.0,748.0,-944.0,,,1692.0,,1692.0,0.0,,1692.0,1692.0,,,,,,,,,,
09/30/1993,514,,-409.0,,105.0,,-99.0,,,6,-28.0,,34.0,,,,-6.0,-22,-3.0,-25.0,0.0,,,-25.0,,-25.0,0.0,,-25.0,-25.0,,47.99186,-0.510995,-0.510995,,47.99186,-0.510995,-0.510995,-0.510995,
12/31/1993,496,,-401.0,,95.0,,-99.0,,,-4,-33.0,,36.0,,,,-3.0,-37,-25.0,-62.0,21.0,,,-83.0,0.0,-83.0,0.0,0.0,-83.0,-83.0,,47.991859,-1.726545,-1.285231,-1.285231,47.991859,-1.726545,-1.285231,-1.285231,
03/31/1994,506,,-396.0,,110.0,,-99.0,,,11,-35.0,,37.0,,,,-2.0,-24,-10.0,-34.0,0.0,,,-34.0,0.0,-34.0,0.0,,-34.0,-34.0,,50.545343,-0.673585,-0.673585,,50.545343,-0.673585,-0.673585,-0.673585,
06/30/1994,562,,-429.0,,133.0,,-101.0,,,32,-32.0,,33.0,,,,-1.0,0,-17.0,-17.0,0.0,,,-17.0,0.0,-17.0,0.0,,-17.0,-17.0,,58.196761,-0.294209,-0.294209,,58.196761,-0.294209,-0.294209,-0.294209,
09/30/1994,621,,-468.0,,153.0,,-106.0,,,47,-29.0,,33.0,,,,-4.0,18,-24.0,-6.0,0.0,,,-6.0,0.0,-6.0,0.0,,-6.0,-6.0,,58.205803,-0.100651,-0.100651,,58.205803,-0.100651,-0.100651,-0.100651,
12/31/1994,601,,-480.0,,121.0,,-107.0,,,14,-46.0,,46.0,,,,0.0,-32,-3.0,-35.0,0.0,,,-35.0,0.0,-35.0,0.0,0.0,-35.0,-35.0,,58.229053,-0.611646,-0.611646,-0.611646,58.229053,-0.611646,-0.611646,-0.611646,
03/31/1995,598,,-446.0,,152.0,,-102.0,,,50,-25.0,,27.0,,,,-2.0,25,-27.0,-2.0,0.0,,,-2.0,0.0,-2.0,0.0,,-2.0,-2.0,,58.232926,-0.038712,-0.038712,,58.232926,-0.038712,-0.038712,-0.038712,
06/30/1995,615,,-466.0,,149.0,,-102.0,,,47,-24.0,,25.0,,,,-1.0,23,-26.0,-3.0,0.0,,,-3.0,0.0,-3.0,0.0,,-3.0,-3.0,,58.235513,-0.054196,-0.054196,,58.235513,-0.054196,-0.054196,-0.054196,
09/30/1995,629,,-477.0,,152.0,,-104.0,,,48,-24.0,,25.0,,,,-1.0,24,-26.0,-2.0,0.0,,,-2.0,0.0,-2.0,0.0,,-2.0,-2.0,,58.261345,-0.030969,-0.030969,,58.261345,-0.030969,-0.030969,-0.030969,
12/31/1995,602,,-452.0,,150.0,,-105.0,,,45,-52.0,,22.0,,,,30.0,-7,-18.0,-25.0,0.0,,,-25.0,0.0,-25.0,0.0,0.0,-25.0,-25.0,,58.368548,-0.42583,-0.42583,-0.42583,58.368548,-0.42583,-0.42583,-0.42583,
03/31/1996,602,,-471.0,,131.0,,-109.0,,,22,-19.0,,19.0,,,,0.0,3,-18.0,-15.0,0.0,,,-15.0,0.0,-15.0,0.0,,-15.0,-15.0,,58.684988,-0.247755,-0.247755,0.480026,59.719555,-0.247755,-0.247755,0.472284,
06/30/1996,642,,-482.0,,160.0,,-107.0,,,53,-20.0,,20.0,,,,0.0,33,-29.0,4.0,0.0,,,4.0,0.0,4.0,0.0,,4.0,4.0,,58.775399,0.069681,0.069681,0.797463,61.031816,0.069681,0.069681,0.774235,
09/30/1996,678,,-499.0,,179.0,,-112.0,,,67,-18.0,,18.0,,,,0.0,49,-36.0,13.0,0.0,,,13.0,0.0,13.0,0.0,,13.0,13.0,,58.830937,0.209044,0.209044,0.936825,62.403492,0.201301,0.201301,0.890371,
12/31/1996,668,,-493.0,,175.0,,-109.0,,,66,-19.0,,18.0,,,,1.0,47,-34.0,13.0,0.0,,,13.0,0.0,13.0,0.0,0.0,13.0,13.0,,59.010469,0.216786,0.216786,0.92134,61.624663,0.201301,0.201301,0.890371,
03/31/1997,673,,-496.0,,177.0,,-108.0,,,69,-17.0,,17.0,,,,0.0,52,-37.0,15.0,0.0,,,15.0,0.0,15.0,0.0,,15.0,15.0,,59.3437,0.255498,0.255498,0.960052,62.276916,0.247755,0.247755,0.929083,
06/30/1997,723,,-521.0,,202.0,,-114.0,,,88,-16.0,,16.0,,,,0.0,72,-45.0,27.0,0.0,,,27.0,0.0,27.0,0.0,,27.0,27.0,,59.533564,0.441314,0.441314,1.145869,62.329872,0.42583,0.42583,1.099414,
09/30/1997,757,,-547.0,,210.0,,-113.0,,,97,-15.0,,16.0,,,,-1.0,82,-48.0,34.0,0.0,,,34.0,0.0,34.0,0.0,,34.0,34.0,,59.91846,0.572934,0.572934,1.292973,63.171993,0.541965,0.541965,1.21555,
12/31/1997,721,,-523.0,,198.0,,-73.0,,,125,-11.0,,11.0,,0.0,,0.0,114,-42.0,72.0,0.0,,,72.0,0.0,72.0,0.0,,72.0,72.0,,60.227154,1.18458,1.18458,1.18458,63.620178,1.122641,1.122641,1.122641,
03/31/1998,735,,-539.0,,196.0,,-72.0,,,124,-14.0,,13.0,,,,1.0,110,-43.0,67.0,0.0,,,67.0,0.0,67.0,0.0,,67.0,67.0,,60.867784,1.099414,1.099414,1.099414,64.214311,1.045218,1.045218,1.045218,
06/30/1998,775,,-554.0,,221.0,,-74.0,,,147,-13.0,,13.0,,,,0.0,134,-52.0,82.0,0.0,,,82.0,0.0,82.0,0.0,,82.0,82.0,,62.778056,1.300716,1.300716,1.300716,64.960853,1.262004,1.262004,1.262004,
09/30/1998,814,,-581.0,,233.0,,-75.0,,,158,-12.0,,13.0,,,,-1.0,146,-55.0,91.0,0.0,,,91.0,0.0,91.0,0.0,,91.0,91.0,,64.166523,1.416851,1.416851,1.416851,65.270838,1.393624,1.393624,1.393624,
12/31/1998,806,,-572.0,,234.0,,-78.0,,,156,-12.0,,14.0,,,,-2.0,144,-52.0,92.0,0.0,,,92.0,0.0,92.0,0.0,,92.0,92.0,,64.045111,1.432336,1.432336,1.432336,64.993144,1.416851,1.416851,1.416851,
03/31/1999,873,,-642.0,,231.0,,-77.0,,,154,-13.0,,13.0,,,,0.0,141,-55.0,86.0,0.0,,,86.0,0.0,86.0,0.0,0.0,86.0,86.0,,64.180733,1.339427,1.339427,1.339427,65.033187,1.323943,1.323943,1.323943,
06/30/1999,949,,-684.0,,265.0,,-82.0,,,183,-12.0,,14.0,,,,-2.0,171,-67.0,104.0,0.0,,,104.0,0.0,104.0,0.0,0.0,104.0,104.0,,64.427425,1.618152,1.618152,1.618152,65.219173,1.602667,1.602667,1.602667,
09/30/1999,1006,,-723.0,,283.0,,-85.0,,,198,-11.0,,13.0,,,,-2.0,187,-71.0,116.0,0.0,,,116.0,0.0,116.0,0.0,0.0,116.0,116.0,,64.094194,1.811711,1.811711,2.020755,64.794239,1.796226,1.796226,2.00527,
12/31/1999,982,,-693.0,,289.0,,-94.0,,,195,-10.0,,13.0,,,,-3.0,185,-70.0,115.0,0.0,,,115.0,0.0,115.0,0.0,0.0,115.0,115.0,,63.360566,1.811711,1.811711,1.811711,63.932745,1.796226,1.796226,1.796226,
03/31/2000,989,,-721.0,,268.0,,-84.0,,,184,-11.0,,12.0,,,,-1.0,173,-67.0,106.0,0.0,,,106.0,0.0,106.0,0.0,0.0,106.0,106.0,,62.174881,1.695576,1.695576,1.695576,62.49778,1.687833,1.687833,1.687833,
06/30/2000,995,,-751.0,,244.0,,-79.0,,,165,-12.0,,13.0,,,,-1.0,153,-60.0,93.0,0.0,,,93.0,0.0,93.0,0.0,0.0,93.0,93.0,,58.808982,1.594925,1.594925,1.594925,59.200333,1.57944,1.57944,1.57944,
09/30/2000,956,,-761.0,,195.0,,-73.0,,,122,-15.0,,13.0,,,,2.0,107,-42.0,65.0,0.0,,,65.0,0.0,65.0,0.0,0.0,65.0,65.0,,56.764384,1.145869,1.145869,1.145869,56.941329,1.145869,1.145869,1.145869,
12/31/2000,841,,-708.0,,133.0,,-73.0,,,60,-913.0,,14.0,,,,899.0,-853,330.0,-523.0,0.0,,,-523.0,0.0,-523.0,0.0,0.0,-523.0,-523.0,,56.05142,-9.329538,-9.329538,0.603904,56.122458,-9.329538,-9.329538,0.603904,
03/31/2001,826,,-726.0,,100.0,,-68.0,,,32,-14.0,,14.0,-1.0,,,1.0,18,-7.0,11.0,0.0,,,11.0,0.0,11.0,0.0,0.0,11.0,11.0,,56.063043,0.193559,0.193559,0.193559,56.1315,0.193559,0.193559,0.193559,
06/30/2001,806,,-736.0,,70.0,,-65.0,,,5,-23.0,,16.0,-2.0,,,9.0,-18,5.0,-13.0,0.0,,,-13.0,0.0,-13.0,0.0,0.0,-13.0,-13.0,,56.095335,-0.224528,-0.224528,-0.108393,56.095335,-0.224528,-0.224528,-0.108393,
09/30/2001,842,,-734.0,,108.0,,-69.0,,,39,8.0,,1.0,-1.0,,,-8.0,47,-20.0,27.0,0.0,,,27.0,0.0,27.0,0.0,0.0,27.0,27.0,,56.13279,0.472284,0.472284,0.348406,56.13279,0.472284,0.472284,0.348406,
12/31/2001,822,,-686.0,,136.0,,-77.0,,,59,-54.0,,2.0,-1.0,,,53.0,5,-14.0,-9.0,0.0,,,-9.0,0.0,-9.0,0.0,0.0,-9.0,-9.0,,56.1315,-0.162589,-0.162589,0.456799,56.1315,-0.162589,-0.162589,0.456799,
03/31/2002,829,,-697.0,,132.0,,-82.0,,,50,-3.0,,1.0,-1.0,,,3.0,47,-21.0,26.0,96.0,,,-70.0,0.0,-70.0,0.0,0.0,-70.0,-70.0,,55.995883,-1.254262,0.464541,0.487768,55.995883,-1.254262,0.464541,0.487768,
06/30/2002,885,,-718.0,,167.0,,-80.0,,,87,-6.0,,2.0,-1.0,,,5.0,81,-33.0,48.0,0.0,,,48.0,0.0,48.0,0.0,0.0,48.0,48.0,,55.862847,0.859401,0.859401,0.936825,55.862847,0.859401,0.859401,0.936825,
09/30/2002,903,,-749.0,,154.0,,-76.0,,,78,-3.0,,1.0,-1.0,,,3.0,75,-31.0,44.0,0.0,,,44.0,0.0,44.0,0.0,0.0,44.0,44.0,,55.862847,0.797463,0.797463,0.828432,55.862847,0.797463,0.797463,0.828432,
12/31/2002,851,,-720.0,,131.0,,-74.0,,,57,-4.0,,4.0,-1.0,,,1.0,53,-32.0,21.0,0.0,,,21.0,0.0,21.0,0.0,0.0,21.0,21.0,,55.858975,0.379375,0.379375,0.402602,55.858975,0.379375,0.379375,0.402602,
03/31/2003,862,,-745.0,,117.0,,-80.0,,,37,-2.0,,1.0,-1.0,,,2.0,35,-13.0,22.0,16.0,,,6.0,0.0,6.0,0.0,0.0,6.0,6.0,,55.716898,0.100651,0.387118,0.410345,55.716898,0.100651,0.387118,0.410345,
06/30/2003,914,,-780.0,,134.0,,-81.0,,,53,1.0,,2.0,-1.0,,,-2.0,54,-23.0,31.0,0.0,,,31.0,0.0,31.0,0.0,0.0,31.0,31.0,,55.598072,0.565192,0.565192,0.596161,55.598072,0.565192,0.565192,0.596161,
09/30/2003,963,,-816.0,,147.0,,-78.0,,,69,-3.0,,2.0,-1.0,,,2.0,66,-27.0,39.0,0.0,,,39.0,0.0,39.0,0.0,0.0,39.0,39.0,,55.607114,0.68907,0.68907,0.712297,55.608404,0.68907,0.68907,0.712297,
12/31/2003,927,,-780.0,,147.0,,-85.0,,,62,0.0,,1.0,-1.0,,,0.0,62,-16.0,46.0,0.0,,,46.0,0.0,46.0,0.0,0.0,46.0,46.0,,55.603236,0.828432,0.828432,0.874886,55.604527,0.828432,0.828432,0.874886,
03/31/2004,1020,,-849.0,,171.0,,-77.0,,,94,-4.0,,1.0,-1.0,,,4.0,90,-33.0,57.0,0.0,,,57.0,0.0,57.0,0.0,0.0,57.0,57.0,,55.568362,1.029733,1.029733,1.05296,55.569653,1.029733,1.029733,1.05296,
06/30/2004,1145,,-929.0,,216.0,,-79.0,,,137,-5.0,,1.0,-1.0,,,5.0,132,-52.0,80.0,0.0,,,80.0,0.0,80.0,0.0,0.0,80.0,80.0,,55.560612,1.440078,1.440078,1.486532,55.561908,1.440078,1.440078,1.486532,
09/30/2004,1175,,-941.0,,234.0,,-82.0,,,152,-4.0,,2.0,-2.0,,,4.0,148,-58.0,90.0,0.0,,,90.0,0.0,90.0,0.0,0.0,90.0,90.0,,55.560612,1.625894,1.625894,1.672349,55.561908,1.625894,1.625894,1.672349,
12/31/2004,1169,,-953.0,,216.0,,-79.0,,,137,2.0,,1.0,-2.0,,,-1.0,139,-54.0,85.0,0.0,,,85.0,0.0,85.0,0.0,0.0,85.0,85.0,,55.658776,1.532986,1.532986,1.556213,55.844766,1.525244,1.525244,1.548471,
03/31/2005,1173,,-959.0,,214.0,,-89.0,,,125,0.0,-1.0,1.0,-2.0,,,1.0,125,-48.0,77.0,,,,77.0,,77.0,,,77.0,77.0,,55.96102,1.370397,1.370397,1.378139,56.192976,1.370397,1.370397,1.378139,
06/30/2005,1287,,-1020.0,,267.0,,-87.0,,,180,0.0,,2.0,-2.0,,,0.0,180,-70.0,110.0,,,,110.0,,110.0,,,110.0,110.0,,56.164313,1.974301,1.974301,1.966558,56.539172,1.958816,1.958816,1.951073,
09/30/2005,1344,,-1043.0,,301.0,,-88.0,,,213,0.0,,1.0,-3.0,,,2.0,213,-55.0,158.0,0.0,,,158.0,0.0,158.0,0.0,0.0,158.0,158.0,,56.802855,2.771763,2.771763,2.79499,56.982283,2.764021,2.764021,2.787248,
12/31/2005,1335,,-1015.0,,320.0,,-88.0,,,232,-3099.0,,1.0,-3.0,,,3101.0,-2867,1097.0,-1770.0,11.0,,,-1781.0,0.0,-1781.0,0.0,0.0,-1781.0,-1781.0,,57.602805,-30.922965,-30.729406,2.872414,57.602805,-30.922965,-30.729406,2.872414,
03/31/2006,1465,,-1108.0,,357.0,,-99.0,,,258,-485.0,,486.0,-3.0,,,2.0,-227,86.0,-141.0,0.0,,,-141.0,0.0,-141.0,0.0,0.0,-141.0,-141.0,,57.771956,-2.438842,-2.438842,2.771763,57.771956,-2.438842,-2.438842,2.771763,
06/30/2006,1573,,-1173.0,,400.0,,-103.0,103.0,0.0,297,-12.0,33.0,37.0,-4.0,,,-21.0,285,-109.0,176.0,,,,176.0,,176.0,,,176.0,176.0,,57.94051,3.027261,3.708588,3.166623,58.036089,3.027261,3.708588,3.166623,
09/30/2006,1478,,-1132.0,,346.0,,-103.0,103.0,0.0,243,17.0,,16.0,-16.0,,,-17.0,260,-107.0,153.0,0.0,,,153.0,0.0,153.0,0.0,0.0,153.0,153.0,,89.849113,1.71,1.71,1.67,89.907433,1.71,1.71,1.67,
12/31/2006,1294,,-1027.0,,267.0,,-80.0,,,187,-29.0,,16.0,-20.0,,,33.0,158,-58.0,100.0,0.0,,,100.0,0.0,100.0,0.0,0.0,100.0,100.0,,89.860001,1.11,1.11,1.11,90.080002,1.11,1.11,1.11,
03/31/2007,1259,,-1047.0,,212.0,,-117.0,117.0,0.0,95,-36.0,36.0,44.0,-8.0,,,0.0,59,-18.0,41.0,0.0,,,41.0,0.0,41.0,0.0,0.0,41.0,41.0,,91.376175,0.45,0.45,0.45,91.664894,0.45,0.45,0.45,
06/30/2007,1408,,-1206.0,,202.0,,-99.0,99.0,0.0,103,-27.0,14.0,19.0,-5.0,,,13.0,76,-20.0,56.0,0.0,,,56.0,0.0,56.0,0.0,0.0,56.0,56.0,,98.933441,0.56,0.56,0.65,99.285126,0.56,0.56,0.65,
09/30/2007,1335,,-1217.0,,118.0,,-90.0,90.0,0.0,28,-18.0,17.0,22.0,-5.0,,,1.0,10,-3.0,7.0,0.0,,,7.0,0.0,7.0,0.0,0.0,7.0,7.0,,98.998337,0.07,0.07,0.19,99.214638,0.07,0.07,0.19,
12/31/2007,1200,,-1139.0,,61.0,,-102.0,408.0,-306.0,-41,-24.0,83.0,20.0,-4.0,,,8.0,-65,33.0,-32.0,0.0,,,-32.0,0.0,-32.0,0.0,0.0,-32.0,-32.0,,99.045373,-0.32,-0.32,-0.27,99.045373,-0.32,-0.32,-0.27,
03/31/2008,1165,,-1119.0,,46.0,,-102.0,102.0,0.0,-56,-18.0,15.0,17.0,-2.0,,,3.0,-74,33.0,-41.0,0.0,,,-41.0,0.0,-41.0,0.0,0.0,-41.0,-41.0,,99.057624,-0.42,-0.42,-0.42,99.057624,-0.42,-0.42,-0.42,
06/30/2008,1251,,-1175.0,,76.0,,-94.0,94.0,0.0,-18,-41.0,20.0,21.0,-1.0,,,21.0,-59,22.0,-37.0,0.0,,,-37.0,0.0,-37.0,0.0,0.0,-37.0,-37.0,,99.071435,-0.37,-0.37,-0.23,99.071435,-0.37,-0.37,-0.23,
09/30/2008,1211,,-1147.0,,64.0,,-91.0,91.0,0.0,-27,-27.0,19.0,21.0,-2.0,,,8.0,-54,18.0,-36.0,0.0,,,-36.0,0.0,-36.0,0.0,0.0,-36.0,-36.0,,99.114947,-0.36,-0.36,-0.33,99.114947,-0.36,-0.36,-0.33,
12/31/2008,981,,-957.0,,24.0,,-93.0,93.0,0.0,-69,-307.0,79.0,27.0,-2.0,,,282.0,-376,38.0,-338.0,0.0,,,-338.0,0.0,-172.0,0.0,0.0,-172.0,-172.0,219.0,99.155994,-3.41,-1.74,-0.44,99.155994,-1.74,-1.74,0.47,
03/31/2009,864,864.0,-816.0,816.0,48.0,0.0,-90.0,80.0,10.0,-42,-32.0,,42.0,,,,-10.0,-74,32.0,-42.0,0.0,0.0,0.0,-42.0,0.0,-42.0,0.0,0.0,-42.0,-35.0,7.0,99.19083,-0.42,-0.42,-0.352855,99.19083,-0.42,-0.42,-0.352855,
06/30/2009,829,829.0,-778.0,778.0,51.0,0.0,-91.0,72.0,19.0,-40,-36.0,35.0,36.0,-1.0,,,1.0,-76,23.0,-53.0,0.0,0.0,0.0,-53.0,0.0,-53.0,0.0,0.0,-53.0,-41.0,12.0,99.213367,-0.53,-0.53,-0.413251,99.213367,-0.53,-0.53,-0.413251,
09/30/2009,822,822.0,-784.0,784.0,38.0,0.0,-130.0,67.0,63.0,-92,-39.0,40.0,42.0,-2.0,,,-1.0,-131,37.0,-94.0,0.0,0.0,0.0,-94.0,0.0,-94.0,0.0,0.0,-94.0,-51.0,43.0,99.254483,-0.96,-0.96,-0.513831,99.254483,-0.96,-0.96,-0.52677,
12/31/2009,720,720.0,-712.0,712.0,8.0,0.0,-19.0,85.0,-66.0,-11,-45.0,44.0,45.0,-1.0,,,1.0,-56,-542.0,-598.0,0.0,0.0,0.0,-598.0,0.0,-598.0,0.0,0.0,-598.0,-89.0,509.0,99.29492,-6.02,-6.02,-0.89632,99.29492,-6.02,-6.02,-0.89632,
03/31/2010,716,716.0,-702.0,702.0,14.0,0.0,-96.0,84.0,12.0,-82,-45.0,44.0,45.0,-1.0,,,1.0,-127,17.0,-110.0,0.0,0.0,0.0,-110.0,0.0,-110.0,0.0,0.0,-110.0,-98.0,12.0,99.385442,-1.1,-1.1,-0.98606,99.385442,-1.1,-1.1,-0.98606,
06/30/2010,769,769.0,-714.0,714.0,55.0,0.0,-80.0,73.0,7.0,-25,-42.0,43.0,44.0,-1.0,,,-1.0,-67,-7.0,-74.0,0.0,0.0,0.0,-74.0,0.0,-74.0,0.0,0.0,-74.0,-67.0,7.0,99.519512,-0.74,-0.74,-0.673235,99.519512,-0.74,-0.74,-0.673235,
09/30/2010,758,758.0,-707.0,707.0,51.0,0.0,-109.0,74.0,35.0,-58,-44.0,44.0,45.0,-1.0,,,0.0,-102,2.0,-100.0,0.0,0.0,0.0,-100.0,0.0,-100.0,0.0,0.0,-100.0,-65.0,35.0,100.108673,-1.0,-1.0,-0.649294,100.108673,-1.0,-1.0,-0.65038,
12/31/2010,696,696.0,-652.0,652.0,44.0,0.0,-139.0,83.0,56.0,-95,-48.0,47.0,49.0,-2.0,,,1.0,-143,22.0,-121.0,0.0,0.0,0.0,-121.0,0.0,-121.0,0.0,0.0,-121.0,-70.0,51.0,102.872914,-1.17,-1.17,-0.680451,102.872914,-1.17,-1.17,-0.680451,
03/31/2011,721,721.0,-685.0,685.0,36.0,0.0,-94.0,85.0,9.0,-58,-50.0,50.0,52.0,-2.0,,,0.0,-108,3.0,-105.0,0.0,0.0,0.0,-105.0,0.0,-105.0,0.0,0.0,-105.0,-99.15,5.85,103.021407,-1.01,-1.01,-0.962421,103.021407,-1.01,-1.01,-0.962421,
06/30/2011,761,761.0,-708.0,708.0,53.0,0.0,-74.0,72.0,2.0,-21,-48.0,50.0,52.0,-2.0,,,-2.0,-69,-1.0,-70.0,0.0,0.0,0.0,-70.0,0.0,-70.0,0.0,0.0,-70.0,-68.7,1.3,103.550643,-0.69,-0.69,-0.663443,103.550643,-0.69,-0.69,-0.677446,
09/30/2011,763,763.0,-717.0,717.0,46.0,0.0,-125.0,66.0,59.0,-79,-53.0,53.0,54.0,-1.0,,,0.0,-132,15.0,-117.0,-2.0,-2.0,0.0,-115.0,0.0,-115.0,0.0,0.0,-115.0,-78.65,38.35,105.304781,-1.09,-1.11,-0.74688,105.304781,-1.09,-1.11,-0.74688,
12/31/2011,726,726.0,-688.0,688.0,38.0,0.0,-81.0,76.0,5.0,-43,-52.0,52.0,53.0,-1.0,,,0.0,-95,-5.0,-100.0,0.0,0.0,0.0,-100.0,0.0,-100.0,0.0,0.0,-100.0,-61.55,38.45,105.361746,-0.95,-0.95,-0.584178,105.361746,-0.95,-0.95,-0.585067,
03/31/2012,783,783.0,-681.0,681.0,102.0,0.0,-78.0,76.0,2.0,24,-52.0,51.0,52.0,-1.0,,,1.0,-28,-1.0,-29.0,-2.0,-2.0,0.0,-27.0,0.0,-27.0,0.0,0.0,-27.0,-27.0,2.0,105.718156,-0.26,-0.28,-0.255396,105.718156,-0.26,-0.28,-0.261082,
06/30/2012,798,798.0,-696.0,696.0,102.0,0.0,-74.0,74.0,0.0,28,-90.0,51.0,52.0,-1.0,,,39.0,-62,3.0,-59.0,-2.0,-2.0,0.0,-57.0,,-57.0,0.0,0.0,-57.0,-7.6,51.4,106.089602,-0.53,-0.55,-0.071638,106.089602,-0.53,-0.55,-0.071638,
09/30/2012,828,828.0,-722.0,722.0,106.0,0.0,-77.0,74.0,3.0,29,-48.0,49.0,50.0,-1.0,,,-1.0,-19,-11.0,-30.0,-1.0,-1.0,0.0,-29.0,,-29.0,0.0,0.0,-29.0,-28.05,1.95,107.380328,-0.28,-0.29,-0.261221,107.380328,-0.28,-0.29,-0.27184,
12/31/2012,815,815.0,-730.0,730.0,85.0,0.0,-93.0,80.0,13.0,-8,-53.0,51.0,52.0,-1.0,,,2.0,-61,-3.0,-64.0,-52.0,-52.0,0.0,-12.0,-1.0,-13.0,0.0,0.0,-13.0,-56.55,8.45,107.791758,-0.11,-0.59,-0.524623,107.791758,-0.11,-0.59,-0.524623,
03/31/2013,814,814.0,-690.0,690.0,124.0,0.0,-75.0,73.0,2.0,49,-50.0,49.0,50.0,-1.0,,,1.0,-1,3.0,2.0,0.0,0.0,0.0,2.0,,2.0,0.0,0.0,2.0,4.0,2.0,108.390706,0.02,0.02,0.036904,111.332621,0.02,0.02,0.036904,
06/30/2013,916,916.0,-765.0,765.0,151.0,0.0,-77.0,76.0,1.0,74,-47.0,49.0,50.0,-1.0,,,-2.0,27,-2.0,25.0,0.0,0.0,0.0,25.0,,25.0,0.0,0.0,25.0,26.0,1.0,108.544752,0.23,0.23,0.239533,111.047951,0.22,0.22,0.229005,
09/30/2013,925,925.0,-770.0,770.0,155.0,0.0,-80.0,80.0,0.0,75,-49.0,50.0,51.0,-1.0,,,-1.0,26,-2.0,24.0,1.0,1.0,0.0,23.0,,23.0,0.0,0.0,23.0,24.0,0.0,108.608086,0.22,0.23,0.23,111.008421,0.21,0.22,0.22,
12/31/2013,915,915.0,-764.0,764.0,151.0,0.0,-91.0,91.0,0.0,60,-53.0,52.0,52.0,0.0,,,1.0,7,-10.0,-3.0,1.0,1.0,0.0,-4.0,1.0,-3.0,0.0,0.0,-3.0,-2.0,0.0,113.536253,-0.03,-0.02,-0.02,113.536253,-0.03,-0.02,-0.02,
03/31/2014,850,850.0,-707.0,707.0,143.0,0.0,-77.0,77.0,0.0,66,-16.0,46.0,47.0,-1.0,,-3.0,-27.0,50,-5.0,45.0,0.0,0.0,0.0,45.0,,45.0,0.0,0.0,45.0,19.0,-26.0,137.765694,0.33,0.33,0.137915,146.920819,0.32,0.32,0.137915,
06/30/2014,948,948.0,-773.0,773.0,175.0,0.0,-77.0,77.0,0.0,98,-40.0,45.0,45.0,0.0,,-5.0,0.0,58,0.0,58.0,1.0,1.0,0.0,57.0,,57.0,0.0,0.0,57.0,48.0,-10.0,144.500682,0.39,0.4,0.332178,147.024196,0.38,0.39,0.321984,
09/30/2014,972,972.0,-796.0,796.0,176.0,0.0,-154.0,76.0,78.0,22,-31.0,43.0,43.0,0.0,,-12.0,0.0,-9,-2.0,-11.0,0.0,0.0,0.0,-11.0,-1.0,-12.0,0.0,0.0,-12.0,39.4,51.4,144.646284,-0.09,-0.09,0.272389,144.646284,-0.09,-0.09,0.26535,
12/31/2014,954,954.0,-794.0,794.0,160.0,0.0,-184.0,109.0,75.0,-24,-29.0,44.0,44.0,0.0,,-15.0,0.0,-53,0.0,-53.0,0.0,0.0,0.0,-53.0,0.0,-53.0,0.0,0.0,-53.0,22.0,75.0,144.837591,-0.36,-0.36,0.151894,144.837591,-0.36,-0.36,0.151894,
03/31/2015,909,909.0,-756.0,756.0,153.0,0.0,-77.0,77.0,0.0,76,-54.0,42.0,43.0,-1.0,,-8.0,20.0,22,2.0,24.0,0.0,0.0,0.0,24.0,,24.0,0.0,0.0,24.0,39.0,15.0,145.381269,0.16,0.16,0.26826,147.176197,0.16,0.16,0.261919,
06/30/2015,970,970.0,-787.0,787.0,183.0,0.0,-78.0,79.0,-1.0,105,-25.0,40.0,40.0,0.0,,-14.0,-1.0,80,-1.0,79.0,0.0,0.0,0.0,79.0,,79.0,0.0,0.0,79.0,78.0,-1.0,145.424853,0.54,0.54,0.536359,146.990178,0.54,0.54,0.53,
09/30/2015,747,747.0,-578.0,578.0,169.0,0.0,-75.0,75.0,0.0,94,-27.0,40.0,40.0,0.0,,-13.0,0.0,67,1.0,68.0,-8.0,-8.0,0.0,76.0,0.0,76.0,0.0,0.0,76.0,68.65,0.65,145.569692,0.52,0.46,0.471595,147.534779,0.52,0.46,0.464406,
12/31/2015,718,718.0,-553.0,553.0,165.0,0.0,-71.0,77.0,-6.0,94,-13.0,39.0,40.0,-1.0,,-15.0,-11.0,81,738.0,819.0,7.0,7.0,0.0,812.0,0.0,812.0,0.0,0.0,812.0,69.0,-750.0,145.672636,5.574142,5.622195,0.473665,147.263303,5.513933,5.561467,0.468549,
03/31/2016,747,747.0,-566.0,566.0,181.0,3.0,-68.0,68.0,0.0,116,-30.0,38.0,40.0,-2.0,,-7.0,-1.0,86,-26.0,60.0,-7.0,-7.0,0.0,67.0,0.0,67.0,0.0,0.0,67.0,61.333333,1.333333,145.819026,0.46,0.41,0.420613,146.986392,0.46,0.41,0.419071,
06/30/2016,769,769.0,-576.0,576.0,193.0,0.0,-71.0,71.0,0.0,122,-21.0,37.0,38.0,-1.0,,-16.0,0.0,101,-34.0,67.0,-7.0,-7.0,0.0,74.0,0.0,74.0,0.0,0.0,74.0,61.0,-6.0,145.933165,0.5,0.46,0.418,147.994032,0.5,0.46,0.418,
09/30/2016,767,767.0,-586.0,586.0,181.0,0.0,-84.0,74.0,10.0,97,-23.0,37.0,37.0,0.0,,-14.0,0.0,74,-18.0,56.0,-6.0,-6.0,0.0,62.0,0.0,62.0,0.0,0.0,62.0,69.0,13.0,146.043791,0.43,0.39,0.472461,148.387637,0.42,0.38,0.467608,
12/31/2016,734,734.0,-589.0,589.0,145.0,,-84.0,84.0,0.0,61,-48.0,29.0,30.0,-1.0,,-12.0,31.0,13,15.0,28.0,-279.0,-279.0,0.0,307.0,0.0,307.0,0.0,0.0,307.0,56.686275,28.686275,145.922042,2.103863,0.191883,0.38847,147.275855,2.084524,0.190119,0.384899,
03/31/2017,767,767.0,-608.0,608.0,159.0,0.0,-75.0,75.0,0.0,84,0.0,19.0,20.0,-1.0,,-13.0,-6.0,84,-29.0,55.0,0.0,0.0,0.0,55.0,0.0,55.0,0.0,0.0,55.0,55.0,0.0,146.309994,0.38,0.38,0.38,148.730354,0.37,0.37,0.37,
06/30/2017,811,811.0,-643.0,643.0,168.0,0.0,-73.0,73.0,0.0,95,-29.0,19.0,19.0,0.0,,-14.0,24.0,66,-20.0,46.0,10.0,10.0,0.0,36.0,0.0,36.0,0.0,0.0,36.0,64.0,18.0,144.5269,0.25,0.32,0.442824,146.860939,0.24,0.31,0.432565,
09/30/2017,795,795.0,-633.0,633.0,162.0,0.0,-71.0,71.0,0.0,91,2.0,14.0,15.0,-1.0,,-15.0,-1.0,93,-27.0,66.0,0.0,0.0,0.0,66.0,0.0,66.0,0.0,0.0,66.0,68.0,2.0,142.103717,0.47,0.47,0.478524,144.681691,0.46,0.46,0.473823,
12/31/2017,831,831.0,-665.0,665.0,166.0,0.0,-86.0,86.0,0.0,80,12.0,13.0,15.0,-2.0,,-17.0,-8.0,92,-162.0,-70.0,-1.0,-1.0,0.0,-69.0,0.0,-69.0,0.0,0.0,-69.0,77.0,147.0,144.849341,-0.476357,-0.483261,0.519751,144.849341,-0.476357,-0.483261,0.519751,
03/31/2018,786,786.0,-647.0,647.0,139.0,0.0,-93.0,93.0,0.0,46,-1.0,13.0,14.0,-1.0,,-9.0,-3.0,45,-9.0,36.0,-1.0,-1.0,0.0,37.0,0.0,37.0,0.0,0.0,37.0,42.923077,6.923077,141.105228,0.26,0.255129,0.304192,143.808354,0.25,0.243046,0.291187,
06/30/2018,880,880.0,-696.0,696.0,184.0,0.0,-109.0,109.0,0.0,75,-4.0,13.0,15.0,-2.0,,-12.0,3.0,71,-13.0,58.0,0.0,0.0,0.0,58.0,0.0,58.0,0.0,0.0,58.0,67.882353,9.882353,139.617875,0.41,0.41,0.486201,140.879921,0.41,0.41,0.480147,
09/30/2018,851,851.0,-699.0,699.0,152.0,0.0,-83.0,83.0,0.0,69,4.0,12.0,14.0,-2.0,,-12.0,-4.0,73,-15.0,58.0,-1.0,-1.0,0.0,59.0,0.0,59.0,0.0,0.0,59.0,64.222222,6.222222,139.943168,0.42,0.42,0.458916,142.869326,0.41,0.41,0.453552,
12/31/2018,819,819.0,-688.0,688.0,131.0,0.0,-94.0,94.0,0.0,37,1.0,12.0,14.0,-2.0,,-9.0,-4.0,38,3.0,41.0,-1.0,-1.0,0.0,42.0,0.0,42.0,0.0,0.0,42.0,36.222222,-4.777778,140.237346,0.31,0.3,0.258292,143.466416,0.3,0.29,0.256698,
03/31/2019,814,,,,,,,,,55,,,,,,,,40,,34.4,,,,,,34.4,,,34.4,34.0,,,0.26,0.26,0.303,,0.26,0.26,0.303,
06/30/2019,915,,,,,,,,,114,,,,,,,,100,,76.0,,,,,,76.0,,,76.0,76.0,,,0.555,0.555,0.54,,0.555,0.555,0.54,
