Date,Revenue,Sales & Services Revenue,Cost of Revenue,Cost of Goods & Services,Depreciation & Amortization,Gross Profit,Other Operating Income,Operating Expenses,"Selling, General & Admin",General & Administrative,Research & Development,Other Operating Expense,Operating Income (Loss),Non-Operating (Income) Loss,"Interest Expense, Net",Interest Expense,Interest Income,Foreign Exch (Gain) Loss,Other Non-Op (Income) Loss,Pretax Income,Income Tax Expense (Benefit),Current Income Tax,Deferred Income Tax,Zakat Expenses,Income (Loss) from Cont Ops,Net Extraordinary Losses (Gains),Discontinued Operations,XO & Accounting Changes,Income (Loss) Incl. MI,Minority Interest,"Net Income, GAAP",Preferred Dividends,Other Adjustments,"Net Income Avail to Common, GAAP","Net Income Avail to Common, Adj",Net Abnormal Losses (Gains),Basic Weighted Avg Shares,"Basic EPS, GAAP",Basic EPS from Cont Ops,"Basic EPS from Cont Ops, Adjusted",Diluted Weighted Avg Shares,"Diluted EPS, GAAP",Diluted EPS from Cont Ops,"Diluted EPS from Cont Ops, Adjusted",Source: Bloomberg
01/01/1990,38.071999,,,,,,,,,,,,,,,,,,,,,,,,,,,,,,-1.452,,,-1.452,-1.452,,9.21575,-0.32,-0.32,,9.21575,-0.32,-0.32,-0.32,
03/31/1990,43.984001,,-40.855999,,,3.128002,,-4.055,,,,,-0.927,2.54,,1.263,,0.0,-3.803,1.613,-0.6,,,,1.013,0.0,,,1.013,0.0,1.013,-1.143,,-0.13,-0.13,,9.6475,,0.0,,9.6475,,0.0,0.0,
06/30/1990,41.576,,-41.264,,,0.312,,-2.661,,,,,-2.349,-1.091,,1.366,,0.0,-0.275,-3.44,0.466,,,,-2.974,0.0,,,-2.974,0.0,-2.974,-1.14,,-4.114,-4.114,,9.742875,-0.4,-0.4,,9.742875,-0.4,-0.4,-0.4,
09/30/1990,42.542999,,-42.915001,,,-0.372002,,-1.181,,,,,-1.553,-1.193,,1.311,,0.0,-0.118,-2.746,-0.063,,,,-2.809,0.0,,,-2.809,0.0,-2.809,-1.101,,-3.91,-3.91,,9.839375,-0.4,-0.4,,9.839375,-0.4,-0.4,-0.4,
12/31/1990,46.694,,-44.291,,,2.403,,-2.442,,,,,-0.039,3.127,,1.04,,0.0,-4.167,3.088,-0.237,,,,2.851,7.053,,,-4.202,0.0,-4.202,-1.415,,-5.617,-5.617,,11.659125,-0.48,0.16,,11.659125,-0.48,0.16,0.16,
03/31/1991,52.226002,,-48.728001,,,3.498001,,-1.885,,,,,1.613,0.652,,0.908,,0.0,-1.56,2.265,-0.676,,,,1.589,0.0,,,1.589,0.0,1.589,-1.065,,0.524,0.524,,12.2995,0.08,0.08,,12.2995,0.08,0.08,0.08,
06/30/1991,53.646999,,-50.973,,,2.674,,-2.418,,,,,0.256,0.909,,1.135,,0.0,-2.044,1.165,-0.553,,,,0.612,0.0,,,0.612,0.0,0.612,-1.065,,-0.453,-0.453,,12.004625,-0.04,-0.04,-0.04,12.004625,-0.04,-0.04,-0.04,
09/30/1991,49.403,,-49.356998,,,0.046001,,-2.252,,,,,-2.206,-0.206,,1.085,,0.0,-0.879,-2.412,0.644,,,,-1.768,0.0,,,-1.768,0.0,-1.768,-1.065,,-2.833,-2.833,,12.052875,-0.24,-0.24,,12.052875,-0.24,-0.24,-0.24,
12/31/1991,51.722,,-56.053001,,,-4.331001,,-2.321,,,,,-6.652,-2.393,,0.88,,0.0,1.513,-9.045,-0.104,,,,-9.149,0.0,,,-9.149,0.0,-9.149,-1.412,,-10.561,-10.561,,13.27299,-0.96,-0.96,-0.96,13.27299,-0.96,-0.96,-0.96,
03/31/1992,20.502001,,-21.584,,,-1.081999,,-2.114,,,,,-3.196,-3.056,,1.188,,0.0,1.868,-6.252,-0.548,,,,-6.8,-0.266,,,-6.534,0.0,-6.534,-1.065,,-7.599,-7.599,,14.521375,-0.56,-0.56,,14.521375,-0.56,-0.56,-0.56,
06/30/1992,19.546,,-22.450001,,,-2.904001,,-2.237,,,,,-5.141,-1.939,,1.076,,0.0,0.863,-7.08,-0.434,,,,-7.514,3.256,,,-10.77,0.0,-10.77,-1.065,,-11.835001,-11.835001,,15.135,-0.8,-0.56,,15.135,-0.8,-0.56,-0.56,
09/30/1992,26.000999,,-29.393999,,,-3.393,,-2.19,,,,,-5.583,-2.082,,1.254,,0.0,0.828,-7.665,-0.435,,,,-8.1,0.4,,,-8.5,0.0,-8.5,-1.065,,-9.565,-9.565,,15.176125,-0.64,-0.64,,15.176125,-0.64,-0.64,-0.64,
12/31/1992,33.382,,-32.821999,,,0.560001,,-1.86,,,,,-1.3,-0.898,,0.947,,0.0,-0.049,-2.198,-0.633,,,,-2.831,0.729,,,-3.56,0.0,-3.56,-1.065,,-4.625,-4.625,,15.169624,-0.32,-0.24,-0.24,15.169624,-0.32,-0.24,-0.24,
03/31/1993,51.837002,,-47.442001,,,4.395,,-3.133,,,,,1.262,-1.173,,1.999,,0.0,-0.826,0.089,-1.279,,,,-1.19,2.302,,,-3.492,-1.136,-4.628,-1.065,,-5.693,-5.693,,15.166875,-0.4,-0.24,,15.166875,-0.4,-0.24,-0.24,
06/30/1993,58.265999,,-47.397999,,,10.868,,-3.35,,,,,7.518,-1.584,,2.37,,0.0,-0.786,5.934,-2.345,,,,3.589,-2.913,,,6.502,-2.177,4.325,-1.065,,3.26,3.26,,15.202875,0.24,0.08,,15.202875,0.24,0.08,0.08,
09/30/1993,65.675003,,-50.679001,,,14.996002,,-2.925,,,,,12.071,-0.688,,2.601,,0.0,-1.913,11.383,-2.139,,,,9.244,0.379,,,8.865,-2.008,6.857,-1.065,,5.792,5.792,,22.186501,0.24,0.24,,22.186501,0.24,0.24,0.24,
12/31/1993,70.457001,,-52.823002,,,17.633999,,-2.318,,,,,15.316,-3.134,,2.833,,0.0,0.301,12.182,-0.184,,,,11.998,0.45,,,11.548,-1.611,9.937,-1.065,,8.872,8.872,,28.000626,0.32,0.32,0.32,28.000626,0.32,0.32,0.32,
03/31/1994,65.364998,,-48.442001,,,16.922997,,-2.151,,,,,14.772,-1.362,,2.706,,0.0,-1.344,13.41,-1.175,,,,12.235,0.0,,,12.235,-0.838,11.397,-1.065,,10.332,10.332,,28.001125,0.4,0.4,,28.001125,0.4,0.4,0.4,
06/30/1994,67.074997,,-50.442001,,,16.632996,,-2.342,,,,,14.291,-2.064,,2.609,,0.0,-0.545,12.227,-1.047,,,,11.18,0.0,,,11.18,-0.645,10.535,-1.065,,9.47,9.47,,28.021999,0.34,0.34,,28.021999,0.34,0.34,0.34,
09/30/1994,59.091999,,-47.261002,,,11.830997,,-2.16,,,,,9.671,-1.926,,3.533,,0.0,-1.607,7.745,-0.685,,,,7.06,-0.296,,,7.356,-0.583,6.773,-0.005,,6.768,6.768,,29.054501,0.24,0.22,,29.054501,0.24,0.22,0.22,
12/31/1994,53.918999,,-40.981998,,,12.937001,,-2.599,,,,,10.338,-3.399,,4.529,,0.0,-1.13,6.939,-0.852,,,,6.087,-3.297,,,9.384,-0.918,8.466,0.0,,8.466,8.466,,30.579,0.28,0.18,0.18,30.579,0.28,0.18,0.18,
03/31/1995,61.130001,,-49.640999,,,11.489002,,-2.143,,,,,9.346,-1.299,,4.391,,0.0,-3.092,8.047,-0.039,,,,8.008,-0.216,,,8.224,-0.602,7.622,0.0,,7.622,7.622,,30.323999,0.26,0.26,,30.323999,0.26,0.26,0.26,
06/30/1995,62.424999,,-50.471001,,,11.953999,,-2.478,,,,,9.476,-2.052,,4.104,,0.0,-2.052,7.424,-0.145,,,,7.279,-0.401,,,7.68,-0.596,7.084,0.0,,7.084,7.084,,30.1945,0.24,0.226,,30.1945,0.24,0.226,0.226,
09/30/1995,71.792999,,-55.181,,,16.612,,-2.209,,,,,14.403,-2.052,,3.912,,0.0,-1.86,12.351,-1.242,,,,11.109,-5.679,,,16.788,-0.508,16.280001,0.0,,16.280001,16.280001,,30.238001,0.54,0.352,,30.238001,0.54,0.352,0.352,
12/31/1995,83.765999,,-59.056999,,,24.709,,-2.739,,,,,21.969999,-2.453,,4.147,,0.0,-1.694,19.516999,-1.971,,,,17.546,0.0,,,17.545999,-0.473,17.073,0.0,,17.073,17.073,,30.296499,0.56,0.56,0.56,30.296499,0.56,0.56,0.56,
03/31/1996,84.545998,,-59.897999,,,24.647999,,-2.215,,,,,22.433001,-2.549,,4.049,,0.0,-1.5,19.884001,-4.767,,,,15.117,0.0,,,15.117001,-0.427,14.69,0.0,,14.69,14.69,,30.625,0.48,0.48,0.48,30.625,0.48,0.48,0.48,
06/30/1996,97.249001,,-67.107002,,,30.141998,,-2.95,,,,,27.191999,4.169,,4.387,,0.0,-8.556,31.360999,-8.849,,,,22.511999,0.0,,,22.511999,-0.931,21.580999,0.0,,21.580999,21.580999,,31.393999,0.68,0.68,0.56,31.393999,0.68,0.68,0.56,
09/30/1996,134.587997,,-88.454002,,,46.133995,,-2.768,,,,,43.366001,-2.465,,6.319,,0.0,-3.854,40.901001,-12.979,,,,27.922001,0.0,,,27.922001,-0.71,27.212,0.0,,27.212,27.212,,35.399502,0.76,0.76,0.72,35.399502,0.76,0.76,0.72,
12/31/1996,152.449997,,-93.615997,,,58.834,,-3.086,,,,,55.748001,-5.214,,6.133,,0.0,-0.919,50.534001,-30.393,,,-12.979,33.119999,0.0,,,20.141002,-1.203,31.917,0.0,,31.917,31.917,,35.414001,0.9,0.9,0.9,35.414001,0.9,0.9,0.9,
03/31/1997,161.600006,,-94.295998,,,67.304008,,-3.082,,,,,64.222,-4.352,,5.857,,0.0,-1.505,59.87,-22.665001,,,,37.205002,0.0,,,37.204999,-0.928,36.277,0.0,,36.277,36.277,,35.200001,1.04,1.04,1.04,35.650002,1.0,1.0,1.0,
06/30/1997,195.417999,,-102.936996,,,92.481003,,-3.804,,,,,88.677002,-3.45,,4.806,,0.0,-1.356,85.227002,-32.151001,,,,53.076,0.0,,,53.076001,-0.85,52.226002,0.0,,52.226002,52.226002,,35.224998,1.48,1.48,1.48,35.650002,1.48,1.48,1.48,
09/30/1997,223.324997,,-107.403,,,115.921997,,-3.555,,,,,112.366997,-3.651,,5.006,,0.0,-1.355,108.715997,-40.401001,,,,68.315002,0.0,,,68.314996,-0.511,67.804001,0.0,,67.804001,67.804001,,35.299999,1.92,1.92,1.92,35.775002,1.88,1.88,1.88,
12/31/1997,234.757004,,-106.863998,,,127.893005,,-3.859,,,,,124.033997,-2.047,,5.731,,0.0,-3.684,121.986997,-42.583,,,,79.403999,1.0,,,78.403996,-0.811,77.593002,0.0,,77.593002,77.593002,,35.349998,2.2,2.24,2.24,35.849998,2.16,2.2,2.2,
03/31/1998,246.399994,,-103.5,,,142.899994,,-3.6,,,,,139.300003,-5.0,,7.6,,0.0,-2.6,134.300003,-45.799999,,,,88.5,0.0,,,88.500004,-1.3,87.199997,0.0,,87.199997,87.199997,,35.375,2.48,2.48,2.48,35.724998,2.44,2.44,2.44,
06/30/1998,234.0,,-103.800003,,,130.199997,,-4.1,,,,,126.099998,-2.7,,6.6,,0.0,-3.9,123.399999,-42.299999,,,,81.099998,0.0,,,81.099999,-0.5,80.599998,0.0,,80.599998,80.599998,,35.349998,2.28,2.28,2.28,35.650002,2.28,2.28,2.28,
09/30/1998,179.800003,,-101.400002,,,78.400002,,-3.8,,,,,74.599998,7.8,,6.2,,0.0,-14.0,82.399999,-22.299805,,,,60.099998,0.0,,,60.100194,-1.1,59.0,0.0,,59.0,59.0,,34.75,1.68,1.68,1.4,34.875,1.68,1.68,1.4,
12/31/1998,153.0,,-103.900002,,,49.099998,,-3.9,,,,,45.200001,-2.8,,5.8,,0.0,-3.0,42.400001,-13.4,,,,29.0,0.0,,,29.000001,-1.9,27.1,0.0,,27.1,27.1,,34.174999,0.8,0.8,0.8,34.25,0.8,0.8,0.8,
03/31/1999,127.7,,-91.1,,,36.6,,-2.9,,,,,33.7,-1.4,1.3,5.4,-4.1,0.0,0.1,32.3,-11.3,,,,21.0,0.0,,,21.0,-1.0,20.0,0.0,0.0,20.0,20.0,,34.075,0.6,0.6,0.2,34.15,0.6,0.6,0.2,
06/30/1999,79.400002,,-87.199997,,,-7.799995,,-2.9,,,,,-10.7,-1.3,,4.8,,0.0,-3.5,-12.0,1.7,,,,-10.3,0.0,,,-10.3,0.5,-9.8,0.0,,-9.8,-9.8,,34.099998,-0.28,-0.28,-0.28,34.424999,-0.28,-0.28,-0.28,
09/30/1999,76.400002,,-87.300003,,,-10.900002,,-2.8,,,,,-13.7,-1.5,,4.6,,0.0,-3.1,-15.2,3.9,,,,-11.3,0.0,,,-11.3,0.3,-11.0,0.0,,-11.0,-11.0,,34.150002,-0.32,-0.32,-0.32,34.150002,-0.32,-0.32,-0.32,
12/31/1999,80.2,,-83.4,,,-3.2,,-2.6,,,,,-5.8,5.9,1.5,4.5,-3.0,0.0,-7.4,0.1,2.2,,,,2.3,0.0,,,2.3,-1.2,1.1,0.0,,1.1,1.1,,34.175,0.04,0.04,-0.12,34.525,0.04,0.04,-0.12,
03/31/2000,96.199997,,-87.300003,,,8.899994,,-3.1,,,,,5.8,-0.9,3.0,3.0,,0.0,-2.1,4.9,-1.8,,,,3.1,0.0,,,3.1,0.0,3.1,0.0,0.0,3.1,3.1,,34.224998,0.08,0.08,0.08,34.650002,0.08,0.08,0.08,
06/30/2000,116.599998,,-91.5,,,25.099998,,-3.2,,,,,21.9,-0.4,1.9,1.9,,0.0,-1.5,21.5,-7.2,,,,14.3,0.0,,,14.3,0.0,14.3,0.0,0.0,14.3,14.3,,34.375,0.4,0.4,0.4,34.799999,0.4,0.4,0.4,
09/30/2000,149.800003,,-106.199997,,,43.600006,,-3.3,,,,,40.299999,-2.1,4.0,4.0,,0.0,-1.9,38.199999,-12.9,,,,25.299999,0.0,,,25.3,0.0,25.299999,0.0,0.0,25.299999,25.299999,,34.450001,0.72,0.72,0.72,34.875,0.72,0.72,0.72,
12/31/2000,171.2,,-104.3,,,66.9,,-3.7,,,,,63.2,-2.6,2.400001,4.5,-2.099999,0.0,0.199999,60.6,-17.9,,,,42.7,0.0,,,42.7,0.0,42.7,0.0,0.0,42.7,42.7,,34.525,1.24,1.24,1.24,34.875,1.24,1.24,1.24,
03/31/2001,195.300003,,-118.5,,,76.800003,,-3.7,,,,,73.099998,-5.8,6.0,8.3,-2.3,0.0,-0.2,67.299998,-20.4,,,,46.900002,0.0,,,46.899999,0.0,46.900002,0.0,0.0,46.900002,46.900002,,34.549999,1.36,1.36,1.36,34.924999,1.36,1.36,1.36,
06/30/2001,215.5,,-118.800003,,,96.699997,,-4.2,,,,,92.5,-6.2,6.2,8.5,-2.3,0.0,0.0,86.3,-25.1,,,,61.200001,0.0,,,61.2,0.0,61.200001,0.0,0.0,61.200001,61.200001,,34.625,1.76,1.76,1.76,34.924999,1.76,1.76,1.76,
09/30/2001,227.5,,-119.5,,,108.0,,-4.0,,,,,104.0,-7.4,6.2,8.2,-2.0,0.0,1.2,96.6,-27.299999,,,,69.300003,0.0,,,69.300001,0.0,69.300003,0.0,0.0,69.300003,69.300003,,34.125,2.04,2.04,1.72,34.275002,2.04,2.04,1.72,
12/31/2001,179.1,,-126.5,,,52.6,,-4.9,,,,,47.7,-6.0,6.1,7.8,-1.7,0.0,-0.1,41.7,-11.8,,,,29.9,0.0,,,29.9,0.0,29.9,0.0,0.0,29.9,29.9,,33.575,0.88,0.88,0.8,33.725,0.88,0.88,0.8,
03/31/2002,130.0,,-105.699997,,,24.300003,,-4.4,,,,,19.9,1.9,6.3,7.8,-1.5,0.0,-8.2,21.799999,-6.9,,,,14.9,-1.3,,,16.199999,0.0,16.200001,0.0,0.0,16.200001,16.200001,,33.674999,0.48,0.44,0.32,33.849998,0.48,0.44,0.32,
06/30/2002,146.100006,,-101.900002,,,44.200005,,-4.6,,,,,39.599998,-6.5,6.5,8.1,-1.6,0.0,0.0,33.099998,-10.6,,,,22.5,-0.8,,,23.299998,0.0,23.299999,0.0,0.0,23.299999,23.299999,,33.825001,0.68,0.64,0.64,34.049999,0.68,0.64,0.64,
09/30/2002,191.800003,,-136.100006,,,55.699997,,-4.8,,,,,50.900002,-8.4,,7.7,-1.1,0.0,1.8,42.500002,-12.0,,,,30.5,0.0,,,30.500002,0.0,30.5,0.0,0.0,30.5,30.5,,35.900002,0.84,0.84,0.84,36.075001,0.84,0.84,0.84,
12/31/2002,206.8,,-206.8,,,0.0,,-4.8,,,,,-4.8,-6.0,6.6,7.5,-0.9,0.0,-0.6,-10.8,0.1,,,,-10.7,0.0,,,-10.7,0.0,-10.7,0.0,0.0,-10.7,-10.7,,37.25,-0.28,-0.28,0.96,37.25,-0.28,-0.28,0.96,
03/31/2003,192.899994,,-141.300003,,,51.599991,,-5.9,,,,,45.700001,-8.3,8.5,9.2,-0.7,0.0,-0.2,37.400001,-10.7,,,,26.700001,3.8,,,22.900001,0.0,22.9,0.0,0.0,22.9,22.9,,37.299999,0.6,0.72,0.72,37.474998,0.6,0.72,0.72,
06/30/2003,194.3,,-141.6,,,52.7,,-4.8,,,,,47.9,-9.6,9.1,9.1,,,0.5,38.3,-10.9,,,,27.4,-3.7,,,31.1,,31.1,,,31.1,31.1,,37.375,0.84,0.72,0.72,37.525,0.84,0.72,0.72,
09/30/2003,197.3,,-145.4,,,51.9,,-5.2,,,,,46.7,-7.2,8.9,8.9,,,-1.7,39.5,-11.3,,,,28.2,0.4,,,27.8,,27.8,,,27.8,27.8,,37.45,0.76,0.76,0.76,37.55,0.76,0.76,0.76,
12/31/2003,199.2,,-150.3,,,48.9,,-6.1,,,,,42.8,-6.5,8.6,9.5,-0.9,0.0,-2.1,36.3,-9.9,,,,26.4,-0.1,,,26.5,0.0,26.5,0.0,0.0,26.5,26.5,,37.5,0.72,0.72,0.72,37.575,0.72,0.72,0.72,
03/31/2004,186.5,,-143.0,,,43.5,,-5.7,,,,,37.8,-8.7,9.2,10.0,-0.8,0.0,-0.5,29.1,-7.8,,,,21.3,0.3,,,21.0,0.0,21.0,0.0,0.0,21.0,21.0,,37.65,0.56,0.56,0.56,37.7,0.56,0.56,0.56,
06/30/2004,181.4,,-143.0,,,38.4,,-7.4,,,,,31.0,-7.9,8.9,9.7,-0.8,0.0,-1.0,23.1,-5.1,,,,18.0,0.5,,,17.5,0.0,17.5,0.0,0.0,17.5,17.5,,37.7,0.48,0.48,0.48,37.7,0.48,0.48,0.48,
09/30/2004,187.0,,-136.0,,,51.0,,-6.8,,,,,44.2,-9.2,7.8,8.7,-0.9,0.0,1.4,35.0,-7.3,,,,27.7,1.9,,,25.8,0.0,25.8,0.0,0.0,25.8,25.8,,37.7,0.68,0.72,0.72,37.75,0.68,0.72,0.72,
12/31/2004,209.2,,-142.2,,,67.0,,-6.4,,,,,60.6,-7.0,,8.2,-1.2,-2.0,2.0,53.6,-15.1,,,,38.5,0.0,,,38.5,0.0,38.5,0.0,0.0,38.5,38.5,,37.65,1.04,1.04,1.04,37.725,1.04,1.04,1.04,
03/31/2005,210.6,,-145.2,,,65.4,,-8.0,,,,,57.4,-2.9,16.4,17.5,-1.1,0.0,-13.5,54.5,-15.7,,,,38.8,-0.5,,,39.3,0.0,39.3,0.0,0.0,39.3,39.3,,37.725,1.04,1.04,1.04,37.875,1.04,1.04,1.04,
06/30/2005,246.3,,-148.7,,,97.6,,-7.8,,,,,89.8,-8.2,7.8,9.6,-1.8,,0.4,81.6,-24.5,,,,57.1,-10.6,,,67.7,,67.7,,,67.7,67.7,,37.825,1.8,1.52,1.52,37.9,1.8,1.52,1.52,
09/30/2005,276.7,,-156.9,,,119.8,,-6.7,,,,,113.1,-9.7,4.5,6.5,-2.0,0.0,5.2,103.4,-27.3,,,,76.1,-0.4,,,76.5,0.0,76.5,0.0,0.0,76.5,76.5,,37.95,2.0,2.0,2.0,38.15,2.0,2.0,2.0,
12/31/2005,300.7,,-157.0,,,143.7,,-9.5,,,,,134.2,-12.800001,,9.600001,-2.1,0.0,5.3,121.399999,-33.0,,,,98.0,-3.4,,,91.799999,0.0,101.4,0.0,0.0,101.4,101.4,,38.175,2.76,2.68,2.68,38.425,2.76,2.68,2.68,
03/31/2006,381.6,,-169.9,,,211.7,,-10.4,,,,,201.3,-3.6,6.4,8.7,-2.3,0.0,-2.8,197.7,-53.5,,,,144.2,-5.6,,,149.8,0.0,149.8,0.0,0.0,149.8,149.8,,38.225,3.92,3.76,3.76,38.425,3.88,3.76,3.76,
06/30/2006,475.2,,-190.5,,,284.7,,-10.5,,,,,274.2,-3.4,6.8,9.5,-2.7,0.0,-3.4,270.8,-76.8,,,,194.0,-0.7,,,194.7,0.0,194.7,0.0,0.0,194.7,194.7,,38.225,5.08,5.08,5.08,38.4,5.08,5.04,5.04,
09/30/2006,489.9,,-197.3,,,292.6,,-11.3,,,,,281.3,-0.6,4.4,8.7,-4.3,0.0,-3.8,280.7,-65.1,,,,215.6,0.8,,,214.8,0.0,214.8,0.0,0.0,214.8,214.8,,38.0,5.64,5.68,5.68,38.325,5.6,5.64,5.64,
12/31/2006,459.7,,-189.1,,,270.6,,-12.4,,,,,258.2,-4.500001,,8.500001,-5.6,0.0,1.6,253.699999,-56.5,,,,205.7,-4.7,,,201.899999,0.0,210.4,0.0,0.0,210.4,210.4,,37.75,5.56,5.44,5.44,37.95,5.56,5.44,5.44,
03/31/2007,514.1,,-207.9,,,306.2,,-16.0,,,,,290.2,9.6,2.4,8.6,-6.2,0.0,-12.0,299.8,-67.5,,,,232.3,0.0,,,232.3,0.0,232.3,0.0,0.0,232.3,232.3,,37.475,6.2,6.2,6.2,37.675,6.16,6.16,6.16,
06/30/2007,548.6,,-215.6,,,333.0,,-19.1,,,,,313.9,7.8,1.9,8.2,-6.3,0.0,-9.7,321.7,-67.3,,,,254.4,0.0,,,254.4,0.0,254.4,0.0,0.0,254.4,254.4,,36.9,6.88,6.88,6.88,37.075,6.88,6.88,6.88,
09/30/2007,536.4,,-221.7,,,314.7,,-11.5,,,,,303.2,9.8,1.5,8.6,-7.1,0.0,-11.3,313.0,-53.6,,,,259.4,-7.3,,,266.7,0.0,266.7,0.0,0.0,266.7,266.7,,36.475,7.32,7.12,7.12,36.65,7.28,7.08,7.08,
12/31/2007,517.7,,-214.8,,,302.9,,-12.9,,,,,290.0,10.6,-6.7,,-6.7,0.0,-3.9,300.6,-66.7,,,,233.9,-4.7,,,238.6,0.0,238.6,0.0,0.0,238.6,238.6,,35.85,6.64,6.52,6.52,36.0,6.64,6.48,6.48,
03/31/2008,568.5,,-232.4,,,336.1,0.0,-59.1,,,,-46.4,277.0,4.5,0.7,5.7,-5.0,,-5.2,281.5,-59.2,,,,222.3,-5.0,,,227.3,-1.7,272.0,0.0,0.0,272.0,272.0,,35.7,7.56,7.4,7.4,35.8,7.52,7.4,7.4,
06/30/2008,609.4,,-249.7,,,359.7,0.0,-60.5,,,,-46.7,299.2,6.8,1.4,5.1,-3.7,0.0,-8.2,306.0,-64.6,,,,241.4,-9.8,,,251.2,-1.2,296.7,0.0,0.0,296.7,296.7,,35.675,8.24,7.96,7.96,35.8,8.2,7.92,7.92,
09/30/2008,619.5,,-232.2,,,387.3,0.0,-62.2,,,,,325.1,-6.5,2.3,5.5,-3.2,,4.2,318.6,-68.8,,,,249.8,13.1,,,236.7,-1.4,282.3,0.0,0.0,282.3,282.3,,35.275,7.92,8.28,8.28,35.35,7.88,8.24,8.24,
12/31/2008,604.8,,-232.3,,,372.5,0.0,-59.2,,,,,313.3,-9.0,,,,0.0,9.0,304.3,-45.3,,,,259.0,4.7,,,254.3,-1.6,299.8,0.0,-3.7,296.1,296.1,,35.0,8.48,8.6,8.6,35.025,8.44,8.56,8.56,
03/31/2009,499.9,499.9,-202.8,157.7,45.1,297.1,0.0,-12.0,12.0,12.0,,0.0,285.1,-4.3,4.6,5.3,-0.7,,-0.3,280.8,-54.6,47.8,6.8,,226.2,4.1,4.1,0.0,222.1,-1.4,220.7,0.0,0.0,220.7,224.8,0.0,35.025,6.24,6.36,6.36,35.025,6.24,6.36,6.36,
06/30/2009,497.3,497.3,-217.0,171.2,45.8,280.3,0.0,-16.0,16.0,16.0,,0.0,264.3,6.9,4.9,5.3,-0.4,,-11.8,271.2,-49.5,38.2,11.3,,221.7,20.3,20.3,0.0,201.4,-1.1,200.3,0.0,-2.4,197.9,218.2,0.0,35.075,5.64,6.2,6.2,35.1,5.64,6.2,6.2,
09/30/2009,408.9,408.9,-224.3,175.4,48.9,184.6,0.0,-13.6,13.6,13.6,,0.0,171.0,3.6,4.4,5.2,-0.8,,-8.0,174.6,-29.6,18.1,11.5,,145.0,-5.8,-5.8,0.0,150.8,-1.1,149.7,0.0,-1.9,147.8,142.0,0.0,35.175,4.2,4.04,4.04,35.175,4.2,4.04,4.04,
12/31/2009,499.6,499.6,-256.8,200.7,56.1,242.8,0.0,-22.4,22.4,22.4,,0.0,220.4,2.6,4.8,5.1,-0.3,,-7.4,223.0,-44.6,,,,178.4,-31.8,-31.8,0.0,210.2,-1.5,208.7,0.0,0.0,208.7,176.9,0.0,35.175,5.84,4.96,4.96,35.175,5.84,4.96,4.96,
03/31/2010,448.6,448.6,-234.1,182.4,51.7,214.5,0.0,-20.6,20.6,20.6,,0.0,193.9,3.1,4.9,5.0,-0.1,,-8.0,197.0,-35.0,23.2,11.8,,162.0,-29.6,-29.6,0.0,191.6,-1.8,189.8,0.0,-2.4,187.4,157.8,0.0,35.175,5.32,4.48,4.48,35.2,5.32,4.48,4.48,
06/30/2010,411.4,411.4,-257.9,206.0,51.9,153.5,0.0,-22.0,22.0,22.0,,0.0,131.5,12.8,,5.4,,,-18.2,144.3,-22.4,28.7,-6.3,,121.9,-6.0,-6.0,0.0,127.9,-1.6,126.3,0.0,-1.5,124.8,118.8,0.0,35.225,3.56,3.4,3.4,35.225,3.56,3.4,3.4,
09/30/2010,428.3,428.3,-249.7,194.1,55.6,178.6,0.0,-20.6,20.6,20.6,,0.0,158.0,2.7,5.3,5.5,-0.2,,-8.0,160.7,-26.7,25.6,1.1,,134.0,1.9,1.9,0.0,132.1,-1.6,130.5,0.0,-1.8,128.7,130.6,0.0,35.275,3.64,3.68,3.68,35.3,3.64,3.68,3.68,
12/31/2010,408.5,408.5,-242.7,185.6,57.1,165.8,0.0,-22.9,22.9,22.9,,0.0,142.9,-0.4,5.2,5.4,-0.2,,-4.8,142.5,-11.9,,,,130.6,-3.7,-3.7,0.0,134.3,-1.4,132.9,0.0,-1.7,131.2,127.5,0.0,35.3,3.72,3.6,3.6,35.325,3.72,3.6,3.6,
03/31/2011,361.5,361.5,-251.1,191.6,59.5,110.4,0.0,-30.1,30.1,30.1,,0.0,80.3,2.2,3.9,4.1,-0.2,,-6.1,82.5,-17.0,26.3,-9.3,,65.5,0.0,0.0,0.0,65.5,-0.9,64.6,0.0,-1.0,63.6,63.6,0.0,35.3,1.8,1.8,1.8,35.35,1.8,1.8,1.8,
06/30/2011,564.2,564.2,-369.8,286.3,83.5,194.4,0.0,-47.4,47.4,47.4,,0.0,147.0,-18.1,17.3,19.6,-2.3,,0.8,128.9,-25.3,27.9,-2.6,,103.6,0.0,0.0,0.0,103.6,-1.7,101.9,0.0,-1.0,100.9,115.85,14.95,42.45,2.36,2.36,2.729092,42.55,2.36,2.36,2.711352,
09/30/2011,915.6,915.6,-613.3,477.5,135.8,302.3,0.0,-40.8,40.8,40.8,,0.0,261.5,-13.5,24.3,30.8,-6.5,,-10.8,248.0,-41.9,44.2,-2.3,,206.1,0.0,0.0,0.0,206.1,-1.6,204.5,0.0,-2.3,202.2,211.344,9.144,57.025,3.56,3.56,3.706164,57.15,3.52,3.52,3.68,
12/31/2011,973.2,973.2,-634.8,498.3,136.5,338.4,0.0,-40.3,40.3,40.3,,0.0,298.1,-28.5,33.2,41.4,-8.2,,-4.7,269.6,-44.0,,,,225.6,-4.8,-4.8,0.0,230.4,-1.0,229.4,0.0,-2.6,226.8,234.0,12.0,57.1,3.96,3.88,4.098072,57.25,3.96,3.88,4.089608,
03/31/2012,1020.6,1020.6,-638.2,502.2,136.0,382.4,0.0,-38.2,38.2,38.2,,0.0,344.2,-26.7,28.7,34.6,-5.9,,-2.0,317.5,-37.0,32.3,4.7,,280.5,13.1,13.1,0.0,267.4,-2.0,265.4,0.0,-2.7,262.7,277.75,1.95,57.2,4.6,4.84,4.855768,57.3,4.6,4.8,4.834032,
06/30/2012,1071.1,1071.1,-630.3,494.0,136.3,440.8,0.0,-35.5,35.5,35.5,,0.0,405.3,-24.7,24.2,30.0,-5.8,,0.5,380.6,-43.4,36.9,6.5,,337.2,-5.5,-5.5,0.0,342.7,-1.4,341.3,0.0,-3.5,337.8,323.85,-8.45,57.3,5.88,5.8,5.651832,57.35,5.88,5.8,5.651832,
09/30/2012,1123.5,1123.5,-649.7,507.3,142.4,473.8,0.0,-40.2,40.2,40.2,,0.0,433.6,-25.5,25.3,30.8,-5.5,,0.2,408.1,-46.9,44.1,2.8,,361.2,15.8,15.8,0.0,345.4,-1.9,343.5,0.0,-3.6,339.9,355.7,0.0,57.4,5.92,6.2,6.2,57.475,5.92,6.2,6.2,
12/31/2012,1085.5,1085.5,-668.4,524.5,143.9,417.1,0.0,-35.0,35.0,35.0,,0.0,382.1,-21.7,22.6,28.1,-5.5,,-0.9,360.4,-117.1,,,,243.3,22.1,22.1,0.0,221.2,-1.7,219.5,0.0,-2.5,217.0,239.1,0.0,57.5,3.76,4.16,4.16,57.575,3.76,4.16,4.16,
03/31/2013,1149.9,1149.9,-709.8,560.8,149.0,440.1,0.0,-37.8,37.8,37.8,,0.0,402.3,-29.8,35.9,39.2,-3.3,,-6.1,372.5,-51.7,62.2,-10.5,,320.8,0.9,0.9,0.0,319.9,-2.8,317.1,0.0,-3.3,313.8,314.31,-0.39,57.575,5.44,5.48,5.45914,57.65,5.44,5.44,5.433236,
06/30/2013,1130.3,1130.3,-659.2,527.2,132.0,471.1,0.0,-36.4,36.4,36.4,,0.0,434.7,-39.8,39.5,44.2,-4.7,,0.3,394.9,-48.5,53.0,-4.5,,346.4,-16.2,-16.2,0.0,362.6,-1.7,360.9,0.0,-3.9,357.0,340.8,0.0,57.7,6.2,5.92,5.92,57.75,6.2,5.92,5.92,
09/30/2013,1162.2,1162.2,-666.9,534.3,132.6,495.3,0.0,-37.4,37.4,37.4,,0.0,457.9,-1.6,35.9,40.2,-4.3,,-34.3,456.3,-65.4,72.5,-7.1,,390.9,9.5,9.5,0.0,381.4,-2.6,378.8,0.0,-4.0,374.8,384.3,0.0,57.775,6.48,6.64,6.64,57.825,6.48,6.64,6.64,
12/31/2013,1255.6,1255.6,-772.4,615.7,156.7,483.2,0.0,-35.2,35.2,35.2,,0.0,448.0,-28.9,30.9,35.2,-4.3,,-2.0,419.1,-51.0,,,,368.1,4.1,4.1,0.0,364.0,-2.6,361.4,0.0,0.0,361.4,365.5,0.0,57.8,6.2,6.28,6.28,57.85,6.16,6.24,6.24,
03/31/2014,1066.7,1066.7,-651.3,520.2,131.1,415.4,0.0,-38.1,38.1,38.1,,0.0,377.3,-29.1,31.0,34.6,-3.6,,-1.9,348.2,-49.5,55.2,-5.7,,298.7,2.0,2.0,0.0,296.7,-4.2,292.5,0.0,-3.0,289.5,291.5,0.0,57.825,5.0,5.04,5.04,57.85,5.0,5.04,5.04,
06/30/2014,1136.6,1136.6,-674.7,542.5,132.2,461.9,0.0,-739.7,36.2,36.2,,703.5,-277.8,-30.8,32.9,36.4,-3.5,,-2.1,-308.6,-42.6,47.2,-4.6,,-351.2,818.4,818.4,0.0,-1169.6,-3.1,-1172.7,0.0,-2.1,-1174.8,351.31,707.71,57.875,-20.28,-6.12,6.070152,57.875,-20.28,-6.12,6.070152,
09/30/2014,1201.4,1201.4,-635.4,500.2,135.2,566.0,0.0,-29.3,29.3,29.3,,0.0,536.7,-38.4,34.9,38.0,-3.1,,3.5,498.3,-74.6,142.2,-67.6,,423.7,-9.2,-9.2,0.0,432.9,-3.5,429.4,0.0,-4.9,424.5,415.3,0.0,57.95,7.32,7.16,7.16,58.0,7.32,7.16,7.16,
12/31/2014,1159.8,1159.8,-653.4,514.0,139.4,506.4,0.0,-3543.5,28.3,28.3,,3515.2,-3037.1,-49.6,49.6,52.4,-2.8,,0.0,-3086.7,26.2,,,,-3060.5,388.0,388.0,0.0,-3448.5,-3.3,-3451.8,0.0,-2.0,-3453.8,27.402,3093.202,57.975,-59.56,-52.88,0.472652,57.975,-59.56,-52.88,0.472652,
03/31/2015,1163.9,1163.9,-655.4,518.3,137.1,508.5,0.0,-30.1,30.1,30.1,,0.0,478.4,-72.6,50.0,52.4,-2.4,,22.6,405.8,-77.7,62.7,15.0,,328.1,0.2,0.2,0.0,327.9,-3.2,324.7,0.0,-3.7,321.0,338.49,17.29,57.975,5.52,5.52,5.838552,57.975,5.52,5.52,5.818232,
06/30/2015,1059.0,1059.0,-643.1,502.6,140.5,415.9,0.0,-29.7,29.7,29.7,,0.0,386.2,-55.4,47.8,51.2,-3.4,,7.6,330.8,-58.0,43.9,14.1,,272.8,10.1,10.1,0.0,262.7,-2.4,260.3,0.0,-3.6,256.7,271.285,4.485,58.025,4.44,4.6,4.675312,58.05,4.44,4.6,4.675312,
09/30/2015,1012.2,1012.2,-578.7,433.5,145.2,433.5,0.0,-30.8,28.4,28.4,,2.4,402.7,-52.4,54.3,55.3,-1.0,,-1.9,350.3,-33.2,6.9,26.3,,317.1,23.3,23.3,0.0,293.8,-1.8,292.0,0.0,-4.5,287.5,338.735,27.935,58.1,4.96,5.36,5.830208,58.125,4.96,5.36,5.830208,
12/31/2015,828.3,828.3,-564.9,415.2,149.7,263.4,0.0,-2774.2,30.2,30.2,,2744.0,-2510.8,-47.3,54.3,57.4,-3.1,,-7.0,-2558.1,182.8,,,,-2375.3,95.0,95.0,0.0,-2470.3,-1.5,-2471.8,0.0,-0.5,-2472.3,161.2,2538.5,58.125,-42.56,-40.92,2.773332,58.125,-42.56,-40.92,2.75312,
03/31/2016,814.0,814.0,-477.0,363.7,113.3,337.0,0.0,-23.4,23.4,23.4,,0.0,313.6,-64.6,62.8,65.1,-2.3,,1.8,249.0,-71.4,38.1,33.3,,177.6,0.9,0.9,0.0,176.7,-1.4,175.3,0.0,-2.5,172.8,173.7,0.0,58.125,2.96,2.96,2.96,58.125,2.96,2.96,2.96,
06/30/2016,909.6,909.6,-462.6,350.2,112.4,447.0,0.0,-27.4,27.4,27.4,,0.0,419.6,209.9,51.5,54.0,-2.5,,-261.4,629.5,-36.7,48.6,-11.9,,592.8,0.2,0.2,0.0,592.6,-2.0,590.6,0.0,-9.8,580.8,411.48,-169.52,71.15,8.16,8.16,5.783276,71.15,8.16,8.16,5.777428,
09/30/2016,548.2,548.2,-407.5,298.1,109.4,140.7,0.0,-25.3,25.3,25.3,,0.0,115.4,-30.9,49.6,53.4,-3.8,,-18.7,84.5,3.5,-5.7,2.2,,88.0,0.7,0.7,0.0,87.3,-2.0,85.3,0.0,-1.8,83.5,72.37,-11.83,74.65,1.12,1.12,0.969456,74.65,1.12,1.12,0.961528,
12/31/2016,504.6,504.6,-399.2,289.0,110.2,105.4,0.0,-24.7,24.7,24.7,,0.0,80.7,-46.2,51.1,56.3,-5.2,,-4.9,34.5,-3.9,,,,30.6,-9.9,-9.9,0.0,40.5,-1.5,39.0,0.0,-0.8,38.2,29.58,1.28,75.1,0.52,0.4,0.393876,75.15,0.52,0.4,0.393876,
03/31/2017,471.1,471.1,-387.3,278.1,109.2,83.8,0.0,-26.0,26.0,26.0,,0.0,57.8,-57.7,51.4,58.6,-7.2,,6.3,0.1,-24.1,4.3,19.8,,-24.0,0.6,0.6,0.0,-24.6,-1.1,-25.7,0.0,-0.1,-25.8,-15.26,9.94,75.15,-0.36,-0.36,-0.20306,75.15,-0.36,-0.36,-0.227732,
06/30/2017,457.5,457.5,-399.2,291.3,107.9,58.3,0.0,-30.5,30.5,30.5,,0.0,27.8,-53.2,52.7,60.3,-7.6,,0.5,-25.4,-19.3,13.1,6.2,,-44.7,-0.4,-0.4,0.0,-44.3,-1.2,-45.5,0.0,-0.1,-45.6,-36.395,9.605,75.225,-0.6,-0.6,-0.483816,75.225,-0.6,-0.6,-0.483816,
09/30/2017,460.2,460.2,-394.0,285.8,108.2,66.2,0.0,-30.4,30.4,30.4,,0.0,35.8,-40.4,40.6,48.1,-7.5,,-0.2,-4.6,-23.4,14.9,8.5,,-28.0,0.2,0.2,0.0,-28.2,2.8,-25.4,0.0,0.1,-25.3,-16.725,8.375,75.3,-0.32,-0.32,-0.222112,75.3,-0.32,-0.32,-0.222112,
12/31/2017,454.2,454.2,-453.8,334.3,119.5,0.4,0.0,-253.8,70.9,70.9,,182.9,-253.4,87.3,53.7,57.2,-3.5,,-141.0,-166.1,-42.4,,,,-208.5,-1.4,-1.4,0.0,-207.1,0.0,-207.1,0.0,-0.1,-207.2,-97.56,111.04,106.575,-1.96,-1.96,-0.915412,106.575,-1.96,-1.96,-0.918104,
03/31/2018,417.0,417.0,-440.4,325.2,115.2,-23.4,0.0,-27.9,27.9,27.9,,0.0,-51.3,-70.7,62.6,65.6,-3.0,,8.1,-122.0,-18.4,7.1,11.3,,-140.4,0.1,0.1,0.0,-140.5,0.4,-140.1,0.0,-0.1,-140.2,-138.437,1.663,108.4,-1.28,-1.28,-1.277096,108.4,-1.28,-1.28,-1.277096,
06/30/2018,458.5,458.5,-465.0,344.3,120.7,-6.5,0.0,-26.1,26.1,26.1,,0.0,-32.6,-84.8,71.8,75.7,-3.9,,13.0,-117.4,-24.7,20.1,4.6,,-142.1,8.0,8.0,0.0,-150.1,-0.9,-151.0,0.0,-0.1,-151.1,-132.064,11.036,108.525,-1.4,-1.32,-1.2169,108.525,-1.4,-1.32,-1.218308,
09/30/2018,430.9,430.9,-447.7,327.1,120.6,-16.8,0.0,-25.1,25.1,25.1,,0.0,-41.9,-77.7,68.6,72.2,-3.6,,9.1,-119.6,-23.3,-5.7,29.0,,-142.9,0.0,0.0,0.0,-142.9,-2.1,-145.0,0.0,-0.2,-145.2,-144.859,0.341,108.6,-1.32,-1.32,-1.333876,108.6,-1.32,-1.32,-1.333876,
12/31/2018,399.0,399.0,-445.2,322.8,122.4,-46.2,0.0,-63.9,23.6,23.6,0.0,40.3,-110.1,-69.8,65.2,69.2,-4.0,0.0,4.6,-179.9,-23.2,,,,-203.1,0.0,0.0,0.0,-203.1,-0.5,-203.6,0.0,0.1,-203.5,-167.663,35.837,108.6,-1.88,-1.88,-1.54386,108.6,-1.88,-1.88,-1.550008,
03/31/2019,405.9,405.9,-457.6,332.6,125.0,-51.7,0.0,-29.6,29.6,29.6,,0.0,-81.3,-75.2,77.5,81.0,-3.5,,-2.3,-156.5,-31.5,25.6,5.9,,-188.0,0.0,0.0,0.0,-188.0,-2.4,-190.4,0.0,-0.1,-190.5,-183.368,7.132,108.7,-1.75,-1.75,-1.68692,108.7,-1.75,-1.75,-1.68692,
06/30/2019,583.9,583.9,-658.2,500.3,157.9,-74.3,0.0,-83.1,81.2,81.2,,1.9,-157.4,597.3,106.4,118.3,-11.9,,-703.7,439.9,-32.6,21.2,11.4,,407.3,0.0,0.0,0.0,407.3,-1.8,405.5,0.0,-12.1,393.4,-249.653,-643.053,188.6,2.09,2.09,-1.323717,188.6,2.09,2.09,-1.323717,
09/30/2019,551.3,551.3,-659.5,496.5,163.0,-108.2,0.0,-128.0,36.1,36.1,,91.9,-236.2,40.2,107.2,113.9,-6.7,,-147.4,-196.0,-1.5,22.6,-21.1,,-197.5,0.0,0.0,0.0,-197.5,0.4,-197.1,0.0,0.0,-197.1,-251.452,-54.352,197.6,-1.0,-1.0,-1.27253,197.6,-1.0,-1.0,-1.275061,
12/31/2019,512.1,512.1,-640.4,476.6,163.8,-128.3,0.0,-64.8,42.0,42.0,,22.8,-193.1,41.9,109.1,115.1,-6.0,,-151.0,-151.2,-62.8,,,,-214.0,0.0,0.0,0.0,-214.0,-2.0,-216.0,0.0,0.0,-216.0,-310.749,-94.749,197.6,-1.09,-1.09,-1.572616,197.6,-1.09,-1.09,-1.572616,
03/31/2020,456.6,456.6,-640.5,476.0,164.5,-183.9,0.0,-2867.9,53.4,53.4,,2814.5,-3051.8,-107.9,108.4,113.2,-4.8,,-0.5,-3159.7,152.0,-72.5,-79.5,,-3007.7,0.0,0.0,0.0,-3007.7,1.4,-3006.3,0.0,0.0,-3006.3,-328.953,2677.347,197.9,-15.19,-15.19,-1.662218,197.9,-15.19,-15.19,-1.662218,
06/30/2020,388.8,388.8,-502.2,370.7,131.5,-113.4,0.0,-905.8,62.6,62.6,,843.2,-1019.2,-105.4,110.5,116.2,-5.7,,-5.1,-1124.6,15.8,13.8,-29.6,,-1108.8,0.0,0.0,0.0,-1108.8,1.4,-1107.4,0.0,0.0,-1107.4,-480.83,626.57,198.6,-5.58,-5.58,-2.421098,198.6,-5.58,-5.58,-2.425065,
09/30/2020,348.333,,,,,55.036614,,,,,,,-156.5,,,,,,,-155.5,,,,,-167.5,,,,,,-167.5,,,-167.5,-137.5,,,-1.09,-1.09,-1.167,,-1.09,-1.09,-1.167,
12/31/2020,406.0,,,,,123.83,,,,,,,-61.8,,,,,,,-59.9,,,,,-74.05,,,,,,-74.05,,,-74.05,-44.05,,,-0.4,-0.4,-0.975,,-0.4,-0.4,-0.975,
