Date,Revenue,Rental Income,Base Rent,Recoveries from Tenants,Percentage Rent,Other Rental Income,Real Estate Sales,Com & Fee Earn/Inc from REO,Mortgage Income,Other Operating Income,Operating Expenses,Property Operating Expenses,General & Administrative,Depreciation & Amortization,Provision for Loan Losses,Cost of Real Estate Sold,Other Operating Expenses,Operating Income (Loss),Non-Operating (Income) Loss,Interest Expense,(Income) Loss from Affiliates,Other Non-Op (Income) Loss,Pretax Income,Income Tax Expense (Benefit),Income (Loss) from Cont Ops,Net Extraordinary Losses (Gains),Discontinued Operations,XO & Accounting Changes,Income (Loss) Incl. MI,Minority Interest,"Net Income, GAAP",Preferred Dividends,Other Adjustments,"Net Income Avail to Common, GAAP","Net Income Avail to Common, Adj",Net Abnormal Losses (Gains),Basic Weighted Avg Shares,"Basic EPS, GAAP",Basic EPS from Cont Ops,"Basic EPS from Cont Ops, Adjusted",Diluted Weighted Avg Shares,"Diluted EPS, GAAP",Diluted EPS from Cont Ops,"Diluted EPS from Cont Ops, Adjusted",FFO Reconciliation,D&A of Con Real Estate,D&A of Uncon Real Estate,D&A of Non-Real Estate Assets,Impairment of Assets,Impairment from Affiliates,Disposal of Con Assets,Disposal of Uncon Assets,Abnormal Losses/(Gains),Income Taxes,Other FFO Adjustments,Funds from Operations,Other Abnormal Gains/(Losses),Adjusted Funds from Operations,Straight-Line Rent,Stock-Based Compensation,Amortization of Financing Costs,Recurring Capital Expenditure,Accounting Adjustments,Tenant Improv & Leasing Com,Funds Available For Distribution,AFFO Per Diluted Share,FAD Per Diluted Share,Dividend Per Share,AFFO Payout Ratio,FAD Payout Ratio,FFO Payout Ratio,Source: Bloomberg
03/31/1994,19.584999,17.148001,,,,,,0.364,0.0,2.073,-5.832,1.895,1.541,2.396,0.0,,0.0,13.753,-3.649,3.649,0.0,0.0,10.104,0.0,,0.0,,,10.104,,10.104,,,10.104,10.104,,45.4486,0.221363,0.221363,0.221363,45.4486,0.221363,0.221363,0.221363,,,,,,,,,,,,12.1,,12.1,,,,,,,12.1,0.266235,0.266235,0.230988,86.760988,86.760988,89.272725,
06/30/1994,19.664,17.386999,,,,,,0.322,0.0,1.955,-5.922,1.843,1.622,2.457,0.0,,0.0,13.742,-3.628,3.628,0.0,0.0,10.114,0.0,,0.0,,,10.114,,10.114,,,10.114,10.114,,45.440288,0.221363,0.221363,0.221363,45.440288,0.221363,0.221363,0.221363,,,,,,,,,,,,12.3,,12.3,,,,,,,12.3,0.270685,0.270685,0.230988,85.334633,85.334633,87.894307,
09/30/1994,19.834999,17.518999,,,,,,0.189,0.0,2.127,-5.759,1.916,1.345,2.498,0.0,,0.0,14.076,-3.546,3.546,0.0,0.0,10.53,0.0,,0.0,,,10.53,,10.53,,,10.53,10.53,,45.442365,0.230988,0.230988,0.230988,45.442365,0.230988,0.230988,0.230988,,,,,,,,,,,,12.8,,12.8,,,,,,,12.8,0.281675,0.281675,0.230988,82.004997,82.004997,84.476559,
12/31/1994,43.046001,40.485001,,,,,,0.269,0.0,2.292,-29.168,24.569,1.987,2.612,0.0,,0.0,13.878,-3.386,3.386,0.0,0.0,10.492,0.0,,0.0,,,10.492,,10.492,,,10.492,10.492,,45.421585,0.230988,0.230988,0.230988,45.421585,0.230988,0.230988,0.230988,,,,,,,,,,,,12.647,,12.647,,,,,,,12.647,0.278436,0.278436,0.230988,82.959116,82.959116,84.992483,
03/31/1995,27.851,24.511,,,,,,1.63,0.392,1.318,-11.829,7.56,1.703,2.566,0.0,,0.0,16.022,-4.185,4.185,0.0,0.0,11.837,0.0,,0.0,,,11.837,,11.837,,,11.837,11.837,,45.438208,0.259861,0.259861,0.259861,45.438208,0.259861,0.259861,0.259861,,,,,,,,,,,,13.419,,13.419,,,,,,,13.419,0.295324,0.295324,0.269486,91.250912,91.250912,90.655043,
06/30/1995,29.806999,25.487,,,,,,1.569,1.993,0.758,-12.235,7.427,2.134,2.674,0.0,,0.0,17.572001,-4.387,4.387,0.0,0.0,13.185,0.0,,0.0,,,13.185,,13.185,,,13.185,13.185,,48.852414,0.269486,0.269486,0.269486,48.852414,0.269486,0.269486,0.269486,,,,,,,,,,,,15.743,,15.743,,,,,,,15.743,0.322256,0.322256,0.269486,83.624725,83.624725,86.22245,
09/30/1995,29.504,26.264999,,,,,,0.365,1.994,0.88,-12.015,8.095,1.181,2.739,0.0,,0.0,17.489,-3.922,3.922,0.0,0.0,13.567,0.0,,0.0,,,13.567,,13.567,,,13.567,13.567,,50.749656,0.269486,0.269486,0.269486,50.749656,0.269486,0.269486,0.269486,,,,,,,,,,,,16.253,,16.253,,,,,,,16.253,0.320258,0.320258,0.269486,84.146437,84.146437,83.51689,
12/31/1995,32.030998,28.257,,,,,,0.559,1.964,1.251,-13.68,9.2,1.669,2.811,0.0,,0.0,18.351,-3.932,3.932,0.0,0.0,14.419,0.0,,0.0,,,14.419,,14.419,,,14.419,14.419,,50.784979,0.283923,0.283923,0.283923,50.784979,0.283923,0.283923,0.283923,,,,,,,,,,,,17.002001,,17.002001,,,,,,,17.002001,0.334784,0.334784,0.269486,80.495465,80.495465,79.767084,
03/31/1996,33.083,28.218,,,,,,0.392,0.594,3.879,-12.938,8.914,1.189,2.835,0.0,,0.0,20.145,-4.223,4.223,0.0,0.0,15.922,0.0,,0.0,,,15.922,,15.922,,,15.922,15.922,,50.836933,0.312796,0.312796,0.312796,50.836933,0.312796,0.312796,0.312796,,,,,,,,,,,,18.416,,18.416,,,,,,,18.416,0.362256,0.362256,0.293547,81.033017,81.033017,80.44092,
06/30/1996,32.673,28.639999,,,,,,0.413,0.656,2.964,-13.361001,9.145,1.319,2.897,0.0,,0.0,19.312,-4.192,4.192,0.0,0.0,15.12,0.0,,0.0,,,15.12,,15.12,,,15.12,15.12,,50.83901,0.298359,0.298359,0.298359,50.83901,0.298359,0.298359,0.298359,,,,,,,,,,,,17.6,,17.6,,,,,,,17.6,0.346191,0.346191,0.293547,84.793467,84.793467,84.210226,
09/30/1996,32.341999,28.337,,,,,,0.671,0.661,2.673,-13.195,8.885,1.381,2.929,0.0,,0.0,19.147,-4.208,4.208,0.0,0.0,14.939,0.0,,0.0,,,14.939,,14.939,,,14.939,14.939,,51.023956,0.293547,0.293547,0.293547,51.023956,0.293547,0.293547,0.293547,,,,,,,,,,,,17.6,,17.6,,,,,,,17.6,0.344936,0.344936,0.293547,85.101935,85.101935,85.039771,
12/31/1996,35.243,28.872999,,,,,,1.093,0.668,4.609,-15.757,9.468,1.278,2.928,0.0,,2.083,19.486001,-4.103,4.103,0.0,0.0,15.383,0.0,,0.0,,,15.383,,15.383,,,15.383,15.383,,51.738798,0.298359,0.298359,0.298359,51.738798,0.298359,0.298359,0.298359,,,,,,,,,,,,15.766,,15.766,,,,,,,15.766,0.304723,0.304723,0.293547,96.332494,96.332494,94.862365,
03/31/1997,31.714001,28.677,,,,,,0.314,0.612,2.111,-19.568,8.507,1.845,2.967,0.0,,6.249,12.146,-2.456,4.078,-1.622,0.0,9.69,0.0,,0.0,,,9.69,,9.69,,,9.69,9.69,,54.211651,0.182865,0.182865,0.182865,55.171701,0.173241,0.173241,0.173241,,,,,,,,,,,,12.23,,12.23,,,,,,,12.23,0.221672,0.221672,0.307984,138.937038,138.937038,136.475884,
06/30/1997,59.903,49.955002,,,,,,0.329,3.693,5.926,-32.764999,18.150999,2.903,5.462,0.0,,6.249,27.138,-11.25,13.272,-2.022,0.0,15.888,0.0,,0.0,,,15.888,,13.788,,,8.933,8.933,,54.219963,0.163616,0.163616,0.163616,55.691209,0.163616,0.163616,0.163616,,,,,,,,,,,,14.95,,14.95,,,,,,,14.95,0.268445,0.268445,0.307984,114.729093,114.729093,113.672239,
09/30/1997,67.954002,60.645,,,,,,0.592,3.403,3.314,-38.219,21.899,3.46,6.611,0.0,,6.249,29.735001,-11.609,13.622,-2.013,0.0,18.126001,0.0,,0.0,,,18.126001,,15.626,,,10.385,10.385,,54.936886,0.19249,0.19249,0.19249,56.069413,0.182865,0.182865,0.182865,,,,,,,,,,,,17.056,,17.056,,,,,,,17.056,0.304194,0.304194,0.307984,101.245779,101.245779,99.648221,
12/31/1997,73.327003,65.695999,,,,,,0.517,2.948,4.166,-43.673,26.188,5.372,7.943,0.0,,4.17,29.654001,-5.042,11.916,-6.874,0.0,24.612001,0.0,,0.0,,,24.612001,,21.919001,,,16.466001,16.466001,,65.621079,0.250237,0.250237,0.250237,67.82379,0.240612,0.240612,0.240612,,,,,,,,,,,,28.382999,,28.382999,,,,,,,28.382999,0.418481,0.418481,0.38498,91.994508,91.994508,94.352257,
03/31/1998,97.777,88.060997,,,,,,0.405,0.0,9.311,-49.466,34.153,4.947,10.366,0.0,,0.0,48.311001,-14.247,19.823,-5.576,0.0,34.064001,0.0,,0.0,,,34.064001,,31.487,,,26.064,26.064,,74.980527,0.346482,0.346482,0.346482,77.253888,0.336857,0.336857,0.336857,,,,,,,,,,,,45.280998,,45.280998,,,,,,,45.280998,0.586132,0.586132,0.38498,65.681412,65.681412,62.951349,
06/30/1998,133.794006,126.456001,,,,,,0.777,0.0,6.561,-73.552999,51.453999,7.07,15.029,0.0,,0.0,60.241001,-19.433001,26.679001,-7.246,0.0,40.808,0.0,,0.0,,,40.808,,36.316002,,,30.894002,30.894002,,85.36444,0.365731,0.365731,0.365731,96.176437,0.356106,0.356106,0.356106,,,,,,,,,,,,54.751999,,54.751999,,,,,,,54.751999,0.569287,0.569287,0.38498,67.624931,67.624931,60.872661,
09/30/1998,145.901993,138.406998,,,,,,0.45,0.0,7.045,-81.591998,58.606998,6.775,16.209999,0.0,,0.0,64.309999,-25.179001,34.034,-8.855,0.0,39.130999,0.0,,-9.649,,,48.779999,,45.082001,,,39.659001,39.659001,,87.022708,0.452351,0.452351,0.452351,96.978552,0.442727,0.442727,0.442727,,,,,,,,,,,,58.608002,,58.608002,,,,,,,58.608002,0.60434,0.60434,0.38498,63.702564,63.702564,62.558013,
12/31/1998,156.460999,147.309006,,,,,,0.695,0.0,8.457,-90.397,62.957001,9.818,17.622,0.0,,0.0,66.064001,-20.679002,34.150002,-13.471,0.0,45.384999,0.0,,0.0,,,45.384999,,39.969002,,,34.547002,34.547002,,85.448601,0.394604,0.394604,0.394604,85.880832,0.38498,0.38498,0.38498,,,,,,,,,,,,60.257999,,60.257999,,,,,,,60.257999,0.701647,0.701647,0.38498,54.868067,54.868067,54.104022,
03/31/1999,167.022003,158.886993,,,,,0.0,0.0,0.0,8.135,-93.957003,65.037003,9.628,19.292,0.0,,0.0,73.065003,-15.022002,35.617001,-20.594999,0.0,58.043001,0.0,,0.0,,,58.043001,,48.445999,,,42.733999,42.733999,,88.405639,0.481225,0.481225,0.481225,90.079493,0.4716,0.4716,0.4716,,,,,,,,,,,,65.427002,,65.427002,,,,,,,65.427002,0.726325,0.726325,0.423478,58.304184,58.304184,57.705534,
06/30/1999,166.188004,162.867004,,,,,0.0,0.0,0.0,3.321,-95.679002,65.925003,10.169,19.584999,0.0,,0.0,75.409,-11.52,35.284,-23.764,0.0,63.889,0.0,,0.0,,,63.889,,51.139,,,42.758,42.758,,88.975024,0.481225,0.481225,0.481225,91.249423,0.4716,0.4716,0.4716,,,,,,,,,,,,75.0,,75.0,,,,,,,75.0,0.821923,0.821923,0.423478,51.522825,51.522825,50.409332,
09/30/1999,187.042999,178.438995,,,,,,0.0,0.0,8.604,-103.803997,74.643997,7.722,21.438,0.0,,0.0,83.238998,-13.810999,35.084999,-21.274,0.0,69.427999,0.0,,0.0,,,69.427999,,54.159,,,44.487,44.487,,89.2888,0.500474,0.500474,0.500474,90.902392,0.490849,0.490849,0.490849,,,,,,,,,,,,76.5,,76.5,,,,,,,76.5,0.841562,0.841562,0.423478,50.320469,50.320469,50.32026,
12/31/1999,195.063995,180.867004,,,,,0.0,0.0,0.0,14.197,-112.414001,76.512001,12.632,23.27,0.0,,0.0,77.75,-11.592999,35.696999,-24.104,0.0,66.157001,0.0,,0.0,,,66.157001,,48.775002,,,39.102001,39.102001,,92.10973,0.433102,0.433102,0.433102,95.087545,0.433102,0.433102,0.433102,,,,,,,,,,,,77.0,,77.0,,,,,,,77.0,0.80978,0.80978,0.461976,57.049556,57.049556,62.02078,
03/31/2000,201.037994,191.261002,,,,,0.0,0.0,0.0,9.777,-109.755,76.305,10.197,23.253,0.0,,0.0,91.283001,-10.13,39.347,-26.657,-2.56,81.153001,0.0,,1.125,,,80.028001,,57.195999,,,47.522999,47.522999,,89.749085,0.529347,0.538972,0.538972,91.178769,0.519723,0.529347,0.529347,,,,,,,,,,,,80.176003,,80.176003,,,,,,,80.176003,0.879328,0.879328,0.461976,52.537414,52.537414,51.71373,
06/30/2000,203.684006,194.179001,,,,,0.0,0.0,0.0,9.505,-109.822997,74.365997,10.77,24.687,0.0,,0.0,93.861,-12.195999,39.334999,-27.139,0.0,81.665001,0.0,,0.0,,,81.665001,,56.952999,,,47.280999,47.280999,,89.769869,0.529347,0.529347,0.529347,92.208438,0.510098,0.510098,0.510098,,,,,,,,,,,,83.002998,,83.002998,,,,,,,83.002998,0.900167,0.900167,0.461976,51.321135,51.321135,49.96446,
09/30/2000,223.225998,223.225998,,,,,0.0,0.0,0.0,12.993,-121.029996,82.699997,13.304,25.025999,0.0,,0.0,102.195999,-6.038999,42.557999,-28.114,-8.405,96.157,0.0,,0.0,,,96.157,,68.119003,,,58.447003,58.447003,,89.962085,0.654466,0.654466,0.654466,93.21316,0.625592,0.625592,0.625592,,,,,,,,,,,,84.628998,,84.628998,,,,,,,84.628998,0.907908,0.907908,0.461976,50.88355,50.88355,49.108464,
12/31/2000,231.509995,219.460999,,,,,0.0,0.0,0.0,12.049,-125.508997,84.988998,13.64,26.879999,0.0,,0.0,106.001,-27.486,49.033001,-21.547001,0.0,78.515,0.0,,0.0,,,78.515,,51.723,,,42.05,42.05,,92.627161,0.461976,0.461976,0.461976,92.627161,0.452351,0.452351,0.452351,,,,,,,,,,,,87.349998,,87.349998,,,,,,,87.349998,0.943028,0.943028,0.510098,54.091554,54.091554,54.686894,
03/31/2001,242.610001,239.809998,,,,,0.0,0.0,0.0,2.8,-146.496003,100.383003,14.248,31.865,0.0,,0.0,98.074001,-22.824001,49.395,-36.293999,9.723,75.25,0.0,,2.94,,,72.31,,56.508999,,,46.835999,46.835999,,90.214569,0.519723,0.558221,0.615968,92.868207,0.500474,0.538972,0.596719,,,,,,,,,,,,81.906998,,81.906998,,,,,,,81.906998,0.88197,0.88197,0.510098,57.836241,57.836241,56.183236,
06/30/2001,261.949005,243.794998,,,,,0.0,0.0,0.0,18.153999,-149.332002,96.831001,22.415001,30.086,0.0,,0.0,112.617,-18.156,43.993999,-23.903999,-1.934,94.461,0.0,,0.0,,,94.461,,66.112,,,56.92,56.92,,90.291454,0.625592,0.625592,0.741086,93.09783,0.615968,0.615968,0.731462,,,,,,,,,,,,83.93,,83.93,,,,,,,83.93,0.901525,0.901525,0.510098,56.581745,56.581745,54.876682,
09/30/2001,264.848999,247.757004,,,,,0.0,0.0,0.0,17.091999,-146.54,102.222,15.043,29.275,0.0,,0.0,118.308998,-13.261001,43.054001,-23.298,-6.495,105.047997,0.0,,0.0,,,105.047997,,76.779999,,,67.875999,67.875999,,92.246876,0.731462,0.731462,0.731462,95.650691,0.712213,0.712213,0.712213,,,,,,,,,,,,104.607002,,104.607002,,,,,,,104.607002,1.093636,1.093636,0.567845,51.922728,51.922728,50.075012,
12/31/2001,249.960007,246.822998,,,,,0.0,0.0,0.0,3.137,-153.034998,99.532997,20.865999,32.636002,0.0,,0.0,115.755001,-26.483999,36.632999,-21.664,11.515,89.271002,0.0,,0.0,,,89.271002,,64.336998,,,55.600998,55.600998,,100.960059,0.567845,0.567845,0.567845,100.960059,0.548596,0.548596,0.548596,,,,,,,,,,,,106.079002,,106.079002,,,,,,,106.079002,1.050703,1.050703,0.933576,88.852579,88.852579,88.852579,
03/31/2002,359.084015,342.681,,,,,0.0,6.76,0.0,9.643,-199.061996,127.445999,23.466999,48.148998,0.0,,0.0,160.022,-44.008002,58.018002,-19.354,5.344,116.013998,0.0,,30.129,,,85.884998,,51.527,,,45.396,45.396,,107.073626,0.423478,0.702588,0.76996,111.400087,0.404229,0.673715,0.731462,,,,,,,,,,,,122.681,,122.681,,,,,,,122.681,1.101265,1.101265,0.635217,57.680669,57.680669,57.680488,
06/30/2002,355.636993,338.670013,,,,,0.0,7.033,0.0,9.934,-194.441997,121.588997,23.500999,49.352001,0.0,,0.0,161.195004,-56.755002,59.212002,-14.313,11.856,104.440002,0.0,,-4.046,,,108.486002,,70.449,,,64.553,64.553,,110.034818,0.587094,0.548596,0.606343,115.033517,0.558221,0.519723,0.57747,,,,,,,,,,,,126.214996,,126.214996,,,,,,,126.214996,1.097202,1.097202,0.635217,57.89426,57.89426,55.378526,
09/30/2002,360.955994,348.30899,,,,,0.0,6.24,0.0,6.407,-219.592991,141.330994,27.077999,51.183998,0.0,,0.0,141.363003,-43.967999,60.841999,-19.246,2.372,97.395004,0.0,,-3.696,,,101.091004,,64.942001,,,59.247001,59.247001,,110.997987,0.529347,0.500474,0.558221,114.654278,0.519723,0.490849,0.548596,,,,,,,,,,,,113.583,,113.583,,,,,,,113.583,0.990656,0.990656,0.635217,64.12081,64.12081,62.076194,
12/31/2002,361.644989,348.07901,,,,,0.0,6.418,0.0,7.148,-216.084001,136.914001,26.253,52.917,0.0,,0.0,145.560997,-70.215999,59.140999,-21.198,32.273,75.344998,0.0,,-2.765,,,78.109998,,45.985001,,,40.540001,40.540001,,115.029363,0.356106,0.336857,0.452351,117.196747,0.346482,0.327233,0.442727,,,,,,,,,,,,93.507004,,93.507004,,,,,,,93.507004,0.797863,0.797863,0.654466,82.027308,82.027308,75.393284,
03/31/2003,374.77301,351.882996,,,,,0.0,13.094,0.0,9.796,-224.248993,146.373993,27.235001,50.639999,0.0,,0.0,150.524003,-26.224001,56.900002,-30.488001,-0.188,124.300002,0.0,,-6.099,,,130.399002,,91.741997,,,86.316997,86.316997,,113.359663,0.760335,0.741086,0.741086,117.593654,0.741086,0.721837,0.721837,,,,,,,,,,,,130.104996,,130.104996,,,,,,,130.104996,1.106395,1.106395,0.654466,59.153025,59.153025,57.023177,
06/30/2003,374.763,354.618988,,,,,0.0,16.516001,0.0,3.628,-220.064004,139.643005,27.434999,52.986,0.0,,0.0,154.698997,-34.784002,57.637001,-24.146999,1.294,119.914995,0.0,,-5.361,,,125.275995,,87.757,,,82.331,82.331,,115.827324,0.712213,0.635217,0.635217,121.441123,0.683339,0.635217,0.635217,,,,,,,,,,,,133.41,,133.41,,,,,,,133.41,1.098557,1.098557,0.654466,59.575053,59.575053,56.821078,
09/30/2003,382.967987,364.906006,,,,,0.0,15.262,0.0,2.8,-232.686,148.843002,31.972,51.870998,0.0,,0.0,150.282006,-43.891002,56.261002,-11.871,-0.499,106.391004,0.0,,-5.534,,,111.925004,,76.059998,,,70.980998,70.980998,,117.437801,0.606343,0.558221,0.558221,122.211038,0.57747,0.529347,0.529347,,,,,,,,,,,,123.914001,,123.914001,,,,,,,123.914001,1.013935,1.013935,0.654466,64.547154,64.547154,62.026083,
12/31/2003,394.524994,367.425995,,,,,0.0,12.87,0.0,14.229,-241.982005,147.766006,35.324001,58.891998,0.0,,0.0,152.543003,-38.656001,58.575001,-16.969,-2.95,113.887002,0.0,,-158.541,,,272.428002,,205.143997,,,200.258997,200.258997,,120.279507,1.665038,0.346482,0.346482,123.562792,1.597667,0.317608,0.317608,,,,,,,,,,,,130.729004,,130.729004,,,,,,,130.729004,1.057997,1.057997,0.837331,79.143116,79.143116,80.301229,
03/31/2004,402.295013,375.018005,,,,,0.0,18.032,0.0,9.245,-241.830995,154.365997,30.844999,56.619999,0.0,,0.0,160.464005,-47.344002,58.705002,-10.585,-0.776,113.120003,0.0,,-0.827,,,113.947003,,82.439003,,,74.457003,74.457003,,126.331767,0.587094,0.57747,0.57747,131.966351,0.567845,0.558221,0.558221,,,,,,,,,,,,128.975006,,128.975006,,,,,,,128.975006,0.977333,0.977333,0.837331,85.675182,85.675182,82.01744,
06/30/2004,408.602997,380.006012,,,,,0.0,18.99,0.0,9.607,-231.128,143.429001,29.941999,57.757,0.0,,0.0,177.475002,-40.568,57.061001,-16.481001,-0.012,136.907002,0.0,,-67.053001,,,203.960003,,162.001007,,,158.436007,158.436007,,130.363151,1.212687,0.702588,0.702588,135.844996,1.164564,0.673715,0.673715,,,,,,,,,,,,159.673996,,159.673996,,,,,,,159.673996,1.175413,1.175413,0.683339,58.136105,58.136105,55.789924,
09/30/2004,433.108,388.417,,,,,,26.878,,17.813,-249.43,160.43,29.649,59.351,,,,183.678,-51.623,61.101,-10.953,1.475,132.055,,,-9.885,,,,,108.523,,,104.501,104.501,,131.328394,0.798833,0.721837,0.009624,137.645606,0.760335,0.683339,0.009624,,,,,,,,,,,,156.703,,156.703,,,,,,,156.703,1.138453,1.138453,0.683339,60.023529,60.023529,57.268763,
12/31/2004,672.045,484.063,,,,,0.0,20.651,0.0,167.331,-349.158,223.575,55.062,70.521,0.0,,0.0,322.887,-32.942,65.883,-13.942,-18.999,289.945,0.0,,-0.201,,,290.146,,239.954,,,233.603,233.603,,132.485857,1.770908,1.770908,1.770908,147.860164,1.665038,1.665038,1.665038,,,,,,,,,,,,299.441,,299.441,,,,,,,299.441,2.025163,2.025163,0.731462,36.118661,36.118661,32.36297,
03/31/2005,596.184,566.355,,,,,,29.829,,,-414.462,296.083,40.661,77.718,,,,181.722,61.595,77.699,-34.608,-104.686,243.317,,199.819,-1.635,,,,-9.001,199.819,-12.386,,187.433,187.433,,133.319147,1.405177,1.395552,1.395552,140.598487,1.337805,1.328181,1.328181,,63.876,6.297,,,,,-0.135,,,,248.47,,248.47,,,,,,,248.47,1.767231,1.767231,0.731462,41.390285,41.390285,39.247346,
06/30/2005,591.475,569.899,,,,,,21.576,,,-411.46,282.43,45.796,83.234,,,,180.015,7.264,83.414,-19.628,-71.05,187.279,,,-32.93,,,,,181.082,,,172.697,172.697,,135.25691,1.280058,1.039446,1.039446,148.384866,1.203062,0.981699,0.981699,,,,,,,,,,,,215.802,,215.802,,,,,,,215.802,1.45434,1.45434,0.731462,50.295122,50.295122,45.845395,
09/30/2005,617.801,632.817,,,,,,20.647,,-35.663,-482.069,351.989,48.051,82.029,,,,135.732,-66.894,88.213,-8.401,-12.918,68.838,,,-1.229,,,,,38.742,,,27.223,27.223,,141.775691,0.19249,0.182865,0.182865,149.421803,0.182865,0.173241,0.173241,,,,,,,,,,,,93.272,,93.272,,,,,,,93.272,0.624219,0.624219,0.731462,117.180247,117.180247,111.183978,
12/31/2005,725.341,670.991,,,,,0.0,22.588,0.0,31.762,-505.941,368.446,48.301,89.194,0.0,,0.0,219.4,-77.063,90.626,7.946,-21.509,142.337,0.0,119.961,0.279,,,142.058,-9.663,119.961,-14.211,,105.75,105.75,,146.184232,0.721837,0.721837,0.721837,154.015289,0.683339,0.683339,0.683339,,76.463,20.474,,,,0.0,0.476,4.663,-4.284,0.222,194.121,,194.121,,,,,,,194.121,1.215063,1.215063,1.559169,128.319996,128.319996,114.123933,
03/31/2006,669.812,625.68,,,,,0.0,21.657,0.0,22.475,-468.084,331.915,45.864,90.305,0.0,,0.0,201.728,-48.13,103.894,-55.216,-0.548,153.598,0.0,149.212,-16.735,,,170.333,-7.224,149.212,-14.407,,134.805,134.805,,146.656984,0.923952,0.808458,0.808458,154.775848,0.875829,0.76996,0.76996,,76.443,25.009,,,,-16.16,-0.329,,-5.913,,206.631,,206.631,,,,,,,206.631,1.287239,1.287239,0.76996,59.814839,59.814839,54.648141,
06/30/2006,663.032,641.443,,,,,,21.589,,,-471.294,319.851,52.563,98.88,,,,191.738,-22.633,120.822,-21.501,-76.688,169.105,,312.381,-16.762,,,,-16.12,163.169,-28.811,,148.765,148.765,,146.93544,1.010572,0.895078,0.895078,160.936169,0.952825,0.846956,0.846956,,160.599,48.02,,,,-33.769,0.329,,-10.841,,431.788,,431.788,,,,,,,431.788,2.687192,2.687192,0.76996,28.65295,28.65295,26.201377,
09/30/2006,675.931,647.932,,,,,0.0,27.999,0.0,0.0,-500.46,346.565,52.096,101.799,0.0,,0.0,175.471,-30.431,115.28,13.243,-98.092,145.04,-0.382,,-0.577,,,145.235,,127.983,,,113.632,113.632,,147.211818,0.76996,0.76996,0.76996,155.952013,0.731462,0.731462,0.731462,,,,,,,,,,,,,,,,,,,,,,,,0.76996,,,,
12/31/2006,722.549,690.195,,,,,0.0,32.354,0.0,0.0,-542.583,366.307,70.709,105.567,0.0,,0.0,179.966,-57.522,137.343,55.715,-135.536,122.444,0.036,119.776,0.27,,,122.21,-11.96,119.776,-14.349,,105.427,105.427,,149.949623,0.702588,0.702588,0.702588,164.478171,0.66409,0.673715,0.673715,,90.896,30.083,,,,0.0,-2.324,,-5.007,,207.115,,207.115,,,,,,,207.115,1.262455,1.262455,0.818082,64.800932,64.800932,59.22852,
03/31/2007,536.244,507.189,,,,,0.0,29.055,0.0,0.0,-351.034,212.802,40.417,89.008,0.0,,8.807,185.21,4.59,130.698,-80.875,-54.413,189.8,-0.089,166.931,1.135,,,188.576,-12.618,166.931,-14.296,,152.635,152.635,,157.335981,0.972074,0.981699,0.981699,170.399519,0.923952,0.933576,0.933576,,93.665,42.984,,,,,,,-11.883,,264.783,,264.783,,,,,,,264.783,1.553895,1.553895,0.818082,52.647205,52.647205,48.611051,
06/30/2007,583.22,558.398,,,,,0.0,24.822,0.0,0.0,-387.769,227.212,49.789,110.768,0.0,,0.0,195.451,-7.176,140.293,2.35,-135.467,188.275,-2.508,165.92,-0.478,,,186.245,-13.882,165.92,-14.295,,151.625,151.625,,157.716261,0.96245,0.96245,0.96245,170.648882,0.923952,0.923952,0.923952,,114.511,30.515,,,,-0.493,,,-5.807,,276.469,,276.469,,,,,,,276.469,1.620104,1.620104,0.818082,50.495661,50.495661,46.668849,
09/30/2007,637.078,609.073,,,,,0.0,28.005,0.0,0.0,-425.882,259.0,47.888,118.994,0.0,,0.0,211.196,-86.746,149.722,-6.395,-56.581,124.45,-2.806,130.841,-24.538,,,146.182,-11.07,130.841,-14.295,,116.546,116.546,,157.919908,0.741086,0.587094,0.587094,164.697404,0.712213,0.558221,0.558221,,117.148,31.455,,,,-22.942,-8.98,,-6.282,,215.996,,215.996,,,,,,,215.996,1.267037,1.267037,0.818082,64.566566,64.566566,59.811987,
12/31/2007,657.166,629.065,,,,,0.0,28.101,0.0,0.0,-427.865,253.621,50.95,123.294,0.0,,0.0,229.301,-147.561,148.673,15.765,-16.877,81.74,-3.776,105.214,-33.227,,,111.191,-9.094,105.214,-14.291,,90.923,90.923,,158.525654,0.57747,0.365731,0.375355,164.478171,0.548596,0.346482,0.356106,,125.989,28.939,,,,-37.869,-5.99,,-4.809,,188.089,,188.089,,,,,,,188.089,1.103994,1.103994,0.866205,78.461048,78.461048,73.005705,
03/31/2008,649.282,620.594,,,,,0.0,28.688,0.0,0.0,-310.636,261.251,49.385,130.61,0.0,,2.283,205.753,-85.415,157.457,-57.938,-14.104,120.338,217.329,403.838,0.0,,0.0,449.748,-14.286,403.838,-14.275,,389.563,389.563,,162.182987,2.406125,1.710919,1.710919,172.746654,2.290631,1.641813,1.641813,,129.86,28.238,,,,-0.58,-5.422,,-5.828,,521.545,,521.545,,,,,,,521.545,3.019132,3.019132,0.866205,28.690525,28.690525,26.936065,
06/30/2008,674.365,643.753,,,,,0.0,30.612,0.0,0.0,-306.643,256.358,50.285,130.948,0.0,,0.726,236.048,-143.655,159.759,11.075,-27.179,92.393,-4.915,131.132,0.0,,0.0,145.817,-8.13,131.132,-14.274,,116.858,116.858,0.0,164.708833,0.712213,0.355287,0.355287,169.67013,0.692964,0.349126,0.349126,,122.227,28.026,,,,-56.831,-1.772,,-5.948,,194.43,,194.43,,,,,,,194.43,1.107044,1.107044,0.866205,78.24487,78.24487,73.379417,
09/30/2008,676.068,645.313,,,,,0.0,30.755,0.0,0.0,-325.609,276.115,49.494,136.55,0.0,,5.0,208.909,-160.964,157.646,12.956,-9.638,47.945,-5.244,37.007,-0.846,,,43.547,-13.816,37.007,-14.271,,22.736,22.736,,165.994094,0.134743,0.134743,0.134743,170.839022,0.134743,0.134743,0.134743,,127.975,30.416,,,,-0.112,-1.201,,-6.205,,159.793,33.454,193.247,,,,,,,193.247,1.130607,1.130607,0.866205,76.614126,76.614126,89.981977,
12/31/2008,695.153,657.908,,,,,0.0,37.245,0.0,0.0,-320.913,276.054,44.859,139.013,0.0,,0.0,235.227,-461.06,160.862,185.574,114.624,-225.833,-2.633,359.297,0.0,,0.0,-227.667,-49.683,-212.68,-57.091,,-226.951,-226.951,47.7347,160.621347,-1.414801,-1.414801,-1.117613,160.621347,-1.414801,-1.414801,-1.117613,,509.367,115.948,,,,-57.523,-9.478,,-23.223,,787.614,,787.614,,,,,,,787.614,4.628991,4.628991,0.914327,19.752195,19.752195,18.646253,
03/31/2009,678.566,647.816,0.0,98.029,0.0,549.787,0.0,30.75,0.0,0.0,-489.619,278.898,79.065,131.656,,0.0,0.0,188.947,-30.059,157.76,-107.737,-19.964,158.888,-5.049,140.11,-2.592,-2.592,0.0,156.431,-13.003,140.11,-14.226,-94.969,125.841,117.344,-5.905,159.247028,0.793438,0.773847,0.736868,160.382239,0.783643,0.764052,0.727233,,124.127,31.188,,,,,-0.173,,-5.803,6.362,268.582,15.895,284.477,-27.138,10.249,4.049,,-1.871,-40.057,134.74,1.711968,0.810858,0.930576,54.357083,114.764287,55.175496,
06/30/2009,673.79,637.891,0.0,83.375,0.0,554.516,0.0,35.899,0.0,0.0,-456.029,269.711,49.632,136.686,,0.0,0.0,217.761,-256.042,159.063,16.51,80.469,-38.281,-5.457,-37.635,-3.363,-3.363,0.0,-40.375,-12.209,-37.635,-14.269,1.745,-51.904,-72.951,-17.684,173.059449,-0.297349,-0.317172,-0.421537,173.059449,-0.297349,-0.317172,-0.421537,,128.662,34.914,,,,,-0.5,,-5.448,,93.515,100.845,194.36,-25.125,5.651,4.323,,-7.425,-43.864,129.665,1.114177,0.74331,0.941604,84.511191,126.677168,174.253863,
09/30/2009,671.219,639.584,0.0,89.53,0.0,550.054,0.0,31.635,0.0,0.0,-448.139,265.952,51.684,130.503,,0.0,0.0,223.08,-105.29,158.205,-24.59,-28.325,117.79,-5.267,140.617,-43.321,-43.321,0.0,155.844,-8.146,140.617,-14.226,-15.115,126.348,75.188,-7.839,179.389818,0.707226,0.478125,0.419132,181.686792,0.697265,0.478125,0.419132,,122.76,36.237,,,,-42.653,-0.676,,-6.133,6.466,234.246,-13.906,220.34,-21.177,5.639,4.35,,-6.174,-54.895,132.968,1.175313,0.709263,0.647461,55.088341,91.286362,49.583707,
12/31/2009,706.552,646.623,0.0,89.711,0.0,556.912,0.0,59.929,0.0,0.0,-533.357,267.672,51.083,138.639,,0.0,75.963,173.195,-303.007,155.152,43.427,104.428,-129.812,-4.935,-136.923,8.703,8.703,0.0,-143.45,-11.963,-136.923,-14.269,3.86,-151.192,-14.824,127.665,179.832,-0.84,-0.792345,-0.082432,179.832,-0.84,-0.792345,-0.082432,,133.023,38.219,,,,-2.629,-0.003,,-5.435,,0.02,186.105,186.125,-22.653,5.68,4.969,,-6.371,-33.083,138.527,1.020092,0.759223,0.65,63.719731,85.613888,584454.0,
03/31/2010,685.314,644.387,0.0,91.93,0.0,552.457,0.0,40.927,0.0,0.0,-457.116,274.693,48.63,133.793,,0.0,0.0,228.198,19.496,135.727,-137.214,-18.009,247.694,-5.58,214.552,9.57,9.57,0.0,232.544,-11.171,214.552,-14.226,-123.162,200.285,206.55,-3.305,181.542,1.1,1.15,1.137753,183.445,1.09,1.14,1.121984,,127.614,37.042,,,,,-0.307,,-6.125,6.447,353.826,-5.646,348.18,-20.922,6.477,4.426,,-9.143,-37.582,168.274,1.84046,0.889487,0.65,35.317264,73.075847,33.337855,
06/30/2010,683.989,651.832,0.0,86.42,0.0,565.412,0.0,32.157,0.0,0.0,-446.592,261.845,49.54,133.277,,0.0,1.93,237.397,-151.541,142.175,16.552,-7.186,85.856,-4.964,72.106,3.681,3.681,0.0,77.211,-11.303,72.106,-14.226,12.282,57.84,58.211,-3.31,182.027,0.32,0.34,0.319793,183.644,0.31,0.33,0.311976,,127.181,37.196,,,,0.0,0.0,,-6.182,,204.772,10.757,215.529,-17.484,8.48,4.543,,-10.19,-43.846,169.314,1.17317,0.921612,0.65,55.405421,70.528574,57.780141,
09/30/2010,687.125,654.859,0.0,95.341,0.0,559.518,0.0,32.266,0.0,0.0,-461.797,275.077,55.2,130.599,,0.0,0.921,225.328,-100.08,145.561,5.963,-51.444,125.248,-5.449,104.252,3.667,3.667,0.0,116.132,-11.011,104.252,-13.402,-4.249,95.192,95.432,-3.427,182.462,0.52,0.54,0.523024,184.168,0.52,0.54,0.521392,,126.987,37.613,,,,0.0,0.0,,-6.347,10.872,248.964,-27.464,221.5,-15.531,11.21,5.2,,-11.49,-33.134,173.506,1.165949,0.913314,0.65,55.748578,71.169354,47.63753,
12/31/2010,702.836,660.316,0.0,84.576,0.0,575.74,0.0,42.52,0.0,0.0,-596.005,279.917,60.718,128.763,,0.0,126.607,106.831,177.259,136.698,20.94,-334.897,284.09,-6.483,256.973,-4.537,-4.537,0.0,282.144,-12.96,256.973,-13.519,34.026,243.414,200.226,-38.651,183.308,1.33,1.303146,1.092293,190.849,1.31,1.286227,1.083706,,124.024,36.474,,92.5,11.481,-57.248,-5.47,,-5.907,6.512,432.86,-229.654,203.206,-21.243,8.447,4.373,,-9.89,-63.476,155.443,1.064748,0.814482,0.65,61.047336,79.805363,27.526267,
03/31/2011,726.883,651.921,0.0,89.669,0.0,562.252,0.0,74.962,0.0,0.0,-531.689,324.64,58.946,129.833,,0.0,18.27,195.194,119.383,134.71,-130.308,-123.785,314.577,-6.382,412.663,-137.626,-137.626,0.0,445.821,-6.85,412.663,-13.416,-107.767,399.215,273.182,11.593,183.988,2.17,1.421772,1.484782,191.529,2.12,1.401435,1.461964,,124.321,41.698,,,0.0,-51.165,-1.649,,-6.205,6.534,505.931,-174.757,331.174,-13.245,7.146,4.633,,-11.691,-36.039,174.211,1.729106,0.90958,0.69,39.905008,75.859165,25.089587,
06/30/2011,696.038,622.807,0.0,77.902,0.0,544.905,0.0,73.231,0.0,0.0,-464.662,287.168,49.795,125.802,,0.0,1.897,231.376,-105.135,135.361,-22.228,-7.998,126.241,-5.641,108.581,-10.369,-10.369,0.0,130.969,-9.906,108.581,-16.636,8.073,91.913,83.441,1.897,184.268,0.5,0.44,0.452824,186.144,0.49,0.44,0.450191,,124.326,39.401,,0.0,0.0,-0.458,-2.611,,-5.835,6.556,243.418,-8.781,234.637,-8.266,6.919,5.235,,-11.543,-58.801,176.254,1.222482,0.9183,0.69,56.442569,75.138805,52.233163,
09/30/2011,687.86,615.949,0.0,85.757,0.0,530.192,0.0,71.911,0.0,0.0,-471.6,296.256,46.121,126.935,,0.0,2.288,216.26,-151.522,131.998,-9.189,28.713,64.738,-6.959,53.762,-8.444,-8.444,0.0,66.223,-10.468,53.762,-17.597,-16.195,41.135,33.681,0.99,184.398,0.22,0.18,0.182654,186.065,0.22,0.18,0.182654,,128.811,45.488,,0.0,0.0,0.0,-3.591,,-6.28,5.0,195.125,35.231,230.356,-12.474,7.319,4.828,,-11.089,-29.001,173.744,1.237681,0.93351,0.69,55.74941,73.914558,65.206724,
12/31/2011,689.959,606.146,0.0,75.745,0.0,530.401,0.0,83.813,0.0,0.0,-488.759,271.072,53.94,150.903,,0.0,12.844,201.2,-90.548,131.583,19.822,-60.857,110.652,-5.377,87.296,8.288,8.288,0.0,96.987,-13.733,87.296,-17.758,23.309,69.508,83.481,5.685,184.571,0.376592,0.421496,0.452297,185.963,0.373773,0.418341,0.448912,,152.655,44.738,,28.799,0.0,0.0,-1.916,,-6.314,6.602,280.369,-82.493,197.876,-4.97,7.469,6.033,,-7.98,-76.075,145.662,1.031942,0.759641,1.38,133.728385,181.664662,90.847412,
03/31/2012,669.241,580.904,0.0,70.793,0.0,510.111,0.0,88.337,0.0,0.0,-487.023,299.507,55.29,131.541,,0.0,0.685,182.218,33.499,130.059,-147.893,-15.665,215.717,-6.825,251.522,-71.372,-71.372,0.0,280.264,-7.06,251.522,-17.758,11.999,233.735,163.048,0.685,185.37,1.26,0.875886,0.879581,191.886,1.25,0.875886,0.879456,,132.558,38.664,,0.0,8.875,-55.817,-0.661,,-8.497,6.626,348.452,-122.415,226.037,-21.348,6.609,5.428,,-9.849,-55.291,163.585,1.177975,0.852511,0.69,58.575074,80.937335,36.726149,
06/30/2012,677.983,588.642,0.0,71.409,0.0,517.233,0.0,89.341,0.0,0.0,-475.183,297.42,46.832,128.372,,0.0,2.559,202.8,-154.962,124.32,-13.674,44.316,47.838,-7.479,38.297,-17.869,-17.869,0.0,58.228,-9.524,38.297,-17.759,0.473,20.51,0.344,-2.297,185.673,0.11,0.014224,0.001853,186.342,0.11,0.014106,0.00178,,126.063,38.197,,13.511,1.368,-16.896,-0.234,,-6.351,0.0,166.672,63.701,230.373,-20.647,8.438,5.918,,-16.18,-43.465,164.91,1.235966,0.884753,0.69,55.826764,77.987866,76.866162,
09/30/2012,703.052,590.776,0.0,79.215,0.0,511.561,0.0,112.276,0.0,0.0,-503.71,331.943,48.456,122.241,,0.0,1.07,199.342,-90.615,119.33,-18.192,-10.523,108.727,-3.015,241.306,-158.444,-158.444,0.0,264.156,-1.613,241.306,-20.585,6.068,232.393,73.949,0.0,185.924,1.25,0.397738,0.397738,186.655,1.24,0.39114,0.39114,,118.717,39.655,,0.0,0.0,-131.088,-1.156,,-5.917,11.7,251.019,-58.779,192.24,-11.391,7.774,5.623,,-9.341,-58.289,132.684,1.029922,0.710852,0.69,66.995396,97.066677,51.106713,
12/31/2012,686.693,596.996,0.0,74.272,0.0,522.724,0.0,89.697,0.0,0.0,-600.728,309.211,51.313,129.632,,0.0,110.572,85.965,-43.216,121.049,-307.303,229.47,42.749,9.187,86.135,-39.957,-39.957,0.0,91.893,0.418,86.135,-20.75,-17.218,62.633,124.757,102.081,186.267,0.34,0.121739,0.669775,186.866,0.33,0.116173,0.662452,,125.069,38.164,,116.453,1.43,-41.998,-239.551,,-6.728,-2.752,55.89,161.139,217.029,-13.183,7.767,6.97,,-12.688,-87.448,101.229,1.161415,0.54172,1.69,145.512139,311.969436,563.233548,
03/31/2013,718.713,609.757,0.0,75.964,0.0,533.793,0.0,108.956,0.0,0.0,-468.419,277.121,51.38,139.317,,0.0,0.601,250.294,-167.056,120.346,-39.089,85.799,83.238,-1.073,262.922,-206.762,-206.762,0.0,288.927,1.814,262.922,-21.674,-2.187,231.99,62.553,37.325,186.752,1.24,0.135088,0.334952,187.529,1.24,0.135088,0.334124,,132.513,41.155,,1.514,3.65,-202.329,-0.465,,-8.05,-9.23,201.82,10.399,212.219,-17.701,7.466,5.378,,-13.091,-75.312,116.772,1.13166,0.622688,0.73,64.507028,117.233729,67.556238,
06/30/2013,671.216,606.365,0.0,72.291,0.0,534.074,0.0,64.851,0.0,0.0,-461.154,274.319,50.305,133.18,,0.0,3.35,210.062,-94.156,120.657,0.919,-27.42,115.906,-2.877,158.194,-69.292,-69.292,0.0,182.321,-5.421,158.194,-20.341,4.377,145.926,78.979,2.345,186.931,0.78,0.409959,0.422503,187.72,0.78,0.409959,0.422451,,126.728,36.966,,2.493,0.62,-65.665,0.0,,-6.326,8.1,235.348,3.956,239.304,-13.401,9.129,4.753,,-21.349,-61.301,161.512,1.274792,0.860388,0.73,57.264233,84.84546,57.982065,
09/30/2013,668.989,603.247,0.0,81.814,0.0,521.433,0.0,65.742,0.0,0.0,-434.138,265.015,44.186,122.119,,0.0,2.818,234.851,-124.656,119.676,9.843,-4.863,110.195,-2.222,103.374,-24.278,-24.278,0.0,132.251,-7.736,103.374,-20.342,2.437,83.005,46.407,-12.32,186.969,0.44,0.33,0.248207,187.724,0.44,0.33,0.248207,,117.901,37.361,,0.72,1.826,-16.087,0.0,,-6.39,0.0,210.627,14.885,225.512,-15.777,9.201,4.952,,-11.775,-63.523,151.027,1.200995,0.804315,0.73,60.782943,90.76048,64.80051,
12/31/2013,649.403,601.951,0.0,76.995,0.0,524.956,0.0,47.452,0.0,0.0,-475.446,260.185,50.396,127.777,,0.0,37.088,173.957,-352.655,120.625,264.214,-32.184,-178.698,12.578,-48.519,-127.361,-127.361,0.0,-38.759,-3.746,-48.519,-20.368,304.311,-68.887,-183.148,13.1,187.109,-0.368165,-1.048843,-0.978831,187.109,-0.368165,-1.048843,-0.978831,,124.611,41.788,,32.443,0.456,-127.512,0.0,,-5.937,0.0,-6.784,241.605,234.821,-20.837,9.118,10.473,,-13.649,-98.371,425.866,1.254996,2.276032,0.73,58.167528,32.073368,,
03/31/2014,562.381,526.441,0.0,59.301,0.0,467.14,0.0,35.94,0.0,0.0,-417.14,236.561,47.502,131.792,,0.0,1.285,145.241,-54.7,96.312,-20.127,-21.485,90.541,-0.851,82.717,-8.466,-8.466,0.0,98.156,-11.399,82.717,-20.341,-17.324,62.349,44.248,-9.635,187.307,0.33,0.29,0.236232,188.24,0.33,0.29,0.236232,,142.569,36.686,,20.842,,0.0,,,-3.995,,247.079,-59.743,187.336,-12.99,11.024,4.422,,-7.679,-72.5,92.289,0.994949,0.490151,0.73,73.37058,148.933795,55.340239,
06/30/2014,574.411,533.6,0.0,55.11,0.0,478.49,0.0,40.811,0.0,0.0,-385.143,230.398,40.478,113.2,,0.0,1.067,189.268,-47.244,103.913,-46.368,-10.301,142.024,-3.28,97.008,-26.943,-26.943,0.0,165.687,-8.561,97.008,-20.343,59.324,76.642,48.794,-0.905,187.527,0.41,0.27,0.260197,188.617,0.41,0.27,0.260197,,121.402,30.126,,0.0,0.0,0.0,0.0,,-3.085,0.0,216.547,15.917,232.464,-19.892,9.051,2.148,,-22.392,-55.921,204.782,1.232191,1.085461,0.73,59.244042,67.252527,63.217089,
09/30/2014,578.71,540.931,0.0,65.953,0.0,474.978,0.0,37.779,0.0,0.0,-396.571,240.088,40.384,114.822,,0.0,1.277,182.139,-92.458,100.817,1.874,-10.233,89.681,-2.652,151.524,-82.168,-82.168,0.0,169.197,-5.24,151.524,-20.341,29.036,131.159,46.326,-2.665,187.671,0.7,0.261047,0.246847,188.812,0.69,0.254816,0.240701,,123.578,26.604,,0.0,0.0,-57.796,-0.76,,-0.207,,217.362,-33.718,183.644,-22.927,8.315,6.532,,-6.744,-73.405,124.451,0.972629,0.659127,0.73,75.054322,110.752634,63.028418,
12/31/2014,597.01,556.334,0.0,65.455,0.0,490.879,0.0,40.676,0.0,0.0,-423.765,246.564,40.906,121.489,,0.0,14.806,173.245,-61.981,111.713,-39.431,-10.301,111.264,-2.498,533.603,-467.22,-467.22,0.0,575.986,17.127,533.603,-20.341,32.878,513.238,45.655,-0.363,187.776,2.73,0.245069,0.243135,188.97,2.72,0.245069,0.243135,,129.944,24.35,0.0,5.676,0.0,-449.396,-10.82,,0.0,0.0,230.143,-30.835,199.308,-24.261,8.252,9.501,,-9.196,-101.756,114.726,1.054707,0.607112,0.73,69.213529,120.241358,59.561438,
03/31/2015,606.802,567.195,0.0,66.921,0.0,500.274,0.0,39.607,0.0,0.0,-439.088,254.493,58.492,124.122,,0.0,1.981,167.714,-57.676,91.674,-21.346,-12.652,110.038,-0.971,104.077,-16.179,-16.179,0.0,125.246,-8.448,104.077,-19.462,19.294,84.593,68.535,0.121,187.999,0.45,0.37,0.36455,189.336,0.45,0.37,0.36455,,118.256,36.272,,0.256,0.0,-10.867,,,,,220.084,-17.163,202.921,-29.296,20.142,7.456,-52.048,-14.124,,154.345,1.071496,0.814997,0.63,58.796295,77.300871,53.81553,
06/30/2015,616.288,577.058,0.0,62.215,0.0,514.843,0.0,39.23,0.0,0.0,-422.897,242.69,39.189,136.957,,,4.061,193.391,-65.699,92.092,-20.727,-5.666,127.692,88.072,165.651,0.364,0.364,0.0,215.4,-9.662,186.016,0.023,5.088,165.651,166.015,4.061,188.365,0.88,0.88,0.88,189.6,0.87,0.87,0.87,,129.296,32.282,,0.0,10.304,0.0,-4.513,,,0.0,323.381,-84.831,238.55,-34.662,6.685,7.497,-71.488,-11.253,,140.417,1.258175,0.740596,0.63,50.072521,85.066623,36.696636,
09/30/2015,627.596,593.435,0.0,67.098,0.0,526.337,0.0,34.161,0.0,0.0,-436.156,256.561,36.157,141.92,,0.0,1.518,191.44,12.193,95.344,-1.34,-106.197,203.633,-2.856,198.87,-34.463,-34.463,0.0,235.24,-2.364,219.234,0.023,15.377,198.87,61.37,-103.037,188.504,1.05,0.88,0.325563,189.581,1.05,0.88,0.325563,,134.623,38.131,,0.0,2.313,-135.557,0.0,,0.0,0.0,236.039,-6.636,229.403,-44.424,6.501,7.864,-44.013,-18.011,,152.697,1.210053,0.805445,0.63,52.063848,78.217666,50.312669,
12/31/2015,651.581,599.874,0.0,64.742,0.0,535.132,0.0,51.707,0.0,0.0,-443.878,257.505,41.469,139.953,,0.0,4.951,207.703,73.407,98.915,-18.038,-154.284,281.11,0.45,230.742,-1.984,-1.984,0.0,283.544,-1.869,251.107,0.022,22.486,230.742,81.834,-146.924,188.537,1.22,1.213332,0.434047,189.688,1.22,1.209541,0.434047,,131.91,37.275,,0.0,4.141,-142.693,0.0,,,0.0,259.528,-21.469,238.059,-45.158,6.518,9.344,-109.889,-31.129,,90.231,1.255003,0.475681,0.63,50.199085,132.441666,45.76705,
03/31/2016,613.037,579.067,0.0,59.575,0.0,519.492,0.0,33.97,0.0,0.0,-613.317,256.349,48.704,142.957,,0.0,165.307,-0.28,-89.213,100.489,-7.044,-4.232,-89.493,-2.831,-114.163,-0.716,-0.716,0.0,-91.608,-20.942,-93.799,0.022,-72.11,-114.163,45.107,159.986,188.658,-0.61,-0.61,0.239094,188.658,-0.61,-0.61,0.238021,,134.121,39.046,,160.7,4.353,0.0,,,,,203.137,-4.576,198.561,-41.761,14.571,9.265,,-15.225,,93.301,1.046909,0.491928,0.63,60.177134,128.067566,58.509548,
06/30/2016,621.708,588.019,0.0,60.841,0.0,527.178,0.0,33.689,0.0,0.0,-434.894,245.138,45.564,141.313,,0.0,2.879,186.814,81.202,105.576,-17.031,-169.747,268.016,-2.109,220.463,-2.475,-2.475,0.0,268.382,-0.588,240.826,0.022,-99.554,220.463,58.477,-159.511,188.772,1.17,1.16,0.309776,189.885,1.16,1.15,0.309776,,133.218,38.308,,0.0,0.049,-161.721,-0.319,,,,229.432,-4.418,225.014,-42.284,7.215,8.508,,-5.521,,93.378,1.185001,0.491761,0.63,53.164492,128.111065,51.835123,
09/30/2016,502.753,472.11,0.0,60.957,0.0,411.153,0.0,30.643,0.0,0.0,-354.292,213.762,33.584,105.877,,0.0,1.069,148.461,-68.374,79.721,-4.888,-6.459,80.087,-4.563,66.125,-25.08,-25.08,0.0,100.604,-10.403,92.58,0.022,-64.815,66.125,41.045,0.0,188.901,0.35,0.23,0.23,190.048,0.35,0.23,0.23,,130.892,40.281,,0.0,1.134,0.0,-2.522,,,0.0,225.529,12.389,237.918,-34.915,6.117,8.539,,-9.963,,142.881,1.251607,0.751649,0.63,50.335284,83.815693,52.768216,
12/31/2016,513.974,481.922,0.0,58.732,0.0,423.19,0.0,32.052,0.0,0.0,-361.677,218.02,31.05,104.64,,0.0,7.967,152.297,42.133,80.206,-112.704,-9.635,194.43,0.998,651.181,-509.116,-509.116,0.0,704.544,-9.395,667.31,0.021,1413.358,651.181,141.857,-0.208,188.896,3.447299,0.752081,0.750979,190.26,3.422585,0.746689,0.745596,,133.389,37.16,,0.0,0.792,-15.302,-0.012,,,0.869,798.703,-799.175,-0.472,-27.827,6.077,8.402,-124.014,-8.546,-267.657,999.321,-0.002481,5.253584,0.63,,11.991813,14.909024,
03/31/2017,508.058,473.925,0.0,59.033,0.0,414.892,0.0,34.133,0.0,0.0,-376.245,220.659,47.237,105.128,,0.0,3.221,131.813,-71.433,82.724,-1.626,-9.665,60.38,-1.851,47.752,-15.318,-15.318,0.0,73.847,-10.517,63.881,0.02,-1.15,47.752,31.933,-0.501,189.21,0.25,0.18,0.16877,190.372,0.25,0.18,0.16877,,130.469,39.074,,,3.051,-2.267,-1.853,,0.0,,205.729,2.943,208.672,-15.522,14.276,8.981,-72.491,-9.007,,133.759,1.095897,0.702471,0.71,64.787092,101.071719,65.299058,
06/30/2017,511.087,480.3,0.0,51.657,0.0,428.643,0.0,30.787,0.0,0.0,-357.277,215.7,35.405,105.123,,0.0,1.049,153.81,-25.047,84.789,-50.412,-9.33,128.763,0.61,115.972,-18.111,-18.111,0.0,147.484,-9.356,132.101,0.04,8.184,115.972,97.861,0.0,189.395,0.61,0.52,0.52,190.444,0.61,0.52,0.52,,128.527,37.682,,,0.167,0.0,-15.339,,,,257.693,-19.788,237.905,-13.059,7.35,8.353,-61.417,-10.435,-15.933,160.948,1.249212,0.84512,0.71,56.835813,84.011755,52.182422,
09/30/2017,528.755,495.463,0.0,63.401,0.0,432.062,0.0,33.292,0.0,0.0,-366.52,225.226,34.286,104.972,,0.0,2.036,162.235,-123.871,85.068,48.109,-9.306,38.364,-1.188,-29.026,47.93,47.93,0.0,-10.754,-8.572,-12.898,0.019,25.901,-29.026,18.904,0.0,189.593,-0.15,0.09,0.09,190.847,-0.15,0.09,0.09,,102.953,31.997,,,4.329,-1.53,0.008,,,,100.178,88.811,188.989,-9.17,5.693,6.22,-36.955,-8.989,-27.565,144.124,0.990026,0.754999,0.6,60.60448,79.470317,113.553674,
12/31/2017,536.226,498.688,0.0,59.333,0.0,439.355,0.0,37.538,0.0,0.0,-376.495,225.011,34.916,114.166,,0.0,2.402,159.731,-68.569,93.073,-14.511,-9.993,91.162,-38.884,27.319,-1.273,-1.273,0.0,53.551,-8.01,44.332,0.018,73.645,27.319,26.046,0.0,189.898,0.14,0.14,0.14,191.02,0.14,0.14,0.14,,106.017,28.247,,0.0,0.145,0.0,-0.585,,,0.0,153.151,33.974,187.125,-8.04,5.51,9.236,-274.465,-9.278,-23.893,-40.16,0.979609,-0.21024,0.6,61.248898,,74.39638,
03/31/2018,536.437,500.42,0.0,60.31,0.0,440.11,0.0,36.017,0.0,0.0,-402.673,237.602,43.633,108.686,,0.0,12.752,133.764,-131.665,88.166,18.711,24.788,2.099,-1.454,-17.841,0.363,0.363,0.0,0.282,-7.911,9.68,0.016,2.295,-17.841,-17.478,0.0,190.081,-0.09,-0.09,-0.09,190.081,-0.09,-0.09,-0.09,,100.41,28.106,,,0.004,0.0,-0.305,,0.0,,102.479,71.363,173.842,-7.43,13.669,8.104,-12.853,-8.509,-35.692,133.426,0.909896,0.698357,0.63,69.238682,90.211735,116.854214,
06/30/2018,541.818,502.907,0.0,58.312,0.0,444.595,0.0,38.911,0.0,0.0,-385.348,235.981,34.427,111.846,,0.0,3.094,156.47,-51.348,87.657,20.219,-56.528,105.122,-0.467,111.534,-0.683,-0.683,0.0,105.338,-5.511,124.068,0.016,4.355,111.534,87.292,-23.559,190.2,0.59,0.59,0.458948,191.168,0.58,0.58,0.456763,,103.599,25.488,,,0.0,-24.177,-0.272,,,-16.024,194.653,-8.248,186.405,-2.692,6.975,8.034,-12.751,-8.625,-55.314,126.387,0.975085,0.661131,0.63,64.609769,95.29132,61.558774,
09/30/2018,542.048,503.947,0.0,66.387,0.0,437.56,0.0,38.101,0.0,0.0,-385.092,235.575,31.977,113.169,,0.0,4.371,156.956,64.088,88.951,-7.016,-146.023,221.044,-1.943,190.645,-0.061,-0.061,0.0,219.162,0.535,203.179,0.015,3.386,190.645,49.315,-141.269,190.245,1.0,1.0,0.259218,191.327,1.0,1.0,0.259218,,105.015,23.688,,,0.0,-133.961,-3.421,,,0.0,182.516,3.119,185.635,-0.157,5.546,8.348,-40.563,-8.474,-4.355,149.366,0.97025,0.780684,0.63,64.931726,80.698425,65.667859,
12/31/2018,543.417,500.059,0.0,62.119,0.0,437.94,0.0,43.358,0.0,0.0,-408.746,254.32,32.934,112.869,,0.0,8.623,134.671,-4.438,83.175,48.168,-126.905,130.233,-32.669,100.494,-0.257,-0.257,0.0,97.821,-7.229,113.027,0.015,3.52,100.494,19.034,-81.203,190.348,0.53,0.53,0.099996,191.199,0.53,0.53,0.099996,,104.067,24.309,,12.0,0.0,0.0,0.0,,,-23.556,210.1,353.571,563.671,2.674,5.532,7.493,-26.219,-5.166,-38.084,513.421,2.948086,2.68527,0.63,21.369801,23.461325,57.07722,
03/31/2019,534.668,499.877,0.0,66.112,0.0,433.765,0.0,34.791,0.0,0.0,-427.206,246.895,58.02,116.709,,0.0,5.582,107.462,135.462,102.463,-7.153,-230.772,242.924,-29.743,181.488,0.137,0.137,0.0,213.044,-4.424,194.022,0.015,0.19,181.488,-38.669,-220.294,190.689,0.95,0.95,-0.202786,190.996,0.95,0.95,-0.203396,,108.483,24.99,,,,,,,,-62.868,247.684,-97.745,149.939,1.14,31.654,7.547,-26.377,-4.575,-14.601,144.917,0.785037,0.758744,0.66,84.072429,86.985902,50.812624,
06/30/2019,463.103,421.299,,51.084,,370.215,0.0,41.804,0.0,0.0,-475.564,220.752,38.872,113.035,,0.0,102.905,-12.461,2636.008,63.029,-7.07,-2691.967,2623.547,-26.914,2400.195,-0.06,-0.06,0.0,2596.693,151.357,2412.727,0.014,2.918,2400.195,-282.677,-2682.812,190.781,12.58,12.580577,-1.481683,191.058,12.56,12.559686,-1.482186,,105.453,34.631,,,31.436,,,,,-2558.757,164.329,9.446,173.775,2.593,10.52,-9.479,-11.365,-2.933,-34.488,131.541,0.909541,0.688487,0.66,72.564109,95.862339,76.624004,
09/30/2019,465.961,427.638,0.0,55.772,0.0,371.866,0.0,38.323,0.0,0.0,-358.583,226.359,33.237,96.437,,0.0,2.55,107.378,280.364,61.448,-28.136,-313.676,387.742,-23.885,322.906,0.008,0.008,0.0,363.849,3.024,335.438,0.014,4.642,322.906,13.257,-309.657,190.814,1.69,1.69,0.069476,191.024,1.69,1.69,0.068963,,89.479,37.696,,,0.0,-178.769,0.0,,,5.159,279.509,-108.543,170.966,4.713,5.871,4.775,27.356,-2.572,-95.789,119.962,0.894997,0.627994,0.66,73.743224,105.096481,45.056596,
12/31/2019,460.968,418.408,0.0,55.233,0.0,363.175,0.0,42.56,0.0,0.0,-363.802,223.975,39.791,92.926,,,7.11,97.166,86.352,59.683,67.576,-213.611,183.518,-22.897,193.217,-0.055,-0.055,0.0,160.676,-8.278,205.75,0.014,55.378,193.217,-10.673,-203.835,190.916,1.01,1.011764,-0.055904,191.14,1.01,1.009712,-0.056705,,85.609,37.389,,0.565,0.0,0.058,0.0,,,3.302,311.876,-136.836,175.04,,5.863,6.767,-93.123,-4.604,-20.701,124.62,0.915769,0.651983,2.61,285.006513,400.317285,159.772076,
03/31/2020,444.532,401.274,0.0,52.173,0.0,349.101,0.0,43.258,0.0,0.0,-364.46,230.007,52.834,92.793,,,-11.174,80.072,-171.762,58.842,164.36,-51.44,-91.69,-12.813,4.963,0.0,0.0,0.0,-104.503,-8.804,17.494,0.013,10.048,4.963,-63.626,-68.589,191.038,0.03,0.03,-0.333054,191.113,0.03,0.03,-0.333054,,85.136,40.423,,,,,,,,8.629,130.36,7.207,137.567,10.165,25.765,5.276,-20.743,4.901,-31.36,141.619,0.719707,0.740906,0.66,91.703955,89.080123,96.720681,
06/30/2020,343.026,315.194,0.0,33.025,0.0,282.169,0.0,27.832,0.0,0.0,-239.379,174.425,35.014,92.805,,,-62.865,103.647,-319.162,58.405,319.915,-59.158,-215.515,-1.837,-197.75,0.0,0.0,0.0,-217.352,-29.215,-185.22,0.012,-208.885,-197.75,-253.445,-55.695,191.104,-1.03,-1.03,-1.326215,191.104,-1.03,-1.03,-1.326215,,85.179,39.736,,,305.859,0.0,0.0,,,-0.565,203.256,-97.506,105.75,5.691,7.703,6.032,15.921,35.939,-19.756,-51.605,0.553364,-0.270036,0.66,119.270582,,62.05408,
