Date,Revenue,Sales & Services Revenue,Other Revenue,Cost of Revenue,Cost of Goods & Services,Gross Profit,Other Operating Income,Operating Expenses,"Selling, General & Admin",Research & Development,Other Operating Expense,Operating Income (Loss),Non-Operating (Income) Loss,"Interest Expense, Net",Interest Expense,Interest Income,Foreign Exch (Gain) Loss,(Income) Loss from Affiliates,Other Non-Op (Income) Loss,Pretax Income,Income Tax Expense (Benefit),Current Income Tax,Deferred Income Tax,Tax Allowance/Credit,Income (Loss) from Cont Ops,Net Extraordinary Losses (Gains),Discontinued Operations,XO & Accounting Changes,Income (Loss) Incl. MI,Minority Interest,"Net Income, GAAP",Preferred Dividends,Other Adjustments,"Net Income Avail to Common, GAAP","Net Income Avail to Common, Adj",Net Abnormal Losses (Gains),Basic Weighted Avg Shares,"Basic EPS, GAAP",Basic EPS from Cont Ops,"Basic EPS from Cont Ops, Adjusted",Diluted Weighted Avg Shares,"Diluted EPS, GAAP",Diluted EPS from Cont Ops,"Diluted EPS from Cont Ops, Adjusted",Source: Bloomberg
06/30/1990,0.019,,,,,,,,,,,,,,,,,,,,,,,,,,,,,,-1.286,,,-1.286,-1.286,,8.995832,-0.138764,-0.138764,,8.995832,-0.138764,-0.138764,-0.138764,
09/30/1990,1.32,,,,,,,,,,,,,,,,,,,,,,,,,,,,,,-0.621,,,-0.621,-0.621,,8.995832,-0.063756,-0.063756,,8.995832,-0.063756,-0.063756,-0.063756,
12/31/1990,0.903,,,,,,,,,,,,,,,,,,,,,,,,,,,,,,-1.152,,,-1.152,-1.152,,8.995832,-0.125263,-0.125263,,8.995832,-0.125263,-0.125263,-0.125263,
03/31/1991,0.766,,,,,,,-1.959,,,,-1.193,-0.038,,0.097,,0.0,,-0.059,-1.231,0.0,,,,-1.231,0.0,,,-1.231,0.0,-1.231,0.0,,-1.231,-1.231,,8.863113,-0.138764,-0.138764,,8.863113,-0.138764,-0.138764,-0.138764,
06/30/1991,0.824,,,,,,,-2.129,,,,-1.305,-0.06,,0.099,,0.0,,-0.039,-1.365,0.0,,,,-1.365,0.0,,,-1.365,0.0,-1.365,0.0,,-1.365,-1.365,,8.863113,-0.153765,-0.153765,,8.863113,-0.153765,-0.153765,-0.153765,
10/01/1991,0.831,,,,,,,-2.17,,,,-1.339,0.16,,0.118,,0.0,,-0.278,-1.179,0.0,,,,-1.179,0.0,,,-1.179,0.0,-1.179,0.0,,-1.179,-1.179,,17.540001,-0.065,-0.065,,17.540001,-0.065,-0.065,-0.065,
12/31/1991,0.812,,,,,,,-2.559,,,,-1.747,0.379,,0.089,,0.0,,-0.468,-1.368,0.0,,,,-1.368,0.0,,,-1.368,0.0,-1.368,0.0,,-1.368,-1.368,,21.676001,-0.065,-0.065,,21.676001,-0.065,-0.065,-0.065,
03/31/1992,0.9,,,,,,,-3.004,,,,-2.104,0.462,,0.101,,0.0,,-0.563,-1.642,0.0,,,,-1.642,0.0,,,-1.642,0.0,-1.642,0.0,,-1.642,-1.642,,24.048,-0.07,-0.07,,24.048,-0.07,-0.07,-0.07,
06/30/1992,0.967,,,,,,,-3.315,,,,-2.348,0.415,,0.101,,0.0,,-0.516,-1.933,0.0,,,,-1.933,0.0,,,-1.933,0.0,-1.933,0.0,,-1.933,-1.933,,24.195999,-0.08,-0.08,,24.195999,-0.08,-0.08,-0.08,
09/30/1992,0.962,,,,,,,-3.585,,,,-2.623,0.41,,0.124,,0.0,,-0.534,-2.213,0.0,,,,-2.213,0.0,,,-2.213,0.0,-2.213,0.0,,-2.213,-2.213,,24.284,-0.09,-0.09,,24.284,-0.09,-0.09,-0.09,
12/31/1992,0.938,,,,,,,-3.879,,,,-2.941,0.243,,0.127,,0.0,,-0.37,-2.698,0.0,,,,-2.698,0.0,,,-2.698,0.0,-2.698,0.0,,-2.698,-2.698,,24.348,-0.11,-0.11,,24.348,-0.11,-0.11,-0.11,
03/31/1993,0.937,,,,,,,-4.436,,,,-3.499,0.201,,0.131,,0.0,,-0.332,-3.298,0.0,,,,-3.298,0.0,,,-3.298,0.0,-3.298,0.0,,-3.298,-3.298,,24.356001,-0.135,-0.135,,24.356001,-0.135,-0.135,-0.135,
06/30/1993,4.612,,,,,,,-5.64,,,,-1.028,0.237,,0.121,,0.0,,-0.358,-0.791,0.0,,,,-0.791,0.0,,,-0.791,0.0,-0.791,0.0,,-0.791,-0.791,,24.836,-0.03,-0.03,,24.836,-0.03,-0.03,-0.03,
09/30/1993,4.726,,,,,,,-7.252,,,,-2.526,-0.124,,0.124,,0.0,,0.0,-2.65,0.0,,,,-2.65,0.0,,,-2.65,0.0,-2.65,0.0,,-2.65,-2.65,,24.916,-0.105,-0.105,,24.916,-0.105,-0.105,-0.105,
12/31/1993,17.610001,,,,,,,-9.356,,,,8.254,0.602,,0.117,,0.0,,-0.719,8.856,-0.08,,,,8.776,0.0,,,8.776,0.0,8.776,0.0,,8.776,8.776,,25.497999,0.345,0.345,,25.497999,0.345,0.345,0.345,
03/31/1994,4.9,,,,,,,-8.766,,,,-3.866,0.619,,0.113,,0.0,,-0.732,-3.247,0.0,,,,-3.247,0.0,,,-3.247,0.0,-3.247,0.0,,-3.247,-3.247,,29.490999,-0.11,-0.11,,29.490999,-0.11,-0.11,-0.11,
06/30/1994,3.937,,,,,,,-10.197,,,,-6.26,0.734,,0.105,,0.0,,-0.839,-5.526,0.0,,,,-5.526,0.0,,,-5.526,0.0,-5.526,0.0,,-5.526,-5.526,,31.902,-0.175,-0.175,,31.902,-0.175,-0.175,-0.175,
09/30/1994,5.57,,,,,,,-10.269,,,,-4.699,0.807,,0.119,,0.0,,-0.926,-3.892,0.0,,,,-3.892,0.0,,,-3.892,0.0,-3.892,0.0,,-3.892,-3.892,,31.906,-0.12,-0.12,,31.906,-0.12,-0.12,-0.12,
12/31/1994,5.164,,,,,,,-11.069,,,,-5.905,0.975,,0.102,,0.0,,-1.077,-4.93,0.0,,,,-4.93,0.0,,,-4.93,0.0,-4.93,0.0,,-4.93,-4.93,,33.202,-0.15,-0.15,,33.202,-0.15,-0.15,-0.15,
03/31/1995,5.053,,,,,,,-10.92,,,,-5.867,1.164,,0.116,,0.0,,-1.28,-4.703,0.0,,,,-4.703,0.0,,,-4.703,0.0,-4.703,0.0,,-4.703,-4.703,,34.380001,-0.135,-0.135,,34.380001,-0.135,-0.135,-0.135,
06/30/1995,6.534,,,,,,,-16.854,,,,-10.32,1.297,,0.12,,0.0,,-1.417,-9.023,0.0,,,,-9.023,0.0,,,-9.023,0.0,-9.023,0.0,,-9.023,-9.023,,34.442001,-0.26,-0.26,,34.442001,-0.26,-0.26,-0.26,
09/30/1995,2.314,,,,,,,-10.313,,,,-7.999,1.059,,0.12,,0.0,,-1.179,-6.94,0.0,,,,-6.94,0.0,,,-6.94,0.0,-6.94,0.0,,-6.94,-6.94,,34.458,-0.2,-0.2,,34.458,-0.2,-0.2,-0.2,
12/31/1995,8.18,,,,,,,-10.494,,,,-2.314,1.452,,0.125,,0.0,,-1.577,-0.862,0.0,,,,-0.862,0.0,,,-0.862,0.0,-0.862,0.0,,-0.862,-0.862,,34.563999,-0.025,-0.025,,34.563999,-0.025,-0.025,-0.025,
03/31/1996,2.473,,,,,,,-11.1,,,,-8.627,1.159,,0.119,,0.0,,-1.278,-7.468,0.0,,,,-7.468,0.0,,,-7.468,0.0,-7.468,0.0,,-7.468,-7.468,,34.664001,-0.215,-0.215,-0.215,34.664001,-0.215,-0.215,-0.215,
06/30/1996,3.116,,,,,,,-11.368,,,,-8.252,-14.073,,0.103,,0.0,,13.97,-22.325,0.0,,,,-22.325001,0.0,,,-22.325,0.0,-22.325001,0.0,,-22.325001,-22.325001,,34.796001,-0.64,-0.64,-0.21,34.796001,-0.64,-0.64,-0.21,
09/30/1996,2.93,,,,,,,-10.357,,,,-7.427,1.081,,0.109,,0.0,,-1.19,-6.346,0.0,,,,-6.346,0.0,,,-6.346,0.0,-6.346,0.0,,-6.346,-6.346,,38.728001,-0.165,-0.165,-0.165,38.728001,-0.165,-0.165,-0.165,
12/31/1996,4.822,,,,,,,-10.316,,,,-5.494,1.628,0.131,0.131,,0.0,,-1.759,-3.866,0.0,,,,-3.866,0.0,,,-3.866,0.0,-3.866,0.0,,-3.866,-3.866,,42.133998,-0.09,-0.09,-0.09,42.133998,-0.09,-0.09,-0.09,
03/31/1997,4.66,,,,,,,-12.532,,,,-7.872,2.106,,0.152,,0.0,,-2.258,-5.766,0.0,,,,-5.766,0.0,,,-5.766,0.0,-5.766,0.0,,-5.766,-5.766,,43.950001,-0.13,-0.13,-0.13,43.950001,-0.13,-0.13,-0.13,
06/30/1997,8.32,,,,,,,-13.422,,,,-5.102,3.69,,0.145,,0.0,,-3.835,-1.412,0.0,,,,-1.412,0.0,,,-1.412,0.0,-1.412,0.0,,-1.412,-1.412,,49.444,-0.03,-0.03,-0.03,49.444,-0.03,-0.03,-0.03,
09/30/1997,9.739,,,,,,,-19.261999,,,,-9.523,3.667,,0.141,,0.0,,-3.808,-5.856,0.0,,,,-5.856,0.0,,,-5.856,0.0,-5.856,0.0,,-5.856,-5.856,,50.237999,-0.115,-0.115,-0.115,50.237999,-0.115,-0.115,-0.115,
12/31/1997,7.207,,,,,,,-17.837999,,,,-10.631,3.834,0.138,0.138,,0.0,,-3.972,-6.797,0.0,,,,-6.797,0.0,,,-6.797,0.0,-6.797,0.0,,-6.797,-6.797,,50.394002,-0.135,-0.135,-0.135,50.394002,-0.135,-0.135,-0.135,
03/31/1998,3.173,,,,,,,-15.435,,,,-12.262,3.848,,0.148,,0.0,,-3.996,-8.414,0.0,,,,-8.414,0.0,,,-8.414,0.0,-8.414,0.0,,-8.414,-8.414,,50.5,-0.165,-0.165,-0.165,50.5,-0.165,-0.165,-0.165,
06/30/1998,3.247,,,,,,,-16.795,,,,-13.548,3.746,,0.159,,0.0,,-3.905,-9.802,0.0,,,,-9.802,0.0,,,-9.802,0.0,-9.802,0.0,,-9.802,-9.802,,50.577999,-0.195,-0.195,-0.195,50.577999,-0.195,-0.195,-0.195,
09/30/1998,14.633,,,,,,,-20.513,,,,-5.88,3.607,,0.177,,0.0,,-3.784,-2.273,0.0,,,,-2.273,0.0,,,-2.273,0.0,-2.273,0.0,,-2.273,-2.273,,50.616001,-0.045,-0.045,-0.045,50.616001,-0.045,-0.045,-0.045,
12/31/1998,8.002,,,,,,,-24.059999,,,,-16.058001,3.461,,0.197,,0.0,,-3.658,-12.597001,0.0,,,,-12.597,0.0,,,-12.597001,0.0,-12.597,0.0,,-12.597,-12.597,,50.694,-0.25,-0.25,-0.25,50.694,-0.25,-0.25,-0.25,
03/31/1999,3.963,,,0.0,,3.963,,-24.377,,,,-20.414,2.86,-2.982,0.0,-2.982,0.0,,0.122,-17.554,0.0,,,,-17.554,0.0,,,-17.554,0.0,-17.554,0.0,0.0,-17.554,-17.554,,50.778,-0.345,-0.345,-0.345,50.778,-0.345,-0.345,-0.345,
06/30/1999,12.516,,,-1.199,,11.317,,-24.495,,,,-13.178,2.337,-2.64,0.0,-2.64,0.0,,0.303,-10.841,0.0,,,,-10.841,0.0,,,-10.841,0.0,-10.841,0.0,0.0,-10.841,-10.841,,101.92,-0.105,-0.105,-0.105,101.92,-0.105,-0.105,-0.105,
09/30/1999,7.225,,,-0.727,,6.498,,-22.836,,,,-16.338,2.052,-2.181,0.155,-2.336,0.0,,0.129,-14.286,0.0,,,,-14.286,0.0,,,-14.286,0.0,-14.286,0.0,0.0,-14.286,-14.286,,102.208,-0.14,-0.14,-0.14,102.208,-0.14,-0.14,-0.14,
12/31/1999,26.856,,,-19.124,,7.732,,-8.478,,,,-0.746,2.461,0.143,0.143,,0.0,,-2.604,1.715,0.0,,,,1.715,0.0,,,1.715,0.0,1.715,0.0,0.0,1.715,1.715,,51.296,0.035,0.035,0.035,53.522,0.03,0.03,0.03,
03/31/2000,8.132,,,-0.872,,7.26,,-25.181,6.577,,18.604,-17.921,2.371,-3.541,0.891,-4.432,0.0,-0.019,1.189,-15.55,0.0,,,,-15.55,3.161,,,-18.711,0.0,-18.711,0.0,0.0,-18.711,-18.711,,103.856,-0.18,-0.15,-0.15,103.856,-0.18,-0.15,-0.15,
06/30/2000,27.023,,,-1.1,,25.923,,-26.286,,,,-0.363,2.965,-6.56,2.503,-9.063,0.0,,3.595,2.602,0.0,,,,2.602,0.0,,,2.602,0.0,2.602,0.0,0.0,2.602,2.602,,105.272,0.025,0.025,0.025,117.892,0.02,0.02,0.02,
09/30/2000,13.866,,,-1.147,,12.719,,-27.891,,,,-15.172,-9.686,-5.106,2.136,-7.242,0.0,,14.792,-24.858,0.0,,,,-24.858,0.0,,,-24.858,0.0,-24.858,0.0,0.0,-24.858,-24.858,,53.843,-0.46,-0.46,-0.19,53.843,-0.46,-0.46,-0.19,
12/31/2000,25.684,,,-26.108,,-0.424,,-8.465,,,,-8.889,6.776,,,,0.0,,-6.776,-2.113,0.0,,,,-2.113,0.0,,,-2.113,0.0,-2.113,0.0,0.0,-2.113,-2.113,,58.867,-0.04,-0.04,-0.04,58.867,-0.04,-0.04,-0.04,
03/31/2001,19.057,,,-0.837,,18.22,,-33.615,7.496,,26.119,-15.395,6.525,-6.525,4.774,-11.299,0.0,,0.0,-8.87,0.0,,,,-8.87,0.0,,,-8.87,0.0,-8.87,0.0,0.0,-8.87,-8.87,,60.011,-0.15,-0.15,-0.15,60.011,-0.15,-0.15,-0.15,
06/30/2001,21.443,,,-0.921,,20.522,,-37.97,,,,-17.448,5.341,-5.667,4.774,-10.441,0.0,,0.326,-12.107,0.0,,,,-12.107,0.0,,,-12.107,0.0,-12.107,0.0,0.0,-12.107,-12.107,2.658,60.337,-0.2,-0.2,-0.16,60.337,-0.2,-0.2,-0.16,
09/30/2001,40.368,,,-10.663,,29.705,,-50.107,,,,-20.402,-8.827,-7.296,4.927,-12.223,0.0,,16.123,-29.229,0.0,,,,-29.229,-17.749,,,-11.48,0.0,-11.48,0.0,0.0,-11.48,-11.48,15.751,74.682,-0.15,-0.39,-0.39,74.682,-0.15,-0.39,-0.39,
12/31/2001,51.525,,,-9.67,,41.855,,-55.018,,,,-13.163,-5.28,-6.327,4.843,-11.17,0.0,,11.607,-18.443,0.0,,,,-13.6,-10.34,,,-8.103,0.0,-3.26,0.0,,-3.26,-3.26,2.361,74.926,-0.04,-0.18,-0.15,74.926,-0.04,-0.18,-0.15,
03/31/2002,21.821,,,-46.772,,-24.951,,-8.544,,,,-33.495,4.002,-4.008,4.45,-8.458,0.0,,0.006,-29.493,0.0,,,,-29.493,-7.426,,,-22.067,0.0,-22.067,0.0,0.0,-22.067,-22.067,,75.161,-0.29,-0.39,-0.39,75.161,-0.29,-0.39,-0.39,
06/30/2002,23.542,,,-46.588,,-23.046,,-11.437,,,,-34.483,3.01,-3.034,4.433,-7.467,0.0,,0.024,-31.473,0.0,,,,-31.473,-10.454,,,-21.019,0.0,-21.019,0.0,0.0,-21.019,-21.019,,75.66,-0.28,-0.42,-0.42,75.66,-0.28,-0.42,-0.42,
09/30/2002,34.276,,,-6.577,,27.699,,-63.55,,,,-35.851,2.399,-2.399,4.412,-6.811,,,0.0,-33.452,,,,,-33.452,0.0,,,,0.0,-33.452,0.0,,-33.452,-33.452,,75.979,-0.44,-0.44,-0.44,75.979,-0.44,-0.44,-0.44,
12/31/2002,26.135,,,-58.087,,-31.952,,-9.848,,,,-41.8,1.588,-1.596,4.39,-5.986,0.0,,0.008,-40.212,0.0,,,,-40.212,-8.129,,,-32.083,0.0,-32.083,0.0,0.0,-32.083,-32.083,,76.287,-0.42,-0.53,-0.53,76.287,-0.42,-0.53,-0.53,
03/31/2003,15.989,,,-0.652,,15.337,,-61.114,,,,-45.777,-2.494,-1.405,4.363,-5.768,0.0,,3.899,-48.271,0.0,,,,-48.271,-68.882,,,20.611,0.0,20.611,0.0,0.0,20.611,20.611,3.899,76.411,0.27,0.27,-0.63,76.411,0.27,0.27,-0.63,
06/30/2003,15.952,,,-0.668,,15.284,,-59.767,,,,-44.483,-45.052,0.921,4.342,-3.421,0.0,,44.131,-89.535,0.0,,,,-89.535,0.393,,,-89.928,0.0,-89.928,0.0,0.0,-89.928,-89.928,44.131,76.764,-1.17,-1.16,-1.16,76.764,-1.17,-1.16,-1.16,
09/30/2003,15.823,,,-0.797,,15.026,,-59.063,,,,-44.037,-43.564,1.17,4.334,-3.164,0.0,,42.394,-87.601,0.0,,,,-87.601,-1.18,,,-86.421,0.0,-86.421,0.0,0.0,-86.421,-86.421,42.394,77.067,-1.12,-1.14,-1.14,77.067,-1.12,-1.14,-1.14,
12/31/2003,21.377,,,-49.309,,-27.932,,-10.474,,,,-38.406,-2.6,1.2,4.259,-3.059,0.0,,1.4,-41.006,0.0,,,,-41.006,0.023,,,-41.029,0.0,-41.029,0.0,0.0,-41.029,-41.029,1.4,77.758,-0.53,-0.53,-0.51,77.758,-0.53,-0.53,-0.51,
03/31/2004,17.513,,,-0.846,,16.667,,-51.397,,,,-34.73,-5.708,1.437,4.427,-2.99,0.0,,4.271,-40.438,0.0,,,,-40.438,0.0,,,-40.438,0.0,-40.438,0.0,0.0,-40.438,-40.438,4.271,78.094,-0.52,-0.52,-0.52,78.094,-0.52,-0.52,-0.52,
06/30/2004,18.541,,,-48.778,,-30.237,,-10.16,,,,-40.397,-3.872,2.035,4.581,-2.546,0.0,,1.837,-44.269,0.0,,,,-44.269,0.0,,,-44.269,0.0,-44.269,0.0,0.0,-44.269,-44.269,1.837,78.807,-0.56,-0.56,-0.54,78.807,-0.56,-0.56,-0.54,
09/30/2004,26.828,,,-1.466,,25.362,,-59.39,,,,-34.028,-4.743,2.189,4.634,-2.445,0.0,,2.554,-38.771,0.0,,,,-38.771,0.0,,,-38.771,0.0,-38.771,0.0,0.0,-38.771,-38.771,2.554,78.742,-0.49,-0.49,-0.49,78.742,-0.49,-0.49,-0.49,
12/31/2004,39.835,,,-2.009,,37.826,,-65.904,,,,-28.078,-14.691,,4.675,-2.342,0.0,,12.358,-42.769,0.0,,,,-42.769,0.0,,,-42.769,0.0,-42.769,0.0,0.0,-42.769,-42.769,,79.073,-0.55,-0.55,-0.38,79.073,-0.55,-0.55,-0.38,
03/31/2005,28.606,,,-59.465,,-30.859,,-9.627,,,,-40.486,-4.234,2.32,4.639,-2.319,0.0,,1.914,-44.72,0.0,,,,-44.72,0.0,,,-44.72,0.0,-44.72,0.0,0.0,-44.72,-44.72,1.914,79.428,-0.56,-0.56,-0.54,79.428,-0.56,-0.56,-0.54,
06/30/2005,32.321,,,-61.846,,-29.525,,-10.814,,,,-40.339,-0.649,2.392,4.639,-2.247,,,-1.743,-40.988,,,,,-40.988,0.0,,,,0.0,-40.988,0.0,,-40.988,-40.988,-1.743,82.274,-0.5,-0.5,-0.52,82.274,-0.5,-0.5,-0.52,
09/30/2005,36.207,,,-66.386,,-30.179,,-10.738,,,,-40.917,-38.661,0.772,4.505,-3.733,0.0,,37.889,-79.578,0.0,,,,-79.578,0.0,,,-79.578,0.0,-79.578,0.0,0.0,-79.578,-79.578,37.889,94.59,-0.84,-0.84,-0.84,94.59,-0.84,-0.84,-0.84,
12/31/2005,63.756,,,-70.941,,-7.185,,-12.811,,,,-19.996,-18.135,,3.543,-3.695,0.0,,18.287,-38.131,0.0,,,,-38.131,0.0,,,-38.131,0.0,-38.131,0.0,0.0,-38.131,-38.131,,100.54,-0.38,-0.38,-0.12,100.54,-0.38,-0.38,-0.12,
03/31/2006,39.087,,,-78.197,,-39.11,,-12.879,,,,-51.989,0.856,-1.623,2.357,-3.98,0.0,,0.767,-51.133,0.0,,,,-51.133,-1.046,,,-50.087,0.0,-50.087,0.0,0.0,-50.087,-50.087,0.767,107.44,-0.47,-0.47,-0.48,107.44,-0.47,-0.47,-0.48,
06/30/2006,29.726,,,-94.135,,-64.409,,-14.37,,,,-78.779,1.121,-1.564,2.357,-3.921,0.0,,0.443,-77.658,0.0,,,,-77.658,0.0,,,-77.658,0.0,-77.658,0.0,0.0,-77.658,-77.658,0.443,108.523,-0.72,-0.72,-0.72,108.523,-0.72,-0.72,-0.72,
09/30/2006,53.289,,,-99.228,,-45.939,,-14.773,,,,-60.712,8.91,-3.563,1.767,-5.33,0.0,,-5.347,-51.802,0.0,,,,-51.802,0.0,,,-51.802,0.0,-51.802,0.0,0.0,-51.802,-51.802,-0.196,112.803,-0.46,-0.46,-0.46,112.803,-0.46,-0.46,-0.46,
12/31/2006,94.254,,,-3.177,,91.077,,-124.984,,,,-33.907,6.563,-8.32,1.474,-9.794,0.0,,1.757,-27.344,0.0,,,,-27.344,0.0,,,-27.344,0.0,-27.344,0.0,0.0,-27.344,-27.344,1.756,123.942,-0.22,-0.22,-0.21,123.942,-0.22,-0.22,-0.21,
03/31/2007,68.81,,,-3.269,,65.541,,-149.115,,,,-83.574,2.846,-7.901,1.221,-9.122,0.0,,5.055,-80.728,0.0,,,,-80.728,0.0,,,-80.728,0.0,-80.728,0.0,0.0,-80.728,-80.728,5.055,125.756,-0.64,-0.64,-0.6,125.756,-0.64,-0.64,-0.6,
06/30/2007,38.196,,,-3.401,,34.795,,-159.509,,,,-124.714,6.947,-7.853,0.57,-8.423,0.0,,0.906,-117.767,0.0,,,,-117.767,0.0,,,-117.767,0.0,-117.767,0.0,0.0,-117.767,-117.767,0.906,129.269,-0.91,-0.91,-0.9,129.269,-0.91,-0.91,-0.9,
09/30/2007,41.014,,,-3.562,,37.452,,-150.365,,,,-112.913,5.88,-6.762,0.494,-7.256,0.0,,0.882,-107.033,0.0,,,,-107.033,0.0,,,-107.033,0.0,-107.033,0.0,0.0,-107.033,-107.033,0.882,130.006,-0.82,-0.82,-0.81,130.006,-0.82,-0.82,-0.81,
12/31/2007,50.992,,,-3.672,,47.32,,-138.792,,,,-91.472,5.721,-5.997,,-5.997,0.0,,0.276,-85.751,0.0,,,,-85.751,0.0,,,-85.751,0.0,-85.751,0.0,0.0,-85.751,-85.751,0.276,130.741,-0.66,-0.66,-0.66,130.741,-0.66,-0.66,-0.66,
03/31/2008,41.675,,,-3.576,,38.099,,-136.205,,,,-98.106,1.952,-2.582,1.914,-4.496,0.0,,0.63,-96.154,0.0,,,,-96.154,0.0,,,-96.154,0.0,-96.154,0.0,0.0,-96.154,-96.154,0.63,134.471,-0.72,-0.72,-0.72,134.471,-0.72,-0.72,-0.72,
06/30/2008,69.409,,,-3.701,,65.708,,-156.021,,,,-90.313,-1.008,-0.16,3.833,-3.993,0.0,,1.168,-91.321,0.0,,,,-91.321,0.0,,,-91.321,0.0,-91.321,0.0,0.0,-91.321,-91.321,1.168,138.725,-0.66,-0.66,-0.65,138.725,-0.66,-0.66,-0.65,
09/30/2008,31.609,,,-4.194,,27.415,,-157.158,,,,-129.743,-0.301,-0.584,3.812,-4.396,0.0,,0.885,-130.044,0.0,,,,-130.044,0.0,,,-130.044,0.0,-130.044,0.0,0.0,-130.044,-130.044,0.885,140.109,-0.93,-0.93,-0.92,140.109,-0.93,-0.93,-0.92,
12/31/2008,32.811,,,-4.215,,28.596,,-168.818,,,,-140.222,-2.11,-3.443,,-3.443,0.0,,5.553,-142.332,0.0,,,,-142.332,0.0,,,-142.332,0.0,-142.332,0.0,0.0,-142.332,-142.332,1.641,148.783,-0.96,-0.96,-0.95,148.783,-0.96,-0.96,-0.95,
03/31/2009,23.979,,23.979,-3.576,3.576,20.403,0.0,-182.296,28.52,143.581,10.195,-161.893,-0.779,0.779,3.378,-2.599,,,0.0,-162.672,,,,,-162.672,0.0,0.0,0.0,-162.672,,-162.672,0.0,0.0,-162.672,-152.477,10.195,155.86,-1.04,-1.04,-0.978295,155.86,-1.04,-1.04,-0.978295,
06/30/2009,19.064,,19.064,-3.267,3.267,15.797,0.0,-172.964,32.526,139.331,1.107,-157.167,-14.13,1.836,3.325,-1.489,0.0,,12.294,-171.297,0.0,0.0,0.0,0.0,-171.297,0.0,0.0,0.0,-171.297,0.0,-171.297,0.0,0.0,-171.297,-157.896,13.401,172.563,-0.99,-0.99,-0.915005,172.563,-0.99,-0.99,-0.915005,
09/30/2009,24.957,,24.957,-3.712,3.712,21.245,0.0,-169.478,36.572,132.132,0.774,-148.233,-1.332,1.332,1.927,-0.595,0.0,,0.0,-149.565,0.0,0.0,0.0,0.0,-149.565,0.0,0.0,0.0,-149.565,0.0,-149.565,0.0,0.0,-149.565,-148.791,0.774,178.735,-0.84,-0.84,-0.832467,178.735,-0.84,-0.84,-0.83567,
12/31/2009,33.889,,33.889,-3.647,3.647,30.242,0.0,-176.961,32.574,135.23,9.157,-146.719,-11.925,4.235,4.562,-0.327,,,7.69,-158.644,0.0,,,,-158.644,0.0,0.0,0.0,-158.644,0.0,-158.644,0.0,0.0,-158.644,-144.66845,13.97555,185.492,-0.86,-0.86,-0.779917,185.492,-0.86,-0.86,-0.784657,
03/31/2010,22.429,,22.429,-3.367,3.367,19.062,0.0,-179.344,35.552,143.012,0.78,-160.282,-4.989,3.5,3.955,-0.455,,,1.489,-165.271,0.0,,,,-165.271,0.0,0.0,0.0,-165.271,0.0,-165.271,0.0,0.0,-165.271,-163.52315,1.74785,198.935,-0.83,-0.83,-0.821993,198.935,-0.83,-0.83,-0.821993,
06/30/2010,31.622,0.0,31.622,-3.086,3.086,28.536,0.0,-198.109,40.915,155.082,2.112,-169.573,-30.433,3.199,3.683,-0.484,0.0,0.0,27.234,-200.006,0.0,0.0,0.0,0.0,-200.006,0.0,0.0,0.0,-200.006,0.0,-200.006,0.0,0.0,-200.006,-180.1919,19.8141,200.397,-1.0,-1.0,-0.899175,200.397,-1.0,-1.0,-0.901126,
09/30/2010,23.795,0.0,23.795,-3.228,3.228,20.567,0.0,-220.155,48.855,170.434,0.866,-199.588,-9.369,3.458,3.951,-0.493,0.0,0.0,5.911,-208.957,0.0,0.0,0.0,0.0,-208.957,0.0,0.0,0.0,-208.957,0.0,-208.957,0.0,0.0,-208.957,-204.24885,4.70815,200.887,-1.04,-1.04,-1.016735,200.887,-1.04,-1.04,-1.016735,
12/31/2010,65.524,0.0,65.524,-3.049,3.049,62.475,0.0,-229.109,62.478,168.888,-2.257,-166.634,-13.758,7.163,7.686,-0.523,,,6.595,-180.392,0.0,,,,-180.392,0.0,0.0,0.0,-180.392,0.0,-180.392,0.0,0.0,-180.392,-178.36225,2.02975,201.355,-0.9,-0.9,-0.88581,201.355,-0.9,-0.9,-0.88992,
03/31/2011,73.662,0.0,73.662,-2.666,2.666,70.996,0.0,-230.895,71.523,158.612,0.76,-159.899,-16.197,10.599,12.001,-1.402,,,5.598,-176.096,0.0,,,,-176.096,0.0,0.0,0.0,-176.096,0.0,-176.096,0.0,0.0,-176.096,-171.6973,4.3987,202.329,-0.87,-0.87,-0.848605,202.329,-0.87,-0.87,-0.848605,
06/30/2011,114.424,74.535,39.889,-9.306,9.306,105.118,0.0,-271.008,96.663,173.604,0.741,-165.89,-8.98,6.76,6.962,-0.202,,,2.22,-174.87,-24.448,,,,-199.318,0.0,0.0,0.0,-199.318,25.249,-174.069,0.0,0.0,-174.069,-171.885,2.184,204.413,-0.85,-0.85,-0.840871,204.413,-0.85,-0.85,-0.840871,
09/30/2011,659.2,419.595,239.605,-38.406,38.406,620.794,0.0,-405.087,110.654,189.052,105.381,215.707,-15.097,6.982,7.059,-0.077,,,8.115,200.61,27.842,,,,228.452,0.0,0.0,0.0,228.452,-7.342,221.11,0.0,0.0,221.11,316.52375,95.41375,206.002,1.06,1.06,1.536508,219.349,1.02,1.02,1.454986,
12/31/2011,563.34,456.759,106.581,-30.127,30.127,533.213,0.0,-309.311,121.881,186.438,0.992,223.902,-13.101,12.233,12.43,-0.197,,,0.868,210.801,-22.66,,,,188.141,0.0,0.0,0.0,188.141,-29.512,158.629,0.0,0.0,158.629,212.6852,54.0562,206.758,0.76,0.76,1.028667,217.602,0.74,0.74,0.988418,
03/31/2012,438.737,375.375,63.362,-39.211,39.211,399.526,0.0,-307.877,111.146,196.371,0.36,91.649,-3.741,3.741,4.105,-0.364,,,0.0,87.908,-0.032,,,,87.876,0.0,0.0,0.0,87.876,3.714,91.59,0.0,0.0,91.59,90.98,-0.61,208.018,0.44,0.44,0.437366,219.264,0.43,0.43,0.427218,
06/30/2012,418.305,373.273,45.032,-114.423,114.423,303.882,0.0,-314.652,117.514,196.544,0.594,-10.77,-3.635,3.635,4.195,-0.56,,,0.0,-14.405,-20.063,,,,-34.468,0.0,0.0,0.0,-34.468,-30.463,-64.931,0.0,0.0,-64.931,-8.167,56.764,211.344,-0.31,-0.31,-0.038643,211.344,-0.31,-0.31,-0.041414,
09/30/2012,336.006,303.501,32.505,-38.536,38.536,297.47,0.0,-298.541,97.684,200.161,0.696,-1.071,-4.041,4.041,4.56,-0.519,,,0.0,-5.112,-21.355,,,,-26.467,0.0,0.0,0.0,-26.467,-31.076,-57.543,0.0,0.0,-57.543,0.713,58.256,213.767,-0.27,-0.27,0.003335,213.767,-0.27,-0.27,0.002521,
12/31/2012,333.994,281.309,52.685,-87.715,87.715,246.279,0.0,-323.755,110.452,213.109,0.194,-77.476,-3.296,3.296,3.793,-0.497,,,0.0,-80.772,2.696,,,,-78.076,0.0,0.0,0.0,-78.076,1.928,-76.148,0.0,0.0,-76.148,-73.744,2.404,214.607,-0.35,-0.35,-0.343623,214.607,-0.35,-0.35,-0.343623,
03/31/2013,328.368,267.381,60.987,-42.743,42.743,285.625,0.0,-723.913,92.879,218.095,412.939,-438.288,-4.652,3.465,3.965,-0.5,,,1.187,-442.94,130.313,,,,-312.627,0.0,0.0,0.0,-312.627,4.611,-308.016,0.0,0.0,-308.016,-25.403,282.613,215.421,-1.43,-1.43,-0.117923,215.421,-1.43,-1.43,-0.11809,
06/30/2013,310.75,254.789,55.961,-37.931,37.931,272.819,0.0,-329.752,106.521,222.455,0.776,-56.933,-6.578,6.551,,,,,0.027,-63.511,1.799,,,,-61.712,0.0,0.0,0.0,-61.712,4.547,-57.165,0.0,0.0,-57.165,-52.561,4.604,222.053,-0.26,-0.26,-0.236705,222.053,-0.26,-0.26,-0.239266,
09/30/2013,221.7,186.653,35.047,-27.339,27.339,194.361,0.0,-317.917,86.427,219.442,12.048,-123.556,4.656,0.095,,,,,-4.751,-118.9,-2.555,,,,-121.455,7.207,7.207,0.0,-128.662,4.53,-124.132,0.0,0.0,-124.132,-98.905,18.02,230.505,-0.54,-0.508734,-0.42908,230.505,-0.54,-0.508734,-0.430558,
12/31/2013,351.157,128.822,222.335,-22.264,22.264,328.893,0.0,-603.055,75.188,249.609,278.258,-274.162,-66.091,,,,,,66.091,-340.253,155.704,,,,-184.549,0.0,0.0,0.0,-184.549,228.834,44.285,0.0,0.0,44.285,229.5272,185.2422,231.264,0.19,0.19,0.99249,231.264,0.19,0.19,0.990999,
03/31/2014,118.451,103.461,14.99,-15.476,15.476,102.975,0.0,-319.017,74.212,238.617,6.188,-216.042,-15.266,15.717,,,,,-0.451,-231.308,-0.803,,,,-232.111,0.346,0.346,0.0,-232.457,0.0,-232.457,0.0,0.0,-232.457,-212.169,19.942,232.887,-1.0,-1.0,-0.911038,232.887,-1.0,-1.0,-0.91437,
06/30/2014,138.421,122.319,16.102,-17.3,17.3,121.121,0.0,-301.663,77.446,224.487,-0.27,-180.542,22.146,15.585,,,,,-37.731,-158.396,-0.693,,,,-159.089,0.293,0.293,0.0,-159.382,0.0,-159.382,0.0,0.0,-159.382,-185.336,-26.247,233.808,-0.68,-0.68,-0.792685,233.808,-0.68,-0.68,-0.792685,
09/30/2014,178.987,137.099,41.888,-14.184,14.184,164.803,0.0,-307.006,75.224,190.939,40.843,-142.203,-24.374,20.384,,,,,3.99,-166.577,-3.419,,,,-169.996,0.064,0.064,0.0,-170.06,0.0,-170.06,0.0,0.0,-170.06,-126.564,43.432,236.137,-0.72,-0.72,-0.535977,236.137,-0.72,-0.72,-0.536073,
12/31/2014,144.556,124.942,19.614,-14.027,14.027,130.529,0.0,-284.154,78.527,201.463,4.164,-153.625,-24.969,21.177,,,,,3.792,-178.594,-2.043,,,,-180.637,0.209,0.209,0.0,-180.846,4.19,-176.656,0.0,0.0,-176.656,-173.6611,2.7859,238.272,-0.74,-0.74,-0.728836,238.272,-0.74,-0.74,-0.728836,
03/31/2015,138.509,130.875,7.634,-12.307,12.307,126.202,0.0,-298.187,85.86,215.599,-3.272,-171.985,-26.42,21.307,,,,,5.113,-198.405,-0.299,,,,-198.704,0.0,0.0,0.0,-198.704,0.098,-198.606,0.0,0.0,-198.606,-202.173,-3.567,239.493,-0.83,-0.83,-0.844171,239.493,-0.83,-0.83,-0.844894,
06/30/2015,166.076,160.388,5.688,-16.86,16.86,149.216,0.0,-320.38,94.394,223.858,2.128,-171.164,-19.697,21.111,,,,,-1.414,-190.861,-30.131,,,,-220.992,0.0,0.0,0.0,-220.992,32.144,-188.848,0.0,0.0,-188.848,-187.67,1.178,240.757,-0.78,-0.78,-0.7795,240.757,-0.78,-0.78,-0.7795,
09/30/2015,309.816,302.511,7.305,-31.96,31.96,277.856,0.0,-347.882,99.772,246.284,1.826,-70.026,-22.46,21.134,,,,,1.326,-92.486,-1.33,,,,-93.816,0.0,0.0,0.0,-93.816,-1.333,-95.149,0.0,0.0,-95.149,-94.935,0.214,241.969,-0.39,-0.39,-0.392344,241.969,-0.39,-0.39,-0.392344,
12/31/2015,417.935,406.55,11.385,-63.385,63.385,354.55,0.0,-408.254,96.549,310.181,1.524,-53.704,-22.344,20.654,,,,,1.69,-76.048,1.379,,,,-74.669,0.0,0.0,0.0,-74.669,0.938,-73.731,0.0,0.0,-73.731,-73.277,0.454,242.987,-0.31,-0.31,-0.301568,242.987,-0.31,-0.31,-0.308132,
03/31/2016,398.08,394.41,3.67,-50.649,50.649,347.431,0.0,-361.761,105.214,255.86,0.687,-14.33,-16.287,20.698,,,,,-4.411,-30.617,-5.485,,,,-36.102,0.0,0.0,0.0,-36.102,-5.529,-41.631,0.0,0.0,-41.631,-41.195,0.436,243.831,-0.17,-0.17,-0.168949,243.831,-0.17,-0.17,-0.168949,
06/30/2016,431.608,425.651,5.957,-45.252,45.252,386.356,0.0,-383.003,111.652,271.008,0.343,3.353,-21.374,20.155,,,,,1.219,-18.021,-18.13,,,,-36.151,0.0,0.0,0.0,-36.151,-28.374,-64.525,0.0,0.0,-64.525,-64.388,0.137,244.482,-0.26,-0.26,-0.263365,244.482,-0.26,-0.26,-0.263365,
09/30/2016,413.783,409.689,4.094,-54.077,54.077,359.706,0.0,-378.433,106.055,272.37,0.008,-18.727,-20.307,20.14,,,,,0.167,-39.034,-0.503,,,,-39.537,0.0,0.0,0.0,-39.537,0.696,-38.841,0.0,0.0,-38.841,-41.278,-2.437,244.92,-0.16,-0.16,-0.168537,244.92,-0.16,-0.16,-0.16995,
12/31/2016,458.706,453.882,4.824,-60.482,60.482,398.224,0.0,-358.584,109.908,248.452,0.224,39.64,-19.334,20.439,,,0.0,,-1.105,20.306,7.453,,,,27.759,0.0,0.0,0.0,27.759,5.186,32.945,0.0,0.0,32.945,33.0906,0.1456,245.454,0.13,0.13,0.134814,247.757,0.13,0.13,0.130588,
03/31/2017,714.718,480.622,234.096,-46.988,46.988,667.73,0.0,-396.888,113.326,273.563,9.999,270.842,-17.309,16.765,,,,,0.544,253.533,-3.985,,,,249.548,0.0,0.0,0.0,249.548,-1.792,247.756,0.0,0.0,247.756,259.9889,12.2329,246.024,1.01,1.01,1.056762,248.7,0.99,0.99,1.039187,
06/30/2017,544.135,513.988,30.147,-71.205,71.205,472.93,0.0,-420.223,127.249,289.451,3.523,52.707,-17.201,14.664,,,,,2.537,35.506,-4.337,,,,31.169,0.0,0.0,0.0,31.169,-13.173,17.996,0.0,0.0,17.996,18.16695,0.17095,247.521,0.07,0.07,0.073396,251.635,0.07,0.07,0.070679,
09/30/2017,578.165,549.642,28.523,-72.874,72.874,505.291,0.0,-831.334,120.71,454.947,255.677,-326.043,-91.127,13.574,,,,,77.553,-417.17,125.903,,,,-291.267,0.0,0.0,0.0,-291.267,188.315,-102.952,0.0,0.0,-102.952,187.88,290.832,250.268,-0.41,-0.41,0.750715,250.268,-0.41,-0.41,0.750715,
12/31/2017,651.634,621.228,30.406,-84.052,84.052,567.582,0.0,-441.845,134.794,306.664,0.387,125.737,-13.295,12.547,,,,,0.748,112.442,-10.257,,,,102.185,0.0,0.0,0.0,102.185,-1.501,100.684,0.0,0.0,100.684,101.5472,0.8632,251.557,0.4,0.4,0.403675,256.804,0.39,0.39,0.393361,
03/31/2018,640.799,637.729,3.07,-71.613,71.613,569.186,0.0,-440.285,129.808,310.553,-0.076,128.901,85.741,11.097,,,,,-96.838,214.642,12.659,,,,227.301,0.0,0.0,0.0,227.301,-17.038,210.263,0.0,0.0,210.263,115.04096,-95.22204,253.231,0.83,0.83,0.454293,258.526,0.81,0.81,0.441673,
06/30/2018,752.157,749.912,2.245,-104.382,104.382,647.775,0.0,-474.897,137.303,337.532,0.062,172.878,43.713,10.106,18.155,-8.049,,,-53.819,216.591,-10.341,,,,206.25,0.0,0.0,0.0,206.25,1.11,207.36,0.0,0.0,207.36,155.31698,-52.04302,254.135,0.82,0.82,0.611159,258.584,0.8,0.8,0.598738,
09/30/2018,784.535,782.511,2.024,-111.255,111.255,673.28,0.0,-467.631,137.295,330.51,-0.174,205.649,-69.138,8.143,18.686,-10.543,,,60.995,136.511,-8.055,,,,128.456,0.0,0.0,0.0,128.456,0.29,128.746,0.0,0.0,128.746,197.67339,68.92739,254.905,0.51,0.51,0.775479,259.788,0.5,0.5,0.765322,
12/31/2018,870.106,868.173,1.933,-122.289,122.289,747.817,0.0,-620.095,153.21,437.881,29.004,127.722,-95.225,4.773,18.744,-13.971,,,90.452,32.497,1492.599,,,,1525.096,0.0,0.0,0.0,1525.096,25.431,1550.527,0.0,0.0,1550.527,1781.819777,231.292777,254.868,6.08,6.08,6.991147,259.812,5.97,5.97,6.860231,
03/31/2019,858.435,857.253,1.182,-95.092,95.092,763.343,0.0,-486.535,147.045,339.49,0.0,276.808,43.357,-0.747,14.868,-15.615,,,-42.61,320.165,-51.534,,,,268.631,0.0,0.0,0.0,268.631,0.0,268.631,0.0,0.0,268.631,250.751782,-17.879218,255.695,1.05,1.05,0.980668,260.175,1.03,1.03,0.96128,
06/30/2019,941.293,940.38,0.913,-135.74,135.74,805.553,0.0,-535.593,156.502,379.091,0.0,269.96,57.178,-3.239,14.837,-18.076,,,-53.939,327.138,-59.711,,,,267.427,0.0,0.0,0.0,267.427,0.0,267.427,0.0,0.0,267.427,265.257422,-2.169578,256.154,1.04,1.04,1.035539,259.822,1.03,1.03,1.02165,
09/30/2019,949.828,949.828,0.0,-131.914,131.914,817.914,0.0,-718.581,159.674,555.948,2.959,99.333,-28.667,-3.08,14.548,-17.628,,,31.747,70.666,-13.148,,,,57.518,0.0,0.0,0.0,57.518,0.0,57.518,0.0,0.0,57.518,254.15463,196.63663,256.946,0.22,0.22,0.989136,260.473,0.22,0.22,0.974921,
12/31/2019,1413.265,1413.265,0.0,-185.012,185.012,1228.253,0.0,-676.788,195.277,480.011,1.5,551.465,125.485,1.89,14.249,-12.359,,,-127.375,676.95,-93.716,,,,583.234,0.0,0.0,0.0,583.234,0.0,583.234,0.0,0.0,583.234,298.566962,-284.667038,258.003,2.26,2.26,1.157223,262.108,2.23,2.23,1.143932,
03/31/2020,1515.107,1515.107,0.0,-162.497,162.497,1352.61,0.0,-632.386,182.258,448.528,1.6,720.224,-62.69,1.56,14.136,-12.576,,,61.13,657.534,-54.781,,,,602.753,0.0,0.0,0.0,602.753,0.0,602.753,0.0,0.0,602.753,633.242549,30.489549,259.815,2.32,2.32,2.437282,263.515,2.29,2.29,2.405703,
06/30/2020,1524.485,1524.485,0.0,-184.52,184.52,1339.965,0.0,-621.932,191.804,420.928,9.2,718.033,106.737,9.628,13.871,-4.243,,,-116.365,824.77,12.5,,,,837.27,0.0,0.0,0.0,837.27,0.0,837.27,0.0,0.0,837.27,593.44429,-243.82571,259.637,3.22,3.22,2.285669,263.403,3.18,3.18,2.254324,
09/30/2020,1468.905,,,,,1280.13601845,,,,,,787.5,,,,,,,,732.455,,,,,506.769,,,,,,506.769,,,506.769,592.059,,,1.953,1.953,2.28,,1.953,1.953,2.28,
12/31/2020,1480.905,,,,,1295.54012115,,,,,,779.667,,,,,,,,716.455,,,,,495.231,,,,,,495.231,,,495.231,595.235,,,1.894,1.894,2.271,,1.894,1.894,2.271,
