Date,Revenue,Rental Income,Real Estate Sales,Com & Fee Earn/Inc from REO,Mortgage Income,Other Operating Income,Operating Expenses,Property Operating Expenses,General & Administrative,Depreciation & Amortization,Provision for Loan Losses,Cost of Real Estate Sold,Other Operating Expenses,Operating Income (Loss),Non-Operating (Income) Loss,Interest Expense,(Income) Loss from Affiliates,Other Non-Op (Income) Loss,Pretax Income,Income Tax Expense (Benefit),Income (Loss) from Cont Ops,Net Extraordinary Losses (Gains),Discontinued Operations,XO & Accounting Changes,Income (Loss) Incl. MI,Minority Interest,"Net Income, GAAP",Preferred Dividends,Other Adjustments,"Net Income Avail to Common, GAAP","Net Income Avail to Common, Adj",Net Abnormal Losses (Gains),Basic Weighted Avg Shares,"Basic EPS, GAAP",Basic EPS from Cont Ops,"Basic EPS from Cont Ops, Adjusted",Diluted Weighted Avg Shares,"Diluted EPS, GAAP",Diluted EPS from Cont Ops,"Diluted EPS from Cont Ops, Adjusted",FFO Reconciliation,D&A of Con Real Estate,D&A of Uncon Real Estate,D&A from Disc Ops,Impairment of Assets,Income from Uncon JVs,Disposal of Con Assets,Disposal of Uncon Assets,Disposal of Assets from Disc Ops,Funds from Operations,Other Abnormal Gains/(Losses),Adjusted Funds from Operations,Straight-Line Rent,Stock-Based Compensation,Recurring Capital Expenditure,Accounting Adjustments,Tenant Improv & Leasing Com,Funds Available For Distribution,AFFO Per Diluted Share,FAD Per Diluted Share,Dividend Per Share,AFFO Payout Ratio,FAD Payout Ratio,FFO Payout Ratio,Source: Bloomberg
03/31/1998,824.496,823.316,,,,1.18,-743.279,556.416,,35.47,,,151.393,81.217,-44.859,37.195,,7.664,36.358,-17.477,,0.0,,,18.881,,18.881,0.0,,18.881,18.881,,67.448,0.28,0.28,0.28,67.857,0.28,0.28,0.28,,,,,,,,,,,,,,,,,,,,,,,,,
06/30/1998,37.355999,37.355999,,0.0,0.0,0.0,-13.779,0.0,1.619,7.135,5.025,,0.0,23.577,-15.379,15.379,0.0,0.0,8.198,,,7.97,,,,,0.228,0.0,,0.228,0.228,,67.772003,0.0,0.12,0.12,68.021004,0.0,0.12,0.12,,,,,,,,,,15.333,,15.333,,,,,,15.333,0.225416,0.225416,0.0,0.0,0.0,0.0,
09/30/1998,56.167999,56.167999,,0.0,0.0,0.0,-20.561,0.0,1.889,10.729,7.943,,0.0,35.607,-22.649,22.649,0.0,0.0,12.958,,,0.081,,,,,12.877,0.0,,12.877,12.877,,67.821999,0.19,0.19,0.19,67.582001,0.191,0.19,0.19,,,,,,,,,,23.687,,23.687,,,,,,23.687,0.350493,0.350493,0.0,0.0,0.0,0.0,
12/31/1998,56.409,56.409,,0.0,0.0,0.0,-21.557,0.0,2.538,10.836,8.183,,0.0,34.851999,-21.198999,21.198999,0.0,0.0,13.653,,,0.0,,,,,13.653,0.0,,13.653,13.653,,67.848,0.201,0.2,0.2,67.883003,0.2,0.2,0.2,,,,,,,,,,24.628,,24.628,,,,,,24.628,0.362801,0.362801,0.0,0.0,0.0,0.0,
03/31/1999,56.633,56.436,,0.0,0.0,0.197,-14.147,0.0,2.551,11.596,0.0,,0.0,42.486,-22.148,20.876,0.0,1.272,20.338,,,,,,,,20.338,0.0,,20.338,20.338,,67.691,0.3,0.3,0.3,67.956,0.3,0.3,0.3,,,,,,,,,,31.282,,31.282,,,,,,31.282,0.460327,0.460327,0.39,84.722332,84.722332,84.67809,
06/30/1999,57.909,57.175,,0.0,0.0,0.734,-15.721,0.0,4.562,11.159,0.0,,0.0,42.188,-22.022,22.022,0.0,0.0,20.166,,,,,,,,20.166,0.0,,20.166,20.166,,67.811,0.3,0.3,0.3,68.008,0.3,0.3,0.3,,,,,,,,,,31.11,,31.11,,,,,,31.11,0.457446,0.457446,0.0,0.0,0.0,0.0,
09/30/1999,59.057,57.544,,0.0,0.0,1.513,-23.886,0.0,5.226,11.16,7.5,,0.0,35.171,-22.144,22.398,0.0,-0.254,13.027,,,,,,,,13.027,0.0,,13.027,13.027,,67.773,0.19,0.19,0.19,68.002,0.19,0.19,0.19,,,,,,,,,,23.717,,23.717,,,,,,23.717,0.348769,0.348769,0.0,0.0,0.0,0.0,
12/31/1999,59.645508,57.445,0.0,0.0,0.0,2.201,-42.985,0.0,7.955,11.214,0.0,,23.816,16.661,-27.657,27.403,0.0,0.254,-10.996,0.0,,0.0,,,-10.996,,-10.996,0.0,,-10.996,-10.996,,68.75,-0.16,-0.16,-0.16,68.75,-0.16,-0.16,-0.16,,,,,,,,,,-1.086,,-1.086,,,,,,-1.086,-0.015796,-0.015796,0.0,0.0,0.0,,
03/31/2000,59.1,57.483,0.0,0.0,0.0,1.617,-16.649,3.322,2.288,11.039,0.0,,0.0,42.451,-35.511,23.849,0.0,11.662,6.94,0.0,,4.207,,,2.733,,2.733,0.0,,2.733,2.733,,67.898,0.04,0.1,0.1,67.912,0.04,0.1,0.1,,,,,,,,,,17.574,,17.574,,,,,,17.574,0.258776,0.258776,0.0,0.0,0.0,0.0,
06/30/2000,59.974,58.238,0.0,0.0,0.0,1.736,-28.685,3.271,2.497,10.856,0.0,,12.061,31.289,-23.777,23.777,0.0,0.0,7.512,0.0,,0.0,,,7.512,,7.512,0.0,,7.512,7.512,,68.027,0.11,0.11,0.11,68.101,0.11,0.11,0.11,,,,,,,,,,18.038,,18.038,,,,,,18.038,0.264871,0.264871,0.0,0.0,0.0,0.0,
09/30/2000,60.879,58.567,0.0,0.0,0.0,2.312,-28.637,2.735,2.602,10.831,0.0,,12.469,32.242,-23.661,23.661,0.0,0.0,8.581,0.0,,0.0,,,8.581,,8.581,0.0,,8.581,8.581,,68.038,0.13,0.13,0.13,68.224,0.13,0.13,0.13,,,,,,,,,,19.103,,19.103,,,,,,19.103,0.280004,0.280004,0.62,221.425326,221.425326,220.821651,
12/31/2000,62.368999,58.553001,0.0,0.0,0.0,3.816,-123.572001,0.0,6.522,10.801,0.0,,106.249001,-61.203001,-23.075,24.032,0.0,-0.957,-84.278001,0.0,,0.0,,,-84.278001,,-84.278,0.0,,-84.278,-84.278,,68.0,-1.24,-1.24,0.4,68.099998,-1.24,-1.24,0.4,,,,,,,,,,21.764,,21.764,,,,,,21.764,0.319589,0.319589,0.29,90.741589,90.741589,90.539423,
03/31/2001,47.624,46.118,0.0,0.0,0.0,1.506,-15.249,1.799,2.549,10.901,0.0,,0.0,32.375,-21.121,21.121,0.0,0.0,11.254,-0.675,,0.0,,,10.579,,10.579,0.0,,10.579,10.579,,68.222,0.16,0.16,0.16,68.872,0.15,0.15,0.15,,,,,,,,,,21.054,,21.054,,,,,,21.054,0.305698,0.305698,0.22,71.966562,71.966562,71.287356,
06/30/2001,46.722,45.66,,,,1.062,-14.549,1.097,2.593,10.859,,,,32.173,-23.405,23.405,,,8.768,-1.184,,-0.521,,,8.105,,8.105,,,8.105,8.105,,68.409,0.12,0.11,0.11,69.307,0.12,0.11,0.11,,,,,,,,,,18.581,,18.581,,,,,,18.581,0.268097,0.268097,0.22,82.059846,82.059846,80.996609,
09/30/2001,47.002,46.063,,,,0.939,-14.188,0.699,2.598,10.891,,,,32.814,-23.491,23.491,,,9.323,-0.469,,-0.303,,,9.157,,9.157,,,9.157,9.157,,68.491,0.13,0.13,0.13,69.584,0.13,0.13,0.13,,,,,,,,,,19.343,,19.343,,,,,,19.343,0.277981,0.277981,0.22,79.142222,79.142222,77.899085,
12/31/2001,62.305,46.382999,0.0,0.0,0.0,15.922,-15.271,0.0,3.567,10.079,0.33,,1.295,47.034001,-22.987,22.987,0.0,0.0,24.047001,0.0,,1.322,,,22.725001,,22.725,0.0,,22.725,22.725,,68.519997,0.33,0.33,0.33,69.68,0.33,0.33,0.33,,,,,,,,,,37.540001,,37.540001,,,,,,37.540001,0.538749,0.538749,0.26,48.259988,48.259988,47.440063,
03/31/2002,46.444,46.102,0.0,0.0,0.0,0.342,-13.703,0.565,2.311,10.827,0.0,,0.0,32.741,-21.211,21.211,0.0,0.0,11.53,0.0,,-1.171,,,12.701,,12.701,0.0,,12.701,12.701,,68.698,0.18,0.16,0.16,69.844,0.18,0.16,0.16,,,,,,,,,,22.068,,22.068,,,,,,22.068,0.315961,0.315961,0.2375,75.167437,75.167437,73.93409,
06/30/2002,45.347,44.974,0.0,0.0,0.0,0.373,-19.662,0.936,2.601,10.538,0.0,,5.587,25.685,-22.597,19.5,0.0,3.097,3.088,0.0,,-23.38,,,26.468,,26.468,0.0,,26.468,26.468,,68.85,0.38,0.04,0.14,70.002,0.38,0.04,0.14,,,,,,,,,,21.395,,21.395,,,,,,21.395,0.305634,0.305634,0.2375,77.707291,77.707291,76.428488,
09/30/2002,45.686,45.449,0.0,0.0,0.0,0.237,-13.605,0.9,2.41,10.177,0.0,,0.118,32.081,-17.946,19.138,0.0,-1.192,14.135,2.2,,-0.758,,,17.093,,17.093,0.0,,17.093,17.093,,69.098,0.25,0.24,0.24,70.047,0.24,0.23,0.23,,,,,,,,,,27.452,,27.452,,,,,,27.452,0.391908,0.391908,0.2375,60.600913,60.600913,59.779889,
12/31/2002,46.404999,45.183998,0.0,0.0,0.0,1.221,-13.439,0.0,3.19,9.887,0.0,,0.362,32.966001,-24.683001,19.037001,0.0,5.646,8.283,0.0,,-1.161,,,9.444,,9.444,0.0,,9.444,9.444,,70.637001,0.13,0.12,0.2,71.204002,0.13,0.12,0.2,,,,,,,,,,24.245001,,24.245001,,,,,,24.245001,0.340501,0.340501,0.238,69.897102,69.897102,69.193642,
03/31/2003,47.003,45.764,,,,1.239,-14.119,0.76,3.14,10.219,,,,32.884,3.05,17.114,,-20.164,35.934,,,-1.354,,,,,37.288,,,37.288,37.288,,78.834,0.47,0.46,0.46,79.296,0.47,0.45,0.45,,,,,,,,,,48.024,,48.024,,,,,,48.024,0.60563,0.60563,0.2675,44.168916,44.168916,43.911575,
06/30/2003,48.016,46.705,0.0,0.0,0.758,0.553,-14.386,0.702,3.08,10.235,0.0,,0.369,33.63,-18.501,19.423,0.0,-0.922,15.129,0.0,,-1.0,,,16.129,,16.129,0.0,,16.129,16.129,,78.935,0.2,0.19,0.19,79.575,0.2,0.19,0.19,,,,,,,,,,32.118,,32.118,,,,,,32.118,0.403619,0.403619,0.2675,66.275336,66.275336,65.742302,
09/30/2003,50.401001,49.355,,,,1.046,-13.813,0.416,3.136,10.261,,,,36.587999,-6.196,14.313,,-8.117,30.391999,,,-1.82,,,,,32.212002,,,32.212002,32.212002,,79.389,0.41,0.38,0.38,80.258003,0.4,0.38,0.38,,,,,,,,,,40.311001,,40.311001,,,,,,40.311001,0.502268,0.502268,0.2675,53.258457,53.258457,52.681791,
12/31/2003,50.209999,49.074001,0.0,0.0,0.0,1.136,-14.148,0.0,4.288,9.86,0.0,,0.0,36.061999,-20.948,15.696,0.0,5.252,15.113999,0.0,,-62.009998,,,77.123998,,77.124001,0.0,,77.124001,77.124001,,80.186996,0.96,0.19,0.25,81.232002,0.95,0.18,0.24,,,,,,,,,,32.262001,,32.262001,,,,,,32.262001,0.397159,0.397159,0.268,67.479315,67.479315,66.486889,
03/31/2004,54.277,53.24,,,,1.037,-15.674,0.814,3.731,11.129,,,,38.603,-15.328,15.328,,,23.275,,,,,,,,23.275,,,23.275,23.275,,81.703,0.28,0.28,0.28,82.76,0.28,0.28,0.28,,,,,,,,,,34.048,,34.048,,,,,,34.048,0.411406,0.411406,0.325,78.997298,78.997298,77.988355,
06/30/2004,59.767,58.71,0.0,0.0,0.0,1.057,-17.121,1.053,3.653,12.415,0.0,,0.0,42.646,-16.992,16.992,0.0,0.0,25.654,0.0,,0.0,,,25.654,,25.654,0.0,,25.654,25.654,,83.82,0.31,0.31,0.31,84.565,0.3,0.3,0.3,,,,,,,,,,37.696,,37.696,,,,,,37.696,0.445764,0.445764,0.325,72.908598,72.908598,72.266288,
09/30/2004,61.262,60.31,,,0.763,0.189,-17.944,0.372,4.368,13.204,,,,43.318,-18.218,16.848,,1.37,25.1,,,-0.197,,,,,25.297,,,25.297,25.297,,84.073,0.3,0.3,0.32,84.889,0.3,0.3,0.32,,,,,,,,,,38.45,,38.45,,,,,,38.45,0.452944,0.452944,0.325,71.752731,71.752731,71.063004,
12/31/2004,62.226,61.327,0.0,0.0,,0.899,-17.207,0.468,4.452,12.287,0.0,,0.0,44.367,-17.849,17.849,0.0,0.0,26.518,0.0,,-20.156,,,46.674,,46.674,0.0,,46.674,46.674,,84.532,0.56,0.32,0.32,85.18,0.55,0.31,0.31,,,,,,,,,,40.128,,40.128,,,,,,40.128,0.471097,0.471097,0.325,68.987988,68.987988,68.463417,
03/31/2005,64.003,62.739,0.0,0.0,0.652,0.612,-19.258,0.552,5.44,13.266,0.0,,0.0,44.745,-17.172,17.172,0.0,0.0,27.573,0.0,,0.0,,,27.573,,27.573,0.0,,27.573,27.573,,84.657,0.33,0.33,0.33,85.4,0.32,0.32,0.32,,,,,,,,,,40.748,,40.748,,,,,,40.748,0.477143,0.477143,0.36,75.449102,75.449102,74.792677,
06/30/2005,74.952,72.34,0.0,0.0,1.492,1.12,-24.939,0.641,6.059,18.239,0.0,,0.0,50.013,-22.905,22.73,0.0,0.175,27.108,0.0,,0.04,,,27.068,,27.068,0.0,,27.068,27.068,,88.574,0.31,0.31,0.31,89.35,0.3,0.3,0.3,,,,,,,,,,45.433,,45.433,,,,,,45.433,0.508483,0.508483,0.36,70.798759,70.798759,70.183875,
09/30/2005,95.933,93.569,,,1.573,0.791,-34.951,0.677,6.58,27.694,,,,60.982,-32.263,32.263,,,28.719,,,-0.002,,,,,28.721,,,28.721,28.721,,103.081,0.28,0.28,0.28,103.88,0.28,0.28,0.28,,,,,,,,,,56.343,,56.343,,,,,,56.343,0.542385,0.542385,0.36,66.373463,66.373463,65.862947,
12/31/2005,98.303,96.274,0.0,0.0,1.284,0.745,-36.351,0.706,6.996,28.649,0.0,,0.0,61.71,-19.902,33.416,0.0,-13.514,41.808,0.0,,-5.413,,,47.221,,47.221,0.0,,47.221,47.221,,103.542,0.46,0.4,0.28,104.176,0.45,0.4,0.28,,,,,,,,,,70.679,,70.679,,,,,,70.679,0.678458,0.678458,0.36,53.061532,53.061532,51.239661,
03/31/2006,97.814,96.505,,0.0,0.968,0.341,-35.723,0.622,6.631,28.47,0.0,,0.0,62.091,-32.957,32.957,0.0,0.0,29.134,0.0,29.134,0.0,,,29.134,,29.134,0.0,,29.134,29.134,,103.751,0.28,0.28,0.28,104.3,0.28,0.28,0.28,,28.329,,,,,,,,57.463,,57.463,-4.95,,,,,52.513,0.55094,0.50348,0.395,71.6957,78.453907,71.318318,
06/30/2006,96.736,95.525,0.0,0.0,0.839,0.372,-35.439,0.654,6.287,28.498,0.0,,0.0,61.297,-33.69,32.417,0.0,1.273,27.607,0.0,29.258,-1.651,,,29.258,,29.258,0.0,,29.258,29.258,,103.884,0.28,0.26,0.27,104.374,0.28,0.26,0.27,,28.356,,0.613,,,,,,58.227,1.273,59.5,-4.914,,,,,54.586,0.570065,0.522985,0.395,69.290303,75.528029,70.47277,
09/30/2006,106.85523,104.00423,0.0,0.0,2.566,0.285,-41.882,0.727,6.539,29.024,0.0,,5.592,64.97323,-34.019,34.019,0.0,0.0,30.95423,0.0,32.241,-1.287,,,32.24123,,32.24123,0.0,,32.24123,32.24123,,104.021,0.22,0.23,0.23,104.568,0.22,0.23,0.23,,28.543,,0.613,,,,,,61.397,-1.761639,59.635361,-4.871,,-0.046,,,54.718361,0.570302,0.52328,0.395,69.261524,75.485375,66.922317,
12/31/2006,114.447,109.918,0.0,0.0,2.641,1.888,-39.027,1.168,6.679,31.18,0.0,,0.0,75.42,-37.151,37.151,0.0,0.0,38.269,0.0,40.797,-2.528,,,40.797,,40.797,0.0,,40.797,40.797,,105.168,0.39,0.37,0.36,105.682,0.38,0.36,0.35,,30.56,,1.224,,,,,,66.989,-1.379,65.61,-5.228,,-0.089,,,60.293,0.620825,0.570513,0.395,63.625042,69.235881,62.84596,
03/31/2007,117.417,116.345,0.0,0.0,0.823,0.249,-40.801,0.941,7.581,32.279,0.0,,0.0,76.616,-33.023,38.809,0.0,-5.786,43.593,0.0,45.106,-1.518,,,45.111,,45.106,0.0,,45.106,45.106,,106.044,0.43,0.41,0.41,106.775,0.42,0.41,0.41,,31.682,,1.136,,,,,,77.924,-5.786,72.138,-4.269,,-0.036,,,67.833,0.675608,0.635289,0.475,70.307085,74.769102,64.641061,
06/30/2007,191.917,118.252,0.0,71.4,1.679,0.586,-115.897,50.407,8.023,57.467,0.0,,0.0,76.02,-36.631,54.414,0.0,-17.783,39.389,5.611,174.598,-135.205,,,180.205,-0.938,179.797,-5.199,,174.598,174.598,,117.419,1.49,0.34,0.35,117.825,1.48,0.33,0.34,,57.3,,0.73,,,,,-129.478,107.411,-20.156,87.255,-4.337,,-1.166,,,81.752,0.740547,0.693843,0.475,64.14174,68.459334,51.925804,
09/30/2007,223.492,118.365,0.0,103.938,0.477,0.712,-150.53,71.382,9.315,69.833,0.0,,0.0,72.962,-54.524,52.961,0.0,1.563,18.438,9.463,28.014,-0.788,,,28.689,1.42,28.014,0.0,,28.014,28.014,,133.205,0.21,0.2,0.21,133.503,0.21,0.2,0.21,,69.666,,0.883,,,,,,97.143,-8.45,88.693,-4.326,,-2.243,,,82.124,0.664352,0.615147,0.475,71.49823,77.217287,65.133231,
12/31/2007,219.894,112.107,0.0,106.888,,0.899,-153.375,75.395,11.506,66.474,0.0,,0.0,63.777,-2.482,49.547,0.0,-47.065,61.295,12.968,29.401,-3.43,,,77.693,-4.231,29.401,0.0,,29.401,29.401,,133.72,0.22,0.22,0.225,133.945,0.22,0.22,0.225,,67.706,,4.661,,,,,0.0,97.537,-32.846,64.691,4.159,,-4.093,,,64.757,0.482967,0.48346,0.475,98.350427,98.250189,65.120928,
03/31/2008,228.672,119.661,,107.726,0.467,0.818,-85.214,76.957,8.257,70.514,,,0.0,72.944,-52.839,52.351,,0.488,20.105,10.038,31.154,-1.489,,,31.632,-1.501,31.154,0.0,,31.154,31.154,0.567,136.381,0.23,0.22,0.22,136.673,0.23,0.22,0.22,,70.334,,1.322,,,,,,101.309,-9.837,91.472,-3.759,,-0.823,,,86.89,0.669276,0.635751,0.5125,76.57525,80.613319,68.992155,
06/30/2008,229.031,119.441,,107.312,1.48,0.798,-81.452,71.842,9.61,56.642,,,0.0,90.937,-52.791,51.389,,1.402,38.146,3.712,70.153,-28.84,,,70.698,-1.578,70.153,0.0,,70.153,70.153,1.429,138.133,0.51,0.3,0.3,138.737,0.51,0.3,0.3,,56.458,,1.333,,,,,-25.869,100.497,-2.742,97.755,-3.67,,-1.133,,,92.952,0.704607,0.669987,0.5125,72.735627,76.49401,70.44306,
09/30/2008,235.121,121.172,0.0,108.61,3.426,1.913,-93.324,81.698,11.626,49.997,0.0,,0.0,91.8,-28.964,50.745,0.0,-21.781,62.836,0.415,63.766,-1.555,,,64.806,-1.59,63.766,0.0,,63.766,63.766,,140.759,0.45,0.44,0.45,141.141,0.45,0.44,0.45,,49.811,,0.972,,,,,,112.959,-16.724,96.235,-3.786,,-2.512,,,89.937,0.681836,0.637214,0.5125,75.164714,80.428258,63.862983,
12/31/2008,232.453,122.673,0.0,105.609,3.474,0.697,-87.605,76.447,11.158,53.728,0.0,,0.0,91.12,-48.428,49.965,0.0,-1.537,42.692,1.72,57.53,-14.631,,,59.043,-1.582,58.422,0.0,,58.422,58.422,,142.963,0.4,0.3,0.29,143.047,0.4,0.3,0.29,,53.555,,1.246,,,,,-13.157,97.592,-3.585,94.007,-3.437,,-3.66,,,86.91,0.657176,0.607563,0.5125,77.985243,84.353455,75.076377,
03/31/2009,228.904,122.398,0.0,102.939,3.281,0.286,-137.618,75.468,10.598,49.498,,0.0,2.054,91.286,-46.029,45.93,,0.099,45.257,0.547,74.228,-29.165,-29.165,0.0,74.969,,74.228,0.0,,74.228,47.222,2.159,143.091,0.52,0.32,0.330014,143.145,0.52,0.32,0.330014,,49.328,-1.62,0.41,,,,,-27.871,94.475,1.117,95.592,-2.938,,-1.144,,,91.51,0.667798,0.639282,0.5125,76.74472,80.168083,77.622797,
06/30/2009,231.452,124.612,0.0,103.399,3.333,0.108,-135.064,72.564,10.355,48.643,,0.0,3.502,96.388,-49.974,43.994,,5.98,46.414,0.395,88.381,-42.374,-42.374,0.0,89.183,,88.381,0.0,,88.381,16.464,-29.543,154.441,0.57,0.3,0.106604,154.51,0.57,0.3,0.106604,,48.472,-1.496,0.266,,,,,-39.02,96.603,8.541,105.144,-3.052,,-0.632,,,101.46,0.6805,0.656657,0.5125,75.31231,78.04689,81.934321,
09/30/2009,234.637,124.809,0.0,106.515,3.214,0.099,-141.873,76.338,9.657,49.984,,0.0,5.894,92.764,-43.323,43.291,0.0,0.032,49.441,0.41,49.805,-0.579,-0.579,0.0,50.43,,49.805,0.0,,49.805,55.0,5.774,156.25,0.32,0.32,0.352,156.516,0.32,0.32,0.352,,49.819,-1.58,0.365,,,,,-0.12,98.289,5.097,103.386,-2.971,,-3.156,,,97.259,0.660546,0.6214,0.5125,77.587343,82.475092,81.472113,
12/31/2009,237.896,126.063,0.0,108.205,3.279,0.349,-139.958,78.443,8.22,51.73,,0.0,1.565,97.938,-44.267,44.248,0.0,0.019,53.671,0.367,54.081,-0.74,-0.74,0.0,54.778,,54.081,0.0,,54.081,54.612,1.271,156.296,0.35,0.35,0.349414,156.692,0.35,0.35,0.349414,,51.546,-1.653,0.362,,,,,-0.294,104.042,0.776,104.818,-2.918,,-6.614,,,95.286,0.668943,0.60811,0.5125,76.613416,84.277491,76.989773,
03/31/2010,240.888,128.522,0.0,108.486,3.617,0.263,-144.195,78.879,10.683,52.314,,0.0,2.319,96.693,-43.984,44.09,0.0,-0.106,52.709,-0.286,52.619,-0.745,-0.745,0.0,53.168,,52.619,0.0,,52.619,54.009,2.135,156.453,0.34,0.34,0.345209,156.967,0.34,0.34,0.345209,,52.085,-1.726,0.223,,,,,-0.184,103.017,2.186,105.203,-2.449,,-4.295,,,98.459,0.670224,0.627259,0.535,79.824097,85.29169,81.251012,
06/30/2010,243.32,129.626,0.0,109.867,3.705,0.122,-139.288,75.183,9.858,50.04,,0.0,4.207,104.032,-50.51,43.84,0.0,6.67,53.522,-0.409,58.067,-5.852,-5.852,0.0,58.965,,58.067,0.0,,58.067,57.93,5.715,156.611,0.37,0.33,0.369897,157.441,0.37,0.33,0.366299,,49.787,-1.68,0.145,,,,,-5.041,101.278,10.606,111.884,-2.526,,-2.783,,,106.575,0.710641,0.67692,0.535,75.284165,79.034422,82.729601,
09/30/2010,264.665,140.723,0.0,119.893,4.014,0.035,-159.164,82.007,15.278,52.104,,0.0,9.775,105.501,-45.492,45.519,0.392,-0.419,60.009,-1.657,57.898,-0.542,-0.542,0.0,58.894,,57.898,0.0,,57.898,62.33,4.974,156.631,0.37,0.37,0.397942,157.941,0.37,0.37,0.397942,,51.449,-0.352,0.096,,,,,-0.168,108.923,6.524,115.447,-3.0,,-6.165,,,106.282,0.73095,0.672922,0.535,73.192404,79.503994,76.932865,
12/31/2010,265.965,138.672,0.0,122.153,5.076,0.064,-157.052,79.884,14.011,50.697,,0.0,12.46,108.913,-48.804,44.614,0.272,3.918,60.109,-2.849,77.583,-21.442,-21.442,0.0,78.702,,77.583,0.0,,77.583,47.11,-9.031,156.734,0.49,0.36,0.300573,158.231,0.49,0.35,0.292925,,50.2,-0.092,0.445,,,,,-19.848,108.288,13.159,121.447,-2.192,,-21.815,,,97.44,0.76753,0.615809,0.535,69.704138,86.877653,77.434887,
03/31/2011,268.432,140.81,0.0,121.459,6.085,0.078,-164.918,86.787,14.832,51.314,,0.0,11.985,103.514,-58.431,41.74,0.17,16.521,45.083,3.197,48.984,-0.766,-0.766,0.0,49.046,,48.984,0.0,,48.984,71.187,22.969,160.42,0.31,0.3,0.443754,162.023,0.3,0.3,0.441764,,50.728,0.831,0.445,,,,,,100.988,20.028,121.016,-1.772,,-7.963,,,111.281,0.746906,0.686822,0.575,76.984221,83.718896,91.33907,
06/30/2011,359.506,139.908,0.0,211.129,8.391,0.078,-302.996,144.172,15.554,79.509,,0.0,63.761,56.51,-44.076,52.043,0.083,-8.05,12.434,6.11,19.676,-1.19,-1.19,0.0,19.734,,19.676,0.0,,19.676,74.299,55.813,176.262,0.11,0.1,0.421526,177.945,0.11,0.1,0.413653,,78.926,0.721,1.246,,,,,,100.569,40.972,141.541,-1.977,,-5.717,,,133.847,0.79542,0.752182,0.575,72.28886,76.44428,100.777228,
09/30/2011,555.378,261.368,0.0,283.565,10.072,0.373,-375.014,207.427,20.624,156.593,,0.0,-9.63,180.364,-91.903,69.518,-0.182,22.567,88.461,13.732,102.885,0.209,0.209,0.0,101.984,,102.885,0.0,,102.885,95.802,-7.292,287.365,0.36,0.36,0.333381,290.794,0.35,0.35,0.324924,,155.969,0.934,4.434,,,,,,264.222,-9.155,255.067,-5.505,,-15.109,,,234.453,0.87714,0.806251,0.575,65.553972,71.317727,62.53638,
12/31/2011,563.145,264.177,0.0,288.413,9.867,0.688,-306.404,208.808,23.527,161.439,,0.0,-87.37,256.741,-71.261,67.443,-0.019,3.837,185.48,7.622,192.948,0.605,0.605,0.0,192.497,,192.948,0.0,,192.948,101.331,-92.222,287.793,0.67,0.67,0.352097,290.607,0.66,0.66,0.342657,,160.805,0.595,4.724,,,,,,359.072,-99.733,259.339,-5.631,,-16.432,,-6.442,230.834,0.892405,0.794317,0.575,64.432663,72.38926,46.085736,
03/31/2012,566.424,267.54,0.0,290.801,8.036,0.047,-409.425,215.837,22.198,160.421,,0.0,10.969,156.999,-98.933,68.13,-0.317,31.12,58.066,-11.338,90.626,-43.364,-43.364,0.0,90.092,,90.626,0.0,,90.626,84.787,37.525,288.375,0.31,0.16,0.294016,290.813,0.31,0.16,0.289035,,159.519,0.664,4.215,,,,,-40.233,214.791,19.575,234.366,-4.89,4.834,-8.902,-15.268,-1.888,208.252,0.805899,0.716103,0.62,76.932686,86.57975,83.24022,
06/30/2012,611.964,293.671,0.0,310.076,8.152,0.065,-490.949,236.652,26.423,187.367,,0.0,40.507,121.015,-83.752,72.767,-0.514,11.499,37.263,5.179,74.025,-31.294,-31.294,0.0,73.736,,74.025,0.0,,74.025,89.388,46.657,290.17,0.26,0.15,0.308054,292.592,0.25,0.14,0.299461,,186.366,-0.205,14.402,,,,,-38.558,236.03,41.806,277.836,-5.58,6.252,-11.768,-14.746,-4.378,247.616,0.949568,0.846284,0.62,65.292849,73.261437,76.221413,
09/30/2012,638.655,308.186,0.0,321.104,9.035,0.33,-474.261,252.45,26.867,188.54,,0.0,6.404,164.394,-57.735,74.037,-17.074,0.772,106.659,8.886,111.882,3.724,3.724,0.0,111.821,,111.882,0.0,,111.882,119.329,3.723,294.928,0.38,0.39,0.404604,297.407,0.38,0.39,0.402518,,187.288,-0.521,8.082,,-16.645,,,-0.357,289.729,-4.833,284.896,-6.242,5.443,-14.628,-14.277,-4.715,250.477,0.957933,0.842203,0.62,64.722685,73.616476,63.11255,
12/31/2012,655.73,314.491,0.0,325.885,14.69,0.664,-481.632,261.998,23.022,181.426,,0.0,15.186,174.098,-76.355,75.415,-0.249,1.189,97.743,3.555,86.267,15.172,15.172,0.0,86.126,,86.267,0.0,,86.267,114.357,12.918,294.704,0.29,0.34,0.38804,297.089,0.29,0.34,0.383482,,180.158,-0.925,20.321,,,,,-1.804,284.017,9.566,293.583,-7.33,4.255,-21.897,,-6.62,261.991,0.988199,0.88186,0.62,62.740411,70.305919,64.332938,
03/31/2013,682.909,322.95,0.0,342.818,16.103,1.038,-477.344,267.201,28.774,175.468,,0.0,5.901,205.565,-82.292,78.634,-0.929,4.587,123.273,-1.744,112.193,8.431,8.431,0.0,113.098,,112.193,0.0,,112.193,124.886,4.262,291.455,0.38,0.41,0.428492,293.924,0.38,0.41,0.4245,,174.19,-0.856,11.475,,-1.241,,,-0.477,295.284,6.287,301.571,-7.865,5.662,-16.488,-8.639,-4.315,269.926,1.026017,0.918353,0.67,65.301067,72.956692,66.131199,
06/30/2013,684.109,323.448,0.0,345.131,14.733,0.797,-476.673,269.488,27.324,171.527,,0.0,8.334,207.436,-86.408,82.237,0.506,3.665,121.028,12.064,114.58,18.559,18.559,0.0,114.533,,114.58,0.0,,114.58,139.086,5.947,292.635,0.39,0.45,0.475288,295.123,0.39,0.45,0.470151,,170.111,-0.995,22.463,,,,,-1.718,304.441,-6.345,298.096,-6.465,5.138,-7.683,-7.765,-6.333,274.988,1.010074,0.931774,0.67,66.331789,71.905832,64.401789,
09/30/2013,711.249,333.477,0.0,363.258,14.448,0.066,-498.438,284.882,28.659,177.038,,0.0,7.859,212.811,-87.818,83.764,-0.11,4.164,124.993,2.78,118.296,9.174,9.174,0.0,118.599,,118.296,0.0,,118.296,133.489,6.019,292.818,0.4,0.43,0.455877,295.19,0.4,0.43,0.45039,,175.591,-1.085,11.354,,,0.0,,-0.488,303.668,3.496,307.164,-6.835,4.21,-15.202,-8.131,-8.653,272.553,1.040564,0.923314,0.67,64.388177,72.564712,64.606103,
12/31/2013,733.185,347.508,0.0,372.607,12.924,0.146,-524.307,288.061,30.349,198.042,,0.0,7.855,208.878,-98.832,90.274,1.041,7.517,110.046,-1.272,108.44,0.115,0.115,0.0,108.659,,108.44,0.0,,108.44,115.162,6.607,293.674,0.37,0.37,0.392142,296.047,0.37,0.37,0.392142,,196.52,-1.033,2.514,,0.0,,,-1.376,305.065,8.558,313.623,-9.375,5.643,-26.985,-21.036,-5.425,256.445,1.059369,0.866231,0.725,68.436969,83.695948,69.79288,
03/31/2014,741.47,353.069,0.0,377.361,10.767,0.273,-528.231,287.64,32.866,193.594,,0.0,14.131,213.239,-92.563,87.841,-0.248,4.97,120.676,-3.433,121.047,-4.031,-4.031,0.0,121.274,,121.047,0.0,,121.047,127.517,10.501,293.875,0.41,0.4,0.433916,296.245,0.41,0.4,0.433916,,192.043,-1.15,0.281,,,-1.0,,-1.438,309.783,13.572,323.355,-7.914,6.044,-12.889,-7.348,-4.244,297.004,1.091512,1.002562,0.725,66.421619,72.314725,68.776975,
06/30/2014,751.254,357.616,0.0,378.84,14.625,0.173,-522.108,288.759,31.306,190.818,,0.0,11.225,229.146,-98.94,91.501,-0.348,7.787,130.206,-3.274,138.398,-11.634,-11.634,0.0,138.566,,138.398,0.0,,138.398,139.287,12.523,293.988,0.47,0.431188,0.473785,296.504,0.47,0.430763,0.472998,,189.219,-1.166,1.247,,,-11.889,,-0.045,315.764,15.864,331.628,-9.317,5.367,-16.043,-5.459,-5.402,300.774,1.11846,1.014401,0.725,64.821245,71.470739,67.50019,
09/30/2014,704.932,287.559,0.0,403.82,13.186,0.367,-529.762,306.536,29.464,173.006,,0.0,20.756,175.17,-89.199,77.325,0.047,11.827,85.971,1.887,109.132,-21.796,-21.796,0.0,109.654,,109.132,0.0,,109.132,105.938,18.602,294.03,0.37,0.31,0.360297,296.495,0.37,0.31,0.360297,,171.399,-1.032,28.23,,,-3.625,,0.041,304.145,28.678,332.823,-12.413,5.381,-16.715,-2.584,-5.107,301.385,1.122525,1.016493,0.725,64.586544,71.323681,70.088856,
12/31/2014,732.09,291.468,0.0,422.294,14.876,3.452,-573.416,312.374,28.106,218.049,,0.0,14.887,158.674,-86.794,77.948,0.688,8.158,71.88,13.552,107.19,-22.165,-22.165,0.0,107.597,,107.19,0.0,0.304,107.19,92.87,7.845,294.81,0.36359,0.288406,0.315016,297.48,0.360327,0.285818,0.312189,,216.239,-1.174,23.241,,0.0,-1.456,,-0.052,343.988,-2.256,341.732,-9.043,4.202,28.36,-33.618,-4.166,327.771,1.148756,1.101825,0.79,68.77003,71.699205,67.705821,
03/31/2015,805.598,325.617,0.0,457.457,22.053,0.471,-628.875,340.799,34.326,216.219,,0.0,37.531,176.723,-87.474,82.328,0.251,4.895,89.249,7.25,120.442,-24.26,-24.26,0.0,120.759,,120.442,0.0,,120.442,126.816,30.634,325.454,0.37,0.295532,0.389659,329.203,0.37,0.295532,0.388587,,214.429,-0.59,31.234,,,-6.686,,0.0,358.829,28.718,387.547,-8.679,6.307,-17.962,-7.122,-4.186,355.905,1.177228,1.081111,0.79,67.106795,73.072975,71.039409,
06/30/2015,811.92,322.478,0.0,464.053,25.215,0.174,-609.361,342.662,33.959,214.711,,0.0,18.029,202.559,-87.774,83.959,-0.009,3.824,114.785,9.789,149.821,-25.712,-25.712,0.0,150.286,,149.821,0.0,,149.821,135.919,11.81,330.715,0.45,0.39,0.410985,334.026,0.45,0.39,0.410985,,212.908,-0.5,34.496,,,-7.469,,-0.277,388.979,5.368,394.347,-8.082,4.885,-19.786,-5.599,-3.734,362.031,1.180588,1.083841,0.79,66.915823,72.888935,67.225737,
09/30/2015,827.606,343.783,0.0,464.825,18.924,0.074,-674.852,347.845,32.114,226.332,,0.0,68.561,152.754,-118.216,97.135,0.955,20.126,34.538,10.697,22.852,22.118,22.118,0.0,23.117,,22.852,0.0,,22.852,122.446,77.476,332.491,0.07,0.14,0.368269,336.338,0.07,0.14,0.368269,,224.688,-0.519,13.878,,,-0.265,,0.048,260.682,104.792,365.474,-8.357,4.869,-28.203,-3.54,-5.331,324.912,1.086627,0.966028,0.73,67.180358,75.56715,93.10901,
12/31/2015,841.274,354.168,0.0,466.412,20.361,0.333,-622.153,352.334,27.636,236.795,,0.0,5.388,219.121,-107.438,103.692,0.223,3.523,111.683,11.548,124.728,-1.829,-1.829,0.0,125.06,,124.728,0.0,,124.728,120.334,-2.565,332.914,0.37,0.38,0.361457,336.406,0.37,0.38,0.361457,,235.101,1.056,0.0,,0.176,-4.16,0.019,-0.002,356.918,-10.603,346.315,-8.674,3.476,-27.195,-2.42,-6.301,305.201,1.029455,0.90724,0.73,70.911274,80.463819,68.090491,
03/31/2016,852.289,358.623,0.0,471.161,22.386,0.119,-629.418,356.222,31.726,236.387,,0.0,5.083,222.871,-107.953,103.273,0.198,4.482,114.918,8.421,148.98,-25.695,-25.695,0.0,149.034,,148.98,0.0,,148.98,125.231,1.946,335.559,0.44,0.37,0.373201,339.202,0.44,0.36,0.365737,,234.726,-0.086,0.0,,,-26.184,-0.536,0.0,356.9,-5.23,351.67,-9.845,5.029,-15.052,-2.591,-9.936,319.275,1.036757,0.941253,0.73,70.41188,77.556169,68.785654,
06/30/2016,848.404,354.206,0.0,469.941,24.146,0.111,-615.086,351.955,32.094,221.961,,0.0,9.076,233.318,-107.018,103.665,-1.418,4.771,126.3,11.549,143.162,-5.591,-5.591,0.0,143.44,,143.162,0.0,,143.162,147.263,9.692,338.901,0.42,0.41,0.434531,342.571,0.42,0.4,0.428292,,220.346,-0.594,,,,-5.739,0.041,0.001,357.217,-1.86,355.357,-5.581,5.008,-18.884,-2.374,-6.222,327.304,1.037324,0.955434,0.73,70.373408,76.405064,69.418589,
09/30/2016,867.116,368.697,0.0,466.291,31.566,0.562,-618.262,361.117,31.567,208.387,,0.0,17.191,248.854,-106.945,105.063,-0.931,2.813,141.909,8.537,149.452,0.262,0.262,0.0,150.184,,149.452,0.0,,149.452,166.314,16.6,350.274,0.43,0.43,0.474811,354.186,0.42,0.42,0.466868,,206.56,-0.752,,,,0.144,,,355.404,8.001,363.405,-5.96,5.848,-23.651,-2.292,-6.34,331.01,1.026029,0.934565,0.73,71.148107,78.111169,71.946298,
12/31/2016,875.713,394.65,0.0,460.983,19.996,0.084,-629.741,365.468,31.488,232.189,,0.0,0.596,245.972,-106.233,107.739,-2.207,0.701,139.739,2.836,207.637,-66.257,-66.257,0.0,208.832,,207.637,0.0,,207.637,140.556,-0.824,353.911,0.59,0.399479,0.397151,357.435,0.58,0.394632,0.392327,,230.353,-0.599,0.0,,0.0,-66.424,0.056,0.0,371.023,-4.126,366.897,-6.602,5.073,-36.308,-1.408,-8.231,319.421,1.026472,0.893648,0.775,75.501333,86.723204,74.00242,
03/31/2017,883.443,395.222,0.0,467.594,20.146,0.481,-623.525,368.987,33.961,217.783,,0.0,2.794,259.918,-107.151,108.804,-3.15,1.497,152.767,3.145,198.127,-43.236,-43.236,0.0,199.148,,198.127,0.0,,198.127,157.309,2.418,354.41,0.56,0.44,0.443862,357.572,0.55,0.44,0.443862,,215.961,-0.808,0.0,,-3.027,-43.289,0.023,,366.987,0.625,367.612,-5.377,5.702,-15.876,-2.117,-9.043,340.901,1.028078,0.953377,0.775,75.383366,81.289964,75.03481,
06/30/2017,895.49,399.498,0.0,463.422,32.368,0.202,-629.815,365.83,33.282,224.108,,0.0,6.595,265.675,-115.562,113.572,0.106,1.884,150.113,2.159,151.831,-0.696,-0.696,0.0,152.968,,151.831,0.0,,151.831,157.214,6.079,355.024,0.43,0.43,0.442826,358.311,0.42,0.42,0.436966,,222.347,-0.359,0.0,,0.0,-0.719,-0.082,,373.018,5.946,378.964,-5.778,4.984,-26.137,-1.345,-7.011,343.677,1.057773,0.959279,0.775,73.267157,80.789855,73.948442,
09/30/2017,899.928,401.876,0.0,464.896,32.985,0.171,-624.153,376.207,33.317,213.407,,,1.222,275.775,-126.66,113.869,-0.75,13.541,149.115,7.815,613.958,-458.261,-458.261,0.0,615.191,,613.958,0.0,,613.958,157.012,1.315,355.929,1.72,0.44,0.441133,359.333,1.71,0.44,0.441133,,211.784,-1.056,0.0,,,-458.262,-0.986,,365.438,7.087,372.525,-6.229,5.155,-24.326,-0.504,-6.573,340.048,1.036712,0.946331,0.775,74.75554,81.895225,75.646758,
12/31/2017,895.288,397.002,0.0,460.997,32.109,5.18,-642.943,372.048,34.93,232.65,,0.0,3.315,252.345,94.795,111.951,4.355,-211.101,347.14,46.68,392.554,0.015,0.015,0.0,393.805,,392.554,0.0,,392.554,179.318,-213.251,355.966,1.1,1.11,0.50375,359.184,1.09,1.1,0.50375,,230.996,-1.111,,,0.0,-214.985,-0.012,0.0,407.442,-36.76,370.682,-5.75,5.249,-43.651,0.945,-1.284,326.191,1.032011,0.908145,0.79,76.549538,86.990555,69.168618,
03/31/2018,943.705,384.809,0.0,518.081,31.181,9.634,-700.688,412.913,37.174,233.15,,0.0,17.451,243.017,-166.199,111.363,40.739,14.097,76.818,3.242,78.703,-0.038,-0.038,0.0,80.098,,78.703,0.0,,78.703,106.988,28.323,356.112,0.22,0.22,0.300434,358.853,0.22,0.22,0.298926,,231.495,-0.781,,35.708,,-0.048,,,345.077,30.515,375.592,-3.622,5.543,-15.32,0.24,-6.913,355.52,1.046646,0.990712,0.79,75.479209,79.740625,81.615118,
06/30/2018,942.304,360.262,0.0,523.278,56.417,2.347,-686.731,421.413,36.656,223.634,,0.0,5.028,255.573,-87.007,113.029,6.371,-32.393,168.566,0.734,166.519,0.0,0.0,0.0,169.3,,166.519,0.0,,166.519,135.093,-31.426,356.228,0.47,0.48,0.379232,359.0,0.46,0.47,0.379232,,222.092,-1.474,,0.0,,-34.319,0.0,,352.818,35.076,387.894,-6.572,5.857,-17.506,2.071,-6.078,365.666,1.080485,1.018568,0.79,73.115336,77.55985,79.859871,
09/30/2018,936.538,384.028,0.0,521.848,18.108,12.554,-691.534,428.389,39.677,218.579,,0.0,4.889,245.004,-149.05,107.581,0.716,40.753,95.954,7.327,101.972,0.0,0.0,0.0,103.281,,101.972,0.0,,101.972,145.939,43.967,356.318,0.29,0.29,0.409575,359.355,0.28,0.29,0.409575,,217.116,-0.995,,0.0,,-0.018,-0.875,,317.2,37.507,354.707,-8.102,6.04,-28.291,2.834,-5.286,321.902,0.987066,0.895777,0.79,80.035198,88.191577,88.856557,
12/31/2018,923.263,384.708,0.0,519.686,18.512,0.357,-714.513,427.165,38.475,244.276,,0.0,4.597,208.75,-174.098,110.524,7.208,56.366,34.652,28.65,62.273,0.0,0.0,0.0,63.302,,62.273,0.0,,62.273,64.021,1.748,356.265,0.17,0.18,0.179701,359.301,0.17,0.18,0.179701,,242.834,-1.699,,0.0,0.0,-10.354,0.0,,293.054,50.927,343.981,-6.587,7.693,-47.852,0.82,-12.815,285.24,0.955532,0.792358,0.7925,82.938093,100.017979,97.039453,
03/31/2019,942.874,401.496,0.0,523.965,17.126,0.287,-709.997,430.504,40.76,235.92,,0.0,2.813,232.877,-106.546,110.619,0.946,-5.019,126.331,1.257,125.785,0.0,0.0,0.0,127.588,,125.785,0.0,,125.785,122.923,-2.862,356.853,0.35,0.36,0.344464,360.619,0.35,0.35,0.342064,,234.471,-1.669,,0.0,0.0,-5.093,-0.799,,352.695,3.315,356.01,-8.489,6.071,-18.06,3.406,-5.955,332.983,0.987219,0.923365,0.7925,80.275992,85.827372,80.184296,
06/30/2019,950.717,398.57,0.0,523.416,19.529,9.202,-710.282,435.901,43.079,226.187,,,5.115,240.435,-86.289,110.369,2.529,-26.609,154.146,57.752,210.529,0.0,0.0,0.0,211.898,,210.529,0.0,,210.529,200.001,-10.528,361.722,0.58,0.59,0.552914,365.553,0.58,0.58,0.5512,,224.63,-1.583,,0.0,,-19.15,-0.002,,414.424,-59.286,355.138,-8.511,7.486,-24.226,2.157,-10.141,321.903,0.971509,0.880592,0.7925,81.574135,89.996288,68.593518,
09/30/2019,983.155,408.322,0.0,544.049,30.164,0.62,-741.557,461.493,40.53,234.603,,0.0,4.931,241.598,-152.675,113.967,-0.854,39.562,88.923,-2.005,85.259,0.0,0.0,0.0,86.918,,85.259,0.0,,85.259,126.961,41.702,372.426,0.23,0.23,0.340903,376.625,0.23,0.23,0.340726,,233.078,-2.952,,0.0,0.0,-0.036,-0.067,,315.282,45.195,360.477,-8.68,6.466,-32.815,5.226,-8.592,322.082,0.957124,0.85518,0.7925,82.800099,92.670597,93.455066,
12/31/2019,996.004,401.488,0.0,571.259,22.382,0.875,-875.542,480.31,41.627,348.91,,0.0,4.695,120.462,-106.875,116.707,-0.167,-9.665,13.587,-0.694,11.443,0.0,0.0,0.0,12.893,,11.443,0.0,,11.443,14.244,2.801,372.663,0.03,0.03,0.038222,376.453,0.03,0.03,0.037441,,347.371,-3.371,,0.0,,-1.4,-0.395,,353.648,-2.71,350.938,-4.393,6.088,-41.582,4.713,-15.353,300.411,0.932223,0.798004,0.7925,85.011883,99.310279,87.902095,
03/31/2020,1012.054,403.257,,579.898,24.046,4.853,-781.285,480.968,42.535,248.837,,,8.945,230.769,94.945,116.696,10.876,-222.517,325.714,149.016,473.117,0.0,0.0,0.0,474.73,,473.117,0.0,,473.117,255.11,-218.007,372.829,1.27,1.27,0.684255,375.997,1.26,1.26,0.68019,,247.33,-3.282,,,,-226.231,0.0,,490.934,-124.932,366.002,-6.788,3.619,-14.47,0.996,-10.503,338.856,0.973417,0.90122,0.7925,81.414206,87.936357,60.184665,
06/30/2020,943.198,369.165,0.0,553.002,19.491,1.54,-914.967,498.605,29.984,349.594,29.655,0.0,7.129,28.231,-131.11,123.132,5.85,2.128,-102.879,-56.356,-157.17,0.0,0.0,0.0,-159.235,,-157.17,0.0,,-157.17,-151.838,5.332,372.982,-0.42,-0.43,-0.407092,376.024,-0.42,-0.43,-0.41582,,348.11,-2.761,,,,-1.257,0.0,,186.922,58.749,245.671,-5.526,4.38,-17.211,2.559,8.891,238.764,0.653339,0.63497,0.45,68.876994,70.869478,89.944469,
09/30/2020,910.2,,,,,,,,,,,,,284.5,,,,,39.3,,,,,,,,-8.597,,,-8.597,-8.393,,,0.025,0.025,-0.018,,0.025,0.025,-0.018,,,,,,,,,,,,,,,,,,,,,,,,,
12/31/2020,905.4,,,,,,,,,,,,,278.367,,,,,,,,,,,,,-27.713,,,-27.713,-27.484,,,-0.016,-0.016,-0.046,,-0.016,-0.016,-0.046,,,,,,,,,,,,,,,,,,,,,,,,,
