Date,Revenue,Sales & Services Revenue,Other Revenue,Cost of Revenue,Cost of Goods & Services,Gross Profit,Other Operating Income,Operating Expenses,"Selling, General & Admin",Research & Development,Depreciation & Amortization,Other Operating Expense,Operating Income (Loss),Non-Operating (Income) Loss,"Interest Expense, Net",Interest Expense,Interest Income,Foreign Exch (Gain) Loss,(Income) Loss from Affiliates,Other Non-Op (Income) Loss,Pretax Income,Income Tax Expense (Benefit),Income (Loss) from Cont Ops,Net Extraordinary Losses (Gains),Discontinued Operations,XO & Accounting Changes,Income (Loss) Incl. MI,Minority Interest,"Net Income, GAAP",Preferred Dividends,Other Adjustments,"Net Income Avail to Common, GAAP","Net Income Avail to Common, Adj",Net Abnormal Losses (Gains),Basic Weighted Avg Shares,"Basic EPS, GAAP",Basic EPS from Cont Ops,"Basic EPS from Cont Ops, Adjusted",Diluted Weighted Avg Shares,"Diluted EPS, GAAP",Diluted EPS from Cont Ops,"Diluted EPS from Cont Ops, Adjusted",Source: Bloomberg
12/30/1990,4.347,,,-2.951,,1.396,,-4.449,,,,,-3.053,-0.176,,0.289,,,,-0.113,-3.229,0.0,-3.229,0.0,,,-3.229,0.0,-3.229,0.0,,-3.229,-3.229,,3.0744,-1.0,-1.0,,3.0744,-1.0,-1.0,-1.0,
03/31/1991,5.983,,,-2.309,,3.674,,-3.371,,,,,0.303,-0.263,,0.332,,,,-0.069,0.04,0.0,0.04,0.0,,,0.04,0.0,0.04,0.0,,0.04,0.04,,3.2232,0.066667,0.066667,,3.2232,0.066667,0.066667,0.066667,
07/01/1991,6.187,,,-1.48,,4.707,,-4.172,,,,,0.535,-0.464,,0.485,,,,-0.021,0.071,0.0,0.071,0.0,,,0.071,0.0,0.071,0.0,,0.071,0.071,,3.2616,0.066667,0.066667,,3.2616,0.066667,0.066667,0.066667,
09/30/1991,7.206,,,-3.148,,4.058,,-3.395,,,,,0.663,-0.461,,0.511,,,,-0.05,0.202,0.0,0.202,0.0,,,0.202,0.0,0.202,,,0.202,0.202,,3.298459,0.066667,0.066667,0.066667,3.298459,0.066667,0.066667,0.066667,
12/30/1991,8.042,,,-3.673,,4.369,,-3.922,,,,,0.447,-0.375,,0.443,,,,-0.068,0.072,-0.006,0.066,-0.202,,,0.268,0.0,0.268,0.0,,0.268,0.268,,3.537,0.066667,0.033333,,3.537,0.066667,0.033333,0.033333,
03/30/1992,9.626,,,-4.559,,5.067,,-4.159,,,,,0.908,-0.037,,0.298,,,,-0.261,0.871,-0.02,0.851,0.0,,,0.851,0.0,0.851,0.0,,0.851,0.851,,4.5585,0.2,0.2,,4.5585,0.2,0.2,0.2,
06/30/1992,9.769,,,-5.559,,4.21,,-4.096,,,,,0.114,-0.06,,0.275,,,,-0.215,0.054,-0.001,0.053,0.0,,,0.053,0.0,0.053,0.0,,0.053,0.053,,4.5063,0.0,0.0,,4.5063,0.0,0.0,0.0,
09/30/1992,9.873,,,-5.947,,3.926,,-4.397,,,,,-0.471,0.025,,0.21,,,,-0.235,-0.446,-0.022,-0.468,0.0,,,-0.468,0.0,-0.468,,,-0.468,-0.468,,4.409616,-0.1,-0.1,-0.1,4.409616,-0.1,-0.1,-0.1,
12/31/1992,5.278,,,-7.133,,-1.855,,-4.498,,,,,-6.353,-0.115,,0.264,,,,-0.149,-6.468,0.0,-6.468,0.0,,,-6.468,0.0,-6.468,0.0,,-6.468,-6.468,,4.4001,-1.466667,-1.466667,,4.4001,-1.466667,-1.466667,-1.466667,
03/31/1993,6.073,,,-6.64,,-0.567,,-4.4,,,,,-4.967,-0.172,,0.297,,,,-0.125,-5.139,0.0,-5.139,0.0,,,-5.139,0.0,-5.139,0.0,,-5.139,-5.139,,4.3086,-1.2,-1.2,,4.3086,-1.2,-1.2,-1.2,
06/30/1993,7.0,,,-6.617,,0.383,,-4.373,,,,,-3.99,-0.256,,0.3,,,,-0.044,-4.246,0.0,-4.246,0.0,,,-4.246,0.0,-4.246,0.0,,-4.246,-4.246,,4.3362,-0.966667,-0.966667,,4.3362,-0.966667,-0.966667,-0.966667,
09/30/1993,8.013,,,-6.763,,1.25,,-4.178,,,,,-2.928,-0.252,,0.357,,,,-0.105,-3.18,-0.036,-3.216,0.0,,,-3.216,0.0,-3.216,0.0,,-3.216,-3.216,,4.3656,-0.733333,-0.733333,,4.3656,-0.733333,-0.733333,-0.733333,
12/31/1993,8.052,,,-6.306,,1.746,,-4.175,,,,,-2.429,-0.265,,0.319,,,,-0.054,-2.694,0.0,-2.694,0.0,,,-2.694,0.0,-2.694,0.0,,-2.694,-2.694,,4.3911,-0.6,-0.6,,4.3911,-0.6,-0.6,-0.6,
03/31/1994,8.717,,,-5.916,,2.801,,-4.368,,,,,-1.567,-0.182,,0.274,,,,-0.092,-1.749,0.0,-1.749,0.0,,,-1.749,0.0,-1.749,0.0,,-1.749,-1.749,,4.4166,-0.4,-0.4,,4.4166,-0.4,-0.4,-0.4,
06/30/1994,9.156,,,-4.941,,4.215,,-3.838,,,,,0.377,-0.232,,0.263,,,,-0.031,0.145,-0.017,0.128,0.0,,,0.128,0.0,0.128,0.0,,0.128,0.128,,4.7016,0.033333,0.033333,,4.7016,0.033333,0.033333,0.033333,
09/30/1994,9.656,,,-5.063,,4.593,,-4.207,,,,,0.386,-0.212,,0.255,,,,-0.043,0.174,0.0,0.174,0.0,,,0.174,0.0,0.174,0.0,,0.174,0.174,,4.7088,0.033333,0.033333,,4.7088,0.033333,0.033333,0.033333,
12/31/1994,9.762,,,-5.165,,4.597,,-3.712,,,,,0.885,-0.293,,0.313,,,,-0.02,0.592,-0.03,0.562,0.0,,,0.562,0.0,0.562,0.0,,0.562,0.562,,4.7088,0.133333,0.133333,,4.7088,0.133333,0.133333,0.133333,
03/31/1995,10.024,,,-5.412,,4.612,,-5.44,,,,,-0.828,-0.25,,0.286,,,,-0.036,-1.078,0.03,-1.048,0.0,,,-1.048,0.0,-1.048,0.0,,-1.048,-1.048,,4.5267,-0.233333,-0.233333,,4.5267,-0.233333,-0.233333,-0.233333,
06/30/1995,11.033,,,-5.763,,5.27,,-4.165,,,,,1.105,-0.329,,0.352,,,,-0.023,0.776,-0.014,0.762,0.0,,,0.762,0.0,0.762,0.0,,0.762,0.762,,5.0325,0.166667,0.166667,,5.0325,0.166667,0.166667,0.166667,
09/30/1995,12.063,,,-6.165,,5.898,,-4.272,,,,,1.626,-0.33,,0.353,,,,-0.023,1.296,-0.065,1.231,0.0,,,1.231,0.0,1.231,,,1.231,1.231,,5.301,0.233333,0.233333,0.233333,5.301,0.233333,0.233333,0.233333,
12/31/1995,14.022,,,-6.984,,7.038,,-4.764,,,,,2.274,-0.299,,0.301,,,,-0.002,1.975,-0.197,1.778,0.0,,,1.778,0.0,1.778,0.0,,1.778,1.778,,5.2821,0.333333,0.333333,0.333333,5.2821,0.333333,0.333333,0.333333,
03/31/1996,15.628,,,-7.616,,8.012,,-5.064,,,,,2.948,-0.101,,0.25,,,,-0.149,2.847,-0.285,2.562,0.0,,,2.562,0.0,2.562,0.0,,2.562,2.562,,5.6307,0.466667,0.466667,0.466667,5.6307,0.466667,0.466667,0.466667,
06/30/1996,17.274,,,-8.26,,9.014,,-5.319,,,,,3.695,0.514,,0.107,,,,-0.621,4.209,-0.421,3.788,0.0,,,3.788,0.0,3.788,0.0,,3.788,3.788,,6.4215,0.6,0.6,0.6,6.4215,0.6,0.6,0.6,
09/30/1996,19.122,,,-8.932,,10.19,,-5.675,,,,,4.515,0.504,,0.114,,,,-0.618,5.019,-0.502,4.517,0.0,,,4.517,0.0,4.517,,,4.517,4.517,,6.5265,0.7,0.7,0.7,6.5265,0.7,0.7,0.7,
12/31/1996,21.832001,,,-9.858,,11.974001,,-6.412,,,,,5.562,1.108,,0.098,,,,-1.206,6.67,-0.667,6.003,0.0,,,6.003,0.0,6.003,0.0,,6.003,6.003,,6.3507,0.95,0.95,0.95,7.1613,0.9,0.9,0.9,
03/31/1997,24.562,,,-10.833,,13.729,,-7.187,,,,,6.542,2.103,,0.036,,,,-2.139,8.645,-0.863,7.782,0.0,,,7.782,0.0,7.782,0.0,,7.782,7.782,,6.9386,1.1,1.1,1.1,7.6946,1.0,1.0,1.0,
06/30/1997,27.607,,,-11.875,,15.732,,-8.111,,,,,7.621,2.329,,0.019,,,,-2.348,9.95,-0.995,8.955,0.0,,,8.955,0.0,8.955,0.0,,8.955,8.955,,7.0292,1.3,1.3,1.3,7.7406,1.2,1.2,1.2,
09/30/1997,30.849001,,,-12.934,,17.915001,,-8.978,,,,,8.937,2.338,,0.004,,,,-2.342,11.275,-1.127,10.148,0.0,,,10.148,0.0,10.148,,,10.148,10.148,,7.8588,1.3,1.3,1.3,7.8588,1.3,1.3,1.3,
12/31/1997,35.013,,,-14.885,,20.128,,-9.817,,,,,10.311,2.283,,0.01,,,,-2.293,12.594,-2.593994,10.0,0.0,,,10.000006,0.0,10.0,0.0,,10.0,10.0,,7.1906,1.4,1.4,1.4,7.8116,1.2,1.2,1.2,
03/31/1998,40.695,,,-17.083,,23.612,,-11.311,,,,,12.301,2.181,,0.008,,,,-2.189,14.482,-3.014,11.468,0.0,,,11.468,0.0,11.468,0.0,,11.468,11.468,,7.2356,1.6,1.6,1.6,7.8778,1.4,1.4,1.4,
06/30/1998,46.587002,,,-19.332001,,27.255001,,-13.01,,,,,14.245,2.467,,0.012,,,,-2.479,16.712,-3.47,13.242,0.0,,,13.242,0.0,13.242,0.0,,13.242,13.242,,7.2979,1.8,1.8,1.8,7.9348,1.6,1.6,1.6,
09/30/1998,54.59,,,-22.228001,,32.362,,-14.836,,,,,17.525999,2.264,,0.005,,,,-2.269,19.789999,-4.0,15.79,0.0,,,15.789999,0.0,15.79,0.0,,15.79,15.79,,7.28,2.2,2.2,2.2,8.1321,2.0,2.0,2.0,
12/31/1998,60.708,,,-24.323999,,36.384001,,-16.584,,,,,19.799999,2.409,,0.0,,,,-2.409,22.208999,-7.605,14.604,0.0,,,14.603999,0.0,14.604,0.0,,14.604,14.604,,7.527,2.0,2.0,2.0,8.2222,1.8,1.8,1.8,
03/31/1999,66.936996,,,-27.108,,39.828997,,-18.357,,,,,21.472,2.735,,0.007,,,,-2.742,24.207,-8.689,15.518,0.0,,,15.518,0.0,15.518,0.0,,15.518,15.518,,7.5959,2.0,2.0,2.0,8.2939,1.8,1.8,1.8,
06/30/1999,73.277,,,-27.343,,45.934,,-25.802,,,,,20.132,2.557,,,-3.0,0.0,,0.443,22.689,-7.654,15.035,0.0,,,15.035,0.0,15.035,0.0,,15.035,15.035,,8.32225,1.8,1.8,1.8,8.9495,1.6,1.6,1.6,
09/30/1999,80.687,,,-28.907,,51.78,,-25.288,10.022,,,15.266,26.492,2.343,,,,0.0,,-2.343,28.835,-9.464,19.371,0.0,,,19.371,0.0,19.371,0.0,0.0,19.371,19.371,0.242,18.3079,1.1,1.1,1.1,18.3079,1.1,1.1,1.1,
12/31/1999,89.278999,,,-31.839001,,57.439999,,-30.548,,,,,26.892,2.794,,,-2.82,0.0,,0.026,29.686,-9.796,19.889999,0.0,,,19.890001,0.0,19.889999,0.0,0.0,19.889999,19.889999,,8.5504,2.4,2.4,2.4,9.2221,2.2,2.2,2.2,
03/31/2000,100.309998,,,-35.111,,65.198997,,-35.007,,,,,30.191999,-41.931002,,1.608,-5.291,0.0,,45.614002,-11.739002,-5.135,-16.874001,0.0,,,-16.874003,0.0,-16.874001,0.0,0.0,-16.874001,-16.874001,,8.7256,-2.0,-2.0,2.6,8.7256,-2.0,-2.0,2.6,
06/30/2000,114.089996,,,-38.747002,,75.342995,,-34.737,,,,,40.605999,-14.14,,8.207,-15.48,0.0,,21.413,26.465999,-13.182,13.284,0.0,,,13.283999,0.0,13.284,0.0,0.0,13.284,13.284,,8.95535,1.4,1.4,3.4,9.62835,1.4,1.4,3.4,
09/30/2000,138.015,,,-45.106,,92.909,,-39.865,14.525,,,25.34,53.044,-15.979,,,,0.0,,15.979,37.065,-25.476,11.589,0.0,,,11.589,0.0,11.589,0.0,0.0,11.589,11.589,15.018,9.66215,1.2,1.2,2.8,9.66215,1.2,1.2,2.8,
12/31/2000,165.065994,,,-52.347,,112.718994,,-71.664001,,,,,41.055,7.106999,,8.305,-15.412,0.0,,0.0,48.162,-20.059999,28.101999,0.0,,,28.102,0.0,28.101999,0.0,0.0,28.101999,28.101999,,9.0217,3.2,3.2,5.4,9.6542,3.0,3.0,5.0,
03/31/2001,121.757004,,,-46.004002,,75.753002,,-77.252998,,,,,-1.5,4.67,,8.388,-13.712,0.0,,0.654,3.17,-14.394,-11.224,0.0,,,-11.224,0.0,-11.224,0.0,0.0,-11.224,-11.224,,9.1075,-1.2,-1.2,2.0,9.1075,-1.2,-1.2,2.0,
06/30/2001,60.138,,,-81.052002,,-20.914001,,-81.467003,,,,,-102.380997,-22.983,,7.795,-11.372,0.0,,26.559999,-125.363997,48.766998,-76.597,-7.029,,,-69.567998,0.0,-69.568001,0.0,0.0,-69.568001,-69.568001,,9.2237,-7.6,-8.4,-1.2,9.2237,-7.6,-8.4,-1.2,
09/30/2001,37.181999,,,-22.325001,,14.856998,,-99.672997,,,,,-84.816002,-0.214,,7.208,-8.155,0.0,,1.161,-85.030002,13.907,-71.123001,-11.938,,,-59.185003,0.0,-59.185001,0.0,0.0,-59.185001,-59.185001,,9.7448,-6.0,-7.4,-2.8,9.7448,-6.0,-7.4,-2.8,
12/31/2001,39.148998,,,-33.916,,5.232998,,-65.648003,,,,,-60.415001,-46.366,,4.324,-5.159,0.0,,47.201,-106.781001,-0.101,-106.882004,0.0,,,-106.882001,0.0,-106.882004,0.0,0.0,-106.882004,-106.882004,,9.87715,-10.8,-10.8,-2.4,9.87715,-10.8,-10.8,-2.4,
03/31/2002,42.089001,,,-22.639999,,19.449001,,-64.516998,,,,,-45.068001,0.667,,3.9,-4.843,0.0,,0.276,-44.401001,0.0,-44.401001,0.0,,,-44.401001,0.0,-44.401001,0.0,0.0,-44.401001,-44.401001,,9.90215,-4.4,-4.4,-2.2,9.90215,-4.4,-4.4,-2.2,
06/30/2002,38.881001,,,-39.150002,,-0.269001,,-55.564999,,,,,-55.834,-541.958972,,3.2,-3.878,0.0,,542.636972,-597.792972,-130.794998,-728.588013,7.316,,,-735.90397,0.0,-735.903992,0.0,0.0,-735.903992,-735.903992,,9.92295,-74.2,-73.4,-2.0,9.92295,-74.2,-73.4,-2.0,
09/30/2002,38.102001,,,-19.014999,,19.087002,,-57.125999,,,,,-38.039001,-1.095,,7.142,-2.851,0.0,,-3.196,-39.134002,-6.374,-45.507999,-49.168999,,,3.660997,0.0,3.661,0.0,0.0,3.661,3.661,,10.00385,0.4,-4.6,-1.8,10.0208,0.4,-4.6,-1.8,
12/31/2002,35.709999,,,-16.176001,,19.533998,,-41.032001,,,,,-21.497999,17.249001,,1.885,-1.401,0.0,,-17.733001,-4.248998,0.0,-4.249,6.8,,,-11.048999,0.0,-11.049,0.0,0.0,-11.049,-11.049,,10.0125,-1.2,-0.4,-1.0,10.0125,-1.2,-0.4,-1.0,
03/31/2003,38.132,,,-16.16,,21.972,,-41.203999,,,,,-19.232,-0.068,,1.366,-1.196,0.0,,-0.102,-19.3,-0.03,-19.33,5.816,,,-25.146,0.0,-25.146,0.0,0.0,-25.146,-25.146,,10.0847,-2.4,-1.8,-0.8,10.0847,-2.4,-1.8,-0.8,
06/30/2003,39.737999,,,-23.312,,16.425999,,-40.535999,,,,,-24.110001,-50.147,,1.849,-0.993,0.0,,49.291,-74.257001,-8.004,-82.261002,12.732,,,-94.993001,0.0,-94.992996,0.0,0.0,-94.992996,-94.992996,,10.1852,-9.4,-8.2,-0.8,10.1852,-9.4,-8.2,-0.8,
09/30/2003,42.791,,,-17.514999,,25.276001,,-45.563,,,,,-20.287001,-15.09,,2.094,-0.99,0.0,,13.986,-35.377001,-1.086,-36.463001,1.632,,,-38.095001,0.0,-38.095001,0.0,0.0,-38.095001,-38.095001,,10.4361,-3.4,-3.2,-0.6,10.4361,-3.4,-3.2,-0.6,
12/31/2003,50.312,,,-17.868999,,32.443001,,-39.796001,,,,,-7.353,-0.247,,2.108,-0.807,0.0,,-1.054,-7.6,-0.35,-7.95,0.0,,,-7.95,0.0,-7.95,0.0,0.0,-7.95,-7.95,,10.67815,-0.8,-0.8,0.0,11.2181,-0.8,-0.8,0.0,
03/31/2004,56.034,,,-19.535,,36.499001,,-42.527,,,,,-6.028,-11.299999,,2.044,-0.508,0.0,,9.764,-17.327999,-0.123,-17.451,0.0,,,-17.450999,0.0,-17.451,0.0,0.0,-17.451,-17.451,,10.7826,-1.6,-1.6,0.2,10.7826,-1.6,-1.6,0.2,
06/30/2004,60.417,,,-20.865999,,39.551001,,-42.68,,,,,-3.129,-1.634,,2.249,-0.47,0.0,,-0.145,-4.763,0.203,-4.56,0.0,,,-4.56,0.0,-4.56,0.0,0.0,-4.56,-4.56,,10.85545,-0.4,-0.4,0.4,10.85545,-0.4,-0.4,0.4,
09/30/2004,52.012001,,,-20.450001,,31.562,,-44.904999,,,,,-13.343,9.421,,2.116,-0.654,0.0,,-10.883,-3.922001,0.818,-3.104,0.0,,,-3.104001,0.0,-3.104,0.0,0.0,-3.104,-3.104,,10.8436,-0.2,-0.2,-0.4,10.8436,-0.2,-0.2,-0.4,
12/31/2004,44.459,,,-20.198,,24.261,,-40.546001,,,,,-16.285,-0.672,0.93,1.57,-0.64,0.0,,-0.258,-16.957,-0.258,-17.215,0.0,,,-17.215,0.0,-17.215,0.0,0.0,-17.215,-17.215,,10.6648,-1.6,-1.6,-0.8,10.6648,-1.6,-1.6,-0.8,
03/31/2005,47.158001,,,-21.114,,26.044001,,-40.715,,,,,-14.671,-14.138,0.283,0.54,-0.257,0.0,,13.855,-28.808999,-0.089,-28.898001,0.0,,,-28.897999,0.0,-28.898001,0.0,0.0,-28.898001,-28.898001,,10.7704,-2.6,-2.6,-0.8,10.7704,-2.6,-2.6,-0.8,
06/30/2005,50.971001,,,-22.415001,,28.556,,-39.831001,,,,,-11.275,-0.521,0.54,0.709,-0.169,0.0,,-0.019,-11.796,-0.04,-11.836,0.0,,,-11.836,0.0,-11.836,0.0,0.0,-11.836,-11.836,,10.83035,-1.0,-1.0,-0.6,10.83035,-1.0,-1.0,-0.6,
09/30/2005,48.19,,,-27.416,,20.774,,-40.35,,,,,-19.576,-49.673,0.551,0.697,-0.146,0.0,,49.122,-69.249,0.319,-68.93,0.0,,,-68.93,0.0,-68.93,0.0,0.0,-68.93,-68.93,,10.9273,-6.4,-6.4,-0.8,10.9273,-6.4,-6.4,-0.8,
12/31/2005,53.011,,,-23.073,,29.938,,-41.957,,,,,-12.019,-1.809,0.533,0.665,-0.132,0.0,,1.276,-13.828,-0.228,-14.056,0.0,,,-14.056,0.0,-14.056,0.0,0.0,-14.056,-14.056,,10.94465,-1.2,-1.2,-0.8,10.94465,-1.2,-1.2,-0.8,
03/31/2006,48.821999,,,,,,,,,,,,48.821999,,,,,,,,,,48.821999,,,,,,-14.314,,,-14.314,-14.314,,11.10885,-1.2,-0.8,-0.6,11.10885,-1.2,-0.8,-0.6,
06/30/2006,51.291,,,,,,,,,,,,51.291,,,,,,,,,,51.291,,,,,,-20.329,,,-20.329,-20.329,,11.1515,-1.8,-1.6,-0.4,11.1515,-1.8,-1.6,-0.4,
09/30/2006,55.536999,,,,,,,,,,,,55.536999,,,,,,,,,,55.536999,,,,,,-12.643,,,-12.643,-12.643,,11.17045,-1.2,-0.8,-0.2,11.17045,-1.2,-0.8,-0.2,
12/31/2006,57.614,,,-29.897,,27.717,0.0,-25.725,10.793,,,14.932,1.992,-7.01,0.208,0.208,0.0,0.0,,6.802,-5.018,-0.093,-5.111,3.437,,,-8.548,,-8.548,0.0,0.0,-8.548,-8.548,,11.1778,-0.8,-0.4,0.2,11.1778,-0.8,-0.4,0.2,
03/31/2007,50.921,,,-25.078,,25.843,,-24.08,,,,,1.763,-1.832,1.735,1.735,,0.0,,0.097,-0.069,-0.06,-0.129,3.939,,,-4.068,0.0,-4.068,0.0,0.0,-4.068,-4.068,,11.1778,-0.4,-0.4,-0.2,11.1778,-0.4,-0.4,-0.2,
06/30/2007,56.001,,,-31.496,,24.505,,-22.158,,,,,2.347,-4.845,1.135,1.135,,,,3.71,-2.498,-0.049,-2.547,4.487,,,-7.034,0.0,-7.034,0.0,0.0,-7.034,-7.034,,11.1778,-0.6,-0.2,0.2,11.1778,-0.6,-0.2,0.2,
09/30/2007,57.412,,,-27.283,,30.129,,-24.472,,,,,5.657,-3.669,,0.498,,0.0,,3.171,1.988,-0.022,2.962,4.959,,,-2.993,0.0,-1.997,0.0,0.0,-1.997,-1.997,,11.1778,-0.2,0.2,0.4,11.1778,-0.2,0.2,0.4,
12/31/2007,52.542,,,-26.498,,26.044,,-27.83,13.892,,,13.938,-1.786,-2.859,0.647,,,,,2.212,-4.645,1.126,-3.519,-4.978,,,1.459,0.0,1.459,0.0,0.0,1.459,1.459,,11.1778,0.0,-0.4,-0.2,11.1778,0.0,-0.4,-0.2,
03/31/2008,55.593,,,-25.514,,30.079,0.0,-22.378,9.296,,,13.082,7.701,-4.758,0.947,,,,,3.811,2.943,-0.577,2.366,-1.42,,,3.786,0.0,3.786,0.0,0.0,3.786,3.786,,11.1778,0.4,0.2,0.4,11.1778,0.4,0.2,0.4,
06/30/2008,55.041,,,-27.965,,27.076,0.0,-27.338,14.57,,,12.768,-0.262,0.334,1.112,,,,,-1.446,0.072,-0.003,0.069,-1.703,,,1.772,-0.66,1.112,0.0,0.0,1.112,1.112,,11.1778,0.2,0.0,0.0,11.1778,0.2,0.0,0.0,
09/30/2008,65.36,,,-26.367,,38.993,,-25.507,,,,,13.486,-2.464,1.162,1.162,,0.0,,1.302,11.022,-1.768,9.254,-0.943,,,10.197,0.0,10.197,0.0,0.0,10.197,10.197,,11.1894,1.0,1.0,1.4,11.1894,1.0,1.0,1.4,
12/31/2008,49.81,44.81,5.0,-22.447,22.447,27.363,0.0,-215.686,10.419,11.581,0.319,193.367,-188.323,-0.986,1.13,,,,,-0.144,-189.309,-0.65,-189.959,0.0,0.0,0.0,-189.959,0.001,-189.958,0.0,0.0,-189.958,-66.15445,123.80355,11.3103,-16.8,-16.8,-5.84904,11.3103,-16.8,-16.8,-5.85392,
03/31/2009,34.577,34.577,,-18.228,18.228,16.349,0.0,-22.77,9.93,10.939,0.386,1.515,-6.421,-1.218,1.17,,,,,0.048,-7.639,0.554,-7.085,0.0,0.0,0.0,-7.085,0.0,-7.085,0.0,0.0,-7.085,-6.10025,0.98475,11.51135,-0.6,-0.6,-0.52994,11.51135,-0.6,-0.6,-0.52994,
06/30/2009,44.606,36.356,8.25,-17.282,17.282,27.324,0.0,-9.768,11.412,11.2,0.362,-13.206,17.556,-5.842,5.804,,,,,0.038,11.714,0.696,12.41,-0.071,-0.071,0.0,12.481,0.0,12.481,0.0,0.0,12.481,3.8261,-8.5839,11.5453,1.0,1.0,0.3314,11.58675,1.0,1.0,0.25916,
09/30/2009,39.184,39.184,,-20.436,20.436,18.748,0.0,-20.565,8.466,11.986,0.293,-0.18,-1.817,-8.593,-3.451,,,,,12.044,-10.41,0.851,-9.559,0.0,0.0,0.0,-9.559,0.08,-9.479,0.0,0.0,-9.479,-12.06015,-5.59455,0.57725,-16.6,-16.6,-26.29172,0.57725,-16.6,-16.6,-26.29172,
12/31/2009,41.651,41.611,0.04,-19.103,19.103,22.548,0.0,-22.81,10.529,11.959,0.249,0.073,-0.262,-31.72,10.22,,,,,21.5,-31.982,-1.878,-33.86,0.0,0.0,0.0,-33.86,0.0,-33.86,0.0,-0.126,-33.986,-19.32915,14.65685,17.3725,-2.0,-2.0,-1.11262,17.3725,-2.0,-2.0,-1.15632,
03/31/2010,43.911,43.661,0.25,-19.362,19.362,24.549,0.0,-21.541,9.083,12.276,0.182,0.0,3.008,-32.922,32.951,,,,,-0.029,-29.914,-4.147,-34.061,0.0,0.0,0.0,-34.061,0.001,-34.06,0.0,0.0,-34.06,-34.06,0.0,20.19485,-1.6,-1.6,-1.6,20.19485,-1.6,-1.6,-1.6,
06/30/2010,37.533,37.533,,-15.702,15.702,21.831,0.0,-22.525,8.669,13.674,0.182,0.0,-0.694,30.479,2.496,,,,,-32.975,29.785,3.244,33.029,0.0,0.0,0.0,33.029,0.0,33.029,0.0,0.0,33.029,11.5556,-21.4734,22.78,1.38,1.38,0.50726,34.544,0.99,0.96,0.33838,
09/30/2010,42.895,42.828,0.067,-18.031,18.031,24.864,0.0,-22.925,9.509,13.192,0.184,0.04,1.939,11.516,-2.292,,,,,-9.224,13.455,1.26,14.715,-0.121,-0.121,0.0,14.836,0.0,14.836,0.0,0.0,14.836,8.90595,-5.80905,23.948,0.62,0.61,0.371887,35.213,0.42,0.42,0.255031,
12/31/2010,37.747,37.596,0.151,-14.349,14.349,23.398,0.0,-25.07,10.459,14.446,0.165,0.0,-1.672,-5.986,2.518,,,,,3.468,-7.658,-0.074,-7.732,0.0,0.0,0.0,-7.732,0.0,-7.732,0.0,0.0,-7.732,-5.2724,2.4596,24.05,-0.32,-0.32,-0.219227,24.05,-0.32,-0.32,-0.219227,
03/31/2011,36.892,34.403,2.489,-12.995,12.995,23.897,0.0,-25.015,9.978,14.976,0.061,0.0,-1.118,-7.848,2.039,,,,,5.809,-8.966,-0.075,-9.041,0.0,0.0,0.0,-9.041,0.0,-9.041,0.0,0.0,-9.041,-5.2385,3.8025,24.303,-0.37,-0.37,-0.21555,24.303,-0.37,-0.37,-0.21555,
06/30/2011,35.988,31.856,4.132,-13.488,13.488,22.5,0.0,-22.174,9.561,12.551,0.062,0.0,0.326,5.997,1.929,,,,,-7.926,6.323,0.227,6.55,0.0,0.0,0.0,6.55,0.0,6.55,0.0,0.0,6.55,1.38185,-5.16815,24.447,0.26,0.26,0.056524,37.543,0.21,0.21,0.056524,
09/30/2011,30.34,28.887,1.453,-12.898,12.898,17.442,0.0,-25.912,11.341,11.408,0.061,3.102,-8.47,3.34,1.97,,,,,-5.31,-5.13,0.541,-4.589,0.0,0.0,0.0,-4.589,0.0,-4.589,0.0,0.0,-4.589,-5.42126,-0.83226,24.463,-0.19,-0.19,-0.221611,24.463,-0.19,-0.19,-0.224021,
12/31/2011,29.991,28.942,1.049,-12.163,12.163,17.828,0.0,-19.944,7.424,12.425,0.067,0.028,-2.116,1.338,1.948,,,,,-3.286,-0.778,-0.066,-0.844,0.0,0.0,0.0,-0.844,0.0,-0.844,0.0,0.0,-0.844,-2.9695,-2.1255,24.512,-0.03,-0.03,-0.121145,24.512,-0.03,-0.03,-0.121145,
03/31/2012,29.737,27.195,2.542,-10.595,10.595,19.142,0.0,-18.042,8.379,9.58,0.079,0.004,1.1,-7.233,1.924,,,,,5.309,-6.133,-0.063,-6.196,0.0,0.0,0.0,-6.196,0.0,-6.196,0.0,0.0,-6.196,-2.3064,3.8896,25.043,-0.25,-0.25,-0.092098,25.043,-0.25,-0.25,-0.094683,
06/30/2012,30.287,25.73,4.557,-11.27,11.27,19.017,0.0,-16.897,6.292,10.513,0.088,0.004,2.12,3.825,1.95,,,,,-5.775,5.945,-1.234,4.711,0.0,0.0,0.0,4.711,0.0,4.711,0.0,0.0,4.711,0.97285,-3.73815,25.302,0.18,0.18,0.03845,38.413,0.16,0.16,0.03845,
09/30/2012,29.468,28.053,1.415,-12.379,12.379,17.089,0.0,-16.558,7.727,10.195,0.096,-1.46,0.531,-0.851,1.956,,,0.0,0.0,-1.105,-0.32,1.537,1.217,0.0,0.0,0.0,1.217,0.0,1.217,0.0,0.0,1.217,-0.12281,-1.33981,25.628,0.06,0.06,-0.001389,26.513,0.046,0.046,-0.004534,
12/31/2012,25.727,23.905,1.822,-10.975,10.975,14.752,0.0,-18.571,7.97,10.504,0.097,0.0,-3.819,-1.136,1.97,,,,,-0.834,-4.955,-0.077,-5.032,0.0,0.0,0.0,-5.032,0.0,-5.032,0.0,0.0,-5.032,-5.5195,-0.4875,28.059,-0.18,-0.18,-0.196711,28.059,-0.18,-0.18,-0.197374,
03/31/2013,24.753,24.689,0.064,-11.369,11.369,13.384,0.0,-17.256,7.39,9.777,0.089,0.0,-3.872,-1.971,1.966,,,,,0.005,-5.843,0.996,-4.847,0.0,0.0,0.0,-4.847,0.0,-4.847,0.0,0.0,-4.847,-4.847,0.0,37.215,-0.13,-0.13,-0.13,37.215,-0.13,-0.13,-0.13,
06/30/2013,26.418,26.285,0.133,-11.666,11.666,14.752,0.0,-19.043,7.257,11.706,0.08,0.0,-4.291,-2.014,1.983,,,,,0.031,-6.305,-0.129,-6.434,0.0,0.0,0.0,-6.434,0.0,-6.434,0.0,0.0,-6.434,-6.434,0.0,38.63,-0.17,-0.17,-0.17,38.63,-0.17,-0.17,-0.17,
09/30/2013,26.875,26.455,0.42,-12.753,12.753,14.122,0.0,-17.614,7.593,9.94,0.081,0.0,-3.492,-2.031,1.997,,,,,0.034,-5.523,-0.242,-5.765,0.0,0.0,0.0,-5.765,0.0,-5.765,0.0,0.0,-5.765,-5.765,0.0,57.254,-0.1,-0.1,-0.1,57.254,-0.1,-0.1,-0.1,
12/31/2013,27.083,24.863,2.22,-10.676,10.676,16.407,0.0,-18.621,7.854,10.679,0.088,0.0,-2.214,-3.359,1.704,,,,,1.655,-5.573,0.202,-5.371,0.0,0.0,0.0,-5.371,0.0,-5.371,0.0,0.0,-5.371,-4.3349,1.0361,57.61,-0.09,-0.09,-0.075246,57.61,-0.09,-0.09,-0.075246,
03/31/2014,25.592,24.869,0.723,-10.979,10.979,14.613,0.0,-18.992,8.005,10.896,0.091,0.0,-4.379,-1.524,1.492,,,,,0.032,-5.903,0.072,-5.831,0.0,0.0,0.0,-5.831,0.0,-5.831,0.0,0.0,-5.831,-5.831,0.0,58.327,-0.1,-0.1,-0.1,58.327,-0.1,-0.1,-0.1,
06/30/2014,27.151,26.012,1.139,-12.254,12.254,14.897,0.0,-17.424,7.33,10.006,0.088,0.0,-2.527,-1.528,1.51,,,,,0.018,-4.055,-0.333,-4.388,0.0,0.0,0.0,-4.388,0.0,-4.388,0.0,0.0,-4.388,-4.388,0.0,59.965,-0.07,-0.07,-0.07,59.965,-0.07,-0.07,-0.07,
09/30/2014,28.671,27.007,1.664,-10.571,10.571,18.1,0.0,-18.754,7.792,10.869,0.093,0.0,-0.654,-1.549,1.521,,,,,0.028,-2.203,-0.282,-2.485,0.0,0.0,0.0,-2.485,0.0,-2.485,0.0,0.0,-2.485,-2.485,0.0,67.58,-0.04,-0.04,-0.04,67.58,-0.04,-0.04,-0.04,
12/31/2014,24.755,23.969,0.786,-10.053,10.053,14.702,0.0,-18.852,7.415,11.337,0.1,0.0,-4.15,-0.846,0.818,,,,,0.028,-4.996,-0.045,-5.041,0.0,0.0,0.0,-5.041,0.0,-5.041,0.0,0.0,-5.041,-5.041,0.0,67.974,-0.07,-0.07,-0.07,67.974,-0.07,-0.07,-0.07,
03/31/2015,24.8,,,,,15.11312,,,,,,,-2.116,,,,,,,,-2.672,,-3.473,,,,,,-3.473,,,-3.473,-2.274,,,-0.05,-0.05,-0.03,,-0.05,-0.05,-0.03,
06/30/2015,27.58,,,,,16.972732,,,,,,,-0.294,,,,,,,,-0.828,,-1.228,,,,,,-1.228,,,-1.228,-0.485,,,-0.022,-0.022,-0.002,,-0.022,-0.022,-0.002,
