Date,Revenue,Sales & Services Revenue,Cost of Revenue,Cost of Goods & Services,Gross Profit,Other Operating Income,Operating Expenses,"Selling, General & Admin",Research & Development,Other Operating Expense,Operating Income (Loss),Non-Operating (Income) Loss,"Interest Expense, Net",Interest Expense,Interest Income,Foreign Exch (Gain) Loss,(Income) Loss from Affiliates,Other Non-Op (Income) Loss,Pretax Income,Income Tax Expense (Benefit),Income (Loss) from Cont Ops,Net Extraordinary Losses (Gains),Discontinued Operations,XO & Accounting Changes,Income (Loss) Incl. MI,Minority Interest,"Net Income, GAAP",Preferred Dividends,Other Adjustments,"Net Income Avail to Common, GAAP","Net Income Avail to Common, Adj",Net Abnormal Losses (Gains),Basic Weighted Avg Shares,"Basic EPS, GAAP",Basic EPS from Cont Ops,"Basic EPS from Cont Ops, Adjusted",Diluted Weighted Avg Shares,"Diluted EPS, GAAP",Diluted EPS from Cont Ops,"Diluted EPS from Cont Ops, Adjusted",Source: Bloomberg
03/31/1996,85.313004,,-32.113998,,53.199005,,-39.028,,,,14.171,-3.954,,3.954,,0.0,,0.0,10.217,-2.042,8.175,0.0,,,8.174999,0.0,8.175,-0.229,,7.946,7.946,,115.183998,0.07,0.07,0.07,123.699997,0.065,0.065,0.065,
06/30/1996,95.964996,,-37.639,,58.325996,,-61.768002,,,,-3.442,-3.48,,3.48,,0.0,,0.0,-6.922,-2.932,-9.854,22.264,,,-32.118,0.0,-32.118,-0.229,,-32.347,-32.347,,115.292,-0.28,-0.0875,0.1,115.292,-0.28,-0.0875,0.1,
09/30/1996,98.414001,,-40.291,,58.123001,,-45.519001,,,,12.604,-3.706,,3.706,,0.0,,0.0,8.898,-2.502,6.396,0.0,,,6.396,0.0,6.396,-0.231,,6.165,6.165,,115.372002,0.0525,0.0525,0.085,127.552002,0.0475,0.0475,0.0775,
12/31/1996,111.420998,,-35.209999,,76.210999,,-28.315001,,,,47.896,-29.0,,3.6,,0.0,,25.4,18.896,-3.754,15.142,0.0,,,15.142,0.0,15.142,-0.232,,14.91,14.91,,115.612,0.13,0.13,0.13,127.676004,0.1175,0.1175,0.1175,
03/31/1997,102.431,,-37.764999,,64.666,,-46.219002,,,,18.447001,-3.024,,3.024,,0.0,,0.0,15.423001,-3.085,12.338,0.0,,,12.338001,0.0,12.338,-0.239,,12.099,12.099,,115.708,0.105,0.105,0.105,127.468002,0.095,0.095,0.095,
06/30/1997,106.239998,,-38.702999,,67.536999,,-46.130001,,,,21.407,-2.959,,2.959,,0.0,,0.0,18.447999,-3.689,14.759,0.0,,,14.759,0.0,14.759,-0.234,,14.525,14.525,,115.828003,0.125,0.125,0.125,126.239998,0.115,0.115,0.115,
09/30/1997,105.043999,,-38.598,,66.445999,,-46.710999,,,,19.735001,-57.334,,2.334,,0.0,,55.0,-37.599,-3.48,-41.078999,0.0,,,-41.079,0.0,-41.078999,-0.237,,-41.315999,-41.315999,,116.295998,-0.355,-0.355,0.105,116.295998,-0.355,-0.355,0.105,
12/31/1997,151.755005,,-74.709,,77.046005,,-60.448002,,,,16.598,-5.403,,5.403,,0.0,,0.0,11.195,-5.501,5.694,0.0,,,5.694,0.0,5.694,-0.232,,5.462,5.462,,118.204002,0.045,0.045,0.185,131.744003,0.0425,0.0425,0.1675,
03/31/1998,138.725006,,-68.419998,,70.305008,,-60.634998,,,,9.67,-5.063,,5.063,,0.0,,0.0,4.607,-4.363,0.244,0.0,,,0.244,0.0,0.244,-0.239,,0.005,0.005,,118.832001,0.0,0.0,0.125,132.643997,0.0,0.0,0.125,
06/30/1998,149.311005,,-55.848,,93.463005,,-62.429001,,,,31.034,-4.888,,4.888,,0.0,,0.0,26.146,-6.033,20.113001,0.0,,,20.113,0.0,20.113001,-0.24,,19.873001,19.873001,,119.508003,0.165,0.165,0.165,134.076004,0.15,0.15,0.15,
09/30/1998,151.792999,,-57.832001,,93.960999,,-60.325001,,,,33.636002,-4.416,,4.416,,0.0,,0.0,29.220002,-7.264,21.955999,0.0,,,21.956002,0.0,21.955999,-0.240997,,21.715002,21.715002,,120.056,0.18,0.18,0.18,129.643997,0.165,0.165,0.165,
12/31/1998,178.983994,,-66.897003,,112.08699,,-66.601997,,,,45.485001,-3.911,,3.911,,0.0,,0.0,41.574001,-9.488,32.085999,0.0,,,32.086001,0.0,32.085999,-0.243,,31.842999,31.842999,,120.660004,0.265,0.265,0.265,130.455994,0.245,0.245,0.245,
03/31/1999,160.362,,-60.622002,,99.739998,,-65.235001,,,,34.505001,-3.033,,3.033,,0.0,,0.0,31.472001,-8.498,22.974001,0.0,,,22.974001,0.0,22.974001,-0.244,,22.730001,22.730001,,243.576004,0.0925,0.0925,0.0925,263.359984,0.0875,0.0875,0.0875,
06/30/1999,172.28,,-63.712,,108.568,,-66.592,,,,41.976,-2.379,,2.4,,0.0,,-0.021,39.597,-10.691,28.906,0.0,,,28.906,0.0,28.906,-0.245,,28.661,28.661,,122.444,0.235,0.235,0.235,132.334,0.215,0.215,0.215,
09/30/1999,171.089996,,-61.903,,109.186996,,-67.708,,,,41.479,-1.794,,1.794,,0.0,,0.0,39.685,-10.715,28.969999,0.0,,,28.97,0.0,28.969999,-0.247,,28.722999,28.722999,,123.508003,0.23,0.23,0.23,133.222,0.22,0.22,0.22,
12/31/1999,200.667999,,-70.899002,,129.768997,,-71.220001,,,,58.549,-1.742,,1.742,,0.0,,0.0,56.807,-15.339,41.467999,0.0,,,41.468,0.0,41.467999,-0.294,,41.173999,41.173999,,124.407998,0.335,0.335,0.335,133.242004,0.315,0.315,0.315,
03/31/2000,180.201996,,-66.339996,,113.862,,-72.568001,,,,41.293999,-0.701,,,,0.0,,0.701,40.592999,-10.545,30.048,10.771,,,19.276999,0.0,19.277,0.0,0.0,19.277,19.277,,125.601997,0.15,0.24,0.24,135.184006,0.14,0.22,0.22,
06/30/2000,197.408005,,-71.777,,125.631004,,-73.376999,,,,52.254002,-0.343,,,,0.0,,0.343,51.911002,-13.506,38.404999,0.0,,,38.405002,0.0,38.404999,0.0,0.0,38.404999,38.404999,,126.914001,0.3,0.3,0.3,136.222,0.28,0.28,0.28,
09/30/2000,191.953003,,-70.292999,,121.660004,,-71.861,,,,49.799,0.322,,,-0.322,0.0,,0.0,50.121,-13.03,37.091,0.0,,,37.091,0.0,37.091,0.0,0.0,37.091,37.091,,128.485001,0.29,0.29,0.29,137.429993,0.27,0.27,0.27,
12/31/2000,225.507996,,-79.853996,,145.653999,,-78.174004,,,,67.480003,0.857,,,,0.0,,-0.857,68.337003,-17.768,50.569,0.0,,,50.569004,0.0,50.569,0.0,0.0,50.569,50.569,,129.347,0.39,0.39,0.39,137.794998,0.37,0.37,0.37,
03/31/2001,201.031998,,-85.355003,,115.676995,,-66.636002,,,,49.041,1.486,,,-1.9,0.0,,0.414,50.527,-12.127,38.400002,0.0,,,38.4,0.0,38.400002,0.0,0.0,38.400002,38.400002,,130.166,0.3,0.3,0.3,137.932999,0.28,0.28,0.28,
06/30/2001,206.802994,,-88.137001,,118.665993,,-68.088997,,,,50.577,1.151,,,-1.4,0.0,,0.249,51.728,-12.415,39.313,0.0,,,39.313,0.0,39.313,0.0,0.0,39.313,39.313,,130.563995,0.3,0.3,0.3,137.563995,0.29,0.29,0.29,
09/30/2001,202.694,,-85.837997,,116.856003,,-67.744003,,,,49.112,1.211,,,-1.5,0.0,,0.289,50.323,-12.077,38.245998,0.0,,,38.246,0.0,38.245998,0.0,0.0,38.245998,38.245998,,130.751999,0.29,0.29,0.29,136.703995,0.28,0.28,0.28,
12/31/2001,248.679001,,-102.600998,,146.078003,,-70.280998,,,,75.796997,-80.948997,,,-1.423,0.0,,82.371997,-5.152,3.736,-1.416,0.0,,,-1.416,0.0,-1.416,0.0,0.0,-1.416,-1.416,,130.815002,-0.01,-0.01,0.47,130.815002,-0.01,-0.01,0.43,
03/31/2002,200.341003,,-84.634003,,115.707001,,-68.911003,,,,46.796001,-1.422,,0.242,-1.62,0.0,,2.8,45.374001,-10.324,35.049999,4.506,,,30.544001,0.0,30.544001,0.0,0.0,30.544001,30.544001,,131.029007,0.23,0.27,0.28,137.188004,0.22,0.26,0.27,
06/30/2002,217.192001,,-90.599998,,126.592003,,-78.986,,,,47.605999,1.616,,0.429,-1.5,0.0,,-0.545,49.221999,-11.321,37.901001,0.0,,,37.900999,0.0,37.901001,0.0,0.0,37.901001,37.901001,,131.509995,0.29,0.29,0.29,136.778,0.28,0.28,0.28,
09/30/2002,216.044998,,-89.832001,,126.212997,,-77.195,,,,49.018002,1.661,,0.905,-1.661,0.0,,-0.905,50.679002,-11.656,39.022999,0.0,,,39.023001,0.0,39.022999,0.0,0.0,39.022999,39.022999,,130.787994,0.3,0.3,0.3,135.483002,0.29,0.29,0.29,
12/31/2002,256.389008,,-108.402,,147.987007,,-77.247002,,,,70.739998,-20.604001,,0.904,,0.0,,19.700001,50.135997,-9.892,40.243999,0.0,,,40.243997,0.0,40.243999,0.0,0.0,40.243999,40.243999,,128.751999,0.31,0.31,0.42,133.572998,0.3,0.3,0.41,
03/31/2003,220.998993,,-94.210999,,126.787994,,-76.198997,,,,50.589001,-6.92,,1.071,-1.896,0.0,,7.745,43.669001,-9.692,33.977001,0.0,,,33.977,0.0,33.977001,0.0,0.0,33.977001,33.977001,,126.307999,0.27,0.27,0.31,130.785004,0.26,0.26,0.3,
06/30/2003,231.751999,,-95.487999,,136.264,,-83.496002,,,,52.768002,1.904,,0.645,-1.649,0.0,,-0.9,54.672002,-12.574,42.098,0.0,,,42.098001,0.0,42.098,0.0,0.0,42.098,42.098,,123.610001,0.34,0.34,0.34,128.251999,0.33,0.33,0.33,
09/30/2003,230.380997,,-95.044998,,135.335999,,-83.028,,,,52.307999,-3.475,,0.312,-1.862,0.0,,5.025,48.832999,-12.419,36.414001,0.0,,,36.413999,0.0,36.414001,0.0,0.0,36.414001,36.414001,,122.239998,0.3,0.3,0.34,126.709,0.29,0.29,0.33,
12/31/2003,275.073,,-113.104,,161.969,,-85.013,,,,76.956,-0.444,-0.485,,,0.0,,0.929,76.512,-18.11,58.402,0.0,,,58.402,0.0,58.402,0.0,0.0,58.402,58.402,,120.961,0.48,0.48,0.48,124.784,0.47,0.47,0.47,
04/03/2004,255.085999,,-107.473999,,147.612,,-88.851997,,,,58.759998,-7.72,,1.873,-2.104,0.0,,7.951,51.039998,-10.195,40.845001,0.0,,,40.844998,0.0,40.845001,0.0,0.0,40.845001,40.845001,,120.18,0.34,0.34,0.38,123.987,0.33,0.33,0.37,
07/03/2004,260.488007,,-106.18,,154.308006,,-92.529999,,,,61.778,18.119,,1.891,-2.886,0.0,,-17.124,79.897,-20.146,59.750999,0.0,,,59.751,0.0,59.750999,0.0,0.0,59.750999,59.750999,,118.691002,0.5,0.5,0.41,122.82,0.49,0.49,0.4,
10/02/2004,264.808014,,-111.009003,,153.799011,,-90.195999,,,,63.603001,0.603,,2.564,-3.009,0.0,,-0.158,64.206001,-12.266,51.939999,0.0,,,51.940001,0.0,51.939999,0.0,0.0,51.939999,51.939999,,119.518997,0.43,0.43,0.43,122.597,0.42,0.42,0.42,
12/31/2004,324.154,,-130.144,,194.01,,-98.627,,,,95.383,-4.855,,3.746,-3.902,0.0,,5.011,90.528,-19.011,71.517,0.0,,,71.517,0.0,71.517,0.0,0.0,71.517,71.517,,120.266,0.59,0.59,0.63,122.679,0.58,0.58,0.62,
04/02/2005,268.304993,,-111.801003,,156.50399,,-98.624001,,,,57.880001,0.364,-0.364,4.159,-4.523,0.0,,0.0,58.244001,-11.649,46.595001,0.0,,,46.595001,0.0,46.595001,0.0,0.0,46.595001,46.595001,,118.719002,0.39,0.39,0.39,121.155998,0.38,0.38,0.38,
07/02/2005,284.63,,-117.066,,167.564,,-100.612,,,,66.952,-0.463,0.463,5.753,-5.29,0.0,,0.0,66.489,-12.424,54.065,0.0,,,54.065,0.0,54.065,0.0,0.0,54.065,54.065,,116.092,0.47,0.47,0.47,117.722,0.46,0.46,0.46,
10/01/2005,273.031,,-115.508,,157.523,,-94.868,76.645,,18.223,62.655,-1.969,1.969,6.599,-4.63,0.0,,0.0,60.686,-34.969,25.717,0.0,,,25.717,0.0,25.717,0.0,0.0,25.717,25.717,,112.981,0.23,0.23,0.45,114.942,0.22,0.22,0.43,
12/31/2005,332.27,,-133.98,,198.29,,-99.5,,,,98.79,-9.646,3.421,8.233,-4.812,0.0,,6.225,89.144,-13.546,75.598,0.0,,,75.598,0.0,75.598,0.0,0.0,75.598,75.598,,108.364,0.7,0.7,0.74,109.962,0.69,0.69,0.73,
04/01/2006,290.218,,-120.628,,169.59,,-105.775,85.538,,20.237,63.815,-10.488,6.136,11.428,-5.292,0.0,,4.352,53.327,-9.172,44.155,0.0,,,44.155,0.0,44.155,0.0,0.0,44.155,44.155,,104.585,0.42,0.42,0.45,105.901,0.42,0.42,0.45,
07/01/2006,301.899,,-126.004,,175.895,,-110.006,88.968,,21.038,65.889,-9.246,6.272,12.477,-6.205,0.0,,2.974,56.643,-8.863,47.78,0.0,,,47.78,0.0,47.78,0.0,0.0,47.78,47.78,,103.01,0.46,0.46,0.48,104.337,0.46,0.46,0.48,
09/30/2006,301.182,,-127.167,,174.015,,-107.938,87.397,,20.541,66.077,-7.032,6.688,13.565,-6.877,0.0,,0.344,59.045,-8.669,50.376,0.0,,,50.376,0.0,50.376,0.0,0.0,50.376,50.376,,101.845,0.49,0.49,0.49,103.074,0.49,0.49,0.49,
12/31/2006,386.93,,-162.386,,224.544,,-116.69,95.761,,20.929,107.854,-13.91,7.2421,14.187,-6.9449,0.0,,6.6679,93.944,-14.055,79.889,0.0,,,79.889,0.0,79.889,0.0,0.0,79.889,79.889,,101.431,0.79,0.79,0.85,103.019,0.78,0.78,0.84,
03/31/2007,330.777,,-143.232,,187.545,,-114.754,93.907,,20.847,72.791,-6.835,6.835,13.188,-6.353,0.0,,0.0,65.956,-10.019,55.937,0.0,,,55.937,0.0,55.937,0.0,0.0,55.937,55.937,,101.416,0.55,0.55,0.55,103.198,0.54,0.54,0.54,
06/30/2007,352.63,,-152.219,,200.411,,-123.471,102.223,,21.248,76.94,-6.396,6.396,13.335,-6.939,0.0,,0.0,70.544,-10.635,59.909,0.0,,,59.909,0.0,59.909,0.0,0.0,59.909,59.909,,100.327,0.6,0.6,0.61,102.13,0.59,0.59,0.6,
09/29/2007,352.638,,-153.679,,198.959,,-129.727,105.577,,24.15,69.232,-6.722,6.722,14.783,-8.061,0.0,,0.0,62.51,-9.227,53.283,0.0,,,53.283,0.0,53.283,0.0,0.0,53.283,53.283,,99.821,0.53,0.53,0.63,101.712,0.52,0.52,0.62,
12/31/2007,437.003,,-181.992,,255.011,,-125.095,101.996,,23.099,129.916,-5.734,-3.7601,5.734,-9.4941,0.0,,9.4941,124.182,-25.239,98.943,0.0,,,98.943,0.0,98.943,0.0,0.0,98.943,98.943,,100.689,0.98,0.98,0.99,102.778,0.96,0.96,0.98,
03/29/2008,371.712,,-155.451,,216.261,,-127.895,105.837,,22.058,88.366,-4.244,4.244,11.157,-6.913,0.0,,0.0,84.122,-15.647,68.475,0.0,,,68.475,0.0,68.475,0.0,0.0,68.475,68.475,,100.401,0.68,0.68,0.7,101.983,0.67,0.67,0.69,
06/28/2008,398.771,,-175.232,,223.539,,-136.515,111.935,,24.58,87.024,-4.855,4.855,9.807,-4.952,0.0,,0.0,82.169,0.979,83.148,0.0,,,83.148,0.0,83.148,0.0,0.0,83.148,83.148,,99.586,0.83,0.83,0.77,101.035,0.82,0.82,0.76,
09/27/2008,386.31,,-158.52,,227.79,,-129.758,107.463,,22.295,98.032,-4.542,4.542,10.57,-6.028,0.0,,0.0,93.49,-21.987,71.503,0.0,,,71.503,0.0,71.503,0.0,0.0,71.503,71.503,,98.891,0.72,0.72,0.8,100.566,0.71,0.71,0.79,
12/31/2008,418.331,,-172.063,,246.268,,-123.409,101.464,,21.945,122.859,-10.448,0.8519,3.921,-3.0691,0.0,,9.5961,112.411,-13.058,99.353,0.0,,,99.353,0.0,99.353,0.0,0.0,99.353,99.353,,98.029,1.01,1.01,1.07,98.821,1.01,1.01,1.07,
04/04/2009,333.052,333.052,-127.454,127.454,205.598,0.0,-120.107,99.159,18.332,2.616,85.491,-2.222,2.222,3.13,-0.908,,,0.0,83.269,-9.922,73.347,0.0,0.0,0.0,73.347,0.0,73.347,0.0,0.0,73.347,70.513,-2.834,97.304,0.75,0.75,0.724667,97.927,0.75,0.75,0.72106,
07/04/2009,362.837,362.837,-144.154,144.154,218.683,0.0,-131.988,109.583,19.722,2.683,86.695,-2.054,2.054,2.649,-0.595,,,0.0,84.641,-14.734,69.907,0.0,0.0,0.0,69.907,0.0,69.907,0.0,0.0,69.907,73.63,3.723,96.147,0.73,0.73,0.765807,96.996,0.72,0.72,0.758383,
10/03/2009,373.963,373.963,-153.143,153.143,220.82,0.0,-124.708,102.675,19.31,2.723,96.112,-2.079,2.079,2.864,-0.785,,,0.0,94.033,-18.097,75.936,0.0,0.0,0.0,75.936,0.0,75.936,0.0,0.0,75.936,75.936,0.0,95.235,0.8,0.8,0.8,96.513,0.79,0.79,0.79,
12/31/2009,428.848,428.848,-170.131,170.131,258.717,0.0,-132.413,109.986,19.79,2.637,126.304,-1.595,1.595,2.343,-0.748,,0.0,0.0,124.709,-20.586,104.123,0.0,0.0,0.0,104.123,0.0,104.123,0.0,0.0,104.123,106.156,2.033,94.516,1.1,1.1,1.123154,96.111,1.08,1.08,1.101153,
04/03/2010,367.7,367.7,-145.932,145.932,221.768,0.0,-129.411,106.693,20.076,2.642,92.357,-2.285,2.285,2.614,-0.329,,,0.0,90.072,-14.554,75.518,0.0,0.0,0.0,75.518,0.0,75.518,0.0,0.0,75.518,75.166,-0.352,93.629,0.81,0.81,0.802807,95.223,0.79,0.79,0.786303,
07/03/2010,391.055,391.055,-155.133,155.133,235.922,0.0,-130.338,106.939,20.807,2.592,105.584,-3.173,3.173,3.621,-0.448,,,0.0,102.411,-17.489,84.922,0.0,0.0,0.0,84.922,0.0,84.922,0.0,0.0,84.922,85.618,0.696,92.612,0.92,0.92,0.924481,94.278,0.9,0.9,0.907382,
10/02/2010,401.038,401.038,-162.985,162.985,238.053,0.0,-134.238,111.306,20.524,2.408,103.815,-3.294,3.294,3.81,-0.516,,,0.0,100.521,-5.802,94.719,0.0,0.0,0.0,94.719,0.0,94.719,0.0,0.0,94.719,97.282,2.563,91.714,1.03,1.03,1.06071,93.286,1.02,1.02,1.047475,
12/31/2010,483.578,483.578,-189.253,189.253,294.325,0.0,-146.149,120.518,22.867,2.764,148.176,-3.317,3.317,3.879,-0.562,,,0.0,144.859,-18.255,126.604,0.0,0.0,0.0,126.604,0.0,126.604,0.0,0.0,126.604,126.978,0.374,91.583,1.38,1.38,1.38648,93.344,1.36,1.36,1.364007,
04/02/2011,427.603,427.603,-169.829,169.829,257.774,0.0,-141.879,117.124,22.254,2.501,115.895,-3.37,3.37,4.083,-0.713,,,0.0,112.525,-18.036,94.489,0.0,0.0,0.0,94.489,0.0,94.489,0.0,0.0,94.489,95.171,0.682,91.649,1.03,1.03,1.038429,93.313,1.01,1.01,1.017309,
07/02/2011,447.627,447.627,-176.103,176.103,271.524,0.0,-150.957,125.439,23.014,2.504,120.567,-4.239,4.239,5.052,-0.813,,,0.0,116.328,-16.253,100.075,0.0,0.0,0.0,100.075,0.0,100.075,0.0,0.0,100.075,99.08525,-0.98975,91.662,1.09,1.09,1.080985,93.271,1.07,1.07,1.059388,
10/01/2011,454.534,454.534,-180.318,180.318,274.216,0.0,-146.952,121.211,23.372,2.369,127.264,-5.546,5.546,6.159,-0.613,,,0.0,121.718,-20.461,101.257,0.0,0.0,0.0,101.257,0.0,101.257,0.0,0.0,101.257,103.113,1.856,90.688,1.12,1.12,1.137008,92.06,1.1,1.1,1.120161,
12/31/2011,521.42,521.42,-204.243,204.243,317.177,0.0,-152.303,126.237,23.707,2.359,164.874,-6.193,6.193,6.677,-0.484,,,0.0,158.681,-21.534,137.147,0.0,0.0,0.0,137.147,0.0,137.147,0.0,0.0,137.147,139.522,2.375,89.324,1.54,1.54,1.561977,90.566,1.51,1.51,1.536224,
03/31/2012,420.458,420.458,-167.29,167.29,253.168,0.0,-142.951,117.119,23.347,2.485,110.217,-5.722,5.722,6.491,-0.769,,,0.0,104.495,-15.829,88.666,0.0,0.0,0.0,88.666,0.0,88.666,0.0,0.0,88.666,88.789,0.123,88.992,1.0,1.0,0.997719,90.269,0.98,0.98,0.981363,
06/30/2012,451.465,451.465,-179.259,179.259,272.206,0.0,-152.083,122.682,23.943,5.458,120.123,-5.847,5.847,6.878,-1.031,,,0.0,114.276,-16.552,97.724,0.0,0.0,0.0,97.724,0.0,97.724,0.0,0.0,97.724,106.94795,9.22395,88.317,1.11,1.11,1.210955,89.381,1.09,1.09,1.193198,
09/29/2012,449.952,449.952,-182.702,182.702,267.25,0.0,-145.505,115.322,23.756,6.427,121.745,-5.923,5.923,7.107,-1.184,,,0.0,115.822,-16.713,99.109,0.0,0.0,0.0,99.109,0.0,99.109,0.0,0.0,99.109,100.226,1.117,87.411,1.13,1.13,1.146606,88.451,1.12,1.12,1.132628,
12/31/2012,521.766,521.766,-208.363,208.363,313.403,0.0,-153.998,122.147,24.958,6.893,159.405,-6.373,6.373,7.597,-1.224,,,0.0,153.032,22.912,175.944,0.0,0.0,0.0,175.944,0.0,175.944,0.0,0.0,175.944,137.445,-38.499,86.712,2.03,2.03,1.585075,87.851,2.0,2.0,1.561769,
03/30/2013,430.338,430.338,-174.568,174.568,255.77,0.0,-146.365,118.66,25.312,2.393,109.405,-5.998,5.998,7.185,-1.187,,,0.0,103.407,17.652,121.059,0.0,0.0,0.0,121.059,0.0,121.059,0.0,0.0,121.059,91.684,-29.375,86.049,1.41,1.41,1.065486,87.215,1.39,1.39,1.053189,
06/29/2013,451.115,451.115,-188.329,188.329,262.786,0.0,-150.094,123.062,24.65,2.382,112.692,-7.976,6.401,7.58,-1.179,,,1.575,104.716,-15.402,89.314,0.0,0.0,0.0,89.314,0.0,89.314,0.0,0.0,89.314,91.849,2.535,85.482,1.04,1.04,1.074484,86.576,1.03,1.03,1.059281,
09/28/2013,457.317,457.317,-191.568,191.568,265.749,0.0,-146.68,120.563,23.599,2.518,119.069,-6.412,6.412,7.358,-0.946,,,0.0,112.657,-14.609,98.048,0.0,0.0,0.0,98.048,0.0,98.048,0.0,0.0,98.048,100.999,2.951,85.185,1.15,1.15,1.185643,86.364,1.14,1.14,1.174169,
12/31/2013,565.448,565.448,-228.991,228.991,336.457,0.0,-160.28,130.68,26.975,2.625,176.177,-6.852,6.852,7.927,-1.075,,,0.0,169.325,-27.743,141.582,0.0,0.0,0.0,141.582,0.0,141.582,0.0,0.0,141.582,144.317,2.735,85.006,1.67,1.67,1.697727,86.017,1.65,1.65,1.681796,
03/29/2014,430.508,430.508,-187.719,187.719,242.789,0.0,-154.028,126.635,24.746,2.647,88.761,-6.031,6.031,7.489,-1.458,,,0.0,82.73,-12.428,70.302,0.0,0.0,0.0,70.302,0.0,70.302,0.0,0.0,70.302,76.717,6.415,84.977,0.83,0.83,0.902797,85.873,0.82,0.82,0.894703,
06/28/2014,481.801,481.801,-201.853,201.853,279.948,0.0,-161.553,131.93,26.977,2.646,118.395,-6.271,6.271,7.971,-1.7,,,0.0,112.124,-15.595,96.529,0.0,0.0,0.0,96.529,0.0,96.529,0.0,0.0,96.529,101.983,5.454,84.462,1.14,1.14,1.207442,85.177,1.13,1.13,1.194031,
09/27/2014,493.165,493.165,-202.222,202.222,290.943,0.0,-152.23,122.226,27.279,2.725,138.713,-7.3,7.3,9.062,-1.762,,,0.0,131.413,-17.916,113.497,0.0,0.0,0.0,113.497,0.0,113.497,0.0,0.0,113.497,114.871,1.374,83.663,1.36,1.36,1.37302,84.401,1.34,1.34,1.356279,
12/31/2014,583.87,583.87,-233.119,233.119,350.751,0.0,-178.712,131.916,28.724,18.072,172.039,-7.566,7.566,9.669,-2.103,,,0.0,164.473,-13.181,151.292,0.0,0.0,0.0,151.292,0.0,151.292,0.0,0.0,151.292,165.283,13.991,83.217,1.82,1.82,1.986169,84.015,1.8,1.8,1.96653,
04/04/2015,460.404,460.404,-189.246,189.246,271.158,0.0,-151.176,119.751,28.951,2.474,119.982,-6.635,6.635,8.975,-2.34,,,0.0,113.347,-17.286,96.061,0.0,0.0,0.0,96.061,0.0,96.061,0.0,0.0,96.061,99.376,3.315,83.025,1.16,1.16,1.196941,83.752,1.15,1.15,1.189581,
07/04/2015,494.74,494.74,-208.707,208.707,286.033,0.0,-155.715,122.66,30.555,2.5,130.318,-6.546,6.546,9.046,-2.5,,,0.0,123.772,-18.115,105.657,0.0,0.0,0.0,105.657,0.0,105.657,0.0,0.0,105.657,107.83,2.173,82.564,1.28,1.28,1.306017,83.332,1.27,1.27,1.296076,
10/03/2015,500.578,500.578,-206.804,206.804,293.774,0.0,-157.931,124.655,30.703,2.573,135.843,-6.281,6.281,9.017,-2.736,,,0.0,129.562,-13.281,116.281,0.0,0.0,0.0,116.281,0.0,116.281,0.0,0.0,116.281,119.073,2.792,82.036,1.42,1.42,1.451473,82.784,1.4,1.4,1.433726,
12/31/2015,586.61,586.61,-237.915,237.915,348.695,0.0,-167.387,128.681,28.336,10.37,181.308,-6.07,6.07,9.205,-3.135,,,0.0,175.238,-24.184,151.054,0.0,0.0,0.0,151.054,0.0,151.054,0.0,0.0,151.054,159.372,8.318,81.65,1.85,1.85,1.951892,82.382,1.83,1.83,1.930969,
04/02/2016,475.246,475.246,-201.151,201.151,274.095,0.0,-161.433,129.351,29.438,2.644,112.662,-6.032,6.032,10.119,-4.087,,,0.0,106.63,-12.578,94.052,0.0,0.0,0.0,94.052,0.0,94.052,0.0,0.0,94.052,97.255,3.203,81.275,1.16,1.16,1.196616,81.974,1.15,1.15,1.189073,
07/02/2016,536.56,536.56,-220.379,220.379,316.181,0.0,-164.57,129.581,32.578,2.411,151.611,-6.156,6.156,10.983,-4.827,,,0.0,145.455,-17.238,128.217,0.0,0.0,0.0,128.217,0.0,128.217,0.0,0.0,128.217,127.311,-0.906,80.804,1.59,1.59,1.575553,81.455,1.57,1.57,1.558877,
10/01/2016,526.83,526.83,-218.344,218.344,308.486,0.0,-156.755,123.861,30.418,2.476,151.731,-6.281,6.281,11.707,-5.426,,,0.0,145.45,-20.594,124.856,0.0,0.0,0.0,124.856,0.0,124.856,0.0,0.0,124.856,124.762,-0.094,80.677,1.55,1.55,1.546438,81.388,1.53,1.53,1.528845,
12/31/2016,628.787,628.787,-251.579,251.579,377.208,0.0,-168.873,130.238,32.753,5.882,208.335,-5.756,5.756,12.102,-6.346,,,0.0,202.579,-28.201,174.378,0.0,0.0,0.0,174.378,0.0,174.378,0.0,0.0,174.378,177.312,2.934,80.366,2.17,2.17,2.206306,80.954,2.15,2.15,2.186243,
04/01/2017,497.969,497.969,-211.095,211.095,286.874,0.0,-168.154,130.673,30.752,6.729,118.72,-5.233,5.382,12.725,-7.343,,,-0.149,113.487,-7.93,105.557,0.0,0.0,0.0,105.557,0.0,105.557,0.0,0.0,105.557,116.359,10.802,80.073,1.32,1.32,1.453161,80.769,1.31,1.31,1.443739,
07/01/2017,558.25,558.25,-229.627,229.627,328.623,0.0,-174.741,130.093,32.937,11.711,153.882,-5.81,5.713,14.083,-8.37,,,0.097,148.072,-16.25,131.822,0.0,0.0,0.0,131.822,0.0,131.822,0.0,0.0,131.822,140.983,9.161,79.979,1.65,1.65,1.76275,80.756,1.63,1.63,1.74344,
09/30/2017,565.584,565.584,-235.892,235.892,329.692,0.0,-170.67,135.206,33.782,1.682,159.022,-5.222,5.234,14.75,-9.516,,,-0.012,153.8,-17.696,136.104,0.0,0.0,0.0,136.104,0.0,136.104,0.0,0.0,136.104,138.54,2.436,79.712,1.71,1.71,1.738007,80.521,1.69,1.69,1.720253,
12/31/2017,687.275,687.275,-270.453,270.453,416.822,0.0,-186.248,148.391,35.122,2.735,230.574,-4.836,4.432,15.281,-10.849,,,0.404,225.738,-578.91,-353.172,0.0,0.0,0.0,-353.172,0.0,-353.172,0.0,0.0,-353.172,200.186,553.358,79.408,-4.447562,-4.447562,2.52098,80.37,-4.447562,-4.447562,2.437569,
03/31/2018,530.67,530.67,-221.421,221.421,309.249,0.0,-164.874,130.407,34.48,-0.013,144.375,-3.826,4.172,13.838,-9.666,,,-0.346,140.549,-28.598,111.951,0.0,0.0,0.0,111.951,0.0,111.951,0.0,0.0,111.951,124.258,12.307,78.883,1.42,1.42,1.575219,79.715,1.4,1.4,1.554388,
06/30/2018,596.219,596.219,-243.135,243.135,353.084,0.0,-173.891,136.645,35.644,1.602,179.193,-4.632,2.804,11.692,-8.888,,,1.828,174.561,-18.884,155.677,0.0,0.0,0.0,155.677,0.0,155.677,0.0,0.0,155.677,151.671,-4.006,77.833,2.0,2.0,1.948672,78.438,1.98,1.98,1.928928,
09/29/2018,578.021,578.021,-241.139,241.139,336.882,0.0,-165.208,126.997,35.173,3.038,171.674,-2.444,1.633,11.435,-9.802,,,0.811,169.23,-28.216,141.014,0.0,0.0,0.0,141.014,0.0,141.014,0.0,0.0,141.014,146.115,5.101,76.575,1.84,1.84,1.908129,77.136,1.83,1.83,1.89613,
12/31/2018,715.019,715.019,-286.869,286.869,428.15,0.0,-183.618,142.853,38.106,2.659,244.532,-46.726,1.225,11.676,-10.451,,,45.501,197.806,-12.654,185.152,0.0,0.0,0.0,185.152,0.0,185.152,0.0,0.0,185.152,214.867,29.715,74.802,2.48,2.48,2.872477,75.345,2.46,2.46,2.854386,
03/30/2019,513.862,513.862,-221.031,221.031,292.831,0.0,-171.68,134.339,35.06,2.281,121.151,-3.773,3.248,11.563,-8.315,,,0.525,117.378,-8.392,108.986,0.0,0.0,0.0,108.986,0.0,108.986,0.0,0.0,108.986,113.859,4.873,71.704,1.52,1.52,1.587903,72.415,1.51,1.51,1.577293,
06/29/2019,599.162,599.162,-249.546,249.546,349.616,0.0,-171.962,133.208,36.49,2.264,177.654,-5.919,5.577,11.448,-5.871,,,0.342,171.735,-27.325,144.41,0.0,0.0,0.0,144.41,0.0,144.41,0.0,0.0,144.41,147.129,2.719,68.989,2.09,2.09,2.132644,69.494,2.08,2.08,2.119126,
09/28/2019,577.278,577.278,-241.055,241.055,336.223,0.0,-162.988,126.036,34.333,2.619,173.235,-8.497,8.001,11.456,-3.455,,,0.496,164.738,-26.605,138.133,0.0,0.0,0.0,138.133,0.0,138.133,0.0,0.0,138.133,139.979,1.846,66.226,2.09,2.09,2.113656,66.768,2.07,2.07,2.097648,
12/31/2019,716.294,716.294,-299.068,299.068,417.226,0.0,-180.809,141.208,37.072,2.529,236.417,-12.029,9.806,14.223,-4.417,,,2.223,224.388,-23.719,200.669,0.0,0.0,0.0,200.669,0.0,200.669,0.0,0.0,200.669,203.927,3.258,63.795,3.15,3.15,3.196598,64.348,3.12,3.12,3.170631,
03/28/2020,464.939,464.939,-210.644,210.644,254.295,0.0,-186.015,147.735,34.989,3.291,68.28,-10.417,10.043,14.079,-4.036,,,0.374,57.863,-4.301,53.562,0.0,0.0,0.0,53.562,0.0,53.562,0.0,0.0,53.562,70.057,16.495,62.232,0.86,0.86,1.125739,62.626,0.86,0.86,1.123389,
06/27/2020,519.984,519.984,-213.134,213.134,306.85,0.0,-151.736,117.449,31.155,3.132,155.114,-9.751,9.015,13.018,-4.003,,,0.736,145.363,-22.434,122.929,0.0,0.0,0.0,122.929,0.0,122.929,0.0,0.0,122.929,128.354,5.425,61.944,1.98,1.98,2.072097,62.184,1.98,1.98,2.067241,
09/30/2020,545.786,,,,313.21566968,,,,,,147.8,,,,,,,,138.0,,109.36,,,,,,109.36,,,109.36,118.0,,,1.858,1.858,1.924,,1.858,1.858,1.924,
12/31/2020,702.643,,,,407.3924114,,,,,,219.2,,,,,,,,207.7,,173.4,,,,,,173.4,,,173.4,176.727,,,2.81,2.81,2.869,,2.81,2.81,2.869,
