Date,Revenue,Sales & Services Revenue,Cost of Revenue,Cost of Goods & Services,Gross Profit,Other Operating Income,Operating Expenses,"Selling, General & Admin",Research & Development,Other Operating Expense,Operating Income (Loss),Non-Operating (Income) Loss,"Interest Expense, Net",Interest Expense,Interest Income,Foreign Exch (Gain) Loss,(Income) Loss from Affiliates,Other Non-Op (Income) Loss,Pretax Income,Income Tax Expense (Benefit),Income (Loss) from Cont Ops,Net Extraordinary Losses (Gains),Discontinued Operations,XO & Accounting Changes,Income (Loss) Incl. MI,Minority Interest,"Net Income, GAAP",Preferred Dividends,Other Adjustments,"Net Income Avail to Common, GAAP","Net Income Avail to Common, Adj",Net Abnormal Losses (Gains),Basic Weighted Avg Shares,"Basic EPS, GAAP",Basic EPS from Cont Ops,"Basic EPS from Cont Ops, Adjusted",Diluted Weighted Avg Shares,"Diluted EPS, GAAP",Diluted EPS from Cont Ops,"Diluted EPS from Cont Ops, Adjusted",Source: Bloomberg
09/30/1989,224.899994,,-171.742996,,53.156998,,-52.294998,,,,0.862,-2.952,,,,0.0,,2.952,-2.09,-0.6,-2.69,0.0,,,-2.69,0.0,-2.69,0.0,,-2.69,-2.69,,58.360001,-0.045,-0.045,,58.360001,-0.045,-0.045,-0.045,
12/30/1989,264.944,,-198.389008,,66.554993,,-55.289001,,,,11.266,-1.431,,,,0.0,,1.431,9.835,-1.258,8.577,0.0,,,8.577,0.0,8.577,0.0,,8.577,8.577,,58.382,0.145,0.145,,58.382,0.145,0.145,0.145,
03/31/1990,286.756012,,-215.233994,,71.522018,,-57.993,,,,13.529,-1.954,,,,0.0,,1.954,11.575,-2.773,8.802,0.0,,,8.802,0.0,8.802,0.0,,8.802,8.802,,58.57,0.15,0.15,,58.57,0.15,0.15,0.15,
06/30/1990,293.911011,,-222.985001,,70.92601,,-56.591999,,,,14.334,-1.457,,,,0.0,,1.457,12.877,-3.401,9.476,0.0,,,9.476,0.0,9.476,0.0,,9.476,9.476,,58.402,0.16,0.16,0.16,58.402,0.16,0.16,0.16,
09/29/1990,255.819,,-198.445007,,57.373993,,-52.966,,,,4.408,-2.202,,,,0.0,,2.202,2.206,-0.552,1.654,0.0,,,1.654,0.0,1.654,0.0,,1.654,1.654,,58.641998,0.3,0.3,,58.641998,0.3,0.3,0.3,
12/29/1990,229.970001,,-201.358994,,28.611008,,-55.799,,,,-27.188,-68.704002,,,,0.0,,68.704002,-95.892002,-2.6,-98.491997,0.0,,,-98.492002,0.0,-98.491997,0.0,,-98.491997,-98.491997,,58.417999,-1.685,-1.685,,58.417999,-1.685,-1.685,-1.685,
03/30/1991,247.113998,,-204.335007,,42.778992,,-48.826,,,,-6.047,-4.746,,,,0.0,,4.746,-10.793,0.0,-10.793,0.0,,,-10.793,0.0,-10.793,0.0,,-10.793,-10.793,,58.722,-0.185,-0.185,,58.722,-0.185,-0.185,-0.185,
06/30/1991,253.298004,,-218.955002,,34.343002,,-41.75,,,,-7.407,-20.625,,,,0.0,,20.625,-28.032,1.492,-26.540001,0.0,,,-26.54,0.0,-26.540001,0.0,,-26.540001,-26.540001,,58.416,-0.725,-0.725,-0.725,58.416,-0.725,-0.725,-0.725,
09/28/1991,199.145004,,-187.604004,,11.541,,-43.674999,,,,-32.133999,-5.661,,,,0.0,,5.661,-37.794999,-0.149,-37.944,0.0,,,-37.943999,0.0,-37.944,0.0,,-37.944,-37.944,,58.416,-0.65,-0.65,,58.416,-0.65,-0.65,-0.65,
12/28/1991,216.300003,,-205.623993,,10.67601,,-41.174999,,,,-30.499001,10.387,,,,0.0,,-10.387,-20.112,-0.265,-20.377001,0.0,,,-20.377,0.0,-20.377001,0.0,,-20.377001,-20.377001,,58.416,-0.35,-0.35,,58.416,-0.35,-0.35,-0.35,
03/28/1992,229.348999,,-203.373001,,25.975998,,-39.016998,,,,-13.041,-4.908,,,,0.0,,4.908,-17.949,-0.658,-18.607,0.0,,,-18.607,0.0,-18.607,0.0,,-18.607,-18.607,,58.416,-0.32,-0.32,,58.416,-0.32,-0.32,-0.32,
06/30/1992,293.537994,,-231.106003,,62.431991,,-53.710999,,,,8.721,-4.237,,,,0.0,,4.237,4.484,-0.416,4.068,0.0,,,4.068,0.0,4.068,0.0,,4.068,4.068,,58.419998,0.075,0.075,0.075,58.419998,0.075,0.075,0.075,
09/26/1992,271.140991,,-220.766998,,50.373993,,-41.834999,,,,8.539,-3.908,,,,0.0,,3.908,4.631,-0.463,4.168,0.0,,,4.168,0.0,4.168,0.0,,4.168,4.168,,60.695999,0.07,0.07,,60.695999,0.07,0.07,0.07,
12/26/1992,343.475006,,-284.889008,,58.585999,,-46.797001,,,,11.789,-4.109,,,,0.0,,4.109,7.679999,-0.768,6.912,0.0,,,6.911999,0.0,6.912,0.0,,6.912,6.912,,63.669998,0.11,0.11,,63.669998,0.11,0.11,0.11,
03/27/1993,325.407013,,-273.106995,,52.300018,,-47.037998,,,,5.262,-3.629,,,,0.0,,3.629,1.633,0.0,1.633,0.0,,,1.633,0.0,1.633,0.0,,1.633,1.633,,70.603996,0.025,0.025,,70.603996,0.025,0.025,0.025,
06/30/1993,285.208008,,-264.42099,,20.787018,,-56.393002,,,,-35.605984,-3.446,,,,0.0,,3.446,-39.051984,1.231,-37.820984,0.0,,,-37.820984,0.0,-37.820984,0.0,,-37.820984,-37.820984,,70.674004,-0.535,-0.535,-0.535,70.674004,-0.535,-0.535,-0.535,
09/30/1993,285.497986,,-239.078995,,46.418991,,-48.464001,,,,-2.045,-3.053,,,,0.0,,3.053,-5.098,0.0,-5.098,0.0,,,-5.098,0.0,-5.098,0.0,,-5.098,-5.098,,70.734001,-0.07,-0.07,,70.734001,-0.07,-0.07,-0.07,
12/25/1993,371.071991,,-298.251007,,72.820984,,-56.479,,,,16.341999,-2.551,,,,0.0,,2.551,13.790999,-1.304,12.487,0.0,,,12.486999,0.0,12.487,0.0,,12.487,12.487,,77.346001,0.16,0.16,,77.346001,0.16,0.16,0.16,
03/26/1994,420.877991,,-327.115997,,93.761993,,-59.612999,,,,34.148998,-0.681,,,,0.0,,0.681,33.467998,-5.02,28.448,0.0,,,28.447998,0.0,28.448,0.0,,28.448,28.448,,88.959999,0.32,0.32,,88.959999,0.32,0.32,0.32,
06/30/1994,462.231995,,-357.303009,,104.928986,,-61.494999,,,,43.433998,0.447,,,,0.0,,-0.447,43.880998,-6.582,37.299,0.0,,,37.298998,0.0,37.299,0.0,,37.299,37.299,,93.865998,0.395,0.395,0.395,93.865998,0.395,0.395,0.395,
10/01/1994,464.589996,,-366.822998,,97.766998,,-59.865002,,,,37.902,2.943,,,,0.0,,-2.943,40.845001,-6.127,34.717999,0.0,,,34.718001,0.0,34.717999,0.0,,34.717999,34.717999,,94.528,0.365,0.365,,94.528,0.365,0.365,0.365,
12/31/1994,551.94397,,-442.903992,,109.039978,,-61.709999,,,,47.330002,2.733,,,,0.0,,-2.733,50.063002,-7.509,42.554001,0.0,,,42.554002,0.0,42.554001,0.0,,42.554001,42.554001,,95.360001,0.445,0.445,,95.360001,0.445,0.445,0.445,
03/31/1995,529.296997,,-440.928986,,88.368011,,-67.704002,,,,20.664,2.43,,,,0.0,,-2.43,23.094,-3.444,19.65,0.0,,,19.65,0.0,19.65,0.0,,19.65,19.65,,97.171997,0.2,0.2,,97.171997,0.2,0.2,0.2,
07/01/1995,585.036011,,-486.105011,,98.931,,-71.795998,,,,27.135,3.896,,,,0.0,,-3.896,31.031,-4.651,26.379999,0.0,,,26.38,0.0,26.379999,0.0,,26.379999,26.379999,,98.160004,0.27,0.27,0.27,98.160004,0.27,0.27,0.27,
09/30/1995,558.148987,,-477.356995,,80.791992,,-74.626999,,,,6.165,3.632,,,,0.0,,-3.632,9.797,-1.47,8.327,0.0,,,8.327,0.0,8.327,0.0,,8.327,8.327,,103.281998,0.08,0.08,0.08,103.281998,0.08,0.08,0.08,
12/30/1995,757.992004,,-654.612976,,103.379028,,-82.204002,,,,21.174999,20.43,,,,0.0,,-20.43,41.605,-5.212,36.393002,0.0,,,36.393,0.0,36.393002,0.0,,36.393002,36.393002,,96.875999,0.375,0.375,,96.875999,0.375,0.375,0.375,
03/30/1996,728.362,,-635.038025,,93.323975,,-74.309998,,,,19.014,3.328,,,,0.0,,-3.328,22.342,-2.904,19.438,0.0,,,19.438,0.0,19.438,0.0,,19.438,19.438,,93.183998,0.21,0.21,,93.183998,0.21,0.21,0.21,
06/29/1996,820.716003,,-716.146973,,104.56903,,-73.468002,,,,31.101,3.019,,0.0,,0.0,,-3.019,34.12,-1.384,32.736,0.0,,,32.736,0.0,32.736,0.0,,32.736,32.736,,91.648002,0.355,0.355,0.355,91.648002,0.355,0.355,0.355,
09/28/1996,883.11499,,-770.226013,,112.888977,,-77.120003,,,,35.769001,2.911,,0.0,,0.0,,-2.911,38.680001,-5.802,32.877998,0.0,,,32.878001,0.0,32.877998,0.0,,32.877998,32.877998,,86.522003,0.38,0.38,0.38,92.603996,0.36,0.36,0.36,
12/28/1996,1118.646973,,-955.257996,,163.388977,,-91.554001,,,,71.834999,3.729,,0.0,,0.0,,-3.729,75.563999,-11.335,64.228996,0.0,,,64.228999,0.0,64.228996,0.0,,64.228996,64.228996,,87.949997,0.73,0.73,0.73,94.760002,0.68,0.68,0.68,
03/29/1997,1096.212,,-911.357,,184.855,0.0,-90.793,51.121,,39.672,94.062,3.109,-3.109,0.0,-3.109,0.0,,0.0,97.171,-14.576,82.595,0.0,,,82.595,0.0,82.595,0.0,0.0,82.595,82.595,,174.424,0.475,0.475,0.475,188.072,0.44,0.44,0.44,
06/28/1997,1079.883057,,-890.732971,,189.150085,,-89.220001,,,,99.93,3.474,,0.0,,0.0,,-3.474,103.404,-15.51,87.893997,0.0,,,87.894,0.0,87.893997,0.0,,87.893997,87.893997,,86.394997,1.02,1.02,1.02,92.688004,0.95,0.95,0.95,
09/27/1997,1090.16394,,-929.10498,,161.05896,,-88.996002,,,,72.063004,2.588,,0.0,,0.0,,-2.588,74.651004,-11.944,62.707001,0.0,,,62.707003,0.0,62.707001,0.0,,62.707001,62.707001,,87.093002,0.72,0.72,0.72,93.959999,0.67,0.67,0.67,
12/28/1997,969.564026,,-1025.112061,,-55.548035,,-91.650002,,,,-147.197998,2.015,,0.0,,0.0,,-2.015,-145.182998,0.0,-145.182999,0.0,,,-145.182998,0.0,-145.182999,0.0,,-145.182999,-145.182999,,87.319,-1.66,-1.66,0.03,87.319,-1.66,-1.66,0.03,
03/28/1998,831.294,,-795.015,,36.279,,-94.5,,,,-58.221,-4.864,,4.328,,0.0,,0.536,-63.085,13.735,-45.022,0.0,,,-49.35,0.0,-45.022,0.0,,-45.022,-45.022,,87.812,-0.51,-0.51,-0.51,87.812,-0.51,-0.51,-0.51,
06/27/1998,650.502991,,-692.242981,,-41.73999,,-120.728996,,,,-162.468994,-0.25,,7.807,,0.0,,-7.557,-162.718994,0.0,-162.718994,0.0,,,-162.718994,0.0,-162.718994,0.0,,-162.718994,-162.718994,,88.225998,-1.84,-1.84,-1.59,88.225998,-1.84,-1.84,-1.59,
09/26/1998,650.857971,,-733.609985,,-82.752014,,-109.252998,,,,-192.005005,-2.653,,7.945,,0.0,,-5.292,-194.658005,0.0,-194.658005,0.0,,,-194.658005,0.0,-194.658005,0.0,,-194.658005,-194.658005,,88.544998,-2.2,-2.2,-1.24,88.544998,-2.2,-2.2,-1.24,
12/26/1998,738.590027,,-719.422974,,19.167053,,-98.181999,,,,-79.014999,-3.238,,8.062,,0.0,,-4.824,-82.253,0.0,-82.252998,0.0,,,-82.253,0.0,-82.252998,0.0,,-82.252998,-82.252998,,88.888,-0.93,-0.93,-0.93,88.888,-0.93,-0.93,-0.93,
03/27/1999,668.455994,,-628.59198,,39.864014,,-108.908997,,,,-69.044998,-45.248,,8.435,,0.0,,36.813,-114.292998,0.0,-114.292999,0.0,,,-114.292998,0.0,-114.292999,0.0,,-114.292999,-114.292999,,89.883003,-1.27,-1.27,-0.68,89.883003,-1.27,-1.27,-0.68,
07/03/1999,709.302002,,-688.429016,,20.872986,,-96.599998,,,,-75.726997,-25.759,,8.362,,0.0,,17.396999,-101.485997,0.0,-101.486,0.0,,,-101.485997,0.0,-101.486,0.0,,-101.486,-101.486,,90.596001,-1.12,-1.12,-0.9,90.596001,-1.12,-1.12,-0.9,
10/02/1999,406.957001,,-434.600006,,-27.643005,,-93.964996,,,,-121.608002,-75.328997,,7.809,,0.0,,67.519997,-196.936998,0.0,-196.936996,-90.622002,,,-106.314997,0.0,-106.315002,0.0,,-106.315002,-106.315002,,95.917999,-1.11,-2.05,-1.32,95.917999,-1.11,-2.05,-1.32,
12/31/1999,560.174011,,-539.932007,,20.242004,,-83.153,,,,-62.910999,-28.562999,,5.034,,0.0,,23.528999,-91.473999,0.0,-91.473999,-76.277,,,-15.196998,0.0,-15.197,0.0,,-15.197,-15.197,,121.127998,-0.13,-0.76,-0.54,121.127998,-0.13,-0.76,-0.54,
03/31/2000,516.586975,,-505.002991,,11.583984,,-67.739998,,,,-56.155998,-14.513,,3.217,,0.0,,11.296,-70.668998,0.0,-70.668999,0.0,,,-70.668998,0.0,-70.668999,0.0,,-70.668999,-70.668999,,133.903,-0.53,-0.53,-0.17,133.903,-0.53,-0.53,-0.17,
06/30/2000,473.862,,-432.274994,,41.587006,,-56.662998,,,,-15.076,-0.259,,,,0.0,,0.259,-15.335,19.5,4.165,0.0,,,4.165,0.0,4.165,0.0,,4.165,4.165,,139.546997,0.03,0.03,-0.19,143.337006,0.03,0.03,-0.19,
09/29/2000,424.366,,-398.43,,25.936,0.0,-61.524,29.523,,32.001,-35.588,6.52,1.632,3.091,,0.0,,-8.152,-25.977,0.0,-25.977,9.549,,,-35.526,0.0,-35.526,0.0,0.0,-35.526,-35.526,,148.044,-0.239969,-0.175468,-0.25,148.044,-0.239969,-0.175468,-0.25,
12/29/2000,561.570007,,-494.028992,,67.541016,,-65.542,,,,1.999,0.446,,1.663,,0.0,,-2.109,2.445,0.0,2.445,-0.749,,,3.194,0.393,3.587,0.0,0.0,3.587,3.587,,171.175003,0.02,0.02,0.02,173.171005,0.02,0.02,0.02,
03/30/2001,511.722992,,-448.428009,,63.294983,,-62.310001,,,,0.985,-0.201,,2.187,-1.986,0.0,,0.0,0.784,0.0,0.784,6.785,,,-6.001,0.253,-5.748,0.0,0.0,-5.748,-5.748,,176.25,-0.03,0.01,0.01,177.617996,-0.03,0.01,0.01,
06/29/2001,455.733002,,-404.766998,,50.966003,,-48.66,,,,2.306,-52.360001,,,-1.22,0.0,,53.580001,-50.054001,0.0,-50.054001,11.122,,,-61.176,0.0,-61.175999,0.0,0.0,-61.175999,-61.175999,,179.389999,-0.34,-0.28,0.01,179.389999,-0.34,-0.28,0.01,
09/28/2001,440.942993,,-384.936005,,56.006989,,-56.213001,,,,-0.206,-0.701,,2.03,-1.329,0.0,,0.0,-0.907,0.0,-0.907,-21.075001,,,20.168001,0.35,20.518,0.0,0.0,20.518,20.518,,186.634995,0.11,0.0,0.0,186.634995,0.11,0.0,0.0,
12/28/2001,574.669983,,-504.112,,70.557983,,-57.706001,,,,12.852,2.216,,2.222,-2.222,0.0,,-2.216,15.068001,0.0,15.068,2.851,,,12.217,0.377,12.594,0.0,0.0,12.594,12.594,,187.690994,0.07,0.08,0.06,191.623993,0.07,0.08,0.06,
03/29/2002,594.867004,,-513.848999,,81.018005,,-60.216999,,,,20.801001,-0.348,,,-0.875,0.0,,1.223,20.453001,1.624,22.077,2.879,,,19.198001,0.0,19.198,0.0,0.0,19.198,19.198,,190.091003,0.1,0.11,0.11,198.354996,0.1,0.11,0.11,
06/28/2002,540.671997,,-466.653992,,74.018005,,-56.789001,,,,17.229,-0.576,,,-0.809,0.0,,1.385,16.653,-0.484,16.169001,3.051,,,13.118,0.0,13.118,0.0,0.0,13.118,13.118,,197.714005,0.07,0.08,0.08,197.714005,0.07,0.08,0.08,
09/27/2002,582.908997,,-499.265991,,83.643005,,-58.358002,,,,25.285,-1.269,,2.064,-0.795,0.0,,0.0,24.016,-1.801,22.215,0.0,,,22.215,0.0,22.215,0.0,0.0,22.215,22.215,,192.464005,0.12,0.12,0.12,196.822998,0.11,0.11,0.11,
12/27/2002,749.48999,,-605.408997,,144.080994,,-68.038002,,,,76.042999,-0.78,,1.702,-0.922,0.0,,0.0,75.262999,-2.223,73.040001,-1.32,,,74.359999,0.0,74.360001,0.0,0.0,74.360001,74.360001,,193.725006,0.38,0.38,0.38,204.123001,0.36,0.36,0.36,
03/28/2003,705.838989,,-583.81897,,122.02002,,-64.931,,,,57.089001,-0.316,,1.386,-1.1,0.0,,0.03,56.773001,-2.271,54.501999,0.0,,,54.502001,0.0,54.501999,0.0,0.0,54.501999,54.501999,,196.257996,0.28,0.28,0.28,207.723999,0.26,0.26,0.26,
06/27/2003,680.278992,,-587.085022,,93.19397,,-64.765999,,,,28.427999,3.902,,,-0.983,0.0,,-2.919,32.329999,-1.293,31.037001,0.0,,,31.036999,0.0,31.037001,0.0,0.0,31.037001,31.037001,,213.473007,0.15,0.15,0.21,213.473007,0.15,0.15,0.21,
09/26/2003,714.200012,,-618.0,,96.200012,,-91.300003,,,,4.9,0.3,,,-0.7,0.0,,0.4,5.2,-0.2,5.0,0.0,,,5.0,0.0,5.0,0.0,0.0,5.0,5.0,,204.100006,0.02,0.02,0.27,215.899994,0.02,0.02,0.24,
12/26/2003,834.799988,,-693.0,,141.799988,,-70.5,,,,71.300003,0.0,,0.6,-0.6,0.0,,0.0,71.300003,-2.5,68.800003,0.0,,,68.800003,0.0,68.800003,0.0,0.0,68.800003,68.800003,,205.399994,0.33,0.33,0.33,217.899994,0.32,0.32,0.32,
03/26/2004,748.900024,,-626.299988,,122.600037,,-73.699997,,,,48.900002,0.1,,0.5,-0.6,0.0,,0.0,49.000002,-1.1,47.900002,0.0,,,47.900002,0.0,47.900002,0.0,0.0,47.900002,47.900002,,206.699997,0.23,0.23,0.23,217.5,0.22,0.22,0.22,
07/02/2004,748.799988,,-647.799988,,101.0,,-71.199997,,,,29.799999,-0.1,,1.0,-0.5,0.0,,-0.4,29.699999,-0.1,29.6,0.0,,,29.599999,0.0,29.6,0.0,0.0,29.6,29.6,,206.5,0.14,0.14,0.14,215.5,0.14,0.14,0.14,
10/01/2004,823.599976,,-710.5,,113.099976,,-81.900002,,,,31.200001,0.0,,0.0,-0.8,0.0,,0.8,31.200001,-0.8,30.4,0.0,,,30.400001,0.0,30.4,0.0,0.0,30.4,30.4,,205.199997,0.15,0.15,0.15,212.600006,0.14,0.14,0.14,
12/31/2004,954.9,,-804.7,,150.2,,-93.6,,,,56.6,0.8,,0.0,-1.7,0.0,,0.9,57.4,-1.4,56.0,0.0,,,56.0,0.0,56.0,0.0,0.0,56.0,56.0,,205.1,0.27,0.27,0.27,213.6,0.26,0.26,0.26,
04/01/2005,919.9,,-752.9,,167.0,,-96.3,,,,70.7,1.9,,0.8,-2.7,,,0.0,72.6,-1.8,70.8,,,,70.8,,70.8,,,70.8,70.8,,208.8,0.34,0.34,0.34,218.7,0.32,0.32,0.32,
07/01/2005,940.4,,-781.1,,159.3,,-123.1,,,,36.2,2.7,,3.3,-6.9,0.0,,0.9,38.9,-0.1,38.8,0.0,,,38.8,0.0,38.8,0.0,0.0,38.8,38.8,,211.4,0.18,0.18,0.27,222.6,0.17,0.17,0.26,
09/30/2005,1009.9,,-831.6,,178.3,,-110.4,,,,67.9,2.5,,0.8,-2.5,0.0,,-0.8,70.4,-1.6,68.8,0.0,,,68.8,0.0,68.8,0.0,0.0,68.8,68.8,,212.9,0.32,0.32,0.34,221.1,0.31,0.31,0.33,
12/30/2005,1117.1,,-888.8,,228.3,,-124.0,,,,104.3,2.8,-2.8,0.9,-3.7,0.0,,0.0,107.1,-2.8,104.3,0.0,,,104.3,0.0,104.3,0.0,0.0,104.3,104.3,,212.8,0.49,0.49,0.54,221.5,0.47,0.47,0.52,
03/31/2006,1128.8,,-910.9,,217.9,,-117.2,,,,100.7,4.8,,,-6.0,0.0,,1.2,105.5,-2.6,102.9,0.0,,,102.9,0.0,102.9,0.0,0.0,102.9,102.9,,216.7,0.47,0.47,0.47,226.8,0.45,0.45,0.45,
06/30/2006,1085.5,,-881.2,,204.3,,-111.3,,,,93.0,5.7,,2.0,-7.3,0.0,,-0.4,98.7,19.9,118.6,0.0,,,118.6,0.0,118.6,0.0,0.0,118.6,118.6,,217.6,0.55,0.55,0.39,225.1,0.53,0.53,0.37,
09/29/2006,1264.0,,-1046.0,,218.0,,-119.0,,,,99.0,7.0,,,-7.0,0.0,,0.0,106.0,-3.0,103.0,0.0,,,103.0,0.0,103.0,0.0,0.0,103.0,103.0,,219.0,0.47,0.47,0.47,225.0,0.46,0.46,0.46,
12/29/2006,1428.0,,-1173.0,,255.0,,-133.0,,,,122.0,6.0,,2.0,-8.0,,,0.0,128.0,,128.0,,,,,,128.0,,,128.0,128.0,,220.0,0.58,0.58,0.58,226.0,0.57,0.57,0.57,
03/30/2007,1410.0,,-1188.0,,222.0,,-107.0,,,,115.0,7.0,,1.0,-8.0,0.0,,0.0,122.0,-1.0,121.0,0.0,,,121.0,0.0,121.0,0.0,0.0,121.0,121.0,,220.0,0.55,0.55,0.49,226.0,0.53,0.53,0.47,
06/29/2007,1366.0,,-1161.0,,205.0,,-126.0,47.0,,79.0,79.0,8.0,,,-9.0,0.0,,1.0,87.0,125.0,212.0,0.0,,,212.0,0.0,212.0,0.0,0.0,212.0,212.0,,220.0,1.0,1.0,1.0,220.0,1.0,1.0,1.0,
09/28/2007,1766.0,,-1443.0,,323.0,,-188.0,,,,135.0,3.0,,6.0,-9.0,0.0,,0.0,138.0,-69.0,69.0,0.0,,,69.0,0.0,69.0,0.0,0.0,69.0,69.0,,219.0,0.31,0.31,0.83,224.0,0.31,0.31,0.81,
12/28/2007,2204.0,,-1691.0,,513.0,,-181.0,,,,332.0,-16.0,,24.0,-8.0,0.0,,0.0,316.0,-11.0,305.0,0.0,,,305.0,0.0,305.0,0.0,0.0,305.0,305.0,,220.0,1.39,1.39,1.39,226.0,1.35,1.35,1.35,
03/28/2008,2111.0,,-1634.0,,477.0,,-179.0,,,,298.0,-8.0,,14.0,-6.0,0.0,,0.0,290.0,-10.0,280.0,0.0,,,280.0,0.0,280.0,0.0,0.0,280.0,280.0,,222.0,1.26,1.26,1.26,227.0,1.23,1.23,1.23,
06/27/2008,1993.0,,-1568.0,,425.0,,-184.0,,,,241.0,-4.0,,4.0,-4.0,0.0,,4.0,237.0,-24.0,213.0,0.0,,,213.0,0.0,213.0,0.0,0.0,213.0,213.0,15.0,222.0,0.96,0.96,1.03,227.0,0.94,0.94,1.01,
09/26/2008,2109.0,2109.0,-1685.0,1685.0,424.0,0.0,-190.0,57.0,133.0,0.0,234.0,-4.0,,,-4.0,,,8.0,230.0,-19.0,211.0,0.0,0.0,0.0,211.0,,211.0,,0.0,211.0,211.0,0.0,222.0,0.95,0.95,0.95,226.0,0.93,0.93,0.93,
12/26/2008,1823.0,1823.0,-1533.0,1533.0,290.0,0.0,-274.0,42.0,119.0,113.0,16.0,-9.0,,,-2.0,,,11.0,7.0,7.0,14.0,0.0,0.0,0.0,14.0,,14.0,0.0,0.0,14.0,126.9,112.9,222.0,0.06,0.06,0.571622,224.0,0.06,0.06,0.564018,
03/27/2009,1592.0,1592.0,-1339.0,1339.0,253.0,0.0,-192.0,49.0,125.0,18.0,61.0,-3.0,,,-1.0,,,4.0,58.0,-8.0,50.0,0.0,0.0,0.0,50.0,0.0,50.0,0.0,0.0,50.0,61.7,11.7,223.0,0.22,0.22,0.276682,226.0,0.22,0.22,0.27177,
07/03/2009,1928.0,1928.0,-1558.0,1558.0,370.0,0.0,-161.0,52.0,132.0,-23.0,209.0,-2.0,,,,,,2.0,207.0,-11.0,196.0,0.0,0.0,0.0,196.0,,196.0,0.0,0.0,196.0,198.6,2.6,223.0,0.88,0.88,0.890583,227.0,0.86,0.86,0.871454,
10/02/2009,2208.0,2208.0,-1694.0,1694.0,514.0,0.0,-195.0,53.0,142.0,0.0,319.0,-2.0,,,-1.0,,,3.0,317.0,-29.0,288.0,0.0,0.0,0.0,288.0,0.0,288.0,0.0,0.0,288.0,288.0,0.0,225.0,1.28,1.28,1.28,230.0,1.25,1.25,1.25,
01/01/2010,2619.0,2619.0,-1932.0,1932.0,687.0,0.0,-214.0,60.0,154.0,0.0,473.0,-2.0,,,-1.0,,,3.0,471.0,-42.0,429.0,0.0,0.0,0.0,429.0,,429.0,0.0,0.0,429.0,429.0,0.0,227.0,1.89,1.89,1.89,232.0,1.85,1.85,1.85,
04/02/2010,2641.0,2641.0,-1976.0,1976.0,665.0,0.0,-224.0,64.0,160.0,0.0,441.0,-1.0,,,-1.0,,,2.0,440.0,-40.0,400.0,0.0,0.0,0.0,400.0,,400.0,0.0,0.0,400.0,400.0,0.0,229.0,1.75,1.75,1.75,234.0,1.71,1.71,1.71,
07/02/2010,2382.0,2382.0,-1847.0,1847.0,535.0,0.0,-242.0,88.0,154.0,0.0,293.0,-1.0,,,-4.0,,,5.0,292.0,-27.0,265.0,0.0,0.0,0.0,265.0,,265.0,0.0,0.0,265.0,282.55,17.55,230.0,1.15,1.15,1.228478,235.0,1.13,1.13,1.204681,
10/01/2010,2396.0,2396.0,-1959.0,1959.0,437.0,0.0,-226.0,59.0,167.0,0.0,211.0,0.0,,,-2.0,,,2.0,211.0,-14.0,197.0,0.0,0.0,0.0,197.0,,197.0,0.0,0.0,197.0,197.0,0.0,230.0,0.86,0.86,0.86,234.0,0.84,0.84,0.84,
12/31/2010,2475.0,2475.0,-2000.0,2000.0,475.0,0.0,-235.0,66.0,169.0,0.0,240.0,-1.0,,,-2.0,,,3.0,239.0,-14.0,225.0,0.0,0.0,0.0,225.0,,225.0,,0.0,225.0,225.0,0.0,230.0,0.98,0.98,0.98,235.0,0.96,0.96,0.96,
04/01/2011,2252.0,2252.0,-1842.0,1842.0,410.0,0.0,-252.0,73.0,179.0,0.0,158.0,1.0,,,-2.0,,,1.0,159.0,-13.0,146.0,0.0,0.0,0.0,146.0,,146.0,,0.0,146.0,152.5,6.5,232.0,0.63,0.63,0.657328,236.0,0.62,0.62,0.647542,
07/01/2011,2403.0,2403.0,-1934.0,1934.0,469.0,0.0,-297.0,109.0,188.0,0.0,172.0,-2.0,,,-3.0,,,5.0,170.0,-12.0,158.0,0.0,0.0,0.0,158.0,,158.0,,0.0,158.0,180.1,22.1,233.0,0.68,0.68,0.772961,237.0,0.67,0.67,0.763249,
09/30/2011,2694.0,2694.0,-2153.0,2153.0,541.0,0.0,-282.0,89.0,193.0,0.0,259.0,-1.0,,,-3.0,,,4.0,258.0,-19.0,239.0,0.0,0.0,0.0,239.0,,239.0,,0.0,239.0,252.65,13.65,233.0,1.03,1.03,1.084335,237.0,1.01,1.01,1.067595,
12/30/2011,1995.0,1995.0,-1347.0,1347.0,648.0,0.0,-486.0,96.0,191.0,199.0,162.0,-2.0,,,-3.0,,,5.0,160.0,-15.0,145.0,0.0,0.0,0.0,145.0,,145.0,,0.0,145.0,283.45,138.45,234.0,0.62,0.62,1.211325,237.0,0.61,0.61,1.194177,
03/30/2012,3035.0,3035.0,-2058.0,2058.0,977.0,0.0,-435.0,155.0,265.0,15.0,542.0,-4.0,,,-3.0,,,7.0,538.0,-55.0,483.0,0.0,0.0,0.0,483.0,,483.0,,0.0,483.0,514.85,31.85,241.0,2.0,2.0,2.136307,246.0,1.96,1.96,2.089472,
06/29/2012,4754.0,4754.0,-3282.0,3282.0,1472.0,0.0,-664.0,178.0,406.0,80.0,808.0,-7.0,,,-3.0,,,10.0,801.0,-56.0,745.0,0.0,0.0,0.0,745.0,,745.0,0.0,0.0,745.0,821.0,76.0,254.0,2.93,2.93,3.232283,260.0,2.87,2.87,3.162308,
09/28/2012,4035.0,4035.0,-2842.0,2842.0,1193.0,0.0,-601.0,179.0,396.0,26.0,592.0,-14.0,,,-2.0,0.0,0.0,16.0,578.0,-59.0,519.0,0.0,0.0,0.0,519.0,0.0,519.0,0.0,0.0,519.0,535.9,16.9,246.0,2.11,2.11,2.178455,252.0,2.06,2.06,2.127063,
12/28/2012,3824.0,3824.0,-2765.0,2765.0,1059.0,0.0,-581.0,162.0,378.0,41.0,478.0,-10.0,,,-3.0,,,13.0,468.0,-133.0,335.0,0.0,0.0,0.0,335.0,,335.0,0.0,0.0,335.0,449.65,114.65,242.0,1.38,1.38,1.858058,246.0,1.36,1.36,1.826057,
03/29/2013,3764.0,3764.0,-2703.0,2703.0,1061.0,0.0,-644.0,185.0,396.0,63.0,417.0,-11.0,,,-3.0,,,14.0,406.0,-15.0,391.0,0.0,0.0,0.0,391.0,,391.0,0.0,0.0,391.0,431.95,40.95,239.0,1.64,1.64,1.807322,245.0,1.6,1.6,1.767143,
06/28/2013,3728.0,3728.0,-2678.0,2678.0,1050.0,0.0,-590.0,180.0,402.0,8.0,460.0,-9.0,,,-3.0,,,12.0,451.0,-35.0,416.0,0.0,0.0,0.0,416.0,0.0,416.0,0.0,0.0,416.0,421.2,5.2,236.0,1.76,1.76,1.784746,243.0,1.71,1.71,1.731399,
09/27/2013,3804.0,3804.0,-2705.0,2705.0,1099.0,0.0,-557.0,132.0,401.0,24.0,542.0,-10.0,,,-3.0,0.0,0.0,13.0,532.0,-37.0,495.0,0.0,0.0,0.0,495.0,0.0,495.0,0.0,0.0,495.0,483.95,-11.05,236.0,2.1,2.1,2.050636,242.0,2.05,2.05,2.004339,
12/27/2013,3972.0,3972.0,-2816.0,2816.0,1156.0,0.0,-678.0,226.0,416.0,36.0,478.0,-11.0,,,-3.0,,,14.0,467.0,-37.0,430.0,0.0,0.0,0.0,430.0,,430.0,0.0,0.0,430.0,482.9,52.9,236.0,1.82,1.82,2.046186,243.0,1.77,1.77,1.987695,
03/28/2014,3703.0,3703.0,-2627.0,2627.0,1076.0,0.0,-657.0,201.0,418.0,38.0,419.0,-13.0,,,-4.0,,,17.0,406.0,-31.0,375.0,0.0,0.0,0.0,375.0,0.0,375.0,0.0,0.0,375.0,413.0,38.0,235.0,1.6,1.6,1.757447,242.0,1.55,1.55,1.707025,
06/27/2014,3651.0,3651.0,-2622.0,2622.0,1029.0,0.0,-677.0,202.0,426.0,49.0,352.0,-5.0,,,-5.0,,,10.0,347.0,-30.0,317.0,0.0,0.0,0.0,317.0,0.0,317.0,0.0,0.0,317.0,369.65,52.65,234.0,1.35,1.35,1.579701,241.0,1.32,1.32,1.538465,
10/03/2014,3943.0,3943.0,-2794.0,2794.0,1149.0,0.0,-680.0,220.0,437.0,23.0,469.0,-9.0,,,-4.0,,,13.0,460.0,-37.0,423.0,0.0,0.0,0.0,423.0,0.0,423.0,0.0,0.0,423.0,446.0,23.0,234.0,1.81,1.81,1.905983,240.0,1.76,1.76,1.855833,
01/02/2015,3888.0,3888.0,-2778.0,2778.0,1110.0,0.0,-644.0,164.0,426.0,54.0,466.0,-8.0,,,-4.0,,,12.0,458.0,-20.0,438.0,0.0,0.0,0.0,438.0,,438.0,0.0,0.0,438.0,462.8,24.8,233.0,1.88,1.88,1.986266,238.0,1.84,1.84,1.944202,
04/03/2015,3550.0,3550.0,-2518.0,2518.0,1032.0,0.0,-611.0,199.0,402.0,10.0,421.0,-9.0,,,-3.0,,,12.0,412.0,-28.0,384.0,0.0,0.0,0.0,384.0,0.0,384.0,0.0,0.0,384.0,393.75,9.75,231.0,1.66,1.66,1.704545,236.0,1.63,1.63,1.671314,
07/03/2015,3191.0,3191.0,-2261.0,2261.0,930.0,0.0,-675.0,190.0,381.0,104.0,255.0,-8.0,,,-4.0,,,12.0,247.0,-27.0,220.0,0.0,0.0,0.0,220.0,0.0,220.0,0.0,0.0,220.0,292.15,72.15,231.0,0.95,0.95,1.264719,235.0,0.94,0.94,1.247021,
10/02/2015,3360.0,3360.0,-2405.0,2405.0,955.0,0.0,-633.0,192.0,385.0,56.0,322.0,-8.0,,,-5.0,0.0,,13.0,314.0,-31.0,283.0,0.0,0.0,0.0,283.0,0.0,283.0,0.0,0.0,283.0,339.0,56.0,231.0,1.23,1.23,1.467532,234.0,1.21,1.21,1.449316,
01/01/2016,3317.0,3317.0,-2411.0,2411.0,906.0,0.0,-655.0,239.0,389.0,27.0,251.0,-7.0,8.0,13.0,-5.0,0.0,,-1.0,244.0,7.0,251.0,0.0,0.0,0.0,251.0,,251.0,0.0,0.0,251.0,352.638732,101.638732,232.0,1.08,1.08,1.519995,234.0,1.07,1.07,1.504354,
04/01/2016,2822.0,2822.0,-2069.0,2069.0,753.0,0.0,-665.0,166.0,359.0,140.0,88.0,-8.0,8.0,14.0,-6.0,,,0.0,80.0,-6.0,74.0,0.0,0.0,0.0,74.0,0.0,74.0,0.0,0.0,74.0,270.88592,196.88592,233.0,0.32,0.32,1.162601,234.0,0.32,0.32,1.161393,
07/01/2016,3495.0,3495.0,-2674.0,2674.0,821.0,0.0,-1016.0,400.0,494.0,122.0,-195.0,-290.0,2.0,13.0,-11.0,,,288.0,-485.0,119.0,-366.0,0.0,0.0,0.0,-366.0,0.0,-366.0,0.0,0.0,-366.0,45.819601,411.819601,261.0,-1.4,-1.4,0.175554,261.0,-1.4,-1.4,0.175554,
09/30/2016,4714.0,4714.0,-3379.0,3379.0,1335.0,0.0,-1103.0,396.0,639.0,68.0,232.0,-503.0,231.0,236.0,-5.0,0.0,,272.0,-271.0,-95.0,-366.0,0.0,0.0,0.0,-366.0,0.0,-366.0,0.0,0.0,-366.0,86.821278,452.821278,285.0,-1.28,-1.28,0.304637,285.0,-1.28,-1.28,0.304637,
12/30/2016,4888.0,4888.0,-3355.0,3355.0,1533.0,0.0,-988.0,358.0,585.0,45.0,545.0,-224.0,200.0,205.0,-5.0,0.0,,24.0,321.0,-86.0,235.0,0.0,0.0,0.0,235.0,0.0,235.0,0.0,0.0,235.0,311.747682,76.747682,286.0,0.82,0.82,1.090027,294.0,0.8,0.8,1.061047,
03/31/2017,4649.0,4649.0,-3126.0,3126.0,1523.0,0.0,-998.0,346.0,613.0,39.0,525.0,-221.0,198.0,205.0,-7.0,,,23.0,304.0,-56.0,248.0,0.0,0.0,0.0,248.0,0.0,248.0,0.0,0.0,248.0,319.358441,71.358441,289.0,0.86,0.86,1.105046,299.0,0.83,0.83,1.068657,
06/30/2017,4842.0,4842.0,-3161.0,3161.0,1681.0,0.0,-1029.0,345.0,604.0,80.0,652.0,-237.0,192.0,201.0,-9.0,,,45.0,415.0,-135.0,280.0,0.0,0.0,0.0,280.0,0.0,280.0,0.0,0.0,280.0,339.8,59.8,292.0,0.96,0.96,1.163699,301.0,0.93,0.93,1.128671,
09/29/2017,5181.0,5181.0,-3268.0,3268.0,1913.0,0.0,-1008.0,364.0,592.0,52.0,905.0,-195.0,189.0,205.0,-16.0,0.0,,6.0,710.0,-29.0,681.0,0.0,0.0,0.0,681.0,0.0,681.0,0.0,0.0,681.0,727.47292,46.47292,295.0,2.31,2.31,2.46601,306.0,2.23,2.23,2.381872,
12/29/2017,5336.0,5336.0,-3323.0,3323.0,2013.0,0.0,-1058.0,381.0,629.0,48.0,955.0,-181.0,183.0,197.0,-14.0,,,-2.0,774.0,-1597.0,-823.0,0.0,0.0,0.0,-823.0,0.0,-823.0,0.0,0.0,-823.0,824.952875,1647.952875,296.0,-2.78,-2.78,2.787003,296.0,-2.78,-2.78,2.787003,
03/30/2018,5013.0,5013.0,-3086.0,3086.0,1927.0,0.0,-1013.0,376.0,602.0,35.0,914.0,-1042.0,144.0,160.0,-16.0,,,898.0,-128.0,189.0,61.0,0.0,0.0,0.0,61.0,0.0,61.0,0.0,0.0,61.0,816.61019,755.61019,298.0,0.2,0.2,2.740303,308.0,0.2,0.2,2.65328,
06/29/2018,5117.0,5117.0,-3265.0,3265.0,1852.0,0.0,-1009.0,352.0,577.0,80.0,843.0,-114.0,100.0,114.0,-14.0,0.0,,14.0,729.0,27.0,756.0,0.0,0.0,0.0,756.0,0.0,756.0,0.0,0.0,756.0,834.972662,78.972662,299.0,2.53,2.53,2.792551,307.0,2.46,2.46,2.71724,
09/28/2018,5028.0,5028.0,-3364.0,3364.0,1664.0,0.0,-978.0,356.0,576.0,46.0,686.0,-103.0,101.0,116.0,-15.0,0.0,,2.0,583.0,-72.0,511.0,0.0,0.0,0.0,511.0,0.0,511.0,0.0,0.0,511.0,564.73158,53.73158,292.0,1.75,1.75,1.934012,298.0,1.71,1.71,1.890307,
12/28/2018,4233.0,4233.0,-3189.0,3189.0,1044.0,0.0,-868.0,309.0,539.0,20.0,176.0,-95.0,103.0,118.0,-15.0,0.0,,-8.0,81.0,-568.0,-487.0,0.0,0.0,0.0,-487.0,0.0,-487.0,0.0,0.0,-487.0,-305.589977,181.410023,290.0,-1.68,-1.68,-1.053759,290.0,-1.68,-1.68,-1.054448,
03/29/2019,3674.0,3674.0,-3095.0,3095.0,579.0,0.0,-973.0,353.0,544.0,76.0,-394.0,-83.0,105.0,118.0,-13.0,0.0,,-22.0,-477.0,-104.0,-581.0,0.0,0.0,0.0,-581.0,0.0,-581.0,0.0,0.0,-581.0,-291.569131,289.430869,292.0,-1.99,-1.99,-0.998524,292.0,-1.99,-1.99,-0.998798,
06/28/2019,3634.0,3634.0,-3169.0,3169.0,465.0,0.0,-846.0,299.0,523.0,24.0,-381.0,-93.0,103.0,117.0,-14.0,,,-10.0,-474.0,277.0,-197.0,0.0,0.0,0.0,-197.0,0.0,-197.0,0.0,0.0,-197.0,-45.170183,151.829817,294.0,-0.67,-0.67,-0.15364,294.0,-0.67,-0.67,-0.15364,
10/04/2019,4040.0,4040.0,-3282.0,3282.0,758.0,0.0,-887.0,305.0,574.0,8.0,-129.0,-108.0,110.0,122.0,-12.0,,,-2.0,-237.0,-39.0,-276.0,0.0,0.0,0.0,-276.0,0.0,-276.0,0.0,0.0,-276.0,-182.444116,93.555884,296.0,-0.93,-0.93,-0.616365,296.0,-0.93,-0.93,-0.616365,
01/03/2020,4234.0,4234.0,-3299.0,3299.0,935.0,0.0,-885.0,298.0,578.0,9.0,50.0,-90.0,97.0,105.0,-8.0,,,-7.0,-40.0,-99.0,-139.0,0.0,0.0,0.0,-139.0,0.0,-139.0,0.0,0.0,-139.0,-117.787678,21.212322,298.0,-0.47,-0.47,-0.395261,298.0,-0.47,-0.47,-0.398818,
04/03/2020,4175.0,4175.0,-3170.0,3170.0,1005.0,0.0,-852.0,281.0,563.0,8.0,153.0,-107.0,93.0,99.0,-6.0,,,14.0,46.0,-29.0,17.0,0.0,0.0,0.0,17.0,0.0,17.0,0.0,0.0,17.0,41.714828,24.714828,299.0,0.06,0.06,0.139514,303.0,0.06,0.06,0.139514,
07/03/2020,4287.0,4287.0,-3204.0,3204.0,1083.0,0.0,-822.0,269.0,546.0,7.0,261.0,-76.0,85.0,87.0,-2.0,,,-9.0,185.0,-37.0,148.0,0.0,0.0,0.0,148.0,0.0,148.0,0.0,0.0,148.0,157.795613,9.795613,300.0,0.49,0.49,0.525985,301.0,0.49,0.49,0.522544,
09/30/2020,3836.423,,,,996.54923848,,,,,,300.176,,,,,,,,214.8,,-90.483,,,,,,-90.483,,,-90.483,173.6,,,-0.329,-0.329,0.577,,-0.329,-0.329,0.577,
12/31/2020,3892.346,,,,1045.05597754,,,,,,355.471,,,,,,,,283.133,,-67.158,,,,,,-67.158,,,-67.158,224.8,,,-0.189,-0.189,0.702,,-0.189,-0.189,0.702,
