Date,Revenue,Revenue From Electric,Regulated Electric Revenue,Unregulated Electric Revenue,Other Electric Revenue,Revenue from Gas,Regulated Gas Revenue,Revenue from Water,Other Revenue,Cost of Revenue,Fuel & Purchased Power Cost,Fuel Cost,Purchased Power Cost,Purchased Gas & Water Cost,Purchased Gas Cost,Purchased Water Cost,Other Cost of Revenue,Gross Profit,Operating Expenses,Maintenance Expenses,Depreciation Expenses,Taxes Other Than Income,Other Operating Expense,Operating Income (Loss),Non-Operating (Income) Loss,"Interest Expense, Net",Total Interest Income,AFUDC - Equity,Interest Income,Interest Expense,Interest Expenses on Bonds,AFUDC - Debts,Other Interest Expenses,Other Non-Op (Income) Loss,Pretax Income,Income Tax Expense (Benefit),Income (Loss) from Cont Ops,Net Extraordinary Losses (Gains),Discontinued Operations,XO & Accounting Changes,Income (Loss) Incl. MI,Minority Interest,"Net Income, GAAP",Preferred Dividends,Other Adjustments,"Net Income Avail to Common, GAAP","Net Income Avail to Common, Adj",Net Abnormal Losses (Gains),Basic Weighted Avg Shares,"Basic EPS, GAAP",Basic EPS from Cont Ops,"Basic EPS from Cont Ops, Adjusted",Diluted Weighted Avg Shares,"Diluted EPS, GAAP",Diluted EPS from Cont Ops,"Diluted EPS from Cont Ops, Adjusted",Source: Bloomberg
03/31/1990,391.326996,300.785004,,,,85.737,,0.0,4.805,-137.542007,81.362,70.097,11.265,56.18,,,,253.784988,-160.011002,33.019001,35.562,17.187,74.242996,93.774002,-8.498001,,,1.641,,20.613001,22.261,-1.648,,-10.474,85.276001,-30.15,55.125999,0.0,,,55.126002,0.0,55.125999,-1.482,,53.643999,53.643999,,202.074005,0.266667,0.266667,0.266667,202.074005,0.266667,0.266667,0.266667,
06/30/1990,337.787994,296.269989,,,,39.109001,,0.0,2.409,-105.797997,80.940999,65.764999,15.176,24.857,,,,231.989998,-161.608002,31.4,35.962002,16.969,77.277,70.382004,-9.999,,,1.299,,20.649,21.955,-1.306,,-9.351,60.383003,-20.516001,39.867001,0.0,,,39.867003,0.0,39.867001,-1.482,,38.385001,38.385001,,202.074005,0.19,0.19,0.19,202.074005,0.19,0.19,0.19,
09/30/1990,341.235992,314.502014,,,,25.476,,0.0,1.258,-94.795998,78.263003,65.925003,12.338,16.533001,,,,246.439995,-160.664993,30.24,36.456001,17.02,76.948997,85.775002,-9.307,,,1.4,,20.469999,22.073,-1.603,,-9.763,76.468002,-26.658001,49.810001,0.0,,,49.810001,0.0,49.810001,-1.482,,48.328001,48.328001,,202.074005,0.24,0.24,0.24,202.074005,0.24,0.24,0.24,
12/31/1990,372.151001,296.488007,,,,72.009003,,0.0,3.654,-121.386002,74.239001,62.102001,12.137,47.146999,,,,250.764999,-168.188995,39.037998,36.740002,16.395,76.015999,82.575996,-10.665,,,1.577,,20.903999,22.594999,-1.691,,-8.662,71.910997,-24.063999,47.847,0.0,,,47.846998,0.0,47.847,-1.482,,46.365,46.365,,202.074005,0.23,0.23,0.23,202.074005,0.23,0.23,0.23,
03/31/1991,417.699005,318.03299,,,,94.426003,,0.0,5.24,-148.546997,88.170998,75.336998,12.834,60.375999,,,,269.152008,-169.949005,36.835999,35.990002,15.917,81.206001,99.203003,-13.649,,,1.703,,21.031,22.709,-1.678,,-5.679,85.554003,-29.802,55.751999,0.0,,,55.752003,0.0,55.751999,-1.482,,54.269999,54.269999,,202.074005,0.27,0.27,0.27,202.074005,0.27,0.27,0.27,
06/30/1991,355.242004,318.54599,,,,34.431999,,0.0,2.264,-112.157997,90.702997,71.143997,19.559,21.455,,,,243.084007,-172.0,37.395,36.033001,15.766,82.806,71.084,-13.631001,,,2.057,,21.044001,22.533001,-1.489,,-5.356,57.452999,-19.136999,38.316002,0.0,,,38.316,0.0,38.316002,-1.482,,36.834002,36.834002,,202.074005,0.183333,0.183333,0.183333,202.074005,0.183333,0.183333,0.183333,
09/30/1991,364.20401,336.460999,,,,26.421,,0.0,1.322,-107.144997,90.130001,72.845001,17.285,17.014999,,,,257.059013,-167.182999,31.612,37.095001,15.234,83.241997,89.875999,-13.676,,,1.765,,21.014999,22.378,-1.363,,-5.574,76.2,-24.691,51.508999,0.0,,,51.509,0.0,51.508999,-1.482,,50.026999,50.026999,,202.074005,0.246667,0.246667,0.246667,202.074005,0.246667,0.246667,0.246667,
12/31/1991,401.769989,319.769012,,,,77.841003,,0.0,4.16,-137.067993,87.528,71.945,15.583,49.540001,,,,264.701996,-174.656998,36.354,37.577999,14.923,85.802002,90.044998,-14.335001,,,1.898,,21.783001,23.194,-1.411,,-5.55,75.709997,-26.052,49.658001,0.0,,,49.657997,0.0,49.658001,-1.482,,48.176001,48.176001,,202.074005,0.236667,0.236667,0.236667,202.074005,0.236667,0.236667,0.236667,
03/31/1992,422.102997,330.319,,,,86.139999,,0.0,5.644,-139.317001,86.585999,73.641998,12.944,52.730999,,,,282.785995,-183.108002,37.542,39.131001,18.643999,87.791,99.678001,-14.564,,,1.929,,21.782,23.181999,-1.4,,-5.289,85.114002,-29.681,55.432999,0.0,,,55.433002,0.0,55.432999,-1.482,,53.950999,53.950999,,202.074005,0.266667,0.266667,0.266667,202.074005,0.266667,0.266667,0.266667,
06/30/1992,357.445007,312.90799,,,,42.282001,,0.0,2.255,-109.027,82.799,62.278,20.521,26.228001,,,,248.418007,-187.498001,39.865002,39.803001,18.341,89.488998,60.919998,-14.140999,,,2.032,,21.9,23.33,-1.43,,-5.727,46.778999,-14.826,31.952999,0.0,,,31.952999,0.0,31.952999,-1.482,,30.470999,30.470999,,202.074005,0.15,0.15,0.15,202.074005,0.15,0.15,0.15,
09/30/1992,358.321014,328.204987,,,,28.947001,,0.0,1.169,-97.677002,78.365,62.077999,16.287001,19.312,,,,260.644012,-185.216995,33.466,42.250999,18.097,91.403,75.427002,-16.57,,,1.547,,22.576,23.735001,-1.159,,-4.459,58.857002,-19.714001,39.143002,0.0,,,39.143001,0.0,39.143002,-1.482,,37.661002,37.661002,,203.945999,0.185,0.185,0.185,203.945999,0.185,0.185,0.185,
12/31/1992,413.937988,327.290985,,,,82.622002,,0.0,4.025,-135.988007,82.711002,68.718002,13.993,53.277,,,,277.949981,-186.024002,38.763,41.528,17.778,87.955002,91.926003,-17.291001,,,1.46,,23.148001,24.266001,-1.118,,-4.397,74.635002,-25.597,49.037998,0.0,,,49.038002,0.0,49.037998,-1.47,,47.567998,47.567998,,206.817994,0.23,0.23,0.23,206.817994,0.23,0.23,0.23,
03/31/1993,463.571014,333.90799,,,,123.919998,,0.0,5.743,-158.684006,82.124996,68.186996,13.938,76.558998,,,,304.887009,-191.257996,37.432999,40.245998,19.082001,94.497002,113.628998,-17.721999,,,2.007,,26.726999,28.141001,-1.414,,-6.998,95.906999,-34.007999,61.898998,0.0,,,61.898999,0.0,61.898998,-1.447,,60.451998,60.451998,,210.024002,0.29,0.29,0.29,210.024002,0.29,0.29,0.29,
06/30/1993,383.497986,320.708008,,,,60.082001,,0.0,2.708,-118.164001,77.290001,60.354,16.936001,40.874001,,,,265.333984,-204.203995,41.402,41.673,18.737,102.391998,61.130001,-17.668001,,,2.17,,24.988001,26.545,-1.557,,-5.15,43.462,-13.914,29.548,0.0,,,29.548001,0.0,29.548,-1.446,,28.102,28.102,,211.197998,0.135,0.135,0.135,211.197998,0.135,0.135,0.135,
09/30/1993,397.856995,354.126007,,,,42.421001,,0.0,1.31,-109.101997,79.356004,66.799004,12.557,29.746,,,,288.754997,-197.830994,34.230999,42.893002,18.775999,101.931,90.924004,-17.087,,,1.948,,25.159,26.612,-1.453,,-6.124,73.837003,-26.319,47.518002,0.0,,,47.518003,0.0,47.518002,-1.094,,46.424002,46.424002,,212.350006,0.22,0.22,0.22,212.350006,0.22,0.22,0.22,
12/31/1993,448.30899,339.10199,,,,104.877998,,0.0,4.329,-146.446969,79.49401,68.04501,11.449,66.953005,,,,301.862021,-203.646041,43.019009,42.253994,18.058,100.31501,98.215984,-65.436001,,,2.332,,26.123002,27.917,-1.794,,41.644999,32.779983,-23.979002,55.546993,0.0,,,8.800981,0.0,55.546993,-0.39,,55.156993,55.156993,,210.134002,0.26,0.26,0.26,210.134002,0.26,0.26,0.26,
03/31/1994,509.681,355.239014,,,,147.578995,,0.0,6.863,-175.223007,84.069998,72.475998,11.594,91.153,,,,334.457993,-279.996002,33.515999,44.039001,21.068001,181.373001,54.462002,-20.348001,,,1.253,,26.735001,27.893999,-1.159,,-5.134,34.114001,-10.903,23.211,0.0,,,23.211001,0.0,23.211,-0.389,,22.822,22.822,,214.475998,0.105,0.105,0.105,214.475998,0.105,0.105,0.105,
06/30/1994,400.339996,339.274994,,,,58.501999,,0.0,2.563,-118.809998,81.525001,71.485001,10.04,37.285,,,,281.529999,-193.313995,30.42,43.349998,19.347,100.196999,88.216003,-20.394999,,,1.508,,26.587999,27.950001,-1.362,,-4.685,67.821004,-24.031,43.790001,0.0,,,43.790004,0.0,43.790001,-0.36,,43.430001,43.430001,,215.615997,0.2,0.2,0.2,215.615997,0.2,0.2,0.2,
09/30/1994,400.511993,361.734985,,,,37.563,,0.0,1.214,-107.931999,84.782997,73.060997,11.722,23.149,,,,292.579994,-192.264008,29.593,44.910999,18.57,99.190002,100.316002,-19.227,,,1.358,,26.837999,28.191999,-1.354,,-6.253,81.089002,-29.298,51.791,0.0,,,51.791002,0.0,51.791,-0.301,,51.49,51.49,,216.628006,0.24,0.24,0.24,216.628006,0.24,0.24,0.24,
12/31/1994,431.658997,347.312988,,,,80.705002,,0.0,3.641,-126.030998,78.106996,68.839996,9.267,47.924,,,,305.627999,-185.587997,31.073,45.313999,17.049999,92.151001,120.040001,-22.262,,,0.866,,27.858,29.066999,-1.209,,-4.73,97.778001,-34.351002,63.426998,0.0,,,63.426999,0.0,63.426998,-0.301,,63.125998,63.125998,,217.440002,0.29,0.29,0.29,217.440002,0.29,0.29,0.29,
03/31/1995,471.122009,343.919006,,,,121.099998,,0.0,6.103,-159.697998,86.895,67.819,19.076,72.803001,,,,311.424011,-190.223007,28.372,44.712002,19.379,97.760002,121.200996,-22.041999,,,0.825,,27.830999,29.072001,-1.241,,-4.964,99.158997,-36.324001,62.834999,0.0,,,62.834996,0.0,62.834999,-0.301,,62.533999,62.533999,,218.266006,0.285,0.285,0.285,218.266006,0.285,0.285,0.285,
06/30/1995,405.092987,347.277008,,,,55.174999,,0.0,2.641,-112.277,79.741,71.611,8.13,32.535999,,,,292.815987,-191.292999,30.84,45.436001,17.158001,97.859001,101.523003,-20.954,,,0.829,,27.448999,28.658001,-1.209,,-5.666,80.569003,-28.673,51.896,0.0,,,51.896003,0.0,51.896,-0.301,,51.595,51.595,,219.138,0.235,0.235,0.235,219.138,0.235,0.235,0.235,
09/30/1995,426.412994,385.725006,,,,39.425999,,0.0,1.262,-119.176003,94.700001,89.179001,5.521,24.476,,,,307.236992,-192.229004,23.319,46.744999,19.212,102.953003,115.008003,-22.327999,,,1.02,,27.969999,29.316,-1.346,,-4.622,92.680004,-33.944,58.736,0.0,,,58.736004,0.0,58.736,-0.3,,58.436,58.436,,220.186005,0.265,0.265,0.265,220.186005,0.265,0.265,0.265,
12/31/1995,467.855988,360.55899,,,,102.560997,,0.0,4.736,-143.0,84.051,74.944,9.107,58.949001,,,,324.855988,-192.537994,29.868999,46.983002,19.016001,96.669998,132.317993,-30.985,,,0.976,,27.355,28.761999,-1.407,,4.606,101.332993,-39.563,61.77,0.0,,,61.769993,0.0,61.77,-0.301,,61.469,61.469,,221.173996,0.28,0.28,0.28,221.173996,0.28,0.28,0.28,
03/31/1996,495.457001,350.824005,,,,138.016006,,0.0,6.617,-167.149002,81.556999,75.792999,5.764,85.592003,,,,328.307999,-204.634995,26.107,52.305,20.847,105.375999,123.672997,-22.486999,,,0.606,,27.132999,28.306999,-1.174,,-4.04,101.185997,-38.081001,63.105,0.0,,,63.104996,0.0,63.105,-0.301,,62.804,62.804,,221.638,0.285,0.285,0.285,221.638,0.285,0.285,0.285,
06/30/1996,401.686005,334.337006,,,,64.879997,,0.0,2.469,-117.845001,77.645999,71.264999,6.381,40.199001,,,,283.841003,-187.992996,24.973,50.896,19.249001,92.875,95.848,-22.980001,,,0.526,,26.179001,27.549999,-1.371,,-2.673,72.867999,-27.014,45.854,0.0,,,45.853999,0.0,45.854,-0.3,,45.554,45.554,,221.638,0.205,0.205,0.205,221.638,0.205,0.205,0.205,
09/30/1996,398.800995,359.213013,,,,38.333,,0.0,1.255,-110.272003,84.883998,74.934998,9.949,25.388,,,,288.528992,-179.462006,20.295,49.505001,19.288,90.374001,109.067001,-23.599,,,0.869,,25.976,27.504999,-1.529,,-1.508,85.468002,-31.737,53.730999,0.0,,,53.731002,0.0,53.730999,-0.301,,53.429999,53.429999,,221.811996,0.24,0.24,0.24,221.811996,0.24,0.24,0.24,
12/31/1996,477.876007,348.895996,,,,123.646004,,0.0,5.334,-170.854996,87.779997,73.657997,14.122,83.074997,,,,307.021011,-203.138,31.671,50.09,18.482,102.894997,103.883003,-18.737,,,1.035,,27.26,28.715,-1.455,,-7.488,85.146003,-28.497999,56.647999,0.0,,,56.648004,0.0,56.647999,-0.301,,56.346999,56.346999,,222.766006,0.255,0.255,0.255,222.766006,0.255,0.255,0.255,
03/31/1997,510.382996,349.100006,,,,152.848999,,0.0,8.434,-208.416,105.122002,77.261002,27.861,103.293999,,,,301.966995,-210.718002,31.466999,57.665001,19.187,102.399002,91.249001,-20.112,,,1.141,,27.552,29.391001,-1.839,,-6.299,71.137,-25.767,45.369999,0.0,,,45.37,0.0,45.369999,-0.301,,45.068999,45.068999,,223.917999,0.2,0.2,0.2,223.917999,0.2,0.2,0.2,
06/30/1997,403.213989,337.221008,,,,61.228001,,0.0,4.765,-148.281006,109.140003,76.204002,32.936001,39.140999,,,,254.932983,-221.158997,38.347,57.068001,19.039,106.705002,33.773998,-54.127,,,1.216,,28.114,29.865999,-1.752,,27.229,-20.353002,10.021,-10.332,0.0,,,-10.332002,0.0,-10.332,-0.3,,-10.632,-10.632,,225.154007,-0.045,-0.045,0.04,225.154007,-0.045,-0.045,0.04,
09/30/1997,400.614014,359.522003,,,,37.987,,0.0,3.105,-143.656998,119.667999,86.804001,32.863998,23.989,,,,256.957016,-198.878006,29.615999,61.16,18.443001,89.658997,58.078999,-22.111,,,0.625,,28.524,30.153,-1.629,,-5.788,35.967999,-11.692,24.275999,0.0,,,24.275998,0.0,24.275999,-0.301,,23.974999,23.974999,,225.731995,0.105,0.105,0.105,225.731995,0.105,0.105,0.105,
12/31/1997,475.390991,366.272003,,,,103.108002,,0.0,6.011,-178.177994,110.724998,71.696999,39.028,67.453003,,,,297.212997,-223.067001,35.666,61.805,17.245001,108.350998,74.146004,-67.973998,,,0.367,,28.539,30.280001,-1.741,,39.801998,6.172006,-3.567,2.605,0.0,,,2.605006,0.0,2.605,-0.301,,2.304,2.304,,225.731995,0.01,0.01,0.09,225.731995,0.01,0.01,0.09,
03/31/1998,510.681,383.640015,,,,119.411003,,0.0,7.63,-182.792999,110.492001,73.901001,36.591,72.301003,,,,327.888,-233.845001,40.818001,62.272999,20.716,110.038002,94.042999,-18.688999,,,0.715,,28.889999,30.888,-1.998,,-9.486,75.354,-26.004999,49.348999,0.0,,,49.349001,0.0,49.348999,-0.301,,49.047999,49.047999,,225.731995,0.215,0.215,0.215,225.731995,0.215,0.215,0.215,
06/30/1998,464.967987,408.737,,,,52.414001,,0.0,3.817,-148.561005,117.456001,80.207001,37.249001,31.105,,,,316.406982,-247.274994,46.504002,57.215,19.296,124.260002,69.132004,-26.658,,,0.877,,29.473,31.43,-1.957,,-1.938,42.474004,-13.32,29.153999,0.0,,,29.154004,0.0,29.153999,-0.3,,28.853999,28.853999,,227.373993,0.125,0.125,0.125,227.373993,0.125,0.125,0.125,
09/30/1998,519.648987,506.329987,,,,,,0.0,13.319,-154.421997,132.466999,87.016998,45.450001,21.955,,,,365.22699,-247.460007,,61.084,16.535,169.841003,117.766998,-26.894,,,0.585,,30.364,32.539001,-2.175,,-2.885,90.872998,-32.396,58.477001,0.0,,,58.476998,0.0,58.477001,-0.301,,58.176001,58.176001,,230.552002,0.25,0.25,0.25,230.552002,0.25,0.25,0.25,
12/31/1998,498.006989,406.707001,,,,85.766998,,0.0,5.533,-154.270996,104.157001,67.260002,36.896999,50.113998,,,,343.735992,-252.276001,43.52,63.311001,18.971001,126.473999,91.459999,-18.660001,,,0.759,,31.291,32.988998,-1.698,,-11.872,72.799998,-20.445,52.355,0.0,,,52.354999,0.0,52.355,-0.301,,52.054,52.054,,229.421997,0.225,0.225,0.225,229.421997,0.225,0.225,0.225,
03/31/1999,536.72,528.538,,,,121.983,,0.0,8.182,-174.58,105.72,70.735,34.985,68.86,,,,362.14,-257.824,44.095,65.268,23.244,125.217,104.316,-21.887,,,0.984,8.349,31.666,33.566,-1.9,,-0.446,82.429,-28.389,54.04,0.0,,,54.04,0.0,54.04,-0.529,,53.511,53.511,,231.852,0.23,0.23,0.23,231.852,0.23,0.23,0.23,
06/30/1999,539.007996,473.890991,,,,,,0.0,65.116997,-174.996002,147.25,94.209,53.041,27.746,,,,364.011993,-261.980988,,64.443001,19.149,178.389008,102.030998,-23.939002,,,1.461,,33.594002,35.998051,-2.405,,-8.194,78.091997,-25.464001,52.627998,0.0,,,52.627996,0.0,52.627998,-3.725,,48.902998,48.902998,,233.227997,0.21,0.21,0.21,233.227997,0.21,0.21,0.21,
09/30/1999,591.296997,522.356995,,,,,,0.0,68.940002,-190.891998,168.379002,106.051003,62.327999,22.513,,,,400.404999,-265.437012,,71.573997,19.076,174.787003,134.968002,-24.064002,,,0.674,,35.490002,38.026001,-2.537,0.0,-10.752,110.904001,-38.325001,72.579002,0.0,,,72.579,0.0,72.579002,-3.726,,68.853002,68.853002,,234.613998,0.295,0.295,0.295,234.613998,0.295,0.295,0.295,
12/31/1999,605.614014,525.432007,,,,,,0.0,80.181999,-221.658005,166.731003,81.984001,84.747002,54.926998,,,,383.956009,-268.877014,,49.514999,13.408,230.365005,115.079002,-54.694999,,,0.651,,38.049999,16.625,-2.704,,17.296,60.384004,-18.969,41.448002,0.0,,,41.415004,0.0,41.448002,-3.726,,37.722002,37.722002,,236.397995,0.16,0.16,0.205,236.397995,0.16,0.16,0.205,
03/31/2000,628.0,423.799988,,,,118.5,,0.0,85.699997,-229.399994,226.079002,160.300003,65.778999,69.099998,,,,398.600006,-279.399994,,72.099998,20.700001,186.600006,119.199997,-36.400001,,,0.0,,43.200001,43.200001,0.0,0.0,-6.8,82.799996,-32.200001,50.599998,0.0,,,50.599996,0.0,50.599998,0.0,,50.599998,50.599998,,239.0,0.21,0.21,0.21,239.0,0.21,0.21,0.21,
06/30/2000,755.0,435.399994,,,,111.900002,,0.0,207.699997,-248.600006,163.0,163.0,,85.599998,,,,506.399994,-404.299988,,83.300003,20.0,301.0,102.099998,-51.000002,,,0.0,,60.900002,60.900002,0.0,,-9.9,51.099997,-21.0,30.1,0.0,,,30.099997,0.0,30.1,0.0,,30.1,30.1,,241.600006,0.125,0.125,0.155,243.399994,0.125,0.125,0.155,
09/30/2000,850.799988,607.200012,,,,,,0.0,243.600006,-275.399994,169.5,169.5,,105.900002,,,,575.399994,-440.700012,,88.0,21.200001,331.5,134.699997,-57.099997,,,0.0,,71.199997,71.199997,0.0,0.0,-14.1,77.6,-33.0,44.599998,0.0,,,44.6,0.0,44.599998,0.0,,44.599998,44.599998,,243.800003,0.185,0.185,0.26,245.600006,0.18,0.18,0.255,
12/31/2000,1121.15,847.078,,,,,,0.0,274.072,-523.176,189.268,189.268,,333.908,,,,597.974,-478.473,,92.9,18.373,398.76,119.501,-54.362,,,0.238,,54.6,69.257,-3.401,0.0,,65.139,-38.373,32.58,0.0,,,26.766,0.0,32.58,-3.674,,28.906,28.906,,240.4,0.12,0.12,0.24,241.6,0.12,0.12,0.24,
03/31/2001,1355.0,455.4,,,,581.0,,0.0,318.600006,-696.0,180.5,180.5,,515.5,,,,659.0,-475.200012,,87.5,22.799999,364.899994,183.800003,-52.800001,,,0.0,,65.400002,65.400002,0.0,0.0,-12.6,131.000002,-53.700001,77.300003,-10.5,,,87.800001,0.0,87.800003,0.0,,87.800003,87.800003,,235.800003,0.37,0.325,0.325,237.399994,0.37,0.325,0.325,
06/30/2001,862.200012,449.8,,,,170.4,,0.0,242.0,-277.799988,163.300003,163.300003,,114.5,,,,584.400024,-480.700012,,86.800003,18.700001,375.200012,103.699997,-27.0,,,,,64.099998,64.099998,,,-37.099998,76.699997,-30.6,46.099998,0.0,,,46.099997,0.0,46.099998,0.0,,46.099998,46.099998,,235.199997,0.195,0.195,0.125,237.0,0.195,0.195,0.125,
09/30/2001,824.900024,516.0,,,,96.6,,0.0,212.300003,-238.300003,181.199997,181.199997,,57.099998,,,,586.600021,-436.100006,,85.599998,21.799999,328.700012,150.5,-68.599999,,,,,58.799999,58.799999,,0.0,9.8,81.900001,-34.0,47.900002,0.0,,,47.900001,0.0,47.900002,0.0,,47.900002,47.900002,,233.800003,0.205,0.205,0.265,235.600006,0.205,0.205,0.265,
12/31/2001,892.3,691.7,,,,,,0.0,200.6,-271.8,135.1,135.1,,136.7,,,,620.5,-453.6,,82.2,21.3,350.1,166.9,-82.7,,,,,43.4,43.4,,,39.3,84.2,-32.1,52.1,0.0,,,52.1,0.0,52.1,-14.9,,37.2,37.2,,236.6,0.155,0.155,0.3,236.6,0.155,0.155,0.3,
03/31/2002,986.0,442.7,,,,339.0,,0.0,204.300003,-348.100006,296.600006,148.300003,148.300003,199.800003,,,,637.899994,-603.599976,,78.099998,22.700001,502.799988,34.299999,-35.0,,,0.0,,58.5,58.5,0.0,0.0,-23.5,-0.700001,-3.5,-4.2,0.0,,,-4.200001,0.0,-4.2,0.0,0.0,-4.2,-4.2,,230.199997,-0.02,-0.02,0.375,232.0,-0.02,-0.02,0.375,
06/30/2002,870.900024,467.0,,,,162.9,,0.0,241.0,-240.699997,284.399994,142.199997,142.199997,98.5,,,,630.200027,-517.900024,,79.0,22.299999,416.600006,112.300003,-41.100002,,,,,57.400002,57.400002,,,-16.299999,71.200001,-25.799999,45.400002,0.0,,,45.400002,0.0,45.400002,0.0,,45.400002,45.400002,,230.600006,0.195,0.195,0.195,232.800003,0.195,0.195,0.195,
09/30/2002,869.799988,529.4,,,,97.0,,0.0,243.399994,-230.300003,346.0,173.0,173.0,57.299999,,,,639.499985,-502.5,,81.400002,22.1,399.0,137.0,-52.2,,,,,57.5,57.5,,0.0,-5.3,84.8,-32.700001,52.099998,0.0,,,52.099999,0.0,52.099998,0.0,,52.099998,52.099998,,230.600006,0.225,0.225,0.225,232.199997,0.225,0.225,0.225,
12/31/2002,1009.5,471.7,,,,319.2,,0.0,218.6,-349.9,130.6,130.6,,219.3,,,,659.6,-343.7,,82.1,20.7,240.9,315.9,-183.6,,,4.3,,40.9,47.8,-6.9,0.0,147.0,132.3,-43.7,73.7,0.0,,,88.6,0.0,73.7,0.0,,73.7,73.7,,231.6,0.32,0.32,0.32,233.0,0.315,0.315,0.315,
03/31/2003,1051.400024,488.0,,,,545.0,,0.0,18.4,-534.200012,139.199997,139.199997,,395.0,,,,517.200012,-345.0,,80.599998,21.1,243.300003,172.199997,-43.399999,,,0.0,,51.099998,51.099998,0.0,0.0,-7.7,128.799998,-46.299999,82.5,-9.5,,,91.999999,0.0,92.0,0.0,0.0,92.0,92.0,,232.399994,0.395,0.395,0.395,233.800003,0.395,0.395,0.395,
06/30/2003,914.299988,478.0,,,,210.7,,0.0,225.600006,-282.100006,138.5,138.5,,143.600006,,,,632.199982,-515.900024,,83.400002,20.299999,412.200012,116.300003,-42.1,,,0.0,,55.5,55.5,0.0,0.0,-13.4,74.200003,-24.9,49.299999,0.0,,,49.300003,0.0,49.299999,0.0,,49.299999,49.299999,,233.399994,0.21,0.21,0.21,235.800003,0.21,0.21,0.21,
09/30/2003,878.5,551.5,,,,128.4,,0.0,198.600006,-245.0,161.100006,161.100006,,83.900002,,,,633.5,-501.100006,,85.099998,20.6,395.399994,132.399994,-82.299999,,,0.0,,54.299999,54.299999,0.0,0.0,28.0,50.099995,-19.200001,30.9,0.0,,,30.899994,0.0,30.9,0.0,,30.9,30.9,,234.800003,0.13,0.13,0.235,237.600006,0.13,0.13,0.235,
12/31/2003,1032.3,496.1,,,,332.7,,0.0,203.5,-372.7,132.2,132.2,0.0,240.5,,,,659.6,-499.1,0.0,83.2,20.0,396.8,160.5,-50.0,,,0.0,,54.0,53.8,0.0,0.2,-4.0,110.5,-38.6,72.1,0.0,,,71.9,0.0,72.1,0.0,,72.1,72.1,,236.2,0.305,0.305,0.325,240.0,0.3,0.3,0.32,
03/31/2004,1065.0,517.2,,,,530.3,,,17.5,-144.1,144.1,144.1,,,,,,920.9,-737.8,,75.6,22.0,640.2,183.1,-49.5,,,,,54.2,54.2,,,-4.7,133.6,-50.2,83.4,-7.4,,,90.8,,90.8,,0.0,90.8,90.8,,237.0,0.385,0.35,0.35,240.4,0.38,0.345,0.345,
06/30/2004,715.0,506.2,,,,193.3,,0.0,15.5,-281.5,152.0,152.0,,129.5,,,,433.5,-359.1,,82.2,21.7,255.2,74.4,-40.5,,,0.0,,50.8,50.8,0.0,0.0,-10.3,33.9,-12.4,21.5,-17.1,,,38.6,0.0,38.6,0.0,0.0,38.6,38.6,,236.0,0.165,0.09,0.15,239.0,0.16,0.085,0.14,
09/30/2004,690.400024,552.6,,,,126.1,,0.0,11.7,-241.600006,160.699997,160.699997,,80.900002,,,,448.800018,-348.299988,,81.099998,22.200001,245.0,100.5,-49.299999,,,0.0,,46.099998,46.099998,0.0,0.0,3.2,51.200001,-19.799999,31.4,-53.0,,,84.400002,0.0,84.400002,0.0,0.0,84.400002,84.400002,,234.800003,0.36,0.135,0.215,237.399994,0.355,0.13,0.21,
12/31/2004,945.9,523.0,,,,402.7,,0.0,20.2,-429.6,134.9,134.9,,294.7,,,,516.3,-341.1,,82.2,21.4,238.9,173.8,-38.3,,,,,42.3,42.3,0.0,0.0,-4.0,135.5,-51.0,84.5,-8.1,,,92.6,0.0,92.6,0.0,0.0,92.6,92.6,,234.8,0.39,0.36,0.39,237.4,0.39,0.36,0.39,
03/31/2005,1094.7,524.1,,,,560.1,,,10.5,-568.7,158.0,158.0,0.0,410.7,,,,526.0,-359.2,,81.8,23.0,254.4,166.8,-24.7,,,0.0,,42.4,42.4,0.0,0.0,-17.7,142.1,-52.1,90.0,0.1,,,89.9,0.0,89.9,0.0,0.0,89.9,89.9,,234.0,0.385,0.385,0.385,236.6,0.38,0.38,0.38,
06/30/2005,788.5,574.3,,,,205.8,,,8.4,-328.4,186.4,186.4,,142.0,,,,460.1,-370.2,,79.0,22.7,268.5,89.9,-24.9,,,0.0,,41.5,41.5,,,-16.6,65.0,-8.2,56.8,-5.2,,,62.0,0.0,62.0,0.0,0.0,62.0,62.0,,234.0,0.265,0.245,0.175,236.6,0.26,0.24,0.17,
09/30/2005,797.3,662.5,,,,125.7,,,9.1,-320.8,240.5,240.5,,80.3,,,,476.5,-348.1,,84.6,22.0,241.5,128.4,-22.6,,,2.5,,44.6,44.6,,,-19.5,105.8,-40.0,65.8,-0.4,,,66.2,,66.2,,,66.2,66.2,,234.0,0.285,0.285,0.285,237.2,0.28,0.28,0.28,
12/31/2005,1135.0,588.8,,,,525.9,,0.0,20.3,-606.2,191.8,191.8,,414.4,,,,528.8,-351.0,,85.8,21.0,243.4,177.8,-37.9,,,0.0,,44.9,44.9,0.0,0.0,-7.0,139.9,-48.9,91.0,0.4,,,90.6,0.0,90.6,0.0,0.0,90.6,90.6,,234.0,0.385,0.385,0.385,237.0,0.385,0.385,0.385,
03/31/2006,1247.0,609.9,,,,627.9,,,9.2,-649.6,169.2,169.2,0.0,480.4,,,,597.4,-405.8,,82.6,25.3,297.9,191.6,-24.3,,,0.0,,45.2,45.2,0.0,0.0,-20.9,167.3,-62.9,104.4,-1.3,,,105.7,0.0,105.7,0.0,0.0,105.7,105.7,,234.0,0.45,0.445,0.445,237.0,0.445,0.44,0.44,
06/30/2006,814.4,601.9,,,,204.1,,,8.4,-314.4,184.8,184.8,,129.6,,,,500.0,-392.9,,78.8,24.0,290.1,107.1,-14.9,,,0.0,,42.6,42.6,,,-27.7,92.2,-32.5,59.7,-3.2,,,62.9,0.0,62.9,0.0,0.0,62.9,62.9,,234.0,0.27,0.255,0.25,236.8,0.265,0.25,0.245,
09/30/2006,839.8,689.1,,,,141.2,,,9.5,-314.9,229.8,229.8,,85.1,,,,524.9,-393.7,,82.0,24.6,287.1,131.2,-16.6,,,4.1,,41.5,41.5,,,-20.8,114.6,-43.8,70.8,,,,70.8,,70.8,,,70.8,70.8,,234.0,0.305,0.305,0.305,236.8,0.3,0.3,0.3,
12/31/2006,1095.2,628.5,,,,446.7,,,20.0,-541.4,218.2,218.2,,323.2,,,,553.8,-415.2,,83.0,23.6,308.6,138.6,-25.2,,,,,43.4,43.4,,,-18.2,113.4,-35.8,77.6,0.6,,,77.0,0.0,77.0,0.0,0.0,77.0,77.0,,234.0,0.33,0.33,0.33,237.4,0.325,0.325,0.325,
03/31/2007,1301.1,642.6,,,,644.8,,,13.7,-703.3,229.5,229.5,,473.8,,,,597.8,-413.3,,84.1,26.2,303.0,184.5,-18.8,,,0.0,,42.7,42.7,0.0,0.0,-23.9,165.7,-64.6,101.1,0.2,,,100.9,0.0,100.9,0.0,0.0,100.9,100.9,,234.0,0.43,0.43,0.43,237.4,0.425,0.425,0.425,
06/30/2007,906.5,662.4,,,,233.6,,,10.5,-390.9,232.3,232.3,,158.6,,,,515.6,-410.5,,81.2,25.1,304.2,105.1,-11.7,,,,,42.0,42.0,,,-30.3,93.4,-35.7,57.7,0.2,,,57.5,0.0,57.5,0.0,0.0,57.5,57.5,,233.8,0.245,0.245,0.245,237.0,0.245,0.245,0.245,
09/30/2007,887.5,732.6,,,,133.4,,,21.5,-332.3,254.3,254.3,,78.0,,,,555.2,-396.1,,85.6,26.2,284.3,159.1,-16.8,,,,,42.5,42.5,,,-25.7,142.3,-53.2,89.1,0.2,,,88.9,0.0,88.9,0.0,0.0,88.9,88.9,,233.8,0.355,0.355,0.355,236.4,0.35,0.35,0.35,
12/31/2007,2297.4,,,,,,,,,-622.6,280.3,280.3,,342.3,,,,1674.8,-346.8,,77.3,25.7,243.8,1328.0,-21.8,,,,,40.4,40.4,,,-18.6,1306.2,-62.9,1243.3,0.3,,,1243.0,0.0,1243.0,0.0,0.0,1243.0,1243.0,,233.8,0.405,0.405,0.39,236.8,0.4,0.4,0.385,
03/31/2008,1431.1,667.2,,,,749.9,,0.0,14.0,-898.4,338.2,338.2,,560.2,,,0.0,532.7,-315.2,,77.7,27.1,210.4,217.5,-17.1,,,,,39.2,39.2,,,-22.1,200.4,-77.4,123.0,-0.2,,,123.2,,123.2,,0.0,123.2,123.2,,233.8,0.525,0.525,0.525,236.6,0.52,0.52,0.52,
06/30/2008,945.4,669.9,,,,265.7,,0.0,9.8,-483.6,298.1,298.1,,185.5,,,0.0,461.8,-353.9,,80.4,27.2,246.3,107.9,-15.4,,,0.0,,35.4,35.4,,0.0,-20.0,92.5,-34.3,58.2,0.0,,0.0,58.0,0.0,58.0,0.0,0.0,58.0,58.0,0.0,233.8,0.25,0.25,0.25,236.6,0.245,0.245,0.245,
09/30/2008,851.5,684.9,,,,156.1,,0.0,10.5,-439.8,344.1,344.1,,95.7,,,0.0,411.7,-273.3,,84.0,26.7,162.6,138.4,-17.3,,,,,38.8,38.8,0.0,0.0,-21.5,121.1,-44.5,76.6,-0.9,,,77.5,0.0,77.5,0.0,0.0,77.5,77.5,,233.8,0.33,0.325,0.325,236.4,0.325,0.32,0.32,
12/31/2008,1199.8,664.4,,,,522.9,,0.0,12.5,-639.8,260.3,260.3,,379.5,,,0.0,560.0,-364.6,,84.4,27.2,253.0,195.4,-35.1,,,0.0,,40.3,40.3,,0.0,-5.2,160.3,-60.3,100.0,-0.4,,,100.4,0.0,100.4,0.0,0.0,100.4,100.4,,233.8,0.43,0.43,0.43,235.8,0.425,0.425,0.425,
03/31/2009,1396.2,693.5,641.4,52.1,,686.9,,0.0,15.8,-769.1,266.4,266.4,,502.7,502.7,0.0,0.0,627.1,-384.1,,85.8,28.1,270.2,243.0,-20.2,40.8,,,,40.8,40.8,,,-20.6,222.8,-81.3,141.5,0.0,0.0,0.0,141.5,0.0,141.5,,0.0,141.5,141.5,0.0,233.8,0.605,0.605,0.605,236.0,0.6,0.6,0.6,
06/30/2009,835.7,644.2,586.5,57.7,,181.5,,0.0,10.0,-354.5,252.5,252.5,,102.0,102.0,0.0,0.0,481.2,-362.8,,85.6,27.7,249.5,118.4,-18.0,39.8,,,,39.8,39.8,,,-21.8,100.4,-37.4,63.0,-0.7,-0.7,0.0,63.7,0.0,63.7,,0.0,63.7,63.0,0.0,233.8,0.27,0.27,0.27,235.6,0.27,0.265,0.265,
09/30/2009,815.5,682.7,635.6,47.1,,122.5,,0.0,10.3,-355.3,292.1,292.1,,63.2,63.2,0.0,0.0,460.2,-355.8,,86.5,27.5,241.8,104.4,-13.3,38.4,,,,38.4,38.4,,,-25.1,91.1,-32.9,58.2,-0.3,-0.3,0.0,58.5,0.0,58.5,,0.0,58.5,58.2,0.0,236.0,0.25,0.25,0.25,236.0,0.25,0.245,0.245,
12/31/2009,1061.3,651.2,571.7,79.5,,377.0,,0.0,33.1,-494.3,250.2,250.2,,244.1,244.1,0.0,0.0,567.0,-371.0,,85.9,27.6,257.5,196.0,-17.7,37.7,,,,37.7,37.7,,,-20.0,178.3,-65.2,113.1,-5.6,-5.6,0.0,118.7,0.0,118.7,,0.0,118.7,113.1,0.0,233.8,0.51,0.485,0.485,236.0,0.505,0.48,0.48,
03/31/2010,1248.6,703.8,639.4,64.4,,524.2,,0.0,20.6,-633.2,277.4,277.4,,355.8,355.8,0.0,0.0,615.4,-387.0,,74.4,26.6,286.0,228.4,-28.0,49.4,,,,49.4,49.4,,,-21.4,200.4,-71.4,129.0,-0.7,-0.7,0.0,129.7,0.0,129.7,,0.0,129.7,129.0,0.0,233.8,0.555,0.555,0.555,236.8,0.55,0.55,0.55,
06/30/2010,890.9,701.7,658.1,43.6,,172.1,,0.0,17.1,-354.2,258.4,258.4,,95.8,95.8,0.0,0.0,536.7,-373.4,,76.8,26.3,270.3,163.3,-28.2,53.0,,,,53.0,53.0,,,-24.8,135.1,-47.6,87.5,-1.2,-1.2,0.0,88.7,0.0,88.7,,0.0,88.7,87.5,0.0,233.8,0.38,0.375,0.375,236.6,0.375,0.37,0.37,
09/30/2010,973.2,827.2,774.1,53.1,,127.4,,0.0,18.6,-403.0,335.6,335.6,,67.4,67.4,0.0,0.0,570.2,-367.2,,77.4,26.9,262.9,203.0,-27.7,52.5,,,,52.5,52.5,,,-24.8,175.3,-63.0,112.3,0.1,0.1,0.0,112.2,,112.2,,0.0,112.2,112.3,0.0,233.8,0.48,0.48,0.48,236.8,0.475,0.475,0.475,
12/31/2010,1089.8,703.6,663.9,39.7,,366.5,,0.0,19.7,-461.0,228.5,228.5,,232.5,232.5,0.0,0.0,628.8,-413.1,,77.0,26.2,309.9,215.7,-22.2,51.5,,,,51.5,51.5,,,-29.3,193.5,-67.9,125.6,-0.3,-0.3,0.0,125.9,0.0,125.9,,0.0,125.9,125.6,0.0,233.8,0.54,0.535,0.535,236.8,0.53,0.53,0.53,
03/31/2011,1328.7,776.6,714.1,62.5,,524.7,,0.0,27.4,-610.0,267.6,267.6,,342.4,342.4,0.0,0.0,718.7,-423.1,,81.3,28.3,313.5,295.6,-35.4,63.4,,,,63.4,63.4,,,-28.0,260.2,-89.3,170.9,0.0,0.0,0.0,170.9,0.0,170.9,,0.0,170.9,170.9,0.0,233.7,0.73,0.73,0.73,236.6,0.72,0.72,0.72,
06/30/2011,991.7,762.6,699.1,63.5,,207.8,,0.0,21.3,-407.8,286.0,286.0,,121.8,121.8,0.0,0.0,583.9,-409.5,,82.3,28.3,298.9,174.4,-27.8,57.4,,,,57.4,57.4,,,-29.6,146.6,-48.6,98.0,-11.5,-11.5,0.0,109.5,0.0,109.5,,0.0,109.5,98.0,0.0,233.7,0.47,0.42,0.42,236.6,0.46,0.41,0.41,
09/30/2011,1052.8,900.2,833.7,66.5,,130.3,,0.0,22.3,-420.1,350.9,350.9,,69.2,69.2,0.0,0.0,632.7,-408.4,,82.6,28.9,296.9,224.3,-24.9,56.8,,,,56.8,56.8,,,-31.9,199.4,-69.6,129.8,0.0,0.0,0.0,129.8,0.0,129.8,,0.0,129.8,129.8,0.0,232.2,0.56,0.56,0.56,234.9,0.55,0.55,0.55,
12/31/2011,1113.2,771.9,705.8,66.1,,318.4,,0.0,22.9,-460.5,265.2,265.2,,195.3,195.3,0.0,0.0,652.7,-459.7,,84.0,28.2,347.5,193.0,-22.5,58.2,,,,58.2,58.2,,,-35.7,170.5,-56.4,114.1,-1.9,-1.9,0.0,116.0,0.0,116.0,0.0,0.0,116.0,114.1,0.0,230.9,0.5,0.49,0.49,233.6,0.5,0.49,0.49,
03/31/2012,1191.2,777.3,710.2,53.7,13.4,388.5,,0.0,25.4,-491.3,253.8,253.8,,237.5,237.5,0.0,0.0,699.9,-404.2,,87.6,30.3,286.3,295.7,-27.3,58.9,,,,58.9,58.9,,,-31.6,268.4,-96.3,172.1,0.0,0.0,0.0,172.1,,172.1,,0.0,172.1,172.1,0.0,230.5,0.75,0.75,0.75,233.2,0.74,0.74,0.74,
06/30/2012,944.7,772.6,715.7,44.0,12.9,151.1,,0.0,21.0,-333.7,258.7,258.7,,75.0,75.0,0.0,0.0,611.0,-388.4,,90.3,30.2,267.9,222.6,-36.7,61.5,,,,61.5,61.5,,,-24.8,185.9,-66.6,119.3,0.0,0.0,0.0,119.3,0.0,119.3,,0.0,119.3,119.3,0.0,230.4,0.52,0.52,0.52,233.1,0.51,0.51,0.51,
09/30/2012,1039.3,901.2,830.5,57.8,12.9,116.7,,0.0,21.4,-391.9,336.4,336.4,,55.5,55.5,0.0,0.0,647.4,-366.8,,91.8,30.4,244.6,280.6,-34.8,52.0,-8.9,8.9,,60.9,60.9,,,-17.2,245.8,-89.7,156.1,0.0,0.0,0.0,156.1,0.0,156.1,,0.0,156.1,156.1,0.0,230.4,0.68,0.68,0.68,232.9,0.67,0.67,0.67,
12/31/2012,1071.2,742.8,688.2,42.3,12.3,306.3,,0.0,22.1,-427.5,249.7,249.7,,177.8,177.8,0.0,0.0,643.7,-442.3,,94.5,30.5,317.3,201.4,-48.9,66.9,,,,66.9,66.9,,,-18.0,152.5,-53.7,98.8,0.0,0.0,0.0,98.8,0.0,98.8,0.0,0.0,98.8,98.8,0.0,229.5,0.43,0.43,0.43,231.9,0.43,0.43,0.43,
03/31/2013,1275.2,812.3,749.6,56.8,5.9,434.0,,0.0,28.9,-541.1,271.0,271.0,,270.1,270.1,0.0,0.0,734.1,-413.1,,95.5,29.5,288.1,321.0,-44.0,60.7,-4.3,4.3,,65.0,65.0,,,-16.7,277.0,-100.4,176.6,0.0,0.0,0.0,176.6,0.0,176.6,,0.0,176.6,176.6,0.0,228.9,0.77,0.77,0.77,231.2,0.76,0.76,0.76,
06/30/2013,1012.3,793.2,718.6,66.0,8.6,197.0,,0.0,22.1,-391.3,276.1,276.1,,115.2,115.2,0.0,0.0,621.0,-391.5,,96.7,29.4,265.4,229.5,-40.2,58.7,-4.6,4.6,,63.3,63.3,,,-18.5,189.3,-70.3,119.0,0.0,0.0,0.0,119.0,0.0,119.0,,0.0,119.0,119.0,0.0,228.4,0.52,0.52,0.52,230.5,0.52,0.52,0.52,
09/30/2013,1053.2,911.0,826.3,78.0,6.7,120.6,,0.0,21.6,-400.7,339.1,339.1,,61.6,61.6,0.0,0.0,652.5,-394.5,,96.9,29.5,268.1,258.0,-39.8,56.8,-5.2,5.2,,62.0,62.0,,,-17.0,218.2,-80.7,137.5,0.0,0.0,0.0,137.5,0.0,137.5,,0.0,137.5,137.5,0.0,226.8,0.61,0.61,0.61,228.8,0.6,0.6,0.6,
12/31/2013,1178.3,,,,,,,0.0,0.0,-494.0,266.8,266.8,,227.2,227.2,0.0,0.0,684.3,-412.7,,99.0,28.3,285.4,271.6,-40.8,57.6,-4.2,4.2,,61.8,61.8,,,-16.8,230.8,-86.5,144.3,0.0,0.0,0.0,144.3,0.0,144.3,0.0,0.0,144.3,144.3,0.0,226.2,0.64,0.64,0.64,228.2,0.63,0.63,0.63,
03/31/2014,1695.0,885.8,736.5,132.6,16.7,778.0,778.0,0.0,31.2,-910.1,318.6,318.6,,591.5,591.5,0.0,0.0,784.9,-403.1,,100.6,30.6,271.9,381.8,-43.9,61.3,-1.0,1.0,,62.3,62.3,,,-17.4,337.9,-130.3,207.6,0.0,0.0,0.0,207.6,0.0,207.6,0.0,0.0,207.6,207.6,0.0,225.8,0.92,0.92,0.92,227.7,0.91,0.91,0.91,
06/30/2014,1043.7,813.7,699.9,89.4,24.4,207.8,207.8,0.0,22.2,-418.4,292.5,292.5,,125.9,125.9,0.0,0.0,625.3,-384.6,,101.4,30.3,252.9,240.7,-33.4,57.7,-1.3,1.3,,59.0,59.0,,,-24.3,207.3,-74.3,133.0,0.0,0.0,0.0,133.0,0.0,133.0,,0.0,133.0,137.2,4.2,225.5,0.59,0.59,0.608426,227.6,0.58,0.58,0.598453,
09/30/2014,1033.3,878.9,766.7,91.3,20.9,133.1,133.1,0.0,21.3,-407.4,336.8,336.8,,70.6,70.6,0.0,0.0,625.9,-379.8,,103.3,30.6,245.9,246.1,-39.5,58.8,-1.6,1.6,,60.4,60.4,,,-19.3,206.6,-80.3,126.3,0.0,0.0,0.0,126.3,0.0,126.3,,0.0,126.3,129.4,3.1,225.5,0.56,0.56,0.573836,227.4,0.56,0.56,0.573632,
12/31/2014,1225.1,926.7,1242.1,-266.8,-48.6,309.6,309.6,0.0,-11.2,-523.5,275.4,275.4,,248.1,248.1,0.0,0.0,701.6,-458.1,,96.2,30.3,331.6,243.5,-45.0,57.8,-1.7,1.7,,59.5,59.5,,,-12.8,198.5,-76.8,121.7,0.0,0.0,0.0,121.7,0.0,121.7,-0.3,0.0,121.4,123.48,2.08,225.5,0.54,0.54,0.547583,227.4,0.53,0.53,0.539147,
03/31/2015,1387.9,868.9,750.6,118.3,,490.2,490.2,0.0,28.8,-613.9,297.7,297.7,,316.2,316.2,0.0,0.0,774.0,-415.2,,102.6,31.9,280.7,358.8,-40.3,57.7,-1.7,1.7,,59.4,59.4,,,-17.4,318.5,-122.4,196.1,0.0,0.0,0.0,196.1,0.0,196.1,-0.3,0.0,195.8,204.1,8.3,225.5,0.87,0.87,0.9051,227.3,0.86,0.86,0.896516,
06/30/2015,991.2,813.5,721.0,92.5,,158.2,158.2,0.0,19.5,-353.0,273.7,273.7,,79.3,79.3,0.0,0.0,638.2,-472.4,,103.5,31.9,337.0,165.8,-21.4,59.5,-2.3,2.3,,61.8,61.8,,,-38.1,144.4,-63.2,81.2,0.0,0.0,0.0,81.2,0.0,81.2,-0.3,0.0,80.9,123.193,42.293,227.5,0.36,0.36,0.541508,229.1,0.35,0.35,0.534605,
09/30/2015,1698.7,1291.9,1282.2,9.7,,378.9,378.9,0.0,27.9,-590.6,486.8,486.8,,103.8,103.8,0.0,0.0,1108.1,-762.4,,176.5,50.0,535.9,345.7,-52.1,95.1,-8.1,8.1,,103.2,103.2,,,-43.0,293.6,-110.5,183.1,0.0,0.0,0.0,183.1,0.0,183.1,-0.6,0.0,182.5,185.0,2.5,315.7,0.58,0.58,0.585999,317.1,0.58,0.58,0.585999,
12/31/2015,1848.3,1086.9,1077.9,9.0,,745.4,745.4,0.0,16.0,-682.6,331.3,331.3,,351.3,351.3,0.0,0.0,1165.7,-785.5,,179.2,50.6,555.7,380.2,-62.6,99.0,-8.0,8.0,,107.0,107.0,,,-36.4,317.6,-137.7,179.9,0.0,0.0,0.0,179.9,0.0,179.9,-0.6,0.0,179.3,179.3,0.0,315.7,0.57,0.57,0.57,317.1,0.57,0.57,0.57,
03/31/2016,2194.8,1123.4,1117.2,6.2,,1059.6,1059.6,0.0,11.8,-838.9,341.6,341.6,,497.3,497.3,0.0,0.0,1355.9,-766.6,,187.9,47.2,531.5,589.3,-29.7,93.9,-7.0,7.0,,100.9,100.9,,,-64.2,559.6,-213.1,346.5,0.0,0.0,0.0,346.5,0.0,346.5,-0.3,0.0,346.2,322.6,-23.6,315.7,1.1,1.1,1.021856,317.1,1.09,1.09,1.015576,
06/30/2016,1602.0,1103.3,1097.2,6.1,,494.3,494.3,0.0,4.4,-508.3,343.2,343.2,,165.1,165.1,0.0,0.0,1093.7,-761.6,,190.0,49.6,522.0,332.1,-36.8,93.1,-7.0,7.0,,100.1,100.1,,,-56.3,295.3,-113.6,181.7,0.0,0.0,0.0,181.7,0.0,181.7,-0.3,0.0,181.4,161.8,-19.6,315.6,0.57,0.57,0.512674,317.0,0.57,0.57,0.50817,
09/30/2016,1712.5,1326.6,1320.4,6.2,,381.9,381.9,0.0,4.0,-554.7,463.9,463.9,,90.8,90.8,0.0,0.0,1157.8,-758.8,,191.6,49.7,517.5,399.0,-53.3,92.4,-6.7,6.7,,99.1,99.1,,,-39.1,345.7,-128.4,217.3,0.0,0.0,0.0,217.3,0.0,217.3,-0.3,0.0,217.0,219.1,2.1,315.6,0.69,0.69,0.694233,316.9,0.68,0.68,0.686627,
12/31/2016,1963.0,1099.2,1093.3,5.9,,791.1,791.1,0.0,72.7,-745.5,228.0,228.0,,517.5,517.5,0.0,0.0,1217.5,-855.8,,193.1,48.2,614.5,361.7,-55.6,98.2,-4.4,4.4,,102.6,102.6,,,-42.6,306.1,-111.4,194.7,0.0,0.0,0.0,194.7,0.0,194.7,-0.3,0.0,194.4,194.4,0.0,315.6,0.62,0.62,0.62,316.7,0.61,0.61,0.61,
03/31/2017,2304.5,1121.6,1115.3,6.3,,1180.0,1180.0,0.0,2.9,-941.1,350.4,350.4,,590.7,590.7,0.0,0.0,1363.4,-748.7,,194.6,49.6,504.5,614.7,-44.5,102.3,-2.4,2.4,,104.7,104.7,,,-57.8,570.2,-213.3,356.9,0.0,0.0,0.0,356.9,0.0,356.9,-0.3,0.0,356.6,356.6,0.0,315.6,1.13,1.13,1.13,317.2,1.12,1.12,1.12,
06/30/2017,1631.5,1096.9,1090.7,6.2,,531.4,531.4,0.0,3.2,-541.8,345.2,345.2,,196.6,196.6,0.0,0.0,1089.7,-727.5,,197.7,50.0,479.8,362.2,-47.0,99.0,-2.9,2.9,,101.9,101.9,,,-52.0,315.2,-115.8,199.4,0.0,0.0,0.0,199.4,0.0,199.4,-0.3,0.0,199.1,199.1,0.0,315.6,0.63,0.63,0.63,317.4,0.63,0.63,0.63,
09/30/2017,1657.5,1256.3,1242.7,13.6,,395.6,395.6,0.0,5.6,-542.7,418.9,418.9,,123.8,123.8,0.0,0.0,1114.8,-722.6,,201.2,48.3,473.1,392.2,-46.8,103.8,,,,103.8,103.8,,,-57.0,345.4,-129.7,215.7,0.0,0.0,0.0,215.7,0.0,215.7,-0.3,0.0,215.4,215.4,0.0,315.6,0.68,0.68,0.68,317.5,0.68,0.68,0.68,
12/31/2017,2055.0,1123.1,1110.3,12.8,,929.9,929.9,0.0,2.0,-797.2,352.3,352.3,,444.9,444.9,,0.0,1257.8,-845.7,,205.1,47.0,593.6,412.1,-54.5,102.2,-3.1,3.1,,105.3,105.3,,,-47.7,357.6,75.3,432.9,0.0,0.0,0.0,432.9,0.0,432.9,-0.3,0.0,432.6,224.665,-207.935,315.6,1.37,1.37,0.711866,317.2,1.36,1.36,0.704467,
03/31/2018,2286.5,1087.9,1069.1,18.8,,1197.2,1197.2,0.0,1.4,-972.1,354.3,354.3,,617.8,617.8,0.0,0.0,1314.4,-769.3,,208.6,48.8,511.9,545.1,-66.4,103.4,-3.3,3.3,,106.7,106.7,,,-37.0,478.7,-88.3,390.4,0.0,0.0,0.0,390.4,0.0,390.4,-0.3,0.0,390.1,390.1,0.0,315.5,1.24,1.24,1.24,316.9,1.23,1.23,1.23,
06/30/2018,1672.5,1091.0,1087.5,3.5,,578.4,578.4,0.0,3.1,-547.7,316.5,316.5,,231.2,231.2,0.0,0.0,1124.8,-794.0,,206.7,49.6,537.7,330.8,-48.4,104.8,-3.7,3.7,,108.5,108.5,,,-56.4,282.4,-51.1,231.3,0.0,0.0,0.0,231.3,0.0,231.3,-0.3,0.0,231.0,231.0,0.0,315.5,0.73,0.73,0.73,316.9,0.73,0.73,0.73,
09/30/2018,1643.7,1225.0,1220.5,4.5,,416.3,416.3,0.0,2.4,-524.1,389.1,389.1,,135.0,135.0,,0.0,1119.6,-816.9,,212.8,51.0,553.1,302.7,-52.2,108.3,-3.7,3.7,,112.0,112.0,,,-56.1,250.5,-17.0,233.5,0.0,0.0,0.0,233.5,,233.5,-0.3,0.0,233.2,233.2,0.0,315.5,0.74,0.74,0.74,316.9,0.74,0.74,0.74,
12/31/2018,2076.8,1072.9,1061.8,11.1,,1002.1,1002.1,0.0,1.8,-854.0,332.6,332.6,,521.4,521.4,,0.0,1222.8,-933.0,,217.7,47.5,667.8,289.8,-71.1,113.4,-4.5,4.5,,117.9,117.9,,,-42.3,218.7,-13.4,205.3,0.0,0.0,0.0,205.3,0.0,205.3,-0.3,0.0,205.0,205.0,0.0,315.5,0.65,0.65,0.65,316.9,0.65,0.65,0.65,
03/31/2019,2377.4,1087.2,1066.6,20.6,,1288.5,1288.5,0.0,1.7,-1009.6,331.7,331.7,,677.9,677.9,0.0,0.0,1367.8,-825.0,,226.4,48.0,550.6,542.8,-57.4,119.5,-4.9,4.9,,124.4,124.4,,,-62.1,485.4,-65.0,420.4,0.0,0.0,0.0,420.4,0.0,420.4,-0.3,0.0,420.1,420.1,0.0,315.5,1.33,1.33,1.33,316.7,1.33,1.33,1.33,
06/30/2019,1590.2,1048.7,1024.4,24.3,,540.6,540.6,0.0,0.9,-491.9,302.8,302.8,,189.1,189.1,0.0,0.0,1098.3,-783.7,,229.9,50.2,503.6,314.6,-63.6,121.7,-2.4,2.4,,124.1,124.1,,,-58.1,251.0,-15.2,235.8,0.0,0.0,0.0,235.8,0.2,236.0,-0.3,0.0,235.7,235.7,0.0,315.4,0.75,0.75,0.75,316.7,0.74,0.74,0.74,
09/30/2019,1608.0,1207.7,1187.2,20.5,,399.0,399.0,0.0,1.3,-484.3,378.5,378.5,,105.8,105.8,,0.0,1123.7,-812.8,,233.8,49.8,529.2,310.9,-65.3,122.5,-3.3,3.3,,125.8,125.8,,,-57.2,245.6,-11.3,234.3,0.0,0.0,0.0,234.3,0.3,234.6,-0.3,0.0,234.3,234.3,0.0,315.4,0.74,0.74,0.74,316.8,0.74,0.74,0.74,
12/31/2019,1947.5,1062.5,1039.4,23.1,,884.5,884.5,0.0,0.5,-693.0,298.9,298.9,,394.1,394.1,,0.0,1254.5,-891.4,,236.2,53.8,601.4,363.1,-85.4,123.4,-3.8,3.8,,127.2,127.2,,,-38.0,277.7,-33.5,244.2,0.0,0.0,0.0,244.2,0.0,244.2,-0.3,0.0,243.9,243.9,0.0,315.4,0.77,0.77,0.77,316.7,0.77,0.77,0.77,
03/31/2020,2108.6,1053.4,1038.2,15.2,,1054.7,1054.7,0.0,0.5,-734.7,296.3,296.3,,438.4,438.4,0.0,0.0,1373.9,-747.3,,239.1,52.5,455.7,626.6,-84.0,125.2,-4.2,4.2,,129.4,129.4,,,-41.2,542.6,-90.0,452.6,0.0,0.0,0.0,452.6,0.2,452.8,-0.3,0.0,452.5,452.5,0.0,315.4,1.43,1.43,1.43,316.7,1.43,1.43,1.43,
06/30/2020,1548.7,1012.0,998.3,13.7,,535.8,535.8,0.0,0.9,-444.5,271.9,271.9,,172.6,172.6,0.0,0.0,1104.2,-765.4,,242.5,49.8,473.1,338.8,-42.9,119.9,-4.5,4.5,,124.4,128.9,-4.5,,-77.0,295.9,-53.8,242.1,0.0,0.0,0.0,242.1,-0.2,241.9,-0.3,0.0,241.6,241.6,0.0,315.4,0.77,0.77,0.77,316.5,0.76,0.76,0.76,
09/30/2020,1629.429,,,,,,,,,,,,,,,,,1091.34266133,,,,,,372.667,,,,,,,,,,,294.429,,237.714,,,,,,237.714,,,237.714,237.714,,,0.748,0.748,0.748,,0.748,0.748,0.748,
12/31/2020,2110.375,,,,,,,,,,,,,,,,,1289.24919125,,,,,,427.833,,,,,,,,,,,326.0,,256.286,,,,,,256.286,,,256.286,256.286,,,0.812,0.812,0.812,,0.812,0.812,0.812,
