Date,Net Revenue,Net Interest Income,Total Interest Income,Interest Income,Investment Income,Total Interest Expense,Total Non-Interest Income,Trading Securities G/L,Trading Account Profits/Losses,Investment & Loan Inc (Loss),Other Income (Loss),Commissions & Fees Earned,Other Operating Income (Losses),Provision for Loan Losses,Net Revenue after Provisions,Total Non-Interest Expense,Commissions & Fees Paid,Other Operating Expenses,Operating Income (Loss),Non-Operating (Income) Loss,Other Non-Op (Income) Loss,"Pretax Income (Loss), GAAP",Income Tax Expense (Benefit),Income (Loss) from Cont Ops,Net Extraordinary Losses (Gains),Discontinued Operations,XO & Accounting Changes,Income (Loss) Incl. MI,Minority Interest,"Net Income, GAAP",Preferred Dividends,Other Adjustments,"Net Income Avail to Common, GAAP","Net Income Avail to Common, Adj",Net Abnormal Losses (Gains),Basic Weighted Avg Shares,"Basic EPS, GAAP",Basic EPS from Cont Ops,"Basic EPS from Cont Ops, Adjusted",Diluted Weighted Avg Shares,"Diluted EPS, GAAP",Diluted EPS from Cont Ops,"Diluted EPS from Cont Ops, Adjusted",Source: Bloomberg
03/31/1997,3471.0,2170.0,3380.0,3380.0,,-1210.0,1301.0,24.0,,,,1053.0,224.0,-214.0,3257.0,-2133.0,0.0,2133.0,1124.0,0.0,0.0,1124.0,-462.0,662.0,0.0,,,662.0,0.0,662.0,-12.0,,650.0,650.0,,3309.600096,0.195,0.195,0.195,3359.399904,0.195,0.195,0.195,
06/30/1997,3568.0,2147.0,3377.0,3377.0,,-1230.0,1421.0,115.0,,,,1044.0,262.0,-263.0,3305.0,-2356.0,0.0,2356.0,949.0,0.0,0.0,949.0,-392.0,557.0,0.0,,,557.0,0.0,557.0,-11.0,,546.0,546.0,,3278.199951,0.165,0.165,0.165,3326.199951,0.165,0.165,0.165,
09/30/1997,3565.0,2149.0,3400.0,3400.0,,-1251.0,1416.0,75.0,,,,1145.0,196.0,-320.0,3245.0,-2185.0,0.0,2185.0,1060.0,0.0,0.0,1060.0,-430.0,630.0,0.0,,,630.0,0.0,630.0,-11.0,,619.0,619.0,,3247.199951,0.19,0.19,0.19,3292.800049,0.19,0.19,0.19,
12/31/1997,3642.0,2182.0,3445.0,3445.0,,-1263.0,1460.0,76.0,,,,1156.0,228.0,-343.0,3299.0,-2239.0,0.0,2239.0,1060.0,0.0,0.0,1060.0,-410.0,650.0,0.0,,,650.0,0.0,650.0,-10.0,,640.0,640.0,,3242.199952,0.2,0.2,0.2,3283.800048,0.195,0.195,0.195,
03/31/1998,3712.0,2194.0,3439.0,2719.0,720.0,-1245.0,1518.0,96.0,,,,1182.0,240.0,-305.0,3407.0,-2296.0,0.0,2296.0,1111.0,15.0,-15.0,1126.0,-442.0,684.0,0.0,,,684.0,0.0,684.0,-9.0,,675.0,675.0,,3231.399902,0.21,0.21,0.21,3278.199951,0.205,0.205,0.205,
06/30/1998,3947.0,2232.0,3490.0,2746.0,744.0,-1258.0,1715.0,119.0,,,,1264.0,332.0,-309.0,3638.0,-2452.0,0.0,2452.0,1186.0,0.0,0.0,1186.0,-467.0,719.0,0.0,,,719.0,0.0,719.0,-9.0,,710.0,710.0,,3220.600098,0.22,0.22,0.22,3264.399902,0.215,0.215,0.215,
09/30/1998,3884.0,2263.0,3528.0,2781.0,747.0,-1265.0,1621.0,80.0,,,,1275.0,266.0,-307.0,3577.0,-2347.0,0.0,2347.0,1230.0,0.0,0.0,1230.0,-488.0,742.0,0.0,,,742.0,0.0,742.0,-9.0,,733.0,733.0,,3234.600098,0.225,0.225,0.225,3281.399902,0.225,0.225,0.225,
12/31/1998,3712.0,2301.0,3598.0,2696.0,902.0,-1297.0,1411.0,362.0,,,,1015.0,34.0,-624.0,3088.0,-2332.0,0.0,2332.0,756.0,-1005.0,1005.0,-249.0,54.0,-195.0,0.0,,,-195.0,0.0,-195.0,-4.0,,-199.0,-199.0,,3284.800049,-0.06,-0.06,0.165,3284.800049,-0.06,-0.06,0.165,
03/31/1999,3972.0,2266.0,3488.0,2621.0,867.0,-1222.0,1706.0,123.0,,,,1341.0,242.0,-270.0,3702.0,-2340.0,0.0,2340.0,1362.0,19.0,-19.0,1381.0,-497.0,884.0,0.0,,,884.0,0.0,884.0,-9.0,,875.0,875.0,,3294.199951,0.265,0.265,0.265,3328.399902,0.265,0.265,0.265,
06/30/1999,4002.0,2311.0,3496.0,2663.0,833.0,-1185.0,1691.0,92.0,,,,1355.0,244.0,-260.0,3742.0,-2377.0,0.0,2377.0,1365.0,136.0,-136.0,1501.0,-570.0,931.0,0.0,,,931.0,0.0,931.0,-8.0,,923.0,923.0,,3302.800049,0.28,0.28,0.26,3344.600098,0.275,0.275,0.255,
09/30/1999,4173.0,2382.0,3641.0,2777.0,864.0,-1259.0,1791.0,150.0,,,,1375.0,266.0,-240.0,3933.0,-2418.0,0.0,2418.0,1515.0,18.0,-18.0,1533.0,-571.0,962.0,0.0,,,962.0,0.0,962.0,-9.0,,953.0,953.0,,3297.199951,0.29,0.29,0.29,3334.199951,0.285,0.285,0.285,
12/31/1999,12903.0,10116.0,5309.0,4012.0,1297.0,-2152.0,2787.0,415.0,,,,2341.0,31.0,-334.0,12569.0,-3518.0,,3518.0,2092.0,16.0,-16.0,6350.0,-700.0,1235.0,0.0,,,5650.0,0.0,1235.0,-9.0,0.0,1226.0,1226.0,,3817.8,0.321128,0.321128,0.321128,3876.0,0.316306,0.316306,0.321128,
03/31/2000,4675.0,2632.0,4378.0,3479.0,899.0,-1746.0,2043.0,284.0,,,,1553.0,206.0,-276.0,4399.0,-2770.0,0.0,2770.0,1629.0,34.0,-34.0,1663.0,-623.0,1040.0,0.0,,,1040.0,0.0,1040.0,-4.0,0.0,1036.0,1036.0,,3393.4,0.305,0.305,0.305,3422.6,0.305,0.305,0.305,
06/30/2000,4799.0,2664.0,4543.0,3561.0,982.0,-1879.0,2135.0,281.0,,,,1716.0,138.0,-275.0,4524.0,-2869.0,0.0,2869.0,1655.0,17.0,-17.0,1672.0,-635.0,1037.0,0.0,,,1037.0,0.0,1037.0,-4.0,0.0,1033.0,1033.0,,3365.6,0.305,0.305,0.305,3405.2,0.305,0.305,0.305,
09/30/2000,4830.0,2775.0,4870.0,3872.0,998.0,-2095.0,2055.0,194.0,,,,1682.0,179.0,-425.0,4405.0,-3033.0,0.0,3033.0,1372.0,9.0,-9.0,1381.0,-560.0,821.0,0.0,,,821.0,0.0,821.0,-5.0,0.0,816.0,816.0,,3415.4,0.24,0.24,0.24,3456.0,0.235,0.235,0.235,
12/31/2000,8524.0,5814.0,6206.0,4951.0,1255.0,-2832.0,2710.0,297.0,,,,2312.0,101.0,-526.0,7998.0,-4040.0,0.0,4040.0,1518.0,-3384.0,3384.0,3085.0,-561.0,907.0,0.0,,,2524.0,0.0,907.0,-5.0,0.0,902.0,902.0,,3928.4,0.22961,0.22961,0.22961,4001.2,0.225433,0.225433,0.22961,
03/31/2001,5234.0,2820.0,4881.0,4020.0,861.0,-2061.0,2414.0,226.0,,,,1840.0,348.0,-361.0,4873.0,-2996.0,0.0,2996.0,1877.0,0.0,0.0,1877.0,-712.0,1165.0,0.0,,,1165.0,0.0,1165.0,-4.0,0.0,1161.0,1161.0,,3431.8,0.34,0.34,0.34,3477.4,0.335,0.335,0.335,
06/30/2001,3553.0,3008.0,4816.0,3743.0,1073.0,-1808.0,545.0,-1460.0,,,,2122.0,-117.0,-427.0,3126.0,-3255.0,0.0,3255.0,-129.0,0.0,0.0,-129.0,42.0,-87.0,0.0,,,-87.0,0.0,-87.0,-4.0,0.0,-91.0,-91.0,,3429.8,-0.025,-0.025,0.0,3429.8,-0.025,-0.025,0.0,
09/30/2001,5480.0,3201.0,4816.0,3653.0,1163.0,-1615.0,2279.0,39.0,,,,1965.0,275.0,-455.0,5025.0,-3189.0,0.0,3189.0,1836.0,2.0,-2.0,1842.0,-678.0,1164.0,0.0,,,1164.0,0.0,1164.0,-4.0,0.0,1160.0,1160.0,,3421.2,0.34,0.34,0.34,3453.8,0.335,0.335,0.335,
12/31/2001,5934.0,3431.0,4688.0,3329.0,1359.0,-1257.0,2503.0,-68.0,,,,2547.0,24.0,-537.0,5397.0,-3472.0,0.0,3472.0,1925.0,-36.0,36.0,1889.0,-708.0,1181.0,0.0,,,1181.0,0.0,1181.0,-2.0,0.0,1179.0,1179.0,,3393.4,0.35,0.35,0.35,3418.4,0.345,0.345,0.345,
03/31/2002,5956.0,3655.0,4681.0,3365.0,1316.0,-1026.0,2301.0,18.0,,,,2078.0,205.0,-490.0,5466.0,-3330.0,0.0,3330.0,2136.0,2.0,-2.0,2138.0,-759.0,1379.0,276.0,,,1103.0,0.0,1103.0,-1.0,0.0,1102.0,1102.0,,3406.0,0.325,0.405,0.405,3437.8,0.32,0.4,0.4,
06/30/2002,6017.0,3639.0,4627.0,3458.0,1169.0,-988.0,2378.0,-13.0,,,,2228.0,163.0,-410.0,5607.0,-3376.0,0.0,3376.0,2231.0,-29.0,29.0,2202.0,-782.0,1420.0,0.0,,,1420.0,0.0,1420.0,-1.0,0.0,1419.0,1419.0,,3420.8,0.415,0.415,0.415,3461.6,0.41,0.41,0.41,
09/30/2002,6040.0,3695.0,4699.0,3474.0,1225.0,-1004.0,2345.0,-31.0,,,,2273.0,103.0,-395.0,5645.0,-3407.0,0.0,3407.0,2238.0,0.0,0.0,2238.0,-794.0,1444.0,0.0,,,1444.0,0.0,1444.0,-1.0,0.0,1443.0,1443.0,,3401.4,0.425,0.425,0.425,3435.6,0.42,0.42,0.42,
12/31/2002,7516.0,3783.0,4452.0,3036.0,1416.0,-959.0,3733.0,-8.0,,,,1492.0,2249.0,-389.0,7127.0,-4598.0,0.0,4598.0,2239.0,37.0,-37.0,2284.0,-809.0,1467.0,0.0,,,1475.0,0.0,1467.0,-1.0,0.0,1466.0,1466.0,,3380.8,0.43,0.43,0.43,3408.0,0.43,0.43,0.43,
03/31/2003,6682.0,3849.0,4728.0,3394.0,1334.0,-879.0,2833.0,-80.0,,,,2449.0,464.0,-411.0,6271.0,-3957.0,0.0,3957.0,2314.0,0.0,0.0,2314.0,-822.0,1492.0,0.0,,,1492.0,0.0,1492.0,-1.0,0.0,1491.0,1491.0,,3363.0,0.445,0.445,0.445,3388.2,0.44,0.44,0.44,
06/30/2003,6930.0,3973.0,4855.0,3489.0,1366.0,-882.0,2957.0,-27.0,,,,2519.0,465.0,-421.0,6509.0,-4158.0,0.0,4158.0,2351.0,0.0,0.0,2351.0,-826.0,1525.0,0.0,,,1525.0,0.0,1525.0,-2.0,0.0,1523.0,1523.0,,3351.4,0.455,0.455,0.455,3381.2,0.45,0.45,0.45,
09/30/2003,7333.0,4142.0,4979.0,3546.0,1433.0,-837.0,3191.0,35.0,,,,2809.0,347.0,-426.0,6907.0,-4575.0,0.0,4575.0,2332.0,0.0,0.0,2332.0,-771.0,1561.0,0.0,,,1561.0,0.0,1561.0,-3.0,0.0,1558.0,1558.0,,3354.4,0.465,0.465,0.465,3387.8,0.46,0.46,0.46,
12/31/2003,7443.0,4044.0,4856.0,3787.0,1069.0,-812.0,3399.0,136.0,,,,2417.0,846.0,-465.0,6978.0,-4500.0,0.0,4500.0,2478.0,2.0,-2.0,2480.0,-856.0,1624.0,0.0,,,1624.0,0.0,1624.0,0.0,0.0,1624.0,1624.0,,3380.4,0.48,0.48,0.48,3425.2,0.475,0.475,0.475,
03/31/2004,7147.0,4050.0,4858.0,4016.0,842.0,-808.0,3097.0,128.0,,,,2454.0,515.0,-404.0,6743.0,-4029.0,0.0,4029.0,2714.0,0.0,0.0,2714.0,-947.0,1767.0,0.0,,,1767.0,0.0,1767.0,0.0,0.0,1767.0,1767.0,,3398.6,0.52,0.52,0.52,3442.4,0.515,0.515,0.515,
06/30/2004,7425.0,4226.0,5069.0,4037.0,1032.0,-843.0,3199.0,20.0,,,,2379.0,800.0,-440.0,6985.0,-4177.0,0.0,4177.0,2808.0,-175.0,175.0,2633.0,-919.0,1714.0,0.0,,,1714.0,0.0,1714.0,0.0,0.0,1714.0,1714.0,,3376.2,0.51,0.51,0.545,3416.6,0.5,0.5,0.535,
09/30/2004,7318.0,4418.0,5405.0,4305.0,1100.0,-987.0,2900.0,58.0,,,,2159.0,683.0,-408.0,6910.0,-4220.0,0.0,4220.0,2690.0,0.0,0.0,2690.0,-942.0,1748.0,0.0,,,1748.0,0.0,1748.0,0.0,0.0,1748.0,1748.0,,3377.8,0.515,0.515,0.515,3417.4,0.51,0.51,0.51,
12/31/2004,8170.0,4456.0,5635.0,4586.0,1049.0,-1179.0,3714.0,173.0,,,,2727.0,814.0,-465.0,7705.0,-4973.0,0.0,4973.0,2732.0,0.0,0.0,2732.0,-947.0,1785.0,,,,1785.0,0.0,1785.0,0.0,0.0,1785.0,1785.0,,3385.400146,0.53,0.53,0.53,3430.000244,0.52,0.52,0.52,
03/31/2005,8088.0,4453.0,5873.0,4831.0,1042.0,-1420.0,3635.0,171.0,,,,3110.0,354.0,-585.0,7503.0,-4692.0,0.0,4692.0,2811.0,1.0,-1.0,2812.0,-956.0,1856.0,0.0,,,1856.0,0.0,1856.0,0.0,0.0,1856.0,1856.0,,3390.8,0.545,0.545,0.545,3431.4,0.54,0.54,0.54,
06/30/2005,7865.0,4536.0,6200.0,5221.0,979.0,-1664.0,3329.0,240.0,,,,2656.0,433.0,-454.0,7411.0,-4554.0,0.0,4554.0,2857.0,0.0,0.0,2857.0,-947.0,1910.0,0.0,,,1910.0,0.0,1910.0,0.0,0.0,1910.0,1910.0,,3375.4,0.57,0.57,0.57,3414.4,0.56,0.56,0.56,
09/30/2005,8503.0,4676.0,6645.0,5476.0,1169.0,-1969.0,3827.0,115.0,,,,3156.0,556.0,-641.0,7862.0,-4889.0,0.0,4889.0,2973.0,0.0,0.0,2973.0,-998.0,1975.0,0.0,,,1975.0,0.0,1975.0,0.0,0.0,1975.0,1975.0,,3373.6,0.585,0.585,0.585,3410.6,0.58,0.58,0.58,
12/31/2005,8492.0,4839.0,7244.0,5964.0,1280.0,-2405.0,3653.0,-31.0,,,,3050.0,634.0,-703.0,7789.0,-4883.0,0.0,4883.0,2906.0,0.0,0.0,2906.0,-976.0,1930.0,0.0,,,1930.0,0.0,1930.0,0.0,0.0,1930.0,1930.0,,3350.8,0.575,0.575,0.575,3387.8,0.57,0.57,0.57,
03/31/2006,8418.0,4870.0,7532.0,6180.0,1352.0,-2662.0,3548.0,289.0,,,,2937.0,322.0,-433.0,7985.0,-5074.0,0.0,5074.0,2911.0,137.0,-137.0,3048.0,-1030.0,2018.0,0.0,,,2018.0,0.0,2018.0,0.0,0.0,2018.0,2018.0,,3358.4,0.6,0.6,0.575,3395.8,0.595,0.595,0.57,
06/30/2006,8789.0,4984.0,8077.0,6318.0,1759.0,-3093.0,3805.0,-23.0,,,,3367.0,461.0,-432.0,8357.0,-5176.0,0.0,5176.0,3181.0,0.0,0.0,3181.0,-1092.0,2089.0,0.0,,,2089.0,0.0,2089.0,0.0,0.0,2089.0,2089.0,,3363.8,0.62,0.62,0.62,3404.4,0.615,0.615,0.615,
09/30/2006,8934.0,5047.0,8399.0,6626.0,1773.0,-3352.0,3887.0,280.0,,,,3141.0,466.0,-613.0,8321.0,-5081.0,0.0,5081.0,3240.0,0.0,0.0,3240.0,-1046.0,2194.0,0.0,,,2194.0,0.0,2194.0,0.0,0.0,2194.0,2194.0,,3371.9,0.65,0.65,0.65,3416.0,0.64,0.64,0.64,
12/31/2006,9413.0,5050.0,8231.0,6819.0,1412.0,-3181.0,4363.0,307.0,,,,2887.0,1169.0,-726.0,8687.0,-5411.0,0.0,5411.0,3276.0,0.0,0.0,3276.0,-1095.0,2181.0,0.0,,,2181.0,0.0,2181.0,0.0,0.0,2181.0,2181.0,,3379.4,0.65,0.65,0.65,3424.0,0.64,0.64,0.64,
03/31/2007,9441.0,5010.0,8139.0,6855.0,1284.0,-3129.0,4431.0,128.0,,,,3586.0,717.0,-715.0,8726.0,-5526.0,,5526.0,3200.0,,,3200.0,-956.0,2244.0,,,,2244.0,,2244.0,,,2244.0,2244.0,,3376.0,0.66,0.66,0.66,3416.1,0.66,0.66,0.66,
06/30/2007,9891.0,5196.0,8573.0,7179.0,1394.0,-3377.0,4695.0,200.0,,,,3855.0,640.0,-720.0,9171.0,-5727.0,,5727.0,3444.0,,,3444.0,-1165.0,2279.0,,,,2279.0,,2279.0,,,2279.0,2279.0,,3351.2,0.68,0.68,0.68,3389.3,0.67,0.67,0.67,
09/30/2007,9853.0,5280.0,9223.0,7549.0,1674.0,-3943.0,4573.0,333.0,,,,3893.0,347.0,-892.0,8961.0,-5671.0,0.0,5671.0,3290.0,0.0,0.0,3290.0,-1117.0,2173.0,0.0,,,2173.0,0.0,2173.0,0.0,0.0,2173.0,2173.0,,3339.6,0.65,0.65,0.65,3374.0,0.64,0.64,0.64,
12/31/2007,10205.0,5488.0,9242.0,7750.0,1492.0,-3754.0,4717.0,282.0,,,,3956.0,479.0,-2612.0,7593.0,-5900.0,,5900.0,1693.0,0.0,0.0,1693.0,-332.0,1361.0,,,,1361.0,,1361.0,0.0,0.0,1361.0,1361.0,,3327.6,0.41,0.41,0.41,3352.2,0.41,0.41,0.41,
03/31/2008,10563.0,5760.0,8849.0,7264.0,1585.0,-3089.0,4803.0,636.0,,,,3703.0,464.0,-2028.0,8535.0,-5947.0,0.0,5947.0,2588.0,485.0,-485.0,3073.0,-1074.0,1999.0,0.0,,,1999.0,0.0,1999.0,0.0,0.0,1999.0,1999.0,,3302.4,0.61,0.61,0.51,3317.9,0.6,0.6,0.5,
06/30/2008,11459.0,6278.0,8547.0,6852.0,1695.0,-2269.0,5181.0,-45.0,,,,4408.0,818.0,-3012.0,8447.0,-5860.0,0.0,5860.0,2587.0,0.0,0.0,2587.0,-834.0,1753.0,0.0,,,1753.0,0.0,1753.0,0.0,0.0,1753.0,1753.0,,3309.8,0.53,0.53,0.53,3321.4,0.53,0.53,0.53,
09/30/2008,10379.0,6381.0,8774.0,6930.0,1844.0,-2393.0,3998.0,-423.0,,,,4061.0,360.0,-2495.0,7884.0,-4871.0,0.0,4871.0,3013.0,-646.0,646.0,2367.0,-730.0,1637.0,0.0,,,1637.0,0.0,1637.0,0.0,0.0,1637.0,1637.0,,3316.4,0.49,0.49,0.62,3331.0,0.49,0.49,0.62,
12/31/2008,9496.0,6724.0,8728.0,6767.0,1961.0,-2004.0,2772.0,132.0,,,,2730.0,-90.0,-8444.0,1052.0,-5822.0,0.0,5822.0,-4770.0,0.0,0.0,-4770.0,2036.0,-2734.0,0.0,,,-2734.0,0.0,-2734.0,-286.0,0.0,-3020.0,-3020.0,,3582.4,-0.84,-0.84,0.07,3593.6,-0.84,-0.84,0.07,
03/31/2009,21017.0,11376.0,14313.0,10856.0,3457.0,-2937.0,9641.0,511.0,787.0,-276.0,0.0,8448.0,682.0,-4558.0,16459.0,-11818.0,0.0,11818.0,4641.0,0.0,0.0,4641.0,-1552.0,3089.0,0.0,0.0,0.0,3089.0,-44.0,3045.0,-661.0,0.0,2384.0,2517.25,133.25,4247.4,0.56,0.56,0.592657,4249.3,0.56,0.56,0.591358,
06/30/2009,22507.0,11764.0,14301.0,10613.0,3688.0,-2537.0,10743.0,-38.0,0.0,-38.0,0.0,9388.0,1393.0,-5086.0,17421.0,-12697.0,0.0,12697.0,4724.0,0.0,0.0,4724.0,-1475.0,3249.0,0.0,0.0,0.0,3249.0,-77.0,3172.0,-597.0,0.0,2575.0,3100.85,525.85,4483.1,0.58,0.58,0.691675,4501.6,0.57,0.57,0.686814,
09/30/2009,22466.0,11684.0,13968.0,10247.0,3721.0,-2284.0,10782.0,-11.0,0.0,-11.0,0.0,9411.0,1382.0,-6111.0,16355.0,-11684.0,0.0,11684.0,4671.0,0.0,0.0,4671.0,-1355.0,3316.0,0.0,0.0,0.0,3316.0,-81.0,3235.0,-598.0,0.0,2637.0,3145.442,508.442,4678.3,0.56,0.56,0.672347,4706.4,0.56,0.56,0.668032,
12/31/2009,22696.0,11500.0,13692.0,10208.0,3484.0,-2192.0,11196.0,899.0,516.0,383.0,0.0,9870.0,427.0,-5913.0,16783.0,-12821.0,0.0,12821.0,3962.0,0.0,0.0,3962.0,-949.0,3013.0,0.0,0.0,0.0,3013.0,-190.0,2823.0,-2429.0,0.0,394.0,953.65,559.65,4764.8,0.08,0.08,0.200145,4796.1,0.08,0.08,0.196689,
03/31/2010,21448.0,11147.0,13225.0,10122.0,3103.0,-2078.0,10301.0,608.0,537.0,71.0,0.0,8898.0,795.0,-5330.0,16118.0,-12117.0,0.0,12117.0,4001.0,0.0,0.0,4001.0,-1401.0,2600.0,0.0,0.0,0.0,2600.0,-53.0,2547.0,-175.0,0.0,2372.0,2619.0,247.0,5190.4,0.46,0.46,0.504585,5225.2,0.45,0.45,0.497271,
06/30/2010,21394.0,11449.0,13472.0,10386.0,3086.0,-2023.0,9945.0,427.0,109.0,318.0,0.0,8608.0,910.0,-3989.0,17405.0,-12746.0,0.0,12746.0,4659.0,0.0,0.0,4659.0,-1514.0,3145.0,0.0,0.0,0.0,3145.0,-83.0,3062.0,-184.0,0.0,2878.0,3290.75,412.75,5219.7,0.551373,0.551373,0.630448,5260.8,0.547065,0.547065,0.625523,
09/30/2010,20874.0,11098.0,13130.0,9897.0,3233.0,-2032.0,9776.0,487.0,470.0,17.0,0.0,8531.0,758.0,-3445.0,17429.0,-12253.0,0.0,12253.0,5176.0,0.0,0.0,5176.0,-1751.0,3425.0,0.0,0.0,0.0,3425.0,-86.0,3339.0,-189.0,0.0,3150.0,3459.4,309.4,5240.1,0.6,0.6,0.660178,5273.2,0.6,0.6,0.658674,
12/31/2010,21494.0,11063.0,12969.0,9790.0,3179.0,-1906.0,10431.0,581.0,532.0,49.0,0.0,9318.0,532.0,-2989.0,18505.0,-13340.0,0.0,13340.0,5165.0,0.0,0.0,5165.0,-1672.0,3493.0,0.0,0.0,0.0,3493.0,-79.0,3414.0,-182.0,0.0,3232.0,3579.1,347.1,5256.2,0.62,0.62,0.680929,5293.8,0.61,0.61,0.675567,
03/31/2011,20329.0,10651.0,12472.0,9509.0,2963.0,-1821.0,9678.0,799.0,612.0,187.0,0.0,8393.0,486.0,-2210.0,18119.0,-12733.0,0.0,12733.0,5386.0,0.0,0.0,5386.0,-1572.0,3814.0,0.0,0.0,0.0,3814.0,-55.0,3759.0,-189.0,0.0,3570.0,3856.0,286.0,5278.8,0.67629,0.67629,0.730469,5333.1,0.669404,0.669404,0.723032,
06/30/2011,20386.0,10678.0,12384.0,9492.0,2892.0,-1706.0,9708.0,1010.0,414.0,596.0,0.0,8231.0,467.0,-1838.0,18548.0,-12475.0,0.0,12475.0,6073.0,0.0,0.0,6073.0,-2001.0,4072.0,0.0,0.0,0.0,4072.0,-124.0,3948.0,-220.0,0.0,3728.0,4042.6,314.6,5286.5,0.7,0.7,0.764703,5331.7,0.7,0.7,0.759006,
09/30/2011,19628.0,10542.0,12178.0,9380.0,2798.0,-1636.0,9086.0,202.0,-442.0,644.0,0.0,8243.0,641.0,-1811.0,17817.0,-11677.0,0.0,11677.0,6140.0,0.0,0.0,6140.0,-1998.0,4142.0,0.0,0.0,0.0,4142.0,-87.0,4055.0,-216.0,0.0,3839.0,4083.4,244.4,5275.5,0.73,0.73,0.774031,5319.2,0.72,0.72,0.765947,
12/31/2011,20605.0,10892.0,12378.0,9414.0,2964.0,-1486.0,9713.0,539.0,430.0,109.0,0.0,8355.0,819.0,-2040.0,18565.0,-12508.0,0.0,12508.0,6057.0,0.0,0.0,6057.0,-1874.0,4183.0,0.0,0.0,0.0,4183.0,-76.0,4107.0,-219.0,0.0,3888.0,4131.1,243.1,5271.9,0.74,0.74,0.783607,5317.6,0.73,0.73,0.775716,
03/31/2012,21636.0,10888.0,12255.0,9322.0,2933.0,-1367.0,10748.0,997.0,640.0,357.0,0.0,9061.0,690.0,-1995.0,19641.0,-12993.0,0.0,12993.0,6648.0,0.0,0.0,6648.0,-2328.0,4320.0,0.0,0.0,0.0,4320.0,-72.0,4248.0,-226.0,0.0,4022.0,4163.7,141.7,5282.6,0.76,0.76,0.788191,5337.8,0.75,0.75,0.776547,
06/30/2012,21289.0,11037.0,12354.0,9375.0,2979.0,-1317.0,10252.0,444.0,263.0,181.0,0.0,9290.0,518.0,-1800.0,19489.0,-12397.0,0.0,12397.0,7092.0,0.0,0.0,7092.0,-2371.0,4721.0,0.0,0.0,0.0,4721.0,-99.0,4622.0,-219.0,0.0,4403.0,4403.0,0.0,5306.9,0.83,0.83,0.83,5369.9,0.82,0.82,0.82,
09/30/2012,21213.0,10662.0,11925.0,9167.0,2758.0,-1263.0,10551.0,696.0,529.0,167.0,0.0,9226.0,629.0,-1591.0,19622.0,-12112.0,0.0,12112.0,7510.0,0.0,0.0,7510.0,-2480.0,5030.0,0.0,0.0,0.0,5030.0,-93.0,4937.0,-220.0,0.0,4717.0,4717.0,0.0,5288.1,0.89,0.89,0.89,5355.6,0.88,0.88,0.88,
12/31/2012,21948.0,10643.0,11857.0,9205.0,2652.0,-1214.0,11305.0,927.0,275.0,652.0,0.0,9841.0,537.0,-1831.0,20117.0,-12896.0,0.0,12896.0,7221.0,0.0,0.0,7221.0,-1924.0,5297.0,0.0,0.0,0.0,5297.0,-207.0,5090.0,-233.0,0.0,4857.0,5059.8,202.8,5272.4,0.92,0.92,0.959677,5338.7,0.91,0.91,0.947987,
03/31/2013,21259.0,10499.0,11650.0,9024.0,2626.0,-1151.0,10760.0,728.0,570.0,158.0,0.0,9445.0,587.0,-1219.0,20040.0,-12400.0,0.0,12400.0,7640.0,0.0,0.0,7640.0,-2420.0,5220.0,0.0,0.0,0.0,5220.0,-49.0,5171.0,-240.0,0.0,4931.0,4931.0,0.0,5279.0,0.93,0.93,0.93,5353.5,0.92,0.92,0.92,
06/30/2013,21378.0,10750.0,11827.0,9071.0,2756.0,-1077.0,10628.0,472.0,331.0,149.0,-8.0,9931.0,225.0,-652.0,20726.0,-12255.0,0.0,12255.0,8471.0,0.0,0.0,8471.0,-2863.0,5608.0,0.0,0.0,0.0,5608.0,-89.0,5519.0,-247.0,0.0,5272.0,5272.0,0.0,5304.7,1.0,1.0,1.0,5384.6,0.98,0.98,0.98,
09/30/2013,20478.0,10748.0,11776.0,9084.0,2692.0,-1028.0,9730.0,893.0,397.0,496.0,0.0,8486.0,351.0,-75.0,20403.0,-12102.0,0.0,12102.0,8301.0,0.0,0.0,8301.0,-2618.0,5683.0,0.0,0.0,0.0,5683.0,-105.0,5578.0,-261.0,0.0,5317.0,5317.0,0.0,5295.3,1.0,1.0,1.0,5381.7,0.99,0.99,0.99,
12/31/2013,20665.0,10803.0,11836.0,9115.0,2721.0,-1033.0,9862.0,965.0,325.0,640.0,0.0,8710.0,187.0,-363.0,20302.0,-12085.0,0.0,12085.0,8217.0,0.0,0.0,8217.0,-2504.0,5713.0,0.0,0.0,0.0,5713.0,-103.0,5610.0,-241.0,0.0,5369.0,5369.0,0.0,5270.3,1.02,1.02,1.02,5358.6,1.0,1.0,1.0,
03/31/2014,20625.0,10615.0,11612.0,8956.0,2656.0,-997.0,10010.0,1362.0,432.0,930.0,0.0,8400.0,248.0,-325.0,20300.0,-11948.0,0.0,11948.0,8352.0,0.0,0.0,8352.0,-2277.0,6075.0,0.0,0.0,0.0,6075.0,-182.0,5893.0,-286.0,0.0,5607.0,5607.0,0.0,5262.8,1.07,1.07,1.07,5353.3,1.05,1.05,1.05,
06/30/2014,21066.0,10791.0,11793.0,9078.0,2715.0,-1002.0,10275.0,902.0,382.0,520.0,0.0,9003.0,370.0,-217.0,20849.0,-12194.0,,12194.0,8655.0,0.0,0.0,8655.0,-2869.0,5786.0,0.0,0.0,0.0,5786.0,-60.0,5726.0,-302.0,0.0,5424.0,5424.0,0.0,5268.4,1.02,1.02,1.02,5350.8,1.01,1.01,1.01,
09/30/2014,21213.0,10941.0,11964.0,9206.0,2758.0,-1023.0,10272.0,1133.0,168.0,965.0,0.0,8851.0,288.0,-368.0,20845.0,-12248.0,0.0,12248.0,8597.0,0.0,0.0,8597.0,-2642.0,5955.0,0.0,0.0,0.0,5955.0,-226.0,5729.0,-321.0,0.0,5408.0,5408.0,0.0,5225.9,1.04,1.04,1.04,5310.4,1.02,1.02,1.02,
12/31/2014,21443.0,11180.0,12183.0,9344.0,2839.0,-1003.0,10263.0,737.0,179.0,558.0,0.0,8892.0,634.0,-485.0,20958.0,-12647.0,0.0,12647.0,8311.0,0.0,0.0,8311.0,-2519.0,5792.0,0.0,0.0,0.0,5792.0,-83.0,5709.0,-327.0,0.0,5382.0,5382.0,0.0,5192.5,1.04,1.04,1.04,5279.2,1.02,1.02,1.02,
03/31/2015,21278.0,10986.0,11963.0,9192.0,2771.0,-977.0,10292.0,1056.0,408.0,648.0,0.0,8818.0,418.0,-608.0,20670.0,-12507.0,2685.0,9822.0,8163.0,0.0,0.0,8163.0,-2279.0,5884.0,0.0,0.0,0.0,5884.0,-80.0,5804.0,-343.0,0.0,5461.0,5461.0,0.0,5160.4,1.06,1.06,1.06,5243.6,1.04,1.04,1.04,
06/30/2015,21318.0,11270.0,12226.0,9348.0,2878.0,-956.0,10048.0,831.0,133.0,698.0,0.0,9202.0,15.0,-300.0,21018.0,-12469.0,2606.0,9863.0,8549.0,0.0,0.0,8549.0,-2763.0,5786.0,0.0,0.0,0.0,5786.0,-67.0,5719.0,-356.0,0.0,5363.0,5363.0,0.0,5151.9,1.04,1.04,1.04,5220.5,1.03,1.03,1.03,
09/30/2015,21875.0,11457.0,12445.0,9444.0,3001.0,-988.0,10418.0,1041.0,-26.0,1067.0,0.0,8922.0,455.0,-703.0,21172.0,-12399.0,2604.0,9795.0,8773.0,0.0,0.0,8773.0,-2790.0,5983.0,0.0,0.0,0.0,5983.0,-187.0,5796.0,-353.0,0.0,5443.0,5443.0,0.0,5125.8,1.06,1.06,1.06,5193.8,1.05,1.05,1.05,
12/31/2015,21586.0,11588.0,12643.0,9581.0,3062.0,-1055.0,9998.0,868.0,99.0,769.0,0.0,8933.0,197.0,-831.0,20755.0,-12599.0,0.0,12599.0,8156.0,0.0,0.0,8156.0,-2533.0,5623.0,0.0,0.0,0.0,5623.0,-48.0,5575.0,-372.0,0.0,5203.0,5154.25,-48.75,5108.5,1.02,1.02,1.008956,5177.9,1.0,1.0,0.990585,
03/31/2016,22195.0,11667.0,12972.0,9951.0,3021.0,-1305.0,10528.0,688.0,200.0,488.0,0.0,8593.0,1247.0,-1086.0,21109.0,-13028.0,2645.0,10383.0,8081.0,0.0,0.0,8081.0,-2567.0,5514.0,0.0,0.0,0.0,5514.0,-52.0,5462.0,-377.0,0.0,5085.0,5085.0,0.0,5075.7,1.0,1.0,1.0,5139.4,0.99,0.99,0.99,
06/30/2016,22162.0,11733.0,13146.0,10214.0,2932.0,-1413.0,10429.0,964.0,328.0,636.0,0.0,8486.0,979.0,-1074.0,21088.0,-12866.0,2604.0,10262.0,8222.0,0.0,0.0,8222.0,-2649.0,5573.0,0.0,0.0,0.0,5573.0,-15.0,5558.0,-385.0,0.0,5173.0,5173.0,0.0,5066.9,1.02,1.02,1.02,5118.1,1.01,1.01,1.01,
09/30/2016,22328.0,11952.0,13487.0,10387.0,3100.0,-1535.0,10376.0,661.0,415.0,246.0,0.0,8866.0,849.0,-805.0,21523.0,-13268.0,2520.0,10748.0,8255.0,0.0,0.0,8255.0,-2601.0,5654.0,0.0,0.0,0.0,5654.0,-10.0,5644.0,-401.0,0.0,5243.0,5243.0,0.0,5043.4,1.04,1.04,1.04,5094.6,1.03,1.03,1.03,
12/31/2016,21582.0,12402.0,14058.0,10564.0,3494.0,-1656.0,9180.0,342.0,-109.0,451.0,0.0,8697.0,141.0,-805.0,20777.0,-13215.0,0.0,13215.0,7562.0,0.0,0.0,7562.0,-2258.0,5304.0,0.0,0.0,0.0,5304.0,-30.0,5274.0,-402.0,0.0,4872.0,4843.4,-28.6,5025.6,0.97,0.97,0.963746,5078.2,0.96,0.96,0.954368,
03/31/2017,22255.0,12324.0,14213.0,10673.0,3540.0,-1889.0,9931.0,878.0,272.0,606.0,0.0,8198.0,855.0,-605.0,21650.0,-13792.0,2725.0,11067.0,7858.0,0.0,0.0,7858.0,-2133.0,5725.0,0.0,0.0,0.0,5725.0,-91.0,5634.0,-401.0,0.0,5233.0,5219.0,-14.0,5008.6,1.05,1.05,1.042008,5070.4,1.03,1.03,1.027239,
06/30/2017,22235.0,12471.0,14694.0,11065.0,3629.0,-2223.0,9764.0,545.0,151.0,394.0,0.0,8254.0,965.0,-555.0,21680.0,-13541.0,2499.0,11042.0,8139.0,0.0,0.0,8139.0,-2245.0,5894.0,0.0,0.0,0.0,5894.0,-38.0,5856.0,-406.0,0.0,5450.0,5450.0,0.0,4989.9,1.09,1.09,1.09,5037.7,1.08,1.08,1.08,
09/30/2017,21849.0,12449.0,15044.0,11373.0,3671.0,-2595.0,9400.0,649.0,120.0,529.0,0.0,8077.0,674.0,-717.0,21132.0,-14351.0,2553.0,11798.0,6781.0,0.0,0.0,6781.0,-2181.0,4600.0,0.0,0.0,0.0,4600.0,-58.0,4542.0,-411.0,0.0,4131.0,5317.0,1186.0,4948.6,0.83,0.83,1.074445,4996.8,0.83,0.83,1.067352,
12/31/2017,22292.0,12298.0,14910.0,11079.0,3831.0,-2612.0,9994.0,728.0,-379.0,1107.0,0.0,7993.0,1273.0,-651.0,21641.0,-16800.0,0.0,16800.0,4841.0,0.0,0.0,4841.0,1569.0,6410.0,0.0,0.0,0.0,6410.0,-90.0,6320.0,-411.0,0.0,5909.0,3051.1,-2857.9,4911.3,1.203144,1.203144,0.621241,4964.3,1.190299,1.190299,0.614608,
03/31/2018,21934.0,12238.0,15347.0,11499.0,3848.0,-3109.0,9696.0,1027.0,243.0,784.0,0.0,7612.0,1057.0,-191.0,21743.0,-15042.0,2768.0,12274.0,6701.0,0.0,0.0,6701.0,-1374.0,5327.0,0.0,0.0,0.0,5327.0,-191.0,5136.0,-403.0,0.0,4733.0,4444.65,-288.35,4885.7,0.97,0.97,0.909726,4930.7,0.96,0.96,0.901519,
06/30/2018,21553.0,12541.0,16015.0,11954.0,4061.0,-3474.0,9012.0,527.0,191.0,336.0,0.0,7557.0,928.0,-452.0,21101.0,-13982.0,2642.0,11340.0,7119.0,0.0,0.0,7119.0,-1810.0,5309.0,0.0,0.0,0.0,5309.0,-123.0,5186.0,-394.0,0.0,4792.0,5119.74,327.74,4865.8,0.98,0.98,1.052189,4899.8,0.98,0.98,1.046888,
09/30/2018,21941.0,12572.0,16364.0,12244.0,4120.0,-3792.0,9369.0,631.0,158.0,473.0,0.0,7652.0,1086.0,-580.0,21361.0,-13763.0,2427.0,11336.0,7598.0,0.0,0.0,7598.0,-1512.0,6086.0,0.0,0.0,0.0,6086.0,-79.0,6007.0,-554.0,0.0,5453.0,5139.37,-313.63,4784.0,1.14,1.14,1.074283,4823.2,1.13,1.13,1.064975,
12/31/2018,20980.0,12644.0,16921.0,12635.0,4286.0,-4277.0,8336.0,40.0,10.0,30.0,0.0,7141.0,1155.0,-521.0,20459.0,-13339.0,2427.0,10912.0,7120.0,0.0,0.0,7120.0,-966.0,6154.0,0.0,0.0,0.0,6154.0,-90.0,6064.0,-353.0,0.0,5711.0,5206.19,-504.81,4665.8,1.22,1.22,1.115819,4700.8,1.21,1.21,1.102612,
03/31/2019,21609.0,12311.0,17003.0,12676.0,4327.0,-4692.0,9298.0,1296.0,357.0,939.0,0.0,6985.0,1017.0,-845.0,20764.0,-13916.0,2845.0,11071.0,6848.0,0.0,0.0,6848.0,-881.0,5967.0,0.0,0.0,0.0,5967.0,-107.0,5860.0,-353.0,0.0,5507.0,4612.76,-894.24,4551.5,1.21,1.21,1.013459,4584.0,1.2,1.2,1.004921,
06/30/2019,21584.0,12095.0,16986.0,11552.0,5434.0,-4891.0,9489.0,871.0,229.0,642.0,0.0,7357.0,1261.0,-503.0,21081.0,-13449.0,,13449.0,7632.0,0.0,0.0,7632.0,-1294.0,6338.0,0.0,0.0,0.0,6338.0,-132.0,6206.0,-358.0,0.0,5848.0,5278.41,-569.59,4469.4,1.31,1.31,1.181011,4495.0,1.3,1.3,1.173284,
09/30/2019,22010.0,11625.0,16499.0,12334.0,4165.0,-4874.0,10385.0,1235.0,276.0,959.0,0.0,7220.0,1930.0,-695.0,21315.0,-15199.0,2735.0,12464.0,6116.0,0.0,0.0,6116.0,-1304.0,4812.0,0.0,0.0,0.0,4812.0,-202.0,4610.0,-573.0,0.0,4037.0,4612.37,575.37,4358.5,0.93,0.93,1.058247,4389.6,0.92,0.92,1.051076,
12/31/2019,19860.0,11200.0,15595.0,11510.0,4085.0,-4395.0,8660.0,574.0,131.0,443.0,0.0,7408.0,678.0,-644.0,19216.0,-15614.0,2651.0,12963.0,3602.0,0.0,0.0,3602.0,-678.0,2924.0,0.0,0.0,0.0,2924.0,-51.0,2873.0,-327.0,0.0,2546.0,3957.16,1411.16,4197.1,0.61,0.61,0.942832,4234.6,0.6,0.6,0.933245,
03/31/2020,17717.0,11312.0,14727.0,10840.0,3887.0,-3415.0,6405.0,-1100.0,64.0,-1164.0,0.0,6781.0,724.0,-4005.0,13712.0,-13048.0,2463.0,10585.0,664.0,0.0,0.0,664.0,-159.0,505.0,0.0,0.0,0.0,505.0,148.0,653.0,-611.0,0.0,42.0,-182.77,-224.77,4104.8,0.01,0.01,-0.044526,4135.3,0.01,0.01,-0.044526,
06/30/2020,17836.0,9880.0,11801.0,8502.0,3299.0,-1921.0,7956.0,1552.0,807.0,745.0,0.0,5973.0,431.0,-9534.0,8302.0,-14551.0,,14551.0,-6249.0,0.0,0.0,-6249.0,3917.0,-2332.0,0.0,0.0,0.0,-2332.0,-47.0,-2379.0,-315.0,0.0,-2694.0,-2998.19,-304.19,4105.5,-0.66,-0.66,-0.730286,4105.5,-0.66,-0.66,-0.734093,
09/30/2020,17984.684,,,,,,,,,,,,,,,,,,4113.8,,,2533.368,,1442.267,,,,,,1442.267,,,1442.267,1566.857,,,0.362,0.362,0.364,,0.362,0.362,0.364,
12/31/2020,17928.667,,,,,,,,,,,,,,,,,,3712.2,,,2103.347,,1207.933,,,,,,1207.933,,,1207.933,1401.923,,,0.296,0.296,0.3,,0.296,0.296,0.3,
