Date,Revenue,Sales & Services Revenue,Cost of Revenue,Cost of Goods & Services,Depreciation & Amortization,Gross Profit,Other Operating Income,Operating Expenses,"Selling, General & Admin",Research & Development,Other Operating Expense,Operating Income (Loss),Non-Operating (Income) Loss,"Interest Expense, Net",Interest Expense,Interest Income,Foreign Exch (Gain) Loss,(Income) Loss from Affiliates,Other Non-Op (Income) Loss,Pretax Income,Income Tax Expense (Benefit),Income (Loss) from Cont Ops,Net Extraordinary Losses (Gains),Discontinued Operations,XO & Accounting Changes,Income (Loss) Incl. MI,Minority Interest,"Net Income, GAAP",Preferred Dividends,Other Adjustments,"Net Income Avail to Common, GAAP","Net Income Avail to Common, Adj",Net Abnormal Losses (Gains),Basic Weighted Avg Shares,"Basic EPS, GAAP",Basic EPS from Cont Ops,"Basic EPS from Cont Ops, Adjusted",Diluted Weighted Avg Shares,"Diluted EPS, GAAP",Diluted EPS from Cont Ops,"Diluted EPS from Cont Ops, Adjusted",Source: Bloomberg
03/31/1990,127.991997,,-117.677002,,,10.314995,,-6.55,,,,3.765,-0.101,,1.226,,0.0,,-1.125,3.664,-0.536,3.128,0.0,,,3.128,-0.379,2.749,0.0,,2.749,2.749,,8.25,0.33,0.33,,8.25,0.33,0.33,0.33,
06/30/1990,142.154999,,-129.003998,,,13.151001,,-5.377,,,,7.774,-0.305,,1.198,,0.0,,-0.893,7.469,-1.389,6.08,0.0,,,6.08,-0.901,5.179,0.0,,5.179,5.179,,8.25,0.63,0.63,,8.25,0.63,0.63,0.63,
09/30/1990,145.597,,-135.078995,,,10.518005,,-5.745,,,,4.773,0.061,,1.144,,0.0,,-1.205,4.834,-0.745,4.089,0.0,,,4.089,-0.335,3.754,0.0,,3.754,3.754,,8.25,0.46,0.46,,8.25,0.46,0.46,0.46,
12/31/1990,135.643005,,-130.526001,,,5.117004,,-5.27,,,,-0.153,1.75,,1.15,,0.0,,-2.9,1.597,-0.358,1.239,0.0,,,1.239,-0.392,0.847,0.0,,0.847,0.847,,8.25,0.09,0.09,0.09,8.25,0.09,0.09,0.09,
03/31/1991,141.026993,,-134.216995,,,6.809998,,-5.616,,,,1.194,-0.403,,1.125,,0.0,,-0.722,0.791,-0.669,0.122,0.0,,,0.122,-0.314,-0.192,0.0,,-0.192,-0.192,,8.25,-0.02,-0.02,,8.25,-0.02,-0.02,-0.02,
06/30/1991,137.324005,,-131.296005,,,6.028,,-5.718,,,,0.31,-0.616,,1.085,,0.0,,-0.469,-0.306,-0.74,-1.046,0.0,,,-1.046,-0.317,-1.363,0.0,,-1.363,-1.363,,8.25,-0.17,-0.17,,8.25,-0.17,-0.17,-0.17,
09/30/1991,149.029999,,-145.559006,,,3.470993,,-5.89,,,,-2.419,-0.94,,1.133,,0.0,,-0.193,-3.359,-0.762,-4.121,0.0,,,-4.121,-0.319,-4.44,0.0,,-4.44,-4.44,,8.25,-0.54,-0.54,,8.25,-0.54,-0.54,-0.54,
01/01/1992,141.024002,,-140.630005,,,0.393997,,-6.479,,,,-6.085,-0.57,,1.073,,0.0,,-0.503,-6.655,-0.582,-7.237,0.0,,,-7.237,-0.17,-7.407,0.0,,-7.407,-7.407,,8.25,-0.89,-0.89,-0.89,8.25,-0.89,-0.89,-0.89,
03/31/1992,153.395004,,-146.238998,,,7.156006,,-5.342,,,,1.814,-0.72,,1.173,,0.0,,-0.453,1.094,-0.685,0.409,0.0,,,0.409,-0.214,0.195,0.0,,0.195,0.195,,8.26,0.02,0.02,,8.26,0.02,0.02,0.02,
06/30/1992,130.242996,,-126.197998,,,4.044998,,-5.648,,,,-1.603,-0.357,,1.108,,0.0,,-0.751,-1.96,-0.568,-2.528,0.0,,,-2.528,-0.188,-2.716,0.0,,-2.716,-2.716,,8.25,-0.33,-0.33,,8.25,-0.33,-0.33,-0.33,
09/30/1992,124.779999,,-120.686996,,,4.093002,,-5.433,,,,-1.34,-0.737,,0.985,,0.0,,-0.248,-2.077,-0.811,-2.888,-1.191,,,-1.697,-0.288,-1.985,-1.14,,-3.125,-3.125,,7.085,-0.44,-0.61,,7.085,-0.44,-0.61,-0.61,
12/31/1992,132.550003,,-130.031006,,,2.518997,,-35.035999,,,,-32.516998,-0.526,,0.898,,0.0,,-0.372,-33.042998,-1.431,-34.473999,1.191,,,-35.664998,-0.853,-36.518002,-1.222,,-37.740002,-37.740002,,6.954,-5.43,-4.76,-4.76,6.954,-5.43,-4.76,-4.76,
03/31/1993,115.199997,,-109.074997,,,6.125,,-7.176,,,,-1.051,-0.781,,1.255,,0.0,,-0.474,-1.832,-0.623,-2.455,0.0,,,-2.455,-0.264,-2.719,-1.222,,-3.941,-3.941,,6.954,-0.57,-0.57,,6.954,-0.57,-0.57,-0.57,
06/30/1993,110.676003,,-104.460999,,,6.215004,,-6.011,,,,0.204,0.549,,1.108,,0.0,,-1.657,0.753,-0.501,0.252,0.0,,,0.252,-0.169,0.083,-1.222,,-1.139,-1.139,,6.954,-0.16,-0.16,,6.954,-0.16,-0.16,-0.16,
09/30/1993,117.275002,,-110.341003,,,6.933998,,-8.85,,,,-1.916,-0.465,,1.097,,0.0,,-0.632,-2.381,-0.03,-2.411,0.0,,,-2.411,-0.304,-2.715,-1.222,,-3.937,-3.937,,6.954,-0.57,-0.57,,6.954,-0.57,-0.57,-0.57,
12/31/1993,126.747002,,-133.251999,,,-6.504997,,-6.712,,,,-13.217,-78.734003,,1.476,,0.0,,77.258003,-91.951003,-0.333,-92.283997,0.0,,,-92.284003,-0.011,-92.294998,-1.222,,-93.516998,-93.516998,,6.954,-13.44,-13.44,-13.44,6.954,-13.44,-13.44,-13.44,
03/31/1994,99.234001,,-96.144997,,,3.089005,,-6.551,,,,-3.462,-0.562,,1.093,,0.0,,-0.531,-4.024,-0.569,-4.593,0.0,,,-4.593,-0.195,-4.788,-1.222,,-6.01,-6.01,,6.955,-0.86,-0.86,,6.955,-0.86,-0.86,-0.86,
06/30/1994,108.762001,,-102.345001,,,6.417,,-7.016,,,,-0.599,-0.406,,1.189,,0.0,,-0.783,-1.005,-0.596,-1.601,0.0,,,-1.601,-0.109,-1.71,-1.222,,-2.932,-2.932,,6.955,-0.42,-0.42,,6.955,-0.42,-0.42,-0.42,
09/30/1994,96.751999,,-88.301003,,,8.450996,,-7.536,,,,0.915,-1.138,,1.595,,0.0,,-0.457,-0.223,-0.266,-0.489,0.0,,,-0.489,-0.214,-0.703,-1.222,,-1.925,-1.925,,6.955,-0.28,-0.28,,6.955,-0.28,-0.28,-0.28,
12/31/1994,72.613998,,-79.350998,,,-6.737,,-7.435,,,,-14.172,42.459999,,1.548,,0.0,,-44.007999,28.287999,-0.869,27.419001,0.0,,,27.418999,-0.065,27.354,-1.222,,26.132,26.132,,6.956,3.75,3.75,3.75,6.956,3.75,3.75,3.75,
03/31/1995,40.787998,,-49.974998,,,-9.187,,-3.999,,,,-13.186,15.207,,0.342,,0.0,,-15.549,2.021,-0.358,1.663,0.0,,,1.663,-0.185,1.478,-1.222,,0.256,0.256,,6.959,0.04,0.04,,6.959,0.04,0.04,0.04,
06/30/1995,39.467999,,-49.831001,,,-10.363003,,-4.261,,,,-14.624,4.589,,0.339,,0.0,,-4.928,-10.035,-0.239,-10.274,0.0,,,-10.274,-0.169,-10.443,-1.222,,-11.665,-11.665,,6.961,-1.5,-1.5,,6.961,-1.5,-1.5,-1.5,
09/30/1995,20.014,,-31.971001,,,-11.957001,,-4.417,,,,-16.374001,-66.071001,,0.351,,0.0,,65.720001,-82.445002,-0.278,-82.723,0.0,,,-82.723002,-0.264,-82.987,-1.222,,-84.209,-84.209,,6.961,-12.1,-12.1,,6.961,-12.1,-12.1,-12.1,
12/31/1995,17.374,,-14.574,,,2.8,,-1.149,,,,1.651,3.915,,,,0.0,,-3.915,5.566,,5.566,0.0,,,,,5.566,-1.214,,4.352,4.352,,6.965,0.45,0.45,0.45,6.965,0.45,0.45,0.45,
03/31/1996,12.128,,-13.994,,,-1.866,,-2.618,,,,-4.484,5.568,,0.125,,0.0,,-5.693,1.084,-0.317,0.767,-14.372,,,15.138999,-0.311,14.828,-1.222,,13.606,13.606,,6.965,1.95,-0.11,-0.11,6.965,1.95,-0.11,-0.11,
06/30/1996,13.055,,-13.505,,,-0.45,,-3.069,,,,-3.519,14.901,,0.114,,0.0,,-15.015,11.382,-0.147,11.235,0.0,,,11.235,-0.17,11.065,-1.222,,9.843,9.843,,6.965,1.41,1.41,1.41,6.965,1.41,1.41,1.41,
09/30/1996,12.0,,-11.296,,,0.704,,-2.997,,,,-2.293,5.433,,0.082,,0.0,,-5.515,3.14,-0.269,2.871,0.433,,,2.438,-0.277,2.161,-1.222,,0.939,0.939,,6.965,0.14,0.2,0.2,6.965,0.14,0.2,0.2,
12/31/1996,14.49,,-20.059999,,,-5.57,,-1.958,,,,-7.528,32.163001,,0.079,,0.0,,-32.242001,24.635001,0.158,24.792999,0.0,,,24.793001,-0.132,24.660999,-1.222,,23.438999,23.438999,,6.695,3.36,1.3,3.36,6.695,3.36,1.3,3.36,
03/31/1997,11.289,,-11.772,,,-0.483001,,-1.355,,,,-1.838,4.05,,0.145,,0.0,,-4.195,2.212,0.0,2.212,0.521,,,1.691,-0.332,1.359,-1.222,,0.137,0.137,,6.965,0.02,0.09,0.12,6.965,0.02,0.09,0.12,
06/30/1997,10.412,,-9.064,,,1.348,,-1.437,,,,-0.089,3.082,,0.064,,0.0,,-3.146,2.993,0.0,2.993,3.32,,,-0.327,-0.227,-0.554,-1.222,,-1.776,-1.776,,6.965,-0.26,0.22,0.22,6.965,-0.26,0.22,0.22,
12/31/1997,12.695,,-11.477,,,1.217999,,-1.491,,,,-0.273,24.407999,,0.052,,0.0,,-24.459999,24.134999,0.0,24.135,0.089,,,24.045999,-0.202,23.844,-1.222,,22.622,22.622,,6.965,3.25,3.27,3.27,6.965,3.25,3.27,3.27,
12/31/1998,14.495,,-8.641,,,5.854,,-2.529,,,,3.325,-44.825,,0.047,,0.0,,44.778,-41.5,-3.59,-45.09,0.0,,,-45.09,-0.079,-45.168999,-1.222,,-46.390999,-46.390999,,6.965,-6.66,-6.66,-6.66,6.965,-6.66,-6.66,-6.66,
03/31/1999,31.15,,-7.659,,,23.491,,-4.675,,,,18.816,-6.035,0.301,0.301,,0.0,,5.734,12.781,-0.045,12.736,0.0,,,12.736,-0.226,12.51,-1.222,,11.288,11.288,,6.98,1.62,1.62,1.62,6.98,1.62,1.62,1.62,
06/30/1999,12.791,,-8.048,,,4.743,,-1.964,,,,2.779,-6.838,0.297,0.297,,0.0,,6.541,-4.059,0.0,-4.059,0.0,,,-4.059,-0.149,-4.208,-0.663,,-4.871,-4.871,,7.02,-0.69,-0.69,-0.69,7.02,-0.69,-0.69,-0.69,
09/30/1999,14.709,,-10.307,,,4.401999,,-1.493,,,,2.909,-5.846,0.298,0.298,,0.0,,5.548,-2.937,0.099,-2.838,0.0,,,-2.838,-0.297,-3.135,-0.663,,-3.798,-3.798,,7.033,-0.54,-0.54,-0.57,7.033,-0.54,-0.54,-0.57,
12/31/1999,14.381,,-9.194,,,5.186999,,-1.528,,,,3.659,-0.035,-0.196,0.239,-0.435,0.0,,0.231,3.624,0.028,3.652,0.0,,,3.652,-0.182,3.47,-0.444,,3.026,3.026,,7.033,0.43,0.43,0.43,7.033,0.43,0.43,0.43,
03/31/2000,9.093,,-7.962,,,1.131,0.0,-6.576,1.601,,4.975,-5.445,2.954,-0.28,0.267,-0.547,,-3.572,0.898,-2.491,,-2.491,,,,,,-2.491,-0.444,0.0,-2.935,-2.935,,7.068,-0.42,-0.42,-0.42,7.068,-0.42,-0.42,-0.42,
06/30/2000,14.495,,-9.544,,,4.951,,-6.768,,,,-1.817,-0.05,-0.2,0.214,-0.414,0.0,,0.25,-1.867,0.0,-1.867,0.0,,,-1.867,-0.212,-2.079,-0.444,0.0,-2.523,-2.523,,7.07,-0.35,-0.35,-0.35,7.07,-0.35,-0.35,-0.35,
09/30/2000,14.128,,-8.088,,,6.04,,-6.884,,,,-0.844,-0.055,-0.289,0.215,-0.504,0.0,,0.344,-0.899,0.0,-0.899,0.0,,,-0.899,-0.136,-1.035,-0.444,0.0,-1.479,-1.479,,7.07,-0.21,-0.21,-0.21,7.07,-0.21,-0.21,-0.21,
12/31/2000,24.309,,-6.628,,,17.681,,-8.076,,,,9.605,-4.178,-0.186,0.215,-0.401,0.0,,4.364,5.426999,0.437,5.864,0.0,,,5.863999,0.049,5.913,-0.444,0.0,5.469,5.469,,7.07,0.77,0.77,1.43,7.07,0.77,0.77,1.43,
03/31/2001,16.341999,,-8.911,,,7.430999,,-8.998,,,,-1.567,-0.325,-0.353,0.214,-0.567,0.0,,0.678,-1.892,-0.089,-1.981,0.0,,,-1.981,-0.226,-2.207,-0.444,0.0,-2.651,-2.651,,7.075,-0.37,-0.37,-0.28,7.075,-0.37,-0.37,-0.28,
06/30/2001,53.339001,,-41.751999,,,11.587002,,-11.605,,,,-0.018,-1.276,1.404,2.219,-0.815,0.0,,-0.128,-1.294,0.5,-0.794,0.0,,,-0.794,-0.134,-0.928,-0.444,0.0,-1.372,-1.372,,7.144,-0.19,-0.19,-0.18,7.144,-0.19,-0.19,-0.18,
09/30/2001,89.887001,,-66.931999,,,22.955002,,-11.803,,,,11.152,-2.05,2.428,3.064,-0.636,0.0,,-0.378,9.102001,-2.661,6.441,0.0,,,6.441001,-0.232,6.209,-0.444,0.0,5.765,5.765,,7.264,0.79,0.79,0.79,7.859,0.73,0.73,0.73,
12/31/2001,86.018997,,-68.709999,,,17.308998,,-14.05,,,,3.259,-2.134,2.921,2.921,,0.0,,-0.787,1.125,1.457,2.582,0.241,,,2.341,-0.188,2.153,-0.444,0.0,1.709,1.709,,7.473,0.23,0.26,0.26,9.922,0.21,0.23,0.23,
03/31/2002,83.212997,,-62.014,,,21.198997,,-15.393,,,,5.806,-2.162,2.282,2.805,-0.523,0.0,,-0.12,3.644,-0.802,2.842,0.329,,,2.513,-0.182,2.331,-0.444,0.0,1.887,1.887,,7.531,0.25,0.29,0.29,8.103,0.23,0.27,0.27,
06/30/2002,83.682999,,-65.655998,,,18.027,,-12.945,,,,5.082,-1.85,2.147,2.729,-0.582,0.0,,-0.297,3.232,-0.512,2.72,0.376,,,2.344,-0.044,2.3,-0.444,0.0,1.856,1.856,,7.584,0.24,0.29,0.29,8.159,0.23,0.28,0.28,
09/30/2002,74.739998,,-59.157001,,,15.582996,,-15.455,,,,0.128,-0.788,2.156,2.637,-0.481,0.0,,-1.368,-0.66,2.926,2.266,0.0,,,2.266,-0.007,2.259,-0.444,0.0,1.815,1.815,,7.638,0.24,0.24,0.24,8.146,0.22,0.22,0.22,
12/31/2002,73.565002,,-55.131001,,,18.434002,,-14.894,,,,3.54,-1.902,2.119,2.65,-0.531,0.0,,-0.217,1.638,2.47,4.108,0.306,,,3.802,-0.567,3.235,-0.44,0.0,2.795,2.795,,7.677,0.36,0.4,0.4,8.172,0.34,0.38,0.38,
03/31/2003,78.283997,,-61.146,,,17.137997,,-14.629,,,,2.509,-1.793,2.0,2.539,-0.539,0.0,,-0.207,0.716,0.91,1.626,0.023,,,1.603,-0.111,1.492,-0.44,0.0,1.052,1.052,,7.728,0.14,0.14,0.14,8.223,0.13,0.13,0.13,
06/30/2003,70.455002,,-55.741001,,,14.714001,,-18.295,,,,-3.581,-1.131,2.004,2.485,-0.481,0.0,,-0.873,-4.712,3.459,-1.253,-2.306,,,1.053,-0.229,0.824,-0.44,0.0,0.384,0.384,,7.762,0.05,-0.23,-0.26,8.331,0.05,-0.23,-0.26,
09/30/2003,83.291,,-63.402,,,19.889,,-20.546,,,,-0.657,-2.162,2.193,2.616,-0.423,0.0,,-0.031,-2.819,4.229,1.41,0.009,,,1.401,-0.129,1.272,-0.436,0.0,0.836,0.836,,7.805,0.11,0.108,0.108,8.378,0.1,0.101,0.101,
12/31/2003,78.779999,,-60.743,,,18.036999,,-9.838,,,,8.199,-1.262,1.965,2.474,-0.509,0.0,,-0.703,6.937,2.373,9.31,0.0,,,9.31,-0.304,9.006,-0.436,0.0,8.57,8.57,,7.899,1.08,1.08,1.08,8.426,1.02,1.02,1.02,
03/31/2004,82.537003,,-64.023003,,,18.514,,-14.929,,,,3.585,-1.642,1.542,2.486,-0.944,0.0,,0.1,1.943,0.875,2.818,0.0,,,2.818,-0.282,2.536,-0.436,0.0,2.1,2.1,,8.009,0.26,0.26,0.26,8.503,0.25,0.25,0.25,
06/30/2004,88.700996,,-69.716003,,,18.984993,,-14.657,,,,4.328,-1.011,1.175,2.552,-1.377,0.0,,-0.164,3.317,1.829,5.146,0.0,,,5.146,-0.321,4.825,-0.436,0.0,4.389,4.389,,8.082,0.54,0.54,0.54,8.59,0.51,0.51,0.51,
09/30/2004,84.096001,,-67.641998,,,16.454002,,-14.916,,,,1.538,-1.705,1.809,2.483,-0.674,0.0,,-0.104,-0.167,1.678,1.511,0.0,,,1.511,-0.288,1.223,-0.436,0.0,0.787,0.787,,8.141,0.1,0.1,0.1,8.71,0.09,0.09,0.09,
12/31/2004,77.697998,,-63.806999,,,13.890999,,-19.389,,,,-5.498,-0.915,1.747,2.563,-0.816,0.0,,-0.832,-6.413,2.552,-3.861,0.0,,,-3.861,-0.263,-4.124,-0.436,0.0,-4.56,-4.56,,8.163,-0.56,-0.56,-0.16799,8.163,-0.56,-0.56,-0.16799,
03/31/2005,91.032,,-73.223,,,17.809,,-14.106,6.334,,7.772,3.703,-1.889,2.081,2.804,-0.723,,,-0.192,1.814,-1.492,0.322,-2.662,,-2.662,2.984,-0.292,2.692,-0.436,,2.256,2.256,,8.192,0.28,-0.05,-0.05,8.874,0.25,-0.05,-0.05,
06/30/2005,85.463997,,-76.822998,,,8.640999,,-16.341,,,,-7.7,1.804,1.924,2.833,-0.909,0.0,,-3.728,-5.896,-0.136,-6.032,0.0,,,-6.032,-0.267,-6.299,-0.436,0.0,-6.735,-6.735,,8.269,-0.81,-0.81,-0.79,8.738,-0.81,-0.81,-0.79,
09/30/2005,94.140999,,-84.023003,,,10.117996,,-16.209999,,,,-6.092,0.331,1.964,2.815,-0.851,0.0,,-2.295,-5.761,-1.368,-7.129,0.0,,,-7.129,-0.295,-7.424,-0.436,0.0,-7.86,-7.86,,8.302,-0.95,-0.95,-0.95,8.302,-0.95,-0.95,-0.95,
12/31/2005,95.549004,,-76.262001,,,19.287003,,-23.742001,,,,-4.455,9.319,1.456,2.496,-1.04,0.0,,-10.775,4.864,0.329,5.193,0.0,,,5.193,-0.096,5.097,-0.436,0.0,4.661,4.661,,8.357,0.56,0.56,0.56,8.909,0.52,0.52,0.52,
03/31/2006,94.634003,,-79.785004,,,14.848999,,-9.426,,,,5.423,1.126,1.521,2.654,-1.133,0.0,,-2.647,6.549,-0.277,6.272,0.0,,,6.272,-0.483,5.789,-0.436,0.0,5.353,5.353,,8.43,0.63,0.63,0.24,8.928,0.6,0.6,0.23,
06/30/2006,91.617996,,-78.264,,,13.353996,,-16.93,,,,-3.576,1.655,1.73,2.81,-1.08,0.0,,-3.385,-1.921,-0.243,-2.164,0.0,,,-2.164,-0.726,-2.89,-0.388,-0.549,-3.827,-3.827,,8.629,-0.44,-0.44,-0.43,9.145,-0.44,-0.44,-0.43,
09/30/2006,129.658005,,-107.549004,,,22.109001,,-18.784,,,,3.325,-5.12,5.106,6.992,-1.886,0.0,,0.014,-1.795,-0.19,-1.985,-0.349,,,-1.636,-0.342,-1.978,-0.582,0.0,-2.56,-2.56,,8.948,-0.29,-0.33,-0.33,9.222,-0.29,-0.33,-0.33,
12/31/2006,123.470001,,-105.382004,,,18.087997,,-26.764,,,,-8.676,1.545,4.788,6.778,-1.99,0.0,,-6.333,-7.131,-2.289,-9.42,0.0,,,-9.42,-0.693,-10.113,-1.212,0.0,-11.325,-11.325,,9.032,-1.17,-1.17,-1.16,9.248,-1.17,-1.17,-1.16,
03/31/2007,124.939003,,-104.746002,,,20.193001,,-14.129,,,,6.064,1.983,4.142,6.546,-2.404,0.0,,-6.125,8.047,-0.182,7.865,-0.428,,,8.293,-0.588,7.705,-0.34,0.0,7.365,7.365,,9.039,0.81,0.77,0.35,9.286,0.79,0.75,0.34,
06/30/2007,123.205002,,-108.569,,,14.636002,,-19.711,,,,-5.075,-6.42,4.183,6.273,-2.09,0.0,,2.237,-11.495,0.089,-11.406,-0.608,,,-10.798,-0.142,-10.94,-0.34,0.0,-11.28,-11.28,,9.092,-1.24,-1.31,-1.06,9.341,-1.24,-1.31,-1.06,
09/30/2007,130.233002,,-113.598,,,16.635002,,-18.184999,,,,-1.55,-5.798,3.933,5.934,-2.001,0.0,,1.865,-7.348,0.095,-7.253,-0.689,,,-6.564,-0.464,-7.028,-0.34,0.0,-7.368,-7.368,,9.151,-0.81,-0.88,-0.75,9.332,-0.81,-0.88,-0.75,
12/31/2007,125.656998,,-111.345001,,,14.311996,,-21.483,,,,-7.171,-4.842,4.228,5.885,-1.657,0.0,,0.614,-12.013,-0.201,-12.566,-1.036,,,-11.178,0.0,-11.53,-0.34,0.0,-11.87,-11.87,,9.079,-1.27,-1.38,-1.43,9.079,-1.27,-1.38,-1.43,
03/31/2008,131.594,,-111.384,,,20.21,,-17.304,10.339,,6.965,2.906,-13.896,12.005,13.617,-1.612,,,1.891,-10.99,-0.134,-11.124,0.0,,,-11.124,0.0,-11.124,-0.34,0.0,-11.464,-11.464,,9.444,-1.21,-1.21,-1.0,9.939,-1.21,-1.21,-1.0,
06/30/2008,113.306,,-103.847,,,9.459,,-19.224001,,,,-9.765,-8.067,5.106,6.047,-0.941,0.0,,2.961,-17.832,-0.109,-17.941,0.0,,,-17.941,0.0,-17.941,-0.34,0.0,-18.281,-18.281,,9.498,-1.92,-1.92,-1.58,9.568,-1.92,-1.92,-1.58,
09/30/2008,141.257004,,-123.445999,,,17.811005,,-16.416,,,,1.395,-4.418,4.575,5.839,-1.264,0.0,,-0.157,-3.023,-0.13,-3.153,0.0,,,-3.153,0.0,-3.153,-0.34,0.0,-3.493,-3.493,,9.537,-0.37,-0.37,-0.46,9.6,-0.37,-0.37,-0.46,
12/31/2008,123.289,,-112.505,,,10.784,,-21.021,,,,-10.237,-5.566,4.465,5.773,-1.308,0.0,,1.101,-15.803,-0.546,-16.349,0.0,,,-16.349,0.0,-16.349,-0.34,0.0,-16.689,-16.689,,9.478,-1.75,-1.75,0.08,9.478,-1.75,-1.75,0.08,
03/31/2009,121.798,121.798,-108.459,97.727,,13.339,0.0,-17.741,10.74,,7.001,-4.402,-1.342,4.949,5.836,-0.887,,,-3.607,-5.744,0.455,-5.289,0.0,0.0,0.0,-5.289,0.0,-5.289,-0.34,0.0,-5.629,-7.93,-2.301,9.608,-0.59,-0.59,-0.825354,9.608,-0.59,-0.59,-0.829488,
06/30/2009,104.78,104.78,-100.001,89.705,,4.779,6.797,-17.825,10.864,,6.961,-6.249,-4.414,4.891,5.681,-0.79,,,-0.477,-10.663,0.741,-9.922,0.0,0.0,0.0,-9.922,3.03,-6.892,-0.34,0.0,-7.232,-8.02695,-0.79495,9.689,-0.75,-0.75,-0.82846,9.689,-0.75,-0.75,-0.832047,
09/30/2009,112.404,112.404,-106.967,95.434,,5.437,2.452,-17.64,10.214,,7.426,-9.751,-3.373,5.071,5.755,-0.684,,,-1.698,-13.124,4.21,-8.914,0.0,0.0,0.0,-8.914,1.417,-7.497,-0.34,0.0,-7.837,-8.8107,-0.9737,10.244,-0.77,-0.77,-0.860084,10.244,-0.77,-0.77,-0.865051,
12/31/2009,104.386,104.386,-101.897,90.204,,2.489,1.81,-13.612,8.794,,6.877,-11.372,-5.395,5.604,6.461,-0.857,,,-0.209,-16.767,17.442,0.675,0.0,0.0,0.0,0.675,-2.63,-1.955,-0.34,0.0,-2.295,-2.2469,0.0481,10.327,-0.22,-0.22,-0.217575,10.327,-0.22,-0.22,-0.217575,
03/31/2010,126.439,126.439,-109.069,97.677,,17.37,1.906,-13.962,9.976,,3.986,5.314,-9.149,5.313,5.723,-0.41,,,3.836,-3.835,0.09,-3.745,0.0,0.0,0.0,-3.745,0.89,-2.855,-0.34,0.0,-3.195,-0.2102,2.9848,10.521,-0.3,-0.3,-0.019979,10.521,-0.3,-0.3,-0.019979,
06/30/2010,127.632,127.632,-115.559,104.481,,12.073,2.346,-13.086,9.673,,3.413,1.333,-0.674,5.4,5.767,-0.367,,,-4.726,0.659,0.047,0.706,0.0,0.0,0.0,0.706,0.553,1.259,-0.34,0.0,0.919,-2.0736,-2.9926,10.654,0.09,0.09,-0.194631,10.704,0.09,0.09,-0.194631,
09/30/2010,124.08,124.08,-105.172,94.208,,18.908,2.267,-13.336,8.93,,4.406,7.839,-5.136,5.153,5.756,-0.603,,,-0.017,2.703,-0.285,2.418,0.0,0.0,0.0,2.418,0.435,2.853,-0.34,0.0,2.513,2.62025,0.10725,10.849,0.23,0.23,0.24152,10.911,0.23,0.23,0.23983,
12/31/2010,127.906,127.906,-109.717,98.461,,18.189,1.59,-12.183,10.902,,2.842,6.006,-8.873,5.379,5.746,-0.367,,,3.494,-2.838,0.289,-2.549,0.0,0.0,0.0,-2.549,0.767,-1.782,-0.34,0.0,-2.122,0.19135,2.31335,11.14,-0.19,-0.19,0.026104,11.14,-0.19,-0.19,0.026104,
03/31/2011,127.764,127.764,-108.755,97.51,,19.009,1.597,-13.166,9.305,,3.861,7.44,-26.632,6.585,6.967,-0.382,,,20.047,-19.192,0.46,-18.732,0.0,0.0,0.0,-18.732,1.121,-17.611,-0.34,0.0,-17.951,-4.8262,13.1248,12.369,-1.45,-1.45,-0.390185,12.369,-1.45,-1.45,-0.390185,
06/30/2011,112.14,112.14,-102.293,91.289,,9.847,1.87,-12.717,9.035,,3.682,-1.0,-7.076,7.316,7.645,-0.329,,,-0.24,-8.076,0.161,-7.915,0.0,0.0,0.0,-7.915,0.508,-7.407,-0.34,0.0,-7.747,-7.59035,0.15665,13.2,-0.59,-0.59,-0.575027,13.2,-0.59,-0.59,-0.578133,
09/30/2011,132.449,132.449,-111.776,100.164,,20.673,1.769,-13.871,9.884,,3.987,8.571,-7.08,7.227,7.65,-0.423,,,-0.147,1.491,0.084,1.575,0.0,0.0,0.0,1.575,1.154,2.729,-0.34,0.0,2.389,2.44815,0.05915,13.384,0.18,0.18,0.182916,13.442,0.18,0.18,0.182916,
12/31/2011,129.36,129.36,-115.557,103.824,,13.803,1.549,-19.737,12.052,,7.685,-4.385,-7.139,7.197,7.507,-0.31,,,-0.058,-11.524,-0.279,-11.803,0.0,0.0,0.0,-11.803,0.992,-10.811,-0.34,0.0,-11.151,-14.68245,-3.53145,13.815,-0.81,-0.81,-1.0628,13.815,-0.81,-0.81,-1.0628,
03/31/2012,147.236,147.236,-124.052,110.763,,23.184,3.284,-17.383,13.535,,3.848,9.085,-9.3,9.477,9.883,-0.406,,,-0.177,-0.215,-0.007,-0.222,0.0,0.0,0.0,-0.222,1.08,0.858,-0.34,0.0,0.518,1.4527,0.9347,13.861,0.04,0.04,0.104805,13.968,0.04,0.04,0.104805,
06/30/2012,132.842,132.842,-124.798,111.078,,8.044,4.918,-17.224,12.933,,4.291,-4.262,-10.305,10.542,11.032,-0.49,,,-0.237,-14.567,0.921,-13.646,0.0,0.0,0.0,-13.646,1.563,-12.083,-0.34,0.0,-12.423,-12.13765,0.28535,13.991,-0.89,-0.89,-0.867533,13.991,-0.89,-0.89,-0.869605,
09/30/2012,161.332,161.332,-132.622,117.088,,28.71,2.301,-15.56,11.665,,3.895,15.451,-10.425,10.621,11.096,-0.475,,,-0.196,5.026,0.325,5.351,0.0,0.0,0.0,5.351,2.271,7.622,-0.34,0.0,7.282,7.2911,0.0091,14.104,0.52,0.52,0.516953,15.326,0.5,0.5,0.500594,
12/31/2012,160.375,160.375,-142.194,127.592,,18.181,5.421,-13.657,11.775,,1.882,9.945,-12.413,10.541,10.666,-0.125,,,1.872,-2.468,-1.329,-3.797,0.0,0.0,0.0,-3.797,1.522,-2.275,-0.34,0.0,-2.615,-1.17005,1.44495,14.179,-0.160449,-0.160449,-0.058541,14.179,-0.160449,-0.160449,-0.058541,
03/31/2013,161.448,161.448,-144.847,130.421,,16.601,4.737,-15.604,11.887,,3.717,5.734,-9.793,9.863,10.16,-0.297,,,-0.07,-4.059,-0.028,-4.087,0.0,0.0,0.0,-4.087,1.702,-2.385,-0.34,0.0,-2.725,-2.8771,-0.1521,14.282,-0.19,-0.19,-0.201449,14.282,-0.19,-0.19,-0.201449,
06/30/2013,162.499,162.499,-145.925,130.528,,16.574,10.405,-15.004,11.969,,3.035,11.975,-9.73,9.796,10.076,-0.28,,,-0.066,2.245,-0.028,2.217,0.0,0.0,0.0,2.217,-2.499,-0.282,-0.34,0.0,-0.622,-0.6285,-0.0065,14.495,-0.04,-0.04,-0.04336,14.495,-0.04,-0.04,-0.04336,
09/30/2013,176.792,176.792,-155.627,138.193,,21.165,3.913,-16.542,12.498,,4.044,8.536,-9.519,9.608,9.909,-0.301,,,-0.089,-0.983,-0.03,-1.013,0.0,0.0,0.0,-1.013,3.774,2.761,-0.34,0.0,2.421,2.41255,-0.00845,14.592,0.17,0.17,0.165334,14.927,0.16,0.16,0.159434,
12/31/2013,173.947,173.947,-156.152,136.178,,17.795,0.0,-13.353,14.367,,7.626,4.442,-9.229,9.304,9.792,-0.488,,,-0.075,-10.112,4.868,-5.244,0.0,0.0,0.0,-5.244,0.453,-4.791,-0.34,0.0,-5.131,0.21525,5.34625,14.595,-0.36,-0.36,0.01,14.595,-0.36,-0.36,0.01,
03/31/2014,180.202,180.202,-138.63,138.63,16.059,41.572,0.0,-33.519,13.331,,4.129,8.053,-27.193,20.496,20.798,-0.302,6.79,,-0.093,-19.14,0.11,-19.03,0.0,0.0,0.0,-19.03,0.0,-19.03,-0.261,0.0,-19.291,-19.00825,0.28275,14.787,-1.3,-1.3,-1.28547,14.787,-1.3,-1.3,-1.28547,
06/30/2014,287.956,287.956,-248.389,248.389,24.479,39.567,0.799,-70.006,28.709,,16.818,-29.64,-29.707,20.204,21.786,-1.582,-2.649,,12.152,-59.347,-3.807,-63.154,0.0,0.0,0.0,-63.154,0.0,-63.154,-0.209,0.0,-63.363,-33.307,30.056,15.136,-4.19,-4.19,-2.200515,15.136,-4.19,-4.19,-2.204271,
09/30/2014,337.83,337.83,-285.524,285.524,28.175,52.306,1.261,-82.999,24.434,,30.39,-29.432,-20.42,18.783,21.251,-2.468,1.742,,-0.105,-49.852,0.718,-49.134,0.0,0.0,0.0,-49.134,0.0,-49.134,-0.195,0.0,-49.329,-29.66,19.669,16.729,-2.95,-2.95,-1.772969,16.729,-2.95,-2.95,-1.774257,
12/31/2014,310.004,310.004,-227.387,227.387,32.065,82.617,1.099,-75.672,34.054,,9.553,8.044,-52.653,18.351,20.399,-2.048,-1.867,,36.169,-44.609,2.747,-41.862,0.0,0.0,0.0,-41.862,0.921,-40.941,-0.194,0.0,-41.135,-7.855,33.28,17.112,-2.403869,-2.403869,-0.459035,17.112,-2.403869,-2.403869,-0.459035,
03/31/2015,371.483,371.483,-301.711,301.711,38.059,69.772,2.025,-63.342,26.716,,-1.433,8.455,-20.293,22.595,24.735,-2.14,-2.109,,-0.193,-11.838,-2.04,-13.878,0.0,0.0,0.0,-13.878,2.146,-11.732,0.0,0.0,-11.732,-15.88195,-2.00395,17.621,-0.67,-0.67,-0.779522,17.621,-0.67,-0.67,-0.783725,
06/30/2015,348.959,348.959,-285.48,285.48,34.263,63.479,1.653,-71.998,28.508,,9.227,-6.866,-23.516,22.737,25.304,-2.567,1.313,,-0.534,-30.382,-7.469,-37.851,0.0,0.0,0.0,-37.851,1.246,-36.605,0.0,0.0,-36.605,-33.3114,4.5396,17.926,-2.04,-2.04,-1.788765,17.926,-2.04,-2.04,-1.788765,
09/30/2015,349.796,349.796,-292.973,292.973,34.459,56.823,1.463,-73.593,29.383,,9.751,-15.307,-28.626,25.276,26.831,-1.555,-1.679,,5.029,-43.933,-4.087,-48.02,0.0,0.0,0.0,-48.02,1.458,-46.562,0.0,0.0,-46.562,-35.9813,10.5807,17.986,-2.59,-2.59,-2.000517,17.986,-2.59,-2.59,-2.001726,
12/31/2015,341.664,341.664,-271.167,271.167,26.848,70.497,3.268,-195.386,24.189,,144.349,-121.621,-23.008,24.866,26.597,-1.731,-1.2,,-0.658,-144.629,33.848,-110.781,0.0,0.0,0.0,-110.781,0.603,-110.178,-0.003,0.0,-110.181,-20.85865,89.32235,18.062,-6.1,-6.1,-1.154836,18.062,-6.1,-6.1,-1.154836,
03/31/2016,355.854,355.854,-281.125,281.125,37.015,74.729,3.255,-70.365,27.399,,5.951,7.619,-28.645,27.136,28.927,-1.791,1.387,,0.122,-21.026,47.935,26.909,0.0,0.0,0.0,26.909,0.498,27.407,0.0,0.0,27.407,30.01545,2.60845,18.262,1.5,1.5,1.643601,18.269,1.5,1.5,1.64278,
06/30/2016,357.597,357.597,-298.181,298.181,35.223,59.416,1.287,-61.586,27.613,,-1.25,-0.883,-28.614,28.504,30.86,-2.356,0.364,,-0.254,-29.497,0.1,-29.397,0.0,0.0,0.0,-29.397,0.808,-28.589,0.0,0.0,-28.589,-31.05315,-2.46415,18.54,-1.54,-1.54,-1.674927,18.54,-1.54,-1.54,-1.674927,
09/30/2016,371.772,371.772,-285.428,285.428,40.86,86.344,1.547,-79.138,25.655,,12.623,8.753,-28.985,29.508,30.882,-1.374,-0.22,,-0.303,-20.232,1.625,-18.607,0.0,0.0,0.0,-18.607,0.239,-18.368,0.0,0.0,-18.368,-8.5972,9.7708,18.57,-0.99,-0.99,-0.462962,18.57,-0.99,-0.99,-0.46384,
12/31/2016,392.737,392.737,-291.952,291.952,72.17,100.785,1.464,-79.608,27.893,0.0,-20.455,22.641,-28.817,29.236,31.15,-1.914,-0.816,,0.397,-6.176,-1.601,-7.777,0.0,0.0,0.0,-7.777,0.226,-7.551,0.0,0.0,-7.551,-21.9082,-14.3572,18.571,-0.41,-0.41,-1.1797,18.571,-0.41,-0.41,-1.183098,
03/31/2017,339.737,339.737,-284.604,284.604,36.567,55.133,1.52,-67.741,30.426,,0.748,-11.088,-26.677,28.368,29.261,-0.893,0.467,,-2.158,-37.765,0.465,-37.3,0.0,0.0,0.0,-37.3,0.499,-36.801,0.0,0.0,-36.801,-38.2856,-1.4846,18.572,-1.98,-1.98,-2.061469,18.572,-1.98,-1.98,-2.061469,
06/30/2017,327.314,327.314,-272.317,272.317,39.497,54.997,1.4,-69.439,28.327,,1.615,-13.042,-33.642,29.071,30.109,-1.038,1.137,,3.434,-46.684,0.402,-46.282,0.0,0.0,0.0,-46.282,0.138,-46.144,0.0,0.0,-46.144,-45.7449,0.3991,18.7,-2.47,-2.47,-2.446251,18.7,-2.47,-2.47,-2.448658,
09/30/2017,365.014,365.014,-280.311,280.311,38.066,84.703,1.355,-61.077,26.398,,-3.387,24.981,-37.712,29.005,30.017,-1.012,1.733,,6.974,-12.731,0.256,-12.475,0.0,0.0,0.0,-12.475,0.078,-12.397,0.0,0.0,-12.397,-12.9118,-0.5148,18.742,-0.66,-0.66,-0.688923,18.742,-0.66,-0.66,-0.688923,
12/31/2017,363.796,363.796,-259.573,259.573,6.923,104.223,1.611,-48.722,31.478,0.0,10.321,57.112,-27.607,28.11,29.269,-1.159,-0.283,,-0.22,29.505,4.484,33.989,0.0,0.0,0.0,33.989,1.08,35.069,0.0,0.0,35.069,40.42045,5.35145,18.759,1.87,1.87,2.154723,18.759,1.87,1.87,2.154723,
03/31/2018,295.677,295.677,-225.159,225.159,26.035,70.518,1.175,-61.266,34.34,,0.891,10.427,-30.773,29.04,30.083,-1.043,-1.311,,3.044,-20.346,0.035,-20.311,0.0,0.0,0.0,-20.311,0.722,-19.589,0.0,0.0,-19.589,-19.58584,0.00316,18.771643,-1.04,-1.04,-1.043374,18.772,-1.04,-1.04,-1.043374,
06/30/2018,276.312,276.312,-227.066,227.066,26.396,49.246,0.023,-207.254,38.954,,141.904,-157.985,-34.054,29.642,30.816,-1.174,-0.264,,4.676,-192.039,0.712,-191.327,0.0,0.0,0.0,-191.327,5.26,-186.067,0.0,0.0,-186.067,-73.28581,112.78119,18.772,-9.91,-9.91,-3.903996,18.772,-9.91,-9.91,-3.903996,
09/30/2018,328.89,328.89,-270.808,270.808,26.693,58.082,0.984,-66.434,39.801,,-0.06,-7.368,-33.828,31.256,32.769,-1.513,1.07,,1.502,-41.196,-0.289,-41.485,0.0,0.0,0.0,-41.485,0.945,-40.54,0.0,0.0,-40.54,-41.5907,-1.0507,18.776,-2.16,-2.16,-2.215099,18.776,-2.16,-2.16,-2.21596,
