Date,Revenue,Sales & Services Revenue,Other Revenue,Cost of Revenue,Cost of Goods & Services,Gross Profit,Other Operating Income,Operating Expenses,"Selling, General & Admin",Other Operating Expense,Operating Income (Loss),Non-Operating (Income) Loss,"Interest Expense, Net",Interest Expense,Interest Income,Foreign Exch (Gain) Loss,Other Non-Op (Income) Loss,Pretax Income,Income Tax Expense (Benefit),Income (Loss) from Cont Ops,Net Extraordinary Losses (Gains),Discontinued Operations,XO & Accounting Changes,Income (Loss) Incl. MI,Minority Interest,"Net Income, GAAP",Preferred Dividends,Other Adjustments,"Net Income Avail to Common, GAAP","Net Income Avail to Common, Adj",Net Abnormal Losses (Gains),Basic Weighted Avg Shares,"Basic EPS, GAAP",Basic EPS from Cont Ops,"Basic EPS from Cont Ops, Adjusted",Diluted Weighted Avg Shares,"Diluted EPS, GAAP",Diluted EPS from Cont Ops,"Diluted EPS from Cont Ops, Adjusted",Source: Bloomberg
04/30/1989,5373.259766,,,-4171.609863,,1201.649902,,-883.617004,,,318.03299,-3.288,,33.145,,0.0,-29.857,314.744989,-116.456001,198.289001,0.0,,,198.288988,0.0,198.289001,0.0,,198.289001,198.289001,,4538.600098,0.04375,0.04375,,4538.600098,0.04375,0.04375,0.04375,
07/31/1989,6046.413086,,,-4728.605957,,1317.807129,,-978.049011,,,339.757996,7.936001,,33.273998,,0.0,-41.209999,347.693996,-128.645996,219.048004,0.0,,,219.048,0.0,219.048004,0.0,,219.048004,219.048004,,4539.87207,0.04875,0.04875,,4539.87207,0.04875,0.04875,0.04875,
10/31/1989,6283.49707,,,-4881.263184,,1402.233887,,-1041.197998,,,361.036011,8.329998,,39.018002,,0.0,-47.348,369.366009,-136.664001,232.701996,0.0,,,232.702007,0.0,232.701996,0.0,,232.701996,232.701996,,4540.855957,0.05125,0.05125,,4540.855957,0.05125,0.05125,0.05125,
01/31/1990,8107.48584,,,-6288.555176,,1818.930664,,-1166.831055,,,652.099976,23.595001,,32.633999,,0.0,-56.229,675.694977,-249.834,425.860992,0.0,,,425.860977,0.0,425.860992,0.0,,425.860992,425.860992,,4528.452148,0.09375,0.09375,,4528.452148,0.09375,0.09375,0.09375,
04/30/1990,6768.194824,,,-5276.954102,,1491.240723,,-1103.078003,,,388.162994,14.127003,,36.904999,,0.0,-51.032001,402.289997,-148.847,253.442993,0.0,,,253.442997,0.0,253.442993,0.0,,253.442993,253.442993,,4540.759766,0.05625,0.05625,,4540.759766,0.05625,0.05625,0.05625,
07/31/1990,7543.509766,,,-5906.14502,,1637.364746,,-1227.150024,,,410.214996,23.009998,,38.386002,,0.0,-61.396,433.224995,-160.294006,272.931,0.0,,,272.930988,0.0,272.931,0.0,,272.931,272.931,,4538.355957,0.06,0.06,,4538.355957,0.06,0.06,0.06,
10/31/1990,7930.951172,,,-6196.904785,,1734.046387,,-1310.311035,,,423.734985,25.164997,,45.438999,,0.0,-70.603996,448.899982,-166.093002,282.807007,0.0,,,282.80698,0.0,282.807007,0.0,,282.807007,282.807007,,4542.855957,0.0625,0.0625,,4542.855957,0.0625,0.0625,0.0625,
01/31/1991,10358.938477,,,-8119.830078,,2239.108399,,-1511.639038,,,727.468994,30.876,,47.905998,,0.0,-78.781998,758.344994,-276.502014,481.842987,0.0,,,481.84298,0.0,481.842987,0.0,,481.842987,481.842987,,4565.043944,0.105,0.105,0.105,4565.043944,0.105,0.105,0.105,
04/30/1991,9280.570312,,,-7330.165039,,1950.405273,,-1484.853027,,,465.552002,21.675003,,54.82,,0.0,-76.495003,487.227005,-180.274002,306.953003,0.0,,,306.953003,0.0,306.953003,0.0,,306.953003,306.953003,,4605.824219,0.065,0.065,,4605.824219,0.065,0.065,0.065,
07/31/1991,10339.97168,,,-8208.077148,,2131.894531,,-1615.64502,,,516.25,32.785999,,62.106998,,0.0,-94.892998,549.035999,-203.143005,345.893005,0.0,,,345.892994,0.0,345.893005,0.0,,345.893005,345.893005,,4609.583984,0.075,0.075,,4609.583984,0.075,0.075,0.075,
10/31/1991,10627.5,,,-8402.75,,2224.75,,-1697.034058,,,527.716003,32.918999,,76.441002,,0.0,-109.360001,560.635002,-207.434998,353.200012,0.0,,,353.200005,0.0,353.200012,0.0,,353.200012,353.200012,,4611.208008,0.07625,0.07625,,4611.208008,0.07625,0.07625,0.07625,
01/31/1992,13638.860352,,,-10845.126953,,2793.733399,,-1886.771973,,,906.960999,49.278,,72.495003,,0.0,-121.773003,956.238999,-353.80899,602.429993,0.0,,,602.430009,0.0,602.429993,0.0,,602.429993,602.429993,,4595.24414,0.13,0.13,0.13,4595.24414,0.13,0.13,0.13,
04/30/1992,11649.429688,,,-9256.326172,,2393.103516,,-1807.942017,,,585.161987,29.052002,,75.859001,,0.0,-104.911003,614.213989,-227.259003,386.954987,0.0,,,386.954987,0.0,386.954987,0.0,,386.954987,386.954987,,4552.399902,0.085,0.085,0.085,4552.399902,0.085,0.085,0.085,
07/31/1992,13028.450195,,,-10416.519531,,2611.930664,,-1995.484985,,,616.440979,50.935997,,68.5,,0.0,-119.435997,667.376976,-246.929001,420.447998,0.0,,,420.447975,0.0,420.447998,0.0,,420.447998,420.447998,,4597.39209,0.09125,0.09125,0.09125,4597.39209,0.09125,0.09125,0.09125,
10/31/1992,13683.820312,,,-10884.910156,,2798.910156,,-2142.966064,,,655.947021,38.978996,,89.295998,,0.0,-128.274994,694.926018,-257.122986,437.803009,0.0,,,437.803032,0.0,437.803009,0.0,,437.803009,437.803009,,4597.883789,0.095,0.095,0.095,4597.883789,0.095,0.095,0.095,
01/31/1993,17122.070312,,,-13616.929688,,3505.140624,,-2374.448975,,,1130.69397,59.128006,,89.042999,,0.0,-148.171005,1189.821976,-440.234009,749.588013,0.0,,,749.587967,0.0,749.588013,0.0,,749.588013,749.588013,,4598.116212,0.1625,0.1625,0.1625,4598.116212,0.1625,0.1625,0.1625,
04/30/1993,13920.407227,,,-11016.745117,,2903.662109,,-2246.26001,,,657.401978,44.032997,,100.758003,,0.0,-144.791,701.434975,-250.785004,450.649994,,,,450.649971,,450.649994,,,450.649994,450.649994,,4506.5,0.1,0.1,,4506.5,0.1,0.1,0.1,
07/31/1993,16236.577148,,,-12962.824219,,3273.75293,,-2519.579102,,,754.174011,31.682999,,124.513,,0.0,-156.195999,785.85701,-289.981995,495.875,0.0,,,495.875015,0.0,495.875,0.0,,495.875,495.875,,4600.381836,0.11,0.11,,4600.381836,0.11,0.11,0.11,
10/31/1993,16826.998047,,,-13308.092773,,3518.905273,,-2718.977051,,,799.929016,23.466003,,141.720001,,0.0,-165.186005,823.39502,-304.656006,518.739014,0.0,,,518.739014,0.0,518.739014,0.0,,518.739014,518.739014,,4596.855957,0.115,0.115,,4596.855957,0.115,0.115,0.115,
01/31/1994,21001.560547,,,-16156.081055,,4845.479492,,-2848.4021,,,1997.078003,-616.187012,,0.0,,0.0,616.187012,1380.890991,-512.877991,868.013,0.0,,,868.013,0.0,868.013,0.0,,868.013,868.013,,4597.333984,0.19,0.19,0.19,4597.333984,0.19,0.19,0.19,
04/30/1994,17686.134766,,,-14063.983398,,3622.151367,,-2846.049072,,,776.10199,10.106003,,156.496002,,0.0,-166.602005,786.207993,-287.752014,498.455994,0.0,,,498.455978,0.0,498.455994,0.0,,498.455994,498.455994,,4597.815918,0.11,0.11,,4597.815918,0.11,0.11,0.11,
07/31/1994,19942.314453,,,-15960.324219,,3981.990234,,-3169.263916,,,812.72699,78.220001,,174.274994,,0.0,-252.494995,890.946991,-326.131989,564.815002,0.0,,,564.815002,0.0,564.815002,0.0,,564.815002,564.815002,,4598.312012,0.125,0.125,,4598.312012,0.125,0.125,0.125,
10/31/1994,20417.716797,,,-16200.873047,,4216.84375,,-3340.262939,,,876.580994,50.925995,,184.190002,,0.0,-235.115997,927.506989,-339.421997,588.085022,0.0,,,588.084991,0.0,588.085022,0.0,,588.085022,588.085022,,4597.874023,0.13,0.13,,4597.874023,0.13,0.13,0.13,
01/31/1995,24447.833984,,,-19360.820312,,5087.013672,,-3502.424072,,,1584.589966,72.748003,,5.039,,0.0,-77.787003,1657.337969,-627.69397,1029.644043,0.0,,,1029.643999,0.0,1029.644043,0.0,,1029.644043,1029.644043,,4595.673828,0.225,0.225,0.225,4595.673828,0.225,0.225,0.225,
04/30/1995,20440.0,,,-16196.0,,4244.0,,-3377.0,,,867.0,12.0,,200.0,,0.0,-212.0,879.0,-326.0,553.0,0.0,,,553.0,0.0,553.0,0.0,,553.0,553.0,,4594.689942,0.12,0.12,0.12,4594.689942,0.12,0.12,0.12,
07/31/1995,22723.0,,,-18095.0,,4628.0,,-3693.0,,,935.0,72.0,,212.0,,0.0,-284.0,1007.0,-374.0,633.0,0.0,,,633.0,0.0,633.0,0.0,,633.0,633.0,,4592.0,0.14,0.14,0.14,4592.0,0.14,0.14,0.14,
10/31/1995,22913.0,,,-18176.0,,4737.0,,-3801.0,,,936.0,37.0,,231.0,,0.0,-268.0,973.0,-361.0,612.0,0.0,,,612.0,0.0,612.0,0.0,,612.0,612.0,,4592.0,0.135,0.135,0.135,4592.0,0.135,0.135,0.135,
01/31/1996,27551.0,,,-22097.0,,5454.0,,-4080.0,,,1374.0,113.0,,245.0,,0.0,-358.0,1487.0,-545.0,942.0,0.0,,,942.0,0.0,942.0,0.0,,942.0,942.0,,4588.0,0.205,0.205,0.205,4588.0,0.205,0.205,0.205,
04/30/1996,22772.0,,,-18064.0,,4708.0,,-3810.0,,,898.0,9.0,,220.0,,0.0,-229.0,907.0,-336.0,571.0,0.0,,,571.0,0.0,571.0,0.0,,571.0,571.0,,4586.0,0.125,0.125,0.125,4586.0,0.125,0.125,0.125,
07/31/1996,25587.0,,,-20376.0,,5211.0,,-4130.0,,,1081.0,39.0,,218.0,,0.0,-257.0,1120.0,-414.0,706.0,0.0,,,706.0,0.0,706.0,0.0,,706.0,706.0,,4588.0,0.155,0.155,0.155,4588.0,0.155,0.155,0.155,
10/31/1996,25644.0,,,-20450.0,,5194.0,,-4329.0,,,865.0,221.0,,212.0,,0.0,-433.0,1086.0,-402.0,684.0,0.0,,,684.0,0.0,684.0,0.0,,684.0,684.0,,4588.0,0.15,0.15,0.15,4588.0,0.15,0.15,0.15,
01/31/1997,30856.0,,,-24773.0,,6083.0,,-4519.0,,,1564.0,173.0,,195.0,,0.0,-368.0,1737.0,-642.0,1095.0,0.0,,,1095.0,0.0,1095.0,0.0,,1095.0,1095.0,,4578.0,0.24,0.24,0.24,4578.0,0.24,0.24,0.24,
04/30/1997,25409.0,,,-20127.0,,5282.0,,-4333.0,,,949.0,86.0,,189.0,,0.0,-275.0,1035.0,-383.0,652.0,0.0,,,652.0,0.0,652.0,0.0,,652.0,652.0,,4552.0,0.145,0.145,0.145,4562.0,0.145,0.145,0.145,
07/31/1997,28386.0,,,-22478.0,,5908.0,,-4767.0,,,1141.0,121.0,,192.0,,0.0,-313.0,1262.0,-467.0,795.0,0.0,,,795.0,0.0,795.0,0.0,,795.0,795.0,,4520.0,0.175,0.175,0.175,4538.0,0.175,0.175,0.175,
10/31/1997,28777.0,,,-22680.0,,6097.0,,-4958.0,,,1139.0,143.0,,198.0,,0.0,-341.0,1282.0,-474.0,808.0,0.0,,,808.0,-16.0,792.0,0.0,,792.0,792.0,,4506.0,0.175,0.175,0.175,4526.0,0.175,0.175,0.175,
01/31/1998,35386.0,,,-28153.0,,7233.0,,-5300.0,,,1933.0,129.0,,205.0,,0.0,-334.0,2062.0,-791.0,1271.0,0.0,,,1271.0,16.0,1287.0,0.0,,1287.0,1287.0,,4488.0,0.285,0.285,0.285,4510.0,0.285,0.285,0.284996,
04/30/1998,29819.0,,,-23526.0,,6293.0,,-5073.0,,,1220.0,144.0,,194.0,,0.0,-338.0,1364.0,-505.0,859.0,0.0,,,859.0,-31.0,828.0,0.0,,828.0,828.0,,4482.0,0.18,0.18,0.18,4510.0,0.18,0.18,0.18,
07/31/1998,33521.0,,,-26422.0,,7099.0,,-5577.0,,,1522.0,174.0,,185.0,,0.0,-359.0,1696.0,-627.0,1069.0,0.0,,,1069.0,-35.0,1034.0,0.0,,1034.0,1034.0,,4472.0,0.23,0.23,0.23,4505.0,0.23,0.23,0.23,
10/31/1998,33509.0,,,-26380.0,,7129.0,,-5691.0,,,1438.0,213.0,,202.0,,0.0,-415.0,1651.0,-611.0,1040.0,0.0,,,1040.0,-31.0,1009.0,0.0,,1009.0,1009.0,,4462.0,0.23,0.23,0.23,4492.0,0.23,0.23,0.23,
01/31/1999,40785.0,,,-32397.0,,8388.0,,-6022.0,,,2366.0,93.0,,216.0,,0.0,-309.0,2459.0,-997.0,1462.0,0.0,,,1462.0,97.0,1559.0,0.0,,1559.0,1559.0,,4450.0,0.35,0.35,0.35,4472.0,0.35,0.35,0.35,
04/30/1999,34717.0,,,-27241.0,,7476.0,,-5888.0,,,1588.0,221.0,,191.0,,0.0,-412.0,1809.0,-662.0,1147.0,198.0,,,949.0,-33.0,916.0,0.0,,916.0,916.0,,4449.0,0.2,0.25,0.25,4472.0,0.2,0.25,0.25,
07/31/1999,38470.0,,,-30123.0,,8347.0,,-6573.0,,,1774.0,252.0,,191.0,,0.0,-443.0,2026.0,-741.0,1285.0,0.0,,,1285.0,-34.0,1251.0,0.0,,1251.0,1251.0,,4450.0,0.28,0.28,0.31,4473.0,0.28,0.28,0.31,
10/31/1999,40432.0,,,-31606.0,,8826.0,,-6907.0,,,1919.0,149.0,,317.0,,0.0,-466.0,2068.0,-757.0,1311.0,0.0,,,1311.0,-17.0,1294.0,0.0,,1294.0,1294.0,,4454.0,0.29,0.29,0.29,4475.0,0.29,0.29,0.29,
01/31/2000,51394.0,,,-40694.0,,10700.0,,-7199.0,7673.0,-474.0,3501.0,-322.0,322.0,322.0,,0.0,0.0,3179.0,-1178.0,2001.0,0.0,,,2001.0,-85.0,1916.0,0.0,0.0,1916.0,1916.0,,4455.0,0.43,0.43,0.43,4479.0,0.43,0.43,0.43,
04/30/2000,42985.0,,,-33665.0,,9320.0,,-7318.0,,,2002.0,132.0,,330.0,,0.0,-462.0,2134.0,-785.0,1349.0,0.0,,,1349.0,-23.0,1326.0,0.0,0.0,1326.0,1326.0,,4457.0,0.3,0.3,0.3,4478.0,0.3,0.3,0.3,
07/31/2000,46112.0,,,-36044.0,,10068.0,,-7625.0,,,2443.0,132.0,,344.0,,0.0,-476.0,2575.0,-948.0,1627.0,0.0,,,1627.0,-31.0,1596.0,0.0,0.0,1596.0,1596.0,,4465.0,0.36,0.36,0.36,4487.0,0.36,0.36,0.36,
10/31/2000,45676.0,,,-35694.0,,9982.0,,-7918.0,,,2064.0,130.0,,375.0,,0.0,-505.0,2194.0,-807.0,1387.0,0.0,,,1387.0,-18.0,1369.0,0.0,0.0,1369.0,1369.0,,4468.0,0.31,0.31,0.31,4487.0,0.31,0.31,0.31,
01/31/2001,56556.0,,,-44852.0,,11704.0,,-8688.0,,,3016.0,197.0,,325.0,,0.0,-522.0,3213.0,-1152.0,2061.0,0.0,,,2061.0,-57.0,2004.0,0.0,,2004.0,2004.0,,4469.0,0.45,0.45,0.45,4487.0,0.45,0.45,0.45,
04/30/2001,48052.0,,,-37850.0,,10202.0,,-8143.0,,,2059.0,161.0,,352.0,-54.0,0.0,-459.0,2220.0,-810.0,1410.0,0.0,,,1410.0,-30.0,1380.0,0.0,0.0,1380.0,1380.0,,4471.0,0.31,0.31,0.31,4487.0,0.31,0.31,0.31,
07/31/2001,52799.0,,,-41412.0,,11387.0,,-8893.0,,,2494.0,119.0,,351.0,-42.0,0.0,-428.0,2613.0,-954.0,1659.0,0.0,,,1659.0,-37.0,1622.0,0.0,0.0,1622.0,1622.0,,4470.0,0.36,0.36,0.37,4486.0,0.36,0.36,0.37,
10/31/2001,52738.0,,,-41388.0,,11350.0,,-9113.0,,,2237.0,153.0,,330.0,-35.0,0.0,-448.0,2390.0,-872.0,1518.0,0.0,,,1518.0,-37.0,1481.0,0.0,0.0,1481.0,1481.0,,4466.0,0.33,0.33,0.33,4481.0,0.33,0.33,0.33,
01/31/2002,64210.0,,,-50912.0,,13298.0,,-10024.0,,,3274.0,254.0,,324.0,-40.0,0.0,-538.0,3528.0,-1261.0,2267.0,0.0,,,2267.0,-79.0,2188.0,0.0,0.0,2188.0,2188.0,,4456.0,0.49,0.49,0.49,4473.0,0.49,0.49,0.49,
04/30/2002,52126.0,,,-40136.0,,11990.0,,-9201.0,,,2789.0,-252.0,,288.0,-34.0,0.0,-2.0,2537.0,-900.0,1637.0,-35.0,,,1672.0,-41.0,1631.0,0.0,0.0,1631.0,1631.0,,4452.0,0.37,0.36,0.36,4468.0,0.37,0.36,0.36,
07/31/2002,56271.0,,,-43516.0,,12755.0,,-9914.0,,,2841.0,286.0,,254.0,-32.0,0.0,-508.0,3127.0,-1092.0,2035.0,-29.0,,,2064.0,-45.0,2019.0,0.0,0.0,2019.0,2019.0,,4438.0,0.45,0.45,0.45,4452.0,0.45,0.45,0.45,
10/31/2002,55241.0,,,-42646.0,,12595.0,,-10071.0,,,2524.0,294.0,,264.0,-34.0,0.0,-524.0,2818.0,-995.0,1823.0,-17.0,,,1840.0,-43.0,1797.0,0.0,0.0,1797.0,1797.0,,4421.0,0.41,0.4,0.4,4434.0,0.41,0.4,0.4,
01/31/2003,66400.0,,,-52001.0,,14399.0,,-10797.0,,,3602.0,284.0,,253.0,-32.0,0.0,-505.0,3886.0,-1370.0,2516.0,-56.0,,,2572.0,-64.0,2508.0,0.0,0.0,2508.0,2508.0,,4412.0,0.57,0.56,0.56,4425.0,0.57,0.56,0.56,
04/30/2003,56718.0,,,-43918.0,,12800.0,,-10216.0,,,2584.0,294.0,,250.0,-38.0,0.0,-506.0,2878.0,-1006.0,1872.0,-31.0,,,1903.0,-42.0,1861.0,0.0,0.0,1861.0,1861.0,,4386.0,0.42,0.41,0.41,4395.0,0.42,0.41,0.41,
07/31/2003,62637.0,,,-48298.0,,14339.0,,-11142.0,,,3197.0,380.0,,234.0,-19.0,0.0,-595.0,3577.0,-1253.0,2324.0,-161.0,,,2485.0,-41.0,2444.0,0.0,0.0,2444.0,2444.0,,4378.0,0.56,0.52,0.52,4388.0,0.56,0.52,0.52,
10/31/2003,62480.0,,,-48292.0,,14188.0,,-11344.0,,,2844.0,349.0,,242.0,-26.0,0.0,-565.0,3193.0,-1117.0,2076.0,0.0,,,2076.0,-48.0,2028.0,0.0,0.0,2028.0,2028.0,,4362.0,0.46,0.46,0.46,4372.0,0.46,0.46,0.46,
01/31/2004,74494.0,,,-58239.0,,16255.0,0.0,-12205.0,12205.0,0.0,4050.0,495.0,0.0,255.0,-54.0,0.0,-696.0,4545.0,-1741.0,2804.0,,,,2804.0,-82.0,2722.0,0.0,0.0,2722.0,2722.0,,4325.0,0.63,0.63,0.66,4334.0,0.63,0.63,0.66,
04/30/2004,64763.0,,,-49969.0,,14794.0,,-11869.0,,,2925.0,472.0,,250.0,-42.0,0.0,-680.0,3397.0,-1189.0,2208.0,0.0,,,2208.0,-42.0,2166.0,0.0,0.0,2166.0,2166.0,,4294.0,0.5,0.5,0.5,4302.0,0.5,0.5,0.5,
07/31/2004,69722.0,,,-53533.0,,16189.0,,-12522.0,,,3667.0,498.0,,283.0,-44.0,0.0,-737.0,4165.0,-1458.0,2707.0,0.0,,,2707.0,-56.0,2651.0,0.0,0.0,2651.0,2651.0,,4264.0,0.62,0.62,0.62,4272.0,0.62,0.62,0.62,
10/31/2004,68520.0,,,-52567.0,,15953.0,,-12910.0,,,3043.0,500.0,,305.0,-64.0,0.0,-741.0,3543.0,-1207.0,2336.0,0.0,,,2336.0,-50.0,2286.0,0.0,0.0,2286.0,2286.0,,4242.0,0.54,0.54,0.54,4249.0,0.54,0.54,0.54,
01/31/2005,82217.0,,,-63724.0,,18493.0,,-13804.0,,,4689.0,311.0,,349.0,-51.0,0.0,-609.0,5000.0,-1735.0,3265.0,0.0,,,3265.0,-101.0,3164.0,0.0,0.0,3164.0,3164.0,,4235.0,0.75,0.75,0.75,4235.0,0.75,0.75,0.75,
04/30/2005,71680.0,,,-54571.0,,17109.0,,-13168.0,,,3941.0,-200.0,200.0,252.0,-52.0,0.0,0.0,3741.0,-1212.0,2529.0,0.0,,,2529.0,-68.0,2461.0,0.0,0.0,2461.0,2461.0,-145.0,4228.0,0.58,0.58,0.55,4234.0,0.58,0.58,0.55,
07/31/2005,76697.0,,,-58089.0,,18608.0,,-13878.0,,,4730.0,-306.0,306.0,364.0,-58.0,0.0,0.0,4424.0,-1503.0,2921.0,48.0,,,2873.0,-68.0,2805.0,0.0,0.0,2805.0,2805.0,,4175.0,0.67,0.68,0.68,4180.0,0.67,0.68,0.68,
10/31/2005,75397.0,,,-57325.0,,18072.0,,-13974.0,13974.0,0.0,4098.0,-350.0,350.0,407.0,-57.0,0.0,0.0,3748.0,-1253.0,2495.0,48.0,,,2447.0,-73.0,2374.0,0.0,0.0,2374.0,2374.0,,4165.0,0.57,0.58,0.59,4169.0,0.57,0.58,0.59,
01/31/2006,89273.0,,,-69045.0,,20228.0,,-15222.0,15222.0,0.0,5006.0,532.0,322.0,400.0,-78.0,,-854.0,5538.0,-1835.0,3703.0,,,,3703.0,-114.0,3589.0,0.0,0.0,3589.0,3589.0,,4166.0,0.86,0.86,0.86,4170.0,0.86,0.86,0.86,
04/30/2006,79676.0,,,-60237.0,,19439.0,,-14944.0,,,4495.0,-368.0,368.0,436.0,-68.0,0.0,0.0,4127.0,-1388.0,2739.0,45.0,,,2694.0,-79.0,2615.0,0.0,0.0,2615.0,2615.0,,4167.0,0.63,0.64,0.64,4170.0,0.63,0.64,0.64,
07/31/2006,85430.0,,,-64585.0,,20845.0,,-15741.0,,,5104.0,-393.0,393.0,456.0,-63.0,0.0,0.0,4711.0,-1636.0,3075.0,901.0,,,2174.0,-91.0,2083.0,0.0,0.0,2083.0,2083.0,,4168.0,0.5,0.72,0.72,4172.0,0.5,0.72,0.72,
10/31/2006,84467.0,,,-63765.0,,20702.0,,-16237.0,16237.0,0.0,4465.0,-424.0,424.0,489.0,-65.0,0.0,0.0,4041.0,-1363.0,2678.0,-53.0,,,2731.0,-84.0,2647.0,0.0,0.0,2647.0,2647.0,,4169.0,0.63,0.62,0.61,4173.0,0.63,0.62,0.61,
01/31/2007,99078.0,,,-75565.0,,23513.0,,-17080.0,17080.0,0.0,6433.0,-345.0,345.0,430.0,-85.0,0.0,0.0,6088.0,-1977.0,4111.0,0.0,,,4111.0,-171.0,3940.0,0.0,0.0,3940.0,3940.0,-98.0,4153.0,0.95,0.95,0.93,4156.0,0.95,0.95,0.93,
04/30/2007,86410.0,,,-65311.0,,21099.0,0.0,-16249.0,16249.0,0.0,4850.0,-392.0,392.0,475.0,-83.0,,0.0,4458.0,-1532.0,2926.0,,,,2926.0,-100.0,2826.0,,0.0,2826.0,2826.0,,4122.0,0.69,0.69,0.69,4128.0,0.68,0.68,0.68,
07/31/2007,92999.0,,,-70589.0,,22410.0,0.0,-17127.0,17127.0,0.0,5283.0,-404.0,404.0,488.0,-84.0,0.0,0.0,4879.0,-1676.0,3203.0,145.0,,,3058.0,-106.0,2952.0,0.0,0.0,2952.0,2952.0,,4102.0,0.72,0.75,0.76,4108.0,0.72,0.75,0.76,
10/31/2007,91865.0,,,-69251.0,,22614.0,0.0,-17653.0,17653.0,0.0,4961.0,-460.0,460.0,537.0,-77.0,,0.0,4501.0,-1556.0,2945.0,-11.0,,,2956.0,-99.0,2857.0,0.0,0.0,2857.0,2857.0,,4051.0,0.71,0.7,0.6884,4056.0,0.7,0.7,0.6884,
01/31/2008,107202.0,,,-81199.0,,26003.0,,-19145.0,19224.0,-79.0,6858.0,-538.0,,603.0,-65.0,0.0,0.0,6340.0,-2125.0,4195.0,-2.0,,,4217.0,-101.0,4096.0,0.0,0.0,4096.0,4096.0,,3992.0,1.03,1.03,1.05,3992.0,1.02,1.03,1.05,
04/30/2008,94940.0,94042.0,898.0,-71372.0,71372.0,23568.0,0.0,-18251.0,18251.0,0.0,5317.0,-496.0,496.0,560.0,-64.0,,0.0,4821.0,-1670.0,3151.0,7.0,7.0,0.0,3144.0,-122.0,3022.0,0.0,0.0,3022.0,3029.0,0.0,3957.0,0.76,0.77,0.77,3967.0,0.76,0.76,0.76,
07/31/2008,102342.0,101546.0,796.0,-77118.0,77118.0,25224.0,0.0,-19411.0,19411.0,0.0,5813.0,-456.0,456.0,527.0,-71.0,,0.0,5357.0,-1826.0,3531.0,-48.0,-48.0,0.0,3579.0,-130.0,3449.0,0.0,0.0,3449.0,3401.0,0.0,3945.0,0.87,0.86,0.86,3958.0,0.87,0.86,0.86,
10/31/2008,98345.0,97619.0,726.0,-73621.0,73621.0,24724.0,0.0,-19432.0,19432.0,0.0,5292.0,-456.0,456.0,537.0,-81.0,,0.0,4836.0,-1690.0,3146.0,-105.0,-105.0,0.0,3251.0,-113.0,3138.0,0.0,0.0,3138.0,3033.0,0.0,3931.0,0.8,0.77,0.77,3944.0,0.8,0.77,0.77,
01/31/2009,108747.0,107880.0,867.0,-81945.0,81945.0,26802.0,0.0,-20425.0,20425.0,0.0,6377.0,-492.0,492.0,560.0,-68.0,,0.0,5885.0,-1959.0,3926.0,0.0,0.0,0.0,3926.0,-134.0,3792.0,0.0,0.0,3792.0,4295.3,503.3,3924.0,0.97,0.97,1.094623,3936.0,0.96,0.96,1.087871,
04/30/2009,94242.0,93471.0,771.0,-70388.0,70388.0,23854.0,0.0,-18637.0,18637.0,0.0,5217.0,-467.0,467.0,518.0,-51.0,,0.0,4750.0,-1603.0,3147.0,8.0,8.0,0.0,3139.0,-117.0,3022.0,0.0,0.0,3022.0,3030.0,0.0,3920.0,0.77,0.77,0.77,3930.0,0.77,0.77,0.77,
07/31/2009,100876.0,100168.0,708.0,-75056.0,75056.0,25820.0,0.0,-19891.0,19891.0,0.0,5929.0,-473.0,473.0,515.0,-42.0,,0.0,5456.0,-1870.0,3586.0,7.0,7.0,0.0,3579.0,-107.0,3472.0,0.0,0.0,3472.0,3479.0,0.0,3891.0,0.89,0.89,0.89,3900.0,0.89,0.89,0.89,
10/31/2009,99373.0,98667.0,706.0,-73915.0,73915.0,25458.0,0.0,-20016.0,20016.0,0.0,5442.0,-475.0,475.0,510.0,-35.0,,0.0,4967.0,-1702.0,3265.0,7.0,7.0,0.0,3258.0,-114.0,3144.0,0.0,0.0,3144.0,3151.0,0.0,3851.0,0.82,0.82,0.82,3861.0,0.81,0.82,0.82,
01/31/2010,113622.0,112826.0,796.0,-85078.0,85078.0,28544.0,0.0,-21086.0,21086.0,0.0,7458.0,-469.0,469.0,522.0,-53.0,,0.0,6989.0,-1999.0,4990.0,57.0,57.0,0.0,4933.0,-175.0,4758.0,0.0,0.0,4758.0,4605.0,-210.0,3805.0,1.25,1.27,1.21025,3820.0,1.25,1.26,1.205026,
04/30/2010,99811.0,99097.0,714.0,-74618.0,74618.0,25193.0,0.0,-19456.0,19456.0,0.0,5737.0,-471.0,471.0,522.0,-51.0,,0.0,5266.0,-1822.0,3444.0,0.0,0.0,0.0,3444.0,-143.0,3301.0,0.0,0.0,3301.0,3301.0,0.0,3765.0,0.88,0.88,0.88,3781.0,0.87,0.87,0.87,
07/31/2010,103726.0,103016.0,710.0,-77438.0,77438.0,26288.0,0.0,-20098.0,20098.0,0.0,6190.0,-485.0,485.0,542.0,-57.0,,0.0,5705.0,-1958.0,3747.0,0.0,0.0,0.0,3747.0,-151.0,3596.0,0.0,0.0,3596.0,3596.0,0.0,3696.0,0.97,0.97,0.97,3707.0,0.97,0.97,0.97,
10/31/2010,101952.0,101239.0,713.0,-75819.0,75819.0,26133.0,0.0,-20522.0,20522.0,0.0,5611.0,-516.0,516.0,569.0,-53.0,,0.0,5095.0,-1505.0,3590.0,0.0,0.0,0.0,3590.0,-154.0,3436.0,0.0,0.0,3436.0,3245.0,-191.0,3617.0,0.95,0.95,0.897152,3631.0,0.95,0.95,0.897152,
01/31/2011,116360.0,115600.0,760.0,-87071.0,87071.0,29289.0,0.0,-21285.0,21285.0,0.0,8004.0,-532.0,532.0,572.0,-40.0,,0.0,7472.0,-2294.0,5178.0,-1034.0,-1034.0,0.0,6212.0,-156.0,6056.0,0.0,0.0,6056.0,4779.0,-243.0,3549.0,1.71,1.42,1.346577,3563.0,1.7,1.41,1.341799,
04/30/2011,104189.0,103415.0,774.0,-78177.0,78177.0,26012.0,0.0,-20116.0,20116.0,0.0,5896.0,-518.0,518.0,562.0,-44.0,,0.0,5378.0,-1800.0,3578.0,28.0,28.0,0.0,3550.0,-151.0,3399.0,0.0,0.0,3399.0,3394.5,-32.5,3497.0,0.97,0.98,0.970689,3513.0,0.97,0.98,0.970689,
07/31/2011,109366.0,108638.0,728.0,-81770.0,81770.0,27596.0,0.0,-21213.0,21213.0,0.0,6383.0,-578.0,578.0,600.0,-22.0,,0.0,5805.0,-1868.0,3937.0,0.0,0.0,0.0,3937.0,-136.0,3801.0,0.0,0.0,3801.0,3875.75,74.75,3472.0,1.09,1.09,1.116287,3485.0,1.09,1.09,1.111449,
10/31/2011,110226.0,109516.0,710.0,-82591.0,82591.0,27635.0,0.0,-21757.0,21757.0,0.0,5878.0,-535.0,535.0,600.0,-65.0,,0.0,5343.0,-1842.0,3501.0,8.0,8.0,0.0,3493.0,-157.0,3336.0,0.0,0.0,3336.0,3344.0,0.0,3445.0,0.97,0.97,0.97,3458.0,0.96,0.97,0.97,
01/31/2012,123169.0,122285.0,884.0,-92589.0,92589.0,30580.0,0.0,-22179.0,22179.0,0.0,8401.0,-529.0,529.0,560.0,-31.0,,0.0,7872.0,-2434.0,5438.0,31.0,31.0,0.0,5407.0,-244.0,5163.0,0.0,0.0,5163.0,5434.94,240.94,3426.0,1.51,1.52,1.586381,3442.0,1.5,1.51,1.58,
04/30/2012,113010.0,112264.0,746.0,-85178.0,85178.0,27832.0,0.0,-21445.0,21445.0,0.0,6387.0,-535.0,465.0,503.0,-38.0,,70.0,5852.0,-1958.0,3894.0,0.0,0.0,0.0,3894.0,-152.0,3742.0,0.0,0.0,3742.0,3742.0,0.0,3409.0,1.1,1.1,1.1,3425.0,1.09,1.09,1.09,
07/31/2012,114282.0,113520.0,762.0,-85643.0,85643.0,28639.0,0.0,-21941.0,21941.0,0.0,6698.0,-505.0,437.0,487.0,-50.0,,68.0,6193.0,-2032.0,4161.0,0.0,0.0,0.0,4161.0,-145.0,4016.0,0.0,0.0,4016.0,4016.0,0.0,3384.0,1.19,1.19,1.19,3398.0,1.18,1.18,1.18,
10/31/2012,113800.0,113077.0,723.0,-85470.0,85470.0,28330.0,0.0,-22237.0,22237.0,0.0,6093.0,-546.0,478.0,522.0,-44.0,,68.0,5547.0,-1738.0,3809.0,-16.0,-16.0,0.0,3825.0,-190.0,3635.0,0.0,0.0,3635.0,3619.0,0.0,3364.0,1.08,1.08,1.08,3379.0,1.08,1.07,1.07,
01/31/2013,127776.0,126960.0,816.0,-96071.0,96071.0,31705.0,0.0,-23125.0,23125.0,0.0,8580.0,-477.0,410.0,465.0,-55.0,,67.0,8103.0,-2240.0,5863.0,-13.0,-13.0,0.0,5876.0,-270.0,5606.0,0.0,0.0,5606.0,5593.0,0.0,3340.0,1.68,1.68,1.68,3355.0,1.67,1.67,1.67,
04/30/2013,114070.0,113313.0,757.0,-85991.0,85991.0,28079.0,0.0,-21641.0,21641.0,0.0,6438.0,-530.0,464.0,507.0,-43.0,,66.0,5908.0,-1976.0,3932.0,-13.0,-13.0,0.0,3945.0,-161.0,3784.0,0.0,0.0,3784.0,3771.0,0.0,3301.0,1.15,1.14,1.14,3318.0,1.14,1.14,1.14,
07/31/2013,116830.0,116101.0,729.0,-87420.0,87420.0,29410.0,0.0,-22633.0,22633.0,0.0,6777.0,-552.0,552.0,589.0,-37.0,,0.0,6225.0,-2020.0,4205.0,-10.0,-10.0,0.0,4215.0,-146.0,4069.0,0.0,0.0,4069.0,4059.0,0.0,3278.0,1.25,1.24,1.24,3291.0,1.24,1.23,1.23,
10/31/2013,115688.0,114876.0,812.0,-86687.0,86687.0,29001.0,0.0,-22691.0,22691.0,0.0,6310.0,-580.0,515.0,527.0,-12.0,,65.0,5730.0,-1860.0,3870.0,-15.0,-15.0,0.0,3885.0,-147.0,3738.0,0.0,0.0,3738.0,3723.0,0.0,3257.0,1.15,1.14,1.14,3271.0,1.14,1.14,1.14,
01/31/2014,129706.0,128786.0,920.0,-97971.0,97971.0,31735.0,0.0,-24388.0,24388.0,0.0,7347.0,-554.0,489.0,516.0,-27.0,,65.0,6793.0,-2249.0,4544.0,-106.0,-106.0,0.0,4650.0,-219.0,4431.0,0.0,0.0,4431.0,4943.26,618.26,3240.0,1.37,1.34,1.525698,3254.0,1.36,1.34,1.525698,
04/30/2014,114960.0,114167.0,793.0,-86714.0,86714.0,28246.0,0.0,-22053.0,22053.0,0.0,6193.0,-568.0,507.0,531.0,-24.0,,61.0,5625.0,-1914.0,3711.0,-15.0,-15.0,0.0,3726.0,-133.0,3593.0,0.0,0.0,3593.0,3578.0,0.0,3233.0,1.11,1.1,1.1,3248.0,1.11,1.1,1.1,
07/31/2014,120125.0,119336.0,789.0,-90010.0,90010.0,30115.0,0.0,-23375.0,23375.0,0.0,6740.0,-538.0,477.0,509.0,-32.0,,61.0,6202.0,-2113.0,4089.0,-270.0,-270.0,0.0,4359.0,-266.0,4093.0,0.0,0.0,4093.0,3823.0,0.0,3230.0,1.27,1.183591,1.183591,3241.0,1.26,1.176692,1.176692,
10/31/2014,119001.0,118076.0,925.0,-89247.0,89247.0,29754.0,0.0,-23489.0,23489.0,0.0,6265.0,-656.0,541.0,561.0,-20.0,,115.0,5609.0,-1783.0,3826.0,0.0,0.0,0.0,3826.0,-115.0,3711.0,0.0,0.0,3711.0,3711.0,0.0,3229.0,1.15,1.15,1.15,3240.0,1.15,1.15,1.15,
01/31/2015,131565.0,130650.0,915.0,-99115.0,99115.0,32450.0,0.0,-24501.0,24501.0,0.0,7949.0,-586.0,523.0,560.0,-37.0,,63.0,7363.0,-2175.0,5188.0,0.0,0.0,0.0,5188.0,-222.0,4966.0,0.0,0.0,4966.0,5128.1,162.1,3230.0,1.54,1.54,1.587647,3242.0,1.53,1.53,1.58,
04/30/2015,114826.0,114002.0,824.0,-86483.0,86483.0,28343.0,0.0,-22663.0,22663.0,0.0,5680.0,-824.0,504.0,523.0,-19.0,,320.0,4856.0,-1573.0,3283.0,0.0,0.0,0.0,3283.0,58.0,3341.0,0.0,0.0,3341.0,3341.0,0.0,3231.0,1.03,1.03,1.03,3243.0,1.03,1.03,1.03,
07/31/2015,120229.0,119330.0,899.0,-90056.0,90056.0,30173.0,0.0,-24104.0,24104.0,0.0,6069.0,-543.0,499.0,523.0,-24.0,,44.0,5526.0,-1891.0,3635.0,0.0,0.0,0.0,3635.0,-160.0,3475.0,0.0,0.0,3475.0,3475.0,0.0,3221.0,1.08,1.08,1.08,3231.0,1.08,1.08,1.08,
10/31/2015,117408.0,116598.0,810.0,-87446.0,87446.0,29962.0,0.0,-24248.0,24248.0,0.0,5714.0,-552.0,488.0,509.0,-21.0,,64.0,5162.0,-1748.0,3414.0,0.0,0.0,0.0,3414.0,-110.0,3304.0,0.0,0.0,3304.0,3204.0,-100.0,3210.0,1.03,1.03,0.998131,3219.0,1.03,1.03,0.998131,
01/31/2016,129667.0,128684.0,983.0,-96999.0,96999.0,32668.0,0.0,-26026.0,26026.0,0.0,6642.0,-548.0,455.0,472.0,-17.0,,93.0,6094.0,-1346.0,4748.0,0.0,0.0,0.0,4748.0,-174.0,4574.0,0.0,0.0,4574.0,4126.7,-447.3,3186.0,1.44,1.44,1.295261,3195.0,1.43,1.43,1.29,
04/30/2016,115904.0,114986.0,918.0,-86544.0,86544.0,29360.0,0.0,-24085.0,24085.0,0.0,5275.0,-561.0,475.0,499.0,-24.0,,86.0,4714.0,-1498.0,3216.0,0.0,0.0,0.0,3216.0,-137.0,3079.0,0.0,0.0,3079.0,3079.0,0.0,3144.0,0.98,0.98,0.98,3154.0,0.98,0.98,0.98,
07/31/2016,120854.0,119405.0,1449.0,-89485.0,89485.0,31369.0,0.0,-25204.0,25204.0,0.0,6165.0,-566.0,487.0,509.0,-22.0,,79.0,5599.0,-1710.0,3889.0,0.0,0.0,0.0,3889.0,-116.0,3773.0,0.0,0.0,3773.0,3336.34,-436.66,3109.0,1.21,1.21,1.073123,3119.0,1.21,1.21,1.07,
10/31/2016,118179.0,117176.0,1003.0,-87484.0,87484.0,30695.0,0.0,-25576.0,25576.0,0.0,5119.0,-585.0,504.0,528.0,-24.0,,81.0,4534.0,-1332.0,3202.0,0.0,0.0,0.0,3202.0,-168.0,3034.0,0.0,0.0,3034.0,3034.0,0.0,3089.0,0.98,0.98,0.98,3100.0,0.98,0.98,0.98,
01/31/2017,130936.0,129750.0,1186.0,-97743.0,97743.0,33193.0,0.0,-26988.0,26988.0,0.0,6205.0,-555.0,478.0,508.0,-30.0,,77.0,5650.0,-1664.0,3986.0,0.0,0.0,0.0,3986.0,-229.0,3757.0,0.0,0.0,3757.0,4003.16,246.16,3065.0,1.23,1.23,1.306088,3077.0,1.22,1.22,1.3,
04/30/2017,117542.0,116526.0,1016.0,-87688.0,87688.0,29854.0,0.0,-24617.0,24617.0,0.0,5237.0,-563.0,471.0,506.0,-35.0,,92.0,4674.0,-1522.0,3152.0,0.0,0.0,0.0,3152.0,-113.0,3039.0,0.0,0.0,3039.0,3039.0,0.0,3035.0,1.0,1.0,1.0,3047.0,1.0,1.0,1.0,
07/31/2017,123355.0,121949.0,1406.0,-91521.0,91521.0,31834.0,0.0,-25865.0,25865.0,0.0,5969.0,-1363.0,484.0,522.0,-38.0,,879.0,4606.0,-1502.0,3104.0,0.0,0.0,0.0,3104.0,-205.0,2899.0,0.0,0.0,2899.0,3261.52,362.52,3008.0,0.96,0.96,1.084282,3021.0,0.96,0.96,1.08,
10/31/2017,123179.0,122136.0,1043.0,-91547.0,91547.0,31632.0,0.0,-26868.0,26868.0,0.0,4764.0,-1885.0,460.0,502.0,-42.0,,1425.0,2879.0,-975.0,1904.0,0.0,0.0,0.0,1904.0,-155.0,1749.0,0.0,0.0,1749.0,3007.32,1258.32,2981.0,0.59,0.59,1.008829,2996.0,0.58,0.58,1.0,
01/31/2018,136267.0,135150.0,1117.0,-102640.0,102640.0,33627.0,0.0,-29160.0,29160.0,0.0,4467.0,-1503.0,411.0,448.0,-37.0,,1092.0,2964.0,-601.0,2363.0,0.0,0.0,0.0,2363.0,-188.0,2175.0,0.0,0.0,2175.0,3961.8,1786.8,2959.0,0.74,0.74,1.338898,2978.0,0.73,0.73,1.33,
04/30/2018,122690.0,121630.0,1060.0,-91707.0,91707.0,30983.0,0.0,-25829.0,25829.0,0.0,5154.0,-2332.0,394.0,437.0,-43.0,,1938.0,2822.0,-546.0,2276.0,0.0,0.0,0.0,2276.0,-142.0,2134.0,0.0,0.0,2134.0,3380.14,1246.14,2950.0,0.72,0.72,1.14581,2967.0,0.72,0.72,1.14,
07/31/2018,128028.0,127059.0,969.0,-95571.0,95571.0,32457.0,0.0,-26707.0,26707.0,0.0,5750.0,-5352.0,409.0,460.0,-51.0,,4943.0,398.0,-1125.0,-727.0,0.0,0.0,0.0,-727.0,-134.0,-861.0,0.0,0.0,-861.0,3793.68,4654.68,2946.0,-0.29,-0.29,1.287739,2946.0,-0.29,-0.29,1.287739,
10/31/2018,124894.0,123897.0,997.0,-93116.0,93116.0,31778.0,0.0,-26792.0,26792.0,0.0,4986.0,-2410.0,442.0,501.0,-59.0,,1968.0,2576.0,-759.0,1817.0,0.0,0.0,0.0,1817.0,-107.0,1710.0,0.0,0.0,1710.0,3180.5,1470.5,2924.0,0.58,0.58,1.087722,2941.0,0.58,0.58,1.08,
01/31/2019,138793.0,137743.0,1050.0,-104907.0,104907.0,33886.0,0.0,-27819.0,27819.0,0.0,6067.0,-403.0,513.0,577.0,-64.0,,-110.0,5664.0,-1851.0,3813.0,0.0,0.0,0.0,3813.0,-126.0,3687.0,0.0,0.0,3687.0,4094.96,407.96,2896.0,1.27,1.27,1.414006,2914.0,1.27,1.27,1.41,
04/30/2019,123925.0,122949.0,976.0,-93034.0,93034.0,30891.0,0.0,-25946.0,25946.0,0.0,4945.0,212.0,540.0,588.0,-48.0,,-752.0,5157.0,-1251.0,3906.0,0.0,0.0,0.0,3906.0,-64.0,3842.0,0.0,0.0,3842.0,3264.8,-577.2,2869.0,1.34,1.34,1.137957,2886.0,1.33,1.33,1.13,
07/31/2019,130377.0,129388.0,989.0,-97923.0,97923.0,32454.0,0.0,-26871.0,26871.0,0.0,5583.0,-670.0,502.0,558.0,-56.0,,168.0,4913.0,-1233.0,3680.0,0.0,0.0,0.0,3680.0,-70.0,3610.0,0.0,0.0,3610.0,3638.69,28.69,2853.0,1.27,1.27,1.275391,2869.0,1.26,1.26,1.27,
10/31/2019,127991.0,126981.0,1010.0,-95900.0,95900.0,32091.0,0.0,-27373.0,27373.0,0.0,4718.0,-345.0,503.0,547.0,-44.0,,-158.0,4373.0,-1052.0,3321.0,0.0,0.0,0.0,3321.0,-33.0,3288.0,0.0,0.0,3288.0,3315.82,27.82,2843.0,1.16,1.16,1.16631,2861.0,1.15,1.15,1.159724,
01/31/2020,141671.0,140608.0,1063.0,-107748.0,107748.0,33923.0,0.0,-28601.0,28601.0,0.0,5322.0,351.0,528.0,569.0,-41.0,,-879.0,5673.0,-1379.0,4294.0,0.0,0.0,0.0,4294.0,-153.0,4141.0,0.0,0.0,4141.0,3956.88,-184.12,2836.0,1.46,1.46,1.395233,2855.0,1.45,1.45,1.38551,
04/30/2020,134622.0,133672.0,950.0,-102026.0,102026.0,32596.0,0.0,-27372.0,27372.0,0.0,5224.0,172.0,467.0,510.0,-43.0,,-639.0,5396.0,-1322.0,4074.0,0.0,0.0,0.0,4074.0,-84.0,3990.0,0.0,0.0,3990.0,3220.77,-769.23,2831.0,1.41,1.41,1.137679,2849.0,1.4,1.4,1.13,
07/31/2020,137742.0,136824.0,918.0,-102689.0,102689.0,35053.0,0.0,-28994.0,28994.0,0.0,6059.0,2587.0,554.0,577.0,-23.0,,-3141.0,8646.0,-2207.0,6439.0,0.0,0.0,0.0,6439.0,37.0,6476.0,0.0,0.0,6476.0,4332.31,-2143.69,2832.0,2.29,2.29,1.52977,2848.0,2.27,2.27,1.5173,
10/31/2020,132100.778,,,,,32188.99657526,,,,,5136.273,,,,,,,4532.0,,3336.333,,,,,,3336.333,,,3336.333,3331.278,,,1.191,1.191,1.18,,1.191,1.191,1.18,
01/31/2021,145643.615,,,,,33942.24447575,,,,,6056.909,,,,,,,5441.842,,3970.778,,,,,,3970.778,,,3970.778,4008.471,,,1.43,1.43,1.415,,1.43,1.43,1.415,
