Date,Revenue,Net Premiums Earned,Net Premiums Earned (NL),Other Premiums Earned (NL & L),Investment Income,Other Operating Income,Policy Charges & Fees,Other Income,Claims & Losses,Claims & Losses (NL),Claims & Losses (L),LT Charges (L),Underwriting Expense & Acq Cost,Underwriting & Acq Cost (NL),Underwriting Cost (NL),Underwriting & Acq Cost (L),Other Operating Expense,Operating Income (Loss),(Income) Loss from Affiliates,Interest Expense,Other Non-Op (Income) Loss,"Pretax Income (Loss), GAAP",Income Tax Expense (Benefit),Income (Loss) from Cont Ops,Net Extraordinary Losses (Gains),Discontinued Operations,XO & Accounting Changes,Income (Loss) Incl. MI,Minority Interest,"Net Income, GAAP",Preferred Dividends,Other Adjustments,"Net Income Avail to Common, GAAP","Net Income Avail to Common, Adj",Net Abnormal Losses (Gains),Basic Weighted Avg Shares,"Basic EPS, GAAP",Basic EPS from Cont Ops,"Basic EPS from Cont Ops, Adjusted",Diluted Weighted Avg Shares,"Diluted EPS, GAAP",Diluted EPS from Cont Ops,"Diluted EPS from Cont Ops, Adjusted",Source: Bloomberg
03/31/1990,136.604996,105.038002,,,19.860001,11.707,,,-72.788002,72.788002,0.0,0.0,-43.341999,,,,,20.475,,-2.739,0.0,17.736,-3.546,14.19,0.0,,,14.19,0.0,14.19,0.0,,14.19,14.19,,202.126639,0.070233,0.070233,,202.126639,0.070233,0.070233,0.070233,
06/30/1990,136.949005,105.295998,,,19.741,11.912,,,-76.845001,76.845001,0.0,0.0,-42.311001,,,,,17.792999,,-2.586,0.0,15.206999,-2.5,12.707,0.0,,,12.706999,0.0,12.707,0.0,,12.707,12.707,,202.519612,0.062625,0.062625,,202.519612,0.062625,0.062625,0.062625,
09/30/1990,139.436005,106.458,,,20.049,12.929,,,-79.708,79.708,0.0,0.0,-58.584,,,,,1.144,,-2.502,0.0,-1.358,2.805,1.447,0.0,,,1.447,0.0,1.447,0.0,,1.447,1.447,,203.049278,0.007023,0.007023,,203.049278,0.007023,0.007023,0.007023,
12/31/1990,125.066002,107.417999,,,5.042001,12.606,,,-75.372002,75.372002,0.0,0.0,-37.780998,,,,,11.913,,-2.488,0.0,9.425,-1.652,7.773,0.0,,,7.773,0.0,7.773,0.0,,7.773,7.773,,202.451273,0.038628,0.038628,,202.451273,0.038628,0.038628,0.038628,
03/31/1991,132.860001,101.783997,,,17.688999,13.387,,,-71.323997,71.323997,0.0,0.0,-44.271,,,,,17.264999,,-2.553,0.0,14.711999,-4.15,10.562,0.0,,,10.561999,0.0,10.562,0.0,,10.562,10.562,,202.639213,0.05209,0.05209,,202.639213,0.05209,0.05209,0.05209,
06/30/1991,137.554001,103.009003,,,21.238999,13.306,,,-76.318001,76.318001,0.0,0.0,-43.519001,,,,,17.716999,,-2.633,0.0,15.083999,-3.25,11.834,0.0,,,11.833999,0.0,11.834,0.0,,11.834,11.834,,203.527688,0.057942,0.057942,,203.527688,0.057942,0.057942,0.057942,
09/30/1991,139.653,104.266998,,,21.797,13.589,,,-75.420998,75.420998,0.0,0.0,-45.077,,,,,19.155001,,-2.716,0.0,16.439001,-3.35,13.089,0.0,,,13.089001,0.0,13.089,0.0,,13.089,13.089,,203.812449,0.064088,0.064088,,203.812449,0.064088,0.064088,0.064088,
12/31/1991,131.184006,99.072998,,,19.555,12.556,,,-70.642998,70.642998,0.0,0.0,-43.976002,,,,,16.565001,,-2.716,0.0,13.849,-2.75,11.099,0.0,,,11.099,0.0,11.099,0.0,,11.099,11.099,,203.914974,0.054431,0.054431,,203.914974,0.054431,0.054431,0.054431,
03/31/1992,142.167007,103.637001,,,24.691999,13.838,,,-73.233002,73.233002,0.0,0.0,-46.435001,,,,,22.499001,,-4.579,0.0,17.920001,-3.724,14.196,-5.902,,,20.098001,0.0,20.098,0.0,,20.098,20.098,,204.006092,0.098326,0.069355,,204.006092,0.098326,0.069355,0.069355,
06/30/1992,141.813004,104.337997,,,24.196999,13.278,,,-76.357002,76.357002,0.0,0.0,-45.264999,,,,,20.191,,-4.895,0.0,15.296,-2.904,12.392,0.0,,,12.392,0.0,12.392,0.0,,12.392,12.392,,204.199735,0.060576,0.060576,,204.199735,0.060576,0.060576,0.060576,
09/30/1992,141.692993,104.186996,,,22.914,14.592,,,-79.498001,79.498001,0.0,0.0,-46.422001,,,,,15.773,,-4.896,0.0,10.877,-1.187,9.69,0.0,,,9.69,0.0,9.69,0.0,,9.69,9.69,,204.347819,0.047407,0.047407,,204.347819,0.047407,0.047407,0.047407,
12/31/1992,141.526993,103.841003,,,23.182,14.504,,,-79.635002,79.635002,0.0,0.0,-46.568001,,,,,15.324,,-4.896,0.0,10.428,-0.226,10.202,0.0,,,10.202,0.0,10.202,0.0,,10.202,10.202,,203.869414,0.050041,0.050041,,203.869414,0.050041,0.050041,0.050041,
03/31/1993,141.110001,102.486,,,24.512,14.112,,,-71.372002,71.372002,0.0,0.0,-48.557999,,,,,21.18,,-5.143,0.0,16.037,-2.675,13.362,0.0,,,13.362,0.0,13.362,0.0,,13.362,13.362,,205.327396,0.064966,0.064966,,205.327396,0.064966,0.064966,0.064966,
06/30/1993,148.294006,108.602997,,,26.211001,13.48,,,-80.200996,80.200996,0.0,0.0,-47.793999,,,,,20.299,,-5.718,0.0,14.581,-2.084,12.497,0.0,,,12.497,0.0,12.497,0.0,,12.497,12.497,,205.407151,0.060576,0.060576,,205.407151,0.060576,0.060576,0.060576,
09/30/1993,176.688004,127.351997,,,34.688,14.648,,,-94.579002,94.579002,0.0,0.0,-59.363998,,,,,22.745001,,-7.332,0.0,15.413001,-2.648,12.765,0.0,,,12.765001,0.0,12.765,0.0,,12.765,12.765,,205.680507,0.062332,0.062332,,205.680507,0.062332,0.062332,0.062332,
12/31/1993,115.737999,81.852997,,,20.548,13.337,,,-55.054001,55.054001,0.0,0.0,-41.431,,,,,19.253,,-4.107,0.0,15.146,-2.183,12.963,0.0,,,12.963,0.0,12.963,0.0,,12.963,12.963,,202.263328,0.064088,0.064088,,202.263328,0.064088,0.064088,0.064088,
03/31/1994,186.326004,145.348007,,,26.839,14.139,,,-114.856003,114.856003,0.0,0.0,-63.646,,,,,7.824,,-6.877,0.0,0.947,3.195,4.142,0.0,,,4.142,2.118,6.26,-2.059,,4.201,4.201,,196.921126,0.02107,0.02107,,196.921126,0.02107,0.02107,0.02107,
06/30/1994,215.207993,170.981995,,,27.213001,17.013,,,-124.779999,124.779999,0.0,0.0,-70.939003,,,,,19.489,,-6.922,0.0,12.567,-1.345,11.222,0.0,,,11.222,-0.108,11.114,-2.765,,8.349,8.349,,197.422321,0.04214,0.04214,,197.422321,0.04214,0.04214,0.04214,
09/30/1994,211.190002,165.100998,,,25.638001,20.451,,,-126.958,126.958,0.0,0.0,-74.535004,,,,,9.697,,-6.918,0.0,2.778999,1.864,4.643,0.0,,,4.642999,1.493,6.136,-2.766,,3.37,3.37,,197.46788,0.01668,0.01668,,197.46788,0.01668,0.01668,0.01668,
12/31/1994,218.065994,173.606995,,,29.823001,14.636,,,-119.555,119.555,0.0,0.0,-77.146004,,,,,21.365,,-6.884,0.0,14.481,-2.162,12.319,0.0,,,12.319,-0.735,11.584,-2.766,,8.818,8.818,,191.089114,0.046529,0.046529,,191.089114,0.046529,0.046529,0.046529,
03/31/1995,228.932007,179.625,,,31.84,17.466999,,,-125.097,125.097,0.0,0.0,-78.749001,,,,,25.086,,-7.025,0.0,18.061,-3.455,14.606,0.0,,,14.606,-1.033,13.573,-2.766,,10.807,10.807,,190.78159,0.057064,0.057064,0.053553,190.78159,0.057064,0.057064,0.053553,
06/30/1995,247.442001,191.154007,,,38.338,17.950001,,,-138.632996,138.632996,0.0,0.0,-80.283997,,,,,28.525,,-7.12,0.0,21.405,-4.684,16.721001,0.0,,,16.721,-1.352,15.369,-2.765,,12.604,12.604,,189.81337,0.066722,0.066722,0.048285,189.81337,0.066722,0.066722,0.048285,
09/30/1995,260.893005,207.380997,,,35.494998,18.017,,,-151.705002,151.705002,0.0,0.0,-82.929001,,,,,26.259001,,-7.071,0.0,19.188001,-3.152,16.035999,0.0,,,16.036001,-1.242,14.794,-2.766,,12.028,12.028,,189.858926,0.06321,0.06321,0.055309,189.858926,0.06321,0.06321,0.055309,
12/31/1995,284.675995,225.175995,,,42.016,17.483999,,,-155.563004,155.563004,0.0,0.0,-98.027,,,,,31.086,,-6.993,0.0,24.093,-6.263,17.83,0.0,,,17.83,-0.684,17.146,-2.765,,14.381,14.381,,222.732291,0.064088,0.064088,0.061454,222.732291,0.064088,0.064088,0.061454,
03/31/1996,288.273987,229.139008,,,39.929999,19.205,,,-160.763,160.763,0.0,0.0,-95.392998,,,,,32.118,,-7.787,0.0,24.331,-4.809,19.521999,0.0,,,19.522,0.0,19.521999,-3.838,,15.683999,15.683999,,233.530605,0.06716,0.06716,0.066283,238.200761,0.065844,0.065844,0.064966,
06/30/1996,301.292999,243.020996,,,39.706999,18.565001,,,-164.278,164.278,0.0,0.0,-101.477997,,,,,35.536999,,-7.901,0.0,27.635999,-6.275,21.361,0.0,,,21.360999,0.0,21.361,-3.38,,17.981,17.981,,223.83716,0.080329,0.080329,0.079451,223.83716,0.080329,0.080329,0.079451,
09/30/1996,311.533997,248.578003,,,45.064002,17.892,,,-170.164001,170.164001,0.0,0.0,-101.757004,,,,,39.612999,,-7.967,0.0,31.645999,-7.554,24.091999,0.0,,,24.091999,0.0,24.091999,-3.38,,20.711999,20.711999,,227.949176,0.090864,0.090864,0.080329,227.949176,0.090864,0.090864,0.080329,
12/31/1996,324.065002,260.483002,,,47.226001,16.356001,,,-173.955002,173.955002,0.0,0.0,-110.365997,,,,,39.743999,,-8.308,0.0,31.436,-6.464,24.972,0.0,,,24.972,0.316,25.288,-3.311,,21.977,21.977,,223.541016,0.098765,0.098765,0.089547,227.88085,0.096132,0.096132,0.086914,
03/31/1997,329.821991,257.283997,,,54.171001,18.367001,,,-169.593002,169.593002,0.0,0.0,-110.013,,,,,50.216,,-12.218,0.0,37.997999,-9.795,28.202999,0.0,,,28.202999,0.341,28.544001,-2.117,,26.427001,26.427001,,223.723274,0.118519,0.118519,0.092181,227.425214,0.115885,0.115885,0.089547,
06/30/1997,335.925995,271.915985,,,45.441002,18.569,,,-181.266998,181.266998,0.0,0.0,-116.498001,,,,,38.160999,,-12.237,0.0,25.923999,-5.564,20.360001,0.0,,,20.359999,0.273,20.632999,-2.008,,18.625,18.625,,223.859952,0.083402,0.083402,0.089547,228.006143,0.081646,0.081646,0.087791,
09/30/1997,355.649994,283.923004,,,53.384,18.343,,,-189.569,189.569,0.0,0.0,-120.502998,,,,,45.577999,,-12.197,0.0,33.380999,-7.932,25.448999,0.0,,,25.448999,0.124,25.573,-1.852,,23.721,23.721,,224.144719,0.10535,0.10535,0.090864,230.234906,0.102716,0.102716,0.08823,
12/31/1997,378.911987,298.623993,,,59.777998,20.51,,,-193.994995,193.994995,0.0,0.0,-140.761993,,,,,44.154999,,-12.217,0.0,31.937999,-7.377,24.561001,0.0,,,24.560999,-0.264,24.297001,-1.851,,22.446001,22.446001,,224.402911,0.100082,0.100082,0.097449,231.571413,0.097449,0.097449,0.094815,
03/31/1998,383.274994,302.632996,,,59.811001,20.830999,,,-205.201996,205.201996,0.0,0.0,-133.179993,,,,,44.893002,,-12.173,0.0,32.720001,-7.197,25.523001,2.435,,,23.088001,0.15,23.238001,-1.887,,21.351001,21.351001,,224.661087,0.096132,0.106667,0.096132,233.545775,0.093498,0.102716,0.092181,
06/30/1998,396.910004,318.988007,,,59.473999,18.448,,,-217.578003,217.578003,0.0,0.0,-139.042999,,,,,40.289001,,-12.158,0.0,28.131001,-6.503,21.628,2.582,,,19.046002,1.115,20.160999,-1.887,,18.273999,18.273999,,216.186468,0.08428,0.096132,0.075062,225.792557,0.080329,0.092181,0.072428,
09/30/1998,394.424988,330.552002,,,45.606001,18.267,,,-229.526001,229.526001,0.0,0.0,-141.561005,,,,,23.337999,,-11.96,0.0,11.377999,0.482,11.86,0.0,,,11.859999,0.401,12.261,-1.887,,10.374,10.374,,212.807251,0.048724,0.048724,0.040823,217.728007,0.047407,0.047407,0.039506,
12/31/1998,407.907013,326.226013,,,62.929001,18.752001,,,-262.455994,262.455994,0.0,0.0,-142.371002,,,,,3.08,,-12.528,0.0,-9.448,7.753,-1.695,0.0,,,-1.695,-0.222,-1.917,-1.887,,-3.804,-3.804,,202.996128,-0.018436,-0.018436,-0.056626,206.648714,-0.018436,-0.018436,-0.056626,
03/31/1999,407.713013,341.971985,,,46.721999,19.018999,,,-242.839005,242.839005,0.0,0.0,-144.225006,,,,,20.649,,-12.805,-11.505,-3.661,5.173,1.512,3.25,,,-1.738,0.96,-0.778,-0.497,,-1.275,-1.275,,199.905475,-0.006584,0.009218,0.043457,201.257158,-0.006584,0.009218,0.043457,
06/30/1999,416.25,346.381989,,,51.466,18.402,,,-249.257996,249.257996,0.0,0.0,-152.132996,,,,,14.859,,-13.017,0.0,1.842,4.45,6.292,0.0,,,6.292,-0.668,5.624,0.0,,5.624,5.624,,197.095781,0.028971,0.028971,0.027654,198.158901,0.028971,0.028971,0.027654,
09/30/1999,427.822998,363.537994,,,44.673,19.612,,,-272.819,272.819,0.0,0.0,-151.792007,,,,,3.212,,-12.246,0.0,-9.034,8.145,-0.889,-0.735,,,-0.154,-0.467,-0.621,0.0,,-0.621,-0.621,,195.334028,-0.002634,-0.006584,0.003951,196.085816,-0.002634,-0.006584,0.003951,
12/31/1999,421.882,362.492,,,41.391,17.999,,,-320.91,320.91,0.0,0.0,-156.634,,,,,-55.662,,-12.733,0.0,0.0,27.998,-40.397,0.0,,,27.998,-0.391,-40.788,0.0,0.0,-40.788,-40.788,,194.5215,-0.209383,-0.209383,-0.197531,195.075844,-0.209383,-0.209383,-0.197531,
03/31/2000,423.324005,358.743988,,,47.396001,17.184,,,-261.759003,261.759003,0.0,0.0,-118.744003,,,,,16.208,,-12.493,-1.85,1.865,2.652,4.517,0.0,,,4.517,-0.171,4.346,0.0,0.0,4.346,4.346,,194.529098,0.022387,0.022387,0.026337,194.999913,0.022387,0.022387,0.026337,
06/30/2000,431.933014,362.106995,,,49.909,19.917,,,-265.493011,265.493011,0.0,0.0,-127.823997,,,,,18.219999,,-11.791,0.0,6.428999,0.564,6.993,0.0,,,6.992999,-0.357,6.636,0.0,,6.636,6.636,,194.559471,0.034239,0.034239,0.032922,195.888371,0.034239,0.034239,0.032922,
09/30/2000,445.957001,370.832001,,,57.605,17.52,,,-276.343994,276.343994,0.0,0.0,-150.828995,,,,,18.784,,-11.67,0.0,7.114,0.869,7.983,0.0,,,7.983,-0.891,7.092,0.0,,7.092,7.092,,193.458374,0.036872,0.036872,0.032922,195.9719,0.035556,0.035556,0.032922,
12/31/2000,480.073,399.331,399.331,0.0,63.902,16.84,,,-290.815,290.815,,,-152.173,,,,,37.085,,-11.642,0.0,25.443,-6.536,18.907,,,,18.907,-0.743,18.164,0.0,0.0,18.164,18.164,,193.914,0.093498,0.093498,0.093498,201.530531,0.089547,0.089547,0.089547,
03/31/2001,449.153015,378.934998,,,52.266,17.952,,,-271.467987,271.467987,0.0,0.0,-120.879997,,,,,25.062,,-11.45,0.0,13.612,-2.484,11.128,0.0,,,11.128,-0.862,10.266,0.0,0.0,10.266,10.266,,204.643964,0.050041,0.050041,0.050041,214.5614,0.047407,0.047407,0.047407,
06/30/2001,490.997009,418.059998,,,52.929,20.007999,,,-296.653015,296.653015,0.0,0.0,-146.740005,,,,,25.025,,-11.412,0.0,13.613,-3.074,10.539,0.0,,,10.539,-0.941,9.598,0.0,0.0,9.598,9.598,,220.142811,0.043457,0.043457,0.035556,228.199786,0.04214,0.04214,0.034239,
09/30/2001,500.071991,425.394989,,,54.186998,20.49,,,-391.47699,391.47699,0.0,0.0,-146.335999,,,,,-62.269001,,-11.57,0.0,-73.839001,27.117001,-46.722,0.0,,,-46.722,-0.524,-47.245998,0.0,0.0,-47.245998,-47.245998,,220.590842,-0.213333,-0.213333,-0.055309,228.214965,-0.213333,-0.213333,-0.055309,
12/31/2001,501.575,458.079,,,24.145,19.351,,,-420.902,420.902,0.0,0.0,-167.486,,,,,-90.297,,-11.287,-3.196,-104.78,35.102,-69.678,0.0,,,-69.678,5.514,-64.164,0.0,0.0,-64.164,-64.164,,239.332219,-0.268642,-0.268642,-0.064527,251.429062,-0.268642,-0.268642,-0.064527,
03/31/2002,547.886,478.466,,,49.115,20.305,,,-310.601,310.601,0.0,0.0,-175.443,,,,,61.842,,-11.135,0.0,50.707,-16.222,34.485,0.0,,,34.485,-0.089,34.396,,,34.396,34.396,,379.034438,0.090864,0.090864,0.090864,394.700344,0.086914,0.086914,0.086914,
06/30/2002,569.935,512.688,,,36.115,21.132,,,-336.515,336.515,0.0,0.0,-184.883,,,,,48.537,,-11.33,0.0,37.207,-15.563,21.644,0.0,,,21.644,5.73,27.374,0.0,0.0,27.374,27.374,,380.636719,0.072428,0.072428,0.072428,397.904906,0.068477,0.068477,0.068477,
09/30/2002,641.055,568.471,,,49.928,22.656,,,-368.763,368.763,0.0,0.0,-175.6575,,,,,72.11046,,-11.593,-0.984,59.53346,-19.47,40.06346,0.0,,,40.06346,0.481,40.54446,0.0,0.0,40.54446,40.54446,,254.11725,0.16,0.16,0.165926,263.199375,0.154074,0.154074,0.16,
12/31/2002,818.192,702.902,,,90.771,24.519,,,-448.092,448.092,0.0,0.0,-213.173,,,,,123.403,,-11.417,0.0,0.0,-32.884,79.102,0.0,,,-32.884,-6.371,72.731,0.0,0.0,72.731,72.731,,269.694563,0.270617,0.270617,0.199506,278.751375,0.260741,0.260741,0.18963,
03/31/2003,792.651,700.126,700.126,0.0,66.364,26.161,,,-443.886,443.886,0.0,0.0,-198.835,,,,,117.912,,-12.095,-1.238,105.817,-32.986,71.593,0.0,,,72.831,0.11,71.703,0.0,0.0,71.703,71.703,,279.698063,0.25679,0.25679,0.22716,290.223,0.246914,0.246914,0.217284,
06/30/2003,926.957,806.468,,,94.138,26.351,,,-514.157,514.157,0.0,0.0,-258.16,,,,,154.64,,-13.273,0.0,141.367,-44.23,97.137,0.0,,,97.137,-1.297,95.84,0.0,0.0,95.84,95.84,,280.173937,0.341728,0.341728,0.341728,293.802187,0.325926,0.325926,0.325926,
09/30/2003,916.342,835.58,835.58,0.0,55.061,25.701,,,-533.201,533.201,0.0,0.0,-233.127,,,,,121.86,,-13.825,0.04,108.035,-30.744,77.331,0.0,,,77.291,-0.862,76.469,0.0,0.0,76.469,76.469,,280.742625,0.272593,0.272593,0.263704,296.740125,0.257778,0.257778,0.248889,
12/31/2003,995.041,892.436,,,77.068,25.537,,,-558.933,558.933,0.0,0.0,-213.292,,,,,150.508,,-15.54,0.315,0.0,-42.666,92.617,0.0,,,-42.666,0.591,93.208,0.0,0.0,93.208,93.208,,281.532375,0.331852,0.331852,0.284444,294.87375,0.317037,0.317037,0.26963,
03/31/2004,1078.7,951.532,951.532,0.0,98.392,28.777,,,-600.505,600.505,0.0,0.0,-257.865,,,,,186.418,,-15.771,0.004,170.647,-54.026,116.625,0.727,,,115.894,-0.47,115.428,0.0,0.0,115.428,115.428,,282.39975,0.408889,0.411852,0.340741,295.612875,0.391111,0.394074,0.328889,
06/30/2004,1110.75,1004.38,,,78.658,27.713,,,-626.578,626.578,0.0,0.0,-275.301,,,,,173.7,,-15.754,0.0,157.946,-48.166,109.78,0.0,,,109.78,-0.296,109.484,0.0,0.0,109.484,109.484,,283.145625,0.388148,0.388148,0.364444,296.595,0.37037,0.37037,0.34963,
09/30/2004,1139.54,1034.08,1034.08,0.0,76.503,28.942,,,-674.534,674.534,0.0,0.0,-276.099,,,,,155.61,,-16.707,0.0,138.903,-40.645,98.258,0.0,,,98.258,-1.186,97.072,0.0,0.0,97.072,97.072,,283.766625,0.340741,0.340741,0.328889,297.58725,0.325926,0.325926,0.314074,
12/31/2004,1183.245,1071.1,,,86.01,26.148,,,-657.693,657.693,0.0,0.0,-336.343,,,,,189.208,,-18.191,-0.004,171.013,-53.398,117.615,0.0,,,117.615,-1.494,116.121,0.0,0.0,116.121,116.121,,284.14125,0.408889,0.408889,0.4,298.39725,0.388148,0.388148,0.382222,
03/31/2005,1159.988,1039.975,,,89.197,30.816,,,-641.146,641.146,,,-326.805,,,,,192.037,,-18.125,,173.912,-52.729,121.183,,,,121.183,-0.312,120.871,,,120.871,120.871,,284.7555,0.426667,0.426667,0.426667,299.528999,0.404444,0.404444,0.404444,
06/30/2005,1220.784,1091.873,,,99.748,29.163,,,-675.326,675.326,0.0,0.0,-334.6,,,,,210.858,,-19.217,0.0,191.641,-56.095,135.546,0.0,,,135.546,-1.467,134.079,0.0,0.0,134.079,134.079,,285.45075,0.471111,0.471111,0.457778,300.078,0.448889,0.448889,0.435556,
09/30/2005,1272.177,1131.172,,,115.622,25.383,,,-742.242,742.242,,,-338.962,,,,,190.973,,-23.632,,167.341,-44.54,122.801,,,,122.801,-0.283,122.518,,,122.518,122.518,,286.191,0.426667,0.426667,0.408889,300.94425,0.408889,0.408889,0.386667,
12/31/2005,1343.89,1197.915,1197.915,0.0,116.604,29.371,,,-723.088,723.088,0.0,0.0,-318.733,,,,,262.595,,-24.952,0.0,237.643,-69.157,168.486,0.0,,,168.486,-1.062,167.424,0.0,0.0,167.424,167.424,,430.155,0.386667,0.386667,0.386667,453.2625,0.368889,0.368889,0.364444,
03/31/2006,1307.534,1146.377,1146.377,0.0,134.172,26.985,,,-701.198,701.198,0.0,0.0,-310.09,,,,,250.682,,-23.469,0.0,227.213,-64.923,162.29,0.0,,,162.29,-0.588,161.702,0.0,0.0,161.702,161.702,,287.611499,0.56,0.56,0.553333,303.496499,0.533333,0.533333,0.526667,
06/30/2006,1358.346,1186.68,1186.68,0.0,144.394,27.272,,,-742.11,742.11,0.0,0.0,-313.843,,,,,257.31,,-23.272,0.0,234.038,-67.883,166.155,0.0,,,166.155,-0.703,165.452,0.0,0.0,165.452,165.452,,288.579,0.573333,0.573333,0.573333,303.675,0.546667,0.546667,0.546667,
09/30/2006,1368.508,1193.857,1193.857,0.0,147.518,27.133,,,-731.941,731.941,0.0,0.0,-324.166,,,,,268.256,,-23.293,0.0,244.963,-70.445,174.518,0.0,,,174.518,-0.21,174.308,0.0,0.0,174.308,174.308,,287.320878,0.606667,0.606667,0.6,301.9425,0.58,0.58,0.573333,
12/31/2006,1360.443,1165.708,1165.708,0.0,169.739,24.996,,,-689.249,689.249,0.0,0.0,-319.118,,,,,304.919,,-22.488,0.0,282.431,-83.147,199.284,0.0,,,199.284,-1.228,198.056,0.0,0.0,198.056,198.056,,287.6175,0.686667,0.686667,0.673333,302.3355,0.653333,0.653333,0.64,
03/31/2007,1354.217,1154.933,1154.933,0.0,172.811,26.473,,,-685.147,685.147,0.0,0.0,-325.917,,,,,288.449,,-20.7,0.194,267.943,-79.135,188.808,0.0,,,188.808,-0.382,188.426,0.0,0.0,188.426,188.426,,289.7985,0.653333,0.653333,0.633333,303.114,0.62,0.62,0.606667,
06/30/2007,1371.899,1171.64,1171.64,0.0,174.223,26.036,,,-703.669,703.669,0.0,0.0,-325.177,,,,,291.626,,-22.7,1.497,270.423,-79.376,191.047,0.0,,,191.047,-0.414,190.633,0.0,0.0,190.633,190.633,,291.5175,0.653333,0.653333,0.646667,305.883,0.62,0.62,0.613333,
09/30/2007,1366.293,1175.564,1175.564,0.0,166.602,24.127,,,-706.374,706.374,0.0,0.0,-333.414,,,,,277.389,,-22.707,3.021,257.703,-76.344,181.359,0.0,,,181.359,-0.896,180.463,0.0,0.0,180.463,180.463,,279.9015,0.646667,0.646667,0.646667,290.5785,0.62,0.62,0.62,
12/31/2007,1400.003,1161.564,1161.564,0.0,208.72,64.477,,,-684.388,684.388,0.0,0.0,-346.011,,,,,324.383,,-22.889,-39.929,261.565,-76.05,185.515,0.0,,,185.515,-1.391,184.124,0.0,0.0,184.124,184.124,,272.895,0.673333,0.673333,0.673333,283.7505,0.646667,0.646667,0.646667,
03/31/2008,1375.204,1124.309,1124.309,0.0,198.523,52.372,,,-683.041,683.041,0.0,0.0,-330.868,,,,,311.99,24.935,-22.744,-24.935,264.311,-75.706,188.605,0.0,,,188.605,-0.167,188.438,0.0,0.0,188.438,188.438,,265.0485,0.713333,0.713333,0.573333,275.706,0.686667,0.686667,0.553333,
06/30/2008,1199.139,1074.711,1074.711,0.0,71.776,52.652,,,-679.703,679.703,0.0,0.0,-323.742,,,,,143.187,26.343,-21.396,-26.343,95.448,-15.173,80.275,0.0,,,80.275,-0.018,80.257,0.0,0.0,80.257,80.257,,250.758,0.32,0.32,0.553333,260.526,0.306667,0.306667,0.52,
09/30/2008,1055.63,1055.241,1055.241,0.0,-66.628,67.017,,,-694.254,694.254,0.0,0.0,-320.184,,,,,-1.225,39.337,-20.251,-35.316,-56.792,28.964,-27.828,0.0,,,-27.828,-0.052,-27.88,0.0,0.0,-27.88,-27.88,,244.0125,-0.113333,-0.113333,0.42,244.0125,-0.113333,-0.113333,0.42,
12/31/2008,1078.835,1035.319,1035.319,0.0,-27.122,70.638,,,-631.663,631.663,0.0,0.0,-329.283,,,,,87.009,43.422,-20.232,-43.422,23.355,16.996,40.351,0.0,,,40.351,-0.025,40.326,0.0,0.0,40.326,40.326,,242.082,0.166667,0.166667,0.426667,251.7885,0.16,0.16,0.413333,
03/31/2009,963.621,979.208,979.208,0.0,-73.666,58.079,26.583,31.496,-610.445,610.445,,,-307.956,307.956,307.956,,,-34.125,,-20.224,0.0,-54.349,34.065,-20.284,0.0,0.0,0.0,-20.284,-0.062,-20.346,0.0,0.0,-20.346,42.498,62.844,241.635,-0.086667,-0.086667,0.175877,241.635,-0.086667,-0.086667,0.173411,
06/30/2009,1155.098,951.172,951.172,0.0,128.21,75.716,25.257,50.459,-597.267,597.267,,,-308.97,308.97,308.97,,,150.526,,-20.213,-5.0,125.313,-27.881,97.432,0.0,0.0,0.0,97.432,-0.045,97.387,0.0,0.0,97.387,78.596,-18.791,240.012,0.406667,0.406667,0.327467,249.339,0.393333,0.393333,0.31797,
09/30/2009,1136.309,943.14,943.14,0.0,119.455,73.714,22.039,51.675,-585.964,585.964,,,-310.618,310.618,310.618,,,142.743,,-21.599,4.631,125.775,-27.987,97.788,0.0,0.0,0.0,97.788,-0.066,97.722,0.0,0.0,97.722,92.05885,-5.66315,240.702,0.406667,0.406667,0.38246,250.104,0.393333,0.393333,0.37069,
12/31/2009,1176.15,932.329,932.329,0.0,166.601,77.22,19.366,57.854,-543.031,543.031,,,-320.919,320.919,320.919,,,214.329,,-25.953,-2.885,185.491,-51.347,134.144,0.0,0.0,0.0,134.144,0.15,134.294,0.0,0.0,134.294,122.89325,-11.40075,239.8095,0.56,0.56,0.512462,249.2895,0.54,0.54,0.494267,
03/31/2010,1153.547,930.561,930.561,0.0,149.473,73.513,21.485,52.028,-549.973,549.973,,,-325.603,325.603,325.603,,,181.606,,-26.041,5.027,160.592,-41.811,118.781,0.0,0.0,0.0,118.781,-0.171,118.61,0.0,0.0,118.61,111.49945,-7.11055,230.1675,0.513333,0.513333,0.484427,239.6565,0.493333,0.493333,0.463663,
06/30/2010,1163.068,948.128,948.128,0.0,141.265,73.675,20.39,53.285,-570.475,570.475,,,-324.599,324.599,324.599,0.0,-96.158,171.836,,-26.014,0.0,145.822,-35.598,110.224,0.0,0.0,0.0,110.224,-0.017,110.207,0.0,0.0,110.207,117.656,7.449,226.8225,0.486667,0.486667,0.518714,236.1915,0.466667,0.466667,0.498205,
09/30/2010,1176.112,967.297,967.297,0.0,124.347,84.468,22.175,62.293,-597.907,597.907,,,-325.34,325.34,325.34,,,146.109,,-26.725,1.916,121.3,-27.631,93.669,0.0,0.0,0.0,93.669,-0.05,93.619,0.0,0.0,93.619,89.0096,-4.6094,220.6185,0.426667,0.426667,0.403455,231.24,0.406667,0.406667,0.386733,
12/31/2010,1231.342,989.596,989.596,0.0,172.021,69.725,21.355,48.37,-591.512,591.512,,,-338.941,338.941,338.941,,,211.533,,-28.189,-7.753,175.591,-48.699,126.892,0.0,0.0,0.0,126.892,-0.041,126.851,0.0,0.0,126.851,109.67245,-17.17855,215.1,0.586667,0.586667,0.509867,225.0495,0.566667,0.566667,0.490335,
03/31/2011,1234.351,982.497,982.497,0.0,175.41,76.444,22.173,54.271,-607.095,607.095,,,-340.483,340.483,340.483,,,187.831,,-28.117,-0.52,159.194,-43.599,115.595,0.0,0.0,0.0,115.595,-0.005,115.59,0.0,0.0,115.59,97.138,-18.452,211.7655,0.546667,0.546667,0.458705,221.1375,0.52,0.52,0.436559,
06/30/2011,1270.949,1017.244,1017.244,0.0,171.962,81.743,25.035,56.708,-674.276,674.276,,,-355.113,355.113,355.113,,,137.169,,-28.132,-0.009,109.028,-26.908,82.12,0.0,0.0,0.0,82.12,0.064,82.184,0.0,0.0,82.184,67.85385,-14.33015,212.4555,0.386667,0.386667,0.319379,221.5155,0.373333,0.373333,0.308642,
09/30/2011,1279.731,1055.823,1055.823,0.0,135.301,88.607,22.279,66.328,-683.98,683.98,,,-363.889,363.889,363.889,,,121.514,,-28.068,2.7,96.146,-19.775,76.371,0.0,0.0,0.0,76.371,0.039,76.41,0.0,0.0,76.41,60.871,-15.539,208.224,0.366667,0.366667,0.292334,216.807,0.353333,0.353333,0.281661,
12/31/2011,1370.953,1105.303,1105.303,0.0,169.159,96.491,23.356,73.135,-693.014,693.014,,,-378.644,378.644,378.644,,,177.2,,-28.195,-0.287,148.718,-31.663,117.055,0.0,0.0,0.0,117.055,-0.028,117.027,0.0,0.0,117.027,82.47655,-34.55045,205.761,0.566667,0.566667,0.400837,214.524,0.546667,0.546667,0.38561,
03/31/2012,1378.705,1099.651,1099.651,0.0,205.11,73.944,23.877,50.067,-679.472,679.472,,,-382.023,382.023,382.023,,,214.69,,-28.821,1.434,187.303,-52.071,135.232,0.0,0.0,0.0,135.232,0.086,135.318,0.0,0.0,135.318,103.3039,-32.0141,206.721,0.653333,0.653333,0.499726,215.1165,0.626667,0.626667,0.477845,
06/30/2012,1415.747,1147.357,1147.357,0.0,185.536,82.854,27.036,55.818,-731.202,731.202,,,-395.92,395.92,395.92,,-107.769,180.856,,-32.417,0.0,148.439,-39.535,108.904,0.0,0.0,0.0,108.904,-0.066,108.838,0.0,0.0,108.838,124.688,15.85,207.2715,0.526667,0.526667,0.601569,215.292,0.506667,0.506667,0.580287,
09/30/2012,1420.501,1186.533,1186.533,0.0,138.245,95.723,26.208,69.515,-736.632,736.632,,,-399.677,399.677,399.677,,,164.63,,-32.512,1.575,133.693,-32.685,101.008,0.0,0.0,0.0,101.008,-0.061,100.947,0.0,0.0,100.947,100.947,-15.83475,204.8295,0.493333,0.493333,0.415527,212.4555,0.473333,0.473333,0.398801,
12/31/2012,1533.817,1239.975,1239.975,0.0,193.553,100.289,26.012,74.277,-801.173,801.173,,,-415.126,415.126,415.126,0.0,-52.473,265.045,,-32.552,0.0,232.493,-66.994,165.499,0.0,0.0,0.0,165.499,-0.01,165.489,0.0,0.0,165.489,238.45565,72.96665,203.7915,0.813333,0.813333,1.170096,212.481,0.78,0.78,1.123403,
03/31/2013,1506.769,1232.119,1232.119,0.0,155.898,118.752,26.736,92.016,-744.679,744.679,,,-422.213,422.213,422.213,,,193.281,,-31.111,-1.947,160.223,-43.625,116.598,0.0,0.0,0.0,116.598,0.017,116.615,0.0,0.0,116.615,104.90055,-11.71445,204.0375,0.573333,0.573333,0.514124,211.8345,0.553333,0.553333,0.498033,
06/30/2013,1564.253,1282.515,1282.515,0.0,176.795,104.943,27.652,77.291,-805.47,805.47,,,-433.271,433.271,433.271,,-135.599,189.913,,-31.207,0.0,158.706,-43.579,115.127,0.0,0.0,0.0,115.127,0.83,115.957,0.0,0.0,115.957,141.80585,25.84885,203.841,0.566667,0.566667,0.695669,211.911,0.546667,0.546667,0.668647,
09/30/2013,1634.124,1328.862,1328.862,0.0,169.503,135.759,26.121,109.638,-798.276,798.276,,,-449.711,449.711,449.711,,,226.965,,-30.349,1.617,198.233,-60.045,138.188,0.0,0.0,0.0,138.188,-1.214,136.974,0.0,0.0,136.974,107.40895,-29.56505,202.902,0.673333,0.673333,0.529364,211.137,0.646667,0.646667,0.506639,
12/31/2013,1581.533,1383.041,1383.041,0.0,48.493,149.999,27.004,122.995,-848.599,848.599,,,-465.933,465.933,465.933,0.0,-54.765,212.236,,-30.51,0.0,181.726,-46.338,135.388,0.0,0.0,0.0,135.388,-5.009,130.379,0.0,0.0,130.379,139.0892,8.7102,201.081,0.646667,0.646667,0.691707,209.4975,0.62,0.62,0.661577,
03/31/2014,1706.906,1363.612,1363.612,0.0,221.465,121.829,28.703,93.126,-822.095,822.095,,,-458.138,458.138,458.138,,,277.581,,-30.33,0.334,247.585,-77.901,169.684,0.0,0.0,0.0,169.684,-0.011,169.673,0.0,0.0,169.673,135.1659,-34.5071,194.8095,0.873333,0.873333,0.693836,203.1435,0.833333,0.833333,0.666667,
06/30/2014,1796.989,1417.645,1417.645,0.0,247.897,131.447,26.922,104.525,-867.778,867.778,,,-470.296,470.296,470.296,,,295.758,,-30.311,-1.993,263.454,-83.277,180.177,0.0,0.0,0.0,180.177,-0.216,179.961,0.0,0.0,179.961,110.29745,-69.66355,191.502,0.94,0.94,0.57596,199.956,0.9,0.9,0.551605,
09/30/2014,1840.605,1460.804,1460.804,0.0,251.483,128.318,26.345,101.973,-887.123,887.123,,,-479.174,479.174,479.174,,,308.705,,-32.929,2.677,278.453,-89.662,188.791,0.0,0.0,0.0,188.791,-0.252,188.539,0.0,0.0,188.539,139.18095,-49.35805,190.7475,0.986667,0.986667,0.729661,199.5015,0.946667,0.946667,0.706667,
12/31/2014,1784.428,1502.357,1502.357,0.0,134.892,147.179,35.473,111.706,-913.571,913.571,,,-488.92,488.92,488.92,,,198.299,,-34.604,-0.991,162.704,-51.753,110.951,0.0,0.0,0.0,110.951,-0.24,110.711,0.0,0.0,110.711,97.91815,-12.79285,190.245,0.58,0.58,0.514695,199.3185,0.553333,0.553333,0.486667,
03/31/2015,1744.679,1472.013,1472.013,0.0,143.283,129.383,36.518,92.865,-900.708,900.708,,,-482.06,482.06,482.06,,,202.688,,-34.538,0.567,168.717,-50.273,118.444,0.0,0.0,0.0,118.444,-0.137,118.307,0.0,0.0,118.307,105.55945,-12.74755,188.9535,0.626667,0.626667,0.558653,198.726,0.593333,0.593333,0.533333,
06/30/2015,1789.765,1493.041,1493.041,0.0,155.14,141.584,35.942,105.642,-906.235,906.235,,,-500.234,500.234,500.234,,,214.294,,-33.031,-3.076,178.187,-55.138,123.049,0.0,0.0,0.0,123.049,-0.014,123.035,0.0,0.0,123.035,107.1224,-15.9126,185.6715,0.66,0.66,0.576946,194.982,0.633333,0.633333,0.551723,
09/30/2015,1860.957,1531.558,1531.558,0.0,187.118,142.281,35.192,107.089,-926.355,926.355,,,-508.815,508.815,508.815,,,254.818,,-31.641,5.743,228.92,-76.184,152.736,0.0,0.0,0.0,152.736,-0.129,152.607,0.0,0.0,152.607,113.83605,-38.77095,184.7445,0.826667,0.826667,0.616181,193.4205,0.786667,0.786667,0.606667,
12/31/2015,1811.056,1543.997,1543.997,0.0,119.428,147.631,31.788,115.843,-922.972,922.972,,,-514.389,514.389,514.389,,,191.576,,-31.736,-3.634,156.206,-46.328,109.878,0.0,0.0,0.0,109.878,-0.133,109.745,0.0,0.0,109.745,117.4241,7.6791,184.9305,0.593333,0.593333,0.634963,193.524,0.566667,0.566667,0.593333,
03/31/2016,1807.211,1527.335,1527.335,0.0,137.476,142.4,40.362,102.038,-922.321,922.321,,,-505.255,505.255,505.255,0.0,-172.735,206.9,,-32.224,0.0,174.676,-54.428,120.248,0.0,0.0,0.0,120.248,-0.737,119.511,0.0,0.0,119.511,126.7072,7.1962,184.17,0.646667,0.646667,0.687991,192.7935,0.62,0.62,0.657326,
06/30/2016,1855.914,1559.793,1559.793,0.0,135.364,160.757,36.939,123.818,-964.162,964.162,,,-516.287,516.287,516.287,0.0,-182.399,193.066,,-34.752,0.0,158.314,-49.408,108.906,0.0,0.0,0.0,108.906,0.061,108.967,0.0,0.0,108.967,104.5674,-4.3996,183.924,0.593333,0.593333,0.568536,192.8625,0.566667,0.566667,0.543855,
09/30/2016,2019.727,1585.944,1585.944,0.0,321.406,112.377,32.135,80.242,-965.856,965.856,,,-523.254,523.254,523.254,,,366.465,,-37.043,2.193,331.615,-110.952,220.663,0.0,0.0,0.0,220.663,-0.013,220.65,0.0,0.0,220.65,104.99455,-115.65545,183.843,1.2,1.2,0.57111,192.834,1.146667,1.146667,0.5469,
12/31/2016,1971.333,1620.277,1620.277,0.0,236.924,114.132,29.508,84.624,-993.461,993.461,,,-544.41,544.41,544.41,,,268.356,,-36.877,0.355,231.834,-78.164,153.67,0.0,0.0,0.0,153.67,-0.88,152.79,0.0,0.0,152.79,102.11425,-50.67575,181.9695,0.84,0.84,0.561161,191.169,0.8,0.8,0.534917,
03/31/2017,1870.418,1570.042,1570.042,0.0,201.206,99.17,33.28,65.89,-979.603,979.603,,,-523.409,523.409,523.409,0.0,-146.31,221.096,,-36.799,0.0,184.297,-59.623,124.674,0.0,0.0,0.0,124.674,-1.227,123.447,0.0,0.0,123.447,161.0532,37.6062,182.8395,0.673333,0.673333,0.880845,192.6795,0.64,0.64,0.835175,
06/30/2017,1848.049,1568.703,1568.703,0.0,175.717,103.629,33.584,70.045,-964.698,964.698,,,-527.707,527.707,527.707,0.0,-157.884,197.76,,-36.799,0.0,160.961,-51.388,109.573,0.0,0.0,0.0,109.573,-0.569,109.004,0.0,0.0,109.004,139.8272,30.8232,188.001,0.58,0.58,0.743758,192.9015,0.566667,0.566667,0.726454,
09/30/2017,2031.342,1581.5,1581.5,0.0,326.438,123.404,33.612,89.792,-1081.174,1081.174,,,-516.243,516.243,516.243,,-170.991,262.934,,-36.821,0.0,226.113,-63.295,162.818,0.0,0.0,0.0,162.818,-0.764,162.054,0.0,0.0,162.054,43.637,-118.417,188.727,0.86,0.86,0.231217,193.416,0.84,0.84,0.22776,
12/31/2017,1934.956,1591.175,1591.175,0.0,208.284,135.497,34.254,101.243,-976.872,976.872,,,-533.665,533.665,533.665,,-186.14,238.279,,-36.879,0.0,201.4,-45.128,156.272,0.0,0.0,0.0,156.272,-1.683,154.589,0.0,0.0,154.589,95.8331,-58.7559,189.4035,0.813333,0.813333,0.505973,192.3315,0.806667,0.806667,0.501174,
03/31/2018,1891.247,1567.408,1567.408,0.0,222.982,100.857,30.675,70.182,-963.219,963.219,,,-520.231,520.231,520.231,,-159.751,248.046,,-37.056,0.0,210.99,-43.417,167.573,0.0,0.0,0.0,167.573,-1.177,166.396,0.0,0.0,166.396,138.7618,-27.6342,189.5625,0.88,0.88,0.732011,192.1875,0.866667,0.866667,0.722879,
06/30/2018,1910.916,1581.053,1581.053,0.0,223.408,106.455,29.719,76.736,-973.636,973.636,,,-526.862,526.862,526.862,0.0,-141.471,268.947,,-39.705,0.0,229.242,-48.464,180.778,0.0,0.0,0.0,180.778,-0.703,180.075,0.0,0.0,180.075,110.64822,-69.42678,189.7755,0.946667,0.946667,0.583048,192.5085,0.933333,0.933333,0.572691,
09/30/2018,1937.902,1603.485,1603.485,0.0,208.458,125.959,30.782,95.177,-1017.72,1017.72,,,-519.38,519.38,519.38,,-151.731,249.071,,-39.848,0.0,209.223,-44.78,164.443,0.0,0.0,0.0,164.443,-2.523,161.92,0.0,0.0,161.92,130.63521,-31.28479,190.2405,0.853333,0.853333,0.686685,192.8415,0.84,0.84,0.677769,
12/31/2018,1951.586,1619.559,1619.559,0.0,179.562,152.465,26.582,125.883,-1020.126,1020.126,,,-532.408,532.408,532.408,,-195.836,203.216,,-40.577,0.0,162.639,-26.367,136.272,0.0,0.0,0.0,136.272,-3.915,132.357,0.0,0.0,132.357,91.78159,-40.57541,190.6005,0.693333,0.693333,0.481539,192.6105,0.686667,0.686667,0.476006,
03/31/2019,1937.022,1592.856,1592.856,0.0,226.907,117.259,25.312,91.947,-988.65,988.65,,,-513.791,513.791,513.791,,-164.421,270.16,,-40.721,0.0,229.439,-47.825,181.614,0.0,0.0,0.0,181.614,-0.892,180.722,0.0,0.0,180.722,120.98457,-59.73743,190.4,0.95,0.95,0.635423,192.669,0.94,0.94,0.629948,
06/30/2019,2023.384,1646.841,1646.841,0.0,261.907,114.636,22.446,92.19,-1028.83,1028.83,,,-518.16,518.16,518.16,,-161.94,314.454,,-40.718,0.0,273.736,-56.309,217.427,0.0,0.0,0.0,217.427,-0.718,216.709,0.0,0.0,216.709,158.95684,-57.75216,190.512,1.14,1.14,0.834367,193.059,1.12,1.12,0.820857,
09/30/2019,1965.716,1676.81,1676.81,0.0,163.157,125.749,23.681,102.068,-1041.471,1041.471,,,-528.399,528.399,528.399,,-154.389,241.457,,-38.475,0.0,202.982,-37.831,165.151,0.0,0.0,0.0,165.151,0.057,165.208,0.0,0.0,165.208,146.20455,-19.00345,190.862,0.87,0.87,0.766022,193.589,0.85,0.85,0.751836,
12/31/2019,1976.074,1716.781,1716.781,0.0,114.346,144.947,21.24,123.707,-1072.166,1072.166,,,-529.951,529.951,529.951,0.0,-193.697,180.26,,-33.496,0.0,146.764,-26.97,119.794,0.0,0.0,0.0,119.794,-0.488,119.306,0.0,0.0,119.306,136.17803,16.87203,191.106,0.62,0.62,0.712579,193.28,0.62,0.62,0.707293,
03/31/2020,1810.61,1691.418,1691.418,0.0,-2.411,121.603,25.751,95.852,-1107.253,1107.253,,,-531.924,531.924,531.924,,-141.167,30.266,,-36.734,0.0,-6.468,2.942,-3.526,0.0,0.0,0.0,-3.526,-0.892,-4.418,0.0,0.0,-4.418,91.75976,96.17776,190.287,-0.02,-0.02,0.482218,190.287,-0.02,-0.02,0.482218,
06/30/2020,1936.026,1676.915,1676.915,0.0,163.316,95.795,19.87,75.925,-1135.126,1135.126,,,-519.234,519.234,519.234,,-137.844,143.822,,-38.373,0.0,105.449,-33.793,71.656,0.0,0.0,0.0,71.656,-0.396,71.26,0.0,0.0,71.26,16.72235,-54.53765,185.979,0.38,0.38,0.089915,187.862,0.38,0.38,0.06,
09/30/2020,2049.0,,,,,,,,,,,,,,,,,144.0,,,,212.0,,152.25,,,,,,152.25,,,152.25,147.667,,,0.868,0.868,0.759,,0.868,0.868,0.759,
12/31/2020,2054.833,,,,,,,,,,,,,,,,,137.0,,,,178.0,,146.75,,,,,,146.75,,,146.75,141.667,,,0.824,0.824,0.714,,0.824,0.824,0.714,
