Date,Revenue,Sales & Services Revenue,Cost of Revenue,Cost of Goods & Services,Gross Profit,Other Operating Income,Operating Expenses,"Selling, General & Admin",Selling & Marketing,General & Administrative,Research & Development,Depreciation & Amortization,Other Operating Expense,Operating Income (Loss),Non-Operating (Income) Loss,"Interest Expense, Net",Interest Expense,Interest Income,Foreign Exch (Gain) Loss,(Income) Loss from Affiliates,Other Non-Op (Income) Loss,Pretax Income,Income Tax Expense (Benefit),Income (Loss) from Cont Ops,Net Extraordinary Losses (Gains),Discontinued Operations,XO & Accounting Changes,Income (Loss) Incl. MI,Minority Interest,"Net Income, GAAP",Preferred Dividends,Other Adjustments,"Net Income Avail to Common, GAAP","Net Income Avail to Common, Adj",Net Abnormal Losses (Gains),Basic Weighted Avg Shares,"Basic EPS, GAAP",Basic EPS from Cont Ops,"Basic EPS from Cont Ops, Adjusted",Diluted Weighted Avg Shares,"Diluted EPS, GAAP",Diluted EPS from Cont Ops,"Diluted EPS from Cont Ops, Adjusted",Source: Bloomberg
04/01/1990,2282.50293,,-1751.088013,,531.414917,,-250.968994,,,,,,,280.446014,-80.288004,,110.063004,,0.0,,-29.775,200.15801,-70.099998,130.057999,0.0,,,130.058012,0.0,130.057999,,,130.057999,130.057999,,500.30244,0.249651,0.249651,,500.30244,0.249651,0.249651,0.249651,
07/01/1990,2392.417969,,-1873.646973,,518.770996,,-255.25,,,,,,,263.520996,-87.864998,,101.837997,,0.0,,-13.973,175.655998,-61.400002,114.255997,0.0,,,114.255997,0.0,114.255997,,,114.255997,114.255997,,500.322014,0.221003,0.221003,,500.322014,0.221003,0.221003,0.221003,
09/30/1990,2263.508057,,-1787.145996,,476.362061,,-244.764999,,,,,,,231.597,-96.130998,,105.018997,,0.0,,-8.888,135.466002,-44.900002,90.566002,0.0,,,90.566001,0.0,90.566002,,,90.566002,90.566002,,499.491227,0.171891,0.171891,,499.491227,0.171891,0.171891,0.171891,
12/30/1990,2085.885986,,-1639.249023,,446.636963,,-219.266998,,,,,,,227.369995,-138.852005,,106.161003,,0.0,,32.691002,88.51799,-29.700001,58.818001,0.0,,,58.817989,0.0,58.818001,-13.115,,45.703001,45.703001,,492.412667,0.122779,0.122779,0.122779,492.412667,0.122779,0.122779,0.122779,
03/31/1991,2062.665039,,-1653.405029,,409.26001,,-235.455002,,,,,,,173.804993,-98.901999,,103.349998,,0.0,,-4.448,74.902994,-22.5,52.403,0.0,,,52.402994,0.0,52.403,0.0,,52.403,52.403,,491.471968,0.106409,0.106409,,491.471968,0.106409,0.106409,0.106409,
06/30/1991,2296.621094,,-1867.892944,,428.728149,,-241.647003,,,,,,,187.080994,-87.653001,,98.873001,,0.0,,-11.22,99.427993,-29.799999,69.627998,0.0,,,69.627994,0.0,69.627998,0.0,,69.627998,69.627998,,491.77251,0.143243,0.143243,,491.77251,0.143243,0.143243,0.143243,
09/29/1991,2213.448975,,-1820.464966,,392.984009,,-241.014008,,,,,,,151.970001,-91.666002,,96.247002,,0.0,,-4.581,60.303999,-9.9,50.403999,0.0,,,50.404,0.0,50.403999,0.0,,50.403999,50.403999,,492.151235,0.102316,0.102316,,492.151235,0.102316,0.102316,0.102316,
12/29/1991,2128.863037,,-1748.400024,,380.463013,,-272.921997,,,,,,,107.541,-520.024002,,92.903,,0.0,,427.121002,-412.483002,139.100006,-273.382996,61.0,,,-334.382996,0.0,-334.382996,0.0,,-334.382996,-334.382996,,493.7822,-0.679379,-0.5566,-0.5566,493.7822,-0.679379,-0.5566,-0.5566,
03/29/1992,2204.904053,,-1741.029053,,463.875,,-247.391006,,,,,,,216.483994,-83.190997,,88.921997,,0.0,,-5.731,133.292996,-46.700001,86.593002,0.0,,,86.592996,0.0,86.593002,0.0,,86.593002,86.593002,,495.21284,0.175984,0.175984,,495.21284,0.175984,0.175984,0.175984,
06/28/1992,2352.355957,,-1856.040039,,496.315918,,-269.304993,,,,,,,227.011002,-84.106999,,81.139999,,0.0,,2.967,142.904002,-50.0,92.903999,0.0,,,92.904002,0.0,92.903999,0.0,,92.903999,92.903999,,495.928756,0.184169,0.184169,,495.928756,0.184169,0.184169,0.184169,
09/27/1992,2349.106934,,-1878.724976,,470.381958,,-256.247986,,,,,,,214.134003,-49.217003,,74.675003,,0.0,,-25.458,164.917,-57.700001,107.217003,0.0,,,107.216999,0.0,107.217003,0.0,,107.217003,107.217003,,496.410086,0.21691,0.21691,,496.410086,0.21691,0.21691,0.21691,
12/27/1992,2360.102051,,-1869.634033,,490.468018,,-303.707001,,,,,,,186.761002,-64.525999,,80.181999,,0.0,,-15.656,122.235003,-36.900002,85.334999,0.0,,,85.335001,0.0,85.334999,0.0,,85.334999,85.334999,,495.938524,0.171891,0.171891,0.171891,495.938524,0.171891,0.171891,0.171891,
03/28/1993,2341.016113,,-1799.828979,,541.187134,,-260.717987,,,,,,,280.468994,-15.890003,,75.577003,,0.0,,-59.687,264.578991,-87.167999,177.410995,-52.051998,,,229.46299,0.0,229.462997,0.0,,229.462997,229.462997,,499.808882,0.458376,0.35606,,499.808882,0.458376,0.35606,0.35606,
06/27/1993,2387.504883,,-1859.337036,,528.167847,,-235.998001,,,,,,,292.170013,-19.833996,,70.116997,,0.0,,-50.283001,272.336018,-90.800003,181.535995,0.0,,,181.536015,0.0,181.535995,0.0,,181.535995,181.535995,,500.224555,0.364245,0.364245,,500.224555,0.364245,0.364245,0.364245,
09/26/1993,2224.927979,,-1797.395996,,427.531982,,-244.182999,,,,,,,183.348999,-53.331001,,69.899002,,0.0,,-16.568001,130.017998,-63.400002,66.617996,0.0,,,66.617996,0.0,66.617996,0.0,,66.617996,66.617996,,500.427079,0.130965,0.130965,,500.427079,0.130965,0.130965,0.130965,
12/31/1993,2591.343018,,-2074.281982,,517.061036,,-291.503998,,,,,,,225.557007,-84.036998,,71.349998,,0.0,,12.687,141.520009,-39.799999,101.720001,0.0,,,101.72001,0.0,101.720001,0.0,,101.720001,101.720001,,501.824687,0.204632,0.204632,0.204632,501.824687,0.204632,0.204632,0.204632,
03/27/1994,2385.763916,,-1853.406982,,532.356934,,-251.216995,,,,,,,281.140015,-77.079002,,67.690002,,0.0,,9.389,204.061012,-77.5,126.560997,0.0,,,126.561012,0.0,126.560997,0.0,,126.560997,126.560997,,501.949288,0.253744,0.253744,,501.949288,0.253744,0.253744,0.253744,
06/26/1994,2598.436035,,-2074.134033,,524.302002,,-242.720001,,,,,,,281.582001,-80.222998,,68.601997,,0.0,,11.621,201.359003,-72.5,128.858994,0.0,,,128.859003,0.0,128.858994,0.0,,128.858994,128.858994,,502.098347,0.253744,0.253744,,502.098347,0.253744,0.253744,0.253744,
09/25/1994,2680.663086,,-2135.446045,,545.217041,,-250.912003,,,,,,,294.304993,-69.999003,,69.731003,,0.0,,0.268,224.30599,-79.900002,144.406006,0.0,,,144.405988,0.0,144.406006,0.0,,144.406006,144.406006,,502.174107,0.290578,0.290578,,502.174107,0.290578,0.290578,0.290578,
12/31/1994,2733.0,,-2111.0,,622.0,,-259.0,,,,,,,363.0,-73.0,,71.0,,0.0,,2.0,290.0,-101.0,189.0,0.0,,,189.0,0.0,189.0,0.0,,189.0,189.0,,502.364699,0.372431,0.372431,0.372431,502.364699,0.372431,0.372431,0.372431,
03/26/1995,2686.0,,-2011.0,,675.0,,-256.0,,,,,,,419.0,-91.0,,73.0,,0.0,,18.0,328.0,-121.0,207.0,0.0,,,207.0,0.0,207.0,0.0,,207.0,207.0,,502.433115,0.409264,0.409264,,502.433115,0.409264,0.409264,0.409264,
06/25/1995,3009.0,,-2272.0,,737.0,,-265.0,,,,,,,472.0,-86.0,,76.0,,0.0,,10.0,386.0,-140.0,246.0,0.0,,,246.0,0.0,246.0,0.0,,246.0,246.0,,501.492379,0.49521,0.49521,,501.492379,0.49521,0.49521,0.49521,
09/24/1995,3037.0,,-2231.0,,806.0,,-269.0,,,,,,,537.0,-388.0,,85.0,,0.0,,303.0,149.0,-54.0,95.0,0.0,,,95.0,0.0,95.0,0.0,,95.0,95.0,,499.696473,0.192354,0.192354,,499.696473,0.192354,0.192354,0.192354,
12/31/1995,3056.0,,-2263.0,,793.0,,-328.0,,,,,,,465.0,-84.0,,81.0,,0.0,,3.0,381.0,-130.0,251.0,0.0,,,251.0,0.0,251.0,0.0,,251.0,251.0,,497.294599,0.511581,0.511581,0.511581,497.294599,0.511581,0.511581,0.511581,
03/31/1996,2605.0,,-2045.0,,560.0,,-273.0,,,,,,,287.0,-65.0,,75.0,,0.0,,-10.0,222.0,-80.0,142.0,0.0,,,142.0,0.0,142.0,0.0,,142.0,142.0,,484.271266,0.29467,0.29467,0.29467,484.271266,0.290578,0.290578,0.290578,
06/30/1996,2886.0,,-2354.0,,532.0,,-270.0,,,,,,,262.0,-101.0,,83.0,,0.0,,18.0,161.0,-58.0,103.0,0.0,,,103.0,0.0,103.0,0.0,,103.0,103.0,,484.559579,0.212817,0.212817,0.212817,484.559579,0.212817,0.212817,0.212817,
09/29/1996,2852.0,,-2292.0,,560.0,,-274.0,,,,,,,286.0,-99.0,,83.0,,0.0,,16.0,187.0,-67.0,120.0,0.0,,,120.0,0.0,120.0,0.0,,120.0,120.0,,484.576692,0.245559,0.245559,0.245559,484.576692,0.245559,0.245559,0.245559,
12/29/1996,2771.0,,-2246.0,,525.0,,-290.0,,,,,,,235.0,-85.0,78.0,78.0,,0.0,,7.0,150.0,-52.0,98.0,0.0,,,98.0,0.0,98.0,0.0,,98.0,98.0,,484.574231,0.204632,0.204632,0.204632,485.497854,0.204632,0.204632,0.204632,
03/30/1997,2394.0,,-2049.0,,345.0,,-202.0,,,,,,,143.0,-110.0,,65.0,,0.0,,45.0,33.0,-12.0,21.0,0.0,,,21.0,0.0,21.0,0.0,,21.0,21.0,,485.055598,0.040926,0.040926,0.090038,486.335912,0.040926,0.040926,0.090038,
06/29/1997,2680.0,,-2216.0,,464.0,,-248.0,,,,,,,216.0,-44.0,,65.0,,0.0,,-21.0,172.0,-63.0,109.0,0.0,,,109.0,0.0,109.0,0.0,,109.0,109.0,,484.916307,0.229188,0.229188,0.192354,486.182006,0.225095,0.225095,0.188262,
09/28/1997,2823.0,,-2364.0,,459.0,,-216.0,,,,,,,243.0,-63.0,,69.0,,0.0,,-6.0,180.0,-66.0,114.0,0.0,,,114.0,0.0,114.0,0.0,,114.0,114.0,,485.641992,0.233281,0.233281,0.21691,487.98768,0.233281,0.233281,0.21691,
12/28/1997,2870.0,,-2319.0,,551.0,,-295.0,,,,,,,256.0,-86.0,,98.0,,0.0,,-12.0,170.0,-62.0,108.0,10.0,,,98.0,0.0,98.0,0.0,0.0,98.0,98.0,,485.89977,0.20054,0.221003,0.221003,485.89977,0.20054,0.221003,0.221003,
03/29/1998,2603.0,,-2187.0,,416.0,,-228.0,,,,,,,188.0,-53.0,,72.0,,0.0,,-19.0,135.0,-50.0,85.0,0.0,,,85.0,0.0,85.0,0.0,,85.0,85.0,,485.619995,0.175984,0.175984,0.175984,486.902807,0.175984,0.175984,0.175984,
06/29/1998,2676.0,,-2295.0,,381.0,,-220.0,,,,,,,161.0,-52.0,,66.0,,0.0,,-14.0,109.0,-40.0,69.0,0.0,,,69.0,0.0,69.0,0.0,,69.0,69.0,,485.827701,0.13915,0.13915,0.13915,487.52585,0.13915,0.13915,0.13915,
09/27/1998,2736.0,,-2269.0,,467.0,,-242.0,,,,,,,225.0,-50.0,,65.0,,0.0,,-15.0,175.0,-65.0,110.0,0.0,,,110.0,0.0,110.0,0.0,,110.0,110.0,,485.959647,0.229188,0.229188,0.229188,486.206427,0.225095,0.225095,0.225095,
12/26/1998,2751.0,,-2344.0,,407.0,0.0,-254.0,,,,,,,153.0,-38.0,,70.0,,0.0,,-32.0,115.0,-40.0,75.0,45.0,,,30.0,0.0,30.0,0.0,0.0,30.0,30.0,,485.993856,0.06139,0.15552,0.15552,485.993856,0.06139,0.15552,0.15552,
03/28/1999,2665.0,,-2213.0,,452.0,,-244.0,,,,,,,208.0,-142.0,70.0,70.0,,0.0,,72.0,66.0,-24.0,42.0,90.0,,,-48.0,0.0,-48.0,0.0,,-48.0,-48.0,,486.629146,-0.098223,0.085946,0.208725,488.278454,-0.098223,0.085946,0.208725,
06/27/1999,3044.0,,-2470.0,,574.0,,-266.0,,,,,,,308.0,-50.0,67.0,67.0,,0.0,,-17.0,258.0,-94.0,164.0,0.0,,,164.0,0.0,164.0,0.0,,164.0,164.0,,488.373713,0.335597,0.335597,0.335597,490.878229,0.331504,0.331504,0.331504,
09/26/1999,3120.0,,-2457.0,,663.0,,-253.0,,,,,,,410.0,-37.0,63.0,63.0,,0.0,,-26.0,373.0,-136.0,237.0,0.0,,,237.0,0.0,237.0,0.0,,237.0,237.0,,489.431743,0.482932,0.482932,0.482932,491.518386,0.482932,0.482932,0.482932,
12/26/1999,3433.0,,-2815.0,,618.0,,-282.0,,,,,,,336.0,-63.0,,77.0,,0.0,,-14.0,0.0,-100.0,173.0,0.0,,,-100.0,0.0,173.0,0.0,,173.0,173.0,,541.146457,0.323319,0.323319,0.331504,541.146457,0.319226,0.319226,0.331504,
03/26/2000,3925.0,,-3137.0,,788.0,,-323.0,,,,,,,465.0,-78.0,91.0,91.0,,0.0,,-13.0,387.0,-143.0,244.0,0.0,,,244.0,0.0,244.0,0.0,0.0,244.0,244.0,,572.277912,0.425635,0.425635,0.425635,574.039629,0.425635,0.425635,0.425635,
06/25/2000,4189.0,,-3371.0,,818.0,,-327.0,,,,,,,491.0,-174.0,81.0,81.0,,0.0,,93.0,317.0,-114.0,203.0,0.0,,,203.0,0.0,203.0,0.0,0.0,203.0,203.0,,558.155016,0.364245,0.364245,0.511581,558.836744,0.364245,0.364245,0.511581,
09/24/2000,3934.0,,-3244.0,,690.0,,-308.0,,,,,,,382.0,-69.0,86.0,86.0,,0.0,,-17.0,313.0,-114.0,199.0,0.0,,,199.0,0.0,199.0,0.0,0.0,199.0,199.0,,538.759247,0.368338,0.368338,0.368338,538.878974,0.368338,0.368338,0.368338,
12/31/2000,4042.0,,-3243.0,,799.0,,-404.0,,,,,,,395.0,-89.0,93.0,93.0,,0.0,,-4.0,306.0,-112.0,194.0,0.0,,,194.0,0.0,194.0,0.0,0.0,194.0,194.0,,535.426438,0.360153,0.360153,0.360153,535.426438,0.360153,0.360153,0.360153,
04/01/2001,3553.0,,-2951.0,,602.0,,-330.0,,,,,,,272.0,-102.0,87.0,87.0,,0.0,,15.0,170.0,-63.0,107.0,0.0,,,107.0,0.0,107.0,0.0,0.0,107.0,107.0,,535.885799,0.20054,0.20054,0.257837,536.450226,0.20054,0.20054,0.257837,
07/01/2001,3842.0,,-3140.0,,702.0,,-387.0,,,,,,,315.0,-67.0,82.0,82.0,,0.0,,-15.0,248.0,-77.0,171.0,0.0,,,171.0,0.0,171.0,,,171.0,171.0,,536.572397,0.319226,0.319226,0.319226,537.742789,0.319226,0.319226,0.319226,
09/30/2001,3752.0,,-3185.0,,567.0,,-319.0,,,,,,,248.0,-126.0,,88.0,,0.0,,38.0,122.0,-31.0,91.0,0.0,,,91.0,0.0,91.0,0.0,0.0,91.0,91.0,,537.06351,0.167798,0.167798,0.180076,538.294982,0.167798,0.167798,0.180076,
12/30/2001,3398.0,,-3018.0,,380.0,,-331.0,,,,,,,49.0,-73.0,87.0,87.0,,0.0,,-14.0,-24.0,9.0,-15.0,0.0,,,-15.0,0.0,-15.0,0.0,0.0,-15.0,-15.0,,537.171032,-0.028649,-0.028649,0.008185,537.171032,-0.028649,-0.028649,0.008185,
03/31/2002,3991.0,,-3386.0,,605.0,,-373.0,,,,,,,232.0,-186.0,,174.0,,-8.0,,20.0,46.0,-16.0,30.0,0.0,,,30.0,0.0,30.0,0.0,0.0,30.0,30.0,,537.999361,0.057297,0.057297,0.106409,540.261944,0.057297,0.057297,0.106409,
06/30/2002,4922.0,,-4148.0,,774.0,,-431.0,,,,,,,343.0,-232.0,,206.0,,-27.0,,53.0,111.0,-39.0,72.0,0.0,,,72.0,0.0,72.0,0.0,0.0,72.0,72.0,,540.042047,0.130965,0.130965,0.159613,543.145148,0.130965,0.130965,0.159613,
09/29/2002,4890.0,,-4240.0,,650.0,,-414.0,,,,,,,236.0,-216.0,,198.0,,16.0,,2.0,20.0,-7.0,13.0,0.0,,,13.0,0.0,13.0,0.0,0.0,13.0,13.0,,540.606481,0.024556,0.024556,0.081853,541.515414,0.024556,0.024556,0.081853,
12/29/2002,4718.0,,-3986.0,,732.0,,-435.0,,,,,,,297.0,-103.0,193.0,193.0,,-14.0,,-76.0,194.0,-68.0,126.0,0.0,,,126.0,0.0,126.0,0.0,0.0,126.0,126.0,,540.122669,0.233281,0.233281,0.167798,540.122669,0.233281,0.233281,0.167798,
03/30/2003,4614.0,,-3973.0,,641.0,,-439.0,,,,,,,202.0,-267.0,203.0,203.0,,-35.0,,99.0,-65.0,22.0,-43.0,11.0,,,-54.0,0.0,-54.0,0.0,0.0,-54.0,-54.0,,540.689539,-0.098223,-0.07776,0.07776,540.689539,-0.098223,-0.07776,0.07776,
06/29/2003,4930.0,,-4240.0,,690.0,,-445.0,,,,,,,245.0,-7.0,199.0,199.0,,-47.0,,-145.0,238.0,-81.0,157.0,0.0,,,157.0,0.0,157.0,0.0,0.0,157.0,157.0,,540.799493,0.290578,0.290578,0.167798,541.266184,0.290578,0.290578,0.167798,
09/28/2003,5184.0,,-4327.0,,857.0,,-463.0,,,,,,,394.0,-270.0,197.0,197.0,,-4.0,,77.0,124.0,-42.0,82.0,0.0,,,82.0,0.0,82.0,0.0,0.0,82.0,82.0,,541.483647,0.151428,0.151428,0.266022,543.641176,0.151428,0.151428,0.266022,
12/28/2003,5145.0,,-4367.0,,778.0,,-474.0,,,,,,,304.0,-165.0,197.0,197.0,,-30.0,,-2.0,139.0,-47.0,92.0,0.0,,,92.0,0.0,92.0,0.0,0.0,92.0,92.0,,548.276321,0.167798,0.167798,0.192354,548.276321,0.167798,0.167798,0.192354,
03/28/2004,5037.0,,-4187.0,,850.0,,-468.0,,,,,,,382.0,-199.0,192.0,192.0,,9.0,,-2.0,183.0,-62.0,121.0,0.0,,,121.0,0.0,121.0,0.0,0.0,121.0,121.0,,546.658785,0.221003,0.221003,0.253744,549.942725,0.21691,0.21691,0.249651,
06/27/2004,5893.0,,-4635.0,,1258.0,,-468.0,,,,,,,790.0,-231.0,217.0,217.0,,7.0,,7.0,559.0,-190.0,369.0,0.0,,,369.0,0.0,369.0,0.0,0.0,369.0,369.0,,572.964516,0.642545,0.642545,0.70107,575.361499,0.642545,0.642545,0.697796,
09/26/2004,5679.0,,-4491.0,,1188.0,,-145.0,,,,,,,1043.0,-181.0,184.0,184.0,,-16.0,,13.0,862.0,-293.0,569.0,-25.0,,,594.0,0.0,594.0,0.0,0.0,594.0,594.0,,590.378684,1.006791,0.965864,-0.339689,592.890508,1.002698,0.961771,-0.339689,
12/26/2004,5886.0,,-3749.0,,2137.0,,-1347.0,,,,,,,790.0,700.0,-648.0,236.0,,-52.0,,1187.0,303.0,-104.0,199.0,0.0,,,199.0,0.0,199.0,0.0,0.0,199.0,199.0,,591.22899,0.336587,0.336587,0.336587,593.718823,0.335175,0.335175,0.19201,
03/27/2005,5404.0,,-4406.0,,998.0,,-468.0,,,,,,,530.0,-161.0,196.0,196.0,,-13.0,,-22.0,369.0,-128.0,241.0,2.0,,,239.0,0.0,239.0,0.0,0.0,239.0,239.0,,593.413397,0.401079,0.401079,0.020463,596.643582,0.401079,0.401079,0.020463,
06/26/2005,5690.0,,-4660.0,,1030.0,,-369.0,,,,,,,661.0,-145.0,177.0,177.0,,13.0,,-45.0,516.0,-225.0,291.0,-129.0,,,420.0,0.0,420.0,0.0,0.0,420.0,420.0,,597.906824,0.703935,0.491117,0.339689,600.787602,0.699842,0.487025,0.335597,
09/25/2005,5432.0,,-4571.0,,861.0,,-397.0,,,,,,,464.0,-58.0,190.0,190.0,,-37.0,,-95.0,406.0,-119.0,287.0,2.0,,,285.0,0.0,285.0,0.0,0.0,285.0,285.0,,598.656951,0.474747,0.478839,0.384709,601.542616,0.474747,0.478839,0.384709,
12/25/2005,5717.0,,-4833.0,,884.0,,-352.0,,,,,,,532.0,-922.0,117.0,117.0,,21.0,,784.0,-390.0,154.0,-236.0,-25.0,,,-211.0,0.0,-211.0,0.0,0.0,-211.0,-211.0,,599.487709,-0.351967,-0.392894,0.327412,599.487709,-0.351967,-0.392894,0.327412,
03/26/2006,4452.0,,-3666.0,,786.0,,-418.0,,,,,,,368.0,-88.0,83.0,112.0,-29.0,26.0,,-21.0,280.0,-100.0,180.0,756.0,,,-576.0,0.0,-576.0,0.0,0.0,-576.0,-576.0,,600.575026,-0.957679,0.298763,1.518371,603.448474,-0.953586,0.298763,1.518371,
06/25/2006,4867.0,,-3974.0,,893.0,0.0,-396.0,160.0,,,,,236.0,497.0,-96.0,91.0,109.0,-18.0,-21.0,-21.0,47.0,401.0,-92.0,309.0,11.0,,,298.0,0.0,298.0,0.0,0.0,298.0,298.0,,606.324365,0.491117,0.507488,0.474747,608.882613,0.487025,0.503395,0.470654,
09/24/2006,4554.0,,-3818.0,,736.0,,-384.0,,,,,,,352.0,-100.0,81.0,105.0,-24.0,,,19.0,252.0,-86.0,166.0,-58.0,,,224.0,0.0,224.0,0.0,0.0,224.0,224.0,-3.0,604.567555,0.372431,0.274207,0.290578,605.720843,0.372431,0.274207,0.290578,
12/31/2006,4798.0,,-4030.0,,768.0,,-386.0,,,,,,,382.0,229.0,80.0,109.0,-29.0,-5.0,,-304.0,611.0,-202.0,409.0,-98.0,,,507.0,0.0,507.0,0.0,0.0,507.0,507.0,,601.515738,0.867641,0.703935,0.478839,603.130831,0.867641,0.703935,0.478839,
04/01/2007,2665.0,,-2334.0,,331.0,,-342.0,113.0,,,,,229.0,-11.0,-89.0,78.0,101.0,-23.0,-7.0,,18.0,-100.0,37.0,-63.0,-783.0,,,720.0,0.0,720.0,0.0,0.0,720.0,720.0,25.0,569.905369,1.264627,-0.110501,-0.024556,569.905369,1.264627,-0.110501,-0.024556,
07/01/2007,2959.0,,-2546.0,,413.0,,-353.0,,,,,,,60.0,-140.0,123.0,149.0,-26.0,0.0,,17.0,-80.0,31.0,-49.0,-81.0,,,32.0,0.0,32.0,0.0,0.0,32.0,32.0,,531.900601,0.06139,-0.090038,0.045019,531.900601,0.06139,-0.090038,0.045019,
09/30/2007,2797.0,,-2388.0,,409.0,,-297.0,,,,,,,112.0,-128.0,80.0,102.0,-22.0,0.0,,48.0,-16.0,11.0,-5.0,-106.0,,,101.0,0.0,101.0,0.0,0.0,101.0,101.0,103.0,525.709005,0.192354,-0.008185,0.188262,525.709005,0.192354,-0.008185,0.188262,
12/30/2007,3937.0,,-2660.0,,1277.0,,-349.0,150.0,,,,,199.0,928.0,-304.0,91.0,103.0,-12.0,0.0,16.0,197.0,624.0,54.0,678.0,19.0,,,659.0,0.0,659.0,0.0,0.0,659.0,659.0,,515.888948,-0.122779,-0.085946,0.221003,515.888948,-0.122779,-0.085946,0.221003,
03/30/2008,2042.0,,-1722.0,,320.0,0.0,-477.0,272.0,,,,,205.0,-157.0,-223.0,94.0,108.0,-14.0,,5.0,124.0,-380.0,139.0,-241.0,-87.0,,,-154.0,6.0,-148.0,0.0,0.0,-148.0,-148.0,37.0,516.035553,-0.286485,-0.454284,-0.382583,516.035553,-0.286485,-0.454284,-0.382583,
06/29/2008,2174.0,,-1831.0,,343.0,40.0,-454.0,246.0,94.0,,,,208.0,-71.0,-403.0,89.0,105.0,-16.0,,-4.0,318.0,-474.0,214.0,-260.0,-111.0,,,-149.0,53.0,-96.0,0.0,0.0,-96.0,-96.0,206.7,516.199261,-0.184169,-0.401079,-0.004093,516.199261,-0.184169,-0.401079,-0.004093,
09/28/2008,2107.0,,-1782.0,,325.0,0.0,-437.0,89.0,,,,,348.0,-112.0,-309.0,84.0,115.0,-31.0,,-24.0,249.0,-421.0,221.0,-200.0,-480.0,,,280.0,,280.0,0.0,0.0,280.0,280.0,161.85,516.253016,0.544322,-0.384709,-0.071199,516.253016,0.544322,-0.384709,-0.071199,
12/31/2008,1777.0,,-1658.0,,119.0,0.0,-1658.0,189.0,88.0,,,,0.0,-1539.0,10.0,119.0,139.0,-20.0,,-12.0,0.0,-1529.0,326.0,-1203.0,11.0,11.0,,-1214.0,2.0,-1212.0,0.0,0.0,-1212.0,-1212.0,-76.05,516.265233,-2.345085,-2.324622,-2.471957,516.265233,-2.345085,-2.324622,-2.471957,
03/31/2009,1275.0,1275.0,-1129.0,1129.0,146.0,0.0,-476.0,189.0,65.0,124.0,13.0,126.0,148.0,-330.0,-112.0,91.0,106.0,-15.0,,-5.0,26.0,-442.0,176.0,-266.0,0.0,0.0,0.0,-266.0,2.0,-264.0,0.0,0.0,-264.0,-143.35,120.65,516.287224,-0.511581,-0.511581,-0.277656,516.287224,-0.511581,-0.511581,-0.277893,
06/30/2009,1391.0,1391.0,-1214.0,1214.0,177.0,184.0,-423.0,153.0,53.0,100.0,15.0,129.0,126.0,-62.0,-86.0,91.0,105.0,-14.0,,-11.0,6.0,-148.0,32.0,-116.0,0.0,0.0,0.0,-116.0,10.0,-106.0,,0.0,-106.0,-57.04492,48.95508,516.428941,-0.204632,-0.204632,-0.11046,516.428941,-0.204632,-0.204632,-0.11046,
09/30/2009,1407.0,1407.0,-1137.0,1137.0,270.0,306.0,-453.0,147.0,52.0,95.0,10.0,134.0,162.0,123.0,-93.0,90.0,108.0,-18.0,,3.0,0.0,30.0,-35.0,-5.0,0.0,0.0,0.0,-5.0,5.0,0.0,0.0,0.0,0.0,-38.35,-38.35,516.431385,0.0,0.0,-0.07426,516.431385,0.0,0.0,-0.07426,
12/31/2009,1455.0,1455.0,-1321.0,1321.0,134.0,127.0,-439.0,168.0,,,13.0,,258.0,-178.0,-104.0,129.0,143.0,-14.0,,,-25.0,-282.0,101.0,-181.0,0.0,0.0,0.0,-181.0,6.0,-175.0,0.0,0.0,-175.0,-139.75,35.25,516.433828,-0.339689,-0.339689,-0.270606,516.433828,-0.339689,-0.339689,-0.271433,
03/31/2010,1419.0,1419.0,-1232.0,1232.0,187.0,60.0,-173.0,163.0,,,8.0,,2.0,74.0,-54.0,64.0,106.0,-42.0,-10.0,-30.0,30.0,20.0,-38.0,-18.0,0.0,0.0,0.0,-18.0,-2.0,-20.0,0.0,0.0,-20.0,-48.6,-28.6,516.634188,-0.040926,-0.040926,-0.09407,516.634188,-0.040926,-0.040926,-0.096285,
06/30/2010,1641.0,1641.0,-1314.0,1314.0,327.0,2.0,-174.0,162.0,,,8.0,,4.0,155.0,-143.0,143.0,155.0,-12.0,,,0.0,12.0,-4.0,8.0,-6.0,-6.0,0.0,14.0,,14.0,0.0,0.0,14.0,42.95,34.95,517.025133,0.028649,0.016371,0.083071,518.254167,0.028649,0.016371,0.083071,
09/30/2010,1514.0,1514.0,-1193.0,1193.0,321.0,0.0,-165.0,161.0,,,8.0,,-4.0,156.0,-72.0,76.0,95.0,-19.0,-4.0,,0.0,84.0,1028.0,1112.0,-4.0,-4.0,0.0,1116.0,,1116.0,0.0,0.0,1116.0,74.2,-1037.8,317.369,3.52,3.51,0.233797,318.36,3.5,3.49,0.230168,
12/31/2010,1664.0,1664.0,-1362.0,1362.0,302.0,66.0,-315.0,178.0,,,10.0,,127.0,53.0,-89.0,86.0,96.0,-10.0,,,3.0,-36.0,207.0,171.0,0.0,0.0,0.0,171.0,,171.0,0.0,0.0,171.0,217.8,46.8,535.956,0.32,0.32,0.406377,538.376,0.32,0.32,0.406377,
03/31/2011,1422.0,1422.0,-1177.0,1177.0,245.0,167.0,-183.0,172.0,,,7.0,,4.0,229.0,-75.0,82.0,93.0,-11.0,-7.0,,0.0,154.0,-56.0,98.0,-1.0,-1.0,0.0,99.0,,99.0,0.0,0.0,99.0,3.31432,-94.68568,537.14,0.18,0.18,0.00617,540.476,0.18,0.18,0.004811,
06/30/2011,1610.0,1610.0,-1343.0,1343.0,267.0,18.0,-159.0,145.0,,,7.0,,7.0,126.0,-107.0,108.0,117.0,-9.0,-1.0,,0.0,19.0,4.0,23.0,13.0,13.0,0.0,10.0,,10.0,0.0,0.0,10.0,47.6,24.6,538.599,0.02,0.04,0.088377,541.095,0.02,0.04,0.085463,
09/30/2011,1569.0,1569.0,-1283.0,1283.0,286.0,0.0,-168.0,135.0,,,7.0,,26.0,118.0,-89.0,71.0,86.0,-15.0,18.0,,0.0,29.0,104.0,133.0,-24.0,-24.0,0.0,157.0,,157.0,0.0,0.0,157.0,157.05,24.05,537.969,0.29,0.25,0.291931,539.827,0.29,0.25,0.291931,
12/31/2011,1615.0,1615.0,-1317.0,1317.0,298.0,0.0,-167.0,149.0,,,9.0,,9.0,131.0,-76.0,76.0,88.0,-12.0,,,0.0,55.0,10.0,65.0,0.0,0.0,0.0,65.0,0.0,65.0,0.0,0.0,65.0,76.35,11.35,536.432,0.12,0.12,0.142329,538.119,0.12,0.12,0.141092,
03/31/2012,1494.0,1494.0,-1290.0,1290.0,204.0,66.0,-169.0,150.0,,,7.0,,12.0,101.0,-75.0,75.0,87.0,-12.0,,,0.0,26.0,15.0,41.0,0.0,0.0,0.0,41.0,,41.0,,0.0,41.0,8.35,-32.65,537.368,0.08,0.08,0.015539,539.728,0.08,0.08,0.015539,
06/30/2012,1793.0,1793.0,-1516.0,1516.0,277.0,53.0,-154.0,142.0,,,8.0,,4.0,176.0,-75.0,75.0,86.0,-11.0,,,0.0,101.0,-17.0,84.0,0.0,0.0,0.0,84.0,0.0,84.0,,0.0,84.0,48.9,-35.1,537.966,0.16,0.16,0.090898,540.033,0.16,0.16,0.090898,
09/30/2012,1772.0,1772.0,-1424.0,1424.0,348.0,28.0,-174.0,156.0,,,8.0,,10.0,202.0,-72.0,72.0,87.0,-15.0,,,0.0,130.0,-13.0,117.0,0.0,0.0,0.0,117.0,,117.0,0.0,0.0,117.0,121.55,4.55,539.094,0.22,0.22,0.225471,542.311,0.22,0.22,0.225471,
12/31/2012,2000.0,2000.0,-1580.0,1580.0,420.0,0.0,-164.0,182.0,,,9.0,,-27.0,256.0,-74.0,74.0,88.0,-14.0,,,0.0,182.0,-40.0,142.0,0.0,0.0,0.0,142.0,1.0,143.0,0.0,0.0,143.0,145.6,2.6,542.101,0.26,0.26,0.268585,547.137,0.26,0.26,0.264752,
03/31/2013,1951.0,1951.0,-1533.0,1533.0,418.0,18.0,-180.0,169.0,,,7.0,,4.0,256.0,-71.0,71.0,82.0,-11.0,,,0.0,185.0,-41.0,144.0,0.0,0.0,0.0,144.0,,144.0,0.0,0.0,144.0,142.7,-1.3,545.234,0.26,0.26,0.261722,550.785,0.26,0.26,0.25764,
06/30/2013,1874.0,1874.0,-1453.0,1453.0,421.0,10.0,-138.0,127.0,,,8.0,,3.0,293.0,-72.0,72.0,80.0,-8.0,4.0,,-4.0,221.0,-36.0,185.0,-13.0,-13.0,0.0,198.0,-2.0,196.0,-2.0,0.0,194.0,178.4,-2.6,552.855,0.35,0.33,0.322689,557.588,0.35,0.33,0.322689,
09/30/2013,1857.0,1857.0,-1479.0,1479.0,378.0,4.0,-139.0,130.0,,,8.0,,1.0,243.0,-73.0,73.0,94.0,-21.0,-2.0,,2.0,170.0,-24.0,146.0,-21.0,-21.0,0.0,167.0,,167.0,-10.0,0.0,157.0,136.0,0.0,582.828,0.27,0.23,0.23,587.179,0.27,0.23,0.23,
12/31/2013,1768.0,1768.0,-1412.0,1412.0,356.0,0.0,-511.0,134.0,,,10.0,,367.0,-155.0,-97.0,97.0,113.0,-16.0,5.0,,-5.0,-252.0,270.0,18.0,-36.0,-36.0,0.0,54.0,,54.0,-11.0,0.0,43.0,121.35,114.35,583.61,0.07,0.01,0.20793,588.616,0.07,0.01,0.204269,
03/31/2014,1736.0,1736.0,-1361.0,1361.0,375.0,75.0,-142.0,116.0,,,7.0,,19.0,308.0,-74.0,74.0,83.0,-9.0,14.0,,-14.0,234.0,-50.0,184.0,-10.0,-10.0,0.0,194.0,,194.0,-11.0,0.0,183.0,144.09816,-28.90184,584.915,0.31,0.29,0.246357,589.312,0.31,0.29,0.240957,
06/30/2014,1964.0,1964.0,-1499.0,1499.0,465.0,65.0,-130.0,115.0,,,7.0,,8.0,400.0,-72.0,72.0,83.0,-11.0,-12.0,,12.0,328.0,-59.0,269.0,-22.0,-22.0,0.0,291.0,,291.0,-11.0,0.0,280.0,233.3,-24.7,586.061,0.48,0.44,0.398081,589.766,0.47,0.43,0.388119,
09/30/2014,1915.0,1915.0,-1504.0,1504.0,411.0,23.0,-116.0,101.0,,,5.0,,10.0,318.0,-81.0,81.0,88.0,-7.0,13.0,,-13.0,237.0,-39.0,198.0,-966.0,-966.0,0.0,1164.0,,1164.0,-11.0,0.0,1153.0,177.9,-9.1,531.913,2.17,0.35,0.334453,536.012,2.15,0.35,0.333023,
12/31/2014,1788.0,1788.0,-1399.0,1399.0,389.0,0.0,-95.0,118.0,,,8.0,,-31.0,294.0,-80.0,90.0,90.0,0.0,12.0,,-22.0,214.0,-37.0,177.0,0.0,0.0,0.0,177.0,0.0,177.0,-11.0,0.0,166.0,149.1,-16.9,524.838,0.32,0.32,0.284088,529.411,0.31,0.31,0.278078,
03/31/2015,1727.0,1727.0,-1385.0,1385.0,342.0,0.0,-142.0,102.0,28.0,74.0,5.0,,35.0,200.0,-80.0,83.0,83.0,0.0,29.0,6.0,-38.0,120.0,-19.0,101.0,0.0,0.0,0.0,101.0,0.0,101.0,-11.0,0.0,90.0,99.0,9.0,523.426,0.17,0.17,0.189138,527.423,0.17,0.17,0.187064,
06/30/2015,1345.0,1345.0,-1057.0,1057.0,288.0,0.0,-88.0,87.0,24.0,63.0,5.0,,-4.0,200.0,-76.0,76.0,85.0,-9.0,-8.0,,8.0,124.0,1.0,125.0,-19.0,-19.0,0.0,144.0,0.0,144.0,-11.0,0.0,133.0,115.3,1.3,516.626,0.26,0.22,0.223179,519.804,0.26,0.22,0.222501,
09/30/2015,1355.0,1355.0,-1073.0,1073.0,282.0,0.0,-116.0,79.0,24.0,55.0,4.0,,33.0,166.0,-78.0,78.0,87.0,-9.0,20.0,,-20.0,88.0,44.0,132.0,-59.0,-59.0,0.0,191.0,0.0,191.0,-11.0,0.0,180.0,125.55,4.55,514.301,0.35,0.24,0.244118,517.088,0.35,0.23,0.238799,
12/31/2015,1266.0,1266.0,-998.0,998.0,268.0,0.0,-126.0,101.0,26.0,75.0,6.0,,19.0,142.0,-78.0,78.0,87.0,-9.0,6.0,0.0,-6.0,64.0,22.0,86.0,16.0,16.0,0.0,70.0,0.0,70.0,-11.0,0.0,59.0,90.1,15.1,511.175,0.11,0.15,0.176261,514.167,0.11,0.15,0.176261,
03/31/2016,1405.0,1405.0,-1103.0,1103.0,302.0,0.0,-163.0,102.0,23.0,79.0,5.0,,56.0,139.0,-67.0,86.0,95.0,-9.0,-13.0,-5.0,-1.0,72.0,-11.0,61.0,-20.0,-20.0,0.0,81.0,0.0,81.0,-11.0,0.0,70.0,127.95,77.95,632.004,0.11,0.08,0.202451,634.872,0.11,0.08,0.202451,
06/30/2016,1655.0,1655.0,-1271.0,1271.0,384.0,0.0,-136.0,116.0,22.0,94.0,4.0,,16.0,248.0,-87.0,104.0,114.0,-10.0,1.0,-7.0,-11.0,161.0,-31.0,130.0,-38.0,-38.0,0.0,168.0,0.0,168.0,-11.0,0.0,157.0,135.35,16.35,743.14,0.21,0.16,0.182133,747.701,0.21,0.16,0.181867,
09/30/2016,1709.0,1709.0,-1328.0,1328.0,381.0,0.0,-120.0,102.0,22.0,80.0,5.0,,13.0,261.0,-77.0,114.0,114.0,0.0,1.0,-9.0,-29.0,184.0,-22.0,162.0,-65.0,-65.0,0.0,227.0,0.0,227.0,0.0,0.0,227.0,185.0,23.0,749.587,0.3,0.22,0.246803,754.044,0.3,0.21,0.240502,
12/31/2016,1596.0,1596.0,-1278.0,1278.0,318.0,0.0,-144.0,107.0,22.0,85.0,5.0,,32.0,174.0,-87.0,99.0,108.0,-9.0,5.0,-1.0,-16.0,87.0,-25.0,62.0,-489.0,-489.0,0.0,551.0,0.0,551.0,0.0,0.0,551.0,106.0,44.0,748.835,0.74,0.09,0.141553,752.768,0.73,0.08,0.138451,
03/31/2017,1693.0,1693.0,-1272.0,1272.0,421.0,0.0,-128.0,109.0,22.0,87.0,4.0,,15.0,293.0,-112.0,90.0,99.0,-9.0,3.0,,19.0,181.0,-24.0,157.0,0.0,0.0,0.0,157.0,0.0,157.0,0.0,0.0,157.0,162.85,5.85,750.665,0.21,0.21,0.216941,754.747,0.21,0.21,0.216941,
06/30/2017,1808.0,1808.0,-1336.0,1336.0,472.0,0.0,-315.0,98.0,22.0,76.0,4.0,,213.0,157.0,-99.0,91.0,100.0,-9.0,0.0,,8.0,58.0,-34.0,24.0,0.0,0.0,0.0,24.0,0.0,24.0,0.0,0.0,24.0,213.95,189.95,752.63,0.03,0.03,0.28427,756.451,0.03,0.03,0.281107,
09/30/2017,1872.0,1872.0,-1374.0,1374.0,498.0,0.0,-293.0,97.0,22.0,75.0,4.0,,192.0,205.0,-102.0,98.0,98.0,0.0,-3.0,,7.0,103.0,27.0,130.0,0.0,0.0,0.0,130.0,0.0,130.0,0.0,0.0,130.0,264.55,134.55,753.535,0.17,0.17,0.351079,756.903,0.17,0.17,0.347764,
12/31/2017,1823.0,1823.0,-1316.0,1316.0,507.0,0.0,-31.0,93.0,21.0,72.0,2.0,,-64.0,476.0,-102.0,86.0,96.0,-10.0,-1.0,0.0,17.0,374.0,-103.0,271.0,0.0,0.0,0.0,271.0,0.0,271.0,0.0,0.0,271.0,253.5,-17.5,755.409,0.36,0.36,0.33558,758.463,0.36,0.36,0.33558,
03/31/2018,1865.0,1865.0,-1348.0,1348.0,517.0,0.0,-113.0,101.0,23.0,78.0,2.0,,10.0,404.0,-105.0,81.0,93.0,-12.0,2.0,,22.0,299.0,-30.0,269.0,0.0,0.0,0.0,269.0,0.0,269.0,0.0,0.0,269.0,278.95,9.95,756.815,0.35,0.35,0.368584,759.462,0.35,0.35,0.363101,
06/30/2018,2065.0,2065.0,-1447.0,1447.0,618.0,0.0,-142.0,103.0,23.0,80.0,2.0,,37.0,476.0,-94.0,81.0,92.0,-11.0,-2.0,,15.0,382.0,-65.0,317.0,0.0,0.0,0.0,317.0,0.0,317.0,0.0,0.0,317.0,338.32,21.32,757.829,0.42,0.42,0.446433,760.533,0.42,0.42,0.446433,
09/30/2018,1910.0,1910.0,-1452.0,1452.0,458.0,0.0,-121.0,98.0,20.0,78.0,2.0,,21.0,337.0,-97.0,80.0,93.0,-13.0,2.0,,15.0,240.0,15.0,255.0,0.0,0.0,0.0,255.0,0.0,255.0,0.0,0.0,255.0,255.0,0.0,754.986,0.34,0.34,0.34,757.389,0.34,0.34,0.34,
12/31/2018,1636.0,1636.0,-1345.0,1345.0,291.0,0.0,-114.0,104.0,22.0,82.0,2.0,,8.0,177.0,-291.0,73.0,97.0,-24.0,0.0,,218.0,-114.0,21.0,-93.0,0.0,0.0,0.0,-93.0,0.0,-93.0,0.0,0.0,-93.0,79.48,172.48,748.694,-0.12,-0.12,0.106158,750.025,-0.12,-0.12,0.106158,
03/31/2019,1643.0,1643.0,-1322.0,1322.0,321.0,0.0,-147.0,110.0,21.0,89.0,1.0,,36.0,174.0,-567.0,97.0,107.0,-10.0,3.0,,467.0,-393.0,104.0,-289.0,0.0,0.0,0.0,-289.0,0.0,-289.0,0.0,0.0,-289.0,80.0,369.0,746.603,-0.39,-0.39,0.107152,746.603,-0.39,-0.39,0.104239,
06/30/2019,1692.0,1692.0,-1390.0,1390.0,302.0,0.0,-116.0,101.0,21.0,80.0,2.0,,13.0,186.0,-95.0,85.0,91.0,-6.0,-2.0,,12.0,91.0,37.0,128.0,0.0,0.0,0.0,128.0,0.0,128.0,0.0,0.0,128.0,123.0,-5.0,745.486,0.17,0.17,0.164993,746.232,0.17,0.17,0.1633,
09/30/2019,1671.0,1671.0,-1399.0,1399.0,272.0,0.0,-70.0,105.0,20.0,85.0,1.0,,-36.0,202.0,-100.0,85.0,91.0,-6.0,1.0,,14.0,102.0,-3.0,99.0,0.0,0.0,0.0,99.0,0.0,99.0,0.0,0.0,99.0,59.0,-40.0,745.626,0.13,0.13,0.079128,746.514,0.13,0.13,0.076418,
12/31/2019,1548.0,1548.0,-1301.0,1301.0,247.0,0.0,-158.0,116.0,22.0,94.0,2.0,,40.0,89.0,-102.0,81.0,89.0,-8.0,0.0,,21.0,-13.0,-1.0,-14.0,0.0,0.0,0.0,-14.0,0.0,-14.0,0.0,0.0,-14.0,23.0,37.0,745.886,-0.02,-0.02,0.030836,745.886,-0.02,-0.02,0.029605,
03/31/2020,1728.0,1728.0,-1382.0,1382.0,346.0,0.0,-106.0,96.0,22.0,74.0,1.0,,9.0,240.0,-93.0,84.0,85.0,-1.0,8.0,,1.0,147.0,3.0,150.0,0.0,0.0,0.0,150.0,0.0,150.0,0.0,0.0,150.0,138.0,-12.0,746.534,0.2,0.2,0.184854,747.155,0.2,0.2,0.183939,
06/30/2020,1631.0,1631.0,-1283.0,1283.0,348.0,0.0,-105.0,102.0,18.0,84.0,2.0,,1.0,243.0,-111.0,101.0,103.0,-2.0,-3.0,,13.0,132.0,-60.0,72.0,0.0,0.0,0.0,72.0,0.0,72.0,0.0,0.0,72.0,70.68,-1.32,746.896,0.1,0.1,0.094632,746.984,0.1,0.1,0.094632,
09/30/2020,1983.0,,,,,,,,,,,,,351.333,,,,,,,,318.4,,285.0,,,,,,285.0,,,285.0,264.429,,,0.432,0.432,0.378,,0.432,0.432,0.378,
12/31/2020,1733.778,,,,,,,,,,,,,236.667,,,,,,,,186.4,,175.857,,,,,,175.857,,,175.857,152.714,,,0.276,0.276,0.236,,0.276,0.276,0.236,
