Date,Revenue,Revenue From Electric,Revenue from Gas,Revenue from Water,Other Revenue,Cost of Revenue,Fuel & Purchased Power Cost,Fuel Cost,Purchased Power Cost,Purchased Gas & Water Cost,Purchased Gas Cost,Purchased Water Cost,Other Cost of Revenue,Gross Profit,Operating Expenses,Maintenance Expenses,Depreciation Expenses,Taxes Other Than Income,Other Operating Expense,Operating Income (Loss),Non-Operating (Income) Loss,"Interest Expense, Net",Total Interest Income,AFUDC - Equity,Interest Income,Interest Expense,Interest Expenses on Bonds,AFUDC - Debts,Other Interest Expenses,Other Non-Op (Income) Loss,Pretax Income,Income Tax Expense (Benefit),Income (Loss) from Cont Ops,Net Extraordinary Losses (Gains),Discontinued Operations,XO & Accounting Changes,Income (Loss) Incl. MI,Minority Interest,"Net Income, GAAP",Preferred Dividends,Other Adjustments,"Net Income Avail to Common, GAAP","Net Income Avail to Common, Adj",Net Abnormal Losses (Gains),Basic Weighted Avg Shares,"Basic EPS, GAAP",Basic EPS from Cont Ops,"Basic EPS from Cont Ops, Adjusted",Diluted Weighted Avg Shares,"Diluted EPS, GAAP",Diluted EPS from Cont Ops,"Diluted EPS from Cont Ops, Adjusted",Source: Bloomberg
03/31/1990,565.466003,421.311005,144.154999,0.0,0.0,-191.764999,107.231001,80.345001,26.886,84.533997,,,,373.701004,-259.544006,42.123001,54.060001,44.73,118.630997,114.156998,-22.544,,,0.66,,26.947001,26.594,-0.645,0.998,-3.743,91.612997,-35.800999,55.812,-0.662,,,56.473999,0.0,56.473999,-4.437,,52.036999,52.036999,,125.082001,0.415,0.41,0.41,125.082001,0.415,0.41,0.41,
06/30/1990,472.817993,415.804993,57.013,0.0,0.0,-139.677994,109.148996,81.936996,27.212,30.528999,,,,333.139999,-250.035995,42.290001,53.894001,44.27,109.582001,83.103996,-23.645999,,,0.654,,27.122999,26.483,-0.752,1.392,-2.823,59.457997,-23.639,35.819,-0.759,,,36.577997,0.0,36.577999,-4.57,,32.007999,32.007999,,125.082001,0.255,0.25,0.25,125.082001,0.255,0.25,0.25,
09/30/1990,528.216003,500.048004,28.167999,0.0,0.0,-145.468994,120.813,84.511002,36.301998,24.656,,,,382.747009,-249.897003,40.422001,53.823002,43.439999,112.211998,132.850006,-21.056,,,0.922,,27.223,26.086,-0.941,2.078,-5.245,111.794006,-42.722,69.071999,-0.513,,,69.585006,0.0,69.584999,-4.542,,65.042999,65.042999,,125.082001,0.52,0.515,0.515,125.082001,0.52,0.515,0.515,
12/31/1990,498.048004,411.927002,86.121002,0.0,0.0,-164.514999,95.272001,71.651001,23.621,69.242996,,,,333.533005,-260.428009,45.051998,52.824001,51.474998,111.077003,73.105003,-28.58,,,0.934,,27.329,25.565001,-0.866,2.63,2.185,44.525003,-12.257,32.268002,-0.582,,,32.850003,0.0,32.849998,-4.635,,28.214998,28.214998,,125.082001,0.22,0.215,0.215,125.082001,0.22,0.215,0.215,
03/31/1991,576.981995,428.381012,148.600998,0.0,0.0,-192.082001,108.873003,79.425003,29.448,83.209,,,,384.899994,-268.661987,39.396,57.858002,50.978001,120.43,116.237999,-25.537001,,,1.097,,27.040001,24.989,-0.784,2.835,-0.406,90.700998,-34.764,55.937,-17.035,,,72.971998,0.0,72.972,-4.494,,68.478,68.478,,125.082001,0.545,0.41,0.41,125.082001,0.545,0.41,0.41,
06/30/1991,501.516998,448.321014,53.195999,0.0,0.0,-154.794006,126.188999,88.181999,38.007,28.605,,,,346.722992,-284.488007,48.876999,57.992001,51.745998,125.873001,62.235001,-24.234,,,1.016,,26.128,24.160999,-0.796,2.763,-0.878,38.001,-13.365,24.636,0.0,,,24.636001,0.0,24.636,-4.504,,20.131999,20.131999,,125.082001,0.16,0.16,0.16,125.082001,0.16,0.16,0.16,
09/30/1991,589.163025,559.21698,29.945999,0.0,0.0,-147.565994,123.002998,81.570999,41.431999,24.563,,,,441.597031,-273.302002,40.445999,58.917999,49.775002,124.163002,168.294998,-22.146,,,2.656,,25.546,26.931999,-1.386,0.0,-0.744,146.148999,-56.75,89.399002,0.0,,,89.398999,0.0,89.399002,-4.539,,84.860002,84.860002,,125.082001,0.68,0.68,0.68,125.082001,0.68,0.68,0.68,
12/31/1991,533.495972,427.319,106.177002,0.0,0.0,-171.395996,96.412003,69.675003,26.737,74.984001,,,,362.099976,-286.071014,49.626999,53.518002,46.499001,136.427002,76.028999,-26.532,,,2.765,,27.413,26.02,-1.053,2.446,1.884,49.496999,-12.457,37.040001,0.0,,,37.04,0.0,37.040001,-4.457,,32.583001,32.583001,,125.281998,0.26,0.26,0.26,125.281998,0.26,0.26,0.26,
03/31/1992,563.763,436.140015,127.623001,0.0,0.0,-181.929993,105.162003,78.258003,26.903999,76.767998,,,,381.833008,-288.765991,43.937,58.842999,52.868999,133.117004,93.067001,-22.283999,,,2.75,,25.014999,25.775999,-1.44,0.679,0.019,70.783002,-26.514999,44.268002,-45.512003,,,89.780006,0.0,89.779999,-4.428,,85.351999,85.351999,,125.237999,0.68,0.315,0.315,125.237999,0.68,0.315,0.315,
06/30/1992,500.251007,450.302002,49.949001,0.0,0.0,-147.507004,113.714001,70.205002,43.508999,33.792999,,,,352.744003,-281.859009,42.703999,59.209,48.636002,131.309998,70.885002,-22.748001,,,2.813,,25.582001,25.631001,-1.505,1.456,-0.021,48.137001,-17.058001,31.079,0.0,,,31.079001,0.0,31.079,-4.08,,26.999001,26.999001,,125.253998,0.215,0.215,0.215,125.253998,0.215,0.215,0.215,
09/30/1992,523.375,490.381989,32.993,0.0,0.0,-149.783997,120.416,76.596001,43.82,29.368,,,,373.591003,-265.424011,41.501999,57.644001,50.522999,115.754997,108.167,-20.888,,,2.073,,25.639,25.48,-1.996,2.155,-2.678,87.279,-31.580999,55.698002,0.0,,,55.698,0.0,55.698002,-3.881,,51.817002,51.817002,,125.321999,0.415,0.415,0.415,125.321999,0.415,0.415,0.415,
12/31/1992,572.132996,446.492004,125.640999,0.0,0.0,-195.968994,115.528,74.886002,40.641998,80.441002,,,,376.164002,-301.597992,52.442001,60.519001,52.410999,136.225998,74.566002,-29.167999,,,1.357,,27.452999,26.148001,-1.257,2.562,3.072,45.398003,-15.515,29.882999,0.0,,,29.883003,0.0,29.882999,-3.783,,26.099999,26.099999,,125.314002,0.21,0.21,0.21,125.314002,0.21,0.21,0.21,
03/31/1993,640.752991,469.945007,170.807999,0.0,0.0,-226.087997,111.160999,80.932999,30.228001,114.927002,,,,414.664993,-299.429993,42.691002,65.150002,56.476002,135.113007,115.235001,-26.565,,,0.659,,26.694,26.23,-1.513,1.977,0.53,88.67,-34.188999,54.480999,0.0,,,54.481001,0.0,54.480999,-3.802,,50.678999,50.678999,,125.725998,0.405,0.405,0.405,125.725998,0.405,0.405,0.405,
06/30/1993,545.263,474.661987,70.600998,0.0,0.0,-172.013,128.073002,74.856003,53.216999,43.939999,,,,373.25,-291.566986,39.009998,65.889999,55.546001,131.121002,81.682999,-23.654999,,,1.971,,26.188999,25.681999,-1.249,1.756,-0.563,58.027999,-22.136,35.891998,0.0,,,35.892,0.0,35.891998,-3.743,,32.148998,32.148998,,129.169998,0.25,0.25,0.25,129.169998,0.25,0.25,0.25,
09/30/1993,601.924011,557.289001,44.634998,0.0,0.0,-186.684006,152.728996,82.211998,70.516998,33.955002,,,,415.240005,-283.625,37.636002,67.139,57.889999,120.959999,131.615005,-22.421001,,,2.188,,26.988001,25.985001,-1.601,2.604,-2.379,109.194005,-41.539001,67.654999,0.0,,,67.655003,0.0,67.654999,-3.743,,63.911999,63.911999,,133.009995,0.48,0.48,0.48,133.009995,0.48,0.48,0.48,
12/31/1993,616.052002,473.019989,143.031998,0.0,0.0,-166.731003,77.525002,77.525002,0.0,89.206001,,,,449.320999,-290.984009,42.076,66.337997,53.195999,129.373993,158.337006,-19.505001,,,2.51,,28.221001,26.816999,-1.107,2.511,-6.206,138.832005,-30.482,108.349998,0.0,,,108.350005,0.0,108.349998,-3.292,,105.057998,105.057998,,133.615998,0.375,0.375,0.375,133.615998,0.375,0.375,0.375,
03/31/1994,683.461975,494.031006,189.431,0.0,0.0,-254.276001,132.470997,76.003998,56.466999,121.805,,,,429.185974,-301.230011,39.848999,67.345001,59.929001,134.106995,127.956001,-20.001,,,1.208,,24.368,22.827,-1.537,3.078,-3.159,107.955001,-42.160999,65.793999,0.0,,,65.794002,0.0,65.793999,-3.057,,62.736999,62.736999,,133.483994,0.47,0.47,0.47,133.483994,0.47,0.47,0.47,
06/30/1994,581.963013,513.349976,68.612999,0.0,0.0,-194.121994,152.295998,84.720001,67.575996,41.826,,,,387.841019,-293.838013,40.532001,68.365997,58.446999,126.492996,94.002998,-12.718001,,,0.984,,24.544001,22.465,-2.25,4.329,-10.842,81.284998,-28.476999,52.807999,0.0,,,52.807998,0.0,52.807999,-3.057,,49.750999,49.750999,,133.576004,0.37,0.37,0.37,133.576004,0.37,0.37,0.37,
09/30/1994,612.328003,570.521973,41.806,0.0,0.0,-183.177994,158.191002,88.163002,70.028,24.987,,,,429.150009,-302.427002,41.049,68.627998,59.938999,132.811005,126.723,-12.866999,,,1.052,,27.334999,23.863001,-2.401,5.873,-13.416,113.856001,-37.791,76.065002,0.0,,,76.065001,0.0,76.065002,-3.097,,72.968003,72.968003,,133.733994,0.545,0.545,0.545,133.733994,0.545,0.545,0.545,
12/31/1994,608.794006,488.740997,120.053001,0.0,0.0,-202.746994,127.922001,72.193001,55.729,74.824997,,,,406.047012,-317.183014,48.715,69.461998,56.249001,142.757004,88.863998,-19.257,,,1.304,,30.968,27.988001,-1.68,4.66,-10.407,69.606998,-20.799,48.807999,0.0,,,48.807998,0.0,48.807999,-3.153,,45.654999,45.654999,,133.901992,0.34,0.34,0.34,133.901992,0.34,0.34,0.34,
03/31/1995,661.166992,497.313995,163.852997,0.0,0.0,-234.371994,135.070999,83.337997,51.733002,99.301003,,,,426.794998,-302.503998,37.766998,71.831001,62.278999,130.626999,124.291,-19.508,,,1.338,,30.775,27.551001,-1.893,5.117,-9.929,104.783001,-36.592999,68.190002,0.0,,,68.190002,0.0,68.190002,-3.201,,64.989002,64.989002,,134.007996,0.485,0.485,0.485,134.007996,0.485,0.485,0.485,
06/30/1995,589.672974,519.617004,70.056,0.0,0.0,-189.388,149.075996,80.598,68.477997,40.312,,,,400.284973,-308.394012,43.257999,72.069,62.073002,130.994003,91.890999,-8.350999,,,1.859,,31.25,27.834999,-2.892,6.307,-21.040001,83.54,-23.729,59.811001,0.0,,,59.811,0.0,59.811001,-3.125,,56.686001,56.686001,,134.416,0.42,0.42,0.42,134.416,0.42,0.42,0.42,
09/30/1995,664.976013,619.237976,45.737999,0.0,0.0,-187.649002,161.347,86.983002,74.363998,26.302,,,,477.327011,-314.533997,38.154999,72.776001,63.816002,139.787003,162.792999,-22.788999,,,1.46,,31.799999,29.437,-2.037,4.4,-7.551,140.004,-51.201,88.803001,0.0,,,88.803,0.0,88.803001,-3.061,,85.742001,85.742001,,134.992004,0.635,0.635,0.635,134.992004,0.635,0.635,0.635,
12/31/1995,652.768005,506.601013,146.167007,0.0,0.0,-215.593994,124.751,74.725998,50.025002,90.843002,,,,437.174011,-323.122009,39.022999,73.508003,51.264999,159.326004,114.052002,-14.356001,,,2.137,,29.065001,28.354,-3.616,4.327,-12.572,99.696001,-40.705002,58.991001,0.0,,,58.990999,0.0,58.991001,-3.062,,55.929001,55.929001,,135.946,0.41,0.41,0.41,135.946,0.41,0.41,0.41,
03/31/1996,718.708984,512.942993,205.766006,0.0,0.0,-271.825989,138.301003,76.092003,62.209,133.524994,,,,446.882996,-316.940002,47.068001,74.651001,60.129002,135.091995,129.942993,-26.096,,,2.58,,31.239,29.086,-2.846,4.999,-2.563,103.846993,-36.637001,67.209999,0.0,,,67.209992,0.0,67.209999,-3.061,,64.148999,64.148999,,136.615997,0.47,0.47,0.47,136.615997,0.47,0.47,0.47,
06/30/1996,592.257996,506.763,85.495003,0.0,0.0,-180.501007,128.995998,70.127998,58.868,51.505001,,,,411.756989,-313.127991,40.326,76.093002,59.785999,136.923004,98.628998,-27.419002,,,1.542,,33.344002,30.222,-2.475,5.597,-4.383,71.209996,-27.827999,43.382,0.0,,,43.381997,0.0,43.382,-3.061,,40.321,40.321,,137.322006,0.295,0.295,0.295,137.322006,0.295,0.295,0.295,
09/30/1996,633.257996,586.000977,47.257,0.0,0.0,-165.658997,143.601997,74.110001,69.491997,22.056999,,,,467.598999,-311.141998,33.410999,76.899002,62.974998,137.856995,156.457001,-21.217002,,,1.457,,32.657001,30.396,-3.434,5.695,-9.983,135.239999,-51.000999,84.238998,0.0,,,84.239,0.0,84.238998,-3.061,,81.177998,81.177998,,137.895996,0.59,0.59,0.59,137.895996,0.59,0.59,0.59,
12/31/1996,709.981018,521.705994,188.274994,0.0,0.0,-258.734009,130.368004,80.871002,49.497002,128.365997,,,,451.247009,-308.821991,35.025002,78.789001,49.933998,145.074005,142.425003,-31.373,,,2.016,,33.459,30.306999,-2.507,5.659,-0.07,111.052003,-31.344,79.708,0.0,,,79.708003,0.0,79.708,-3.062,,76.646,76.646,,137.580002,0.555,0.555,0.555,137.580002,0.555,0.555,0.555,
03/31/1997,742.495972,519.133972,223.362,0.0,0.0,-291.601013,139.581997,81.293999,58.287998,152.018997,,,,450.894958,-325.423004,43.500999,79.842003,61.353001,140.727005,125.472,-26.448998,,,2.314,,32.273998,30.511,-3.102,4.865,-3.511,99.023002,-30.625,68.398003,0.0,,,68.398002,0.0,68.398003,-6.582,,61.816003,61.816003,,137.447998,0.45,0.449997,0.45,137.654007,0.45,0.45,0.45,
06/30/1997,594.322998,518.041992,76.280998,0.0,0.0,-182.550003,140.171005,68.147003,72.024002,42.379002,,,,411.772995,-323.613007,40.736,80.649002,56.243999,145.983994,88.160004,-60.205999,,,1.507,,35.938999,33.742001,-2.832,5.029,25.774,27.954004,-5.763,22.191,0.0,,,22.191004,0.0,22.191,-6.309,,15.882,15.882,,137.524002,0.115,0.115,0.24,137.744003,0.115,0.115,0.24,
09/30/1997,697.442993,645.268005,52.174999,0.0,0.0,-193.141006,165.167,82.935997,82.231003,27.974001,,,,504.301987,-329.609985,38.737,81.469002,58.570999,150.832993,174.692001,-26.690001,,,1.382,,37.186001,30.471001,-2.661,9.376,-9.114,148.002001,-56.152,91.849998,0.0,,,91.85,0.0,91.849998,-6.309,,85.540998,85.540998,,138.815994,0.616,0.616,0.616,139.112,0.615,0.615,0.615,
12/31/1997,699.484009,536.106018,163.378006,0.0,0.0,-260.242004,151.318001,77.622002,73.695999,108.924004,,,,439.242005,-320.954987,41.568001,83.919998,51.724998,143.742004,118.287003,-44.799,,,1.198,,39.333,40.945999,-1.613,,6.664,73.488003,-4.17,69.318001,0.0,,,69.318003,0.0,69.318001,-6.308,,63.010001,63.010001,,148.858002,0.425,0.425,0.465,148.858002,0.425,0.425,0.465,
03/31/1998,701.401978,521.570984,179.830994,0.0,0.0,-261.743988,148.162003,75.639,72.523003,113.582001,,,,439.65799,-330.049988,39.860001,84.099998,55.959999,150.130005,109.608002,-32.021002,,,1.745,,38.851002,37.543999,-2.112,3.419,-5.085,77.587,-16.532,61.055,0.0,,,61.055,0.0,61.055,-6.305,,54.75,54.75,,149.214005,0.365,0.365,0.365,149.466003,0.365,0.365,0.365,
06/30/1998,638.601013,570.651001,67.949997,0.0,0.0,-209.503998,172.367004,75.466003,96.901001,37.137001,,,,429.097015,-343.537994,54.444,83.111,56.342999,149.639999,85.558998,-37.907001,,,1.812,,40.915001,40.063,-1.77,2.622,-1.196,47.651997,-8.68,38.972,0.0,,,38.971997,0.0,38.972,-4.998,,33.974,33.974,,149.876999,0.23,0.23,0.23,150.143005,0.23,0.23,0.23,
09/30/1998,766.447998,700.606995,65.841003,0.0,0.0,-234.591003,202.365005,89.744003,112.621002,32.226002,,,,531.856995,-331.613007,36.794998,84.808998,58.004002,152.005005,200.244003,-29.352998,,,1.562,,41.634998,26.788,-2.225,17.072001,-10.72,170.891005,-65.259003,105.632004,0.0,,,105.632003,0.0,105.632004,-4.998,,100.634004,100.634004,,151.026001,0.67,0.67,0.77,151.227005,0.67,0.67,0.77,
12/31/1998,712.723083,569.522095,143.201004,0.0,0.0,-250.485992,166.381012,70.519005,95.862007,84.10498,,,,462.237091,-347.975983,49.966995,86.205009,50.312996,161.490982,114.261124,-7.473006,,,3.39,,41.336006,42.536011,-1.2,,-30.473,106.788118,-14.323996,92.464111,0.0,,,92.464122,0.0,92.464111,-4.997,,87.467111,87.467111,,151.891006,0.58,0.58,0.58,152.136002,0.58,0.58,0.58,
03/31/1999,743.182983,556.856018,186.326996,0.0,0.0,-280.205994,168.028,69.962997,98.065002,112.178001,,,,462.97699,-339.035004,44.990002,87.485001,57.632,148.927994,123.942001,-47.537,,,3.175,,38.348,36.105999,-3.31,5.552,12.364,76.405001,-20.146,56.258999,0.0,,,56.259001,0.0,56.258999,-4.998,,51.260999,51.260999,,152.391998,0.34,0.34,0.34,152.552994,0.339996,0.34,0.34,
06/30/1999,627.156982,556.567993,70.588997,0.0,0.0,-223.677994,188.556999,81.343002,107.213997,35.120998,,,,403.478988,-352.220001,53.056999,88.095001,57.361,153.707001,51.258999,-53.974001,,,-2.231,,47.664001,40.476002,-0.13,7.058,4.079,-2.715002,18.273001,15.428,0.0,,,15.557999,0.0,15.428,-6.048,,9.38,9.38,,153.011993,0.06,0.06,0.2,153.117996,0.06,0.06,0.2,
09/30/1999,1783.982056,1457.918945,140.018997,0.0,186.044006,-660.216003,592.622009,592.622009,,67.594002,,,,1123.766053,-732.521973,,173.910995,90.767998,467.842987,391.243988,-78.436005,,,0.0,,117.842003,117.842003,0.0,0.0,-39.405998,312.807983,-93.279999,219.528,0.0,,,219.527984,-0.564,218.960938,-10.76,,208.200938,208.200938,,332.51001,0.63,0.63,0.72,332.591003,0.63,0.63,0.72,
12/31/1999,2155.49292,1149.819946,260.740997,0.0,744.932007,-671.583008,531.16803,531.16803,,140.414993,,,,1483.909912,-1206.243042,,210.768005,80.5,914.974976,277.666992,-93.216,,,0.0,,121.278999,121.278999,0.0,0.0,-28.063,184.450993,-26.371,158.080002,0.0,,,158.079992,-1.057,157.022995,-10.762,,146.260995,146.260995,,333.679993,0.43,0.43,0.5,333.717987,0.43,0.43,0.5,
03/31/2000,2318.055908,1213.235962,485.792999,0.0,619.026978,-812.466003,495.53299,495.53299,,316.933014,,,,1505.589905,-1157.152954,,185.175995,92.649002,879.328003,348.437012,-118.867994,,,0.0,,139.828995,139.828995,0.0,0.0,-20.961,229.569017,-64.739998,164.828995,0.0,,,164.82902,-1.798,163.031006,-10.76,,152.271006,152.271006,,335.858002,0.45,0.45,0.45,335.872986,0.45,0.45,0.45,
06/30/2000,2416.216064,1282.780029,233.248993,0.0,900.187012,-659.828979,518.036011,518.036011,,141.792999,,,,1756.387085,-1385.92395,,197.320999,89.279999,1099.322998,370.463013,-115.854,,,0.0,,171.404999,171.404999,0.0,0.0,-55.550999,254.609013,-80.239998,174.369003,13.658,,,160.711015,-7.929,152.781998,-10.76,,142.021997,142.021997,,337.466003,0.42,0.46,0.46,337.634003,0.42,0.46,0.46,
09/30/2000,2997.072021,1666.91394,176.914001,0.0,1153.244019,-875.002991,790.809021,790.809021,,84.194,,,,2122.069031,-1611.123047,,201.072998,90.061996,1319.988037,510.946014,-286.570999,,,0.0,,175.880997,175.880997,0.0,0.0,110.690002,224.375015,-97.734001,126.640999,5.302,,,121.339014,-19.025,102.314003,-10.76,,91.554003,91.554003,,338.494995,0.27,0.29,0.72,338.876007,0.27,0.29,0.72,
12/31/2000,4964.655762,1506.879028,572.924011,0.0,2884.853027,-1161.328003,756.103027,756.103027,,405.225006,,,,3803.327759,-3402.004883,,208.824997,79.420998,3113.759033,401.322998,-180.534002,,,,,170.190002,170.190002,,,10.344,220.788996,-62.151001,158.638,0.0,,,158.637995,-11.137,147.501007,-10.76,,136.741007,136.741007,,339.45401,0.4,0.4,0.49,340.171997,0.4,0.4,0.49,
03/31/2001,3174.065918,1547.511963,960.164978,0.0,666.388977,-1559.616943,787.565002,787.565002,,772.052002,,,,1614.448975,-1153.352051,,213.309998,94.748001,845.294006,461.096985,-144.49,,,,,175.848999,175.848999,,,-31.358999,316.606985,-106.280998,210.326004,-17.336,,,227.661987,-8.652,219.009995,-10.76,,208.249994,208.249994,,340.779999,0.61,0.56,0.56,341.471985,0.61,0.56,0.56,
06/30/2001,2743.822021,1643.876953,400.404999,0.0,699.539978,-1129.078979,836.97699,836.97699,,292.10199,,,,1614.743042,-1197.900024,,221.074997,87.752998,889.072021,416.842987,-164.539007,,,0.0,,186.460007,186.460007,0.0,0.0,-21.921,252.30398,-70.155998,182.147995,-5.203,,,187.350982,-9.794,177.557007,-10.76,0.0,166.797007,166.797007,,342.553009,0.49,0.47,0.46,343.687988,0.49,0.47,0.46,
09/30/2001,2931.799072,1818.812012,216.589005,0.0,896.39801,-1083.647949,947.914001,947.914001,,135.733994,,,,1848.151123,-1212.266968,,243.796997,53.894001,914.575989,635.883972,-176.02,,,0.0,,203.653,203.653,0.0,0.0,-27.632999,459.863972,-148.130997,311.733002,-8.08,,,319.812975,-37.209999,282.602997,-10.76,,271.842997,271.842997,,343.769989,0.79,0.77,0.77,344.38501,0.79,0.77,0.77,
12/31/2001,2483.735107,1384.536011,475.492004,0.0,623.70697,-906.01001,599.203979,599.203979,,306.806,,,,1577.725098,-1233.401978,,264.237,80.097,889.067993,344.322998,-191.794004,,,0.0,,208.046005,208.046005,,,-16.252001,152.528994,-10.345,142.184006,-26.66,,,168.843993,-14.248,154.595993,-10.761,,143.834993,143.834993,,345.384003,0.42,0.34,0.46,345.423004,0.42,0.34,0.46,
03/31/2002,3317.586914,1231.656982,563.911011,0.0,1522.019043,-863.729004,488.114014,488.114014,,375.61499,,,,2453.85791,-2111.826904,,260.544006,82.897003,1768.385986,342.031006,-199.421995,,,,,203.231995,203.231995,,,-3.81,142.609011,-33.277,109.332001,0.0,,,109.332011,3.872,113.204002,-10.76,,102.444002,102.444002,,353.826996,0.29,0.29,0.31,354.171997,0.29,0.29,0.31,
06/30/2002,3399.499023,1328.897949,235.634995,0.0,1834.965942,-670.021973,544.405029,544.405029,,125.616997,,,,2729.477051,-2356.016113,,272.496002,84.708,1998.812012,373.460999,-230.319996,,,0.0,,216.117996,216.117996,0.0,0.0,14.202,143.141003,-37.707001,105.433998,13.511,,,91.923002,4.851,96.774002,-10.532,0.0,86.242002,86.242002,,377.983002,0.23,0.27,0.37,378.128998,0.23,0.27,0.37,
09/30/2002,2508.118896,1556.942017,138.268005,0.0,812.908997,-676.557007,618.442017,618.442017,,58.115002,,,,1831.56189,-1363.17395,,270.898987,87.538002,1004.737,468.388,-3240.090958,,,0.0,,236.141006,236.141006,0.0,0.0,3003.949951,-2771.702957,687.955017,-2083.748047,6.755,,,-2090.50294,26.129,-2064.374023,-10.646,,-2075.020023,-2075.020023,,397.404999,-5.22,-5.2,0.54,397.404999,-5.22,-5.2,0.54,
12/31/2002,2453.548096,1317.880005,459.985992,0.0,675.682007,-840.778015,548.138,548.138,0.0,292.640015,,,,1612.770081,-1519.208008,0.0,233.490005,63.498001,1222.219971,93.561996,-300.671997,,,0.0,,233.830994,224.244995,0.0,9.586,66.841003,-207.110001,11.014,-196.095993,-9.12,,,-186.976001,-17.781,-204.757004,-1.061,0.0,-205.818004,-205.818004,,398.0,-0.52,-0.54,0.27,398.0,-0.52,-0.54,0.27,
03/31/2003,2720.352,1368.97,666.129,0.0,685.253,-1072.641,592.690002,592.690002,,479.951,,,,1647.711,-1276.346,,263.473,81.584,931.289,371.365,-345.251,,,0.0,10.448,294.845,285.259,0.0,9.586,60.854,26.114,-98.089,-71.975,-212.181,,,140.206,-0.194,140.012,-1.06,,138.952,138.952,,398.714,0.35,-0.18,-0.08,398.714,0.35,-0.18,-0.08,
06/30/2003,1771.015,1378.904,273.556,0.0,118.555,-815.797,640.903992,640.903992,,174.893,,,,955.218,-781.714,,210.051,81.757,489.906,173.504,-467.153,,,0.0,6.157,119.494,109.928,0.0,9.566,353.816,-293.649,11.087,-282.562,0.0,,,-282.562,0.0,-282.562,-1.06,,-283.622,-283.622,,398.717,-0.71,-0.71,0.15,398.717,-0.71,-0.71,0.15,
09/30/2003,2057.724,1760.039,183.112,0.0,114.573,-919.698,816.554016,816.554016,,103.144,,,,1138.026,-774.039,,193.793,84.746,495.5,363.987,-89.085,,,0.0,1.732,107.695,105.074,0.0,2.621,-16.878,274.902,12.593,287.495,0.0,,,287.495,0.0,287.495,-1.06,0.0,286.435,286.435,,398.751,0.72,0.72,0.48,418.128,0.69,0.69,0.45,
12/31/2003,2069.388916,1457.633057,585.60199,0.0,26.153999,-1104.927979,659.900024,659.900024,0.0,445.028015,,,,964.460938,-673.687988,0.0,144.658997,71.571999,457.457001,290.77301,-113.034002,,,25.337999,,110.567001,130.011002,-20.402,0.958,27.805,177.739008,-17.172001,160.567001,-329.226013,,,489.79302,0.0,477.446991,-1.061,,476.385991,476.385991,,398.873993,1.2,0.37,0.36,422.085999,1.14,0.36,0.35,
03/31/2004,2261.647949,1473.599976,762.807983,0.0,25.24,-1272.944946,678.692993,678.692993,,594.252014,,,,988.703003,-667.465027,,169.567001,84.797997,413.100006,321.238007,-99.692997,,,8.456,3.574,107.727997,113.831001,-6.103,0.0,3.995,221.54501,-72.413002,149.132004,-0.779,,,149.911008,0.0,149.910995,-1.06,0.0,148.850996,148.850996,,398.583008,0.37,0.37,0.37,421.92099,0.36,0.36,0.36,
06/30/2004,1807.349976,1476.22998,273.36499,0.0,57.751999,-909.362976,723.021973,723.021973,,186.341003,,,,897.987,-705.637024,,179.863998,82.596001,443.177002,192.350998,-97.915001,,,0.0,,105.262001,105.262001,0.0,0.0,-7.347,94.435997,-13.259,81.177002,-5.129,,,86.305997,0.0,86.306,-1.06,,85.246,85.246,,399.21701,0.21,0.2,0.2,422.545013,0.21,0.2,0.2,
09/30/2004,1974.935059,1773.026001,189.895004,0.0,12.014,-1000.030029,888.844971,888.844971,,111.184998,,,,974.905029,-637.070984,,176.477005,73.653,386.94101,337.834015,-98.164998,,,7.4,2.222,105.002998,110.918999,-5.916,,2.784,239.669017,-73.972,165.697006,118.976997,,,46.720019,0.0,46.720001,-1.06,0.0,45.660001,45.660001,,399.746002,0.11,0.41,0.41,423.078003,0.12,0.4,0.4,
12/31/2004,2231.654053,1517.626,694.26,0.0,19.768,-1304.19397,750.200012,750.200012,,553.994019,,,,927.460083,-710.112976,,180.046997,62.896,460.752991,217.347,-95.779002,,,9.564,,116.496002,123.140999,-6.645,0.0,-11.153,121.567998,0.64,122.208,49.183998,,,73.024,0.0,73.024002,-1.06,0.0,71.964002,71.964002,,400.265015,0.18,0.3,0.33,423.602997,0.18,0.3,0.33,
03/31/2005,2390.533,1534.946,835.055,,20.532,-1430.194,761.408,761.408,,668.786,,,,960.339,-685.32,,191.694,75.752,417.874,275.019,-105.699,,,5.183,2.379,108.808,113.641,-4.833,,4.453,169.32,-44.857,124.463,2.985,,,121.478,,121.478,-1.06,,120.418,120.418,,401.116,0.3,0.31,0.31,424.449,0.29,0.3,0.3,
06/30/2005,2064.054932,1720.431,326.347,0.0,17.277,-1144.438965,912.400024,912.400024,,232.039001,,,,919.615967,-717.380981,,193.975998,71.334,452.071014,202.235001,-99.875004,,,5.45,4.261,109.841003,114.375,-4.534,0.0,-0.255,102.359997,-24.684,77.676003,-5.73,,,83.405997,0.0,83.405998,-1.06,0.0,82.345998,82.345998,,402.213989,0.2,0.19,0.19,425.552002,0.2,0.19,0.19,
09/30/2005,2286.123047,2063.368,207.22,0.0,15.535,-1248.646973,1121.154053,1121.154053,,127.492996,,,,1037.476074,-672.750977,,189.798004,73.546997,409.406006,364.725006,-106.275001,,,4.265,5.587,112.470001,117.448997,-4.979,0.0,3.657,258.450005,-60.632999,197.817001,1.798,,,196.019005,0.0,196.018997,-1.06,0.0,194.958997,194.958997,,402.734985,0.48,0.49,0.49,426.084991,0.47,0.47,0.47,
12/31/2005,2882.237,1922.362,938.764,0.0,21.111,-1919.477,1124.671,1124.671,,794.806,,,,962.76,-712.205,,191.853,67.176,453.176,250.555,-108.293,,,6.73,2.659,111.515,117.912,-6.397,0.0,6.167,142.262,-43.298,98.964,-13.104,,,112.068,0.0,112.068,-1.061,0.0,111.007,111.007,,403.229,0.28,0.25,0.25,426.57,0.27,0.24,0.24,
03/31/2006,2888.104,1845.872,1018.14,,24.092,-1845.12,994.695,994.695,,850.425,,,,1042.984,-730.235,,202.66,78.535,449.04,312.749,-109.601,,,3.784,4.079,113.001,119.374,-6.373,,4.463,203.148,-53.336,149.812,-1.486,,,151.298,,151.298,-1.06,,150.238,150.238,,404.125,0.37,0.37,0.37,427.461,0.36,0.36,0.36,
06/30/2006,2073.873047,1786.571,270.99,0.0,16.312,-1120.036011,951.213989,951.213989,,168.822006,,,,953.837036,-729.179016,,203.664993,71.325996,454.187988,224.658005,-106.185002,,,4.668,5.72,111.774002,119.282997,-7.509,0.0,4.799,118.473003,-20.537001,97.935997,-0.339,,,98.275002,0.0,98.275002,-1.06,0.0,97.215002,97.215002,,405.43399,0.24,0.24,0.24,429.098999,0.24,0.24,0.24,
09/30/2006,2411.591,2159.844,230.293,0.0,21.454,-1297.691,1160.896,1160.896,,136.795,,,,1113.9,-702.659,,208.657,71.551,422.451,411.241,-99.47,,,8.3,4.158,113.352,121.715,-8.363,0.0,-1.424,311.771,-97.923,213.848,-10.614,,,224.462,0.0,224.462,-1.06,0.0,223.402,223.402,,406.123,0.55,0.52,0.52,430.0,0.53,0.5,0.5,
12/31/2006,2466.736,,,0.0,14.429,-1484.924,996.25,996.25,,488.674,,,,981.812,-753.466,,206.916,74.315,472.235,228.346,-114.007,,,8.293,6.36,117.905,126.595,-8.69,0.0,10.755,114.339,-9.615,104.724,9.366,,,95.358,2.361,97.719,-1.061,0.0,96.658,96.658,,407.04,0.24,0.23,0.23,431.16,0.23,0.22,0.22,
03/31/2007,2763.662109,1815.803,927.422,0.0,20.437,-1720.353027,979.570984,979.570984,,740.781982,,,,1043.309082,-765.18103,,213.412994,78.176003,473.59201,278.127991,-111.705,,,7.576,4.791,120.097,127.303001,-7.206,0.0,3.975,166.422991,-47.909,118.514,-1.197,,,119.71099,0.0,119.710999,-1.06,0.0,118.650999,118.650999,,408.002991,0.29,0.29,0.29,432.053986,0.28,0.28,0.28,
06/30/2007,2267.292,1919.695,330.868,0.0,16.729,-1251.473,1031.899,1031.899,,219.574,,,,1015.819,-726.662,,209.176,66.237,451.249,289.157,-150.394,,,8.695,4.656,159.089,125.672,-8.442,41.859,4.656,138.763,-71.068,67.695,-1.082,,,68.777,0.0,68.777,-1.06,0.0,67.717,67.717,,412.71,0.16,0.16,0.27,432.861,0.16,0.16,0.27,
09/30/2007,2399.997,2199.533,184.161,0.0,16.303,-1191.089,1101.844,1101.844,,89.245,,,,1208.908,-714.063,,186.46,66.024,461.579,494.845,-119.135,,,9.023,6.436,131.16,137.451,-8.481,2.19,3.434,375.71,-120.99,254.72,-0.097,,,254.817,0.0,254.817,-1.06,0.0,253.757,253.757,,419.822,0.6,0.6,0.6,433.387,0.59,0.59,0.59,
12/31/2007,2603.219,1912.961,669.281,0.0,20.977,-1521.701,1023.68,1023.68,,498.021,,,,1081.518,-792.575,,218.124,67.286,507.165,288.943,-98.808,,,11.913,8.21,118.499,129.611,-10.464,,0.432,190.135,-54.517,134.97,0.927,,,134.691,0.0,134.043,-1.061,0.0,132.982,132.982,,423.806,0.31,0.31,0.3,434.009,0.31,0.31,0.3,
03/31/2008,3028.388,1973.314,1034.127,0.0,20.947,-1911.207,1088.08,1088.08,,823.127,,,,1117.181,-787.063,,219.288,79.413,488.362,330.118,-99.54,,,14.22,7.51,122.644,132.171,-9.527,0.0,-1.374,230.578,-76.584,153.994,0.877,,,153.117,0.0,153.117,-1.06,0.0,152.057,152.057,,429.563,0.35,0.35,0.35,434.853,0.35,0.35,0.35,
06/30/2008,2615.515,2154.383,443.613,0.0,17.519,-1589.222,1269.422,1269.422,,319.8,,,,1026.293,-766.457,,207.774,68.562,490.121,259.836,-99.257,,,14.939,4.88,124.127,133.723,-9.596,0.0,-5.051,160.579,-55.106,105.473,-0.099,,,105.572,0.0,105.572,-1.06,0.0,104.512,104.512,,430.811,0.24,0.24,0.24,435.868,0.24,0.24,0.24,
09/30/2008,2851.68,2576.467,258.961,0.0,16.252,-1669.739,1513.935,1513.935,,155.804,,,,1181.941,-733.947,,209.131,70.245,454.571,447.994,-103.543,,,16.319,9.854,130.152,139.777,-9.625,0.0,-0.436,344.451,-121.756,222.695,-0.094,,,222.789,0.0,222.789,-1.06,0.0,221.729,221.729,,434.131,0.51,0.51,0.51,439.397,0.51,0.51,0.51,
12/31/2008,2707.573,1978.829,706.287,0.0,22.457,-1610.51,1076.542,1076.542,,533.968,,,,1097.063,-744.22,,192.186,68.36,483.674,352.843,-104.045,,,18.041,7.509,136.958,147.248,-10.29,0.0,-7.363,248.798,-85.24,163.558,-0.518,,,164.076,0.0,164.076,-1.061,0.0,163.015,163.015,,453.711,0.36,0.36,0.35,457.134,0.36,0.36,0.35,
03/31/2009,2695.542,1886.557,788.676,0.0,20.309,-1521.879,924.748,924.748,,591.765,591.765,,5.366,1173.663,-802.866,,208.715,77.038,517.113,370.797,-107.854,110.422,-21.153,18.227,2.926,131.575,141.803,-10.228,,-2.568,262.943,-87.125,175.818,1.751,1.751,0.0,174.067,0.0,174.067,-1.06,0.0,173.007,174.758,0.0,455.192,0.38,0.383922,0.383922,455.952,0.38,0.38384,0.38384,
06/30/2009,2016.083,1733.695,265.884,0.0,16.504,-947.476,797.101,797.101,,146.388,146.388,,3.987,1068.607,-789.239,,202.348,73.073,513.818,279.368,-104.458,107.592,-21.86,18.72,3.14,129.452,139.297,-9.845,,-3.134,174.91,-57.846,117.064,-0.043,-0.043,0.0,117.107,0.0,117.107,-1.06,0.0,116.047,116.004,0.0,456.307,0.25,0.254224,0.254224,456.766,0.25,0.249906,0.249906,
09/30/2009,2314.562,2128.955,169.601,0.0,16.006,-1058.656,982.103,982.103,,71.638,71.638,,4.915,1255.906,-790.758,,198.222,78.914,513.622,465.148,-107.745,108.422,-21.327,18.618,2.709,129.749,139.347,-9.598,,-0.677,357.403,-135.61,221.793,0.965,0.965,0.0,220.828,0.0,220.828,-1.06,0.0,219.768,220.733,0.0,456.769,0.48,0.483249,0.483249,457.453,0.48,0.48211,0.48211,
12/31/2009,2618.116,1955.516,641.542,0.0,21.058,-1433.026,968.538,968.538,,456.649,456.649,,7.839,1185.09,-831.832,,208.767,77.409,545.656,353.258,-91.678,105.582,-25.497,20.121,5.376,131.079,141.207,-10.128,,-13.904,261.58,-90.733,170.847,1.964,1.964,0.0,168.883,0.0,168.883,-1.06,0.0,167.823,169.787,0.0,457.434,0.37,0.37,0.37,458.357,0.37,0.37,0.37,
03/31/2010,2807.462,1995.592,790.15,0.0,21.72,-1577.283,988.478,988.478,,581.113,581.113,,7.692,1230.179,-826.514,,206.126,81.376,539.012,403.665,-114.427,120.752,-15.341,13.29,2.051,136.093,143.83,-7.737,,-6.325,289.238,-121.898,167.34,0.222,0.222,0.0,167.118,0.0,167.118,-1.06,0.0,166.058,166.28,0.0,458.918,0.36,0.362331,0.362331,459.697,0.36,0.360483,0.360483,
06/30/2010,2307.764,2040.702,249.41,0.0,17.652,-1117.755,986.088,986.088,,126.963,126.963,,4.704,1190.009,-864.705,,211.506,81.008,572.191,325.304,-112.813,120.641,-14.239,12.996,1.243,134.88,141.455,-6.575,,-7.828,212.491,-76.866,135.625,-4.151,-4.151,0.0,139.776,0.0,139.776,-1.06,0.0,138.716,134.565,0.0,460.041,0.3,0.29,0.29,460.432,0.3,0.29,0.29,
09/30/2010,2628.787,2440.917,170.594,0.0,17.276,-1186.2,1110.781,1110.781,,66.571,66.571,,8.848,1442.587,-873.957,,221.671,81.791,570.495,568.63,-89.942,120.182,-18.344,13.464,4.88,138.526,144.849,-6.323,,-30.24,478.688,-166.2,312.488,0.182,0.182,0.0,312.306,0.0,312.306,-1.06,0.0,311.246,311.428,0.0,460.471,0.68,0.68,0.68,462.019,0.67,0.67,0.67,
12/31/2010,2566.934,1974.634,572.428,0.0,19.872,-1321.888,925.313,925.313,,388.279,388.279,,8.296,1245.046,-922.676,,219.579,87.719,615.378,322.37,-114.197,119.872,-19.251,16.402,2.849,139.123,147.158,-8.035,,-5.675,208.173,-71.671,136.502,-0.131,-0.131,0.0,136.633,0.0,136.633,-1.06,0.0,135.573,135.442,0.0,468.686,0.29,0.29,0.29,471.325,0.29,0.29,0.29,
03/31/2011,2816.54,2029.972,765.349,0.0,21.219,-1483.259,931.828,931.828,,543.376,543.376,,8.055,1333.281,-906.618,,224.723,96.57,585.325,426.663,-111.195,118.901,-18.017,13.244,4.773,136.918,144.354,-7.436,,-7.706,315.468,-112.001,203.467,-0.102,-0.102,0.0,203.569,0.0,203.569,-1.06,0.0,202.509,202.407,0.0,483.641,0.42,0.418507,0.418507,484.301,0.42,0.418507,0.418507,
06/30/2011,2438.222,2128.397,291.538,0.0,18.287,-1159.36,989.413,989.413,,163.056,163.056,,6.891,1278.862,-919.42,,229.264,92.489,597.667,359.442,-116.238,123.413,-15.087,13.606,1.481,138.5,146.338,-7.838,,-7.175,243.204,-84.533,158.671,-0.091,-0.091,0.0,158.762,0.0,158.762,-1.06,0.0,157.702,157.611,0.0,484.918,0.33,0.33,0.33,485.241,0.33,0.33,0.33,
09/30/2011,2831.598,2619.424,194.93,0.0,17.244,-1244.513,1150.252,1150.252,,87.107,87.107,,7.154,1587.085,-935.589,,242.329,89.018,604.242,651.496,-119.897,127.896,-13.814,11.84,1.974,141.71,148.011,-6.301,,-7.999,531.599,-193.304,338.295,-0.037,-0.037,0.0,338.332,0.0,338.332,-1.414,-3.26,333.658,333.621,0.0,485.344,0.69,0.69,0.69,485.894,0.69,0.69,0.69,
12/31/2011,2568.41,1988.8,560.109,0.0,19.501,-1298.935,920.293,920.293,,370.351,370.351,0.0,8.291,1269.475,-925.474,,194.303,96.738,634.433,344.001,-124.582,133.256,-12.533,12.533,,145.789,152.395,-6.606,,-8.674,219.419,-78.478,140.941,0.432,0.432,0.0,140.509,0.0,140.509,,0.0,140.509,140.941,0.0,486.223,0.29,0.29,0.29,486.991,0.29,0.29,0.29,
03/31/2012,2578.079,1936.782,621.035,0.0,20.262,-1289.23,863.98,863.98,,417.946,417.946,,7.304,1288.849,-908.687,,228.672,105.624,574.391,380.162,-120.878,126.151,-19.072,13.45,5.622,145.223,151.83,-6.607,,-5.273,259.284,-75.515,183.769,-0.124,-0.124,0.0,183.893,0.0,183.893,,0.0,183.893,183.769,0.0,487.36,0.38,0.37707,0.37707,487.995,0.38,0.37707,0.37707,
06/30/2012,2274.668,2036.829,221.313,0.0,16.526,-950.076,854.373,854.373,,89.759,89.759,,5.944,1324.592,-918.902,,226.641,99.632,592.629,405.69,-120.814,128.163,-16.075,15.194,0.881,144.238,151.921,-7.683,,-7.349,284.876,-101.801,183.075,0.015,0.015,0.0,183.06,0.0,183.06,,0.0,183.06,183.075,0.0,487.717,0.38,0.375371,0.375371,488.017,0.38,0.375371,0.375371,
09/30/2012,2724.341,2532.709,174.513,0.0,17.119,-1063.82,1006.83,1006.83,,49.739,49.739,,7.251,1660.521,-940.087,,239.051,100.636,600.4,720.434,-119.442,125.6,-17.68,15.86,1.82,143.28,153.719,-10.439,,-6.158,600.992,-202.845,398.147,0.041,0.041,0.0,398.106,0.0,398.106,,0.0,398.106,398.147,0.0,488.084,0.82,0.815735,0.815735,488.578,0.81,0.810084,0.810084,
12/31/2012,2551.135,2010.976,520.513,0.0,19.646,-1230.815,898.752,898.752,,323.495,323.495,0.0,8.568,1320.32,-1003.923,,231.689,103.032,669.202,316.397,-106.185,115.228,-18.336,18.336,,133.564,144.15,-10.586,,-9.043,210.212,-70.042,140.17,0.0,0.0,0.0,140.17,0.0,140.17,,0.0,140.17,140.17,0.0,488.428,0.29,0.29,0.29,489.136,0.29,0.29,0.29,
03/31/2013,2782.849,2092.196,669.596,0.0,21.057,-1372.829,925.043,925.043,,439.375,439.375,,8.411,1410.02,-955.396,,248.706,113.427,593.263,454.624,-99.602,106.295,-24.56,19.754,4.806,130.855,139.613,-8.758,,-6.693,355.022,-118.434,236.588,0.018,0.018,0.0,236.57,0.0,236.57,,0.0,236.57,236.588,0.0,489.781,0.48,0.483049,0.483049,490.531,0.48,0.480037,0.480037,
06/30/2013,2578.913,2219.877,341.321,0.0,17.715,-1207.69,1011.044,1011.044,,188.765,188.765,,7.881,1371.223,-968.987,,243.934,102.051,623.002,402.236,-106.461,112.898,-23.614,22.109,1.505,136.512,146.828,-10.316,,-6.437,295.775,-98.893,196.882,0.025,0.025,0.0,196.857,0.0,196.857,,0.0,196.857,196.882,0.0,497.747,0.4,0.395546,0.395546,498.036,0.4,0.395546,0.395546,
09/30/2013,2822.338,2599.925,205.358,0.0,17.055,-1180.331,1097.944,1097.944,,74.847,74.847,,7.54,1642.007,-976.894,,228.491,105.287,643.116,665.113,-107.228,112.793,-22.588,21.284,1.304,135.381,144.758,-9.377,,-5.565,557.885,-193.349,364.536,-0.216,-0.216,0.0,364.752,0.0,364.752,,0.0,364.752,364.536,0.0,498.149,0.73,0.731781,0.731781,498.641,0.73,0.729567,0.729567,
12/31/2013,2730.822,2122.047,588.404,0.0,20.371,-1373.896,984.641,984.641,,379.764,379.764,0.0,9.491,1356.926,-1031.344,,256.732,99.735,674.877,325.582,-102.227,108.181,-25.264,24.536,0.728,133.445,144.173,-10.728,,-5.954,223.355,-73.3,150.055,0.0,0.0,0.0,150.055,0.0,150.055,0.0,0.0,150.055,150.055,0.0,498.499,0.3,0.3,0.3,498.802,0.3,0.3,0.3,
03/31/2014,3202.604,2301.71,879.688,0.0,21.206,-1700.278,1067.321,1067.321,,623.828,623.828,,9.129,1502.326,-1008.334,,245.943,124.702,637.689,493.992,-97.0,103.746,-25.8,21.907,3.893,129.546,139.094,-9.548,,-6.746,396.992,-135.771,261.221,0.0,0.0,0.0,261.221,0.0,261.221,0.0,0.0,261.221,261.221,0.0,499.523,0.52,0.52,0.52,499.746,0.52,0.52,0.52,
06/30/2014,2685.096,2297.638,369.127,0.0,18.331,-1259.865,1041.322,1041.322,,210.901,210.901,,7.642,1425.231,-1028.023,,255.307,116.278,656.438,397.208,-97.786,104.387,-24.9,23.608,1.292,129.287,139.4,-10.113,,-6.601,299.422,-104.258,195.164,0.0,0.0,0.0,195.164,0.0,195.164,0.0,0.0,195.164,195.164,0.0,503.272,0.39,0.39,0.39,503.456,0.39,0.39,0.39,
09/30/2014,2869.807,2616.351,236.649,0.0,16.807,-1187.211,1079.855,1079.855,,99.344,99.344,,8.012,1682.596,-1016.916,,255.395,117.958,643.563,665.68,-101.129,108.795,-24.476,23.337,1.139,133.271,143.219,-9.948,,-7.666,564.551,-195.969,368.582,0.0,0.0,0.0,368.582,0.0,368.582,0.0,0.0,368.582,368.582,0.0,506.082,0.73,0.73,0.73,506.365,0.73,0.73,0.73,
12/31/2014,2928.628,2250.191,657.274,0.0,21.163,-1469.619,1021.644,1021.644,,438.406,438.406,,9.569,1459.009,-1067.759,,262.4,106.898,698.461,391.25,-107.094,114.175,-21.927,20.898,1.029,136.102,144.895,-8.793,,-7.081,284.156,-87.817,196.339,0.0,0.0,0.0,196.339,0.0,196.339,0.0,0.0,196.339,196.339,0.0,506.411,0.39,0.39,0.39,506.799,0.39,0.39,0.39,
03/31/2015,2962.219,2224.863,715.996,0.0,21.36,-1432.552,950.132,950.132,,472.371,472.371,,10.049,1529.667,-1178.822,,273.098,136.626,769.098,350.845,-115.199,121.898,-16.898,12.66,4.238,138.796,144.94,-6.144,,-6.699,235.646,-83.58,152.066,0.0,0.0,0.0,152.066,0.0,152.066,0.0,0.0,152.066,231.217,79.151,506.983,0.3,0.3,0.456065,507.393,0.3,0.3,0.455995,
06/30/2015,2515.134,2213.46,284.131,0.0,17.543,-1039.536,904.705,904.705,,126.667,126.667,,8.164,1475.598,-1052.753,,274.602,129.731,648.42,422.845,-116.033,125.027,-13.03,12.641,0.389,138.057,144.222,-6.165,,-8.994,306.812,-109.881,196.931,0.0,0.0,0.0,196.931,0.0,196.931,0.0,0.0,196.931,196.931,0.0,507.707,0.39,0.39,0.39,508.074,0.39,0.39,0.39,
09/30/2015,2901.312,2667.48,216.019,0.0,17.813,-1089.0,1014.726,1014.726,,66.071,66.071,,8.203,1812.312,-1026.5,,280.121,123.081,623.298,785.812,-120.32,129.796,-15.739,15.427,0.312,145.535,152.566,-7.031,,-9.476,665.492,-239.029,426.463,0.0,0.0,0.0,426.463,0.0,426.463,0.0,0.0,426.463,426.463,0.0,508.031,0.84,0.84,0.84,508.427,0.84,0.84,0.84,
12/31/2015,2645.821,2170.183,455.935,0.0,19.703,-1142.875,893.39,893.39,,239.685,239.685,,9.8,1502.946,-1061.936,,296.703,122.237,642.996,441.01,-121.756,130.64,-16.006,15.208,0.798,146.646,153.554,-6.908,,-8.884,319.254,-110.229,209.025,0.0,0.0,0.0,209.025,0.0,209.025,0.0,0.0,209.025,209.025,0.0,508.312,0.41,0.41,0.41,508.738,0.41,0.41,0.41,
03/31/2016,2772.273,2185.119,565.689,0.0,21.465,-1182.214,861.852,861.852,,312.117,312.117,,8.245,1590.059,-1100.189,,320.02,145.323,634.846,489.87,-119.908,133.27,-17.183,13.113,4.07,150.453,156.443,-5.99,,-13.362,369.962,-128.65,241.312,0.0,0.0,0.0,241.312,0.0,241.312,0.0,0.0,241.312,241.312,0.0,508.667,0.47,0.47,0.47,509.15,0.47,0.47,0.47,
06/30/2016,2499.849,2224.142,258.899,0.0,16.808,-954.371,855.968,855.968,,90.071,90.071,,8.332,1545.478,-1113.897,,322.534,138.469,652.894,431.581,-130.389,140.582,-15.714,14.73,0.984,156.296,162.98,-6.684,,-10.193,301.192,-104.397,196.795,0.0,0.0,0.0,196.795,0.0,196.795,0.0,0.0,196.795,196.795,0.0,508.93,0.39,0.39,0.39,509.49,0.39,0.39,0.39,
09/30/2016,3040.147,2799.964,221.956,0.0,18.227,-1113.477,1037.263,1037.263,,67.566,67.566,,8.648,1926.67,-1099.616,,328.503,117.19,653.923,827.054,-130.847,139.741,-18.584,17.199,1.385,158.325,165.857,-7.532,,-8.894,696.207,-238.412,457.795,0.0,0.0,0.0,457.795,0.0,457.795,0.0,0.0,457.795,457.795,0.0,508.941,0.9,0.9,0.9,509.566,0.9,0.9,0.9,
12/31/2016,2794.731,2290.775,484.456,0.0,19.5,-1236.938,962.917,962.917,,263.246,263.246,,10.775,1557.793,-1066.298,,331.943,131.018,603.337,491.495,-154.856,146.407,-8.519,14.958,,154.926,161.72,-6.794,,8.449,336.639,-109.541,227.098,0.0,0.0,0.0,227.098,0.0,227.098,0.0,0.0,227.098,227.098,0.0,507.812,0.445745,0.445745,0.445745,507.812,0.445745,0.445745,0.445745,
03/31/2017,2946.0,2299.0,626.0,0.0,21.0,-1299.0,925.0,925.0,,365.0,365.0,,9.0,1647.0,-1155.0,,365.0,142.0,648.0,492.0,-136.0,144.0,-15.0,14.0,1.0,159.0,166.0,-7.0,,-8.0,356.0,-117.0,239.0,0.0,0.0,0.0,239.0,0.0,239.0,0.0,0.0,239.0,239.0,0.0,508.0,0.47,0.47,0.47,509.0,0.47,0.47,0.47,
06/30/2017,2645.0,2338.0,290.0,0.0,17.0,-1041.0,919.0,919.0,,114.0,114.0,,8.0,1604.0,-1138.0,,366.0,135.0,637.0,466.0,-137.0,138.0,-18.0,16.0,2.0,156.0,164.0,-8.0,,-1.0,329.0,-102.0,227.0,0.0,0.0,0.0,227.0,0.0,227.0,0.0,0.0,227.0,227.0,0.0,509.0,0.45,0.45,0.45,509.0,0.45,0.45,0.45,
09/30/2017,3017.0,2784.0,214.0,0.0,19.0,-1078.0,1006.0,1006.0,,64.0,64.0,,8.0,1939.0,-1115.0,,371.0,134.0,610.0,824.0,-127.0,127.0,-30.0,24.0,6.0,157.0,168.0,-11.0,,0.0,697.0,-205.0,492.0,0.0,0.0,0.0,492.0,0.0,492.0,0.0,0.0,492.0,492.0,0.0,509.0,0.97,0.97,0.97,509.0,0.97,0.97,0.97,
12/31/2017,2796.0,2256.0,520.0,0.0,20.0,-1194.0,906.0,906.0,,279.0,279.0,,9.0,1602.0,-1161.0,,378.0,134.0,649.0,441.0,-134.0,135.0,-21.0,21.0,,156.0,165.0,-9.0,,-1.0,307.0,-118.0,189.0,0.0,0.0,0.0,189.0,0.0,189.0,0.0,0.0,189.0,212.0,23.0,509.0,0.37,0.37,0.416503,509.0,0.37,0.37,0.415187,
03/31/2018,2951.0,2270.0,662.0,0.0,19.0,-1315.0,932.0,932.0,,375.0,375.0,,8.0,1636.0,-1156.0,,383.0,145.0,628.0,480.0,-130.0,136.0,-24.0,23.0,1.0,160.0,171.0,-11.0,,-6.0,350.0,-59.0,291.0,0.0,0.0,0.0,291.0,0.0,291.0,0.0,0.0,291.0,291.0,0.0,509.0,0.57,0.57,0.57,509.0,0.57,0.57,0.57,
06/30/2018,2658.0,2348.0,292.0,0.0,18.0,-1047.0,935.0,935.0,,104.0,104.0,,8.0,1611.0,-1161.0,,377.0,137.0,647.0,450.0,-131.0,135.0,-29.0,26.0,3.0,164.0,175.0,-11.0,,-4.0,319.0,-54.0,265.0,0.0,0.0,0.0,265.0,0.0,265.0,0.0,0.0,265.0,265.0,0.0,510.0,0.52,0.52,0.52,510.0,0.52,0.52,0.52,
09/30/2018,3048.0,2802.0,227.0,0.0,19.0,-1107.0,1040.0,1040.0,,58.0,58.0,,9.0,1941.0,-1245.0,,440.0,135.0,670.0,696.0,-132.0,134.0,-30.0,30.0,0.0,164.0,177.0,-13.0,,-2.0,564.0,-73.0,491.0,0.0,0.0,0.0,491.0,0.0,491.0,0.0,0.0,491.0,491.0,0.0,510.0,0.96,0.96,0.96,511.0,0.96,0.96,0.96,
12/31/2018,2880.0,2300.0,558.0,0.0,22.0,-1262.0,947.0,947.0,,305.0,305.0,,10.0,1618.0,-1279.0,,442.0,139.0,698.0,339.0,-130.0,133.0,-30.0,30.0,,163.0,176.0,-13.0,,-3.0,209.0,6.0,215.0,0.0,0.0,0.0,215.0,0.0,215.0,0.0,0.0,215.0,215.0,0.0,515.0,0.42,0.42,0.42,515.0,0.42,0.42,0.42,
03/31/2019,3141.0,2325.0,794.0,0.0,22.0,-1403.0,914.0,914.0,,479.0,479.0,,10.0,1738.0,-1252.0,,433.0,150.0,669.0,486.0,-146.0,159.0,-20.0,20.0,,179.0,189.0,-10.0,,-13.0,340.0,-25.0,315.0,0.0,0.0,0.0,315.0,0.0,315.0,0.0,0.0,315.0,315.0,0.0,515.0,0.61,0.61,0.61,516.0,0.61,0.61,0.61,
06/30/2019,2577.0,2249.0,308.0,0.0,20.0,-935.0,813.0,813.0,,112.0,112.0,,10.0,1642.0,-1232.0,,439.0,142.0,651.0,410.0,-148.0,159.0,-20.0,20.0,,179.0,189.0,-10.0,,-11.0,262.0,-24.0,238.0,0.0,0.0,0.0,238.0,0.0,238.0,0.0,0.0,238.0,238.0,0.0,516.0,0.46,0.46,0.46,518.0,0.46,0.46,0.46,
09/30/2019,3013.0,2771.0,222.0,0.0,20.0,-1016.0,952.0,952.0,,55.0,55.0,,9.0,1997.0,-1239.0,,447.0,137.0,655.0,758.0,-159.0,177.0,-15.0,15.0,,192.0,199.0,-7.0,,-18.0,599.0,-72.0,527.0,0.0,0.0,0.0,527.0,0.0,527.0,0.0,0.0,527.0,527.0,0.0,519.0,1.02,1.02,1.02,521.0,1.01,1.01,1.01,
12/31/2019,2798.0,2231.0,544.0,0.0,23.0,-1114.0,830.0,830.0,,272.0,272.0,,12.0,1684.0,-1234.0,,446.0,141.0,647.0,450.0,-151.0,163.0,-22.0,22.0,,185.0,195.0,-10.0,,-12.0,299.0,-7.0,292.0,0.0,0.0,0.0,292.0,0.0,292.0,0.0,0.0,292.0,292.0,0.0,525.0,0.56,0.56,0.56,526.0,0.56,0.56,0.56,
03/31/2020,2811.0,2203.0,583.0,0.0,25.0,-1091.0,797.0,797.0,,285.0,285.0,,9.0,1720.0,-1265.0,,463.0,149.0,653.0,455.0,-166.0,166.0,-23.0,23.0,,189.0,199.0,-10.0,,0.0,289.0,6.0,295.0,0.0,0.0,0.0,295.0,0.0,295.0,0.0,0.0,295.0,295.0,0.0,526.0,0.56,0.56,0.56,527.0,0.56,0.56,0.56,
06/30/2020,2586.0,2286.0,280.0,0.0,20.0,-927.0,833.0,833.0,,86.0,86.0,,8.0,1659.0,-1237.0,,473.0,146.0,618.0,422.0,-148.0,159.0,-37.0,37.0,,196.0,208.0,-12.0,,-11.0,274.0,13.0,287.0,0.0,0.0,0.0,287.0,0.0,287.0,0.0,0.0,287.0,287.0,0.0,527.0,0.54,0.54,0.54,527.0,0.54,0.54,0.54,
09/30/2020,3143.5,,,,,,,,,,,,,,,,,,,769.0,,,,,,,,,,,603.0,,568.667,,,,,,568.667,,,568.667,568.667,,,1.099,1.099,1.099,,1.099,1.099,1.099,
12/31/2020,2961.25,,,,,,,,,,,,,,,,,,,501.0,,,,,,,,,,,320.5,,312.667,,,,,,312.667,,,312.667,312.667,,,0.504,0.504,0.504,,0.504,0.504,0.504,
