Date,Revenue,Net Premiums Earned,Net Premiums Earned (NL),Net Premiums Earned (L),Other Premiums Earned (NL & L),Investment Income,Other Operating Income,Policy Charges & Fees,Other Income,Claims & Losses,Claims & Losses (NL),Claims & Losses (L),LT Charges (L),Underwriting Expense & Acq Cost,Underwriting & Acq Cost (NL),Underwriting Cost (NL),Other Cost (NL),Underwriting & Acq Cost (L),Underwriting Cost (L),Other Cost (L),Other Cost (NL & L),Other Operating Expense,Operating Income (Loss),(Income) Loss from Affiliates,Interest Expense,Other Non-Op (Income) Loss,"Pretax Income (Loss), GAAP",Income Tax Expense (Benefit),Income (Loss) from Cont Ops,Net Extraordinary Losses (Gains),Discontinued Operations,XO & Accounting Changes,Income (Loss) Incl. MI,Minority Interest,"Net Income, GAAP",Preferred Dividends,Other Adjustments,"Net Income Avail to Common, GAAP","Net Income Avail to Common, Adj",Net Abnormal Losses (Gains),Basic Weighted Avg Shares,"Basic EPS, GAAP",Basic EPS from Cont Ops,"Basic EPS from Cont Ops, Adjusted",Diluted Weighted Avg Shares,"Diluted EPS, GAAP",Diluted EPS from Cont Ops,"Diluted EPS from Cont Ops, Adjusted",Source: Bloomberg
02/28/1991,162.651001,95.205002,,,,67.446001,0.0,,,-73.043999,73.043999,0.0,0.0,-14.898,,,,,,,,,74.709,,,0.0,74.709,-0.369,74.339996,0.0,,,74.34,0.0,74.339996,0.0,,74.339996,74.339996,,108.061996,0.69,0.69,,108.061996,0.69,0.69,0.69,
05/31/1991,155.128998,98.306999,,,,56.822,0.0,,,-76.228996,76.228996,0.0,0.0,-16.603001,,,,,,,,,62.297001,,,0.0,62.297001,-0.608,61.688999,0.0,,,61.689001,0.0,61.688999,0.0,,61.688999,61.688999,,108.225998,0.57,0.57,,108.225998,0.57,0.57,0.57,
08/31/1991,144.694,97.524002,,,,47.170002,0.0,,,-74.763,74.763,0.0,0.0,-15.837,,,,,,,,,54.094002,,,0.0,54.094002,0.158,54.251999,0.0,,,54.252002,0.0,54.251999,0.0,,54.251999,54.251999,,111.501999,0.485,0.485,,111.501999,0.485,0.485,0.485,
11/30/1991,168.852005,97.224998,,,,71.626999,0.0,,,-76.292999,76.292999,0.0,0.0,-15.692,,,,,,,,,76.866997,,,0.0,76.866997,-0.182,76.684998,0.0,,,76.684997,0.0,76.684998,0.0,,76.684998,76.684998,,114.433998,0.675,0.675,,114.433998,0.675,0.675,0.675,
02/29/1992,161.813004,95.921997,,,,65.891001,0.0,,,-73.525002,73.525002,0.0,0.0,-15.81,,,,,,,,,72.477997,,,0.0,72.477997,-0.351,72.126999,0.0,,,72.126997,0.0,72.126999,0.0,,72.126999,72.126999,,115.222,0.625,0.625,,115.222,0.625,0.625,0.625,
05/31/1992,154.587997,101.651001,,,,52.936998,0.0,,,-78.456001,78.456001,0.0,0.0,-15.339,,,,,,,,,60.792999,,,0.0,60.792999,-0.143,60.650002,0.0,,,60.649999,0.0,60.650002,0.0,,60.650002,60.650002,,113.431999,0.535,0.535,,113.431999,0.535,0.535,0.535,
08/31/1992,178.289001,105.257004,,,,73.032,0.0,,,-80.413002,80.413002,0.0,0.0,-15.645,,,,,,,,,82.231003,,,0.0,82.231003,-0.367,81.863998,0.0,,,81.864003,0.0,81.863998,0.0,,81.863998,81.863998,,112.505997,0.73,0.73,,112.505997,0.73,0.73,0.73,
11/30/1992,171.705002,106.226997,,,,65.477998,0.0,,,-83.931,83.931,0.0,0.0,-16.195999,,,,,,,,,71.578003,,,0.0,71.578003,-0.095,71.483002,0.0,,,71.483003,0.0,71.483002,0.0,,71.483002,71.483002,,115.472,0.615,0.615,0.615,115.472,0.615,0.615,0.615,
02/28/1993,187.806,107.014999,,,,80.791,0.0,,,-82.907997,82.907997,0.0,0.0,-15.206,,,,,,,,,89.692001,,0.0,1.178,90.870001,-0.358,90.512001,0.0,,,90.512001,0.0,90.512001,0.0,,90.512001,90.512001,,112.428001,0.805,0.805,,112.428001,0.805,0.805,0.805,
05/31/1993,201.477997,113.184998,,,,88.292999,0.0,,,-87.815002,87.815002,0.0,0.0,-16.117001,,,,,,,,,97.545998,,0.0,3.587,101.132998,-0.158,100.974998,0.0,,,100.974998,0.0,100.974998,0.0,,100.974998,100.974998,,111.202003,0.91,0.91,,111.202003,0.91,0.91,0.91,
08/31/1993,199.712006,119.209999,,,,80.501999,0.0,,,-91.946999,91.946999,0.0,0.0,-16.487,,,,,,,,,91.278,,0.0,8.02,99.298,-0.141,99.156998,0.0,,,99.157,0.0,99.156998,0.0,,99.156998,99.156998,,110.832001,0.895,0.895,,110.832001,0.895,0.895,0.895,
11/30/1993,192.520004,117.404999,,,,75.115002,0.0,,,-90.585999,90.585999,0.0,0.0,-18.586,,,,,,,,,83.348,,0.0,5.436,88.784,-0.212,88.571999,0.0,,,88.572,0.0,88.571999,0.0,,88.571999,88.571999,,110.442002,0.8,0.8,0.8,110.442002,0.8,0.8,0.8,
02/28/1994,201.227005,137.798996,,,,63.428001,0.0,,,-106.116997,106.116997,0.0,0.0,-19.454,,,,,,,,,75.655998,,0.0,4.315,79.970998,-0.396,79.574997,0.0,,,79.574998,0.0,79.574997,0.0,,79.574997,79.574997,,108.947998,0.73,0.73,,108.947998,0.73,0.73,0.73,
05/31/1994,138.244003,127.976997,,,,10.266998,0.0,,,-102.712997,102.712997,0.0,0.0,-19.871,,,,,,,,,15.66,,0.0,3.588,19.248,-0.339,18.909,0.0,,,18.909,0.0,18.909,0.0,,18.909,18.909,,108.734001,0.175,0.175,,108.734001,0.175,0.175,0.175,
08/31/1994,162.923004,129.164001,,,,33.758999,0.0,,,-100.198997,100.198997,0.0,0.0,-19.275,,,,,,,,,43.449001,,0.0,5.74,49.189001,-0.196,48.993,0.0,,,48.993001,0.0,48.993,0.0,,48.993,48.993,,108.718002,0.45,0.45,,108.718002,0.45,0.45,0.45,
11/30/1994,105.848,126.237,,,,-20.389,0.0,,,-98.142998,98.142998,0.0,0.0,-22.618999,,,,,,,,,-14.914,,0.0,11.385,-3.529,0.006,-3.523,0.0,,,-3.523,0.0,-3.523,0.0,,-3.523,-3.523,,108.372002,-0.035,-0.035,-0.035,108.372002,-0.035,-0.035,-0.035,
02/28/1995,174.042007,130.746002,,,,43.295998,0.0,,,-102.278999,102.278999,0.0,0.0,-19.636999,,,,,,,,,52.125999,,0.0,5.053,57.178999,-0.297,56.882,0.0,,,56.881999,0.0,56.882,0.0,,56.882,56.882,,107.470001,0.53,0.53,0.595,107.470001,0.53,0.53,0.595,
05/31/1995,206.832001,135.145004,,,,71.687001,0.0,,,-106.362,106.362,0.0,0.0,-20.952,,,,,,,,,79.517998,,0.0,15.545,95.062998,-0.532,94.530998,0.0,,,94.530998,0.0,94.530998,0.0,,94.530998,94.530998,,107.545998,0.88,0.88,0.74,107.545998,0.88,0.88,0.74,
08/31/1995,204.466003,139.218994,,,,65.247,0.0,,,-109.169998,109.169998,0.0,0.0,-20.426001,,,,,,,,,74.870003,,0.0,18.448999,93.319002,-0.416,92.903,0.0,,,92.903002,0.0,92.903,0.0,,92.903,92.903,,102.050003,0.91,0.91,0.65,102.050003,0.91,0.91,0.65,
11/30/1995,222.628006,152.938995,,,,69.688999,0.0,,,-123.111,123.111,0.0,0.0,-22.587,,,,,,,,,76.93,,0.0,12.027,88.957,-0.475,88.482002,0.0,,,88.482,0.0,88.482002,0.0,,88.482002,88.482002,,96.426002,0.92,0.92,0.92,96.426002,0.92,0.92,0.92,
02/29/1996,314.089996,130.257996,,,,183.832005,0.0,,,-104.206001,104.206001,0.0,0.0,-17.671,,,,,,,,,192.212997,,0.0,16.113001,208.325998,-1.237,207.089005,0.0,,,207.088998,0.0,207.089005,0.0,,207.089005,207.089005,,95.603996,2.165,2.165,0.78,95.603996,2.165,2.165,0.78,
05/31/1996,198.403,131.951996,,,,66.451,0.0,,,-103.556,103.556,0.0,0.0,-19.648001,,,,,,,,,75.198997,,0.0,14.282,89.480997,-0.495,88.986,0.0,,,88.985997,0.0,88.986,0.0,,88.986,88.986,,93.545998,0.95,0.95,0.74,93.545998,0.95,0.95,0.74,
08/31/1996,170.244003,124.537003,,,,45.707001,0.0,,,-97.904999,97.904999,0.0,0.0,-20.482,,,,,,,,,51.856998,,0.0,13.081,64.937999,-0.393,64.544998,0.0,,,64.544999,0.0,64.544998,0.0,,64.544998,64.544998,,89.842003,0.72,0.72,0.77,89.842003,0.72,0.72,0.77,
11/30/1996,239.964996,131.145004,,,,108.82,0.0,,,-99.690002,99.690002,0.0,0.0,-21.674999,,,,,,,,,118.599998,,0.0,15.773,134.372998,-0.68,133.692993,0.0,,,133.692998,0.0,133.692993,0.0,,133.692993,133.692993,,88.099998,1.52,1.52,1.52,88.099998,1.52,1.52,1.52,
02/28/1997,204.007004,119.836998,,,,84.169998,0.0,,,-84.959999,84.959999,0.0,0.0,-21.490999,,,,,,,,,97.556,,0.0,13.155,110.710999,-2.593,108.117996,0.0,,,108.118,0.0,108.117996,0.0,,108.117996,108.117996,,86.858002,1.24,1.24,0.87,87.82,1.23,1.23,0.86,
05/31/1997,310.290009,129.817001,,,,180.473003,0.0,,,-91.317001,91.317001,0.0,0.0,-22.870001,,,,,,,,,196.102997,,0.0,15.739,211.841997,-0.262,211.580002,0.0,,,211.579997,0.0,211.580002,0.0,,211.580002,211.580002,,84.883003,2.49,2.49,1.01,85.778999,2.47,2.47,0.99,
08/31/1997,310.542999,138.033997,,,,172.509003,0.0,,,-85.022003,85.022003,0.0,0.0,-27.214001,,,,,,,,,195.632996,,-4.414,16.219,207.437995,-0.878,206.559998,0.0,,,206.559995,0.0,206.559998,0.0,,206.559998,206.559998,,84.377998,2.45,2.45,1.12,85.583,2.41,2.41,1.08,
11/30/1997,268.303986,152.964996,,,,115.339001,0.0,,,-104.026001,104.026001,0.0,0.0,-27.09,,,,,,,,,134.018005,,-2.762,20.768999,152.025004,-1.352,150.673004,0.0,,,150.673004,0.03,150.703003,0.0,,150.703003,150.703003,,84.361,1.79,1.79,1.13,85.902,1.75,1.75,1.09,
02/28/1998,260.360992,139.882004,,,,120.479,0.0,,,-81.771004,81.771004,0.0,0.0,-31.479,,,,,,,,,143.772995,,-1.788,15.207,157.191995,-0.7,156.492004,0.0,,,156.491995,-1.081,155.410995,0.0,,155.410995,155.410995,,84.543999,1.84,1.84,1.11,86.003998,1.81,1.81,1.08,
05/31/1998,276.924988,137.787003,,,,134.993,4.145,,,-83.471001,83.471001,0.0,0.0,-36.148998,,,,,,,,,153.966003,,-1.862,19.728001,171.832004,-0.947,170.884995,0.0,,,170.885004,-0.323,170.561996,0.0,,170.561996,170.561996,,84.639999,2.02,2.02,1.15,86.325996,1.98,1.98,1.11,
08/31/1998,532.499,384.136,,,,139.796,8.567,,,-252.496,252.496,0.0,0.0,-133.724,,,,,,,,,140.151,,-8.72,17.451,148.882,-8.733,140.149,0.0,,,140.149,0.122,140.271,0.0,,140.271,140.271,,116.935,1.2,1.2,1.35,121.076,1.17,1.17,1.32,
11/30/1998,406.59,252.017,,,,147.552,7.021,,,-134.058,134.058,0.0,0.0,-76.267,,,,,,,,,185.145,,-5.378,-1.559,178.208,-2.652,175.556,0.0,,,175.556,0.0,175.861,0.0,,175.861,175.861,,111.379,1.58,1.58,1.17,112.708,1.56,1.56,1.15,
02/28/1999,600.460022,386.752991,,,,203.155991,10.551,,,-214.449997,214.449997,0.0,0.0,-143.156998,,,,,,,,,232.445999,,-11.025,-7.307,214.113999,-4.817,209.296997,0.0,,,209.296999,0.515,209.811996,0.0,0.0,209.811996,209.811996,,128.414001,1.63,1.63,1.11,132.404007,1.58,1.58,1.08,
05/31/1999,568.433,414.386,414.386,,0.0,150.177,3.87,,,-351.172,351.172,,,-183.458,,,,,,,,,21.025,,-8.781,0.0,28.886,33.796,62.682,,,,62.682,0.026,62.708,,0.0,62.708,62.708,,126.785,0.49,0.49,0.49,129.876,0.48,0.48,0.48,
09/30/1999,631.418,488.729,,,,113.889,28.8,,,-310.013,310.013,0.0,0.0,-172.072,,,,,,,,,135.469,,-11.414,15.372,139.427,-1.705,137.722,0.0,,,137.722,-0.32,137.402,0.0,,137.402,137.402,,127.544,1.08,1.08,1.08,129.032,1.06,1.06,1.06,
12/31/1999,667.314,460.138,,,,152.452,54.724,,,-428.669,428.669,0.0,0.0,-190.376,,,,,,,,,38.632,,-6.158,16.258,48.732,12.296,61.028,0.0,,,61.028,-0.441,60.587,0.0,0.0,60.587,60.587,,126.225,0.48,0.48,0.24,129.333,0.47,0.47,0.24,
03/31/2000,696.689026,494.498993,,,,197.233994,4.956,,,-302.834015,302.834015,0.0,0.0,-172.970001,,,,,,,,,206.832993,,-8.495,17.479,215.816993,8.147,223.964005,0.0,,,223.963993,-0.205,223.759003,0.0,0.0,223.759003,223.759003,,125.670998,1.78,1.78,1.2,126.764,1.77,1.77,1.19,
06/30/2000,648.22998,503.375,,,,141.515002,3.34,,,-328.540009,328.540009,0.0,0.0,-183.455994,,,,,,,,,122.477997,,-7.402,25.756001,140.831997,2.174,143.005997,0.0,,,143.005997,-0.522,142.483994,0.0,0.0,142.483994,142.483994,,124.431,1.15,1.15,1.09,125.68,1.13,1.13,1.08,
09/30/2000,676.133972,539.945007,,,,135.649993,0.539,,,-338.0,338.0,0.0,0.0,-196.841003,,,,,,,,,127.692001,,-7.822,18.447001,138.317002,0.945,139.261993,0.0,,,139.262002,0.199,139.460999,0.0,,139.460999,139.460999,,123.820999,1.13,1.13,1.12,126.286003,1.1,1.1,1.1,
12/31/2000,622.051,497.421,,,,142.909,5.958,,,-463.185,463.185,0.0,0.0,-87.279,,,,,,,,,24.175,,-8.428,-59.624,-43.877,0.0,1.213,0.0,,,-43.877,-0.565,0.648,0.0,0.0,0.648,0.648,,124.089,0.01,0.01,1.15,126.911,0.01,0.01,1.13,
03/31/2001,752.48999,542.153992,,,,203.266994,7.069,,,-330.20401,330.20401,,0.0,-198.929993,,,,,,,,,208.888,,-21.257,29.558001,217.189001,2.909,220.098007,0.0,,,220.098001,-1.169,218.929001,0.0,0.0,218.929001,218.929001,,124.463997,1.76,1.76,1.76,126.781998,1.73,1.73,1.73,
06/30/2001,772.572998,640.984009,,,,120.095999,11.493,,,-386.950989,386.950989,,0.0,-225.100006,,,,,,,,,145.819,,-26.167999,21.906,141.557001,-13.603,127.954002,,,,127.954001,0.652,128.606003,0.0,0.0,128.606003,128.606003,,125.396004,1.03,1.03,1.03,127.764999,1.01,1.01,1.01,
09/30/2001,847.109985,751.523987,,,,87.596001,7.99,,,-1403.045021,1356.572021,46.473,0.0,-309.071011,,,,,,,,,-880.051025,,-28.339001,0.07,-908.320026,67.898003,-840.421997,,,,-840.422023,0.39,-840.031982,0.0,,-840.031982,-840.031982,,125.431,-6.7,-6.7,-6.7,125.431,-6.7,-6.7,-6.7,
12/31/2001,1638.261,1528.466,,,,118.1,-8.305,,,-1483.706,831.504,652.202,0.0,-328.618,,,,,,,,,-188.416,,-37.508,11.562,-214.362,132.71,-81.652,0.0,,,-81.652,-1.986,-83.638,0.0,0.0,-83.638,-83.638,,130.625,-0.64,-0.64,-0.02,133.238,-0.64,-0.64,-0.02,
03/31/2002,1128.295,1064.715,1025.522,39.193,0.0,55.631,7.949,,,-690.061,642.298,47.763,0.0,-330.877,,,,,,,,,106.743,,-41.622,32.217,105.702,-13.954,91.748,0.0,,,91.748,-2.255,89.493,0.0,0.0,89.493,89.493,,135.119,0.66,0.66,0.66,137.843,0.65,0.65,0.65,
06/30/2002,1137.607056,1057.541016,,,,59.606995,20.459,,,-840.912985,822.096985,18.816,0.0,-355.166005,,,,,,,,,-58.483002,,-40.139,31.552999,-67.069002,-22.9,-89.969002,0.0,,,-89.969002,-1.779,-91.748001,0.0,0.0,-91.748001,-91.748001,,135.662003,-0.68,-0.68,-0.68,135.662003,-0.68,-0.68,-0.68,
09/30/2002,2331.775879,2147.980957,,,,173.713002,10.082,,,-1637.946045,834.205017,803.741028,0.0,-440.92899,,,,,,,,,252.026001,,-51.814999,13.005,213.216002,-24.285999,188.929993,0.0,,,188.930003,-2.494,186.436005,-2.369,0.0,184.067005,184.067005,,135.789993,1.36,1.36,1.36,137.348999,1.34,1.34,1.34,
12/31/2002,1915.709,1719.573,,,,179.663,16.473,,,-1227.851,1028.715,199.136,0.0,-502.762,,,,,,,,,180.409,,-34.51,43.841,189.74,38.493,228.233,0.0,,,228.233,-6.843,221.39,-7.251,0.0,214.139,214.139,,135.887,1.58,1.58,1.82,137.582,1.56,1.56,1.82,
03/31/2003,1792.44,1551.631,,,,201.734,39.075,,,-1004.812,885.254,119.558,0.0,-430.831,,,,,,,,,356.422,,-46.14,-38.385,271.897,-20.03,251.867,0.0,,,251.867,-1.862,250.005,-10.148,0.0,239.857,239.857,,136.216,1.76,1.76,1.84,137.631,1.74,1.74,1.82,
06/30/2003,1857.582031,1575.80896,,,,271.980995,9.792,,,-1020.800011,937.575012,83.224998,0.0,-452.573991,,,,,,,,,343.949005,,-46.282001,0.0,297.667004,-11.009,360.838013,0.0,,,286.658004,-3.166,357.671997,-10.013,0.0,347.658998,347.658998,,136.791,2.54,2.54,1.97,138.634003,2.51,2.51,1.94,
09/30/2003,1969.332031,1785.447998,,,,217.003,3.92,,,-1273.511986,1173.557983,99.954002,0.0,-537.223975,,,,,,,,,158.220993,,-49.671001,0.0,108.549992,-14.89,109.814003,0.0,,,93.659991,-0.763,109.051003,-10.08,0.0,98.971003,98.971003,,136.826004,0.72,0.72,0.9,138.423004,0.71,0.71,0.9,
12/31/2003,2316.79,2056.262,,,,244.772,15.756,,,-2130.376,1614.219,516.157,0.0,-504.499,,,,,,,,,-321.597,,-57.314,61.755,-317.156,15.88,-301.276,0.0,,,-301.276,-3.473,-304.749,-10.08,0.0,-314.829,-314.829,,137.275,-2.29,-2.29,-2.54,138.594,-2.29,-2.29,-2.54,
03/31/2004,2101.88,1732.802,,,,362.171,6.907,,,-1102.534,987.258,115.276,0.0,-522.57,,,,,,,,,473.519,,-50.25,79.525,502.794,-35.885,466.909,0.0,,,466.909,-4.66,462.249,-10.08,,452.169,452.169,,137.624,3.29,3.29,2.41,139.044,3.25,3.25,2.39,
06/30/2004,3150.361,2870.115,,,,280.063,0.183,,,-2106.971,1096.84,1010.131,,-601.506,,,,,,,,,438.627,,-59.12,6.407,408.234,-32.266,375.968,0.0,,,375.968,-2.284,373.684,-10.08,0.0,363.604,363.604,,137.655,2.64,2.64,2.33,138.741,2.62,2.62,2.23,
09/30/2004,2363.504,2026.242,,,,321.233,16.029,,,-1757.942,1629.938,128.004,,-612.862,,,,,,,,,-10.556,,-83.048,113.391,47.624,-13.975,33.649,0.0,,,33.649,-1.097,32.552,-10.081,,22.471,22.471,,138.043,0.16,0.16,-0.23,138.932,0.16,0.16,-0.23,
12/31/2004,2401.215,1952.855,,,,391.585,56.775,,,-1424.576,1197.452,227.124,,-587.443,,,,,,,,,383.139,,-99.816,24.368,307.691,-9.217,298.474,0.0,,,298.474,-0.346,298.128,-10.08,,288.048,288.048,,138.195,2.08,2.08,1.44,139.23,2.07,2.07,1.43,
03/31/2005,2330.649,1899.435,,,,414.054,17.16,,,-1268.688,1143.061,125.627,0.0,-541.55,,,,,,,,,517.618,,-88.286,78.842,508.174,-52.874,455.3,0.0,,,455.3,-2.275,453.025,-10.08,,442.945,442.945,,138.035,3.21,3.21,2.52,139.147,3.18,3.18,2.49,
06/30/2005,4119.235,3712.768,1779.553,1933.215,0.0,409.515,-3.048,,,-3282.371,1261.707,2020.664,0.0,-559.938,,,,,,,,,273.883,,-97.766,13.713,189.83,-41.776,148.054,0.0,,,148.054,-2.079,145.975,-10.08,,135.895,135.895,,138.948,0.98,0.98,0.73,140.404,0.97,0.97,0.72,
09/30/2005,2239.572,1800.054,1712.09,87.964,0.0,437.897,1.621,,,-2733.926,2590.969,142.957,0.0,-558.333,,,,,,,,,-1055.355,,-89.748,61.055,-1084.048,47.338,-1036.71,0.0,,,-1036.71,-2.411,-1039.121,-10.08,,-1049.201,-1049.201,,139.266,-7.53,-7.53,-8.01,139.266,-7.53,-7.53,-8.01,
12/31/2005,2479.486,1953.238,1818.167,135.071,0.0,484.313,41.935,,,-2659.38,2469.264,190.116,0.0,-517.582,,,,,,,,,-699.724,,-128.049,19.335,-808.438,-1.972,-810.41,0.0,,,-810.41,-1.445,-811.855,-10.08,0.0,-821.935,-821.935,,149.177,-5.51,-5.51,-5.82,149.177,-5.51,-5.51,-5.82,
03/31/2006,2473.262,1818.549,1727.884,90.665,0.0,641.751,12.962,,,-1240.004,1097.124,142.88,0.0,-528.648,,,,,,,,,703.515,,-127.869,-7.42,537.477,-66.636,470.841,0.0,,,470.841,-2.258,468.583,-10.08,0.0,458.503,458.503,,178.424,2.57,2.57,2.57,179.158,2.56,2.56,2.56,
06/30/2006,2470.476,1984.59,1804.696,179.894,0.0,473.622,12.264,,,-1352.014,1119.561,232.453,0.0,-574.976,,,,,,,,,543.066,,-134.632,45.172,453.606,-66.437,387.169,0.0,,,387.169,0.0,387.169,-10.08,0.0,377.089,377.089,,178.728,2.11,2.11,2.11,179.198,2.1,2.1,2.1,
09/30/2006,2324.794,1855.064,1757.246,97.818,0.0,466.236,3.494,,,-1196.195,1040.167,156.028,0.0,-537.302,,,,,,,,,590.877,,-150.388,37.391,477.88,-43.655,434.225,0.0,,,434.225,-8.355,425.87,-10.081,0.0,415.789,415.789,,178.818,2.33,2.33,2.33,179.439,2.32,2.32,2.32,
12/31/2006,2402.11,1911.405,1720.387,191.018,0.0,482.059,8.646,,,-1220.236,981.786,238.45,,-644.059,,,,,,,,,537.395,,-139.386,295.08,538.555,-42.917,495.638,,,,495.638,-14.403,481.235,-10.081,,471.154,471.154,,179.099,2.62,2.62,,179.832,2.62,2.62,2.62,
03/31/2007,2364.506,1791.044,1644.05,146.994,0.0,570.125,3.337,,,-1183.13,994.787,188.343,0.0,-540.454,,,,,,,,,640.502,,-142.791,176.018,650.16,-72.755,577.405,0.0,,,577.405,-14.898,562.507,-12.789,0.0,549.718,549.718,,178.772,3.07,3.07,3.07,179.601,3.06,3.06,3.06,
06/30/2007,2529.653,1930.305,1690.452,239.853,0.0,594.699,4.649,,,-1221.048,941.948,279.1,0.0,-604.573,,,,,,,,,703.612,,-164.695,86.082,624.999,-61.288,563.711,0.0,,,563.711,-9.096,554.615,-10.08,0.0,544.535,544.535,,178.378,3.05,3.05,2.89,181.613,3.0,3.0,2.849,
09/30/2007,2083.852,1730.582,1583.343,147.239,0.0,349.617,3.653,,,-1116.004,920.564,195.44,0.0,-523.617,,,,,,,,,443.811,,-151.018,137.558,430.351,-58.715,371.636,0.0,,,371.636,0.0,371.636,-43.661,0.0,327.975,327.975,,178.788,1.83,1.83,3.15,179.781,1.82,1.82,1.82,
12/31/2007,1831.704,1753.425,1586.464,166.961,0.0,75.647,2.632,,,-1209.479,983.704,225.775,0.0,-539.979,,,,,,,,,81.826,,-163.401,-2064.188,-1171.771,-41.164,-1212.935,0.0,,,-1212.935,0.066,-1212.869,-2.984,,-1215.853,-1215.853,,176.802,-6.88,-7.75,-6.01,177.467,-6.88,-7.75,-6.01,
03/31/2008,2162.313,1712.362,1552.78,159.582,0.0,441.66,8.291,,,-1197.192,1000.893,196.299,0.0,-530.121,,,,,,,,,434.58,,-124.112,-3.041,275.075,-30.702,244.373,0.0,,,244.373,,244.373,-32.5,0.0,211.873,211.873,,176.336,1.2,1.2,1.57,176.827,1.2,1.2,1.57,
06/30/2008,2145.034,1681.722,1508.787,172.935,0.0,450.516,12.796,,,-1148.31,938.585,209.725,0.0,-544.535,,,,,,,,,443.833,,-65.441,-89.336,289.056,-51.205,237.851,0.0,,0.0,237.851,,237.851,0.0,0.0,237.851,237.851,,179.054,1.33,1.33,3.0,179.054,1.33,1.33,1.49,
09/30/2008,1798.687,1694.631,1525.023,169.608,0.0,84.924,19.132,,,-1409.426,1209.565,199.861,0.0,-536.311,,,,,,,,,-148.436,,-78.0,-2801.43,-1568.681,-47.843,-1616.524,0.0,,,-1616.524,,-1616.524,-32.5,0.0,-1649.024,-1649.024,,270.844,-6.09,-6.09,0.4,270.844,-6.09,-6.09,0.4,
12/31/2008,1319.781,1551.387,1403.661,147.726,0.0,-243.545,11.939,,,-976.974,813.855,163.119,0.0,-495.427,,,,,,,,,-153.362,,-84.247,-1209.744,-1326.685,-92.828,-1419.513,0.0,,,-1419.513,,-1419.513,-13.645,0.0,-1433.158,-1433.158,,330.81011,-4.33,-4.33,0.57,330.81011,-4.33,-4.33,0.57,
03/31/2009,1531.408,1451.521,1321.687,129.834,0.0,94.622,-14.735,12.158,-26.893,-948.242,790.283,157.959,,-486.606,452.176,251.04,201.136,20.924,3.841,17.083,13.506,24.159,120.719,,-61.341,0.0,49.05,-45.953,3.097,0.0,0.0,0.0,3.097,,3.097,-36.534,211.816,178.379,-53.4665,-231.8455,336.217,0.53,0.53,-0.159024,336.218,0.53,0.53,-0.159569,
06/30/2009,1725.497,1429.7,1281.749,147.951,0.0,248.887,46.91,9.824,37.086,-954.216,779.628,174.588,,-487.519,444.901,247.169,197.732,29.809,4.269,25.54,12.809,-145.685,138.077,17.667,-54.198,0.0,83.879,-16.045,85.501,0.0,0.0,0.0,85.501,0.04,85.541,-5.592,0.0,79.949,299.95,220.001,342.154,0.23,0.23,0.876652,342.468,0.23,0.23,0.872399,
09/30/2009,1489.018,1445.719,1293.879,151.84,0.0,-7.508,50.807,8.519,42.288,-1003.305,818.238,185.067,,-446.942,402.317,213.338,188.979,29.77,5.903,23.867,14.855,16.378,55.149,,-53.469,0.0,24.707,-3.616,21.091,0.0,0.0,0.0,21.091,0.007,21.098,-32.5,0.0,-11.402,300.2535,311.6555,342.118,-0.03,-0.03,0.877631,342.62,-0.03,-0.03,0.877631,
12/31/2009,1447.724,1379.9,1254.424,125.476,0.0,28.738,39.086,12.7,26.386,-940.636,780.688,159.948,,-488.314,1655.596,879.727,775.869,93.698,16.009,77.689,-1260.98,18.499,37.273,30.114,-47.496,0.0,-10.223,-54.693,-34.802,0.0,0.0,0.0,-34.802,0.057,-34.745,-5.574,0.0,-40.319,236.9185,277.2375,342.123122,-0.12,-0.12,0.692495,342.689503,-0.12,-0.12,0.689005,
03/31/2010,1636.749,1368.485,1263.601,104.884,0.0,251.668,16.596,8.418,8.178,-1015.943,892.2,123.743,,-430.245,378.011,195.264,182.747,21.398,3.008,18.39,30.836,20.618,211.179,,-49.07,0.0,173.715,-29.836,143.879,0.0,0.0,0.0,143.879,0.001,143.88,-32.5,16.616,127.996,55.552,-72.444,342.148,0.37,0.37,0.162362,342.76,0.37,0.37,0.158645,
06/30/2010,1552.692,1302.761,1216.313,86.448,0.0,221.312,28.619,9.535,19.084,-870.54,747.165,123.375,,-425.427,409.91,242.102,167.808,15.517,2.765,12.752,0.0,8.312,265.037,21.013,-49.149,0.0,215.888,-42.976,193.925,0.0,0.0,0.0,193.925,0.08,194.005,-2.194,0.0,191.811,263.1365,71.3255,342.056,0.56,0.56,0.769279,342.878,0.56,0.56,0.76802,
09/30/2010,1620.142,1365.327,1268.741,96.586,0.0,240.448,14.367,11.262,3.105,-956.338,811.98,144.358,,-434.366,392.095,200.036,192.059,8.486,2.372,6.114,33.785,-45.005,184.433,14.035,-58.609,0.0,125.824,-29.81,110.049,0.0,0.0,0.0,110.049,-32.506,77.543,0.0,0.0,77.543,199.76,122.217,338.724,0.23,0.23,0.589743,339.819,0.23,0.23,0.52,
12/31/2010,1588.999,1377.488,1282.482,95.006,0.0,179.964,31.547,10.812,20.735,-882.812,760.455,122.357,,-469.325,1556.843,817.689,739.154,59.574,10.47,49.104,-1147.092,0.878,237.74,74.718,-56.815,0.0,180.925,-60.115,195.528,0.0,0.0,0.0,195.528,-7.406,188.122,0.0,0.0,188.122,242.434,54.312,322.500686,0.58,0.58,0.74,327.638945,0.57,0.57,0.74,
03/31/2011,1614.858,1361.383,1271.696,89.687,0.0,217.393,36.082,8.932,27.15,-1342.096,1208.865,133.231,,-449.482,390.895,209.725,181.17,9.486,2.166,7.32,49.101,-9.514,-186.234,13.636,-54.147,0.0,-240.381,32.797,-193.948,0.0,0.0,0.0,-193.948,-33.336,-227.284,0.0,0.0,-227.284,-162.855,64.429,311.478,-0.73,-0.73,-0.52,311.478,-0.73,-0.73,-0.52,
06/30/2011,1695.182,1398.339,1306.125,92.214,0.0,276.011,20.832,10.582,10.25,-961.0,823.584,137.416,,-481.241,468.706,263.375,205.331,12.491,2.723,9.768,0.044,8.498,261.439,46.251,-55.099,0.0,206.34,-24.826,227.765,0.0,0.0,0.0,227.765,-2.102,225.663,0.0,0.0,225.663,243.133,17.47,309.184,0.73,0.73,0.78637,341.989,0.69,0.69,0.75,
09/30/2011,1658.019,1453.326,1362.532,90.794,0.0,200.836,3.857,10.98,-7.123,-1127.608,988.059,139.549,,-455.368,396.673,198.313,198.36,11.545,2.352,9.193,47.15,39.425,114.468,35.552,-48.911,0.0,65.557,-24.718,76.391,0.0,0.0,0.0,76.391,-33.993,42.398,0.0,0.0,42.398,42.835,0.437,311.714,0.14,0.14,0.137418,313.848,0.14,0.14,0.137418,
12/31/2011,1728.744,1477.082,1386.759,90.323,0.0,244.432,7.23,11.254,-4.024,-1182.761,1057.883,124.878,,-524.237,468.456,153.341,315.115,16.107,2.07,14.037,39.674,-426.789,-405.043,-18.653,-47.435,0.0,-452.478,-42.96,-514.091,0.0,0.0,0.0,-514.091,-1.446,-515.537,0.0,0.0,-515.537,-78.275,437.262,319.136299,-1.62,-1.62,-0.245271,319.136299,-1.62,-1.62,-0.25,
03/31/2012,1752.432,1436.418,1357.898,78.52,0.0,286.747,29.267,9.859,19.408,-975.372,854.065,121.307,,-506.562,440.593,224.093,216.5,10.258,2.607,7.651,55.711,-12.718,257.78,16.253,-39.298,0.0,218.482,-21.55,213.185,0.0,0.0,0.0,213.185,-36.557,176.628,0.0,0.0,176.628,165.231,-11.397,315.12,0.56,0.56,0.524343,317.639,0.56,0.56,0.52,
06/30/2012,1748.84,1486.593,1400.97,85.623,0.0,245.937,16.31,13.213,3.097,-957.503,826.354,131.149,,-517.99,445.244,234.237,211.007,10.759,2.829,7.93,61.987,17.976,291.323,20.457,-57.359,0.0,233.964,-29.812,224.609,0.0,0.0,0.0,224.609,-3.455,221.154,0.0,0.0,221.154,221.94,0.786,309.765,0.71,0.71,0.716479,312.435,0.71,0.71,0.712516,
09/30/2012,1817.638,1548.041,1468.554,79.487,0.0,240.242,29.355,13.306,16.049,-1013.515,894.077,119.438,,-542.092,460.274,234.021,226.253,12.445,2.351,10.094,69.373,-18.69,243.341,2.763,-37.907,0.0,205.434,-0.451,207.746,0.0,0.0,0.0,207.746,-35.844,171.902,0.0,0.0,171.902,176.572,4.67,304.199,0.57,0.57,0.580449,307.764,0.56,0.56,0.580449,
12/31/2012,1913.487,1619.386,1538.557,80.829,0.0,258.741,35.36,15.411,19.949,-1305.287,1190.985,114.302,,-520.803,1092.012,219.613,872.399,50.428,9.335,41.093,-621.637,2.887,90.284,,-37.64,0.0,67.058,17.785,84.843,0.0,0.0,0.0,84.843,-3.399,81.444,0.0,0.0,81.444,38.883,-42.561,300.512874,0.27,0.27,0.129389,304.490554,0.27,0.27,0.129389,
03/31/2013,1862.406,1529.691,1464.246,65.445,0.0,290.862,41.853,9.632,32.221,-954.037,843.084,110.953,,-504.091,440.574,224.418,216.156,6.698,2.595,4.103,56.819,33.435,437.713,,-38.7,0.0,430.011,-43.479,386.532,0.0,0.0,0.0,386.532,-35.742,350.79,0.0,0.0,350.79,368.474,17.684,295.0,1.19,1.19,1.249064,299.469,1.17,1.17,0.93,
06/30/2013,1888.216,1562.393,1488.497,73.896,0.0,268.409,57.414,10.871,46.543,-1054.373,937.606,116.767,,-535.045,458.767,234.136,224.631,9.461,2.206,7.255,66.817,11.331,310.129,32.825,-38.204,0.0,271.925,-28.872,275.878,0.0,0.0,0.0,275.878,-3.18,272.698,0.0,0.0,272.698,221.591,-51.107,289.513,0.94,0.94,0.765392,294.333,0.93,0.93,0.756363,
09/30/2013,1878.109,1625.312,1550.629,74.683,0.0,236.843,15.954,10.875,5.079,-1123.069,1006.52,116.549,,-549.834,467.209,234.991,232.218,8.769,2.659,6.11,73.856,-20.303,184.903,24.59,-37.926,0.0,146.977,-0.897,170.67,0.0,0.0,0.0,170.67,-35.022,135.648,0.0,0.0,135.648,145.992,10.344,285.393,0.48,0.48,0.511547,290.49,0.47,0.47,0.511547,
12/31/2013,1912.503,1592.125,1510.727,81.398,0.0,257.177,63.201,8.653,54.548,-1065.687,944.254,121.433,,-533.531,465.023,255.37,209.653,10.663,1.466,9.197,57.845,3.78,317.065,,-40.632,0.0,307.824,-4.257,303.567,0.0,0.0,0.0,303.567,-2.787,300.78,0.0,0.0,300.78,295.605,-5.175,281.403151,1.07,1.07,1.050468,286.007396,1.05,1.05,1.0,
03/31/2014,1787.824,1488.839,1412.528,76.311,0.0,254.228,44.757,11.454,33.303,-945.092,831.505,113.587,,-509.838,436.149,243.914,192.235,10.367,3.188,7.179,63.322,-10.441,322.453,,-42.941,0.0,325.797,-34.321,291.476,0.0,0.0,0.0,291.476,-35.759,255.717,0.0,0.0,255.717,287.963,32.246,276.337,0.93,0.93,1.042072,280.458,0.91,0.91,0.85,
06/30/2014,1823.506,1496.594,1438.076,58.518,0.0,299.523,27.389,9.706,17.683,-913.179,827.88,85.299,,-517.648,442.249,261.512,180.737,62.586,58.704,3.882,12.813,-687.564,-294.885,27.738,-14.085,0.0,-308.97,5.654,-275.578,0.0,0.0,0.0,-275.578,-3.682,-279.26,0.0,0.0,-279.26,441.567,720.827,270.924,-1.03,-1.03,1.629856,270.924,-1.03,-1.03,1.02,
09/30/2014,1543.332,1473.412,1453.673,19.739,0.0,34.638,35.282,10.782,24.5,-879.689,859.588,20.101,,-524.137,449.71,268.918,180.792,4.875,2.785,2.09,69.552,23.348,162.854,20.021,-42.851,0.0,120.003,-30.057,109.967,0.0,0.0,0.0,109.967,-37.583,72.384,0.0,0.0,72.384,98.197,25.813,264.353,0.27,0.27,0.371462,269.14,0.27,0.27,0.371462,
12/31/2014,1664.991,1436.225,1413.161,23.064,0.0,196.748,32.018,11.688,20.33,-763.396,739.42,23.976,,-526.094,454.89,284.651,170.239,60.485,59.521,0.964,10.719,-173.299,202.202,,-34.229,0.0,181.147,-38.173,142.974,0.0,0.0,0.0,142.974,-3.474,139.5,0.0,0.0,139.5,406.794,267.294,257.040133,0.54,0.54,1.582609,262.146892,0.53,0.53,1.549634,
03/31/2015,1422.615,1334.0,1319.494,14.506,0.0,48.558,40.057,4.728,35.329,-789.214,769.827,19.387,,-479.352,402.831,250.952,151.879,65.191,63.374,1.817,11.33,-27.39,126.659,,-51.438,0.0,97.889,-24.218,73.671,0.0,0.0,0.0,73.671,-37.39,36.281,0.0,0.0,36.281,-26.18,-62.461,255.724,0.14,0.14,-0.102376,260.704,0.14,0.14,-0.102376,
06/30/2015,2685.296,2082.053,2063.795,18.258,0.0,560.854,42.389,11.012,31.377,-1173.276,1151.195,22.081,,-848.971,703.821,363.888,339.933,132.612,130.928,1.684,12.538,330.033,993.082,9.462,-49.667,0.0,943.415,-32.959,919.918,0.0,0.0,0.0,919.918,-4.879,915.039,0.0,0.0,915.039,1006.587,91.548,289.42,3.16,3.16,3.477946,293.983,3.11,3.11,0.84,
09/30/2015,2569.702,2423.552,2405.74,17.812,0.0,142.51,3.64,7.355,-3.715,-1486.864,1464.285,22.579,,-979.315,827.337,422.893,404.444,4.703,-0.026,4.729,147.275,-11.661,91.862,8.196,-51.929,0.0,39.933,37.042,85.171,0.0,0.0,0.0,85.171,-57.889,27.282,0.0,0.0,27.282,116.46972,89.18772,301.867,0.09,0.09,0.385831,306.954,0.09,0.09,0.380557,
12/31/2015,2631.313,2386.82,2375.155,11.665,0.0,224.058,20.435,10.106,10.329,-1432.843,1380.893,51.95,,-976.749,810.804,400.406,410.398,2.95,0.386,2.564,162.995,21.329,243.05,4.414,-52.181,0.0,190.869,39.296,234.579,0.0,0.0,0.0,234.579,-6.029,228.55,0.0,0.0,228.55,210.233,-18.317,300.723684,0.76,0.76,0.69909,302.298268,0.76,0.76,0.69909,
03/31/2016,2417.227,2354.61,2351.446,3.164,0.0,58.934,3.683,8.262,-4.579,-1387.422,1382.485,4.937,,-918.648,793.472,391.666,401.806,114.189,112.728,1.461,10.987,33.819,144.976,12.65,-52.303,0.0,92.673,-22.295,83.028,0.0,0.0,0.0,83.028,-61.143,21.885,0.0,0.0,21.885,-63.277,-85.162,291.969,0.07,0.07,-0.216725,296.666,0.07,0.07,-0.216725,
06/30/2016,2647.422,2532.212,2528.704,3.508,0.0,91.169,24.041,10.862,13.179,-1637.868,1632.386,5.482,,-943.041,794.425,375.728,418.697,2.228,0.405,1.823,146.388,19.1,85.613,21.418,-55.738,0.0,29.875,-2.467,48.826,0.0,0.0,0.0,48.826,-5.044,43.782,0.0,0.0,43.782,-16.6215,-60.4035,281.793,0.16,0.16,-0.058985,285.082,0.15,0.15,-0.058985,
09/30/2016,2588.12,2434.037,2431.677,2.36,0.0,133.327,20.756,8.6,12.156,-1497.678,1491.803,5.875,,-912.346,773.023,370.137,402.886,1.144,0.142,1.002,138.179,5.365,183.461,12.41,-49.445,0.0,134.016,-17.749,128.677,0.0,0.0,0.0,128.677,-58.076,70.601,0.0,0.0,70.601,246.212905,175.611905,273.66,0.26,0.26,0.899704,277.094,0.25,0.25,0.883763,
12/31/2016,2893.317,2457.075,2454.06,3.015,0.0,378.272,57.97,7.968,50.002,-1578.111,1566.161,11.95,,-909.998,761.479,369.972,391.507,395.053,393.564,1.489,-246.534,-41.618,363.59,-2.081,-52.277,0.0,311.313,0.382,309.614,0.0,0.0,0.0,309.614,-4.914,304.7,0.0,0.0,304.7,614.350375,309.650375,272.053571,1.12,1.12,2.258196,272.681106,1.12,1.12,2.255577,
03/31/2017,2755.361,2522.791,2519.481,3.31,0.0,180.648,51.922,13.661,38.261,-1590.747,1583.456,7.291,,-903.907,902.367,467.805,434.562,1.54,0.233,1.307,0.0,3.336,264.043,13.609,-50.711,0.0,213.332,-13.092,213.849,0.0,0.0,0.0,213.849,-61.006,152.843,0.0,0.0,152.843,199.572,46.729,265.69,0.58,0.58,0.751146,269.767,0.57,0.57,0.74322,
06/30/2017,2787.76,2516.917,2514.093,2.824,0.0,229.8,41.043,10.225,30.818,-1536.678,1529.083,7.595,,-906.362,790.418,358.116,432.302,1.56,0.278,1.282,114.384,5.643,350.363,42.704,-54.018,0.0,296.345,-29.006,310.043,0.0,0.0,0.0,310.043,-8.423,301.62,0.0,0.0,301.62,383.398,81.778,260.99,1.16,1.16,1.469014,264.943,1.14,1.14,0.96,
09/30/2017,2883.984,2620.902,2617.756,3.146,0.0,193.957,69.125,11.469,57.656,-3077.315,3066.723,10.592,,-855.041,778.009,333.45,444.559,1.312,0.186,1.126,75.72,-1.582,-1049.954,4.872,-33.919,-55.017,-1138.89,60.132,-1073.886,0.0,0.0,0.0,-1073.886,30.197,-1043.689,0.0,0.0,-1043.689,-958.261769,85.427231,257.022,-4.06,-4.06,-3.728326,261.298,-4.06,-4.06,-3.733066,
12/31/2017,2901.052,2676.002,2672.948,3.054,0.0,199.447,25.603,13.292,12.311,-1836.369,1822.658,13.711,,-879.889,823.95,352.16,471.79,1.49,0.278,1.212,54.449,1.418,186.212,2.46,-51.711,0.0,134.501,-77.104,59.857,0.0,0.0,0.0,59.857,-31.029,28.828,0.0,0.0,28.828,147.511183,118.683183,256.010421,0.11,0.11,0.576192,259.438654,0.11,0.11,0.567461,
03/31/2018,2814.942,2600.288,2597.181,3.107,0.0,162.268,52.386,6.717,45.669,-1632.313,1622.006,10.307,,-936.39,852.876,390.06,462.816,1.152,0.141,1.011,82.362,-9.841,236.398,10.282,-53.545,0.0,182.853,-31.902,161.233,0.0,0.0,0.0,161.233,-8.585,152.648,0.0,0.0,152.648,222.109,69.461,256.922,0.59,0.59,0.8645,261.176,0.58,0.58,0.845955,
06/30/2018,3022.62,2695.169,2692.664,2.505,0.0,302.599,24.852,8.304,16.548,-1731.426,1721.309,10.117,,-941.999,471.491,471.491,,,,,470.508,12.14,361.335,51.187,-48.686,0.0,312.649,-27.036,336.8,0.0,0.0,0.0,336.8,-17.804,318.996,0.0,0.0,318.996,262.605393,-56.390607,258.375,1.23,1.23,1.016373,263.822,1.21,1.21,0.996255,
09/30/2018,3012.0,,,,,,,,,,,,,,,,,,,,,,224.0,,,,,,,,,,,,,,,,196.0,,,0.74,0.74,0.795,,0.74,0.74,0.795,
12/31/2018,3046.0,,,,,,,,,,,,,,,,,,,,,,274.0,,,,,,,,,,,,,,,,270.5,,,1.0,1.0,1.02,,1.0,1.0,1.02,
