Date,Revenue,Sales & Services Revenue,Cost of Revenue,Cost of Goods & Services,Gross Profit,Other Operating Income,Operating Expenses,"Selling, General & Admin",Selling & Marketing,General & Administrative,Research & Development,Depreciation & Amortization,Other Operating Expense,Operating Income (Loss),Non-Operating (Income) Loss,"Interest Expense, Net",Interest Expense,Interest Income,Other Investment (Inc) Loss,Foreign Exch (Gain) Loss,Other Non-Op (Income) Loss,Pretax Income,Income Tax Expense (Benefit),Income (Loss) from Cont Ops,Net Extraordinary Losses (Gains),Discontinued Operations,XO & Accounting Changes,Income (Loss) Incl. MI,Minority Interest,"Net Income, GAAP",Preferred Dividends,Other Adjustments,"Net Income Avail to Common, GAAP","Net Income Avail to Common, Adj",Net Abnormal Losses (Gains),Basic Weighted Avg Shares,"Basic EPS, GAAP",Basic EPS from Cont Ops,"Basic EPS from Cont Ops, Adjusted",Diluted Weighted Avg Shares,"Diluted EPS, GAAP",Diluted EPS from Cont Ops,"Diluted EPS from Cont Ops, Adjusted",Source: Bloomberg
09/30/1990,9.552,,,,,,,,,,,,,,,,,,,,,,,,,,,,,1.734,,,1.734,1.734,,,,,,,,,,
12/28/1990,11.148,,,,,,,,,,,,,,,,,,,,,,,,,,,,,1.884,,,1.884,1.884,,,,,,,,,,
03/28/1991,8.771999,,-4.867,,3.904999,,-1.75,,,,,,,2.155,0.019,,0.006,,,0.0,-0.025,2.174,-0.035,2.139,0.0,,,2.139,0.0,2.139,0.0,,2.139,2.139,,,0.0,,,,,,,
06/29/1991,12.128,,-5.761,,6.367,,-2.532,,,,,,,3.835,0.016,,0.005,,,0.0,-0.021,3.851,-0.061,3.79,0.0,,,3.79,0.0,3.79,0.0,,3.79,3.79,,,0.0,,,,,,,
09/28/1991,11.907,,-6.248,,5.658999,,-2.226,,,,,,,3.433,0.111,,0.005,,,0.0,-0.116,3.544,-0.658,2.886,0.0,,,2.886,0.0,2.886,0.0,,2.886,2.886,,,0.0,,,,,,,
12/28/1991,12.816,,-6.645,,6.171,,-2.904,,,,,,,3.267,0.48,,0.055,,,0.0,-0.535,3.747,-1.723,2.024,0.0,,,2.024,0.0,2.024,0.0,,2.024,2.024,,,0.0,,,,,,,
03/28/1992,13.17,,-7.023,,6.147,,-2.905,,,,,,,3.242,0.485,,0.059,,,-0.071,-0.473,3.727,-1.397,2.33,0.0,,,2.33,0.0,2.33,0.0,,2.33,2.33,,53.900999,0.042222,0.042222,,53.900999,0.042222,0.042222,0.042222,
06/27/1992,14.928,,-7.476,,7.452001,,-3.297,,,,,,,4.155,0.757,,0.061,,,-0.028,-0.79,4.912,-1.797,3.115,0.0,,,3.115,0.0,3.115,0.0,,3.115,3.115,,53.900999,0.057778,0.057778,,53.900999,0.057778,0.057778,0.057778,
09/26/1992,14.643,,-7.334,,7.309,,-3.288,,,,,,,4.021,0.755,,0.057,,,-0.06,-0.752,4.776,-1.67,3.106,0.0,,,3.106,0.0,3.106,0.0,,3.106,3.106,,53.900999,0.057778,0.057778,,53.900999,0.057778,0.057778,0.057778,
12/31/1992,15.97,,-7.886,,8.084,,-4.095,,,,,,,3.989,0.429,,0.056,,,0.159,-0.644,4.418,-1.126,3.292,0.0,,,3.292,0.0,3.292,0.0,,3.292,3.292,,53.900999,0.062222,0.062222,,53.900999,0.062222,0.062222,0.062222,
04/03/1993,18.997,,-9.71,,9.287,,-3.818,,,,,,,5.469,0.561,,0.052,,,-0.005,-0.608,6.03,-2.389,3.641,0.0,,,3.641,0.0,3.641,0.0,,3.641,3.641,,53.954999,0.066667,0.066667,,53.954999,0.066667,0.066667,0.066667,
07/03/1993,21.643999,,-11.001,,10.642999,,-4.478,,,,,,,6.165,0.563,,0.052,,,-0.101,-0.514,6.728,-2.447,4.281,0.0,,,4.281,0.0,4.281,0.0,,4.281,4.281,,53.954999,0.08,0.08,,53.954999,0.08,0.08,0.08,
10/02/1993,23.070999,,-11.736,,11.334999,,-4.852,,,,,,,6.483,1.738,,0.052,,,-0.012,-1.778,8.221,-3.119,5.102,0.0,,,5.102,0.0,5.102,0.0,,5.102,5.102,,53.959501,0.095556,0.095556,,53.959501,0.095556,0.095556,0.095556,
12/31/1993,23.743999,,-11.442,,12.301999,,-5.522,,,,,,,6.78,0.709,,0.053,,,0.118,-0.88,7.489,-2.258,5.231,0.0,,,5.231,0.0,5.231,0.0,,5.231,5.231,,53.963998,0.097778,0.097778,,53.963998,0.097778,0.097778,0.097778,
04/02/1994,21.975,,-11.543,,10.432,,-4.647,,,,,,,5.785,0.684,,0.05,,,0.011,-0.745,6.469,-2.322,4.147,0.0,,,4.147,0.0,4.147,0.0,,4.147,4.147,,54.013501,0.077778,0.077778,,54.013501,0.077778,0.077778,0.077778,
06/30/1994,25.886999,,-13.473,,12.414,,-5.341,,,,,,,7.073,0.707,,0.061,,,-0.002,-0.766,7.78,-2.727,5.053,0.0,,,5.053,0.0,5.053,0.0,,5.053,5.053,,54.0315,0.093333,0.093333,,54.0315,0.093333,0.093333,0.093333,
10/01/1994,28.247999,,-14.205,,14.042999,,-5.534,,,,,,,8.509,0.559,,0.025,,,-0.064,-0.52,9.068,-3.412,5.656,0.0,,,5.656,0.0,5.656,0.0,,5.656,5.656,,54.0855,0.104444,0.104444,,54.0855,0.104444,0.104444,0.104444,
12/31/1994,30.993,,-15.859,,15.134,,-6.158,,,,,,,8.976,0.583,,0.14,,,0.055,-0.778,9.559,-3.342,6.217,0.0,,,6.217,0.0,6.217,0.0,,6.217,6.217,,54.130501,0.113333,0.113333,,54.130501,0.113333,0.113333,0.113333,
04/01/1995,34.391998,,-17.914,,16.477999,,-6.986,,,,,,,9.492,0.957,,0.003,,,-0.108,-0.852,10.449,-3.836,6.613,0.0,,,6.613,0.0,6.613,0.0,,6.613,6.613,,54.157499,0.122222,0.122222,,54.157499,0.122222,0.122222,0.122222,
07/01/1995,35.487999,,-18.886999,,16.601,,-6.475,,,,,,,10.126,0.957,,0.007,,,-0.032,-0.932,11.083,-3.991,7.092,0.0,,,7.092,0.0,7.092,0.0,,7.092,7.092,,54.18,0.131111,0.131111,0.131111,54.18,0.131111,0.131111,0.131111,
09/30/1995,37.48,,-19.214001,,18.265999,,-14.554,,,,,,,3.712,0.909,,,,,0.0,-0.909,4.621,-3.657,0.964,0.0,,,0.964,0.0,0.964,0.0,,0.964,0.964,,54.301502,0.017778,0.017778,0.017778,54.301502,0.017778,0.017778,0.017778,
12/31/1995,41.233002,,-21.591,,19.642002,,-10.447,,,,,,,9.195,2.625,,,,,0.14,-2.765,11.82,-3.925,7.895,0.0,,,7.895,0.0,7.895,0.0,,7.895,7.895,,54.373501,0.146667,0.146667,,54.373501,0.146667,0.146667,0.146667,
03/30/1996,36.526001,,-18.961,,17.565001,,-9.122,,,,,,,8.443,0.168,,,,,0.0,-0.168,8.611,-2.903,5.708,0.459,,,5.249,0.0,5.249,0.0,,5.249,5.249,,54.425248,0.097778,0.106667,0.106667,54.544501,0.097778,0.102222,0.102222,
06/29/1996,38.919998,,-20.468,,18.451998,,-9.759,,,,,,,8.693,1.529,,,,,0.0,-1.529,10.222,-3.44,6.782,0.522,,,6.26,0.0,6.26,0.0,,6.26,6.26,,54.4455,0.115556,0.124444,0.124444,54.533249,0.115556,0.124444,0.124444,
09/28/1996,41.858002,,-21.763,,20.095001,,-8.342,,,,,,,11.753,1.396,,,,,0.0,-1.396,13.149,-4.526,8.623,-0.092,,,8.715,0.0,8.715,0.0,,8.715,8.715,,54.456748,0.16,0.16,0.16,54.513001,0.16,0.16,0.16,
12/31/1996,46.675999,,-24.110001,,22.565998,,-8.992,,,,,,,13.574,1.833,,,,,0.0,-1.833,15.407,-5.667,9.74,1.049,,,8.691,0.0,8.691,0.0,,8.691,8.691,,54.501749,0.16,0.177778,0.177778,54.57825,0.16,0.177778,0.177778,
03/29/1997,41.008999,,-20.577999,,20.431,,-9.261,,,,,,,11.17,7.122,,,,,0.0,-7.122,18.292,-6.766,11.526,0.291,,,11.235,0.0,11.235,0.0,,11.235,11.235,,54.539999,0.204444,0.213333,0.213333,54.605248,0.204444,0.208889,0.208889,
06/28/1997,47.844002,,-23.546,,24.298002,,-11.768,,,,,,,12.53,2.236,,,,,0.0,-2.236,14.766,-5.121,9.645,2.364,,,7.281,0.0,7.281,0.0,,7.281,7.281,,54.548999,0.133333,0.177778,0.177778,54.659248,0.133333,0.177778,0.177778,
09/27/1997,49.889,,-24.878,,25.011,,-11.36,,,,,,,13.651,1.888,,,,,0.0,-1.888,15.539,-5.594,9.945,0.0,,,9.945,0.0,9.945,0.0,,9.945,9.945,,54.57825,0.182222,0.182222,0.182222,54.760499,0.182222,0.182222,0.182222,
12/31/1997,53.328999,,-24.868999,,28.459999,,-13.036,,,,,,,15.424,2.713,,,,,0.0,-2.713,18.137,-6.443,11.694,0.0,,,11.694,0.0,11.694,0.0,,11.694,11.694,,54.6255,0.213333,0.213333,0.213333,54.839248,0.213333,0.213333,0.213333,
04/04/1998,80.797997,,-41.937,,38.860996,,-20.752001,,,,,,,18.108999,2.629,,0.002,,,0.0,-2.631,20.737999,-7.575,13.163,0.0,,,13.162999,0.0,13.163,0.0,,13.163,13.163,,69.736499,0.191111,0.191111,0.191111,70.472248,0.186667,0.186667,0.186667,
06/28/1998,87.040001,,-45.339001,,41.701,,-20.464001,,,,,,,21.237,0.861,,0.406,,,0.0,-1.267,22.097999,-8.061,14.037,0.0,,,14.037,0.0,14.037,0.0,,14.037,14.037,,69.518249,0.2,0.2,0.2,70.089748,0.2,0.2,0.2,
09/27/1998,88.068001,,-45.687,,42.381001,,-21.009001,,,,,,,21.372,-0.635,,0.0,,,0.0,0.635,20.737,-7.524,13.213,0.0,,,13.213,0.0,13.213,0.0,,13.213,13.213,,69.511498,0.191111,0.191111,0.191111,70.058248,0.186667,0.186667,0.186667,
12/31/1998,80.077003,,-47.209999,,32.867004,,-23.868999,,,,,,,8.998,-7.549959,,0.017,,,0.0,7.532959,1.448041,-1.792,-0.344,0.0,,,-0.343959,0.0,-0.344,0.0,,-0.344,-0.344,,69.549748,-0.004444,-0.004444,0.128889,70.0695,-0.004444,-0.004444,0.128889,
04/03/1999,90.691002,,-48.234001,,42.457001,,-22.634001,,,,,,,19.823,0.427,,0.003,,,0.0,-0.43,20.25,-7.6,12.65,0.0,,,12.65,0.0,12.65,0.0,0.0,12.65,12.65,,69.6555,0.182222,0.182222,0.195556,70.058248,0.182222,0.182222,0.195556,
07/03/1999,98.204002,,-49.500999,,48.703003,,-23.882999,,,,,,,24.82,1.938,,0.015,,,0.0,-1.953,26.758,-9.636,17.122,0.0,,,17.122,0.0,17.122,0.0,0.0,17.122,17.122,,69.846748,0.244444,0.244444,0.253333,70.386752,0.244444,0.244444,0.253333,
10/02/1999,104.903999,,-49.287998,,55.616001,,-22.643999,,,,,,,32.972,-1.916,,0.003,,,0.0,1.913,31.056,-11.124,19.931999,0.0,,,19.932001,0.0,19.931999,0.0,0.0,19.931999,19.931999,,70.305749,0.284444,0.284444,0.297778,71.208002,0.28,0.28,0.293333,
12/31/1999,108.414001,,-51.918999,,56.495003,,-23.985001,,,,,,,32.509998,-1.774,,0.188,,,0.0,1.586,30.735998,-10.808,19.927999,0.0,,,19.927999,0.0,19.927999,0.0,0.0,19.927999,19.927999,,70.557748,0.284444,0.284444,0.297778,71.666998,0.28,0.28,0.293333,
04/01/2000,99.635002,,-50.255001,,49.380001,,-24.094999,,,,,,,25.285,-1.491,,0.018,,,0.0,1.473,23.794,-8.566,15.228,0.0,,,15.228,0.0,15.228,0.0,0.0,15.228,15.228,,70.7895,0.213333,0.213333,0.222222,71.900999,0.213333,0.213333,0.222222,
07/01/2000,129.994995,,-67.682999,,62.311996,,-29.684,,,,,,,32.627998,-6.612,,0.015,,,0.0,6.597,26.015998,-9.366,16.65,0.0,,,16.649998,0.0,16.65,0.0,0.0,16.65,16.65,,69.696,0.24,0.24,0.311111,70.587,0.235556,0.235556,0.306667,
09/30/2000,129.716995,,-65.537003,,64.179993,,-27.674,,,,,,,36.506001,-1.21,,0.022,,,0.0,1.188,35.296001,-12.706,22.59,0.0,,,22.59,0.0,22.59,0.0,0.0,22.59,22.59,,68.607001,0.328889,0.328889,0.346667,69.40575,0.324444,0.324444,0.342222,
12/31/2000,122.222,,-65.666,,56.556,,-31.239,,,,,,,25.316999,1.488,,1.065,,,0.0,-2.553,26.804999,-9.651,17.153999,0.0,,,17.153999,0.0,17.153999,0.0,0.0,17.153999,17.153999,,68.548499,0.248889,0.248889,0.253333,69.176252,0.248889,0.248889,0.253333,
03/31/2001,115.143997,,-61.122002,,54.021996,,-28.507,,,,,,,25.514999,0.939,,0.092,,,0.0,-1.031,26.453999,-9.524,16.93,0.0,,,16.929999,0.0,16.93,0.0,0.0,16.93,16.93,,68.717251,0.244444,0.244444,0.253333,69.277502,0.244444,0.244444,0.253333,
06/30/2001,112.935,,-60.601,,52.334,,-30.537,,,,,,,21.797,0.814,,0.028,,,,-0.842,22.611,-8.14,14.471,,,,14.471,,14.471,,,14.471,14.471,,68.84775,0.208889,0.208889,0.208889,69.36975,0.208889,0.208889,0.208889,
09/29/2001,110.318001,,-58.280998,,52.037003,,-28.011999,,,,,,,24.025,-0.773,,0.012,,,0.0,0.761,23.252,-8.37,14.882,0.0,,,14.882,0.0,14.882,0.0,0.0,14.882,14.882,,68.976,0.217778,0.217778,0.244444,69.482251,0.213333,0.213333,0.24,
12/31/2001,111.611,,-60.111,,51.5,,-28.540001,,,,,,,22.959999,0.862,,0.18,,,0.0,-1.042,23.821999,-8.576,15.246,0.0,,,15.245999,0.0,15.246,0.0,0.0,15.246,15.246,,69.147001,0.222222,0.222222,0.226667,69.689249,0.217778,0.217778,0.222222,
03/30/2002,110.184998,,-58.173,,52.011997,,-29.101,,,,,,,22.910999,0.426,,0.055,,,0.0,-0.481,23.336999,-8.397,14.94,0.0,,,14.939999,0.0,14.94,0.0,0.0,14.94,14.94,,69.29775,0.213333,0.213333,0.226667,69.921,0.213333,0.213333,0.226667,
06/29/2002,115.951,,-60.202,,55.749,,-30.783,,,,,,,24.966,0.743,0.032,0.032,,,,-0.775,25.709,-9.249,16.46,,,,16.46,,16.46,,,16.46,16.46,,69.597,0.235556,0.235556,0.235556,70.26525,0.235556,0.235556,0.235556,
09/28/2002,123.151001,,-62.729,,60.422001,,-31.538,,,,,,,28.884001,1.68,,0.114,,,0.0,-1.794,30.564001,-10.697,19.867001,0.0,,,19.867001,0.0,19.867001,0.0,0.0,19.867001,19.867001,,69.786002,0.284444,0.284444,0.284444,70.339498,0.28,0.28,0.28,
12/31/2002,126.323997,,-63.759998,,62.563999,,-34.146999,,,,,,,28.417,2.856,,0.118,,,0.0,-2.974,31.273,-10.945,20.327999,0.0,,,20.328,0.0,20.327999,0.0,0.0,20.327999,20.327999,,70.004252,0.293333,0.293333,0.293333,70.652248,0.288889,0.288889,0.288889,
03/29/2003,124.684998,,-60.335999,,64.348999,,-32.705002,,,,,,,31.643999,2.264,,0.038,,,0.0,-2.302,33.907999,-11.868,22.040001,0.0,,,22.039999,0.0,22.040001,0.0,0.0,22.040001,22.040001,,70.1955,0.315556,0.315556,0.315556,70.861498,0.311111,0.311111,0.311111,
06/28/2003,129.863007,,-63.305,,66.558006,,-34.932999,,,,,,,31.625,2.624,,0.014,,,0.0,-2.638,34.249,-11.987,22.261999,0.0,,,22.262,0.0,22.261999,0.0,0.0,22.261999,22.261999,,70.5555,0.315556,0.315556,0.315556,71.343,0.311111,0.311111,0.311111,
09/27/2003,134.649002,,-66.875999,,67.773003,,-34.077,,,,,,,33.695999,-1.327,,0.064,,,0.0,1.263,32.368999,-9.37,22.999001,0.0,,,22.998999,0.0,22.999001,0.0,0.0,22.999001,22.999001,,70.879498,0.326667,0.326667,0.326667,71.785498,0.32,0.32,0.32,
12/31/2003,147.199997,,-72.803001,,74.396996,,-40.210999,,,,,,,34.186001,1.28,,0.038,,,0.0,-1.318,35.466001,-11.071,24.395,0.0,,,24.395001,0.0,24.395,0.0,0.0,24.395,24.395,,70.989,0.34,0.34,0.366667,71.992498,0.34,0.34,0.36,
04/03/2004,154.173996,,-73.570999,,80.602997,,-39.498001,,,,,,,41.105,1.69,,0.026,,,,-1.716,42.795,-14.861,27.934,0.0,,,27.934,0.0,27.934,0.0,0.0,27.934,27.934,,71.25,0.393333,0.393333,0.4,72.268501,0.386667,0.386667,0.393333,
07/03/2004,162.830002,,-78.315002,,84.514999,,-40.409,,,,,,,44.105999,1.05,,0.006,,,,-1.056,45.155999,-15.729,29.427,0.0,,,29.426999,0.0,29.427,0.0,0.0,29.427,29.427,,71.559002,0.413333,0.413333,0.42,72.553499,0.406667,0.406667,0.413333,
10/02/2004,171.175995,,-84.029999,,87.145996,,-41.325001,,,,,,,45.820999,2.139,,0.007,,,,-2.146,47.959999,-16.641001,31.319,0.0,,,31.318998,0.0,31.319,0.0,0.0,31.319,31.319,,71.695999,0.44,0.44,0.45,72.672997,0.43,0.43,0.44,
12/31/2004,174.874,,-83.979,,90.895,,-44.589,,,,,,,46.306,2.331,,0.005,,,,-2.336,48.637,-16.674,31.963,0.0,,,31.963,0.0,31.963,0.0,0.0,31.963,31.963,,71.773,0.45,0.45,0.45,72.719,0.44,0.44,0.44,
04/02/2005,170.727,,-83.599,,87.128,,-49.065,,,,,,,38.063,1.506,,0.003,,,-0.053,-1.456,39.569,-13.75,25.819,,,,25.819,,25.819,,,25.819,25.819,,71.873,0.36,0.36,0.37,72.649,0.36,0.36,0.37,
07/02/2005,176.614,,-87.467,,89.147,,-53.623,,,,,,,35.524,3.473,0.027,0.027,,,-0.812,-2.688,38.997,-13.551,25.446,0.0,,,25.446,0.0,25.446,0.0,0.0,25.446,25.446,,72.013,0.35,0.35,0.35,72.679,0.35,0.35,0.35,
10/01/2005,175.636,,-88.103,,87.533,,-49.249,,,,,,,38.284,3.515,0.041,0.041,,,-0.334,-3.222,41.799,-13.724,28.075,0.0,,,28.075,0.0,28.075,0.0,0.0,28.075,28.075,,71.263,0.39,0.39,0.39,71.817,0.39,0.39,0.39,
12/31/2005,179.294,,-89.682,,89.612,,-52.715,,,,,,,36.897,3.021,,0.008,,,-0.087,-2.942,39.918,-13.073,26.845,0.0,,,26.845,0.0,26.845,0.0,0.0,26.845,26.845,,70.385,0.38,0.38,0.38,70.945,0.38,0.38,0.38,
04/01/2006,175.814,,-93.116,,82.698,,-49.54,,,,,,,33.158,4.651,,0.218,,,-0.11,-4.759,37.809,-13.037,24.772,-1.319,,,26.091,,26.091,,,26.091,26.091,,70.566,0.37,0.35,0.35,71.119,0.37,0.35,0.35,
07/01/2006,187.421,,-97.895,,89.526,,-51.696,,,,,,,37.83,4.417,0.013,0.013,,,0.38,-4.81,42.247,-14.575,27.672,0.0,,,27.672,0.0,27.672,0.0,0.0,27.672,27.672,,70.781,0.39,0.39,0.39,71.229,0.39,0.39,0.39,
09/30/2006,186.386,,-98.6,,87.786,,-50.672,,,,,,,37.114,-47.219,0.005,0.005,,,-0.457,47.671,-10.105,5.842,-4.263,0.0,,,-4.263,0.0,-4.263,0.0,0.0,-4.263,-4.263,,70.802,-0.06,-0.06,0.45,70.802,-0.06,-0.06,0.45,
12/31/2006,209.903,,-111.493,,98.41,,-60.148,,,,,,,38.262,-6.571,0.016,0.016,,,0.822,5.733,31.691,-10.245,21.446,0.0,,,21.446,0.0,21.446,0.0,0.0,21.446,21.446,,70.108,0.31,0.31,0.43,70.499,0.3,0.3,0.42,
03/31/2007,208.576,,-108.786,,99.79,,-62.604,,,,,,,37.186,3.702,,0.01,,,-0.175,-3.537,40.888,-14.172,26.716,0.0,,,26.716,0.0,26.716,0.0,0.0,26.716,26.716,,68.908,0.39,0.39,0.42,69.367,0.39,0.39,0.42,
06/30/2007,208.912,,-109.51,,99.402,,-65.433,,,,,,,33.969,5.166,,0.01,,,0.182,-5.358,39.135,-13.502,25.633,0.0,,,25.633,0.0,25.633,0.0,0.0,25.633,25.633,,69.098,0.37,0.37,0.37,69.559,0.37,0.37,0.37,
09/29/2007,217.218,,-112.59,,104.628,0.0,-67.606,50.774,29.08,,,,16.832,37.022,4.14,,0.073,,,0.023,-4.236,41.162,-14.201,26.961,,,,26.961,0.0,26.961,0.0,0.0,26.961,26.961,,68.58,0.39,0.39,0.39,69.005,0.39,0.39,0.39,
12/31/2007,233.573,,-120.275,,113.298,,-76.436,,,,,,,36.862,9.329,-0.049,0.0,-0.049,,-0.553,-8.727,46.191,-15.388,30.803,0.0,,,30.803,0.0,30.803,0.0,0.0,30.803,30.803,,67.472,0.46,0.46,0.46,67.913,0.45,0.45,0.45,
03/29/2008,246.277,,-123.362,,122.915,,-80.327,53.598,28.553,,,,26.729,42.588,-0.383,,,,,-0.7,1.083,42.205,-14.561,27.644,,,,27.644,,27.644,0.0,0.0,27.644,27.644,,66.134,0.42,0.42,0.45,66.518,0.42,0.42,0.45,
06/28/2008,253.782,,-126.067,,127.715,,-86.066,,,,,,,41.649,-2.678,,0.0,,,0.069,2.609,38.971,-13.445,25.526,0.0,,,25.526,0.0,25.526,0.0,0.0,25.526,25.526,,65.128,0.39,0.39,0.44,65.502,0.39,0.39,0.44,
09/27/2008,244.073,,-126.287,,117.786,0.0,-78.104,51.682,33.148,,,,26.422,39.682,-4.08,,0.0,,,-0.247,4.327,35.602,-9.832,25.77,0.0,,,25.77,0.0,25.77,0.0,0.0,25.77,25.77,,64.328,0.4,0.4,0.37,64.653,0.4,0.4,0.37,
12/31/2008,232.568,,-121.679,,110.889,,-77.847,,,,,,,33.042,-161.733,,0.0,,,-2.64,164.373,-128.691,11.33,-117.361,0.0,,,-117.361,0.0,-117.361,0.0,0.0,-117.361,-117.361,,62.561,-1.88,-1.88,-0.16,62.561,-1.88,-1.88,-0.16,
04/04/2009,192.609,192.609,-106.8,106.8,85.809,0.0,-71.635,44.901,22.676,22.225,21.804,2.634,2.296,14.174,-0.423,,,,-1.178,1.284,0.317,13.751,-4.399,9.352,0.0,0.0,0.0,9.352,0.0,9.352,0.0,0.0,9.352,10.8444,1.4924,60.266,0.16,0.16,0.179942,60.332,0.16,0.16,0.179942,
07/04/2009,187.676,187.676,-105.94,105.94,81.736,0.0,-69.351,42.81,23.724,19.086,20.614,2.575,3.352,12.385,0.864,,,,-1.014,0.131,0.019,13.249,-4.238,9.011,0.0,0.0,0.0,9.011,0.0,9.011,0.0,0.0,9.011,11.1898,2.1788,59.271,0.15,0.15,0.18879,59.352,0.15,0.15,0.18671,
10/03/2009,200.778,200.778,-109.08,109.08,91.698,0.0,-76.548,49.141,25.793,23.348,21.155,2.649,3.603,15.15,1.19,,,,-0.901,-0.575,0.286,16.34,-5.229,11.111,0.0,0.0,0.0,11.111,0.0,11.111,0.0,0.0,11.111,13.45295,2.34195,58.954,0.19,0.19,0.228194,59.083,0.19,0.19,0.228194,
12/31/2009,222.522,222.522,-121.044,121.044,101.478,0.0,-75.24,48.379,28.006,20.373,21.516,2.608,2.737,26.238,0.944,,,,-0.695,-0.795,0.546,27.182,-9.552,17.63,0.0,0.0,0.0,17.63,0.0,17.63,0.0,0.0,17.63,18.8533,1.2233,58.583,0.3,0.3,0.321822,58.769,0.3,0.3,0.320815,
04/03/2010,211.975,211.975,-114.212,114.212,97.763,0.0,-64.822,43.991,24.673,19.318,18.324,0.741,1.766,32.941,0.74,,,,-0.842,-0.168,0.27,33.681,-8.134,25.547,0.814,0.814,0.0,24.733,0.0,24.733,0.0,0.0,24.733,26.6949,1.1479,58.016,0.43,0.44,0.46013,58.265,0.42,0.43,0.449701,
07/03/2010,218.558,218.558,-119.149,119.149,99.409,0.0,-67.496,45.637,27.682,17.955,20.653,0.74,0.466,31.913,0.603,,,,-0.634,-0.424,0.455,32.516,-10.331,22.185,-0.492,-0.492,0.0,22.677,0.0,22.677,0.0,0.0,22.677,22.4879,0.3029,57.489,0.39,0.38,0.391169,57.737,0.39,0.38,0.385246,
10/02/2010,229.807,229.807,-120.56,120.56,109.247,0.0,-68.916,46.215,28.068,18.147,21.862,0.839,0.0,40.331,0.327,,,,-0.635,0.148,0.16,40.658,-13.411,27.247,1.096,1.096,0.0,26.151,0.0,26.151,0.0,0.0,26.151,27.247,0.0,56.739,0.46,0.48,0.48,56.998,0.46,0.48,0.48,
12/31/2010,234.019,234.019,-119.663,119.663,114.356,0.0,-71.326,49.751,31.942,17.809,21.736,0.891,-1.052,43.03,-0.278,,,,-0.567,0.613,0.232,42.752,-13.117,29.635,1.418,1.418,0.0,28.217,0.0,28.217,0.0,0.0,28.217,28.9512,-0.6838,56.332,0.5,0.53,0.513939,56.692,0.5,0.53,0.513939,
04/02/2011,237.301,237.301,-117.303,117.303,119.998,0.0,-75.636,51.234,28.528,22.706,21.681,0.835,1.886,44.362,0.012,,,,-0.56,0.294,0.254,44.374,-14.246,30.128,-31.506,-31.506,0.0,61.634,0.0,61.634,0.0,0.0,61.634,31.3539,1.2259,55.353,1.11,0.54,0.566435,55.774,1.1,0.54,0.56198,
07/02/2011,245.541,245.541,-123.843,123.843,121.698,0.0,-75.027,51.638,30.95,20.688,22.487,0.836,0.066,46.671,-0.42,,,,-0.656,0.833,0.243,46.251,-13.082,33.169,0.205,0.205,0.0,32.964,0.0,32.964,0.0,0.0,32.964,33.2119,0.0429,54.546,0.6,0.6,0.608879,54.958,0.6,0.6,0.600781,
10/01/2011,253.338,253.338,-129.785,129.785,123.553,0.0,-74.673,51.108,31.942,19.166,22.584,0.843,0.138,48.88,-0.898,,,,-0.134,0.173,0.859,47.982,-13.795,34.187,-10.814,-10.814,0.0,45.001,0.0,45.001,0.0,0.0,45.001,34.2767,0.0897,53.339,0.84,0.64,0.64262,53.628,0.84,0.64,0.641673,
12/31/2011,247.308,247.308,-125.788,125.788,121.52,0.0,-79.397,55.466,36.377,19.089,23.174,0.806,-0.049,42.123,-1.011,,,,-0.594,0.706,0.899,41.112,-8.253,32.859,-2.185,-2.185,0.0,35.044,0.0,35.044,0.0,0.0,35.044,32.82715,-0.03185,52.108,0.67,0.63,0.629983,52.354,0.67,0.63,0.629392,
03/31/2012,243.875,243.875,-123.992,123.992,119.883,0.0,-77.874,56.434,32.114,24.32,20.416,0.77,0.254,42.009,-0.114,,,,-0.592,0.342,0.364,41.895,-11.731,30.164,0.0,0.0,0.0,30.164,0.0,30.164,0.0,0.0,30.164,30.3291,0.1651,51.998,0.58,0.58,0.583274,52.301,0.58,0.58,0.583157,
06/30/2012,247.077,247.077,-126.7,126.7,120.377,0.0,-80.918,56.56,32.158,24.402,22.336,0.77,1.252,39.459,0.26,,,,-0.826,0.08,0.486,39.719,-9.366,30.353,-0.3,-0.3,0.0,30.653,0.0,30.653,0.0,0.0,30.653,31.1668,0.8138,51.771,0.59,0.58,0.602013,52.03,0.59,0.58,0.595641,
09/29/2012,252.037,252.037,-125.113,125.113,126.924,0.0,-88.159,54.802,32.321,22.481,22.007,1.67,9.68,38.765,-0.267,,,,-0.541,0.514,0.294,38.498,-11.917,26.581,-0.516,-0.516,0.0,27.097,0.0,27.097,0.0,0.0,27.097,32.873,6.292,51.566,0.53,0.52,0.637494,51.809,0.52,0.51,0.631446,
12/31/2012,253.179,253.179,-128.719,128.719,124.46,0.0,-80.342,54.277,33.313,20.964,22.605,1.463,1.997,44.118,-0.056,,,,-0.526,0.005,0.577,44.062,-9.263,34.799,-0.191,-0.191,0.0,34.99,0.0,34.99,0.0,0.0,34.99,36.09705,1.29805,50.968,0.69,0.69,0.70823,51.262,0.68,0.68,0.705322,
03/30/2013,236.937,236.937,-123.872,123.872,113.065,0.0,-84.889,58.791,33.515,25.276,21.858,1.863,2.377,28.176,0.588,,,,-0.677,0.098,-0.009,28.764,-5.222,23.542,0.0,0.0,0.0,23.542,0.0,23.542,0.0,0.0,23.542,25.08705,1.54505,50.98,0.46,0.46,0.492096,51.366,0.46,0.46,0.490079,
06/29/2013,253.16,253.16,-132.253,132.253,120.907,0.0,-84.666,57.883,33.83,24.053,23.201,1.863,1.719,36.241,1.475,,,,-0.473,0.462,-1.464,37.716,-7.158,30.558,-0.008,-0.008,0.0,30.566,0.0,30.566,0.0,0.0,30.566,30.6633,0.1053,50.9,0.6,0.6,0.602422,51.283,0.6,0.6,0.602053,
09/28/2013,263.523,263.523,-134.913,134.913,128.61,0.0,-81.841,56.847,34.395,22.452,22.376,1.831,0.787,46.769,0.372,,,,-0.55,0.173,0.005,47.141,-8.541,38.6,0.0,0.0,0.0,38.6,0.0,38.6,0.0,0.0,38.6,39.11155,0.51155,50.59,0.76,0.76,0.773108,50.924,0.76,0.76,0.770045,
12/31/2013,284.539,284.539,-143.511,143.511,141.028,0.0,-91.949,60.714,36.28,24.434,23.712,,7.523,49.079,1.127,,,,-0.666,-0.209,-0.252,50.206,-8.681,41.525,-0.125,-0.125,0.0,41.65,0.0,41.65,0.0,0.0,41.65,45.22805,3.70305,50.289,0.83,0.83,0.899363,50.666,0.82,0.82,0.893087,
03/29/2014,288.268,288.268,-140.33,140.33,147.938,0.0,-94.53,63.807,35.416,28.391,22.857,2.672,5.194,53.408,0.137,,,,-0.421,0.292,-0.008,53.545,-11.939,41.606,0.0,0.0,0.0,41.606,0.0,41.606,0.0,0.0,41.606,44.9821,3.3761,50.402,0.83,0.83,0.892467,50.974,0.82,0.82,0.886232,
06/28/2014,288.421,288.421,-146.252,146.252,142.169,0.0,-109.104,62.076,35.755,26.321,23.71,2.667,20.651,33.065,-2.068,,,,-0.379,-0.043,2.49,30.997,-3.44,27.557,0.0,0.0,0.0,27.557,0.0,27.557,0.0,0.0,27.557,42.5616,15.0046,50.606,0.54,0.54,0.841039,51.278,0.54,0.54,0.832613,
09/27/2014,303.272,303.272,-151.766,151.766,151.506,0.0,-124.55,61.522,36.781,24.741,25.225,2.597,35.206,26.956,-2.15,,,,2.448,0.083,-0.381,24.806,-9.861,14.945,0.0,0.0,0.0,14.945,0.0,14.945,0.0,0.0,14.945,44.7735,29.8285,50.835,0.29,0.29,0.880761,51.461,0.29,0.29,0.869633,
12/31/2014,790.611,790.611,-454.199,454.199,336.412,0.0,-361.251,164.113,105.352,58.761,79.311,46.16,71.667,-24.839,-67.88,,59.599,,,8.427,-0.146,-92.719,41.04,-51.679,0.0,0.0,0.0,-51.679,0.0,-51.679,0.0,0.0,-51.679,44.471168,96.150168,50.452,-1.02,-1.02,0.881455,50.452,-1.02,-1.02,0.881455,
04/04/2015,893.184,893.184,-483.662,483.662,409.522,0.0,-389.748,188.242,122.106,66.136,96.417,67.589,37.5,19.774,-77.937,,50.965,,0.197,27.191,-0.416,-58.163,32.866,-25.297,0.0,0.0,0.0,-25.297,0.0,-25.297,0.0,0.0,-25.297,2.15705,27.45405,50.667,-0.5,-0.5,0.042573,50.667,-0.5,-0.5,0.041853,
07/04/2015,889.774,889.774,-496.896,496.896,392.878,0.0,-406.681,194.779,125.12,69.659,99.087,63.7,49.115,-13.803,-38.864,,49.331,,-1.575,-11.252,2.36,-52.667,-23.591,-76.258,0.0,0.0,0.0,-76.258,0.0,-76.258,0.0,0.0,-76.258,-39.7891,36.4689,50.917,-1.5,-1.5,-0.78145,50.917,-1.5,-1.5,-0.783758,
10/03/2015,916.273,916.273,-502.217,502.217,414.056,0.0,-389.035,187.452,120.217,67.235,100.34,58.499,42.744,25.021,-50.563,,45.002,,,5.255,0.306,-25.542,-3.408,-28.95,0.0,0.0,0.0,-28.95,0.0,-28.95,0.0,0.0,-28.95,-0.60155,28.34845,51.152,-0.57,-0.57,-0.01176,51.152,-0.57,-0.57,-0.0158,
12/31/2015,951.0,951.0,-523.0,523.0,428.0,0.0,-421.0,207.0,127.0,80.0,98.0,60.0,56.0,7.0,-50.0,49.0,,,,1.0,0.0,-43.0,15.0,-28.0,0.0,0.0,0.0,-28.0,0.0,-28.0,0.0,0.0,-28.0,22.839695,50.839695,51.207102,-0.53,-0.53,0.446026,51.207102,-0.53,-0.53,0.446026,
04/02/2016,847.0,847.0,-457.0,457.0,390.0,0.0,-390.0,195.0,121.0,74.0,93.0,59.0,43.0,0.0,-49.0,,,,,-1.0,50.0,-49.0,20.0,-29.0,0.0,0.0,0.0,-29.0,0.0,-29.0,0.0,0.0,-29.0,2.538462,31.538462,51.299632,-0.56,-0.56,0.049483,51.299632,-0.56,-0.56,0.049483,
07/02/2016,879.0,879.0,-473.0,473.0,406.0,0.0,-383.0,189.0,112.0,77.0,95.0,,99.0,23.0,-56.0,49.0,49.0,0.0,,5.0,2.0,-33.0,-12.0,-45.0,0.0,0.0,0.0,-45.0,0.0,-45.0,0.0,0.0,-45.0,-7.596491,37.403509,51.533236,-0.88,-0.88,-0.14741,51.533236,-0.88,-0.88,-0.154187,
10/01/2016,904.0,904.0,-490.0,490.0,414.0,0.0,-438.0,186.0,112.0,74.0,96.0,,156.0,-24.0,-53.0,46.0,46.0,0.0,,1.0,6.0,-77.0,-6.0,-83.0,0.0,0.0,0.0,-83.0,0.0,-83.0,0.0,0.0,-83.0,1.539326,84.539326,51.690204,-1.61,-1.61,0.02978,51.690204,-1.61,-1.61,0.0255,
12/31/2016,942.0,942.0,-510.0,510.0,432.0,0.0,-361.0,189.0,107.0,82.0,92.0,,80.0,71.0,-51.0,48.0,48.0,0.0,,1.0,2.0,20.0,-3.0,17.0,0.0,0.0,0.0,17.0,0.0,17.0,0.0,0.0,17.0,43.792079,26.792079,51.792228,0.34,0.34,0.845534,52.573283,0.34,0.34,0.845534,
04/01/2017,865.0,865.0,-464.0,464.0,401.0,0.0,-361.0,184.0,109.0,75.0,96.0,50.0,31.0,40.0,-42.0,41.0,,,,1.0,0.0,-2.0,10.0,8.0,0.0,0.0,0.0,8.0,0.0,8.0,0.0,0.0,8.0,32.926316,24.926316,51.842025,0.16,0.16,0.635128,52.946883,0.16,0.16,0.63078,
07/01/2017,896.0,896.0,-485.0,485.0,411.0,0.0,-353.0,182.0,114.0,68.0,99.0,,72.0,58.0,-39.0,40.0,40.0,0.0,,-2.0,1.0,19.0,-2.0,17.0,0.0,0.0,0.0,17.0,0.0,17.0,0.0,0.0,17.0,32.0,15.0,51.996353,0.33,0.33,0.615428,53.128657,0.32,0.32,0.602334,
09/30/2017,935.0,935.0,-506.0,506.0,429.0,0.0,-338.0,184.0,113.0,71.0,96.0,,58.0,91.0,-98.0,95.0,95.0,0.0,,-1.0,4.0,-7.0,-5.0,-12.0,0.0,0.0,0.0,-12.0,0.0,-12.0,0.0,0.0,-12.0,36.388489,48.388489,52.220868,-0.23,-0.23,0.696819,52.220868,-0.23,-0.23,0.696612,
12/31/2017,1026.0,1026.0,-557.0,557.0,469.0,0.0,-336.0,199.0,112.0,87.0,98.0,,39.0,133.0,-55.0,51.0,51.0,0.0,,3.0,1.0,78.0,-74.0,4.0,0.0,0.0,0.0,4.0,0.0,4.0,0.0,0.0,4.0,89.65,85.65,53.208248,0.07,0.07,1.684889,53.851248,0.07,0.07,1.660492,
03/31/2018,977.0,977.0,-512.0,512.0,465.0,0.0,-321.0,191.0,120.0,71.0,101.0,,29.0,144.0,-11.0,11.0,11.0,0.0,,0.0,0.0,133.0,-24.0,109.0,0.0,0.0,0.0,109.0,0.0,109.0,0.0,0.0,109.0,103.2,-5.8,53.286249,2.04,2.04,1.93671,53.985755,2.01,2.01,1.902564,
06/30/2018,1012.0,1012.0,-540.0,540.0,472.0,0.0,-347.0,214.0,121.0,93.0,109.0,,24.0,125.0,-25.0,23.0,23.0,0.0,,4.0,-2.0,100.0,-30.0,70.0,0.0,0.0,0.0,70.0,0.0,70.0,0.0,0.0,70.0,77.711865,7.711865,53.537876,1.31,1.31,1.451531,54.255707,1.29,1.29,1.432139,
09/29/2018,1092.0,1092.0,-587.0,587.0,505.0,0.0,-343.0,195.0,120.0,75.0,113.0,,35.0,162.0,-19.0,18.0,18.0,0.0,,1.0,0.0,143.0,-16.0,127.0,0.0,0.0,0.0,127.0,0.0,127.0,0.0,0.0,127.0,130.152174,3.152174,53.740174,2.37,2.37,2.421879,54.42488,2.34,2.34,2.397918,
12/31/2018,1137.0,1137.0,-598.0,598.0,539.0,0.0,-360.0,211.0,122.0,89.0,121.0,,28.0,179.0,-31.0,39.0,39.0,0.0,,0.0,-8.0,148.0,-33.0,115.0,0.0,0.0,0.0,115.0,0.0,115.0,0.0,0.0,115.0,125.27,10.27,53.7383,2.14,2.14,2.331112,54.5023,2.11,2.11,2.298432,
03/30/2019,1066.0,1066.0,-565.0,565.0,501.0,0.0,-342.0,198.0,122.0,76.0,111.0,,33.0,159.0,-28.0,24.0,24.0,0.0,,3.0,1.0,131.0,-16.0,115.0,0.0,0.0,0.0,115.0,0.0,115.0,0.0,0.0,115.0,126.186441,11.186441,53.905426,2.14,2.14,2.340886,54.554868,2.12,2.12,2.325049,
06/29/2019,1097.0,1097.0,-577.0,577.0,520.0,0.0,-360.0,217.0,127.0,90.0,108.0,,35.0,160.0,-31.0,33.0,33.0,0.0,,1.0,-3.0,129.0,-5.0,124.0,0.0,0.0,0.0,124.0,0.0,124.0,0.0,0.0,124.0,134.852941,10.852941,54.027576,2.28,2.28,2.496002,54.648699,2.26,2.26,2.458595,
09/28/2019,1130.0,1130.0,-595.0,595.0,535.0,0.0,-350.0,202.0,124.0,78.0,110.0,,38.0,185.0,-26.0,28.0,28.0,0.0,,-2.0,0.0,159.0,-23.0,136.0,0.0,0.0,0.0,136.0,0.0,136.0,0.0,0.0,136.0,154.619048,18.619048,54.0855,2.52,2.52,2.858789,54.637823,2.5,2.5,2.840772,
12/31/2019,1192.0,1192.0,-648.0,648.0,544.0,0.0,-356.0,209.0,130.0,79.0,118.0,,29.0,188.0,-9.0,4.0,4.0,0.0,,4.0,1.0,179.0,-10.0,169.0,0.0,0.0,0.0,169.0,0.0,169.0,0.0,0.0,169.0,172.191489,3.191489,53.985729,3.13,3.13,3.189574,54.541638,3.1,3.1,3.158515,
03/28/2020,1052.0,1052.0,-579.0,579.0,473.0,0.0,-322.0,196.0,122.0,74.0,105.0,,21.0,151.0,-48.0,45.0,45.0,0.0,,3.0,0.0,103.0,-14.0,89.0,0.0,0.0,0.0,89.0,0.0,89.0,0.0,0.0,89.0,124.492958,35.492958,53.760873,1.66,1.66,2.31568,54.318044,1.65,1.65,2.303428,
06/27/2020,956.0,956.0,-537.0,537.0,419.0,0.0,-300.0,183.0,109.0,74.0,98.0,,19.0,119.0,-16.0,14.0,14.0,0.0,,9.0,-7.0,103.0,-3.0,100.0,0.0,0.0,0.0,100.0,0.0,100.0,0.0,0.0,100.0,103.75,3.75,53.188486,1.87,1.87,1.95061,53.67573,1.85,1.85,1.919864,
09/30/2020,1069.333,,,,475.56446509,,,,,,,,,191.0,,,,,,,,179.5,,127.429,,,,,,127.429,,,127.429,151.571,,,2.353,2.353,2.806,,2.353,2.353,2.806,
12/31/2020,1153.778,,,,521.6230338,,,,,,,,,218.2,,,,,,,,207.5,,153.714,,,,,,153.714,,,153.714,177.714,,,2.87,2.87,3.273,,2.87,2.87,3.273,
