company_name,company_ticker,company_lei,company_cik,year,quarter,start_date,end_date,filing_date,amortizationexpense,basicdilutedeps,basiceps,cashdividendspershare,depositsinterestexpense,depositsinterestincome,dilutedeps,fedfundsandrepointerestexpense,fedfundsandrepointerestincome,incometaxexpense,investmentbankingincome,investmentsecuritiesinterestincome,loansandleaseinterestincome,longtermdebtinterestexpense,marketingexpense,netincome,netincomecontinuing,netincometocommon,netincometononcontrollinginterest,netinterestincome,netoccupancyequipmentexpense,netrealizedcapitalgains,nonoperatingincome,otheradjustmentstonetincometocommon,othergains,otherinterestincome,othernoninterestincome,otheroperatingexpenses,otherservicechargeincome,otherspecialcharges,preferreddividends,propertyliabilityinsuranceclaims,provisionforcreditlosses,restructuringcharge,salariesandemployeebenefitsexpense,servicechargesondepositsincome,shorttermborrowinginterestexpense,totalinterestexpense,totalinterestincome,totalnoninterestexpense,totalnoninterestincome,totalpretaxincome,totalrevenue,tradingaccountinterestincome,trustfeeincome,weightedavebasicdilutedsharesos,weightedavebasicsharesos,weightedavedilutedsharesos
SunTrust Banks Inc,STI,7E1PDLW1JL6TS0BS1G03,750556,2007.0,FY,2007-01-01,2007-12-31,2010-02-23 11:20:01+00:00,96680000.0,4.56,4.56,2.92,3660766000.0,1305000.0,4.52,440260000.0,48835000.0,615514000.0,492927000.0,682226000.0,8648220000.0,1094339000.0,195043000.0,1646739000.0,1646739000.0,1634015000.0,12724000.0,4719544000.0,968681000.0,32586000.0,,,,,,1164864000.0,2903171000.0,25597000.0,,,664922000.0,,2770188000.0,,121011000.0,5316376000.0,10035920000.0,5221053000.0,3428684000.0,2262253000.0,8148228000.0,655334000.0,,358300000.0,349346000.0,352688000.0
SunTrust Banks Inc,STI,7E1PDLW1JL6TS0BS1G03,750556,2008.0,FY,2008-01-01,2008-12-31,2011-02-25 11:54:00+00:00,121000000.0,2.12,2.12,2.85,2378000000.0,,2.12,131000000.0,,-67000000.0,526000000.0,775000000.0,7224000000.0,1144000000.0,372000000.0,807000000.0,807000000.0,796000000.0,11000000.0,4620000000.0,1043000000.0,1432000000.0,,,,26000000.0,,1465000000.0,2515000000.0,117000000.0,,,2474000000.0,,2761000000.0,,55000000.0,3708000000.0,8328000000.0,5879000000.0,4473000000.0,740000000.0,9093000000.0,303000000.0,,375500000.0,349000000.0,350000000.0
SunTrust Banks Inc,STI,7E1PDLW1JL6TS0BS1G03,750556,2009.0,Q4,2009-10-01,2009-12-31,,12288000.0,-0.32,-0.32,-0.43,282232000.0,-209000.0,-0.32,-6634000.0,-1890000.0,-262210000.0,114611000.0,217202000.0,1391228000.0,146202000.0,48854000.0,-245917000.0,-245917000.0,-267464000.0,2515000.0,1176787000.0,283400000.0,41321000.0,,19032000.0,,,,328975000.0,586104000.0,85439000.0,,,973792000.0,,694202000.0,,31282000.0,453082000.0,1629869000.0,1453158000.0,742036000.0,-508127000.0,1918823000.0,23538000.0,,393000000.0,435000000.0,437000000.0
SunTrust Banks Inc,STI,7E1PDLW1JL6TS0BS1G03,750556,2009.0,FY,2009-01-01,2009-12-31,2012-02-24 17:04:46+00:00,807000000.0,-3.98,-3.98,-0.22,1440000000.0,,-3.98,,,-898000000.0,490000000.0,830000000.0,5763000000.0,761000000.0,152000000.0,-1552000000.0,-1552000000.0,-1564000000.0,12000000.0,4466000000.0,1108000000.0,169000000.0,,,,,,1412000000.0,3051000000.0,283000000.0,,,4064000000.0,,2800000000.0,,43000000.0,2244000000.0,6710000000.0,6562000000.0,3710000000.0,-2450000000.0,8176000000.0,117000000.0,,393000000.0,435000000.0,437000000.0
SunTrust Banks Inc,STI,7E1PDLW1JL6TS0BS1G03,750556,2009.0,Q3,2009-07-01,2009-09-30,2010-11-05 17:28:54+00:00,13741000.0,-0.76,-0.76,0.01,334992000.0,33000.0,-0.76,1460000.0,395000.0,-336056000.0,126704000.0,205992000.0,1427604000.0,180642000.0,38157000.0,-314211000.0,-314211000.0,-316941000.0,2730000.0,1137458000.0,278911000.0,-40174000.0,,,,,,341408000.0,688521000.0,90593000.0,,,1133929000.0,,666037000.0,,2970000.0,520064000.0,1657522000.0,1428847000.0,775051000.0,-650267000.0,1912509000.0,23498000.0,,834000000.0,494169000.0,494169000.0
SunTrust Banks Inc,STI,7E1PDLW1JL6TS0BS1G03,750556,2009.0,Q3YTD,2009-01-01,2009-09-30,,794712000.0,-3.66,-3.66,0.21,1157768000.0,209000.0,-3.66,6634000.0,1890000.0,-635790000.0,375389000.0,612798000.0,4371772000.0,614798000.0,103146000.0,-1306083000.0,-1306083000.0,-1296536000.0,9485000.0,3289213000.0,824600000.0,127679000.0,,-19032000.0,,,,1083025000.0,2464896000.0,197561000.0,,,3090208000.0,,2105798000.0,,11718000.0,1790918000.0,5080131000.0,5108842000.0,2967964000.0,-1941873000.0,6257177000.0,93462000.0,,834000000.0,494169000.0,494169000.0
SunTrust Banks Inc,STI,7E1PDLW1JL6TS0BS1G03,750556,2009.0,Q2YTD,2009-01-01,2009-06-30,,780971000.0,-2.9,-2.9,0.2,822776000.0,176000.0,-2.9,5174000.0,1495000.0,-299734000.0,248685000.0,406806000.0,2944168000.0,434156000.0,64989000.0,-991872000.0,-991872000.0,-979595000.0,6755000.0,2151755000.0,545689000.0,167853000.0,,-19032000.0,,,,741617000.0,1776375000.0,106968000.0,,,1956279000.0,,1439761000.0,,8748000.0,1270854000.0,3422609000.0,3679995000.0,2192913000.0,-1291606000.0,4344668000.0,69964000.0,,401000000.0,399242000.0,400633000.0
SunTrust Banks Inc,STI,7E1PDLW1JL6TS0BS1G03,750556,2009.0,Q1,2009-01-01,2009-03-31,2010-05-05 06:08:10+00:00,767016000.0,-2.49,-2.49,0.1,423873000.0,113000.0,-2.49,2733000.0,937000.0,-150777000.0,116247000.0,210063000.0,1474717000.0,235476000.0,34725000.0,-812008000.0,-812008000.0,-815167000.0,3159000.0,1062098000.0,269318000.0,110670000.0,,,,,,325844000.0,894321000.0,19068000.0,,,994098000.0,,736052000.0,,5155000.0,667237000.0,1729335000.0,2152023000.0,1121238000.0,-962785000.0,2183336000.0,43505000.0,,327400000.0,351352000.0,351352000.0
SunTrust Banks Inc,STI,7E1PDLW1JL6TS0BS1G03,750556,2010.0,Q4,2010-10-01,2010-12-31,,12000000.0,0.22,0.22,0.01,188000000.0,,0.22,-5000000.0,,45000000.0,161000000.0,202000000.0,1370000000.0,106000000.0,56000000.0,193000000.0,193000000.0,-22000000.0,8000000.0,1266000000.0,308000000.0,226000000.0,,207000000.0,,,-69000000.0,533000000.0,714000000.0,93000000.0,,265000000.0,512000000.0,,281000000.0,,40000000.0,329000000.0,1595000000.0,1548000000.0,1032000000.0,238000000.0,2298000000.0,23000000.0,,483300000.0,495361000.0,498744000.0
SunTrust Banks Inc,STI,7E1PDLW1JL6TS0BS1G03,750556,2010.0,Q3YTD,2010-01-01,2010-09-30,,39000000.0,-0.4,-0.4,0.03,672000000.0,,-0.4,5000000.0,,-230000000.0,357000000.0,614000000.0,4067000000.0,474000000.0,121000000.0,13000000.0,13000000.0,-65000000.0,9000000.0,3588000000.0,865000000.0,138000000.0,,69000000.0,,,69000000.0,978000000.0,2133000000.0,277000000.0,,,2139000000.0,,2083000000.0,,9000000.0,1160000000.0,4748000000.0,4363000000.0,2697000000.0,-217000000.0,6285000000.0,67000000.0,,494100000.0,495501000.0,498802000.0
SunTrust Banks Inc,STI,7E1PDLW1JL6TS0BS1G03,750556,2010.0,Q3TTM,2009-10-01,2010-09-30,,51288000.0,-0.72,-0.72,-0.4,954232000.0,-209000.0,-0.72,-1634000.0,-1890000.0,-492210000.0,471611000.0,831202000.0,5458228000.0,620202000.0,169854000.0,-232917000.0,-232917000.0,-332464000.0,11515000.0,4764787000.0,1148400000.0,179321000.0,,88032000.0,,,69000000.0,1306975000.0,2719104000.0,362439000.0,,,3112792000.0,,2777202000.0,,40282000.0,1613082000.0,6377869000.0,5816158000.0,3439036000.0,-725127000.0,8203823000.0,90538000.0,,494100000.0,495501000.0,498802000.0
SunTrust Banks Inc,STI,7E1PDLW1JL6TS0BS1G03,750556,2010.0,Q2,2010-04-01,2010-06-30,2011-08-09 14:02:57+00:00,13000000.0,-0.11,-0.11,0.01,225000000.0,,-0.11,2000000.0,,-50000000.0,106000000.0,195000000.0,1351000000.0,162000000.0,44000000.0,15000000.0,15000000.0,12000000.0,3000000.0,1178000000.0,290000000.0,166000000.0,,,,,,324000000.0,680000000.0,150000000.0,,,662000000.0,,682000000.0,,3000000.0,392000000.0,1570000000.0,1503000000.0,952000000.0,-35000000.0,2130000000.0,24000000.0,,-109100000.0,495351000.0,498499000.0
SunTrust Banks Inc,STI,7E1PDLW1JL6TS0BS1G03,750556,2010.0,Q2YTD,2010-01-01,2010-06-30,,26000000.0,-0.57,-0.57,0.02,458000000.0,,-0.57,3000000.0,,-244000000.0,209000000.0,399000000.0,2701000000.0,327000000.0,78000000.0,-144000000.0,-144000000.0,-149000000.0,5000000.0,2350000000.0,571000000.0,160000000.0,,,,,,628000000.0,1281000000.0,187000000.0,,,1524000000.0,,1374000000.0,,6000000.0,794000000.0,3144000000.0,2864000000.0,1650000000.0,-388000000.0,4000000000.0,44000000.0,,-109100000.0,495351000.0,498499000.0
SunTrust Banks Inc,STI,7E1PDLW1JL6TS0BS1G03,750556,2010.0,Q2TTM,2009-07-01,2010-06-30,,52029000.0,-1.65,-1.65,-0.4,1075224000.0,-176000.0,-1.65,-2174000.0,-1495000.0,-842266000.0,450315000.0,822194000.0,5519832000.0,653844000.0,165011000.0,-704128000.0,-704128000.0,-733405000.0,10245000.0,4664245000.0,1133311000.0,161147000.0,,19032000.0,,,,1298383000.0,2555625000.0,363032000.0,,,3631721000.0,,2734239000.0,,40252000.0,1767146000.0,6431391000.0,5746005000.0,3167087000.0,-1546394000.0,7831332000.0,91036000.0,,-109100000.0,495351000.0,498499000.0
SunTrust Banks Inc,STI,7E1PDLW1JL6TS0BS1G03,750556,2010.0,Q1,2010-01-01,2010-03-31,2011-05-06 08:40:01+00:00,13000000.0,-0.46,-0.46,0.01,233000000.0,,-0.46,1000000.0,,-194000000.0,103000000.0,204000000.0,1350000000.0,165000000.0,34000000.0,-159000000.0,-159000000.0,-161000000.0,2000000.0,1172000000.0,281000000.0,-6000000.0,,,,,,304000000.0,601000000.0,37000000.0,,,862000000.0,,692000000.0,,3000000.0,402000000.0,1574000000.0,1361000000.0,698000000.0,-353000000.0,1870000000.0,20000000.0,,350000000.0,495000000.0,498000000.0
SunTrust Banks Inc,STI,7E1PDLW1JL6TS0BS1G03,750556,2010.0,Q1TTM,2009-04-01,2010-03-31,,52984000.0,-1.95,-1.95,-0.31,1249127000.0,-113000.0,-1.95,-1733000.0,-937000.0,-941223000.0,476753000.0,823937000.0,5638283000.0,690524000.0,151275000.0,-898992000.0,-898992000.0,-909833000.0,10841000.0,4575902000.0,1119682000.0,52330000.0,,,,,,1390156000.0,2757679000.0,300932000.0,,,3931902000.0,,2755948000.0,,40845000.0,1978763000.0,6554665000.0,5770977000.0,3286762000.0,-1840215000.0,7862664000.0,93495000.0,,350000000.0,495000000.0,498000000.0
SunTrust Banks Inc,STI,7E1PDLW1JL6TS0BS1G03,750556,2011.0,Q4,2011-10-01,2011-12-31,,9000000.0,0.13,0.13,-0.19,139000000.0,,0.14,,,-57000000.0,142000000.0,197000000.0,1332000000.0,102000000.0,59000000.0,80000000.0,80000000.0,220000000.0,6000000.0,1294000000.0,303000000.0,96000000.0,,-146000000.0,,,-4000000.0,589000000.0,-42000000.0,137000000.0,,220000000.0,327000000.0,,350000000.0,,8000000.0,249000000.0,1543000000.0,1667000000.0,723000000.0,23000000.0,2017000000.0,14000000.0,531000000.0,688300000.0,523995000.0,527618000.0
SunTrust Banks Inc,STI,7E1PDLW1JL6TS0BS1G03,750556,2011.0,FY,2011-01-01,2011-12-31,2014-02-24 17:26:29+00:00,43000000.0,0.94,0.94,-0.12,624000000.0,,0.94,,,79000000.0,547000000.0,791000000.0,5312000000.0,449000000.0,184000000.0,660000000.0,660000000.0,647000000.0,13000000.0,5065000000.0,1187000000.0,365000000.0,,,,,,1765000000.0,1978000000.0,261000000.0,,300000000.0,1513000000.0,,2494000000.0,,43000000.0,1116000000.0,6181000000.0,6234000000.0,3421000000.0,739000000.0,8486000000.0,78000000.0,531000000.0,688300000.0,523995000.0,527618000.0
SunTrust Banks Inc,STI,7E1PDLW1JL6TS0BS1G03,750556,2011.0,Q3,2011-07-01,2011-09-30,2012-11-07 17:11:06+00:00,11000000.0,0.4,0.4,0.05,154000000.0,,0.39,,,45000000.0,126000000.0,200000000.0,1317000000.0,110000000.0,41000000.0,214000000.0,214000000.0,215000000.0,-1000000.0,1263000000.0,298000000.0,68000000.0,,,,,,427000000.0,709000000.0,61000000.0,,80000000.0,347000000.0,,642000000.0,,11000000.0,275000000.0,1538000000.0,1560000000.0,903000000.0,259000000.0,2166000000.0,21000000.0,,537500000.0,531928000.0,535395000.0
SunTrust Banks Inc,STI,7E1PDLW1JL6TS0BS1G03,750556,2011.0,Q3YTD,2011-01-01,2011-09-30,,34000000.0,0.81,0.81,0.07,485000000.0,,0.8,,,136000000.0,405000000.0,594000000.0,3980000000.0,347000000.0,125000000.0,580000000.0,580000000.0,427000000.0,7000000.0,3771000000.0,884000000.0,269000000.0,,146000000.0,,,,1176000000.0,2020000000.0,124000000.0,,80000000.0,1186000000.0,,2144000000.0,,35000000.0,867000000.0,4638000000.0,4567000000.0,2698000000.0,716000000.0,6469000000.0,64000000.0,,537500000.0,531928000.0,535395000.0
SunTrust Banks Inc,STI,7E1PDLW1JL6TS0BS1G03,750556,2011.0,Q3TTM,2010-10-01,2011-09-30,,46000000.0,1.03,1.03,0.08,673000000.0,,1.02,-5000000.0,,181000000.0,566000000.0,796000000.0,5350000000.0,453000000.0,181000000.0,773000000.0,773000000.0,405000000.0,15000000.0,5037000000.0,1192000000.0,495000000.0,,353000000.0,,,-69000000.0,1709000000.0,2734000000.0,217000000.0,,345000000.0,1698000000.0,,2425000000.0,,75000000.0,1196000000.0,6233000000.0,6115000000.0,3730000000.0,954000000.0,8767000000.0,87000000.0,,537500000.0,531928000.0,535395000.0
SunTrust Banks Inc,STI,7E1PDLW1JL6TS0BS1G03,750556,2011.0,Q2,2011-04-01,2011-06-30,2012-08-01 17:11:45+00:00,12000000.0,0.33,0.33,0.01,162000000.0,,0.33,,,58000000.0,154000000.0,204000000.0,1321000000.0,113000000.0,46000000.0,179000000.0,179000000.0,174000000.0,1000000.0,1259000000.0,295000000.0,85000000.0,,4000000.0,,,,378000000.0,669000000.0,63000000.0,,,392000000.0,,748000000.0,,12000000.0,287000000.0,1546000000.0,1542000000.0,912000000.0,237000000.0,2171000000.0,21000000.0,,527300000.0,531792000.0,535416000.0
SunTrust Banks Inc,STI,7E1PDLW1JL6TS0BS1G03,750556,2011.0,Q2YTD,2011-01-01,2011-06-30,,23000000.0,0.41,0.41,0.02,331000000.0,,0.41,,,91000000.0,279000000.0,394000000.0,2663000000.0,237000000.0,84000000.0,366000000.0,366000000.0,212000000.0,8000000.0,2508000000.0,586000000.0,201000000.0,,146000000.0,,,,749000000.0,1311000000.0,63000000.0,,,839000000.0,,1502000000.0,,24000000.0,592000000.0,3100000000.0,3007000000.0,1795000000.0,457000000.0,4303000000.0,43000000.0,,527300000.0,531792000.0,535416000.0
SunTrust Banks Inc,STI,7E1PDLW1JL6TS0BS1G03,750556,2011.0,Q2TTM,2010-07-01,2011-06-30,,48000000.0,0.8,0.8,0.04,733000000.0,,0.8,-3000000.0,,150000000.0,588000000.0,811000000.0,5399000000.0,490000000.0,183000000.0,716000000.0,716000000.0,274000000.0,20000000.0,5012000000.0,1188000000.0,405000000.0,,422000000.0,,,,1632000000.0,2877000000.0,246000000.0,,265000000.0,1966000000.0,,2492000000.0,,67000000.0,1287000000.0,6299000000.0,6054000000.0,3874000000.0,866000000.0,8886000000.0,89000000.0,,527300000.0,531792000.0,535416000.0
SunTrust Banks Inc,STI,7E1PDLW1JL6TS0BS1G03,750556,2011.0,Q1TTM,2010-04-01,2011-03-31,,49000000.0,0.36,0.36,0.04,796000000.0,,0.36,-1000000.0,,42000000.0,540000000.0,802000000.0,5429000000.0,539000000.0,181000000.0,552000000.0,552000000.0,112000000.0,22000000.0,4931000000.0,1183000000.0,486000000.0,,418000000.0,,,,1578000000.0,2888000000.0,333000000.0,,265000000.0,2236000000.0,,2426000000.0,,58000000.0,1392000000.0,6323000000.0,6015000000.0,3914000000.0,594000000.0,8845000000.0,92000000.0,,475000000.0,499669000.0,503503000.0
SunTrust Banks Inc,STI,7E1PDLW1JL6TS0BS1G03,750556,2012.0,FY,2012-01-01,2012-12-31,2014-02-24 17:26:29+00:00,46000000.0,3.62,3.62,0.2,429000000.0,,3.59,,,773000000.0,583000000.0,655000000.0,5147000000.0,299000000.0,184000000.0,1984000000.0,1984000000.0,1958000000.0,26000000.0,5102000000.0,1257000000.0,2185000000.0,,,,,,1844000000.0,2093000000.0,156000000.0,,233000000.0,1395000000.0,,2603000000.0,,37000000.0,765000000.0,5867000000.0,6323000000.0,5373000000.0,2757000000.0,10475000000.0,65000000.0,512000000.0,540900000.0,534149000.0,538061000.0
SunTrust Banks Inc,STI,7E1PDLW1JL6TS0BS1G03,750556,2012.0,Q4,2012-10-01,2012-12-31,,24000000.0,0.66,0.66,0.05,86000000.0,,0.65,,,62000000.0,46000000.0,137000000.0,1242000000.0,55000000.0,50000000.0,361000000.0,361000000.0,377000000.0,5000000.0,1246000000.0,322000000.0,66000000.0,,-21000000.0,,,,344000000.0,391000000.0,89000000.0,,54000000.0,328000000.0,,627000000.0,,9000000.0,150000000.0,1396000000.0,1510000000.0,1015000000.0,423000000.0,2261000000.0,17000000.0,512000000.0,540900000.0,534149000.0,538061000.0
SunTrust Banks Inc,STI,7E1PDLW1JL6TS0BS1G03,750556,2012.0,Q3YTD,2012-01-01,2012-09-30,,22000000.0,2.96,2.96,0.15,343000000.0,,2.94,,,711000000.0,537000000.0,518000000.0,3905000000.0,244000000.0,134000000.0,1623000000.0,1623000000.0,1581000000.0,21000000.0,3856000000.0,935000000.0,2119000000.0,,21000000.0,,,,1500000000.0,1702000000.0,67000000.0,,179000000.0,1067000000.0,,1976000000.0,,28000000.0,615000000.0,4471000000.0,4813000000.0,4358000000.0,2334000000.0,8214000000.0,48000000.0,,535700000.0,534506000.0,538699000.0
SunTrust Banks Inc,STI,7E1PDLW1JL6TS0BS1G03,750556,2012.0,Q3TTM,2011-10-01,2012-09-30,,31000000.0,3.09,3.09,-0.04,482000000.0,,3.08,,,654000000.0,679000000.0,715000000.0,5237000000.0,346000000.0,193000000.0,1703000000.0,1703000000.0,1801000000.0,27000000.0,5150000000.0,1238000000.0,2215000000.0,,-125000000.0,,,,2089000000.0,1660000000.0,204000000.0,,399000000.0,1394000000.0,,2326000000.0,,36000000.0,864000000.0,6014000000.0,6480000000.0,5081000000.0,2357000000.0,10231000000.0,62000000.0,531000000.0,535700000.0,534506000.0,538699000.0
SunTrust Banks Inc,STI,7E1PDLW1JL6TS0BS1G03,750556,2012.0,Q2YTD,2012-01-01,2012-06-30,,22000000.0,0.97,0.97,0.1,245000000.0,,0.96,,,160000000.0,267000000.0,374000000.0,2619000000.0,178000000.0,59000000.0,537000000.0,537000000.0,515000000.0,12000000.0,2585000000.0,623000000.0,159000000.0,,10000000.0,,,,900000000.0,1390000000.0,65000000.0,,112000000.0,617000000.0,,1306000000.0,,18000000.0,441000000.0,3026000000.0,3087000000.0,1816000000.0,697000000.0,4401000000.0,33000000.0,,1588200000.0,533964000.0,537495000.0
SunTrust Banks Inc,STI,7E1PDLW1JL6TS0BS1G03,750556,2012.0,Q2TTM,2011-07-01,2012-06-30,,42000000.0,1.5,1.5,-0.04,538000000.0,,1.49,,,148000000.0,535000000.0,771000000.0,5268000000.0,390000000.0,159000000.0,831000000.0,831000000.0,950000000.0,17000000.0,5142000000.0,1224000000.0,323000000.0,,-136000000.0,,,,1916000000.0,2057000000.0,263000000.0,,412000000.0,1291000000.0,,2298000000.0,,37000000.0,965000000.0,6107000000.0,6314000000.0,3442000000.0,979000000.0,8584000000.0,68000000.0,531000000.0,1588200000.0,533964000.0,537495000.0
SunTrust Banks Inc,STI,7E1PDLW1JL6TS0BS1G03,750556,2012.0,Q1TTM,2011-04-01,2012-03-31,,43000000.0,1.32,1.32,-0.08,582000000.0,,1.32,,,115000000.0,552000000.0,795000000.0,5295000000.0,413000000.0,173000000.0,733000000.0,733000000.0,854000000.0,16000000.0,5127000000.0,1205000000.0,324000000.0,,-137000000.0,,,,1884000000.0,2007000000.0,261000000.0,,352000000.0,1383000000.0,,2392000000.0,,39000000.0,1034000000.0,6161000000.0,6310000000.0,3414000000.0,848000000.0,8541000000.0,71000000.0,531000000.0,532600000.0,533100000.0,536407000.0
SunTrust Banks Inc,STI,7E1PDLW1JL6TS0BS1G03,750556,2013.0,FY,2013-01-01,2013-12-31,2016-02-23 16:12:49+00:00,23000000.0,2.43,2.43,0.35,291000000.0,,2.41,,,322000000.0,623000000.0,579000000.0,4740000000.0,210000000.0,135000000.0,1361000000.0,1361000000.0,1344000000.0,17000000.0,4853000000.0,1275000000.0,184000000.0,,,,,,1729000000.0,1889000000.0,,,181000000.0,553000000.0,,2488000000.0,,34000000.0,535000000.0,5388000000.0,5831000000.0,3214000000.0,1683000000.0,8067000000.0,69000000.0,518000000.0,553100000.0,534283000.0,539093000.0
SunTrust Banks Inc,STI,7E1PDLW1JL6TS0BS1G03,750556,2013.0,Q4,2013-10-01,2013-12-31,,5000000.0,0.14,0.78,0.3,67000000.0,,0.77,,,138000000.0,165000000.0,150000000.0,1176000000.0,54000000.0,40000000.0,427000000.0,427000000.0,450000000.0,13000000.0,1213000000.0,323000000.0,58000000.0,,-36000000.0,,,,321000000.0,459000000.0,,,41000000.0,100000000.0,,631000000.0,,9000000.0,130000000.0,1343000000.0,1361000000.0,813000000.0,565000000.0,2026000000.0,17000000.0,131000000.0,533700000.0,534283000.0,539093000.0
SunTrust Banks Inc,STI,7E1PDLW1JL6TS0BS1G03,750556,2013.0,Q3YTD,2013-01-01,2013-09-30,,18000000.0,2.29,1.65,0.05,224000000.0,,1.64,,,184000000.0,458000000.0,429000000.0,3564000000.0,156000000.0,95000000.0,934000000.0,934000000.0,894000000.0,4000000.0,3640000000.0,952000000.0,126000000.0,,36000000.0,,,,1408000000.0,1430000000.0,,,140000000.0,453000000.0,,1857000000.0,,25000000.0,405000000.0,4045000000.0,4470000000.0,2401000000.0,1118000000.0,6041000000.0,52000000.0,387000000.0,572700000.0,533829000.0,538850000.0
SunTrust Banks Inc,STI,7E1PDLW1JL6TS0BS1G03,750556,2013.0,Q3TTM,2012-10-01,2013-09-30,,42000000.0,2.95,2.31,0.1,310000000.0,,2.29,,,246000000.0,504000000.0,566000000.0,4806000000.0,211000000.0,145000000.0,1295000000.0,1295000000.0,1271000000.0,9000000.0,4886000000.0,1274000000.0,192000000.0,,15000000.0,,,,1752000000.0,1821000000.0,89000000.0,,194000000.0,781000000.0,,2484000000.0,,34000000.0,555000000.0,5441000000.0,5980000000.0,3416000000.0,1541000000.0,8302000000.0,69000000.0,899000000.0,572700000.0,533829000.0,538850000.0
SunTrust Banks Inc,STI,7E1PDLW1JL6TS0BS1G03,750556,2013.0,Q3,2013-07-01,2013-09-30,2014-11-07 16:03:48+00:00,6000000.0,0.33,0.33,-0.1,70000000.0,,0.33,,,-133000000.0,167000000.0,143000000.0,1178000000.0,52000000.0,34000000.0,196000000.0,196000000.0,189000000.0,7000000.0,1208000000.0,321000000.0,33000000.0,,,,,,713000000.0,347000000.0,,,45000000.0,95000000.0,,611000000.0,,9000000.0,131000000.0,1339000000.0,1730000000.0,680000000.0,63000000.0,1888000000.0,18000000.0,133000000.0,572700000.0,533829000.0,538850000.0
SunTrust Banks Inc,STI,7E1PDLW1JL6TS0BS1G03,750556,2013.0,Q2YTD,2013-01-01,2013-06-30,,24000000.0,1.96,1.32,0.15,154000000.0,,1.31,,,317000000.0,582000000.0,286000000.0,2386000000.0,104000000.0,122000000.0,738000000.0,738000000.0,705000000.0,-3000000.0,2432000000.0,1262000000.0,186000000.0,,36000000.0,,,0.0,1390000000.0,2166000000.0,,,190000000.0,716000000.0,,2492000000.0,,16000000.0,274000000.0,2706000000.0,5480000000.0,3442000000.0,1055000000.0,8306000000.0,34000000.0,508000000.0,536800000.0,535172000.0,539763000.0
SunTrust Banks Inc,STI,7E1PDLW1JL6TS0BS1G03,750556,2013.0,Q2TTM,2012-07-01,2013-06-30,,-10000000.0,0.99,0.35,0.05,-91000000.0,,0.35,,,314000000.0,24000000.0,-88000000.0,-233000000.0,-74000000.0,2000000.0,402000000.0,402000000.0,190000000.0,-15000000.0,-153000000.0,8000000.0,-66000000.0,,227000000.0,,,,-487000000.0,-307000000.0,-130000000.0,,-17000000.0,-259000000.0,,-60000000.0,,-2000000.0,-167000000.0,-320000000.0,-694000000.0,-95000000.0,716000000.0,-248000000.0,1000000.0,254000000.0,536800000.0,535172000.0,539763000.0
SunTrust Banks Inc,STI,7E1PDLW1JL6TS0BS1G03,750556,2013.0,Q1TTM,2012-04-01,2013-03-31,,-5000000.0,0.82,0.18,,-48000000.0,,0.17,,,904000000.0,-1000000.0,-51000000.0,-125000000.0,-37000000.0,3000000.0,98000000.0,98000000.0,95000000.0,-16000000.0,-90000000.0,3000000.0,-31000000.0,,19000000.0,812000000.0,,,-150000000.0,-105000000.0,,,2000000.0,-105000000.0,,-41000000.0,,,-85000000.0,-175000000.0,-188000000.0,-13000000.0,190000000.0,-103000000.0,1000000.0,124000000.0,796900000.0,536000000.0,540000000.0
SunTrust Banks Inc,STI,7E1PDLW1JL6TS0BS1G03,750556,2014.0,FY,2014-01-01,2014-12-31,2017-02-24 08:55:41+00:00,25000000.0,3.26,3.26,0.7,235000000.0,,3.23,,,493000000.0,701000000.0,613000000.0,4695000000.0,270000000.0,134000000.0,1785000000.0,1785000000.0,1774000000.0,11000000.0,4840000000.0,1250000000.0,272000000.0,,,,,,1416000000.0,1927000000.0,,,142000000.0,342000000.0,,2576000000.0,,39000000.0,544000000.0,5384000000.0,5543000000.0,3323000000.0,2278000000.0,8163000000.0,76000000.0,423000000.0,544200000.0,527500000.0,533391000.0
SunTrust Banks Inc,STI,7E1PDLW1JL6TS0BS1G03,750556,2014.0,Q4,2014-10-01,2014-12-31,,11000000.0,0.72,0.72,0.8,55000000.0,,0.72,,,128000000.0,183000000.0,158000000.0,1169000000.0,72000000.0,44000000.0,395000000.0,395000000.0,394000000.0,1000000.0,1212000000.0,335000000.0,36000000.0,,,,,,378000000.0,492000000.0,,,33000000.0,74000000.0,,609000000.0,,10000000.0,137000000.0,1349000000.0,1410000000.0,795000000.0,523000000.0,2007000000.0,22000000.0,84000000.0,544200000.0,527500000.0,533391000.0
SunTrust Banks Inc,STI,7E1PDLW1JL6TS0BS1G03,750556,2014.0,Q3YTD,2014-01-01,2014-09-30,,14000000.0,2.54,2.54,-0.1,180000000.0,,2.51,,,365000000.0,518000000.0,455000000.0,3526000000.0,198000000.0,90000000.0,1390000000.0,1390000000.0,1380000000.0,10000000.0,3628000000.0,915000000.0,236000000.0,,,,,,1038000000.0,1435000000.0,,,109000000.0,268000000.0,,1967000000.0,,29000000.0,407000000.0,4035000000.0,4133000000.0,2528000000.0,1755000000.0,6156000000.0,54000000.0,339000000.0,538300000.0,527402000.0,533230000.0
SunTrust Banks Inc,STI,7E1PDLW1JL6TS0BS1G03,750556,2014.0,Q3TTM,2013-10-01,2014-09-30,,19000000.0,2.68,3.32,0.2,247000000.0,,3.28,,,503000000.0,683000000.0,605000000.0,4702000000.0,252000000.0,130000000.0,1817000000.0,1817000000.0,1830000000.0,23000000.0,4841000000.0,1238000000.0,294000000.0,,-36000000.0,,,,1359000000.0,1894000000.0,,,150000000.0,368000000.0,,2598000000.0,,38000000.0,537000000.0,5378000000.0,5494000000.0,3341000000.0,2320000000.0,8182000000.0,71000000.0,470000000.0,538300000.0,527402000.0,533230000.0
SunTrust Banks Inc,STI,7E1PDLW1JL6TS0BS1G03,750556,2014.0,Q3,2014-07-01,2014-09-30,2015-11-06 16:09:09+00:00,7000000.0,1.07,1.07,0.2,54000000.0,,1.06,,,67000000.0,164000000.0,153000000.0,1182000000.0,74000000.0,35000000.0,576000000.0,576000000.0,576000000.0,0.0,1215000000.0,309000000.0,37000000.0,,,,,,230000000.0,486000000.0,,,29000000.0,93000000.0,,649000000.0,,10000000.0,138000000.0,1353000000.0,1259000000.0,780000000.0,643000000.0,1995000000.0,18000000.0,93000000.0,538300000.0,527402000.0,533230000.0
SunTrust Banks Inc,STI,7E1PDLW1JL6TS0BS1G03,750556,2014.0,Q2YTD,2014-01-01,2014-06-30,,7000000.0,1.47,1.47,-0.3,126000000.0,,1.45,,,298000000.0,354000000.0,302000000.0,2344000000.0,124000000.0,55000000.0,814000000.0,814000000.0,804000000.0,10000000.0,2413000000.0,606000000.0,199000000.0,,,,,,808000000.0,949000000.0,,,80000000.0,175000000.0,,1318000000.0,,19000000.0,269000000.0,2682000000.0,2874000000.0,1748000000.0,1112000000.0,4161000000.0,36000000.0,246000000.0,546600000.0,529764000.0,535486000.0
SunTrust Banks Inc,STI,7E1PDLW1JL6TS0BS1G03,750556,2014.0,Q2TTM,2013-07-01,2014-06-30,,18000000.0,1.94,2.58,-0.1,263000000.0,,2.55,,,303000000.0,686000000.0,595000000.0,4698000000.0,230000000.0,129000000.0,1437000000.0,1437000000.0,1443000000.0,30000000.0,4834000000.0,1250000000.0,290000000.0,,-36000000.0,,,,1842000000.0,1755000000.0,,,166000000.0,370000000.0,,2560000000.0,,37000000.0,530000000.0,5364000000.0,5965000000.0,3241000000.0,1740000000.0,8075000000.0,71000000.0,510000000.0,546600000.0,529764000.0,535486000.0
SunTrust Banks Inc,STI,7E1PDLW1JL6TS0BS1G03,750556,2014.0,Q2,2014-04-01,2014-06-30,2015-08-05 16:09:39+00:00,4000000.0,0.73,0.73,-0.2,61000000.0,,0.72,,,173000000.0,195000000.0,149000000.0,1178000000.0,66000000.0,30000000.0,403000000.0,403000000.0,399000000.0,4000000.0,1209000000.0,306000000.0,151000000.0,,,,,,478000000.0,495000000.0,,,40000000.0,73000000.0,,659000000.0,,10000000.0,137000000.0,1346000000.0,1517000000.0,957000000.0,576000000.0,2166000000.0,19000000.0,116000000.0,546600000.0,529764000.0,535486000.0
SunTrust Banks Inc,STI,7E1PDLW1JL6TS0BS1G03,750556,2014.0,Q1TTM,2013-04-01,2014-03-31,,20000000.0,1.89,2.53,0.2,277000000.0,,2.51,,,286000000.0,653000000.0,589000000.0,4706000000.0,217000000.0,130000000.0,1414000000.0,1414000000.0,1409000000.0,29000000.0,4836000000.0,1263000000.0,188000000.0,,-24000000.0,,,,1719000000.0,1777000000.0,,,167000000.0,443000000.0,,2536000000.0,,35000000.0,529000000.0,5365000000.0,5835000000.0,3142000000.0,1700000000.0,7978000000.0,70000000.0,524000000.0,547300000.0,531162000.0,536992000.0
SunTrust Banks Inc,STI,7E1PDLW1JL6TS0BS1G03,750556,2014.0,Q1,2014-01-01,2014-03-31,2015-05-07 16:04:55+00:00,3000000.0,0.74,0.74,-0.1,65000000.0,,0.73,,,125000000.0,159000000.0,153000000.0,1166000000.0,58000000.0,25000000.0,411000000.0,411000000.0,405000000.0,6000000.0,1204000000.0,300000000.0,48000000.0,,,,,,330000000.0,454000000.0,,,40000000.0,102000000.0,,659000000.0,,9000000.0,132000000.0,1336000000.0,1357000000.0,791000000.0,536000000.0,1995000000.0,17000000.0,130000000.0,547300000.0,531162000.0,536992000.0
SunTrust Banks Inc,STI,7E1PDLW1JL6TS0BS1G03,750556,2015.0,FY,2015-01-01,2015-12-31,2018-02-23 16:05:49+00:00,40000000.0,3.62,3.62,0.92,219000000.0,,3.58,,,764000000.0,761000000.0,593000000.0,4588000000.0,252000000.0,151000000.0,1943000000.0,1943000000.0,1933000000.0,10000000.0,4764000000.0,1320000000.0,202000000.0,,,,,56000000.0,934000000.0,1915000000.0,,,139000000.0,165000000.0,,2576000000.0,,30000000.0,501000000.0,5265000000.0,5160000000.0,3268000000.0,2707000000.0,8032000000.0,84000000.0,334000000.0,534000000.0,514844000.0,520586000.0
SunTrust Banks Inc,STI,7E1PDLW1JL6TS0BS1G03,750556,2015.0,Q4,2015-10-01,2015-12-31,,17000000.0,0.92,0.92,0.24,54000000.0,,0.91,,,184000000.0,175000000.0,163000000.0,1178000000.0,57000000.0,48000000.0,488000000.0,488000000.0,484000000.0,4000000.0,1246000000.0,349000000.0,41000000.0,,,,,56000000.0,190000000.0,414000000.0,,,35000000.0,52000000.0,,649000000.0,,6000000.0,117000000.0,1363000000.0,1288000000.0,766000000.0,672000000.0,2012000000.0,22000000.0,80000000.0,534000000.0,514844000.0,520586000.0
SunTrust Banks Inc,STI,7E1PDLW1JL6TS0BS1G03,750556,2015.0,Q3,2015-07-01,2015-09-30,2016-11-04 16:04:14+00:00,9000000.0,1.01,1.01,0.24,54000000.0,,1.0,,,187000000.0,192000000.0,153000000.0,1159000000.0,60000000.0,42000000.0,539000000.0,539000000.0,537000000.0,2000000.0,1211000000.0,327000000.0,38000000.0,,,,,,213000000.0,495000000.0,,,32000000.0,32000000.0,,641000000.0,,8000000.0,122000000.0,1333000000.0,1264000000.0,811000000.0,726000000.0,2022000000.0,21000000.0,86000000.0,531700000.0,513000000.0,519000000.0
SunTrust Banks Inc,STI,7E1PDLW1JL6TS0BS1G03,750556,2015.0,Q3YTD,2015-01-01,2015-09-30,,23000000.0,2.7,2.7,0.68,165000000.0,,2.67,,,580000000.0,586000000.0,430000000.0,3410000000.0,195000000.0,103000000.0,1455000000.0,1455000000.0,1449000000.0,6000000.0,3518000000.0,971000000.0,161000000.0,,,,,,744000000.0,1501000000.0,,,104000000.0,113000000.0,,1927000000.0,,24000000.0,384000000.0,3902000000.0,3872000000.0,2502000000.0,2035000000.0,6020000000.0,62000000.0,254000000.0,531700000.0,513000000.0,519000000.0
SunTrust Banks Inc,STI,7E1PDLW1JL6TS0BS1G03,750556,2015.0,Q3TTM,2014-10-01,2015-09-30,,34000000.0,3.42,3.42,1.48,220000000.0,,3.39,,,708000000.0,769000000.0,588000000.0,4579000000.0,267000000.0,147000000.0,1850000000.0,1850000000.0,1843000000.0,7000000.0,4730000000.0,1306000000.0,197000000.0,,,,,,1122000000.0,1993000000.0,,,137000000.0,187000000.0,,2536000000.0,,34000000.0,521000000.0,5251000000.0,5282000000.0,3297000000.0,2558000000.0,8027000000.0,84000000.0,338000000.0,531700000.0,513000000.0,519000000.0
SunTrust Banks Inc,STI,7E1PDLW1JL6TS0BS1G03,750556,2015.0,Q2,2015-04-01,2015-06-30,2016-08-04 16:06:37+00:00,7000000.0,0.9,0.9,0.24,55000000.0,,0.89,,,202000000.0,225000000.0,137000000.0,1138000000.0,67000000.0,34000000.0,485000000.0,485000000.0,483000000.0,2000000.0,1167000000.0,331000000.0,68000000.0,,,,,,268000000.0,497000000.0,,,35000000.0,26000000.0,,653000000.0,,8000000.0,130000000.0,1297000000.0,1328000000.0,874000000.0,687000000.0,2041000000.0,22000000.0,84000000.0,536700000.0,517000000.0,522000000.0
SunTrust Banks Inc,STI,7E1PDLW1JL6TS0BS1G03,750556,2015.0,Q2YTD,2015-01-01,2015-06-30,,14000000.0,1.69,1.69,0.44,111000000.0,,1.67,,,393000000.0,394000000.0,277000000.0,2251000000.0,135000000.0,61000000.0,916000000.0,916000000.0,912000000.0,4000000.0,2307000000.0,644000000.0,123000000.0,,,,,,531000000.0,1006000000.0,,,72000000.0,81000000.0,,1286000000.0,,16000000.0,262000000.0,2569000000.0,2608000000.0,1691000000.0,1309000000.0,3998000000.0,41000000.0,168000000.0,536700000.0,517000000.0,522000000.0
SunTrust Banks Inc,STI,7E1PDLW1JL6TS0BS1G03,750556,2015.0,Q2TTM,2014-07-01,2015-06-30,,32000000.0,3.48,3.48,1.44,220000000.0,,3.45,,,588000000.0,741000000.0,588000000.0,4602000000.0,281000000.0,140000000.0,1887000000.0,1887000000.0,1882000000.0,5000000.0,4734000000.0,1288000000.0,196000000.0,,,,,,1139000000.0,1984000000.0,,,134000000.0,248000000.0,,2544000000.0,,36000000.0,537000000.0,5271000000.0,5277000000.0,3266000000.0,2475000000.0,8000000000.0,81000000.0,345000000.0,536700000.0,517000000.0,522000000.0
SunTrust Banks Inc,STI,7E1PDLW1JL6TS0BS1G03,750556,2015.0,Q1,2015-01-01,2015-03-31,2016-05-04 16:06:54+00:00,7000000.0,0.79,0.79,0.2,56000000.0,,0.78,,,191000000.0,169000000.0,140000000.0,1113000000.0,68000000.0,27000000.0,431000000.0,431000000.0,429000000.0,2000000.0,1140000000.0,313000000.0,55000000.0,,,,,,263000000.0,509000000.0,,,37000000.0,55000000.0,,633000000.0,,8000000.0,132000000.0,1272000000.0,1280000000.0,817000000.0,622000000.0,1957000000.0,19000000.0,84000000.0,543000000.0,521000000.0,527000000.0
SunTrust Banks Inc,STI,7E1PDLW1JL6TS0BS1G03,750556,2015.0,Q1TTM,2014-04-01,2015-03-31,,29000000.0,3.31,3.31,1.0,226000000.0,,3.28,,,559000000.0,711000000.0,600000000.0,4642000000.0,280000000.0,136000000.0,1805000000.0,1805000000.0,1798000000.0,7000000.0,4776000000.0,1263000000.0,279000000.0,,,,,,1349000000.0,1982000000.0,,,139000000.0,295000000.0,,2550000000.0,,38000000.0,544000000.0,5320000000.0,5466000000.0,3349000000.0,2364000000.0,8125000000.0,78000000.0,377000000.0,543000000.0,521000000.0,527000000.0
SunTrust Banks Inc,STI,7E1PDLW1JL6TS0BS1G03,750556,2016.0,FY,2016-01-01,2016-12-31,2019-02-22 16:06:44+00:00,49000000.0,3.63,3.63,1.0,259000000.0,,3.6,,,805000000.0,515000000.0,636000000.0,5031000000.0,260000000.0,172000000.0,1887000000.0,1887000000.0,1811000000.0,9000000.0,5221000000.0,1353000000.0,215000000.0,,,,,69000000.0,1023000000.0,1650000000.0,,67000000.0,173000000.0,444000000.0,,2698000000.0,630000000.0,38000000.0,557000000.0,5778000000.0,5468000000.0,3383000000.0,2692000000.0,8604000000.0,111000000.0,304000000.0,498900000.0,498600000.0,503500000.0
SunTrust Banks Inc,STI,7E1PDLW1JL6TS0BS1G03,750556,2016.0,Q4,2016-10-01,2016-12-31,,14000000.0,0.91,0.91,0.26,70000000.0,,0.91,,,194000000.0,-68000000.0,153000000.0,1299000000.0,69000000.0,52000000.0,468000000.0,468000000.0,398000000.0,3000000.0,1343000000.0,346000000.0,5000000.0,,,,,34000000.0,235000000.0,140000000.0,,67000000.0,46000000.0,100000000.0,,703000000.0,630000000.0,10000000.0,149000000.0,1492000000.0,1396000000.0,815000000.0,662000000.0,2158000000.0,40000000.0,74000000.0,498900000.0,498600000.0,503500000.0
SunTrust Banks Inc,STI,7E1PDLW1JL6TS0BS1G03,750556,2016.0,Q3,2016-07-01,2016-09-30,2017-11-03 16:03:37+00:00,14000000.0,0.92,0.92,0.26,67000000.0,,0.91,,,215000000.0,218000000.0,159000000.0,1270000000.0,68000000.0,38000000.0,476000000.0,476000000.0,474000000.0,2000000.0,1308000000.0,362000000.0,65000000.0,,,,,8000000.0,261000000.0,518000000.0,,,47000000.0,97000000.0,,687000000.0,,8000000.0,143000000.0,1451000000.0,1409000000.0,889000000.0,691000000.0,2197000000.0,22000000.0,80000000.0,515200000.0,496304000.0,500885000.0
SunTrust Banks Inc,STI,7E1PDLW1JL6TS0BS1G03,750556,2016.0,Q3YTD,2016-01-01,2016-09-30,,35000000.0,2.72,2.72,0.74,189000000.0,,2.69,,,611000000.0,583000000.0,483000000.0,3732000000.0,191000000.0,120000000.0,1419000000.0,1419000000.0,1413000000.0,6000000.0,3878000000.0,1007000000.0,210000000.0,,,,,35000000.0,788000000.0,1510000000.0,,,127000000.0,344000000.0,,1995000000.0,,28000000.0,408000000.0,4286000000.0,4072000000.0,2568000000.0,2030000000.0,6446000000.0,71000000.0,230000000.0,515200000.0,496304000.0,500885000.0
SunTrust Banks Inc,STI,7E1PDLW1JL6TS0BS1G03,750556,2016.0,Q3TTM,2015-10-01,2016-09-30,,52000000.0,3.64,3.64,0.98,243000000.0,,3.6,,,795000000.0,758000000.0,646000000.0,4910000000.0,248000000.0,168000000.0,1907000000.0,1907000000.0,1897000000.0,10000000.0,5124000000.0,1356000000.0,251000000.0,,,,,91000000.0,978000000.0,1924000000.0,,,162000000.0,396000000.0,,2644000000.0,,34000000.0,525000000.0,5649000000.0,5360000000.0,3334000000.0,2702000000.0,8458000000.0,93000000.0,310000000.0,515200000.0,496304000.0,500885000.0
SunTrust Banks Inc,STI,7E1PDLW1JL6TS0BS1G03,750556,2016.0,Q2,2016-04-01,2016-06-30,2017-08-04 16:03:07+00:00,11000000.0,0.95,0.95,0.24,63000000.0,,0.94,,,201000000.0,198000000.0,161000000.0,1240000000.0,64000000.0,38000000.0,494000000.0,494000000.0,492000000.0,2000000.0,1288000000.0,322000000.0,90000000.0,,,,,10000000.0,261000000.0,525000000.0,,,44000000.0,146000000.0,,669000000.0,,9000000.0,136000000.0,1424000000.0,1345000000.0,898000000.0,695000000.0,2186000000.0,23000000.0,75000000.0,517900000.0,501374000.0,505633000.0
SunTrust Banks Inc,STI,7E1PDLW1JL6TS0BS1G03,750556,2016.0,Q2YTD,2016-01-01,2016-06-30,,21000000.0,1.8,1.8,0.48,122000000.0,,1.78,,,396000000.0,365000000.0,324000000.0,2462000000.0,123000000.0,82000000.0,943000000.0,943000000.0,939000000.0,4000000.0,2570000000.0,645000000.0,145000000.0,,,,,27000000.0,527000000.0,992000000.0,,,80000000.0,247000000.0,,1308000000.0,,20000000.0,265000000.0,2835000000.0,2663000000.0,1679000000.0,1339000000.0,4249000000.0,49000000.0,150000000.0,517900000.0,501374000.0,505633000.0
SunTrust Banks Inc,STI,7E1PDLW1JL6TS0BS1G03,750556,2016.0,Q2TTM,2015-07-01,2016-06-30,,47000000.0,3.73,3.73,0.96,230000000.0,,3.69,,,767000000.0,732000000.0,640000000.0,4799000000.0,240000000.0,172000000.0,1970000000.0,1970000000.0,1960000000.0,10000000.0,5027000000.0,1321000000.0,224000000.0,,,,,83000000.0,930000000.0,1901000000.0,,,147000000.0,331000000.0,,2598000000.0,,34000000.0,504000000.0,5531000000.0,5215000000.0,3256000000.0,2737000000.0,8283000000.0,92000000.0,316000000.0,517900000.0,501374000.0,505633000.0
SunTrust Banks Inc,STI,7E1PDLW1JL6TS0BS1G03,750556,2016.0,Q1,2016-01-01,2016-03-31,2017-05-04 16:06:28+00:00,10000000.0,0.85,0.85,0.24,59000000.0,,0.84,,,195000000.0,167000000.0,163000000.0,1222000000.0,59000000.0,44000000.0,449000000.0,449000000.0,447000000.0,2000000.0,1282000000.0,323000000.0,55000000.0,,,,,17000000.0,266000000.0,467000000.0,,,36000000.0,101000000.0,,639000000.0,,11000000.0,129000000.0,1411000000.0,1318000000.0,781000000.0,644000000.0,2063000000.0,26000000.0,75000000.0,525900000.0,505000000.0,509931000.0
SunTrust Banks Inc,STI,7E1PDLW1JL6TS0BS1G03,750556,2016.0,Q1TTM,2015-04-01,2016-03-31,,43000000.0,3.68,3.68,0.96,222000000.0,,3.64,,,768000000.0,759000000.0,616000000.0,4697000000.0,243000000.0,168000000.0,1961000000.0,1961000000.0,1951000000.0,10000000.0,4906000000.0,1330000000.0,202000000.0,,,,,73000000.0,937000000.0,1873000000.0,,,138000000.0,211000000.0,,2582000000.0,,33000000.0,498000000.0,5404000000.0,5198000000.0,3232000000.0,2729000000.0,8138000000.0,91000000.0,325000000.0,525900000.0,505000000.0,509931000.0
SunTrust Banks Inc,STI,7E1PDLW1JL6TS0BS1G03,750556,2017.0,FY,2017-01-01,2017-12-31,2019-02-22 16:06:44+00:00,75000000.0,4.53,4.53,1.32,404000000.0,,4.47,,,532000000.0,623000000.0,756000000.0,5484000000.0,288000000.0,232000000.0,2282000000.0,2282000000.0,2179000000.0,9000000.0,5633000000.0,1367000000.0,188000000.0,,,,,123000000.0,1049000000.0,1508000000.0,,94000000.0,187000000.0,409000000.0,,2854000000.0,603000000.0,62000000.0,754000000.0,6387000000.0,5764000000.0,3354000000.0,2814000000.0,8987000000.0,147000000.0,309000000.0,481000000.0,481300000.0,487000000.0
SunTrust Banks Inc,STI,7E1PDLW1JL6TS0BS1G03,750556,2017.0,Q4,2017-10-01,2017-12-31,,25000000.0,1.49,1.49,0.4,118000000.0,,1.47,,,-74000000.0,2000000.0,196000000.0,1406000000.0,72000000.0,103000000.0,742000000.0,742000000.0,645000000.0,3000000.0,1434000000.0,353000000.0,39000000.0,,,,,-476000000.0,294000000.0,508000000.0,,94000000.0,43000000.0,80000000.0,,702000000.0,603000000.0,17000000.0,207000000.0,1641000000.0,1520000000.0,834000000.0,668000000.0,2268000000.0,39000000.0,158000000.0,481000000.0,481300000.0,487000000.0
SunTrust Banks Inc,STI,7E1PDLW1JL6TS0BS1G03,750556,2017.0,Q3,2017-07-01,2017-09-30,2018-11-02 16:07:07+00:00,22000000.0,1.07,1.07,0.4,111000000.0,,1.06,,,225000000.0,169000000.0,191000000.0,1406000000.0,76000000.0,45000000.0,540000000.0,540000000.0,538000000.0,2000000.0,1430000000.0,337000000.0,51000000.0,0.0,,,,555000000.0,215000000.0,71000000.0,,,47000000.0,120000000.0,,725000000.0,,18000000.0,205000000.0,1635000000.0,1391000000.0,846000000.0,765000000.0,2276000000.0,38000000.0,,502800000.0,478258000.0,483640000.0
SunTrust Banks Inc,STI,7E1PDLW1JL6TS0BS1G03,750556,2017.0,Q3YTD,2017-01-01,2017-09-30,,50000000.0,3.04,3.04,0.92,286000000.0,,3.0,,,606000000.0,621000000.0,560000000.0,4078000000.0,216000000.0,129000000.0,1540000000.0,1540000000.0,1534000000.0,6000000.0,4199000000.0,1014000000.0,149000000.0,,,,,599000000.0,755000000.0,1000000000.0,,,144000000.0,329000000.0,,2152000000.0,,45000000.0,547000000.0,4746000000.0,4244000000.0,2520000000.0,2146000000.0,6719000000.0,108000000.0,151000000.0,502800000.0,478258000.0,483640000.0
SunTrust Banks Inc,STI,7E1PDLW1JL6TS0BS1G03,750556,2017.0,Q3TTM,2016-10-01,2017-09-30,,64000000.0,3.95,3.95,1.18,356000000.0,,3.91,,,800000000.0,553000000.0,713000000.0,5377000000.0,285000000.0,181000000.0,2008000000.0,2008000000.0,1932000000.0,9000000.0,5542000000.0,1360000000.0,154000000.0,,,,,633000000.0,990000000.0,1140000000.0,,67000000.0,190000000.0,429000000.0,,2855000000.0,630000000.0,55000000.0,696000000.0,6238000000.0,5640000000.0,3335000000.0,2808000000.0,8877000000.0,148000000.0,225000000.0,502800000.0,478258000.0,483640000.0
SunTrust Banks Inc,STI,7E1PDLW1JL6TS0BS1G03,750556,2017.0,Q2,2017-04-01,2017-06-30,2018-08-03 16:04:32+00:00,15000000.0,1.05,1.05,0.26,95000000.0,,1.03,,,222000000.0,217000000.0,187000000.0,1359000000.0,70000000.0,42000000.0,530000000.0,530000000.0,528000000.0,2000000.0,1403000000.0,341000000.0,47000000.0,,,,,24000000.0,231000000.0,463000000.0,,,49000000.0,90000000.0,,710000000.0,,15000000.0,180000000.0,1583000000.0,1388000000.0,827000000.0,752000000.0,2230000000.0,37000000.0,76000000.0,502900000.0,482913000.0,488020000.0
SunTrust Banks Inc,STI,7E1PDLW1JL6TS0BS1G03,750556,2017.0,Q2YTD,2017-01-01,2017-06-30,,28000000.0,1.97,1.97,0.52,175000000.0,,1.94,,,381000000.0,452000000.0,369000000.0,2672000000.0,140000000.0,84000000.0,1000000000.0,1000000000.0,996000000.0,4000000.0,2769000000.0,677000000.0,98000000.0,,,,,44000000.0,540000000.0,929000000.0,,,97000000.0,209000000.0,,1427000000.0,,27000000.0,342000000.0,3111000000.0,2853000000.0,1674000000.0,1381000000.0,4443000000.0,70000000.0,151000000.0,502900000.0,482913000.0,488020000.0
SunTrust Banks Inc,STI,7E1PDLW1JL6TS0BS1G03,750556,2017.0,Q2TTM,2016-07-01,2017-06-30,,56000000.0,3.8,3.8,1.04,312000000.0,,3.76,,,790000000.0,602000000.0,681000000.0,5241000000.0,277000000.0,174000000.0,1944000000.0,1944000000.0,1868000000.0,9000000.0,5420000000.0,1385000000.0,168000000.0,,,,,86000000.0,1036000000.0,1587000000.0,,67000000.0,190000000.0,406000000.0,,2817000000.0,630000000.0,45000000.0,634000000.0,6054000000.0,5658000000.0,3378000000.0,2734000000.0,8798000000.0,132000000.0,305000000.0,502900000.0,482913000.0,488020000.0
SunTrust Banks Inc,STI,7E1PDLW1JL6TS0BS1G03,750556,2017.0,Q1,2017-01-01,2017-03-31,2018-05-04 16:03:19+00:00,13000000.0,0.92,0.92,0.26,80000000.0,,0.91,,,159000000.0,235000000.0,182000000.0,1313000000.0,70000000.0,42000000.0,470000000.0,470000000.0,468000000.0,2000000.0,1366000000.0,336000000.0,51000000.0,,,,,20000000.0,309000000.0,466000000.0,,,48000000.0,119000000.0,,717000000.0,,12000000.0,162000000.0,1528000000.0,1465000000.0,847000000.0,629000000.0,2213000000.0,33000000.0,75000000.0,508700000.0,490091000.0,496002000.0
SunTrust Banks Inc,STI,7E1PDLW1JL6TS0BS1G03,750556,2017.0,Q1TTM,2016-04-01,2017-03-31,,52000000.0,3.7,3.7,1.02,280000000.0,,3.67,,,769000000.0,583000000.0,655000000.0,5122000000.0,271000000.0,170000000.0,1908000000.0,1908000000.0,1832000000.0,9000000.0,5305000000.0,1366000000.0,211000000.0,,,,,72000000.0,1066000000.0,1649000000.0,,67000000.0,185000000.0,462000000.0,,2776000000.0,630000000.0,39000000.0,590000000.0,5895000000.0,5615000000.0,3449000000.0,2677000000.0,8754000000.0,118000000.0,304000000.0,508700000.0,490091000.0,496002000.0
SunTrust Banks Inc,STI,7E1PDLW1JL6TS0BS1G03,750556,2018.0,Q4,2018-10-01,2018-12-31,,22000000.0,1.4,1.4,0.5,228000000.0,,1.4,,,135000000.0,147000000.0,221000000.0,1669000000.0,123000000.0,49000000.0,661000000.0,661000000.0,633000000.0,3000000.0,1546000000.0,386000000.0,24000000.0,,,,,69000000.0,280000000.0,360000000.0,,25000000.0,7000000.0,87000000.0,,738000000.0,145000000.0,47000000.0,398000000.0,1944000000.0,1482000000.0,819000000.0,796000000.0,2365000000.0,54000000.0,74000000.0,460800000.0,460900000.0,465000000.0
SunTrust Banks Inc,STI,7E1PDLW1JL6TS0BS1G03,750556,2018.0,FY,2018-01-01,2018-12-31,2019-02-22 16:06:44+00:00,73000000.0,5.79,5.79,1.8,711000000.0,,5.74,,,548000000.0,599000000.0,849000000.0,6159000000.0,375000000.0,175000000.0,2784000000.0,2784000000.0,2668000000.0,9000000.0,5987000000.0,1447000000.0,162000000.0,,,,,134000000.0,974000000.0,1448000000.0,,107000000.0,126000000.0,208000000.0,,2878000000.0,579000000.0,132000000.0,1218000000.0,7205000000.0,5673000000.0,3226000000.0,3332000000.0,9213000000.0,197000000.0,304000000.0,460800000.0,460900000.0,465000000.0
SunTrust Banks Inc,STI,7E1PDLW1JL6TS0BS1G03,750556,2018.0,Q3,2018-07-01,2018-09-30,2019-10-31 16:39:47+00:00,19000000.0,1.58,1.58,0.5,193000000.0,,1.56,,,95000000.0,150000000.0,212000000.0,1571000000.0,95000000.0,45000000.0,754000000.0,754000000.0,726000000.0,2000000.0,1512000000.0,360000000.0,42000000.0,,,,,24000000.0,202000000.0,342000000.0,,26000000.0,39000000.0,61000000.0,0.0,719000000.0,144000000.0,34000000.0,322000000.0,1834000000.0,1384000000.0,782000000.0,849000000.0,2294000000.0,51000000.0,80000000.0,459500000.0,460252000.0,464164000.0
SunTrust Banks Inc,STI,7E1PDLW1JL6TS0BS1G03,750556,2018.0,Q3YTD,2018-01-01,2018-09-30,,51000000.0,4.39,4.39,1.3,483000000.0,,4.34,,,413000000.0,452000000.0,628000000.0,4490000000.0,252000000.0,126000000.0,2123000000.0,2123000000.0,2035000000.0,6000000.0,4441000000.0,1061000000.0,138000000.0,,,,,65000000.0,694000000.0,1088000000.0,,82000000.0,119000000.0,121000000.0,,2140000000.0,434000000.0,85000000.0,820000000.0,5261000000.0,4191000000.0,2407000000.0,2536000000.0,6848000000.0,143000000.0,230000000.0,459500000.0,460252000.0,464164000.0
SunTrust Banks Inc,STI,7E1PDLW1JL6TS0BS1G03,750556,2018.0,Q3TTM,2017-10-01,2018-09-30,,76000000.0,5.88,5.88,1.7,601000000.0,,5.81,,,339000000.0,454000000.0,824000000.0,5896000000.0,324000000.0,229000000.0,2865000000.0,2865000000.0,2680000000.0,9000000.0,5875000000.0,1414000000.0,177000000.0,,,,,-411000000.0,988000000.0,1596000000.0,,176000000.0,162000000.0,201000000.0,,2842000000.0,1037000000.0,102000000.0,1027000000.0,6902000000.0,5711000000.0,3241000000.0,3204000000.0,9116000000.0,182000000.0,388000000.0,459500000.0,460252000.0,464164000.0
SunTrust Banks Inc,STI,7E1PDLW1JL6TS0BS1G03,750556,2018.0,Q2,2018-04-01,2018-06-30,2019-08-02 16:04:52+00:00,17000000.0,1.5,1.5,0.4,159000000.0,,1.49,,,171000000.0,169000000.0,210000000.0,1500000000.0,83000000.0,40000000.0,724000000.0,724000000.0,697000000.0,2000000.0,1488000000.0,361000000.0,53000000.0,,,,,18000000.0,219000000.0,370000000.0,,25000000.0,39000000.0,32000000.0,0.0,714000000.0,144000000.0,29000000.0,271000000.0,1759000000.0,1390000000.0,829000000.0,895000000.0,2317000000.0,49000000.0,75000000.0,464700000.0,465529000.0,469339000.0
SunTrust Banks Inc,STI,7E1PDLW1JL6TS0BS1G03,750556,2018.0,Q2YTD,2018-01-01,2018-06-30,,32000000.0,2.81,2.81,0.8,290000000.0,,2.78,,,318000000.0,302000000.0,416000000.0,2919000000.0,157000000.0,81000000.0,1369000000.0,1369000000.0,1309000000.0,4000000.0,2929000000.0,701000000.0,96000000.0,,,,,41000000.0,492000000.0,746000000.0,,56000000.0,80000000.0,60000000.0,,1421000000.0,290000000.0,51000000.0,498000000.0,3427000000.0,2807000000.0,1625000000.0,1687000000.0,4554000000.0,92000000.0,150000000.0,464700000.0,465529000.0,469339000.0
SunTrust Banks Inc,STI,7E1PDLW1JL6TS0BS1G03,750556,2018.0,Q2TTM,2017-07-01,2018-06-30,,79000000.0,5.37,5.37,1.6,519000000.0,,5.31,,,469000000.0,473000000.0,803000000.0,5731000000.0,305000000.0,229000000.0,2651000000.0,2651000000.0,2492000000.0,9000000.0,5793000000.0,1391000000.0,186000000.0,,,,,120000000.0,1001000000.0,1325000000.0,,150000000.0,170000000.0,260000000.0,,2848000000.0,893000000.0,86000000.0,910000000.0,6703000000.0,5718000000.0,3305000000.0,3120000000.0,9098000000.0,169000000.0,308000000.0,464700000.0,465529000.0,469339000.0
SunTrust Banks Inc,STI,7E1PDLW1JL6TS0BS1G03,750556,2018.0,Q1,2018-01-01,2018-03-31,2019-05-06 08:38:15+00:00,15000000.0,1.31,1.31,0.4,131000000.0,,1.29,,,147000000.0,133000000.0,206000000.0,1419000000.0,74000000.0,41000000.0,645000000.0,645000000.0,612000000.0,2000000.0,1441000000.0,340000000.0,43000000.0,,,,,23000000.0,273000000.0,376000000.0,,31000000.0,41000000.0,28000000.0,0.0,707000000.0,146000000.0,22000000.0,227000000.0,1668000000.0,1417000000.0,796000000.0,792000000.0,2237000000.0,43000000.0,75000000.0,467200000.0,468723000.0,473620000.0
SunTrust Banks Inc,STI,7E1PDLW1JL6TS0BS1G03,750556,2018.0,Q1TTM,2017-04-01,2018-03-31,,77000000.0,4.92,4.92,1.46,455000000.0,,4.85,,,520000000.0,521000000.0,780000000.0,5590000000.0,292000000.0,231000000.0,2457000000.0,2457000000.0,2323000000.0,9000000.0,5708000000.0,1371000000.0,180000000.0,,,,,126000000.0,1013000000.0,1418000000.0,,125000000.0,180000000.0,318000000.0,,2844000000.0,749000000.0,72000000.0,819000000.0,6527000000.0,5716000000.0,3303000000.0,2977000000.0,9011000000.0,157000000.0,309000000.0,467200000.0,468723000.0,473620000.0
SunTrust Banks Inc,STI,7E1PDLW1JL6TS0BS1G03,750556,2019.0,Q3,2019-07-01,2019-09-30,2019-10-31 16:39:47+00:00,21000000.0,1.35,1.35,0.56,293000000.0,,1.34,,,122000000.0,159000000.0,215000000.0,1729000000.0,150000000.0,44000000.0,625000000.0,625000000.0,597000000.0,2000000.0,1510000000.0,379000000.0,38000000.0,,,,,,247000000.0,568000000.0,,26000000.0,17000000.0,132000000.0,22000000.0,744000000.0,,52000000.0,495000000.0,2005000000.0,1474000000.0,843000000.0,747000000.0,2353000000.0,61000000.0,78000000.0,442200000.0,443960000.0,446962000.0
SunTrust Banks Inc,STI,7E1PDLW1JL6TS0BS1G03,750556,2019.0,Q3YTD,2019-01-01,2019-09-30,,53000000.0,4.09,4.09,1.56,811000000.0,,4.06,,,331000000.0,431000000.0,659000000.0,5175000000.0,425000000.0,131000000.0,1897000000.0,1897000000.0,1814000000.0,6000000.0,4589000000.0,1140000000.0,316000000.0,,,,,74000000.0,1001000000.0,1333000000.0,,77000000.0,53000000.0,412000000.0,75000000.0,2148000000.0,276000000.0,188000000.0,1424000000.0,6013000000.0,4601000000.0,2652000000.0,2228000000.0,7241000000.0,179000000.0,222000000.0,442200000.0,443960000.0,446962000.0
SunTrust Banks Inc,STI,7E1PDLW1JL6TS0BS1G03,750556,2019.0,Q3TTM,2018-10-01,2019-09-30,,75000000.0,5.49,5.49,2.06,1039000000.0,,5.46,,,466000000.0,578000000.0,880000000.0,6844000000.0,548000000.0,180000000.0,2558000000.0,2558000000.0,2447000000.0,9000000.0,6135000000.0,1526000000.0,340000000.0,,,,,143000000.0,1281000000.0,1693000000.0,,102000000.0,60000000.0,499000000.0,75000000.0,2886000000.0,421000000.0,235000000.0,1822000000.0,7957000000.0,6083000000.0,3471000000.0,3024000000.0,9606000000.0,233000000.0,296000000.0,442200000.0,443960000.0,446962000.0
SunTrust Banks Inc,STI,7E1PDLW1JL6TS0BS1G03,750556,2019.0,Q2,2019-04-01,2019-06-30,2019-08-02 16:04:52+00:00,17000000.0,1.49,1.49,0.5,269000000.0,,1.48,,,105000000.0,142000000.0,223000000.0,1736000000.0,150000000.0,46000000.0,690000000.0,690000000.0,663000000.0,2000000.0,1535000000.0,379000000.0,218000000.0,,,,,50000000.0,443000000.0,403000000.0,,25000000.0,17000000.0,127000000.0,8000000.0,728000000.0,139000000.0,67000000.0,486000000.0,2021000000.0,1638000000.0,1025000000.0,795000000.0,2560000000.0,62000000.0,73000000.0,445000000.0,443806000.0,446391000.0
SunTrust Banks Inc,STI,7E1PDLW1JL6TS0BS1G03,750556,2019.0,Q2YTD,2019-01-01,2019-06-30,,32000000.0,2.74,2.74,1.0,518000000.0,,2.72,,,209000000.0,272000000.0,444000000.0,3446000000.0,275000000.0,87000000.0,1272000000.0,1272000000.0,1217000000.0,4000000.0,3079000000.0,761000000.0,278000000.0,,,,,74000000.0,754000000.0,765000000.0,,51000000.0,36000000.0,280000000.0,53000000.0,1404000000.0,276000000.0,136000000.0,929000000.0,4008000000.0,3127000000.0,1809000000.0,1481000000.0,4888000000.0,118000000.0,144000000.0,445000000.0,443806000.0,446391000.0
SunTrust Banks Inc,STI,7E1PDLW1JL6TS0BS1G03,750556,2019.0,Q2TTM,2018-07-01,2019-06-30,,73000000.0,5.72,5.72,2.0,939000000.0,,5.68,,,439000000.0,569000000.0,877000000.0,6686000000.0,493000000.0,181000000.0,2687000000.0,2687000000.0,2576000000.0,9000000.0,6137000000.0,1507000000.0,344000000.0,,,,,167000000.0,1236000000.0,1467000000.0,,102000000.0,82000000.0,428000000.0,53000000.0,2861000000.0,565000000.0,217000000.0,1649000000.0,7786000000.0,5993000000.0,3410000000.0,3126000000.0,9547000000.0,223000000.0,298000000.0,445000000.0,443806000.0,446391000.0
SunTrust Banks Inc,STI,7E1PDLW1JL6TS0BS1G03,750556,2019.0,Q1,2019-01-01,2019-03-31,2019-05-06 08:38:15+00:00,15000000.0,1.25,1.25,0.5,249000000.0,,1.24,,,104000000.0,130000000.0,221000000.0,1710000000.0,125000000.0,41000000.0,582000000.0,582000000.0,554000000.0,2000000.0,1544000000.0,382000000.0,60000000.0,,,,,24000000.0,311000000.0,362000000.0,,26000000.0,19000000.0,153000000.0,45000000.0,676000000.0,137000000.0,69000000.0,443000000.0,1987000000.0,1489000000.0,784000000.0,686000000.0,2328000000.0,56000000.0,71000000.0,443200000.0,443566000.0,446662000.0
SunTrust Banks Inc,STI,7E1PDLW1JL6TS0BS1G03,750556,2019.0,Q1TTM,2018-04-01,2019-03-31,,73000000.0,5.73,5.73,1.9,829000000.0,,5.69,,,505000000.0,596000000.0,864000000.0,6450000000.0,426000000.0,175000000.0,2721000000.0,2721000000.0,2610000000.0,9000000.0,6090000000.0,1489000000.0,179000000.0,,,,,135000000.0,1012000000.0,1434000000.0,,102000000.0,104000000.0,333000000.0,45000000.0,2847000000.0,570000000.0,179000000.0,1434000000.0,7524000000.0,5745000000.0,3214000000.0,3226000000.0,9304000000.0,210000000.0,300000000.0,443200000.0,443566000.0,446662000.0
