company_name,company_ticker,company_lei,company_cik,year,quarter,start_date,end_date,filing_date,basicdilutedeps,basiceps,cashdividendspershare,depositsinterestexpense,depositsinterestincome,dilutedeps,incometaxexpense,investmentsecuritiesinterestincome,loansandleaseinterestincome,longtermdebtinterestexpense,marketingexpense,netincome,netincomecontinuing,netincomediscontinued,netincometocommon,netinterestincome,otheradjustmentstoconsolidatednetincome,othergains,otherinterestexpense,othernoninterestincome,otheroperatingexpenses,otherservicechargeincome,provisionforcreditlosses,salariesandemployeebenefitsexpense,shorttermborrowinginterestexpense,totalinterestexpense,totalinterestincome,totalnoninterestexpense,totalnoninterestincome,totalpretaxincome,totalrevenue,weightedavebasicdilutedsharesos,weightedavebasicsharesos,weightedavedilutedsharesos
American Express Co,AXP,R4PP93JZOLY261QX3811,4962,2007.0,FY,2007-01-01,2007-12-31,2010-02-25 20:48:03+00:00,3.4,6.89,,566000000.0,400000000.0,6.78,1568000000.0,673000000.0,6351000000.0,2684000000.0,7817000000.0,4012000000.0,4126000000.0,-114000000.0,4012000000.0,3443000000.0,,,,16103000000.0,4507000000.0,8013000000.0,4103000000.0,5438000000.0,731000000.0,3981000000.0,7424000000.0,17762000000.0,24116000000.0,5694000000.0,27559000000.0,1180000000.0,1173000000.0,1193000000.0
American Express Co,AXP,R4PP93JZOLY261QX3811,4962,2008.0,FY,2008-01-01,2008-12-31,2011-02-25 21:38:38+00:00,2.33,4.8,,454000000.0,271000000.0,4.79,710000000.0,771000000.0,6159000000.0,2618000000.0,7361000000.0,2699000000.0,2871000000.0,-172000000.0,2699000000.0,3646000000.0,,,,16095000000.0,5535000000.0,8624000000.0,5798000000.0,6090000000.0,483000000.0,3555000000.0,7201000000.0,18986000000.0,24719000000.0,3581000000.0,28365000000.0,1158400000.0,1154000000.0,1156000000.0
American Express Co,AXP,R4PP93JZOLY261QX3811,4962,2008.0,Q3,2008-07-01,2008-09-30,2009-10-30 16:27:04+00:00,0.7,1.44,0.18,109000000.0,74000000.0,1.44,217000000.0,200000000.0,1560000000.0,661000000.0,1929000000.0,815000000.0,861000000.0,-46000000.0,815000000.0,950000000.0,,,,4048000000.0,1333000000.0,2166000000.0,1359000000.0,1465000000.0,114000000.0,884000000.0,1834000000.0,4727000000.0,6214000000.0,1078000000.0,7164000000.0,1164300000.0,1154000000.0,1158000000.0
American Express Co,AXP,R4PP93JZOLY261QX3811,4962,2008.0,Q2,2008-04-01,2008-06-30,2009-09-02 15:59:58+00:00,0.56,1.13,0.18,123000000.0,76000000.0,0.56,114000000.0,217000000.0,1564000000.0,631000000.0,1924000000.0,653000000.0,660000000.0,-7000000.0,653000000.0,954000000.0,,,13000000.0,4218000000.0,1438000000.0,2283000000.0,1824000000.0,1495000000.0,136000000.0,903000000.0,1857000000.0,4857000000.0,6501000000.0,774000000.0,7455000000.0,1166100000.0,1154000000.0,1163000000.0
American Express Co,AXP,R4PP93JZOLY261QX3811,4962,2009.0,FY,2009-01-01,2009-12-31,2012-02-24 12:34:57+00:00,1.54,3.09,,425000000.0,59000000.0,1.54,704000000.0,804000000.0,4468000000.0,1745000000.0,6563000000.0,2130000000.0,2137000000.0,-7000000.0,2130000000.0,3124000000.0,,,,13602000000.0,4539000000.0,7610000000.0,5313000000.0,5080000000.0,37000000.0,2207000000.0,5331000000.0,16182000000.0,21212000000.0,2841000000.0,24336000000.0,1383100000.0,1168000000.0,1171000000.0
American Express Co,AXP,R4PP93JZOLY261QX3811,4962,2009.0,Q4,2009-10-01,2009-12-31,,0.6,1.2,-0.54,126000000.0,11000000.0,-0.25,251000000.0,225000000.0,1036000000.0,435000000.0,2130000000.0,716000000.0,710000000.0,6000000.0,716000000.0,710000000.0,,,,3648000000.0,1267000000.0,1944000000.0,748000000.0,1196000000.0,1000000.0,562000000.0,1272000000.0,4593000000.0,5592000000.0,961000000.0,6302000000.0,1383100000.0,1168000000.0,1171000000.0
American Express Co,AXP,R4PP93JZOLY261QX3811,4962,2009.0,Q3,2009-07-01,2009-09-30,2010-11-03 17:22:14+00:00,0.54,1.08,0.18,109000000.0,9000000.0,1.07,276000000.0,229000000.0,1059000000.0,432000000.0,1619000000.0,640000000.0,642000000.0,-2000000.0,640000000.0,754000000.0,,,,3444000000.0,1040000000.0,1818000000.0,1178000000.0,1261000000.0,2000000.0,543000000.0,1297000000.0,3920000000.0,5262000000.0,918000000.0,6016000000.0,1185200000.0,1178000000.0,1181000000.0
American Express Co,AXP,R4PP93JZOLY261QX3811,4962,2009.0,Q3YTD,2009-01-01,2009-09-30,,0.94,1.89,0.54,299000000.0,48000000.0,1.79,453000000.0,579000000.0,3432000000.0,1310000000.0,4433000000.0,1414000000.0,1427000000.0,-13000000.0,1414000000.0,2414000000.0,,,,9954000000.0,3272000000.0,5666000000.0,4565000000.0,3884000000.0,36000000.0,1645000000.0,4059000000.0,11589000000.0,15620000000.0,1880000000.0,18034000000.0,1185200000.0,1178000000.0,1181000000.0
American Express Co,AXP,R4PP93JZOLY261QX3811,4962,2009.0,Q2,2009-04-01,2009-06-30,2010-08-04 21:45:58+00:00,0.09,0.18,0.18,105000000.0,11000000.0,0.09,76000000.0,196000000.0,1081000000.0,435000000.0,1512000000.0,337000000.0,342000000.0,-5000000.0,337000000.0,741000000.0,,,,3303000000.0,1208000000.0,2048000000.0,1584000000.0,1370000000.0,7000000.0,547000000.0,1288000000.0,4090000000.0,5351000000.0,418000000.0,6092000000.0,3744400000.0,1162000000.0,1165000000.0
American Express Co,AXP,R4PP93JZOLY261QX3811,4962,2009.0,Q2YTD,2009-01-01,2009-06-30,,0.4,0.81,0.36,190000000.0,39000000.0,0.72,177000000.0,350000000.0,2373000000.0,878000000.0,2814000000.0,774000000.0,785000000.0,-11000000.0,774000000.0,1660000000.0,,,,6510000000.0,2232000000.0,3848000000.0,3387000000.0,2623000000.0,34000000.0,1102000000.0,2762000000.0,7669000000.0,10358000000.0,962000000.0,12018000000.0,3744400000.0,1162000000.0,1165000000.0
American Express Co,AXP,R4PP93JZOLY261QX3811,4962,2009.0,Q1,2009-01-01,2009-03-31,2010-05-05 17:06:53+00:00,0.31,0.63,0.18,85000000.0,28000000.0,0.63,101000000.0,154000000.0,1292000000.0,443000000.0,1302000000.0,437000000.0,443000000.0,-6000000.0,437000000.0,919000000.0,,,,3207000000.0,1024000000.0,1800000000.0,1803000000.0,1253000000.0,27000000.0,555000000.0,1474000000.0,3579000000.0,5007000000.0,544000000.0,5926000000.0,1409700000.0,1156000000.0,1156000000.0
American Express Co,AXP,R4PP93JZOLY261QX3811,4962,2010.0,FY,2010-01-01,2010-12-31,2012-02-24 12:34:57+00:00,3.37,6.74,,546000000.0,66000000.0,3.35,1907000000.0,443000000.0,6783000000.0,1874000000.0,8738000000.0,4057000000.0,4057000000.0,0.0,4057000000.0,4869000000.0,,,,14880000000.0,5107000000.0,7833000000.0,2207000000.0,5566000000.0,3000000.0,2423000000.0,7292000000.0,19411000000.0,22713000000.0,5964000000.0,27582000000.0,1203900000.0,1188000000.0,1195000000.0
American Express Co,AXP,R4PP93JZOLY261QX3811,4962,2010.0,Q4,2010-10-01,2010-12-31,,0.88,2.5,-0.54,140000000.0,21000000.0,0.88,415000000.0,98000000.0,1676000000.0,464000000.0,2333000000.0,1062000000.0,1062000000.0,,1062000000.0,1190000000.0,,,,4017000000.0,1625000000.0,2037000000.0,239000000.0,1570000000.0,1000000.0,605000000.0,1795000000.0,5528000000.0,6054000000.0,1477000000.0,7244000000.0,1203900000.0,1188000000.0,1195000000.0
American Express Co,AXP,R4PP93JZOLY261QX3811,4962,2010.0,Q3,2010-07-01,2010-09-30,2011-11-02 17:23:28+00:00,0.91,1.82,0.18,141000000.0,16000000.0,0.9,547000000.0,103000000.0,1675000000.0,469000000.0,2275000000.0,1093000000.0,1093000000.0,0.0,1093000000.0,1184000000.0,,,,3761000000.0,1331000000.0,2028000000.0,373000000.0,1354000000.0,0.0,610000000.0,1794000000.0,4960000000.0,5789000000.0,1640000000.0,6973000000.0,1201100000.0,1193000000.0,1199000000.0
American Express Co,AXP,R4PP93JZOLY261QX3811,4962,2010.0,Q3YTD,2010-01-01,2010-09-30,,2.49,4.24,0.54,406000000.0,45000000.0,2.47,1492000000.0,345000000.0,5107000000.0,1410000000.0,6405000000.0,2995000000.0,2995000000.0,,2995000000.0,3679000000.0,,,,10863000000.0,3482000000.0,5796000000.0,1968000000.0,3996000000.0,2000000.0,1818000000.0,5497000000.0,13883000000.0,16659000000.0,4487000000.0,20338000000.0,1201100000.0,1193000000.0,1199000000.0
American Express Co,AXP,R4PP93JZOLY261QX3811,4962,2010.0,Q3TTM,2009-10-01,2010-09-30,,3.09,5.44,,532000000.0,56000000.0,2.22,1743000000.0,570000000.0,6143000000.0,1845000000.0,8535000000.0,3711000000.0,3705000000.0,6000000.0,3711000000.0,4389000000.0,,,,14511000000.0,4749000000.0,7740000000.0,2716000000.0,5192000000.0,3000000.0,2380000000.0,6769000000.0,18476000000.0,22251000000.0,5448000000.0,26640000000.0,1201100000.0,1193000000.0,1199000000.0
American Express Co,AXP,R4PP93JZOLY261QX3811,4962,2010.0,Q2,2010-04-01,2010-06-30,2011-08-03 16:38:45+00:00,0.84,1.68,0.18,137000000.0,16000000.0,0.84,578000000.0,125000000.0,1657000000.0,472000000.0,2143000000.0,1017000000.0,1017000000.0,0.0,1017000000.0,1188000000.0,,,,3680000000.0,1100000000.0,1937000000.0,652000000.0,1315000000.0,1000000.0,610000000.0,1798000000.0,4558000000.0,5617000000.0,1595000000.0,6805000000.0,1210700000.0,1190000000.0,1197000000.0
American Express Co,AXP,R4PP93JZOLY261QX3811,4962,2010.0,Q2YTD,2010-01-01,2010-06-30,,1.58,2.42,0.36,265000000.0,29000000.0,1.57,945000000.0,242000000.0,3432000000.0,941000000.0,4130000000.0,1902000000.0,1902000000.0,,1902000000.0,2495000000.0,,,,7102000000.0,2151000000.0,3768000000.0,1595000000.0,2642000000.0,2000000.0,1208000000.0,3703000000.0,8923000000.0,10870000000.0,2847000000.0,13365000000.0,1210700000.0,1190000000.0,1197000000.0
American Express Co,AXP,R4PP93JZOLY261QX3811,4962,2010.0,Q2TTM,2009-07-01,2010-06-30,,2.72,4.7,,500000000.0,49000000.0,2.39,1472000000.0,696000000.0,5527000000.0,1808000000.0,7879000000.0,3258000000.0,3254000000.0,4000000.0,3258000000.0,3959000000.0,,,,14194000000.0,4458000000.0,7530000000.0,3521000000.0,5099000000.0,5000000.0,2313000000.0,6272000000.0,17436000000.0,21724000000.0,4726000000.0,25683000000.0,1210700000.0,1190000000.0,1197000000.0
American Express Co,AXP,R4PP93JZOLY261QX3811,4962,2010.0,Q1,2010-01-01,2010-03-31,2011-05-04 13:35:09+00:00,0.74,0.74,0.18,128000000.0,13000000.0,0.73,367000000.0,117000000.0,1775000000.0,469000000.0,1987000000.0,885000000.0,885000000.0,,885000000.0,1307000000.0,,,,3422000000.0,1051000000.0,1831000000.0,943000000.0,1327000000.0,1000000.0,598000000.0,1905000000.0,4365000000.0,5253000000.0,1252000000.0,6560000000.0,1195900000.0,1185000000.0,1191000000.0
American Express Co,AXP,R4PP93JZOLY261QX3811,4962,2010.0,Q1TTM,2009-04-01,2010-03-31,,1.97,3.2,,468000000.0,44000000.0,1.64,970000000.0,767000000.0,4951000000.0,1771000000.0,7248000000.0,2578000000.0,2579000000.0,-1000000.0,2578000000.0,3512000000.0,,,,13817000000.0,4566000000.0,7641000000.0,4453000000.0,5154000000.0,11000000.0,2250000000.0,5762000000.0,16968000000.0,21458000000.0,3549000000.0,24970000000.0,1195900000.0,1185000000.0,1191000000.0
American Express Co,AXP,R4PP93JZOLY261QX3811,4962,2011.0,Q4,2011-10-01,2011-12-31,,1.01,1.01,-0.54,133000000.0,26000000.0,1.02,556000000.0,72000000.0,1587000000.0,443000000.0,2388000000.0,1192000000.0,1192000000.0,,1192000000.0,1110000000.0,,,,4336000000.0,1660000000.0,2296000000.0,409000000.0,1537000000.0,-1000000.0,575000000.0,1685000000.0,5585000000.0,6632000000.0,1748000000.0,7742000000.0,1192000000.0,1178000000.0,1184000000.0
American Express Co,AXP,R4PP93JZOLY261QX3811,4962,2011.0,FY,2011-01-01,2011-12-31,2014-02-25 12:48:41+00:00,4.14,4.14,,528000000.0,97000000.0,4.12,2057000000.0,327000000.0,6272000000.0,1792000000.0,9930000000.0,4935000000.0,4899000000.0,36000000.0,4935000000.0,4376000000.0,,,,16734000000.0,5712000000.0,8852000000.0,1112000000.0,6252000000.0,,2320000000.0,6696000000.0,21894000000.0,25586000000.0,6956000000.0,29962000000.0,1192000000.0,1178000000.0,1184000000.0
American Express Co,AXP,R4PP93JZOLY261QX3811,4962,2011.0,Q3,2011-07-01,2011-09-30,2012-10-31 16:13:30+00:00,1.04,1.04,0.18,127000000.0,33000000.0,1.03,476000000.0,68000000.0,1587000000.0,448000000.0,2511000000.0,1235000000.0,1235000000.0,0.0,1235000000.0,1113000000.0,,,,4218000000.0,1502000000.0,2240000000.0,249000000.0,1598000000.0,0.0,575000000.0,1688000000.0,5611000000.0,6458000000.0,1711000000.0,7571000000.0,1187500000.0,1175000000.0,1181000000.0
American Express Co,AXP,R4PP93JZOLY261QX3811,4962,2011.0,Q3YTD,2011-01-01,2011-09-30,,3.13,3.13,0.54,395000000.0,71000000.0,3.1,1501000000.0,255000000.0,4685000000.0,1349000000.0,7542000000.0,3743000000.0,3707000000.0,36000000.0,3743000000.0,3266000000.0,,,,12398000000.0,4052000000.0,6556000000.0,703000000.0,4715000000.0,1000000.0,1745000000.0,5011000000.0,16309000000.0,18954000000.0,5208000000.0,22220000000.0,1187500000.0,1175000000.0,1181000000.0
American Express Co,AXP,R4PP93JZOLY261QX3811,4962,2011.0,Q3TTM,2010-10-01,2011-09-30,,4.01,5.63,,535000000.0,92000000.0,3.98,1916000000.0,353000000.0,6361000000.0,1813000000.0,9875000000.0,4805000000.0,4769000000.0,36000000.0,4805000000.0,4456000000.0,,,,16415000000.0,5677000000.0,8593000000.0,942000000.0,6285000000.0,2000000.0,2350000000.0,6806000000.0,21837000000.0,25008000000.0,6685000000.0,29464000000.0,1187500000.0,1175000000.0,1181000000.0
American Express Co,AXP,R4PP93JZOLY261QX3811,4962,2011.0,Q2,2011-01-01,2011-06-30,2012-08-02 17:08:51+00:00,1.11,1.11,0.18,131000000.0,18000000.0,1.1,470000000.0,99000000.0,1543000000.0,445000000.0,2581000000.0,1331000000.0,1295000000.0,36000000.0,1331000000.0,1083000000.0,,,,4278000000.0,1320000000.0,2257000000.0,357000000.0,1595000000.0,1000000.0,577000000.0,1660000000.0,5496000000.0,6535000000.0,1765000000.0,7618000000.0,1199100000.0,1190000000.0,1197000000.0
American Express Co,AXP,R4PP93JZOLY261QX3811,4962,2011.0,Q2YTD,2011-01-01,2011-06-30,,2.09,2.09,0.36,268000000.0,38000000.0,2.07,1025000000.0,187000000.0,3098000000.0,901000000.0,5031000000.0,2508000000.0,2472000000.0,36000000.0,2508000000.0,2153000000.0,,,,8180000000.0,2550000000.0,4316000000.0,454000000.0,3117000000.0,1000000.0,1170000000.0,3323000000.0,10698000000.0,12496000000.0,3497000000.0,14649000000.0,1199100000.0,1190000000.0,1197000000.0
American Express Co,AXP,R4PP93JZOLY261QX3811,4962,2011.0,Q2TTM,2010-07-01,2011-06-30,,3.88,6.41,,549000000.0,75000000.0,3.85,1987000000.0,388000000.0,6449000000.0,1834000000.0,9639000000.0,4663000000.0,4627000000.0,36000000.0,4663000000.0,4527000000.0,,,,15958000000.0,5506000000.0,8381000000.0,1066000000.0,6041000000.0,2000000.0,2385000000.0,6912000000.0,21186000000.0,24339000000.0,6614000000.0,28866000000.0,1199100000.0,1190000000.0,1197000000.0
American Express Co,AXP,R4PP93JZOLY261QX3811,4962,2011.0,Q1,2011-01-01,2011-03-31,2012-05-01 14:57:54+00:00,0.98,0.98,0.18,137000000.0,20000000.0,0.97,555000000.0,88000000.0,1555000000.0,456000000.0,2450000000.0,1177000000.0,1177000000.0,,1177000000.0,1070000000.0,,,,3902000000.0,1230000000.0,2059000000.0,97000000.0,1522000000.0,0.0,593000000.0,1663000000.0,5202000000.0,5961000000.0,1732000000.0,7031000000.0,1201000000.0,1192000000.0,1198000000.0
American Express Co,AXP,R4PP93JZOLY261QX3811,4962,2011.0,Q1TTM,2010-04-01,2011-03-31,,3.61,6.98,,555000000.0,73000000.0,3.59,2095000000.0,414000000.0,6563000000.0,1861000000.0,9201000000.0,4349000000.0,4349000000.0,,4349000000.0,4632000000.0,,,,15360000000.0,5286000000.0,8061000000.0,1361000000.0,5761000000.0,2000000.0,2418000000.0,7050000000.0,20248000000.0,23421000000.0,6444000000.0,28053000000.0,1201000000.0,1192000000.0,1198000000.0
American Express Co,AXP,R4PP93JZOLY261QX3811,4962,2012.0,FY,2012-01-01,2012-12-31,2015-02-24 15:38:15+00:00,,3.91,,480000000.0,97000000.0,3.89,1969000000.0,246000000.0,6511000000.0,1746000000.0,9944000000.0,4482000000.0,4482000000.0,,4482000000.0,4628000000.0,,,,,6851000000.0,26927000000.0,1712000000.0,6597000000.0,,2226000000.0,6854000000.0,23392000000.0,26927000000.0,6451000000.0,31555000000.0,,1135000000.0,1141000000.0
American Express Co,AXP,R4PP93JZOLY261QX3811,4962,2012.0,Q4,2012-10-01,2012-12-31,,-1.07,0.58,-0.6,118000000.0,24000000.0,0.58,292000000.0,53000000.0,1660000000.0,426000000.0,2776000000.0,4482000000.0,3226000000.0,,4482000000.0,1193000000.0,1256000000.0,2589000000.0,,-13164000000.0,2166000000.0,20112000000.0,360000000.0,1910000000.0,,544000000.0,1737000000.0,6852000000.0,6948000000.0,929000000.0,8141000000.0,,1135000000.0,1141000000.0
American Express Co,AXP,R4PP93JZOLY261QX3811,4962,2012.0,Q3,2012-07-01,2012-09-30,2013-10-29 15:59:17+00:00,0.0,1.1,0.2,118000000.0,21000000.0,1.09,620000000.0,60000000.0,1658000000.0,440000000.0,2461000000.0,,0.0,0.0,,1181000000.0,,-1250000000.0,,4425000000.0,1536000000.0,2256000000.0,479000000.0,1516000000.0,0.0,558000000.0,1739000000.0,5513000000.0,6681000000.0,1870000000.0,7862000000.0,,1126000000.0,1132000000.0
American Express Co,AXP,R4PP93JZOLY261QX3811,4962,2012.0,Q3YTD,2012-01-01,2012-09-30,,1.07,3.33,0.6,362000000.0,73000000.0,3.31,1677000000.0,193000000.0,4851000000.0,1320000000.0,7168000000.0,,1256000000.0,,,3435000000.0,-1256000000.0,-2589000000.0,,13164000000.0,4685000000.0,6815000000.0,1352000000.0,4687000000.0,,1682000000.0,5117000000.0,16540000000.0,19979000000.0,5522000000.0,23414000000.0,,1126000000.0,1132000000.0
American Express Co,AXP,R4PP93JZOLY261QX3811,4962,2012.0,Q3TTM,2011-10-01,2012-09-30,,2.08,4.34,0.06,495000000.0,99000000.0,4.33,2233000000.0,265000000.0,6438000000.0,1763000000.0,9556000000.0,1192000000.0,2448000000.0,,1192000000.0,4545000000.0,-1256000000.0,-2589000000.0,,17500000000.0,6345000000.0,9111000000.0,1761000000.0,6224000000.0,-1000000.0,2257000000.0,6802000000.0,22125000000.0,26611000000.0,7270000000.0,31156000000.0,,1126000000.0,1132000000.0
American Express Co,AXP,R4PP93JZOLY261QX3811,4962,2012.0,Q2,2012-04-01,2012-06-30,2013-07-29 17:18:14+00:00,0.0,1.16,0.2,115000000.0,22000000.0,1.15,540000000.0,67000000.0,1582000000.0,435000000.0,2415000000.0,,0.0,0.0,,1121000000.0,,-1339000000.0,,4482000000.0,1674000000.0,2362000000.0,461000000.0,1536000000.0,0.0,550000000.0,1671000000.0,5625000000.0,6844000000.0,1879000000.0,7965000000.0,,1145000000.0,1152000000.0
American Express Co,AXP,R4PP93JZOLY261QX3811,4962,2012.0,Q2YTD,2012-01-01,2012-06-30,,1.07,2.23,0.4,244000000.0,52000000.0,2.22,1057000000.0,133000000.0,3193000000.0,880000000.0,4707000000.0,,1256000000.0,,,2254000000.0,-1256000000.0,-1339000000.0,,8739000000.0,3149000000.0,4559000000.0,873000000.0,3171000000.0,,1124000000.0,3378000000.0,11027000000.0,13298000000.0,3652000000.0,15552000000.0,,1145000000.0,1152000000.0
American Express Co,AXP,R4PP93JZOLY261QX3811,4962,2012.0,Q2TTM,2011-07-01,2012-06-30,,3.12,4.28,0.04,504000000.0,111000000.0,4.27,2089000000.0,273000000.0,6367000000.0,1771000000.0,9606000000.0,2427000000.0,3683000000.0,,2427000000.0,4477000000.0,-1256000000.0,-1339000000.0,,17293000000.0,6311000000.0,9095000000.0,1531000000.0,6306000000.0,-1000000.0,2274000000.0,6751000000.0,22223000000.0,26388000000.0,7111000000.0,30865000000.0,,1145000000.0,1152000000.0
American Express Co,AXP,R4PP93JZOLY261QX3811,4962,2012.0,Q1,2012-01-01,2012-03-31,2013-04-29 11:38:19+00:00,1.07,1.07,0.2,129000000.0,30000000.0,1.07,517000000.0,66000000.0,1611000000.0,445000000.0,2292000000.0,0.0,1256000000.0,0.0,,1133000000.0,-1256000000.0,,,4257000000.0,1475000000.0,2197000000.0,412000000.0,1635000000.0,0.0,574000000.0,1707000000.0,5402000000.0,6454000000.0,1773000000.0,7587000000.0,,1160000000.0,1166000000.0
American Express Co,AXP,R4PP93JZOLY261QX3811,4962,2012.0,Q1TTM,2011-01-01,2012-03-31,,4.23,4.23,0.02,520000000.0,107000000.0,4.22,2019000000.0,305000000.0,6328000000.0,1781000000.0,9772000000.0,3758000000.0,4978000000.0,36000000.0,3758000000.0,4439000000.0,-1256000000.0,,,17089000000.0,5957000000.0,8990000000.0,1427000000.0,6365000000.0,,2301000000.0,6740000000.0,22094000000.0,26079000000.0,6997000000.0,30518000000.0,,1160000000.0,1166000000.0
American Express Co,AXP,R4PP93JZOLY261QX3811,4962,2013.0,FY,2013-01-01,2013-12-31,2016-02-19 14:36:25+00:00,,4.91,,442000000.0,86000000.0,4.88,2529000000.0,201000000.0,6718000000.0,1516000000.0,2939000000.0,5359000000.0,5359000000.0,,5359000000.0,5047000000.0,,,,,14020000000.0,27823000000.0,1832000000.0,6191000000.0,,1958000000.0,7005000000.0,23150000000.0,27823000000.0,7888000000.0,32870000000.0,,1082000000.0,1089000000.0
American Express Co,AXP,R4PP93JZOLY261QX3811,4962,2013.0,Q4,2013-10-01,2013-12-31,,,1.22,-0.66,110000000.0,19000000.0,1.21,672000000.0,48000000.0,1715000000.0,353000000.0,-4614000000.0,3993000000.0,3993000000.0,,3993000000.0,1319000000.0,,2685000000.0,,-13826000000.0,9109000000.0,20950000000.0,479000000.0,1489000000.0,,463000000.0,1782000000.0,5984000000.0,7124000000.0,1980000000.0,8443000000.0,,1082000000.0,1089000000.0
American Express Co,AXP,R4PP93JZOLY261QX3811,4962,2013.0,Q3YTD,2013-01-01,2013-09-30,,,3.69,0.66,332000000.0,67000000.0,3.67,1857000000.0,153000000.0,5003000000.0,1163000000.0,7553000000.0,1366000000.0,1366000000.0,,1366000000.0,3728000000.0,,-2685000000.0,,13826000000.0,4911000000.0,6873000000.0,1353000000.0,4702000000.0,,1495000000.0,5223000000.0,17166000000.0,20699000000.0,5908000000.0,24427000000.0,,1074000000.0,1081000000.0
American Express Co,AXP,R4PP93JZOLY261QX3811,4962,2013.0,Q3TTM,2012-10-01,2013-09-30,,-1.07,4.27,0.06,450000000.0,91000000.0,4.25,2149000000.0,206000000.0,6663000000.0,1589000000.0,10329000000.0,5848000000.0,4592000000.0,,5848000000.0,4921000000.0,1256000000.0,-96000000.0,,662000000.0,7077000000.0,26985000000.0,1713000000.0,6612000000.0,,2039000000.0,6960000000.0,24018000000.0,27647000000.0,6837000000.0,32568000000.0,,1074000000.0,1081000000.0
American Express Co,AXP,R4PP93JZOLY261QX3811,4962,2013.0,Q3,2013-07-01,2013-09-30,2014-10-28 15:58:38+00:00,,1.26,0.23,111000000.0,21000000.0,1.25,638000000.0,48000000.0,1698000000.0,373000000.0,2643000000.0,1366000000.0,1366000000.0,,1366000000.0,1283000000.0,,,,4659000000.0,1691000000.0,2359000000.0,419000000.0,1544000000.0,,484000000.0,1767000000.0,5878000000.0,7018000000.0,2004000000.0,8301000000.0,,1074000000.0,1081000000.0
American Express Co,AXP,R4PP93JZOLY261QX3811,4962,2013.0,Q2,2013-04-01,2013-06-30,2014-07-30 16:22:40+00:00,0.0,1.28,0.23,107000000.0,20000000.0,1.27,590000000.0,52000000.0,1622000000.0,385000000.0,2580000000.0,,0.0,0.0,,1202000000.0,,-1405000000.0,,4729000000.0,1609000000.0,2314000000.0,518000000.0,1543000000.0,0.0,492000000.0,1694000000.0,5732000000.0,7043000000.0,1995000000.0,8245000000.0,,1090000000.0,1097000000.0
American Express Co,AXP,R4PP93JZOLY261QX3811,4962,2013.0,Q2YTD,2013-01-01,2013-06-30,,,2.43,0.43,221000000.0,46000000.0,2.42,1219000000.0,105000000.0,3305000000.0,790000000.0,4910000000.0,,,,,2445000000.0,,-2685000000.0,,9167000000.0,3220000000.0,4514000000.0,934000000.0,3158000000.0,,1011000000.0,3456000000.0,11288000000.0,13681000000.0,3904000000.0,16126000000.0,,1090000000.0,1097000000.0
American Express Co,AXP,R4PP93JZOLY261QX3811,4962,2013.0,Q2TTM,2012-07-01,2013-06-30,,-1.07,4.11,0.03,457000000.0,91000000.0,4.09,2131000000.0,218000000.0,6623000000.0,1656000000.0,10147000000.0,4482000000.0,3226000000.0,,4482000000.0,4819000000.0,1256000000.0,-1346000000.0,,428000000.0,6922000000.0,26882000000.0,1773000000.0,6584000000.0,,2113000000.0,6932000000.0,23653000000.0,27310000000.0,6703000000.0,32129000000.0,,1090000000.0,1097000000.0
American Express Co,AXP,R4PP93JZOLY261QX3811,4962,2013.0,Q1,2013-01-01,2013-03-31,2014-04-29 16:03:15+00:00,0.0,1.15,0.2,114000000.0,26000000.0,1.15,629000000.0,53000000.0,1683000000.0,405000000.0,2330000000.0,,0.0,0.0,,1243000000.0,,-1280000000.0,,4438000000.0,1611000000.0,2200000000.0,416000000.0,1615000000.0,0.0,519000000.0,1762000000.0,5556000000.0,6638000000.0,1909000000.0,7881000000.0,,1099000000.0,1106000000.0
American Express Co,AXP,R4PP93JZOLY261QX3811,4962,2013.0,Q1TTM,2012-04-01,2013-03-31,,-1.07,3.99,,465000000.0,93000000.0,3.97,2081000000.0,233000000.0,6583000000.0,1706000000.0,9982000000.0,4482000000.0,3226000000.0,,4482000000.0,4738000000.0,1256000000.0,-1280000000.0,,181000000.0,6987000000.0,26930000000.0,1716000000.0,6577000000.0,,2171000000.0,6909000000.0,23546000000.0,27111000000.0,6587000000.0,31849000000.0,,1099000000.0,1106000000.0
American Express Co,AXP,R4PP93JZOLY261QX3811,4962,2014.0,FY,2014-01-01,2014-12-31,2017-02-17 11:45:00+00:00,,5.58,,373000000.0,71000000.0,5.56,3106000000.0,179000000.0,6929000000.0,1334000000.0,3216000000.0,5885000000.0,5885000000.0,,5885000000.0,5472000000.0,,,,,13842000000.0,28716000000.0,2044000000.0,6095000000.0,,1707000000.0,7179000000.0,23153000000.0,28716000000.0,8991000000.0,34188000000.0,,1045000000.0,1051000000.0
American Express Co,AXP,R4PP93JZOLY261QX3811,4962,2014.0,Q4,2014-10-01,2014-12-31,,,1.39,-0.75,97000000.0,17000000.0,1.4,778000000.0,43000000.0,1769000000.0,308000000.0,887000000.0,1447000000.0,1447000000.0,,1447000000.0,1424000000.0,,,,,3780000000.0,7657000000.0,582000000.0,1607000000.0,,405000000.0,1829000000.0,6274000000.0,7657000000.0,2225000000.0,9081000000.0,,1045000000.0,1051000000.0
American Express Co,AXP,R4PP93JZOLY261QX3811,4962,2014.0,Q3YTD,2014-01-01,2014-09-30,,,4.19,0.75,276000000.0,54000000.0,4.16,2328000000.0,136000000.0,5160000000.0,1026000000.0,2329000000.0,4438000000.0,4438000000.0,,4438000000.0,4048000000.0,,,,,10062000000.0,21059000000.0,1462000000.0,4488000000.0,,1302000000.0,5350000000.0,16879000000.0,21059000000.0,6766000000.0,25107000000.0,,1041000000.0,1047000000.0
American Express Co,AXP,R4PP93JZOLY261QX3811,4962,2014.0,Q3TTM,2013-10-01,2014-09-30,,,5.41,0.09,386000000.0,73000000.0,5.37,3000000000.0,184000000.0,6875000000.0,1379000000.0,-2285000000.0,8431000000.0,8431000000.0,,8431000000.0,5367000000.0,,2685000000.0,,-13826000000.0,19171000000.0,42009000000.0,1941000000.0,5977000000.0,,1765000000.0,7132000000.0,22863000000.0,28183000000.0,8746000000.0,33550000000.0,,1041000000.0,1047000000.0
American Express Co,AXP,R4PP93JZOLY261QX3811,4962,2014.0,Q3,2014-07-01,2014-09-30,2015-10-28 14:30:03+00:00,,1.41,0.26,91000000.0,17000000.0,1.4,769000000.0,45000000.0,1753000000.0,329000000.0,783000000.0,1477000000.0,1477000000.0,,1477000000.0,1395000000.0,,,,,3496000000.0,6908000000.0,488000000.0,1290000000.0,,420000000.0,1815000000.0,5569000000.0,6908000000.0,2246000000.0,8303000000.0,,1041000000.0,1047000000.0
American Express Co,AXP,R4PP93JZOLY261QX3811,4962,2014.0,Q2YTD,2014-01-01,2014-06-30,,,2.78,0.49,185000000.0,37000000.0,2.76,1559000000.0,91000000.0,3407000000.0,697000000.0,1546000000.0,2961000000.0,2961000000.0,,2961000000.0,2653000000.0,,,,,6566000000.0,14151000000.0,974000000.0,3198000000.0,,882000000.0,3535000000.0,11310000000.0,14151000000.0,4520000000.0,16804000000.0,,1052000000.0,1058000000.0
American Express Co,AXP,R4PP93JZOLY261QX3811,4962,2014.0,Q2TTM,2013-07-01,2014-06-30,,,5.26,0.06,406000000.0,77000000.0,5.22,2869000000.0,187000000.0,6820000000.0,1423000000.0,-425000000.0,8320000000.0,8320000000.0,,8320000000.0,5255000000.0,,2685000000.0,,-9167000000.0,17366000000.0,37460000000.0,1872000000.0,6231000000.0,,1829000000.0,7084000000.0,23172000000.0,28293000000.0,8504000000.0,33548000000.0,,1052000000.0,1058000000.0
American Express Co,AXP,R4PP93JZOLY261QX3811,4962,2014.0,Q2,2014-04-01,2014-06-30,2015-07-29 13:06:38+00:00,,1.44,0.26,91000000.0,18000000.0,1.43,783000000.0,45000000.0,1696000000.0,352000000.0,959000000.0,1529000000.0,1529000000.0,,1529000000.0,1316000000.0,,,,,3213000000.0,7315000000.0,489000000.0,1658000000.0,,443000000.0,1759000000.0,5830000000.0,7315000000.0,2312000000.0,8631000000.0,,1052000000.0,1058000000.0
American Express Co,AXP,R4PP93JZOLY261QX3811,4962,2014.0,Q1TTM,2013-04-01,2014-03-31,,,5.1,0.03,422000000.0,79000000.0,5.06,2676000000.0,194000000.0,6746000000.0,1456000000.0,1196000000.0,6791000000.0,6791000000.0,,6791000000.0,5141000000.0,,1280000000.0,,-4438000000.0,15762000000.0,32459000000.0,1901000000.0,6116000000.0,,1878000000.0,7019000000.0,23074000000.0,28021000000.0,8187000000.0,33162000000.0,,1060000000.0,1067000000.0
American Express Co,AXP,R4PP93JZOLY261QX3811,4962,2014.0,Q1,2014-01-01,2014-03-31,2015-04-29 12:02:17+00:00,,1.34,0.23,94000000.0,19000000.0,1.33,776000000.0,46000000.0,1711000000.0,345000000.0,587000000.0,1432000000.0,1432000000.0,,1432000000.0,1337000000.0,,,,,3353000000.0,6836000000.0,485000000.0,1540000000.0,,439000000.0,1776000000.0,5480000000.0,6836000000.0,2208000000.0,8173000000.0,,1060000000.0,1067000000.0
American Express Co,AXP,R4PP93JZOLY261QX3811,4962,2015.0,FY,2015-01-01,2015-12-31,2018-02-16 16:54:58+00:00,,5.07,,475000000.0,79000000.0,5.05,2775000000.0,157000000.0,7309000000.0,1148000000.0,3109000000.0,5163000000.0,5163000000.0,,5163000000.0,5922000000.0,,,,,14807000000.0,26896000000.0,1988000000.0,4976000000.0,,1623000000.0,7545000000.0,22892000000.0,26896000000.0,7938000000.0,32818000000.0,,999000000.0,1003000000.0
American Express Co,AXP,R4PP93JZOLY261QX3811,4962,2015.0,Q4,2015-10-01,2015-12-31,,-2.67,0.91,-0.84,138000000.0,19000000.0,0.91,555000000.0,37000000.0,1891000000.0,262000000.0,892000000.0,899000000.0,899000000.0,,899000000.0,1547000000.0,,,,,4264000000.0,6844000000.0,572000000.0,1209000000.0,,400000000.0,1947000000.0,6365000000.0,6844000000.0,1454000000.0,8391000000.0,,999000000.0,1003000000.0
American Express Co,AXP,R4PP93JZOLY261QX3811,4962,2015.0,Q3,2015-07-01,2015-09-30,2016-10-25 15:42:00+00:00,1.24,1.24,0.29,125000000.0,19000000.0,1.24,672000000.0,38000000.0,1847000000.0,274000000.0,847000000.0,1266000000.0,1266000000.0,,1266000000.0,1505000000.0,,,,,3667000000.0,6688000000.0,529000000.0,1212000000.0,,399000000.0,1904000000.0,5726000000.0,6688000000.0,1938000000.0,8193000000.0,1021000000.0,994000000.0,997000000.0
American Express Co,AXP,R4PP93JZOLY261QX3811,4962,2015.0,Q3YTD,2015-01-01,2015-09-30,,2.67,4.16,0.84,337000000.0,60000000.0,4.14,2220000000.0,120000000.0,5418000000.0,886000000.0,2217000000.0,4264000000.0,4264000000.0,,4264000000.0,4375000000.0,,,,,10543000000.0,20052000000.0,1416000000.0,3767000000.0,,1223000000.0,5598000000.0,16527000000.0,20052000000.0,6484000000.0,24427000000.0,1021000000.0,994000000.0,997000000.0
American Express Co,AXP,R4PP93JZOLY261QX3811,4962,2015.0,Q3TTM,2014-10-01,2015-09-30,,2.67,5.55,0.09,434000000.0,77000000.0,5.54,2998000000.0,163000000.0,7187000000.0,1194000000.0,3104000000.0,5711000000.0,5711000000.0,,5711000000.0,5799000000.0,,,,,14323000000.0,27709000000.0,1998000000.0,5374000000.0,,1628000000.0,7427000000.0,22801000000.0,27709000000.0,8709000000.0,33508000000.0,1021000000.0,994000000.0,997000000.0
American Express Co,AXP,R4PP93JZOLY261QX3811,4962,2015.0,Q2,2015-04-01,2015-06-30,2016-07-26 13:36:31+00:00,1.43,1.43,0.29,109000000.0,20000000.0,1.42,757000000.0,41000000.0,1776000000.0,305000000.0,761000000.0,1473000000.0,1473000000.0,,1473000000.0,1423000000.0,,,,,3576000000.0,6861000000.0,467000000.0,1250000000.0,,414000000.0,1837000000.0,5587000000.0,6861000000.0,2230000000.0,8284000000.0,1030100000.0,1009000000.0,1013000000.0
American Express Co,AXP,R4PP93JZOLY261QX3811,4962,2015.0,Q2YTD,2015-01-01,2015-06-30,,1.43,2.92,0.55,212000000.0,41000000.0,2.9,1548000000.0,82000000.0,3571000000.0,612000000.0,1370000000.0,2998000000.0,2998000000.0,,2998000000.0,2870000000.0,,,,,6876000000.0,13364000000.0,887000000.0,2555000000.0,,824000000.0,3694000000.0,10801000000.0,13364000000.0,4546000000.0,16234000000.0,1030100000.0,1009000000.0,1013000000.0
American Express Co,AXP,R4PP93JZOLY261QX3811,4962,2015.0,Q2TTM,2014-07-01,2015-06-30,,1.43,5.72,0.06,400000000.0,75000000.0,5.7,3095000000.0,170000000.0,7093000000.0,1249000000.0,3040000000.0,5922000000.0,5922000000.0,,5922000000.0,5689000000.0,,,,,14152000000.0,27929000000.0,1957000000.0,5452000000.0,,1649000000.0,7338000000.0,22644000000.0,27929000000.0,9017000000.0,33618000000.0,1030100000.0,1009000000.0,1013000000.0
American Express Co,AXP,R4PP93JZOLY261QX3811,4962,2015.0,Q1,2015-01-01,2015-03-31,2016-04-27 14:28:56+00:00,,1.49,0.26,103000000.0,21000000.0,1.48,791000000.0,41000000.0,1795000000.0,307000000.0,609000000.0,1525000000.0,1525000000.0,,1525000000.0,1447000000.0,,,,,3300000000.0,6503000000.0,420000000.0,1305000000.0,,410000000.0,1857000000.0,5214000000.0,6503000000.0,2316000000.0,7950000000.0,,1019000000.0,1023000000.0
American Express Co,AXP,R4PP93JZOLY261QX3811,4962,2015.0,Q1TTM,2014-04-01,2015-03-31,,,5.73,0.03,382000000.0,73000000.0,5.71,3121000000.0,174000000.0,7013000000.0,1296000000.0,3238000000.0,5978000000.0,5978000000.0,,5978000000.0,5582000000.0,,,,,13789000000.0,28383000000.0,1979000000.0,5860000000.0,,1678000000.0,7260000000.0,22887000000.0,28383000000.0,9099000000.0,33965000000.0,,1019000000.0,1023000000.0
American Express Co,AXP,R4PP93JZOLY261QX3811,4962,2016.0,Q3,2016-07-01,2016-09-30,2017-10-24 13:20:11+00:00,1.21,1.21,0.32,150000000.0,40000000.0,1.2,593000000.0,34000000.0,1690000000.0,280000000.0,930000000.0,1142000000.0,1142000000.0,,1142000000.0,1334000000.0,,,,,3342000000.0,6440000000.0,504000000.0,1263000000.0,,430000000.0,1764000000.0,5535000000.0,6440000000.0,1735000000.0,7774000000.0,943800000.0,920000000.0,923000000.0
American Express Co,AXP,R4PP93JZOLY261QX3811,4962,2016.0,Q3YTD,2016-01-01,2016-09-30,,4.77,4.77,0.9,450000000.0,104000000.0,4.75,2352000000.0,104000000.0,5446000000.0,841000000.0,2445000000.0,4583000000.0,4583000000.0,,4583000000.0,4363000000.0,,,,,9264000000.0,19734000000.0,1401000000.0,4052000000.0,,1291000000.0,5654000000.0,15761000000.0,19734000000.0,6935000000.0,24097000000.0,943800000.0,920000000.0,923000000.0
American Express Co,AXP,R4PP93JZOLY261QX3811,4962,2016.0,Q3TTM,2015-10-01,2016-09-30,,2.1,5.68,0.06,588000000.0,123000000.0,5.66,2907000000.0,141000000.0,7337000000.0,1103000000.0,3337000000.0,5482000000.0,5482000000.0,,5482000000.0,5910000000.0,,,,,13528000000.0,26578000000.0,1973000000.0,5261000000.0,,1691000000.0,7601000000.0,22126000000.0,26578000000.0,8389000000.0,32488000000.0,943800000.0,920000000.0,923000000.0
American Express Co,AXP,R4PP93JZOLY261QX3811,4962,2016.0,Q2,2016-04-01,2016-06-30,2017-07-25 12:56:32+00:00,2.11,2.11,0.29,150000000.0,33000000.0,2.1,1001000000.0,34000000.0,1818000000.0,286000000.0,788000000.0,2015000000.0,2015000000.0,,2015000000.0,1449000000.0,,,,,2517000000.0,6786000000.0,463000000.0,1451000000.0,,436000000.0,1885000000.0,4756000000.0,6786000000.0,3016000000.0,8235000000.0,955000000.0,938000000.0,941000000.0
American Express Co,AXP,R4PP93JZOLY261QX3811,4962,2016.0,Q2YTD,2016-01-01,2016-06-30,,3.56,3.56,0.58,300000000.0,64000000.0,3.55,1759000000.0,70000000.0,3756000000.0,561000000.0,1515000000.0,3441000000.0,3441000000.0,,3441000000.0,3029000000.0,,,,,5922000000.0,13294000000.0,897000000.0,2789000000.0,,861000000.0,3890000000.0,10226000000.0,13294000000.0,5200000000.0,16323000000.0,955000000.0,938000000.0,941000000.0
American Express Co,AXP,R4PP93JZOLY261QX3811,4962,2016.0,Q2TTM,2015-07-01,2016-06-30,,2.13,5.71,0.03,563000000.0,102000000.0,5.7,2986000000.0,145000000.0,7494000000.0,1097000000.0,3254000000.0,5606000000.0,5606000000.0,,5606000000.0,6081000000.0,,,,,13853000000.0,26826000000.0,1998000000.0,5210000000.0,,1660000000.0,7741000000.0,22317000000.0,26826000000.0,8592000000.0,32907000000.0,955000000.0,938000000.0,941000000.0
American Express Co,AXP,R4PP93JZOLY261QX3811,4962,2016.0,Q1,2016-01-01,2016-03-31,2017-04-27 15:12:48+00:00,1.45,1.45,0.29,150000000.0,31000000.0,1.45,758000000.0,36000000.0,1938000000.0,275000000.0,727000000.0,1426000000.0,1426000000.0,,1426000000.0,1580000000.0,,,,,3405000000.0,6508000000.0,434000000.0,1338000000.0,,425000000.0,2005000000.0,5470000000.0,6508000000.0,2184000000.0,8088000000.0,983400000.0,961000000.0,963000000.0
American Express Co,AXP,R4PP93JZOLY261QX3811,4962,2016.0,Q1TTM,2015-04-01,2016-03-31,,1.45,5.03,0.03,522000000.0,89000000.0,5.02,2742000000.0,152000000.0,7452000000.0,1116000000.0,3227000000.0,5064000000.0,5064000000.0,,5064000000.0,6055000000.0,,,,,14912000000.0,26901000000.0,2002000000.0,5009000000.0,,1638000000.0,7693000000.0,23148000000.0,26901000000.0,7806000000.0,32956000000.0,983400000.0,961000000.0,963000000.0
American Express Co,AXP,R4PP93JZOLY261QX3811,4962,2017.0,FY,2017-01-01,2017-12-31,2020-02-13 16:04:42+00:00,,3.0,1.34,779000000.0,326000000.0,2.99,4677000000.0,89000000.0,8148000000.0,1333000000.0,5722000000.0,2748000000.0,2748000000.0,,2748000000.0,6451000000.0,,,,,15713000000.0,30427000000.0,2760000000.0,5258000000.0,,2112000000.0,8563000000.0,26693000000.0,30427000000.0,7425000000.0,36878000000.0,,883000000.0,886000000.0
American Express Co,AXP,R4PP93JZOLY261QX3811,4962,2017.0,Q4,2017-10-01,2017-12-31,,-4.35,-1.35,-0.99,241000000.0,93000000.0,-1.34,3004000000.0,21000000.0,2205000000.0,339000000.0,1535000000.0,-1206000000.0,-1206000000.0,,-1206000000.0,1739000000.0,,,,,4104000000.0,7968000000.0,834000000.0,1436000000.0,,580000000.0,2319000000.0,7075000000.0,7968000000.0,1798000000.0,9707000000.0,,883000000.0,886000000.0
American Express Co,AXP,R4PP93JZOLY261QX3811,4962,2017.0,Q3,2017-07-01,2017-09-30,2018-10-23 15:10:07+00:00,1.51,1.51,0.35,213000000.0,92000000.0,1.51,472000000.0,22000000.0,2131000000.0,355000000.0,1446000000.0,1359000000.0,1359000000.0,,1359000000.0,1677000000.0,,,,,3978000000.0,7613000000.0,770000000.0,1265000000.0,,568000000.0,2245000000.0,6689000000.0,7613000000.0,1831000000.0,9290000000.0,900000000.0,878000000.0,881000000.0
American Express Co,AXP,R4PP93JZOLY261QX3811,4962,2017.0,Q3YTD,2017-01-01,2017-09-30,,4.35,4.35,0.99,538000000.0,233000000.0,4.33,1673000000.0,68000000.0,5943000000.0,994000000.0,4187000000.0,3954000000.0,3954000000.0,,3954000000.0,4712000000.0,,,,,11609000000.0,22459000000.0,1926000000.0,3822000000.0,,1532000000.0,6244000000.0,19618000000.0,22459000000.0,5627000000.0,27171000000.0,900000000.0,878000000.0,881000000.0
American Express Co,AXP,R4PP93JZOLY261QX3811,4962,2017.0,Q2,2017-04-01,2017-06-30,2018-07-24 16:07:50+00:00,1.48,1.48,0.32,176000000.0,81000000.0,1.47,613000000.0,23000000.0,1950000000.0,345000000.0,1456000000.0,1344000000.0,1344000000.0,,1344000000.0,1533000000.0,,,,,3883000000.0,7639000000.0,583000000.0,1293000000.0,,521000000.0,2054000000.0,6632000000.0,7639000000.0,1957000000.0,9172000000.0,908100000.0,890000000.0,893000000.0
American Express Co,AXP,R4PP93JZOLY261QX3811,4962,2017.0,Q2YTD,2017-01-01,2017-06-30,,2.84,2.84,0.64,325000000.0,141000000.0,2.82,1201000000.0,46000000.0,3812000000.0,639000000.0,2741000000.0,2595000000.0,2595000000.0,,2595000000.0,3035000000.0,,,,,7631000000.0,14846000000.0,1156000000.0,2557000000.0,,964000000.0,3999000000.0,12929000000.0,14846000000.0,3796000000.0,17881000000.0,908100000.0,890000000.0,893000000.0
American Express Co,AXP,R4PP93JZOLY261QX3811,4962,2017.0,Q1,2017-01-01,2017-03-31,2018-04-25 15:54:04+00:00,1.36,1.36,0.32,149000000.0,60000000.0,1.35,588000000.0,23000000.0,1862000000.0,294000000.0,1285000000.0,1251000000.0,1251000000.0,,1251000000.0,1502000000.0,,,,,3748000000.0,7207000000.0,573000000.0,1264000000.0,,443000000.0,1945000000.0,6297000000.0,7207000000.0,1839000000.0,8709000000.0,919900000.0,899000000.0,903000000.0
American Express Co,AXP,R4PP93JZOLY261QX3811,4962,2018.0,FY,2018-01-01,2018-12-31,2020-02-13 16:04:42+00:00,,7.93,1.48,1287000000.0,547000000.0,7.91,1201000000.0,118000000.0,9941000000.0,1656000000.0,6470000000.0,6921000000.0,6921000000.0,,6921000000.0,7663000000.0,,,,,17144000000.0,32675000000.0,3352000000.0,5250000000.0,,2943000000.0,10606000000.0,28864000000.0,32675000000.0,8122000000.0,40338000000.0,,856000000.0,859000000.0
American Express Co,AXP,R4PP93JZOLY261QX3811,4962,2018.0,Q3,2018-07-01,2018-09-30,2019-10-21 13:56:06+00:00,1.89,1.89,,340000000.0,149000000.0,1.88,464000000.0,35000000.0,2554000000.0,437000000.0,1642000000.0,1654000000.0,1654000000.0,,1654000000.0,1961000000.0,,,,,4217000000.0,8183000000.0,817000000.0,1350000000.0,,777000000.0,2738000000.0,7209000000.0,8183000000.0,2118000000.0,10144000000.0,875100000.0,858000000.0,860000000.0
American Express Co,AXP,R4PP93JZOLY261QX3811,4962,2018.0,Q2,2018-04-01,2018-06-30,2019-07-23 15:55:11+00:00,1.85,1.85,,300000000.0,126000000.0,1.84,468000000.0,27000000.0,2387000000.0,411000000.0,1663000000.0,1623000000.0,1623000000.0,,1623000000.0,1829000000.0,,,,349000000.0,4860000000.0,7824000000.0,806000000.0,1280000000.0,,711000000.0,2540000000.0,7105000000.0,7475000000.0,2091000000.0,9304000000.0,877300000.0,860000000.0,862000000.0
American Express Co,AXP,R4PP93JZOLY261QX3811,4962,2018.0,Q1,2018-01-01,2018-03-31,2019-04-23 12:49:32+00:00,1.86,1.86,0.35,270000000.0,115000000.0,1.86,448000000.0,21000000.0,2326000000.0,351000000.0,1345000000.0,,0.0,0.0,,1841000000.0,,-1634000000.0,,,4190000000.0,7877000000.0,775000000.0,1326000000.0,0.0,621000000.0,2462000000.0,6861000000.0,7877000000.0,2082000000.0,9718000000.0,,859000000.0,861000000.0
American Express Co,AXP,R4PP93JZOLY261QX3811,4962,2018.0,Q1TTM,2017-04-01,2018-03-31,,0.5,3.5,0.03,900000000.0,381000000.0,3.5,4537000000.0,87000000.0,8612000000.0,1390000000.0,5782000000.0,1497000000.0,1497000000.0,,1497000000.0,6790000000.0,,-1634000000.0,,,16155000000.0,31097000000.0,2962000000.0,5320000000.0,,2290000000.0,9080000000.0,27257000000.0,31097000000.0,7668000000.0,37887000000.0,,859000000.0,861000000.0
American Express Co,AXP,R4PP93JZOLY261QX3811,4962,2019.0,Q4,2019-10-01,2019-12-31,,-5.97,2.03,,353000000.0,101000000.0,2.04,293000000.0,50000000.0,2934000000.0,448000000.0,1948000000.0,1693000000.0,1693000000.0,,1693000000.0,2284000000.0,,,,-8667000000.0,4784000000.0,17748000000.0,1024000000.0,1623000000.0,,801000000.0,3085000000.0,8355000000.0,9081000000.0,1986000000.0,11365000000.0,,828000000.0,830000000.0
American Express Co,AXP,R4PP93JZOLY261QX3811,4962,2019.0,FY,2019-01-01,2019-12-31,2020-02-13 16:04:42+00:00,,8.0,1.64,1559000000.0,588000000.0,7.99,1670000000.0,188000000.0,11308000000.0,1905000000.0,7114000000.0,6759000000.0,6759000000.0,,6759000000.0,8620000000.0,,,,,18529000000.0,34936000000.0,3573000000.0,5911000000.0,,3464000000.0,12084000000.0,31554000000.0,34936000000.0,8429000000.0,43556000000.0,,828000000.0,830000000.0
American Express Co,AXP,R4PP93JZOLY261QX3811,4962,2019.0,Q3,2019-07-01,2019-09-30,2019-10-21 13:56:06+00:00,2.09,2.09,,401000000.0,142000000.0,2.08,511000000.0,53000000.0,2885000000.0,476000000.0,1818000000.0,1755000000.0,1755000000.0,,1755000000.0,2203000000.0,,,,,4527000000.0,8786000000.0,879000000.0,1499000000.0,,877000000.0,3080000000.0,7844000000.0,8786000000.0,2266000000.0,10989000000.0,839700000.0,825000000.0,827000000.0
American Express Co,AXP,R4PP93JZOLY261QX3811,4962,2019.0,Q3YTD,2019-01-01,2019-09-30,,5.97,5.97,,1206000000.0,487000000.0,5.95,1377000000.0,138000000.0,8374000000.0,1457000000.0,5166000000.0,5066000000.0,5066000000.0,,5066000000.0,6336000000.0,,,,8667000000.0,13745000000.0,17188000000.0,2549000000.0,4288000000.0,,2663000000.0,8999000000.0,23199000000.0,25855000000.0,6443000000.0,32191000000.0,839700000.0,825000000.0,827000000.0
American Express Co,AXP,R4PP93JZOLY261QX3811,4962,2019.0,Q2YTD,2019-01-01,2019-06-30,,3.88,3.88,,805000000.0,345000000.0,3.87,866000000.0,85000000.0,5489000000.0,981000000.0,3348000000.0,3311000000.0,3311000000.0,,3311000000.0,4133000000.0,,,,8667000000.0,9218000000.0,8402000000.0,1670000000.0,2789000000.0,,1786000000.0,5919000000.0,15355000000.0,17069000000.0,4177000000.0,21202000000.0,850700000.0,834000000.0,836000000.0
American Express Co,AXP,R4PP93JZOLY261QX3811,4962,2019.0,Q2,2019-04-01,2019-06-30,2019-07-23 15:55:11+00:00,2.07,2.07,,406000000.0,149000000.0,2.07,458000000.0,52000000.0,2764000000.0,485000000.0,1773000000.0,1761000000.0,1761000000.0,,1761000000.0,2074000000.0,,,,362000000.0,4618000000.0,8402000000.0,861000000.0,1367000000.0,,891000000.0,2965000000.0,7758000000.0,8764000000.0,2219000000.0,10838000000.0,850700000.0,834000000.0,836000000.0
American Express Co,AXP,R4PP93JZOLY261QX3811,4962,2019.0,Q1,2019-01-01,2019-03-31,2020-04-24 15:51:23+00:00,1.81,1.81,0.39,399000000.0,196000000.0,1.8,408000000.0,33000000.0,2725000000.0,496000000.0,1575000000.0,1550000000.0,1550000000.0,,1550000000.0,2059000000.0,,,,8305000000.0,4600000000.0,,809000000.0,1422000000.0,,895000000.0,2954000000.0,7597000000.0,8305000000.0,1958000000.0,10364000000.0,856400000.0,841000000.0,843000000.0
American Express Co,AXP,R4PP93JZOLY261QX3811,4962,2019.0,Q1TTM,2018-04-01,2019-03-31,,-0.05,7.88,-0.35,1416000000.0,628000000.0,7.85,1161000000.0,130000000.0,10340000000.0,1801000000.0,6700000000.0,8471000000.0,8471000000.0,,8471000000.0,7881000000.0,,1634000000.0,,8305000000.0,17554000000.0,24798000000.0,3386000000.0,5346000000.0,,3217000000.0,11098000000.0,29600000000.0,33103000000.0,7998000000.0,40984000000.0,856400000.0,841000000.0,843000000.0
American Express Co,AXP,R4PP93JZOLY261QX3811,4962,2020.0,Q1TTM,2019-04-01,2020-03-31,,-1.4,6.6,,1486000000.0,491000000.0,6.6,1347000000.0,193000000.0,11492000000.0,1799000000.0,7244000000.0,5576000000.0,5576000000.0,,5576000000.0,8891000000.0,,,,-325000000.0,18066000000.0,34936000000.0,5385000000.0,5884000000.0,,3285000000.0,12176000000.0,31194000000.0,34611000000.0,6923000000.0,43502000000.0,895100000.0,807000000.0,808000000.0
American Express Co,AXP,R4PP93JZOLY261QX3811,4962,2020.0,Q1,2020-01-01,2020-03-31,2020-04-24 15:51:23+00:00,0.41,0.41,0.43,326000000.0,99000000.0,0.41,85000000.0,38000000.0,2909000000.0,390000000.0,1705000000.0,367000000.0,367000000.0,,367000000.0,2330000000.0,,,,7980000000.0,4137000000.0,,2621000000.0,1395000000.0,,716000000.0,3046000000.0,7237000000.0,7980000000.0,452000000.0,10310000000.0,895100000.0,807000000.0,808000000.0
