company_name,company_ticker,company_lei,company_cik,year,quarter,start_date,end_date,filing_date,amortizationexpense,basicdilutedeps,basiceps,cashdividendspershare,depositsinterestexpense,dilutedeps,fedfundsandrepointerestexpense,impairmentexpense,incometaxexpense,investmentbankingincome,investmentsecuritiesinterestincome,loansandleaseinterestincome,longtermdebtinterestexpense,marketingexpense,netincome,netincomecontinuing,netincomediscontinued,netincometocommon,netincometononcontrollinginterest,netinterestincome,netoccupancyequipmentexpense,netrealizedcapitalgains,otherinterestincome,othernoninterestincome,otheroperatingexpenses,otherservicechargeincome,otherspecialcharges,propertyliabilityinsuranceclaims,provisionforcreditlosses,salariesandemployeebenefitsexpense,servicechargesondepositsincome,shorttermborrowinginterestexpense,totalinterestexpense,totalinterestincome,totalnoninterestexpense,totalnoninterestincome,totalpretaxincome,totalrevenue,tradingaccountinterestincome,trustfeeincome,weightedavebasicdilutedsharesos,weightedavebasicsharesos,weightedavedilutedsharesos
KeyCorp,KEY,RKPI3RZGV1V1FJTH5T61,91576,2007.0,FY,2007-01-01,2007-12-31,2010-03-01 08:44:38+00:00,,2.35,2.35,1.835,1845000000.0,2.32,208000000.0,6000000.0,277000000.0,120000000.0,471000000.0,4827000000.0,493000000.0,76000000.0,951000000.0,967000000.0,-16000000.0,919000000.0,32000000.0,2686000000.0,542000000.0,339000000.0,,448000000.0,927000000.0,865000000.0,5000000.0,,525000000.0,1602000000.0,,104000000.0,2650000000.0,5336000000.0,3158000000.0,2241000000.0,1244000000.0,4927000000.0,38000000.0,469000000.0,391100000.0,392013000.0,395823000.0
KeyCorp,KEY,RKPI3RZGV1V1FJTH5T61,91576,2008.0,FY,2008-01-01,2008-12-31,2011-02-24 12:06:18+00:00,,-3.36,-3.36,0.625,1468000000.0,-3.36,57000000.0,469000000.0,437000000.0,68000000.0,489000000.0,3808000000.0,382000000.0,87000000.0,-1460000000.0,-1287000000.0,-173000000.0,-1468000000.0,8000000.0,2316000000.0,538000000.0,67000000.0,,452000000.0,785000000.0,751000000.0,16000000.0,,1537000000.0,1581000000.0,,130000000.0,2037000000.0,4353000000.0,3476000000.0,1847000000.0,-850000000.0,4163000000.0,56000000.0,509000000.0,436900000.0,450039000.0,450039000.0
KeyCorp,KEY,RKPI3RZGV1V1FJTH5T61,91576,2008.0,Q3,2008-07-01,2008-09-30,2009-11-06 16:23:27+00:00,,-0.1,-0.1,0.1875,347000000.0,-0.1,10000000.0,4000000.0,-22000000.0,-26000000.0,120000000.0,1031000000.0,98000000.0,27000000.0,-25000000.0,14000000.0,-39000000.0,-36000000.0,11000000.0,678000000.0,134000000.0,-42000000.0,,112000000.0,201000000.0,221000000.0,,,336000000.0,374000000.0,,34000000.0,489000000.0,1167000000.0,740000000.0,390000000.0,-8000000.0,1068000000.0,16000000.0,125000000.0,360000000.0,491179000.0,491179000.0
KeyCorp,KEY,RKPI3RZGV1V1FJTH5T61,91576,2008.0,Q2,2008-04-01,2008-06-30,2009-08-10 11:51:12+00:00,,-2.7,-2.7,0.375,347000000.0,-2.7,15000000.0,0.0,610000000.0,80000000.0,133000000.0,737000000.0,133000000.0,21000000.0,-1127000000.0,-1129000000.0,2000000.0,-1126000000.0,-1000000.0,358000000.0,128000000.0,18000000.0,,116000000.0,226000000.0,203000000.0,,,647000000.0,402000000.0,,27000000.0,522000000.0,880000000.0,777000000.0,547000000.0,-519000000.0,905000000.0,10000000.0,130000000.0,417000000.0,416629000.0,416629000.0
KeyCorp,KEY,RKPI3RZGV1V1FJTH5T61,91576,2009.0,Q4,2009-10-01,2009-12-31,,,-0.57,-0.57,0.02,523000000.0,-0.57,3000000.0,45000000.0,-621000000.0,-73000000.0,304000000.0,1548000000.0,119000000.0,41000000.0,-590000000.0,-567000000.0,-23000000.0,-621000000.0,31000000.0,1222000000.0,276000000.0,91000000.0,,203000000.0,554000000.0,400000000.0,76000000.0,,1489000000.0,780000000.0,,6000000.0,651000000.0,1873000000.0,1772000000.0,851000000.0,-1188000000.0,2073000000.0,21000000.0,230000000.0,570500000.0,697155000.0,697155000.0
KeyCorp,KEY,RKPI3RZGV1V1FJTH5T61,91576,2009.0,FY,2009-01-01,2009-12-31,2012-02-27 16:23:29+00:00,,-2.34,-2.34,0.0925,1119000000.0,-2.34,5000000.0,241000000.0,-1035000000.0,-42000000.0,525000000.0,3223000000.0,275000000.0,72000000.0,-1311000000.0,-1263000000.0,-48000000.0,-1335000000.0,24000000.0,2380000000.0,547000000.0,390000000.0,,409000000.0,1083000000.0,819000000.0,97000000.0,,3159000000.0,1514000000.0,,16000000.0,1415000000.0,3795000000.0,3554000000.0,2035000000.0,-2298000000.0,4415000000.0,47000000.0,459000000.0,570500000.0,697155000.0,697155000.0
KeyCorp,KEY,RKPI3RZGV1V1FJTH5T61,91576,2009.0,Q3YTD,2009-01-01,2009-09-30,,,-1.77,-1.77,0.07,596000000.0,-1.77,2000000.0,196000000.0,-414000000.0,31000000.0,221000000.0,1675000000.0,156000000.0,31000000.0,-721000000.0,-696000000.0,-25000000.0,-714000000.0,-7000000.0,1158000000.0,271000000.0,299000000.0,,206000000.0,529000000.0,419000000.0,21000000.0,,1670000000.0,734000000.0,,10000000.0,764000000.0,1922000000.0,1782000000.0,1184000000.0,-1110000000.0,2342000000.0,26000000.0,229000000.0,,,
KeyCorp,KEY,RKPI3RZGV1V1FJTH5T61,91576,2009.0,Q2YTD,2009-01-01,2009-06-30,,,-1.77,-1.77,0.07,596000000.0,-1.77,2000000.0,196000000.0,-414000000.0,31000000.0,221000000.0,1675000000.0,156000000.0,31000000.0,-721000000.0,-696000000.0,-25000000.0,-714000000.0,-7000000.0,1158000000.0,271000000.0,299000000.0,,206000000.0,529000000.0,419000000.0,21000000.0,,1670000000.0,734000000.0,,10000000.0,764000000.0,1922000000.0,1782000000.0,1184000000.0,-1110000000.0,2342000000.0,26000000.0,229000000.0,332400000.0,576883000.0,576883000.0
KeyCorp,KEY,RKPI3RZGV1V1FJTH5T61,91576,2009.0,Q2,2009-04-01,2009-06-30,2010-08-06 16:11:27+00:00,,-0.68,-0.68,0.01,296000000.0,-0.68,1000000.0,,-176000000.0,14000000.0,105000000.0,827000000.0,75000000.0,17000000.0,-223000000.0,-227000000.0,4000000.0,-226000000.0,3000000.0,569000000.0,136000000.0,247000000.0,,100000000.0,312000000.0,226000000.0,15000000.0,,823000000.0,375000000.0,,4000000.0,376000000.0,945000000.0,855000000.0,706000000.0,-403000000.0,1275000000.0,13000000.0,119000000.0,332400000.0,576883000.0,576883000.0
KeyCorp,KEY,RKPI3RZGV1V1FJTH5T61,91576,2009.0,Q1,2009-01-01,2009-03-31,2010-05-06 15:14:14+00:00,,-1.09,-1.09,0.0625,300000000.0,-1.09,1000000.0,196000000.0,-238000000.0,17000000.0,116000000.0,848000000.0,81000000.0,14000000.0,-498000000.0,-469000000.0,-29000000.0,-488000000.0,-10000000.0,589000000.0,135000000.0,52000000.0,,106000000.0,217000000.0,193000000.0,6000000.0,,847000000.0,359000000.0,,6000000.0,388000000.0,977000000.0,927000000.0,478000000.0,-707000000.0,1067000000.0,13000000.0,110000000.0,447700000.0,492813000.0,492813000.0
KeyCorp,KEY,RKPI3RZGV1V1FJTH5T61,91576,2010.0,Q4,2010-10-01,2010-12-31,,14000000.0,0.33,0.33,0.01,124000000.0,0.32,2000000.0,,172000000.0,127000000.0,133000000.0,621000000.0,53000000.0,22000000.0,323000000.0,336000000.0,-13000000.0,320000000.0,3000000.0,629000000.0,141000000.0,41000000.0,49000000.0,32000000.0,192000000.0,218000000.0,10000000.0,,-97000000.0,365000000.0,,3000000.0,182000000.0,811000000.0,744000000.0,526000000.0,508000000.0,1155000000.0,8000000.0,108000000.0,1231100000.0,874748000.0,878153000.0
KeyCorp,KEY,RKPI3RZGV1V1FJTH5T61,91576,2010.0,FY,2010-01-01,2010-12-31,2013-02-26 16:36:58+00:00,14000000.0,0.45,0.45,0.04,671000000.0,0.44,6000000.0,,186000000.0,209000000.0,652000000.0,2670000000.0,206000000.0,72000000.0,584000000.0,607000000.0,-23000000.0,554000000.0,30000000.0,2511000000.0,555000000.0,176000000.0,49000000.0,310000000.0,854000000.0,815000000.0,68000000.0,,638000000.0,1471000000.0,,14000000.0,897000000.0,3408000000.0,3034000000.0,1954000000.0,793000000.0,4465000000.0,37000000.0,444000000.0,1231100000.0,874748000.0,878153000.0
KeyCorp,KEY,RKPI3RZGV1V1FJTH5T61,91576,2010.0,Q3YTD,2010-01-01,2010-09-30,,,0.12,0.12,0.03,547000000.0,0.12,4000000.0,,14000000.0,82000000.0,519000000.0,2049000000.0,153000000.0,50000000.0,261000000.0,271000000.0,-10000000.0,234000000.0,27000000.0,1882000000.0,414000000.0,135000000.0,,278000000.0,662000000.0,597000000.0,58000000.0,,735000000.0,1106000000.0,,11000000.0,715000000.0,2597000000.0,2290000000.0,1428000000.0,285000000.0,3310000000.0,29000000.0,336000000.0,1095000000.0,874433000.0,874433000.0
KeyCorp,KEY,RKPI3RZGV1V1FJTH5T61,91576,2010.0,Q3TTM,2009-10-01,2010-09-30,,,-0.45,-0.45,0.05,1070000000.0,-0.45,7000000.0,45000000.0,-607000000.0,9000000.0,823000000.0,3597000000.0,272000000.0,91000000.0,-329000000.0,-296000000.0,-33000000.0,-387000000.0,58000000.0,3104000000.0,690000000.0,226000000.0,,481000000.0,1216000000.0,997000000.0,134000000.0,,2224000000.0,1886000000.0,,17000000.0,1366000000.0,4470000000.0,4062000000.0,2279000000.0,-903000000.0,5383000000.0,50000000.0,566000000.0,1095000000.0,874433000.0,874433000.0
KeyCorp,KEY,RKPI3RZGV1V1FJTH5T61,91576,2010.0,Q3,2010-07-01,2010-09-30,2011-11-03 14:28:34+00:00,,0.2,0.2,0.01,147000000.0,0.2,1000000.0,,85000000.0,42000000.0,183000000.0,653000000.0,52000000.0,21000000.0,226000000.0,211000000.0,15000000.0,219000000.0,7000000.0,640000000.0,140000000.0,41000000.0,,95000000.0,212000000.0,198000000.0,4000000.0,,94000000.0,359000000.0,,4000000.0,204000000.0,844000000.0,736000000.0,486000000.0,296000000.0,1126000000.0,8000000.0,110000000.0,1095000000.0,874433000.0,874433000.0
KeyCorp,KEY,RKPI3RZGV1V1FJTH5T61,91576,2010.0,Q2YTD,2010-01-01,2010-06-30,,,-0.08,-0.08,0.02,400000000.0,-0.08,3000000.0,,-71000000.0,40000000.0,336000000.0,1396000000.0,101000000.0,29000000.0,35000000.0,60000000.0,-25000000.0,15000000.0,20000000.0,1242000000.0,274000000.0,94000000.0,,183000000.0,450000000.0,399000000.0,54000000.0,,641000000.0,747000000.0,,7000000.0,511000000.0,1753000000.0,1554000000.0,942000000.0,-11000000.0,2184000000.0,21000000.0,226000000.0,2333300000.0,874664000.0,874664000.0
KeyCorp,KEY,RKPI3RZGV1V1FJTH5T61,91576,2010.0,Q2TTM,2009-07-01,2010-06-30,,,-0.65,-0.65,0.04,923000000.0,-0.65,6000000.0,45000000.0,-692000000.0,-33000000.0,640000000.0,2944000000.0,220000000.0,70000000.0,-555000000.0,-507000000.0,-48000000.0,-606000000.0,51000000.0,2464000000.0,550000000.0,185000000.0,,386000000.0,1004000000.0,799000000.0,130000000.0,,2130000000.0,1527000000.0,,13000000.0,1162000000.0,3626000000.0,3326000000.0,1793000000.0,-1199000000.0,4257000000.0,42000000.0,456000000.0,2333300000.0,874664000.0,874664000.0
KeyCorp,KEY,RKPI3RZGV1V1FJTH5T61,91576,2010.0,Q2,2010-04-01,2010-06-30,2011-08-04 06:32:44+00:00,,0.03,0.03,0.01,188000000.0,0.03,2000000.0,,11000000.0,31000000.0,169000000.0,682000000.0,50000000.0,16000000.0,74000000.0,101000000.0,-27000000.0,70000000.0,4000000.0,617000000.0,137000000.0,42000000.0,,90000000.0,209000000.0,217000000.0,22000000.0,,228000000.0,385000000.0,,4000000.0,244000000.0,861000000.0,769000000.0,492000000.0,112000000.0,1109000000.0,10000000.0,112000000.0,2333300000.0,874664000.0,874664000.0
KeyCorp,KEY,RKPI3RZGV1V1FJTH5T61,91576,2010.0,Q1TTM,2009-04-01,2010-03-31,,,-1.36,-1.36,0.04,1031000000.0,-1.36,5000000.0,45000000.0,-879000000.0,-50000000.0,576000000.0,3089000000.0,245000000.0,71000000.0,-852000000.0,-835000000.0,-17000000.0,-902000000.0,50000000.0,2416000000.0,549000000.0,390000000.0,,396000000.0,1107000000.0,808000000.0,123000000.0,,2725000000.0,1517000000.0,,13000000.0,1294000000.0,3710000000.0,3412000000.0,2007000000.0,-1714000000.0,4423000000.0,45000000.0,463000000.0,500000000.0,874386000.0,874386000.0
KeyCorp,KEY,RKPI3RZGV1V1FJTH5T61,91576,2010.0,Q1,2010-01-01,2010-03-31,2011-05-05 09:09:32+00:00,,-0.11,-0.11,0.01,212000000.0,-0.11,1000000.0,,-82000000.0,9000000.0,167000000.0,714000000.0,51000000.0,13000000.0,-39000000.0,-41000000.0,2000000.0,-55000000.0,16000000.0,625000000.0,137000000.0,52000000.0,,93000000.0,241000000.0,182000000.0,32000000.0,,413000000.0,362000000.0,,3000000.0,267000000.0,892000000.0,785000000.0,450000000.0,-123000000.0,1075000000.0,11000000.0,114000000.0,500000000.0,874386000.0,874386000.0
KeyCorp,KEY,RKPI3RZGV1V1FJTH5T61,91576,2011.0,Q4,2011-10-01,2011-12-31,,3000000.0,0.2,0.2,0.03,85000000.0,0.21,1000000.0,,64000000.0,87000000.0,126000000.0,546000000.0,53000000.0,24000000.0,200000000.0,198000000.0,2000000.0,200000000.0,,557000000.0,179000000.0,84000000.0,21000000.0,-77000000.0,32000000.0,-20000000.0,-8000000.0,52000000.0,-22000000.0,327000000.0,197000000.0,2000000.0,141000000.0,698000000.0,611000000.0,294000000.0,262000000.0,851000000.0,5000000.0,23000000.0,1057500000.0,931934000.0,935801000.0
KeyCorp,KEY,RKPI3RZGV1V1FJTH5T61,91576,2011.0,FY,2011-01-01,2011-12-31,2014-02-26 11:48:31+00:00,4000000.0,0.87,0.87,0.1,390000000.0,0.87,5000000.0,,364000000.0,224000000.0,601000000.0,2220000000.0,216000000.0,60000000.0,932000000.0,967000000.0,-35000000.0,920000000.0,12000000.0,2267000000.0,621000000.0,235000000.0,42000000.0,121000000.0,487000000.0,558000000.0,,52000000.0,-60000000.0,1460000000.0,197000000.0,11000000.0,622000000.0,2889000000.0,2684000000.0,1688000000.0,1331000000.0,3955000000.0,26000000.0,353000000.0,1057500000.0,931934000.0,935801000.0
KeyCorp,KEY,RKPI3RZGV1V1FJTH5T61,91576,2011.0,Q3YTD,2011-01-01,2011-09-30,,1000000.0,0.67,0.67,0.07,305000000.0,0.66,4000000.0,,300000000.0,137000000.0,475000000.0,1674000000.0,163000000.0,36000000.0,732000000.0,769000000.0,-37000000.0,720000000.0,12000000.0,1710000000.0,442000000.0,151000000.0,21000000.0,198000000.0,455000000.0,578000000.0,8000000.0,,-38000000.0,1133000000.0,,9000000.0,481000000.0,2191000000.0,2073000000.0,1394000000.0,1069000000.0,3104000000.0,21000000.0,330000000.0,986400000.0,948702000.0,950686000.0
KeyCorp,KEY,RKPI3RZGV1V1FJTH5T61,91576,2011.0,Q3TTM,2010-10-01,2011-09-30,,15000000.0,1.0,1.0,0.08,429000000.0,0.98,6000000.0,,472000000.0,264000000.0,608000000.0,2295000000.0,216000000.0,58000000.0,1055000000.0,1105000000.0,-50000000.0,1040000000.0,15000000.0,2339000000.0,583000000.0,192000000.0,70000000.0,230000000.0,647000000.0,796000000.0,18000000.0,,-135000000.0,1498000000.0,,12000000.0,663000000.0,3002000000.0,2817000000.0,1920000000.0,1577000000.0,4259000000.0,29000000.0,438000000.0,986400000.0,948702000.0,950686000.0
KeyCorp,KEY,RKPI3RZGV1V1FJTH5T61,91576,2011.0,Q3,2011-07-01,2011-09-30,2012-11-01 15:25:18+00:00,1000000.0,0.22,0.22,0.03,95000000.0,0.22,1000000.0,,95000000.0,38000000.0,145000000.0,546000000.0,57000000.0,16000000.0,218000000.0,235000000.0,-17000000.0,217000000.0,1000000.0,549000000.0,154000000.0,59000000.0,9000000.0,61000000.0,140000000.0,218000000.0,1000000.0,,10000000.0,382000000.0,,3000000.0,156000000.0,705000000.0,692000000.0,483000000.0,330000000.0,1032000000.0,5000000.0,107000000.0,986400000.0,948702000.0,950686000.0
KeyCorp,KEY,RKPI3RZGV1V1FJTH5T61,91576,2011.0,Q2YTD,2011-01-01,2011-06-30,,,0.45,0.45,0.04,210000000.0,0.44,3000000.0,,205000000.0,99000000.0,330000000.0,1128000000.0,106000000.0,20000000.0,514000000.0,534000000.0,-20000000.0,503000000.0,11000000.0,1161000000.0,288000000.0,92000000.0,12000000.0,137000000.0,315000000.0,360000000.0,7000000.0,,-48000000.0,751000000.0,,6000000.0,325000000.0,1486000000.0,1381000000.0,911000000.0,739000000.0,2072000000.0,16000000.0,223000000.0,960000000.0,947565000.0,952133000.0
KeyCorp,KEY,RKPI3RZGV1V1FJTH5T61,91576,2011.0,Q2TTM,2010-07-01,2011-06-30,,14000000.0,0.98,0.98,0.06,481000000.0,0.96,6000000.0,,462000000.0,268000000.0,646000000.0,2402000000.0,211000000.0,63000000.0,1063000000.0,1081000000.0,-18000000.0,1042000000.0,21000000.0,2430000000.0,569000000.0,174000000.0,61000000.0,264000000.0,719000000.0,776000000.0,21000000.0,,-51000000.0,1475000000.0,,13000000.0,711000000.0,3141000000.0,2861000000.0,1923000000.0,1543000000.0,4353000000.0,32000000.0,441000000.0,960000000.0,947565000.0,952133000.0
KeyCorp,KEY,RKPI3RZGV1V1FJTH5T61,91576,2011.0,Q2,2011-04-01,2011-06-30,2012-08-02 11:52:50+00:00,,0.25,0.25,0.03,100000000.0,0.25,2000000.0,,94000000.0,56000000.0,151000000.0,554000000.0,57000000.0,10000000.0,243000000.0,252000000.0,-9000000.0,240000000.0,3000000.0,564000000.0,155000000.0,35000000.0,12000000.0,60000000.0,138000000.0,190000000.0,-3000000.0,,-8000000.0,380000000.0,,3000000.0,162000000.0,726000000.0,680000000.0,454000000.0,346000000.0,1018000000.0,9000000.0,113000000.0,960000000.0,947565000.0,952133000.0
KeyCorp,KEY,RKPI3RZGV1V1FJTH5T61,91576,2011.0,Q1TTM,2010-04-01,2011-03-31,,14000000.0,0.76,0.76,0.04,569000000.0,0.74,6000000.0,,379000000.0,243000000.0,664000000.0,2530000000.0,204000000.0,69000000.0,894000000.0,930000000.0,-36000000.0,872000000.0,22000000.0,2483000000.0,551000000.0,181000000.0,49000000.0,294000000.0,790000000.0,803000000.0,46000000.0,,185000000.0,1480000000.0,,14000000.0,793000000.0,3276000000.0,2950000000.0,1961000000.0,1309000000.0,4444000000.0,33000000.0,440000000.0,1315000000.0,881894000.0,887836000.0
KeyCorp,KEY,RKPI3RZGV1V1FJTH5T61,91576,2011.0,Q1,2011-01-01,2011-03-31,2012-05-03 12:40:03+00:00,,0.2,0.2,0.01,110000000.0,0.19,1000000.0,,111000000.0,43000000.0,179000000.0,574000000.0,49000000.0,10000000.0,271000000.0,282000000.0,-11000000.0,263000000.0,8000000.0,597000000.0,133000000.0,57000000.0,,77000000.0,177000000.0,170000000.0,10000000.0,,-40000000.0,371000000.0,,3000000.0,163000000.0,760000000.0,701000000.0,457000000.0,393000000.0,1054000000.0,7000000.0,110000000.0,1315000000.0,881894000.0,887836000.0
KeyCorp,KEY,RKPI3RZGV1V1FJTH5T61,91576,2012.0,Q4,2012-10-01,2012-12-31,,12000000.0,0.22,0.22,0.05,49000000.0,0.22,1000000.0,,53000000.0,110000000.0,106000000.0,568000000.0,35000000.0,20000000.0,203000000.0,196000000.0,7000000.0,203000000.0,,601000000.0,178000000.0,27000000.0,11000000.0,36000000.0,91000000.0,505000000.0,-13000000.0,24000000.0,57000000.0,422000000.0,41000000.0,2000000.0,87000000.0,688000000.0,734000000.0,439000000.0,249000000.0,1040000000.0,3000000.0,-280000000.0,964000000.0,938941000.0,943259000.0
KeyCorp,KEY,RKPI3RZGV1V1FJTH5T61,91576,2012.0,FY,2012-01-01,2012-12-31,2015-03-02 14:40:11+00:00,23000000.0,0.89,0.89,0.18,257000000.0,0.89,4000000.0,,231000000.0,327000000.0,474000000.0,2175000000.0,173000000.0,68000000.0,865000000.0,842000000.0,23000000.0,858000000.0,7000000.0,2264000000.0,588000000.0,273000000.0,38000000.0,122000000.0,538000000.0,966000000.0,,31000000.0,229000000.0,1570000000.0,168000000.0,7000000.0,441000000.0,2705000000.0,2818000000.0,1856000000.0,1073000000.0,4120000000.0,18000000.0,,964000000.0,938941000.0,943259000.0
KeyCorp,KEY,RKPI3RZGV1V1FJTH5T61,91576,2012.0,Q3YTD,2012-01-01,2012-09-30,,11000000.0,0.67,0.67,0.13,208000000.0,0.67,3000000.0,,178000000.0,217000000.0,368000000.0,1607000000.0,138000000.0,48000000.0,662000000.0,646000000.0,16000000.0,655000000.0,7000000.0,1663000000.0,410000000.0,246000000.0,27000000.0,86000000.0,447000000.0,461000000.0,13000000.0,7000000.0,172000000.0,1148000000.0,127000000.0,5000000.0,354000000.0,2017000000.0,2084000000.0,1417000000.0,824000000.0,3080000000.0,15000000.0,280000000.0,952200000.0,936223000.0,940764000.0
KeyCorp,KEY,RKPI3RZGV1V1FJTH5T61,91576,2012.0,Q3TTM,2011-10-01,2012-09-30,,14000000.0,0.87,0.87,0.16,293000000.0,0.88,4000000.0,,242000000.0,304000000.0,494000000.0,2153000000.0,191000000.0,72000000.0,862000000.0,844000000.0,18000000.0,855000000.0,7000000.0,2220000000.0,589000000.0,330000000.0,48000000.0,9000000.0,479000000.0,441000000.0,5000000.0,59000000.0,150000000.0,1475000000.0,324000000.0,7000000.0,495000000.0,2715000000.0,2695000000.0,1711000000.0,1086000000.0,3931000000.0,20000000.0,303000000.0,952200000.0,936223000.0,940764000.0
KeyCorp,KEY,RKPI3RZGV1V1FJTH5T61,91576,2012.0,Q3,2012-07-01,2012-09-30,2013-10-31 12:03:42+00:00,9000000.0,0.23,0.23,0.05,60000000.0,0.23,1000000.0,,51000000.0,83000000.0,115000000.0,543000000.0,37000000.0,18000000.0,221000000.0,218000000.0,3000000.0,219000000.0,2000000.0,572000000.0,147000000.0,77000000.0,9000000.0,26000000.0,132000000.0,199000000.0,,7000000.0,109000000.0,399000000.0,39000000.0,1000000.0,99000000.0,671000000.0,712000000.0,518000000.0,269000000.0,1090000000.0,4000000.0,94000000.0,952200000.0,936223000.0,940764000.0
KeyCorp,KEY,RKPI3RZGV1V1FJTH5T61,91576,2012.0,Q2YTD,2012-01-01,2012-06-30,,2000000.0,0.44,0.44,0.08,148000000.0,0.44,2000000.0,,127000000.0,134000000.0,253000000.0,1064000000.0,101000000.0,30000000.0,441000000.0,428000000.0,13000000.0,436000000.0,5000000.0,1091000000.0,263000000.0,169000000.0,18000000.0,60000000.0,315000000.0,262000000.0,13000000.0,,63000000.0,749000000.0,88000000.0,4000000.0,255000000.0,1346000000.0,1372000000.0,899000000.0,555000000.0,1990000000.0,11000000.0,186000000.0,983300000.0,944648000.0,948087000.0
KeyCorp,KEY,RKPI3RZGV1V1FJTH5T61,91576,2012.0,Q2TTM,2011-07-01,2012-06-30,,6000000.0,0.86,0.86,0.14,328000000.0,0.87,4000000.0,,286000000.0,259000000.0,524000000.0,2156000000.0,211000000.0,70000000.0,859000000.0,861000000.0,-2000000.0,853000000.0,6000000.0,2197000000.0,596000000.0,312000000.0,48000000.0,44000000.0,487000000.0,460000000.0,6000000.0,52000000.0,51000000.0,1458000000.0,285000000.0,9000000.0,552000000.0,2749000000.0,2675000000.0,1676000000.0,1147000000.0,3873000000.0,21000000.0,316000000.0,983300000.0,944648000.0,948087000.0
KeyCorp,KEY,RKPI3RZGV1V1FJTH5T61,91576,2012.0,Q2,2012-04-01,2012-06-30,2013-08-05 11:43:16+00:00,1000000.0,0.24,0.24,0.05,71000000.0,0.24,1000000.0,,54000000.0,73000000.0,124000000.0,523000000.0,50000000.0,17000000.0,241000000.0,227000000.0,14000000.0,236000000.0,5000000.0,538000000.0,132000000.0,82000000.0,10000000.0,30000000.0,159000000.0,138000000.0,7000000.0,,21000000.0,377000000.0,44000000.0,2000000.0,124000000.0,662000000.0,693000000.0,457000000.0,281000000.0,995000000.0,5000000.0,90000000.0,983300000.0,944648000.0,948087000.0
KeyCorp,KEY,RKPI3RZGV1V1FJTH5T61,91576,2012.0,Q1TTM,2011-04-01,2012-03-31,,5000000.0,0.87,0.87,0.12,357000000.0,0.88,5000000.0,,326000000.0,242000000.0,551000000.0,2187000000.0,218000000.0,63000000.0,861000000.0,886000000.0,-25000000.0,857000000.0,4000000.0,2223000000.0,619000000.0,265000000.0,50000000.0,74000000.0,466000000.0,512000000.0,-4000000.0,52000000.0,22000000.0,1461000000.0,241000000.0,10000000.0,590000000.0,2813000000.0,2662000000.0,1673000000.0,1212000000.0,3896000000.0,25000000.0,339000000.0,1000000000.0,949342000.0,953971000.0
KeyCorp,KEY,RKPI3RZGV1V1FJTH5T61,91576,2012.0,Q1,2012-01-01,2012-03-31,2013-05-01 15:35:15+00:00,1000000.0,0.2,0.2,0.03,77000000.0,0.2,1000000.0,,73000000.0,61000000.0,129000000.0,541000000.0,51000000.0,13000000.0,200000000.0,201000000.0,-1000000.0,200000000.0,,553000000.0,131000000.0,87000000.0,8000000.0,30000000.0,156000000.0,124000000.0,6000000.0,,42000000.0,372000000.0,44000000.0,2000000.0,131000000.0,684000000.0,679000000.0,442000000.0,274000000.0,995000000.0,6000000.0,96000000.0,1000000000.0,949342000.0,953971000.0
KeyCorp,KEY,RKPI3RZGV1V1FJTH5T61,91576,2013.0,FY,2013-01-01,2013-12-31,2016-02-24 16:56:49+00:00,44000000.0,0.98,0.98,0.215,158000000.0,0.97,2000000.0,,271000000.0,333000000.0,399000000.0,2171000000.0,127000000.0,51000000.0,910000000.0,870000000.0,40000000.0,910000000.0,,2325000000.0,582000000.0,169000000.0,29000000.0,120000000.0,496000000.0,972000000.0,,30000000.0,138000000.0,1609000000.0,172000000.0,8000000.0,295000000.0,2620000000.0,2812000000.0,1766000000.0,1141000000.0,4091000000.0,21000000.0,,928600000.0,906524000.0,912571000.0
KeyCorp,KEY,RKPI3RZGV1V1FJTH5T61,91576,2013.0,Q3YTD,2013-01-01,2013-09-30,,34000000.0,0.73,0.73,0.16,124000000.0,0.72,2000000.0,,201000000.0,249000000.0,300000000.0,1633000000.0,98000000.0,33000000.0,680000000.0,635000000.0,45000000.0,680000000.0,,1742000000.0,433000000.0,123000000.0,23000000.0,87000000.0,368000000.0,527000000.0,,23000000.0,111000000.0,1211000000.0,132000000.0,5000000.0,229000000.0,1971000000.0,2108000000.0,1313000000.0,836000000.0,3055000000.0,15000000.0,195000000.0,937900000.0,901904000.0,908253000.0
KeyCorp,KEY,RKPI3RZGV1V1FJTH5T61,91576,2013.0,Q3TTM,2012-10-01,2013-09-30,,46000000.0,0.95,0.95,0.21,173000000.0,0.94,3000000.0,,254000000.0,359000000.0,406000000.0,2201000000.0,133000000.0,53000000.0,883000000.0,831000000.0,52000000.0,883000000.0,,2343000000.0,611000000.0,150000000.0,34000000.0,123000000.0,459000000.0,1032000000.0,-13000000.0,47000000.0,168000000.0,1633000000.0,173000000.0,7000000.0,316000000.0,2659000000.0,2842000000.0,1752000000.0,1085000000.0,4095000000.0,18000000.0,-85000000.0,937900000.0,901904000.0,908253000.0
KeyCorp,KEY,RKPI3RZGV1V1FJTH5T61,91576,2013.0,Q3,2013-07-01,2013-09-30,2014-11-04 14:24:03+00:00,12000000.0,0.29,0.29,0.055,37000000.0,0.29,1000000.0,,59000000.0,86000000.0,99000000.0,537000000.0,29000000.0,16000000.0,271000000.0,234000000.0,37000000.0,272000000.0,-1000000.0,578000000.0,143000000.0,61000000.0,6000000.0,26000000.0,121000000.0,242000000.0,,7000000.0,28000000.0,414000000.0,44000000.0,2000000.0,69000000.0,647000000.0,716000000.0,459000000.0,293000000.0,1037000000.0,5000000.0,,937900000.0,901904000.0,908253000.0
KeyCorp,KEY,RKPI3RZGV1V1FJTH5T61,91576,2013.0,Q2YTD,2013-01-01,2013-06-30,,22000000.0,0.44,0.44,0.11,87000000.0,0.43,1000000.0,,142000000.0,163000000.0,201000000.0,1096000000.0,69000000.0,17000000.0,409000000.0,401000000.0,8000000.0,408000000.0,1000000.0,1164000000.0,290000000.0,62000000.0,17000000.0,61000000.0,247000000.0,285000000.0,,16000000.0,83000000.0,797000000.0,88000000.0,3000000.0,160000000.0,1324000000.0,1392000000.0,854000000.0,543000000.0,2018000000.0,10000000.0,195000000.0,927300000.0,913736000.0,918628000.0
KeyCorp,KEY,RKPI3RZGV1V1FJTH5T61,91576,2013.0,Q2TTM,2012-07-01,2013-06-30,,43000000.0,0.89,0.89,0.21,196000000.0,0.88,3000000.0,,246000000.0,356000000.0,422000000.0,2207000000.0,141000000.0,55000000.0,833000000.0,815000000.0,18000000.0,830000000.0,3000000.0,2337000000.0,615000000.0,166000000.0,37000000.0,123000000.0,470000000.0,989000000.0,-13000000.0,47000000.0,249000000.0,1618000000.0,168000000.0,6000000.0,346000000.0,2683000000.0,2838000000.0,1811000000.0,1061000000.0,4148000000.0,17000000.0,9000000.0,927300000.0,913736000.0,918628000.0
KeyCorp,KEY,RKPI3RZGV1V1FJTH5T61,91576,2013.0,Q2,2013-04-01,2013-06-30,2014-08-04 16:26:01+00:00,10000000.0,0.22,0.22,0.055,42000000.0,0.22,0.0,,72000000.0,84000000.0,101000000.0,544000000.0,32000000.0,11000000.0,204000000.0,199000000.0,5000000.0,204000000.0,0.0,581000000.0,149000000.0,29000000.0,8000000.0,31000000.0,127000000.0,142000000.0,,8000000.0,28000000.0,406000000.0,43000000.0,2000000.0,76000000.0,657000000.0,711000000.0,429000000.0,271000000.0,1010000000.0,4000000.0,100000000.0,927300000.0,913736000.0,918628000.0
KeyCorp,KEY,RKPI3RZGV1V1FJTH5T61,91576,2013.0,Q1TTM,2012-04-01,2013-03-31,,34000000.0,0.91,0.91,0.2,225000000.0,0.9,4000000.0,,228000000.0,345000000.0,445000000.0,2186000000.0,159000000.0,61000000.0,870000000.0,843000000.0,27000000.0,862000000.0,8000000.0,2294000000.0,598000000.0,219000000.0,39000000.0,122000000.0,502000000.0,985000000.0,-6000000.0,39000000.0,242000000.0,1589000000.0,169000000.0,6000000.0,394000000.0,2688000000.0,2820000000.0,1839000000.0,1071000000.0,4133000000.0,18000000.0,-1000000.0,927300000.0,920316000.0,926051000.0
KeyCorp,KEY,RKPI3RZGV1V1FJTH5T61,91576,2013.0,Q1,2013-01-01,2013-03-31,2014-04-30 12:57:52+00:00,12000000.0,0.22,0.22,0.05,45000000.0,0.21,1000000.0,,70000000.0,79000000.0,100000000.0,552000000.0,37000000.0,6000000.0,205000000.0,202000000.0,3000000.0,204000000.0,1000000.0,583000000.0,141000000.0,33000000.0,9000000.0,30000000.0,120000000.0,143000000.0,,8000000.0,55000000.0,391000000.0,45000000.0,1000000.0,84000000.0,667000000.0,681000000.0,425000000.0,272000000.0,1008000000.0,6000000.0,95000000.0,927300000.0,920316000.0,926051000.0
KeyCorp,KEY,RKPI3RZGV1V1FJTH5T61,91576,2014.0,FY,2014-01-01,2014-12-31,2017-02-28 17:11:43+00:00,39000000.0,1.01,1.01,0.25,117000000.0,0.99,2000000.0,,326000000.0,397000000.0,376000000.0,2131000000.0,133000000.0,49000000.0,907000000.0,946000000.0,-39000000.0,900000000.0,7000000.0,2293000000.0,557000000.0,174000000.0,22000000.0,118000000.0,495000000.0,930000000.0,,30000000.0,57000000.0,1591000000.0,178000000.0,9000000.0,261000000.0,2554000000.0,2761000000.0,1797000000.0,1272000000.0,4090000000.0,25000000.0,,891100000.0,871464000.0,878199000.0
KeyCorp,KEY,RKPI3RZGV1V1FJTH5T61,91576,2014.0,Q4,2014-10-01,2014-12-31,,10000000.0,0.29,0.29,0.07,26000000.0,0.28,,,94000000.0,126000000.0,92000000.0,542000000.0,35000000.0,16000000.0,254000000.0,252000000.0,2000000.0,253000000.0,1000000.0,582000000.0,137000000.0,33000000.0,6000000.0,38000000.0,123000000.0,240000000.0,,9000000.0,22000000.0,409000000.0,53000000.0,3000000.0,64000000.0,646000000.0,704000000.0,490000000.0,346000000.0,1072000000.0,6000000.0,,891100000.0,871464000.0,878199000.0
KeyCorp,KEY,RKPI3RZGV1V1FJTH5T61,91576,2014.0,Q3YTD,2014-01-01,2014-09-30,,29000000.0,0.72,0.72,0.19,91000000.0,0.71,2000000.0,,232000000.0,271000000.0,284000000.0,1589000000.0,98000000.0,33000000.0,653000000.0,694000000.0,-41000000.0,647000000.0,6000000.0,1711000000.0,420000000.0,141000000.0,16000000.0,80000000.0,372000000.0,690000000.0,,21000000.0,35000000.0,1182000000.0,125000000.0,6000000.0,197000000.0,1908000000.0,2057000000.0,1307000000.0,926000000.0,3018000000.0,19000000.0,,885700000.0,867350000.0,874122000.0
KeyCorp,KEY,RKPI3RZGV1V1FJTH5T61,91576,2014.0,Q3TTM,2013-10-01,2014-09-30,,39000000.0,0.97,0.97,0.24,125000000.0,0.96,2000000.0,,302000000.0,355000000.0,383000000.0,2127000000.0,127000000.0,51000000.0,883000000.0,929000000.0,-46000000.0,877000000.0,6000000.0,2294000000.0,569000000.0,187000000.0,22000000.0,113000000.0,500000000.0,1135000000.0,,28000000.0,62000000.0,1580000000.0,165000000.0,9000000.0,263000000.0,2557000000.0,2761000000.0,1760000000.0,1231000000.0,4054000000.0,25000000.0,-195000000.0,885700000.0,867350000.0,874122000.0
KeyCorp,KEY,RKPI3RZGV1V1FJTH5T61,91576,2014.0,Q3,2014-07-01,2014-09-30,2015-11-02 13:22:40+00:00,10000000.0,0.21,0.21,0.065,28000000.0,0.21,1000000.0,,64000000.0,88000000.0,94000000.0,535000000.0,33000000.0,15000000.0,186000000.0,203000000.0,-17000000.0,186000000.0,,575000000.0,141000000.0,26000000.0,4000000.0,26000000.0,126000000.0,235000000.0,,9000000.0,19000000.0,405000000.0,42000000.0,2000000.0,64000000.0,639000000.0,706000000.0,417000000.0,267000000.0,992000000.0,6000000.0,,885700000.0,867350000.0,874122000.0
KeyCorp,KEY,RKPI3RZGV1V1FJTH5T61,91576,2014.0,Q2YTD,2014-01-01,2014-06-30,,19000000.0,0.51,0.51,0.12,63000000.0,0.5,1000000.0,,168000000.0,183000000.0,190000000.0,1054000000.0,65000000.0,18000000.0,467000000.0,491000000.0,-24000000.0,461000000.0,6000000.0,1136000000.0,279000000.0,115000000.0,12000000.0,54000000.0,246000000.0,455000000.0,,12000000.0,16000000.0,777000000.0,83000000.0,4000000.0,133000000.0,1269000000.0,1351000000.0,890000000.0,659000000.0,2026000000.0,13000000.0,,912500000.0,875298000.0,902137000.0
KeyCorp,KEY,RKPI3RZGV1V1FJTH5T61,91576,2014.0,Q2TTM,2013-07-01,2014-06-30,,41000000.0,1.05,1.05,0.23,134000000.0,1.04,2000000.0,,297000000.0,353000000.0,388000000.0,2129000000.0,123000000.0,52000000.0,968000000.0,960000000.0,8000000.0,963000000.0,5000000.0,2297000000.0,571000000.0,222000000.0,24000000.0,113000000.0,495000000.0,1142000000.0,,26000000.0,71000000.0,1589000000.0,167000000.0,9000000.0,268000000.0,2565000000.0,2771000000.0,1802000000.0,1257000000.0,4099000000.0,24000000.0,-195000000.0,912500000.0,875298000.0,902137000.0
KeyCorp,KEY,RKPI3RZGV1V1FJTH5T61,91576,2014.0,Q2,2014-04-01,2014-06-30,2015-08-03 12:27:11+00:00,9000000.0,0.24,0.24,0.065,31000000.0,0.24,,,76000000.0,99000000.0,95000000.0,531000000.0,33000000.0,13000000.0,225000000.0,253000000.0,-28000000.0,219000000.0,6000000.0,573000000.0,143000000.0,62000000.0,6000000.0,28000000.0,127000000.0,225000000.0,,6000000.0,12000000.0,389000000.0,41000000.0,2000000.0,66000000.0,639000000.0,687000000.0,455000000.0,329000000.0,1028000000.0,7000000.0,,912500000.0,875298000.0,902137000.0
KeyCorp,KEY,RKPI3RZGV1V1FJTH5T61,91576,2014.0,Q1TTM,2013-04-01,2014-03-31,,42000000.0,1.03,1.03,0.22,145000000.0,1.02,2000000.0,,293000000.0,338000000.0,394000000.0,2142000000.0,122000000.0,50000000.0,947000000.0,906000000.0,41000000.0,948000000.0,-1000000.0,2305000000.0,577000000.0,189000000.0,26000000.0,116000000.0,495000000.0,1059000000.0,,28000000.0,87000000.0,1606000000.0,169000000.0,9000000.0,278000000.0,2583000000.0,2795000000.0,1776000000.0,1199000000.0,4081000000.0,21000000.0,-95000000.0,896300000.0,884727000.0,891890000.0
KeyCorp,KEY,RKPI3RZGV1V1FJTH5T61,91576,2014.0,Q1,2014-01-01,2014-03-31,2015-05-05 16:04:41+00:00,10000000.0,0.27,0.27,0.055,32000000.0,0.26,1000000.0,,92000000.0,84000000.0,95000000.0,523000000.0,32000000.0,5000000.0,242000000.0,238000000.0,4000000.0,242000000.0,,563000000.0,136000000.0,53000000.0,6000000.0,26000000.0,119000000.0,230000000.0,,6000000.0,4000000.0,388000000.0,42000000.0,2000000.0,67000000.0,630000000.0,664000000.0,435000000.0,330000000.0,998000000.0,6000000.0,,896300000.0,884727000.0,891890000.0
KeyCorp,KEY,RKPI3RZGV1V1FJTH5T61,91576,2015.0,FY,2015-01-01,2015-12-31,2018-02-26 09:19:48+00:00,36000000.0,1.06,1.06,0.29,105000000.0,1.05,0.0,,303000000.0,445000000.0,397000000.0,2186000000.0,160000000.0,57000000.0,920000000.0,919000000.0,1000000.0,916000000.0,4000000.0,2348000000.0,554000000.0,124000000.0,18000000.0,127000000.0,509000000.0,986000000.0,,32000000.0,166000000.0,1652000000.0,198000000.0,9000000.0,274000000.0,2622000000.0,2840000000.0,1880000000.0,1222000000.0,4228000000.0,21000000.0,,864200000.0,836846000.0,844489000.0
KeyCorp,KEY,RKPI3RZGV1V1FJTH5T61,91576,2015.0,Q4,2015-10-01,2015-12-31,,9000000.0,0.25,0.25,0.07,26000000.0,0.27,,,73000000.0,127000000.0,103000000.0,560000000.0,42000000.0,17000000.0,229000000.0,233000000.0,-4000000.0,226000000.0,3000000.0,602000000.0,142000000.0,15000000.0,4000000.0,36000000.0,131000000.0,252000000.0,,8000000.0,45000000.0,429000000.0,55000000.0,3000000.0,71000000.0,673000000.0,736000000.0,485000000.0,306000000.0,1087000000.0,6000000.0,,864200000.0,836846000.0,844489000.0
KeyCorp,KEY,RKPI3RZGV1V1FJTH5T61,91576,2015.0,Q3,2015-07-01,2015-09-30,2016-11-07 16:11:33+00:00,9000000.0,0.26,0.26,0.075,27000000.0,0.25,,,72000000.0,109000000.0,100000000.0,552000000.0,41000000.0,17000000.0,217000000.0,220000000.0,-3000000.0,219000000.0,-2000000.0,591000000.0,134000000.0,26000000.0,4000000.0,30000000.0,130000000.0,248000000.0,,8000000.0,45000000.0,426000000.0,57000000.0,2000000.0,70000000.0,661000000.0,724000000.0,470000000.0,292000000.0,1061000000.0,5000000.0,,842300000.0,831430000.0,838880000.0
KeyCorp,KEY,RKPI3RZGV1V1FJTH5T61,91576,2015.0,Q3YTD,2015-01-01,2015-09-30,,27000000.0,0.81,0.81,0.22,79000000.0,0.78,,,230000000.0,318000000.0,294000000.0,1626000000.0,118000000.0,40000000.0,691000000.0,686000000.0,5000000.0,690000000.0,1000000.0,1746000000.0,412000000.0,109000000.0,14000000.0,91000000.0,378000000.0,734000000.0,,24000000.0,121000000.0,1223000000.0,143000000.0,6000000.0,203000000.0,1949000000.0,2104000000.0,1395000000.0,916000000.0,3141000000.0,15000000.0,,842300000.0,831430000.0,838880000.0
KeyCorp,KEY,RKPI3RZGV1V1FJTH5T61,91576,2015.0,Q3TTM,2014-10-01,2015-09-30,,37000000.0,1.1,1.1,0.28,105000000.0,1.06,,,324000000.0,444000000.0,386000000.0,2168000000.0,153000000.0,56000000.0,945000000.0,938000000.0,7000000.0,943000000.0,2000000.0,2328000000.0,549000000.0,142000000.0,20000000.0,129000000.0,501000000.0,974000000.0,,33000000.0,143000000.0,1632000000.0,196000000.0,9000000.0,267000000.0,2595000000.0,2808000000.0,1885000000.0,1262000000.0,4213000000.0,21000000.0,,842300000.0,831430000.0,838880000.0
KeyCorp,KEY,RKPI3RZGV1V1FJTH5T61,91576,2015.0,Q2,2015-04-01,2015-06-30,2016-08-05 12:47:29+00:00,9000000.0,0.28,0.28,0.075,26000000.0,0.27,,,84000000.0,141000000.0,98000000.0,544000000.0,40000000.0,15000000.0,239000000.0,236000000.0,3000000.0,238000000.0,1000000.0,584000000.0,142000000.0,35000000.0,5000000.0,30000000.0,129000000.0,239000000.0,,8000000.0,41000000.0,408000000.0,43000000.0,2000000.0,68000000.0,652000000.0,711000000.0,488000000.0,320000000.0,1072000000.0,5000000.0,,850000000.0,839454000.0,846312000.0
KeyCorp,KEY,RKPI3RZGV1V1FJTH5T61,91576,2015.0,Q2YTD,2015-01-01,2015-06-30,,18000000.0,0.55,0.55,0.14,52000000.0,0.53,,,158000000.0,209000000.0,194000000.0,1074000000.0,77000000.0,23000000.0,474000000.0,466000000.0,8000000.0,471000000.0,3000000.0,1155000000.0,278000000.0,83000000.0,10000000.0,61000000.0,248000000.0,486000000.0,,16000000.0,76000000.0,797000000.0,86000000.0,4000000.0,133000000.0,1288000000.0,1380000000.0,925000000.0,624000000.0,2080000000.0,10000000.0,,850000000.0,839454000.0,846312000.0
KeyCorp,KEY,RKPI3RZGV1V1FJTH5T61,91576,2015.0,Q2TTM,2014-07-01,2015-06-30,,38000000.0,1.05,1.05,0.27,106000000.0,1.02,1000000.0,,316000000.0,423000000.0,380000000.0,2151000000.0,145000000.0,54000000.0,914000000.0,921000000.0,-7000000.0,910000000.0,4000000.0,2312000000.0,556000000.0,142000000.0,20000000.0,125000000.0,497000000.0,961000000.0,,34000000.0,117000000.0,1611000000.0,181000000.0,9000000.0,261000000.0,2573000000.0,2790000000.0,1832000000.0,1237000000.0,4144000000.0,22000000.0,,850000000.0,839454000.0,846312000.0
KeyCorp,KEY,RKPI3RZGV1V1FJTH5T61,91576,2015.0,Q1,2015-01-01,2015-03-31,2016-05-05 13:19:57+00:00,9000000.0,0.27,0.27,0.065,26000000.0,0.26,,,74000000.0,68000000.0,96000000.0,530000000.0,37000000.0,8000000.0,235000000.0,230000000.0,5000000.0,233000000.0,2000000.0,571000000.0,136000000.0,48000000.0,5000000.0,31000000.0,119000000.0,247000000.0,,8000000.0,35000000.0,389000000.0,43000000.0,2000000.0,65000000.0,636000000.0,669000000.0,437000000.0,304000000.0,1008000000.0,5000000.0,,863000000.0,848580000.0,857122000.0
KeyCorp,KEY,RKPI3RZGV1V1FJTH5T61,91576,2015.0,Q1TTM,2014-04-01,2015-03-31,,38000000.0,1.01,1.01,0.26,111000000.0,0.99,1000000.0,,308000000.0,381000000.0,377000000.0,2138000000.0,138000000.0,52000000.0,900000000.0,938000000.0,-38000000.0,891000000.0,9000000.0,2301000000.0,557000000.0,169000000.0,21000000.0,123000000.0,495000000.0,947000000.0,,32000000.0,88000000.0,1592000000.0,179000000.0,9000000.0,259000000.0,2560000000.0,2766000000.0,1799000000.0,1246000000.0,4100000000.0,24000000.0,,863000000.0,848580000.0,857122000.0
KeyCorp,KEY,RKPI3RZGV1V1FJTH5T61,91576,2016.0,FY,2016-01-01,2016-12-31,2019-02-25 16:47:00+00:00,55000000.0,0.81,0.81,0.33,171000000.0,0.8,1000000.0,,179000000.0,482000000.0,496000000.0,2807000000.0,218000000.0,101000000.0,790000000.0,789000000.0,1000000.0,791000000.0,-1000000.0,2919000000.0,717000000.0,62000000.0,16000000.0,375000000.0,774000000.0,171000000.0,,61000000.0,266000000.0,2048000000.0,517000000.0,10000000.0,400000000.0,3319000000.0,3756000000.0,2071000000.0,968000000.0,4990000000.0,,464000000.0,976500000.0,927816000.0,938536000.0
KeyCorp,KEY,RKPI3RZGV1V1FJTH5T61,91576,2016.0,Q4,2016-10-01,2016-12-31,,27000000.0,0.19,0.19,0.08,57000000.0,0.18,1000000.0,,38000000.0,157000000.0,164000000.0,909000000.0,63000000.0,35000000.0,228000000.0,232000000.0,-4000000.0,229000000.0,-1000000.0,938000000.0,256000000.0,5000000.0,6000000.0,290000000.0,256000000.0,-661000000.0,,23000000.0,66000000.0,623000000.0,363000000.0,3000000.0,124000000.0,1062000000.0,1220000000.0,618000000.0,270000000.0,1556000000.0,-17000000.0,464000000.0,976500000.0,927816000.0,938536000.0
KeyCorp,KEY,RKPI3RZGV1V1FJTH5T61,91576,2016.0,Q3,2016-07-01,2016-09-30,2017-11-01 16:28:57+00:00,13000000.0,0.17,0.17,0.085,49000000.0,0.17,0.0,,16000000.0,156000000.0,125000000.0,756000000.0,59000000.0,32000000.0,173000000.0,172000000.0,1000000.0,172000000.0,1000000.0,780000000.0,184000000.0,11000000.0,5000000.0,29000000.0,238000000.0,302000000.0,,21000000.0,59000000.0,594000000.0,51000000.0,2000000.0,110000000.0,890000000.0,1082000000.0,549000000.0,188000000.0,1329000000.0,4000000.0,,1011800000.0,982080000.0,994660000.0
KeyCorp,KEY,RKPI3RZGV1V1FJTH5T61,91576,2016.0,Q3YTD,2016-01-01,2016-09-30,,28000000.0,0.62,0.62,0.25,114000000.0,0.62,,,141000000.0,325000000.0,332000000.0,1898000000.0,155000000.0,66000000.0,562000000.0,557000000.0,5000000.0,562000000.0,,1981000000.0,461000000.0,57000000.0,10000000.0,85000000.0,518000000.0,832000000.0,,38000000.0,200000000.0,1425000000.0,154000000.0,7000000.0,276000000.0,2257000000.0,2536000000.0,1453000000.0,698000000.0,3434000000.0,17000000.0,,1011800000.0,982080000.0,994660000.0
KeyCorp,KEY,RKPI3RZGV1V1FJTH5T61,91576,2016.0,Q3TTM,2015-10-01,2016-09-30,,37000000.0,0.87,0.87,0.32,140000000.0,0.89,,,214000000.0,452000000.0,435000000.0,2458000000.0,197000000.0,83000000.0,791000000.0,790000000.0,1000000.0,788000000.0,3000000.0,2583000000.0,603000000.0,72000000.0,14000000.0,121000000.0,649000000.0,1084000000.0,,46000000.0,245000000.0,1854000000.0,209000000.0,10000000.0,347000000.0,2930000000.0,3272000000.0,1938000000.0,1004000000.0,4521000000.0,23000000.0,,1011800000.0,982080000.0,994660000.0
KeyCorp,KEY,RKPI3RZGV1V1FJTH5T61,91576,2016.0,Q2,2016-04-01,2016-06-30,2017-08-04 16:33:38+00:00,7000000.0,0.23,0.23,0.085,34000000.0,0.23,0.0,,69000000.0,98000000.0,104000000.0,572000000.0,50000000.0,22000000.0,201000000.0,198000000.0,3000000.0,202000000.0,-1000000.0,597000000.0,139000000.0,29000000.0,2000000.0,28000000.0,148000000.0,265000000.0,,8000000.0,52000000.0,427000000.0,53000000.0,3000000.0,87000000.0,684000000.0,751000000.0,473000000.0,267000000.0,1070000000.0,6000000.0,,878300000.0,831899000.0,838496000.0
KeyCorp,KEY,RKPI3RZGV1V1FJTH5T61,91576,2016.0,Q2YTD,2016-01-01,2016-06-30,,15000000.0,0.45,0.45,0.16,65000000.0,0.45,,,125000000.0,169000000.0,207000000.0,1142000000.0,96000000.0,34000000.0,389000000.0,385000000.0,4000000.0,390000000.0,-1000000.0,1201000000.0,277000000.0,46000000.0,5000000.0,56000000.0,280000000.0,530000000.0,,17000000.0,141000000.0,831000000.0,103000000.0,5000000.0,166000000.0,1367000000.0,1454000000.0,904000000.0,510000000.0,2105000000.0,13000000.0,,878300000.0,831899000.0,838496000.0
KeyCorp,KEY,RKPI3RZGV1V1FJTH5T61,91576,2016.0,Q2TTM,2015-07-01,2016-06-30,,33000000.0,0.96,0.96,0.31,118000000.0,0.97,,,270000000.0,405000000.0,410000000.0,2254000000.0,179000000.0,68000000.0,835000000.0,838000000.0,-3000000.0,835000000.0,,2394000000.0,553000000.0,87000000.0,13000000.0,122000000.0,541000000.0,1030000000.0,,33000000.0,231000000.0,1686000000.0,215000000.0,10000000.0,307000000.0,2701000000.0,2914000000.0,1859000000.0,1108000000.0,4253000000.0,24000000.0,,878300000.0,831899000.0,838496000.0
KeyCorp,KEY,RKPI3RZGV1V1FJTH5T61,91576,2016.0,Q1,2016-01-01,2016-03-31,2017-05-05 14:22:55+00:00,8000000.0,0.22,0.22,0.075,31000000.0,0.22,0.0,,56000000.0,71000000.0,103000000.0,570000000.0,46000000.0,12000000.0,188000000.0,187000000.0,1000000.0,188000000.0,0.0,604000000.0,138000000.0,17000000.0,3000000.0,28000000.0,132000000.0,265000000.0,,9000000.0,89000000.0,404000000.0,50000000.0,2000000.0,79000000.0,683000000.0,703000000.0,431000000.0,243000000.0,1035000000.0,7000000.0,,854500000.0,827381000.0,835060000.0
KeyCorp,KEY,RKPI3RZGV1V1FJTH5T61,91576,2016.0,Q1TTM,2015-04-01,2016-03-31,,35000000.0,1.01,1.01,0.3,110000000.0,1.01,,,285000000.0,448000000.0,404000000.0,2226000000.0,169000000.0,61000000.0,873000000.0,876000000.0,-3000000.0,871000000.0,2000000.0,2381000000.0,556000000.0,93000000.0,16000000.0,124000000.0,522000000.0,1004000000.0,,33000000.0,220000000.0,1667000000.0,205000000.0,9000000.0,288000000.0,2669000000.0,2874000000.0,1874000000.0,1161000000.0,4255000000.0,23000000.0,,854500000.0,827381000.0,835060000.0
KeyCorp,KEY,RKPI3RZGV1V1FJTH5T61,91576,2017.0,FY,2017-01-01,2017-12-31,2020-02-26 16:03:07+00:00,95000000.0,1.14,1.14,0.38,278000000.0,1.13,1000000.0,,637000000.0,603000000.0,644000000.0,3729000000.0,319000000.0,120000000.0,1298000000.0,1291000000.0,7000000.0,1296000000.0,2000000.0,3777000000.0,762000000.0,96000000.0,17000000.0,444000000.0,761000000.0,224000000.0,,82000000.0,229000000.0,2278000000.0,576000000.0,15000000.0,613000000.0,4390000000.0,4098000000.0,2478000000.0,1928000000.0,6255000000.0,,535000000.0,1136800000.0,1072078000.0,1088593000.0
KeyCorp,KEY,RKPI3RZGV1V1FJTH5T61,91576,2017.0,Q4,2017-10-01,2017-12-31,,26000000.0,0.17,0.17,0.1,82000000.0,0.18,,,251000000.0,200000000.0,179000000.0,937000000.0,91000000.0,35000000.0,197000000.0,196000000.0,1000000.0,196000000.0,1000000.0,938000000.0,205000000.0,27000000.0,5000000.0,192000000.0,202000000.0,-261000000.0,,20000000.0,49000000.0,610000000.0,232000000.0,3000000.0,176000000.0,1114000000.0,1098000000.0,656000000.0,447000000.0,1594000000.0,-7000000.0,266000000.0,1136800000.0,1072078000.0,1088593000.0
KeyCorp,KEY,RKPI3RZGV1V1FJTH5T61,91576,2017.0,Q3,2017-07-01,2017-09-30,2018-11-01 17:28:29+00:00,25000000.0,0.32,0.32,0.095,72000000.0,0.32,0.0,,134000000.0,141000000.0,159000000.0,945000000.0,86000000.0,34000000.0,364000000.0,363000000.0,1000000.0,364000000.0,0.0,948000000.0,183000000.0,16000000.0,5000000.0,113000000.0,170000000.0,42000000.0,,21000000.0,51000000.0,559000000.0,145000000.0,3000000.0,161000000.0,1109000000.0,992000000.0,592000000.0,497000000.0,1540000000.0,,135000000.0,1137500000.0,1073390000.0,1088841000.0
KeyCorp,KEY,RKPI3RZGV1V1FJTH5T61,91576,2017.0,Q3YTD,2017-01-01,2017-09-30,,69000000.0,0.97,0.97,0.28,196000000.0,0.95,1000000.0,,386000000.0,403000000.0,465000000.0,2792000000.0,228000000.0,85000000.0,1101000000.0,1095000000.0,6000000.0,1100000000.0,1000000.0,2839000000.0,557000000.0,69000000.0,12000000.0,252000000.0,559000000.0,485000000.0,,62000000.0,180000000.0,1668000000.0,344000000.0,12000000.0,437000000.0,3276000000.0,3000000000.0,1822000000.0,1481000000.0,4661000000.0,7000000.0,269000000.0,1137500000.0,1073390000.0,1088841000.0
KeyCorp,KEY,RKPI3RZGV1V1FJTH5T61,91576,2017.0,Q3TTM,2016-10-01,2017-09-30,,96000000.0,1.16,1.16,0.36,253000000.0,1.13,2000000.0,,424000000.0,560000000.0,629000000.0,3701000000.0,291000000.0,120000000.0,1329000000.0,1327000000.0,2000000.0,1329000000.0,,3777000000.0,813000000.0,74000000.0,18000000.0,542000000.0,815000000.0,-176000000.0,,85000000.0,246000000.0,2291000000.0,707000000.0,15000000.0,561000000.0,4338000000.0,4220000000.0,2440000000.0,1751000000.0,6217000000.0,-10000000.0,733000000.0,1137500000.0,1073390000.0,1088841000.0
KeyCorp,KEY,RKPI3RZGV1V1FJTH5T61,91576,2017.0,Q2,2017-04-01,2017-06-30,2018-08-02 16:58:06+00:00,22000000.0,0.37,0.37,0.095,66000000.0,0.36,0.0,,158000000.0,135000000.0,157000000.0,957000000.0,74000000.0,30000000.0,412000000.0,407000000.0,5000000.0,412000000.0,0.0,973000000.0,181000000.0,30000000.0,3000000.0,109000000.0,188000000.0,100000000.0,,21000000.0,66000000.0,553000000.0,145000000.0,4000000.0,144000000.0,1117000000.0,995000000.0,653000000.0,565000000.0,1626000000.0,,134000000.0,1113500000.0,1076203000.0,1093039000.0
KeyCorp,KEY,RKPI3RZGV1V1FJTH5T61,91576,2017.0,Q2YTD,2017-01-01,2017-06-30,,44000000.0,0.65,0.65,0.18,124000000.0,0.63,1000000.0,,252000000.0,262000000.0,306000000.0,1847000000.0,142000000.0,51000000.0,737000000.0,732000000.0,5000000.0,736000000.0,1000000.0,1891000000.0,374000000.0,53000000.0,7000000.0,139000000.0,389000000.0,443000000.0,,41000000.0,129000000.0,1109000000.0,199000000.0,9000000.0,276000000.0,2167000000.0,2008000000.0,1230000000.0,984000000.0,3121000000.0,7000000.0,134000000.0,1113500000.0,1076203000.0,1093039000.0
KeyCorp,KEY,RKPI3RZGV1V1FJTH5T61,91576,2017.0,Q2TTM,2016-07-01,2017-06-30,,84000000.0,1.01,1.01,0.35,230000000.0,0.98,2000000.0,,306000000.0,575000000.0,595000000.0,3512000000.0,264000000.0,118000000.0,1138000000.0,1136000000.0,2000000.0,1137000000.0,1000000.0,3609000000.0,814000000.0,69000000.0,18000000.0,458000000.0,883000000.0,84000000.0,,85000000.0,254000000.0,2326000000.0,613000000.0,14000000.0,510000000.0,4119000000.0,4310000000.0,2397000000.0,1442000000.0,6006000000.0,-6000000.0,598000000.0,1113500000.0,1076203000.0,1093039000.0
KeyCorp,KEY,RKPI3RZGV1V1FJTH5T61,91576,2017.0,Q1,2017-01-01,2017-03-31,2018-05-03 16:49:40+00:00,22000000.0,0.28,0.28,0.085,58000000.0,0.27,1000000.0,,94000000.0,127000000.0,149000000.0,890000000.0,68000000.0,21000000.0,325000000.0,325000000.0,0.0,324000000.0,1000000.0,918000000.0,193000000.0,23000000.0,4000000.0,30000000.0,201000000.0,343000000.0,,20000000.0,63000000.0,556000000.0,54000000.0,5000000.0,132000000.0,1050000000.0,1013000000.0,577000000.0,419000000.0,1495000000.0,7000000.0,,1157100000.0,1068609000.0,1086540000.0
KeyCorp,KEY,RKPI3RZGV1V1FJTH5T61,91576,2017.0,Q1TTM,2016-04-01,2017-03-31,,69000000.0,0.87,0.87,0.34,198000000.0,0.85,2000000.0,,217000000.0,538000000.0,542000000.0,3127000000.0,240000000.0,110000000.0,927000000.0,927000000.0,,927000000.0,,3233000000.0,772000000.0,68000000.0,17000000.0,377000000.0,843000000.0,249000000.0,,72000000.0,240000000.0,2200000000.0,521000000.0,13000000.0,453000000.0,3686000000.0,4066000000.0,2217000000.0,1144000000.0,5450000000.0,,464000000.0,1157100000.0,1068609000.0,1086540000.0
KeyCorp,KEY,RKPI3RZGV1V1FJTH5T61,91576,2018.0,FY,2018-01-01,2018-12-31,2020-02-26 16:03:07+00:00,99000000.0,1.73,1.73,0.565,517000000.0,1.71,11000000.0,,344000000.0,650000000.0,768000000.0,4089000000.0,420000000.0,102000000.0,1866000000.0,1859000000.0,7000000.0,1866000000.0,0.0,3909000000.0,743000000.0,89000000.0,21000000.0,437000000.0,650000000.0,258000000.0,,72000000.0,246000000.0,2309000000.0,582000000.0,21000000.0,969000000.0,4878000000.0,3975000000.0,2515000000.0,2203000000.0,6424000000.0,,499000000.0,1078600000.0,1040890000.0,1054682000.0
KeyCorp,KEY,RKPI3RZGV1V1FJTH5T61,91576,2018.0,Q4,2018-10-01,2018-12-31,,22000000.0,0.46,0.46,0.17,174000000.0,0.44,1000000.0,,92000000.0,186000000.0,209000000.0,1084000000.0,118000000.0,25000000.0,484000000.0,482000000.0,2000000.0,484000000.0,,1000000000.0,188000000.0,28000000.0,4000000.0,114000000.0,192000000.0,54000000.0,,9000000.0,59000000.0,576000000.0,142000000.0,4000000.0,297000000.0,1297000000.0,1012000000.0,645000000.0,574000000.0,1645000000.0,,121000000.0,1078600000.0,1040890000.0,1054682000.0
KeyCorp,KEY,RKPI3RZGV1V1FJTH5T61,91576,2018.0,Q3,2018-07-01,2018-09-30,2019-10-31 16:09:12+00:00,23000000.0,0.45,0.45,0.17,140000000.0,0.45,1000000.0,,87000000.0,166000000.0,196000000.0,1037000000.0,108000000.0,26000000.0,482000000.0,482000000.0,0.0,482000000.0,0.0,986000000.0,186000000.0,35000000.0,6000000.0,112000000.0,155000000.0,42000000.0,,21000000.0,62000000.0,553000000.0,137000000.0,4000000.0,253000000.0,1239000000.0,964000000.0,609000000.0,569000000.0,1595000000.0,,117000000.0,1071100000.0,1036479000.0,1049976000.0
KeyCorp,KEY,RKPI3RZGV1V1FJTH5T61,91576,2018.0,Q3YTD,2018-01-01,2018-09-30,,77000000.0,1.27,1.27,0.4,343000000.0,1.27,10000000.0,,252000000.0,464000000.0,559000000.0,3005000000.0,302000000.0,77000000.0,1382000000.0,1377000000.0,5000000.0,1382000000.0,,2909000000.0,555000000.0,61000000.0,17000000.0,323000000.0,458000000.0,204000000.0,,63000000.0,187000000.0,1733000000.0,440000000.0,17000000.0,672000000.0,3581000000.0,2963000000.0,1870000000.0,1629000000.0,4779000000.0,,378000000.0,1071100000.0,1036479000.0,1049976000.0
KeyCorp,KEY,RKPI3RZGV1V1FJTH5T61,91576,2018.0,Q3TTM,2017-10-01,2018-09-30,,103000000.0,1.44,1.44,0.5,425000000.0,1.45,10000000.0,,503000000.0,664000000.0,738000000.0,3942000000.0,393000000.0,112000000.0,1579000000.0,1573000000.0,6000000.0,1578000000.0,1000000.0,3847000000.0,760000000.0,88000000.0,22000000.0,515000000.0,660000000.0,-57000000.0,,83000000.0,236000000.0,2343000000.0,672000000.0,20000000.0,848000000.0,4695000000.0,4061000000.0,2526000000.0,2076000000.0,6373000000.0,-7000000.0,644000000.0,1071100000.0,1036479000.0,1049976000.0
KeyCorp,KEY,RKPI3RZGV1V1FJTH5T61,91576,2018.0,Q2,2018-04-01,2018-06-30,2019-08-01 17:20:49+00:00,25000000.0,0.44,0.44,0.12,112000000.0,0.44,5000000.0,,103000000.0,155000000.0,184000000.0,1016000000.0,102000000.0,26000000.0,482000000.0,479000000.0,3000000.0,482000000.0,0.0,979000000.0,186000000.0,-6000000.0,5000000.0,110000000.0,149000000.0,121000000.0,,21000000.0,64000000.0,586000000.0,152000000.0,7000000.0,226000000.0,1205000000.0,993000000.0,660000000.0,582000000.0,1639000000.0,,128000000.0,1095500000.0,1052652000.0,1065793000.0
KeyCorp,KEY,RKPI3RZGV1V1FJTH5T61,91576,2018.0,Q2YTD,2018-01-01,2018-06-30,,54000000.0,0.82,0.82,0.22,203000000.0,0.82,9000000.0,,165000000.0,298000000.0,363000000.0,1968000000.0,194000000.0,51000000.0,900000000.0,895000000.0,5000000.0,900000000.0,,1923000000.0,369000000.0,26000000.0,11000000.0,211000000.0,303000000.0,162000000.0,,42000000.0,125000000.0,1180000000.0,303000000.0,13000000.0,419000000.0,2342000000.0,1999000000.0,1261000000.0,1060000000.0,3184000000.0,,261000000.0,1095500000.0,1052652000.0,1065793000.0
KeyCorp,KEY,RKPI3RZGV1V1FJTH5T61,91576,2018.0,Q2TTM,2017-07-01,2018-06-30,,105000000.0,1.31,1.31,0.43,357000000.0,1.32,9000000.0,,550000000.0,639000000.0,701000000.0,3850000000.0,371000000.0,120000000.0,1461000000.0,1454000000.0,7000000.0,1460000000.0,1000000.0,3809000000.0,757000000.0,69000000.0,21000000.0,516000000.0,675000000.0,-57000000.0,,83000000.0,225000000.0,2349000000.0,680000000.0,19000000.0,756000000.0,4565000000.0,4089000000.0,2509000000.0,2004000000.0,6318000000.0,-7000000.0,662000000.0,1095500000.0,1052652000.0,1065793000.0
KeyCorp,KEY,RKPI3RZGV1V1FJTH5T61,91576,2018.0,Q1,2018-01-01,2018-03-31,2019-05-03 17:18:55+00:00,29000000.0,0.38,0.38,0.105,91000000.0,0.38,4000000.0,,62000000.0,143000000.0,179000000.0,952000000.0,92000000.0,25000000.0,418000000.0,416000000.0,2000000.0,418000000.0,0.0,944000000.0,183000000.0,32000000.0,6000000.0,101000000.0,154000000.0,41000000.0,,21000000.0,61000000.0,594000000.0,151000000.0,6000000.0,193000000.0,1137000000.0,1006000000.0,601000000.0,478000000.0,1545000000.0,,133000000.0,1100000000.0,1056037000.0,1071786000.0
KeyCorp,KEY,RKPI3RZGV1V1FJTH5T61,91576,2018.0,Q1TTM,2017-04-01,2018-03-31,,102000000.0,1.24,1.24,0.4,311000000.0,1.24,4000000.0,,605000000.0,619000000.0,674000000.0,3791000000.0,343000000.0,124000000.0,1391000000.0,1382000000.0,9000000.0,1390000000.0,1000000.0,3803000000.0,752000000.0,105000000.0,19000000.0,515000000.0,714000000.0,-78000000.0,,83000000.0,227000000.0,2316000000.0,673000000.0,16000000.0,674000000.0,4477000000.0,4091000000.0,2502000000.0,1987000000.0,6305000000.0,-7000000.0,668000000.0,1100000000.0,1056037000.0,1071786000.0
KeyCorp,KEY,RKPI3RZGV1V1FJTH5T61,91576,2019.0,Q4,2019-10-01,2019-12-31,,19000000.0,0.46,0.46,0.18,201000000.0,0.45,1000000.0,,75000000.0,181000000.0,220000000.0,1063000000.0,100000000.0,27000000.0,469000000.0,466000000.0,3000000.0,469000000.0,,979000000.0,184000000.0,39000000.0,2000000.0,117000000.0,191000000.0,43000000.0,,8000000.0,109000000.0,551000000.0,151000000.0,4000000.0,306000000.0,1285000000.0,980000000.0,651000000.0,541000000.0,1630000000.0,,120000000.0,1053400000.0,992091000.0,1002254000.0
KeyCorp,KEY,RKPI3RZGV1V1FJTH5T61,91576,2019.0,FY,2019-01-01,2019-12-31,2020-02-26 16:03:07+00:00,89000000.0,1.63,1.63,0.71,853000000.0,1.62,2000000.0,,314000000.0,630000000.0,892000000.0,4330000000.0,454000000.0,96000000.0,1717000000.0,1708000000.0,9000000.0,1717000000.0,0.0,3909000000.0,730000000.0,162000000.0,13000000.0,457000000.0,705000000.0,162000000.0,,31000000.0,445000000.0,2250000000.0,573000000.0,17000000.0,1326000000.0,5235000000.0,3901000000.0,2459000000.0,2022000000.0,6368000000.0,,475000000.0,1053400000.0,992091000.0,1002254000.0
KeyCorp,KEY,RKPI3RZGV1V1FJTH5T61,91576,2019.0,Q3YTD,2019-01-01,2019-09-30,,70000000.0,1.17,1.17,0.53,652000000.0,1.17,1000000.0,,239000000.0,449000000.0,672000000.0,3267000000.0,354000000.0,69000000.0,1248000000.0,1242000000.0,6000000.0,1248000000.0,,2930000000.0,546000000.0,123000000.0,11000000.0,340000000.0,514000000.0,119000000.0,,23000000.0,336000000.0,1699000000.0,422000000.0,13000000.0,1020000000.0,3950000000.0,2921000000.0,1808000000.0,1481000000.0,4738000000.0,,355000000.0,1066700000.0,988319000.0,998328000.0
KeyCorp,KEY,RKPI3RZGV1V1FJTH5T61,91576,2019.0,Q3TTM,2018-10-01,2019-09-30,,92000000.0,1.63,1.63,0.7,826000000.0,1.61,2000000.0,,331000000.0,635000000.0,881000000.0,4351000000.0,472000000.0,94000000.0,1732000000.0,1724000000.0,8000000.0,1732000000.0,,3930000000.0,734000000.0,151000000.0,15000000.0,454000000.0,706000000.0,173000000.0,,32000000.0,395000000.0,2275000000.0,564000000.0,17000000.0,1317000000.0,5247000000.0,3933000000.0,2453000000.0,2055000000.0,6383000000.0,,476000000.0,1066700000.0,988319000.0,998328000.0
KeyCorp,KEY,RKPI3RZGV1V1FJTH5T61,91576,2019.0,Q3,2019-07-01,2019-09-30,2019-10-31 16:09:12+00:00,26000000.0,0.39,0.39,0.185,227000000.0,0.39,0.0,,70000000.0,176000000.0,223000000.0,1091000000.0,114000000.0,26000000.0,416000000.0,413000000.0,3000000.0,416000000.0,0.0,972000000.0,185000000.0,42000000.0,3000000.0,115000000.0,148000000.0,50000000.0,,7000000.0,200000000.0,547000000.0,149000000.0,4000000.0,345000000.0,1317000000.0,939000000.0,650000000.0,483000000.0,1622000000.0,,118000000.0,1066700000.0,988319000.0,998328000.0
KeyCorp,KEY,RKPI3RZGV1V1FJTH5T61,91576,2019.0,Q2YTD,2019-01-01,2019-06-30,,44000000.0,0.78,0.78,0.34,425000000.0,0.78,1000000.0,,169000000.0,273000000.0,449000000.0,2176000000.0,240000000.0,43000000.0,832000000.0,829000000.0,3000000.0,832000000.0,,1958000000.0,361000000.0,81000000.0,8000000.0,225000000.0,366000000.0,69000000.0,,16000000.0,136000000.0,1152000000.0,273000000.0,9000000.0,675000000.0,2633000000.0,1982000000.0,1158000000.0,998000000.0,3116000000.0,,237000000.0,1062500000.0,999163000.0,1007964000.0
KeyCorp,KEY,RKPI3RZGV1V1FJTH5T61,91576,2019.0,Q2TTM,2018-07-01,2019-06-30,,89000000.0,1.69,1.69,0.68,739000000.0,1.67,3000000.0,,348000000.0,625000000.0,854000000.0,4297000000.0,466000000.0,94000000.0,1798000000.0,1793000000.0,5000000.0,1798000000.0,,3944000000.0,735000000.0,144000000.0,18000000.0,451000000.0,713000000.0,165000000.0,,46000000.0,257000000.0,2281000000.0,552000000.0,17000000.0,1225000000.0,5169000000.0,3958000000.0,2412000000.0,2141000000.0,6356000000.0,,475000000.0,1062500000.0,999163000.0,1007964000.0
KeyCorp,KEY,RKPI3RZGV1V1FJTH5T61,91576,2019.0,Q2,2019-04-01,2019-06-30,2019-08-01 17:20:49+00:00,22000000.0,0.4,0.4,0.17,223000000.0,0.4,0.0,,87000000.0,163000000.0,228000000.0,1097000000.0,120000000.0,24000000.0,425000000.0,423000000.0,2000000.0,425000000.0,0.0,981000000.0,185000000.0,44000000.0,4000000.0,116000000.0,190000000.0,41000000.0,,9000000.0,74000000.0,589000000.0,136000000.0,5000000.0,348000000.0,1329000000.0,1019000000.0,622000000.0,510000000.0,1603000000.0,,122000000.0,1062500000.0,999163000.0,1007964000.0
KeyCorp,KEY,RKPI3RZGV1V1FJTH5T61,91576,2019.0,Q1,2019-01-01,2019-03-31,2020-05-01 20:29:25+00:00,22000000.0,0.38,0.38,0.17,202000000.0,0.38,1000000.0,,82000000.0,110000000.0,221000000.0,1079000000.0,120000000.0,19000000.0,407000000.0,406000000.0,1000000.0,407000000.0,0.0,977000000.0,176000000.0,37000000.0,4000000.0,109000000.0,176000000.0,28000000.0,,7000000.0,62000000.0,563000000.0,137000000.0,4000000.0,327000000.0,1304000000.0,963000000.0,536000000.0,488000000.0,1513000000.0,,115000000.0,1071100000.0,1006717000.0,1016504000.0
KeyCorp,KEY,RKPI3RZGV1V1FJTH5T61,91576,2019.0,Q1TTM,2018-04-01,2019-03-31,,92000000.0,1.73,1.73,0.63,628000000.0,1.71,8000000.0,,364000000.0,617000000.0,810000000.0,4216000000.0,448000000.0,96000000.0,1855000000.0,1849000000.0,6000000.0,1855000000.0,,3942000000.0,736000000.0,94000000.0,19000000.0,445000000.0,672000000.0,245000000.0,,58000000.0,247000000.0,2278000000.0,568000000.0,19000000.0,1103000000.0,5045000000.0,3932000000.0,2450000000.0,2213000000.0,6392000000.0,,481000000.0,1071100000.0,1006717000.0,1016504000.0
KeyCorp,KEY,RKPI3RZGV1V1FJTH5T61,91576,2020.0,Q1TTM,2019-04-01,2020-03-31,,84000000.0,1.37,1.37,0.73,820000000.0,1.36,7000000.0,,255000000.0,636000000.0,876000000.0,4296000000.0,424000000.0,98000000.0,1456000000.0,1447000000.0,9000000.0,1456000000.0,,3913000000.0,745000000.0,155000000.0,10000000.0,470000000.0,707000000.0,64000000.0,,33000000.0,742000000.0,2202000000.0,582000000.0,18000000.0,1269000000.0,5182000000.0,3869000000.0,2400000000.0,1702000000.0,6313000000.0,,493000000.0,1216700000.0,967446000.0,976110000.0
KeyCorp,KEY,RKPI3RZGV1V1FJTH5T61,91576,2020.0,Q1,2020-01-01,2020-03-31,2020-05-01 20:29:25+00:00,17000000.0,0.12,0.12,0.185,169000000.0,0.12,6000000.0,,23000000.0,116000000.0,205000000.0,1045000000.0,90000000.0,21000000.0,146000000.0,145000000.0,1000000.0,146000000.0,0.0,981000000.0,191000000.0,30000000.0,1000000.0,122000000.0,178000000.0,-70000000.0,,9000000.0,359000000.0,515000000.0,146000000.0,5000000.0,270000000.0,1251000000.0,931000000.0,477000000.0,168000000.0,1458000000.0,,133000000.0,1216700000.0,967446000.0,976110000.0
