company_name,company_ticker,company_lei,company_cik,year,quarter,start_date,end_date,filing_date,basicdilutedeps,basiceps,cashdividendspershare,depreciationexpense,dilutedeps,impairmentexpense,incometaxexpense,investmentsecuritiesinterestincome,longtermdebtinterestexpense,marketingexpense,netincome,netincomecontinuing,netincomediscontinued,netincometocommon,netincometononcontrollinginterest,netinterestincome,netrealizedcapitalgains,nonoperatingincome,otheradjustmentstonetincometocommon,othernoninterestincome,otheroperatingexpenses,otherservicechargeincome,otherspecialcharges,preferreddividends,restructuringcharge,salariesandemployeebenefitsexpense,totalinterestexpense,totalinterestincome,totalnoninterestexpense,totalnoninterestincome,totalpretaxincome,totalrevenue,trustfeeincome,weightedavebasicdilutedsharesos,weightedavebasicsharesos,weightedavedilutedsharesos
Vornado Realty Trust,VNO,,899689,2007.0,FY,2007-01-01,2007-12-31,2010-02-23 08:44:20+00:00,3.18,3.18,,440224000.0,3.05,10375000.0,9179000.0,226425000.0,599804000.0,,607833000.0,540211000.0,67622000.0,484362000.0,66294000.0,-373379000.0,107636000.0,,,2295305000.0,1139511000.0,109938000.0,,57177000.0,,,599804000.0,226425000.0,1590110000.0,2512879000.0,549390000.0,2139500000.0,,152300000.0,151949000.0,158558000.0
Vornado Realty Trust,VNO,,899689,2008.0,FY,2008-01-01,2008-12-31,2011-02-23 08:46:57+00:00,1.96,1.96,,529134000.0,1.91,81447000.0,-204644000.0,-2747000.0,619531000.0,,411445000.0,230520000.0,180925000.0,302206000.0,52148000.0,-622278000.0,-139250000.0,,,2513675000.0,1242506000.0,126816000.0,,57091000.0,,,619531000.0,-2747000.0,1853087000.0,2501241000.0,25876000.0,1878963000.0,,154200000.0,153900000.0,158119000.0
Vornado Realty Trust,VNO,,899689,2008.0,Q3,2008-07-01,2008-09-30,2009-11-03 08:35:40+00:00,0.14,0.14,0.9,136550000.0,0.14,,5244000.0,9638000.0,157646000.0,,43547000.0,42701000.0,846000.0,22736000.0,6540000.0,-148008000.0,-12956000.0,,,645313000.0,325609000.0,30755000.0,,14271000.0,5000000.0,,157646000.0,9638000.0,467159000.0,663112000.0,47945000.0,515104000.0,,162400000.0,162400000.0,162400000.0
Vornado Realty Trust,VNO,,899689,2009.0,FY,2009-01-01,2009-12-31,2012-02-27 16:53:28+00:00,0.28,0.28,0.0,519534000.0,0.28,73763000.0,20642000.0,-116350000.0,617768000.0,0.0,128450000.0,78521000.0,49929000.0,49093000.0,22281000.0,-734118000.0,52116000.0,,,2500265000.0,230584000.0,155326000.0,1050545000.0,57076000.0,,,617768000.0,-116350000.0,1874426000.0,2707707000.0,99163000.0,1973589000.0,0.0,175300000.0,171595000.0,173503000.0
Vornado Realty Trust,VNO,,899689,2009.0,Q4,2009-10-01,2009-12-31,,-0.94,-0.94,-2.55,120689000.0,-0.92,73763000.0,4869000.0,-52742000.0,142740000.0,,-143450000.0,-144103000.0,653000.0,-151192000.0,-6527000.0,-195482000.0,-95129000.0,,,574974000.0,-764358000.0,57042000.0,1050545000.0,14269000.0,,,142740000.0,-52742000.0,480639000.0,536887000.0,-139234000.0,341405000.0,,175300000.0,171595000.0,173503000.0
Vornado Realty Trust,VNO,,899689,2009.0,Q3YTD,2009-01-01,2009-09-30,,1.22,1.22,2.55,398845000.0,1.2,,15773000.0,-63608000.0,475028000.0,,271900000.0,222624000.0,49276000.0,200285000.0,28808000.0,-538636000.0,147245000.0,,,1925291000.0,994942000.0,98284000.0,,42807000.0,,,475028000.0,-63608000.0,1393787000.0,2170820000.0,238397000.0,1632184000.0,,178000000.0,178689000.0,180977000.0
Vornado Realty Trust,VNO,,899689,2009.0,Q3,2009-07-01,2009-09-30,2010-11-02 08:33:44+00:00,0.71,0.71,0.65,130503000.0,0.7,0.0,5267000.0,20486000.0,158205000.0,,155844000.0,112523000.0,43321000.0,126348000.0,15227000.0,-137719000.0,32429000.0,,,639584000.0,317636000.0,31635000.0,,14269000.0,,,158205000.0,20486000.0,448139000.0,703648000.0,117790000.0,565929000.0,,178000000.0,178689000.0,180977000.0
Vornado Realty Trust,VNO,,899689,2009.0,Q2,2009-04-01,2009-06-30,2010-08-23 16:52:23+00:00,-0.3,-0.3,0.95,136686000.0,-0.3,0.0,5457000.0,-98153000.0,159063000.0,,-40375000.0,-43738000.0,3363000.0,-51904000.0,-2740000.0,-257216000.0,1174000.0,,,637891000.0,319343000.0,35899000.0,,14269000.0,,,159063000.0,-98153000.0,456029000.0,674964000.0,-38281000.0,417748000.0,,173000000.0,171530000.0,171530000.0
Vornado Realty Trust,VNO,,899689,2009.0,Q2YTD,2009-01-01,2009-06-30,,0.51,0.51,1.9,268342000.0,0.5,,10506000.0,-84094000.0,316823000.0,,116056000.0,110101000.0,5955000.0,73937000.0,13581000.0,-400917000.0,114816000.0,,,1285707000.0,677306000.0,66649000.0,,28538000.0,,,316823000.0,-84094000.0,945648000.0,1467172000.0,120607000.0,1066255000.0,,173000000.0,171530000.0,171530000.0
Vornado Realty Trust,VNO,,899689,2009.0,Q1,2009-01-01,2009-03-31,2010-05-04 08:29:43+00:00,0.81,0.81,0.95,131656000.0,0.8,,5049000.0,14059000.0,157760000.0,,156431000.0,153839000.0,2592000.0,125841000.0,16321000.0,-143701000.0,113642000.0,,,647816000.0,357963000.0,30750000.0,,14269000.0,,,157760000.0,14059000.0,489619000.0,792208000.0,158888000.0,648507000.0,,155400000.0,155991000.0,157103000.0
Vornado Realty Trust,VNO,,899689,2010.0,Q4,2010-10-01,2010-12-31,,1.33,1.33,-1.95,97229000.0,1.32,106607000.0,6144000.0,169591000.0,115907000.0,,282144000.0,258394000.0,23750000.0,243414000.0,25171000.0,53684000.0,142749000.0,,,460174000.0,-216664000.0,41605000.0,446502000.0,13559000.0,,,115907000.0,169591000.0,433674000.0,644528000.0,264538000.0,698212000.0,,182500000.0,182340000.0,184159000.0
Vornado Realty Trust,VNO,,899689,2010.0,FY,2010-01-01,2010-12-31,2013-02-26 16:44:13+00:00,3.27,3.27,,494898000.0,3.24,109458000.0,22137000.0,235267000.0,539370000.0,0.0,708031000.0,701199000.0,6832000.0,596731000.0,60148000.0,-304103000.0,268411000.0,,,2411252000.0,211399000.0,146955000.0,983424000.0,51152000.0,,,539370000.0,235267000.0,1799179000.0,2826618000.0,723336000.0,2522515000.0,0.0,182500000.0,182340000.0,184159000.0
Vornado Realty Trust,VNO,,899689,2010.0,Q3,2010-07-01,2010-09-30,2011-11-03 16:48:32+00:00,0.52,0.52,0.65,130599000.0,0.52,921000.0,5449000.0,47096000.0,145561000.0,0.0,116132000.0,119799000.0,-3667000.0,95192000.0,11880000.0,-98465000.0,-1615000.0,,,654859000.0,55200000.0,32266000.0,275077000.0,9060000.0,,,145561000.0,47096000.0,461797000.0,685510000.0,125248000.0,587045000.0,0.0,183100000.0,182462000.0,184168000.0
Vornado Realty Trust,VNO,,899689,2010.0,Q3YTD,2010-01-01,2010-09-30,,1.94,1.94,1.95,397669000.0,1.92,2851000.0,15993000.0,65676000.0,423463000.0,,425887000.0,442805000.0,-16918000.0,353317000.0,34977000.0,-357787000.0,125662000.0,,,1951078000.0,428063000.0,105350000.0,536922000.0,37593000.0,,,423463000.0,65676000.0,1365505000.0,2182090000.0,458798000.0,1824303000.0,,183100000.0,182462000.0,184168000.0
Vornado Realty Trust,VNO,,899689,2010.0,Q3TTM,2009-10-01,2010-09-30,,1.0,1.0,-0.6,518358000.0,1.0,76614000.0,20862000.0,12934000.0,566203000.0,,282437000.0,298702000.0,-16265000.0,202125000.0,28450000.0,-553269000.0,30533000.0,,,2526052000.0,-336295000.0,162392000.0,1587467000.0,51862000.0,,,566203000.0,12934000.0,1846144000.0,2718977000.0,319564000.0,2165708000.0,,183100000.0,182462000.0,184168000.0
Vornado Realty Trust,VNO,,899689,2010.0,Q2,2010-04-01,2010-06-30,2011-08-01 16:09:44+00:00,0.32,0.32,0.65,133277000.0,0.31,1930000.0,4964000.0,3876000.0,142175000.0,0.0,77211000.0,80892000.0,-3681000.0,57840000.0,5105000.0,-138299000.0,-13242000.0,,,651832000.0,49540000.0,32157000.0,261845000.0,14266000.0,,,142175000.0,3876000.0,446592000.0,670747000.0,85856000.0,532448000.0,0.0,180800000.0,182027000.0,183644000.0
Vornado Realty Trust,VNO,,899689,2010.0,Q2YTD,2010-01-01,2010-06-30,,1.42,1.42,1.3,267070000.0,1.4,1930000.0,10544000.0,18580000.0,277902000.0,,309755000.0,323006000.0,-13251000.0,258125000.0,23097000.0,-259322000.0,127277000.0,,,1296219000.0,372863000.0,73084000.0,261845000.0,28533000.0,,,277902000.0,18580000.0,903708000.0,1496580000.0,333550000.0,1237258000.0,,180800000.0,182027000.0,183644000.0
Vornado Realty Trust,VNO,,899689,2010.0,Q2TTM,2009-07-01,2010-06-30,,1.19,1.19,-0.6,518262000.0,1.18,75693000.0,20680000.0,-13676000.0,578847000.0,,322149000.0,291426000.0,30723000.0,233281000.0,31797000.0,-592523000.0,64577000.0,,,2510777000.0,-73859000.0,161761000.0,1312390000.0,57071000.0,,,578847000.0,-13676000.0,1832486000.0,2737115000.0,312106000.0,2144592000.0,,180800000.0,182027000.0,183644000.0
Vornado Realty Trust,VNO,,899689,2010.0,Q1TTM,2009-04-01,2010-03-31,,0.57,0.57,-0.3,521671000.0,0.57,73763000.0,21173000.0,-115705000.0,595735000.0,,204563000.0,166796000.0,37767000.0,123537000.0,23952000.0,-711440000.0,78993000.0,,,2496836000.0,195944000.0,165503000.0,1050545000.0,57074000.0,,,595735000.0,-115705000.0,1841923000.0,2741332000.0,187969000.0,2029892000.0,,182100000.0,181542000.0,183445000.0
Vornado Realty Trust,VNO,,899689,2010.0,Q1,2010-01-01,2010-03-31,2011-05-03 08:25:07+00:00,1.1,1.1,0.65,133793000.0,1.09,0.0,5580000.0,14704000.0,135727000.0,0.0,232544000.0,242114000.0,-9570000.0,200285000.0,17992000.0,-121023000.0,140519000.0,,,644387000.0,323323000.0,40927000.0,,14267000.0,,,135727000.0,14704000.0,457116000.0,825833000.0,247694000.0,704810000.0,0.0,182100000.0,181542000.0,183445000.0
Vornado Realty Trust,VNO,,899689,2011.0,FY,2011-01-01,2011-12-31,2014-02-24 16:35:59+00:00,3.26,3.26,,516222000.0,3.23,35299000.0,23925000.0,148783000.0,519157000.0,145824000.0,740000000.0,574559000.0,165441000.0,601771000.0,77698000.0,-370374000.0,133746000.0,22886000.0,,2399097000.0,208530000.0,149631000.0,984707000.0,60531000.0,,,519157000.0,148783000.0,1890582000.0,2836554000.0,598484000.0,2466180000.0,154080000.0,184600000.0,184308000.0,186021000.0
Vornado Realty Trust,VNO,,899689,2011.0,Q4,2011-10-01,2011-12-31,,0.37,0.37,-2.07,133652000.0,0.4,12844000.0,4943000.0,53688000.0,117088000.0,44187000.0,96987000.0,87985000.0,9002000.0,69508000.0,9691000.0,-63400000.0,-35954000.0,22886000.0,,508420000.0,53668000.0,37730000.0,178280000.0,17788000.0,,,117088000.0,53688000.0,422631000.0,556073000.0,92928000.0,492673000.0,45877000.0,184600000.0,184308000.0,186021000.0
Vornado Realty Trust,VNO,,899689,2011.0,Q3,2011-07-01,2011-09-30,2012-11-01 16:26:54+00:00,0.22,0.22,0.69,126935000.0,0.22,2288000.0,6959000.0,-30011000.0,131998000.0,33419000.0,66223000.0,57779000.0,8444000.0,41135000.0,12461000.0,-162009000.0,10487000.0,,,615949000.0,46121000.0,36776000.0,262837000.0,12627000.0,,,131998000.0,-30011000.0,471600000.0,698347000.0,64738000.0,536338000.0,35135000.0,187000000.0,184398000.0,186065000.0
Vornado Realty Trust,VNO,,899689,2011.0,Q3YTD,2011-01-01,2011-09-30,,2.89,2.89,2.07,382570000.0,2.83,22455000.0,18982000.0,95095000.0,402069000.0,101637000.0,643013000.0,486574000.0,156439000.0,532263000.0,68007000.0,-306974000.0,169700000.0,,,1890677000.0,154862000.0,111901000.0,806427000.0,42743000.0,,,402069000.0,95095000.0,1467951000.0,2280481000.0,505556000.0,1973507000.0,108203000.0,187000000.0,184398000.0,186065000.0
Vornado Realty Trust,VNO,,899689,2011.0,Q3TTM,2010-10-01,2011-09-30,,4.22,4.22,0.12,479799000.0,4.15,129062000.0,25126000.0,264686000.0,517976000.0,101637000.0,925157000.0,744968000.0,180189000.0,775677000.0,93178000.0,-253290000.0,312449000.0,,,2350851000.0,-61802000.0,153506000.0,1252929000.0,56302000.0,,,517976000.0,264686000.0,1901625000.0,2925009000.0,770094000.0,2671719000.0,108203000.0,187000000.0,184398000.0,186065000.0
Vornado Realty Trust,VNO,,899689,2011.0,Q2,2011-04-01,2011-06-30,2012-08-06 17:12:43+00:00,0.5,0.5,0.69,125802000.0,0.49,1897000.0,5641000.0,7998000.0,135361000.0,29940000.0,130969000.0,120600000.0,10369000.0,91913000.0,22388000.0,-127363000.0,22228000.0,,,622807000.0,49795000.0,40862000.0,257228000.0,16668000.0,,,135361000.0,7998000.0,464662000.0,718266000.0,126241000.0,590903000.0,32369000.0,183800000.0,184268000.0,186144000.0
Vornado Realty Trust,VNO,,899689,2011.0,Q2YTD,2011-01-01,2011-06-30,,2.67,2.67,1.38,255635000.0,2.61,20167000.0,12023000.0,125106000.0,270071000.0,68218000.0,576790000.0,428795000.0,147995000.0,491128000.0,55546000.0,-144965000.0,159213000.0,,,1274728000.0,108741000.0,75125000.0,543590000.0,30116000.0,,,270071000.0,125106000.0,996351000.0,1582134000.0,440818000.0,1437169000.0,73068000.0,183800000.0,184268000.0,186144000.0
Vornado Realty Trust,VNO,,899689,2011.0,Q2TTM,2010-07-01,2011-06-30,,4.52,4.52,0.08,483463000.0,4.45,127695000.0,23616000.0,341793000.0,531539000.0,68218000.0,975066000.0,806988000.0,168078000.0,829734000.0,92597000.0,-189746000.0,300347000.0,,,2389761000.0,-52723000.0,148996000.0,1265169000.0,52735000.0,,,531539000.0,341793000.0,1891822000.0,2912172000.0,830604000.0,2722426000.0,73068000.0,183800000.0,184268000.0,186144000.0
Vornado Realty Trust,VNO,,899689,2011.0,Q1,2011-01-01,2011-03-31,2012-05-07 16:35:17+00:00,2.17,2.17,0.69,129833000.0,2.12,18270000.0,6382000.0,117108000.0,134710000.0,38278000.0,445821000.0,308195000.0,137626000.0,399215000.0,33158000.0,-17602000.0,136985000.0,,,651921000.0,58946000.0,34263000.0,286362000.0,13448000.0,,,134710000.0,117108000.0,531689000.0,863868000.0,314577000.0,846266000.0,40699000.0,184000000.0,183988000.0,191529000.0
Vornado Realty Trust,VNO,,899689,2011.0,Q1TTM,2010-04-01,2011-03-31,,4.34,4.34,0.04,490938000.0,4.27,127728000.0,22939000.0,337671000.0,538353000.0,38278000.0,921308000.0,767280000.0,154028000.0,795661000.0,75314000.0,-200682000.0,264877000.0,,,2418786000.0,-52978000.0,140291000.0,1269786000.0,50333000.0,,,538353000.0,337671000.0,1873752000.0,2864653000.0,790219000.0,2663971000.0,40699000.0,184000000.0,183988000.0,191529000.0
Vornado Realty Trust,VNO,,899689,2012.0,FY,2012-01-01,2012-12-31,2014-02-24 16:35:59+00:00,2.95,2.95,,510383000.0,2.94,114886000.0,8132000.0,-260945000.0,493713000.0,226619000.0,694541000.0,402188000.0,292353000.0,549271000.0,77281000.0,-754658000.0,436473000.0,63936000.0,,2356645000.0,202444000.0,144353000.0,1017331000.0,67989000.0,,,493713000.0,-260945000.0,2071663000.0,3172705000.0,410320000.0,2418047000.0,235234000.0,186200000.0,185810000.0,186530000.0
Vornado Realty Trust,VNO,,899689,2012.0,Q4,2012-10-01,2012-12-31,,0.34,0.34,1.93,128229000.0,0.34,110572000.0,-9187000.0,-237961000.0,120004000.0,49492000.0,91893000.0,47225000.0,44668000.0,62633000.0,5758000.0,-357965000.0,251858000.0,63936000.0,,596323000.0,-699877000.0,38413000.0,1017331000.0,23502000.0,,,120004000.0,-237961000.0,605747000.0,937814000.0,38038000.0,579849000.0,51220000.0,186200000.0,185810000.0,186530000.0
Vornado Realty Trust,VNO,,899689,2012.0,Q3,2012-07-01,2012-09-30,2013-11-04 16:30:49+00:00,1.25,1.25,0.69,122241000.0,1.24,1070000.0,3015000.0,10523000.0,119330000.0,70431000.0,264156000.0,105712000.0,158444000.0,232393000.0,22850000.0,-108807000.0,18192000.0,,,590776000.0,309968000.0,39625000.0,,8913000.0,,,119330000.0,10523000.0,503710000.0,721244000.0,108727000.0,612437000.0,72651000.0,185900000.0,185924000.0,186655000.0
Vornado Realty Trust,VNO,,899689,2012.0,Q3YTD,2012-01-01,2012-09-30,,2.62,2.62,2.79,382154000.0,2.62,4314000.0,17319000.0,-22984000.0,373709000.0,177127000.0,602648000.0,354963000.0,247685000.0,486638000.0,71523000.0,-396693000.0,184615000.0,,,1760322000.0,902321000.0,105940000.0,,44487000.0,,,373709000.0,-22984000.0,1465916000.0,2234891000.0,372282000.0,1838198000.0,184014000.0,185900000.0,185924000.0,186655000.0
Vornado Realty Trust,VNO,,899689,2012.0,Q3TTM,2011-10-01,2012-09-30,,2.99,2.99,6.49,515806000.0,2.99,17158000.0,22262000.0,30704000.0,490797000.0,221314000.0,699635000.0,442948000.0,256687000.0,556146000.0,81214000.0,-460093000.0,148661000.0,22886000.0,,2268742000.0,955989000.0,143670000.0,178280000.0,62275000.0,,,490797000.0,30704000.0,1888547000.0,2790964000.0,465210000.0,2330871000.0,229891000.0,185900000.0,185924000.0,186655000.0
Vornado Realty Trust,VNO,,899689,2012.0,Q2,2012-04-01,2012-06-30,2013-08-05 16:43:06+00:00,0.11,0.11,0.69,128372000.0,0.11,2559000.0,7479000.0,-49172000.0,124320000.0,53935000.0,58228000.0,40359000.0,17869000.0,20510000.0,19931000.0,-173492000.0,18530000.0,,,588642000.0,290317000.0,33037000.0,,17787000.0,,,124320000.0,-49172000.0,475183000.0,696513000.0,47838000.0,523021000.0,56304000.0,186500000.0,185673000.0,186342000.0
Vornado Realty Trust,VNO,,899689,2012.0,Q2YTD,2012-01-01,2012-06-30,,1.37,1.37,1.94,259913000.0,1.37,3244000.0,14304000.0,-33507000.0,254379000.0,106696000.0,338492000.0,249251000.0,89241000.0,254245000.0,48673000.0,-287886000.0,166423000.0,,,1169546000.0,592353000.0,66315000.0,,35574000.0,,,254379000.0,-33507000.0,962206000.0,1513647000.0,263555000.0,1225761000.0,111363000.0,186500000.0,185673000.0,186342000.0
Vornado Realty Trust,VNO,,899689,2012.0,Q2TTM,2011-07-01,2012-06-30,,1.97,1.97,3.79,520500000.0,1.97,18376000.0,26206000.0,-9830000.0,503465000.0,184302000.0,501702000.0,395015000.0,106687000.0,364888000.0,70825000.0,-513295000.0,140956000.0,22886000.0,,2293915000.0,692142000.0,140821000.0,441117000.0,65989000.0,,,503465000.0,-9830000.0,1856437000.0,2768067000.0,421221000.0,2254772000.0,192375000.0,186500000.0,185673000.0,186342000.0
Vornado Realty Trust,VNO,,899689,2012.0,Q1,2012-01-01,2012-03-31,2013-05-06 16:50:24+00:00,1.26,1.26,0.69,131541000.0,1.25,685000.0,6825000.0,15665000.0,130059000.0,52761000.0,280264000.0,208892000.0,71372000.0,233735000.0,28742000.0,-114394000.0,147893000.0,,,580904000.0,302036000.0,33278000.0,,17787000.0,,,130059000.0,15665000.0,487023000.0,817134000.0,215717000.0,702740000.0,55059000.0,185500000.0,185370000.0,191886000.0
Vornado Realty Trust,VNO,,899689,2012.0,Q1TTM,2011-04-01,2012-03-31,,2.35,2.35,3.79,517930000.0,2.35,17714000.0,24368000.0,47340000.0,514506000.0,160307000.0,574443000.0,475256000.0,99187000.0,436291000.0,73282000.0,-467166000.0,144654000.0,22886000.0,,2328080000.0,451620000.0,148646000.0,698345000.0,64870000.0,,,514506000.0,47340000.0,1845916000.0,2789820000.0,499624000.0,2322654000.0,168440000.0,185500000.0,185370000.0,191886000.0
Vornado Realty Trust,VNO,,899689,2013.0,FY,2013-01-01,2013-12-31,2016-02-16 16:23:29+00:00,2.1,2.1,,461627000.0,2.09,24857000.0,-8717000.0,-24887000.0,425782000.0,32210000.0,564740000.0,-3355000.0,568095000.0,392034000.0,88769000.0,-450669000.0,-237984000.0,,,2107236000.0,177366000.0,155571000.0,926535000.0,83937000.0,,,425782000.0,-24887000.0,1622595000.0,2061192000.0,-12072000.0,1610523000.0,36369000.0,186700000.0,186941000.0,187709000.0
Vornado Realty Trust,VNO,,899689,2013.0,Q4,2013-10-01,2013-12-31,,-0.37,-0.37,0.92,65051000.0,-0.37,18088000.0,-14889000.0,8048000.0,185566000.0,2446000.0,-38759000.0,-312049000.0,273290000.0,-68887000.0,21046000.0,-177518000.0,-245730000.0,120657000.0,-11286000.0,273785000.0,-502738000.0,-50261000.0,667367000.0,20368000.0,,,185566000.0,8048000.0,250214000.0,-19863000.0,-326938000.0,-197381000.0,2343000.0,186700000.0,186941000.0,187709000.0
Vornado Realty Trust,VNO,,899689,2013.0,Q3,2013-07-01,2013-09-30,2013-11-04 16:30:49+00:00,0.44,0.44,0.73,124079000.0,0.44,2818000.0,2222000.0,-10275000.0,119870000.0,3239000.0,132251000.0,113500000.0,18751000.0,83005000.0,28877000.0,-130145000.0,5295000.0,,,617329000.0,312672000.0,61158000.0,,20369000.0,,,119870000.0,-10275000.0,442808000.0,688675000.0,115722000.0,558530000.0,4893000.0,188600000.0,186969000.0,187724000.0
Vornado Realty Trust,VNO,,899689,2013.0,Q3YTD,2013-01-01,2013-09-30,,2.47,2.47,3.6,396576000.0,2.47,6769000.0,6172000.0,-32935000.0,240216000.0,29764000.0,603499000.0,308694000.0,294805000.0,460921000.0,67723000.0,-273151000.0,7746000.0,-120657000.0,11286000.0,1833451000.0,680104000.0,205832000.0,259168000.0,63569000.0,,,240216000.0,-32935000.0,1372381000.0,2081055000.0,314866000.0,1807904000.0,34026000.0,188600000.0,186969000.0,187724000.0
Vornado Realty Trust,VNO,,899689,2013.0,Q3TTM,2012-10-01,2013-09-30,,2.8,2.8,5.52,524805000.0,2.8,117341000.0,-3015000.0,-270896000.0,360220000.0,79256000.0,695392000.0,355919000.0,339473000.0,523554000.0,73481000.0,-631116000.0,259604000.0,-56721000.0,11286000.0,2429774000.0,-19773000.0,244245000.0,1276499000.0,87071000.0,,,360220000.0,-270896000.0,1978128000.0,3018869000.0,352904000.0,2387753000.0,85246000.0,188600000.0,186969000.0,187724000.0
Vornado Realty Trust,VNO,,899689,2013.0,Q2,2013-04-01,2013-06-30,2014-08-04 16:42:52+00:00,0.78,0.78,0.73,133180000.0,0.78,3350000.0,2877000.0,26415000.0,,15151000.0,182321000.0,113029000.0,69292000.0,145926000.0,24127000.0,26415000.0,86000.0,-120657000.0,,606365000.0,50305000.0,47861000.0,259168000.0,12268000.0,,,,26415000.0,461154000.0,671302000.0,115906000.0,697717000.0,16990000.0,187100000.0,186931000.0,187720000.0
Vornado Realty Trust,VNO,,899689,2013.0,Q2YTD,2013-01-01,2013-06-30,,2.02,2.02,2.66,272497000.0,2.02,3951000.0,3950000.0,-22660000.0,120346000.0,26525000.0,471248000.0,195194000.0,276054000.0,377916000.0,38846000.0,-143006000.0,2451000.0,-120657000.0,11286000.0,1216122000.0,367432000.0,144674000.0,259168000.0,43200000.0,,,120346000.0,-22660000.0,929573000.0,1392380000.0,199144000.0,1249374000.0,29133000.0,187100000.0,186931000.0,187720000.0
Vornado Realty Trust,VNO,,899689,2013.0,Q2TTM,2012-07-01,2013-06-30,,3.6,3.6,5.42,522967000.0,3.6,115593000.0,-2222000.0,-250098000.0,359680000.0,146448000.0,827297000.0,348131000.0,479166000.0,672942000.0,67454000.0,-609778000.0,272501000.0,-56721000.0,11286000.0,2403221000.0,-22477000.0,222712000.0,1276499000.0,75615000.0,,,359680000.0,-250098000.0,2039030000.0,3051438000.0,345909000.0,2441660000.0,153004000.0,187100000.0,186931000.0,187720000.0
Vornado Realty Trust,VNO,,899689,2013.0,Q1,2013-01-01,2013-03-31,2014-05-05 16:28:52+00:00,1.24,1.24,0.73,139317000.0,1.24,601000.0,1073000.0,-49075000.0,120346000.0,11374000.0,288927000.0,82165000.0,206762000.0,231990000.0,14719000.0,-169421000.0,2365000.0,,11286000.0,609757000.0,317127000.0,96813000.0,,30932000.0,,,120346000.0,-49075000.0,468419000.0,721078000.0,83238000.0,551657000.0,12143000.0,187100000.0,186752000.0,187529000.0
Vornado Realty Trust,VNO,,899689,2013.0,Q1TTM,2012-04-01,2013-03-31,,2.93,2.93,5.51,518159000.0,2.93,114802000.0,2380000.0,-325685000.0,484000000.0,185232000.0,703204000.0,275461000.0,427743000.0,547526000.0,63258000.0,-809685000.0,290945000.0,63936000.0,11286000.0,2385498000.0,217535000.0,207888000.0,1017331000.0,81134000.0,,,484000000.0,-325685000.0,2053059000.0,3076649000.0,277841000.0,2266964000.0,192318000.0,187100000.0,186752000.0,187529000.0
Vornado Realty Trust,VNO,,899689,2014.0,FY,2014-01-01,2014-12-31,2017-02-13 16:19:12+00:00,4.18,4.18,,481303000.0,4.15,0.0,9281000.0,38752000.0,412755000.0,,1009026000.0,423350000.0,585676000.0,783388000.0,144174000.0,-374003000.0,163034000.0,,,2157306000.0,169270000.0,155206000.0,999904000.0,81464000.0,18435000.0,,412755000.0,38752000.0,1668912000.0,2475546000.0,432631000.0,2101543000.0,,187400000.0,187572000.0,188690000.0
Vornado Realty Trust,VNO,,899689,2014.0,Q4,2014-10-01,2014-12-31,,2.74,2.74,0.9,121489000.0,2.74,-3629000.0,2498000.0,9938000.0,111713000.0,,575986000.0,107887000.0,468099000.0,513238000.0,46243000.0,-101775000.0,85208000.0,,-3860000.0,556334000.0,40906000.0,40676000.0,292857000.0,20365000.0,18435000.0,,111713000.0,9938000.0,470058000.0,682218000.0,110385000.0,580443000.0,,187400000.0,187572000.0,188690000.0
Vornado Realty Trust,VNO,,899689,2014.0,Q3YTD,2014-01-01,2014-09-30,,1.44,1.44,3.63,359814000.0,1.44,3629000.0,6783000.0,28814000.0,301042000.0,,433040000.0,315463000.0,117577000.0,270150000.0,97931000.0,-272228000.0,77826000.0,,3860000.0,1600972000.0,128364000.0,114530000.0,707047000.0,61099000.0,,,301042000.0,28814000.0,1198854000.0,1793328000.0,322246000.0,1521100000.0,,187400000.0,187671000.0,188812000.0
Vornado Realty Trust,VNO,,899689,2014.0,Q3TTM,2013-10-01,2014-09-30,,1.07,1.07,4.54,424865000.0,1.07,21717000.0,-8106000.0,36862000.0,486608000.0,2446000.0,394281000.0,3414000.0,390867000.0,201263000.0,118977000.0,-449746000.0,-167904000.0,120657000.0,-7426000.0,1874757000.0,-374374000.0,64269000.0,1374414000.0,81467000.0,,,486608000.0,36862000.0,1449068000.0,1773465000.0,-4692000.0,1323719000.0,2343000.0,187400000.0,187671000.0,188812000.0
Vornado Realty Trust,VNO,,899689,2014.0,Q3,2014-07-01,2014-09-30,2015-11-02 16:34:18+00:00,0.7,0.7,0.73,114822000.0,0.69,1277000.0,2652000.0,7568000.0,100817000.0,,169197000.0,87029000.0,82168000.0,131159000.0,17673000.0,-93249000.0,791000.0,,,540931000.0,40384000.0,37779000.0,240088000.0,20365000.0,,,100817000.0,7568000.0,396571000.0,579501000.0,89681000.0,486252000.0,,187400000.0,187671000.0,188812000.0
Vornado Realty Trust,VNO,,899689,2014.0,Q2YTD,2014-01-01,2014-06-30,,0.74,0.74,2.48,244992000.0,0.74,2352000.0,4131000.0,21246000.0,200225000.0,,263843000.0,228434000.0,35409000.0,138991000.0,80258000.0,-178979000.0,77035000.0,,3860000.0,1060041000.0,87980000.0,76751000.0,466959000.0,40734000.0,,,200225000.0,21246000.0,802283000.0,1213827000.0,232565000.0,1034848000.0,,186900000.0,187527000.0,188617000.0
Vornado Realty Trust,VNO,,899689,2014.0,Q2TTM,2013-07-01,2014-06-30,,0.82,0.82,4.33,434122000.0,0.82,23258000.0,-8536000.0,19019000.0,505661000.0,5685000.0,357335000.0,29885000.0,327450000.0,153109000.0,130181000.0,-486642000.0,-163400000.0,120657000.0,-7426000.0,1951155000.0,-102086000.0,87648000.0,1134326000.0,81471000.0,,,505661000.0,19019000.0,1495305000.0,1882639000.0,21349000.0,1395997000.0,7236000.0,186900000.0,187527000.0,188617000.0
Vornado Realty Trust,VNO,,899689,2014.0,Q2,2014-04-01,2014-06-30,2015-08-03 16:21:45+00:00,0.41,0.41,0.73,113200000.0,0.41,1067000.0,3280000.0,9396000.0,103913000.0,,165687000.0,138744000.0,26943000.0,76642000.0,68679000.0,-94517000.0,47273000.0,,,533600000.0,40478000.0,40811000.0,230398000.0,20366000.0,,,103913000.0,9396000.0,385143000.0,621684000.0,142024000.0,527167000.0,,186900000.0,187527000.0,188617000.0
Vornado Realty Trust,VNO,,899689,2014.0,Q1,2014-01-01,2014-03-31,2015-05-04 16:22:06+00:00,0.33,0.33,0.73,131792000.0,0.33,1285000.0,851000.0,11850000.0,96312000.0,,98156000.0,89690000.0,8466000.0,62349000.0,11579000.0,-84462000.0,29762000.0,,3860000.0,526441000.0,47502000.0,35940000.0,236561000.0,20368000.0,,,96312000.0,11850000.0,417140000.0,592143000.0,90541000.0,507681000.0,,188900000.0,187307000.0,188240000.0
Vornado Realty Trust,VNO,,899689,2014.0,Q1TTM,2013-04-01,2014-03-31,,1.19,1.19,3.63,454102000.0,1.19,25541000.0,-8939000.0,36038000.0,401748000.0,20836000.0,373969000.0,4170000.0,369799000.0,222393000.0,85629000.0,-365710000.0,-210587000.0,,-7426000.0,2023920000.0,-92259000.0,94698000.0,1163096000.0,73373000.0,,,401748000.0,36038000.0,1571316000.0,1932257000.0,-4769000.0,1566547000.0,24226000.0,188900000.0,187307000.0,188240000.0
Vornado Realty Trust,VNO,,899689,2015.0,FY,2015-01-01,2015-12-31,2018-02-12 16:29:00+00:00,3.61,3.61,,379803000.0,3.59,,-85012000.0,27240000.0,309298000.0,,859430000.0,635919000.0,223511000.0,679856000.0,98996000.0,-282058000.0,,213551000.0,,1845605000.0,973767000.0,139890000.0,,80578000.0,12511000.0,,309298000.0,27240000.0,1366081000.0,1985495000.0,550907000.0,1703437000.0,,188300000.0,188353000.0,189564000.0
Vornado Realty Trust,VNO,,899689,2015.0,Q4,2015-10-01,2015-12-31,,1.23,1.23,0.79,-23196000.0,1.23,-7560000.0,-767000.0,7622000.0,30188000.0,,283544000.0,110311000.0,173233000.0,230742000.0,32437000.0,-22566000.0,-52122000.0,213551000.0,,107917000.0,839929000.0,26892000.0,-657218000.0,20365000.0,12511000.0,,30188000.0,7622000.0,164466000.0,82687000.0,109544000.0,60121000.0,,188300000.0,188353000.0,189564000.0
Vornado Realty Trust,VNO,,899689,2015.0,Q3,2015-07-01,2015-09-30,2016-10-31 16:17:04+00:00,1.05,1.05,0.63,141920000.0,1.05,1518000.0,2856000.0,3160000.0,95344000.0,,235240000.0,200777000.0,34463000.0,198870000.0,16006000.0,-92184000.0,1665000.0,,,593435000.0,36157000.0,34161000.0,153849000.0,20364000.0,,,95344000.0,3160000.0,333444000.0,629261000.0,203633000.0,537077000.0,,189400000.0,188504000.0,189581000.0
Vornado Realty Trust,VNO,,899689,2015.0,Q3YTD,2015-01-01,2015-09-30,,2.38,2.38,2.7,402999000.0,2.38,7560000.0,-84245000.0,19618000.0,279110000.0,,575886000.0,525608000.0,50278000.0,449114000.0,66559000.0,-259492000.0,52122000.0,,,1737688000.0,133838000.0,112998000.0,657218000.0,60213000.0,,,279110000.0,19618000.0,1201615000.0,1902808000.0,441363000.0,1643316000.0,,189400000.0,188504000.0,189581000.0
Vornado Realty Trust,VNO,,899689,2015.0,Q3TTM,2014-10-01,2015-09-30,,5.11,5.11,3.6,524488000.0,5.11,3931000.0,-81747000.0,29556000.0,390823000.0,,1151872000.0,633495000.0,518377000.0,962352000.0,112802000.0,-361267000.0,137330000.0,,-3860000.0,2294022000.0,174744000.0,153674000.0,950075000.0,80578000.0,18435000.0,,390823000.0,29556000.0,1671673000.0,2585026000.0,551748000.0,2223759000.0,,189400000.0,188504000.0,189581000.0
Vornado Realty Trust,VNO,,899689,2015.0,Q2,2015-04-01,2015-06-30,2016-08-01 16:18:53+00:00,0.88,0.88,0.63,136957000.0,0.87,4061000.0,-88072000.0,5666000.0,92092000.0,,215400000.0,215764000.0,-364000.0,165651000.0,29384000.0,-86426000.0,26368000.0,,,577058000.0,39189000.0,39230000.0,248331000.0,20365000.0,,,92092000.0,5666000.0,428538000.0,642656000.0,127692000.0,556230000.0,,188200000.0,188365000.0,189600000.0
Vornado Realty Trust,VNO,,899689,2015.0,Q2YTD,2015-01-01,2015-06-30,,1.33,1.33,1.88,261079000.0,1.33,6042000.0,-87101000.0,16458000.0,183766000.0,,340646000.0,324831000.0,15815000.0,250244000.0,50553000.0,-167308000.0,50457000.0,,,1144253000.0,97681000.0,78837000.0,503369000.0,39849000.0,,,183766000.0,16458000.0,868171000.0,1273547000.0,237730000.0,1106239000.0,,188200000.0,188365000.0,189600000.0
Vornado Realty Trust,VNO,,899689,2015.0,Q2TTM,2014-07-01,2015-06-30,,4.75,4.75,3.93,497390000.0,4.75,3690000.0,-81951000.0,33964000.0,396296000.0,,1085829000.0,519747000.0,566082000.0,894641000.0,114469000.0,-362332000.0,136456000.0,,-3860000.0,2241518000.0,178971000.0,157292000.0,1036314000.0,80579000.0,18435000.0,,396296000.0,33964000.0,1734800000.0,2535266000.0,437796000.0,2172934000.0,,188200000.0,188365000.0,189600000.0
Vornado Realty Trust,VNO,,899689,2015.0,Q1,2015-01-01,2015-03-31,2016-05-02 16:19:52+00:00,0.45,0.45,0.63,124122000.0,0.45,1981000.0,971000.0,10792000.0,91674000.0,,125246000.0,109067000.0,16179000.0,84593000.0,21169000.0,-80882000.0,24089000.0,,,567195000.0,58492000.0,39607000.0,255038000.0,19484000.0,,,91674000.0,10792000.0,439633000.0,630891000.0,110038000.0,550009000.0,,188000000.0,187999000.0,189336000.0
Vornado Realty Trust,VNO,,899689,2015.0,Q1TTM,2014-04-01,2015-03-31,,4.29,4.29,4.69,473633000.0,4.29,696000.0,9401000.0,37694000.0,408117000.0,,1036116000.0,442727000.0,593389000.0,805632000.0,153764000.0,-370423000.0,157361000.0,,-3860000.0,2198060000.0,180260000.0,158873000.0,1018381000.0,80580000.0,18435000.0,,408117000.0,37694000.0,1691405000.0,2514294000.0,452128000.0,2143871000.0,,188000000.0,187999000.0,189336000.0
Vornado Realty Trust,VNO,,899689,2016.0,FY,2016-01-01,2016-12-31,2019-02-11 16:26:42+00:00,4.36,4.36,,421023000.0,4.34,,7923000.0,24335000.0,330240000.0,,981922000.0,577010000.0,404912000.0,823606000.0,75005000.0,-305905000.0,-18389000.0,329381000.0,,1883656000.0,153094000.0,120086000.0,844566000.0,83311000.0,,5213000.0,330240000.0,24335000.0,1423896000.0,1985353000.0,584933000.0,1679448000.0,,188900000.0,188837000.0,190173000.0
Vornado Realty Trust,VNO,,899689,2016.0,Q4,2016-10-01,2016-12-31,,3.45,3.45,0.9,30876000.0,3.45,-160700000.0,-1580000.0,4122000.0,44454000.0,,704544000.0,327903000.0,376641000.0,651181000.0,37234000.0,-40332000.0,-47139000.0,329381000.0,,244460000.0,25242000.0,21784000.0,289755000.0,16129000.0,-8555000.0,5213000.0,44454000.0,4122000.0,181831000.0,219105000.0,326323000.0,178773000.0,,188900000.0,188837000.0,190173000.0
Vornado Realty Trust,VNO,,899689,2016.0,Q3,2016-07-01,2016-09-30,2017-10-30 16:24:21+00:00,0.35,0.35,0.63,105877000.0,0.35,,4563000.0,6459000.0,79721000.0,,100604000.0,75524000.0,25080000.0,66125000.0,8024000.0,-73262000.0,1077000.0,,,472110000.0,33584000.0,30643000.0,209951000.0,26455000.0,1069000.0,,79721000.0,6459000.0,350481000.0,503830000.0,80087000.0,430568000.0,,188900000.0,188901000.0,190048000.0
Vornado Realty Trust,VNO,,899689,2016.0,Q3YTD,2016-01-01,2016-09-30,,0.91,0.91,2.73,390147000.0,0.91,160700000.0,9503000.0,20213000.0,285786000.0,,277378000.0,249107000.0,28271000.0,172425000.0,37771000.0,-265573000.0,28750000.0,,,1639196000.0,127852000.0,98302000.0,554811000.0,67182000.0,8555000.0,,285786000.0,20213000.0,1242065000.0,1766248000.0,258610000.0,1500675000.0,,188900000.0,188901000.0,190048000.0
Vornado Realty Trust,VNO,,899689,2016.0,Q3TTM,2015-10-01,2016-09-30,,2.13,2.13,3.52,366951000.0,2.13,153140000.0,8736000.0,27835000.0,315974000.0,,560922000.0,359418000.0,201504000.0,403167000.0,70208000.0,-288139000.0,-23372000.0,213551000.0,,1747113000.0,967781000.0,125194000.0,-102407000.0,87547000.0,21066000.0,,315974000.0,27835000.0,1406531000.0,1848935000.0,368154000.0,1560796000.0,,188900000.0,188901000.0,190048000.0
Vornado Realty Trust,VNO,,899689,2016.0,Q2,2016-04-01,2016-06-30,2017-07-31 16:25:06+00:00,1.17,1.17,0.63,141313000.0,1.16,0.0,2109000.0,10236000.0,105576000.0,,268382000.0,265907000.0,2475000.0,220463000.0,27556000.0,-95340000.0,16389000.0,,,588019000.0,45564000.0,33689000.0,84985000.0,20363000.0,2879000.0,,105576000.0,10236000.0,274741000.0,638097000.0,268016000.0,542757000.0,,188400000.0,188772000.0,189885000.0
Vornado Realty Trust,VNO,,899689,2016.0,Q2YTD,2016-01-01,2016-06-30,,0.56,0.56,1.92,284270000.0,0.56,160700000.0,4940000.0,13754000.0,206065000.0,,176774000.0,173583000.0,3191000.0,106300000.0,29747000.0,-192311000.0,27673000.0,,,1167086000.0,94268000.0,67659000.0,344860000.0,40727000.0,7486000.0,,206065000.0,13754000.0,891584000.0,1262418000.0,178523000.0,1070107000.0,,188400000.0,188772000.0,189885000.0
Vornado Realty Trust,VNO,,899689,2016.0,Q2TTM,2015-07-01,2016-06-30,,2.84,2.84,3.53,402994000.0,2.84,154658000.0,7029000.0,24536000.0,331597000.0,,695558000.0,484671000.0,210887000.0,535912000.0,78190000.0,-307061000.0,-22784000.0,213551000.0,,1868438000.0,970354000.0,128712000.0,-158509000.0,81456000.0,19997000.0,,331597000.0,24536000.0,1389494000.0,1974366000.0,491700000.0,1667305000.0,,188400000.0,188772000.0,189885000.0
Vornado Realty Trust,VNO,,899689,2016.0,Q1,2016-01-01,2016-03-31,2017-05-01 16:18:35+00:00,-0.61,-0.61,0.63,142957000.0,-0.61,160700000.0,2831000.0,3518000.0,100489000.0,,-91608000.0,-92324000.0,716000.0,-114163000.0,2191000.0,-96971000.0,11284000.0,,,579067000.0,48704000.0,33970000.0,259875000.0,20364000.0,4607000.0,,100489000.0,3518000.0,616843000.0,624321000.0,-89493000.0,527350000.0,,187200000.0,188658000.0,188658000.0
Vornado Realty Trust,VNO,,899689,2016.0,Q1TTM,2015-04-01,2016-03-31,,2.55,2.55,3.29,398638000.0,2.55,158719000.0,-83152000.0,19966000.0,318113000.0,,642576000.0,434528000.0,208048000.0,481100000.0,80018000.0,-298147000.0,-12805000.0,213551000.0,,1857477000.0,963979000.0,134253000.0,4837000.0,81458000.0,17118000.0,,318113000.0,19966000.0,1543291000.0,1978925000.0,351376000.0,1680778000.0,,187200000.0,188658000.0,188658000.0
Vornado Realty Trust,VNO,,899689,2017.0,FY,2017-01-01,2017-12-31,2020-02-18 16:34:43+00:00,0.85,0.85,2.62,429389000.0,0.85,1776000.0,42375000.0,30861000.0,345654000.0,,264128000.0,277356000.0,-13228000.0,162017000.0,36712000.0,-314793000.0,0.0,3741000.0,,2398919000.0,-164011000.0,,871396000.0,65399000.0,,0.0,345654000.0,30861000.0,1138550000.0,2398919000.0,319731000.0,2084126000.0,,190600000.0,189526000.0,191258000.0
Vornado Realty Trust,VNO,,899689,2017.0,Q4,2017-10-01,2017-12-31,,0.14,0.14,1.01,114166000.0,0.14,1776000.0,39946000.0,8294000.0,93073000.0,,53551000.0,52278000.0,1273000.0,27319000.0,9219000.0,-84779000.0,-9162000.0,3741000.0,,949231000.0,-911598000.0,-98212000.0,210312000.0,17013000.0,,-5233000.0,93073000.0,8294000.0,39009000.0,841857000.0,92224000.0,757078000.0,,190600000.0,189526000.0,191258000.0
Vornado Realty Trust,VNO,,899689,2017.0,Q3,2017-07-01,2017-09-30,2018-10-29 16:15:21+00:00,-0.15,-0.15,0.6,104972000.0,-0.15,,1188000.0,7331000.0,85068000.0,,-10754000.0,37176000.0,-47930000.0,-29026000.0,2144000.0,-77737000.0,-46134000.0,,,495463000.0,34347000.0,33292000.0,225226000.0,16128000.0,,1975000.0,85068000.0,7331000.0,366520000.0,482621000.0,38364000.0,404884000.0,,193500000.0,189593000.0,190847000.0
Vornado Realty Trust,VNO,,899689,2017.0,Q3YTD,2017-01-01,2017-09-30,,0.71,0.71,2.53,315223000.0,0.71,,2429000.0,22567000.0,252581000.0,,210577000.0,225078000.0,-14501000.0,134698000.0,27493000.0,-230014000.0,9162000.0,,,1449688000.0,118001000.0,98212000.0,661084000.0,48386000.0,,5233000.0,252581000.0,22567000.0,1099541000.0,1557062000.0,227507000.0,1327048000.0,,193500000.0,189593000.0,190847000.0
Vornado Realty Trust,VNO,,899689,2017.0,Q3TTM,2016-10-01,2017-09-30,,4.15,4.15,3.43,346099000.0,4.15,-160700000.0,849000.0,26689000.0,297035000.0,,915121000.0,552981000.0,362140000.0,785879000.0,64727000.0,-270346000.0,-37977000.0,329381000.0,,1694148000.0,143243000.0,119996000.0,950839000.0,64515000.0,-8555000.0,10446000.0,297035000.0,26689000.0,1281372000.0,1776167000.0,553830000.0,1505821000.0,,193500000.0,189593000.0,190847000.0
Vornado Realty Trust,VNO,,899689,2017.0,Q2,2017-04-01,2017-06-30,2018-07-30 16:17:45+00:00,0.61,0.61,0.71,105123000.0,0.61,,-610000.0,8541000.0,84789000.0,,147484000.0,129373000.0,18111000.0,115972000.0,15383000.0,-76248000.0,51201000.0,,,480300000.0,35665000.0,30787000.0,215700000.0,16129000.0,,789000.0,84789000.0,8541000.0,357277000.0,562288000.0,128763000.0,486040000.0,,190100000.0,189395000.0,190444000.0
Vornado Realty Trust,VNO,,899689,2017.0,Q2YTD,2017-01-01,2017-06-30,,0.86,0.86,1.72,210251000.0,0.86,,1241000.0,15236000.0,167513000.0,,221331000.0,187902000.0,33429000.0,163724000.0,25349000.0,-152277000.0,55296000.0,,,954225000.0,83654000.0,64920000.0,435858000.0,32258000.0,,3258000.0,167513000.0,15236000.0,733021000.0,1074441000.0,189143000.0,922164000.0,,190100000.0,189395000.0,190444000.0
Vornado Realty Trust,VNO,,899689,2017.0,Q2TTM,2016-07-01,2017-06-30,,4.65,4.65,3.44,347004000.0,4.65,-160700000.0,4224000.0,25817000.0,291688000.0,,1026479000.0,591329000.0,435150000.0,881030000.0,70607000.0,-265871000.0,9234000.0,329381000.0,,1670795000.0,142480000.0,117347000.0,935564000.0,74842000.0,-7486000.0,8471000.0,291688000.0,25817000.0,1265333000.0,1797376000.0,595553000.0,1531505000.0,,190100000.0,189395000.0,190444000.0
Vornado Realty Trust,VNO,,899689,2017.0,Q1,2017-01-01,2017-03-31,2018-04-30 16:17:18+00:00,0.25,0.25,0.71,105128000.0,0.25,,1851000.0,6695000.0,82724000.0,,73847000.0,58529000.0,15318000.0,47752000.0,9966000.0,-76029000.0,4095000.0,,,473925000.0,47989000.0,34133000.0,220158000.0,16129000.0,,2469000.0,82724000.0,6695000.0,375744000.0,512153000.0,60380000.0,436124000.0,,191000000.0,189210000.0,190372000.0
Vornado Realty Trust,VNO,,899689,2017.0,Q1TTM,2016-04-01,2017-03-31,,5.21,5.21,3.65,383194000.0,5.21,-160700000.0,6943000.0,27512000.0,312475000.0,,1147377000.0,727863000.0,419514000.0,985521000.0,82780000.0,-284963000.0,-25578000.0,329381000.0,,1778514000.0,152379000.0,120249000.0,804849000.0,79076000.0,-4607000.0,7682000.0,312475000.0,27512000.0,1182797000.0,1873185000.0,734806000.0,1588222000.0,,191000000.0,189210000.0,190372000.0
Vornado Realty Trust,VNO,,899689,2018.0,FY,2018-01-01,2018-12-31,2020-02-18 16:34:43+00:00,2.02,2.02,2.52,446570000.0,2.01,31320000.0,37633000.0,17057000.0,347949000.0,,422603000.0,421965000.0,638000.0,384832000.0,-27351000.0,-330892000.0,0.0,156800000.0,,2494612000.0,-189021000.0,,910269000.0,65122000.0,,0.0,347949000.0,17057000.0,1199138000.0,2494612000.0,459598000.0,2163720000.0,,190500000.0,190219000.0,191290000.0
Vornado Realty Trust,VNO,,899689,2018.0,Q4,2018-10-01,2018-12-31,,0.53,0.53,5.66,112869000.0,0.53,27793000.0,32669000.0,7656000.0,83175000.0,,97821000.0,97564000.0,257000.0,100494000.0,-46343000.0,-75519000.0,34439000.0,-8028000.0,31137000.0,874309000.0,-1682056000.0,,916328000.0,12533000.0,,-3534000.0,83175000.0,7656000.0,33184000.0,908748000.0,130233000.0,833229000.0,,190500000.0,190219000.0,191290000.0
Vornado Realty Trust,VNO,,899689,2018.0,Q3,2018-07-01,2018-09-30,2019-10-28 16:18:41+00:00,1.0,1.0,,113169000.0,1.0,2510000.0,1943000.0,2893000.0,88951000.0,,219162000.0,219101000.0,61000.0,190645000.0,12671000.0,-86058000.0,1671000.0,141269000.0,3312000.0,542048000.0,267552000.0,,-7206000.0,12534000.0,,1861000.0,88951000.0,2893000.0,377886000.0,543719000.0,221044000.0,457661000.0,,190600000.0,190245000.0,191327000.0
Vornado Realty Trust,VNO,,899689,2018.0,Q3YTD,2018-01-01,2018-09-30,,1.49,1.49,-2.44,333701000.0,1.49,3527000.0,4964000.0,9401000.0,264774000.0,,324782000.0,324401000.0,381000.0,284338000.0,18992000.0,-255373000.0,-34439000.0,164828000.0,-31137000.0,1620303000.0,831251000.0,,-6059000.0,52589000.0,,3534000.0,264774000.0,9401000.0,1165954000.0,1585864000.0,329365000.0,1330491000.0,,190600000.0,190245000.0,191327000.0
Vornado Realty Trust,VNO,,899689,2018.0,Q3TTM,2017-10-01,2018-09-30,,1.64,1.64,-1.44,447867000.0,1.64,5303000.0,44910000.0,17695000.0,357847000.0,,378333000.0,376679000.0,1654000.0,311657000.0,28211000.0,-340152000.0,-43601000.0,168569000.0,-31137000.0,2569534000.0,-80347000.0,-98212000.0,204253000.0,69602000.0,,-1699000.0,357847000.0,17695000.0,1204963000.0,2427721000.0,421589000.0,2087569000.0,,190600000.0,190245000.0,191327000.0
Vornado Realty Trust,VNO,,899689,2018.0,Q2,2018-04-01,2018-06-30,2019-07-29 16:32:19+00:00,0.59,0.59,,111846000.0,0.58,1017000.0,467000.0,30892000.0,87657000.0,,105338000.0,104655000.0,683000.0,111534000.0,7445000.0,-56765000.0,-26899000.0,23559000.0,-26175000.0,541818000.0,270408000.0,,-8757000.0,12534000.0,,2077000.0,87657000.0,30892000.0,376591000.0,514919000.0,105122000.0,458154000.0,,189000000.0,190200000.0,191168000.0
Vornado Realty Trust,VNO,,899689,2018.0,Q2YTD,2018-01-01,2018-06-30,,0.49,0.49,-1.68,220532000.0,0.49,1017000.0,3021000.0,6508000.0,175823000.0,,105620000.0,105300000.0,320000.0,93693000.0,6321000.0,-169315000.0,-36110000.0,23559000.0,-34449000.0,1078255000.0,563699000.0,,1147000.0,40055000.0,,1673000.0,175823000.0,6508000.0,788068000.0,1042145000.0,108321000.0,872830000.0,,189000000.0,190200000.0,191168000.0
Vornado Realty Trust,VNO,,899689,2018.0,Q2TTM,2017-07-01,2018-06-30,,0.48,0.48,0.13,439670000.0,0.48,2793000.0,44155000.0,22133000.0,353964000.0,,148417000.0,194754000.0,-46337000.0,91986000.0,17684000.0,-331831000.0,-91406000.0,27300000.0,-34449000.0,2522949000.0,-313552000.0,-64920000.0,436685000.0,73196000.0,,-1585000.0,353964000.0,22133000.0,1193597000.0,2366623000.0,238909000.0,2034792000.0,,189000000.0,190200000.0,191168000.0
Vornado Realty Trust,VNO,,899689,2018.0,Q1,2018-01-01,2018-03-31,2019-04-29 11:23:42+00:00,-0.09,-0.09,0.63,108686000.0,-0.09,,2554000.0,-24384000.0,88166000.0,,282000.0,645000.0,-363000.0,-17841000.0,-1124000.0,-112550000.0,-9211000.0,,-8274000.0,536437000.0,293291000.0,,9904000.0,27521000.0,,-404000.0,88166000.0,-24384000.0,411477000.0,527226000.0,3199000.0,414676000.0,,198200000.0,190081000.0,190081000.0
Vornado Realty Trust,VNO,,899689,2018.0,Q1TTM,2017-04-01,2018-03-31,,0.51,0.51,3.45,432947000.0,0.51,1776000.0,43078000.0,-218000.0,351096000.0,,190563000.0,219472000.0,-28909000.0,96424000.0,25622000.0,-351314000.0,-13306000.0,3741000.0,-8274000.0,2461431000.0,-548295000.0,-34133000.0,661142000.0,76791000.0,,-2873000.0,351096000.0,-218000.0,1174283000.0,2413992000.0,262550000.0,2062678000.0,,198200000.0,190081000.0,190081000.0
Vornado Realty Trust,VNO,,899689,2019.0,FY,2019-01-01,2019-12-31,2020-02-18 16:34:43+00:00,16.23,16.23,1.95,419107000.0,16.21,106538000.0,103439000.0,21819000.0,286623000.0,,3334262000.0,3334292000.0,-30000.0,3097806000.0,186325000.0,-264804000.0,,3312516000.0,,2189504000.0,-94884000.0,,839116000.0,50131000.0,,0.0,286623000.0,21819000.0,1269877000.0,2189504000.0,3437731000.0,1924700000.0,,190900000.0,190801000.0,191053000.0
Vornado Realty Trust,VNO,,899689,2019.0,Q4,2019-10-01,2019-12-31,,1.01,1.01,,92926000.0,1.01,3223000.0,22897000.0,5889000.0,59683000.0,,160676000.0,160621000.0,55000.0,193217000.0,-11029000.0,-53794000.0,,112559000.0,-34045000.0,514762000.0,-815597000.0,,895255000.0,12533000.0,,-974000.0,59683000.0,5889000.0,282421000.0,514762000.0,183518000.0,460968000.0,,190900000.0,190801000.0,191053000.0
Vornado Realty Trust,VNO,,899689,2019.0,Q3,2019-07-01,2019-09-30,2019-10-28 16:18:41+00:00,1.69,1.69,,96437000.0,1.69,1576000.0,23885000.0,3045000.0,61448000.0,,363849000.0,363857000.0,-8000.0,322906000.0,22637000.0,-58403000.0,0.0,312821000.0,5774000.0,524364000.0,201193000.0,,-25946000.0,12532000.0,,974000.0,61448000.0,3045000.0,274234000.0,524364000.0,387742000.0,465961000.0,,191100000.0,190814000.0,191024000.0
Vornado Realty Trust,VNO,,899689,2019.0,Q3YTD,2019-01-01,2019-09-30,,15.22,15.22,-2.52,326181000.0,15.22,103315000.0,80542000.0,15930000.0,226940000.0,,3173586000.0,3173671000.0,-85000.0,2904589000.0,197354000.0,-211010000.0,,3199957000.0,34045000.0,1674742000.0,191105000.0,,-56139000.0,37598000.0,,974000.0,226940000.0,15930000.0,987456000.0,1674742000.0,3254213000.0,1463732000.0,,191100000.0,190814000.0,191024000.0
Vornado Realty Trust,VNO,,899689,2019.0,Q3TTM,2018-10-01,2019-09-30,,15.75,15.75,3.12,439050000.0,15.75,131108000.0,113211000.0,23586000.0,310115000.0,,3271407000.0,3271235000.0,172000.0,3005083000.0,151011000.0,-286529000.0,34439000.0,3191929000.0,65182000.0,2549051000.0,-1490951000.0,,860189000.0,50131000.0,,-2560000.0,310115000.0,23586000.0,1020640000.0,2583490000.0,3384446000.0,2296961000.0,,191100000.0,190814000.0,191024000.0
Vornado Realty Trust,VNO,,899689,2019.0,Q2,2019-04-01,2019-06-30,2019-07-29 16:32:19+00:00,12.58,12.58,,113035000.0,12.56,101590000.0,26914000.0,7840000.0,63029000.0,,2596693000.0,2596633000.0,60000.0,2400195000.0,162515000.0,-55189000.0,,2667009000.0,21451000.0,518292000.0,204435000.0,,-22873000.0,12532000.0,,0.0,63029000.0,7840000.0,396187000.0,518292000.0,2623547000.0,463103000.0,,190800000.0,190781000.0,191058000.0
Vornado Realty Trust,VNO,,899689,2019.0,Q2YTD,2019-01-01,2019-06-30,,13.53,13.53,-1.71,229744000.0,13.53,101739000.0,56657000.0,12885000.0,165492000.0,,2809737000.0,2809814000.0,-77000.0,2581683000.0,174717000.0,-152607000.0,,2887136000.0,28271000.0,1150378000.0,106718000.0,,-30193000.0,25066000.0,,,165492000.0,12885000.0,713222000.0,1150378000.0,2866471000.0,997771000.0,,190800000.0,190781000.0,191058000.0
Vornado Realty Trust,VNO,,899689,2019.0,Q2TTM,2018-07-01,2019-06-30,,15.06,15.06,3.16,455782000.0,15.06,132042000.0,91269000.0,23434000.0,337618000.0,,3126720000.0,3126479000.0,241000.0,2872822000.0,141045000.0,-314184000.0,36110000.0,3020377000.0,62720000.0,2566735000.0,-1307786000.0,,878929000.0,50133000.0,,-1673000.0,337618000.0,23434000.0,1124292000.0,2602845000.0,3217748000.0,2288661000.0,,190800000.0,190781000.0,191058000.0
Vornado Realty Trust,VNO,,899689,2019.0,Q1,2019-01-01,2019-03-31,2020-05-04 16:32:38+00:00,0.95,0.95,0.66,116709000.0,0.95,149000.0,29743000.0,5045000.0,102463000.0,,213044000.0,213181000.0,-137000.0,181488000.0,12202000.0,-97418000.0,,220127000.0,6820000.0,632086000.0,207497000.0,,-7320000.0,12534000.0,,0.0,102463000.0,5045000.0,317035000.0,632086000.0,242924000.0,534668000.0,,191000000.0,190689000.0,190996000.0
Vornado Realty Trust,VNO,,899689,2019.0,Q1TTM,2018-04-01,2019-03-31,,3.06,3.06,4.04,454593000.0,3.06,31469000.0,64822000.0,46486000.0,362246000.0,,635365000.0,634501000.0,864000.0,584161000.0,-14025000.0,-315760000.0,9211000.0,376927000.0,15094000.0,2590261000.0,-1131435000.0,,893045000.0,50135000.0,,404000.0,362246000.0,46486000.0,1104696000.0,2599472000.0,699323000.0,2283712000.0,,191000000.0,190689000.0,190996000.0
Vornado Realty Trust,VNO,,899689,2020.0,Q1TTM,2019-04-01,2020-03-31,,15.29,15.29,4.58,395191000.0,15.29,106460000.0,86509000.0,10870000.0,243002000.0,,3016715000.0,3016608000.0,107000.0,2921281000.0,174513000.0,-232132000.0,,2977515000.0,-129207000.0,2066696000.0,-548550000.0,,827333000.0,50128000.0,,,243002000.0,10870000.0,1244698000.0,2066696000.0,3103117000.0,1834564000.0,,165400000.0,191038000.0,191113000.0
Vornado Realty Trust,VNO,,899689,2020.0,Q1,2020-01-01,2020-03-31,2020-05-04 16:32:38+00:00,0.03,0.03,0.66,92793000.0,0.03,71000.0,12813000.0,-5904000.0,58842000.0,,-104503000.0,-104503000.0,0.0,4963000.0,390000.0,-64746000.0,,-114874000.0,-122387000.0,509278000.0,218095000.0,,-19103000.0,12531000.0,,0.0,58842000.0,-5904000.0,291856000.0,509278000.0,-91690000.0,444532000.0,,165400000.0,191038000.0,191113000.0
