company_name,company_ticker,company_lei,company_cik,year,quarter,start_date,end_date,filing_date,basicdilutedeps,basiceps,cashdividendspershare,dilutedeps,impairmentexpense,incometaxexpense,investmentbankingincome,investmentsecuritiesinterestincome,longtermdebtinterestexpense,marketingexpense,netincome,netincomecontinuing,netincomediscontinued,netincometocommon,netincometononcontrollinginterest,netinterestincome,netoccupancyequipmentexpense,netrealizedcapitalgains,othernoninterestincome,otheroperatingexpenses,otherservicechargeincome,premiumsearned,propertyliabilityinsuranceclaims,provisionforcreditlosses,restructuringcharge,salariesandemployeebenefitsexpense,totalinterestexpense,totalinterestincome,totalnoninterestexpense,totalnoninterestincome,totalpretaxincome,totalrevenue,weightedavebasicdilutedsharesos,weightedavebasicsharesos,weightedavedilutedsharesos
Citigroup Inc,C,,831001,2007.0,FY,2007-01-01,2007-12-31,2010-02-26 17:00:16+00:00,0.68,0.68,,0.67,,-2546000000.0,,121347000000.0,75958000000.0,2729000000.0,3900000000.0,3192000000.0,708000000.0,3617000000.0,283000000.0,45389000000.0,10457000000.0,1168000000.0,-12347000000.0,11318000000.0,40028000000.0,3062000000.0,,17917000000.0,1528000000.0,32705000000.0,75958000000.0,121347000000.0,58737000000.0,31911000000.0,646000000.0,77300000000.0,5319100000.0,4905800000.0,4924000000.0
Citigroup Inc,C,,831001,2008.0,FY,2008-01-01,2008-12-31,2011-02-25 17:07:08+00:00,-5.63,-5.63,,-5.63,,-20326000000.0,,106499000000.0,52750000000.0,2188000000.0,-28027000000.0,-32029000000.0,4002000000.0,-27684000000.0,-343000000.0,53749000000.0,11310000000.0,-2061000000.0,-23889000000.0,23096000000.0,20579000000.0,3221000000.0,,34714000000.0,1550000000.0,31096000000.0,52750000000.0,106499000000.0,69240000000.0,-2150000000.0,-52355000000.0,51599000000.0,4917200000.0,5265400000.0,5768900000.0
Citigroup Inc,C,,831001,2008.0,Q3,2008-07-01,2008-09-30,2009-11-06 17:11:41+00:00,-0.61,-0.61,,-0.61,,-3295000000.0,,26130000000.0,12726000000.0,496000000.0,-2908000000.0,-3521000000.0,613000000.0,-2815000000.0,-93000000.0,13404000000.0,2857000000.0,-605000000.0,-3013000000.0,3102000000.0,5649000000.0,823000000.0,,9067000000.0,8000000.0,7544000000.0,12726000000.0,26130000000.0,14007000000.0,2854000000.0,-6816000000.0,16258000000.0,4614800000.0,5341800000.0,5831100000.0
Citigroup Inc,C,,831001,2008.0,Q2,2008-04-01,2008-06-30,2009-08-07 16:48:34+00:00,,-0.55,,-0.55,,-2447000000.0,,27337000000.0,13351000000.0,616000000.0,-2423000000.0,-2329000000.0,-94000000.0,-2495000000.0,72000000.0,13986000000.0,2866000000.0,-139000000.0,-3605000000.0,2941000000.0,6449000000.0,847000000.0,260000000.0,6983000000.0,-44000000.0,8692000000.0,13351000000.0,27337000000.0,15331000000.0,3552000000.0,-4776000000.0,17538000000.0,,5287400000.0,5776800000.0
Citigroup Inc,C,,831001,2009.0,Q4,2009-10-01,2009-12-31,,-6.55,-6.55,,-6.55,,-7353000000.0,,17466000000.0,6723000000.0,413000000.0,-7508000000.0,-7740000000.0,232000000.0,-7579000000.0,71000000.0,10743000000.0,2293000000.0,-474000000.0,-733000000.0,3385000000.0,-4888000000.0,757000000.0,-324000000.0,8508000000.0,-34000000.0,6257000000.0,6723000000.0,17466000000.0,11990000000.0,-5338000000.0,-15093000000.0,5405000000.0,201000000.0,1156800000.0,1209900000.0
Citigroup Inc,C,,831001,2009.0,FY,2009-01-01,2009-12-31,2012-02-24 09:31:44+00:00,-7.99,-7.99,,-7.99,,-6733000000.0,,76398000000.0,27902000000.0,1415000000.0,-1511000000.0,-1066000000.0,-445000000.0,-1606000000.0,95000000.0,48496000000.0,8912000000.0,-910000000.0,6068000000.0,12621000000.0,23611000000.0,3020000000.0,,40262000000.0,-113000000.0,24987000000.0,27902000000.0,76398000000.0,47822000000.0,31789000000.0,-7799000000.0,80285000000.0,201000000.0,1156800000.0,1209900000.0
Citigroup Inc,C,,831001,2009.0,Q3,2009-07-01,2009-09-30,2010-11-05 08:16:38+00:00,-0.27,-0.27,,-0.27,,-1122000000.0,,18678000000.0,6680000000.0,317000000.0,175000000.0,593000000.0,-418000000.0,101000000.0,74000000.0,11998000000.0,2149000000.0,-285000000.0,1343000000.0,3256000000.0,6571000000.0,763000000.0,324000000.0,8771000000.0,-34000000.0,6136000000.0,6680000000.0,18678000000.0,12148000000.0,8392000000.0,-529000000.0,20390000000.0,-374100000.0,12104300000.0,12216000000.0
Citigroup Inc,C,,831001,2009.0,Q3YTD,2009-01-01,2009-09-30,,0.49,0.49,0.27,0.49,,620000000.0,,58932000000.0,21179000000.0,1002000000.0,5997000000.0,6674000000.0,-677000000.0,5973000000.0,24000000.0,37753000000.0,6619000000.0,-436000000.0,6801000000.0,9236000000.0,28499000000.0,2263000000.0,324000000.0,31754000000.0,-79000000.0,18730000000.0,21179000000.0,58932000000.0,35832000000.0,37127000000.0,7294000000.0,74880000000.0,-374100000.0,12104300000.0,12216000000.0
Citigroup Inc,C,,831001,2009.0,Q2YTD,2009-01-01,2009-06-30,,1.09,1.09,0.47,1.09,,1742000000.0,,40254000000.0,14499000000.0,685000000.0,5822000000.0,6081000000.0,-259000000.0,5872000000.0,-50000000.0,25755000000.0,4470000000.0,-151000000.0,5458000000.0,5980000000.0,21928000000.0,1500000000.0,,22983000000.0,-45000000.0,12594000000.0,14499000000.0,40254000000.0,23684000000.0,28735000000.0,7823000000.0,54490000000.0,8732700000.0,5399500000.0,5967800000.0
Citigroup Inc,C,,831001,2009.0,Q2,2009-04-01,2009-06-30,2010-08-06 16:15:58+00:00,0.49,0.49,,0.49,,907000000.0,,19671000000.0,6842000000.0,351000000.0,4245000000.0,4387000000.0,-142000000.0,4279000000.0,-34000000.0,12829000000.0,2245000000.0,-160000000.0,1788000000.0,3076000000.0,14767000000.0,745000000.0,,12676000000.0,-32000000.0,6359000000.0,6842000000.0,19671000000.0,11999000000.0,17140000000.0,5294000000.0,29969000000.0,8732700000.0,5399500000.0,5967800000.0
Citigroup Inc,C,,831001,2009.0,Q1,2009-01-01,2009-03-31,2010-05-07 16:42:31+00:00,-0.18,-0.18,,-0.18,,835000000.0,,20583000000.0,7657000000.0,334000000.0,1577000000.0,1694000000.0,-117000000.0,1593000000.0,-16000000.0,12926000000.0,2225000000.0,9000000.0,3670000000.0,2904000000.0,7161000000.0,755000000.0,,10307000000.0,-13000000.0,6235000000.0,7657000000.0,20583000000.0,11685000000.0,11595000000.0,2529000000.0,24521000000.0,-8850000000.0,5385000000.0,5953300000.0
Citigroup Inc,C,,831001,2010.0,Q4,2010-10-01,2010-12-31,,0.45,0.45,,0.45,,-313000000.0,,18703000000.0,6251000000.0,518000000.0,1471000000.0,1373000000.0,98000000.0,1309000000.0,162000000.0,12452000000.0,2112000000.0,1569000000.0,-489000000.0,5097000000.0,5605000000.0,645000000.0,451000000.0,4354000000.0,,6190000000.0,6251000000.0,18703000000.0,14368000000.0,7330000000.0,1060000000.0,19782000000.0,2904700000.0,2877600000.0,2967800000.0
Citigroup Inc,C,,831001,2010.0,FY,2010-01-01,2010-12-31,2013-03-01 07:49:35+00:00,3.65,3.65,,3.54,,2233000000.0,,79282000000.0,25096000000.0,1645000000.0,10883000000.0,10951000000.0,-68000000.0,10602000000.0,281000000.0,54186000000.0,8255000000.0,2411000000.0,7517000000.0,14456000000.0,21214000000.0,2684000000.0,965000000.0,25077000000.0,,24430000000.0,25096000000.0,79282000000.0,49751000000.0,33826000000.0,13184000000.0,88012000000.0,2904700000.0,2877600000.0,2967800000.0
Citigroup Inc,C,,831001,2010.0,Q3,2010-07-01,2010-09-30,2010-11-05 08:16:38+00:00,0.07,0.07,,0.07,,698000000.0,,19371000000.0,6125000000.0,458000000.0,2227000000.0,2601000000.0,-374000000.0,2168000000.0,59000000.0,13246000000.0,2095000000.0,742000000.0,1528000000.0,2850000000.0,4567000000.0,655000000.0,227000000.0,5692000000.0,0.0,6117000000.0,6125000000.0,19371000000.0,11747000000.0,7492000000.0,3299000000.0,20738000000.0,30971400000.0,28877500000.0,29778300000.0
Citigroup Inc,C,,831001,2010.0,Q3YTD,2010-01-01,2010-09-30,,0.32,0.32,,0.32,,2546000000.0,,60579000000.0,18845000000.0,1127000000.0,9412000000.0,9578000000.0,-166000000.0,9293000000.0,119000000.0,41734000000.0,6143000000.0,842000000.0,8006000000.0,9359000000.0,15609000000.0,2039000000.0,514000000.0,20723000000.0,,18240000000.0,18845000000.0,60579000000.0,35383000000.0,26496000000.0,12124000000.0,68230000000.0,30971400000.0,28877500000.0,29778300000.0
Citigroup Inc,C,,831001,2010.0,Q3TTM,2009-10-01,2010-09-30,,0.06,0.06,,0.06,,-4807000000.0,,78045000000.0,25568000000.0,1540000000.0,1904000000.0,1838000000.0,66000000.0,1714000000.0,190000000.0,52477000000.0,8436000000.0,368000000.0,7273000000.0,12744000000.0,10721000000.0,2796000000.0,190000000.0,29231000000.0,-34000000.0,24497000000.0,25568000000.0,78045000000.0,47373000000.0,21158000000.0,-2969000000.0,73635000000.0,30971400000.0,28877500000.0,29778300000.0
Citigroup Inc,C,,831001,2010.0,Q2YTD,2010-01-01,2010-06-30,,2.47,2.47,,2.47,,1848000000.0,,41208000000.0,12720000000.0,669000000.0,7185000000.0,6977000000.0,208000000.0,7125000000.0,60000000.0,28488000000.0,4048000000.0,100000000.0,6478000000.0,6509000000.0,11042000000.0,1384000000.0,287000000.0,15031000000.0,,12123000000.0,12720000000.0,41208000000.0,23636000000.0,19004000000.0,8825000000.0,47492000000.0,2900000000.0,2884900000.0,2975300000.0
Citigroup Inc,C,,831001,2010.0,Q2TTM,2009-07-01,2010-06-30,,-0.12,-0.12,0.24,-0.12,,-6627000000.0,,77352000000.0,26123000000.0,1399000000.0,-148000000.0,-170000000.0,22000000.0,-353000000.0,205000000.0,51229000000.0,8490000000.0,-659000000.0,7088000000.0,13150000000.0,12725000000.0,2904000000.0,287000000.0,32310000000.0,-68000000.0,24516000000.0,26123000000.0,77352000000.0,47774000000.0,22058000000.0,-6797000000.0,73287000000.0,2900000000.0,2884900000.0,2975300000.0
Citigroup Inc,C,,831001,2010.0,Q2,2010-04-01,2010-06-30,2011-08-05 14:45:03+00:00,0.93,0.93,,0.9,,812000000.0,,20356000000.0,6429000000.0,367000000.0,2725000000.0,2728000000.0,-3000000.0,2697000000.0,28000000.0,13927000000.0,2019000000.0,69000000.0,2362000000.0,3519000000.0,5077000000.0,636000000.0,,6665000000.0,,5961000000.0,6429000000.0,20356000000.0,11866000000.0,8144000000.0,3540000000.0,22071000000.0,2900000000.0,2884900000.0,2975300000.0
Citigroup Inc,C,,831001,2010.0,Q1,2010-01-01,2010-03-31,2011-05-05 16:08:14+00:00,0.15,0.15,,0.15,,1036000000.0,,20852000000.0,6291000000.0,302000000.0,4460000000.0,4249000000.0,211000000.0,4428000000.0,32000000.0,14561000000.0,2029000000.0,31000000.0,4116000000.0,2990000000.0,5965000000.0,748000000.0,287000000.0,8366000000.0,0.0,6162000000.0,6291000000.0,20852000000.0,11770000000.0,10860000000.0,5285000000.0,25421000000.0,29520000000.0,28444300000.0,29333500000.0
Citigroup Inc,C,,831001,2010.0,Q1TTM,2009-04-01,2010-03-31,,0.04,0.04,0.08,0.04,,-6532000000.0,,76667000000.0,26536000000.0,1383000000.0,1372000000.0,1489000000.0,-117000000.0,1229000000.0,143000000.0,50131000000.0,8716000000.0,-888000000.0,6514000000.0,12707000000.0,22415000000.0,3013000000.0,287000000.0,38321000000.0,-100000000.0,24914000000.0,26536000000.0,76667000000.0,47907000000.0,31054000000.0,-5043000000.0,81185000000.0,29520000000.0,28444300000.0,29333500000.0
Citigroup Inc,C,,831001,2011.0,FY,2011-01-01,2011-12-31,2014-03-03 07:57:17+00:00,3.73,3.73,,3.63,,3575000000.0,,71858000000.0,24209000000.0,2268000000.0,11215000000.0,11147000000.0,68000000.0,11067000000.0,148000000.0,47649000000.0,8365000000.0,1997000000.0,4980000000.0,14003000000.0,20144000000.0,2561000000.0,972000000.0,11387000000.0,,25614000000.0,24209000000.0,71858000000.0,51222000000.0,29682000000.0,14722000000.0,77331000000.0,2967000000.0,2909800000.0,2998800000.0
Citigroup Inc,C,,831001,2011.0,Q3YTD,2011-01-01,2011-09-30,,3.47,3.47,0.02,3.47,2000000.0,3430000000.0,,54886000000.0,18522000000.0,1659000000.0,10217000000.0,10105000000.0,112000000.0,10111000000.0,106000000.0,36364000000.0,6312000000.0,50000000.0,7738000000.0,10327000000.0,15011000000.0,2014000000.0,259000000.0,9620000000.0,,19301000000.0,18522000000.0,54886000000.0,37942000000.0,24815000000.0,13535000000.0,61179000000.0,2969300000.0,2910800000.0,2998600000.0
Citigroup Inc,C,,831001,2011.0,Q2YTD,2011-01-01,2011-06-30,,2.18,2.18,0.01,2.18,,2152000000.0,,36741000000.0,12491000000.0,1024000000.0,6474000000.0,6363000000.0,111000000.0,6340000000.0,134000000.0,24250000000.0,4146000000.0,-715000000.0,5783000000.0,7014000000.0,9674000000.0,1356000000.0,,6571000000.0,,13078000000.0,12491000000.0,36741000000.0,25262000000.0,16098000000.0,8515000000.0,40348000000.0,2983000000.0,2908600000.0,2997000000.0
Citigroup Inc,C,,831001,2011.0,Q2TTM,2010-07-01,2011-06-30,,3.38,3.38,0.02,3.38,,2537000000.0,,74815000000.0,24867000000.0,2000000000.0,10172000000.0,10337000000.0,-165000000.0,9817000000.0,355000000.0,49948000000.0,8353000000.0,1596000000.0,6822000000.0,14961000000.0,19846000000.0,2656000000.0,678000000.0,16617000000.0,,25385000000.0,24867000000.0,74815000000.0,51377000000.0,30920000000.0,12874000000.0,80868000000.0,2983000000.0,2908600000.0,2997000000.0
Citigroup Inc,C,,831001,2011.0,Q2,2011-04-01,2011-06-30,2012-08-03 16:19:01+00:00,1.12,1.12,,1.09,,967000000.0,,18586000000.0,6438000000.0,627000000.0,3403000000.0,3332000000.0,71000000.0,3341000000.0,62000000.0,12148000000.0,2107000000.0,412000000.0,2616000000.0,3533000000.0,4762000000.0,684000000.0,,3387000000.0,,6669000000.0,6438000000.0,18586000000.0,12936000000.0,8474000000.0,4299000000.0,20622000000.0,2983000000.0,2908600000.0,2997000000.0
Citigroup Inc,C,,831001,2011.0,Q1TTM,2010-04-01,2011-03-31,,3.16,3.16,,3.16,,2382000000.0,,76585000000.0,24858000000.0,1740000000.0,9494000000.0,9733000000.0,-239000000.0,9173000000.0,321000000.0,51727000000.0,8265000000.0,1253000000.0,6568000000.0,14947000000.0,20161000000.0,2608000000.0,678000000.0,19895000000.0,,24677000000.0,24858000000.0,76585000000.0,50307000000.0,30590000000.0,12115000000.0,82317000000.0,2940200000.0,2904400000.0,2996600000.0
Citigroup Inc,C,,831001,2011.0,Q1,2011-01-01,2011-03-31,2012-05-04 16:07:01+00:00,1.02,1.02,,0.99,,1185000000.0,,18155000000.0,6053000000.0,397000000.0,3071000000.0,3031000000.0,40000000.0,2999000000.0,72000000.0,12102000000.0,2039000000.0,-1127000000.0,3167000000.0,3481000000.0,4912000000.0,672000000.0,,3184000000.0,,6409000000.0,6053000000.0,18155000000.0,12326000000.0,7624000000.0,4216000000.0,19726000000.0,2940200000.0,2904400000.0,2996600000.0
Citigroup Inc,C,,831001,2012.0,Q4,2012-10-01,2012-12-31,,0.41,0.41,0.01,0.41,,-223000000.0,,16338000000.0,4653000000.0,496000000.0,1224000000.0,1292000000.0,-68000000.0,1196000000.0,28000000.0,11685000000.0,2366000000.0,566000000.0,5230000000.0,9229000000.0,4644000000.0,562000000.0,444000000.0,2550000000.0,,6511000000.0,4653000000.0,16338000000.0,19046000000.0,10980000000.0,1069000000.0,22665000000.0,3004400000.0,2930600000.0,3015500000.0
Citigroup Inc,C,,831001,2012.0,FY,2012-01-01,2012-12-31,2015-02-25 17:06:00+00:00,2.51,2.51,,2.44,,7000000.0,,67298000000.0,20612000000.0,2164000000.0,7760000000.0,7818000000.0,-58000000.0,7541000000.0,219000000.0,46686000000.0,9095000000.0,3251000000.0,4980000000.0,18629000000.0,16849000000.0,2395000000.0,887000000.0,10442000000.0,,25119000000.0,20612000000.0,67298000000.0,55894000000.0,27475000000.0,7825000000.0,74161000000.0,3004400000.0,2930600000.0,3015500000.0
Citigroup Inc,C,,831001,2012.0,Q3YTD,2012-01-01,2012-09-30,,2.17,2.17,0.04,2.17,,230000000.0,,50960000000.0,15959000000.0,1668000000.0,6536000000.0,6526000000.0,10000000.0,6345000000.0,191000000.0,35001000000.0,6729000000.0,2685000000.0,-250000000.0,9400000000.0,12205000000.0,1833000000.0,443000000.0,7892000000.0,,18608000000.0,15959000000.0,50960000000.0,36848000000.0,16495000000.0,6756000000.0,51496000000.0,3120000000.0,2926800000.0,3015300000.0
Citigroup Inc,C,,831001,2012.0,Q3,2012-07-01,2012-09-30,2013-11-01 08:22:53+00:00,0.15,0.15,,0.15,,-1494000000.0,,16737000000.0,5026000000.0,589000000.0,493000000.0,485000000.0,8000000.0,468000000.0,25000000.0,11711000000.0,2282000000.0,615000000.0,-2494000000.0,3108000000.0,3274000000.0,597000000.0,,2620000000.0,,6113000000.0,5026000000.0,16737000000.0,12092000000.0,1992000000.0,-1009000000.0,13703000000.0,3120000000.0,2926800000.0,3015300000.0
Citigroup Inc,C,,831001,2012.0,Q2YTD,2012-01-01,2012-06-30,,2.01,2.01,0.02,2.01,,1724000000.0,,34223000000.0,10933000000.0,1079000000.0,6043000000.0,6041000000.0,2000000.0,5877000000.0,166000000.0,23290000000.0,4447000000.0,2070000000.0,2244000000.0,6292000000.0,8931000000.0,1236000000.0,443000000.0,5272000000.0,,12495000000.0,10933000000.0,34223000000.0,24756000000.0,14503000000.0,7765000000.0,37793000000.0,3006100000.0,2926600000.0,3015000000.0
Citigroup Inc,C,,831001,2012.0,Q2TTM,2011-07-01,2012-06-30,,3.62,3.62,0.05,3.62,,3147000000.0,,69340000000.0,22651000000.0,2323000000.0,10784000000.0,10825000000.0,-41000000.0,10604000000.0,180000000.0,46689000000.0,8666000000.0,4782000000.0,1441000000.0,13281000000.0,19401000000.0,2441000000.0,1415000000.0,10088000000.0,,25031000000.0,22651000000.0,69340000000.0,50716000000.0,28087000000.0,13972000000.0,74776000000.0,3006100000.0,2926600000.0,3015000000.0
Citigroup Inc,C,,831001,2012.0,Q2,2012-04-01,2012-06-30,2013-08-02 08:06:57+00:00,0.98,0.98,,0.95,,718000000.0,,16686000000.0,5343000000.0,576000000.0,2986000000.0,2979000000.0,7000000.0,2946000000.0,40000000.0,11343000000.0,2266000000.0,145000000.0,1640000000.0,3042000000.0,4658000000.0,601000000.0,214000000.0,2482000000.0,,6110000000.0,5343000000.0,16686000000.0,12208000000.0,7044000000.0,3697000000.0,18387000000.0,3006100000.0,2926600000.0,3015000000.0
Citigroup Inc,C,,831001,2012.0,Q1TTM,2011-04-01,2012-03-31,,3.76,3.76,0.05,3.76,,3396000000.0,,71240000000.0,23746000000.0,2374000000.0,11201000000.0,11178000000.0,23000000.0,10999000000.0,202000000.0,47494000000.0,8507000000.0,5049000000.0,2417000000.0,13772000000.0,19505000000.0,2524000000.0,1201000000.0,10993000000.0,,25590000000.0,23746000000.0,71240000000.0,51444000000.0,29517000000.0,14574000000.0,77011000000.0,2990800000.0,2926200000.0,3014500000.0
Citigroup Inc,C,,831001,2012.0,Q1,2012-01-01,2012-03-31,2013-05-03 08:10:21+00:00,0.98,0.98,,0.95,,1006000000.0,,17537000000.0,5590000000.0,503000000.0,3057000000.0,3062000000.0,-5000000.0,2931000000.0,126000000.0,11947000000.0,2181000000.0,1925000000.0,604000000.0,3250000000.0,4273000000.0,635000000.0,229000000.0,2790000000.0,,6385000000.0,5590000000.0,17537000000.0,12548000000.0,7459000000.0,4068000000.0,19406000000.0,2990800000.0,2926200000.0,3014500000.0
Citigroup Inc,C,,831001,2013.0,Q3YTD,2013-01-01,2013-09-30,,3.7,3.7,0.07,3.7,,4777000000.0,,47263000000.0,12440000000.0,1387000000.0,11394000000.0,11305000000.0,89000000.0,11217000000.0,177000000.0,34823000000.0,6953000000.0,319000000.0,6298000000.0,9538000000.0,15450000000.0,1728000000.0,204000000.0,6238000000.0,,18238000000.0,12440000000.0,47263000000.0,36320000000.0,23795000000.0,16082000000.0,58618000000.0,3195000000.0,3034300000.0,3040900000.0
Citigroup Inc,C,,831001,2013.0,Q3TTM,2012-10-01,2013-09-30,,4.09,4.09,0.08,4.09,,4554000000.0,,63601000000.0,17093000000.0,1883000000.0,12618000000.0,12597000000.0,21000000.0,12413000000.0,205000000.0,46508000000.0,9319000000.0,885000000.0,11528000000.0,18767000000.0,20094000000.0,2290000000.0,648000000.0,8788000000.0,,24749000000.0,17093000000.0,63601000000.0,55366000000.0,34775000000.0,17151000000.0,81283000000.0,3195000000.0,3034300000.0,3040900000.0
Citigroup Inc,C,,831001,2013.0,Q3,2013-07-01,2013-09-30,2014-10-30 16:44:08+00:00,1.01,1.01,,1.0,,1080000000.0,,15463000000.0,3952000000.0,458000000.0,3278000000.0,3186000000.0,92000000.0,3227000000.0,51000000.0,11511000000.0,2331000000.0,63000000.0,1110000000.0,3062000000.0,4664000000.0,556000000.0,204000000.0,1755000000.0,,5828000000.0,3952000000.0,15463000000.0,11883000000.0,6393000000.0,4266000000.0,17904000000.0,3195000000.0,3034300000.0,3040900000.0
Citigroup Inc,C,,831001,2013.0,Q2YTD,2013-01-01,2013-06-30,,2.63,2.63,0.02,2.63,,3697000000.0,,31800000000.0,8488000000.0,929000000.0,8116000000.0,8119000000.0,-3000000.0,7990000000.0,126000000.0,23312000000.0,4622000000.0,256000000.0,5188000000.0,6476000000.0,10786000000.0,1172000000.0,,4483000000.0,,12410000000.0,8488000000.0,31800000000.0,24437000000.0,17402000000.0,11816000000.0,40714000000.0,3097800000.0,3040700000.0,3046300000.0
Citigroup Inc,C,,831001,2013.0,Q2TTM,2012-07-01,2013-06-30,,3.17,3.17,0.05,3.17,,1980000000.0,,64875000000.0,18167000000.0,2014000000.0,9833000000.0,9896000000.0,-63000000.0,9654000000.0,179000000.0,46708000000.0,9270000000.0,1437000000.0,7924000000.0,18813000000.0,18704000000.0,2331000000.0,444000000.0,9653000000.0,,25034000000.0,18167000000.0,64875000000.0,55575000000.0,30374000000.0,11876000000.0,77082000000.0,3097800000.0,3040700000.0,3046300000.0
Citigroup Inc,C,,831001,2013.0,Q2,2013-04-01,2013-06-30,2014-08-01 07:49:15+00:00,1.35,1.35,,1.34,,2127000000.0,,15840000000.0,4158000000.0,480000000.0,4218000000.0,4188000000.0,30000000.0,4182000000.0,36000000.0,11682000000.0,2248000000.0,89000000.0,2684000000.0,3346000000.0,5451000000.0,582000000.0,,2024000000.0,,6075000000.0,4158000000.0,15840000000.0,12149000000.0,8806000000.0,6315000000.0,20488000000.0,3097800000.0,3040700000.0,3046300000.0
Citigroup Inc,C,,831001,2013.0,Q1TTM,2012-04-01,2013-03-31,,2.77,2.77,0.05,2.77,,571000000.0,,65721000000.0,19352000000.0,2110000000.0,8601000000.0,8687000000.0,-86000000.0,8418000000.0,183000000.0,46369000000.0,9288000000.0,1493000000.0,6880000000.0,18509000000.0,17911000000.0,2350000000.0,658000000.0,10111000000.0,,25069000000.0,19352000000.0,65721000000.0,55634000000.0,28612000000.0,9258000000.0,74981000000.0,3095900000.0,3040100000.0,3044700000.0
Citigroup Inc,C,,831001,2013.0,Q1,2013-01-01,2013-03-31,2014-05-02 07:53:33+00:00,1.23,1.23,,1.23,,1570000000.0,,15960000000.0,4330000000.0,449000000.0,3898000000.0,3931000000.0,-33000000.0,3808000000.0,90000000.0,11630000000.0,2374000000.0,167000000.0,2504000000.0,3130000000.0,5335000000.0,590000000.0,,2459000000.0,,6335000000.0,4330000000.0,15960000000.0,12288000000.0,8596000000.0,5501000000.0,20226000000.0,3095900000.0,3040100000.0,3044700000.0
Citigroup Inc,C,,831001,2014.0,Q4,2014-10-01,2014-12-31,,0.06,0.06,,0.06,,1077000000.0,,15260000000.0,3159000000.0,484000000.0,382000000.0,383000000.0,-1000000.0,344000000.0,38000000.0,12101000000.0,2407000000.0,567000000.0,-6000000.0,4110000000.0,4756000000.0,497000000.0,801000000.0,1212000000.0,,5807000000.0,3159000000.0,15260000000.0,14426000000.0,5814000000.0,1460000000.0,17915000000.0,3307700000.0,3031600000.0,3037000000.0
Citigroup Inc,C,,831001,2014.0,FY,2014-01-01,2014-12-31,2016-02-26 16:45:11+00:00,2.21,2.21,,2.2,,7197000000.0,,61683000000.0,13690000000.0,1844000000.0,7502000000.0,7504000000.0,-2000000.0,7310000000.0,192000000.0,47993000000.0,9614000000.0,570000000.0,6274000000.0,18833000000.0,20272000000.0,2110000000.0,801000000.0,6666000000.0,,23959000000.0,13690000000.0,61683000000.0,55051000000.0,29226000000.0,14701000000.0,77219000000.0,3307700000.0,3031600000.0,3037000000.0
Citigroup Inc,C,,831001,2014.0,Q3YTD,2014-01-01,2014-09-30,,2.15,2.15,,2.14,,6120000000.0,,46423000000.0,10531000000.0,1360000000.0,7120000000.0,7121000000.0,-1000000.0,6966000000.0,154000000.0,35892000000.0,7207000000.0,3000000.0,6280000000.0,13906000000.0,15516000000.0,1613000000.0,,5454000000.0,,18152000000.0,10531000000.0,46423000000.0,40625000000.0,23412000000.0,13241000000.0,59304000000.0,3228400000.0,3029500000.0,3034800000.0
Citigroup Inc,C,,831001,2014.0,Q3,2014-07-01,2014-09-30,2015-10-30 16:25:44+00:00,0.88,0.88,,0.88,,2068000000.0,,15512000000.0,3325000000.0,442000000.0,2900000000.0,2916000000.0,-16000000.0,2841000000.0,59000000.0,12187000000.0,2434000000.0,29000000.0,1549000000.0,3965000000.0,5378000000.0,530000000.0,,1750000000.0,,6114000000.0,3325000000.0,15512000000.0,12955000000.0,7486000000.0,4984000000.0,19673000000.0,3228400000.0,3029500000.0,3034800000.0
Citigroup Inc,C,,831001,2014.0,Q2YTD,2014-01-01,2014-06-30,,1.27,1.27,,1.26,,4052000000.0,,30911000000.0,7206000000.0,918000000.0,4220000000.0,4205000000.0,15000000.0,4125000000.0,95000000.0,23705000000.0,4773000000.0,-26000000.0,4731000000.0,9941000000.0,10138000000.0,1083000000.0,,3704000000.0,,12038000000.0,7206000000.0,30911000000.0,27670000000.0,15926000000.0,8257000000.0,39631000000.0,6033300000.0,3033800000.0,3038300000.0
Citigroup Inc,C,,831001,2014.0,Q2,2014-04-01,2014-06-30,2015-08-03 08:11:03+00:00,0.03,0.03,,0.03,,1921000000.0,,15561000000.0,3615000000.0,460000000.0,231000000.0,253000000.0,-22000000.0,181000000.0,50000000.0,11946000000.0,2438000000.0,47000000.0,1843000000.0,6595000000.0,5051000000.0,538000000.0,,1730000000.0,,6028000000.0,3615000000.0,15561000000.0,15521000000.0,7479000000.0,2174000000.0,19425000000.0,6033300000.0,3033800000.0,3038300000.0
Citigroup Inc,C,,831001,2014.0,Q1,2014-01-01,2014-03-31,2015-05-11 08:48:46+00:00,1.24,1.24,,1.23,,2131000000.0,,15350000000.0,3591000000.0,458000000.0,3989000000.0,3952000000.0,37000000.0,3944000000.0,45000000.0,11759000000.0,2335000000.0,-73000000.0,2888000000.0,3346000000.0,5087000000.0,545000000.0,,1974000000.0,,6010000000.0,3591000000.0,15350000000.0,12149000000.0,8447000000.0,6083000000.0,20206000000.0,3180600000.0,3037400000.0,3043300000.0
Citigroup Inc,C,,831001,2015.0,FY,2015-01-01,2015-12-31,2018-02-23 08:44:36+00:00,5.41,5.41,,5.4,,7440000000.0,,58551000000.0,11921000000.0,1547000000.0,17332000000.0,17386000000.0,-54000000.0,17242000000.0,90000000.0,46630000000.0,9459000000.0,417000000.0,6008000000.0,10840000000.0,23299000000.0,,,7913000000.0,,21769000000.0,11921000000.0,58551000000.0,43615000000.0,29724000000.0,24826000000.0,76354000000.0,3187100000.0,3004000000.0,3007700000.0
Citigroup Inc,C,,831001,2015.0,Q4,2015-10-01,2015-12-31,,1.02,1.02,,1.03,,1403000000.0,,14364000000.0,2901000000.0,371000000.0,3360000000.0,3405000000.0,-45000000.0,3335000000.0,25000000.0,11463000000.0,2407000000.0,-29000000.0,537000000.0,2911000000.0,7928000000.0,-1443000000.0,,2514000000.0,,5445000000.0,2901000000.0,14364000000.0,11134000000.0,6993000000.0,4808000000.0,18456000000.0,3187100000.0,3004000000.0,3007700000.0
Citigroup Inc,C,,831001,2015.0,Q3YTD,2015-01-01,2015-09-30,,4.39,4.39,,4.37,,6037000000.0,,44187000000.0,9020000000.0,1176000000.0,13972000000.0,13981000000.0,-9000000.0,13907000000.0,65000000.0,35167000000.0,7052000000.0,446000000.0,5471000000.0,7929000000.0,15371000000.0,1443000000.0,,5399000000.0,,16324000000.0,9020000000.0,44187000000.0,32481000000.0,22731000000.0,20018000000.0,57898000000.0,3155100000.0,2993300000.0,2996900000.0
Citigroup Inc,C,,831001,2015.0,Q3TTM,2014-10-01,2015-09-30,,4.45,4.45,,4.43,,7114000000.0,,59447000000.0,12179000000.0,1660000000.0,14354000000.0,14364000000.0,-10000000.0,14251000000.0,103000000.0,47268000000.0,9459000000.0,1013000000.0,5465000000.0,12039000000.0,20127000000.0,1940000000.0,801000000.0,6611000000.0,,22131000000.0,12179000000.0,59447000000.0,46907000000.0,28545000000.0,21478000000.0,75813000000.0,3155100000.0,2993300000.0,2996900000.0
Citigroup Inc,C,,831001,2015.0,Q3,2015-07-01,2015-09-30,2016-10-31 08:27:30+00:00,1.36,1.36,,1.35,,1881000000.0,,14714000000.0,2941000000.0,391000000.0,4296000000.0,4306000000.0,-10000000.0,4291000000.0,5000000.0,11773000000.0,2350000000.0,71000000.0,1327000000.0,2607000000.0,5057000000.0,464000000.0,,1836000000.0,,5321000000.0,2941000000.0,14714000000.0,10669000000.0,6919000000.0,6187000000.0,18692000000.0,3155100000.0,2993300000.0,2996900000.0
Citigroup Inc,C,,831001,2015.0,Q2YTD,2015-01-01,2015-06-30,,3.03,3.03,,3.02,,4156000000.0,,29473000000.0,6079000000.0,785000000.0,9676000000.0,9675000000.0,1000000.0,9616000000.0,60000000.0,23394000000.0,4702000000.0,375000000.0,4144000000.0,5322000000.0,10314000000.0,979000000.0,,3563000000.0,,11003000000.0,6079000000.0,29473000000.0,21812000000.0,15812000000.0,13831000000.0,39206000000.0,3188200000.0,3020000000.0,3025000000.0
Citigroup Inc,C,,831001,2015.0,Q2TTM,2014-07-01,2015-06-30,,3.97,3.97,,3.96,,7301000000.0,,60245000000.0,12563000000.0,1711000000.0,12958000000.0,12974000000.0,-16000000.0,12801000000.0,157000000.0,47682000000.0,9543000000.0,971000000.0,5687000000.0,13413000000.0,20448000000.0,2006000000.0,801000000.0,6525000000.0,,22924000000.0,12563000000.0,60245000000.0,49193000000.0,29112000000.0,20275000000.0,76794000000.0,3188200000.0,3020000000.0,3025000000.0
Citigroup Inc,C,,831001,2015.0,Q2,2015-04-01,2015-06-30,2016-08-01 08:25:56+00:00,1.52,1.52,,1.51,,2036000000.0,,14873000000.0,3051000000.0,393000000.0,4864000000.0,4858000000.0,6000000.0,4846000000.0,18000000.0,11822000000.0,2393000000.0,140000000.0,2173000000.0,2659000000.0,4853000000.0,482000000.0,,1648000000.0,,5483000000.0,3051000000.0,14873000000.0,10928000000.0,7648000000.0,6894000000.0,19470000000.0,3188200000.0,3020000000.0,3025000000.0
Citigroup Inc,C,,831001,2015.0,Q1TTM,2014-04-01,2015-03-31,,2.48,2.48,,2.48,,7186000000.0,,60933000000.0,13127000000.0,1778000000.0,8325000000.0,8369000000.0,-44000000.0,8136000000.0,189000000.0,47806000000.0,9588000000.0,878000000.0,5357000000.0,17349000000.0,20646000000.0,2062000000.0,801000000.0,6607000000.0,,23469000000.0,13127000000.0,60933000000.0,53786000000.0,28943000000.0,15555000000.0,76749000000.0,3158900000.0,3034200000.0,3039300000.0
Citigroup Inc,C,,831001,2015.0,Q1,2015-01-01,2015-03-31,2016-05-02 16:49:25+00:00,1.51,1.51,,1.51,,2120000000.0,,14600000000.0,3028000000.0,392000000.0,4812000000.0,4817000000.0,-5000000.0,4770000000.0,42000000.0,11572000000.0,2309000000.0,235000000.0,1971000000.0,2663000000.0,5461000000.0,497000000.0,,1915000000.0,,5520000000.0,3028000000.0,14600000000.0,10884000000.0,8164000000.0,6937000000.0,19736000000.0,3158900000.0,3034200000.0,3039300000.0
Citigroup Inc,C,,831001,2016.0,FY,2016-01-01,2016-12-31,2019-02-22 16:50:54+00:00,4.72,4.72,0.42,4.72,,6444000000.0,11678000000.0,57988000000.0,12512000000.0,1632000000.0,14975000000.0,15033000000.0,-58000000.0,14912000000.0,63000000.0,45476000000.0,9243000000.0,329000000.0,7857000000.0,10493000000.0,5457000000.0,,,6982000000.0,,20970000000.0,12512000000.0,57988000000.0,42338000000.0,25321000000.0,21477000000.0,70797000000.0,3159300000.0,2888100000.0,2888300000.0
Citigroup Inc,C,,831001,2016.0,Q4,2016-10-01,2016-12-31,,1.14,1.14,,1.14,-32000000.0,1509000000.0,11678000000.0,14812000000.0,3278000000.0,406000000.0,3588000000.0,3591000000.0,-3000000.0,3573000000.0,15000000.0,11534000000.0,2326000000.0,121000000.0,2081000000.0,3328000000.0,-6847000000.0,-665000000.0,,1792000000.0,,4982000000.0,3278000000.0,14812000000.0,11010000000.0,6368000000.0,5100000000.0,17902000000.0,3159300000.0,2888100000.0,2888300000.0
Citigroup Inc,C,,831001,2016.0,Q3,2016-07-01,2016-09-30,2017-10-31 16:25:32+00:00,1.24,1.24,,1.24,32000000.0,1733000000.0,,14653000000.0,3174000000.0,403000000.0,3857000000.0,3887000000.0,-30000000.0,3840000000.0,17000000.0,11479000000.0,2318000000.0,287000000.0,2238000000.0,2480000000.0,3604000000.0,184000000.0,,1736000000.0,,5203000000.0,3174000000.0,14653000000.0,10436000000.0,6313000000.0,5620000000.0,17792000000.0,3096800000.0,2879900000.0,2880100000.0
Citigroup Inc,C,,831001,2016.0,Q3YTD,2016-01-01,2016-09-30,,3.58,3.58,,3.58,32000000.0,4935000000.0,,43176000000.0,9234000000.0,1226000000.0,11387000000.0,11442000000.0,-55000000.0,11339000000.0,48000000.0,33942000000.0,6917000000.0,208000000.0,5776000000.0,7165000000.0,12304000000.0,665000000.0,,5190000000.0,,15988000000.0,9234000000.0,43176000000.0,31328000000.0,18953000000.0,16377000000.0,52895000000.0,3096800000.0,2879900000.0,2880100000.0
Citigroup Inc,C,,831001,2016.0,Q3TTM,2015-10-01,2016-09-30,,4.6,4.6,,4.61,32000000.0,6338000000.0,,57540000000.0,12135000000.0,1597000000.0,14747000000.0,14847000000.0,-100000000.0,14674000000.0,73000000.0,45405000000.0,9324000000.0,179000000.0,6313000000.0,10076000000.0,20232000000.0,-778000000.0,,7704000000.0,,21433000000.0,12135000000.0,57540000000.0,42462000000.0,25946000000.0,21185000000.0,71351000000.0,3096800000.0,2879900000.0,2880100000.0
Citigroup Inc,C,,831001,2016.0,Q2,2016-04-01,2016-06-30,2017-08-01 16:44:04+00:00,1.24,1.24,,1.24,,1723000000.0,,14356000000.0,3120000000.0,433000000.0,4024000000.0,4047000000.0,-23000000.0,3998000000.0,26000000.0,11236000000.0,2299000000.0,200000000.0,1698000000.0,2408000000.0,4197000000.0,217000000.0,,1409000000.0,,5229000000.0,3120000000.0,14356000000.0,10369000000.0,6312000000.0,5770000000.0,17548000000.0,3224200000.0,2915800000.0,2915900000.0
Citigroup Inc,C,,831001,2016.0,Q2YTD,2016-01-01,2016-06-30,,2.34,2.34,,2.34,,3202000000.0,,28523000000.0,6060000000.0,823000000.0,7530000000.0,7555000000.0,-25000000.0,7499000000.0,31000000.0,22463000000.0,4599000000.0,-79000000.0,3538000000.0,4685000000.0,8700000000.0,481000000.0,,3454000000.0,,10785000000.0,6060000000.0,28523000000.0,20892000000.0,12640000000.0,10757000000.0,35103000000.0,3224200000.0,2915800000.0,2915900000.0
Citigroup Inc,C,,831001,2016.0,Q2TTM,2015-07-01,2016-06-30,,4.72,4.72,,4.72,,6486000000.0,,57601000000.0,11902000000.0,1585000000.0,15186000000.0,15266000000.0,-80000000.0,15125000000.0,61000000.0,45699000000.0,9356000000.0,-37000000.0,5402000000.0,10203000000.0,21685000000.0,-498000000.0,,7804000000.0,,21551000000.0,11902000000.0,57601000000.0,42695000000.0,26552000000.0,21752000000.0,72251000000.0,3224200000.0,2915800000.0,2915900000.0
Citigroup Inc,C,,831001,2016.0,Q1,2016-01-01,2016-03-31,2017-05-01 16:36:21+00:00,1.1,1.1,,1.1,,1479000000.0,,14167000000.0,2940000000.0,390000000.0,3506000000.0,3508000000.0,-2000000.0,3501000000.0,5000000.0,11227000000.0,2300000000.0,-279000000.0,1840000000.0,2277000000.0,4503000000.0,264000000.0,,2045000000.0,,5556000000.0,2940000000.0,14167000000.0,10523000000.0,6328000000.0,4987000000.0,17555000000.0,3182700000.0,2943000000.0,2943100000.0
Citigroup Inc,C,,831001,2016.0,Q1TTM,2015-04-01,2016-03-31,,5.0,5.0,,4.99,,6799000000.0,,58118000000.0,11833000000.0,1545000000.0,16026000000.0,16077000000.0,-51000000.0,15973000000.0,53000000.0,46285000000.0,9450000000.0,-97000000.0,5877000000.0,10454000000.0,22341000000.0,-233000000.0,,8043000000.0,,21805000000.0,11833000000.0,58118000000.0,43254000000.0,27888000000.0,22876000000.0,74173000000.0,3182700000.0,2943000000.0,2943100000.0
Citigroup Inc,C,,831001,2017.0,FY,2017-01-01,2017-12-31,2020-02-21 17:05:55+00:00,-2.98,-2.98,0.96,-2.98,,29388000000.0,12707000000.0,61579000000.0,16518000000.0,1608000000.0,-6738000000.0,-6627000000.0,-111000000.0,-6798000000.0,60000000.0,45061000000.0,9362000000.0,778000000.0,8877000000.0,9920000000.0,5021000000.0,,109000000.0,7503000000.0,,21181000000.0,16518000000.0,61579000000.0,42180000000.0,27383000000.0,22761000000.0,72444000000.0,2281200000.0,2698500000.0,2698500000.0
Citigroup Inc,C,,831001,2017.0,Q4,2017-10-01,2017-12-31,,-7.03,-7.03,,-7.03,,23864000000.0,12707000000.0,15850000000.0,4537000000.0,386000000.0,-18874000000.0,-18765000000.0,-109000000.0,-18893000000.0,19000000.0,11313000000.0,2408000000.0,199000000.0,892000000.0,2497000000.0,-7607000000.0,,109000000.0,2125000000.0,,4880000000.0,4537000000.0,15850000000.0,10280000000.0,6191000000.0,5099000000.0,17504000000.0,2281200000.0,2698500000.0,2698500000.0
Citigroup Inc,C,,831001,2017.0,Q3,2017-07-01,2017-09-30,2018-10-30 17:15:57+00:00,1.42,1.42,,1.42,,1866000000.0,,15914000000.0,4379000000.0,417000000.0,4132000000.0,4137000000.0,-5000000.0,4133000000.0,-1000000.0,11535000000.0,2372000000.0,198000000.0,2248000000.0,2324000000.0,4438000000.0,,,1999000000.0,,5304000000.0,4379000000.0,15914000000.0,10417000000.0,6884000000.0,6003000000.0,18419000000.0,2910600000.0,2683600000.0,2683700000.0
Citigroup Inc,C,,831001,2017.0,Q3YTD,2017-01-01,2017-09-30,,4.05,4.05,,4.05,,5524000000.0,,45729000000.0,11981000000.0,1222000000.0,12136000000.0,12138000000.0,-2000000.0,12095000000.0,41000000.0,33748000000.0,6954000000.0,579000000.0,7985000000.0,7423000000.0,12628000000.0,,,5378000000.0,,16301000000.0,11981000000.0,45729000000.0,31900000000.0,21192000000.0,17662000000.0,54940000000.0,2910600000.0,2683600000.0,2683700000.0
Citigroup Inc,C,,831001,2017.0,Q3TTM,2016-10-01,2017-09-30,,5.19,5.19,,5.19,-32000000.0,7033000000.0,11678000000.0,60541000000.0,15259000000.0,1628000000.0,15724000000.0,15729000000.0,-5000000.0,15668000000.0,56000000.0,45282000000.0,9280000000.0,700000000.0,10066000000.0,10751000000.0,5781000000.0,-665000000.0,,7170000000.0,,21283000000.0,15259000000.0,60541000000.0,42910000000.0,27560000000.0,22762000000.0,72842000000.0,2910600000.0,2683600000.0,2683700000.0
Citigroup Inc,C,,831001,2017.0,Q2,2017-04-01,2017-06-30,2018-07-31 16:50:11+00:00,1.28,1.28,,1.28,0.0,1795000000.0,,15294000000.0,4036000000.0,432000000.0,3904000000.0,3883000000.0,21000000.0,3872000000.0,32000000.0,11258000000.0,2299000000.0,201000000.0,2643000000.0,2566000000.0,4053000000.0,,,1717000000.0,,5463000000.0,4036000000.0,15294000000.0,10760000000.0,6897000000.0,5678000000.0,18155000000.0,3025000000.0,2739100000.0,2739200000.0
Citigroup Inc,C,,831001,2017.0,Q2YTD,2017-01-01,2017-06-30,,2.63,2.63,,2.63,,3658000000.0,,29815000000.0,7602000000.0,805000000.0,8004000000.0,8001000000.0,3000000.0,7962000000.0,42000000.0,22213000000.0,4582000000.0,381000000.0,5737000000.0,5099000000.0,8190000000.0,,,3379000000.0,,10997000000.0,7602000000.0,29815000000.0,21483000000.0,14308000000.0,11659000000.0,36521000000.0,3025000000.0,2739100000.0,2739200000.0
Citigroup Inc,C,,831001,2017.0,Q2TTM,2016-07-01,2017-06-30,,5.01,5.01,,5.01,,6900000000.0,11678000000.0,59280000000.0,14054000000.0,1614000000.0,15449000000.0,15479000000.0,-30000000.0,15375000000.0,74000000.0,45226000000.0,9226000000.0,789000000.0,10056000000.0,10907000000.0,4947000000.0,-481000000.0,,6907000000.0,,21182000000.0,14054000000.0,59280000000.0,42929000000.0,26989000000.0,22379000000.0,72215000000.0,3025000000.0,2739100000.0,2739200000.0
Citigroup Inc,C,,831001,2017.0,Q1,2017-01-01,2017-03-31,2018-05-01 17:06:06+00:00,1.35,1.35,,1.35,0.0,1863000000.0,,14521000000.0,3566000000.0,373000000.0,4100000000.0,4118000000.0,-18000000.0,4090000000.0,10000000.0,10955000000.0,2283000000.0,180000000.0,3094000000.0,2533000000.0,4137000000.0,,,1662000000.0,,5534000000.0,3566000000.0,14521000000.0,10723000000.0,7411000000.0,5981000000.0,18366000000.0,3029600000.0,2765300000.0,2765500000.0
Citigroup Inc,C,,831001,2017.0,Q1TTM,2016-04-01,2017-03-31,,4.97,4.97,,4.97,,6828000000.0,11678000000.0,58342000000.0,13138000000.0,1615000000.0,15569000000.0,15643000000.0,-74000000.0,15501000000.0,68000000.0,45204000000.0,9226000000.0,788000000.0,9111000000.0,10749000000.0,5091000000.0,-264000000.0,,6599000000.0,,20948000000.0,13138000000.0,58342000000.0,42538000000.0,26404000000.0,22471000000.0,71608000000.0,3029600000.0,2765300000.0,2765500000.0
Citigroup Inc,C,,831001,2018.0,FY,2018-01-01,2018-12-31,2020-02-21 17:05:55+00:00,6.69,6.69,1.54,6.68,,5357000000.0,11857000000.0,70828000000.0,24266000000.0,1545000000.0,18080000000.0,18088000000.0,-8000000.0,18045000000.0,35000000.0,46562000000.0,9517000000.0,421000000.0,8773000000.0,9738000000.0,5241000000.0,,101000000.0,7354000000.0,,21154000000.0,24266000000.0,70828000000.0,42055000000.0,26292000000.0,23445000000.0,72854000000.0,2697300000.0,2493300000.0,2494800000.0
Citigroup Inc,C,,831001,2018.0,Q4,2018-10-01,2018-12-31,,1.65,1.65,,1.64,,1001000000.0,11857000000.0,18776000000.0,6853000000.0,375000000.0,4297000000.0,4305000000.0,-8000000.0,4313000000.0,-16000000.0,11923000000.0,2428000000.0,80000000.0,1056000000.0,2529000000.0,-7890000000.0,,80000000.0,1732000000.0,,4576000000.0,6853000000.0,18776000000.0,10009000000.0,5103000000.0,5306000000.0,17026000000.0,2697300000.0,2493300000.0,2494800000.0
Citigroup Inc,C,,831001,2018.0,Q3,2018-07-01,2018-09-30,2019-11-01 16:48:13+00:00,1.73,1.73,,1.73,,1471000000.0,,18170000000.0,6368000000.0,378000000.0,4625000000.0,4633000000.0,-8000000.0,4622000000.0,3000000.0,11802000000.0,2371000000.0,69000000.0,2364000000.0,2313000000.0,4224000000.0,,,1974000000.0,,5319000000.0,6368000000.0,18170000000.0,10381000000.0,6657000000.0,6104000000.0,18459000000.0,2671700000.0,2479800000.0,2481400000.0
Citigroup Inc,C,,831001,2018.0,Q3YTD,2018-01-01,2018-09-30,,5.04,5.04,,5.04,,4356000000.0,,52052000000.0,17413000000.0,1170000000.0,13783000000.0,13783000000.0,,13732000000.0,51000000.0,34639000000.0,7089000000.0,341000000.0,7717000000.0,7209000000.0,13131000000.0,,21000000.0,5622000000.0,,16578000000.0,17413000000.0,52052000000.0,32046000000.0,21189000000.0,18139000000.0,55828000000.0,2671700000.0,2479800000.0,2481400000.0
Citigroup Inc,C,,831001,2018.0,Q3TTM,2017-10-01,2018-09-30,,-1.99,-1.99,,-1.99,,28220000000.0,12707000000.0,67902000000.0,21950000000.0,1556000000.0,-5091000000.0,-4982000000.0,-109000000.0,-5161000000.0,70000000.0,45952000000.0,9497000000.0,540000000.0,8609000000.0,9706000000.0,5524000000.0,,130000000.0,7747000000.0,,21458000000.0,21950000000.0,67902000000.0,42326000000.0,27380000000.0,23238000000.0,73332000000.0,2671700000.0,2479800000.0,2481400000.0
Citigroup Inc,C,,831001,2018.0,Q2,2018-04-01,2018-06-30,2019-08-01 16:53:13+00:00,1.63,1.63,,1.63,,1444000000.0,,17550000000.0,5885000000.0,411000000.0,4516000000.0,4501000000.0,15000000.0,4490000000.0,26000000.0,11665000000.0,2367000000.0,102000000.0,2111000000.0,2482000000.0,4591000000.0,,21000000.0,1791000000.0,,5452000000.0,5885000000.0,17550000000.0,10712000000.0,6804000000.0,5945000000.0,18469000000.0,2754600000.0,2530900000.0,2532300000.0
Citigroup Inc,C,,831001,2018.0,Q2YTD,2018-01-01,2018-06-30,,3.31,3.31,,3.31,,2885000000.0,,33882000000.0,11045000000.0,792000000.0,9158000000.0,9150000000.0,8000000.0,9110000000.0,48000000.0,22837000000.0,4718000000.0,272000000.0,5353000000.0,4896000000.0,8907000000.0,,21000000.0,3648000000.0,,11259000000.0,11045000000.0,33882000000.0,21665000000.0,14532000000.0,12035000000.0,37369000000.0,2754600000.0,2530900000.0,2532300000.0
Citigroup Inc,C,,831001,2018.0,Q2TTM,2017-07-01,2018-06-30,,-2.3,-2.3,,-2.3,,28615000000.0,12707000000.0,65646000000.0,19961000000.0,1595000000.0,-5584000000.0,-5478000000.0,-106000000.0,-5650000000.0,66000000.0,45685000000.0,9498000000.0,669000000.0,8493000000.0,9717000000.0,5738000000.0,,130000000.0,7772000000.0,,21443000000.0,19961000000.0,65646000000.0,42362000000.0,27607000000.0,23137000000.0,73292000000.0,2754600000.0,2530900000.0,2532300000.0
Citigroup Inc,C,,831001,2018.0,Q1,2018-01-01,2018-03-31,2019-04-30 17:28:06+00:00,1.68,1.68,0.32,1.68,,1441000000.0,,16332000000.0,5160000000.0,381000000.0,4642000000.0,4649000000.0,-7000000.0,4620000000.0,22000000.0,11172000000.0,2351000000.0,170000000.0,3242000000.0,2414000000.0,4316000000.0,,,1857000000.0,,5807000000.0,5160000000.0,16332000000.0,10953000000.0,7728000000.0,6090000000.0,18900000000.0,2750000000.0,2561600000.0,2563000000.0
Citigroup Inc,C,,831001,2018.0,Q1TTM,2017-04-01,2018-03-31,,-2.65,-2.65,,-2.65,,28966000000.0,12707000000.0,63390000000.0,18112000000.0,1616000000.0,-6196000000.0,-6096000000.0,-100000000.0,-6268000000.0,72000000.0,45278000000.0,9430000000.0,768000000.0,9025000000.0,9801000000.0,5200000000.0,,109000000.0,7698000000.0,,21454000000.0,18112000000.0,63390000000.0,42410000000.0,27700000000.0,22870000000.0,72978000000.0,2750000000.0,2561600000.0,2563000000.0
Citigroup Inc,C,,831001,2019.0,Q4,2019-10-01,2019-12-31,,2.16,2.16,,2.15,,703000000.0,8820000000.0,18545000000.0,6548000000.0,345000000.0,4995000000.0,4999000000.0,-4000000.0,4979000000.0,16000000.0,11997000000.0,2465000000.0,515000000.0,1393000000.0,2647000000.0,-4361000000.0,,42000000.0,2112000000.0,,5065000000.0,6548000000.0,18545000000.0,10564000000.0,6367000000.0,5702000000.0,18364000000.0,2401100000.0,2249200000.0,2265300000.0
Citigroup Inc,C,,831001,2019.0,FY,2019-01-01,2019-12-31,2020-02-21 17:05:55+00:00,8.08,8.08,1.92,8.04,,4430000000.0,11746000000.0,76510000000.0,29163000000.0,1516000000.0,19467000000.0,19471000000.0,-4000000.0,19401000000.0,66000000.0,47347000000.0,9405000000.0,1474000000.0,8860000000.0,9740000000.0,4859000000.0,,73000000.0,8218000000.0,,21433000000.0,29163000000.0,76510000000.0,42167000000.0,26939000000.0,23901000000.0,74286000000.0,2401100000.0,2249200000.0,2265300000.0
Citigroup Inc,C,,831001,2019.0,Q3,2019-07-01,2019-09-30,2019-11-01 16:48:13+00:00,2.09,2.09,,2.07,,1079000000.0,,19177000000.0,7536000000.0,378000000.0,4928000000.0,4943000000.0,-15000000.0,4913000000.0,15000000.0,11641000000.0,2363000000.0,361000000.0,2802000000.0,2394000000.0,3784000000.0,,,2088000000.0,,5329000000.0,7536000000.0,19177000000.0,10464000000.0,6947000000.0,6022000000.0,18588000000.0,2350700000.0,2220800000.0,2237100000.0
Citigroup Inc,C,,831001,2019.0,Q3YTD,2019-01-01,2019-09-30,,5.92,5.92,,5.89,,3727000000.0,2926000000.0,57965000000.0,22615000000.0,1171000000.0,14472000000.0,14472000000.0,,14422000000.0,50000000.0,35350000000.0,6940000000.0,959000000.0,7467000000.0,7093000000.0,9220000000.0,,31000000.0,6106000000.0,,16368000000.0,22615000000.0,57965000000.0,31603000000.0,20572000000.0,18199000000.0,55922000000.0,2350700000.0,2220800000.0,2237100000.0
Citigroup Inc,C,,831001,2019.0,Q3TTM,2018-10-01,2019-09-30,,7.57,7.57,,7.53,,4728000000.0,14783000000.0,76741000000.0,29468000000.0,1546000000.0,18769000000.0,18777000000.0,-8000000.0,18735000000.0,34000000.0,47273000000.0,9368000000.0,1039000000.0,8523000000.0,9622000000.0,1330000000.0,,111000000.0,7838000000.0,,20944000000.0,29468000000.0,76741000000.0,41612000000.0,25675000000.0,23505000000.0,72948000000.0,2350700000.0,2220800000.0,2237100000.0
Citigroup Inc,C,,831001,2019.0,Q2,2019-04-01,2019-06-30,2019-08-01 16:53:13+00:00,1.95,1.95,,1.95,,1373000000.0,,19712000000.0,7762000000.0,434000000.0,4809000000.0,4792000000.0,17000000.0,4799000000.0,10000000.0,11950000000.0,2293000000.0,468000000.0,1869000000.0,2392000000.0,4471000000.0,,19000000.0,2074000000.0,,5381000000.0,7762000000.0,19712000000.0,10519000000.0,6808000000.0,6165000000.0,18758000000.0,2461000000.0,2286100000.0,2289000000.0
Citigroup Inc,C,,831001,2019.0,Q2YTD,2019-01-01,2019-06-30,,3.83,3.83,,3.82,,2648000000.0,2926000000.0,38788000000.0,15079000000.0,793000000.0,9544000000.0,9529000000.0,15000000.0,9509000000.0,35000000.0,23709000000.0,4577000000.0,598000000.0,4665000000.0,4699000000.0,5436000000.0,,31000000.0,4018000000.0,,11039000000.0,15079000000.0,38788000000.0,21139000000.0,13625000000.0,12177000000.0,37334000000.0,2461000000.0,2286100000.0,2289000000.0
Citigroup Inc,C,,831001,2019.0,Q2TTM,2018-07-01,2019-06-30,,7.21,7.21,,7.19,,5120000000.0,14783000000.0,75734000000.0,28300000000.0,1546000000.0,18466000000.0,18467000000.0,-1000000.0,18444000000.0,22000000.0,47434000000.0,9376000000.0,747000000.0,8085000000.0,9541000000.0,1770000000.0,,111000000.0,7724000000.0,,20934000000.0,28300000000.0,75734000000.0,41529000000.0,25385000000.0,23587000000.0,72819000000.0,2461000000.0,2286100000.0,2289000000.0
Citigroup Inc,C,,831001,2019.0,Q1,2019-01-01,2019-03-31,2020-05-04 17:27:21+00:00,1.88,1.88,0.45,1.87,,1275000000.0,2926000000.0,19076000000.0,7317000000.0,359000000.0,4735000000.0,4737000000.0,-2000000.0,4710000000.0,25000000.0,11759000000.0,2284000000.0,130000000.0,2796000000.0,2307000000.0,965000000.0,,12000000.0,1944000000.0,,5658000000.0,7317000000.0,19076000000.0,10620000000.0,6817000000.0,6012000000.0,18576000000.0,2505300000.0,2340400000.0,2342400000.0
Citigroup Inc,C,,831001,2019.0,Q1TTM,2018-04-01,2019-03-31,,6.89,6.89,,6.87,,5191000000.0,14783000000.0,73572000000.0,26423000000.0,1523000000.0,18173000000.0,18176000000.0,-3000000.0,18135000000.0,38000000.0,47149000000.0,9450000000.0,381000000.0,8327000000.0,9631000000.0,1890000000.0,,113000000.0,7441000000.0,,21005000000.0,26423000000.0,73572000000.0,41722000000.0,25381000000.0,23367000000.0,72530000000.0,2505300000.0,2340400000.0,2342400000.0
Citigroup Inc,C,,831001,2020.0,Q1,2020-01-01,2020-03-31,2020-05-04 17:27:21+00:00,1.05,1.05,0.51,1.05,,576000000.0,3021000000.0,17139000000.0,5647000000.0,328000000.0,2516000000.0,2534000000.0,-18000000.0,2522000000.0,-6000000.0,11492000000.0,2288000000.0,432000000.0,5206000000.0,2887000000.0,580000000.0,,24000000.0,6440000000.0,,5654000000.0,5647000000.0,17139000000.0,11181000000.0,9239000000.0,3110000000.0,20731000000.0,2401900000.0,2097900000.0,2113700000.0
Citigroup Inc,C,,831001,2020.0,Q1TTM,2019-04-01,2020-03-31,,7.25,7.25,,7.22,,3731000000.0,11841000000.0,74573000000.0,27493000000.0,1485000000.0,17248000000.0,17268000000.0,-20000000.0,17213000000.0,35000000.0,47080000000.0,9409000000.0,1776000000.0,11270000000.0,10320000000.0,4474000000.0,,85000000.0,12714000000.0,,21429000000.0,27493000000.0,74573000000.0,42728000000.0,29361000000.0,20999000000.0,76441000000.0,2401900000.0,2097900000.0,2113700000.0
