company_name,company_ticker,company_lei,company_cik,year,quarter,start_date,end_date,filing_date,amortizationexpense,basicdilutedeps,basiceps,cashdividendspershare,depositsinterestexpense,dilutedeps,impairmentexpense,incometaxexpense,investmentsecuritiesinterestincome,loansandleaseinterestincome,longtermdebtinterestexpense,marketingexpense,netincome,netincomecontinuing,netincometocommon,netinterestincome,netoccupancyequipmentexpense,netrealizedcapitalgains,otherinterestincome,othernoninterestincome,otheroperatingexpenses,otherservicechargeincome,otherspecialcharges,preferreddividends,propertyliabilityinsuranceclaims,provisionforcreditlosses,salariesandemployeebenefitsexpense,shorttermborrowinginterestexpense,totalinterestexpense,totalinterestincome,totalnoninterestexpense,totalnoninterestincome,totalpretaxincome,totalrevenue,trustfeeincome,weightedavebasicdilutedsharesos,weightedavebasicsharesos,weightedavedilutedsharesos
Huntington Bancshares Inc,HBAN,,49196,2008.0,FY,2008-01-02,2008-12-31,2011-02-18 17:09:05+00:00,76894000.0,-0.44,-0.44,0.6625,931679000.0,-0.44,0.0,-182202000.0,247751000.0,2450110000.0,292691000.0,32664000.0,-113806000.0,-113806000.0,-160206000.0,1531691000.0,202393000.0,-197370000.0,100461000.0,184894000.0,349527000.0,528462000.0,9913000.0,46400000.0,22437000.0,1057463000.0,783546000.0,42261000.0,1266631000.0,2798322000.0,1477374000.0,707138000.0,-296008000.0,2238829000.0,191152000.0,364100000.0,366155000.0,366155000.0
Huntington Bancshares Inc,HBAN,,49196,2009.0,FY,2009-01-01,2009-12-31,2012-02-17 16:43:58+00:00,68307000.0,-6.14,-6.14,0.04,674101000.0,-6.14,2606944000.0,-584004000.0,258792000.0,1944269000.0,137388000.0,33049000.0,-3094179000.0,-3094179000.0,-3268935000.0,1424287000.0,336485000.0,41239000.0,35081000.0,147769000.0,227889000.0,648154000.0,-53543000.0,174756000.0,113830000.0,2074671000.0,700482000.0,2366000.0,813855000.0,2238142000.0,4033443000.0,1005644000.0,-3678183000.0,2429931000.0,168482000.0,532400000.0,532802000.0,532802000.0
Huntington Bancshares Inc,HBAN,,49196,2009.0,Q3,2009-07-01,2009-09-30,2010-10-29 16:10:55+00:00,16995000.0,-0.33,-0.33,0.01,161593000.0,-0.33,0.0,-91172000.0,66311000.0,480016000.0,29434000.0,8259000.0,-166190000.0,-166190000.0,-195413000.0,362819000.0,84634000.0,16208000.0,7519000.0,69865000.0,56298000.0,144147000.0,38908000.0,29223000.0,23851000.0,475136000.0,172152000.0,,191027000.0,553846000.0,401097000.0,256052000.0,-257362000.0,618871000.0,25832000.0,592200000.0,589708000.0,589708000.0
Huntington Bancshares Inc,HBAN,,49196,2009.0,Q2,2009-04-01,2009-06-30,2010-08-09 15:50:57+00:00,17117000.0,-0.4,-0.4,0.01,176081000.0,-0.4,4231000.0,-12750000.0,61372000.0,491686000.0,37024000.0,7491000.0,-125095000.0,-125095000.0,-182546000.0,349899000.0,85722000.0,12246000.0,9946000.0,64327000.0,52062000.0,163650000.0,-46514000.0,57451000.0,48138000.0,413707000.0,171735000.0,,213105000.0,563004000.0,339982000.0,265945000.0,-137845000.0,615844000.0,25722000.0,456400000.0,459246000.0,459246000.0
Huntington Bancshares Inc,HBAN,,49196,2010.0,Q4,2010-10-01,2010-12-31,,15046000.0,0.05,0.05,0.01,92546000.0,0.05,,35048000.0,62030000.0,456847000.0,19380000.0,-4953000.0,122900000.0,122900000.0,39146000.0,415294000.0,96570000.0,-5830000.0,9414000.0,21514000.0,74725000.0,202188000.0,22032000.0,83754000.0,18989000.0,86973000.0,212184000.0,1071000.0,112997000.0,528291000.0,434593000.0,264220000.0,157948000.0,679514000.0,46348000.0,738500000.0,726934000.0,729532000.0
Huntington Bancshares Inc,HBAN,,49196,2010.0,FY,2010-01-01,2010-12-31,2013-02-15 15:15:19+00:00,60478000.0,0.19,0.19,0.04,439050000.0,0.19,,39964000.0,250745000.0,1865848000.0,84530000.0,56347000.0,312347000.0,312347000.0,140315000.0,1618805000.0,355596000.0,6001000.0,28799000.0,171300000.0,265814000.0,683147000.0,39049000.0,172032000.0,97548000.0,634547000.0,798973000.0,3007000.0,526587000.0,2145392000.0,1673805000.0,1041858000.0,352311000.0,2660663000.0,181410000.0,738500000.0,726934000.0,729532000.0
Huntington Bancshares Inc,HBAN,,49196,2010.0,Q3,2010-07-01,2010-09-30,2011-10-31 13:53:16+00:00,15145000.0,0.1,0.1,0.01,103380000.0,0.1,,29690000.0,64163000.0,460598000.0,20382000.0,20921000.0,100946000.0,100946000.0,71451000.0,409962000.0,86922000.0,2421000.0,9908000.0,50820000.0,60596000.0,170330000.0,12047000.0,29495000.0,23406000.0,119160000.0,208272000.0,945000.0,124707000.0,534669000.0,427309000.0,267143000.0,130636000.0,677105000.0,43572000.0,714500000.0,716911000.0,719567000.0
Huntington Bancshares Inc,HBAN,,49196,2010.0,Q3YTD,2010-01-01,2010-09-30,,45432000.0,0.14,0.14,0.03,346504000.0,0.14,,4916000.0,188715000.0,1409001000.0,65150000.0,61300000.0,189447000.0,189447000.0,101169000.0,1203511000.0,259026000.0,11831000.0,19385000.0,149786000.0,191089000.0,480959000.0,17017000.0,88278000.0,78559000.0,547574000.0,586789000.0,1936000.0,413590000.0,1617101000.0,1239212000.0,777638000.0,194363000.0,1981149000.0,135062000.0,714500000.0,716911000.0,719567000.0
Huntington Bancshares Inc,HBAN,,49196,2010.0,Q2YTD,2010-01-01,2010-06-30,,30287000.0,0.04,0.04,0.02,243124000.0,0.04,,-24774000.0,124552000.0,948403000.0,44768000.0,40379000.0,88501000.0,88501000.0,29718000.0,793549000.0,172104000.0,9410000.0,9477000.0,98966000.0,130493000.0,310629000.0,4970000.0,58783000.0,55153000.0,428414000.0,378517000.0,991000.0,288883000.0,1082432000.0,811903000.0,510495000.0,63727000.0,1304044000.0,91490000.0,644600000.0,716580000.0,719387000.0
Huntington Bancshares Inc,HBAN,,49196,2010.0,Q2,2010-04-01,2010-06-30,2011-08-08 14:42:38+00:00,15141000.0,0.03,0.03,0.01,114822000.0,0.03,,13319000.0,62473000.0,468570000.0,20660000.0,17682000.0,48764000.0,48764000.0,19338000.0,399656000.0,87643000.0,2980000.0,4610000.0,51517000.0,67432000.0,168323000.0,4970000.0,29426000.0,26067000.0,193406000.0,194875000.0,515000.0,135997000.0,535653000.0,413810000.0,269643000.0,62083000.0,669299000.0,46823000.0,644600000.0,716580000.0,719387000.0
Huntington Bancshares Inc,HBAN,,49196,2010.0,Q1,2010-01-01,2010-03-31,2011-04-29 15:19:23+00:00,15146000.0,0.01,0.01,0.01,128302000.0,0.01,0.0,-38093000.0,62079000.0,479833000.0,24108000.0,22697000.0,39737000.0,39737000.0,10380000.0,393893000.0,84461000.0,6430000.0,4867000.0,47449000.0,63061000.0,142306000.0,0.0,29357000.0,29086000.0,235008000.0,183642000.0,476000.0,152886000.0,546779000.0,398093000.0,240852000.0,1644000.0,634745000.0,44667000.0,1038000000.0,716320000.0,718593000.0
Huntington Bancshares Inc,HBAN,,49196,2011.0,Q4,2011-10-01,2011-12-31,,13175000.0,0.13,0.13,0.04,50967000.0,0.13,,41954000.0,54918000.0,427038000.0,18461000.0,6312000.0,126858000.0,126858000.0,119155000.0,415025000.0,108126000.0,12392000.0,3260000.0,16407000.0,78773000.0,153090000.0,-22694000.0,7703000.0,18481000.0,45291000.0,228101000.0,763000.0,70191000.0,485216000.0,430274000.0,229352000.0,168812000.0,644377000.0,47463000.0,867500000.0,863691000.0,867624000.0
Huntington Bancshares Inc,HBAN,,49196,2011.0,FY,2011-01-01,2011-12-31,2014-02-14 15:57:28+00:00,53318000.0,0.59,0.59,0.1,260052000.0,0.59,,164621000.0,228982000.0,1727784000.0,77504000.0,65560000.0,542613000.0,542613000.0,511800000.0,1629170000.0,390847000.0,28263000.0,13460000.0,174033000.0,258246000.0,578578000.0,-9697000.0,30813000.0,77692000.0,174059000.0,892534000.0,3500000.0,341056000.0,1970226000.0,1728500000.0,980623000.0,707234000.0,2609793000.0,199749000.0,867500000.0,863691000.0,867624000.0
Huntington Bancshares Inc,HBAN,,49196,2011.0,Q3,2011-07-01,2011-09-30,2012-10-31 15:09:45+00:00,13387000.0,0.16,0.16,0.04,64985000.0,0.16,0.0,38942000.0,55327000.0,432788000.0,18601000.0,22251000.0,143391000.0,143391000.0,135688000.0,406478000.0,98831000.0,17747000.0,2881000.0,54435000.0,60322000.0,136555000.0,0.0,7703000.0,17492000.0,43586000.0,226835000.0,932000.0,84518000.0,490996000.0,439118000.0,258559000.0,182333000.0,665037000.0,49822000.0,848100000.0,863911000.0,867633000.0
Huntington Bancshares Inc,HBAN,,49196,2011.0,Q3YTD,2011-01-01,2011-09-30,,40143000.0,0.46,0.46,0.06,209085000.0,0.46,,122667000.0,174064000.0,1300746000.0,59043000.0,59248000.0,415755000.0,415755000.0,392645000.0,1214145000.0,282721000.0,15871000.0,10200000.0,157626000.0,179473000.0,425488000.0,12997000.0,23110000.0,59211000.0,128768000.0,664433000.0,2737000.0,270865000.0,1485010000.0,1298226000.0,751271000.0,538422000.0,1965416000.0,152286000.0,848100000.0,863911000.0,867633000.0
Huntington Bancshares Inc,HBAN,,49196,2011.0,Q3TTM,2010-10-01,2011-09-30,,55189000.0,0.51,0.51,0.07,301631000.0,0.51,,157715000.0,236094000.0,1757593000.0,78423000.0,54295000.0,538655000.0,538655000.0,431791000.0,1629439000.0,379291000.0,10041000.0,19614000.0,179140000.0,254198000.0,627676000.0,35029000.0,106864000.0,78200000.0,215741000.0,876617000.0,3808000.0,383862000.0,2013301000.0,1732819000.0,1015491000.0,696370000.0,2644930000.0,198634000.0,848100000.0,863911000.0,867633000.0
Huntington Bancshares Inc,HBAN,,49196,2011.0,Q2YTD,2011-01-01,2011-06-30,,26756000.0,0.3,0.3,0.02,144100000.0,0.3,,83725000.0,118737000.0,867958000.0,40442000.0,36997000.0,272364000.0,272364000.0,256957000.0,807667000.0,183890000.0,15857000.0,7319000.0,104742000.0,123819000.0,269649000.0,8329000.0,15407000.0,41719000.0,85182000.0,437598000.0,1805000.0,186347000.0,994014000.0,859108000.0,492712000.0,356089000.0,1300379000.0,102464000.0,863800000.0,863358000.0,867469000.0
Huntington Bancshares Inc,HBAN,,49196,2011.0,Q2TTM,2010-07-01,2011-06-30,,56947000.0,0.45,0.45,0.04,340026000.0,0.45,,148463000.0,244930000.0,1785403000.0,80204000.0,52965000.0,496210000.0,496210000.0,367554000.0,1632923000.0,367382000.0,12448000.0,26641000.0,177076000.0,259140000.0,642167000.0,42408000.0,128656000.0,84114000.0,291315000.0,858054000.0,3821000.0,424051000.0,2056974000.0,1721010000.0,1024075000.0,644673000.0,2656998000.0,192384000.0,863800000.0,863358000.0,867469000.0
Huntington Bancshares Inc,HBAN,,49196,2011.0,Q2,2011-04-01,2011-06-30,2012-07-30 16:37:42+00:00,13386000.0,0.16,0.16,0.01,68304000.0,0.16,,48980000.0,58210000.0,431294000.0,19640000.0,20102000.0,145918000.0,145918000.0,138214000.0,403337000.0,92695000.0,4445000.0,2633000.0,56455000.0,55435000.0,143656000.0,4398000.0,7704000.0,23823000.0,35797000.0,218570000.0,856000.0,88800000.0,492137000.0,428409000.0,255767000.0,194898000.0,659104000.0,51211000.0,863800000.0,863358000.0,867469000.0
Huntington Bancshares Inc,HBAN,,49196,2011.0,Q1TTM,2010-04-01,2011-03-31,,58702000.0,0.32,0.32,0.04,386544000.0,0.32,,112802000.0,249193000.0,1822679000.0,81224000.0,50545000.0,399056000.0,399056000.0,248678000.0,1629242000.0,362330000.0,10983000.0,28618000.0,172138000.0,271137000.0,666834000.0,42980000.0,150378000.0,86358000.0,448924000.0,834359000.0,3480000.0,471248000.0,2100490000.0,1706411000.0,1037951000.0,511858000.0,2667193000.0,187996000.0,848200000.0,863359000.0,867237000.0
Huntington Bancshares Inc,HBAN,,49196,2011.0,Q1,2011-01-01,2011-03-31,2012-04-30 17:07:37+00:00,13370000.0,0.14,0.14,0.01,75796000.0,0.14,,34745000.0,60527000.0,436664000.0,20802000.0,16895000.0,126446000.0,126446000.0,118743000.0,404330000.0,91195000.0,11412000.0,4686000.0,48287000.0,68384000.0,125993000.0,3931000.0,7703000.0,17896000.0,49385000.0,219028000.0,949000.0,97547000.0,501877000.0,430699000.0,236945000.0,161191000.0,641275000.0,51253000.0,848200000.0,863359000.0,867237000.0
Huntington Bancshares Inc,HBAN,,49196,2012.0,Q4,2012-10-01,2012-12-31,,11647000.0,0.17,0.17,0.04,35717000.0,0.16,,72537000.0,53031000.0,419066000.0,8860000.0,13120000.0,157547000.0,157547000.0,149574000.0,434055000.0,104803000.0,21553000.0,6898000.0,143580000.0,87397000.0,131328000.0,-14836000.0,7973000.0,16327000.0,39458000.0,253952000.0,363000.0,44940000.0,478995000.0,470628000.0,306115000.0,230084000.0,740170000.0,9654000.0,856100000.0,857962000.0,863402000.0
Huntington Bancshares Inc,HBAN,,49196,2012.0,FY,2012-01-01,2012-12-31,2015-02-13 14:04:15+00:00,46549000.0,0.7,0.7,0.16,162167000.0,0.69,,202291000.0,217427000.0,1675295000.0,55524000.0,64263000.0,631290000.0,631290000.0,599301000.0,1710524000.0,404362000.0,62951000.0,37541000.0,247134000.0,264977000.0,641262000.0,-798000.0,31989000.0,68330000.0,147388000.0,988193000.0,2048000.0,219739000.0,1930263000.0,1835876000.0,1106321000.0,833581000.0,2816845000.0,154974000.0,856100000.0,857962000.0,863402000.0
Huntington Bancshares Inc,HBAN,,49196,2012.0,Q3YTD,2012-01-01,2012-09-30,,34902000.0,0.53,0.53,0.12,126450000.0,0.53,,129754000.0,164396000.0,1256229000.0,46664000.0,51143000.0,473743000.0,473743000.0,449727000.0,1276469000.0,299559000.0,41398000.0,30643000.0,103554000.0,177580000.0,509934000.0,14038000.0,24016000.0,52003000.0,107930000.0,734241000.0,1685000.0,174799000.0,1451268000.0,1365248000.0,800206000.0,603497000.0,2076675000.0,145320000.0,841000000.0,857871000.0,863588000.0
Huntington Bancshares Inc,HBAN,,49196,2012.0,Q3TTM,2011-10-01,2012-09-30,,48077000.0,0.66,0.66,0.16,177417000.0,0.66,,171708000.0,219314000.0,1683267000.0,65125000.0,57455000.0,600601000.0,600601000.0,568882000.0,1691494000.0,407685000.0,36057000.0,33903000.0,118410000.0,251685000.0,682308000.0,-3988000.0,31719000.0,70484000.0,153221000.0,962342000.0,2448000.0,244990000.0,1936484000.0,1795522000.0,1029558000.0,772309000.0,2721052000.0,192783000.0,841000000.0,857871000.0,863588000.0
Huntington Bancshares Inc,HBAN,,49196,2012.0,Q3,2012-07-01,2012-09-30,2013-11-07 11:57:35+00:00,11431000.0,0.19,0.19,0.04,40880000.0,0.19,,28291000.0,53753000.0,415322000.0,12065000.0,20178000.0,167767000.0,167767000.0,159784000.0,430298000.0,103429000.0,10760000.0,14712000.0,36506000.0,53258000.0,167586000.0,4982000.0,7983000.0,15534000.0,37004000.0,247709000.0,544000.0,53489000.0,483787000.0,458303000.0,261067000.0,196058000.0,691365000.0,46215000.0,841000000.0,857871000.0,863588000.0
Huntington Bancshares Inc,HBAN,,49196,2012.0,Q2YTD,2012-01-01,2012-06-30,,23471000.0,0.34,0.34,0.08,85570000.0,0.34,,101463000.0,110643000.0,840907000.0,34599000.0,30965000.0,305976000.0,305976000.0,289943000.0,846171000.0,196130000.0,30638000.0,15931000.0,67048000.0,124322000.0,342348000.0,9056000.0,16033000.0,36469000.0,70926000.0,486532000.0,1141000.0,121310000.0,967481000.0,906945000.0,539139000.0,407439000.0,1385310000.0,99105000.0,851300000.0,862261000.0,867551000.0
Huntington Bancshares Inc,HBAN,,49196,2012.0,Q2TTM,2011-07-01,2012-06-30,,50033000.0,0.63,0.63,0.16,201522000.0,0.63,,182359000.0,220888000.0,1700733000.0,71661000.0,59528000.0,576225000.0,576225000.0,544786000.0,1667674000.0,403087000.0,43044000.0,22072000.0,136339000.0,258749000.0,651277000.0,-8970000.0,31439000.0,72442000.0,159803000.0,941468000.0,2836000.0,276019000.0,1943693000.0,1776337000.0,1027050000.0,758584000.0,2694724000.0,196390000.0,851300000.0,862261000.0,867551000.0
Huntington Bancshares Inc,HBAN,,49196,2012.0,Q1TTM,2011-04-01,2012-03-31,,51479000.0,0.62,0.62,0.13,228036000.0,0.62,,182053000.0,224192000.0,1703168000.0,75067000.0,62234000.0,569437000.0,569437000.0,538278000.0,1642049000.0,396868000.0,43008000.0,20926000.0,158313000.0,261036000.0,629015000.0,-8678000.0,31159000.0,80534000.0,159080000.0,917004000.0,3134000.0,306237000.0,1948286000.0,1760477000.0,1028998000.0,751490000.0,2671047000.0,198662000.0,854200000.0,864499000.0,869164000.0
Huntington Bancshares Inc,HBAN,,49196,2012.0,Q1,2012-01-01,2012-03-31,2013-04-29 16:09:29+00:00,11531000.0,0.17,0.17,0.04,43780000.0,0.17,,52177000.0,55737000.0,412048000.0,18365000.0,13569000.0,153270000.0,153270000.0,145221000.0,417209000.0,97216000.0,26157000.0,12152000.0,32567000.0,71174000.0,176430000.0,4950000.0,8049000.0,20738000.0,34406000.0,243498000.0,583000.0,62728000.0,479937000.0,462676000.0,285320000.0,205447000.0,702529000.0,50166000.0,854200000.0,864499000.0,869164000.0
Huntington Bancshares Inc,HBAN,,49196,2013.0,Q4,2013-10-01,2013-12-31,,10320000.0,0.18,0.18,0.05,26960000.0,0.18,,52029000.0,57557000.0,408618000.0,12086000.0,13704000.0,158172000.0,158172000.0,150207000.0,430649000.0,111829000.0,8383000.0,3649000.0,72331000.0,50546000.0,153436000.0,,7965000.0,10056000.0,24331000.0,249554000.0,129000.0,39175000.0,469824000.0,446009000.0,249892000.0,210201000.0,680541000.0,15742000.0,834800000.0,834205000.0,843974000.0
Huntington Bancshares Inc,HBAN,,49196,2013.0,FY,2013-01-01,2013-12-31,2015-02-13 14:04:15+00:00,41364000.0,0.73,0.73,0.19,116241000.0,0.72,,227474000.0,211449000.0,1629939000.0,39088000.0,51185000.0,641282000.0,641282000.0,609413000.0,1704608000.0,431684000.0,18589000.0,19249000.0,183274000.0,181972000.0,648118000.0,0.0,31869000.0,50161000.0,90045000.0,1001637000.0,700000.0,156029000.0,1860637000.0,1758003000.0,1012196000.0,868756000.0,2716804000.0,162215000.0,834800000.0,834205000.0,843974000.0
Huntington Bancshares Inc,HBAN,,49196,2013.0,Q3YTD,2013-01-01,2013-09-30,,31044000.0,0.55,0.55,0.14,89281000.0,0.54,,175445000.0,153892000.0,1221321000.0,27002000.0,37481000.0,483110000.0,483110000.0,459206000.0,1273959000.0,319855000.0,10206000.0,15600000.0,110943000.0,131426000.0,494682000.0,,23904000.0,40105000.0,65714000.0,752083000.0,571000.0,116854000.0,1390813000.0,1311994000.0,762304000.0,658555000.0,2036263000.0,146473000.0,813700000.0,830398000.0,841025000.0
Huntington Bancshares Inc,HBAN,,49196,2013.0,Q3TTM,2012-10-01,2013-09-30,,42691000.0,0.72,0.72,0.18,124998000.0,0.7,,247982000.0,206923000.0,1640387000.0,35862000.0,50601000.0,640657000.0,640657000.0,608780000.0,1708014000.0,424658000.0,31759000.0,22498000.0,254523000.0,218823000.0,626010000.0,-14836000.0,31877000.0,56432000.0,105172000.0,1006035000.0,934000.0,161794000.0,1869808000.0,1782622000.0,1068419000.0,888639000.0,2776433000.0,156127000.0,813700000.0,830398000.0,841025000.0
Huntington Bancshares Inc,HBAN,,49196,2013.0,Q3,2013-07-01,2013-09-30,2014-10-28 14:30:40+00:00,10362000.0,0.21,0.21,0.05,27655000.0,0.2,,65047000.0,50177000.0,408997000.0,10247000.0,12271000.0,178836000.0,178836000.0,170869000.0,424852000.0,113095000.0,5161000.0,3738000.0,38022000.0,47127000.0,163478000.0,0.0,7967000.0,11155000.0,11400000.0,229326000.0,158000.0,38060000.0,462912000.0,423336000.0,253767000.0,243883000.0,678619000.0,47106000.0,813700000.0,830398000.0,841025000.0
Huntington Bancshares Inc,HBAN,,49196,2013.0,Q2,2013-04-01,2013-06-30,2014-07-30 16:08:02+00:00,10362000.0,0.17,0.17,0.05,29591000.0,0.17,,55269000.0,51077000.0,405445000.0,7875000.0,14239000.0,151000000.0,151000000.0,143033000.0,424937000.0,102501000.0,2938000.0,6060000.0,38766000.0,41441000.0,160003000.0,0.0,7967000.0,13460000.0,24722000.0,263862000.0,179000.0,37645000.0,462582000.0,445865000.0,251919000.0,206269000.0,676856000.0,50212000.0,841400000.0,834730000.0,843840000.0
Huntington Bancshares Inc,HBAN,,49196,2013.0,Q2YTD,2013-01-01,2013-06-30,,20682000.0,0.34,0.34,0.09,61626000.0,0.34,,110398000.0,103715000.0,812324000.0,16755000.0,25210000.0,304274000.0,304274000.0,288337000.0,849107000.0,206760000.0,5045000.0,11862000.0,72921000.0,84299000.0,331204000.0,,15937000.0,28950000.0,54314000.0,522757000.0,413000.0,78794000.0,927901000.0,888658000.0,508537000.0,414672000.0,1357644000.0,99367000.0,841400000.0,834730000.0,843840000.0
Huntington Bancshares Inc,HBAN,,49196,2013.0,Q2TTM,2012-07-01,2013-06-30,,43760000.0,0.7,0.7,0.17,138223000.0,0.69,,211226000.0,210499000.0,1646712000.0,37680000.0,58508000.0,629588000.0,629588000.0,597695000.0,1713460000.0,414992000.0,37358000.0,33472000.0,253007000.0,224954000.0,630118000.0,-9854000.0,31893000.0,60811000.0,130776000.0,1024418000.0,1320000.0,177223000.0,1890683000.0,1817589000.0,1075719000.0,840814000.0,2789179000.0,155236000.0,841400000.0,834730000.0,843840000.0
Huntington Bancshares Inc,HBAN,,49196,2013.0,Q1TTM,2012-04-01,2013-03-31,,45338000.0,0.7,0.7,0.16,150422000.0,0.69,,205243000.0,214328000.0,1670126000.0,46039000.0,61665000.0,631294000.0,631294000.0,599384000.0,1717485000.0,411405000.0,38901000.0,31191000.0,248722000.0,236661000.0,636033000.0,-5748000.0,31910000.0,63082000.0,142574000.0,1003590000.0,1699000.0,198160000.0,1915645000.0,1815993000.0,1077619000.0,836537000.0,2795104000.0,153963000.0,854700000.0,841103000.0,848708000.0
Huntington Bancshares Inc,HBAN,,49196,2013.0,Q1,2013-01-01,2013-03-31,2014-04-28 15:48:26+00:00,10320000.0,0.17,0.17,0.04,32035000.0,0.17,,55129000.0,52638000.0,406879000.0,8880000.0,10971000.0,153274000.0,153274000.0,145304000.0,424170000.0,104259000.0,2107000.0,5802000.0,34155000.0,42858000.0,171201000.0,0.0,7970000.0,15490000.0,29592000.0,258895000.0,234000.0,41149000.0,465319000.0,442793000.0,256618000.0,208403000.0,680788000.0,49155000.0,854700000.0,841103000.0,848708000.0
Huntington Bancshares Inc,HBAN,,49196,2014.0,FY,2014-01-01,2014-12-31,2017-02-22 06:37:21+00:00,39277000.0,0.73,0.73,0.21,86453000.0,0.72,,220593000.0,288769000.0,1674563000.0,49928000.0,50560000.0,632392000.0,632392000.0,600538000.0,1837141000.0,460325000.0,38645000.0,13130000.0,162449000.0,234365000.0,593836000.0,,31854000.0,49044000.0,80989000.0,1048775000.0,2940000.0,139321000.0,1976462000.0,1882346000.0,979179000.0,852985000.0,2816320000.0,184249000.0,822700000.0,819917000.0,833081000.0
Huntington Bancshares Inc,HBAN,,49196,2014.0,Q4,2014-10-01,2014-12-31,,6226000.0,0.19,0.19,0.11,20208000.0,0.18,,57151000.0,77674000.0,426245000.0,12895000.0,10921000.0,163614000.0,163614000.0,155651000.0,473252000.0,117231000.0,5304000.0,3706000.0,43534000.0,69473000.0,132941000.0,,7963000.0,16131000.0,2494000.0,263289000.0,1270000.0,34373000.0,507625000.0,483271000.0,233278000.0,220765000.0,706530000.0,51499000.0,822700000.0,819917000.0,833081000.0
Huntington Bancshares Inc,HBAN,,49196,2014.0,Q3,2014-07-01,2014-09-30,2015-12-18 17:11:36+00:00,9813000.0,0.18,0.18,0.0005,20461000.0,0.18,,53870000.0,72801000.0,424658000.0,13386000.0,12576000.0,155016000.0,155016000.0,147052000.0,466335000.0,117661000.0,8397000.0,3601000.0,42163000.0,53231000.0,151589000.0,,7964000.0,11628000.0,24480000.0,275409000.0,878000.0,34725000.0,501060000.0,480318000.0,247349000.0,208886000.0,713684000.0,45200000.0,817000000.0,816497000.0,829623000.0
Huntington Bancshares Inc,HBAN,,49196,2014.0,Q3YTD,2014-01-01,2014-09-30,,33051000.0,0.54,0.54,0.1,66245000.0,0.54,,163442000.0,211095000.0,1248318000.0,37033000.0,39639000.0,468778000.0,468778000.0,444887000.0,1363889000.0,343094000.0,33341000.0,9424000.0,118915000.0,164892000.0,460895000.0,,23891000.0,32913000.0,78495000.0,785486000.0,1670000.0,104948000.0,1468837000.0,1399075000.0,745901000.0,632220000.0,2109790000.0,132750000.0,817000000.0,816497000.0,829623000.0
Huntington Bancshares Inc,HBAN,,49196,2014.0,Q3TTM,2013-10-01,2014-09-30,,43371000.0,0.72,0.72,0.15,93205000.0,0.72,,215471000.0,268652000.0,1656936000.0,49119000.0,53343000.0,626950000.0,626950000.0,595094000.0,1794538000.0,454923000.0,41724000.0,13073000.0,191246000.0,215438000.0,614331000.0,,31856000.0,42969000.0,102826000.0,1035040000.0,1799000.0,144123000.0,1938661000.0,1845084000.0,995793000.0,842421000.0,2790331000.0,148492000.0,817000000.0,816497000.0,829623000.0
Huntington Bancshares Inc,HBAN,,49196,2014.0,Q2YTD,2014-01-01,2014-06-30,,23238000.0,0.36,0.36,0.1,45784000.0,0.36,,109572000.0,138294000.0,823660000.0,23647000.0,27063000.0,313762000.0,313762000.0,297835000.0,897554000.0,225433000.0,24944000.0,5823000.0,76752000.0,111661000.0,309306000.0,,15927000.0,21285000.0,54015000.0,510077000.0,792000.0,70223000.0,967777000.0,918757000.0,498552000.0,423334000.0,1396106000.0,87550000.0,824500000.0,821546000.0,834687000.0
Huntington Bancshares Inc,HBAN,,49196,2014.0,Q2TTM,2013-07-01,2014-06-30,,43920000.0,0.75,0.75,0.2,100399000.0,0.74,,226648000.0,246028000.0,1641275000.0,45980000.0,53038000.0,650770000.0,650770000.0,618911000.0,1753055000.0,450357000.0,38488000.0,13210000.0,187105000.0,209334000.0,626220000.0,,31859000.0,42496000.0,89746000.0,988957000.0,1079000.0,147458000.0,1900513000.0,1788102000.0,1002211000.0,877418000.0,2755266000.0,150398000.0,824500000.0,821546000.0,834687000.0
Huntington Bancshares Inc,HBAN,,49196,2014.0,Q2,2014-04-01,2014-06-30,2015-08-04 10:31:41+00:00,10599000.0,0.19,0.19,0.05,21846000.0,0.19,,57475000.0,71247000.0,420938000.0,12708000.0,17896000.0,164619000.0,164619000.0,156656000.0,460048000.0,111760000.0,4404000.0,3137000.0,36582000.0,42949000.0,166594000.0,0.0,7963000.0,14832000.0,29385000.0,260600000.0,720000.0,35274000.0,495322000.0,458636000.0,250067000.0,222094000.0,710115000.0,42487000.0,824500000.0,821546000.0,834687000.0
Huntington Bancshares Inc,HBAN,,49196,2014.0,Q1TTM,2013-04-01,2014-03-31,,44762000.0,0.73,0.73,0.2,108144000.0,0.72,,224442000.0,226072000.0,1625568000.0,40697000.0,52445000.0,637151000.0,637151000.0,605288000.0,1717944000.0,441098000.0,37022000.0,16133000.0,185515000.0,199450000.0,628328000.0,,31863000.0,45357000.0,85083000.0,992219000.0,988000.0,149829000.0,1867773000.0,1775331000.0,1004063000.0,861593000.0,2722007000.0,153198000.0,830500000.0,829659000.0,842677000.0
Huntington Bancshares Inc,HBAN,,49196,2014.0,Q1,2014-01-01,2014-03-31,2015-05-05 13:32:05+00:00,13718000.0,0.17,0.17,0.05,23938000.0,0.17,,52097000.0,67261000.0,402508000.0,10489000.0,12231000.0,149143000.0,149143000.0,141179000.0,437506000.0,113673000.0,20540000.0,2686000.0,36396000.0,60336000.0,151411000.0,0.0,7964000.0,10686000.0,24630000.0,249477000.0,522000.0,34949000.0,472455000.0,460121000.0,248485000.0,201240000.0,685991000.0,40138000.0,830500000.0,829659000.0,842677000.0
Huntington Bancshares Inc,HBAN,,49196,2015.0,FY,2015-01-01,2015-12-31,2018-02-16 17:01:33+00:00,28000000.0,0.82,0.82,0.25,82000000.0,0.81,,221000000.0,331000000.0,1760000000.0,80000000.0,52000000.0,693000000.0,693000000.0,661000000.0,1951000000.0,478000000.0,34000000.0,24000000.0,195000000.0,251000000.0,694000000.0,,32000000.0,45000000.0,100000000.0,1122000000.0,2000000.0,164000000.0,2115000000.0,1976000000.0,1039000000.0,914000000.0,2990000000.0,116000000.0,806100000.0,803412000.0,817129000.0
Huntington Bancshares Inc,HBAN,,49196,2015.0,Q4,2015-10-01,2015-12-31,,3921000.0,0.22,0.22,0.07,21604000.0,0.21,,55935000.0,87817000.0,451661000.0,25319000.0,11822000.0,178352000.0,178352000.0,170253000.0,497174000.0,128234000.0,10815000.0,5154000.0,50920000.0,54706000.0,221054000.0,,8099000.0,11496000.0,36514000.0,288679000.0,535000.0,47458000.0,544632000.0,498858000.0,272485000.0,234287000.0,769659000.0,-10304000.0,806100000.0,803412000.0,817129000.0
Huntington Bancshares Inc,HBAN,,49196,2015.0,Q3,2015-07-01,2015-09-30,2016-11-08 16:05:23+00:00,3913000.0,0.18,0.18,0.06,20964000.0,0.18,,47002000.0,82787000.0,451161000.0,21866000.0,12179000.0,152588000.0,152588000.0,144620000.0,495455000.0,118899000.0,6061000.0,4529000.0,49383000.0,93697000.0,157644000.0,,7968000.0,11550000.0,22476000.0,286270000.0,192000.0,43022000.0,538477000.0,526508000.0,253119000.0,199590000.0,748574000.0,40031000.0,803400000.0,800883000.0,814326000.0
Huntington Bancshares Inc,HBAN,,49196,2015.0,Q3YTD,2015-01-01,2015-09-30,,24079000.0,0.6,0.6,0.18,60396000.0,0.6,,165065000.0,243183000.0,1308339000.0,54681000.0,40178000.0,514648000.0,514648000.0,490747000.0,1453826000.0,349766000.0,23185000.0,18846000.0,144080000.0,196294000.0,472946000.0,,23901000.0,33504000.0,63486000.0,833321000.0,1465000.0,116542000.0,1570368000.0,1477142000.0,766515000.0,679713000.0,2220341000.0,126304000.0,803400000.0,800883000.0,814326000.0
Huntington Bancshares Inc,HBAN,,49196,2015.0,Q3TTM,2014-10-01,2015-09-30,,30305000.0,0.79,0.79,0.29,80604000.0,0.78,,222216000.0,320857000.0,1734584000.0,67576000.0,51099000.0,678262000.0,678262000.0,646398000.0,1927078000.0,466997000.0,28489000.0,22552000.0,187614000.0,265767000.0,605887000.0,,31864000.0,49635000.0,65980000.0,1096610000.0,2735000.0,150915000.0,2077993000.0,1960413000.0,999793000.0,900478000.0,2926871000.0,177803000.0,803400000.0,800883000.0,814326000.0
Huntington Bancshares Inc,HBAN,,49196,2015.0,Q2,2015-04-01,2015-06-30,2016-07-29 13:41:36+00:00,9960000.0,0.23,0.23,0.06,19865000.0,0.23,,64057000.0,82586000.0,436564000.0,18513000.0,15024000.0,196206000.0,196206000.0,188238000.0,490686000.0,119063000.0,12535000.0,10645000.0,49101000.0,53808000.0,178403000.0,,7968000.0,11787000.0,20419000.0,282135000.0,731000.0,39109000.0,529795000.0,491777000.0,281773000.0,260263000.0,772459000.0,41734000.0,818400000.0,806891000.0,820238000.0
Huntington Bancshares Inc,HBAN,,49196,2015.0,Q2YTD,2015-01-01,2015-06-30,,20166000.0,0.42,0.42,0.12,39432000.0,0.42,,118063000.0,160396000.0,857178000.0,32815000.0,27999000.0,362060000.0,362060000.0,346127000.0,958371000.0,230867000.0,17124000.0,14317000.0,94697000.0,102597000.0,315302000.0,,15933000.0,21954000.0,41010000.0,547051000.0,1273000.0,73520000.0,1031891000.0,950634000.0,513396000.0,480123000.0,1471767000.0,86273000.0,818400000.0,806891000.0,820238000.0
Huntington Bancshares Inc,HBAN,,49196,2015.0,Q2TTM,2014-07-01,2015-06-30,,36205000.0,0.79,0.79,0.23,80101000.0,0.78,,229084000.0,310871000.0,1708081000.0,59096000.0,51496000.0,680690000.0,680690000.0,648830000.0,1897958000.0,465759000.0,30825000.0,21624000.0,180394000.0,225301000.0,599832000.0,,31860000.0,49713000.0,67984000.0,1085749000.0,3421000.0,142618000.0,2040576000.0,1914223000.0,994023000.0,909774000.0,2891981000.0,182972000.0,818400000.0,806891000.0,820238000.0
Huntington Bancshares Inc,HBAN,,49196,2015.0,Q1,2015-01-01,2015-03-31,2016-04-29 12:32:02+00:00,10206000.0,0.19,0.19,0.06,19567000.0,0.19,,54006000.0,77810000.0,420614000.0,14302000.0,12975000.0,165854000.0,165854000.0,157889000.0,467685000.0,111804000.0,4589000.0,3672000.0,45596000.0,48789000.0,136899000.0,,7965000.0,10167000.0,20591000.0,264916000.0,542000.0,34411000.0,502096000.0,458857000.0,231623000.0,219860000.0,699308000.0,44539000.0,831000000.0,809778000.0,823809000.0
Huntington Bancshares Inc,HBAN,,49196,2015.0,Q1TTM,2014-04-01,2015-03-31,,35765000.0,0.75,0.75,0.22,82082000.0,0.74,,222502000.0,299318000.0,1692669000.0,53741000.0,51304000.0,649103000.0,649103000.0,617248000.0,1867320000.0,458456000.0,22694000.0,14116000.0,171649000.0,222818000.0,579324000.0,,31855000.0,48525000.0,76950000.0,1064214000.0,2960000.0,138783000.0,2006103000.0,1881082000.0,962317000.0,871605000.0,2829637000.0,188650000.0,831000000.0,809778000.0,823809000.0
Huntington Bancshares Inc,HBAN,,49196,2016.0,FY,2016-01-01,2016-12-31,2019-02-15 16:06:44+00:00,30000000.0,0.72,0.72,0.29,102000000.0,0.7,,208000000.0,408000000.0,2178000000.0,156000000.0,63000000.0,712000000.0,712000000.0,647000000.0,2369000000.0,623000000.0,47000000.0,46000000.0,227000000.0,289000000.0,753000000.0,,65000000.0,54000000.0,191000000.0,1349000000.0,5000000.0,263000000.0,2632000000.0,2408000000.0,1150000000.0,920000000.0,3519000000.0,123000000.0,898600000.0,904438000.0,918790000.0
Huntington Bancshares Inc,HBAN,,49196,2016.0,Q4,2016-10-01,2016-12-31,,13642000.0,0.2,0.2,0.08,30425000.0,0.2,,74011000.0,124014000.0,661155000.0,47427000.0,-19101000.0,239142000.0,239142000.0,220551000.0,734663000.0,198139000.0,23147000.0,29576000.0,66548000.0,113037000.0,240989000.0,,18591000.0,15665000.0,75104000.0,359630000.0,2230000.0,80082000.0,814745000.0,681012000.0,334606000.0,313153000.0,1069269000.0,3922000.0,898600000.0,904438000.0,918790000.0
Huntington Bancshares Inc,HBAN,,49196,2016.0,Q3,2016-07-01,2016-09-30,2017-10-30 17:19:17+00:00,9046000.0,0.12,0.12,0.07,26233000.0,0.11,,24749000.0,104357000.0,583653000.0,41764000.0,47075000.0,127004000.0,127004000.0,108467000.0,625390000.0,173385000.0,8537000.0,6336000.0,58772000.0,62777000.0,191464000.0,,18537000.0,14940000.0,63805000.0,405024000.0,959000.0,68956000.0,694346000.0,712247000.0,302415000.0,151753000.0,927805000.0,43642000.0,903900000.0,938578000.0,952081000.0
Huntington Bancshares Inc,HBAN,,49196,2016.0,Q3YTD,2016-01-01,2016-09-30,,16358000.0,0.52,0.52,0.21,71575000.0,0.5,,133989000.0,283986000.0,1516845000.0,108573000.0,82101000.0,472858000.0,472858000.0,426449000.0,1634337000.0,424861000.0,23853000.0,16424000.0,160452000.0,175963000.0,512011000.0,,46409000.0,38335000.0,115896000.0,989370000.0,2770000.0,182918000.0,1817255000.0,1726988000.0,815394000.0,606847000.0,2449731000.0,119078000.0,903900000.0,938578000.0,952081000.0
Huntington Bancshares Inc,HBAN,,49196,2016.0,Q3TTM,2015-10-01,2016-09-30,,20279000.0,0.74,0.74,0.28,93179000.0,0.71,,189924000.0,371803000.0,1968506000.0,133892000.0,93923000.0,651210000.0,651210000.0,596702000.0,2131511000.0,553095000.0,34668000.0,21578000.0,211372000.0,230669000.0,733065000.0,,54508000.0,49831000.0,152410000.0,1278049000.0,3305000.0,230376000.0,2361887000.0,2225846000.0,1087879000.0,841134000.0,3219390000.0,108774000.0,903900000.0,938578000.0,952081000.0
Huntington Bancshares Inc,HBAN,,49196,2016.0,Q2,2016-04-01,2016-06-30,2017-07-31 07:17:38+00:00,3600000.0,0.19,0.19,0.07,22324000.0,0.19,,54283000.0,90207000.0,469770000.0,36540000.0,21488000.0,174540000.0,174540000.0,154666000.0,505881000.0,125546000.0,9921000.0,5681000.0,51720000.0,61891000.0,172375000.0,,19874000.0,12187000.0,24509000.0,298949000.0,913000.0,59777000.0,565658000.0,523661000.0,271112000.0,228823000.0,776993000.0,37096000.0,814000000.0,798167000.0,810371000.0
Huntington Bancshares Inc,HBAN,,49196,2016.0,Q2YTD,2016-01-01,2016-06-30,,7312000.0,0.4,0.4,0.14,45342000.0,0.39,,109240000.0,179629000.0,933192000.0,66809000.0,35026000.0,345854000.0,345854000.0,317982000.0,1008947000.0,251476000.0,15316000.0,10088000.0,101680000.0,113186000.0,320547000.0,,27872000.0,23395000.0,52091000.0,584346000.0,1811000.0,113962000.0,1122909000.0,1014741000.0,512979000.0,455094000.0,1521926000.0,75436000.0,814000000.0,798167000.0,810371000.0
Huntington Bancshares Inc,HBAN,,49196,2016.0,Q2TTM,2015-07-01,2016-06-30,,15146000.0,0.8,0.8,0.27,87910000.0,0.78,,212177000.0,350233000.0,1836014000.0,113994000.0,59027000.0,676794000.0,676794000.0,632855000.0,2001576000.0,498609000.0,32192000.0,19771000.0,201983000.0,261589000.0,699245000.0,,43939000.0,46441000.0,111081000.0,1159295000.0,2538000.0,204442000.0,2206018000.0,2040107000.0,1038583000.0,888971000.0,3040159000.0,105163000.0,814000000.0,798167000.0,810371000.0
Huntington Bancshares Inc,HBAN,,49196,2016.0,Q1,2016-01-01,2016-03-31,2017-04-28 15:57:54+00:00,3712000.0,0.21,0.21,0.07,23018000.0,0.2,,54957000.0,89422000.0,463422000.0,30269000.0,13538000.0,171314000.0,171314000.0,163316000.0,503066000.0,125930000.0,5395000.0,4407000.0,49960000.0,51295000.0,148172000.0,,7998000.0,11208000.0,27582000.0,285397000.0,898000.0,54185000.0,557251000.0,491080000.0,241867000.0,226271000.0,744933000.0,38340000.0,777700000.0,795755000.0,808349000.0
Huntington Bancshares Inc,HBAN,,49196,2016.0,Q1TTM,2015-04-01,2016-03-31,,21506000.0,0.84,0.84,0.26,85451000.0,0.82,,221951000.0,342612000.0,1802808000.0,95967000.0,52563000.0,698460000.0,698460000.0,666427000.0,1986381000.0,492126000.0,34806000.0,24735000.0,199364000.0,253506000.0,705273000.0,,32033000.0,46041000.0,106991000.0,1142481000.0,2356000.0,183774000.0,2170155000.0,2008223000.0,1049244000.0,920411000.0,3035625000.0,109801000.0,777700000.0,795755000.0,808349000.0
Huntington Bancshares Inc,HBAN,,49196,2017.0,FY,2017-01-01,2017-12-31,2020-02-14 16:31:44+00:00,56000000.0,1.02,1.02,0.35,180000000.0,1.0,,208000000.0,553000000.0,2838000000.0,226000000.0,60000000.0,1186000000.0,1186000000.0,1110000000.0,3002000000.0,696000000.0,52000000.0,42000000.0,273000000.0,300000000.0,826000000.0,,76000000.0,78000000.0,201000000.0,1524000000.0,25000000.0,431000000.0,3433000000.0,2714000000.0,1307000000.0,1394000000.0,4309000000.0,156000000.0,1088200000.0,1084686000.0,1136186000.0
Huntington Bancshares Inc,HBAN,,49196,2017.0,Q4,2017-10-01,2017-12-31,,14000000.0,0.38,0.38,-0.24,53000000.0,0.37,,-20000000.0,144000000.0,738000000.0,64000000.0,9000000.0,431000000.0,431000000.0,412000000.0,769000000.0,143000000.0,13000000.0,12000000.0,71000000.0,75000000.0,215000000.0,,19000000.0,19000000.0,65000000.0,373000000.0,8000000.0,125000000.0,894000000.0,633000000.0,340000000.0,411000000.0,1109000000.0,41000000.0,1088200000.0,1084686000.0,1136186000.0
Huntington Bancshares Inc,HBAN,,49196,2017.0,Q3,2017-07-01,2017-09-30,2018-10-30 17:10:03+00:00,14000000.0,0.24,0.24,0.08,50000000.0,0.23,,90000000.0,137000000.0,724000000.0,59000000.0,15000000.0,275000000.0,275000000.0,256000000.0,758000000.0,180000000.0,14000000.0,12000000.0,70000000.0,75000000.0,207000000.0,,19000000.0,19000000.0,43000000.0,377000000.0,6000000.0,115000000.0,873000000.0,680000000.0,330000000.0,365000000.0,1088000000.0,39000000.0,1066700000.0,1086000000.0,1106000000.0
Huntington Bancshares Inc,HBAN,,49196,2017.0,Q3YTD,2017-01-01,2017-09-30,,42000000.0,0.64,0.64,0.24,127000000.0,0.63,,228000000.0,409000000.0,2100000000.0,162000000.0,51000000.0,755000000.0,755000000.0,698000000.0,2233000000.0,553000000.0,39000000.0,30000000.0,202000000.0,225000000.0,611000000.0,,57000000.0,59000000.0,136000000.0,1151000000.0,17000000.0,306000000.0,2539000000.0,2081000000.0,967000000.0,983000000.0,3200000000.0,115000000.0,1066700000.0,1086000000.0,1106000000.0
Huntington Bancshares Inc,HBAN,,49196,2017.0,Q3TTM,2016-10-01,2017-09-30,,55642000.0,0.84,0.84,0.32,157425000.0,0.83,,302011000.0,533014000.0,2761155000.0,209427000.0,31899000.0,994142000.0,994142000.0,918551000.0,2967663000.0,751139000.0,62147000.0,59576000.0,268548000.0,338037000.0,851989000.0,,75591000.0,74665000.0,211104000.0,1510630000.0,19230000.0,386082000.0,3353745000.0,2762012000.0,1301606000.0,1296153000.0,4269269000.0,118922000.0,1066700000.0,1086000000.0,1106000000.0
Huntington Bancshares Inc,HBAN,,49196,2017.0,Q2,2017-04-01,2017-06-30,2018-07-30 17:13:46+00:00,14000000.0,0.23,0.23,0.08,42000000.0,0.23,,79000000.0,137000000.0,700000000.0,54000000.0,18000000.0,272000000.0,272000000.0,253000000.0,745000000.0,171000000.0,12000000.0,9000000.0,67000000.0,79000000.0,209000000.0,,19000000.0,20000000.0,25000000.0,392000000.0,5000000.0,101000000.0,846000000.0,694000000.0,325000000.0,351000000.0,1070000000.0,37000000.0,1100000000.0,1088934000.0,1108527000.0
Huntington Bancshares Inc,HBAN,,49196,2017.0,Q2YTD,2017-01-01,2017-06-30,,28000000.0,0.4,0.4,0.16,77000000.0,0.4,,138000000.0,272000000.0,1376000000.0,103000000.0,36000000.0,480000000.0,480000000.0,442000000.0,1475000000.0,373000000.0,25000000.0,18000000.0,132000000.0,150000000.0,404000000.0,,38000000.0,40000000.0,93000000.0,774000000.0,11000000.0,191000000.0,1666000000.0,1401000000.0,637000000.0,618000000.0,2112000000.0,76000000.0,1100000000.0,1088934000.0,1108527000.0
Huntington Bancshares Inc,HBAN,,49196,2017.0,Q2TTM,2016-07-01,2017-06-30,,50688000.0,0.72,0.72,0.31,133658000.0,0.71,,236760000.0,500371000.0,2620808000.0,192191000.0,63974000.0,846146000.0,846146000.0,771018000.0,2835053000.0,744524000.0,56684000.0,53912000.0,257320000.0,325814000.0,836453000.0,,75128000.0,70605000.0,231909000.0,1538654000.0,14189000.0,340038000.0,3175091000.0,2794259000.0,1274021000.0,1082906000.0,4109074000.0,123564000.0,1100000000.0,1088934000.0,1108527000.0
Huntington Bancshares Inc,HBAN,,49196,2017.0,Q1,2017-01-01,2017-03-31,2018-04-30 07:48:20+00:00,14000000.0,0.17,0.17,0.08,35000000.0,0.17,,59000000.0,135000000.0,676000000.0,49000000.0,18000000.0,208000000.0,208000000.0,189000000.0,730000000.0,202000000.0,13000000.0,9000000.0,65000000.0,71000000.0,195000000.0,,19000000.0,20000000.0,68000000.0,382000000.0,6000000.0,90000000.0,820000000.0,707000000.0,312000000.0,267000000.0,1042000000.0,39000000.0,1111800000.0,1086374000.0,1108617000.0
Huntington Bancshares Inc,HBAN,,49196,2017.0,Q1TTM,2016-04-01,2017-03-31,,40288000.0,0.68,0.68,0.3,113982000.0,0.67,,212043000.0,453578000.0,2390578000.0,174731000.0,67462000.0,748686000.0,748686000.0,672684000.0,2595934000.0,699070000.0,54605000.0,50593000.0,242040000.0,308705000.0,799828000.0,,76002000.0,62792000.0,231418000.0,1445603000.0,10102000.0,298815000.0,2894749000.0,2623920000.0,1220133000.0,960729000.0,3816067000.0,123660000.0,1111800000.0,1086374000.0,1108617000.0
Huntington Bancshares Inc,HBAN,,49196,2018.0,FY,2018-01-01,2018-12-31,2020-02-14 16:31:44+00:00,53000000.0,1.22,1.22,0.5,391000000.0,1.2,,235000000.0,587000000.0,3305000000.0,321000000.0,53000000.0,1393000000.0,1393000000.0,1323000000.0,3189000000.0,642000000.0,34000000.0,57000000.0,291000000.0,277000000.0,825000000.0,,70000000.0,63000000.0,235000000.0,1559000000.0,48000000.0,760000000.0,3949000000.0,2647000000.0,1321000000.0,1628000000.0,4510000000.0,171000000.0,1084400000.0,1081542000.0,1105985000.0
Huntington Bancshares Inc,HBAN,,49196,2018.0,Q4,2018-10-01,2018-12-31,,13000000.0,0.3,0.3,-0.25,132000000.0,0.29,,57000000.0,148000000.0,891000000.0,85000000.0,10000000.0,334000000.0,334000000.0,315000000.0,833000000.0,201000000.0,-3000000.0,17000000.0,74000000.0,79000000.0,216000000.0,,19000000.0,9000000.0,60000000.0,399000000.0,6000000.0,223000000.0,1056000000.0,711000000.0,329000000.0,391000000.0,1162000000.0,42000000.0,1084400000.0,1081542000.0,1105985000.0
Huntington Bancshares Inc,HBAN,,49196,2018.0,Q3,2018-07-01,2018-09-30,2019-10-28 17:24:18+00:00,13000000.0,0.33,0.33,0.14,112000000.0,0.33,,62000000.0,144000000.0,848000000.0,84000000.0,17000000.0,378000000.0,378000000.0,360000000.0,802000000.0,145000000.0,14000000.0,15000000.0,76000000.0,70000000.0,209000000.0,,18000000.0,18000000.0,53000000.0,388000000.0,9000000.0,205000000.0,1007000000.0,651000000.0,342000000.0,440000000.0,1144000000.0,43000000.0,1090900000.0,1084536000.0,1103740000.0
Huntington Bancshares Inc,HBAN,,49196,2018.0,Q3YTD,2018-01-01,2018-09-30,,40000000.0,0.92,0.92,0.25,259000000.0,0.91,,178000000.0,439000000.0,2414000000.0,236000000.0,43000000.0,1059000000.0,1059000000.0,1008000000.0,2356000000.0,441000000.0,37000000.0,40000000.0,217000000.0,198000000.0,609000000.0,,51000000.0,54000000.0,175000000.0,1160000000.0,42000000.0,537000000.0,2893000000.0,1936000000.0,992000000.0,1237000000.0,3348000000.0,129000000.0,1090900000.0,1084536000.0,1103740000.0
Huntington Bancshares Inc,HBAN,,49196,2018.0,Q3TTM,2017-10-01,2018-09-30,,54000000.0,1.3,1.3,0.01,312000000.0,1.28,,158000000.0,583000000.0,3152000000.0,300000000.0,52000000.0,1490000000.0,1490000000.0,1420000000.0,3125000000.0,584000000.0,50000000.0,52000000.0,288000000.0,273000000.0,824000000.0,,70000000.0,73000000.0,240000000.0,1533000000.0,50000000.0,662000000.0,3787000000.0,2569000000.0,1332000000.0,1648000000.0,4457000000.0,170000000.0,1090900000.0,1084536000.0,1103740000.0
Huntington Bancshares Inc,HBAN,,49196,2018.0,Q2,2018-04-01,2018-06-30,2019-07-29 17:15:50+00:00,13000000.0,0.3,0.3,0.11,87000000.0,0.3,,57000000.0,148000000.0,810000000.0,87000000.0,15000000.0,355000000.0,355000000.0,334000000.0,784000000.0,142000000.0,15000000.0,14000000.0,73000000.0,68000000.0,206000000.0,,21000000.0,18000000.0,56000000.0,396000000.0,14000000.0,188000000.0,972000000.0,652000000.0,336000000.0,412000000.0,1120000000.0,42000000.0,1113300000.0,1103337000.0,1122612000.0
Huntington Bancshares Inc,HBAN,,49196,2018.0,Q2YTD,2018-01-01,2018-06-30,,27000000.0,0.59,0.59,0.11,147000000.0,0.58,,116000000.0,295000000.0,1566000000.0,152000000.0,26000000.0,681000000.0,681000000.0,648000000.0,1554000000.0,296000000.0,23000000.0,25000000.0,141000000.0,128000000.0,400000000.0,,33000000.0,36000000.0,122000000.0,772000000.0,33000000.0,332000000.0,1886000000.0,1285000000.0,650000000.0,797000000.0,2204000000.0,86000000.0,1113300000.0,1103337000.0,1122612000.0
Huntington Bancshares Inc,HBAN,,49196,2018.0,Q2TTM,2017-07-01,2018-06-30,,55000000.0,1.21,1.21,-0.05,250000000.0,1.18,,186000000.0,576000000.0,3028000000.0,275000000.0,50000000.0,1387000000.0,1387000000.0,1316000000.0,3081000000.0,619000000.0,50000000.0,49000000.0,282000000.0,278000000.0,822000000.0,,71000000.0,74000000.0,230000000.0,1522000000.0,47000000.0,572000000.0,3653000000.0,2598000000.0,1320000000.0,1573000000.0,4401000000.0,166000000.0,1113300000.0,1103337000.0,1122612000.0
Huntington Bancshares Inc,HBAN,,49196,2018.0,Q1,2018-01-01,2018-03-31,2019-04-29 17:29:31+00:00,14000000.0,0.29,0.29,0.11,60000000.0,0.28,,59000000.0,147000000.0,756000000.0,65000000.0,11000000.0,326000000.0,326000000.0,314000000.0,770000000.0,154000000.0,8000000.0,11000000.0,68000000.0,60000000.0,194000000.0,,12000000.0,18000000.0,66000000.0,376000000.0,19000000.0,144000000.0,914000000.0,633000000.0,314000000.0,385000000.0,1084000000.0,44000000.0,1082800000.0,1084000000.0,1125000000.0
Huntington Bancshares Inc,HBAN,,49196,2018.0,Q1TTM,2017-04-01,2018-03-31,,56000000.0,1.14,1.14,-0.08,205000000.0,1.11,,208000000.0,565000000.0,2918000000.0,242000000.0,53000000.0,1304000000.0,1304000000.0,1235000000.0,3042000000.0,648000000.0,47000000.0,44000000.0,276000000.0,289000000.0,825000000.0,,69000000.0,76000000.0,199000000.0,1518000000.0,38000000.0,485000000.0,3527000000.0,2640000000.0,1309000000.0,1512000000.0,4351000000.0,161000000.0,1082800000.0,1084000000.0,1125000000.0
Huntington Bancshares Inc,HBAN,,49196,2019.0,Q4,2019-10-01,2019-12-31,,12000000.0,0.3,0.3,-0.29,136000000.0,0.28,,55000000.0,147000000.0,848000000.0,87000000.0,2000000.0,317000000.0,317000000.0,298000000.0,780000000.0,172000000.0,-6000000.0,16000000.0,80000000.0,79000000.0,251000000.0,,19000000.0,10000000.0,79000000.0,426000000.0,8000000.0,231000000.0,1011000000.0,701000000.0,372000000.0,372000000.0,1152000000.0,47000000.0,1036400000.0,1038840000.0,1056079000.0
Huntington Bancshares Inc,HBAN,,49196,2019.0,FY,2019-01-01,2019-12-31,2020-02-14 16:31:44+00:00,49000000.0,1.29,1.29,0.58,585000000.0,1.27,,248000000.0,596000000.0,3541000000.0,349000000.0,37000000.0,1411000000.0,1411000000.0,1337000000.0,3213000000.0,668000000.0,31000000.0,64000000.0,312000000.0,279000000.0,933000000.0,,74000000.0,34000000.0,287000000.0,1654000000.0,54000000.0,988000000.0,4201000000.0,2721000000.0,1454000000.0,1659000000.0,4667000000.0,178000000.0,1036400000.0,1038840000.0,1056079000.0
Huntington Bancshares Inc,HBAN,,49196,2019.0,Q3YTD,2019-01-01,2019-09-30,,37000000.0,0.99,0.99,0.29,449000000.0,0.99,,193000000.0,449000000.0,2693000000.0,262000000.0,35000000.0,1094000000.0,1094000000.0,1039000000.0,2433000000.0,496000000.0,37000000.0,48000000.0,232000000.0,200000000.0,682000000.0,,55000000.0,24000000.0,208000000.0,1228000000.0,46000000.0,757000000.0,3190000000.0,2020000000.0,1082000000.0,1287000000.0,3515000000.0,131000000.0,1041200000.0,1034940000.0,1051273000.0
Huntington Bancshares Inc,HBAN,,49196,2019.0,Q3TTM,2018-10-01,2019-09-30,,50000000.0,1.29,1.29,0.04,581000000.0,1.28,,250000000.0,597000000.0,3584000000.0,347000000.0,45000000.0,1428000000.0,1428000000.0,1354000000.0,3266000000.0,697000000.0,34000000.0,65000000.0,306000000.0,279000000.0,898000000.0,,74000000.0,33000000.0,268000000.0,1627000000.0,52000000.0,980000000.0,4246000000.0,2731000000.0,1411000000.0,1678000000.0,4677000000.0,173000000.0,1041200000.0,1034940000.0,1051273000.0
Huntington Bancshares Inc,HBAN,,49196,2019.0,Q3,2019-07-01,2019-09-30,2019-10-28 17:24:18+00:00,12000000.0,0.34,0.34,0.15,154000000.0,0.34,,67000000.0,148000000.0,889000000.0,86000000.0,16000000.0,372000000.0,372000000.0,354000000.0,799000000.0,166000000.0,13000000.0,15000000.0,82000000.0,59000000.0,250000000.0,,18000000.0,8000000.0,82000000.0,406000000.0,13000000.0,253000000.0,1052000000.0,667000000.0,389000000.0,439000000.0,1188000000.0,44000000.0,1041200000.0,1034940000.0,1051273000.0
Huntington Bancshares Inc,HBAN,,49196,2019.0,Q2YTD,2019-01-01,2019-06-30,,25000000.0,0.65,0.65,0.14,295000000.0,0.65,,126000000.0,301000000.0,1804000000.0,176000000.0,19000000.0,722000000.0,722000000.0,685000000.0,1634000000.0,330000000.0,24000000.0,33000000.0,150000000.0,141000000.0,432000000.0,,37000000.0,16000000.0,126000000.0,822000000.0,33000000.0,504000000.0,2138000000.0,1353000000.0,693000000.0,848000000.0,2327000000.0,87000000.0,1048500000.0,1044802000.0,1060280000.0
Huntington Bancshares Inc,HBAN,,49196,2019.0,Q2TTM,2018-07-01,2019-06-30,,51000000.0,1.28,1.28,0.03,539000000.0,1.27,,245000000.0,593000000.0,3543000000.0,345000000.0,46000000.0,1434000000.0,1434000000.0,1360000000.0,3269000000.0,676000000.0,35000000.0,65000000.0,300000000.0,290000000.0,857000000.0,,74000000.0,43000000.0,239000000.0,1609000000.0,48000000.0,932000000.0,4201000000.0,2715000000.0,1364000000.0,1679000000.0,4633000000.0,172000000.0,1048500000.0,1044802000.0,1060280000.0
Huntington Bancshares Inc,HBAN,,49196,2019.0,Q2,2019-04-01,2019-06-30,2019-07-29 17:15:50+00:00,12000000.0,0.33,0.33,0.14,150000000.0,0.33,,63000000.0,149000000.0,903000000.0,87000000.0,12000000.0,364000000.0,364000000.0,346000000.0,812000000.0,167000000.0,11000000.0,16000000.0,78000000.0,73000000.0,242000000.0,,18000000.0,8000000.0,59000000.0,428000000.0,19000000.0,256000000.0,1068000000.0,700000000.0,374000000.0,427000000.0,1186000000.0,43000000.0,1048500000.0,1044802000.0,1060280000.0
Huntington Bancshares Inc,HBAN,,49196,2019.0,Q1,2019-01-01,2019-03-31,2020-05-01 16:40:34+00:00,13000000.0,0.32,0.32,0.14,145000000.0,0.32,,63000000.0,152000000.0,901000000.0,89000000.0,7000000.0,358000000.0,358000000.0,339000000.0,822000000.0,163000000.0,13000000.0,17000000.0,72000000.0,68000000.0,190000000.0,,19000000.0,8000000.0,67000000.0,394000000.0,14000000.0,248000000.0,1070000000.0,653000000.0,319000000.0,421000000.0,1141000000.0,44000000.0,1059400000.0,1046995000.0,1065638000.0
Huntington Bancshares Inc,HBAN,,49196,2019.0,Q1TTM,2018-04-01,2019-03-31,,52000000.0,1.25,1.25,,476000000.0,1.24,,239000000.0,592000000.0,3450000000.0,345000000.0,49000000.0,1425000000.0,1425000000.0,1348000000.0,3241000000.0,651000000.0,39000000.0,63000000.0,295000000.0,285000000.0,821000000.0,,77000000.0,53000000.0,236000000.0,1577000000.0,43000000.0,864000000.0,4105000000.0,2667000000.0,1326000000.0,1664000000.0,4567000000.0,171000000.0,1059400000.0,1046995000.0,1065638000.0
Huntington Bancshares Inc,HBAN,,49196,2020.0,Q1TTM,2019-04-01,2020-03-31,,47000000.0,1.0,1.0,,545000000.0,0.98,,195000000.0,597000000.0,3449000000.0,328000000.0,39000000.0,1101000000.0,1101000000.0,1028000000.0,3181000000.0,671000000.0,26000000.0,60000000.0,314000000.0,273000000.0,975000000.0,,73000000.0,35000000.0,661000000.0,1655000000.0,52000000.0,925000000.0,4106000000.0,2720000000.0,1496000000.0,1296000000.0,4677000000.0,181000000.0,1000000000.0,1017643000.0,1034576000.0
Huntington Bancshares Inc,HBAN,,49196,2020.0,Q1,2020-01-01,2020-03-31,2020-05-01 16:40:34+00:00,11000000.0,0.03,0.03,0.15,105000000.0,0.03,,10000000.0,153000000.0,809000000.0,68000000.0,9000000.0,48000000.0,48000000.0,30000000.0,790000000.0,166000000.0,8000000.0,13000000.0,74000000.0,62000000.0,232000000.0,,18000000.0,9000000.0,441000000.0,395000000.0,12000000.0,185000000.0,975000000.0,652000000.0,361000000.0,58000000.0,1151000000.0,47000000.0,1000000000.0,1017643000.0,1034576000.0
