company_name,company_ticker,company_lei,company_cik,year,quarter,start_date,end_date,filing_date,basicdilutedeps,basiceps,cashdividendspershare,depreciationexpense,dilutedeps,impairmentexpense,incometaxexpense,investmentsecuritiesinterestincome,longtermdebtinterestexpense,netincome,netincomecontinuing,netincomediscontinued,netincometocommon,netincometononcontrollinginterest,netinterestincome,netoccupancyequipmentexpense,otheradjustmentstonetincometocommon,othergains,otherinterestexpense,othernoninterestincome,otheroperatingexpenses,otherservicechargeincome,preferreddividends,restructuringcharge,totalinterestexpense,totalinterestincome,totalnoninterestexpense,totalnoninterestincome,totalpretaxincome,totalrevenue,weightedavebasicdilutedsharesos,weightedavebasicsharesos,weightedavedilutedsharesos
Equity Residential,EQR,,906107,2007.0,FY,2007-01-01,2007-12-31,2010-02-25 12:18:37+00:00,3.4,3.4,1.87,531178000.0,3.4,0.0,2518000.0,20037000.0,489310000.0,1047356000.0,21053000.0,1026303000.0,951242000.0,2200000.0,-479350000.0,560375000.0,64527000.0,9321000.0,10077000.0,1814863000.0,238893000.0,9183000.0,28946000.0,,499387000.0,20037000.0,1330446000.0,1824046000.0,14250000.0,1344696000.0,279800000.0,279406000.0,279406000.0
Equity Residential,EQR,,906107,2008.0,FY,2008-01-01,2008-12-31,2011-02-24 13:32:27+00:00,1.46,1.46,,536283000.0,1.46,116418000.0,5279000.0,33337000.0,482317000.0,436413000.0,-40054000.0,476467000.0,393115000.0,2650000.0,-458627000.0,562817000.0,26126000.0,5745000.0,9647000.0,1876273000.0,253363000.0,10715000.0,14507000.0,,491964000.0,33337000.0,1468881000.0,1886988000.0,-40520000.0,1428361000.0,269300000.0,270012000.0,270012000.0
Equity Residential,EQR,,906107,2008.0,Q3,2008-07-01,2008-09-30,2009-11-05 10:24:07+00:00,0.64,0.64,0.4825,145382000.0,0.63,0.0,1317000.0,2871000.0,122345000.0,187125000.0,26094000.0,161031000.0,172246000.0,106000.0,-121884000.0,153578000.0,11141000.0,3226000.0,2410000.0,508619000.0,65977000.0,2387000.0,3628000.0,,124755000.0,2871000.0,364937000.0,511006000.0,24185000.0,389122000.0,269100000.0,270345000.0,290795000.0
Equity Residential,EQR,,906107,2008.0,Q2,2008-04-01,2008-06-30,2009-08-06 16:41:43+00:00,0.47,0.47,0.4825,139812000.0,0.46,0.0,1628000.0,4808000.0,119511000.0,139993000.0,39148000.0,100845000.0,126625000.0,1391000.0,-116881000.0,149893000.0,8348000.0,-95000.0,2178000.0,510567000.0,65826000.0,2716000.0,3626000.0,,121689000.0,4808000.0,355531000.0,513283000.0,40871000.0,396402000.0,269400000.0,269608000.0,290445000.0
Equity Residential,EQR,,906107,2009.0,Q4,2009-10-01,2009-12-31,,0.16,0.16,-1.3,79531000.0,0.16,,-130000.0,724000.0,132390000.0,47311000.0,-103779000.0,151090000.0,41672000.0,-167000.0,-134382000.0,10308000.0,2186000.0,3528000.0,2716000.0,156821000.0,42455000.0,2418000.0,3620000.0,,135106000.0,724000.0,132294000.0,159239000.0,-107437000.0,24857000.0,273600000.0,273609000.0,273609000.0
Equity Residential,EQR,,906107,2009.0,FY,2009-01-01,2009-12-31,2012-02-24 15:14:15+00:00,1.271,1.271,,518726000.0,1.271,11124000.0,2716000.0,16578000.0,493278000.0,382029000.0,-57707000.0,439736000.0,347794000.0,-558000.0,-489027000.0,441031000.0,20305000.0,7874000.0,12327000.0,1629878000.0,243181000.0,10346000.0,14479000.0,,505605000.0,16578000.0,1214062000.0,1640224000.0,-62865000.0,1151197000.0,273600000.0,273609000.0,273609000.0
Equity Residential,EQR,,906107,2009.0,Q3,2009-07-01,2009-09-30,2009-11-05 10:24:07+00:00,0.48,0.48,0.3375,147477000.0,0.48,0.0,459000.0,3215000.0,121520000.0,143365000.0,12824000.0,130541000.0,132362000.0,-317000.0,-121699000.0,144629000.0,7699000.0,3808000.0,3394000.0,490104000.0,69477000.0,2653000.0,3619000.0,,124914000.0,3215000.0,361583000.0,492757000.0,9475000.0,371058000.0,275800000.0,273658000.0,290215000.0
Equity Residential,EQR,,906107,2009.0,Q3YTD,2009-01-01,2009-09-30,,1.11,1.11,1.3,439195000.0,1.11,11124000.0,2846000.0,15854000.0,360888000.0,334718000.0,46072000.0,288646000.0,306122000.0,-391000.0,-354645000.0,430723000.0,18119000.0,4346000.0,9611000.0,1473057000.0,200726000.0,7928000.0,10859000.0,,370499000.0,15854000.0,1081768000.0,1480985000.0,44572000.0,1126340000.0,275800000.0,273658000.0,290215000.0
Equity Residential,EQR,,906107,2009.0,Q2,2009-04-01,2009-06-30,2009-08-06 16:41:43+00:00,0.35,0.35,0.4825,149909000.0,0.35,11124000.0,259000.0,6622000.0,115866000.0,105932000.0,21158000.0,84774000.0,96585000.0,-5000.0,-112499000.0,142148000.0,5729000.0,-2032000.0,3255000.0,502738000.0,66021000.0,2412000.0,3620000.0,,119121000.0,6622000.0,369202000.0,505150000.0,23449000.0,392651000.0,276000000.0,272901000.0,289338000.0
Equity Residential,EQR,,906107,2009.0,Q2YTD,2009-01-01,2009-06-30,,0.63,0.63,0.97,291718000.0,0.63,11124000.0,2387000.0,12639000.0,239368000.0,191353000.0,33248000.0,158105000.0,173760000.0,-74000.0,-232946000.0,286094000.0,10420000.0,538000.0,6217000.0,982953000.0,131249000.0,5275000.0,7240000.0,,245585000.0,12639000.0,720185000.0,988228000.0,35097000.0,755282000.0,276000000.0,272901000.0,289338000.0
Equity Residential,EQR,,906107,2009.0,Q1,2009-01-01,2009-03-31,2010-05-06 10:38:52+00:00,0.28,0.28,0.4825,141809000.0,0.28,,2128000.0,6017000.0,123502000.0,85421000.0,12090000.0,73331000.0,77175000.0,-69000.0,-120447000.0,143946000.0,4691000.0,2570000.0,2962000.0,480215000.0,65228000.0,2863000.0,3620000.0,,126464000.0,6017000.0,350983000.0,483078000.0,11648000.0,362631000.0,275600000.0,272324000.0,288853000.0
Equity Residential,EQR,,906107,2010.0,Q4,2010-10-01,2010-12-31,,0.66,0.66,-1.01,80714000.0,0.66,45380000.0,-22000.0,-207000.0,106778000.0,198212000.0,-130190000.0,328402000.0,185870000.0,-103000.0,-108588000.0,6237000.0,8932000.0,-234000.0,1603000.0,145846000.0,36785000.0,1880000.0,3513000.0,,108381000.0,-207000.0,169116000.0,147726000.0,-129978000.0,39138000.0,282800000.0,282888000.0,282888000.0
Equity Residential,EQR,,906107,2010.0,FY,2010-01-01,2010-12-31,2013-02-21 13:08:46+00:00,0.9520000000000001,0.9520000000000001,,581469000.0,0.9520000000000001,45380000.0,291000.0,5118000.0,460748000.0,295983000.0,-103108000.0,399091000.0,269242000.0,-726000.0,-465206000.0,453992000.0,13099000.0,25971000.0,9576000.0,1665233000.0,257450000.0,9476000.0,14368000.0,,470324000.0,5118000.0,1338291000.0,1674709000.0,-128788000.0,1209503000.0,282800000.0,282888000.0,282888000.0
Equity Residential,EQR,,906107,2010.0,Q3,2010-07-01,2010-09-30,2010-11-04 06:23:58+00:00,0.08900000000000001,0.08900000000000001,0.3375,173642000.0,0.08800000000000001,0.0,293000.0,208000.0,122854000.0,29826000.0,19884000.0,9942000.0,25166000.0,-188000.0,-125103000.0,154401000.0,1231000.0,21571000.0,2457000.0,525228000.0,75604000.0,2128000.0,3617000.0,,125311000.0,208000.0,403647000.0,527356000.0,-1394000.0,402253000.0,282800000.0,282717000.0,300379000.0
Equity Residential,EQR,,906107,2010.0,Q3YTD,2010-01-01,2010-09-30,,0.29,0.29,1.01,500755000.0,0.29,,313000.0,5325000.0,353970000.0,97771000.0,27082000.0,70689000.0,83372000.0,-623000.0,-356618000.0,447755000.0,4167000.0,26205000.0,7973000.0,1519387000.0,220665000.0,7596000.0,10855000.0,,361943000.0,5325000.0,1169175000.0,1526983000.0,1190000.0,1170365000.0,282800000.0,282717000.0,300379000.0
Equity Residential,EQR,,906107,2010.0,Q3TTM,2009-10-01,2010-09-30,,0.45,0.45,-0.29,580286000.0,0.45,,183000.0,6049000.0,486360000.0,145082000.0,-76697000.0,221779000.0,125044000.0,-790000.0,-491000000.0,458063000.0,6353000.0,29733000.0,10689000.0,1676208000.0,263120000.0,10014000.0,14475000.0,,497049000.0,6049000.0,1301469000.0,1686222000.0,-106247000.0,1195222000.0,282800000.0,282717000.0,300379000.0
Equity Residential,EQR,,906107,2010.0,Q2,2010-04-01,2010-06-30,2010-08-05 11:19:07+00:00,0.022000000000000002,0.022000000000000002,0.3375,174794000.0,0.022000000000000002,0.0,-146000.0,2892000.0,115819000.0,10089000.0,9406000.0,683000.0,6343000.0,-185000.0,-115246000.0,145921000.0,313000.0,4620000.0,2319000.0,507891000.0,70336000.0,3046000.0,3618000.0,,118138000.0,2892000.0,391051000.0,510937000.0,4640000.0,395691000.0,288300000.0,282217000.0,299642000.0
Equity Residential,EQR,,906107,2010.0,Q2YTD,2010-01-01,2010-06-30,,0.2,0.2,0.68,327113000.0,0.2,,20000.0,5117000.0,231116000.0,67945000.0,7198000.0,60747000.0,58206000.0,-435000.0,-231515000.0,293354000.0,2936000.0,4634000.0,5516000.0,994159000.0,145061000.0,5468000.0,7238000.0,,236632000.0,5117000.0,765528000.0,999627000.0,2584000.0,768112000.0,288300000.0,282217000.0,299642000.0
Equity Residential,EQR,,906107,2010.0,Q2TTM,2009-07-01,2010-06-30,,0.84,0.84,-0.29,554121000.0,0.84,,349000.0,9056000.0,485026000.0,258621000.0,-83757000.0,342378000.0,232240000.0,-919000.0,-487596000.0,448291000.0,12821000.0,11970000.0,11626000.0,1641084000.0,256993000.0,10539000.0,14477000.0,,496652000.0,9056000.0,1259405000.0,1651623000.0,-95378000.0,1164027000.0,288300000.0,282217000.0,299642000.0
Equity Residential,EQR,,906107,2010.0,Q1,2010-01-01,2010-03-31,2010-05-06 10:38:52+00:00,0.18,0.18,0.3375,152319000.0,0.18,,166000.0,2225000.0,115297000.0,57856000.0,-2208000.0,60064000.0,51863000.0,-250000.0,-116269000.0,147433000.0,2623000.0,14000.0,3197000.0,486268000.0,74725000.0,2422000.0,3620000.0,,118494000.0,2225000.0,374477000.0,488690000.0,-2056000.0,372421000.0,288100000.0,280645000.0,280645000.0
Equity Residential,EQR,,906107,2010.0,Q1TTM,2009-04-01,2010-03-31,,1.17,1.17,-0.14,529236000.0,1.17,11124000.0,754000.0,12786000.0,485073000.0,354464000.0,-72005000.0,426469000.0,322482000.0,-739000.0,-484849000.0,444518000.0,18237000.0,5318000.0,12562000.0,1635931000.0,252678000.0,9905000.0,14479000.0,,497635000.0,12786000.0,1237556000.0,1645836000.0,-76569000.0,1160987000.0,288100000.0,280645000.0,280645000.0
Equity Residential,EQR,,906107,2011.0,Q4,2011-10-01,2011-12-31,,0.33,0.33,-1.01,33577000.0,0.36,,37000.0,1362000.0,107198000.0,107401000.0,-109371000.0,216772000.0,99016000.0,41194000.0,-110401000.0,18594000.0,-36275000.0,,4565000.0,82281000.0,29651000.0,2344000.0,3466000.0,1736000.0,111763000.0,1362000.0,83558000.0,84625000.0,-109334000.0,-25776000.0,294800000.0,294856000.0,294856000.0
Equity Residential,EQR,,906107,2011.0,FY,2011-01-01,2011-12-31,2014-02-27 16:12:28+00:00,2.984,2.984,,506175000.0,2.984,,706000.0,7963000.0,460172000.0,935197000.0,-72941000.0,1008138000.0,879720000.0,41612000.0,-468825000.0,386247000.0,,4217000.0,16616000.0,1516194000.0,238689000.0,9026000.0,13865000.0,1736000.0,476788000.0,7963000.0,1132847000.0,1525220000.0,-76452000.0,1056395000.0,294800000.0,294856000.0,294856000.0
Equity Residential,EQR,,906107,2011.0,Q3,2011-07-01,2011-09-30,2012-11-01 14:29:34+00:00,0.353,0.353,0.3375,159691000.0,0.349,,283000.0,5313000.0,112449000.0,112977000.0,30217000.0,82760000.0,104382000.0,387000.0,-111786000.0,120887000.0,4742000.0,0.0,4650000.0,490944000.0,71008000.0,2928000.0,3466000.0,,117099000.0,5313000.0,351586000.0,493872000.0,30500000.0,382086000.0,295700000.0,295831000.0,312844000.0
Equity Residential,EQR,,906107,2011.0,Q3YTD,2011-01-01,2011-09-30,,2.65,2.65,1.01,472598000.0,2.62,,669000.0,6601000.0,352974000.0,827796000.0,36430000.0,791366000.0,780704000.0,418000.0,-358424000.0,367653000.0,36275000.0,4217000.0,12051000.0,1433913000.0,209038000.0,6682000.0,10399000.0,,365025000.0,6601000.0,1049289000.0,1440595000.0,32882000.0,1082171000.0,295700000.0,295831000.0,312844000.0
Equity Residential,EQR,,906107,2011.0,Q3TTM,2010-10-01,2011-09-30,,3.31,3.31,,553312000.0,3.29,45380000.0,647000.0,6394000.0,459752000.0,1026008000.0,-93760000.0,1119768000.0,966574000.0,315000.0,-467012000.0,373890000.0,45207000.0,3983000.0,13654000.0,1579759000.0,245823000.0,8562000.0,13912000.0,,473406000.0,6394000.0,1218405000.0,1588321000.0,-97096000.0,1121309000.0,295700000.0,295831000.0,312844000.0
Equity Residential,EQR,,906107,2011.0,Q2,2011-04-01,2011-06-30,2012-08-02 16:04:33+00:00,1.875,1.875,0.3375,154452000.0,1.8519999999999999,,202000.0,277000.0,119997000.0,581753000.0,15126000.0,566627000.0,552457000.0,71000.0,-124116000.0,119338000.0,25758000.0,4217000.0,4396000.0,478419000.0,71350000.0,1948000.0,3467000.0,,124393000.0,277000.0,345140000.0,480367000.0,11111000.0,356251000.0,294600000.0,294663000.0,312199000.0
Equity Residential,EQR,,906107,2011.0,Q2YTD,2011-01-01,2011-06-30,,2.3,2.3,0.68,312907000.0,2.28,,386000.0,1288000.0,240525000.0,714819000.0,6213000.0,708606000.0,676322000.0,31000.0,-246638000.0,246766000.0,31533000.0,4217000.0,7401000.0,942969000.0,138030000.0,3754000.0,6933000.0,,247926000.0,1288000.0,697703000.0,946723000.0,2382000.0,700085000.0,294600000.0,294663000.0,312199000.0
Equity Residential,EQR,,906107,2011.0,Q2TTM,2010-07-01,2011-06-30,,3.05,3.05,,567263000.0,3.03,45380000.0,657000.0,1289000.0,470157000.0,942857000.0,-104093000.0,1046950000.0,887358000.0,-260000.0,-480329000.0,407404000.0,41696000.0,25554000.0,11461000.0,1614043000.0,250419000.0,7762000.0,14063000.0,,481618000.0,1289000.0,1270466000.0,1621805000.0,-128990000.0,1141476000.0,294600000.0,294663000.0,312199000.0
Equity Residential,EQR,,906107,2011.0,Q1,2011-01-01,2011-03-31,2012-05-03 11:13:27+00:00,0.423,0.423,0.3375,158455000.0,0.423,,184000.0,1011000.0,120528000.0,133066000.0,-8913000.0,141979000.0,123865000.0,-40000.0,-122522000.0,127428000.0,5775000.0,,3005000.0,464550000.0,66680000.0,1806000.0,3466000.0,,123533000.0,1011000.0,352563000.0,466356000.0,-8729000.0,343834000.0,292800000.0,292895000.0,292895000.0
Equity Residential,EQR,,906107,2011.0,Q1TTM,2010-04-01,2011-03-31,,1.2,1.2,,587605000.0,1.2,45380000.0,309000.0,3904000.0,465979000.0,371193000.0,-109813000.0,481006000.0,341244000.0,-516000.0,-471459000.0,433987000.0,16251000.0,25957000.0,9384000.0,1643515000.0,249405000.0,8860000.0,14214000.0,,475363000.0,3904000.0,1316377000.0,1652375000.0,-135461000.0,1180916000.0,292800000.0,292895000.0,292895000.0
Equity Residential,EQR,,906107,2012.0,Q3,2012-07-01,2012-09-30,2012-11-01 14:29:34+00:00,0.725,0.725,0.3375,167406000.0,0.7190000000000001,,222000.0,70087000.0,113876000.0,236323000.0,132681000.0,103642000.0,218603000.0,-312000.0,-47127000.0,129172000.0,10496000.0,-3000.0,3338000.0,553092000.0,79533000.0,3052000.0,7536000.0,,117214000.0,70087000.0,376111000.0,556144000.0,132906000.0,509017000.0,301500000.0,301336000.0,318773000.0
Equity Residential,EQR,,906107,2012.0,Q3YTD,2012-01-01,2012-09-30,,1.53,1.53,1.01,487990000.0,1.52,,606000.0,70515000.0,347505000.0,496805000.0,155813000.0,340992000.0,460233000.0,457000.0,-287325000.0,373495000.0,21646000.0,-3000.0,10335000.0,1539045000.0,239992000.0,7328000.0,14469000.0,1149000.0,357840000.0,70515000.0,1102626000.0,1546373000.0,156422000.0,1259048000.0,301500000.0,301336000.0,318773000.0
Equity Residential,EQR,,906107,2012.0,Q3TTM,2011-10-01,2012-09-30,,1.87,1.87,,521567000.0,1.88,,643000.0,71877000.0,454703000.0,604206000.0,46442000.0,557764000.0,559249000.0,41651000.0,-397726000.0,392089000.0,-14629000.0,-3000.0,14900000.0,1621326000.0,269643000.0,9672000.0,17935000.0,2885000.0,469603000.0,71877000.0,1186184000.0,1630998000.0,47088000.0,1233272000.0,301500000.0,301336000.0,318773000.0
Equity Residential,EQR,,906107,2012.0,Q2,2012-04-01,2012-06-30,2012-08-02 16:04:33+00:00,0.332,0.332,0.3375,172338000.0,0.32899999999999996,,214000.0,259000.0,115618000.0,108315000.0,36558000.0,71757000.0,99797000.0,319000.0,-119422000.0,128032000.0,4732000.0,0.0,4063000.0,541569000.0,87217000.0,2212000.0,3467000.0,,119681000.0,259000.0,387587000.0,543781000.0,36772000.0,424359000.0,300600000.0,300193000.0,317648000.0
Equity Residential,EQR,,906107,2012.0,Q2YTD,2012-01-01,2012-06-30,,0.81,0.81,0.68,320584000.0,0.8,,384000.0,428000.0,233629000.0,260482000.0,23132000.0,237350000.0,241630000.0,769000.0,-240198000.0,244323000.0,11150000.0,,6997000.0,985953000.0,160459000.0,4276000.0,6933000.0,1149000.0,240626000.0,428000.0,726515000.0,990229000.0,23516000.0,750031000.0,300600000.0,300193000.0,317648000.0
Equity Residential,EQR,,906107,2012.0,Q2TTM,2011-07-01,2012-06-30,,1.49,1.49,,513852000.0,1.51,,704000.0,7103000.0,453276000.0,480860000.0,-56022000.0,536882000.0,445028000.0,42350000.0,-462385000.0,383804000.0,-20383000.0,,16212000.0,1559178000.0,261118000.0,9548000.0,13865000.0,2885000.0,469488000.0,7103000.0,1161659000.0,1568726000.0,-55318000.0,1106341000.0,300600000.0,300193000.0,317648000.0
Equity Residential,EQR,,906107,2012.0,Q1,2012-01-01,2012-03-31,2013-05-09 17:12:33+00:00,0.475,0.475,0.3375,148246000.0,0.475,,170000.0,169000.0,118011000.0,152167000.0,-13426000.0,165593000.0,141833000.0,450000.0,-120776000.0,116291000.0,6418000.0,0.0,2934000.0,444384000.0,73242000.0,2064000.0,3466000.0,1149000.0,120945000.0,169000.0,338928000.0,446448000.0,-13256000.0,325672000.0,298600000.0,298805000.0,298805000.0
Equity Residential,EQR,,906107,2012.0,Q1TTM,2011-04-01,2012-03-31,,3.04,3.04,,495966000.0,3.04,,692000.0,7121000.0,457655000.0,954298000.0,-77454000.0,1031752000.0,897688000.0,42102000.0,-467079000.0,375110000.0,643000.0,4217000.0,16545000.0,1496028000.0,245251000.0,9284000.0,13865000.0,2885000.0,474200000.0,7121000.0,1119212000.0,1505312000.0,-80979000.0,1038233000.0,298600000.0,298805000.0,298805000.0
Equity Residential,EQR,,906107,2013.0,FY,2013-01-01,2013-12-31,2014-02-27 16:12:28+00:00,5.155,5.155,,978973000.0,5.155,,1169000.0,4656000.0,586854000.0,1905353000.0,-168174000.0,2073527000.0,1826468000.0,74740000.0,-604395000.0,533803000.0,,-45929000.0,22197000.0,2378004000.0,371743000.0,9698000.0,4145000.0,19864000.0,609051000.0,4656000.0,1904383000.0,2387702000.0,-121076000.0,1783307000.0,354300000.0,354305000.0,354305000.0
Equity Residential,EQR,,906107,2013.0,Q4,2013-10-01,2013-12-31,,0.2,0.2,-1.2,173690000.0,0.2,,-158000.0,2953000.0,148184000.0,115870000.0,57154000.0,58716000.0,109940000.0,48217000.0,-151717000.0,131042000.0,-43323000.0,-359000.0,6486000.0,602395000.0,90118000.0,2299000.0,1036000.0,772000.0,154670000.0,2953000.0,395622000.0,604694000.0,57355000.0,452977000.0,354300000.0,354305000.0,354305000.0
Equity Residential,EQR,,906107,2013.0,Q3YTD,2013-01-01,2013-09-30,,4.96,4.96,1.2,805283000.0,4.96,,1327000.0,1703000.0,438670000.0,1789483000.0,-225328000.0,2014811000.0,1716528000.0,26523000.0,-452678000.0,402761000.0,43323000.0,-45570000.0,15711000.0,1775609000.0,281625000.0,7399000.0,3109000.0,19092000.0,454381000.0,1703000.0,1508761000.0,1783008000.0,-178431000.0,1330330000.0,360000000.0,359811000.0,359811000.0
Equity Residential,EQR,,906107,2013.0,Q3,2013-07-01,2013-09-30,2014-11-06 16:10:09+00:00,1.045,1.045,0.4,276707000.0,1.045,,492000.0,1015000.0,120035000.0,391717000.0,-13465000.0,405182000.0,376155000.0,14525000.0,-123355000.0,137657000.0,,-5646000.0,4335000.0,624063000.0,96237000.0,2566000.0,1037000.0,,124370000.0,1015000.0,510601000.0,626629000.0,-7327000.0,503274000.0,360000000.0,359811000.0,359811000.0
Equity Residential,EQR,,906107,2013.0,Q2YTD,2013-01-01,2013-06-30,,3.91,3.91,0.8,528576000.0,3.91,,835000.0,688000.0,318635000.0,1397766000.0,-211863000.0,1609629000.0,1340373000.0,11998000.0,-329323000.0,265104000.0,43323000.0,-39924000.0,11376000.0,1151546000.0,185388000.0,4833000.0,2072000.0,19092000.0,330011000.0,688000.0,998160000.0,1156379000.0,-171104000.0,827056000.0,359700000.0,359653000.0,359653000.0
Equity Residential,EQR,,906107,2013.0,Q2,2013-04-01,2013-06-30,2014-08-07 16:14:27+00:00,0.9,0.9,0.4,323304000.0,0.9,,428000.0,432000.0,122950000.0,336732000.0,-58511000.0,395243000.0,323723000.0,11973000.0,-126871000.0,135532000.0,,6442000.0,4353000.0,614544000.0,96035000.0,2673000.0,1036000.0,,127303000.0,432000.0,554871000.0,617217000.0,-64525000.0,490346000.0,359700000.0,359653000.0,359653000.0
Equity Residential,EQR,,906107,2013.0,Q1,2013-01-01,2013-03-31,2013-05-09 17:12:33+00:00,3.012,3.012,0.4,205272000.0,3.012,,407000.0,256000.0,195685000.0,1061034000.0,-153352000.0,1214386000.0,1016650000.0,25000.0,-202452000.0,129572000.0,43323000.0,-46366000.0,7023000.0,537002000.0,89353000.0,2160000.0,1036000.0,19092000.0,202708000.0,256000.0,443289000.0,539162000.0,-106579000.0,336710000.0,337500000.0,337532000.0,337532000.0
Equity Residential,EQR,,906107,2014.0,FY,2014-01-01,2014-12-31,2017-02-23 16:17:29+00:00,1.74,1.74,2.0,758861000.0,1.73,,1394000.0,4462000.0,457460000.0,658683000.0,657101000.0,1582000.0,627163000.0,27375000.0,-464086000.0,558163000.0,,210010000.0,11088000.0,2605311000.0,385153000.0,9437000.0,4145000.0,,468548000.0,4462000.0,1702177000.0,2614748000.0,448485000.0,2150662000.0,360400000.0,361181000.0,377735000.0
Equity Residential,EQR,,906107,2014.0,Q4,2014-10-01,2014-12-31,,0.6,0.6,0.5,193089000.0,0.59,,248000.0,1249000.0,110236000.0,227041000.0,226959000.0,82000.0,216703000.0,9302000.0,-111521000.0,135996000.0,,89821000.0,2534000.0,662819000.0,86668000.0,1841000.0,1036000.0,,112770000.0,1249000.0,415753000.0,664660000.0,137386000.0,553139000.0,360400000.0,361181000.0,377735000.0
Equity Residential,EQR,,906107,2014.0,Q3YTD,2014-01-01,2014-09-30,,1.14,1.14,1.5,565772000.0,1.14,,1146000.0,3213000.0,347224000.0,431642000.0,430142000.0,1500000.0,410460000.0,18073000.0,-352565000.0,422167000.0,,120189000.0,8554000.0,1942492000.0,298485000.0,7596000.0,3109000.0,,355778000.0,3213000.0,1286424000.0,1950088000.0,311099000.0,1597523000.0,361800000.0,361409000.0,377954000.0
Equity Residential,EQR,,906107,2014.0,Q3TTM,2013-10-01,2014-09-30,,1.34,1.34,0.3,739462000.0,1.33,,988000.0,6166000.0,495408000.0,547512000.0,487296000.0,60216000.0,520400000.0,66290000.0,-504282000.0,553209000.0,-43323000.0,119830000.0,15040000.0,2544887000.0,388603000.0,9895000.0,4145000.0,772000.0,510448000.0,6166000.0,1682046000.0,2554782000.0,368454000.0,2050500000.0,361800000.0,361409000.0,377954000.0
Equity Residential,EQR,,906107,2014.0,Q3,2014-07-01,2014-09-30,2015-11-05 16:06:27+00:00,0.61,0.61,0.5,190469000.0,0.61,,260000.0,576000.0,118251000.0,231190000.0,231252000.0,-62000.0,220707000.0,9446000.0,-120303000.0,138546000.0,,113517000.0,2628000.0,662001000.0,96765000.0,2077000.0,1037000.0,,120879000.0,576000.0,425780000.0,664078000.0,117995000.0,543775000.0,361800000.0,361409000.0,377954000.0
Equity Residential,EQR,,906107,2014.0,Q2,2014-04-01,2014-06-30,2015-08-06 16:07:20+00:00,0.31,0.31,0.5,190136000.0,0.31,,646000.0,2032000.0,115924000.0,117720000.0,117210000.0,510000.0,111654000.0,5030000.0,-117026000.0,135937000.0,,8111000.0,3134000.0,649766000.0,99724000.0,2802000.0,1036000.0,,119058000.0,2032000.0,425797000.0,652568000.0,109745000.0,535542000.0,360200000.0,360809000.0,377118000.0
Equity Residential,EQR,,906107,2014.0,Q2YTD,2014-01-01,2014-06-30,,0.53,0.53,1.0,375303000.0,0.53,,886000.0,2637000.0,228973000.0,200452000.0,198890000.0,1562000.0,189753000.0,8627000.0,-232262000.0,283621000.0,,6672000.0,5926000.0,1280491000.0,201720000.0,5519000.0,2072000.0,,234899000.0,2637000.0,860644000.0,1286010000.0,193104000.0,1053748000.0,360200000.0,360809000.0,377118000.0
Equity Residential,EQR,,906107,2014.0,Q2TTM,2013-07-01,2014-06-30,,1.77,1.77,0.2,825700000.0,1.77,,1220000.0,6605000.0,497192000.0,708039000.0,242579000.0,465460000.0,675848000.0,71369000.0,-507334000.0,552320000.0,-43323000.0,667000.0,16747000.0,2506949000.0,388075000.0,10384000.0,4145000.0,772000.0,513939000.0,6605000.0,1766867000.0,2517333000.0,243132000.0,2009999000.0,360200000.0,360809000.0,377118000.0
Equity Residential,EQR,,906107,2014.0,Q1TTM,2013-04-01,2014-03-31,,2.36,2.36,0.1,958868000.0,2.36,,1002000.0,5005000.0,504218000.0,927051000.0,66858000.0,860193000.0,887917000.0,78312000.0,-517179000.0,551915000.0,-43323000.0,-1002000.0,17966000.0,2471727000.0,384386000.0,10255000.0,4145000.0,772000.0,522184000.0,5005000.0,1895941000.0,2481982000.0,68862000.0,1964803000.0,359900000.0,360470000.0,376384000.0
Equity Residential,EQR,,906107,2014.0,Q1,2014-01-01,2014-03-31,2015-05-06 16:06:34+00:00,0.217,0.217,0.5,185167000.0,0.21600000000000003,,240000.0,605000.0,113049000.0,82732000.0,81680000.0,1052000.0,78099000.0,3597000.0,-115236000.0,147684000.0,,-1439000.0,2792000.0,630725000.0,101996000.0,2717000.0,1036000.0,,115841000.0,605000.0,434847000.0,633442000.0,83359000.0,518206000.0,359900000.0,360470000.0,376384000.0
Equity Residential,EQR,,906107,2015.0,FY,2015-01-01,2015-12-31,2018-02-22 16:15:12+00:00,2.37,2.37,2.21,765895000.0,2.36,0.0,917000.0,7372000.0,444487000.0,908018000.0,907621000.0,397000.0,863277000.0,37898000.0,-447916000.0,565366000.0,,350158000.0,10801000.0,2736578000.0,407408000.0,8387000.0,6843000.0,,455288000.0,7372000.0,1738669000.0,2744965000.0,558380000.0,2297049000.0,364300000.0,363498000.0,380620000.0
Equity Residential,EQR,,906107,2015.0,Q4,2015-10-01,2015-12-31,,0.55,0.55,0.55,181033000.0,0.56,,219000.0,466000.0,110541000.0,213720000.0,213673000.0,47000.0,202989000.0,9234000.0,-113142000.0,135767000.0,,40079000.0,3067000.0,701219000.0,99438000.0,1974000.0,1497000.0,,113608000.0,466000.0,416238000.0,703193000.0,173813000.0,590051000.0,364300000.0,363498000.0,380620000.0
Equity Residential,EQR,,906107,2015.0,Q3,2015-07-01,2015-09-30,2016-11-02 16:17:45+00:00,0.54,0.54,0.5525,196059000.0,0.53,,329000.0,256000.0,114298000.0,205456000.0,205375000.0,81000.0,195859000.0,8764000.0,-116649000.0,142477000.0,,65898000.0,2607000.0,694245000.0,101298000.0,2044000.0,833000.0,,116905000.0,256000.0,439834000.0,696289000.0,139806000.0,579640000.0,362700000.0,363579000.0,380663000.0
Equity Residential,EQR,,906107,2015.0,Q3YTD,2015-01-01,2015-09-30,,1.82,1.82,1.66,584862000.0,1.8,,698000.0,6906000.0,333946000.0,694298000.0,693948000.0,350000.0,660288000.0,28664000.0,-334774000.0,429599000.0,,310079000.0,7734000.0,2035359000.0,307970000.0,6413000.0,5346000.0,,341680000.0,6906000.0,1322431000.0,2041772000.0,384567000.0,1706998000.0,362700000.0,363579000.0,380663000.0
Equity Residential,EQR,,906107,2015.0,Q3TTM,2014-10-01,2015-09-30,,2.42,2.42,2.16,777951000.0,2.39,,946000.0,8155000.0,444182000.0,921339000.0,920907000.0,432000.0,876991000.0,37966000.0,-446295000.0,565595000.0,,399900000.0,10268000.0,2698178000.0,394638000.0,8254000.0,6382000.0,,454450000.0,8155000.0,1738184000.0,2706432000.0,521953000.0,2260137000.0,362700000.0,363579000.0,380663000.0
Equity Residential,EQR,,906107,2015.0,Q2,2015-04-01,2015-06-30,2016-08-04 16:11:54+00:00,0.79,0.79,0.5525,194282000.0,0.78,,326000.0,6481000.0,110866000.0,298618000.0,298504000.0,114000.0,285587000.0,12198000.0,-106923000.0,139797000.0,,161268000.0,2538000.0,676508000.0,100548000.0,2604000.0,833000.0,,113404000.0,6481000.0,434627000.0,679112000.0,137562000.0,572189000.0,361500000.0,363476000.0,380491000.0
Equity Residential,EQR,,906107,2015.0,Q2YTD,2015-01-01,2015-06-30,,1.28,1.28,1.11,388803000.0,1.27,,369000.0,6650000.0,219648000.0,488842000.0,488573000.0,269000.0,464429000.0,19900000.0,-218125000.0,287122000.0,,244181000.0,5127000.0,1341114000.0,206672000.0,4369000.0,4513000.0,,224775000.0,6650000.0,882597000.0,1345483000.0,244761000.0,1127358000.0,361500000.0,363476000.0,380491000.0
Equity Residential,EQR,,906107,2015.0,Q2TTM,2014-07-01,2015-06-30,,2.49,2.49,2.11,772361000.0,2.47,,877000.0,8475000.0,448135000.0,947073000.0,946784000.0,289000.0,901839000.0,38648000.0,-449949000.0,561664000.0,,447519000.0,10289000.0,2665934000.0,390105000.0,8287000.0,6586000.0,,458424000.0,8475000.0,1724130000.0,2674221000.0,500142000.0,2224272000.0,361500000.0,363476000.0,380491000.0
Equity Residential,EQR,,906107,2015.0,Q1,2015-01-01,2015-03-31,2016-05-05 16:12:10+00:00,0.49,0.49,0.5525,194521000.0,0.49,,43000.0,169000.0,108782000.0,190224000.0,190069000.0,155000.0,178842000.0,7702000.0,-111202000.0,147325000.0,,82913000.0,2589000.0,664606000.0,106124000.0,1765000.0,3680000.0,,111371000.0,169000.0,447970000.0,666371000.0,107199000.0,555169000.0,365000000.0,363098000.0,380327000.0
Equity Residential,EQR,,906107,2015.0,Q1TTM,2014-04-01,2015-03-31,,2.01,2.01,2.05,768215000.0,2.0,,1197000.0,4026000.0,453193000.0,766175000.0,765490000.0,685000.0,727906000.0,31480000.0,-460052000.0,557804000.0,,294362000.0,10885000.0,2639192000.0,389281000.0,8485000.0,6789000.0,,464078000.0,4026000.0,1715300000.0,2647677000.0,472325000.0,2187625000.0,365000000.0,363098000.0,380327000.0
Equity Residential,EQR,,906107,2016.0,FY,2016-01-01,2016-12-31,2019-02-21 16:17:35+00:00,11.75,11.75,13.015,705649000.0,11.68,0.0,1613000.0,65773000.0,482246000.0,4480104000.0,4479586000.0,518000.0,4289072000.0,187941000.0,-429106000.0,488838000.0,,4064587000.0,12633000.0,2422233000.0,385595000.0,3567000.0,3091000.0,,494879000.0,65773000.0,1580082000.0,2425800000.0,416612000.0,1996694000.0,365000000.0,365002000.0,381992000.0
Equity Residential,EQR,,906107,2016.0,Q4,2016-10-01,2016-12-31,,0.74,0.74,-12.51,177407000.0,0.77,,424000.0,681000.0,95930000.0,302381000.0,301987000.0,394000.0,276477000.0,25131000.0,-97882000.0,115147000.0,,172111000.0,2633000.0,605273000.0,84753000.0,216000.0,773000.0,,98563000.0,681000.0,377307000.0,605489000.0,130300000.0,507607000.0,365000000.0,365002000.0,381992000.0
Equity Residential,EQR,,906107,2016.0,Q3,2016-07-01,2016-09-30,2017-11-01 16:23:56+00:00,0.57,0.57,3.50375,179230000.0,0.56,,426000.0,5509000.0,86352000.0,217492000.0,217246000.0,246000.0,207543000.0,9176000.0,-83104000.0,123733000.0,,101823000.0,2261000.0,605856000.0,104158000.0,218000.0,773000.0,,88613000.0,5509000.0,407121000.0,606074000.0,115849000.0,522970000.0,364100000.0,365109000.0,382373000.0
Equity Residential,EQR,,906107,2016.0,Q3YTD,2016-01-01,2016-09-30,,11.01,11.01,12.51,528242000.0,10.91,,1189000.0,65092000.0,386316000.0,4177723000.0,4177599000.0,124000.0,4012595000.0,162810000.0,-331224000.0,373691000.0,,3892476000.0,10000000.0,1816960000.0,300842000.0,3351000.0,2318000.0,,396316000.0,65092000.0,1202775000.0,1820311000.0,286312000.0,1489087000.0,364100000.0,365109000.0,382373000.0
Equity Residential,EQR,,906107,2016.0,Q3TTM,2015-10-01,2016-09-30,,11.56,11.56,13.06,709275000.0,11.47,,1408000.0,65558000.0,496857000.0,4391443000.0,4391272000.0,171000.0,4215584000.0,172044000.0,-444366000.0,509458000.0,,3932555000.0,13067000.0,2518179000.0,400280000.0,5325000.0,3815000.0,,509924000.0,65558000.0,1619013000.0,2523504000.0,460125000.0,2079138000.0,364100000.0,365109000.0,382373000.0
Equity Residential,EQR,,906107,2016.0,Q2,2016-04-01,2016-06-30,2017-08-04 06:18:49+00:00,0.6,0.6,0.50375,176127000.0,0.59,,413000.0,56525000.0,86472000.0,228400000.0,228365000.0,35000.0,218067000.0,9561000.0,-32292000.0,117298000.0,,56556000.0,2345000.0,594939000.0,97215000.0,215000.0,772000.0,,88817000.0,56525000.0,390640000.0,595154000.0,172222000.0,562862000.0,363400000.0,365047000.0,382065000.0
Equity Residential,EQR,,906107,2016.0,Q2YTD,2016-01-01,2016-06-30,,10.44,10.44,9.01,349012000.0,10.35,,763000.0,59583000.0,299964000.0,3960231000.0,3960353000.0,-122000.0,3805052000.0,153634000.0,-248120000.0,249958000.0,,3790653000.0,7739000.0,1211104000.0,196684000.0,3133000.0,1545000.0,,307703000.0,59583000.0,795654000.0,1214237000.0,170463000.0,966117000.0,363400000.0,365047000.0,382065000.0
Equity Residential,EQR,,906107,2016.0,Q2TTM,2015-07-01,2016-06-30,,11.53,11.53,10.11,726104000.0,11.44,,1311000.0,60305000.0,524803000.0,4379407000.0,4379401000.0,6000.0,4203900000.0,171632000.0,-477911000.0,528202000.0,,3896630000.0,13413000.0,2606568000.0,397420000.0,7151000.0,3875000.0,,538216000.0,60305000.0,1651726000.0,2613719000.0,484082000.0,2135808000.0,363400000.0,365047000.0,382065000.0
Equity Residential,EQR,,906107,2016.0,Q1,2016-01-01,2016-03-31,2017-05-04 16:20:55+00:00,9.84,9.84,8.50375,172885000.0,9.76,,350000.0,3058000.0,213492000.0,3731831000.0,3731988000.0,-157000.0,3586985000.0,144073000.0,-215828000.0,132660000.0,,3734097000.0,5394000.0,616165000.0,99469000.0,2918000.0,773000.0,,218886000.0,3058000.0,405014000.0,619083000.0,-1759000.0,403255000.0,364500000.0,364592000.0,382243000.0
Equity Residential,EQR,,906107,2016.0,Q1TTM,2015-04-01,2016-03-31,,11.72,11.72,10.16,744259000.0,11.63,,1224000.0,10261000.0,549197000.0,4449625000.0,4449540000.0,85000.0,4271420000.0,174269000.0,-552542000.0,550701000.0,,4001342000.0,13606000.0,2688137000.0,400753000.0,9540000.0,3936000.0,,562803000.0,10261000.0,1695713000.0,2697677000.0,449422000.0,2145135000.0,364500000.0,364592000.0,382243000.0
Equity Residential,EQR,,906107,2017.0,FY,2017-01-01,2017-12-31,2020-02-20 16:16:57+00:00,1.64,1.64,2.015,743749000.0,1.63,1693000.0,478000.0,6136000.0,383890000.0,628381000.0,628381000.0,,600363000.0,24927000.0,-386280000.0,490774000.0,,15797000.0,8526000.0,2470689000.0,235848000.0,717000.0,3091000.0,,392416000.0,6136000.0,1472064000.0,2471406000.0,613062000.0,2085126000.0,366100000.0,366968000.0,382678000.0
Equity Residential,EQR,,906107,2017.0,Q3,2017-07-01,2017-09-30,2018-10-30 16:13:20+00:00,0.37,0.37,0.50375,184100000.0,0.37,,228000.0,3945000.0,91145000.0,144196000.0,144196000.0,,137457000.0,5967000.0,-89264000.0,125582000.0,,16930000.0,2064000.0,623951000.0,97682000.0,,772000.0,,93209000.0,3945000.0,407364000.0,623951000.0,127494000.0,534687000.0,371500000.0,366996000.0,382945000.0
Equity Residential,EQR,,906107,2017.0,Q1,2017-01-01,2017-03-31,2018-05-03 16:16:54+00:00,0.39,0.39,0.50375,178968000.0,0.39,,262000.0,601000.0,106210000.0,149941000.0,149941000.0,,142969000.0,6199000.0,-107905000.0,124860000.0,,54827000.0,2296000.0,603920000.0,96991000.0,180000.0,773000.0,,108506000.0,601000.0,400819000.0,604100000.0,95376000.0,496195000.0,366600000.0,366605000.0,382280000.0
Equity Residential,EQR,,906107,2017.0,Q1TTM,2016-04-01,2017-03-31,,2.3,2.3,-8.0,711732000.0,2.31,,1525000.0,63316000.0,374964000.0,898214000.0,897539000.0,675000.0,845056000.0,50067000.0,-321183000.0,481038000.0,,385317000.0,9535000.0,2409988000.0,383117000.0,829000.0,3091000.0,,384499000.0,63316000.0,1575887000.0,2410817000.0,513747000.0,2089634000.0,366600000.0,366605000.0,382280000.0
Equity Residential,EQR,,906107,2018.0,FY,2018-01-01,2018-12-31,2020-02-20 16:16:57+00:00,1.78,1.78,2.16,785725000.0,1.77,702000.0,878000.0,15317000.0,413360000.0,685192000.0,685192000.0,,654445000.0,27657000.0,-409353000.0,521820000.0,,-2680000.0,11310000.0,2577681000.0,172084000.0,753000.0,3090000.0,,424670000.0,15317000.0,1480331000.0,2578434000.0,688750000.0,2169081000.0,367700000.0,368052000.0,383695000.0
Equity Residential,EQR,,906107,2018.0,Q4,2018-10-01,2018-12-31,,0.32,0.32,,201856000.0,0.31,,111000.0,457000.0,91906000.0,122388000.0,122388000.0,,116415000.0,5201000.0,-93705000.0,130158000.0,,-682000.0,2256000.0,652553000.0,103843000.0,190000.0,772000.0,,94162000.0,457000.0,435857000.0,652743000.0,123181000.0,559038000.0,367700000.0,368052000.0,383695000.0
Equity Residential,EQR,,906107,2018.0,Q3,2018-07-01,2018-09-30,2019-10-30 16:13:07+00:00,0.58,0.58,,194618000.0,0.58,702000.0,280000.0,7864000.0,111219000.0,223846000.0,223846000.0,,214164000.0,8909000.0,-106631000.0,132788000.0,,-985000.0,3276000.0,652677000.0,-6983000.0,190000.0,773000.0,,114495000.0,7864000.0,321125000.0,652867000.0,225111000.0,546236000.0,369200000.0,368028000.0,383884000.0
Equity Residential,EQR,,906107,2018.0,Q3YTD,2018-01-01,2018-09-30,,1.46,1.46,,583869000.0,1.46,702000.0,767000.0,14860000.0,321454000.0,562804000.0,562804000.0,,538030000.0,22456000.0,-315648000.0,391662000.0,,-1998000.0,9054000.0,1925128000.0,68241000.0,563000.0,2318000.0,,330508000.0,14860000.0,1044474000.0,1925691000.0,565569000.0,1610043000.0,369200000.0,368028000.0,383884000.0
Equity Residential,EQR,,906107,2018.0,Q2,2018-04-01,2018-06-30,2019-08-02 16:14:48+00:00,0.31,0.31,,192942000.0,0.31,,274000.0,1116000.0,94131000.0,118410000.0,118410000.0,,112830000.0,4808000.0,-95114000.0,127228000.0,,-36000.0,2099000.0,639620000.0,105804000.0,188000.0,772000.0,,96230000.0,1116000.0,425974000.0,639808000.0,118720000.0,544694000.0,364000000.0,367930000.0,383423000.0
Equity Residential,EQR,,906107,2018.0,Q2YTD,2018-01-01,2018-06-30,,0.88,0.88,,389251000.0,0.88,,487000.0,6996000.0,210235000.0,338958000.0,338958000.0,,323866000.0,13547000.0,-209017000.0,258874000.0,,-1013000.0,5778000.0,1272451000.0,75224000.0,373000.0,1545000.0,,216013000.0,6996000.0,723349000.0,1272824000.0,340458000.0,1063807000.0,364000000.0,367930000.0,383423000.0
Equity Residential,EQR,,906107,2018.0,Q1,2018-01-01,2018-03-31,2019-05-06 16:13:30+00:00,0.57,0.57,,196309000.0,0.57,,213000.0,5880000.0,116104000.0,220548000.0,220548000.0,,211036000.0,8739000.0,-113903000.0,131646000.0,,-977000.0,3679000.0,632831000.0,-30580000.0,185000.0,773000.0,,119783000.0,5880000.0,297375000.0,633016000.0,221738000.0,519113000.0,370200000.0,367800000.0,383018000.0
Equity Residential,EQR,,906107,2018.0,Q1TTM,2017-04-01,2018-03-31,,1.82,1.82,-0.5,761090000.0,1.81,1693000.0,429000.0,11415000.0,393784000.0,698988000.0,698988000.0,,668430000.0,27467000.0,-392278000.0,497560000.0,,-40007000.0,9909000.0,2499600000.0,108277000.0,722000.0,3091000.0,,403693000.0,11415000.0,1368620000.0,2500322000.0,739424000.0,2108044000.0,370200000.0,367800000.0,383018000.0
Equity Residential,EQR,,906107,2019.0,Q4,2019-10-01,2019-12-31,,0.78,0.78,,214882000.0,0.78,,-3030000.0,596000.0,100300000.0,301306000.0,301306000.0,,288992000.0,11542000.0,-102710000.0,130987000.0,,-994000.0,3006000.0,683895000.0,-63930000.0,24000.0,772000.0,,103306000.0,596000.0,281939000.0,683919000.0,299270000.0,581209000.0,370600000.0,370461000.0,386333000.0
Equity Residential,EQR,,906107,2019.0,FY,2019-01-01,2019-12-31,2020-02-20 16:16:57+00:00,2.61,2.61,,831083000.0,2.6,,-2281000.0,2817000.0,390076000.0,1009708000.0,1009708000.0,,967287000.0,39331000.0,-398929000.0,542189000.0,,67989000.0,11670000.0,2700691000.0,-10564000.0,384000.0,3090000.0,,401746000.0,2817000.0,1362708000.0,2701075000.0,939438000.0,2302146000.0,370600000.0,370461000.0,386333000.0
Equity Residential,EQR,,906107,2019.0,Q3,2019-07-01,2019-09-30,2019-10-30 16:13:07+00:00,0.72,0.72,,211478000.0,0.71,0.0,265000.0,631000.0,85936000.0,277846000.0,277846000.0,,266333000.0,10740000.0,-88186000.0,136906000.0,,747000.0,2881000.0,685120000.0,-28789000.0,25000.0,773000.0,,88817000.0,631000.0,319595000.0,685145000.0,277364000.0,596959000.0,369900000.0,370768000.0,386896000.0
Equity Residential,EQR,,906107,2019.0,Q3YTD,2019-01-01,2019-09-30,,1.83,1.83,,616201000.0,1.82,,749000.0,2221000.0,289776000.0,708402000.0,708402000.0,,678295000.0,27789000.0,-296219000.0,411202000.0,,68983000.0,8664000.0,2016796000.0,53366000.0,360000.0,2318000.0,,298440000.0,2221000.0,1080769000.0,2017156000.0,640168000.0,1720937000.0,369900000.0,370768000.0,386896000.0
Equity Residential,EQR,,906107,2019.0,Q3TTM,2018-10-01,2019-09-30,,2.15,2.15,,818057000.0,2.13,,860000.0,2678000.0,381682000.0,830790000.0,830790000.0,,794710000.0,32990000.0,-389924000.0,541360000.0,,68301000.0,10920000.0,2669349000.0,157209000.0,550000.0,3090000.0,,392602000.0,2678000.0,1516626000.0,2669899000.0,763349000.0,2279975000.0,369900000.0,370768000.0,386896000.0
Equity Residential,EQR,,906107,2019.0,Q2YTD,2019-01-01,2019-06-30,,1.11,1.11,,404723000.0,1.11,,484000.0,1590000.0,203840000.0,430556000.0,430556000.0,,411962000.0,17049000.0,-208033000.0,274296000.0,,68236000.0,5783000.0,1331676000.0,82155000.0,335000.0,1545000.0,,209623000.0,1590000.0,761174000.0,1332011000.0,362804000.0,1123978000.0,371300000.0,370342000.0,386107000.0
Equity Residential,EQR,,906107,2019.0,Q2TTM,2018-07-01,2019-06-30,,2.01,2.01,,801197000.0,2.0,702000.0,875000.0,9911000.0,406965000.0,776790000.0,776790000.0,,742541000.0,31159000.0,-408369000.0,537242000.0,,66569000.0,11315000.0,2636906000.0,179015000.0,715000.0,3090000.0,,418280000.0,9911000.0,1518156000.0,2637621000.0,711096000.0,2229252000.0,371300000.0,370342000.0,386107000.0
Equity Residential,EQR,,906107,2019.0,Q2,2019-04-01,2019-06-30,2019-08-02 16:14:48+00:00,0.83,0.83,,200508000.0,0.83,,246000.0,1009000.0,108902000.0,321299000.0,321299000.0,,308196000.0,12331000.0,-111540000.0,132830000.0,,68942000.0,3647000.0,669374000.0,-27964000.0,143000.0,772000.0,,112549000.0,1009000.0,305374000.0,669517000.0,252603000.0,557977000.0,371300000.0,370342000.0,386107000.0
Equity Residential,EQR,,906107,2019.0,Q1,2019-01-01,2019-03-31,2020-05-07 16:15:35+00:00,0.28,0.28,,204215000.0,0.28,,238000.0,581000.0,94938000.0,109257000.0,109257000.0,,103766000.0,4718000.0,-96493000.0,141466000.0,,-706000.0,2136000.0,662302000.0,110119000.0,192000.0,773000.0,,97074000.0,581000.0,455800000.0,662494000.0,110201000.0,566001000.0,370600000.0,369558000.0,385184000.0
Equity Residential,EQR,,906107,2019.0,Q1TTM,2018-04-01,2019-03-31,,1.49,1.49,,793631000.0,1.48,702000.0,903000.0,10018000.0,392194000.0,573901000.0,573901000.0,,547175000.0,23636000.0,-391943000.0,531640000.0,,-2409000.0,9767000.0,2607152000.0,312783000.0,760000.0,3090000.0,,401961000.0,10018000.0,1638756000.0,2607912000.0,577213000.0,2215969000.0,370600000.0,369558000.0,385184000.0
Equity Residential,EQR,,906107,2020.0,Q1TTM,2019-04-01,2020-03-31,,3.16,3.16,,839290000.0,3.15,,-2466000.0,4172000.0,380728000.0,1233122000.0,1233122000.0,,1171354000.0,58678000.0,-388131000.0,544248000.0,,67538000.0,11575000.0,2720694000.0,-213877000.0,216000.0,3090000.0,,392303000.0,4172000.0,1169661000.0,2720910000.0,1163118000.0,2332779000.0,370900000.0,371582000.0,386949000.0
Equity Residential,EQR,,906107,2020.0,Q1,2020-01-01,2020-03-31,2020-05-07 16:15:35+00:00,0.83,0.83,,212422000.0,0.83,,53000.0,1936000.0,85590000.0,332671000.0,332671000.0,,307833000.0,24065000.0,-85695000.0,143525000.0,,-1157000.0,2041000.0,682305000.0,-93194000.0,24000.0,773000.0,,87631000.0,1936000.0,262753000.0,682329000.0,333881000.0,596634000.0,370900000.0,371582000.0,386949000.0
