company_name,company_ticker,company_lei,company_cik,year,quarter,start_date,end_date,filing_date,amortizationexpense,basicdilutedeps,basiceps,cashdividendspershare,depositsinterestexpense,dilutedeps,incometaxexpense,investmentsecuritiesinterestincome,loansandleaseinterestincome,longtermdebtinterestexpense,netincome,netincomecontinuing,netincomediscontinued,netincometocommon,netincometononcontrollinginterest,netinterestincome,netrealizedcapitalgains,otherinterestexpense,otherinterestincome,othernoninterestincome,otheroperatingexpenses,otherservicechargeincome,preferreddividends,propertyliabilityinsuranceclaims,provisionforcreditlosses,restructuringcharge,salariesandemployeebenefitsexpense,shorttermborrowinginterestexpense,totalinterestexpense,totalinterestincome,totalnoninterestexpense,totalnoninterestincome,totalpretaxincome,totalrevenue,weightedavebasicdilutedsharesos,weightedavebasicsharesos,weightedavedilutedsharesos
SLM Corp,SLM,4K8SLPBF5DXXGPW03H93,1032033,2007.0,FY,2007-01-01,2007-12-31,2010-02-26 16:26:01+00:00,,-2.26,-2.26,-0.25,,-2.26,408275000.0,707577000.0,7966445000.0,7085772000.0,-894079000.0,-900355000.0,6276000.0,-933539000.0,2315000.0,1588250000.0,-431996000.0,,,,759895000.0,877469000.0,37145000.0,,1015308000.0,22505000.0,728095000.0,,7085772000.0,8674022000.0,1510495000.0,445473000.0,-492080000.0,2033723000.0,413100000.0,412233000.0,412233000.0
SLM Corp,SLM,4K8SLPBF5DXXGPW03H93,1032033,2008.0,FY,2008-01-01,2008-12-31,2011-02-28 16:23:54+00:00,49674000.0,-0.69,-0.69,0.0,,-0.69,-36693000.0,276264000.0,6993374000.0,5905418000.0,-212626000.0,2480000.0,-215106000.0,-323832000.0,,1364220000.0,102303000.0,,,,459047000.0,369724000.0,111206000.0,,719650000.0,71659000.0,570430000.0,,5905418000.0,7269638000.0,1150810000.0,472027000.0,-34213000.0,1836247000.0,469300000.0,466642000.0,466642000.0
SLM Corp,SLM,4K8SLPBF5DXXGPW03H93,1032033,2008.0,Q3,2008-07-01,2008-09-30,2009-11-04 18:23:52+00:00,,-0.4,-0.4,0.0,,-0.4,-103819000.0,57154000.0,1812128000.0,1394533000.0,-157997000.0,-157997000.0,,-186015000.0,544000.0,474749000.0,-391358000.0,,,,209744000.0,219362000.0,27474000.0,,186909000.0,10508000.0,157408000.0,,1394533000.0,1869282000.0,377660000.0,-171996000.0,-261816000.0,302753000.0,465000000.0,466646000.0,466646000.0
SLM Corp,SLM,4K8SLPBF5DXXGPW03H93,1032033,2008.0,Q2,2008-04-01,2008-06-30,2009-08-05 16:56:49+00:00,,0.51,0.51,0.0,,0.5,153074000.0,70521000.0,1697940000.0,1365918000.0,268662000.0,268662000.0,,238345000.0,2926000.0,402543000.0,346455000.0,,,,185900000.0,216181000.0,27391000.0,,143015000.0,46740000.0,167788000.0,,1365918000.0,1768461000.0,400428000.0,562636000.0,421736000.0,965179000.0,467300000.0,466649000.0,517954000.0
SLM Corp,SLM,4K8SLPBF5DXXGPW03H93,1032033,2009.0,FY,2009-01-01,2009-12-31,2012-02-27 16:24:21+00:00,76000000.0,0.38,0.38,,,0.38,264000000.0,26000000.0,4732000000.0,3035000000.0,324000000.0,544000000.0,-220000000.0,178000000.0,,1723000000.0,951000000.0,,,,503000000.0,382000000.0,146000000.0,,1119000000.0,10000000.0,540000000.0,,3035000000.0,4758000000.0,1129000000.0,1333000000.0,808000000.0,3056000000.0,468400000.0,471000000.0,472000000.0
SLM Corp,SLM,4K8SLPBF5DXXGPW03H93,1032033,2009.0,Q4,2009-10-01,2009-12-31,,75960000.0,0.55,0.55,,,0.55,241573000.0,6168000.0,1108381000.0,2009092000.0,308444000.0,482142000.0,-173698000.0,258120000.0,-690000.0,598786000.0,1279208000.0,,1493329000.0,,-8912000.0,-696586000.0,51014000.0,,269442000.0,-1224000.0,122427000.0,,2009092000.0,1114549000.0,188251000.0,582622000.0,723715000.0,1181408000.0,469200000.0,470858000.0,471584000.0
SLM Corp,SLM,4K8SLPBF5DXXGPW03H93,1032033,2009.0,Q3YTD,2009-01-01,2009-09-30,,,-0.17,-0.17,,,-0.17,22295000.0,19896000.0,3623920000.0,1026547000.0,15694000.0,61868000.0,-46174000.0,-79818000.0,690000.0,1123940000.0,-328322000.0,,-1493329000.0,,511925000.0,1078779000.0,94822000.0,,849518000.0,11795000.0,416996000.0,,1026547000.0,3643816000.0,940716000.0,750457000.0,84163000.0,1874397000.0,465900000.0,470280000.0,471058000.0
SLM Corp,SLM,4K8SLPBF5DXXGPW03H93,1032033,2009.0,Q3,2009-07-01,2009-09-30,2010-11-08 16:51:39+00:00,9774000.0,0.25,0.25,0.0,,0.25,80423000.0,6881000.0,1192165000.0,673870000.0,159308000.0,165725000.0,-6417000.0,116483000.0,198000.0,525176000.0,77202000.0,,,,162242000.0,280293000.0,42627000.0,,321127000.0,2492000.0,140888000.0,,673870000.0,1199046000.0,315396000.0,357495000.0,246148000.0,882671000.0,465900000.0,470280000.0,471058000.0
SLM Corp,SLM,4K8SLPBF5DXXGPW03H93,1032033,2009.0,Q2YTD,2009-01-01,2009-06-30,,,-0.42,-0.42,,,-0.42,-52068000.0,13015000.0,2431755000.0,1026547000.0,-143614000.0,-97440000.0,-46174000.0,-196301000.0,492000.0,598764000.0,-399863000.0,,-819459000.0,,335740000.0,798486000.0,52195000.0,,528391000.0,8203000.0,274561000.0,,1026547000.0,2444770000.0,618504000.0,398623000.0,-149508000.0,997387000.0,464100000.0,466799000.0,466799000.0
SLM Corp,SLM,4K8SLPBF5DXXGPW03H93,1032033,2009.0,Q2,2009-04-01,2009-06-30,2010-08-05 16:44:16+00:00,,-0.32,-0.32,0.0,,-0.32,-43110000.0,7044000.0,1196116000.0,819459000.0,-122509000.0,-115967000.0,-6542000.0,-148520000.0,211000.0,383701000.0,-450374000.0,,,,170381000.0,497205000.0,25800000.0,,278112000.0,3333000.0,137783000.0,,819459000.0,1203160000.0,311497000.0,46831000.0,-159077000.0,430532000.0,464100000.0,466799000.0,466799000.0
SLM Corp,SLM,4K8SLPBF5DXXGPW03H93,1032033,2009.0,Q1,2009-01-01,2009-03-31,2010-05-06 17:08:41+00:00,,-0.1,-0.1,0.0,,-0.1,-5517000.0,5971000.0,1235639000.0,1026547000.0,-21105000.0,25069000.0,-46174000.0,-47781000.0,281000.0,215063000.0,52376000.0,,,,159974000.0,301281000.0,26395000.0,,250279000.0,3773000.0,135142000.0,,1026547000.0,1241610000.0,298889000.0,353657000.0,19552000.0,568720000.0,477800000.0,466761000.0,466761000.0
SLM Corp,SLM,4K8SLPBF5DXXGPW03H93,1032033,2010.0,Q4,2010-10-01,2010-12-31,,9578000.0,0.88,0.88,,,0.92,260862000.0,6752000.0,1385532000.0,535683000.0,447042000.0,499474000.0,-52432000.0,431431000.0,,856601000.0,497813000.0,,,,173799000.0,76165000.0,15611000.0,,319641000.0,32388000.0,134837000.0,,535683000.0,1392284000.0,350602000.0,573978000.0,760336000.0,1430579000.0,487200000.0,487000000.0,488000000.0
SLM Corp,SLM,4K8SLPBF5DXXGPW03H93,1032033,2010.0,FY,2010-01-01,2010-12-31,2013-02-26 16:35:29+00:00,699000000.0,0.94,0.94,,,0.94,493000000.0,26000000.0,5728000000.0,2275000000.0,530000000.0,597000000.0,-67000000.0,458000000.0,,3479000000.0,686000000.0,,,,647000000.0,336000000.0,72000000.0,,1419000000.0,85000000.0,561000000.0,,2275000000.0,5754000000.0,1992000000.0,1022000000.0,1090000000.0,4501000000.0,487200000.0,487000000.0,488000000.0
SLM Corp,SLM,4K8SLPBF5DXXGPW03H93,1032033,2010.0,Q3,2010-07-01,2010-09-30,2011-11-04 16:24:50+00:00,670000000.0,-1.06,-1.06,,,-1.06,-126000000.0,8000000.0,1503000000.0,639000000.0,-495000000.0,-494000000.0,-1000000.0,-514000000.0,,872000000.0,-232000000.0,,,,164000000.0,80000000.0,19000000.0,,358000000.0,10000000.0,138000000.0,,639000000.0,1511000000.0,982000000.0,-152000000.0,-620000000.0,720000000.0,484900000.0,485000000.0,485000000.0
SLM Corp,SLM,4K8SLPBF5DXXGPW03H93,1032033,2010.0,Q3YTD,2010-01-01,2010-09-30,,689422000.0,0.06,0.06,,,0.02,232138000.0,19248000.0,4342468000.0,1739317000.0,82958000.0,97526000.0,-14568000.0,26569000.0,,2622399000.0,188187000.0,,,,473201000.0,259835000.0,56389000.0,,1099359000.0,52612000.0,426163000.0,,1739317000.0,4361716000.0,1641398000.0,448022000.0,329664000.0,3070421000.0,484900000.0,485000000.0,485000000.0
SLM Corp,SLM,4K8SLPBF5DXXGPW03H93,1032033,2010.0,Q3TTM,2009-10-01,2010-09-30,,755648000.0,0.61,0.61,,,0.57,464342000.0,25352000.0,5450548000.0,2254441000.0,391264000.0,566699000.0,-175435000.0,284387000.0,-690000.0,3221459000.0,1459983000.0,,,,483604000.0,-436944000.0,107567000.0,,1368841000.0,53014000.0,552350000.0,,2254441000.0,5475900000.0,1844616000.0,1023039000.0,1031041000.0,4244498000.0,484900000.0,485000000.0,485000000.0
SLM Corp,SLM,4K8SLPBF5DXXGPW03H93,1032033,2010.0,Q2,2010-04-01,2010-06-30,2011-08-05 16:18:50+00:00,9710000.0,0.66,0.66,,,0.63,198978000.0,6299000.0,1458556000.0,568933000.0,337818000.0,344772000.0,-6954000.0,319107000.0,,895922000.0,281591000.0,,,,170668000.0,85723000.0,18711000.0,,382239000.0,17808000.0,139061000.0,,568933000.0,1464855000.0,337247000.0,367314000.0,543750000.0,1263236000.0,483500000.0,484832000.0,527391000.0
SLM Corp,SLM,4K8SLPBF5DXXGPW03H93,1032033,2010.0,Q2YTD,2010-01-01,2010-06-30,,19422000.0,1.12,1.12,,,1.08,358138000.0,11248000.0,2839468000.0,1100317000.0,577958000.0,591526000.0,-13568000.0,540569000.0,,1750399000.0,420187000.0,,,,309201000.0,179835000.0,37389000.0,,741359000.0,42612000.0,288163000.0,,1100317000.0,2850716000.0,659398000.0,600022000.0,949664000.0,2350421000.0,483500000.0,484832000.0,527391000.0
SLM Corp,SLM,4K8SLPBF5DXXGPW03H93,1032033,2010.0,Q2TTM,2009-07-01,2010-06-30,,95422000.0,1.92,1.92,,,1.88,670765000.0,24233000.0,5139713000.0,2289311000.0,1045572000.0,1226424000.0,-180852000.0,914870000.0,-492000.0,2874635000.0,1769185000.0,,,,481846000.0,-236651000.0,131194000.0,,1331968000.0,45506000.0,555238000.0,,2289311000.0,5163946000.0,1178012000.0,1532534000.0,1897189000.0,4407169000.0,483500000.0,484832000.0,527391000.0
SLM Corp,SLM,4K8SLPBF5DXXGPW03H93,1032033,2010.0,Q1TTM,2009-04-01,2010-03-31,,85712000.0,0.94,0.94,,,0.93,428677000.0,24978000.0,4877273000.0,2539837000.0,585245000.0,765685000.0,-180440000.0,447243000.0,-281000.0,2362414000.0,1037220000.0,,,,481559000.0,174831000.0,138283000.0,,1227841000.0,31031000.0,553960000.0,,2539837000.0,4902251000.0,1152262000.0,1212051000.0,1194362000.0,3574465000.0,481400000.0,484259000.0,526631000.0
SLM Corp,SLM,4K8SLPBF5DXXGPW03H93,1032033,2010.0,Q1,2010-01-01,2010-03-31,2011-05-06 16:28:02+00:00,9712000.0,0.46,0.46,0.0,,0.45,159160000.0,4949000.0,1380912000.0,531384000.0,240140000.0,246754000.0,-6614000.0,221462000.0,,854477000.0,138596000.0,,,,138533000.0,94112000.0,18678000.0,,359120000.0,24804000.0,149102000.0,,531384000.0,1385861000.0,322151000.0,232708000.0,405914000.0,1087185000.0,481400000.0,484259000.0,526631000.0
SLM Corp,SLM,4K8SLPBF5DXXGPW03H93,1032033,2011.0,Q4,2011-10-01,2011-12-31,,3000000.0,0.99,0.99,-0.1,,0.98,285000000.0,5000000.0,1497000000.0,624000000.0,510000000.0,507000000.0,3000000.0,506000000.0,-1000000.0,878000000.0,235000000.0,,,,54000000.0,128000000.0,5000000.0,,292000000.0,5000000.0,95000000.0,,624000000.0,1502000000.0,157000000.0,363000000.0,792000000.0,1241000000.0,516800000.0,517000000.0,523000000.0
SLM Corp,SLM,4K8SLPBF5DXXGPW03H93,1032033,2011.0,FY,2011-01-01,2011-12-31,2014-02-19 17:08:38+00:00,21000000.0,1.19,1.19,-0.3,,1.18,328000000.0,19000000.0,5911000000.0,2401000000.0,632000000.0,597000000.0,35000000.0,615000000.0,-1000000.0,3529000000.0,-673000000.0,,,,512000000.0,402000000.0,18000000.0,,1295000000.0,12000000.0,493000000.0,,2401000000.0,5930000000.0,1038000000.0,-271000000.0,925000000.0,3258000000.0,516800000.0,517000000.0,523000000.0
SLM Corp,SLM,4K8SLPBF5DXXGPW03H93,1032033,2011.0,Q3YTD,2011-01-01,2011-09-30,,18000000.0,0.2,0.2,-0.2,,0.2,43000000.0,14000000.0,4414000000.0,1777000000.0,122000000.0,90000000.0,32000000.0,109000000.0,,2651000000.0,-908000000.0,,,,458000000.0,274000000.0,13000000.0,,1003000000.0,7000000.0,398000000.0,,1777000000.0,4428000000.0,881000000.0,-634000000.0,133000000.0,2017000000.0,520000000.0,511000000.0,511000000.0
SLM Corp,SLM,4K8SLPBF5DXXGPW03H93,1032033,2011.0,Q3TTM,2010-10-01,2011-09-30,,27578000.0,1.08,1.08,-0.2,,1.12,303862000.0,20752000.0,5799532000.0,2312683000.0,569042000.0,589474000.0,-20432000.0,540431000.0,,3507601000.0,-410187000.0,,,,631799000.0,350165000.0,28611000.0,,1322641000.0,39388000.0,532837000.0,,2312683000.0,5820284000.0,1231602000.0,-60022000.0,893336000.0,3447579000.0,520000000.0,511000000.0,511000000.0
SLM Corp,SLM,4K8SLPBF5DXXGPW03H93,1032033,2011.0,Q3,2011-07-01,2011-09-30,2012-11-02 16:13:35+00:00,6000000.0,-0.1,-0.1,-0.1,,-0.1,-46000000.0,4000000.0,1472000000.0,591000000.0,-47000000.0,-70000000.0,23000000.0,-52000000.0,,885000000.0,-385000000.0,,,,147000000.0,85000000.0,5000000.0,,409000000.0,1000000.0,138000000.0,,591000000.0,1476000000.0,292000000.0,-300000000.0,-116000000.0,585000000.0,520000000.0,511000000.0,511000000.0
SLM Corp,SLM,4K8SLPBF5DXXGPW03H93,1032033,2011.0,Q2YTD,2011-01-01,2011-06-30,,12000000.0,0.3,0.3,-0.1,,0.3,89000000.0,10000000.0,2942000000.0,1186000000.0,169000000.0,160000000.0,9000000.0,161000000.0,,1766000000.0,-523000000.0,,,,311000000.0,189000000.0,8000000.0,,594000000.0,6000000.0,260000000.0,,1186000000.0,2952000000.0,589000000.0,-334000000.0,249000000.0,1432000000.0,500000000.0,524000000.0,524000000.0
SLM Corp,SLM,4K8SLPBF5DXXGPW03H93,1032033,2011.0,Q2TTM,2010-07-01,2011-06-30,,691578000.0,0.12,0.12,-0.1,,0.16,223862000.0,24752000.0,5830532000.0,2360683000.0,121042000.0,165474000.0,-44432000.0,78431000.0,,3494601000.0,-257187000.0,,,,648799000.0,345165000.0,42611000.0,,1271641000.0,48388000.0,532837000.0,,2360683000.0,5855284000.0,1921602000.0,87978000.0,389336000.0,3582579000.0,500000000.0,524000000.0,524000000.0
SLM Corp,SLM,4K8SLPBF5DXXGPW03H93,1032033,2011.0,Q2,2011-04-01,2011-06-30,2012-08-03 08:46:52+00:00,6000000.0,-0.02,-0.02,-0.1,,-0.02,-10000000.0,5000000.0,1455000000.0,592000000.0,-6000000.0,-17000000.0,11000000.0,-10000000.0,,868000000.0,-417000000.0,,,,143000000.0,89000000.0,4000000.0,,291000000.0,2000000.0,125000000.0,,592000000.0,1460000000.0,276000000.0,-328000000.0,-27000000.0,540000000.0,500000000.0,524000000.0,524000000.0
SLM Corp,SLM,4K8SLPBF5DXXGPW03H93,1032033,2011.0,Q1TTM,2010-04-01,2011-03-31,,695288000.0,0.8,0.8,,,0.81,432840000.0,26051000.0,5834088000.0,2337616000.0,464860000.0,527246000.0,-62386000.0,407538000.0,,3522523000.0,441404000.0,,,,676467000.0,341888000.0,57322000.0,,1362880000.0,64196000.0,546898000.0,,2337616000.0,5860139000.0,1982849000.0,783292000.0,960086000.0,4305815000.0,534400000.0,527000000.0,532000000.0
SLM Corp,SLM,4K8SLPBF5DXXGPW03H93,1032033,2011.0,Q1,2011-01-01,2011-03-31,2012-05-04 16:26:14+00:00,6000000.0,0.32,0.32,,,0.32,99000000.0,5000000.0,1487000000.0,594000000.0,175000000.0,177000000.0,-2000000.0,171000000.0,,898000000.0,-106000000.0,,,,168000000.0,100000000.0,4000000.0,,303000000.0,4000000.0,135000000.0,,594000000.0,1492000000.0,313000000.0,-6000000.0,276000000.0,892000000.0,534400000.0,527000000.0,532000000.0
SLM Corp,SLM,4K8SLPBF5DXXGPW03H93,1032033,2012.0,Q4,2012-10-01,2012-12-31,,12000000.0,0.74,0.74,-0.38,,0.71,158000000.0,5000000.0,1420000000.0,594000000.0,348000000.0,346000000.0,2000000.0,342000000.0,1000000.0,831000000.0,38000000.0,,,,84000000.0,146000000.0,5000000.0,,314000000.0,1000000.0,100000000.0,,594000000.0,1425000000.0,197000000.0,184000000.0,504000000.0,1015000000.0,476200000.0,476000000.0,483000000.0
SLM Corp,SLM,4K8SLPBF5DXXGPW03H93,1032033,2012.0,FY,2012-01-01,2012-12-31,2014-02-19 17:08:38+00:00,27000000.0,1.93,1.93,-0.5,,1.9,498000000.0,21000000.0,5748000000.0,2561000000.0,937000000.0,939000000.0,-2000000.0,919000000.0,-2000000.0,3208000000.0,-204000000.0,,,,440000000.0,448000000.0,20000000.0,,1080000000.0,11000000.0,457000000.0,,2561000000.0,5769000000.0,935000000.0,244000000.0,1437000000.0,3452000000.0,476200000.0,476000000.0,483000000.0
SLM Corp,SLM,4K8SLPBF5DXXGPW03H93,1032033,2012.0,Q3YTD,2012-01-01,2012-09-30,,15000000.0,1.19,1.19,-0.13,,1.19,340000000.0,16000000.0,4328000000.0,1967000000.0,589000000.0,593000000.0,-4000000.0,577000000.0,-3000000.0,2377000000.0,-242000000.0,,,,356000000.0,302000000.0,15000000.0,,766000000.0,10000000.0,357000000.0,,1967000000.0,4344000000.0,738000000.0,60000000.0,933000000.0,2437000000.0,469200000.0,464000000.0,471000000.0
SLM Corp,SLM,4K8SLPBF5DXXGPW03H93,1032033,2012.0,Q3TTM,2011-10-01,2012-09-30,,18000000.0,2.18,2.18,-0.22,,2.17,625000000.0,21000000.0,5825000000.0,2591000000.0,1099000000.0,1100000000.0,-1000000.0,1083000000.0,-4000000.0,3255000000.0,-7000000.0,,,,410000000.0,430000000.0,20000000.0,,1058000000.0,15000000.0,452000000.0,,2591000000.0,5846000000.0,895000000.0,423000000.0,1725000000.0,3678000000.0,469200000.0,464000000.0,471000000.0
SLM Corp,SLM,4K8SLPBF5DXXGPW03H93,1032033,2012.0,Q3,2012-07-01,2012-09-30,2013-10-28 17:11:38+00:00,5000000.0,0.39,0.39,-0.125,,0.39,104000000.0,5000000.0,1459000000.0,645000000.0,187000000.0,187000000.0,0.0,183000000.0,-1000000.0,819000000.0,-118000000.0,,,,107000000.0,87000000.0,5000000.0,,270000000.0,2000000.0,113000000.0,,645000000.0,1464000000.0,227000000.0,-31000000.0,291000000.0,788000000.0,469200000.0,464000000.0,471000000.0
SLM Corp,SLM,4K8SLPBF5DXXGPW03H93,1032033,2012.0,Q2YTD,2012-01-01,2012-06-30,,10000000.0,0.8,0.8,,,0.8,236000000.0,11000000.0,2869000000.0,1322000000.0,402000000.0,406000000.0,-4000000.0,394000000.0,-2000000.0,1558000000.0,-124000000.0,,,,249000000.0,215000000.0,10000000.0,,496000000.0,8000000.0,244000000.0,,1322000000.0,2880000000.0,511000000.0,91000000.0,642000000.0,1649000000.0,486400000.0,482000000.0,488000000.0
SLM Corp,SLM,4K8SLPBF5DXXGPW03H93,1032033,2012.0,Q2TTM,2011-07-01,2012-06-30,,19000000.0,1.69,1.69,-0.2,,1.68,475000000.0,20000000.0,5838000000.0,2537000000.0,865000000.0,843000000.0,22000000.0,848000000.0,-3000000.0,3321000000.0,-274000000.0,,,,450000000.0,428000000.0,20000000.0,,1197000000.0,14000000.0,477000000.0,,2537000000.0,5858000000.0,960000000.0,154000000.0,1318000000.0,3475000000.0,486400000.0,482000000.0,488000000.0
SLM Corp,SLM,4K8SLPBF5DXXGPW03H93,1032033,2012.0,Q2,2012-04-01,2012-06-30,2013-08-05 17:23:20+00:00,5000000.0,0.59,0.59,-0.125,,0.59,169000000.0,6000000.0,1397000000.0,656000000.0,291000000.0,295000000.0,-4000000.0,287000000.0,-1000000.0,747000000.0,114000000.0,,,,114000000.0,85000000.0,5000000.0,,243000000.0,3000000.0,117000000.0,,656000000.0,1403000000.0,239000000.0,199000000.0,464000000.0,946000000.0,486400000.0,482000000.0,488000000.0
SLM Corp,SLM,4K8SLPBF5DXXGPW03H93,1032033,2012.0,Q1,2012-01-01,2012-03-31,2013-05-03 16:20:28+00:00,5000000.0,0.21,0.21,0.125,,0.21,67000000.0,5000000.0,1472000000.0,666000000.0,111000000.0,111000000.0,,107000000.0,-1000000.0,811000000.0,-238000000.0,,,,135000000.0,130000000.0,5000000.0,,253000000.0,5000000.0,127000000.0,,666000000.0,1477000000.0,272000000.0,-108000000.0,178000000.0,703000000.0,509500000.0,503000000.0,510000000.0
SLM Corp,SLM,4K8SLPBF5DXXGPW03H93,1032033,2012.0,Q1TTM,2011-04-01,2012-03-31,,20000000.0,1.08,1.08,-0.18,,1.07,296000000.0,19000000.0,5896000000.0,2473000000.0,568000000.0,531000000.0,37000000.0,551000000.0,-2000000.0,3442000000.0,-805000000.0,,,,479000000.0,432000000.0,19000000.0,,1245000000.0,13000000.0,485000000.0,,2473000000.0,5915000000.0,997000000.0,-373000000.0,827000000.0,3069000000.0,509500000.0,503000000.0,510000000.0
SLM Corp,SLM,4K8SLPBF5DXXGPW03H93,1032033,2013.0,FY,2013-01-01,2013-12-31,2016-02-26 16:40:48+00:00,3317000.0,0.59,0.59,,88019000.0,0.58,158934000.0,23943000.0,527257000.0,0.0,257593000.0,257593000.0,,258945000.0,-1352000.0,462115000.0,261046000.0,1066000.0,,,163675000.0,37222000.0,0.0,,69339000.0,726000.0,106799000.0,0.0,89085000.0,551200000.0,274517000.0,298268000.0,416527000.0,760383000.0,438900000.0,440108000.0,448549000.0
SLM Corp,SLM,4K8SLPBF5DXXGPW03H93,1032033,2013.0,Q4,2013-10-01,2013-12-31,,-2054000.0,-0.45,-0.45,0.15,45731000.0,-0.44,-129311000.0,5604000.0,-1086985000.0,-571000000.0,-213586000.0,-212586000.0,-1000000.0,-207914000.0,-672000.0,-557085000.0,26926000.0,973000.0,,,-28606000.0,-113859000.0,-5000000.0,,-191050000.0,-9358000.0,-71053000.0,,-524296000.0,-1081381000.0,-111071000.0,-86933000.0,-341897000.0,-644018000.0,438900000.0,440108000.0,448549000.0
SLM Corp,SLM,4K8SLPBF5DXXGPW03H93,1032033,2013.0,Q3,2013-07-01,2013-09-30,2014-10-22 16:38:30+00:00,1657000.0,0.11,0.11,,20849000.0,0.11,30272000.0,6663000.0,131030000.0,,49057000.0,49057000.0,,49390000.0,-333000.0,116783000.0,43731000.0,61000.0,,,42509000.0,9416000.0,0.0,,20404000.0,0.0,26031000.0,,20910000.0,137693000.0,70197000.0,53147000.0,79329000.0,169930000.0,449000000.0,436109000.0,444939000.0
SLM Corp,SLM,4K8SLPBF5DXXGPW03H93,1032033,2013.0,Q3YTD,2013-01-01,2013-09-30,,5371000.0,1.04,1.04,-0.15,42288000.0,1.02,288245000.0,18339000.0,1614242000.0,571000000.0,471179000.0,470179000.0,1000000.0,466859000.0,-680000.0,1019200000.0,234120000.0,93000.0,,,192281000.0,151081000.0,5000000.0,,260389000.0,10084000.0,177852000.0,,613381000.0,1632581000.0,385588000.0,385201000.0,758424000.0,1404401000.0,449000000.0,436109000.0,444939000.0
SLM Corp,SLM,4K8SLPBF5DXXGPW03H93,1032033,2013.0,Q3TTM,2012-10-01,2013-09-30,,17371000.0,1.78,1.78,-0.53,42288000.0,1.73,446245000.0,23339000.0,3034242000.0,1165000000.0,819179000.0,816179000.0,3000000.0,808859000.0,320000.0,1850200000.0,272120000.0,93000.0,,,276281000.0,297081000.0,10000000.0,,574389000.0,11084000.0,277852000.0,,1207381000.0,3057581000.0,582588000.0,569201000.0,1262424000.0,2419401000.0,449000000.0,436109000.0,444939000.0
SLM Corp,SLM,4K8SLPBF5DXXGPW03H93,1032033,2013.0,Q2,2013-04-01,2013-06-30,2014-07-23 18:06:49+00:00,714000.0,0.17,0.17,,21439000.0,0.17,46973000.0,6676000.0,122212000.0,,76122000.0,76122000.0,,76469000.0,-347000.0,107417000.0,73389000.0,32000.0,,,39772000.0,8665000.0,0.0,,-1015000.0,84000.0,26821000.0,,21471000.0,128888000.0,67391000.0,82054000.0,123095000.0,189471000.0,449800000.0,439972000.0,448064000.0
SLM Corp,SLM,4K8SLPBF5DXXGPW03H93,1032033,2013.0,Q2YTD,2013-01-01,2013-06-30,,3714000.0,0.93,0.93,-0.15,21439000.0,0.91,257973000.0,11676000.0,1483212000.0,571000000.0,422122000.0,421122000.0,1000000.0,417469000.0,-347000.0,902417000.0,190389000.0,32000.0,,,149772000.0,141665000.0,5000000.0,,239985000.0,10084000.0,151821000.0,,592471000.0,1494888000.0,315391000.0,332054000.0,679095000.0,1234471000.0,449800000.0,439972000.0,448064000.0
SLM Corp,SLM,4K8SLPBF5DXXGPW03H93,1032033,2013.0,Q2TTM,2012-07-01,2013-06-30,,20714000.0,2.06,2.06,-0.65,21439000.0,2.01,519973000.0,21676000.0,4362212000.0,1810000000.0,957122000.0,954122000.0,3000000.0,942469000.0,-347000.0,2552417000.0,110389000.0,32000.0,,,340772000.0,374665000.0,15000000.0,,823985000.0,13084000.0,364821000.0,,1831471000.0,4383888000.0,739391000.0,485054000.0,1474095000.0,3037471000.0,449800000.0,439972000.0,448064000.0
SLM Corp,SLM,4K8SLPBF5DXXGPW03H93,1032033,2013.0,Q1TTM,2012-04-01,2013-03-31,,25000000.0,2.48,2.48,-0.78,,2.43,642000000.0,21000000.0,5637000000.0,2466000000.0,1172000000.0,1173000000.0,-1000000.0,1153000000.0,-1000000.0,3192000000.0,151000000.0,,,,415000000.0,451000000.0,20000000.0,,1068000000.0,16000000.0,455000000.0,,2466000000.0,5658000000.0,911000000.0,602000000.0,1815000000.0,3794000000.0,448700000.0,451000000.0,458000000.0
SLM Corp,SLM,4K8SLPBF5DXXGPW03H93,1032033,2013.0,Q1,2013-01-01,2013-03-31,2014-05-12 16:51:24+00:00,3000000.0,0.76,0.76,-0.15,,0.74,211000000.0,5000000.0,1361000000.0,571000000.0,346000000.0,345000000.0,1000000.0,341000000.0,0.0,795000000.0,117000000.0,,,,110000000.0,133000000.0,5000000.0,,241000000.0,10000000.0,125000000.0,,571000000.0,1366000000.0,248000000.0,250000000.0,556000000.0,1045000000.0,448700000.0,451000000.0,458000000.0
SLM Corp,SLM,4K8SLPBF5DXXGPW03H93,1032033,2014.0,FY,2014-01-01,2014-12-31,2017-02-24 16:32:07+00:00,3290000.0,0.43,0.43,,95774000.0,0.42,139967000.0,13502000.0,660792000.0,0.0,193785000.0,193785000.0,,181286000.0,-434000.0,578479000.0,117363000.0,41000.0,,,139022000.0,39921000.0,12933000.0,6150000.0,85529000.0,38311000.0,129709000.0,0.0,95815000.0,674294000.0,316482000.0,157284000.0,333752000.0,735763000.0,421600000.0,423970000.0,432269000.0
SLM Corp,SLM,4K8SLPBF5DXXGPW03H93,1032033,2014.0,Q4,2014-10-01,2014-12-31,,-783000.0,0.04,0.04,,27972000.0,0.04,24465000.0,4236000.0,174413000.0,,19717000.0,19717000.0,,14862000.0,,150676000.0,1221000.0,1000.0,,,35724000.0,11095000.0,4855000.0,6150000.0,30458000.0,10483000.0,36778000.0,,27973000.0,178649000.0,88352000.0,12316000.0,44182000.0,162992000.0,421600000.0,423970000.0,432269000.0
SLM Corp,SLM,4K8SLPBF5DXXGPW03H93,1032033,2014.0,Q3YTD,2014-01-01,2014-09-30,,4073000.0,0.39,0.39,,67802000.0,0.38,115502000.0,9266000.0,486379000.0,,174068000.0,174068000.0,,166424000.0,-434000.0,427803000.0,116142000.0,40000.0,,,103298000.0,28826000.0,8078000.0,,55071000.0,27828000.0,92931000.0,,67842000.0,495645000.0,228130000.0,144968000.0,289570000.0,572771000.0,433800000.0,423079000.0,431604000.0
SLM Corp,SLM,4K8SLPBF5DXXGPW03H93,1032033,2014.0,Q3TTM,2013-10-01,2014-09-30,,1019000.0,-0.06,-0.06,-0.15,113533000.0,-0.06,-13809000.0,14870000.0,-600606000.0,,-39518000.0,-39518000.0,,-41490000.0,-1106000.0,-129282000.0,172068000.0,1013000.0,571000000.0,,52692000.0,-141033000.0,3078000.0,,-135979000.0,28470000.0,8878000.0,,114546000.0,-585736000.0,91059000.0,31035000.0,-53327000.0,-98247000.0,433800000.0,423079000.0,431604000.0
SLM Corp,SLM,4K8SLPBF5DXXGPW03H93,1032033,2014.0,Q3,2014-07-01,2014-09-30,2015-10-21 16:34:16+00:00,1150000.0,0.18,0.18,,24177000.0,0.18,54903000.0,4097000.0,164106000.0,0.0,82926000.0,82926000.0,,78076000.0,0.0,144026000.0,90548000.0,,,,40482000.0,5461000.0,4850000.0,,14898000.0,14079000.0,31597000.0,0.0,24177000.0,168203000.0,87308000.0,96009000.0,137829000.0,240035000.0,433800000.0,423079000.0,431604000.0
SLM Corp,SLM,4K8SLPBF5DXXGPW03H93,1032033,2014.0,Q2YTD,2014-01-01,2014-06-30,,2923000.0,0.21,0.21,,43625000.0,0.2,60599000.0,5169000.0,322273000.0,,91142000.0,91142000.0,,88348000.0,-434000.0,283777000.0,25594000.0,40000.0,,,62816000.0,23365000.0,3228000.0,,40173000.0,13749000.0,61334000.0,,43665000.0,327442000.0,140822000.0,48959000.0,151741000.0,332736000.0,409000000.0,422805000.0,430750000.0
SLM Corp,SLM,4K8SLPBF5DXXGPW03H93,1032033,2014.0,Q2TTM,2013-07-01,2014-06-30,,1526000.0,-0.13,-0.13,-0.15,110205000.0,-0.13,-38440000.0,17436000.0,-633682000.0,,-73387000.0,-73387000.0,,-70176000.0,-1439000.0,-156525000.0,125251000.0,1074000.0,571000000.0,,54719000.0,-137078000.0,-1772000.0,,-130473000.0,14391000.0,3312000.0,,111279000.0,-616246000.0,73948000.0,-11827000.0,-111827000.0,-168352000.0,409000000.0,422805000.0,430750000.0
SLM Corp,SLM,4K8SLPBF5DXXGPW03H93,1032033,2014.0,Q2,2014-04-01,2014-06-30,2015-07-22 16:33:12+00:00,1156000.0,0.1,0.1,,21034000.0,0.09,31941000.0,3335000.0,162238000.0,,44128000.0,44128000.0,,40900000.0,0.0,144539000.0,-7530000.0,0.0,,,28812000.0,15229000.0,3228000.0,,1014000.0,13520000.0,31667000.0,,21034000.0,165573000.0,75155000.0,7699000.0,76069000.0,152238000.0,409000000.0,422805000.0,430750000.0
SLM Corp,SLM,4K8SLPBF5DXXGPW03H93,1032033,2014.0,Q1,2014-01-01,2014-03-31,2015-04-22 16:48:07+00:00,1767000.0,0.11,0.11,,22591000.0,0.11,28658000.0,1834000.0,160035000.0,,47014000.0,47014000.0,,47448000.0,-434000.0,139238000.0,33124000.0,40000.0,,,34004000.0,8136000.0,0.0,,39159000.0,229000.0,29667000.0,,22631000.0,161869000.0,65667000.0,41260000.0,75672000.0,180498000.0,431300000.0,426717000.0,434650000.0
SLM Corp,SLM,4K8SLPBF5DXXGPW03H93,1032033,2014.0,Q1TTM,2013-04-01,2014-03-31,,1084000.0,-0.06,-0.06,-0.15,110610000.0,-0.05,-23408000.0,20777000.0,-673708000.0,,-41393000.0,-41393000.0,,-34607000.0,-1786000.0,-193647000.0,206170000.0,1106000.0,571000000.0,,65679000.0,-143642000.0,-5000000.0,,-132502000.0,955000.0,-1534000.0,,111716000.0,-652931000.0,66184000.0,62528000.0,-64801000.0,-131119000.0,431300000.0,426717000.0,434650000.0
SLM Corp,SLM,4K8SLPBF5DXXGPW03H93,1032033,2015.0,FY,2015-01-01,2015-12-31,2018-02-23 16:32:25+00:00,1480000.0,0.6,0.6,,116391000.0,0.59,164780000.0,13998000.0,817120000.0,5738000.0,274284000.0,274284000.0,,254689000.0,,702499000.0,140658000.0,,,,175772000.0,41935000.0,19595000.0,14348000.0,90055000.0,5398000.0,158975000.0,6490000.0,128619000.0,831118000.0,355973000.0,182593000.0,439064000.0,885092000.0,424500000.0,425574000.0,432234000.0
SLM Corp,SLM,4K8SLPBF5DXXGPW03H93,1032033,2015.0,Q4,2015-10-01,2015-12-31,,370000.0,0.2,0.2,,28229000.0,0.2,54915000.0,3684000.0,218703000.0,3340000.0,89845000.0,89845000.0,,84856000.0,,187846000.0,59437000.0,,,,34802000.0,12561000.0,4989000.0,10547000.0,30382000.0,-913000.0,39896000.0,2972000.0,34541000.0,222387000.0,84702000.0,71998000.0,144760000.0,259844000.0,424500000.0,425574000.0,432234000.0
SLM Corp,SLM,4K8SLPBF5DXXGPW03H93,1032033,2015.0,Q3,2015-07-01,2015-09-30,2016-10-19 16:34:43+00:00,370000.0,0.1,0.1,,29110000.0,0.09,17985000.0,3627000.0,205274000.0,2398000.0,45724000.0,45724000.0,,40811000.0,,175442000.0,-547000.0,,,,49759000.0,10455000.0,4913000.0,3801000.0,27497000.0,910000.0,39304000.0,1951000.0,33459000.0,208901000.0,94144000.0,9908000.0,63709000.0,185350000.0,408100000.0,426019000.0,432547000.0
SLM Corp,SLM,4K8SLPBF5DXXGPW03H93,1032033,2015.0,Q3YTD,2015-01-01,2015-09-30,,1110000.0,0.4,0.4,,88162000.0,0.39,109865000.0,10314000.0,598417000.0,2398000.0,184439000.0,184439000.0,,169833000.0,,514653000.0,81221000.0,,,,140970000.0,29374000.0,14606000.0,3801000.0,59673000.0,6311000.0,119079000.0,3518000.0,94078000.0,608731000.0,271271000.0,110595000.0,294304000.0,625248000.0,408100000.0,426019000.0,432547000.0
SLM Corp,SLM,4K8SLPBF5DXXGPW03H93,1032033,2015.0,Q3TTM,2014-10-01,2015-09-30,,327000.0,0.44,0.44,,116134000.0,0.43,134330000.0,14550000.0,772830000.0,2398000.0,204156000.0,204156000.0,,184695000.0,,665329000.0,82442000.0,1000.0,,,176694000.0,40469000.0,19461000.0,9951000.0,90131000.0,16794000.0,155857000.0,3518000.0,122051000.0,787380000.0,359623000.0,122911000.0,338486000.0,788240000.0,408100000.0,426019000.0,432547000.0
SLM Corp,SLM,4K8SLPBF5DXXGPW03H93,1032033,2015.0,Q2,2015-04-01,2015-06-30,2016-07-20 16:34:33+00:00,370000.0,0.2,0.2,,29482000.0,0.2,60158000.0,3187000.0,195287000.0,0.0,91016000.0,91016000.0,,86146000.0,,168257000.0,78476000.0,,,,51227000.0,10912000.0,4870000.0,,15558000.0,744000.0,38572000.0,735000.0,30217000.0,198474000.0,90913000.0,89388000.0,151174000.0,257645000.0,430700000.0,425688000.0,432742000.0
SLM Corp,SLM,4K8SLPBF5DXXGPW03H93,1032033,2015.0,Q2YTD,2015-01-01,2015-06-30,,740000.0,0.3,0.3,,59052000.0,0.3,91880000.0,6687000.0,393143000.0,,138715000.0,138715000.0,,129022000.0,,339211000.0,81768000.0,,,,91211000.0,18919000.0,9693000.0,,32176000.0,5401000.0,79775000.0,1567000.0,60619000.0,399830000.0,177127000.0,100687000.0,230595000.0,439898000.0,430700000.0,425688000.0,432742000.0
SLM Corp,SLM,4K8SLPBF5DXXGPW03H93,1032033,2015.0,Q2TTM,2014-07-01,2015-06-30,,1107000.0,0.52,0.52,,111201000.0,0.52,171248000.0,15020000.0,731662000.0,,241358000.0,241358000.0,,221960000.0,,633913000.0,173537000.0,1000.0,,,167417000.0,35475000.0,19398000.0,6150000.0,77532000.0,29963000.0,148150000.0,1567000.0,112769000.0,746682000.0,352787000.0,209012000.0,412606000.0,842925000.0,430700000.0,425688000.0,432742000.0
SLM Corp,SLM,4K8SLPBF5DXXGPW03H93,1032033,2015.0,Q1,2015-01-01,2015-03-31,2016-04-20 16:47:06+00:00,370000.0,0.1,0.1,,29570000.0,0.1,31722000.0,3500000.0,197856000.0,0.0,47699000.0,47699000.0,,42876000.0,,170954000.0,3292000.0,0.0,,,39984000.0,8007000.0,4823000.0,,16618000.0,4657000.0,41203000.0,832000.0,30402000.0,201356000.0,86214000.0,11299000.0,79421000.0,182253000.0,428800000.0,424428000.0,432302000.0
SLM Corp,SLM,4K8SLPBF5DXXGPW03H93,1032033,2015.0,Q1TTM,2014-04-01,2015-03-31,,1893000.0,0.42,0.42,,102753000.0,0.41,143031000.0,15168000.0,698613000.0,,194470000.0,194470000.0,,176714000.0,,610195000.0,87531000.0,1000.0,,,145002000.0,39792000.0,17756000.0,6150000.0,62988000.0,42739000.0,141245000.0,832000.0,103586000.0,713781000.0,337029000.0,127323000.0,337501000.0,737518000.0,428800000.0,424428000.0,432302000.0
SLM Corp,SLM,4K8SLPBF5DXXGPW03H93,1032033,2016.0,FY,2016-01-01,2016-12-31,2019-02-28 16:38:47+00:00,,0.54,0.54,,148408000.0,0.53,164109000.0,16759000.0,1060487000.0,30178000.0,250327000.0,250327000.0,,229123000.0,,891338000.0,-728000.0,,,,183108000.0,69544000.0,21204000.0,19209000.0,159405000.0,,183996000.0,7322000.0,185908000.0,1077246000.0,386313000.0,68816000.0,414436000.0,960154000.0,424300000.0,427876000.0,432919000.0
SLM Corp,SLM,4K8SLPBF5DXXGPW03H93,1032033,2016.0,Q4,2016-10-01,2016-12-31,,-747000.0,0.16,0.16,,40777000.0,0.15,43122000.0,4772000.0,295241000.0,12309000.0,70242000.0,70242000.0,,64736000.0,,245434000.0,-3884000.0,-2000.0,,,47444000.0,13235000.0,5506000.0,5661000.0,43226000.0,,45837000.0,1495000.0,54579000.0,300013000.0,98195000.0,9351000.0,113364000.0,254785000.0,424300000.0,427876000.0,432919000.0
SLM Corp,SLM,4K8SLPBF5DXXGPW03H93,1032033,2016.0,Q3,2016-07-01,2016-09-30,2017-10-18 16:39:10+00:00,226000.0,0.12,0.12,,38210000.0,0.12,47557000.0,4196000.0,268341000.0,9448000.0,56965000.0,56965000.0,,51649000.0,,223275000.0,1368000.0,,,,51234000.0,21598000.0,5316000.0,5095000.0,41784000.0,,43380000.0,1604000.0,49262000.0,272537000.0,99935000.0,22966000.0,104522000.0,246241000.0,430400000.0,428077000.0,433523000.0
SLM Corp,SLM,4K8SLPBF5DXXGPW03H93,1032033,2016.0,Q3YTD,2016-01-01,2016-09-30,,747000.0,0.38,0.38,,107631000.0,0.38,120987000.0,11987000.0,765246000.0,17869000.0,180085000.0,180085000.0,,164387000.0,,645904000.0,3156000.0,2000.0,,,135664000.0,56309000.0,15698000.0,13548000.0,116179000.0,,138159000.0,5827000.0,131329000.0,777233000.0,288118000.0,59465000.0,301072000.0,705369000.0,430400000.0,428077000.0,433523000.0
SLM Corp,SLM,4K8SLPBF5DXXGPW03H93,1032033,2016.0,Q3TTM,2015-10-01,2016-09-30,,1117000.0,0.58,0.58,,135860000.0,0.58,175902000.0,15671000.0,983949000.0,21209000.0,269930000.0,269930000.0,,249243000.0,,833750000.0,62593000.0,2000.0,,,170466000.0,68870000.0,20687000.0,24095000.0,146561000.0,-913000.0,178055000.0,8799000.0,165870000.0,999620000.0,372820000.0,131463000.0,445832000.0,965213000.0,430400000.0,428077000.0,433523000.0
SLM Corp,SLM,4K8SLPBF5DXXGPW03H93,1032033,2016.0,Q2,2016-04-01,2016-06-30,2017-07-19 16:34:03+00:00,261000.0,0.12,0.12,,35409000.0,0.12,34555000.0,3566000.0,251675000.0,5006000.0,57205000.0,57205000.0,,51962000.0,,212766000.0,2142000.0,,,,45930000.0,13683000.0,5243000.0,4277000.0,41793000.0,,44570000.0,2060000.0,42475000.0,255241000.0,95038000.0,15825000.0,91760000.0,228591000.0,433000000.0,427942000.0,431796000.0
SLM Corp,SLM,4K8SLPBF5DXXGPW03H93,1032033,2016.0,Q2YTD,2016-01-01,2016-06-30,,521000.0,0.26,0.26,,69421000.0,0.26,73430000.0,7791000.0,496905000.0,8421000.0,123120000.0,123120000.0,,112738000.0,,422629000.0,1788000.0,2000.0,,,84430000.0,34711000.0,10382000.0,8453000.0,74395000.0,,94779000.0,4223000.0,82067000.0,504696000.0,188183000.0,36499000.0,196550000.0,459128000.0,433000000.0,427942000.0,431796000.0
SLM Corp,SLM,4K8SLPBF5DXXGPW03H93,1032033,2016.0,Q2TTM,2015-07-01,2016-06-30,,1261000.0,0.56,0.56,,126760000.0,0.55,146330000.0,15102000.0,920882000.0,14159000.0,258689000.0,258689000.0,,238405000.0,,785917000.0,60678000.0,2000.0,,,168991000.0,57727000.0,20284000.0,22801000.0,132274000.0,-3000.0,173979000.0,9146000.0,150067000.0,935984000.0,367029000.0,118405000.0,405019000.0,904322000.0,433000000.0,427942000.0,431796000.0
SLM Corp,SLM,4K8SLPBF5DXXGPW03H93,1032033,2016.0,Q1,2016-01-01,2016-03-31,2017-04-19 16:34:38+00:00,260000.0,0.14,0.14,,34012000.0,0.14,38875000.0,4225000.0,245230000.0,3415000.0,65915000.0,65915000.0,,60776000.0,,209863000.0,-354000.0,2000.0,,,38500000.0,21028000.0,5139000.0,4176000.0,32602000.0,,50209000.0,2163000.0,39592000.0,249455000.0,93145000.0,20674000.0,104790000.0,230537000.0,434100000.0,427111000.0,430903000.0
SLM Corp,SLM,4K8SLPBF5DXXGPW03H93,1032033,2016.0,Q1TTM,2015-04-01,2016-03-31,,1370000.0,0.64,0.64,,120833000.0,0.63,171933000.0,14723000.0,864494000.0,9153000.0,292500000.0,292500000.0,,272589000.0,,741408000.0,137012000.0,2000.0,,,174288000.0,54956000.0,19911000.0,18524000.0,106039000.0,741000.0,167981000.0,7821000.0,137809000.0,879217000.0,362904000.0,191968000.0,464433000.0,933376000.0,434100000.0,427111000.0,430903000.0
SLM Corp,SLM,4K8SLPBF5DXXGPW03H93,1032033,2017.0,FY,2017-01-01,2017-12-31,2020-02-28 16:33:49+00:00,,0.63,0.63,0.0,223691000.0,0.62,202531000.0,23798000.0,1413505000.0,78050000.0,288934000.0,288934000.0,,273220000.0,,1129221000.0,-8266000.0,,,,206820000.0,5364000.0,15714000.0,28950000.0,185765000.0,,213319000.0,6341000.0,308082000.0,1437303000.0,449089000.0,-2902000.0,491465000.0,1126319000.0,433700000.0,431216000.0,438551000.0
SLM Corp,SLM,4K8SLPBF5DXXGPW03H93,1032033,2017.0,Q4,2017-10-01,2017-12-31,,-351000.0,0.1,0.1,,66218000.0,0.1,66190000.0,7097000.0,392399000.0,21980000.0,47003000.0,47003000.0,,43866000.0,,309191000.0,-940000.0,,,,55750000.0,-21066000.0,3137000.0,7473000.0,55324000.0,,55796000.0,2107000.0,90305000.0,399496000.0,118668000.0,-22006000.0,113193000.0,287185000.0,433700000.0,431216000.0,438551000.0
SLM Corp,SLM,4K8SLPBF5DXXGPW03H93,1032033,2017.0,Q3,2017-07-01,2017-09-30,2018-10-22 17:21:35+00:00,117000.0,0.17,0.17,,61890000.0,0.17,40617000.0,6614000.0,359610000.0,20469000.0,76371000.0,76371000.0,,73343000.0,,282061000.0,1661000.0,,,,57464000.0,4455000.0,3028000.0,7626000.0,54930000.0,,51052000.0,1804000.0,84163000.0,366224000.0,116259000.0,6116000.0,116988000.0,288177000.0,431400000.0,431718000.0,438419000.0
SLM Corp,SLM,4K8SLPBF5DXXGPW03H93,1032033,2017.0,Q3YTD,2017-01-01,2017-09-30,,351000.0,0.53,0.53,,157473000.0,0.52,136341000.0,16701000.0,1021106000.0,56070000.0,241931000.0,241931000.0,,229354000.0,,820030000.0,-7326000.0,,,,151070000.0,26430000.0,12577000.0,21477000.0,130441000.0,,157523000.0,4234000.0,217777000.0,1037807000.0,330421000.0,19104000.0,378272000.0,839134000.0,431400000.0,431718000.0,438419000.0
SLM Corp,SLM,4K8SLPBF5DXXGPW03H93,1032033,2017.0,Q3TTM,2016-10-01,2017-09-30,,-396000.0,0.69,0.69,,198250000.0,0.67,179463000.0,21473000.0,1316347000.0,68379000.0,312173000.0,312173000.0,,294090000.0,,1065464000.0,-11210000.0,-2000.0,,,198514000.0,39665000.0,18083000.0,27138000.0,173667000.0,,203360000.0,5729000.0,272356000.0,1337820000.0,428616000.0,28455000.0,491636000.0,1093919000.0,431400000.0,431718000.0,438419000.0
SLM Corp,SLM,4K8SLPBF5DXXGPW03H93,1032033,2017.0,Q2,2017-04-01,2017-06-30,2018-07-24 16:34:15+00:00,117000.0,0.15,0.15,,50730000.0,0.15,44713000.0,5356000.0,336739000.0,20278000.0,70617000.0,70617000.0,,66643000.0,,269893000.0,-3609000.0,,,,53622000.0,10629000.0,3974000.0,6622000.0,50215000.0,,51007000.0,1194000.0,72202000.0,342095000.0,111368000.0,7020000.0,115330000.0,276913000.0,444300000.0,431245000.0,438115000.0
SLM Corp,SLM,4K8SLPBF5DXXGPW03H93,1032033,2017.0,Q2YTD,2017-01-01,2017-06-30,,234000.0,0.36,0.36,,95583000.0,0.35,95724000.0,10087000.0,661496000.0,35601000.0,165560000.0,165560000.0,,156011000.0,,537969000.0,-8987000.0,,,,93606000.0,21975000.0,9549000.0,13851000.0,75511000.0,,106471000.0,2430000.0,133614000.0,671583000.0,214162000.0,12988000.0,261284000.0,550957000.0,444300000.0,431245000.0,438115000.0
SLM Corp,SLM,4K8SLPBF5DXXGPW03H93,1032033,2017.0,Q2TTM,2016-07-01,2017-06-30,,-287000.0,0.64,0.64,,174570000.0,0.62,186403000.0,19055000.0,1225078000.0,57358000.0,292767000.0,292767000.0,,272396000.0,,1006678000.0,-11503000.0,-2000.0,,,192284000.0,56808000.0,20371000.0,24607000.0,160521000.0,,195688000.0,5529000.0,237455000.0,1244133000.0,412292000.0,45305000.0,479170000.0,1051983000.0,444300000.0,431245000.0,438115000.0
SLM Corp,SLM,4K8SLPBF5DXXGPW03H93,1032033,2017.0,Q1,2017-01-01,2017-03-31,2018-04-23 16:36:28+00:00,117000.0,0.21,0.21,,44853000.0,0.2,51011000.0,4731000.0,324757000.0,15323000.0,94943000.0,94943000.0,,89368000.0,,268076000.0,-5378000.0,,,,39984000.0,11346000.0,5575000.0,7229000.0,25296000.0,,55464000.0,1236000.0,61412000.0,329488000.0,102794000.0,5968000.0,145954000.0,274044000.0,425600000.0,429891000.0,438735000.0
SLM Corp,SLM,4K8SLPBF5DXXGPW03H93,1032033,2017.0,Q1TTM,2016-04-01,2017-03-31,,-143000.0,0.61,0.61,,159249000.0,0.59,176245000.0,17265000.0,1140014000.0,42086000.0,279355000.0,279355000.0,,257715000.0,,949551000.0,-5752000.0,-2000.0,,,184592000.0,59862000.0,21640000.0,22262000.0,152099000.0,,189251000.0,6395000.0,207728000.0,1157279000.0,395962000.0,54110000.0,455600000.0,1003661000.0,425600000.0,429891000.0,438735000.0
SLM Corp,SLM,4K8SLPBF5DXXGPW03H93,1032033,2018.0,FY,2018-01-01,2018-12-31,2020-02-28 16:33:49+00:00,,1.08,1.08,0.0,389349000.0,1.07,71853000.0,40665000.0,1894687000.0,127106000.0,487476000.0,487476000.0,,471836000.0,,1413064000.0,424000.0,,,,271844000.0,-52319000.0,15640000.0,32786000.0,244864000.0,,252346000.0,5833000.0,522288000.0,1935352000.0,556976000.0,-51895000.0,559329000.0,1361169000.0,436900000.0,435054000.0,439681000.0
SLM Corp,SLM,4K8SLPBF5DXXGPW03H93,1032033,2018.0,Q4,2018-10-01,2018-12-31,,-92000.0,0.33,0.33,,116195000.0,0.32,44449000.0,13616000.0,524597000.0,37995000.0,147512000.0,147512000.0,,143313000.0,,382867000.0,6238000.0,,,,77686000.0,6446000.0,4199000.0,6853000.0,57619000.0,,61524000.0,1156000.0,155346000.0,538213000.0,145971000.0,12684000.0,191961000.0,395551000.0,436900000.0,435054000.0,439681000.0
SLM Corp,SLM,4K8SLPBF5DXXGPW03H93,1032033,2018.0,Q3,2018-07-01,2018-09-30,2018-10-22 17:21:35+00:00,92000.0,0.23,0.23,,105093000.0,0.23,-53667000.0,11600000.0,485997000.0,34715000.0,103878000.0,103878000.0,,99754000.0,,356633000.0,-4949000.0,,,,79236000.0,-80702000.0,4124000.0,9136000.0,70047000.0,,62260000.0,1156000.0,140964000.0,497597000.0,150724000.0,-85651000.0,50211000.0,270982000.0,433700000.0,435468000.0,440019000.0
SLM Corp,SLM,4K8SLPBF5DXXGPW03H93,1032033,2018.0,Q3YTD,2018-01-01,2018-09-30,,92000.0,0.75,0.75,,273154000.0,0.75,27404000.0,27049000.0,1370090000.0,89111000.0,339964000.0,339964000.0,,328523000.0,,1030197000.0,-5814000.0,,,,194158000.0,-58765000.0,11441000.0,25933000.0,187245000.0,,190822000.0,4677000.0,366942000.0,1397139000.0,411005000.0,-64579000.0,367368000.0,965618000.0,433700000.0,435468000.0,440019000.0
SLM Corp,SLM,4K8SLPBF5DXXGPW03H93,1032033,2018.0,Q3TTM,2017-10-01,2018-09-30,,-259000.0,0.85,0.85,,339372000.0,0.85,93594000.0,34146000.0,1762489000.0,111091000.0,386967000.0,386967000.0,,372389000.0,,1339388000.0,-6754000.0,,,,249908000.0,-79831000.0,14578000.0,33406000.0,242569000.0,,246618000.0,6784000.0,457247000.0,1796635000.0,529673000.0,-86585000.0,480561000.0,1252803000.0,433700000.0,435468000.0,440019000.0
SLM Corp,SLM,4K8SLPBF5DXXGPW03H93,1032033,2018.0,Q2,2018-04-01,2018-06-30,2019-07-24 16:36:14+00:00,,0.24,0.24,0.0,90605000.0,0.24,40074000.0,8266000.0,454045000.0,29628000.0,109832000.0,109832000.0,,105912000.0,,340950000.0,-4757000.0,,,,67069000.0,12295000.0,3920000.0,8001000.0,63267000.0,,60245000.0,1128000.0,121361000.0,462311000.0,135315000.0,7538000.0,149906000.0,348488000.0,441300000.0,435187000.0,439445000.0
SLM Corp,SLM,4K8SLPBF5DXXGPW03H93,1032033,2018.0,Q2YTD,2018-01-01,2018-06-30,,,0.52,0.52,,168061000.0,0.52,81071000.0,15449000.0,884093000.0,54396000.0,236086000.0,236086000.0,,228769000.0,,673564000.0,-865000.0,,,,114922000.0,21937000.0,7317000.0,16797000.0,117198000.0,,128562000.0,3521000.0,225978000.0,899542000.0,260281000.0,21072000.0,317157000.0,694636000.0,441300000.0,435187000.0,439445000.0
SLM Corp,SLM,4K8SLPBF5DXXGPW03H93,1032033,2018.0,Q2TTM,2017-07-01,2018-06-30,,-234000.0,0.79,0.79,,296169000.0,0.79,187878000.0,29160000.0,1636102000.0,96845000.0,359460000.0,359460000.0,,345978000.0,,1264816000.0,-144000.0,,,,228136000.0,5326000.0,13482000.0,31896000.0,227452000.0,,235410000.0,7432000.0,400446000.0,1665262000.0,495208000.0,5182000.0,547338000.0,1269998000.0,441300000.0,435187000.0,439445000.0
SLM Corp,SLM,4K8SLPBF5DXXGPW03H93,1032033,2018.0,Q1,2018-01-01,2018-03-31,2019-04-17 16:31:51+00:00,,0.28,0.28,0.0,77456000.0,0.28,40997000.0,7183000.0,430048000.0,24768000.0,126254000.0,126254000.0,,122857000.0,,332614000.0,3892000.0,,,,47853000.0,9642000.0,3397000.0,8796000.0,53931000.0,,68317000.0,2393000.0,104617000.0,437231000.0,124966000.0,13534000.0,167251000.0,346148000.0,438800000.0,433952000.0,438977000.0
SLM Corp,SLM,4K8SLPBF5DXXGPW03H93,1032033,2018.0,Q1TTM,2017-04-01,2018-03-31,,-117000.0,0.7,0.7,,256294000.0,0.7,192517000.0,26250000.0,1518796000.0,87495000.0,320245000.0,320245000.0,,306709000.0,,1193759000.0,1004000.0,,,,214689000.0,3660000.0,13536000.0,30517000.0,214400000.0,,226172000.0,7498000.0,351287000.0,1545046000.0,471261000.0,4664000.0,512762000.0,1198423000.0,438800000.0,433952000.0,438977000.0
SLM Corp,SLM,4K8SLPBF5DXXGPW03H93,1032033,2019.0,Q4,2019-10-01,2019-12-31,,,0.67,0.33,0.03,141769000.0,0.32,34666000.0,23379000.0,577087000.0,37103000.0,141352000.0,141352000.0,,137467000.0,,419101000.0,-3635000.0,,,,64599000.0,-211000.0,3885000.0,9064000.0,97558000.0,,68016000.0,2493000.0,181365000.0,600466000.0,141679000.0,-3846000.0,176018000.0,415255000.0,428600000.0,427292000.0,430674000.0
SLM Corp,SLM,4K8SLPBF5DXXGPW03H93,1032033,2019.0,FY,2019-01-01,2019-12-31,2020-02-28 16:33:49+00:00,,1.31,1.31,0.12,547746000.0,1.3,165464000.0,81863000.0,2249169000.0,153778000.0,578276000.0,578276000.0,,561439000.0,,1623315000.0,17825000.0,,,,263172000.0,31102000.0,16837000.0,32852000.0,354249000.0,,278229000.0,6193000.0,707717000.0,2331032000.0,574253000.0,48927000.0,743740000.0,1672242000.0,428600000.0,427292000.0,430674000.0
SLM Corp,SLM,4K8SLPBF5DXXGPW03H93,1032033,2019.0,Q3YTD,2019-01-01,2019-09-30,,,0.64,0.98,0.09,405977000.0,0.98,130798000.0,58484000.0,1672082000.0,116675000.0,436924000.0,436924000.0,,423972000.0,,1204214000.0,21460000.0,,,,198573000.0,31313000.0,12952000.0,23788000.0,256691000.0,,210213000.0,3700000.0,526352000.0,1730566000.0,432574000.0,52773000.0,567722000.0,1256987000.0,428600000.0,424149000.0,427336000.0
SLM Corp,SLM,4K8SLPBF5DXXGPW03H93,1032033,2019.0,Q3TTM,2018-10-01,2019-09-30,,-92000.0,0.97,1.31,0.09,522172000.0,1.3,175247000.0,72100000.0,2196679000.0,154670000.0,584436000.0,584436000.0,,567285000.0,,1587081000.0,27698000.0,,,,276259000.0,37759000.0,17151000.0,30641000.0,314310000.0,,271737000.0,4856000.0,681698000.0,2268779000.0,578545000.0,65457000.0,759683000.0,1652538000.0,428600000.0,424149000.0,427336000.0
SLM Corp,SLM,4K8SLPBF5DXXGPW03H93,1032033,2019.0,Q3,2019-07-01,2019-09-30,2019-10-23 16:37:18+00:00,,0.29,0.29,0.0,143393000.0,0.29,40701000.0,25693000.0,564698000.0,40533000.0,128458000.0,128458000.0,,124305000.0,,405065000.0,1961000.0,,,,79827000.0,15280000.0,4153000.0,8814000.0,99526000.0,,64980000.0,1400000.0,185326000.0,590391000.0,153621000.0,17241000.0,169159000.0,422306000.0,428600000.0,424149000.0,427336000.0
SLM Corp,SLM,4K8SLPBF5DXXGPW03H93,1032033,2019.0,Q2,2019-04-01,2019-06-30,2020-07-22 16:34:17+00:00,,,0.34,0.06,136597000.0,0.34,33801000.0,19817000.0,553905000.0,39122000.0,150277000.0,150277000.0,,145946000.0,,396868000.0,16736000.0,,,,64955000.0,2655000.0,4331000.0,7356000.0,93375000.0,,66495000.0,1135000.0,176854000.0,573722000.0,138806000.0,19391000.0,184078000.0,416259000.0,,429278000.0,432253000.0
SLM Corp,SLM,4K8SLPBF5DXXGPW03H93,1032033,2019.0,Q2YTD,2019-01-01,2019-06-30,,,0.35,0.69,0.09,262584000.0,0.69,90097000.0,32791000.0,1107384000.0,76142000.0,308466000.0,308466000.0,,299667000.0,,799149000.0,19499000.0,,,,118746000.0,16033000.0,8799000.0,14974000.0,157165000.0,,145233000.0,2300000.0,341026000.0,1140175000.0,278953000.0,35532000.0,398563000.0,834681000.0,,429278000.0,432253000.0
SLM Corp,SLM,4K8SLPBF5DXXGPW03H93,1032033,2019.0,Q2TTM,2018-07-01,2019-06-30,,,0.91,1.25,0.09,483872000.0,1.24,80879000.0,58007000.0,2117978000.0,148852000.0,559856000.0,559856000.0,,542734000.0,,1538649000.0,20788000.0,,,,275668000.0,-58223000.0,17122000.0,30963000.0,284831000.0,,269017000.0,4612000.0,637336000.0,2175985000.0,575648000.0,-37435000.0,640735000.0,1501214000.0,,429278000.0,432253000.0
SLM Corp,SLM,4K8SLPBF5DXXGPW03H93,1032033,2019.0,Q1,2019-01-01,2019-03-31,2020-04-22 16:39:24+00:00,,0.35,0.35,0.03,125987000.0,0.35,56296000.0,12974000.0,553479000.0,37020000.0,158189000.0,158189000.0,,153721000.0,,402281000.0,2763000.0,,,,53791000.0,13378000.0,4468000.0,7618000.0,63790000.0,,78738000.0,1165000.0,164172000.0,566453000.0,140147000.0,16141000.0,214485000.0,418422000.0,439200000.0,434574000.0,438248000.0
SLM Corp,SLM,4K8SLPBF5DXXGPW03H93,1032033,2019.0,Q1TTM,2018-04-01,2019-03-31,,,1.15,1.15,0.03,437880000.0,1.14,87152000.0,46456000.0,2018118000.0,139358000.0,519411000.0,519411000.0,,502700000.0,,1482731000.0,-705000.0,,,,277782000.0,-48583000.0,16711000.0,31608000.0,254723000.0,,262767000.0,4605000.0,581843000.0,2064574000.0,572157000.0,-49288000.0,606563000.0,1433443000.0,439200000.0,434574000.0,438248000.0
SLM Corp,SLM,4K8SLPBF5DXXGPW03H93,1032033,2020.0,Q2YTD,2020-01-01,2020-06-30,,,0.88,0.65,0.09,235358000.0,0.64,90817000.0,24281000.0,1035447000.0,67863000.0,276962000.0,276962000.0,,271020000.0,,748891000.0,288358000.0,,,-369000.0,116132000.0,32899000.0,5942000.0,16053000.0,413145000.0,,156670000.0,7616000.0,310837000.0,1059728000.0,288855000.0,320888000.0,367779000.0,1069779000.0,,375009000.0,375009000.0
SLM Corp,SLM,4K8SLPBF5DXXGPW03H93,1032033,2020.0,Q2TTM,2019-07-01,2020-06-30,,,1.84,1.27,0.12,520520000.0,1.25,166184000.0,73353000.0,2177232000.0,145499000.0,546772000.0,546772000.0,,532792000.0,,1573057000.0,286684000.0,,,-369000.0,260558000.0,47968000.0,13980000.0,33931000.0,610229000.0,,289666000.0,11509000.0,677528000.0,2250585000.0,584155000.0,334283000.0,712956000.0,1907340000.0,,375009000.0,375009000.0
SLM Corp,SLM,4K8SLPBF5DXXGPW03H93,1032033,2020.0,Q2,2020-04-01,2020-06-30,2020-07-22 16:34:17+00:00,,,-0.23,0.06,100246000.0,-0.23,-30664000.0,4625000.0,480170000.0,32375000.0,-85211000.0,-85211000.0,,-87689000.0,,348775000.0,3751000.0,,,-369000.0,61946000.0,25412000.0,2478000.0,7163000.0,351887000.0,,72448000.0,3399000.0,136020000.0,484795000.0,141557000.0,28794000.0,-115875000.0,377569000.0,,375009000.0,375009000.0
SLM Corp,SLM,4K8SLPBF5DXXGPW03H93,1032033,2020.0,Q1TTM,2019-04-01,2020-03-31,,,1.84,1.84,0.12,556871000.0,1.82,230649000.0,88545000.0,2250967000.0,152246000.0,782260000.0,782260000.0,,766427000.0,,1621150000.0,299669000.0,,,,263567000.0,25211000.0,15833000.0,34124000.0,351717000.0,,283713000.0,9245000.0,718362000.0,2339512000.0,581404000.0,324880000.0,1012909000.0,1946030000.0,407600000.0,409786000.0,412755000.0
SLM Corp,SLM,4K8SLPBF5DXXGPW03H93,1032033,2020.0,Q1,2020-01-01,2020-03-31,2020-04-22 16:39:24+00:00,,0.88,0.88,0.03,135112000.0,0.87,121481000.0,19656000.0,555277000.0,35488000.0,362173000.0,362173000.0,,358709000.0,,400116000.0,284607000.0,,,,54186000.0,7487000.0,3464000.0,8890000.0,61258000.0,,84222000.0,4217000.0,174817000.0,574933000.0,147298000.0,292094000.0,483654000.0,692210000.0,407600000.0,409786000.0,412755000.0
