company_name,company_ticker,company_lei,company_cik,year,quarter,start_date,end_date,filing_date,basicdilutedeps,basiceps,cashdividendspershare,depreciationexpense,dilutedeps,incometaxexpense,investmentbankingincome,investmentsecuritiesinterestincome,longtermdebtinterestexpense,netincome,netincomecontinuing,netincomediscontinued,netincometocommon,netincometononcontrollinginterest,netinterestincome,netoccupancyequipmentexpense,nonoperatingincome,othergains,otherinterestexpense,otherinterestincome,othernoninterestincome,otheroperatingexpenses,otherspecialcharges,preferreddividends,servicechargesondepositsincome,totalinterestexpense,totalinterestincome,totalnoninterestexpense,totalnoninterestincome,totalpretaxincome,totalrevenue,weightedavebasicdilutedsharesos,weightedavebasicsharesos,weightedavedilutedsharesos
American Tower Corp,AMT,5493006ORUSIL88JOE18,1053507,2007.0,FY,2007-01-01,2007-12-31,2010-03-01 17:12:48+00:00,0.14,0.14,,522928000.0,0.13,59809000.0,,,,56654000.0,93050000.0,-36396000.0,56316000.0,338000.0,,343450000.0,-225523000.0,19000.0,,,1425975000.0,211853000.0,,,30619000.0,,,1078231000.0,1456594000.0,152840000.0,1456594000.0,402300000.0,413167000.0,426079000.0
American Tower Corp,AMT,5493006ORUSIL88JOE18,1053507,2008.0,FY,2008-01-01,2008-12-31,2011-02-28 16:59:57+00:00,0.88,0.88,,405332000.0,0.84,135509000.0,,,,347415000.0,236433000.0,110982000.0,347246000.0,169000.0,,363024000.0,-234834000.0,22000.0,,,1547035000.0,218394000.0,,,46469000.0,,,986750000.0,1593504000.0,371920000.0,1593504000.0,394600000.0,395947000.0,418357000.0
American Tower Corp,AMT,5493006ORUSIL88JOE18,1053507,2008.0,Q3,2008-07-01,2008-09-30,2009-11-05 16:54:05+00:00,0.15,0.15,,104389000.0,0.15,34918000.0,,,,60561000.0,60611000.0,-50000.0,60466000.0,95000.0,,93696000.0,-58843000.0,5000.0,,,394396000.0,56816000.0,,,14872000.0,,,254901000.0,409268000.0,95524000.0,409268000.0,403100000.0,393567000.0,416541000.0
American Tower Corp,AMT,5493006ORUSIL88JOE18,1053507,2008.0,Q2,2008-04-01,2008-06-30,2009-08-06 16:06:27+00:00,0.4,0.4,,99697000.0,0.38,44535000.0,,979000.0,,158884000.0,50781000.0,108103000.0,158786000.0,98000.0,979000.0,91952000.0,-64045000.0,8000.0,,,384343000.0,43705000.0,,,9385000.0,,979000.0,235354000.0,393728000.0,95308000.0,394707000.0,397000000.0,396935000.0,421617000.0
American Tower Corp,AMT,5493006ORUSIL88JOE18,1053507,2009.0,Q4,2009-10-01,2009-12-31,,0.16,0.16,,106745000.0,0.15,42682000.0,,,,64302000.0,64249000.0,53000.0,64350000.0,-48000.0,,100442000.0,-69524000.0,6000.0,,,435197000.0,64337000.0,,,12776000.0,,,271524000.0,447973000.0,106925000.0,447973000.0,397700000.0,398375000.0,406948000.0
American Tower Corp,AMT,5493006ORUSIL88JOE18,1053507,2009.0,FY,2009-01-01,2009-12-31,2012-02-28 19:04:51+00:00,0.62,0.62,,414619000.0,0.61,182565000.0,,,,247127000.0,238948000.0,8179000.0,246595000.0,532000.0,,383990000.0,-250771000.0,26000.0,,,1668420000.0,253247000.0,,,55694000.0,,,1051856000.0,1724114000.0,421487000.0,1724114000.0,397700000.0,398375000.0,406948000.0
American Tower Corp,AMT,5493006ORUSIL88JOE18,1053507,2009.0,Q3YTD,2009-01-01,2009-09-30,,0.46,0.46,,307874000.0,0.46,139883000.0,,,,182825000.0,174699000.0,8126000.0,182245000.0,580000.0,,283548000.0,-181247000.0,20000.0,,,1233223000.0,188910000.0,,,42918000.0,,,780332000.0,1276141000.0,314562000.0,1276141000.0,396200000.0,397315000.0,405728000.0
American Tower Corp,AMT,5493006ORUSIL88JOE18,1053507,2009.0,Q3,2009-07-01,2009-09-30,2010-11-05 16:53:39+00:00,0.17,0.17,,105543000.0,0.17,51348000.0,,,,67578000.0,67582000.0,-4000.0,67355000.0,223000.0,,101128000.0,-60150000.0,3000.0,,,430525000.0,58357000.0,,,13580000.0,,,265028000.0,444105000.0,118927000.0,444105000.0,396200000.0,397315000.0,405728000.0
American Tower Corp,AMT,5493006ORUSIL88JOE18,1053507,2009.0,Q2YTD,2009-01-01,2009-06-30,,0.29,0.29,,202331000.0,0.29,88535000.0,,,,115247000.0,107117000.0,8130000.0,114890000.0,357000.0,,182420000.0,-121097000.0,17000.0,,,802698000.0,130553000.0,,,29338000.0,,,515304000.0,832036000.0,195635000.0,832036000.0,402100000.0,397418000.0,408832000.0
American Tower Corp,AMT,5493006ORUSIL88JOE18,1053507,2009.0,Q2,2009-04-01,2009-06-30,2010-08-05 20:55:41+00:00,0.14,0.14,,102463000.0,0.14,51428000.0,,,,56488000.0,51428000.0,5060000.0,56289000.0,199000.0,,92330000.0,-63598000.0,7000.0,,,406751000.0,62118000.0,,,16607000.0,,,256911000.0,423358000.0,102849000.0,423358000.0,402100000.0,397418000.0,408832000.0
American Tower Corp,AMT,5493006ORUSIL88JOE18,1053507,2009.0,Q1,2009-01-01,2009-03-31,2010-05-06 16:53:56+00:00,0.15,0.15,,99868000.0,0.15,37107000.0,,,,58759000.0,55689000.0,3070000.0,58601000.0,158000.0,,90090000.0,-57499000.0,10000.0,,,395947000.0,68435000.0,,,12731000.0,,,258393000.0,408678000.0,92786000.0,408678000.0,390700000.0,397180000.0,408250000.0
American Tower Corp,AMT,5493006ORUSIL88JOE18,1053507,2010.0,Q4,2010-10-01,2010-12-31,,0.21,0.21,,124105000.0,0.2,53099000.0,,19236000.0,,83703000.0,83703000.0,,83514000.0,189000.0,19236000.0,126042000.0,-85891000.0,16000.0,,,536253000.0,94054000.0,,,11389000.0,,19236000.0,344201000.0,547642000.0,136786000.0,566878000.0,401000000.0,401152000.0,404072000.0
American Tower Corp,AMT,5493006ORUSIL88JOE18,1053507,2010.0,FY,2010-01-01,2010-12-31,2013-02-26 21:32:48+00:00,0.93,0.93,0.0,460726000.0,0.92,182489000.0,,19236000.0,,373606000.0,373576000.0,30000.0,372936000.0,670000.0,19236000.0,447629000.0,-247589000.0,40000.0,,,1936373000.0,292602000.0,,,48962000.0,,19236000.0,1200957000.0,1985335000.0,556025000.0,2004571000.0,401000000.0,401152000.0,404072000.0
American Tower Corp,AMT,5493006ORUSIL88JOE18,1053507,2010.0,Q3YTD,2010-01-01,2010-09-30,,0.72,0.72,,336621000.0,0.72,129390000.0,,,,289903000.0,289873000.0,30000.0,289422000.0,481000.0,,321587000.0,-161698000.0,24000.0,,,1400120000.0,198548000.0,,,37573000.0,,,856756000.0,1437693000.0,419239000.0,1437693000.0,406300000.0,400602000.0,403455000.0
American Tower Corp,AMT,5493006ORUSIL88JOE18,1053507,2010.0,Q3TTM,2009-10-01,2010-09-30,,0.88,0.88,,443366000.0,0.87,172072000.0,,,,354205000.0,354122000.0,83000.0,353772000.0,433000.0,,422029000.0,-231222000.0,30000.0,,,1835317000.0,262885000.0,,,50349000.0,,,1128280000.0,1885666000.0,526164000.0,1885666000.0,406300000.0,400602000.0,403455000.0
American Tower Corp,AMT,5493006ORUSIL88JOE18,1053507,2010.0,Q3,2010-07-01,2010-09-30,2011-11-01 18:44:40+00:00,0.23,0.23,,115383000.0,0.23,70649000.0,,,,93601000.0,93600000.0,1000.0,93439000.0,162000.0,,115390000.0,-49129000.0,6000.0,,,499821000.0,69177000.0,,,13501000.0,,,299950000.0,513322000.0,164243000.0,513322000.0,406300000.0,400602000.0,403455000.0
American Tower Corp,AMT,5493006ORUSIL88JOE18,1053507,2010.0,Q2YTD,2010-01-01,2010-06-30,,0.49,0.49,,221238000.0,0.49,58741000.0,,,,196302000.0,196273000.0,29000.0,195983000.0,319000.0,,206197000.0,-112569000.0,18000.0,,,900299000.0,129371000.0,,,24072000.0,,,556806000.0,924371000.0,254996000.0,924371000.0,398700000.0,402733000.0,405024000.0
American Tower Corp,AMT,5493006ORUSIL88JOE18,1053507,2010.0,Q2TTM,2009-07-01,2010-06-30,,0.82,0.82,,433526000.0,0.81,152771000.0,,,,328182000.0,328104000.0,78000.0,327688000.0,494000.0,,407767000.0,-242243000.0,27000.0,,,1766021000.0,252065000.0,,,50428000.0,,,1093358000.0,1816449000.0,480848000.0,1816449000.0,398700000.0,402733000.0,405024000.0
American Tower Corp,AMT,5493006ORUSIL88JOE18,1053507,2010.0,Q2,2010-04-01,2010-06-30,2011-08-04 16:40:40+00:00,0.25,0.25,,110403000.0,0.25,30352000.0,,,,99819000.0,99825000.0,-6000.0,99665000.0,154000.0,,105773000.0,-58549000.0,10000.0,,,456481000.0,65045000.0,,,13456000.0,,,281221000.0,469937000.0,130167000.0,469937000.0,398700000.0,402733000.0,405024000.0
American Tower Corp,AMT,5493006ORUSIL88JOE18,1053507,2010.0,Q1TTM,2009-04-01,2010-03-31,,0.71,0.71,,425586000.0,0.7,173847000.0,,,,284851000.0,279707000.0,5144000.0,284312000.0,539000.0,,394324000.0,-247292000.0,24000.0,,,1716291000.0,249138000.0,,,53579000.0,,,1069048000.0,1769870000.0,453530000.0,1769870000.0,401300000.0,402346000.0,406080000.0
American Tower Corp,AMT,5493006ORUSIL88JOE18,1053507,2010.0,Q1,2010-01-01,2010-03-31,2011-05-05 16:35:36+00:00,0.24,0.24,,110835000.0,0.24,28389000.0,,,,96483000.0,96448000.0,35000.0,96318000.0,165000.0,,100424000.0,-54020000.0,8000.0,,,443818000.0,64326000.0,,,10616000.0,,,275585000.0,454434000.0,124829000.0,454434000.0,401300000.0,402346000.0,406080000.0
American Tower Corp,AMT,5493006ORUSIL88JOE18,1053507,2011.0,Q4,2011-10-01,2011-12-31,,0.52,0.52,0.35,143615000.0,0.51,-36901000.0,,21592000.0,,196434000.0,196434000.0,,205110000.0,-8676000.0,21592000.0,157818000.0,-109808000.0,11000.0,,,640883000.0,104028000.0,,,12316000.0,,21592000.0,405461000.0,653199000.0,159522000.0,674791000.0,396500000.0,395711000.0,400195000.0
American Tower Corp,AMT,5493006ORUSIL88JOE18,1053507,2011.0,FY,2011-01-01,2011-12-31,2013-02-26 21:32:48+00:00,1.0,1.0,0.35,555517000.0,0.99,125080000.0,,21592000.0,,381840000.0,381840000.0,0.0,396462000.0,-14622000.0,21592000.0,590272000.0,-434829000.0,25000.0,,,2386185000.0,377611000.0,,,57347000.0,,21592000.0,1523400000.0,2443532000.0,506895000.0,2465124000.0,396500000.0,395711000.0,400195000.0
American Tower Corp,AMT,5493006ORUSIL88JOE18,1053507,2011.0,Q3,2011-07-01,2011-09-30,2012-10-31 16:36:10+00:00,-0.04,-0.04,0.0,142113000.0,-0.04,24681000.0,,,,-19726000.0,-19726000.0,,-15701000.0,-4025000.0,,160265000.0,-223352000.0,2000.0,,,614808000.0,99720000.0,,,15595000.0,,,402098000.0,630403000.0,4953000.0,630403000.0,392500000.0,395183000.0,395183000.0
American Tower Corp,AMT,5493006ORUSIL88JOE18,1053507,2011.0,Q3YTD,2011-01-01,2011-09-30,,0.48,0.48,,411902000.0,0.48,161981000.0,,,,185406000.0,185406000.0,,191352000.0,-5946000.0,,432454000.0,-325021000.0,14000.0,,,1745302000.0,273583000.0,,,45031000.0,,,1117939000.0,1790333000.0,347373000.0,1790333000.0,392500000.0,395183000.0,395183000.0
American Tower Corp,AMT,5493006ORUSIL88JOE18,1053507,2011.0,Q3TTM,2010-10-01,2011-09-30,,0.69,0.69,,536007000.0,0.68,215080000.0,,19236000.0,,269109000.0,269109000.0,,274866000.0,-5757000.0,19236000.0,558496000.0,-410912000.0,30000.0,,,2281555000.0,367637000.0,,,56420000.0,,19236000.0,1462140000.0,2337975000.0,484159000.0,2357211000.0,392500000.0,395183000.0,395183000.0
American Tower Corp,AMT,5493006ORUSIL88JOE18,1053507,2011.0,Q2,2011-04-01,2011-06-30,2012-08-02 16:33:47+00:00,0.29,0.29,0.0,138558000.0,0.29,65877000.0,,,,113171000.0,113171000.0,,115211000.0,-2040000.0,,144330000.0,-46752000.0,11000.0,,,583839000.0,88558000.0,,,13396000.0,,,371446000.0,597235000.0,179037000.0,597235000.0,397300000.0,396599000.0,400250000.0
American Tower Corp,AMT,5493006ORUSIL88JOE18,1053507,2011.0,Q2YTD,2011-01-01,2011-06-30,,0.52,0.52,,269789000.0,0.52,137300000.0,,,,205132000.0,205132000.0,,207053000.0,-1921000.0,,272189000.0,-101669000.0,12000.0,,,1130494000.0,173863000.0,,,29436000.0,,,715841000.0,1159930000.0,342420000.0,1159930000.0,397300000.0,396599000.0,400250000.0
American Tower Corp,AMT,5493006ORUSIL88JOE18,1053507,2011.0,Q2TTM,2010-07-01,2011-06-30,,0.96,0.96,,509277000.0,0.95,261048000.0,,19236000.0,,382436000.0,382435000.0,1000.0,384006000.0,-1570000.0,19236000.0,513621000.0,-236689000.0,34000.0,,,2166568000.0,337094000.0,,,54326000.0,,19236000.0,1359992000.0,2220894000.0,643449000.0,2240130000.0,397300000.0,396599000.0,400250000.0
American Tower Corp,AMT,5493006ORUSIL88JOE18,1053507,2011.0,Q1,2011-01-01,2011-03-31,2012-05-03 17:28:11+00:00,0.23,0.23,0.0,131231000.0,0.23,71423000.0,,,,91961000.0,91961000.0,,91842000.0,119000.0,,127859000.0,-54917000.0,1000.0,,,546655000.0,85305000.0,,,16040000.0,,,344395000.0,562695000.0,163383000.0,562695000.0,399300000.0,397768000.0,401899000.0
American Tower Corp,AMT,5493006ORUSIL88JOE18,1053507,2011.0,Q1TTM,2010-04-01,2011-03-31,,0.92,0.92,,481122000.0,0.91,225523000.0,,19236000.0,,369084000.0,369089000.0,-5000.0,368460000.0,624000.0,19236000.0,475064000.0,-248486000.0,33000.0,,,2039210000.0,313581000.0,,,54386000.0,,19236000.0,1269767000.0,2093596000.0,594579000.0,2112832000.0,399300000.0,397768000.0,401899000.0
American Tower Corp,AMT,5493006ORUSIL88JOE18,1053507,2012.0,FY,2012-01-01,2012-12-31,2015-02-24 06:35:58+00:00,1.61,1.61,0.9,644276000.0,1.6,107304000.0,,,,594025000.0,594025000.0,,637283000.0,-43258000.0,7680000.0,686681000.0,-441848000.0,35000.0,,7680000.0,2803490000.0,441027000.0,,0.0,72470000.0,,7680000.0,1771984000.0,2875960000.0,701294000.0,2883640000.0,395800000.0,394772000.0,399287000.0
American Tower Corp,AMT,5493006ORUSIL88JOE18,1053507,2012.0,Q4,2012-10-01,2012-12-31,,0.34,0.34,0.24,178488000.0,0.34,43187000.0,,,,118153000.0,118153000.0,,135679000.0,-17526000.0,7680000.0,180561000.0,-141328000.0,10000.0,,7680000.0,739684000.0,177319000.0,,,28690000.0,,7680000.0,504882000.0,768374000.0,161330000.0,776054000.0,395800000.0,394772000.0,399287000.0
American Tower Corp,AMT,5493006ORUSIL88JOE18,1053507,2012.0,Q3YTD,2012-01-01,2012-09-30,,1.27,1.27,0.66,465788000.0,1.26,64117000.0,,,,475872000.0,475872000.0,,501604000.0,-25732000.0,,506120000.0,-300520000.0,25000.0,,,2063806000.0,295194000.0,,,43780000.0,,,1267102000.0,2107586000.0,539964000.0,2107586000.0,393400000.0,395244000.0,399487000.0
American Tower Corp,AMT,5493006ORUSIL88JOE18,1053507,2012.0,Q3TTM,2011-10-01,2012-09-30,,1.79,1.79,1.01,609403000.0,1.77,27216000.0,,21592000.0,,672306000.0,672306000.0,,706714000.0,-34408000.0,21592000.0,663938000.0,-410328000.0,36000.0,,,2704689000.0,399222000.0,,,56096000.0,,21592000.0,1672563000.0,2760785000.0,699486000.0,2782377000.0,393400000.0,395244000.0,399487000.0
American Tower Corp,AMT,5493006ORUSIL88JOE18,1053507,2012.0,Q3,2012-07-01,2012-09-30,2013-10-30 17:20:11+00:00,0.59,0.59,0.23,144061000.0,0.58,13054000.0,,,,231825000.0,231825000.0,,232089000.0,-264000.0,,177336000.0,-50675000.0,2000.0,,,697554000.0,96386000.0,,,15781000.0,,,417783000.0,713335000.0,244877000.0,713335000.0,393400000.0,395244000.0,399487000.0
American Tower Corp,AMT,5493006ORUSIL88JOE18,1053507,2012.0,Q2YTD,2012-01-01,2012-06-30,,0.68,0.68,0.43,321727000.0,0.68,51063000.0,,,,244047000.0,244047000.0,,269515000.0,-25468000.0,,328784000.0,-249845000.0,23000.0,,,1366252000.0,198808000.0,,,27999000.0,,,849319000.0,1394251000.0,295087000.0,1394251000.0,401700000.0,394743000.0,398811000.0
American Tower Corp,AMT,5493006ORUSIL88JOE18,1053507,2012.0,Q2TTM,2011-07-01,2012-06-30,,1.16,1.16,0.78,607455000.0,1.15,38843000.0,,21592000.0,,420755000.0,420755000.0,,458924000.0,-38169000.0,21592000.0,646867000.0,-583005000.0,36000.0,,,2621943000.0,402556000.0,,,55910000.0,,21592000.0,1656878000.0,2677853000.0,459562000.0,2699445000.0,401700000.0,394743000.0,398811000.0
American Tower Corp,AMT,5493006ORUSIL88JOE18,1053507,2012.0,Q2,2012-04-01,2012-06-30,2013-07-31 16:47:22+00:00,0.12,0.12,0.22,172072000.0,0.12,23815000.0,,,,33689000.0,33689000.0,,48209000.0,-14520000.0,,165060000.0,-212987000.0,5000.0,,,682262000.0,90116000.0,,,15472000.0,,,427248000.0,697734000.0,57499000.0,697734000.0,401700000.0,394743000.0,398811000.0
American Tower Corp,AMT,5493006ORUSIL88JOE18,1053507,2012.0,Q1TTM,2011-04-01,2012-03-31,,1.33,1.33,0.56,573941000.0,1.32,80905000.0,,21592000.0,,500237000.0,500237000.0,,525926000.0,-25689000.0,21592000.0,626137000.0,-416770000.0,42000.0,,,2523520000.0,400998000.0,,,53834000.0,,21592000.0,1601076000.0,2577354000.0,581100000.0,2598946000.0,395200000.0,393885000.0,398453000.0
American Tower Corp,AMT,5493006ORUSIL88JOE18,1053507,2012.0,Q1,2012-01-01,2012-03-31,2013-05-01 16:40:41+00:00,0.56,0.56,0.21,149655000.0,0.56,27248000.0,,,,210358000.0,210358000.0,,221306000.0,-10948000.0,,163724000.0,-36858000.0,18000.0,,,683990000.0,108692000.0,,,12527000.0,,,422071000.0,696517000.0,237588000.0,696517000.0,395200000.0,393885000.0,398453000.0
American Tower Corp,AMT,5493006ORUSIL88JOE18,1053507,2013.0,Q4,2013-10-01,2013-12-31,,0.26,0.26,0.29,244811000.0,0.25,36180000.0,,,1112000.0,73925000.0,73925000.0,,99982000.0,-26057000.0,6252000.0,243277000.0,-152805000.0,,,7364000.0,923883000.0,52143000.0,,,18086000.0,1112000.0,7364000.0,612771000.0,941969000.0,110105000.0,948221000.0,393800000.0,395040000.0,399146000.0
American Tower Corp,AMT,5493006ORUSIL88JOE18,1053507,2013.0,Q3YTD,2013-01-01,2013-09-30,,1.14,1.14,0.81,555334000.0,1.13,23361000.0,,,371000.0,408283000.0,408283000.0,,451351000.0,-43068000.0,1971000.0,585465000.0,-484987000.0,,,2342000.0,2363207000.0,337111000.0,,,56231000.0,371000.0,2342000.0,1491344000.0,2419438000.0,431644000.0,2421409000.0,391600000.0,394759000.0,398348000.0
American Tower Corp,AMT,5493006ORUSIL88JOE18,1053507,2013.0,Q3TTM,2012-10-01,2013-09-30,,1.48,1.48,1.05,733822000.0,1.47,66548000.0,,,371000.0,526436000.0,526436000.0,,587030000.0,-60594000.0,9651000.0,766026000.0,-626315000.0,10000.0,,10022000.0,3102891000.0,514430000.0,,,84921000.0,371000.0,10022000.0,1996226000.0,3187812000.0,592974000.0,3197463000.0,391600000.0,394759000.0,398348000.0
American Tower Corp,AMT,5493006ORUSIL88JOE18,1053507,2013.0,Q3,2013-07-01,2013-09-30,2014-10-30 16:40:17+00:00,0.46,0.46,0.28,184922000.0,0.45,15586000.0,,,371000.0,163222000.0,163222000.0,,180123000.0,-16901000.0,1971000.0,195953000.0,-125325000.0,,,2342000.0,796575000.0,111409000.0,,0.0,11305000.0,371000.0,2342000.0,492284000.0,807880000.0,178808000.0,809851000.0,391600000.0,394759000.0,398348000.0
American Tower Corp,AMT,5493006ORUSIL88JOE18,1053507,2013.0,Q2,2013-04-01,2013-06-30,2014-07-30 18:08:11+00:00,0.25,0.25,0.27,184608000.0,0.25,-11447000.0,,,,84113000.0,84113000.0,,99821000.0,-15708000.0,,198217000.0,-240146000.0,,,,789199000.0,113193000.0,,0.0,19631000.0,,,496018000.0,808830000.0,72666000.0,808830000.0,399300000.0,395420000.0,399458000.0
American Tower Corp,AMT,5493006ORUSIL88JOE18,1053507,2013.0,Q2YTD,2013-01-01,2013-06-30,,0.68,0.68,0.53,370412000.0,0.68,7775000.0,,,,245061000.0,245061000.0,,271228000.0,-26167000.0,,389512000.0,-359662000.0,,,,1566632000.0,239136000.0,,,44926000.0,,,999060000.0,1611558000.0,252836000.0,1611558000.0,399300000.0,395420000.0,399458000.0
American Tower Corp,AMT,5493006ORUSIL88JOE18,1053507,2013.0,Q2TTM,2012-07-01,2013-06-30,,1.61,1.61,1.0,692961000.0,1.6,64016000.0,,,,595039000.0,595039000.0,,638996000.0,-43957000.0,7680000.0,747409000.0,-551665000.0,12000.0,,7680000.0,3003870000.0,512841000.0,,,89397000.0,,7680000.0,1921725000.0,3093267000.0,659043000.0,3100947000.0,399300000.0,395420000.0,399458000.0
American Tower Corp,AMT,5493006ORUSIL88JOE18,1053507,2013.0,Q1TTM,2012-04-01,2013-03-31,,1.48,1.48,0.95,680425000.0,1.47,99278000.0,,,,544615000.0,544615000.0,,587384000.0,-42769000.0,7680000.0,714252000.0,-524506000.0,17000.0,,7680000.0,2896933000.0,489764000.0,,,85238000.0,,7680000.0,1852955000.0,2982171000.0,643876000.0,2989851000.0,398600000.0,395239000.0,399659000.0
American Tower Corp,AMT,5493006ORUSIL88JOE18,1053507,2013.0,Q1,2013-01-01,2013-03-31,2014-05-01 16:35:07+00:00,0.43,0.43,0.26,185804000.0,0.43,19222000.0,,,,160948000.0,160948000.0,,171407000.0,-10459000.0,,191295000.0,-119516000.0,,,,777433000.0,125943000.0,,,25295000.0,,,503042000.0,802728000.0,180170000.0,802728000.0,398600000.0,395239000.0,399659000.0
American Tower Corp,AMT,5493006ORUSIL88JOE18,1053507,2014.0,FY,2014-01-01,2014-12-31,2017-02-27 17:05:07+00:00,2.02,2.02,,1003802000.0,2.0,62505000.0,,,,803199000.0,803199000.0,,801022000.0,-21711000.0,,1056177000.0,-65533000.0,,,,4006854000.0,1133381000.0,-24549000.0,23888000.0,93194000.0,,,3168811000.0,4100048000.0,865704000.0,4100048000.0,396500000.0,395958000.0,400086000.0
American Tower Corp,AMT,5493006ORUSIL88JOE18,1053507,2014.0,Q4,2014-10-01,2014-12-31,,0.43,0.43,-1.02,263546000.0,0.41,12628000.0,,,,181597000.0,181597000.0,,168574000.0,1210000.0,,269803000.0,417403000.0,,,,1029854000.0,747220000.0,-11077000.0,11813000.0,16460000.0,,,1269492000.0,1046314000.0,194225000.0,1046314000.0,396500000.0,395958000.0,400086000.0
American Tower Corp,AMT,5493006ORUSIL88JOE18,1053507,2014.0,Q3YTD,2014-01-01,2014-09-30,,1.59,1.59,1.02,740256000.0,1.59,49877000.0,,,,621602000.0,621602000.0,,632448000.0,-22921000.0,,786374000.0,-482936000.0,,,,2977000000.0,386161000.0,-13472000.0,12075000.0,76734000.0,,,1899319000.0,3053734000.0,671479000.0,3053734000.0,399800000.0,396243000.0,400397000.0
American Tower Corp,AMT,5493006ORUSIL88JOE18,1053507,2014.0,Q3TTM,2013-10-01,2014-09-30,,1.85,1.85,1.31,985067000.0,1.84,86057000.0,,,1112000.0,695527000.0,695527000.0,,732430000.0,-48978000.0,6252000.0,1029651000.0,-635741000.0,,,7364000.0,3900883000.0,438304000.0,-13472000.0,12075000.0,94820000.0,1112000.0,7364000.0,2512090000.0,3995703000.0,781584000.0,4001955000.0,399800000.0,396243000.0,400397000.0
American Tower Corp,AMT,5493006ORUSIL88JOE18,1053507,2014.0,Q3,2014-07-01,2014-09-30,2015-10-29 16:28:28+00:00,0.5,0.5,0.36,249066000.0,0.5,10426000.0,,,,206630000.0,206630000.0,,199893000.0,-963000.0,,272355000.0,-174262000.0,,,,1011119000.0,131960000.0,-6511000.0,7700000.0,27069000.0,,,646870000.0,1038188000.0,217056000.0,1038188000.0,399800000.0,396243000.0,400397000.0
American Tower Corp,AMT,5493006ORUSIL88JOE18,1053507,2014.0,Q2YTD,2014-01-01,2014-06-30,,1.09,1.09,0.66,491190000.0,1.09,39451000.0,,,,414972000.0,414972000.0,,432555000.0,-21958000.0,,514019000.0,-308674000.0,,,,1965881000.0,254201000.0,-6961000.0,4375000.0,49665000.0,,,1252449000.0,2015546000.0,454423000.0,2015546000.0,396600000.0,395872000.0,399588000.0
American Tower Corp,AMT,5493006ORUSIL88JOE18,1053507,2014.0,Q2TTM,2013-07-01,2014-06-30,,1.81,1.81,1.23,920923000.0,1.79,91217000.0,,,1483000.0,652119000.0,652119000.0,,712660000.0,-64916000.0,8223000.0,953249000.0,-586804000.0,,,9706000.0,3686339000.0,404319000.0,-6961000.0,4375000.0,79056000.0,1483000.0,9706000.0,2357504000.0,3765395000.0,743336000.0,3773618000.0,396600000.0,395872000.0,399588000.0
American Tower Corp,AMT,5493006ORUSIL88JOE18,1053507,2014.0,Q2,2014-04-01,2014-06-30,2015-07-29 17:14:06+00:00,0.58,0.58,0.34,245427000.0,0.58,21802000.0,,,,221659000.0,221659000.0,,230056000.0,-12772000.0,,263184000.0,-163981000.0,,,,1005761000.0,120347000.0,-4943000.0,4375000.0,25696000.0,,,624015000.0,1031457000.0,243461000.0,1031457000.0,396600000.0,395872000.0,399588000.0
American Tower Corp,AMT,5493006ORUSIL88JOE18,1053507,2014.0,Q1TTM,2013-04-01,2014-03-31,,1.48,1.48,1.16,860104000.0,1.46,57968000.0,,,1483000.0,514573000.0,514573000.0,,582425000.0,-67852000.0,8223000.0,888282000.0,-662969000.0,,,9706000.0,3469777000.0,397165000.0,-2018000.0,,72991000.0,1483000.0,9706000.0,2229507000.0,3542768000.0,572541000.0,3550991000.0,397100000.0,395146000.0,399120000.0
American Tower Corp,AMT,5493006ORUSIL88JOE18,1053507,2014.0,Q1,2014-01-01,2014-03-31,2015-04-30 17:18:16+00:00,0.51,0.51,0.32,245763000.0,0.51,17649000.0,,,,193313000.0,193313000.0,,202499000.0,-9186000.0,,250835000.0,-144693000.0,,,,960120000.0,133854000.0,-2018000.0,0.0,23969000.0,,,628434000.0,984089000.0,210962000.0,984089000.0,397100000.0,395146000.0,399120000.0
American Tower Corp,AMT,5493006ORUSIL88JOE18,1053507,2015.0,FY,2015-01-01,2015-12-31,2018-02-27 17:43:57+00:00,1.42,1.42,,1285300000.0,1.41,158000000.0,,,,672000000.0,672000000.0,,594900000.0,-13100000.0,,1275400000.0,-214600000.0,,,,4680400000.0,1193900000.0,-27700000.0,90200000.0,91100000.0,,,3726900000.0,4771500000.0,830000000.0,4771500000.0,418900000.0,418907000.0,423015000.0
American Tower Corp,AMT,5493006ORUSIL88JOE18,1053507,2015.0,Q4,2015-10-01,2015-12-31,,0.48,0.48,-1.32,352328000.0,0.48,25937000.0,,,,221588000.0,221588000.0,,205910000.0,-11140000.0,,345776000.0,-12516000.0,,,,1251136000.0,329458000.0,-7578000.0,26818000.0,28889000.0,,,1019984000.0,1280025000.0,247525000.0,1280025000.0,418900000.0,418907000.0,423015000.0
American Tower Corp,AMT,5493006ORUSIL88JOE18,1053507,2015.0,Q3,2015-07-01,2015-09-30,2016-10-27 16:58:39+00:00,0.18,0.18,0.46,341096000.0,0.18,94235000.0,,,,97740000.0,97740000.0,,76218000.0,-5259000.0,,356082000.0,-66659000.0,,,,1212849000.0,289594000.0,-7496000.0,26781000.0,25061000.0,,,979276000.0,1237910000.0,191975000.0,1237910000.0,423400000.0,423375000.0,427227000.0
American Tower Corp,AMT,5493006ORUSIL88JOE18,1053507,2015.0,Q3YTD,2015-01-01,2015-09-30,,0.94,0.94,1.32,932972000.0,0.93,132063000.0,,,,450412000.0,450412000.0,,388990000.0,-1960000.0,,929624000.0,-202084000.0,,,,3429264000.0,864442000.0,-20122000.0,63382000.0,62211000.0,,,2706916000.0,3491475000.0,582475000.0,3491475000.0,423400000.0,423375000.0,427227000.0
American Tower Corp,AMT,5493006ORUSIL88JOE18,1053507,2015.0,Q3TTM,2014-10-01,2015-09-30,,1.37,1.37,0.3,1196518000.0,1.34,144691000.0,,,,632009000.0,632009000.0,,557564000.0,-750000.0,,1199427000.0,215319000.0,,,,4459118000.0,1611662000.0,-31199000.0,75195000.0,78671000.0,,,3976408000.0,4537789000.0,776700000.0,4537789000.0,423400000.0,423375000.0,427227000.0
American Tower Corp,AMT,5493006ORUSIL88JOE18,1053507,2015.0,Q2,2015-04-01,2015-06-30,2016-07-28 17:06:57+00:00,0.31,0.31,0.44,328356000.0,0.3,13956000.0,,,,157180000.0,157180000.0,,129274000.0,1124000.0,,314285000.0,-77197000.0,,,,1154235000.0,290467000.0,-7066000.0,26782000.0,20140000.0,,,926042000.0,1174375000.0,171136000.0,1174375000.0,417000000.0,423154000.0,426933000.0
American Tower Corp,AMT,5493006ORUSIL88JOE18,1053507,2015.0,Q2YTD,2015-01-01,2015-06-30,,0.76,0.76,0.86,591876000.0,0.75,37828000.0,,,,352672000.0,352672000.0,,312772000.0,3299000.0,,573542000.0,-135425000.0,,,,2216415000.0,574848000.0,-12626000.0,36601000.0,37150000.0,,,1727640000.0,2253565000.0,390500000.0,2253565000.0,417000000.0,423154000.0,426933000.0
American Tower Corp,AMT,5493006ORUSIL88JOE18,1053507,2015.0,Q2TTM,2014-07-01,2015-06-30,,1.69,1.69,0.2,1104488000.0,1.66,60882000.0,,,,740899000.0,740899000.0,,681239000.0,3546000.0,,1115700000.0,107716000.0,,,,4257388000.0,1454028000.0,-30214000.0,56114000.0,80679000.0,,,3644002000.0,4338067000.0,801781000.0,4338067000.0,417000000.0,423154000.0,426933000.0
American Tower Corp,AMT,5493006ORUSIL88JOE18,1053507,2015.0,Q1,2015-01-01,2015-03-31,2016-04-29 16:45:21+00:00,0.45,0.45,0.42,263520000.0,0.45,23872000.0,,,,195492000.0,195492000.0,,183498000.0,2175000.0,,259257000.0,-58228000.0,,,,1062180000.0,284381000.0,-5560000.0,9819000.0,17010000.0,,,801598000.0,1079190000.0,219364000.0,1079190000.0,407800000.0,405111000.0,409399000.0
American Tower Corp,AMT,5493006ORUSIL88JOE18,1053507,2015.0,Q1TTM,2014-04-01,2015-03-31,,1.96,1.96,0.1,1021559000.0,1.94,68728000.0,,,,805378000.0,805378000.0,,782021000.0,-10350000.0,,1064599000.0,20932000.0,,,,4108914000.0,1283908000.0,-28091000.0,33707000.0,86235000.0,,,3341975000.0,4195149000.0,874106000.0,4195149000.0,407800000.0,405111000.0,409399000.0
American Tower Corp,AMT,5493006ORUSIL88JOE18,1053507,2016.0,FY,2016-01-01,2016-12-31,2019-02-27 16:46:19+00:00,2.0,2.0,,1525600000.0,1.98,155500000.0,,,,970400000.0,970400000.0,,849300000.0,14000000.0,-680600000.0,1762700000.0,-47700000.0,,706200000.0,25600000.0,5785700000.0,644400000.0,-1200000.0,107100000.0,,706200000.0,25600000.0,3931500000.0,5785700000.0,1125900000.0,5105100000.0,424700000.0,425143000.0,429283000.0
American Tower Corp,AMT,5493006ORUSIL88JOE18,1053507,2016.0,Q4,2016-10-01,2016-12-31,,0.47,0.47,-1.59,388202000.0,0.48,60829000.0,,,,232894000.0,232894000.0,,202426000.0,3712000.0,-696978000.0,482314000.0,500234000.0,,706200000.0,9222000.0,1593921000.0,179798000.0,-1200000.0,26756000.0,-54340000.0,706200000.0,9222000.0,1049114000.0,1539581000.0,293723000.0,842603000.0,424700000.0,425143000.0,429283000.0
American Tower Corp,AMT,5493006ORUSIL88JOE18,1053507,2016.0,Q3,2016-07-01,2016-09-30,2017-10-31 16:46:37+00:00,0.56,0.56,0.55,397999000.0,0.55,22037000.0,,,,263735000.0,263735000.0,,237728000.0,-774000.0,6376000.0,485525000.0,-199678000.0,,,6376000.0,1497936000.0,152247000.0,,26781000.0,16909000.0,,6376000.0,1035771000.0,1514845000.0,285772000.0,1521221000.0,424500000.0,425517000.0,429925000.0
American Tower Corp,AMT,5493006ORUSIL88JOE18,1053507,2016.0,Q3YTD,2016-01-01,2016-09-30,,1.53,1.53,1.59,1137398000.0,1.5,94671000.0,,,,737506000.0,737506000.0,,646874000.0,10288000.0,16378000.0,1280386000.0,-547934000.0,,,16378000.0,4191779000.0,464602000.0,,80344000.0,54340000.0,,16378000.0,2882386000.0,4246119000.0,832177000.0,4262497000.0,424500000.0,425517000.0,429925000.0
American Tower Corp,AMT,5493006ORUSIL88JOE18,1053507,2016.0,Q3TTM,2015-10-01,2016-09-30,,2.01,2.01,0.27,1489726000.0,1.98,120608000.0,,,,959094000.0,959094000.0,,852784000.0,-852000.0,16378000.0,1626162000.0,-560450000.0,,,16378000.0,5442915000.0,794060000.0,-7578000.0,107162000.0,83229000.0,,16378000.0,3902370000.0,5526144000.0,1079702000.0,5542522000.0,424500000.0,425517000.0,429925000.0
American Tower Corp,AMT,5493006ORUSIL88JOE18,1053507,2016.0,Q2,2016-04-01,2016-06-30,2017-07-27 16:53:10+00:00,0.38,0.38,0.53,397765000.0,0.37,43510000.0,,,,192464000.0,192464000.0,,160768000.0,4914000.0,6468000.0,452571000.0,-203300000.0,,,6468000.0,1426192000.0,159085000.0,,26782000.0,16035000.0,,6468000.0,1009421000.0,1442227000.0,235974000.0,1448695000.0,423100000.0,424909000.0,429004000.0
American Tower Corp,AMT,5493006ORUSIL88JOE18,1053507,2016.0,Q2YTD,2016-01-01,2016-06-30,,0.97,0.97,1.04,739399000.0,0.95,72634000.0,,,,473771000.0,473771000.0,,409146000.0,11062000.0,10002000.0,794861000.0,-348256000.0,,,10002000.0,2693843000.0,312355000.0,,53563000.0,37431000.0,,10002000.0,1846615000.0,2731274000.0,546405000.0,2741276000.0,423100000.0,424909000.0,429004000.0
American Tower Corp,AMT,5493006ORUSIL88JOE18,1053507,2016.0,Q2TTM,2015-07-01,2016-06-30,,1.63,1.63,0.18,1432823000.0,1.61,192806000.0,,,,793099000.0,793099000.0,,691274000.0,-5337000.0,10002000.0,1496719000.0,-427431000.0,,,10002000.0,5157828000.0,931407000.0,-15074000.0,107162000.0,91381000.0,,10002000.0,3845875000.0,5249209000.0,985905000.0,5259211000.0,423100000.0,424909000.0,429004000.0
American Tower Corp,AMT,5493006ORUSIL88JOE18,1053507,2016.0,Q1,2016-01-01,2016-03-31,2017-04-27 16:37:05+00:00,0.59,0.59,0.51,341634000.0,0.58,29124000.0,,,,281307000.0,281307000.0,,248378000.0,6148000.0,3534000.0,342290000.0,-144956000.0,,,3534000.0,1267651000.0,153270000.0,,26781000.0,21396000.0,,3534000.0,837194000.0,1289047000.0,310431000.0,1292581000.0,421000000.0,424059000.0,427888000.0
American Tower Corp,AMT,5493006ORUSIL88JOE18,1053507,2016.0,Q1TTM,2015-04-01,2016-03-31,,1.56,1.56,0.09,1363414000.0,1.54,163252000.0,,,,757815000.0,757815000.0,,659780000.0,-9127000.0,3534000.0,1358433000.0,-301328000.0,,,3534000.0,4885871000.0,1062789000.0,-22140000.0,107162000.0,95486000.0,,3534000.0,3762496000.0,4981357000.0,921067000.0,4984891000.0,421000000.0,424059000.0,427888000.0
American Tower Corp,AMT,5493006ORUSIL88JOE18,1053507,2017.0,FY,2017-01-01,2017-12-31,2020-02-25 16:10:15+00:00,2.69,2.69,,1715900000.0,2.67,30700000.0,,,,1225400000.0,1225400000.0,,1151500000.0,-13500000.0,35400000.0,2022000000.0,-788500000.0,,,35400000.0,6663900000.0,916800000.0,,87400000.0,,,35400000.0,4654700000.0,6663900000.0,1256100000.0,6699300000.0,428100000.0,428181000.0,431688000.0
American Tower Corp,AMT,5493006ORUSIL88JOE18,1053507,2017.0,Q4,2017-10-01,2017-12-31,,0.5,0.5,-1.92,466100000.0,0.51,-53400000.0,,,,194800000.0,194800000.0,,219600000.0,-43700000.0,213100000.0,517400000.0,-758500000.0,,-188800000.0,24300000.0,1751000000.0,16000000.0,18200000.0,18900000.0,-46500000.0,-188800000.0,24300000.0,1017700000.0,1704500000.0,141400000.0,1917600000.0,428100000.0,428181000.0,431688000.0
American Tower Corp,AMT,5493006ORUSIL88JOE18,1053507,2017.0,Q3,2017-07-01,2017-09-30,2018-10-30 16:17:22+00:00,0.7,0.7,0.66,432300000.0,0.69,33400000.0,,,,334700000.0,334700000.0,,298400000.0,17400000.0,-177700000.0,511200000.0,-15300000.0,,188800000.0,11100000.0,1680700000.0,176100000.0,,18900000.0,,188800000.0,11100000.0,1119600000.0,1680700000.0,368100000.0,1503000000.0,426300000.0,429281000.0,432831000.0
American Tower Corp,AMT,5493006ORUSIL88JOE18,1053507,2017.0,Q3YTD,2017-01-01,2017-09-30,,2.19,2.19,1.92,1249800000.0,2.16,84100000.0,,,,1030600000.0,1030600000.0,,931900000.0,30200000.0,-177700000.0,1504600000.0,-30000000.0,,188800000.0,11100000.0,4912900000.0,900800000.0,-18200000.0,68500000.0,46500000.0,188800000.0,11100000.0,3637000000.0,4959400000.0,1114700000.0,4781700000.0,426300000.0,429281000.0,432831000.0
American Tower Corp,AMT,5493006ORUSIL88JOE18,1053507,2017.0,Q3TTM,2016-10-01,2017-09-30,,2.66,2.66,0.33,1638002000.0,2.64,144929000.0,,,,1263494000.0,1263494000.0,,1134326000.0,33912000.0,-874678000.0,1986914000.0,470234000.0,,895000000.0,20322000.0,6506821000.0,1080598000.0,-19400000.0,95256000.0,-7840000.0,895000000.0,20322000.0,4686114000.0,6498981000.0,1408423000.0,5624303000.0,426300000.0,429281000.0,432831000.0
American Tower Corp,AMT,5493006ORUSIL88JOE18,1053507,2017.0,Q2,2017-04-01,2017-06-30,2018-07-31 17:15:12+00:00,0.81,0.81,0.64,396400000.0,0.8,23900000.0,,,,388500000.0,388500000.0,,344200000.0,21500000.0,,507200000.0,11400000.0,,,,1638100000.0,366200000.0,-8300000.0,22800000.0,24400000.0,,,1261500000.0,1662500000.0,412400000.0,1662500000.0,424900000.0,427298000.0,430487000.0
American Tower Corp,AMT,5493006ORUSIL88JOE18,1053507,2017.0,Q2YTD,2017-01-01,2017-06-30,,1.49,1.49,1.26,817500000.0,1.47,50700000.0,,,,695900000.0,695900000.0,,633500000.0,12800000.0,,993400000.0,-14700000.0,,,,3232200000.0,724700000.0,-18200000.0,49600000.0,46500000.0,,,2517400000.0,3278700000.0,746600000.0,3278700000.0,424900000.0,427298000.0,430487000.0
American Tower Corp,AMT,5493006ORUSIL88JOE18,1053507,2017.0,Q2TTM,2016-07-01,2017-06-30,,2.52,2.52,0.22,1603701000.0,2.5,133566000.0,,,,1192529000.0,1192529000.0,,1073654000.0,15738000.0,-690602000.0,1961239000.0,285856000.0,,706200000.0,15598000.0,6324057000.0,1056745000.0,-19400000.0,103137000.0,9069000.0,706200000.0,15598000.0,4602285000.0,6333126000.0,1326095000.0,5642524000.0,424900000.0,427298000.0,430487000.0
American Tower Corp,AMT,5493006ORUSIL88JOE18,1053507,2017.0,Q1,2017-01-01,2017-03-31,2018-05-01 21:08:05+00:00,0.68,0.68,0.62,421100000.0,0.67,26800000.0,,,,307400000.0,307400000.0,,289300000.0,-8700000.0,,486200000.0,-26100000.0,,,,1594100000.0,358500000.0,-9900000.0,26800000.0,22100000.0,,,1255900000.0,1616200000.0,334200000.0,1616200000.0,425400000.0,427279000.0,430199000.0
American Tower Corp,AMT,5493006ORUSIL88JOE18,1053507,2017.0,Q1TTM,2016-04-01,2017-03-31,,2.09,2.09,0.11,1605066000.0,2.07,153176000.0,,,,996493000.0,996493000.0,,890222000.0,-848000.0,-684134000.0,1906610000.0,71156000.0,,706200000.0,22066000.0,6112149000.0,849630000.0,-11100000.0,107119000.0,704000.0,706200000.0,22066000.0,4350206000.0,6112853000.0,1149669000.0,5428719000.0,425400000.0,427279000.0,430199000.0
American Tower Corp,AMT,5493006ORUSIL88JOE18,1053507,2018.0,FY,2018-01-01,2018-12-31,2020-02-25 16:10:15+00:00,2.79,2.79,,2110800000.0,2.77,-110100000.0,,,,1264700000.0,1264700000.0,,1227000000.0,28300000.0,54700000.0,2128700000.0,-805000000.0,,,54700000.0,7440100000.0,1295700000.0,,9400000.0,,,54700000.0,5535200000.0,7440100000.0,1154600000.0,7494800000.0,439800000.0,439606000.0,442960000.0
American Tower Corp,AMT,5493006ORUSIL88JOE18,1053507,2018.0,Q4,2018-10-01,2018-12-31,,0.64,0.64,,765900000.0,0.62,-95400000.0,,,,292700000.0,292700000.0,,277600000.0,15100000.0,26200000.0,531000000.0,-399200000.0,,,26200000.0,2194800000.0,249300000.0,15400000.0,,-62900000.0,,26200000.0,1561600000.0,2131900000.0,197300000.0,2158100000.0,439800000.0,439606000.0,442960000.0
American Tower Corp,AMT,5493006ORUSIL88JOE18,1053507,2018.0,Q3,2018-07-01,2018-09-30,2019-10-31 16:12:37+00:00,0.83,0.83,,448900000.0,0.83,12500000.0,,,,377300000.0,377300000.0,,366900000.0,10400000.0,10100000.0,543100000.0,-187500000.0,,,10100000.0,1785500000.0,226300000.0,,0.0,,,10100000.0,1218300000.0,1785500000.0,389800000.0,1795600000.0,442000000.0,440889000.0,444121000.0
American Tower Corp,AMT,5493006ORUSIL88JOE18,1053507,2018.0,Q3YTD,2018-01-01,2018-09-30,,2.15,2.15,,1344900000.0,2.15,-14700000.0,,,,972000000.0,972000000.0,,949400000.0,13200000.0,28500000.0,1597700000.0,-405800000.0,,,28500000.0,5245300000.0,1046400000.0,-15400000.0,9400000.0,62900000.0,,28500000.0,3973600000.0,5308200000.0,957300000.0,5336700000.0,442000000.0,440889000.0,444121000.0
American Tower Corp,AMT,5493006ORUSIL88JOE18,1053507,2018.0,Q3TTM,2017-10-01,2018-09-30,,2.65,2.65,-1.92,1811000000.0,2.66,-68100000.0,,,,1166800000.0,1166800000.0,,1169000000.0,-30500000.0,241600000.0,2115100000.0,-1164300000.0,,-188800000.0,52800000.0,6996300000.0,1062400000.0,2800000.0,28300000.0,16400000.0,-188800000.0,52800000.0,4991300000.0,7012700000.0,1098700000.0,7254300000.0,442000000.0,440889000.0,444121000.0
American Tower Corp,AMT,5493006ORUSIL88JOE18,1053507,2018.0,Q2,2018-04-01,2018-06-30,2019-07-31 16:09:27+00:00,0.69,0.69,,449700000.0,0.69,3900000.0,,,,314400000.0,314400000.0,,306700000.0,7700000.0,18400000.0,547200000.0,-246100000.0,,,18400000.0,1749400000.0,238000000.0,,0.0,31500000.0,,18400000.0,1234900000.0,1780900000.0,318300000.0,1799300000.0,444500000.0,441497000.0,444362000.0
American Tower Corp,AMT,5493006ORUSIL88JOE18,1053507,2018.0,Q2YTD,2018-01-01,2018-06-30,,1.32,1.32,,896000000.0,1.32,-27200000.0,,,,594700000.0,594700000.0,,582500000.0,2800000.0,18400000.0,1054600000.0,-218300000.0,,,18400000.0,3459800000.0,820100000.0,-15400000.0,9400000.0,62900000.0,,18400000.0,2755300000.0,3522700000.0,567500000.0,3541100000.0,444500000.0,441497000.0,444362000.0
American Tower Corp,AMT,5493006ORUSIL88JOE18,1053507,2018.0,Q2TTM,2017-07-01,2018-06-30,,2.52,2.52,-1.26,1794400000.0,2.52,-47200000.0,,,,1124200000.0,1124200000.0,,1100500000.0,-23500000.0,53800000.0,2083200000.0,-992100000.0,,,53800000.0,6891500000.0,1012200000.0,2800000.0,47200000.0,16400000.0,,53800000.0,4892600000.0,6907900000.0,1077000000.0,6961700000.0,444500000.0,441497000.0,444362000.0
American Tower Corp,AMT,5493006ORUSIL88JOE18,1053507,2018.0,Q1,2018-01-01,2018-03-31,2019-05-03 16:17:37+00:00,0.63,0.63,,446300000.0,0.63,-31100000.0,,,,280300000.0,280300000.0,,275800000.0,-4900000.0,,507400000.0,27800000.0,,,,1710400000.0,582100000.0,-15400000.0,9400000.0,31400000.0,,,1520400000.0,1741800000.0,249200000.0,1741800000.0,437800000.0,435124000.0,438520000.0
American Tower Corp,AMT,5493006ORUSIL88JOE18,1053507,2018.0,Q1TTM,2017-04-01,2018-03-31,,2.64,2.64,-0.62,1741100000.0,2.63,-27200000.0,,,,1198300000.0,1198300000.0,,1138000000.0,-9700000.0,35400000.0,2043200000.0,-734600000.0,,,35400000.0,6780200000.0,1140400000.0,-5500000.0,70000000.0,9300000.0,,35400000.0,4919200000.0,6789500000.0,1171100000.0,6824900000.0,437800000.0,435124000.0,438520000.0
American Tower Corp,AMT,5493006ORUSIL88JOE18,1053507,2019.0,Q4,2019-10-01,2019-12-31,,1.27,1.27,,449800000.0,1.27,-100500000.0,-12400000.0,,,569400000.0,569400000.0,,562700000.0,6700000.0,22900000.0,543300000.0,-202900000.0,,,22900000.0,1964400000.0,269300000.0,,,-40700000.0,,22900000.0,1262400000.0,1911300000.0,468900000.0,1934200000.0,442100000.0,442319000.0,445520000.0
American Tower Corp,AMT,5493006ORUSIL88JOE18,1053507,2019.0,FY,2019-01-01,2019-12-31,2020-02-25 16:10:15+00:00,4.27,4.27,,1778400000.0,4.24,-200000.0,,,,1916600000.0,1916600000.0,,1887800000.0,28800000.0,46800000.0,2173700000.0,-818800000.0,,,46800000.0,7580300000.0,939800000.0,,0.0,,,46800000.0,4891900000.0,7580300000.0,1916400000.0,7627100000.0,442100000.0,442319000.0,445520000.0
American Tower Corp,AMT,5493006ORUSIL88JOE18,1053507,2019.0,Q3,2019-07-01,2019-09-30,2019-10-31 16:12:37+00:00,1.13,1.13,,442800000.0,1.12,36700000.0,,,,505300000.0,505300000.0,,498600000.0,6700000.0,12200000.0,548000000.0,-198500000.0,,,12200000.0,1953600000.0,234500000.0,,0.0,,,12200000.0,1225300000.0,1953600000.0,542000000.0,1965800000.0,441200000.0,442763000.0,445829000.0
American Tower Corp,AMT,5493006ORUSIL88JOE18,1053507,2019.0,Q3YTD,2019-01-01,2019-09-30,,3.0,3.0,,1328600000.0,2.97,100300000.0,12400000.0,,,1347200000.0,1347200000.0,,1325100000.0,22100000.0,23900000.0,1630400000.0,-615900000.0,,,23900000.0,5615900000.0,670500000.0,,,40700000.0,,23900000.0,3629500000.0,5669000000.0,1447500000.0,5692900000.0,441200000.0,442763000.0,445829000.0
American Tower Corp,AMT,5493006ORUSIL88JOE18,1053507,2019.0,Q3TTM,2018-10-01,2019-09-30,,3.64,3.64,,2094500000.0,3.59,4900000.0,12400000.0,,,1639900000.0,1639900000.0,,1602700000.0,37200000.0,50100000.0,2161400000.0,-1015100000.0,,,50100000.0,7810700000.0,919800000.0,15400000.0,,-22200000.0,,50100000.0,5191100000.0,7800900000.0,1644800000.0,7851000000.0,441200000.0,442763000.0,445829000.0
American Tower Corp,AMT,5493006ORUSIL88JOE18,1053507,2019.0,Q2,2019-04-01,2019-06-30,2019-07-31 16:09:27+00:00,0.97,0.97,,448900000.0,0.96,29600000.0,,,,434300000.0,434300000.0,,429100000.0,5200000.0,11700000.0,549400000.0,-231700000.0,,,11700000.0,1848900000.0,207400000.0,,0.0,40700000.0,,11700000.0,1205700000.0,1889600000.0,463900000.0,1901300000.0,442400000.0,442203000.0,445337000.0
American Tower Corp,AMT,5493006ORUSIL88JOE18,1053507,2019.0,Q2YTD,2019-01-01,2019-06-30,,1.87,1.87,,885800000.0,1.85,63600000.0,12400000.0,,,841900000.0,841900000.0,,826500000.0,15400000.0,11700000.0,1082400000.0,-417400000.0,,,11700000.0,3662300000.0,436000000.0,,,40700000.0,,11700000.0,2404200000.0,3715400000.0,905500000.0,3727100000.0,442400000.0,442203000.0,445337000.0
American Tower Corp,AMT,5493006ORUSIL88JOE18,1053507,2019.0,Q2TTM,2018-07-01,2019-06-30,,3.34,3.34,,2100600000.0,3.3,-19300000.0,12400000.0,,,1511900000.0,1511900000.0,,1471000000.0,40900000.0,48000000.0,2156500000.0,-1004100000.0,,,48000000.0,7642600000.0,911600000.0,15400000.0,,-22200000.0,,48000000.0,5184100000.0,7632800000.0,1492600000.0,7680800000.0,442400000.0,442203000.0,445337000.0
American Tower Corp,AMT,5493006ORUSIL88JOE18,1053507,2019.0,Q1,2019-01-01,2019-03-31,2020-04-29 16:25:19+00:00,0.9,0.9,,436900000.0,0.89,34000000.0,12400000.0,,,407600000.0,407600000.0,,397400000.0,10200000.0,,533000000.0,-185700000.0,,,,1813400000.0,228600000.0,,,,,,1198500000.0,1825800000.0,441600000.0,1825800000.0,441600000.0,441351000.0,444621000.0
American Tower Corp,AMT,5493006ORUSIL88JOE18,1053507,2019.0,Q1TTM,2018-04-01,2019-03-31,,3.06,3.06,,2101400000.0,3.03,-45000000.0,12400000.0,,,1392000000.0,1392000000.0,,1348600000.0,43400000.0,54700000.0,2154300000.0,-1018500000.0,,,54700000.0,7543100000.0,942200000.0,15400000.0,,-31400000.0,,54700000.0,5213300000.0,7524100000.0,1347000000.0,7578800000.0,441600000.0,441351000.0,444621000.0
American Tower Corp,AMT,5493006ORUSIL88JOE18,1053507,2020.0,Q1,2020-01-01,2020-03-31,2020-04-29 16:25:19+00:00,0.94,0.94,,472300000.0,0.93,21100000.0,10100000.0,,,418600000.0,418600000.0,,415000000.0,3600000.0,,544100000.0,-307200000.0,,,,1993100000.0,239900000.0,,,,,,1256300000.0,2003200000.0,439700000.0,2003200000.0,441500000.0,443055000.0,445832000.0
American Tower Corp,AMT,5493006ORUSIL88JOE18,1053507,2020.0,Q1TTM,2019-04-01,2020-03-31,,4.31,4.31,,1813800000.0,4.28,-13100000.0,-2300000.0,,,1927600000.0,1927600000.0,,1905400000.0,22200000.0,46800000.0,2184800000.0,-940300000.0,,,46800000.0,7760000000.0,951100000.0,,,,,46800000.0,4949700000.0,7757700000.0,1914500000.0,7804500000.0,441500000.0,443055000.0,445832000.0
