company_name,company_ticker,company_lei,company_cik,year,quarter,start_date,end_date,filing_date,amortizationexpense,basicdilutedeps,basiceps,cashdividendspershare,currentandfuturebenefits,depositsinterestexpense,depreciationexpense,dilutedeps,extraordinaryincome,impairmentexpense,incometaxexpense,investmentsecuritiesinterestincome,longtermdebtinterestexpense,marketingexpense,netincome,netincomecontinuing,netincomediscontinued,netincometocommon,netincometononcontrollinginterest,netinterestincome,netoccupancyequipmentexpense,netrealizedcapitalgains,nonoperatingincome,otheradjustmentstoconsolidatednetincome,othergains,otherinterestexpense,othernoninterestincome,otheroperatingexpenses,otherservicechargeincome,policyacquisitioncosts,preferreddividends,premiumsearned,propertyliabilityinsuranceclaims,provisionforcreditlosses,restructuringcharge,salariesandemployeebenefitsexpense,totalinterestexpense,totalnoninterestexpense,totalnoninterestincome,totalpretaxincome,totalrevenue,trustfeeincome,weightedavebasicdilutedsharesos,weightedavebasicsharesos,weightedavedilutedsharesos
Aflac Inc,AFL,549300N0B7DOGLXWPP39,4977,2007.0,FY,2007-01-01,2007-12-31,2010-02-26 17:24:33+00:00,640000000.0,3.35,3.35,,,,,3.31,,,865000000.0,,27000000.0,,3268000000.0,3268000000.0,,3268000000.0,,-27000000.0,,2361000000.0,,,1634000000.0,,,1611000000.0,59000000.0,,,12973000000.0,9285000000.0,,,,27000000.0,11536000000.0,14062000000.0,2499000000.0,14035000000.0,-1331000000.0,975500000.0,487869000.0,493971000.0
Aflac Inc,AFL,549300N0B7DOGLXWPP39,4977,2008.0,FY,2008-01-01,2008-12-31,2011-02-25 17:16:27+00:00,775000000.0,0.06,2.65,1.24,,,,2.62,,,660000000.0,,29000000.0,,1254000000.0,1254000000.0,,1254000000.0,,-29000000.0,,1571000000.0,,,,,,1877000000.0,36000000.0,,,14947000000.0,10499000000.0,,,,29000000.0,13151000000.0,15094000000.0,1914000000.0,15065000000.0,-1460000000.0,20900000000.0,473405000.0,478815000.0
Aflac Inc,AFL,549300N0B7DOGLXWPP39,4977,2008.0,Q3,2008-07-01,2008-09-30,2009-11-06 17:03:13+00:00,181000000.0,0.21,0.21,0.24,0.0,0.0,0.0,0.21,0.0,0.0,48000000.0,0.0,7000000.0,0.0,0.0,0.0,0.0,,0.0,-7000000.0,0.0,40000000.0,0.0,0.0,-100000000.0,0.0,0.0,449000000.0,4000000.0,0.0,0.0,3647000000.0,2551000000.0,0.0,0.0,0.0,7000000.0,3181000000.0,3336000000.0,148000000.0,3329000000.0,-355000000.0,,475357000.0,480745000.0
Aflac Inc,AFL,549300N0B7DOGLXWPP39,4977,2008.0,Q2,2008-04-01,2008-06-30,2009-08-07 17:01:30+00:00,184000000.0,1.02,1.02,0.24,0.0,0.0,0.0,1.0,0.0,0.0,257000000.0,0.0,0.0,0.0,0.0,0.0,0.0,,0.0,,0.0,636000000.0,0.0,0.0,-483000000.0,0.0,0.0,475000000.0,16000000.0,0.0,0.0,3684000000.0,2575000000.0,0.0,0.0,0.0,,3234000000.0,3974000000.0,740000000.0,3974000000.0,-362000000.0,,474383000.0,480828000.0
Aflac Inc,AFL,549300N0B7DOGLXWPP39,4977,2009.0,Q4,2009-10-01,2009-12-31,,251000000.0,-2.61,0.54,,,,,0.53,,,91000000.0,,25000000.0,,-995000000.0,-995000000.0,,-995000000.0,,-25000000.0,,244000000.0,,,-1246000000.0,,,612000000.0,7000000.0,,,4346000000.0,2957000000.0,,,,25000000.0,3820000000.0,4187000000.0,342000000.0,4162000000.0,-410000000.0,24950000000.0,466552000.0,469063000.0
Aflac Inc,AFL,549300N0B7DOGLXWPP39,4977,2009.0,FY,2009-01-01,2009-12-31,2012-02-27 17:15:21+00:00,942000000.0,0.06,3.21,0.84,,,,3.19,,,738000000.0,,72000000.0,,1497000000.0,1497000000.0,,1497000000.0,,-72000000.0,,1553000000.0,,,,,,2129000000.0,80000000.0,,,16621000000.0,11308000000.0,,,,72000000.0,14379000000.0,16686000000.0,2235000000.0,16614000000.0,-1568000000.0,24950000000.0,466552000.0,469063000.0
Aflac Inc,AFL,549300N0B7DOGLXWPP39,4977,2009.0,Q3,2009-07-01,2009-09-30,2010-11-05 11:59:48+00:00,216000000.0,0.78,0.78,0.28,,,,0.77,,,186000000.0,,25000000.0,,726000000.0,726000000.0,,726000000.0,,-25000000.0,,345000000.0,,,363000000.0,,,531000000.0,16000000.0,,,4165000000.0,2817000000.0,,,,25000000.0,3564000000.0,4138000000.0,549000000.0,4113000000.0,-388000000.0,930800000.0,466586000.0,469714000.0
Aflac Inc,AFL,549300N0B7DOGLXWPP39,4977,2009.0,Q3YTD,2009-01-01,2009-09-30,,691000000.0,2.67,2.67,0.84,,,,2.66,,,647000000.0,,47000000.0,,2492000000.0,2492000000.0,,2492000000.0,,-47000000.0,,1309000000.0,,,1246000000.0,,,1517000000.0,73000000.0,,,12275000000.0,8351000000.0,,,,47000000.0,10559000000.0,12499000000.0,1893000000.0,12452000000.0,-1158000000.0,930800000.0,466586000.0,469714000.0
Aflac Inc,AFL,549300N0B7DOGLXWPP39,4977,2009.0,Q2,2009-04-01,2009-06-30,2010-08-06 19:18:09+00:00,225000000.0,0.67,0.67,0.28,,,,0.67,,,159000000.0,,14000000.0,,628000000.0,628000000.0,,628000000.0,,-14000000.0,,285000000.0,,,314000000.0,,,497000000.0,33000000.0,,,3995000000.0,2723000000.0,,,,14000000.0,3445000000.0,3932000000.0,473000000.0,3918000000.0,-381000000.0,937300000.0,466401000.0,468285000.0
Aflac Inc,AFL,549300N0B7DOGLXWPP39,4977,2009.0,Q2YTD,2009-01-01,2009-06-30,,475000000.0,1.89,1.89,0.56,,,,1.89,,,461000000.0,,22000000.0,,1766000000.0,1766000000.0,,1766000000.0,,-22000000.0,,964000000.0,,,883000000.0,,,986000000.0,57000000.0,,,8110000000.0,5534000000.0,,,,22000000.0,6995000000.0,8361000000.0,1344000000.0,8339000000.0,-770000000.0,937300000.0,466401000.0,468285000.0
Aflac Inc,AFL,549300N0B7DOGLXWPP39,4977,2009.0,Q1,2009-01-01,2009-03-31,2010-05-07 14:00:59+00:00,250000000.0,1.22,1.22,0.28,,,,1.22,,,302000000.0,,8000000.0,,1138000000.0,1138000000.0,,1138000000.0,,-8000000.0,,679000000.0,,,569000000.0,,,489000000.0,24000000.0,,,4115000000.0,2811000000.0,,,,8000000.0,3550000000.0,4429000000.0,871000000.0,4421000000.0,-389000000.0,932800000.0,466097000.0,467132000.0
Aflac Inc,AFL,549300N0B7DOGLXWPP39,4977,2010.0,Q4,2010-10-01,2010-12-31,,206000000.0,-4.01,0.89,0.3,,,,0.88,,,222000000.0,,44000000.0,,421000000.0,421000000.0,,421000000.0,,-44000000.0,,493000000.0,,,,,,714000000.0,15000000.0,,,4785000000.0,3262000000.0,,,,44000000.0,4182000000.0,4869000000.0,643000000.0,4825000000.0,-424000000.0,38800000000.0,469038000.0,473085000.0
Aflac Inc,AFL,549300N0B7DOGLXWPP39,4977,2010.0,FY,2010-01-01,2010-12-31,2013-02-26 17:57:39+00:00,958000000.0,0.06,4.96,1.14,,,,4.92,,,1233000000.0,,149000000.0,,2328000000.0,2328000000.0,,2328000000.0,,-149000000.0,,2585000000.0,,,,,,2321000000.0,74000000.0,,,18073000000.0,12106000000.0,,,,149000000.0,15385000000.0,19095000000.0,3561000000.0,18946000000.0,-1637000000.0,38800000000.0,469038000.0,473085000.0
Aflac Inc,AFL,549300N0B7DOGLXWPP39,4977,2010.0,Q3,2010-07-01,2010-09-30,2011-11-04 15:38:38+00:00,243000000.0,1.47,1.47,0.28,,,,1.46,,,365000000.0,,39000000.0,,690000000.0,690000000.0,,690000000.0,,-39000000.0,,774000000.0,,,,,,543000000.0,13000000.0,,,4607000000.0,3102000000.0,,,,39000000.0,3888000000.0,4982000000.0,1055000000.0,4943000000.0,-412000000.0,469400000.0,469868000.0,473569000.0
Aflac Inc,AFL,549300N0B7DOGLXWPP39,4977,2010.0,Q3YTD,2010-01-01,2010-09-30,,752000000.0,4.07,4.07,0.84,,,,4.04,,,1011000000.0,,105000000.0,,1907000000.0,1907000000.0,,1907000000.0,,-105000000.0,,2092000000.0,,,,,,1607000000.0,59000000.0,,,13288000000.0,8844000000.0,,,,105000000.0,11203000000.0,14226000000.0,2918000000.0,14121000000.0,-1213000000.0,469400000.0,469868000.0,473569000.0
Aflac Inc,AFL,549300N0B7DOGLXWPP39,4977,2010.0,Q3TTM,2009-10-01,2010-09-30,,1003000000.0,1.46,4.61,0.84,,,,4.57,,,1102000000.0,,130000000.0,,912000000.0,912000000.0,,912000000.0,,-130000000.0,,2336000000.0,,,-1246000000.0,,,2219000000.0,66000000.0,,,17634000000.0,11801000000.0,,,,130000000.0,15023000000.0,18413000000.0,3260000000.0,18283000000.0,-1623000000.0,469400000.0,469868000.0,473569000.0
Aflac Inc,AFL,549300N0B7DOGLXWPP39,4977,2010.0,Q2,2010-04-01,2010-06-30,2011-08-05 14:44:37+00:00,229000000.0,1.24,1.24,0.28,,,,1.23,,,308000000.0,,33000000.0,,581000000.0,581000000.0,,581000000.0,,-33000000.0,,638000000.0,,,,,,546000000.0,9000000.0,,,4333000000.0,2885000000.0,,,,33000000.0,3660000000.0,4582000000.0,889000000.0,4549000000.0,-398000000.0,468500000.0,468824000.0,472539000.0
Aflac Inc,AFL,549300N0B7DOGLXWPP39,4977,2010.0,Q2YTD,2010-01-01,2010-06-30,,509000000.0,2.6,2.6,0.56,,,,2.58,,,646000000.0,,66000000.0,,1217000000.0,1217000000.0,,1217000000.0,,-66000000.0,,1318000000.0,,,,,,1064000000.0,46000000.0,,,8681000000.0,5742000000.0,,,,66000000.0,7315000000.0,9244000000.0,1863000000.0,9178000000.0,-801000000.0,468500000.0,468824000.0,472539000.0
Aflac Inc,AFL,549300N0B7DOGLXWPP39,4977,2010.0,Q2TTM,2009-07-01,2010-06-30,,976000000.0,0.77,3.92,0.84,,,,3.88,,,923000000.0,,116000000.0,,948000000.0,948000000.0,,948000000.0,,-116000000.0,,1907000000.0,,,-883000000.0,,,2207000000.0,69000000.0,,,17192000000.0,11516000000.0,,,,116000000.0,14699000000.0,17569000000.0,2754000000.0,17453000000.0,-1599000000.0,468500000.0,468824000.0,472539000.0
Aflac Inc,AFL,549300N0B7DOGLXWPP39,4977,2010.0,Q1,2010-01-01,2010-03-31,2011-05-06 12:33:35+00:00,280000000.0,1.36,1.36,0.28,,,,1.35,,,338000000.0,,33000000.0,,636000000.0,636000000.0,,636000000.0,,-33000000.0,,680000000.0,,,,,,518000000.0,37000000.0,,,4348000000.0,2857000000.0,,,,33000000.0,3655000000.0,4662000000.0,974000000.0,4629000000.0,-403000000.0,467600000.0,467926000.0,472450000.0
Aflac Inc,AFL,549300N0B7DOGLXWPP39,4977,2010.0,Q1TTM,2009-04-01,2010-03-31,,972000000.0,0.2,3.35,0.84,,,,3.32,,,774000000.0,,97000000.0,,995000000.0,995000000.0,,995000000.0,,-97000000.0,,1554000000.0,,,-569000000.0,,,2158000000.0,93000000.0,,,16854000000.0,11354000000.0,,,,97000000.0,14484000000.0,16919000000.0,2338000000.0,16822000000.0,-1582000000.0,467600000.0,467926000.0,472450000.0
Aflac Inc,AFL,549300N0B7DOGLXWPP39,4977,2011.0,Q4,2011-10-01,2011-12-31,,257000000.0,-2.94,1.16,-0.9,,,,1.14,,,285000000.0,,98000000.0,,538000000.0,538000000.0,,538000000.0,,-98000000.0,,637000000.0,,,,,,813000000.0,18000000.0,,,5324000000.0,3700000000.0,,,,98000000.0,4770000000.0,5541000000.0,823000000.0,5443000000.0,-438000000.0,32283300000.0,466519000.0,469370000.0
Aflac Inc,AFL,549300N0B7DOGLXWPP39,4977,2011.0,FY,2011-01-01,2011-12-31,2014-02-27 17:18:49+00:00,1033000000.0,0.06,4.16,,,,,4.12,,,1013000000.0,,196000000.0,,1937000000.0,1937000000.0,,1937000000.0,,-196000000.0,,1728000000.0,,,,,,2518000000.0,81000000.0,,,20362000000.0,13749000000.0,,,,196000000.0,17300000000.0,20446000000.0,2950000000.0,20250000000.0,-1725000000.0,32283300000.0,466519000.0,469370000.0
Aflac Inc,AFL,549300N0B7DOGLXWPP39,4977,2011.0,Q3,2011-07-01,2011-09-30,2012-11-02 17:22:01+00:00,264000000.0,1.58,1.58,0.3,,,,1.57,,,356000000.0,,52000000.0,,736000000.0,736000000.0,,736000000.0,,-52000000.0,,760000000.0,,,,,,624000000.0,17000000.0,,,5210000000.0,3517000000.0,,,,52000000.0,4405000000.0,5549000000.0,1092000000.0,5497000000.0,-438000000.0,465800000.0,465910000.0,467793000.0
Aflac Inc,AFL,549300N0B7DOGLXWPP39,4977,2011.0,Q3YTD,2011-01-01,2011-09-30,,776000000.0,3.0,3.0,0.9,,,,2.98,,,728000000.0,,98000000.0,,1399000000.0,1399000000.0,,1399000000.0,,-98000000.0,,1091000000.0,,,,,,1705000000.0,63000000.0,,,15038000000.0,10049000000.0,,,,98000000.0,12530000000.0,14905000000.0,2127000000.0,14807000000.0,-1287000000.0,465800000.0,465910000.0,467793000.0
Aflac Inc,AFL,549300N0B7DOGLXWPP39,4977,2011.0,Q3TTM,2010-10-01,2011-09-30,,982000000.0,-1.01,3.89,1.2,,,,3.86,,,950000000.0,,142000000.0,,1820000000.0,1820000000.0,,1820000000.0,,-142000000.0,,1584000000.0,,,,,,2419000000.0,78000000.0,,,19823000000.0,13311000000.0,,,,142000000.0,16712000000.0,19774000000.0,2770000000.0,19632000000.0,-1711000000.0,465800000.0,465910000.0,467793000.0
Aflac Inc,AFL,549300N0B7DOGLXWPP39,4977,2011.0,Q2,2011-04-01,2011-06-30,2012-08-03 17:16:29+00:00,251000000.0,0.59,0.59,0.3,,,,0.58,,,170000000.0,,46000000.0,,274000000.0,274000000.0,,274000000.0,,-46000000.0,,116000000.0,,,,,,610000000.0,16000000.0,,,4956000000.0,3310000000.0,,,,46000000.0,4171000000.0,4661000000.0,444000000.0,4615000000.0,-427000000.0,464400000.0,466498000.0,469752000.0
Aflac Inc,AFL,549300N0B7DOGLXWPP39,4977,2011.0,Q2YTD,2011-01-01,2011-06-30,,512000000.0,1.42,1.42,0.6,,,,1.41,,,372000000.0,,46000000.0,,663000000.0,663000000.0,,663000000.0,,-46000000.0,,331000000.0,,,,,,1081000000.0,46000000.0,,,9828000000.0,6532000000.0,,,,46000000.0,8125000000.0,9356000000.0,1035000000.0,9310000000.0,-849000000.0,464400000.0,466498000.0,469752000.0
Aflac Inc,AFL,549300N0B7DOGLXWPP39,4977,2011.0,Q2TTM,2010-07-01,2011-06-30,,961000000.0,-1.12,3.78,1.18,,,,3.75,,,959000000.0,,129000000.0,,1774000000.0,1774000000.0,,1774000000.0,,-129000000.0,,1598000000.0,,,,,,2338000000.0,74000000.0,,,19220000000.0,12896000000.0,,,,129000000.0,16195000000.0,19207000000.0,2733000000.0,19078000000.0,-1685000000.0,464400000.0,466498000.0,469752000.0
Aflac Inc,AFL,549300N0B7DOGLXWPP39,4977,2011.0,Q1TTM,2010-04-01,2011-03-31,,939000000.0,-0.47,4.43,1.16,,,,4.4,,,1097000000.0,,116000000.0,,2081000000.0,2081000000.0,,2081000000.0,,-116000000.0,,2120000000.0,,,,,,2274000000.0,67000000.0,,,18597000000.0,12471000000.0,,,,116000000.0,15684000000.0,19128000000.0,3178000000.0,19012000000.0,-1656000000.0,468700000.0,468012000.0,472104000.0
Aflac Inc,AFL,549300N0B7DOGLXWPP39,4977,2012.0,Q4,2012-10-01,2012-12-31,,280000000.0,-4.83,1.25,0.35,,,,1.24,,,298000000.0,,75000000.0,,581000000.0,581000000.0,,581000000.0,,-75000000.0,,705000000.0,,,,,,717000000.0,27000000.0,,,5643000000.0,3989000000.0,,,,75000000.0,4986000000.0,5940000000.0,879000000.0,5865000000.0,-435000000.0,47766700000.0,466868000.0,469287000.0
Aflac Inc,AFL,549300N0B7DOGLXWPP39,4977,2012.0,FY,2012-01-01,2012-12-31,2015-02-26 17:22:44+00:00,1117000000.0,0.06,6.14,1.34,,,,6.11,,,1436000000.0,,261000000.0,,2866000000.0,2866000000.0,,2866000000.0,,-261000000.0,,3124000000.0,,,,,,2610000000.0,92000000.0,,,22148000000.0,15330000000.0,,,,261000000.0,19057000000.0,23620000000.0,4302000000.0,23359000000.0,-1744000000.0,47766700000.0,466868000.0,469287000.0
Aflac Inc,AFL,549300N0B7DOGLXWPP39,4977,2012.0,Q3,2012-07-01,2012-09-30,2013-11-05 13:51:24+00:00,281000000.0,2.17,2.17,0.33,,,,2.16,,,463000000.0,,67000000.0,,1017000000.0,1017000000.0,,1017000000.0,,-67000000.0,,1155000000.0,,,,,,645000000.0,32000000.0,,,5660000000.0,3932000000.0,,,,67000000.0,4858000000.0,6405000000.0,1480000000.0,6338000000.0,-442000000.0,468700000.0,467422000.0,469721000.0
Aflac Inc,AFL,549300N0B7DOGLXWPP39,4977,2012.0,Q3YTD,2012-01-01,2012-09-30,,837000000.0,4.89,4.89,0.99,,,,4.87,,,1138000000.0,,186000000.0,,2285000000.0,2285000000.0,,2285000000.0,,-186000000.0,,2419000000.0,,,,,,1893000000.0,65000000.0,,,16505000000.0,11341000000.0,,,,186000000.0,14071000000.0,17680000000.0,3423000000.0,17494000000.0,-1309000000.0,468700000.0,467422000.0,469721000.0
Aflac Inc,AFL,549300N0B7DOGLXWPP39,4977,2012.0,Q3TTM,2011-10-01,2012-09-30,,1094000000.0,1.95,6.05,0.09,,,,6.01,,,1423000000.0,,284000000.0,,2823000000.0,2823000000.0,,2823000000.0,,-284000000.0,,3056000000.0,,,,,,2706000000.0,83000000.0,,,21829000000.0,15041000000.0,,,,284000000.0,18841000000.0,23221000000.0,4246000000.0,22937000000.0,-1747000000.0,468700000.0,467422000.0,469721000.0
Aflac Inc,AFL,549300N0B7DOGLXWPP39,4977,2012.0,Q2,2012-04-01,2012-06-30,2013-08-06 15:19:22+00:00,269000000.0,1.04,1.04,0.33,,,,1.03,,,258000000.0,,62000000.0,,483000000.0,483000000.0,,483000000.0,,-62000000.0,,427000000.0,,,,,,635000000.0,8000000.0,,,5467000000.0,3763000000.0,,,,62000000.0,4667000000.0,5470000000.0,741000000.0,5408000000.0,-432000000.0,464400000.0,466788000.0,468590000.0
Aflac Inc,AFL,549300N0B7DOGLXWPP39,4977,2012.0,Q2YTD,2012-01-01,2012-06-30,,556000000.0,2.72,2.72,0.66,,,,2.71,,,675000000.0,,119000000.0,,1268000000.0,1268000000.0,,1268000000.0,,-119000000.0,,1264000000.0,,,,,,1248000000.0,33000000.0,,,10845000000.0,7409000000.0,,,,119000000.0,9213000000.0,11275000000.0,1943000000.0,11156000000.0,-867000000.0,464400000.0,466788000.0,468590000.0
Aflac Inc,AFL,549300N0B7DOGLXWPP39,4977,2012.0,Q2TTM,2011-07-01,2012-06-30,,1077000000.0,1.36,5.46,0.06,,,,5.42,,,1316000000.0,,269000000.0,,2542000000.0,2542000000.0,,2542000000.0,,-269000000.0,,2661000000.0,,,,,,2685000000.0,68000000.0,,,21379000000.0,14626000000.0,,,,269000000.0,18388000000.0,22365000000.0,3858000000.0,22096000000.0,-1743000000.0,464400000.0,466788000.0,468590000.0
Aflac Inc,AFL,549300N0B7DOGLXWPP39,4977,2012.0,Q1,2012-01-01,2012-03-31,2013-05-03 17:54:00+00:00,287000000.0,1.68,1.68,0.33,,,,1.68,,,417000000.0,,57000000.0,,785000000.0,785000000.0,,785000000.0,,-57000000.0,,837000000.0,,,,,,613000000.0,25000000.0,,,5378000000.0,3646000000.0,,,,57000000.0,4546000000.0,5805000000.0,1202000000.0,5748000000.0,-435000000.0,467300000.0,465887000.0,468533000.0
Aflac Inc,AFL,549300N0B7DOGLXWPP39,4977,2012.0,Q1TTM,2011-04-01,2012-03-31,,1059000000.0,0.91,5.01,0.03,,,,4.97,,,1228000000.0,,253000000.0,,2333000000.0,2333000000.0,,2333000000.0,,-253000000.0,,2350000000.0,,,,,,2660000000.0,76000000.0,,,20868000000.0,14173000000.0,,,,253000000.0,17892000000.0,21556000000.0,3561000000.0,21303000000.0,-1738000000.0,467300000.0,465887000.0,468533000.0
Aflac Inc,AFL,549300N0B7DOGLXWPP39,4977,2013.0,FY,2013-01-01,2013-12-31,2016-02-25 17:29:29+00:00,1074000000.0,0.05,6.8,1.42,,,,6.76,,,1658000000.0,,293000000.0,,3158000000.0,3158000000.0,,3158000000.0,,-293000000.0,,3692000000.0,,,,,112000000.0,2415000000.0,,,,20135000000.0,13813000000.0,,,,293000000.0,17302000000.0,22411000000.0,4816000000.0,22118000000.0,-1528000000.0,63160000000.0,464502000.0,467408000.0
Aflac Inc,AFL,549300N0B7DOGLXWPP39,4977,2013.0,Q4,2013-10-01,2013-12-31,,284000000.0,-5.28,1.47,0.37,,,,1.46,,,353000000.0,,82000000.0,,675000000.0,675000000.0,,675000000.0,,-82000000.0,,846000000.0,,,,,112000000.0,641000000.0,-67000000.0,,,4910000000.0,3396000000.0,,,,82000000.0,4321000000.0,5431000000.0,1028000000.0,5349000000.0,-370000000.0,63160000000.0,464502000.0,467408000.0
Aflac Inc,AFL,549300N0B7DOGLXWPP39,4977,2013.0,Q3YTD,2013-01-01,2013-09-30,,790000000.0,5.33,5.33,1.05,,,,5.3,,,1305000000.0,,211000000.0,,2483000000.0,2483000000.0,,2483000000.0,,-211000000.0,,2846000000.0,,,,,,1774000000.0,67000000.0,,,15225000000.0,10417000000.0,,,,211000000.0,12981000000.0,16980000000.0,3788000000.0,16769000000.0,-1158000000.0,464900000.0,464324000.0,467391000.0
Aflac Inc,AFL,549300N0B7DOGLXWPP39,4977,2013.0,Q3TTM,2012-10-01,2013-09-30,,1070000000.0,0.5,6.58,1.4,,,,6.54,,,1603000000.0,,286000000.0,,3064000000.0,3064000000.0,,3064000000.0,,-286000000.0,,3551000000.0,,,,,,2491000000.0,94000000.0,,,20868000000.0,14406000000.0,,,,286000000.0,17967000000.0,22920000000.0,4667000000.0,22634000000.0,-1593000000.0,464900000.0,464324000.0,467391000.0
Aflac Inc,AFL,549300N0B7DOGLXWPP39,4977,2013.0,Q3,2013-07-01,2013-09-30,2014-11-03 16:37:25+00:00,256000000.0,1.51,1.51,0.35,,,,1.5,,,367000000.0,,71000000.0,,702000000.0,702000000.0,,702000000.0,,-71000000.0,,843000000.0,,,,,,617000000.0,15000000.0,,,5028000000.0,3485000000.0,,,,71000000.0,4358000000.0,5498000000.0,1069000000.0,5427000000.0,-388000000.0,464900000.0,464324000.0,467391000.0
Aflac Inc,AFL,549300N0B7DOGLXWPP39,4977,2013.0,Q2,2013-04-01,2013-06-30,2014-08-05 17:02:15+00:00,251000000.0,1.91,1.91,0.35,,,,1.9,,,469000000.0,,69000000.0,,889000000.0,889000000.0,,889000000.0,,-69000000.0,,1014000000.0,,,,,,577000000.0,17000000.0,,,5013000000.0,3411000000.0,,,,69000000.0,4239000000.0,5666000000.0,1358000000.0,5597000000.0,-378000000.0,465400000.0,465213000.0,467975000.0
Aflac Inc,AFL,549300N0B7DOGLXWPP39,4977,2013.0,Q2YTD,2013-01-01,2013-06-30,,534000000.0,3.82,3.82,0.7,,,,3.8,,,938000000.0,,140000000.0,,1781000000.0,1781000000.0,,1781000000.0,,-140000000.0,,2003000000.0,,,,,,1157000000.0,52000000.0,,,10197000000.0,6932000000.0,,,,140000000.0,8623000000.0,11482000000.0,2719000000.0,11342000000.0,-770000000.0,465400000.0,465213000.0,467975000.0
Aflac Inc,AFL,549300N0B7DOGLXWPP39,4977,2013.0,Q2TTM,2012-07-01,2013-06-30,,1095000000.0,1.16,7.24,1.38,,,,7.2,,,1699000000.0,,282000000.0,,3379000000.0,3379000000.0,,3379000000.0,,-282000000.0,,3863000000.0,,,,,,2519000000.0,111000000.0,,,21500000000.0,14853000000.0,,,,282000000.0,18467000000.0,23827000000.0,5078000000.0,23545000000.0,-1647000000.0,465400000.0,465213000.0,467975000.0
Aflac Inc,AFL,549300N0B7DOGLXWPP39,4977,2013.0,Q1,2013-01-01,2013-03-31,2014-05-02 17:08:13+00:00,283000000.0,1.91,1.91,0.35,,,,1.9,,,469000000.0,,71000000.0,,892000000.0,892000000.0,,892000000.0,,-71000000.0,,989000000.0,,,,,,580000000.0,35000000.0,,,5184000000.0,3521000000.0,,,,71000000.0,4384000000.0,5816000000.0,1361000000.0,5745000000.0,-392000000.0,467000000.0,466462000.0,469124000.0
Aflac Inc,AFL,549300N0B7DOGLXWPP39,4977,2013.0,Q1TTM,2012-04-01,2013-03-31,,1113000000.0,0.29,6.37,1.36,,,,6.33,,,1488000000.0,,275000000.0,,2973000000.0,2973000000.0,,2973000000.0,,-275000000.0,,3276000000.0,,,,,,2577000000.0,102000000.0,,,21954000000.0,15205000000.0,,,,275000000.0,18895000000.0,23631000000.0,4461000000.0,23356000000.0,-1701000000.0,467000000.0,466462000.0,469124000.0
Aflac Inc,AFL,549300N0B7DOGLXWPP39,4977,2014.0,FY,2014-01-01,2014-12-31,2017-02-24 13:23:26+00:00,1108000000.0,0.06,6.54,1.5,,,,6.5,,,1540000000.0,,317000000.0,,2951000000.0,2951000000.0,,2951000000.0,,-317000000.0,,3534000000.0,,,,,122000000.0,2439000000.0,,,,19072000000.0,12937000000.0,,,,317000000.0,16484000000.0,21292000000.0,4491000000.0,20975000000.0,-1436000000.0,49183300000.0,451204000.0,454000000.0
Aflac Inc,AFL,549300N0B7DOGLXWPP39,4977,2014.0,Q4,2014-10-01,2014-12-31,,267000000.0,-4.9,1.58,0.39,,,,1.56,,,372000000.0,,79000000.0,,703000000.0,703000000.0,,703000000.0,,-79000000.0,,951000000.0,,,,,122000000.0,684000000.0,-48000000.0,,,4489000000.0,3069000000.0,,,,79000000.0,4020000000.0,5174000000.0,1075000000.0,5095000000.0,-340000000.0,49183300000.0,451204000.0,454000000.0
Aflac Inc,AFL,549300N0B7DOGLXWPP39,4977,2014.0,Q3YTD,2014-01-01,2014-09-30,,841000000.0,4.96,4.96,1.11,,,,4.94,,,1168000000.0,,238000000.0,,2248000000.0,2248000000.0,,2248000000.0,,-238000000.0,,2583000000.0,,,,,,1755000000.0,48000000.0,,,14583000000.0,9868000000.0,,,,238000000.0,12464000000.0,16118000000.0,3416000000.0,15880000000.0,-1096000000.0,452600000.0,451246000.0,453981000.0
Aflac Inc,AFL,549300N0B7DOGLXWPP39,4977,2014.0,Q3TTM,2013-10-01,2014-09-30,,1125000000.0,-0.32,6.43,1.48,,,,6.4,,,1521000000.0,,320000000.0,,2923000000.0,2923000000.0,,2923000000.0,,-320000000.0,,3429000000.0,,,,,112000000.0,2396000000.0,-19000000.0,,,19493000000.0,13264000000.0,,,,320000000.0,16785000000.0,21549000000.0,4444000000.0,21229000000.0,-1466000000.0,452600000.0,451246000.0,453981000.0
Aflac Inc,AFL,549300N0B7DOGLXWPP39,4977,2014.0,Q3,2014-07-01,2014-09-30,2015-11-03 17:02:00+00:00,271000000.0,1.56,1.56,0.37,,,,1.56,,,368000000.0,,77000000.0,,706000000.0,706000000.0,,706000000.0,,-77000000.0,,857000000.0,,,,,,598000000.0,38000000.0,,,4841000000.0,3355000000.0,,,,77000000.0,4224000000.0,5375000000.0,1074000000.0,5298000000.0,-361000000.0,452600000.0,451246000.0,453981000.0
Aflac Inc,AFL,549300N0B7DOGLXWPP39,4977,2014.0,Q2YTD,2014-01-01,2014-06-30,,570000000.0,3.4,3.4,0.74,,,,3.38,,,800000000.0,,161000000.0,,1542000000.0,1542000000.0,,1542000000.0,,-161000000.0,,1726000000.0,,,,,,1157000000.0,10000000.0,,,9742000000.0,6513000000.0,,,,161000000.0,8240000000.0,10743000000.0,2342000000.0,10582000000.0,-735000000.0,452500000.0,452559000.0,455380000.0
Aflac Inc,AFL,549300N0B7DOGLXWPP39,4977,2014.0,Q2TTM,2013-07-01,2014-06-30,,1110000000.0,-0.37,6.38,1.46,,,,6.34,,,1520000000.0,,314000000.0,,2919000000.0,2919000000.0,,2919000000.0,,-314000000.0,,3415000000.0,,,,,112000000.0,2415000000.0,-42000000.0,,,19680000000.0,13394000000.0,,,,314000000.0,16919000000.0,21672000000.0,4439000000.0,21358000000.0,-1493000000.0,452500000.0,452559000.0,455380000.0
Aflac Inc,AFL,549300N0B7DOGLXWPP39,4977,2014.0,Q2,2014-04-01,2014-06-30,2015-08-04 16:09:47+00:00,276000000.0,1.79,1.79,0.37,,,,1.78,,,428000000.0,,81000000.0,,810000000.0,810000000.0,,810000000.0,,-81000000.0,,945000000.0,,,,,,581000000.0,5000000.0,,,4888000000.0,3293000000.0,,,,81000000.0,4150000000.0,5469000000.0,1238000000.0,5388000000.0,-369000000.0,452500000.0,452559000.0,455380000.0
Aflac Inc,AFL,549300N0B7DOGLXWPP39,4977,2014.0,Q1TTM,2013-04-01,2014-03-31,,1085000000.0,-0.25,6.5,1.44,,,,6.46,,,1561000000.0,,302000000.0,,2998000000.0,2998000000.0,,2998000000.0,,-302000000.0,,3484000000.0,,,,,112000000.0,2411000000.0,-30000000.0,,,19805000000.0,13512000000.0,,,,302000000.0,17008000000.0,21869000000.0,4559000000.0,21567000000.0,-1502000000.0,454700000.0,454731000.0,457699000.0
Aflac Inc,AFL,549300N0B7DOGLXWPP39,4977,2014.0,Q1,2014-01-01,2014-03-31,2015-05-01 16:30:03+00:00,294000000.0,1.61,1.61,0.37,,,,1.6,,,372000000.0,,80000000.0,,732000000.0,732000000.0,,732000000.0,,-80000000.0,,781000000.0,,,,,,576000000.0,5000000.0,,,4854000000.0,3220000000.0,,,,80000000.0,4090000000.0,5274000000.0,1104000000.0,5194000000.0,-366000000.0,454700000.0,454731000.0,457699000.0
Aflac Inc,AFL,549300N0B7DOGLXWPP39,4977,2015.0,FY,2015-01-01,2015-12-31,2018-02-22 21:55:11+00:00,1066000000.0,0.06,5.88,,,,,5.85,,,1329000000.0,,289000000.0,,2533000000.0,2533000000.0,,2533000000.0,,-289000000.0,,3241000000.0,,,,,61000000.0,2606000000.0,,,,17570000000.0,11746000000.0,,,,289000000.0,15418000000.0,19569000000.0,3862000000.0,19280000000.0,-1303000000.0,42216700000.0,430654000.0,433172000.0
Aflac Inc,AFL,549300N0B7DOGLXWPP39,4977,2015.0,Q4,2015-10-01,2015-12-31,,276000000.0,1.7,1.7,0.39,,,,1.7,,,381000000.0,,65000000.0,,730000000.0,730000000.0,,730000000.0,,-65000000.0,,872000000.0,,,,,53000000.0,615000000.0,,,,4394000000.0,2930000000.0,,,,65000000.0,3821000000.0,4997000000.0,1111000000.0,4932000000.0,-322000000.0,42216700000.0,430654000.0,433172000.0
Aflac Inc,AFL,549300N0B7DOGLXWPP39,4977,2015.0,Q3,2015-07-01,2015-09-30,2016-11-04 14:59:54+00:00,258000000.0,1.32,1.32,0.39,,,,1.32,,,297000000.0,,67000000.0,,567000000.0,567000000.0,,567000000.0,,-67000000.0,,670000000.0,,,,,-10000000.0,598000000.0,,,,4380000000.0,2927000000.0,,,,67000000.0,3783000000.0,4714000000.0,864000000.0,4647000000.0,-326000000.0,429500000.0,428735000.0,431102000.0
Aflac Inc,AFL,549300N0B7DOGLXWPP39,4977,2015.0,Q3YTD,2015-01-01,2015-09-30,,790000000.0,4.21,4.21,1.14,,,,4.21,,,948000000.0,,224000000.0,,1803000000.0,1803000000.0,,1803000000.0,,-224000000.0,,2369000000.0,,,,,8000000.0,1991000000.0,,,,13176000000.0,8816000000.0,,,,224000000.0,11597000000.0,14572000000.0,2751000000.0,14348000000.0,-981000000.0,429500000.0,428735000.0,431102000.0
Aflac Inc,AFL,549300N0B7DOGLXWPP39,4977,2015.0,Q3TTM,2014-10-01,2015-09-30,,1057000000.0,5.85,5.85,1.53,,,,5.85,,,1320000000.0,,303000000.0,,2506000000.0,2506000000.0,,2506000000.0,,-303000000.0,,3320000000.0,,,,,130000000.0,2675000000.0,-48000000.0,,,17665000000.0,11885000000.0,,,,303000000.0,15617000000.0,19746000000.0,3826000000.0,19443000000.0,-1321000000.0,429500000.0,428735000.0,431102000.0
Aflac Inc,AFL,549300N0B7DOGLXWPP39,4977,2015.0,Q2,2015-04-01,2015-06-30,2016-08-05 16:56:54+00:00,255000000.0,1.33,1.33,0.39,,,,1.32,,,301000000.0,,74000000.0,,573000000.0,573000000.0,,573000000.0,,-74000000.0,,904000000.0,,,,,19000000.0,822000000.0,,,,4364000000.0,2937000000.0,,,,74000000.0,4014000000.0,4962000000.0,874000000.0,4888000000.0,-325000000.0,430800000.0,431672000.0,434257000.0
Aflac Inc,AFL,549300N0B7DOGLXWPP39,4977,2015.0,Q2YTD,2015-01-01,2015-06-30,,532000000.0,2.86,2.86,0.76,,,,2.86,,,651000000.0,,157000000.0,,1236000000.0,1236000000.0,,1236000000.0,,-157000000.0,,1699000000.0,,,,,18000000.0,1393000000.0,,,,8796000000.0,5889000000.0,,,,157000000.0,7814000000.0,9858000000.0,1887000000.0,9701000000.0,-655000000.0,430800000.0,431672000.0,434257000.0
Aflac Inc,AFL,549300N0B7DOGLXWPP39,4977,2015.0,Q2TTM,2014-07-01,2015-06-30,,1070000000.0,6.13,6.13,1.52,,,,6.13,,,1391000000.0,,313000000.0,,2645000000.0,2645000000.0,,2645000000.0,,-313000000.0,,3507000000.0,,,,,140000000.0,2675000000.0,-10000000.0,,,18126000000.0,12313000000.0,,,,313000000.0,16058000000.0,20407000000.0,4036000000.0,20094000000.0,-1356000000.0,430800000.0,431672000.0,434257000.0
Aflac Inc,AFL,549300N0B7DOGLXWPP39,4977,2015.0,Q1,2015-01-01,2015-03-31,2016-05-04 16:28:59+00:00,277000000.0,1.52,1.52,0.39,,,,1.51,,,350000000.0,,83000000.0,,663000000.0,663000000.0,,663000000.0,,-83000000.0,,795000000.0,,,,,-1000000.0,571000000.0,,,,4432000000.0,2952000000.0,,,,83000000.0,3800000000.0,4896000000.0,1013000000.0,4813000000.0,-330000000.0,436200000.0,437306000.0,439927000.0
Aflac Inc,AFL,549300N0B7DOGLXWPP39,4977,2015.0,Q1TTM,2014-04-01,2015-03-31,,1091000000.0,6.59,6.59,1.5,,,,6.59,,,1518000000.0,,320000000.0,,2882000000.0,2882000000.0,,2882000000.0,,-320000000.0,,3548000000.0,,,,,121000000.0,2434000000.0,-5000000.0,,,18650000000.0,12669000000.0,,,,320000000.0,16194000000.0,20914000000.0,4400000000.0,20594000000.0,-1400000000.0,436200000.0,437306000.0,439927000.0
Aflac Inc,AFL,549300N0B7DOGLXWPP39,4977,2016.0,FY,2016-01-01,2016-12-31,2019-02-25 17:04:08+00:00,1141000000.0,3.23,3.23,,,,,3.21,,,1408000000.0,,268000000.0,,2659000000.0,2659000000.0,,2659000000.0,,-268000000.0,,3264000000.0,,,,,70000000.0,2796000000.0,,,,19225000000.0,12919000000.0,,,,268000000.0,16856000000.0,21191000000.0,4067000000.0,20923000000.0,-1368000000.0,823200000.0,822942000.0,827841000.0
Aflac Inc,AFL,549300N0B7DOGLXWPP39,4977,2016.0,Q4,2016-10-01,2016-12-31,,283000000.0,0.91,0.91,0.2,,,,0.91,,,402000000.0,,72000000.0,,751000000.0,751000000.0,,751000000.0,,-72000000.0,,1156000000.0,,,,,21000000.0,848000000.0,,,,4778000000.0,3262000000.0,,,,72000000.0,4393000000.0,5618000000.0,1153000000.0,5546000000.0,-337000000.0,823200000.0,822942000.0,827841000.0
Aflac Inc,AFL,549300N0B7DOGLXWPP39,4977,2016.0,Q3,2016-07-01,2016-09-30,2017-11-02 17:29:25+00:00,282000000.0,1.54,1.54,0.41,,,,1.53,,,334000000.0,,65000000.0,,629000000.0,629000000.0,,629000000.0,,-65000000.0,,678000000.0,,,,,16000000.0,675000000.0,,,,5022000000.0,3378000000.0,,,,65000000.0,4335000000.0,5363000000.0,963000000.0,5298000000.0,-353000000.0,408400000.0,408519000.0,411140000.0
Aflac Inc,AFL,549300N0B7DOGLXWPP39,4977,2016.0,Q3YTD,2016-01-01,2016-09-30,,858000000.0,4.67,4.67,1.2,,,,4.67,,,1006000000.0,,196000000.0,,1908000000.0,1908000000.0,,1908000000.0,,-196000000.0,,2108000000.0,,,,,49000000.0,1948000000.0,,,,14447000000.0,9657000000.0,,,,196000000.0,12463000000.0,15573000000.0,2914000000.0,15377000000.0,-1031000000.0,408400000.0,408519000.0,411140000.0
Aflac Inc,AFL,549300N0B7DOGLXWPP39,4977,2016.0,Q3TTM,2015-10-01,2016-09-30,,1134000000.0,6.46,6.46,1.61,,,,6.46,,,1387000000.0,,261000000.0,,2638000000.0,2638000000.0,,2638000000.0,,-261000000.0,,2980000000.0,,,,,102000000.0,2563000000.0,,,,18841000000.0,12587000000.0,,,,261000000.0,16284000000.0,20570000000.0,4025000000.0,20309000000.0,-1353000000.0,408400000.0,408519000.0,411140000.0
Aflac Inc,AFL,549300N0B7DOGLXWPP39,4977,2016.0,Q2,2016-04-01,2016-06-30,2017-08-03 17:25:11+00:00,284000000.0,1.33,1.33,0.41,,,,1.32,,,286000000.0,,66000000.0,,548000000.0,548000000.0,,548000000.0,,-66000000.0,,599000000.0,,,,,15000000.0,654000000.0,,,,4823000000.0,3254000000.0,,,,66000000.0,4192000000.0,5092000000.0,834000000.0,5026000000.0,-345000000.0,412000000.0,411853000.0,414326000.0
Aflac Inc,AFL,549300N0B7DOGLXWPP39,4977,2016.0,Q2YTD,2016-01-01,2016-06-30,,576000000.0,3.11,3.11,0.8,,,,3.11,,,672000000.0,,131000000.0,,1279000000.0,1279000000.0,,1279000000.0,,-131000000.0,,1430000000.0,,,,,33000000.0,1273000000.0,,,,9425000000.0,6279000000.0,,,,131000000.0,8128000000.0,10210000000.0,1951000000.0,10079000000.0,-678000000.0,412000000.0,411853000.0,414326000.0
Aflac Inc,AFL,549300N0B7DOGLXWPP39,4977,2016.0,Q2TTM,2015-07-01,2016-06-30,,1110000000.0,6.25,6.25,1.6,,,,6.25,,,1350000000.0,,263000000.0,,2576000000.0,2576000000.0,,2576000000.0,,-263000000.0,,2972000000.0,,,,,76000000.0,2486000000.0,,,,18199000000.0,12136000000.0,,,,263000000.0,15732000000.0,19921000000.0,3926000000.0,19658000000.0,-1326000000.0,412000000.0,411853000.0,414326000.0
Aflac Inc,AFL,549300N0B7DOGLXWPP39,4977,2016.0,Q1TTM,2015-04-01,2016-03-31,,1081000000.0,6.21,6.21,1.57,,,,6.21,,,1365000000.0,,271000000.0,,2601000000.0,2601000000.0,,2601000000.0,,-271000000.0,,3277000000.0,,,,,80000000.0,2654000000.0,,,,17740000000.0,11819000000.0,,,,271000000.0,15554000000.0,19791000000.0,3966000000.0,19520000000.0,-1306000000.0,417700000.0,418748000.0,420920000.0
Aflac Inc,AFL,549300N0B7DOGLXWPP39,4977,2017.0,FY,2017-01-01,2017-12-31,2019-02-25 17:04:08+00:00,1132000000.0,5.81,5.81,,,,,5.77,,,-586000000.0,,240000000.0,,4604000000.0,4604000000.0,,4604000000.0,,-240000000.0,,3069000000.0,,,,,67000000.0,2780000000.0,,,,18531000000.0,12181000000.0,,,,240000000.0,16093000000.0,20351000000.0,4018000000.0,20111000000.0,-1316000000.0,792400000.0,792042000.0,797861000.0
Aflac Inc,AFL,549300N0B7DOGLXWPP39,4977,2017.0,Q4,2017-10-01,2017-12-31,,284000000.0,3.26,3.26,0.21,,,,3.26,,,-1583000000.0,,58000000.0,,2583000000.0,2583000000.0,,2583000000.0,,-58000000.0,,828000000.0,,,,,16000000.0,754000000.0,,,,4580000000.0,3007000000.0,,,,58000000.0,4045000000.0,5103000000.0,1000000000.0,5045000000.0,-321000000.0,792400000.0,792042000.0,797861000.0
Aflac Inc,AFL,549300N0B7DOGLXWPP39,4977,2017.0,Q3,2017-07-01,2017-09-30,2018-11-01 13:46:07+00:00,271000000.0,0.91,0.91,0.22,,,,0.9,,,359000000.0,,59000000.0,,716000000.0,716000000.0,,716000000.0,,-59000000.0,,841000000.0,,,,,17000000.0,686000000.0,,,,4648000000.0,3083000000.0,,,,59000000.0,4040000000.0,5174000000.0,1075000000.0,5115000000.0,-332000000.0,786800000.0,788958000.0,794762000.0
Aflac Inc,AFL,549300N0B7DOGLXWPP39,4977,2017.0,Q3YTD,2017-01-01,2017-09-30,,848000000.0,2.56,2.56,0.62,,,,2.56,,,997000000.0,,182000000.0,,2021000000.0,2021000000.0,,2021000000.0,,-182000000.0,,2241000000.0,,,,,51000000.0,2026000000.0,,,,13951000000.0,9174000000.0,,,,182000000.0,12048000000.0,15248000000.0,3018000000.0,15066000000.0,-995000000.0,786800000.0,788958000.0,794762000.0
Aflac Inc,AFL,549300N0B7DOGLXWPP39,4977,2017.0,Q3TTM,2016-10-01,2017-09-30,,1131000000.0,3.51,3.51,0.83,,,,3.51,,,1399000000.0,,254000000.0,,2772000000.0,2772000000.0,,2772000000.0,,-254000000.0,,3397000000.0,,,,,72000000.0,2874000000.0,,,,18729000000.0,12436000000.0,,,,254000000.0,16441000000.0,20866000000.0,4171000000.0,20612000000.0,-1332000000.0,786800000.0,788958000.0,794762000.0
Aflac Inc,AFL,549300N0B7DOGLXWPP39,4977,2017.0,Q2,2017-04-01,2017-06-30,2018-08-03 17:32:36+00:00,283000000.0,0.9,0.9,0.22,,,,0.89,,,332000000.0,,61000000.0,,713000000.0,713000000.0,,713000000.0,,-61000000.0,,746000000.0,,,,,17000000.0,665000000.0,,,,4665000000.0,3039000000.0,,,,61000000.0,3987000000.0,5093000000.0,1045000000.0,5032000000.0,-335000000.0,792200000.0,792865000.0,798695000.0
Aflac Inc,AFL,549300N0B7DOGLXWPP39,4977,2017.0,Q2YTD,2017-01-01,2017-06-30,,577000000.0,1.65,1.65,0.41,,,,1.65,,,638000000.0,,123000000.0,,1305000000.0,1305000000.0,,1305000000.0,,-123000000.0,,1400000000.0,,,,,34000000.0,1340000000.0,,,,9303000000.0,6091000000.0,,,,123000000.0,8008000000.0,10074000000.0,1943000000.0,9951000000.0,-663000000.0,792200000.0,792865000.0,798695000.0
Aflac Inc,AFL,549300N0B7DOGLXWPP39,4977,2017.0,Q2TTM,2016-07-01,2017-06-30,,1142000000.0,3.39,3.39,0.83,,,,3.39,,,1374000000.0,,260000000.0,,2685000000.0,2685000000.0,,2685000000.0,,-260000000.0,,3234000000.0,,,,,71000000.0,2863000000.0,,,,19103000000.0,12731000000.0,,,,260000000.0,16736000000.0,21055000000.0,4059000000.0,20795000000.0,-1353000000.0,792200000.0,792865000.0,798695000.0
Aflac Inc,AFL,549300N0B7DOGLXWPP39,4977,2017.0,Q1,2017-01-01,2017-03-31,2018-05-03 18:12:53+00:00,294000000.0,0.74,0.74,0.22,,,,0.73,,,306000000.0,,62000000.0,,592000000.0,592000000.0,,592000000.0,,-62000000.0,,654000000.0,,,,,17000000.0,675000000.0,,,,4638000000.0,3052000000.0,,,,62000000.0,4021000000.0,4981000000.0,898000000.0,4919000000.0,-328000000.0,800000000.0,802259000.0,808138000.0
Aflac Inc,AFL,549300N0B7DOGLXWPP39,4977,2017.0,Q1TTM,2016-04-01,2017-03-31,,1143000000.0,3.14,3.14,0.82,,,,3.14,,,1328000000.0,,265000000.0,,2520000000.0,2520000000.0,,2520000000.0,,-265000000.0,,3087000000.0,,,,,69000000.0,2852000000.0,,,,19261000000.0,12946000000.0,,,,265000000.0,16941000000.0,21054000000.0,3848000000.0,20789000000.0,-1363000000.0,800000000.0,802259000.0,808138000.0
Aflac Inc,AFL,549300N0B7DOGLXWPP39,4977,2018.0,FY,2018-01-01,2018-12-31,2019-02-25 17:04:08+00:00,1245000000.0,3.79,3.79,,,,,3.77,,,1063000000.0,,222000000.0,,2920000000.0,2920000000.0,,2920000000.0,,-222000000.0,,3012000000.0,,,,,69000000.0,2988000000.0,,,,18677000000.0,12000000000.0,,,,222000000.0,16233000000.0,20438000000.0,3983000000.0,20216000000.0,-1320000000.0,770400000.0,769588000.0,774650000.0
Aflac Inc,AFL,549300N0B7DOGLXWPP39,4977,2018.0,Q4,2018-10-01,2018-12-31,,313000000.0,0.68,0.68,0.26,,,,0.68,,,198000000.0,,59000000.0,,526000000.0,526000000.0,,526000000.0,,-59000000.0,,518000000.0,,,,,20000000.0,793000000.0,,,,4590000000.0,2925000000.0,,,,59000000.0,4031000000.0,4814000000.0,724000000.0,4755000000.0,-314000000.0,770400000.0,769588000.0,774650000.0
Aflac Inc,AFL,549300N0B7DOGLXWPP39,4977,2018.0,Q3,2018-07-01,2018-09-30,2019-10-25 12:32:15+00:00,315000000.0,1.1,1.1,0.26,,,,1.09,,,301000000.0,,53000000.0,,845000000.0,845000000.0,,845000000.0,,-53000000.0,,926000000.0,,,,,15000000.0,730000000.0,,,,4636000000.0,3002000000.0,,,,53000000.0,4047000000.0,5246000000.0,1146000000.0,5193000000.0,-331000000.0,768200000.0,767049000.0,772070000.0
Aflac Inc,AFL,549300N0B7DOGLXWPP39,4977,2018.0,Q3YTD,2018-01-01,2018-09-30,,932000000.0,3.12,3.12,0.78,,,,3.12,,,865000000.0,,163000000.0,,2394000000.0,2394000000.0,,2394000000.0,,-163000000.0,,2494000000.0,,,,,49000000.0,2195000000.0,,,,14087000000.0,9075000000.0,,,,163000000.0,12202000000.0,15624000000.0,3259000000.0,15461000000.0,-1006000000.0,768200000.0,767049000.0,772070000.0
Aflac Inc,AFL,549300N0B7DOGLXWPP39,4977,2018.0,Q3TTM,2017-10-01,2018-09-30,,1216000000.0,6.49,6.49,1.0,,,,6.49,,,-718000000.0,,221000000.0,,4977000000.0,4977000000.0,,4977000000.0,,-221000000.0,,3322000000.0,,,,,65000000.0,2949000000.0,,,,18667000000.0,12082000000.0,,,,221000000.0,16247000000.0,20727000000.0,4259000000.0,20506000000.0,-1327000000.0,768200000.0,767049000.0,772070000.0
Aflac Inc,AFL,549300N0B7DOGLXWPP39,4977,2018.0,Q2,2018-04-01,2018-06-30,2019-07-26 13:53:06+00:00,303000000.0,1.08,1.08,0.26,,,,1.07,,,299000000.0,,54000000.0,,832000000.0,832000000.0,,832000000.0,,-54000000.0,,865000000.0,,,,,18000000.0,732000000.0,,,,4706000000.0,3031000000.0,,,,54000000.0,4066000000.0,5251000000.0,1131000000.0,5197000000.0,-338000000.0,770400000.0,772949000.0,777807000.0
Aflac Inc,AFL,549300N0B7DOGLXWPP39,4977,2018.0,Q2YTD,2018-01-01,2018-06-30,,617000000.0,2.0,2.0,0.51,,,,2.0,,,564000000.0,,110000000.0,,1549000000.0,1549000000.0,,1549000000.0,,-110000000.0,,1568000000.0,,,,,34000000.0,1465000000.0,,,,9451000000.0,6073000000.0,,,,110000000.0,8155000000.0,10378000000.0,2113000000.0,10268000000.0,-675000000.0,770400000.0,772949000.0,777807000.0
Aflac Inc,AFL,549300N0B7DOGLXWPP39,4977,2018.0,Q2TTM,2017-07-01,2018-06-30,,1172000000.0,6.27,6.27,0.94,,,,6.27,,,-660000000.0,,227000000.0,,4848000000.0,4848000000.0,,4848000000.0,,-227000000.0,,3237000000.0,,,,,67000000.0,2905000000.0,,,,18679000000.0,12163000000.0,,,,227000000.0,16240000000.0,20655000000.0,4188000000.0,20428000000.0,-1328000000.0,770400000.0,772949000.0,777807000.0
Aflac Inc,AFL,549300N0B7DOGLXWPP39,4977,2018.0,Q1,2018-01-01,2018-03-31,2019-04-26 16:24:17+00:00,314000000.0,0.92,0.92,0.26,,,,0.91,,,265000000.0,,56000000.0,,717000000.0,717000000.0,,717000000.0,,-56000000.0,,703000000.0,,,,,16000000.0,733000000.0,,,,4745000000.0,3042000000.0,,,,56000000.0,4089000000.0,5127000000.0,982000000.0,5071000000.0,-337000000.0,779300000.0,778550000.0,783852000.0
Aflac Inc,AFL,549300N0B7DOGLXWPP39,4977,2018.0,Q1TTM,2017-04-01,2018-03-31,,1152000000.0,6.07,6.07,0.89,,,,6.07,,,-627000000.0,,234000000.0,,4729000000.0,4729000000.0,,4729000000.0,,-234000000.0,,3118000000.0,,,,,66000000.0,2838000000.0,,,,18638000000.0,12171000000.0,,,,234000000.0,16161000000.0,20497000000.0,4102000000.0,20263000000.0,-1325000000.0,779300000.0,778550000.0,783852000.0
Aflac Inc,AFL,549300N0B7DOGLXWPP39,4977,2019.0,FY,2019-01-01,2019-12-31,2020-02-21 16:32:04+00:00,1282000000.0,4.45,4.45,,,,,4.43,,,1141000000.0,,228000000.0,,3304000000.0,3304000000.0,,3304000000.0,,-228000000.0,,3443000000.0,,,,,84000000.0,3089000000.0,,,,18780000000.0,11942000000.0,,,,228000000.0,16313000000.0,20986000000.0,4445000000.0,20758000000.0,-1321000000.0,742500000.0,742414000.0,746430000.0
Aflac Inc,AFL,549300N0B7DOGLXWPP39,4977,2019.0,Q4,2019-10-01,2019-12-31,,316000000.0,1.05,1.05,0.26,,,,1.05,,,276000000.0,,56000000.0,,782000000.0,782000000.0,,782000000.0,,-56000000.0,,899000000.0,,,,,32000000.0,858000000.0,,,,4672000000.0,2984000000.0,,,,56000000.0,4158000000.0,5272000000.0,1058000000.0,5216000000.0,-331000000.0,742500000.0,742414000.0,746430000.0
Aflac Inc,AFL,549300N0B7DOGLXWPP39,4977,2019.0,Q3,2019-07-01,2019-09-30,2019-10-25 12:32:15+00:00,317000000.0,1.05,1.05,0.27,,,,1.04,,,259000000.0,,57000000.0,,777000000.0,777000000.0,,777000000.0,,-57000000.0,,783000000.0,,,,,17000000.0,769000000.0,,,,4736000000.0,3027000000.0,,,,57000000.0,4113000000.0,5206000000.0,1036000000.0,5149000000.0,-330000000.0,740000000.0,739946000.0,743842000.0
Aflac Inc,AFL,549300N0B7DOGLXWPP39,4977,2019.0,Q3YTD,2019-01-01,2019-09-30,,966000000.0,3.41,3.41,0.78,,,,3.41,,,865000000.0,,172000000.0,,2522000000.0,2522000000.0,,2522000000.0,,-172000000.0,,2544000000.0,,,,,52000000.0,2231000000.0,,,,14108000000.0,8958000000.0,,,,172000000.0,12155000000.0,15714000000.0,3387000000.0,15542000000.0,-990000000.0,740000000.0,739946000.0,743842000.0
Aflac Inc,AFL,549300N0B7DOGLXWPP39,4977,2019.0,Q3TTM,2018-10-01,2019-09-30,,1279000000.0,4.12,4.12,1.05,,,,4.12,,,1063000000.0,,231000000.0,,3048000000.0,3048000000.0,,3048000000.0,,-231000000.0,,3062000000.0,,,,,72000000.0,3024000000.0,,,,18698000000.0,11883000000.0,,,,231000000.0,16186000000.0,20528000000.0,4111000000.0,20297000000.0,-1304000000.0,740000000.0,739946000.0,743842000.0
Aflac Inc,AFL,549300N0B7DOGLXWPP39,4977,2019.0,Q2,2019-04-01,2019-06-30,2019-07-26 13:53:06+00:00,309000000.0,1.1,1.1,0.27,,,,1.09,,,292000000.0,,57000000.0,,817000000.0,817000000.0,,817000000.0,,-57000000.0,,812000000.0,,,,,18000000.0,743000000.0,,,,4681000000.0,2964000000.0,,,,57000000.0,4016000000.0,5182000000.0,1109000000.0,5125000000.0,-329000000.0,742700000.0,745153000.0,748849000.0
Aflac Inc,AFL,549300N0B7DOGLXWPP39,4977,2019.0,Q2YTD,2019-01-01,2019-06-30,,649000000.0,2.34,2.34,0.52,,,,2.34,,,606000000.0,,115000000.0,,1745000000.0,1745000000.0,,1745000000.0,,-115000000.0,,1761000000.0,,,,,35000000.0,1462000000.0,,,,9372000000.0,5931000000.0,,,,115000000.0,8042000000.0,10508000000.0,2351000000.0,10393000000.0,-660000000.0,742700000.0,745153000.0,748849000.0
Aflac Inc,AFL,549300N0B7DOGLXWPP39,4977,2019.0,Q2TTM,2018-07-01,2019-06-30,,1277000000.0,4.18,4.18,1.05,,,,4.18,,,1105000000.0,,227000000.0,,3116000000.0,3116000000.0,,3116000000.0,,-227000000.0,,3205000000.0,,,,,70000000.0,2985000000.0,,,,18598000000.0,11858000000.0,,,,227000000.0,16120000000.0,20568000000.0,4221000000.0,20341000000.0,-1305000000.0,742700000.0,745153000.0,748849000.0
Aflac Inc,AFL,549300N0B7DOGLXWPP39,4977,2019.0,Q1,2019-01-01,2019-03-31,2020-04-30 12:15:03+00:00,340000000.0,1.23,1.23,0.27,,,,1.23,,,314000000.0,,58000000.0,,928000000.0,928000000.0,,928000000.0,,-58000000.0,,949000000.0,,,,,17000000.0,719000000.0,,,,4691000000.0,2967000000.0,,,,58000000.0,4026000000.0,5326000000.0,1242000000.0,5268000000.0,-331000000.0,754500000.0,751423000.0,755790000.0
Aflac Inc,AFL,549300N0B7DOGLXWPP39,4977,2019.0,Q1TTM,2018-04-01,2019-03-31,,1271000000.0,4.17,4.17,1.06,,,,4.17,,,1112000000.0,,224000000.0,,3131000000.0,3131000000.0,,3131000000.0,,-224000000.0,,3258000000.0,,,,,70000000.0,2974000000.0,,,,18623000000.0,11925000000.0,,,,224000000.0,16170000000.0,20637000000.0,4243000000.0,20413000000.0,-1314000000.0,754500000.0,751423000.0,755790000.0
Aflac Inc,AFL,549300N0B7DOGLXWPP39,4977,2020.0,Q1TTM,2019-04-01,2020-03-31,,1275000000.0,4.06,4.06,1.06,,,,4.06,,,981000000.0,,225000000.0,,2942000000.0,2942000000.0,,2942000000.0,,-225000000.0,,2935000000.0,,,,,107000000.0,3149000000.0,,,,18770000000.0,11914000000.0,,,,225000000.0,16338000000.0,20486000000.0,3923000000.0,20261000000.0,-1326000000.0,725600000.0,724366000.0,727512000.0
Aflac Inc,AFL,549300N0B7DOGLXWPP39,4977,2020.0,Q1,2020-01-01,2020-03-31,2020-04-30 12:15:03+00:00,333000000.0,0.78,0.78,0.28,,,,0.78,,,154000000.0,,55000000.0,,566000000.0,566000000.0,,566000000.0,,-55000000.0,,441000000.0,,,,,40000000.0,779000000.0,,,,4681000000.0,2939000000.0,,,,55000000.0,4051000000.0,4826000000.0,720000000.0,4771000000.0,-336000000.0,725600000.0,724366000.0,727512000.0
