company_name,company_ticker,company_lei,company_cik,year,quarter,start_date,end_date,filing_date,basicdilutedeps,basiceps,cashdividendspershare,depreciationexpense,dilutedeps,investmentsecuritiesinterestincome,longtermdebtinterestexpense,netincome,netincomecontinuing,netincomediscontinued,netincometocommon,netincometononcontrollinginterest,netinterestincome,netoccupancyequipmentexpense,netrealizedcapitalgains,otheradjustmentstoconsolidatednetincome,othergains,otherinterestincome,othernoninterestincome,otheroperatingexpenses,otherservicechargeincome,otherspecialcharges,preferreddividends,totalinterestexpense,totalinterestincome,totalnoninterestexpense,totalnoninterestincome,totalpretaxincome,totalrevenue,weightedavebasicdilutedsharesos,weightedavebasicsharesos,weightedavedilutedsharesos
Federal Realty Investment Trust,FRT,549300LI6XZ51GOCJ427,34903,2008.0,FY,2008-01-01,2008-12-31,2011-02-15 16:37:36+00:00,2.19,2.19,,110748000.0,2.19,,99163000.0,135153000.0,120616000.0,14537000.0,129246000.0,5366000.0,-99163000.0,109463000.0,1612000.0,,916000.0,,505603000.0,82149000.0,14008000.0,,541000.0,99163000.0,,302360000.0,521223000.0,119700000.0,422060000.0,59000000.0,58665000.0,58889000.0
Federal Realty Investment Trust,FRT,549300LI6XZ51GOCJ427,34903,2009.0,FY,2009-01-01,2009-12-31,2012-02-15 17:31:50+00:00,1.63,1.63,,114443000.0,1.63,,111420000.0,103872000.0,101325000.0,2547000.0,97763000.0,5568000.0,-111420000.0,108344000.0,1322000.0,0.0,1894000.0,,515720000.0,79898000.0,12849000.0,16355000.0,541000.0,111420000.0,,319040000.0,529891000.0,99431000.0,418471000.0,60000000.0,59704000.0,59830000.0
Federal Realty Investment Trust,FRT,549300LI6XZ51GOCJ427,34903,2009.0,Q3,2009-07-01,2009-09-30,2010-11-03 16:36:51+00:00,0.45,0.45,,28410000.0,0.45,,30209000.0,28839000.0,28839000.0,,27297000.0,1406000.0,-30209000.0,24367000.0,473000.0,,924000.0,,127278000.0,20234000.0,3714000.0,330000.0,136000.0,30209000.0,,73341000.0,131465000.0,27915000.0,101256000.0,60700000.0,60700000.0,60700000.0
Federal Realty Investment Trust,FRT,549300LI6XZ51GOCJ427,34903,2009.0,Q2,2009-04-01,2009-06-30,2010-08-04 16:36:50+00:00,0.48,0.48,,29633000.0,0.48,,26812000.0,29794000.0,29250000.0,544000.0,28282000.0,1377000.0,-26812000.0,25080000.0,399000.0,,260000.0,,127397000.0,20097000.0,2941000.0,125000.0,135000.0,26812000.0,,74935000.0,130737000.0,28990000.0,103925000.0,58900000.0,58900000.0,58900000.0
Federal Realty Investment Trust,FRT,549300LI6XZ51GOCJ427,34903,2010.0,Q4,2010-10-01,2010-12-31,,0.54,0.54,,29566000.0,0.53,,25203000.0,34305000.0,33873000.0,392000.0,32681000.0,1489000.0,-25203000.0,28074000.0,554000.0,,23000.0,,133509000.0,20342000.0,3302000.0,330000.0,135000.0,25203000.0,,78312000.0,137365000.0,33850000.0,112162000.0,61400000.0,61182000.0,61324000.0
Federal Realty Investment Trust,FRT,549300LI6XZ51GOCJ427,34903,2010.0,FY,2010-01-01,2010-12-31,2013-02-12 16:40:10+00:00,1.99,1.99,,118878000.0,1.98,,104683000.0,128237000.0,125851000.0,1976000.0,122249000.0,5447000.0,-104683000.0,110519000.0,1060000.0,410000.0,256000.0,,527252000.0,82852000.0,14545000.0,330000.0,541000.0,104683000.0,,312579000.0,542857000.0,125595000.0,438174000.0,61400000.0,61182000.0,61324000.0
Federal Realty Investment Trust,FRT,549300LI6XZ51GOCJ427,34903,2010.0,Q3YTD,2010-01-01,2010-09-30,,1.45,1.45,,89312000.0,1.45,,79480000.0,93932000.0,91978000.0,1584000.0,89568000.0,3958000.0,-79480000.0,82445000.0,506000.0,410000.0,233000.0,,393743000.0,62510000.0,11243000.0,,406000.0,79480000.0,,234267000.0,405492000.0,91745000.0,326012000.0,61500000.0,61500000.0,61500000.0
Federal Realty Investment Trust,FRT,549300LI6XZ51GOCJ427,34903,2010.0,Q3,2010-07-01,2010-09-30,2011-11-03 17:08:36+00:00,0.48,0.48,,29431000.0,0.48,,25299000.0,31010000.0,30740000.0,270000.0,29504000.0,1370000.0,-25299000.0,27030000.0,125000.0,0.0,18000.0,,130622000.0,21089000.0,2824000.0,,136000.0,25299000.0,,77550000.0,133571000.0,30722000.0,108272000.0,61500000.0,61500000.0,61500000.0
Federal Realty Investment Trust,FRT,549300LI6XZ51GOCJ427,34903,2010.0,Q2YTD,2010-01-01,2010-06-30,,0.97,0.97,,59881000.0,0.97,,54181000.0,62922000.0,61238000.0,1314000.0,60064000.0,2588000.0,-54181000.0,55415000.0,381000.0,410000.0,215000.0,,263121000.0,41421000.0,8419000.0,,270000.0,54181000.0,,156717000.0,271921000.0,61023000.0,217740000.0,62000000.0,62000000.0,62000000.0
Federal Realty Investment Trust,FRT,549300LI6XZ51GOCJ427,34903,2010.0,Q2,2010-04-01,2010-06-30,2011-08-03 17:06:10+00:00,0.5,0.5,,31020000.0,0.5,,25418000.0,32368000.0,30644000.0,1314000.0,30979000.0,1254000.0,-25418000.0,25511000.0,188000.0,410000.0,33000.0,,130707000.0,20844000.0,2509000.0,,135000.0,25418000.0,,77375000.0,133404000.0,30611000.0,107986000.0,62000000.0,62000000.0,62000000.0
Federal Realty Investment Trust,FRT,549300LI6XZ51GOCJ427,34903,2010.0,Q1,2010-01-01,2010-03-31,2011-05-05 16:39:32+00:00,0.47,0.47,,28861000.0,0.47,,28763000.0,30554000.0,30594000.0,,29085000.0,1334000.0,-28763000.0,29904000.0,193000.0,,182000.0,,132414000.0,20577000.0,5910000.0,,135000.0,28763000.0,,79342000.0,138517000.0,30412000.0,109754000.0,61900000.0,61900000.0,61900000.0
Federal Realty Investment Trust,FRT,549300LI6XZ51GOCJ427,34903,2011.0,Q4,2011-10-01,2011-12-31,,0.5,0.5,,31533000.0,0.49,-20000.0,25721000.0,32455000.0,30931000.0,16715000.0,30786000.0,1534000.0,-25741000.0,28234000.0,607000.0,-15191000.0,67000.0,,136831000.0,23745000.0,2679000.0,,135000.0,25721000.0,-20000.0,83512000.0,140117000.0,30864000.0,114376000.0,62600000.0,62438000.0,62603000.0
Federal Realty Investment Trust,FRT,549300LI6XZ51GOCJ427,34903,2011.0,FY,2011-01-01,2011-12-31,2014-02-11 17:05:39+00:00,2.29,2.29,,125888000.0,2.28,,98169000.0,149612000.0,130319000.0,19293000.0,143376000.0,5695000.0,-98169000.0,109364000.0,1808000.0,0.0,218000.0,,541847000.0,89389000.0,9256000.0,,541000.0,98169000.0,,324641000.0,552911000.0,130101000.0,454742000.0,62600000.0,62438000.0,62603000.0
Federal Realty Investment Trust,FRT,549300LI6XZ51GOCJ427,34903,2011.0,Q3YTD,2011-01-01,2011-09-30,,1.79,1.79,,94355000.0,1.79,20000.0,72448000.0,117157000.0,99388000.0,2578000.0,112590000.0,4161000.0,-72428000.0,81130000.0,1201000.0,15191000.0,151000.0,,405016000.0,65644000.0,6577000.0,,406000.0,72448000.0,20000.0,241129000.0,412794000.0,99237000.0,340366000.0,63400000.0,62818000.0,62990000.0
Federal Realty Investment Trust,FRT,549300LI6XZ51GOCJ427,34903,2011.0,Q3TTM,2010-10-01,2011-09-30,,2.33,2.33,,123921000.0,2.32,20000.0,97651000.0,151462000.0,133261000.0,2970000.0,145271000.0,5650000.0,-97631000.0,109204000.0,1755000.0,15191000.0,174000.0,,538525000.0,85986000.0,9879000.0,330000.0,541000.0,97651000.0,20000.0,319441000.0,550159000.0,133087000.0,452528000.0,63400000.0,62818000.0,62990000.0
Federal Realty Investment Trust,FRT,549300LI6XZ51GOCJ427,34903,2011.0,Q3,2011-07-01,2011-09-30,2012-11-01 16:41:13+00:00,0.74,0.74,,32068000.0,0.74,,23795000.0,48302000.0,33532000.0,,46917000.0,1249000.0,-23795000.0,26595000.0,434000.0,14770000.0,136000.0,,135323000.0,22244000.0,2341000.0,,136000.0,23795000.0,,80907000.0,138098000.0,33396000.0,114303000.0,63400000.0,62818000.0,62990000.0
Federal Realty Investment Trust,FRT,549300LI6XZ51GOCJ427,34903,2011.0,Q2YTD,2011-01-01,2011-06-30,,1.05,1.05,,62287000.0,1.05,20000.0,48653000.0,68855000.0,65856000.0,2578000.0,65673000.0,2912000.0,-48633000.0,54535000.0,767000.0,421000.0,15000.0,,269693000.0,43400000.0,4236000.0,,270000.0,48653000.0,20000.0,160222000.0,274696000.0,65841000.0,226063000.0,62900000.0,62214000.0,62391000.0
Federal Realty Investment Trust,FRT,549300LI6XZ51GOCJ427,34903,2011.0,Q2TTM,2010-07-01,2011-06-30,,2.07,2.07,,121284000.0,2.06,20000.0,99155000.0,134170000.0,130469000.0,3240000.0,127858000.0,5771000.0,-99135000.0,109639000.0,1446000.0,421000.0,56000.0,,533824000.0,84831000.0,10362000.0,330000.0,541000.0,99155000.0,20000.0,316084000.0,545632000.0,130413000.0,446497000.0,62900000.0,62214000.0,62391000.0
Federal Realty Investment Trust,FRT,549300LI6XZ51GOCJ427,34903,2011.0,Q2,2011-04-01,2011-06-30,2012-08-01 16:50:27+00:00,0.55,0.55,,31871000.0,0.55,20000.0,23905000.0,36471000.0,33893000.0,2578000.0,34622000.0,1714000.0,-23885000.0,25133000.0,444000.0,0.0,,,134134000.0,21942000.0,2146000.0,,135000.0,23905000.0,20000.0,78946000.0,136724000.0,33893000.0,112839000.0,62900000.0,62214000.0,62391000.0
Federal Realty Investment Trust,FRT,549300LI6XZ51GOCJ427,34903,2011.0,Q1TTM,2010-04-01,2011-03-31,,2.02,2.02,,120433000.0,2.01,,100668000.0,130067000.0,127220000.0,1976000.0,124215000.0,5311000.0,-100668000.0,110017000.0,1190000.0,831000.0,89000.0,,530397000.0,83733000.0,10725000.0,330000.0,541000.0,100668000.0,,314513000.0,542312000.0,127131000.0,441644000.0,62100000.0,61471000.0,61629000.0
Federal Realty Investment Trust,FRT,549300LI6XZ51GOCJ427,34903,2011.0,Q1,2011-01-01,2011-03-31,2012-05-07 16:37:24+00:00,0.5,0.5,,30416000.0,0.5,,24748000.0,32384000.0,31963000.0,,31051000.0,1198000.0,-24748000.0,29402000.0,323000.0,421000.0,15000.0,,135559000.0,21458000.0,2090000.0,,135000.0,24748000.0,,81276000.0,137972000.0,31948000.0,113224000.0,62100000.0,61471000.0,61629000.0
Federal Realty Investment Trust,FRT,549300LI6XZ51GOCJ427,34903,2012.0,Q4,2012-10-01,2012-12-31,,0.58,0.58,,35084000.0,0.57,,85118000.0,38858000.0,37829000.0,1029000.0,37557000.0,1166000.0,-84429000.0,29942000.0,-490000.0,,57964000.0,689000.0,152346000.0,24900000.0,2364000.0,,135000.0,85118000.0,689000.0,89926000.0,154220000.0,-20135000.0,69791000.0,64100000.0,63881000.0,64056000.0
Federal Realty Investment Trust,FRT,549300LI6XZ51GOCJ427,34903,2012.0,FY,2012-01-01,2012-12-31,2015-02-10 16:10:36+00:00,2.36,2.36,,141701000.0,2.35,,113336000.0,156232000.0,142972000.0,1400000.0,151384000.0,4307000.0,-112647000.0,112616000.0,0.0,11860000.0,1757000.0,689000.0,585580000.0,97612000.0,20211000.0,,541000.0,113336000.0,689000.0,351929000.0,605791000.0,141215000.0,493144000.0,64100000.0,63881000.0,64056000.0
Federal Realty Investment Trust,FRT,549300LI6XZ51GOCJ427,34903,2012.0,Q3YTD,2012-01-01,2012-09-30,,1.78,1.78,,106617000.0,1.78,,28218000.0,117374000.0,105143000.0,371000.0,113827000.0,3141000.0,-28218000.0,82674000.0,490000.0,11860000.0,-56207000.0,,433234000.0,72712000.0,17847000.0,,406000.0,28218000.0,,262003000.0,451571000.0,161350000.0,423353000.0,64200000.0,64014000.0,64202000.0
Federal Realty Investment Trust,FRT,549300LI6XZ51GOCJ427,34903,2012.0,Q3TTM,2011-10-01,2012-09-30,,2.28,2.28,,138150000.0,2.27,-20000.0,53939000.0,149829000.0,136074000.0,17086000.0,144613000.0,4675000.0,-53959000.0,110908000.0,1097000.0,-3331000.0,-56140000.0,,570065000.0,96457000.0,20526000.0,,541000.0,53939000.0,-20000.0,345515000.0,591688000.0,192214000.0,537729000.0,64200000.0,64014000.0,64202000.0
Federal Realty Investment Trust,FRT,549300LI6XZ51GOCJ427,34903,2012.0,Q3,2012-07-01,2012-09-30,2013-10-31 16:43:45+00:00,0.6,0.6,,34847000.0,0.6,,28218000.0,39656000.0,39285000.0,371000.0,38508000.0,1012000.0,-28218000.0,29658000.0,490000.0,0.0,261000.0,,148225000.0,25975000.0,9007000.0,,136000.0,28218000.0,,90480000.0,157722000.0,39024000.0,129504000.0,64200000.0,64014000.0,64202000.0
Federal Realty Investment Trust,FRT,549300LI6XZ51GOCJ427,34903,2012.0,Q2,2012-04-01,2012-06-30,2013-08-01 16:47:44+00:00,0.51,0.51,,35199000.0,0.51,,,33596000.0,33596000.0,,32468000.0,993000.0,,26906000.0,,0.0,-28183000.0,,143082000.0,23676000.0,4478000.0,,135000.0,,,85781000.0,147560000.0,61779000.0,147560000.0,63700000.0,63700000.0,63880000.0
Federal Realty Investment Trust,FRT,549300LI6XZ51GOCJ427,34903,2012.0,Q2YTD,2012-01-01,2012-06-30,,1.18,1.18,,71770000.0,1.18,,,77718000.0,65858000.0,,75319000.0,2129000.0,,53016000.0,,11860000.0,-56468000.0,,285009000.0,46737000.0,8840000.0,,270000.0,,,171523000.0,293849000.0,122326000.0,293849000.0,63700000.0,63700000.0,63880000.0
Federal Realty Investment Trust,FRT,549300LI6XZ51GOCJ427,34903,2012.0,Q2TTM,2011-07-01,2012-06-30,,2.42,2.42,,135371000.0,2.41,-20000.0,49516000.0,158475000.0,130321000.0,16715000.0,153022000.0,4912000.0,-49536000.0,107845000.0,1041000.0,11439000.0,-56265000.0,,557163000.0,92726000.0,13860000.0,,541000.0,49516000.0,-20000.0,335942000.0,572064000.0,186586000.0,522528000.0,63700000.0,63700000.0,63880000.0
Federal Realty Investment Trust,FRT,549300LI6XZ51GOCJ427,34903,2012.0,Q1,2012-01-01,2012-03-31,2013-05-01 16:39:11+00:00,0.67,0.67,,36571000.0,0.67,,,44122000.0,32262000.0,,42851000.0,1136000.0,,26110000.0,,11860000.0,-28285000.0,,141927000.0,23061000.0,4362000.0,,135000.0,,,85742000.0,146289000.0,60547000.0,146289000.0,64000000.0,63411000.0,63585000.0
Federal Realty Investment Trust,FRT,549300LI6XZ51GOCJ427,34903,2012.0,Q1TTM,2011-04-01,2012-03-31,,2.46,2.46,,132043000.0,2.45,,73421000.0,161350000.0,130618000.0,19293000.0,155176000.0,5633000.0,-73421000.0,106072000.0,1485000.0,11439000.0,-28082000.0,,548215000.0,90992000.0,11528000.0,,541000.0,73421000.0,,329107000.0,561228000.0,158700000.0,487807000.0,64000000.0,63411000.0,63585000.0
Federal Realty Investment Trust,FRT,549300LI6XZ51GOCJ427,34903,2013.0,FY,2013-01-01,2013-12-31,2016-02-09 16:23:43+00:00,2.47,2.47,,160828000.0,2.46,,,167608000.0,137811000.0,24803000.0,162140000.0,4927000.0,,118695000.0,,4994000.0,-116350000.0,,625244000.0,103729000.0,12169000.0,,541000.0,,,383252000.0,637413000.0,254161000.0,637413000.0,65600000.0,65331000.0,65483000.0
Federal Realty Investment Trust,FRT,549300LI6XZ51GOCJ427,34903,2013.0,Q4,2013-10-01,2013-12-31,,0.43,0.43,,41213000.0,0.42,,-57951000.0,29603000.0,29603000.0,827000.0,28321000.0,1147000.0,57856000.0,31940000.0,-684000.0,-827000.0,-91039000.0,-95000.0,161338000.0,27223000.0,2508000.0,,135000.0,-57951000.0,-95000.0,100376000.0,163162000.0,120642000.0,221018000.0,65600000.0,65331000.0,65483000.0
Federal Realty Investment Trust,FRT,549300LI6XZ51GOCJ427,34903,2013.0,Q3YTD,2013-01-01,2013-09-30,,2.04,2.04,,119615000.0,2.04,,57951000.0,138005000.0,108208000.0,23976000.0,133819000.0,3780000.0,-57856000.0,86755000.0,684000.0,5821000.0,-25311000.0,95000.0,463906000.0,76506000.0,9661000.0,,406000.0,57951000.0,95000.0,282876000.0,474251000.0,133519000.0,416395000.0,65900000.0,65504000.0,65647000.0
Federal Realty Investment Trust,FRT,549300LI6XZ51GOCJ427,34903,2013.0,Q3TTM,2012-10-01,2013-09-30,,2.62,2.62,,154699000.0,2.61,,143069000.0,176863000.0,146037000.0,25005000.0,171376000.0,4946000.0,-142285000.0,116697000.0,194000.0,5821000.0,32653000.0,784000.0,616252000.0,101406000.0,12025000.0,,541000.0,143069000.0,784000.0,372802000.0,628471000.0,113384000.0,486186000.0,65900000.0,65504000.0,65647000.0
Federal Realty Investment Trust,FRT,549300LI6XZ51GOCJ427,34903,2013.0,Q3,2013-07-01,2013-09-30,2014-10-30 16:25:31+00:00,0.94,0.94,,39341000.0,0.94,,,63366000.0,39390000.0,23976000.0,61962000.0,1268000.0,,29045000.0,0.0,0.0,-25311000.0,,155550000.0,25943000.0,3480000.0,0.0,136000.0,,,94329000.0,159030000.0,64701000.0,159030000.0,65900000.0,65504000.0,65647000.0
Federal Realty Investment Trust,FRT,549300LI6XZ51GOCJ427,34903,2013.0,Q2YTD,2013-01-01,2013-06-30,,1.1,1.1,,80274000.0,1.1,,57951000.0,74639000.0,68818000.0,,71857000.0,2512000.0,-57856000.0,57710000.0,684000.0,5821000.0,,95000.0,308356000.0,50563000.0,6181000.0,,270000.0,57951000.0,95000.0,188547000.0,315221000.0,68818000.0,257365000.0,65600000.0,65149000.0,65311000.0
Federal Realty Investment Trust,FRT,549300LI6XZ51GOCJ427,34903,2013.0,Q2TTM,2012-07-01,2013-06-30,,2.28,2.28,,150205000.0,2.27,,171287000.0,153153000.0,145932000.0,1400000.0,147922000.0,4690000.0,-170503000.0,117310000.0,684000.0,5821000.0,58225000.0,784000.0,608927000.0,101438000.0,17552000.0,,541000.0,171287000.0,784000.0,368953000.0,627163000.0,87707000.0,456660000.0,65600000.0,65149000.0,65311000.0
Federal Realty Investment Trust,FRT,549300LI6XZ51GOCJ427,34903,2013.0,Q2,2013-04-01,2013-06-30,2014-08-07 16:25:05+00:00,0.57,0.57,,39757000.0,0.57,,30546000.0,38797000.0,33379000.0,,37404000.0,1258000.0,-30481000.0,28209000.0,372000.0,5418000.0,,65000.0,154475000.0,25934000.0,2913000.0,,135000.0,30546000.0,65000.0,93900000.0,157760000.0,33379000.0,127279000.0,65600000.0,65149000.0,65311000.0
Federal Realty Investment Trust,FRT,549300LI6XZ51GOCJ427,34903,2013.0,Q1TTM,2012-04-01,2013-03-31,,2.22,2.22,,145647000.0,2.21,,140741000.0,147952000.0,146149000.0,1400000.0,142986000.0,4425000.0,-140022000.0,116007000.0,312000.0,403000.0,30042000.0,719000.0,597534000.0,99180000.0,19117000.0,,541000.0,140741000.0,719000.0,360834000.0,616963000.0,116107000.0,476941000.0,65000000.0,64692000.0,64847000.0
Federal Realty Investment Trust,FRT,549300LI6XZ51GOCJ427,34903,2013.0,Q1,2013-01-01,2013-03-31,2014-05-08 16:47:54+00:00,0.53,0.53,,40517000.0,0.53,,27405000.0,35842000.0,35439000.0,,34453000.0,1254000.0,-27375000.0,29501000.0,312000.0,403000.0,,30000.0,153881000.0,24629000.0,3268000.0,,135000.0,27405000.0,30000.0,94647000.0,157461000.0,35439000.0,130086000.0,65000000.0,64692000.0,64847000.0
Federal Realty Investment Trust,FRT,549300LI6XZ51GOCJ427,34903,2014.0,FY,2014-01-01,2014-12-31,2017-02-13 16:19:07+00:00,2.42,2.42,,170814000.0,2.41,,,172289000.0,167888000.0,,163994000.0,7754000.0,,135417000.0,,4401000.0,-103149000.0,,671332000.0,108822000.0,14758000.0,,541000.0,,,415053000.0,686090000.0,271037000.0,686090000.0,67800000.0,67322000.0,67492000.0
Federal Realty Investment Trust,FRT,549300LI6XZ51GOCJ427,34903,2014.0,Q4,2014-10-01,2014-12-31,,0.51,0.51,,43411000.0,0.51,,-23213000.0,37279000.0,37279000.0,,35027000.0,2117000.0,23195000.0,34974000.0,-250000.0,,-57276000.0,-18000.0,172966000.0,26382000.0,3411000.0,,135000.0,-23213000.0,-18000.0,104767000.0,176127000.0,94555000.0,199322000.0,67800000.0,67322000.0,67492000.0
Federal Realty Investment Trust,FRT,549300LI6XZ51GOCJ427,34903,2014.0,Q3YTD,2014-01-01,2014-09-30,,1.91,1.91,,127403000.0,1.9,,23213000.0,135010000.0,130609000.0,,128967000.0,5637000.0,-23195000.0,100443000.0,250000.0,4401000.0,-45873000.0,18000.0,498366000.0,82440000.0,11347000.0,,406000.0,23213000.0,18000.0,310286000.0,509963000.0,176482000.0,486768000.0,68000000.0,67559000.0,67732000.0
Federal Realty Investment Trust,FRT,549300LI6XZ51GOCJ427,34903,2014.0,Q3TTM,2013-10-01,2014-09-30,,2.34,2.34,,168616000.0,2.32,,-34738000.0,164613000.0,160212000.0,827000.0,157288000.0,6784000.0,34661000.0,132383000.0,-434000.0,3574000.0,-136912000.0,-77000.0,659704000.0,109663000.0,13855000.0,,541000.0,-34738000.0,-77000.0,410662000.0,673125000.0,297124000.0,707786000.0,68000000.0,67559000.0,67732000.0
Federal Realty Investment Trust,FRT,549300LI6XZ51GOCJ427,34903,2014.0,Q3,2014-07-01,2014-09-30,2015-11-04 16:36:32+00:00,0.69,0.69,,42660000.0,0.69,,,49049000.0,44648000.0,,46939000.0,1974000.0,,31908000.0,,4401000.0,-22974000.0,,167316000.0,28748000.0,3622000.0,,136000.0,,,103316000.0,170938000.0,67622000.0,170938000.0,68000000.0,67559000.0,67732000.0
Federal Realty Investment Trust,FRT,549300LI6XZ51GOCJ427,34903,2014.0,Q2YTD,2014-01-01,2014-06-30,,1.22,1.22,,84743000.0,1.21,,23213000.0,85961000.0,85961000.0,,82028000.0,3663000.0,-23195000.0,68535000.0,250000.0,,-22899000.0,18000.0,331050000.0,53692000.0,7725000.0,,270000.0,23213000.0,18000.0,206970000.0,339025000.0,108860000.0,315830000.0,67800000.0,67110000.0,67277000.0
Federal Realty Investment Trust,FRT,549300LI6XZ51GOCJ427,34903,2014.0,Q2TTM,2013-07-01,2014-06-30,,2.59,2.59,,165297000.0,2.57,,-34738000.0,178930000.0,154954000.0,24803000.0,172311000.0,6078000.0,34661000.0,129520000.0,-434000.0,-827000.0,-139249000.0,-77000.0,647938000.0,106858000.0,13713000.0,,541000.0,-34738000.0,-77000.0,401675000.0,661217000.0,294203000.0,695878000.0,67800000.0,67110000.0,67277000.0
Federal Realty Investment Trust,FRT,549300LI6XZ51GOCJ427,34903,2014.0,Q2,2014-04-01,2014-06-30,2015-08-05 16:26:07+00:00,0.64,0.64,,40893000.0,0.64,,23213000.0,45416000.0,45416000.0,,43410000.0,1871000.0,-23195000.0,31405000.0,250000.0,0.0,,18000.0,163622000.0,27288000.0,4325000.0,,135000.0,23213000.0,18000.0,99586000.0,168197000.0,45416000.0,145002000.0,67800000.0,67110000.0,67277000.0
Federal Realty Investment Trust,FRT,549300LI6XZ51GOCJ427,34903,2014.0,Q1,2014-01-01,2014-03-31,2015-05-07 16:30:51+00:00,0.58,0.58,,43850000.0,0.57,,,40545000.0,40545000.0,,38618000.0,1792000.0,,37130000.0,,,-22899000.0,,167428000.0,26404000.0,3400000.0,,135000.0,,,107384000.0,170828000.0,63444000.0,170828000.0,66600000.0,66615000.0,66773000.0
Federal Realty Investment Trust,FRT,549300LI6XZ51GOCJ427,34903,2014.0,Q1TTM,2013-04-01,2014-03-31,,2.52,2.52,,164161000.0,2.5,,-27405000.0,172311000.0,142917000.0,24803000.0,166305000.0,5465000.0,27375000.0,126324000.0,-312000.0,4591000.0,-139249000.0,-30000.0,638791000.0,105504000.0,12301000.0,,541000.0,-27405000.0,-30000.0,395989000.0,650780000.0,282166000.0,678155000.0,66600000.0,66615000.0,66773000.0
Federal Realty Investment Trust,FRT,549300LI6XZ51GOCJ427,34903,2015.0,FY,2015-01-01,2015-12-31,2018-02-13 16:27:50+00:00,3.04,3.04,,174796000.0,3.03,,,218424000.0,190094000.0,,209678000.0,8205000.0,,147593000.0,,28330000.0,-110060000.0,,732202000.0,121469000.0,11810000.0,,541000.0,,,443858000.0,744012000.0,300154000.0,744012000.0,69000000.0,68797000.0,68981000.0
Federal Realty Investment Trust,FRT,549300LI6XZ51GOCJ427,34903,2015.0,Q4,2015-10-01,2015-12-31,,0.99,0.99,,46423000.0,0.98,,,69998000.0,53177000.0,,67819000.0,2044000.0,,39092000.0,,16821000.0,-22737000.0,,190061000.0,31078000.0,2446000.0,,135000.0,,,116593000.0,192507000.0,75914000.0,192507000.0,69000000.0,68797000.0,68981000.0
Federal Realty Investment Trust,FRT,549300LI6XZ51GOCJ427,34903,2015.0,Q3,2015-07-01,2015-09-30,2016-11-02 16:39:39+00:00,0.75,0.75,,43718000.0,0.75,,,54550000.0,54550000.0,,52311000.0,2103000.0,,34439000.0,,0.0,-21367000.0,,182773000.0,31178000.0,2479000.0,,136000.0,,,109335000.0,185252000.0,75917000.0,185252000.0,69700000.0,69006000.0,69181000.0
Federal Realty Investment Trust,FRT,549300LI6XZ51GOCJ427,34903,2015.0,Q3YTD,2015-01-01,2015-09-30,,2.05,2.05,,128373000.0,2.05,,,148426000.0,136917000.0,,141859000.0,6161000.0,,108501000.0,,11509000.0,-87323000.0,,542141000.0,90391000.0,9364000.0,,406000.0,,,327265000.0,551505000.0,224240000.0,551505000.0,69700000.0,69006000.0,69181000.0
Federal Realty Investment Trust,FRT,549300LI6XZ51GOCJ427,34903,2015.0,Q3TTM,2014-10-01,2015-09-30,,2.56,2.56,,171784000.0,2.56,,-23213000.0,185705000.0,174196000.0,,176886000.0,8278000.0,23195000.0,143475000.0,-250000.0,11509000.0,-144599000.0,-18000.0,715107000.0,116773000.0,12775000.0,,541000.0,-23213000.0,-18000.0,432032000.0,727632000.0,318795000.0,750827000.0,69700000.0,69006000.0,69181000.0
Federal Realty Investment Trust,FRT,549300LI6XZ51GOCJ427,34903,2015.0,Q2,2015-04-01,2015-06-30,2016-08-04 16:18:53+00:00,0.63,0.63,,42671000.0,0.63,,,45673000.0,34164000.0,,43497000.0,2041000.0,,32623000.0,,11509000.0,-42037000.0,,177041000.0,29966000.0,4420000.0,,135000.0,,,105260000.0,181461000.0,76201000.0,181461000.0,69000000.0,68531000.0,68713000.0
Federal Realty Investment Trust,FRT,549300LI6XZ51GOCJ427,34903,2015.0,Q2YTD,2015-01-01,2015-06-30,,1.3,1.3,,84655000.0,1.3,,,93876000.0,82367000.0,,89548000.0,4058000.0,,74062000.0,,11509000.0,-65956000.0,,359368000.0,59213000.0,6885000.0,,270000.0,,,217930000.0,366253000.0,148323000.0,366253000.0,69000000.0,68531000.0,68713000.0
Federal Realty Investment Trust,FRT,549300LI6XZ51GOCJ427,34903,2015.0,Q2TTM,2014-07-01,2015-06-30,,2.5,2.5,,170726000.0,2.5,,-23213000.0,180204000.0,164294000.0,,171514000.0,8149000.0,23195000.0,140944000.0,-250000.0,15910000.0,-146206000.0,-18000.0,699650000.0,114343000.0,13918000.0,,541000.0,-23213000.0,-18000.0,426013000.0,713318000.0,310500000.0,736513000.0,69000000.0,68531000.0,68713000.0
Federal Realty Investment Trust,FRT,549300LI6XZ51GOCJ427,34903,2015.0,Q1,2015-01-01,2015-03-31,2016-05-04 16:24:20+00:00,0.67,0.67,,41984000.0,0.67,,,48203000.0,48203000.0,,46051000.0,2017000.0,,41439000.0,,0.0,-23919000.0,,182327000.0,29247000.0,2465000.0,,135000.0,,,112670000.0,184792000.0,72122000.0,184792000.0,68700000.0,68368000.0,68563000.0
Federal Realty Investment Trust,FRT,549300LI6XZ51GOCJ427,34903,2015.0,Q1TTM,2014-04-01,2015-03-31,,2.51,2.51,,168948000.0,2.51,,,179947000.0,175546000.0,,171427000.0,7979000.0,,139726000.0,,4401000.0,-104169000.0,,686231000.0,111665000.0,13823000.0,,541000.0,,,420339000.0,700054000.0,279715000.0,700054000.0,68700000.0,68368000.0,68563000.0
Federal Realty Investment Trust,FRT,549300LI6XZ51GOCJ427,34903,2016.0,FY,2016-01-01,2016-12-31,2019-02-13 16:19:29+00:00,3.51,3.51,7.6,193585000.0,3.5,,,258883000.0,226425000.0,,249369000.0,8973000.0,,158326000.0,,32458000.0,-94570000.0,,790576000.0,128685000.0,11015000.0,,541000.0,,,480596000.0,801591000.0,320995000.0,801591000.0,71000000.0,70877000.0,71049000.0
Federal Realty Investment Trust,FRT,549300LI6XZ51GOCJ427,34903,2016.0,Q4,2016-10-01,2016-12-31,,0.8,0.8,,48448000.0,0.8,,,59724000.0,59724000.0,,57902000.0,1687000.0,,39941000.0,,,-23753000.0,,201653000.0,32243000.0,2456000.0,,135000.0,,,120632000.0,204109000.0,83477000.0,204109000.0,71000000.0,70877000.0,71049000.0
Federal Realty Investment Trust,FRT,549300LI6XZ51GOCJ427,34903,2016.0,Q3,2016-07-01,2016-09-30,2017-11-01 18:10:01+00:00,0.82,0.82,,48903000.0,0.82,,,61198000.0,56253000.0,,58841000.0,2221000.0,,38588000.0,,4945000.0,-24208000.0,,198398000.0,33205000.0,2759000.0,,136000.0,,,120696000.0,201157000.0,80461000.0,201157000.0,71800000.0,71319000.0,71489000.0
Federal Realty Investment Trust,FRT,549300LI6XZ51GOCJ427,34903,2016.0,Q3YTD,2016-01-01,2016-09-30,,2.71,2.71,,145137000.0,2.7,,,199159000.0,166701000.0,,191467000.0,7286000.0,,118385000.0,,32458000.0,-70817000.0,,588923000.0,96442000.0,8559000.0,,406000.0,,,359964000.0,597482000.0,237518000.0,597482000.0,71800000.0,71319000.0,71489000.0
Federal Realty Investment Trust,FRT,549300LI6XZ51GOCJ427,34903,2016.0,Q3TTM,2015-10-01,2016-09-30,,3.7,3.7,,191560000.0,3.68,,,269157000.0,219878000.0,,259286000.0,9330000.0,,157477000.0,,49279000.0,-93554000.0,,778984000.0,127520000.0,11005000.0,,541000.0,,,476557000.0,789989000.0,313432000.0,789989000.0,71800000.0,71319000.0,71489000.0
Federal Realty Investment Trust,FRT,549300LI6XZ51GOCJ427,34903,2016.0,Q2,2016-04-01,2016-06-30,2017-08-02 16:29:08+00:00,0.79,0.79,,48435000.0,0.78,,,58898000.0,57111000.0,,55806000.0,2957000.0,,36978000.0,,1787000.0,-23024000.0,,194493000.0,32433000.0,3488000.0,,135000.0,,,117846000.0,197981000.0,80135000.0,197981000.0,70600000.0,70797000.0,70974000.0
Federal Realty Investment Trust,FRT,549300LI6XZ51GOCJ427,34903,2016.0,Q2YTD,2016-01-01,2016-06-30,,1.89,1.89,,96234000.0,1.88,,,137961000.0,110448000.0,,132626000.0,5065000.0,,79797000.0,,27513000.0,-46609000.0,,390525000.0,63237000.0,5800000.0,,270000.0,,,239268000.0,396325000.0,157057000.0,396325000.0,70600000.0,70797000.0,70974000.0
Federal Realty Investment Trust,FRT,549300LI6XZ51GOCJ427,34903,2016.0,Q2TTM,2015-07-01,2016-06-30,,3.63,3.63,,186375000.0,3.61,,,262509000.0,218175000.0,,252756000.0,9212000.0,,153328000.0,,44334000.0,-90713000.0,,763359000.0,125493000.0,10725000.0,,541000.0,,,465196000.0,774084000.0,308888000.0,774084000.0,70600000.0,70797000.0,70974000.0
Federal Realty Investment Trust,FRT,549300LI6XZ51GOCJ427,34903,2016.0,Q1,2016-01-01,2016-03-31,2017-05-03 16:13:25+00:00,1.1,1.1,,47799000.0,1.1,,,79063000.0,53337000.0,,76820000.0,2108000.0,,42819000.0,,25726000.0,-23585000.0,,196032000.0,30804000.0,2312000.0,,135000.0,,,121422000.0,198344000.0,76922000.0,198344000.0,69800000.0,69771000.0,69957000.0
Federal Realty Investment Trust,FRT,549300LI6XZ51GOCJ427,34903,2016.0,Q1TTM,2015-04-01,2016-03-31,,3.47,3.47,,180611000.0,3.46,,,249284000.0,195228000.0,,240447000.0,8296000.0,,148973000.0,,54056000.0,-109726000.0,,745907000.0,123026000.0,11657000.0,,541000.0,,,452610000.0,757564000.0,304954000.0,757564000.0,69800000.0,69771000.0,69957000.0
Federal Realty Investment Trust,FRT,549300LI6XZ51GOCJ427,34903,2017.0,FY,2017-01-01,2017-12-31,2020-02-10 16:16:11+00:00,3.97,3.97,7.88,216050000.0,3.97,,100125000.0,297870000.0,297870000.0,,287456000.0,7956000.0,-99650000.0,164890000.0,-12690000.0,,,475000.0,857348000.0,144120000.0,,-77922000.0,2458000.0,100125000.0,475000.0,447138000.0,844658000.0,297870000.0,745008000.0,72400000.0,72117000.0,72233000.0
Federal Realty Investment Trust,FRT,549300LI6XZ51GOCJ427,34903,2017.0,Q4,2017-10-01,2017-12-31,,0.67,0.67,,56394000.0,0.67,,100125000.0,52785000.0,122734000.0,,48645000.0,2129000.0,-99650000.0,45403000.0,-12690000.0,-69949000.0,73995000.0,475000.0,234386000.0,39003000.0,-10429000.0,-77922000.0,2011000.0,100125000.0,475000.0,62878000.0,211267000.0,48739000.0,111617000.0,72400000.0,72117000.0,72233000.0
Federal Realty Investment Trust,FRT,549300LI6XZ51GOCJ427,34903,2017.0,Q3,2017-07-01,2017-09-30,2018-10-31 16:16:39+00:00,1.47,1.47,,55611000.0,1.47,,,108882000.0,58107000.0,,106600000.0,2105000.0,,41250000.0,,50775000.0,-26390000.0,,212782000.0,36595000.0,5171000.0,,177000.0,,,133456000.0,217953000.0,84497000.0,217953000.0,72500000.0,72091000.0,72206000.0
Federal Realty Investment Trust,FRT,549300LI6XZ51GOCJ427,34903,2017.0,Q3YTD,2017-01-01,2017-09-30,,3.3,3.3,,159656000.0,3.3,,,245085000.0,175136000.0,,238811000.0,5827000.0,,119487000.0,,69949000.0,-73995000.0,,622962000.0,105117000.0,10429000.0,,447000.0,,,384260000.0,633391000.0,249131000.0,633391000.0,72500000.0,72091000.0,72206000.0
Federal Realty Investment Trust,FRT,549300LI6XZ51GOCJ427,34903,2017.0,Q3TTM,2016-10-01,2017-09-30,,4.1,4.1,,208104000.0,4.1,,,304809000.0,234860000.0,,296713000.0,7514000.0,,159428000.0,,69949000.0,-97748000.0,,824615000.0,137360000.0,12885000.0,,582000.0,,,504892000.0,837500000.0,332608000.0,837500000.0,72500000.0,72091000.0,72206000.0
Federal Realty Investment Trust,FRT,549300LI6XZ51GOCJ427,34903,2017.0,Q2,2017-04-01,2017-06-30,2018-08-01 16:25:21+00:00,1.05,1.05,,52666000.0,1.05,,,78133000.0,59137000.0,,76156000.0,1842000.0,,37128000.0,,18996000.0,-23953000.0,,204981000.0,35165000.0,3068000.0,,135000.0,,,124959000.0,208049000.0,83090000.0,208049000.0,72500000.0,72001000.0,72124000.0
Federal Realty Investment Trust,FRT,549300LI6XZ51GOCJ427,34903,2017.0,Q2YTD,2017-01-01,2017-06-30,,1.83,1.83,,104045000.0,1.83,,,136203000.0,117029000.0,,132211000.0,3722000.0,,78237000.0,,19174000.0,-47605000.0,,410180000.0,68522000.0,5258000.0,,270000.0,,,250804000.0,415438000.0,164634000.0,415438000.0,72500000.0,72001000.0,72124000.0
Federal Realty Investment Trust,FRT,549300LI6XZ51GOCJ427,34903,2017.0,Q2TTM,2016-07-01,2017-06-30,,3.45,3.45,,201396000.0,3.45,,,257125000.0,233006000.0,,248954000.0,7630000.0,,156766000.0,,24119000.0,-95566000.0,,810231000.0,133970000.0,10473000.0,,541000.0,,,492132000.0,820704000.0,328572000.0,820704000.0,72500000.0,72001000.0,72124000.0
Federal Realty Investment Trust,FRT,549300LI6XZ51GOCJ427,34903,2017.0,Q1,2017-01-01,2017-03-31,2018-05-02 16:26:27+00:00,0.78,0.78,,51379000.0,0.78,,,58070000.0,57892000.0,,56055000.0,1880000.0,,41109000.0,,178000.0,-23652000.0,,205199000.0,33357000.0,2190000.0,,135000.0,,,125845000.0,207389000.0,81544000.0,207389000.0,71900000.0,71862000.0,72005000.0
Federal Realty Investment Trust,FRT,549300LI6XZ51GOCJ427,34903,2017.0,Q1TTM,2016-04-01,2017-03-31,,3.19,3.19,,197165000.0,3.18,,,237890000.0,230980000.0,,228604000.0,8745000.0,,156616000.0,,6910000.0,-94637000.0,,799743000.0,131238000.0,10893000.0,,541000.0,,,485019000.0,810636000.0,325617000.0,810636000.0,71900000.0,71862000.0,72005000.0
Federal Realty Investment Trust,FRT,549300LI6XZ51GOCJ427,34903,2018.0,FY,2018-01-01,2018-12-31,2020-02-10 16:16:11+00:00,3.18,3.18,8.04,244245000.0,3.18,,110154000.0,249026000.0,249026000.0,,233865000.0,7119000.0,-109212000.0,173094000.0,-3398000.0,,,942000.0,915436000.0,148376000.0,,-11915000.0,8042000.0,110154000.0,942000.0,553800000.0,912038000.0,249026000.0,802826000.0,73500000.0,73274000.0,73302000.0
Federal Realty Investment Trust,FRT,549300LI6XZ51GOCJ427,34903,2018.0,Q4,2018-10-01,2018-12-31,,0.71,0.71,,66976000.0,0.71,,110154000.0,56382000.0,56382000.0,,52496000.0,1875000.0,-109212000.0,46507000.0,-3398000.0,,84152000.0,942000.0,235376000.0,48968000.0,,-11915000.0,2011000.0,110154000.0,942000.0,150536000.0,231978000.0,-27770000.0,122766000.0,73500000.0,73274000.0,73302000.0
Federal Realty Investment Trust,FRT,549300LI6XZ51GOCJ427,34903,2018.0,Q3,2018-07-01,2018-09-30,2019-10-30 16:14:36+00:00,0.82,0.82,,60778000.0,0.82,,,64180000.0,64180000.0,,60548000.0,1622000.0,,41909000.0,,,-29287000.0,,229753000.0,33599000.0,,,2010000.0,,,136286000.0,229753000.0,93467000.0,229753000.0,73800000.0,73400000.0,73408000.0
Federal Realty Investment Trust,FRT,549300LI6XZ51GOCJ427,34903,2018.0,Q3YTD,2018-01-01,2018-09-30,,2.47,2.47,,177269000.0,2.47,,,192644000.0,192644000.0,,181369000.0,5244000.0,,126587000.0,,,-84152000.0,,680060000.0,99408000.0,,,6031000.0,,,403264000.0,680060000.0,276796000.0,680060000.0,73800000.0,73400000.0,73408000.0
Federal Realty Investment Trust,FRT,549300LI6XZ51GOCJ427,34903,2018.0,Q3TTM,2017-10-01,2018-09-30,,3.14,3.14,,233663000.0,3.14,,100125000.0,245429000.0,315378000.0,,230014000.0,7373000.0,-99650000.0,171990000.0,-12690000.0,-69949000.0,-10157000.0,475000.0,914446000.0,138411000.0,-10429000.0,-77922000.0,8042000.0,100125000.0,475000.0,466142000.0,891327000.0,325535000.0,791677000.0,73800000.0,73400000.0,73408000.0
Federal Realty Investment Trust,FRT,549300LI6XZ51GOCJ427,34903,2018.0,Q2,2018-04-01,2018-06-30,2019-08-01 16:17:52+00:00,0.84,0.84,,58381000.0,0.84,,,65533000.0,65533000.0,,61584000.0,1938000.0,,39905000.0,,,-28335000.0,,224902000.0,32748000.0,,,2011000.0,,,131034000.0,224902000.0,93868000.0,224902000.0,73300000.0,72990000.0,73025000.0
Federal Realty Investment Trust,FRT,549300LI6XZ51GOCJ427,34903,2018.0,Q2YTD,2018-01-01,2018-06-30,,1.65,1.65,,116491000.0,1.65,,,128464000.0,128464000.0,,120821000.0,3622000.0,,84678000.0,,,-54865000.0,,450307000.0,65809000.0,,,4021000.0,,,266978000.0,450307000.0,183329000.0,450307000.0,73300000.0,72990000.0,73025000.0
Federal Realty Investment Trust,FRT,549300LI6XZ51GOCJ427,34903,2018.0,Q2TTM,2017-07-01,2018-06-30,,3.79,3.79,,228496000.0,3.79,,100125000.0,290131000.0,309305000.0,,276066000.0,7856000.0,-99650000.0,171331000.0,-12690000.0,-19174000.0,-7260000.0,475000.0,897475000.0,141407000.0,-5258000.0,-77922000.0,6209000.0,100125000.0,475000.0,463312000.0,879527000.0,316565000.0,779877000.0,73300000.0,72990000.0,73025000.0
Federal Realty Investment Trust,FRT,549300LI6XZ51GOCJ427,34903,2018.0,Q1,2018-01-01,2018-03-31,2019-05-02 16:26:34+00:00,0.81,0.81,2.0,58110000.0,0.81,,,62931000.0,62931000.0,,59237000.0,1684000.0,,44773000.0,,,-26530000.0,,225405000.0,33061000.0,,,2010000.0,,,135944000.0,225405000.0,89461000.0,225405000.0,73100000.0,72905000.0,72968000.0
Federal Realty Investment Trust,FRT,549300LI6XZ51GOCJ427,34903,2018.0,Q1TTM,2017-04-01,2018-03-31,,4.0,4.0,,222781000.0,4.0,,100125000.0,302731000.0,302909000.0,,290638000.0,7760000.0,-99650000.0,168554000.0,-12690000.0,-178000.0,-2878000.0,475000.0,877554000.0,143824000.0,-2190000.0,-77922000.0,4333000.0,100125000.0,475000.0,457237000.0,862674000.0,305787000.0,763024000.0,73100000.0,72905000.0,72968000.0
Federal Realty Investment Trust,FRT,549300LI6XZ51GOCJ427,34903,2019.0,Q4,2019-10-01,2019-12-31,,1.94,1.94,,61431000.0,1.94,,109623000.0,148966000.0,148966000.0,,145344000.0,1611000.0,-108357000.0,47649000.0,-2012000.0,,83114000.0,1266000.0,239149000.0,70241000.0,,-116393000.0,2011000.0,109623000.0,1266000.0,62928000.0,237137000.0,65852000.0,128780000.0,75000000.0,74766000.0,74766000.0
Federal Realty Investment Trust,FRT,549300LI6XZ51GOCJ427,34903,2019.0,FY,2019-01-01,2019-12-31,2020-02-10 16:16:11+00:00,4.61,4.61,8.22,239758000.0,4.61,,109623000.0,360542000.0,360542000.0,,345824000.0,6676000.0,-108357000.0,187831000.0,-2012000.0,,,1266000.0,935788000.0,153681000.0,,-116393000.0,8042000.0,109623000.0,1266000.0,464877000.0,933776000.0,360542000.0,825419000.0,75000000.0,74766000.0,74766000.0
Federal Realty Investment Trust,FRT,549300LI6XZ51GOCJ427,34903,2019.0,Q3YTD,2019-01-01,2019-09-30,,2.67,2.67,,178327000.0,2.67,,,211576000.0,211576000.0,,200480000.0,5065000.0,,140182000.0,,,-83114000.0,,696639000.0,83440000.0,,,6031000.0,,,401949000.0,696639000.0,294690000.0,696639000.0,75500000.0,74832000.0,74832000.0
Federal Realty Investment Trust,FRT,549300LI6XZ51GOCJ427,34903,2019.0,Q3TTM,2018-10-01,2019-09-30,,3.38,3.38,,245303000.0,3.38,,110154000.0,267958000.0,267958000.0,,252976000.0,6940000.0,-109212000.0,186689000.0,-3398000.0,,1038000.0,942000.0,932015000.0,132408000.0,,-11915000.0,8042000.0,110154000.0,942000.0,552485000.0,928617000.0,266920000.0,819405000.0,75500000.0,74832000.0,74832000.0
Federal Realty Investment Trust,FRT,549300LI6XZ51GOCJ427,34903,2019.0,Q3,2019-07-01,2019-09-30,2019-10-30 16:14:36+00:00,0.84,0.84,,59648000.0,0.84,,,67106000.0,67106000.0,,63455000.0,1641000.0,,54484000.0,,,-26912000.0,,233947000.0,25797000.0,,,2010000.0,,,139929000.0,233947000.0,94018000.0,233947000.0,75500000.0,74832000.0,74832000.0
Federal Realty Investment Trust,FRT,549300LI6XZ51GOCJ427,34903,2019.0,Q2YTD,2019-01-01,2019-06-30,,1.83,1.83,,118679000.0,1.83,,,144470000.0,144470000.0,,137025000.0,3424000.0,,85698000.0,,,-56202000.0,,462692000.0,57643000.0,,,4021000.0,,,262020000.0,462692000.0,200672000.0,462692000.0,75100000.0,74713000.0,74713000.0
Federal Realty Investment Trust,FRT,549300LI6XZ51GOCJ427,34903,2019.0,Q2TTM,2018-07-01,2019-06-30,,3.36,3.36,,246433000.0,3.36,,110154000.0,265032000.0,265032000.0,,250069000.0,6921000.0,-109212000.0,174114000.0,-3398000.0,,-1337000.0,942000.0,927821000.0,140210000.0,,-11915000.0,8042000.0,110154000.0,942000.0,548842000.0,924423000.0,266369000.0,815211000.0,75100000.0,74713000.0,74713000.0
Federal Realty Investment Trust,FRT,549300LI6XZ51GOCJ427,34903,2019.0,Q2,2019-04-01,2019-06-30,2019-08-01 16:17:52+00:00,1.05,1.05,,59057000.0,1.05,,,82667000.0,82667000.0,,78891000.0,1765000.0,,41438000.0,,,-26912000.0,,230465000.0,20391000.0,,,2011000.0,,,120886000.0,230465000.0,109579000.0,230465000.0,75100000.0,74713000.0,74713000.0
Federal Realty Investment Trust,FRT,549300LI6XZ51GOCJ427,34903,2019.0,Q1,2019-01-01,2019-03-31,2020-05-06 16:24:48+00:00,0.78,0.78,2.04,59622000.0,0.78,,,61803000.0,61803000.0,,58134000.0,1659000.0,,44260000.0,,,-29290000.0,,232227000.0,37252000.0,,,2010000.0,,,141134000.0,232227000.0,91093000.0,232227000.0,74500000.0,74200000.0,74200000.0
Federal Realty Investment Trust,FRT,549300LI6XZ51GOCJ427,34903,2019.0,Q1TTM,2018-04-01,2019-03-31,,3.15,3.15,,245757000.0,3.15,,110154000.0,247898000.0,247898000.0,,232762000.0,7094000.0,-109212000.0,172581000.0,-3398000.0,,-2760000.0,942000.0,922258000.0,152567000.0,,-11915000.0,8042000.0,110154000.0,942000.0,558990000.0,918860000.0,250658000.0,809648000.0,74500000.0,74200000.0,74200000.0
Federal Realty Investment Trust,FRT,549300LI6XZ51GOCJ427,34903,2020.0,Q1TTM,2019-04-01,2020-03-31,,4.53,4.53,,242324000.0,4.53,,109623000.0,355180000.0,355180000.0,,340443000.0,6695000.0,-108357000.0,187883000.0,-2012000.0,,-11000.0,1266000.0,935118000.0,155744000.0,,-116393000.0,8042000.0,109623000.0,1266000.0,469558000.0,933106000.0,355191000.0,824749000.0,75400000.0,75360000.0,75360000.0
Federal Realty Investment Trust,FRT,549300LI6XZ51GOCJ427,34903,2020.0,Q1,2020-01-01,2020-03-31,2020-05-06 16:24:48+00:00,0.7,0.7,2.1,62188000.0,0.7,,,56441000.0,56441000.0,,52753000.0,1678000.0,,44312000.0,,,-29301000.0,,231557000.0,39315000.0,,,2010000.0,,,145815000.0,231557000.0,85742000.0,231557000.0,75400000.0,75360000.0,75360000.0
