company_name,company_ticker,company_lei,company_cik,year,quarter,start_date,end_date,filing_date,amortizationexpense,basicdilutedeps,basiceps,cashdividendspershare,dilutedeps,impairmentexpense,incometaxexpense,longtermdebtinterestexpense,netincome,netincomecontinuing,netincometocommon,netincometononcontrollinginterest,netinterestincome,netrealizedcapitalgains,nonoperatingincome,othernoninterestincome,otheroperatingexpenses,otherservicechargeincome,policyacquisitioncosts,preferreddividends,premiumsearned,propertyliabilityinsuranceclaims,servicechargesondepositsincome,totalinterestexpense,totalnoninterestexpense,totalnoninterestincome,totalpretaxincome,totalrevenue,weightedavebasicdilutedsharesos,weightedavebasicsharesos,weightedavedilutedsharesos
Progressive Corp,PGR,,80661,2007.0,FY,2007-01-01,2007-12-31,2010-03-01 12:58:58+00:00,1399900000.0,1.66,1.66,,1.65,,510500000.0,108600000.0,1182500000.0,1182500000.0,1182500000.0,,-108600000.0,106300000.0,,680800000.0,32900000.0,,1526200000.0,,13877400000.0,9926200000.0,22300000.0,108600000.0,12885200000.0,14686800000.0,1693000000.0,14578200000.0,712300000.0,710400000.0,718500000.0
Progressive Corp,PGR,,80661,2008.0,FY,2008-01-01,2008-12-31,2011-03-01 11:13:25+00:00,1358100000.0,-0.1,-0.1,,-0.1,,-152300000.0,136700000.0,-70000000.0,-70000000.0,-70000000.0,,-136700000.0,-1445100000.0,,637700000.0,29200000.0,,1523400000.0,,13631400000.0,10015000000.0,16100000.0,136700000.0,12925700000.0,12840100000.0,-222300000.0,12703400000.0,700000000.0,668000000.0,673900000.0
Progressive Corp,PGR,,80661,2008.0,Q3,2008-07-01,2008-09-30,2009-11-09 10:55:52+00:00,339300000.0,-1.03,-1.03,0.0,-1.03,,-396700000.0,34200000.0,-684200000.0,-684200000.0,-684200000.0,,-34200000.0,-1373400000.0,,163500000.0,8000000.0,,391900000.0,,3416200000.0,2517600000.0,3800000.0,34200000.0,3256800000.0,2210100000.0,-1080900000.0,2175900000.0,664300000.0,666300000.0,672800000.0
Progressive Corp,PGR,,80661,2008.0,Q2,2008-04-01,2008-06-30,2009-08-10 10:13:11+00:00,340700000.0,0.32,0.32,0.0,0.32,,87000000.0,34300000.0,215500000.0,215500000.0,215500000.0,,-34300000.0,-44600000.0,,165800000.0,8300000.0,,379500000.0,,3411200000.0,2471300000.0,4200000.0,34300000.0,3199800000.0,3536600000.0,302500000.0,3502300000.0,673400000.0,667400000.0,673700000.0
Progressive Corp,PGR,,80661,2009.0,Q4,2009-10-01,2009-12-31,,360500000.0,0.47,0.47,,0.45,,149300000.0,35300000.0,305000000.0,305000000.0,305000000.0,,-35300000.0,45800000.0,,130800000.0,7600000.0,,397500000.0,,3719400000.0,2645400000.0,4600000.0,35300000.0,3411000000.0,3900600000.0,454300000.0,3865300000.0,665100000.0,666800000.0,672200000.0
Progressive Corp,PGR,,80661,2009.0,FY,2009-01-01,2009-12-31,2012-02-28 11:01:45+00:00,1364600000.0,1.59,1.59,,1.57,,499400000.0,139000000.0,1057500000.0,1057500000.0,1057500000.0,,-139000000.0,27100000.0,,507000000.0,30500000.0,,1567700000.0,,14012800000.0,9904900000.0,16700000.0,139000000.0,12867700000.0,14563600000.0,1556900000.0,14424600000.0,665100000.0,666800000.0,672200000.0
Progressive Corp,PGR,,80661,2009.0,Q3YTD,2009-01-01,2009-09-30,,1004100000.0,1.12,1.12,,1.12,,350100000.0,103700000.0,752500000.0,752500000.0,752500000.0,,-103700000.0,-18700000.0,,376200000.0,22900000.0,,1170200000.0,,10293400000.0,7259500000.0,12100000.0,103700000.0,9456700000.0,10663000000.0,1102600000.0,10559300000.0,674800000.0,666700000.0,672800000.0
Progressive Corp,PGR,,80661,2009.0,Q3,2009-07-01,2009-09-30,2010-11-08 11:10:07+00:00,333800000.0,0.4,0.4,0.0,0.4,,102100000.0,35300000.0,269900000.0,269900000.0,269900000.0,,-35300000.0,38800000.0,,122600000.0,8400000.0,,401900000.0,,3445400000.0,2459900000.0,4500000.0,35300000.0,3204000000.0,3611300000.0,372000000.0,3576000000.0,674800000.0,666700000.0,672800000.0
Progressive Corp,PGR,,80661,2009.0,Q2YTD,2009-01-01,2009-06-30,,670300000.0,0.72,0.72,,0.72,,248000000.0,68400000.0,482600000.0,482600000.0,482600000.0,,-68400000.0,-57500000.0,,253600000.0,14500000.0,,768300000.0,,6848000000.0,4799600000.0,7600000.0,68400000.0,6252700000.0,7051700000.0,730600000.0,6983300000.0,675900000.0,669200000.0,674600000.0
Progressive Corp,PGR,,80661,2009.0,Q2,2009-04-01,2009-06-30,2010-08-05 10:40:11+00:00,334100000.0,0.37,0.37,0.0,0.37,,103800000.0,34700000.0,250100000.0,250100000.0,250100000.0,,-34700000.0,15900000.0,,122100000.0,7300000.0,,390900000.0,,3441400000.0,2462600000.0,4100000.0,34700000.0,3194900000.0,3583500000.0,353900000.0,3548800000.0,675900000.0,669200000.0,674600000.0
Progressive Corp,PGR,,80661,2009.0,Q1,2009-01-01,2009-03-31,2010-05-10 09:48:42+00:00,336200000.0,0.35,0.35,0.0,0.35,,144200000.0,33700000.0,232500000.0,232500000.0,232500000.0,,-33700000.0,-73400000.0,,131500000.0,7200000.0,,377400000.0,,3406600000.0,2337000000.0,3500000.0,33700000.0,3057800000.0,3468200000.0,376700000.0,3434500000.0,664300000.0,668600000.0,672000000.0
Progressive Corp,PGR,,80661,2010.0,Q4,2010-10-01,2010-12-31,,345600000.0,0.45,0.45,,0.45,13800000.0,127000000.0,31300000.0,299200000.0,299200000.0,299200000.0,,-31300000.0,72600000.0,,147300000.0,8900000.0,252200000.0,660500000.0,,3623600000.0,2621300000.0,11900000.0,31300000.0,3650100000.0,4107600000.0,426200000.0,4076300000.0,659400000.0,657900000.0,663300000.0
Progressive Corp,PGR,,80661,2010.0,FY,2010-01-01,2010-12-31,2013-02-26 11:06:58+00:00,1359900000.0,1.62,1.62,,1.61,,496900000.0,133500000.0,1068300000.0,1068300000.0,1068300000.0,,-133500000.0,102500000.0,,520100000.0,33300000.0,252200000.0,1992300000.0,,14314800000.0,10131300000.0,25900000.0,133500000.0,13516800000.0,15215500000.0,1565200000.0,15082000000.0,659400000.0,657900000.0,663300000.0
Progressive Corp,PGR,,80661,2010.0,Q3YTD,2010-01-01,2010-09-30,,1014300000.0,1.17,1.17,,1.16,-13800000.0,369900000.0,102200000.0,769100000.0,769100000.0,769100000.0,,-102200000.0,29900000.0,,372800000.0,24400000.0,,1331800000.0,,10691200000.0,7510000000.0,14000000.0,102200000.0,9866700000.0,11107900000.0,1139000000.0,11005700000.0,654000000.0,655800000.0,661200000.0
Progressive Corp,PGR,,80661,2010.0,Q3TTM,2009-10-01,2010-09-30,,1374800000.0,1.64,1.64,,1.61,-13800000.0,519200000.0,137500000.0,1074100000.0,1074100000.0,1074100000.0,,-137500000.0,75700000.0,,503600000.0,32000000.0,,1729300000.0,,14410600000.0,10155400000.0,18600000.0,137500000.0,13277700000.0,15008500000.0,1593300000.0,14871000000.0,654000000.0,655800000.0,661200000.0
Progressive Corp,PGR,,80661,2010.0,Q3,2010-07-01,2010-09-30,2011-11-07 09:55:19+00:00,342400000.0,0.4,0.4,0.0,0.4,-2100000.0,125600000.0,31900000.0,261600000.0,261600000.0,261600000.0,,-31900000.0,33100000.0,,129600000.0,5500000.0,,459100000.0,,3599900000.0,2543400000.0,4800000.0,31900000.0,3348300000.0,3767400000.0,387200000.0,3735500000.0,654000000.0,655800000.0,661200000.0
Progressive Corp,PGR,,80661,2010.0,Q2YTD,2010-01-01,2010-06-30,,671900000.0,0.77,0.77,,0.76,-11700000.0,244300000.0,70300000.0,507500000.0,507500000.0,507500000.0,,-70300000.0,-3200000.0,,243200000.0,18900000.0,,872700000.0,,7091300000.0,4966600000.0,9200000.0,70300000.0,6518400000.0,7340500000.0,751800000.0,7270200000.0,662200000.0,660400000.0,665700000.0
Progressive Corp,PGR,,80661,2010.0,Q2TTM,2009-07-01,2010-06-30,,1366200000.0,1.64,1.64,,1.61,-11700000.0,495700000.0,140900000.0,1082400000.0,1082400000.0,1082400000.0,,-140900000.0,81400000.0,,496600000.0,34900000.0,,1672100000.0,,14256100000.0,10071900000.0,18300000.0,140900000.0,13133400000.0,14852400000.0,1578100000.0,14711500000.0,662200000.0,660400000.0,665700000.0
Progressive Corp,PGR,,80661,2010.0,Q2,2010-04-01,2010-06-30,2011-08-09 11:31:19+00:00,338800000.0,0.32,0.32,0.0,0.32,-8600000.0,101000000.0,35100000.0,211900000.0,211900000.0,211900000.0,,-35100000.0,-40200000.0,,122700000.0,10100000.0,,446200000.0,,3590200000.0,2543200000.0,5000000.0,35100000.0,3329700000.0,3677700000.0,312900000.0,3642600000.0,662200000.0,660400000.0,665700000.0
Progressive Corp,PGR,,80661,2010.0,Q1TTM,2009-04-01,2010-03-31,,1361500000.0,1.69,1.69,,1.66,-3100000.0,498500000.0,140500000.0,1120600000.0,1120600000.0,1120600000.0,,-140500000.0,137500000.0,,496000000.0,32100000.0,,1616800000.0,,14107300000.0,9991300000.0,17400000.0,140500000.0,12998600000.0,14758200000.0,1619100000.0,14617700000.0,656900000.0,661400000.0,666400000.0
Progressive Corp,PGR,,80661,2010.0,Q1,2010-01-01,2010-03-31,2011-05-09 11:19:00+00:00,333100000.0,0.45,0.45,0.0,0.44,-3100000.0,143300000.0,35200000.0,295600000.0,295600000.0,295600000.0,,-35200000.0,37000000.0,,120500000.0,8800000.0,,426500000.0,,3501100000.0,2423400000.0,4200000.0,35200000.0,3188700000.0,3662800000.0,438900000.0,3627600000.0,656900000.0,661400000.0,666400000.0
Progressive Corp,PGR,,80661,2011.0,Q4,2011-10-01,2011-12-31,,354000000.0,0.43,0.43,,0.42,,118700000.0,36300000.0,256700000.0,256700000.0,256700000.0,,-36300000.0,29500000.0,,118500000.0,8400000.0,266500000.0,706800000.0,,3776900000.0,2716500000.0,6000000.0,36300000.0,3785700000.0,4197400000.0,375400000.0,4161100000.0,630700000.0,632300000.0,636900000.0
Progressive Corp,PGR,,80661,2011.0,FY,2011-01-01,2011-12-31,2014-02-26 13:05:32+00:00,1399200000.0,1.61,1.61,,1.59,,471500000.0,132700000.0,1015500000.0,1015500000.0,1015500000.0,,-132700000.0,102500000.0,,480000000.0,32900000.0,266500000.0,2088000000.0,,14902800000.0,10634800000.0,22800000.0,132700000.0,14154900000.0,15774600000.0,1487000000.0,15641900000.0,630700000.0,632300000.0,636900000.0
Progressive Corp,PGR,,80661,2011.0,Q3YTD,2011-01-01,2011-09-30,,1045200000.0,1.18,1.18,,1.17,,352800000.0,96400000.0,758800000.0,758800000.0,758800000.0,,-96400000.0,73000000.0,,361500000.0,24500000.0,,1381200000.0,,11125900000.0,7918300000.0,16800000.0,96400000.0,10369200000.0,11577200000.0,1111600000.0,11480800000.0,627900000.0,626900000.0,631400000.0
Progressive Corp,PGR,,80661,2011.0,Q3TTM,2010-10-01,2011-09-30,,1390800000.0,1.63,1.63,,1.62,13800000.0,479800000.0,127700000.0,1058000000.0,1058000000.0,1058000000.0,,-127700000.0,145600000.0,,508800000.0,33400000.0,252200000.0,2041700000.0,,14749500000.0,10539600000.0,28700000.0,127700000.0,14019300000.0,15684800000.0,1537800000.0,15557100000.0,627900000.0,626900000.0,631400000.0
Progressive Corp,PGR,,80661,2011.0,Q3,2011-07-01,2011-09-30,2012-11-01 09:18:11+00:00,350200000.0,0.24,0.24,0.0,0.24,,57800000.0,33400000.0,150700000.0,150700000.0,150700000.0,,-33400000.0,-52700000.0,,117400000.0,9100000.0,,460500000.0,,3740700000.0,2749300000.0,5600000.0,33400000.0,3569100000.0,3811000000.0,208500000.0,3777600000.0,627900000.0,626900000.0,631400000.0
Progressive Corp,PGR,,80661,2011.0,Q2YTD,2011-01-01,2011-06-30,,695000000.0,0.94,0.94,,0.93,,295000000.0,63000000.0,608100000.0,608100000.0,608100000.0,,-63000000.0,125700000.0,,244100000.0,15400000.0,,920700000.0,,7385200000.0,5169000000.0,11200000.0,63000000.0,6800100000.0,7766200000.0,903100000.0,7703200000.0,645300000.0,643600000.0,647900000.0
Progressive Corp,PGR,,80661,2011.0,Q2TTM,2010-07-01,2011-06-30,,1383000000.0,1.79,1.79,,1.78,11700000.0,547600000.0,126200000.0,1168900000.0,1168900000.0,1168900000.0,,-126200000.0,231400000.0,,521000000.0,29800000.0,252200000.0,2040300000.0,,14608700000.0,10333700000.0,27900000.0,126200000.0,13798500000.0,15641200000.0,1716500000.0,15515000000.0,645300000.0,643600000.0,647900000.0
Progressive Corp,PGR,,80661,2011.0,Q2,2011-04-01,2011-06-30,2012-08-02 09:14:10+00:00,348300000.0,0.38,0.38,0.0,0.38,,112500000.0,31500000.0,245200000.0,245200000.0,245200000.0,,-31500000.0,26000000.0,,120800000.0,8300000.0,,466000000.0,,3719900000.0,2660900000.0,6000000.0,31500000.0,3483500000.0,3872700000.0,357700000.0,3841200000.0,645300000.0,643600000.0,647900000.0
Progressive Corp,PGR,,80661,2011.0,Q1TTM,2010-04-01,2011-03-31,,1373500000.0,1.73,1.73,,1.72,3100000.0,536100000.0,129800000.0,1135600000.0,1135600000.0,1135600000.0,,-129800000.0,165200000.0,,522900000.0,31600000.0,252200000.0,2020500000.0,,14479000000.0,10216000000.0,26900000.0,129800000.0,13644700000.0,15446200000.0,1671700000.0,15316400000.0,648000000.0,651800000.0,655800000.0
Progressive Corp,PGR,,80661,2011.0,Q1,2011-01-01,2011-03-31,2012-05-07 10:25:14+00:00,346700000.0,0.56,0.56,0.0,0.55,,182500000.0,31500000.0,362900000.0,362900000.0,362900000.0,,-31500000.0,99700000.0,,123300000.0,7100000.0,,454700000.0,,3665300000.0,2508100000.0,5200000.0,31500000.0,3316600000.0,3893500000.0,545400000.0,3862000000.0,648000000.0,651800000.0,655800000.0
Progressive Corp,PGR,,80661,2012.0,Q4,2012-10-01,2012-12-31,,355200000.0,0.42,0.42,,0.41,,104400000.0,30600000.0,249100000.0,249100000.0,249100000.0,,-30600000.0,62100000.0,,106800000.0,12500000.0,68300000.0,525100000.0,,4105600000.0,3073700000.0,7800000.0,30600000.0,3966500000.0,4350600000.0,353500000.0,4320000000.0,601500000.0,603300000.0,607800000.0
Progressive Corp,PGR,,80661,2012.0,FY,2012-01-01,2012-12-31,2015-03-02 10:59:13+00:00,1436600000.0,1.5,1.5,,1.48,,415400000.0,123800000.0,902300000.0,902300000.0,902300000.0,,-123800000.0,305000000.0,,443000000.0,51500000.0,281800000.0,2206300000.0,,16018000000.0,11948000000.0,36100000.0,123800000.0,15642400000.0,17083900000.0,1317700000.0,16960100000.0,601500000.0,603300000.0,607800000.0
Progressive Corp,PGR,,80661,2012.0,Q3YTD,2012-01-01,2012-09-30,,1081400000.0,1.08,1.08,,1.07,,311000000.0,93200000.0,653200000.0,653200000.0,653200000.0,,-93200000.0,242900000.0,,336200000.0,39000000.0,213500000.0,1681200000.0,,11912400000.0,8874300000.0,28300000.0,93200000.0,11675900000.0,12733300000.0,964200000.0,12640100000.0,602200000.0,601900000.0,606500000.0
Progressive Corp,PGR,,80661,2012.0,Q3TTM,2011-10-01,2012-09-30,,1435400000.0,1.51,1.51,,1.49,,429700000.0,129500000.0,909900000.0,909900000.0,909900000.0,,-129500000.0,272400000.0,,454700000.0,47400000.0,480000000.0,2388000000.0,,15689300000.0,11590800000.0,34300000.0,129500000.0,15461600000.0,16930700000.0,1339600000.0,16801200000.0,602200000.0,601900000.0,606500000.0
Progressive Corp,PGR,,80661,2012.0,Q3,2012-07-01,2012-09-30,2013-11-12 10:57:35+00:00,357300000.0,0.46,0.46,0.0,0.46,,135400000.0,30600000.0,277000000.0,277000000.0,277000000.0,,-30600000.0,171800000.0,,109000000.0,12900000.0,78400000.0,542500000.0,,4054800000.0,3068200000.0,9900000.0,30600000.0,3980900000.0,4423900000.0,412400000.0,4393300000.0,602200000.0,601900000.0,606500000.0
Progressive Corp,PGR,,80661,2012.0,Q2YTD,2012-01-01,2012-06-30,,724100000.0,0.62,0.62,,0.61,,175600000.0,62600000.0,376200000.0,376200000.0,376200000.0,,-62600000.0,71100000.0,,227200000.0,26100000.0,135100000.0,1138700000.0,,7857600000.0,5806100000.0,18400000.0,62600000.0,7695000000.0,8309400000.0,551800000.0,8246800000.0,593000000.0,604800000.0,608900000.0
Progressive Corp,PGR,,80661,2012.0,Q2TTM,2011-07-01,2012-06-30,,1428300000.0,1.29,1.29,,1.27,,352100000.0,132300000.0,783600000.0,783600000.0,783600000.0,,-132300000.0,47900000.0,,463100000.0,43600000.0,401600000.0,2306000000.0,,15375200000.0,11271900000.0,30000000.0,132300000.0,15049800000.0,16317800000.0,1135700000.0,16185500000.0,593000000.0,604800000.0,608900000.0
Progressive Corp,PGR,,80661,2012.0,Q2,2012-04-01,2012-06-30,2013-08-06 11:12:44+00:00,364500000.0,0.2,0.2,0.0,0.19,,49100000.0,30700000.0,118600000.0,118600000.0,118600000.0,,-30700000.0,-5700000.0,,112500000.0,13700000.0,69900000.0,562700000.0,,3996100000.0,3043700000.0,10200000.0,30700000.0,3984600000.0,4183000000.0,167700000.0,4152300000.0,593000000.0,604800000.0,608900000.0
Progressive Corp,PGR,,80661,2012.0,Q1TTM,2011-04-01,2012-03-31,,1412100000.0,1.47,1.47,,1.46,,415500000.0,133100000.0,910200000.0,910200000.0,910200000.0,,-133100000.0,79600000.0,,471400000.0,38200000.0,331700000.0,2209300000.0,,15099000000.0,10889100000.0,25800000.0,133100000.0,14548700000.0,16007500000.0,1325700000.0,15874400000.0,613300000.0,606200000.0,610000000.0
Progressive Corp,PGR,,80661,2012.0,Q1,2012-01-01,2012-03-31,2013-05-02 10:15:18+00:00,359600000.0,0.42,0.42,0.0,0.42,,126500000.0,31900000.0,257600000.0,257600000.0,257600000.0,,-31900000.0,76800000.0,,114700000.0,12400000.0,65200000.0,576000000.0,,3861500000.0,2762400000.0,8200000.0,31900000.0,3710400000.0,4126400000.0,384100000.0,4094500000.0,613300000.0,606200000.0,610000000.0
Progressive Corp,PGR,,80661,2013.0,FY,2013-01-01,2013-12-31,2016-02-29 12:40:21+00:00,1451800000.0,1.95,1.95,,1.93,,554600000.0,118200000.0,1165400000.0,1165400000.0,1165400000.0,0.0,-118200000.0,314100000.0,,422000000.0,57600000.0,291800000.0,2350900000.0,,17103400000.0,12472400000.0,39600000.0,118200000.0,16332700000.0,18170900000.0,1720000000.0,18052700000.0,597600000.0,599100000.0,603600000.0
Progressive Corp,PGR,,80661,2013.0,Q4,2013-10-01,2013-12-31,,365800000.0,0.51,0.51,,0.49,,125800000.0,26800000.0,299800000.0,299800000.0,299800000.0,,-26800000.0,77000000.0,,111900000.0,13000000.0,76500000.0,581900000.0,,4344100000.0,3205700000.0,9300000.0,26800000.0,4166400000.0,4618800000.0,425600000.0,4592000000.0,597600000.0,599100000.0,603600000.0
Progressive Corp,PGR,,80661,2013.0,Q3,2013-07-01,2013-09-30,2014-10-29 11:04:23+00:00,363100000.0,0.39,0.39,0.0,0.39,,112600000.0,30400000.0,232400000.0,232400000.0,232400000.0,,-30400000.0,23600000.0,,107400000.0,16300000.0,76000000.0,602300000.0,,4303000000.0,3164200000.0,11300000.0,30400000.0,4145900000.0,4521300000.0,345000000.0,4490900000.0,595900000.0,598900000.0,603500000.0
Progressive Corp,PGR,,80661,2013.0,Q3YTD,2013-01-01,2013-09-30,,1086000000.0,1.44,1.44,,1.44,,428800000.0,91400000.0,865600000.0,865600000.0,865600000.0,,-91400000.0,237100000.0,,310100000.0,44600000.0,215300000.0,1769000000.0,,12759300000.0,9266700000.0,30300000.0,91400000.0,12166300000.0,13552100000.0,1294400000.0,13460700000.0,595900000.0,598900000.0,603500000.0
Progressive Corp,PGR,,80661,2013.0,Q3TTM,2012-10-01,2013-09-30,,1441200000.0,1.86,1.86,,1.85,,533200000.0,122000000.0,1114700000.0,1114700000.0,1114700000.0,,-122000000.0,299200000.0,,416900000.0,57100000.0,283600000.0,2294100000.0,,16864900000.0,12340400000.0,38100000.0,122000000.0,16132800000.0,17902700000.0,1647900000.0,17780700000.0,595900000.0,598900000.0,603500000.0
Progressive Corp,PGR,,80661,2013.0,Q2YTD,2013-01-01,2013-06-30,,722900000.0,1.05,1.05,,1.05,,316200000.0,61000000.0,633200000.0,633200000.0,633200000.0,,-61000000.0,213500000.0,,202700000.0,28300000.0,139300000.0,1166700000.0,,8456300000.0,6102500000.0,19000000.0,61000000.0,8020400000.0,9030800000.0,949400000.0,8969800000.0,601100000.0,599500000.0,603600000.0
Progressive Corp,PGR,,80661,2013.0,Q2TTM,2012-07-01,2013-06-30,,1435400000.0,1.93,1.93,,1.92,,556000000.0,122200000.0,1159300000.0,1159300000.0,1159300000.0,,-122200000.0,447400000.0,,418500000.0,53700000.0,286000000.0,2234300000.0,,16616700000.0,12244400000.0,36700000.0,122200000.0,15967800000.0,17805300000.0,1715300000.0,17683100000.0,601100000.0,599500000.0,603600000.0
Progressive Corp,PGR,,80661,2013.0,Q2,2013-04-01,2013-06-30,2014-07-30 11:58:13+00:00,364000000.0,0.54,0.54,0.0,0.54,,161700000.0,30400000.0,324600000.0,324600000.0,324600000.0,,-30400000.0,132900000.0,,102200000.0,14800000.0,70900000.0,581100000.0,,4277000000.0,3117000000.0,10600000.0,30400000.0,4076900000.0,4593600000.0,486300000.0,4563200000.0,601100000.0,599500000.0,603600000.0
Progressive Corp,PGR,,80661,2013.0,Q1TTM,2012-04-01,2013-03-31,,1435900000.0,1.59,1.59,,1.57,,443400000.0,122500000.0,953300000.0,953300000.0,953300000.0,,-122500000.0,308800000.0,,428800000.0,52600000.0,285000000.0,2215900000.0,,16335800000.0,12171100000.0,36300000.0,122500000.0,15875500000.0,17394700000.0,1396700000.0,17272200000.0,605100000.0,600600000.0,604400000.0
Progressive Corp,PGR,,80661,2013.0,Q1,2013-01-01,2013-03-31,2014-05-12 10:30:09+00:00,358900000.0,0.51,0.51,0.0,0.51,,154500000.0,30600000.0,308600000.0,308600000.0,308600000.0,,-30600000.0,80600000.0,,100500000.0,13500000.0,68400000.0,585600000.0,,4179300000.0,2985500000.0,8400000.0,30600000.0,3943500000.0,4437200000.0,463100000.0,4406600000.0,605100000.0,600600000.0,604400000.0
Progressive Corp,PGR,,80661,2014.0,FY,2014-01-01,2014-12-31,2017-03-01 11:59:52+00:00,1524000000.0,2.17,2.17,,2.15,,626400000.0,116900000.0,1281000000.0,1281000000.0,1281000000.0,0.0,-116900000.0,219400000.0,,408400000.0,69800000.0,309100000.0,2467100000.0,,18398500000.0,13306200000.0,56000000.0,116900000.0,17367100000.0,19391400000.0,1907400000.0,19274500000.0,590300000.0,590600000.0,594800000.0
Progressive Corp,PGR,,80661,2014.0,Q4,2014-10-01,2014-12-31,,405000000.0,0.63,0.63,,0.62,,176200000.0,29900000.0,370200000.0,370200000.0,370200000.0,,-29900000.0,26200000.0,,104200000.0,19700000.0,86000000.0,635800000.0,,4942600000.0,3539400000.0,17200000.0,29900000.0,4599900000.0,5176200000.0,546400000.0,5146300000.0,590300000.0,590600000.0,594800000.0
Progressive Corp,PGR,,80661,2014.0,Q3YTD,2014-01-01,2014-09-30,,1119000000.0,1.54,1.54,,1.53,,450200000.0,87000000.0,910800000.0,910800000.0,910800000.0,,-87000000.0,193200000.0,,304200000.0,50100000.0,223100000.0,1831300000.0,,13455900000.0,9766800000.0,38800000.0,87000000.0,12767200000.0,14215200000.0,1361000000.0,14128200000.0,592200000.0,589800000.0,593700000.0
Progressive Corp,PGR,,80661,2014.0,Q3TTM,2013-10-01,2014-09-30,,1484800000.0,2.05,2.05,,2.02,,576000000.0,113800000.0,1210600000.0,1210600000.0,1210600000.0,,-113800000.0,270200000.0,,416100000.0,63100000.0,299600000.0,2413200000.0,,17800000000.0,12972500000.0,48100000.0,113800000.0,16933600000.0,18834000000.0,1786600000.0,18720200000.0,592200000.0,589800000.0,593700000.0
Progressive Corp,PGR,,80661,2014.0,Q3,2014-07-01,2014-09-30,2015-11-05 11:02:02+00:00,375200000.0,0.5,0.5,0.0,0.5,,145700000.0,30700000.0,296100000.0,296100000.0,296100000.0,0.0,-30700000.0,33400000.0,,101700000.0,17400000.0,75900000.0,609200000.0,,4540100000.0,3291800000.0,15000000.0,30700000.0,4293600000.0,4766100000.0,441800000.0,4735400000.0,592200000.0,589800000.0,593700000.0
Progressive Corp,PGR,,80661,2014.0,Q2YTD,2014-01-01,2014-06-30,,743800000.0,1.04,1.04,,1.03,,304500000.0,56300000.0,614700000.0,614700000.0,614700000.0,,-56300000.0,159800000.0,,202500000.0,32700000.0,147200000.0,1222100000.0,,8915800000.0,6475000000.0,23800000.0,56300000.0,8473600000.0,9449100000.0,919200000.0,9392800000.0,586800000.0,591200000.0,595500000.0
Progressive Corp,PGR,,80661,2014.0,Q2TTM,2013-07-01,2014-06-30,,1472700000.0,1.94,1.94,,1.91,,542900000.0,113500000.0,1146900000.0,1146900000.0,1146900000.0,,-113500000.0,260400000.0,,421800000.0,62000000.0,299700000.0,2406300000.0,,17562900000.0,12844900000.0,44400000.0,113500000.0,16785900000.0,18589200000.0,1689800000.0,18475700000.0,586800000.0,591200000.0,595500000.0
Progressive Corp,PGR,,80661,2014.0,Q2,2014-04-01,2014-06-30,2015-08-05 12:35:49+00:00,374800000.0,0.5,0.5,0.0,0.49,,144000000.0,29600000.0,293400000.0,293400000.0,293400000.0,0.0,-29600000.0,40400000.0,,99200000.0,18900000.0,74400000.0,611700000.0,,4513500000.0,3269100000.0,14000000.0,29600000.0,4274500000.0,4741500000.0,437400000.0,4711900000.0,586800000.0,591200000.0,595500000.0
Progressive Corp,PGR,,80661,2014.0,Q1,2014-01-01,2014-03-31,2015-05-11 16:21:33+00:00,369000000.0,0.54,0.54,0.0,0.54,,160500000.0,26700000.0,321300000.0,321300000.0,321300000.0,,-26700000.0,119400000.0,,103300000.0,13800000.0,72800000.0,610400000.0,,4402300000.0,3205900000.0,9800000.0,26700000.0,4199100000.0,4707600000.0,481800000.0,4680900000.0,595000000.0,593900000.0,597700000.0
Progressive Corp,PGR,,80661,2014.0,Q1TTM,2013-04-01,2014-03-31,,1461900000.0,1.98,1.98,,1.96,,560600000.0,114300000.0,1178100000.0,1178100000.0,1178100000.0,,-114300000.0,352900000.0,,424800000.0,57900000.0,296200000.0,2375700000.0,,17326400000.0,12692800000.0,41000000.0,114300000.0,16588300000.0,18441300000.0,1738700000.0,18327000000.0,595000000.0,593900000.0,597700000.0
Progressive Corp,PGR,,80661,2015.0,FY,2015-01-01,2015-12-31,2018-02-27 16:46:52+00:00,1651800000.0,2.16,2.16,,2.15,,611100000.0,136000000.0,1300500000.0,1300500000.0,1267600000.0,32900000.0,-136000000.0,111800000.0,,454600000.0,100300000.0,302000000.0,2712100000.0,,19899100000.0,14342000000.0,86300000.0,136000000.0,18806200000.0,20853800000.0,1911600000.0,20717800000.0,586900000.0,585500000.0,589200000.0
Progressive Corp,PGR,,80661,2015.0,Q4,2015-10-01,2015-12-31,,431900000.0,0.56,0.56,,0.56,,164200000.0,34100000.0,349900000.0,349900000.0,330400000.0,19500000.0,-34100000.0,19500000.0,,118700000.0,27600000.0,74100000.0,691800000.0,,5166400000.0,3701900000.0,22700000.0,34100000.0,4853200000.0,5401400000.0,514100000.0,5367300000.0,586900000.0,585500000.0,589200000.0
Progressive Corp,PGR,,80661,2015.0,Q3,2015-07-01,2015-09-30,2016-11-03 13:51:20+00:00,423200000.0,0.48,0.48,0.0,0.47,,142500000.0,34500000.0,286500000.0,286500000.0,278300000.0,8200000.0,-34500000.0,-16700000.0,,117500000.0,25300000.0,79300000.0,707500000.0,,5070600000.0,3654300000.0,23100000.0,34500000.0,4810300000.0,5273800000.0,429000000.0,5239300000.0,579800000.0,585200000.0,589100000.0
Progressive Corp,PGR,,80661,2015.0,Q3YTD,2015-01-01,2015-09-30,,1219900000.0,1.6,1.6,,1.59,,446900000.0,101900000.0,950600000.0,950600000.0,937200000.0,13400000.0,-101900000.0,92300000.0,,335900000.0,72700000.0,227900000.0,2020300000.0,,14732700000.0,10640100000.0,63600000.0,101900000.0,13953000000.0,15452400000.0,1397500000.0,15350500000.0,579800000.0,585200000.0,589100000.0
Progressive Corp,PGR,,80661,2015.0,Q3TTM,2014-10-01,2015-09-30,,1624900000.0,2.23,2.23,,2.21,,623100000.0,131800000.0,1320800000.0,1320800000.0,1307400000.0,13400000.0,-131800000.0,118500000.0,,440100000.0,92400000.0,313900000.0,2656100000.0,,19675300000.0,14179500000.0,80800000.0,131800000.0,18552900000.0,20628600000.0,1943900000.0,20496800000.0,579800000.0,585200000.0,589100000.0
Progressive Corp,PGR,,80661,2015.0,Q2,2015-04-01,2015-06-30,2016-08-03 14:39:01+00:00,417300000.0,0.62,0.62,0.0,0.62,,156800000.0,34900000.0,368500000.0,368500000.0,363300000.0,5200000.0,-34900000.0,76000000.0,,113300000.0,26200000.0,74900000.0,662400000.0,,4995800000.0,3617200000.0,23300000.0,34900000.0,4723100000.0,5283300000.0,525300000.0,5248400000.0,586000000.0,585700000.0,589500000.0
Progressive Corp,PGR,,80661,2015.0,Q2YTD,2015-01-01,2015-06-30,,796700000.0,1.12,1.12,,1.12,,304400000.0,67400000.0,664100000.0,664100000.0,658900000.0,5200000.0,-67400000.0,109000000.0,,218400000.0,47400000.0,148600000.0,1312800000.0,,9662100000.0,6985800000.0,40500000.0,67400000.0,9142700000.0,10178600000.0,968500000.0,10111200000.0,586000000.0,585700000.0,589500000.0
Progressive Corp,PGR,,80661,2015.0,Q2TTM,2014-07-01,2015-06-30,,1576900000.0,2.25,2.25,,2.24,,626300000.0,128000000.0,1330400000.0,1330400000.0,1325200000.0,5200000.0,-128000000.0,168600000.0,,424300000.0,84500000.0,310500000.0,2557800000.0,,19144800000.0,13817000000.0,72700000.0,128000000.0,18036200000.0,20120900000.0,1956700000.0,19992900000.0,586000000.0,585700000.0,589500000.0
Progressive Corp,PGR,,80661,2015.0,Q1,2015-01-01,2015-03-31,2016-05-05 10:56:14+00:00,379400000.0,0.5,0.5,0.0,0.5,,147600000.0,32500000.0,295600000.0,295600000.0,295600000.0,0.0,-32500000.0,33000000.0,,105100000.0,21200000.0,73700000.0,650400000.0,,4666300000.0,3368600000.0,17200000.0,32500000.0,4419600000.0,4895300000.0,443200000.0,4862800000.0,591200000.0,587600000.0,591000000.0
Progressive Corp,PGR,,80661,2015.0,Q1TTM,2014-04-01,2015-03-31,,1534400000.0,2.13,2.13,,2.11,,613500000.0,122700000.0,1255300000.0,1255300000.0,1255300000.0,,-122700000.0,133000000.0,,410200000.0,77200000.0,310000000.0,2507100000.0,,18662500000.0,13468900000.0,63400000.0,122700000.0,17587600000.0,19579100000.0,1868800000.0,19456400000.0,591200000.0,587600000.0,591000000.0
Progressive Corp,PGR,,80661,2016.0,FY,2016-01-01,2016-12-31,2019-02-27 08:23:22+00:00,1863800000.0,1.77,1.77,0.6808,1.76,,413500000.0,140900000.0,1057200000.0,1057200000.0,1031000000.0,26200000.0,-140900000.0,52700000.0,,478900000.0,114400000.0,332500000.0,2972000000.0,0.0,22474000000.0,16879600000.0,103300000.0,140900000.0,21829800000.0,23441400000.0,1470700000.0,23300500000.0,582500000.0,581700000.0,585000000.0
Progressive Corp,PGR,,80661,2016.0,Q4,2016-10-01,2016-12-31,,489200000.0,0.66,0.66,,0.65,,139400000.0,37100000.0,398100000.0,398100000.0,383200000.0,14900000.0,-37100000.0,22100000.0,,126200000.0,31000000.0,84300000.0,709800000.0,,5871400000.0,4325000000.0,25600000.0,37100000.0,5555000000.0,6129600000.0,537500000.0,6092500000.0,582500000.0,581700000.0,585000000.0
Progressive Corp,PGR,,80661,2016.0,Q3,2016-07-01,2016-09-30,2017-11-02 11:17:46+00:00,475400000.0,0.34,0.34,0.0,0.34,,53000000.0,35300000.0,205500000.0,205500000.0,198700000.0,6800000.0,-35300000.0,-20700000.0,,119300000.0,28000000.0,86800000.0,739600000.0,,5723400000.0,4398200000.0,26200000.0,35300000.0,5641200000.0,5935000000.0,258500000.0,5899700000.0,584400000.0,581500000.0,584600000.0
Progressive Corp,PGR,,80661,2016.0,Q3YTD,2016-01-01,2016-09-30,,1374600000.0,1.11,1.11,,1.11,,274100000.0,103800000.0,659100000.0,659100000.0,647800000.0,11300000.0,-103800000.0,30600000.0,,352700000.0,83400000.0,248200000.0,2262200000.0,,16602600000.0,12554600000.0,77700000.0,103800000.0,16274800000.0,17311800000.0,933200000.0,17208000000.0,584400000.0,581500000.0,584600000.0
Progressive Corp,PGR,,80661,2016.0,Q3TTM,2015-10-01,2016-09-30,,1806500000.0,1.67,1.67,,1.67,,438300000.0,137900000.0,1009000000.0,1009000000.0,978200000.0,30800000.0,-137900000.0,50100000.0,,471400000.0,111000000.0,322300000.0,2954000000.0,,21769000000.0,16256500000.0,100400000.0,137900000.0,21128000000.0,22713200000.0,1447300000.0,22575300000.0,584400000.0,581500000.0,584600000.0
Progressive Corp,PGR,,80661,2016.0,Q2,2016-04-01,2016-06-30,2017-08-02 12:13:09+00:00,458900000.0,0.33,0.33,0.0,0.33,,92400000.0,34300000.0,194900000.0,194900000.0,190900000.0,4000000.0,-34300000.0,33900000.0,,114600000.0,29000000.0,82500000.0,766800000.0,,5561800000.0,4243000000.0,26500000.0,34300000.0,5497700000.0,5819300000.0,287300000.0,5785000000.0,578500000.0,582400000.0,585100000.0
Progressive Corp,PGR,,80661,2016.0,Q2YTD,2016-01-01,2016-06-30,,899200000.0,0.77,0.77,,0.77,,221100000.0,68500000.0,453600000.0,453600000.0,449100000.0,4500000.0,-68500000.0,51300000.0,,233400000.0,55400000.0,161400000.0,1522600000.0,,10879200000.0,8156400000.0,51500000.0,68500000.0,10633600000.0,11376800000.0,674700000.0,11308300000.0,578500000.0,582400000.0,585100000.0
Progressive Corp,PGR,,80661,2016.0,Q2TTM,2015-07-01,2016-06-30,,1754300000.0,1.81,1.81,,1.8,,527800000.0,137100000.0,1090000000.0,1090000000.0,1057800000.0,32200000.0,-137100000.0,54100000.0,,469600000.0,108300000.0,314800000.0,2921900000.0,,21116200000.0,15512600000.0,97300000.0,137100000.0,20297100000.0,22052000000.0,1617800000.0,21914900000.0,578500000.0,582400000.0,585100000.0
Progressive Corp,PGR,,80661,2016.0,Q1,2016-01-01,2016-03-31,2017-05-03 10:47:00+00:00,440300000.0,0.44,0.44,0.0,0.44,,128700000.0,34200000.0,258700000.0,258700000.0,258200000.0,500000.0,-34200000.0,17400000.0,,118800000.0,26400000.0,78900000.0,755800000.0,,5317400000.0,3913400000.0,25000000.0,34200000.0,5135900000.0,5557500000.0,387400000.0,5523300000.0,586800000.0,583200000.0,585500000.0
Progressive Corp,PGR,,80661,2016.0,Q1TTM,2015-04-01,2016-03-31,,1712700000.0,2.1,2.1,,2.09,,592200000.0,137700000.0,1263600000.0,1263600000.0,1230200000.0,33400000.0,-137700000.0,96200000.0,,468300000.0,105500000.0,307200000.0,2817500000.0,,20550200000.0,14886800000.0,94100000.0,137700000.0,19522500000.0,21516000000.0,1855800000.0,21378300000.0,586800000.0,583200000.0,585500000.0
Progressive Corp,PGR,,80661,2017.0,FY,2017-01-01,2017-12-31,2020-03-02 15:56:08+00:00,2124900000.0,2.74,2.74,1.1247,2.72,,540800000.0,153100000.0,1598100000.0,1598100000.0,1592200000.0,5900000.0,-153100000.0,48600000.0,,563100000.0,133400000.0,370600000.0,3480700000.0,0.0,25729900000.0,18808000000.0,126800000.0,153100000.0,24547000000.0,26839000000.0,2138900000.0,26685900000.0,581100000.0,580800000.0,585700000.0
Progressive Corp,PGR,,80661,2017.0,Q4,2017-10-01,2017-12-31,,567700000.0,0.99,0.99,,0.98,,111100000.0,35500000.0,580300000.0,580300000.0,576300000.0,4000000.0,-35500000.0,-10900000.0,,152200000.0,33600000.0,100300000.0,912400000.0,,6845900000.0,4879200000.0,32300000.0,35500000.0,6392900000.0,7119800000.0,691400000.0,7084300000.0,581100000.0,580800000.0,585700000.0
Progressive Corp,PGR,,80661,2017.0,Q3,2017-07-01,2017-09-30,2018-10-31 09:27:30+00:00,540100000.0,0.39,0.39,0.0,0.38,,36600000.0,37400000.0,214800000.0,214800000.0,224000000.0,-9200000.0,-37400000.0,-24700000.0,,142900000.0,34700000.0,96300000.0,877700000.0,0.0,6544000000.0,5050500000.0,33300000.0,37400000.0,6503000000.0,6791800000.0,251400000.0,6754400000.0,574400000.0,581300000.0,585600000.0
Progressive Corp,PGR,,80661,2017.0,Q3YTD,2017-01-01,2017-09-30,,1557200000.0,1.75,1.75,,1.74,,429700000.0,117600000.0,1017800000.0,1017800000.0,1015900000.0,1900000.0,-117600000.0,59500000.0,,410900000.0,99800000.0,270300000.0,2568300000.0,,18884000000.0,13928800000.0,94500000.0,117600000.0,18154100000.0,19719200000.0,1447500000.0,19601600000.0,574400000.0,581300000.0,585600000.0
Progressive Corp,PGR,,80661,2017.0,Q3TTM,2016-10-01,2017-09-30,,2046400000.0,2.41,2.41,,2.39,,569100000.0,154700000.0,1415900000.0,1415900000.0,1399100000.0,16800000.0,-154700000.0,81600000.0,,537100000.0,130800000.0,354600000.0,3278100000.0,,24755400000.0,18253800000.0,120100000.0,154700000.0,23709100000.0,25848800000.0,1985000000.0,25694100000.0,574400000.0,581300000.0,585600000.0
Progressive Corp,PGR,,80661,2017.0,Q2,2017-04-01,2017-06-30,2018-07-31 10:11:25+00:00,514200000.0,0.63,0.63,0.0,0.63,,181900000.0,43400000.0,372700000.0,372700000.0,367600000.0,5100000.0,-43400000.0,32100000.0,,138800000.0,33600000.0,88800000.0,845000000.0,0.0,6313300000.0,4614900000.0,32700000.0,43400000.0,6007700000.0,6605700000.0,554600000.0,6562300000.0,583500000.0,580500000.0,583800000.0
Progressive Corp,PGR,,80661,2017.0,Q2YTD,2017-01-01,2017-06-30,,1017100000.0,1.36,1.36,,1.36,,393100000.0,80200000.0,803000000.0,803000000.0,791900000.0,11100000.0,-80200000.0,84200000.0,,268000000.0,65100000.0,174000000.0,1690600000.0,,12340000000.0,8878300000.0,61200000.0,80200000.0,11651100000.0,12927400000.0,1196100000.0,12847200000.0,583500000.0,580500000.0,583800000.0
Progressive Corp,PGR,,80661,2017.0,Q2TTM,2016-07-01,2017-06-30,,1981700000.0,2.36,2.36,,2.35,,585500000.0,152600000.0,1406600000.0,1406600000.0,1373800000.0,32800000.0,-152600000.0,85600000.0,,513500000.0,124100000.0,345100000.0,3140000000.0,,23934800000.0,17601500000.0,113000000.0,152600000.0,22847300000.0,24992000000.0,1992100000.0,24839400000.0,583500000.0,580500000.0,583800000.0
Progressive Corp,PGR,,80661,2017.0,Q1,2017-01-01,2017-03-31,2018-05-02 10:14:33+00:00,502900000.0,0.73,0.73,0.0,0.73,,211200000.0,36800000.0,430300000.0,430300000.0,424300000.0,6000000.0,-36800000.0,52100000.0,,129200000.0,31500000.0,85200000.0,845600000.0,0.0,6026700000.0,4263400000.0,28500000.0,36800000.0,5643400000.0,6321700000.0,641500000.0,6284900000.0,581200000.0,580300000.0,583300000.0
Progressive Corp,PGR,,80661,2017.0,Q1TTM,2016-04-01,2017-03-31,,1926400000.0,2.06,2.06,,2.05,,496000000.0,143500000.0,1228800000.0,1228800000.0,1197100000.0,31700000.0,-143500000.0,87400000.0,,489300000.0,119500000.0,338800000.0,3061800000.0,,23183300000.0,17229600000.0,106800000.0,143500000.0,22337300000.0,24205600000.0,1724800000.0,24062100000.0,581200000.0,580300000.0,583300000.0
Progressive Corp,PGR,,80661,2018.0,FY,2018-01-01,2018-12-31,2020-03-02 15:56:08+00:00,2573700000.0,4.45,4.45,2.5140000000000002,4.42,,542600000.0,166500000.0,2621000000.0,2621000000.0,2593900000.0,5700000.0,-166500000.0,-405500000.0,,820500000.0,158400000.0,472200000.0,4195800000.0,21400000.0,30933300000.0,21721000000.0,158500000.0,166500000.0,28648900000.0,31979000000.0,3163600000.0,31812500000.0,582900000.0,582400000.0,586700000.0
Progressive Corp,PGR,,80661,2018.0,Q4,2018-10-01,2018-12-31,,684000000.0,0.44,0.44,,0.44,,-17600000.0,46000000.0,259800000.0,259800000.0,257900000.0,-4900000.0,-46000000.0,-405500000.0,-199900000.0,244000000.0,5100000.0,129800000.0,1072800000.0,6800000.0,8194600000.0,5951800000.0,38900000.0,46000000.0,7713700000.0,8201800000.0,242200000.0,8155800000.0,582900000.0,582400000.0,586700000.0
Progressive Corp,PGR,,80661,2018.0,Q3,2018-07-01,2018-09-30,2019-11-06 13:18:37+00:00,662700000.0,1.58,1.58,,1.57,,200300000.0,42000000.0,930200000.0,930200000.0,921700000.0,1800000.0,-42000000.0,,204200000.0,218100000.0,63700000.0,122600000.0,1095900000.0,6700000.0,7930500000.0,5523100000.0,42500000.0,42000000.0,7345400000.0,8313700000.0,1130500000.0,8271700000.0,583400000.0,582700000.0,586600000.0
Progressive Corp,PGR,,80661,2018.0,Q3YTD,2018-01-01,2018-09-30,,1889700000.0,4.01,4.01,,3.98,,560200000.0,120500000.0,2361200000.0,2361200000.0,2336000000.0,10600000.0,-120500000.0,,199900000.0,576500000.0,153300000.0,342400000.0,3123000000.0,14600000.0,22738700000.0,15769200000.0,119600000.0,120500000.0,20935200000.0,23777200000.0,2921400000.0,23656700000.0,583400000.0,582700000.0,586600000.0
Progressive Corp,PGR,,80661,2018.0,Q3TTM,2017-10-01,2018-09-30,,2457400000.0,5.0,5.0,,4.96,,671300000.0,156000000.0,2941500000.0,2941500000.0,2912300000.0,14600000.0,-156000000.0,-10900000.0,199900000.0,728700000.0,186900000.0,442700000.0,4035400000.0,14600000.0,29584600000.0,20648400000.0,151900000.0,156000000.0,27328100000.0,30897000000.0,3612800000.0,30741000000.0,583400000.0,582700000.0,586600000.0
Progressive Corp,PGR,,80661,2018.0,Q2,2018-04-01,2018-06-30,2019-08-07 13:33:34+00:00,630800000.0,1.2,1.2,,1.19,,178900000.0,41700000.0,701200000.0,701200000.0,697500000.0,-3000000.0,-41700000.0,,43900000.0,192100000.0,54300000.0,116000000.0,1046900000.0,6700000.0,7634200000.0,5375300000.0,42900000.0,41700000.0,7107300000.0,7985200000.0,880100000.0,7943500000.0,581300000.0,582000000.0,585800000.0
Progressive Corp,PGR,,80661,2018.0,Q2YTD,2018-01-01,2018-06-30,,1227000000.0,2.43,2.43,,2.41,,359900000.0,78500000.0,1431000000.0,1431000000.0,1414300000.0,8800000.0,-78500000.0,,-4300000.0,358400000.0,89600000.0,219800000.0,2027100000.0,7900000.0,14808200000.0,10246100000.0,77100000.0,78500000.0,13589800000.0,15463500000.0,1790900000.0,15385000000.0,581300000.0,582000000.0,585800000.0
Progressive Corp,PGR,,80661,2018.0,Q2TTM,2017-07-01,2018-06-30,,2334800000.0,3.81,3.81,,3.77,,507600000.0,151400000.0,2226100000.0,2226100000.0,2214600000.0,3600000.0,-151400000.0,-35600000.0,-4300000.0,653500000.0,157900000.0,416400000.0,3817200000.0,7900000.0,28198100000.0,20175800000.0,142700000.0,151400000.0,26485700000.0,29375100000.0,2733700000.0,29223700000.0,581300000.0,582000000.0,585800000.0
Progressive Corp,PGR,,80661,2018.0,Q1,2018-01-01,2018-03-31,2019-05-01 11:58:01+00:00,596200000.0,1.23,1.23,0.0,1.22,,181000000.0,36800000.0,729800000.0,729800000.0,716800000.0,11800000.0,-36800000.0,,-48200000.0,166300000.0,35300000.0,103800000.0,980200000.0,1200000.0,7174000000.0,4870800000.0,34200000.0,36800000.0,6482500000.0,7478300000.0,910800000.0,7441500000.0,582800000.0,582000000.0,585600000.0
Progressive Corp,PGR,,80661,2018.0,Q1TTM,2017-04-01,2018-03-31,,2218200000.0,3.24,3.24,,3.21,,510600000.0,153100000.0,1897600000.0,1897600000.0,1884700000.0,11700000.0,-153100000.0,-3500000.0,-48200000.0,600200000.0,137200000.0,389200000.0,3615300000.0,1200000.0,26877200000.0,19415400000.0,132500000.0,153100000.0,25386100000.0,27995600000.0,2408200000.0,27842500000.0,582800000.0,582000000.0,585600000.0
Progressive Corp,PGR,,80661,2019.0,Q4,2019-10-01,2019-12-31,,822500000.0,1.81,1.81,,1.81,,264300000.0,47400000.0,1074600000.0,1074600000.0,1064000000.0,3800000.0,-47400000.0,1029200000.0,-722200000.0,264800000.0,-9300000.0,160300000.0,1332100000.0,6800000.0,9895700000.0,7147100000.0,50900000.0,47400000.0,9292400000.0,11400900000.0,1338900000.0,11353500000.0,584200000.0,583800000.0,587200000.0
Progressive Corp,PGR,,80661,2019.0,FY,2019-01-01,2019-12-31,2020-03-02 15:56:08+00:00,3023200000.0,6.75,6.75,2.65,6.72,,1180300000.0,189700000.0,3980000000.0,3980000000.0,3943400000.0,9700000.0,-189700000.0,1029200000.0,,1042000000.0,203500000.0,563700000.0,4975100000.0,26900000.0,36192400000.0,25470500000.0,195000000.0,189700000.0,33672300000.0,39022300000.0,5160300000.0,38832600000.0,584200000.0,583800000.0,587200000.0
Progressive Corp,PGR,,80661,2019.0,Q3YTD,2019-01-01,2019-09-30,,2200700000.0,4.94,4.94,,4.91,,916000000.0,142300000.0,2905400000.0,2905400000.0,2879400000.0,5900000.0,-142300000.0,,722200000.0,777200000.0,212800000.0,403400000.0,3643000000.0,20100000.0,26296700000.0,18323400000.0,144100000.0,142300000.0,24379900000.0,27621400000.0,3821400000.0,27479100000.0,583900000.0,584100000.0,587100000.0
Progressive Corp,PGR,,80661,2019.0,Q3TTM,2018-10-01,2019-09-30,,2884700000.0,5.38,5.38,,5.35,,898400000.0,188300000.0,3165200000.0,3165200000.0,3137300000.0,1000000.0,-188300000.0,-405500000.0,522300000.0,1021200000.0,217900000.0,533200000.0,4715800000.0,26900000.0,34491300000.0,24275200000.0,183000000.0,188300000.0,32093600000.0,35823200000.0,4063600000.0,35634900000.0,583900000.0,584100000.0,587100000.0
Progressive Corp,PGR,,80661,2019.0,Q3,2019-07-01,2019-09-30,2019-11-06 13:18:37+00:00,751500000.0,1.43,1.43,,1.42,,166700000.0,47500000.0,843600000.0,843600000.0,835000000.0,1900000.0,-47500000.0,,103500000.0,263000000.0,92700000.0,138400000.0,1240300000.0,6700000.0,9012200000.0,6426300000.0,51500000.0,47500000.0,8510800000.0,9465100000.0,1010300000.0,9417600000.0,583900000.0,584100000.0,587100000.0
Progressive Corp,PGR,,80661,2019.0,Q2YTD,2019-01-01,2019-06-30,,1449200000.0,3.51,3.51,,3.49,,749300000.0,94800000.0,2061800000.0,2061800000.0,2044400000.0,4000000.0,-94800000.0,,618700000.0,514200000.0,120100000.0,265000000.0,2402700000.0,13400000.0,17284500000.0,11897100000.0,92600000.0,94800000.0,15869100000.0,18156300000.0,2811100000.0,18061500000.0,582500000.0,583600000.0,586900000.0
Progressive Corp,PGR,,80661,2019.0,Q2TTM,2018-07-01,2019-06-30,,2795900000.0,5.53,5.53,,5.5,,932000000.0,182800000.0,3251800000.0,3251800000.0,3224000000.0,900000.0,-182800000.0,-405500000.0,623000000.0,976300000.0,188900000.0,517400000.0,4571400000.0,26900000.0,33409600000.0,23372000000.0,174000000.0,182800000.0,30928200000.0,34671800000.0,4183800000.0,34489000000.0,582500000.0,583600000.0,586900000.0
Progressive Corp,PGR,,80661,2019.0,Q2,2019-04-01,2019-06-30,2019-08-07 13:33:34+00:00,738600000.0,1.67,1.67,,1.66,,264600000.0,47400000.0,979000000.0,979000000.0,972700000.0,-400000.0,-47400000.0,,179900000.0,261300000.0,51500000.0,134800000.0,1231500000.0,6700000.0,8824700000.0,6138100000.0,50000000.0,47400000.0,8159700000.0,9270800000.0,1243600000.0,9223400000.0,582500000.0,583600000.0,586900000.0
Progressive Corp,PGR,,80661,2019.0,Q1,2019-01-01,2019-03-31,2020-05-05 13:01:39+00:00,710600000.0,1.84,1.84,0.1,1.83,,484700000.0,47400000.0,1082800000.0,1082800000.0,1071700000.0,4400000.0,-47400000.0,,438800000.0,252900000.0,68600000.0,130200000.0,1171200000.0,6700000.0,8459800000.0,5759000000.0,42600000.0,47400000.0,7709400000.0,8885500000.0,1567500000.0,8838100000.0,582400000.0,583500000.0,586600000.0
Progressive Corp,PGR,,80661,2019.0,Q1TTM,2018-04-01,2019-03-31,,2688100000.0,5.06,5.06,,5.03,,846300000.0,177100000.0,2974000000.0,2974000000.0,2948800000.0,-1700000.0,-177100000.0,-405500000.0,487000000.0,907100000.0,191700000.0,498600000.0,4386800000.0,26900000.0,32219100000.0,22609200000.0,166900000.0,177100000.0,29875800000.0,33386200000.0,3820300000.0,33209100000.0,582400000.0,583500000.0,586600000.0
Progressive Corp,PGR,,80661,2020.0,Q1TTM,2019-04-01,2020-03-31,,3095400000.0,6.08,6.08,,6.06,,871200000.0,190300000.0,3596300000.0,3596300000.0,3557700000.0,11700000.0,-190300000.0,1029200000.0,-992400000.0,1030300000.0,187700000.0,587000000.0,5213800000.0,26900000.0,37163300000.0,25866700000.0,204000000.0,190300000.0,34363600000.0,40013800000.0,4467500000.0,39823500000.0,586300000.0,584700000.0,586900000.0
Progressive Corp,PGR,,80661,2020.0,Q1,2020-01-01,2020-03-31,2020-05-05 13:01:39+00:00,782800000.0,1.17,1.17,0.1,1.17,,175600000.0,48000000.0,699100000.0,699100000.0,686000000.0,6400000.0,-48000000.0,,-553600000.0,241200000.0,52800000.0,153500000.0,1409900000.0,6700000.0,9430700000.0,6155200000.0,51600000.0,48000000.0,8400700000.0,9877000000.0,874700000.0,9829000000.0,586300000.0,584700000.0,586900000.0
