company_name,company_ticker,company_lei,company_cik,year,quarter,start_date,end_date,filing_date,basicdilutedeps,basiceps,cashdividendspershare,depreciationexpense,dilutedeps,incometaxexpense,investmentbankingincome,longtermdebtinterestexpense,marketingexpense,netincome,netincomecontinuing,netincomediscontinued,netincometocommon,netincometononcontrollinginterest,netinterestincome,netoccupancyequipmentexpense,netrealizedcapitalgains,otheradjustmentstoconsolidatednetincome,othergains,otherinterestexpense,otherinterestincome,othernoninterestincome,otheroperatingexpenses,otherservicechargeincome,otherspecialcharges,preferreddividends,premiumsearned,provisionforcreditlosses,salariesandemployeebenefitsexpense,servicechargesondepositsincome,totalinterestexpense,totalinterestincome,totalnoninterestexpense,totalnoninterestincome,totalpretaxincome,totalrevenue,trustfeeincome,weightedavebasicdilutedsharesos,weightedavebasicsharesos,weightedavedilutedsharesos
Leucadia National Corp,JEF,549300HOF34RGOJ5YL07,96223,2007.0,FY,2007-01-01,2007-12-31,2010-02-26 15:47:54+00:00,2.22,2.22,0.25,35238000.0,2.1,-537896000.0,,111537000.0,227582000.0,480272000.0,476653000.0,3619000.0,484294000.0,-4022000.0,-111537000.0,,492754000.0,,,,,219507000.0,753512000.0,80892000.0,,,,,88269000.0,361742000.0,111537000.0,,1104601000.0,1154895000.0,-61243000.0,1043358000.0,,218200000.0,218200000.0,230600000.0
Leucadia National Corp,JEF,549300HOF34RGOJ5YL07,96223,2008.0,FY,2008-01-01,2008-12-31,2011-02-25 09:43:18+00:00,-11.0,-11.0,,48182000.0,-11.0,2211381000.0,,145348000.0,,-2536812000.0,-2582887000.0,46075000.0,-2535425000.0,-1387000.0,-145348000.0,,192286000.0,,,,,105842000.0,596678000.0,192412000.0,,,,,71838000.0,,145348000.0,,716698000.0,490540000.0,-371506000.0,345192000.0,,230494000.0,230494000.0,230494000.0
Leucadia National Corp,JEF,549300HOF34RGOJ5YL07,96223,2008.0,Q3,2008-07-01,2008-09-30,2009-11-05 15:48:25+00:00,0.38,0.38,,14763000.0,0.37,-198419000.0,,37016000.0,,89348000.0,89348000.0,0.0,89462000.0,-114000.0,-37016000.0,34229000.0,25480000.0,,,,,25390000.0,250777000.0,94068000.0,,,,,23902000.0,106678000.0,37016000.0,,323671000.0,251616000.0,-109071000.0,214600000.0,,235400000.0,235400000.0,241800000.0
Leucadia National Corp,JEF,549300HOF34RGOJ5YL07,96223,2008.0,Q2,2008-04-01,2008-06-30,2009-08-07 10:26:24+00:00,0.81,0.81,,13491000.0,0.76,-222476000.0,,36543000.0,,186826000.0,186826000.0,,186778000.0,48000.0,-36543000.0,30469000.0,117353000.0,,,,,28712000.0,270218000.0,82600000.0,,,,,22483000.0,108889000.0,36543000.0,,336661000.0,337554000.0,-35650000.0,301011000.0,,230600000.0,230600000.0,245800000.0
Leucadia National Corp,JEF,549300HOF34RGOJ5YL07,96223,2009.0,FY,2009-01-01,2009-12-31,2012-02-27 16:20:14+00:00,2.28,2.28,,56795000.0,2.25,-773128000.0,,,,548595000.0,531974000.0,16621000.0,550280000.0,-1685000.0,,,203354000.0,,,,,103495000.0,679730000.0,257257000.0,,,,,79837000.0,11102000.0,,,816362000.0,575208000.0,-241154000.0,575208000.0,,241437000.0,241437000.0,241437000.0
Leucadia National Corp,JEF,549300HOF34RGOJ5YL07,96223,2009.0,Q4,2009-10-01,2009-12-31,,-0.35,-0.35,,9746000.0,-0.33,87572000.0,,31511000.0,,-91836000.0,-84652000.0,-7184000.0,-91962000.0,126000.0,-31511000.0,-51992000.0,53677000.0,,,,,-27524000.0,-234374000.0,54006000.0,,,,,1930000.0,-320418000.0,31511000.0,,-274690000.0,-240259000.0,2920000.0,-271770000.0,,241437000.0,241437000.0,241437000.0
Leucadia National Corp,JEF,549300HOF34RGOJ5YL07,96223,2009.0,Q3YTD,2009-01-01,2009-09-30,,2.63,2.63,,47049000.0,2.58,-860700000.0,,97243000.0,,640431000.0,616626000.0,23805000.0,640557000.0,-126000.0,-97243000.0,51992000.0,149677000.0,,,,,131019000.0,785350000.0,203251000.0,,,,,77907000.0,331520000.0,97243000.0,,962298000.0,815467000.0,-244074000.0,718224000.0,,243100000.0,243100000.0,246400000.0
Leucadia National Corp,JEF,549300HOF34RGOJ5YL07,96223,2009.0,Q3,2009-07-01,2009-09-30,2010-11-05 14:49:07+00:00,1.52,1.52,,14212000.0,1.5,-378176000.0,,31439000.0,,369580000.0,341174000.0,28406000.0,370199000.0,-619000.0,-31439000.0,,70857000.0,,,,,72574000.0,109003000.0,,,,,,25779000.0,,31439000.0,,148994000.0,143431000.0,-37002000.0,111992000.0,,243238000.0,243238000.0,243238000.0
Leucadia National Corp,JEF,549300HOF34RGOJ5YL07,96223,2009.0,Q2YTD,2009-01-01,2009-06-30,,1.11,1.11,,30734000.0,1.08,-482863000.0,,65771000.0,,270851000.0,270851000.0,,270977000.0,-126000.0,-65771000.0,26256000.0,78820000.0,,,,,104066000.0,576212000.0,118793000.0,,,,,47705000.0,232987000.0,65771000.0,,680907000.0,534666000.0,-212012000.0,468895000.0,,241800000.0,241800000.0,246100000.0
Leucadia National Corp,JEF,549300HOF34RGOJ5YL07,96223,2009.0,Q2,2009-04-01,2009-06-30,2010-08-06 10:13:59+00:00,1.7,1.7,,15457000.0,1.67,-541513000.0,,32384000.0,,410984000.0,410984000.0,,411023000.0,-39000.0,-32384000.0,,53492000.0,,,,,81309000.0,340005000.0,35296000.0,,,,,27006000.0,114226000.0,32384000.0,,382468000.0,284323000.0,-130529000.0,251939000.0,,241095000.0,241095000.0,241095000.0
Leucadia National Corp,JEF,549300HOF34RGOJ5YL07,96223,2009.0,Q1,2009-01-01,2009-03-31,2010-05-05 16:22:37+00:00,-0.59,-0.59,,15277000.0,-0.59,58650000.0,,33387000.0,,-140133000.0,-140133000.0,,-140007000.0,-126000.0,-33387000.0,,25328000.0,,,,,78003000.0,262463000.0,28251000.0,,,,,20699000.0,118761000.0,33387000.0,,298439000.0,250343000.0,-81483000.0,216956000.0,,237300000.0,237300000.0,237300000.0
Leucadia National Corp,JEF,549300HOF34RGOJ5YL07,96223,2010.0,FY,2010-01-01,2010-12-31,2013-02-25 15:02:40+00:00,7.97,7.97,0.25,53228000.0,7.85,-1517734000.0,,,,1904698000.0,1865136000.0,39562000.0,1903774000.0,924000.0,,,828840000.0,,,,,,447946000.0,114763000.0,,,,,95027000.0,,,,596201000.0,943603000.0,347402000.0,943603000.0,,243379000.0,243379000.0,243379000.0
Leucadia National Corp,JEF,549300HOF34RGOJ5YL07,96223,2010.0,Q4,2010-10-01,2010-12-31,,6.97,6.97,0.25,17215000.0,6.87,-1377007000.0,,30475000.0,,1695039000.0,1681387000.0,23666000.0,1692981000.0,2058000.0,-30475000.0,,65684000.0,-10014000.0,,,,-84650000.0,74430000.0,543932000.0,,,,,43997000.0,-54469000.0,30475000.0,,135642000.0,470497000.0,304380000.0,440022000.0,,243379000.0,243379000.0,243379000.0
Leucadia National Corp,JEF,549300HOF34RGOJ5YL07,96223,2010.0,Q3YTD,2010-01-01,2010-09-30,,1.0,1.0,,61460000.0,0.98,-143077000.0,,94334000.0,,245197000.0,207700000.0,27483000.0,246331000.0,-1134000.0,-94334000.0,,373651000.0,10014000.0,,,,199413000.0,574654000.0,105432000.0,,,,,54436000.0,171011000.0,94334000.0,,690550000.0,849507000.0,64623000.0,755173000.0,,243317000.0,243317000.0,243317000.0
Leucadia National Corp,JEF,549300HOF34RGOJ5YL07,96223,2010.0,Q3TTM,2009-10-01,2010-09-30,,0.65,0.65,,71206000.0,0.65,-55505000.0,,125845000.0,,153361000.0,123048000.0,20299000.0,154369000.0,-1008000.0,-125845000.0,-51992000.0,427328000.0,10014000.0,,,,171889000.0,340280000.0,159438000.0,,,,,56366000.0,-149407000.0,125845000.0,,415860000.0,609248000.0,67543000.0,483403000.0,,243317000.0,243317000.0,243317000.0
Leucadia National Corp,JEF,549300HOF34RGOJ5YL07,96223,2010.0,Q3,2010-07-01,2010-09-30,2011-11-08 16:33:38+00:00,1.18,1.18,,19814000.0,1.17,-321172000.0,,31353000.0,,289970000.0,262487000.0,39882000.0,287755000.0,2215000.0,-31353000.0,,61176000.0,-12399000.0,,,,31069000.0,171702000.0,61773000.0,,,,,21681000.0,31847000.0,31353000.0,,213197000.0,185865000.0,-58685000.0,154512000.0,,243317000.0,243317000.0,243317000.0
Leucadia National Corp,JEF,549300HOF34RGOJ5YL07,96223,2010.0,Q2,2010-04-01,2010-06-30,2011-08-03 16:08:07+00:00,-0.97,-0.97,,19842000.0,-0.97,326587000.0,,31490000.0,,-236278000.0,-246292000.0,,-235144000.0,-1134000.0,-31490000.0,,148528000.0,10014000.0,,,,28074000.0,149218000.0,83344000.0,,,,,8355000.0,29254000.0,31490000.0,,177415000.0,289200000.0,80295000.0,257710000.0,,243312000.0,243312000.0,243312000.0
Leucadia National Corp,JEF,549300HOF34RGOJ5YL07,96223,2010.0,Q2YTD,2010-01-01,2010-06-30,,-0.18,-0.18,,41646000.0,-0.19,178095000.0,,62981000.0,,-44773000.0,-54787000.0,,-43639000.0,-1134000.0,-62981000.0,,312475000.0,10014000.0,,,,106571000.0,402952000.0,105432000.0,,,,,32755000.0,139164000.0,62981000.0,,477353000.0,663642000.0,123308000.0,600661000.0,,243312000.0,243312000.0,243312000.0
Leucadia National Corp,JEF,549300HOF34RGOJ5YL07,96223,2010.0,Q2TTM,2009-07-01,2010-06-30,,0.99,0.99,,67707000.0,0.98,-112170000.0,,125964000.0,,232971000.0,206336000.0,16621000.0,233979000.0,-1008000.0,-125964000.0,-26256000.0,437009000.0,10014000.0,,,,106000000.0,377716000.0,243896000.0,,,,,64887000.0,-82721000.0,125964000.0,,484054000.0,704184000.0,94166000.0,578220000.0,,243312000.0,243312000.0,243312000.0
Leucadia National Corp,JEF,549300HOF34RGOJ5YL07,96223,2010.0,Q1TTM,2009-04-01,2010-03-31,,3.66,3.66,,63322000.0,3.62,-980270000.0,,126858000.0,,880233000.0,863612000.0,16621000.0,880107000.0,126000.0,-126858000.0,,341973000.0,,,,,103989000.0,542247000.0,251094000.0,,,,,83538000.0,2251000.0,126858000.0,,689107000.0,699307000.0,-116658000.0,572449000.0,,242400000.0,242400000.0,245500000.0
Leucadia National Corp,JEF,549300HOF34RGOJ5YL07,96223,2010.0,Q1,2010-01-01,2010-03-31,2011-05-05 16:31:12+00:00,0.79,0.79,,19489000.0,0.78,-148492000.0,,31491000.0,,191505000.0,196332000.0,-4827000.0,191479000.0,26000.0,-31491000.0,,163947000.0,,,,,27066000.0,139877000.0,47497000.0,,,,,20598000.0,20785000.0,31491000.0,,179964000.0,259295000.0,47840000.0,227804000.0,,243291000.0,243291000.0,243291000.0
Leucadia National Corp,JEF,549300HOF34RGOJ5YL07,96223,2011.0,FY,2011-01-01,2011-12-31,2014-02-28 14:45:14+00:00,0.1,0.1,0.25,36799000.0,0.1,62398000.0,,,,24956000.0,32925000.0,-7969000.0,25231000.0,-275000.0,,,641476000.0,,,,,-642842000.0,494619000.0,643997000.0,-62013000.0,,,,77903000.0,,,,547308000.0,642631000.0,95323000.0,642631000.0,,244425000.0,244425000.0,244425000.0
Leucadia National Corp,JEF,549300HOF34RGOJ5YL07,96223,2011.0,Q4,2011-10-01,2011-12-31,,0.49,0.49,0.25,-580000.0,0.5,-49495000.0,,27388000.0,,93329000.0,80443000.0,13731000.0,93329000.0,,-27388000.0,,341499000.0,-845000.0,,,,-89900000.0,-160661000.0,-236835000.0,,,,,19076000.0,-98593000.0,27388000.0,,-142165000.0,-83829000.0,30948000.0,-111217000.0,,-40000000.0,-40000000.0,-40000000.0
Leucadia National Corp,JEF,549300HOF34RGOJ5YL07,96223,2011.0,Q3YTD,2011-01-01,2011-09-30,,-0.39,-0.39,,55009000.0,-0.4,713852000.0,,84352000.0,,-97328000.0,-96300000.0,-1873000.0,-97328000.0,,-84352000.0,,730988000.0,845000.0,,,,89900000.0,457359000.0,354052000.0,,,,,59261000.0,98593000.0,84352000.0,,571629000.0,1273533000.0,617552000.0,1189181000.0,,244580000.0,244580000.0,244580000.0
Leucadia National Corp,JEF,549300HOF34RGOJ5YL07,96223,2011.0,Q3TTM,2010-10-01,2011-09-30,,6.58,6.58,0.25,72224000.0,6.47,-663155000.0,,114827000.0,,1597711000.0,1585087000.0,21793000.0,1595653000.0,2058000.0,-114827000.0,,796672000.0,-9169000.0,,,,5250000.0,531789000.0,897984000.0,,,,,103258000.0,44124000.0,114827000.0,,707271000.0,1744030000.0,921932000.0,1629203000.0,,244580000.0,244580000.0,244580000.0
Leucadia National Corp,JEF,549300HOF34RGOJ5YL07,96223,2011.0,Q3,2011-07-01,2011-09-30,2012-11-06 16:37:50+00:00,-1.19,-1.19,,13450000.0,-1.19,310535000.0,,27512000.0,,-298851000.0,-301314000.0,2463000.0,-298521000.0,-330000.0,-27512000.0,,7275000.0,,,,,28611000.0,77323000.0,100467000.0,,,,,8847000.0,,27512000.0,,99620000.0,136353000.0,9221000.0,108841000.0,,244580000.0,244580000.0,244580000.0
Leucadia National Corp,JEF,549300HOF34RGOJ5YL07,96223,2011.0,Q2YTD,2011-01-01,2011-06-30,,0.8,0.8,,36341000.0,0.79,403005000.0,,56814000.0,,193916000.0,195717000.0,-2646000.0,193916000.0,,-56814000.0,,660315000.0,845000.0,,,,61289000.0,296303000.0,253262000.0,,,,,49295000.0,62609000.0,56814000.0,,381939000.0,1037475000.0,598722000.0,980661000.0,,244521000.0,244521000.0,244521000.0
Leucadia National Corp,JEF,549300HOF34RGOJ5YL07,96223,2011.0,Q2TTM,2010-07-01,2011-06-30,,8.95,8.95,0.25,73370000.0,8.83,-1295174000.0,,118642000.0,,2178925000.0,2139591000.0,48503000.0,2176867000.0,2058000.0,-118642000.0,,787175000.0,-9169000.0,,,,69481000.0,542435000.0,797194000.0,,,,,114973000.0,39987000.0,118642000.0,,730778000.0,1693837000.0,844417000.0,1575195000.0,,244521000.0,244521000.0,244521000.0
Leucadia National Corp,JEF,549300HOF34RGOJ5YL07,96223,2011.0,Q2,2011-04-01,2011-06-30,2012-08-01 16:56:47+00:00,0.76,0.76,,18579000.0,0.75,335904000.0,,27837000.0,,179800000.0,176630000.0,845000.0,179651000.0,149000.0,-27837000.0,,529637000.0,2325000.0,,,,30513000.0,96822000.0,96944000.0,,,,,33059000.0,31737000.0,27837000.0,,148460000.0,688831000.0,512534000.0,660994000.0,,244521000.0,244521000.0,244521000.0
Leucadia National Corp,JEF,549300HOF34RGOJ5YL07,96223,2011.0,Q1TTM,2010-04-01,2011-03-31,,7.22,7.22,0.25,74633000.0,7.11,-1304491000.0,,122295000.0,,1759359000.0,1710011000.0,49348000.0,1758435000.0,924000.0,-122295000.0,,341456000.0,,,,,67042000.0,536879000.0,783594000.0,,,,,90269000.0,37504000.0,122295000.0,,701781000.0,1229596000.0,405520000.0,1107301000.0,,265700000.0,265700000.0,265700000.0
Leucadia National Corp,JEF,549300HOF34RGOJ5YL07,96223,2011.0,Q1,2011-01-01,2011-03-31,2012-05-04 16:07:52+00:00,0.04,0.04,,17762000.0,0.04,67101000.0,,28977000.0,,1274000.0,2917000.0,79000.0,995000.0,279000.0,-28977000.0,,2303000.0,-1722000.0,,,,30776000.0,87276000.0,156318000.0,,,,,16236000.0,30872000.0,28977000.0,,121274000.0,220269000.0,70018000.0,191292000.0,,24900000.0,24900000.0,24900000.0
Leucadia National Corp,JEF,549300HOF34RGOJ5YL07,96223,2012.0,Q4,2012-10-01,2012-12-31,,1.85,1.85,0.25,5665000.0,1.85,383030000.0,,11946000.0,,677444000.0,712757000.0,-35313000.0,667269000.0,10175000.0,-11946000.0,,7488163000.0,,,,,259887000.0,7358518000.0,776740000.0,-88649000.0,,,1903000.0,71206000.0,-68414000.0,11946000.0,,7346740000.0,8456376000.0,1095787000.0,8444430000.0,,244583000.0,244583000.0,244583000.0
Leucadia National Corp,JEF,549300HOF34RGOJ5YL07,96223,2012.0,FY,2012-01-01,2012-12-31,2015-02-27 16:51:13+00:00,3.49,3.49,0.25,116388000.0,3.44,539464000.0,,92581000.0,,864641000.0,902565000.0,-37924000.0,854466000.0,10175000.0,-92581000.0,,8069832000.0,,,,,351851000.0,7674194000.0,982901000.0,-88649000.0,,,1903000.0,166138000.0,,92581000.0,,7868071000.0,9404584000.0,1442029000.0,9312003000.0,,244583000.0,244583000.0,244583000.0
Leucadia National Corp,JEF,549300HOF34RGOJ5YL07,96223,2012.0,Q3YTD,2012-01-01,2012-09-30,,1.64,1.64,,110723000.0,1.59,156434000.0,,80635000.0,,187197000.0,189808000.0,-2611000.0,187197000.0,,-80635000.0,,581669000.0,,,,,91964000.0,315676000.0,206161000.0,,,,,94932000.0,68414000.0,80635000.0,,521331000.0,948208000.0,346242000.0,867573000.0,,46200000.0,46200000.0,47300000.0
Leucadia National Corp,JEF,549300HOF34RGOJ5YL07,96223,2012.0,Q3TTM,2011-10-01,2012-09-30,,2.13,2.13,0.25,110143000.0,2.09,106939000.0,,108023000.0,,280526000.0,270251000.0,11120000.0,280526000.0,,-108023000.0,,923168000.0,-845000.0,,,,2064000.0,155015000.0,-30674000.0,,,,,114008000.0,-30179000.0,108023000.0,,379166000.0,864379000.0,377190000.0,756356000.0,,46200000.0,46200000.0,47300000.0
Leucadia National Corp,JEF,549300HOF34RGOJ5YL07,96223,2012.0,Q3,2012-07-01,2012-09-30,2013-11-07 15:03:58+00:00,0.44,0.44,,30372000.0,0.43,78890000.0,,21106000.0,,114334000.0,116945000.0,-2611000.0,106674000.0,7660000.0,-21106000.0,,2063410000.0,,,,,33720000.0,1958701000.0,119790000.0,-24274000.0,,,,35180000.0,,21106000.0,,1999979000.0,2216920000.0,195835000.0,2195814000.0,,244583000.0,244583000.0,244583000.0
Leucadia National Corp,JEF,549300HOF34RGOJ5YL07,96223,2012.0,Q2YTD,2012-01-01,2012-06-30,,1.2,1.2,,80351000.0,1.16,131243000.0,,56541000.0,,166859000.0,166859000.0,,166859000.0,,-56541000.0,,427462000.0,,,,,61709000.0,236908000.0,178969000.0,,,,,64652000.0,68414000.0,56541000.0,,381911000.0,736554000.0,298102000.0,680013000.0,,356200000.0,356200000.0,356200000.0
Leucadia National Corp,JEF,549300HOF34RGOJ5YL07,96223,2012.0,Q2TTM,2011-07-01,2012-06-30,,0.5,0.5,0.25,98439000.0,0.47,392595000.0,,111467000.0,,-31056000.0,-44715000.0,14504000.0,-31056000.0,,-111467000.0,,839634000.0,-845000.0,,,,420000.0,237303000.0,42924000.0,,,,,93694000.0,5805000.0,111467000.0,,429436000.0,888783000.0,347880000.0,777316000.0,,356200000.0,356200000.0,356200000.0
Leucadia National Corp,JEF,549300HOF34RGOJ5YL07,96223,2012.0,Q2,2012-04-01,2012-06-30,2013-08-06 09:27:49+00:00,-0.81,-0.81,,35917000.0,-0.81,-87508000.0,,21343000.0,,-187768000.0,-186656000.0,-1112000.0,-197251000.0,9483000.0,-21343000.0,,1916142000.0,,,,,-358357000.0,1953369000.0,188256000.0,-13536000.0,,,,23112000.0,,21343000.0,,1998862000.0,1746041000.0,-274164000.0,1724698000.0,,244583000.0,244583000.0,244583000.0
Leucadia National Corp,JEF,549300HOF34RGOJ5YL07,96223,2012.0,Q1TTM,2011-04-01,2012-03-31,,2.07,2.07,0.25,76163000.0,2.03,468234000.0,,114647000.0,,440721000.0,427062000.0,13659000.0,440721000.0,,-114647000.0,,1431355000.0,,,,,1293000.0,282996000.0,38595000.0,,,,,108591000.0,6450000.0,114647000.0,,467750000.0,1477693000.0,895296000.0,1363046000.0,,226500000.0,226500000.0,231100000.0
Leucadia National Corp,JEF,549300HOF34RGOJ5YL07,96223,2012.0,Q1,2012-01-01,2012-03-31,2013-05-09 09:54:25+00:00,2.01,2.01,,34293000.0,1.97,-129114000.0,,28845000.0,,487235000.0,485506000.0,1729000.0,490877000.0,-3642000.0,-28845000.0,,2215491000.0,,,,,5770000.0,1913612000.0,164000000.0,,,,,52119000.0,,28845000.0,,2000024000.0,2385261000.0,356392000.0,2356416000.0,,244583000.0,244583000.0,244583000.0
Leucadia National Corp,JEF,549300HOF34RGOJ5YL07,96223,2013.0,FY,2013-01-01,2013-12-31,2016-03-17 16:56:07+00:00,0.0,0.0,,,0.0,0.0,,0.0,,,,,,,,,0.0,,0.0,0.0,,0.0,0.0,0.0,,0.0,,,0.0,,,,,,,,,,,
Leucadia National Corp,JEF,549300HOF34RGOJ5YL07,96223,2013.0,Q4,2013-10-01,2013-12-31,,-0.18,-0.18,0.19,46901000.0,-0.17,36721000.0,411482000.0,126921000.0,,-11015000.0,14400000.0,-25415000.0,3645000.0,-15676000.0,-126921000.0,,1856346000.0,,-34863000.0,,,522657000.0,2330330000.0,129541000.0,-64344000.0,1016000.0,,,581246000.0,,126921000.0,,2894133000.0,3107038000.0,85984000.0,2980117000.0,187012000.0,339673000.0,339673000.0,339673000.0
Leucadia National Corp,JEF,549300HOF34RGOJ5YL07,96223,2013.0,Q3YTD,2013-01-01,2013-09-30,,1.25,1.25,0.06,120524000.0,1.23,99760000.0,586473000.0,446340000.0,,373208000.0,394704000.0,-21496000.0,365595000.0,5232000.0,-446340000.0,,5873943000.0,,34863000.0,,,790018000.0,6148793000.0,355951000.0,-54697000.0,2381000.0,,,771408000.0,,446340000.0,,6986028000.0,7891969000.0,459601000.0,7445629000.0,285584000.0,297100000.0,297100000.0,297100000.0
Leucadia National Corp,JEF,549300HOF34RGOJ5YL07,96223,2013.0,Q3TTM,2012-10-01,2013-09-30,,3.1,3.1,0.31,136330000.0,3.08,776956000.0,586473000.0,467627000.0,,824048000.0,881474000.0,-57426000.0,819761000.0,1906000.0,-467627000.0,,7748732000.0,,34863000.0,,,1460736000.0,7997305000.0,866806000.0,-105536000.0,2381000.0,,1903000.0,827135000.0,,467627000.0,,8855234000.0,10948331000.0,1623567000.0,10480704000.0,285584000.0,297100000.0,297100000.0,297100000.0
Leucadia National Corp,JEF,549300HOF34RGOJ5YL07,96223,2013.0,Q3,2013-07-01,2013-09-30,2014-11-07 08:41:23+00:00,0.01,0.01,,47049000.0,0.01,26758000.0,309339000.0,194223000.0,,14383000.0,29974000.0,-15591000.0,2971000.0,10385000.0,-194223000.0,,1925735000.0,,,,,195217000.0,2113263000.0,140014000.0,-23889000.0,1027000.0,,,321663000.0,,194223000.0,,2458086000.0,2709041000.0,56732000.0,2514818000.0,138736000.0,297100000.0,297100000.0,297100000.0
Leucadia National Corp,JEF,549300HOF34RGOJ5YL07,96223,2013.0,Q2,2013-04-01,2013-06-30,2014-08-07 09:13:36+00:00,0.14,0.14,,45977000.0,0.14,23235000.0,277134000.0,230798000.0,,58536000.0,60574000.0,-2038000.0,57521000.0,,-230798000.0,,1929504000.0,,34863000.0,,,406386000.0,2150216000.0,125443000.0,,1015000.0,,,409378000.0,,230798000.0,,2605571000.0,2885315000.0,48946000.0,2654517000.0,146848000.0,410900000.0,410900000.0,410900000.0
Leucadia National Corp,JEF,549300HOF34RGOJ5YL07,96223,2013.0,Q2YTD,2013-01-01,2013-06-30,,1.24,1.24,0.06,73475000.0,1.22,73002000.0,277134000.0,252117000.0,,358825000.0,364730000.0,-5905000.0,362624000.0,-5153000.0,-252117000.0,,3948208000.0,,34863000.0,,,594801000.0,4035530000.0,215937000.0,-30808000.0,1354000.0,,,449745000.0,,252117000.0,,4527942000.0,5182928000.0,402869000.0,4930811000.0,146848000.0,410900000.0,410900000.0,410900000.0
Leucadia National Corp,JEF,549300HOF34RGOJ5YL07,96223,2013.0,Q2TTM,2012-07-01,2013-06-30,,3.53,3.53,0.31,119653000.0,3.5,829088000.0,277134000.0,294510000.0,,923999000.0,968445000.0,-44446000.0,923464000.0,-819000.0,-294510000.0,,7886407000.0,,34863000.0,,,1299239000.0,7842743000.0,846582000.0,-105921000.0,1354000.0,,1903000.0,540652000.0,,294510000.0,,8397127000.0,10456210000.0,1762670000.0,10161700000.0,146848000.0,410900000.0,410900000.0,410900000.0
Leucadia National Corp,JEF,549300HOF34RGOJ5YL07,96223,2013.0,Q1TTM,2012-04-01,2013-03-31,,2.58,2.58,0.31,109593000.0,2.55,718345000.0,,85055000.0,,677695000.0,721215000.0,-43520000.0,668692000.0,8664000.0,-85055000.0,,7873045000.0,,,,,534496000.0,7645896000.0,909395000.0,-119457000.0,339000.0,,1903000.0,154386000.0,,85055000.0,,7790418000.0,9316936000.0,1439560000.0,9231881000.0,,275735000.0,275735000.0,275735000.0
Leucadia National Corp,JEF,549300HOF34RGOJ5YL07,96223,2013.0,Q1,2013-01-01,2013-03-31,2014-05-09 08:33:00+00:00,1.1,1.1,0.0625,27498000.0,1.08,49767000.0,,21319000.0,,300289000.0,304156000.0,-3867000.0,305103000.0,-5153000.0,-21319000.0,,2018704000.0,,,,,188415000.0,1885314000.0,90494000.0,-30808000.0,339000.0,,,40367000.0,,21319000.0,,1922371000.0,2297613000.0,353923000.0,2276294000.0,,275735000.0,275735000.0,275735000.0
Leucadia National Corp,JEF,549300HOF34RGOJ5YL07,96223,2014.0,FY,2014-01-01,2014-12-31,2017-02-27 06:40:41+00:00,0.54,0.54,0.25,185993000.0,0.54,165971000.0,1526637000.0,848422000.0,,199025000.0,215251000.0,-16226000.0,204306000.0,-9343000.0,-848422000.0,,7854640000.0,,,,,1714364000.0,9216123000.0,570465000.0,-138527000.0,4062000.0,,,1841674000.0,,848422000.0,,11105263000.0,12334907000.0,381222000.0,11486485000.0,668801000.0,371889000.0,371889000.0,371889000.0
Leucadia National Corp,JEF,549300HOF34RGOJ5YL07,96223,2014.0,Q4,2014-10-01,2014-12-31,,-0.02,-0.02,0.19,53399000.0,-0.02,6040000.0,315976000.0,384128000.0,,-265403000.0,-252475000.0,-12928000.0,-255903000.0,-10515000.0,-384128000.0,,1961313000.0,,-35345000.0,,,291435000.0,2412435000.0,135334000.0,-89574000.0,1015000.0,,,335035000.0,,384128000.0,,2711295000.0,2884333000.0,-211090000.0,2500205000.0,180275000.0,371889000.0,371889000.0,371889000.0
Leucadia National Corp,JEF,549300HOF34RGOJ5YL07,96223,2014.0,Q3YTD,2014-01-01,2014-09-30,,0.56,0.56,0.06,132594000.0,0.56,159931000.0,1210661000.0,464294000.0,,464428000.0,467726000.0,-3298000.0,460209000.0,1172000.0,-464294000.0,,5893327000.0,,35345000.0,,,1422929000.0,6803688000.0,435131000.0,-48953000.0,3047000.0,,,1506639000.0,,464294000.0,,8393968000.0,9450574000.0,592312000.0,8986280000.0,488526000.0,373347000.0,373347000.0,373347000.0
Leucadia National Corp,JEF,549300HOF34RGOJ5YL07,96223,2014.0,Q3TTM,2013-10-01,2014-09-30,,0.38,0.38,0.25,179495000.0,0.39,196652000.0,1622143000.0,591215000.0,,453413000.0,482126000.0,-28713000.0,463854000.0,-14504000.0,-591215000.0,,7749673000.0,,482000.0,,,1945586000.0,9134018000.0,564672000.0,-113297000.0,4063000.0,,,2087885000.0,,591215000.0,,11288101000.0,12557612000.0,678296000.0,11966397000.0,675538000.0,373347000.0,373347000.0,373347000.0
Leucadia National Corp,JEF,549300HOF34RGOJ5YL07,96223,2014.0,Q3,2014-07-01,2014-09-30,2015-11-05 09:27:54+00:00,0.14,0.14,,46464000.0,0.14,59906000.0,465192000.0,210021000.0,,60262000.0,58253000.0,2009000.0,54679000.0,4567000.0,-210021000.0,,1986906000.0,,,,,417469000.0,2351302000.0,185012000.0,-28917000.0,1016000.0,,,516635000.0,,210021000.0,,2885484000.0,3213664000.0,118159000.0,3003643000.0,159085000.0,373347000.0,373347000.0,373347000.0
Leucadia National Corp,JEF,549300HOF34RGOJ5YL07,96223,2014.0,Q2YTD,2014-01-01,2014-06-30,,0.42,0.42,0.06,86130000.0,0.42,100025000.0,745469000.0,254273000.0,,404166000.0,409473000.0,-5307000.0,405530000.0,-3395000.0,-254273000.0,,3906421000.0,,35345000.0,,,1005460000.0,4452386000.0,250119000.0,-20036000.0,2031000.0,,,990004000.0,,254273000.0,,5508484000.0,6236910000.0,474153000.0,5982637000.0,329441000.0,1830700000.0,1830700000.0,1830700000.0
Leucadia National Corp,JEF,549300HOF34RGOJ5YL07,96223,2014.0,Q2TTM,2013-07-01,2014-06-30,,0.25,0.25,0.25,180080000.0,0.26,163504000.0,1466290000.0,575417000.0,,407534000.0,453847000.0,-46313000.0,412146000.0,-8686000.0,-575417000.0,,7688502000.0,,482000.0,,,1723334000.0,8895979000.0,519674000.0,-108269000.0,4074000.0,,,1892913000.0,,575417000.0,,10860703000.0,12052989000.0,616869000.0,11477572000.0,655189000.0,1830700000.0,1830700000.0,1830700000.0
Leucadia National Corp,JEF,549300HOF34RGOJ5YL07,96223,2014.0,Q2,2014-04-01,2014-06-30,2015-08-05 08:58:10+00:00,0.17,0.17,,44643000.0,0.17,47729000.0,331149000.0,274923000.0,,66450000.0,70190000.0,-3740000.0,65074000.0,361000.0,-274923000.0,,2015886000.0,,,,,466133000.0,2271439000.0,117196000.0,-35345000.0,1015000.0,,,424163000.0,,274923000.0,,2704900000.0,3097742000.0,117919000.0,2822819000.0,167378000.0,371979000.0,371979000.0,371979000.0
Leucadia National Corp,JEF,549300HOF34RGOJ5YL07,96223,2014.0,Q1TTM,2013-04-01,2014-03-31,,0.22,0.22,0.25,181414000.0,0.23,142964000.0,1412275000.0,777071000.0,,153841000.0,205794000.0,-51953000.0,158453000.0,-8686000.0,-777071000.0,,7602733000.0,,,,,1662974000.0,8763373000.0,527830000.0,-108269000.0,4074000.0,,,1878124000.0,,777071000.0,,10714642000.0,11840471000.0,348758000.0,11063400000.0,634659000.0,368487000.0,368487000.0,368487000.0
Leucadia National Corp,JEF,549300HOF34RGOJ5YL07,96223,2014.0,Q1,2014-01-01,2014-03-31,2015-05-08 08:33:37+00:00,0.25,0.25,0.0625,41487000.0,0.25,56250000.0,414320000.0,225129000.0,,91937000.0,100846000.0,-8909000.0,94316000.0,-3395000.0,-225129000.0,,1891148000.0,,,,,538714000.0,2169564000.0,132832000.0,-20036000.0,1016000.0,,,565837000.0,,225129000.0,,2756852000.0,3139077000.0,157096000.0,2913948000.0,162063000.0,368487000.0,368487000.0,368487000.0
Leucadia National Corp,JEF,549300HOF34RGOJ5YL07,96223,2015.0,FY,2015-01-01,2015-12-31,2018-02-26 18:28:55+00:00,0.74,0.74,0.25,224133000.0,0.74,109947000.0,1417807000.0,913273000.0,,252111000.0,246589000.0,5522000.0,279587000.0,-31539000.0,-913273000.0,,7459826000.0,,,,,1598064000.0,8634801000.0,549228000.0,-110281000.0,4063000.0,,,1665465000.0,,913273000.0,,10414118000.0,11683927000.0,356536000.0,10770654000.0,659002000.0,372430000.0,372430000.0,372430000.0
Leucadia National Corp,JEF,549300HOF34RGOJ5YL07,96223,2015.0,Q4,2015-10-01,2015-12-31,,0.17,0.17,0.19,57987000.0,0.18,-12458000.0,372930000.0,275182000.0,,57402000.0,53609000.0,3793000.0,70166000.0,-13780000.0,-275182000.0,,1725573000.0,,,,,324954000.0,1965889000.0,116515000.0,-15780000.0,1016000.0,,,361831000.0,,275182000.0,,2369927000.0,2686260000.0,41151000.0,2411078000.0,146288000.0,372430000.0,372430000.0,372430000.0
Leucadia National Corp,JEF,549300HOF34RGOJ5YL07,96223,2015.0,Q3,2015-07-01,2015-09-30,2016-11-02 16:34:15+00:00,-0.47,-0.47,,58466000.0,-0.47,-90273000.0,389820000.0,230593000.0,,-180183000.0,-181912000.0,1729000.0,-173173000.0,-8026000.0,-230593000.0,,1863276000.0,,,,,-14677000.0,2197897000.0,155320000.0,-24243000.0,1016000.0,,,375495000.0,,230593000.0,,2607615000.0,2566023000.0,-272185000.0,2335430000.0,172284000.0,372547000.0,372547000.0,372547000.0
Leucadia National Corp,JEF,549300HOF34RGOJ5YL07,96223,2015.0,Q3YTD,2015-01-01,2015-09-30,,0.57,0.57,0.06,166146000.0,0.56,122405000.0,1044877000.0,638091000.0,,194709000.0,192980000.0,1729000.0,209421000.0,-17759000.0,-638091000.0,,5734253000.0,,,,,1273110000.0,6668912000.0,432713000.0,-94501000.0,3047000.0,,,1303634000.0,,638091000.0,,8044191000.0,8997667000.0,315385000.0,8359576000.0,512714000.0,372547000.0,372547000.0,372547000.0
Leucadia National Corp,JEF,549300HOF34RGOJ5YL07,96223,2015.0,Q3TTM,2014-10-01,2015-09-30,,0.55,0.55,0.25,219545000.0,0.54,128445000.0,1360853000.0,1022219000.0,,-70694000.0,-59495000.0,-11199000.0,-46482000.0,-28274000.0,-1022219000.0,,7695566000.0,,-35345000.0,,,1564545000.0,9081347000.0,568047000.0,-184075000.0,4062000.0,,,1638669000.0,,1022219000.0,,10755486000.0,11882000000.0,104295000.0,10859781000.0,692989000.0,372547000.0,372547000.0,372547000.0
Leucadia National Corp,JEF,549300HOF34RGOJ5YL07,96223,2015.0,Q2,2015-04-01,2015-06-30,2016-08-03 16:43:44+00:00,0.04,0.04,,55240000.0,0.04,,404062000.0,215660000.0,,463000.0,463000.0,,1835000.0,-2387000.0,-215660000.0,,2003577000.0,,,,,320953000.0,2296280000.0,153023000.0,-29807000.0,1015000.0,,,517287000.0,,215660000.0,,2839000000.0,3055123000.0,463000.0,2839463000.0,173508000.0,45900000.0,45900000.0,45900000.0
Leucadia National Corp,JEF,549300HOF34RGOJ5YL07,96223,2015.0,Q2YTD,2015-01-01,2015-06-30,,1.04,1.04,0.06,107680000.0,1.03,212678000.0,655057000.0,407498000.0,,374892000.0,374892000.0,,382594000.0,-9733000.0,-407498000.0,,3870977000.0,,,,,1287787000.0,4471015000.0,277393000.0,-70258000.0,2031000.0,,,928139000.0,,407498000.0,,5436576000.0,6431644000.0,587570000.0,6024146000.0,340430000.0,45900000.0,45900000.0,45900000.0
Leucadia National Corp,JEF,549300HOF34RGOJ5YL07,96223,2015.0,Q2TTM,2014-07-01,2015-06-30,,1.16,1.16,0.25,207543000.0,1.15,278624000.0,1436225000.0,1001647000.0,,169751000.0,180670000.0,-10919000.0,181370000.0,-15681000.0,-1001647000.0,,7819196000.0,,-35345000.0,,,1996691000.0,9234752000.0,597739000.0,-188749000.0,4062000.0,,,1779809000.0,,1001647000.0,,11033355000.0,12529641000.0,494639000.0,11527994000.0,679790000.0,45900000.0,45900000.0,45900000.0
Leucadia National Corp,JEF,549300HOF34RGOJ5YL07,96223,2015.0,Q1,2015-01-01,2015-03-31,2016-05-04 16:53:39+00:00,1.0,1.0,0.0625,52440000.0,0.99,212678000.0,250995000.0,191838000.0,,374429000.0,374429000.0,,380759000.0,-7346000.0,-191838000.0,,1867400000.0,,,,,966834000.0,2174735000.0,124370000.0,-40451000.0,1016000.0,,,410852000.0,,191838000.0,,2597576000.0,3376521000.0,587107000.0,3184683000.0,166922000.0,373541000.0,373541000.0,373541000.0
Leucadia National Corp,JEF,549300HOF34RGOJ5YL07,96223,2015.0,Q1TTM,2014-04-01,2015-03-31,,1.29,1.29,0.25,196946000.0,1.28,322399000.0,1363312000.0,815131000.0,,481517000.0,488834000.0,-7317000.0,490749000.0,-13294000.0,-815131000.0,,7830892000.0,,,,,2142484000.0,9221294000.0,562003000.0,-158942000.0,4062000.0,,,1686689000.0,,815131000.0,,10945987000.0,12572351000.0,811233000.0,11757220000.0,673660000.0,373541000.0,373541000.0,373541000.0
Leucadia National Corp,JEF,549300HOF34RGOJ5YL07,96223,2016.0,FY,2016-01-01,2016-12-31,2019-01-28 20:16:00+00:00,0.34,0.34,0.25,117111000.0,0.34,25773000.0,1193973000.0,95757000.0,,2823563000.0,2590877000.0,232686000.0,2819500000.0,,-881894000.0,,534784000.0,,,812637000.0,26500000.0,412826000.0,-1301371000.0,168765000.0,-154598000.0,4063000.0,1537663000.0,,1688325000.0,,908394000.0,26500000.0,349467000.0,3848011000.0,2616650000.0,2966117000.0,,8292600000.0,8292600000.0,8292600000.0
Leucadia National Corp,JEF,549300HOF34RGOJ5YL07,96223,2016.0,Q4,2016-10-01,2016-12-31,,0.38,0.38,0.06,-35959000.0,0.38,-33419000.0,415067000.0,-587884000.0,,2795347000.0,2562661000.0,232686000.0,2830733000.0,-36402000.0,-198253000.0,,-4649010000.0,,,812637000.0,26500000.0,-736361000.0,-7151819000.0,-197658000.0,-46153000.0,1016000.0,1537663000.0,,422112000.0,,224753000.0,26500000.0,-6811819000.0,-4084324000.0,2529242000.0,-4282577000.0,-454025000.0,8292600000.0,8292600000.0,8292600000.0
Leucadia National Corp,JEF,549300HOF34RGOJ5YL07,96223,2016.0,Q3,2016-07-01,2016-09-30,2017-11-01 16:23:44+00:00,0.41,0.41,0.0625,52691000.0,0.41,73703000.0,294930000.0,230456000.0,,176206000.0,176206000.0,,154358000.0,20832000.0,-230456000.0,,1746901000.0,,,,,525714000.0,1968442000.0,164121000.0,-36503000.0,1016000.0,,,418715000.0,,230456000.0,,2403345000.0,2883710000.0,249909000.0,2653254000.0,152044000.0,370404000.0,370404000.0,370404000.0
Leucadia National Corp,JEF,549300HOF34RGOJ5YL07,96223,2016.0,Q3YTD,2016-01-01,2016-09-30,,-0.04,-0.04,0.19,153070000.0,-0.04,59192000.0,778906000.0,683641000.0,,28216000.0,28216000.0,,-11233000.0,36402000.0,-683641000.0,,5183794000.0,,,,,1149187000.0,5850448000.0,366423000.0,-108445000.0,3047000.0,,,1266213000.0,,683641000.0,,7161286000.0,7932335000.0,87408000.0,7248694000.0,454025000.0,370404000.0,370404000.0,370404000.0
Leucadia National Corp,JEF,549300HOF34RGOJ5YL07,96223,2016.0,Q3TTM,2015-10-01,2016-09-30,,0.13,0.13,0.38,211057000.0,0.14,46734000.0,1151836000.0,843019000.0,,85618000.0,81825000.0,3793000.0,58933000.0,22622000.0,-843019000.0,,6909367000.0,,,,,1474141000.0,7932141000.0,482938000.0,-124225000.0,4063000.0,,,1628044000.0,,843019000.0,,9647017000.0,10618595000.0,128559000.0,9775576000.0,600313000.0,370404000.0,370404000.0,370404000.0
Leucadia National Corp,JEF,549300HOF34RGOJ5YL07,96223,2016.0,Q2,2016-04-01,2016-06-30,2017-08-02 16:27:09+00:00,0.15,0.15,0.0625,50769000.0,0.15,68850000.0,253046000.0,238664000.0,,70612000.0,70612000.0,,57289000.0,12308000.0,-238664000.0,,1804794000.0,,,,,493940000.0,2006220000.0,143379000.0,-51890000.0,1015000.0,,,458091000.0,,238664000.0,,2463190000.0,2841316000.0,139462000.0,2602652000.0,146157000.0,372556000.0,372556000.0,372556000.0
Leucadia National Corp,JEF,549300HOF34RGOJ5YL07,96223,2016.0,Q2YTD,2016-01-01,2016-06-30,,-0.45,-0.45,0.13,100379000.0,-0.45,-14511000.0,483976000.0,453185000.0,,-147990000.0,-147990000.0,,-165591000.0,15570000.0,-453185000.0,,3436893000.0,,,,,623473000.0,3882006000.0,202302000.0,-71942000.0,2031000.0,,,847498000.0,,453185000.0,,4757941000.0,5048625000.0,-162501000.0,4595440000.0,301981000.0,372556000.0,372556000.0,372556000.0
Leucadia National Corp,JEF,549300HOF34RGOJ5YL07,96223,2016.0,Q2TTM,2015-07-01,2016-06-30,,-0.75,-0.75,0.31,216832000.0,-0.74,-117242000.0,1246726000.0,843156000.0,,-270771000.0,-276293000.0,5522000.0,-268598000.0,-6236000.0,-843156000.0,,7025742000.0,,,,,933750000.0,8161596000.0,474137000.0,-111965000.0,4063000.0,,,1584824000.0,,843156000.0,,9851287000.0,10300908000.0,-393535000.0,9457752000.0,620553000.0,372556000.0,372556000.0,372556000.0
Leucadia National Corp,JEF,549300HOF34RGOJ5YL07,96223,2016.0,Q1,2016-01-01,2016-03-31,2017-05-03 16:21:27+00:00,-0.6,-0.6,0.0625,49610000.0,-0.6,-83361000.0,230930000.0,214521000.0,,-218602000.0,-218602000.0,,-222880000.0,3262000.0,-214521000.0,,1632099000.0,,,,,129533000.0,1875786000.0,58923000.0,-20052000.0,1016000.0,,,389407000.0,,214521000.0,,2294751000.0,2207309000.0,-301963000.0,1992788000.0,155824000.0,372367000.0,372367000.0,372367000.0
Leucadia National Corp,JEF,549300HOF34RGOJ5YL07,96223,2016.0,Q1TTM,2015-04-01,2016-03-31,,-0.86,-0.86,0.25,221303000.0,-0.85,-186092000.0,1397742000.0,820152000.0,,-340920000.0,-346442000.0,5522000.0,-324052000.0,-20931000.0,-820152000.0,,7224525000.0,,,,,760763000.0,8451656000.0,483781000.0,-89882000.0,4063000.0,,,1644020000.0,,820152000.0,,10227097000.0,10514715000.0,-532534000.0,9694563000.0,647904000.0,372367000.0,372367000.0,372367000.0
Leucadia National Corp,JEF,549300HOF34RGOJ5YL07,96223,2017.0,FY,2017-01-01,2017-12-31,2020-01-29 06:45:23+00:00,0.45,0.45,0.325,110395000.0,0.45,642286000.0,1764285000.0,101202000.0,,727235000.0,438604000.0,288631000.0,722860000.0,,-1023063000.0,,923418000.0,,,971461000.0,49600000.0,750985000.0,1233510000.0,424788000.0,74901000.0,4375000.0,1610218000.0,,1950935000.0,,1072663000.0,49600000.0,3369741000.0,5473694000.0,1080890000.0,4450631000.0,,1606400000.0,1606400000.0,1606400000.0
Leucadia National Corp,JEF,549300HOF34RGOJ5YL07,96223,2017.0,Q4,2017-10-01,2017-12-31,,-0.74,-0.74,0.1,5867000.0,-0.73,511927000.0,1356264000.0,-189761000.0,,252962000.0,18321000.0,234641000.0,278143000.0,-26353000.0,-732100000.0,,-635605000.0,,-4509000.0,971461000.0,49600000.0,110952000.0,-276591000.0,-866193000.0,-39569000.0,1172000.0,1610218000.0,,473250000.0,,781700000.0,49600000.0,162957000.0,1429814000.0,534757000.0,697714000.0,-145822000.0,1606400000.0,1606400000.0,1606400000.0
Leucadia National Corp,JEF,549300HOF34RGOJ5YL07,96223,2017.0,Q3,2017-07-01,2017-09-30,2018-11-01 16:25:50+00:00,0.27,0.27,0.1,28760000.0,0.27,,,25612000.0,,106288000.0,106288000.0,,105116000.0,,-25612000.0,,,0.0,4509000.0,,,,313889000.0,963511000.0,,1172000.0,,,493471000.0,,25612000.0,,836120000.0,963511000.0,101779000.0,937899000.0,,389300000.0,389300000.0,389300000.0
Leucadia National Corp,JEF,549300HOF34RGOJ5YL07,96223,2017.0,Q3YTD,2017-01-01,2017-09-30,,1.19,1.19,0.23,104528000.0,1.18,130359000.0,408021000.0,290963000.0,,474273000.0,420283000.0,53990000.0,444717000.0,26353000.0,-290963000.0,,1559023000.0,,4509000.0,,,640033000.0,1510101000.0,1290981000.0,114470000.0,3203000.0,,,1477685000.0,,290963000.0,,3206784000.0,4043880000.0,546133000.0,3752917000.0,145822000.0,389300000.0,389300000.0,389300000.0
Leucadia National Corp,JEF,549300HOF34RGOJ5YL07,96223,2017.0,Q3TTM,2016-10-01,2017-09-30,,1.57,1.57,0.29,68569000.0,1.56,96940000.0,823088000.0,-296921000.0,,3269620000.0,2982944000.0,286676000.0,3275450000.0,-10049000.0,-489216000.0,,-3089987000.0,,4509000.0,812637000.0,26500000.0,-96328000.0,-5641718000.0,1093323000.0,68317000.0,4219000.0,1537663000.0,,1899797000.0,,515716000.0,26500000.0,-3605035000.0,-40444000.0,3075375000.0,-529660000.0,-308203000.0,389300000.0,389300000.0,389300000.0
Leucadia National Corp,JEF,549300HOF34RGOJ5YL07,96223,2017.0,Q2,2017-04-01,2017-06-30,2018-08-01 16:41:07+00:00,0.16,0.16,0.0625,26258000.0,0.16,26185000.0,,25580000.0,,74062000.0,20072000.0,53990000.0,58193000.0,14854000.0,-25580000.0,,,0.0,,,,,-564878000.0,,-14104000.0,1015000.0,,,480887000.0,,25580000.0,,-71837000.0,,46257000.0,-25580000.0,,369212000.0,369212000.0,369212000.0
Leucadia National Corp,JEF,549300HOF34RGOJ5YL07,96223,2017.0,Q2YTD,2017-01-01,2017-06-30,,0.92,0.92,0.13,75768000.0,0.91,130359000.0,408021000.0,265351000.0,,367985000.0,313995000.0,53990000.0,339601000.0,26353000.0,-265351000.0,,1559023000.0,,,,,640033000.0,1196212000.0,327470000.0,114470000.0,2031000.0,,,984214000.0,,265351000.0,,2370664000.0,3080369000.0,444354000.0,2815018000.0,145822000.0,369212000.0,369212000.0,369212000.0
Leucadia National Corp,JEF,549300HOF34RGOJ5YL07,96223,2017.0,Q2TTM,2016-07-01,2017-06-30,,1.71,1.71,0.25,92500000.0,1.7,170643000.0,1118018000.0,-92077000.0,,3339538000.0,3052862000.0,286676000.0,3324692000.0,10783000.0,-694060000.0,,-1343086000.0,,,812637000.0,26500000.0,429386000.0,-3987165000.0,293933000.0,31814000.0,4063000.0,1537663000.0,,1825041000.0,,720560000.0,26500000.0,-2037810000.0,1879755000.0,3223505000.0,1185695000.0,-156159000.0,369212000.0,369212000.0,369212000.0
Leucadia National Corp,JEF,549300HOF34RGOJ5YL07,96223,2017.0,Q1,2017-01-01,2017-03-31,2018-05-02 16:17:39+00:00,0.76,0.76,0.0625,49510000.0,0.75,104174000.0,408021000.0,239771000.0,,293923000.0,293923000.0,,281408000.0,11499000.0,-239771000.0,,1559023000.0,,,,,640033000.0,1761090000.0,327470000.0,128574000.0,1016000.0,,,503327000.0,,239771000.0,,2442501000.0,3080369000.0,398097000.0,2840598000.0,145822000.0,359634000.0,359634000.0,359634000.0
Leucadia National Corp,JEF,549300HOF34RGOJ5YL07,96223,2017.0,Q1TTM,2016-04-01,2017-03-31,,1.7,1.7,0.25,117011000.0,1.69,213308000.0,1371064000.0,121007000.0,,3336088000.0,3103402000.0,232686000.0,3323788000.0,8237000.0,-907144000.0,,461708000.0,,,812637000.0,26500000.0,923326000.0,-1416067000.0,437312000.0,-5972000.0,4063000.0,1537663000.0,,1802245000.0,,933644000.0,26500000.0,497217000.0,4721071000.0,3316710000.0,3813927000.0,-10002000.0,359634000.0,359634000.0,359634000.0
Leucadia National Corp,JEF,549300HOF34RGOJ5YL07,96223,2018.0,Q3,2018-07-01,2018-09-30,2019-10-08 16:38:11+00:00,0.56,0.56,,32295000.0,0.55,90391000.0,,336968000.0,,182301000.0,182301000.0,0.0,181025000.0,,-336968000.0,,336736000.0,0.0,18867000.0,,,383416000.0,374624000.0,,,1276000.0,622621000.0,,461265000.0,116204000.0,336968000.0,,868184000.0,1458977000.0,253825000.0,1122009000.0,,323300000.0,323300000.0,329100000.0
Leucadia National Corp,JEF,549300HOF34RGOJ5YL07,96223,2018.0,Q3YTD,2018-01-01,2018-09-30,,2.95,2.95,0.2,92360000.0,2.92,51560000.0,,932530000.0,,2463783000.0,1045878000.0,773984000.0,2460164000.0,,-932530000.0,,939272000.0,643921000.0,84320000.0,,,740505000.0,396467000.0,,,3619000.0,1868515000.0,,1429439000.0,315622000.0,932530000.0,,1918266000.0,3863914000.0,1013118000.0,2931384000.0,,323300000.0,323300000.0,329100000.0
Leucadia National Corp,JEF,549300HOF34RGOJ5YL07,96223,2018.0,Q3TTM,2017-10-01,2018-09-30,,2.21,2.21,0.3,98227000.0,2.19,563487000.0,1356264000.0,742769000.0,,2716745000.0,1064199000.0,1008625000.0,2738307000.0,-26353000.0,-1664630000.0,,303667000.0,643921000.0,79811000.0,971461000.0,49600000.0,851457000.0,119876000.0,-866193000.0,-39569000.0,4791000.0,3478733000.0,,1902689000.0,315622000.0,1714230000.0,49600000.0,2081223000.0,5293728000.0,1547875000.0,3629098000.0,-145822000.0,323300000.0,323300000.0,329100000.0
Leucadia National Corp,JEF,549300HOF34RGOJ5YL07,96223,2018.0,Q2,2018-04-01,2018-06-30,2019-07-09 16:50:23+00:00,2.05,2.05,0.1,31905000.0,2.03,9598000.0,,308388000.0,,1441423000.0,76475000.0,721027000.0,1440252000.0,,-308388000.0,,327314000.0,643921000.0,33353000.0,,,204756000.0,372298000.0,,,1171000.0,658001000.0,,478515000.0,53755000.0,308388000.0,,882718000.0,1243826000.0,52720000.0,935438000.0,,702600000.0,702600000.0,709500000.0
Leucadia National Corp,JEF,549300HOF34RGOJ5YL07,96223,2018.0,Q2YTD,2018-01-01,2018-06-30,,2.39,2.39,0.2,60065000.0,2.37,-38831000.0,,595562000.0,,2281482000.0,863577000.0,773984000.0,2279139000.0,,-595562000.0,,602536000.0,643921000.0,65453000.0,,,357089000.0,21843000.0,,,2343000.0,1245894000.0,,968174000.0,199418000.0,595562000.0,,1050082000.0,2404937000.0,759293000.0,1809375000.0,,702600000.0,702600000.0,709500000.0
Leucadia National Corp,JEF,549300HOF34RGOJ5YL07,96223,2018.0,Q2TTM,2017-07-01,2018-06-30,,1.92,1.92,0.4,94692000.0,1.91,473096000.0,1356264000.0,431413000.0,,2640732000.0,988186000.0,1008625000.0,2662398000.0,-26353000.0,-1353274000.0,,-33069000.0,643921000.0,65453000.0,971461000.0,49600000.0,468041000.0,59141000.0,97318000.0,-39569000.0,4687000.0,2856112000.0,,1934895000.0,199418000.0,1402874000.0,49600000.0,2049159000.0,4798262000.0,1395829000.0,3444988000.0,-145822000.0,702600000.0,702600000.0,709500000.0
Leucadia National Corp,JEF,549300HOF34RGOJ5YL07,96223,2018.0,Q1,2018-01-01,2018-03-31,2019-04-09 16:21:56+00:00,0.34,0.34,0.1,28160000.0,0.34,-48429000.0,,287174000.0,,840059000.0,787102000.0,52957000.0,838887000.0,,-287174000.0,,275222000.0,,32100000.0,,,152333000.0,-350455000.0,,,1172000.0,587893000.0,,489659000.0,145663000.0,287174000.0,,167364000.0,1161111000.0,706573000.0,873937000.0,,2467300000.0,2467300000.0,2467300000.0
Leucadia National Corp,JEF,549300HOF34RGOJ5YL07,96223,2018.0,Q1TTM,2017-04-01,2018-03-31,,0.03,0.03,0.36,89045000.0,0.04,489683000.0,1356264000.0,148605000.0,,1273371000.0,931783000.0,341588000.0,1280339000.0,-11499000.0,-1070466000.0,,-360383000.0,,32100000.0,971461000.0,49600000.0,263285000.0,-878035000.0,97318000.0,-53673000.0,4531000.0,2198111000.0,,1937267000.0,145663000.0,1120066000.0,49600000.0,1094604000.0,3554436000.0,1389366000.0,2483970000.0,-145822000.0,2467300000.0,2467300000.0,2467300000.0
Leucadia National Corp,JEF,549300HOF34RGOJ5YL07,96223,2019.0,Q4,2019-09-01,2019-11-30,,0.6,0.6,0.38,42271000.0,0.6,38673000.0,1526992000.0,-1124303000.0,,861869000.0,861869000.0,,860593000.0,,-341377000.0,,-683978000.0,,-121766000.0,1465680000.0,,392881000.0,437292000.0,667993000.0,-202995000.0,1276000.0,659673000.0,,457857000.0,-465451000.0,341377000.0,,734425000.0,2098110000.0,1022308000.0,1756733000.0,,529500000.0,529500000.0,536500000.0
Leucadia National Corp,JEF,549300HOF34RGOJ5YL07,96223,2019.0,FY,2018-12-01,2019-11-30,2020-01-29 06:45:23+00:00,3.07,3.07,0.5,152871000.0,3.03,-483955000.0,1526992000.0,87177000.0,,1630556000.0,1630556000.0,0.0,1625453000.0,,-1552857000.0,,559300000.0,,,1465680000.0,,992652000.0,1552424000.0,667993000.0,-202995000.0,5103000.0,2279712000.0,,1824891000.0,,1552857000.0,,3327191000.0,6026649000.0,1146601000.0,4473792000.0,,529500000.0,529500000.0,536500000.0
Leucadia National Corp,JEF,549300HOF34RGOJ5YL07,96223,2019.0,Q3,2019-06-01,2019-08-31,2019-10-08 16:38:11+00:00,0.16,0.16,,39880000.0,0.15,-36131000.0,,390041000.0,,49394000.0,49394000.0,0.0,48119000.0,,-390041000.0,,410467000.0,0.0,72283000.0,,,251813000.0,405373000.0,,,1275000.0,581796000.0,,446882000.0,-20920000.0,390041000.0,,892135000.0,1223156000.0,-59020000.0,833115000.0,,300700000.0,300700000.0,320800000.0
Leucadia National Corp,JEF,549300HOF34RGOJ5YL07,96223,2019.0,Q2,2019-03-01,2019-05-31,2020-07-09 16:27:43+00:00,2.17,2.17,,36786000.0,2.14,-488797000.0,,431852000.0,,672276000.0,672276000.0,,671000000.0,,-431852000.0,,445967000.0,,22170000.0,,,226518000.0,369864000.0,,,1276000.0,597697000.0,,510560000.0,240189000.0,431852000.0,,917210000.0,1510371000.0,161309000.0,1078519000.0,,309200000.0,309200000.0,313600000.0
Leucadia National Corp,JEF,549300HOF34RGOJ5YL07,96223,2019.0,Q1,2018-12-01,2019-02-28,2020-04-08 16:29:12+00:00,0.14,0.14,0.125,33934000.0,0.14,2300000.0,,389587000.0,,47017000.0,47017000.0,,45741000.0,,-389587000.0,,386844000.0,,27313000.0,,,121440000.0,339895000.0,,,1276000.0,440546000.0,,409592000.0,246182000.0,389587000.0,,783421000.0,1195012000.0,22004000.0,805425000.0,,315175000.0,315175000.0,315175000.0
Leucadia National Corp,JEF,549300HOF34RGOJ5YL07,96223,2020.0,Q2YTD,2019-12-01,2020-05-31,,0.53,0.53,0.15,79836000.0,0.53,77762000.0,,578592000.0,,155539000.0,155539000.0,,152713000.0,,-578592000.0,,563098000.0,,-74576000.0,,,306600000.0,834830000.0,,,2826000.0,1401895000.0,,1268660000.0,798202000.0,578592000.0,,2183326000.0,3069795000.0,307877000.0,2491203000.0,,263400000.0,263400000.0,263400000.0
Leucadia National Corp,JEF,549300HOF34RGOJ5YL07,96223,2020.0,Q2TTM,2019-06-01,2020-05-31,,1.29,1.29,0.53,161987000.0,1.28,80304000.0,1526992000.0,-155670000.0,,1066802000.0,1066802000.0,,1061425000.0,,-1310010000.0,,289587000.0,,-124059000.0,1465680000.0,,951294000.0,1677495000.0,667993000.0,-202995000.0,5377000.0,2643364000.0,,2173399000.0,311831000.0,1310010000.0,,3809886000.0,6391061000.0,1271165000.0,5081051000.0,,263400000.0,263400000.0,263400000.0
Leucadia National Corp,JEF,549300HOF34RGOJ5YL07,96223,2020.0,Q2,2020-03-01,2020-05-31,2020-07-09 16:27:43+00:00,0.16,0.16,,40366000.0,0.16,31962000.0,,251102000.0,,43545000.0,43545000.0,,42141000.0,,-251102000.0,,236732000.0,,-6721000.0,,,116998000.0,405368000.0,,,1404000.0,630463000.0,,598467000.0,393338000.0,251102000.0,,1044201000.0,1377531000.0,82228000.0,1126429000.0,,263400000.0,263400000.0,263400000.0
Leucadia National Corp,JEF,549300HOF34RGOJ5YL07,96223,2020.0,Q1TTM,2019-03-01,2020-02-29,,3.3,3.3,0.53,158407000.0,3.26,-440455000.0,1526992000.0,25080000.0,,1695533000.0,1695533000.0,,1690284000.0,,-1490760000.0,,498822000.0,,-95168000.0,1465680000.0,,1060814000.0,1641991000.0,667993000.0,-202995000.0,5249000.0,2610598000.0,,2085492000.0,158682000.0,1490760000.0,,3682895000.0,6523901000.0,1350246000.0,5033141000.0,,302406000.0,302406000.0,302406000.0
Leucadia National Corp,JEF,549300HOF34RGOJ5YL07,96223,2020.0,Q1,2019-12-01,2020-02-29,2020-04-08 16:29:12+00:00,0.37,0.37,0.15,39470000.0,0.37,45800000.0,,327490000.0,,111994000.0,111994000.0,,110572000.0,,-327490000.0,,326366000.0,,-67855000.0,,,189602000.0,429462000.0,,,1422000.0,771432000.0,,670193000.0,404864000.0,327490000.0,,1139125000.0,1692264000.0,225649000.0,1364774000.0,,302406000.0,302406000.0,302406000.0
