company_name,company_ticker,company_lei,company_cik,year,quarter,start_date,end_date,filing_date,amortizationexpense,basicdilutedeps,basiceps,cashdividendspershare,dilutedeps,incometaxexpense,investmentbankingincome,marketingexpense,netincome,netincomecontinuing,netincometocommon,netincometononcontrollinginterest,netoccupancyequipmentexpense,netrealizedcapitalgains,nonoperatingincome,otheradjustmentstonetincometocommon,othernoninterestincome,otheroperatingexpenses,otherservicechargeincome,policyacquisitioncosts,salariesandemployeebenefitsexpense,totalnoninterestexpense,totalnoninterestincome,totalpretaxincome,totalrevenue,weightedavebasicdilutedsharesos,weightedavebasicsharesos,weightedavedilutedsharesos
Franklin Resources Inc,BEN,RIFQSET379FOGTEFKS80,38777,2007.0,FY,2006-10-01,2007-09-30,2009-11-24 15:26:03+00:00,158114000.0,7.11,7.11,0.6,7.03,692363000.0,3573845000.0,189382000.0,1772938000.0,1772938000.0,1772938000.0,,317938000.0,7804000.0,397754000.0,,,231523000.0,2624120000.0,2160631000.0,1080634000.0,4138222000.0,6205769000.0,2465301000.0,6205769000.0,249400000.0,249400000.0,252200000.0
Franklin Resources Inc,BEN,RIFQSET379FOGTEFKS80,38777,2008.0,FY,2007-10-01,2008-09-30,2010-11-16 15:18:35+00:00,178004000.0,6.68,6.68,0.8,6.62,648376000.0,3683390000.0,184309000.0,1599819000.0,1599819000.0,1588213000.0,11606000.0,320986000.0,,149193000.0,,,192315000.0,2348996000.0,1937113000.0,1120657000.0,3933384000.0,6032386000.0,2248195000.0,6032386000.0,237800000.0,237800000.0,239900000.0
Franklin Resources Inc,BEN,RIFQSET379FOGTEFKS80,38777,2008.0,Q3,2008-04-01,2008-06-30,2009-08-07 11:42:10+00:00,41935000.0,1.72,1.72,0.2,1.71,150580000.0,924722000.0,44804000.0,403312000.0,403312000.0,403312000.0,,78477000.0,2768000.0,30682000.0,,,55187000.0,594159000.0,492385000.0,285651000.0,998439000.0,1521649000.0,553892000.0,1521649000.0,234500000.0,234500000.0,235900000.0
Franklin Resources Inc,BEN,RIFQSET379FOGTEFKS80,38777,2009.0,Q4,2009-07-01,2009-09-30,,-103231000.0,1.59,1.59,0.21,1.58,136180000.0,800236000.0,1474104000.0,378442000.0,378442000.0,367356000.0,3573000.0,71999000.0,-6555000.0,129900000.0,7513000.0,,98298000.0,445246000.0,-933738000.0,246773000.0,854205000.0,1238927000.0,514622000.0,1238927000.0,230334000.0,230334000.0,230334000.0
Franklin Resources Inc,BEN,RIFQSET379FOGTEFKS80,38777,2009.0,FY,2008-10-01,2009-09-30,2011-11-15 14:11:34+00:00,,3.87,3.87,0.84,3.85,384314000.0,2578471000.0,1552919000.0,904291000.0,904291000.0,896778000.0,,274198000.0,,86011000.0,7513000.0,,205865000.0,1615616000.0,,958511000.0,2991493000.0,4194087000.0,1288605000.0,4194087000.0,231700000.0,231700000.0,232900000.0
Franklin Resources Inc,BEN,RIFQSET379FOGTEFKS80,38777,2009.0,Q3,2009-04-01,2009-06-30,2010-08-18 13:02:23+00:00,32865000.0,1.28,1.28,0.21,1.28,116204000.0,625025000.0,27888000.0,306848000.0,306848000.0,297716000.0,9132000.0,68203000.0,2908000.0,52363000.0,,,-7705000.0,445625000.0,350675000.0,230943000.0,702869000.0,1073558000.0,423052000.0,1073558000.0,232600000.0,232600000.0,232600000.0
Franklin Resources Inc,BEN,RIFQSET379FOGTEFKS80,38777,2009.0,Q3YTD,2008-10-01,2009-06-30,,103231000.0,2.28,2.28,0.63,2.27,248134000.0,1778235000.0,78815000.0,525849000.0,525849000.0,529422000.0,-3573000.0,202199000.0,6555000.0,-43889000.0,,,107567000.0,1170370000.0,933738000.0,711738000.0,2137288000.0,2955160000.0,773983000.0,2955160000.0,232600000.0,232600000.0,232600000.0
Franklin Resources Inc,BEN,RIFQSET379FOGTEFKS80,38777,2009.0,Q2,2009-01-01,2009-03-31,2010-05-06 13:41:34+00:00,33754000.0,0.48,0.48,0.21,0.47,67159000.0,552936000.0,26700000.0,109072000.0,109072000.0,110806000.0,-1734000.0,65398000.0,1761000.0,-35985000.0,,,43938000.0,357575000.0,293534000.0,236732000.0,700056000.0,912272000.0,176231000.0,912272000.0,230800000.0,230800000.0,235800000.0
Franklin Resources Inc,BEN,RIFQSET379FOGTEFKS80,38777,2009.0,Q2YTD,2008-10-01,2009-03-31,,70366000.0,1.0,1.0,0.42,0.99,131930000.0,1153210000.0,50927000.0,219001000.0,219001000.0,231706000.0,-12705000.0,133996000.0,3647000.0,-140755000.0,,,70769000.0,724745000.0,583063000.0,480795000.0,1389916000.0,1881602000.0,350931000.0,1881602000.0,230800000.0,230800000.0,235800000.0
Franklin Resources Inc,BEN,RIFQSET379FOGTEFKS80,38777,2010.0,FY,2009-10-01,2010-09-30,2012-11-14 18:49:55+00:00,,6.36,6.36,3.88,6.33,618300000.0,3574600000.0,2282900000.0,1451500000.0,1451500000.0,1445700000.0,,295600000.0,,111100000.0,,,234800000.0,2278400000.0,,1081000000.0,3894300000.0,5853000000.0,2069800000.0,5853000000.0,227300000.0,227300000.0,228400000.0
Franklin Resources Inc,BEN,RIFQSET379FOGTEFKS80,38777,2010.0,Q3,2010-04-01,2010-06-30,2011-08-02 08:42:25+00:00,,1.59,1.59,0.22,1.58,135113000.0,915866000.0,590876000.0,359683000.0,359683000.0,360495000.0,0.0,76018000.0,,-12098000.0,,,79950000.0,618205000.0,,280333000.0,1027177000.0,1534071000.0,494796000.0,1534071000.0,226700000.0,226700000.0,228200000.0
Franklin Resources Inc,BEN,RIFQSET379FOGTEFKS80,38777,2010.0,Q3YTD,2009-10-01,2010-06-30,,,4.7,4.7,3.66,4.67,441795000.0,2558607000.0,1683867000.0,1075642000.0,1075642000.0,1072783000.0,,214236000.0,,61690000.0,1946000.0,,165059000.0,1765988000.0,,805686000.0,2868848000.0,4324595000.0,1517437000.0,4324595000.0,226700000.0,226700000.0,228200000.0
Franklin Resources Inc,BEN,RIFQSET379FOGTEFKS80,38777,2010.0,Q3TTM,2009-07-01,2010-06-30,,-103231000.0,6.29,6.29,3.87,6.25,577975000.0,3358843000.0,3157971000.0,1454084000.0,1454084000.0,1440139000.0,3573000.0,286235000.0,-6555000.0,197661000.0,9459000.0,,269428000.0,2211234000.0,-933738000.0,1052459000.0,3729124000.0,5563522000.0,2032059000.0,5563522000.0,225626000.0,225626000.0,225626000.0
Franklin Resources Inc,BEN,RIFQSET379FOGTEFKS80,38777,2010.0,Q2,2010-01-01,2010-03-31,2011-05-03 14:39:04+00:00,,1.56,1.56,0.22,1.55,149946000.0,836077000.0,557398000.0,358410000.0,358410000.0,356685000.0,0.0,69608000.0,,41552000.0,,,48262000.0,577036000.0,,271041000.0,946309000.0,1413113000.0,508356000.0,1413113000.0,228600000.0,228600000.0,230100000.0
Franklin Resources Inc,BEN,RIFQSET379FOGTEFKS80,38777,2010.0,Q2YTD,2009-10-01,2010-03-31,,,3.11,3.11,3.44,3.09,306682000.0,1642741000.0,1092991000.0,715959000.0,715959000.0,712288000.0,,138218000.0,,73788000.0,1946000.0,,85109000.0,1147783000.0,,525353000.0,1841671000.0,2790524000.0,1022641000.0,2790524000.0,228600000.0,228600000.0,230100000.0
Franklin Resources Inc,BEN,RIFQSET379FOGTEFKS80,38777,2010.0,Q2TTM,2009-04-01,2010-03-31,,-70366000.0,5.98,5.98,3.86,5.95,559066000.0,3068002000.0,2594983000.0,1401249000.0,1401249000.0,1377360000.0,12705000.0,278420000.0,-3647000.0,321295000.0,9459000.0,,240946000.0,2038654000.0,-583063000.0,1003069000.0,3463989000.0,5103009000.0,1960315000.0,5103009000.0,227046000.0,227046000.0,227046000.0
Franklin Resources Inc,BEN,RIFQSET379FOGTEFKS80,38777,2010.0,Q1TTM,2009-01-01,2009-12-31,,-36612000.0,4.9,4.9,3.85,4.87,476279000.0,2784861000.0,2064285000.0,1151911000.0,1151911000.0,1131481000.0,10971000.0,274210000.0,-1886000.0,226983000.0,9459000.0,,219847000.0,1819193000.0,-289529000.0,968760000.0,3200961000.0,4602168000.0,1628190000.0,4602168000.0,227892000.0,227892000.0,227892000.0
Franklin Resources Inc,BEN,RIFQSET379FOGTEFKS80,38777,2011.0,Q4,2011-07-01,2011-09-30,,,0.62,0.62,0.08,0.62,203902000.0,1193241000.0,669401000.0,356918000.0,356918000.0,415996000.0,,85307000.0,,-127567000.0,-59078000.0,,84592000.0,643850000.0,,309404000.0,1148704000.0,1837091000.0,560820000.0,1837091000.0,665600000.0,665600000.0,670200000.0
Franklin Resources Inc,BEN,RIFQSET379FOGTEFKS80,38777,2011.0,FY,2010-10-01,2011-09-30,2013-11-12 15:38:49+00:00,,2.89,2.89,0.33,2.87,803400000.0,4531400000.0,2712800000.0,1820800000.0,1820800000.0,1923600000.0,,304100000.0,,-35600000.0,-102800000.0,,232100000.0,2608600000.0,,1231200000.0,4480200000.0,7140000000.0,2624200000.0,7140000000.0,665600000.0,665600000.0,670200000.0
Franklin Resources Inc,BEN,RIFQSET379FOGTEFKS80,38777,2011.0,Q3YTD,2010-10-01,2011-06-30,,,6.8,6.8,0.73,6.8,599498000.0,3338159000.0,2043399000.0,1463882000.0,1463882000.0,1507604000.0,,218793000.0,,91967000.0,-43722000.0,,147508000.0,1964750000.0,,921796000.0,3331496000.0,5302909000.0,2063380000.0,5302909000.0,221700000.0,221700000.0,222700000.0
Franklin Resources Inc,BEN,RIFQSET379FOGTEFKS80,38777,2011.0,Q3TTM,2010-07-01,2011-06-30,,,8.48,8.48,0.95,8.48,776003000.0,4354152000.0,2642432000.0,1839740000.0,1839740000.0,1880521000.0,,300157000.0,,141377000.0,-45668000.0,,217249000.0,2477162000.0,,1197110000.0,4356948000.0,6831314000.0,2615743000.0,6831314000.0,221700000.0,221700000.0,222700000.0
Franklin Resources Inc,BEN,RIFQSET379FOGTEFKS80,38777,2011.0,Q2YTD,2010-10-01,2011-03-31,,,4.51,4.51,0.47,4.51,390554000.0,2169239000.0,1324088000.0,985682000.0,985682000.0,1004257000.0,,145415000.0,,87520000.0,-18575000.0,,83453000.0,1280637000.0,,608204000.0,2161160000.0,3449876000.0,1376236000.0,3449876000.0,222600000.0,222600000.0,223600000.0
Franklin Resources Inc,BEN,RIFQSET379FOGTEFKS80,38777,2011.0,Q2TTM,2010-04-01,2011-03-31,,,7.81,7.81,0.92,7.81,702172000.0,4101098000.0,2513997000.0,1721223000.0,1721223000.0,1737669000.0,,302797000.0,,124832000.0,-20521000.0,,233144000.0,2411254000.0,,1163851000.0,4213789000.0,6512352000.0,2423395000.0,6512352000.0,222600000.0,222600000.0,223600000.0
Franklin Resources Inc,BEN,RIFQSET379FOGTEFKS80,38777,2011.0,Q1TTM,2010-01-01,2010-12-31,,,7.11,7.11,0.9,7.11,669114000.0,3834443000.0,2394460000.0,1584068000.0,1584068000.0,1591254000.0,,298225000.0,,117297000.0,-12986000.0,,228250000.0,2341459000.0,,1119082000.0,4040017000.0,6175902000.0,2253182000.0,6175902000.0,223700000.0,223700000.0,224700000.0
Franklin Resources Inc,BEN,RIFQSET379FOGTEFKS80,38777,2012.0,Q4,2012-07-01,2012-09-30,,,0.76,0.76,0.09,0.76,174400000.0,1142800000.0,701600000.0,504000000.0,504000000.0,492100000.0,5000000.0,88800000.0,,55700000.0,6900000.0,,85600000.0,673400000.0,,317500000.0,1193500000.0,1816200000.0,678400000.0,1816200000.0,646000000.0,646000000.0,648100000.0
Franklin Resources Inc,BEN,RIFQSET379FOGTEFKS80,38777,2012.0,FY,2011-10-01,2012-09-30,2014-11-12 13:53:24+00:00,,2.99,2.99,1.03,2.98,762700000.0,4458700000.0,2739700000.0,1915500000.0,1915500000.0,1931400000.0,5000000.0,312800000.0,,163000000.0,-20900000.0,,277800000.0,2642300000.0,,1255500000.0,4585800000.0,7101000000.0,2678200000.0,7101000000.0,646000000.0,646000000.0,648100000.0
Franklin Resources Inc,BEN,RIFQSET379FOGTEFKS80,38777,2012.0,Q3YTD,2011-10-01,2012-06-30,,,2.24,2.24,0.94,2.24,588300000.0,3315900000.0,2038100000.0,1411500000.0,1411500000.0,1439300000.0,,224000000.0,,107300000.0,-27800000.0,,192200000.0,1968900000.0,,938000000.0,3392300000.0,5284800000.0,1999800000.0,5284800000.0,641300000.0,641300000.0,641300000.0
Franklin Resources Inc,BEN,RIFQSET379FOGTEFKS80,38777,2012.0,Q3TTM,2011-07-01,2012-06-30,,,2.89,2.89,1.03,2.89,792202000.0,4509141000.0,2707501000.0,1768418000.0,1768418000.0,1855296000.0,,309307000.0,,-20267000.0,-86878000.0,,276792000.0,2612750000.0,,1247404000.0,4541004000.0,7121891000.0,2560620000.0,7121891000.0,641300000.0,641300000.0,641300000.0
Franklin Resources Inc,BEN,RIFQSET379FOGTEFKS80,38777,2012.0,Q2YTD,2011-10-01,2012-03-31,,,4.56,4.56,2.53,4.56,403400000.0,2201500000.0,1346100000.0,981500000.0,981500000.0,984000000.0,,148400000.0,,135400000.0,-2500000.0,,133800000.0,1299700000.0,,623400000.0,2251700000.0,3501200000.0,1384900000.0,3501200000.0,216000000.0,216000000.0,216900000.0
Franklin Resources Inc,BEN,RIFQSET379FOGTEFKS80,38777,2012.0,Q2TTM,2011-04-01,2012-03-31,,,8.81,8.81,3.05,8.81,816246000.0,4563661000.0,2734812000.0,1816618000.0,1816618000.0,1903343000.0,,307085000.0,,12280000.0,-86725000.0,,282447000.0,2627663000.0,,1246396000.0,4570740000.0,7191324000.0,2632864000.0,7191324000.0,216000000.0,216000000.0,216900000.0
Franklin Resources Inc,BEN,RIFQSET379FOGTEFKS80,38777,2012.0,Q1TTM,2011-01-01,2011-12-31,,,8.75,8.75,3.28,8.75,797150000.0,4539993000.0,2696247000.0,1824383000.0,1824383000.0,1903243000.0,,306065000.0,,-11433000.0,-78860000.0,,267103000.0,2601594000.0,,1239206000.0,4508621000.0,7141587000.0,2621533000.0,7141587000.0,217600000.0,217600000.0,218500000.0
Franklin Resources Inc,BEN,RIFQSET379FOGTEFKS80,38777,2013.0,Q4,2013-07-01,2013-09-30,,,0.8,0.8,0.1,0.8,213000000.0,1285700000.0,717600000.0,510500000.0,510500000.0,509000000.0,3600000.0,93300000.0,,-11600000.0,-2100000.0,,90000000.0,699100000.0,,348800000.0,1249700000.0,1984800000.0,723500000.0,1984800000.0,638000000.0,638000000.0,638000000.0
Franklin Resources Inc,BEN,RIFQSET379FOGTEFKS80,38777,2013.0,FY,2012-10-01,2013-09-30,2015-11-12 14:02:27+00:00,,3.37,3.37,1.39,3.37,855900000.0,5071400000.0,3042100000.0,2170700000.0,2170700000.0,2150200000.0,3600000.0,325300000.0,,105300000.0,16900000.0,,311800000.0,2913600000.0,,1384500000.0,5063700000.0,7985000000.0,3026600000.0,7985000000.0,638000000.0,638000000.0,638000000.0
Franklin Resources Inc,BEN,RIFQSET379FOGTEFKS80,38777,2013.0,Q3YTD,2012-10-01,2013-06-30,,,2.59,2.59,1.29,2.59,642900000.0,3785700000.0,2324500000.0,1660200000.0,1660200000.0,1641200000.0,,232000000.0,,116900000.0,19000000.0,,221800000.0,2214500000.0,,1035700000.0,3814000000.0,6000200000.0,2303100000.0,6000200000.0,634800000.0,634800000.0,642200000.0
Franklin Resources Inc,BEN,RIFQSET379FOGTEFKS80,38777,2013.0,Q3TTM,2012-07-01,2013-06-30,,,3.36,3.36,1.38,3.36,817300000.0,4928500000.0,3026100000.0,2164200000.0,2164200000.0,2133300000.0,5000000.0,320800000.0,,172600000.0,25900000.0,,307400000.0,2887900000.0,,1353200000.0,5007500000.0,7816400000.0,2981500000.0,7816400000.0,634800000.0,634800000.0,642200000.0
Franklin Resources Inc,BEN,RIFQSET379FOGTEFKS80,38777,2013.0,Q2YTD,2012-10-01,2013-03-31,,,1.71,1.71,1.19,1.71,433000000.0,2467400000.0,1511700000.0,1098100000.0,1098100000.0,1088900000.0,,153700000.0,,116600000.0,9200000.0,,145300000.0,1448000000.0,,690200000.0,2500900000.0,3915400000.0,1531100000.0,3915400000.0,636400000.0,636400000.0,636400000.0
Franklin Resources Inc,BEN,RIFQSET379FOGTEFKS80,38777,2013.0,Q2TTM,2012-04-01,2013-03-31,,,3.2,3.2,1.37,3.2,792300000.0,4724600000.0,2905300000.0,2032100000.0,2032100000.0,2036300000.0,5000000.0,318100000.0,,144200000.0,-9200000.0,,289300000.0,2790600000.0,,1322300000.0,4835000000.0,7515200000.0,2824400000.0,7515200000.0,636400000.0,636400000.0,636400000.0
Franklin Resources Inc,BEN,RIFQSET379FOGTEFKS80,38777,2013.0,Q1TTM,2012-01-01,2012-12-31,,,3.09,3.09,1.37,3.09,772800000.0,4583500000.0,2840000000.0,1926500000.0,1926500000.0,1966700000.0,5000000.0,316600000.0,,131400000.0,-45200000.0,,286200000.0,2717400000.0,,1290200000.0,4733000000.0,7300900000.0,2699300000.0,7300900000.0,637200000.0,637200000.0,637200000.0
Franklin Resources Inc,BEN,RIFQSET379FOGTEFKS80,38777,2014.0,FY,2013-10-01,2014-09-30,2016-11-14 14:54:30+00:00,,3.79,3.79,0.48,3.79,997900000.0,5565700000.0,3088200000.0,2411700000.0,2411700000.0,2384300000.0,20600000.0,354000000.0,,188400000.0,6800000.0,,360100000.0,2925700000.0,,1467900000.0,5270200000.0,8491400000.0,3409600000.0,8491400000.0,629100000.0,629100000.0,629100000.0
Franklin Resources Inc,BEN,RIFQSET379FOGTEFKS80,38777,2014.0,Q4,2014-07-01,2014-09-30,,,1.02,1.02,0.12,1.02,255000000.0,1430700000.0,755900000.0,630800000.0,630800000.0,640600000.0,-16600000.0,97500000.0,,50500000.0,6800000.0,,100900000.0,724800000.0,,365900000.0,1320200000.0,2155500000.0,885800000.0,2155500000.0,629100000.0,629100000.0,629100000.0
Franklin Resources Inc,BEN,RIFQSET379FOGTEFKS80,38777,2014.0,Q3YTD,2013-10-01,2014-06-30,,,2.77,2.77,0.34,2.77,742900000.0,4135000000.0,2332300000.0,1780900000.0,1780900000.0,1743700000.0,37200000.0,256500000.0,,137900000.0,,,259200000.0,2200900000.0,,1102000000.0,3950000000.0,6335900000.0,2523800000.0,6335900000.0,629200000.0,629200000.0,629200000.0
Franklin Resources Inc,BEN,RIFQSET379FOGTEFKS80,38777,2014.0,Q3TTM,2013-07-01,2014-06-30,,,3.58,3.58,0.44,3.58,955900000.0,5420700000.0,3049900000.0,2291400000.0,2291400000.0,2252700000.0,40800000.0,349800000.0,,126300000.0,-2100000.0,,349200000.0,2900000000.0,,1450800000.0,5199700000.0,8320700000.0,3247300000.0,8320700000.0,629200000.0,629200000.0,629200000.0
Franklin Resources Inc,BEN,RIFQSET379FOGTEFKS80,38777,2014.0,Q3,2014-04-01,2014-06-30,2015-07-29 08:34:06+00:00,,0.92,0.92,0.12,0.92,251400000.0,1393200000.0,789300000.0,632100000.0,632100000.0,578900000.0,53200000.0,88400000.0,,96700000.0,,,85300000.0,737300000.0,,380700000.0,1343700000.0,2130500000.0,883500000.0,2130500000.0,629200000.0,629200000.0,629200000.0
Franklin Resources Inc,BEN,RIFQSET379FOGTEFKS80,38777,2014.0,Q2YTD,2013-10-01,2014-03-31,,,1.85,1.85,0.22,1.85,491500000.0,2741800000.0,1543000000.0,1148800000.0,1148800000.0,1164800000.0,-16000000.0,168100000.0,,41200000.0,,,173900000.0,1463600000.0,,721300000.0,2606300000.0,4205400000.0,1640300000.0,4205400000.0,630300000.0,630300000.0,630300000.0
Franklin Resources Inc,BEN,RIFQSET379FOGTEFKS80,38777,2014.0,Q2TTM,2013-04-01,2014-03-31,,,3.53,3.53,0.42,3.53,914400000.0,5345800000.0,3073400000.0,2221400000.0,2221400000.0,2226100000.0,-12400000.0,339700000.0,,29900000.0,7700000.0,,340400000.0,2929200000.0,,1415600000.0,5169100000.0,8275000000.0,3135800000.0,8275000000.0,630300000.0,630300000.0,630300000.0
Franklin Resources Inc,BEN,RIFQSET379FOGTEFKS80,38777,2014.0,Q2,2014-01-01,2014-03-31,2015-04-29 08:37:03+00:00,,0.89,0.89,0.12,0.89,238800000.0,1368000000.0,766300000.0,552800000.0,552800000.0,561000000.0,-8200000.0,84800000.0,,5600000.0,,,86500000.0,727900000.0,,372300000.0,1309900000.0,2095900000.0,791600000.0,2095900000.0,630300000.0,630300000.0,630300000.0
Franklin Resources Inc,BEN,RIFQSET379FOGTEFKS80,38777,2014.0,Q1TTM,2013-01-01,2013-12-31,,,3.56,3.56,0.3,3.56,897200000.0,5245300000.0,3087900000.0,2262000000.0,2262000000.0,2237900000.0,-4200000.0,331600000.0,,109900000.0,28300000.0,,325500000.0,2947400000.0,,1398400000.0,5143400000.0,8192700000.0,3159200000.0,8192700000.0,629000000.0,629000000.0,629000000.0
Franklin Resources Inc,BEN,RIFQSET379FOGTEFKS80,38777,2014.0,Q1,2013-10-01,2013-12-31,2015-01-30 08:35:34+00:00,,0.96,0.96,0.12,0.96,252700000.0,1373800000.0,776700000.0,596000000.0,596000000.0,603800000.0,-7800000.0,83300000.0,,35600000.0,,,87400000.0,735700000.0,,349000000.0,1296400000.0,2109500000.0,848700000.0,2109500000.0,629000000.0,629000000.0,629000000.0
Franklin Resources Inc,BEN,RIFQSET379FOGTEFKS80,38777,2015.0,FY,2014-10-01,2015-09-30,2017-11-13 14:01:00+00:00,,3.29,3.29,1.1,3.29,923700000.0,5327800000.0,2762300000.0,2104700000.0,2104700000.0,2035300000.0,-6100000.0,357000000.0,,800000.0,75500000.0,,348500000.0,2620900000.0,,1453300000.0,4921100000.0,7948700000.0,3028400000.0,7948700000.0,618600000.0,618600000.0,618600000.0
Franklin Resources Inc,BEN,RIFQSET379FOGTEFKS80,38777,2015.0,Q4,2015-07-01,2015-09-30,,,0.58,0.58,0.15,0.58,214200000.0,1256900000.0,626300000.0,381500000.0,381500000.0,358200000.0,-52200000.0,100500000.0,,-122400000.0,75500000.0,,92100000.0,616900000.0,,336800000.0,1155700000.0,1873800000.0,595700000.0,1873800000.0,618600000.0,618600000.0,618600000.0
Franklin Resources Inc,BEN,RIFQSET379FOGTEFKS80,38777,2015.0,Q3,2015-04-01,2015-06-30,2016-07-28 08:34:43+00:00,,0.82,0.82,0.15,0.82,217400000.0,1340900000.0,694000000.0,534000000.0,534000000.0,504200000.0,29800000.0,89000000.0,,-18400000.0,,,84500000.0,659900000.0,,363500000.0,1231000000.0,2000800000.0,751400000.0,2000800000.0,614900000.0,614900000.0,614900000.0
Franklin Resources Inc,BEN,RIFQSET379FOGTEFKS80,38777,2015.0,Q3YTD,2014-10-01,2015-06-30,,,2.73,2.73,0.93,2.73,709500000.0,4070900000.0,2136000000.0,1723200000.0,1723200000.0,1677100000.0,46100000.0,256500000.0,,123200000.0,,,256400000.0,2004000000.0,,1116500000.0,3765400000.0,6074900000.0,2432700000.0,6074900000.0,614900000.0,614900000.0,614900000.0
Franklin Resources Inc,BEN,RIFQSET379FOGTEFKS80,38777,2015.0,Q3TTM,2014-07-01,2015-06-30,,,3.77,3.77,1.06,3.77,964500000.0,5501600000.0,2891900000.0,2354000000.0,2354000000.0,2317700000.0,29500000.0,354000000.0,,173700000.0,6800000.0,,357300000.0,2728800000.0,,1482400000.0,5085600000.0,8230400000.0,3318500000.0,8230400000.0,614900000.0,614900000.0,614900000.0
Franklin Resources Inc,BEN,RIFQSET379FOGTEFKS80,38777,2015.0,Q2,2015-01-01,2015-03-31,2016-04-27 08:35:02+00:00,,0.98,0.98,0.15,0.98,236000000.0,1347600000.0,710500000.0,622900000.0,622900000.0,606500000.0,16400000.0,82000000.0,,101200000.0,,,82100000.0,662200000.0,,377500000.0,1252100000.0,2009800000.0,858900000.0,2009800000.0,618900000.0,618900000.0,618900000.0
Franklin Resources Inc,BEN,RIFQSET379FOGTEFKS80,38777,2015.0,Q2YTD,2014-10-01,2015-03-31,,,1.9,1.9,0.78,1.9,492100000.0,2730000000.0,1442000000.0,1189200000.0,1189200000.0,1172900000.0,16300000.0,167500000.0,,141600000.0,,,171900000.0,1344100000.0,,753000000.0,2534400000.0,4074100000.0,1681300000.0,4074100000.0,618900000.0,618900000.0,618900000.0
Franklin Resources Inc,BEN,RIFQSET379FOGTEFKS80,38777,2015.0,Q2TTM,2014-04-01,2015-03-31,,,3.87,3.87,1.02,3.87,998500000.0,5553900000.0,2987200000.0,2452100000.0,2452100000.0,2392400000.0,52900000.0,353400000.0,,288800000.0,6800000.0,,358100000.0,2806200000.0,,1499600000.0,5198300000.0,8360100000.0,3450600000.0,8360100000.0,618900000.0,618900000.0,618900000.0
Franklin Resources Inc,BEN,RIFQSET379FOGTEFKS80,38777,2015.0,Q1,2014-10-01,2014-12-31,2016-02-03 08:36:44+00:00,,0.91,0.91,0.65,0.91,256100000.0,1382400000.0,731500000.0,566300000.0,566300000.0,566400000.0,-100000.0,85500000.0,,40400000.0,,,89800000.0,681900000.0,,375500000.0,1282300000.0,2064300000.0,822400000.0,2064300000.0,622400000.0,622400000.0,622400000.0
Franklin Resources Inc,BEN,RIFQSET379FOGTEFKS80,38777,2015.0,Q1TTM,2014-01-01,2014-12-31,,,3.77,3.77,0.49,3.77,1001300000.0,5574300000.0,3043000000.0,2382000000.0,2382000000.0,2346900000.0,28300000.0,356200000.0,,193200000.0,6800000.0,,362500000.0,2871900000.0,,1494400000.0,5256100000.0,8446200000.0,3383300000.0,8446200000.0,622400000.0,622400000.0,622400000.0
Franklin Resources Inc,BEN,RIFQSET379FOGTEFKS80,38777,2016.0,FY,2015-10-01,2016-09-30,2018-11-09 12:53:07+00:00,,2.94,2.94,0.72,2.94,742100000.0,4471700000.0,2209900000.0,1757700000.0,1757700000.0,1726700000.0,1600000.0,341400000.0,,134100000.0,29400000.0,,340100000.0,2146300000.0,,1360900000.0,4252300000.0,6618000000.0,2499800000.0,6618000000.0,587300000.0,587300000.0,587300000.0
Franklin Resources Inc,BEN,RIFQSET379FOGTEFKS80,38777,2016.0,Q4,2016-07-01,2016-09-30,,,0.82,0.82,0.18,0.82,163300000.0,1096300000.0,536200000.0,473000000.0,473000000.0,472100000.0,-28500000.0,93300000.0,,56900000.0,29400000.0,,85700000.0,515500000.0,,317200000.0,1032400000.0,1611800000.0,636300000.0,1611800000.0,587300000.0,587300000.0,587300000.0
Franklin Resources Inc,BEN,RIFQSET379FOGTEFKS80,38777,2016.0,Q3,2016-04-01,2016-06-30,2017-07-28 08:35:38+00:00,,0.77,0.77,0.18,0.77,187400000.0,1093500000.0,553400000.0,461500000.0,461500000.0,446400000.0,15100000.0,83600000.0,,53500000.0,,,75000000.0,540800000.0,,326900000.0,1038900000.0,1634300000.0,648900000.0,1634300000.0,579700000.0,579700000.0,579700000.0
Franklin Resources Inc,BEN,RIFQSET379FOGTEFKS80,38777,2016.0,Q3YTD,2015-10-01,2016-06-30,,,2.12,2.12,0.54,2.12,578800000.0,3375400000.0,1673700000.0,1284700000.0,1284700000.0,1254600000.0,30100000.0,248100000.0,,77200000.0,,,254400000.0,1630800000.0,,1043700000.0,3219900000.0,5006200000.0,1863500000.0,5006200000.0,579700000.0,579700000.0,579700000.0
Franklin Resources Inc,BEN,RIFQSET379FOGTEFKS80,38777,2016.0,Q3TTM,2015-07-01,2016-06-30,,,2.78,2.78,0.68,2.78,793000000.0,4632300000.0,2300000000.0,1666200000.0,1666200000.0,1612800000.0,-22100000.0,348600000.0,,-45200000.0,75500000.0,,346500000.0,2247700000.0,,1380500000.0,4375600000.0,6880000000.0,2459200000.0,6880000000.0,579700000.0,579700000.0,579700000.0
Franklin Resources Inc,BEN,RIFQSET379FOGTEFKS80,38777,2016.0,Q2,2016-01-01,2016-03-31,2017-04-28 08:33:54+00:00,,0.61,0.61,0.18,0.61,181700000.0,1095200000.0,531700000.0,360800000.0,360800000.0,360400000.0,400000.0,82600000.0,,5200000.0,,,88000000.0,518700000.0,,374300000.0,1076600000.0,1613900000.0,542500000.0,1613900000.0,590800000.0,590800000.0,590800000.0
Franklin Resources Inc,BEN,RIFQSET379FOGTEFKS80,38777,2016.0,Q2YTD,2015-10-01,2016-03-31,,,1.35,1.35,0.36,1.35,391400000.0,2281900000.0,1120300000.0,823200000.0,823200000.0,808200000.0,15000000.0,164500000.0,,23700000.0,,,179400000.0,1090000000.0,,716800000.0,2181000000.0,3371900000.0,1214600000.0,3371900000.0,590800000.0,590800000.0,590800000.0
Franklin Resources Inc,BEN,RIFQSET379FOGTEFKS80,38777,2016.0,Q2TTM,2015-04-01,2016-03-31,,,2.83,2.83,0.65,2.83,823000000.0,4879700000.0,2440600000.0,1738700000.0,1738700000.0,1670600000.0,-7400000.0,354000000.0,,-117100000.0,75500000.0,,356000000.0,2366800000.0,,1417100000.0,4567700000.0,7246500000.0,2561700000.0,7246500000.0,590800000.0,590800000.0,590800000.0
Franklin Resources Inc,BEN,RIFQSET379FOGTEFKS80,38777,2016.0,Q1,2015-10-01,2015-12-31,2017-01-27 08:35:23+00:00,,0.74,0.74,0.18,0.74,209700000.0,1186700000.0,588600000.0,462400000.0,462400000.0,447800000.0,14600000.0,81900000.0,,18500000.0,,,91400000.0,571300000.0,,342500000.0,1104400000.0,1758000000.0,672100000.0,1758000000.0,605100000.0,605100000.0,605100000.0
Franklin Resources Inc,BEN,RIFQSET379FOGTEFKS80,38777,2016.0,Q1TTM,2015-01-01,2015-12-31,,,3.17,3.17,1.13,3.17,877300000.0,5132100000.0,2619400000.0,2000800000.0,2000800000.0,1916700000.0,8600000.0,353400000.0,,-21100000.0,75500000.0,,350100000.0,2510300000.0,,1420300000.0,4743200000.0,7642400000.0,2878100000.0,7642400000.0,605100000.0,605100000.0,605100000.0
Franklin Resources Inc,BEN,RIFQSET379FOGTEFKS80,38777,2017.0,FY,2016-10-01,2017-09-30,2019-11-12 13:53:09+00:00,,3.01,3.01,0.8,3.01,759400000.0,,2130900000.0,1789700000.0,1789700000.0,1736700000.0,53000000.0,341100000.0,,284800000.0,,6392200000.0,322200000.0,,,1333700000.0,4127900000.0,6392200000.0,2549100000.0,6392200000.0,577000000.0,577000000.0,577000000.0
Franklin Resources Inc,BEN,RIFQSET379FOGTEFKS80,38777,2017.0,Q4,2017-07-01,2017-09-30,,,0.77,0.77,-0.6,0.77,181900000.0,-3249400000.0,534900000.0,476500000.0,476500000.0,465200000.0,11300000.0,93000000.0,,100700000.0,,6392200000.0,95200000.0,-1525900000.0,,336100000.0,1059200000.0,1616900000.0,658400000.0,1616900000.0,577000000.0,577000000.0,577000000.0
Franklin Resources Inc,BEN,RIFQSET379FOGTEFKS80,38777,2017.0,Q3,2017-04-01,2017-06-30,2018-07-27 08:39:19+00:00,,0.73,0.73,0.2,0.73,184100000.0,1097000000.0,541200000.0,459400000.0,459400000.0,410600000.0,48800000.0,84300000.0,,79300000.0,,,81500000.0,516900000.0,,342700000.0,1049700000.0,1613900000.0,643500000.0,1613900000.0,562500000.0,562500000.0,562500000.0
Franklin Resources Inc,BEN,RIFQSET379FOGTEFKS80,38777,2017.0,Q3YTD,2016-10-01,2017-06-30,,,2.24,2.24,0.6,2.24,577500000.0,3249400000.0,1596000000.0,1313200000.0,1313200000.0,1271500000.0,41700000.0,248100000.0,,184100000.0,,,227000000.0,1525900000.0,,997600000.0,3068700000.0,4775300000.0,1890700000.0,4775300000.0,562500000.0,562500000.0,562500000.0
Franklin Resources Inc,BEN,RIFQSET379FOGTEFKS80,38777,2017.0,Q3TTM,2016-07-01,2017-06-30,,,3.06,3.06,0.78,3.06,740800000.0,4345700000.0,2132200000.0,1786200000.0,1786200000.0,1743600000.0,13200000.0,341400000.0,,241000000.0,29400000.0,,312700000.0,2041400000.0,,1314800000.0,4101100000.0,6387100000.0,2527000000.0,6387100000.0,562500000.0,562500000.0,562500000.0
Franklin Resources Inc,BEN,RIFQSET379FOGTEFKS80,38777,2017.0,Q2,2017-01-01,2017-03-31,2018-04-26 08:35:21+00:00,,0.74,0.74,0.2,0.74,192500000.0,1089200000.0,534800000.0,435000000.0,435000000.0,420700000.0,14300000.0,83000000.0,,72000000.0,,,83900000.0,511400000.0,,343400000.0,1045100000.0,1600600000.0,627500000.0,1600600000.0,568500000.0,568500000.0,568500000.0
Franklin Resources Inc,BEN,RIFQSET379FOGTEFKS80,38777,2017.0,Q2YTD,2016-10-01,2017-03-31,,,1.51,1.51,0.4,1.51,393400000.0,2152400000.0,1054800000.0,853800000.0,853800000.0,860900000.0,-7100000.0,163800000.0,,104800000.0,,,145500000.0,1009000000.0,,654900000.0,2019000000.0,3161400000.0,1247200000.0,3161400000.0,568500000.0,568500000.0,568500000.0
Franklin Resources Inc,BEN,RIFQSET379FOGTEFKS80,38777,2017.0,Q2TTM,2016-04-01,2017-03-31,,,3.1,3.1,0.76,3.1,744100000.0,4342200000.0,2144400000.0,1788300000.0,1788300000.0,1779400000.0,-20500000.0,340700000.0,,215200000.0,29400000.0,,306200000.0,2065300000.0,,1299000000.0,4090300000.0,6407500000.0,2532400000.0,6407500000.0,568500000.0,568500000.0,568500000.0
Franklin Resources Inc,BEN,RIFQSET379FOGTEFKS80,38777,2017.0,Q1,2016-10-01,2016-12-31,2018-01-30 08:35:19+00:00,,0.77,0.77,0.2,0.77,200900000.0,1063200000.0,520000000.0,418800000.0,418800000.0,440200000.0,-21400000.0,80800000.0,,32800000.0,,,61600000.0,497600000.0,,311500000.0,973900000.0,1560800000.0,619700000.0,1560800000.0,571700000.0,571700000.0,571700000.0
Franklin Resources Inc,BEN,RIFQSET379FOGTEFKS80,38777,2017.0,Q1TTM,2016-01-01,2016-12-31,,,2.97,2.97,0.74,2.97,733300000.0,4348200000.0,2141300000.0,1714100000.0,1714100000.0,1719100000.0,-34400000.0,340300000.0,,148400000.0,29400000.0,,310300000.0,2072600000.0,,1329900000.0,4121800000.0,6420800000.0,2447400000.0,6420800000.0,571700000.0,571700000.0,571700000.0
Franklin Resources Inc,BEN,RIFQSET379FOGTEFKS80,38777,2018.0,FY,2017-10-01,2018-09-30,2019-11-12 13:53:09+00:00,,1.39,1.39,3.92,1.39,1472500000.0,,2039700000.0,742700000.0,742700000.0,755500000.0,-12800000.0,372500000.0,,96600000.0,,6319100000.0,397700000.0,,,1390600000.0,4200500000.0,6319100000.0,2215200000.0,6319100000.0,543500000.0,543500000.0,543500000.0
Franklin Resources Inc,BEN,RIFQSET379FOGTEFKS80,38777,2018.0,Q4,2018-07-01,2018-09-30,,,0.91,0.91,,0.92,7000000.0,-1113600000.0,489700000.0,476300000.0,476300000.0,493600000.0,-17300000.0,102900000.0,,4600000.0,,3142700000.0,110800000.0,-501900000.0,,345100000.0,1048500000.0,1527200000.0,483300000.0,1527200000.0,543500000.0,543500000.0,543500000.0
Franklin Resources Inc,BEN,RIFQSET379FOGTEFKS80,38777,2018.0,Q3,2018-04-01,2018-06-30,2019-07-30 08:36:22+00:00,,0.75,0.75,,0.75,91800000.0,,499800000.0,355400000.0,355400000.0,402000000.0,-46600000.0,93000000.0,,-55900000.0,,1558600000.0,105200000.0,,,357500000.0,1055500000.0,1558600000.0,447200000.0,1558600000.0,536000000.0,536000000.0,536000000.0
Franklin Resources Inc,BEN,RIFQSET379FOGTEFKS80,38777,2018.0,Q3YTD,2017-10-01,2018-06-30,,,0.48,0.48,,0.47,1465500000.0,1113600000.0,1550000000.0,266400000.0,266400000.0,261900000.0,4500000.0,269600000.0,,92000000.0,,3176400000.0,286900000.0,501900000.0,,1045500000.0,3152000000.0,4791900000.0,1731900000.0,4791900000.0,536000000.0,536000000.0,536000000.0
Franklin Resources Inc,BEN,RIFQSET379FOGTEFKS80,38777,2018.0,Q3TTM,2017-07-01,2018-06-30,,,1.25,1.25,-0.6,1.24,1647400000.0,-2135800000.0,2084900000.0,742900000.0,742900000.0,727100000.0,15800000.0,362600000.0,,192700000.0,,9568600000.0,382100000.0,-1024000000.0,,1381600000.0,4211200000.0,6408800000.0,2390300000.0,6408800000.0,536000000.0,536000000.0,536000000.0
Franklin Resources Inc,BEN,RIFQSET379FOGTEFKS80,38777,2018.0,Q2,2018-01-01,2018-03-31,2019-04-26 08:36:35+00:00,,0.79,0.79,,0.78,150200000.0,,521500000.0,482900000.0,482900000.0,443200000.0,39700000.0,92200000.0,,77400000.0,,1617800000.0,92900000.0,,,355500000.0,1062100000.0,1617800000.0,633100000.0,1617800000.0,561000000.0,561000000.0,568200000.0
Franklin Resources Inc,BEN,RIFQSET379FOGTEFKS80,38777,2018.0,Q2YTD,2017-10-01,2018-03-31,,,-0.27,-0.27,,-0.28,1373700000.0,1113600000.0,1050200000.0,-89000000.0,-89000000.0,-140100000.0,51100000.0,176600000.0,,147900000.0,,1617800000.0,181700000.0,501900000.0,,688000000.0,2096500000.0,3233300000.0,1284700000.0,3233300000.0,561000000.0,561000000.0,568200000.0
Franklin Resources Inc,BEN,RIFQSET379FOGTEFKS80,38777,2018.0,Q2TTM,2017-04-01,2018-03-31,,,1.23,1.23,-0.4,1.22,1739700000.0,-1038800000.0,2126300000.0,846900000.0,846900000.0,735700000.0,111200000.0,353900000.0,,327900000.0,,8010000000.0,358400000.0,-507100000.0,,1366800000.0,4205400000.0,6464100000.0,2586600000.0,6464100000.0,561000000.0,561000000.0,568200000.0
Franklin Resources Inc,BEN,RIFQSET379FOGTEFKS80,38777,2018.0,Q1,2017-10-01,2017-12-31,2019-01-30 08:35:29+00:00,,-1.06,-1.06,0.23,-1.06,1223500000.0,1113600000.0,528700000.0,-571900000.0,-571900000.0,-583300000.0,11400000.0,84400000.0,,70500000.0,,,88800000.0,501900000.0,,332500000.0,1034400000.0,1615500000.0,651600000.0,1615500000.0,550300000.0,550300000.0,550300000.0
Franklin Resources Inc,BEN,RIFQSET379FOGTEFKS80,38777,2018.0,Q1TTM,2017-01-01,2017-12-31,,,1.18,1.18,-0.2,1.18,1782000000.0,50400000.0,2139600000.0,799000000.0,799000000.0,713200000.0,85800000.0,344700000.0,,322500000.0,,6392200000.0,349400000.0,4300000.0,,1354700000.0,4188400000.0,6446900000.0,2581000000.0,6446900000.0,550300000.0,550300000.0,550300000.0
Franklin Resources Inc,BEN,RIFQSET379FOGTEFKS80,38777,2019.0,FY,2018-10-01,2019-09-30,2019-11-12 13:53:09+00:00,,2.35,2.35,1.04,2.35,442300000.0,,1819600000.0,1205500000.0,1205500000.0,1199300000.0,6200000.0,392100000.0,,90400000.0,,5774500000.0,420700000.0,,,1584700000.0,4217100000.0,5774500000.0,1647800000.0,5774500000.0,510300000.0,510300000.0,510300000.0
Franklin Resources Inc,BEN,RIFQSET379FOGTEFKS80,38777,2019.0,Q4,2019-07-01,2019-09-30,,,0.61,0.61,,0.61,86500000.0,,463300000.0,309300000.0,309300000.0,310000000.0,-700000.0,108600000.0,,4300000.0,,1482300000.0,106700000.0,-29800000.0,,382400000.0,1061000000.0,1452500000.0,395800000.0,1452500000.0,510300000.0,510300000.0,510300000.0
Franklin Resources Inc,BEN,RIFQSET379FOGTEFKS80,38777,2019.0,Q3,2019-04-01,2019-06-30,2019-07-30 08:36:22+00:00,,0.48,0.48,,0.48,158900000.0,,462400000.0,254600000.0,254600000.0,245900000.0,8700000.0,97900000.0,,38600000.0,,1476700000.0,103800000.0,,,437700000.0,1101800000.0,1476700000.0,413500000.0,1476700000.0,512300000.0,512300000.0,512300000.0
Franklin Resources Inc,BEN,RIFQSET379FOGTEFKS80,38777,2019.0,Q3YTD,2018-10-01,2019-06-30,,,1.74,1.74,,1.74,355800000.0,,1356300000.0,896200000.0,896200000.0,889300000.0,6900000.0,283500000.0,,86100000.0,,4292200000.0,314000000.0,29800000.0,,1202300000.0,3156100000.0,4322000000.0,1252000000.0,4322000000.0,512300000.0,512300000.0,512300000.0
Franklin Resources Inc,BEN,RIFQSET379FOGTEFKS80,38777,2019.0,Q3TTM,2018-07-01,2019-06-30,,,2.65,2.65,,2.66,362800000.0,-1113600000.0,1846000000.0,1372500000.0,1372500000.0,1382900000.0,-10400000.0,386400000.0,,90700000.0,,7434900000.0,424800000.0,-472100000.0,,1547400000.0,4204600000.0,5849200000.0,1735300000.0,5849200000.0,512300000.0,512300000.0,512300000.0
Franklin Resources Inc,BEN,RIFQSET379FOGTEFKS80,38777,2019.0,Q2,2019-01-01,2019-03-31,2020-04-30 08:37:20+00:00,,0.72,0.72,,0.72,110900000.0,,449400000.0,381600000.0,381600000.0,367500000.0,14100000.0,93500000.0,,113000000.0,,1433800000.0,101800000.0,,,409600000.0,1054300000.0,1433800000.0,492500000.0,1433800000.0,510400000.0,510400000.0,510400000.0
Franklin Resources Inc,BEN,RIFQSET379FOGTEFKS80,38777,2019.0,Q2YTD,2018-10-01,2019-03-31,,,1.26,1.26,,1.26,196900000.0,,893900000.0,641600000.0,641600000.0,643400000.0,-1800000.0,185600000.0,,47500000.0,,2815500000.0,210200000.0,29800000.0,,764600000.0,2054300000.0,2845300000.0,838500000.0,2845300000.0,510400000.0,510400000.0,510400000.0
Franklin Resources Inc,BEN,RIFQSET379FOGTEFKS80,38777,2019.0,Q2TTM,2018-04-01,2019-03-31,,,2.92,2.92,,2.93,295700000.0,-1113600000.0,1883400000.0,1473300000.0,1473300000.0,1539000000.0,-65700000.0,381500000.0,,-3800000.0,,7516800000.0,426200000.0,-472100000.0,,1467200000.0,4158300000.0,5931100000.0,1769000000.0,5931100000.0,510400000.0,510400000.0,510400000.0
Franklin Resources Inc,BEN,RIFQSET379FOGTEFKS80,38777,2019.0,Q1,2018-10-01,2018-12-31,2020-01-30 08:36:00+00:00,,0.54,0.54,0.26,0.54,86000000.0,,444500000.0,260000000.0,260000000.0,275900000.0,-15900000.0,92100000.0,,-65500000.0,,1381700000.0,108400000.0,29800000.0,,355000000.0,1000000000.0,1411500000.0,346000000.0,1411500000.0,510900000.0,510900000.0,510900000.0
Franklin Resources Inc,BEN,RIFQSET379FOGTEFKS80,38777,2019.0,Q1TTM,2018-01-01,2018-12-31,,,2.99,2.99,,2.99,335000000.0,-1113600000.0,1955500000.0,1574600000.0,1574600000.0,1614700000.0,-40100000.0,380200000.0,,-39400000.0,,7700800000.0,417300000.0,-472100000.0,,1413100000.0,4166100000.0,6115100000.0,1909600000.0,6115100000.0,510900000.0,510900000.0,510900000.0
Franklin Resources Inc,BEN,RIFQSET379FOGTEFKS80,38777,2020.0,Q2YTD,2019-10-01,2020-03-31,,,0.86,0.86,,0.86,141600000.0,,867800000.0,406900000.0,406900000.0,429600000.0,-22700000.0,193200000.0,,-200300000.0,,2719500000.0,186100000.0,31500000.0,,755100000.0,2002200000.0,2751000000.0,548500000.0,2751000000.0,494400000.0,494400000.0,494400000.0
Franklin Resources Inc,BEN,RIFQSET379FOGTEFKS80,38777,2020.0,Q2TTM,2019-04-01,2020-03-31,,,1.95,1.95,,1.95,387000000.0,,1793500000.0,970800000.0,970800000.0,985500000.0,-14700000.0,399700000.0,,-157400000.0,,5678500000.0,396600000.0,1700000.0,,1575200000.0,4165000000.0,5680200000.0,1357800000.0,5680200000.0,494400000.0,494400000.0,494400000.0
Franklin Resources Inc,BEN,RIFQSET379FOGTEFKS80,38777,2020.0,Q2,2020-01-01,2020-03-31,2020-04-30 08:37:20+00:00,,0.16,0.16,,0.16,44100000.0,,423900000.0,58800000.0,58800000.0,79100000.0,-20300000.0,96200000.0,,-253200000.0,,1338300000.0,96400000.0,,,365700000.0,982200000.0,1338300000.0,102900000.0,1338300000.0,494400000.0,494400000.0,494400000.0
Franklin Resources Inc,BEN,RIFQSET379FOGTEFKS80,38777,2020.0,Q1TTM,2019-01-01,2019-12-31,,,2.51,2.51,,2.51,453800000.0,,1819000000.0,1293600000.0,1293600000.0,1273900000.0,19700000.0,397000000.0,,208800000.0,,5774000000.0,402000000.0,1700000.0,,1619100000.0,4237100000.0,5775700000.0,1747400000.0,5775700000.0,500700000.0,500700000.0,500700000.0
Franklin Resources Inc,BEN,RIFQSET379FOGTEFKS80,38777,2020.0,Q1,2019-10-01,2019-12-31,2020-01-30 08:36:00+00:00,,0.7,0.7,0.27,0.7,97500000.0,,443900000.0,348100000.0,348100000.0,350500000.0,-2400000.0,97000000.0,,52900000.0,,1381200000.0,89700000.0,31500000.0,,389400000.0,1020000000.0,1412700000.0,445600000.0,1412700000.0,500700000.0,500700000.0,500700000.0
